{"id":"china-gen9nationaldex-11197771","p1":"AGisgood\u82cd\u54cd\u4fa0","p2":"xishuaideshuai","format":"[Gen 9] National Dex","log":"|j|\u2606AGisgood\u82cd\u54cd\u4fa0\n|j|\u2606xishuaideshuai\n|inactive|Battle timer is ON: inactive players will automatically lose when time's up.\n|t:|1700489407\n|gametype|singles\n|player|p1|AGisgood\u82cd\u54cd\u4fa0|cowgirl|\n|player|p2|xishuaideshuai|heroine2-conquest|\n|teamsize|p1|6\n|teamsize|p2|6\n|gen|9\n|tier|[Gen 9] National Dex\n|rated|Tournament battle\n|rule|HP Percentage Mod: HP is shown in percentages\n|rule|Endless Battle Clause: Forcing endless battles is banned\n|rule|OHKO Clause: OHKO moves are banned\n|rule|Evasion Clause: Evasion abilities, items, and moves are banned\n|rule|Evasion Abilities Clause: Evasion abilities are banned\n|rule|Evasion Items Clause: Evasion items are banned\n|rule|Evasion Moves Clause: Evasion moves are banned\n|rule|Species Clause: Limit one of each Pok\u00e9mon\n|rule|Sleep Clause Mod: Limit one foe put to sleep\n|clearpoke\n|poke|p1|Kyurem|\n|poke|p1|Corviknight, M|\n|poke|p1|Sableye, M|\n|poke|p1|Suicune|\n|poke|p1|Clodsire, F|\n|poke|p1|Garganacl, F|\n|poke|p2|Tapu Koko|\n|poke|p2|Iron Jugulis|\n|poke|p2|Pelipper, M|\n|poke|p2|Urshifu-*, F|\n|poke|p2|Swampert, M|\n|poke|p2|Ferrothorn, F|\n|teampreview\n|inactive|AGisgood\u82cd\u54cd\u4fa0 also wants the timer to be on.\n|j| Aya Hina\n|c|\u2606AGisgood\u82cd\u54cd\u4fa0|\u6211\u53bb\n|c|\u2606AGisgood\u82cd\u54cd\u4fa0|\u8fd9\u4e0d\u7535\u573a\u96e8\u5417\n|c| Aya Hina|\u5384\u5384\n|\n|t:|1700489427\n|start\n|switch|p1a: Sableye|Sableye, M|100\/100\n|switch|p2a: Tapu Koko|Tapu Koko|100\/100\n|-fieldstart|move: Electric Terrain|[from] ability: Electric Surge|[of] p2a: Tapu Koko\n|turn|1\n|\n|t:|1700489432\n|switch|p1a: Clodsire|Clodsire, F|100\/100\n|move|p2a: Tapu Koko|Volt Switch|p1a: Clodsire\n|-immune|p1a: Clodsire\n|\n|upkeep\n|turn|2\n|\n|t:|1700489436\n|switch|p1a: Sableye|Sableye, M|100\/100\n|move|p2a: Tapu Koko|U-turn|p1a: Sableye\n|-damage|p1a: Sableye|84\/100\n|\n|t:|1700489443\n|switch|p2a: Iron Jugulis|Iron Jugulis|100\/100|[from] U-turn\n|-activate|p2a: Iron Jugulis|ability: Quark Drive\n|-start|p2a: Iron Jugulis|quarkdrivespe\n|\n|upkeep\n|turn|3\n|\n|t:|1700489451\n|-end|p2a: Iron Jugulis|Quark Drive|[silent]\n|switch|p2a: Pelipper|Pelipper, M|100\/100\n|-weather|RainDance|[from] ability: Drizzle|[of] p2a: Pelipper\n|switch|p1a: Garganacl|Garganacl, F|100\/100\n|\n|-weather|RainDance|[upkeep]\n|upkeep\n|turn|4\n|\n|t:|1700489469\n|switch|p1a: Clodsire|Clodsire, F|100\/100\n|move|p2a: Pelipper|Scald|p1a: Clodsire\n|-supereffective|p1a: Clodsire\n|-damage|p1a: Clodsire|59\/100\n|\n|-weather|RainDance|[upkeep]\n|upkeep\n|turn|5\n|\n|t:|1700489472\n|move|p2a: Pelipper|U-turn|p1a: Clodsire\n|-resisted|p1a: Clodsire\n|-damage|p1a: Clodsire|54\/100\n|\n|t:|1700489475\n|switch|p2a: Iron Jugulis|Iron Jugulis|100\/100|[from] U-turn\n|-activate|p2a: Iron Jugulis|ability: Quark Drive\n|-start|p2a: Iron Jugulis|quarkdrivespe\n|move|p1a: Clodsire|Recover|p1a: Clodsire\n|-heal|p1a: Clodsire|100\/100\n|\n|-weather|RainDance|[upkeep]\n|upkeep\n|turn|6\n|\n|t:|1700489481\n|switch|p1a: Corviknight|Corviknight, M|100\/100\n|-ability|p1a: Corviknight|Pressure\n|move|p2a: Iron Jugulis|Hydro Pump|p1a: Corviknight\n|-damage|p1a: Corviknight|34\/100\n|-damage|p2a: Iron Jugulis|91\/100|[from] item: Life Orb\n|\n|-weather|RainDance|[upkeep]\n|-heal|p1a: Corviknight|40\/100|[from] item: Leftovers\n|upkeep\n|turn|7\n|\n|t:|1700489490\n|switch|p1a: Suicune|Suicune|100\/100\n|-ability|p1a: Suicune|Pressure\n|move|p2a: Iron Jugulis|Hurricane|p1a: Suicune\n|-damage|p1a: Suicune|57\/100\n|-damage|p2a: Iron Jugulis|81\/100|[from] item: Life Orb\n|\n|-weather|RainDance|[upkeep]\n|-heal|p1a: Suicune|63\/100|[from] item: Leftovers\n|upkeep\n|turn|8\n|\n|t:|1700489499\n|move|p2a: Iron Jugulis|Dark Pulse|p1a: Suicune\n|-damage|p1a: Suicune|31\/100\n|-damage|p2a: Iron Jugulis|71\/100|[from] item: Life Orb\n|move|p1a: Suicune|Calm Mind|p1a: Suicune\n|-boost|p1a: Suicune|spa|1\n|-boost|p1a: Suicune|spd|1\n|\n|-weather|RainDance|[upkeep]\n|-heal|p1a: Suicune|37\/100|[from] item: Leftovers\n|-fieldend|move: Electric Terrain\n|-end|p2a: Iron Jugulis|Quark Drive\n|upkeep\n|turn|9\n|\n|t:|1700489505\n|move|p2a: Iron Jugulis|Hurricane|p1a: Suicune\n|-damage|p1a: Suicune|8\/100\n|-damage|p2a: Iron Jugulis|62\/100|[from] item: Life Orb\n|move|p1a: Suicune|Rest|p1a: Suicune\n|-status|p1a: Suicune|slp|[from] move: Rest\n|-heal|p1a: Suicune|100\/100 slp|[silent]\n|\n|-weather|RainDance|[upkeep]\n|upkeep\n|turn|10\n|\n|t:|1700489515\n|-end|p2a: Iron Jugulis|Quark Drive|[silent]\n|switch|p2a: Urshifu|Urshifu-Rapid-Strike, F|100\/100\n|cant|p1a: Suicune|slp\n|move|p1a: Suicune|Sleep Talk|p1a: Suicune\n|move|p1a: Suicune|Scald|p2a: Urshifu|[from]move: Sleep Talk\n|-resisted|p2a: Urshifu\n|-damage|p2a: Urshifu|61\/100\n|\n|-weather|none\n|upkeep\n|turn|11\n|\n|t:|1700489517\n|move|p2a: Urshifu|Swords Dance|p2a: Urshifu\n|-boost|p2a: Urshifu|atk|2\n|cant|p1a: Suicune|slp\n|move|p1a: Suicune|Sleep Talk|p1a: Suicune\n|move|p1a: Suicune|Rest||[from]move: Sleep Talk|[still]\n|-fail|p1a: Suicune\n|\n|upkeep\n|turn|12\n|\n|t:|1700489525\n|move|p2a: Urshifu|Drain Punch|p1a: Suicune\n|-damage|p1a: Suicune|39\/100 slp\n|-heal|p2a: Urshifu|98\/100|[from] drain|[of] p1a: Suicune\n|-curestatus|p1a: Suicune|slp|[msg]\n|move|p1a: Suicune|Scald|p2a: Urshifu\n|-resisted|p2a: Urshifu\n|-crit|p2a: Urshifu\n|-damage|p2a: Urshifu|55\/100\n|-status|p2a: Urshifu|brn\n|\n|-heal|p1a: Suicune|46\/100|[from] item: Leftovers\n|-damage|p2a: Urshifu|49\/100 brn|[from] brn\n|upkeep\n|turn|13\n|\n|t:|1700489533\n|move|p2a: Urshifu|Swords Dance|p2a: Urshifu\n|-boost|p2a: Urshifu|atk|2\n|move|p1a: Suicune|Rest|p1a: Suicune\n|-status|p1a: Suicune|slp|[from] move: Rest\n|-heal|p1a: Suicune|100\/100 slp|[silent]\n|\n|-damage|p2a: Urshifu|42\/100 brn|[from] brn\n|upkeep\n|turn|14\n|\n|t:|1700489535\n|move|p2a: Urshifu|Drain Punch|p1a: Suicune\n|-damage|p1a: Suicune|55\/100 slp\n|-heal|p2a: Urshifu|69\/100 brn|[from] drain|[of] p1a: Suicune\n|cant|p1a: Suicune|slp\n|move|p1a: Suicune|Sleep Talk|p1a: Suicune\n|move|p1a: Suicune|Rest||[from]move: Sleep Talk|[still]\n|-fail|p1a: Suicune\n|\n|-heal|p1a: Suicune|61\/100 slp|[from] item: Leftovers\n|-damage|p2a: Urshifu|63\/100 brn|[from] brn\n|upkeep\n|turn|15\n|\n|t:|1700489543\n|move|p2a: Urshifu|Trailblaze|p1a: Suicune\n|-supereffective|p1a: Suicune\n|-damage|p1a: Suicune|28\/100 slp\n|-boost|p2a: Urshifu|spe|1\n|cant|p1a: Suicune|slp\n|move|p1a: Suicune|Sleep Talk|p1a: Suicune\n|move|p1a: Suicune|Calm Mind|p1a: Suicune|[from]move: Sleep Talk\n|-boost|p1a: Suicune|spa|1\n|-boost|p1a: Suicune|spd|1\n|\n|-heal|p1a: Suicune|34\/100 slp|[from] item: Leftovers\n|-damage|p2a: Urshifu|57\/100 brn|[from] brn\n|upkeep\n|turn|16\n|\n|t:|1700489550\n|move|p2a: Urshifu|Drain Punch|p1a: Suicune\n|-damage|p1a: Suicune|0 fnt\n|-heal|p2a: Urshifu|77\/100 brn|[from] drain|[of] p1a: Suicune\n|faint|p1a: Suicune\n|\n|-damage|p2a: Urshifu|71\/100 brn|[from] brn\n|upkeep\n|\n|t:|1700489558\n|switch|p1a: Garganacl|Garganacl, F|100\/100\n|turn|17\n|c|\u2606xishuaideshuai|\u5b9d\u5b9d\u597d\u70e7\n|\n|t:|1700489566\n|-terastallize|p1a: Garganacl|Ghost\n|move|p2a: Urshifu|Surging Strikes|p1a: Garganacl\n|-crit|p1a: Garganacl\n|-damage|p1a: Garganacl|79\/100\n|-crit|p1a: Garganacl\n|-damage|p1a: Garganacl|58\/100\n|-crit|p1a: Garganacl\n|-damage|p1a: Garganacl|34\/100\n|-hitcount|p1a: Garganacl|3\n|move|p1a: Garganacl|Salt Cure|p2a: Urshifu\n|-resisted|p2a: Urshifu\n|-damage|p2a: Urshifu|64\/100 brn\n|-start|p2a: Urshifu|Salt Cure\n|\n|-heal|p1a: Garganacl|41\/100|[from] item: Leftovers\n|-damage|p2a: Urshifu|58\/100 brn|[from] brn\n|-damage|p2a: Urshifu|33\/100 brn|[from] Salt Cure\n|upkeep\n|turn|18\n|\n|t:|1700489574\n|switch|p1a: Kyurem|Kyurem|100\/100\n|-ability|p1a: Kyurem|Pressure\n|move|p2a: Urshifu|Surging Strikes|p1a: Kyurem\n|-resisted|p1a: Kyurem\n|-crit|p1a: Kyurem\n|-damage|p1a: Kyurem|86\/100\n|-resisted|p1a: Kyurem\n|-crit|p1a: Kyurem\n|-damage|p1a: Kyurem|71\/100\n|-resisted|p1a: Kyurem\n|-crit|p1a: Kyurem\n|-damage|p1a: Kyurem|57\/100\n|-hitcount|p1a: Kyurem|3\n|\n|-damage|p2a: Urshifu|27\/100 brn|[from] brn\n|-damage|p2a: Urshifu|2\/100 brn|[from] Salt Cure\n|upkeep\n|turn|19\n|\n|t:|1700489579\n|switch|p1a: Garganacl|Garganacl, F, tera:Ghost|41\/100\n|move|p2a: Urshifu|Surging Strikes|p1a: Garganacl\n|-crit|p1a: Garganacl\n|-damage|p1a: Garganacl|18\/100\n|-crit|p1a: Garganacl\n|-damage|p1a: Garganacl|0 fnt\n|faint|p1a: Garganacl\n|-hitcount|p1: Garganacl|2\n|\n|-damage|p2a: Urshifu|0 fnt|[from] brn\n|faint|p2a: Urshifu\n|upkeep\n|l| Aya Hina\n|\n|t:|1700489585\n|switch|p2a: Pelipper|Pelipper, M|100\/100\n|switch|p1a: Sableye|Sableye, M|84\/100\n|-weather|RainDance|[from] ability: Drizzle|[of] p2a: Pelipper\n|turn|20\n|\n|t:|1700489591\n|detailschange|p1a: Sableye|Sableye-Mega, M\n|-mega|p1a: Sableye|Sableye|Sablenite\n|move|p2a: Pelipper|Scald|p1a: Sableye\n|-damage|p1a: Sableye|46\/100\n|-status|p1a: Sableye|brn\n|move|p1a: Sableye|Recover|p1a: Sableye\n|-heal|p1a: Sableye|96\/100 brn\n|\n|-weather|RainDance|[upkeep]\n|-damage|p1a: Sableye|90\/100 brn|[from] brn\n|upkeep\n|turn|21\n|\n|t:|1700489597\n|move|p2a: Pelipper|Scald|p1a: Sableye\n|-damage|p1a: Sableye|50\/100 brn\n|move|p1a: Sableye|Toxic|p2a: Pelipper\n|-status|p2a: Pelipper|tox\n|\n|-weather|RainDance|[upkeep]\n|-damage|p2a: Pelipper|94\/100 tox|[from] psn\n|-damage|p1a: Sableye|44\/100 brn|[from] brn\n|upkeep\n|turn|22\n|\n|t:|1700489601\n|switch|p2a: Iron Jugulis|Iron Jugulis|62\/100\n|move|p1a: Sableye|Recover|p1a: Sableye\n|-heal|p1a: Sableye|94\/100 brn\n|\n|-weather|RainDance|[upkeep]\n|-damage|p1a: Sableye|88\/100 brn|[from] brn\n|upkeep\n|turn|23\n|\n|t:|1700489610\n|switch|p1a: Clodsire|Clodsire, F|100\/100\n|-terastallize|p2a: Iron Jugulis|Flying\n|move|p2a: Iron Jugulis|Hurricane|p1a: Clodsire\n|-crit|p1a: Clodsire\n|-damage|p1a: Clodsire|18\/100\n|-damage|p2a: Iron Jugulis|52\/100|[from] item: Life Orb\n|\n|-weather|RainDance|[upkeep]\n|upkeep\n|turn|24\n|\n|t:|1700489618\n|switch|p1a: Sableye|Sableye-Mega, M|88\/100 brn\n|move|p2a: Iron Jugulis|Hurricane|p1a: Sableye\n|-damage|p1a: Sableye|0 fnt\n|faint|p1a: Sableye\n|-damage|p2a: Iron Jugulis|42\/100|[from] item: Life Orb\n|\n|-weather|RainDance|[upkeep]\n|upkeep\n|c|\u2606AGisgood\u82cd\u54cd\u4fa0|byd\n|-message|AGisgood\u82cd\u54cd\u4fa0 forfeited.\n|\n|win|xishuaideshuai\n|n|\u2606AGisgood\u82cd\u54cd\u4fa0|agisgood\n|n|\u2606xishuaideshuai|xishuaideshuai\n","uploadtime":1700489628,"views":3,"p1id":"agisgood","p2id":"xishuaideshuai","formatid":"gen9nationaldex","rating":0,"private":0,"password":""}