{"id":"china-gen9nationaldex-11237112","p1":"lovlive","p2":"take me h1gher","format":"[Gen 9] National Dex","log":"|j|\u2606lovlive\n|j|\u2606take me h1gher\n|inactive|Battle timer is ON: inactive players will automatically lose when time's up.\n|t:|1701007774\n|gametype|singles\n|player|p1|lovlive|169|\n|player|p2|take me h1gher|takemeh1gher.png|\n|teamsize|p1|6\n|teamsize|p2|6\n|gen|9\n|tier|[Gen 9] National Dex\n|rated|Tournament battle\n|rule|HP Percentage Mod: HP is shown in percentages\n|rule|Endless Battle Clause: Forcing endless battles is banned\n|rule|OHKO Clause: OHKO moves are banned\n|rule|Evasion Clause: Evasion abilities, items, and moves are banned\n|rule|Evasion Abilities Clause: Evasion abilities are banned\n|rule|Evasion Items Clause: Evasion items are banned\n|rule|Evasion Moves Clause: Evasion moves are banned\n|rule|Species Clause: Limit one of each Pok\u00e9mon\n|rule|Sleep Clause Mod: Limit one foe put to sleep\n|clearpoke\n|poke|p1|Alomomola, M|\n|poke|p1|Landorus-Therian, M|\n|poke|p1|Tyranitar, M|\n|poke|p1|Altaria, F|\n|poke|p1|Corsola-Galar, M|\n|poke|p1|Steelix, M|\n|poke|p2|Charizard, M|\n|poke|p2|Tyranitar, F|\n|poke|p2|Heatran, M|\n|poke|p2|Serperior, M|\n|poke|p2|Alomomola, M|\n|poke|p2|Iron Treads|\n|teampreview\n|c|\u2606lovlive|\u665a\u4e0a\u597d\n|\n|t:|1701007789\n|start\n|switch|p1a: Landorus|Landorus-Therian, M|100\/100\n|switch|p2a: Tyranitar|Tyranitar, F|100\/100\n|-ability|p1a: Landorus|Intimidate|boost\n|-unboost|p2a: Tyranitar|atk|1\n|-weather|Sandstorm|[from] ability: Sand Stream|[of] p2a: Tyranitar\n|turn|1\n|\n|t:|1701007794\n|switch|p2a: Alomomola|Alomomola, M|100\/100\n|move|p1a: Landorus|U-turn|p2a: Alomomola\n|-damage|p2a: Alomomola|82\/100\n|\n|t:|1701007801\n|switch|p1a: Alomomola|Alomomola, M|100\/100|[from] U-turn\n|\n|-weather|Sandstorm|[upkeep]\n|-damage|p1a: Alomomola|94\/100|[from] Sandstorm\n|-damage|p2a: Alomomola|76\/100|[from] Sandstorm\n|upkeep\n|turn|2\n|j| varicolored\n|\n|t:|1701007811\n|move|p1a: Alomomola|Toxic|p2a: Alomomola\n|-status|p2a: Alomomola|tox\n|move|p2a: Alomomola|Toxic|p1a: Alomomola\n|-status|p1a: Alomomola|tox\n|\n|-weather|Sandstorm|[upkeep]\n|-damage|p1a: Alomomola|88\/100 tox|[from] Sandstorm\n|-damage|p2a: Alomomola|69\/100 tox|[from] Sandstorm\n|-damage|p1a: Alomomola|82\/100 tox|[from] psn\n|-damage|p2a: Alomomola|63\/100 tox|[from] psn\n|upkeep\n|turn|3\n|\n|t:|1701007820\n|move|p1a: Alomomola|Wish|p1a: Alomomola\n|move|p2a: Alomomola|Flip Turn|p1a: Alomomola\n|-resisted|p1a: Alomomola\n|-damage|p1a: Alomomola|77\/100 tox\n|-damage|p2a: Alomomola|47\/100 tox|[from] item: Rocky Helmet|[of] p1a: Alomomola\n|l| varicolored\n|\n|t:|1701007827\n|switch|p2a: Serperior|Serperior, M|100\/100|[from] Flip Turn\n|\n|-weather|Sandstorm|[upkeep]\n|-damage|p2a: Serperior|94\/100|[from] Sandstorm\n|-damage|p1a: Alomomola|71\/100 tox|[from] Sandstorm\n|-heal|p2a: Serperior|100\/100|[from] item: Leftovers\n|-damage|p1a: Alomomola|59\/100 tox|[from] psn\n|upkeep\n|turn|4\n|j| kaao\n|\n|t:|1701007836\n|switch|p1a: Altaria|Altaria, F|100\/100\n|move|p2a: Serperior|Substitute|p2a: Serperior\n|-start|p2a: Serperior|Substitute\n|-damage|p2a: Serperior|76\/100\n|\n|-weather|Sandstorm|[upkeep]\n|-damage|p2a: Serperior|70\/100|[from] Sandstorm\n|-damage|p1a: Altaria|94\/100|[from] Sandstorm\n|-heal|p1a: Altaria|100\/100|[from] move: Wish|[wisher] Alomomola\n|-heal|p2a: Serperior|76\/100|[from] item: Leftovers\n|upkeep\n|turn|5\n|\n|t:|1701007859\n|move|p2a: Serperior|Glare|p1a: Altaria\n|-status|p1a: Altaria|par\n|move|p1a: Altaria|Perish Song|p1a: Altaria\n|-start|p1a: Altaria|perish3|[silent]\n|-start|p2a: Serperior|perish3|[silent]\n|-fieldactivate|move: Perish Song\n|\n|-weather|none\n|-heal|p2a: Serperior|82\/100|[from] item: Leftovers\n|-start|p2a: Serperior|perish3\n|-start|p1a: Altaria|perish3\n|upkeep\n|turn|6\n|\n|t:|1701007871\n|switch|p2a: Tyranitar|Tyranitar, F|100\/100\n|-weather|Sandstorm|[from] ability: Sand Stream|[of] p2a: Tyranitar\n|move|p1a: Altaria|Roost||[still]\n|-fail|p1a: Altaria|heal\n|\n|-weather|Sandstorm|[upkeep]\n|-damage|p1a: Altaria|94\/100 par|[from] Sandstorm\n|-start|p1a: Altaria|perish2\n|upkeep\n|turn|7\n|\n|t:|1701007876\n|-curestatus|p1a: Altaria|par|[from] ability: Natural Cure\n|switch|p1a: Steelix|Steelix, M|100\/100\n|move|p2a: Tyranitar|Knock Off|p1a: Steelix\n|-damage|p1a: Steelix|68\/100\n|\n|-weather|Sandstorm|[upkeep]\n|upkeep\n|turn|8\n|\n|t:|1701007886\n|switch|p2a: Charizard|Charizard, M|100\/100\n|detailschange|p1a: Steelix|Steelix-Mega, M\n|-mega|p1a: Steelix|Steelix|Steelixite\n|move|p1a: Steelix|Earthquake|p2a: Charizard\n|-immune|p2a: Charizard\n|\n|-weather|Sandstorm|[upkeep]\n|-damage|p2a: Charizard|94\/100|[from] Sandstorm\n|upkeep\n|turn|9\n|\n|t:|1701007900\n|switch|p1a: Alomomola|Alomomola, M|92\/100 tox\n|detailschange|p2a: Charizard|Charizard-Mega-Y, M\n|-mega|p2a: Charizard|Charizard|Charizardite Y\n|-weather|SunnyDay|[from] ability: Drought|[of] p2a: Charizard\n|move|p2a: Charizard|Weather Ball|p1a: Alomomola\n|-resisted|p1a: Alomomola\n|-damage|p1a: Alomomola|41\/100 tox\n|\n|-weather|SunnyDay|[upkeep]\n|-damage|p1a: Alomomola|35\/100 tox|[from] psn\n|upkeep\n|turn|10\n|\n|t:|1701007907\n|switch|p2a: Iron Treads|Iron Treads|100\/100\n|switch|p1a: Tyranitar|Tyranitar, M|100\/100\n|-weather|Sandstorm|[from] ability: Sand Stream|[of] p1a: Tyranitar\n|\n|-weather|Sandstorm|[upkeep]\n|upkeep\n|turn|11\n|\n|t:|1701007912\n|switch|p1a: Corsola|Corsola-Galar, M|100\/100\n|move|p2a: Iron Treads|Earthquake|p1a: Corsola\n|-damage|p1a: Corsola|82\/100\n|-start|p2a: Iron Treads|Disable|Earthquake|[from] ability: Cursed Body|[of] p1a: Corsola\n|\n|-weather|Sandstorm|[upkeep]\n|-damage|p1a: Corsola|76\/100|[from] Sandstorm\n|upkeep\n|turn|12\n|\n|t:|1701007921\n|move|p2a: Iron Treads|Volt Switch|p1a: Corsola\n|-damage|p1a: Corsola|68\/100\n|\n|t:|1701007929\n|-end|p2a: Iron Treads|Quark Drive|[silent]\n|switch|p2a: Alomomola|Alomomola, M|80\/100 tox|[from] Volt Switch\n|move|p1a: Corsola|Night Shade|p2a: Alomomola\n|-damage|p2a: Alomomola|61\/100 tox\n|\n|-weather|Sandstorm|[upkeep]\n|-damage|p2a: Alomomola|54\/100 tox|[from] Sandstorm\n|-damage|p1a: Corsola|62\/100|[from] Sandstorm\n|-damage|p2a: Alomomola|48\/100 tox|[from] psn\n|upkeep\n|turn|13\n|\n|t:|1701007935\n|move|p2a: Alomomola|Flip Turn|p1a: Corsola\n|-damage|p1a: Corsola|54\/100\n|\n|t:|1701007938\n|switch|p2a: Tyranitar|Tyranitar, F|100\/100|[from] Flip Turn\n|move|p1a: Corsola|Strength Sap|p2a: Tyranitar\n|-unboost|p2a: Tyranitar|atk|1\n|-heal|p1a: Corsola|100\/100\n|\n|-weather|Sandstorm|[upkeep]\n|-damage|p1a: Corsola|94\/100|[from] Sandstorm\n|upkeep\n|turn|14\n|\n|t:|1701007946\n|switch|p2a: Alomomola|Alomomola, M|82\/100 tox\n|-terastallize|p1a: Corsola|Poison\n|move|p1a: Corsola|Will-O-Wisp||[still]\n|-fail|p1a: Corsola\n|\n|-weather|none\n|-damage|p2a: Alomomola|75\/100 tox|[from] psn\n|upkeep\n|turn|15\n|\n|t:|1701007968\n|move|p2a: Alomomola|Wish|p2a: Alomomola\n|move|p1a: Corsola|Night Shade|p2a: Alomomola\n|-damage|p2a: Alomomola|56\/100 tox\n|\n|-damage|p2a: Alomomola|44\/100 tox|[from] psn\n|upkeep\n|turn|16\n|\n|t:|1701007985\n|switch|p2a: Charizard|Charizard-Mega-Y, M|94\/100\n|-weather|SunnyDay|[from] ability: Drought|[of] p2a: Charizard\n|move|p1a: Corsola|Will-O-Wisp|p2a: Charizard\n|-immune|p2a: Charizard\n|\n|-weather|SunnyDay|[upkeep]\n|-heal|p2a: Charizard|100\/100|[from] move: Wish|[wisher] Alomomola\n|upkeep\n|turn|17\n|\n|t:|1701007993\n|switch|p1a: Tyranitar|Tyranitar, M|100\/100\n|-weather|Sandstorm|[from] ability: Sand Stream|[of] p1a: Tyranitar\n|move|p2a: Charizard|Weather Ball|p1a: Tyranitar\n|-damage|p1a: Tyranitar|90\/100\n|\n|-weather|Sandstorm|[upkeep]\n|-damage|p2a: Charizard|94\/100|[from] Sandstorm\n|upkeep\n|turn|18\n|\n|t:|1701008001\n|-activate|p2a: Charizard|move: Pursuit\n|move|p1a: Tyranitar|Pursuit|p2a: Charizard|[from]Pursuit\n|-damage|p2a: Charizard|48\/100\n|switch|p2a: Tyranitar|Tyranitar, F|100\/100\n|\n|-weather|Sandstorm|[upkeep]\n|upkeep\n|turn|19\n|\n|t:|1701008008\n|switch|p1a: Steelix|Steelix-Mega, M|68\/100\n|move|p2a: Tyranitar|Earthquake|p1a: Steelix\n|-supereffective|p1a: Steelix\n|-damage|p1a: Steelix|10\/100\n|\n|-weather|Sandstorm|[upkeep]\n|upkeep\n|turn|20\n|\n|t:|1701008014\n|switch|p2a: Charizard|Charizard-Mega-Y, M|48\/100\n|-weather|SunnyDay|[from] ability: Drought|[of] p2a: Charizard\n|switch|p1a: Corsola|Corsola-Galar, M, tera:Poison|94\/100\n|\n|-weather|SunnyDay|[upkeep]\n|upkeep\n|turn|21\n|\n|t:|1701008019\n|switch|p1a: Tyranitar|Tyranitar, M|90\/100\n|-weather|Sandstorm|[from] ability: Sand Stream|[of] p1a: Tyranitar\n|move|p2a: Charizard|Weather Ball|p1a: Tyranitar\n|-damage|p1a: Tyranitar|79\/100\n|\n|-weather|Sandstorm|[upkeep]\n|-damage|p2a: Charizard|42\/100|[from] Sandstorm\n|upkeep\n|turn|22\n|\n|t:|1701008023\n|move|p2a: Charizard|Scorching Sands|p1a: Tyranitar\n|-supereffective|p1a: Tyranitar\n|-damage|p1a: Tyranitar|62\/100\n|-status|p1a: Tyranitar|brn\n|move|p1a: Tyranitar|Pursuit|p2a: Charizard\n|-damage|p2a: Charizard|29\/100\n|\n|-weather|Sandstorm|[upkeep]\n|-damage|p2a: Charizard|23\/100|[from] Sandstorm\n|-damage|p1a: Tyranitar|56\/100 brn|[from] brn\n|upkeep\n|turn|23\n|\n|t:|1701008029\n|move|p2a: Charizard|Scorching Sands|p1a: Tyranitar\n|-supereffective|p1a: Tyranitar\n|-damage|p1a: Tyranitar|39\/100 brn\n|move|p1a: Tyranitar|Pursuit|p2a: Charizard\n|-damage|p2a: Charizard|11\/100\n|\n|-weather|Sandstorm|[upkeep]\n|-damage|p2a: Charizard|5\/100|[from] Sandstorm\n|-damage|p1a: Tyranitar|33\/100 brn|[from] brn\n|upkeep\n|turn|24\n|\n|t:|1701008033\n|move|p2a: Charizard|Scorching Sands|p1a: Tyranitar\n|-supereffective|p1a: Tyranitar\n|-damage|p1a: Tyranitar|17\/100 brn\n|move|p1a: Tyranitar|Pursuit|p2a: Charizard\n|-damage|p2a: Charizard|0 fnt\n|faint|p2a: Charizard\n|\n|-weather|Sandstorm|[upkeep]\n|-damage|p1a: Tyranitar|11\/100 brn|[from] brn\n|upkeep\n|\n|t:|1701008037\n|switch|p2a: Serperior|Serperior, M|82\/100\n|turn|25\n|\n|t:|1701008041\n|move|p2a: Serperior|Leaf Storm|p1a: Tyranitar\n|-supereffective|p1a: Tyranitar\n|-damage|p1a: Tyranitar|0 fnt\n|-boost|p2a: Serperior|spa|2\n|faint|p1a: Tyranitar\n|\n|-weather|none\n|-heal|p2a: Serperior|88\/100|[from] item: Leftovers\n|upkeep\n|\n|t:|1701008049\n|switch|p1a: Altaria|Altaria, F|94\/100\n|turn|26\n|\n|t:|1701008055\n|move|p2a: Serperior|Hidden Power|p1a: Altaria\n|-supereffective|p1a: Altaria\n|-damage|p1a: Altaria|54\/100\n|move|p1a: Altaria|Perish Song|p1a: Altaria\n|-start|p1a: Altaria|perish3|[silent]\n|-start|p2a: Serperior|perish3|[silent]\n|-fieldactivate|move: Perish Song\n|\n|-heal|p2a: Serperior|94\/100|[from] item: Leftovers\n|-start|p2a: Serperior|perish3\n|-start|p1a: Altaria|perish3\n|upkeep\n|turn|27\n|\n|t:|1701008062\n|-terastallize|p2a: Serperior|Rock\n|move|p2a: Serperior|Hidden Power|p1a: Altaria\n|-supereffective|p1a: Altaria\n|-damage|p1a: Altaria|0 fnt\n|faint|p1a: Altaria\n|\n|-heal|p2a: Serperior|100\/100|[from] item: Leftovers\n|-start|p2a: Serperior|perish2\n|upkeep\n|\n|t:|1701008066\n|switch|p1a: Landorus|Landorus-Therian, M|100\/100\n|-ability|p1a: Landorus|Intimidate|boost\n|-boost|p2a: Serperior|atk|1\n|turn|28\n|\n|t:|1701008071\n|switch|p2a: Alomomola|Alomomola, M|77\/100 tox\n|move|p1a: Landorus|Earthquake|p2a: Alomomola\n|-damage|p2a: Alomomola|36\/100 tox\n|\n|-damage|p2a: Alomomola|30\/100 tox|[from] psn\n|upkeep\n|turn|29\n|\n|t:|1701008083\n|switch|p2a: Tyranitar|Tyranitar, F|100\/100\n|-weather|Sandstorm|[from] ability: Sand Stream|[of] p2a: Tyranitar\n|move|p1a: Landorus|Earthquake|p2a: Tyranitar\n|-supereffective|p2a: Tyranitar\n|-damage|p2a: Tyranitar|0 fnt\n|faint|p2a: Tyranitar\n|\n|-weather|Sandstorm|[upkeep]\n|upkeep\n|\n|t:|1701008090\n|switch|p2a: Iron Treads|Iron Treads|100\/100\n|turn|30\n|\n|t:|1701008091\n|move|p1a: Landorus|Earthquake|p2a: Iron Treads\n|-supereffective|p2a: Iron Treads\n|-damage|p2a: Iron Treads|14\/100\n|move|p2a: Iron Treads|Knock Off|p1a: Landorus\n|-damage|p1a: Landorus|74\/100\n|-enditem|p1a: Landorus|Choice Scarf|[from] move: Knock Off|[of] p2a: Iron Treads\n|\n|-weather|Sandstorm|[upkeep]\n|upkeep\n|turn|31\n|\n|t:|1701008098\n|move|p1a: Landorus|Earthquake|p2a: Iron Treads\n|-supereffective|p2a: Iron Treads\n|-damage|p2a: Iron Treads|0 fnt\n|faint|p2a: Iron Treads\n|-end|p2a: Iron Treads|Quark Drive|[silent]\n|\n|-weather|Sandstorm|[upkeep]\n|upkeep\n|\n|t:|1701008102\n|switch|p2a: Alomomola|Alomomola, M|63\/100 tox\n|turn|32\n|\n|t:|1701008111\n|switch|p1a: Steelix|Steelix-Mega, M|10\/100\n|move|p2a: Alomomola|Flip Turn|p1a: Steelix\n|-supereffective|p1a: Steelix\n|-damage|p1a: Steelix|0 fnt\n|faint|p1a: Steelix\n|\n|t:|1701008116\n|switch|p2a: Serperior|Serperior, M, tera:Rock|100\/100|[from] Flip Turn\n|\n|-weather|Sandstorm|[upkeep]\n|upkeep\n|\n|t:|1701008120\n|switch|p1a: Landorus|Landorus-Therian, M|74\/100\n|-ability|p1a: Landorus|Intimidate|boost\n|-boost|p2a: Serperior|atk|1\n|turn|33\n|\n|t:|1701008133\n|switch|p2a: Alomomola|Alomomola, M|96\/100 tox\n|move|p1a: Landorus|Earthquake|p2a: Alomomola\n|-damage|p2a: Alomomola|60\/100 tox\n|\n|-weather|none\n|-damage|p2a: Alomomola|54\/100 tox|[from] psn\n|upkeep\n|turn|34\n|\n|t:|1701008139\n|move|p1a: Landorus|U-turn|p2a: Alomomola\n|-damage|p2a: Alomomola|36\/100 tox\n|\n|t:|1701008141\n|switch|p1a: Corsola|Corsola-Galar, M, tera:Poison|94\/100|[from] U-turn\n|move|p2a: Alomomola|Flip Turn|p1a: Corsola\n|-damage|p1a: Corsola|86\/100\n|-start|p2a: Alomomola|Disable|Flip Turn|[from] ability: Cursed Body|[of] p1a: Corsola\n|\n|t:|1701008160\n|switch|p2a: Serperior|Serperior, M, tera:Rock|100\/100|[from] Flip Turn\n|\n|upkeep\n|turn|35\n|\n|t:|1701008170\n|move|p2a: Serperior|Leaf Storm|p1a: Corsola\n|-resisted|p1a: Corsola\n|-damage|p1a: Corsola|70\/100\n|-boost|p2a: Serperior|spa|2\n|move|p1a: Corsola|Will-O-Wisp|p2a: Serperior\n|-status|p2a: Serperior|brn\n|\n|-damage|p2a: Serperior|94\/100 brn|[from] brn\n|upkeep\n|turn|36\n|\n|t:|1701008176\n|move|p2a: Serperior|Leaf Storm|p1a: Corsola\n|-resisted|p1a: Corsola\n|-damage|p1a: Corsola|37\/100\n|-boost|p2a: Serperior|spa|2\n|-start|p2a: Serperior|Disable|Leaf Storm|[from] ability: Cursed Body|[of] p1a: Corsola\n|move|p1a: Corsola|Haze|p1a: Corsola\n|-clearallboost\n|\n|-heal|p2a: Serperior|100\/100 brn|[from] item: Leftovers\n|-damage|p2a: Serperior|94\/100 brn|[from] brn\n|upkeep\n|turn|37\n|\n|t:|1701008179\n|move|p2a: Serperior|Hidden Power|p1a: Corsola\n|-damage|p1a: Corsola|21\/100\n|move|p1a: Corsola|Strength Sap|p2a: Serperior\n|-boost|p2a: Serperior|atk|1\n|-heal|p1a: Corsola|63\/100\n|\n|-heal|p2a: Serperior|100\/100 brn|[from] item: Leftovers\n|-damage|p2a: Serperior|94\/100 brn|[from] brn\n|upkeep\n|turn|38\n|\n|t:|1701008182\n|move|p2a: Serperior|Glare|p1a: Corsola\n|-status|p1a: Corsola|par\n|move|p1a: Corsola|Strength Sap|p2a: Serperior\n|-boost|p2a: Serperior|atk|1\n|-heal|p1a: Corsola|100\/100 par\n|\n|-heal|p2a: Serperior|100\/100 brn|[from] item: Leftovers\n|-damage|p2a: Serperior|94\/100 brn|[from] brn\n|upkeep\n|turn|39\n|\n|t:|1701008187\n|switch|p2a: Heatran|Heatran, M|100\/100\n|move|p1a: Corsola|Night Shade|p2a: Heatran\n|-damage|p2a: Heatran|70\/100\n|\n|upkeep\n|turn|40\n|\n|t:|1701008191\n|switch|p1a: Alomomola|Alomomola, M|68\/100 tox\n|move|p2a: Heatran|Eruption|p1a: Alomomola\n|-resisted|p1a: Alomomola\n|-damage|p1a: Alomomola|36\/100 tox\n|\n|-damage|p1a: Alomomola|30\/100 tox|[from] psn\n|upkeep\n|turn|41\n|\n|t:|1701008201\n|switch|p1a: Corsola|Corsola-Galar, M, tera:Poison|100\/100 par\n|move|p2a: Heatran|Eruption|p1a: Corsola\n|-damage|p1a: Corsola|63\/100 par\n|-start|p2a: Heatran|Disable|Eruption|[from] ability: Cursed Body|[of] p1a: Corsola\n|\n|upkeep\n|turn|42\n|\n|t:|1701008208\n|switch|p2a: Alomomola|Alomomola, M|69\/100 tox\n|move|p1a: Corsola|Strength Sap|p2a: Alomomola\n|-unboost|p2a: Alomomola|atk|1\n|-heal|p1a: Corsola|100\/100 par\n|\n|-damage|p2a: Alomomola|63\/100 tox|[from] psn\n|upkeep\n|turn|43\n|\n|t:|1701008212\n|move|p2a: Alomomola|Wish|p2a: Alomomola\n|move|p1a: Corsola|Night Shade|p2a: Alomomola\n|-damage|p2a: Alomomola|44\/100 tox\n|\n|-damage|p2a: Alomomola|32\/100 tox|[from] psn\n|upkeep\n|turn|44\n|\n|t:|1701008217\n|move|p2a: Alomomola|Flip Turn|p1a: Corsola\n|-damage|p1a: Corsola|95\/100 par\n|\n|t:|1701008219\n|switch|p2a: Heatran|Heatran, M|70\/100|[from] Flip Turn\n|move|p1a: Corsola|Night Shade|p2a: Heatran\n|-damage|p2a: Heatran|39\/100\n|\n|-heal|p2a: Heatran|100\/100|[from] move: Wish|[wisher] Alomomola\n|upkeep\n|turn|45\n|\n|t:|1701008222\n|move|p2a: Heatran|Earth Power|p1a: Corsola\n|-supereffective|p1a: Corsola\n|-damage|p1a: Corsola|52\/100 par\n|-unboost|p1a: Corsola|spd|1\n|move|p1a: Corsola|Night Shade|p2a: Heatran\n|-damage|p2a: Heatran|70\/100\n|\n|upkeep\n|turn|46\n|\n|t:|1701008229\n|switch|p2a: Alomomola|Alomomola, M|65\/100 tox\n|switch|p1a: Landorus|Landorus-Therian, M|74\/100\n|-ability|p1a: Landorus|Intimidate|boost\n|-unboost|p2a: Alomomola|atk|1\n|\n|-damage|p2a: Alomomola|59\/100 tox|[from] psn\n|upkeep\n|turn|47\n|\n|t:|1701008232\n|move|p1a: Landorus|U-turn|p2a: Alomomola\n|-damage|p2a: Alomomola|40\/100 tox\n|\n|t:|1701008233\n|switch|p1a: Alomomola|Alomomola, M|63\/100 tox|[from] U-turn\n|move|p2a: Alomomola|Wish|p2a: Alomomola\n|\n|-damage|p1a: Alomomola|57\/100 tox|[from] psn\n|-damage|p2a: Alomomola|27\/100 tox|[from] psn\n|upkeep\n|turn|48\n|\n|t:|1701008237\n|move|p2a: Alomomola|Protect|p2a: Alomomola\n|-singleturn|p2a: Alomomola|Protect\n|move|p1a: Alomomola|Wish|p1a: Alomomola\n|\n|-heal|p2a: Alomomola|77\/100 tox|[from] move: Wish|[wisher] Alomomola\n|-damage|p1a: Alomomola|45\/100 tox|[from] psn\n|-damage|p2a: Alomomola|59\/100 tox|[from] psn\n|upkeep\n|turn|49\n|\n|t:|1701008241\n|switch|p1a: Corsola|Corsola-Galar, M, tera:Poison|52\/100 par\n|switch|p2a: Serperior|Serperior, M, tera:Rock|94\/100 brn\n|\n|-heal|p1a: Corsola|100\/100 par|[from] move: Wish|[wisher] Alomomola\n|-heal|p2a: Serperior|100\/100 brn|[from] item: Leftovers\n|-damage|p2a: Serperior|94\/100 brn|[from] brn\n|upkeep\n|turn|50\n|\n|t:|1701008245\n|move|p2a: Serperior|Substitute|p2a: Serperior\n|-start|p2a: Serperior|Substitute\n|-damage|p2a: Serperior|70\/100 brn\n|cant|p1a: Corsola|par\n|\n|-heal|p2a: Serperior|76\/100 brn|[from] item: Leftovers\n|-damage|p2a: Serperior|70\/100 brn|[from] brn\n|upkeep\n|turn|51\n|\n|t:|1701008249\n|move|p2a: Serperior|Leaf Storm|p1a: Corsola|[miss]\n|-miss|p2a: Serperior|p1a: Corsola\n|cant|p1a: Corsola|par\n|\n|-heal|p2a: Serperior|76\/100 brn|[from] item: Leftovers\n|-damage|p2a: Serperior|70\/100 brn|[from] brn\n|upkeep\n|turn|52\n|\n|t:|1701008251\n|move|p2a: Serperior|Leaf Storm|p1a: Corsola\n|-resisted|p1a: Corsola\n|-damage|p1a: Corsola|84\/100 par\n|-boost|p2a: Serperior|spa|2\n|cant|p1a: Corsola|par\n|\n|-heal|p2a: Serperior|76\/100 brn|[from] item: Leftovers\n|-damage|p2a: Serperior|70\/100 brn|[from] brn\n|upkeep\n|turn|53\n|\n|t:|1701008256\n|move|p2a: Serperior|Hidden Power|p1a: Corsola\n|-damage|p1a: Corsola|54\/100 par\n|move|p1a: Corsola|Haze|p1a: Corsola\n|-clearallboost\n|\n|-heal|p2a: Serperior|76\/100 brn|[from] item: Leftovers\n|-damage|p2a: Serperior|70\/100 brn|[from] brn\n|upkeep\n|turn|54\n|\n|t:|1701008261\n|move|p2a: Serperior|Hidden Power|p1a: Corsola\n|-damage|p1a: Corsola|38\/100 par\n|move|p1a: Corsola|Night Shade|p2a: Serperior\n|-end|p2a: Serperior|Substitute\n|\n|-heal|p2a: Serperior|76\/100 brn|[from] item: Leftovers\n|-damage|p2a: Serperior|70\/100 brn|[from] brn\n|upkeep\n|turn|55\n|\n|t:|1701008270\n|switch|p1a: Landorus|Landorus-Therian, M|74\/100\n|-ability|p1a: Landorus|Intimidate|boost\n|-boost|p2a: Serperior|atk|1\n|move|p2a: Serperior|Hidden Power|p1a: Landorus\n|-damage|p1a: Landorus|47\/100\n|\n|-heal|p2a: Serperior|76\/100 brn|[from] item: Leftovers\n|-damage|p2a: Serperior|70\/100 brn|[from] brn\n|upkeep\n|turn|56\n|\n|t:|1701008283\n|move|p2a: Serperior|Leaf Storm|p1a: Landorus\n|-damage|p1a: Landorus|0 fnt\n|-boost|p2a: Serperior|spa|2\n|faint|p1a: Landorus\n|\n|-heal|p2a: Serperior|76\/100 brn|[from] item: Leftovers\n|-damage|p2a: Serperior|70\/100 brn|[from] brn\n|upkeep\n|l| kaao\n|\n|t:|1701008287\n|switch|p1a: Corsola|Corsola-Galar, M, tera:Poison|38\/100 par\n|turn|57\n|\n|t:|1701008289\n|move|p2a: Serperior|Hidden Power|p1a: Corsola\n|-damage|p1a: Corsola|5\/100 par\n|move|p1a: Corsola|Strength Sap|p2a: Serperior\n|-boost|p2a: Serperior|atk|1\n|-heal|p1a: Corsola|70\/100 par\n|\n|-heal|p2a: Serperior|76\/100 brn|[from] item: Leftovers\n|-damage|p2a: Serperior|70\/100 brn|[from] brn\n|upkeep\n|turn|58\n|\n|t:|1701008295\n|move|p2a: Serperior|Hidden Power|p1a: Corsola\n|-damage|p1a: Corsola|41\/100 par\n|move|p1a: Corsola|Night Shade|p2a: Serperior\n|-damage|p2a: Serperior|35\/100 brn\n|\n|-heal|p2a: Serperior|41\/100 brn|[from] item: Leftovers\n|-damage|p2a: Serperior|35\/100 brn|[from] brn\n|upkeep\n|turn|59\n|\n|t:|1701008303\n|move|p2a: Serperior|Leaf Storm|p1a: Corsola\n|-resisted|p1a: Corsola\n|-damage|p1a: Corsola|6\/100 par\n|-boost|p2a: Serperior|spa|2\n|move|p1a: Corsola|Strength Sap|p2a: Serperior\n|-boost|p2a: Serperior|atk|1\n|-heal|p1a: Corsola|92\/100 par\n|\n|-heal|p2a: Serperior|41\/100 brn|[from] item: Leftovers\n|-damage|p2a: Serperior|35\/100 brn|[from] brn\n|upkeep\n|turn|60\n|\n|t:|1701008309\n|move|p2a: Serperior|Hidden Power|p1a: Corsola\n|-crit|p1a: Corsola\n|-damage|p1a: Corsola|22\/100 par\n|move|p1a: Corsola|Night Shade|p2a: Serperior\n|-damage|p2a: Serperior|1\/100 brn\n|\n|-heal|p2a: Serperior|7\/100 brn|[from] item: Leftovers\n|-damage|p2a: Serperior|1\/100 brn|[from] brn\n|upkeep\n|turn|61\n|\n|t:|1701008315\n|move|p2a: Serperior|Hidden Power|p1a: Corsola\n|-damage|p1a: Corsola|0 fnt\n|faint|p1a: Corsola\n|\n|-heal|p2a: Serperior|7\/100 brn|[from] item: Leftovers\n|-damage|p2a: Serperior|1\/100 brn|[from] brn\n|upkeep\n|\n|t:|1701008316\n|switch|p1a: Alomomola|Alomomola, M|78\/100 tox\n|turn|62\n|\n|t:|1701008321\n|move|p2a: Serperior|Hidden Power|p1a: Alomomola\n|-damage|p1a: Alomomola|0 fnt\n|faint|p1a: Alomomola\n|\n|win|take me h1gher\n|n|\u2606lovlive|lovlive\n|n|\u2606take me h1gher|takemeh1gher\n","uploadtime":1701008324,"views":1,"p1id":"lovlive","p2id":"takemeh1gher","formatid":"gen9nationaldex","rating":0,"private":0,"password":""}