{"id":"china-gen9nationaldex-11182520","p1":"lovlive","p2":"wcyoubing","format":"[Gen 9] National Dex","log":"|j|\u2606lovlive\n|j|\u2606wcyoubing\n|inactive|Battle timer is ON: inactive players will automatically lose when time's up.\n|t:|1700316407\n|gametype|singles\n|player|p1|lovlive|265|\n|player|p2|wcyoubing|ballguy|\n|teamsize|p1|6\n|teamsize|p2|6\n|gen|9\n|tier|[Gen 9] National Dex\n|rated|Tournament battle\n|rule|HP Percentage Mod: HP is shown in percentages\n|rule|Endless Battle Clause: Forcing endless battles is banned\n|rule|OHKO Clause: OHKO moves are banned\n|rule|Evasion Clause: Evasion abilities, items, and moves are banned\n|rule|Evasion Abilities Clause: Evasion abilities are banned\n|rule|Evasion Items Clause: Evasion items are banned\n|rule|Evasion Moves Clause: Evasion moves are banned\n|rule|Species Clause: Limit one of each Pok\u00e9mon\n|rule|Sleep Clause Mod: Limit one foe put to sleep\n|clearpoke\n|poke|p1|Landorus-Therian, M|\n|poke|p1|Tyranitar, M|\n|poke|p1|Alomomola, F|\n|poke|p1|Altaria, F|\n|poke|p1|Corsola-Galar, F|\n|poke|p1|Steelix, M|\n|poke|p2|Banette, M|\n|poke|p2|Zamazenta-*|\n|poke|p2|Alomomola, M|\n|poke|p2|Thundurus-Therian, M|\n|poke|p2|Aegislash, M|\n|poke|p2|Hoopa-Unbound|\n|teampreview\n|\n|t:|1700316423\n|start\n|switch|p1a: Landorus|Landorus-Therian, M|100\/100\n|switch|p2a: Thundurus|Thundurus-Therian, M|100\/100\n|-ability|p1a: Landorus|Intimidate|boost\n|-unboost|p2a: Thundurus|atk|1\n|turn|1\n|\n|t:|1700316427\n|move|p1a: Landorus|Stone Edge|p2a: Thundurus\n|-supereffective|p2a: Thundurus\n|-damage|p2a: Thundurus|0 fnt\n|faint|p2a: Thundurus\n|\n|upkeep\n|c|\u2606lovlive|\u665a\u4e0a\u597d\n|c|\u2606wcyoubing|\u56f4\u5dfe\u7684\n|c|\u2606wcyoubing|\u5c11\u89c1\n|\n|t:|1700316452\n|switch|p2a: \u89c1\u8fc7\u65e0\u9632\u5b88\u7684\u9b3c\u5251\u5417|Aegislash, M, shiny|100\/100\n|turn|2\n|c|\u2606lovlive|\u770b\u6211\u8fd9\u9635\u5bb9\u5c31\u77e5\u9053\u4e0d\u662f\u4e3b\u6d41\u914d\u7f6e\u7684\n|\n|t:|1700316475\n|switch|p1a: Altaria|Altaria, F|100\/100\n|-ability|p1a: Altaria|Cloud Nine\n|move|p2a: \u89c1\u8fc7\u65e0\u9632\u5b88\u7684\u9b3c\u5251\u5417|Swords Dance|p2a: \u89c1\u8fc7\u65e0\u9632\u5b88\u7684\u9b3c\u5251\u5417\n|-boost|p2a: \u89c1\u8fc7\u65e0\u9632\u5b88\u7684\u9b3c\u5251\u5417|atk|2\n|\n|upkeep\n|turn|3\n|\n|t:|1700316485\n|switch|p1a: Corsola|Corsola-Galar, F|100\/100\n|-zpower|p2a: \u89c1\u8fc7\u65e0\u9632\u5b88\u7684\u9b3c\u5251\u5417\n|-formechange|p2a: \u89c1\u8fc7\u65e0\u9632\u5b88\u7684\u9b3c\u5251\u5417|Aegislash-Blade||[from] ability: Stance Change\n|move|p2a: \u89c1\u8fc7\u65e0\u9632\u5b88\u7684\u9b3c\u5251\u5417|Never-Ending Nightmare|p1a: Corsola|[zeffect]\n|-supereffective|p1a: Corsola\n|-damage|p1a: Corsola|0 fnt\n|faint|p1a: Corsola\n|\n|upkeep\n|\n|t:|1700316495\n|switch|p1a: Landorus|Landorus-Therian, M|100\/100\n|-ability|p1a: Landorus|Intimidate|boost\n|-unboost|p2a: \u89c1\u8fc7\u65e0\u9632\u5b88\u7684\u9b3c\u5251\u5417|atk|1\n|turn|4\n|c|\u2606wcyoubing|\u662f\u7684\n|\n|t:|1700316501\n|switch|p2a: \u4fdd\u59c6\u66fc\u6ce2\u8868\u793a\u6211\u4e5f\u60f3c|Alomomola, M, shiny|100\/100\n|move|p1a: Landorus|Earthquake|p2a: \u4fdd\u59c6\u66fc\u6ce2\u8868\u793a\u6211\u4e5f\u60f3c\n|-damage|p2a: \u4fdd\u59c6\u66fc\u6ce2\u8868\u793a\u6211\u4e5f\u60f3c|65\/100\n|\n|upkeep\n|turn|5\n|\n|t:|1700316506\n|switch|p1a: Altaria|Altaria, F|100\/100\n|-ability|p1a: Altaria|Cloud Nine\n|move|p2a: \u4fdd\u59c6\u66fc\u6ce2\u8868\u793a\u6211\u4e5f\u60f3c|Flip Turn|p1a: Altaria\n|-resisted|p1a: Altaria\n|-damage|p1a: Altaria|92\/100\n|\n|t:|1700316513\n|switch|p2a: I'm a Guanyin|Hoopa-Unbound|100\/100|[from] Flip Turn\n|\n|upkeep\n|turn|6\n|c|\u2606lovlive|\u53ef\u601c\u6211\u7684\u73ca\u745a\n|j| DDC2\n|\n|t:|1700316523\n|switch|p1a: Alomomola|Alomomola, F|100\/100\n|move|p2a: I'm a Guanyin|Hyperspace Fury|p1a: Alomomola\n|-damage|p1a: Alomomola|51\/100\n|-unboost|p2a: I'm a Guanyin|def|1\n|\n|upkeep\n|turn|7\n|\n|t:|1700316531\n|-terastallize|p2a: I'm a Guanyin|Dark\n|move|p1a: Alomomola|Protect|p1a: Alomomola\n|-singleturn|p1a: Alomomola|Protect\n|move|p2a: I'm a Guanyin|Hyperspace Fury|p1a: Alomomola\n|-activate|p1a: Alomomola|move: Hyperspace Fury|[broken]\n|-damage|p1a: Alomomola|0 fnt\n|-unboost|p2a: I'm a Guanyin|def|1\n|faint|p1a: Alomomola\n|\n|upkeep\n|\n|t:|1700316534\n|switch|p1a: Landorus|Landorus-Therian, M|100\/100\n|-ability|p1a: Landorus|Intimidate|boost\n|-unboost|p2a: I'm a Guanyin|atk|1\n|turn|8\n|\n|t:|1700316538\n|switch|p2a: \u4fdd\u59c6\u66fc\u6ce2\u8868\u793a\u6211\u4e5f\u60f3c|Alomomola, M, shiny|98\/100\n|move|p1a: Landorus|Earthquake|p2a: \u4fdd\u59c6\u66fc\u6ce2\u8868\u793a\u6211\u4e5f\u60f3c\n|-damage|p2a: \u4fdd\u59c6\u66fc\u6ce2\u8868\u793a\u6211\u4e5f\u60f3c|67\/100\n|\n|upkeep\n|turn|9\n|\n|t:|1700316543\n|switch|p1a: Altaria|Altaria, F|92\/100\n|-ability|p1a: Altaria|Cloud Nine\n|move|p2a: \u4fdd\u59c6\u66fc\u6ce2\u8868\u793a\u6211\u4e5f\u60f3c|Wish|p2a: \u4fdd\u59c6\u66fc\u6ce2\u8868\u793a\u6211\u4e5f\u60f3c\n|\n|upkeep\n|turn|10\n|\n|t:|1700316547\n|move|p1a: Altaria|Fire Spin|p2a: \u4fdd\u59c6\u66fc\u6ce2\u8868\u793a\u6211\u4e5f\u60f3c\n|-resisted|p2a: \u4fdd\u59c6\u66fc\u6ce2\u8868\u793a\u6211\u4e5f\u60f3c\n|-damage|p2a: \u4fdd\u59c6\u66fc\u6ce2\u8868\u793a\u6211\u4e5f\u60f3c|63\/100\n|-activate|p2a: \u4fdd\u59c6\u66fc\u6ce2\u8868\u793a\u6211\u4e5f\u60f3c|move: Fire Spin|[of] p1a: Altaria\n|move|p2a: \u4fdd\u59c6\u66fc\u6ce2\u8868\u793a\u6211\u4e5f\u60f3c|Toxic|p1a: Altaria|[miss]\n|-miss|p2a: \u4fdd\u59c6\u66fc\u6ce2\u8868\u793a\u6211\u4e5f\u60f3c|p1a: Altaria\n|\n|-heal|p2a: \u4fdd\u59c6\u66fc\u6ce2\u8868\u793a\u6211\u4e5f\u60f3c|100\/100|[from] move: Wish|[wisher] \u4fdd\u59c6\u66fc\u6ce2\u8868\u793a\u6211\u4e5f\u60f3c\n|-damage|p2a: \u4fdd\u59c6\u66fc\u6ce2\u8868\u793a\u6211\u4e5f\u60f3c|88\/100|[from] move: Fire Spin|[partiallytrapped]\n|upkeep\n|turn|11\n|\n|t:|1700316556\n|switch|p1a: Steelix|Steelix, M|100\/100\n|move|p2a: \u4fdd\u59c6\u66fc\u6ce2\u8868\u793a\u6211\u4e5f\u60f3c|Toxic|p1a: Steelix\n|-immune|p1a: Steelix\n|\n|-end|p2a: \u4fdd\u59c6\u66fc\u6ce2\u8868\u793a\u6211\u4e5f\u60f3c|Fire Spin|[partiallytrapped]|[silent]\n|upkeep\n|turn|12\n|\n|t:|1700316560\n|detailschange|p1a: Steelix|Steelix-Mega, M\n|-mega|p1a: Steelix|Steelix|Steelixite\n|move|p2a: \u4fdd\u59c6\u66fc\u6ce2\u8868\u793a\u6211\u4e5f\u60f3c|Flip Turn|p1a: Steelix\n|-supereffective|p1a: Steelix\n|-damage|p1a: Steelix|85\/100\n|\n|t:|1700316567\n|switch|p2a: \u9b3c\u9b3c\u559c\u6b22\u6076\u4f5c\u5267|Banette, M|100\/100|[from] Flip Turn\n|-item|p1a: Steelix|Steelixite|[from] ability: Frisk|[of] p2a: \u9b3c\u9b3c\u559c\u6b22\u6076\u4f5c\u5267|[identify]\n|move|p1a: Steelix|Stealth Rock|p2a: \u9b3c\u9b3c\u559c\u6b22\u6076\u4f5c\u5267\n|-sidestart|p2: wcyoubing|move: Stealth Rock\n|\n|upkeep\n|turn|13\n|\n|t:|1700316573\n|switch|p1a: Altaria|Altaria, F|92\/100\n|-ability|p1a: Altaria|Cloud Nine\n|detailschange|p2a: \u9b3c\u9b3c\u559c\u6b22\u6076\u4f5c\u5267|Banette-Mega, M\n|-mega|p2a: \u9b3c\u9b3c\u559c\u6b22\u6076\u4f5c\u5267|Banette|Banettite\n|move|p2a: \u9b3c\u9b3c\u559c\u6b22\u6076\u4f5c\u5267|Encore||[still]\n|-fail|p2a: \u9b3c\u9b3c\u559c\u6b22\u6076\u4f5c\u5267\n|\n|upkeep\n|turn|14\n|\n|t:|1700316579\n|move|p2a: \u9b3c\u9b3c\u559c\u6b22\u6076\u4f5c\u5267|Destiny Bond|p2a: \u9b3c\u9b3c\u559c\u6b22\u6076\u4f5c\u5267\n|-singlemove|p2a: \u9b3c\u9b3c\u559c\u6b22\u6076\u4f5c\u5267|Destiny Bond\n|move|p1a: Altaria|Perish Song|p1a: Altaria\n|-start|p1a: Altaria|perish3|[silent]\n|-start|p2a: \u9b3c\u9b3c\u559c\u6b22\u6076\u4f5c\u5267|perish3|[silent]\n|-fieldactivate|move: Perish Song\n|\n|-start|p2a: \u9b3c\u9b3c\u559c\u6b22\u6076\u4f5c\u5267|perish3\n|-start|p1a: Altaria|perish3\n|upkeep\n|turn|15\n|\n|t:|1700316582\n|move|p2a: \u9b3c\u9b3c\u559c\u6b22\u6076\u4f5c\u5267|Poltergeist|p1a: Altaria\n|-activate|p1a: Altaria|move: Poltergeist|Heavy-Duty Boots\n|-damage|p1a: Altaria|10\/100\n|move|p1a: Altaria|Fire Spin|p2a: \u9b3c\u9b3c\u559c\u6b22\u6076\u4f5c\u5267|[miss]\n|-miss|p1a: Altaria|p2a: \u9b3c\u9b3c\u559c\u6b22\u6076\u4f5c\u5267\n|\n|-start|p2a: \u9b3c\u9b3c\u559c\u6b22\u6076\u4f5c\u5267|perish2\n|-start|p1a: Altaria|perish2\n|upkeep\n|turn|16\n|\n|t:|1700316587\n|switch|p1a: Landorus|Landorus-Therian, M|100\/100\n|-ability|p1a: Landorus|Intimidate|boost\n|-unboost|p2a: \u9b3c\u9b3c\u559c\u6b22\u6076\u4f5c\u5267|atk|1\n|move|p2a: \u9b3c\u9b3c\u559c\u6b22\u6076\u4f5c\u5267|Poltergeist|p1a: Landorus\n|-activate|p1a: Landorus|move: Poltergeist|Choice Scarf\n|-damage|p1a: Landorus|45\/100\n|\n|-start|p2a: \u9b3c\u9b3c\u559c\u6b22\u6076\u4f5c\u5267|perish1\n|upkeep\n|turn|17\n|\n|t:|1700316598\n|move|p1a: Landorus|U-turn|p2a: \u9b3c\u9b3c\u559c\u6b22\u6076\u4f5c\u5267\n|-resisted|p2a: \u9b3c\u9b3c\u559c\u6b22\u6076\u4f5c\u5267\n|-damage|p2a: \u9b3c\u9b3c\u559c\u6b22\u6076\u4f5c\u5267|80\/100\n|\n|t:|1700316600\n|switch|p1a: Tyranitar|Tyranitar, M|100\/100|[from] U-turn\n|-weather|Sandstorm|[from] ability: Sand Stream|[of] p1a: Tyranitar\n|move|p2a: \u9b3c\u9b3c\u559c\u6b22\u6076\u4f5c\u5267|Poltergeist|p1a: Tyranitar\n|-activate|p1a: Tyranitar|move: Poltergeist|Assault Vest\n|-resisted|p1a: Tyranitar\n|-damage|p1a: Tyranitar|82\/100\n|\n|-weather|Sandstorm|[upkeep]\n|-damage|p2a: \u9b3c\u9b3c\u559c\u6b22\u6076\u4f5c\u5267|74\/100|[from] Sandstorm\n|-start|p2a: \u9b3c\u9b3c\u559c\u6b22\u6076\u4f5c\u5267|perish0\n|upkeep\n|faint|p2a: \u9b3c\u9b3c\u559c\u6b22\u6076\u4f5c\u5267\n|\n|t:|1700316603\n|switch|p2a: \u76fe\u4e4b\u738b\u6015\u75bc\uff0c\u5e26\u5f31\u70b9\u4fdd\u9669\u5408\u7406\u5427|Zamazenta|100\/100\n|-damage|p2a: \u76fe\u4e4b\u738b\u6015\u75bc\uff0c\u5e26\u5f31\u70b9\u4fdd\u9669\u5408\u7406\u5427|94\/100|[from] Stealth Rock\n|-ability|p2a: \u76fe\u4e4b\u738b\u6015\u75bc\uff0c\u5e26\u5f31\u70b9\u4fdd\u9669\u5408\u7406\u5427|Dauntless Shield|boost\n|-boost|p2a: \u76fe\u4e4b\u738b\u6015\u75bc\uff0c\u5e26\u5f31\u70b9\u4fdd\u9669\u5408\u7406\u5427|def|1\n|turn|18\n|j| Wing010\n|\n|t:|1700316610\n|switch|p1a: Altaria|Altaria, F|10\/100\n|-ability|p1a: Altaria|Cloud Nine\n|move|p2a: \u76fe\u4e4b\u738b\u6015\u75bc\uff0c\u5e26\u5f31\u70b9\u4fdd\u9669\u5408\u7406\u5427|Iron Defense|p2a: \u76fe\u4e4b\u738b\u6015\u75bc\uff0c\u5e26\u5f31\u70b9\u4fdd\u9669\u5408\u7406\u5427\n|-boost|p2a: \u76fe\u4e4b\u738b\u6015\u75bc\uff0c\u5e26\u5f31\u70b9\u4fdd\u9669\u5408\u7406\u5427|def|2\n|\n|-weather|Sandstorm|[upkeep]\n|-heal|p2a: \u76fe\u4e4b\u738b\u6015\u75bc\uff0c\u5e26\u5f31\u70b9\u4fdd\u9669\u5408\u7406\u5427|100\/100|[from] item: Leftovers\n|upkeep\n|turn|19\n|l| DDC2\n|\n|t:|1700316615\n|move|p2a: \u76fe\u4e4b\u738b\u6015\u75bc\uff0c\u5e26\u5f31\u70b9\u4fdd\u9669\u5408\u7406\u5427|Body Press|p1a: Altaria\n|-resisted|p1a: Altaria\n|-damage|p1a: Altaria|0 fnt\n|faint|p1a: Altaria\n|\n|-weather|Sandstorm|[upkeep]\n|-damage|p2a: \u76fe\u4e4b\u738b\u6015\u75bc\uff0c\u5e26\u5f31\u70b9\u4fdd\u9669\u5408\u7406\u5427|94\/100|[from] Sandstorm\n|-heal|p2a: \u76fe\u4e4b\u738b\u6015\u75bc\uff0c\u5e26\u5f31\u70b9\u4fdd\u9669\u5408\u7406\u5427|100\/100|[from] item: Leftovers\n|upkeep\n|\n|t:|1700316628\n|switch|p1a: Tyranitar|Tyranitar, M|82\/100\n|turn|20\n|\n|t:|1700316633\n|-terastallize|p1a: Tyranitar|Fire\n|move|p2a: \u76fe\u4e4b\u738b\u6015\u75bc\uff0c\u5e26\u5f31\u70b9\u4fdd\u9669\u5408\u7406\u5427|Iron Defense|p2a: \u76fe\u4e4b\u738b\u6015\u75bc\uff0c\u5e26\u5f31\u70b9\u4fdd\u9669\u5408\u7406\u5427\n|-boost|p2a: \u76fe\u4e4b\u738b\u6015\u75bc\uff0c\u5e26\u5f31\u70b9\u4fdd\u9669\u5408\u7406\u5427|def|2\n|move|p1a: Tyranitar|Fire Blast|p2a: \u76fe\u4e4b\u738b\u6015\u75bc\uff0c\u5e26\u5f31\u70b9\u4fdd\u9669\u5408\u7406\u5427\n|-damage|p2a: \u76fe\u4e4b\u738b\u6015\u75bc\uff0c\u5e26\u5f31\u70b9\u4fdd\u9669\u5408\u7406\u5427|70\/100\n|\n|-weather|Sandstorm|[upkeep]\n|-damage|p2a: \u76fe\u4e4b\u738b\u6015\u75bc\uff0c\u5e26\u5f31\u70b9\u4fdd\u9669\u5408\u7406\u5427|64\/100|[from] Sandstorm\n|-damage|p1a: Tyranitar|76\/100|[from] Sandstorm\n|-heal|p2a: \u76fe\u4e4b\u738b\u6015\u75bc\uff0c\u5e26\u5f31\u70b9\u4fdd\u9669\u5408\u7406\u5427|70\/100|[from] item: Leftovers\n|upkeep\n|turn|21\n|c|\u2606wcyoubing|\u597d\u5bb6\u4f19\u56fd\u4ea7\u73ed\u554a\n|\n|t:|1700316647\n|move|p2a: \u76fe\u4e4b\u738b\u6015\u75bc\uff0c\u5e26\u5f31\u70b9\u4fdd\u9669\u5408\u7406\u5427|Body Press|p1a: Tyranitar\n|-damage|p1a: Tyranitar|0 fnt\n|faint|p1a: Tyranitar\n|\n|-weather|none\n|-heal|p2a: \u76fe\u4e4b\u738b\u6015\u75bc\uff0c\u5e26\u5f31\u70b9\u4fdd\u9669\u5408\u7406\u5427|77\/100|[from] item: Leftovers\n|upkeep\n|c|\u2606lovlive|\u6253\u7684\u4e00\u5768\u5c4e\n|c|\u2606wcyoubing|awa\n|c|\u2606wcyoubing|\u6ca1\u4e8b\n|c|\u2606wcyoubing|\u770b\u51fa\u6765\u4f60\u662f\u5a31\u4e50\u961f\u4e86\n|l| Wing010\n|c|\u2606lovlive|\u4fdd\u59c6\u9c7c\u6ca1\u4e86\u5c31\u53ef\u4ee5\u6295\u4e86\n|c|\u2606wcyoubing|\u6211\u8fd9\u90fd\u4e0a\u6b63\u89c4\u519b\u4e86\n|inactive|lovlive has 120 seconds left.\n|-message|lovlive forfeited.\n|\n|win|wcyoubing\n|n|\u2606lovlive|lovlive\n|n|\u2606wcyoubing|wcyoubing\n","uploadtime":1700316680,"views":14,"p1id":"lovlive","p2id":"wcyoubing","formatid":"gen9nationaldex","rating":0,"private":0,"password":""}