{"id":"gen9nationaldex-1999728835","p1":"elvisma","p2":"mmm6","format":"[Gen 9] National Dex","log":"|html|<div class=\"broadcast-blue\"><strong>[Gen 9] National Dex is currently suspecting Sneasler! For information on how to participate check out the <a href=\"https:\/\/www.smogon.com\/forums\/threads\/sv-national-dex-suspect-8-just-dance.3731534\/\">suspect thread<\/a>.<\/strong><\/div>\n|j|\u2606elvisma\n|j|\u2606mmm6\n|t:|1701111500\n|gametype|singles\n|player|p1|elvisma|red-masters|1719\n|player|p2|mmm6|ghetsis|1700\n|teamsize|p1|6\n|teamsize|p2|6\n|gen|9\n|tier|[Gen 9] National Dex\n|rated|\n|rule|HP Percentage Mod: HP is shown in percentages\n|rule|Endless Battle Clause: Forcing endless battles is banned\n|rule|OHKO Clause: OHKO moves are banned\n|rule|Evasion Clause: Evasion abilities, items, and moves are banned\n|rule|Evasion Abilities Clause: Evasion abilities are banned\n|rule|Evasion Items Clause: Evasion items are banned\n|rule|Evasion Moves Clause: Evasion moves are banned\n|rule|Species Clause: Limit one of each Pok\u00e9mon\n|rule|Sleep Clause Mod: Limit one foe put to sleep\n|clearpoke\n|poke|p1|Azelf|\n|poke|p1|Charizard, M|\n|poke|p1|Ribombee, F|\n|poke|p1|Great Tusk|\n|poke|p1|Ogerpon-Wellspring, F|\n|poke|p1|Victini|\n|poke|p2|Tapu Koko|\n|poke|p2|Mimikyu, M|\n|poke|p2|Skarmory, M|\n|poke|p2|Sneasler, M|\n|poke|p2|Greninja-*, M|\n|poke|p2|Blaziken, F|\n|teampreview\n|\n|t:|1701111511\n|start\n|switch|p1a: SPIN TO WIN|Great Tusk|100\/100\n|switch|p2a: HerDad|Tapu Koko|100\/100\n|-fieldstart|move: Electric Terrain|[from] ability: Electric Surge|[of] p2a: HerDad\n|-enditem|p1a: SPIN TO WIN|Booster Energy\n|-activate|p1a: SPIN TO WIN|ability: Protosynthesis|[fromitem]\n|-start|p1a: SPIN TO WIN|protosynthesisatk\n|turn|1\n|c|\u2606elvisma|man\n|c|\u2606mmm6|yes\n|c|\u2606elvisma|every move is do is gonna be bad\n|\n|t:|1701111540\n|-terastallize|p1a: SPIN TO WIN|Ice\n|-zpower|p2a: HerDad\n|move|p2a: HerDad|Twinkle Tackle|p1a: SPIN TO WIN|[zeffect]\n|-damage|p1a: SPIN TO WIN|2\/100\n|move|p1a: SPIN TO WIN|Headlong Rush|p2a: HerDad\n|-supereffective|p2a: HerDad\n|-damage|p2a: HerDad|0 fnt\n|-unboost|p1a: SPIN TO WIN|def|1\n|-unboost|p1a: SPIN TO WIN|spd|1\n|faint|p2a: HerDad\n|\n|upkeep\n|c|\u2606elvisma|skill diff live\n|c|\u2606elvisma|right there\n|\n|t:|1701111554\n|switch|p2a: HerEx|Greninja, M|100\/100\n|turn|2\n|\n|t:|1701111558\n|-end|p1a: SPIN TO WIN|Protosynthesis|[silent]\n|switch|p1a: touchgrassdrinkH2O|Ogerpon-Wellspring, F|100\/100\n|move|p2a: HerEx|Surf|p1a: touchgrassdrinkH2O\n|-start|p2a: HerEx|typechange|Water|[from] ability: Protean\n|-immune|p1a: touchgrassdrinkH2O|[from] ability: Water Absorb\n|\n|upkeep\n|turn|3\n|c|\u2606mmm6|nice\n|\n|t:|1701111566\n|move|p2a: HerEx|Spikes|p1a: touchgrassdrinkH2O\n|-sidestart|p1: elvisma|Spikes\n|move|p1a: touchgrassdrinkH2O|Ivy Cudgel|p2a: HerEx|[anim] Ivy Cudgel Water\n|-resisted|p2a: HerEx\n|-crit|p2a: HerEx\n|-damage|p2a: HerEx|43\/100\n|\n|upkeep\n|turn|4\n|\n|t:|1701111572\n|move|p2a: HerEx|Spikes|p1a: touchgrassdrinkH2O\n|-sidestart|p1: elvisma|Spikes\n|move|p1a: touchgrassdrinkH2O|Swords Dance|p1a: touchgrassdrinkH2O\n|-boost|p1a: touchgrassdrinkH2O|atk|2\n|\n|upkeep\n|turn|5\n|c|\u2606elvisma|skill diff crit\n|\n|t:|1701111585\n|move|p2a: HerEx|Spikes|p1a: touchgrassdrinkH2O\n|-sidestart|p1: elvisma|Spikes\n|move|p1a: touchgrassdrinkH2O|Horn Leech|p2a: HerEx\n|-supereffective|p2a: HerEx\n|-damage|p2a: HerEx|0 fnt\n|faint|p2a: HerEx\n|\n|-fieldend|move: Electric Terrain\n|upkeep\n|\n|t:|1701111589\n|switch|p2a: HerLastEx|Skarmory, M|100\/100\n|turn|6\n|c|\u2606elvisma|man whirl wind\n|\n|t:|1701111596\n|move|p1a: touchgrassdrinkH2O|Ivy Cudgel|p2a: HerLastEx|[anim] Ivy Cudgel Water\n|-ability|p2a: HerLastEx|Sturdy\n|-damage|p2a: HerLastEx|1\/100\n|-enditem|p2a: HerLastEx|Red Card|[of] p1a: touchgrassdrinkH2O\n|drag|p1a: SPIN TO WIN|Great Tusk, tera:Ice|2\/100\n|-damage|p1a: SPIN TO WIN|0 fnt|[from] Spikes\n|faint|p1a: SPIN TO WIN\n|-end|p1a: SPIN TO WIN|Protosynthesis|[silent]\n|move|p2a: HerLastEx|Stealth Rock|p1: SPIN TO WIN\n|-sidestart|p1: elvisma|move: Stealth Rock\n|\n|upkeep\n|c|\u2606elvisma|nvm\n|\n|t:|1701111610\n|switch|p1a: ZA BEE|Ribombee, F|100\/100\n|-damage|p1a: ZA BEE|76\/100|[from] Spikes\n|-damage|p1a: ZA BEE|51\/100|[from] Stealth Rock\n|turn|7\n|\n|t:|1701111614\n|switch|p2a: Blaziken|Blaziken, F|100\/100\n|move|p1a: ZA BEE|Sticky Web|p2a: Blaziken\n|-sidestart|p2: mmm6|move: Sticky Web\n|\n|upkeep\n|turn|8\n|\n|t:|1701111625\n|move|p1a: ZA BEE|Quiver Dance|p1a: ZA BEE\n|-boost|p1a: ZA BEE|spa|1\n|-boost|p1a: ZA BEE|spd|1\n|-boost|p1a: ZA BEE|spe|1\n|move|p2a: Blaziken|Hone Claws|p2a: Blaziken\n|-boost|p2a: Blaziken|atk|1\n|-boost|p2a: Blaziken|accuracy|1\n|\n|-ability|p2a: Blaziken|Speed Boost|boost\n|-boost|p2a: Blaziken|spe|1\n|upkeep\n|turn|9\n|\n|t:|1701111636\n|-terastallize|p2a: Blaziken|Ground\n|move|p1a: ZA BEE|Moonblast|p2a: Blaziken\n|-damage|p2a: Blaziken|1\/100\n|-unboost|p2a: Blaziken|spa|1\n|move|p2a: Blaziken|Blaze Kick|p1a: ZA BEE\n|-supereffective|p1a: ZA BEE\n|-damage|p1a: ZA BEE|0 fnt\n|faint|p1a: ZA BEE\n|\n|-ability|p2a: Blaziken|Speed Boost|boost\n|-boost|p2a: Blaziken|spe|1\n|upkeep\n|c|\u2606elvisma|QUIVER DANCE BEEE\n|c|\u2606elvisma|dam it\n|c|\u2606elvisma|1%\n|c|\u2606elvisma|thats karma right there\n|\n|t:|1701111664\n|switch|p1a: V create spam|Victini|100\/100\n|-damage|p1a: V create spam|76\/100|[from] Spikes\n|-damage|p1a: V create spam|51\/100|[from] Stealth Rock\n|turn|10\n|\n|t:|1701111669\n|move|p2a: Blaziken|Stone Edge|p1a: V create spam\n|-supereffective|p1a: V create spam\n|-damage|p1a: V create spam|0 fnt\n|faint|p1a: V create spam\n|\n|-ability|p2a: Blaziken|Speed Boost|boost\n|-boost|p2a: Blaziken|spe|1\n|upkeep\n|\n|t:|1701111673\n|switch|p1a: touchgrassdrinkH2O|Ogerpon-Wellspring, F|100\/100\n|-damage|p1a: touchgrassdrinkH2O|76\/100|[from] Spikes\n|-damage|p1a: touchgrassdrinkH2O|63\/100|[from] Stealth Rock\n|turn|11\n|\n|t:|1701111678\n|move|p2a: Blaziken|High Jump Kick|p1a: touchgrassdrinkH2O\n|-damage|p1a: touchgrassdrinkH2O|0 fnt\n|faint|p1a: touchgrassdrinkH2O\n|\n|-ability|p2a: Blaziken|Speed Boost|boost\n|-boost|p2a: Blaziken|spe|1\n|upkeep\n|c|\u2606elvisma|gg\n|c|\u2606mmm6|gg\n|-message|elvisma forfeited.\n|\n|win|mmm6\n|raw|elvisma's rating: 1719 &rarr; <strong>1698<\/strong><br \/>(-21 for losing)\n|raw|mmm6's rating: 1700 &rarr; <strong>1721<\/strong><br \/>(+21 for winning)\n","uploadtime":1701111692,"views":1,"p1id":"elvisma","p2id":"mmm6","formatid":"gen9nationaldex","rating":1698,"private":0,"password":""}