{"id":"gen9nationaldex-1993957311","p1":"fallmoon ok","p2":"sty2","format":"[Gen 9] National Dex","log":"|j|\u2606fallmoon ok\n|j|\u2606sty2\n|t:|1700382623\n|gametype|singles\n|player|p1|fallmoon ok|265|1580\n|player|p2|sty2|265|1635\n|teamsize|p1|6\n|teamsize|p2|6\n|gen|9\n|tier|[Gen 9] National Dex\n|rated|\n|rule|HP Percentage Mod: HP is shown in percentages\n|rule|Endless Battle Clause: Forcing endless battles is banned\n|rule|OHKO Clause: OHKO moves are banned\n|rule|Evasion Clause: Evasion abilities, items, and moves are banned\n|rule|Evasion Abilities Clause: Evasion abilities are banned\n|rule|Evasion Items Clause: Evasion items are banned\n|rule|Evasion Moves Clause: Evasion moves are banned\n|rule|Species Clause: Limit one of each Pok\u00e9mon\n|rule|Sleep Clause Mod: Limit one foe put to sleep\n|clearpoke\n|poke|p1|Kyurem|\n|poke|p1|Zamazenta-*|\n|poke|p1|Gliscor, M|\n|poke|p1|Alomomola, F|\n|poke|p1|Mawile, M|\n|poke|p1|Heatran, F|\n|poke|p2|Banette, M|\n|poke|p2|Samurott-Hisui, F|\n|poke|p2|Indeedee, M|\n|poke|p2|Quaquaval, M|\n|poke|p2|Alakazam, M|\n|poke|p2|Skeledirge, M|\n|teampreview\n|\n|t:|1700382638\n|start\n|switch|p1a: Alomomola|Alomomola, F|100\/100\n|switch|p2a: Samurott|Samurott-Hisui, F|100\/100\n|turn|1\n|\n|t:|1700382653\n|move|p2a: Samurott|Ceaseless Edge|p1a: Alomomola\n|-damage|p1a: Alomomola|76\/100\n|-sidestart|p1: fallmoon ok|Spikes\n|move|p1a: Alomomola|Flip Turn|p2a: Samurott\n|-resisted|p2a: Samurott\n|-damage|p2a: Samurott|89\/100\n|\n|t:|1700382657\n|switch|p1a: Zamazenta|Zamazenta|100\/100|[from] Flip Turn\n|-damage|p1a: Zamazenta|88\/100|[from] Spikes\n|-ability|p1a: Zamazenta|Dauntless Shield|boost\n|-boost|p1a: Zamazenta|def|1\n|\n|upkeep\n|turn|2\n|\n|t:|1700382666\n|switch|p2a: Skeledirge|Skeledirge, M|100\/100\n|move|p1a: Zamazenta|Crunch|p2a: Skeledirge\n|-supereffective|p2a: Skeledirge\n|-damage|p2a: Skeledirge|50\/100\n|\n|upkeep\n|turn|3\n|\n|t:|1700382683\n|-terastallize|p2a: Skeledirge|Water\n|move|p1a: Zamazenta|Crunch|p2a: Skeledirge\n|-damage|p2a: Skeledirge|28\/100\n|move|p2a: Skeledirge|Slack Off|p2a: Skeledirge\n|-heal|p2a: Skeledirge|78\/100\n|\n|upkeep\n|turn|4\n|inactive|Battle timer is ON: inactive players will automatically lose when time's up. (requested by sty2)\n|\n|t:|1700382738\n|switch|p1a: Heatran|Heatran, F|100\/100\n|-damage|p1a: Heatran|88\/100|[from] Spikes\n|move|p2a: Skeledirge|Slack Off|p2a: Skeledirge\n|-heal|p2a: Skeledirge|100\/100\n|\n|upkeep\n|turn|5\n|\n|t:|1700382754\n|switch|p2a: Quaquaval|Quaquaval, M|100\/100\n|-terastallize|p1a: Heatran|Grass\n|move|p1a: Heatran|Solar Beam||[still]\n|-prepare|p1a: Heatran|Solar Beam\n|-enditem|p1a: Heatran|Power Herb\n|-anim|p1a: Heatran|Solar Beam|p2a: Quaquaval\n|-supereffective|p2a: Quaquaval\n|-damage|p2a: Quaquaval|0 fnt\n|faint|p2a: Quaquaval\n|\n|upkeep\n|inactive|sty2 has 120 seconds left.\n|\n|t:|1700382784\n|switch|p2a: Indeedee|Indeedee, M|100\/100\n|-fieldstart|move: Psychic Terrain|[from] ability: Psychic Surge|[of] p2a: Indeedee\n|turn|6\n|\n|t:|1700382792\n|move|p2a: Indeedee|Encore|p1a: Heatran\n|-start|p1a: Heatran|Encore\n|move|p1a: Heatran|Solar Beam||[still]\n|-prepare|p1a: Heatran|Solar Beam\n|\n|upkeep\n|turn|7\n|\n|t:|1700382800\n|move|p2a: Indeedee|Expanding Force|p1a: Heatran\n|-damage|p1a: Heatran|22\/100\n|-damage|p2a: Indeedee|90\/100|[from] item: Life Orb\n|move|p1a: Heatran|Solar Beam|p2a: Indeedee|[from]lockedmove\n|-damage|p2a: Indeedee|31\/100\n|\n|upkeep\n|turn|8\n|\n|t:|1700382806\n|switch|p1a: Gliscor|Gliscor, M|100\/100\n|move|p2a: Indeedee|Expanding Force|p1a: Gliscor\n|-damage|p1a: Gliscor|9\/100\n|-damage|p2a: Indeedee|21\/100|[from] item: Life Orb\n|\n|-status|p1a: Gliscor|tox|[from] item: Toxic Orb\n|upkeep\n|turn|9\n|\n|t:|1700382814\n|move|p2a: Indeedee|Expanding Force|p1a: Gliscor\n|-damage|p1a: Gliscor|0 fnt\n|faint|p1a: Gliscor\n|-damage|p2a: Indeedee|11\/100|[from] item: Life Orb\n|\n|upkeep\n|\n|t:|1700382828\n|switch|p1a: Zamazenta|Zamazenta|88\/100\n|-damage|p1a: Zamazenta|76\/100|[from] Spikes\n|turn|10\n|\n|t:|1700382835\n|switch|p2a: Banette|Banette, M|100\/100\n|move|p1a: Zamazenta|Close Combat|p2a: Banette\n|-immune|p2a: Banette\n|\n|-fieldend|move: Psychic Terrain\n|upkeep\n|turn|11\n|\n|t:|1700382843\n|switch|p1a: Alomomola|Alomomola, F|100\/100\n|detailschange|p2a: Banette|Banette-Mega, M\n|-mega|p2a: Banette|Banette|Banettite\n|move|p2a: Banette|Poltergeist|p1a: Alomomola\n|-activate|p1a: Alomomola|move: Poltergeist|Heavy-Duty Boots\n|-damage|p1a: Alomomola|56\/100\n|\n|upkeep\n|turn|12\n|\n|t:|1700382857\n|move|p2a: Banette|Poltergeist|p1a: Alomomola\n|-activate|p1a: Alomomola|move: Poltergeist|Heavy-Duty Boots\n|-damage|p1a: Alomomola|10\/100\n|move|p1a: Alomomola|Flip Turn|p2a: Banette\n|-damage|p2a: Banette|75\/100\n|\n|t:|1700382865\n|switch|p1a: Mawile|Mawile, M|100\/100|[from] Flip Turn\n|-damage|p1a: Mawile|88\/100|[from] Spikes\n|-ability|p1a: Mawile|Intimidate|boost\n|-unboost|p2a: Banette|atk|1\n|\n|upkeep\n|turn|13\n|\n|t:|1700382872\n|detailschange|p1a: Mawile|Mawile-Mega, M\n|-mega|p1a: Mawile|Mawile|Mawilite\n|move|p2a: Banette|Destiny Bond|p2a: Banette\n|-singlemove|p2a: Banette|Destiny Bond\n|move|p1a: Mawile|Knock Off|p2a: Banette\n|-supereffective|p2a: Banette\n|-damage|p2a: Banette|0 fnt\n|faint|p2a: Banette\n|-activate|p2a: Banette|move: Destiny Bond\n|faint|p1a: Mawile\n|\n|upkeep\n|\n|t:|1700382888\n|switch|p2a: Indeedee|Indeedee, M|11\/100\n|switch|p1a: Zamazenta|Zamazenta|76\/100\n|-damage|p1a: Zamazenta|64\/100|[from] Spikes\n|-fieldstart|move: Psychic Terrain|[from] ability: Psychic Surge|[of] p2a: Indeedee\n|turn|14\n|\n|t:|1700382904\n|move|p1a: Zamazenta|Close Combat|p2a: Indeedee\n|-damage|p2a: Indeedee|0 fnt\n|-unboost|p1a: Zamazenta|def|1\n|-unboost|p1a: Zamazenta|spd|1\n|faint|p2a: Indeedee\n|\n|upkeep\n|\n|t:|1700382907\n|switch|p2a: Alakazam|Alakazam, M|100\/100\n|turn|15\n|inactive|fallmoon ok has 120 seconds left.\n|\n|t:|1700382941\n|switch|p1a: Heatran|Heatran, F, tera:Grass|22\/100\n|-damage|p1a: Heatran|10\/100|[from] Spikes\n|move|p2a: Alakazam|Expanding Force|p1a: Heatran\n|-damage|p1a: Heatran|0 fnt\n|faint|p1a: Heatran\n|\n|upkeep\n|\n|t:|1700382945\n|switch|p1a: Kyurem|Kyurem|100\/100\n|-damage|p1a: Kyurem|88\/100|[from] Spikes\n|-ability|p1a: Kyurem|Pressure\n|turn|16\n|\n|t:|1700382947\n|move|p2a: Alakazam|Expanding Force|p1a: Kyurem\n|-damage|p1a: Kyurem|9\/100\n|move|p1a: Kyurem|Dragon Dance|p1a: Kyurem\n|-boost|p1a: Kyurem|atk|1\n|-boost|p1a: Kyurem|spe|1\n|\n|upkeep\n|turn|17\n|\n|t:|1700382951\n|move|p2a: Alakazam|Expanding Force|p1a: Kyurem\n|-damage|p1a: Kyurem|0 fnt\n|faint|p1a: Kyurem\n|\n|upkeep\n|-message|fallmoon ok forfeited.\n|\n|win|sty2\n|raw|fallmoon ok's rating: 1580 &rarr; <strong>1563<\/strong><br \/>(-17 for losing)\n|raw|sty2's rating: 1635 &rarr; <strong>1652<\/strong><br \/>(+17 for winning)\n|l|\u2606fallmoon ok\n","uploadtime":1700383038,"views":9,"p1id":"fallmoonok","p2id":"sty2","formatid":"gen9nationaldex","rating":1563,"private":0,"password":""}