{"id":"gen9nationaldex-1995797086","p1":"Btmj02","p2":"pablo ruiz pikachu","format":"[Gen 9] National Dex","log":"|html|<div class=\"broadcast-blue\"><strong>[Gen 9] National Dex is currently suspecting Sneasler! For information on how to participate check out the <a href=\"https:\/\/www.smogon.com\/forums\/threads\/sv-national-dex-suspect-8-just-dance.3731534\/\">suspect thread<\/a>.<\/strong><\/div>\n|j|\u2606Btmj02\n|j|\u2606pablo ruiz pikachu\n|t:|1700604080\n|gametype|singles\n|player|p1|Btmj02|102|1146\n|player|p2|pablo ruiz pikachu|artist|1057\n|teamsize|p1|6\n|teamsize|p2|6\n|gen|9\n|tier|[Gen 9] National Dex\n|rated|\n|rule|HP Percentage Mod: HP is shown in percentages\n|rule|Endless Battle Clause: Forcing endless battles is banned\n|rule|OHKO Clause: OHKO moves are banned\n|rule|Evasion Clause: Evasion abilities, items, and moves are banned\n|rule|Evasion Abilities Clause: Evasion abilities are banned\n|rule|Evasion Items Clause: Evasion items are banned\n|rule|Evasion Moves Clause: Evasion moves are banned\n|rule|Species Clause: Limit one of each Pok\u00e9mon\n|rule|Sleep Clause Mod: Limit one foe put to sleep\n|clearpoke\n|poke|p1|Alakazam, M|\n|poke|p1|Braviary-Hisui, M|\n|poke|p1|Slowking-Galar, M|\n|poke|p1|Hoopa-Unbound|\n|poke|p1|Gardevoir, F|\n|poke|p1|Tapu Lele|\n|poke|p2|Hatterene, F|\n|poke|p2|Garganacl, M|\n|poke|p2|Grimmsnarl, M|\n|poke|p2|Ting-Lu|\n|poke|p2|Serperior, F|\n|poke|p2|Sinistcha-Masterpiece|\n|teampreview\n|inactive|Battle timer is ON: inactive players will automatically lose when time's up. (requested by pablo ruiz pikachu)\n|\n|t:|1700604086\n|start\n|switch|p1a: Braviary|Braviary-Hisui, M|100\/100\n|switch|p2a: rebotitos|Hatterene, F, shiny|100\/100\n|turn|1\n|\n|t:|1700604096\n|move|p1a: Braviary|Esper Wing|p2a: rebotitos\n|-resisted|p2a: rebotitos\n|-damage|p2a: rebotitos|54\/100\n|-boost|p1a: Braviary|spe|1\n|move|p2a: rebotitos|Trick|p1a: Braviary\n|-activate|p2a: rebotitos|move: Trick|[of] p1a: Braviary\n|-item|p1a: Braviary|Choice Scarf|[from] move: Trick\n|-item|p2a: rebotitos|Leftovers|[from] move: Trick\n|\n|-heal|p2a: rebotitos|60\/100|[from] item: Leftovers\n|upkeep\n|turn|2\n|\n|t:|1700604112\n|move|p1a: Braviary|Shadow Ball|p2a: rebotitos\n|-supereffective|p2a: rebotitos\n|-damage|p2a: rebotitos|5\/100\n|move|p2a: rebotitos|Nuzzle|p1a: Braviary\n|-supereffective|p1a: Braviary\n|-damage|p1a: Braviary|89\/100\n|-status|p1a: Braviary|par\n|\n|-heal|p2a: rebotitos|11\/100|[from] item: Leftovers\n|upkeep\n|turn|3\n|\n|t:|1700604125\n|switch|p2a: molestio|Grimmsnarl, M, shiny|100\/100\n|move|p1a: Braviary|Shadow Ball|p2a: molestio\n|-resisted|p2a: molestio\n|-damage|p2a: molestio|70\/100\n|\n|upkeep\n|turn|4\n|\n|t:|1700604137\n|switch|p1a: Hoopa|Hoopa-Unbound|100\/100\n|move|p2a: molestio|Light Screen|p2a: molestio\n|-sidestart|p2: pablo ruiz pikachu|move: Light Screen\n|\n|upkeep\n|turn|5\n|\n|t:|1700604145\n|move|p2a: molestio|Reflect|p2a: molestio\n|-sidestart|p2: pablo ruiz pikachu|Reflect\n|move|p1a: Hoopa|Gunk Shot|p2a: molestio\n|-supereffective|p2a: molestio\n|-damage|p2a: molestio|30\/100\n|-item|p1a: Hoopa|Light Clay|[from] ability: Magician|[of] p2a: molestio\n|\n|upkeep\n|turn|6\n|\n|t:|1700604163\n|switch|p2a: bicho de tierra|Ting-Lu|100\/100\n|-ability|p2a: bicho de tierra|Vessel of Ruin\n|-terastallize|p1a: Hoopa|Poison\n|move|p1a: Hoopa|Gunk Shot|p2a: bicho de tierra|[miss]\n|-miss|p1a: Hoopa|p2a: bicho de tierra\n|\n|upkeep\n|turn|7\n|\n|t:|1700604178\n|move|p1a: Hoopa|Ice Punch|p2a: bicho de tierra\n|-supereffective|p2a: bicho de tierra\n|-damage|p2a: bicho de tierra|84\/100\n|move|p2a: bicho de tierra|Stealth Rock|p1a: Hoopa\n|-sidestart|p1: Btmj02|move: Stealth Rock\n|\n|-heal|p2a: bicho de tierra|90\/100|[from] item: Leftovers\n|upkeep\n|turn|8\n|\n|t:|1700604188\n|move|p1a: Hoopa|Drain Punch|p2a: bicho de tierra\n|-supereffective|p2a: bicho de tierra\n|-damage|p2a: bicho de tierra|74\/100\n|move|p2a: bicho de tierra|Earthquake|p1a: Hoopa\n|-supereffective|p1a: Hoopa\n|-damage|p1a: Hoopa|0 fnt\n|faint|p1a: Hoopa\n|\n|-heal|p2a: bicho de tierra|80\/100|[from] item: Leftovers\n|upkeep\n|inactive|Btmj02 has 120 seconds left.\n|\n|t:|1700604208\n|switch|p1a: Tapu Lele|Tapu Lele|100\/100\n|-damage|p1a: Tapu Lele|88\/100|[from] Stealth Rock\n|-fieldstart|move: Psychic Terrain|[from] ability: Psychic Surge|[of] p1a: Tapu Lele\n|turn|9\n|\n|t:|1700604216\n|move|p1a: Tapu Lele|Toxic|p2a: bicho de tierra\n|-status|p2a: bicho de tierra|tox\n|move|p2a: bicho de tierra|Whirlwind|p1a: Tapu Lele\n|drag|p1a: Alakazam|Alakazam, M|100\/100\n|\n|-heal|p2a: bicho de tierra|86\/100 tox|[from] item: Leftovers\n|-damage|p2a: bicho de tierra|80\/100 tox|[from] psn\n|upkeep\n|turn|10\n|inactive|Btmj02 has 120 seconds left.\n|\n|t:|1700604232\n|move|p1a: Alakazam|Dazzling Gleam|p2a: bicho de tierra\n|-supereffective|p2a: bicho de tierra\n|-damage|p2a: bicho de tierra|65\/100 tox\n|move|p2a: bicho de tierra|Ruination|p1a: Alakazam\n|-damage|p1a: Alakazam|50\/100\n|\n|-heal|p2a: bicho de tierra|71\/100 tox|[from] item: Leftovers\n|-damage|p2a: bicho de tierra|59\/100 tox|[from] psn\n|upkeep\n|turn|11\n|inactive|Btmj02 has 120 seconds left.\n|\n|t:|1700604243\n|move|p1a: Alakazam|Focus Blast|p2a: bicho de tierra\n|-supereffective|p2a: bicho de tierra\n|-damage|p2a: bicho de tierra|37\/100 tox\n|move|p2a: bicho de tierra|Ruination|p1a: Alakazam\n|-damage|p1a: Alakazam|25\/100\n|\n|-heal|p2a: bicho de tierra|43\/100 tox|[from] item: Leftovers\n|-damage|p2a: bicho de tierra|25\/100 tox|[from] psn\n|-sideend|p2: pablo ruiz pikachu|move: Light Screen\n|upkeep\n|turn|12\n|inactive|Btmj02 has 120 seconds left.\n|\n|t:|1700604256\n|move|p1a: Alakazam|Dazzling Gleam|p2a: bicho de tierra\n|-supereffective|p2a: bicho de tierra\n|-damage|p2a: bicho de tierra|0 fnt\n|faint|p2a: bicho de tierra\n|\n|-sideend|p2: pablo ruiz pikachu|Reflect\n|upkeep\n|\n|t:|1700604263\n|switch|p2a: molestio|Grimmsnarl, M, shiny|30\/100\n|turn|13\n|\n|t:|1700604269\n|move|p2a: molestio|Light Screen|p2a: molestio\n|-sidestart|p2: pablo ruiz pikachu|move: Light Screen\n|move|p1a: Alakazam|Dazzling Gleam|p2a: molestio\n|-supereffective|p2a: molestio\n|-damage|p2a: molestio|0 fnt\n|faint|p2a: molestio\n|\n|-fieldend|move: Psychic Terrain\n|upkeep\n|\n|t:|1700604277\n|switch|p2a: la v\u00edbora de tu ex|Serperior, F|100\/100\n|turn|14\n|\n|t:|1700604283\n|move|p1a: Alakazam|Psychic|p2a: la v\u00edbora de tu ex\n|-damage|p2a: la v\u00edbora de tu ex|71\/100\n|move|p2a: la v\u00edbora de tu ex|Leaf Storm|p1a: Alakazam\n|-damage|p1a: Alakazam|0 fnt\n|-boost|p2a: la v\u00edbora de tu ex|spa|2\n|faint|p1a: Alakazam\n|\n|-heal|p2a: la v\u00edbora de tu ex|77\/100|[from] item: Leftovers\n|upkeep\n|\n|t:|1700604297\n|switch|p1a: Slowking|Slowking-Galar, M|100\/100\n|-damage|p1a: Slowking|88\/100|[from] Stealth Rock\n|turn|15\n|\n|t:|1700604302\n|-terastallize|p2a: la v\u00edbora de tu ex|Fire\n|move|p2a: la v\u00edbora de tu ex|Leaf Storm|p1a: Slowking\n|-resisted|p1a: Slowking\n|-damage|p1a: Slowking|53\/100\n|-boost|p2a: la v\u00edbora de tu ex|spa|2\n|move|p1a: Slowking|Flamethrower|p2a: la v\u00edbora de tu ex\n|-resisted|p2a: la v\u00edbora de tu ex\n|-damage|p2a: la v\u00edbora de tu ex|69\/100\n|\n|-heal|p2a: la v\u00edbora de tu ex|75\/100|[from] item: Leftovers\n|-heal|p1a: Slowking|59\/100|[from] item: Leftovers\n|upkeep\n|turn|16\n|\n|t:|1700604318\n|move|p2a: la v\u00edbora de tu ex|Leaf Storm|p1a: Slowking\n|-resisted|p1a: Slowking\n|-damage|p1a: Slowking|5\/100\n|-boost|p2a: la v\u00edbora de tu ex|spa|2\n|move|p1a: Slowking|Future Sight|p2a: la v\u00edbora de tu ex\n|-start|p1a: Slowking|move: Future Sight\n|\n|-heal|p2a: la v\u00edbora de tu ex|81\/100|[from] item: Leftovers\n|-heal|p1a: Slowking|11\/100|[from] item: Leftovers\n|upkeep\n|turn|17\n|\n|t:|1700604332\n|move|p2a: la v\u00edbora de tu ex|Hidden Power|p1a: Slowking\n|-damage|p1a: Slowking|0 fnt\n|faint|p1a: Slowking\n|\n|-heal|p2a: la v\u00edbora de tu ex|88\/100|[from] item: Leftovers\n|-sideend|p2: pablo ruiz pikachu|move: Light Screen\n|upkeep\n|\n|t:|1700604342\n|switch|p1a: Braviary|Braviary-Hisui, M|89\/100 par\n|-damage|p1a: Braviary|64\/100 par|[from] Stealth Rock\n|turn|18\n|\n|t:|1700604346\n|move|p2a: la v\u00edbora de tu ex|Hidden Power|p1a: Braviary\n|-damage|p1a: Braviary|0 fnt\n|faint|p1a: Braviary\n|\n|-end|p2a: la v\u00edbora de tu ex|move: Future Sight\n|-damage|p2a: la v\u00edbora de tu ex|14\/100\n|-heal|p2a: la v\u00edbora de tu ex|20\/100|[from] item: Leftovers\n|upkeep\n|\n|t:|1700604357\n|switch|p1a: Gardevoir|Gardevoir, F|100\/100\n|-damage|p1a: Gardevoir|88\/100|[from] Stealth Rock\n|turn|19\n|\n|t:|1700604367\n|detailschange|p1a: Gardevoir|Gardevoir-Mega, F\n|-mega|p1a: Gardevoir|Gardevoir|Gardevoirite\n|move|p2a: la v\u00edbora de tu ex|Leaf Storm|p1a: Gardevoir\n|-damage|p1a: Gardevoir|0 fnt\n|faint|p1a: Gardevoir\n|\n|-heal|p2a: la v\u00edbora de tu ex|26\/100|[from] item: Leftovers\n|upkeep\n|\n|t:|1700604375\n|switch|p1a: Tapu Lele|Tapu Lele|88\/100\n|-damage|p1a: Tapu Lele|76\/100|[from] Stealth Rock\n|-fieldstart|move: Psychic Terrain|[from] ability: Psychic Surge|[of] p1a: Tapu Lele\n|turn|20\n|\n|t:|1700604381\n|move|p2a: la v\u00edbora de tu ex|Leaf Storm|p1a: Tapu Lele\n|-damage|p1a: Tapu Lele|0 fnt\n|faint|p1a: Tapu Lele\n|\n|win|pablo ruiz pikachu\n|raw|Btmj02's rating: 1146 &rarr; <strong>1115<\/strong><br \/>(-31 for losing)\n|raw|pablo ruiz pikachu's rating: 1057 &rarr; <strong>1096<\/strong><br \/>(+39 for winning)\n|l|\u2606Btmj02\n","uploadtime":1700604389,"views":0,"p1id":"btmj02","p2id":"pabloruizpikachu","formatid":"gen9nationaldex","rating":1096,"private":0,"password":""}