{"id":"gen9nationaldex-1991657466","p1":"KillerZodiac03","p2":"matu 1402","format":"[Gen 9] National Dex","log":"|j|\u2606KillerZodiac03\n|j|\u2606matu 1402\n|t:|1700099274\n|gametype|singles\n|player|p1|KillerZodiac03|ghetsis-gen5bw|\n|player|p2|matu 1402|cheren-gen5bw2|\n|teamsize|p1|6\n|teamsize|p2|6\n|gen|9\n|tier|[Gen 9] National Dex\n|rule|HP Percentage Mod: HP is shown in percentages\n|rule|Endless Battle Clause: Forcing endless battles is banned\n|rule|OHKO Clause: OHKO moves are banned\n|rule|Evasion Clause: Evasion abilities, items, and moves are banned\n|rule|Evasion Abilities Clause: Evasion abilities are banned\n|rule|Evasion Items Clause: Evasion items are banned\n|rule|Evasion Moves Clause: Evasion moves are banned\n|rule|Species Clause: Limit one of each Pok\u00e9mon\n|rule|Sleep Clause Mod: Limit one foe put to sleep\n|clearpoke\n|poke|p1|Metagross|\n|poke|p1|Garganacl, M|\n|poke|p1|Urshifu-*, M|\n|poke|p1|Kartana|\n|poke|p1|Grimmsnarl, M|\n|poke|p1|Serperior, M|\n|poke|p2|Blacephalon|\n|poke|p2|Polteageist|\n|poke|p2|Mimikyu, F|\n|poke|p2|Corsola-Galar, F|\n|poke|p2|Shuckle, F|\n|poke|p2|Runerigus, M|\n|teampreview\n|inactive|Battle timer is ON: inactive players will automatically lose when time's up. (requested by matu 1402)\n|j| PeppsiAsiEs\n|j| Sylveon(404)\n|c| Sylveon(404)|el  q pierde\n|inactive|KillerZodiac03 has 270 seconds left.\n|c| Sylveon(404)|se retira del server\n|j| Void280\n|c| PeppsiAsiEs|Les deseo un buen combate a ambos\n|c| Sylveon(404)|:V\n|j| WSoldat\n|c|\u2606matu 1402|La tercera es ma vencida\n|c|\u2606KillerZodiac03|tu madre se va a retirar\n|c|\u2606matu 1402|Recuerdenlo\n|inactive|KillerZodiac03 has 240 seconds left.\n|c| Void280|Ese Urshifu no estaba en Uber?\n|c|\u2606KillerZodiac03|yo no me voy del server hasta ganarle a koichi\n|c| Sylveon(404)|https:\/\/youtu.be\/mHjaXEkAt-A?si=5hh4wLGYPWfMzXcW killer cuando sale corsola\n|c| WSoldat|Runerigus omaga\n|c|\u2606KillerZodiac03|ya con eso me voy feliz\n|c|\u2606matu 1402|Xd\n|\n|t:|1700099352\n|start\n|switch|p1a: Grimmsnarl|Grimmsnarl, M|100\/100\n|switch|p2a: Shuckle|Shuckle, F|100\/100\n|turn|1\n|c| WSoldat|Schukle besto fantasma\n|c| PeppsiAsiEs|\u00bf?\n|c| PeppsiAsiEs|Pq shuckle\n|c| Sylveon(404)|basura\n|c| PeppsiAsiEs|osea es buen staller\n|c| Sylveon(404)|:V\n|c| PeppsiAsiEs|pero no mames\n|c| Sylveon(404)|AAA\n|inactive|KillerZodiac03 has 270 seconds left.\n|inactive|matu 1402 has 270 seconds left.\n|c| Sylveon(404)|TRICK ROOM\n|c| Void280|Oye Sylveon ese Urshifu no estaba en Uber?\n|c|\u2606matu 1402|Soy tonto\n|c| Sylveon(404)|el uber\n|c| Sylveon(404)|es el siniestro\n|\n|t:|1700099395\n|switch|p1a: Metagross|Metagross, shiny|100\/100\n|move|p2a: Shuckle|Stealth Rock|p1a: Metagross\n|-sidestart|p1: KillerZodiac03|move: Stealth Rock\n|\n|upkeep\n|turn|2\n|c| Sylveon(404)|el brusco\n|c|\u2606KillerZodiac03|el urshifu estilo brusco es el que esta en uber\n|c| Void280|Pues dice Lucha\/siniestro\n|inactive|KillerZodiac03 has 270 seconds left.\n|c|\u2606KillerZodiac03|el fluido no\n|c| WSoldat|Es el rapid strike seguro\n|c| Sylveon(404)|es algo bug\n|\n|t:|1700099414\n|move|p1a: Metagross|Cosmic Power|p1a: Metagross\n|-boost|p1a: Metagross|def|1\n|-boost|p1a: Metagross|spd|1\n|move|p2a: Shuckle|Sticky Web|p1a: Metagross\n|-sidestart|p1: KillerZodiac03|move: Sticky Web\n|\n|upkeep\n|turn|3\n|c| Void280|Ah vale vale\n|c| Sylveon(404)|de showdown\n|inactive|KillerZodiac03 has 270 seconds left.\n|\n|t:|1700099420\n|move|p1a: Metagross|Cosmic Power|p1a: Metagross\n|-boost|p1a: Metagross|def|1\n|-boost|p1a: Metagross|spd|1\n|move|p2a: Shuckle|Knock Off|p1a: Metagross\n|-supereffective|p1a: Metagross\n|-damage|p1a: Metagross|95\/100\n|-enditem|p1a: Metagross|Leftovers|[from] move: Knock Off|[of] p2a: Shuckle\n|\n|upkeep\n|turn|4\n|inactive|matu 1402 has 270 seconds left.\n|c| WSoldat|Creo que hasta que no sale no dice cual es\n|\n|t:|1700099429\n|move|p1a: Metagross|Cosmic Power|p1a: Metagross\n|-boost|p1a: Metagross|def|1\n|-boost|p1a: Metagross|spd|1\n|move|p2a: Shuckle|Knock Off|p1a: Metagross\n|-supereffective|p1a: Metagross\n|-damage|p1a: Metagross|92\/100\n|\n|upkeep\n|turn|5\n|\n|t:|1700099435\n|move|p1a: Metagross|Cosmic Power|p1a: Metagross\n|-boost|p1a: Metagross|def|1\n|-boost|p1a: Metagross|spd|1\n|move|p2a: Shuckle|Knock Off|p1a: Metagross\n|-supereffective|p1a: Metagross\n|-damage|p1a: Metagross|89\/100\n|\n|upkeep\n|turn|6\n|c|\u2606matu 1402|Es el de agua\n|\n|t:|1700099443\n|move|p1a: Metagross|Toxic|p2a: Shuckle\n|-status|p2a: Shuckle|tox\n|move|p2a: Shuckle|Knock Off|p1a: Metagross\n|-supereffective|p1a: Metagross\n|-damage|p1a: Metagross|87\/100\n|\n|-damage|p2a: Shuckle|94\/100 tox|[from] psn\n|upkeep\n|turn|7\n|\n|t:|1700099453\n|move|p1a: Metagross|Cosmic Power|p1a: Metagross\n|-boost|p1a: Metagross|def|1\n|-boost|p1a: Metagross|spd|1\n|move|p2a: Shuckle|Knock Off|p1a: Metagross\n|-supereffective|p1a: Metagross\n|-damage|p1a: Metagross|83\/100\n|\n|-damage|p2a: Shuckle|82\/100 tox|[from] psn\n|upkeep\n|turn|8\n|\n|t:|1700099462\n|move|p1a: Metagross|Zen Headbutt|p2a: Shuckle\n|-damage|p2a: Shuckle|51\/100 tox\n|-enditem|p2a: Shuckle|Red Card|[of] p1a: Metagross\n|drag|p1a: Serperior|Serperior, M|100\/100\n|-damage|p1a: Serperior|88\/100|[from] Stealth Rock\n|-activate|p1a: Serperior|move: Sticky Web\n|-boost|p1a: Serperior|spe|1\n|move|p2a: Shuckle|Knock Off|p1a: Serperior\n|-damage|p1a: Serperior|82\/100\n|-enditem|p1a: Serperior|Choice Scarf|[from] move: Knock Off|[of] p2a: Shuckle\n|\n|-damage|p2a: Shuckle|33\/100 tox|[from] psn\n|upkeep\n|turn|9\n|c| Void280|pfff\n|c| Sylveon(404)|usa a shukle sweep con rompecoraza\n|c| WSoldat|Vete a la verga metagross staller\n|\n|t:|1700099480\n|move|p1a: Serperior|Leaf Storm|p2a: Shuckle\n|-damage|p2a: Shuckle|8\/100 tox\n|-boost|p1a: Serperior|spa|2\n|move|p2a: Shuckle|Toxic|p1a: Serperior\n|-status|p1a: Serperior|tox\n|\n|-damage|p1a: Serperior|75\/100 tox|[from] psn\n|-damage|p2a: Shuckle|0 fnt|[from] psn\n|faint|p2a: Shuckle\n|upkeep\n|\n|t:|1700099491\n|switch|p2a: Mimikyu|Mimikyu, F, shiny|100\/100\n|turn|10\n|l| Void280\n|\n|t:|1700099504\n|move|p1a: Serperior|Giga Drain|p2a: Mimikyu\n|-activate|p2a: Mimikyu|ability: Disguise\n|-damage|p2a: Mimikyu|100\/100\n|detailschange|p2a: Mimikyu|Mimikyu-Busted, F, shiny\n|-damage|p2a: Mimikyu|88\/100|[from] pokemon: Mimikyu-Busted\n|-zpower|p2a: Mimikyu\n|move|p2a: Mimikyu|Let's Snuggle Forever|p1a: Serperior|[zeffect]\n|-damage|p1a: Serperior|0 fnt\n|faint|p1a: Serperior\n|\n|upkeep\n|\n|t:|1700099527\n|switch|p1a: Garganacl|Garganacl, M, shiny|100\/100\n|-damage|p1a: Garganacl|88\/100|[from] Stealth Rock\n|-activate|p1a: Garganacl|move: Sticky Web\n|-unboost|p1a: Garganacl|spe|1\n|turn|11\n|\n|t:|1700099535\n|switch|p2a: Runerigus|Runerigus, M|100\/100\n|move|p1a: Garganacl|Stealth Rock|p2a: Runerigus\n|-sidestart|p2: matu 1402|move: Stealth Rock\n|\n|-heal|p1a: Garganacl|94\/100|[from] item: Leftovers\n|upkeep\n|turn|12\n|j| Void280\n|c| Sylveon(404)|el q pierde es baneado o ser obligado a usar stall una semana :v\n|\n|t:|1700099551\n|move|p2a: Runerigus|Iron Defense|p2a: Runerigus\n|-boost|p2a: Runerigus|def|2\n|move|p1a: Garganacl|Iron Defense|p1a: Garganacl\n|-boost|p1a: Garganacl|def|2\n|\n|-heal|p1a: Garganacl|100\/100|[from] item: Leftovers\n|upkeep\n|turn|13\n|\n|t:|1700099558\n|move|p2a: Runerigus|Iron Defense|p2a: Runerigus\n|-boost|p2a: Runerigus|def|2\n|move|p1a: Garganacl|Iron Defense|p1a: Garganacl\n|-boost|p1a: Garganacl|def|2\n|\n|upkeep\n|turn|14\n|\n|t:|1700099564\n|move|p2a: Runerigus|Iron Defense|p2a: Runerigus\n|-boost|p2a: Runerigus|def|2\n|move|p1a: Garganacl|Iron Defense|p1a: Garganacl\n|-boost|p1a: Garganacl|def|2\n|\n|upkeep\n|turn|15\n|\n|t:|1700099584\n|move|p2a: Runerigus|Body Press|p1a: Garganacl\n|-supereffective|p1a: Garganacl\n|-damage|p1a: Garganacl|65\/100\n|move|p1a: Garganacl|Stealth Rock||[still]\n|-fail|p1a: Garganacl\n|\n|-heal|p1a: Garganacl|71\/100|[from] item: Leftovers\n|upkeep\n|turn|16\n|c| Sylveon(404)|down\n|\n|t:|1700099592\n|move|p2a: Runerigus|Body Press|p1a: Garganacl\n|-supereffective|p1a: Garganacl\n|-damage|p1a: Garganacl|34\/100\n|move|p1a: Garganacl|Salt Cure|p2a: Runerigus\n|-resisted|p2a: Runerigus\n|-damage|p2a: Runerigus|99\/100\n|-start|p2a: Runerigus|Salt Cure\n|\n|-heal|p2a: Runerigus|100\/100|[from] item: Leftovers\n|-heal|p1a: Garganacl|40\/100|[from] item: Leftovers\n|-damage|p2a: Runerigus|88\/100|[from] Salt Cure\n|upkeep\n|turn|17\n|c|\u2606matu 1402|Garganacle scar\n|inactive|KillerZodiac03 has 270 seconds left.\n|\n|t:|1700099642\n|switch|p1a: Metagross|Metagross, shiny|83\/100\n|-damage|p1a: Metagross|77\/100|[from] Stealth Rock\n|-activate|p1a: Metagross|move: Sticky Web\n|-fail|p1a: Metagross|unboost|[from] ability: Clear Body|[of] p1a: Metagross\n|move|p2a: Runerigus|Body Press|p1a: Metagross\n|-damage|p1a: Metagross|0 fnt\n|faint|p1a: Metagross\n|\n|-heal|p2a: Runerigus|94\/100|[from] item: Leftovers\n|-damage|p2a: Runerigus|82\/100|[from] Salt Cure\n|upkeep\n|inactive|KillerZodiac03 has 240 seconds left.\n|\n|t:|1700099658\n|switch|p1a: Urshifu|Urshifu-Rapid-Strike, M|100\/100\n|-damage|p1a: Urshifu|94\/100|[from] Stealth Rock\n|-activate|p1a: Urshifu|move: Sticky Web\n|-unboost|p1a: Urshifu|spe|1\n|turn|18\n|inactive|KillerZodiac03 has 240 seconds left.\n|\n|t:|1700099665\n|-terastallize|p2a: Runerigus|Ghost\n|move|p1a: Urshifu|Surging Strikes|p2a: Runerigus\n|-crit|p2a: Runerigus\n|-damage|p2a: Runerigus|60\/100\n|-activate|p2a: Runerigus|ability: Wandering Spirit|Unseen Fist|Wandering Spirit|[of] p1a: Urshifu\n|-crit|p2a: Runerigus\n|-damage|p2a: Runerigus|39\/100\n|-crit|p2a: Runerigus\n|-damage|p2a: Runerigus|14\/100\n|-hitcount|p2a: Runerigus|3\n|move|p2a: Runerigus|Body Press|p1a: Urshifu\n|-damage|p1a: Urshifu|0 fnt\n|-activate|p1a: Urshifu|ability: Wandering Spirit|Unseen Fist|Wandering Spirit|[of] p2a: Runerigus\n|faint|p1a: Urshifu\n|\n|-heal|p2a: Runerigus|20\/100|[from] item: Leftovers\n|-damage|p2a: Runerigus|8\/100|[from] Salt Cure\n|upkeep\n|inactive|KillerZodiac03 has 240 seconds left.\n|\n|t:|1700099686\n|switch|p1a: Grimmsnarl|Grimmsnarl, M|100\/100\n|-damage|p1a: Grimmsnarl|88\/100|[from] Stealth Rock\n|-activate|p1a: Grimmsnarl|move: Sticky Web\n|-unboost|p1a: Grimmsnarl|spe|1\n|turn|19\n|\n|t:|1700099706\n|move|p1a: Grimmsnarl|Reflect|p1a: Grimmsnarl\n|-sidestart|p1: KillerZodiac03|Reflect\n|move|p2a: Runerigus|Body Press|p1a: Grimmsnarl\n|-damage|p1a: Grimmsnarl|39\/100\n|\n|-heal|p2a: Runerigus|14\/100|[from] item: Leftovers\n|-damage|p2a: Runerigus|2\/100|[from] Salt Cure\n|upkeep\n|turn|20\n|c| WSoldat|Runerigus carrea muchachos\n|\n|t:|1700099716\n|move|p1a: Grimmsnarl|Light Screen|p1a: Grimmsnarl\n|-sidestart|p1: KillerZodiac03|move: Light Screen\n|move|p2a: Runerigus|Body Press|p1a: Grimmsnarl\n|-crit|p1a: Grimmsnarl\n|-damage|p1a: Grimmsnarl|0 fnt\n|faint|p1a: Grimmsnarl\n|\n|-heal|p2a: Runerigus|8\/100|[from] item: Leftovers\n|-damage|p2a: Runerigus|0 fnt|[from] Salt Cure\n|faint|p2a: Runerigus\n|upkeep\n|c| Sylveon(404)|:v\n|\n|t:|1700099735\n|switch|p1a: Garganacl|Garganacl, M, shiny|40\/100\n|switch|p2a: Polteageist|Polteageist|100\/100\n|-damage|p2a: Polteageist|88\/100|[from] Stealth Rock\n|-damage|p1a: Garganacl|28\/100|[from] Stealth Rock\n|-activate|p1a: Garganacl|move: Sticky Web\n|-unboost|p1a: Garganacl|spe|1\n|turn|21\n|\n|t:|1700099743\n|move|p2a: Polteageist|Shell Smash|p2a: Polteageist\n|-unboost|p2a: Polteageist|def|1\n|-unboost|p2a: Polteageist|spd|1\n|-boost|p2a: Polteageist|atk|2\n|-boost|p2a: Polteageist|spa|2\n|-boost|p2a: Polteageist|spe|2\n|move|p1a: Garganacl|Recover|p1a: Garganacl\n|-heal|p1a: Garganacl|78\/100\n|\n|-heal|p1a: Garganacl|84\/100|[from] item: Leftovers\n|upkeep\n|turn|22\n|\n|t:|1700099754\n|move|p2a: Polteageist|Shadow Ball|p1a: Garganacl\n|-damage|p1a: Garganacl|68\/100\n|move|p1a: Garganacl|Salt Cure|p2a: Polteageist\n|-damage|p2a: Polteageist|46\/100\n|-start|p2a: Polteageist|Salt Cure\n|-ability|p2a: Polteageist|Weak Armor|boost\n|-unboost|p2a: Polteageist|def|1\n|-boost|p2a: Polteageist|spe|2\n|\n|-heal|p1a: Garganacl|74\/100|[from] item: Leftovers\n|-damage|p2a: Polteageist|34\/100|[from] Salt Cure\n|upkeep\n|turn|23\n|\n|t:|1700099765\n|move|p2a: Polteageist|Stored Power|p1a: Garganacl\n|-damage|p1a: Garganacl|22\/100\n|move|p1a: Garganacl|Recover|p1a: Garganacl\n|-heal|p1a: Garganacl|72\/100\n|\n|-heal|p1a: Garganacl|79\/100|[from] item: Leftovers\n|-damage|p2a: Polteageist|22\/100|[from] Salt Cure\n|upkeep\n|turn|24\n|\n|t:|1700099775\n|move|p2a: Polteageist|Stored Power|p1a: Garganacl\n|-damage|p1a: Garganacl|28\/100\n|move|p1a: Garganacl|Recover|p1a: Garganacl\n|-heal|p1a: Garganacl|78\/100\n|\n|-heal|p1a: Garganacl|84\/100|[from] item: Leftovers\n|-damage|p2a: Polteageist|10\/100|[from] Salt Cure\n|upkeep\n|turn|25\n|\n|t:|1700099783\n|move|p2a: Polteageist|Stored Power|p1a: Garganacl\n|-damage|p1a: Garganacl|33\/100\n|move|p1a: Garganacl|Recover|p1a: Garganacl\n|-heal|p1a: Garganacl|83\/100\n|\n|-heal|p1a: Garganacl|89\/100|[from] item: Leftovers\n|-damage|p2a: Polteageist|0 fnt|[from] Salt Cure\n|faint|p2a: Polteageist\n|upkeep\n|\n|t:|1700099802\n|switch|p2a: Mimikyu|Mimikyu-Busted, F, shiny|88\/100\n|-damage|p2a: Mimikyu|76\/100|[from] Stealth Rock\n|turn|26\n|\n|t:|1700099811\n|move|p2a: Mimikyu|Swords Dance|p2a: Mimikyu\n|-boost|p2a: Mimikyu|atk|2\n|move|p1a: Garganacl|Iron Defense|p1a: Garganacl\n|-boost|p1a: Garganacl|def|2\n|\n|-heal|p1a: Garganacl|95\/100|[from] item: Leftovers\n|-sideend|p1: KillerZodiac03|Reflect\n|upkeep\n|turn|27\n|\n|t:|1700099824\n|move|p2a: Mimikyu|Play Rough|p1a: Garganacl\n|-damage|p1a: Garganacl|72\/100\n|move|p1a: Garganacl|Iron Defense|p1a: Garganacl\n|-boost|p1a: Garganacl|def|2\n|\n|-heal|p1a: Garganacl|79\/100|[from] item: Leftovers\n|-sideend|p1: KillerZodiac03|move: Light Screen\n|upkeep\n|turn|28\n|\n|t:|1700099832\n|move|p2a: Mimikyu|Swords Dance|p2a: Mimikyu\n|-boost|p2a: Mimikyu|atk|2\n|move|p1a: Garganacl|Salt Cure|p2a: Mimikyu\n|-damage|p2a: Mimikyu|53\/100\n|-start|p2a: Mimikyu|Salt Cure\n|\n|-heal|p1a: Garganacl|85\/100|[from] item: Leftovers\n|-damage|p2a: Mimikyu|40\/100|[from] Salt Cure\n|upkeep\n|turn|29\n|\n|t:|1700099841\n|move|p2a: Mimikyu|Play Rough|p1a: Garganacl\n|-damage|p1a: Garganacl|61\/100\n|move|p1a: Garganacl|Iron Defense|p1a: Garganacl\n|-boost|p1a: Garganacl|def|2\n|\n|-heal|p1a: Garganacl|67\/100|[from] item: Leftovers\n|-damage|p2a: Mimikyu|28\/100|[from] Salt Cure\n|upkeep\n|turn|30\n|\n|t:|1700099850\n|move|p2a: Mimikyu|Play Rough|p1a: Garganacl\n|-damage|p1a: Garganacl|49\/100\n|move|p1a: Garganacl|Salt Cure|p2a: Mimikyu\n|-damage|p2a: Mimikyu|5\/100\n|\n|-heal|p1a: Garganacl|55\/100|[from] item: Leftovers\n|-damage|p2a: Mimikyu|0 fnt|[from] Salt Cure\n|faint|p2a: Mimikyu\n|upkeep\n|\n|t:|1700099857\n|switch|p2a: Dil2 de Pep|Corsola-Galar, F|100\/100\n|-damage|p2a: Dil2 de Pep|88\/100|[from] Stealth Rock\n|turn|31\n|\n|t:|1700099867\n|switch|p1a: Kartana|Kartana|100\/100\n|-damage|p1a: Kartana|94\/100|[from] Stealth Rock\n|-activate|p1a: Kartana|move: Sticky Web\n|-unboost|p1a: Kartana|spe|1\n|move|p2a: Dil2 de Pep|Night Shade|p1a: Kartana\n|-damage|p1a: Kartana|56\/100\n|\n|upkeep\n|turn|32\n|\n|t:|1700099877\n|-terastallize|p1a: Kartana|Dark\n|move|p1a: Kartana|Knock Off|p2a: Dil2 de Pep\n|-supereffective|p2a: Dil2 de Pep\n|-damage|p2a: Dil2 de Pep|27\/100\n|-enditem|p2a: Dil2 de Pep|Eviolite|[from] move: Knock Off|[of] p1a: Kartana\n|move|p2a: Dil2 de Pep|Strength Sap|p1a: Kartana\n|-unboost|p1a: Kartana|atk|1\n|-heal|p2a: Dil2 de Pep|100\/100\n|\n|upkeep\n|turn|33\n|\n|t:|1700099889\n|switch|p1a: Garganacl|Garganacl, M, shiny|55\/100\n|-damage|p1a: Garganacl|43\/100|[from] Stealth Rock\n|-activate|p1a: Garganacl|move: Sticky Web\n|-unboost|p1a: Garganacl|spe|1\n|move|p2a: Dil2 de Pep|Will-O-Wisp|p1a: Garganacl\n|-immune|p1a: Garganacl|[from] ability: Purifying Salt\n|\n|-heal|p1a: Garganacl|49\/100|[from] item: Leftovers\n|upkeep\n|turn|34\n|\n|t:|1700099899\n|move|p2a: Dil2 de Pep|Night Shade|p1a: Garganacl\n|-damage|p1a: Garganacl|20\/100\n|move|p1a: Garganacl|Recover|p1a: Garganacl\n|-heal|p1a: Garganacl|70\/100\n|\n|-heal|p1a: Garganacl|76\/100|[from] item: Leftovers\n|upkeep\n|turn|35\n|\n|t:|1700099911\n|move|p2a: Dil2 de Pep|Night Shade|p1a: Garganacl\n|-damage|p1a: Garganacl|47\/100\n|move|p1a: Garganacl|Salt Cure|p2a: Dil2 de Pep\n|-damage|p2a: Dil2 de Pep|90\/100\n|-start|p2a: Dil2 de Pep|Salt Cure\n|\n|-heal|p1a: Garganacl|53\/100|[from] item: Leftovers\n|-damage|p2a: Dil2 de Pep|78\/100|[from] Salt Cure\n|upkeep\n|turn|36\n|\n|t:|1700099920\n|switch|p1a: Kartana|Kartana, tera:Dark|56\/100\n|-damage|p1a: Kartana|43\/100|[from] Stealth Rock\n|-activate|p1a: Kartana|move: Sticky Web\n|-unboost|p1a: Kartana|spe|1\n|move|p2a: Dil2 de Pep|Night Shade|p1a: Kartana\n|-damage|p1a: Kartana|5\/100\n|\n|-damage|p2a: Dil2 de Pep|65\/100|[from] Salt Cure\n|upkeep\n|turn|37\n|\n|t:|1700099933\n|move|p1a: Kartana|Knock Off|p2a: Dil2 de Pep\n|-supereffective|p2a: Dil2 de Pep\n|-damage|p2a: Dil2 de Pep|0 fnt\n|-start|p1a: Kartana|Disable|Knock Off|[from] ability: Cursed Body|[of] p2a: Dil2 de Pep\n|faint|p2a: Dil2 de Pep\n|-ability|p1a: Kartana|Beast Boost|boost\n|-boost|p1a: Kartana|atk|1\n|\n|upkeep\n|\n|t:|1700099937\n|switch|p2a: Blacephalon|Blacephalon|100\/100\n|-damage|p2a: Blacephalon|76\/100|[from] Stealth Rock\n|turn|38\n|\n|t:|1700099946\n|move|p2a: Blacephalon|Shadow Ball|p1a: Kartana\n|-resisted|p1a: Kartana\n|-damage|p1a: Kartana|0 fnt\n|faint|p1a: Kartana\n|-ability|p2a: Blacephalon|Beast Boost|boost\n|-boost|p2a: Blacephalon|spa|1\n|\n|upkeep\n|\n|t:|1700099954\n|switch|p1a: Garganacl|Garganacl, M, shiny|53\/100\n|-damage|p1a: Garganacl|40\/100|[from] Stealth Rock\n|-activate|p1a: Garganacl|move: Sticky Web\n|-unboost|p1a: Garganacl|spe|1\n|turn|39\n|\n|t:|1700099960\n|move|p2a: Blacephalon|Shadow Ball|p1a: Garganacl\n|-damage|p1a: Garganacl|13\/100\n|move|p1a: Garganacl|Recover|p1a: Garganacl\n|-heal|p1a: Garganacl|63\/100\n|\n|-heal|p1a: Garganacl|69\/100|[from] item: Leftovers\n|upkeep\n|turn|40\n|\n|t:|1700099968\n|move|p2a: Blacephalon|Shadow Ball|p1a: Garganacl\n|-damage|p1a: Garganacl|43\/100\n|move|p1a: Garganacl|Salt Cure|p2a: Blacephalon\n|-supereffective|p2a: Blacephalon\n|-damage|p2a: Blacephalon|17\/100\n|-start|p2a: Blacephalon|Salt Cure\n|\n|-heal|p1a: Garganacl|49\/100|[from] item: Leftovers\n|-damage|p2a: Blacephalon|5\/100|[from] Salt Cure\n|upkeep\n|turn|41\n|c|\u2606matu 1402|Gg\n|c| Void280|Ggs\n|c|\u2606KillerZodiac03|gg\n|\n|t:|1700099983\n|move|p2a: Blacephalon|Shadow Ball|p1a: Garganacl\n|-damage|p1a: Garganacl|22\/100\n|-unboost|p1a: Garganacl|spd|1\n|move|p1a: Garganacl|Recover|p1a: Garganacl\n|-heal|p1a: Garganacl|73\/100\n|\n|-heal|p1a: Garganacl|79\/100|[from] item: Leftovers\n|-damage|p2a: Blacephalon|0 fnt|[from] Salt Cure\n|faint|p2a: Blacephalon\n|\n|win|KillerZodiac03\n|upkeep\n|c|\u2606KillerZodiac03|remontada epica\n|c|\u2606KillerZodiac03|vamos carajo\n|c|\u2606matu 1402|Bueno ya era hora de dejarme ganar\n|l|\u2606matu 1402\n","uploadtime":1700100006,"views":13,"p1id":"killerzodiac03","p2id":"matu1402","formatid":"gen9nationaldex","rating":0,"private":0,"password":""}