{"id":"gen9nationaldex-1998695766","p1":"Allkurin","p2":"WatermeleonSeeds","format":"[Gen 9] National Dex","log":"|html|<div class=\"broadcast-blue\"><strong>[Gen 9] National Dex is currently suspecting Sneasler! For information on how to participate check out the <a href=\"https:\/\/www.smogon.com\/forums\/threads\/sv-national-dex-suspect-8-just-dance.3731534\/\">suspect thread<\/a>.<\/strong><\/div>\n|j|\u2606Allkurin\n|j|\u2606WatermeleonSeeds\n|t:|1700973805\n|gametype|singles\n|player|p1|Allkurin|lucas|1092\n|player|p2|WatermeleonSeeds|steven|1162\n|teamsize|p1|6\n|teamsize|p2|6\n|gen|9\n|tier|[Gen 9] National Dex\n|rated|\n|rule|HP Percentage Mod: HP is shown in percentages\n|rule|Endless Battle Clause: Forcing endless battles is banned\n|rule|OHKO Clause: OHKO moves are banned\n|rule|Evasion Clause: Evasion abilities, items, and moves are banned\n|rule|Evasion Abilities Clause: Evasion abilities are banned\n|rule|Evasion Items Clause: Evasion items are banned\n|rule|Evasion Moves Clause: Evasion moves are banned\n|rule|Species Clause: Limit one of each Pok\u00e9mon\n|rule|Sleep Clause Mod: Limit one foe put to sleep\n|clearpoke\n|poke|p1|Venusaur, F|\n|poke|p1|Dragalge, F|\n|poke|p1|Alomomola, F|\n|poke|p1|Drapion, F|\n|poke|p1|Krookodile, F|\n|poke|p1|Rotom-Heat|\n|poke|p2|Yanmega, F|\n|poke|p2|Haxorus, M|\n|poke|p2|Sandaconda, M|\n|poke|p2|Ferrothorn, M|\n|poke|p2|Charizard, F|\n|poke|p2|Skeledirge, F|\n|teampreview\n|inactive|Battle timer is ON: inactive players will automatically lose when time's up. (requested by WatermeleonSeeds)\n|\n|t:|1700973810\n|start\n|switch|p1a: Drapion|Drapion, F|100\/100\n|switch|p2a: Yanmega|Yanmega, F|100\/100\n|turn|1\n|\n|t:|1700973815\n|move|p2a: Yanmega|Bug Buzz|p1a: Drapion\n|-damage|p1a: Drapion|27\/100\n|-damage|p2a: Yanmega|91\/100|[from] item: Life Orb\n|move|p1a: Drapion|Knock Off|p2a: Yanmega\n|-damage|p2a: Yanmega|40\/100\n|-enditem|p2a: Yanmega|Life Orb|[from] move: Knock Off|[of] p1a: Drapion\n|\n|-ability|p2a: Yanmega|Speed Boost|boost\n|-boost|p2a: Yanmega|spe|1\n|upkeep\n|turn|2\n|\n|t:|1700973834\n|move|p2a: Yanmega|Bug Buzz|p1a: Drapion\n|-damage|p1a: Drapion|0 fnt\n|faint|p1a: Drapion\n|\n|-ability|p2a: Yanmega|Speed Boost|boost\n|-boost|p2a: Yanmega|spe|1\n|upkeep\n|\n|t:|1700973837\n|switch|p1a: Rotom|Rotom-Heat|100\/100\n|turn|3\n|\n|t:|1700973843\n|move|p2a: Yanmega|Ancient Power|p1a: Rotom\n|-supereffective|p1a: Rotom\n|-damage|p1a: Rotom|61\/100\n|move|p1a: Rotom|Light Screen|p1a: Rotom\n|-sidestart|p1: Allkurin|move: Light Screen\n|\n|-ability|p2a: Yanmega|Speed Boost|boost\n|-boost|p2a: Yanmega|spe|1\n|upkeep\n|turn|4\n|\n|t:|1700973849\n|move|p2a: Yanmega|Ancient Power|p1a: Rotom\n|-supereffective|p1a: Rotom\n|-damage|p1a: Rotom|41\/100\n|move|p1a: Rotom|Volt Switch|p2a: Yanmega\n|-supereffective|p2a: Yanmega\n|-damage|p2a: Yanmega|0 fnt\n|faint|p2a: Yanmega\n|\n|t:|1700973855\n|switch|p1a: Alomomola|Alomomola, F|100\/100|[from] Volt Switch\n|\n|upkeep\n|\n|t:|1700973863\n|switch|p2a: Ferrothorn|Ferrothorn, M|100\/100\n|turn|5\n|\n|t:|1700973867\n|move|p1a: Alomomola|Wish|p1a: Alomomola\n|move|p2a: Ferrothorn|Leech Seed|p1a: Alomomola\n|-start|p1a: Alomomola|move: Leech Seed\n|\n|-damage|p1a: Alomomola|88\/100|[from] Leech Seed|[of] p2a: Ferrothorn\n|upkeep\n|turn|6\n|\n|t:|1700973871\n|switch|p1a: Rotom|Rotom-Heat|41\/100\n|move|p2a: Ferrothorn|Iron Defense|p2a: Ferrothorn\n|-boost|p2a: Ferrothorn|def|2\n|\n|-heal|p1a: Rotom|100\/100|[from] move: Wish|[wisher] Alomomola\n|upkeep\n|turn|7\n|\n|t:|1700973881\n|move|p1a: Rotom|Will-O-Wisp|p2a: Ferrothorn|[miss]\n|-miss|p1a: Rotom|p2a: Ferrothorn\n|move|p2a: Ferrothorn|Leech Seed|p1a: Rotom\n|-start|p1a: Rotom|move: Leech Seed\n|\n|-damage|p1a: Rotom|88\/100|[from] Leech Seed|[of] p2a: Ferrothorn\n|-sideend|p1: Allkurin|move: Light Screen\n|upkeep\n|turn|8\n|\n|t:|1700973888\n|move|p1a: Rotom|Will-O-Wisp|p2a: Ferrothorn\n|-status|p2a: Ferrothorn|brn\n|move|p2a: Ferrothorn|Iron Defense|p2a: Ferrothorn\n|-boost|p2a: Ferrothorn|def|2\n|\n|-damage|p1a: Rotom|76\/100|[from] Leech Seed|[of] p2a: Ferrothorn\n|-damage|p2a: Ferrothorn|94\/100 brn|[from] brn\n|upkeep\n|turn|9\n|\n|t:|1700973896\n|move|p1a: Rotom|Overheat|p2a: Ferrothorn\n|-supereffective|p2a: Ferrothorn\n|-damage|p2a: Ferrothorn|0 fnt\n|-unboost|p1a: Rotom|spa|2\n|faint|p2a: Ferrothorn\n|\n|upkeep\n|\n|t:|1700973905\n|switch|p2a: Haxorus|Haxorus, M, shiny|100\/100\n|-ability|p2a: Haxorus|Mold Breaker\n|turn|10\n|\n|t:|1700973913\n|switch|p1a: Krookodile|Krookodile, F|100\/100\n|-ability|p1a: Krookodile|Intimidate|boost\n|-unboost|p2a: Haxorus|atk|1\n|move|p2a: Haxorus|Dragon Dance|p2a: Haxorus\n|-boost|p2a: Haxorus|atk|1\n|-boost|p2a: Haxorus|spe|1\n|\n|upkeep\n|turn|11\n|\n|t:|1700973931\n|move|p2a: Haxorus|Dragon Dance|p2a: Haxorus\n|-boost|p2a: Haxorus|atk|1\n|-boost|p2a: Haxorus|spe|1\n|move|p1a: Krookodile|Earthquake|p2a: Haxorus\n|-damage|p2a: Haxorus|37\/100\n|\n|upkeep\n|turn|12\n|\n|t:|1700973947\n|switch|p1a: Rotom|Rotom-Heat|76\/100\n|move|p2a: Haxorus|Earthquake|p1a: Rotom\n|-supereffective|p1a: Rotom\n|-damage|p1a: Rotom|0 fnt\n|faint|p1a: Rotom\n|\n|upkeep\n|\n|t:|1700973952\n|switch|p1a: Krookodile|Krookodile, F|100\/100\n|-ability|p1a: Krookodile|Intimidate|boost\n|-unboost|p2a: Haxorus|atk|1\n|turn|13\n|\n|t:|1700973956\n|move|p2a: Haxorus|Earthquake|p1a: Krookodile\n|-damage|p1a: Krookodile|61\/100\n|move|p1a: Krookodile|Earthquake|p2a: Haxorus\n|-damage|p2a: Haxorus|0 fnt\n|faint|p2a: Haxorus\n|\n|upkeep\n|\n|t:|1700973964\n|switch|p2a: Charizard|Charizard, F|100\/100\n|turn|14\n|\n|t:|1700973973\n|detailschange|p2a: Charizard|Charizard-Mega-Y, F\n|-mega|p2a: Charizard|Charizard|Charizardite Y\n|-weather|SunnyDay|[from] ability: Drought|[of] p2a: Charizard\n|move|p2a: Charizard|Solar Beam||[still]\n|-prepare|p2a: Charizard|Solar Beam\n|-anim|p2a: Charizard|Solar Beam|p1a: Krookodile\n|-supereffective|p1a: Krookodile\n|-damage|p1a: Krookodile|0 fnt\n|faint|p1a: Krookodile\n|\n|-weather|SunnyDay|[upkeep]\n|upkeep\n|\n|t:|1700973986\n|switch|p1a: Alomomola|Alomomola, F|100\/100\n|turn|15\n|\n|t:|1700973990\n|move|p2a: Charizard|Solar Beam||[still]\n|-prepare|p2a: Charizard|Solar Beam\n|-anim|p2a: Charizard|Solar Beam|p1a: Alomomola\n|-supereffective|p1a: Alomomola\n|-damage|p1a: Alomomola|1\/100\n|-enditem|p1a: Alomomola|Aguav Berry|[eat]\n|-heal|p1a: Alomomola|35\/100|[from] item: Aguav Berry\n|move|p1a: Alomomola|Wish|p1a: Alomomola\n|\n|-weather|SunnyDay|[upkeep]\n|upkeep\n|turn|16\n|\n|t:|1700974001\n|move|p1a: Alomomola|Protect|p1a: Alomomola\n|-singleturn|p1a: Alomomola|Protect\n|move|p2a: Charizard|Solar Beam||[still]\n|-prepare|p2a: Charizard|Solar Beam\n|-anim|p2a: Charizard|Solar Beam|p1a: Alomomola\n|-activate|p1a: Alomomola|move: Protect\n|\n|-weather|SunnyDay|[upkeep]\n|-heal|p1a: Alomomola|85\/100|[from] move: Wish|[wisher] Alomomola\n|upkeep\n|turn|17\n|\n|t:|1700974015\n|move|p1a: Alomomola|Protect||[still]\n|-fail|p1a: Alomomola\n|move|p2a: Charizard|Solar Beam||[still]\n|-prepare|p2a: Charizard|Solar Beam\n|-anim|p2a: Charizard|Solar Beam|p1a: Alomomola\n|-supereffective|p1a: Alomomola\n|-damage|p1a: Alomomola|0 fnt\n|faint|p1a: Alomomola\n|\n|-weather|SunnyDay|[upkeep]\n|upkeep\n|\n|t:|1700974021\n|switch|p1a: Dragalge|Dragalge, F|100\/100\n|turn|18\n|\n|t:|1700974028\n|move|p2a: Charizard|Flamethrower|p1a: Dragalge\n|-resisted|p1a: Dragalge\n|-damage|p1a: Dragalge|69\/100\n|-zpower|p1a: Dragalge\n|move|p1a: Dragalge|Acid Downpour|p2a: Charizard|[zeffect]\n|-damage|p2a: Charizard|1\/100\n|\n|-weather|none\n|upkeep\n|turn|19\n|\n|t:|1700974039\n|move|p2a: Charizard|Flamethrower|p1a: Dragalge\n|-resisted|p1a: Dragalge\n|-damage|p1a: Dragalge|47\/100\n|move|p1a: Dragalge|Sludge Wave|p2a: Charizard\n|-damage|p2a: Charizard|0 fnt\n|faint|p2a: Charizard\n|\n|upkeep\n|\n|t:|1700974048\n|switch|p2a: Skeledirge|Skeledirge, F|100\/100\n|turn|20\n|\n|t:|1700974053\n|move|p2a: Skeledirge|Will-O-Wisp|p1a: Dragalge\n|-status|p1a: Dragalge|brn\n|move|p1a: Dragalge|Hydro Pump|p2a: Skeledirge|[miss]\n|-miss|p1a: Dragalge|p2a: Skeledirge\n|\n|-damage|p1a: Dragalge|41\/100 brn|[from] brn\n|upkeep\n|turn|21\n|\n|t:|1700974063\n|move|p2a: Skeledirge|Hex|p1a: Dragalge\n|-damage|p1a: Dragalge|0 fnt\n|faint|p1a: Dragalge\n|\n|upkeep\n|\n|t:|1700974066\n|switch|p1a: Venusaur|Venusaur, F|100\/100\n|turn|22\n|\n|t:|1700974069\n|-terastallize|p1a: Venusaur|Dragon\n|move|p1a: Venusaur|Leech Seed|p2a: Skeledirge\n|-start|p2a: Skeledirge|move: Leech Seed\n|move|p2a: Skeledirge|Torch Song|p1a: Venusaur\n|-resisted|p1a: Venusaur\n|-damage|p1a: Venusaur|86\/100\n|-boost|p2a: Skeledirge|spa|1\n|\n|-heal|p1a: Venusaur|92\/100|[from] item: Leftovers\n|-damage|p2a: Skeledirge|88\/100|[from] Leech Seed|[of] p1a: Venusaur\n|-heal|p1a: Venusaur|100\/100|[silent]\n|upkeep\n|turn|23\n|\n|t:|1700974080\n|move|p1a: Venusaur|Sludge Bomb|p2a: Skeledirge\n|-resisted|p2a: Skeledirge\n|-damage|p2a: Skeledirge|71\/100\n|move|p2a: Skeledirge|Will-O-Wisp|p1a: Venusaur\n|-status|p1a: Venusaur|brn\n|\n|-damage|p2a: Skeledirge|59\/100|[from] Leech Seed|[of] p1a: Venusaur\n|-damage|p1a: Venusaur|95\/100 brn|[from] brn\n|upkeep\n|turn|24\n|\n|t:|1700974089\n|move|p1a: Venusaur|Protect|p1a: Venusaur\n|-singleturn|p1a: Venusaur|Protect\n|move|p2a: Skeledirge|Hex|p1a: Venusaur\n|-activate|p1a: Venusaur|move: Protect\n|\n|-heal|p1a: Venusaur|100\/100 brn|[from] item: Leftovers\n|-damage|p2a: Skeledirge|47\/100|[from] Leech Seed|[of] p1a: Venusaur\n|-damage|p1a: Venusaur|95\/100 brn|[from] brn\n|upkeep\n|turn|25\n|\n|t:|1700974095\n|move|p1a: Venusaur|Sludge Bomb|p2a: Skeledirge\n|-resisted|p2a: Skeledirge\n|-damage|p2a: Skeledirge|28\/100\n|-status|p2a: Skeledirge|psn\n|move|p2a: Skeledirge|Slack Off|p2a: Skeledirge\n|-heal|p2a: Skeledirge|78\/100 psn\n|\n|-heal|p1a: Venusaur|100\/100 brn|[from] item: Leftovers\n|-damage|p2a: Skeledirge|66\/100 psn|[from] Leech Seed|[of] p1a: Venusaur\n|-damage|p2a: Skeledirge|53\/100 psn|[from] psn\n|-damage|p1a: Venusaur|95\/100 brn|[from] brn\n|upkeep\n|turn|26\n|\n|t:|1700974106\n|move|p1a: Venusaur|Protect|p1a: Venusaur\n|-singleturn|p1a: Venusaur|Protect\n|move|p2a: Skeledirge|Hex|p1a: Venusaur\n|-activate|p1a: Venusaur|move: Protect\n|\n|-heal|p1a: Venusaur|100\/100 brn|[from] item: Leftovers\n|-damage|p2a: Skeledirge|41\/100 psn|[from] Leech Seed|[of] p1a: Venusaur\n|-damage|p2a: Skeledirge|29\/100 psn|[from] psn\n|-damage|p1a: Venusaur|95\/100 brn|[from] brn\n|upkeep\n|turn|27\n|\n|t:|1700974112\n|move|p1a: Venusaur|Giga Drain|p2a: Skeledirge\n|-resisted|p2a: Skeledirge\n|-damage|p2a: Skeledirge|13\/100 psn\n|-heal|p1a: Venusaur|100\/100 brn|[from] drain|[of] p2a: Skeledirge\n|move|p2a: Skeledirge|Hex|p1a: Venusaur\n|-damage|p1a: Venusaur|40\/100 brn\n|\n|-heal|p1a: Venusaur|46\/100 brn|[from] item: Leftovers\n|-damage|p2a: Skeledirge|1\/100 psn|[from] Leech Seed|[of] p1a: Venusaur\n|-heal|p1a: Venusaur|60\/100 brn|[silent]\n|-damage|p2a: Skeledirge|0 fnt|[from] psn\n|faint|p2a: Skeledirge\n|-damage|p1a: Venusaur|54\/100 brn|[from] brn\n|upkeep\n|\n|t:|1700974124\n|switch|p2a: Sandaconda|Sandaconda, M|100\/100\n|turn|28\n|\n|t:|1700974130\n|move|p1a: Venusaur|Giga Drain|p2a: Sandaconda\n|-supereffective|p2a: Sandaconda\n|-damage|p2a: Sandaconda|12\/100\n|-heal|p1a: Venusaur|96\/100 brn|[from] drain|[of] p2a: Sandaconda\n|move|p2a: Sandaconda|Body Press|p1a: Venusaur\n|-crit|p1a: Venusaur\n|-damage|p1a: Venusaur|33\/100 brn\n|\n|-heal|p1a: Venusaur|39\/100 brn|[from] item: Leftovers\n|-heal|p2a: Sandaconda|18\/100|[from] item: Leftovers\n|-damage|p1a: Venusaur|33\/100 brn|[from] brn\n|upkeep\n|turn|29\n|\n|t:|1700974140\n|move|p1a: Venusaur|Giga Drain|p2a: Sandaconda\n|-supereffective|p2a: Sandaconda\n|-damage|p2a: Sandaconda|0 fnt\n|-heal|p1a: Venusaur|41\/100 brn|[from] drain|[of] p2a: Sandaconda\n|faint|p2a: Sandaconda\n|\n|win|Allkurin\n|raw|Allkurin's rating: 1092 &rarr; <strong>1123<\/strong><br \/>(+31 for winning)\n|raw|WatermeleonSeeds's rating: 1162 &rarr; <strong>1132<\/strong><br \/>(-30 for losing)\n|l|\u2606WatermeleonSeeds\n","uploadtime":1700974150,"views":2,"p1id":"allkurin","p2id":"watermeleonseeds","formatid":"gen9nationaldex","rating":1123,"private":0,"password":""}