{"id":"gen9nationaldex-1994751669","p1":"Randy Vixton","p2":"How To Beat Lance","format":"[Gen 9] National Dex","log":"|html|<div class=\"broadcast-blue\"><strong>[Gen 9] National Dex is currently suspecting Sneasler! For information on how to participate check out the <a href=\"https:\/\/www.smogon.com\/forums\/threads\/sv-national-dex-suspect-8-just-dance.3731534\/\">suspect thread<\/a>.<\/strong><\/div>\n|j|\u2606Randy Vixton\n|j|\u2606How To Beat Lance\n|t:|1700489112\n|gametype|singles\n|player|p1|Randy Vixton|gentleman|1073\n|player|p2|How To Beat Lance|lance|1061\n|teamsize|p1|6\n|teamsize|p2|6\n|gen|9\n|tier|[Gen 9] National Dex\n|rated|\n|rule|HP Percentage Mod: HP is shown in percentages\n|rule|Endless Battle Clause: Forcing endless battles is banned\n|rule|OHKO Clause: OHKO moves are banned\n|rule|Evasion Clause: Evasion abilities, items, and moves are banned\n|rule|Evasion Abilities Clause: Evasion abilities are banned\n|rule|Evasion Items Clause: Evasion items are banned\n|rule|Evasion Moves Clause: Evasion moves are banned\n|rule|Species Clause: Limit one of each Pok\u00e9mon\n|rule|Sleep Clause Mod: Limit one foe put to sleep\n|clearpoke\n|poke|p1|Garganacl, M|\n|poke|p1|Banette, F|\n|poke|p1|Sneasler, M|\n|poke|p1|Nihilego|\n|poke|p1|Inteleon, M|\n|poke|p1|Gastrodon-East, M|\n|poke|p2|Ogerpon-Cornerstone, F|\n|poke|p2|Hippowdon, M|\n|poke|p2|Excadrill, F|\n|poke|p2|Primarina, F|\n|poke|p2|Zeraora|\n|poke|p2|Kartana|\n|teampreview\n|\n|t:|1700489127\n|start\n|switch|p1a: Inteleon|Inteleon, M|100\/100\n|switch|p2a: Kartana|Kartana|100\/100\n|turn|1\n|\n|t:|1700489138\n|move|p2a: Kartana|Leaf Blade|p1a: Inteleon\n|-supereffective|p1a: Inteleon\n|-damage|p1a: Inteleon|0 fnt\n|faint|p1a: Inteleon\n|-ability|p2a: Kartana|Beast Boost|boost\n|-boost|p2a: Kartana|atk|1\n|\n|upkeep\n|\n|t:|1700489154\n|switch|p1a: Sneasler|Sneasler, M|100\/100\n|turn|2\n|\n|t:|1700489160\n|move|p2a: Kartana|Leaf Blade|p1a: Sneasler\n|-resisted|p1a: Sneasler\n|-damage|p1a: Sneasler|18\/100\n|move|p1a: Sneasler|Close Combat|p2a: Kartana\n|-supereffective|p2a: Kartana\n|-damage|p2a: Kartana|0 fnt\n|-unboost|p1a: Sneasler|def|1\n|-unboost|p1a: Sneasler|spd|1\n|faint|p2a: Kartana\n|\n|upkeep\n|\n|t:|1700489172\n|switch|p2a: Zeraora|Zeraora|100\/100\n|turn|3\n|\n|t:|1700489190\n|switch|p1a: Gastrodon|Gastrodon-East, M|100\/100\n|move|p2a: Zeraora|Volt Switch|p1a: Gastrodon\n|-immune|p1a: Gastrodon\n|\n|upkeep\n|turn|4\n|\n|t:|1700489197\n|switch|p2a: Ogerpon|Ogerpon-Cornerstone, F|100\/100\n|switch|p1a: Sneasler|Sneasler, M|18\/100\n|\n|upkeep\n|turn|5\n|inactive|Battle timer is ON: inactive players will automatically lose when time's up. (requested by Randy Vixton)\n|\n|t:|1700489230\n|move|p1a: Sneasler|Close Combat|p2a: Ogerpon\n|-supereffective|p2a: Ogerpon\n|-ability|p2a: Ogerpon|Sturdy\n|-damage|p2a: Ogerpon|1\/100\n|-unboost|p1a: Sneasler|def|1\n|-unboost|p1a: Sneasler|spd|1\n|move|p2a: Ogerpon|Horn Leech|p1a: Sneasler\n|-resisted|p1a: Sneasler\n|-damage|p1a: Sneasler|0 fnt\n|-heal|p2a: Ogerpon|9\/100|[from] drain|[of] p1a: Sneasler\n|faint|p1a: Sneasler\n|\n|upkeep\n|\n|t:|1700489257\n|switch|p1a: Banette|Banette, F|100\/100\n|turn|6\n|\n|t:|1700489261\n|detailschange|p1a: Banette|Banette-Mega, F\n|-mega|p1a: Banette|Banette|Banettite\n|move|p2a: Ogerpon|Spiky Shield|p2a: Ogerpon\n|-singleturn|p2a: Ogerpon|move: Protect\n|move|p1a: Banette|Shadow Sneak|p2a: Ogerpon\n|-activate|p2a: Ogerpon|move: Protect\n|-damage|p1a: Banette|88\/100|[from] Spiky Shield|[of] p2a: Ogerpon\n|\n|upkeep\n|turn|7\n|\n|t:|1700489272\n|move|p2a: Ogerpon|Knock Off|p1a: Banette\n|-supereffective|p1a: Banette\n|-damage|p1a: Banette|30\/100\n|move|p1a: Banette|Poltergeist|p2a: Ogerpon\n|-activate|p2a: Ogerpon|move: Poltergeist|Cornerstone Mask\n|-damage|p2a: Ogerpon|0 fnt\n|faint|p2a: Ogerpon\n|\n|upkeep\n|\n|t:|1700489302\n|switch|p2a: Hippowdon|Hippowdon, M|100\/100\n|-weather|Sandstorm|[from] ability: Sand Stream|[of] p2a: Hippowdon\n|turn|8\n|\n|t:|1700489314\n|move|p1a: Banette|Poltergeist|p2a: Hippowdon\n|-activate|p2a: Hippowdon|move: Poltergeist|Smooth Rock\n|-damage|p2a: Hippowdon|50\/100\n|move|p2a: Hippowdon|Whirlwind|p1a: Banette\n|drag|p1a: Garganacl|Garganacl, M|100\/100\n|\n|-weather|Sandstorm|[upkeep]\n|upkeep\n|turn|9\n|\n|t:|1700489326\n|move|p2a: Hippowdon|Slack Off|p2a: Hippowdon\n|-heal|p2a: Hippowdon|100\/100\n|move|p1a: Garganacl|Salt Cure|p2a: Hippowdon\n|-resisted|p2a: Hippowdon\n|-damage|p2a: Hippowdon|96\/100\n|-start|p2a: Hippowdon|Salt Cure\n|\n|-weather|Sandstorm|[upkeep]\n|-damage|p2a: Hippowdon|84\/100|[from] Salt Cure\n|upkeep\n|turn|10\n|inactive|How To Beat Lance has 120 seconds left.\n|\n|t:|1700489358\n|move|p2a: Hippowdon|Earthquake|p1a: Garganacl\n|-supereffective|p1a: Garganacl\n|-damage|p1a: Garganacl|63\/100\n|move|p1a: Garganacl|Block|p2a: Hippowdon\n|-activate|p2a: Hippowdon|trapped\n|\n|-weather|Sandstorm|[upkeep]\n|-heal|p1a: Garganacl|70\/100|[from] item: Leftovers\n|-damage|p2a: Hippowdon|72\/100|[from] Salt Cure\n|upkeep\n|turn|11\n|inactive|How To Beat Lance has 120 seconds left.\n|inactive|Randy Vixton has 120 seconds left.\n|\n|t:|1700489394\n|move|p1a: Garganacl|Protect|p1a: Garganacl\n|-singleturn|p1a: Garganacl|Protect\n|move|p2a: Hippowdon|Earthquake|p1a: Garganacl\n|-activate|p1a: Garganacl|move: Protect\n|\n|-weather|Sandstorm|[upkeep]\n|-heal|p1a: Garganacl|76\/100|[from] item: Leftovers\n|-damage|p2a: Hippowdon|59\/100|[from] Salt Cure\n|upkeep\n|turn|12\n|inactive|Randy Vixton has 120 seconds left.\n|\n|t:|1700489407\n|move|p2a: Hippowdon|Earthquake|p1a: Garganacl\n|-supereffective|p1a: Garganacl\n|-damage|p1a: Garganacl|39\/100\n|move|p1a: Garganacl|Recover|p1a: Garganacl\n|-heal|p1a: Garganacl|89\/100\n|\n|-weather|Sandstorm|[upkeep]\n|-heal|p1a: Garganacl|95\/100|[from] item: Leftovers\n|-damage|p2a: Hippowdon|47\/100|[from] Salt Cure\n|upkeep\n|turn|13\n|c|\u2606How To Beat Lance|block protect salt cure and recover\n|inactive|Randy Vixton has 120 seconds left.\n|c|\u2606How To Beat Lance|cringest set ever\n|\n|t:|1700489423\n|move|p1a: Garganacl|Protect|p1a: Garganacl\n|-singleturn|p1a: Garganacl|Protect\n|move|p2a: Hippowdon|Slack Off|p2a: Hippowdon\n|-heal|p2a: Hippowdon|97\/100\n|\n|-weather|Sandstorm|[upkeep]\n|-heal|p1a: Garganacl|100\/100|[from] item: Leftovers\n|-damage|p2a: Hippowdon|85\/100|[from] Salt Cure\n|upkeep\n|turn|14\n|inactive|Randy Vixton has 120 seconds left.\n|inactive|How To Beat Lance has 120 seconds left.\n|inactive|How To Beat Lance has 90 seconds left.\n|inactive|How To Beat Lance has 60 seconds left.\n|\n|t:|1700489527\n|move|p1a: Garganacl|Salt Cure|p2a: Hippowdon\n|-resisted|p2a: Hippowdon\n|-damage|p2a: Hippowdon|80\/100\n|move|p2a: Hippowdon|Whirlwind|p1a: Garganacl\n|drag|p1a: Banette|Banette-Mega, F|30\/100\n|\n|-weather|Sandstorm|[upkeep]\n|-damage|p1a: Banette|24\/100|[from] Sandstorm\n|-damage|p2a: Hippowdon|68\/100|[from] Salt Cure\n|upkeep\n|turn|15\n|inactive|Randy Vixton has 90 seconds left.\n|\n|t:|1700489565\n|switch|p1a: Gastrodon|Gastrodon-East, M|100\/100\n|move|p2a: Hippowdon|Earthquake|p1a: Gastrodon\n|-damage|p1a: Gastrodon|66\/100\n|\n|-weather|none\n|-heal|p1a: Gastrodon|72\/100|[from] item: Leftovers\n|-damage|p2a: Hippowdon|56\/100|[from] Salt Cure\n|upkeep\n|turn|16\n|inactive|Randy Vixton has 90 seconds left.\n|\n|t:|1700489586\n|switch|p2a: Primarina|Primarina, F|100\/100\n|move|p1a: Gastrodon|Muddy Water|p2a: Primarina\n|-resisted|p2a: Primarina\n|-damage|p2a: Primarina|88\/100\n|\n|-heal|p2a: Primarina|94\/100|[from] item: Leftovers\n|-heal|p1a: Gastrodon|78\/100|[from] item: Leftovers\n|upkeep\n|turn|17\n|inactive|Randy Vixton has 90 seconds left.\n|\n|t:|1700489605\n|switch|p1a: Nihilego|Nihilego|100\/100\n|move|p2a: Primarina|Energy Ball|p1a: Nihilego\n|-damage|p1a: Nihilego|77\/100\n|\n|-heal|p1a: Nihilego|83\/100|[from] item: Leftovers\n|-heal|p2a: Primarina|99\/100|[from] item: Leftovers\n|upkeep\n|turn|18\n|\n|t:|1700489625\n|move|p1a: Nihilego|Sludge Wave|p2a: Primarina\n|-supereffective|p2a: Primarina\n|-damage|p2a: Primarina|25\/100\n|move|p2a: Primarina|Hyper Voice|p1a: Nihilego\n|-supereffective|p1a: Nihilego\n|-crit|p1a: Nihilego\n|-damage|p1a: Nihilego|0 fnt\n|faint|p1a: Nihilego\n|\n|-heal|p2a: Primarina|32\/100|[from] item: Leftovers\n|upkeep\n|inactive|Randy Vixton has 60 seconds left.\n|\n|t:|1700489640\n|switch|p1a: Banette|Banette-Mega, F|24\/100\n|turn|19\n|\n|t:|1700489644\n|move|p1a: Banette|Shadow Sneak|p2a: Primarina\n|-damage|p2a: Primarina|0 fnt\n|faint|p2a: Primarina\n|\n|upkeep\n|\n|t:|1700489650\n|switch|p2a: Hippowdon|Hippowdon, M|56\/100\n|-weather|Sandstorm|[from] ability: Sand Stream|[of] p2a: Hippowdon\n|turn|20\n|\n|t:|1700489668\n|switch|p1a: Garganacl|Garganacl, M|100\/100\n|move|p2a: Hippowdon|Slack Off|p2a: Hippowdon\n|-heal|p2a: Hippowdon|100\/100\n|\n|-weather|Sandstorm|[upkeep]\n|upkeep\n|turn|21\n|\n|t:|1700489675\n|move|p1a: Garganacl|Salt Cure|p2a: Hippowdon\n|-resisted|p2a: Hippowdon\n|-damage|p2a: Hippowdon|96\/100\n|-start|p2a: Hippowdon|Salt Cure\n|move|p2a: Hippowdon|Whirlwind|p1a: Garganacl\n|drag|p1a: Banette|Banette-Mega, F|24\/100\n|\n|-weather|Sandstorm|[upkeep]\n|-damage|p1a: Banette|18\/100|[from] Sandstorm\n|-damage|p2a: Hippowdon|84\/100|[from] Salt Cure\n|upkeep\n|turn|22\n|\n|t:|1700489691\n|switch|p1a: Garganacl|Garganacl, M|100\/100\n|move|p2a: Hippowdon|Earthquake|p1a: Garganacl\n|-supereffective|p1a: Garganacl\n|-damage|p1a: Garganacl|58\/100\n|\n|-weather|Sandstorm|[upkeep]\n|-heal|p1a: Garganacl|65\/100|[from] item: Leftovers\n|-damage|p2a: Hippowdon|71\/100|[from] Salt Cure\n|upkeep\n|turn|23\n|inactive|How To Beat Lance has 90 seconds left.\n|\n|t:|1700489708\n|move|p2a: Hippowdon|Slack Off|p2a: Hippowdon\n|-heal|p2a: Hippowdon|100\/100\n|move|p1a: Garganacl|Recover|p1a: Garganacl\n|-heal|p1a: Garganacl|100\/100\n|\n|-weather|Sandstorm|[upkeep]\n|-damage|p2a: Hippowdon|88\/100|[from] Salt Cure\n|upkeep\n|turn|24\n|\n|t:|1700489718\n|move|p1a: Garganacl|Block|p2a: Hippowdon\n|-activate|p2a: Hippowdon|trapped\n|move|p2a: Hippowdon|Whirlwind|p1a: Garganacl\n|drag|p1a: Banette|Banette-Mega, F|18\/100\n|\n|-weather|Sandstorm|[upkeep]\n|-damage|p1a: Banette|12\/100|[from] Sandstorm\n|-damage|p2a: Hippowdon|76\/100|[from] Salt Cure\n|upkeep\n|turn|25\n|\n|t:|1700489731\n|switch|p1a: Gastrodon|Gastrodon-East, M|78\/100\n|move|p2a: Hippowdon|Earthquake|p1a: Gastrodon\n|-damage|p1a: Gastrodon|46\/100\n|\n|-weather|Sandstorm|[upkeep]\n|-heal|p1a: Gastrodon|52\/100|[from] item: Leftovers\n|-damage|p2a: Hippowdon|63\/100|[from] Salt Cure\n|upkeep\n|turn|26\n|\n|t:|1700489744\n|move|p1a: Gastrodon|Recover|p1a: Gastrodon\n|-heal|p1a: Gastrodon|100\/100\n|move|p2a: Hippowdon|Whirlwind|p1a: Gastrodon\n|drag|p1a: Garganacl|Garganacl, M|100\/100\n|\n|-weather|Sandstorm|[upkeep]\n|-damage|p2a: Hippowdon|51\/100|[from] Salt Cure\n|upkeep\n|turn|27\n|\n|t:|1700489764\n|move|p1a: Garganacl|Protect|p1a: Garganacl\n|-singleturn|p1a: Garganacl|Protect\n|move|p2a: Hippowdon|Slack Off|p2a: Hippowdon\n|-heal|p2a: Hippowdon|100\/100\n|\n|-weather|none\n|-damage|p2a: Hippowdon|88\/100|[from] Salt Cure\n|upkeep\n|turn|28\n|j| Spookycooke\n|inactive|How To Beat Lance has 90 seconds left.\n|\n|t:|1700489811\n|move|p2a: Hippowdon|Earthquake|p1a: Garganacl\n|-supereffective|p1a: Garganacl\n|-damage|p1a: Garganacl|60\/100\n|move|p1a: Garganacl|Salt Cure|p2a: Hippowdon\n|-resisted|p2a: Hippowdon\n|-damage|p2a: Hippowdon|83\/100\n|\n|-heal|p1a: Garganacl|66\/100|[from] item: Leftovers\n|-damage|p2a: Hippowdon|71\/100|[from] Salt Cure\n|upkeep\n|turn|29\n|inactive|Randy Vixton has 60 seconds left.\n|\n|t:|1700489843\n|move|p2a: Hippowdon|Earthquake|p1a: Garganacl\n|-supereffective|p1a: Garganacl\n|-damage|p1a: Garganacl|30\/100\n|move|p1a: Garganacl|Recover|p1a: Garganacl\n|-heal|p1a: Garganacl|80\/100\n|\n|-heal|p1a: Garganacl|86\/100|[from] item: Leftovers\n|-damage|p2a: Hippowdon|59\/100|[from] Salt Cure\n|upkeep\n|turn|30\n|\n|t:|1700489862\n|move|p2a: Hippowdon|Earthquake|p1a: Garganacl\n|-supereffective|p1a: Garganacl\n|-damage|p1a: Garganacl|46\/100\n|move|p1a: Garganacl|Block|p2a: Hippowdon\n|-activate|p2a: Hippowdon|trapped\n|\n|-heal|p1a: Garganacl|52\/100|[from] item: Leftovers\n|-damage|p2a: Hippowdon|46\/100|[from] Salt Cure\n|upkeep\n|turn|31\n|inactive|Randy Vixton has 30 seconds left.\n|\n|t:|1700489887\n|move|p2a: Hippowdon|Earthquake|p1a: Garganacl\n|-supereffective|p1a: Garganacl\n|-damage|p1a: Garganacl|12\/100\n|move|p1a: Garganacl|Recover|p1a: Garganacl\n|-heal|p1a: Garganacl|62\/100\n|\n|-heal|p1a: Garganacl|68\/100|[from] item: Leftovers\n|-damage|p2a: Hippowdon|34\/100|[from] Salt Cure\n|upkeep\n|turn|32\n|inactive|Randy Vixton has 30 seconds left.\n|\n|t:|1700489903\n|move|p1a: Garganacl|Protect|p1a: Garganacl\n|-singleturn|p1a: Garganacl|Protect\n|move|p2a: Hippowdon|Slack Off|p2a: Hippowdon\n|-heal|p2a: Hippowdon|84\/100\n|\n|-heal|p1a: Garganacl|75\/100|[from] item: Leftovers\n|-damage|p2a: Hippowdon|71\/100|[from] Salt Cure\n|upkeep\n|turn|33\n|inactive|Randy Vixton has 30 seconds left.\n|inactive|Randy Vixton has 20 seconds left.\n|\n|t:|1700489922\n|move|p2a: Hippowdon|Earthquake|p1a: Garganacl\n|-supereffective|p1a: Garganacl\n|-damage|p1a: Garganacl|38\/100\n|move|p1a: Garganacl|Salt Cure|p2a: Hippowdon\n|-resisted|p2a: Hippowdon\n|-damage|p2a: Hippowdon|67\/100\n|\n|-heal|p1a: Garganacl|45\/100|[from] item: Leftovers\n|-damage|p2a: Hippowdon|55\/100|[from] Salt Cure\n|upkeep\n|turn|34\n|inactive|Randy Vixton has 30 seconds left this turn.\n|inactive|Randy Vixton has 20 seconds left.\n|inactive|Randy Vixton has 15 seconds left.\n|c|\u2606How To Beat Lance|a crit please\n|inactive|Randy Vixton has 10 seconds left.\n|\n|t:|1700489945\n|move|p1a: Garganacl|Protect|p1a: Garganacl\n|-singleturn|p1a: Garganacl|Protect\n|move|p2a: Hippowdon|Earthquake|p1a: Garganacl\n|-activate|p1a: Garganacl|move: Protect\n|\n|-heal|p1a: Garganacl|51\/100|[from] item: Leftovers\n|-damage|p2a: Hippowdon|42\/100|[from] Salt Cure\n|upkeep\n|turn|35\n|inactive|Randy Vixton has 20 seconds left this turn.\n|inactive|Randy Vixton has 15 seconds left.\n|inactive|How To Beat Lance has 90 seconds left.\n|\n|t:|1700489953\n|-terastallize|p1a: Garganacl|Ghost\n|move|p2a: Hippowdon|Earthquake|p1a: Garganacl\n|-damage|p1a: Garganacl|31\/100\n|move|p1a: Garganacl|Recover|p1a: Garganacl\n|-heal|p1a: Garganacl|81\/100\n|\n|-heal|p1a: Garganacl|87\/100|[from] item: Leftovers\n|-damage|p2a: Hippowdon|30\/100|[from] Salt Cure\n|upkeep\n|turn|36\n|inactive|Randy Vixton has 25 seconds left this turn.\n|inactive|Randy Vixton has 20 seconds left.\n|inactive|Randy Vixton has 15 seconds left.\n|\n|t:|1700489966\n|move|p2a: Hippowdon|Slack Off|p2a: Hippowdon\n|-heal|p2a: Hippowdon|80\/100\n|move|p1a: Garganacl|Salt Cure|p2a: Hippowdon\n|-resisted|p2a: Hippowdon\n|-damage|p2a: Hippowdon|75\/100\n|\n|-heal|p1a: Garganacl|94\/100|[from] item: Leftovers\n|-damage|p2a: Hippowdon|63\/100|[from] Salt Cure\n|upkeep\n|turn|37\n|inactive|Randy Vixton has 25 seconds left this turn.\n|inactive|Randy Vixton has 20 seconds left.\n|\n|t:|1700489975\n|move|p1a: Garganacl|Protect|p1a: Garganacl\n|-singleturn|p1a: Garganacl|Protect\n|move|p2a: Hippowdon|Whirlwind|p1a: Garganacl\n|drag|p1a: Gastrodon|Gastrodon-East, M|100\/100\n|\n|-damage|p2a: Hippowdon|51\/100|[from] Salt Cure\n|upkeep\n|turn|38\n|inactive|Randy Vixton has 30 seconds left this turn.\n|inactive|Randy Vixton has 20 seconds left.\n|\n|t:|1700489986\n|switch|p2a: Zeraora|Zeraora|100\/100\n|move|p1a: Gastrodon|Earth Power|p2a: Zeraora\n|-supereffective|p2a: Zeraora\n|-damage|p2a: Zeraora|17\/100\n|\n|upkeep\n|turn|39\n|inactive|Randy Vixton has 30 seconds left this turn.\n|inactive|Randy Vixton has 20 seconds left.\n|\n|t:|1700489999\n|move|p2a: Zeraora|Play Rough|p1a: Gastrodon\n|-damage|p1a: Gastrodon|73\/100\n|move|p1a: Gastrodon|Earth Power|p2a: Zeraora\n|-supereffective|p2a: Zeraora\n|-damage|p2a: Zeraora|0 fnt\n|faint|p2a: Zeraora\n|\n|-heal|p1a: Gastrodon|79\/100|[from] item: Leftovers\n|upkeep\n|inactive|Randy Vixton has 25 seconds left this turn.\n|\n|t:|1700490024\n|switch|p2a: Excadrill|Excadrill, F|100\/100\n|turn|40\n|inactive|Randy Vixton has 30 seconds left.\n|\n|t:|1700490032\n|move|p2a: Excadrill|Swords Dance|p2a: Excadrill\n|-boost|p2a: Excadrill|atk|2\n|move|p1a: Gastrodon|Earth Power|p2a: Excadrill\n|-supereffective|p2a: Excadrill\n|-damage|p2a: Excadrill|16\/100\n|\n|-heal|p1a: Gastrodon|85\/100|[from] item: Leftovers\n|upkeep\n|turn|41\n|c|\u2606How To Beat Lance|man\n|c|\u2606How To Beat Lance|do you have to use stall\n|inactive|Randy Vixton has 30 seconds left.\n|\n|t:|1700490048\n|-terastallize|p2a: Excadrill|Ground\n|move|p2a: Excadrill|Earthquake|p1a: Gastrodon\n|-damage|p1a: Gastrodon|0 fnt\n|faint|p1a: Gastrodon\n|-damage|p2a: Excadrill|6\/100|[from] item: Life Orb\n|\n|upkeep\n|inactive|Randy Vixton has 30 seconds left.\n|l| Spookycooke\n|\n|t:|1700490058\n|switch|p1a: Banette|Banette-Mega, F|12\/100\n|turn|42\n|\n|t:|1700490075\n|move|p1a: Banette|Shadow Sneak|p2a: Excadrill\n|-damage|p2a: Excadrill|0 fnt\n|faint|p2a: Excadrill\n|\n|upkeep\n|\n|t:|1700490078\n|switch|p2a: Hippowdon|Hippowdon, M|51\/100\n|-weather|Sandstorm|[from] ability: Sand Stream|[of] p2a: Hippowdon\n|turn|43\n|\n|t:|1700490097\n|move|p1a: Banette|Poltergeist|p2a: Hippowdon\n|-activate|p2a: Hippowdon|move: Poltergeist|Smooth Rock\n|-damage|p2a: Hippowdon|6\/100\n|move|p2a: Hippowdon|Earthquake|p1a: Banette\n|-crit|p1a: Banette\n|-damage|p1a: Banette|0 fnt\n|faint|p1a: Banette\n|\n|-weather|Sandstorm|[upkeep]\n|upkeep\n|\n|t:|1700490106\n|switch|p1a: Garganacl|Garganacl, M, tera:Ghost|94\/100\n|turn|44\n|\n|t:|1700490111\n|move|p2a: Hippowdon|Slack Off|p2a: Hippowdon\n|-heal|p2a: Hippowdon|56\/100\n|move|p1a: Garganacl|Salt Cure|p2a: Hippowdon\n|-resisted|p2a: Hippowdon\n|-damage|p2a: Hippowdon|52\/100\n|-start|p2a: Hippowdon|Salt Cure\n|\n|-weather|Sandstorm|[upkeep]\n|-damage|p1a: Garganacl|87\/100|[from] Sandstorm\n|-heal|p1a: Garganacl|94\/100|[from] item: Leftovers\n|-damage|p2a: Hippowdon|40\/100|[from] Salt Cure\n|upkeep\n|turn|45\n|c|\u2606How To Beat Lance|gg\n|c|\u2606How To Beat Lance|im almost out of eq\n|c|\u2606How To Beat Lance|stall is bs\n|\n|t:|1700490126\n|move|p1a: Garganacl|Protect|p1a: Garganacl\n|-singleturn|p1a: Garganacl|Protect\n|move|p2a: Hippowdon|Earthquake|p1a: Garganacl\n|-activate|p1a: Garganacl|move: Protect\n|\n|-weather|Sandstorm|[upkeep]\n|-damage|p1a: Garganacl|87\/100|[from] Sandstorm\n|-heal|p1a: Garganacl|94\/100|[from] item: Leftovers\n|-damage|p2a: Hippowdon|27\/100|[from] Salt Cure\n|upkeep\n|turn|46\n|\n|t:|1700490132\n|move|p2a: Hippowdon|Earthquake|p1a: Garganacl\n|-damage|p1a: Garganacl|75\/100\n|move|p1a: Garganacl|Salt Cure|p2a: Hippowdon\n|-resisted|p2a: Hippowdon\n|-damage|p2a: Hippowdon|23\/100\n|\n|-weather|Sandstorm|[upkeep]\n|-damage|p1a: Garganacl|69\/100|[from] Sandstorm\n|-heal|p1a: Garganacl|75\/100|[from] item: Leftovers\n|-damage|p2a: Hippowdon|10\/100|[from] Salt Cure\n|upkeep\n|turn|47\n|c|\u2606How To Beat Lance|ruins my day\n|\n|t:|1700490141\n|move|p1a: Garganacl|Protect|p1a: Garganacl\n|-singleturn|p1a: Garganacl|Protect\n|move|p2a: Hippowdon|Whirlwind||[still]\n|-fail|p2a: Hippowdon\n|\n|-weather|Sandstorm|[upkeep]\n|-damage|p1a: Garganacl|69\/100|[from] Sandstorm\n|-heal|p1a: Garganacl|75\/100|[from] item: Leftovers\n|-damage|p2a: Hippowdon|0 fnt|[from] Salt Cure\n|faint|p2a: Hippowdon\n|\n|win|Randy Vixton\n|upkeep\n|raw|Randy Vixton's rating: 1073 &rarr; <strong>1101<\/strong><br \/>(+28 for winning)\n|raw|How To Beat Lance's rating: 1061 &rarr; <strong>1043<\/strong><br \/>(-18 for losing)\n","uploadtime":1700490147,"views":1,"p1id":"randyvixton","p2id":"howtobeatlance","formatid":"gen9nationaldex","rating":1043,"private":0,"password":""}