{"id":"gen9nationaldex-1991948948","p1":"SevenSeasYT","p2":"BoccetheStirFried","format":"[Gen 9] National Dex","log":"|j|\u2606SevenSeasYT\n|j|\u2606BoccetheStirFried\n|t:|1700141563\n|gametype|singles\n|player|p1|SevenSeasYT|170|1350\n|player|p2|BoccetheStirFried|roxie|1435\n|teamsize|p1|6\n|teamsize|p2|6\n|gen|9\n|tier|[Gen 9] National Dex\n|rated|\n|rule|HP Percentage Mod: HP is shown in percentages\n|rule|Endless Battle Clause: Forcing endless battles is banned\n|rule|OHKO Clause: OHKO moves are banned\n|rule|Evasion Clause: Evasion abilities, items, and moves are banned\n|rule|Evasion Abilities Clause: Evasion abilities are banned\n|rule|Evasion Items Clause: Evasion items are banned\n|rule|Evasion Moves Clause: Evasion moves are banned\n|rule|Species Clause: Limit one of each Pok\u00e9mon\n|rule|Sleep Clause Mod: Limit one foe put to sleep\n|clearpoke\n|poke|p1|Polteageist|\n|poke|p1|Tapu Lele|\n|poke|p1|Sneasler, F|\n|poke|p1|Maushold|\n|poke|p1|Hatterene, F|\n|poke|p1|Charizard, F|\n|poke|p2|Tapu Lele|\n|poke|p2|Urshifu-*, M|\n|poke|p2|Moltres|\n|poke|p2|Lopunny, F|\n|poke|p2|Ferrothorn, F|\n|poke|p2|Xurkitree|\n|teampreview\n|inactive|Battle timer is ON: inactive players will automatically lose when time's up. (requested by BoccetheStirFried)\n|\n|t:|1700141578\n|start\n|switch|p1a: Entity 34|Hatterene, F|100\/100\n|switch|p2a: Hate this thing|Ferrothorn, F|100\/100\n|turn|1\n|\n|t:|1700141585\n|move|p1a: Entity 34|Mystical Fire|p2a: Hate this thing\n|-supereffective|p2a: Hate this thing\n|-damage|p2a: Hate this thing|32\/100\n|-unboost|p2a: Hate this thing|spa|1\n|move|p2a: Hate this thing|Gyro Ball|p1a: Entity 34\n|-supereffective|p1a: Entity 34\n|-damage|p1a: Entity 34|67\/100\n|-enditem|p1a: Entity 34|Eject Button\n|\n|t:|1700141593\n|switch|p1a: Astolfo|Tapu Lele|100\/100\n|-fieldstart|move: Psychic Terrain|[from] ability: Psychic Surge|[of] p1a: Astolfo\n|\n|upkeep\n|turn|2\n|j|+Wildfiree\n|l|+Wildfiree\n|\n|t:|1700141617\n|move|p1a: Astolfo|Psyshock|p2a: Hate this thing\n|-resisted|p2a: Hate this thing\n|-damage|p2a: Hate this thing|15\/100\n|move|p2a: Hate this thing|Gyro Ball|p1a: Astolfo\n|-supereffective|p1a: Astolfo\n|-damage|p1a: Astolfo|0 fnt\n|faint|p1a: Astolfo\n|\n|upkeep\n|\n|t:|1700141627\n|switch|p1a: The Prime Minister|Polteageist|100\/100\n|turn|3\n|\n|t:|1700141631\n|move|p1a: The Prime Minister|Shell Smash|p1a: The Prime Minister\n|-unboost|p1a: The Prime Minister|def|1\n|-unboost|p1a: The Prime Minister|spd|1\n|-boost|p1a: The Prime Minister|atk|2\n|-boost|p1a: The Prime Minister|spa|2\n|-boost|p1a: The Prime Minister|spe|2\n|move|p2a: Hate this thing|Thunder Wave|p1a: The Prime Minister\n|-status|p1a: The Prime Minister|par\n|\n|upkeep\n|turn|4\n|j| AesirEcho\n|\n|t:|1700141638\n|move|p1a: The Prime Minister|Shell Smash|p1a: The Prime Minister\n|-unboost|p1a: The Prime Minister|def|1\n|-unboost|p1a: The Prime Minister|spd|1\n|-boost|p1a: The Prime Minister|atk|2\n|-boost|p1a: The Prime Minister|spa|2\n|-boost|p1a: The Prime Minister|spe|2\n|move|p2a: Hate this thing|Gyro Ball|p1a: The Prime Minister\n|-enditem|p1a: The Prime Minister|Focus Sash\n|-damage|p1a: The Prime Minister|1\/100 par\n|-ability|p1a: The Prime Minister|Weak Armor|boost\n|-unboost|p1a: The Prime Minister|def|1\n|-boost|p1a: The Prime Minister|spe|2\n|\n|upkeep\n|turn|5\n|j| metagross773\n|\n|t:|1700141650\n|move|p1a: The Prime Minister|Stored Power|p2a: Hate this thing\n|-resisted|p2a: Hate this thing\n|-damage|p2a: Hate this thing|0 fnt\n|faint|p2a: Hate this thing\n|\n|upkeep\n|l| metagross773\n|\n|t:|1700141662\n|switch|p2a: inFAMOUS 2009|Xurkitree|100\/100\n|turn|6\n|j| XXMurdrXX\n|inactive|SevenSeasYT has 120 seconds left.\n|\n|t:|1700141705\n|move|p1a: The Prime Minister|Stored Power|p2a: inFAMOUS 2009\n|-damage|p2a: inFAMOUS 2009|0 fnt\n|faint|p2a: inFAMOUS 2009\n|\n|upkeep\n|\n|t:|1700141722\n|switch|p2a: You know the joke|Lopunny, F|100\/100\n|turn|7\n|\n|t:|1700141726\n|detailschange|p2a: You know the joke|Lopunny-Mega, F\n|-mega|p2a: You know the joke|Lopunny|Lopunnite\n|move|p1a: The Prime Minister|Stored Power|p2a: You know the joke\n|-supereffective|p2a: You know the joke\n|-damage|p2a: You know the joke|0 fnt\n|faint|p2a: You know the joke\n|\n|upkeep\n|\n|t:|1700141731\n|switch|p2a: Mudamuda|Urshifu-Rapid-Strike, M|100\/100\n|turn|8\n|\n|t:|1700141734\n|cant|p1a: The Prime Minister|par\n|move|p2a: Mudamuda|Surging Strikes|p1a: The Prime Minister\n|-crit|p1a: The Prime Minister\n|-damage|p1a: The Prime Minister|0 fnt\n|faint|p1a: The Prime Minister\n|-hitcount|p1: The Prime Minister|1\n|\n|-fieldend|move: Psychic Terrain\n|upkeep\n|\n|t:|1700141742\n|switch|p1a: Entity 34|Hatterene, F|67\/100\n|turn|9\n|\n|t:|1700141747\n|move|p2a: Mudamuda|Surging Strikes|p1a: Entity 34\n|-crit|p1a: Entity 34\n|-damage|p1a: Entity 34|48\/100\n|-crit|p1a: Entity 34\n|-damage|p1a: Entity 34|33\/100\n|-crit|p1a: Entity 34\n|-damage|p1a: Entity 34|16\/100\n|-hitcount|p1a: Entity 34|3\n|move|p1a: Entity 34|Nuzzle|p2a: Mudamuda\n|-supereffective|p2a: Mudamuda\n|-damage|p2a: Mudamuda|93\/100\n|-status|p2a: Mudamuda|par\n|\n|upkeep\n|turn|10\n|l| AesirEcho\n|\n|t:|1700141757\n|move|p2a: Mudamuda|Surging Strikes|p1a: Entity 34\n|-crit|p1a: Entity 34\n|-damage|p1a: Entity 34|0 fnt\n|faint|p1a: Entity 34\n|-hitcount|p1: Entity 34|1\n|\n|upkeep\n|\n|t:|1700141764\n|switch|p1a: Zulu|Charizard, F|100\/100\n|turn|11\n|\n|t:|1700141769\n|detailschange|p1a: Zulu|Charizard-Mega-Y, F\n|-mega|p1a: Zulu|Charizard|Charizardite Y\n|-weather|SunnyDay|[from] ability: Drought|[of] p1a: Zulu\n|-terastallize|p2a: Mudamuda|Fighting\n|move|p1a: Zulu|Solar Beam||[still]\n|-prepare|p1a: Zulu|Solar Beam\n|-anim|p1a: Zulu|Solar Beam|p2a: Mudamuda\n|-damage|p2a: Mudamuda|24\/100 par\n|move|p2a: Mudamuda|Surging Strikes|p1a: Zulu\n|-supereffective|p1a: Zulu\n|-crit|p1a: Zulu\n|-damage|p1a: Zulu|72\/100\n|-supereffective|p1a: Zulu\n|-crit|p1a: Zulu\n|-damage|p1a: Zulu|43\/100\n|-supereffective|p1a: Zulu\n|-crit|p1a: Zulu\n|-damage|p1a: Zulu|18\/100\n|-hitcount|p1a: Zulu|3\n|\n|-weather|SunnyDay|[upkeep]\n|upkeep\n|turn|12\n|\n|t:|1700141784\n|move|p1a: Zulu|Weather Ball|p2a: Mudamuda\n|-damage|p2a: Mudamuda|0 fnt\n|faint|p2a: Mudamuda\n|\n|-weather|SunnyDay|[upkeep]\n|upkeep\n|\n|t:|1700141789\n|switch|p2a: Rotisserie Chicken|Moltres|100\/100\n|turn|13\n|\n|t:|1700141795\n|move|p1a: Zulu|Weather Ball|p2a: Rotisserie Chicken\n|-resisted|p2a: Rotisserie Chicken\n|-damage|p2a: Rotisserie Chicken|64\/100\n|move|p2a: Rotisserie Chicken|Flamethrower|p1a: Zulu\n|-resisted|p1a: Zulu\n|-damage|p1a: Zulu|0 fnt\n|faint|p1a: Zulu\n|\n|-weather|SunnyDay|[upkeep]\n|upkeep\n|\n|t:|1700141800\n|switch|p1a: Lack of Parents?|Maushold|100\/100\n|turn|14\n|\n|t:|1700141808\n|move|p1a: Lack of Parents?|Tidy Up|p1a: Lack of Parents?\n|-boost|p1a: Lack of Parents?|atk|1\n|-boost|p1a: Lack of Parents?|spe|1\n|move|p2a: Rotisserie Chicken|Flamethrower|p1a: Lack of Parents?\n|-damage|p1a: Lack of Parents?|3\/100\n|\n|-weather|SunnyDay|[upkeep]\n|upkeep\n|turn|15\n|\n|t:|1700141819\n|-terastallize|p1a: Lack of Parents?|Normal\n|move|p1a: Lack of Parents?|Population Bomb|p2a: Rotisserie Chicken\n|-damage|p2a: Rotisserie Chicken|43\/100\n|-damage|p2a: Rotisserie Chicken|20\/100\n|-damage|p2a: Rotisserie Chicken|0 fnt\n|-status|p1a: Lack of Parents?|brn|[from] ability: Flame Body|[of] p2a: Rotisserie Chicken\n|faint|p2a: Rotisserie Chicken\n|-hitcount|p2: Rotisserie Chicken|3\n|\n|-weather|none\n|-damage|p1a: Lack of Parents?|0 fnt|[from] brn\n|faint|p1a: Lack of Parents?\n|upkeep\n|\n|t:|1700141830\n|switch|p1a: Stronger Monsters|Sneasler, F|100\/100\n|switch|p2a: Idk what you are|Tapu Lele|100\/100\n|-fieldstart|move: Psychic Terrain|[from] ability: Psychic Surge|[of] p2a: Idk what you are\n|-enditem|p1a: Stronger Monsters|Psychic Seed\n|-boost|p1a: Stronger Monsters|spd|1|[from] item: Psychic Seed\n|turn|16\n|c|\u2606BoccetheStirFried|gg wp\n|\n|t:|1700141837\n|move|p1a: Stronger Monsters|Dire Claw|p2a: Idk what you are\n|-supereffective|p2a: Idk what you are\n|-damage|p2a: Idk what you are|0 fnt\n|faint|p2a: Idk what you are\n|\n|win|SevenSeasYT\n|raw|SevenSeasYT's rating: 1350 &rarr; <strong>1375<\/strong><br \/>(+25 for winning)\n|raw|BoccetheStirFried's rating: 1435 &rarr; <strong>1410<\/strong><br \/>(-25 for losing)\n|l|\u2606BoccetheStirFried\n|c|\u2606SevenSeasYT|gg\n","uploadtime":1700141854,"views":6,"p1id":"sevenseasyt","p2id":"boccethestirfried","formatid":"gen9nationaldex","rating":1375,"private":0,"password":""}