{"id":"gen9nationaldex-1997437063","p1":"Yan Mouren","p2":"YG97","format":"[Gen 9] National Dex","log":"|html|<div class=\"broadcast-blue\"><strong>[Gen 9] National Dex is currently suspecting Sneasler! For information on how to participate check out the <a href=\"https:\/\/www.smogon.com\/forums\/threads\/sv-national-dex-suspect-8-just-dance.3731534\/\">suspect thread<\/a>.<\/strong><\/div>\n|j|\u2606Yan Mouren\n|j|\u2606YG97\n|t:|1700805019\n|gametype|singles\n|player|p1|Yan Mouren|lady-gen4|1442\n|player|p2|YG97|dawn|1366\n|teamsize|p1|6\n|teamsize|p2|6\n|gen|9\n|tier|[Gen 9] National Dex\n|rated|\n|rule|HP Percentage Mod: HP is shown in percentages\n|rule|Endless Battle Clause: Forcing endless battles is banned\n|rule|OHKO Clause: OHKO moves are banned\n|rule|Evasion Clause: Evasion abilities, items, and moves are banned\n|rule|Evasion Abilities Clause: Evasion abilities are banned\n|rule|Evasion Items Clause: Evasion items are banned\n|rule|Evasion Moves Clause: Evasion moves are banned\n|rule|Species Clause: Limit one of each Pok\u00e9mon\n|rule|Sleep Clause Mod: Limit one foe put to sleep\n|clearpoke\n|poke|p1|Scizor, F|\n|poke|p1|Hatterene, F|\n|poke|p1|Garchomp, F|\n|poke|p1|Victini|\n|poke|p1|Zapdos|\n|poke|p1|Swampert, M|\n|poke|p2|Espeon, M|\n|poke|p2|Scizor, F|\n|poke|p2|Ceruledge, M|\n|poke|p2|Milotic, M|\n|poke|p2|Gliscor, F|\n|poke|p2|Kartana|\n|teampreview\n|\n|t:|1700805040\n|start\n|switch|p1a: \u5929\u5929\u8fc7\u52b3\u6b7b|Scizor, F|100\/100\n|switch|p2a: Espeon|Espeon, M|100\/100\n|turn|1\n|\n|t:|1700805051\n|switch|p2a: Gliscor|Gliscor, F|100\/100\n|switch|p1a: \u4e3a\u6211\u5e26\u6765\u80dc\u5229\uff01|Victini|100\/100\n|\n|-status|p2a: Gliscor|tox|[from] item: Toxic Orb\n|upkeep\n|turn|2\n|\n|t:|1700805058\n|switch|p2a: Ceruledge|Ceruledge, M|100\/100\n|move|p1a: \u4e3a\u6211\u5e26\u6765\u80dc\u5229\uff01|U-turn|p2a: Ceruledge\n|-resisted|p2a: Ceruledge\n|-damage|p2a: Ceruledge|95\/100\n|\n|t:|1700805070\n|switch|p1a: \u84dd\u80d6\u4e0a\u4f4d|Swampert, M|100\/100|[from] U-turn\n|\n|upkeep\n|turn|3\n|\n|t:|1700805084\n|move|p2a: Ceruledge|Poltergeist|p1a: \u84dd\u80d6\u4e0a\u4f4d\n|-activate|p1a: \u84dd\u80d6\u4e0a\u4f4d|move: Poltergeist|Leftovers\n|-damage|p1a: \u84dd\u80d6\u4e0a\u4f4d|56\/100\n|move|p1a: \u84dd\u80d6\u4e0a\u4f4d|Flip Turn|p2a: Ceruledge\n|-supereffective|p2a: Ceruledge\n|-damage|p2a: Ceruledge|43\/100\n|\n|t:|1700805096\n|switch|p1a: \u9cde\u5c04\u522b\u7a7a\u4e86\uff09|Garchomp, F|100\/100|[from] Flip Turn\n|\n|upkeep\n|turn|4\n|\n|t:|1700805104\n|switch|p2a: Gliscor|Gliscor, F|100\/100 tox\n|move|p1a: \u9cde\u5c04\u522b\u7a7a\u4e86\uff09|Scale Shot|p2a: Gliscor\n|-damage|p2a: Gliscor|92\/100 tox\n|-damage|p2a: Gliscor|84\/100 tox\n|-damage|p2a: Gliscor|76\/100 tox\n|-damage|p2a: Gliscor|69\/100 tox\n|-damage|p2a: Gliscor|60\/100 tox\n|-hitcount|p2a: Gliscor|5\n|-unboost|p1a: \u9cde\u5c04\u522b\u7a7a\u4e86\uff09|def|1\n|-boost|p1a: \u9cde\u5c04\u522b\u7a7a\u4e86\uff09|spe|1\n|\n|-heal|p2a: Gliscor|72\/100 tox|[from] ability: Poison Heal\n|upkeep\n|turn|5\n|\n|t:|1700805117\n|switch|p1a: \u5929\u5929\u8fc7\u52b3\u6b7b|Scizor, F|100\/100\n|move|p2a: Gliscor|Protect||[still]\n|-fail|p2a: Gliscor\n|\n|-heal|p2a: Gliscor|85\/100 tox|[from] ability: Poison Heal\n|upkeep\n|turn|6\n|\n|t:|1700805124\n|detailschange|p1a: \u5929\u5929\u8fc7\u52b3\u6b7b|Scizor-Mega, F\n|-mega|p1a: \u5929\u5929\u8fc7\u52b3\u6b7b|Scizor|Scizorite\n|move|p2a: Gliscor|U-turn|p1a: \u5929\u5929\u8fc7\u52b3\u6b7b\n|-resisted|p1a: \u5929\u5929\u8fc7\u52b3\u6b7b\n|-damage|p1a: \u5929\u5929\u8fc7\u52b3\u6b7b|95\/100\n|\n|t:|1700805132\n|switch|p2a: Scizor|Scizor, F|100\/100|[from] U-turn\n|move|p1a: \u5929\u5929\u8fc7\u52b3\u6b7b|U-turn|p2a: Scizor\n|-resisted|p2a: Scizor\n|-damage|p2a: Scizor|83\/100\n|\n|t:|1700805139\n|switch|p1a: \u4e3a\u6211\u5e26\u6765\u80dc\u5229\uff01|Victini|100\/100|[from] U-turn\n|\n|upkeep\n|turn|7\n|\n|t:|1700805148\n|switch|p2a: Ceruledge|Ceruledge, M|43\/100\n|move|p1a: \u4e3a\u6211\u5e26\u6765\u80dc\u5229\uff01|U-turn|p2a: Ceruledge\n|-resisted|p2a: Ceruledge\n|-damage|p2a: Ceruledge|37\/100\n|\n|t:|1700805154\n|switch|p1a: \u9cde\u5c04\u522b\u7a7a\u4e86\uff09|Garchomp, F|100\/100|[from] U-turn\n|\n|upkeep\n|turn|8\n|\n|t:|1700805158\n|switch|p2a: Gliscor|Gliscor, F|85\/100 tox\n|move|p1a: \u9cde\u5c04\u522b\u7a7a\u4e86\uff09|Scale Shot|p2a: Gliscor\n|-damage|p2a: Gliscor|77\/100 tox\n|-damage|p2a: Gliscor|69\/100 tox\n|-damage|p2a: Gliscor|61\/100 tox\n|-damage|p2a: Gliscor|53\/100 tox\n|-damage|p2a: Gliscor|45\/100 tox\n|-hitcount|p2a: Gliscor|5\n|-unboost|p1a: \u9cde\u5c04\u522b\u7a7a\u4e86\uff09|def|1\n|-boost|p1a: \u9cde\u5c04\u522b\u7a7a\u4e86\uff09|spe|1\n|\n|-heal|p2a: Gliscor|58\/100 tox|[from] ability: Poison Heal\n|upkeep\n|turn|9\n|\n|t:|1700805177\n|move|p1a: \u9cde\u5c04\u522b\u7a7a\u4e86\uff09|Swords Dance|p1a: \u9cde\u5c04\u522b\u7a7a\u4e86\uff09\n|-boost|p1a: \u9cde\u5c04\u522b\u7a7a\u4e86\uff09|atk|2\n|move|p2a: Gliscor|Toxic|p1a: \u9cde\u5c04\u522b\u7a7a\u4e86\uff09\n|-status|p1a: \u9cde\u5c04\u522b\u7a7a\u4e86\uff09|tox\n|\n|-damage|p1a: \u9cde\u5c04\u522b\u7a7a\u4e86\uff09|94\/100 tox|[from] psn\n|-heal|p2a: Gliscor|70\/100 tox|[from] ability: Poison Heal\n|upkeep\n|turn|10\n|\n|t:|1700805189\n|move|p2a: Gliscor|Protect|p2a: Gliscor\n|-singleturn|p2a: Gliscor|Protect\n|move|p1a: \u9cde\u5c04\u522b\u7a7a\u4e86\uff09|Swords Dance|p1a: \u9cde\u5c04\u522b\u7a7a\u4e86\uff09\n|-boost|p1a: \u9cde\u5c04\u522b\u7a7a\u4e86\uff09|atk|2\n|\n|-damage|p1a: \u9cde\u5c04\u522b\u7a7a\u4e86\uff09|82\/100 tox|[from] psn\n|-heal|p2a: Gliscor|83\/100 tox|[from] ability: Poison Heal\n|upkeep\n|turn|11\n|\n|t:|1700805202\n|switch|p2a: Scizor|Scizor, F|83\/100\n|move|p1a: \u9cde\u5c04\u522b\u7a7a\u4e86\uff09|Scale Shot|p2a: Scizor\n|-resisted|p2a: Scizor\n|-damage|p2a: Scizor|64\/100\n|-resisted|p2a: Scizor\n|-damage|p2a: Scizor|45\/100\n|-resisted|p2a: Scizor\n|-damage|p2a: Scizor|26\/100\n|-resisted|p2a: Scizor\n|-damage|p2a: Scizor|5\/100\n|-resisted|p2a: Scizor\n|-damage|p2a: Scizor|0 fnt\n|faint|p2a: Scizor\n|-hitcount|p2: Scizor|5\n|-unboost|p1a: \u9cde\u5c04\u522b\u7a7a\u4e86\uff09|def|1\n|-boost|p1a: \u9cde\u5c04\u522b\u7a7a\u4e86\uff09|spe|1\n|\n|-damage|p1a: \u9cde\u5c04\u522b\u7a7a\u4e86\uff09|64\/100 tox|[from] psn\n|upkeep\n|\n|t:|1700805208\n|switch|p2a: Kartana|Kartana|100\/100\n|turn|12\n|\n|t:|1700805213\n|move|p1a: \u9cde\u5c04\u522b\u7a7a\u4e86\uff09|Fire Fang|p2a: Kartana\n|-supereffective|p2a: Kartana\n|-damage|p2a: Kartana|0 fnt\n|faint|p2a: Kartana\n|\n|-damage|p1a: \u9cde\u5c04\u522b\u7a7a\u4e86\uff09|39\/100 tox|[from] psn\n|upkeep\n|-message|YG97 forfeited.\n|\n|win|Yan Mouren\n|raw|Yan Mouren's rating: 1442 &rarr; <strong>1458<\/strong><br \/>(+16 for winning)\n|raw|YG97's rating: 1366 &rarr; <strong>1350<\/strong><br \/>(-16 for losing)\n|l|\u2606YG97\n","uploadtime":1700805227,"views":6,"p1id":"yanmouren","p2id":"yg97","formatid":"gen9nationaldex","rating":1350,"private":0,"password":""}