{"id":"gen9nationaldex-1997061252","p1":"Alonsw","p2":"Zamudio011","format":"[Gen 9] National Dex","log":"|html|<div class=\"broadcast-blue\"><strong>[Gen 9] National Dex is currently suspecting Sneasler! For information on how to participate check out the <a href=\"https:\/\/www.smogon.com\/forums\/threads\/sv-national-dex-suspect-8-just-dance.3731534\/\">suspect thread<\/a>.<\/strong><\/div>\n|j|\u2606Alonsw\n|j|\u2606Zamudio011\n|t:|1700760596\n|gametype|singles\n|player|p1|Alonsw|2|\n|player|p2|Zamudio011|cynthia-gen4|\n|teamsize|p1|6\n|teamsize|p2|6\n|gen|9\n|tier|[Gen 9] National Dex\n|rule|HP Percentage Mod: HP is shown in percentages\n|rule|Endless Battle Clause: Forcing endless battles is banned\n|rule|OHKO Clause: OHKO moves are banned\n|rule|Evasion Clause: Evasion abilities, items, and moves are banned\n|rule|Evasion Abilities Clause: Evasion abilities are banned\n|rule|Evasion Items Clause: Evasion items are banned\n|rule|Evasion Moves Clause: Evasion moves are banned\n|rule|Species Clause: Limit one of each Pok\u00e9mon\n|rule|Sleep Clause Mod: Limit one foe put to sleep\n|clearpoke\n|poke|p1|Shieldon, F|\n|poke|p1|Tentacool, M|\n|poke|p1|Drifloon, M|\n|poke|p1|Bramblin, F|\n|poke|p1|Helioptile, M|\n|poke|p1|Mienfoo, M|\n|poke|p2|Lileep, M|\n|poke|p2|Voltorb|\n|poke|p2|Squirtle, M|\n|poke|p2|Taillow, M|\n|poke|p2|Numel, M|\n|poke|p2|Spinarak, M|\n|teampreview\n|\n|t:|1700760667\n|start\n|switch|p1a: Drifloon|Drifloon, M|100\/100\n|switch|p2a: Voltorb|Voltorb, shiny|100\/100\n|turn|1\n|\n|t:|1700760697\n|move|p2a: Voltorb|Light Screen|p2a: Voltorb\n|-sidestart|p2: Zamudio011|move: Light Screen\n|move|p1a: Drifloon|Rain Dance|p1a: Drifloon\n|-weather|RainDance\n|\n|-weather|RainDance|[upkeep]\n|upkeep\n|turn|2\n|\n|t:|1700760709\n|move|p2a: Voltorb|Reflect|p2a: Voltorb\n|-sidestart|p2: Zamudio011|Reflect\n|move|p1a: Drifloon|Tailwind|p1a: Drifloon\n|-sidestart|p1: Alonsw|move: Tailwind\n|\n|-weather|RainDance|[upkeep]\n|upkeep\n|turn|3\n|\n|t:|1700760817\n|switch|p1a: Bramblin|Bramblin, F, shiny|100\/100\n|-ability|p1a: Bramblin|Wind Rider|boost\n|-boost|p1a: Bramblin|atk|1\n|move|p2a: Voltorb|Volt Switch|p1a: Bramblin\n|-resisted|p1a: Bramblin\n|-damage|p1a: Bramblin|81\/100\n|\n|t:|1700760876\n|switch|p2a: Spinarak|Spinarak, M, shiny|100\/100|[from] Volt Switch\n|\n|-weather|RainDance|[upkeep]\n|upkeep\n|turn|4\n|\n|t:|1700760936\n|move|p1a: Bramblin|Seed Bomb|p2a: Spinarak\n|-resisted|p2a: Spinarak\n|-damage|p2a: Spinarak|88\/100\n|move|p2a: Spinarak|Knock Off|p1a: Bramblin\n|-supereffective|p1a: Bramblin\n|-damage|p1a: Bramblin|0 fnt\n|-enditem|p1a: Bramblin|Choice Scarf|[from] move: Knock Off|[of] p2a: Spinarak\n|faint|p1a: Bramblin\n|\n|-weather|RainDance|[upkeep]\n|-heal|p2a: Spinarak|94\/100|[from] item: Black Sludge\n|upkeep\n|\n|t:|1700760967\n|switch|p1a: Shieldon|Shieldon, F, shiny|100\/100\n|turn|5\n|\n|t:|1700760972\n|move|p1a: Shieldon|Stealth Rock|p2a: Spinarak\n|-sidestart|p2: Zamudio011|move: Stealth Rock\n|move|p2a: Spinarak|Sticky Web|p1a: Shieldon\n|-sidestart|p1: Alonsw|move: Sticky Web\n|\n|-weather|none\n|-heal|p2a: Spinarak|100\/100|[from] item: Black Sludge\n|-sideend|p1: Alonsw|move: Tailwind\n|upkeep\n|turn|6\n|\n|t:|1700760983\n|move|p2a: Spinarak|Knock Off|p1a: Shieldon\n|-damage|p1a: Shieldon|85\/100\n|-enditem|p1a: Shieldon|Leftovers|[from] move: Knock Off|[of] p2a: Spinarak\n|move|p1a: Shieldon|Iron Defense|p1a: Shieldon\n|-boost|p1a: Shieldon|def|2\n|\n|upkeep\n|turn|7\n|\n|t:|1700761014\n|switch|p2a: Numel|Numel, M, shiny|100\/100\n|-damage|p2a: Numel|88\/100|[from] Stealth Rock\n|move|p1a: Shieldon|Ancient Power|p2a: Numel\n|-damage|p2a: Numel|75\/100\n|\n|upkeep\n|turn|8\n|\n|t:|1700761091\n|-terastallize|p1a: Shieldon|Ground\n|move|p2a: Numel|Sunny Day|p2a: Numel\n|-weather|SunnyDay\n|move|p1a: Shieldon|Earth Power|p2a: Numel\n|-supereffective|p2a: Numel\n|-damage|p2a: Numel|36\/100\n|-enditem|p2a: Numel|Sitrus Berry|[eat]\n|-heal|p2a: Numel|60\/100|[from] item: Sitrus Berry\n|\n|-weather|SunnyDay|[upkeep]\n|-sideend|p2: Zamudio011|move: Light Screen\n|upkeep\n|turn|9\n|\n|t:|1700761112\n|-terastallize|p2a: Numel|Water\n|move|p2a: Numel|Growth|p2a: Numel\n|-boost|p2a: Numel|atk|4\n|-boost|p2a: Numel|spa|4\n|move|p1a: Shieldon|Earth Power|p2a: Numel\n|-damage|p2a: Numel|20\/100\n|\n|-weather|SunnyDay|[upkeep]\n|-sideend|p2: Zamudio011|Reflect\n|upkeep\n|turn|10\n|\n|t:|1700761126\n|move|p2a: Numel|Earth Power|p1a: Shieldon\n|-damage|p1a: Shieldon|0 fnt\n|faint|p1a: Shieldon\n|\n|-weather|SunnyDay|[upkeep]\n|upkeep\n|\n|t:|1700761132\n|switch|p1a: Drifloon|Drifloon, M|100\/100\n|turn|11\n|\n|t:|1700761141\n|move|p1a: Drifloon|Shadow Ball|p2a: Numel\n|-damage|p2a: Numel|0 fnt\n|faint|p2a: Numel\n|\n|-weather|SunnyDay|[upkeep]\n|upkeep\n|\n|t:|1700761202\n|switch|p2a: Voltorb|Voltorb, shiny|100\/100\n|-damage|p2a: Voltorb|88\/100|[from] Stealth Rock\n|turn|12\n|\n|t:|1700761211\n|move|p2a: Voltorb|Light Screen|p2a: Voltorb\n|-sidestart|p2: Zamudio011|move: Light Screen\n|move|p1a: Drifloon|Rain Dance|p1a: Drifloon\n|-weather|RainDance\n|\n|-weather|RainDance|[upkeep]\n|upkeep\n|turn|13\n|\n|t:|1700761226\n|move|p2a: Voltorb|Reflect|p2a: Voltorb\n|-sidestart|p2: Zamudio011|Reflect\n|move|p1a: Drifloon|Tailwind|p1a: Drifloon\n|-sidestart|p1: Alonsw|move: Tailwind\n|\n|-weather|RainDance|[upkeep]\n|upkeep\n|turn|14\n|\n|t:|1700761249\n|move|p1a: Drifloon|Shadow Ball|p2a: Voltorb\n|-damage|p2a: Voltorb|73\/100\n|move|p2a: Voltorb|Volt Switch|p1a: Drifloon\n|-supereffective|p1a: Drifloon\n|-damage|p1a: Drifloon|69\/100\n|\n|t:|1700761300\n|switch|p2a: Squirtle|Squirtle, M, shiny|100\/100|[from] Volt Switch\n|-damage|p2a: Squirtle|88\/100|[from] Stealth Rock\n|\n|-weather|RainDance|[upkeep]\n|upkeep\n|turn|15\n|\n|t:|1700761321\n|move|p1a: Drifloon|Shadow Ball|p2a: Squirtle\n|-damage|p2a: Squirtle|73\/100\n|-unboost|p2a: Squirtle|spd|1\n|move|p2a: Squirtle|Yawn|p1a: Drifloon\n|-start|p1a: Drifloon|move: Yawn|[of] p2a: Squirtle\n|\n|-weather|RainDance|[upkeep]\n|upkeep\n|turn|16\n|\n|t:|1700761343\n|switch|p1a: Helioptile|Helioptile, M, shiny|100\/100\n|-activate|p1a: Helioptile|move: Sticky Web\n|-unboost|p1a: Helioptile|spe|1\n|move|p2a: Squirtle|Waterfall|p1a: Helioptile\n|-immune|p1a: Helioptile|[from] ability: Dry Skin\n|\n|-weather|none\n|-sideend|p1: Alonsw|move: Tailwind\n|upkeep\n|turn|17\n|\n|t:|1700761364\n|move|p1a: Helioptile|Thunderbolt|p2a: Squirtle\n|-supereffective|p2a: Squirtle\n|-damage|p2a: Squirtle|0 fnt\n|faint|p2a: Squirtle\n|\n|upkeep\n|l|\u2606Alonsw\n|player|p1|\n|j|\u2606Alonsw\n|player|p1|Alonsw|2\n|\n|t:|1700761439\n|switch|p2a: Lileep|Lileep, M, shiny|100\/100\n|-damage|p2a: Lileep|88\/100|[from] Stealth Rock\n|turn|18\n|\n|t:|1700761447\n|switch|p1a: Mienfoo|Mienfoo, M, shiny|100\/100\n|-activate|p1a: Mienfoo|move: Sticky Web\n|-unboost|p1a: Mienfoo|spe|1\n|move|p2a: Lileep|Stealth Rock|p1a: Mienfoo\n|-sidestart|p1: Alonsw|move: Stealth Rock\n|\n|-heal|p2a: Lileep|94\/100|[from] item: Leftovers\n|upkeep\n|turn|19\n|\n|t:|1700761475\n|switch|p2a: Spinarak|Spinarak, M, shiny|100\/100\n|-damage|p2a: Spinarak|76\/100|[from] Stealth Rock\n|move|p1a: Mienfoo|U-turn|p2a: Spinarak\n|-resisted|p2a: Spinarak\n|-crit|p2a: Spinarak\n|-damage|p2a: Spinarak|41\/100\n|\n|t:|1700761489\n|switch|p1a: Tentacool|Tentacool, M|100\/100|[from] U-turn\n|-activate|p1a: Tentacool|move: Sticky Web\n|-unboost|p1a: Tentacool|spe|1\n|-damage|p1a: Tentacool|88\/100|[from] Stealth Rock\n|\n|-heal|p2a: Spinarak|48\/100|[from] item: Black Sludge\n|-heal|p1a: Tentacool|94\/100|[from] item: Black Sludge\n|-sideend|p2: Zamudio011|move: Light Screen\n|upkeep\n|turn|20\n|\n|t:|1700761503\n|move|p2a: Spinarak|Knock Off|p1a: Tentacool\n|-damage|p1a: Tentacool|47\/100\n|-enditem|p1a: Tentacool|Black Sludge|[from] move: Knock Off|[of] p2a: Spinarak\n|move|p1a: Tentacool|Rain Dance|p1a: Tentacool\n|-weather|RainDance\n|\n|-weather|RainDance|[upkeep]\n|-heal|p1a: Tentacool|53\/100|[from] ability: Rain Dish\n|-heal|p2a: Spinarak|54\/100|[from] item: Black Sludge\n|-sideend|p2: Zamudio011|Reflect\n|upkeep\n|turn|21\n|\n|t:|1700761538\n|move|p2a: Spinarak|Leech Life|p1a: Tentacool\n|-resisted|p1a: Tentacool\n|-damage|p1a: Tentacool|23\/100\n|-heal|p2a: Spinarak|72\/100|[from] drain|[of] p1a: Tentacool\n|move|p1a: Tentacool|Scald|p2a: Spinarak\n|-damage|p2a: Spinarak|20\/100\n|\n|-weather|RainDance|[upkeep]\n|-heal|p1a: Tentacool|29\/100|[from] ability: Rain Dish\n|-heal|p2a: Spinarak|27\/100|[from] item: Black Sludge\n|upkeep\n|turn|22\n|\n|t:|1700761563\n|move|p2a: Spinarak|Leech Life|p1a: Tentacool\n|-resisted|p1a: Tentacool\n|-damage|p1a: Tentacool|0 fnt\n|-heal|p2a: Spinarak|43\/100|[from] drain|[of] p1a: Tentacool\n|faint|p1a: Tentacool\n|\n|-weather|RainDance|[upkeep]\n|-heal|p2a: Spinarak|49\/100|[from] item: Black Sludge\n|upkeep\n|\n|t:|1700761576\n|switch|p1a: Mienfoo|Mienfoo, M, shiny|100\/100\n|-activate|p1a: Mienfoo|move: Sticky Web\n|-unboost|p1a: Mienfoo|spe|1\n|-damage|p1a: Mienfoo|94\/100|[from] Stealth Rock\n|turn|23\n|\n|t:|1700761584\n|move|p1a: Mienfoo|Fake Out|p2a: Spinarak\n|-damage|p2a: Spinarak|24\/100\n|cant|p2a: Spinarak|flinch\n|\n|-weather|RainDance|[upkeep]\n|-heal|p2a: Spinarak|30\/100|[from] item: Black Sludge\n|upkeep\n|turn|24\n|\n|t:|1700761594\n|move|p2a: Spinarak|Toxic|p1a: Mienfoo\n|-status|p1a: Mienfoo|tox\n|move|p1a: Mienfoo|Knock Off|p2a: Spinarak\n|-damage|p2a: Spinarak|0 fnt\n|-enditem|p2a: Spinarak|Black Sludge|[from] move: Knock Off|[of] p1a: Mienfoo\n|faint|p2a: Spinarak\n|\n|-weather|none\n|-damage|p1a: Mienfoo|88\/100 tox|[from] psn\n|upkeep\n|\n|t:|1700761635\n|switch|p2a: Voltorb|Voltorb, shiny|73\/100\n|-damage|p2a: Voltorb|61\/100|[from] Stealth Rock\n|turn|25\n|\n|t:|1700761643\n|switch|p1a: Drifloon|Drifloon, M|69\/100\n|-damage|p1a: Drifloon|44\/100|[from] Stealth Rock\n|-enditem|p1a: Drifloon|Sitrus Berry|[eat]\n|-heal|p1a: Drifloon|69\/100|[from] item: Sitrus Berry\n|move|p2a: Voltorb|Reflect|p2a: Voltorb\n|-sidestart|p2: Zamudio011|Reflect\n|\n|upkeep\n|turn|26\n|l|\u2606Alonsw\n|player|p1|\n|j|\u2606Alonsw\n|player|p1|Alonsw|2\n|\n|t:|1700761709\n|move|p1a: Drifloon|Shadow Ball|p2a: Voltorb\n|-damage|p2a: Voltorb|29\/100\n|move|p2a: Voltorb|Light Screen|p2a: Voltorb\n|-sidestart|p2: Zamudio011|move: Light Screen\n|\n|upkeep\n|turn|27\n|\n|t:|1700761722\n|move|p1a: Drifloon|Tailwind|p1a: Drifloon\n|-sidestart|p1: Alonsw|move: Tailwind\n|move|p2a: Voltorb|Volt Switch|p1a: Drifloon\n|-supereffective|p1a: Drifloon\n|-crit|p1a: Drifloon\n|-damage|p1a: Drifloon|21\/100\n|\n|t:|1700761742\n|switch|p2a: Taillow|Taillow, M, shiny|100\/100|[from] Volt Switch\n|-damage|p2a: Taillow|76\/100|[from] Stealth Rock\n|\n|-status|p2a: Taillow|brn|[from] item: Flame Orb\n|upkeep\n|turn|28\n|\n|t:|1700761753\n|move|p1a: Drifloon|Pain Split|p2a: Taillow\n|-sethp|p2a: Taillow|56\/100 brn|[from] move: Pain Split|[silent]\n|-sethp|p1a: Drifloon|32\/100|[from] move: Pain Split\n|move|p2a: Taillow|Agility|p2a: Taillow\n|-boost|p2a: Taillow|spe|2\n|\n|-damage|p2a: Taillow|50\/100 brn|[from] brn\n|upkeep\n|turn|29\n|\n|t:|1700761768\n|move|p1a: Drifloon|Pain Split|p2a: Taillow\n|-sethp|p2a: Taillow|53\/100 brn|[from] move: Pain Split|[silent]\n|-sethp|p1a: Drifloon|30\/100|[from] move: Pain Split\n|move|p2a: Taillow|Facade|p1a: Drifloon\n|-damage|p1a: Drifloon|0 fnt\n|faint|p1a: Drifloon\n|\n|-damage|p2a: Taillow|47\/100 brn|[from] brn\n|upkeep\n|\n|t:|1700761779\n|switch|p1a: Mienfoo|Mienfoo, M, shiny|100\/100 tox\n|-activate|p1a: Mienfoo|move: Sticky Web\n|-unboost|p1a: Mienfoo|spe|1\n|-damage|p1a: Mienfoo|94\/100 tox|[from] Stealth Rock\n|turn|30\n|\n|t:|1700761803\n|move|p1a: Mienfoo|Fake Out|p2a: Taillow\n|-damage|p2a: Taillow|29\/100 brn\n|cant|p2a: Taillow|flinch\n|\n|-damage|p1a: Mienfoo|88\/100 tox|[from] psn\n|-damage|p2a: Taillow|23\/100 brn|[from] brn\n|-sideend|p1: Alonsw|move: Tailwind\n|upkeep\n|turn|31\n|\n|t:|1700761821\n|switch|p1a: Helioptile|Helioptile, M, shiny|100\/100\n|-activate|p1a: Helioptile|move: Sticky Web\n|-unboost|p1a: Helioptile|spe|1\n|-damage|p1a: Helioptile|88\/100|[from] Stealth Rock\n|move|p2a: Taillow|Facade|p1a: Helioptile\n|-damage|p1a: Helioptile|0 fnt\n|faint|p1a: Helioptile\n|\n|-damage|p2a: Taillow|17\/100 brn|[from] brn\n|upkeep\n|\n|t:|1700761833\n|switch|p1a: Mienfoo|Mienfoo, M, shiny|100\/100 tox\n|-activate|p1a: Mienfoo|move: Sticky Web\n|-unboost|p1a: Mienfoo|spe|1\n|-damage|p1a: Mienfoo|94\/100 tox|[from] Stealth Rock\n|turn|32\n|\n|t:|1700761845\n|move|p1a: Mienfoo|Fake Out|p2a: Taillow\n|-damage|p2a: Taillow|0 fnt\n|faint|p2a: Taillow\n|\n|-damage|p1a: Mienfoo|88\/100 tox|[from] psn\n|-sideend|p2: Zamudio011|Reflect\n|upkeep\n|\n|t:|1700761855\n|switch|p2a: Voltorb|Voltorb, shiny|29\/100\n|-damage|p2a: Voltorb|17\/100|[from] Stealth Rock\n|turn|33\n|\n|t:|1700761910\n|move|p2a: Voltorb|Explosion|p1a: Mienfoo\n|-damage|p1a: Mienfoo|47\/100 tox\n|faint|p2a: Voltorb\n|move|p1a: Mienfoo|Drain Punch|p2: Voltorb|[notarget]\n|-fail|p1a: Mienfoo\n|\n|-damage|p1a: Mienfoo|35\/100 tox|[from] psn\n|-sideend|p2: Zamudio011|move: Light Screen\n|upkeep\n|\n|t:|1700761919\n|switch|p2a: Lileep|Lileep, M, shiny|94\/100\n|-damage|p2a: Lileep|82\/100|[from] Stealth Rock\n|turn|34\n|\n|t:|1700761928\n|move|p1a: Mienfoo|Drain Punch|p2a: Lileep\n|-supereffective|p2a: Lileep\n|-damage|p2a: Lileep|14\/100\n|-heal|p1a: Mienfoo|69\/100 tox|[from] drain|[of] p2a: Lileep\n|move|p2a: Lileep|Giga Drain|p1a: Mienfoo\n|-damage|p1a: Mienfoo|28\/100 tox\n|-heal|p2a: Lileep|34\/100|[from] drain|[of] p1a: Mienfoo\n|\n|-heal|p2a: Lileep|40\/100|[from] item: Leftovers\n|-damage|p1a: Mienfoo|10\/100 tox|[from] psn\n|upkeep\n|-enditem|p1a: Mienfoo|Salac Berry|[eat]\n|-boost|p1a: Mienfoo|spe|1|[from] item: Salac Berry\n|turn|35\n|\n|t:|1700761970\n|move|p1a: Mienfoo|Drain Punch|p2a: Lileep\n|-supereffective|p2a: Lileep\n|-damage|p2a: Lileep|0 fnt\n|-heal|p1a: Mienfoo|29\/100 tox|[from] drain|[of] p2a: Lileep\n|faint|p2a: Lileep\n|\n|win|Alonsw\n|l|\u2606Alonsw\n|j|\u2606Alonsw\n|player|p1|Alonsw|2\n","uploadtime":1700762049,"views":3,"p1id":"alonsw","p2id":"zamudio011","formatid":"gen9nationaldex","rating":0,"private":0,"password":""}