{"id":"gen9nationaldex-1988965493","p1":"heinousactszx","p2":"Lone_Garurumon","format":"[Gen 9] National Dex","log":"|j|\u2606heinousactszx\n|j|\u2606Lone_Garurumon\n|t:|1699795647\n|gametype|singles\n|player|p1|heinousactszx|101|\n|player|p2|Lone_Garurumon|hanbei-conquest|\n|teamsize|p1|6\n|teamsize|p2|6\n|gen|9\n|tier|[Gen 9] National Dex\n|rule|HP Percentage Mod: HP is shown in percentages\n|rule|Endless Battle Clause: Forcing endless battles is banned\n|rule|OHKO Clause: OHKO moves are banned\n|rule|Evasion Clause: Evasion abilities, items, and moves are banned\n|rule|Evasion Abilities Clause: Evasion abilities are banned\n|rule|Evasion Items Clause: Evasion items are banned\n|rule|Evasion Moves Clause: Evasion moves are banned\n|rule|Species Clause: Limit one of each Pok\u00e9mon\n|rule|Sleep Clause Mod: Limit one foe put to sleep\n|clearpoke\n|poke|p1|Torkoal, M|\n|poke|p1|Shiftry, M|\n|poke|p1|Kleavor, F|\n|poke|p1|Garganacl, F|\n|poke|p1|Volcanion|\n|poke|p1|Hitmontop, M|\n|poke|p2|Lucario, F|\n|poke|p2|Sneasler, F|\n|poke|p2|Gyarados, F|\n|poke|p2|Metagross|\n|poke|p2|Manaphy|\n|poke|p2|Greninja-*, F|\n|teampreview\n|c|\u2606heinousactszx|have you been saving the replys\n|c|\u2606Lone_Garurumon|It all comes down to this, the final showdown\n|c|\u2606heinousactszx|cause i forgor\n|c|\u2606Lone_Garurumon|Yeah, don't worry, I got 'em\n|c|\u2606heinousactszx|okay good\n|c|\u2606heinousactszx|this will be... our final battle\n|\n|t:|1699795715\n|start\n|switch|p1a: Edelgard|Kleavor, F|100\/100\n|switch|p2a: Milton Edwards|Metagross|100\/100\n|turn|1\n|\n|t:|1699795727\n|move|p1a: Edelgard|U-turn|p2a: Milton Edwards\n|-damage|p2a: Milton Edwards|71\/100\n|\n|t:|1699795732\n|switch|p1a: Turtle Power|Torkoal, M|100\/100|[from] U-turn\n|-weather|SunnyDay|[from] ability: Drought|[of] p1a: Turtle Power\n|move|p2a: Milton Edwards|Meteor Mash|p1a: Turtle Power\n|-resisted|p1a: Turtle Power\n|-damage|p1a: Turtle Power|80\/100\n|\n|-weather|SunnyDay|[upkeep]\n|upkeep\n|turn|2\n|\n|t:|1699795751\n|switch|p2a: Rio|Lucario, F, shiny|100\/100\n|move|p1a: Turtle Power|Will-O-Wisp|p2a: Rio\n|-status|p2a: Rio|brn\n|\n|-weather|SunnyDay|[upkeep]\n|-damage|p2a: Rio|94\/100 brn|[from] brn\n|upkeep\n|turn|3\n|\n|t:|1699795772\n|move|p2a: Rio|Aura Sphere|p1a: Turtle Power\n|-damage|p1a: Turtle Power|43\/100\n|move|p1a: Turtle Power|Stealth Rock|p2a: Rio\n|-sidestart|p2: Lone_Garurumon|move: Stealth Rock\n|\n|-weather|SunnyDay|[upkeep]\n|-damage|p2a: Rio|88\/100 brn|[from] brn\n|upkeep\n|turn|4\n|\n|t:|1699795788\n|move|p2a: Rio|Aura Sphere|p1a: Turtle Power\n|-damage|p1a: Turtle Power|2\/100\n|move|p1a: Turtle Power|Lava Plume|p2a: Rio\n|-supereffective|p2a: Rio\n|-crit|p2a: Rio\n|-damage|p2a: Rio|0 fnt\n|faint|p2a: Rio\n|\n|-weather|SunnyDay|[upkeep]\n|upkeep\n|c|\u2606Lone_Garurumon|Ohhhhh, this is obscene\n|\n|t:|1699795812\n|switch|p2a: Milton Edwards|Metagross|71\/100\n|-damage|p2a: Milton Edwards|65\/100|[from] Stealth Rock\n|turn|5\n|c|\u2606heinousactszx|spdef investment\n|\n|t:|1699795853\n|switch|p1a: Vile|Volcanion|100\/100\n|move|p2a: Milton Edwards|Meteor Mash|p1a: Vile\n|-resisted|p1a: Vile\n|-damage|p1a: Vile|90\/100\n|-boost|p2a: Milton Edwards|atk|1\n|\n|-weather|SunnyDay|[upkeep]\n|upkeep\n|turn|6\n|\n|t:|1699795869\n|-terastallize|p1a: Vile|Ground\n|move|p1a: Vile|Weather Ball|p2a: Milton Edwards\n|-supereffective|p2a: Milton Edwards\n|-damage|p2a: Milton Edwards|0 fnt\n|faint|p2a: Milton Edwards\n|\n|-weather|SunnyDay|[upkeep]\n|upkeep\n|\n|t:|1699795880\n|switch|p2a: Venice|Manaphy|100\/100\n|-damage|p2a: Venice|88\/100|[from] Stealth Rock\n|turn|7\n|\n|t:|1699795887\n|move|p2a: Venice|Energy Ball|p1a: Vile\n|-supereffective|p1a: Vile\n|-damage|p1a: Vile|29\/100\n|move|p1a: Vile|Weather Ball|p2a: Venice\n|-resisted|p2a: Venice\n|-damage|p2a: Venice|30\/100\n|\n|-weather|SunnyDay|[upkeep]\n|-heal|p2a: Venice|37\/100|[from] item: Leftovers\n|upkeep\n|turn|8\n|\n|t:|1699795901\n|move|p2a: Venice|Energy Ball|p1a: Vile\n|-supereffective|p1a: Vile\n|-damage|p1a: Vile|0 fnt\n|faint|p1a: Vile\n|\n|-weather|none\n|-heal|p2a: Venice|43\/100|[from] item: Leftovers\n|upkeep\n|\n|t:|1699795912\n|switch|p1a: Turtle Power|Torkoal, M|2\/100\n|-weather|SunnyDay|[from] ability: Drought|[of] p1a: Turtle Power\n|turn|9\n|\n|t:|1699795923\n|move|p2a: Venice|Scald|p1a: Turtle Power\n|-supereffective|p1a: Turtle Power\n|-damage|p1a: Turtle Power|0 fnt\n|faint|p1a: Turtle Power\n|\n|-weather|SunnyDay|[upkeep]\n|-heal|p2a: Venice|49\/100|[from] item: Leftovers\n|upkeep\n|\n|t:|1699795931\n|switch|p1a: Treebeard|Shiftry, M|100\/100\n|turn|10\n|\n|t:|1699795946\n|move|p1a: Treebeard|Growth|p1a: Treebeard\n|-boost|p1a: Treebeard|atk|2\n|-boost|p1a: Treebeard|spa|2\n|move|p2a: Venice|Scald|p1a: Treebeard\n|-resisted|p1a: Treebeard\n|-damage|p1a: Treebeard|86\/100\n|\n|-weather|SunnyDay|[upkeep]\n|-heal|p2a: Venice|55\/100|[from] item: Leftovers\n|upkeep\n|turn|11\n|c|\u2606Lone_Garurumon|GROWTH GIVES HOW MUCH NOW?!?!?!\n|c|\u2606heinousactszx|doubles in sun\n|\n|t:|1699795975\n|move|p1a: Treebeard|Solar Blade||[still]\n|-prepare|p1a: Treebeard|Solar Blade\n|-anim|p1a: Treebeard|Solar Blade|p2a: Venice\n|-supereffective|p2a: Venice\n|-damage|p2a: Venice|0 fnt\n|faint|p2a: Venice\n|-damage|p1a: Treebeard|77\/100|[from] item: Life Orb\n|\n|-weather|SunnyDay|[upkeep]\n|upkeep\n|c|\u2606Lone_Garurumon|Ok I guess that makes sense\n|c|\u2606Lone_Garurumon|I'm officially terrified\n|c|\u2606Lone_Garurumon|There goes literally EVERY response I had planned for this guy\n|c|\u2606heinousactszx|shiftry is actually nuts in sun, it also gets weather ball\n|\n|t:|1699796035\n|switch|p2a: Garrison|Gyarados, F|100\/100\n|-damage|p2a: Garrison|76\/100|[from] Stealth Rock\n|turn|12\n|\n|t:|1699796043\n|move|p1a: Treebeard|Solar Blade||[still]\n|-prepare|p1a: Treebeard|Solar Blade\n|-anim|p1a: Treebeard|Solar Blade|p2a: Garrison\n|-damage|p2a: Garrison|0 fnt\n|faint|p2a: Garrison\n|-damage|p1a: Treebeard|67\/100|[from] item: Life Orb\n|\n|-weather|SunnyDay|[upkeep]\n|upkeep\n|\n|t:|1699796051\n|switch|p2a: Henson|Greninja, F|100\/100\n|-damage|p2a: Henson|88\/100|[from] Stealth Rock\n|turn|13\n|\n|t:|1699796058\n|-terastallize|p2a: Henson|Water\n|move|p2a: Henson|Water Shuriken|p1a: Treebeard\n|-resisted|p1a: Treebeard\n|-damage|p1a: Treebeard|61\/100\n|-resisted|p1a: Treebeard\n|-damage|p1a: Treebeard|56\/100\n|-resisted|p1a: Treebeard\n|-damage|p1a: Treebeard|51\/100\n|-hitcount|p1a: Treebeard|3\n|move|p1a: Treebeard|Solar Blade||[still]\n|-prepare|p1a: Treebeard|Solar Blade\n|-anim|p1a: Treebeard|Solar Blade|p2a: Henson\n|-supereffective|p2a: Henson\n|-damage|p2a: Henson|0 fnt\n|faint|p2a: Henson\n|-damage|p1a: Treebeard|41\/100|[from] item: Life Orb\n|\n|-weather|SunnyDay|[upkeep]\n|upkeep\n|\n|t:|1699796074\n|switch|p2a: Debbi|Sneasler, F|100\/100\n|-damage|p2a: Debbi|95\/100|[from] Stealth Rock\n|turn|14\n|\n|t:|1699796085\n|move|p1a: Treebeard|Solar Blade||[still]\n|-prepare|p1a: Treebeard|Solar Blade\n|-anim|p1a: Treebeard|Solar Blade|p2a: Debbi\n|-resisted|p2a: Debbi\n|-damage|p2a: Debbi|0 fnt\n|faint|p2a: Debbi\n|-damage|p1a: Treebeard|31\/100|[from] item: Life Orb\n|\n|win|heinousactszx\n|c|\u2606Lone_Garurumon|The goodest of games to you my friend\n|c|\u2606heinousactszx|ggs\n|c|\u2606Lone_Garurumon|Magnificently played\n|c|\u2606heinousactszx|i was really fun\n|c|\u2606heinousactszx|it was\n","uploadtime":1699796113,"views":8,"p1id":"heinousactszx","p2id":"lonegarurumon","formatid":"gen9nationaldex","rating":0,"private":0,"password":""}