{"id":"gen9nationaldex-1992956946","p1":"Gootchie","p2":"Hooploops<3","format":"[Gen 9] National Dex","log":"|j|\u2606Gootchie\n|j|\u2606Hooploops<3\n|t:|1700250180\n|gametype|singles\n|player|p1|Gootchie|hooligans|1316\n|player|p2|Hooploops<3|rocketgruntf|1307\n|teamsize|p1|6\n|teamsize|p2|6\n|gen|9\n|tier|[Gen 9] National Dex\n|rated|\n|rule|HP Percentage Mod: HP is shown in percentages\n|rule|Endless Battle Clause: Forcing endless battles is banned\n|rule|OHKO Clause: OHKO moves are banned\n|rule|Evasion Clause: Evasion abilities, items, and moves are banned\n|rule|Evasion Abilities Clause: Evasion abilities are banned\n|rule|Evasion Items Clause: Evasion items are banned\n|rule|Evasion Moves Clause: Evasion moves are banned\n|rule|Species Clause: Limit one of each Pok\u00e9mon\n|rule|Sleep Clause Mod: Limit one foe put to sleep\n|clearpoke\n|poke|p1|Heracross, M|\n|poke|p1|Tornadus-Therian, M|\n|poke|p1|Slowking-Galar, F|\n|poke|p1|Kartana|\n|poke|p1|Garchomp, F|\n|poke|p1|Slurpuff, F|\n|poke|p2|Lopunny, F|\n|poke|p2|Tsareena, F|\n|poke|p2|Ribombee, F|\n|poke|p2|Gengar, F|\n|poke|p2|Bisharp, F|\n|poke|p2|Togekiss, F|\n|teampreview\n|inactive|Battle timer is ON: inactive players will automatically lose when time's up. (requested by Gootchie)\n|\n|t:|1700250196\n|start\n|switch|p1a: Slurpuff|Slurpuff, F|100\/100\n|switch|p2a: Lopunny|Lopunny, F, shiny|100\/100\n|turn|1\n|\n|t:|1700250201\n|switch|p1a: Garchomp|Garchomp, F|100\/100\n|detailschange|p2a: Lopunny|Lopunny-Mega, F, shiny\n|-mega|p2a: Lopunny|Lopunny|Lopunnite\n|move|p2a: Lopunny|Fake Out|p1a: Garchomp\n|-damage|p1a: Garchomp|78\/100\n|-damage|p2a: Lopunny|88\/100|[from] ability: Rough Skin|[of] p1a: Garchomp\n|-damage|p2a: Lopunny|72\/100|[from] item: Rocky Helmet|[of] p1a: Garchomp\n|\n|upkeep\n|turn|2\n|\n|t:|1700250207\n|move|p2a: Lopunny|Triple Axel|p1a: Garchomp\n|-supereffective|p1a: Garchomp\n|-damage|p1a: Garchomp|46\/100\n|-damage|p2a: Lopunny|60\/100|[from] ability: Rough Skin|[of] p1a: Garchomp\n|-damage|p2a: Lopunny|43\/100|[from] item: Rocky Helmet|[of] p1a: Garchomp\n|-supereffective|p1a: Garchomp\n|-damage|p1a: Garchomp|0 fnt\n|-damage|p2a: Lopunny|31\/100|[from] ability: Rough Skin|[of] p1a: Garchomp\n|-damage|p2a: Lopunny|14\/100|[from] item: Rocky Helmet|[of] p1a: Garchomp\n|faint|p1a: Garchomp\n|-hitcount|p1: Garchomp|2\n|\n|upkeep\n|\n|t:|1700250219\n|switch|p1a: Heracross|Heracross, M|100\/100\n|turn|3\n|\n|t:|1700250224\n|detailschange|p1a: Heracross|Heracross-Mega, M\n|-mega|p1a: Heracross|Heracross|Heracronite\n|move|p2a: Lopunny|Triple Axel|p1a: Heracross\n|-damage|p1a: Heracross|95\/100\n|-damage|p1a: Heracross|83\/100\n|-damage|p1a: Heracross|64\/100\n|-hitcount|p1a: Heracross|3\n|move|p1a: Heracross|Trailblaze|p2a: Lopunny\n|-damage|p2a: Lopunny|0 fnt\n|-boost|p1a: Heracross|spe|1\n|faint|p2a: Lopunny\n|\n|upkeep\n|\n|t:|1700250242\n|switch|p2a: Gengar|Gengar, F, shiny|100\/100\n|turn|4\n|inactive|Gootchie has 120 seconds left.\n|\n|t:|1700250276\n|move|p2a: Gengar|Dazzling Gleam|p1a: Heracross\n|-supereffective|p1a: Heracross\n|-damage|p1a: Heracross|15\/100\n|move|p1a: Heracross|Pin Missile|p2a: Gengar\n|-resisted|p2a: Gengar\n|-damage|p2a: Gengar|91\/100\n|-resisted|p2a: Gengar\n|-damage|p2a: Gengar|82\/100\n|-start|p1a: Heracross|Disable|Pin Missile|[from] ability: Cursed Body|[of] p2a: Gengar\n|-resisted|p2a: Gengar\n|-damage|p2a: Gengar|74\/100\n|-resisted|p2a: Gengar\n|-damage|p2a: Gengar|64\/100\n|-resisted|p2a: Gengar\n|-damage|p2a: Gengar|55\/100\n|-hitcount|p2a: Gengar|5\n|\n|upkeep\n|turn|5\n|\n|t:|1700250280\n|move|p2a: Gengar|Dazzling Gleam|p1a: Heracross\n|-supereffective|p1a: Heracross\n|-damage|p1a: Heracross|0 fnt\n|faint|p1a: Heracross\n|\n|upkeep\n|\n|t:|1700250283\n|switch|p1a: Slurpuff|Slurpuff, F|100\/100\n|turn|6\n|\n|t:|1700250288\n|switch|p2a: Ribombee|Ribombee, F, shiny|100\/100\n|move|p1a: Slurpuff|Sticky Web|p2a: Ribombee\n|-sidestart|p2: Hooploops<3|move: Sticky Web\n|\n|upkeep\n|turn|7\n|\n|t:|1700250297\n|switch|p1a: Tornadus|Tornadus-Therian, M|100\/100\n|move|p2a: Ribombee|Bug Buzz|p1a: Tornadus\n|-resisted|p1a: Tornadus\n|-damage|p1a: Tornadus|78\/100\n|\n|upkeep\n|turn|8\n|\n|t:|1700250301\n|move|p2a: Ribombee|Stun Spore|p1a: Tornadus\n|-status|p1a: Tornadus|par\n|cant|p1a: Tornadus|par\n|\n|upkeep\n|turn|9\n|\n|t:|1700250306\n|move|p2a: Ribombee|Sticky Web|p1a: Tornadus\n|-sidestart|p1: Gootchie|move: Sticky Web\n|move|p1a: Tornadus|Sludge Wave|p2a: Ribombee\n|-supereffective|p2a: Ribombee\n|-enditem|p2a: Ribombee|Focus Sash\n|-damage|p2a: Ribombee|1\/100\n|\n|upkeep\n|turn|10\n|\n|t:|1700250311\n|move|p2a: Ribombee|Moonblast|p1a: Tornadus\n|-damage|p1a: Tornadus|26\/100 par\n|-unboost|p1a: Tornadus|spa|1\n|move|p1a: Tornadus|Defog|p2a: Ribombee\n|-unboost|p2a: Ribombee|evasion|1\n|-sideend|p2: Hooploops<3|Sticky Web|[from] move: Defog|[of] p1a: Tornadus\n|-sideend|p1: Gootchie|Sticky Web|[from] move: Defog|[of] p1a: Tornadus\n|\n|upkeep\n|turn|11\n|\n|t:|1700250318\n|move|p2a: Ribombee|Sticky Web|p1a: Tornadus\n|-sidestart|p1: Gootchie|move: Sticky Web\n|move|p1a: Tornadus|U-turn|p2a: Ribombee\n|-resisted|p2a: Ribombee\n|-damage|p2a: Ribombee|0 fnt\n|faint|p2a: Ribombee\n|\n|t:|1700250321\n|switch|p1a: Slurpuff|Slurpuff, F|100\/100|[from] U-turn\n|-activate|p1a: Slurpuff|move: Sticky Web\n|-unboost|p1a: Slurpuff|spe|1\n|\n|upkeep\n|\n|t:|1700250327\n|switch|p2a: Tsareena|Tsareena, F, shiny|100\/100\n|turn|12\n|\n|t:|1700250332\n|-zpower|p2a: Tsareena\n|move|p2a: Tsareena|Z-Splash|p2a: Tsareena|[anim]Splash\n|-boost|p2a: Tsareena|atk|3|[zeffect]\n|-nothing\n|move|p1a: Slurpuff|Heal Bell|p1a: Slurpuff\n|-activate|p1a: Slurpuff|move: Heal Bell\n|-curestatus|p1: Tornadus|par|[msg]\n|\n|upkeep\n|turn|13\n|\n|t:|1700250337\n|move|p2a: Tsareena|Trailblaze|p1a: Slurpuff\n|-damage|p1a: Slurpuff|35\/100\n|-boost|p2a: Tsareena|spe|1\n|move|p1a: Slurpuff|Sticky Web|p2a: Tsareena\n|-sidestart|p2: Hooploops<3|move: Sticky Web\n|\n|upkeep\n|turn|14\n|\n|t:|1700250342\n|move|p2a: Tsareena|Trailblaze|p1a: Slurpuff\n|-damage|p1a: Slurpuff|0 fnt\n|-boost|p2a: Tsareena|spe|1\n|faint|p1a: Slurpuff\n|\n|upkeep\n|\n|t:|1700250345\n|switch|p1a: Tornadus|Tornadus-Therian, M|59\/100\n|turn|15\n|\n|t:|1700250350\n|move|p2a: Tsareena|Triple Axel|p1a: Tornadus|[miss]\n|-miss|p2a: Tsareena|p1a: Tornadus\n|-zpower|p1a: Tornadus\n|move|p1a: Tornadus|Supersonic Skystrike|p2a: Tsareena|[zeffect]\n|-supereffective|p2a: Tsareena\n|-crit|p2a: Tsareena\n|-damage|p2a: Tsareena|0 fnt\n|faint|p2a: Tsareena\n|\n|upkeep\n|\n|t:|1700250360\n|switch|p2a: Togekiss|Togekiss, F, shiny|100\/100\n|turn|16\n|\n|t:|1700250371\n|-terastallize|p2a: Togekiss|Steel\n|move|p1a: Tornadus|Sludge Wave|p2a: Togekiss\n|-immune|p2a: Togekiss\n|move|p2a: Togekiss|Thunder Wave|p1a: Tornadus\n|-status|p1a: Tornadus|par\n|\n|upkeep\n|turn|17\n|\n|t:|1700250376\n|switch|p1a: Slowking|Slowking-Galar, F|100\/100\n|-activate|p1a: Slowking|move: Sticky Web\n|-unboost|p1a: Slowking|spe|1\n|move|p2a: Togekiss|Air Slash|p1a: Slowking|[miss]\n|-miss|p2a: Togekiss|p1a: Slowking\n|\n|upkeep\n|turn|18\n|\n|t:|1700250384\n|move|p2a: Togekiss|Thunder Wave|p1a: Slowking\n|-status|p1a: Slowking|par\n|move|p1a: Slowking|Thunder Wave|p2a: Togekiss\n|-status|p2a: Togekiss|par\n|\n|upkeep\n|turn|19\n|\n|t:|1700250392\n|move|p2a: Togekiss|Air Slash|p1a: Slowking\n|-damage|p1a: Slowking|79\/100 par\n|cant|p1a: Slowking|flinch\n|\n|-heal|p1a: Slowking|85\/100 par|[from] item: Black Sludge\n|upkeep\n|turn|20\n|\n|t:|1700250397\n|move|p2a: Togekiss|Air Slash|p1a: Slowking\n|-damage|p1a: Slowking|63\/100 par\n|move|p1a: Slowking|Future Sight|p2a: Togekiss\n|-start|p1a: Slowking|move: Future Sight\n|\n|-heal|p1a: Slowking|69\/100 par|[from] item: Black Sludge\n|upkeep\n|turn|21\n|\n|t:|1700250402\n|cant|p2a: Togekiss|par\n|move|p1a: Slowking|Chilly Reception|p1a: Slowking\n|-weather|Snow\n|\n|t:|1700250405\n|switch|p1a: Kartana|Kartana|100\/100|[from] Chilly Reception\n|-activate|p1a: Kartana|move: Sticky Web\n|-unboost|p1a: Kartana|spe|1\n|\n|-weather|Snow|[upkeep]\n|upkeep\n|turn|22\n|\n|t:|1700250413\n|move|p1a: Kartana|Swords Dance|p1a: Kartana\n|-boost|p1a: Kartana|atk|2\n|cant|p2a: Togekiss|par\n|\n|-weather|Snow|[upkeep]\n|-end|p2a: Togekiss|move: Future Sight\n|-resisted|p2a: Togekiss\n|-damage|p2a: Togekiss|78\/100 par\n|upkeep\n|turn|23\n|\n|t:|1700250419\n|move|p1a: Kartana|Sacred Sword|p2a: Togekiss\n|-supereffective|p2a: Togekiss\n|-crit|p2a: Togekiss\n|-damage|p2a: Togekiss|0 fnt\n|faint|p2a: Togekiss\n|-ability|p1a: Kartana|Beast Boost|boost\n|-boost|p1a: Kartana|atk|1\n|\n|-weather|Snow|[upkeep]\n|upkeep\n|\n|t:|1700250426\n|switch|p2a: Gengar|Gengar, F, shiny|55\/100\n|-activate|p2a: Gengar|move: Sticky Web\n|-unboost|p2a: Gengar|spe|1\n|turn|24\n|\n|t:|1700250431\n|-terastallize|p1a: Kartana|Grass\n|move|p2a: Gengar|Focus Blast|p1a: Kartana\n|-damage|p1a: Kartana|0 fnt\n|faint|p1a: Kartana\n|\n|-weather|Snow|[upkeep]\n|upkeep\n|\n|t:|1700250436\n|switch|p1a: Tornadus|Tornadus-Therian, M|92\/100 par\n|turn|25\n|\n|t:|1700250445\n|switch|p2a: Bisharp|Bisharp, F, shiny|100\/100\n|-activate|p2a: Bisharp|move: Sticky Web\n|-unboost|p2a: Bisharp|spe|1\n|-ability|p2a: Bisharp|Defiant|boost\n|-boost|p2a: Bisharp|atk|2\n|move|p1a: Tornadus|Hurricane|p2a: Bisharp|[miss]\n|-miss|p1a: Tornadus|p2a: Bisharp\n|\n|-weather|none\n|upkeep\n|turn|26\n|\n|t:|1700250455\n|switch|p1a: Slowking|Slowking-Galar, F|100\/100 par\n|-activate|p1a: Slowking|move: Sticky Web\n|-unboost|p1a: Slowking|spe|1\n|move|p2a: Bisharp|Knock Off|p1a: Slowking\n|-supereffective|p1a: Slowking\n|-damage|p1a: Slowking|0 fnt\n|-enditem|p1a: Slowking|Black Sludge|[from] move: Knock Off|[of] p2a: Bisharp\n|faint|p1a: Slowking\n|\n|upkeep\n|-message|Gootchie forfeited.\n|\n|win|Hooploops<3\n|raw|Gootchie's rating: 1316 &rarr; <strong>1295<\/strong><br \/>(-21 for losing)\n|raw|Hooploops&lt;3's rating: 1307 &rarr; <strong>1328<\/strong><br \/>(+21 for winning)\n|l|\u2606Gootchie\n","uploadtime":1700250474,"views":7,"p1id":"gootchie","p2id":"hooploops3","formatid":"gen9nationaldex","rating":1295,"private":0,"password":""}