{"id":"gen9nationaldex-1998898073","p1":"LcsDragon","p2":"galpal","format":"[Gen 9] National Dex","log":"|html|<div class=\"broadcast-blue\"><strong>[Gen 9] National Dex is currently suspecting Sneasler! For information on how to participate check out the <a href=\"https:\/\/www.smogon.com\/forums\/threads\/sv-national-dex-suspect-8-just-dance.3731534\/\">suspect thread<\/a>.<\/strong><\/div>\n|j|\u2606LcsDragon\n|j|\u2606galpal\n|t:|1701010302\n|gametype|singles\n|player|p1|LcsDragon|flint|1052\n|player|p2|galpal|parasollady|1120\n|teamsize|p1|6\n|teamsize|p2|6\n|gen|9\n|tier|[Gen 9] National Dex\n|rated|\n|rule|HP Percentage Mod: HP is shown in percentages\n|rule|Endless Battle Clause: Forcing endless battles is banned\n|rule|OHKO Clause: OHKO moves are banned\n|rule|Evasion Clause: Evasion abilities, items, and moves are banned\n|rule|Evasion Abilities Clause: Evasion abilities are banned\n|rule|Evasion Items Clause: Evasion items are banned\n|rule|Evasion Moves Clause: Evasion moves are banned\n|rule|Species Clause: Limit one of each Pok\u00e9mon\n|rule|Sleep Clause Mod: Limit one foe put to sleep\n|clearpoke\n|poke|p1|Infernape, M|\n|poke|p1|Ceruledge, M|\n|poke|p1|Magcargo, M|\n|poke|p1|Camerupt, M|\n|poke|p1|Rotom-Heat|\n|poke|p1|Incineroar, M|\n|poke|p2|Diancie|\n|poke|p2|Cinccino, F|\n|poke|p2|Blissey, F|\n|poke|p2|Delphox, F|\n|poke|p2|Tangrowth, F|\n|poke|p2|Empoleon, M|\n|teampreview\n|inactive|Battle timer is ON: inactive players will automatically lose when time's up. (requested by galpal)\n|\n|t:|1701010313\n|start\n|switch|p1a: Arno|Rotom-Heat|100\/100\n|switch|p2a: master oogway|Empoleon, M|100\/100\n|turn|1\n|\n|t:|1701010325\n|move|p1a: Arno|Light Screen|p1a: Arno\n|-sidestart|p1: LcsDragon|move: Light Screen\n|move|p2a: master oogway|Swords Dance|p2a: master oogway\n|-boost|p2a: master oogway|atk|2\n|\n|upkeep\n|turn|2\n|\n|t:|1701010335\n|move|p1a: Arno|Reflect|p1a: Arno\n|-sidestart|p1: LcsDragon|Reflect\n|move|p2a: master oogway|Liquidation|p1a: Arno\n|-supereffective|p1a: Arno\n|-damage|p1a: Arno|30\/100\n|\n|upkeep\n|turn|3\n|\n|t:|1701010342\n|move|p1a: Arno|Thunderbolt|p2a: master oogway\n|-supereffective|p2a: master oogway\n|-damage|p2a: master oogway|27\/100\n|-status|p2a: master oogway|par\n|move|p2a: master oogway|Swords Dance|p2a: master oogway\n|-boost|p2a: master oogway|atk|2\n|\n|-heal|p2a: master oogway|33\/100 par|[from] item: Leftovers\n|upkeep\n|turn|4\n|\n|t:|1701010352\n|move|p1a: Arno|Thunderbolt|p2a: master oogway\n|-supereffective|p2a: master oogway\n|-damage|p2a: master oogway|0 fnt\n|faint|p2a: master oogway\n|\n|upkeep\n|c|\u2606galpal|empoleon you suck dick bro wtf\n|\n|t:|1701010370\n|switch|p2a: Princess Diana|Diancie, shiny|100\/100\n|turn|5\n|\n|t:|1701010379\n|detailschange|p2a: Princess Diana|Diancie-Mega, shiny\n|-mega|p2a: Princess Diana|Diancie|Diancite\n|move|p2a: Princess Diana|Diamond Storm|p1a: Arno\n|-supereffective|p1a: Arno\n|-damage|p1a: Arno|0 fnt\n|-boost|p2a: Princess Diana|def|2\n|faint|p1a: Arno\n|\n|upkeep\n|\n|t:|1701010391\n|switch|p1a: Aho Ushi|Camerupt, M|100\/100\n|turn|6\n|\n|t:|1701010397\n|move|p2a: Princess Diana|Earth Power|p1a: Aho Ushi\n|-supereffective|p1a: Aho Ushi\n|-damage|p1a: Aho Ushi|76\/100\n|move|p1a: Aho Ushi|Yawn|p2a: Princess Diana\n|move|p2a: Princess Diana|Yawn|p1a: Aho Ushi|[from]ability: Magic Bounce\n|-start|p1a: Aho Ushi|move: Yawn|[of] p2a: Princess Diana\n|\n|-heal|p1a: Aho Ushi|82\/100|[from] item: Leftovers\n|upkeep\n|turn|7\n|\n|t:|1701010412\n|switch|p2a: Fantastic Mrs. Fox|Delphox, F|100\/100\n|move|p1a: Aho Ushi|Earth Power|p2a: Fantastic Mrs. Fox\n|-supereffective|p2a: Fantastic Mrs. Fox\n|-damage|p2a: Fantastic Mrs. Fox|30\/100\n|\n|-heal|p1a: Aho Ushi|88\/100|[from] item: Leftovers\n|-end|p1a: Aho Ushi|move: Yawn|[silent]\n|-status|p1a: Aho Ushi|slp\n|upkeep\n|turn|8\n|\n|t:|1701010424\n|switch|p2a: Ariana Grande|Cinccino, F, shiny|100\/100\n|cant|p1a: Aho Ushi|slp\n|\n|-heal|p1a: Aho Ushi|94\/100 slp|[from] item: Leftovers\n|-sideend|p1: LcsDragon|move: Light Screen\n|upkeep\n|turn|9\n|\n|t:|1701010433\n|move|p2a: Ariana Grande|Work Up|p2a: Ariana Grande\n|-boost|p2a: Ariana Grande|atk|1\n|-boost|p2a: Ariana Grande|spa|1\n|cant|p1a: Aho Ushi|slp\n|\n|-heal|p1a: Aho Ushi|99\/100 slp|[from] item: Leftovers\n|-sideend|p1: LcsDragon|Reflect\n|upkeep\n|turn|10\n|\n|t:|1701010444\n|move|p2a: Ariana Grande|Work Up|p2a: Ariana Grande\n|-boost|p2a: Ariana Grande|atk|1\n|-boost|p2a: Ariana Grande|spa|1\n|-curestatus|p1a: Aho Ushi|slp|[msg]\n|move|p1a: Aho Ushi|Yawn|p2a: Ariana Grande\n|-start|p2a: Ariana Grande|move: Yawn|[of] p1a: Aho Ushi\n|\n|-heal|p1a: Aho Ushi|100\/100|[from] item: Leftovers\n|upkeep\n|turn|11\n|\n|t:|1701010454\n|move|p1a: Aho Ushi|Protect|p1a: Aho Ushi\n|-singleturn|p1a: Aho Ushi|Protect\n|move|p2a: Ariana Grande|Rock Blast|p1a: Aho Ushi\n|-activate|p1a: Aho Ushi|move: Protect\n|\n|-end|p2a: Ariana Grande|move: Yawn|[silent]\n|-status|p2a: Ariana Grande|slp\n|upkeep\n|turn|12\n|\n|t:|1701010466\n|cant|p2a: Ariana Grande|slp\n|move|p1a: Aho Ushi|Earth Power|p2a: Ariana Grande\n|-damage|p2a: Ariana Grande|41\/100 slp\n|\n|upkeep\n|turn|13\n|\n|t:|1701010473\n|cant|p2a: Ariana Grande|slp\n|move|p1a: Aho Ushi|Earth Power|p2a: Ariana Grande\n|-damage|p2a: Ariana Grande|0 fnt\n|faint|p2a: Ariana Grande\n|\n|upkeep\n|-message|galpal forfeited.\n|\n|win|LcsDragon\n|raw|LcsDragon's rating: 1052 &rarr; <strong>1090<\/strong><br \/>(+38 for winning)\n|raw|galpal's rating: 1120 &rarr; <strong>1090<\/strong><br \/>(-30 for losing)\n","uploadtime":1701010364,"views":1,"p1id":"lcsdragon","p2id":"galpal","formatid":"gen9nationaldex","rating":1090,"private":0,"password":""}