{"id":"gen9nationaldex-1990894622","p1":"Dio7oiant","p2":"jiyanyu","format":"[Gen 9] National Dex","log":"|j|\u2606Dio7oiant\n|j|\u2606jiyanyu\n|t:|1700012358\n|gametype|singles\n|player|p1|Dio7oiant|red|1157\n|player|p2|jiyanyu|dawn|1252\n|teamsize|p1|6\n|teamsize|p2|6\n|gen|9\n|tier|[Gen 9] National Dex\n|rated|\n|rule|HP Percentage Mod: HP is shown in percentages\n|rule|Endless Battle Clause: Forcing endless battles is banned\n|rule|OHKO Clause: OHKO moves are banned\n|rule|Evasion Clause: Evasion abilities, items, and moves are banned\n|rule|Evasion Abilities Clause: Evasion abilities are banned\n|rule|Evasion Items Clause: Evasion items are banned\n|rule|Evasion Moves Clause: Evasion moves are banned\n|rule|Species Clause: Limit one of each Pok\u00e9mon\n|rule|Sleep Clause Mod: Limit one foe put to sleep\n|clearpoke\n|poke|p1|Sceptile, M|\n|poke|p1|Cresselia, F|\n|poke|p1|Moltres|\n|poke|p1|Torkoal, M|\n|poke|p1|Charizard, F|\n|poke|p1|Houndoom, F|\n|poke|p2|Beedrill, M|\n|poke|p2|Pelipper, M|\n|poke|p2|Ferrothorn, M|\n|poke|p2|Barraskewda, M|\n|poke|p2|Tapu Lele|\n|poke|p2|Great Tusk|\n|teampreview\n|inactive|Battle timer is ON: inactive players will automatically lose when time's up. (requested by jiyanyu)\n|\n|t:|1700012375\n|start\n|switch|p1a: Torkoal|Torkoal, M|100\/100\n|switch|p2a: \u8702\u7237|Beedrill, M|100\/100\n|-weather|SunnyDay|[from] ability: Drought|[of] p1a: Torkoal\n|turn|1\n|\n|t:|1700012395\n|detailschange|p2a: \u8702\u7237|Beedrill-Mega, M\n|-mega|p2a: \u8702\u7237|Beedrill|Beedrillite\n|move|p2a: \u8702\u7237|U-turn|p1a: Torkoal\n|-resisted|p1a: Torkoal\n|-damage|p1a: Torkoal|85\/100\n|\n|t:|1700012399\n|switch|p2a: \u76d6\u9e25\u5361|Pelipper, M|100\/100|[from] U-turn\n|-weather|RainDance|[from] ability: Drizzle|[of] p2a: \u76d6\u9e25\u5361\n|move|p1a: Torkoal|Lava Plume|p2a: \u76d6\u9e25\u5361\n|-resisted|p2a: \u76d6\u9e25\u5361\n|-damage|p2a: \u76d6\u9e25\u5361|92\/100\n|\n|-weather|RainDance|[upkeep]\n|upkeep\n|turn|2\n|inactive|Dio7oiant has 120 seconds left.\n|\n|t:|1700012449\n|switch|p1a: Cresselia|Cresselia, F, shiny|100\/100\n|move|p2a: \u76d6\u9e25\u5361|Hurricane|p1a: Cresselia\n|-damage|p1a: Cresselia|53\/100\n|\n|-weather|RainDance|[upkeep]\n|-heal|p1a: Cresselia|59\/100|[from] item: Leftovers\n|upkeep\n|turn|3\n|\n|t:|1700012464\n|switch|p2a: \u94c1\u8346\u68d8|Ferrothorn, M|100\/100\n|move|p1a: Cresselia|Power Gem|p2a: \u94c1\u8346\u68d8\n|-resisted|p2a: \u94c1\u8346\u68d8\n|-damage|p2a: \u94c1\u8346\u68d8|92\/100\n|\n|-weather|RainDance|[upkeep]\n|-heal|p1a: Cresselia|65\/100|[from] item: Leftovers\n|upkeep\n|turn|4\n|inactive|Dio7oiant has 90 seconds left.\n|\n|t:|1700012504\n|switch|p1a: Charizard|Charizard, F|100\/100\n|move|p2a: \u94c1\u8346\u68d8|Toxic|p1a: Charizard\n|-status|p1a: Charizard|tox\n|\n|-weather|RainDance|[upkeep]\n|-damage|p1a: Charizard|94\/100 tox|[from] psn\n|upkeep\n|turn|5\n|\n|t:|1700012520\n|move|p1a: Charizard|Fire Blast|p2a: \u94c1\u8346\u68d8\n|-supereffective|p2a: \u94c1\u8346\u68d8\n|-crit|p2a: \u94c1\u8346\u68d8\n|-damage|p2a: \u94c1\u8346\u68d8|0 fnt\n|faint|p2a: \u94c1\u8346\u68d8\n|\n|-weather|none\n|-damage|p1a: Charizard|82\/100 tox|[from] psn\n|upkeep\n|\n|t:|1700012526\n|switch|p2a: \u76d6\u9e25\u5361|Pelipper, M|92\/100\n|-weather|RainDance|[from] ability: Drizzle|[of] p2a: \u76d6\u9e25\u5361\n|turn|6\n|\n|t:|1700012537\n|detailschange|p1a: Charizard|Charizard-Mega-Y, F\n|-mega|p1a: Charizard|Charizard|Charizardite Y\n|-weather|SunnyDay|[from] ability: Drought|[of] p1a: Charizard\n|move|p1a: Charizard|Solar Beam||[still]\n|-prepare|p1a: Charizard|Solar Beam\n|-anim|p1a: Charizard|Solar Beam|p2a: \u76d6\u9e25\u5361\n|-crit|p2a: \u76d6\u9e25\u5361\n|-damage|p2a: \u76d6\u9e25\u5361|0 fnt\n|faint|p2a: \u76d6\u9e25\u5361\n|\n|-weather|SunnyDay|[upkeep]\n|-damage|p1a: Charizard|64\/100 tox|[from] psn\n|upkeep\n|\n|t:|1700012543\n|switch|p2a: \u987f\u7532|Great Tusk|100\/100\n|-activate|p2a: \u987f\u7532|ability: Protosynthesis\n|-start|p2a: \u987f\u7532|protosynthesisatk\n|turn|7\n|inactive|Dio7oiant has 90 seconds left.\n|\n|t:|1700012562\n|move|p1a: Charizard|Solar Beam||[still]\n|-prepare|p1a: Charizard|Solar Beam\n|-anim|p1a: Charizard|Solar Beam|p2a: \u987f\u7532\n|-supereffective|p2a: \u987f\u7532\n|-damage|p2a: \u987f\u7532|0 fnt\n|faint|p2a: \u987f\u7532\n|-end|p2a: \u987f\u7532|Protosynthesis|[silent]\n|\n|-weather|SunnyDay|[upkeep]\n|-damage|p1a: Charizard|40\/100 tox|[from] psn\n|upkeep\n|\n|t:|1700012570\n|switch|p2a: \u9c7c\u54e5|Barraskewda, M|100\/100\n|turn|8\n|\n|t:|1700012578\n|-terastallize|p2a: \u9c7c\u54e5|Water\n|move|p2a: \u9c7c\u54e5|Liquidation|p1a: Charizard\n|-supereffective|p1a: Charizard\n|-damage|p1a: Charizard|0 fnt\n|faint|p1a: Charizard\n|-damage|p2a: \u9c7c\u54e5|91\/100|[from] item: Life Orb\n|\n|-weather|SunnyDay|[upkeep]\n|upkeep\n|inactive|Dio7oiant has 90 seconds left.\n|\n|t:|1700012603\n|switch|p1a: Sceptile|Sceptile, M|100\/100\n|turn|9\n|inactive|Dio7oiant has 90 seconds left.\n|\n|t:|1700012615\n|switch|p2a: \u5e9f\u4f60\u5148\u81f3|Tapu Lele|100\/100\n|-fieldstart|move: Psychic Terrain|[from] ability: Psychic Surge|[of] p2a: \u5e9f\u4f60\u5148\u81f3\n|move|p1a: Sceptile|Dragon Dance|p1a: Sceptile\n|-boost|p1a: Sceptile|atk|1\n|-boost|p1a: Sceptile|spe|1\n|\n|-weather|SunnyDay|[upkeep]\n|upkeep\n|turn|10\n|inactive|Dio7oiant has 90 seconds left.\n|\n|t:|1700012643\n|move|p1a: Sceptile|Solar Blade||[still]\n|-prepare|p1a: Sceptile|Solar Blade\n|-anim|p1a: Sceptile|Solar Blade|p2a: \u5e9f\u4f60\u5148\u81f3\n|-damage|p2a: \u5e9f\u4f60\u5148\u81f3|0 fnt\n|faint|p2a: \u5e9f\u4f60\u5148\u81f3\n|\n|-weather|none\n|upkeep\n|\n|t:|1700012649\n|switch|p2a: \u8702\u7237|Beedrill-Mega, M|100\/100\n|turn|11\n|\n|t:|1700012653\n|move|p1a: Sceptile|Earthquake|p2a: \u8702\u7237\n|-damage|p2a: \u8702\u7237|7\/100\n|move|p2a: \u8702\u7237|U-turn|p1a: Sceptile\n|-supereffective|p1a: Sceptile\n|-damage|p1a: Sceptile|0 fnt\n|faint|p1a: Sceptile\n|\n|t:|1700012660\n|switch|p2a: \u9c7c\u54e5|Barraskewda, M, tera:Water|91\/100|[from] U-turn\n|\n|upkeep\n|inactive|Dio7oiant has 90 seconds left.\n|\n|t:|1700012690\n|switch|p1a: Moltres|Moltres|100\/100\n|turn|12\n|\n|t:|1700012699\n|-terastallize|p1a: Moltres|Water\n|move|p2a: \u9c7c\u54e5|Liquidation|p1a: Moltres\n|-resisted|p1a: Moltres\n|-damage|p1a: Moltres|73\/100\n|-damage|p2a: \u9c7c\u54e5|81\/100|[from] item: Life Orb\n|move|p1a: Moltres|Toxic|p2a: \u9c7c\u54e5\n|-status|p2a: \u9c7c\u54e5|tox\n|\n|-heal|p1a: Moltres|80\/100|[from] item: Leftovers\n|-damage|p2a: \u9c7c\u54e5|75\/100 tox|[from] psn\n|upkeep\n|turn|13\n|\n|t:|1700012715\n|move|p2a: \u9c7c\u54e5|Close Combat|p1a: Moltres\n|-damage|p1a: Moltres|41\/100\n|-unboost|p2a: \u9c7c\u54e5|def|1\n|-unboost|p2a: \u9c7c\u54e5|spd|1\n|-damage|p2a: \u9c7c\u54e5|65\/100 tox|[from] item: Life Orb\n|move|p1a: Moltres|Mystical Fire|p2a: \u9c7c\u54e5\n|-resisted|p2a: \u9c7c\u54e5\n|-damage|p2a: \u9c7c\u54e5|11\/100 tox\n|-unboost|p2a: \u9c7c\u54e5|spa|1\n|\n|-heal|p1a: Moltres|47\/100|[from] item: Leftovers\n|-damage|p2a: \u9c7c\u54e5|0 fnt|[from] psn\n|faint|p2a: \u9c7c\u54e5\n|-fieldend|move: Psychic Terrain\n|upkeep\n|\n|t:|1700012719\n|switch|p2a: \u8702\u7237|Beedrill-Mega, M|7\/100\n|turn|14\n|\n|t:|1700012734\n|move|p2a: \u8702\u7237|Poison Jab|p1a: Moltres\n|-crit|p1a: Moltres\n|-damage|p1a: Moltres|0 fnt\n|faint|p1a: Moltres\n|\n|upkeep\n|\n|t:|1700012743\n|switch|p1a: Torkoal|Torkoal, M|85\/100\n|-weather|SunnyDay|[from] ability: Drought|[of] p1a: Torkoal\n|turn|15\n|\n|t:|1700012756\n|move|p2a: \u8702\u7237|Drill Run|p1a: Torkoal\n|-supereffective|p1a: Torkoal\n|-damage|p1a: Torkoal|53\/100\n|move|p1a: Torkoal|Body Press|p2a: \u8702\u7237\n|-resisted|p2a: \u8702\u7237\n|-damage|p2a: \u8702\u7237|0 fnt\n|faint|p2a: \u8702\u7237\n|\n|win|Dio7oiant\n|raw|Dio7oiant's rating: 1157 &rarr; <strong>1189<\/strong><br \/>(+32 for winning)\n|raw|jiyanyu's rating: 1252 &rarr; <strong>1220<\/strong><br \/>(-32 for losing)\n|l|\u2606jiyanyu\n","uploadtime":1700012779,"views":4,"p1id":"dio7oiant","p2id":"jiyanyu","formatid":"gen9nationaldex","rating":1189,"private":0,"password":""}