{"id":"gen9nationaldex-1993513249","p1":"pzzs","p2":"Aedfyh","format":"[Gen 9] National Dex","log":"|j|\u2606pzzs\n|j|\u2606Aedfyh\n|t:|1700326692\n|gametype|singles\n|player|p1|pzzs|janine|1329\n|player|p2|Aedfyh|170|1380\n|teamsize|p1|6\n|teamsize|p2|6\n|gen|9\n|tier|[Gen 9] National Dex\n|rated|\n|rule|HP Percentage Mod: HP is shown in percentages\n|rule|Endless Battle Clause: Forcing endless battles is banned\n|rule|OHKO Clause: OHKO moves are banned\n|rule|Evasion Clause: Evasion abilities, items, and moves are banned\n|rule|Evasion Abilities Clause: Evasion abilities are banned\n|rule|Evasion Items Clause: Evasion items are banned\n|rule|Evasion Moves Clause: Evasion moves are banned\n|rule|Species Clause: Limit one of each Pok\u00e9mon\n|rule|Sleep Clause Mod: Limit one foe put to sleep\n|clearpoke\n|poke|p1|Muk-Alola, M|\n|poke|p1|Ceruledge, F|\n|poke|p1|Urshifu-*, F|\n|poke|p1|Inteleon, F|\n|poke|p1|Skarmory, F|\n|poke|p1|Tapu Lele|\n|poke|p2|Great Tusk|\n|poke|p2|Kommo-o, F|\n|poke|p2|Bisharp, M|\n|poke|p2|Hawlucha, F|\n|poke|p2|Toxapex, F|\n|poke|p2|Ting-Lu|\n|teampreview\n|inactive|Battle timer is ON: inactive players will automatically lose when time's up. (requested by pzzs)\n|\n|t:|1700326702\n|start\n|switch|p1a: Inteleon|Inteleon, F|100\/100\n|switch|p2a: Hawlucha|Hawlucha, F|100\/100\n|turn|1\n|\n|t:|1700326714\n|move|p1a: Inteleon|Ice Beam|p2a: Hawlucha\n|-supereffective|p2a: Hawlucha\n|-crit|p2a: Hawlucha\n|-damage|p2a: Hawlucha|0 fnt\n|faint|p2a: Hawlucha\n|\n|upkeep\n|\n|t:|1700326722\n|switch|p2a: Kommo-o|Kommo-o, F|100\/100\n|turn|2\n|\n|t:|1700326728\n|switch|p1a: Tapu Lele|Tapu Lele, shiny|100\/100\n|-fieldstart|move: Psychic Terrain|[from] ability: Psychic Surge|[of] p1a: Tapu Lele\n|move|p2a: Kommo-o|Clangorous Soul|p2a: Kommo-o\n|-boost|p2a: Kommo-o|atk|1\n|-boost|p2a: Kommo-o|def|1\n|-boost|p2a: Kommo-o|spa|1\n|-boost|p2a: Kommo-o|spd|1\n|-boost|p2a: Kommo-o|spe|1\n|-damage|p2a: Kommo-o|68\/100\n|\n|upkeep\n|turn|3\n|\n|t:|1700326738\n|move|p1a: Tapu Lele|Moonblast|p2a: Kommo-o\n|-supereffective|p2a: Kommo-o\n|-damage|p2a: Kommo-o|0 fnt\n|faint|p2a: Kommo-o\n|\n|upkeep\n|\n|t:|1700326749\n|switch|p2a: Bisharp|Bisharp, M|100\/100\n|turn|4\n|\n|t:|1700326761\n|switch|p1a: Muk|Muk-Alola, M|100\/100\n|move|p2a: Bisharp|Swords Dance|p2a: Bisharp\n|-boost|p2a: Bisharp|atk|2\n|\n|upkeep\n|turn|5\n|\n|t:|1700326769\n|move|p2a: Bisharp|Iron Head|p1a: Muk\n|-damage|p1a: Muk|18\/100\n|move|p1a: Muk|Power-Up Punch|p2a: Bisharp\n|-supereffective|p2a: Bisharp\n|-damage|p2a: Bisharp|68\/100\n|-boost|p1a: Muk|atk|1\n|\n|upkeep\n|turn|6\n|\n|t:|1700326777\n|move|p2a: Bisharp|Iron Head|p1a: Muk\n|-damage|p1a: Muk|0 fnt\n|faint|p1a: Muk\n|\n|-fieldend|move: Psychic Terrain\n|upkeep\n|\n|t:|1700326779\n|switch|p1a: Ceruledge|Ceruledge, F|100\/100\n|turn|7\n|\n|t:|1700326796\n|switch|p1a: Skarmory|Skarmory, F, shiny|100\/100\n|-terastallize|p2a: Bisharp|Ghost\n|move|p2a: Bisharp|Sucker Punch||[still]\n|-fail|p2a: Bisharp\n|\n|upkeep\n|turn|8\n|\n|t:|1700326805\n|move|p1a: Skarmory|Stealth Rock|p2a: Bisharp\n|-sidestart|p2: Aedfyh|move: Stealth Rock\n|move|p2a: Bisharp|Swords Dance|p2a: Bisharp\n|-boost|p2a: Bisharp|atk|2\n|\n|upkeep\n|turn|9\n|\n|t:|1700326813\n|move|p2a: Bisharp|Brick Break|p1a: Skarmory\n|-damage|p1a: Skarmory|47\/100\n|-enditem|p1a: Skarmory|Red Card|[of] p2a: Bisharp\n|drag|p2a: Toxapex|Toxapex, F|100\/100\n|-damage|p2a: Toxapex|88\/100|[from] Stealth Rock\n|move|p1a: Skarmory|Counter|p2a: Toxapex\n|-damage|p2a: Toxapex|0 fnt\n|faint|p2a: Toxapex\n|\n|upkeep\n|\n|t:|1700326824\n|switch|p2a: Bisharp|Bisharp, M, tera:Ghost|68\/100\n|-damage|p2a: Bisharp|55\/100|[from] Stealth Rock\n|turn|10\n|\n|t:|1700326831\n|move|p1a: Skarmory|Iron Head|p2a: Bisharp\n|-damage|p2a: Bisharp|42\/100\n|move|p2a: Bisharp|Swords Dance|p2a: Bisharp\n|-boost|p2a: Bisharp|atk|2\n|\n|upkeep\n|turn|11\n|\n|t:|1700326839\n|move|p1a: Skarmory|Iron Head|p2a: Bisharp\n|-crit|p2a: Bisharp\n|-damage|p2a: Bisharp|23\/100\n|move|p2a: Bisharp|Swords Dance|p2a: Bisharp\n|-boost|p2a: Bisharp|atk|2\n|\n|upkeep\n|turn|12\n|\n|t:|1700326843\n|move|p2a: Bisharp|Sucker Punch|p1a: Skarmory\n|-damage|p1a: Skarmory|0 fnt\n|faint|p1a: Skarmory\n|\n|upkeep\n|\n|t:|1700326846\n|switch|p1a: Ceruledge|Ceruledge, F|100\/100\n|turn|13\n|\n|t:|1700326850\n|move|p2a: Bisharp|Sucker Punch||[still]\n|-fail|p2a: Bisharp\n|move|p1a: Ceruledge|Swords Dance|p1a: Ceruledge\n|-boost|p1a: Ceruledge|atk|2\n|\n|upkeep\n|turn|14\n|\n|t:|1700326855\n|move|p1a: Ceruledge|Shadow Sneak|p2a: Bisharp\n|-supereffective|p2a: Bisharp\n|-damage|p2a: Bisharp|0 fnt\n|faint|p2a: Bisharp\n|\n|upkeep\n|\n|t:|1700326862\n|switch|p2a: Great Tusk|Great Tusk|100\/100\n|-damage|p2a: Great Tusk|98\/100|[from] Stealth Rock\n|turn|15\n|c|\u2606pzzs|!weakness great tusk\n|c| pzzs|\/raw <div class=\"infobox\">Great Tusk (ignoring abilities):<br \/><span class=\"message-effect-weak\">Weaknesses<\/span>: Fairy, Flying, Grass, Ice, Psychic, Water<br \/><span class=\"message-effect-resist\">Resistances<\/span>: Bug, Dark, Poison, <b>Rock<\/b><br \/><span class=\"message-effect-immune\">Immunities<\/span>: Electric, Sandstorm damage<\/div>\n|\n|t:|1700326888\n|move|p2a: Great Tusk|Rapid Spin|p1a: Ceruledge\n|-immune|p1a: Ceruledge\n|move|p1a: Ceruledge|Bitter Blade|p2a: Great Tusk\n|-damage|p2a: Great Tusk|36\/100\n|\n|upkeep\n|turn|16\n|\n|t:|1700326893\n|move|p2a: Great Tusk|Headlong Rush|p1a: Ceruledge\n|-supereffective|p1a: Ceruledge\n|-enditem|p1a: Ceruledge|Focus Sash\n|-damage|p1a: Ceruledge|1\/100\n|-unboost|p2a: Great Tusk|def|1\n|-unboost|p2a: Great Tusk|spd|1\n|-ability|p1a: Ceruledge|Weak Armor|boost\n|-unboost|p1a: Ceruledge|def|1\n|-boost|p1a: Ceruledge|spe|2\n|-damage|p2a: Great Tusk|26\/100|[from] item: Life Orb\n|move|p1a: Ceruledge|Bitter Blade|p2a: Great Tusk\n|-damage|p2a: Great Tusk|0 fnt\n|-heal|p1a: Ceruledge|17\/100|[from] drain|[of] p2a: Great Tusk\n|faint|p2a: Great Tusk\n|-end|p2a: Great Tusk|Protosynthesis|[silent]\n|\n|upkeep\n|\n|t:|1700326898\n|switch|p2a: Ting-Lu|Ting-Lu|100\/100\n|-damage|p2a: Ting-Lu|94\/100|[from] Stealth Rock\n|-ability|p2a: Ting-Lu|Vessel of Ruin\n|turn|17\n|\n|t:|1700326905\n|move|p1a: Ceruledge|Bitter Blade|p2a: Ting-Lu\n|-damage|p2a: Ting-Lu|47\/100\n|-heal|p1a: Ceruledge|59\/100|[from] drain|[of] p2a: Ting-Lu\n|move|p2a: Ting-Lu|Earthquake|p1a: Ceruledge\n|-supereffective|p1a: Ceruledge\n|-damage|p1a: Ceruledge|0 fnt\n|faint|p1a: Ceruledge\n|\n|-heal|p2a: Ting-Lu|54\/100|[from] item: Leftovers\n|upkeep\n|\n|t:|1700326913\n|switch|p1a: Urshifu|Urshifu-Rapid-Strike, F|100\/100\n|turn|18\n|\n|t:|1700326918\n|move|p2a: Ting-Lu|Protect|p2a: Ting-Lu\n|-singleturn|p2a: Ting-Lu|Protect\n|move|p1a: Urshifu|Surging Strikes|p2a: Ting-Lu\n|-supereffective|p2a: Ting-Lu\n|-crit|p2a: Ting-Lu\n|-damage|p2a: Ting-Lu|32\/100\n|-supereffective|p2a: Ting-Lu\n|-crit|p2a: Ting-Lu\n|-damage|p2a: Ting-Lu|9\/100\n|-supereffective|p2a: Ting-Lu\n|-crit|p2a: Ting-Lu\n|-damage|p2a: Ting-Lu|0 fnt\n|faint|p2a: Ting-Lu\n|-hitcount|p2: Ting-Lu|3\n|\n|win|pzzs\n|raw|pzzs's rating: 1329 &rarr; <strong>1352<\/strong><br \/>(+23 for winning)\n|raw|Aedfyh's rating: 1380 &rarr; <strong>1357<\/strong><br \/>(-23 for losing)\n|l|\u2606pzzs\n|j|\u2606pzzs\n|player|p1|pzzs|janine\n","uploadtime":1700326927,"views":15,"p1id":"pzzs","p2id":"aedfyh","formatid":"gen9nationaldex","rating":1352,"private":0,"password":""}