{"id":"gen9nationaldex-1992902686","p1":"harypots","p2":"dvdpoola","format":"[Gen 9] National Dex","log":"|j|\u2606harypots\n|j|\u2606dvdpoola\n|t:|1700245367\n|gametype|singles\n|player|p1|harypots|hoopster|1135\n|player|p2|dvdpoola|clown|1183\n|teamsize|p1|6\n|teamsize|p2|6\n|gen|9\n|tier|[Gen 9] National Dex\n|rated|\n|rule|HP Percentage Mod: HP is shown in percentages\n|rule|Endless Battle Clause: Forcing endless battles is banned\n|rule|OHKO Clause: OHKO moves are banned\n|rule|Evasion Clause: Evasion abilities, items, and moves are banned\n|rule|Evasion Abilities Clause: Evasion abilities are banned\n|rule|Evasion Items Clause: Evasion items are banned\n|rule|Evasion Moves Clause: Evasion moves are banned\n|rule|Species Clause: Limit one of each Pok\u00e9mon\n|rule|Sleep Clause Mod: Limit one foe put to sleep\n|clearpoke\n|poke|p1|Pineco, L1, F|\n|poke|p1|Whimsicott, F|\n|poke|p1|Banette, F|\n|poke|p1|Galvantula, F|\n|poke|p1|Iron Moth|\n|poke|p1|Hoopa-Unbound|\n|poke|p2|Dudunsparce-*, F|\n|poke|p2|Bisharp, M|\n|poke|p2|Hatterene, F|\n|poke|p2|Salamence, F|\n|poke|p2|Rhyperior, M|\n|poke|p2|Toxtricity, M|\n|teampreview\n|inactive|Battle timer is ON: inactive players will automatically lose when time's up. (requested by harypots)\n|\n|t:|1700245377\n|start\n|switch|p1a: Banette|Banette, F|100\/100\n|switch|p2a: Hatterene|Hatterene, F|100\/100\n|-item|p2a: Hatterene|Leftovers|[from] ability: Frisk|[of] p1a: Banette|[identify]\n|turn|1\n|\n|t:|1700245388\n|detailschange|p1a: Banette|Banette-Mega, F\n|-mega|p1a: Banette|Banette|Banettite\n|move|p1a: Banette|Gunk Shot|p2a: Hatterene\n|-supereffective|p2a: Hatterene\n|-damage|p2a: Hatterene|10\/100\n|move|p2a: Hatterene|Calm Mind|p2a: Hatterene\n|-boost|p2a: Hatterene|spa|1\n|-boost|p2a: Hatterene|spd|1\n|\n|-heal|p2a: Hatterene|16\/100|[from] item: Leftovers\n|upkeep\n|turn|2\n|\n|t:|1700245404\n|switch|p2a: Rhyperior|Rhyperior, M|100\/100\n|move|p1a: Banette|Shadow Claw|p2a: Rhyperior\n|-damage|p2a: Rhyperior|71\/100\n|\n|upkeep\n|turn|3\n|\n|t:|1700245415\n|move|p1a: Banette|Destiny Bond|p1a: Banette\n|-singlemove|p1a: Banette|Destiny Bond\n|move|p2a: Rhyperior|Stone Edge|p1a: Banette\n|-damage|p1a: Banette|23\/100\n|\n|upkeep\n|turn|4\n|\n|t:|1700245423\n|move|p1a: Banette|Gunk Shot|p2a: Rhyperior\n|-resisted|p2a: Rhyperior\n|-damage|p2a: Rhyperior|62\/100\n|-status|p2a: Rhyperior|psn\n|move|p2a: Rhyperior|Dragon Tail|p1a: Banette\n|-damage|p1a: Banette|0 fnt\n|faint|p1a: Banette\n|\n|-damage|p2a: Rhyperior|50\/100 psn|[from] psn\n|upkeep\n|\n|t:|1700245431\n|switch|p1a: Pineco|Pineco, L1, F|100\/100\n|turn|5\n|\n|t:|1700245436\n|move|p2a: Rhyperior|Stone Edge|p1a: Pineco\n|-supereffective|p1a: Pineco\n|-ability|p1a: Pineco|Sturdy\n|-damage|p1a: Pineco|9\/100\n|move|p1a: Pineco|Pain Split|p2a: Rhyperior\n|-sethp|p2a: Rhyperior|25\/100 psn|[from] move: Pain Split|[silent]\n|-sethp|p1a: Pineco|100\/100|[from] move: Pain Split\n|\n|-damage|p2a: Rhyperior|13\/100 psn|[from] psn\n|upkeep\n|turn|6\n|\n|t:|1700245450\n|move|p2a: Rhyperior|Earthquake|p1a: Pineco\n|-resisted|p1a: Pineco\n|-ability|p1a: Pineco|Sturdy\n|-damage|p1a: Pineco|9\/100\n|move|p1a: Pineco|Pain Split|p2a: Rhyperior\n|-sethp|p2a: Rhyperior|7\/100 psn|[from] move: Pain Split|[silent]\n|-sethp|p1a: Pineco|100\/100|[from] move: Pain Split\n|\n|-damage|p2a: Rhyperior|0 fnt|[from] psn\n|faint|p2a: Rhyperior\n|upkeep\n|\n|t:|1700245461\n|switch|p2a: Salamence|Salamence, F|100\/100\n|turn|7\n|\n|t:|1700245467\n|move|p2a: Salamence|Dual Wingbeat|p1a: Pineco\n|-supereffective|p1a: Pineco\n|-ability|p1a: Pineco|Sturdy\n|-damage|p1a: Pineco|9\/100\n|-damage|p2a: Salamence|84\/100|[from] item: Rocky Helmet|[of] p1a: Pineco\n|-supereffective|p1a: Pineco\n|-damage|p1a: Pineco|0 fnt\n|-damage|p2a: Salamence|67\/100|[from] item: Rocky Helmet|[of] p1a: Pineco\n|faint|p1a: Pineco\n|-ability|p2a: Salamence|Moxie|boost\n|-boost|p2a: Salamence|atk|1\n|-hitcount|p1: Pineco|2\n|\n|upkeep\n|\n|t:|1700245486\n|switch|p1a: Galvantula|Galvantula, F|100\/100\n|turn|8\n|\n|t:|1700245496\n|move|p2a: Salamence|Dual Wingbeat|p1a: Galvantula\n|-damage|p1a: Galvantula|45\/100\n|-damage|p1a: Galvantula|0 fnt\n|faint|p1a: Galvantula\n|-ability|p2a: Salamence|Moxie|boost\n|-boost|p2a: Salamence|atk|1\n|-hitcount|p1: Galvantula|2\n|\n|upkeep\n|\n|t:|1700245504\n|switch|p1a: Iron Moth|Iron Moth|100\/100\n|-enditem|p1a: Iron Moth|Booster Energy\n|-activate|p1a: Iron Moth|ability: Quark Drive|[fromitem]\n|-start|p1a: Iron Moth|quarkdrivespe\n|turn|9\n|\n|t:|1700245511\n|move|p1a: Iron Moth|Sludge Wave|p2a: Salamence\n|-damage|p2a: Salamence|11\/100\n|move|p2a: Salamence|Dual Wingbeat|p1a: Iron Moth\n|-damage|p1a: Iron Moth|29\/100\n|-damage|p1a: Iron Moth|0 fnt\n|faint|p1a: Iron Moth\n|-end|p1a: Iron Moth|Quark Drive|[silent]\n|-ability|p2a: Salamence|Moxie|boost\n|-boost|p2a: Salamence|atk|1\n|-hitcount|p1: Iron Moth|2\n|\n|upkeep\n|\n|t:|1700245517\n|switch|p1a: Hoopa|Hoopa-Unbound|100\/100\n|turn|10\n|\n|t:|1700245523\n|move|p2a: Salamence|Dual Wingbeat|p1a: Hoopa\n|-damage|p1a: Hoopa|2\/100\n|-damage|p1a: Hoopa|0 fnt\n|faint|p1a: Hoopa\n|-ability|p2a: Salamence|Moxie|boost\n|-boost|p2a: Salamence|atk|1\n|-hitcount|p1: Hoopa|2\n|\n|upkeep\n|-message|harypots forfeited.\n|\n|win|dvdpoola\n|raw|harypots's rating: 1135 &rarr; <strong>1113<\/strong><br \/>(-22 for losing)\n|raw|dvdpoola's rating: 1183 &rarr; <strong>1205<\/strong><br \/>(+22 for winning)\n|l|\u2606harypots\n","uploadtime":1700245537,"views":8,"p1id":"harypots","p2id":"dvdpoola","formatid":"gen9nationaldex","rating":1113,"private":0,"password":""}