{"id":"gen9nationaldex-2000378836","p1":"Markoakuma","p2":"TheLoneZ50","format":"[Gen 9] National Dex","log":"|html|<div class=\"broadcast-blue\"><strong>[Gen 9] National Dex is currently suspecting Sneasler! For information on how to participate check out the <a href=\"https:\/\/www.smogon.com\/forums\/threads\/sv-national-dex-suspect-8-just-dance.3731534\/\">suspect thread<\/a>.<\/strong><\/div>\n|j|\u2606Markoakuma\n|j|\u2606TheLoneZ50\n|t:|1701189828\n|gametype|singles\n|player|p1|Markoakuma|falkner|1087\n|player|p2|TheLoneZ50|265|1000\n|teamsize|p1|6\n|teamsize|p2|6\n|gen|9\n|tier|[Gen 9] National Dex\n|rated|\n|rule|HP Percentage Mod: HP is shown in percentages\n|rule|Endless Battle Clause: Forcing endless battles is banned\n|rule|OHKO Clause: OHKO moves are banned\n|rule|Evasion Clause: Evasion abilities, items, and moves are banned\n|rule|Evasion Abilities Clause: Evasion abilities are banned\n|rule|Evasion Items Clause: Evasion items are banned\n|rule|Evasion Moves Clause: Evasion moves are banned\n|rule|Species Clause: Limit one of each Pok\u00e9mon\n|rule|Sleep Clause Mod: Limit one foe put to sleep\n|clearpoke\n|poke|p1|Torkoal, M|\n|poke|p1|Gallade, M|\n|poke|p1|Aromatisse, F|\n|poke|p1|Diggersby, F|\n|poke|p1|Pangoro, M|\n|poke|p1|Houndoom, M|\n|poke|p2|Lopunny, F|\n|poke|p2|Gardevoir, F|\n|poke|p2|Cinderace, M|\n|poke|p2|Vaporeon, F|\n|poke|p2|Meloetta|\n|poke|p2|Iron Valiant|\n|teampreview\n|\n|t:|1701189834\n|start\n|switch|p1a: Torkoal|Torkoal, M|100\/100\n|switch|p2a: Mommy? sorry.|Lopunny, F, shiny|100\/100\n|-weather|SunnyDay|[from] ability: Drought|[of] p1a: Torkoal\n|turn|1\n|\n|t:|1701189842\n|switch|p2a: Did you know?|Vaporeon, F|100\/100\n|move|p1a: Torkoal|Body Press|p2a: Did you know?\n|-damage|p2a: Did you know?|71\/100\n|\n|-weather|SunnyDay|[upkeep]\n|-heal|p2a: Did you know?|77\/100|[from] item: Leftovers\n|upkeep\n|turn|2\n|c|\u2606TheLoneZ50|dont mind the names\n|c|\u2606Markoakuma|Non I didn't knew\n|c|\u2606TheLoneZ50|im still working on the team\n|c|\u2606Markoakuma|I believe on amazing nicknames\n|\n|t:|1701189890\n|move|p2a: Did you know?|Scald|p1a: Torkoal\n|-supereffective|p1a: Torkoal\n|-damage|p1a: Torkoal|60\/100\n|move|p1a: Torkoal|Stealth Rock|p2a: Did you know?\n|-sidestart|p2: TheLoneZ50|move: Stealth Rock\n|\n|-weather|SunnyDay|[upkeep]\n|-heal|p2a: Did you know?|83\/100|[from] item: Leftovers\n|upkeep\n|turn|3\n|\n|t:|1701189901\n|move|p2a: Did you know?|Scald|p1a: Torkoal\n|-supereffective|p1a: Torkoal\n|-damage|p1a: Torkoal|20\/100\n|move|p1a: Torkoal|Yawn|p2a: Did you know?\n|-start|p2a: Did you know?|move: Yawn|[of] p1a: Torkoal\n|\n|-weather|SunnyDay|[upkeep]\n|-heal|p2a: Did you know?|89\/100|[from] item: Leftovers\n|upkeep\n|turn|4\n|\n|t:|1701189920\n|switch|p2a: Mommy? sorry.|Lopunny, F, shiny|100\/100\n|-damage|p2a: Mommy? sorry.|88\/100|[from] Stealth Rock\n|move|p1a: Torkoal|Yawn|p2a: Mommy? sorry.\n|-start|p2a: Mommy? sorry.|move: Yawn|[of] p1a: Torkoal\n|\n|-weather|SunnyDay|[upkeep]\n|upkeep\n|turn|5\n|\n|t:|1701189934\n|switch|p1a: Aromatisse|Aromatisse, F|100\/100\n|detailschange|p2a: Mommy? sorry.|Lopunny-Mega, F, shiny\n|-mega|p2a: Mommy? sorry.|Lopunny|Lopunnite\n|move|p2a: Mommy? sorry.|Drain Punch|p1a: Aromatisse\n|-resisted|p1a: Aromatisse\n|-damage|p1a: Aromatisse|78\/100\n|-heal|p2a: Mommy? sorry.|100\/100|[from] drain|[of] p1a: Aromatisse\n|\n|-weather|none\n|-end|p2a: Mommy? sorry.|move: Yawn|[silent]\n|-status|p2a: Mommy? sorry.|slp\n|upkeep\n|turn|6\n|\n|t:|1701189949\n|switch|p2a: Bunny mommy|Cinderace, M|100\/100\n|-damage|p2a: Bunny mommy|76\/100|[from] Stealth Rock\n|move|p1a: Aromatisse|Wish|p1a: Aromatisse\n|\n|upkeep\n|turn|7\n|\n|t:|1701189960\n|move|p2a: Bunny mommy|Pyro Ball|p1a: Aromatisse\n|-damage|p1a: Aromatisse|15\/100\n|move|p1a: Aromatisse|Toxic|p2a: Bunny mommy\n|-status|p2a: Bunny mommy|tox\n|\n|-heal|p1a: Aromatisse|65\/100|[from] move: Wish|[wisher] Aromatisse\n|-damage|p2a: Bunny mommy|70\/100 tox|[from] psn\n|upkeep\n|turn|8\n|\n|t:|1701189971\n|move|p1a: Aromatisse|Protect|p1a: Aromatisse\n|-singleturn|p1a: Aromatisse|Protect\n|move|p2a: Bunny mommy|Pyro Ball|p1a: Aromatisse\n|-activate|p1a: Aromatisse|move: Protect\n|\n|-damage|p2a: Bunny mommy|58\/100 tox|[from] psn\n|upkeep\n|turn|9\n|\n|t:|1701189981\n|move|p2a: Bunny mommy|U-turn|p1a: Aromatisse\n|-start|p2a: Bunny mommy|typechange|Bug|[from] ability: Libero\n|-resisted|p1a: Aromatisse\n|-damage|p1a: Aromatisse|47\/100\n|\n|t:|1701189990\n|switch|p2a: Awooga!|Gardevoir, F, shiny|100\/100|[from] U-turn\n|-damage|p2a: Awooga!|88\/100|[from] Stealth Rock\n|-ability|p2a: Awooga!|Aroma Veil|[from] ability: Trace|[of] p1a: Aromatisse\n|move|p1a: Aromatisse|Wish|p1a: Aromatisse\n|\n|-heal|p2a: Awooga!|94\/100|[from] item: Leftovers\n|upkeep\n|turn|10\n|\n|t:|1701190001\n|move|p2a: Awooga!|Encore|p1a: Aromatisse\n|-block|p1a: Aromatisse|ability: Aroma Veil|[of] p1a: Aromatisse\n|move|p1a: Aromatisse|Toxic|p2a: Awooga!\n|-status|p2a: Awooga!|tox\n|\n|-heal|p1a: Aromatisse|97\/100|[from] move: Wish|[wisher] Aromatisse\n|-heal|p2a: Awooga!|100\/100 tox|[from] item: Leftovers\n|-damage|p2a: Awooga!|94\/100 tox|[from] psn\n|upkeep\n|turn|11\n|\n|t:|1701190015\n|move|p2a: Awooga!|Mystical Fire|p1a: Aromatisse\n|-damage|p1a: Aromatisse|80\/100\n|-unboost|p1a: Aromatisse|spa|1\n|move|p1a: Aromatisse|Moonblast|p2a: Awooga!\n|-damage|p2a: Awooga!|72\/100 tox\n|\n|-heal|p2a: Awooga!|78\/100 tox|[from] item: Leftovers\n|-damage|p2a: Awooga!|66\/100 tox|[from] psn\n|upkeep\n|turn|12\n|\n|t:|1701190025\n|move|p2a: Awooga!|Mystical Fire|p1a: Aromatisse\n|-damage|p1a: Aromatisse|62\/100\n|-unboost|p1a: Aromatisse|spa|1\n|move|p1a: Aromatisse|Moonblast|p2a: Awooga!\n|-damage|p2a: Awooga!|49\/100 tox\n|\n|-heal|p2a: Awooga!|55\/100 tox|[from] item: Leftovers\n|-damage|p2a: Awooga!|37\/100 tox|[from] psn\n|upkeep\n|turn|13\n|\n|t:|1701190037\n|switch|p2a: Would|Meloetta|100\/100\n|-damage|p2a: Would|88\/100|[from] Stealth Rock\n|move|p1a: Aromatisse|Protect||[still]\n|-fail|p1a: Aromatisse\n|\n|upkeep\n|turn|14\n|\n|t:|1701190061\n|move|p2a: Would|Shadow Ball|p1a: Aromatisse\n|-damage|p1a: Aromatisse|42\/100\n|-unboost|p1a: Aromatisse|spd|1\n|move|p1a: Aromatisse|Wish|p1a: Aromatisse\n|\n|upkeep\n|turn|15\n|\n|t:|1701190072\n|move|p2a: Would|Shadow Ball|p1a: Aromatisse\n|-damage|p1a: Aromatisse|13\/100\n|-unboost|p1a: Aromatisse|spd|1\n|move|p1a: Aromatisse|Toxic|p2a: Would\n|-status|p2a: Would|tox\n|\n|-heal|p1a: Aromatisse|63\/100|[from] move: Wish|[wisher] Aromatisse\n|-damage|p2a: Would|82\/100 tox|[from] psn\n|upkeep\n|turn|16\n|\n|t:|1701190088\n|switch|p1a: Pangoro|Pangoro, M|100\/100\n|move|p2a: Would|Shadow Ball|p1a: Pangoro\n|-resisted|p1a: Pangoro\n|-damage|p1a: Pangoro|80\/100\n|\n|-damage|p2a: Would|70\/100 tox|[from] psn\n|upkeep\n|turn|17\n|\n|t:|1701190099\n|switch|p2a: Awooga! but metal|Iron Valiant, shiny|100\/100\n|-damage|p2a: Awooga! but metal|94\/100|[from] Stealth Rock\n|-enditem|p2a: Awooga! but metal|Booster Energy\n|-activate|p2a: Awooga! but metal|ability: Quark Drive|[fromitem]\n|-start|p2a: Awooga! but metal|quarkdrivespe\n|move|p1a: Pangoro|Swords Dance|p1a: Pangoro\n|-boost|p1a: Pangoro|atk|2\n|\n|upkeep\n|turn|18\n|\n|t:|1701190140\n|move|p1a: Pangoro|Bullet Punch|p2a: Awooga! but metal\n|-supereffective|p2a: Awooga! but metal\n|-damage|p2a: Awooga! but metal|0 fnt\n|faint|p2a: Awooga! but metal\n|-end|p2a: Awooga! but metal|Quark Drive|[silent]\n|-damage|p1a: Pangoro|70\/100|[from] item: Life Orb\n|\n|upkeep\n|-message|TheLoneZ50 forfeited.\n|\n|win|Markoakuma\n|raw|Markoakuma's rating: 1087 &rarr; <strong>1107<\/strong><br \/>(+20 for winning)\n|raw|TheLoneZ50's rating: 1000 &rarr; <strong>1000<\/strong><br \/>(+0 for losing)\n|l|\u2606TheLoneZ50\n","uploadtime":1701190178,"views":2,"p1id":"markoakuma","p2id":"thelonez50","formatid":"gen9nationaldex","rating":1000,"private":0,"password":""}