{"id":"gen9nationaldex-1994195073","p1":"halpu","p2":"BanTheMaster","format":"[Gen 9] National Dex","log":"|j|\u2606halpu\n|j|\u2606BanTheMaster\n|t:|1700417619\n|gametype|singles\n|player|p1|halpu|cynthia-masters|1449\n|player|p2|BanTheMaster|ingo|1543\n|teamsize|p1|6\n|teamsize|p2|6\n|gen|9\n|tier|[Gen 9] National Dex\n|rated|\n|rule|HP Percentage Mod: HP is shown in percentages\n|rule|Endless Battle Clause: Forcing endless battles is banned\n|rule|OHKO Clause: OHKO moves are banned\n|rule|Evasion Clause: Evasion abilities, items, and moves are banned\n|rule|Evasion Abilities Clause: Evasion abilities are banned\n|rule|Evasion Items Clause: Evasion items are banned\n|rule|Evasion Moves Clause: Evasion moves are banned\n|rule|Species Clause: Limit one of each Pok\u00e9mon\n|rule|Sleep Clause Mod: Limit one foe put to sleep\n|clearpoke\n|poke|p1|Ting-Lu|\n|poke|p1|Iron Valiant|\n|poke|p1|Rotom-Wash|\n|poke|p1|Kartana|\n|poke|p1|Slowking-Galar, F|\n|poke|p1|Lopunny, F|\n|poke|p2|Zamazenta-*|\n|poke|p2|Greninja-*, M|\n|poke|p2|Tapu Fini|\n|poke|p2|Iron Treads|\n|poke|p2|Pinsir, M|\n|poke|p2|Iron Moth|\n|teampreview\n|inactive|Battle timer is ON: inactive players will automatically lose when time's up. (requested by BanTheMaster)\n|inactive|BanTheMaster has 120 seconds left.\n|inactive|BanTheMaster has 90 seconds left.\n|\n|t:|1700417686\n|start\n|switch|p1a: Ting-Lu|Ting-Lu|100\/100\n|switch|p2a: Pinsir|Pinsir, M|100\/100\n|-ability|p1a: Ting-Lu|Vessel of Ruin\n|turn|1\n|\n|t:|1700417700\n|move|p2a: Pinsir|Swords Dance|p2a: Pinsir\n|-boost|p2a: Pinsir|atk|2\n|move|p1a: Ting-Lu|Stone Edge|p2a: Pinsir\n|-supereffective|p2a: Pinsir\n|-crit|p2a: Pinsir\n|-damage|p2a: Pinsir|0 fnt\n|faint|p2a: Pinsir\n|\n|upkeep\n|\n|t:|1700417709\n|switch|p2a: Zamazenta|Zamazenta|100\/100\n|-ability|p2a: Zamazenta|Dauntless Shield|boost\n|-boost|p2a: Zamazenta|def|1\n|turn|2\n|inactive|halpu has 120 seconds left.\n|\n|t:|1700417749\n|switch|p1a: Rotom|Rotom-Wash|100\/100\n|move|p2a: Zamazenta|Body Press|p1a: Rotom\n|-damage|p1a: Rotom|49\/100\n|\n|upkeep\n|turn|3\n|\n|t:|1700417758\n|move|p1a: Rotom|Will-O-Wisp|p2a: Zamazenta\n|-status|p2a: Zamazenta|brn\n|move|p2a: Zamazenta|Substitute|p2a: Zamazenta\n|-start|p2a: Zamazenta|Substitute\n|-damage|p2a: Zamazenta|76\/100 brn\n|\n|-heal|p2a: Zamazenta|82\/100 brn|[from] item: Leftovers\n|-damage|p2a: Zamazenta|76\/100 brn|[from] brn\n|upkeep\n|turn|4\n|\n|t:|1700417767\n|switch|p1a: Iron Valiant|Iron Valiant|100\/100\n|-enditem|p1a: Iron Valiant|Booster Energy\n|-activate|p1a: Iron Valiant|ability: Quark Drive|[fromitem]\n|-start|p1a: Iron Valiant|quarkdrivespe\n|move|p2a: Zamazenta|Iron Defense|p2a: Zamazenta\n|-boost|p2a: Zamazenta|def|2\n|\n|-heal|p2a: Zamazenta|82\/100 brn|[from] item: Leftovers\n|-damage|p2a: Zamazenta|76\/100 brn|[from] brn\n|upkeep\n|turn|5\n|\n|t:|1700417774\n|move|p1a: Iron Valiant|Moonblast|p2a: Zamazenta\n|-supereffective|p2a: Zamazenta\n|-end|p2a: Zamazenta|Substitute\n|move|p2a: Zamazenta|Body Press|p1a: Iron Valiant\n|-resisted|p1a: Iron Valiant\n|-damage|p1a: Iron Valiant|66\/100\n|\n|-heal|p2a: Zamazenta|82\/100 brn|[from] item: Leftovers\n|-damage|p2a: Zamazenta|76\/100 brn|[from] brn\n|upkeep\n|turn|6\n|\n|t:|1700417784\n|switch|p2a: Iron Treads|Iron Treads|100\/100\n|move|p1a: Iron Valiant|Moonblast|p2a: Iron Treads\n|-resisted|p2a: Iron Treads\n|-damage|p2a: Iron Treads|67\/100\n|-unboost|p2a: Iron Treads|spa|1\n|\n|-heal|p2a: Iron Treads|73\/100|[from] item: Leftovers\n|upkeep\n|turn|7\n|\n|t:|1700417792\n|move|p1a: Iron Valiant|Aura Sphere|p2a: Iron Treads\n|-supereffective|p2a: Iron Treads\n|-damage|p2a: Iron Treads|0 fnt\n|faint|p2a: Iron Treads\n|-end|p2a: Iron Treads|Quark Drive|[silent]\n|\n|upkeep\n|\n|t:|1700417796\n|switch|p2a: Tapu Fini|Tapu Fini|100\/100\n|-fieldstart|move: Misty Terrain|[from] ability: Misty Surge|[of] p2a: Tapu Fini\n|turn|8\n|\n|t:|1700417801\n|move|p1a: Iron Valiant|Energy Ball|p2a: Tapu Fini\n|-supereffective|p2a: Tapu Fini\n|-damage|p2a: Tapu Fini|63\/100\n|move|p2a: Tapu Fini|Calm Mind|p2a: Tapu Fini\n|-boost|p2a: Tapu Fini|spa|1\n|-boost|p2a: Tapu Fini|spd|1\n|\n|-heal|p2a: Tapu Fini|69\/100|[from] item: Leftovers\n|upkeep\n|turn|9\n|\n|t:|1700417809\n|move|p1a: Iron Valiant|Psyshock|p2a: Tapu Fini\n|-damage|p2a: Tapu Fini|46\/100\n|move|p2a: Tapu Fini|Draining Kiss|p1a: Iron Valiant\n|-supereffective|p1a: Iron Valiant\n|-crit|p1a: Iron Valiant\n|-damage|p1a: Iron Valiant|0 fnt\n|-heal|p2a: Tapu Fini|88\/100|[from] drain|[of] p1a: Iron Valiant\n|faint|p1a: Iron Valiant\n|-end|p1a: Iron Valiant|Quark Drive|[silent]\n|\n|-heal|p2a: Tapu Fini|94\/100|[from] item: Leftovers\n|upkeep\n|\n|t:|1700417816\n|switch|p1a: Kartana|Kartana|100\/100\n|turn|10\n|\n|t:|1700417823\n|-terastallize|p2a: Tapu Fini|Dragon\n|move|p1a: Kartana|Leaf Blade|p2a: Tapu Fini\n|-resisted|p2a: Tapu Fini\n|-damage|p2a: Tapu Fini|69\/100\n|move|p2a: Tapu Fini|Iron Defense|p2a: Tapu Fini\n|-boost|p2a: Tapu Fini|def|2\n|\n|-heal|p2a: Tapu Fini|75\/100|[from] item: Leftovers\n|upkeep\n|turn|11\n|c|\u2606halpu|oh hell no\n|\n|t:|1700417837\n|switch|p1a: Slowking|Slowking-Galar, F|100\/100\n|move|p2a: Tapu Fini|Draining Kiss|p1a: Slowking\n|-resisted|p1a: Slowking\n|-damage|p1a: Slowking|93\/100\n|-heal|p2a: Tapu Fini|81\/100|[from] drain|[of] p1a: Slowking\n|\n|-heal|p2a: Tapu Fini|87\/100|[from] item: Leftovers\n|upkeep\n|turn|12\n|\n|t:|1700417849\n|move|p2a: Tapu Fini|Calm Mind|p2a: Tapu Fini\n|-boost|p2a: Tapu Fini|spa|1\n|-boost|p2a: Tapu Fini|spd|1\n|move|p1a: Slowking|Sludge Bomb|p2a: Tapu Fini\n|-damage|p2a: Tapu Fini|74\/100\n|\n|-heal|p2a: Tapu Fini|80\/100|[from] item: Leftovers\n|-fieldend|Misty Terrain\n|upkeep\n|turn|13\n|\n|t:|1700417854\n|switch|p1a: Lopunny|Lopunny, F|100\/100\n|move|p2a: Tapu Fini|Calm Mind|p2a: Tapu Fini\n|-boost|p2a: Tapu Fini|spa|1\n|-boost|p2a: Tapu Fini|spd|1\n|\n|-heal|p2a: Tapu Fini|86\/100|[from] item: Leftovers\n|upkeep\n|turn|14\n|\n|t:|1700417858\n|detailschange|p1a: Lopunny|Lopunny-Mega, F\n|-mega|p1a: Lopunny|Lopunny|Lopunnite\n|move|p1a: Lopunny|Fake Out|p2a: Tapu Fini\n|-damage|p2a: Tapu Fini|77\/100\n|cant|p2a: Tapu Fini|flinch\n|\n|-heal|p2a: Tapu Fini|83\/100|[from] item: Leftovers\n|upkeep\n|turn|15\n|\n|t:|1700417861\n|move|p1a: Lopunny|Triple Axel|p2a: Tapu Fini\n|-supereffective|p2a: Tapu Fini\n|-damage|p2a: Tapu Fini|77\/100\n|-supereffective|p2a: Tapu Fini\n|-damage|p2a: Tapu Fini|63\/100\n|-supereffective|p2a: Tapu Fini\n|-damage|p2a: Tapu Fini|42\/100\n|-hitcount|p2a: Tapu Fini|3\n|move|p2a: Tapu Fini|Draining Kiss|p1a: Lopunny\n|-supereffective|p1a: Lopunny\n|-damage|p1a: Lopunny|0 fnt\n|-heal|p2a: Tapu Fini|100\/100|[from] drain|[of] p1a: Lopunny\n|faint|p1a: Lopunny\n|\n|upkeep\n|\n|t:|1700417872\n|switch|p1a: Kartana|Kartana|100\/100\n|turn|16\n|c|\u2606halpu|bro i thought your team was tryhard when i saw it but this is just evil\n|c|\u2606halpu|may you stub your toe and shit\n|\n|t:|1700417896\n|move|p1a: Kartana|Smart Strike|p2a: Tapu Fini\n|-damage|p2a: Tapu Fini|80\/100\n|move|p2a: Tapu Fini|Draining Kiss|p1a: Kartana\n|-resisted|p1a: Kartana\n|-damage|p1a: Kartana|36\/100\n|-heal|p2a: Tapu Fini|100\/100|[from] drain|[of] p1a: Kartana\n|\n|upkeep\n|turn|17\n|\n|t:|1700417911\n|move|p1a: Kartana|Smart Strike|p2a: Tapu Fini\n|-damage|p2a: Tapu Fini|81\/100\n|move|p2a: Tapu Fini|Draining Kiss|p1a: Kartana\n|-resisted|p1a: Kartana\n|-damage|p1a: Kartana|0 fnt\n|-heal|p2a: Tapu Fini|100\/100|[from] drain|[of] p1a: Kartana\n|faint|p1a: Kartana\n|\n|upkeep\n|\n|t:|1700417921\n|switch|p1a: Slowking|Slowking-Galar, F|100\/100\n|turn|18\n|\n|t:|1700417931\n|move|p2a: Tapu Fini|Stored Power|p1a: Slowking\n|-damage|p1a: Slowking|45\/100\n|move|p1a: Slowking|Sludge Bomb|p2a: Tapu Fini\n|-damage|p2a: Tapu Fini|88\/100\n|-status|p2a: Tapu Fini|psn\n|\n|-heal|p2a: Tapu Fini|94\/100 psn|[from] item: Leftovers\n|-damage|p2a: Tapu Fini|82\/100 psn|[from] psn\n|upkeep\n|turn|19\n|\n|t:|1700417943\n|switch|p1a: Ting-Lu|Ting-Lu|100\/100\n|-ability|p1a: Ting-Lu|Vessel of Ruin\n|move|p2a: Tapu Fini|Calm Mind|p2a: Tapu Fini\n|-boost|p2a: Tapu Fini|spa|1\n|-boost|p2a: Tapu Fini|spd|1\n|\n|-heal|p2a: Tapu Fini|88\/100 psn|[from] item: Leftovers\n|-damage|p2a: Tapu Fini|75\/100 psn|[from] psn\n|upkeep\n|turn|20\n|\n|t:|1700417948\n|move|p2a: Tapu Fini|Draining Kiss|p1a: Ting-Lu\n|-supereffective|p1a: Ting-Lu\n|-damage|p1a: Ting-Lu|35\/100\n|-heal|p2a: Tapu Fini|100\/100 psn|[from] drain|[of] p1a: Ting-Lu\n|move|p1a: Ting-Lu|Earthquake|p2a: Tapu Fini\n|-damage|p2a: Tapu Fini|65\/100 psn\n|\n|-heal|p2a: Tapu Fini|71\/100 psn|[from] item: Leftovers\n|-damage|p2a: Tapu Fini|58\/100 psn|[from] psn\n|upkeep\n|turn|21\n|\n|t:|1700417957\n|switch|p1a: Slowking|Slowking-Galar, F|78\/100\n|move|p2a: Tapu Fini|Draining Kiss|p1a: Slowking\n|-resisted|p1a: Slowking\n|-damage|p1a: Slowking|65\/100\n|-heal|p2a: Tapu Fini|69\/100 psn|[from] drain|[of] p1a: Slowking\n|\n|-heal|p2a: Tapu Fini|75\/100 psn|[from] item: Leftovers\n|-damage|p2a: Tapu Fini|63\/100 psn|[from] psn\n|upkeep\n|turn|22\n|\n|t:|1700417963\n|move|p2a: Tapu Fini|Draining Kiss|p1a: Slowking\n|-resisted|p1a: Slowking\n|-crit|p1a: Slowking\n|-damage|p1a: Slowking|45\/100\n|-heal|p2a: Tapu Fini|79\/100 psn|[from] drain|[of] p1a: Slowking\n|move|p1a: Slowking|Sludge Bomb|p2a: Tapu Fini\n|-damage|p2a: Tapu Fini|70\/100 psn\n|\n|-heal|p2a: Tapu Fini|76\/100 psn|[from] item: Leftovers\n|-damage|p2a: Tapu Fini|64\/100 psn|[from] psn\n|upkeep\n|turn|23\n|\n|t:|1700417968\n|move|p2a: Tapu Fini|Stored Power|p1a: Slowking\n|-damage|p1a: Slowking|0 fnt\n|faint|p1a: Slowking\n|\n|-heal|p2a: Tapu Fini|70\/100 psn|[from] item: Leftovers\n|-damage|p2a: Tapu Fini|57\/100 psn|[from] psn\n|upkeep\n|\n|t:|1700417971\n|switch|p1a: Rotom|Rotom-Wash|49\/100\n|turn|24\n|\n|t:|1700417984\n|-terastallize|p1a: Rotom|Ground\n|move|p1a: Rotom|Tera Blast|p2a: Tapu Fini|[anim] Tera Blast Ground\n|-damage|p2a: Tapu Fini|52\/100 psn\n|move|p2a: Tapu Fini|Draining Kiss|p1a: Rotom\n|-damage|p1a: Rotom|0 fnt\n|-heal|p2a: Tapu Fini|81\/100 psn|[from] drain|[of] p1a: Rotom\n|faint|p1a: Rotom\n|\n|-heal|p2a: Tapu Fini|87\/100 psn|[from] item: Leftovers\n|-damage|p2a: Tapu Fini|75\/100 psn|[from] psn\n|upkeep\n|\n|t:|1700417986\n|switch|p1a: Ting-Lu|Ting-Lu|35\/100\n|-ability|p1a: Ting-Lu|Vessel of Ruin\n|turn|25\n|c|\u2606halpu|gg\n|\n|t:|1700417996\n|move|p2a: Tapu Fini|Draining Kiss|p1a: Ting-Lu\n|-supereffective|p1a: Ting-Lu\n|-damage|p1a: Ting-Lu|0 fnt\n|-heal|p2a: Tapu Fini|100\/100 psn|[from] drain|[of] p1a: Ting-Lu\n|faint|p1a: Ting-Lu\n|\n|win|BanTheMaster\n|raw|halpu's rating: 1449 &rarr; <strong>1434<\/strong><br \/>(-15 for losing)\n|raw|BanTheMaster's rating: 1543 &rarr; <strong>1558<\/strong><br \/>(+15 for winning)\n","uploadtime":1700417892,"views":4,"p1id":"halpu","p2id":"banthemaster","formatid":"gen9nationaldex","rating":1434,"private":0,"password":""}