{"id":"gen9nationaldex-2000015286","p1":"pelipper111","p2":"Lukexz","format":"[Gen 9] National Dex","log":"|html|<div class=\"broadcast-blue\"><strong>[Gen 9] National Dex is currently suspecting Sneasler! For information on how to participate check out the <a href=\"https:\/\/www.smogon.com\/forums\/threads\/sv-national-dex-suspect-8-just-dance.3731534\/\">suspect thread<\/a>.<\/strong><\/div>\n|j|\u2606pelipper111\n|j|\u2606Lukexz\n|t:|1701141422\n|gametype|singles\n|player|p1|pelipper111|1|1561\n|player|p2|Lukexz|170|1534\n|teamsize|p1|6\n|teamsize|p2|6\n|gen|9\n|tier|[Gen 9] National Dex\n|rated|\n|rule|HP Percentage Mod: HP is shown in percentages\n|rule|Endless Battle Clause: Forcing endless battles is banned\n|rule|OHKO Clause: OHKO moves are banned\n|rule|Evasion Clause: Evasion abilities, items, and moves are banned\n|rule|Evasion Abilities Clause: Evasion abilities are banned\n|rule|Evasion Items Clause: Evasion items are banned\n|rule|Evasion Moves Clause: Evasion moves are banned\n|rule|Species Clause: Limit one of each Pok\u00e9mon\n|rule|Sleep Clause Mod: Limit one foe put to sleep\n|clearpoke\n|poke|p1|Pelipper, F|\n|poke|p1|Swampert, F|\n|poke|p1|Tapu Lele|\n|poke|p1|Sneasler, F|\n|poke|p1|Zapdos|\n|poke|p1|Ditto|\n|poke|p2|Medicham, M|\n|poke|p2|Ferrothorn, M|\n|poke|p2|Zapdos|\n|poke|p2|Garchomp, M|\n|poke|p2|Rotom-Wash|\n|poke|p2|Iron Moth|\n|teampreview\n|\n|t:|1701141431\n|start\n|switch|p1a: Tapu Lele|Tapu Lele|100\/100\n|switch|p2a: Zapdos|Zapdos, shiny|100\/100\n|-fieldstart|move: Psychic Terrain|[from] ability: Psychic Surge|[of] p1a: Tapu Lele\n|turn|1\n|\n|t:|1701141443\n|switch|p2a: Ferrothorn|Ferrothorn, M|100\/100\n|move|p1a: Tapu Lele|Psychic|p2a: Ferrothorn\n|-resisted|p2a: Ferrothorn\n|-damage|p2a: Ferrothorn|75\/100\n|\n|-heal|p2a: Ferrothorn|82\/100|[from] item: Leftovers\n|upkeep\n|turn|2\n|\n|t:|1701141460\n|switch|p1a: Ditto|Ditto|100\/100\n|-transform|p1a: Ditto|p2a: Ferrothorn|[from] ability: Imposter\n|move|p2a: Ferrothorn|Stealth Rock|p1a: Ditto\n|-sidestart|p1: pelipper111|move: Stealth Rock\n|\n|-heal|p2a: Ferrothorn|88\/100|[from] item: Leftovers\n|upkeep\n|turn|3\n|\n|t:|1701141476\n|switch|p2a: Iron Moth|Iron Moth|100\/100\n|-enditem|p2a: Iron Moth|Booster Energy\n|-activate|p2a: Iron Moth|ability: Quark Drive|[fromitem]\n|-start|p2a: Iron Moth|quarkdrivespe\n|move|p1a: Ditto|Stealth Rock|p2a: Iron Moth\n|-sidestart|p2: Lukexz|move: Stealth Rock\n|\n|upkeep\n|turn|4\n|\n|t:|1701141496\n|switch|p1a: Pelipper|Pelipper, F|100\/100\n|-damage|p1a: Pelipper|76\/100|[from] Stealth Rock\n|-weather|RainDance|[from] ability: Drizzle|[of] p1a: Pelipper\n|move|p2a: Iron Moth|Fiery Dance|p1a: Pelipper\n|-resisted|p1a: Pelipper\n|-damage|p1a: Pelipper|60\/100\n|\n|-weather|RainDance|[upkeep]\n|upkeep\n|turn|5\n|\n|t:|1701141514\n|move|p2a: Iron Moth|Sludge Wave|p1a: Pelipper\n|-damage|p1a: Pelipper|0 fnt\n|faint|p1a: Pelipper\n|\n|-weather|RainDance|[upkeep]\n|-fieldend|move: Psychic Terrain\n|upkeep\n|\n|t:|1701141520\n|switch|p1a: Swampert|Swampert, F|100\/100\n|-damage|p1a: Swampert|94\/100|[from] Stealth Rock\n|turn|6\n|\n|t:|1701141530\n|detailschange|p1a: Swampert|Swampert-Mega, F\n|-mega|p1a: Swampert|Swampert|Swampertite\n|-terastallize|p2a: Iron Moth|Grass\n|move|p2a: Iron Moth|Energy Ball|p1a: Swampert\n|-supereffective|p1a: Swampert\n|-damage|p1a: Swampert|0 fnt\n|faint|p1a: Swampert\n|\n|-weather|RainDance|[upkeep]\n|upkeep\n|\n|t:|1701141543\n|switch|p1a: Tapu Lele|Tapu Lele|100\/100\n|-damage|p1a: Tapu Lele|88\/100|[from] Stealth Rock\n|-fieldstart|move: Psychic Terrain|[from] ability: Psychic Surge|[of] p1a: Tapu Lele\n|turn|7\n|\n|t:|1701141550\n|switch|p1a: Zapdos|Zapdos|100\/100\n|move|p2a: Iron Moth|Sludge Wave|p1a: Zapdos\n|-damage|p1a: Zapdos|58\/100\n|\n|-weather|RainDance|[upkeep]\n|upkeep\n|turn|8\n|\n|t:|1701141570\n|-end|p2a: Iron Moth|Quark Drive|[silent]\n|switch|p2a: Rotom|Rotom-Wash|100\/100\n|-damage|p2a: Rotom|88\/100|[from] Stealth Rock\n|move|p1a: Zapdos|Hurricane|p2a: Rotom\n|-resisted|p2a: Rotom\n|-damage|p2a: Rotom|58\/100\n|-start|p2a: Rotom|confusion\n|\n|-weather|none\n|upkeep\n|turn|9\n|\n|t:|1701141582\n|-activate|p2a: Rotom|confusion\n|move|p2a: Rotom|Volt Switch|p1a: Zapdos\n|-damage|p1a: Zapdos|27\/100\n|\n|t:|1701141593\n|switch|p2a: Zapdos|Zapdos, shiny|100\/100|[from] Volt Switch\n|move|p1a: Zapdos|Roost|p1a: Zapdos\n|-heal|p1a: Zapdos|77\/100\n|-singleturn|p1a: Zapdos|move: Roost\n|\n|upkeep\n|turn|10\n|\n|t:|1701141602\n|move|p2a: Zapdos|Hurricane|p1a: Zapdos|[miss]\n|-miss|p2a: Zapdos|p1a: Zapdos\n|move|p1a: Zapdos|Volt Switch|p2a: Zapdos\n|-crit|p2a: Zapdos\n|-damage|p2a: Zapdos|66\/100\n|\n|t:|1701141615\n|switch|p1a: Tapu Lele|Tapu Lele|88\/100|[from] Volt Switch\n|-damage|p1a: Tapu Lele|76\/100|[from] Stealth Rock\n|\n|upkeep\n|turn|11\n|inactive|Battle timer is ON: inactive players will automatically lose when time's up. (requested by Lukexz)\n|\n|t:|1701141628\n|move|p1a: Tapu Lele|Psychic|p2a: Zapdos\n|-damage|p2a: Zapdos|11\/100\n|move|p2a: Zapdos|Roost|p2a: Zapdos\n|-heal|p2a: Zapdos|62\/100\n|-singleturn|p2a: Zapdos|move: Roost\n|\n|-fieldend|move: Psychic Terrain\n|upkeep\n|turn|12\n|\n|t:|1701141640\n|switch|p1a: Zapdos|Zapdos|77\/100\n|switch|p2a: Ferrothorn|Ferrothorn, M|88\/100\n|-damage|p2a: Ferrothorn|82\/100|[from] Stealth Rock\n|\n|-heal|p2a: Ferrothorn|88\/100|[from] item: Leftovers\n|upkeep\n|turn|13\n|\n|t:|1701141659\n|move|p1a: Zapdos|Hurricane|p2a: Ferrothorn\n|-crit|p2a: Ferrothorn\n|-damage|p2a: Ferrothorn|32\/100\n|-start|p2a: Ferrothorn|confusion\n|-activate|p2a: Ferrothorn|confusion\n|-damage|p2a: Ferrothorn|26\/100|[from] confusion\n|\n|-heal|p2a: Ferrothorn|32\/100|[from] item: Leftovers\n|upkeep\n|turn|14\n|\n|t:|1701141674\n|move|p1a: Zapdos|Hurricane|p2a: Ferrothorn\n|-damage|p2a: Ferrothorn|0 fnt\n|faint|p2a: Ferrothorn\n|\n|upkeep\n|\n|t:|1701141689\n|switch|p2a: Medicham|Medicham, M|100\/100\n|-damage|p2a: Medicham|94\/100|[from] Stealth Rock\n|turn|15\n|\n|t:|1701141694\n|detailschange|p2a: Medicham|Medicham-Mega, M\n|-mega|p2a: Medicham|Medicham|Medichamite\n|move|p2a: Medicham|Zen Headbutt|p1a: Zapdos\n|-damage|p1a: Zapdos|25\/100\n|move|p1a: Zapdos|Hurricane|p2a: Medicham\n|-supereffective|p2a: Medicham\n|-damage|p2a: Medicham|0 fnt\n|faint|p2a: Medicham\n|\n|upkeep\n|\n|t:|1701141700\n|switch|p2a: Iron Moth|Iron Moth, tera:Grass|100\/100\n|-damage|p2a: Iron Moth|88\/100|[from] Stealth Rock\n|turn|16\n|\n|t:|1701141710\n|move|p2a: Iron Moth|Fiery Dance|p1a: Zapdos\n|-damage|p1a: Zapdos|0 fnt\n|faint|p1a: Zapdos\n|\n|upkeep\n|\n|t:|1701141719\n|switch|p1a: Ditto|Ditto|100\/100\n|-damage|p1a: Ditto|88\/100|[from] Stealth Rock\n|-transform|p1a: Ditto|p2a: Iron Moth|[from] ability: Imposter\n|turn|17\n|\n|t:|1701141736\n|-end|p2a: Iron Moth|Quark Drive|[silent]\n|switch|p2a: Rotom|Rotom-Wash|58\/100\n|-damage|p2a: Rotom|46\/100|[from] Stealth Rock\n|move|p1a: Ditto|Energy Ball|p2a: Rotom\n|-supereffective|p2a: Rotom\n|-damage|p2a: Rotom|0 fnt\n|faint|p2a: Rotom\n|\n|upkeep\n|\n|t:|1701141739\n|switch|p2a: Zapdos|Zapdos, shiny|62\/100\n|turn|18\n|\n|t:|1701141749\n|-end|p1a: Ditto|Quark Drive|[silent]\n|switch|p1a: Tapu Lele|Tapu Lele|76\/100\n|-damage|p1a: Tapu Lele|63\/100|[from] Stealth Rock\n|-fieldstart|move: Psychic Terrain|[from] ability: Psychic Surge|[of] p1a: Tapu Lele\n|move|p2a: Zapdos|Hurricane|p1a: Tapu Lele\n|-damage|p1a: Tapu Lele|0 fnt\n|faint|p1a: Tapu Lele\n|\n|upkeep\n|\n|t:|1701141761\n|switch|p1a: Sneasler|Sneasler, F|100\/100\n|-damage|p1a: Sneasler|95\/100|[from] Stealth Rock\n|-enditem|p1a: Sneasler|Psychic Seed\n|-boost|p1a: Sneasler|spd|1|[from] item: Psychic Seed\n|turn|19\n|\n|t:|1701141769\n|-terastallize|p1a: Sneasler|Flying\n|move|p1a: Sneasler|Swords Dance|p1a: Sneasler\n|-boost|p1a: Sneasler|atk|2\n|move|p2a: Zapdos|Hurricane|p1a: Sneasler|[miss]\n|-miss|p2a: Zapdos|p1a: Sneasler\n|\n|upkeep\n|turn|20\n|\n|t:|1701141778\n|move|p1a: Sneasler|Dire Claw|p2a: Zapdos\n|-damage|p2a: Zapdos|0 fnt\n|faint|p2a: Zapdos\n|\n|upkeep\n|\n|t:|1701141782\n|switch|p2a: Garchomp|Garchomp, M|100\/100\n|-damage|p2a: Garchomp|94\/100|[from] Stealth Rock\n|turn|21\n|\n|t:|1701141787\n|move|p1a: Sneasler|Close Combat|p2a: Garchomp\n|-damage|p2a: Garchomp|10\/100\n|-unboost|p1a: Sneasler|def|1\n|-unboost|p1a: Sneasler|spd|1\n|-damage|p1a: Sneasler|82\/100|[from] ability: Rough Skin|[of] p2a: Garchomp\n|-damage|p1a: Sneasler|66\/100|[from] item: Rocky Helmet|[of] p2a: Garchomp\n|move|p2a: Garchomp|Dragon Tail|p1a: Sneasler\n|-damage|p1a: Sneasler|0 fnt\n|faint|p1a: Sneasler\n|\n|upkeep\n|\n|t:|1701141799\n|switch|p1a: Ditto|Ditto|88\/100\n|-damage|p1a: Ditto|76\/100|[from] Stealth Rock\n|-transform|p1a: Ditto|p2a: Garchomp|[from] ability: Imposter\n|turn|22\n|\n|t:|1701141820\n|move|p1a: Ditto|Earthquake|p2a: Garchomp\n|-crit|p2a: Garchomp\n|-damage|p2a: Garchomp|0 fnt\n|faint|p2a: Garchomp\n|\n|-fieldend|move: Psychic Terrain\n|upkeep\n|\n|t:|1701141823\n|switch|p2a: Iron Moth|Iron Moth, tera:Grass|88\/100\n|-damage|p2a: Iron Moth|76\/100|[from] Stealth Rock\n|turn|23\n|\n|t:|1701141833\n|move|p1a: Ditto|Earthquake|p2a: Iron Moth\n|-resisted|p2a: Iron Moth\n|-damage|p2a: Iron Moth|38\/100\n|move|p2a: Iron Moth|Dazzling Gleam|p1a: Ditto\n|-supereffective|p1a: Ditto\n|-damage|p1a: Ditto|0 fnt\n|faint|p1a: Ditto\n|\n|win|Lukexz\n|raw|pelipper111's rating: 1561 &rarr; <strong>1539<\/strong><br \/>(-22 for losing)\n|raw|Lukexz's rating: 1534 &rarr; <strong>1556<\/strong><br \/>(+22 for winning)\n|l|\u2606pelipper111\n","uploadtime":1701141866,"views":11,"p1id":"pelipper111","p2id":"lukexz","formatid":"gen9nationaldex","rating":1539,"private":0,"password":""}