{"id":"gen9nationaldex-1993822495","p1":"jdblissey","p2":"soriano2003","format":"[Gen 9] National Dex","log":"|j|\u2606jdblissey\n|j|\u2606soriano2003\n|t:|1700361586\n|gametype|singles\n|player|p1|jdblissey|cynthia-gen4|1059\n|player|p2|soriano2003|policeman-gen4|1031\n|teamsize|p1|6\n|teamsize|p2|6\n|gen|9\n|tier|[Gen 9] National Dex\n|rated|\n|rule|HP Percentage Mod: HP is shown in percentages\n|rule|Endless Battle Clause: Forcing endless battles is banned\n|rule|OHKO Clause: OHKO moves are banned\n|rule|Evasion Clause: Evasion abilities, items, and moves are banned\n|rule|Evasion Abilities Clause: Evasion abilities are banned\n|rule|Evasion Items Clause: Evasion items are banned\n|rule|Evasion Moves Clause: Evasion moves are banned\n|rule|Species Clause: Limit one of each Pok\u00e9mon\n|rule|Sleep Clause Mod: Limit one foe put to sleep\n|clearpoke\n|poke|p1|Serperior, F|\n|poke|p1|Reuniclus, F|\n|poke|p1|Volcarona, F|\n|poke|p1|Hydreigon, F|\n|poke|p1|Excadrill, F|\n|poke|p1|Conkeldurr, F|\n|poke|p2|Hatterene, F|\n|poke|p2|Gallade, M|\n|poke|p2|Jirachi|\n|poke|p2|Farigiraf, F|\n|poke|p2|Wobbuffet, F|\n|poke|p2|Braviary-Hisui, M|\n|teampreview\n|inactive|Battle timer is ON: inactive players will automatically lose when time's up. (requested by jdblissey)\n|\n|t:|1700361602\n|start\n|switch|p1a: Conkeldurr|Conkeldurr, F|100\/100\n|switch|p2a: Hatterene|Hatterene, F, shiny|100\/100\n|turn|1\n|\n|t:|1700361611\n|switch|p1a: Excadrill|Excadrill, F|100\/100\n|move|p2a: Hatterene|Calm Mind|p2a: Hatterene\n|-boost|p2a: Hatterene|spa|1\n|-boost|p2a: Hatterene|spd|1\n|\n|upkeep\n|turn|2\n|\n|t:|1700361619\n|move|p1a: Excadrill|Iron Head|p2a: Hatterene\n|-supereffective|p2a: Hatterene\n|-damage|p2a: Hatterene|25\/100\n|move|p2a: Hatterene|Mystical Fire|p1a: Excadrill\n|-supereffective|p1a: Excadrill\n|-damage|p1a: Excadrill|17\/100\n|-unboost|p1a: Excadrill|spa|1\n|\n|-heal|p2a: Hatterene|31\/100|[from] item: Leftovers\n|upkeep\n|turn|3\n|\n|t:|1700361635\n|switch|p2a: Jirachi|Jirachi|100\/100\n|move|p1a: Excadrill|Iron Head|p2a: Jirachi\n|-resisted|p2a: Jirachi\n|-damage|p2a: Jirachi|78\/100\n|\n|upkeep\n|turn|4\n|\n|t:|1700361642\n|move|p2a: Jirachi|Fire Punch|p1a: Excadrill\n|-supereffective|p1a: Excadrill\n|-damage|p1a: Excadrill|0 fnt\n|faint|p1a: Excadrill\n|\n|upkeep\n|\n|t:|1700361647\n|switch|p1a: Serperior|Serperior, F|100\/100\n|turn|5\n|\n|t:|1700361654\n|move|p1a: Serperior|Hidden Power|p2a: Jirachi\n|-supereffective|p2a: Jirachi\n|-damage|p2a: Jirachi|50\/100\n|-zpower|p2a: Jirachi\n|move|p2a: Jirachi|Corkscrew Crash|p1a: Serperior|[zeffect]\n|-damage|p1a: Serperior|22\/100\n|\n|-heal|p1a: Serperior|29\/100|[from] item: Leftovers\n|upkeep\n|turn|6\n|\n|t:|1700361665\n|move|p1a: Serperior|Leaf Storm|p2a: Jirachi\n|-resisted|p2a: Jirachi\n|-damage|p2a: Jirachi|30\/100\n|-boost|p1a: Serperior|spa|2\n|move|p2a: Jirachi|Fire Punch|p1a: Serperior\n|-supereffective|p1a: Serperior\n|-damage|p1a: Serperior|0 fnt\n|faint|p1a: Serperior\n|\n|upkeep\n|\n|t:|1700361670\n|switch|p1a: Volcarona|Volcarona, F|100\/100\n|turn|7\n|\n|t:|1700361680\n|move|p2a: Jirachi|Zen Headbutt|p1a: Volcarona\n|-damage|p1a: Volcarona|65\/100\n|-status|p2a: Jirachi|brn|[from] ability: Flame Body|[of] p1a: Volcarona\n|move|p1a: Volcarona|Flamethrower|p2a: Jirachi\n|-supereffective|p2a: Jirachi\n|-damage|p2a: Jirachi|0 fnt\n|faint|p2a: Jirachi\n|\n|upkeep\n|\n|t:|1700361699\n|switch|p2a: Braviary|Braviary-Hisui, M|100\/100\n|turn|8\n|\n|t:|1700361719\n|move|p1a: Volcarona|Quiver Dance|p1a: Volcarona\n|-boost|p1a: Volcarona|spa|1\n|-boost|p1a: Volcarona|spd|1\n|-boost|p1a: Volcarona|spe|1\n|move|p2a: Braviary|Agility|p2a: Braviary\n|-boost|p2a: Braviary|spe|2\n|\n|upkeep\n|turn|9\n|\n|t:|1700361727\n|move|p2a: Braviary|Hurricane|p1a: Volcarona\n|-supereffective|p1a: Volcarona\n|-damage|p1a: Volcarona|0 fnt\n|faint|p1a: Volcarona\n|\n|upkeep\n|\n|t:|1700361732\n|switch|p1a: Hydreigon|Hydreigon, F|100\/100\n|turn|10\n|\n|t:|1700361740\n|move|p2a: Braviary|Hurricane|p1a: Hydreigon\n|-damage|p1a: Hydreigon|8\/100\n|move|p1a: Hydreigon|Dark Pulse|p2a: Braviary\n|-supereffective|p2a: Braviary\n|-damage|p2a: Braviary|0 fnt\n|faint|p2a: Braviary\n|\n|upkeep\n|\n|t:|1700361752\n|switch|p2a: Hatterene|Hatterene, F, shiny|31\/100\n|turn|11\n|\n|t:|1700361756\n|move|p1a: Hydreigon|Dark Pulse|p2a: Hatterene\n|-damage|p2a: Hatterene|0 fnt\n|faint|p2a: Hatterene\n|\n|upkeep\n|\n|t:|1700361762\n|switch|p2a: Gallade|Gallade, M, shiny|100\/100\n|turn|12\n|\n|t:|1700361768\n|detailschange|p2a: Gallade|Gallade-Mega, M, shiny\n|-mega|p2a: Gallade|Gallade|Galladite\n|move|p1a: Hydreigon|Dark Pulse|p2a: Gallade\n|-damage|p2a: Gallade|54\/100\n|move|p2a: Gallade|Swords Dance|p2a: Gallade\n|-boost|p2a: Gallade|atk|2\n|\n|upkeep\n|turn|13\n|\n|t:|1700361776\n|move|p1a: Hydreigon|Dark Pulse|p2a: Gallade\n|-damage|p2a: Gallade|7\/100\n|move|p2a: Gallade|Drain Punch|p1a: Hydreigon\n|-supereffective|p1a: Hydreigon\n|-damage|p1a: Hydreigon|0 fnt\n|-heal|p2a: Gallade|11\/100|[from] drain|[of] p1a: Hydreigon\n|faint|p1a: Hydreigon\n|\n|upkeep\n|\n|t:|1700361785\n|switch|p1a: Reuniclus|Reuniclus, F|100\/100\n|turn|14\n|\n|t:|1700361798\n|move|p2a: Gallade|Knock Off|p1a: Reuniclus\n|-supereffective|p1a: Reuniclus\n|-damage|p1a: Reuniclus|0 fnt\n|-damage|p2a: Gallade|0 fnt|[from] item: Rocky Helmet|[of] p1a: Reuniclus\n|faint|p1a: Reuniclus\n|faint|p2a: Gallade\n|\n|upkeep\n|\n|t:|1700361808\n|switch|p2a: Farigiraf|Farigiraf, F|100\/100\n|switch|p1a: Conkeldurr|Conkeldurr, F|100\/100\n|turn|15\n|\n|t:|1700361817\n|move|p2a: Farigiraf|Agility|p2a: Farigiraf\n|-boost|p2a: Farigiraf|spe|2\n|move|p1a: Conkeldurr|Knock Off|p2a: Farigiraf\n|-supereffective|p2a: Farigiraf\n|-damage|p2a: Farigiraf|13\/100\n|-enditem|p2a: Farigiraf|Heavy-Duty Boots|[from] move: Knock Off|[of] p1a: Conkeldurr\n|\n|-status|p1a: Conkeldurr|brn|[from] item: Flame Orb\n|upkeep\n|turn|16\n|\n|t:|1700361827\n|move|p2a: Farigiraf|Stored Power|p1a: Conkeldurr\n|-supereffective|p1a: Conkeldurr\n|-crit|p1a: Conkeldurr\n|-damage|p1a: Conkeldurr|0 fnt\n|faint|p1a: Conkeldurr\n|\n|win|soriano2003\n|raw|jdblissey's rating: 1059 &rarr; <strong>1039<\/strong><br \/>(-20 for losing)\n|raw|soriano2003's rating: 1031 &rarr; <strong>1069<\/strong><br \/>(+38 for winning)\n|c|\u2606jdblissey|gg!\n|l|\u2606jdblissey\n","uploadtime":1700361839,"views":8,"p1id":"jdblissey","p2id":"soriano2003","formatid":"gen9nationaldex","rating":1039,"private":0,"password":""}