{"id":"gen9nationaldex-2000126892","p1":"wopowopo","p2":"daniel241595","format":"[Gen 9] National Dex","log":"|html|<div class=\"broadcast-blue\"><strong>[Gen 9] National Dex is currently suspecting Sneasler! For information on how to participate check out the <a href=\"https:\/\/www.smogon.com\/forums\/threads\/sv-national-dex-suspect-8-just-dance.3731534\/\">suspect thread<\/a>.<\/strong><\/div>\n|j|\u2606wopowopo\n|j|\u2606daniel241595\n|t:|1701159659\n|gametype|singles\n|player|p1|wopowopo|265|1534\n|player|p2|daniel241595|gambler|1439\n|teamsize|p1|6\n|teamsize|p2|6\n|gen|9\n|tier|[Gen 9] National Dex\n|rated|\n|rule|HP Percentage Mod: HP is shown in percentages\n|rule|Endless Battle Clause: Forcing endless battles is banned\n|rule|OHKO Clause: OHKO moves are banned\n|rule|Evasion Clause: Evasion abilities, items, and moves are banned\n|rule|Evasion Abilities Clause: Evasion abilities are banned\n|rule|Evasion Items Clause: Evasion items are banned\n|rule|Evasion Moves Clause: Evasion moves are banned\n|rule|Species Clause: Limit one of each Pok\u00e9mon\n|rule|Sleep Clause Mod: Limit one foe put to sleep\n|clearpoke\n|poke|p1|Zamazenta-*|\n|poke|p1|Garganacl, F|\n|poke|p1|Tapu Lele|\n|poke|p1|Ribombee, M|\n|poke|p1|Gardevoir, F|\n|poke|p1|Shuckle, F|\n|poke|p2|Arcanine, M|\n|poke|p2|Flygon, F|\n|poke|p2|Empoleon, M|\n|poke|p2|Eelektross, F|\n|poke|p2|Florges, F|\n|poke|p2|Kleavor, M|\n|teampreview\n|inactive|Battle timer is ON: inactive players will automatically lose when time's up. (requested by wopowopo)\n|\n|t:|1701159666\n|start\n|switch|p1a: Shuckle|Shuckle, F|100\/100\n|switch|p2a: Flygon|Flygon, F|100\/100\n|turn|1\n|inactive|wopowopo has 120 seconds left.\n|\n|t:|1701159700\n|move|p2a: Flygon|Dragon Dance|p2a: Flygon\n|-boost|p2a: Flygon|atk|1\n|-boost|p2a: Flygon|spe|1\n|move|p1a: Shuckle|Sticky Web|p2a: Flygon\n|-sidestart|p2: daniel241595|move: Sticky Web\n|\n|upkeep\n|turn|2\n|\n|t:|1701159703\n|move|p2a: Flygon|Dragon Dance|p2a: Flygon\n|-boost|p2a: Flygon|atk|1\n|-boost|p2a: Flygon|spe|1\n|move|p1a: Shuckle|Encore|p2a: Flygon\n|-start|p2a: Flygon|Encore\n|\n|upkeep\n|turn|3\n|\n|t:|1701159707\n|move|p2a: Flygon|Dragon Dance|p2a: Flygon\n|-boost|p2a: Flygon|atk|1\n|-boost|p2a: Flygon|spe|1\n|move|p1a: Shuckle|Stealth Rock|p2a: Flygon\n|-sidestart|p2: daniel241595|move: Stealth Rock\n|\n|upkeep\n|turn|4\n|\n|t:|1701159710\n|move|p2a: Flygon|Dragon Dance|p2a: Flygon\n|-boost|p2a: Flygon|atk|1\n|-boost|p2a: Flygon|spe|1\n|move|p1a: Shuckle|Knock Off|p2a: Flygon\n|-damage|p2a: Flygon|94\/100\n|-enditem|p2a: Flygon|Life Orb|[from] move: Knock Off|[of] p1a: Shuckle\n|\n|upkeep\n|turn|5\n|\n|t:|1701159723\n|switch|p1a: Gardevoir|Gardevoir, F|100\/100\n|-ability|p1a: Gardevoir|Levitate|[from] ability: Trace|[of] p2a: Flygon\n|move|p2a: Flygon|Dragon Dance|p2a: Flygon\n|-boost|p2a: Flygon|atk|1\n|-boost|p2a: Flygon|spe|1\n|\n|-end|p2a: Flygon|Encore\n|upkeep\n|turn|6\n|\n|t:|1701159737\n|move|p2a: Flygon|Dual Wingbeat|p1a: Gardevoir\n|-damage|p1a: Gardevoir|24\/100\n|-damage|p1a: Gardevoir|0 fnt\n|faint|p1a: Gardevoir\n|-hitcount|p1: Gardevoir|2\n|\n|upkeep\n|\n|t:|1701159742\n|switch|p1a: Shuckle|Shuckle, F|100\/100\n|turn|7\n|\n|t:|1701159745\n|move|p2a: Flygon|Earthquake|p1a: Shuckle\n|-damage|p1a: Shuckle|13\/100\n|move|p1a: Shuckle|Encore|p2a: Flygon\n|-start|p2a: Flygon|Encore\n|\n|-heal|p1a: Shuckle|19\/100|[from] item: Leftovers\n|upkeep\n|turn|8\n|\n|t:|1701159749\n|move|p2a: Flygon|Earthquake|p1a: Shuckle\n|-damage|p1a: Shuckle|0 fnt\n|faint|p1a: Shuckle\n|\n|upkeep\n|\n|t:|1701159753\n|switch|p1a: Ribombee|Ribombee, M|100\/100\n|turn|9\n|\n|t:|1701159764\n|switch|p2a: Empoleon|Empoleon, M|100\/100\n|-activate|p2a: Empoleon|move: Sticky Web\n|-unboost|p2a: Empoleon|spe|1\n|-ability|p2a: Empoleon|Competitive|boost\n|-boost|p2a: Empoleon|spa|2\n|-damage|p2a: Empoleon|94\/100|[from] Stealth Rock\n|move|p1a: Ribombee|Moonblast|p2a: Empoleon\n|-resisted|p2a: Empoleon\n|-damage|p2a: Empoleon|76\/100\n|\n|upkeep\n|turn|10\n|inactive|wopowopo has 120 seconds left.\n|\n|t:|1701159818\n|switch|p1a: \u9e92\u9e9f|Zamazenta|100\/100\n|-ability|p1a: \u9e92\u9e9f|Dauntless Shield|boost\n|-boost|p1a: \u9e92\u9e9f|def|1\n|move|p2a: Empoleon|Defog|p1a: \u9e92\u9e9f\n|-unboost|p1a: \u9e92\u9e9f|evasion|1\n|-sideend|p2: daniel241595|Stealth Rock|[from] move: Defog|[of] p2a: Empoleon\n|-sideend|p2: daniel241595|Sticky Web|[from] move: Defog|[of] p2a: Empoleon\n|\n|upkeep\n|turn|11\n|\n|t:|1701159827\n|-terastallize|p1a: \u9e92\u9e9f|Electric\n|-terastallize|p2a: Empoleon|Ghost\n|move|p1a: \u9e92\u9e9f|Body Press|p2a: Empoleon\n|-immune|p2a: Empoleon\n|move|p2a: Empoleon|Scald|p1a: \u9e92\u9e9f\n|-damage|p1a: \u9e92\u9e9f|49\/100\n|\n|-heal|p1a: \u9e92\u9e9f|55\/100|[from] item: Leftovers\n|upkeep\n|turn|12\n|\n|t:|1701159855\n|move|p1a: \u9e92\u9e9f|Crunch|p2a: Empoleon\n|-supereffective|p2a: Empoleon\n|-damage|p2a: Empoleon|45\/100\n|move|p2a: Empoleon|Scald|p1a: \u9e92\u9e9f\n|-damage|p1a: \u9e92\u9e9f|0 fnt\n|faint|p1a: \u9e92\u9e9f\n|\n|upkeep\n|\n|t:|1701159860\n|switch|p1a: Tapu Lele|Tapu Lele|100\/100\n|-fieldstart|move: Psychic Terrain|[from] ability: Psychic Surge|[of] p1a: Tapu Lele\n|turn|13\n|\n|t:|1701159876\n|switch|p2a: Eelektross|Eelektross, F|100\/100\n|move|p1a: Tapu Lele|Psychic|p2a: Eelektross\n|-damage|p2a: Eelektross|30\/100\n|\n|upkeep\n|turn|14\n|\n|t:|1701159882\n|move|p1a: Tapu Lele|Psychic|p2a: Eelektross\n|-damage|p2a: Eelektross|0 fnt\n|faint|p2a: Eelektross\n|\n|upkeep\n|\n|t:|1701159885\n|switch|p2a: Florges|Florges, F|100\/100\n|turn|15\n|\n|t:|1701159889\n|move|p1a: Tapu Lele|Psychic|p2a: Florges\n|-damage|p2a: Florges|35\/100\n|move|p2a: Florges|Moonblast|p1a: Tapu Lele\n|-damage|p1a: Tapu Lele|64\/100\n|\n|-heal|p2a: Florges|41\/100|[from] item: Leftovers\n|upkeep\n|turn|16\n|\n|t:|1701159899\n|move|p1a: Tapu Lele|Psychic|p2a: Florges\n|-damage|p2a: Florges|0 fnt\n|faint|p2a: Florges\n|\n|upkeep\n|\n|t:|1701159914\n|switch|p2a: Kleavor|Kleavor, M|100\/100\n|turn|17\n|\n|t:|1701159917\n|move|p2a: Kleavor|Stone Axe|p1a: Tapu Lele\n|-damage|p1a: Tapu Lele|0 fnt\n|-sidestart|p1: wopowopo|move: Stealth Rock\n|faint|p1a: Tapu Lele\n|\n|-fieldend|move: Psychic Terrain\n|upkeep\n|\n|t:|1701159922\n|switch|p1a: \u81ed\u77f3\u5934|Garganacl, F|100\/100\n|-damage|p1a: \u81ed\u77f3\u5934|88\/100|[from] Stealth Rock\n|turn|18\n|\n|t:|1701159934\n|switch|p2a: Flygon|Flygon, F|94\/100\n|move|p1a: \u81ed\u77f3\u5934|Iron Defense|p1a: \u81ed\u77f3\u5934\n|-boost|p1a: \u81ed\u77f3\u5934|def|2\n|\n|-heal|p1a: \u81ed\u77f3\u5934|94\/100|[from] item: Leftovers\n|upkeep\n|turn|19\n|\n|t:|1701159941\n|move|p2a: Flygon|Earthquake|p1a: \u81ed\u77f3\u5934\n|-supereffective|p1a: \u81ed\u77f3\u5934\n|-damage|p1a: \u81ed\u77f3\u5934|70\/100\n|move|p1a: \u81ed\u77f3\u5934|Iron Defense|p1a: \u81ed\u77f3\u5934\n|-boost|p1a: \u81ed\u77f3\u5934|def|2\n|\n|-heal|p1a: \u81ed\u77f3\u5934|76\/100|[from] item: Leftovers\n|upkeep\n|turn|20\n|\n|t:|1701159949\n|move|p2a: Flygon|Dragon Dance|p2a: Flygon\n|-boost|p2a: Flygon|atk|1\n|-boost|p2a: Flygon|spe|1\n|move|p1a: \u81ed\u77f3\u5934|Salt Cure|p2a: Flygon\n|-resisted|p2a: Flygon\n|-damage|p2a: Flygon|85\/100\n|-start|p2a: Flygon|Salt Cure\n|\n|-heal|p1a: \u81ed\u77f3\u5934|82\/100|[from] item: Leftovers\n|-damage|p2a: Flygon|73\/100|[from] Salt Cure\n|upkeep\n|turn|21\n|\n|t:|1701159952\n|move|p2a: Flygon|Dragon Dance|p2a: Flygon\n|-boost|p2a: Flygon|atk|1\n|-boost|p2a: Flygon|spe|1\n|move|p1a: \u81ed\u77f3\u5934|Iron Defense|p1a: \u81ed\u77f3\u5934\n|-boost|p1a: \u81ed\u77f3\u5934|def|2\n|\n|-heal|p1a: \u81ed\u77f3\u5934|89\/100|[from] item: Leftovers\n|-damage|p2a: Flygon|60\/100|[from] Salt Cure\n|upkeep\n|turn|22\n|\n|t:|1701159958\n|move|p2a: Flygon|Dragon Dance|p2a: Flygon\n|-boost|p2a: Flygon|atk|1\n|-boost|p2a: Flygon|spe|1\n|move|p1a: \u81ed\u77f3\u5934|Body Press|p2a: Flygon\n|-damage|p2a: Flygon|0 fnt\n|faint|p2a: Flygon\n|\n|-heal|p1a: \u81ed\u77f3\u5934|95\/100|[from] item: Leftovers\n|upkeep\n|l|\u2606daniel241595\n|inactive|daniel241595 disconnected and has a minute to reconnect!\n|player|p2|\n|j|\u2606daniel241595\n|inactive|daniel241595 reconnected and has 130 seconds left.\n|player|p2|daniel241595|gambler\n|\n|t:|1701159985\n|switch|p2a: Empoleon|Empoleon, M, tera:Ghost|45\/100\n|turn|23\n|\n|t:|1701160000\n|move|p2a: Empoleon|Roost|p2a: Empoleon\n|-heal|p2a: Empoleon|95\/100\n|move|p1a: \u81ed\u77f3\u5934|Salt Cure|p2a: Empoleon\n|-damage|p2a: Empoleon|85\/100\n|\n|-heal|p1a: \u81ed\u77f3\u5934|100\/100|[from] item: Leftovers\n|upkeep\n|turn|24\n|\n|t:|1701160006\n|switch|p1a: Ribombee|Ribombee, M|100\/100\n|-damage|p1a: Ribombee|76\/100|[from] Stealth Rock\n|move|p2a: Empoleon|Scald|p1a: Ribombee\n|-damage|p1a: Ribombee|26\/100\n|\n|upkeep\n|turn|25\n|\n|t:|1701160013\n|switch|p2a: Kleavor|Kleavor, M|100\/100\n|move|p1a: Ribombee|Moonblast|p2a: Kleavor\n|-damage|p2a: Kleavor|41\/100\n|\n|upkeep\n|turn|26\n|\n|t:|1701160029\n|switch|p1a: \u81ed\u77f3\u5934|Garganacl, F|100\/100\n|-damage|p1a: \u81ed\u77f3\u5934|88\/100|[from] Stealth Rock\n|move|p2a: Kleavor|U-turn|p1a: \u81ed\u77f3\u5934\n|-damage|p1a: \u81ed\u77f3\u5934|66\/100\n|\n|t:|1701160032\n|switch|p2a: Empoleon|Empoleon, M, tera:Ghost|85\/100|[from] U-turn\n|\n|-heal|p1a: \u81ed\u77f3\u5934|73\/100|[from] item: Leftovers\n|upkeep\n|turn|27\n|\n|t:|1701160037\n|move|p2a: Empoleon|Scald|p1a: \u81ed\u77f3\u5934\n|-supereffective|p1a: \u81ed\u77f3\u5934\n|-crit|p1a: \u81ed\u77f3\u5934\n|-damage|p1a: \u81ed\u77f3\u5934|0 fnt\n|faint|p1a: \u81ed\u77f3\u5934\n|\n|upkeep\n|-message|wopowopo forfeited.\n|\n|win|daniel241595\n|raw|wopowopo's rating: 1534 &rarr; <strong>1509<\/strong><br \/>(-25 for losing)\n|raw|daniel241595's rating: 1439 &rarr; <strong>1464<\/strong><br \/>(+25 for winning)\n|l|\u2606wopowopo\n","uploadtime":1701160050,"views":14,"p1id":"wopowopo","p2id":"daniel241595","formatid":"gen9nationaldex","rating":1464,"private":0,"password":""}