{"id":"gen9nationaldex-1995709552","p1":"MrLukis","p2":"Torrente777","format":"[Gen 9] National Dex","log":"|html|<div class=\"broadcast-blue\"><strong>[Gen 9] National Dex is currently suspecting Sneasler! For information on how to participate check out the <a href=\"https:\/\/www.smogon.com\/forums\/threads\/sv-national-dex-suspect-8-just-dance.3731534\/\">suspect thread<\/a>.<\/strong><\/div>\n|j|\u2606MrLukis\n|j|\u2606Torrente777\n|t:|1700595932\n|gametype|singles\n|player|p1|MrLukis|hugh|\n|player|p2|Torrente777|biker-gen4|\n|teamsize|p1|6\n|teamsize|p2|6\n|gen|9\n|tier|[Gen 9] National Dex\n|rule|HP Percentage Mod: HP is shown in percentages\n|rule|Endless Battle Clause: Forcing endless battles is banned\n|rule|OHKO Clause: OHKO moves are banned\n|rule|Evasion Clause: Evasion abilities, items, and moves are banned\n|rule|Evasion Abilities Clause: Evasion abilities are banned\n|rule|Evasion Items Clause: Evasion items are banned\n|rule|Evasion Moves Clause: Evasion moves are banned\n|rule|Species Clause: Limit one of each Pok\u00e9mon\n|rule|Sleep Clause Mod: Limit one foe put to sleep\n|clearpoke\n|poke|p1|Greninja-*, M|\n|poke|p1|Blastoise, F|\n|poke|p1|Staraptor, F|\n|poke|p1|Charizard, M|\n|poke|p1|Infernape, M|\n|poke|p1|Incineroar, M|\n|poke|p2|Revavroom, M|\n|poke|p2|Ceruledge, F|\n|poke|p2|Hoopa-Unbound|\n|poke|p2|Scolipede, F|\n|poke|p2|Hitmonlee, M|\n|poke|p2|Thundurus-Therian, M|\n|teampreview\n|inactive|Battle timer is ON: inactive players will automatically lose when time's up. (requested by MrLukis)\n|c|\u2606Torrente777|equipo omaiga\n|j| N1gth H03nn\n|c|\u2606MrLukis|y este chaval?\n|c|\u2606Torrente777|hpola N1ght\n|inactive|MrLukis has 270 seconds left.\n|\n|t:|1700595968\n|start\n|switch|p1a: Blastoise|Blastoise, F|100\/100\n|switch|p2a: Scolipede|Scolipede, F|100\/100\n|turn|1\n|\n|t:|1700595983\n|switch|p1a: Infernape|Infernape, M|100\/100\n|move|p2a: Scolipede|Swords Dance|p2a: Scolipede\n|-boost|p2a: Scolipede|atk|2\n|\n|-ability|p2a: Scolipede|Speed Boost|boost\n|-boost|p2a: Scolipede|spe|1\n|upkeep\n|turn|2\n|\n|t:|1700595992\n|move|p1a: Infernape|Fake Out|p2a: Scolipede\n|-damage|p2a: Scolipede|78\/100\n|-damage|p1a: Infernape|91\/100|[from] item: Life Orb\n|cant|p2a: Scolipede|flinch\n|\n|-ability|p2a: Scolipede|Speed Boost|boost\n|-boost|p2a: Scolipede|spe|1\n|upkeep\n|turn|3\n|\n|t:|1700595999\n|move|p2a: Scolipede|Earthquake|p1a: Infernape\n|-supereffective|p1a: Infernape\n|-damage|p1a: Infernape|0 fnt\n|faint|p1a: Infernape\n|\n|-ability|p2a: Scolipede|Speed Boost|boost\n|-boost|p2a: Scolipede|spe|1\n|upkeep\n|c|\u2606MrLukis|el scolipede asiatico!\n|\n|t:|1700596010\n|switch|p1a: Staraptor|Staraptor, F|100\/100\n|-ability|p1a: Staraptor|Intimidate|boost\n|-unboost|p2a: Scolipede|atk|1\n|turn|4\n|c|\u2606Torrente777|este scolipede comer chinos\n|\n|t:|1700596027\n|-zpower|p2a: Scolipede\n|move|p2a: Scolipede|Hydro Vortex|p1a: Staraptor|[zeffect]\n|-damage|p1a: Staraptor|0 fnt\n|faint|p1a: Staraptor\n|\n|-ability|p2a: Scolipede|Speed Boost|boost\n|-boost|p2a: Scolipede|spe|1\n|upkeep\n|\n|t:|1700596034\n|switch|p1a: Charizard|Charizard, M|100\/100\n|turn|5\n|\n|t:|1700596040\n|detailschange|p1a: Charizard|Charizard-Mega-Y, M\n|-mega|p1a: Charizard|Charizard|Charizardite Y\n|-weather|SunnyDay|[from] ability: Drought|[of] p1a: Charizard\n|move|p2a: Scolipede|Aqua Tail|p1a: Charizard\n|-supereffective|p1a: Charizard\n|-damage|p1a: Charizard|45\/100\n|move|p1a: Charizard|Fire Blast|p2a: Scolipede\n|-supereffective|p2a: Scolipede\n|-damage|p2a: Scolipede|0 fnt\n|faint|p2a: Scolipede\n|\n|-weather|SunnyDay|[upkeep]\n|upkeep\n|c|\u2606Torrente777|lo hicieron a la parrilla chale\n|c|\u2606MrLukis|esas coberturas que\n|\n|t:|1700596058\n|switch|p2a: Hitmonlee|Hitmonlee, M|100\/100\n|turn|6\n|\n|t:|1700596067\n|move|p1a: Charizard|Dragon Pulse|p2a: Hitmonlee\n|-damage|p2a: Hitmonlee|52\/100\n|move|p2a: Hitmonlee|Reversal|p1a: Charizard\n|-resisted|p1a: Charizard\n|-crit|p1a: Charizard\n|-damage|p1a: Charizard|23\/100\n|\n|-weather|SunnyDay|[upkeep]\n|upkeep\n|turn|7\n|\n|t:|1700596077\n|move|p2a: Hitmonlee|Endure|p2a: Hitmonlee\n|-singleturn|p2a: Hitmonlee|move: Endure\n|move|p1a: Charizard|Fire Blast|p2a: Hitmonlee|[miss]\n|-miss|p1a: Charizard|p2a: Hitmonlee\n|\n|-weather|SunnyDay|[upkeep]\n|upkeep\n|turn|8\n|c|\u2606MrLukis|empezamos fuerte\n|\n|t:|1700596089\n|move|p2a: Hitmonlee|Endure||[still]\n|-fail|p2a: Hitmonlee\n|move|p1a: Charizard|Fire Blast|p2a: Hitmonlee\n|-damage|p2a: Hitmonlee|0 fnt\n|faint|p2a: Hitmonlee\n|\n|-weather|SunnyDay|[upkeep]\n|upkeep\n|c|\u2606MrLukis|muchisimas gracias rng\n|c|\u2606Torrente777|el poder de la amistad\n|\n|t:|1700596109\n|switch|p2a: Hoopa|Hoopa-Unbound|100\/100\n|turn|9\n|\n|t:|1700596123\n|switch|p1a: Blastoise|Blastoise, F|100\/100\n|move|p2a: Hoopa|Dark Pulse|p1a: Blastoise\n|-damage|p1a: Blastoise|71\/100\n|\n|-weather|none\n|upkeep\n|turn|10\n|c|\u2606MrLukis|el omega eam no tiene buenas coberturas\n|\n|t:|1700596135\n|switch|p2a: Thundurus|Thundurus-Therian, M, shiny|100\/100\n|move|p1a: Blastoise|Hydro Cannon|p2a: Thundurus|[miss]\n|-miss|p1a: Blastoise|p2a: Thundurus\n|\n|upkeep\n|turn|11\n|c|\u2606Torrente777|grax rng\n|\n|t:|1700596148\n|move|p2a: Thundurus|Thunderbolt|p1a: Blastoise\n|-supereffective|p1a: Blastoise\n|-damage|p1a: Blastoise|0 fnt\n|faint|p1a: Blastoise\n|\n|upkeep\n|\n|t:|1700596150\n|switch|p1a: Incineroar|Incineroar, M|100\/100\n|-ability|p1a: Incineroar|Intimidate|boost\n|-unboost|p2a: Thundurus|atk|1\n|turn|12\n|\n|t:|1700596157\n|move|p2a: Thundurus|Focus Blast|p1a: Incineroar\n|-supereffective|p1a: Incineroar\n|-damage|p1a: Incineroar|0 fnt\n|faint|p1a: Incineroar\n|\n|upkeep\n|\n|t:|1700596160\n|switch|p1a: Greninja|Greninja, M|100\/100\n|turn|13\n|c|\u2606Torrente777|when pov nadie\n|c|\u2606Torrente777|when el que dicen que es mejor inicial de fuego y muere as\u00ed\n|\n|t:|1700596175\n|move|p1a: Greninja|Ice Beam|p2a: Thundurus\n|-supereffective|p2a: Thundurus\n|-damage|p2a: Thundurus|28\/100\n|move|p2a: Thundurus|Thunderbolt|p1a: Greninja\n|-supereffective|p1a: Greninja\n|-enditem|p1a: Greninja|Focus Sash\n|-damage|p1a: Greninja|1\/100\n|\n|upkeep\n|turn|14\n|\n|t:|1700596184\n|switch|p2a: Carricoche|Revavroom, M, shiny|100\/100\n|move|p1a: Greninja|Ice Beam|p2a: Carricoche\n|-resisted|p2a: Carricoche\n|-damage|p2a: Carricoche|79\/100\n|\n|upkeep\n|turn|15\n|c|\u2606MrLukis|el mejor no era blaziken?\n|\n|t:|1700596191\n|move|p1a: Greninja|Hydro Pump|p2a: Carricoche\n|-damage|p2a: Carricoche|2\/100\n|move|p2a: Carricoche|Shift Gear|p2a: Carricoche\n|-boost|p2a: Carricoche|spe|2\n|-boost|p2a: Carricoche|atk|1\n|\n|upkeep\n|turn|16\n|c|\u2606Torrente777|hay gente rara q dice que es incineroar\n|\n|t:|1700596206\n|move|p1a: Greninja|Water Shuriken|p2a: Carricoche\n|-damage|p2a: Carricoche|0 fnt\n|faint|p2a: Carricoche\n|-ability|p1a: Greninja|Battle Bond|boost\n|-boost|p1a: Greninja|atk|1\n|-boost|p1a: Greninja|spa|1\n|-boost|p1a: Greninja|spe|1\n|-activate|p1a: Greninja|ability: Battle Bond\n|-hitcount|p2: Carricoche|1\n|\n|upkeep\n|c|\u2606MrLukis|creo que incineroar va m\u00e1s pa dobles\n|c|\u2606Torrente777|como m\u00e1s r\u00e1pido\n|\n|t:|1700596220\n|switch|p2a: Ceruledge|Ceruledge, F|100\/100\n|turn|17\n|c|\u2606MrLukis|si\n|\n|t:|1700596230\n|move|p1a: Greninja|Dark Pulse|p2a: Ceruledge\n|-supereffective|p2a: Ceruledge\n|-enditem|p2a: Ceruledge|Focus Sash\n|-damage|p2a: Ceruledge|1\/100\n|move|p2a: Ceruledge|Bitter Blade|p1a: Greninja\n|-resisted|p1a: Greninja\n|-damage|p1a: Greninja|0 fnt\n|-heal|p2a: Ceruledge|1\/100|[from] drain|[of] p1a: Greninja\n|faint|p1a: Greninja\n|\n|upkeep\n|\n|t:|1700596236\n|switch|p1a: Charizard|Charizard-Mega-Y, M|23\/100\n|-weather|SunnyDay|[from] ability: Drought|[of] p1a: Charizard\n|turn|18\n|c|\u2606MrLukis|el thundurs ha carrileado\n|c|\u2606MrLukis|no leo lloros\n|\n|t:|1700596245\n|move|p1a: Charizard|Dragon Pulse|p2a: Ceruledge\n|-damage|p2a: Ceruledge|0 fnt\n|faint|p2a: Ceruledge\n|\n|-weather|SunnyDay|[upkeep]\n|upkeep\n|\n|t:|1700596251\n|switch|p2a: Thundurus|Thundurus-Therian, M, shiny|28\/100\n|turn|19\n|\n|t:|1700596254\n|move|p2a: Thundurus|Thunderbolt|p1a: Charizard\n|-supereffective|p1a: Charizard\n|-damage|p1a: Charizard|0 fnt\n|faint|p1a: Charizard\n|\n|win|Torrente777\n|c|\u2606Torrente777|y la lombriz asi\u00e1tica\n|c|\u2606MrLukis|no me gusta el omega team\n","uploadtime":1700596264,"views":3,"p1id":"mrlukis","p2id":"torrente777","formatid":"gen9nationaldex","rating":0,"private":0,"password":""}