{"id":"gen9nationaldex-1999566313","p1":"Chili D Dewd","p2":"xxxx54xxxx","format":"[Gen 9] National Dex","log":"|html|<div class=\"broadcast-blue\"><strong>[Gen 9] National Dex is currently suspecting Sneasler! For information on how to participate check out the <a href=\"https:\/\/www.smogon.com\/forums\/threads\/sv-national-dex-suspect-8-just-dance.3731534\/\">suspect thread<\/a>.<\/strong><\/div>\n|j|\u2606Chili D Dewd\n|j|\u2606xxxx54xxxx\n|t:|1701096794\n|gametype|singles\n|player|p1|Chili D Dewd|flint|1449\n|player|p2|xxxx54xxxx|102|1401\n|teamsize|p1|6\n|teamsize|p2|6\n|gen|9\n|tier|[Gen 9] National Dex\n|rated|\n|rule|HP Percentage Mod: HP is shown in percentages\n|rule|Endless Battle Clause: Forcing endless battles is banned\n|rule|OHKO Clause: OHKO moves are banned\n|rule|Evasion Clause: Evasion abilities, items, and moves are banned\n|rule|Evasion Abilities Clause: Evasion abilities are banned\n|rule|Evasion Items Clause: Evasion items are banned\n|rule|Evasion Moves Clause: Evasion moves are banned\n|rule|Species Clause: Limit one of each Pok\u00e9mon\n|rule|Sleep Clause Mod: Limit one foe put to sleep\n|clearpoke\n|poke|p1|Skeledirge, M|\n|poke|p1|Gliscor, F|\n|poke|p1|Empoleon, F|\n|poke|p1|Lopunny, M|\n|poke|p1|Skarmory, F|\n|poke|p1|Sylveon, F|\n|poke|p2|Mawile, M|\n|poke|p2|Marowak-Alola, M|\n|poke|p2|Hatterene, F|\n|poke|p2|Cresselia, F|\n|poke|p2|Porygon2|\n|poke|p2|Ursaluna, M|\n|teampreview\n|inactive|Battle timer is ON: inactive players will automatically lose when time's up. (requested by xxxx54xxxx)\n|\n|t:|1701096801\n|start\n|switch|p1a: Lopunny|Lopunny, M|100\/100\n|switch|p2a: Hatterene|Hatterene, F|100\/100\n|turn|1\n|\n|t:|1701096819\n|switch|p2a: Cresselia|Cresselia, F|100\/100\n|detailschange|p1a: Lopunny|Lopunny-Mega, M\n|-mega|p1a: Lopunny|Lopunny|Lopunnite\n|move|p1a: Lopunny|Fake Out|p2a: Cresselia\n|-damage|p2a: Cresselia|89\/100\n|\n|upkeep\n|turn|2\n|\n|t:|1701096824\n|switch|p1a: Gliscor|Gliscor, F|100\/100\n|move|p2a: Cresselia|Trick Room|p2a: Cresselia\n|-fieldstart|move: Trick Room|[of] p2a: Cresselia\n|\n|-status|p1a: Gliscor|tox|[from] item: Toxic Orb\n|upkeep\n|turn|3\n|\n|t:|1701096827\n|move|p2a: Cresselia|Ice Beam|p1a: Gliscor\n|-supereffective|p1a: Gliscor\n|-damage|p1a: Gliscor|43\/100 tox\n|move|p1a: Gliscor|Stealth Rock|p2a: Cresselia\n|-sidestart|p2: xxxx54xxxx|move: Stealth Rock\n|\n|-heal|p1a: Gliscor|55\/100 tox|[from] ability: Poison Heal\n|upkeep\n|turn|4\n|\n|t:|1701096836\n|switch|p1a: Sylveon|Sylveon, F|100\/100\n|move|p2a: Cresselia|Lunar Dance|p2a: Cresselia\n|faint|p2a: Cresselia\n|\n|upkeep\n|\n|t:|1701096848\n|switch|p2a: Mawile|Mawile, M|100\/100\n|-damage|p2a: Mawile|95\/100|[from] Stealth Rock\n|-ability|p2a: Mawile|Intimidate|boost\n|-unboost|p1a: Sylveon|atk|1\n|turn|5\n|\n|t:|1701096859\n|switch|p1a: Skarmory|Skarmory, F|100\/100\n|detailschange|p2a: Mawile|Mawile-Mega, M\n|-mega|p2a: Mawile|Mawile|Mawilite\n|move|p2a: Mawile|Fire Fang|p1a: Skarmory\n|-supereffective|p1a: Skarmory\n|-damage|p1a: Skarmory|47\/100\n|-damage|p2a: Mawile|78\/100|[from] item: Rocky Helmet|[of] p1a: Skarmory\n|\n|upkeep\n|turn|6\n|\n|t:|1701096872\n|switch|p1a: Sylveon|Sylveon, F|100\/100\n|move|p2a: Mawile|Ice Punch|p1a: Sylveon\n|-damage|p1a: Sylveon|37\/100\n|\n|-heal|p1a: Sylveon|43\/100|[from] item: Leftovers\n|-fieldend|move: Trick Room\n|upkeep\n|turn|7\n|\n|t:|1701096887\n|move|p2a: Mawile|Sucker Punch||[still]\n|-fail|p2a: Mawile\n|move|p1a: Sylveon|Wish|p1a: Sylveon\n|\n|-heal|p1a: Sylveon|49\/100|[from] item: Leftovers\n|upkeep\n|turn|8\n|\n|t:|1701096904\n|move|p1a: Sylveon|Hyper Voice|p2a: Mawile\n|-resisted|p2a: Mawile\n|-damage|p2a: Mawile|54\/100\n|move|p2a: Mawile|Play Rough|p1a: Sylveon\n|-damage|p1a: Sylveon|0 fnt\n|faint|p1a: Sylveon\n|\n|upkeep\n|\n|t:|1701096908\n|switch|p1a: Skeledirge|Skeledirge, M|100\/100\n|turn|9\n|\n|t:|1701096917\n|switch|p2a: Hatterene|Hatterene, F|100\/100\n|-damage|p2a: Hatterene|88\/100|[from] Stealth Rock\n|move|p1a: Skeledirge|Will-O-Wisp|p2a: Hatterene\n|move|p2a: Hatterene|Will-O-Wisp|p1a: Skeledirge|[from]ability: Magic Bounce|[miss]\n|-miss|p2a: Hatterene|p1a: Skeledirge\n|\n|upkeep\n|turn|10\n|\n|t:|1701096923\n|move|p1a: Skeledirge|Torch Song|p2a: Hatterene\n|-damage|p2a: Hatterene|59\/100\n|-boost|p1a: Skeledirge|spa|1\n|move|p2a: Hatterene|Trick Room|p2a: Hatterene\n|-fieldstart|move: Trick Room|[of] p2a: Hatterene\n|\n|upkeep\n|turn|11\n|\n|t:|1701096931\n|switch|p2a: Marowak|Marowak-Alola, M|100\/100\n|-damage|p2a: Marowak|75\/100|[from] Stealth Rock\n|switch|p1a: Empoleon|Empoleon, F|100\/100\n|\n|upkeep\n|turn|12\n|\n|t:|1701096941\n|move|p2a: Marowak|Low Kick|p1a: Empoleon\n|-supereffective|p1a: Empoleon\n|-damage|p1a: Empoleon|9\/100\n|move|p1a: Empoleon|Scald|p2a: Marowak\n|-supereffective|p2a: Marowak\n|-damage|p2a: Marowak|0 fnt\n|faint|p2a: Marowak\n|\n|-heal|p1a: Empoleon|15\/100|[from] item: Leftovers\n|upkeep\n|\n|t:|1701096945\n|switch|p2a: Mawile|Mawile-Mega, M|54\/100\n|-heal|p2a: Mawile|100\/100|[from] move: Lunar Dance\n|-damage|p2a: Mawile|95\/100|[from] Stealth Rock\n|turn|13\n|\n|t:|1701096954\n|move|p2a: Mawile|Play Rough|p1a: Empoleon\n|-resisted|p1a: Empoleon\n|-damage|p1a: Empoleon|0 fnt\n|faint|p1a: Empoleon\n|\n|upkeep\n|\n|t:|1701096957\n|switch|p1a: Lopunny|Lopunny-Mega, M|100\/100\n|turn|14\n|\n|t:|1701096961\n|move|p1a: Lopunny|Fake Out|p2a: Mawile\n|-resisted|p2a: Mawile\n|-damage|p2a: Mawile|84\/100\n|cant|p2a: Mawile|flinch\n|\n|-fieldend|move: Trick Room\n|upkeep\n|turn|15\n|\n|t:|1701096966\n|switch|p1a: Skarmory|Skarmory, F|47\/100\n|switch|p2a: Hatterene|Hatterene, F|59\/100\n|-damage|p2a: Hatterene|47\/100|[from] Stealth Rock\n|\n|upkeep\n|turn|16\n|\n|t:|1701096973\n|move|p1a: Skarmory|Roost|p1a: Skarmory\n|-heal|p1a: Skarmory|97\/100\n|-singleturn|p1a: Skarmory|move: Roost\n|move|p2a: Hatterene|Trick Room|p2a: Hatterene\n|-fieldstart|move: Trick Room|[of] p2a: Hatterene\n|\n|upkeep\n|turn|17\n|\n|t:|1701096976\n|move|p2a: Hatterene|Mystical Fire|p1a: Skarmory\n|-supereffective|p1a: Skarmory\n|-damage|p1a: Skarmory|16\/100\n|-unboost|p1a: Skarmory|spa|1\n|move|p1a: Skarmory|Body Press|p2a: Hatterene\n|-resisted|p2a: Hatterene\n|-damage|p2a: Hatterene|38\/100\n|\n|upkeep\n|turn|18\n|\n|t:|1701096991\n|switch|p2a: Mawile|Mawile-Mega, M|84\/100\n|-damage|p2a: Mawile|78\/100|[from] Stealth Rock\n|move|p1a: Skarmory|Roost|p1a: Skarmory\n|-heal|p1a: Skarmory|66\/100\n|-singleturn|p1a: Skarmory|move: Roost\n|\n|upkeep\n|turn|19\n|\n|t:|1701097002\n|move|p2a: Mawile|Fire Fang|p1a: Skarmory\n|-supereffective|p1a: Skarmory\n|-damage|p1a: Skarmory|18\/100\n|-damage|p2a: Mawile|62\/100|[from] item: Rocky Helmet|[of] p1a: Skarmory\n|move|p1a: Skarmory|Roost|p1a: Skarmory\n|-heal|p1a: Skarmory|68\/100\n|-singleturn|p1a: Skarmory|move: Roost\n|\n|upkeep\n|turn|20\n|\n|t:|1701097012\n|move|p2a: Mawile|Fire Fang|p1a: Skarmory\n|-supereffective|p1a: Skarmory\n|-damage|p1a: Skarmory|11\/100\n|-damage|p2a: Mawile|45\/100|[from] item: Rocky Helmet|[of] p1a: Skarmory\n|move|p1a: Skarmory|Body Press|p2a: Mawile\n|-damage|p2a: Mawile|19\/100\n|\n|-fieldend|move: Trick Room\n|upkeep\n|turn|21\n|\n|t:|1701097018\n|switch|p2a: Hatterene|Hatterene, F|38\/100\n|-damage|p2a: Hatterene|25\/100|[from] Stealth Rock\n|move|p1a: Skarmory|Roost|p1a: Skarmory\n|-heal|p1a: Skarmory|61\/100\n|-singleturn|p1a: Skarmory|move: Roost\n|\n|upkeep\n|turn|22\n|\n|t:|1701097022\n|move|p1a: Skarmory|Body Press|p2a: Hatterene\n|-resisted|p2a: Hatterene\n|-damage|p2a: Hatterene|17\/100\n|move|p2a: Hatterene|Trick Room|p2a: Hatterene\n|-fieldstart|move: Trick Room|[of] p2a: Hatterene\n|\n|upkeep\n|turn|23\n|\n|t:|1701097029\n|switch|p1a: Lopunny|Lopunny-Mega, M|100\/100\n|move|p2a: Hatterene|Mystical Fire|p1a: Lopunny\n|-damage|p1a: Lopunny|61\/100\n|-unboost|p1a: Lopunny|spa|1\n|\n|upkeep\n|turn|24\n|\n|t:|1701097036\n|move|p1a: Lopunny|Fake Out|p2a: Hatterene\n|-damage|p2a: Hatterene|0 fnt\n|faint|p2a: Hatterene\n|\n|upkeep\n|\n|t:|1701097040\n|switch|p2a: Mawile|Mawile-Mega, M|19\/100\n|-damage|p2a: Mawile|13\/100|[from] Stealth Rock\n|turn|25\n|\n|t:|1701097044\n|switch|p1a: Skarmory|Skarmory, F|61\/100\n|move|p2a: Mawile|Sucker Punch||[still]\n|-fail|p2a: Mawile\n|\n|upkeep\n|turn|26\n|\n|t:|1701097047\n|move|p2a: Mawile|Fire Fang|p1a: Skarmory\n|-supereffective|p1a: Skarmory\n|-damage|p1a: Skarmory|3\/100\n|-damage|p2a: Mawile|0 fnt|[from] item: Rocky Helmet|[of] p1a: Skarmory\n|faint|p2a: Mawile\n|move|p1a: Skarmory|Roost|p1a: Skarmory\n|-heal|p1a: Skarmory|53\/100\n|-singleturn|p1a: Skarmory|move: Roost\n|\n|-fieldend|move: Trick Room\n|upkeep\n|\n|t:|1701097050\n|switch|p2a: Porygon2|Porygon2|100\/100\n|-damage|p2a: Porygon2|88\/100|[from] Stealth Rock\n|-ability|p2a: Porygon2|Sturdy|[from] ability: Trace|[of] p1a: Skarmory\n|turn|27\n|\n|t:|1701097053\n|switch|p2a: Ursaluna|Ursaluna, M|100\/100\n|-damage|p2a: Ursaluna|94\/100|[from] Stealth Rock\n|move|p1a: Skarmory|Iron Defense|p1a: Skarmory\n|-boost|p1a: Skarmory|def|2\n|\n|-status|p2a: Ursaluna|brn|[from] item: Flame Orb\n|upkeep\n|turn|28\n|\n|t:|1701097057\n|move|p1a: Skarmory|Roost|p1a: Skarmory\n|-heal|p1a: Skarmory|100\/100\n|-singleturn|p1a: Skarmory|move: Roost\n|move|p2a: Ursaluna|Swords Dance|p2a: Ursaluna\n|-boost|p2a: Ursaluna|atk|2\n|\n|-damage|p2a: Ursaluna|88\/100 brn|[from] brn\n|upkeep\n|turn|29\n|\n|t:|1701097061\n|move|p1a: Skarmory|Iron Defense|p1a: Skarmory\n|-boost|p1a: Skarmory|def|2\n|move|p2a: Ursaluna|Fire Punch|p1a: Skarmory\n|-supereffective|p1a: Skarmory\n|-damage|p1a: Skarmory|64\/100\n|-damage|p2a: Ursaluna|72\/100 brn|[from] item: Rocky Helmet|[of] p1a: Skarmory\n|\n|-damage|p2a: Ursaluna|66\/100 brn|[from] brn\n|upkeep\n|turn|30\n|\n|t:|1701097063\n|move|p1a: Skarmory|Iron Defense|p1a: Skarmory\n|-boost|p1a: Skarmory|def|2\n|move|p2a: Ursaluna|Swords Dance|p2a: Ursaluna\n|-boost|p2a: Ursaluna|atk|2\n|\n|-damage|p2a: Ursaluna|60\/100 brn|[from] brn\n|upkeep\n|turn|31\n|\n|t:|1701097065\n|move|p1a: Skarmory|Roost|p1a: Skarmory\n|-heal|p1a: Skarmory|100\/100\n|-singleturn|p1a: Skarmory|move: Roost\n|move|p2a: Ursaluna|Swords Dance|p2a: Ursaluna\n|-boost|p2a: Ursaluna|atk|2\n|\n|-damage|p2a: Ursaluna|54\/100 brn|[from] brn\n|upkeep\n|turn|32\n|\n|t:|1701097074\n|move|p1a: Skarmory|Body Press|p2a: Ursaluna\n|-supereffective|p2a: Ursaluna\n|-damage|p2a: Ursaluna|0 fnt\n|faint|p2a: Ursaluna\n|\n|upkeep\n|c|\u2606Chili D Dewd|Gg\n|-message|xxxx54xxxx forfeited.\n|\n|win|Chili D Dewd\n|raw|Chili D Dewd's rating: 1449 &rarr; <strong>1466<\/strong><br \/>(+17 for winning)\n|raw|xxxx54xxxx's rating: 1401 &rarr; <strong>1384<\/strong><br \/>(-17 for losing)\n|l|\u2606xxxx54xxxx\n","uploadtime":1701097088,"views":1,"p1id":"chiliddewd","p2id":"xxxx54xxxx","formatid":"gen9nationaldex","rating":1384,"private":0,"password":""}