{"id":"gen9nationaldex-2000629095","p1":"swordfish7171","p2":"Leviatan4","format":"[Gen 9] National Dex","log":"|html|<div class=\"broadcast-blue\"><strong>[Gen 9] National Dex is currently suspecting Sneasler! For information on how to participate check out the <a href=\"https:\/\/www.smogon.com\/forums\/threads\/sv-national-dex-suspect-8-just-dance.3731534\/\">suspect thread<\/a>.<\/strong><\/div>\n|j|\u203dswordfish7171\n|j|\u2606Leviatan4\n|t:|1701212219\n|gametype|singles\n|player|p1|swordfish7171|265|1085\n|player|p2|Leviatan4|scientist-gen4dp|1147\n|teamsize|p1|6\n|teamsize|p2|6\n|gen|9\n|tier|[Gen 9] National Dex\n|rated|\n|rule|HP Percentage Mod: HP is shown in percentages\n|rule|Endless Battle Clause: Forcing endless battles is banned\n|rule|OHKO Clause: OHKO moves are banned\n|rule|Evasion Clause: Evasion abilities, items, and moves are banned\n|rule|Evasion Abilities Clause: Evasion abilities are banned\n|rule|Evasion Items Clause: Evasion items are banned\n|rule|Evasion Moves Clause: Evasion moves are banned\n|rule|Species Clause: Limit one of each Pok\u00e9mon\n|rule|Sleep Clause Mod: Limit one foe put to sleep\n|clearpoke\n|poke|p1|Pidgeot, F|\n|poke|p1|Gliscor, M|\n|poke|p1|Quaquaval, M|\n|poke|p1|Clefable, M|\n|poke|p1|Ditto|\n|poke|p1|Mimikyu, F|\n|poke|p2|Volcarona, M|\n|poke|p2|Amoonguss, M|\n|poke|p2|Conkeldurr, F|\n|poke|p2|Thundurus, M|\n|poke|p2|Ferrothorn, F|\n|poke|p2|Landorus-Therian, M|\n|teampreview\n|inactive|Battle timer is ON: inactive players will automatically lose when time's up. (requested by swordfish7171)\n|c|\u2606Leviatan4|Ditto...\n|\n|t:|1701212241\n|start\n|switch|p1a: Gliscor|Gliscor, M|100\/100\n|switch|p2a: Ferrothorn|Ferrothorn, F|100\/100\n|turn|1\n|\n|t:|1701212264\n|move|p1a: Gliscor|Toxic Spikes|p2a: Ferrothorn\n|-sidestart|p2: Leviatan4|move: Toxic Spikes\n|move|p2a: Ferrothorn|Leech Seed|p1a: Gliscor\n|-start|p1a: Gliscor|move: Leech Seed\n|\n|-damage|p1a: Gliscor|88\/100|[from] Leech Seed|[of] p2a: Ferrothorn\n|-status|p1a: Gliscor|tox|[from] item: Toxic Orb\n|upkeep\n|turn|2\n|\n|t:|1701212274\n|move|p1a: Gliscor|Stealth Rock|p2a: Ferrothorn\n|-sidestart|p2: Leviatan4|move: Stealth Rock\n|move|p2a: Ferrothorn|Spikes|p1a: Gliscor\n|-sidestart|p1: swordfish7171|Spikes\n|\n|-damage|p1a: Gliscor|76\/100 tox|[from] Leech Seed|[of] p2a: Ferrothorn\n|-heal|p1a: Gliscor|88\/100 tox|[from] ability: Poison Heal\n|upkeep\n|turn|3\n|\n|t:|1701212292\n|switch|p1a: Pidgeot|Pidgeot, F|100\/100\n|move|p2a: Ferrothorn|Gyro Ball|p1a: Pidgeot\n|-damage|p1a: Pidgeot|28\/100\n|\n|upkeep\n|turn|4\n|\n|t:|1701212301\n|detailschange|p1a: Pidgeot|Pidgeot-Mega, F\n|-mega|p1a: Pidgeot|Pidgeot|Pidgeotite\n|move|p1a: Pidgeot|Heat Wave|p2a: Ferrothorn\n|-supereffective|p2a: Ferrothorn\n|-damage|p2a: Ferrothorn|0 fnt\n|faint|p2a: Ferrothorn\n|\n|upkeep\n|\n|t:|1701212320\n|switch|p2a: Landorus|Landorus-Therian, M|100\/100\n|-damage|p2a: Landorus|88\/100|[from] Stealth Rock\n|-ability|p2a: Landorus|Intimidate|boost\n|-unboost|p1a: Pidgeot|atk|1\n|turn|5\n|\n|t:|1701212335\n|switch|p1a: Gliscor|Gliscor, M|88\/100 tox\n|move|p2a: Landorus|U-turn|p1a: Gliscor\n|-resisted|p1a: Gliscor\n|-damage|p1a: Gliscor|78\/100 tox\n|\n|t:|1701212343\n|switch|p2a: Conkeldurr|Conkeldurr, F|100\/100|[from] U-turn\n|-status|p2a: Conkeldurr|psn\n|-damage|p2a: Conkeldurr|94\/100 psn|[from] Stealth Rock\n|\n|-heal|p1a: Gliscor|91\/100 tox|[from] ability: Poison Heal\n|-damage|p2a: Conkeldurr|82\/100 psn|[from] psn\n|upkeep\n|turn|6\n|\n|t:|1701212357\n|switch|p1a: Mimikyu|Mimikyu, F|100\/100\n|-damage|p1a: Mimikyu|88\/100|[from] Spikes\n|-terastallize|p2a: Conkeldurr|Fighting\n|move|p2a: Conkeldurr|Ice Punch|p1a: Mimikyu\n|-activate|p1a: Mimikyu|ability: Disguise\n|-damage|p1a: Mimikyu|88\/100\n|detailschange|p1a: Mimikyu|Mimikyu-Busted, F\n|-damage|p1a: Mimikyu|76\/100|[from] pokemon: Mimikyu-Busted\n|\n|-damage|p2a: Conkeldurr|70\/100 psn|[from] psn\n|upkeep\n|turn|7\n|inactive|Leviatan4 has 120 seconds left.\n|\n|t:|1701212373\n|-zpower|p1a: Mimikyu\n|move|p1a: Mimikyu|Let's Snuggle Forever|p2a: Conkeldurr|[zeffect]\n|-supereffective|p2a: Conkeldurr\n|-damage|p2a: Conkeldurr|0 fnt\n|faint|p2a: Conkeldurr\n|\n|upkeep\n|inactive|Leviatan4 has 120 seconds left.\n|\n|t:|1701212385\n|switch|p2a: Landorus|Landorus-Therian, M|88\/100\n|-damage|p2a: Landorus|76\/100|[from] Stealth Rock\n|-ability|p2a: Landorus|Intimidate|boost\n|-unboost|p1a: Mimikyu|atk|1\n|turn|8\n|inactive|Leviatan4 has 120 seconds left.\n|\n|t:|1701212395\n|switch|p1a: Clefable|Clefable, M|100\/100\n|-zpower|p2a: Landorus\n|move|p2a: Landorus|Supersonic Skystrike|p1a: Clefable|[zeffect]\n|-damage|p1a: Clefable|24\/100\n|\n|-heal|p1a: Clefable|30\/100|[from] item: Leftovers\n|upkeep\n|turn|9\n|inactive|Leviatan4 has 120 seconds left.\n|\n|t:|1701212406\n|move|p1a: Clefable|Protect|p1a: Clefable\n|-singleturn|p1a: Clefable|Protect\n|move|p2a: Landorus|U-turn|p1a: Clefable\n|-activate|p1a: Clefable|move: Protect\n|\n|-heal|p1a: Clefable|36\/100|[from] item: Leftovers\n|upkeep\n|turn|10\n|\n|t:|1701212415\n|move|p2a: Landorus|U-turn|p1a: Clefable\n|-resisted|p1a: Clefable\n|-damage|p1a: Clefable|25\/100\n|\n|t:|1701212419\n|switch|p2a: Amoonguss|Amoonguss, M|100\/100|[from] U-turn\n|-sideend|p2: Leviatan4|move: Toxic Spikes|[of] p2a: Amoonguss\n|-damage|p2a: Amoonguss|88\/100|[from] Stealth Rock\n|move|p1a: Clefable|Toxic|p2a: Amoonguss\n|-immune|p2a: Amoonguss\n|\n|-heal|p1a: Clefable|31\/100|[from] item: Leftovers\n|-heal|p2a: Amoonguss|94\/100|[from] item: Leftovers\n|upkeep\n|turn|11\n|inactive|swordfish7171 has 120 seconds left.\n|\n|t:|1701212474\n|switch|p1a: Mimikyu|Mimikyu-Busted, F|76\/100\n|-damage|p1a: Mimikyu|63\/100|[from] Spikes\n|move|p2a: Amoonguss|Sludge Bomb|p1a: Mimikyu\n|-damage|p1a: Mimikyu|24\/100\n|-status|p1a: Mimikyu|psn\n|\n|-heal|p2a: Amoonguss|100\/100|[from] item: Leftovers\n|-damage|p1a: Mimikyu|11\/100 psn|[from] psn\n|upkeep\n|turn|12\n|\n|t:|1701212487\n|move|p1a: Mimikyu|Shadow Sneak|p2a: Amoonguss\n|-damage|p2a: Amoonguss|81\/100\n|move|p2a: Amoonguss|Giga Drain|p1a: Mimikyu\n|-damage|p1a: Mimikyu|0 fnt\n|-heal|p2a: Amoonguss|85\/100|[from] drain|[of] p1a: Mimikyu\n|faint|p1a: Mimikyu\n|\n|-heal|p2a: Amoonguss|91\/100|[from] item: Leftovers\n|upkeep\n|\n|t:|1701212496\n|switch|p1a: Gliscor|Gliscor, M|91\/100 tox\n|turn|13\n|\n|t:|1701212504\n|move|p1a: Gliscor|Knock Off|p2a: Amoonguss\n|-damage|p2a: Amoonguss|68\/100\n|-enditem|p2a: Amoonguss|Leftovers|[from] move: Knock Off|[of] p1a: Gliscor\n|move|p2a: Amoonguss|Giga Drain|p1a: Gliscor\n|-damage|p1a: Gliscor|60\/100 tox\n|-heal|p2a: Amoonguss|81\/100|[from] drain|[of] p1a: Gliscor\n|\n|-heal|p1a: Gliscor|73\/100 tox|[from] ability: Poison Heal\n|upkeep\n|turn|14\n|\n|t:|1701212520\n|switch|p1a: Ditto|Ditto|100\/100\n|-damage|p1a: Ditto|88\/100|[from] Spikes\n|-transform|p1a: Ditto|p2a: Amoonguss|[from] ability: Imposter\n|move|p2a: Amoonguss|Giga Drain|p1a: Ditto\n|-resisted|p1a: Ditto\n|-damage|p1a: Ditto|76\/100\n|-heal|p2a: Amoonguss|85\/100|[from] drain|[of] p1a: Ditto\n|\n|upkeep\n|turn|15\n|\n|t:|1701212533\n|move|p1a: Ditto|Hidden Power|p2a: Amoonguss\n|-damage|p2a: Amoonguss|67\/100\n|move|p2a: Amoonguss|Hidden Power|p1a: Ditto\n|-supereffective|p1a: Ditto\n|-damage|p1a: Ditto|30\/100\n|\n|upkeep\n|turn|16\n|\n|t:|1701212546\n|-terastallize|p1a: Ditto|Normal\n|move|p1a: Ditto|Hidden Power|p2a: Amoonguss\n|-damage|p2a: Amoonguss|50\/100\n|move|p2a: Amoonguss|Hidden Power|p1a: Ditto\n|-damage|p1a: Ditto|7\/100\n|\n|upkeep\n|turn|17\n|\n|t:|1701212553\n|move|p1a: Ditto|Hidden Power|p2a: Amoonguss\n|-damage|p2a: Amoonguss|35\/100\n|move|p2a: Amoonguss|Giga Drain|p1a: Ditto\n|-crit|p1a: Ditto\n|-damage|p1a: Ditto|0 fnt\n|-heal|p2a: Amoonguss|37\/100|[from] drain|[of] p1a: Ditto\n|faint|p1a: Ditto\n|\n|upkeep\n|l|\u203dswordfish7171\n|inactive|swordfish7171 disconnected and has a minute to reconnect!\n|player|p1|\n|j|\u203dswordfish7171\n|inactive|swordfish7171 reconnected and has 110 seconds left.\n|player|p1|swordfish7171|265\n|n|\u203dswordfish7171|swordfish7171\n|\n|t:|1701212573\n|switch|p1a: Pidgeot|Pidgeot-Mega, F|28\/100\n|turn|18\n|\n|t:|1701212584\n|move|p1a: Pidgeot|Tailwind|p1a: Pidgeot\n|-sidestart|p1: swordfish7171|move: Tailwind\n|move|p2a: Amoonguss|Spore|p1a: Pidgeot\n|-status|p1a: Pidgeot|slp|[from] move: Spore\n|\n|upkeep\n|turn|19\n|inactive|swordfish7171 has 90 seconds left.\n|\n|t:|1701212600\n|cant|p1a: Pidgeot|slp\n|move|p2a: Amoonguss|Giga Drain|p1a: Pidgeot\n|-resisted|p1a: Pidgeot\n|-damage|p1a: Pidgeot|5\/100 slp\n|-heal|p2a: Amoonguss|45\/100|[from] drain|[of] p1a: Pidgeot\n|\n|upkeep\n|turn|20\n|\n|t:|1701212606\n|cant|p1a: Pidgeot|slp\n|move|p2a: Amoonguss|Giga Drain|p1a: Pidgeot\n|-resisted|p1a: Pidgeot\n|-damage|p1a: Pidgeot|0 fnt\n|-heal|p2a: Amoonguss|47\/100|[from] drain|[of] p1a: Pidgeot\n|faint|p1a: Pidgeot\n|\n|upkeep\n|\n|t:|1701212620\n|switch|p1a: Quaquaval|Quaquaval, M|100\/100\n|-damage|p1a: Quaquaval|88\/100|[from] Spikes\n|turn|21\n|\n|t:|1701212627\n|move|p1a: Quaquaval|Ice Spinner|p2a: Amoonguss\n|-supereffective|p2a: Amoonguss\n|-damage|p2a: Amoonguss|0 fnt\n|faint|p2a: Amoonguss\n|-ability|p1a: Quaquaval|Moxie|boost\n|-boost|p1a: Quaquaval|atk|1\n|\n|-sideend|p1: swordfish7171|move: Tailwind\n|upkeep\n|\n|t:|1701212636\n|switch|p2a: Landorus|Landorus-Therian, M|76\/100\n|-damage|p2a: Landorus|64\/100|[from] Stealth Rock\n|-ability|p2a: Landorus|Intimidate|boost\n|-unboost|p1a: Quaquaval|atk|1\n|turn|22\n|\n|t:|1701212648\n|move|p2a: Landorus|Fly||[still]\n|-prepare|p2a: Landorus|Fly\n|move|p1a: Quaquaval|Ice Spinner|p2a: Landorus|[miss]\n|-miss|p1a: Quaquaval|p2a: Landorus\n|\n|upkeep\n|turn|23\n|\n|t:|1701212663\n|switch|p1a: Gliscor|Gliscor, M|73\/100 tox\n|move|p2a: Landorus|Fly|p1a: Gliscor|[from]lockedmove\n|-damage|p1a: Gliscor|32\/100 tox\n|\n|-heal|p1a: Gliscor|45\/100 tox|[from] ability: Poison Heal\n|upkeep\n|turn|24\n|\n|t:|1701212671\n|move|p2a: Landorus|U-turn|p1a: Gliscor\n|-resisted|p1a: Gliscor\n|-damage|p1a: Gliscor|35\/100 tox\n|\n|t:|1701212676\n|switch|p2a: Volcarona|Volcarona, M|100\/100|[from] U-turn\n|move|p1a: Gliscor|Toxic Spikes|p2a: Volcarona\n|-sidestart|p2: Leviatan4|move: Toxic Spikes\n|\n|-heal|p1a: Gliscor|47\/100 tox|[from] ability: Poison Heal\n|upkeep\n|turn|25\n|inactive|swordfish7171 has 120 seconds left.\n|\n|t:|1701212688\n|move|p2a: Volcarona|Quiver Dance|p2a: Volcarona\n|-boost|p2a: Volcarona|spa|1\n|-boost|p2a: Volcarona|spd|1\n|-boost|p2a: Volcarona|spe|1\n|move|p1a: Gliscor|Knock Off|p2a: Volcarona\n|-damage|p2a: Volcarona|69\/100\n|-enditem|p2a: Volcarona|Heavy-Duty Boots|[from] move: Knock Off|[of] p1a: Gliscor\n|\n|-heal|p1a: Gliscor|60\/100 tox|[from] ability: Poison Heal\n|upkeep\n|turn|26\n|inactive|Leviatan4 has 120 seconds left.\n|\n|t:|1701212733\n|switch|p1a: Clefable|Clefable, M|31\/100\n|move|p2a: Volcarona|Giga Drain|p1a: Clefable\n|-damage|p1a: Clefable|0 fnt\n|-heal|p2a: Volcarona|88\/100|[from] drain|[of] p1a: Clefable\n|faint|p1a: Clefable\n|\n|upkeep\n|\n|t:|1701212739\n|switch|p1a: Quaquaval|Quaquaval, M|88\/100\n|-damage|p1a: Quaquaval|76\/100|[from] Spikes\n|turn|27\n|\n|t:|1701212743\n|move|p2a: Volcarona|Giga Drain|p1a: Quaquaval\n|-supereffective|p1a: Quaquaval\n|-damage|p1a: Quaquaval|0 fnt\n|-heal|p2a: Volcarona|100\/100|[from] drain|[of] p1a: Quaquaval\n|faint|p1a: Quaquaval\n|\n|upkeep\n|-message|swordfish7171 forfeited.\n|\n|win|Leviatan4\n|raw|swordfish7171's rating: 1085 &rarr; <strong>1066<\/strong><br \/>(-19 for losing)\n|raw|Leviatan4's rating: 1147 &rarr; <strong>1168<\/strong><br \/>(+21 for winning)\n|l|\u203dswordfish7171\n","uploadtime":1701212759,"views":2,"p1id":"swordfish7171","p2id":"leviatan4","formatid":"gen9nationaldex","rating":1066,"private":0,"password":""}