{"id":"gen9nationaldex-1999793973","p1":"Karlushi08","p2":"SalCHITOSEtator","format":"[Gen 9] National Dex","log":"|html|<div class=\"broadcast-blue\"><strong>[Gen 9] National Dex is currently suspecting Sneasler! For information on how to participate check out the <a href=\"https:\/\/www.smogon.com\/forums\/threads\/sv-national-dex-suspect-8-just-dance.3731534\/\">suspect thread<\/a>.<\/strong><\/div>\n|j|\u2606Karlushi08\n|j|\u2606SalCHITOSEtator\n|t:|1701117275\n|gametype|singles\n|player|p1|Karlushi08|ghetsis-gen5bw|1066\n|player|p2|SalCHITOSEtator|ghetsis|1000\n|teamsize|p1|6\n|teamsize|p2|6\n|gen|9\n|tier|[Gen 9] National Dex\n|rated|\n|rule|HP Percentage Mod: HP is shown in percentages\n|rule|Endless Battle Clause: Forcing endless battles is banned\n|rule|OHKO Clause: OHKO moves are banned\n|rule|Evasion Clause: Evasion abilities, items, and moves are banned\n|rule|Evasion Abilities Clause: Evasion abilities are banned\n|rule|Evasion Items Clause: Evasion items are banned\n|rule|Evasion Moves Clause: Evasion moves are banned\n|rule|Species Clause: Limit one of each Pok\u00e9mon\n|rule|Sleep Clause Mod: Limit one foe put to sleep\n|clearpoke\n|poke|p1|Beedrill, M|\n|poke|p1|Greninja-*, M|\n|poke|p1|Volcarona, M|\n|poke|p1|Tyranitar, F|\n|poke|p1|Toxapex, M|\n|poke|p1|Clodsire, F|\n|poke|p2|Salazzle, F|\n|poke|p2|Magnemite, L1|\n|poke|p2|Probopass, L2, F|\n|poke|p2|Mandibuzz, F|\n|poke|p2|Nosepass, L1, F|\n|poke|p2|Tentacruel, F|\n|teampreview\n|\n|t:|1701117295\n|start\n|switch|p1a: Fisha|Clodsire, F|100\/100\n|switch|p2a: No Fun Allowed|Salazzle, F|100\/100\n|turn|1\n|\n|t:|1701117307\n|move|p2a: No Fun Allowed|Substitute|p2a: No Fun Allowed\n|-start|p2a: No Fun Allowed|Substitute\n|-damage|p2a: No Fun Allowed|76\/100\n|move|p1a: Fisha|Stealth Rock|p2a: No Fun Allowed\n|-sidestart|p2: SalCHITOSEtator|move: Stealth Rock\n|\n|-heal|p2a: No Fun Allowed|82\/100|[from] item: Leftovers\n|upkeep\n|turn|2\n|\n|t:|1701117313\n|move|p2a: No Fun Allowed|Toxic|p1a: Fisha\n|-status|p1a: Fisha|tox\n|move|p1a: Fisha|Toxic Spikes|p2a: No Fun Allowed\n|-sidestart|p2: SalCHITOSEtator|move: Toxic Spikes\n|\n|-heal|p2a: No Fun Allowed|88\/100|[from] item: Leftovers\n|-damage|p1a: Fisha|94\/100 tox|[from] psn\n|upkeep\n|turn|3\n|\n|t:|1701117324\n|move|p2a: No Fun Allowed|Flamethrower|p1a: Fisha\n|-damage|p1a: Fisha|71\/100 tox\n|move|p1a: Fisha|Toxic Spikes|p2a: No Fun Allowed\n|-sidestart|p2: SalCHITOSEtator|move: Toxic Spikes\n|\n|-heal|p2a: No Fun Allowed|94\/100|[from] item: Leftovers\n|-heal|p1a: Fisha|77\/100 tox|[from] item: Black Sludge\n|-damage|p1a: Fisha|65\/100 tox|[from] psn\n|upkeep\n|turn|4\n|\n|t:|1701117343\n|switch|p1a: Froggit|Greninja, M|100\/100\n|move|p2a: No Fun Allowed|Protect||[still]\n|-fail|p2a: No Fun Allowed\n|\n|-heal|p2a: No Fun Allowed|99\/100|[from] item: Leftovers\n|upkeep\n|turn|5\n|\n|t:|1701117352\n|move|p2a: No Fun Allowed|Protect|p2a: No Fun Allowed\n|-singleturn|p2a: No Fun Allowed|Protect\n|move|p1a: Froggit|Water Shuriken|p2a: No Fun Allowed\n|-activate|p2a: No Fun Allowed|move: Protect\n|\n|-heal|p2a: No Fun Allowed|100\/100|[from] item: Leftovers\n|upkeep\n|turn|6\n|\n|t:|1701117376\n|switch|p2a: Sh\ud83d\udca9tsquid|Tentacruel, F|100\/100\n|-damage|p2a: Sh\ud83d\udca9tsquid|88\/100|[from] Stealth Rock\n|-sideend|p2: SalCHITOSEtator|move: Toxic Spikes|[of] p2a: Sh\ud83d\udca9tsquid\n|move|p1a: Froggit|Water Shuriken|p2a: Sh\ud83d\udca9tsquid\n|-resisted|p2a: Sh\ud83d\udca9tsquid\n|-damage|p2a: Sh\ud83d\udca9tsquid|84\/100\n|-resisted|p2a: Sh\ud83d\udca9tsquid\n|-damage|p2a: Sh\ud83d\udca9tsquid|80\/100\n|-resisted|p2a: Sh\ud83d\udca9tsquid\n|-damage|p2a: Sh\ud83d\udca9tsquid|76\/100\n|-resisted|p2a: Sh\ud83d\udca9tsquid\n|-damage|p2a: Sh\ud83d\udca9tsquid|72\/100\n|-hitcount|p2a: Sh\ud83d\udca9tsquid|4\n|\n|-heal|p2a: Sh\ud83d\udca9tsquid|78\/100|[from] item: Leftovers\n|upkeep\n|turn|7\n|\n|t:|1701117395\n|switch|p1a: Fisha|Clodsire, F|65\/100 tox\n|move|p2a: Sh\ud83d\udca9tsquid|Rapid Spin|p1a: Fisha\n|-damage|p1a: Fisha|56\/100 tox\n|-boost|p2a: Sh\ud83d\udca9tsquid|spe|1\n|-sideend|p2: SalCHITOSEtator|Stealth Rock|[from] move: Rapid Spin|[of] p2a: Sh\ud83d\udca9tsquid\n|\n|-heal|p2a: Sh\ud83d\udca9tsquid|84\/100|[from] item: Leftovers\n|-heal|p1a: Fisha|62\/100 tox|[from] item: Black Sludge\n|-damage|p1a: Fisha|56\/100 tox|[from] psn\n|upkeep\n|turn|8\n|\n|t:|1701117442\n|switch|p1a: Metallica Fan|Toxapex, M, shiny|100\/100\n|move|p2a: Sh\ud83d\udca9tsquid|Knock Off|p1a: Metallica Fan\n|-damage|p1a: Metallica Fan|90\/100\n|-enditem|p1a: Metallica Fan|Black Sludge|[from] move: Knock Off|[of] p2a: Sh\ud83d\udca9tsquid\n|\n|-heal|p2a: Sh\ud83d\udca9tsquid|90\/100|[from] item: Leftovers\n|upkeep\n|turn|9\n|\n|t:|1701117454\n|switch|p2a: Sh\ud83d\udca9tbird|Mandibuzz, F|100\/100\n|move|p1a: Metallica Fan|Recover|p1a: Metallica Fan\n|-heal|p1a: Metallica Fan|100\/100\n|\n|upkeep\n|turn|10\n|\n|t:|1701117459\n|switch|p2a: Sh\ud83d\udca9tsquid|Tentacruel, F|90\/100\n|move|p1a: Metallica Fan|Toxic|p2a: Sh\ud83d\udca9tsquid\n|-immune|p2a: Sh\ud83d\udca9tsquid\n|\n|-heal|p2a: Sh\ud83d\udca9tsquid|96\/100|[from] item: Leftovers\n|upkeep\n|turn|11\n|\n|t:|1701117474\n|move|p2a: Sh\ud83d\udca9tsquid|Knock Off|p1a: Metallica Fan\n|-damage|p1a: Metallica Fan|94\/100\n|move|p1a: Metallica Fan|Toxic|p2a: Sh\ud83d\udca9tsquid\n|-immune|p2a: Sh\ud83d\udca9tsquid\n|\n|-heal|p2a: Sh\ud83d\udca9tsquid|100\/100|[from] item: Leftovers\n|upkeep\n|turn|12\n|\n|t:|1701117482\n|move|p2a: Sh\ud83d\udca9tsquid|Knock Off|p1a: Metallica Fan\n|-damage|p1a: Metallica Fan|87\/100\n|move|p1a: Metallica Fan|Toxic|p2a: Sh\ud83d\udca9tsquid\n|-immune|p2a: Sh\ud83d\udca9tsquid\n|\n|upkeep\n|turn|13\n|\n|t:|1701117494\n|switch|p2a: No Fun Allowed|Salazzle, F|100\/100\n|move|p1a: Metallica Fan|Baneful Bunker||[still]\n|-fail|p1a: Metallica Fan\n|\n|upkeep\n|turn|14\n|\n|t:|1701117505\n|switch|p1a: Susie|Tyranitar, F|100\/100\n|-weather|Sandstorm|[from] ability: Sand Stream|[of] p1a: Susie\n|move|p2a: No Fun Allowed|Toxic|p1a: Susie\n|-status|p1a: Susie|tox\n|\n|-weather|Sandstorm|[upkeep]\n|-damage|p2a: No Fun Allowed|94\/100|[from] Sandstorm\n|-heal|p2a: No Fun Allowed|100\/100|[from] item: Leftovers\n|-damage|p1a: Susie|94\/100 tox|[from] psn\n|upkeep\n|turn|15\n|\n|t:|1701117515\n|move|p2a: No Fun Allowed|Protect|p2a: No Fun Allowed\n|-singleturn|p2a: No Fun Allowed|Protect\n|move|p1a: Susie|Earthquake|p2a: No Fun Allowed\n|-activate|p2a: No Fun Allowed|move: Protect\n|\n|-weather|Sandstorm|[upkeep]\n|-damage|p2a: No Fun Allowed|94\/100|[from] Sandstorm\n|-heal|p2a: No Fun Allowed|100\/100|[from] item: Leftovers\n|-damage|p1a: Susie|82\/100 tox|[from] psn\n|upkeep\n|turn|16\n|\n|t:|1701117525\n|switch|p2a: Sh\ud83d\udca9tbird|Mandibuzz, F|100\/100\n|move|p1a: Susie|Earthquake|p2a: Sh\ud83d\udca9tbird\n|-immune|p2a: Sh\ud83d\udca9tbird\n|\n|-weather|Sandstorm|[upkeep]\n|-damage|p1a: Susie|63\/100 tox|[from] psn\n|upkeep\n|turn|17\n|\n|t:|1701117536\n|switch|p1a: Froggit|Greninja, M|100\/100\n|move|p2a: Sh\ud83d\udca9tbird|Toxic|p1a: Froggit\n|-status|p1a: Froggit|tox\n|\n|-weather|Sandstorm|[upkeep]\n|-damage|p1a: Froggit|95\/100 tox|[from] Sandstorm\n|-damage|p1a: Froggit|89\/100 tox|[from] psn\n|upkeep\n|turn|18\n|\n|t:|1701117559\n|move|p1a: Froggit|Dark Pulse|p2a: Sh\ud83d\udca9tbird\n|-resisted|p2a: Sh\ud83d\udca9tbird\n|-damage|p2a: Sh\ud83d\udca9tbird|76\/100\n|move|p2a: Sh\ud83d\udca9tbird|Roost|p2a: Sh\ud83d\udca9tbird\n|-heal|p2a: Sh\ud83d\udca9tbird|100\/100\n|-singleturn|p2a: Sh\ud83d\udca9tbird|move: Roost\n|\n|-weather|none\n|-damage|p1a: Froggit|77\/100 tox|[from] psn\n|upkeep\n|turn|19\n|\n|t:|1701117574\n|switch|p1a: Volcarona|Volcarona, M|100\/100\n|move|p2a: Sh\ud83d\udca9tbird|Foul Play|p1a: Volcarona\n|-damage|p1a: Volcarona|76\/100\n|\n|upkeep\n|turn|20\n|\n|t:|1701117598\n|move|p1a: Volcarona|Quiver Dance|p1a: Volcarona\n|-boost|p1a: Volcarona|spa|1\n|-boost|p1a: Volcarona|spd|1\n|-boost|p1a: Volcarona|spe|1\n|move|p2a: Sh\ud83d\udca9tbird|Toxic|p1a: Volcarona|[miss]\n|-miss|p2a: Sh\ud83d\udca9tbird|p1a: Volcarona\n|\n|upkeep\n|turn|21\n|\n|t:|1701117606\n|switch|p2a: Click the \u274c|Nosepass, L1, F, shiny|100\/100\n|move|p1a: Volcarona|Fiery Dance|p2a: Click the \u274c\n|-resisted|p2a: Click the \u274c\n|-ability|p2a: Click the \u274c|Sturdy\n|-damage|p2a: Click the \u274c|10\/100\n|-boost|p1a: Volcarona|spa|1\n|-enditem|p2a: Click the \u274c|Berry Juice\n|-heal|p2a: Click the \u274c|100\/100|[from] item: Berry Juice\n|\n|upkeep\n|turn|22\n|inactive|Battle timer is ON: inactive players will automatically lose when time's up. (requested by SalCHITOSEtator)\n|\n|t:|1701117634\n|move|p1a: Volcarona|Fiery Dance|p2a: Click the \u274c\n|-resisted|p2a: Click the \u274c\n|-ability|p2a: Click the \u274c|Sturdy\n|-damage|p2a: Click the \u274c|10\/100\n|move|p2a: Click the \u274c|Pain Split|p1a: Volcarona\n|-sethp|p1a: Volcarona|38\/100|[from] move: Pain Split|[silent]\n|-sethp|p2a: Click the \u274c|100\/100|[from] move: Pain Split\n|\n|upkeep\n|turn|23\n|\n|t:|1701117642\n|move|p1a: Volcarona|Giga Drain|p2a: Click the \u274c\n|-supereffective|p2a: Click the \u274c\n|-ability|p2a: Click the \u274c|Sturdy\n|-damage|p2a: Click the \u274c|10\/100\n|-heal|p1a: Volcarona|40\/100|[from] drain|[of] p2a: Click the \u274c\n|move|p2a: Click the \u274c|Pain Split|p1a: Volcarona\n|-sethp|p1a: Volcarona|20\/100|[from] move: Pain Split|[silent]\n|-sethp|p2a: Click the \u274c|100\/100|[from] move: Pain Split\n|\n|upkeep\n|turn|24\n|\n|t:|1701117651\n|switch|p1a: Metallica Fan|Toxapex, M, shiny|100\/100\n|move|p2a: Click the \u274c|Pain Split|p1a: Metallica Fan\n|-sethp|p1a: Metallica Fan|52\/100|[from] move: Pain Split|[silent]\n|-sethp|p2a: Click the \u274c|100\/100|[from] move: Pain Split\n|\n|upkeep\n|turn|25\n|\n|t:|1701117657\n|switch|p2a: No Fun Allowed|Salazzle, F|100\/100\n|move|p1a: Metallica Fan|Toxic|p2a: No Fun Allowed\n|-immune|p2a: No Fun Allowed\n|\n|upkeep\n|turn|26\n|c|\u2606Karlushi08|BRUH\n|c|\u2606SalCHITOSEtator|what?\n|inactive|Karlushi08 has 120 seconds left.\n|c|\u2606Karlushi08|nah you must have tilted many people qith this bro lol\n|c|\u2606Karlushi08|i liked it\n|-message|Karlushi08 forfeited.\n|\n|win|SalCHITOSEtator\n|raw|Karlushi08's rating: 1066 &rarr; <strong>1042<\/strong><br \/>(-24 for losing)\n|raw|SalCHITOSEtator's rating: 1000 &rarr; <strong>1048<\/strong><br \/>(+48 for winning)\n|c|\u2606SalCHITOSEtator|of course\n|c|\u2606SalCHITOSEtator|lol\n","uploadtime":1701117702,"views":1,"p1id":"karlushi08","p2id":"salchitosetator","formatid":"gen9nationaldex","rating":1042,"private":0,"password":""}