{"id":"gen9nationaldex-1993794503","p1":"weiwoduzun\u696a\u7948","p2":"Dirty_Neon","format":"[Gen 9] National Dex","log":"|j|\u2606weiwoduzun\u696a\u7948\n|j|\u2606Dirty_Neon\n|t:|1700358097\n|gametype|singles\n|player|p1|weiwoduzun\u696a\u7948|169|1613\n|player|p2|Dirty_Neon|swimmerf|1527\n|teamsize|p1|6\n|teamsize|p2|6\n|gen|9\n|tier|[Gen 9] National Dex\n|rated|\n|rule|HP Percentage Mod: HP is shown in percentages\n|rule|Endless Battle Clause: Forcing endless battles is banned\n|rule|OHKO Clause: OHKO moves are banned\n|rule|Evasion Clause: Evasion abilities, items, and moves are banned\n|rule|Evasion Abilities Clause: Evasion abilities are banned\n|rule|Evasion Items Clause: Evasion items are banned\n|rule|Evasion Moves Clause: Evasion moves are banned\n|rule|Species Clause: Limit one of each Pok\u00e9mon\n|rule|Sleep Clause Mod: Limit one foe put to sleep\n|clearpoke\n|poke|p1|Tapu Lele|\n|poke|p1|Armarouge, F|\n|poke|p1|Ceruledge, M|\n|poke|p1|Zapdos|\n|poke|p1|Hatterene, F|\n|poke|p1|Polteageist-Antique|\n|poke|p2|Pelipper, M|\n|poke|p2|Swampert, M|\n|poke|p2|Greninja-*, M|\n|poke|p2|Ferrothorn, F|\n|poke|p2|Zapdos|\n|poke|p2|Ogerpon-Wellspring, F|\n|teampreview\n|inactive|Battle timer is ON: inactive players will automatically lose when time's up. (requested by Dirty_Neon)\n|\n|t:|1700358108\n|start\n|switch|p1a: Tapu Lele|Tapu Lele|100\/100\n|switch|p2a: Pelipper|Pelipper, M|100\/100\n|-fieldstart|move: Psychic Terrain|[from] ability: Psychic Surge|[of] p1a: Tapu Lele\n|-weather|RainDance|[from] ability: Drizzle|[of] p2a: Pelipper\n|turn|1\n|\n|t:|1700358114\n|switch|p2a: Ferrothorn|Ferrothorn, F|100\/100\n|move|p1a: Tapu Lele|Psychic|p2a: Ferrothorn\n|-resisted|p2a: Ferrothorn\n|-damage|p2a: Ferrothorn|81\/100\n|\n|-weather|RainDance|[upkeep]\n|-heal|p2a: Ferrothorn|87\/100|[from] item: Leftovers\n|upkeep\n|turn|2\n|\n|t:|1700358120\n|switch|p1a: Hatterene|Hatterene, F|100\/100\n|move|p2a: Ferrothorn|Power Whip|p1a: Hatterene\n|-damage|p1a: Hatterene|57\/100\n|\n|-weather|RainDance|[upkeep]\n|-heal|p2a: Ferrothorn|93\/100|[from] item: Leftovers\n|upkeep\n|turn|3\n|\n|t:|1700358127\n|switch|p2a: Swampert|Swampert, M|100\/100\n|move|p1a: Hatterene|Mystical Fire|p2a: Swampert\n|-resisted|p2a: Swampert\n|-damage|p2a: Swampert|94\/100\n|-unboost|p2a: Swampert|spa|1\n|\n|-weather|RainDance|[upkeep]\n|upkeep\n|turn|4\n|\n|t:|1700358132\n|detailschange|p2a: Swampert|Swampert-Mega, M\n|-mega|p2a: Swampert|Swampert|Swampertite\n|move|p2a: Swampert|Stealth Rock|p1a: Hatterene\n|move|p1a: Hatterene|Stealth Rock|p2a: Swampert|[from]ability: Magic Bounce\n|-sidestart|p2: Dirty_Neon|move: Stealth Rock\n|move|p1a: Hatterene|Expanding Force|p2a: Swampert\n|-damage|p2a: Swampert|28\/100\n|\n|-weather|RainDance|[upkeep]\n|upkeep\n|turn|5\n|\n|t:|1700358139\n|move|p2a: Swampert|Liquidation|p1a: Hatterene\n|-damage|p1a: Hatterene|0 fnt\n|faint|p1a: Hatterene\n|\n|-weather|RainDance|[upkeep]\n|upkeep\n|\n|t:|1700358147\n|switch|p1a: Polteageist|Polteageist-Antique|100\/100\n|turn|6\n|\n|t:|1700358150\n|move|p2a: Swampert|Stealth Rock|p1a: Polteageist\n|-sidestart|p1: weiwoduzun\u696a\u7948|move: Stealth Rock\n|move|p1a: Polteageist|Shell Smash|p1a: Polteageist\n|-unboost|p1a: Polteageist|def|1\n|-unboost|p1a: Polteageist|spd|1\n|-boost|p1a: Polteageist|atk|2\n|-boost|p1a: Polteageist|spa|2\n|-boost|p1a: Polteageist|spe|2\n|\n|-weather|RainDance|[upkeep]\n|upkeep\n|turn|7\n|\n|t:|1700358153\n|move|p1a: Polteageist|Stored Power|p2a: Swampert\n|-damage|p2a: Swampert|0 fnt\n|faint|p2a: Swampert\n|\n|-weather|RainDance|[upkeep]\n|upkeep\n|\n|t:|1700358155\n|switch|p2a: Ferrothorn|Ferrothorn, F|93\/100\n|-damage|p2a: Ferrothorn|87\/100|[from] Stealth Rock\n|turn|8\n|\n|t:|1700358159\n|-terastallize|p1a: Polteageist|Fighting\n|move|p1a: Polteageist|Tera Blast|p2a: Ferrothorn|[anim] Tera Blast Fighting\n|-supereffective|p2a: Ferrothorn\n|-damage|p2a: Ferrothorn|0 fnt\n|faint|p2a: Ferrothorn\n|\n|-weather|none\n|-fieldend|move: Psychic Terrain\n|upkeep\n|-message|Dirty_Neon forfeited.\n|\n|win|weiwoduzun\u696a\u7948\n|raw|weiwoduzun\u696a\u7948's rating: 1613 &rarr; <strong>1628<\/strong><br \/>(+15 for winning)\n|raw|Dirty_Neon's rating: 1527 &rarr; <strong>1512<\/strong><br \/>(-15 for losing)\n|l|\u2606Dirty_Neon\n","uploadtime":1700358171,"views":7,"p1id":"weiwoduzun","p2id":"dirtyneon","formatid":"gen9nationaldex","rating":1512,"private":0,"password":""}