{"id":"gen9nationaldex-1997211252","p1":"pokrwef23","p2":"creatousmaster","format":"[Gen 9] National Dex","log":"|html|<div class=\"broadcast-blue\"><strong>[Gen 9] National Dex is currently suspecting Sneasler! For information on how to participate check out the <a href=\"https:\/\/www.smogon.com\/forums\/threads\/sv-national-dex-suspect-8-just-dance.3731534\/\">suspect thread<\/a>.<\/strong><\/div>\n|j|\u2606pokrwef23\n|j|\u2606creatousmaster\n|t:|1700776031\n|gametype|singles\n|player|p1|pokrwef23|266|\n|player|p2|creatousmaster|ghetsis-gen5bw|\n|teamsize|p1|6\n|teamsize|p2|6\n|gen|9\n|tier|[Gen 9] National Dex\n|rule|HP Percentage Mod: HP is shown in percentages\n|rule|Endless Battle Clause: Forcing endless battles is banned\n|rule|OHKO Clause: OHKO moves are banned\n|rule|Evasion Clause: Evasion abilities, items, and moves are banned\n|rule|Evasion Abilities Clause: Evasion abilities are banned\n|rule|Evasion Items Clause: Evasion items are banned\n|rule|Evasion Moves Clause: Evasion moves are banned\n|rule|Species Clause: Limit one of each Pok\u00e9mon\n|rule|Sleep Clause Mod: Limit one foe put to sleep\n|clearpoke\n|poke|p1|Garchomp, F|\n|poke|p1|Clodsire, F|\n|poke|p1|Ursaluna, F|\n|poke|p1|Gliscor, F|\n|poke|p1|Sandy Shocks|\n|poke|p1|Great Tusk|\n|poke|p2|Blacephalon|\n|poke|p2|Zoroark-Hisui, M|\n|poke|p2|Decidueye, M|\n|poke|p2|Mimikyu, M|\n|poke|p2|Banette, M|\n|poke|p2|Skeledirge, M|\n|teampreview\n|\n|t:|1700776057\n|start\n|switch|p1a: Sandy Shocks|Sandy Shocks|100\/100\n|switch|p2a: Mimikyu|Mimikyu, M, shiny|100\/100\n|-enditem|p1a: Sandy Shocks|Booster Energy\n|-activate|p1a: Sandy Shocks|ability: Protosynthesis|[fromitem]\n|-start|p1a: Sandy Shocks|protosynthesisspa\n|turn|1\n|\n|t:|1700776070\n|move|p1a: Sandy Shocks|Flash Cannon|p2a: Mimikyu\n|-activate|p2a: Mimikyu|ability: Disguise\n|-damage|p2a: Mimikyu|100\/100\n|detailschange|p2a: Mimikyu|Mimikyu-Busted, M, shiny\n|-damage|p2a: Mimikyu|88\/100|[from] pokemon: Mimikyu-Busted\n|-enditem|p2a: Mimikyu|Red Card|[of] p1a: Sandy Shocks\n|-end|p1a: Sandy Shocks|Protosynthesis|[silent]\n|drag|p1a: Garchomp|Garchomp, F|100\/100\n|move|p2a: Mimikyu|Swords Dance|p2a: Mimikyu\n|-boost|p2a: Mimikyu|atk|2\n|\n|upkeep\n|turn|2\n|c|\u2606creatousmaster|someone challenged u i think\n|\n|t:|1700776089\n|switch|p1a: Clodsire|Clodsire, F|100\/100\n|move|p2a: Mimikyu|Play Rough|p1a: Clodsire\n|-resisted|p1a: Clodsire\n|-damage|p1a: Clodsire|57\/100\n|\n|-heal|p1a: Clodsire|63\/100|[from] item: Leftovers\n|upkeep\n|turn|3\n|\n|t:|1700776102\n|move|p2a: Mimikyu|Shadow Sneak|p1a: Clodsire\n|-damage|p1a: Clodsire|26\/100\n|move|p1a: Clodsire|Counter|p2a: Mimikyu\n|-immune|p2a: Mimikyu\n|\n|-heal|p1a: Clodsire|32\/100|[from] item: Leftovers\n|upkeep\n|turn|4\n|\n|t:|1700776111\n|move|p2a: Mimikyu|Shadow Sneak|p1a: Clodsire\n|-damage|p1a: Clodsire|0 fnt\n|faint|p1a: Clodsire\n|\n|upkeep\n|c|\u2606creatousmaster|bruh\n|\n|t:|1700776117\n|switch|p1a: Sandy Shocks|Sandy Shocks|100\/100\n|turn|5\n|\n|t:|1700776122\n|move|p1a: Sandy Shocks|Flash Cannon|p2a: Mimikyu\n|-supereffective|p2a: Mimikyu\n|-damage|p2a: Mimikyu|23\/100\n|move|p2a: Mimikyu|Play Rough|p1a: Sandy Shocks\n|-damage|p1a: Sandy Shocks|15\/100\n|\n|upkeep\n|turn|6\n|\n|t:|1700776129\n|move|p2a: Mimikyu|Shadow Sneak|p1a: Sandy Shocks\n|-damage|p1a: Sandy Shocks|0 fnt\n|faint|p1a: Sandy Shocks\n|-end|p1a: Sandy Shocks|Protosynthesis|[silent]\n|\n|upkeep\n|\n|t:|1700776133\n|switch|p1a: Great Tusk|Great Tusk|100\/100\n|-enditem|p1a: Great Tusk|Booster Energy\n|-activate|p1a: Great Tusk|ability: Protosynthesis|[fromitem]\n|-start|p1a: Great Tusk|protosynthesisatk\n|turn|7\n|\n|t:|1700776141\n|move|p2a: Mimikyu|Play Rough|p1a: Great Tusk\n|-supereffective|p1a: Great Tusk\n|-damage|p1a: Great Tusk|14\/100\n|move|p1a: Great Tusk|Earth Power|p2a: Mimikyu\n|-damage|p2a: Mimikyu|0 fnt\n|faint|p2a: Mimikyu\n|\n|upkeep\n|c|\u2606creatousmaster|welp\n|\n|t:|1700776150\n|switch|p2a: Decidueye|Decidueye, M, shiny|100\/100\n|turn|8\n|\n|t:|1700776156\n|move|p2a: Decidueye|Hyper Voice|p1a: Great Tusk\n|-damage|p1a: Great Tusk|0 fnt\n|faint|p1a: Great Tusk\n|-end|p1a: Great Tusk|Protosynthesis|[silent]\n|\n|upkeep\n|c|\u2606creatousmaster|CAW CAW\n|\n|t:|1700776164\n|switch|p1a: Gliscor|Gliscor, F|100\/100\n|turn|9\n|c|\u2606creatousmaster|ye decidueye can learn hyper voice for some reason\n|\n|t:|1700776178\n|move|p2a: Decidueye|Nasty Plot|p2a: Decidueye\n|-boost|p2a: Decidueye|spa|2\n|move|p1a: Gliscor|Acrobatics|p2a: Decidueye\n|-damage|p2a: Decidueye|49\/100\n|replace|p2a: Zoroark|Zoroark-Hisui, M, shiny\n|-end|p2a: Zoroark|Illusion\n|\n|-status|p1a: Gliscor|tox|[from] item: Toxic Orb\n|upkeep\n|turn|10\n|c|\u2606creatousmaster|nvm\n|c|\u2606creatousmaster|die\n|\n|t:|1700776194\n|move|p2a: Zoroark|Bitter Malice|p1a: Gliscor\n|-damage|p1a: Gliscor|0 fnt\n|faint|p1a: Gliscor\n|\n|upkeep\n|\n|t:|1700776201\n|switch|p1a: Ursaluna|Ursaluna, F|100\/100\n|turn|11\n|\n|t:|1700776207\n|move|p2a: Zoroark|Hyper Voice|p1a: Ursaluna\n|-damage|p1a: Ursaluna|17\/100\n|move|p1a: Ursaluna|Metronome|p1a: Ursaluna\n|move|p1a: Ursaluna|Fissure|p2a: Zoroark|[from]move: Metronome|[miss]\n|-miss|p1a: Ursaluna|p2a: Zoroark\n|\n|upkeep\n|turn|12\n|\n|t:|1700776219\n|-terastallize|p1a: Ursaluna|Ground\n|move|p2a: Zoroark|Hyper Voice|p1a: Ursaluna\n|-damage|p1a: Ursaluna|0 fnt\n|faint|p1a: Ursaluna\n|\n|upkeep\n|\n|t:|1700776226\n|switch|p1a: Garchomp|Garchomp, F|100\/100\n|turn|13\n|\n|t:|1700776232\n|detailschange|p1a: Garchomp|Garchomp-Mega, F\n|-mega|p1a: Garchomp|Garchomp|Garchompite\n|move|p2a: Zoroark|Hyper Voice|p1a: Garchomp\n|-damage|p1a: Garchomp|3\/100\n|move|p1a: Garchomp|Dragon Tail|p2a: Zoroark\n|-damage|p2a: Zoroark|0 fnt\n|faint|p2a: Zoroark\n|\n|upkeep\n|\n|t:|1700776239\n|switch|p2a: Decidueye|Decidueye, M, shiny|100\/100\n|turn|14\n|-message|pokrwef23 forfeited.\n|\n|win|creatousmaster\n|l|\u2606pokrwef23\n","uploadtime":1700776249,"views":3,"p1id":"pokrwef23","p2id":"creatousmaster","formatid":"gen9nationaldex","rating":0,"private":0,"password":""}