{"id":"gen9nationaldex-1991104341","p1":"Jaspo","p2":"chujwdupetebowi","format":"[Gen 9] National Dex","log":"|j|\u2606Jaspo\n|j|\u2606chujwdupetebowi\n|t:|1700043538\n|gametype|singles\n|player|p1|Jaspo|clair|1087\n|player|p2|chujwdupetebowi|169|1158\n|teamsize|p1|6\n|teamsize|p2|6\n|gen|9\n|tier|[Gen 9] National Dex\n|rated|\n|rule|HP Percentage Mod: HP is shown in percentages\n|rule|Endless Battle Clause: Forcing endless battles is banned\n|rule|OHKO Clause: OHKO moves are banned\n|rule|Evasion Clause: Evasion abilities, items, and moves are banned\n|rule|Evasion Abilities Clause: Evasion abilities are banned\n|rule|Evasion Items Clause: Evasion items are banned\n|rule|Evasion Moves Clause: Evasion moves are banned\n|rule|Species Clause: Limit one of each Pok\u00e9mon\n|rule|Sleep Clause Mod: Limit one foe put to sleep\n|clearpoke\n|poke|p1|Kingdra, F|\n|poke|p1|Luxray, M|\n|poke|p1|Scolipede, F|\n|poke|p1|Typhlosion-Hisui, M|\n|poke|p1|Hydreigon, F|\n|poke|p1|Absol, M|\n|poke|p2|Corviknight, F|\n|poke|p2|Typhlosion-Hisui, F|\n|poke|p2|Ferrothorn, M|\n|poke|p2|Bellibolt, F|\n|poke|p2|Incineroar, F|\n|poke|p2|Urshifu-*, M|\n|teampreview\n|\n|t:|1700043544\n|start\n|switch|p1a: Kingdra|Kingdra, F|100\/100\n|switch|p2a: Ferrothorn|Ferrothorn, M|100\/100\n|turn|1\n|inactive|Battle timer is ON: inactive players will automatically lose when time's up. (requested by chujwdupetebowi)\n|\n|t:|1700043552\n|switch|p1a: Typhlosion|Typhlosion-Hisui, M|100\/100\n|-item|p2a: Ferrothorn|Heavy-Duty Boots|[from] ability: Frisk|[of] p1a: Typhlosion|[identify]\n|move|p2a: Ferrothorn|Stealth Rock|p1a: Typhlosion\n|-sidestart|p1: Jaspo|move: Stealth Rock\n|\n|upkeep\n|turn|2\n|\n|t:|1700043568\n|switch|p2a: Incineroar|Incineroar, F|100\/100\n|-ability|p2a: Incineroar|Intimidate|boost\n|-unboost|p1a: Typhlosion|atk|1\n|-zpower|p1a: Typhlosion\n|move|p1a: Typhlosion|All-Out Pummeling|p2a: Incineroar|[zeffect]\n|-supereffective|p2a: Incineroar\n|-damage|p2a: Incineroar|0 fnt\n|faint|p2a: Incineroar\n|\n|upkeep\n|\n|t:|1700043591\n|switch|p2a: Urshifu|Urshifu-Rapid-Strike, M|100\/100\n|turn|3\n|\n|t:|1700043594\n|switch|p1a: Kingdra|Kingdra, F|100\/100\n|-damage|p1a: Kingdra|88\/100|[from] Stealth Rock\n|move|p2a: Urshifu|Surging Strikes|p1a: Kingdra\n|-resisted|p1a: Kingdra\n|-crit|p1a: Kingdra\n|-damage|p1a: Kingdra|83\/100\n|-resisted|p1a: Kingdra\n|-crit|p1a: Kingdra\n|-damage|p1a: Kingdra|78\/100\n|-resisted|p1a: Kingdra\n|-crit|p1a: Kingdra\n|-damage|p1a: Kingdra|73\/100\n|-hitcount|p1a: Kingdra|3\n|\n|upkeep\n|turn|4\n|\n|t:|1700043606\n|switch|p2a: Ferrothorn|Ferrothorn, M|100\/100\n|move|p1a: Kingdra|Scale Shot|p2a: Ferrothorn\n|-resisted|p2a: Ferrothorn\n|-damage|p2a: Ferrothorn|97\/100\n|-resisted|p2a: Ferrothorn\n|-damage|p2a: Ferrothorn|93\/100\n|-resisted|p2a: Ferrothorn\n|-damage|p2a: Ferrothorn|89\/100\n|-resisted|p2a: Ferrothorn\n|-damage|p2a: Ferrothorn|85\/100\n|-hitcount|p2a: Ferrothorn|4\n|-unboost|p1a: Kingdra|def|1\n|-boost|p1a: Kingdra|spe|1\n|\n|upkeep\n|turn|5\n|\n|t:|1700043618\n|switch|p1a: Typhlosion|Typhlosion-Hisui, M|100\/100\n|-damage|p1a: Typhlosion|76\/100|[from] Stealth Rock\n|-item|p2a: Ferrothorn|Heavy-Duty Boots|[from] ability: Frisk|[of] p1a: Typhlosion|[identify]\n|move|p2a: Ferrothorn|Leech Seed|p1a: Typhlosion\n|-start|p1a: Typhlosion|move: Leech Seed\n|\n|-damage|p1a: Typhlosion|63\/100|[from] Leech Seed|[of] p2a: Ferrothorn\n|-heal|p2a: Ferrothorn|99\/100|[silent]\n|upkeep\n|turn|6\n|\n|t:|1700043627\n|move|p1a: Typhlosion|Burn Up|p2a: Ferrothorn\n|-supereffective|p2a: Ferrothorn\n|-damage|p2a: Ferrothorn|0 fnt\n|-start|p1a: Typhlosion|typechange|???\/Ghost|[from] move: Burn Up\n|faint|p2a: Ferrothorn\n|\n|upkeep\n|\n|t:|1700043648\n|switch|p2a: Bellibolt|Bellibolt, F|100\/100\n|turn|7\n|\n|t:|1700043658\n|switch|p1a: Luxray|Luxray, M|100\/100\n|-ability|p1a: Luxray|Intimidate|boost\n|-unboost|p2a: Bellibolt|atk|1\n|move|p2a: Bellibolt|Discharge|p1a: Luxray\n|-resisted|p1a: Luxray\n|-damage|p1a: Luxray|77\/100\n|\n|upkeep\n|turn|8\n|\n|t:|1700043667\n|switch|p2a: Typhlosion|Typhlosion-Hisui, F|100\/100\n|-item|p1a: Luxray|Heavy-Duty Boots|[from] ability: Frisk|[of] p2a: Typhlosion|[identify]\n|move|p1a: Luxray|Roar|p2a: Typhlosion\n|drag|p2a: Urshifu|Urshifu-Rapid-Strike, M|100\/100\n|\n|upkeep\n|turn|9\n|\n|t:|1700043697\n|-terastallize|p2a: Urshifu|Steel\n|move|p2a: Urshifu|Surging Strikes|p1a: Luxray\n|-crit|p1a: Luxray\n|-damage|p1a: Luxray|54\/100\n|-crit|p1a: Luxray\n|-damage|p1a: Luxray|30\/100\n|-crit|p1a: Luxray\n|-damage|p1a: Luxray|6\/100\n|-hitcount|p1a: Luxray|3\n|move|p1a: Luxray|Psychic Fangs|p2a: Urshifu\n|-resisted|p2a: Urshifu\n|-damage|p2a: Urshifu|88\/100\n|\n|upkeep\n|turn|10\n|\n|t:|1700043709\n|move|p2a: Urshifu|Surging Strikes|p1a: Luxray\n|-crit|p1a: Luxray\n|-damage|p1a: Luxray|0 fnt\n|faint|p1a: Luxray\n|-hitcount|p1: Luxray|1\n|\n|upkeep\n|\n|t:|1700043724\n|switch|p1a: Absol|Absol, M|100\/100\n|-damage|p1a: Absol|88\/100|[from] Stealth Rock\n|turn|11\n|\n|t:|1700043728\n|detailschange|p1a: Absol|Absol-Mega, M\n|-mega|p1a: Absol|Absol|Absolite\n|move|p2a: Urshifu|Surging Strikes|p1a: Absol\n|-crit|p1a: Absol\n|-damage|p1a: Absol|51\/100\n|-crit|p1a: Absol\n|-damage|p1a: Absol|8\/100\n|-crit|p1a: Absol\n|-damage|p1a: Absol|0 fnt\n|faint|p1a: Absol\n|-hitcount|p1: Absol|3\n|\n|upkeep\n|\n|t:|1700043737\n|switch|p1a: Typhlosion|Typhlosion-Hisui, M|63\/100\n|-damage|p1a: Typhlosion|38\/100|[from] Stealth Rock\n|-item|p2a: Urshifu|Choice Scarf|[from] ability: Frisk|[of] p1a: Typhlosion|[identify]\n|turn|12\n|\n|t:|1700043754\n|move|p2a: Urshifu|Surging Strikes|p1a: Typhlosion\n|-supereffective|p1a: Typhlosion\n|-crit|p1a: Typhlosion\n|-damage|p1a: Typhlosion|0 fnt\n|faint|p1a: Typhlosion\n|-hitcount|p1: Typhlosion|1\n|\n|upkeep\n|inactive|Jaspo has 120 seconds left.\n|n|\u2606chujwdupetebowi|chujwdupetebowi\n|\n|t:|1700043797\n|switch|p1a: Scolipede|Scolipede, F, shiny|100\/100\n|-damage|p1a: Scolipede|76\/100|[from] Stealth Rock\n|turn|13\n|c|\u2606chujwdupetebowi|pierdol sie nygusie\\\n|\n|t:|1700043811\n|move|p1a: Scolipede|Protect|p1a: Scolipede\n|-singleturn|p1a: Scolipede|Protect\n|move|p2a: Urshifu|Surging Strikes|p1a: Scolipede\n|-crit|p1a: Scolipede\n|-damage|p1a: Scolipede|46\/100\n|-crit|p1a: Scolipede\n|-damage|p1a: Scolipede|15\/100\n|-crit|p1a: Scolipede\n|-damage|p1a: Scolipede|0 fnt\n|faint|p1a: Scolipede\n|-hitcount|p1: Scolipede|3\n|\n|upkeep\n|inactive|Jaspo has 120 seconds left.\n|c|\u2606chujwdupetebowi|ez\n|\n|t:|1700043823\n|switch|p1a: Kingdra|Kingdra, F|73\/100\n|-damage|p1a: Kingdra|61\/100|[from] Stealth Rock\n|turn|14\n|inactive|Jaspo has 120 seconds left.\n|c|\u2606Jaspo|okay then bye\n|-message|Jaspo forfeited.\n|\n|win|chujwdupetebowi\n|raw|Jaspo's rating: 1087 &rarr; <strong>1069<\/strong><br \/>(-18 for losing)\n|raw|chujwdupetebowi's rating: 1158 &rarr; <strong>1178<\/strong><br \/>(+20 for winning)\n|l|\u2606Jaspo\n","uploadtime":1700043809,"views":4,"p1id":"jaspo","p2id":"chujwdupetebowi","formatid":"gen9nationaldex","rating":1069,"private":0,"password":""}