{"id":"gen9nationaldex-1988571923","p1":"akyraaiko","p2":"Ekkogandr","format":"[Gen 9] National Dex","log":"|j|\u2606akyraaiko\n|j|\u2606Ekkogandr\n|t:|1699737451\n|gametype|singles\n|player|p1|akyraaiko|beauty-gen4dp|\n|player|p2|Ekkogandr|turo-ai|\n|teamsize|p1|6\n|teamsize|p2|6\n|gen|9\n|tier|[Gen 9] National Dex\n|rule|HP Percentage Mod: HP is shown in percentages\n|rule|Endless Battle Clause: Forcing endless battles is banned\n|rule|OHKO Clause: OHKO moves are banned\n|rule|Evasion Clause: Evasion abilities, items, and moves are banned\n|rule|Evasion Abilities Clause: Evasion abilities are banned\n|rule|Evasion Items Clause: Evasion items are banned\n|rule|Evasion Moves Clause: Evasion moves are banned\n|rule|Species Clause: Limit one of each Pok\u00e9mon\n|rule|Sleep Clause Mod: Limit one foe put to sleep\n|clearpoke\n|poke|p1|Iron Moth|\n|poke|p1|Aerodactyl, F|\n|poke|p1|Pikachu-Original, M|\n|poke|p1|Greninja-*, M|\n|poke|p1|Lycanroc-Dusk, M|\n|poke|p1|Ting-Lu|\n|poke|p2|Zamazenta-*|\n|poke|p2|Scizor, M|\n|poke|p2|Iron Valiant|\n|poke|p2|Heatran, F|\n|poke|p2|Rotom-Wash|\n|poke|p2|Ting-Lu|\n|teampreview\n|\n|t:|1699737456\n|start\n|switch|p1a: Pikachu|Pikachu-Original, M|100\/100\n|switch|p2a: Ting-Lu|Ting-Lu|100\/100\n|-ability|p2a: Ting-Lu|Vessel of Ruin\n|turn|1\n|\n|t:|1699737468\n|move|p1a: Pikachu|Surf|p2a: Ting-Lu\n|-supereffective|p2a: Ting-Lu\n|-damage|p2a: Ting-Lu|69\/100\n|move|p2a: Ting-Lu|Stealth Rock|p1a: Pikachu\n|-sidestart|p1: akyraaiko|move: Stealth Rock\n|\n|-heal|p2a: Ting-Lu|75\/100|[from] item: Leftovers\n|upkeep\n|turn|2\n|\n|t:|1699737477\n|switch|p1a: Aerodactyl|Aerodactyl, F|100\/100\n|-damage|p1a: Aerodactyl|76\/100|[from] Stealth Rock\n|move|p2a: Ting-Lu|Earthquake|p1a: Aerodactyl\n|-immune|p1a: Aerodactyl\n|\n|-heal|p2a: Ting-Lu|81\/100|[from] item: Leftovers\n|upkeep\n|turn|3\n|c|\u2606Ekkogandr|caralho\n|\n|t:|1699737490\n|switch|p2a: Rotom|Rotom-Wash|100\/100\n|detailschange|p1a: Aerodactyl|Aerodactyl-Mega, F\n|-mega|p1a: Aerodactyl|Aerodactyl|Aerodactylite\n|move|p1a: Aerodactyl|Aqua Tail|p2a: Rotom\n|-resisted|p2a: Rotom\n|-damage|p2a: Rotom|83\/100\n|\n|-heal|p2a: Rotom|89\/100|[from] item: Leftovers\n|upkeep\n|turn|4\n|c|\u2606akyraaiko|minha chance \u00e9 vc errar  ne\n|c|\u2606Ekkogandr|claro\n|\n|t:|1699737535\n|switch|p1a: Pikachu|Pikachu-Original, M|100\/100\n|-damage|p1a: Pikachu|88\/100|[from] Stealth Rock\n|move|p2a: Rotom|Volt Switch|p1a: Pikachu\n|-ability|p1a: Pikachu|Lightning Rod|boost\n|-boost|p1a: Pikachu|spa|1\n|\n|-heal|p2a: Rotom|96\/100|[from] item: Leftovers\n|upkeep\n|turn|5\n|c|\u2606akyraaiko|ihul\n|c|\u2606Ekkogandr|a\n|\n|t:|1699737554\n|switch|p2a: Ting-Lu|Ting-Lu|81\/100\n|-ability|p2a: Ting-Lu|Vessel of Ruin\n|move|p1a: Pikachu|Iron Tail|p2a: Ting-Lu\n|-damage|p2a: Ting-Lu|59\/100\n|\n|-heal|p2a: Ting-Lu|65\/100|[from] item: Leftovers\n|upkeep\n|turn|6\n|\n|t:|1699737561\n|-terastallize|p1a: Pikachu|Flying\n|move|p1a: Pikachu|Surf|p2a: Ting-Lu\n|-supereffective|p2a: Ting-Lu\n|-crit|p2a: Ting-Lu\n|-damage|p2a: Ting-Lu|0 fnt\n|faint|p2a: Ting-Lu\n|\n|upkeep\n|c|\u2606Ekkogandr|CARALHO FILHO DA PUTA\n|\n|t:|1699737579\n|switch|p2a: Zamazenta|Zamazenta|100\/100\n|-ability|p2a: Zamazenta|Dauntless Shield|boost\n|-boost|p2a: Zamazenta|def|1\n|turn|7\n|\n|t:|1699737591\n|move|p2a: Zamazenta|Crunch|p1a: Pikachu\n|-damage|p1a: Pikachu|0 fnt\n|faint|p1a: Pikachu\n|\n|upkeep\n|c|\u2606akyraaiko|bem veloz esse cara em\n|c|\u2606Ekkogandr|s\u00f3 pra caralho\n|\n|t:|1699737621\n|switch|p1a: Aerodactyl|Aerodactyl-Mega, F|76\/100\n|-damage|p1a: Aerodactyl|51\/100|[from] Stealth Rock\n|turn|8\n|c|\u2606Ekkogandr|ala o fdp mas rapido\n|c|\u2606akyraaiko|KKKKKKKKKKKK s\n|\n|t:|1699737638\n|move|p1a: Aerodactyl|Aqua Tail|p2a: Zamazenta\n|-damage|p2a: Zamazenta|74\/100\n|move|p2a: Zamazenta|Crunch|p1a: Aerodactyl\n|-damage|p1a: Aerodactyl|0 fnt\n|faint|p1a: Aerodactyl\n|\n|upkeep\n|c|\u2606Ekkogandr|mais\n|c|\u2606akyraaiko|n tinha ataque voador\n|c|\u2606akyraaiko|mosquei\n|c|\u2606Ekkogandr|L\n|\n|t:|1699737651\n|switch|p1a: Iron Moth|Iron Moth|100\/100\n|-damage|p1a: Iron Moth|76\/100|[from] Stealth Rock\n|turn|9\n|c|\u2606akyraaiko|fiz\n|c|\u2606akyraaiko|agoramamei pq o jogon conttou o ataque\n|c|\u2606akyraaiko|porra de teclado\n|\n|t:|1699737676\n|switch|p2a: Heatran|Heatran, F|100\/100\n|move|p1a: Iron Moth|Sludge Wave|p2a: Heatran\n|-immune|p2a: Heatran\n|\n|-heal|p1a: Iron Moth|82\/100|[from] item: Leftovers\n|upkeep\n|turn|10\n|\n|t:|1699737682\n|-end|p1a: Iron Moth|Quark Drive|[silent]\n|switch|p1a: Greninja|Greninja, M|100\/100\n|-damage|p1a: Greninja|88\/100|[from] Stealth Rock\n|move|p2a: Heatran|Earth Power|p1a: Greninja\n|-damage|p1a: Greninja|40\/100\n|\n|upkeep\n|turn|11\n|\n|t:|1699737687\n|move|p1a: Greninja|Water Shuriken|p2a: Heatran\n|-supereffective|p2a: Heatran\n|-damage|p2a: Heatran|90\/100\n|-supereffective|p2a: Heatran\n|-damage|p2a: Heatran|77\/100\n|-supereffective|p2a: Heatran\n|-crit|p2a: Heatran\n|-damage|p2a: Heatran|60\/100\n|-hitcount|p2a: Heatran|3\n|move|p2a: Heatran|Earth Power|p1a: Greninja\n|-damage|p1a: Greninja|0 fnt\n|faint|p1a: Greninja\n|\n|-heal|p2a: Heatran|66\/100|[from] item: Leftovers\n|upkeep\n|c|\u2606akyraaiko|F\n|\n|t:|1699737694\n|switch|p1a: Ting-Lu|Ting-Lu|100\/100\n|-damage|p1a: Ting-Lu|94\/100|[from] Stealth Rock\n|-ability|p1a: Ting-Lu|Vessel of Ruin\n|turn|12\n|\n|t:|1699737701\n|switch|p2a: Rotom|Rotom-Wash|96\/100\n|move|p1a: Ting-Lu|Stealth Rock|p2a: Rotom\n|-sidestart|p2: Ekkogandr|move: Stealth Rock\n|\n|-heal|p2a: Rotom|100\/100|[from] item: Leftovers\n|-heal|p1a: Ting-Lu|100\/100|[from] item: Leftovers\n|upkeep\n|turn|13\n|c|\u2606Ekkogandr|meu heatran ofensivo j\u00e1 tankou 5 water shurikens de um greninja\n|\n|t:|1699737718\n|move|p2a: Rotom|Hydro Pump|p1a: Ting-Lu\n|-supereffective|p1a: Ting-Lu\n|-damage|p1a: Ting-Lu|50\/100\n|move|p1a: Ting-Lu|Body Press|p2a: Rotom\n|-damage|p2a: Rotom|79\/100\n|\n|-heal|p2a: Rotom|86\/100|[from] item: Leftovers\n|-heal|p1a: Ting-Lu|57\/100|[from] item: Leftovers\n|upkeep\n|turn|14\n|\n|t:|1699737722\n|move|p2a: Rotom|Hydro Pump|p1a: Ting-Lu\n|-supereffective|p1a: Ting-Lu\n|-damage|p1a: Ting-Lu|10\/100\n|move|p1a: Ting-Lu|Body Press|p2a: Rotom\n|-damage|p2a: Rotom|63\/100\n|\n|-heal|p2a: Rotom|69\/100|[from] item: Leftovers\n|-heal|p1a: Ting-Lu|16\/100|[from] item: Leftovers\n|upkeep\n|turn|15\n|\n|t:|1699737725\n|move|p2a: Rotom|Defog|p1a: Ting-Lu\n|-unboost|p1a: Ting-Lu|evasion|1\n|-sideend|p1: akyraaiko|Stealth Rock|[from] move: Defog|[of] p2a: Rotom\n|-sideend|p2: Ekkogandr|Stealth Rock|[from] move: Defog|[of] p2a: Rotom\n|move|p1a: Ting-Lu|Body Press|p2a: Rotom\n|-damage|p2a: Rotom|48\/100\n|\n|-heal|p2a: Rotom|54\/100|[from] item: Leftovers\n|-heal|p1a: Ting-Lu|22\/100|[from] item: Leftovers\n|upkeep\n|turn|16\n|\n|t:|1699737728\n|move|p2a: Rotom|Hydro Pump|p1a: Ting-Lu\n|-supereffective|p1a: Ting-Lu\n|-damage|p1a: Ting-Lu|0 fnt\n|faint|p1a: Ting-Lu\n|\n|-heal|p2a: Rotom|60\/100|[from] item: Leftovers\n|upkeep\n|\n|t:|1699737735\n|switch|p1a: Iron Moth|Iron Moth|82\/100\n|turn|17\n|c|\u2606Ekkogandr|meu rotom t\u00e1 de \u00f3culos\n|\n|t:|1699737740\n|switch|p2a: Heatran|Heatran, F|66\/100\n|move|p1a: Iron Moth|Sludge Wave|p2a: Heatran\n|-immune|p2a: Heatran\n|\n|-heal|p1a: Iron Moth|88\/100|[from] item: Leftovers\n|-heal|p2a: Heatran|73\/100|[from] item: Leftovers\n|upkeep\n|turn|18\n|c|\u2606akyraaiko|n vai acertar\n|c|\u2606akyraaiko|FELA\n|\n|t:|1699737749\n|-end|p1a: Iron Moth|Quark Drive|[silent]\n|switch|p1a: Lycanroc|Lycanroc-Dusk, M, shiny|100\/100\n|move|p2a: Heatran|Earth Power|p1a: Lycanroc\n|-supereffective|p1a: Lycanroc\n|-damage|p1a: Lycanroc|13\/100\n|\n|-heal|p2a: Heatran|79\/100|[from] item: Leftovers\n|upkeep\n|turn|19\n|\n|t:|1699737758\n|-terastallize|p2a: Heatran|Grass\n|move|p1a: Lycanroc|Drill Run|p2a: Heatran\n|-resisted|p2a: Heatran\n|-damage|p2a: Heatran|63\/100\n|move|p2a: Heatran|Earth Power|p1a: Lycanroc\n|-supereffective|p1a: Lycanroc\n|-damage|p1a: Lycanroc|0 fnt\n|faint|p1a: Lycanroc\n|\n|-heal|p2a: Heatran|69\/100|[from] item: Leftovers\n|upkeep\n|\n|t:|1699737760\n|switch|p1a: Iron Moth|Iron Moth|88\/100\n|turn|20\n|\n|t:|1699737762\n|move|p1a: Iron Moth|Fiery Dance|p2a: Heatran\n|-start|p2a: Heatran|ability: Flash Fire\n|move|p2a: Heatran|Earth Power|p1a: Iron Moth\n|-supereffective|p1a: Iron Moth\n|-damage|p1a: Iron Moth|0 fnt\n|faint|p1a: Iron Moth\n|-end|p1a: Iron Moth|Quark Drive|[silent]\n|\n|win|Ekkogandr\n|c|\u2606akyraaiko|a\n|l|\u2606akyraaiko\n|c|\u2606Ekkogandr|eeee krl\n","uploadtime":1699737773,"views":4,"p1id":"akyraaiko","p2id":"ekkogandr","formatid":"gen9nationaldex","rating":0,"private":0,"password":""}