{"id":"gen9nationaldex-1998073267","p1":"xxxx123","p2":"Yuanshen61\u6211\u8981\u73a9\u539f\u795e","format":"[Gen 9] National Dex","log":"|html|<div class=\"broadcast-blue\"><strong>[Gen 9] National Dex is currently suspecting Sneasler! For information on how to participate check out the <a href=\"https:\/\/www.smogon.com\/forums\/threads\/sv-national-dex-suspect-8-just-dance.3731534\/\">suspect thread<\/a>.<\/strong><\/div>\n|j|\u2606xxxx123\n|j|\u2606Yuanshen61\u6211\u8981\u73a9\u539f\u795e\n|t:|1700887065\n|gametype|singles\n|player|p1|xxxx123|clown|1353\n|player|p2|Yuanshen61\u6211\u8981\u73a9\u539f\u795e|dawn-contest|1480\n|teamsize|p1|6\n|teamsize|p2|6\n|gen|9\n|tier|[Gen 9] National Dex\n|rated|\n|rule|HP Percentage Mod: HP is shown in percentages\n|rule|Endless Battle Clause: Forcing endless battles is banned\n|rule|OHKO Clause: OHKO moves are banned\n|rule|Evasion Clause: Evasion abilities, items, and moves are banned\n|rule|Evasion Abilities Clause: Evasion abilities are banned\n|rule|Evasion Items Clause: Evasion items are banned\n|rule|Evasion Moves Clause: Evasion moves are banned\n|rule|Species Clause: Limit one of each Pok\u00e9mon\n|rule|Sleep Clause Mod: Limit one foe put to sleep\n|clearpoke\n|poke|p1|Mawile, M|\n|poke|p1|Marowak-Alola, F|\n|poke|p1|Hatterene, F|\n|poke|p1|Cresselia, F|\n|poke|p1|Porygon2|\n|poke|p1|Ursaluna, M|\n|poke|p2|Ditto|\n|poke|p2|Alomomola, M|\n|poke|p2|Lopunny, M|\n|poke|p2|Xurkitree|\n|poke|p2|Corviknight, M|\n|poke|p2|Zoroark, M|\n|teampreview\n|inactive|Battle timer is ON: inactive players will automatically lose when time's up. (requested by Yuanshen61\u6211\u8981\u73a9\u539f\u795e)\n|inactive|xxxx123 also wants the timer to be on.\n|\n|t:|1700887089\n|start\n|switch|p1a: Hatterene|Hatterene, F|100\/100\n|switch|p2a: Lopunny|Lopunny, M|100\/100\n|turn|1\n|\n|t:|1700887099\n|detailschange|p2a: Lopunny|Lopunny-Mega, M\n|-mega|p2a: Lopunny|Lopunny|Lopunnite\n|move|p2a: Lopunny|Fake Out|p1a: Hatterene\n|-damage|p1a: Hatterene|76\/100\n|cant|p1a: Hatterene|flinch\n|\n|upkeep\n|turn|2\n|\n|t:|1700887105\n|move|p2a: Lopunny|Frustration|p1a: Hatterene\n|-damage|p1a: Hatterene|18\/100\n|move|p1a: Hatterene|Trick Room|p1a: Hatterene\n|-fieldstart|move: Trick Room|[of] p1a: Hatterene\n|\n|upkeep\n|turn|3\n|\n|t:|1700887111\n|switch|p2a: Corviknight|Corviknight, M|100\/100\n|-ability|p2a: Corviknight|Pressure\n|move|p1a: Hatterene|Misty Explosion|p2a: Corviknight\n|-resisted|p2a: Corviknight\n|-damage|p2a: Corviknight|81\/100\n|faint|p1a: Hatterene\n|\n|-heal|p2a: Corviknight|87\/100|[from] item: Leftovers\n|upkeep\n|\n|t:|1700887125\n|switch|p1a: Marowak|Marowak-Alola, F|100\/100\n|turn|4\n|\n|t:|1700887133\n|switch|p2a: Alomomola|Alomomola, M|100\/100\n|-terastallize|p1a: Marowak|Ghost\n|move|p1a: Marowak|Poltergeist|p2a: Alomomola\n|-activate|p2a: Alomomola|move: Poltergeist|Heavy-Duty Boots\n|-damage|p2a: Alomomola|32\/100\n|\n|upkeep\n|turn|5\n|\n|t:|1700887144\n|move|p2a: Alomomola|Protect|p2a: Alomomola\n|-singleturn|p2a: Alomomola|Protect\n|move|p1a: Marowak|Poltergeist|p2a: Alomomola\n|-activate|p2a: Alomomola|move: Protect\n|\n|upkeep\n|turn|6\n|\n|t:|1700887147\n|switch|p2a: Lopunny|Lopunny-Mega, M|100\/100\n|move|p1a: Marowak|Poltergeist|p2a: Lopunny\n|-immune|p2a: Lopunny\n|\n|-fieldend|move: Trick Room\n|upkeep\n|turn|7\n|\n|t:|1700887151\n|move|p2a: Lopunny|Fake Out|p1a: Marowak\n|-damage|p1a: Marowak|79\/100\n|cant|p1a: Marowak|flinch\n|\n|upkeep\n|turn|8\n|\n|t:|1700887156\n|move|p2a: Lopunny|Close Combat|p1a: Marowak\n|-damage|p1a: Marowak|17\/100\n|-unboost|p2a: Lopunny|def|1\n|-unboost|p2a: Lopunny|spd|1\n|move|p1a: Marowak|Flare Blitz|p2a: Lopunny\n|-damage|p2a: Lopunny|0 fnt\n|faint|p2a: Lopunny\n|\n|upkeep\n|\n|t:|1700887162\n|switch|p2a: Xurkitree|Xurkitree|100\/100\n|turn|9\n|\n|t:|1700887168\n|switch|p1a: Ursaluna|Ursaluna, M|100\/100\n|move|p2a: Xurkitree|Energy Ball|p1a: Ursaluna\n|-supereffective|p1a: Ursaluna\n|-damage|p1a: Ursaluna|29\/100\n|\n|-status|p1a: Ursaluna|brn|[from] item: Flame Orb\n|upkeep\n|turn|10\n|\n|t:|1700887173\n|move|p2a: Xurkitree|Energy Ball|p1a: Ursaluna\n|-supereffective|p1a: Ursaluna\n|-damage|p1a: Ursaluna|0 fnt\n|faint|p1a: Ursaluna\n|-ability|p2a: Xurkitree|Beast Boost|boost\n|-boost|p2a: Xurkitree|spa|1\n|\n|upkeep\n|\n|t:|1700887178\n|switch|p1a: Cresselia|Cresselia, F|100\/100\n|turn|11\n|\n|t:|1700887181\n|move|p2a: Xurkitree|Hypnosis|p1a: Cresselia\n|-status|p1a: Cresselia|slp|[from] move: Hypnosis\n|cant|p1a: Cresselia|slp\n|\n|upkeep\n|turn|12\n|\n|t:|1700887185\n|move|p2a: Xurkitree|Tail Glow|p2a: Xurkitree\n|-boost|p2a: Xurkitree|spa|3\n|cant|p1a: Cresselia|slp\n|\n|upkeep\n|turn|13\n|\n|t:|1700887187\n|move|p2a: Xurkitree|Thunderbolt|p1a: Cresselia\n|-damage|p1a: Cresselia|0 fnt\n|faint|p1a: Cresselia\n|-ability|p2a: Xurkitree|Beast Boost|boost\n|-boost|p2a: Xurkitree|spa|1\n|\n|upkeep\n|\n|t:|1700887192\n|switch|p1a: Porygon2|Porygon2|100\/100\n|-ability|p1a: Porygon2|Beast Boost|[from] ability: Trace|[of] p2a: Xurkitree\n|turn|14\n|\n|t:|1700887194\n|move|p2a: Xurkitree|Thunderbolt|p1a: Porygon2\n|-damage|p1a: Porygon2|0 fnt\n|faint|p1a: Porygon2\n|-ability|p2a: Xurkitree|Beast Boost|boost\n|-boost|p2a: Xurkitree|spa|1\n|\n|upkeep\n|\n|t:|1700887197\n|switch|p1a: Mawile|Mawile, M|100\/100\n|-ability|p1a: Mawile|Intimidate|boost\n|-unboost|p2a: Xurkitree|atk|1\n|turn|15\n|\n|t:|1700887200\n|detailschange|p1a: Mawile|Mawile-Mega, M\n|-mega|p1a: Mawile|Mawile|Mawilite\n|move|p1a: Mawile|Sucker Punch||[still]\n|-fail|p1a: Mawile\n|-zpower|p2a: Xurkitree\n|move|p2a: Xurkitree|Z-Hypnosis|p1a: Mawile|[anim]Hypnosis\n|-boost|p2a: Xurkitree|spe|1|[zeffect]\n|-status|p1a: Mawile|slp|[from] move: Hypnosis\n|\n|upkeep\n|turn|16\n|-message|xxxx123 forfeited.\n|\n|win|Yuanshen61\u6211\u8981\u73a9\u539f\u795e\n|raw|xxxx123's rating: 1353 &rarr; <strong>1340<\/strong><br \/>(-13 for losing)\n|raw|Yuanshen61\u6211\u8981\u73a9\u539f\u795e's rating: 1480 &rarr; <strong>1493<\/strong><br \/>(+13 for winning)\n","uploadtime":1700887209,"views":1,"p1id":"xxxx123","p2id":"yuanshen61","formatid":"gen9nationaldex","rating":1340,"private":0,"password":""}