{"id":"gen9nationaldex-1987691128","p1":"GL Garchomps","p2":"Hecticashiin","format":"[Gen 9] National Dex","log":"|j|\u2606GL Garchomps\n|j|\u2606Hecticashiin\n|t:|1699628066\n|gametype|singles\n|player|p1|GL Garchomps|dragontamer|\n|player|p2|Hecticashiin|101|\n|teamsize|p1|6\n|teamsize|p2|6\n|gen|9\n|tier|[Gen 9] National Dex\n|rule|HP Percentage Mod: HP is shown in percentages\n|rule|Endless Battle Clause: Forcing endless battles is banned\n|rule|OHKO Clause: OHKO moves are banned\n|rule|Evasion Clause: Evasion abilities, items, and moves are banned\n|rule|Evasion Abilities Clause: Evasion abilities are banned\n|rule|Evasion Items Clause: Evasion items are banned\n|rule|Evasion Moves Clause: Evasion moves are banned\n|rule|Species Clause: Limit one of each Pok\u00e9mon\n|rule|Sleep Clause Mod: Limit one foe put to sleep\n|clearpoke\n|poke|p1|Drapion, M|\n|poke|p1|Metagross|\n|poke|p1|Quaquaval, M|\n|poke|p1|Meowscarada, M|\n|poke|p1|Pyroar, F|\n|poke|p1|Salamence, M|\n|poke|p2|Electivire, M|\n|poke|p2|Klefki, M|\n|poke|p2|Dragalge, F|\n|poke|p2|Infernape, F|\n|poke|p2|Stantler, F|\n|poke|p2|Lokix, F|\n|teampreview\n|c|\u2606Hecticashiin|Mb showdown was being so dofficult\n|c|\u2606Hecticashiin|and my phone is low charge\n|c|\u2606GL Garchomps|its okay\n|c|\u2606Hecticashiin|so every second it turns off\n|c|\u2606Hecticashiin|gl\n|j| PorygonTheBot\n|c| PorygonTheBot|This game looks fun!\n|c|\u2606GL Garchomps|gl hf\n|\n|t:|1699628115\n|start\n|switch|p1a: Drapion|Drapion, M, shiny|100\/100\n|switch|p2a: Electivire|Electivire, M|100\/100\n|turn|1\n|\n|t:|1699628130\n|move|p1a: Drapion|Knock Off|p2a: Electivire\n|-damage|p2a: Electivire|41\/100\n|-enditem|p2a: Electivire|Light Clay|[from] move: Knock Off|[of] p1a: Drapion\n|move|p2a: Electivire|Reflect|p2a: Electivire\n|-sidestart|p2: Hecticashiin|Reflect\n|\n|upkeep\n|turn|2\n|\n|t:|1699628142\n|move|p1a: Drapion|Earthquake|p2a: Electivire\n|-supereffective|p2a: Electivire\n|-damage|p2a: Electivire|0 fnt\n|faint|p2a: Electivire\n|\n|upkeep\n|\n|t:|1699628162\n|switch|p2a: Lokix|Lokix, F|100\/100\n|turn|3\n|\n|t:|1699628179\n|move|p2a: Lokix|U-turn|p1a: Drapion\n|-damage|p1a: Drapion|65\/100\n|\n|t:|1699628184\n|switch|p2a: Dragalge|Dragalge, F|100\/100|[from] U-turn\n|move|p1a: Drapion|Brick Break|p2a: Dragalge\n|-sideend|p2: Hecticashiin|Reflect\n|-resisted|p2a: Dragalge\n|-damage|p2a: Dragalge|90\/100\n|\n|upkeep\n|turn|4\n|\n|t:|1699628193\n|-terastallize|p2a: Dragalge|Grass\n|move|p1a: Drapion|Knock Off|p2a: Dragalge\n|-damage|p2a: Dragalge|50\/100\n|-enditem|p2a: Dragalge|Choice Specs|[from] move: Knock Off|[of] p1a: Drapion\n|move|p2a: Dragalge|Draco Meteor|p1a: Drapion\n|-damage|p1a: Drapion|0 fnt\n|-unboost|p2a: Dragalge|spa|2\n|faint|p1a: Drapion\n|\n|upkeep\n|\n|t:|1699628214\n|switch|p1a: Pyroar|Pyroar, F, shiny|100\/100\n|-ability|p1a: Pyroar|Unnerve\n|turn|5\n|\n|t:|1699628227\n|switch|p2a: Infernape|Infernape, F|100\/100\n|move|p1a: Pyroar|Overheat|p2a: Infernape\n|-resisted|p2a: Infernape\n|-damage|p2a: Infernape|60\/100\n|-unboost|p1a: Pyroar|spa|2\n|-enditem|p1a: Pyroar|Eject Pack\n|\n|t:|1699628257\n|switch|p1a: Quaquaval|Quaquaval, M, shiny|100\/100\n|\n|upkeep\n|turn|6\n|\n|t:|1699628280\n|move|p2a: Infernape|U-turn|p1a: Quaquaval\n|-resisted|p1a: Quaquaval\n|-damage|p1a: Quaquaval|89\/100\n|\n|t:|1699628282\n|switch|p2a: Klefki|Klefki, M|100\/100|[from] U-turn\n|-item|p2a: Klefki|Air Balloon\n|move|p1a: Quaquaval|Aqua Step|p2a: Klefki\n|-damage|p2a: Klefki|63\/100\n|-boost|p1a: Quaquaval|spe|1\n|-enditem|p2a: Klefki|Air Balloon\n|\n|upkeep\n|turn|7\n|\n|t:|1699628292\n|move|p1a: Quaquaval|Flip Turn|p2a: Klefki\n|-damage|p2a: Klefki|34\/100\n|\n|t:|1699628298\n|switch|p1a: Pyroar|Pyroar, F, shiny|100\/100|[from] Flip Turn\n|-ability|p1a: Pyroar|Unnerve\n|move|p2a: Klefki|Trick Room|p2a: Klefki\n|-fieldstart|move: Trick Room|[of] p2a: Klefki\n|\n|upkeep\n|turn|8\n|\n|t:|1699628315\n|move|p2a: Klefki|Spikes|p1a: Pyroar\n|-sidestart|p1: GL Garchomps|Spikes\n|move|p1a: Pyroar|Overheat|p2a: Klefki|[miss]\n|-miss|p1a: Pyroar|p2a: Klefki\n|\n|upkeep\n|turn|9\n|\n|t:|1699628325\n|move|p2a: Klefki|Thunder Wave|p1a: Pyroar\n|-status|p1a: Pyroar|par\n|move|p1a: Pyroar|Overheat|p2a: Klefki\n|-supereffective|p2a: Klefki\n|-damage|p2a: Klefki|0 fnt\n|-unboost|p1a: Pyroar|spa|2\n|faint|p2a: Klefki\n|\n|upkeep\n|\n|t:|1699628328\n|switch|p2a: Dragalge|Dragalge, F, tera:Grass|50\/100\n|turn|10\n|\n|t:|1699628340\n|switch|p1a: Metagross|Metagross, shiny|100\/100\n|-item|p1a: Metagross|Air Balloon\n|move|p2a: Dragalge|Sludge Wave|p1a: Metagross\n|-immune|p1a: Metagross\n|\n|upkeep\n|turn|11\n|\n|t:|1699628348\n|move|p2a: Dragalge|Flip Turn|p1a: Metagross\n|-damage|p1a: Metagross|90\/100\n|-enditem|p1a: Metagross|Air Balloon\n|\n|t:|1699628350\n|switch|p2a: Lokix|Lokix, F|100\/100|[from] Flip Turn\n|move|p1a: Metagross|Rock Polish|p1a: Metagross\n|-boost|p1a: Metagross|spe|2\n|\n|-fieldend|move: Trick Room\n|upkeep\n|turn|12\n|\n|t:|1699628366\n|switch|p1a: Quaquaval|Quaquaval, M, shiny|89\/100\n|-damage|p1a: Quaquaval|77\/100|[from] Spikes\n|switch|p2a: Stantler|Stantler, F|100\/100\n|-ability|p2a: Stantler|Intimidate|boost\n|-unboost|p1a: Quaquaval|atk|1\n|\n|upkeep\n|turn|13\n|\n|t:|1699628376\n|move|p1a: Quaquaval|Aqua Step|p2a: Stantler\n|-damage|p2a: Stantler|77\/100\n|-boost|p1a: Quaquaval|spe|1\n|move|p2a: Stantler|Hypnosis|p1a: Quaquaval|[miss]\n|-miss|p2a: Stantler|p1a: Quaquaval\n|\n|upkeep\n|turn|14\n|\n|t:|1699628387\n|move|p1a: Quaquaval|Close Combat|p2a: Stantler\n|-supereffective|p2a: Stantler\n|-damage|p2a: Stantler|14\/100\n|-unboost|p1a: Quaquaval|def|1\n|-unboost|p1a: Quaquaval|spd|1\n|move|p2a: Stantler|Hypnosis|p1a: Quaquaval\n|-status|p1a: Quaquaval|slp|[from] move: Hypnosis\n|\n|upkeep\n|turn|15\n|\n|t:|1699628405\n|switch|p1a: Salamence|Salamence, M, shiny|100\/100\n|move|p2a: Stantler|Body Slam|p1a: Salamence\n|-damage|p1a: Salamence|61\/100\n|\n|upkeep\n|turn|16\n|\n|t:|1699628414\n|move|p1a: Salamence|Dragon Dance|p1a: Salamence\n|-boost|p1a: Salamence|atk|1\n|-boost|p1a: Salamence|spe|1\n|move|p2a: Stantler|Body Slam|p1a: Salamence\n|-damage|p1a: Salamence|20\/100\n|\n|upkeep\n|turn|17\n|\n|t:|1699628424\n|switch|p2a: Dragalge|Dragalge, F, tera:Grass|50\/100\n|move|p1a: Salamence|Dual Wingbeat|p2a: Dragalge\n|-supereffective|p2a: Dragalge\n|-damage|p2a: Dragalge|0 fnt\n|faint|p2a: Dragalge\n|-ability|p1a: Salamence|Moxie|boost\n|-boost|p1a: Salamence|atk|1\n|-hitcount|p2: Dragalge|1\n|\n|upkeep\n|\n|t:|1699628429\n|switch|p2a: Lokix|Lokix, F|100\/100\n|turn|18\n|\n|t:|1699628435\n|switch|p1a: Pyroar|Pyroar, F, shiny|100\/100 par\n|-ability|p1a: Pyroar|Unnerve\n|-damage|p1a: Pyroar|88\/100 par|[from] Spikes\n|move|p2a: Lokix|U-turn|p1a: Pyroar\n|-resisted|p1a: Pyroar\n|-damage|p1a: Pyroar|44\/100 par\n|\n|t:|1699628439\n|switch|p2a: Infernape|Infernape, F|60\/100|[from] U-turn\n|\n|upkeep\n|turn|19\n|\n|t:|1699628448\n|move|p2a: Infernape|Aura Sphere|p1a: Pyroar\n|-supereffective|p1a: Pyroar\n|-damage|p1a: Pyroar|0 fnt\n|faint|p1a: Pyroar\n|\n|upkeep\n|\n|t:|1699628465\n|switch|p1a: Meowscarada|Meowscarada, M, shiny|100\/100\n|-damage|p1a: Meowscarada|88\/100|[from] Spikes\n|turn|20\n|\n|t:|1699628469\n|move|p1a: Meowscarada|Chilling Water|p2a: Infernape\n|-start|p1a: Meowscarada|typechange|Water|[from] ability: Protean\n|-supereffective|p2a: Infernape\n|-damage|p2a: Infernape|23\/100\n|-unboost|p2a: Infernape|atk|1\n|move|p2a: Infernape|Aura Sphere|p1a: Meowscarada\n|-damage|p1a: Meowscarada|43\/100\n|\n|upkeep\n|turn|21\n|\n|t:|1699628481\n|switch|p2a: Stantler|Stantler, F|14\/100\n|-ability|p2a: Stantler|Intimidate|boost\n|-unboost|p1a: Meowscarada|atk|1\n|move|p1a: Meowscarada|Chilling Water|p2a: Stantler\n|-damage|p2a: Stantler|3\/100\n|-unboost|p2a: Stantler|atk|1\n|\n|upkeep\n|turn|22\n|\n|t:|1699628488\n|move|p1a: Meowscarada|Chilling Water|p2a: Stantler\n|-damage|p2a: Stantler|0 fnt\n|faint|p2a: Stantler\n|\n|upkeep\n|\n|t:|1699628492\n|switch|p2a: Lokix|Lokix, F|100\/100\n|turn|23\n|\n|t:|1699628503\n|switch|p1a: Quaquaval|Quaquaval, M, shiny|77\/100 slp\n|-damage|p1a: Quaquaval|65\/100 slp|[from] Spikes\n|move|p2a: Lokix|Lunge|p1a: Quaquaval\n|-resisted|p1a: Quaquaval\n|-damage|p1a: Quaquaval|9\/100 slp\n|-unboost|p1a: Quaquaval|atk|1\n|\n|upkeep\n|turn|24\n|\n|t:|1699628513\n|move|p2a: Lokix|Lunge|p1a: Quaquaval\n|-resisted|p1a: Quaquaval\n|-damage|p1a: Quaquaval|0 fnt\n|faint|p1a: Quaquaval\n|\n|upkeep\n|\n|t:|1699628519\n|switch|p1a: Meowscarada|Meowscarada, M, shiny|43\/100\n|-damage|p1a: Meowscarada|31\/100|[from] Spikes\n|turn|25\n|\n|t:|1699628538\n|move|p1a: Meowscarada|U-turn|p2a: Lokix\n|-start|p1a: Meowscarada|typechange|Bug|[from] ability: Protean\n|-supereffective|p2a: Lokix\n|-damage|p2a: Lokix|4\/100\n|\n|t:|1699628546\n|switch|p1a: Salamence|Salamence, M, shiny|20\/100|[from] U-turn\n|move|p2a: Lokix|Lunge|p1a: Salamence\n|-resisted|p1a: Salamence\n|-damage|p1a: Salamence|0 fnt\n|faint|p1a: Salamence\n|\n|upkeep\n|\n|t:|1699628578\n|switch|p1a: Metagross|Metagross, shiny|90\/100\n|-damage|p1a: Metagross|78\/100|[from] Spikes\n|turn|26\n|\n|t:|1699628584\n|move|p2a: Lokix|Lunge|p1a: Metagross\n|-damage|p1a: Metagross|41\/100\n|move|p1a: Metagross|Rock Polish|p1a: Metagross\n|-boost|p1a: Metagross|spe|2\n|\n|upkeep\n|turn|27\n|\n|t:|1699628591\n|move|p1a: Metagross|Ice Punch|p2a: Lokix\n|-damage|p2a: Lokix|0 fnt\n|faint|p2a: Lokix\n|\n|upkeep\n|\n|t:|1699628593\n|switch|p2a: Infernape|Infernape, F|23\/100\n|turn|28\n|\n|t:|1699628597\n|move|p2a: Infernape|Overheat|p1a: Metagross\n|-supereffective|p1a: Metagross\n|-crit|p1a: Metagross\n|-damage|p1a: Metagross|0 fnt\n|-unboost|p2a: Infernape|spa|2\n|faint|p1a: Metagross\n|\n|upkeep\n|c|\u2606Hecticashiin|Rip gg\n|c|\u2606GL Garchomps|what\n|\n|t:|1699628613\n|switch|p1a: Meowscarada|Meowscarada, M, shiny|31\/100\n|-damage|p1a: Meowscarada|19\/100|[from] Spikes\n|turn|29\n|c|\u2606Hecticashiin|U should kil me\n|\n|t:|1699628622\n|move|p1a: Meowscarada|Chilling Water|p2a: Infernape\n|-start|p1a: Meowscarada|typechange|Water|[from] ability: Protean\n|-supereffective|p2a: Infernape\n|-damage|p2a: Infernape|0 fnt\n|faint|p2a: Infernape\n|\n|win|GL Garchomps\n|c|\u2606Hecticashiin|Gg wp\n|c|\u2606GL Garchomps|gg\n|c|\u2606Hecticashiin|u got rrplay?\n|c|\u2606GL Garchomps|yeah\n|c|\u2606Hecticashiin|ty\n|l| PorygonTheBot\n|l|\u2606Hecticashiin\n","uploadtime":1699628630,"views":45,"p1id":"glgarchomps","p2id":"hecticashiin","formatid":"gen9nationaldex","rating":0,"private":0,"password":""}