{"id":"gen9nationaldex-1988465014","p1":"ihateultrabeast","p2":"Voltaris33","format":"[Gen 9] National Dex","log":"|j|\u2606ihateultrabeast\n|j|\u2606Voltaris33\n|t:|1699725807\n|gametype|singles\n|player|p1|ihateultrabeast|102|1481\n|player|p2|Voltaris33|unknown|1306\n|teamsize|p1|6\n|teamsize|p2|6\n|gen|9\n|tier|[Gen 9] National Dex\n|rated|\n|rule|HP Percentage Mod: HP is shown in percentages\n|rule|Endless Battle Clause: Forcing endless battles is banned\n|rule|OHKO Clause: OHKO moves are banned\n|rule|Evasion Clause: Evasion abilities, items, and moves are banned\n|rule|Evasion Abilities Clause: Evasion abilities are banned\n|rule|Evasion Items Clause: Evasion items are banned\n|rule|Evasion Moves Clause: Evasion moves are banned\n|rule|Species Clause: Limit one of each Pok\u00e9mon\n|rule|Sleep Clause Mod: Limit one foe put to sleep\n|clearpoke\n|poke|p1|Hatterene, F|\n|poke|p1|Stakataka|\n|poke|p1|Rillaboom, M|\n|poke|p1|Iron Hands|\n|poke|p1|Cresselia, F|\n|poke|p1|Camerupt, M|\n|poke|p2|Aegislash, M|\n|poke|p2|Ceruledge, F|\n|poke|p2|Armarouge, F|\n|poke|p2|Falinks|\n|poke|p2|Gallade, M|\n|poke|p2|Dhelmise|\n|teampreview\n|inactive|Battle timer is ON: inactive players will automatically lose when time's up. (requested by Voltaris33)\n|\n|t:|1699725821\n|start\n|switch|p1a: Hatterene|Hatterene, F|100\/100\n|switch|p2a: Armarouge|Armarouge, F|100\/100\n|turn|1\n|\n|t:|1699725827\n|move|p2a: Armarouge|Armor Cannon|p1a: Hatterene\n|-damage|p1a: Hatterene|32\/100\n|-unboost|p2a: Armarouge|def|1\n|-unboost|p2a: Armarouge|spd|1\n|move|p1a: Hatterene|Trick Room|p1a: Hatterene\n|-fieldstart|move: Trick Room|[of] p1a: Hatterene\n|\n|upkeep\n|turn|2\n|\n|t:|1699725832\n|switch|p2a: Aegislash|Aegislash, M, shiny|100\/100\n|move|p1a: Hatterene|Healing Wish|p1a: Hatterene\n|faint|p1a: Hatterene\n|\n|upkeep\n|\n|t:|1699725837\n|switch|p1a: Camerupt|Camerupt, M, shiny|100\/100\n|turn|3\n|\n|t:|1699725844\n|detailschange|p1a: Camerupt|Camerupt-Mega, M, shiny\n|-mega|p1a: Camerupt|Camerupt|Cameruptite\n|move|p2a: Aegislash|King's Shield|p2a: Aegislash\n|-singleturn|p2a: Aegislash|Protect\n|move|p1a: Camerupt|Eruption|p2a: Aegislash\n|-activate|p2a: Aegislash|move: Protect\n|\n|upkeep\n|turn|4\n|\n|t:|1699725852\n|switch|p2a: Armarouge|Armarouge, F|100\/100\n|move|p1a: Camerupt|Earth Power|p2a: Armarouge\n|-supereffective|p2a: Armarouge\n|-enditem|p2a: Armarouge|Focus Sash\n|-damage|p2a: Armarouge|1\/100\n|\n|upkeep\n|turn|5\n|\n|t:|1699725861\n|move|p1a: Camerupt|Earth Power|p2a: Armarouge\n|-supereffective|p2a: Armarouge\n|-damage|p2a: Armarouge|0 fnt\n|faint|p2a: Armarouge\n|\n|-fieldend|move: Trick Room\n|upkeep\n|\n|t:|1699725867\n|switch|p2a: Dhelmise|Dhelmise, shiny|100\/100\n|turn|6\n|\n|t:|1699725874\n|move|p2a: Dhelmise|Earthquake|p1a: Camerupt\n|-supereffective|p1a: Camerupt\n|-damage|p1a: Camerupt|17\/100\n|move|p1a: Camerupt|Eruption|p2a: Dhelmise\n|-supereffective|p2a: Dhelmise\n|-damage|p2a: Dhelmise|76\/100\n|\n|upkeep\n|turn|7\n|\n|t:|1699725882\n|switch|p1a: Cresselia|Cresselia, F, shiny|100\/100\n|move|p2a: Dhelmise|Rapid Spin|p1a: Cresselia\n|-damage|p1a: Cresselia|90\/100\n|-boost|p2a: Dhelmise|spe|1\n|\n|upkeep\n|turn|8\n|\n|t:|1699725888\n|move|p2a: Dhelmise|Poltergeist|p1a: Cresselia\n|-activate|p1a: Cresselia|move: Poltergeist|Mental Herb\n|-supereffective|p1a: Cresselia\n|-damage|p1a: Cresselia|18\/100\n|move|p1a: Cresselia|Trick Room|p1a: Cresselia\n|-fieldstart|move: Trick Room|[of] p1a: Cresselia\n|\n|upkeep\n|turn|9\n|\n|t:|1699725893\n|move|p1a: Cresselia|Lunar Dance|p1a: Cresselia\n|faint|p1a: Cresselia\n|move|p2a: Dhelmise|Anchor Shot|p1: Cresselia|[notarget]\n|-fail|p2a: Dhelmise\n|\n|upkeep\n|\n|t:|1699725896\n|switch|p1a: Camerupt|Camerupt-Mega, M, shiny|17\/100\n|-heal|p1a: Camerupt|100\/100|[from] move: Healing Wish\n|-heal|p1a: Camerupt|100\/100|[from] move: Lunar Dance\n|turn|10\n|\n|t:|1699725912\n|switch|p2a: Ceruledge|Ceruledge, F|100\/100\n|move|p1a: Camerupt|Hidden Power|p2a: Ceruledge\n|-resisted|p2a: Ceruledge\n|-damage|p2a: Ceruledge|85\/100\n|\n|upkeep\n|turn|11\n|\n|t:|1699725921\n|move|p2a: Ceruledge|Shadow Sneak|p1a: Camerupt\n|-damage|p1a: Camerupt|81\/100\n|move|p1a: Camerupt|Earth Power|p2a: Ceruledge\n|-supereffective|p2a: Ceruledge\n|-damage|p2a: Ceruledge|0 fnt\n|faint|p2a: Ceruledge\n|\n|upkeep\n|\n|t:|1699725925\n|switch|p2a: Aegislash|Aegislash, M, shiny|100\/100\n|turn|12\n|\n|t:|1699725933\n|move|p2a: Aegislash|King's Shield|p2a: Aegislash\n|-singleturn|p2a: Aegislash|Protect\n|move|p1a: Camerupt|Earth Power|p2a: Aegislash\n|-activate|p2a: Aegislash|move: Protect\n|\n|-fieldend|move: Trick Room\n|upkeep\n|turn|13\n|\n|t:|1699725948\n|switch|p2a: Gallade|Gallade, M, shiny|100\/100\n|move|p1a: Camerupt|Fire Blast|p2a: Gallade\n|-damage|p2a: Gallade|0 fnt\n|faint|p2a: Gallade\n|\n|upkeep\n|\n|t:|1699725951\n|switch|p2a: Dhelmise|Dhelmise, shiny|76\/100\n|turn|14\n|\n|t:|1699725956\n|move|p2a: Dhelmise|Earthquake|p1a: Camerupt\n|-supereffective|p1a: Camerupt\n|-damage|p1a: Camerupt|11\/100\n|move|p1a: Camerupt|Fire Blast|p2a: Dhelmise\n|-supereffective|p2a: Dhelmise\n|-damage|p2a: Dhelmise|0 fnt\n|faint|p2a: Dhelmise\n|\n|upkeep\n|\n|t:|1699725963\n|switch|p2a: Aegislash|Aegislash, M, shiny|100\/100\n|turn|15\n|\n|t:|1699725969\n|-formechange|p2a: Aegislash|Aegislash-Blade||[from] ability: Stance Change\n|move|p2a: Aegislash|Shadow Ball|p1a: Camerupt\n|-damage|p1a: Camerupt|0 fnt\n|faint|p1a: Camerupt\n|\n|upkeep\n|\n|t:|1699725987\n|switch|p1a: Stakataka|Stakataka|100\/100\n|turn|16\n|\n|t:|1699725995\n|move|p2a: Aegislash|Sacred Sword|p1a: Stakataka\n|-supereffective|p1a: Stakataka\n|-damage|p1a: Stakataka|16\/100\n|move|p1a: Stakataka|Trick Room|p1a: Stakataka\n|-fieldstart|move: Trick Room|[of] p1a: Stakataka\n|\n|upkeep\n|turn|17\n|\n|t:|1699726001\n|-formechange|p2a: Aegislash|Aegislash||[from] ability: Stance Change\n|move|p2a: Aegislash|King's Shield|p2a: Aegislash\n|-singleturn|p2a: Aegislash|Protect\n|move|p1a: Stakataka|Earthquake|p2a: Aegislash\n|-activate|p2a: Aegislash|move: Protect\n|\n|upkeep\n|turn|18\n|\n|t:|1699726005\n|move|p1a: Stakataka|Earthquake|p2a: Aegislash\n|-supereffective|p2a: Aegislash\n|-damage|p2a: Aegislash|0 fnt\n|faint|p2a: Aegislash\n|-ability|p1a: Stakataka|Beast Boost|boost\n|-boost|p1a: Stakataka|atk|1\n|-damage|p1a: Stakataka|6\/100|[from] item: Life Orb\n|\n|upkeep\n|\n|t:|1699726007\n|switch|p2a: Falinks|Falinks, shiny|100\/100\n|turn|19\n|\n|t:|1699726011\n|move|p1a: Stakataka|Gyro Ball|p2a: Falinks\n|-enditem|p2a: Falinks|Focus Sash\n|-damage|p2a: Falinks|1\/100\n|-damage|p1a: Stakataka|0 fnt|[from] item: Life Orb\n|faint|p1a: Stakataka\n|move|p2a: Falinks|No Retreat|p2a: Falinks\n|-boost|p2a: Falinks|atk|1\n|-boost|p2a: Falinks|def|1\n|-boost|p2a: Falinks|spa|1\n|-boost|p2a: Falinks|spd|1\n|-boost|p2a: Falinks|spe|1\n|-start|p2a: Falinks|move: No Retreat\n|\n|upkeep\n|\n|t:|1699726016\n|switch|p1a: Iron Hands|Iron Hands|100\/100\n|-enditem|p1a: Iron Hands|Booster Energy\n|-activate|p1a: Iron Hands|ability: Quark Drive|[fromitem]\n|-start|p1a: Iron Hands|quarkdriveatk\n|turn|20\n|\n|t:|1699726018\n|-terastallize|p2a: Falinks|Steel\n|move|p1a: Iron Hands|Wild Charge|p2a: Falinks\n|-damage|p2a: Falinks|0 fnt\n|faint|p2a: Falinks\n|-damage|p1a: Iron Hands|99\/100|[from] Recoil\n|\n|win|ihateultrabeast\n|raw|ihateultrabeast's rating: 1481 &rarr; <strong>1492<\/strong><br \/>(+11 for winning)\n|raw|Voltaris33's rating: 1306 &rarr; <strong>1295<\/strong><br \/>(-11 for losing)\n|l|\u2606Voltaris33\n","uploadtime":1699726034,"views":4,"p1id":"ihateultrabeast","p2id":"voltaris33","formatid":"gen9nationaldex","rating":1295,"private":0,"password":""}