{"id":"gen9nationaldex-1998374198","p1":"RARMolina","p2":"ndsnez monikaa","format":"[Gen 9] National Dex","log":"|html|<div class=\"broadcast-blue\"><strong>[Gen 9] National Dex is currently suspecting Sneasler! For information on how to participate check out the <a href=\"https:\/\/www.smogon.com\/forums\/threads\/sv-national-dex-suspect-8-just-dance.3731534\/\">suspect thread<\/a>.<\/strong><\/div>\n|j|\u2606RARMolina\n|j|\u2606ndsnez monikaa\n|t:|1700935191\n|gametype|singles\n|player|p1|RARMolina|phorus-unite|1200\n|player|p2|ndsnez monikaa|hexmaniac-gen6|1292\n|teamsize|p1|6\n|teamsize|p2|6\n|gen|9\n|tier|[Gen 9] National Dex\n|rated|\n|rule|HP Percentage Mod: HP is shown in percentages\n|rule|Endless Battle Clause: Forcing endless battles is banned\n|rule|OHKO Clause: OHKO moves are banned\n|rule|Evasion Clause: Evasion abilities, items, and moves are banned\n|rule|Evasion Abilities Clause: Evasion abilities are banned\n|rule|Evasion Items Clause: Evasion items are banned\n|rule|Evasion Moves Clause: Evasion moves are banned\n|rule|Species Clause: Limit one of each Pok\u00e9mon\n|rule|Sleep Clause Mod: Limit one foe put to sleep\n|clearpoke\n|poke|p1|Metagross|\n|poke|p1|Aegislash, M|\n|poke|p1|Mawile, F|\n|poke|p1|Heatran, M|\n|poke|p1|Corviknight, F|\n|poke|p1|Bisharp, F|\n|poke|p2|Gardevoir, F|\n|poke|p2|Garchomp, F|\n|poke|p2|Bisharp, F|\n|poke|p2|Serperior, F|\n|poke|p2|Ribombee, M|\n|poke|p2|Ditto|\n|teampreview\n|inactive|Battle timer is ON: inactive players will automatically lose when time's up. (requested by ndsnez monikaa)\n|\n|t:|1700935208\n|start\n|switch|p1a: Krakatoa|Heatran, M|100\/100\n|switch|p2a: Beellistic|Ribombee, M|100\/100\n|-item|p1a: Krakatoa|Air Balloon\n|turn|1\n|\n|t:|1700935214\n|move|p2a: Beellistic|Skill Swap|p1a: Krakatoa\n|-activate|p2a: Beellistic|move: Skill Swap|Flash Fire|Shield Dust|[of] p1a: Krakatoa\n|move|p1a: Krakatoa|Magma Storm|p2a: Beellistic\n|-start|p2a: Beellistic|ability: Flash Fire\n|\n|upkeep\n|turn|2\n|\n|t:|1700935225\n|switch|p1a: Mordiscos|Mawile, F|100\/100\n|-ability|p1a: Mordiscos|Intimidate|boost\n|-unboost|p2a: Beellistic|atk|1\n|move|p2a: Beellistic|Stun Spore|p1a: Mordiscos|[miss]\n|-miss|p2a: Beellistic|p1a: Mordiscos\n|\n|upkeep\n|turn|3\n|\n|t:|1700935231\n|detailschange|p1a: Mordiscos|Mawile-Mega, F\n|-mega|p1a: Mordiscos|Mawile|Mawilite\n|move|p2a: Beellistic|Stun Spore|p1a: Mordiscos\n|-status|p1a: Mordiscos|par\n|move|p1a: Mordiscos|Iron Head|p2a: Beellistic\n|-supereffective|p2a: Beellistic\n|-enditem|p2a: Beellistic|Focus Sash\n|-damage|p2a: Beellistic|1\/100\n|\n|upkeep\n|turn|4\n|\n|t:|1700935238\n|move|p2a: Beellistic|Skill Swap|p1a: Mordiscos\n|-activate|p2a: Beellistic|move: Skill Swap|Huge Power|Flash Fire|[of] p1a: Mordiscos\n|-end|p2a: Beellistic|ability: Flash Fire|[silent]\n|move|p1a: Mordiscos|Iron Head|p2a: Beellistic\n|-supereffective|p2a: Beellistic\n|-damage|p2a: Beellistic|0 fnt\n|faint|p2a: Beellistic\n|\n|upkeep\n|\n|t:|1700935254\n|switch|p2a: Arimaki|Bisharp, F|100\/100\n|turn|5\n|\n|t:|1700935259\n|move|p2a: Arimaki|Swords Dance|p2a: Arimaki\n|-boost|p2a: Arimaki|atk|2\n|move|p1a: Mordiscos|Play Rough|p2a: Arimaki\n|-damage|p2a: Arimaki|69\/100\n|\n|upkeep\n|turn|6\n|\n|t:|1700935267\n|move|p2a: Arimaki|Iron Head|p1a: Mordiscos\n|-damage|p1a: Mordiscos|4\/100 par\n|move|p1a: Mordiscos|Play Rough|p2a: Arimaki|[miss]\n|-miss|p1a: Mordiscos|p2a: Arimaki\n|\n|upkeep\n|turn|7\n|\n|t:|1700935273\n|move|p2a: Arimaki|Knock Off|p1a: Mordiscos\n|-resisted|p1a: Mordiscos\n|-damage|p1a: Mordiscos|0 fnt\n|faint|p1a: Mordiscos\n|\n|upkeep\n|\n|t:|1700935280\n|switch|p1a: Excalibur|Aegislash, M|100\/100\n|turn|8\n|\n|t:|1700935284\n|move|p1a: Excalibur|King's Shield|p1a: Excalibur\n|-singleturn|p1a: Excalibur|Protect\n|move|p2a: Arimaki|Knock Off|p1a: Excalibur\n|-activate|p1a: Excalibur|move: Protect\n|-unboost|p2a: Arimaki|atk|1\n|-ability|p2a: Arimaki|Defiant|boost\n|-boost|p2a: Arimaki|atk|2\n|\n|upkeep\n|turn|9\n|\n|t:|1700935297\n|-terastallize|p1a: Excalibur|Steel\n|move|p2a: Arimaki|Knock Off|p1a: Excalibur\n|-damage|p1a: Excalibur|2\/100\n|-enditem|p1a: Excalibur|Leftovers|[from] move: Knock Off|[of] p2a: Arimaki\n|-formechange|p1a: Excalibur|Aegislash-Blade||[from] ability: Stance Change\n|move|p1a: Excalibur|Close Combat|p2a: Arimaki\n|-supereffective|p2a: Arimaki\n|-damage|p2a: Arimaki|0 fnt\n|-unboost|p1a: Excalibur|def|1\n|-unboost|p1a: Excalibur|spd|1\n|faint|p2a: Arimaki\n|\n|upkeep\n|\n|t:|1700935310\n|switch|p2a: Frank|Serperior, F|100\/100\n|turn|10\n|\n|t:|1700935313\n|-formechange|p1a: Excalibur|Aegislash||[from] ability: Stance Change\n|move|p1a: Excalibur|King's Shield|p1a: Excalibur\n|-singleturn|p1a: Excalibur|Protect\n|move|p2a: Frank|Leaf Storm|p1a: Excalibur\n|-activate|p1a: Excalibur|move: Protect\n|\n|upkeep\n|turn|11\n|\n|t:|1700935322\n|switch|p1a: Krakatoa|Heatran, M|100\/100\n|-item|p1a: Krakatoa|Air Balloon\n|move|p2a: Frank|Leaf Storm|p1a: Krakatoa\n|-resisted|p1a: Krakatoa\n|-damage|p1a: Krakatoa|91\/100\n|-boost|p2a: Frank|spa|2\n|-enditem|p1a: Krakatoa|Air Balloon\n|\n|upkeep\n|turn|12\n|\n|t:|1700935333\n|switch|p2a: IXIA|Gardevoir, F|100\/100\n|-ability|p2a: IXIA|Flash Fire|[from] ability: Trace|[of] p1a: Krakatoa\n|move|p1a: Krakatoa|Magma Storm|p2a: IXIA\n|-start|p2a: IXIA|ability: Flash Fire\n|\n|upkeep\n|turn|13\n|\n|t:|1700935343\n|switch|p1a: Excalibur|Aegislash, M, tera:Steel|2\/100\n|move|p2a: IXIA|Focus Blast|p1a: Excalibur\n|-supereffective|p1a: Excalibur\n|-damage|p1a: Excalibur|0 fnt\n|faint|p1a: Excalibur\n|\n|upkeep\n|\n|t:|1700935358\n|switch|p1a: Metagross|Metagross|100\/100\n|turn|14\n|\n|t:|1700935367\n|-end|p2a: IXIA|ability: Flash Fire|[silent]\n|switch|p2a: Hurtcore|Garchomp, F|100\/100\n|move|p1a: Metagross|Meteor Mash|p2a: Hurtcore\n|-damage|p2a: Hurtcore|51\/100\n|-damage|p1a: Metagross|88\/100|[from] ability: Rough Skin|[of] p2a: Hurtcore\n|\n|upkeep\n|turn|15\n|\n|t:|1700935374\n|switch|p1a: Raven|Corviknight, F, shiny|100\/100\n|-ability|p1a: Raven|Pressure\n|-terastallize|p2a: Hurtcore|Fire\n|move|p2a: Hurtcore|Swords Dance|p2a: Hurtcore\n|-boost|p2a: Hurtcore|atk|2\n|\n|upkeep\n|turn|16\n|\n|t:|1700935391\n|move|p2a: Hurtcore|Fire Fang|p1a: Raven\n|-supereffective|p1a: Raven\n|-damage|p1a: Raven|25\/100\n|-damage|p2a: Hurtcore|34\/100|[from] item: Rocky Helmet|[of] p1a: Raven\n|cant|p1a: Raven|flinch\n|\n|upkeep\n|turn|17\n|\n|t:|1700935398\n|move|p2a: Hurtcore|Scale Shot|p1a: Raven\n|-resisted|p1a: Raven\n|-damage|p1a: Raven|18\/100\n|-resisted|p1a: Raven\n|-damage|p1a: Raven|11\/100\n|-resisted|p1a: Raven\n|-damage|p1a: Raven|3\/100\n|-resisted|p1a: Raven\n|-damage|p1a: Raven|0 fnt\n|faint|p1a: Raven\n|-hitcount|p1: Raven|4\n|-unboost|p2a: Hurtcore|def|1\n|-boost|p2a: Hurtcore|spe|1\n|\n|upkeep\n|\n|t:|1700935409\n|switch|p1a: Blue|Bisharp, F, shiny|100\/100\n|turn|18\n|\n|t:|1700935416\n|move|p1a: Blue|Sucker Punch|p2a: Hurtcore\n|-damage|p2a: Hurtcore|0 fnt\n|-damage|p1a: Blue|88\/100|[from] ability: Rough Skin|[of] p2a: Hurtcore\n|faint|p2a: Hurtcore\n|\n|upkeep\n|\n|t:|1700935421\n|switch|p2a: Frank|Serperior, F|100\/100\n|turn|19\n|\n|t:|1700935428\n|move|p1a: Blue|Sucker Punch||[still]\n|-fail|p1a: Blue\n|move|p2a: Frank|Glare|p1a: Blue\n|-status|p1a: Blue|par\n|\n|upkeep\n|turn|20\n|\n|t:|1700935434\n|move|p2a: Frank|Substitute|p2a: Frank\n|-start|p2a: Frank|Substitute\n|-damage|p2a: Frank|76\/100\n|move|p1a: Blue|Swords Dance|p1a: Blue\n|-boost|p1a: Blue|atk|2\n|\n|-heal|p2a: Frank|82\/100|[from] item: Leftovers\n|upkeep\n|turn|21\n|\n|t:|1700935443\n|move|p2a: Frank|Leaf Storm|p1a: Blue\n|-resisted|p1a: Blue\n|-damage|p1a: Blue|72\/100 par\n|-boost|p2a: Frank|spa|2\n|move|p1a: Blue|Iron Head|p2a: Frank\n|-end|p2a: Frank|Substitute\n|\n|-heal|p2a: Frank|88\/100|[from] item: Leftovers\n|upkeep\n|turn|22\n|\n|t:|1700935452\n|move|p1a: Blue|Sucker Punch||[still]\n|-fail|p1a: Blue\n|move|p2a: Frank|Substitute|p2a: Frank\n|-start|p2a: Frank|Substitute\n|-damage|p2a: Frank|63\/100\n|\n|-heal|p2a: Frank|69\/100|[from] item: Leftovers\n|upkeep\n|turn|23\n|\n|t:|1700935459\n|move|p2a: Frank|Leaf Storm|p1a: Blue\n|-resisted|p1a: Blue\n|-damage|p1a: Blue|42\/100 par\n|-boost|p2a: Frank|spa|2\n|move|p1a: Blue|Iron Head|p2a: Frank\n|-end|p2a: Frank|Substitute\n|\n|-heal|p2a: Frank|75\/100|[from] item: Leftovers\n|upkeep\n|turn|24\n|\n|t:|1700935466\n|move|p2a: Frank|Substitute|p2a: Frank\n|-start|p2a: Frank|Substitute\n|-damage|p2a: Frank|50\/100\n|move|p1a: Blue|Iron Head|p2a: Frank\n|-crit|p2a: Frank\n|-end|p2a: Frank|Substitute\n|\n|-heal|p2a: Frank|57\/100|[from] item: Leftovers\n|upkeep\n|turn|25\n|\n|t:|1700935475\n|move|p1a: Blue|Sucker Punch||[still]\n|-fail|p1a: Blue\n|move|p2a: Frank|Substitute|p2a: Frank\n|-start|p2a: Frank|Substitute\n|-damage|p2a: Frank|32\/100\n|\n|-heal|p2a: Frank|38\/100|[from] item: Leftovers\n|upkeep\n|turn|26\n|\n|t:|1700935481\n|move|p2a: Frank|Leaf Storm|p1a: Blue\n|-resisted|p1a: Blue\n|-damage|p1a: Blue|0 fnt\n|-boost|p2a: Frank|spa|2\n|faint|p1a: Blue\n|\n|-heal|p2a: Frank|44\/100|[from] item: Leftovers\n|upkeep\n|\n|t:|1700935487\n|switch|p1a: Krakatoa|Heatran, M|91\/100\n|turn|27\n|\n|t:|1700935496\n|move|p2a: Frank|Glare|p1a: Krakatoa\n|-status|p1a: Krakatoa|par\n|cant|p1a: Krakatoa|par\n|\n|-heal|p2a: Frank|50\/100|[from] item: Leftovers\n|upkeep\n|turn|28\n|\n|t:|1700935502\n|move|p2a: Frank|Leaf Storm|p1a: Krakatoa\n|-resisted|p1a: Krakatoa\n|-damage|p1a: Krakatoa|52\/100 par\n|cant|p1a: Krakatoa|par\n|\n|-heal|p2a: Frank|56\/100|[from] item: Leftovers\n|upkeep\n|turn|29\n|\n|t:|1700935513\n|move|p2a: Frank|Leaf Storm|p1a: Krakatoa\n|-resisted|p1a: Krakatoa\n|-damage|p1a: Krakatoa|17\/100 par\n|move|p1a: Krakatoa|Magma Storm|p2a: Frank\n|-supereffective|p2a: Frank\n|-end|p2a: Frank|Substitute\n|\n|-heal|p2a: Frank|62\/100|[from] item: Leftovers\n|upkeep\n|turn|30\n|\n|t:|1700935528\n|move|p2a: Frank|Leaf Storm|p1a: Krakatoa\n|-resisted|p1a: Krakatoa\n|-damage|p1a: Krakatoa|0 fnt\n|faint|p1a: Krakatoa\n|\n|-heal|p2a: Frank|69\/100|[from] item: Leftovers\n|upkeep\n|\n|t:|1700935532\n|switch|p1a: Metagross|Metagross|88\/100\n|turn|31\n|\n|t:|1700935536\n|move|p2a: Frank|Hidden Power|p1a: Metagross\n|-supereffective|p1a: Metagross\n|-damage|p1a: Metagross|0 fnt\n|faint|p1a: Metagross\n|\n|win|ndsnez monikaa\n|raw|RARMolina's rating: 1200 &rarr; <strong>1181<\/strong><br \/>(-19 for losing)\n|raw|ndsnez monikaa's rating: 1292 &rarr; <strong>1311<\/strong><br \/>(+19 for winning)\n|l|\u2606RARMolina\n","uploadtime":1700935542,"views":0,"p1id":"rarmolina","p2id":"ndsnezmonikaa","formatid":"gen9nationaldex","rating":1181,"private":0,"password":""}