{"id":"gen9nationaldex-1991210831","p1":"runeatest","p2":"qfdyy","format":"[Gen 9] National Dex","log":"|j|\u2606runeatest\n|j|\u2606qfdyy\n|t:|1700057541\n|gametype|singles\n|player|p1|runeatest|fisherman-gen4|1255\n|player|p2|qfdyy|102|1208\n|teamsize|p1|6\n|teamsize|p2|6\n|gen|9\n|tier|[Gen 9] National Dex\n|rated|\n|rule|HP Percentage Mod: HP is shown in percentages\n|rule|Endless Battle Clause: Forcing endless battles is banned\n|rule|OHKO Clause: OHKO moves are banned\n|rule|Evasion Clause: Evasion abilities, items, and moves are banned\n|rule|Evasion Abilities Clause: Evasion abilities are banned\n|rule|Evasion Items Clause: Evasion items are banned\n|rule|Evasion Moves Clause: Evasion moves are banned\n|rule|Species Clause: Limit one of each Pok\u00e9mon\n|rule|Sleep Clause Mod: Limit one foe put to sleep\n|clearpoke\n|poke|p1|Sylveon, M|\n|poke|p1|Haxorus, M|\n|poke|p1|Linoone, M|\n|poke|p1|Manectric, M|\n|poke|p1|Krookodile, M|\n|poke|p1|Mantine, F|\n|poke|p2|Charizard, F|\n|poke|p2|Serperior, F|\n|poke|p2|Tyranitar, M|\n|poke|p2|Great Tusk|\n|poke|p2|Doublade, F|\n|poke|p2|Alomomola, F|\n|teampreview\n|inactive|Battle timer is ON: inactive players will automatically lose when time's up. (requested by qfdyy)\n|\n|t:|1700057565\n|start\n|switch|p1a: Krookodile|Krookodile, M|100\/100\n|switch|p2a: Tyranitar|Tyranitar, M|100\/100\n|-ability|p1a: Krookodile|Intimidate|boost\n|-unboost|p2a: Tyranitar|atk|1\n|-weather|Sandstorm|[from] ability: Sand Stream|[of] p2a: Tyranitar\n|turn|1\n|inactive|runeatest has 120 seconds left.\n|\n|t:|1700057610\n|move|p1a: Krookodile|Taunt|p2a: Tyranitar\n|-start|p2a: Tyranitar|move: Taunt\n|move|p2a: Tyranitar|Ice Beam|p1a: Krookodile\n|-supereffective|p1a: Krookodile\n|-damage|p1a: Krookodile|31\/100\n|\n|-weather|Sandstorm|[upkeep]\n|upkeep\n|turn|2\n|\n|t:|1700057618\n|move|p1a: Krookodile|Stealth Rock|p2a: Tyranitar\n|-sidestart|p2: qfdyy|move: Stealth Rock\n|move|p2a: Tyranitar|Ice Beam|p1a: Krookodile\n|-supereffective|p1a: Krookodile\n|-damage|p1a: Krookodile|0 fnt\n|faint|p1a: Krookodile\n|\n|-weather|Sandstorm|[upkeep]\n|upkeep\n|\n|t:|1700057625\n|switch|p1a: Sylveon|Sylveon, M, shiny|100\/100\n|turn|3\n|\n|t:|1700057651\n|move|p1a: Sylveon|Hyper Voice|p2a: Tyranitar\n|-supereffective|p2a: Tyranitar\n|-damage|p2a: Tyranitar|27\/100\n|move|p2a: Tyranitar|Knock Off|p1a: Sylveon\n|-resisted|p1a: Sylveon\n|-damage|p1a: Sylveon|85\/100\n|-enditem|p1a: Sylveon|Pixie Plate|[from] move: Knock Off|[of] p2a: Tyranitar\n|\n|-weather|Sandstorm|[upkeep]\n|-damage|p1a: Sylveon|78\/100|[from] Sandstorm\n|-end|p2a: Tyranitar|move: Taunt\n|upkeep\n|turn|4\n|\n|t:|1700057665\n|switch|p2a: Doublade|Doublade, F|100\/100\n|-damage|p2a: Doublade|94\/100|[from] Stealth Rock\n|move|p1a: Sylveon|Hyper Voice|p2a: Doublade\n|-resisted|p2a: Doublade\n|-damage|p2a: Doublade|62\/100\n|\n|-weather|Sandstorm|[upkeep]\n|-damage|p1a: Sylveon|72\/100|[from] Sandstorm\n|upkeep\n|turn|5\n|\n|t:|1700057674\n|move|p1a: Sylveon|Mystical Fire|p2a: Doublade\n|-supereffective|p2a: Doublade\n|-damage|p2a: Doublade|4\/100\n|-unboost|p2a: Doublade|spa|1\n|move|p2a: Doublade|Gyro Ball|p1a: Sylveon\n|-supereffective|p1a: Sylveon\n|-damage|p1a: Sylveon|6\/100\n|\n|-weather|none\n|upkeep\n|turn|6\n|\n|t:|1700057683\n|move|p2a: Doublade|Shadow Sneak|p1a: Sylveon\n|-damage|p1a: Sylveon|0 fnt\n|faint|p1a: Sylveon\n|\n|upkeep\n|\n|t:|1700057689\n|switch|p1a: Lionel Messi|Linoone, M|100\/100\n|turn|7\n|\n|t:|1700057694\n|switch|p2a: Great Tusk|Great Tusk|100\/100\n|-damage|p2a: Great Tusk|98\/100|[from] Stealth Rock\n|move|p1a: Lionel Messi|Stomping Tantrum|p2a: Great Tusk\n|-crit|p2a: Great Tusk\n|-damage|p2a: Great Tusk|79\/100\n|\n|upkeep\n|turn|8\n|\n|t:|1700057702\n|switch|p1a: Mantine|Mantine, F|100\/100\n|move|p2a: Great Tusk|Rapid Spin|p1a: Mantine\n|-damage|p1a: Mantine|83\/100\n|-boost|p2a: Great Tusk|spe|1\n|-sideend|p2: qfdyy|Stealth Rock|[from] move: Rapid Spin|[of] p2a: Great Tusk\n|\n|-heal|p1a: Mantine|90\/100|[from] item: Leftovers\n|upkeep\n|turn|9\n|\n|t:|1700057712\n|-zpower|p2a: Great Tusk\n|move|p2a: Great Tusk|Continental Crush|p1a: Mantine|[zeffect]\n|-supereffective|p1a: Mantine\n|-damage|p1a: Mantine|0 fnt\n|faint|p1a: Mantine\n|\n|upkeep\n|\n|t:|1700057720\n|switch|p1a: Haxorus|Haxorus, M, shiny|100\/100\n|-ability|p1a: Haxorus|Mold Breaker\n|turn|10\n|\n|t:|1700057733\n|move|p2a: Great Tusk|Headlong Rush|p1a: Haxorus\n|-damage|p1a: Haxorus|25\/100\n|-unboost|p2a: Great Tusk|def|1\n|-unboost|p2a: Great Tusk|spd|1\n|move|p1a: Haxorus|Dragon Dance|p1a: Haxorus\n|-boost|p1a: Haxorus|atk|1\n|-boost|p1a: Haxorus|spe|1\n|\n|upkeep\n|turn|11\n|\n|t:|1700057742\n|move|p1a: Haxorus|Dragon Claw|p2a: Great Tusk\n|-damage|p2a: Great Tusk|8\/100\n|move|p2a: Great Tusk|Headlong Rush|p1a: Haxorus\n|-damage|p1a: Haxorus|0 fnt\n|-unboost|p2a: Great Tusk|def|1\n|-unboost|p2a: Great Tusk|spd|1\n|faint|p1a: Haxorus\n|\n|upkeep\n|\n|t:|1700057751\n|switch|p1a: Lionel Messi|Linoone, M|100\/100\n|turn|12\n|\n|t:|1700057756\n|-end|p2a: Great Tusk|Protosynthesis|[silent]\n|switch|p2a: Doublade|Doublade, F|4\/100\n|move|p1a: Lionel Messi|Extreme Speed|p2a: Doublade\n|-immune|p2a: Doublade\n|\n|upkeep\n|turn|13\n|\n|t:|1700057762\n|switch|p2a: Alomomola|Alomomola, F, shiny|100\/100\n|move|p1a: Lionel Messi|Belly Drum|p1a: Lionel Messi\n|-damage|p1a: Lionel Messi|50\/100\n|-setboost|p1a: Lionel Messi|atk|6|[from] move: Belly Drum\n|-enditem|p1a: Lionel Messi|Mago Berry|[eat]\n|-heal|p1a: Lionel Messi|84\/100|[from] item: Mago Berry\n|\n|upkeep\n|turn|14\n|\n|t:|1700057771\n|move|p1a: Lionel Messi|Extreme Speed|p2a: Alomomola\n|-damage|p2a: Alomomola|40\/100\n|move|p2a: Alomomola|Wish|p2a: Alomomola\n|\n|upkeep\n|turn|15\n|\n|t:|1700057779\n|switch|p2a: Doublade|Doublade, F|4\/100\n|move|p1a: Lionel Messi|Stomping Tantrum|p2a: Doublade\n|-supereffective|p2a: Doublade\n|-damage|p2a: Doublade|0 fnt\n|faint|p2a: Doublade\n|\n|upkeep\n|\n|t:|1700057788\n|switch|p2a: Alomomola|Alomomola, F, shiny|73\/100\n|turn|16\n|\n|t:|1700057791\n|move|p1a: Lionel Messi|Extreme Speed|p2a: Alomomola\n|-damage|p2a: Alomomola|9\/100\n|move|p2a: Alomomola|Wish|p2a: Alomomola\n|\n|upkeep\n|turn|17\n|\n|t:|1700057799\n|move|p2a: Alomomola|Protect|p2a: Alomomola\n|-singleturn|p2a: Alomomola|Protect\n|move|p1a: Lionel Messi|Extreme Speed|p2a: Alomomola\n|-activate|p2a: Alomomola|move: Protect\n|\n|-heal|p2a: Alomomola|59\/100|[from] move: Wish|[wisher] Alomomola\n|upkeep\n|turn|18\n|\n|t:|1700057809\n|move|p1a: Lionel Messi|Extreme Speed|p2a: Alomomola\n|-damage|p2a: Alomomola|0 fnt\n|faint|p2a: Alomomola\n|\n|upkeep\n|\n|t:|1700057815\n|switch|p2a: Great Tusk|Great Tusk|8\/100\n|turn|19\n|\n|t:|1700057818\n|move|p1a: Lionel Messi|Extreme Speed|p2a: Great Tusk\n|-damage|p2a: Great Tusk|0 fnt\n|faint|p2a: Great Tusk\n|-end|p2a: Great Tusk|Protosynthesis|[silent]\n|\n|upkeep\n|\n|t:|1700057821\n|switch|p2a: Tyranitar|Tyranitar, M|27\/100\n|-weather|Sandstorm|[from] ability: Sand Stream|[of] p2a: Tyranitar\n|turn|20\n|\n|t:|1700057826\n|move|p1a: Lionel Messi|Stomping Tantrum|p2a: Tyranitar\n|-supereffective|p2a: Tyranitar\n|-enditem|p2a: Tyranitar|Shuca Berry|[eat]\n|-enditem|p2a: Tyranitar|Shuca Berry|[weaken]\n|-damage|p2a: Tyranitar|0 fnt\n|faint|p2a: Tyranitar\n|\n|-weather|Sandstorm|[upkeep]\n|-damage|p1a: Lionel Messi|78\/100|[from] Sandstorm\n|upkeep\n|\n|t:|1700057832\n|switch|p2a: Serperior|Serperior, F|100\/100\n|turn|21\n|\n|t:|1700057835\n|move|p1a: Lionel Messi|Extreme Speed|p2a: Serperior\n|-damage|p2a: Serperior|0 fnt\n|faint|p2a: Serperior\n|\n|-weather|Sandstorm|[upkeep]\n|-damage|p1a: Lionel Messi|72\/100|[from] Sandstorm\n|upkeep\n|\n|t:|1700057837\n|switch|p2a: Charizard|Charizard, F|100\/100\n|turn|22\n|c|\u2606runeatest|Lionel Messi!!!!\n|\n|t:|1700057853\n|detailschange|p2a: Charizard|Charizard-Mega-Y, F\n|-mega|p2a: Charizard|Charizard|Charizardite Y\n|-weather|SunnyDay|[from] ability: Drought|[of] p2a: Charizard\n|move|p1a: Lionel Messi|Extreme Speed|p2a: Charizard\n|-damage|p2a: Charizard|0 fnt\n|faint|p2a: Charizard\n|\n|win|runeatest\n|raw|runeatest's rating: 1255 &rarr; <strong>1277<\/strong><br \/>(+22 for winning)\n|raw|qfdyy's rating: 1208 &rarr; <strong>1186<\/strong><br \/>(-22 for losing)\n|l|\u2606qfdyy\n","uploadtime":1700057863,"views":5,"p1id":"runeatest","p2id":"qfdyy","formatid":"gen9nationaldex","rating":1186,"private":0,"password":""}