{"id":"gen9nationaldex-1991168398","p1":"baigu3","p2":"WAILORDPLAYSMUCH","format":"[Gen 9] National Dex","log":"|j|\u2606baigu3\n|j|\u2606WAILORDPLAYSMUCH\n|t:|1700052815\n|gametype|singles\n|player|p1|baigu3|dawn|1669\n|player|p2|WAILORDPLAYSMUCH|candice|1666\n|teamsize|p1|6\n|teamsize|p2|6\n|gen|9\n|tier|[Gen 9] National Dex\n|rated|\n|rule|HP Percentage Mod: HP is shown in percentages\n|rule|Endless Battle Clause: Forcing endless battles is banned\n|rule|OHKO Clause: OHKO moves are banned\n|rule|Evasion Clause: Evasion abilities, items, and moves are banned\n|rule|Evasion Abilities Clause: Evasion abilities are banned\n|rule|Evasion Items Clause: Evasion items are banned\n|rule|Evasion Moves Clause: Evasion moves are banned\n|rule|Species Clause: Limit one of each Pok\u00e9mon\n|rule|Sleep Clause Mod: Limit one foe put to sleep\n|clearpoke\n|poke|p1|Pelipper, F|\n|poke|p1|Kingdra, F|\n|poke|p1|Ferrothorn, F|\n|poke|p1|Dragonite, F|\n|poke|p1|Great Tusk|\n|poke|p1|Swampert, F|\n|poke|p2|Ninetales-Alola, M|\n|poke|p2|Iron Treads|\n|poke|p2|Kyurem|\n|poke|p2|Gyarados, M|\n|poke|p2|Volcarona, F|\n|poke|p2|Ogerpon-Wellspring, F|\n|teampreview\n|inactive|Battle timer is ON: inactive players will automatically lose when time's up. (requested by WAILORDPLAYSMUCH)\n|\n|t:|1700052827\n|start\n|switch|p1a: Ferrothorn|Ferrothorn, F|100\/100\n|switch|p2a: Iron Treads|Iron Treads|100\/100\n|-enditem|p2a: Iron Treads|Booster Energy\n|-activate|p2a: Iron Treads|ability: Quark Drive|[fromitem]\n|-start|p2a: Iron Treads|quarkdrivespe\n|turn|1\n|\n|t:|1700052835\n|move|p2a: Iron Treads|Stealth Rock|p1a: Ferrothorn\n|-sidestart|p1: baigu3|move: Stealth Rock\n|move|p1a: Ferrothorn|Spikes|p2a: Iron Treads\n|-sidestart|p2: WAILORDPLAYSMUCH|Spikes\n|\n|upkeep\n|turn|2\n|\n|t:|1700052841\n|move|p2a: Iron Treads|Earthquake|p1a: Ferrothorn\n|-crit|p1a: Ferrothorn\n|-damage|p1a: Ferrothorn|54\/100\n|move|p1a: Ferrothorn|Power Whip|p2a: Iron Treads\n|-damage|p2a: Iron Treads|64\/100\n|\n|-heal|p1a: Ferrothorn|61\/100|[from] item: Leftovers\n|upkeep\n|turn|3\n|\n|t:|1700052849\n|move|p2a: Iron Treads|Rapid Spin|p1a: Ferrothorn\n|-resisted|p1a: Ferrothorn\n|-damage|p1a: Ferrothorn|56\/100\n|-boost|p2a: Iron Treads|spe|1\n|-damage|p2a: Iron Treads|51\/100|[from] ability: Iron Barbs|[of] p1a: Ferrothorn\n|-sideend|p2: WAILORDPLAYSMUCH|Spikes|[from] move: Rapid Spin|[of] p2a: Iron Treads\n|move|p1a: Ferrothorn|Leech Seed|p2a: Iron Treads\n|-start|p2a: Iron Treads|move: Leech Seed\n|\n|-heal|p1a: Ferrothorn|62\/100|[from] item: Leftovers\n|-damage|p2a: Iron Treads|39\/100|[from] Leech Seed|[of] p1a: Ferrothorn\n|-heal|p1a: Ferrothorn|73\/100|[silent]\n|upkeep\n|turn|4\n|\n|t:|1700052860\n|move|p2a: Iron Treads|Earthquake|p1a: Ferrothorn\n|-damage|p1a: Ferrothorn|45\/100\n|move|p1a: Ferrothorn|Spikes|p2a: Iron Treads\n|-sidestart|p2: WAILORDPLAYSMUCH|Spikes\n|\n|-heal|p1a: Ferrothorn|51\/100|[from] item: Leftovers\n|-damage|p2a: Iron Treads|26\/100|[from] Leech Seed|[of] p1a: Ferrothorn\n|-heal|p1a: Ferrothorn|63\/100|[silent]\n|upkeep\n|turn|5\n|\n|t:|1700052869\n|move|p2a: Iron Treads|Rapid Spin|p1a: Ferrothorn\n|-resisted|p1a: Ferrothorn\n|-damage|p1a: Ferrothorn|58\/100\n|-boost|p2a: Iron Treads|spe|1\n|-damage|p2a: Iron Treads|14\/100|[from] ability: Iron Barbs|[of] p1a: Ferrothorn\n|-end|p2a: Iron Treads|Leech Seed|[from] move: Rapid Spin|[of] p2a: Iron Treads\n|-sideend|p2: WAILORDPLAYSMUCH|Spikes|[from] move: Rapid Spin|[of] p2a: Iron Treads\n|move|p1a: Ferrothorn|Spikes|p2a: Iron Treads\n|-sidestart|p2: WAILORDPLAYSMUCH|Spikes\n|\n|-heal|p1a: Ferrothorn|64\/100|[from] item: Leftovers\n|upkeep\n|turn|6\n|\n|t:|1700052885\n|move|p2a: Iron Treads|Earthquake|p1a: Ferrothorn\n|-damage|p1a: Ferrothorn|34\/100\n|move|p1a: Ferrothorn|Spikes|p2a: Iron Treads\n|-sidestart|p2: WAILORDPLAYSMUCH|Spikes\n|\n|-heal|p1a: Ferrothorn|41\/100|[from] item: Leftovers\n|upkeep\n|turn|7\n|\n|t:|1700052893\n|switch|p1a: Great Tusk|Great Tusk|100\/100\n|move|p2a: Iron Treads|Rapid Spin|p1a: Great Tusk\n|-damage|p1a: Great Tusk|91\/100\n|-boost|p2a: Iron Treads|spe|1\n|-sideend|p2: WAILORDPLAYSMUCH|Spikes|[from] move: Rapid Spin|[of] p2a: Iron Treads\n|\n|upkeep\n|turn|8\n|\n|t:|1700052898\n|move|p2a: Iron Treads|Steel Beam|p1a: Great Tusk\n|-damage|p1a: Great Tusk|17\/100\n|-damage|p2a: Iron Treads|0 fnt|[from] steelbeam\n|faint|p2a: Iron Treads\n|-end|p2a: Iron Treads|Quark Drive|[silent]\n|move|p1a: Great Tusk|Rapid Spin|p2: Iron Treads|[notarget]\n|-fail|p1a: Great Tusk\n|\n|upkeep\n|\n|t:|1700052905\n|switch|p2a: Ninetales|Ninetales-Alola, M|100\/100\n|-weather|Snow|[from] ability: Snow Warning|[of] p2a: Ninetales\n|turn|9\n|\n|t:|1700052911\n|move|p2a: Ninetales|Freeze-Dry|p1a: Great Tusk\n|-supereffective|p1a: Great Tusk\n|-damage|p1a: Great Tusk|0 fnt\n|faint|p1a: Great Tusk\n|-end|p1a: Great Tusk|Protosynthesis|[silent]\n|\n|-weather|Snow|[upkeep]\n|upkeep\n|\n|t:|1700052915\n|switch|p1a: Pelipper|Pelipper, F|100\/100\n|-damage|p1a: Pelipper|76\/100|[from] Stealth Rock\n|-weather|RainDance|[from] ability: Drizzle|[of] p1a: Pelipper\n|turn|10\n|\n|t:|1700052920\n|switch|p1a: Ferrothorn|Ferrothorn, F|41\/100\n|-damage|p1a: Ferrothorn|34\/100|[from] Stealth Rock\n|move|p2a: Ninetales|Freeze-Dry|p1a: Ferrothorn\n|-damage|p1a: Ferrothorn|20\/100\n|\n|-weather|RainDance|[upkeep]\n|-heal|p1a: Ferrothorn|27\/100|[from] item: Leftovers\n|upkeep\n|turn|11\n|\n|t:|1700052931\n|switch|p2a: Volcarona|Volcarona, F|100\/100\n|switch|p1a: Swampert|Swampert, F|100\/100\n|-damage|p1a: Swampert|94\/100|[from] Stealth Rock\n|\n|-weather|RainDance|[upkeep]\n|upkeep\n|turn|12\n|\n|t:|1700052939\n|switch|p2a: Ogerpon|Ogerpon-Wellspring, F|100\/100\n|detailschange|p1a: Swampert|Swampert-Mega, F\n|-mega|p1a: Swampert|Swampert|Swampertite\n|move|p1a: Swampert|Waterfall|p2a: Ogerpon\n|-immune|p2a: Ogerpon|[from] ability: Water Absorb\n|\n|-weather|RainDance|[upkeep]\n|upkeep\n|turn|13\n|\n|t:|1700052950\n|switch|p1a: Dragonite|Dragonite, F|100\/100\n|-damage|p1a: Dragonite|76\/100|[from] Stealth Rock\n|move|p2a: Ogerpon|Ivy Cudgel|p1a: Dragonite|[anim] Ivy Cudgel Water\n|-resisted|p1a: Dragonite\n|-damage|p1a: Dragonite|37\/100\n|\n|-weather|RainDance|[upkeep]\n|upkeep\n|turn|14\n|\n|t:|1700052955\n|-terastallize|p1a: Dragonite|Normal\n|move|p1a: Dragonite|Extreme Speed|p2a: Ogerpon\n|-damage|p2a: Ogerpon|16\/100\n|move|p2a: Ogerpon|Play Rough|p1a: Dragonite\n|-damage|p1a: Dragonite|1\/100\n|\n|-weather|RainDance|[upkeep]\n|upkeep\n|turn|15\n|\n|t:|1700052969\n|switch|p2a: Gyarados|Gyarados, M|100\/100\n|-ability|p2a: Gyarados|Intimidate|boost\n|-unboost|p1a: Dragonite|atk|1\n|move|p1a: Dragonite|Extreme Speed|p2a: Gyarados\n|-damage|p2a: Gyarados|46\/100\n|\n|-weather|RainDance|[upkeep]\n|upkeep\n|turn|16\n|\n|t:|1700052973\n|detailschange|p2a: Gyarados|Gyarados-Mega, M\n|-mega|p2a: Gyarados|Gyarados|Gyaradosite\n|-ability|p2a: Gyarados|Mold Breaker\n|move|p1a: Dragonite|Extreme Speed|p2a: Gyarados\n|-damage|p2a: Gyarados|0 fnt\n|faint|p2a: Gyarados\n|\n|-weather|RainDance|[upkeep]\n|upkeep\n|\n|t:|1700052975\n|switch|p2a: Ninetales|Ninetales-Alola, M|100\/100\n|-weather|Snow|[from] ability: Snow Warning|[of] p2a: Ninetales\n|turn|17\n|\n|t:|1700052980\n|move|p1a: Dragonite|Extreme Speed|p2a: Ninetales\n|-damage|p2a: Ninetales|64\/100\n|move|p2a: Ninetales|Aurora Veil|p2a: Ninetales\n|-sidestart|p2: WAILORDPLAYSMUCH|move: Aurora Veil\n|\n|-weather|Snow|[upkeep]\n|upkeep\n|turn|18\n|\n|t:|1700052988\n|switch|p2a: Kyurem|Kyurem|100\/100\n|-ability|p2a: Kyurem|Pressure\n|switch|p1a: Ferrothorn|Ferrothorn, F|27\/100\n|-damage|p1a: Ferrothorn|20\/100|[from] Stealth Rock\n|\n|-weather|Snow|[upkeep]\n|-heal|p1a: Ferrothorn|27\/100|[from] item: Leftovers\n|upkeep\n|turn|19\n|\n|t:|1700052994\n|move|p2a: Kyurem|Dragon Dance|p2a: Kyurem\n|-boost|p2a: Kyurem|atk|1\n|-boost|p2a: Kyurem|spe|1\n|move|p1a: Ferrothorn|Leech Seed|p2a: Kyurem\n|-start|p2a: Kyurem|move: Leech Seed\n|\n|-weather|Snow|[upkeep]\n|-heal|p1a: Ferrothorn|33\/100|[from] item: Leftovers\n|-damage|p2a: Kyurem|88\/100|[from] Leech Seed|[of] p1a: Ferrothorn\n|-heal|p1a: Ferrothorn|47\/100|[silent]\n|upkeep\n|turn|20\n|\n|t:|1700052999\n|move|p2a: Kyurem|Icicle Spear|p1a: Ferrothorn\n|-damage|p1a: Ferrothorn|31\/100\n|-damage|p1a: Ferrothorn|15\/100\n|-damage|p1a: Ferrothorn|0 fnt\n|faint|p1a: Ferrothorn\n|-hitcount|p1: Ferrothorn|3\n|\n|-weather|Snow|[upkeep]\n|upkeep\n|\n|t:|1700053002\n|switch|p1a: Pelipper|Pelipper, F|76\/100\n|-damage|p1a: Pelipper|51\/100|[from] Stealth Rock\n|-weather|RainDance|[from] ability: Drizzle|[of] p1a: Pelipper\n|turn|21\n|\n|t:|1700053018\n|move|p2a: Kyurem|Scale Shot|p1a: Pelipper\n|-damage|p1a: Pelipper|32\/100\n|-damage|p1a: Pelipper|15\/100\n|-damage|p1a: Pelipper|0 fnt\n|faint|p1a: Pelipper\n|-hitcount|p1: Pelipper|3\n|-unboost|p2a: Kyurem|def|1\n|-boost|p2a: Kyurem|spe|1\n|\n|-weather|RainDance|[upkeep]\n|upkeep\n|\n|t:|1700053022\n|switch|p1a: Swampert|Swampert-Mega, F|94\/100\n|-damage|p1a: Swampert|88\/100|[from] Stealth Rock\n|turn|22\n|\n|t:|1700053026\n|move|p2a: Kyurem|Icicle Spear|p1a: Swampert\n|-damage|p1a: Swampert|69\/100\n|-damage|p1a: Swampert|50\/100\n|-damage|p1a: Swampert|32\/100\n|-damage|p1a: Swampert|15\/100\n|-hitcount|p1a: Swampert|4\n|move|p1a: Swampert|Earthquake|p2a: Kyurem\n|-damage|p2a: Kyurem|46\/100\n|\n|-weather|RainDance|[upkeep]\n|-damage|p2a: Kyurem|34\/100|[from] Leech Seed|[of] p1a: Swampert\n|-heal|p1a: Swampert|29\/100|[silent]\n|upkeep\n|turn|23\n|-message|baigu3 forfeited.\n|\n|win|WAILORDPLAYSMUCH\n|raw|baigu3's rating: 1669 &rarr; <strong>1649<\/strong><br \/>(-20 for losing)\n|raw|WAILORDPLAYSMUCH's rating: 1666 &rarr; <strong>1686<\/strong><br \/>(+20 for winning)\n|l|\u2606baigu3\n","uploadtime":1700053061,"views":3,"p1id":"baigu3","p2id":"wailordplaysmuch","formatid":"gen9nationaldex","rating":1649,"private":0,"password":""}