{"id":"gen9nationaldex-1997899125","p1":"untruwu_reality","p2":"alejo615","format":"[Gen 9] National Dex","log":"|html|<div class=\"broadcast-blue\"><strong>[Gen 9] National Dex is currently suspecting Sneasler! For information on how to participate check out the <a href=\"https:\/\/www.smogon.com\/forums\/threads\/sv-national-dex-suspect-8-just-dance.3731534\/\">suspect thread<\/a>.<\/strong><\/div>\n|j|\u2606untruwu_reality\n|j|\u2606alejo615\n|inactive|Battle timer is ON: inactive players will automatically lose when time's up.\n|t:|1700865153\n|gametype|singles\n|player|p1|untruwu_reality|psychic-gen2|\n|player|p2|alejo615|gambler|\n|teamsize|p1|6\n|teamsize|p2|6\n|gen|9\n|tier|[Gen 9] National Dex\n|rated|Tournament battle\n|rule|HP Percentage Mod: HP is shown in percentages\n|rule|Endless Battle Clause: Forcing endless battles is banned\n|rule|OHKO Clause: OHKO moves are banned\n|rule|Evasion Clause: Evasion abilities, items, and moves are banned\n|rule|Evasion Abilities Clause: Evasion abilities are banned\n|rule|Evasion Items Clause: Evasion items are banned\n|rule|Evasion Moves Clause: Evasion moves are banned\n|rule|Species Clause: Limit one of each Pok\u00e9mon\n|rule|Sleep Clause Mod: Limit one foe put to sleep\n|clearpoke\n|poke|p1|Blissey, F|\n|poke|p1|Clodsire, M|\n|poke|p1|Skeledirge, F|\n|poke|p1|Cresselia, F|\n|poke|p1|Dondozo, M|\n|poke|p1|Corviknight, F|\n|poke|p2|Aerodactyl, M|\n|poke|p2|Samurott-Hisui, M|\n|poke|p2|Iron Treads|\n|poke|p2|Zoroark-Hisui, F|\n|poke|p2|Ribombee, M|\n|poke|p2|Iron Moth|\n|teampreview\n|inactive|untruwu_reality also wants the timer to be on.\n|c|\u2606alejo615|sorry for the wait\n|c|\u2606alejo615|glhf\n|\n|t:|1700865166\n|start\n|switch|p1a: Skeledirge|Skeledirge, F|100\/100\n|switch|p2a: Ribombee|Ribombee, M|100\/100\n|turn|1\n|\n|t:|1700865179\n|switch|p1a: Clodsire|Clodsire, M|100\/100\n|move|p2a: Ribombee|Stun Spore|p1a: Clodsire\n|-status|p1a: Clodsire|par\n|\n|upkeep\n|turn|2\n|\n|t:|1700865195\n|switch|p2a: Iron Treads|Iron Treads|100\/100\n|move|p1a: Clodsire|Spikes|p2a: Iron Treads\n|-sidestart|p2: alejo615|Spikes\n|\n|upkeep\n|turn|3\n|\n|t:|1700865201\n|switch|p1a: Corviknight|Corviknight, F|100\/100\n|-ability|p1a: Corviknight|Pressure\n|move|p2a: Iron Treads|Earthquake|p1a: Corviknight\n|-immune|p1a: Corviknight\n|\n|upkeep\n|turn|4\n|\n|t:|1700865205\n|move|p2a: Iron Treads|Stealth Rock|p1a: Corviknight\n|-sidestart|p1: untruwu_reality|move: Stealth Rock\n|move|p1a: Corviknight|U-turn|p2a: Iron Treads\n|-resisted|p2a: Iron Treads\n|-damage|p2a: Iron Treads|94\/100\n|\n|t:|1700865213\n|switch|p1a: Dondozo|Dondozo, M|100\/100|[from] U-turn\n|-damage|p1a: Dondozo|88\/100|[from] Stealth Rock\n|\n|-heal|p2a: Iron Treads|99\/100|[from] item: Leftovers\n|upkeep\n|turn|5\n|\n|t:|1700865220\n|switch|p1a: Corviknight|Corviknight, F|100\/100\n|-damage|p1a: Corviknight|88\/100|[from] Stealth Rock\n|-ability|p1a: Corviknight|Pressure\n|move|p2a: Iron Treads|Rapid Spin|p1a: Corviknight\n|-resisted|p1a: Corviknight\n|-damage|p1a: Corviknight|82\/100\n|-boost|p2a: Iron Treads|spe|1\n|-damage|p2a: Iron Treads|84\/100|[from] item: Rocky Helmet|[of] p1a: Corviknight\n|-sideend|p2: alejo615|Spikes|[from] move: Rapid Spin|[of] p2a: Iron Treads\n|\n|-heal|p2a: Iron Treads|90\/100|[from] item: Leftovers\n|upkeep\n|turn|6\n|\n|t:|1700865227\n|-end|p2a: Iron Treads|Quark Drive|[silent]\n|switch|p2a: Samurott|Samurott-Hisui, M|100\/100\n|move|p1a: Corviknight|Defog|p2a: Samurott\n|-unboost|p2a: Samurott|evasion|1\n|-sideend|p1: untruwu_reality|Stealth Rock|[from] move: Defog|[of] p1a: Corviknight\n|\n|upkeep\n|turn|7\n|\n|t:|1700865231\n|move|p2a: Samurott|Nasty Plot|p2a: Samurott\n|-boost|p2a: Samurott|spa|2\n|move|p1a: Corviknight|U-turn|p2a: Samurott\n|-resisted|p2a: Samurott\n|-damage|p2a: Samurott|85\/100\n|replace|p2a: Zoroark|Zoroark-Hisui, F\n|-end|p2a: Zoroark|Illusion\n|\n|t:|1700865241\n|switch|p1a: Clodsire|Clodsire, M|100\/100 par|[from] U-turn\n|\n|upkeep\n|turn|8\n|\n|t:|1700865245\n|move|p2a: Zoroark|Hyper Voice|p1a: Clodsire\n|-damage|p1a: Clodsire|68\/100 par\n|-damage|p2a: Zoroark|75\/100|[from] item: Life Orb\n|move|p1a: Clodsire|Earthquake|p2a: Zoroark\n|-damage|p2a: Zoroark|21\/100\n|\n|-heal|p1a: Clodsire|74\/100 par|[from] item: Leftovers\n|upkeep\n|turn|9\n|\n|t:|1700865252\n|switch|p2a: Aerodactyl|Aerodactyl, M|100\/100\n|-ability|p2a: Aerodactyl|Pressure\n|move|p1a: Clodsire|Recover|p1a: Clodsire\n|-heal|p1a: Clodsire|100\/100 par\n|\n|upkeep\n|turn|10\n|\n|t:|1700865260\n|switch|p1a: Corviknight|Corviknight, F|82\/100\n|-ability|p1a: Corviknight|Pressure\n|detailschange|p2a: Aerodactyl|Aerodactyl-Mega, M\n|-mega|p2a: Aerodactyl|Aerodactyl|Aerodactylite\n|move|p2a: Aerodactyl|Hone Claws|p2a: Aerodactyl\n|-boost|p2a: Aerodactyl|atk|1\n|-boost|p2a: Aerodactyl|accuracy|1\n|\n|upkeep\n|turn|11\n|\n|t:|1700865266\n|switch|p1a: Dondozo|Dondozo, M|88\/100\n|move|p2a: Aerodactyl|Rock Blast|p1a: Dondozo\n|-damage|p1a: Dondozo|82\/100\n|-damage|p1a: Dondozo|76\/100\n|-hitcount|p1a: Dondozo|2\n|\n|upkeep\n|turn|12\n|\n|t:|1700865273\n|move|p2a: Aerodactyl|Dual Wingbeat|p1a: Dondozo\n|-damage|p1a: Dondozo|64\/100\n|-damage|p2a: Aerodactyl|84\/100|[from] item: Rocky Helmet|[of] p1a: Dondozo\n|-crit|p1a: Dondozo\n|-damage|p1a: Dondozo|43\/100\n|-damage|p2a: Aerodactyl|67\/100|[from] item: Rocky Helmet|[of] p1a: Dondozo\n|-hitcount|p1a: Dondozo|2\n|move|p1a: Dondozo|Waterfall|p2a: Aerodactyl\n|-supereffective|p2a: Aerodactyl\n|-damage|p2a: Aerodactyl|0 fnt\n|faint|p2a: Aerodactyl\n|\n|upkeep\n|\n|t:|1700865280\n|switch|p2a: Samurott|Samurott-Hisui, M|21\/100\n|turn|13\n|\n|t:|1700865284\n|switch|p1a: Clodsire|Clodsire, M|100\/100 par\n|move|p2a: Samurott|Hyper Voice|p1a: Clodsire\n|-damage|p1a: Clodsire|69\/100 par\n|-damage|p2a: Samurott|11\/100|[from] item: Life Orb\n|\n|-heal|p1a: Clodsire|76\/100 par|[from] item: Leftovers\n|upkeep\n|turn|14\n|\n|t:|1700865288\n|move|p2a: Samurott|Shadow Ball|p1a: Clodsire\n|-damage|p1a: Clodsire|48\/100 par\n|-damage|p2a: Samurott|1\/100|[from] item: Life Orb\n|move|p1a: Clodsire|Spikes|p2a: Samurott\n|-sidestart|p2: alejo615|Spikes\n|\n|-heal|p1a: Clodsire|54\/100 par|[from] item: Leftovers\n|upkeep\n|turn|15\n|\n|t:|1700865292\n|move|p2a: Samurott|Hyper Voice|p1a: Clodsire\n|-damage|p1a: Clodsire|22\/100 par\n|-damage|p2a: Samurott|0 fnt|[from] item: Life Orb\n|faint|p2a: Samurott\n|move|p1a: Clodsire|Recover|p1a: Clodsire\n|-heal|p1a: Clodsire|72\/100 par\n|\n|-heal|p1a: Clodsire|78\/100 par|[from] item: Leftovers\n|upkeep\n|-message|alejo615 forfeited.\n|\n|win|untruwu_reality\n|n|\u2606untruwu_reality|untruwureality\n|n|\u2606alejo615|alejo615\n","uploadtime":1700865299,"views":2,"p1id":"untruwureality","p2id":"alejo615","formatid":"gen9nationaldex","rating":0,"private":0,"password":""}