{"id":"gen9nationaldex-1996915703","p1":"AlolanSandslashOU","p2":"Hussumon2","format":"[Gen 9] National Dex","log":"|html|<div class=\"broadcast-blue\"><strong>[Gen 9] National Dex is currently suspecting Sneasler! For information on how to participate check out the <a href=\"https:\/\/www.smogon.com\/forums\/threads\/sv-national-dex-suspect-8-just-dance.3731534\/\">suspect thread<\/a>.<\/strong><\/div>\n|j|\u2606AlolanSandslashOU\n|j|\u2606Hussumon2\n|t:|1700744351\n|gametype|singles\n|player|p1|AlolanSandslashOU|volkner|\n|player|p2|Hussumon2|2|\n|teamsize|p1|6\n|teamsize|p2|6\n|gen|9\n|tier|[Gen 9] National Dex\n|rule|HP Percentage Mod: HP is shown in percentages\n|rule|Endless Battle Clause: Forcing endless battles is banned\n|rule|OHKO Clause: OHKO moves are banned\n|rule|Evasion Clause: Evasion abilities, items, and moves are banned\n|rule|Evasion Abilities Clause: Evasion abilities are banned\n|rule|Evasion Items Clause: Evasion items are banned\n|rule|Evasion Moves Clause: Evasion moves are banned\n|rule|Species Clause: Limit one of each Pok\u00e9mon\n|rule|Sleep Clause Mod: Limit one foe put to sleep\n|clearpoke\n|poke|p1|Aipom, F|\n|poke|p1|Gurdurr, M|\n|poke|p1|Kadabra, F|\n|poke|p1|Gligar, F|\n|poke|p1|Sneasel-Hisui, M|\n|poke|p1|Crocalor, M|\n|poke|p2|Combusken, F|\n|poke|p2|Haunter, M|\n|poke|p2|Doublade, F|\n|poke|p2|Cutiefly, M|\n|poke|p2|Wartortle, F|\n|poke|p2|Clefairy, M|\n|teampreview\n|inactive|Battle timer is ON: inactive players will automatically lose when time's up. (requested by Hussumon2)\n|c|\u2606AlolanSandslashOU|Croc\n|c|\u2606Hussumon2|Gl\n|\n|t:|1700744379\n|start\n|switch|p1a: Kadabra|Kadabra, F|100\/100\n|switch|p2a: Cutiefly|Cutiefly, M|100\/100\n|turn|1\n|\n|t:|1700744385\n|move|p1a: Kadabra|Psychic|p2a: Cutiefly\n|-enditem|p2a: Cutiefly|Focus Sash\n|-damage|p2a: Cutiefly|1\/100\n|move|p2a: Cutiefly|Sticky Web|p1a: Kadabra\n|-sidestart|p1: AlolanSandslashOU|move: Sticky Web\n|\n|upkeep\n|turn|2\n|c|\u2606AlolanSandslashOU|What a asshole\n|\n|t:|1700744396\n|move|p1a: Kadabra|Shadow Ball|p2a: Cutiefly\n|-damage|p2a: Cutiefly|0 fnt\n|faint|p2a: Cutiefly\n|\n|upkeep\n|c|\u2606AlolanSandslashOU|Webs in nfr\n|c|\u2606AlolanSandslashOU|nfe\n|c|\u2606AlolanSandslashOU|insane\n|\n|t:|1700744405\n|switch|p2a: Doublade|Doublade, F|100\/100\n|turn|3\n|\n|t:|1700744409\n|move|p1a: Kadabra|Shadow Ball|p2a: Doublade\n|-supereffective|p2a: Doublade\n|-damage|p2a: Doublade|0 fnt\n|faint|p2a: Doublade\n|\n|upkeep\n|\n|t:|1700744417\n|switch|p2a: Clefairy|Clefairy, M|100\/100\n|turn|4\n|\n|t:|1700744422\n|move|p1a: Kadabra|Psychic|p2a: Clefairy\n|-damage|p2a: Clefairy|62\/100\n|move|p2a: Clefairy|Thunder Wave|p1a: Kadabra\n|-status|p1a: Kadabra|par\n|\n|upkeep\n|turn|5\n|\n|t:|1700744429\n|cant|p1a: Kadabra|par\n|move|p2a: Clefairy|Wish|p2a: Clefairy\n|\n|upkeep\n|turn|6\n|\n|t:|1700744432\n|move|p1a: Kadabra|Psychic|p2a: Clefairy\n|-damage|p2a: Clefairy|26\/100\n|move|p2a: Clefairy|Knock Off|p1a: Kadabra\n|-supereffective|p1a: Kadabra\n|-damage|p1a: Kadabra|2\/100 par\n|-enditem|p1a: Kadabra|Life Orb|[from] move: Knock Off|[of] p2a: Clefairy\n|\n|-heal|p2a: Clefairy|76\/100|[from] move: Wish|[wisher] Clefairy\n|upkeep\n|turn|7\n|\n|t:|1700744441\n|move|p1a: Kadabra|Psychic|p2a: Clefairy\n|-damage|p2a: Clefairy|50\/100\n|move|p2a: Clefairy|Knock Off|p1a: Kadabra\n|-supereffective|p1a: Kadabra\n|-damage|p1a: Kadabra|0 fnt\n|faint|p1a: Kadabra\n|\n|upkeep\n|\n|t:|1700744445\n|switch|p1a: Crocalor|Crocalor, M|100\/100\n|-activate|p1a: Crocalor|move: Sticky Web\n|-unboost|p1a: Crocalor|spe|1\n|turn|8\n|\n|t:|1700744450\n|move|p2a: Clefairy|Thunder Wave|p1a: Crocalor|[miss]\n|-miss|p2a: Clefairy|p1a: Crocalor\n|move|p1a: Crocalor|Will-O-Wisp|p2a: Clefairy\n|-status|p2a: Clefairy|brn\n|\n|upkeep\n|turn|9\n|\n|t:|1700744455\n|switch|p1a: Gligar|Gligar, F|100\/100\n|move|p2a: Clefairy|Thunder Wave|p1a: Gligar\n|-immune|p1a: Gligar\n|\n|upkeep\n|turn|10\n|\n|t:|1700744459\n|move|p1a: Gligar|Knock Off|p2a: Clefairy\n|-resisted|p2a: Clefairy\n|-damage|p2a: Clefairy|40\/100 brn\n|-enditem|p2a: Clefairy|Eviolite|[from] move: Knock Off|[of] p1a: Gligar\n|move|p2a: Clefairy|Teleport|p2a: Clefairy\n|\n|t:|1700744465\n|switch|p2a: Wartortle|Wartortle, F|100\/100|[from] Teleport\n|\n|upkeep\n|turn|11\n|\n|t:|1700744470\n|move|p2a: Wartortle|Shell Smash|p2a: Wartortle\n|-unboost|p2a: Wartortle|def|1\n|-unboost|p2a: Wartortle|spd|1\n|-boost|p2a: Wartortle|atk|2\n|-boost|p2a: Wartortle|spa|2\n|-boost|p2a: Wartortle|spe|2\n|move|p1a: Gligar|Knock Off|p2a: Wartortle\n|-damage|p2a: Wartortle|68\/100\n|-enditem|p2a: Wartortle|Eviolite|[from] move: Knock Off|[of] p1a: Gligar\n|\n|upkeep\n|turn|12\n|\n|t:|1700744480\n|-terastallize|p2a: Wartortle|Ice\n|move|p2a: Wartortle|Ice Beam|p1a: Gligar\n|-supereffective|p1a: Gligar\n|-damage|p1a: Gligar|0 fnt\n|faint|p1a: Gligar\n|\n|upkeep\n|\n|t:|1700744486\n|switch|p1a: Crocalor|Crocalor, M|100\/100\n|-activate|p1a: Crocalor|move: Sticky Web\n|-unboost|p1a: Crocalor|spe|1\n|turn|13\n|\n|t:|1700744490\n|-terastallize|p1a: Crocalor|Fairy\n|move|p2a: Wartortle|Hydro Pump|p1a: Crocalor\n|-damage|p1a: Crocalor|65\/100\n|move|p1a: Crocalor|Tera Blast|p2a: Wartortle|[anim] Tera Blast Fairy\n|-damage|p2a: Wartortle|29\/100\n|\n|-heal|p1a: Crocalor|71\/100|[from] item: Leftovers\n|upkeep\n|turn|14\n|\n|t:|1700744500\n|switch|p2a: Clefairy|Clefairy, M|40\/100 brn\n|move|p1a: Crocalor|Tera Blast|p2a: Clefairy|[anim] Tera Blast Fairy\n|-damage|p2a: Clefairy|14\/100 brn\n|\n|-heal|p1a: Crocalor|77\/100|[from] item: Leftovers\n|upkeep\n|turn|15\n|\n|t:|1700744511\n|move|p2a: Clefairy|Thunder Wave|p1a: Crocalor\n|-status|p1a: Crocalor|par\n|cant|p1a: Crocalor|par\n|\n|-heal|p1a: Crocalor|83\/100 par|[from] item: Leftovers\n|upkeep\n|turn|16\n|\n|t:|1700744518\n|move|p2a: Clefairy|Wish|p2a: Clefairy\n|move|p1a: Crocalor|Flamethrower|p2a: Clefairy\n|-damage|p2a: Clefairy|0 fnt\n|faint|p2a: Clefairy\n|\n|-heal|p1a: Crocalor|89\/100 par|[from] item: Leftovers\n|upkeep\n|\n|t:|1700744523\n|switch|p2a: Haunter|Haunter, M|100\/100\n|turn|17\n|\n|t:|1700744526\n|move|p2a: Haunter|Sludge Bomb|p1a: Crocalor\n|-supereffective|p1a: Crocalor\n|-damage|p1a: Crocalor|0 fnt\n|faint|p1a: Crocalor\n|\n|upkeep\n|\n|t:|1700744529\n|switch|p1a: Sneasel|Sneasel-Hisui, M|100\/100\n|-activate|p1a: Sneasel|move: Sticky Web\n|-unboost|p1a: Sneasel|spe|1\n|turn|18\n|\n|t:|1700744534\n|move|p2a: Haunter|Sludge Bomb|p1a: Sneasel\n|-resisted|p1a: Sneasel\n|-damage|p1a: Sneasel|49\/100\n|move|p1a: Sneasel|Shadow Claw|p2a: Haunter\n|-supereffective|p2a: Haunter\n|-damage|p2a: Haunter|0 fnt\n|faint|p2a: Haunter\n|\n|upkeep\n|\n|t:|1700744541\n|switch|p2a: Combusken|Combusken, F|100\/100\n|turn|19\n|\n|t:|1700744548\n|move|p1a: Sneasel|Shadow Claw|p2a: Combusken\n|-crit|p2a: Combusken\n|-damage|p2a: Combusken|9\/100\n|move|p2a: Combusken|Swords Dance|p2a: Combusken\n|-boost|p2a: Combusken|atk|2\n|\n|-heal|p2a: Combusken|15\/100|[from] item: Leftovers\n|-ability|p2a: Combusken|Speed Boost|boost\n|-boost|p2a: Combusken|spe|1\n|upkeep\n|turn|20\n|\n|t:|1700744555\n|move|p2a: Combusken|Protect|p2a: Combusken\n|-singleturn|p2a: Combusken|Protect\n|move|p1a: Sneasel|Shadow Claw|p2a: Combusken\n|-activate|p2a: Combusken|move: Protect\n|\n|-heal|p2a: Combusken|21\/100|[from] item: Leftovers\n|-ability|p2a: Combusken|Speed Boost|boost\n|-boost|p2a: Combusken|spe|1\n|upkeep\n|turn|21\n|\n|t:|1700744560\n|move|p2a: Combusken|Fire Punch|p1a: Sneasel\n|-damage|p1a: Sneasel|0 fnt\n|faint|p1a: Sneasel\n|\n|-heal|p2a: Combusken|27\/100|[from] item: Leftovers\n|-ability|p2a: Combusken|Speed Boost|boost\n|-boost|p2a: Combusken|spe|1\n|upkeep\n|\n|t:|1700744562\n|switch|p1a: Gurdurr|Gurdurr, M|100\/100\n|-activate|p1a: Gurdurr|move: Sticky Web\n|-unboost|p1a: Gurdurr|spe|1\n|turn|22\n|\n|t:|1700744566\n|move|p2a: Combusken|Protect|p2a: Combusken\n|-singleturn|p2a: Combusken|Protect\n|move|p1a: Gurdurr|Mach Punch|p2a: Combusken\n|-activate|p2a: Combusken|move: Protect\n|\n|-heal|p2a: Combusken|33\/100|[from] item: Leftovers\n|-ability|p2a: Combusken|Speed Boost|boost\n|-boost|p2a: Combusken|spe|1\n|upkeep\n|turn|23\n|\n|t:|1700744573\n|move|p2a: Combusken|Protect|p2a: Combusken\n|-singleturn|p2a: Combusken|Protect\n|move|p1a: Gurdurr|Mach Punch|p2a: Combusken\n|-activate|p2a: Combusken|move: Protect\n|\n|-heal|p2a: Combusken|40\/100|[from] item: Leftovers\n|-ability|p2a: Combusken|Speed Boost|boost\n|-boost|p2a: Combusken|spe|1\n|upkeep\n|turn|24\n|\n|t:|1700744583\n|move|p1a: Gurdurr|Mach Punch|p2a: Combusken\n|-damage|p2a: Combusken|0 fnt\n|faint|p2a: Combusken\n|-damage|p1a: Gurdurr|91\/100|[from] item: Life Orb\n|\n|upkeep\n|\n|t:|1700744586\n|switch|p2a: Wartortle|Wartortle, F, tera:Ice|29\/100\n|turn|25\n|\n|t:|1700744590\n|move|p1a: Gurdurr|Mach Punch|p2a: Wartortle\n|-supereffective|p2a: Wartortle\n|-damage|p2a: Wartortle|0 fnt\n|faint|p2a: Wartortle\n|-damage|p1a: Gurdurr|81\/100|[from] item: Life Orb\n|\n|win|AlolanSandslashOU\n|c|\u2606AlolanSandslashOU|Ggs\n|c|\u2606Hussumon2|Gg\n|c|\u2606AlolanSandslashOU|Those protects\n|c|\u2606AlolanSandslashOU|are wild\n","uploadtime":1700744603,"views":3,"p1id":"alolansandslashou","p2id":"hussumon2","formatid":"gen9nationaldex","rating":0,"private":0,"password":""}