{"id":"gen9nationaldex-1993477047","p1":"Feigar2004","p2":"nixel74","format":"[Gen 9] National Dex","log":"|j|\u2606Feigar2004\n|j|\u2606nixel74\n|t:|1700322607\n|gametype|singles\n|player|p1|Feigar2004|benga|\n|player|p2|nixel74|steven|\n|teamsize|p1|6\n|teamsize|p2|6\n|gen|9\n|tier|[Gen 9] National Dex\n|rule|HP Percentage Mod: HP is shown in percentages\n|rule|Endless Battle Clause: Forcing endless battles is banned\n|rule|OHKO Clause: OHKO moves are banned\n|rule|Evasion Clause: Evasion abilities, items, and moves are banned\n|rule|Evasion Abilities Clause: Evasion abilities are banned\n|rule|Evasion Items Clause: Evasion items are banned\n|rule|Evasion Moves Clause: Evasion moves are banned\n|rule|Species Clause: Limit one of each Pok\u00e9mon\n|rule|Sleep Clause Mod: Limit one foe put to sleep\n|clearpoke\n|poke|p1|Dragonite, M|\n|poke|p1|Espeon, M|\n|poke|p1|Scizor, M|\n|poke|p1|Servine, M|\n|poke|p1|Toxapex, F|\n|poke|p1|Grimmsnarl, M|\n|poke|p2|Zoroark-Hisui, M|\n|poke|p2|Samurott-Hisui, F|\n|poke|p2|Umbreon, M|\n|poke|p2|Sableye, F|\n|poke|p2|Grimmsnarl, M|\n|poke|p2|Incineroar, F|\n|teampreview\n|inactive|Battle timer is ON: inactive players will automatically lose when time's up. (requested by Feigar2004)\n|inactiveoff|Battle timer is now OFF.\n|\n|t:|1700322651\n|start\n|switch|p1a: Grimmsnarl|Grimmsnarl, M|100\/100\n|switch|p2a: Umbreon|Umbreon, M|100\/100\n|turn|1\n|\n|t:|1700322670\n|move|p1a: Grimmsnarl|Thunder Wave|p2a: Umbreon\n|-hint|Since gen 7, Dark is immune to Prankster moves.\n|-immune|p2a: Umbreon\n|move|p2a: Umbreon|Toxic|p1a: Grimmsnarl\n|-status|p1a: Grimmsnarl|tox\n|\n|-damage|p1a: Grimmsnarl|94\/100 tox|[from] psn\n|upkeep\n|turn|2\n|\n|t:|1700322680\n|move|p2a: Umbreon|Protect|p2a: Umbreon\n|-singleturn|p2a: Umbreon|Protect\n|move|p1a: Grimmsnarl|Reflect|p1a: Grimmsnarl\n|-sidestart|p1: Feigar2004|Reflect\n|\n|-damage|p1a: Grimmsnarl|82\/100 tox|[from] psn\n|upkeep\n|turn|3\n|\n|t:|1700322687\n|move|p1a: Grimmsnarl|Light Screen|p1a: Grimmsnarl\n|-sidestart|p1: Feigar2004|move: Light Screen\n|move|p2a: Umbreon|Wish|p2a: Umbreon\n|\n|-damage|p1a: Grimmsnarl|64\/100 tox|[from] psn\n|upkeep\n|turn|4\n|\n|t:|1700322696\n|switch|p2a: Grimmsnarl|Grimmsnarl, M|100\/100\n|switch|p1a: Scizor|Scizor, M|100\/100\n|\n|upkeep\n|turn|5\n|\n|t:|1700322703\n|detailschange|p1a: Scizor|Scizor-Mega, M\n|-mega|p1a: Scizor|Scizor|Scizorite\n|move|p1a: Scizor|Bullet Punch|p2a: Grimmsnarl\n|-supereffective|p2a: Grimmsnarl\n|-damage|p2a: Grimmsnarl|19\/100\n|move|p2a: Grimmsnarl|Reflect|p2a: Grimmsnarl\n|-sidestart|p2: nixel74|Reflect\n|\n|upkeep\n|turn|6\n|\n|t:|1700322711\n|move|p1a: Scizor|Bullet Punch|p2a: Grimmsnarl\n|-supereffective|p2a: Grimmsnarl\n|-damage|p2a: Grimmsnarl|0 fnt\n|faint|p2a: Grimmsnarl\n|\n|upkeep\n|\n|t:|1700322721\n|switch|p2a: Sableye|Sableye, F|100\/100\n|turn|7\n|\n|t:|1700322734\n|switch|p1a: Grimmsnarl|Grimmsnarl, M|64\/100 tox\n|move|p2a: Sableye|Nasty Plot|p2a: Sableye\n|-boost|p2a: Sableye|spa|2\n|\n|-damage|p1a: Grimmsnarl|58\/100 tox|[from] psn\n|upkeep\n|turn|8\n|\n|t:|1700322771\n|move|p1a: Grimmsnarl|Thunder Wave|p2a: Sableye\n|-status|p2a: Sableye|par\n|cant|p2a: Sableye|par\n|\n|-damage|p1a: Grimmsnarl|46\/100 tox|[from] psn\n|upkeep\n|turn|9\n|\n|t:|1700322778\n|move|p2a: Sableye|Nasty Plot|p2a: Sableye\n|-boost|p2a: Sableye|spa|2\n|move|p1a: Grimmsnarl|Foul Play|p2a: Sableye\n|-supereffective|p2a: Sableye\n|-damage|p2a: Sableye|43\/100 par\n|replace|p2a: Zoroark|Zoroark-Hisui, M\n|-end|p2a: Zoroark|Illusion\n|\n|-damage|p1a: Grimmsnarl|27\/100 tox|[from] psn\n|-sideend|p1: Feigar2004|Reflect\n|upkeep\n|turn|10\n|\n|t:|1700322790\n|move|p1a: Grimmsnarl|Light Screen||[still]\n|-fail|p1a: Grimmsnarl\n|move|p2a: Zoroark|Shadow Ball|p1a: Grimmsnarl\n|-resisted|p1a: Grimmsnarl\n|-damage|p1a: Grimmsnarl|4\/100 tox\n|-unboost|p1a: Grimmsnarl|spd|1\n|\n|-damage|p1a: Grimmsnarl|0 fnt|[from] psn\n|faint|p1a: Grimmsnarl\n|-sideend|p1: Feigar2004|move: Light Screen\n|upkeep\n|\n|t:|1700322797\n|switch|p1a: Scizor|Scizor-Mega, M|100\/100\n|turn|11\n|\n|t:|1700322803\n|move|p1a: Scizor|Bullet Punch|p2a: Zoroark\n|-damage|p2a: Zoroark|1\/100 par\n|cant|p2a: Zoroark|par\n|\n|upkeep\n|turn|12\n|\n|t:|1700322808\n|move|p1a: Scizor|Bullet Punch|p2a: Zoroark\n|-damage|p2a: Zoroark|0 fnt\n|faint|p2a: Zoroark\n|\n|-sideend|p2: nixel74|Reflect\n|upkeep\n|\n|t:|1700322816\n|switch|p2a: Sableye|Sableye, F|100\/100\n|turn|13\n|\n|t:|1700322823\n|switch|p1a: Espeon|Espeon, M|100\/100\n|move|p2a: Sableye|Will-O-Wisp|p1a: Espeon\n|move|p1a: Espeon|Will-O-Wisp|p2a: Sableye|[from]ability: Magic Bounce\n|-status|p2a: Sableye|brn\n|\n|-damage|p2a: Sableye|95\/100 brn|[from] brn\n|upkeep\n|turn|14\n|\n|t:|1700322835\n|move|p1a: Espeon|Calm Mind|p1a: Espeon\n|-boost|p1a: Espeon|spa|1\n|-boost|p1a: Espeon|spd|1\n|move|p2a: Sableye|Knock Off|p1a: Espeon\n|-supereffective|p1a: Espeon\n|-damage|p1a: Espeon|50\/100\n|-enditem|p1a: Espeon|Life Orb|[from] move: Knock Off|[of] p2a: Sableye\n|\n|-damage|p2a: Sableye|89\/100 brn|[from] brn\n|upkeep\n|turn|15\n|\n|t:|1700322845\n|move|p1a: Espeon|Dazzling Gleam|p2a: Sableye\n|-supereffective|p2a: Sableye\n|-damage|p2a: Sableye|0 fnt\n|faint|p2a: Sableye\n|\n|upkeep\n|\n|t:|1700322856\n|switch|p2a: Samurott|Samurott-Hisui, F|100\/100\n|turn|16\n|\n|t:|1700322863\n|-terastallize|p2a: Samurott|Water\n|move|p1a: Espeon|Dazzling Gleam|p2a: Samurott\n|-damage|p2a: Samurott|39\/100\n|move|p2a: Samurott|Ceaseless Edge|p1a: Espeon\n|-supereffective|p1a: Espeon\n|-damage|p1a: Espeon|0 fnt\n|-sidestart|p1: Feigar2004|Spikes\n|faint|p1a: Espeon\n|\n|upkeep\n|\n|t:|1700322871\n|switch|p1a: Scizor|Scizor-Mega, M|100\/100\n|-damage|p1a: Scizor|88\/100|[from] Spikes\n|turn|17\n|\n|t:|1700322876\n|move|p2a: Samurott|Ceaseless Edge|p1a: Scizor\n|-damage|p1a: Scizor|38\/100\n|-sidestart|p1: Feigar2004|Spikes\n|move|p1a: Scizor|Defog|p2a: Samurott\n|-unboost|p2a: Samurott|evasion|1\n|-sideend|p1: Feigar2004|Spikes|[from] move: Defog|[of] p1a: Scizor\n|\n|upkeep\n|turn|18\n|\n|t:|1700322884\n|move|p1a: Scizor|Bullet Punch|p2a: Samurott\n|-resisted|p2a: Samurott\n|-damage|p2a: Samurott|15\/100\n|move|p2a: Samurott|Ceaseless Edge|p1a: Scizor\n|-damage|p1a: Scizor|0 fnt\n|-sidestart|p1: Feigar2004|Spikes\n|faint|p1a: Scizor\n|\n|upkeep\n|\n|t:|1700322889\n|switch|p1a: Dragonite|Dragonite, M|100\/100\n|turn|19\n|\n|t:|1700322895\n|switch|p2a: Umbreon|Umbreon, M|100\/100\n|move|p1a: Dragonite|Dragon Dance|p1a: Dragonite\n|-boost|p1a: Dragonite|atk|1\n|-boost|p1a: Dragonite|spe|1\n|\n|upkeep\n|turn|20\n|\n|t:|1700322900\n|move|p1a: Dragonite|Dragon Claw|p2a: Umbreon\n|-crit|p2a: Umbreon\n|-damage|p2a: Umbreon|29\/100\n|move|p2a: Umbreon|Toxic|p1a: Dragonite\n|-status|p1a: Dragonite|tox\n|\n|-heal|p2a: Umbreon|36\/100|[from] item: Leftovers\n|-damage|p1a: Dragonite|94\/100 tox|[from] psn\n|upkeep\n|turn|21\n|\n|t:|1700322909\n|move|p2a: Umbreon|Protect|p2a: Umbreon\n|-singleturn|p2a: Umbreon|Protect\n|move|p1a: Dragonite|Dragon Claw|p2a: Umbreon\n|-activate|p2a: Umbreon|move: Protect\n|\n|-heal|p2a: Umbreon|42\/100|[from] item: Leftovers\n|-damage|p1a: Dragonite|82\/100 tox|[from] psn\n|upkeep\n|turn|22\n|\n|t:|1700322918\n|move|p1a: Dragonite|Dragon Claw|p2a: Umbreon\n|-damage|p2a: Umbreon|0 fnt\n|faint|p2a: Umbreon\n|\n|-damage|p1a: Dragonite|63\/100 tox|[from] psn\n|upkeep\n|\n|t:|1700322932\n|switch|p2a: Incineroar|Incineroar, F|100\/100\n|-ability|p2a: Incineroar|Intimidate|boost\n|-unboost|p1a: Dragonite|atk|1\n|turn|23\n|\n|t:|1700322944\n|switch|p1a: Toxapex|Toxapex, F|100\/100\n|-damage|p1a: Toxapex|88\/100|[from] Spikes\n|move|p2a: Incineroar|Knock Off|p1a: Toxapex\n|-damage|p1a: Toxapex|66\/100\n|-enditem|p1a: Toxapex|Black Sludge|[from] move: Knock Off|[of] p2a: Incineroar\n|\n|upkeep\n|turn|24\n|\n|t:|1700322952\n|move|p2a: Incineroar|U-turn|p1a: Toxapex\n|-resisted|p1a: Toxapex\n|-damage|p1a: Toxapex|60\/100\n|\n|t:|1700322955\n|switch|p2a: Samurott|Samurott-Hisui, F, tera:Water|15\/100|[from] U-turn\n|move|p1a: Toxapex|Toxic|p2a: Samurott\n|-status|p2a: Samurott|tox\n|\n|-damage|p2a: Samurott|9\/100 tox|[from] psn\n|upkeep\n|turn|25\n|\n|t:|1700322963\n|move|p2a: Samurott|Ceaseless Edge|p1a: Toxapex\n|-damage|p1a: Toxapex|22\/100\n|-sidestart|p1: Feigar2004|Spikes\n|move|p1a: Toxapex|Recover|p1a: Toxapex\n|-heal|p1a: Toxapex|72\/100\n|\n|-damage|p2a: Samurott|0 fnt|[from] psn\n|faint|p2a: Samurott\n|upkeep\n|\n|t:|1700322973\n|switch|p2a: Incineroar|Incineroar, F|100\/100\n|-ability|p2a: Incineroar|Intimidate|boost\n|-unboost|p1a: Toxapex|atk|1\n|turn|26\n|\n|t:|1700322980\n|move|p2a: Incineroar|Flare Blitz|p1a: Toxapex\n|-resisted|p1a: Toxapex\n|-damage|p1a: Toxapex|56\/100\n|-damage|p2a: Incineroar|96\/100|[from] Recoil\n|move|p1a: Toxapex|Toxic|p2a: Incineroar\n|-status|p2a: Incineroar|tox\n|\n|-damage|p2a: Incineroar|90\/100 tox|[from] psn\n|upkeep\n|turn|27\n|\n|t:|1700322986\n|move|p2a: Incineroar|Knock Off|p1a: Toxapex\n|-damage|p1a: Toxapex|41\/100\n|move|p1a: Toxapex|Recover|p1a: Toxapex\n|-heal|p1a: Toxapex|91\/100\n|\n|-damage|p2a: Incineroar|78\/100 tox|[from] psn\n|upkeep\n|turn|28\n|\n|t:|1700322991\n|move|p2a: Incineroar|Knock Off|p1a: Toxapex\n|-damage|p1a: Toxapex|76\/100\n|move|p1a: Toxapex|Scald|p2a: Incineroar\n|-supereffective|p2a: Incineroar\n|-damage|p2a: Incineroar|56\/100 tox\n|\n|-damage|p2a: Incineroar|38\/100 tox|[from] psn\n|upkeep\n|turn|29\n|\n|t:|1700322999\n|move|p2a: Incineroar|Knock Off|p1a: Toxapex\n|-damage|p1a: Toxapex|61\/100\n|move|p1a: Toxapex|Scald|p2a: Incineroar\n|-supereffective|p2a: Incineroar\n|-damage|p2a: Incineroar|16\/100 tox\n|\n|-damage|p2a: Incineroar|0 fnt|[from] psn\n|faint|p2a: Incineroar\n|\n|win|Feigar2004\n|upkeep\n|l|\u2606nixel74\n","uploadtime":1700323009,"views":7,"p1id":"feigar2004","p2id":"nixel74","formatid":"gen9nationaldex","rating":0,"private":0,"password":""}