{"id":"gen9nationaldex-1995963590","p1":"IceBerryCoffee","p2":"Yukishiro Ai","format":"[Gen 9] National Dex","log":"|html|<div class=\"broadcast-blue\"><strong>[Gen 9] National Dex is currently suspecting Sneasler! For information on how to participate check out the <a href=\"https:\/\/www.smogon.com\/forums\/threads\/sv-national-dex-suspect-8-just-dance.3731534\/\">suspect thread<\/a>.<\/strong><\/div>\n|j|\u2606IceBerryCoffee\n|j|\u2606Yukishiro Ai\n|t:|1700622695\n|gametype|singles\n|player|p1|IceBerryCoffee|265|1281\n|player|p2|Yukishiro Ai|hilda|1269\n|teamsize|p1|6\n|teamsize|p2|6\n|gen|9\n|tier|[Gen 9] National Dex\n|rated|\n|rule|HP Percentage Mod: HP is shown in percentages\n|rule|Endless Battle Clause: Forcing endless battles is banned\n|rule|OHKO Clause: OHKO moves are banned\n|rule|Evasion Clause: Evasion abilities, items, and moves are banned\n|rule|Evasion Abilities Clause: Evasion abilities are banned\n|rule|Evasion Items Clause: Evasion items are banned\n|rule|Evasion Moves Clause: Evasion moves are banned\n|rule|Species Clause: Limit one of each Pok\u00e9mon\n|rule|Sleep Clause Mod: Limit one foe put to sleep\n|clearpoke\n|poke|p1|Maushold-Four|\n|poke|p1|Empoleon, M|\n|poke|p1|Conkeldurr, M|\n|poke|p1|Typhlosion-Hisui, F|\n|poke|p1|Gyarados, F|\n|poke|p1|Hydreigon, F|\n|poke|p2|Weavile, F|\n|poke|p2|Tornadus-Therian, M|\n|poke|p2|Mimikyu, F|\n|poke|p2|Lopunny, M|\n|poke|p2|Glimmora, F|\n|poke|p2|Aegislash, F|\n|teampreview\n|inactive|Battle timer is ON: inactive players will automatically lose when time's up. (requested by IceBerryCoffee)\n|\n|t:|1700622706\n|start\n|switch|p1a: Hydreigon|Hydreigon, F|100\/100\n|switch|p2a: Aegislash|Aegislash, F|100\/100\n|turn|1\n|\n|t:|1700622726\n|move|p2a: Aegislash|King's Shield|p2a: Aegislash\n|-singleturn|p2a: Aegislash|Protect\n|move|p1a: Hydreigon|Dark Pulse|p2a: Aegislash\n|-activate|p2a: Aegislash|move: Protect\n|\n|upkeep\n|turn|2\n|\n|t:|1700622735\n|switch|p1a: Empoleon|Empoleon, M|100\/100\n|switch|p2a: Lopunny|Lopunny, M|100\/100\n|\n|upkeep\n|turn|3\n|\n|t:|1700622760\n|detailschange|p2a: Lopunny|Lopunny-Mega, M\n|-mega|p2a: Lopunny|Lopunny|Lopunnite\n|move|p2a: Lopunny|Fake Out|p1a: Empoleon\n|-resisted|p1a: Empoleon\n|-damage|p1a: Empoleon|91\/100\n|cant|p1a: Empoleon|flinch\n|\n|-heal|p1a: Empoleon|97\/100|[from] item: Leftovers\n|upkeep\n|turn|4\n|\n|t:|1700622769\n|move|p2a: Lopunny|U-turn|p1a: Empoleon\n|-resisted|p1a: Empoleon\n|-damage|p1a: Empoleon|87\/100\n|\n|t:|1700622794\n|switch|p2a: Aegislash|Aegislash, F|100\/100|[from] U-turn\n|move|p1a: Empoleon|Flip Turn|p2a: Aegislash\n|-damage|p2a: Aegislash|87\/100\n|\n|t:|1700622810\n|switch|p1a: Typhlosion|Typhlosion-Hisui, F|100\/100|[from] Flip Turn\n|-item|p2a: Aegislash|Leftovers|[from] ability: Frisk|[of] p1a: Typhlosion|[identify]\n|\n|-heal|p2a: Aegislash|93\/100|[from] item: Leftovers\n|upkeep\n|turn|5\n|\n|t:|1700622829\n|-terastallize|p1a: Typhlosion|Fire\n|move|p2a: Aegislash|King's Shield|p2a: Aegislash\n|-singleturn|p2a: Aegislash|Protect\n|move|p1a: Typhlosion|Eruption|p2a: Aegislash\n|-activate|p2a: Aegislash|move: Protect\n|\n|-heal|p2a: Aegislash|99\/100|[from] item: Leftovers\n|upkeep\n|turn|6\n|inactive|Yukishiro Ai has 120 seconds left.\n|\n|t:|1700622866\n|switch|p2a: Glimmora|Glimmora, F|100\/100\n|move|p1a: Typhlosion|Eruption|p2a: Glimmora\n|-resisted|p2a: Glimmora\n|-damage|p2a: Glimmora|32\/100\n|\n|upkeep\n|turn|7\n|\n|t:|1700622872\n|move|p1a: Typhlosion|Eruption|p2a: Glimmora\n|-resisted|p2a: Glimmora\n|-damage|p2a: Glimmora|0 fnt\n|faint|p2a: Glimmora\n|\n|upkeep\n|\n|t:|1700622898\n|switch|p2a: Lopunny|Lopunny-Mega, M|100\/100\n|turn|8\n|\n|t:|1700622901\n|switch|p1a: Empoleon|Empoleon, M|87\/100\n|move|p2a: Lopunny|Fake Out|p1a: Empoleon\n|-resisted|p1a: Empoleon\n|-damage|p1a: Empoleon|78\/100\n|\n|-heal|p1a: Empoleon|84\/100|[from] item: Leftovers\n|upkeep\n|turn|9\n|\n|t:|1700622913\n|move|p2a: Lopunny|U-turn|p1a: Empoleon\n|-resisted|p1a: Empoleon\n|-damage|p1a: Empoleon|74\/100\n|\n|t:|1700622921\n|switch|p2a: Tornadus|Tornadus-Therian, M|100\/100|[from] U-turn\n|move|p1a: Empoleon|Flip Turn|p2a: Tornadus\n|-damage|p2a: Tornadus|82\/100\n|\n|t:|1700622939\n|switch|p1a: Maushold|Maushold-Four|100\/100|[from] Flip Turn\n|\n|upkeep\n|turn|10\n|\n|t:|1700622949\n|move|p2a: Tornadus|U-turn|p1a: Maushold\n|-damage|p1a: Maushold|78\/100\n|\n|t:|1700622953\n|switch|p2a: Lopunny|Lopunny-Mega, M|100\/100|[from] U-turn\n|move|p1a: Maushold|Population Bomb|p2a: Lopunny\n|-damage|p2a: Lopunny|85\/100\n|-damage|p2a: Lopunny|70\/100\n|-damage|p2a: Lopunny|56\/100\n|-damage|p2a: Lopunny|42\/100\n|-damage|p2a: Lopunny|27\/100\n|-damage|p2a: Lopunny|14\/100\n|-damage|p2a: Lopunny|0 fnt\n|faint|p2a: Lopunny\n|-hitcount|p2: Lopunny|7\n|\n|upkeep\n|inactive|Yukishiro Ai has 120 seconds left.\n|\n|t:|1700622967\n|switch|p2a: Weavile|Weavile, F|100\/100\n|-ability|p2a: Weavile|Pressure\n|turn|11\n|inactive|Yukishiro Ai has 120 seconds left.\n|\n|t:|1700622975\n|switch|p1a: Empoleon|Empoleon, M|74\/100\n|move|p2a: Weavile|Knock Off|p1a: Empoleon\n|-damage|p1a: Empoleon|23\/100\n|-enditem|p1a: Empoleon|Leftovers|[from] move: Knock Off|[of] p2a: Weavile\n|-damage|p2a: Weavile|91\/100|[from] item: Life Orb\n|\n|upkeep\n|turn|12\n|inactive|Yukishiro Ai has 120 seconds left.\n|\n|t:|1700622987\n|move|p2a: Weavile|Swords Dance|p2a: Weavile\n|-boost|p2a: Weavile|atk|2\n|move|p1a: Empoleon|Flip Turn|p2a: Weavile\n|-damage|p2a: Weavile|59\/100\n|\n|t:|1700622995\n|switch|p1a: Conkeldurr|Conkeldurr, M|100\/100|[from] Flip Turn\n|\n|-status|p1a: Conkeldurr|brn|[from] item: Flame Orb\n|upkeep\n|turn|13\n|inactive|Yukishiro Ai has 120 seconds left.\n|\n|t:|1700623010\n|switch|p2a: Aegislash|Aegislash, F|99\/100\n|move|p1a: Conkeldurr|Mach Punch|p2a: Aegislash\n|-immune|p2a: Aegislash\n|\n|-heal|p2a: Aegislash|100\/100|[from] item: Leftovers\n|-damage|p1a: Conkeldurr|94\/100 brn|[from] brn\n|upkeep\n|turn|14\n|\n|t:|1700623018\n|switch|p1a: Empoleon|Empoleon, M|23\/100\n|move|p2a: Aegislash|Toxic|p1a: Empoleon\n|-immune|p1a: Empoleon\n|\n|upkeep\n|turn|15\n|\n|t:|1700623024\n|-formechange|p2a: Aegislash|Aegislash-Blade||[from] ability: Stance Change\n|move|p2a: Aegislash|Shadow Ball|p1a: Empoleon\n|-damage|p1a: Empoleon|0 fnt\n|faint|p1a: Empoleon\n|\n|upkeep\n|\n|t:|1700623034\n|switch|p1a: Typhlosion|Typhlosion-Hisui, F, tera:Fire|100\/100\n|-item|p2a: Aegislash|Leftovers|[from] ability: Frisk|[of] p1a: Typhlosion|[identify]\n|turn|16\n|\n|t:|1700623042\n|-formechange|p2a: Aegislash|Aegislash||[from] ability: Stance Change\n|move|p2a: Aegislash|King's Shield|p2a: Aegislash\n|-singleturn|p2a: Aegislash|Protect\n|move|p1a: Typhlosion|Eruption|p2a: Aegislash\n|-activate|p2a: Aegislash|move: Protect\n|\n|upkeep\n|turn|17\n|\n|t:|1700623060\n|switch|p2a: Tornadus|Tornadus-Therian, M|100\/100\n|move|p1a: Typhlosion|Eruption|p2a: Tornadus\n|-damage|p2a: Tornadus|2\/100\n|\n|upkeep\n|turn|18\n|-message|Yukishiro Ai forfeited.\n|\n|win|IceBerryCoffee\n|raw|IceBerryCoffee's rating: 1281 &rarr; <strong>1305<\/strong><br \/>(+24 for winning)\n|raw|Yukishiro Ai's rating: 1269 &rarr; <strong>1245<\/strong><br \/>(-24 for losing)\n|l|\u2606Yukishiro Ai\n","uploadtime":1700623074,"views":0,"p1id":"iceberrycoffee","p2id":"yukishiroai","formatid":"gen9nationaldex","rating":1245,"private":0,"password":""}