{"id":"gen9nationaldex-1988745356","p1":"gurshxn","p2":"ND9T2 tutiop","format":"[Gen 9] National Dex","log":"|j|\u2606gurshxn\n|j|\u2606ND9T2 tutiop\n|t:|1699757737\n|gametype|singles\n|player|p1|gurshxn|265|1748\n|player|p2|ND9T2 tutiop|ingo|1739\n|teamsize|p1|6\n|teamsize|p2|6\n|gen|9\n|tier|[Gen 9] National Dex\n|rated|\n|rule|HP Percentage Mod: HP is shown in percentages\n|rule|Endless Battle Clause: Forcing endless battles is banned\n|rule|OHKO Clause: OHKO moves are banned\n|rule|Evasion Clause: Evasion abilities, items, and moves are banned\n|rule|Evasion Abilities Clause: Evasion abilities are banned\n|rule|Evasion Items Clause: Evasion items are banned\n|rule|Evasion Moves Clause: Evasion moves are banned\n|rule|Species Clause: Limit one of each Pok\u00e9mon\n|rule|Sleep Clause Mod: Limit one foe put to sleep\n|clearpoke\n|poke|p1|Alomomola, F|\n|poke|p1|Tyranitar, M|\n|poke|p1|Tapu Koko|\n|poke|p1|Great Tusk|\n|poke|p1|Moltres|\n|poke|p1|Ogerpon-Wellspring, F|\n|poke|p2|Dragonite, M|\n|poke|p2|Ninetales-Alola, F|\n|poke|p2|Iron Treads|\n|poke|p2|Gyarados, M|\n|poke|p2|Jirachi|\n|poke|p2|Ogerpon-Wellspring, F|\n|teampreview\n|inactive|Battle timer is ON: inactive players will automatically lose when time's up. (requested by gurshxn)\n|\n|t:|1699757774\n|start\n|switch|p1a: Tyranitar|Tyranitar, M|100\/100\n|switch|p2a: Iron Treads|Iron Treads|100\/100\n|-weather|Sandstorm|[from] ability: Sand Stream|[of] p1a: Tyranitar\n|-enditem|p2a: Iron Treads|Booster Energy\n|-activate|p2a: Iron Treads|ability: Quark Drive|[fromitem]\n|-start|p2a: Iron Treads|quarkdrivespe\n|turn|1\n|inactive|ND9T2 tutiop has 120 seconds left.\n|\n|t:|1699757816\n|switch|p1a: Great Tusk|Great Tusk|100\/100\n|move|p2a: Iron Treads|Stealth Rock|p1a: Great Tusk\n|-sidestart|p1: gurshxn|move: Stealth Rock\n|\n|-weather|Sandstorm|[upkeep]\n|upkeep\n|turn|2\n|\n|t:|1699757822\n|-terastallize|p2a: Iron Treads|Ghost\n|move|p2a: Iron Treads|Earthquake|p1a: Great Tusk\n|-damage|p1a: Great Tusk|78\/100\n|move|p1a: Great Tusk|Rapid Spin|p2a: Iron Treads\n|-immune|p2a: Iron Treads\n|\n|-weather|Sandstorm|[upkeep]\n|-damage|p2a: Iron Treads|94\/100|[from] Sandstorm\n|-heal|p1a: Great Tusk|84\/100|[from] item: Leftovers\n|upkeep\n|turn|3\n|\n|t:|1699757827\n|move|p2a: Iron Treads|Earthquake|p1a: Great Tusk\n|-damage|p1a: Great Tusk|60\/100\n|move|p1a: Great Tusk|Stealth Rock|p2a: Iron Treads\n|-sidestart|p2: ND9T2 tutiop|move: Stealth Rock\n|\n|-weather|Sandstorm|[upkeep]\n|-damage|p2a: Iron Treads|88\/100|[from] Sandstorm\n|-heal|p1a: Great Tusk|66\/100|[from] item: Leftovers\n|upkeep\n|turn|4\n|\n|t:|1699757831\n|move|p2a: Iron Treads|Rapid Spin|p1a: Great Tusk\n|-damage|p1a: Great Tusk|59\/100\n|-boost|p2a: Iron Treads|spe|1\n|-sideend|p2: ND9T2 tutiop|Stealth Rock|[from] move: Rapid Spin|[of] p2a: Iron Treads\n|move|p1a: Great Tusk|Earthquake|p2a: Iron Treads\n|-damage|p2a: Iron Treads|50\/100\n|\n|-weather|Sandstorm|[upkeep]\n|-damage|p2a: Iron Treads|43\/100|[from] Sandstorm\n|-heal|p1a: Great Tusk|65\/100|[from] item: Leftovers\n|upkeep\n|turn|5\n|\n|t:|1699757836\n|move|p2a: Iron Treads|Earthquake|p1a: Great Tusk\n|-damage|p1a: Great Tusk|40\/100\n|move|p1a: Great Tusk|Stealth Rock|p2a: Iron Treads\n|-sidestart|p2: ND9T2 tutiop|move: Stealth Rock\n|\n|-weather|none\n|-heal|p1a: Great Tusk|47\/100|[from] item: Leftovers\n|upkeep\n|turn|6\n|\n|t:|1699757839\n|move|p2a: Iron Treads|Rapid Spin|p1a: Great Tusk\n|-damage|p1a: Great Tusk|39\/100\n|-boost|p2a: Iron Treads|spe|1\n|-sideend|p2: ND9T2 tutiop|Stealth Rock|[from] move: Rapid Spin|[of] p2a: Iron Treads\n|move|p1a: Great Tusk|Earthquake|p2a: Iron Treads\n|-damage|p2a: Iron Treads|6\/100\n|\n|-heal|p1a: Great Tusk|45\/100|[from] item: Leftovers\n|upkeep\n|turn|7\n|\n|t:|1699757845\n|move|p2a: Iron Treads|Earthquake|p1a: Great Tusk\n|-damage|p1a: Great Tusk|22\/100\n|move|p1a: Great Tusk|Stealth Rock|p2a: Iron Treads\n|-sidestart|p2: ND9T2 tutiop|move: Stealth Rock\n|\n|-heal|p1a: Great Tusk|28\/100|[from] item: Leftovers\n|upkeep\n|turn|8\n|\n|t:|1699757847\n|move|p2a: Iron Treads|Rapid Spin|p1a: Great Tusk\n|-damage|p1a: Great Tusk|20\/100\n|-boost|p2a: Iron Treads|spe|1\n|-sideend|p2: ND9T2 tutiop|Stealth Rock|[from] move: Rapid Spin|[of] p2a: Iron Treads\n|move|p1a: Great Tusk|Earthquake|p2a: Iron Treads\n|-damage|p2a: Iron Treads|0 fnt\n|faint|p2a: Iron Treads\n|-end|p2a: Iron Treads|Quark Drive|[silent]\n|\n|-heal|p1a: Great Tusk|26\/100|[from] item: Leftovers\n|upkeep\n|\n|t:|1699757852\n|switch|p2a: TA13OO|Ogerpon-Wellspring, F|100\/100\n|turn|9\n|\n|t:|1699757858\n|move|p2a: TA13OO|Ivy Cudgel|p1a: Great Tusk\n|-supereffective|p1a: Great Tusk\n|-damage|p1a: Great Tusk|0 fnt\n|faint|p1a: Great Tusk\n|-end|p1a: Great Tusk|Protosynthesis|[silent]\n|\n|upkeep\n|\n|t:|1699757867\n|switch|p1a: Tapu Koko|Tapu Koko|100\/100\n|-fieldstart|move: Electric Terrain|[from] ability: Electric Surge|[of] p1a: Tapu Koko\n|turn|10\n|\n|t:|1699757872\n|move|p1a: Tapu Koko|U-turn|p2a: TA13OO\n|-supereffective|p2a: TA13OO\n|-damage|p2a: TA13OO|57\/100\n|\n|t:|1699757881\n|switch|p1a: Ogerpon|Ogerpon-Wellspring, F|100\/100|[from] U-turn\n|-damage|p1a: Ogerpon|88\/100|[from] Stealth Rock\n|move|p2a: TA13OO|Ivy Cudgel|p1a: Ogerpon\n|-heal|p1a: Ogerpon|100\/100|[from] ability: Water Absorb|[of] p2a: TA13OO\n|\n|upkeep\n|turn|11\n|\n|t:|1699757885\n|move|p2a: TA13OO|Power Whip|p1a: Ogerpon\n|-damage|p1a: Ogerpon|15\/100\n|move|p1a: Ogerpon|Power Whip|p2a: TA13OO|[miss]\n|-miss|p1a: Ogerpon|p2a: TA13OO\n|\n|upkeep\n|turn|12\n|\n|t:|1699757889\n|move|p2a: TA13OO|Knock Off|p1a: Ogerpon\n|-damage|p1a: Ogerpon|0 fnt\n|faint|p1a: Ogerpon\n|\n|upkeep\n|\n|t:|1699757895\n|switch|p1a: Tapu Koko|Tapu Koko|100\/100\n|turn|13\n|\n|t:|1699757900\n|switch|p2a: Ninetales|Ninetales-Alola, F|100\/100\n|-weather|Snow|[from] ability: Snow Warning|[of] p2a: Ninetales\n|move|p1a: Tapu Koko|U-turn|p2a: Ninetales\n|-resisted|p2a: Ninetales\n|-damage|p2a: Ninetales|93\/100\n|\n|t:|1699757903\n|switch|p1a: Tyranitar|Tyranitar, M|100\/100|[from] U-turn\n|-damage|p1a: Tyranitar|88\/100|[from] Stealth Rock\n|-weather|Sandstorm|[from] ability: Sand Stream|[of] p1a: Tyranitar\n|\n|-weather|Sandstorm|[upkeep]\n|-damage|p2a: Ninetales|87\/100|[from] Sandstorm\n|upkeep\n|turn|14\n|\n|t:|1699757908\n|switch|p2a: Dragonite|Dragonite, M|100\/100\n|detailschange|p1a: Tyranitar|Tyranitar-Mega, M\n|-mega|p1a: Tyranitar|Tyranitar|Tyranitarite\n|move|p1a: Tyranitar|Stealth Rock|p2a: Dragonite\n|-sidestart|p2: ND9T2 tutiop|move: Stealth Rock\n|\n|-weather|Sandstorm|[upkeep]\n|-damage|p2a: Dragonite|94\/100|[from] Sandstorm\n|-fieldend|move: Electric Terrain\n|upkeep\n|turn|15\n|\n|t:|1699757911\n|move|p2a: Dragonite|Earthquake|p1a: Tyranitar\n|-supereffective|p1a: Tyranitar\n|-damage|p1a: Tyranitar|48\/100\n|move|p1a: Tyranitar|Stone Edge|p2a: Dragonite\n|-supereffective|p2a: Dragonite\n|-damage|p2a: Dragonite|0 fnt\n|faint|p2a: Dragonite\n|\n|-weather|Sandstorm|[upkeep]\n|upkeep\n|\n|t:|1699757915\n|switch|p2a: Ninetales|Ninetales-Alola, F|87\/100\n|-damage|p2a: Ninetales|62\/100|[from] Stealth Rock\n|-weather|Snow|[from] ability: Snow Warning|[of] p2a: Ninetales\n|turn|16\n|\n|t:|1699757917\n|switch|p2a: TA13OO|Ogerpon-Wellspring, F|57\/100\n|-damage|p2a: TA13OO|45\/100|[from] Stealth Rock\n|move|p1a: Tyranitar|Stone Edge|p2a: TA13OO\n|-damage|p2a: TA13OO|0 fnt\n|faint|p2a: TA13OO\n|\n|-weather|Snow|[upkeep]\n|upkeep\n|\n|t:|1699757922\n|switch|p2a: Jirachi|Jirachi, shiny|100\/100\n|-damage|p2a: Jirachi|94\/100|[from] Stealth Rock\n|turn|17\n|\n|t:|1699757925\n|switch|p1a: Moltres|Moltres|100\/100\n|-zpower|p2a: Jirachi\n|move|p2a: Jirachi|Z-Happy Hour|p2a: Jirachi|[anim]Happy Hour\n|-boost|p2a: Jirachi|atk|1|[zeffect]\n|-boost|p2a: Jirachi|def|1|[zeffect]\n|-boost|p2a: Jirachi|spa|1|[zeffect]\n|-boost|p2a: Jirachi|spd|1|[zeffect]\n|-boost|p2a: Jirachi|spe|1|[zeffect]\n|\n|-weather|Snow|[upkeep]\n|upkeep\n|turn|18\n|\n|t:|1699757930\n|move|p2a: Jirachi|Stored Power|p1a: Moltres\n|-damage|p1a: Moltres|34\/100\n|move|p1a: Moltres|Flamethrower|p2a: Jirachi\n|-supereffective|p2a: Jirachi\n|-damage|p2a: Jirachi|48\/100\n|-status|p2a: Jirachi|brn\n|\n|-weather|Snow|[upkeep]\n|-damage|p2a: Jirachi|42\/100 brn|[from] brn\n|upkeep\n|turn|19\n|\n|t:|1699757940\n|move|p2a: Jirachi|Charge Beam|p1a: Moltres\n|-supereffective|p1a: Moltres\n|-damage|p1a: Moltres|0 fnt\n|-boost|p2a: Jirachi|spa|1\n|faint|p1a: Moltres\n|\n|-weather|Snow|[upkeep]\n|-damage|p2a: Jirachi|36\/100 brn|[from] brn\n|upkeep\n|inactive|gurshxn has 120 seconds left.\n|c|\u2606ND9T2 tutiop|gg\n|inactive|gurshxn has 90 seconds left.\n|c|\u2606gurshxn|yeah prolly\n|\n|t:|1699758011\n|switch|p1a: Alomomola|Alomomola, F|100\/100\n|turn|20\n|\n|t:|1699758035\n|move|p1a: Alomomola|Protect|p1a: Alomomola\n|-singleturn|p1a: Alomomola|Protect\n|move|p2a: Jirachi|Stored Power|p1a: Alomomola\n|-activate|p1a: Alomomola|move: Protect\n|\n|-weather|none\n|-damage|p2a: Jirachi|30\/100 brn|[from] brn\n|upkeep\n|turn|21\n|\n|t:|1699758038\n|move|p2a: Jirachi|Aura Sphere|p1a: Alomomola\n|-damage|p1a: Alomomola|59\/100\n|move|p1a: Alomomola|Flip Turn|p2a: Jirachi\n|-damage|p2a: Jirachi|19\/100 brn\n|\n|t:|1699758045\n|switch|p1a: Tapu Koko|Tapu Koko|100\/100|[from] Flip Turn\n|-fieldstart|move: Electric Terrain|[from] ability: Electric Surge|[of] p1a: Tapu Koko\n|\n|-damage|p2a: Jirachi|13\/100 brn|[from] brn\n|upkeep\n|turn|22\n|\n|t:|1699758056\n|switch|p1a: Tyranitar|Tyranitar-Mega, M|48\/100\n|-damage|p1a: Tyranitar|35\/100|[from] Stealth Rock\n|-weather|Sandstorm|[from] ability: Sand Stream|[of] p1a: Tyranitar\n|move|p2a: Jirachi|Stored Power|p1a: Tyranitar\n|-immune|p1a: Tyranitar\n|\n|-weather|Sandstorm|[upkeep]\n|-damage|p2a: Jirachi|7\/100 brn|[from] brn\n|upkeep\n|turn|23\n|\n|t:|1699758063\n|move|p2a: Jirachi|Aura Sphere|p1a: Tyranitar\n|-supereffective|p1a: Tyranitar\n|-damage|p1a: Tyranitar|0 fnt\n|faint|p1a: Tyranitar\n|\n|-weather|Sandstorm|[upkeep]\n|-damage|p2a: Jirachi|0 fnt|[from] brn\n|faint|p2a: Jirachi\n|upkeep\n|\n|t:|1699758074\n|switch|p2a: Ninetales|Ninetales-Alola, F|62\/100\n|switch|p1a: Tapu Koko|Tapu Koko|100\/100\n|-damage|p2a: Ninetales|37\/100|[from] Stealth Rock\n|-weather|Snow|[from] ability: Snow Warning|[of] p2a: Ninetales\n|turn|24\n|\n|t:|1699758076\n|move|p1a: Tapu Koko|Thunderbolt|p2a: Ninetales\n|-damage|p2a: Ninetales|0 fnt\n|faint|p2a: Ninetales\n|\n|-weather|Snow|[upkeep]\n|upkeep\n|\n|t:|1699758078\n|switch|p2a: Gyarados|Gyarados, M|100\/100\n|-damage|p2a: Gyarados|76\/100|[from] Stealth Rock\n|-ability|p2a: Gyarados|Intimidate|boost\n|-unboost|p1a: Tapu Koko|atk|1\n|turn|25\n|c|\u2606gurshxn|or not\n|c|\u2606gurshxn|gg for you I guess\n|\n|t:|1699758083\n|detailschange|p2a: Gyarados|Gyarados-Mega, M\n|-mega|p2a: Gyarados|Gyarados|Gyaradosite\n|-ability|p2a: Gyarados|Mold Breaker\n|move|p1a: Tapu Koko|Thunderbolt|p2a: Gyarados\n|-supereffective|p2a: Gyarados\n|-damage|p2a: Gyarados|0 fnt\n|faint|p2a: Gyarados\n|\n|win|gurshxn\n|raw|gurshxn's rating: 1748 &rarr; <strong>1767<\/strong><br \/>(+19 for winning)\n|raw|ND9T2 tutiop's rating: 1739 &rarr; <strong>1720<\/strong><br \/>(-19 for losing)\n|l|\u2606ND9T2 tutiop\n","uploadtime":1699758107,"views":4,"p1id":"gurshxn","p2id":"nd9t2tutiop","formatid":"gen9nationaldex","rating":1720,"private":0,"password":""}