{"id":"gen9nationaldex-1998195564","p1":"suijidyh666","p2":"Dr Allen Hu","format":"[Gen 9] National Dex","log":"|html|<div class=\"broadcast-blue\"><strong>[Gen 9] National Dex is currently suspecting Sneasler! For information on how to participate check out the <a href=\"https:\/\/www.smogon.com\/forums\/threads\/sv-national-dex-suspect-8-just-dance.3731534\/\">suspect thread<\/a>.<\/strong><\/div>\n|j|\u2606suijidyh666\n|j|\u2606Dr Allen Hu\n|t:|1700910513\n|gametype|singles\n|player|p1|suijidyh666|li|1061\n|player|p2|Dr Allen Hu|1|1077\n|teamsize|p1|6\n|teamsize|p2|6\n|gen|9\n|tier|[Gen 9] National Dex\n|rated|\n|rule|HP Percentage Mod: HP is shown in percentages\n|rule|Endless Battle Clause: Forcing endless battles is banned\n|rule|OHKO Clause: OHKO moves are banned\n|rule|Evasion Clause: Evasion abilities, items, and moves are banned\n|rule|Evasion Abilities Clause: Evasion abilities are banned\n|rule|Evasion Items Clause: Evasion items are banned\n|rule|Evasion Moves Clause: Evasion moves are banned\n|rule|Species Clause: Limit one of each Pok\u00e9mon\n|rule|Sleep Clause Mod: Limit one foe put to sleep\n|clearpoke\n|poke|p1|Manaphy|\n|poke|p1|Beedrill, F|\n|poke|p1|Kommo-o, F|\n|poke|p1|Heatran, F|\n|poke|p1|Scream Tail|\n|poke|p1|Pelipper, M|\n|poke|p2|Tyranitar, M|\n|poke|p2|Alomomola, M|\n|poke|p2|Tangrowth, M|\n|poke|p2|Toxapex, F|\n|poke|p2|Ferrothorn, M|\n|poke|p2|Torkoal, M|\n|teampreview\n|inactive|Battle timer is ON: inactive players will automatically lose when time's up. (requested by Dr Allen Hu)\n|inactive|suijidyh666 also wants the timer to be on.\n|\n|t:|1700910520\n|start\n|switch|p1a: Scream Tail|Scream Tail, shiny|100\/100\n|switch|p2a: Tyranitar|Tyranitar, M|100\/100\n|-weather|Sandstorm|[from] ability: Sand Stream|[of] p2a: Tyranitar\n|turn|1\n|\n|t:|1700910531\n|detailschange|p2a: Tyranitar|Tyranitar-Mega, M\n|-mega|p2a: Tyranitar|Tyranitar|Tyranitarite\n|move|p1a: Scream Tail|Stealth Rock|p2a: Tyranitar\n|-sidestart|p2: Dr Allen Hu|move: Stealth Rock\n|move|p2a: Tyranitar|Toxic|p1a: Scream Tail\n|-status|p1a: Scream Tail|tox\n|\n|-weather|Sandstorm|[upkeep]\n|-damage|p1a: Scream Tail|94\/100 tox|[from] Sandstorm\n|-damage|p1a: Scream Tail|88\/100 tox|[from] psn\n|upkeep\n|turn|2\n|\n|t:|1700910539\n|move|p1a: Scream Tail|Dazzling Gleam|p2a: Tyranitar\n|-supereffective|p2a: Tyranitar\n|-damage|p2a: Tyranitar|87\/100\n|move|p2a: Tyranitar|Stealth Rock|p1a: Scream Tail\n|-sidestart|p1: suijidyh666|move: Stealth Rock\n|\n|-weather|Sandstorm|[upkeep]\n|-damage|p1a: Scream Tail|82\/100 tox|[from] Sandstorm\n|-damage|p1a: Scream Tail|69\/100 tox|[from] psn\n|upkeep\n|turn|3\n|\n|t:|1700910544\n|move|p1a: Scream Tail|Wish|p1a: Scream Tail\n|move|p2a: Tyranitar|Knock Off|p1a: Scream Tail\n|-damage|p1a: Scream Tail|28\/100 tox\n|-enditem|p1a: Scream Tail|Mental Herb|[from] move: Knock Off|[of] p2a: Tyranitar\n|\n|-weather|Sandstorm|[upkeep]\n|-damage|p1a: Scream Tail|22\/100 tox|[from] Sandstorm\n|-damage|p1a: Scream Tail|3\/100 tox|[from] psn\n|upkeep\n|turn|4\n|\n|t:|1700910553\n|-end|p1a: Scream Tail|Protosynthesis|[silent]\n|switch|p1a: Pelipper|Pelipper, M, shiny|100\/100\n|-damage|p1a: Pelipper|76\/100|[from] Stealth Rock\n|-weather|RainDance|[from] ability: Drizzle|[of] p1a: Pelipper\n|move|p2a: Tyranitar|Knock Off|p1a: Pelipper\n|-damage|p1a: Pelipper|34\/100\n|-enditem|p1a: Pelipper|Damp Rock|[from] move: Knock Off|[of] p2a: Tyranitar\n|\n|-weather|RainDance|[upkeep]\n|-heal|p1a: Pelipper|100\/100|[from] move: Wish|[wisher] Scream Tail\n|upkeep\n|turn|5\n|\n|t:|1700910566\n|switch|p2a: Toxapex|Toxapex, F|100\/100\n|-damage|p2a: Toxapex|88\/100|[from] Stealth Rock\n|move|p1a: Pelipper|Weather Ball|p2a: Toxapex\n|-resisted|p2a: Toxapex\n|-damage|p2a: Toxapex|69\/100\n|\n|-weather|RainDance|[upkeep]\n|upkeep\n|turn|6\n|\n|t:|1700910577\n|move|p1a: Pelipper|U-turn|p2a: Toxapex\n|-resisted|p2a: Toxapex\n|-damage|p2a: Toxapex|66\/100\n|\n|t:|1700910585\n|switch|p1a: Scream Tail|Scream Tail, shiny|3\/100 tox|[from] U-turn\n|-damage|p1a: Scream Tail|0 fnt|[from] Stealth Rock\n|faint|p1a: Scream Tail\n|-end|p1a: Scream Tail|Protosynthesis|[silent]\n|move|p2a: Toxapex|Infestation|p1: Scream Tail|[notarget]\n|-fail|p2a: Toxapex\n|\n|-weather|RainDance|[upkeep]\n|upkeep\n|\n|t:|1700910594\n|switch|p1a: Manaphy|Manaphy, shiny|100\/100\n|-damage|p1a: Manaphy|88\/100|[from] Stealth Rock\n|turn|7\n|\n|t:|1700910607\n|switch|p2a: Ferrothorn|Ferrothorn, M|100\/100\n|-damage|p2a: Ferrothorn|95\/100|[from] Stealth Rock\n|move|p1a: Manaphy|Take Heart|p1a: Manaphy\n|-boost|p1a: Manaphy|spa|1\n|-boost|p1a: Manaphy|spd|1\n|\n|-weather|RainDance|[upkeep]\n|-heal|p1a: Manaphy|94\/100|[from] item: Leftovers\n|upkeep\n|turn|8\n|\n|t:|1700910613\n|-terastallize|p1a: Manaphy|Grass\n|move|p1a: Manaphy|Acid Armor|p1a: Manaphy\n|-boost|p1a: Manaphy|def|2\n|move|p2a: Ferrothorn|Leech Seed|p1a: Manaphy\n|-immune|p1a: Manaphy\n|\n|-weather|RainDance|[upkeep]\n|-heal|p1a: Manaphy|100\/100|[from] item: Leftovers\n|upkeep\n|turn|9\n|\n|t:|1700910622\n|move|p1a: Manaphy|Take Heart|p1a: Manaphy\n|-boost|p1a: Manaphy|spa|1\n|-boost|p1a: Manaphy|spd|1\n|move|p2a: Ferrothorn|Knock Off|p1a: Manaphy\n|-damage|p1a: Manaphy|93\/100\n|-enditem|p1a: Manaphy|Leftovers|[from] move: Knock Off|[of] p2a: Ferrothorn\n|\n|-weather|RainDance|[upkeep]\n|upkeep\n|turn|10\n|\n|t:|1700910631\n|switch|p2a: Toxapex|Toxapex, F|99\/100\n|-damage|p2a: Toxapex|87\/100|[from] Stealth Rock\n|move|p1a: Manaphy|Acid Armor|p1a: Manaphy\n|-boost|p1a: Manaphy|def|2\n|\n|-weather|RainDance|[upkeep]\n|upkeep\n|turn|11\n|\n|t:|1700910635\n|move|p1a: Manaphy|Scald|p2a: Toxapex\n|-resisted|p2a: Toxapex\n|-damage|p2a: Toxapex|51\/100\n|-zpower|p2a: Toxapex\n|move|p2a: Toxapex|Z-Haze|p2a: Toxapex|[anim]Haze\n|-heal|p2a: Toxapex|100\/100|[zeffect]\n|-clearallboost\n|\n|-weather|none\n|upkeep\n|turn|12\n|-message|Dr Allen Hu forfeited.\n|\n|win|suijidyh666\n|raw|suijidyh666's rating: 1061 &rarr; <strong>1092<\/strong><br \/>(+31 for winning)\n|raw|Dr Allen Hu's rating: 1058 &rarr; <strong>1039<\/strong><br \/>(-19 for losing)\n|l|\u2606Dr Allen Hu\n","uploadtime":1700910648,"views":0,"p1id":"suijidyh666","p2id":"drallenhu","formatid":"gen9nationaldex","rating":1039,"private":0,"password":""}