{"id":"gen9nationaldex-1995361820","p1":"ADCasey","p2":"bignutta","format":"[Gen 9] National Dex","log":"|html|<div class=\"broadcast-blue\"><strong>[Gen 9] National Dex is currently suspecting Sneasler! For information on how to participate check out the <a href=\"https:\/\/www.smogon.com\/forums\/threads\/sv-national-dex-suspect-8-just-dance.3731534\/\">suspect thread<\/a>.<\/strong><\/div>\n|j|\u2606ADCasey\n|j|\u2606bignutta\n|t:|1700559980\n|gametype|singles\n|player|p1|ADCasey|blue|1239\n|player|p2|bignutta|brycenman|1129\n|teamsize|p1|6\n|teamsize|p2|6\n|gen|9\n|tier|[Gen 9] National Dex\n|rated|\n|rule|HP Percentage Mod: HP is shown in percentages\n|rule|Endless Battle Clause: Forcing endless battles is banned\n|rule|OHKO Clause: OHKO moves are banned\n|rule|Evasion Clause: Evasion abilities, items, and moves are banned\n|rule|Evasion Abilities Clause: Evasion abilities are banned\n|rule|Evasion Items Clause: Evasion items are banned\n|rule|Evasion Moves Clause: Evasion moves are banned\n|rule|Species Clause: Limit one of each Pok\u00e9mon\n|rule|Sleep Clause Mod: Limit one foe put to sleep\n|clearpoke\n|poke|p1|Inteleon, M|\n|poke|p1|Maushold|\n|poke|p1|Whimsicott, F|\n|poke|p1|Greninja-*, M|\n|poke|p1|Quaquaval, M|\n|poke|p1|Mimikyu, F|\n|poke|p2|Galvantula, M|\n|poke|p2|Diggersby, F|\n|poke|p2|Lycanroc-Dusk, F|\n|poke|p2|Mawile, M|\n|poke|p2|Clawitzer, M|\n|poke|p2|Dracozolt|\n|teampreview\n|inactive|Battle timer is ON: inactive players will automatically lose when time's up. (requested by ADCasey)\n|inactive|bignutta also wants the timer to be on.\n|\n|t:|1700559984\n|start\n|switch|p1a: Mimikyu|Mimikyu, F|100\/100\n|switch|p2a: Galvantula|Galvantula, M, shiny|100\/100\n|turn|1\n|\n|t:|1700559991\n|move|p1a: Mimikyu|Play Rough|p2a: Galvantula\n|-damage|p2a: Galvantula|8\/100\n|-enditem|p2a: Galvantula|Petaya Berry|[eat]\n|-boost|p2a: Galvantula|spa|1|[from] item: Petaya Berry\n|-damage|p1a: Mimikyu|91\/100|[from] item: Life Orb\n|move|p2a: Galvantula|Sticky Web|p1a: Mimikyu\n|-sidestart|p1: ADCasey|move: Sticky Web\n|\n|upkeep\n|turn|2\n|\n|t:|1700560005\n|move|p1a: Mimikyu|Shadow Sneak|p2a: Galvantula\n|-damage|p2a: Galvantula|0 fnt\n|faint|p2a: Galvantula\n|-damage|p1a: Mimikyu|81\/100|[from] item: Life Orb\n|\n|upkeep\n|\n|t:|1700560020\n|switch|p2a: Mawile|Mawile, M|100\/100\n|-ability|p2a: Mawile|Intimidate|boost\n|-unboost|p1a: Mimikyu|atk|1\n|turn|3\n|\n|t:|1700560030\n|switch|p1a: EARL|Whimsicott, F|100\/100\n|-activate|p1a: EARL|move: Sticky Web\n|-unboost|p1a: EARL|spe|1\n|detailschange|p2a: Mawile|Mawile-Mega, M\n|-mega|p2a: Mawile|Mawile|Mawilite\n|move|p2a: Mawile|Iron Head|p1a: EARL\n|-supereffective|p1a: EARL\n|-enditem|p1a: EARL|Focus Sash\n|-damage|p1a: EARL|1\/100\n|\n|upkeep\n|turn|4\n|\n|t:|1700560045\n|move|p1a: EARL|Tailwind|p1a: EARL\n|-sidestart|p1: ADCasey|move: Tailwind\n|move|p2a: Mawile|Iron Head|p1a: EARL\n|-supereffective|p1a: EARL\n|-damage|p1a: EARL|0 fnt\n|faint|p1a: EARL\n|\n|upkeep\n|\n|t:|1700560048\n|switch|p1a: Maushold|Maushold|100\/100\n|-activate|p1a: Maushold|move: Sticky Web\n|-unboost|p1a: Maushold|spe|1\n|turn|5\n|\n|t:|1700560056\n|-singleturn|p2a: Mawile|move: Focus Punch\n|move|p1a: Maushold|Tidy Up|p1a: Maushold\n|-sideend|p1: ADCasey|Sticky Web\n|-activate|p1a: Maushold|move: Tidy Up\n|-boost|p1a: Maushold|atk|1\n|-boost|p1a: Maushold|spe|1\n|move|p2a: Mawile|Focus Punch|p1a: Maushold\n|-supereffective|p1a: Maushold\n|-damage|p1a: Maushold|0 fnt\n|faint|p1a: Maushold\n|\n|upkeep\n|\n|t:|1700560070\n|switch|p1a: Greninja|Greninja, M|100\/100\n|turn|6\n|\n|t:|1700560077\n|-terastallize|p1a: Greninja|Water\n|move|p1a: Greninja|Surf|p2a: Mawile\n|-damage|p2a: Mawile|39\/100\n|move|p2a: Mawile|Play Rough|p1a: Greninja\n|-damage|p1a: Greninja|0 fnt\n|faint|p1a: Greninja\n|\n|upkeep\n|\n|t:|1700560081\n|switch|p1a: Yusuke|Inteleon, M|100\/100\n|turn|7\n|\n|t:|1700560090\n|move|p1a: Yusuke|Snipe Shot|p2a: Mawile\n|-damage|p2a: Mawile|0 fnt\n|faint|p2a: Mawile\n|\n|-sideend|p1: ADCasey|move: Tailwind\n|upkeep\n|\n|t:|1700560097\n|switch|p2a: Dracozolt|Dracozolt|100\/100\n|turn|8\n|\n|t:|1700560102\n|switch|p1a: Gay Duck|Quaquaval, M|100\/100\n|move|p2a: Dracozolt|Bolt Beak|p1a: Gay Duck|[miss]\n|-miss|p2a: Dracozolt|p1a: Gay Duck\n|\n|upkeep\n|turn|9\n|\n|t:|1700560108\n|move|p2a: Dracozolt|Bolt Beak|p1a: Gay Duck\n|-supereffective|p1a: Gay Duck\n|-damage|p1a: Gay Duck|0 fnt\n|faint|p1a: Gay Duck\n|\n|upkeep\n|\n|t:|1700560110\n|switch|p1a: Mimikyu|Mimikyu, F|81\/100\n|turn|10\n|\n|t:|1700560116\n|move|p2a: Dracozolt|Bolt Beak|p1a: Mimikyu\n|-activate|p1a: Mimikyu|ability: Disguise\n|-damage|p1a: Mimikyu|81\/100\n|detailschange|p1a: Mimikyu|Mimikyu-Busted, F\n|-damage|p1a: Mimikyu|68\/100|[from] pokemon: Mimikyu-Busted\n|move|p1a: Mimikyu|Play Rough|p2a: Dracozolt\n|-supereffective|p2a: Dracozolt\n|-damage|p2a: Dracozolt|0 fnt\n|faint|p2a: Dracozolt\n|-damage|p1a: Mimikyu|58\/100|[from] item: Life Orb\n|\n|upkeep\n|\n|t:|1700560130\n|switch|p2a: Lycanroc|Lycanroc-Dusk, F|100\/100\n|turn|11\n|\n|t:|1700560135\n|move|p1a: Mimikyu|Shadow Sneak|p2a: Lycanroc\n|-damage|p2a: Lycanroc|66\/100\n|-damage|p1a: Mimikyu|48\/100|[from] item: Life Orb\n|move|p2a: Lycanroc|Iron Head|p1a: Mimikyu\n|-supereffective|p1a: Mimikyu\n|-damage|p1a: Mimikyu|0 fnt\n|faint|p1a: Mimikyu\n|\n|upkeep\n|\n|t:|1700560137\n|switch|p1a: Yusuke|Inteleon, M|100\/100\n|turn|12\n|\n|t:|1700560149\n|switch|p2a: Clawitzer|Clawitzer, M|100\/100\n|move|p1a: Yusuke|Snipe Shot|p2a: Clawitzer\n|-resisted|p2a: Clawitzer\n|-crit|p2a: Clawitzer\n|-damage|p2a: Clawitzer|24\/100\n|\n|upkeep\n|turn|13\n|\n|t:|1700560160\n|move|p1a: Yusuke|Snipe Shot|p2a: Clawitzer\n|-resisted|p2a: Clawitzer\n|-damage|p2a: Clawitzer|0 fnt\n|faint|p2a: Clawitzer\n|\n|upkeep\n|\n|t:|1700560166\n|switch|p2a: Lycanroc|Lycanroc-Dusk, F|66\/100\n|turn|14\n|\n|t:|1700560170\n|-terastallize|p2a: Lycanroc|Psychic\n|move|p1a: Yusuke|Snipe Shot|p2a: Lycanroc\n|-damage|p2a: Lycanroc|0 fnt\n|faint|p2a: Lycanroc\n|\n|upkeep\n|\n|t:|1700560177\n|switch|p2a: Diggersby|Diggersby, F, shiny|100\/100\n|turn|15\n|\n|t:|1700560182\n|move|p1a: Yusuke|Snipe Shot|p2a: Diggersby\n|-supereffective|p2a: Diggersby\n|-damage|p2a: Diggersby|0 fnt\n|faint|p2a: Diggersby\n|\n|win|ADCasey\n|raw|ADCasey's rating: 1239 &rarr; <strong>1256<\/strong><br \/>(+17 for winning)\n|raw|bignutta's rating: 1129 &rarr; <strong>1112<\/strong><br \/>(-17 for losing)\n|l|\u2606bignutta\n","uploadtime":1700560187,"views":14,"p1id":"adcasey","p2id":"bignutta","formatid":"gen9nationaldex","rating":1112,"private":0,"password":""}