{"id":"gen9nationaldex-1992211378","p1":"greencake","p2":"xiaoxianhaoshuaiya","format":"[Gen 9] National Dex","log":"|j|\u2606greencake\n|j|\u2606xiaoxianhaoshuaiya\n|t:|1700164249\n|gametype|singles\n|player|p1|greencake|maid|1704\n|player|p2|xiaoxianhaoshuaiya|phoebe-gen6|1632\n|teamsize|p1|6\n|teamsize|p2|6\n|gen|9\n|tier|[Gen 9] National Dex\n|rated|\n|rule|HP Percentage Mod: HP is shown in percentages\n|rule|Endless Battle Clause: Forcing endless battles is banned\n|rule|OHKO Clause: OHKO moves are banned\n|rule|Evasion Clause: Evasion abilities, items, and moves are banned\n|rule|Evasion Abilities Clause: Evasion abilities are banned\n|rule|Evasion Items Clause: Evasion items are banned\n|rule|Evasion Moves Clause: Evasion moves are banned\n|rule|Species Clause: Limit one of each Pok\u00e9mon\n|rule|Sleep Clause Mod: Limit one foe put to sleep\n|clearpoke\n|poke|p1|Lopunny, M|\n|poke|p1|Garganacl, F|\n|poke|p1|Alomomola, F|\n|poke|p1|Gliscor, F|\n|poke|p1|Hoopa-Unbound|\n|poke|p1|Jirachi|\n|poke|p2|Banette, M|\n|poke|p2|Tapu Lele|\n|poke|p2|Sneasler, F|\n|poke|p2|Heatran, F|\n|poke|p2|Zapdos|\n|poke|p2|Landorus-Therian, M|\n|teampreview\n|inactive|Battle timer is ON: inactive players will automatically lose when time's up. (requested by greencake)\n|inactive|xiaoxianhaoshuaiya also wants the timer to be on.\n|\n|t:|1700164270\n|start\n|switch|p1a: Gliscor|Gliscor, F|100\/100\n|switch|p2a: \u6700\u5f3a\u306e\u866b|Landorus-Therian, M|100\/100\n|-ability|p2a: \u6700\u5f3a\u306e\u866b|Intimidate|boost\n|-unboost|p1a: Gliscor|atk|1\n|turn|1\n|\n|t:|1700164276\n|move|p1a: Gliscor|Stealth Rock|p2a: \u6700\u5f3a\u306e\u866b\n|-sidestart|p2: xiaoxianhaoshuaiya|move: Stealth Rock\n|move|p2a: \u6700\u5f3a\u306e\u866b|U-turn|p1a: Gliscor\n|-resisted|p1a: Gliscor\n|-damage|p1a: Gliscor|91\/100\n|\n|t:|1700164281\n|switch|p2a: Tapu Lele|Tapu Lele|100\/100|[from] U-turn\n|-damage|p2a: Tapu Lele|88\/100|[from] Stealth Rock\n|-fieldstart|move: Psychic Terrain|[from] ability: Psychic Surge|[of] p2a: Tapu Lele\n|\n|-status|p1a: Gliscor|tox|[from] item: Toxic Orb\n|upkeep\n|turn|2\n|\n|t:|1700164288\n|switch|p1a: Jirachi|Jirachi|100\/100\n|move|p2a: Tapu Lele|Future Sight|p1a: Jirachi\n|-start|p2a: Tapu Lele|move: Future Sight\n|\n|upkeep\n|turn|3\n|\n|t:|1700164296\n|-zpower|p2a: Tapu Lele\n|move|p2a: Tapu Lele|All-Out Pummeling|p1a: Jirachi|[zeffect]\n|-damage|p1a: Jirachi|62\/100\n|move|p1a: Jirachi|Wish|p1a: Jirachi\n|\n|-heal|p1a: Jirachi|69\/100|[from] item: Leftovers\n|upkeep\n|turn|4\n|\n|t:|1700164308\n|switch|p2a: \u6700\u5f3a\u306e\u866b|Landorus-Therian, M|100\/100\n|-damage|p2a: \u6700\u5f3a\u306e\u866b|88\/100|[from] Stealth Rock\n|-ability|p2a: \u6700\u5f3a\u306e\u866b|Intimidate|boost\n|-unboost|p1a: Jirachi|atk|1\n|move|p1a: Jirachi|Toxic|p2a: \u6700\u5f3a\u306e\u866b\n|-status|p2a: \u6700\u5f3a\u306e\u866b|tox\n|\n|-end|p1a: Jirachi|move: Future Sight\n|-resisted|p1a: Jirachi\n|-damage|p1a: Jirachi|56\/100\n|-heal|p1a: Jirachi|100\/100|[from] move: Wish|[wisher] Jirachi\n|-damage|p2a: \u6700\u5f3a\u306e\u866b|82\/100 tox|[from] psn\n|upkeep\n|turn|5\n|\n|t:|1700164319\n|switch|p1a: Gliscor|Gliscor, F|91\/100 tox\n|move|p2a: \u6700\u5f3a\u306e\u866b|U-turn|p1a: Gliscor\n|-resisted|p1a: Gliscor\n|-damage|p1a: Gliscor|81\/100 tox\n|\n|t:|1700164322\n|switch|p2a: Zapdos|Zapdos, shiny|100\/100|[from] U-turn\n|\n|-heal|p1a: Gliscor|93\/100 tox|[from] ability: Poison Heal\n|-fieldend|move: Psychic Terrain\n|upkeep\n|turn|6\n|\n|t:|1700164328\n|move|p2a: Zapdos|Defog|p1a: Gliscor\n|-unboost|p1a: Gliscor|evasion|1\n|-sideend|p2: xiaoxianhaoshuaiya|Stealth Rock|[from] move: Defog|[of] p2a: Zapdos\n|move|p1a: Gliscor|Knock Off|p2a: Zapdos\n|-damage|p2a: Zapdos|84\/100\n|-enditem|p2a: Zapdos|Heavy-Duty Boots|[from] move: Knock Off|[of] p1a: Gliscor\n|\n|-heal|p1a: Gliscor|100\/100 tox|[from] ability: Poison Heal\n|upkeep\n|turn|7\n|\n|t:|1700164333\n|move|p2a: Zapdos|Hidden Power|p1a: Gliscor\n|-supereffective|p1a: Gliscor\n|-damage|p1a: Gliscor|36\/100 tox\n|move|p1a: Gliscor|Stealth Rock|p2a: Zapdos\n|-sidestart|p2: xiaoxianhaoshuaiya|move: Stealth Rock\n|\n|-heal|p1a: Gliscor|48\/100 tox|[from] ability: Poison Heal\n|upkeep\n|turn|8\n|\n|t:|1700164340\n|switch|p1a: Jirachi|Jirachi|100\/100\n|move|p2a: Zapdos|Discharge|p1a: Jirachi\n|-damage|p1a: Jirachi|77\/100\n|\n|-heal|p1a: Jirachi|83\/100|[from] item: Leftovers\n|upkeep\n|turn|9\n|\n|t:|1700164348\n|switch|p2a: Heatran|Heatran, F|100\/100\n|-damage|p2a: Heatran|88\/100|[from] Stealth Rock\n|move|p1a: Jirachi|Wish|p1a: Jirachi\n|\n|-heal|p1a: Jirachi|90\/100|[from] item: Leftovers\n|-heal|p2a: Heatran|94\/100|[from] item: Leftovers\n|upkeep\n|turn|10\n|\n|t:|1700164351\n|switch|p1a: Gliscor|Gliscor, F|48\/100 tox\n|move|p2a: Heatran|Magma Storm|p1a: Gliscor\n|-damage|p1a: Gliscor|9\/100 tox\n|-activate|p1a: Gliscor|move: Magma Storm|[of] p2a: Heatran\n|\n|-heal|p1a: Gliscor|66\/100 tox|[from] move: Wish|[wisher] Jirachi\n|-heal|p2a: Heatran|100\/100|[from] item: Leftovers\n|-heal|p1a: Gliscor|79\/100 tox|[from] ability: Poison Heal\n|-damage|p1a: Gliscor|66\/100 tox|[from] move: Magma Storm|[partiallytrapped]\n|upkeep\n|turn|11\n|\n|t:|1700164362\n|move|p1a: Gliscor|Earthquake|p2a: Heatran\n|-supereffective|p2a: Heatran\n|-damage|p2a: Heatran|0 fnt\n|faint|p2a: Heatran\n|\n|-heal|p1a: Gliscor|79\/100 tox|[from] ability: Poison Heal\n|-end|p1a: Gliscor|Magma Storm|[partiallytrapped]|[silent]\n|upkeep\n|-message|xiaoxianhaoshuaiya forfeited.\n|\n|win|greencake\n|raw|greencake's rating: 1704 &rarr; <strong>1720<\/strong><br \/>(+16 for winning)\n|raw|xiaoxianhaoshuaiya's rating: 1632 &rarr; <strong>1616<\/strong><br \/>(-16 for losing)\n|l|\u2606xiaoxianhaoshuaiya\n","uploadtime":1700164372,"views":4,"p1id":"greencake","p2id":"xiaoxianhaoshuaiya","formatid":"gen9nationaldex","rating":1616,"private":0,"password":""}