{"id":"gen9nationaldex-1998103907","p1":"Volo vs showdown","p2":"sighz 0-0","format":"[Gen 9] National Dex","log":"|j|\u2606Volo vs showdown\n|j|\u2606sighz 0-0\n|inactive|Battle timer is ON: inactive players will automatically lose when time's up.\n|t:|1700891937\n|gametype|singles\n|player|p1|Volo vs showdown|volo|\n|player|p2|sighz 0-0|may-contest|\n|teamsize|p1|6\n|teamsize|p2|6\n|gen|9\n|tier|[Gen 9] National Dex\n|rated|Tournament battle\n|rule|HP Percentage Mod: HP is shown in percentages\n|rule|Endless Battle Clause: Forcing endless battles is banned\n|rule|OHKO Clause: OHKO moves are banned\n|rule|Evasion Clause: Evasion abilities, items, and moves are banned\n|rule|Evasion Abilities Clause: Evasion abilities are banned\n|rule|Evasion Items Clause: Evasion items are banned\n|rule|Evasion Moves Clause: Evasion moves are banned\n|rule|Species Clause: Limit one of each Pok\u00e9mon\n|rule|Sleep Clause Mod: Limit one foe put to sleep\n|clearpoke\n|poke|p1|Spiritomb, M|\n|poke|p1|Togekiss, F|\n|poke|p1|Roserade, F|\n|poke|p1|Arcanine-Hisui, F|\n|poke|p1|Lucario, M|\n|poke|p1|Garchomp, F|\n|poke|p2|Blacephalon|\n|poke|p2|Snorlax, F|\n|poke|p2|Landorus-Therian, M|\n|poke|p2|Victini|\n|poke|p2|Bisharp, M|\n|poke|p2|Diancie|\n|teampreview\n|inactive|Volo vs showdown also wants the timer to be on.\n|\n|t:|1700891948\n|start\n|switch|p1a: Lucario|Lucario, M|100\/100\n|switch|p2a: Diancie|Diancie|100\/100\n|turn|1\n|\n|t:|1700891955\n|switch|p2a: Landorus|Landorus-Therian, M|100\/100\n|-ability|p2a: Landorus|Intimidate|boost\n|-fail|p1a: Lucario|unboost|Attack|[from] ability: Inner Focus|[of] p1a: Lucario\n|move|p1a: Lucario|Meteor Mash|p2a: Landorus\n|-damage|p2a: Landorus|61\/100\n|-damage|p1a: Lucario|91\/100|[from] item: Life Orb\n|\n|upkeep\n|turn|2\n|\n|t:|1700891959\n|switch|p1a: Togekiss|Togekiss, F|100\/100\n|move|p2a: Landorus|Stealth Rock|p1a: Togekiss\n|-sidestart|p1: Volo vs showdown|move: Stealth Rock\n|\n|upkeep\n|turn|3\n|j| andy1510\n|\n|t:|1700891961\n|move|p2a: Landorus|Explosion|p1a: Togekiss\n|-enditem|p2a: Landorus|Normal Gem|[from] gem\n|-damage|p1a: Togekiss|7\/100\n|faint|p2a: Landorus\n|move|p1a: Togekiss|Defog|p2: Landorus|[notarget]\n|-fail|p1a: Togekiss\n|\n|-heal|p1a: Togekiss|13\/100|[from] item: Leftovers\n|upkeep\n|j| XXMurdrXX\n|\n|t:|1700891971\n|switch|p2a: Blacephalon|Blacephalon|100\/100\n|turn|4\n|\n|t:|1700891974\n|move|p2a: Blacephalon|Shadow Ball|p1a: Togekiss\n|-damage|p1a: Togekiss|0 fnt\n|faint|p1a: Togekiss\n|-ability|p2a: Blacephalon|Beast Boost|boost\n|-boost|p2a: Blacephalon|spa|1\n|\n|upkeep\n|\n|t:|1700891981\n|switch|p1a: Spiritomb|Spiritomb, M|100\/100\n|-damage|p1a: Spiritomb|88\/100|[from] Stealth Rock\n|turn|5\n|\n|t:|1700891991\n|switch|p2a: Diancie|Diancie|100\/100\n|move|p1a: Spiritomb|Nasty Plot|p1a: Spiritomb\n|-boost|p1a: Spiritomb|spa|2\n|\n|-heal|p1a: Spiritomb|94\/100|[from] item: Leftovers\n|upkeep\n|turn|6\n|\n|t:|1700892002\n|detailschange|p2a: Diancie|Diancie-Mega\n|-mega|p2a: Diancie|Diancie|Diancite\n|-terastallize|p1a: Spiritomb|Ghost\n|move|p2a: Diancie|Moonblast|p1a: Spiritomb\n|-damage|p1a: Spiritomb|37\/100\n|move|p1a: Spiritomb|Shadow Ball|p2a: Diancie\n|-damage|p2a: Diancie|0 fnt\n|faint|p2a: Diancie\n|\n|-heal|p1a: Spiritomb|43\/100|[from] item: Leftovers\n|upkeep\n|c|\u2606Volo vs showdown|GAH DAMN\n|\n|t:|1700892014\n|switch|p2a: Blacephalon|Blacephalon|100\/100\n|turn|7\n|\n|t:|1700892032\n|switch|p1a: Roserade|Roserade, F|100\/100\n|-damage|p1a: Roserade|88\/100|[from] Stealth Rock\n|move|p2a: Blacephalon|Shadow Ball|p1a: Roserade\n|-damage|p1a: Roserade|28\/100\n|\n|upkeep\n|turn|8\n|\n|t:|1700892037\n|move|p2a: Blacephalon|Shadow Ball|p1a: Roserade\n|-damage|p1a: Roserade|0 fnt\n|faint|p1a: Roserade\n|-ability|p2a: Blacephalon|Beast Boost|boost\n|-boost|p2a: Blacephalon|spa|1\n|\n|upkeep\n|\n|t:|1700892041\n|switch|p1a: Arcanine|Arcanine-Hisui, F|100\/100\n|-damage|p1a: Arcanine|76\/100|[from] Stealth Rock\n|turn|9\n|\n|t:|1700892045\n|-terastallize|p2a: Blacephalon|Ghost\n|move|p2a: Blacephalon|Shadow Ball|p1a: Arcanine\n|-damage|p1a: Arcanine|0 fnt\n|faint|p1a: Arcanine\n|-ability|p2a: Blacephalon|Beast Boost|boost\n|-boost|p2a: Blacephalon|spa|1\n|\n|upkeep\n|\n|t:|1700892051\n|switch|p1a: Garchomp|Garchomp, F|100\/100\n|-damage|p1a: Garchomp|94\/100|[from] Stealth Rock\n|turn|10\n|\n|t:|1700892054\n|move|p2a: Blacephalon|Shadow Ball|p1a: Garchomp\n|-damage|p1a: Garchomp|0 fnt\n|faint|p1a: Garchomp\n|-ability|p2a: Blacephalon|Beast Boost|boost\n|-boost|p2a: Blacephalon|spa|1\n|\n|upkeep\n|c|\u2606Volo vs showdown|gg\n|\n|t:|1700892059\n|switch|p1a: Lucario|Lucario, M|91\/100\n|-damage|p1a: Lucario|88\/100|[from] Stealth Rock\n|turn|11\n|c|\u2606sighz 0-0|gg\n|\n|t:|1700892062\n|move|p2a: Blacephalon|Shadow Ball|p1a: Lucario\n|-damage|p1a: Lucario|0 fnt\n|faint|p1a: Lucario\n|-ability|p2a: Blacephalon|Beast Boost|boost\n|-boost|p2a: Blacephalon|spa|1\n|\n|upkeep\n|\n|t:|1700892063\n|switch|p1a: Spiritomb|Spiritomb, M, tera:Ghost|43\/100\n|-damage|p1a: Spiritomb|31\/100|[from] Stealth Rock\n|turn|12\n|\n|t:|1700892065\n|move|p2a: Blacephalon|Shadow Ball|p1a: Spiritomb\n|-supereffective|p1a: Spiritomb\n|-damage|p1a: Spiritomb|0 fnt\n|faint|p1a: Spiritomb\n|\n|win|sighz 0-0\n|n|\u2606Volo vs showdown|volovsshowdown\n|n|\u2606sighz 0-0|sighz00\n|n| andy1510|andy1510\n|n| XXMurdrXX|xxmurdrxx\n|c|\u2606sighz 0-0|wp\n|c|\u2606Volo vs showdown|specs?\n|c|\u2606sighz 0-0|scarf\n|c|\u2606Volo vs showdown|damn\n|l| andy1510\n|c|\u2606Volo vs showdown|Kiss was really my only way around that\n|c|\u2606sighz 0-0|ye lol\n|c|\u2606sighz 0-0|i mean\n|c|\u2606sighz 0-0|i have 3 explosions mon\n|c|\u2606sighz 0-0|and final gambit victini\n|c|\u2606Volo vs showdown|wild\n|c|\u2606Volo vs showdown|gg\n|l|\u2606Volo vs showdown\n|c|\u2606sighz 0-0|gg\n","uploadtime":1700892131,"views":2,"p1id":"volovsshowdown","p2id":"sighz00","formatid":"gen9nationaldex","rating":0,"private":0,"password":""}