{"id":"gen9nationaldex-1988940102","p1":"nncc\u6781\u5149","p2":"baigu","format":"[Gen 9] National Dex","log":"|j|\u2606nncc\u6781\u5149\n|j|\u2606baigu\n|t:|1699791558\n|gametype|singles\n|player|p1|nncc\u6781\u5149|benga|1779\n|player|p2|baigu|dawn|1749\n|teamsize|p1|6\n|teamsize|p2|6\n|gen|9\n|tier|[Gen 9] National Dex\n|rated|\n|rule|HP Percentage Mod: HP is shown in percentages\n|rule|Endless Battle Clause: Forcing endless battles is banned\n|rule|OHKO Clause: OHKO moves are banned\n|rule|Evasion Clause: Evasion abilities, items, and moves are banned\n|rule|Evasion Abilities Clause: Evasion abilities are banned\n|rule|Evasion Items Clause: Evasion items are banned\n|rule|Evasion Moves Clause: Evasion moves are banned\n|rule|Species Clause: Limit one of each Pok\u00e9mon\n|rule|Sleep Clause Mod: Limit one foe put to sleep\n|clearpoke\n|poke|p1|Alomomola, M|\n|poke|p1|Muk-Alola, F|\n|poke|p1|Skeledirge, F|\n|poke|p1|Mew|\n|poke|p1|Ferrothorn, F|\n|poke|p1|Gliscor, F|\n|poke|p2|Ursaluna, M|\n|poke|p2|Dragonite, F|\n|poke|p2|Slowking, F|\n|poke|p2|Tapu Koko|\n|poke|p2|Hoopa-Unbound|\n|poke|p2|Great Tusk|\n|teampreview\n|\n|t:|1699791582\n|start\n|switch|p1a: Gliscor|Gliscor, F|100\/100\n|switch|p2a: Tapu Koko|Tapu Koko|100\/100\n|-fieldstart|move: Electric Terrain|[from] ability: Electric Surge|[of] p2a: Tapu Koko\n|turn|1\n|\n|t:|1699791586\n|move|p2a: Tapu Koko|U-turn|p1a: Gliscor\n|-resisted|p1a: Gliscor\n|-damage|p1a: Gliscor|94\/100\n|\n|t:|1699791588\n|switch|p2a: Great Tusk|Great Tusk|100\/100|[from] U-turn\n|move|p1a: Gliscor|Toxic|p2a: Great Tusk\n|-status|p2a: Great Tusk|tox\n|\n|-damage|p2a: Great Tusk|94\/100 tox|[from] psn\n|-status|p1a: Gliscor|tox|[from] item: Toxic Orb\n|upkeep\n|turn|2\n|\n|t:|1699791594\n|move|p1a: Gliscor|Protect|p1a: Gliscor\n|-singleturn|p1a: Gliscor|Protect\n|move|p2a: Great Tusk|Stealth Rock|p1a: Gliscor\n|-sidestart|p1: nncc\u6781\u5149|move: Stealth Rock\n|\n|-heal|p1a: Gliscor|100\/100 tox|[from] ability: Poison Heal\n|-damage|p2a: Great Tusk|82\/100 tox|[from] psn\n|upkeep\n|turn|3\n|\n|t:|1699791598\n|move|p1a: Gliscor|Defog|p2a: Great Tusk\n|-unboost|p2a: Great Tusk|evasion|1\n|-sideend|p1: nncc\u6781\u5149|Stealth Rock|[from] move: Defog|[of] p1a: Gliscor\n|-fieldend|move: Electric Terrain\n|move|p2a: Great Tusk|Ice Spinner|p1a: Gliscor\n|-supereffective|p1a: Gliscor\n|-damage|p1a: Gliscor|0 fnt\n|faint|p1a: Gliscor\n|\n|-damage|p2a: Great Tusk|63\/100 tox|[from] psn\n|upkeep\n|\n|t:|1699791604\n|switch|p1a: Mew|Mew|100\/100\n|turn|4\n|\n|t:|1699791608\n|-end|p2a: Great Tusk|Protosynthesis|[silent]\n|switch|p2a: Slowking|Slowking, F|100\/100\n|move|p1a: Mew|Cosmic Power|p1a: Mew\n|-boost|p1a: Mew|def|1\n|-boost|p1a: Mew|spd|1\n|\n|upkeep\n|turn|5\n|\n|t:|1699791615\n|switch|p2a: Ursaluna|Ursaluna, M|100\/100\n|move|p1a: Mew|Cosmic Power|p1a: Mew\n|-boost|p1a: Mew|def|1\n|-boost|p1a: Mew|spd|1\n|\n|-status|p2a: Ursaluna|brn|[from] item: Flame Orb\n|upkeep\n|turn|6\n|\n|t:|1699791617\n|-terastallize|p2a: Ursaluna|Normal\n|move|p1a: Mew|Cosmic Power|p1a: Mew\n|-boost|p1a: Mew|def|1\n|-boost|p1a: Mew|spd|1\n|move|p2a: Ursaluna|Facade|p1a: Mew\n|-damage|p1a: Mew|46\/100\n|\n|-damage|p2a: Ursaluna|94\/100 brn|[from] brn\n|upkeep\n|turn|7\n|l|\u2606baigu\n|player|p2|\n|j|\u2606baigu\n|player|p2|baigu|dawn\n|inactive|Battle timer is ON: inactive players will automatically lose when time's up. (requested by nncc\u6781\u5149)\n|\n|t:|1699791655\n|move|p1a: Mew|Roost|p1a: Mew\n|-heal|p1a: Mew|96\/100\n|-singleturn|p1a: Mew|move: Roost\n|move|p2a: Ursaluna|Facade|p1a: Mew\n|-damage|p1a: Mew|35\/100\n|\n|-damage|p2a: Ursaluna|88\/100 brn|[from] brn\n|upkeep\n|turn|8\n|\n|t:|1699791666\n|move|p1a: Mew|Roost|p1a: Mew\n|-heal|p1a: Mew|85\/100\n|-singleturn|p1a: Mew|move: Roost\n|move|p2a: Ursaluna|Facade|p1a: Mew\n|-crit|p1a: Mew\n|-damage|p1a: Mew|0 fnt\n|faint|p1a: Mew\n|\n|-damage|p2a: Ursaluna|82\/100 brn|[from] brn\n|upkeep\n|-message|nncc\u6781\u5149 forfeited.\n|\n|win|baigu\n|raw|nncc\u6781\u5149's rating: 1779 &rarr; <strong>1757<\/strong><br \/>(-22 for losing)\n|raw|baigu's rating: 1749 &rarr; <strong>1771<\/strong><br \/>(+22 for winning)\n|l|\u2606nncc\u6781\u5149\n|j| aokong\n","uploadtime":1699791678,"views":17,"p1id":"nncc","p2id":"baigu","formatid":"gen9nationaldex","rating":1757,"private":0,"password":""}