{"id":"gen9nationaldex-1997938347","p1":"Arlo Ghost","p2":"Martu2863","format":"[Gen 9] National Dex","log":"|html|<div class=\"broadcast-blue\"><strong>[Gen 9] National Dex is currently suspecting Sneasler! For information on how to participate check out the <a href=\"https:\/\/www.smogon.com\/forums\/threads\/sv-national-dex-suspect-8-just-dance.3731534\/\">suspect thread<\/a>.<\/strong><\/div>\n|j|\u2606Arlo Ghost\n|j|\u2606Martu2863\n|t:|1700869712\n|gametype|singles\n|player|p1|Arlo Ghost|mars|\n|player|p2|Martu2863|cynthia-gen4|\n|teamsize|p1|6\n|teamsize|p2|6\n|gen|9\n|tier|[Gen 9] National Dex\n|rule|HP Percentage Mod: HP is shown in percentages\n|rule|Endless Battle Clause: Forcing endless battles is banned\n|rule|OHKO Clause: OHKO moves are banned\n|rule|Evasion Clause: Evasion abilities, items, and moves are banned\n|rule|Evasion Abilities Clause: Evasion abilities are banned\n|rule|Evasion Items Clause: Evasion items are banned\n|rule|Evasion Moves Clause: Evasion moves are banned\n|rule|Species Clause: Limit one of each Pok\u00e9mon\n|rule|Sleep Clause Mod: Limit one foe put to sleep\n|clearpoke\n|poke|p1|Mandibuzz, F|\n|poke|p1|Greninja-*, M|\n|poke|p1|Tyranitar, M|\n|poke|p1|Muk-Alola, M|\n|poke|p1|Grimmsnarl, M|\n|poke|p1|Hydreigon, M|\n|poke|p2|Krookodile, M|\n|poke|p2|Moltres|\n|poke|p2|Tapu Fini|\n|poke|p2|Rillaboom, M|\n|poke|p2|Kartana|\n|poke|p2|Manectric, F|\n|teampreview\n|j| Sylveon(404)\n|c| Sylveon(404)|ostia\n|c|\u2606Martu2863|Suerte\n|c|\u2606Arlo Ghost|https:\/\/www.youtube.com\/watch?v=HSltQv-HLhE&t=137s\n|c|\u2606Arlo Ghost|igualmente suerte\n|\n|t:|1700869756\n|start\n|switch|p1a: Rockzilla|Tyranitar, M, shiny|100\/100\n|switch|p2a: Gavial|Krookodile, M|100\/100\n|-ability|p2a: Gavial|Intimidate|boost\n|-unboost|p1a: Rockzilla|atk|1\n|-weather|Sandstorm|[from] ability: Sand Stream|[of] p1a: Rockzilla\n|turn|1\n|\n|t:|1700869760\n|switch|p1a: Winona|Mandibuzz, F|100\/100\n|-terastallize|p2a: Gavial|Fighting\n|move|p2a: Gavial|Close Combat|p1a: Winona\n|-crit|p1a: Winona\n|-damage|p1a: Winona|47\/100\n|-unboost|p2a: Gavial|def|1\n|-unboost|p2a: Gavial|spd|1\n|-damage|p2a: Gavial|84\/100|[from] item: Rocky Helmet|[of] p1a: Winona\n|\n|-weather|Sandstorm|[upkeep]\n|-damage|p2a: Gavial|78\/100|[from] Sandstorm\n|upkeep\n|turn|2\n|\n|t:|1700869770\n|switch|p1a: Sherkemo|Grimmsnarl, M|100\/100\n|move|p2a: Gavial|Close Combat|p1a: Sherkemo\n|-damage|p1a: Sherkemo|45\/100\n|-unboost|p2a: Gavial|def|1\n|-unboost|p2a: Gavial|spd|1\n|\n|-weather|Sandstorm|[upkeep]\n|-damage|p2a: Gavial|72\/100|[from] Sandstorm\n|-damage|p1a: Sherkemo|39\/100|[from] Sandstorm\n|upkeep\n|turn|3\n|\n|t:|1700869777\n|switch|p2a: Kami|Kartana|100\/100\n|move|p1a: Sherkemo|Reflect|p1a: Sherkemo\n|-sidestart|p1: Arlo Ghost|Reflect\n|\n|-weather|Sandstorm|[upkeep]\n|-damage|p1a: Sherkemo|33\/100|[from] Sandstorm\n|upkeep\n|turn|4\n|c| Sylveon(404)|otia\n|\n|t:|1700869782\n|move|p1a: Sherkemo|Parting Shot|p2a: Kami\n|-unboost|p2a: Kami|atk|1\n|-unboost|p2a: Kami|spa|1\n|\n|t:|1700869784\n|switch|p1a: Winona|Mandibuzz, F|47\/100|[from] Parting Shot\n|-zpower|p2a: Kami\n|move|p2a: Kami|Corkscrew Crash|p1a: Winona|[zeffect]\n|-damage|p1a: Winona|29\/100\n|\n|-weather|Sandstorm|[upkeep]\n|upkeep\n|turn|5\n|\n|t:|1700869789\n|switch|p2a: Zen|Manectric, F|100\/100\n|move|p1a: Winona|Roost|p1a: Winona\n|-heal|p1a: Winona|79\/100\n|-singleturn|p1a: Winona|move: Roost\n|\n|-weather|none\n|upkeep\n|turn|6\n|\n|t:|1700869796\n|switch|p1a: Rockzilla|Tyranitar, M, shiny|100\/100\n|-weather|Sandstorm|[from] ability: Sand Stream|[of] p1a: Rockzilla\n|detailschange|p2a: Zen|Manectric-Mega, F\n|-mega|p2a: Zen|Manectric|Manectite\n|-ability|p2a: Zen|Intimidate|boost\n|-unboost|p1a: Rockzilla|atk|1\n|move|p2a: Zen|Volt Switch|p1a: Rockzilla\n|-damage|p1a: Rockzilla|80\/100\n|\n|t:|1700869807\n|switch|p2a: Kanaloa|Tapu Fini|100\/100|[from] Volt Switch\n|-fieldstart|move: Misty Terrain|[from] ability: Misty Surge|[of] p2a: Kanaloa\n|\n|-weather|Sandstorm|[upkeep]\n|-damage|p2a: Kanaloa|94\/100|[from] Sandstorm\n|-heal|p2a: Kanaloa|100\/100|[from] item: Leftovers\n|upkeep\n|turn|7\n|\n|t:|1700869811\n|switch|p1a: Marijuano|Muk-Alola, M|100\/100\n|move|p2a: Kanaloa|Surf|p1a: Marijuano\n|-damage|p1a: Marijuano|88\/100\n|\n|-weather|Sandstorm|[upkeep]\n|-damage|p2a: Kanaloa|94\/100|[from] Sandstorm\n|-damage|p1a: Marijuano|82\/100|[from] Sandstorm\n|-heal|p2a: Kanaloa|100\/100|[from] item: Leftovers\n|upkeep\n|turn|8\n|\n|t:|1700869824\n|switch|p2a: Fenix|Moltres|100\/100\n|move|p1a: Marijuano|Knock Off|p2a: Fenix\n|-damage|p2a: Fenix|74\/100\n|-enditem|p2a: Fenix|Heavy-Duty Boots|[from] move: Knock Off|[of] p1a: Marijuano\n|\n|-weather|Sandstorm|[upkeep]\n|-damage|p2a: Fenix|68\/100|[from] Sandstorm\n|-damage|p1a: Marijuano|76\/100|[from] Sandstorm\n|upkeep\n|turn|9\n|j| Sai4rr\n|\n|t:|1700869832\n|switch|p1a: Sherkemo|Grimmsnarl, M|33\/100\n|move|p2a: Fenix|Roost|p2a: Fenix\n|-heal|p2a: Fenix|100\/100\n|-singleturn|p2a: Fenix|move: Roost\n|\n|-weather|Sandstorm|[upkeep]\n|-damage|p2a: Fenix|94\/100|[from] Sandstorm\n|-damage|p1a: Sherkemo|27\/100|[from] Sandstorm\n|upkeep\n|turn|10\n|j| Void280\n|\n|t:|1700869844\n|move|p1a: Sherkemo|Light Screen|p1a: Sherkemo\n|-sidestart|p1: Arlo Ghost|move: Light Screen\n|move|p2a: Fenix|Flamethrower|p1a: Sherkemo\n|-damage|p1a: Sherkemo|10\/100\n|\n|-weather|none\n|-sideend|p1: Arlo Ghost|Reflect\n|-fieldend|Misty Terrain\n|upkeep\n|turn|11\n|c| Sai4rr|Dale con la silla\n|\n|t:|1700869851\n|move|p1a: Sherkemo|Parting Shot|p2a: Fenix\n|-unboost|p2a: Fenix|atk|1\n|-unboost|p2a: Fenix|spa|1\n|\n|t:|1700869854\n|switch|p1a: Rockzilla|Tyranitar, M, shiny|80\/100|[from] Parting Shot\n|-weather|Sandstorm|[from] ability: Sand Stream|[of] p1a: Rockzilla\n|move|p2a: Fenix|Flamethrower|p1a: Rockzilla\n|-resisted|p1a: Rockzilla\n|-damage|p1a: Rockzilla|77\/100\n|\n|-weather|Sandstorm|[upkeep]\n|-damage|p2a: Fenix|88\/100|[from] Sandstorm\n|upkeep\n|turn|12\n|\n|t:|1700869863\n|switch|p2a: Gavial|Krookodile, M, tera:Fighting|72\/100\n|-ability|p2a: Gavial|Intimidate|boost\n|-unboost|p1a: Rockzilla|atk|1\n|move|p1a: Rockzilla|Ice Punch|p2a: Gavial\n|-damage|p2a: Gavial|52\/100\n|\n|-weather|Sandstorm|[upkeep]\n|-damage|p2a: Gavial|46\/100|[from] Sandstorm\n|upkeep\n|turn|13\n|\n|t:|1700869872\n|switch|p1a: Winona|Mandibuzz, F|79\/100\n|move|p2a: Gavial|Close Combat|p1a: Winona\n|-damage|p1a: Winona|48\/100\n|-unboost|p2a: Gavial|def|1\n|-unboost|p2a: Gavial|spd|1\n|-damage|p2a: Gavial|29\/100|[from] item: Rocky Helmet|[of] p1a: Winona\n|\n|-weather|Sandstorm|[upkeep]\n|-damage|p2a: Gavial|23\/100|[from] Sandstorm\n|upkeep\n|turn|14\n|\n|t:|1700869883\n|switch|p2a: Zen|Manectric-Mega, F|100\/100\n|-ability|p2a: Zen|Intimidate|boost\n|-unboost|p1a: Winona|atk|1\n|move|p1a: Winona|Roost|p1a: Winona\n|-heal|p1a: Winona|98\/100\n|-singleturn|p1a: Winona|move: Roost\n|\n|-weather|Sandstorm|[upkeep]\n|-damage|p2a: Zen|94\/100|[from] Sandstorm\n|upkeep\n|turn|15\n|\n|t:|1700869889\n|switch|p1a: Rockzilla|Tyranitar, M, shiny|77\/100\n|move|p2a: Zen|Thunderbolt|p1a: Rockzilla\n|-damage|p1a: Rockzilla|64\/100\n|\n|-weather|none\n|upkeep\n|turn|16\n|\n|t:|1700869895\n|detailschange|p1a: Rockzilla|Tyranitar-Mega, M, shiny\n|-mega|p1a: Rockzilla|Tyranitar|Tyranitarite\n|-weather|Sandstorm|[from] ability: Sand Stream|[of] p1a: Rockzilla\n|move|p2a: Zen|Volt Switch|p1a: Rockzilla\n|-damage|p1a: Rockzilla|55\/100\n|\n|t:|1700869903\n|switch|p2a: Tarzan|Rillaboom, M|100\/100|[from] Volt Switch\n|-fieldstart|move: Grassy Terrain|[from] ability: Grassy Surge|[of] p2a: Tarzan\n|move|p1a: Rockzilla|Earthquake|p2a: Tarzan\n|-resisted|p2a: Tarzan\n|-damage|p2a: Tarzan|90\/100\n|\n|-weather|Sandstorm|[upkeep]\n|-damage|p2a: Tarzan|84\/100|[from] Sandstorm\n|-heal|p2a: Tarzan|90\/100|[from] Grassy Terrain\n|-heal|p1a: Rockzilla|62\/100|[from] Grassy Terrain\n|upkeep\n|turn|17\n|\n|t:|1700869911\n|switch|p1a: Winona|Mandibuzz, F|98\/100\n|move|p2a: Tarzan|Grassy Glide|p1a: Winona\n|-resisted|p1a: Winona\n|-damage|p1a: Winona|82\/100\n|-damage|p2a: Tarzan|74\/100|[from] item: Rocky Helmet|[of] p1a: Winona\n|\n|-weather|Sandstorm|[upkeep]\n|-damage|p2a: Tarzan|68\/100|[from] Sandstorm\n|-heal|p2a: Tarzan|74\/100|[from] Grassy Terrain\n|-sideend|p1: Arlo Ghost|move: Light Screen\n|upkeep\n|turn|18\n|\n|t:|1700869916\n|switch|p2a: Zen|Manectric-Mega, F|94\/100\n|-ability|p2a: Zen|Intimidate|boost\n|-unboost|p1a: Winona|atk|1\n|move|p1a: Winona|Foul Play|p2a: Zen\n|-damage|p2a: Zen|67\/100\n|\n|-weather|Sandstorm|[upkeep]\n|-damage|p2a: Zen|61\/100|[from] Sandstorm\n|-heal|p2a: Zen|67\/100|[from] Grassy Terrain\n|upkeep\n|turn|19\n|\n|t:|1700869925\n|switch|p1a: Rockzilla|Tyranitar-Mega, M, shiny|62\/100\n|move|p2a: Zen|Volt Switch|p1a: Rockzilla\n|-damage|p1a: Rockzilla|42\/100\n|\n|t:|1700869930\n|switch|p2a: Kami|Kartana|100\/100|[from] Volt Switch\n|\n|-weather|Sandstorm|[upkeep]\n|-heal|p1a: Rockzilla|48\/100|[from] Grassy Terrain\n|upkeep\n|turn|20\n|\n|t:|1700869934\n|switch|p1a: Winona|Mandibuzz, F|82\/100\n|move|p2a: Kami|Sacred Sword|p1a: Winona\n|-damage|p1a: Winona|60\/100\n|-damage|p2a: Kami|84\/100|[from] item: Rocky Helmet|[of] p1a: Winona\n|\n|-weather|none\n|-heal|p2a: Kami|90\/100|[from] Grassy Terrain\n|-fieldend|move: Grassy Terrain\n|upkeep\n|turn|21\n|\n|t:|1700869940\n|switch|p2a: Kanaloa|Tapu Fini|100\/100\n|-fieldstart|move: Misty Terrain|[from] ability: Misty Surge|[of] p2a: Kanaloa\n|move|p1a: Winona|Foul Play|p2a: Kanaloa\n|-resisted|p2a: Kanaloa\n|-damage|p2a: Kanaloa|92\/100\n|\n|-heal|p2a: Kanaloa|98\/100|[from] item: Leftovers\n|upkeep\n|turn|22\n|\n|t:|1700869946\n|switch|p1a: Marijuano|Muk-Alola, M|76\/100\n|move|p2a: Kanaloa|Calm Mind|p2a: Kanaloa\n|-boost|p2a: Kanaloa|spa|1\n|-boost|p2a: Kanaloa|spd|1\n|\n|-heal|p2a: Kanaloa|100\/100|[from] item: Leftovers\n|upkeep\n|turn|23\n|\n|t:|1700869954\n|switch|p2a: Kami|Kartana|90\/100\n|move|p1a: Marijuano|Poison Jab|p2a: Kami\n|-immune|p2a: Kami\n|\n|upkeep\n|turn|24\n|\n|t:|1700869962\n|move|p2a: Kami|Swords Dance|p2a: Kami\n|-boost|p2a: Kami|atk|2\n|move|p1a: Marijuano|Fire Punch|p2a: Kami\n|-supereffective|p2a: Kami\n|-damage|p2a: Kami|16\/100\n|\n|upkeep\n|turn|25\n|\n|t:|1700869968\n|move|p1a: Marijuano|Shadow Sneak|p2a: Kami\n|-damage|p2a: Kami|6\/100\n|move|p2a: Kami|Sacred Sword|p1a: Marijuano\n|-damage|p1a: Marijuano|0 fnt\n|faint|p1a: Marijuano\n|-ability|p2a: Kami|Beast Boost|boost\n|-boost|p2a: Kami|atk|1\n|\n|-fieldend|Misty Terrain\n|upkeep\n|\n|t:|1700869973\n|switch|p1a: El Cumbia Ninja|Greninja, M|100\/100\n|turn|26\n|c| Sylveon(404)|otia\n|\n|t:|1700869979\n|switch|p2a: Kanaloa|Tapu Fini|100\/100\n|-fieldstart|move: Misty Terrain|[from] ability: Misty Surge|[of] p2a: Kanaloa\n|move|p1a: El Cumbia Ninja|U-turn|p2a: Kanaloa\n|-start|p1a: El Cumbia Ninja|typechange|Bug|[from] ability: Protean\n|-resisted|p2a: Kanaloa\n|-damage|p2a: Kanaloa|88\/100\n|\n|t:|1700869983\n|switch|p1a: Sherkemo|Grimmsnarl, M|10\/100|[from] U-turn\n|\n|-heal|p2a: Kanaloa|94\/100|[from] item: Leftovers\n|upkeep\n|turn|27\n|\n|t:|1700869990\n|move|p1a: Sherkemo|Light Screen|p1a: Sherkemo\n|-sidestart|p1: Arlo Ghost|move: Light Screen\n|move|p2a: Kanaloa|Draining Kiss|p1a: Sherkemo\n|-supereffective|p1a: Sherkemo\n|-damage|p1a: Sherkemo|0 fnt\n|-heal|p2a: Kanaloa|100\/100|[from] drain|[of] p1a: Sherkemo\n|faint|p1a: Sherkemo\n|\n|upkeep\n|\n|t:|1700869996\n|switch|p1a: El Cumbia Ninja|Greninja, M|100\/100\n|turn|28\n|\n|t:|1700869998\n|move|p1a: El Cumbia Ninja|Gunk Shot|p2a: Kanaloa\n|-start|p1a: El Cumbia Ninja|typechange|Poison|[from] ability: Protean\n|-supereffective|p2a: Kanaloa\n|-damage|p2a: Kanaloa|25\/100\n|move|p2a: Kanaloa|Calm Mind|p2a: Kanaloa\n|-boost|p2a: Kanaloa|spa|1\n|-boost|p2a: Kanaloa|spd|1\n|\n|-heal|p2a: Kanaloa|31\/100|[from] item: Leftovers\n|upkeep\n|turn|29\n|\n|t:|1700870006\n|switch|p1a: Winona|Mandibuzz, F|60\/100\n|switch|p2a: Kami|Kartana|6\/100\n|\n|upkeep\n|turn|30\n|\n|t:|1700870013\n|switch|p2a: Kanaloa|Tapu Fini|31\/100\n|move|p1a: Winona|Roost|p1a: Winona\n|-heal|p1a: Winona|100\/100\n|-singleturn|p1a: Winona|move: Roost\n|\n|-heal|p2a: Kanaloa|37\/100|[from] item: Leftovers\n|-fieldend|Misty Terrain\n|upkeep\n|turn|31\n|\n|t:|1700870018\n|move|p2a: Kanaloa|Draining Kiss|p1a: Winona\n|-supereffective|p1a: Winona\n|-damage|p1a: Winona|86\/100\n|-heal|p2a: Kanaloa|50\/100|[from] drain|[of] p1a: Winona\n|-damage|p2a: Kanaloa|34\/100|[from] item: Rocky Helmet|[of] p1a: Winona\n|move|p1a: Winona|Toxic|p2a: Kanaloa\n|-status|p2a: Kanaloa|tox\n|\n|-heal|p2a: Kanaloa|40\/100 tox|[from] item: Leftovers\n|-damage|p2a: Kanaloa|34\/100 tox|[from] psn\n|upkeep\n|turn|32\n|c| Sylveon(404)|pelea de dioses\n|\n|t:|1700870026\n|switch|p2a: Zen|Manectric-Mega, F|67\/100\n|-ability|p2a: Zen|Intimidate|boost\n|-unboost|p1a: Winona|atk|1\n|switch|p1a: Rockzilla|Tyranitar-Mega, M, shiny|48\/100\n|-weather|Sandstorm|[from] ability: Sand Stream|[of] p1a: Rockzilla\n|\n|-weather|Sandstorm|[upkeep]\n|-damage|p2a: Zen|61\/100|[from] Sandstorm\n|upkeep\n|turn|33\n|c| Sylveon(404)|https:\/\/youtu.be\/4LWjzWFpzQY?si=x3uAUuHW2iwobaz8\n|\n|t:|1700870047\n|move|p2a: Zen|Volt Switch|p1a: Rockzilla\n|-damage|p1a: Rockzilla|39\/100\n|\n|t:|1700870050\n|switch|p2a: Fenix|Moltres|88\/100|[from] Volt Switch\n|move|p1a: Rockzilla|Ice Punch|p2a: Fenix\n|-damage|p2a: Fenix|71\/100\n|-status|p1a: Rockzilla|brn|[from] ability: Flame Body|[of] p2a: Fenix\n|\n|-weather|Sandstorm|[upkeep]\n|-damage|p2a: Fenix|65\/100|[from] Sandstorm\n|-damage|p1a: Rockzilla|33\/100 brn|[from] brn\n|upkeep\n|turn|34\n|\n|t:|1700870064\n|switch|p2a: Zen|Manectric-Mega, F|61\/100\n|-ability|p2a: Zen|Intimidate|boost\n|-unboost|p1a: Rockzilla|atk|1\n|move|p1a: Rockzilla|Rock Slide|p2a: Zen\n|-damage|p2a: Zen|42\/100\n|\n|-weather|Sandstorm|[upkeep]\n|-damage|p2a: Zen|36\/100|[from] Sandstorm\n|-damage|p1a: Rockzilla|27\/100 brn|[from] brn\n|-sideend|p1: Arlo Ghost|move: Light Screen\n|upkeep\n|turn|35\n|\n|t:|1700870082\n|move|p2a: Zen|Thunderbolt|p1a: Rockzilla\n|-damage|p1a: Rockzilla|4\/100 brn\n|move|p1a: Rockzilla|Earthquake|p2a: Zen\n|-supereffective|p2a: Zen\n|-damage|p2a: Zen|4\/100\n|\n|-weather|Sandstorm|[upkeep]\n|-damage|p2a: Zen|0 fnt|[from] Sandstorm\n|faint|p2a: Zen\n|-damage|p1a: Rockzilla|0 fnt|[from] brn\n|faint|p1a: Rockzilla\n|upkeep\n|\n|t:|1700870093\n|switch|p2a: Fenix|Moltres|65\/100\n|switch|p1a: El Cumbia Ninja|Greninja, M|100\/100\n|turn|36\n|\n|t:|1700870148\n|switch|p2a: Kami|Kartana|6\/100\n|move|p1a: El Cumbia Ninja|Hydro Pump|p2a: Kami\n|-start|p1a: El Cumbia Ninja|typechange|Water|[from] ability: Protean\n|-resisted|p2a: Kami\n|-damage|p2a: Kami|0 fnt\n|faint|p2a: Kami\n|\n|-weather|none\n|upkeep\n|\n|t:|1700870153\n|switch|p2a: Tarzan|Rillaboom, M|74\/100\n|-fieldstart|move: Grassy Terrain|[from] ability: Grassy Surge|[of] p2a: Tarzan\n|turn|37\n|\n|t:|1700870159\n|switch|p1a: Winona|Mandibuzz, F|86\/100\n|move|p2a: Tarzan|Grassy Glide|p1a: Winona\n|-resisted|p1a: Winona\n|-damage|p1a: Winona|71\/100\n|-damage|p2a: Tarzan|57\/100|[from] item: Rocky Helmet|[of] p1a: Winona\n|\n|-heal|p2a: Tarzan|64\/100|[from] Grassy Terrain\n|upkeep\n|turn|38\n|\n|t:|1700870163\n|switch|p2a: Fenix|Moltres|65\/100\n|move|p1a: Winona|Foul Play|p2a: Fenix\n|-damage|p2a: Fenix|46\/100\n|\n|upkeep\n|turn|39\n|\n|t:|1700870168\n|switch|p2a: Kanaloa|Tapu Fini|34\/100 tox\n|-fieldstart|move: Misty Terrain|[from] ability: Misty Surge|[of] p2a: Kanaloa\n|move|p1a: Winona|Toxic|p2a: Kanaloa\n|-fail|p2a: Kanaloa|tox\n|\n|-heal|p2a: Kanaloa|40\/100 tox|[from] item: Leftovers\n|-damage|p2a: Kanaloa|34\/100 tox|[from] psn\n|upkeep\n|turn|40\n|\n|t:|1700870179\n|move|p2a: Kanaloa|Draining Kiss|p1a: Winona\n|-supereffective|p1a: Winona\n|-damage|p1a: Winona|42\/100\n|-heal|p2a: Kanaloa|60\/100 tox|[from] drain|[of] p1a: Winona\n|-damage|p2a: Kanaloa|43\/100 tox|[from] item: Rocky Helmet|[of] p1a: Winona\n|move|p1a: Winona|Defog|p2a: Kanaloa\n|-unboost|p2a: Kanaloa|evasion|1\n|-fieldend|Misty Terrain\n|\n|-heal|p2a: Kanaloa|49\/100 tox|[from] item: Leftovers\n|-damage|p2a: Kanaloa|37\/100 tox|[from] psn\n|upkeep\n|turn|41\n|l| Sai4rr\n|j| Sai4rr\n|\n|t:|1700870197\n|move|p2a: Kanaloa|Calm Mind|p2a: Kanaloa\n|-boost|p2a: Kanaloa|spa|1\n|-boost|p2a: Kanaloa|spd|1\n|move|p1a: Winona|Roost|p1a: Winona\n|-heal|p1a: Winona|92\/100\n|-singleturn|p1a: Winona|move: Roost\n|\n|-heal|p2a: Kanaloa|43\/100 tox|[from] item: Leftovers\n|-damage|p2a: Kanaloa|25\/100 tox|[from] psn\n|upkeep\n|turn|42\n|\n|t:|1700870203\n|move|p2a: Kanaloa|Draining Kiss|p1a: Winona\n|-supereffective|p1a: Winona\n|-damage|p1a: Winona|52\/100\n|-heal|p2a: Kanaloa|62\/100 tox|[from] drain|[of] p1a: Winona\n|-damage|p2a: Kanaloa|46\/100 tox|[from] item: Rocky Helmet|[of] p1a: Winona\n|move|p1a: Winona|Foul Play|p2a: Kanaloa\n|-resisted|p2a: Kanaloa\n|-damage|p2a: Kanaloa|38\/100 tox\n|\n|-heal|p2a: Kanaloa|44\/100 tox|[from] item: Leftovers\n|-damage|p2a: Kanaloa|19\/100 tox|[from] psn\n|upkeep\n|turn|43\n|\n|t:|1700870216\n|move|p2a: Kanaloa|Draining Kiss|p1a: Winona\n|-supereffective|p1a: Winona\n|-damage|p1a: Winona|11\/100\n|-heal|p2a: Kanaloa|57\/100 tox|[from] drain|[of] p1a: Winona\n|-damage|p2a: Kanaloa|41\/100 tox|[from] item: Rocky Helmet|[of] p1a: Winona\n|move|p1a: Winona|Roost|p1a: Winona\n|-heal|p1a: Winona|61\/100\n|-singleturn|p1a: Winona|move: Roost\n|\n|-heal|p2a: Kanaloa|47\/100 tox|[from] item: Leftovers\n|-damage|p2a: Kanaloa|16\/100 tox|[from] psn\n|upkeep\n|turn|44\n|l| Sai4rr\n|\n|t:|1700870223\n|move|p2a: Kanaloa|Draining Kiss|p1a: Winona\n|-supereffective|p1a: Winona\n|-damage|p1a: Winona|17\/100\n|-heal|p2a: Kanaloa|57\/100 tox|[from] drain|[of] p1a: Winona\n|-damage|p2a: Kanaloa|41\/100 tox|[from] item: Rocky Helmet|[of] p1a: Winona\n|move|p1a: Winona|Roost|p1a: Winona\n|-heal|p1a: Winona|67\/100\n|-singleturn|p1a: Winona|move: Roost\n|\n|-heal|p2a: Kanaloa|47\/100 tox|[from] item: Leftovers\n|-damage|p2a: Kanaloa|10\/100 tox|[from] psn\n|upkeep\n|turn|45\n|j| Sai4rr\n|\n|t:|1700870255\n|switch|p2a: Fenix|Moltres|46\/100\n|move|p1a: Winona|Roost|p1a: Winona\n|-heal|p1a: Winona|100\/100\n|-singleturn|p1a: Winona|move: Roost\n|\n|upkeep\n|turn|46\n|\n|t:|1700870263\n|switch|p2a: Kanaloa|Tapu Fini|10\/100 tox\n|-fieldstart|move: Misty Terrain|[from] ability: Misty Surge|[of] p2a: Kanaloa\n|switch|p1a: Hydrarlo|Hydreigon, M|100\/100\n|\n|-heal|p2a: Kanaloa|16\/100 tox|[from] item: Leftovers\n|-damage|p2a: Kanaloa|10\/100 tox|[from] psn\n|upkeep\n|turn|47\n|\n|t:|1700870273\n|-terastallize|p1a: Hydrarlo|Steel\n|move|p1a: Hydrarlo|Substitute|p1a: Hydrarlo\n|-start|p1a: Hydrarlo|Substitute\n|-damage|p1a: Hydrarlo|76\/100\n|move|p2a: Kanaloa|Surf|p1a: Hydrarlo\n|-crit|p1a: Hydrarlo\n|-end|p1a: Hydrarlo|Substitute\n|\n|-heal|p1a: Hydrarlo|82\/100|[from] item: Leftovers\n|-heal|p2a: Kanaloa|16\/100 tox|[from] item: Leftovers\n|-damage|p2a: Kanaloa|4\/100 tox|[from] psn\n|upkeep\n|turn|48\n|\n|t:|1700870285\n|move|p1a: Hydrarlo|Substitute|p1a: Hydrarlo\n|-start|p1a: Hydrarlo|Substitute\n|-damage|p1a: Hydrarlo|57\/100\n|move|p2a: Kanaloa|Surf|p1a: Hydrarlo\n|-end|p1a: Hydrarlo|Substitute\n|\n|-heal|p1a: Hydrarlo|63\/100|[from] item: Leftovers\n|-heal|p2a: Kanaloa|10\/100 tox|[from] item: Leftovers\n|-damage|p2a: Kanaloa|0 fnt|[from] psn\n|faint|p2a: Kanaloa\n|upkeep\n|\n|t:|1700870288\n|switch|p2a: Fenix|Moltres|46\/100\n|turn|49\n|\n|t:|1700870291\n|move|p1a: Hydrarlo|Dark Pulse|p2a: Fenix\n|-damage|p2a: Fenix|10\/100\n|move|p2a: Fenix|Roost|p2a: Fenix\n|-heal|p2a: Fenix|60\/100\n|-singleturn|p2a: Fenix|move: Roost\n|\n|-heal|p1a: Hydrarlo|69\/100|[from] item: Leftovers\n|upkeep\n|turn|50\n|\n|t:|1700870300\n|move|p1a: Hydrarlo|Nasty Plot|p1a: Hydrarlo\n|-boost|p1a: Hydrarlo|spa|2\n|move|p2a: Fenix|Flamethrower|p1a: Hydrarlo\n|-supereffective|p1a: Hydrarlo\n|-damage|p1a: Hydrarlo|0 fnt\n|faint|p1a: Hydrarlo\n|\n|-fieldend|Misty Terrain\n|upkeep\n|\n|t:|1700870302\n|switch|p1a: El Cumbia Ninja|Greninja, M|100\/100\n|turn|51\n|\n|t:|1700870315\n|switch|p2a: Gavial|Krookodile, M, tera:Fighting|23\/100\n|-ability|p2a: Gavial|Intimidate|boost\n|-unboost|p1a: El Cumbia Ninja|atk|1\n|move|p1a: El Cumbia Ninja|Hydro Pump|p2a: Gavial\n|-start|p1a: El Cumbia Ninja|typechange|Water|[from] ability: Protean\n|-damage|p2a: Gavial|0 fnt\n|faint|p2a: Gavial\n|\n|upkeep\n|\n|t:|1700870321\n|switch|p2a: Tarzan|Rillaboom, M|64\/100\n|-fieldstart|move: Grassy Terrain|[from] ability: Grassy Surge|[of] p2a: Tarzan\n|turn|52\n|\n|t:|1700870327\n|switch|p1a: Winona|Mandibuzz, F|100\/100\n|move|p2a: Tarzan|U-turn|p1a: Winona\n|-damage|p1a: Winona|82\/100\n|-damage|p2a: Tarzan|47\/100|[from] item: Rocky Helmet|[of] p1a: Winona\n|\n|t:|1700870329\n|switch|p2a: Fenix|Moltres|60\/100|[from] U-turn\n|\n|upkeep\n|turn|53\n|\n|t:|1700870331\n|move|p2a: Fenix|Toxic|p1a: Winona\n|-status|p1a: Winona|tox\n|move|p1a: Winona|Toxic|p2a: Fenix\n|-status|p2a: Fenix|tox\n|\n|-damage|p2a: Fenix|54\/100 tox|[from] psn\n|-damage|p1a: Winona|76\/100 tox|[from] psn\n|upkeep\n|turn|54\n|c| Sylveon(404)|2 vs 2\n|\n|t:|1700870337\n|switch|p1a: El Cumbia Ninja|Greninja, M|100\/100\n|move|p2a: Fenix|Roost|p2a: Fenix\n|-heal|p2a: Fenix|100\/100 tox\n|-singleturn|p2a: Fenix|move: Roost\n|\n|-damage|p2a: Fenix|88\/100 tox|[from] psn\n|upkeep\n|turn|55\n|\n|t:|1700870342\n|move|p1a: El Cumbia Ninja|Gunk Shot|p2a: Fenix\n|-start|p1a: El Cumbia Ninja|typechange|Poison|[from] ability: Protean\n|-damage|p2a: Fenix|60\/100 tox\n|move|p2a: Fenix|Toxic|p1a: El Cumbia Ninja\n|-immune|p1a: El Cumbia Ninja\n|\n|-damage|p2a: Fenix|41\/100 tox|[from] psn\n|upkeep\n|turn|56\n|\n|t:|1700870349\n|move|p1a: El Cumbia Ninja|Gunk Shot|p2a: Fenix\n|-damage|p2a: Fenix|10\/100 tox\n|move|p2a: Fenix|Roost|p2a: Fenix\n|-heal|p2a: Fenix|60\/100 tox\n|-singleturn|p2a: Fenix|move: Roost\n|\n|-heal|p2a: Fenix|66\/100 tox|[from] Grassy Terrain\n|-damage|p2a: Fenix|41\/100 tox|[from] psn\n|-fieldend|move: Grassy Terrain\n|upkeep\n|turn|57\n|c| Sylveon(404)|los 2 con un volador y un inicial\n|\n|t:|1700870353\n|move|p1a: El Cumbia Ninja|Gunk Shot|p2a: Fenix\n|-damage|p2a: Fenix|10\/100 tox\n|move|p2a: Fenix|Roost|p2a: Fenix\n|-heal|p2a: Fenix|60\/100 tox\n|-singleturn|p2a: Fenix|move: Roost\n|\n|-damage|p2a: Fenix|28\/100 tox|[from] psn\n|upkeep\n|turn|58\n|c| Sylveon(404)|:0\n|\n|t:|1700870357\n|move|p1a: El Cumbia Ninja|Gunk Shot|p2a: Fenix\n|-damage|p2a: Fenix|0 fnt\n|faint|p2a: Fenix\n|\n|upkeep\n|\n|t:|1700870360\n|switch|p2a: Tarzan|Rillaboom, M|47\/100\n|-fieldstart|move: Grassy Terrain|[from] ability: Grassy Surge|[of] p2a: Tarzan\n|turn|59\n|c|\u2606Arlo Ghost|https:\/\/www.youtube.com\/watch?v=YMNKYGWz0Y8\n|c|\u2606Martu2863|Gg\n|c|\u2606Arlo Ghost|fue buena idea poner esto de \u00faltimo segundo\n|\n|t:|1700870377\n|move|p2a: Tarzan|Grassy Glide|p1a: El Cumbia Ninja\n|-resisted|p1a: El Cumbia Ninja\n|-crit|p1a: El Cumbia Ninja\n|-damage|p1a: El Cumbia Ninja|31\/100\n|move|p1a: El Cumbia Ninja|Gunk Shot|p2a: Tarzan\n|-supereffective|p2a: Tarzan\n|-damage|p2a: Tarzan|0 fnt\n|faint|p2a: Tarzan\n|\n|win|Arlo Ghost\n|c|\u2606Arlo Ghost|juego, set y partido gg\n|c| Sylveon(404)|gg\n|c|\u2606Arlo Ghost|buena partida\n|l| Void280\n","uploadtime":1700870394,"views":8,"p1id":"arloghost","p2id":"martu2863","formatid":"gen9nationaldex","rating":0,"private":0,"password":""}