{"id":"gen9nationaldex-1993907807","p1":"Kirito2410","p2":"plague070","format":"[Gen 9] National Dex","log":"|j|\u2606Kirito2410\n|j|\u2606plague070\n|t:|1700373496\n|gametype|singles\n|player|p1|Kirito2410|265|1564\n|player|p2|plague070|allister|1485\n|teamsize|p1|6\n|teamsize|p2|6\n|gen|9\n|tier|[Gen 9] National Dex\n|rated|\n|rule|HP Percentage Mod: HP is shown in percentages\n|rule|Endless Battle Clause: Forcing endless battles is banned\n|rule|OHKO Clause: OHKO moves are banned\n|rule|Evasion Clause: Evasion abilities, items, and moves are banned\n|rule|Evasion Abilities Clause: Evasion abilities are banned\n|rule|Evasion Items Clause: Evasion items are banned\n|rule|Evasion Moves Clause: Evasion moves are banned\n|rule|Species Clause: Limit one of each Pok\u00e9mon\n|rule|Sleep Clause Mod: Limit one foe put to sleep\n|clearpoke\n|poke|p1|Zapdos-Galar|\n|poke|p1|Slowbro-Galar, F|\n|poke|p1|Kyurem|\n|poke|p1|Aegislash, M|\n|poke|p1|Cinderace, F|\n|poke|p1|Haxorus, F|\n|poke|p2|Blacephalon|\n|poke|p2|Tapu Lele|\n|poke|p2|Manaphy|\n|poke|p2|Sneasler, F|\n|poke|p2|Tornadus-Therian, M|\n|poke|p2|Alakazam, M|\n|teampreview\n|l|\u2606Kirito2410\n|player|p1|\n|j|\u2606Kirito2410\n|player|p1|Kirito2410|265\n|inactive|Battle timer is ON: inactive players will automatically lose when time's up. (requested by plague070)\n|\n|t:|1700373539\n|start\n|switch|p1a: Cinderace|Cinderace, F, shiny|100\/100\n|switch|p2a: Blacephalon|Blacephalon|100\/100\n|turn|1\n|\n|t:|1700373546\n|switch|p2a: Tapu Lele|Tapu Lele|100\/100\n|-fieldstart|move: Psychic Terrain|[from] ability: Psychic Surge|[of] p2a: Tapu Lele\n|move|p1a: Cinderace|Pyro Ball|p2a: Tapu Lele\n|-damage|p2a: Tapu Lele|8\/100\n|\n|upkeep\n|turn|2\n|inactive|plague070 has 120 seconds left.\n|\n|t:|1700373580\n|switch|p2a: Alakazam|Alakazam, M|100\/100\n|move|p1a: Cinderace|U-turn|p2a: Alakazam\n|-start|p1a: Cinderace|typechange|Bug|[from] ability: Libero\n|-supereffective|p2a: Alakazam\n|-enditem|p2a: Alakazam|Focus Sash\n|-damage|p2a: Alakazam|1\/100\n|\n|t:|1700373599\n|switch|p1a: Zapdos|Zapdos-Galar|100\/100|[from] U-turn\n|\n|upkeep\n|turn|3\n|\n|t:|1700373606\n|move|p1a: Zapdos|U-turn|p2a: Alakazam\n|-supereffective|p2a: Alakazam\n|-damage|p2a: Alakazam|0 fnt\n|faint|p2a: Alakazam\n|\n|t:|1700373610\n|switch|p1a: Cinderace|Cinderace, F, shiny|100\/100|[from] U-turn\n|\n|upkeep\n|\n|t:|1700373619\n|switch|p2a: Manaphy|Manaphy|100\/100\n|turn|4\n|\n|t:|1700373625\n|move|p1a: Cinderace|High Jump Kick|p2a: Manaphy\n|-start|p1a: Cinderace|typechange|Fighting|[from] ability: Libero\n|-damage|p2a: Manaphy|42\/100\n|move|p2a: Manaphy|Surf|p1a: Cinderace\n|-damage|p1a: Cinderace|49\/100\n|\n|-heal|p2a: Manaphy|48\/100|[from] item: Leftovers\n|upkeep\n|turn|5\n|\n|t:|1700373635\n|switch|p2a: Tornadus|Tornadus-Therian, M|100\/100\n|move|p1a: Cinderace|U-turn|p2a: Tornadus\n|-resisted|p2a: Tornadus\n|-damage|p2a: Tornadus|88\/100\n|\n|t:|1700373641\n|switch|p1a: Kyurem|Kyurem|100\/100|[from] U-turn\n|-ability|p1a: Kyurem|Pressure\n|\n|-fieldend|move: Psychic Terrain\n|upkeep\n|turn|6\n|\n|t:|1700373656\n|move|p2a: Tornadus|U-turn|p1a: Kyurem\n|-damage|p1a: Kyurem|87\/100\n|\n|t:|1700373657\n|switch|p2a: Blacephalon|Blacephalon|100\/100|[from] U-turn\n|move|p1a: Kyurem|Freeze-Dry|p2a: Blacephalon\n|-resisted|p2a: Blacephalon\n|-damage|p2a: Blacephalon|54\/100\n|-status|p2a: Blacephalon|frz\n|\n|upkeep\n|turn|7\n|\n|t:|1700373669\n|cant|p2a: Blacephalon|frz\n|move|p1a: Kyurem|Freeze-Dry|p2a: Blacephalon\n|-resisted|p2a: Blacephalon\n|-damage|p2a: Blacephalon|5\/100 frz\n|\n|upkeep\n|turn|8\n|\n|t:|1700373675\n|cant|p2a: Blacephalon|frz\n|move|p1a: Kyurem|Freeze-Dry|p2a: Blacephalon\n|-resisted|p2a: Blacephalon\n|-damage|p2a: Blacephalon|0 fnt\n|faint|p2a: Blacephalon\n|\n|upkeep\n|\n|t:|1700373682\n|switch|p2a: Tapu Lele|Tapu Lele|8\/100\n|-fieldstart|move: Psychic Terrain|[from] ability: Psychic Surge|[of] p2a: Tapu Lele\n|turn|9\n|\n|t:|1700373687\n|switch|p1a: Cinderace|Cinderace, F, shiny|49\/100\n|move|p2a: Tapu Lele|Moonblast|p1a: Cinderace\n|-resisted|p1a: Cinderace\n|-damage|p1a: Cinderace|14\/100\n|-unboost|p1a: Cinderace|spa|1\n|\n|upkeep\n|turn|10\n|\n|t:|1700373696\n|move|p2a: Tapu Lele|Moonblast|p1a: Cinderace\n|-resisted|p1a: Cinderace\n|-damage|p1a: Cinderace|0 fnt\n|faint|p1a: Cinderace\n|\n|upkeep\n|\n|t:|1700373704\n|switch|p1a: Aegislash|Aegislash, M|100\/100\n|turn|11\n|\n|t:|1700373709\n|switch|p2a: Tornadus|Tornadus-Therian, M|100\/100\n|-formechange|p1a: Aegislash|Aegislash-Blade||[from] ability: Stance Change\n|move|p1a: Aegislash|Shadow Ball|p2a: Tornadus\n|-damage|p2a: Tornadus|53\/100\n|\n|upkeep\n|turn|12\n|\n|t:|1700373722\n|move|p2a: Tornadus|Knock Off|p1a: Aegislash\n|-supereffective|p1a: Aegislash\n|-damage|p1a: Aegislash|34\/100\n|-enditem|p1a: Aegislash|Leftovers|[from] move: Knock Off|[of] p2a: Tornadus\n|move|p1a: Aegislash|Shadow Ball|p2a: Tornadus\n|-damage|p2a: Tornadus|0 fnt\n|faint|p2a: Tornadus\n|\n|upkeep\n|inactive|plague070 has 120 seconds left.\n|\n|t:|1700373770\n|switch|p2a: Manaphy|Manaphy|48\/100\n|turn|13\n|\n|t:|1700373775\n|move|p2a: Manaphy|Surf|p1a: Aegislash\n|-damage|p1a: Aegislash|0 fnt\n|faint|p1a: Aegislash\n|\n|-heal|p2a: Manaphy|54\/100|[from] item: Leftovers\n|-fieldend|move: Psychic Terrain\n|upkeep\n|\n|t:|1700373785\n|switch|p1a: Haxorus|Haxorus, F|100\/100\n|-ability|p1a: Haxorus|Mold Breaker\n|turn|14\n|\n|t:|1700373792\n|move|p2a: Manaphy|Psychic|p1a: Haxorus\n|-crit|p1a: Haxorus\n|-damage|p1a: Haxorus|43\/100\n|move|p1a: Haxorus|Dragon Dance|p1a: Haxorus\n|-boost|p1a: Haxorus|atk|1\n|-boost|p1a: Haxorus|spe|1\n|\n|-heal|p2a: Manaphy|60\/100|[from] item: Leftovers\n|upkeep\n|turn|15\n|\n|t:|1700373803\n|move|p1a: Haxorus|Close Combat|p2a: Manaphy\n|-damage|p2a: Manaphy|0 fnt\n|-unboost|p1a: Haxorus|def|1\n|-unboost|p1a: Haxorus|spd|1\n|faint|p2a: Manaphy\n|-damage|p1a: Haxorus|33\/100|[from] item: Life Orb\n|\n|upkeep\n|\n|t:|1700373806\n|switch|p2a: Tapu Lele|Tapu Lele|8\/100\n|-fieldstart|move: Psychic Terrain|[from] ability: Psychic Surge|[of] p2a: Tapu Lele\n|turn|16\n|\n|t:|1700373818\n|move|p1a: Haxorus|Poison Jab|p2a: Tapu Lele\n|-supereffective|p2a: Tapu Lele\n|-damage|p2a: Tapu Lele|0 fnt\n|faint|p2a: Tapu Lele\n|-damage|p1a: Haxorus|23\/100|[from] item: Life Orb\n|\n|upkeep\n|\n|t:|1700373820\n|switch|p2a: Sneasler|Sneasler, F|100\/100\n|-enditem|p2a: Sneasler|Psychic Seed\n|-boost|p2a: Sneasler|spd|1|[from] item: Psychic Seed\n|turn|17\n|\n|t:|1700373828\n|move|p2a: Sneasler|Dire Claw|p1a: Haxorus\n|-damage|p1a: Haxorus|0 fnt\n|faint|p1a: Haxorus\n|\n|upkeep\n|\n|t:|1700373833\n|switch|p1a: Slowbro|Slowbro-Galar, F|100\/100\n|turn|18\n|\n|t:|1700373841\n|detailschange|p1a: Slowbro|Slowbro-Mega, F\n|-mega|p1a: Slowbro|Slowbro|Slowbronite\n|-terastallize|p2a: Sneasler|Flying\n|move|p2a: Sneasler|Swords Dance|p2a: Sneasler\n|-boost|p2a: Sneasler|atk|2\n|move|p1a: Slowbro|Future Sight|p2a: Sneasler\n|-start|p1a: Slowbro|move: Future Sight\n|\n|upkeep\n|turn|19\n|\n|t:|1700373862\n|move|p2a: Sneasler|Acrobatics|p1a: Slowbro\n|-damage|p1a: Slowbro|49\/100\n|move|p1a: Slowbro|Scald|p2a: Sneasler\n|-damage|p2a: Sneasler|67\/100\n|\n|upkeep\n|turn|20\n|\n|t:|1700373874\n|switch|p1a: Zapdos|Zapdos-Galar|100\/100\n|move|p2a: Sneasler|Acrobatics|p1a: Zapdos\n|-supereffective|p1a: Zapdos\n|-damage|p1a: Zapdos|0 fnt\n|faint|p1a: Zapdos\n|\n|-end|p2a: Sneasler|move: Future Sight\n|-damage|p2a: Sneasler|7\/100\n|-fieldend|move: Psychic Terrain\n|upkeep\n|\n|t:|1700373886\n|switch|p1a: Kyurem|Kyurem|87\/100\n|-ability|p1a: Kyurem|Pressure\n|turn|21\n|\n|t:|1700373892\n|-terastallize|p1a: Kyurem|Ice\n|move|p2a: Sneasler|Close Combat|p1a: Kyurem\n|-supereffective|p1a: Kyurem\n|-damage|p1a: Kyurem|0 fnt\n|-unboost|p2a: Sneasler|def|1\n|-unboost|p2a: Sneasler|spd|1\n|faint|p1a: Kyurem\n|\n|upkeep\n|\n|t:|1700373901\n|switch|p1a: Slowbro|Slowbro-Mega, F|49\/100\n|turn|22\n|\n|t:|1700373905\n|move|p2a: Sneasler|Acrobatics|p1a: Slowbro\n|-damage|p1a: Slowbro|0 fnt\n|faint|p1a: Slowbro\n|\n|win|plague070\n|raw|Kirito2410's rating: 1564 &rarr; <strong>1540<\/strong><br \/>(-24 for losing)\n|raw|plague070's rating: 1485 &rarr; <strong>1509<\/strong><br \/>(+24 for winning)\n|l|\u2606Kirito2410\n","uploadtime":1700374435,"views":29,"p1id":"kirito2410","p2id":"plague070","formatid":"gen9nationaldex","rating":1509,"private":0,"password":""}