{"id":"gen9nationaldex-1991987537","p1":"Ey85","p2":"LipeZero","format":"[Gen 9] National Dex","log":"|j|\u2606Ey85\n|j|\u2606LipeZero\n|t:|1700145394\n|gametype|singles\n|player|p1|Ey85|2|1113\n|player|p2|LipeZero|n|1095\n|teamsize|p1|6\n|teamsize|p2|6\n|gen|9\n|tier|[Gen 9] National Dex\n|rated|\n|rule|HP Percentage Mod: HP is shown in percentages\n|rule|Endless Battle Clause: Forcing endless battles is banned\n|rule|OHKO Clause: OHKO moves are banned\n|rule|Evasion Clause: Evasion abilities, items, and moves are banned\n|rule|Evasion Abilities Clause: Evasion abilities are banned\n|rule|Evasion Items Clause: Evasion items are banned\n|rule|Evasion Moves Clause: Evasion moves are banned\n|rule|Species Clause: Limit one of each Pok\u00e9mon\n|rule|Sleep Clause Mod: Limit one foe put to sleep\n|clearpoke\n|poke|p1|Charizard, F|\n|poke|p1|Feraligatr, F|\n|poke|p1|Torterra, M|\n|poke|p1|Snorlax, F|\n|poke|p1|Kilowattrel, F|\n|poke|p1|Medicham, F|\n|poke|p2|Torkoal, M|\n|poke|p2|Infernape, M|\n|poke|p2|Scizor, F|\n|poke|p2|Gallade, M|\n|poke|p2|Ceruledge, M|\n|poke|p2|Houndoom, F|\n|teampreview\n|inactive|Battle timer is ON: inactive players will automatically lose when time's up. (requested by LipeZero)\n|\n|t:|1700145411\n|start\n|switch|p1a: Charizard|Charizard, F|100\/100\n|switch|p2a: Rafael|Torkoal, M|100\/100\n|-weather|SunnyDay|[from] ability: Drought|[of] p2a: Rafael\n|turn|1\n|\n|t:|1700145420\n|move|p1a: Charizard|Scorching Sands|p2a: Rafael\n|-supereffective|p2a: Rafael\n|-damage|p2a: Rafael|54\/100\n|move|p2a: Rafael|Yawn|p1a: Charizard\n|-start|p1a: Charizard|move: Yawn|[of] p2a: Rafael\n|\n|-weather|SunnyDay|[upkeep]\n|upkeep\n|turn|2\n|\n|t:|1700145440\n|switch|p1a: Kilowattrel|Kilowattrel, F|100\/100\n|switch|p2a: Sun|Infernape, M|100\/100\n|\n|-weather|SunnyDay|[upkeep]\n|upkeep\n|turn|3\n|\n|t:|1700145450\n|-terastallize|p2a: Sun|Fire\n|move|p1a: Kilowattrel|Hurricane|p2a: Sun\n|-damage|p2a: Sun|28\/100\n|move|p2a: Sun|Fire Punch|p1a: Kilowattrel\n|-damage|p1a: Kilowattrel|0 fnt\n|-damage|p2a: Sun|11\/100|[from] item: Rocky Helmet|[of] p1a: Kilowattrel\n|faint|p1a: Kilowattrel\n|\n|-weather|SunnyDay|[upkeep]\n|upkeep\n|inactive|Ey85 has 120 seconds left.\n|\n|t:|1700145468\n|switch|p1a: Snorlax|Snorlax, F|100\/100\n|turn|4\n|\n|t:|1700145473\n|move|p2a: Sun|Drain Punch|p1a: Snorlax\n|-supereffective|p1a: Snorlax\n|-damage|p1a: Snorlax|7\/100\n|-heal|p2a: Sun|95\/100|[from] drain|[of] p1a: Snorlax\n|move|p1a: Snorlax|Zen Headbutt|p2a: Sun\n|-damage|p2a: Sun|56\/100\n|\n|-weather|SunnyDay|[upkeep]\n|-heal|p1a: Snorlax|13\/100|[from] item: Leftovers\n|upkeep\n|turn|5\n|\n|t:|1700145489\n|move|p2a: Sun|Drain Punch|p1a: Snorlax\n|-supereffective|p1a: Snorlax\n|-damage|p1a: Snorlax|0 fnt\n|-heal|p2a: Sun|68\/100|[from] drain|[of] p1a: Snorlax\n|faint|p1a: Snorlax\n|\n|-weather|SunnyDay|[upkeep]\n|upkeep\n|inactive|Ey85 has 120 seconds left.\n|\n|t:|1700145501\n|switch|p1a: Charizard|Charizard, F|100\/100\n|turn|6\n|\n|t:|1700145507\n|move|p2a: Sun|Thunder Punch|p1a: Charizard\n|-supereffective|p1a: Charizard\n|-damage|p1a: Charizard|5\/100\n|-status|p1a: Charizard|par\n|cant|p1a: Charizard|par\n|\n|-weather|SunnyDay|[upkeep]\n|upkeep\n|turn|7\n|\n|t:|1700145517\n|move|p2a: Sun|Thunder Punch|p1a: Charizard\n|-supereffective|p1a: Charizard\n|-damage|p1a: Charizard|0 fnt\n|faint|p1a: Charizard\n|\n|-weather|SunnyDay|[upkeep]\n|upkeep\n|\n|t:|1700145527\n|switch|p1a: Medicham|Medicham, F|100\/100\n|turn|8\n|\n|t:|1700145536\n|detailschange|p1a: Medicham|Medicham-Mega, F\n|-mega|p1a: Medicham|Medicham|Medichamite\n|move|p2a: Sun|Fire Punch|p1a: Medicham\n|-damage|p1a: Medicham|0 fnt\n|faint|p1a: Medicham\n|\n|-weather|none\n|upkeep\n|\n|t:|1700145545\n|switch|p1a: Feraligatr|Feraligatr, F|100\/100\n|turn|9\n|\n|t:|1700145556\n|switch|p2a: Rafael|Torkoal, M|54\/100\n|-weather|SunnyDay|[from] ability: Drought|[of] p2a: Rafael\n|move|p1a: Feraligatr|Waterfall|p2a: Rafael\n|-supereffective|p2a: Rafael\n|-damage|p2a: Rafael|17\/100\n|\n|-weather|SunnyDay|[upkeep]\n|upkeep\n|turn|10\n|\n|t:|1700145568\n|move|p1a: Feraligatr|Dragon Dance|p1a: Feraligatr\n|-boost|p1a: Feraligatr|atk|1\n|-boost|p1a: Feraligatr|spe|1\n|move|p2a: Rafael|Stealth Rock|p1a: Feraligatr\n|-sidestart|p1: Ey85|move: Stealth Rock\n|\n|-weather|SunnyDay|[upkeep]\n|upkeep\n|turn|11\n|\n|t:|1700145582\n|move|p1a: Feraligatr|Dragon Dance|p1a: Feraligatr\n|-boost|p1a: Feraligatr|atk|1\n|-boost|p1a: Feraligatr|spe|1\n|move|p2a: Rafael|Yawn|p1a: Feraligatr\n|-start|p1a: Feraligatr|move: Yawn|[of] p2a: Rafael\n|\n|-weather|SunnyDay|[upkeep]\n|upkeep\n|turn|12\n|\n|t:|1700145599\n|switch|p2a: Sun|Infernape, M, tera:Fire|68\/100\n|move|p1a: Feraligatr|Waterfall|p2a: Sun\n|-supereffective|p2a: Sun\n|-damage|p2a: Sun|0 fnt\n|faint|p2a: Sun\n|\n|-weather|SunnyDay|[upkeep]\n|-end|p1a: Feraligatr|move: Yawn|[silent]\n|-status|p1a: Feraligatr|slp\n|upkeep\n|\n|t:|1700145613\n|switch|p2a: Vagabunda|Scizor, F, shiny|100\/100\n|turn|13\n|\n|t:|1700145618\n|cant|p1a: Feraligatr|slp\n|move|p2a: Vagabunda|Trailblaze|p1a: Feraligatr\n|-supereffective|p1a: Feraligatr\n|-damage|p1a: Feraligatr|28\/100 slp\n|-boost|p2a: Vagabunda|spe|1\n|-damage|p2a: Vagabunda|91\/100|[from] item: Life Orb\n|\n|-weather|SunnyDay|[upkeep]\n|upkeep\n|turn|14\n|\n|t:|1700145628\n|move|p2a: Vagabunda|Bullet Punch|p1a: Feraligatr\n|-resisted|p1a: Feraligatr\n|-damage|p1a: Feraligatr|6\/100 slp\n|-damage|p2a: Vagabunda|81\/100|[from] item: Life Orb\n|cant|p1a: Feraligatr|slp\n|\n|-weather|SunnyDay|[upkeep]\n|upkeep\n|turn|15\n|\n|t:|1700145636\n|cant|p1a: Feraligatr|slp\n|move|p2a: Vagabunda|Trailblaze|p1a: Feraligatr\n|-supereffective|p1a: Feraligatr\n|-crit|p1a: Feraligatr\n|-damage|p1a: Feraligatr|0 fnt\n|-boost|p2a: Vagabunda|spe|1\n|faint|p1a: Feraligatr\n|-damage|p2a: Vagabunda|71\/100|[from] item: Life Orb\n|\n|-weather|SunnyDay|[upkeep]\n|upkeep\n|\n|t:|1700145647\n|switch|p1a: Torterra|Torterra, M|100\/100\n|-damage|p1a: Torterra|94\/100|[from] Stealth Rock\n|turn|16\n|\n|t:|1700145653\n|move|p2a: Vagabunda|Dual Wingbeat|p1a: Torterra\n|-supereffective|p1a: Torterra\n|-damage|p1a: Torterra|39\/100\n|-supereffective|p1a: Torterra\n|-damage|p1a: Torterra|0 fnt\n|faint|p1a: Torterra\n|-hitcount|p1: Torterra|2\n|-damage|p2a: Vagabunda|61\/100|[from] item: Life Orb\n|\n|win|LipeZero\n|raw|Ey85's rating: 1113 &rarr; <strong>1087<\/strong><br \/>(-26 for losing)\n|raw|LipeZero's rating: 1095 &rarr; <strong>1122<\/strong><br \/>(+27 for winning)\n","uploadtime":1700145663,"views":21,"p1id":"ey85","p2id":"lipezero","formatid":"gen9nationaldex","rating":1087,"private":0,"password":""}