{"id":"gen9nationaldex-1988870894","p1":"asoespresso","p2":"chansey and lulu","format":"[Gen 9] National Dex","log":"|j|\u2606asoespresso\n|j|\u2606chansey and lulu\n|inactive|Battle timer is ON: inactive players will automatically lose when time's up.\n|t:|1699777913\n|gametype|singles\n|player|p1|asoespresso|bede|\n|player|p2|chansey and lulu|102|\n|teamsize|p1|6\n|teamsize|p2|6\n|gen|9\n|tier|[Gen 9] National Dex\n|rated|Tournament battle\n|rule|HP Percentage Mod: HP is shown in percentages\n|rule|Endless Battle Clause: Forcing endless battles is banned\n|rule|OHKO Clause: OHKO moves are banned\n|rule|Evasion Clause: Evasion abilities, items, and moves are banned\n|rule|Evasion Abilities Clause: Evasion abilities are banned\n|rule|Evasion Items Clause: Evasion items are banned\n|rule|Evasion Moves Clause: Evasion moves are banned\n|rule|Species Clause: Limit one of each Pok\u00e9mon\n|rule|Sleep Clause Mod: Limit one foe put to sleep\n|clearpoke\n|poke|p1|Ogerpon-Wellspring, F|\n|poke|p1|Gliscor, F|\n|poke|p1|Heatran, F|\n|poke|p1|Dondozo, F|\n|poke|p1|Hydreigon, F|\n|poke|p1|Sneasler, F|\n|poke|p2|Rillaboom, M|\n|poke|p2|Heatran, M|\n|poke|p2|Urshifu-*, F|\n|poke|p2|Slowking-Galar, F|\n|poke|p2|Thundurus-Therian, M|\n|poke|p2|Weezing-Galar, M|\n|teampreview\n|c|\u2606asoespresso|hf\n|\n|t:|1699777935\n|start\n|switch|p1a: Amaterasu|Heatran, F|100\/100\n|switch|p2a: Urshifu|Urshifu-Rapid-Strike, F|100\/100\n|turn|1\n|\n|t:|1699777943\n|switch|p1a: Ol Reliable|Dondozo, F|100\/100\n|move|p2a: Urshifu|Close Combat|p1a: Ol Reliable\n|-damage|p1a: Ol Reliable|59\/100\n|-unboost|p2a: Urshifu|def|1\n|-unboost|p2a: Urshifu|spd|1\n|\n|-heal|p1a: Ol Reliable|65\/100|[from] item: Leftovers\n|upkeep\n|turn|2\n|\n|t:|1699777957\n|switch|p2a: Slowking|Slowking-Galar, F|100\/100\n|switch|p1a: UAREMYSPECIAL|Gliscor, F|100\/100\n|\n|-status|p1a: UAREMYSPECIAL|tox|[from] item: Toxic Orb\n|upkeep\n|turn|3\n|\n|t:|1699777972\n|move|p1a: UAREMYSPECIAL|U-turn|p2a: Slowking\n|-crit|p2a: Slowking\n|-damage|p2a: Slowking|80\/100\n|\n|t:|1699777976\n|switch|p1a: Ol Reliable|Dondozo, F|65\/100|[from] U-turn\n|move|p2a: Slowking|Chilly Reception|p2a: Slowking\n|-weather|Snow\n|\n|t:|1699777982\n|switch|p2a: Thundurus|Thundurus-Therian, M|100\/100|[from] Chilly Reception\n|\n|-weather|Snow|[upkeep]\n|-heal|p1a: Ol Reliable|72\/100|[from] item: Leftovers\n|upkeep\n|turn|4\n|\n|t:|1699777987\n|switch|p1a: Amaterasu|Heatran, F|100\/100\n|move|p2a: Thundurus|Hidden Power|p1a: Amaterasu\n|-resisted|p1a: Amaterasu\n|-damage|p1a: Amaterasu|96\/100\n|\n|-weather|Snow|[upkeep]\n|-heal|p1a: Amaterasu|100\/100|[from] item: Leftovers\n|upkeep\n|turn|5\n|j| realpineaplefred\n|\n|t:|1699777992\n|switch|p2a: Urshifu|Urshifu-Rapid-Strike, F|100\/100\n|move|p1a: Amaterasu|Stealth Rock|p2a: Urshifu\n|-sidestart|p2: chansey and lulu|move: Stealth Rock\n|\n|-weather|Snow|[upkeep]\n|upkeep\n|turn|6\n|\n|t:|1699777997\n|switch|p1a: UAREMYSPECIAL|Gliscor, F|100\/100 tox\n|move|p2a: Urshifu|Close Combat|p1a: UAREMYSPECIAL\n|-resisted|p1a: UAREMYSPECIAL\n|-damage|p1a: UAREMYSPECIAL|62\/100 tox\n|-unboost|p2a: Urshifu|def|1\n|-unboost|p2a: Urshifu|spd|1\n|\n|-weather|Snow|[upkeep]\n|-heal|p1a: UAREMYSPECIAL|75\/100 tox|[from] ability: Poison Heal\n|upkeep\n|turn|7\n|\n|t:|1699778008\n|switch|p2a: Weezing|Weezing-Galar, M|100\/100\n|-ability|p2a: Weezing|Neutralizing Gas\n|-damage|p2a: Weezing|88\/100|[from] Stealth Rock\n|move|p1a: UAREMYSPECIAL|U-turn|p2a: Weezing\n|-resisted|p2a: Weezing\n|-damage|p2a: Weezing|85\/100\n|l| realpineaplefred\n|\n|t:|1699778032\n|switch|p1a: Amaterasu|Heatran, F|100\/100|[from] U-turn\n|\n|-weather|none\n|-heal|p2a: Weezing|91\/100|[from] item: Leftovers\n|upkeep\n|turn|8\n|\n|t:|1699778038\n|-end|p2a: Weezing|ability: Neutralizing Gas\n|switch|p2a: Urshifu|Urshifu-Rapid-Strike, F|100\/100\n|-damage|p2a: Urshifu|94\/100|[from] Stealth Rock\n|move|p1a: Amaterasu|Earth Power|p2a: Urshifu\n|-damage|p2a: Urshifu|52\/100\n|\n|upkeep\n|turn|9\n|inactive|asoespresso has 120 seconds left.\n|\n|t:|1699778080\n|switch|p1a: Ol Reliable|Dondozo, F|72\/100\n|move|p2a: Urshifu|Close Combat|p1a: Ol Reliable\n|-damage|p1a: Ol Reliable|28\/100\n|-unboost|p2a: Urshifu|def|1\n|-unboost|p2a: Urshifu|spd|1\n|\n|-heal|p1a: Ol Reliable|34\/100|[from] item: Leftovers\n|upkeep\n|turn|10\n|\n|t:|1699778098\n|switch|p1a: UAREMYSPECIAL|Gliscor, F|75\/100 tox\n|move|p2a: Urshifu|Close Combat|p1a: UAREMYSPECIAL\n|-resisted|p1a: UAREMYSPECIAL\n|-damage|p1a: UAREMYSPECIAL|38\/100 tox\n|-unboost|p2a: Urshifu|def|1\n|-unboost|p2a: Urshifu|spd|1\n|\n|-heal|p1a: UAREMYSPECIAL|50\/100 tox|[from] ability: Poison Heal\n|upkeep\n|turn|11\n|\n|t:|1699778108\n|switch|p2a: Weezing|Weezing-Galar, M|91\/100\n|-ability|p2a: Weezing|Neutralizing Gas\n|-damage|p2a: Weezing|79\/100|[from] Stealth Rock\n|switch|p1a: connection|Sneasler, F|100\/100\n|\n|-heal|p2a: Weezing|85\/100|[from] item: Leftovers\n|upkeep\n|turn|12\n|\n|t:|1699778115\n|move|p1a: connection|U-turn|p2a: Weezing\n|-resisted|p2a: Weezing\n|-damage|p2a: Weezing|81\/100\n|\n|t:|1699778119\n|switch|p1a: Amaterasu|Heatran, F|100\/100|[from] U-turn\n|move|p2a: Weezing|Toxic Spikes|p1a: Amaterasu\n|-sidestart|p1: asoespresso|move: Toxic Spikes\n|\n|-heal|p2a: Weezing|87\/100|[from] item: Leftovers\n|upkeep\n|turn|13\n|inactive|asoespresso has 120 seconds left.\n|\n|t:|1699778130\n|-end|p2a: Weezing|ability: Neutralizing Gas\n|switch|p2a: Heatran|Heatran, M|100\/100\n|-damage|p2a: Heatran|88\/100|[from] Stealth Rock\n|move|p1a: Amaterasu|Earth Power|p2a: Heatran\n|-supereffective|p2a: Heatran\n|-damage|p2a: Heatran|22\/100\n|-unboost|p2a: Heatran|spd|1\n|\n|-heal|p2a: Heatran|28\/100|[from] item: Leftovers\n|upkeep\n|turn|14\n|\n|t:|1699778139\n|move|p1a: Amaterasu|Earth Power|p2a: Heatran\n|-supereffective|p2a: Heatran\n|-damage|p2a: Heatran|0 fnt\n|faint|p2a: Heatran\n|\n|upkeep\n|\n|t:|1699778143\n|switch|p2a: Urshifu|Urshifu-Rapid-Strike, F|52\/100\n|-damage|p2a: Urshifu|45\/100|[from] Stealth Rock\n|turn|15\n|\n|t:|1699778149\n|switch|p1a: UAREMYSPECIAL|Gliscor, F|50\/100 tox\n|move|p2a: Urshifu|Surging Strikes|p1a: UAREMYSPECIAL\n|-supereffective|p1a: UAREMYSPECIAL\n|-crit|p1a: UAREMYSPECIAL\n|-damage|p1a: UAREMYSPECIAL|4\/100 tox\n|-supereffective|p1a: UAREMYSPECIAL\n|-crit|p1a: UAREMYSPECIAL\n|-damage|p1a: UAREMYSPECIAL|0 fnt\n|faint|p1a: UAREMYSPECIAL\n|-hitcount|p1: UAREMYSPECIAL|2\n|\n|upkeep\n|\n|t:|1699778153\n|switch|p1a: connection|Sneasler, F|100\/100\n|-sideend|p1: asoespresso|move: Toxic Spikes|[of] p1a: connection\n|turn|16\n|\n|t:|1699778176\n|switch|p2a: Slowking|Slowking-Galar, F|100\/100\n|move|p1a: connection|Dire Claw|p2a: Slowking\n|-resisted|p2a: Slowking\n|-damage|p2a: Slowking|84\/100\n|-status|p2a: Slowking|slp\n|\n|upkeep\n|turn|17\n|\n|t:|1699778184\n|switch|p1a: WaVyyyyyyy|Ogerpon-Wellspring, F|100\/100\n|cant|p2a: Slowking|slp\n|\n|upkeep\n|turn|18\n|\n|t:|1699778191\n|switch|p2a: Rillaboom|Rillaboom, M|100\/100\n|-damage|p2a: Rillaboom|88\/100|[from] Stealth Rock\n|-fieldstart|move: Grassy Terrain|[from] ability: Grassy Surge|[of] p2a: Rillaboom\n|move|p1a: WaVyyyyyyy|Swords Dance|p1a: WaVyyyyyyy\n|-boost|p1a: WaVyyyyyyy|atk|2\n|\n|-heal|p2a: Rillaboom|94\/100|[from] Grassy Terrain\n|upkeep\n|turn|19\n|\n|t:|1699778198\n|switch|p1a: Amaterasu|Heatran, F|100\/100\n|move|p2a: Rillaboom|U-turn|p1a: Amaterasu\n|-resisted|p1a: Amaterasu\n|-damage|p1a: Amaterasu|93\/100\n|\n|t:|1699778204\n|switch|p2a: Urshifu|Urshifu-Rapid-Strike, F|45\/100|[from] U-turn\n|-damage|p2a: Urshifu|39\/100|[from] Stealth Rock\n|\n|-heal|p2a: Urshifu|45\/100|[from] Grassy Terrain\n|-heal|p1a: Amaterasu|99\/100|[from] Grassy Terrain\n|-heal|p1a: Amaterasu|100\/100|[from] item: Leftovers\n|upkeep\n|turn|20\n|\n|t:|1699778211\n|switch|p1a: Ol Reliable|Dondozo, F|34\/100\n|move|p2a: Urshifu|Close Combat|p1a: Ol Reliable\n|-damage|p1a: Ol Reliable|0 fnt\n|-unboost|p2a: Urshifu|def|1\n|-unboost|p2a: Urshifu|spd|1\n|faint|p1a: Ol Reliable\n|\n|-heal|p2a: Urshifu|52\/100|[from] Grassy Terrain\n|upkeep\n|\n|t:|1699778224\n|switch|p1a: \ud83d\udc0d3HEADEDSNAKE\ud83d\udc0d|Hydreigon, F|100\/100\n|turn|21\n|\n|t:|1699778231\n|switch|p2a: Weezing|Weezing-Galar, M|87\/100\n|-ability|p2a: Weezing|Neutralizing Gas\n|-damage|p2a: Weezing|75\/100|[from] Stealth Rock\n|move|p1a: \ud83d\udc0d3HEADEDSNAKE\ud83d\udc0d|Flash Cannon|p2a: Weezing\n|-supereffective|p2a: Weezing\n|-damage|p2a: Weezing|0 fnt\n|faint|p2a: Weezing\n|-end|p2a: Weezing|ability: Neutralizing Gas\n|\n|upkeep\n|j| hainiumm\n|\n|t:|1699778238\n|switch|p2a: Rillaboom|Rillaboom, M|94\/100\n|-damage|p2a: Rillaboom|82\/100|[from] Stealth Rock\n|turn|22\n|\n|t:|1699778251\n|move|p1a: \ud83d\udc0d3HEADEDSNAKE\ud83d\udc0d|Flash Cannon|p2a: Rillaboom\n|-damage|p2a: Rillaboom|23\/100\n|-unboost|p2a: Rillaboom|spd|1\n|move|p2a: Rillaboom|U-turn|p1a: \ud83d\udc0d3HEADEDSNAKE\ud83d\udc0d\n|-supereffective|p1a: \ud83d\udc0d3HEADEDSNAKE\ud83d\udc0d\n|-crit|p1a: \ud83d\udc0d3HEADEDSNAKE\ud83d\udc0d\n|-damage|p1a: \ud83d\udc0d3HEADEDSNAKE\ud83d\udc0d|0 fnt\n|faint|p1a: \ud83d\udc0d3HEADEDSNAKE\ud83d\udc0d\n|\n|t:|1699778259\n|switch|p2a: Thundurus|Thundurus-Therian, M|100\/100|[from] U-turn\n|-damage|p2a: Thundurus|76\/100|[from] Stealth Rock\n|\n|-fieldend|move: Grassy Terrain\n|upkeep\n|\n|t:|1699778266\n|switch|p1a: connection|Sneasler, F|100\/100\n|turn|23\n|\n|t:|1699778276\n|-terastallize|p2a: Thundurus|Flying\n|move|p1a: connection|Dire Claw|p2a: Thundurus\n|-damage|p2a: Thundurus|7\/100\n|-status|p2a: Thundurus|psn|[from] ability: Poison Touch|[of] p1a: connection\n|move|p2a: Thundurus|Tera Blast|p1a: connection|[anim] Tera Blast Flying\n|-supereffective|p1a: connection\n|-damage|p1a: connection|0 fnt\n|faint|p1a: connection\n|\n|-damage|p2a: Thundurus|0 fnt|[from] psn\n|faint|p2a: Thundurus\n|upkeep\n|\n|t:|1699778290\n|switch|p1a: WaVyyyyyyy|Ogerpon-Wellspring, F|100\/100\n|switch|p2a: Slowking|Slowking-Galar, F|100\/100 slp\n|turn|24\n|\n|t:|1699778297\n|move|p1a: WaVyyyyyyy|Swords Dance|p1a: WaVyyyyyyy\n|-boost|p1a: WaVyyyyyyy|atk|2\n|cant|p2a: Slowking|slp\n|\n|upkeep\n|turn|25\n|\n|t:|1699778303\n|move|p1a: WaVyyyyyyy|Ivy Cudgel|p2a: Slowking\n|-damage|p2a: Slowking|0 fnt\n|faint|p2a: Slowking\n|\n|upkeep\n|\n|t:|1699778309\n|switch|p2a: Rillaboom|Rillaboom, M|23\/100\n|-damage|p2a: Rillaboom|11\/100|[from] Stealth Rock\n|-fieldstart|move: Grassy Terrain|[from] ability: Grassy Surge|[of] p2a: Rillaboom\n|turn|26\n|\n|t:|1699778316\n|move|p2a: Rillaboom|Grassy Glide|p1a: WaVyyyyyyy\n|-damage|p1a: WaVyyyyyyy|15\/100\n|move|p1a: WaVyyyyyyy|Horn Leech|p2a: Rillaboom\n|-resisted|p2a: Rillaboom\n|-damage|p2a: Rillaboom|0 fnt\n|-heal|p1a: WaVyyyyyyy|21\/100|[from] drain|[of] p2a: Rillaboom\n|faint|p2a: Rillaboom\n|\n|-heal|p1a: WaVyyyyyyy|27\/100|[from] Grassy Terrain\n|upkeep\n|\n|t:|1699778321\n|switch|p2a: Urshifu|Urshifu-Rapid-Strike, F|52\/100\n|-damage|p2a: Urshifu|45\/100|[from] Stealth Rock\n|turn|27\n|c|\u2606asoespresso|ggs\n|\n|t:|1699778329\n|move|p1a: WaVyyyyyyy|Horn Leech|p2a: Urshifu\n|-supereffective|p2a: Urshifu\n|-damage|p2a: Urshifu|0 fnt\n|-heal|p1a: WaVyyyyyyy|52\/100|[from] drain|[of] p2a: Urshifu\n|faint|p2a: Urshifu\n|\n|win|asoespresso\n|n|\u2606asoespresso|asoespresso\n|n|\u2606chansey and lulu|chanseyandlulu\n|n| hainiumm|hainiumm\n","uploadtime":1699778330,"views":62,"p1id":"asoespresso","p2id":"chanseyandlulu","formatid":"gen9nationaldex","rating":0,"private":0,"password":""}