{"id":"gen9nationaldex-1997551596","p1":"TMLester","p2":"221savage","format":"[Gen 9] National Dex","log":"|html|<div class=\"broadcast-blue\"><strong>[Gen 9] National Dex is currently suspecting Sneasler! For information on how to participate check out the <a href=\"https:\/\/www.smogon.com\/forums\/threads\/sv-national-dex-suspect-8-just-dance.3731534\/\">suspect thread<\/a>.<\/strong><\/div>\n|j|\u2606TMLester\n|j|\u2606221savage\n|t:|1700824246\n|gametype|singles\n|player|p1|TMLester|266|1387\n|player|p2|221savage|2|1468\n|teamsize|p1|6\n|teamsize|p2|6\n|gen|9\n|tier|[Gen 9] National Dex\n|rated|\n|rule|HP Percentage Mod: HP is shown in percentages\n|rule|Endless Battle Clause: Forcing endless battles is banned\n|rule|OHKO Clause: OHKO moves are banned\n|rule|Evasion Clause: Evasion abilities, items, and moves are banned\n|rule|Evasion Abilities Clause: Evasion abilities are banned\n|rule|Evasion Items Clause: Evasion items are banned\n|rule|Evasion Moves Clause: Evasion moves are banned\n|rule|Species Clause: Limit one of each Pok\u00e9mon\n|rule|Sleep Clause Mod: Limit one foe put to sleep\n|clearpoke\n|poke|p1|Gliscor, M|\n|poke|p1|Banette, F|\n|poke|p1|Rotom-Wash|\n|poke|p1|Dondozo, M|\n|poke|p1|Dragonite, M|\n|poke|p1|Volcarona, M|\n|poke|p2|Blastoise, F|\n|poke|p2|Banette, M|\n|poke|p2|Machamp, F|\n|poke|p2|Darmanitan, F|\n|poke|p2|Tsareena, F|\n|poke|p2|Toxtricity, F|\n|teampreview\n|\n|t:|1700824250\n|start\n|switch|p1a: Rotom|Rotom-Wash|100\/100\n|switch|p2a: Blastoise|Blastoise, F|100\/100\n|turn|1\n|\n|t:|1700824253\n|move|p2a: Blastoise|Shell Smash|p2a: Blastoise\n|-unboost|p2a: Blastoise|def|1\n|-unboost|p2a: Blastoise|spd|1\n|-boost|p2a: Blastoise|atk|2\n|-boost|p2a: Blastoise|spa|2\n|-boost|p2a: Blastoise|spe|2\n|move|p1a: Rotom|Volt Switch|p2a: Blastoise\n|-supereffective|p2a: Blastoise\n|-damage|p2a: Blastoise|22\/100\n|\n|t:|1700824255\n|switch|p1a: Dragonite|Dragonite, M|100\/100|[from] Volt Switch\n|\n|upkeep\n|turn|2\n|\n|t:|1700824259\n|move|p1a: Dragonite|Extreme Speed|p2a: Blastoise\n|-damage|p2a: Blastoise|0 fnt\n|faint|p2a: Blastoise\n|\n|upkeep\n|inactive|Battle timer is ON: inactive players will automatically lose when time's up. (requested by TMLester)\n|\n|t:|1700824285\n|switch|p2a: Machamp|Machamp, F|100\/100\n|turn|3\n|\n|t:|1700824289\n|move|p1a: Dragonite|Dual Wingbeat|p2a: Machamp\n|-supereffective|p2a: Machamp\n|-damage|p2a: Machamp|50\/100\n|-supereffective|p2a: Machamp\n|-damage|p2a: Machamp|0 fnt\n|faint|p2a: Machamp\n|-hitcount|p2: Machamp|2\n|\n|upkeep\n|\n|t:|1700824309\n|switch|p2a: Tsareena|Tsareena, F|100\/100\n|turn|4\n|\n|t:|1700824312\n|move|p2a: Tsareena|Rapid Spin|p1a: Dragonite\n|-crit|p1a: Dragonite\n|-damage|p1a: Dragonite|87\/100\n|-boost|p2a: Tsareena|spe|1\n|move|p1a: Dragonite|Dragon Dance|p1a: Dragonite\n|-boost|p1a: Dragonite|atk|1\n|-boost|p1a: Dragonite|spe|1\n|\n|upkeep\n|turn|5\n|\n|t:|1700824315\n|move|p2a: Tsareena|Triple Axel|p1a: Dragonite\n|-supereffective|p1a: Dragonite\n|-damage|p1a: Dragonite|60\/100\n|-supereffective|p1a: Dragonite\n|-damage|p1a: Dragonite|8\/100\n|-supereffective|p1a: Dragonite\n|-damage|p1a: Dragonite|0 fnt\n|faint|p1a: Dragonite\n|-hitcount|p1: Dragonite|3\n|\n|upkeep\n|\n|t:|1700824319\n|switch|p1a: Volcarona|Volcarona, M|100\/100\n|turn|6\n|\n|t:|1700824324\n|switch|p2a: Darmanitan|Darmanitan, F|100\/100\n|move|p1a: Volcarona|Fiery Dance|p2a: Darmanitan\n|-resisted|p2a: Darmanitan\n|-damage|p2a: Darmanitan|65\/100\n|\n|upkeep\n|turn|7\n|\n|t:|1700824335\n|-terastallize|p1a: Volcarona|Water\n|move|p2a: Darmanitan|Rock Slide|p1a: Volcarona\n|-damage|p1a: Volcarona|42\/100\n|move|p1a: Volcarona|Tera Blast|p2a: Darmanitan|[anim] Tera Blast Water\n|-supereffective|p2a: Darmanitan\n|-damage|p2a: Darmanitan|0 fnt\n|faint|p2a: Darmanitan\n|\n|upkeep\n|\n|t:|1700824343\n|switch|p2a: Toxtricity|Toxtricity, F|100\/100\n|turn|8\n|\n|t:|1700824348\n|move|p1a: Volcarona|Fiery Dance|p2a: Toxtricity\n|-damage|p2a: Toxtricity|45\/100\n|-boost|p1a: Volcarona|spa|1\n|move|p2a: Toxtricity|Boomburst|p1a: Volcarona\n|-damage|p1a: Volcarona|0 fnt\n|faint|p1a: Volcarona\n|\n|upkeep\n|\n|t:|1700824353\n|switch|p1a: Banette|Banette, F|100\/100\n|-item|p2a: Toxtricity|Choice Specs|[from] ability: Frisk|[of] p1a: Banette|[identify]\n|turn|9\n|\n|t:|1700824360\n|switch|p2a: Tsareena|Tsareena, F|100\/100\n|detailschange|p1a: Banette|Banette-Mega, F\n|-mega|p1a: Banette|Banette|Banettite\n|move|p1a: Banette|Encore||[still]\n|cant|p2a: Tsareena|ability: Queenly Majesty|Encore|[of] p1a: Banette\n|\n|upkeep\n|turn|10\n|\n|t:|1700824364\n|move|p1a: Banette|Swords Dance|p1a: Banette\n|-boost|p1a: Banette|atk|2\n|move|p2a: Tsareena|Power Whip|p1a: Banette\n|-damage|p1a: Banette|22\/100\n|\n|upkeep\n|turn|11\n|\n|t:|1700824375\n|move|p1a: Banette|Shadow Sneak||[still]\n|cant|p2a: Tsareena|ability: Queenly Majesty|Shadow Sneak|[of] p1a: Banette\n|move|p2a: Tsareena|Triple Axel|p1a: Banette\n|-crit|p1a: Banette\n|-damage|p1a: Banette|7\/100\n|-damage|p1a: Banette|0 fnt\n|faint|p1a: Banette\n|-hitcount|p1: Banette|2\n|\n|upkeep\n|\n|t:|1700824380\n|switch|p1a: Rotom|Rotom-Wash|100\/100\n|turn|12\n|\n|t:|1700824387\n|move|p2a: Tsareena|Power Whip|p1a: Rotom\n|-supereffective|p1a: Rotom\n|-crit|p1a: Rotom\n|-damage|p1a: Rotom|0 fnt\n|faint|p1a: Rotom\n|\n|upkeep\n|\n|t:|1700824394\n|switch|p1a: Gliscor|Gliscor, M|100\/100\n|turn|13\n|\n|t:|1700824414\n|move|p1a: Gliscor|Toxic|p2a: Tsareena\n|-status|p2a: Tsareena|tox\n|move|p2a: Tsareena|Triple Axel|p1a: Gliscor\n|-supereffective|p1a: Gliscor\n|-damage|p1a: Gliscor|80\/100\n|-supereffective|p1a: Gliscor\n|-damage|p1a: Gliscor|44\/100\n|-supereffective|p1a: Gliscor\n|-damage|p1a: Gliscor|0 fnt\n|faint|p1a: Gliscor\n|-hitcount|p1: Gliscor|3\n|\n|-damage|p2a: Tsareena|95\/100 tox|[from] psn\n|upkeep\n|\n|t:|1700824421\n|switch|p1a: Dondozo|Dondozo, M|100\/100\n|turn|14\n|\n|t:|1700824424\n|move|p2a: Tsareena|Power Whip|p1a: Dondozo\n|-supereffective|p1a: Dondozo\n|-damage|p1a: Dondozo|23\/100\n|move|p1a: Dondozo|Curse|p1a: Dondozo\n|-unboost|p1a: Dondozo|spe|1\n|-boost|p1a: Dondozo|atk|1\n|-boost|p1a: Dondozo|def|1\n|\n|-heal|p1a: Dondozo|29\/100|[from] item: Leftovers\n|-damage|p2a: Tsareena|83\/100 tox|[from] psn\n|upkeep\n|turn|15\n|\n|t:|1700824429\n|move|p2a: Tsareena|Power Whip|p1a: Dondozo\n|-supereffective|p1a: Dondozo\n|-damage|p1a: Dondozo|0 fnt\n|faint|p1a: Dondozo\n|\n|win|221savage\n|raw|TMLester's rating: 1387 &rarr; <strong>1373<\/strong><br \/>(-14 for losing)\n|raw|221savage's rating: 1490 &rarr; <strong>1504<\/strong><br \/>(+14 for winning)\n|l|\u2606TMLester\n","uploadtime":1700824440,"views":3,"p1id":"tmlester","p2id":"221savage","formatid":"gen9nationaldex","rating":1373,"private":0,"password":""}