{"id":"gen9nationaldex-1992716754","p1":"Mini flash 997","p2":"dash 9 enjoyer","format":"[Gen 9] National Dex","log":"|j|\u2606Mini flash 997\n|j|\u2606dash 9 enjoyer\n|t:|1700228578\n|gametype|singles\n|player|p1|Mini flash 997|169|1000\n|player|p2|dash 9 enjoyer|102|1047\n|teamsize|p1|6\n|teamsize|p2|6\n|gen|9\n|tier|[Gen 9] National Dex\n|rated|\n|rule|HP Percentage Mod: HP is shown in percentages\n|rule|Endless Battle Clause: Forcing endless battles is banned\n|rule|OHKO Clause: OHKO moves are banned\n|rule|Evasion Clause: Evasion abilities, items, and moves are banned\n|rule|Evasion Abilities Clause: Evasion abilities are banned\n|rule|Evasion Items Clause: Evasion items are banned\n|rule|Evasion Moves Clause: Evasion moves are banned\n|rule|Species Clause: Limit one of each Pok\u00e9mon\n|rule|Sleep Clause Mod: Limit one foe put to sleep\n|clearpoke\n|poke|p1|Garchomp, M|\n|poke|p1|Diancie|\n|poke|p1|Charizard, M|\n|poke|p1|Kartana|\n|poke|p1|Tyranitar, M|\n|poke|p1|Gallade, M|\n|poke|p2|Aggron, F|\n|poke|p2|Pikachu, M|\n|poke|p2|Shuckle, F|\n|poke|p2|Charmander, M|\n|poke|p2|Gardevoir, F|\n|poke|p2|Raichu, F|\n|teampreview\n|inactive|Battle timer is ON: inactive players will automatically lose when time's up. (requested by Mini flash 997)\n|\n|t:|1700228596\n|start\n|switch|p1a: Garchomp|Garchomp, M, shiny|100\/100\n|switch|p2a: Gardevoir|Gardevoir, F|100\/100\n|-ability|p2a: Gardevoir|Rough Skin|[from] ability: Trace|[of] p1a: Garchomp\n|turn|1\n|\n|t:|1700228604\n|detailschange|p1a: Garchomp|Garchomp-Mega, M, shiny\n|-mega|p1a: Garchomp|Garchomp|Garchompite\n|move|p1a: Garchomp|Draco Meteor|p2a: Gardevoir\n|-immune|p2a: Gardevoir\n|move|p2a: Gardevoir|Calm Mind|p2a: Gardevoir\n|-boost|p2a: Gardevoir|spa|1\n|-boost|p2a: Gardevoir|spd|1\n|\n|upkeep\n|turn|2\n|\n|t:|1700228614\n|move|p1a: Garchomp|Outrage|p2a: Gardevoir\n|-immune|p2a: Gardevoir\n|move|p2a: Gardevoir|Calm Mind|p2a: Gardevoir\n|-boost|p2a: Gardevoir|spa|1\n|-boost|p2a: Gardevoir|spd|1\n|\n|upkeep\n|turn|3\n|\n|t:|1700228623\n|move|p1a: Garchomp|Earthquake|p2a: Gardevoir\n|-damage|p2a: Gardevoir|7\/100\n|move|p2a: Gardevoir|Calm Mind|p2a: Gardevoir\n|-boost|p2a: Gardevoir|spa|1\n|-boost|p2a: Gardevoir|spd|1\n|\n|upkeep\n|turn|4\n|\n|t:|1700228629\n|move|p1a: Garchomp|Earthquake|p2a: Gardevoir\n|-damage|p2a: Gardevoir|0 fnt\n|faint|p2a: Gardevoir\n|\n|upkeep\n|\n|t:|1700228640\n|switch|p2a: Raichu|Raichu, F|100\/100\n|-item|p2a: Raichu|Air Balloon\n|turn|5\n|\n|t:|1700228651\n|switch|p1a: Diancie|Diancie, shiny|100\/100\n|move|p2a: Raichu|Iron Tail|p1a: Diancie\n|-supereffective|p1a: Diancie\n|-damage|p1a: Diancie|0 fnt\n|faint|p1a: Diancie\n|\n|upkeep\n|\n|t:|1700228659\n|switch|p1a: Tyranitar|Tyranitar, M, shiny|100\/100\n|-ability|p1a: Tyranitar|Unnerve\n|turn|6\n|\n|t:|1700228666\n|move|p2a: Raichu|Iron Tail|p1a: Tyranitar\n|-supereffective|p1a: Tyranitar\n|-damage|p1a: Tyranitar|59\/100\n|-unboost|p1a: Tyranitar|def|1\n|move|p1a: Tyranitar|Dark Pulse|p2a: Raichu\n|-damage|p2a: Raichu|55\/100\n|-enditem|p2a: Raichu|Air Balloon\n|\n|upkeep\n|turn|7\n|\n|t:|1700228683\n|switch|p1a: Charizard|Charizard, M, shiny|100\/100\n|move|p2a: Raichu|Wish|p2a: Raichu\n|\n|upkeep\n|turn|8\n|\n|t:|1700228690\n|move|p2a: Raichu|Extreme Speed|p1a: Charizard\n|-crit|p1a: Charizard\n|-damage|p1a: Charizard|49\/100\n|move|p1a: Charizard|Flare Blitz|p2a: Raichu\n|-damage|p2a: Raichu|0 fnt\n|faint|p2a: Raichu\n|-damage|p1a: Charizard|33\/100|[from] Recoil\n|\n|upkeep\n|\n|t:|1700228713\n|switch|p2a: Pikachu|Pikachu, M|100\/100\n|turn|9\n|\n|t:|1700228727\n|move|p1a: Charizard|Flare Blitz|p2a: Pikachu\n|-damage|p2a: Pikachu|14\/100\n|-status|p1a: Charizard|par|[from] ability: Static|[of] p2a: Pikachu\n|-damage|p1a: Charizard|6\/100 par|[from] Recoil\n|move|p2a: Pikachu|Nasty Plot|p2a: Pikachu\n|-boost|p2a: Pikachu|spa|2\n|\n|upkeep\n|turn|10\n|\n|t:|1700228742\n|move|p2a: Pikachu|Charge|p2a: Pikachu\n|-boost|p2a: Pikachu|spd|1\n|-start|p2a: Pikachu|Charge\n|cant|p1a: Charizard|par\n|\n|upkeep\n|turn|11\n|\n|t:|1700228750\n|move|p2a: Pikachu|Thunderbolt|p1a: Charizard\n|-supereffective|p1a: Charizard\n|-damage|p1a: Charizard|0 fnt\n|faint|p1a: Charizard\n|-end|p2a: Pikachu|Charge|[silent]\n|\n|upkeep\n|\n|t:|1700228756\n|switch|p1a: Garchomp|Garchomp-Mega, M, shiny|100\/100\n|turn|12\n|\n|t:|1700228768\n|move|p1a: Garchomp|Draco Meteor|p2a: Pikachu\n|-damage|p2a: Pikachu|0 fnt\n|-unboost|p1a: Garchomp|spa|2\n|faint|p2a: Pikachu\n|\n|upkeep\n|\n|t:|1700228782\n|switch|p2a: Shuckle|Shuckle, F|100\/100\n|turn|13\n|\n|t:|1700228789\n|move|p1a: Garchomp|Earthquake|p2a: Shuckle\n|-damage|p2a: Shuckle|64\/100\n|move|p2a: Shuckle|Iron Defense|p2a: Shuckle\n|-boost|p2a: Shuckle|def|2\n|\n|-heal|p2a: Shuckle|70\/100|[from] item: Leftovers\n|upkeep\n|turn|14\n|\n|t:|1700228797\n|move|p1a: Garchomp|Draco Meteor|p2a: Shuckle|[miss]\n|-miss|p1a: Garchomp|p2a: Shuckle\n|move|p2a: Shuckle|Iron Defense|p2a: Shuckle\n|-boost|p2a: Shuckle|def|2\n|\n|-heal|p2a: Shuckle|76\/100|[from] item: Leftovers\n|upkeep\n|turn|15\n|\n|t:|1700228812\n|move|p1a: Garchomp|Dragon Pulse|p2a: Shuckle\n|-damage|p2a: Shuckle|64\/100\n|move|p2a: Shuckle|Iron Defense|p2a: Shuckle\n|-boost|p2a: Shuckle|def|2\n|\n|-heal|p2a: Shuckle|71\/100|[from] item: Leftovers\n|upkeep\n|turn|16\n|\n|t:|1700228823\n|move|p1a: Garchomp|Outrage|p2a: Shuckle\n|-damage|p2a: Shuckle|59\/100\n|move|p2a: Shuckle|Infestation|p1a: Garchomp\n|-damage|p1a: Garchomp|99\/100\n|-activate|p1a: Garchomp|move: Infestation|[of] p2a: Shuckle\n|\n|-heal|p2a: Shuckle|65\/100|[from] item: Leftovers\n|-damage|p1a: Garchomp|86\/100|[from] move: Infestation|[partiallytrapped]\n|upkeep\n|turn|17\n|\n|t:|1700228834\n|move|p1a: Garchomp|Outrage|p2a: Shuckle|[from]lockedmove\n|-damage|p2a: Shuckle|53\/100\n|-start|p1a: Garchomp|confusion|[fatigue]\n|move|p2a: Shuckle|Toxic|p1a: Garchomp\n|-status|p1a: Garchomp|tox\n|\n|-heal|p2a: Shuckle|59\/100|[from] item: Leftovers\n|-damage|p1a: Garchomp|80\/100 tox|[from] psn\n|-damage|p1a: Garchomp|68\/100 tox|[from] move: Infestation|[partiallytrapped]\n|upkeep\n|turn|18\n|\n|t:|1700228859\n|-activate|p1a: Garchomp|confusion\n|move|p1a: Garchomp|Earthquake|p2a: Shuckle\n|-damage|p2a: Shuckle|48\/100\n|move|p2a: Shuckle|Infestation|p1a: Garchomp\n|-damage|p1a: Garchomp|66\/100 tox\n|\n|-heal|p2a: Shuckle|54\/100|[from] item: Leftovers\n|-damage|p1a: Garchomp|53\/100 tox|[from] psn\n|-damage|p1a: Garchomp|41\/100 tox|[from] move: Infestation|[partiallytrapped]\n|upkeep\n|turn|19\n|\n|t:|1700228869\n|-end|p1a: Garchomp|confusion\n|move|p1a: Garchomp|Dragon Pulse|p2a: Shuckle\n|-damage|p2a: Shuckle|43\/100\n|move|p2a: Shuckle|Rest|p2a: Shuckle\n|-status|p2a: Shuckle|slp|[from] move: Rest\n|-heal|p2a: Shuckle|100\/100 slp|[silent]\n|\n|-damage|p1a: Garchomp|23\/100 tox|[from] psn\n|-damage|p1a: Garchomp|10\/100 tox|[from] move: Infestation|[partiallytrapped]\n|upkeep\n|turn|20\n|inactive|dash 9 enjoyer has 120 seconds left.\n|\n|t:|1700228914\n|-terastallize|p2a: Shuckle|Bug\n|move|p1a: Garchomp|Draco Meteor|p2a: Shuckle\n|-damage|p2a: Shuckle|85\/100 slp\n|-unboost|p1a: Garchomp|spa|2\n|cant|p2a: Shuckle|slp\n|\n|-heal|p2a: Shuckle|91\/100 slp|[from] item: Leftovers\n|-damage|p1a: Garchomp|0 fnt|[from] psn\n|faint|p1a: Garchomp\n|upkeep\n|\n|t:|1700228925\n|switch|p1a: Tyranitar|Tyranitar, M, shiny|59\/100\n|-ability|p1a: Tyranitar|Unnerve\n|turn|21\n|inactive|dash 9 enjoyer has 120 seconds left.\n|\n|t:|1700228933\n|move|p1a: Tyranitar|Dark Pulse|p2a: Shuckle\n|-damage|p2a: Shuckle|76\/100 slp\n|cant|p2a: Shuckle|slp\n|\n|-heal|p2a: Shuckle|82\/100 slp|[from] item: Leftovers\n|upkeep\n|turn|22\n|inactive|dash 9 enjoyer has 120 seconds left.\n|\n|t:|1700228944\n|move|p1a: Tyranitar|Lash Out|p2a: Shuckle\n|-damage|p2a: Shuckle|75\/100 slp\n|-curestatus|p2a: Shuckle|slp|[msg]\n|move|p2a: Shuckle|Infestation|p1a: Tyranitar\n|-supereffective|p1a: Tyranitar\n|-damage|p1a: Tyranitar|49\/100\n|-activate|p1a: Tyranitar|move: Infestation|[of] p2a: Shuckle\n|\n|-heal|p2a: Shuckle|81\/100|[from] item: Leftovers\n|-damage|p1a: Tyranitar|36\/100|[from] move: Infestation|[partiallytrapped]\n|upkeep\n|turn|23\n|-message|Mini flash 997 forfeited.\n|\n|win|dash 9 enjoyer\n|raw|Mini flash 997's rating: 1000 &rarr; <strong>1000<\/strong><br \/>(+0 for losing)\n|raw|dash 9 enjoyer's rating: 1047 &rarr; <strong>1076<\/strong><br \/>(+29 for winning)\n","uploadtime":1700229004,"views":5,"p1id":"miniflash997","p2id":"dash9enjoyer","formatid":"gen9nationaldex","rating":1000,"private":0,"password":""}