{"id":"gen9nationaldex-1999739468","p1":"Chicxy's Madness","p2":"k00dinha","format":"[Gen 9] National Dex","log":"|html|<div class=\"broadcast-blue\"><strong>[Gen 9] National Dex is currently suspecting Sneasler! For information on how to participate check out the <a href=\"https:\/\/www.smogon.com\/forums\/threads\/sv-national-dex-suspect-8-just-dance.3731534\/\">suspect thread<\/a>.<\/strong><\/div>\n|j|\u203dChicxy's Madness\n|j|\u2606k00dinha\n|t:|1701112428\n|gametype|singles\n|player|p1|Chicxy's Madness|benga|1102\n|player|p2|k00dinha|akari|1156\n|teamsize|p1|6\n|teamsize|p2|6\n|gen|9\n|tier|[Gen 9] National Dex\n|rated|\n|rule|HP Percentage Mod: HP is shown in percentages\n|rule|Endless Battle Clause: Forcing endless battles is banned\n|rule|OHKO Clause: OHKO moves are banned\n|rule|Evasion Clause: Evasion abilities, items, and moves are banned\n|rule|Evasion Abilities Clause: Evasion abilities are banned\n|rule|Evasion Items Clause: Evasion items are banned\n|rule|Evasion Moves Clause: Evasion moves are banned\n|rule|Species Clause: Limit one of each Pok\u00e9mon\n|rule|Sleep Clause Mod: Limit one foe put to sleep\n|clearpoke\n|poke|p1|Altaria, F|\n|poke|p1|Blissey, F|\n|poke|p1|Blacephalon|\n|poke|p1|Gliscor, M|\n|poke|p1|Alomomola, F|\n|poke|p1|Zapdos|\n|poke|p2|Torkoal, F|\n|poke|p2|Venusaur, M|\n|poke|p2|Charizard, M|\n|poke|p2|Darmanitan, F|\n|poke|p2|Tornadus-Therian, M|\n|poke|p2|Ribombee, M|\n|teampreview\n|inactive|Battle timer is ON: inactive players will automatically lose when time's up. (requested by k00dinha)\n|\n|t:|1701112441\n|start\n|switch|p1a: Gliscor|Gliscor, M|100\/100\n|switch|p2a: Grudento|Ribombee, M|100\/100\n|turn|1\n|\n|t:|1701112448\n|move|p2a: Grudento|Sticky Web|p1a: Gliscor\n|-sidestart|p1: Chicxy's Madness|move: Sticky Web\n|move|p1a: Gliscor|Swords Dance|p1a: Gliscor\n|-boost|p1a: Gliscor|atk|2\n|\n|-status|p1a: Gliscor|tox|[from] item: Toxic Orb\n|upkeep\n|turn|2\n|\n|t:|1701112456\n|move|p2a: Grudento|Quiver Dance|p2a: Grudento\n|-boost|p2a: Grudento|spa|1\n|-boost|p2a: Grudento|spd|1\n|-boost|p2a: Grudento|spe|1\n|move|p1a: Gliscor|Facade|p2a: Grudento\n|-enditem|p2a: Grudento|Focus Sash\n|-damage|p2a: Grudento|1\/100\n|\n|upkeep\n|turn|3\n|\n|t:|1701112463\n|move|p2a: Grudento|Moonblast|p1a: Gliscor\n|-damage|p1a: Gliscor|15\/100 tox\n|move|p1a: Gliscor|Facade|p2a: Grudento\n|-damage|p2a: Grudento|0 fnt\n|faint|p2a: Grudento\n|\n|-heal|p1a: Gliscor|27\/100 tox|[from] ability: Poison Heal\n|upkeep\n|\n|t:|1701112472\n|switch|p2a: Noiada|Torkoal, F|100\/100\n|-weather|SunnyDay|[from] ability: Drought|[of] p2a: Noiada\n|turn|4\n|\n|t:|1701112480\n|move|p1a: Gliscor|Earthquake|p2a: Noiada\n|-supereffective|p2a: Noiada\n|-damage|p2a: Noiada|0 fnt\n|faint|p2a: Noiada\n|\n|-weather|SunnyDay|[upkeep]\n|-heal|p1a: Gliscor|39\/100 tox|[from] ability: Poison Heal\n|upkeep\n|\n|t:|1701112491\n|switch|p2a: Sap\u00e3o|Venusaur, M|100\/100\n|turn|5\n|\n|t:|1701112496\n|move|p1a: Gliscor|Protect|p1a: Gliscor\n|-singleturn|p1a: Gliscor|Protect\n|move|p2a: Sap\u00e3o|Growth|p2a: Sap\u00e3o\n|-boost|p2a: Sap\u00e3o|atk|2\n|-boost|p2a: Sap\u00e3o|spa|2\n|\n|-weather|SunnyDay|[upkeep]\n|-heal|p1a: Gliscor|52\/100 tox|[from] ability: Poison Heal\n|upkeep\n|turn|6\n|\n|t:|1701112504\n|move|p2a: Sap\u00e3o|Hidden Power|p1a: Gliscor\n|-supereffective|p1a: Gliscor\n|-damage|p1a: Gliscor|0 fnt\n|faint|p1a: Gliscor\n|-damage|p2a: Sap\u00e3o|91\/100|[from] item: Life Orb\n|\n|-weather|SunnyDay|[upkeep]\n|upkeep\n|\n|t:|1701112517\n|switch|p1a: Blissey|Blissey, F|100\/100\n|-activate|p1a: Blissey|move: Sticky Web\n|-unboost|p1a: Blissey|spe|1\n|turn|7\n|\n|t:|1701112523\n|move|p2a: Sap\u00e3o|Weather Ball|p1a: Blissey\n|-damage|p1a: Blissey|58\/100\n|-damage|p2a: Sap\u00e3o|81\/100|[from] item: Life Orb\n|move|p1a: Blissey|Thunder Wave|p2a: Sap\u00e3o\n|-status|p2a: Sap\u00e3o|par\n|\n|-weather|SunnyDay|[upkeep]\n|-heal|p1a: Blissey|64\/100|[from] item: Leftovers\n|upkeep\n|turn|8\n|\n|t:|1701112534\n|-terastallize|p2a: Sap\u00e3o|Fire\n|move|p2a: Sap\u00e3o|Weather Ball|p1a: Blissey\n|-damage|p1a: Blissey|0 fnt\n|faint|p1a: Blissey\n|-damage|p2a: Sap\u00e3o|71\/100 par|[from] item: Life Orb\n|\n|-weather|SunnyDay|[upkeep]\n|upkeep\n|\n|t:|1701112541\n|switch|p1a: Zapdos|Zapdos|100\/100\n|-ability|p1a: Zapdos|Pressure\n|turn|9\n|\n|t:|1701112546\n|move|p1a: Zapdos|Defog|p2a: Sap\u00e3o\n|-unboost|p2a: Sap\u00e3o|evasion|1\n|-sideend|p1: Chicxy's Madness|Sticky Web|[from] move: Defog|[of] p1a: Zapdos\n|move|p2a: Sap\u00e3o|Hidden Power|p1a: Zapdos\n|-supereffective|p1a: Zapdos\n|-crit|p1a: Zapdos\n|-damage|p1a: Zapdos|0 fnt\n|faint|p1a: Zapdos\n|-damage|p2a: Sap\u00e3o|61\/100 par|[from] item: Life Orb\n|\n|-weather|SunnyDay|[upkeep]\n|upkeep\n|\n|t:|1701112553\n|switch|p1a: Alomomola|Alomomola, F|100\/100\n|turn|10\n|\n|t:|1701112557\n|move|p1a: Alomomola|Protect|p1a: Alomomola\n|-singleturn|p1a: Alomomola|Protect\n|move|p2a: Sap\u00e3o|Giga Drain|p1a: Alomomola\n|-activate|p1a: Alomomola|move: Protect\n|\n|-weather|SunnyDay|[upkeep]\n|upkeep\n|turn|11\n|\n|t:|1701112570\n|move|p2a: Sap\u00e3o|Giga Drain|p1a: Alomomola\n|-supereffective|p1a: Alomomola\n|-damage|p1a: Alomomola|0 fnt\n|-heal|p2a: Sap\u00e3o|100\/100 par|[from] drain|[of] p1a: Alomomola\n|faint|p1a: Alomomola\n|-damage|p2a: Sap\u00e3o|91\/100 par|[from] item: Life Orb\n|\n|-weather|none\n|upkeep\n|\n|t:|1701112575\n|switch|p1a: Blacephalon|Blacephalon|100\/100\n|turn|12\n|\n|t:|1701112584\n|switch|p2a: Ancestral|Charizard, M, shiny|100\/100\n|move|p1a: Blacephalon|Shadow Ball|p2a: Ancestral\n|-damage|p2a: Ancestral|37\/100\n|\n|upkeep\n|turn|13\n|\n|t:|1701112594\n|detailschange|p2a: Ancestral|Charizard-Mega-Y, M, shiny\n|-mega|p2a: Ancestral|Charizard|Charizardite Y\n|-weather|SunnyDay|[from] ability: Drought|[of] p2a: Ancestral\n|move|p1a: Blacephalon|Shadow Ball|p2a: Ancestral\n|-damage|p2a: Ancestral|0 fnt\n|faint|p2a: Ancestral\n|-ability|p1a: Blacephalon|Beast Boost|boost\n|-boost|p1a: Blacephalon|spa|1\n|\n|-weather|SunnyDay|[upkeep]\n|upkeep\n|\n|t:|1701112614\n|switch|p2a: Tornado|Tornadus-Therian, M|100\/100\n|turn|14\n|\n|t:|1701112618\n|move|p2a: Tornado|Air Slash|p1a: Blacephalon\n|-damage|p1a: Blacephalon|43\/100\n|cant|p1a: Blacephalon|flinch\n|\n|-weather|SunnyDay|[upkeep]\n|upkeep\n|turn|15\n|\n|t:|1701112623\n|move|p2a: Tornado|Air Slash|p1a: Blacephalon\n|-damage|p1a: Blacephalon|0 fnt\n|faint|p1a: Blacephalon\n|\n|-weather|SunnyDay|[upkeep]\n|upkeep\n|\n|t:|1701112625\n|switch|p1a: Altaria|Altaria, F|100\/100\n|turn|16\n|\n|t:|1701112631\n|move|p2a: Tornado|Weather Ball|p1a: Altaria\n|-resisted|p1a: Altaria\n|-damage|p1a: Altaria|82\/100\n|move|p1a: Altaria|Dragon Dance|p1a: Altaria\n|-boost|p1a: Altaria|atk|1\n|-boost|p1a: Altaria|spe|1\n|\n|-weather|SunnyDay|[upkeep]\n|upkeep\n|turn|17\n|\n|t:|1701112641\n|move|p1a: Altaria|Dragon Dance|p1a: Altaria\n|-boost|p1a: Altaria|atk|1\n|-boost|p1a: Altaria|spe|1\n|move|p2a: Tornado|Air Slash|p1a: Altaria\n|-damage|p1a: Altaria|53\/100\n|\n|-weather|none\n|upkeep\n|turn|18\n|\n|t:|1701112647\n|move|p1a: Altaria|Dragon Dance|p1a: Altaria\n|-boost|p1a: Altaria|atk|1\n|-boost|p1a: Altaria|spe|1\n|move|p2a: Tornado|Air Slash|p1a: Altaria\n|-damage|p1a: Altaria|25\/100\n|\n|upkeep\n|turn|19\n|\n|t:|1701112653\n|move|p1a: Altaria|Roost|p1a: Altaria\n|-heal|p1a: Altaria|75\/100\n|-singleturn|p1a: Altaria|move: Roost\n|move|p2a: Tornado|Air Slash|p1a: Altaria|[miss]\n|-miss|p2a: Tornado|p1a: Altaria\n|\n|upkeep\n|turn|20\n|\n|t:|1701112662\n|switch|p2a: Sap\u00e3o|Venusaur, M, tera:Fire|91\/100 par\n|move|p1a: Altaria|Dragon Dance|p1a: Altaria\n|-boost|p1a: Altaria|atk|1\n|-boost|p1a: Altaria|spe|1\n|\n|upkeep\n|turn|21\n|\n|t:|1701112675\n|detailschange|p1a: Altaria|Altaria-Mega, F\n|-mega|p1a: Altaria|Altaria|Altarianite\n|move|p1a: Altaria|Dragon Dance|p1a: Altaria\n|-boost|p1a: Altaria|atk|1\n|-boost|p1a: Altaria|spe|1\n|move|p2a: Sap\u00e3o|Hidden Power|p1a: Altaria\n|-supereffective|p1a: Altaria\n|-damage|p1a: Altaria|37\/100\n|-damage|p2a: Sap\u00e3o|81\/100 par|[from] item: Life Orb\n|\n|upkeep\n|turn|22\n|\n|t:|1701112685\n|move|p1a: Altaria|Roost|p1a: Altaria\n|-heal|p1a: Altaria|87\/100\n|-singleturn|p1a: Altaria|move: Roost\n|move|p2a: Sap\u00e3o|Growth|p2a: Sap\u00e3o\n|-boost|p2a: Sap\u00e3o|atk|1\n|-boost|p2a: Sap\u00e3o|spa|1\n|\n|upkeep\n|turn|23\n|\n|t:|1701112692\n|move|p1a: Altaria|Dragon Dance|p1a: Altaria\n|-boost|p1a: Altaria|atk|1\n|-boost|p1a: Altaria|spe|1\n|move|p2a: Sap\u00e3o|Hidden Power|p1a: Altaria\n|-supereffective|p1a: Altaria\n|-damage|p1a: Altaria|30\/100\n|-damage|p2a: Sap\u00e3o|71\/100 par|[from] item: Life Orb\n|\n|upkeep\n|turn|24\n|\n|t:|1701112700\n|move|p1a: Altaria|Return|p2a: Sap\u00e3o\n|-resisted|p2a: Sap\u00e3o\n|-damage|p2a: Sap\u00e3o|0 fnt\n|faint|p2a: Sap\u00e3o\n|\n|upkeep\n|\n|t:|1701112709\n|switch|p2a: Tornado|Tornadus-Therian, M|100\/100\n|turn|25\n|\n|t:|1701112716\n|move|p1a: Altaria|Return|p2a: Tornado\n|-enditem|p2a: Tornado|Focus Sash\n|-damage|p2a: Tornado|1\/100\n|move|p2a: Tornado|Air Slash|p1a: Altaria\n|-damage|p1a: Altaria|1\/100\n|\n|upkeep\n|turn|26\n|\n|t:|1701112723\n|move|p1a: Altaria|Return|p2a: Tornado\n|-damage|p2a: Tornado|0 fnt\n|faint|p2a: Tornado\n|\n|upkeep\n|\n|t:|1701112727\n|switch|p2a: XD|Darmanitan, F|100\/100\n|turn|27\n|\n|t:|1701112732\n|move|p1a: Altaria|Return|p2a: XD\n|-resisted|p2a: XD\n|-damage|p2a: XD|0 fnt\n|faint|p2a: XD\n|\n|win|Chicxy's Madness\n|raw|Chicxy&apos;s Madness's rating: 1102 &rarr; <strong>1131<\/strong><br \/>(+29 for winning)\n|raw|k00dinha's rating: 1156 &rarr; <strong>1127<\/strong><br \/>(-29 for losing)\n|l|\u2606k00dinha\n","uploadtime":1701112740,"views":3,"p1id":"chicxysmadness","p2id":"k00dinha","formatid":"gen9nationaldex","rating":1127,"private":0,"password":""}