{"id":"gen9nationaldex-1990114996","p1":"Mscoquart8","p2":"Cynth1","format":"[Gen 9] National Dex","log":"|j|\u2606Mscoquart8\n|j|\u2606Cynth1\n|t:|1699926140\n|gametype|singles\n|player|p1|Mscoquart8|266|1145\n|player|p2|Cynth1|gambler|1061\n|teamsize|p1|6\n|teamsize|p2|6\n|gen|9\n|tier|[Gen 9] National Dex\n|rated|\n|rule|HP Percentage Mod: HP is shown in percentages\n|rule|Endless Battle Clause: Forcing endless battles is banned\n|rule|OHKO Clause: OHKO moves are banned\n|rule|Evasion Clause: Evasion abilities, items, and moves are banned\n|rule|Evasion Abilities Clause: Evasion abilities are banned\n|rule|Evasion Items Clause: Evasion items are banned\n|rule|Evasion Moves Clause: Evasion moves are banned\n|rule|Species Clause: Limit one of each Pok\u00e9mon\n|rule|Sleep Clause Mod: Limit one foe put to sleep\n|clearpoke\n|poke|p1|Zeraora|\n|poke|p1|Shiftry, M|\n|poke|p1|Volcanion|\n|poke|p1|Landorus-Therian, M|\n|poke|p1|Glimmora, F|\n|poke|p1|Zoroark-Hisui, F|\n|poke|p2|Ambipom, F|\n|poke|p2|Zoroark-Hisui, M|\n|poke|p2|Kartana|\n|poke|p2|Necrozma|\n|poke|p2|Great Tusk|\n|poke|p2|Greninja-*, M|\n|teampreview\n|\n|t:|1699926154\n|start\n|switch|p1a: Volcanion|Volcanion|100\/100\n|switch|p2a: Ash Mustard|Greninja, M|100\/100\n|turn|1\n|\n|t:|1699926165\n|move|p2a: Ash Mustard|Dark Pulse|p1a: Volcanion\n|-damage|p1a: Volcanion|45\/100\n|-damage|p2a: Ash Mustard|91\/100|[from] item: Life Orb\n|cant|p1a: Volcanion|flinch\n|\n|upkeep\n|turn|2\n|\n|t:|1699926176\n|switch|p1a: Glimmora|Glimmora, F|100\/100\n|move|p2a: Ash Mustard|Dark Pulse|p1a: Glimmora\n|-damage|p1a: Glimmora|57\/100\n|-damage|p2a: Ash Mustard|81\/100|[from] item: Life Orb\n|\n|-heal|p1a: Glimmora|63\/100|[from] item: Leftovers\n|upkeep\n|turn|3\n|\n|t:|1699926186\n|switch|p1a: Volcanion|Volcanion|45\/100\n|move|p2a: Ash Mustard|Surf|p1a: Volcanion\n|-heal|p1a: Volcanion|70\/100|[from] ability: Water Absorb|[of] p2a: Ash Mustard\n|\n|upkeep\n|turn|4\n|\n|t:|1699926207\n|move|p2a: Ash Mustard|Dark Pulse|p1a: Volcanion\n|-damage|p1a: Volcanion|22\/100\n|-damage|p2a: Ash Mustard|71\/100|[from] item: Life Orb\n|move|p1a: Volcanion|Earth Power|p2a: Ash Mustard\n|-damage|p2a: Ash Mustard|23\/100\n|\n|upkeep\n|turn|5\n|\n|t:|1699926223\n|switch|p1a: Glimmora|Glimmora, F|63\/100\n|move|p2a: Ash Mustard|Dark Pulse|p1a: Glimmora\n|-damage|p1a: Glimmora|15\/100\n|-damage|p2a: Ash Mustard|13\/100|[from] item: Life Orb\n|\n|-heal|p1a: Glimmora|21\/100|[from] item: Leftovers\n|upkeep\n|turn|6\n|\n|t:|1699926233\n|move|p1a: Glimmora|Spiky Shield|p1a: Glimmora\n|-singleturn|p1a: Glimmora|move: Protect\n|move|p2a: Ash Mustard|Dark Pulse|p1a: Glimmora\n|-activate|p1a: Glimmora|move: Protect\n|\n|-heal|p1a: Glimmora|27\/100|[from] item: Leftovers\n|upkeep\n|turn|7\n|inactive|Battle timer is ON: inactive players will automatically lose when time's up. (requested by Cynth1)\n|\n|t:|1699926248\n|switch|p1a: Landorus|Landorus-Therian, M|100\/100\n|-ability|p1a: Landorus|Intimidate|boost\n|-unboost|p2a: Ash Mustard|atk|1\n|move|p2a: Ash Mustard|Dark Pulse|p1a: Landorus\n|-damage|p1a: Landorus|57\/100\n|-damage|p2a: Ash Mustard|3\/100|[from] item: Life Orb\n|\n|upkeep\n|turn|8\n|\n|t:|1699926265\n|switch|p1a: Volcanion|Volcanion|22\/100\n|move|p2a: Ash Mustard|Ice Beam|p1a: Volcanion\n|-resisted|p1a: Volcanion\n|-damage|p1a: Volcanion|13\/100\n|-damage|p2a: Ash Mustard|0 fnt|[from] item: Life Orb\n|faint|p2a: Ash Mustard\n|\n|upkeep\n|\n|t:|1699926273\n|switch|p2a: Origami|Kartana|100\/100\n|turn|9\n|\n|t:|1699926276\n|move|p1a: Volcanion|Flamethrower|p2a: Origami\n|-supereffective|p2a: Origami\n|-damage|p2a: Origami|0 fnt\n|faint|p2a: Origami\n|\n|upkeep\n|\n|t:|1699926286\n|switch|p2a: Vader|Necrozma|100\/100\n|turn|10\n|\n|t:|1699926295\n|switch|p1a: Shiftry|Shiftry, M|100\/100\n|move|p2a: Vader|Autotomize|p2a: Vader\n|-boost|p2a: Vader|spe|2\n|-start|p2a: Vader|Autotomize\n|\n|upkeep\n|turn|11\n|\n|t:|1699926307\n|move|p2a: Vader|Calm Mind|p2a: Vader\n|-boost|p2a: Vader|spa|1\n|-boost|p2a: Vader|spd|1\n|move|p1a: Shiftry|Leech Seed|p2a: Vader\n|-start|p2a: Vader|move: Leech Seed\n|\n|-damage|p2a: Vader|88\/100|[from] Leech Seed|[of] p1a: Shiftry\n|upkeep\n|turn|12\n|\n|t:|1699926319\n|move|p1a: Shiftry|Sucker Punch||[still]\n|-fail|p1a: Shiftry\n|move|p2a: Vader|Calm Mind|p2a: Vader\n|-boost|p2a: Vader|spa|1\n|-boost|p2a: Vader|spd|1\n|\n|-damage|p2a: Vader|76\/100|[from] Leech Seed|[of] p1a: Shiftry\n|upkeep\n|turn|13\n|\n|t:|1699926328\n|move|p2a: Vader|Calm Mind|p2a: Vader\n|-boost|p2a: Vader|spa|1\n|-boost|p2a: Vader|spd|1\n|move|p1a: Shiftry|Tailwind|p1a: Shiftry\n|-sidestart|p1: Mscoquart8|move: Tailwind\n|-ability|p1a: Shiftry|Wind Rider|boost\n|-boost|p1a: Shiftry|atk|1\n|\n|-damage|p2a: Vader|64\/100|[from] Leech Seed|[of] p1a: Shiftry\n|upkeep\n|turn|14\n|\n|t:|1699926338\n|move|p1a: Shiftry|Sucker Punch||[still]\n|-fail|p1a: Shiftry\n|move|p2a: Vader|Calm Mind|p2a: Vader\n|-boost|p2a: Vader|spa|1\n|-boost|p2a: Vader|spd|1\n|\n|-damage|p2a: Vader|52\/100|[from] Leech Seed|[of] p1a: Shiftry\n|upkeep\n|turn|15\n|\n|t:|1699926346\n|move|p1a: Shiftry|Sucker Punch|p2a: Vader\n|-supereffective|p2a: Vader\n|-damage|p2a: Vader|0 fnt\n|faint|p2a: Vader\n|\n|upkeep\n|\n|t:|1699926349\n|switch|p2a: JummyHere|Ambipom, F|100\/100\n|turn|16\n|\n|t:|1699926357\n|-terastallize|p2a: JummyHere|Normal\n|move|p2a: JummyHere|Fake Out|p1a: Shiftry\n|-damage|p1a: Shiftry|39\/100\n|cant|p1a: Shiftry|flinch\n|\n|-sideend|p1: Mscoquart8|move: Tailwind\n|upkeep\n|turn|17\n|\n|t:|1699926372\n|move|p2a: JummyHere|Power-Up Punch|p1a: Shiftry\n|-supereffective|p1a: Shiftry\n|-damage|p1a: Shiftry|0 fnt\n|-boost|p2a: JummyHere|atk|1\n|faint|p1a: Shiftry\n|\n|upkeep\n|\n|t:|1699926380\n|switch|p1a: Zeraora|Zeraora|100\/100\n|turn|18\n|\n|t:|1699926384\n|move|p1a: Zeraora|Close Combat|p2a: JummyHere\n|-supereffective|p2a: JummyHere\n|-damage|p2a: JummyHere|0 fnt\n|-unboost|p1a: Zeraora|def|1\n|-unboost|p1a: Zeraora|spd|1\n|faint|p2a: JummyHere\n|\n|upkeep\n|\n|t:|1699926388\n|switch|p2a: Phil Swift|Great Tusk|100\/100\n|turn|19\n|\n|t:|1699926401\n|switch|p1a: Landorus|Landorus-Therian, M|57\/100\n|-ability|p1a: Landorus|Intimidate|boost\n|-unboost|p2a: Phil Swift|atk|1\n|move|p2a: Phil Swift|Bitter Malice|p1a: Landorus\n|-crit|p1a: Landorus\n|-damage|p1a: Landorus|2\/100\n|-unboost|p1a: Landorus|atk|1\n|\n|upkeep\n|turn|20\n|\n|t:|1699926414\n|move|p2a: Phil Swift|Bitter Malice|p1a: Landorus\n|-damage|p1a: Landorus|0 fnt\n|faint|p1a: Landorus\n|\n|upkeep\n|\n|t:|1699926422\n|switch|p1a: Volcanion|Volcanion|13\/100\n|turn|21\n|\n|t:|1699926425\n|move|p1a: Volcanion|Steam Eruption|p2a: Phil Swift\n|-damage|p2a: Phil Swift|0 fnt\n|replace|p2a: Cleveland|Zoroark-Hisui, M\n|-end|p2a: Cleveland|Illusion\n|faint|p2a: Cleveland\n|\n|upkeep\n|\n|t:|1699926428\n|switch|p2a: Phil Swift|Great Tusk|100\/100\n|-enditem|p2a: Phil Swift|Booster Energy\n|-activate|p2a: Phil Swift|ability: Protosynthesis|[fromitem]\n|-start|p2a: Phil Swift|protosynthesisspe\n|turn|22\n|\n|t:|1699926436\n|move|p2a: Phil Swift|Close Combat|p1a: Volcanion\n|-damage|p1a: Volcanion|0 fnt\n|-unboost|p2a: Phil Swift|def|1\n|-unboost|p2a: Phil Swift|spd|1\n|faint|p1a: Volcanion\n|\n|upkeep\n|\n|t:|1699926443\n|switch|p1a: Glimmora|Glimmora, F|27\/100\n|turn|23\n|\n|t:|1699926446\n|move|p1a: Glimmora|Spiky Shield|p1a: Glimmora\n|-singleturn|p1a: Glimmora|move: Protect\n|move|p2a: Phil Swift|Stealth Rock|p1a: Glimmora\n|-sidestart|p1: Mscoquart8|move: Stealth Rock\n|\n|-heal|p1a: Glimmora|33\/100|[from] item: Leftovers\n|upkeep\n|turn|24\n|\n|t:|1699926459\n|-terastallize|p1a: Glimmora|Dark\n|move|p2a: Phil Swift|Headlong Rush|p1a: Glimmora\n|-damage|p1a: Glimmora|0 fnt\n|-unboost|p2a: Phil Swift|def|1\n|-unboost|p2a: Phil Swift|spd|1\n|-activate|p1a: Glimmora|ability: Toxic Debris\n|-sidestart|p2: Cynth1|move: Toxic Spikes\n|faint|p1a: Glimmora\n|\n|upkeep\n|\n|t:|1699926471\n|switch|p1a: Zeraora|Zeraora|100\/100\n|-damage|p1a: Zeraora|88\/100|[from] Stealth Rock\n|turn|25\n|\n|t:|1699926482\n|move|p2a: Phil Swift|Headlong Rush|p1a: Zeraora\n|-supereffective|p1a: Zeraora\n|-damage|p1a: Zeraora|0 fnt\n|-unboost|p2a: Phil Swift|def|1\n|-unboost|p2a: Phil Swift|spd|1\n|faint|p1a: Zeraora\n|\n|upkeep\n|\n|t:|1699926490\n|switch|p1a: Zoroark|Zoroark-Hisui, F|100\/100\n|-damage|p1a: Zoroark|88\/100|[from] Stealth Rock\n|turn|26\n|\n|t:|1699926496\n|move|p2a: Phil Swift|Headlong Rush|p1a: Zoroark\n|-damage|p1a: Zoroark|0 fnt\n|-unboost|p2a: Phil Swift|def|1\n|-unboost|p2a: Phil Swift|spd|1\n|faint|p1a: Zoroark\n|\n|win|Cynth1\n|raw|Mscoquart8's rating: 1145 &rarr; <strong>1114<\/strong><br \/>(-31 for losing)\n|raw|Cynth1's rating: 1061 &rarr; <strong>1099<\/strong><br \/>(+38 for winning)\n","uploadtime":1699926508,"views":15,"p1id":"mscoquart8","p2id":"cynth1","formatid":"gen9nationaldex","rating":1099,"private":0,"password":""}