{"id":"gen9nationaldex-1994214866","p1":"jojomix","p2":"Thom.zip","format":"[Gen 9] National Dex","log":"|j|\u2606jojomix\n|j|\u2606Thom.zip\n|t:|1700419755\n|gametype|singles\n|player|p1|jojomix|dragontamer|1088\n|player|p2|Thom.zip|buck|1104\n|teamsize|p1|6\n|teamsize|p2|6\n|gen|9\n|tier|[Gen 9] National Dex\n|rated|\n|rule|HP Percentage Mod: HP is shown in percentages\n|rule|Endless Battle Clause: Forcing endless battles is banned\n|rule|OHKO Clause: OHKO moves are banned\n|rule|Evasion Clause: Evasion abilities, items, and moves are banned\n|rule|Evasion Abilities Clause: Evasion abilities are banned\n|rule|Evasion Items Clause: Evasion items are banned\n|rule|Evasion Moves Clause: Evasion moves are banned\n|rule|Species Clause: Limit one of each Pok\u00e9mon\n|rule|Sleep Clause Mod: Limit one foe put to sleep\n|clearpoke\n|poke|p1|Charizard, M|\n|poke|p1|Tapu Koko|\n|poke|p1|Polteageist-Antique|\n|poke|p1|Hatterene, F|\n|poke|p1|Greninja-*, M|\n|poke|p1|Primarina, M|\n|poke|p2|Venusaur, M|\n|poke|p2|Clefable, F|\n|poke|p2|Gyarados, M|\n|poke|p2|Dragonite, M|\n|poke|p2|Ninetales, F|\n|poke|p2|Snorlax, M|\n|teampreview\n|inactive|Battle timer is ON: inactive players will automatically lose when time's up. (requested by Thom.zip)\n|\n|t:|1700419765\n|start\n|switch|p1a: Hatterene|Hatterene, F|100\/100\n|switch|p2a: Ninetales|Ninetales, F|100\/100\n|-weather|SunnyDay|[from] ability: Drought|[of] p2a: Ninetales\n|turn|1\n|\n|t:|1700419789\n|move|p2a: Ninetales|Shadow Ball|p1a: Hatterene\n|-supereffective|p1a: Hatterene\n|-damage|p1a: Hatterene|50\/100\n|move|p1a: Hatterene|Thunder Wave|p2a: Ninetales\n|-status|p2a: Ninetales|par\n|\n|-weather|SunnyDay|[upkeep]\n|upkeep\n|turn|2\n|\n|t:|1700419798\n|move|p2a: Ninetales|Shadow Ball|p1a: Hatterene\n|-supereffective|p1a: Hatterene\n|-damage|p1a: Hatterene|0 fnt\n|faint|p1a: Hatterene\n|\n|-weather|SunnyDay|[upkeep]\n|upkeep\n|\n|t:|1700419804\n|switch|p1a: Polteageist|Polteageist-Antique|100\/100\n|turn|3\n|\n|t:|1700419807\n|-terastallize|p1a: Polteageist|Normal\n|move|p1a: Polteageist|Shell Smash|p1a: Polteageist\n|-unboost|p1a: Polteageist|def|1\n|-unboost|p1a: Polteageist|spd|1\n|-boost|p1a: Polteageist|atk|2\n|-boost|p1a: Polteageist|spa|2\n|-boost|p1a: Polteageist|spe|2\n|-enditem|p1a: Polteageist|White Herb\n|-clearnegativeboost|p1a: Polteageist|[silent]\n|move|p2a: Ninetales|Shadow Ball|p1a: Polteageist\n|-immune|p1a: Polteageist\n|\n|-weather|SunnyDay|[upkeep]\n|upkeep\n|turn|4\n|\n|t:|1700419820\n|switch|p2a: Gyarados|Gyarados, M|100\/100\n|-ability|p2a: Gyarados|Intimidate|boost\n|-unboost|p1a: Polteageist|atk|1\n|move|p1a: Polteageist|Stored Power|p2a: Gyarados\n|-damage|p2a: Gyarados|3\/100\n|\n|-weather|SunnyDay|[upkeep]\n|upkeep\n|turn|5\n|l|\u2606Thom.zip\n|inactive|Thom.zip disconnected and has a minute to reconnect!\n|player|p2|\n|inactive|Thom.zip has 30 seconds to reconnect!\n|inactive|Thom.zip has 20 seconds to reconnect!\n|inactive|Thom.zip has 15 seconds to reconnect!\n|inactive|Thom.zip has 10 seconds to reconnect!\n|inactive|Thom.zip has 5 seconds to reconnect!\n|j|\u2606Thom.zip\n|inactive|Thom.zip reconnected and has 95 seconds left.\n|player|p2|Thom.zip|buck\n|inactive|Thom.zip has 90 seconds left.\n|\n|t:|1700419889\n|move|p1a: Polteageist|Giga Drain|p2a: Gyarados\n|-damage|p2a: Gyarados|0 fnt\n|faint|p2a: Gyarados\n|\n|-weather|none\n|upkeep\n|\n|t:|1700419897\n|switch|p2a: Ninetales|Ninetales, F|100\/100 par\n|-weather|SunnyDay|[from] ability: Drought|[of] p2a: Ninetales\n|turn|6\n|inactive|Thom.zip has 90 seconds left.\n|\n|t:|1700419910\n|move|p1a: Polteageist|Stored Power|p2a: Ninetales\n|-damage|p2a: Ninetales|0 fnt\n|faint|p2a: Ninetales\n|\n|-weather|SunnyDay|[upkeep]\n|upkeep\n|c|\u2606jojomix|;P\n|\n|t:|1700419916\n|switch|p2a: Snorlax|Snorlax, M|100\/100\n|turn|7\n|inactive|Thom.zip has 90 seconds left.\n|\n|t:|1700419926\n|move|p1a: Polteageist|Stored Power|p2a: Snorlax\n|-damage|p2a: Snorlax|49\/100\n|move|p2a: Snorlax|Body Slam|p1a: Polteageist\n|-damage|p1a: Polteageist|25\/100\n|\n|-weather|SunnyDay|[upkeep]\n|upkeep\n|turn|8\n|inactive|Thom.zip has 90 seconds left.\n|\n|t:|1700419952\n|move|p1a: Polteageist|Giga Drain|p2a: Snorlax\n|-crit|p2a: Snorlax\n|-damage|p2a: Snorlax|0 fnt\n|-heal|p1a: Polteageist|73\/100|[from] drain|[of] p2a: Snorlax\n|faint|p2a: Snorlax\n|\n|-weather|SunnyDay|[upkeep]\n|upkeep\n|\n|t:|1700419957\n|switch|p2a: Venusaur|Venusaur, M|100\/100\n|turn|9\n|\n|t:|1700419969\n|move|p2a: Venusaur|Petal Dance|p1a: Polteageist\n|-damage|p1a: Polteageist|7\/100\n|-start|p2a: Venusaur|Disable|Petal Dance|[from] ability: Cursed Body|[of] p1a: Polteageist\n|move|p1a: Polteageist|Stored Power|p2a: Venusaur\n|-supereffective|p2a: Venusaur\n|-damage|p2a: Venusaur|0 fnt\n|faint|p2a: Venusaur\n|\n|-weather|SunnyDay|[upkeep]\n|upkeep\n|\n|t:|1700419980\n|switch|p2a: Dragonite|Dragonite, M|100\/100\n|turn|10\n|\n|t:|1700419986\n|move|p1a: Polteageist|Stored Power|p2a: Dragonite\n|-damage|p2a: Dragonite|54\/100\n|move|p2a: Dragonite|Dual Wingbeat|p1a: Polteageist\n|-damage|p1a: Polteageist|0 fnt\n|faint|p1a: Polteageist\n|-hitcount|p1: Polteageist|1\n|\n|-weather|none\n|upkeep\n|\n|t:|1700419999\n|switch|p1a: Primarina|Primarina, M|100\/100\n|turn|11\n|\n|t:|1700420007\n|move|p2a: Dragonite|Dragon Dance|p2a: Dragonite\n|-boost|p2a: Dragonite|atk|1\n|-boost|p2a: Dragonite|spe|1\n|move|p1a: Primarina|Hyper Voice|p2a: Dragonite\n|-resisted|p2a: Dragonite\n|-damage|p2a: Dragonite|27\/100\n|-enditem|p1a: Primarina|Throat Spray\n|-boost|p1a: Primarina|spa|1|[from] item: Throat Spray\n|\n|upkeep\n|turn|12\n|inactive|Thom.zip has 90 seconds left.\n|\n|t:|1700420018\n|move|p2a: Dragonite|Dual Wingbeat|p1a: Primarina\n|-damage|p1a: Primarina|56\/100\n|-damage|p1a: Primarina|13\/100\n|-hitcount|p1a: Primarina|2\n|move|p1a: Primarina|Draining Kiss|p2a: Dragonite\n|-supereffective|p2a: Dragonite\n|-damage|p2a: Dragonite|0 fnt\n|-heal|p1a: Primarina|30\/100|[from] drain|[of] p2a: Dragonite\n|faint|p2a: Dragonite\n|\n|upkeep\n|\n|t:|1700420024\n|switch|p2a: Clefable|Clefable, F|100\/100\n|turn|13\n|\n|t:|1700420032\n|move|p2a: Clefable|Cosmic Power|p2a: Clefable\n|-boost|p2a: Clefable|def|1\n|-boost|p2a: Clefable|spd|1\n|move|p1a: Primarina|Calm Mind|p1a: Primarina\n|-boost|p1a: Primarina|spa|1\n|-boost|p1a: Primarina|spd|1\n|\n|upkeep\n|turn|14\n|\n|t:|1700420038\n|move|p1a: Primarina|Encore|p2a: Clefable\n|-start|p2a: Clefable|Encore\n|move|p2a: Clefable|Cosmic Power|p2a: Clefable\n|-boost|p2a: Clefable|def|1\n|-boost|p2a: Clefable|spd|1\n|\n|upkeep\n|turn|15\n|\n|t:|1700420047\n|switch|p1a: Greninja|Greninja, M|100\/100\n|move|p2a: Clefable|Cosmic Power|p2a: Clefable\n|-boost|p2a: Clefable|def|1\n|-boost|p2a: Clefable|spd|1\n|\n|upkeep\n|turn|16\n|\n|t:|1700420055\n|move|p1a: Greninja|Gunk Shot|p2a: Clefable\n|-supereffective|p2a: Clefable\n|-damage|p2a: Clefable|75\/100\n|move|p2a: Clefable|Cosmic Power|p2a: Clefable\n|-boost|p2a: Clefable|def|1\n|-boost|p2a: Clefable|spd|1\n|\n|-heal|p2a: Clefable|81\/100|[from] item: Leftovers\n|-end|p2a: Clefable|Encore\n|upkeep\n|turn|17\n|\n|t:|1700420067\n|-terastallize|p2a: Clefable|Psychic\n|move|p1a: Greninja|Rain Dance|p1a: Greninja\n|-weather|RainDance\n|move|p2a: Clefable|Moonblast|p1a: Greninja\n|-supereffective|p1a: Greninja\n|-damage|p1a: Greninja|6\/100\n|-unboost|p1a: Greninja|spa|1\n|\n|-weather|RainDance|[upkeep]\n|-heal|p2a: Clefable|87\/100|[from] item: Leftovers\n|upkeep\n|turn|18\n|\n|t:|1700420077\n|move|p1a: Greninja|Dark Pulse|p2a: Clefable\n|-supereffective|p2a: Clefable\n|-damage|p2a: Clefable|76\/100\n|move|p2a: Clefable|Moonblast|p1a: Greninja\n|-supereffective|p1a: Greninja\n|-damage|p1a: Greninja|0 fnt\n|faint|p1a: Greninja\n|\n|-weather|RainDance|[upkeep]\n|-heal|p2a: Clefable|82\/100|[from] item: Leftovers\n|upkeep\n|\n|t:|1700420090\n|switch|p1a: Tapu Koko|Tapu Koko|100\/100\n|-fieldstart|move: Electric Terrain|[from] ability: Electric Surge|[of] p1a: Tapu Koko\n|turn|19\n|\n|t:|1700420099\n|move|p1a: Tapu Koko|Thunder|p2a: Clefable\n|-damage|p2a: Clefable|69\/100\n|move|p2a: Clefable|Stored Power|p1a: Tapu Koko\n|-damage|p1a: Tapu Koko|11\/100\n|\n|-weather|RainDance|[upkeep]\n|-heal|p2a: Clefable|75\/100|[from] item: Leftovers\n|upkeep\n|turn|20\n|\n|t:|1700420109\n|move|p1a: Tapu Koko|U-turn|p2a: Clefable\n|-supereffective|p2a: Clefable\n|-damage|p2a: Clefable|64\/100\n|\n|t:|1700420113\n|switch|p1a: Primarina|Primarina, M|30\/100|[from] U-turn\n|move|p2a: Clefable|Stored Power|p1a: Primarina\n|-damage|p1a: Primarina|0 fnt\n|faint|p1a: Primarina\n|\n|-weather|RainDance|[upkeep]\n|-heal|p2a: Clefable|70\/100|[from] item: Leftovers\n|upkeep\n|\n|t:|1700420122\n|switch|p1a: Charizard|Charizard, M|100\/100\n|turn|21\n|\n|t:|1700420128\n|detailschange|p1a: Charizard|Charizard-Mega-Y, M\n|-mega|p1a: Charizard|Charizard|Charizardite Y\n|-weather|SunnyDay|[from] ability: Drought|[of] p1a: Charizard\n|move|p1a: Charizard|Weather Ball|p2a: Clefable\n|-damage|p2a: Clefable|48\/100\n|move|p2a: Clefable|Stored Power|p1a: Charizard\n|-damage|p1a: Charizard|50\/100\n|\n|-weather|SunnyDay|[upkeep]\n|-heal|p2a: Clefable|54\/100|[from] item: Leftovers\n|upkeep\n|turn|22\n|\n|t:|1700420140\n|move|p1a: Charizard|Roost|p1a: Charizard\n|-heal|p1a: Charizard|99\/100\n|-singleturn|p1a: Charizard|move: Roost\n|move|p2a: Clefable|Soft-Boiled|p2a: Clefable\n|-heal|p2a: Clefable|100\/100\n|\n|-weather|SunnyDay|[upkeep]\n|upkeep\n|turn|23\n|\n|t:|1700420150\n|move|p1a: Charizard|Flamethrower|p2a: Clefable\n|-damage|p2a: Clefable|80\/100\n|move|p2a: Clefable|Cosmic Power|p2a: Clefable\n|-boost|p2a: Clefable|def|1\n|-boost|p2a: Clefable|spd|1\n|\n|-weather|SunnyDay|[upkeep]\n|-heal|p2a: Clefable|87\/100|[from] item: Leftovers\n|-fieldend|move: Electric Terrain\n|upkeep\n|turn|24\n|\n|t:|1700420160\n|move|p1a: Charizard|Flamethrower|p2a: Clefable\n|-damage|p2a: Clefable|68\/100\n|move|p2a: Clefable|Cosmic Power|p2a: Clefable\n|-boost|p2a: Clefable|def|1\n|-boost|p2a: Clefable|spd|1\n|\n|-weather|SunnyDay|[upkeep]\n|-heal|p2a: Clefable|74\/100|[from] item: Leftovers\n|upkeep\n|turn|25\n|\n|t:|1700420170\n|move|p1a: Charizard|Flamethrower|p2a: Clefable\n|-damage|p2a: Clefable|59\/100\n|move|p2a: Clefable|Stored Power|p1a: Charizard\n|-damage|p1a: Charizard|22\/100\n|\n|-weather|none\n|-heal|p2a: Clefable|65\/100|[from] item: Leftovers\n|upkeep\n|turn|26\n|\n|t:|1700420179\n|move|p1a: Charizard|Roost|p1a: Charizard\n|-heal|p1a: Charizard|72\/100\n|-singleturn|p1a: Charizard|move: Roost\n|move|p2a: Clefable|Stored Power|p1a: Charizard\n|-damage|p1a: Charizard|0 fnt\n|faint|p1a: Charizard\n|\n|-heal|p2a: Clefable|71\/100|[from] item: Leftovers\n|upkeep\n|\n|t:|1700420189\n|switch|p1a: Tapu Koko|Tapu Koko|11\/100\n|-fieldstart|move: Electric Terrain|[from] ability: Electric Surge|[of] p1a: Tapu Koko\n|turn|27\n|\n|t:|1700420195\n|-zpower|p1a: Tapu Koko\n|move|p1a: Tapu Koko|Twinkle Tackle|p2a: Clefable|[zeffect]\n|-damage|p2a: Clefable|60\/100\n|move|p2a: Clefable|Stored Power|p1a: Tapu Koko\n|-damage|p1a: Tapu Koko|0 fnt\n|faint|p1a: Tapu Koko\n|\n|win|Thom.zip\n|raw|jojomix's rating: 1088 &rarr; <strong>1066<\/strong><br \/>(-22 for losing)\n|raw|Thom.zip's rating: 1104 &rarr; <strong>1128<\/strong><br \/>(+24 for winning)\n|l|\u2606jojomix\n","uploadtime":1700420208,"views":4,"p1id":"jojomix","p2id":"thomzip","formatid":"gen9nationaldex","rating":1066,"private":0,"password":""}