{"id":"gen9nationaldex-1989241045","p1":"Dinumata","p2":"Natus19","format":"[Gen 9] National Dex","log":"|j|\u2606Dinumata\n|j|\u2606Natus19\n|t:|1699827031\n|gametype|singles\n|player|p1|Dinumata|red|\n|player|p2|Natus19|benga|\n|teamsize|p1|6\n|teamsize|p2|6\n|gen|9\n|tier|[Gen 9] National Dex\n|rule|HP Percentage Mod: HP is shown in percentages\n|rule|Endless Battle Clause: Forcing endless battles is banned\n|rule|OHKO Clause: OHKO moves are banned\n|rule|Evasion Clause: Evasion abilities, items, and moves are banned\n|rule|Evasion Abilities Clause: Evasion abilities are banned\n|rule|Evasion Items Clause: Evasion items are banned\n|rule|Evasion Moves Clause: Evasion moves are banned\n|rule|Species Clause: Limit one of each Pok\u00e9mon\n|rule|Sleep Clause Mod: Limit one foe put to sleep\n|clearpoke\n|poke|p1|Snorlax, F|\n|poke|p1|Braviary, M|\n|poke|p1|Lycanroc-Dusk, M|\n|poke|p1|Ninetales-Alola, F|\n|poke|p1|Magnezone|\n|poke|p1|Incineroar, M|\n|poke|p2|Charizard, M|\n|poke|p2|Aegislash, M|\n|poke|p2|Haxorus, M|\n|poke|p2|Rhyperior, M|\n|poke|p2|Cinderace, F|\n|poke|p2|Rillaboom, M|\n|teampreview\n|inactive|Battle timer is ON: inactive players will automatically lose when time's up. (requested by Natus19)\n|\n|t:|1699827059\n|start\n|switch|p1a: Incineroar|Incineroar, M|100\/100\n|switch|p2a: Apache|Rhyperior, M, shiny|100\/100\n|-ability|p1a: Incineroar|Intimidate|boost\n|-unboost|p2a: Apache|atk|1\n|turn|1\n|\n|t:|1699827073\n|move|p1a: Incineroar|Parting Shot|p2a: Apache\n|-unboost|p2a: Apache|atk|1\n|-unboost|p2a: Apache|spa|1\n|\n|t:|1699827077\n|switch|p1a: Braviary|Braviary, M|100\/100|[from] Parting Shot\n|move|p2a: Apache|Stealth Rock|p1a: Braviary\n|-sidestart|p1: Dinumata|move: Stealth Rock\n|\n|upkeep\n|turn|2\n|\n|t:|1699827096\n|-terastallize|p1a: Braviary|Ground\n|move|p1a: Braviary|Close Combat|p2a: Apache\n|-supereffective|p2a: Apache\n|-damage|p2a: Apache|65\/100\n|-unboost|p1a: Braviary|def|1\n|-unboost|p1a: Braviary|spd|1\n|move|p2a: Apache|Stone Edge|p1a: Braviary|[miss]\n|-miss|p2a: Apache|p1a: Braviary\n|\n|-heal|p2a: Apache|71\/100|[from] item: Leftovers\n|upkeep\n|turn|3\n|\n|t:|1699827112\n|move|p1a: Braviary|Close Combat|p2a: Apache\n|-supereffective|p2a: Apache\n|-damage|p2a: Apache|33\/100\n|-unboost|p1a: Braviary|def|1\n|-unboost|p1a: Braviary|spd|1\n|move|p2a: Apache|Earthquake|p1a: Braviary\n|-damage|p1a: Braviary|30\/100\n|\n|-heal|p2a: Apache|40\/100|[from] item: Leftovers\n|upkeep\n|turn|4\n|\n|t:|1699827121\n|move|p1a: Braviary|Close Combat|p2a: Apache\n|-supereffective|p2a: Apache\n|-damage|p2a: Apache|0 fnt\n|-unboost|p1a: Braviary|def|1\n|-unboost|p1a: Braviary|spd|1\n|faint|p2a: Apache\n|\n|upkeep\n|inactive|Natus19 has 270 seconds left.\n|\n|t:|1699827159\n|switch|p2a: Rillaboom|Rillaboom, M, shiny|100\/100\n|-fieldstart|move: Grassy Terrain|[from] ability: Grassy Surge|[of] p2a: Rillaboom\n|turn|5\n|\n|t:|1699827167\n|move|p2a: Rillaboom|Grassy Glide|p1a: Braviary\n|-supereffective|p1a: Braviary\n|-damage|p1a: Braviary|0 fnt\n|faint|p1a: Braviary\n|\n|upkeep\n|\n|t:|1699827177\n|switch|p1a: Incineroar|Incineroar, M|100\/100\n|-ability|p1a: Incineroar|Intimidate|boost\n|-unboost|p2a: Rillaboom|atk|1\n|turn|6\n|\n|t:|1699827187\n|switch|p2a: Axe|Haxorus, M, shiny|100\/100\n|-ability|p2a: Axe|Unnerve\n|move|p1a: Incineroar|Flare Blitz|p2a: Axe\n|-resisted|p2a: Axe\n|-damage|p2a: Axe|73\/100\n|-damage|p1a: Incineroar|94\/100|[from] Recoil\n|\n|-heal|p2a: Axe|79\/100|[from] Grassy Terrain\n|-heal|p1a: Incineroar|99\/100|[from] Grassy Terrain\n|upkeep\n|turn|7\n|\n|t:|1699827198\n|move|p2a: Axe|Dragon Dance|p2a: Axe\n|-boost|p2a: Axe|atk|1\n|-boost|p2a: Axe|spe|1\n|move|p1a: Incineroar|Taunt|p2a: Axe\n|-start|p2a: Axe|move: Taunt\n|\n|-heal|p2a: Axe|86\/100|[from] Grassy Terrain\n|-heal|p1a: Incineroar|100\/100|[from] Grassy Terrain\n|upkeep\n|turn|8\n|\n|t:|1699827203\n|move|p2a: Axe|Brick Break|p1a: Incineroar\n|-supereffective|p1a: Incineroar\n|-damage|p1a: Incineroar|0 fnt\n|faint|p1a: Incineroar\n|\n|-heal|p2a: Axe|92\/100|[from] Grassy Terrain\n|upkeep\n|\n|t:|1699827220\n|switch|p1a: Ninetales|Ninetales-Alola, F|100\/100\n|-damage|p1a: Ninetales|76\/100|[from] Stealth Rock\n|-weather|Snow|[from] ability: Snow Warning|[of] p1a: Ninetales\n|turn|9\n|\n|t:|1699827226\n|move|p2a: Axe|Poison Jab|p1a: Ninetales\n|-supereffective|p1a: Ninetales\n|-damage|p1a: Ninetales|0 fnt\n|faint|p1a: Ninetales\n|\n|-weather|Snow|[upkeep]\n|-heal|p2a: Axe|98\/100|[from] Grassy Terrain\n|-fieldend|move: Grassy Terrain\n|upkeep\n|inactive|Dinumata has 270 seconds left.\n|\n|t:|1699827256\n|switch|p1a: Snorlax|Snorlax, F|100\/100\n|-damage|p1a: Snorlax|88\/100|[from] Stealth Rock\n|turn|10\n|\n|t:|1699827260\n|move|p2a: Axe|Brick Break|p1a: Snorlax\n|-supereffective|p1a: Snorlax\n|-damage|p1a: Snorlax|0 fnt\n|faint|p1a: Snorlax\n|\n|-weather|Snow|[upkeep]\n|-end|p2a: Axe|move: Taunt\n|upkeep\n|\n|t:|1699827264\n|switch|p1a: Magnezone|Magnezone|100\/100\n|-damage|p1a: Magnezone|94\/100|[from] Stealth Rock\n|turn|11\n|\n|t:|1699827269\n|move|p2a: Axe|Brick Break|p1a: Magnezone\n|-supereffective|p1a: Magnezone\n|-damage|p1a: Magnezone|0 fnt\n|faint|p1a: Magnezone\n|\n|-weather|Snow|[upkeep]\n|upkeep\n|\n|t:|1699827272\n|switch|p1a: Lycanroc|Lycanroc-Dusk, M|100\/100\n|-damage|p1a: Lycanroc|88\/100|[from] Stealth Rock\n|turn|12\n|\n|t:|1699827275\n|move|p2a: Axe|Brick Break|p1a: Lycanroc\n|-supereffective|p1a: Lycanroc\n|-damage|p1a: Lycanroc|0 fnt\n|faint|p1a: Lycanroc\n|\n|win|Natus19\n|c|\u2606Dinumata|jajajajaa\n|l|\u2606Natus19\n|j|\u2606Natus19\n|player|p2|Natus19|benga\n","uploadtime":1699827283,"views":15,"p1id":"dinumata","p2id":"natus19","formatid":"gen9nationaldex","rating":0,"private":0,"password":""}