{"id":"gen9nationaldex-1995020334","p1":"Ricky555","p2":"Alexander90281","format":"[Gen 9] National Dex","log":"|html|<div class=\"broadcast-blue\"><strong>[Gen 9] National Dex is currently suspecting Sneasler! For information on how to participate check out the <a href=\"https:\/\/www.smogon.com\/forums\/threads\/sv-national-dex-suspect-8-just-dance.3731534\/\">suspect thread<\/a>.<\/strong><\/div>\n|j|\u2606Ricky555\n|j|\u2606Alexander90281\n|t:|1700514092\n|gametype|singles\n|player|p1|Ricky555|170|1514\n|player|p2|Alexander90281|tateandliza-gen6|1712\n|teamsize|p1|6\n|teamsize|p2|6\n|gen|9\n|tier|[Gen 9] National Dex\n|rated|\n|rule|HP Percentage Mod: HP is shown in percentages\n|rule|Endless Battle Clause: Forcing endless battles is banned\n|rule|OHKO Clause: OHKO moves are banned\n|rule|Evasion Clause: Evasion abilities, items, and moves are banned\n|rule|Evasion Abilities Clause: Evasion abilities are banned\n|rule|Evasion Items Clause: Evasion items are banned\n|rule|Evasion Moves Clause: Evasion moves are banned\n|rule|Species Clause: Limit one of each Pok\u00e9mon\n|rule|Sleep Clause Mod: Limit one foe put to sleep\n|clearpoke\n|poke|p1|Pelipper, F|\n|poke|p1|Basculegion-F, F|\n|poke|p1|Swampert, M|\n|poke|p1|Ferrothorn, F|\n|poke|p1|Zapdos|\n|poke|p1|Volcarona, M|\n|poke|p2|Mimikyu, M|\n|poke|p2|Hatterene, F|\n|poke|p2|Mawile, F|\n|poke|p2|Victini|\n|poke|p2|Ursaluna, F|\n|poke|p2|Zoroark-Hisui, F|\n|teampreview\n|\n|t:|1700514129\n|start\n|switch|p1a: Pelipper|Pelipper, F|100\/100\n|switch|p2a: Victini|Victini|100\/100\n|-weather|RainDance|[from] ability: Drizzle|[of] p1a: Pelipper\n|turn|1\n|\n|t:|1700514154\n|switch|p1a: Swampert|Swampert, M|100\/100\n|move|p2a: Victini|Final Gambit|p1a: Swampert\n|-damage|p1a: Swampert|0 fnt\n|faint|p2a: Victini\n|faint|p1a: Swampert\n|\n|-weather|RainDance|[upkeep]\n|upkeep\n|\n|t:|1700514169\n|switch|p2a: Hatterene|Hatterene, F|100\/100\n|switch|p1a: Basculegion|Basculegion-F, F|100\/100\n|turn|2\n|\n|t:|1700514202\n|move|p1a: Basculegion|Hydro Pump|p2a: Hatterene\n|-enditem|p2a: Hatterene|Focus Sash\n|-damage|p2a: Hatterene|1\/100\n|move|p2a: Hatterene|Trick Room|p2a: Hatterene\n|-fieldstart|move: Trick Room|[of] p2a: Hatterene\n|\n|-weather|RainDance|[upkeep]\n|upkeep\n|turn|3\n|\n|t:|1700514210\n|switch|p1a: Ferrothorn|Ferrothorn, F|100\/100\n|move|p2a: Hatterene|Healing Wish|p2a: Hatterene\n|faint|p2a: Hatterene\n|\n|-weather|RainDance|[upkeep]\n|upkeep\n|\n|t:|1700514216\n|switch|p2a: Mawile|Mawile, F|100\/100\n|-ability|p2a: Mawile|Intimidate|boost\n|-unboost|p1a: Ferrothorn|atk|1\n|turn|4\n|\n|t:|1700514222\n|detailschange|p2a: Mawile|Mawile-Mega, F\n|-mega|p2a: Mawile|Mawile|Mawilite\n|move|p1a: Ferrothorn|Thunder Wave|p2a: Mawile\n|-status|p2a: Mawile|par\n|move|p2a: Mawile|Swords Dance|p2a: Mawile\n|-boost|p2a: Mawile|atk|2\n|\n|-weather|RainDance|[upkeep]\n|upkeep\n|turn|5\n|\n|t:|1700514231\n|cant|p2a: Mawile|par\n|move|p1a: Ferrothorn|Spikes|p2a: Mawile\n|-sidestart|p2: Alexander90281|Spikes\n|\n|-weather|RainDance|[upkeep]\n|upkeep\n|turn|6\n|\n|t:|1700514236\n|move|p2a: Mawile|Brick Break|p1a: Ferrothorn\n|-supereffective|p1a: Ferrothorn\n|-damage|p1a: Ferrothorn|0 fnt\n|-damage|p2a: Mawile|88\/100 par|[from] ability: Iron Barbs|[of] p1a: Ferrothorn\n|faint|p1a: Ferrothorn\n|\n|-weather|RainDance|[upkeep]\n|-fieldend|move: Trick Room\n|upkeep\n|\n|t:|1700514242\n|switch|p1a: Zapdos|Zapdos|100\/100\n|turn|7\n|\n|t:|1700514249\n|cant|p2a: Mawile|par\n|move|p1a: Zapdos|Thunder|p2a: Mawile\n|-damage|p2a: Mawile|14\/100 par\n|\n|-weather|RainDance|[upkeep]\n|upkeep\n|turn|8\n|\n|t:|1700514292\n|switch|p2a: Mimikyu|Mimikyu, M|100\/100\n|-damage|p2a: Mimikyu|88\/100|[from] Spikes\n|move|p1a: Zapdos|Weather Ball|p2a: Mimikyu\n|-activate|p2a: Mimikyu|ability: Disguise\n|-damage|p2a: Mimikyu|88\/100\n|detailschange|p2a: Mimikyu|Mimikyu-Busted, M\n|-damage|p2a: Mimikyu|76\/100|[from] pokemon: Mimikyu-Busted\n|\n|-weather|none\n|upkeep\n|turn|9\n|\n|t:|1700514299\n|switch|p1a: Pelipper|Pelipper, F|100\/100\n|-weather|RainDance|[from] ability: Drizzle|[of] p1a: Pelipper\n|move|p2a: Mimikyu|Trick Room|p2a: Mimikyu\n|-fieldstart|move: Trick Room|[of] p2a: Mimikyu\n|\n|-weather|RainDance|[upkeep]\n|upkeep\n|turn|10\n|\n|t:|1700514306\n|switch|p2a: Mawile|Mawile-Mega, F|14\/100 par\n|-heal|p2a: Mawile|100\/100|[from] move: Healing Wish\n|-damage|p2a: Mawile|88\/100|[from] Spikes\n|move|p1a: Pelipper|Scald|p2a: Mawile\n|-damage|p2a: Mawile|40\/100\n|-status|p2a: Mawile|brn\n|\n|-weather|RainDance|[upkeep]\n|-damage|p2a: Mawile|33\/100 brn|[from] brn\n|upkeep\n|turn|11\n|\n|t:|1700514315\n|move|p2a: Mawile|Play Rough|p1a: Pelipper\n|-damage|p1a: Pelipper|68\/100\n|move|p1a: Pelipper|Scald|p2a: Mawile\n|-damage|p2a: Mawile|0 fnt\n|faint|p2a: Mawile\n|\n|-weather|RainDance|[upkeep]\n|upkeep\n|\n|t:|1700514320\n|switch|p2a: Ursaluna|Ursaluna, F|100\/100\n|-damage|p2a: Ursaluna|88\/100|[from] Spikes\n|turn|12\n|\n|t:|1700514330\n|-terastallize|p2a: Ursaluna|Ghost\n|move|p2a: Ursaluna|Facade|p1a: Pelipper\n|-damage|p1a: Pelipper|33\/100\n|move|p1a: Pelipper|Scald|p2a: Ursaluna\n|-damage|p2a: Ursaluna|55\/100\n|\n|-weather|RainDance|[upkeep]\n|-status|p2a: Ursaluna|brn|[from] item: Flame Orb\n|upkeep\n|turn|13\n|\n|t:|1700514342\n|switch|p1a: Basculegion|Basculegion-F, F|100\/100\n|move|p2a: Ursaluna|Facade|p1a: Basculegion\n|-immune|p1a: Basculegion\n|\n|-weather|RainDance|[upkeep]\n|-damage|p2a: Ursaluna|49\/100 brn|[from] brn\n|-fieldend|move: Trick Room\n|upkeep\n|turn|14\n|\n|t:|1700514359\n|move|p1a: Basculegion|Surf|p2a: Ursaluna\n|-damage|p2a: Ursaluna|0 fnt\n|faint|p2a: Ursaluna\n|\n|-weather|RainDance|[upkeep]\n|upkeep\n|\n|t:|1700514365\n|switch|p2a: Mimikyu|Mimikyu-Busted, M|76\/100\n|-damage|p2a: Mimikyu|63\/100|[from] Spikes\n|turn|15\n|\n|t:|1700514372\n|move|p1a: Basculegion|Surf|p2a: Mimikyu\n|-damage|p2a: Mimikyu|0 fnt\n|faint|p2a: Mimikyu\n|\n|-weather|RainDance|[upkeep]\n|upkeep\n|\n|t:|1700514376\n|switch|p2a: Zoroark|Zoroark-Hisui, F|100\/100\n|-damage|p2a: Zoroark|88\/100|[from] Spikes\n|turn|16\n|\n|t:|1700514380\n|move|p1a: Basculegion|Surf|p2a: Zoroark\n|-damage|p2a: Zoroark|0 fnt\n|faint|p2a: Zoroark\n|\n|win|Ricky555\n|raw|Ricky555's rating: 1514 &rarr; <strong>1544<\/strong><br \/>(+30 for winning)\n|raw|Alexander90281's rating: 1712 &rarr; <strong>1682<\/strong><br \/>(-30 for losing)\n|l|\u2606Alexander90281\n","uploadtime":1700514386,"views":2,"p1id":"ricky555","p2id":"alexander90281","formatid":"gen9nationaldex","rating":1544,"private":0,"password":""}