{"id":"gen9nationaldex-1998694119","p1":"Clayanto","p2":"bibifff","format":"[Gen 9] National Dex","log":"|html|<div class=\"broadcast-blue\"><strong>[Gen 9] National Dex is currently suspecting Sneasler! For information on how to participate check out the <a href=\"https:\/\/www.smogon.com\/forums\/threads\/sv-national-dex-suspect-8-just-dance.3731534\/\">suspect thread<\/a>.<\/strong><\/div>\n|j|\u2606Clayanto\n|j|\u2606bibifff\n|t:|1700973568\n|gametype|singles\n|player|p1|Clayanto|ariana|1370\n|player|p2|bibifff|wallace-gen6|1334\n|teamsize|p1|6\n|teamsize|p2|6\n|gen|9\n|tier|[Gen 9] National Dex\n|rated|\n|rule|HP Percentage Mod: HP is shown in percentages\n|rule|Endless Battle Clause: Forcing endless battles is banned\n|rule|OHKO Clause: OHKO moves are banned\n|rule|Evasion Clause: Evasion abilities, items, and moves are banned\n|rule|Evasion Abilities Clause: Evasion abilities are banned\n|rule|Evasion Items Clause: Evasion items are banned\n|rule|Evasion Moves Clause: Evasion moves are banned\n|rule|Species Clause: Limit one of each Pok\u00e9mon\n|rule|Sleep Clause Mod: Limit one foe put to sleep\n|clearpoke\n|poke|p1|Ninetales-Alola, M|\n|poke|p1|Tyranitar, F|\n|poke|p1|Pelipper, M|\n|poke|p1|Torkoal, F|\n|poke|p1|Hatterene, F|\n|poke|p1|Sinistcha|\n|poke|p2|Ninetales-Alola, M|\n|poke|p2|Abomasnow, M|\n|poke|p2|Arctovish|\n|poke|p2|Arctozolt|\n|poke|p2|Garchomp, M|\n|poke|p2|Aegislash, F|\n|teampreview\n|inactive|Battle timer is ON: inactive players will automatically lose when time's up. (requested by Clayanto)\n|\n|t:|1700973588\n|start\n|switch|p1a: Tyranitar|Tyranitar, F|100\/100\n|switch|p2a: Aegislash|Aegislash, F, shiny|100\/100\n|-weather|Sandstorm|[from] ability: Sand Stream|[of] p1a: Tyranitar\n|turn|1\n|\n|t:|1700973602\n|detailschange|p1a: Tyranitar|Tyranitar-Mega, F\n|-mega|p1a: Tyranitar|Tyranitar|Tyranitarite\n|move|p1a: Tyranitar|Dragon Dance|p1a: Tyranitar\n|-boost|p1a: Tyranitar|atk|1\n|-boost|p1a: Tyranitar|spe|1\n|-formechange|p2a: Aegislash|Aegislash-Blade||[from] ability: Stance Change\n|move|p2a: Aegislash|Sacred Sword|p1a: Tyranitar\n|-supereffective|p1a: Tyranitar\n|-damage|p1a: Tyranitar|10\/100\n|\n|-weather|Sandstorm|[upkeep]\n|upkeep\n|turn|2\n|\n|t:|1700973612\n|move|p2a: Aegislash|Shadow Sneak|p1a: Tyranitar\n|-resisted|p1a: Tyranitar\n|-damage|p1a: Tyranitar|4\/100\n|move|p1a: Tyranitar|Knock Off|p2a: Aegislash\n|-supereffective|p2a: Aegislash\n|-damage|p2a: Aegislash|0 fnt\n|-enditem|p2a: Aegislash|Leftovers|[from] move: Knock Off|[of] p1a: Tyranitar\n|faint|p2a: Aegislash\n|\n|-weather|Sandstorm|[upkeep]\n|upkeep\n|\n|t:|1700973620\n|switch|p2a: Abomasnow|Abomasnow, M, shiny|100\/100\n|-weather|Snow|[from] ability: Snow Warning|[of] p2a: Abomasnow\n|turn|3\n|\n|t:|1700973623\n|move|p2a: Abomasnow|Ice Shard|p1a: Tyranitar\n|-damage|p1a: Tyranitar|0 fnt\n|faint|p1a: Tyranitar\n|\n|-weather|Snow|[upkeep]\n|upkeep\n|\n|t:|1700973631\n|switch|p1a: Pelipper|Pelipper, M|100\/100\n|-weather|RainDance|[from] ability: Drizzle|[of] p1a: Pelipper\n|turn|4\n|\n|t:|1700973640\n|detailschange|p2a: Abomasnow|Abomasnow-Mega, M, shiny\n|-mega|p2a: Abomasnow|Abomasnow|Abomasite\n|-weather|Snow|[from] ability: Snow Warning|[of] p2a: Abomasnow\n|move|p1a: Pelipper|Hurricane|p2a: Abomasnow\n|-supereffective|p2a: Abomasnow\n|-damage|p2a: Abomasnow|0 fnt\n|faint|p2a: Abomasnow\n|\n|-weather|Snow|[upkeep]\n|upkeep\n|\n|t:|1700973661\n|switch|p2a: Garchomp|Garchomp, M|100\/100\n|turn|5\n|\n|t:|1700973665\n|switch|p1a: Sinistcha|Sinistcha|100\/100\n|-zpower|p2a: Garchomp\n|move|p2a: Garchomp|Devastating Drake|p1a: Sinistcha|[zeffect]\n|-damage|p1a: Sinistcha|32\/100\n|\n|-weather|Snow|[upkeep]\n|-heal|p1a: Sinistcha|38\/100|[from] item: Leftovers\n|upkeep\n|turn|6\n|\n|t:|1700973676\n|move|p2a: Garchomp|Swords Dance|p2a: Garchomp\n|-boost|p2a: Garchomp|atk|2\n|move|p1a: Sinistcha|Strength Sap|p2a: Garchomp\n|-unboost|p2a: Garchomp|atk|1\n|-heal|p1a: Sinistcha|100\/100\n|\n|-weather|Snow|[upkeep]\n|upkeep\n|turn|7\n|\n|t:|1700973683\n|move|p2a: Garchomp|Swords Dance|p2a: Garchomp\n|-boost|p2a: Garchomp|atk|2\n|move|p1a: Sinistcha|Matcha Gotcha|p2a: Garchomp\n|-damage|p2a: Garchomp|64\/100\n|-status|p2a: Garchomp|brn\n|\n|-weather|Snow|[upkeep]\n|-damage|p2a: Garchomp|58\/100 brn|[from] brn\n|upkeep\n|turn|8\n|\n|t:|1700973693\n|move|p2a: Garchomp|Swords Dance|p2a: Garchomp\n|-boost|p2a: Garchomp|atk|2\n|move|p1a: Sinistcha|Strength Sap|p2a: Garchomp\n|-unboost|p2a: Garchomp|atk|1\n|\n|-weather|none\n|-damage|p2a: Garchomp|52\/100 brn|[from] brn\n|upkeep\n|turn|9\n|\n|t:|1700973697\n|move|p2a: Garchomp|Outrage|p1a: Sinistcha\n|-damage|p1a: Sinistcha|28\/100\n|move|p1a: Sinistcha|Shadow Ball|p2a: Garchomp\n|-damage|p2a: Garchomp|16\/100 brn\n|\n|-heal|p1a: Sinistcha|34\/100|[from] item: Leftovers\n|-damage|p2a: Garchomp|10\/100 brn|[from] brn\n|upkeep\n|turn|10\n|\n|t:|1700973703\n|switch|p1a: Hatterene|Hatterene, F|100\/100\n|move|p2a: Garchomp|Outrage|p1a: Hatterene|[from]lockedmove\n|-immune|p1a: Hatterene\n|-start|p2a: Garchomp|confusion|[fatigue]\n|\n|-damage|p2a: Garchomp|4\/100 brn|[from] brn\n|upkeep\n|turn|11\n|\n|t:|1700973707\n|-activate|p2a: Garchomp|confusion\n|move|p2a: Garchomp|Earthquake|p1a: Hatterene\n|-damage|p1a: Hatterene|29\/100\n|move|p1a: Hatterene|Trick Room|p1a: Hatterene\n|-fieldstart|move: Trick Room|[of] p1a: Hatterene\n|\n|-damage|p2a: Garchomp|0 fnt|[from] brn\n|faint|p2a: Garchomp\n|upkeep\n|\n|t:|1700973728\n|switch|p2a: Arctozolt|Arctozolt, shiny|100\/100\n|turn|12\n|\n|t:|1700973746\n|move|p1a: Hatterene|Healing Wish|p1a: Hatterene\n|faint|p1a: Hatterene\n|move|p2a: Arctozolt|Bolt Beak|p1: Hatterene|[notarget]\n|-fail|p2a: Arctozolt\n|\n|upkeep\n|\n|t:|1700973752\n|switch|p1a: Torkoal|Torkoal, F|100\/100\n|-weather|SunnyDay|[from] ability: Drought|[of] p1a: Torkoal\n|turn|13\n|\n|t:|1700973756\n|-terastallize|p2a: Arctozolt|Electric\n|move|p1a: Torkoal|Eruption|p2a: Arctozolt\n|-damage|p2a: Arctozolt|0 fnt\n|faint|p2a: Arctozolt\n|\n|-weather|SunnyDay|[upkeep]\n|upkeep\n|\n|t:|1700973763\n|switch|p2a: Ninetales|Ninetales-Alola, M, shiny|100\/100\n|-weather|Snow|[from] ability: Snow Warning|[of] p2a: Ninetales\n|turn|14\n|\n|t:|1700973769\n|switch|p2a: Arctovish|Arctovish, shiny|100\/100\n|-terastallize|p1a: Torkoal|Fire\n|move|p1a: Torkoal|Eruption|p2a: Arctovish\n|-damage|p2a: Arctovish|0 fnt\n|faint|p2a: Arctovish\n|\n|-weather|Snow|[upkeep]\n|upkeep\n|-message|bibifff forfeited.\n|\n|win|Clayanto\n|raw|Clayanto's rating: 1370 &rarr; <strong>1388<\/strong><br \/>(+18 for winning)\n|raw|bibifff's rating: 1334 &rarr; <strong>1316<\/strong><br \/>(-18 for losing)\n|l|\u2606bibifff\n","uploadtime":1700974119,"views":20,"p1id":"clayanto","p2id":"bibifff","formatid":"gen9nationaldex","rating":1316,"private":0,"password":""}