{"id":"gen9nationaldex-1987866344","p1":"LipeZero","p2":"joetan","format":"[Gen 9] National Dex","log":"|j|\u2606LipeZero\n|j|\u2606joetan\n|t:|1699644082\n|gametype|singles\n|player|p1|LipeZero|n|1197\n|player|p2|joetan|102|1304\n|teamsize|p1|6\n|teamsize|p2|6\n|gen|9\n|tier|[Gen 9] National Dex\n|rated|\n|rule|HP Percentage Mod: HP is shown in percentages\n|rule|Endless Battle Clause: Forcing endless battles is banned\n|rule|OHKO Clause: OHKO moves are banned\n|rule|Evasion Clause: Evasion abilities, items, and moves are banned\n|rule|Evasion Abilities Clause: Evasion abilities are banned\n|rule|Evasion Items Clause: Evasion items are banned\n|rule|Evasion Moves Clause: Evasion moves are banned\n|rule|Species Clause: Limit one of each Pok\u00e9mon\n|rule|Sleep Clause Mod: Limit one foe put to sleep\n|clearpoke\n|poke|p1|Politoed, F|\n|poke|p1|Porygon-Z|\n|poke|p1|Heliolisk, M|\n|poke|p1|Toxicroak, F|\n|poke|p1|Goodra-Hisui, F|\n|poke|p1|Swampert, M|\n|poke|p2|Rillaboom, F|\n|poke|p2|Iron Valiant|\n|poke|p2|Sneasler, F|\n|poke|p2|Heatran, F|\n|poke|p2|Corviknight, M|\n|poke|p2|Slowking, F|\n|teampreview\n|inactive|Battle timer is ON: inactive players will automatically lose when time's up. (requested by LipeZero)\n|\n|t:|1699644117\n|start\n|switch|p1a: Chuvinha|Politoed, F|100\/100\n|switch|p2a: Iron Valiant|Iron Valiant|100\/100\n|-weather|RainDance|[from] ability: Drizzle|[of] p1a: Chuvinha\n|turn|1\n|\n|t:|1699644127\n|move|p2a: Iron Valiant|Thunderbolt|p1a: Chuvinha\n|-supereffective|p1a: Chuvinha\n|-damage|p1a: Chuvinha|32\/100\n|-status|p1a: Chuvinha|par\n|move|p1a: Chuvinha|Toxic|p2a: Iron Valiant\n|-status|p2a: Iron Valiant|tox\n|\n|-weather|RainDance|[upkeep]\n|-damage|p2a: Iron Valiant|94\/100 tox|[from] psn\n|upkeep\n|turn|2\n|\n|t:|1699644139\n|-end|p2a: Iron Valiant|Quark Drive|[silent]\n|switch|p2a: Rillaboom|Rillaboom, F|100\/100\n|-fieldstart|move: Grassy Terrain|[from] ability: Grassy Surge|[of] p2a: Rillaboom\n|switch|p1a: Sap\u00e3o|Swampert, M|100\/100\n|\n|-weather|RainDance|[upkeep]\n|upkeep\n|turn|3\n|\n|t:|1699644148\n|detailschange|p1a: Sap\u00e3o|Swampert-Mega, M\n|-mega|p1a: Sap\u00e3o|Swampert|Swampertite\n|move|p2a: Rillaboom|Grassy Glide|p1a: Sap\u00e3o\n|-supereffective|p1a: Sap\u00e3o\n|-crit|p1a: Sap\u00e3o\n|-damage|p1a: Sap\u00e3o|0 fnt\n|faint|p1a: Sap\u00e3o\n|-damage|p2a: Rillaboom|91\/100|[from] item: Life Orb\n|\n|-weather|RainDance|[upkeep]\n|-heal|p2a: Rillaboom|97\/100|[from] Grassy Terrain\n|upkeep\n|\n|t:|1699644165\n|switch|p1a: Trans|Toxicroak, F|100\/100\n|turn|4\n|\n|t:|1699644179\n|switch|p2a: Corviknight|Corviknight, M|100\/100\n|move|p1a: Trans|Ice Punch|p2a: Corviknight\n|-damage|p2a: Corviknight|86\/100\n|\n|-weather|RainDance|[upkeep]\n|-heal|p2a: Corviknight|93\/100|[from] item: Leftovers\n|upkeep\n|turn|5\n|\n|t:|1699644191\n|switch|p1a: Calabreso|Heliolisk, M|100\/100\n|move|p2a: Corviknight|Body Press|p1a: Calabreso\n|-supereffective|p1a: Calabreso\n|-damage|p1a: Calabreso|0 fnt\n|faint|p1a: Calabreso\n|\n|-weather|RainDance|[upkeep]\n|-heal|p2a: Corviknight|99\/100|[from] item: Leftovers\n|upkeep\n|\n|t:|1699644201\n|switch|p1a: Coisa ruim|Porygon-Z|100\/100\n|turn|6\n|\n|t:|1699644207\n|switch|p2a: Rillaboom|Rillaboom, F|97\/100\n|-terastallize|p1a: Coisa ruim|Electric\n|move|p1a: Coisa ruim|Thunder|p2a: Rillaboom\n|-resisted|p2a: Rillaboom\n|-damage|p2a: Rillaboom|37\/100\n|\n|-weather|RainDance|[upkeep]\n|-heal|p2a: Rillaboom|44\/100|[from] Grassy Terrain\n|-fieldend|move: Grassy Terrain\n|upkeep\n|turn|7\n|\n|t:|1699644224\n|switch|p2a: Heatran|Heatran, F|100\/100\n|-item|p2a: Heatran|Air Balloon\n|move|p1a: Coisa ruim|Thunder|p2a: Heatran\n|-damage|p2a: Heatran|48\/100\n|-status|p2a: Heatran|par\n|-enditem|p2a: Heatran|Air Balloon\n|\n|-weather|RainDance|[upkeep]\n|upkeep\n|turn|8\n|\n|t:|1699644236\n|move|p1a: Coisa ruim|Thunder|p2a: Heatran\n|-damage|p2a: Heatran|0 fnt\n|faint|p2a: Heatran\n|\n|-weather|none\n|upkeep\n|\n|t:|1699644256\n|switch|p2a: Rillaboom|Rillaboom, F|44\/100\n|-fieldstart|move: Grassy Terrain|[from] ability: Grassy Surge|[of] p2a: Rillaboom\n|turn|9\n|\n|t:|1699644261\n|switch|p1a: Thais Carla|Goodra-Hisui, F|100\/100\n|move|p2a: Rillaboom|Grassy Glide|p1a: Thais Carla\n|-resisted|p1a: Thais Carla\n|-damage|p1a: Thais Carla|93\/100\n|-damage|p2a: Rillaboom|34\/100|[from] item: Life Orb\n|\n|-heal|p2a: Rillaboom|40\/100|[from] Grassy Terrain\n|-heal|p1a: Thais Carla|99\/100|[from] Grassy Terrain\n|upkeep\n|turn|10\n|\n|t:|1699644274\n|switch|p2a: Corviknight|Corviknight, M|99\/100\n|move|p1a: Thais Carla|Flamethrower|p2a: Corviknight\n|-supereffective|p2a: Corviknight\n|-damage|p2a: Corviknight|62\/100\n|-status|p2a: Corviknight|brn\n|\n|-heal|p2a: Corviknight|68\/100 brn|[from] item: Leftovers\n|-heal|p1a: Thais Carla|100\/100|[from] Grassy Terrain\n|-damage|p2a: Corviknight|62\/100 brn|[from] brn\n|upkeep\n|turn|11\n|\n|t:|1699644290\n|move|p2a: Corviknight|Body Press|p1a: Thais Carla\n|-supereffective|p1a: Thais Carla\n|-damage|p1a: Thais Carla|83\/100\n|move|p1a: Thais Carla|Curse|p1a: Thais Carla\n|-unboost|p1a: Thais Carla|spe|1\n|-boost|p1a: Thais Carla|atk|1\n|-boost|p1a: Thais Carla|def|1\n|\n|-heal|p2a: Corviknight|68\/100 brn|[from] item: Leftovers\n|-heal|p1a: Thais Carla|90\/100|[from] Grassy Terrain\n|-damage|p2a: Corviknight|62\/100 brn|[from] brn\n|upkeep\n|turn|12\n|\n|t:|1699644306\n|switch|p2a: Slowking|Slowking, F|100\/100\n|move|p1a: Thais Carla|Curse|p1a: Thais Carla\n|-unboost|p1a: Thais Carla|spe|1\n|-boost|p1a: Thais Carla|atk|1\n|-boost|p1a: Thais Carla|def|1\n|\n|-heal|p1a: Thais Carla|96\/100|[from] Grassy Terrain\n|upkeep\n|turn|13\n|\n|t:|1699644319\n|move|p2a: Slowking|Thunder Wave|p1a: Thais Carla|[miss]\n|-miss|p2a: Slowking|p1a: Thais Carla\n|move|p1a: Thais Carla|Toxic|p2a: Slowking|[miss]\n|-miss|p1a: Thais Carla|p2a: Slowking\n|\n|-heal|p1a: Thais Carla|100\/100|[from] Grassy Terrain\n|-fieldend|move: Grassy Terrain\n|upkeep\n|turn|14\n|\n|t:|1699644328\n|move|p2a: Slowking|Thunder Wave|p1a: Thais Carla|[miss]\n|-miss|p2a: Slowking|p1a: Thais Carla\n|move|p1a: Thais Carla|Toxic|p2a: Slowking\n|-status|p2a: Slowking|tox\n|\n|-damage|p2a: Slowking|94\/100 tox|[from] psn\n|upkeep\n|turn|15\n|\n|t:|1699644337\n|move|p2a: Slowking|Thunder Wave|p1a: Thais Carla\n|-status|p1a: Thais Carla|par\n|move|p1a: Thais Carla|Gyro Ball|p2a: Slowking\n|-resisted|p2a: Slowking\n|-damage|p2a: Slowking|42\/100 tox\n|\n|-heal|p2a: Slowking|48\/100 tox|[from] item: Leftovers\n|-damage|p2a: Slowking|36\/100 tox|[from] psn\n|upkeep\n|turn|16\n|\n|t:|1699644349\n|switch|p2a: Corviknight|Corviknight, M|62\/100 brn\n|move|p1a: Thais Carla|Gyro Ball|p2a: Corviknight\n|-resisted|p2a: Corviknight\n|-damage|p2a: Corviknight|27\/100 brn\n|\n|-heal|p2a: Corviknight|34\/100 brn|[from] item: Leftovers\n|-damage|p2a: Corviknight|27\/100 brn|[from] brn\n|upkeep\n|turn|17\n|\n|t:|1699644359\n|move|p2a: Corviknight|Body Press|p1a: Thais Carla\n|-supereffective|p1a: Thais Carla\n|-damage|p1a: Thais Carla|91\/100 par\n|move|p1a: Thais Carla|Gyro Ball|p2a: Corviknight\n|-resisted|p2a: Corviknight\n|-damage|p2a: Corviknight|0 fnt\n|faint|p2a: Corviknight\n|\n|upkeep\n|\n|t:|1699644372\n|switch|p2a: Rillaboom|Rillaboom, F|40\/100\n|-fieldstart|move: Grassy Terrain|[from] ability: Grassy Surge|[of] p2a: Rillaboom\n|turn|18\n|\n|t:|1699644378\n|move|p2a: Rillaboom|High Horsepower|p1a: Thais Carla\n|-supereffective|p1a: Thais Carla\n|-damage|p1a: Thais Carla|65\/100 par\n|-damage|p2a: Rillaboom|30\/100|[from] item: Life Orb\n|move|p1a: Thais Carla|Toxic|p2a: Rillaboom\n|-status|p2a: Rillaboom|tox\n|\n|-heal|p2a: Rillaboom|36\/100 tox|[from] Grassy Terrain\n|-heal|p1a: Thais Carla|71\/100 par|[from] Grassy Terrain\n|-damage|p2a: Rillaboom|30\/100 tox|[from] psn\n|upkeep\n|turn|19\n|\n|t:|1699644391\n|move|p2a: Rillaboom|High Horsepower|p1a: Thais Carla\n|-supereffective|p1a: Thais Carla\n|-damage|p1a: Thais Carla|44\/100 par\n|-damage|p2a: Rillaboom|20\/100 tox|[from] item: Life Orb\n|move|p1a: Thais Carla|Flamethrower|p2a: Rillaboom\n|-supereffective|p2a: Rillaboom\n|-damage|p2a: Rillaboom|0 fnt\n|faint|p2a: Rillaboom\n|\n|-heal|p1a: Thais Carla|50\/100 par|[from] Grassy Terrain\n|upkeep\n|\n|t:|1699644418\n|switch|p2a: The Snizzler|Sneasler, F|100\/100\n|-enditem|p2a: The Snizzler|Grassy Seed\n|-boost|p2a: The Snizzler|def|1|[from] item: Grassy Seed\n|turn|20\n|\n|t:|1699644425\n|move|p2a: The Snizzler|Swords Dance|p2a: The Snizzler\n|-boost|p2a: The Snizzler|atk|2\n|move|p1a: Thais Carla|Gyro Ball|p2a: The Snizzler\n|-damage|p2a: The Snizzler|1\/100\n|\n|-heal|p2a: The Snizzler|7\/100|[from] Grassy Terrain\n|-heal|p1a: Thais Carla|56\/100 par|[from] Grassy Terrain\n|upkeep\n|turn|21\n|\n|t:|1699644434\n|move|p2a: The Snizzler|Close Combat|p1a: Thais Carla\n|-supereffective|p1a: Thais Carla\n|-damage|p1a: Thais Carla|0 fnt\n|-unboost|p2a: The Snizzler|def|1\n|-unboost|p2a: The Snizzler|spd|1\n|faint|p1a: Thais Carla\n|\n|-heal|p2a: The Snizzler|13\/100|[from] Grassy Terrain\n|upkeep\n|\n|t:|1699644444\n|switch|p1a: Trans|Toxicroak, F|100\/100\n|turn|22\n|\n|t:|1699644456\n|switch|p2a: Slowking|Slowking, F|69\/100 tox\n|move|p1a: Trans|Sucker Punch||[still]\n|-fail|p1a: Trans\n|\n|-heal|p2a: Slowking|75\/100 tox|[from] Grassy Terrain\n|-heal|p2a: Slowking|81\/100 tox|[from] item: Leftovers\n|-damage|p2a: Slowking|75\/100 tox|[from] psn\n|-fieldend|move: Grassy Terrain\n|upkeep\n|turn|23\n|\n|t:|1699644468\n|move|p1a: Trans|Poison Jab|p2a: Slowking\n|-damage|p2a: Slowking|36\/100 tox\n|move|p2a: Slowking|Thunder Wave|p1a: Trans\n|-status|p1a: Trans|par\n|\n|-heal|p2a: Slowking|42\/100 tox|[from] item: Leftovers\n|-damage|p2a: Slowking|30\/100 tox|[from] psn\n|upkeep\n|turn|24\n|\n|t:|1699644479\n|move|p1a: Trans|Poison Jab|p2a: Slowking\n|-damage|p2a: Slowking|0 fnt\n|faint|p2a: Slowking\n|\n|upkeep\n|\n|t:|1699644481\n|switch|p2a: Iron Valiant|Iron Valiant|94\/100 tox\n|turn|25\n|\n|t:|1699644493\n|-terastallize|p2a: Iron Valiant|Steel\n|move|p2a: Iron Valiant|Psyshock|p1a: Trans\n|-supereffective|p1a: Trans\n|-damage|p1a: Trans|0 fnt\n|faint|p1a: Trans\n|\n|-damage|p2a: Iron Valiant|88\/100 tox|[from] psn\n|upkeep\n|\n|t:|1699644502\n|switch|p1a: Chuvinha|Politoed, F|32\/100 par\n|-weather|RainDance|[from] ability: Drizzle|[of] p1a: Chuvinha\n|turn|26\n|\n|t:|1699644509\n|move|p2a: Iron Valiant|Psyshock|p1a: Chuvinha\n|-damage|p1a: Chuvinha|0 fnt\n|faint|p1a: Chuvinha\n|\n|-weather|RainDance|[upkeep]\n|-damage|p2a: Iron Valiant|76\/100 tox|[from] psn\n|upkeep\n|\n|t:|1699644519\n|switch|p1a: Coisa ruim|Porygon-Z, tera:Electric|100\/100\n|turn|27\n|\n|t:|1699644533\n|move|p1a: Coisa ruim|Thunder|p2a: Iron Valiant\n|-crit|p2a: Iron Valiant\n|-damage|p2a: Iron Valiant|0 fnt\n|faint|p2a: Iron Valiant\n|-end|p2a: Iron Valiant|Quark Drive|[silent]\n|\n|-weather|RainDance|[upkeep]\n|upkeep\n|\n|t:|1699644537\n|switch|p2a: The Snizzler|Sneasler, F|13\/100\n|turn|28\n|\n|t:|1699644542\n|move|p1a: Coisa ruim|Thunder|p2a: The Snizzler\n|-damage|p2a: The Snizzler|0 fnt\n|faint|p2a: The Snizzler\n|\n|win|LipeZero\n|raw|LipeZero's rating: 1197 &rarr; <strong>1229<\/strong><br \/>(+32 for winning)\n|raw|joetan's rating: 1304 &rarr; <strong>1278<\/strong><br \/>(-26 for losing)\n|l|\u2606joetan\n","uploadtime":1699644551,"views":5,"p1id":"lipezero","p2id":"joetan","formatid":"gen9nationaldex","rating":1229,"private":0,"password":""}