{"id":"gen9nationaldex-1987361659","p1":"Hexsexual","p2":"schoolteen","format":"[Gen 9] National Dex","log":"|j|\u2606Hexsexual\n|j|\u2606schoolteen\n|t:|1699581823\n|gametype|singles\n|player|p1|Hexsexual|lance|1000\n|player|p2|schoolteen|cheryl|1018\n|teamsize|p1|6\n|teamsize|p2|5\n|gen|9\n|tier|[Gen 9] National Dex\n|rated|\n|rule|HP Percentage Mod: HP is shown in percentages\n|rule|Endless Battle Clause: Forcing endless battles is banned\n|rule|OHKO Clause: OHKO moves are banned\n|rule|Evasion Clause: Evasion abilities, items, and moves are banned\n|rule|Evasion Abilities Clause: Evasion abilities are banned\n|rule|Evasion Items Clause: Evasion items are banned\n|rule|Evasion Moves Clause: Evasion moves are banned\n|rule|Species Clause: Limit one of each Pok\u00e9mon\n|rule|Sleep Clause Mod: Limit one foe put to sleep\n|clearpoke\n|poke|p1|Tyranitar, F|\n|poke|p1|Tauros-Paldea-Aqua, M|\n|poke|p1|Trevenant, F|\n|poke|p1|Typhlosion-Hisui, F|\n|poke|p1|Gengar, M|\n|poke|p1|Flygon, F|\n|poke|p2|Arbok, F|\n|poke|p2|Registeel|\n|poke|p2|Hakamo-o, F|\n|poke|p2|Manectric, F|\n|poke|p2|Kingler, M|\n|teampreview\n|inactive|Battle timer is ON: inactive players will automatically lose when time's up. (requested by schoolteen)\n|\n|t:|1699581853\n|start\n|switch|p1a: Gengar|Gengar, M|100\/100\n|switch|p2a: Registeel|Registeel|100\/100\n|turn|1\n|\n|t:|1699581863\n|move|p1a: Gengar|Foul Play|p2a: Registeel\n|-damage|p2a: Registeel|91\/100\n|move|p2a: Registeel|Amnesia|p2a: Registeel\n|-boost|p2a: Registeel|spd|2\n|\n|-heal|p2a: Registeel|97\/100|[from] item: Leftovers\n|upkeep\n|turn|2\n|\n|t:|1699581873\n|move|p1a: Gengar|Shadow Ball|p2a: Registeel\n|-damage|p2a: Registeel|81\/100\n|move|p2a: Registeel|Iron Defense|p2a: Registeel\n|-boost|p2a: Registeel|def|2\n|\n|-heal|p2a: Registeel|87\/100|[from] item: Leftovers\n|upkeep\n|turn|3\n|\n|t:|1699581888\n|move|p1a: Gengar|Shadow Ball|p2a: Registeel\n|-damage|p2a: Registeel|72\/100\n|move|p2a: Registeel|Iron Defense|p2a: Registeel\n|-boost|p2a: Registeel|def|2\n|\n|-heal|p2a: Registeel|78\/100|[from] item: Leftovers\n|upkeep\n|turn|4\n|\n|t:|1699581895\n|move|p1a: Gengar|Shadow Ball|p2a: Registeel\n|-damage|p2a: Registeel|62\/100\n|move|p2a: Registeel|Iron Defense|p2a: Registeel\n|-boost|p2a: Registeel|def|2\n|\n|-heal|p2a: Registeel|68\/100|[from] item: Leftovers\n|upkeep\n|turn|5\n|\n|t:|1699581916\n|move|p1a: Gengar|Shadow Ball|p2a: Registeel\n|-damage|p2a: Registeel|52\/100\n|move|p2a: Registeel|Amnesia|p2a: Registeel\n|-boost|p2a: Registeel|spd|2\n|\n|-heal|p2a: Registeel|58\/100|[from] item: Leftovers\n|upkeep\n|turn|6\n|inactive|schoolteen has 120 seconds left.\n|\n|t:|1699581947\n|move|p1a: Gengar|Shadow Ball|p2a: Registeel\n|-damage|p2a: Registeel|49\/100\n|move|p2a: Registeel|Amnesia|p2a: Registeel\n|-boost|p2a: Registeel|spd|2\n|\n|-heal|p2a: Registeel|55\/100|[from] item: Leftovers\n|upkeep\n|turn|7\n|\n|t:|1699581962\n|move|p1a: Gengar|Sludge Bomb|p2a: Registeel\n|-immune|p2a: Registeel\n|move|p2a: Registeel|Rest|p2a: Registeel\n|-status|p2a: Registeel|slp|[from] move: Rest\n|-heal|p2a: Registeel|100\/100 slp|[silent]\n|\n|upkeep\n|turn|8\n|\n|t:|1699581977\n|move|p1a: Gengar|Foul Play|p2a: Registeel\n|-damage|p2a: Registeel|98\/100 slp\n|cant|p2a: Registeel|slp\n|\n|-heal|p2a: Registeel|100\/100 slp|[from] item: Leftovers\n|upkeep\n|turn|9\n|\n|t:|1699581993\n|move|p1a: Gengar|Shadow Ball|p2a: Registeel\n|-damage|p2a: Registeel|93\/100 slp\n|cant|p2a: Registeel|slp\n|\n|-heal|p2a: Registeel|99\/100 slp|[from] item: Leftovers\n|upkeep\n|turn|10\n|\n|t:|1699582010\n|move|p1a: Gengar|Shadow Ball|p2a: Registeel\n|-damage|p2a: Registeel|92\/100 slp\n|-curestatus|p2a: Registeel|slp|[msg]\n|move|p2a: Registeel|Meteor Beam||[still]\n|-prepare|p2a: Registeel|Meteor Beam\n|-boost|p2a: Registeel|spa|1\n|\n|-heal|p2a: Registeel|98\/100|[from] item: Leftovers\n|upkeep\n|turn|11\n|\n|t:|1699582021\n|move|p1a: Gengar|Foul Play|p2a: Registeel\n|-crit|p2a: Registeel\n|-damage|p2a: Registeel|84\/100\n|move|p2a: Registeel|Meteor Beam|p1a: Gengar|[from]lockedmove\n|-damage|p1a: Gengar|29\/100\n|\n|-heal|p2a: Registeel|90\/100|[from] item: Leftovers\n|upkeep\n|turn|12\n|\n|t:|1699582034\n|move|p1a: Gengar|Destiny Bond|p1a: Gengar\n|-singlemove|p1a: Gengar|Destiny Bond\n|move|p2a: Registeel|Meteor Beam||[still]\n|-prepare|p2a: Registeel|Meteor Beam\n|-boost|p2a: Registeel|spa|1\n|\n|-heal|p2a: Registeel|96\/100|[from] item: Leftovers\n|upkeep\n|turn|13\n|inactive|schoolteen has 90 seconds left.\n|c|\u2606schoolteen|Monkey\n|\n|t:|1699582061\n|move|p1a: Gengar|Destiny Bond||[still]\n|-fail|p1a: Gengar\n|move|p2a: Registeel|Meteor Beam|p1a: Gengar|[from]lockedmove\n|-damage|p1a: Gengar|0 fnt\n|-start|p2a: Registeel|Disable|Meteor Beam|[from] ability: Cursed Body|[of] p1a: Gengar\n|faint|p1a: Gengar\n|\n|-heal|p2a: Registeel|100\/100|[from] item: Leftovers\n|upkeep\n|\n|t:|1699582068\n|switch|p1a: Tyranitar|Tyranitar, F|100\/100\n|-weather|Sandstorm|[from] ability: Sand Stream|[of] p1a: Tyranitar\n|turn|14\n|inactive|schoolteen has 90 seconds left.\n|\n|t:|1699582087\n|move|p1a: Tyranitar|Earthquake|p2a: Registeel\n|-supereffective|p2a: Registeel\n|-damage|p2a: Registeel|87\/100\n|move|p2a: Registeel|Iron Defense|p2a: Registeel\n|-boost|p2a: Registeel|def|0\n|\n|-weather|Sandstorm|[upkeep]\n|-heal|p2a: Registeel|93\/100|[from] item: Leftovers\n|upkeep\n|turn|15\n|inactive|schoolteen has 90 seconds left.\n|\n|t:|1699582103\n|move|p1a: Tyranitar|Rock Polish|p1a: Tyranitar\n|-boost|p1a: Tyranitar|spe|2\n|move|p2a: Registeel|Amnesia|p2a: Registeel\n|-boost|p2a: Registeel|spd|0\n|\n|-weather|Sandstorm|[upkeep]\n|-heal|p2a: Registeel|99\/100|[from] item: Leftovers\n|upkeep\n|turn|16\n|inactive|schoolteen has 90 seconds left.\n|\n|t:|1699582113\n|move|p1a: Tyranitar|Earthquake|p2a: Registeel\n|-supereffective|p2a: Registeel\n|-damage|p2a: Registeel|85\/100\n|move|p2a: Registeel|Iron Defense|p2a: Registeel\n|-boost|p2a: Registeel|def|0\n|\n|-weather|Sandstorm|[upkeep]\n|-heal|p2a: Registeel|91\/100|[from] item: Leftovers\n|-end|p2a: Registeel|Disable\n|upkeep\n|turn|17\n|\n|t:|1699582126\n|switch|p1a: Trevenant|Trevenant, F, shiny|100\/100\n|move|p2a: Registeel|Meteor Beam||[still]\n|-prepare|p2a: Registeel|Meteor Beam\n|-boost|p2a: Registeel|spa|1\n|\n|-weather|Sandstorm|[upkeep]\n|-damage|p1a: Trevenant|94\/100|[from] Sandstorm\n|-heal|p2a: Registeel|97\/100|[from] item: Leftovers\n|upkeep\n|turn|18\n|\n|t:|1699582138\n|move|p1a: Trevenant|Substitute|p1a: Trevenant\n|-start|p1a: Trevenant|Substitute\n|-damage|p1a: Trevenant|69\/100\n|move|p2a: Registeel|Meteor Beam|p1a: Trevenant|[from]lockedmove\n|-crit|p1a: Trevenant\n|-end|p1a: Trevenant|Substitute\n|\n|-weather|none\n|-heal|p2a: Registeel|100\/100|[from] item: Leftovers\n|upkeep\n|turn|19\n|\n|t:|1699582150\n|move|p1a: Trevenant|Substitute|p1a: Trevenant\n|-start|p1a: Trevenant|Substitute\n|-damage|p1a: Trevenant|45\/100\n|move|p2a: Registeel|Meteor Beam||[still]\n|-prepare|p2a: Registeel|Meteor Beam\n|-boost|p2a: Registeel|spa|1\n|\n|upkeep\n|turn|20\n|inactive|schoolteen has 90 seconds left.\n|\n|t:|1699582175\n|move|p1a: Trevenant|Leech Seed|p2a: Registeel\n|-start|p2a: Registeel|move: Leech Seed\n|move|p2a: Registeel|Meteor Beam|p1a: Trevenant|[from]lockedmove\n|-end|p1a: Trevenant|Substitute\n|\n|-damage|p2a: Registeel|88\/100|[from] Leech Seed|[of] p1a: Trevenant\n|-heal|p1a: Trevenant|55\/100|[silent]\n|upkeep\n|turn|21\n|\n|t:|1699582201\n|move|p1a: Trevenant|Substitute|p1a: Trevenant\n|-start|p1a: Trevenant|Substitute\n|-damage|p1a: Trevenant|30\/100\n|move|p2a: Registeel|Meteor Beam||[still]\n|-prepare|p2a: Registeel|Meteor Beam\n|-boost|p2a: Registeel|spa|1\n|\n|-heal|p2a: Registeel|94\/100|[from] item: Leftovers\n|-damage|p2a: Registeel|82\/100|[from] Leech Seed|[of] p1a: Trevenant\n|-heal|p1a: Trevenant|40\/100|[silent]\n|upkeep\n|turn|22\n|\n|t:|1699582212\n|move|p1a: Trevenant|Sucker Punch|p2a: Registeel\n|-damage|p2a: Registeel|79\/100\n|move|p2a: Registeel|Meteor Beam|p1a: Trevenant|[from]lockedmove\n|-end|p1a: Trevenant|Substitute\n|\n|-heal|p2a: Registeel|85\/100|[from] item: Leftovers\n|-damage|p2a: Registeel|72\/100|[from] Leech Seed|[of] p1a: Trevenant\n|-heal|p1a: Trevenant|49\/100|[silent]\n|upkeep\n|turn|23\n|\n|t:|1699582228\n|move|p1a: Trevenant|Substitute|p1a: Trevenant\n|-start|p1a: Trevenant|Substitute\n|-damage|p1a: Trevenant|25\/100\n|-enditem|p1a: Trevenant|Aguav Berry|[eat]\n|-heal|p1a: Trevenant|58\/100|[from] item: Aguav Berry\n|move|p2a: Registeel|Meteor Beam||[still]\n|-prepare|p2a: Registeel|Meteor Beam\n|-boost|p2a: Registeel|spa|1\n|\n|-heal|p2a: Registeel|78\/100|[from] item: Leftovers\n|-damage|p2a: Registeel|66\/100|[from] Leech Seed|[of] p1a: Trevenant\n|-heal|p1a: Trevenant|68\/100|[silent]\n|-item|p1a: Trevenant|Aguav Berry|[from] ability: Harvest\n|upkeep\n|turn|24\n|inactive|schoolteen has 60 seconds left.\n|\n|t:|1699582262\n|move|p1a: Trevenant|Wood Hammer|p2a: Registeel\n|-resisted|p2a: Registeel\n|-damage|p2a: Registeel|62\/100\n|-damage|p1a: Trevenant|67\/100|[from] Recoil\n|move|p2a: Registeel|Meteor Beam|p1a: Trevenant|[from]lockedmove\n|-end|p1a: Trevenant|Substitute\n|\n|-heal|p2a: Registeel|68\/100|[from] item: Leftovers\n|-damage|p2a: Registeel|56\/100|[from] Leech Seed|[of] p1a: Trevenant\n|-heal|p1a: Trevenant|76\/100|[silent]\n|upkeep\n|turn|25\n|\n|t:|1699582273\n|move|p1a: Trevenant|Substitute|p1a: Trevenant\n|-start|p1a: Trevenant|Substitute\n|-damage|p1a: Trevenant|52\/100\n|move|p2a: Registeel|Rest|p2a: Registeel\n|-status|p2a: Registeel|slp|[from] move: Rest\n|-heal|p2a: Registeel|100\/100 slp|[silent]\n|\n|-damage|p2a: Registeel|88\/100 slp|[from] Leech Seed|[of] p1a: Trevenant\n|-heal|p1a: Trevenant|61\/100|[silent]\n|upkeep\n|turn|26\n|\n|t:|1699582299\n|move|p1a: Trevenant|Wood Hammer|p2a: Registeel\n|-resisted|p2a: Registeel\n|-damage|p2a: Registeel|85\/100 slp\n|-damage|p1a: Trevenant|60\/100|[from] Recoil\n|cant|p2a: Registeel|slp\n|\n|-heal|p2a: Registeel|91\/100 slp|[from] item: Leftovers\n|-damage|p2a: Registeel|78\/100 slp|[from] Leech Seed|[of] p1a: Trevenant\n|-heal|p1a: Trevenant|70\/100|[silent]\n|upkeep\n|turn|27\n|\n|t:|1699582313\n|move|p1a: Trevenant|Wood Hammer|p2a: Registeel\n|-resisted|p2a: Registeel\n|-damage|p2a: Registeel|74\/100 slp\n|-damage|p1a: Trevenant|69\/100|[from] Recoil\n|cant|p2a: Registeel|slp\n|\n|-heal|p2a: Registeel|80\/100 slp|[from] item: Leftovers\n|-damage|p2a: Registeel|68\/100 slp|[from] Leech Seed|[of] p1a: Trevenant\n|-heal|p1a: Trevenant|79\/100|[silent]\n|upkeep\n|turn|28\n|\n|t:|1699582324\n|move|p1a: Trevenant|Wood Hammer|p2a: Registeel\n|-resisted|p2a: Registeel\n|-damage|p2a: Registeel|64\/100 slp\n|-damage|p1a: Trevenant|78\/100|[from] Recoil\n|-curestatus|p2a: Registeel|slp|[msg]\n|move|p2a: Registeel|Meteor Beam||[still]\n|-prepare|p2a: Registeel|Meteor Beam\n|-boost|p2a: Registeel|spa|0\n|\n|-heal|p2a: Registeel|70\/100|[from] item: Leftovers\n|-damage|p2a: Registeel|58\/100|[from] Leech Seed|[of] p1a: Trevenant\n|-heal|p1a: Trevenant|88\/100|[silent]\n|upkeep\n|turn|29\n|\n|t:|1699582337\n|move|p1a: Trevenant|Sucker Punch|p2a: Registeel\n|-damage|p2a: Registeel|54\/100\n|move|p2a: Registeel|Meteor Beam|p1a: Trevenant|[from]lockedmove\n|-end|p1a: Trevenant|Substitute\n|\n|-heal|p2a: Registeel|60\/100|[from] item: Leftovers\n|-damage|p2a: Registeel|48\/100|[from] Leech Seed|[of] p1a: Trevenant\n|-heal|p1a: Trevenant|98\/100|[silent]\n|upkeep\n|turn|30\n|inactive|schoolteen has 30 seconds left.\n|\n|t:|1699582366\n|move|p1a: Trevenant|Substitute|p1a: Trevenant\n|-start|p1a: Trevenant|Substitute\n|-damage|p1a: Trevenant|73\/100\n|move|p2a: Registeel|Rest|p2a: Registeel\n|-status|p2a: Registeel|slp|[from] move: Rest\n|-heal|p2a: Registeel|100\/100 slp|[silent]\n|\n|-damage|p2a: Registeel|88\/100 slp|[from] Leech Seed|[of] p1a: Trevenant\n|-heal|p1a: Trevenant|83\/100|[silent]\n|upkeep\n|turn|31\n|inactive|schoolteen has 30 seconds left.\n|\n|t:|1699582382\n|switch|p2a: Arbok|Arbok, F|100\/100\n|-ability|p2a: Arbok|Intimidate|boost\n|-immune|p1a: Trevenant\n|move|p1a: Trevenant|Wood Hammer|p2a: Arbok\n|-resisted|p2a: Arbok\n|-damage|p2a: Arbok|66\/100\n|-damage|p1a: Trevenant|75\/100|[from] Recoil\n|\n|upkeep\n|turn|32\n|inactive|schoolteen has 30 seconds left.\n|\n|t:|1699582394\n|move|p1a: Trevenant|Sucker Punch|p2a: Arbok\n|-damage|p2a: Arbok|40\/100\n|move|p2a: Arbok|Poison Fang|p1a: Trevenant\n|-crit|p1a: Trevenant\n|-end|p1a: Trevenant|Substitute\n|\n|upkeep\n|turn|33\n|inactive|schoolteen has 30 seconds left.\n|\n|t:|1699582413\n|switch|p1a: Tauros|Tauros-Paldea-Aqua, M|100\/100\n|-zpower|p2a: Arbok\n|move|p2a: Arbok|Acid Downpour|p1a: Tauros|[zeffect]\n|-crit|p1a: Tauros\n|-damage|p1a: Tauros|29\/100\n|-enditem|p1a: Tauros|Sitrus Berry|[eat]\n|-heal|p1a: Tauros|54\/100|[from] item: Sitrus Berry\n|\n|upkeep\n|turn|34\n|inactive|schoolteen has 30 seconds left.\n|\n|t:|1699582429\n|move|p1a: Tauros|Raging Bull|p2a: Arbok\n|-damage|p2a: Arbok|0 fnt\n|faint|p2a: Arbok\n|\n|-activate|p1a: Tauros|ability: Cud Chew\n|-enditem|p1a: Tauros|Sitrus Berry|[eat]\n|-heal|p1a: Tauros|79\/100|[from] item: Sitrus Berry\n|upkeep\n|inactive|schoolteen has 30 seconds left this turn.\n|\n|t:|1699582437\n|switch|p2a: Manectric|Manectric, F|100\/100\n|turn|35\n|inactive|schoolteen has 30 seconds left.\n|\n|t:|1699582443\n|detailschange|p2a: Manectric|Manectric-Mega, F\n|-mega|p2a: Manectric|Manectric|Manectite\n|-ability|p2a: Manectric|Intimidate|boost\n|-unboost|p1a: Tauros|atk|1\n|move|p2a: Manectric|Hidden Power|p1a: Tauros\n|-resisted|p1a: Tauros\n|-damage|p1a: Tauros|59\/100\n|move|p1a: Tauros|Earthquake|p2a: Manectric\n|-supereffective|p2a: Manectric\n|-damage|p2a: Manectric|42\/100\n|\n|upkeep\n|turn|36\n|inactive|schoolteen has 30 seconds left.\n|\n|t:|1699582454\n|move|p2a: Manectric|Discharge|p1a: Tauros\n|-supereffective|p1a: Tauros\n|-damage|p1a: Tauros|0 fnt\n|faint|p1a: Tauros\n|\n|upkeep\n|\n|t:|1699582459\n|switch|p1a: Flygon|Flygon, F|100\/100\n|turn|37\n|\n|t:|1699582466\n|move|p2a: Manectric|Hidden Power|p1a: Flygon\n|-supereffective|p1a: Flygon\n|-damage|p1a: Flygon|0 fnt\n|faint|p1a: Flygon\n|\n|upkeep\n|\n|t:|1699582476\n|switch|p1a: Tyranitar|Tyranitar, F|100\/100\n|-weather|Sandstorm|[from] ability: Sand Stream|[of] p1a: Tyranitar\n|turn|38\n|\n|t:|1699582486\n|move|p2a: Manectric|Volt Switch|p1a: Tyranitar\n|-damage|p1a: Tyranitar|81\/100\n|\n|t:|1699582494\n|switch|p2a: Kingler|Kingler, M|100\/100|[from] Volt Switch\n|move|p1a: Tyranitar|Earthquake|p2a: Kingler\n|-damage|p2a: Kingler|52\/100\n|\n|-weather|Sandstorm|[upkeep]\n|-damage|p2a: Kingler|46\/100|[from] Sandstorm\n|-heal|p1a: Tyranitar|87\/100|[from] item: Leftovers\n|upkeep\n|turn|39\n|\n|t:|1699582506\n|-terastallize|p2a: Kingler|Water\n|move|p2a: Kingler|Crabhammer|p1a: Tyranitar\n|-supereffective|p1a: Tyranitar\n|-damage|p1a: Tyranitar|0 fnt\n|faint|p1a: Tyranitar\n|\n|-weather|Sandstorm|[upkeep]\n|-damage|p2a: Kingler|40\/100|[from] Sandstorm\n|upkeep\n|\n|t:|1699582514\n|switch|p1a: Trevenant|Trevenant, F, shiny|75\/100\n|turn|40\n|inactive|schoolteen has 60 seconds left.\n|\n|t:|1699582526\n|switch|p2a: Registeel|Registeel|88\/100 slp\n|move|p1a: Trevenant|Substitute|p1a: Trevenant\n|-start|p1a: Trevenant|Substitute\n|-damage|p1a: Trevenant|50\/100\n|\n|-weather|Sandstorm|[upkeep]\n|-damage|p1a: Trevenant|44\/100|[from] Sandstorm\n|-heal|p2a: Registeel|94\/100 slp|[from] item: Leftovers\n|upkeep\n|turn|41\n|inactive|schoolteen has 60 seconds left.\n|\n|t:|1699582541\n|move|p1a: Trevenant|Leech Seed|p2a: Registeel\n|-start|p2a: Registeel|move: Leech Seed\n|cant|p2a: Registeel|slp\n|\n|-weather|Sandstorm|[upkeep]\n|-damage|p1a: Trevenant|38\/100|[from] Sandstorm\n|-heal|p2a: Registeel|99\/100 slp|[from] item: Leftovers\n|-damage|p2a: Registeel|88\/100 slp|[from] Leech Seed|[of] p1a: Trevenant\n|-heal|p1a: Trevenant|48\/100|[silent]\n|upkeep\n|turn|42\n|inactive|schoolteen has 60 seconds left.\n|\n|t:|1699582550\n|switch|p1a: Typhlosion|Typhlosion-Hisui, F|100\/100\n|switch|p2a: Manectric|Manectric-Mega, F|42\/100\n|-ability|p2a: Manectric|Intimidate|boost\n|-unboost|p1a: Typhlosion|atk|1\n|\n|-weather|none\n|upkeep\n|turn|43\n|\n|t:|1699582559\n|move|p2a: Manectric|Discharge|p1a: Typhlosion\n|-damage|p1a: Typhlosion|47\/100\n|move|p1a: Typhlosion|Earthquake|p2a: Manectric\n|-supereffective|p2a: Manectric\n|-damage|p2a: Manectric|4\/100\n|\n|upkeep\n|turn|44\n|\n|t:|1699582572\n|move|p2a: Manectric|Discharge|p1a: Typhlosion\n|-damage|p1a: Typhlosion|0 fnt\n|faint|p1a: Typhlosion\n|\n|upkeep\n|\n|t:|1699582576\n|switch|p1a: Trevenant|Trevenant, F, shiny|48\/100\n|turn|45\n|\n|t:|1699582583\n|move|p1a: Trevenant|Sucker Punch|p2a: Manectric\n|-damage|p2a: Manectric|0 fnt\n|faint|p2a: Manectric\n|\n|upkeep\n|\n|t:|1699582595\n|switch|p2a: Kingler|Kingler, M, tera:Water|40\/100\n|turn|46\n|\n|t:|1699582602\n|move|p2a: Kingler|High Horsepower|p1a: Trevenant\n|-resisted|p1a: Trevenant\n|-damage|p1a: Trevenant|28\/100\n|move|p1a: Trevenant|Wood Hammer|p2a: Kingler\n|-supereffective|p2a: Kingler\n|-damage|p2a: Kingler|0 fnt\n|faint|p2a: Kingler\n|-damage|p1a: Trevenant|19\/100|[from] Recoil\n|-enditem|p1a: Trevenant|Aguav Berry|[eat]\n|-heal|p1a: Trevenant|52\/100|[from] item: Aguav Berry\n|\n|-item|p1a: Trevenant|Aguav Berry|[from] ability: Harvest\n|upkeep\n|inactive|schoolteen has 60 seconds left.\n|\n|t:|1699582627\n|switch|p2a: Hakamo-o|Hakamo-o, F|100\/100\n|turn|47\n|inactive|schoolteen has 60 seconds left.\n|inactive|schoolteen has 30 seconds left.\n|\n|t:|1699582665\n|move|p2a: Hakamo-o|Dragon Dance|p2a: Hakamo-o\n|-boost|p2a: Hakamo-o|atk|1\n|-boost|p2a: Hakamo-o|spe|1\n|move|p1a: Trevenant|Leech Seed|p2a: Hakamo-o\n|-start|p2a: Hakamo-o|move: Leech Seed\n|\n|-damage|p2a: Hakamo-o|88\/100|[from] Leech Seed|[of] p1a: Trevenant\n|-heal|p1a: Trevenant|60\/100|[silent]\n|upkeep\n|turn|48\n|inactive|schoolteen has 30 seconds left.\n|\n|t:|1699582681\n|move|p2a: Hakamo-o|Iron Head|p1a: Trevenant\n|-damage|p1a: Trevenant|26\/100\n|move|p1a: Trevenant|Substitute|p1a: Trevenant\n|-start|p1a: Trevenant|Substitute\n|-damage|p1a: Trevenant|1\/100\n|-enditem|p1a: Trevenant|Aguav Berry|[eat]\n|-heal|p1a: Trevenant|34\/100|[from] item: Aguav Berry\n|\n|-damage|p2a: Hakamo-o|76\/100|[from] Leech Seed|[of] p1a: Trevenant\n|-heal|p1a: Trevenant|43\/100|[silent]\n|upkeep\n|turn|49\n|inactive|schoolteen has 30 seconds left.\n|\n|t:|1699582697\n|move|p2a: Hakamo-o|Iron Head|p1a: Trevenant\n|-end|p1a: Trevenant|Substitute\n|move|p1a: Trevenant|Wood Hammer|p2a: Hakamo-o\n|-resisted|p2a: Hakamo-o\n|-damage|p2a: Hakamo-o|43\/100\n|-damage|p1a: Trevenant|36\/100|[from] Recoil\n|\n|-damage|p2a: Hakamo-o|31\/100|[from] Leech Seed|[of] p1a: Trevenant\n|-heal|p1a: Trevenant|44\/100|[silent]\n|-item|p1a: Trevenant|Aguav Berry|[from] ability: Harvest\n|upkeep\n|turn|50\n|inactive|schoolteen has 30 seconds left.\n|\n|t:|1699582710\n|move|p1a: Trevenant|Sucker Punch|p2a: Hakamo-o\n|-resisted|p2a: Hakamo-o\n|-damage|p2a: Hakamo-o|18\/100\n|move|p2a: Hakamo-o|Iron Head|p1a: Trevenant\n|-damage|p1a: Trevenant|8\/100\n|-enditem|p1a: Trevenant|Aguav Berry|[eat]\n|-heal|p1a: Trevenant|41\/100|[from] item: Aguav Berry\n|\n|-damage|p2a: Hakamo-o|6\/100|[from] Leech Seed|[of] p1a: Trevenant\n|-heal|p1a: Trevenant|50\/100|[silent]\n|upkeep\n|turn|51\n|inactive|schoolteen has 30 seconds left.\n|inactive|schoolteen has 20 seconds left.\n|inactive|schoolteen has 15 seconds left.\n|\n|t:|1699582731\n|move|p2a: Hakamo-o|Iron Head|p1a: Trevenant\n|-damage|p1a: Trevenant|13\/100\n|move|p1a: Trevenant|Substitute|p1a: Trevenant\n|-fail|p1a: Trevenant|move: Substitute|[weak]\n|\n|-damage|p2a: Hakamo-o|0 fnt|[from] Leech Seed|[of] p1a: Trevenant\n|-heal|p1a: Trevenant|17\/100|[silent]\n|faint|p2a: Hakamo-o\n|-item|p1a: Trevenant|Aguav Berry|[from] ability: Harvest\n|upkeep\n|-enditem|p1a: Trevenant|Aguav Berry|[eat]\n|-heal|p1a: Trevenant|50\/100|[from] item: Aguav Berry\n|inactive|schoolteen has 20 seconds left this turn.\n|inactive|schoolteen has 15 seconds left.\n|inactive|schoolteen has 10 seconds left.\n|\n|t:|1699582741\n|switch|p2a: Registeel|Registeel|88\/100 slp\n|turn|52\n|inactive|schoolteen has 20 seconds left this turn.\n|inactive|schoolteen has 15 seconds left.\n|\n|t:|1699582751\n|move|p1a: Trevenant|Leech Seed|p2a: Registeel\n|-start|p2a: Registeel|move: Leech Seed\n|cant|p2a: Registeel|slp\n|\n|-heal|p2a: Registeel|94\/100 slp|[from] item: Leftovers\n|-damage|p2a: Registeel|82\/100 slp|[from] Leech Seed|[of] p1a: Trevenant\n|-heal|p1a: Trevenant|60\/100|[silent]\n|-item|p1a: Trevenant|Aguav Berry|[from] ability: Harvest\n|upkeep\n|turn|53\n|inactive|schoolteen has 25 seconds left this turn.\n|inactive|schoolteen has 20 seconds left.\n|\n|t:|1699582759\n|move|p1a: Trevenant|Substitute|p1a: Trevenant\n|-start|p1a: Trevenant|Substitute\n|-damage|p1a: Trevenant|35\/100\n|-curestatus|p2a: Registeel|slp|[msg]\n|move|p2a: Registeel|Meteor Beam||[still]\n|-prepare|p2a: Registeel|Meteor Beam\n|-boost|p2a: Registeel|spa|1\n|\n|-heal|p2a: Registeel|88\/100|[from] item: Leftovers\n|-damage|p2a: Registeel|75\/100|[from] Leech Seed|[of] p1a: Trevenant\n|-heal|p1a: Trevenant|45\/100|[silent]\n|upkeep\n|turn|54\n|inactive|schoolteen has 30 seconds left this turn.\n|inactive|schoolteen has 20 seconds left.\n|inactive|schoolteen has 15 seconds left.\n|\n|t:|1699582775\n|move|p1a: Trevenant|Sucker Punch|p2a: Registeel\n|-damage|p2a: Registeel|63\/100\n|move|p2a: Registeel|Meteor Beam|p1a: Trevenant|[from]lockedmove\n|-end|p1a: Trevenant|Substitute\n|\n|-heal|p2a: Registeel|69\/100|[from] item: Leftovers\n|-damage|p2a: Registeel|57\/100|[from] Leech Seed|[of] p1a: Trevenant\n|-heal|p1a: Trevenant|55\/100|[silent]\n|upkeep\n|turn|55\n|inactive|schoolteen has 25 seconds left this turn.\n|inactive|schoolteen has 20 seconds left.\n|inactive|schoolteen has 15 seconds left.\n|inactive|schoolteen has 10 seconds left.\n|\n|t:|1699582793\n|move|p1a: Trevenant|Substitute|p1a: Trevenant\n|-start|p1a: Trevenant|Substitute\n|-damage|p1a: Trevenant|30\/100\n|move|p2a: Registeel|Iron Defense|p2a: Registeel\n|-boost|p2a: Registeel|def|2\n|\n|-heal|p2a: Registeel|63\/100|[from] item: Leftovers\n|-damage|p2a: Registeel|51\/100|[from] Leech Seed|[of] p1a: Trevenant\n|-heal|p1a: Trevenant|40\/100|[silent]\n|upkeep\n|turn|56\n|inactive|schoolteen has 20 seconds left this turn.\n|inactive|schoolteen has 15 seconds left.\n|inactive|schoolteen has 10 seconds left.\n|inactive|schoolteen has 5 seconds left.\n|\n|t:|1699582810\n|move|p1a: Trevenant|Wood Hammer|p2a: Registeel\n|-resisted|p2a: Registeel\n|-damage|p2a: Registeel|44\/100\n|-damage|p1a: Trevenant|38\/100|[from] Recoil\n|move|p2a: Registeel|Rest|p2a: Registeel\n|-status|p2a: Registeel|slp|[from] move: Rest\n|-heal|p2a: Registeel|100\/100 slp|[silent]\n|\n|-damage|p2a: Registeel|88\/100 slp|[from] Leech Seed|[of] p1a: Trevenant\n|-heal|p1a: Trevenant|48\/100|[silent]\n|upkeep\n|turn|57\n|inactive|schoolteen has 15 seconds left this turn.\n|inactive|schoolteen has 10 seconds left.\n|inactive|schoolteen has 5 seconds left.\n|-message|schoolteen lost due to inactivity.\n|\n|win|Hexsexual\n|raw|Hexsexual's rating: 1000 &rarr; <strong>1042<\/strong><br \/>(+42 for winning)\n|raw|schoolteen's rating: 1018 &rarr; <strong>1005<\/strong><br \/>(-13 for losing)\n","uploadtime":1699582858,"views":4,"p1id":"hexsexual","p2id":"schoolteen","formatid":"gen9nationaldex","rating":1005,"private":0,"password":""}