{"id":"gen9nationaldex-1992041174","p1":"The power of ROCK","p2":"Amstan","format":"[Gen 9] National Dex","log":"|j|\u2606The power of ROCK\n|j|\u2606Amstan@!\n|t:|1700150119\n|gametype|singles\n|player|p1|The power of ROCK|roark|\n|player|p2|Amstan|lucas|\n|teamsize|p1|6\n|teamsize|p2|6\n|gen|9\n|tier|[Gen 9] National Dex\n|rule|HP Percentage Mod: HP is shown in percentages\n|rule|Endless Battle Clause: Forcing endless battles is banned\n|rule|OHKO Clause: OHKO moves are banned\n|rule|Evasion Clause: Evasion abilities, items, and moves are banned\n|rule|Evasion Abilities Clause: Evasion abilities are banned\n|rule|Evasion Items Clause: Evasion items are banned\n|rule|Evasion Moves Clause: Evasion moves are banned\n|rule|Species Clause: Limit one of each Pok\u00e9mon\n|rule|Sleep Clause Mod: Limit one foe put to sleep\n|clearpoke\n|poke|p1|Tyranitar, M|\n|poke|p1|Garganacl, M|\n|poke|p1|Aggron, M|\n|poke|p1|Cradily, F|\n|poke|p1|Glimmora, M|\n|poke|p1|Avalugg-Hisui, M|\n|poke|p2|Aegislash, F|\n|poke|p2|Kartana|\n|poke|p2|Zamazenta-*|\n|poke|p2|Slowking-Galar, M|\n|poke|p2|Alomomola, M|\n|poke|p2|Gliscor, M|\n|teampreview\n|c|\u2606Amstan|hf\n|c|\u2606The power of ROCK|Welcome to the ROCK gym\n|\n|t:|1700150165\n|start\n|switch|p1a: Tyranitar|Tyranitar, M|100\/100\n|switch|p2a: Gliscor|Gliscor, M|100\/100\n|-weather|Sandstorm|[from] ability: Sand Stream|[of] p1a: Tyranitar\n|turn|1\n|\n|t:|1700150248\n|move|p2a: Gliscor|Stealth Rock|p1a: Tyranitar\n|-sidestart|p1: The power of ROCK|move: Stealth Rock\n|move|p1a: Tyranitar|Knock Off|p2a: Gliscor\n|-damage|p2a: Gliscor|66\/100\n|-enditem|p2a: Gliscor|Toxic Orb|[from] move: Knock Off|[of] p1a: Tyranitar\n|\n|-weather|Sandstorm|[upkeep]\n|upkeep\n|turn|2\n|\n|t:|1700150264\n|switch|p1a: Avalugg|Avalugg-Hisui, M|100\/100\n|move|p2a: Gliscor|Toxic|p1a: Avalugg\n|-status|p1a: Avalugg|tox\n|\n|-weather|Sandstorm|[upkeep]\n|-damage|p1a: Avalugg|94\/100 tox|[from] psn\n|upkeep\n|turn|3\n|\n|t:|1700150271\n|switch|p2a: Alomomola|Alomomola, M|100\/100\n|move|p1a: Avalugg|Rapid Spin|p2a: Alomomola\n|-damage|p2a: Alomomola|92\/100\n|-boost|p1a: Avalugg|spe|1\n|-sideend|p1: The power of ROCK|Stealth Rock|[from] move: Rapid Spin|[of] p1a: Avalugg\n|\n|-weather|Sandstorm|[upkeep]\n|-damage|p2a: Alomomola|86\/100|[from] Sandstorm\n|-damage|p1a: Avalugg|82\/100 tox|[from] psn\n|upkeep\n|turn|4\n|\n|t:|1700150274\n|switch|p1a: Cradily|Cradily, F|100\/100\n|move|p2a: Alomomola|Flip Turn|p1a: Cradily\n|-ability|p1a: Cradily|Storm Drain|boost\n|-boost|p1a: Cradily|spa|1\n|\n|-weather|Sandstorm|[upkeep]\n|-damage|p2a: Alomomola|80\/100|[from] Sandstorm\n|upkeep\n|turn|5\n|\n|t:|1700150277\n|move|p2a: Alomomola|Toxic|p1a: Cradily|[miss]\n|-miss|p2a: Alomomola|p1a: Cradily\n|move|p1a: Cradily|Infestation|p2a: Alomomola\n|-damage|p2a: Alomomola|75\/100\n|-activate|p2a: Alomomola|move: Infestation|[of] p1a: Cradily\n|\n|-weather|none\n|-damage|p2a: Alomomola|58\/100|[from] move: Infestation|[partiallytrapped]\n|upkeep\n|turn|6\n|\n|t:|1700150281\n|move|p2a: Alomomola|Wish|p2a: Alomomola\n|move|p1a: Cradily|Block|p2a: Alomomola\n|-activate|p2a: Alomomola|trapped\n|\n|-damage|p2a: Alomomola|42\/100|[from] move: Infestation|[partiallytrapped]\n|upkeep\n|turn|7\n|\n|t:|1700150286\n|move|p2a: Alomomola|Toxic|p1a: Cradily\n|-status|p1a: Cradily|tox\n|move|p1a: Cradily|Leech Seed|p2a: Alomomola\n|-start|p2a: Alomomola|move: Leech Seed\n|\n|-heal|p2a: Alomomola|92\/100|[from] move: Wish|[wisher] Alomomola\n|-damage|p2a: Alomomola|79\/100|[from] Leech Seed|[of] p1a: Cradily\n|-damage|p1a: Cradily|94\/100 tox|[from] psn\n|-damage|p2a: Alomomola|63\/100|[from] move: Infestation|[partiallytrapped]\n|upkeep\n|turn|8\n|\n|t:|1700150295\n|move|p2a: Alomomola|Wish|p2a: Alomomola\n|move|p1a: Cradily|Infestation|p2a: Alomomola\n|-crit|p2a: Alomomola\n|-damage|p2a: Alomomola|55\/100\n|\n|-damage|p2a: Alomomola|42\/100|[from] Leech Seed|[of] p1a: Cradily\n|-heal|p1a: Cradily|100\/100 tox|[silent]\n|-damage|p1a: Cradily|88\/100 tox|[from] psn\n|-damage|p2a: Alomomola|26\/100|[from] move: Infestation|[partiallytrapped]\n|upkeep\n|turn|9\n|\n|t:|1700150302\n|move|p2a: Alomomola|Protect|p2a: Alomomola\n|-singleturn|p2a: Alomomola|Protect\n|move|p1a: Cradily|Infestation|p2a: Alomomola\n|-activate|p2a: Alomomola|move: Protect\n|\n|-heal|p2a: Alomomola|76\/100|[from] move: Wish|[wisher] Alomomola\n|-damage|p2a: Alomomola|63\/100|[from] Leech Seed|[of] p1a: Cradily\n|-heal|p1a: Cradily|100\/100 tox|[silent]\n|-damage|p1a: Cradily|82\/100 tox|[from] psn\n|-end|p2a: Alomomola|Infestation|[partiallytrapped]\n|upkeep\n|turn|10\n|\n|t:|1700150304\n|move|p2a: Alomomola|Wish|p2a: Alomomola\n|move|p1a: Cradily|Infestation|p2a: Alomomola\n|-damage|p2a: Alomomola|59\/100\n|-activate|p2a: Alomomola|move: Infestation|[of] p1a: Cradily\n|\n|-damage|p2a: Alomomola|46\/100|[from] Leech Seed|[of] p1a: Cradily\n|-heal|p1a: Cradily|98\/100 tox|[silent]\n|-damage|p1a: Cradily|73\/100 tox|[from] psn\n|-damage|p2a: Alomomola|30\/100|[from] move: Infestation|[partiallytrapped]\n|upkeep\n|turn|11\n|\n|t:|1700150309\n|move|p2a: Alomomola|Protect|p2a: Alomomola\n|-singleturn|p2a: Alomomola|Protect\n|move|p1a: Cradily|Infestation|p2a: Alomomola\n|-activate|p2a: Alomomola|move: Protect\n|\n|-heal|p2a: Alomomola|80\/100|[from] move: Wish|[wisher] Alomomola\n|-damage|p2a: Alomomola|67\/100|[from] Leech Seed|[of] p1a: Cradily\n|-heal|p1a: Cradily|89\/100 tox|[silent]\n|-damage|p1a: Cradily|58\/100 tox|[from] psn\n|-damage|p2a: Alomomola|50\/100|[from] move: Infestation|[partiallytrapped]\n|upkeep\n|turn|12\n|\n|t:|1700150311\n|move|p2a: Alomomola|Wish|p2a: Alomomola\n|move|p1a: Cradily|Infestation|p2a: Alomomola\n|-damage|p2a: Alomomola|46\/100\n|\n|-damage|p2a: Alomomola|33\/100|[from] Leech Seed|[of] p1a: Cradily\n|-heal|p1a: Cradily|74\/100 tox|[silent]\n|-damage|p1a: Cradily|37\/100 tox|[from] psn\n|-damage|p2a: Alomomola|17\/100|[from] move: Infestation|[partiallytrapped]\n|upkeep\n|turn|13\n|\n|t:|1700150314\n|move|p2a: Alomomola|Protect|p2a: Alomomola\n|-singleturn|p2a: Alomomola|Protect\n|move|p1a: Cradily|Rest|p1a: Cradily\n|-status|p1a: Cradily|slp|[from] move: Rest\n|-heal|p1a: Cradily|100\/100 slp|[silent]\n|\n|-heal|p2a: Alomomola|67\/100|[from] move: Wish|[wisher] Alomomola\n|-damage|p2a: Alomomola|54\/100|[from] Leech Seed|[of] p1a: Cradily\n|-damage|p2a: Alomomola|38\/100|[from] move: Infestation|[partiallytrapped]\n|upkeep\n|turn|14\n|\n|t:|1700150316\n|move|p2a: Alomomola|Wish|p2a: Alomomola\n|cant|p1a: Cradily|slp\n|\n|-damage|p2a: Alomomola|25\/100|[from] Leech Seed|[of] p1a: Cradily\n|-damage|p2a: Alomomola|9\/100|[from] move: Infestation|[partiallytrapped]\n|upkeep\n|turn|15\n|\n|t:|1700150319\n|move|p2a: Alomomola|Protect|p2a: Alomomola\n|-singleturn|p2a: Alomomola|Protect\n|cant|p1a: Cradily|slp\n|\n|-heal|p2a: Alomomola|59\/100|[from] move: Wish|[wisher] Alomomola\n|-damage|p2a: Alomomola|46\/100|[from] Leech Seed|[of] p1a: Cradily\n|-end|p2a: Alomomola|Infestation|[partiallytrapped]\n|upkeep\n|turn|16\n|\n|t:|1700150322\n|move|p2a: Alomomola|Wish|p2a: Alomomola\n|-curestatus|p1a: Cradily|slp|[msg]\n|move|p1a: Cradily|Infestation|p2a: Alomomola\n|-damage|p2a: Alomomola|41\/100\n|-activate|p2a: Alomomola|move: Infestation|[of] p1a: Cradily\n|\n|-damage|p2a: Alomomola|29\/100|[from] Leech Seed|[of] p1a: Cradily\n|-damage|p2a: Alomomola|12\/100|[from] move: Infestation|[partiallytrapped]\n|upkeep\n|turn|17\n|\n|t:|1700150326\n|move|p2a: Alomomola|Toxic|p1a: Cradily\n|-status|p1a: Cradily|tox\n|move|p1a: Cradily|Leech Seed||[still]\n|-fail|p1a: Cradily\n|\n|-heal|p2a: Alomomola|62\/100|[from] move: Wish|[wisher] Alomomola\n|-damage|p2a: Alomomola|50\/100|[from] Leech Seed|[of] p1a: Cradily\n|-damage|p1a: Cradily|94\/100 tox|[from] psn\n|-damage|p2a: Alomomola|33\/100|[from] move: Infestation|[partiallytrapped]\n|upkeep\n|turn|18\n|\n|t:|1700150334\n|move|p2a: Alomomola|Wish|p2a: Alomomola\n|move|p1a: Cradily|Infestation|p2a: Alomomola\n|-damage|p2a: Alomomola|28\/100\n|\n|-damage|p2a: Alomomola|16\/100|[from] Leech Seed|[of] p1a: Cradily\n|-heal|p1a: Cradily|100\/100 tox|[silent]\n|-damage|p1a: Cradily|88\/100 tox|[from] psn\n|-damage|p2a: Alomomola|0 fnt|[from] move: Infestation|[partiallytrapped]\n|faint|p2a: Alomomola\n|upkeep\n|\n|t:|1700150337\n|switch|p2a: Zamazenta|Zamazenta, shiny|100\/100\n|-ability|p2a: Zamazenta|Dauntless Shield|boost\n|-boost|p2a: Zamazenta|def|1\n|turn|19\n|j| Gyattebayo\n|\n|t:|1700150366\n|switch|p1a: Glimmora|Glimmora, M|100\/100\n|move|p2a: Zamazenta|Substitute|p2a: Zamazenta\n|-start|p2a: Zamazenta|Substitute\n|-damage|p2a: Zamazenta|75\/100\n|\n|-heal|p2a: Zamazenta|100\/100|[from] move: Wish|[wisher] Alomomola\n|upkeep\n|turn|20\n|\n|t:|1700150374\n|switch|p1a: Aggron|Aggron, M|100\/100\n|move|p2a: Zamazenta|Heavy Slam|p1a: Aggron\n|-damage|p1a: Aggron|95\/100\n|\n|upkeep\n|turn|21\n|\n|t:|1700150377\n|detailschange|p1a: Aggron|Aggron-Mega, M\n|-mega|p1a: Aggron|Aggron|Aggronite\n|move|p2a: Zamazenta|Iron Defense|p2a: Zamazenta\n|-boost|p2a: Zamazenta|def|2\n|move|p1a: Aggron|Iron Defense|p1a: Aggron\n|-boost|p1a: Aggron|def|2\n|\n|upkeep\n|turn|22\n|\n|t:|1700150380\n|move|p2a: Zamazenta|Iron Defense|p2a: Zamazenta\n|-boost|p2a: Zamazenta|def|2\n|move|p1a: Aggron|Iron Defense|p1a: Aggron\n|-boost|p1a: Aggron|def|2\n|\n|upkeep\n|turn|23\n|\n|t:|1700150382\n|move|p2a: Zamazenta|Iron Defense|p2a: Zamazenta\n|-boost|p2a: Zamazenta|def|1\n|move|p1a: Aggron|Iron Defense|p1a: Aggron\n|-boost|p1a: Aggron|def|2\n|\n|upkeep\n|turn|24\n|\n|t:|1700150383\n|move|p2a: Zamazenta|Body Press|p1a: Aggron\n|-supereffective|p1a: Aggron\n|-damage|p1a: Aggron|77\/100\n|move|p1a: Aggron|Body Press|p2a: Zamazenta\n|-end|p2a: Zamazenta|Substitute\n|\n|upkeep\n|turn|25\n|\n|t:|1700150387\n|move|p2a: Zamazenta|Body Press|p1a: Aggron\n|-supereffective|p1a: Aggron\n|-damage|p1a: Aggron|59\/100\n|move|p1a: Aggron|Body Press|p2a: Zamazenta\n|-damage|p2a: Zamazenta|62\/100\n|\n|-heal|p2a: Zamazenta|68\/100|[from] item: Leftovers\n|upkeep\n|turn|26\n|\n|t:|1700150389\n|move|p2a: Zamazenta|Body Press|p1a: Aggron\n|-supereffective|p1a: Aggron\n|-damage|p1a: Aggron|42\/100\n|move|p1a: Aggron|Body Press|p2a: Zamazenta\n|-damage|p2a: Zamazenta|31\/100\n|\n|-heal|p2a: Zamazenta|38\/100|[from] item: Leftovers\n|upkeep\n|turn|27\n|\n|t:|1700150391\n|move|p2a: Zamazenta|Body Press|p1a: Aggron\n|-supereffective|p1a: Aggron\n|-damage|p1a: Aggron|25\/100\n|move|p1a: Aggron|Rest|p1a: Aggron\n|-status|p1a: Aggron|slp|[from] move: Rest\n|-heal|p1a: Aggron|100\/100 slp|[silent]\n|\n|-heal|p2a: Zamazenta|44\/100|[from] item: Leftovers\n|upkeep\n|turn|28\n|\n|t:|1700150394\n|move|p2a: Zamazenta|Body Press|p1a: Aggron\n|-supereffective|p1a: Aggron\n|-damage|p1a: Aggron|83\/100 slp\n|cant|p1a: Aggron|slp\n|move|p1a: Aggron|Sleep Talk|p1a: Aggron\n|move|p1a: Aggron|Iron Defense|p1a: Aggron|[from]move: Sleep Talk\n|-boost|p1a: Aggron|def|0\n|\n|-heal|p2a: Zamazenta|50\/100|[from] item: Leftovers\n|upkeep\n|turn|29\n|\n|t:|1700150396\n|move|p2a: Zamazenta|Body Press|p1a: Aggron\n|-supereffective|p1a: Aggron\n|-damage|p1a: Aggron|64\/100 slp\n|cant|p1a: Aggron|slp\n|move|p1a: Aggron|Sleep Talk|p1a: Aggron\n|move|p1a: Aggron|Iron Defense|p1a: Aggron|[from]move: Sleep Talk\n|-boost|p1a: Aggron|def|0\n|\n|-heal|p2a: Zamazenta|56\/100|[from] item: Leftovers\n|upkeep\n|turn|30\n|\n|t:|1700150399\n|switch|p2a: Aegislash|Aegislash, F, shiny|100\/100\n|-curestatus|p1a: Aggron|slp|[msg]\n|move|p1a: Aggron|Body Press|p2a: Aegislash\n|-immune|p2a: Aegislash\n|\n|upkeep\n|turn|31\n|\n|t:|1700150407\n|switch|p1a: Garganacl|Garganacl, M|100\/100\n|-formechange|p2a: Aegislash|Aegislash-Blade||[from] ability: Stance Change\n|move|p2a: Aegislash|Close Combat|p1a: Garganacl\n|-supereffective|p1a: Garganacl\n|-damage|p1a: Garganacl|0 fnt\n|-unboost|p2a: Aegislash|def|1\n|-unboost|p2a: Aegislash|spd|1\n|faint|p1a: Garganacl\n|\n|upkeep\n|c|\u2606The power of ROCK|noooooooooooooooooooooooooooo\n|\n|t:|1700150414\n|switch|p1a: Glimmora|Glimmora, M|100\/100\n|turn|32\n|\n|t:|1700150417\n|switch|p2a: Slowking|Slowking-Galar, M, shiny|100\/100\n|move|p1a: Glimmora|Spikes|p2a: Slowking\n|-sidestart|p2: Amstan|Spikes\n|\n|upkeep\n|turn|33\n|c| Gyattebayo|rock his shit\n|c|\u2606The power of ROCK|its over i needed that\n|\n|t:|1700150443\n|move|p1a: Glimmora|Spikes|p2a: Slowking\n|-sidestart|p2: Amstan|Spikes\n|move|p2a: Slowking|Thunder Wave|p1a: Glimmora\n|-status|p1a: Glimmora|par\n|\n|upkeep\n|turn|34\n|\n|t:|1700150447\n|cant|p1a: Glimmora|par\n|move|p2a: Slowking|Future Sight|p1a: Glimmora\n|-start|p2a: Slowking|move: Future Sight\n|\n|upkeep\n|turn|35\n|\n|t:|1700150450\n|move|p1a: Glimmora|Spikes|p2a: Slowking\n|-sidestart|p2: Amstan|Spikes\n|move|p2a: Slowking|Chilly Reception|p2a: Slowking\n|-weather|Snow\n|\n|t:|1700150453\n|switch|p2a: Gliscor|Gliscor, M|66\/100|[from] Chilly Reception\n|\n|-weather|Snow|[upkeep]\n|upkeep\n|turn|36\n|\n|t:|1700150469\n|switch|p1a: Cradily|Cradily, F|88\/100 tox\n|move|p2a: Gliscor|Earthquake|p1a: Cradily\n|-damage|p1a: Cradily|66\/100 tox\n|\n|-weather|Snow|[upkeep]\n|-end|p1a: Cradily|move: Future Sight\n|-damage|p1a: Cradily|29\/100 tox\n|-damage|p1a: Cradily|23\/100 tox|[from] psn\n|upkeep\n|turn|37\n|\n|t:|1700150477\n|move|p2a: Gliscor|Earthquake|p1a: Cradily\n|-damage|p1a: Cradily|1\/100 tox\n|move|p1a: Cradily|Rest|p1a: Cradily\n|-status|p1a: Cradily|slp|[from] move: Rest\n|-heal|p1a: Cradily|100\/100 slp|[silent]\n|\n|-weather|Snow|[upkeep]\n|upkeep\n|turn|38\n|\n|t:|1700150481\n|switch|p2a: Aegislash|Aegislash, F, shiny|100\/100\n|-damage|p2a: Aegislash|76\/100|[from] Spikes\n|cant|p1a: Cradily|slp\n|\n|-weather|Snow|[upkeep]\n|upkeep\n|turn|39\n|\n|t:|1700150517\n|-terastallize|p1a: Cradily|Ghost\n|-formechange|p2a: Aegislash|Aegislash-Blade||[from] ability: Stance Change\n|move|p2a: Aegislash|Close Combat|p1a: Cradily\n|-immune|p1a: Cradily\n|cant|p1a: Cradily|slp\n|\n|-weather|none\n|upkeep\n|turn|40\n|\n|t:|1700150523\n|switch|p2a: Slowking|Slowking-Galar, M, shiny|100\/100\n|-curestatus|p1a: Cradily|slp|[msg]\n|move|p1a: Cradily|Infestation|p2a: Slowking\n|-damage|p2a: Slowking|98\/100\n|-activate|p2a: Slowking|move: Infestation|[of] p1a: Cradily\n|\n|-damage|p2a: Slowking|82\/100|[from] move: Infestation|[partiallytrapped]\n|upkeep\n|turn|41\n|\n|t:|1700150529\n|switch|p1a: Tyranitar|Tyranitar, M|100\/100\n|-weather|Sandstorm|[from] ability: Sand Stream|[of] p1a: Tyranitar\n|move|p2a: Slowking|Chilly Reception|p2a: Slowking\n|-weather|Snow\n|\n|t:|1700150542\n|switch|p2a: Gliscor|Gliscor, M|66\/100|[from] Chilly Reception\n|\n|-weather|Snow|[upkeep]\n|upkeep\n|turn|42\n|\n|t:|1700150547\n|switch|p1a: Cradily|Cradily, F, tera:Ghost|100\/100\n|move|p2a: Gliscor|Earthquake|p1a: Cradily\n|-damage|p1a: Cradily|78\/100\n|\n|-weather|Snow|[upkeep]\n|upkeep\n|turn|43\n|l| Gyattebayo\n|\n|t:|1700150551\n|switch|p2a: Aegislash|Aegislash, F, shiny|76\/100\n|-damage|p2a: Aegislash|51\/100|[from] Spikes\n|move|p1a: Cradily|Infestation|p2a: Aegislash\n|-resisted|p2a: Aegislash\n|-damage|p2a: Aegislash|50\/100\n|-activate|p2a: Aegislash|move: Infestation|[of] p1a: Cradily\n|\n|-weather|Snow|[upkeep]\n|-damage|p2a: Aegislash|33\/100|[from] move: Infestation|[partiallytrapped]\n|upkeep\n|turn|44\n|\n|t:|1700150560\n|switch|p1a: Avalugg|Avalugg-Hisui, M|82\/100 tox\n|-formechange|p2a: Aegislash|Aegislash-Blade||[from] ability: Stance Change\n|move|p2a: Aegislash|Shadow Claw|p1a: Avalugg\n|-damage|p1a: Avalugg|64\/100 tox\n|\n|-weather|Snow|[upkeep]\n|-damage|p1a: Avalugg|58\/100 tox|[from] psn\n|-end|p2a: Aegislash|Infestation|[partiallytrapped]|[silent]\n|upkeep\n|turn|45\n|\n|t:|1700150597\n|switch|p2a: Slowking|Slowking-Galar, M, shiny|100\/100\n|switch|p1a: Aggron|Aggron-Mega, M|64\/100\n|\n|-weather|none\n|upkeep\n|turn|46\n|\n|t:|1700150601\n|switch|p1a: Tyranitar|Tyranitar, M|100\/100\n|-weather|Sandstorm|[from] ability: Sand Stream|[of] p1a: Tyranitar\n|move|p2a: Slowking|Future Sight|p1a: Tyranitar\n|-start|p2a: Slowking|move: Future Sight\n|\n|-weather|Sandstorm|[upkeep]\n|-damage|p2a: Slowking|94\/100|[from] Sandstorm\n|upkeep\n|turn|47\n|\n|t:|1700150605\n|move|p1a: Tyranitar|Knock Off|p2a: Slowking\n|-supereffective|p2a: Slowking\n|-damage|p2a: Slowking|6\/100\n|-enditem|p2a: Slowking|Heavy-Duty Boots|[from] move: Knock Off|[of] p1a: Tyranitar\n|move|p2a: Slowking|Chilly Reception|p2a: Slowking\n|-weather|Snow\n|\n|t:|1700150614\n|switch|p2a: Gliscor|Gliscor, M|66\/100|[from] Chilly Reception\n|\n|-weather|Snow|[upkeep]\n|upkeep\n|turn|48\n|c|\u2606Amstan|idt i can break this\n|\n|t:|1700150623\n|switch|p1a: Avalugg|Avalugg-Hisui, M|58\/100 tox\n|move|p2a: Gliscor|Earthquake|p1a: Avalugg\n|-supereffective|p1a: Avalugg\n|-damage|p1a: Avalugg|41\/100 tox\n|\n|-weather|Snow|[upkeep]\n|-end|p1a: Avalugg|move: Future Sight\n|-damage|p1a: Avalugg|0 fnt\n|faint|p1a: Avalugg\n|upkeep\n|\n|t:|1700150625\n|switch|p1a: Cradily|Cradily, F, tera:Ghost|78\/100\n|turn|49\n|\n|t:|1700150634\n|move|p2a: Gliscor|Toxic|p1a: Cradily\n|-status|p1a: Cradily|tox\n|move|p1a: Cradily|Infestation|p2a: Gliscor\n|-resisted|p2a: Gliscor\n|-damage|p2a: Gliscor|65\/100\n|-activate|p2a: Gliscor|move: Infestation|[of] p1a: Cradily\n|\n|-weather|Snow|[upkeep]\n|-damage|p1a: Cradily|72\/100 tox|[from] psn\n|-damage|p2a: Gliscor|49\/100|[from] move: Infestation|[partiallytrapped]\n|upkeep\n|turn|50\n|\n|t:|1700150650\n|move|p2a: Gliscor|Stealth Rock|p1a: Cradily\n|-sidestart|p1: The power of ROCK|move: Stealth Rock\n|move|p1a: Cradily|Leech Seed|p2a: Gliscor\n|-start|p2a: Gliscor|move: Leech Seed\n|\n|-weather|Snow|[upkeep]\n|-damage|p2a: Gliscor|36\/100|[from] Leech Seed|[of] p1a: Cradily\n|-heal|p1a: Cradily|83\/100 tox|[silent]\n|-damage|p1a: Cradily|71\/100 tox|[from] psn\n|-damage|p2a: Gliscor|20\/100|[from] move: Infestation|[partiallytrapped]\n|upkeep\n|turn|51\n|\n|t:|1700150653\n|move|p2a: Gliscor|Roost|p2a: Gliscor\n|-heal|p2a: Gliscor|70\/100\n|-singleturn|p2a: Gliscor|move: Roost\n|move|p1a: Cradily|Rest|p1a: Cradily\n|-status|p1a: Cradily|slp|[from] move: Rest\n|-heal|p1a: Cradily|100\/100 slp|[silent]\n|\n|-weather|none\n|-damage|p2a: Gliscor|57\/100|[from] Leech Seed|[of] p1a: Cradily\n|-damage|p2a: Gliscor|41\/100|[from] move: Infestation|[partiallytrapped]\n|upkeep\n|turn|52\n|\n|t:|1700150658\n|move|p2a: Gliscor|Roost|p2a: Gliscor\n|-heal|p2a: Gliscor|91\/100\n|-singleturn|p2a: Gliscor|move: Roost\n|cant|p1a: Cradily|slp\n|\n|-damage|p2a: Gliscor|78\/100|[from] Leech Seed|[of] p1a: Cradily\n|-damage|p2a: Gliscor|62\/100|[from] move: Infestation|[partiallytrapped]\n|upkeep\n|turn|53\n|\n|t:|1700150661\n|move|p2a: Gliscor|Earthquake|p1a: Cradily\n|-damage|p1a: Cradily|77\/100 slp\n|cant|p1a: Cradily|slp\n|\n|-damage|p2a: Gliscor|49\/100|[from] Leech Seed|[of] p1a: Cradily\n|-heal|p1a: Cradily|89\/100 slp|[silent]\n|-end|p2a: Gliscor|Infestation|[partiallytrapped]\n|upkeep\n|turn|54\n|\n|t:|1700150665\n|move|p2a: Gliscor|Roost|p2a: Gliscor\n|-heal|p2a: Gliscor|99\/100\n|-singleturn|p2a: Gliscor|move: Roost\n|-curestatus|p1a: Cradily|slp|[msg]\n|move|p1a: Cradily|Infestation|p2a: Gliscor\n|-damage|p2a: Gliscor|96\/100\n|-activate|p2a: Gliscor|move: Infestation|[of] p1a: Cradily\n|\n|-damage|p2a: Gliscor|83\/100|[from] Leech Seed|[of] p1a: Cradily\n|-heal|p1a: Cradily|100\/100|[silent]\n|-damage|p2a: Gliscor|67\/100|[from] move: Infestation|[partiallytrapped]\n|upkeep\n|turn|55\n|\n|t:|1700150668\n|move|p2a: Gliscor|Toxic|p1a: Cradily\n|-status|p1a: Cradily|tox\n|move|p1a: Cradily|Block|p2a: Gliscor\n|-activate|p2a: Gliscor|trapped\n|\n|-damage|p2a: Gliscor|54\/100|[from] Leech Seed|[of] p1a: Cradily\n|-damage|p1a: Cradily|94\/100 tox|[from] psn\n|-damage|p2a: Gliscor|38\/100|[from] move: Infestation|[partiallytrapped]\n|upkeep\n|turn|56\n|\n|t:|1700150675\n|move|p2a: Gliscor|Roost|p2a: Gliscor\n|-heal|p2a: Gliscor|88\/100\n|-singleturn|p2a: Gliscor|move: Roost\n|move|p1a: Cradily|Infestation|p2a: Gliscor\n|-damage|p2a: Gliscor|85\/100\n|\n|-damage|p2a: Gliscor|73\/100|[from] Leech Seed|[of] p1a: Cradily\n|-heal|p1a: Cradily|100\/100 tox|[silent]\n|-damage|p1a: Cradily|88\/100 tox|[from] psn\n|-damage|p2a: Gliscor|56\/100|[from] move: Infestation|[partiallytrapped]\n|upkeep\n|turn|57\n|\n|t:|1700150682\n|move|p2a: Gliscor|Earthquake|p1a: Cradily\n|-damage|p1a: Cradily|68\/100 tox\n|move|p1a: Cradily|Infestation|p2a: Gliscor\n|-resisted|p2a: Gliscor\n|-damage|p2a: Gliscor|55\/100\n|\n|-damage|p2a: Gliscor|42\/100|[from] Leech Seed|[of] p1a: Cradily\n|-heal|p1a: Cradily|79\/100 tox|[silent]\n|-damage|p1a: Cradily|61\/100 tox|[from] psn\n|-damage|p2a: Gliscor|26\/100|[from] move: Infestation|[partiallytrapped]\n|upkeep\n|turn|58\n|\n|t:|1700150684\n|move|p2a: Gliscor|Roost|p2a: Gliscor\n|-heal|p2a: Gliscor|76\/100\n|-singleturn|p2a: Gliscor|move: Roost\n|move|p1a: Cradily|Rest|p1a: Cradily\n|-status|p1a: Cradily|slp|[from] move: Rest\n|-heal|p1a: Cradily|100\/100 slp|[silent]\n|\n|-damage|p2a: Gliscor|63\/100|[from] Leech Seed|[of] p1a: Cradily\n|-end|p2a: Gliscor|Infestation|[partiallytrapped]\n|upkeep\n|turn|59\n|\n|t:|1700150688\n|move|p2a: Gliscor|Earthquake|p1a: Cradily\n|-damage|p1a: Cradily|77\/100 slp\n|cant|p1a: Cradily|slp\n|\n|-damage|p2a: Gliscor|51\/100|[from] Leech Seed|[of] p1a: Cradily\n|-heal|p1a: Cradily|89\/100 slp|[silent]\n|upkeep\n|turn|60\n|\n|t:|1700150692\n|move|p2a: Gliscor|Earthquake|p1a: Cradily\n|-damage|p1a: Cradily|65\/100 slp\n|cant|p1a: Cradily|slp\n|\n|-damage|p2a: Gliscor|38\/100|[from] Leech Seed|[of] p1a: Cradily\n|-heal|p1a: Cradily|77\/100 slp|[silent]\n|upkeep\n|turn|61\n|\n|t:|1700150694\n|move|p2a: Gliscor|Roost|p2a: Gliscor\n|-heal|p2a: Gliscor|88\/100\n|-singleturn|p2a: Gliscor|move: Roost\n|-curestatus|p1a: Cradily|slp|[msg]\n|move|p1a: Cradily|Infestation|p2a: Gliscor\n|-damage|p2a: Gliscor|85\/100\n|-activate|p2a: Gliscor|move: Infestation|[of] p1a: Cradily\n|\n|-damage|p2a: Gliscor|73\/100|[from] Leech Seed|[of] p1a: Cradily\n|-heal|p1a: Cradily|89\/100|[silent]\n|-damage|p2a: Gliscor|56\/100|[from] move: Infestation|[partiallytrapped]\n|upkeep\n|turn|62\n|\n|t:|1700150698\n|move|p2a: Gliscor|Earthquake|p1a: Cradily\n|-damage|p1a: Cradily|65\/100\n|move|p1a: Cradily|Infestation|p2a: Gliscor\n|-resisted|p2a: Gliscor\n|-damage|p2a: Gliscor|55\/100\n|\n|-damage|p2a: Gliscor|43\/100|[from] Leech Seed|[of] p1a: Cradily\n|-heal|p1a: Cradily|77\/100|[silent]\n|-damage|p2a: Gliscor|26\/100|[from] move: Infestation|[partiallytrapped]\n|upkeep\n|turn|63\n|\n|t:|1700150705\n|move|p2a: Gliscor|Roost|p2a: Gliscor\n|-heal|p2a: Gliscor|76\/100\n|-singleturn|p2a: Gliscor|move: Roost\n|move|p1a: Cradily|Leech Seed||[still]\n|-fail|p1a: Cradily\n|\n|-damage|p2a: Gliscor|64\/100|[from] Leech Seed|[of] p1a: Cradily\n|-heal|p1a: Cradily|89\/100|[silent]\n|-damage|p2a: Gliscor|47\/100|[from] move: Infestation|[partiallytrapped]\n|upkeep\n|turn|64\n|\n|t:|1700150715\n|move|p2a: Gliscor|Toxic|p1a: Cradily|[miss]\n|-miss|p2a: Gliscor|p1a: Cradily\n|move|p1a: Cradily|Infestation|p2a: Gliscor\n|-resisted|p2a: Gliscor\n|-damage|p2a: Gliscor|46\/100\n|\n|-damage|p2a: Gliscor|33\/100|[from] Leech Seed|[of] p1a: Cradily\n|-heal|p1a: Cradily|100\/100|[silent]\n|-damage|p2a: Gliscor|17\/100|[from] move: Infestation|[partiallytrapped]\n|upkeep\n|turn|65\n|\n|t:|1700150719\n|move|p2a: Gliscor|Roost|p2a: Gliscor\n|-heal|p2a: Gliscor|67\/100\n|-singleturn|p2a: Gliscor|move: Roost\n|move|p1a: Cradily|Infestation|p2a: Gliscor\n|-damage|p2a: Gliscor|64\/100\n|\n|-damage|p2a: Gliscor|51\/100|[from] Leech Seed|[of] p1a: Cradily\n|-damage|p2a: Gliscor|35\/100|[from] move: Infestation|[partiallytrapped]\n|upkeep\n|turn|66\n|\n|t:|1700150740\n|switch|p1a: Aggron|Aggron-Mega, M|64\/100\n|-damage|p1a: Aggron|57\/100|[from] Stealth Rock\n|move|p2a: Gliscor|Toxic|p1a: Aggron\n|-immune|p1a: Aggron\n|\n|-damage|p2a: Gliscor|22\/100|[from] Leech Seed|[of] p1a: Aggron\n|-heal|p1a: Aggron|70\/100|[silent]\n|-end|p2a: Gliscor|Infestation|[partiallytrapped]\n|upkeep\n|turn|67\n|\n|t:|1700150749\n|switch|p2a: Slowking|Slowking-Galar, M, shiny|39\/100\n|-damage|p2a: Slowking|14\/100|[from] Spikes\n|move|p1a: Aggron|Iron Defense|p1a: Aggron\n|-boost|p1a: Aggron|def|2\n|\n|upkeep\n|turn|68\n|\n|t:|1700150752\n|move|p1a: Aggron|Body Press|p2a: Slowking\n|-resisted|p2a: Slowking\n|-damage|p2a: Slowking|0 fnt\n|faint|p2a: Slowking\n|\n|upkeep\n|\n|t:|1700150756\n|switch|p2a: Aegislash|Aegislash, F, shiny|33\/100\n|-damage|p2a: Aegislash|9\/100|[from] Spikes\n|turn|69\n|\n|t:|1700150769\n|switch|p1a: Glimmora|Glimmora, M|100\/100 par\n|-damage|p1a: Glimmora|88\/100 par|[from] Stealth Rock\n|-formechange|p2a: Aegislash|Aegislash-Blade||[from] ability: Stance Change\n|move|p2a: Aegislash|Shadow Claw|p1a: Glimmora\n|-damage|p1a: Glimmora|15\/100 par\n|-activate|p1a: Glimmora|ability: Toxic Debris\n|-sidestart|p2: Amstan|move: Toxic Spikes\n|\n|upkeep\n|turn|70\n|c|\u2606Amstan|ggs\n|-message|Amstan forfeited.\n|\n|win|The power of ROCK\n|c|\u2606The power of ROCK|gg\n|l|\u2606Amstan\n","uploadtime":1700150793,"views":4,"p1id":"thepowerofrock","p2id":"amstan","formatid":"gen9nationaldex","rating":0,"private":0,"password":""}