{"id":"gen9nationaldex-1992420247","p1":"mcelong","p2":"monkey kkkkk","format":"[Gen 9] National Dex","log":"|j|\u2606mcelong\n|j|\u2606monkey kkkkk\n|t:|1700185469\n|gametype|singles\n|player|p1|mcelong|266|1285\n|player|p2|monkey kkkkk|twins-gen4dp|1399\n|teamsize|p1|6\n|teamsize|p2|6\n|gen|9\n|tier|[Gen 9] National Dex\n|rated|\n|rule|HP Percentage Mod: HP is shown in percentages\n|rule|Endless Battle Clause: Forcing endless battles is banned\n|rule|OHKO Clause: OHKO moves are banned\n|rule|Evasion Clause: Evasion abilities, items, and moves are banned\n|rule|Evasion Abilities Clause: Evasion abilities are banned\n|rule|Evasion Items Clause: Evasion items are banned\n|rule|Evasion Moves Clause: Evasion moves are banned\n|rule|Species Clause: Limit one of each Pok\u00e9mon\n|rule|Sleep Clause Mod: Limit one foe put to sleep\n|clearpoke\n|poke|p1|Charizard, M|\n|poke|p1|Alomomola, M|\n|poke|p1|Ogerpon-Cornerstone, F|\n|poke|p1|Great Tusk|\n|poke|p1|Toxapex, F|\n|poke|p1|Moltres|\n|poke|p2|Hatterene, F|\n|poke|p2|Cresselia, F|\n|poke|p2|Porygon2|\n|poke|p2|Camerupt, F|\n|poke|p2|Ursaluna, F|\n|poke|p2|Amoonguss, M|\n|teampreview\n|inactive|Battle timer is ON: inactive players will automatically lose when time's up. (requested by monkey kkkkk)\n|\n|t:|1700185491\n|start\n|switch|p1a: Charizard|Charizard, M, shiny|100\/100\n|switch|p2a: Hatterene|Hatterene, F|100\/100\n|turn|1\n|\n|t:|1700185498\n|detailschange|p1a: Charizard|Charizard-Mega-Y, M, shiny\n|-mega|p1a: Charizard|Charizard|Charizardite Y\n|-weather|SunnyDay|[from] ability: Drought|[of] p1a: Charizard\n|move|p1a: Charizard|Weather Ball|p2a: Hatterene\n|-damage|p2a: Hatterene|22\/100\n|move|p2a: Hatterene|Trick Room|p2a: Hatterene\n|-fieldstart|move: Trick Room|[of] p2a: Hatterene\n|\n|-weather|SunnyDay|[upkeep]\n|upkeep\n|turn|2\n|\n|t:|1700185516\n|move|p2a: Hatterene|Misty Explosion|p1a: Charizard\n|-resisted|p1a: Charizard\n|-crit|p1a: Charizard\n|-damage|p1a: Charizard|60\/100\n|faint|p2a: Hatterene\n|move|p1a: Charizard|Weather Ball|p2: Hatterene|[notarget]\n|-fail|p1a: Charizard\n|\n|-weather|SunnyDay|[upkeep]\n|upkeep\n|\n|t:|1700185533\n|switch|p2a: Ursaluna|Ursaluna, F|100\/100\n|turn|3\n|\n|t:|1700185543\n|switch|p1a: Alomomola|Alomomola, M, shiny|100\/100\n|-terastallize|p2a: Ursaluna|Normal\n|move|p2a: Ursaluna|Facade|p1a: Alomomola\n|-damage|p1a: Alomomola|72\/100\n|\n|-weather|SunnyDay|[upkeep]\n|-status|p2a: Ursaluna|brn|[from] item: Flame Orb\n|upkeep\n|turn|4\n|\n|t:|1700185553\n|move|p1a: Alomomola|Protect|p1a: Alomomola\n|-singleturn|p1a: Alomomola|Protect\n|move|p2a: Ursaluna|Facade|p1a: Alomomola\n|-activate|p1a: Alomomola|move: Protect\n|\n|-weather|SunnyDay|[upkeep]\n|-damage|p2a: Ursaluna|94\/100 brn|[from] brn\n|upkeep\n|turn|5\n|\n|t:|1700185560\n|move|p2a: Ursaluna|Facade|p1a: Alomomola\n|-damage|p1a: Alomomola|0 fnt\n|faint|p1a: Alomomola\n|\n|-weather|none\n|-damage|p2a: Ursaluna|88\/100 brn|[from] brn\n|-fieldend|move: Trick Room\n|upkeep\n|\n|t:|1700185568\n|switch|p1a: Great Tusk|Great Tusk|100\/100\n|turn|6\n|\n|t:|1700185590\n|switch|p2a: Cresselia|Cresselia, F|100\/100\n|move|p1a: Great Tusk|Close Combat|p2a: Cresselia\n|-resisted|p2a: Cresselia\n|-damage|p2a: Cresselia|85\/100\n|-unboost|p1a: Great Tusk|def|1\n|-unboost|p1a: Great Tusk|spd|1\n|\n|upkeep\n|turn|7\n|inactive|mcelong has 120 seconds left.\n|\n|t:|1700185611\n|-zpower|p1a: Great Tusk\n|move|p1a: Great Tusk|Continental Crush|p2a: Cresselia|[zeffect]\n|-damage|p2a: Cresselia|51\/100\n|move|p2a: Cresselia|Trick Room|p2a: Cresselia\n|-fieldstart|move: Trick Room|[of] p2a: Cresselia\n|\n|upkeep\n|turn|8\n|inactive|mcelong has 120 seconds left.\n|\n|t:|1700185627\n|switch|p2a: Camerupt|Camerupt, F|100\/100\n|-end|p1a: Great Tusk|Protosynthesis|[silent]\n|switch|p1a: Charizard|Charizard-Mega-Y, M, shiny|60\/100\n|-weather|SunnyDay|[from] ability: Drought|[of] p1a: Charizard\n|\n|-weather|SunnyDay|[upkeep]\n|upkeep\n|turn|9\n|\n|t:|1700185633\n|switch|p1a: Toxapex|Toxapex, F, shiny|100\/100\n|detailschange|p2a: Camerupt|Camerupt-Mega, F\n|-mega|p2a: Camerupt|Camerupt|Cameruptite\n|move|p2a: Camerupt|Fire Blast|p1a: Toxapex|[miss]\n|-miss|p2a: Camerupt|p1a: Toxapex\n|\n|-weather|SunnyDay|[upkeep]\n|upkeep\n|turn|10\n|\n|t:|1700185644\n|move|p2a: Camerupt|Earth Power|p1a: Toxapex\n|-supereffective|p1a: Toxapex\n|-damage|p1a: Toxapex|11\/100\n|move|p1a: Toxapex|Toxic|p2a: Camerupt\n|-status|p2a: Camerupt|tox\n|\n|-weather|SunnyDay|[upkeep]\n|-heal|p1a: Toxapex|17\/100|[from] item: Leftovers\n|-damage|p2a: Camerupt|94\/100 tox|[from] psn\n|upkeep\n|turn|11\n|\n|t:|1700185656\n|switch|p1a: Moltres|Moltres, shiny|100\/100\n|move|p2a: Camerupt|Fire Blast|p1a: Moltres|[miss]\n|-miss|p2a: Camerupt|p1a: Moltres\n|\n|-weather|SunnyDay|[upkeep]\n|-damage|p2a: Camerupt|82\/100 tox|[from] psn\n|-fieldend|move: Trick Room\n|upkeep\n|turn|12\n|\n|t:|1700185665\n|move|p1a: Moltres|U-turn|p2a: Camerupt\n|-resisted|p2a: Camerupt\n|-damage|p2a: Camerupt|75\/100 tox\n|\n|t:|1700185678\n|switch|p1a: Ogerpon|Ogerpon-Cornerstone, F|100\/100|[from] U-turn\n|move|p2a: Camerupt|Fire Blast|p1a: Ogerpon\n|-ability|p1a: Ogerpon|Sturdy\n|-damage|p1a: Ogerpon|1\/100\n|\n|-weather|none\n|-damage|p2a: Camerupt|56\/100 tox|[from] psn\n|upkeep\n|turn|13\n|\n|t:|1700185692\n|switch|p2a: Amoonguss|Amoonguss, M|100\/100\n|-terastallize|p1a: Ogerpon|Rock\n|detailschange|p1a: Ogerpon|Ogerpon-Cornerstone-Tera, F, tera:Rock\n|-ability|p1a: Ogerpon|Embody Aspect (Cornerstone)|boost\n|-boost|p1a: Ogerpon|def|1\n|move|p1a: Ogerpon|Ivy Cudgel|p2a: Amoonguss|[anim] Ivy Cudgel Rock\n|-crit|p2a: Amoonguss\n|-damage|p2a: Amoonguss|14\/100\n|\n|upkeep\n|turn|14\n|\n|t:|1700185721\n|move|p1a: Ogerpon|Ivy Cudgel|p2a: Amoonguss|[anim] Ivy Cudgel Rock\n|-damage|p2a: Amoonguss|0 fnt\n|faint|p2a: Amoonguss\n|\n|upkeep\n|\n|t:|1700185726\n|switch|p2a: Porygon2|Porygon2|100\/100\n|-ability|p2a: Porygon2|Embody Aspect (Cornerstone)|[from] ability: Trace|[of] p1a: Ogerpon\n|turn|15\n|\n|t:|1700185739\n|move|p1a: Ogerpon|Ivy Cudgel|p2a: Porygon2|[anim] Ivy Cudgel Rock\n|-damage|p2a: Porygon2|63\/100\n|move|p2a: Porygon2|Trick Room|p2a: Porygon2\n|-fieldstart|move: Trick Room|[of] p2a: Porygon2\n|\n|upkeep\n|turn|16\n|\n|t:|1700185747\n|switch|p1a: Toxapex|Toxapex, F, shiny|50\/100\n|move|p2a: Porygon2|Teleport|p2a: Porygon2\n|\n|t:|1700185753\n|switch|p2a: Ursaluna|Ursaluna, F, tera:Normal|88\/100 brn|[from] Teleport\n|\n|-heal|p1a: Toxapex|57\/100|[from] item: Leftovers\n|-damage|p2a: Ursaluna|82\/100 brn|[from] brn\n|upkeep\n|turn|17\n|\n|t:|1700185761\n|switch|p1a: Moltres|Moltres, shiny|100\/100\n|move|p2a: Ursaluna|Facade|p1a: Moltres\n|-damage|p1a: Moltres|0 fnt\n|faint|p1a: Moltres\n|\n|-damage|p2a: Ursaluna|75\/100 brn|[from] brn\n|upkeep\n|\n|t:|1700185776\n|switch|p1a: Toxapex|Toxapex, F, shiny|90\/100\n|turn|18\n|\n|t:|1700185779\n|switch|p1a: Great Tusk|Great Tusk|100\/100\n|move|p2a: Ursaluna|Facade|p1a: Great Tusk\n|-damage|p1a: Great Tusk|0 fnt\n|faint|p1a: Great Tusk\n|-end|p1a: Great Tusk|Protosynthesis|[silent]\n|\n|-damage|p2a: Ursaluna|69\/100 brn|[from] brn\n|upkeep\n|\n|t:|1700185787\n|switch|p1a: Toxapex|Toxapex, F, shiny|100\/100\n|turn|19\n|\n|t:|1700185795\n|move|p2a: Ursaluna|Facade|p1a: Toxapex\n|-damage|p1a: Toxapex|0 fnt\n|faint|p1a: Toxapex\n|\n|-damage|p2a: Ursaluna|63\/100 brn|[from] brn\n|-fieldend|move: Trick Room\n|upkeep\n|\n|t:|1700185804\n|switch|p1a: Ogerpon|Ogerpon-Cornerstone-Tera, F, tera:Rock|1\/100\n|-ability|p1a: Ogerpon|Embody Aspect (Cornerstone)|boost\n|-boost|p1a: Ogerpon|def|1\n|turn|20\n|\n|t:|1700185823\n|switch|p2a: Camerupt|Camerupt-Mega, F|56\/100 tox\n|move|p1a: Ogerpon|Swords Dance|p1a: Ogerpon\n|-boost|p1a: Ogerpon|atk|2\n|\n|-damage|p2a: Camerupt|50\/100 tox|[from] psn\n|upkeep\n|turn|21\n|\n|t:|1700185835\n|move|p1a: Ogerpon|Ivy Cudgel|p2a: Camerupt|[anim] Ivy Cudgel Rock\n|-damage|p2a: Camerupt|0 fnt\n|faint|p2a: Camerupt\n|\n|upkeep\n|\n|t:|1700185846\n|switch|p2a: Cresselia|Cresselia, F|51\/100\n|turn|22\n|\n|t:|1700185854\n|move|p1a: Ogerpon|Ivy Cudgel|p2a: Cresselia|[anim] Ivy Cudgel Rock\n|-damage|p2a: Cresselia|0 fnt\n|faint|p2a: Cresselia\n|\n|upkeep\n|\n|t:|1700185856\n|switch|p2a: Porygon2|Porygon2|63\/100\n|-ability|p2a: Porygon2|Embody Aspect (Cornerstone)|[from] ability: Trace|[of] p1a: Ogerpon\n|turn|23\n|\n|t:|1700185870\n|move|p1a: Ogerpon|Ivy Cudgel|p2a: Porygon2|[anim] Ivy Cudgel Rock\n|-damage|p2a: Porygon2|0 fnt\n|faint|p2a: Porygon2\n|\n|upkeep\n|\n|t:|1700185873\n|switch|p2a: Ursaluna|Ursaluna, F, tera:Normal|63\/100 brn\n|turn|24\n|\n|t:|1700185876\n|move|p1a: Ogerpon|Ivy Cudgel|p2a: Ursaluna|[anim] Ivy Cudgel Rock\n|-damage|p2a: Ursaluna|0 fnt\n|faint|p2a: Ursaluna\n|\n|win|mcelong\n|raw|mcelong's rating: 1285 &rarr; <strong>1318<\/strong><br \/>(+33 for winning)\n|raw|monkey kkkkk's rating: 1399 &rarr; <strong>1373<\/strong><br \/>(-26 for losing)\n|l|\u2606monkey kkkkk\n","uploadtime":1700185883,"views":4,"p1id":"mcelong","p2id":"monkeykkkkk","formatid":"gen9nationaldex","rating":1318,"private":0,"password":""}