{"id":"gen9nationaldex-1995709229","p1":"Garbai","p2":"KijowDlaPolski","format":"[Gen 9] National Dex","log":"|html|<div class=\"broadcast-blue\"><strong>[Gen 9] National Dex is currently suspecting Sneasler! For information on how to participate check out the <a href=\"https:\/\/www.smogon.com\/forums\/threads\/sv-national-dex-suspect-8-just-dance.3731534\/\">suspect thread<\/a>.<\/strong><\/div>\n|j|\u2606Garbai\n|j|\u2606KijowDlaPolski\n|t:|1700595903\n|gametype|singles\n|player|p1|Garbai|alec-anime|\n|player|p2|KijowDlaPolski|thorton|\n|teamsize|p1|6\n|teamsize|p2|6\n|gen|9\n|tier|[Gen 9] National Dex\n|rule|HP Percentage Mod: HP is shown in percentages\n|rule|Endless Battle Clause: Forcing endless battles is banned\n|rule|OHKO Clause: OHKO moves are banned\n|rule|Evasion Clause: Evasion abilities, items, and moves are banned\n|rule|Evasion Abilities Clause: Evasion abilities are banned\n|rule|Evasion Items Clause: Evasion items are banned\n|rule|Evasion Moves Clause: Evasion moves are banned\n|rule|Species Clause: Limit one of each Pok\u00e9mon\n|rule|Sleep Clause Mod: Limit one foe put to sleep\n|clearpoke\n|poke|p1|Staraptor, M|\n|poke|p1|Wyrdeer, M|\n|poke|p1|Rotom-Frost|\n|poke|p1|Iron Valiant|\n|poke|p1|Cryogonal|\n|poke|p1|Muk, M|\n|poke|p2|Moltres|\n|poke|p2|Togetic, M|\n|poke|p2|Dedenne, M|\n|poke|p2|Bruxish, M|\n|poke|p2|Muk, M|\n|poke|p2|Probopass, M|\n|teampreview\n|j| Markdoubleb\n|c|\u2606KijowDlaPolski|glhf\n|c|\u2606Garbai|u2\n|\n|t:|1700595950\n|start\n|switch|p1a: Sentai|Iron Valiant|100\/100\n|switch|p2a: Probopass|Probopass, M, shiny|100\/100\n|turn|1\n|\n|t:|1700595954\n|move|p1a: Sentai|Substitute|p1a: Sentai\n|-start|p1a: Sentai|Substitute\n|-damage|p1a: Sentai|76\/100\n|move|p2a: Probopass|Thunder Wave||[still]\n|-fail|p2a: Probopass\n|\n|-heal|p1a: Sentai|82\/100|[from] item: Leftovers\n|upkeep\n|turn|2\n|\n|t:|1700595966\n|move|p1a: Sentai|Calm Mind|p1a: Sentai\n|-boost|p1a: Sentai|spa|1\n|-boost|p1a: Sentai|spd|1\n|move|p2a: Probopass|Body Press|p1a: Sentai\n|-resisted|p1a: Sentai\n|-activate|p1a: Sentai|move: Substitute|[damage]\n|\n|-heal|p1a: Sentai|88\/100|[from] item: Leftovers\n|upkeep\n|turn|3\n|\n|t:|1700595974\n|move|p1a: Sentai|Calm Mind|p1a: Sentai\n|-boost|p1a: Sentai|spa|1\n|-boost|p1a: Sentai|spd|1\n|move|p2a: Probopass|Body Press|p1a: Sentai\n|-resisted|p1a: Sentai\n|-end|p1a: Sentai|Substitute\n|\n|-heal|p1a: Sentai|94\/100|[from] item: Leftovers\n|upkeep\n|turn|4\n|\n|t:|1700596012\n|move|p1a: Sentai|Substitute|p1a: Sentai\n|-start|p1a: Sentai|Substitute\n|-damage|p1a: Sentai|69\/100\n|move|p2a: Probopass|Body Press|p1a: Sentai\n|-resisted|p1a: Sentai\n|-activate|p1a: Sentai|move: Substitute|[damage]\n|\n|-heal|p1a: Sentai|76\/100|[from] item: Leftovers\n|upkeep\n|turn|5\n|\n|t:|1700596016\n|move|p1a: Sentai|Calm Mind|p1a: Sentai\n|-boost|p1a: Sentai|spa|1\n|-boost|p1a: Sentai|spd|1\n|move|p2a: Probopass|Body Press|p1a: Sentai\n|-resisted|p1a: Sentai\n|-end|p1a: Sentai|Substitute\n|\n|-heal|p1a: Sentai|82\/100|[from] item: Leftovers\n|upkeep\n|turn|6\n|\n|t:|1700596023\n|move|p1a: Sentai|Substitute|p1a: Sentai\n|-start|p1a: Sentai|Substitute\n|-damage|p1a: Sentai|57\/100\n|move|p2a: Probopass|Body Press|p1a: Sentai\n|-resisted|p1a: Sentai\n|-activate|p1a: Sentai|move: Substitute|[damage]\n|\n|-heal|p1a: Sentai|63\/100|[from] item: Leftovers\n|upkeep\n|turn|7\n|\n|t:|1700596039\n|move|p1a: Sentai|Moonblast|p2a: Probopass\n|-resisted|p2a: Probopass\n|-damage|p2a: Probopass|55\/100\n|move|p2a: Probopass|Body Press|p1a: Sentai\n|-resisted|p1a: Sentai\n|-end|p1a: Sentai|Substitute\n|\n|-heal|p1a: Sentai|69\/100|[from] item: Leftovers\n|upkeep\n|turn|8\n|\n|t:|1700596045\n|move|p1a: Sentai|Substitute|p1a: Sentai\n|-start|p1a: Sentai|Substitute\n|-damage|p1a: Sentai|44\/100\n|move|p2a: Probopass|Body Press|p1a: Sentai\n|-resisted|p1a: Sentai\n|-activate|p1a: Sentai|move: Substitute|[damage]\n|\n|-heal|p1a: Sentai|51\/100|[from] item: Leftovers\n|upkeep\n|turn|9\n|\n|t:|1700596049\n|move|p1a: Sentai|Moonblast|p2a: Probopass\n|-resisted|p2a: Probopass\n|-damage|p2a: Probopass|14\/100\n|-unboost|p2a: Probopass|spa|1\n|move|p2a: Probopass|Body Press|p1a: Sentai\n|-resisted|p1a: Sentai\n|-end|p1a: Sentai|Substitute\n|\n|-heal|p1a: Sentai|57\/100|[from] item: Leftovers\n|upkeep\n|turn|10\n|-enditem|p2a: Probopass|Custap Berry|[eat]\n|-activate|p2a: Probopass|item: Custap Berry|[consumed]\n|\n|t:|1700596060\n|move|p2a: Probopass|Body Press|p1a: Sentai\n|-resisted|p1a: Sentai\n|-damage|p1a: Sentai|35\/100\n|move|p1a: Sentai|Substitute|p1a: Sentai\n|-start|p1a: Sentai|Substitute\n|-damage|p1a: Sentai|10\/100\n|\n|-heal|p1a: Sentai|16\/100|[from] item: Leftovers\n|upkeep\n|turn|11\n|\n|t:|1700596067\n|move|p1a: Sentai|Moonblast|p2a: Probopass\n|-resisted|p2a: Probopass\n|-damage|p2a: Probopass|0 fnt\n|faint|p2a: Probopass\n|\n|-heal|p1a: Sentai|23\/100|[from] item: Leftovers\n|upkeep\n|\n|t:|1700596104\n|switch|p2a: CumBack|Muk, M, shiny|100\/100\n|turn|12\n|\n|t:|1700596111\n|move|p1a: Sentai|Psyshock|p2a: CumBack\n|-supereffective|p2a: CumBack\n|-damage|p2a: CumBack|0 fnt\n|faint|p2a: CumBack\n|\n|-heal|p1a: Sentai|29\/100|[from] item: Leftovers\n|upkeep\n|\n|t:|1700596125\n|switch|p2a: UwU_Hot_Wings|Moltres, shiny|100\/100\n|-ability|p2a: UwU_Hot_Wings|Pressure\n|turn|13\n|\n|t:|1700596140\n|move|p1a: Sentai|Psyshock|p2a: UwU_Hot_Wings\n|-damage|p2a: UwU_Hot_Wings|19\/100\n|move|p2a: UwU_Hot_Wings|Flamethrower|p1a: Sentai\n|-end|p1a: Sentai|Substitute\n|\n|-heal|p1a: Sentai|35\/100|[from] item: Leftovers\n|upkeep\n|turn|14\n|\n|t:|1700596153\n|move|p1a: Sentai|Substitute|p1a: Sentai\n|-start|p1a: Sentai|Substitute\n|-damage|p1a: Sentai|10\/100\n|move|p2a: UwU_Hot_Wings|Flamethrower|p1a: Sentai\n|-end|p1a: Sentai|Substitute\n|\n|-heal|p1a: Sentai|16\/100|[from] item: Leftovers\n|upkeep\n|turn|15\n|\n|t:|1700596157\n|move|p1a: Sentai|Psyshock|p2a: UwU_Hot_Wings\n|-damage|p2a: UwU_Hot_Wings|0 fnt\n|faint|p2a: UwU_Hot_Wings\n|\n|-heal|p1a: Sentai|23\/100|[from] item: Leftovers\n|upkeep\n|\n|t:|1700596160\n|switch|p2a: Gzibek|Bruxish, M, shiny|100\/100\n|turn|16\n|\n|t:|1700596176\n|-end|p1a: Sentai|Quark Drive|[silent]\n|switch|p1a: Alexa|Rotom-Frost|100\/100\n|move|p2a: Gzibek|Psychic Fangs|p1a: Alexa\n|-damage|p1a: Alexa|18\/100\n|\n|-heal|p1a: Alexa|25\/100|[from] item: Leftovers\n|upkeep\n|turn|17\n|\n|t:|1700596183\n|switch|p1a: Werner|Wyrdeer, M|100\/100\n|-ability|p1a: Werner|Intimidate|boost\n|-unboost|p2a: Gzibek|atk|1\n|move|p2a: Gzibek|Psychic Fangs|p1a: Werner\n|-resisted|p1a: Werner\n|-damage|p1a: Werner|78\/100\n|\n|upkeep\n|turn|18\n|\n|t:|1700596229\n|switch|p2a: SIERSCIUCH|Dedenne, M, shiny|100\/100\n|move|p1a: Werner|Psyshield Bash|p2a: SIERSCIUCH\n|-damage|p2a: SIERSCIUCH|44\/100\n|-boost|p1a: Werner|def|1\n|\n|upkeep\n|turn|19\n|\n|t:|1700596259\n|move|p2a: SIERSCIUCH|Endure|p2a: SIERSCIUCH\n|-singleturn|p2a: SIERSCIUCH|move: Endure\n|move|p1a: Werner|Psyshield Bash|p2a: SIERSCIUCH\n|-activate|p2a: SIERSCIUCH|move: Endure\n|-damage|p2a: SIERSCIUCH|1\/100\n|-boost|p1a: Werner|def|1\n|-enditem|p2a: SIERSCIUCH|Petaya Berry|[eat]\n|-boost|p2a: SIERSCIUCH|spa|1|[from] item: Petaya Berry\n|-heal|p2a: SIERSCIUCH|34\/100|[from] ability: Cheek Pouch\n|\n|upkeep\n|turn|20\n|\n|t:|1700596276\n|switch|p1a: Ziomb|Cryogonal, shiny|100\/100\n|move|p2a: SIERSCIUCH|Draining Kiss|p1a: Ziomb\n|-damage|p1a: Ziomb|78\/100\n|-heal|p2a: SIERSCIUCH|57\/100|[from] drain|[of] p1a: Ziomb\n|\n|upkeep\n|turn|21\n|\n|t:|1700596285\n|move|p1a: Ziomb|Toxic|p2a: SIERSCIUCH\n|-status|p2a: SIERSCIUCH|tox\n|move|p2a: SIERSCIUCH|Parabolic Charge|p1a: Ziomb\n|-damage|p1a: Ziomb|47\/100\n|-heal|p2a: SIERSCIUCH|77\/100 tox|[from] drain|[of] p1a: Ziomb\n|\n|-damage|p2a: SIERSCIUCH|71\/100 tox|[from] psn\n|upkeep\n|turn|22\n|\n|t:|1700596288\n|move|p1a: Ziomb|Recover|p1a: Ziomb\n|-heal|p1a: Ziomb|97\/100\n|move|p2a: SIERSCIUCH|Parabolic Charge|p1a: Ziomb\n|-damage|p1a: Ziomb|67\/100\n|-heal|p2a: SIERSCIUCH|91\/100 tox|[from] drain|[of] p1a: Ziomb\n|\n|-damage|p2a: SIERSCIUCH|79\/100 tox|[from] psn\n|upkeep\n|turn|23\n|c|\u2606KijowDlaPolski|mama dumna co nie ?\n|c|\u2606Garbai|Owszem\n|c|\u2606Garbai|A co?\n|c|\u2606KijowDlaPolski|bo widac\n|c|\u2606KijowDlaPolski|wsp\u00f3\u0142czuje\n|c|\u2606Garbai|Wyci\u0105gnij kija i graj xD\n|\n|t:|1700596342\n|move|p1a: Ziomb|Freeze-Dry|p2a: SIERSCIUCH\n|-damage|p2a: SIERSCIUCH|35\/100 tox\n|move|p2a: SIERSCIUCH|Parabolic Charge|p1a: Ziomb\n|-damage|p1a: Ziomb|39\/100\n|-heal|p2a: SIERSCIUCH|53\/100 tox|[from] drain|[of] p1a: Ziomb\n|\n|-damage|p2a: SIERSCIUCH|35\/100 tox|[from] psn\n|upkeep\n|turn|24\n|\n|t:|1700596352\n|move|p1a: Ziomb|Recover|p1a: Ziomb\n|-heal|p1a: Ziomb|89\/100\n|move|p2a: SIERSCIUCH|Parabolic Charge|p1a: Ziomb\n|-damage|p1a: Ziomb|62\/100\n|-heal|p2a: SIERSCIUCH|53\/100 tox|[from] drain|[of] p1a: Ziomb\n|\n|-damage|p2a: SIERSCIUCH|28\/100 tox|[from] psn\n|upkeep\n|turn|25\n|\n|t:|1700596360\n|move|p1a: Ziomb|Recover|p1a: Ziomb\n|-heal|p1a: Ziomb|100\/100\n|move|p2a: SIERSCIUCH|Parabolic Charge|p1a: Ziomb\n|-damage|p1a: Ziomb|72\/100\n|-heal|p2a: SIERSCIUCH|48\/100 tox|[from] drain|[of] p1a: Ziomb\n|\n|-damage|p2a: SIERSCIUCH|17\/100 tox|[from] psn\n|upkeep\n|turn|26\n|\n|t:|1700596368\n|move|p1a: Ziomb|Freeze-Dry|p2a: SIERSCIUCH\n|-damage|p2a: SIERSCIUCH|0 fnt\n|faint|p2a: SIERSCIUCH\n|\n|upkeep\n|c|\u2606KijowDlaPolski|kija nie musz\u0119 ale ty honor owszem\n|c|\u2606KijowDlaPolski|...\n|\n|t:|1700596410\n|switch|p2a: Gzibek|Bruxish, M, shiny|100\/100\n|turn|27\n|\n|t:|1700596416\n|-terastallize|p2a: Gzibek|Water\n|move|p2a: Gzibek|Waterfall|p1a: Ziomb\n|-damage|p1a: Ziomb|0 fnt\n|faint|p1a: Ziomb\n|\n|upkeep\n|\n|t:|1700596422\n|switch|p1a: Werner|Wyrdeer, M|78\/100\n|-ability|p1a: Werner|Intimidate|boost\n|-unboost|p2a: Gzibek|atk|1\n|turn|28\n|\n|t:|1700596429\n|switch|p2a: JAJCO|Togetic, M, shiny|100\/100\n|move|p1a: Werner|Psyshield Bash|p2a: JAJCO|[miss]\n|-miss|p1a: Werner|p2a: JAJCO\n|\n|upkeep\n|turn|29\n|\n|t:|1700596438\n|move|p1a: Werner|Agility|p1a: Werner\n|-boost|p1a: Werner|spe|2\n|move|p2a: JAJCO|Ancient Power|p1a: Werner\n|-damage|p1a: Werner|61\/100\n|\n|upkeep\n|turn|30\n|\n|t:|1700596440\n|move|p1a: Werner|Psyshield Bash|p2a: JAJCO\n|-damage|p2a: JAJCO|77\/100\n|-boost|p1a: Werner|def|1\n|move|p2a: JAJCO|Ancient Power|p1a: Werner\n|-damage|p1a: Werner|44\/100\n|\n|upkeep\n|turn|31\n|\n|t:|1700596446\n|move|p1a: Werner|Iron Tail|p2a: JAJCO|[miss]\n|-miss|p1a: Werner|p2a: JAJCO\n|move|p2a: JAJCO|Ancient Power|p1a: Werner\n|-damage|p1a: Werner|25\/100\n|\n|upkeep\n|turn|32\n|\n|t:|1700596449\n|move|p1a: Werner|Iron Tail|p2a: JAJCO|[miss]\n|-miss|p1a: Werner|p2a: JAJCO\n|move|p2a: JAJCO|Tailwind|p2a: JAJCO\n|-sidestart|p2: KijowDlaPolski|move: Tailwind\n|\n|upkeep\n|turn|33\n|c|\u2606Garbai|W ko\u0144cu trafi\n|\n|t:|1700596461\n|move|p1a: Werner|Iron Tail|p2a: JAJCO\n|-supereffective|p2a: JAJCO\n|-damage|p2a: JAJCO|35\/100\n|-unboost|p2a: JAJCO|def|1\n|move|p2a: JAJCO|Ancient Power|p1a: Werner\n|-damage|p1a: Werner|7\/100\n|\n|upkeep\n|turn|34\n|\n|t:|1700596473\n|move|p1a: Werner|Iron Tail|p2a: JAJCO\n|-supereffective|p2a: JAJCO\n|-damage|p2a: JAJCO|0 fnt\n|faint|p2a: JAJCO\n|\n|upkeep\n|\n|t:|1700596476\n|switch|p2a: Gzibek|Bruxish, M, shiny, tera:Water|100\/100\n|turn|35\n|\n|t:|1700596488\n|switch|p1a: Sora|Staraptor, M, shiny|100\/100\n|move|p2a: Gzibek|Psychic Fangs|p1a: Sora\n|-damage|p1a: Sora|11\/100\n|\n|-sideend|p2: KijowDlaPolski|move: Tailwind\n|upkeep\n|turn|36\n|\n|t:|1700596492\n|move|p1a: Sora|Brave Bird|p2a: Gzibek\n|-damage|p2a: Gzibek|0 fnt\n|faint|p2a: Gzibek\n|-damage|p1a: Sora|0 fnt|[from] Recoil\n|faint|p1a: Sora\n|\n|win|Garbai\n","uploadtime":1700596501,"views":16,"p1id":"garbai","p2id":"kijowdlapolski","formatid":"gen9nationaldex","rating":0,"private":0,"password":""}