{"id":"gen9nationaldex-1989035111","p1":"Sai4rr","p2":"Danwine","format":"[Gen 9] National Dex","log":"|j|\u2606Sai4rr\n|j|\u2606Danwine\n|t:|1699804841\n|gametype|singles\n|player|p1|Sai4rr|elesa|\n|player|p2|Danwine|brycen|\n|teamsize|p1|6\n|teamsize|p2|6\n|gen|9\n|tier|[Gen 9] National Dex\n|rule|HP Percentage Mod: HP is shown in percentages\n|rule|Endless Battle Clause: Forcing endless battles is banned\n|rule|OHKO Clause: OHKO moves are banned\n|rule|Evasion Clause: Evasion abilities, items, and moves are banned\n|rule|Evasion Abilities Clause: Evasion abilities are banned\n|rule|Evasion Items Clause: Evasion items are banned\n|rule|Evasion Moves Clause: Evasion moves are banned\n|rule|Species Clause: Limit one of each Pok\u00e9mon\n|rule|Sleep Clause Mod: Limit one foe put to sleep\n|clearpoke\n|poke|p1|Corviknight, M|\n|poke|p1|Corsola-Galar, M|\n|poke|p1|Garganacl, F|\n|poke|p1|Tapu Koko|\n|poke|p1|Cinderace, F|\n|poke|p1|Sneasler, F|\n|poke|p2|Clodsire, F|\n|poke|p2|Pelipper, M|\n|poke|p2|Volcarona, M|\n|poke|p2|Bellibolt, F|\n|poke|p2|Sinistcha-Masterpiece|\n|poke|p2|Eiscue, F|\n|teampreview\n|\n|t:|1699804852\n|start\n|switch|p1a: Koko|Tapu Koko, shiny|100\/100\n|switch|p2a: Nito|Clodsire, F|100\/100\n|-fieldstart|move: Electric Terrain|[from] ability: Electric Surge|[of] p1a: Koko\n|turn|1\n|\n|t:|1699804863\n|move|p1a: Koko|U-turn|p2a: Nito\n|-resisted|p2a: Nito\n|-damage|p2a: Nito|93\/100\n|\n|t:|1699804869\n|switch|p1a: Pepito|Corviknight, M, shiny|100\/100|[from] U-turn\n|-ability|p1a: Pepito|Pressure\n|move|p2a: Nito|Stealth Rock|p1a: Pepito\n|-sidestart|p1: Sai4rr|move: Stealth Rock\n|\n|-heal|p2a: Nito|99\/100|[from] item: Black Sludge\n|upkeep\n|turn|2\n|\n|t:|1699804885\n|switch|p2a: Pozolito|Sinistcha-Masterpiece, shiny|100\/100\n|move|p1a: Pepito|Brave Bird|p2a: Pozolito\n|-supereffective|p2a: Pozolito\n|-damage|p2a: Pozolito|36\/100\n|-damage|p1a: Pepito|82\/100|[from] Recoil\n|\n|-heal|p2a: Pozolito|42\/100|[from] item: Leftovers\n|upkeep\n|turn|3\n|c|\u2606Danwine|Me equivoqu\u00e9\n|\n|t:|1699804898\n|move|p2a: Pozolito|Shadow Ball|p1a: Pepito\n|-damage|p1a: Pepito|55\/100\n|move|p1a: Pepito|Brave Bird|p2a: Pozolito\n|-supereffective|p2a: Pozolito\n|-damage|p2a: Pozolito|0 fnt\n|faint|p2a: Pozolito\n|-damage|p1a: Pepito|43\/100|[from] Recoil\n|\n|upkeep\n|\n|t:|1699804908\n|switch|p2a: Aguadios|Bellibolt, F|100\/100\n|turn|4\n|\n|t:|1699804918\n|-terastallize|p1a: Pepito|Steel\n|move|p2a: Aguadios|Thunder Wave|p1a: Pepito\n|-status|p1a: Pepito|par\n|move|p1a: Pepito|Roost|p1a: Pepito\n|-heal|p1a: Pepito|93\/100 par\n|\n|upkeep\n|turn|5\n|\n|t:|1699804929\n|move|p2a: Aguadios|Thunderbolt|p1a: Pepito\n|-damage|p1a: Pepito|47\/100 par\n|move|p1a: Pepito|Defog|p2a: Aguadios\n|-unboost|p2a: Aguadios|evasion|1\n|-sideend|p1: Sai4rr|Stealth Rock|[from] move: Defog|[of] p1a: Pepito\n|-fieldend|move: Electric Terrain\n|\n|upkeep\n|turn|6\n|\n|t:|1699804946\n|switch|p1a: Rita|Corsola-Galar, M, shiny|100\/100\n|move|p2a: Aguadios|Thunderbolt|p1a: Rita\n|-damage|p1a: Rita|70\/100\n|\n|upkeep\n|turn|7\n|\n|t:|1699804957\n|move|p2a: Aguadios|Thunder Wave|p1a: Rita\n|-status|p1a: Rita|par\n|move|p1a: Rita|Will-O-Wisp|p2a: Aguadios\n|-status|p2a: Aguadios|brn\n|\n|-damage|p2a: Aguadios|94\/100 brn|[from] brn\n|upkeep\n|turn|8\n|\n|t:|1699804967\n|move|p2a: Aguadios|Thunderbolt|p1a: Rita\n|-damage|p1a: Rita|37\/100 par\n|-start|p2a: Aguadios|Disable|Thunderbolt|[from] ability: Cursed Body|[of] p1a: Rita\n|move|p1a: Rita|Stealth Rock|p2a: Aguadios\n|-sidestart|p2: Danwine|move: Stealth Rock\n|\n|-heal|p2a: Aguadios|100\/100 brn|[from] item: Leftovers\n|-damage|p2a: Aguadios|94\/100 brn|[from] brn\n|upkeep\n|turn|9\n|j| Sylveon(404)\n|c| Sylveon(404)|corsola\n|\n|t:|1699804977\n|switch|p2a: Papu|Pelipper, M, shiny|100\/100\n|-weather|RainDance|[from] ability: Drizzle|[of] p2a: Papu\n|move|p1a: Rita|Strength Sap|p2a: Papu\n|-unboost|p2a: Papu|atk|1\n|-heal|p1a: Rita|75\/100 par\n|\n|-weather|RainDance|[upkeep]\n|upkeep\n|turn|10\n|c| Sylveon(404)|q asc\n|c| Sylveon(404)|o\n|\n|t:|1699804995\n|switch|p1a: Koko|Tapu Koko, shiny|100\/100\n|-fieldstart|move: Electric Terrain|[from] ability: Electric Surge|[of] p1a: Koko\n|move|p2a: Papu|Hurricane|p1a: Koko\n|-resisted|p1a: Koko\n|-damage|p1a: Koko|66\/100\n|\n|-weather|RainDance|[upkeep]\n|upkeep\n|turn|11\n|\n|t:|1699805005\n|switch|p2a: Nito|Clodsire, F|99\/100\n|-damage|p2a: Nito|93\/100|[from] Stealth Rock\n|move|p1a: Koko|Thunderbolt|p2a: Nito\n|-immune|p2a: Nito\n|\n|-weather|RainDance|[upkeep]\n|-heal|p2a: Nito|99\/100|[from] item: Black Sludge\n|upkeep\n|turn|12\n|\n|t:|1699805016\n|move|p1a: Koko|Grass Knot|p2a: Nito\n|-damage|p2a: Nito|80\/100\n|move|p2a: Nito|Stealth Rock|p1a: Koko\n|-sidestart|p1: Sai4rr|move: Stealth Rock\n|\n|-weather|RainDance|[upkeep]\n|-heal|p2a: Nito|87\/100|[from] item: Black Sludge\n|upkeep\n|turn|13\n|\n|t:|1699805025\n|move|p1a: Koko|U-turn|p2a: Nito\n|-resisted|p2a: Nito\n|-damage|p2a: Nito|78\/100\n|\n|t:|1699805038\n|switch|p1a: Pepito|Corviknight, M, shiny, tera:Steel|47\/100 par|[from] U-turn\n|-damage|p1a: Pepito|41\/100 par|[from] Stealth Rock\n|-ability|p1a: Pepito|Pressure\n|move|p2a: Nito|Earthquake|p1a: Pepito\n|-supereffective|p1a: Pepito\n|-damage|p1a: Pepito|3\/100 par\n|\n|-weather|none\n|-heal|p2a: Nito|84\/100|[from] item: Black Sludge\n|upkeep\n|turn|14\n|\n|t:|1699805053\n|move|p1a: Pepito|Defog|p2a: Nito\n|-unboost|p2a: Nito|evasion|1\n|-sideend|p2: Danwine|Stealth Rock|[from] move: Defog|[of] p1a: Pepito\n|-sideend|p1: Sai4rr|Stealth Rock|[from] move: Defog|[of] p1a: Pepito\n|-fieldend|move: Electric Terrain\n|move|p2a: Nito|Earthquake|p1a: Pepito\n|-supereffective|p1a: Pepito\n|-damage|p1a: Pepito|0 fnt\n|faint|p1a: Pepito\n|\n|-heal|p2a: Nito|90\/100|[from] item: Black Sludge\n|upkeep\n|\n|t:|1699805065\n|switch|p1a: Lola|Cinderace, F|100\/100\n|turn|15\n|\n|t:|1699805070\n|move|p1a: Lola|Swords Dance|p1a: Lola\n|-start|p1a: Lola|typechange|Normal|[from] ability: Libero\n|-boost|p1a: Lola|atk|2\n|move|p2a: Nito|Toxic|p1a: Lola\n|-status|p1a: Lola|tox\n|\n|-heal|p2a: Nito|96\/100|[from] item: Black Sludge\n|-damage|p1a: Lola|95\/100 tox|[from] psn\n|upkeep\n|turn|16\n|\n|t:|1699805083\n|move|p1a: Lola|Swords Dance|p1a: Lola\n|-boost|p1a: Lola|atk|2\n|move|p2a: Nito|Earthquake|p1a: Lola\n|-damage|p1a: Lola|52\/100 tox\n|\n|-heal|p2a: Nito|100\/100|[from] item: Black Sludge\n|-damage|p1a: Lola|40\/100 tox|[from] psn\n|upkeep\n|turn|17\n|\n|t:|1699805094\n|-zpower|p1a: Lola\n|move|p1a: Lola|Inferno Overdrive|p2a: Nito|[zeffect]\n|-damage|p2a: Nito|0 fnt\n|faint|p2a: Nito\n|\n|-damage|p1a: Lola|22\/100 tox|[from] psn\n|upkeep\n|\n|t:|1699805105\n|switch|p2a: Sammy|Eiscue, F|100\/100\n|turn|18\n|\n|t:|1699805115\n|move|p1a: Lola|Pyro Ball|p2a: Sammy\n|-activate|p2a: Sammy|ability: Ice Face\n|-damage|p2a: Sammy|100\/100\n|detailschange|p2a: Sammy|Eiscue-Noice, F\n|move|p2a: Sammy|Waterfall|p1a: Lola\n|-damage|p1a: Lola|0 fnt\n|faint|p1a: Lola\n|\n|upkeep\n|\n|t:|1699805127\n|switch|p1a: La Veneno|Sneasler, F, shiny|100\/100\n|turn|19\n|\n|t:|1699805132\n|switch|p2a: Aguadios|Bellibolt, F|94\/100 brn\n|move|p1a: La Veneno|Swords Dance|p1a: La Veneno\n|-boost|p1a: La Veneno|atk|2\n|\n|-heal|p2a: Aguadios|100\/100 brn|[from] item: Leftovers\n|-damage|p2a: Aguadios|94\/100 brn|[from] brn\n|upkeep\n|turn|20\n|\n|t:|1699805142\n|move|p1a: La Veneno|Dire Claw|p2a: Aguadios\n|-damage|p2a: Aguadios|3\/100 brn\n|-start|p2a: Aguadios|Charge|Dire Claw|[from] ability: Electromorphosis\n|move|p2a: Aguadios|Thunderbolt|p1a: La Veneno\n|-damage|p1a: La Veneno|0 fnt\n|faint|p1a: La Veneno\n|-end|p2a: Aguadios|Charge|[silent]\n|\n|-heal|p2a: Aguadios|9\/100 brn|[from] item: Leftovers\n|-damage|p2a: Aguadios|3\/100 brn|[from] brn\n|upkeep\n|\n|t:|1699805157\n|switch|p1a: Garganta|Garganacl, F|100\/100\n|turn|21\n|\n|t:|1699805161\n|move|p2a: Aguadios|Muddy Water|p1a: Garganta\n|-supereffective|p1a: Garganta\n|-damage|p1a: Garganta|65\/100\n|move|p1a: Garganta|Iron Defense|p1a: Garganta\n|-boost|p1a: Garganta|def|2\n|\n|-heal|p2a: Aguadios|9\/100 brn|[from] item: Leftovers\n|-heal|p1a: Garganta|71\/100|[from] item: Leftovers\n|-damage|p2a: Aguadios|3\/100 brn|[from] brn\n|upkeep\n|turn|22\n|\n|t:|1699805173\n|move|p2a: Aguadios|Muddy Water|p1a: Garganta\n|-supereffective|p1a: Garganta\n|-damage|p1a: Garganta|35\/100\n|move|p1a: Garganta|Salt Cure|p2a: Aguadios\n|-damage|p2a: Aguadios|0 fnt\n|faint|p2a: Aguadios\n|\n|-heal|p1a: Garganta|41\/100|[from] item: Leftovers\n|upkeep\n|\n|t:|1699805184\n|switch|p2a: Papu|Pelipper, M, shiny|100\/100\n|-weather|RainDance|[from] ability: Drizzle|[of] p2a: Papu\n|turn|23\n|\n|t:|1699805191\n|move|p2a: Papu|Scald|p1a: Garganta\n|-supereffective|p1a: Garganta\n|-damage|p1a: Garganta|0 fnt\n|faint|p1a: Garganta\n|\n|-weather|RainDance|[upkeep]\n|upkeep\n|\n|t:|1699805198\n|switch|p1a: Koko|Tapu Koko, shiny|66\/100\n|-fieldstart|move: Electric Terrain|[from] ability: Electric Surge|[of] p1a: Koko\n|turn|24\n|\n|t:|1699805207\n|-terastallize|p2a: Papu|Ground\n|move|p1a: Koko|Thunderbolt|p2a: Papu\n|-immune|p2a: Papu\n|move|p2a: Papu|Hurricane|p1a: Koko\n|-resisted|p1a: Koko\n|-damage|p1a: Koko|33\/100\n|\n|-weather|RainDance|[upkeep]\n|upkeep\n|turn|25\n|\n|t:|1699805220\n|move|p1a: Koko|Roost|p1a: Koko\n|-heal|p1a: Koko|83\/100\n|-singleturn|p1a: Koko|move: Roost\n|move|p2a: Papu|Scald|p1a: Koko\n|-crit|p1a: Koko\n|-damage|p1a: Koko|0 fnt\n|faint|p1a: Koko\n|\n|-weather|RainDance|[upkeep]\n|upkeep\n|\n|t:|1699805230\n|switch|p1a: Rita|Corsola-Galar, M, shiny|75\/100 par\n|turn|26\n|\n|t:|1699805236\n|move|p2a: Papu|Hurricane|p1a: Rita\n|-damage|p1a: Rita|39\/100 par\n|-start|p1a: Rita|confusion\n|-activate|p1a: Rita|confusion\n|-damage|p1a: Rita|36\/100 par|[from] confusion\n|\n|-weather|RainDance|[upkeep]\n|upkeep\n|turn|27\n|\n|t:|1699805245\n|move|p2a: Papu|Scald|p1a: Rita\n|-damage|p1a: Rita|2\/100 par\n|-start|p2a: Papu|Disable|Scald|[from] ability: Cursed Body|[of] p1a: Rita\n|-activate|p1a: Rita|confusion\n|-damage|p1a: Rita|0 fnt|[from] confusion\n|faint|p1a: Rita\n|\n|win|Danwine\n|l|\u2606Sai4rr\n","uploadtime":1699805269,"views":8,"p1id":"sai4rr","p2id":"danwine","formatid":"gen9nationaldex","rating":0,"private":0,"password":""}