{"id":"gen9nationaldex-1993618561","p1":"elitesweatyt660","p2":"xever08","format":"[Gen 9] National Dex","log":"|j|\u2606elitesweatyt660\n|j|\u2606xever08\n|t:|1700338117\n|gametype|singles\n|player|p1|elitesweatyt660|101|\n|player|p2|xever08|170|\n|teamsize|p1|6\n|teamsize|p2|6\n|gen|9\n|tier|[Gen 9] National Dex\n|rule|HP Percentage Mod: HP is shown in percentages\n|rule|Endless Battle Clause: Forcing endless battles is banned\n|rule|OHKO Clause: OHKO moves are banned\n|rule|Evasion Clause: Evasion abilities, items, and moves are banned\n|rule|Evasion Abilities Clause: Evasion abilities are banned\n|rule|Evasion Items Clause: Evasion items are banned\n|rule|Evasion Moves Clause: Evasion moves are banned\n|rule|Species Clause: Limit one of each Pok\u00e9mon\n|rule|Sleep Clause Mod: Limit one foe put to sleep\n|clearpoke\n|poke|p1|Pelipper, F|\n|poke|p1|Swampert, M|\n|poke|p1|Barraskewda, M|\n|poke|p1|Ferrothorn, F|\n|poke|p1|Zapdos-Galar|\n|poke|p1|Sableye, M|\n|poke|p2|Samurott-Hisui, F|\n|poke|p2|Ceruledge, F|\n|poke|p2|Thundurus-Therian, M|\n|poke|p2|Amoonguss, M|\n|poke|p2|Great Tusk|\n|poke|p2|Tinkaton, F|\n|teampreview\n|j| Blaisettt\n|c| Blaisettt|gl\n|c|\u2606xever08|gl hf\n|\n|t:|1700338160\n|start\n|switch|p1a: Zapdos|Zapdos-Galar, shiny|100\/100\n|switch|p2a: DemonGonnaLose|Samurott-Hisui, F, shiny|100\/100\n|turn|1\n|j| SpineyYYYY\n|\n|t:|1700338189\n|move|p1a: Zapdos|U-turn|p2a: DemonGonnaLose\n|-supereffective|p2a: DemonGonnaLose\n|-damage|p2a: DemonGonnaLose|34\/100\n|\n|t:|1700338193\n|switch|p1a: Pelipper|Pelipper, F|100\/100|[from] U-turn\n|-weather|RainDance|[from] ability: Drizzle|[of] p1a: Pelipper\n|move|p2a: DemonGonnaLose|Flip Turn|p1a: Pelipper\n|-resisted|p1a: Pelipper\n|-damage|p1a: Pelipper|80\/100\n|\n|t:|1700338201\n|switch|p2a: Thor|Thundurus-Therian, M, shiny|100\/100|[from] Flip Turn\n|\n|-weather|RainDance|[upkeep]\n|upkeep\n|turn|2\n|\n|t:|1700338206\n|switch|p1a: Sableye|Sableye, M, shiny|100\/100\n|move|p2a: Thor|Knock Off|p1a: Sableye\n|-damage|p1a: Sableye|75\/100\n|-enditem|p1a: Sableye|Leftovers|[from] move: Knock Off|[of] p2a: Thor\n|\n|-weather|RainDance|[upkeep]\n|upkeep\n|turn|3\n|\n|t:|1700338213\n|move|p1a: Sableye|Will-O-Wisp|p2a: Thor\n|-status|p2a: Thor|brn\n|move|p2a: Thor|Volt Switch|p1a: Sableye\n|-damage|p1a: Sableye|24\/100\n|\n|t:|1700338218\n|switch|p2a: Blaisett TheDummy|Ceruledge, F, shiny|100\/100|[from] Volt Switch\n|\n|-weather|RainDance|[upkeep]\n|upkeep\n|turn|4\n|\n|t:|1700338225\n|switch|p1a: Pelipper|Pelipper, F|80\/100\n|move|p2a: Blaisett TheDummy|Bitter Blade|p1a: Pelipper\n|-resisted|p1a: Pelipper\n|-damage|p1a: Pelipper|69\/100\n|\n|-weather|RainDance|[upkeep]\n|upkeep\n|turn|5\n|\n|t:|1700338241\n|switch|p2a: AquaTheNerd|Amoonguss, M, shiny|100\/100\n|move|p1a: Pelipper|Scald|p2a: AquaTheNerd\n|-resisted|p2a: AquaTheNerd\n|-damage|p2a: AquaTheNerd|87\/100\n|-status|p2a: AquaTheNerd|brn\n|-enditem|p2a: AquaTheNerd|Red Card|[of] p1a: Pelipper\n|drag|p1a: Ferrothorn|Ferrothorn, F|100\/100\n|\n|-weather|RainDance|[upkeep]\n|-damage|p2a: AquaTheNerd|80\/100 brn|[from] brn\n|upkeep\n|turn|6\n|\n|t:|1700338255\n|switch|p2a: Blaisett TheDummy|Ceruledge, F, shiny|100\/100\n|move|p1a: Ferrothorn|Knock Off|p2a: Blaisett TheDummy\n|-supereffective|p2a: Blaisett TheDummy\n|-damage|p2a: Blaisett TheDummy|35\/100\n|-ability|p2a: Blaisett TheDummy|Weak Armor|boost\n|-unboost|p2a: Blaisett TheDummy|def|1\n|-boost|p2a: Blaisett TheDummy|spe|2\n|-enditem|p2a: Blaisett TheDummy|Heavy-Duty Boots|[from] move: Knock Off|[of] p1a: Ferrothorn\n|\n|-weather|RainDance|[upkeep]\n|upkeep\n|turn|7\n|\n|t:|1700338262\n|switch|p1a: Sableye|Sableye, M, shiny|24\/100\n|move|p2a: Blaisett TheDummy|Bitter Blade|p1a: Sableye\n|-damage|p1a: Sableye|0 fnt\n|-heal|p2a: Blaisett TheDummy|48\/100|[from] drain|[of] p1a: Sableye\n|faint|p1a: Sableye\n|\n|-weather|RainDance|[upkeep]\n|upkeep\n|\n|t:|1700338265\n|switch|p1a: Barraskewda|Barraskewda, M, shiny|100\/100\n|turn|8\n|\n|t:|1700338270\n|move|p2a: Blaisett TheDummy|Shadow Sneak|p1a: Barraskewda\n|-damage|p1a: Barraskewda|59\/100\n|move|p1a: Barraskewda|Liquidation|p2a: Blaisett TheDummy\n|-supereffective|p2a: Blaisett TheDummy\n|-damage|p2a: Blaisett TheDummy|0 fnt\n|faint|p2a: Blaisett TheDummy\n|-damage|p1a: Barraskewda|49\/100|[from] item: Life Orb\n|\n|-weather|none\n|upkeep\n|\n|t:|1700338281\n|switch|p2a: DemonGonnaLose|Samurott-Hisui, F, shiny|34\/100\n|turn|9\n|\n|t:|1700338286\n|switch|p1a: Pelipper|Pelipper, F|69\/100\n|-weather|RainDance|[from] ability: Drizzle|[of] p1a: Pelipper\n|move|p2a: DemonGonnaLose|Ceaseless Edge|p1a: Pelipper|[miss]\n|-miss|p2a: DemonGonnaLose|p1a: Pelipper\n|\n|-weather|RainDance|[upkeep]\n|upkeep\n|turn|10\n|c|\u2606xever08|wow\n|\n|t:|1700338291\n|move|p2a: DemonGonnaLose|Ceaseless Edge|p1a: Pelipper\n|-damage|p1a: Pelipper|25\/100\n|-sidestart|p1: elitesweatyt660|Spikes\n|move|p1a: Pelipper|Roost|p1a: Pelipper\n|-heal|p1a: Pelipper|75\/100\n|-singleturn|p1a: Pelipper|move: Roost\n|\n|-weather|RainDance|[upkeep]\n|upkeep\n|turn|11\n|\n|t:|1700338296\n|move|p2a: DemonGonnaLose|Ceaseless Edge|p1a: Pelipper|[miss]\n|-miss|p2a: DemonGonnaLose|p1a: Pelipper\n|move|p1a: Pelipper|Hurricane|p2a: DemonGonnaLose\n|-damage|p2a: DemonGonnaLose|0 fnt\n|faint|p2a: DemonGonnaLose\n|\n|-weather|RainDance|[upkeep]\n|upkeep\n|\n|t:|1700338299\n|switch|p2a: Thor|Thundurus-Therian, M, shiny|100\/100 brn\n|turn|12\n|\n|t:|1700338302\n|switch|p1a: Ferrothorn|Ferrothorn, F|100\/100\n|-damage|p1a: Ferrothorn|88\/100|[from] Spikes\n|move|p2a: Thor|Volt Switch|p1a: Ferrothorn\n|-resisted|p1a: Ferrothorn\n|-damage|p1a: Ferrothorn|74\/100\n|\n|t:|1700338312\n|switch|p2a: Dumbo|Great Tusk, shiny|100\/100|[from] Volt Switch\n|-enditem|p2a: Dumbo|Booster Energy\n|-activate|p2a: Dumbo|ability: Protosynthesis|[fromitem]\n|-start|p2a: Dumbo|protosynthesisatk\n|\n|-weather|RainDance|[upkeep]\n|upkeep\n|turn|13\n|\n|t:|1700338319\n|switch|p1a: Pelipper|Pelipper, F|75\/100\n|move|p2a: Dumbo|Close Combat|p1a: Pelipper\n|-resisted|p1a: Pelipper\n|-damage|p1a: Pelipper|30\/100\n|-unboost|p2a: Dumbo|def|1\n|-unboost|p2a: Dumbo|spd|1\n|\n|-weather|RainDance|[upkeep]\n|upkeep\n|turn|14\n|\n|t:|1700338355\n|switch|p1a: Ferrothorn|Ferrothorn, F|74\/100\n|-damage|p1a: Ferrothorn|62\/100|[from] Spikes\n|move|p2a: Dumbo|Close Combat|p1a: Ferrothorn\n|-supereffective|p1a: Ferrothorn\n|-damage|p1a: Ferrothorn|0 fnt\n|-unboost|p2a: Dumbo|def|1\n|-unboost|p2a: Dumbo|spd|1\n|-damage|p2a: Dumbo|88\/100|[from] ability: Iron Barbs|[of] p1a: Ferrothorn\n|-damage|p2a: Dumbo|72\/100|[from] item: Rocky Helmet|[of] p1a: Ferrothorn\n|faint|p1a: Ferrothorn\n|\n|-weather|RainDance|[upkeep]\n|upkeep\n|\n|t:|1700338361\n|switch|p1a: Barraskewda|Barraskewda, M, shiny|49\/100\n|-damage|p1a: Barraskewda|37\/100|[from] Spikes\n|turn|15\n|\n|t:|1700338369\n|-end|p2a: Dumbo|Protosynthesis|[silent]\n|switch|p2a: Hammer Time|Tinkaton, F, shiny|100\/100\n|-ability|p2a: Hammer Time|Mold Breaker\n|move|p1a: Barraskewda|Liquidation|p2a: Hammer Time\n|-damage|p2a: Hammer Time|3\/100\n|-damage|p1a: Barraskewda|27\/100|[from] item: Life Orb\n|\n|-weather|RainDance|[upkeep]\n|upkeep\n|turn|16\n|\n|t:|1700338374\n|move|p1a: Barraskewda|Flip Turn|p2a: Hammer Time\n|-damage|p2a: Hammer Time|0 fnt\n|faint|p2a: Hammer Time\n|-damage|p1a: Barraskewda|17\/100|[from] item: Life Orb\n|\n|t:|1700338381\n|switch|p1a: Zapdos|Zapdos-Galar, shiny|100\/100|[from] Flip Turn\n|\n|-weather|none\n|upkeep\n|\n|t:|1700338385\n|switch|p2a: Thor|Thundurus-Therian, M, shiny|100\/100 brn\n|turn|17\n|\n|t:|1700338392\n|move|p1a: Zapdos|U-turn|p2a: Thor\n|-resisted|p2a: Thor\n|-damage|p2a: Thor|81\/100 brn\n|\n|t:|1700338395\n|switch|p1a: Swampert|Swampert, M, shiny|100\/100|[from] U-turn\n|-damage|p1a: Swampert|88\/100|[from] Spikes\n|move|p2a: Thor|Volt Switch|p1a: Swampert\n|-immune|p1a: Swampert\n|\n|-damage|p2a: Thor|75\/100 brn|[from] brn\n|upkeep\n|turn|18\n|\n|t:|1700338401\n|switch|p1a: Pelipper|Pelipper, F|30\/100\n|-weather|RainDance|[from] ability: Drizzle|[of] p1a: Pelipper\n|move|p2a: Thor|Grass Knot|p1a: Pelipper\n|-crit|p1a: Pelipper\n|-damage|p1a: Pelipper|0 fnt\n|faint|p1a: Pelipper\n|\n|-weather|RainDance|[upkeep]\n|-damage|p2a: Thor|69\/100 brn|[from] brn\n|upkeep\n|\n|t:|1700338410\n|switch|p1a: Barraskewda|Barraskewda, M, shiny|17\/100\n|-damage|p1a: Barraskewda|5\/100|[from] Spikes\n|turn|19\n|\n|t:|1700338427\n|switch|p2a: AquaTheNerd|Amoonguss, M, shiny|100\/100 brn\n|move|p1a: Barraskewda|Liquidation|p2a: AquaTheNerd\n|-resisted|p2a: AquaTheNerd\n|-damage|p2a: AquaTheNerd|60\/100 brn\n|-damage|p1a: Barraskewda|0 fnt|[from] item: Life Orb\n|faint|p1a: Barraskewda\n|\n|-weather|RainDance|[upkeep]\n|-damage|p2a: AquaTheNerd|54\/100 brn|[from] brn\n|upkeep\n|\n|t:|1700338434\n|switch|p1a: Swampert|Swampert, M, shiny|88\/100\n|-damage|p1a: Swampert|76\/100|[from] Spikes\n|turn|20\n|\n|t:|1700338440\n|detailschange|p1a: Swampert|Swampert-Mega, M, shiny\n|-mega|p1a: Swampert|Swampert|Swampertite\n|move|p1a: Swampert|Ice Punch|p2a: AquaTheNerd\n|-supereffective|p2a: AquaTheNerd\n|-damage|p2a: AquaTheNerd|0 fnt\n|faint|p2a: AquaTheNerd\n|\n|-weather|RainDance|[upkeep]\n|upkeep\n|\n|t:|1700338456\n|switch|p2a: Dumbo|Great Tusk, shiny|72\/100\n|turn|21\n|\n|t:|1700338462\n|-terastallize|p2a: Dumbo|Poison\n|move|p1a: Swampert|Waterfall|p2a: Dumbo\n|-damage|p2a: Dumbo|19\/100\n|move|p2a: Dumbo|Close Combat|p1a: Swampert\n|-damage|p1a: Swampert|8\/100\n|-unboost|p2a: Dumbo|def|1\n|-unboost|p2a: Dumbo|spd|1\n|\n|-weather|RainDance|[upkeep]\n|upkeep\n|turn|22\n|\n|t:|1700338469\n|move|p1a: Swampert|Waterfall|p2a: Dumbo\n|-damage|p2a: Dumbo|0 fnt\n|faint|p2a: Dumbo\n|-end|p2a: Dumbo|Protosynthesis|[silent]\n|\n|-weather|RainDance|[upkeep]\n|upkeep\n|\n|t:|1700338471\n|switch|p2a: Thor|Thundurus-Therian, M, shiny|69\/100 brn\n|turn|23\n|c|\u2606xever08|yh ggs\n|c|\u2606xever08|yh should have rapid spin\n|\n|t:|1700338481\n|move|p1a: Swampert|Ice Punch|p2a: Thor\n|-supereffective|p2a: Thor\n|-damage|p2a: Thor|0 fnt\n|faint|p2a: Thor\n|\n|win|elitesweatyt660\n|c| Blaisettt|gg\n|l|\u2606elitesweatyt660\n","uploadtime":1700338787,"views":33,"p1id":"elitesweatyt660","p2id":"xever08","formatid":"gen9nationaldex","rating":0,"private":0,"password":""}