{"id":"gen9nationaldex-1992573795","p1":"konjiki2525 \u6bd2","p2":"FlyingSudowoodo","format":"[Gen 9] National Dex","log":"|j|\u203dkonjiki2525 \u6bd2\n|j|\u2606FlyingSudowoodo\n|t:|1700208291\n|gametype|singles\n|player|p1|konjiki2525 \u6bd2|proton|1477\n|player|p2|FlyingSudowoodo|cheren|1403\n|teamsize|p1|6\n|teamsize|p2|6\n|gen|9\n|tier|[Gen 9] National Dex\n|rated|\n|rule|HP Percentage Mod: HP is shown in percentages\n|rule|Endless Battle Clause: Forcing endless battles is banned\n|rule|OHKO Clause: OHKO moves are banned\n|rule|Evasion Clause: Evasion abilities, items, and moves are banned\n|rule|Evasion Abilities Clause: Evasion abilities are banned\n|rule|Evasion Items Clause: Evasion items are banned\n|rule|Evasion Moves Clause: Evasion moves are banned\n|rule|Species Clause: Limit one of each Pok\u00e9mon\n|rule|Sleep Clause Mod: Limit one foe put to sleep\n|clearpoke\n|poke|p1|Cresselia, F|\n|poke|p1|Nidoking, M|\n|poke|p1|Houndoom, M|\n|poke|p1|Archeops, F|\n|poke|p1|Tapu Lele|\n|poke|p1|Muk, M|\n|poke|p2|Latios, M|\n|poke|p2|Alomomola, F|\n|poke|p2|Clodsire, M|\n|poke|p2|Glimmora, M|\n|poke|p2|Tapu Lele|\n|poke|p2|Hawlucha, F|\n|teampreview\n|\n|t:|1700208307\n|start\n|switch|p1a: Archeops|Archeops, F|100\/100\n|switch|p2a: Clodsire|Clodsire, M|100\/100\n|turn|1\n|l|\u2606FlyingSudowoodo\n|player|p2|\n|inactive|Battle timer is ON: inactive players will automatically lose when time's up. (requested by konjiki2525 \u6bd2)\n|j|\u2606FlyingSudowoodo\n|inactive|FlyingSudowoodo reconnected and has 130 seconds left.\n|player|p2|FlyingSudowoodo|cheren\n|inactive|FlyingSudowoodo has 120 seconds left.\n|\n|t:|1700208358\n|move|p1a: Archeops|Taunt|p2a: Clodsire\n|-start|p2a: Clodsire|move: Taunt\n|cant|p2a: Clodsire|move: Taunt|Stealth Rock\n|\n|upkeep\n|turn|2\n|\n|t:|1700208365\n|switch|p2a: Alomomola|Alomomola, F|100\/100\n|move|p1a: Archeops|Stealth Rock|p2a: Alomomola\n|-sidestart|p2: FlyingSudowoodo|move: Stealth Rock\n|\n|upkeep\n|turn|3\n|\n|t:|1700208372\n|move|p1a: Archeops|Rock Tomb|p2a: Alomomola\n|-damage|p2a: Alomomola|81\/100\n|-unboost|p2a: Alomomola|spe|1\n|move|p2a: Alomomola|Flip Turn|p1a: Archeops\n|-supereffective|p1a: Archeops\n|-damage|p1a: Archeops|50\/100\n|\n|t:|1700208383\n|switch|p2a: Latios|Latios, M|100\/100|[from] Flip Turn\n|-damage|p2a: Latios|88\/100|[from] Stealth Rock\n|\n|upkeep\n|turn|4\n|\n|t:|1700208389\n|detailschange|p2a: Latios|Latios-Mega, M\n|-mega|p2a: Latios|Latios|Latiosite\n|move|p1a: Archeops|Rock Tomb|p2a: Latios\n|-damage|p2a: Latios|68\/100\n|-unboost|p2a: Latios|spe|1\n|move|p2a: Latios|Ice Beam|p1a: Archeops\n|-supereffective|p1a: Archeops\n|-damage|p1a: Archeops|0 fnt\n|faint|p1a: Archeops\n|\n|upkeep\n|\n|t:|1700208403\n|switch|p1a: Houndoom|Houndoom, M|100\/100\n|turn|5\n|l|\u2606FlyingSudowoodo\n|inactive|FlyingSudowoodo disconnected and has a minute to reconnect!\n|player|p2|\n|j|\u2606FlyingSudowoodo\n|inactive|FlyingSudowoodo reconnected and has 130 seconds left.\n|player|p2|FlyingSudowoodo|cheren\n|\n|t:|1700208431\n|switch|p2a: Clodsire|Clodsire, M|100\/100\n|-damage|p2a: Clodsire|94\/100|[from] Stealth Rock\n|detailschange|p1a: Houndoom|Houndoom-Mega, M\n|-mega|p1a: Houndoom|Houndoom|Houndoominite\n|move|p1a: Houndoom|Nasty Plot|p1a: Houndoom\n|-boost|p1a: Houndoom|spa|2\n|\n|-heal|p2a: Clodsire|100\/100|[from] item: Leftovers\n|upkeep\n|turn|6\n|\n|t:|1700208441\n|move|p1a: Houndoom|Fire Blast|p2a: Clodsire\n|-damage|p2a: Clodsire|64\/100\n|move|p2a: Clodsire|Earthquake|p1a: Houndoom\n|-supereffective|p1a: Houndoom\n|-damage|p1a: Houndoom|34\/100\n|\n|-heal|p2a: Clodsire|70\/100|[from] item: Leftovers\n|upkeep\n|turn|7\n|\n|t:|1700208449\n|switch|p1a: Tapu Lele|Tapu Lele, shiny|100\/100\n|-fieldstart|move: Psychic Terrain|[from] ability: Psychic Surge|[of] p1a: Tapu Lele\n|move|p2a: Clodsire|Recover|p2a: Clodsire\n|-heal|p2a: Clodsire|100\/100\n|\n|upkeep\n|turn|8\n|\n|t:|1700208458\n|-terastallize|p2a: Clodsire|Dark\n|move|p1a: Tapu Lele|Psychic|p2a: Clodsire\n|-immune|p2a: Clodsire\n|move|p2a: Clodsire|Stealth Rock|p1a: Tapu Lele\n|-sidestart|p1: konjiki2525 \u6bd2|move: Stealth Rock\n|\n|upkeep\n|turn|9\n|\n|t:|1700208465\n|switch|p1a: Nidoking|Nidoking, M|100\/100\n|-damage|p1a: Nidoking|94\/100|[from] Stealth Rock\n|move|p2a: Clodsire|Spikes|p1a: Nidoking\n|-sidestart|p1: konjiki2525 \u6bd2|Spikes\n|\n|upkeep\n|turn|10\n|\n|t:|1700208475\n|switch|p2a: Glimmora|Glimmora, M|100\/100\n|-damage|p2a: Glimmora|88\/100|[from] Stealth Rock\n|-item|p2a: Glimmora|Air Balloon\n|move|p1a: Nidoking|Sludge Wave|p2a: Glimmora\n|-resisted|p2a: Glimmora\n|-crit|p2a: Glimmora\n|-damage|p2a: Glimmora|54\/100\n|-enditem|p2a: Glimmora|Air Balloon\n|\n|upkeep\n|turn|11\n|\n|t:|1700208485\n|move|p2a: Glimmora|Spiky Shield|p2a: Glimmora\n|-singleturn|p2a: Glimmora|move: Protect\n|move|p1a: Nidoking|Earth Power|p2a: Glimmora\n|-activate|p2a: Glimmora|move: Protect\n|\n|-fieldend|move: Psychic Terrain\n|upkeep\n|turn|12\n|\n|t:|1700208492\n|move|p2a: Glimmora|Mortal Spin|p1a: Nidoking\n|-resisted|p1a: Nidoking\n|-damage|p1a: Nidoking|93\/100\n|-sideend|p2: FlyingSudowoodo|Stealth Rock|[from] move: Mortal Spin|[of] p2a: Glimmora\n|move|p1a: Nidoking|Ice Beam|p2a: Glimmora\n|-damage|p2a: Glimmora|0 fnt\n|faint|p2a: Glimmora\n|\n|upkeep\n|\n|t:|1700208503\n|switch|p2a: Latios|Latios-Mega, M|68\/100\n|turn|13\n|\n|t:|1700208508\n|switch|p1a: Tapu Lele|Tapu Lele, shiny|100\/100\n|-damage|p1a: Tapu Lele|88\/100|[from] Stealth Rock\n|-damage|p1a: Tapu Lele|75\/100|[from] Spikes\n|-fieldstart|move: Psychic Terrain|[from] ability: Psychic Surge|[of] p1a: Tapu Lele\n|move|p2a: Latios|Psychic|p1a: Tapu Lele\n|-resisted|p1a: Tapu Lele\n|-damage|p1a: Tapu Lele|53\/100\n|\n|upkeep\n|turn|14\n|\n|t:|1700208518\n|switch|p2a: Alomomola|Alomomola, F|100\/100\n|move|p1a: Tapu Lele|Moonblast|p2a: Alomomola\n|-damage|p2a: Alomomola|25\/100\n|-unboost|p2a: Alomomola|spa|1\n|\n|upkeep\n|turn|15\n|\n|t:|1700208525\n|move|p2a: Alomomola|Protect|p2a: Alomomola\n|-singleturn|p2a: Alomomola|Protect\n|move|p1a: Tapu Lele|Moonblast|p2a: Alomomola\n|-activate|p2a: Alomomola|move: Protect\n|\n|upkeep\n|turn|16\n|\n|t:|1700208536\n|switch|p2a: Tapu Lele|Tapu Lele|100\/100\n|move|p1a: Tapu Lele|Moonblast|p2a: Tapu Lele\n|-damage|p2a: Tapu Lele|15\/100\n|\n|upkeep\n|turn|17\n|\n|t:|1700208543\n|switch|p1a: Muk|Muk, M|100\/100\n|-damage|p1a: Muk|88\/100|[from] Stealth Rock\n|-damage|p1a: Muk|76\/100|[from] Spikes\n|move|p2a: Tapu Lele|Psychic|p1a: Muk\n|-supereffective|p1a: Muk\n|-damage|p1a: Muk|8\/100\n|\n|-fieldend|move: Psychic Terrain\n|upkeep\n|turn|18\n|\n|t:|1700208553\n|switch|p2a: Clodsire|Clodsire, M, tera:Dark|100\/100\n|move|p1a: Muk|Shadow Sneak|p2a: Clodsire\n|-resisted|p2a: Clodsire\n|-damage|p2a: Clodsire|93\/100\n|-status|p2a: Clodsire|psn|[from] ability: Poison Touch|[of] p1a: Muk\n|\n|-heal|p2a: Clodsire|99\/100 psn|[from] item: Leftovers\n|-damage|p2a: Clodsire|86\/100 psn|[from] psn\n|upkeep\n|turn|19\n|\n|t:|1700208564\n|move|p1a: Muk|Gunk Shot|p2a: Clodsire\n|-damage|p2a: Clodsire|16\/100 psn\n|move|p2a: Clodsire|Spikes|p1a: Muk\n|-sidestart|p1: konjiki2525 \u6bd2|Spikes\n|\n|-heal|p2a: Clodsire|22\/100 psn|[from] item: Leftovers\n|-damage|p2a: Clodsire|10\/100 psn|[from] psn\n|upkeep\n|turn|20\n|\n|t:|1700208575\n|move|p1a: Muk|Ice Punch|p2a: Clodsire\n|-damage|p2a: Clodsire|0 fnt\n|faint|p2a: Clodsire\n|\n|upkeep\n|\n|t:|1700208579\n|switch|p2a: Tapu Lele|Tapu Lele|15\/100\n|-fieldstart|move: Psychic Terrain|[from] ability: Psychic Surge|[of] p2a: Tapu Lele\n|turn|21\n|\n|t:|1700208591\n|move|p2a: Tapu Lele|Moonblast|p1a: Muk\n|-resisted|p1a: Muk\n|-damage|p1a: Muk|0 fnt\n|faint|p1a: Muk\n|\n|upkeep\n|\n|t:|1700208596\n|switch|p1a: Nidoking|Nidoking, M|93\/100\n|-damage|p1a: Nidoking|87\/100|[from] Stealth Rock\n|-damage|p1a: Nidoking|70\/100|[from] Spikes\n|turn|22\n|\n|t:|1700208605\n|switch|p2a: Latios|Latios-Mega, M|68\/100\n|move|p1a: Nidoking|Sludge Wave|p2a: Latios\n|-damage|p2a: Latios|4\/100\n|\n|upkeep\n|turn|23\n|\n|t:|1700208617\n|move|p2a: Latios|Psychic|p1a: Nidoking\n|-supereffective|p1a: Nidoking\n|-damage|p1a: Nidoking|0 fnt\n|faint|p1a: Nidoking\n|\n|upkeep\n|\n|t:|1700208622\n|switch|p1a: Cresselia|Cresselia, F|100\/100\n|-damage|p1a: Cresselia|88\/100|[from] Stealth Rock\n|turn|24\n|\n|t:|1700208626\n|move|p2a: Latios|Roost|p2a: Latios\n|-heal|p2a: Latios|54\/100\n|-singleturn|p2a: Latios|move: Roost\n|move|p1a: Cresselia|Moonblast|p2a: Latios\n|-supereffective|p2a: Latios\n|-damage|p2a: Latios|22\/100\n|-unboost|p2a: Latios|spa|1\n|\n|upkeep\n|turn|25\n|\n|t:|1700208633\n|move|p2a: Latios|Roost|p2a: Latios\n|-heal|p2a: Latios|73\/100\n|-singleturn|p2a: Latios|move: Roost\n|move|p1a: Cresselia|Moonblast|p2a: Latios\n|-supereffective|p2a: Latios\n|-damage|p2a: Latios|41\/100\n|\n|-fieldend|move: Psychic Terrain\n|upkeep\n|turn|26\n|\n|t:|1700208640\n|move|p2a: Latios|Roost|p2a: Latios\n|-heal|p2a: Latios|92\/100\n|-singleturn|p2a: Latios|move: Roost\n|move|p1a: Cresselia|Trick Room|p1a: Cresselia\n|-fieldstart|move: Trick Room|[of] p1a: Cresselia\n|\n|upkeep\n|turn|27\n|\n|t:|1700208646\n|switch|p2a: Alomomola|Alomomola, F|58\/100\n|move|p1a: Cresselia|Lunar Dance|p1a: Cresselia\n|faint|p1a: Cresselia\n|\n|upkeep\n|\n|t:|1700208651\n|switch|p1a: Tapu Lele|Tapu Lele, shiny|53\/100\n|-heal|p1a: Tapu Lele|100\/100|[from] move: Lunar Dance\n|-damage|p1a: Tapu Lele|88\/100|[from] Stealth Rock\n|-damage|p1a: Tapu Lele|71\/100|[from] Spikes\n|-fieldstart|move: Psychic Terrain|[from] ability: Psychic Surge|[of] p1a: Tapu Lele\n|turn|28\n|\n|t:|1700208660\n|move|p2a: Alomomola|Protect|p2a: Alomomola\n|-singleturn|p2a: Alomomola|Protect\n|move|p1a: Tapu Lele|Moonblast|p2a: Alomomola\n|-activate|p2a: Alomomola|move: Protect\n|\n|upkeep\n|turn|29\n|\n|t:|1700208669\n|switch|p2a: Tapu Lele|Tapu Lele|15\/100\n|move|p1a: Tapu Lele|Moonblast|p2a: Tapu Lele\n|-damage|p2a: Tapu Lele|0 fnt\n|faint|p2a: Tapu Lele\n|\n|upkeep\n|\n|t:|1700208677\n|switch|p2a: Latios|Latios-Mega, M|92\/100\n|turn|30\n|\n|t:|1700208690\n|move|p1a: Tapu Lele|Moonblast|p2a: Latios\n|-supereffective|p2a: Latios\n|-damage|p2a: Latios|0 fnt\n|faint|p2a: Latios\n|\n|-fieldend|move: Trick Room\n|upkeep\n|\n|t:|1700208697\n|switch|p2a: Hawlucha|Hawlucha, F|100\/100\n|-enditem|p2a: Hawlucha|Psychic Seed\n|-boost|p2a: Hawlucha|spd|1|[from] item: Psychic Seed\n|turn|31\n|\n|t:|1700208701\n|move|p2a: Hawlucha|Iron Head|p1a: Tapu Lele\n|-supereffective|p1a: Tapu Lele\n|-damage|p1a: Tapu Lele|14\/100\n|move|p1a: Tapu Lele|Moonblast|p2a: Hawlucha\n|-supereffective|p2a: Hawlucha\n|-damage|p2a: Hawlucha|0 fnt\n|faint|p2a: Hawlucha\n|\n|upkeep\n|\n|t:|1700208708\n|switch|p2a: Alomomola|Alomomola, F|91\/100\n|turn|32\n|\n|t:|1700208711\n|move|p1a: Tapu Lele|Moonblast|p2a: Alomomola\n|-damage|p2a: Alomomola|15\/100\n|move|p2a: Alomomola|Flip Turn|p1a: Tapu Lele\n|-damage|p1a: Tapu Lele|0 fnt\n|faint|p1a: Tapu Lele\n|\n|-fieldend|move: Psychic Terrain\n|upkeep\n|\n|t:|1700208718\n|switch|p1a: Houndoom|Houndoom-Mega, M|34\/100\n|-damage|p1a: Houndoom|9\/100|[from] Stealth Rock\n|-damage|p1a: Houndoom|0 fnt|[from] Spikes\n|faint|p1a: Houndoom\n|\n|win|FlyingSudowoodo\n|raw|konjiki2525 \u6bd2's rating: 1477 &rarr; <strong>1453<\/strong><br \/>(-24 for losing)\n|raw|FlyingSudowoodo's rating: 1403 &rarr; <strong>1427<\/strong><br \/>(+24 for winning)\n|l|\u203dkonjiki2525 \u6bd2\n","uploadtime":1700208726,"views":11,"p1id":"konjiki2525","p2id":"flyingsudowoodo","formatid":"gen9nationaldex","rating":1427,"private":0,"password":""}