{"id":"gen9nationaldex-1996773824","p1":"ninjask 8","p2":"Eldeon","format":"[Gen 9] National Dex","log":"|html|<div class=\"broadcast-blue\"><strong>[Gen 9] National Dex is currently suspecting Sneasler! For information on how to participate check out the <a href=\"https:\/\/www.smogon.com\/forums\/threads\/sv-national-dex-suspect-8-just-dance.3731534\/\">suspect thread<\/a>.<\/strong><\/div>\n|j|\u2606ninjask 8\n|j|\u203dEldeon\n|t:|1700722983\n|gametype|singles\n|player|p1|ninjask 8|hilbert-masters|1326\n|player|p2|Eldeon|youngster-gen4dp|1232\n|teamsize|p1|6\n|teamsize|p2|6\n|gen|9\n|tier|[Gen 9] National Dex\n|rated|\n|rule|HP Percentage Mod: HP is shown in percentages\n|rule|Endless Battle Clause: Forcing endless battles is banned\n|rule|OHKO Clause: OHKO moves are banned\n|rule|Evasion Clause: Evasion abilities, items, and moves are banned\n|rule|Evasion Abilities Clause: Evasion abilities are banned\n|rule|Evasion Items Clause: Evasion items are banned\n|rule|Evasion Moves Clause: Evasion moves are banned\n|rule|Species Clause: Limit one of each Pok\u00e9mon\n|rule|Sleep Clause Mod: Limit one foe put to sleep\n|clearpoke\n|poke|p1|Cinderace, M|\n|poke|p1|Lopunny, M|\n|poke|p1|Aegislash, M|\n|poke|p1|Rillaboom, M|\n|poke|p1|Clefable, F|\n|poke|p1|Kommo-o, F|\n|poke|p2|Tapu Lele|\n|poke|p2|Urshifu-*, F|\n|poke|p2|Gliscor, F|\n|poke|p2|Zapdos|\n|poke|p2|Kyurem|\n|poke|p2|Ferrothorn, M|\n|teampreview\n|\n|t:|1700723031\n|start\n|switch|p1a: Rillaboom|Rillaboom, M|100\/100\n|switch|p2a: Gliscor|Gliscor, F|100\/100\n|-fieldstart|move: Grassy Terrain|[from] ability: Grassy Surge|[of] p1a: Rillaboom\n|turn|1\n|\n|t:|1700723044\n|move|p1a: Rillaboom|Knock Off|p2a: Gliscor\n|-damage|p2a: Gliscor|76\/100\n|-enditem|p2a: Gliscor|Toxic Orb|[from] move: Knock Off|[of] p1a: Rillaboom\n|move|p2a: Gliscor|Swords Dance|p2a: Gliscor\n|-boost|p2a: Gliscor|atk|2\n|\n|upkeep\n|turn|2\n|\n|t:|1700723087\n|move|p1a: Rillaboom|Grassy Glide|p2a: Gliscor\n|-damage|p2a: Gliscor|47\/100\n|move|p2a: Gliscor|Facade|p1a: Rillaboom\n|-damage|p1a: Rillaboom|68\/100\n|\n|-heal|p1a: Rillaboom|74\/100|[from] Grassy Terrain\n|-heal|p1a: Rillaboom|81\/100|[from] item: Leftovers\n|upkeep\n|turn|3\n|inactive|Battle timer is ON: inactive players will automatically lose when time's up. (requested by Eldeon)\n|\n|t:|1700723099\n|move|p1a: Rillaboom|Grassy Glide|p2a: Gliscor\n|-damage|p2a: Gliscor|16\/100\n|move|p2a: Gliscor|Roost|p2a: Gliscor\n|-heal|p2a: Gliscor|66\/100\n|-singleturn|p2a: Gliscor|move: Roost\n|\n|-heal|p1a: Rillaboom|87\/100|[from] Grassy Terrain\n|-heal|p1a: Rillaboom|93\/100|[from] item: Leftovers\n|-heal|p2a: Gliscor|72\/100|[from] Grassy Terrain\n|upkeep\n|turn|4\n|\n|t:|1700723119\n|move|p1a: Rillaboom|U-turn|p2a: Gliscor\n|-resisted|p2a: Gliscor\n|-damage|p2a: Gliscor|63\/100\n|\n|t:|1700723127\n|switch|p1a: Aegislash|Aegislash, M, shiny|100\/100|[from] U-turn\n|move|p2a: Gliscor|Roost|p2a: Gliscor\n|-heal|p2a: Gliscor|100\/100\n|-singleturn|p2a: Gliscor|move: Roost\n|\n|upkeep\n|turn|5\n|\n|t:|1700723142\n|move|p2a: Gliscor|Earthquake|p1a: Aegislash\n|-supereffective|p1a: Aegislash\n|-damage|p1a: Aegislash|50\/100\n|-enditem|p1a: Aegislash|Weakness Policy\n|-boost|p1a: Aegislash|atk|2|[from] item: Weakness Policy\n|-boost|p1a: Aegislash|spa|2|[from] item: Weakness Policy\n|-formechange|p1a: Aegislash|Aegislash-Blade||[from] ability: Stance Change\n|move|p1a: Aegislash|Sacred Sword|p2a: Gliscor\n|-resisted|p2a: Gliscor\n|-damage|p2a: Gliscor|72\/100\n|\n|-heal|p1a: Aegislash|56\/100|[from] Grassy Terrain\n|-fieldend|move: Grassy Terrain\n|upkeep\n|turn|6\n|\n|t:|1700723150\n|move|p1a: Aegislash|Shadow Sneak|p2a: Gliscor\n|-damage|p2a: Gliscor|32\/100\n|move|p2a: Gliscor|Earthquake|p1a: Aegislash\n|-supereffective|p1a: Aegislash\n|-damage|p1a: Aegislash|0 fnt\n|faint|p1a: Aegislash\n|\n|upkeep\n|\n|t:|1700723162\n|switch|p1a: Rillaboom|Rillaboom, M|93\/100\n|-fieldstart|move: Grassy Terrain|[from] ability: Grassy Surge|[of] p1a: Rillaboom\n|turn|7\n|\n|t:|1700723165\n|move|p1a: Rillaboom|Fake Out|p2a: Gliscor\n|-damage|p2a: Gliscor|21\/100\n|cant|p2a: Gliscor|flinch\n|\n|-heal|p1a: Rillaboom|99\/100|[from] Grassy Terrain\n|-heal|p1a: Rillaboom|100\/100|[from] item: Leftovers\n|upkeep\n|turn|8\n|\n|t:|1700723169\n|switch|p2a: Ferrothorn|Ferrothorn, M|100\/100\n|move|p1a: Rillaboom|Grassy Glide|p2a: Ferrothorn\n|-resisted|p2a: Ferrothorn\n|-damage|p2a: Ferrothorn|95\/100\n|-damage|p1a: Rillaboom|88\/100|[from] ability: Iron Barbs|[of] p2a: Ferrothorn\n|\n|-heal|p1a: Rillaboom|94\/100|[from] Grassy Terrain\n|-heal|p1a: Rillaboom|100\/100|[from] item: Leftovers\n|-heal|p2a: Ferrothorn|100\/100|[from] Grassy Terrain\n|upkeep\n|turn|9\n|\n|t:|1700723177\n|move|p1a: Rillaboom|Knock Off|p2a: Ferrothorn\n|-damage|p2a: Ferrothorn|79\/100\n|-damage|p1a: Rillaboom|88\/100|[from] ability: Iron Barbs|[of] p2a: Ferrothorn\n|-enditem|p2a: Ferrothorn|Leftovers|[from] move: Knock Off|[of] p1a: Rillaboom\n|move|p2a: Ferrothorn|Thunder Wave|p1a: Rillaboom\n|-status|p1a: Rillaboom|par\n|\n|-heal|p1a: Rillaboom|94\/100 par|[from] Grassy Terrain\n|-heal|p1a: Rillaboom|100\/100 par|[from] item: Leftovers\n|-heal|p2a: Ferrothorn|85\/100|[from] Grassy Terrain\n|upkeep\n|turn|10\n|\n|t:|1700723187\n|move|p1a: Rillaboom|U-turn|p2a: Ferrothorn\n|-damage|p2a: Ferrothorn|69\/100\n|-damage|p1a: Rillaboom|88\/100 par|[from] ability: Iron Barbs|[of] p2a: Ferrothorn\n|\n|t:|1700723194\n|switch|p1a: Clefable|Clefable, F|100\/100|[from] U-turn\n|move|p2a: Ferrothorn|Thunder Wave|p1a: Clefable\n|-status|p1a: Clefable|par\n|\n|-heal|p2a: Ferrothorn|75\/100|[from] Grassy Terrain\n|upkeep\n|turn|11\n|\n|t:|1700723205\n|switch|p2a: Gliscor|Gliscor, F|21\/100\n|move|p1a: Clefable|Calm Mind|p1a: Clefable\n|-boost|p1a: Clefable|spa|1\n|-boost|p1a: Clefable|spd|1\n|\n|-fieldend|move: Grassy Terrain\n|upkeep\n|turn|12\n|\n|t:|1700723215\n|move|p2a: Gliscor|Swords Dance|p2a: Gliscor\n|-boost|p2a: Gliscor|atk|2\n|cant|p1a: Clefable|par\n|\n|upkeep\n|turn|13\n|\n|t:|1700723219\n|move|p2a: Gliscor|Earthquake|p1a: Clefable\n|-damage|p1a: Clefable|22\/100 par\n|cant|p1a: Clefable|par\n|\n|-heal|p1a: Clefable|28\/100 par|[from] item: Leftovers\n|upkeep\n|turn|14\n|\n|t:|1700723223\n|move|p2a: Gliscor|Facade|p1a: Clefable\n|-damage|p1a: Clefable|0 fnt\n|faint|p1a: Clefable\n|\n|upkeep\n|\n|t:|1700723225\n|switch|p1a: Kommo-o|Kommo-o, F|100\/100\n|turn|15\n|\n|t:|1700723227\n|-zpower|p1a: Kommo-o\n|move|p1a: Kommo-o|Clangorous Soulblaze|p2a: Gliscor|[zeffect]\n|-damage|p2a: Gliscor|0 fnt\n|faint|p2a: Gliscor\n|-boost|p1a: Kommo-o|atk|1\n|-boost|p1a: Kommo-o|def|1\n|-boost|p1a: Kommo-o|spa|1\n|-boost|p1a: Kommo-o|spd|1\n|-boost|p1a: Kommo-o|spe|1\n|\n|upkeep\n|\n|t:|1700723240\n|switch|p2a: Zapdos|Zapdos|100\/100\n|turn|16\n|\n|t:|1700723245\n|move|p1a: Kommo-o|Clanging Scales|p2a: Zapdos\n|-damage|p2a: Zapdos|33\/100\n|-unboost|p1a: Kommo-o|def|1\n|move|p2a: Zapdos|Hurricane|p1a: Kommo-o\n|-supereffective|p1a: Kommo-o\n|-damage|p1a: Kommo-o|28\/100\n|\n|upkeep\n|turn|17\n|\n|t:|1700723251\n|move|p1a: Kommo-o|Flamethrower|p2a: Zapdos\n|-damage|p2a: Zapdos|0 fnt\n|faint|p2a: Zapdos\n|\n|upkeep\n|\n|t:|1700723255\n|switch|p2a: Urshifu|Urshifu-Rapid-Strike, F|100\/100\n|turn|18\n|\n|t:|1700723260\n|move|p2a: Urshifu|Ice Spinner|p1a: Kommo-o\n|-supereffective|p1a: Kommo-o\n|-damage|p1a: Kommo-o|0 fnt\n|faint|p1a: Kommo-o\n|\n|upkeep\n|\n|t:|1700723265\n|switch|p1a: Lopunny|Lopunny, M|100\/100\n|turn|19\n|inactive|Eldeon has 120 seconds left.\n|\n|t:|1700723314\n|detailschange|p1a: Lopunny|Lopunny-Mega, M\n|-mega|p1a: Lopunny|Lopunny|Lopunnite\n|move|p1a: Lopunny|Fake Out|p2a: Urshifu\n|-damage|p2a: Urshifu|78\/100\n|cant|p2a: Urshifu|flinch\n|\n|upkeep\n|turn|20\n|\n|t:|1700723319\n|switch|p2a: Ferrothorn|Ferrothorn, M|75\/100\n|move|p1a: Lopunny|Play Rough|p2a: Ferrothorn\n|-resisted|p2a: Ferrothorn\n|-damage|p2a: Ferrothorn|66\/100\n|-damage|p1a: Lopunny|88\/100|[from] ability: Iron Barbs|[of] p2a: Ferrothorn\n|\n|upkeep\n|turn|21\n|inactive|Eldeon has 120 seconds left.\n|\n|t:|1700723346\n|move|p1a: Lopunny|Power-Up Punch|p2a: Ferrothorn\n|-supereffective|p2a: Ferrothorn\n|-damage|p2a: Ferrothorn|37\/100\n|-boost|p1a: Lopunny|atk|1\n|-damage|p1a: Lopunny|76\/100|[from] ability: Iron Barbs|[of] p2a: Ferrothorn\n|move|p2a: Ferrothorn|Thunder Wave|p1a: Lopunny|[miss]\n|-miss|p2a: Ferrothorn|p1a: Lopunny\n|\n|upkeep\n|turn|22\n|\n|t:|1700723354\n|move|p1a: Lopunny|Power-Up Punch|p2a: Ferrothorn\n|-supereffective|p2a: Ferrothorn\n|-damage|p2a: Ferrothorn|0 fnt\n|-boost|p1a: Lopunny|atk|1\n|-damage|p1a: Lopunny|64\/100|[from] ability: Iron Barbs|[of] p2a: Ferrothorn\n|faint|p2a: Ferrothorn\n|\n|upkeep\n|\n|t:|1700723359\n|switch|p2a: Tapu Lele|Tapu Lele|100\/100\n|-fieldstart|move: Psychic Terrain|[from] ability: Psychic Surge|[of] p2a: Tapu Lele\n|turn|23\n|\n|t:|1700723365\n|switch|p2a: Kyurem|Kyurem|100\/100\n|-ability|p2a: Kyurem|Pressure\n|move|p1a: Lopunny|Last Resort|p2a: Kyurem\n|-damage|p2a: Kyurem|0 fnt\n|faint|p2a: Kyurem\n|\n|upkeep\n|\n|t:|1700723367\n|switch|p2a: Urshifu|Urshifu-Rapid-Strike, F|78\/100\n|turn|24\n|inactive|Eldeon has 120 seconds left.\n|\n|t:|1700723381\n|move|p2a: Urshifu|U-turn|p1a: Lopunny\n|-resisted|p1a: Lopunny\n|-damage|p1a: Lopunny|48\/100\n|\n|t:|1700723383\n|switch|p2a: Tapu Lele|Tapu Lele|100\/100|[from] U-turn\n|move|p1a: Lopunny|Last Resort|p2a: Tapu Lele\n|-damage|p2a: Tapu Lele|0 fnt\n|faint|p2a: Tapu Lele\n|\n|upkeep\n|\n|t:|1700723384\n|switch|p2a: Urshifu|Urshifu-Rapid-Strike, F|78\/100\n|turn|25\n|\n|t:|1700723388\n|-terastallize|p2a: Urshifu|Water\n|move|p2a: Urshifu|Surging Strikes|p1a: Lopunny\n|-crit|p1a: Lopunny\n|-damage|p1a: Lopunny|13\/100\n|-crit|p1a: Lopunny\n|-damage|p1a: Lopunny|0 fnt\n|faint|p1a: Lopunny\n|-hitcount|p1: Lopunny|2\n|\n|upkeep\n|\n|t:|1700723391\n|switch|p1a: Rillaboom|Rillaboom, M|88\/100 par\n|-fieldstart|move: Grassy Terrain|[from] ability: Grassy Surge|[of] p1a: Rillaboom\n|turn|26\n|-message|Eldeon forfeited.\n|\n|win|ninjask 8\n|raw|ninjask 8's rating: 1326 &rarr; <strong>1341<\/strong><br \/>(+15 for winning)\n|raw|Eldeon's rating: 1232 &rarr; <strong>1214<\/strong><br \/>(-18 for losing)\n|l|\u203dEldeon\n|c|\u2606ninjask 8|gg\n","uploadtime":1700723403,"views":2,"p1id":"ninjask8","p2id":"eldeon","formatid":"gen9nationaldex","rating":1214,"private":0,"password":""}