{"id":"gen9nationaldex-1988297730","p1":"SilkyNutz","p2":"savagewolf98420","format":"[Gen 9] National Dex","log":"|j|\u2606SilkyNutz\n|j|\u2606savagewolf98420\n|t:|1699704055\n|gametype|singles\n|player|p1|SilkyNutz|scientist-gen4dp|1267\n|player|p2|savagewolf98420|koga|1209\n|teamsize|p1|6\n|teamsize|p2|6\n|gen|9\n|tier|[Gen 9] National Dex\n|rated|\n|rule|HP Percentage Mod: HP is shown in percentages\n|rule|Endless Battle Clause: Forcing endless battles is banned\n|rule|OHKO Clause: OHKO moves are banned\n|rule|Evasion Clause: Evasion abilities, items, and moves are banned\n|rule|Evasion Abilities Clause: Evasion abilities are banned\n|rule|Evasion Items Clause: Evasion items are banned\n|rule|Evasion Moves Clause: Evasion moves are banned\n|rule|Species Clause: Limit one of each Pok\u00e9mon\n|rule|Sleep Clause Mod: Limit one foe put to sleep\n|clearpoke\n|poke|p1|Heracross, M|\n|poke|p1|Pikachu-World, M|\n|poke|p1|Shuckle, M|\n|poke|p1|Brambleghast, F|\n|poke|p1|Gliscor, M|\n|poke|p1|Dragonite, M|\n|poke|p2|Swampert, F|\n|poke|p2|Pelipper, F|\n|poke|p2|Zapdos|\n|poke|p2|Rotom-Wash|\n|poke|p2|Manaphy|\n|poke|p2|Kabutops, M|\n|teampreview\n|inactive|Battle timer is ON: inactive players will automatically lose when time's up. (requested by SilkyNutz)\n|\n|t:|1699704064\n|start\n|switch|p1a: Shuckle|Shuckle, M, shiny|100\/100\n|switch|p2a: Pelipper|Pelipper, F|100\/100\n|-weather|RainDance|[from] ability: Drizzle|[of] p2a: Pelipper\n|turn|1\n|\n|t:|1699704088\n|move|p2a: Pelipper|Hurricane|p1a: Shuckle\n|-damage|p1a: Shuckle|82\/100\n|move|p1a: Shuckle|Sticky Web|p2a: Pelipper\n|-sidestart|p2: savagewolf98420|move: Sticky Web\n|\n|-weather|RainDance|[upkeep]\n|-heal|p1a: Shuckle|88\/100|[from] item: Leftovers\n|upkeep\n|turn|2\n|\n|t:|1699704099\n|move|p2a: Pelipper|Hurricane|p1a: Shuckle\n|-damage|p1a: Shuckle|68\/100\n|move|p1a: Shuckle|Knock Off|p2a: Pelipper\n|-damage|p2a: Pelipper|96\/100\n|-enditem|p2a: Pelipper|Focus Sash|[from] move: Knock Off|[of] p1a: Shuckle\n|\n|-weather|RainDance|[upkeep]\n|-heal|p1a: Shuckle|74\/100|[from] item: Leftovers\n|upkeep\n|turn|3\n|\n|t:|1699704111\n|move|p2a: Pelipper|Hurricane|p1a: Shuckle\n|-damage|p1a: Shuckle|53\/100\n|move|p1a: Shuckle|Stealth Rock|p2a: Pelipper\n|-sidestart|p2: savagewolf98420|move: Stealth Rock\n|\n|-weather|RainDance|[upkeep]\n|-heal|p1a: Shuckle|60\/100|[from] item: Leftovers\n|upkeep\n|turn|4\n|\n|t:|1699704119\n|switch|p1a: Brambleghast|Brambleghast, F|100\/100\n|move|p2a: Pelipper|Defog|p1a: Brambleghast\n|-unboost|p1a: Brambleghast|evasion|1\n|-sideend|p2: savagewolf98420|Stealth Rock|[from] move: Defog|[of] p2a: Pelipper\n|-sideend|p2: savagewolf98420|Sticky Web|[from] move: Defog|[of] p2a: Pelipper\n|\n|-weather|RainDance|[upkeep]\n|upkeep\n|turn|5\n|\n|t:|1699704130\n|move|p1a: Brambleghast|Phantom Force||[still]\n|-prepare|p1a: Brambleghast|Phantom Force\n|move|p2a: Pelipper|Hurricane|p1a: Brambleghast|[miss]\n|-miss|p2a: Pelipper|p1a: Brambleghast\n|\n|-weather|none\n|upkeep\n|turn|6\n|\n|t:|1699704142\n|move|p1a: Brambleghast|Phantom Force|p2a: Pelipper|[from]lockedmove\n|-damage|p2a: Pelipper|61\/100\n|move|p2a: Pelipper|U-turn|p1a: Brambleghast\n|-damage|p1a: Brambleghast|84\/100\n|\n|t:|1699704158\n|switch|p2a: Zapdos|Zapdos|100\/100|[from] U-turn\n|\n|-heal|p1a: Brambleghast|90\/100|[from] item: Leftovers\n|upkeep\n|turn|7\n|inactive|savagewolf98420 has 120 seconds left.\n|\n|t:|1699704182\n|switch|p1a: Gliscor|Gliscor, M|100\/100\n|move|p2a: Zapdos|Volt Switch|p1a: Gliscor\n|-immune|p1a: Gliscor\n|\n|-status|p1a: Gliscor|tox|[from] item: Toxic Orb\n|upkeep\n|turn|8\n|inactive|savagewolf98420 has 120 seconds left.\n|\n|t:|1699704213\n|switch|p2a: Pelipper|Pelipper, F|61\/100\n|-weather|RainDance|[from] ability: Drizzle|[of] p2a: Pelipper\n|move|p1a: Gliscor|Tailwind|p1a: Gliscor\n|-sidestart|p1: SilkyNutz|move: Tailwind\n|\n|-weather|RainDance|[upkeep]\n|upkeep\n|turn|9\n|inactive|savagewolf98420 has 120 seconds left.\n|inactive|SilkyNutz has 120 seconds left.\n|\n|t:|1699704235\n|switch|p1a: Pikachu|Pikachu-World, M|100\/100\n|move|p2a: Pelipper|Hurricane|p1a: Pikachu\n|-resisted|p1a: Pikachu\n|-damage|p1a: Pikachu|46\/100\n|\n|-weather|RainDance|[upkeep]\n|upkeep\n|turn|10\n|inactive|savagewolf98420 has 120 seconds left.\n|inactive|SilkyNutz has 120 seconds left.\n|\n|t:|1699704269\n|move|p1a: Pikachu|Thunderbolt|p2a: Pelipper\n|-supereffective|p2a: Pelipper\n|-damage|p2a: Pelipper|0 fnt\n|faint|p2a: Pelipper\n|\n|-weather|RainDance|[upkeep]\n|upkeep\n|inactive|savagewolf98420 has 90 seconds left.\n|\n|t:|1699704282\n|switch|p2a: Swampert|Swampert, F|100\/100\n|turn|11\n|inactive|SilkyNutz has 120 seconds left.\n|\n|t:|1699704298\n|switch|p1a: Gliscor|Gliscor, M|100\/100 tox\n|detailschange|p2a: Swampert|Swampert-Mega, F\n|-mega|p2a: Swampert|Swampert|Swampertite\n|move|p2a: Swampert|Darkest Lariat|p1a: Gliscor\n|-damage|p1a: Gliscor|69\/100 tox\n|\n|-weather|RainDance|[upkeep]\n|-heal|p1a: Gliscor|81\/100 tox|[from] ability: Poison Heal\n|-sideend|p1: SilkyNutz|move: Tailwind\n|upkeep\n|turn|12\n|\n|t:|1699704309\n|move|p2a: Swampert|Flip Turn|p1a: Gliscor\n|-supereffective|p1a: Gliscor\n|-damage|p1a: Gliscor|0 fnt\n|faint|p1a: Gliscor\n|inactive|savagewolf98420 has 90 seconds left.\n|\n|t:|1699704322\n|switch|p2a: Zapdos|Zapdos|100\/100|[from] Flip Turn\n|\n|-weather|none\n|upkeep\n|\n|t:|1699704325\n|switch|p1a: Dragonite|Dragonite, M, shiny|100\/100\n|turn|13\n|\n|t:|1699704333\n|move|p1a: Dragonite|Tailwind|p1a: Dragonite\n|-sidestart|p1: SilkyNutz|move: Tailwind\n|move|p2a: Zapdos|Hurricane|p1a: Dragonite\n|-damage|p1a: Dragonite|73\/100\n|\n|-heal|p1a: Dragonite|80\/100|[from] item: Leftovers\n|upkeep\n|turn|14\n|\n|t:|1699704343\n|switch|p1a: Brambleghast|Brambleghast, F|90\/100\n|-ability|p1a: Brambleghast|Wind Rider|boost\n|-boost|p1a: Brambleghast|atk|1\n|move|p2a: Zapdos|Volt Switch|p1a: Brambleghast\n|-resisted|p1a: Brambleghast\n|-damage|p1a: Brambleghast|52\/100\n|\n|t:|1699704357\n|switch|p2a: Kabutops|Kabutops, M|100\/100|[from] Volt Switch\n|\n|-heal|p1a: Brambleghast|58\/100|[from] item: Leftovers\n|upkeep\n|turn|15\n|\n|t:|1699704371\n|move|p1a: Brambleghast|Power Whip|p2a: Kabutops\n|-supereffective|p2a: Kabutops\n|-enditem|p2a: Kabutops|Focus Sash\n|-damage|p2a: Kabutops|1\/100\n|move|p2a: Kabutops|Leech Life|p1a: Brambleghast\n|-damage|p1a: Brambleghast|8\/100\n|-heal|p2a: Kabutops|25\/100|[from] drain|[of] p1a: Brambleghast\n|\n|-heal|p1a: Brambleghast|14\/100|[from] item: Leftovers\n|upkeep\n|turn|16\n|\n|t:|1699704385\n|move|p1a: Brambleghast|Power Whip|p2a: Kabutops|[miss]\n|-miss|p1a: Brambleghast|p2a: Kabutops\n|move|p2a: Kabutops|Rapid Spin|p1a: Brambleghast\n|-immune|p1a: Brambleghast\n|\n|-heal|p1a: Brambleghast|20\/100|[from] item: Leftovers\n|-sideend|p1: SilkyNutz|move: Tailwind\n|upkeep\n|turn|17\n|\n|t:|1699704397\n|move|p1a: Brambleghast|Power Whip|p2a: Kabutops\n|-supereffective|p2a: Kabutops\n|-damage|p2a: Kabutops|0 fnt\n|faint|p2a: Kabutops\n|\n|-heal|p1a: Brambleghast|26\/100|[from] item: Leftovers\n|upkeep\n|inactive|savagewolf98420 has 90 seconds left.\n|\n|t:|1699704407\n|switch|p2a: Rotom|Rotom-Wash|100\/100\n|turn|18\n|\n|t:|1699704416\n|switch|p1a: Dragonite|Dragonite, M, shiny|80\/100\n|move|p2a: Rotom|Volt Switch|p1a: Dragonite\n|-damage|p1a: Dragonite|52\/100\n|\n|t:|1699704425\n|switch|p2a: Manaphy|Manaphy|100\/100|[from] Volt Switch\n|\n|-heal|p1a: Dragonite|59\/100|[from] item: Leftovers\n|upkeep\n|turn|19\n|\n|t:|1699704434\n|move|p1a: Dragonite|Dragon Claw|p2a: Manaphy\n|-damage|p2a: Manaphy|66\/100\n|move|p2a: Manaphy|Tail Glow|p2a: Manaphy\n|-boost|p2a: Manaphy|spa|3\n|\n|-heal|p1a: Dragonite|65\/100|[from] item: Leftovers\n|-heal|p2a: Manaphy|72\/100|[from] item: Leftovers\n|upkeep\n|turn|20\n|\n|t:|1699704453\n|move|p1a: Dragonite|Tailwind|p1a: Dragonite\n|-sidestart|p1: SilkyNutz|move: Tailwind\n|move|p2a: Manaphy|Scald|p1a: Dragonite\n|-resisted|p1a: Dragonite\n|-damage|p1a: Dragonite|25\/100\n|\n|-heal|p1a: Dragonite|31\/100|[from] item: Leftovers\n|-heal|p2a: Manaphy|78\/100|[from] item: Leftovers\n|upkeep\n|turn|21\n|\n|t:|1699704464\n|move|p1a: Dragonite|Dragon Claw|p2a: Manaphy\n|-damage|p2a: Manaphy|44\/100\n|move|p2a: Manaphy|Shadow Ball|p1a: Dragonite\n|-damage|p1a: Dragonite|0 fnt\n|faint|p1a: Dragonite\n|\n|-heal|p2a: Manaphy|50\/100|[from] item: Leftovers\n|upkeep\n|\n|t:|1699704467\n|switch|p1a: Pikachu|Pikachu-World, M|46\/100\n|turn|22\n|\n|t:|1699704480\n|move|p1a: Pikachu|Thunderbolt|p2a: Manaphy\n|-supereffective|p2a: Manaphy\n|-damage|p2a: Manaphy|0 fnt\n|faint|p2a: Manaphy\n|\n|upkeep\n|\n|t:|1699704487\n|switch|p2a: Swampert|Swampert-Mega, F|100\/100\n|turn|23\n|\n|t:|1699704496\n|move|p1a: Pikachu|Surf|p2a: Swampert\n|-damage|p2a: Swampert|69\/100\n|move|p2a: Swampert|Darkest Lariat|p1a: Pikachu\n|-damage|p1a: Pikachu|0 fnt\n|faint|p1a: Pikachu\n|\n|-sideend|p1: SilkyNutz|move: Tailwind\n|upkeep\n|\n|t:|1699704502\n|switch|p1a: Shuckle|Shuckle, M, shiny|60\/100\n|turn|24\n|\n|t:|1699704513\n|move|p2a: Swampert|Flip Turn|p1a: Shuckle\n|-supereffective|p1a: Shuckle\n|-damage|p1a: Shuckle|12\/100\n|inactive|savagewolf98420 has 120 seconds left.\n|\n|t:|1699704524\n|switch|p2a: Rotom|Rotom-Wash|100\/100|[from] Flip Turn\n|move|p1a: Shuckle|Stealth Rock|p2a: Rotom\n|-sidestart|p2: savagewolf98420|move: Stealth Rock\n|\n|-heal|p1a: Shuckle|18\/100|[from] item: Leftovers\n|upkeep\n|turn|25\n|\n|t:|1699704534\n|move|p2a: Rotom|Volt Switch|p1a: Shuckle\n|-crit|p1a: Shuckle\n|-damage|p1a: Shuckle|0 fnt\n|faint|p1a: Shuckle\n|\n|t:|1699704541\n|switch|p2a: Zapdos|Zapdos|100\/100|[from] Volt Switch\n|-damage|p2a: Zapdos|76\/100|[from] Stealth Rock\n|\n|upkeep\n|\n|t:|1699704545\n|switch|p1a: Heracross|Heracross, M|100\/100\n|turn|26\n|\n|t:|1699704551\n|detailschange|p1a: Heracross|Heracross-Mega, M\n|-mega|p1a: Heracross|Heracross|Heracronite\n|move|p2a: Zapdos|Hurricane|p1a: Heracross|[miss]\n|-miss|p2a: Zapdos|p1a: Heracross\n|move|p1a: Heracross|Rock Blast|p2a: Zapdos|[miss]\n|-miss|p1a: Heracross|p2a: Zapdos\n|\n|upkeep\n|turn|27\n|\n|t:|1699704560\n|switch|p1a: Brambleghast|Brambleghast, F|26\/100\n|move|p2a: Zapdos|Hurricane|p1a: Brambleghast\n|-ability|p1a: Brambleghast|Wind Rider|boost\n|-boost|p1a: Brambleghast|atk|1\n|\n|-heal|p1a: Brambleghast|32\/100|[from] item: Leftovers\n|upkeep\n|turn|28\n|\n|t:|1699704570\n|move|p1a: Brambleghast|Rapid Spin|p2a: Zapdos\n|-damage|p2a: Zapdos|51\/100\n|-boost|p1a: Brambleghast|spe|1\n|-status|p1a: Brambleghast|par|[from] ability: Static|[of] p2a: Zapdos\n|move|p2a: Zapdos|Thunder|p1a: Brambleghast\n|-resisted|p1a: Brambleghast\n|-damage|p1a: Brambleghast|0 fnt\n|faint|p1a: Brambleghast\n|\n|upkeep\n|\n|t:|1699704576\n|switch|p1a: Heracross|Heracross-Mega, M|100\/100\n|turn|29\n|\n|t:|1699704582\n|move|p2a: Zapdos|Hurricane|p1a: Heracross\n|-supereffective|p1a: Heracross\n|-damage|p1a: Heracross|0 fnt\n|faint|p1a: Heracross\n|\n|win|savagewolf98420\n|raw|SilkyNutz's rating: 1267 &rarr; <strong>1238<\/strong><br \/>(-29 for losing)\n|raw|savagewolf98420's rating: 1209 &rarr; <strong>1238<\/strong><br \/>(+29 for winning)\n|l|\u2606SilkyNutz\n","uploadtime":1699704590,"views":7,"p1id":"silkynutz","p2id":"savagewolf98420","formatid":"gen9nationaldex","rating":1238,"private":0,"password":""}