{"id":"gen9nationaldex-1992410653","p1":"ducko76","p2":"perh4ps","format":"[Gen 9] National Dex","log":"|j|\u2606ducko76\n|j|\u2606perh4ps\n|t:|1700184367\n|gametype|singles\n|player|p1|ducko76|cynthia-gen4|\n|player|p2|perh4ps|2|\n|teamsize|p1|6\n|teamsize|p2|6\n|gen|9\n|tier|[Gen 9] National Dex\n|rule|HP Percentage Mod: HP is shown in percentages\n|rule|Endless Battle Clause: Forcing endless battles is banned\n|rule|OHKO Clause: OHKO moves are banned\n|rule|Evasion Clause: Evasion abilities, items, and moves are banned\n|rule|Evasion Abilities Clause: Evasion abilities are banned\n|rule|Evasion Items Clause: Evasion items are banned\n|rule|Evasion Moves Clause: Evasion moves are banned\n|rule|Species Clause: Limit one of each Pok\u00e9mon\n|rule|Sleep Clause Mod: Limit one foe put to sleep\n|clearpoke\n|poke|p1|Altaria, M|\n|poke|p1|Medicham, F|\n|poke|p1|Mudsdale, F|\n|poke|p1|Tropius, M|\n|poke|p1|Dondozo, M|\n|poke|p1|Meloetta|\n|poke|p2|Armarouge, M|\n|poke|p2|Iron Hands|\n|poke|p2|Tangrowth, M|\n|poke|p2|Blacephalon|\n|poke|p2|Cloyster, M|\n|poke|p2|Ninetales-Alola, F|\n|teampreview\n|\n|t:|1700184379\n|start\n|switch|p1a: Monk|Medicham, F|100\/100\n|switch|p2a: Chance To Blow|Blacephalon|100\/100\n|turn|1\n|\n|t:|1700184417\n|move|p2a: Chance To Blow|Shadow Ball|p1a: Monk\n|-supereffective|p1a: Monk\n|-damage|p1a: Monk|0 fnt\n|faint|p1a: Monk\n|-ability|p2a: Chance To Blow|Beast Boost|boost\n|-boost|p2a: Chance To Blow|spa|1\n|\n|upkeep\n|\n|t:|1700184430\n|switch|p1a: Horse|Mudsdale, F|100\/100\n|turn|2\n|\n|t:|1700184435\n|move|p2a: Chance To Blow|Shadow Ball|p1a: Horse\n|-damage|p1a: Horse|49\/100\n|-ability|p1a: Horse|Stamina|boost\n|-boost|p1a: Horse|def|1\n|move|p1a: Horse|Iron Defense|p1a: Horse\n|-boost|p1a: Horse|def|2\n|\n|-heal|p1a: Horse|55\/100|[from] item: Leftovers\n|upkeep\n|turn|3\n|\n|t:|1700184440\n|move|p2a: Chance To Blow|Shadow Ball|p1a: Horse\n|-crit|p1a: Horse\n|-damage|p1a: Horse|0 fnt\n|faint|p1a: Horse\n|-ability|p2a: Chance To Blow|Beast Boost|boost\n|-boost|p2a: Chance To Blow|spa|1\n|\n|upkeep\n|\n|t:|1700184445\n|switch|p1a: Waterfall|Dondozo, M|100\/100\n|turn|4\n|\n|t:|1700184456\n|switch|p2a: Palms Are Sweaty|Iron Hands|100\/100\n|move|p1a: Waterfall|Wave Crash|p2a: Palms Are Sweaty\n|-damage|p2a: Palms Are Sweaty|45\/100\n|-damage|p1a: Waterfall|82\/100|[from] Recoil\n|\n|upkeep\n|turn|5\n|\n|t:|1700184475\n|switch|p1a: Tree|Tropius, M|100\/100\n|move|p2a: Palms Are Sweaty|Fake Out|p1a: Tree\n|-damage|p1a: Tree|85\/100\n|\n|upkeep\n|turn|6\n|\n|t:|1700184482\n|move|p1a: Tree|U-turn|p2a: Palms Are Sweaty\n|-resisted|p2a: Palms Are Sweaty\n|-damage|p2a: Palms Are Sweaty|42\/100\n|\n|t:|1700184489\n|switch|p1a: Old woman|Meloetta|100\/100|[from] U-turn\n|move|p2a: Palms Are Sweaty|Ice Punch|p1a: Old woman\n|-damage|p1a: Old woman|61\/100\n|-status|p1a: Old woman|frz\n|\n|upkeep\n|turn|7\n|\n|t:|1700184524\n|-curestatus|p1a: Old woman|frz|[msg]\n|move|p1a: Old woman|Psychic|p2a: Palms Are Sweaty\n|-supereffective|p2a: Palms Are Sweaty\n|-damage|p2a: Palms Are Sweaty|0 fnt\n|faint|p2a: Palms Are Sweaty\n|-end|p2a: Palms Are Sweaty|Quark Drive|[silent]\n|-damage|p1a: Old woman|52\/100|[from] item: Life Orb\n|\n|upkeep\n|\n|t:|1700184535\n|switch|p2a: One Shot|Armarouge, M|100\/100\n|turn|8\n|\n|t:|1700184553\n|move|p1a: Old woman|Relic Song|p2a: One Shot\n|-damage|p2a: One Shot|44\/100\n|-formechange|p1a: Old woman|Meloetta-Pirouette|[msg]\n|-damage|p1a: Old woman|42\/100|[from] item: Life Orb\n|move|p2a: One Shot|Energy Ball|p1a: Old woman\n|-damage|p1a: Old woman|0 fnt\n|faint|p1a: Old woman\n|\n|upkeep\n|\n|t:|1700184562\n|switch|p1a: Waterfall|Dondozo, M|82\/100\n|turn|9\n|\n|t:|1700184581\n|move|p2a: One Shot|Energy Ball|p1a: Waterfall\n|-supereffective|p1a: Waterfall\n|-damage|p1a: Waterfall|0 fnt\n|faint|p1a: Waterfall\n|\n|upkeep\n|\n|t:|1700184592\n|switch|p1a: Cloud|Altaria, M|100\/100\n|turn|10\n|\n|t:|1700184616\n|detailschange|p1a: Cloud|Altaria-Mega, M\n|-mega|p1a: Cloud|Altaria|Altarianite\n|move|p1a: Cloud|Return|p2a: One Shot\n|-resisted|p2a: One Shot\n|-damage|p2a: One Shot|14\/100\n|move|p2a: One Shot|Energy Ball|p1a: Cloud\n|-resisted|p1a: Cloud\n|-damage|p1a: Cloud|74\/100\n|\n|upkeep\n|turn|11\n|\n|t:|1700184626\n|move|p1a: Cloud|Return|p2a: One Shot\n|-resisted|p2a: One Shot\n|-damage|p2a: One Shot|0 fnt\n|faint|p2a: One Shot\n|\n|upkeep\n|\n|t:|1700184629\n|switch|p2a: Cold Product|Ninetales-Alola, F|100\/100\n|-weather|Snow|[from] ability: Snow Warning|[of] p2a: Cold Product\n|turn|12\n|\n|t:|1700184646\n|move|p2a: Cold Product|Aurora Veil|p2a: Cold Product\n|-sidestart|p2: perh4ps|move: Aurora Veil\n|move|p1a: Cloud|Return|p2a: Cold Product\n|-damage|p2a: Cold Product|68\/100\n|\n|-weather|Snow|[upkeep]\n|upkeep\n|turn|13\n|\n|t:|1700184652\n|move|p2a: Cold Product|Nasty Plot|p2a: Cold Product\n|-boost|p2a: Cold Product|spa|2\n|move|p1a: Cloud|Dragon Dance|p1a: Cloud\n|-boost|p1a: Cloud|atk|1\n|-boost|p1a: Cloud|spe|1\n|\n|-weather|Snow|[upkeep]\n|upkeep\n|turn|14\n|\n|t:|1700184661\n|move|p1a: Cloud|Return|p2a: Cold Product\n|-damage|p2a: Cold Product|25\/100\n|move|p2a: Cold Product|Blizzard|p1a: Cloud\n|-supereffective|p1a: Cloud\n|-damage|p1a: Cloud|0 fnt\n|faint|p1a: Cloud\n|\n|-weather|Snow|[upkeep]\n|upkeep\n|\n|t:|1700184667\n|switch|p1a: Tree|Tropius, M|85\/100\n|turn|15\n|\n|t:|1700184671\n|move|p2a: Cold Product|Blizzard|p1a: Tree\n|-supereffective|p1a: Tree\n|-damage|p1a: Tree|0 fnt\n|faint|p1a: Tree\n|\n|win|perh4ps\n","uploadtime":1700184674,"views":9,"p1id":"ducko76","p2id":"perh4ps","formatid":"gen9nationaldex","rating":0,"private":0,"password":""}