{"id":"gen9nationaldex-1987805105","p1":"Bc2029","p2":"Vvbttij","format":"[Gen 9] National Dex","log":"|j|\u2606Bc2029\n|j|\u2606Vvbttij\n|t:|1699638469\n|gametype|singles\n|player|p1|Bc2029|volo|\n|player|p2|Vvbttij|red|\n|teamsize|p1|6\n|teamsize|p2|6\n|gen|9\n|tier|[Gen 9] National Dex\n|rule|HP Percentage Mod: HP is shown in percentages\n|rule|Endless Battle Clause: Forcing endless battles is banned\n|rule|OHKO Clause: OHKO moves are banned\n|rule|Evasion Clause: Evasion abilities, items, and moves are banned\n|rule|Evasion Abilities Clause: Evasion abilities are banned\n|rule|Evasion Items Clause: Evasion items are banned\n|rule|Evasion Moves Clause: Evasion moves are banned\n|rule|Species Clause: Limit one of each Pok\u00e9mon\n|rule|Sleep Clause Mod: Limit one foe put to sleep\n|clearpoke\n|poke|p1|Garchomp, M|\n|poke|p1|Spiritomb, F|\n|poke|p1|Togekiss, F|\n|poke|p1|Lucario, M|\n|poke|p1|Milotic, M|\n|poke|p1|Eelektross, M|\n|poke|p2|Charizard, M|\n|poke|p2|Blastoise, M|\n|poke|p2|Venusaur, M|\n|poke|p2|Snorlax, M|\n|poke|p2|Lapras, M|\n|poke|p2|Pikachu, M|\n|teampreview\n|inactive|Battle timer is ON: inactive players will automatically lose when time's up. (requested by Bc2029)\n|\n|t:|1699638479\n|start\n|switch|p1a: Spiritomb|Spiritomb, F|100\/100\n|switch|p2a: Charizard|Charizard, M|100\/100\n|-ability|p1a: Spiritomb|Pressure\n|turn|1\n|\n|t:|1699638485\n|move|p2a: Charizard|Belly Drum|p2a: Charizard\n|-damage|p2a: Charizard|50\/100\n|-setboost|p2a: Charizard|atk|6|[from] move: Belly Drum\n|move|p1a: Spiritomb|Toxic|p2a: Charizard\n|-status|p2a: Charizard|tox\n|\n|-damage|p2a: Charizard|44\/100 tox|[from] psn\n|upkeep\n|turn|2\n|\n|t:|1699638492\n|move|p1a: Spiritomb|Sucker Punch|p2a: Charizard\n|-damage|p2a: Charizard|13\/100 tox\n|-enditem|p2a: Charizard|Salac Berry|[eat]\n|-boost|p2a: Charizard|spe|1|[from] item: Salac Berry\n|move|p2a: Charizard|Dual Wingbeat|p1a: Spiritomb\n|-damage|p1a: Spiritomb|36\/100\n|-damage|p1a: Spiritomb|0 fnt\n|faint|p1a: Spiritomb\n|-hitcount|p1: Spiritomb|2\n|\n|-damage|p2a: Charizard|1\/100 tox|[from] psn\n|upkeep\n|\n|t:|1699638498\n|switch|p1a: Lucario|Lucario, M|100\/100\n|turn|3\n|\n|t:|1699638501\n|move|p1a: Lucario|Extreme Speed|p2a: Charizard\n|-damage|p2a: Charizard|0 fnt\n|faint|p2a: Charizard\n|\n|upkeep\n|\n|t:|1699638503\n|switch|p2a: Blastoise|Blastoise, M|100\/100\n|turn|4\n|\n|t:|1699638519\n|move|p1a: Lucario|Aura Sphere|p2a: Blastoise\n|-damage|p2a: Blastoise|57\/100\n|move|p2a: Blastoise|Shell Smash|p2a: Blastoise\n|-unboost|p2a: Blastoise|def|1\n|-unboost|p2a: Blastoise|spd|1\n|-boost|p2a: Blastoise|atk|2\n|-boost|p2a: Blastoise|spa|2\n|-boost|p2a: Blastoise|spe|2\n|\n|upkeep\n|turn|5\n|\n|t:|1699638534\n|move|p2a: Blastoise|Focus Blast|p1a: Lucario|[miss]\n|-miss|p2a: Blastoise|p1a: Lucario\n|move|p1a: Lucario|Aura Sphere|p2a: Blastoise\n|-damage|p2a: Blastoise|0 fnt\n|faint|p2a: Blastoise\n|\n|upkeep\n|\n|t:|1699638541\n|switch|p2a: Venusaur|Venusaur, M|100\/100\n|turn|6\n|\n|t:|1699638549\n|detailschange|p2a: Venusaur|Venusaur-Mega, M\n|-mega|p2a: Venusaur|Venusaur|Venusaurite\n|move|p1a: Lucario|Flash Cannon|p2a: Venusaur\n|-damage|p2a: Venusaur|64\/100\n|move|p2a: Venusaur|Curse|p2a: Venusaur\n|-unboost|p2a: Venusaur|spe|1\n|-boost|p2a: Venusaur|atk|1\n|-boost|p2a: Venusaur|def|1\n|\n|upkeep\n|turn|7\n|c|\u2606Vvbttij|Looks like might have to extend this a bit\n|\n|t:|1699638563\n|move|p1a: Lucario|Flash Cannon|p2a: Venusaur\n|-damage|p2a: Venusaur|31\/100\n|move|p2a: Venusaur|Synthesis|p2a: Venusaur\n|-heal|p2a: Venusaur|81\/100\n|\n|upkeep\n|turn|8\n|\n|t:|1699638576\n|move|p1a: Lucario|Dragon Pulse|p2a: Venusaur\n|-damage|p2a: Venusaur|55\/100\n|move|p2a: Venusaur|Curse|p2a: Venusaur\n|-unboost|p2a: Venusaur|spe|1\n|-boost|p2a: Venusaur|atk|1\n|-boost|p2a: Venusaur|def|1\n|\n|upkeep\n|turn|9\n|\n|t:|1699638583\n|move|p1a: Lucario|Flash Cannon|p2a: Venusaur\n|-damage|p2a: Venusaur|23\/100\n|move|p2a: Venusaur|Synthesis|p2a: Venusaur\n|-heal|p2a: Venusaur|73\/100\n|\n|upkeep\n|turn|10\n|\n|t:|1699638602\n|switch|p1a: Togekiss|Togekiss, F|100\/100\n|move|p2a: Venusaur|Curse|p2a: Venusaur\n|-unboost|p2a: Venusaur|spe|1\n|-boost|p2a: Venusaur|atk|1\n|-boost|p2a: Venusaur|def|1\n|\n|upkeep\n|turn|11\n|\n|t:|1699638611\n|move|p1a: Togekiss|Air Slash|p2a: Venusaur\n|-supereffective|p2a: Venusaur\n|-damage|p2a: Venusaur|4\/100\n|move|p2a: Venusaur|Toxic|p1a: Togekiss\n|-status|p1a: Togekiss|tox\n|\n|-damage|p1a: Togekiss|94\/100 tox|[from] psn\n|upkeep\n|turn|12\n|\n|t:|1699638624\n|move|p1a: Togekiss|Aura Sphere|p2a: Venusaur\n|-resisted|p2a: Venusaur\n|-crit|p2a: Venusaur\n|-damage|p2a: Venusaur|0 fnt\n|faint|p2a: Venusaur\n|\n|-heal|p1a: Togekiss|100\/100 tox|[from] item: Leftovers\n|-damage|p1a: Togekiss|88\/100 tox|[from] psn\n|upkeep\n|\n|t:|1699638627\n|switch|p2a: Lapras|Lapras, M|100\/100\n|turn|13\n|\n|t:|1699638636\n|move|p2a: Lapras|Dragon Dance|p2a: Lapras\n|-boost|p2a: Lapras|atk|1\n|-boost|p2a: Lapras|spe|1\n|move|p1a: Togekiss|Thunder Wave|p2a: Lapras\n|-status|p2a: Lapras|par\n|\n|-heal|p1a: Togekiss|94\/100 tox|[from] item: Leftovers\n|-damage|p1a: Togekiss|76\/100 tox|[from] psn\n|upkeep\n|turn|14\n|\n|t:|1699638640\n|move|p1a: Togekiss|Air Slash|p2a: Lapras\n|-damage|p2a: Lapras|65\/100 par\n|cant|p2a: Lapras|flinch\n|\n|-heal|p1a: Togekiss|82\/100 tox|[from] item: Leftovers\n|-damage|p1a: Togekiss|57\/100 tox|[from] psn\n|upkeep\n|turn|15\n|\n|t:|1699638652\n|move|p1a: Togekiss|Air Slash|p2a: Lapras\n|-damage|p2a: Lapras|31\/100 par\n|cant|p2a: Lapras|flinch\n|\n|-heal|p1a: Togekiss|64\/100 tox|[from] item: Leftovers\n|-damage|p1a: Togekiss|33\/100 tox|[from] psn\n|upkeep\n|turn|16\n|\n|t:|1699638662\n|switch|p1a: Lucario|Lucario, M|100\/100\n|move|p2a: Lapras|Waterfall|p1a: Lucario\n|-damage|p1a: Lucario|0 fnt\n|faint|p1a: Lucario\n|\n|upkeep\n|\n|t:|1699638682\n|switch|p1a: Eelektross|Eelektross, M|100\/100\n|turn|17\n|\n|t:|1699638688\n|-terastallize|p2a: Lapras|Ground\n|move|p2a: Lapras|Waterfall|p1a: Eelektross\n|-damage|p1a: Eelektross|28\/100\n|move|p1a: Eelektross|Thunder Punch|p2a: Lapras\n|-immune|p2a: Lapras\n|\n|upkeep\n|turn|18\n|\n|t:|1699638708\n|switch|p1a: Milotic|Milotic, M|100\/100\n|move|p2a: Lapras|Dragon Dance|p2a: Lapras\n|-boost|p2a: Lapras|atk|1\n|-boost|p2a: Lapras|spe|1\n|\n|-status|p1a: Milotic|brn|[from] item: Flame Orb\n|upkeep\n|turn|19\n|\n|t:|1699638722\n|move|p2a: Lapras|Dragon Dance|p2a: Lapras\n|-boost|p2a: Lapras|atk|1\n|-boost|p2a: Lapras|spe|1\n|move|p1a: Milotic|Scald|p2a: Lapras\n|-heal|p2a: Lapras|56\/100 par|[from] ability: Water Absorb|[of] p1a: Milotic\n|\n|-damage|p1a: Milotic|94\/100 brn|[from] brn\n|upkeep\n|turn|20\n|\n|t:|1699638729\n|move|p2a: Lapras|Freeze-Dry|p1a: Milotic\n|-supereffective|p1a: Milotic\n|-damage|p1a: Milotic|65\/100 brn\n|move|p1a: Milotic|Ice Beam|p2a: Lapras\n|-supereffective|p2a: Lapras\n|-damage|p2a: Lapras|20\/100 par\n|\n|-damage|p1a: Milotic|59\/100 brn|[from] brn\n|upkeep\n|turn|21\n|\n|t:|1699638736\n|move|p2a: Lapras|Waterfall|p1a: Milotic\n|-resisted|p1a: Milotic\n|-damage|p1a: Milotic|35\/100 brn\n|cant|p1a: Milotic|flinch\n|\n|-damage|p1a: Milotic|29\/100 brn|[from] brn\n|upkeep\n|turn|22\n|\n|t:|1699638741\n|move|p2a: Lapras|Waterfall|p1a: Milotic\n|-resisted|p1a: Milotic\n|-damage|p1a: Milotic|6\/100 brn\n|cant|p1a: Milotic|flinch\n|\n|-damage|p1a: Milotic|0 fnt|[from] brn\n|faint|p1a: Milotic\n|upkeep\n|\n|t:|1699638746\n|switch|p1a: Togekiss|Togekiss, F|33\/100 tox\n|turn|23\n|\n|t:|1699638751\n|move|p2a: Lapras|Waterfall|p1a: Togekiss\n|-damage|p1a: Togekiss|0 fnt\n|faint|p1a: Togekiss\n|\n|upkeep\n|\n|t:|1699638768\n|switch|p1a: Garchomp|Garchomp, M|100\/100\n|turn|24\n|\n|t:|1699638773\n|move|p1a: Garchomp|Dragon Claw|p2a: Lapras\n|-damage|p2a: Lapras|0 fnt\n|faint|p2a: Lapras\n|\n|upkeep\n|\n|t:|1699638775\n|switch|p2a: Pikachu|Pikachu, M|100\/100\n|turn|25\n|\n|t:|1699638777\n|move|p2a: Pikachu|Endure|p2a: Pikachu\n|-singleturn|p2a: Pikachu|move: Endure\n|move|p1a: Garchomp|Earthquake|p2a: Pikachu\n|-supereffective|p2a: Pikachu\n|-activate|p2a: Pikachu|move: Endure\n|-damage|p2a: Pikachu|1\/100\n|-enditem|p2a: Pikachu|Salac Berry|[eat]\n|-boost|p2a: Pikachu|spe|1|[from] item: Salac Berry\n|\n|upkeep\n|turn|26\n|\n|t:|1699638784\n|switch|p1a: Eelektross|Eelektross, M|28\/100\n|move|p2a: Pikachu|Endeavor|p1a: Eelektross\n|-damage|p1a: Eelektross|1\/100\n|\n|upkeep\n|turn|27\n|\n|t:|1699638794\n|move|p2a: Pikachu|Endure|p2a: Pikachu\n|-singleturn|p2a: Pikachu|move: Endure\n|-zpower|p1a: Eelektross\n|move|p1a: Eelektross|All-Out Pummeling|p2a: Pikachu|[zeffect]\n|-activate|p2a: Pikachu|move: Endure\n|-damage|p2a: Pikachu|1\/100\n|\n|upkeep\n|turn|28\n|\n|t:|1699638804\n|move|p2a: Pikachu|Quick Attack|p1a: Eelektross\n|-damage|p1a: Eelektross|0 fnt\n|faint|p1a: Eelektross\n|\n|upkeep\n|\n|t:|1699638807\n|switch|p1a: Garchomp|Garchomp, M|100\/100\n|turn|29\n|\n|t:|1699638811\n|move|p2a: Pikachu|Endeavor|p1a: Garchomp\n|-damage|p1a: Garchomp|1\/100\n|-damage|p2a: Pikachu|0 fnt|[from] ability: Rough Skin|[of] p1a: Garchomp\n|faint|p2a: Pikachu\n|move|p1a: Garchomp|Swords Dance|p1a: Garchomp\n|-boost|p1a: Garchomp|atk|2\n|\n|upkeep\n|\n|t:|1699638815\n|switch|p2a: Snorlax|Snorlax, M, shiny|100\/100\n|turn|30\n|\n|t:|1699638823\n|move|p1a: Garchomp|Earthquake|p2a: Snorlax\n|-damage|p2a: Snorlax|7\/100\n|move|p2a: Snorlax|Earthquake|p1a: Garchomp\n|-damage|p1a: Garchomp|0 fnt\n|faint|p1a: Garchomp\n|\n|win|Vvbttij\n|c|\u2606Bc2029|Gg\n|c|\u2606Vvbttij|Gg\n|l|\u2606Bc2029\n|l|\u2606Vvbttij\n|j|\u2606Vvbttij\n|player|p2|Vvbttij|red\n","uploadtime":1699639007,"views":4,"p1id":"bc2029","p2id":"vvbttij","formatid":"gen9nationaldex","rating":0,"private":0,"password":""}