{"id":"gen9nationaldex-2000530121","p1":"221savage","p2":"Ham_On_Toast","format":"[Gen 9] National Dex","log":"|html|<div class=\"broadcast-blue\"><strong>[Gen 9] National Dex is currently suspecting Sneasler! For information on how to participate check out the <a href=\"https:\/\/www.smogon.com\/forums\/threads\/sv-national-dex-suspect-8-just-dance.3731534\/\">suspect thread<\/a>.<\/strong><\/div>\n|j|\u2606221savage\n|j|\u2606Ham_On_Toast\n|t:|1701202640\n|gametype|singles\n|player|p1|221savage|102|1332\n|player|p2|Ham_On_Toast|fantina|1466\n|teamsize|p1|6\n|teamsize|p2|6\n|gen|9\n|tier|[Gen 9] National Dex\n|rated|\n|rule|HP Percentage Mod: HP is shown in percentages\n|rule|Endless Battle Clause: Forcing endless battles is banned\n|rule|OHKO Clause: OHKO moves are banned\n|rule|Evasion Clause: Evasion abilities, items, and moves are banned\n|rule|Evasion Abilities Clause: Evasion abilities are banned\n|rule|Evasion Items Clause: Evasion items are banned\n|rule|Evasion Moves Clause: Evasion moves are banned\n|rule|Species Clause: Limit one of each Pok\u00e9mon\n|rule|Sleep Clause Mod: Limit one foe put to sleep\n|clearpoke\n|poke|p1|Blastoise, F|\n|poke|p1|Banette, F|\n|poke|p1|Machamp, F|\n|poke|p1|Darmanitan, F|\n|poke|p1|Tsareena, F|\n|poke|p1|Toxtricity, F|\n|poke|p2|Steelix, M|\n|poke|p2|Tyranitar, M|\n|poke|p2|Rillaboom, F|\n|poke|p2|Sneasler, M|\n|poke|p2|Kartana|\n|poke|p2|Excadrill, M|\n|teampreview\n|inactive|Battle timer is ON: inactive players will automatically lose when time's up. (requested by Ham_On_Toast)\n|\n|t:|1701202655\n|start\n|switch|p1a: Blastoise|Blastoise, F|100\/100\n|switch|p2a: Excadrill|Excadrill, M|100\/100\n|-ability|p2a: Excadrill|Mold Breaker\n|turn|1\n|\n|t:|1701202663\n|move|p2a: Excadrill|Earthquake|p1a: Blastoise\n|-damage|p1a: Blastoise|38\/100\n|move|p1a: Blastoise|Hydro Pump|p2a: Excadrill\n|-supereffective|p2a: Excadrill\n|-enditem|p2a: Excadrill|Focus Sash\n|-damage|p2a: Excadrill|1\/100\n|\n|upkeep\n|turn|2\n|\n|t:|1701202670\n|switch|p1a: Tsareena|Tsareena, F|100\/100\n|move|p2a: Excadrill|Stealth Rock|p1a: Tsareena\n|-sidestart|p1: 221savage|move: Stealth Rock\n|\n|upkeep\n|turn|3\n|\n|t:|1701202677\n|move|p2a: Excadrill|Swords Dance|p2a: Excadrill\n|-boost|p2a: Excadrill|atk|2\n|move|p1a: Tsareena|Rapid Spin|p2a: Excadrill\n|-resisted|p2a: Excadrill\n|-damage|p2a: Excadrill|0 fnt\n|-boost|p1a: Tsareena|spe|1\n|-sideend|p1: 221savage|Stealth Rock|[from] move: Rapid Spin|[of] p1a: Tsareena\n|faint|p2a: Excadrill\n|\n|upkeep\n|\n|t:|1701202681\n|switch|p2a: Rillaboom|Rillaboom, F|100\/100\n|-fieldstart|move: Grassy Terrain|[from] ability: Grassy Surge|[of] p2a: Rillaboom\n|turn|4\n|\n|t:|1701202699\n|-terastallize|p1a: Tsareena|Ice\n|move|p1a: Tsareena|Triple Axel|p2a: Rillaboom\n|-supereffective|p2a: Rillaboom\n|-damage|p2a: Rillaboom|77\/100\n|-supereffective|p2a: Rillaboom\n|-damage|p2a: Rillaboom|30\/100\n|-supereffective|p2a: Rillaboom\n|-damage|p2a: Rillaboom|0 fnt\n|faint|p2a: Rillaboom\n|-hitcount|p2: Rillaboom|3\n|\n|upkeep\n|\n|t:|1701202707\n|switch|p2a: Sneasler|Sneasler, M|100\/100\n|-enditem|p2a: Sneasler|Grassy Seed\n|-boost|p2a: Sneasler|def|1|[from] item: Grassy Seed\n|turn|5\n|\n|t:|1701202715\n|switch|p1a: Toxtricity|Toxtricity, F|100\/100\n|move|p2a: Sneasler|Swords Dance|p2a: Sneasler\n|-boost|p2a: Sneasler|atk|2\n|\n|upkeep\n|turn|6\n|\n|t:|1701202724\n|move|p2a: Sneasler|Swords Dance|p2a: Sneasler\n|-boost|p2a: Sneasler|atk|2\n|move|p1a: Toxtricity|Boomburst|p2a: Sneasler\n|-damage|p2a: Sneasler|0 fnt\n|faint|p2a: Sneasler\n|\n|upkeep\n|\n|t:|1701202733\n|switch|p2a: Kartana|Kartana|100\/100\n|turn|7\n|c|\u2606221savage|bruh\n|\n|t:|1701202741\n|-terastallize|p2a: Kartana|Grass\n|move|p2a: Kartana|Leaf Blade|p1a: Toxtricity\n|-resisted|p1a: Toxtricity\n|-damage|p1a: Toxtricity|31\/100\n|move|p1a: Toxtricity|Boomburst|p2a: Kartana\n|-damage|p2a: Kartana|0 fnt\n|faint|p2a: Kartana\n|\n|-heal|p1a: Toxtricity|37\/100|[from] Grassy Terrain\n|upkeep\n|\n|t:|1701202745\n|switch|p2a: Steelix|Steelix, M|100\/100\n|turn|8\n|\n|t:|1701202749\n|detailschange|p2a: Steelix|Steelix-Mega, M\n|-mega|p2a: Steelix|Steelix|Steelixite\n|move|p1a: Toxtricity|Boomburst|p2a: Steelix\n|-resisted|p2a: Steelix\n|-damage|p2a: Steelix|48\/100\n|move|p2a: Steelix|Rock Polish|p2a: Steelix\n|-boost|p2a: Steelix|spe|2\n|\n|-heal|p2a: Steelix|54\/100|[from] Grassy Terrain\n|-heal|p1a: Toxtricity|43\/100|[from] Grassy Terrain\n|-fieldend|move: Grassy Terrain\n|upkeep\n|turn|9\n|\n|t:|1701202755\n|move|p2a: Steelix|Body Press|p1a: Toxtricity\n|-resisted|p1a: Toxtricity\n|-damage|p1a: Toxtricity|19\/100\n|move|p1a: Toxtricity|Boomburst|p2a: Steelix\n|-resisted|p2a: Steelix\n|-damage|p2a: Steelix|4\/100\n|\n|upkeep\n|turn|10\n|\n|t:|1701202758\n|move|p2a: Steelix|Body Press|p1a: Toxtricity\n|-resisted|p1a: Toxtricity\n|-damage|p1a: Toxtricity|0 fnt\n|faint|p1a: Toxtricity\n|\n|upkeep\n|\n|t:|1701202768\n|switch|p1a: Darmanitan|Darmanitan, F|100\/100\n|turn|11\n|\n|t:|1701202785\n|move|p1a: Darmanitan|Earthquake|p2a: Steelix\n|-supereffective|p2a: Steelix\n|-damage|p2a: Steelix|0 fnt\n|faint|p2a: Steelix\n|\n|upkeep\n|\n|t:|1701202788\n|switch|p2a: Tyranitar|Tyranitar, M|100\/100\n|-weather|Sandstorm|[from] ability: Sand Stream|[of] p2a: Tyranitar\n|turn|12\n|c|\u2606Ham_On_Toast|Idc\n|c|\u2606221savage|ok\n|-message|Ham_On_Toast forfeited.\n|\n|win|221savage\n|raw|221savage's rating: 1332 &rarr; <strong>1359<\/strong><br \/>(+27 for winning)\n|raw|Ham_On_Toast's rating: 1466 &rarr; <strong>1439<\/strong><br \/>(-27 for losing)\n|l|\u2606Ham_On_Toast\n","uploadtime":1701202830,"views":1,"p1id":"221savage","p2id":"hamontoast","formatid":"gen9nationaldex","rating":1359,"private":0,"password":""}