{"id":"gen9nationaldex-1996556653","p1":"Herengay","p2":"NDSNEZ Akasaka","format":"[Gen 9] National Dex","log":"|html|<div class=\"broadcast-blue\"><strong>[Gen 9] National Dex is currently suspecting Sneasler! For information on how to participate check out the <a href=\"https:\/\/www.smogon.com\/forums\/threads\/sv-national-dex-suspect-8-just-dance.3731534\/\">suspect thread<\/a>.<\/strong><\/div>\n|j|\u2606Herengay\n|j|\u2606NDSNEZ Akasaka\n|t:|1700693958\n|gametype|singles\n|player|p1|Herengay|allister|1361\n|player|p2|NDSNEZ Akasaka|ingo|1364\n|teamsize|p1|6\n|teamsize|p2|6\n|gen|9\n|tier|[Gen 9] National Dex\n|rated|\n|rule|HP Percentage Mod: HP is shown in percentages\n|rule|Endless Battle Clause: Forcing endless battles is banned\n|rule|OHKO Clause: OHKO moves are banned\n|rule|Evasion Clause: Evasion abilities, items, and moves are banned\n|rule|Evasion Abilities Clause: Evasion abilities are banned\n|rule|Evasion Items Clause: Evasion items are banned\n|rule|Evasion Moves Clause: Evasion moves are banned\n|rule|Species Clause: Limit one of each Pok\u00e9mon\n|rule|Sleep Clause Mod: Limit one foe put to sleep\n|clearpoke\n|poke|p1|Aegislash, M|\n|poke|p1|Zapdos|\n|poke|p1|Ting-Lu|\n|poke|p1|Lopunny, M|\n|poke|p1|Landorus-Therian, M|\n|poke|p1|Zeraora|\n|poke|p2|Ursaluna, F|\n|poke|p2|Slowbro, F|\n|poke|p2|Bronzong|\n|poke|p2|Mawile, M|\n|poke|p2|Iron Hands|\n|poke|p2|Cresselia, F|\n|teampreview\n|inactive|Battle timer is ON: inactive players will automatically lose when time's up. (requested by Herengay)\n|inactive|NDSNEZ Akasaka has 120 seconds left.\n|\n|t:|1700694019\n|start\n|switch|p1a: Landorus|Landorus-Therian, M|100\/100\n|switch|p2a: Bronzong|Bronzong|100\/100\n|-ability|p1a: Landorus|Intimidate|boost\n|-unboost|p2a: Bronzong|atk|1\n|turn|1\n|inactive|NDSNEZ Akasaka has 120 seconds left.\n|\n|t:|1700694055\n|move|p1a: Landorus|Stealth Rock|p2a: Bronzong\n|-sidestart|p2: NDSNEZ Akasaka|move: Stealth Rock\n|move|p2a: Bronzong|Stealth Rock|p1a: Landorus\n|-sidestart|p1: Herengay|move: Stealth Rock\n|\n|upkeep\n|turn|2\n|\n|t:|1700694066\n|move|p1a: Landorus|Knock Off|p2a: Bronzong\n|-supereffective|p2a: Bronzong\n|-damage|p2a: Bronzong|63\/100\n|-enditem|p2a: Bronzong|Mental Herb|[from] move: Knock Off|[of] p1a: Landorus\n|move|p2a: Bronzong|Trick Room|p2a: Bronzong\n|-fieldstart|move: Trick Room|[of] p2a: Bronzong\n|\n|upkeep\n|turn|3\n|inactive|NDSNEZ Akasaka has 120 seconds left.\n|inactive|Herengay has 120 seconds left.\n|\n|t:|1700694113\n|move|p2a: Bronzong|Explosion|p1a: Landorus\n|-damage|p1a: Landorus|69\/100\n|faint|p2a: Bronzong\n|move|p1a: Landorus|Earthquake|p2: Bronzong|[notarget]\n|-fail|p1a: Landorus\n|\n|-heal|p1a: Landorus|75\/100|[from] item: Leftovers\n|upkeep\n|inactive|NDSNEZ Akasaka has 90 seconds left.\n|\n|t:|1700694143\n|switch|p2a: Iron Hands|Iron Hands|100\/100\n|-damage|p2a: Iron Hands|94\/100|[from] Stealth Rock\n|turn|4\n|\n|t:|1700694150\n|move|p2a: Iron Hands|Swords Dance|p2a: Iron Hands\n|-boost|p2a: Iron Hands|atk|2\n|move|p1a: Landorus|Earthquake|p2a: Iron Hands\n|-supereffective|p2a: Iron Hands\n|-damage|p2a: Iron Hands|38\/100\n|\n|-heal|p1a: Landorus|81\/100|[from] item: Leftovers\n|upkeep\n|turn|5\n|\n|t:|1700694168\n|-terastallize|p1a: Landorus|Water\n|move|p2a: Iron Hands|Ice Punch|p1a: Landorus\n|-resisted|p1a: Landorus\n|-damage|p1a: Landorus|53\/100\n|move|p1a: Landorus|Earthquake|p2a: Iron Hands\n|-supereffective|p2a: Iron Hands\n|-damage|p2a: Iron Hands|0 fnt\n|faint|p2a: Iron Hands\n|-end|p2a: Iron Hands|Quark Drive|[silent]\n|\n|-heal|p1a: Landorus|59\/100|[from] item: Leftovers\n|upkeep\n|\n|t:|1700694171\n|switch|p2a: Mawile|Mawile, M|100\/100\n|-damage|p2a: Mawile|94\/100|[from] Stealth Rock\n|-ability|p2a: Mawile|Intimidate|boost\n|-unboost|p1a: Landorus|atk|1\n|turn|6\n|\n|t:|1700694177\n|detailschange|p2a: Mawile|Mawile-Mega, M\n|-mega|p2a: Mawile|Mawile|Mawilite\n|move|p2a: Mawile|Play Rough|p1a: Landorus|[miss]\n|-miss|p2a: Mawile|p1a: Landorus\n|move|p1a: Landorus|Earthquake|p2a: Mawile\n|-supereffective|p2a: Mawile\n|-damage|p2a: Mawile|32\/100\n|\n|-heal|p1a: Landorus|65\/100|[from] item: Leftovers\n|-fieldend|move: Trick Room\n|upkeep\n|turn|7\n|c|\u2606NDSNEZ Akasaka|lol\n|c|\u2606Herengay|big sad\n|\n|t:|1700694188\n|switch|p2a: Slowbro|Slowbro, F|100\/100\n|move|p1a: Landorus|Earthquake|p2a: Slowbro\n|-damage|p2a: Slowbro|83\/100\n|\n|-heal|p1a: Landorus|71\/100|[from] item: Leftovers\n|upkeep\n|turn|8\n|\n|t:|1700694193\n|move|p1a: Landorus|Knock Off|p2a: Slowbro\n|-supereffective|p2a: Slowbro\n|-damage|p2a: Slowbro|56\/100\n|-enditem|p2a: Slowbro|Heavy-Duty Boots|[from] move: Knock Off|[of] p1a: Landorus\n|move|p2a: Slowbro|Trick Room|p2a: Slowbro\n|-fieldstart|move: Trick Room|[of] p2a: Slowbro\n|\n|-heal|p1a: Landorus|77\/100|[from] item: Leftovers\n|upkeep\n|turn|9\n|\n|t:|1700694198\n|switch|p2a: Ursaluna|Ursaluna, F|100\/100\n|-damage|p2a: Ursaluna|94\/100|[from] Stealth Rock\n|move|p1a: Landorus|U-turn|p2a: Ursaluna\n|-damage|p2a: Ursaluna|83\/100\n|\n|t:|1700694202\n|switch|p1a: Lopunny|Lopunny, M|100\/100|[from] U-turn\n|-damage|p1a: Lopunny|88\/100|[from] Stealth Rock\n|\n|-status|p2a: Ursaluna|brn|[from] item: Flame Orb\n|upkeep\n|turn|10\n|\n|t:|1700694205\n|detailschange|p1a: Lopunny|Lopunny-Mega, M\n|-mega|p1a: Lopunny|Lopunny|Lopunnite\n|move|p1a: Lopunny|Fake Out|p2a: Ursaluna\n|-damage|p2a: Ursaluna|69\/100 brn\n|cant|p2a: Ursaluna|flinch\n|\n|-damage|p2a: Ursaluna|63\/100 brn|[from] brn\n|upkeep\n|turn|11\n|\n|t:|1700694211\n|switch|p1a: Aegislash|Aegislash, M|100\/100\n|-damage|p1a: Aegislash|94\/100|[from] Stealth Rock\n|move|p2a: Ursaluna|Headlong Rush|p1a: Aegislash\n|-supereffective|p1a: Aegislash\n|-damage|p1a: Aegislash|0 fnt\n|-unboost|p2a: Ursaluna|def|1\n|-unboost|p2a: Ursaluna|spd|1\n|faint|p1a: Aegislash\n|\n|-damage|p2a: Ursaluna|57\/100 brn|[from] brn\n|upkeep\n|\n|t:|1700694219\n|switch|p1a: Lopunny|Lopunny-Mega, M|88\/100\n|-damage|p1a: Lopunny|82\/100|[from] Stealth Rock\n|turn|12\n|\n|t:|1700694224\n|switch|p2a: Slowbro|Slowbro, F|89\/100\n|-damage|p2a: Slowbro|77\/100|[from] Stealth Rock\n|move|p1a: Lopunny|Fake Out|p2a: Slowbro\n|-damage|p2a: Slowbro|64\/100\n|\n|-fieldend|move: Trick Room\n|upkeep\n|turn|13\n|\n|t:|1700694228\n|move|p1a: Lopunny|Return|p2a: Slowbro\n|-damage|p2a: Slowbro|33\/100\n|move|p2a: Slowbro|Trick Room|p2a: Slowbro\n|-fieldstart|move: Trick Room|[of] p2a: Slowbro\n|\n|upkeep\n|turn|14\n|\n|t:|1700694239\n|move|p2a: Slowbro|Scald|p1a: Lopunny\n|-damage|p1a: Lopunny|47\/100\n|-status|p1a: Lopunny|brn\n|move|p1a: Lopunny|Return|p2a: Slowbro\n|-damage|p2a: Slowbro|18\/100\n|\n|-damage|p1a: Lopunny|41\/100 brn|[from] brn\n|upkeep\n|turn|15\n|c|\u2606Herengay|noooooooooooooo\n|c|\u2606NDSNEZ Akasaka|XD\n|\n|t:|1700694251\n|switch|p2a: Mawile|Mawile-Mega, M|32\/100\n|-damage|p2a: Mawile|26\/100|[from] Stealth Rock\n|move|p1a: Lopunny|U-turn|p2a: Mawile\n|-resisted|p2a: Mawile\n|-damage|p2a: Mawile|23\/100\n|\n|t:|1700694253\n|switch|p1a: Landorus|Landorus-Therian, M, tera:Water|77\/100|[from] U-turn\n|-damage|p1a: Landorus|65\/100|[from] Stealth Rock\n|-ability|p1a: Landorus|Intimidate|boost\n|-unboost|p2a: Mawile|atk|1\n|\n|-heal|p1a: Landorus|71\/100|[from] item: Leftovers\n|upkeep\n|turn|16\n|\n|t:|1700694257\n|move|p2a: Mawile|Play Rough|p1a: Landorus\n|-damage|p1a: Landorus|16\/100\n|move|p1a: Landorus|Earthquake|p2a: Mawile\n|-supereffective|p2a: Mawile\n|-damage|p2a: Mawile|0 fnt\n|faint|p2a: Mawile\n|\n|-heal|p1a: Landorus|22\/100|[from] item: Leftovers\n|upkeep\n|\n|t:|1700694261\n|switch|p2a: Slowbro|Slowbro, F|51\/100\n|-damage|p2a: Slowbro|39\/100|[from] Stealth Rock\n|turn|17\n|\n|t:|1700694270\n|switch|p1a: Ting-Lu|Ting-Lu|100\/100\n|-damage|p1a: Ting-Lu|94\/100|[from] Stealth Rock\n|-ability|p1a: Ting-Lu|Vessel of Ruin\n|move|p2a: Slowbro|Body Press|p1a: Ting-Lu\n|-supereffective|p1a: Ting-Lu\n|-crit|p1a: Ting-Lu\n|-damage|p1a: Ting-Lu|46\/100\n|\n|-heal|p1a: Ting-Lu|53\/100|[from] item: Leftovers\n|-fieldend|move: Trick Room\n|upkeep\n|turn|18\n|\n|t:|1700694273\n|move|p1a: Ting-Lu|Spikes|p2a: Slowbro\n|-sidestart|p2: NDSNEZ Akasaka|Spikes\n|move|p2a: Slowbro|Trick Room|p2a: Slowbro\n|-fieldstart|move: Trick Room|[of] p2a: Slowbro\n|\n|-heal|p1a: Ting-Lu|59\/100|[from] item: Leftovers\n|upkeep\n|turn|19\n|\n|t:|1700694276\n|move|p2a: Slowbro|Body Press|p1a: Ting-Lu\n|-supereffective|p1a: Ting-Lu\n|-damage|p1a: Ting-Lu|28\/100\n|move|p1a: Ting-Lu|Spikes|p2a: Slowbro\n|-sidestart|p2: NDSNEZ Akasaka|Spikes\n|\n|-heal|p1a: Ting-Lu|34\/100|[from] item: Leftovers\n|upkeep\n|turn|20\n|\n|t:|1700694283\n|move|p2a: Slowbro|Body Press|p1a: Ting-Lu\n|-supereffective|p1a: Ting-Lu\n|-damage|p1a: Ting-Lu|6\/100\n|move|p1a: Ting-Lu|Whirlwind|p2a: Slowbro\n|drag|p2a: Ursaluna|Ursaluna, F|57\/100 brn\n|-damage|p2a: Ursaluna|50\/100 brn|[from] Stealth Rock\n|-damage|p2a: Ursaluna|34\/100 brn|[from] Spikes\n|\n|-heal|p1a: Ting-Lu|13\/100|[from] item: Leftovers\n|-damage|p2a: Ursaluna|27\/100 brn|[from] brn\n|upkeep\n|turn|21\n|\n|t:|1700694290\n|move|p2a: Ursaluna|Facade|p1a: Ting-Lu\n|-damage|p1a: Ting-Lu|0 fnt\n|faint|p1a: Ting-Lu\n|\n|-damage|p2a: Ursaluna|21\/100 brn|[from] brn\n|upkeep\n|\n|t:|1700694294\n|switch|p1a: Lopunny|Lopunny-Mega, M|41\/100 brn\n|-damage|p1a: Lopunny|35\/100 brn|[from] Stealth Rock\n|turn|22\n|\n|t:|1700694297\n|switch|p2a: Cresselia|Cresselia, F|100\/100\n|-damage|p2a: Cresselia|88\/100|[from] Stealth Rock\n|move|p1a: Lopunny|Return|p2a: Cresselia\n|-damage|p2a: Cresselia|70\/100\n|\n|-damage|p1a: Lopunny|29\/100 brn|[from] brn\n|-fieldend|move: Trick Room\n|upkeep\n|turn|23\n|\n|t:|1700694303\n|move|p1a: Lopunny|U-turn|p2a: Cresselia\n|-supereffective|p2a: Cresselia\n|-damage|p2a: Cresselia|52\/100\n|\n|t:|1700694306\n|switch|p1a: Landorus|Landorus-Therian, M, tera:Water|22\/100|[from] U-turn\n|-damage|p1a: Landorus|9\/100|[from] Stealth Rock\n|-ability|p1a: Landorus|Intimidate|boost\n|-unboost|p2a: Cresselia|atk|1\n|move|p2a: Cresselia|Moonlight|p2a: Cresselia\n|-heal|p2a: Cresselia|100\/100\n|\n|-heal|p1a: Landorus|15\/100|[from] item: Leftovers\n|upkeep\n|turn|24\n|\n|t:|1700694309\n|move|p1a: Landorus|Knock Off|p2a: Cresselia\n|-supereffective|p2a: Cresselia\n|-enditem|p2a: Cresselia|Colbur Berry|[eat]\n|-enditem|p2a: Cresselia|Colbur Berry|[weaken]\n|-damage|p2a: Cresselia|79\/100\n|move|p2a: Cresselia|Moonblast|p1a: Landorus\n|-damage|p1a: Landorus|0 fnt\n|faint|p1a: Landorus\n|\n|upkeep\n|\n|t:|1700694314\n|switch|p1a: Zeraora|Zeraora|100\/100\n|turn|25\n|\n|t:|1700694317\n|move|p1a: Zeraora|Bulk Up|p1a: Zeraora\n|-boost|p1a: Zeraora|atk|1\n|-boost|p1a: Zeraora|def|1\n|move|p2a: Cresselia|Trick Room|p2a: Cresselia\n|-fieldstart|move: Trick Room|[of] p2a: Cresselia\n|\n|upkeep\n|turn|26\n|\n|t:|1700694322\n|move|p2a: Cresselia|Lunar Dance|p2a: Cresselia\n|faint|p2a: Cresselia\n|move|p1a: Zeraora|Bulk Up|p1a: Zeraora\n|-boost|p1a: Zeraora|atk|1\n|-boost|p1a: Zeraora|def|1\n|\n|upkeep\n|\n|t:|1700694324\n|switch|p2a: Ursaluna|Ursaluna, F|21\/100 brn\n|-heal|p2a: Ursaluna|100\/100|[from] move: Lunar Dance\n|-damage|p2a: Ursaluna|94\/100|[from] Stealth Rock\n|-damage|p2a: Ursaluna|78\/100|[from] Spikes\n|turn|27\n|\n|t:|1700694328\n|switch|p1a: Zapdos|Zapdos|100\/100\n|move|p2a: Ursaluna|Headlong Rush|p1a: Zapdos\n|-immune|p1a: Zapdos\n|\n|-status|p2a: Ursaluna|brn|[from] item: Flame Orb\n|upkeep\n|turn|28\n|\n|t:|1700694337\n|move|p2a: Ursaluna|Facade|p1a: Zapdos\n|-damage|p1a: Zapdos|0 fnt\n|faint|p1a: Zapdos\n|\n|-damage|p2a: Ursaluna|71\/100 brn|[from] brn\n|upkeep\n|\n|t:|1700694341\n|switch|p1a: Lopunny|Lopunny-Mega, M|29\/100 brn\n|-damage|p1a: Lopunny|23\/100 brn|[from] Stealth Rock\n|turn|29\n|\n|t:|1700694346\n|switch|p2a: Slowbro|Slowbro, F|72\/100\n|-damage|p2a: Slowbro|60\/100|[from] Stealth Rock\n|-damage|p2a: Slowbro|43\/100|[from] Spikes\n|move|p1a: Lopunny|Close Combat|p2a: Slowbro\n|-resisted|p2a: Slowbro\n|-damage|p2a: Slowbro|33\/100\n|-unboost|p1a: Lopunny|def|1\n|-unboost|p1a: Lopunny|spd|1\n|\n|-damage|p1a: Lopunny|17\/100 brn|[from] brn\n|-fieldend|move: Trick Room\n|upkeep\n|turn|30\n|\n|t:|1700694349\n|move|p1a: Lopunny|U-turn|p2a: Slowbro\n|-supereffective|p2a: Slowbro\n|-damage|p2a: Slowbro|20\/100\n|\n|t:|1700694351\n|switch|p1a: Zeraora|Zeraora|100\/100|[from] U-turn\n|move|p2a: Slowbro|Trick Room|p2a: Slowbro\n|-fieldstart|move: Trick Room|[of] p2a: Slowbro\n|\n|upkeep\n|turn|31\n|\n|t:|1700694355\n|switch|p1a: Lopunny|Lopunny-Mega, M|17\/100 brn\n|-damage|p1a: Lopunny|12\/100 brn|[from] Stealth Rock\n|move|p2a: Slowbro|Scald|p1a: Lopunny\n|-damage|p1a: Lopunny|0 fnt\n|faint|p1a: Lopunny\n|\n|upkeep\n|\n|t:|1700694360\n|switch|p1a: Zeraora|Zeraora|100\/100\n|turn|32\n|\n|t:|1700694363\n|move|p2a: Slowbro|Scald|p1a: Zeraora\n|-damage|p1a: Zeraora|65\/100\n|move|p1a: Zeraora|Substitute|p1a: Zeraora\n|-start|p1a: Zeraora|Substitute\n|-damage|p1a: Zeraora|41\/100\n|\n|upkeep\n|turn|33\n|\n|t:|1700694372\n|move|p2a: Slowbro|Scald|p1a: Zeraora\n|-end|p1a: Zeraora|Substitute\n|move|p1a: Zeraora|Substitute|p1a: Zeraora\n|-start|p1a: Zeraora|Substitute\n|-damage|p1a: Zeraora|16\/100\n|\n|upkeep\n|turn|34\n|\n|t:|1700694377\n|move|p2a: Slowbro|Scald|p1a: Zeraora\n|-end|p1a: Zeraora|Substitute\n|move|p1a: Zeraora|Plasma Fists|p2a: Slowbro\n|-supereffective|p2a: Slowbro\n|-damage|p2a: Slowbro|0 fnt\n|-fieldactivate|move: Ion Deluge\n|-hint|Normal-type moves become Electric-type after using Plasma Fists.\n|faint|p2a: Slowbro\n|\n|-fieldend|move: Trick Room\n|upkeep\n|\n|t:|1700694379\n|switch|p2a: Ursaluna|Ursaluna, F|71\/100 brn\n|-damage|p2a: Ursaluna|65\/100 brn|[from] Stealth Rock\n|-damage|p2a: Ursaluna|48\/100 brn|[from] Spikes\n|turn|35\n|c|\u2606NDSNEZ Akasaka|sad\n|c|\u2606Herengay|AHHHHHHHHHHHHHhh\n|\n|t:|1700694394\n|move|p1a: Zeraora|Close Combat|p2a: Ursaluna\n|-supereffective|p2a: Ursaluna\n|-damage|p2a: Ursaluna|0 fnt\n|-unboost|p1a: Zeraora|def|1\n|-unboost|p1a: Zeraora|spd|1\n|faint|p2a: Ursaluna\n|\n|win|Herengay\n|raw|Herengay's rating: 1361 &rarr; <strong>1381<\/strong><br \/>(+20 for winning)\n|raw|NDSNEZ Akasaka's rating: 1364 &rarr; <strong>1344<\/strong><br \/>(-20 for losing)\n|c|\u2606Herengay|gg\n|c|\u2606NDSNEZ Akasaka|bg\n|l|\u2606NDSNEZ Akasaka\n","uploadtime":1700694422,"views":2,"p1id":"herengay","p2id":"ndsnezakasaka","formatid":"gen9nationaldex","rating":1344,"private":0,"password":""}