{"id":"gen9nationaldex-1992395255","p1":"JAWA_08","p2":"Qwmere","format":"[Gen 9] National Dex","log":"|j|\u2606JAWA_08\n|j|\u2606Qwmere\n|t:|1700182589\n|gametype|singles\n|player|p1|JAWA_08|giovanni|1079\n|player|p2|Qwmere|102|1132\n|teamsize|p1|6\n|teamsize|p2|6\n|gen|9\n|tier|[Gen 9] National Dex\n|rated|\n|rule|HP Percentage Mod: HP is shown in percentages\n|rule|Endless Battle Clause: Forcing endless battles is banned\n|rule|OHKO Clause: OHKO moves are banned\n|rule|Evasion Clause: Evasion abilities, items, and moves are banned\n|rule|Evasion Abilities Clause: Evasion abilities are banned\n|rule|Evasion Items Clause: Evasion items are banned\n|rule|Evasion Moves Clause: Evasion moves are banned\n|rule|Species Clause: Limit one of each Pok\u00e9mon\n|rule|Sleep Clause Mod: Limit one foe put to sleep\n|clearpoke\n|poke|p1|Tinkaton, F|\n|poke|p1|Serperior, F|\n|poke|p1|Mawile, M|\n|poke|p1|Kecleon, M|\n|poke|p1|Blacephalon|\n|poke|p1|Starmie|\n|poke|p2|Regice|\n|poke|p2|Latias, F|\n|poke|p2|Tapu Koko|\n|poke|p2|Sneasler, M|\n|poke|p2|Infernape, F|\n|poke|p2|Gyarados, M|\n|teampreview\n|inactive|Battle timer is ON: inactive players will automatically lose when time's up. (requested by Qwmere)\n|\n|t:|1700182602\n|start\n|switch|p1a: Mawile|Mawile, M, shiny|100\/100\n|switch|p2a: Infernape|Infernape, F|100\/100\n|-ability|p1a: Mawile|Intimidate|boost\n|-unboost|p2a: Infernape|atk|1\n|turn|1\n|\n|t:|1700182612\n|switch|p1a: Starmie|Starmie|100\/100\n|move|p2a: Infernape|Flamethrower|p1a: Starmie\n|-resisted|p1a: Starmie\n|-damage|p1a: Starmie|75\/100\n|\n|upkeep\n|turn|2\n|\n|t:|1700182624\n|switch|p2a: Tapu Koko|Tapu Koko|100\/100\n|-fieldstart|move: Electric Terrain|[from] ability: Electric Surge|[of] p2a: Tapu Koko\n|move|p1a: Starmie|Dazzling Gleam|p2a: Tapu Koko\n|-damage|p2a: Tapu Koko|51\/100\n|\n|upkeep\n|turn|3\n|\n|t:|1700182634\n|switch|p1a: Serperior|Serperior, F, shiny|100\/100\n|move|p2a: Tapu Koko|Wild Charge|p1a: Serperior\n|-resisted|p1a: Serperior\n|-damage|p1a: Serperior|66\/100\n|-damage|p2a: Tapu Koko|40\/100|[from] Recoil\n|-damage|p2a: Tapu Koko|30\/100|[from] item: Life Orb\n|\n|-heal|p1a: Serperior|72\/100|[from] item: Leftovers\n|upkeep\n|turn|4\n|\n|t:|1700182643\n|move|p2a: Tapu Koko|Brave Bird|p1a: Serperior\n|-supereffective|p1a: Serperior\n|-damage|p1a: Serperior|0 fnt\n|faint|p1a: Serperior\n|-damage|p2a: Tapu Koko|0 fnt|[from] Recoil\n|faint|p2a: Tapu Koko\n|\n|upkeep\n|\n|t:|1700182651\n|switch|p2a: Sneasler|Sneasler, M, shiny|100\/100\n|switch|p1a: Blacephalon|Blacephalon|100\/100\n|-enditem|p2a: Sneasler|Electric Seed\n|-boost|p2a: Sneasler|def|1|[from] item: Electric Seed\n|turn|5\n|\n|t:|1700182662\n|move|p2a: Sneasler|Dire Claw|p1a: Blacephalon\n|-resisted|p1a: Blacephalon\n|-damage|p1a: Blacephalon|52\/100\n|move|p1a: Blacephalon|Mind Blown|p2a: Sneasler\n|-damage|p2a: Sneasler|0 fnt\n|-damage|p1a: Blacephalon|2\/100|[from] mindblown\n|faint|p2a: Sneasler\n|-ability|p1a: Blacephalon|Beast Boost|boost\n|-boost|p1a: Blacephalon|spa|1\n|\n|upkeep\n|\n|t:|1700182674\n|switch|p2a: Gyarados|Gyarados, M|100\/100\n|turn|6\n|\n|t:|1700182679\n|move|p1a: Blacephalon|Trick|p2a: Gyarados\n|-activate|p1a: Blacephalon|move: Trick|[of] p2a: Gyarados\n|-item|p2a: Gyarados|Flame Orb|[from] move: Trick\n|-item|p1a: Blacephalon|Loaded Dice|[from] move: Trick\n|move|p2a: Gyarados|Dragon Dance|p2a: Gyarados\n|-boost|p2a: Gyarados|atk|1\n|-boost|p2a: Gyarados|spe|1\n|\n|-fieldend|move: Electric Terrain\n|-status|p2a: Gyarados|brn|[from] item: Flame Orb\n|upkeep\n|turn|7\n|\n|t:|1700182698\n|move|p2a: Gyarados|Dragon Dance|p2a: Gyarados\n|-boost|p2a: Gyarados|atk|1\n|-boost|p2a: Gyarados|spe|1\n|move|p1a: Blacephalon|Shadow Ball|p2a: Gyarados\n|-damage|p2a: Gyarados|28\/100 brn\n|\n|-damage|p2a: Gyarados|22\/100 brn|[from] brn\n|upkeep\n|turn|8\n|\n|t:|1700182705\n|move|p2a: Gyarados|Scale Shot|p1a: Blacephalon\n|-damage|p1a: Blacephalon|0 fnt\n|faint|p1a: Blacephalon\n|-ability|p2a: Gyarados|Moxie|boost\n|-boost|p2a: Gyarados|atk|1\n|-hitcount|p1: Blacephalon|1\n|-unboost|p2a: Gyarados|def|1\n|-boost|p2a: Gyarados|spe|1\n|\n|-damage|p2a: Gyarados|16\/100 brn|[from] brn\n|upkeep\n|\n|t:|1700182719\n|switch|p1a: Tinkaton|Tinkaton, F, shiny|100\/100\n|-ability|p1a: Tinkaton|Mold Breaker\n|turn|9\n|\n|t:|1700182729\n|move|p2a: Gyarados|Waterfall|p1a: Tinkaton\n|-damage|p1a: Tinkaton|20\/100\n|cant|p1a: Tinkaton|flinch\n|\n|-heal|p1a: Tinkaton|27\/100|[from] item: Leftovers\n|-damage|p2a: Gyarados|10\/100 brn|[from] brn\n|upkeep\n|turn|10\n|c|\u2606Qwmere|wow\n|\n|t:|1700182738\n|move|p2a: Gyarados|Waterfall|p1a: Tinkaton\n|-crit|p1a: Tinkaton\n|-damage|p1a: Tinkaton|0 fnt\n|faint|p1a: Tinkaton\n|-ability|p2a: Gyarados|Moxie|boost\n|-boost|p2a: Gyarados|atk|1\n|\n|-damage|p2a: Gyarados|4\/100 brn|[from] brn\n|upkeep\n|c|\u2606JAWA_08|really?\n|\n|t:|1700182745\n|switch|p1a: Kecleon|Kecleon, M, shiny|100\/100\n|turn|11\n|\n|t:|1700182750\n|move|p1a: Kecleon|Fake Out|p2a: Gyarados\n|-damage|p2a: Gyarados|0 fnt\n|faint|p2a: Gyarados\n|\n|upkeep\n|\n|t:|1700182754\n|switch|p2a: Infernape|Infernape, F|100\/100\n|turn|12\n|\n|t:|1700182758\n|move|p2a: Infernape|Nasty Plot|p2a: Infernape\n|-boost|p2a: Infernape|spa|2\n|move|p1a: Kecleon|Blizzard|p2a: Infernape\n|-resisted|p2a: Infernape\n|-damage|p2a: Infernape|82\/100\n|\n|upkeep\n|turn|13\n|\n|t:|1700182766\n|move|p2a: Infernape|Nasty Plot|p2a: Infernape\n|-boost|p2a: Infernape|spa|2\n|move|p1a: Kecleon|Thunder|p2a: Infernape\n|-damage|p2a: Infernape|41\/100\n|-status|p2a: Infernape|par\n|\n|upkeep\n|turn|14\n|\n|t:|1700182773\n|cant|p2a: Infernape|par\n|move|p1a: Kecleon|Thunder|p2a: Infernape\n|-damage|p2a: Infernape|2\/100 par\n|\n|upkeep\n|turn|15\n|\n|t:|1700182795\n|switch|p1a: Starmie|Starmie|75\/100\n|move|p2a: Infernape|Vacuum Wave|p1a: Starmie\n|-resisted|p1a: Starmie\n|-damage|p1a: Starmie|46\/100\n|\n|upkeep\n|turn|16\n|\n|t:|1700182806\n|move|p2a: Infernape|Vacuum Wave|p1a: Starmie\n|-resisted|p1a: Starmie\n|-damage|p1a: Starmie|11\/100\n|move|p1a: Starmie|Dazzling Gleam|p2a: Infernape\n|-damage|p2a: Infernape|0 fnt\n|faint|p2a: Infernape\n|\n|upkeep\n|\n|t:|1700182811\n|switch|p2a: Latias|Latias, F, shiny|100\/100\n|turn|17\n|\n|t:|1700182815\n|detailschange|p2a: Latias|Latias-Mega, F, shiny\n|-mega|p2a: Latias|Latias|Latiasite\n|move|p2a: Latias|Calm Mind|p2a: Latias\n|-boost|p2a: Latias|spa|1\n|-boost|p2a: Latias|spd|1\n|move|p1a: Starmie|Blizzard|p2a: Latias\n|-supereffective|p2a: Latias\n|-damage|p2a: Latias|63\/100\n|-status|p2a: Latias|frz\n|\n|upkeep\n|turn|18\n|c|\u2606JAWA_08|LOL\n|c|\u2606Qwmere|wtf\n|c|\u2606Qwmere|ggs\n|c|\u2606Qwmere|game is fucked\n|\n|t:|1700182833\n|cant|p2a: Latias|frz\n|move|p1a: Starmie|Blizzard|p2a: Latias\n|-supereffective|p2a: Latias\n|-damage|p2a: Latias|26\/100 frz\n|\n|upkeep\n|turn|19\n|\n|t:|1700182839\n|cant|p2a: Latias|frz\n|move|p1a: Starmie|Blizzard|p2a: Latias\n|-supereffective|p2a: Latias\n|-damage|p2a: Latias|0 fnt\n|faint|p2a: Latias\n|\n|upkeep\n|c|\u2606Qwmere|bitch ass game\n|\n|t:|1700182846\n|switch|p2a: Regice|Regice|100\/100\n|turn|20\n|\n|t:|1700182851\n|move|p2a: Regice|Thunderbolt|p1a: Starmie\n|-supereffective|p1a: Starmie\n|-damage|p1a: Starmie|0 fnt\n|faint|p1a: Starmie\n|\n|upkeep\n|\n|t:|1700182857\n|switch|p1a: Mawile|Mawile, M, shiny|100\/100\n|-ability|p1a: Mawile|Intimidate|boost\n|-fail|p2a: Regice|unboost|[from] ability: Clear Body|[of] p2a: Regice\n|turn|21\n|inactive|Qwmere has 120 seconds left.\n|\n|t:|1700182897\n|detailschange|p1a: Mawile|Mawile-Mega, M, shiny\n|-mega|p1a: Mawile|Mawile|Mawilite\n|move|p1a: Mawile|Power-Up Punch|p2a: Regice\n|-supereffective|p2a: Regice\n|-damage|p2a: Regice|54\/100\n|-boost|p1a: Mawile|atk|1\n|move|p2a: Regice|Flash Cannon|p1a: Mawile\n|-damage|p1a: Mawile|69\/100\n|\n|upkeep\n|turn|22\n|inactive|Qwmere has 120 seconds left.\n|\n|t:|1700182908\n|move|p1a: Mawile|Power-Up Punch|p2a: Regice\n|-supereffective|p2a: Regice\n|-crit|p2a: Regice\n|-damage|p2a: Regice|0 fnt\n|-boost|p1a: Mawile|atk|1\n|faint|p2a: Regice\n|\n|win|JAWA_08\n|raw|JAWA_08's rating: 1079 &rarr; <strong>1111<\/strong><br \/>(+32 for winning)\n|raw|Qwmere's rating: 1132 &rarr; <strong>1103<\/strong><br \/>(-29 for losing)\n","uploadtime":1700182844,"views":4,"p1id":"jawa08","p2id":"qwmere","formatid":"gen9nationaldex","rating":1103,"private":0,"password":""}