{"id":"gen9nationaldex-1998951918","p1":"0xyt0c1njunk1e","p2":"marcolalenda","format":"[Gen 9] National Dex","log":"|html|<div class=\"broadcast-blue\"><strong>[Gen 9] National Dex is currently suspecting Sneasler! For information on how to participate check out the <a href=\"https:\/\/www.smogon.com\/forums\/threads\/sv-national-dex-suspect-8-just-dance.3731534\/\">suspect thread<\/a>.<\/strong><\/div>\n|j|\u26060xyt0c1njunk1e\n|j|\u2606marcolalenda\n|t:|1701017023\n|gametype|singles\n|player|p1|0xyt0c1njunk1e|iris|1299\n|player|p2|marcolalenda|kiawe|1420\n|teamsize|p1|6\n|teamsize|p2|6\n|gen|9\n|tier|[Gen 9] National Dex\n|rated|\n|rule|HP Percentage Mod: HP is shown in percentages\n|rule|Endless Battle Clause: Forcing endless battles is banned\n|rule|OHKO Clause: OHKO moves are banned\n|rule|Evasion Clause: Evasion abilities, items, and moves are banned\n|rule|Evasion Abilities Clause: Evasion abilities are banned\n|rule|Evasion Items Clause: Evasion items are banned\n|rule|Evasion Moves Clause: Evasion moves are banned\n|rule|Species Clause: Limit one of each Pok\u00e9mon\n|rule|Sleep Clause Mod: Limit one foe put to sleep\n|clearpoke\n|poke|p1|Clodsire, F|\n|poke|p1|Dondozo, M|\n|poke|p1|Alomomola, F|\n|poke|p1|Blissey, F|\n|poke|p1|Ferrothorn, F|\n|poke|p1|Moltres|\n|poke|p2|Landorus-Therian, M|\n|poke|p2|Greninja-*, M|\n|poke|p2|Ferrothorn, F|\n|poke|p2|Munkidori, M|\n|poke|p2|Lopunny, F|\n|poke|p2|Garganacl, M|\n|teampreview\n|inactive|Battle timer is ON: inactive players will automatically lose when time's up. (requested by 0xyt0c1njunk1e)\n|inactive|marcolalenda also wants the timer to be on.\n|\n|t:|1701017029\n|start\n|switch|p1a: Ferrothorn|Ferrothorn, F|100\/100\n|switch|p2a: Febre90s'|Landorus-Therian, M|100\/100\n|-ability|p2a: Febre90s'|Intimidate|boost\n|-unboost|p1a: Ferrothorn|atk|1\n|turn|1\n|\n|t:|1701017043\n|move|p2a: Febre90s'|Stealth Rock|p1a: Ferrothorn\n|-sidestart|p1: 0xyt0c1njunk1e|move: Stealth Rock\n|move|p1a: Ferrothorn|Spikes|p2a: Febre90s'\n|-sidestart|p2: marcolalenda|Spikes\n|\n|upkeep\n|turn|2\n|\n|t:|1701017053\n|switch|p2a: Munkidori|Munkidori, M|100\/100\n|-damage|p2a: Munkidori|88\/100|[from] Spikes\n|move|p1a: Ferrothorn|Knock Off|p2a: Munkidori\n|-supereffective|p2a: Munkidori\n|-damage|p2a: Munkidori|52\/100\n|-enditem|p2a: Munkidori|Choice Scarf|[from] move: Knock Off|[of] p1a: Ferrothorn\n|\n|upkeep\n|turn|3\n|\n|t:|1701017063\n|switch|p1a: Moltres|Moltres|100\/100\n|move|p2a: Munkidori|Trick|p1a: Moltres\n|-activate|p2a: Munkidori|move: Trick|[of] p1a: Moltres\n|-enditem|p1a: Moltres|Heavy-Duty Boots|[silent]|[from] move: Trick\n|-item|p2a: Munkidori|Heavy-Duty Boots|[from] move: Trick\n|\n|upkeep\n|turn|4\n|\n|t:|1701017071\n|move|p2a: Munkidori|Parting Shot|p1a: Moltres\n|-unboost|p1a: Moltres|atk|1\n|-unboost|p1a: Moltres|spa|1\n|\n|t:|1701017078\n|switch|p2a: Febre90s'|Landorus-Therian, M|100\/100|[from] Parting Shot\n|-ability|p2a: Febre90s'|Intimidate|boost\n|-unboost|p1a: Moltres|atk|1\n|move|p1a: Moltres|Flamethrower|p2a: Febre90s'\n|-damage|p2a: Febre90s'|75\/100\n|\n|upkeep\n|turn|5\n|\n|t:|1701017081\n|move|p2a: Febre90s'|Toxic|p1a: Moltres\n|-status|p1a: Moltres|tox\n|move|p1a: Moltres|Defog|p2a: Febre90s'\n|-unboost|p2a: Febre90s'|evasion|1\n|-sideend|p2: marcolalenda|Spikes|[from] move: Defog|[of] p1a: Moltres\n|-sideend|p1: 0xyt0c1njunk1e|Stealth Rock|[from] move: Defog|[of] p1a: Moltres\n|\n|-damage|p1a: Moltres|94\/100 tox|[from] psn\n|upkeep\n|turn|6\n|\n|t:|1701017085\n|move|p2a: Febre90s'|Stealth Rock|p1a: Moltres\n|-sidestart|p1: 0xyt0c1njunk1e|move: Stealth Rock\n|move|p1a: Moltres|Whirlwind|p2a: Febre90s'\n|drag|p2a: Lucro|Greninja, M|100\/100\n|\n|-damage|p1a: Moltres|82\/100 tox|[from] psn\n|upkeep\n|turn|7\n|\n|t:|1701017091\n|switch|p1a: Blissey|Blissey, F|100\/100\n|move|p2a: Lucro|Surf|p1a: Blissey\n|-damage|p1a: Blissey|86\/100\n|-damage|p2a: Lucro|91\/100|[from] item: Life Orb\n|\n|upkeep\n|turn|8\n|\n|t:|1701017097\n|switch|p2a: Garganacl|Garganacl, M|100\/100\n|move|p1a: Blissey|Stealth Rock|p2a: Garganacl\n|-sidestart|p2: marcolalenda|move: Stealth Rock\n|\n|upkeep\n|turn|9\n|\n|t:|1701017105\n|switch|p1a: Alomomola|Alomomola, F|100\/100\n|move|p2a: Garganacl|Salt Cure|p1a: Alomomola\n|-damage|p1a: Alomomola|93\/100\n|-start|p1a: Alomomola|Salt Cure\n|\n|-damage|p1a: Alomomola|68\/100|[from] Salt Cure\n|upkeep\n|turn|10\n|\n|t:|1701017110\n|switch|p1a: Ferrothorn|Ferrothorn, F|100\/100\n|-damage|p1a: Ferrothorn|95\/100|[from] Stealth Rock\n|move|p2a: Garganacl|Curse|p2a: Garganacl\n|-unboost|p2a: Garganacl|spe|1\n|-boost|p2a: Garganacl|atk|1\n|-boost|p2a: Garganacl|def|1\n|\n|upkeep\n|turn|11\n|\n|t:|1701017115\n|move|p1a: Ferrothorn|Leech Seed|p2a: Garganacl\n|-start|p2a: Garganacl|move: Leech Seed\n|move|p2a: Garganacl|Salt Cure|p1a: Ferrothorn\n|-resisted|p1a: Ferrothorn\n|-damage|p1a: Ferrothorn|89\/100\n|-start|p1a: Ferrothorn|Salt Cure\n|\n|-damage|p2a: Garganacl|88\/100|[from] Leech Seed|[of] p1a: Ferrothorn\n|-heal|p1a: Ferrothorn|100\/100|[silent]\n|-damage|p1a: Ferrothorn|76\/100|[from] Salt Cure\n|upkeep\n|turn|12\n|\n|t:|1701017126\n|switch|p1a: Moltres|Moltres|82\/100 tox\n|-damage|p1a: Moltres|33\/100 tox|[from] Stealth Rock\n|switch|p2a: Febre90s'|Landorus-Therian, M|75\/100\n|-damage|p2a: Febre90s'|62\/100|[from] Stealth Rock\n|-ability|p2a: Febre90s'|Intimidate|boost\n|-unboost|p1a: Moltres|atk|1\n|\n|-damage|p1a: Moltres|27\/100 tox|[from] psn\n|upkeep\n|turn|13\n|\n|t:|1701017133\n|move|p2a: Febre90s'|U-turn|p1a: Moltres\n|-resisted|p1a: Moltres\n|-damage|p1a: Moltres|23\/100 tox\n|\n|t:|1701017154\n|switch|p2a: Garganacl|Garganacl, M|88\/100|[from] U-turn\n|-damage|p2a: Garganacl|76\/100|[from] Stealth Rock\n|move|p1a: Moltres|Roost|p1a: Moltres\n|-heal|p1a: Moltres|73\/100 tox\n|-singleturn|p1a: Moltres|move: Roost\n|\n|-heal|p2a: Garganacl|82\/100|[from] item: Leftovers\n|-damage|p1a: Moltres|61\/100 tox|[from] psn\n|upkeep\n|turn|14\n|inactive|marcolalenda has 120 seconds left.\n|\n|t:|1701017181\n|move|p2a: Garganacl|Salt Cure|p1a: Moltres\n|-supereffective|p1a: Moltres\n|-damage|p1a: Moltres|23\/100 tox\n|-start|p1a: Moltres|Salt Cure\n|move|p1a: Moltres|Whirlwind|p2a: Garganacl\n|drag|p2a: Lucro|Greninja, M|91\/100\n|-damage|p2a: Lucro|78\/100|[from] Stealth Rock\n|\n|-damage|p1a: Moltres|5\/100 tox|[from] psn\n|-damage|p1a: Moltres|0 fnt|[from] Salt Cure\n|faint|p1a: Moltres\n|upkeep\n|\n|t:|1701017188\n|switch|p1a: Blissey|Blissey, F|86\/100\n|turn|15\n|inactive|marcolalenda has 120 seconds left.\n|\n|t:|1701017214\n|switch|p2a: Ice on my wrist|Ferrothorn, F|100\/100\n|-damage|p2a: Ice on my wrist|94\/100|[from] Stealth Rock\n|move|p1a: Blissey|Seismic Toss|p2a: Ice on my wrist\n|-damage|p2a: Ice on my wrist|66\/100\n|-damage|p1a: Blissey|73\/100|[from] ability: Iron Barbs|[of] p2a: Ice on my wrist\n|\n|-heal|p2a: Ice on my wrist|72\/100|[from] item: Leftovers\n|upkeep\n|turn|16\n|\n|t:|1701017228\n|switch|p1a: Ferrothorn|Ferrothorn, F|76\/100\n|-damage|p1a: Ferrothorn|70\/100|[from] Stealth Rock\n|move|p2a: Ice on my wrist|Leech Seed|p1a: Ferrothorn\n|-immune|p1a: Ferrothorn\n|\n|-heal|p2a: Ice on my wrist|78\/100|[from] item: Leftovers\n|upkeep\n|turn|17\n|\n|t:|1701017240\n|switch|p2a: Febre90s'|Landorus-Therian, M|62\/100\n|-damage|p2a: Febre90s'|50\/100|[from] Stealth Rock\n|-ability|p2a: Febre90s'|Intimidate|boost\n|-unboost|p1a: Ferrothorn|atk|1\n|move|p1a: Ferrothorn|Spikes|p2a: Febre90s'\n|-sidestart|p2: marcolalenda|Spikes\n|\n|upkeep\n|turn|18\n|\n|t:|1701017246\n|move|p2a: Febre90s'|Earthquake|p1a: Ferrothorn\n|-damage|p1a: Ferrothorn|41\/100\n|move|p1a: Ferrothorn|Spikes|p2a: Febre90s'\n|-sidestart|p2: marcolalenda|Spikes\n|\n|upkeep\n|turn|19\n|\n|t:|1701017251\n|move|p2a: Febre90s'|Earthquake|p1a: Ferrothorn\n|-damage|p1a: Ferrothorn|16\/100\n|move|p1a: Ferrothorn|Leech Seed|p2a: Febre90s'\n|-start|p2a: Febre90s'|move: Leech Seed\n|\n|-damage|p2a: Febre90s'|38\/100|[from] Leech Seed|[of] p1a: Ferrothorn\n|-heal|p1a: Ferrothorn|29\/100|[silent]\n|upkeep\n|turn|20\n|\n|t:|1701017257\n|move|p1a: Ferrothorn|Protect|p1a: Ferrothorn\n|-singleturn|p1a: Ferrothorn|Protect\n|move|p2a: Febre90s'|U-turn|p1a: Ferrothorn\n|-activate|p1a: Ferrothorn|move: Protect\n|\n|-damage|p2a: Febre90s'|25\/100|[from] Leech Seed|[of] p1a: Ferrothorn\n|-heal|p1a: Ferrothorn|42\/100|[silent]\n|upkeep\n|turn|21\n|\n|t:|1701017260\n|move|p1a: Ferrothorn|Protect|p1a: Ferrothorn\n|-singleturn|p1a: Ferrothorn|Protect\n|move|p2a: Febre90s'|Earthquake|p1a: Ferrothorn\n|-activate|p1a: Ferrothorn|move: Protect\n|\n|-damage|p2a: Febre90s'|13\/100|[from] Leech Seed|[of] p1a: Ferrothorn\n|-heal|p1a: Ferrothorn|56\/100|[silent]\n|upkeep\n|turn|22\n|\n|t:|1701017262\n|move|p2a: Febre90s'|Earthquake|p1a: Ferrothorn\n|-damage|p1a: Ferrothorn|30\/100\n|move|p1a: Ferrothorn|Spikes|p2a: Febre90s'\n|-sidestart|p2: marcolalenda|Spikes\n|\n|-damage|p2a: Febre90s'|1\/100|[from] Leech Seed|[of] p1a: Ferrothorn\n|-heal|p1a: Ferrothorn|44\/100|[silent]\n|upkeep\n|turn|23\n|\n|t:|1701017266\n|move|p1a: Ferrothorn|Protect|p1a: Ferrothorn\n|-singleturn|p1a: Ferrothorn|Protect\n|move|p2a: Febre90s'|Earthquake|p1a: Ferrothorn\n|-activate|p1a: Ferrothorn|move: Protect\n|\n|-damage|p2a: Febre90s'|0 fnt|[from] Leech Seed|[of] p1a: Ferrothorn\n|-heal|p1a: Ferrothorn|44\/100|[silent]\n|faint|p2a: Febre90s'\n|upkeep\n|\n|t:|1701017269\n|switch|p2a: Menino de bel\u00f4|Lopunny, F|100\/100\n|-damage|p2a: Menino de bel\u00f4|88\/100|[from] Stealth Rock\n|-damage|p2a: Menino de bel\u00f4|64\/100|[from] Spikes\n|turn|24\n|\n|t:|1701017274\n|switch|p1a: Clodsire|Clodsire, F|100\/100\n|detailschange|p2a: Menino de bel\u00f4|Lopunny-Mega, F\n|-mega|p2a: Menino de bel\u00f4|Lopunny|Lopunnite\n|move|p2a: Menino de bel\u00f4|Close Combat|p1a: Clodsire\n|-resisted|p1a: Clodsire\n|-damage|p1a: Clodsire|65\/100\n|-unboost|p2a: Menino de bel\u00f4|def|1\n|-unboost|p2a: Menino de bel\u00f4|spd|1\n|\n|upkeep\n|turn|25\n|\n|t:|1701017282\n|switch|p1a: Ferrothorn|Ferrothorn, F|44\/100\n|-damage|p1a: Ferrothorn|38\/100|[from] Stealth Rock\n|move|p2a: Menino de bel\u00f4|Return|p1a: Ferrothorn\n|-resisted|p1a: Ferrothorn\n|-damage|p1a: Ferrothorn|22\/100\n|-damage|p2a: Menino de bel\u00f4|51\/100|[from] ability: Iron Barbs|[of] p1a: Ferrothorn\n|-damage|p2a: Menino de bel\u00f4|35\/100|[from] item: Rocky Helmet|[of] p1a: Ferrothorn\n|\n|upkeep\n|turn|26\n|\n|t:|1701017294\n|move|p2a: Menino de bel\u00f4|Close Combat|p1a: Ferrothorn\n|-supereffective|p1a: Ferrothorn\n|-damage|p1a: Ferrothorn|0 fnt\n|-unboost|p2a: Menino de bel\u00f4|def|1\n|-unboost|p2a: Menino de bel\u00f4|spd|1\n|-damage|p2a: Menino de bel\u00f4|23\/100|[from] ability: Iron Barbs|[of] p1a: Ferrothorn\n|-damage|p2a: Menino de bel\u00f4|6\/100|[from] item: Rocky Helmet|[of] p1a: Ferrothorn\n|faint|p1a: Ferrothorn\n|\n|upkeep\n|\n|t:|1701017303\n|switch|p1a: Dondozo|Dondozo, M|100\/100\n|turn|27\n|\n|t:|1701017313\n|move|p2a: Menino de bel\u00f4|Return|p1a: Dondozo\n|-damage|p1a: Dondozo|74\/100\n|move|p1a: Dondozo|Liquidation|p2a: Menino de bel\u00f4\n|-damage|p2a: Menino de bel\u00f4|0 fnt\n|faint|p2a: Menino de bel\u00f4\n|\n|upkeep\n|\n|t:|1701017317\n|switch|p2a: Ice on my wrist|Ferrothorn, F|78\/100\n|-damage|p2a: Ice on my wrist|72\/100|[from] Stealth Rock\n|-damage|p2a: Ice on my wrist|47\/100|[from] Spikes\n|turn|28\n|\n|t:|1701017325\n|move|p1a: Dondozo|Body Press|p2a: Ice on my wrist\n|-supereffective|p2a: Ice on my wrist\n|-damage|p2a: Ice on my wrist|15\/100\n|-damage|p1a: Dondozo|61\/100|[from] ability: Iron Barbs|[of] p2a: Ice on my wrist\n|move|p2a: Ice on my wrist|Leech Seed|p1a: Dondozo\n|-start|p1a: Dondozo|move: Leech Seed\n|\n|-heal|p2a: Ice on my wrist|22\/100|[from] item: Leftovers\n|-damage|p1a: Dondozo|49\/100|[from] Leech Seed|[of] p2a: Ice on my wrist\n|-heal|p2a: Ice on my wrist|39\/100|[silent]\n|upkeep\n|turn|29\n|\n|t:|1701017336\n|switch|p1a: Alomomola|Alomomola, F|100\/100\n|move|p2a: Ice on my wrist|Protect||[still]\n|-fail|p2a: Ice on my wrist\n|\n|-heal|p2a: Ice on my wrist|46\/100|[from] item: Leftovers\n|upkeep\n|turn|30\n|\n|t:|1701017342\n|move|p1a: Alomomola|Wish|p1a: Alomomola\n|move|p2a: Ice on my wrist|Leech Seed|p1a: Alomomola\n|-start|p1a: Alomomola|move: Leech Seed\n|\n|-heal|p2a: Ice on my wrist|52\/100|[from] item: Leftovers\n|-damage|p1a: Alomomola|88\/100|[from] Leech Seed|[of] p2a: Ice on my wrist\n|-heal|p2a: Ice on my wrist|71\/100|[silent]\n|upkeep\n|turn|31\n|\n|t:|1701017350\n|switch|p1a: Dondozo|Dondozo, M|49\/100\n|move|p2a: Ice on my wrist|Power Whip|p1a: Dondozo|[miss]\n|-miss|p2a: Ice on my wrist|p1a: Dondozo\n|\n|-heal|p1a: Dondozo|100\/100|[from] move: Wish|[wisher] Alomomola\n|-heal|p2a: Ice on my wrist|77\/100|[from] item: Leftovers\n|upkeep\n|turn|32\n|\n|t:|1701017355\n|move|p1a: Dondozo|Body Press|p2a: Ice on my wrist\n|-supereffective|p2a: Ice on my wrist\n|-crit|p2a: Ice on my wrist\n|-damage|p2a: Ice on my wrist|30\/100\n|-damage|p1a: Dondozo|88\/100|[from] ability: Iron Barbs|[of] p2a: Ice on my wrist\n|move|p2a: Ice on my wrist|Power Whip|p1a: Dondozo|[miss]\n|-miss|p2a: Ice on my wrist|p1a: Dondozo\n|\n|-heal|p2a: Ice on my wrist|37\/100|[from] item: Leftovers\n|upkeep\n|turn|33\n|\n|t:|1701017362\n|move|p2a: Ice on my wrist|Protect|p2a: Ice on my wrist\n|-singleturn|p2a: Ice on my wrist|Protect\n|move|p1a: Dondozo|Body Press|p2a: Ice on my wrist\n|-activate|p2a: Ice on my wrist|move: Protect\n|\n|-heal|p2a: Ice on my wrist|43\/100|[from] item: Leftovers\n|upkeep\n|turn|34\n|\n|t:|1701017370\n|-terastallize|p2a: Ice on my wrist|Water\n|move|p1a: Dondozo|Body Press|p2a: Ice on my wrist\n|-damage|p2a: Ice on my wrist|26\/100\n|-damage|p1a: Dondozo|75\/100|[from] ability: Iron Barbs|[of] p2a: Ice on my wrist\n|move|p2a: Ice on my wrist|Leech Seed|p1a: Dondozo\n|-start|p1a: Dondozo|move: Leech Seed\n|\n|-heal|p2a: Ice on my wrist|33\/100|[from] item: Leftovers\n|-damage|p1a: Dondozo|63\/100|[from] Leech Seed|[of] p2a: Ice on my wrist\n|-heal|p2a: Ice on my wrist|50\/100|[silent]\n|upkeep\n|turn|35\n|\n|t:|1701017381\n|switch|p1a: Clodsire|Clodsire, F|65\/100\n|move|p2a: Ice on my wrist|Protect||[still]\n|-fail|p2a: Ice on my wrist\n|\n|-heal|p2a: Ice on my wrist|57\/100|[from] item: Leftovers\n|upkeep\n|turn|36\n|\n|t:|1701017386\n|move|p1a: Clodsire|Toxic|p2a: Ice on my wrist\n|-status|p2a: Ice on my wrist|tox\n|move|p2a: Ice on my wrist|Leech Seed|p1a: Clodsire\n|-start|p1a: Clodsire|move: Leech Seed\n|\n|-heal|p2a: Ice on my wrist|63\/100 tox|[from] item: Leftovers\n|-damage|p1a: Clodsire|52\/100|[from] Leech Seed|[of] p2a: Ice on my wrist\n|-heal|p2a: Ice on my wrist|79\/100 tox|[silent]\n|-damage|p2a: Ice on my wrist|73\/100 tox|[from] psn\n|upkeep\n|turn|37\n|\n|t:|1701017410\n|switch|p1a: Alomomola|Alomomola, F|100\/100\n|move|p2a: Ice on my wrist|Power Whip|p1a: Alomomola\n|-supereffective|p1a: Alomomola\n|-damage|p1a: Alomomola|58\/100\n|\n|-heal|p2a: Ice on my wrist|79\/100 tox|[from] item: Leftovers\n|-damage|p2a: Ice on my wrist|67\/100 tox|[from] psn\n|upkeep\n|turn|38\n|\n|t:|1701017417\n|move|p1a: Alomomola|Wish|p1a: Alomomola\n|move|p2a: Ice on my wrist|Leech Seed|p1a: Alomomola\n|-start|p1a: Alomomola|move: Leech Seed\n|\n|-heal|p2a: Ice on my wrist|73\/100 tox|[from] item: Leftovers\n|-damage|p1a: Alomomola|45\/100|[from] Leech Seed|[of] p2a: Ice on my wrist\n|-heal|p2a: Ice on my wrist|92\/100 tox|[silent]\n|-damage|p2a: Ice on my wrist|73\/100 tox|[from] psn\n|upkeep\n|turn|39\n|\n|t:|1701017422\n|switch|p1a: Dondozo|Dondozo, M|63\/100\n|switch|p2a: Garganacl|Garganacl, M|82\/100\n|-damage|p2a: Garganacl|70\/100|[from] Stealth Rock\n|-damage|p2a: Garganacl|45\/100|[from] Spikes\n|\n|-heal|p1a: Dondozo|100\/100|[from] move: Wish|[wisher] Alomomola\n|-heal|p2a: Garganacl|51\/100|[from] item: Leftovers\n|upkeep\n|turn|40\n|\n|t:|1701017427\n|move|p1a: Dondozo|Liquidation|p2a: Garganacl\n|-supereffective|p2a: Garganacl\n|-damage|p2a: Garganacl|12\/100\n|move|p2a: Garganacl|Salt Cure|p1a: Dondozo\n|-damage|p1a: Dondozo|94\/100\n|-start|p1a: Dondozo|Salt Cure\n|\n|-heal|p2a: Garganacl|18\/100|[from] item: Leftovers\n|-damage|p1a: Dondozo|69\/100|[from] Salt Cure\n|upkeep\n|turn|41\n|\n|t:|1701017433\n|switch|p2a: Ice on my wrist|Ferrothorn, F, tera:Water|73\/100 tox\n|-damage|p2a: Ice on my wrist|61\/100 tox|[from] Stealth Rock\n|-damage|p2a: Ice on my wrist|36\/100 tox|[from] Spikes\n|move|p1a: Dondozo|Liquidation|p2a: Ice on my wrist\n|-resisted|p2a: Ice on my wrist\n|-damage|p2a: Ice on my wrist|28\/100 tox\n|-damage|p1a: Dondozo|56\/100|[from] ability: Iron Barbs|[of] p2a: Ice on my wrist\n|\n|-heal|p2a: Ice on my wrist|34\/100 tox|[from] item: Leftovers\n|-damage|p2a: Ice on my wrist|28\/100 tox|[from] psn\n|-damage|p1a: Dondozo|31\/100|[from] Salt Cure\n|upkeep\n|turn|42\n|\n|t:|1701017440\n|switch|p1a: Alomomola|Alomomola, F|79\/100\n|move|p2a: Ice on my wrist|Leech Seed|p1a: Alomomola\n|-start|p1a: Alomomola|move: Leech Seed\n|\n|-heal|p2a: Ice on my wrist|34\/100 tox|[from] item: Leftovers\n|-damage|p1a: Alomomola|66\/100|[from] Leech Seed|[of] p2a: Ice on my wrist\n|-heal|p2a: Ice on my wrist|53\/100 tox|[silent]\n|-damage|p2a: Ice on my wrist|40\/100 tox|[from] psn\n|upkeep\n|turn|43\n|\n|t:|1701017446\n|switch|p2a: Garganacl|Garganacl, M|18\/100\n|-damage|p2a: Garganacl|5\/100|[from] Stealth Rock\n|-damage|p2a: Garganacl|0 fnt|[from] Spikes\n|faint|p2a: Garganacl\n|move|p1a: Alomomola|Wish|p1a: Alomomola\n|\n|upkeep\n|\n|t:|1701017453\n|switch|p2a: Munkidori|Munkidori, M|52\/100\n|turn|44\n|\n|t:|1701017461\n|switch|p1a: Dondozo|Dondozo, M|31\/100\n|move|p2a: Munkidori|Sludge Wave|p1a: Dondozo\n|-damage|p1a: Dondozo|0 fnt\n|faint|p1a: Dondozo\n|\n|upkeep\n|\n|t:|1701017469\n|switch|p1a: Blissey|Blissey, F|73\/100\n|turn|45\n|\n|t:|1701017482\n|move|p2a: Munkidori|Parting Shot|p1a: Blissey\n|-unboost|p1a: Blissey|atk|1\n|-unboost|p1a: Blissey|spa|1\n|\n|t:|1701017488\n|switch|p2a: Ice on my wrist|Ferrothorn, F, tera:Water|40\/100 tox|[from] Parting Shot\n|-damage|p2a: Ice on my wrist|28\/100 tox|[from] Stealth Rock\n|-damage|p2a: Ice on my wrist|3\/100 tox|[from] Spikes\n|move|p1a: Blissey|Seismic Toss|p2a: Ice on my wrist\n|-damage|p2a: Ice on my wrist|0 fnt\n|-damage|p1a: Blissey|61\/100|[from] ability: Iron Barbs|[of] p2a: Ice on my wrist\n|faint|p2a: Ice on my wrist\n|\n|upkeep\n|\n|t:|1701017491\n|switch|p2a: Lucro|Greninja, M|78\/100\n|-damage|p2a: Lucro|66\/100|[from] Stealth Rock\n|-damage|p2a: Lucro|41\/100|[from] Spikes\n|turn|46\n|\n|t:|1701017494\n|move|p2a: Lucro|Surf|p1a: Blissey\n|-damage|p1a: Blissey|46\/100\n|-damage|p2a: Lucro|31\/100|[from] item: Life Orb\n|move|p1a: Blissey|Seismic Toss|p2a: Lucro\n|-damage|p2a: Lucro|0 fnt\n|faint|p2a: Lucro\n|\n|upkeep\n|\n|t:|1701017498\n|switch|p2a: Munkidori|Munkidori, M|52\/100\n|turn|47\n|\n|t:|1701017501\n|move|p2a: Munkidori|Sludge Wave|p1a: Blissey\n|-damage|p1a: Blissey|31\/100\n|move|p1a: Blissey|Soft-Boiled|p1a: Blissey\n|-heal|p1a: Blissey|81\/100\n|\n|upkeep\n|turn|48\n|\n|t:|1701017504\n|move|p2a: Munkidori|Sludge Wave|p1a: Blissey\n|-damage|p1a: Blissey|69\/100\n|-status|p1a: Blissey|tox|[from] ability: Toxic Chain|[of] p2a: Munkidori\n|move|p1a: Blissey|Seismic Toss|p2a: Munkidori\n|-damage|p2a: Munkidori|20\/100\n|\n|-damage|p1a: Blissey|62\/100 tox|[from] psn\n|upkeep\n|turn|49\n|\n|t:|1701017509\n|-curestatus|p1a: Blissey|tox|[from] ability: Natural Cure\n|switch|p1a: Clodsire|Clodsire, F|52\/100\n|move|p2a: Munkidori|Psychic|p1a: Clodsire\n|-supereffective|p1a: Clodsire\n|-damage|p1a: Clodsire|0 fnt\n|faint|p1a: Clodsire\n|\n|upkeep\n|\n|t:|1701017515\n|switch|p1a: Blissey|Blissey, F|62\/100\n|turn|50\n|c|\u26060xyt0c1njunk1e|gg\n|\n|t:|1701017531\n|move|p2a: Munkidori|Sludge Wave|p1a: Blissey\n|-damage|p1a: Blissey|49\/100\n|move|p1a: Blissey|Seismic Toss|p2a: Munkidori\n|-damage|p2a: Munkidori|0 fnt\n|faint|p2a: Munkidori\n|\n|win|0xyt0c1njunk1e\n|raw|0xyt0c1njunk1e's rating: 1299 &rarr; <strong>1332<\/strong><br \/>(+33 for winning)\n|raw|marcolalenda's rating: 1420 &rarr; <strong>1393<\/strong><br \/>(-27 for losing)\n|c|\u2606marcolalenda|gg\n|l|\u2606marcolalenda\n","uploadtime":1701017545,"views":3,"p1id":"0xyt0c1njunk1e","p2id":"marcolalenda","formatid":"gen9nationaldex","rating":1332,"private":0,"password":""}