{"id":"gen9nationaldex-1997626990","p1":"Heatfish","p2":"ghostkinggengar","format":"[Gen 9] National Dex","log":"|html|<div class=\"broadcast-blue\"><strong>[Gen 9] National Dex is currently suspecting Sneasler! For information on how to participate check out the <a href=\"https:\/\/www.smogon.com\/forums\/threads\/sv-national-dex-suspect-8-just-dance.3731534\/\">suspect thread<\/a>.<\/strong><\/div>\n|j|\u2606Heatfish\n|j|\u2606ghostkinggengar\n|t:|1700834759\n|gametype|singles\n|player|p1|Heatfish|2|1743\n|player|p2|ghostkinggengar|swimmerf|1785\n|teamsize|p1|6\n|teamsize|p2|6\n|gen|9\n|tier|[Gen 9] National Dex\n|rated|\n|rule|HP Percentage Mod: HP is shown in percentages\n|rule|Endless Battle Clause: Forcing endless battles is banned\n|rule|OHKO Clause: OHKO moves are banned\n|rule|Evasion Clause: Evasion abilities, items, and moves are banned\n|rule|Evasion Abilities Clause: Evasion abilities are banned\n|rule|Evasion Items Clause: Evasion items are banned\n|rule|Evasion Moves Clause: Evasion moves are banned\n|rule|Species Clause: Limit one of each Pok\u00e9mon\n|rule|Sleep Clause Mod: Limit one foe put to sleep\n|clearpoke\n|poke|p1|Hydreigon, F|\n|poke|p1|Basculegion, M|\n|poke|p1|Ferrothorn, F|\n|poke|p1|Clodsire, M|\n|poke|p1|Urshifu-*, F|\n|poke|p1|Zapdos|\n|poke|p2|Slowbro, F|\n|poke|p2|Ursaluna, F|\n|poke|p2|Blacephalon|\n|poke|p2|Garchomp, F|\n|poke|p2|Goodra-Hisui, F|\n|poke|p2|Moltres|\n|teampreview\n|inactive|Battle timer is ON: inactive players will automatically lose when time's up. (requested by ghostkinggengar)\n|\n|t:|1700834769\n|start\n|switch|p1a: Urshifu|Urshifu-Rapid-Strike, F|100\/100\n|switch|p2a: Garchomp|Garchomp, F|100\/100\n|turn|1\n|\n|t:|1700834774\n|switch|p1a: Basculegion|Basculegion, M|100\/100\n|switch|p2a: Slowbro|Slowbro, F|100\/100\n|\n|upkeep\n|turn|2\n|inactive|ghostkinggengar has 120 seconds left.\n|\n|t:|1700834811\n|-terastallize|p2a: Slowbro|Fairy\n|move|p1a: Basculegion|Flip Turn|p2a: Slowbro\n|-damage|p2a: Slowbro|75\/100\n|-damage|p1a: Basculegion|84\/100|[from] item: Rocky Helmet|[of] p2a: Slowbro\n|\n|t:|1700834819\n|switch|p1a: Ferrothorn|Ferrothorn, F|100\/100|[from] Flip Turn\n|move|p2a: Slowbro|Trick Room|p2a: Slowbro\n|-fieldstart|move: Trick Room|[of] p2a: Slowbro\n|\n|upkeep\n|turn|3\n|\n|t:|1700834827\n|move|p1a: Ferrothorn|Spikes|p2a: Slowbro\n|-sidestart|p2: ghostkinggengar|Spikes\n|move|p2a: Slowbro|Teleport|p2a: Slowbro\n|inactive|ghostkinggengar has 120 seconds left.\n|\n|t:|1700834839\n|switch|p2a: Moltres|Moltres|100\/100|[from] Teleport\n|\n|upkeep\n|turn|4\n|\n|t:|1700834849\n|switch|p1a: Clodsire|Clodsire, M|100\/100\n|move|p2a: Moltres|U-turn|p1a: Clodsire\n|-resisted|p1a: Clodsire\n|-damage|p1a: Clodsire|93\/100\n|\n|t:|1700834854\n|switch|p2a: Ursaluna|Ursaluna, F|100\/100|[from] U-turn\n|-damage|p2a: Ursaluna|88\/100|[from] Spikes\n|\n|-heal|p1a: Clodsire|99\/100|[from] item: Leftovers\n|-status|p2a: Ursaluna|brn|[from] item: Flame Orb\n|upkeep\n|turn|5\n|inactive|ghostkinggengar has 120 seconds left.\n|\n|t:|1700834869\n|switch|p1a: Basculegion|Basculegion, M|84\/100\n|move|p2a: Ursaluna|Headlong Rush|p1a: Basculegion\n|-damage|p1a: Basculegion|0 fnt\n|-unboost|p2a: Ursaluna|def|1\n|-unboost|p2a: Ursaluna|spd|1\n|faint|p1a: Basculegion\n|\n|-damage|p2a: Ursaluna|82\/100 brn|[from] brn\n|upkeep\n|\n|t:|1700834878\n|switch|p1a: Ferrothorn|Ferrothorn, F|100\/100\n|turn|6\n|inactive|ghostkinggengar has 120 seconds left.\n|inactive|ghostkinggengar has 90 seconds left.\n|\n|t:|1700834942\n|move|p1a: Ferrothorn|Body Press|p2a: Ursaluna\n|-supereffective|p2a: Ursaluna\n|-damage|p2a: Ursaluna|17\/100 brn\n|move|p2a: Ursaluna|Fire Punch|p1a: Ferrothorn\n|-supereffective|p1a: Ferrothorn\n|-damage|p1a: Ferrothorn|0 fnt\n|-damage|p2a: Ursaluna|5\/100 brn|[from] ability: Iron Barbs|[of] p1a: Ferrothorn\n|faint|p1a: Ferrothorn\n|\n|-damage|p2a: Ursaluna|0 fnt|[from] brn\n|faint|p2a: Ursaluna\n|-fieldend|move: Trick Room\n|upkeep\n|\n|t:|1700834959\n|switch|p2a: Moltres|Moltres|100\/100\n|switch|p1a: Hydreigon|Hydreigon, F|100\/100\n|turn|7\n|\n|t:|1700834968\n|move|p1a: Hydreigon|Draco Meteor|p2a: Moltres\n|-damage|p2a: Moltres|25\/100\n|-unboost|p1a: Hydreigon|spa|2\n|-damage|p1a: Hydreigon|91\/100|[from] item: Life Orb\n|move|p2a: Moltres|Defog|p1a: Hydreigon\n|-unboost|p1a: Hydreigon|evasion|1\n|-sideend|p2: ghostkinggengar|Spikes|[from] move: Defog|[of] p2a: Moltres\n|\n|upkeep\n|turn|8\n|\n|t:|1700834979\n|switch|p2a: Slowbro|Slowbro, F, tera:Fairy|100\/100\n|move|p1a: Hydreigon|Draco Meteor|p2a: Slowbro\n|-immune|p2a: Slowbro\n|\n|upkeep\n|turn|9\n|\n|t:|1700834987\n|switch|p1a: Clodsire|Clodsire, M|99\/100\n|move|p2a: Slowbro|Future Sight|p1a: Clodsire\n|-start|p2a: Slowbro|move: Future Sight\n|\n|-heal|p1a: Clodsire|100\/100|[from] item: Leftovers\n|upkeep\n|turn|10\n|\n|t:|1700834992\n|move|p1a: Clodsire|Toxic|p2a: Slowbro\n|-status|p2a: Slowbro|tox\n|move|p2a: Slowbro|Teleport|p2a: Slowbro\n|\n|t:|1700834996\n|switch|p2a: Garchomp|Garchomp, F|100\/100|[from] Teleport\n|\n|upkeep\n|turn|11\n|\n|t:|1700835006\n|switch|p1a: Zapdos|Zapdos|100\/100\n|-zpower|p2a: Garchomp\n|move|p2a: Garchomp|Devastating Drake|p1a: Zapdos|[zeffect]\n|-damage|p1a: Zapdos|26\/100\n|\n|-end|p1a: Zapdos|move: Future Sight\n|-damage|p1a: Zapdos|0 fnt\n|faint|p1a: Zapdos\n|upkeep\n|\n|t:|1700835009\n|switch|p1a: Urshifu|Urshifu-Rapid-Strike, F|100\/100\n|turn|12\n|\n|t:|1700835018\n|move|p1a: Urshifu|Ice Spinner|p2a: Garchomp\n|-supereffective|p2a: Garchomp\n|-damage|p2a: Garchomp|0 fnt\n|-damage|p1a: Urshifu|88\/100|[from] ability: Rough Skin|[of] p2a: Garchomp\n|faint|p2a: Garchomp\n|\n|upkeep\n|\n|t:|1700835036\n|switch|p2a: Slowbro|Slowbro, F, tera:Fairy|100\/100 tox\n|turn|13\n|\n|t:|1700835042\n|switch|p1a: Clodsire|Clodsire, M|100\/100\n|move|p2a: Slowbro|Scald|p1a: Clodsire\n|-supereffective|p1a: Clodsire\n|-damage|p1a: Clodsire|72\/100\n|\n|-heal|p1a: Clodsire|78\/100|[from] item: Leftovers\n|-damage|p2a: Slowbro|94\/100 tox|[from] psn\n|upkeep\n|turn|14\n|\n|t:|1700835054\n|move|p2a: Slowbro|Scald|p1a: Clodsire\n|-supereffective|p1a: Clodsire\n|-damage|p1a: Clodsire|47\/100\n|move|p1a: Clodsire|Stealth Rock|p2a: Slowbro\n|-sidestart|p2: ghostkinggengar|move: Stealth Rock\n|\n|-heal|p1a: Clodsire|53\/100|[from] item: Leftovers\n|-damage|p2a: Slowbro|82\/100 tox|[from] psn\n|upkeep\n|turn|15\n|\n|t:|1700835059\n|move|p1a: Clodsire|Recover|p1a: Clodsire\n|-heal|p1a: Clodsire|100\/100\n|move|p2a: Slowbro|Teleport|p2a: Slowbro\n|\n|t:|1700835064\n|switch|p2a: Moltres|Moltres|25\/100|[from] Teleport\n|\n|upkeep\n|turn|16\n|\n|t:|1700835070\n|move|p2a: Moltres|Roost|p2a: Moltres\n|-heal|p2a: Moltres|75\/100\n|-singleturn|p2a: Moltres|move: Roost\n|move|p1a: Clodsire|Toxic|p2a: Moltres\n|-status|p2a: Moltres|tox\n|\n|-damage|p2a: Moltres|69\/100 tox|[from] psn\n|upkeep\n|turn|17\n|\n|t:|1700835073\n|move|p2a: Moltres|Defog|p1a: Clodsire\n|-unboost|p1a: Clodsire|evasion|1\n|-sideend|p2: ghostkinggengar|Stealth Rock|[from] move: Defog|[of] p2a: Moltres\n|move|p1a: Clodsire|Earthquake|p2a: Moltres\n|-immune|p2a: Moltres\n|\n|-damage|p2a: Moltres|57\/100 tox|[from] psn\n|upkeep\n|turn|18\n|\n|t:|1700835081\n|move|p2a: Moltres|U-turn|p1a: Clodsire\n|-resisted|p1a: Clodsire\n|-damage|p1a: Clodsire|92\/100\n|\n|t:|1700835086\n|switch|p2a: Slowbro|Slowbro, F, tera:Fairy|100\/100 tox|[from] U-turn\n|move|p1a: Clodsire|Stealth Rock|p2a: Slowbro\n|-sidestart|p2: ghostkinggengar|move: Stealth Rock\n|\n|-heal|p1a: Clodsire|98\/100|[from] item: Leftovers\n|-damage|p2a: Slowbro|94\/100 tox|[from] psn\n|upkeep\n|turn|19\n|\n|t:|1700835090\n|switch|p1a: Hydreigon|Hydreigon, F|91\/100\n|move|p2a: Slowbro|Scald|p1a: Hydreigon\n|-resisted|p1a: Hydreigon\n|-damage|p1a: Hydreigon|74\/100\n|\n|-damage|p2a: Slowbro|82\/100 tox|[from] psn\n|upkeep\n|turn|20\n|\n|t:|1700835099\n|move|p1a: Hydreigon|Nasty Plot|p1a: Hydreigon\n|-boost|p1a: Hydreigon|spa|2\n|move|p2a: Slowbro|Teleport|p2a: Slowbro\n|\n|t:|1700835106\n|switch|p2a: Blacephalon|Blacephalon|100\/100|[from] Teleport\n|-damage|p2a: Blacephalon|76\/100|[from] Stealth Rock\n|\n|upkeep\n|turn|21\n|\n|t:|1700835110\n|switch|p1a: Clodsire|Clodsire, M|98\/100\n|move|p2a: Blacephalon|Trick|p1a: Clodsire\n|-activate|p2a: Blacephalon|move: Trick|[of] p1a: Clodsire\n|-item|p1a: Clodsire|Choice Scarf|[from] move: Trick\n|-item|p2a: Blacephalon|Leftovers|[from] move: Trick\n|\n|-heal|p2a: Blacephalon|82\/100|[from] item: Leftovers\n|upkeep\n|turn|22\n|\n|t:|1700835121\n|switch|p2a: Moltres|Moltres|57\/100 tox\n|move|p1a: Clodsire|Earthquake|p2a: Moltres\n|-immune|p2a: Moltres\n|\n|-damage|p2a: Moltres|51\/100 tox|[from] psn\n|upkeep\n|turn|23\n|\n|t:|1700835129\n|move|p2a: Moltres|Defog|p1a: Clodsire\n|-unboost|p1a: Clodsire|evasion|1\n|-sideend|p2: ghostkinggengar|Stealth Rock|[from] move: Defog|[of] p2a: Moltres\n|move|p1a: Clodsire|Earthquake|p2a: Moltres\n|-immune|p2a: Moltres\n|\n|-damage|p2a: Moltres|39\/100 tox|[from] psn\n|upkeep\n|turn|24\n|\n|t:|1700835134\n|move|p2a: Moltres|Roost|p2a: Moltres\n|-heal|p2a: Moltres|89\/100 tox\n|-singleturn|p2a: Moltres|move: Roost\n|move|p1a: Clodsire|Earthquake|p2a: Moltres\n|-supereffective|p2a: Moltres\n|-damage|p2a: Moltres|48\/100 tox\n|\n|-damage|p2a: Moltres|30\/100 tox|[from] psn\n|upkeep\n|turn|25\n|\n|t:|1700835143\n|move|p2a: Moltres|U-turn|p1a: Clodsire\n|-resisted|p1a: Clodsire\n|-damage|p1a: Clodsire|90\/100\n|\n|t:|1700835148\n|switch|p2a: Slowbro|Slowbro, F, tera:Fairy|100\/100 tox|[from] U-turn\n|move|p1a: Clodsire|Earthquake|p2a: Slowbro\n|-damage|p2a: Slowbro|85\/100 tox\n|\n|-damage|p2a: Slowbro|79\/100 tox|[from] psn\n|upkeep\n|turn|26\n|\n|t:|1700835161\n|switch|p1a: Hydreigon|Hydreigon, F|74\/100\n|move|p2a: Slowbro|Future Sight|p1a: Hydreigon\n|-start|p2a: Slowbro|move: Future Sight\n|\n|-damage|p2a: Slowbro|67\/100 tox|[from] psn\n|upkeep\n|turn|27\n|\n|t:|1700835174\n|move|p1a: Hydreigon|Nasty Plot|p1a: Hydreigon\n|-boost|p1a: Hydreigon|spa|2\n|move|p2a: Slowbro|Trick Room|p2a: Slowbro\n|-fieldstart|move: Trick Room|[of] p2a: Slowbro\n|\n|-damage|p2a: Slowbro|48\/100 tox|[from] psn\n|upkeep\n|turn|28\n|\n|t:|1700835181\n|switch|p2a: Moltres|Moltres|30\/100 tox\n|move|p1a: Hydreigon|Flamethrower|p2a: Moltres\n|-resisted|p2a: Moltres\n|-damage|p2a: Moltres|0 fnt\n|faint|p2a: Moltres\n|-damage|p1a: Hydreigon|64\/100|[from] item: Life Orb\n|\n|-end|p1a: Hydreigon|move: Future Sight\n|-immune|p1a: Hydreigon\n|upkeep\n|\n|t:|1700835189\n|switch|p2a: Goodra|Goodra-Hisui, F|100\/100\n|turn|29\n|\n|t:|1700835202\n|switch|p1a: Clodsire|Clodsire, M|90\/100\n|move|p2a: Goodra|Dragon Tail|p1a: Clodsire\n|-damage|p1a: Clodsire|69\/100\n|drag|p1a: Urshifu|Urshifu-Rapid-Strike, F|88\/100\n|\n|upkeep\n|turn|30\n|\n|t:|1700835211\n|switch|p1a: Clodsire|Clodsire, M|69\/100\n|move|p2a: Goodra|Draco Meteor|p1a: Clodsire\n|-damage|p1a: Clodsire|41\/100\n|-unboost|p2a: Goodra|spa|2\n|\n|upkeep\n|turn|31\n|\n|t:|1700835221\n|switch|p2a: Slowbro|Slowbro, F, tera:Fairy|82\/100 tox\n|move|p1a: Clodsire|Stealth Rock|p2a: Slowbro\n|-sidestart|p2: ghostkinggengar|move: Stealth Rock\n|\n|-damage|p2a: Slowbro|76\/100 tox|[from] psn\n|-fieldend|move: Trick Room\n|upkeep\n|turn|32\n|\n|t:|1700835226\n|switch|p1a: Hydreigon|Hydreigon, F|64\/100\n|move|p2a: Slowbro|Scald|p1a: Hydreigon\n|-resisted|p1a: Hydreigon\n|-damage|p1a: Hydreigon|48\/100\n|-status|p1a: Hydreigon|brn\n|\n|-damage|p2a: Slowbro|63\/100 tox|[from] psn\n|-damage|p1a: Hydreigon|41\/100 brn|[from] brn\n|upkeep\n|turn|33\n|\n|t:|1700835233\n|move|p1a: Hydreigon|Flamethrower|p2a: Slowbro\n|-damage|p2a: Slowbro|23\/100 tox\n|-damage|p1a: Hydreigon|32\/100 brn|[from] item: Life Orb\n|move|p2a: Slowbro|Trick Room|p2a: Slowbro\n|-fieldstart|move: Trick Room|[of] p2a: Slowbro\n|\n|-damage|p2a: Slowbro|5\/100 tox|[from] psn\n|-damage|p1a: Hydreigon|25\/100 brn|[from] brn\n|upkeep\n|turn|34\n|\n|t:|1700835240\n|move|p2a: Slowbro|Future Sight|p1a: Hydreigon\n|-start|p2a: Slowbro|move: Future Sight\n|move|p1a: Hydreigon|Flamethrower|p2a: Slowbro\n|-damage|p2a: Slowbro|0 fnt\n|faint|p2a: Slowbro\n|-damage|p1a: Hydreigon|16\/100 brn|[from] item: Life Orb\n|\n|-damage|p1a: Hydreigon|9\/100 brn|[from] brn\n|upkeep\n|\n|t:|1700835248\n|switch|p2a: Goodra|Goodra-Hisui, F|100\/100\n|-damage|p2a: Goodra|94\/100|[from] Stealth Rock\n|turn|35\n|\n|t:|1700835258\n|switch|p1a: Clodsire|Clodsire, M|41\/100\n|move|p2a: Goodra|Knock Off|p1a: Clodsire\n|-damage|p1a: Clodsire|18\/100\n|-enditem|p1a: Clodsire|Choice Scarf|[from] move: Knock Off|[of] p2a: Goodra\n|\n|-heal|p2a: Goodra|100\/100|[from] item: Leftovers\n|upkeep\n|turn|36\n|\n|t:|1700835273\n|move|p1a: Clodsire|Recover|p1a: Clodsire\n|-heal|p1a: Clodsire|68\/100\n|move|p2a: Goodra|Earthquake|p1a: Clodsire\n|-supereffective|p1a: Clodsire\n|-damage|p1a: Clodsire|22\/100\n|\n|-end|p1a: Clodsire|move: Future Sight\n|-supereffective|p1a: Clodsire\n|-damage|p1a: Clodsire|0 fnt\n|faint|p1a: Clodsire\n|upkeep\n|\n|t:|1700835280\n|switch|p1a: Hydreigon|Hydreigon, F|9\/100 brn\n|turn|37\n|\n|t:|1700835293\n|switch|p1a: Urshifu|Urshifu-Rapid-Strike, F|88\/100\n|move|p2a: Goodra|Knock Off|p1a: Urshifu\n|-resisted|p1a: Urshifu\n|-damage|p1a: Urshifu|76\/100\n|-enditem|p1a: Urshifu|Choice Scarf|[from] move: Knock Off|[of] p2a: Goodra\n|\n|-fieldend|move: Trick Room\n|upkeep\n|turn|38\n|\n|t:|1700835304\n|move|p1a: Urshifu|Close Combat|p2a: Goodra\n|-supereffective|p2a: Goodra\n|-damage|p2a: Goodra|3\/100\n|-unboost|p1a: Urshifu|def|1\n|-unboost|p1a: Urshifu|spd|1\n|move|p2a: Goodra|Draco Meteor|p1a: Urshifu\n|-damage|p1a: Urshifu|0 fnt\n|-unboost|p2a: Goodra|spa|2\n|faint|p1a: Urshifu\n|\n|-heal|p2a: Goodra|9\/100|[from] item: Leftovers\n|upkeep\n|\n|t:|1700835308\n|switch|p1a: Hydreigon|Hydreigon, F|9\/100 brn\n|turn|39\n|\n|t:|1700835311\n|move|p1a: Hydreigon|Dark Pulse|p2a: Goodra\n|-damage|p2a: Goodra|0 fnt\n|faint|p2a: Goodra\n|-damage|p1a: Hydreigon|0 fnt|[from] item: Life Orb\n|faint|p1a: Hydreigon\n|\n|win|ghostkinggengar\n|raw|Heatfish's rating: 1743 &rarr; <strong>1725<\/strong><br \/>(-18 for losing)\n|raw|ghostkinggengar's rating: 1785 &rarr; <strong>1803<\/strong><br \/>(+18 for winning)\n|c|\u2606Heatfish|gg\n|c|\u2606ghostkinggengar|gg\n|l|\u2606Heatfish\n","uploadtime":1700835326,"views":4,"p1id":"heatfish","p2id":"ghostkinggengar","formatid":"gen9nationaldex","rating":1725,"private":0,"password":""}