{"id":"gen9nationaldex-1993685364","p1":"Red Vs Showdown","p2":"ThePowerOfElectric","format":"[Gen 9] National Dex","log":"|j|\u2606Red Vs Showdown\n|j|\u2606ThePowerOfElectric\n|inactive|Battle timer is ON: inactive players will automatically lose when time's up.\n|t:|1700345396\n|gametype|singles\n|player|p1|Red Vs Showdown|red-gen2|\n|player|p2|ThePowerOfElectric|volkner|\n|teamsize|p1|6\n|teamsize|p2|6\n|gen|9\n|tier|[Gen 9] National Dex\n|rated|Tournament battle\n|rule|HP Percentage Mod: HP is shown in percentages\n|rule|Endless Battle Clause: Forcing endless battles is banned\n|rule|OHKO Clause: OHKO moves are banned\n|rule|Evasion Clause: Evasion abilities, items, and moves are banned\n|rule|Evasion Abilities Clause: Evasion abilities are banned\n|rule|Evasion Items Clause: Evasion items are banned\n|rule|Evasion Moves Clause: Evasion moves are banned\n|rule|Species Clause: Limit one of each Pok\u00e9mon\n|rule|Sleep Clause Mod: Limit one foe put to sleep\n|clearpoke\n|poke|p1|Pikachu, F|\n|poke|p1|Charizard, M|\n|poke|p1|Blastoise, M|\n|poke|p1|Venusaur, F|\n|poke|p1|Snorlax, M|\n|poke|p1|Espeon, F|\n|poke|p2|Zapdos|\n|poke|p2|Rotom-Wash|\n|poke|p2|Magnezone|\n|poke|p2|Iron Hands|\n|poke|p2|Tapu Koko|\n|poke|p2|Sandy Shocks|\n|teampreview\n|c|\u2606Red Vs Showdown|...\n|\n|t:|1700345409\n|start\n|switch|p1a: Pikachu|Pikachu, F|100\/100\n|switch|p2a: Sandy Shocks|Sandy Shocks|100\/100\n|turn|1\n|\n|t:|1700345415\n|-terastallize|p1a: Pikachu|Normal\n|move|p1a: Pikachu|Fake Out|p2a: Sandy Shocks\n|-damage|p2a: Sandy Shocks|68\/100\n|cant|p2a: Sandy Shocks|flinch\n|\n|upkeep\n|turn|2\n|\n|t:|1700345428\n|switch|p1a: Snorlax|Snorlax, M|100\/100\n|move|p2a: Sandy Shocks|Earth Power|p1a: Snorlax\n|-damage|p1a: Snorlax|73\/100\n|\n|upkeep\n|turn|3\n|\n|t:|1700345435\n|move|p2a: Sandy Shocks|Volt Switch|p1a: Snorlax\n|-damage|p1a: Snorlax|54\/100\n|\n|t:|1700345440\n|-end|p2a: Sandy Shocks|Protosynthesis|[silent]\n|switch|p2a: Magnezone|Magnezone|100\/100|[from] Volt Switch\n|move|p1a: Snorlax|Return|p2a: Magnezone\n|-resisted|p2a: Magnezone\n|-damage|p2a: Magnezone|64\/100\n|\n|upkeep\n|turn|4\n|\n|t:|1700345447\n|move|p2a: Magnezone|Volt Switch|p1a: Snorlax\n|-damage|p1a: Snorlax|30\/100\n|\n|t:|1700345452\n|switch|p2a: Sandy Shocks|Sandy Shocks|68\/100|[from] Volt Switch\n|move|p1a: Snorlax|Return|p2a: Sandy Shocks\n|-damage|p2a: Sandy Shocks|0 fnt\n|faint|p2a: Sandy Shocks\n|-end|p2a: Sandy Shocks|Protosynthesis|[silent]\n|\n|upkeep\n|\n|t:|1700345456\n|switch|p2a: Tapu Koko|Tapu Koko|100\/100\n|-fieldstart|move: Electric Terrain|[from] ability: Electric Surge|[of] p2a: Tapu Koko\n|turn|5\n|\n|t:|1700345460\n|switch|p1a: Pikachu|Pikachu, F, tera:Normal|100\/100\n|move|p2a: Tapu Koko|Thunderbolt|p1a: Pikachu\n|-ability|p1a: Pikachu|Lightning Rod|boost\n|-boost|p1a: Pikachu|spa|1\n|\n|upkeep\n|turn|6\n|\n|t:|1700345466\n|switch|p2a: Iron Hands|Iron Hands|100\/100\n|-activate|p2a: Iron Hands|ability: Quark Drive\n|-start|p2a: Iron Hands|quarkdriveatk\n|move|p1a: Pikachu|Fake Out|p2a: Iron Hands\n|-damage|p2a: Iron Hands|82\/100\n|\n|upkeep\n|turn|7\n|\n|t:|1700345470\n|switch|p1a: Blastoise|Blastoise, M|100\/100\n|move|p2a: Iron Hands|Drain Punch|p1a: Blastoise\n|-crit|p1a: Blastoise\n|-damage|p1a: Blastoise|28\/100\n|-heal|p2a: Iron Hands|100\/100|[from] drain|[of] p1a: Blastoise\n|\n|-heal|p1a: Blastoise|34\/100|[from] item: Leftovers\n|upkeep\n|turn|8\n|\n|t:|1700345475\n|-end|p2a: Iron Hands|Quark Drive|[silent]\n|switch|p2a: Magnezone|Magnezone|64\/100\n|move|p1a: Blastoise|Ice Beam|p2a: Magnezone\n|-resisted|p2a: Magnezone\n|-crit|p2a: Magnezone\n|-damage|p2a: Magnezone|53\/100\n|\n|-heal|p1a: Blastoise|41\/100|[from] item: Leftovers\n|upkeep\n|turn|9\n|\n|t:|1700345480\n|move|p2a: Magnezone|Volt Switch|p1a: Blastoise\n|-supereffective|p1a: Blastoise\n|-damage|p1a: Blastoise|0 fnt\n|faint|p1a: Blastoise\n|\n|t:|1700345486\n|switch|p2a: Tapu Koko|Tapu Koko|100\/100|[from] Volt Switch\n|\n|-fieldend|move: Electric Terrain\n|upkeep\n|\n|t:|1700345495\n|switch|p1a: Snorlax|Snorlax, M|30\/100\n|turn|10\n|\n|t:|1700345501\n|move|p2a: Tapu Koko|U-turn|p1a: Snorlax\n|-damage|p1a: Snorlax|15\/100\n|\n|t:|1700345504\n|switch|p2a: Magnezone|Magnezone|53\/100|[from] U-turn\n|move|p1a: Snorlax|Return|p2a: Magnezone\n|-resisted|p2a: Magnezone\n|-damage|p2a: Magnezone|16\/100\n|\n|upkeep\n|turn|11\n|\n|t:|1700345510\n|move|p2a: Magnezone|Flash Cannon|p1a: Snorlax\n|-damage|p1a: Snorlax|0 fnt\n|faint|p1a: Snorlax\n|\n|upkeep\n|\n|t:|1700345513\n|switch|p1a: Charizard|Charizard, M|100\/100\n|turn|12\n|\n|t:|1700345516\n|detailschange|p1a: Charizard|Charizard-Mega-Y, M\n|-mega|p1a: Charizard|Charizard|Charizardite Y\n|-weather|SunnyDay|[from] ability: Drought|[of] p1a: Charizard\n|move|p1a: Charizard|Solar Beam||[still]\n|-prepare|p1a: Charizard|Solar Beam\n|-anim|p1a: Charizard|Solar Beam|p2a: Magnezone\n|-resisted|p2a: Magnezone\n|-damage|p2a: Magnezone|0 fnt\n|faint|p2a: Magnezone\n|\n|-weather|SunnyDay|[upkeep]\n|upkeep\n|\n|t:|1700345526\n|switch|p2a: Tapu Koko|Tapu Koko|100\/100\n|-fieldstart|move: Electric Terrain|[from] ability: Electric Surge|[of] p2a: Tapu Koko\n|turn|13\n|\n|t:|1700345535\n|switch|p1a: Venusaur|Venusaur, F|100\/100\n|move|p2a: Tapu Koko|U-turn|p1a: Venusaur\n|-damage|p1a: Venusaur|78\/100\n|\n|t:|1700345541\n|switch|p2a: Zapdos|Zapdos|100\/100|[from] U-turn\n|\n|-weather|SunnyDay|[upkeep]\n|upkeep\n|turn|14\n|\n|t:|1700345543\n|switch|p1a: Espeon|Espeon, F|100\/100\n|move|p2a: Zapdos|Heat Wave|p1a: Espeon\n|-damage|p1a: Espeon|48\/100\n|\n|-weather|SunnyDay|[upkeep]\n|upkeep\n|turn|15\n|\n|t:|1700345548\n|move|p1a: Espeon|Psychic|p2a: Zapdos\n|-damage|p2a: Zapdos|51\/100\n|move|p2a: Zapdos|Heat Wave|p1a: Espeon\n|-damage|p1a: Espeon|0 fnt\n|faint|p1a: Espeon\n|\n|-weather|SunnyDay|[upkeep]\n|upkeep\n|\n|t:|1700345557\n|switch|p1a: Charizard|Charizard-Mega-Y, M|100\/100\n|turn|16\n|\n|t:|1700345561\n|switch|p2a: Rotom|Rotom-Wash|100\/100\n|move|p1a: Charizard|Fire Blast|p2a: Rotom\n|-resisted|p2a: Rotom\n|-damage|p2a: Rotom|49\/100\n|\n|-weather|none\n|-heal|p2a: Rotom|55\/100|[from] item: Leftovers\n|upkeep\n|turn|17\n|\n|t:|1700345564\n|switch|p1a: Pikachu|Pikachu, F, tera:Normal|100\/100\n|move|p2a: Rotom|Volt Switch|p1a: Pikachu\n|-ability|p1a: Pikachu|Lightning Rod|boost\n|-boost|p1a: Pikachu|spa|1\n|\n|-heal|p2a: Rotom|62\/100|[from] item: Leftovers\n|-fieldend|move: Electric Terrain\n|upkeep\n|turn|18\n|\n|t:|1700345568\n|switch|p1a: Charizard|Charizard-Mega-Y, M|100\/100\n|-weather|SunnyDay|[from] ability: Drought|[of] p1a: Charizard\n|move|p2a: Rotom|Protect||[still]\n|-fail|p2a: Rotom\n|\n|-weather|SunnyDay|[upkeep]\n|-heal|p2a: Rotom|68\/100|[from] item: Leftovers\n|upkeep\n|turn|19\n|\n|t:|1700345572\n|switch|p1a: Venusaur|Venusaur, F|78\/100\n|move|p2a: Rotom|Protect||[still]\n|-fail|p2a: Rotom\n|\n|-weather|SunnyDay|[upkeep]\n|-heal|p2a: Rotom|74\/100|[from] item: Leftovers\n|upkeep\n|turn|20\n|\n|t:|1700345575\n|move|p1a: Venusaur|Growth|p1a: Venusaur\n|-boost|p1a: Venusaur|atk|2\n|-boost|p1a: Venusaur|spa|2\n|move|p2a: Rotom|Volt Switch|p1a: Venusaur\n|-resisted|p1a: Venusaur\n|-damage|p1a: Venusaur|62\/100\n|\n|t:|1700345584\n|switch|p2a: Iron Hands|Iron Hands|100\/100|[from] Volt Switch\n|\n|-weather|SunnyDay|[upkeep]\n|upkeep\n|turn|21\n|\n|t:|1700345589\n|-end|p2a: Iron Hands|Quark Drive|[silent]\n|switch|p2a: Zapdos|Zapdos|51\/100\n|-zpower|p1a: Venusaur\n|move|p1a: Venusaur|Bloom Doom|p2a: Zapdos|[zeffect]\n|-resisted|p2a: Zapdos\n|-damage|p2a: Zapdos|0 fnt\n|faint|p2a: Zapdos\n|\n|-weather|SunnyDay|[upkeep]\n|upkeep\n|\n|t:|1700345598\n|switch|p2a: Rotom|Rotom-Wash|74\/100\n|turn|22\n|\n|t:|1700345605\n|move|p1a: Venusaur|Sludge Bomb|p2a: Rotom\n|-damage|p2a: Rotom|0 fnt\n|faint|p2a: Rotom\n|\n|-weather|none\n|upkeep\n|\n|t:|1700345609\n|switch|p2a: Iron Hands|Iron Hands|100\/100\n|turn|23\n|\n|t:|1700345614\n|move|p1a: Venusaur|Sludge Bomb|p2a: Iron Hands\n|-damage|p2a: Iron Hands|28\/100\n|-status|p2a: Iron Hands|psn\n|move|p2a: Iron Hands|Ice Punch|p1a: Venusaur\n|-supereffective|p1a: Venusaur\n|-damage|p1a: Venusaur|0 fnt\n|faint|p1a: Venusaur\n|\n|-damage|p2a: Iron Hands|16\/100 psn|[from] psn\n|upkeep\n|\n|t:|1700345616\n|switch|p1a: Pikachu|Pikachu, F, tera:Normal|100\/100\n|turn|24\n|j| XXMurdrXX\n|\n|t:|1700345624\n|move|p1a: Pikachu|Extreme Speed|p2a: Iron Hands\n|-damage|p2a: Iron Hands|0 fnt\n|faint|p2a: Iron Hands\n|-end|p2a: Iron Hands|Quark Drive|[silent]\n|\n|upkeep\n|j| Charizardman2008\n|\n|t:|1700345626\n|switch|p2a: Tapu Koko|Tapu Koko|100\/100\n|-fieldstart|move: Electric Terrain|[from] ability: Electric Surge|[of] p2a: Tapu Koko\n|turn|25\n|\n|t:|1700345630\n|switch|p1a: Charizard|Charizard-Mega-Y, M|100\/100\n|-weather|SunnyDay|[from] ability: Drought|[of] p1a: Charizard\n|move|p2a: Tapu Koko|Dazzling Gleam|p1a: Charizard\n|-resisted|p1a: Charizard\n|-damage|p1a: Charizard|82\/100\n|\n|-weather|SunnyDay|[upkeep]\n|upkeep\n|turn|26\n|\n|t:|1700345636\n|move|p2a: Tapu Koko|Thunderbolt|p1a: Charizard\n|-supereffective|p1a: Charizard\n|-damage|p1a: Charizard|0 fnt\n|faint|p1a: Charizard\n|\n|-weather|SunnyDay|[upkeep]\n|upkeep\n|\n|t:|1700345637\n|switch|p1a: Pikachu|Pikachu, F, tera:Normal|100\/100\n|turn|27\n|\n|t:|1700345640\n|move|p1a: Pikachu|Fake Out|p2a: Tapu Koko\n|-damage|p2a: Tapu Koko|61\/100\n|cant|p2a: Tapu Koko|flinch\n|\n|-weather|SunnyDay|[upkeep]\n|upkeep\n|turn|28\n|\n|t:|1700345642\n|move|p1a: Pikachu|Extreme Speed|p2a: Tapu Koko\n|-damage|p2a: Tapu Koko|0 fnt\n|faint|p2a: Tapu Koko\n|\n|win|Red Vs Showdown\n|n|\u2606Red Vs Showdown|redvsshowdown\n|n|\u2606ThePowerOfElectric|thepowerofelectric\n|n| XXMurdrXX|xxmurdrxx\n|n| Charizardman2008|charizardman2008\n|c|\u2606Red Vs Showdown|...\n|l|\u2606ThePowerOfElectric\n","uploadtime":1700345655,"views":6,"p1id":"redvsshowdown","p2id":"thepowerofelectric","formatid":"gen9nationaldex","rating":0,"private":0,"password":""}