{"id":"gen9nationaldex-1987135619","p1":"babbona","p2":"frontdeskbucko","format":"[Gen 9] National Dex","log":"|j|\u2606babbona\n|j|\u2606frontdeskbucko\n|t:|1699559002\n|gametype|singles\n|player|p1|babbona|ghetsis-gen5bw|1059\n|player|p2|frontdeskbucko|170|1025\n|teamsize|p1|6\n|teamsize|p2|6\n|gen|9\n|tier|[Gen 9] National Dex\n|rated|\n|rule|HP Percentage Mod: HP is shown in percentages\n|rule|Endless Battle Clause: Forcing endless battles is banned\n|rule|OHKO Clause: OHKO moves are banned\n|rule|Evasion Clause: Evasion abilities, items, and moves are banned\n|rule|Evasion Abilities Clause: Evasion abilities are banned\n|rule|Evasion Items Clause: Evasion items are banned\n|rule|Evasion Moves Clause: Evasion moves are banned\n|rule|Species Clause: Limit one of each Pok\u00e9mon\n|rule|Sleep Clause Mod: Limit one foe put to sleep\n|clearpoke\n|poke|p1|Hawlucha, M|\n|poke|p1|Ribombee, F|\n|poke|p1|Charizard, M|\n|poke|p1|Volcarona, F|\n|poke|p1|Heatran, M|\n|poke|p1|Clefable, M|\n|poke|p2|Toxapex, M|\n|poke|p2|Kommo-o, M|\n|poke|p2|Dragonite, M|\n|poke|p2|Samurott-Hisui, M|\n|poke|p2|Maushold-Four|\n|poke|p2|Ferrothorn, M|\n|teampreview\n|inactive|Battle timer is ON: inactive players will automatically lose when time's up. (requested by frontdeskbucko)\n|\n|t:|1699559035\n|start\n|switch|p1a: Polly|Ribombee, F|100\/100\n|switch|p2a: Toxapex|Toxapex, M|100\/100\n|turn|1\n|\n|t:|1699559044\n|move|p1a: Polly|Sticky Web|p2a: Toxapex\n|-sidestart|p2: frontdeskbucko|move: Sticky Web\n|move|p2a: Toxapex|Toxic|p1a: Polly\n|-status|p1a: Polly|tox\n|\n|-damage|p1a: Polly|94\/100 tox|[from] psn\n|upkeep\n|turn|2\n|\n|t:|1699559052\n|move|p1a: Polly|Stun Spore|p2a: Toxapex\n|-status|p2a: Toxapex|par\n|cant|p2a: Toxapex|par\n|\n|-damage|p1a: Polly|82\/100 tox|[from] psn\n|upkeep\n|turn|3\n|\n|t:|1699559068\n|move|p1a: Polly|Tailwind|p1a: Polly\n|-sidestart|p1: babbona|move: Tailwind\n|move|p2a: Toxapex|Hex|p1a: Polly\n|-damage|p1a: Polly|46\/100 tox\n|\n|-damage|p1a: Polly|28\/100 tox|[from] psn\n|upkeep\n|turn|4\n|inactive|frontdeskbucko has 120 seconds left.\n|\n|t:|1699559096\n|move|p1a: Polly|U-turn|p2a: Toxapex\n|-resisted|p2a: Toxapex\n|-damage|p2a: Toxapex|94\/100 par\n|\n|t:|1699559115\n|switch|p1a: Magmo|Heatran, M|100\/100|[from] U-turn\n|move|p2a: Toxapex|Scald|p1a: Magmo\n|-supereffective|p1a: Magmo\n|-damage|p1a: Magmo|60\/100\n|\n|-heal|p1a: Magmo|66\/100|[from] item: Leftovers\n|-heal|p2a: Toxapex|100\/100 par|[from] item: Black Sludge\n|upkeep\n|turn|5\n|\n|t:|1699559125\n|move|p1a: Magmo|Earth Power|p2a: Toxapex\n|-supereffective|p2a: Toxapex\n|-damage|p2a: Toxapex|39\/100 par\n|move|p2a: Toxapex|Scald|p1a: Magmo\n|-supereffective|p1a: Magmo\n|-damage|p1a: Magmo|23\/100\n|\n|-heal|p1a: Magmo|29\/100|[from] item: Leftovers\n|-heal|p2a: Toxapex|46\/100 par|[from] item: Black Sludge\n|upkeep\n|turn|6\n|\n|t:|1699559134\n|move|p1a: Magmo|Earth Power|p2a: Toxapex\n|-supereffective|p2a: Toxapex\n|-damage|p2a: Toxapex|0 fnt\n|faint|p2a: Toxapex\n|\n|-heal|p1a: Magmo|35\/100|[from] item: Leftovers\n|-sideend|p1: babbona|move: Tailwind\n|upkeep\n|\n|t:|1699559144\n|switch|p2a: Samurott|Samurott-Hisui, M|100\/100\n|-activate|p2a: Samurott|move: Sticky Web\n|-unboost|p2a: Samurott|spe|1\n|turn|7\n|\n|t:|1699559151\n|move|p1a: Magmo|Toxic|p2a: Samurott\n|-status|p2a: Samurott|tox\n|move|p2a: Samurott|Aqua Cutter|p1a: Magmo\n|-supereffective|p1a: Magmo\n|-damage|p1a: Magmo|0 fnt\n|faint|p1a: Magmo\n|\n|-damage|p2a: Samurott|94\/100 tox|[from] psn\n|upkeep\n|\n|t:|1699559161\n|switch|p1a: Strawberry|Volcarona, F|100\/100\n|turn|8\n|\n|t:|1699559172\n|-terastallize|p1a: Strawberry|Flying\n|move|p1a: Strawberry|Quiver Dance|p1a: Strawberry\n|-boost|p1a: Strawberry|spa|1\n|-boost|p1a: Strawberry|spd|1\n|-boost|p1a: Strawberry|spe|1\n|move|p2a: Samurott|Air Slash|p1a: Strawberry\n|-damage|p1a: Strawberry|81\/100\n|\n|-damage|p2a: Samurott|82\/100 tox|[from] psn\n|upkeep\n|turn|9\n|\n|t:|1699559182\n|move|p1a: Strawberry|Quiver Dance|p1a: Strawberry\n|-boost|p1a: Strawberry|spa|1\n|-boost|p1a: Strawberry|spd|1\n|-boost|p1a: Strawberry|spe|1\n|move|p2a: Samurott|Ceaseless Edge|p1a: Strawberry\n|-damage|p1a: Strawberry|43\/100\n|-sidestart|p1: babbona|Spikes\n|\n|-damage|p2a: Samurott|63\/100 tox|[from] psn\n|upkeep\n|turn|10\n|\n|t:|1699559207\n|move|p1a: Strawberry|Tera Blast|p2a: Samurott|[anim] Tera Blast Flying\n|-damage|p2a: Samurott|0 fnt\n|faint|p2a: Samurott\n|\n|upkeep\n|\n|t:|1699559219\n|switch|p2a: Dragonite|Dragonite, M|100\/100\n|turn|11\n|\n|t:|1699559225\n|move|p1a: Strawberry|Tera Blast|p2a: Dragonite|[anim] Tera Blast Flying\n|-damage|p2a: Dragonite|51\/100\n|move|p2a: Dragonite|Thunder Punch|p1a: Strawberry\n|-supereffective|p1a: Strawberry\n|-damage|p1a: Strawberry|0 fnt\n|-status|p2a: Dragonite|brn|[from] ability: Flame Body|[of] p1a: Strawberry\n|faint|p1a: Strawberry\n|\n|-damage|p2a: Dragonite|45\/100 brn|[from] brn\n|upkeep\n|\n|t:|1699559236\n|switch|p1a: Dino|Charizard, M|100\/100\n|turn|12\n|\n|t:|1699559243\n|move|p1a: Dino|Dragon Dance|p1a: Dino\n|-boost|p1a: Dino|atk|1\n|-boost|p1a: Dino|spe|1\n|move|p2a: Dragonite|Thunder Punch|p1a: Dino\n|-supereffective|p1a: Dino\n|-damage|p1a: Dino|65\/100\n|\n|-damage|p2a: Dragonite|39\/100 brn|[from] brn\n|upkeep\n|turn|13\n|\n|t:|1699559254\n|detailschange|p1a: Dino|Charizard-Mega-X, M\n|-mega|p1a: Dino|Charizard|Charizardite X\n|move|p1a: Dino|Dragon Claw|p2a: Dragonite\n|-supereffective|p2a: Dragonite\n|-damage|p2a: Dragonite|0 fnt\n|faint|p2a: Dragonite\n|\n|upkeep\n|\n|t:|1699559262\n|switch|p2a: Kommo-o|Kommo-o, M|100\/100\n|-activate|p2a: Kommo-o|move: Sticky Web\n|-unboost|p2a: Kommo-o|spe|1\n|turn|14\n|\n|t:|1699559268\n|move|p1a: Dino|Dragon Claw|p2a: Kommo-o\n|-supereffective|p2a: Kommo-o\n|-damage|p2a: Kommo-o|0 fnt\n|faint|p2a: Kommo-o\n|\n|upkeep\n|\n|t:|1699559275\n|switch|p2a: Maushold|Maushold-Four|100\/100\n|-activate|p2a: Maushold|move: Sticky Web\n|-unboost|p2a: Maushold|spe|1\n|turn|15\n|\n|t:|1699559280\n|move|p1a: Dino|Blaze Kick|p2a: Maushold\n|-damage|p2a: Maushold|0 fnt\n|faint|p2a: Maushold\n|\n|upkeep\n|\n|t:|1699559287\n|switch|p2a: Ferrothorn|Ferrothorn, M|100\/100\n|-activate|p2a: Ferrothorn|move: Sticky Web\n|-unboost|p2a: Ferrothorn|spe|1\n|turn|16\n|\n|t:|1699559291\n|move|p1a: Dino|Blaze Kick|p2a: Ferrothorn\n|-supereffective|p2a: Ferrothorn\n|-crit|p2a: Ferrothorn\n|-damage|p2a: Ferrothorn|0 fnt\n|-damage|p1a: Dino|52\/100|[from] ability: Iron Barbs|[of] p2a: Ferrothorn\n|faint|p2a: Ferrothorn\n|\n|win|babbona\n|raw|babbona's rating: 1059 &rarr; <strong>1087<\/strong><br \/>(+28 for winning)\n|raw|frontdeskbucko's rating: 1025 &rarr; <strong>1013<\/strong><br \/>(-12 for losing)\n|c|\u2606babbona|gg\n","uploadtime":1699559332,"views":4,"p1id":"babbona","p2id":"frontdeskbucko","formatid":"gen9nationaldex","rating":1013,"private":0,"password":""}