{"id":"gen9nationaldex-1995987920","p1":"painting_sunshine","p2":"esyugijokdfg","format":"[Gen 9] National Dex","log":"|html|<div class=\"broadcast-blue\"><strong>[Gen 9] National Dex is currently suspecting Sneasler! For information on how to participate check out the <a href=\"https:\/\/www.smogon.com\/forums\/threads\/sv-national-dex-suspect-8-just-dance.3731534\/\">suspect thread<\/a>.<\/strong><\/div>\n|j|\u2606painting_sunshine\n|j|\u2606esyugijokdfg\n|t:|1700625808\n|gametype|singles\n|player|p1|painting_sunshine|265|1325\n|player|p2|esyugijokdfg|102|1255\n|teamsize|p1|6\n|teamsize|p2|6\n|gen|9\n|tier|[Gen 9] National Dex\n|rated|\n|rule|HP Percentage Mod: HP is shown in percentages\n|rule|Endless Battle Clause: Forcing endless battles is banned\n|rule|OHKO Clause: OHKO moves are banned\n|rule|Evasion Clause: Evasion abilities, items, and moves are banned\n|rule|Evasion Abilities Clause: Evasion abilities are banned\n|rule|Evasion Items Clause: Evasion items are banned\n|rule|Evasion Moves Clause: Evasion moves are banned\n|rule|Species Clause: Limit one of each Pok\u00e9mon\n|rule|Sleep Clause Mod: Limit one foe put to sleep\n|clearpoke\n|poke|p1|Pelipper, M|\n|poke|p1|Barraskewda, M|\n|poke|p1|Kingdra, F|\n|poke|p1|Swampert, M|\n|poke|p1|Ferrothorn, F|\n|poke|p1|Salamence, F|\n|poke|p2|Samurott-Hisui, M|\n|poke|p2|Tapu Lele|\n|poke|p2|Lopunny, F|\n|poke|p2|Ferrothorn, M|\n|poke|p2|Great Tusk|\n|poke|p2|Toxapex, M|\n|teampreview\n|inactive|Battle timer is ON: inactive players will automatically lose when time's up. (requested by painting_sunshine)\n|\n|t:|1700625824\n|start\n|switch|p1a: Pelipper|Pelipper, M|100\/100\n|switch|p2a: Tapu Lele|Tapu Lele|100\/100\n|-fieldstart|move: Psychic Terrain|[from] ability: Psychic Surge|[of] p2a: Tapu Lele\n|-weather|RainDance|[from] ability: Drizzle|[of] p1a: Pelipper\n|turn|1\n|\n|t:|1700625836\n|switch|p1a: Ferrothorn|Ferrothorn, F|100\/100\n|move|p2a: Tapu Lele|Psychic|p1a: Ferrothorn\n|-resisted|p1a: Ferrothorn\n|-damage|p1a: Ferrothorn|63\/100\n|\n|-weather|RainDance|[upkeep]\n|-heal|p1a: Ferrothorn|70\/100|[from] item: Leftovers\n|upkeep\n|turn|2\n|\n|t:|1700625854\n|switch|p2a: Ferrothorn|Ferrothorn, M|100\/100\n|move|p1a: Ferrothorn|Thunder Wave|p2a: Ferrothorn\n|-status|p2a: Ferrothorn|par\n|\n|-weather|RainDance|[upkeep]\n|-heal|p1a: Ferrothorn|76\/100|[from] item: Leftovers\n|upkeep\n|turn|3\n|\n|t:|1700625866\n|move|p1a: Ferrothorn|Protect|p1a: Ferrothorn\n|-singleturn|p1a: Ferrothorn|Protect\n|move|p2a: Ferrothorn|Stealth Rock|p1a: Ferrothorn\n|-sidestart|p1: painting_sunshine|move: Stealth Rock\n|\n|-weather|RainDance|[upkeep]\n|-heal|p1a: Ferrothorn|82\/100|[from] item: Leftovers\n|upkeep\n|turn|4\n|\n|t:|1700625886\n|switch|p1a: Pelipper|Pelipper, M|100\/100\n|-damage|p1a: Pelipper|75\/100|[from] Stealth Rock\n|move|p2a: Ferrothorn|Leech Seed|p1a: Pelipper\n|-start|p1a: Pelipper|move: Leech Seed\n|\n|-weather|RainDance|[upkeep]\n|-damage|p1a: Pelipper|63\/100|[from] Leech Seed|[of] p2a: Ferrothorn\n|upkeep\n|turn|5\n|\n|t:|1700625898\n|switch|p2a: Toxapex|Toxapex, M|100\/100\n|move|p1a: Pelipper|Defog|p2a: Toxapex\n|-unboost|p2a: Toxapex|evasion|1\n|-sideend|p1: painting_sunshine|Stealth Rock|[from] move: Defog|[of] p1a: Pelipper\n|-fieldend|move: Psychic Terrain\n|\n|-weather|RainDance|[upkeep]\n|-damage|p1a: Pelipper|51\/100|[from] Leech Seed|[of] p2a: Toxapex\n|upkeep\n|turn|6\n|\n|t:|1700625911\n|switch|p1a: Ferrothorn|Ferrothorn, F|82\/100\n|move|p2a: Toxapex|Toxic|p1a: Ferrothorn\n|-immune|p1a: Ferrothorn\n|\n|-weather|RainDance|[upkeep]\n|-heal|p1a: Ferrothorn|88\/100|[from] item: Leftovers\n|upkeep\n|turn|7\n|\n|t:|1700625918\n|switch|p2a: Ferrothorn|Ferrothorn, M|100\/100 par\n|move|p1a: Ferrothorn|Gyro Ball|p2a: Ferrothorn\n|-resisted|p2a: Ferrothorn\n|-damage|p2a: Ferrothorn|99\/100 par\n|-damage|p1a: Ferrothorn|76\/100|[from] ability: Iron Barbs|[of] p2a: Ferrothorn\n|\n|-weather|RainDance|[upkeep]\n|-heal|p1a: Ferrothorn|82\/100|[from] item: Leftovers\n|-heal|p2a: Ferrothorn|100\/100 par|[from] item: Leftovers\n|upkeep\n|turn|8\n|\n|t:|1700625931\n|switch|p1a: Barraskewda|Barraskewda, M|100\/100\n|cant|p2a: Ferrothorn|par\n|\n|-weather|none\n|upkeep\n|turn|9\n|\n|t:|1700625939\n|switch|p2a: Toxapex|Toxapex, M|100\/100\n|move|p1a: Barraskewda|Close Combat|p2a: Toxapex\n|-resisted|p2a: Toxapex\n|-damage|p2a: Toxapex|81\/100\n|-unboost|p1a: Barraskewda|def|1\n|-unboost|p1a: Barraskewda|spd|1\n|\n|upkeep\n|turn|10\n|\n|t:|1700625948\n|switch|p1a: Ferrothorn|Ferrothorn, F|82\/100\n|move|p2a: Toxapex|Scald|p1a: Ferrothorn\n|-resisted|p1a: Ferrothorn\n|-damage|p1a: Ferrothorn|75\/100\n|\n|-heal|p1a: Ferrothorn|81\/100|[from] item: Leftovers\n|upkeep\n|turn|11\n|\n|t:|1700625956\n|switch|p2a: Ferrothorn|Ferrothorn, M|100\/100 par\n|move|p1a: Ferrothorn|Thunder Wave|p2a: Ferrothorn\n|-fail|p2a: Ferrothorn|par\n|\n|-heal|p1a: Ferrothorn|88\/100|[from] item: Leftovers\n|upkeep\n|turn|12\n|\n|t:|1700625962\n|switch|p1a: Pelipper|Pelipper, M|51\/100\n|-weather|RainDance|[from] ability: Drizzle|[of] p1a: Pelipper\n|move|p2a: Ferrothorn|Stealth Rock|p1a: Pelipper\n|-sidestart|p1: painting_sunshine|move: Stealth Rock\n|\n|-weather|RainDance|[upkeep]\n|upkeep\n|turn|13\n|\n|t:|1700625972\n|move|p1a: Pelipper|Roost|p1a: Pelipper\n|-heal|p1a: Pelipper|100\/100\n|-singleturn|p1a: Pelipper|move: Roost\n|cant|p2a: Ferrothorn|par\n|\n|-weather|RainDance|[upkeep]\n|upkeep\n|turn|14\n|\n|t:|1700625979\n|move|p1a: Pelipper|Hurricane|p2a: Ferrothorn\n|-damage|p2a: Ferrothorn|74\/100 par\n|-start|p2a: Ferrothorn|confusion\n|-activate|p2a: Ferrothorn|confusion\n|cant|p2a: Ferrothorn|par\n|\n|-weather|RainDance|[upkeep]\n|-heal|p2a: Ferrothorn|80\/100 par|[from] item: Leftovers\n|upkeep\n|turn|15\n|\n|t:|1700625988\n|move|p1a: Pelipper|Hurricane|p2a: Ferrothorn\n|-damage|p2a: Ferrothorn|55\/100 par\n|-activate|p2a: Ferrothorn|confusion\n|move|p2a: Ferrothorn|Leech Seed|p1a: Pelipper\n|-start|p1a: Pelipper|move: Leech Seed\n|\n|-weather|RainDance|[upkeep]\n|-heal|p2a: Ferrothorn|61\/100 par|[from] item: Leftovers\n|-damage|p1a: Pelipper|88\/100|[from] Leech Seed|[of] p2a: Ferrothorn\n|-heal|p2a: Ferrothorn|72\/100 par|[silent]\n|upkeep\n|turn|16\n|\n|t:|1700626014\n|switch|p2a: Toxapex|Toxapex, M|100\/100\n|move|p1a: Pelipper|Hurricane|p2a: Toxapex\n|-damage|p2a: Toxapex|72\/100\n|\n|-weather|RainDance|[upkeep]\n|-damage|p1a: Pelipper|76\/100|[from] Leech Seed|[of] p2a: Toxapex\n|-heal|p2a: Toxapex|86\/100|[silent]\n|upkeep\n|turn|17\n|\n|t:|1700626020\n|switch|p1a: Ferrothorn|Ferrothorn, F|88\/100\n|-damage|p1a: Ferrothorn|81\/100|[from] Stealth Rock\n|move|p2a: Toxapex|Toxic|p1a: Ferrothorn\n|-immune|p1a: Ferrothorn\n|\n|-weather|RainDance|[upkeep]\n|-heal|p1a: Ferrothorn|88\/100|[from] item: Leftovers\n|upkeep\n|turn|18\n|\n|t:|1700626028\n|switch|p2a: Great Tusk|Great Tusk|100\/100\n|move|p1a: Ferrothorn|Leech Seed|p2a: Great Tusk\n|-start|p2a: Great Tusk|move: Leech Seed\n|\n|-weather|RainDance|[upkeep]\n|-heal|p1a: Ferrothorn|94\/100|[from] item: Leftovers\n|-damage|p2a: Great Tusk|88\/100|[from] Leech Seed|[of] p1a: Ferrothorn\n|-heal|p1a: Ferrothorn|100\/100|[silent]\n|upkeep\n|turn|19\n|\n|t:|1700626037\n|move|p1a: Ferrothorn|Protect|p1a: Ferrothorn\n|-singleturn|p1a: Ferrothorn|Protect\n|move|p2a: Great Tusk|Close Combat|p1a: Ferrothorn\n|-activate|p1a: Ferrothorn|move: Protect\n|\n|-weather|none\n|-damage|p2a: Great Tusk|76\/100|[from] Leech Seed|[of] p1a: Ferrothorn\n|upkeep\n|turn|20\n|\n|t:|1700626049\n|-end|p2a: Great Tusk|Protosynthesis|[silent]\n|switch|p2a: Tapu Lele|Tapu Lele|100\/100\n|-fieldstart|move: Psychic Terrain|[from] ability: Psychic Surge|[of] p2a: Tapu Lele\n|switch|p1a: Pelipper|Pelipper, M|76\/100\n|-damage|p1a: Pelipper|51\/100|[from] Stealth Rock\n|-weather|RainDance|[from] ability: Drizzle|[of] p1a: Pelipper\n|\n|-weather|RainDance|[upkeep]\n|upkeep\n|turn|21\n|\n|t:|1700626058\n|switch|p1a: Ferrothorn|Ferrothorn, F|100\/100\n|-damage|p1a: Ferrothorn|94\/100|[from] Stealth Rock\n|move|p2a: Tapu Lele|Psychic|p1a: Ferrothorn\n|-resisted|p1a: Ferrothorn\n|-damage|p1a: Ferrothorn|60\/100\n|-unboost|p1a: Ferrothorn|spd|1\n|\n|-weather|RainDance|[upkeep]\n|-heal|p1a: Ferrothorn|67\/100|[from] item: Leftovers\n|upkeep\n|turn|22\n|\n|t:|1700626069\n|switch|p2a: Ferrothorn|Ferrothorn, M|72\/100 par\n|move|p1a: Ferrothorn|Gyro Ball|p2a: Ferrothorn\n|-resisted|p2a: Ferrothorn\n|-damage|p2a: Ferrothorn|71\/100 par\n|-damage|p1a: Ferrothorn|54\/100|[from] ability: Iron Barbs|[of] p2a: Ferrothorn\n|\n|-weather|RainDance|[upkeep]\n|-heal|p1a: Ferrothorn|60\/100|[from] item: Leftovers\n|-heal|p2a: Ferrothorn|77\/100 par|[from] item: Leftovers\n|upkeep\n|turn|23\n|\n|t:|1700626088\n|switch|p1a: Barraskewda|Barraskewda, M|100\/100\n|-damage|p1a: Barraskewda|88\/100|[from] Stealth Rock\n|move|p2a: Ferrothorn|Leech Seed|p1a: Barraskewda\n|-start|p1a: Barraskewda|move: Leech Seed\n|\n|-weather|RainDance|[upkeep]\n|-heal|p2a: Ferrothorn|83\/100 par|[from] item: Leftovers\n|-damage|p1a: Barraskewda|75\/100|[from] Leech Seed|[of] p2a: Ferrothorn\n|-heal|p2a: Ferrothorn|93\/100 par|[silent]\n|upkeep\n|turn|24\n|\n|t:|1700626096\n|switch|p2a: Toxapex|Toxapex, M|100\/100\n|move|p1a: Barraskewda|Drill Run|p2a: Toxapex\n|-supereffective|p2a: Toxapex\n|-damage|p2a: Toxapex|42\/100\n|\n|-weather|RainDance|[upkeep]\n|-damage|p1a: Barraskewda|63\/100|[from] Leech Seed|[of] p2a: Toxapex\n|-heal|p2a: Toxapex|53\/100|[silent]\n|-fieldend|move: Psychic Terrain\n|upkeep\n|turn|25\n|\n|t:|1700626113\n|switch|p2a: Tapu Lele|Tapu Lele|100\/100\n|-fieldstart|move: Psychic Terrain|[from] ability: Psychic Surge|[of] p2a: Tapu Lele\n|move|p1a: Barraskewda|Drill Run|p2a: Tapu Lele\n|-crit|p2a: Tapu Lele\n|-damage|p2a: Tapu Lele|1\/100\n|\n|-weather|RainDance|[upkeep]\n|-damage|p1a: Barraskewda|50\/100|[from] Leech Seed|[of] p2a: Tapu Lele\n|-heal|p2a: Tapu Lele|13\/100|[silent]\n|upkeep\n|turn|26\n|\n|t:|1700626122\n|switch|p2a: Ferrothorn|Ferrothorn, M|93\/100 par\n|move|p1a: Barraskewda|Drill Run|p2a: Ferrothorn\n|-damage|p2a: Ferrothorn|62\/100 par\n|-damage|p1a: Barraskewda|38\/100|[from] ability: Iron Barbs|[of] p2a: Ferrothorn\n|\n|-weather|RainDance|[upkeep]\n|-heal|p2a: Ferrothorn|68\/100 par|[from] item: Leftovers\n|-damage|p1a: Barraskewda|25\/100|[from] Leech Seed|[of] p2a: Ferrothorn\n|-heal|p2a: Ferrothorn|78\/100 par|[silent]\n|upkeep\n|turn|27\n|\n|t:|1700626134\n|switch|p1a: Pelipper|Pelipper, M|51\/100\n|-damage|p1a: Pelipper|26\/100|[from] Stealth Rock\n|move|p2a: Ferrothorn|Leech Seed|p1a: Pelipper|[miss]\n|-miss|p2a: Ferrothorn|p1a: Pelipper\n|\n|-weather|none\n|-heal|p2a: Ferrothorn|84\/100 par|[from] item: Leftovers\n|upkeep\n|turn|28\n|\n|t:|1700626140\n|move|p1a: Pelipper|Roost|p1a: Pelipper\n|-heal|p1a: Pelipper|76\/100\n|-singleturn|p1a: Pelipper|move: Roost\n|move|p2a: Ferrothorn|Leech Seed|p1a: Pelipper\n|-start|p1a: Pelipper|move: Leech Seed\n|\n|-heal|p2a: Ferrothorn|90\/100 par|[from] item: Leftovers\n|-damage|p1a: Pelipper|63\/100|[from] Leech Seed|[of] p2a: Ferrothorn\n|-heal|p2a: Ferrothorn|100\/100 par|[silent]\n|upkeep\n|turn|29\n|\n|t:|1700626147\n|switch|p2a: Toxapex|Toxapex, M|87\/100\n|move|p1a: Pelipper|Defog|p2a: Toxapex\n|-unboost|p2a: Toxapex|evasion|1\n|-sideend|p1: painting_sunshine|Stealth Rock|[from] move: Defog|[of] p1a: Pelipper\n|-fieldend|move: Psychic Terrain\n|\n|-damage|p1a: Pelipper|51\/100|[from] Leech Seed|[of] p2a: Toxapex\n|-heal|p2a: Toxapex|99\/100|[silent]\n|upkeep\n|turn|30\n|\n|t:|1700626155\n|switch|p1a: Ferrothorn|Ferrothorn, F|60\/100\n|switch|p2a: Ferrothorn|Ferrothorn, M|100\/100 par\n|\n|-heal|p1a: Ferrothorn|67\/100|[from] item: Leftovers\n|upkeep\n|turn|31\n|inactive|painting_sunshine has 120 seconds left.\n|\n|t:|1700626198\n|switch|p1a: Salamence|Salamence, F|100\/100\n|move|p2a: Ferrothorn|Leech Seed|p1a: Salamence\n|-start|p1a: Salamence|move: Leech Seed\n|\n|-damage|p1a: Salamence|88\/100|[from] Leech Seed|[of] p2a: Ferrothorn\n|upkeep\n|turn|32\n|\n|t:|1700626206\n|move|p1a: Salamence|Dragon Dance|p1a: Salamence\n|-boost|p1a: Salamence|atk|1\n|-boost|p1a: Salamence|spe|1\n|move|p2a: Ferrothorn|Stealth Rock|p1a: Salamence\n|-sidestart|p1: painting_sunshine|move: Stealth Rock\n|\n|-damage|p1a: Salamence|76\/100|[from] Leech Seed|[of] p2a: Ferrothorn\n|upkeep\n|turn|33\n|inactive|painting_sunshine has 120 seconds left.\n|\n|t:|1700626213\n|move|p1a: Salamence|Dragon Dance|p1a: Salamence\n|-boost|p1a: Salamence|atk|1\n|-boost|p1a: Salamence|spe|1\n|cant|p2a: Ferrothorn|par\n|\n|-damage|p1a: Salamence|63\/100|[from] Leech Seed|[of] p2a: Ferrothorn\n|upkeep\n|turn|34\n|\n|t:|1700626221\n|move|p1a: Salamence|Dragon Dance|p1a: Salamence\n|-boost|p1a: Salamence|atk|1\n|-boost|p1a: Salamence|spe|1\n|move|p2a: Ferrothorn|Gyro Ball|p1a: Salamence\n|-damage|p1a: Salamence|0 fnt\n|faint|p1a: Salamence\n|\n|upkeep\n|inactive|painting_sunshine has 120 seconds left.\n|\n|t:|1700626232\n|switch|p1a: Pelipper|Pelipper, M|51\/100\n|-damage|p1a: Pelipper|26\/100|[from] Stealth Rock\n|-weather|RainDance|[from] ability: Drizzle|[of] p1a: Pelipper\n|turn|35\n|\n|t:|1700626237\n|move|p1a: Pelipper|Roost|p1a: Pelipper\n|-heal|p1a: Pelipper|76\/100\n|-singleturn|p1a: Pelipper|move: Roost\n|cant|p2a: Ferrothorn|par\n|\n|-weather|RainDance|[upkeep]\n|upkeep\n|turn|36\n|\n|t:|1700626241\n|move|p1a: Pelipper|Hurricane|p2a: Ferrothorn\n|-damage|p2a: Ferrothorn|77\/100 par\n|-start|p2a: Ferrothorn|confusion\n|-activate|p2a: Ferrothorn|confusion\n|-damage|p2a: Ferrothorn|71\/100 par|[from] confusion\n|\n|-weather|RainDance|[upkeep]\n|-heal|p2a: Ferrothorn|77\/100 par|[from] item: Leftovers\n|upkeep\n|turn|37\n|\n|t:|1700626246\n|switch|p2a: Toxapex|Toxapex, M|100\/100\n|move|p1a: Pelipper|Hurricane|p2a: Toxapex\n|-damage|p2a: Toxapex|68\/100\n|\n|-weather|RainDance|[upkeep]\n|upkeep\n|turn|38\n|\n|t:|1700626252\n|move|p1a: Pelipper|Hurricane|p2a: Toxapex\n|-damage|p2a: Toxapex|39\/100\n|move|p2a: Toxapex|Toxic|p1a: Pelipper\n|-status|p1a: Pelipper|tox\n|\n|-weather|RainDance|[upkeep]\n|-damage|p1a: Pelipper|70\/100 tox|[from] psn\n|upkeep\n|turn|39\n|\n|t:|1700626258\n|move|p1a: Pelipper|Hurricane|p2a: Toxapex\n|-damage|p2a: Toxapex|8\/100\n|move|p2a: Toxapex|Recover|p2a: Toxapex\n|-heal|p2a: Toxapex|58\/100\n|\n|-weather|RainDance|[upkeep]\n|-damage|p1a: Pelipper|58\/100 tox|[from] psn\n|upkeep\n|turn|40\n|\n|t:|1700626268\n|switch|p2a: Ferrothorn|Ferrothorn, M|77\/100 par\n|move|p1a: Pelipper|Defog|p2a: Ferrothorn\n|-unboost|p2a: Ferrothorn|evasion|1\n|-sideend|p1: painting_sunshine|Stealth Rock|[from] move: Defog|[of] p1a: Pelipper\n|\n|-weather|RainDance|[upkeep]\n|-heal|p2a: Ferrothorn|83\/100 par|[from] item: Leftovers\n|-damage|p1a: Pelipper|39\/100 tox|[from] psn\n|upkeep\n|turn|41\n|\n|t:|1700626276\n|switch|p1a: Swampert|Swampert, M|100\/100\n|move|p2a: Ferrothorn|Stealth Rock|p1a: Swampert\n|-sidestart|p1: painting_sunshine|move: Stealth Rock\n|\n|-weather|RainDance|[upkeep]\n|-heal|p2a: Ferrothorn|89\/100 par|[from] item: Leftovers\n|upkeep\n|turn|42\n|\n|t:|1700626286\n|detailschange|p1a: Swampert|Swampert-Mega, M\n|-mega|p1a: Swampert|Swampert|Swampertite\n|move|p1a: Swampert|Bulk Up|p1a: Swampert\n|-boost|p1a: Swampert|atk|1\n|-boost|p1a: Swampert|def|1\n|move|p2a: Ferrothorn|Power Whip|p1a: Swampert\n|-supereffective|p1a: Swampert\n|-damage|p1a: Swampert|0 fnt\n|faint|p1a: Swampert\n|\n|-weather|none\n|-heal|p2a: Ferrothorn|96\/100 par|[from] item: Leftovers\n|upkeep\n|-message|painting_sunshine forfeited.\n|\n|win|esyugijokdfg\n|raw|painting_sunshine's rating: 1325 &rarr; <strong>1301<\/strong><br \/>(-24 for losing)\n|raw|esyugijokdfg's rating: 1255 &rarr; <strong>1285<\/strong><br \/>(+30 for winning)\n|l|\u2606painting_sunshine\n","uploadtime":1700626329,"views":1,"p1id":"paintingsunshine","p2id":"esyugijokdfg","formatid":"gen9nationaldex","rating":1285,"private":0,"password":""}