{"id":"gen9nationaldex-1987767471","p1":"BabaYaga357","p2":"BanTheMaster","format":"[Gen 9] National Dex","log":"|j|\u2606BabaYaga357\n|j|\u2606BanTheMaster\n|t:|1699635058\n|gametype|singles\n|player|p1|BabaYaga357|169|1543\n|player|p2|BanTheMaster|ingo|1546\n|teamsize|p1|6\n|teamsize|p2|6\n|gen|9\n|tier|[Gen 9] National Dex\n|rated|\n|rule|HP Percentage Mod: HP is shown in percentages\n|rule|Endless Battle Clause: Forcing endless battles is banned\n|rule|OHKO Clause: OHKO moves are banned\n|rule|Evasion Clause: Evasion abilities, items, and moves are banned\n|rule|Evasion Abilities Clause: Evasion abilities are banned\n|rule|Evasion Items Clause: Evasion items are banned\n|rule|Evasion Moves Clause: Evasion moves are banned\n|rule|Species Clause: Limit one of each Pok\u00e9mon\n|rule|Sleep Clause Mod: Limit one foe put to sleep\n|clearpoke\n|poke|p1|Volcarona, M|\n|poke|p1|Gliscor, F|\n|poke|p1|Buzzwole|\n|poke|p1|Dragonite, M|\n|poke|p1|Heatran, F|\n|poke|p1|Slowking, M|\n|poke|p2|Zamazenta-*|\n|poke|p2|Greninja-*, M|\n|poke|p2|Tapu Fini|\n|poke|p2|Iron Treads|\n|poke|p2|Pinsir, M|\n|poke|p2|Iron Moth|\n|teampreview\n|inactive|Battle timer is ON: inactive players will automatically lose when time's up. (requested by BabaYaga357)\n|\n|t:|1699635084\n|start\n|switch|p1a: Dort|Slowking, M|100\/100\n|switch|p2a: Greninja|Greninja, M|100\/100\n|turn|1\n|\n|t:|1699635101\n|move|p2a: Greninja|Dark Pulse|p1a: Dort\n|-supereffective|p1a: Dort\n|-damage|p1a: Dort|56\/100\n|cant|p1a: Dort|flinch\n|\n|upkeep\n|turn|2\n|inactive|BabaYaga357 has 120 seconds left.\n|\n|t:|1699635127\n|move|p2a: Greninja|Dark Pulse|p1a: Dort\n|-supereffective|p1a: Dort\n|-damage|p1a: Dort|7\/100\n|move|p1a: Dort|Thunder Wave|p2a: Greninja\n|-status|p2a: Greninja|par\n|\n|upkeep\n|turn|3\n|inactive|BabaYaga357 has 120 seconds left.\n|\n|t:|1699635138\n|switch|p1a: Frog|Heatran, F|100\/100\n|move|p2a: Greninja|Ice Beam|p1a: Frog\n|-resisted|p1a: Frog\n|-damage|p1a: Frog|96\/100\n|-status|p1a: Frog|frz\n|\n|-heal|p1a: Frog|100\/100 frz|[from] item: Leftovers\n|upkeep\n|turn|4\n|\n|t:|1699635145\n|cant|p1a: Frog|frz\n|cant|p2a: Greninja|par\n|\n|upkeep\n|turn|5\n|\n|t:|1699635155\n|switch|p1a: Dort|Slowking, M|41\/100\n|move|p2a: Greninja|Hydro Pump|p1a: Dort\n|-resisted|p1a: Dort\n|-damage|p1a: Dort|26\/100\n|\n|upkeep\n|turn|6\n|\n|t:|1699635158\n|switch|p1a: Frog|Heatran, F|100\/100 frz\n|cant|p2a: Greninja|par\n|\n|upkeep\n|turn|7\n|\n|t:|1699635163\n|cant|p1a: Frog|frz\n|move|p2a: Greninja|Dark Pulse|p1a: Frog\n|-damage|p1a: Frog|80\/100 frz\n|\n|-heal|p1a: Frog|87\/100 frz|[from] item: Leftovers\n|upkeep\n|turn|8\n|\n|t:|1699635170\n|switch|p1a: Dort|Slowking, M|60\/100\n|move|p2a: Greninja|Hydro Pump|p1a: Dort\n|-resisted|p1a: Dort\n|-damage|p1a: Dort|43\/100\n|\n|upkeep\n|turn|9\n|\n|t:|1699635179\n|switch|p1a: Frog|Heatran, F|87\/100 frz\n|move|p2a: Greninja|Dark Pulse|p1a: Frog\n|-damage|p1a: Frog|65\/100 frz\n|\n|-heal|p1a: Frog|71\/100 frz|[from] item: Leftovers\n|upkeep\n|turn|10\n|\n|t:|1699635184\n|cant|p1a: Frog|frz\n|cant|p2a: Greninja|par\n|\n|-heal|p1a: Frog|77\/100 frz|[from] item: Leftovers\n|upkeep\n|turn|11\n|\n|t:|1699635186\n|cant|p1a: Frog|frz\n|cant|p2a: Greninja|par\n|\n|-heal|p1a: Frog|83\/100 frz|[from] item: Leftovers\n|upkeep\n|turn|12\n|\n|t:|1699635188\n|cant|p1a: Frog|frz\n|move|p2a: Greninja|Dark Pulse|p1a: Frog\n|-damage|p1a: Frog|61\/100 frz\n|\n|-heal|p1a: Frog|67\/100 frz|[from] item: Leftovers\n|upkeep\n|turn|13\n|\n|t:|1699635190\n|cant|p1a: Frog|frz\n|move|p2a: Greninja|Dark Pulse|p1a: Frog\n|-damage|p1a: Frog|45\/100 frz\n|\n|-heal|p1a: Frog|51\/100 frz|[from] item: Leftovers\n|upkeep\n|turn|14\n|\n|t:|1699635196\n|switch|p1a: Dort|Slowking, M|76\/100\n|move|p2a: Greninja|Dark Pulse|p1a: Dort\n|-supereffective|p1a: Dort\n|-damage|p1a: Dort|30\/100\n|\n|upkeep\n|turn|15\n|\n|t:|1699635201\n|switch|p1a: Frog|Heatran, F|51\/100 frz\n|move|p2a: Greninja|Dark Pulse|p1a: Frog\n|-damage|p1a: Frog|28\/100 frz\n|\n|-heal|p1a: Frog|34\/100 frz|[from] item: Leftovers\n|upkeep\n|turn|16\n|\n|t:|1699635206\n|cant|p1a: Frog|frz\n|move|p2a: Greninja|Dark Pulse|p1a: Frog\n|-damage|p1a: Frog|14\/100 frz\n|\n|-heal|p1a: Frog|20\/100 frz|[from] item: Leftovers\n|upkeep\n|turn|17\n|\n|t:|1699635208\n|cant|p1a: Frog|frz\n|move|p2a: Greninja|Dark Pulse|p1a: Frog\n|-damage|p1a: Frog|0 fnt\n|faint|p1a: Frog\n|-ability|p2a: Greninja|Battle Bond|boost\n|-boost|p2a: Greninja|atk|1\n|-boost|p2a: Greninja|spa|1\n|-boost|p2a: Greninja|spe|1\n|-activate|p2a: Greninja|ability: Battle Bond\n|\n|upkeep\n|\n|t:|1699635218\n|switch|p1a: Swoop|Gliscor, F|100\/100\n|turn|18\n|\n|t:|1699635225\n|-terastallize|p1a: Swoop|Steel\n|cant|p2a: Greninja|par\n|move|p1a: Swoop|Earthquake|p2a: Greninja\n|-damage|p2a: Greninja|43\/100 par\n|\n|upkeep\n|turn|19\n|-message|BanTheMaster forfeited.\n|\n|win|BabaYaga357\n|raw|BabaYaga357's rating: 1543 &rarr; <strong>1563<\/strong><br \/>(+20 for winning)\n|raw|BanTheMaster's rating: 1546 &rarr; <strong>1526<\/strong><br \/>(-20 for losing)\n|l|\u2606BanTheMaster\n","uploadtime":1699635232,"views":4,"p1id":"babayaga357","p2id":"banthemaster","formatid":"gen9nationaldex","rating":1526,"private":0,"password":""}