{"id":"gen9nationaldex-1992898013","p1":"Glass101","p2":"someone94828","format":"[Gen 9] National Dex","log":"|j|\u2606Glass101\n|j|\u2606someone94828\n|t:|1700244962\n|gametype|singles\n|player|p1|Glass101|101|1494\n|player|p2|someone94828|pokemaniac|1514\n|teamsize|p1|6\n|teamsize|p2|6\n|gen|9\n|tier|[Gen 9] National Dex\n|rated|\n|rule|HP Percentage Mod: HP is shown in percentages\n|rule|Endless Battle Clause: Forcing endless battles is banned\n|rule|OHKO Clause: OHKO moves are banned\n|rule|Evasion Clause: Evasion abilities, items, and moves are banned\n|rule|Evasion Abilities Clause: Evasion abilities are banned\n|rule|Evasion Items Clause: Evasion items are banned\n|rule|Evasion Moves Clause: Evasion moves are banned\n|rule|Species Clause: Limit one of each Pok\u00e9mon\n|rule|Sleep Clause Mod: Limit one foe put to sleep\n|clearpoke\n|poke|p1|Scolipede, F|\n|poke|p1|Ceruledge, F|\n|poke|p1|Toxapex, M|\n|poke|p1|Cresselia, F|\n|poke|p1|Garchomp, F|\n|poke|p1|Clodsire, F|\n|poke|p2|Kartana|\n|poke|p2|Latios, M|\n|poke|p2|Great Tusk|\n|poke|p2|Tornadus-Therian, M|\n|poke|p2|Heatran, M|\n|poke|p2|Samurott-Hisui, M|\n|teampreview\n|inactive|Battle timer is ON: inactive players will automatically lose when time's up. (requested by someone94828)\n|\n|t:|1700244976\n|start\n|switch|p1a: Scolipede|Scolipede, F|100\/100\n|switch|p2a: Tornadus|Tornadus-Therian, M|100\/100\n|turn|1\n|\n|t:|1700244982\n|switch|p1a: Toxapex|Toxapex, M|100\/100\n|move|p2a: Tornadus|Hurricane|p1a: Toxapex\n|-damage|p1a: Toxapex|62\/100\n|\n|upkeep\n|turn|2\n|\n|t:|1700244985\n|move|p2a: Tornadus|Knock Off|p1a: Toxapex\n|-damage|p1a: Toxapex|47\/100\n|-damage|p2a: Tornadus|84\/100|[from] item: Rocky Helmet|[of] p1a: Toxapex\n|-enditem|p1a: Toxapex|Rocky Helmet|[from] move: Knock Off|[of] p2a: Tornadus\n|move|p1a: Toxapex|Scald|p2a: Tornadus\n|-damage|p2a: Tornadus|74\/100\n|\n|upkeep\n|turn|3\n|\n|t:|1700244991\n|move|p2a: Tornadus|U-turn|p1a: Toxapex\n|-resisted|p1a: Toxapex\n|-damage|p1a: Toxapex|42\/100\n|\n|t:|1700244998\n|switch|p2a: Latios|Latios, M|100\/100|[from] U-turn\n|move|p1a: Toxapex|Toxic|p2a: Latios\n|-status|p2a: Latios|tox\n|\n|-damage|p2a: Latios|95\/100 tox|[from] psn\n|upkeep\n|turn|4\n|\n|t:|1700245005\n|switch|p1a: Mr Blue sky|Cresselia, F, shiny|100\/100\n|detailschange|p2a: Latios|Latios-Mega, M\n|-mega|p2a: Latios|Latios|Latiosite\n|move|p2a: Latios|Psychic|p1a: Mr Blue sky\n|-resisted|p1a: Mr Blue sky\n|-damage|p1a: Mr Blue sky|82\/100\n|\n|-damage|p2a: Latios|83\/100 tox|[from] psn\n|upkeep\n|turn|5\n|\n|t:|1700245010\n|switch|p2a: Samurott|Samurott-Hisui, M|100\/100\n|move|p1a: Mr Blue sky|Moonlight|p1a: Mr Blue sky\n|-heal|p1a: Mr Blue sky|100\/100\n|\n|upkeep\n|turn|6\n|\n|t:|1700245014\n|switch|p1a: Garchomp|Garchomp, F|100\/100\n|move|p2a: Samurott|Ceaseless Edge|p1a: Garchomp\n|-damage|p1a: Garchomp|59\/100\n|-damage|p2a: Samurott|88\/100|[from] ability: Rough Skin|[of] p1a: Garchomp\n|-sidestart|p1: Glass101|Spikes\n|\n|upkeep\n|turn|7\n|\n|t:|1700245018\n|move|p2a: Samurott|Ceaseless Edge|p1a: Garchomp\n|-damage|p1a: Garchomp|14\/100\n|-damage|p2a: Samurott|76\/100|[from] ability: Rough Skin|[of] p1a: Garchomp\n|-sidestart|p1: Glass101|Spikes\n|move|p1a: Garchomp|Earthquake|p2a: Samurott\n|-damage|p2a: Samurott|5\/100\n|\n|upkeep\n|turn|8\n|\n|t:|1700245028\n|move|p2a: Samurott|Ceaseless Edge|p1a: Garchomp\n|-damage|p1a: Garchomp|0 fnt\n|-damage|p2a: Samurott|0 fnt|[from] ability: Rough Skin|[of] p1a: Garchomp\n|faint|p1a: Garchomp\n|faint|p2a: Samurott\n|\n|upkeep\n|\n|t:|1700245038\n|switch|p1a: Mr Blue sky|Cresselia, F, shiny|100\/100\n|switch|p2a: Kartana|Kartana|100\/100\n|turn|9\n|\n|t:|1700245044\n|switch|p1a: Toxapex|Toxapex, M|75\/100\n|-damage|p1a: Toxapex|58\/100|[from] Spikes\n|move|p2a: Kartana|Knock Off|p1a: Toxapex\n|-damage|p1a: Toxapex|37\/100\n|\n|upkeep\n|turn|10\n|\n|t:|1700245051\n|move|p2a: Kartana|Leaf Blade|p1a: Toxapex\n|-damage|p1a: Toxapex|0 fnt\n|faint|p1a: Toxapex\n|-ability|p2a: Kartana|Beast Boost|boost\n|-boost|p2a: Kartana|atk|1\n|\n|upkeep\n|\n|t:|1700245053\n|switch|p1a: Clodsire|Clodsire, F|100\/100\n|-damage|p1a: Clodsire|84\/100|[from] Spikes\n|turn|11\n|\n|t:|1700245055\n|move|p2a: Kartana|Leaf Blade|p1a: Clodsire\n|-crit|p1a: Clodsire\n|-damage|p1a: Clodsire|19\/100\n|move|p1a: Clodsire|Counter|p2a: Kartana\n|-damage|p2a: Kartana|0 fnt\n|faint|p2a: Kartana\n|\n|upkeep\n|c|\u2606someone94828|tf\n|c|\u2606Glass101|Works everytime\n|c|\u2606someone94828|ok\n|c|\u2606Glass101|Sadly the Crit sucks\n|inactive|someone94828 has 120 seconds left.\n|\n|t:|1700245086\n|switch|p2a: Tornadus|Tornadus-Therian, M|100\/100\n|turn|12\n|\n|t:|1700245089\n|move|p2a: Tornadus|Knock Off|p1a: Clodsire\n|-damage|p1a: Clodsire|4\/100\n|-enditem|p1a: Clodsire|Ability Shield|[from] move: Knock Off|[of] p2a: Tornadus\n|move|p1a: Clodsire|Recover|p1a: Clodsire\n|-heal|p1a: Clodsire|54\/100\n|\n|upkeep\n|turn|13\n|c|\u2606Glass101|Nvm, clods still a goat\n|inactive|someone94828 has 120 seconds left.\n|c|\u2606someone94828|weakest mon ever\n|\n|t:|1700245112\n|move|p2a: Tornadus|U-turn|p1a: Clodsire\n|-resisted|p1a: Clodsire\n|-damage|p1a: Clodsire|48\/100\n|c|\u2606someone94828|blud did 15\n|c|\u2606Glass101|Excuse me ?\n|\n|t:|1700245117\n|switch|p2a: Great Tusk|Great Tusk|100\/100|[from] U-turn\n|move|p1a: Clodsire|Recover|p1a: Clodsire\n|-heal|p1a: Clodsire|98\/100\n|\n|upkeep\n|turn|14\n|\n|t:|1700245123\n|switch|p1a: Mr Blue sky|Cresselia, F, shiny|100\/100\n|move|p2a: Great Tusk|Headlong Rush|p1a: Mr Blue sky\n|-immune|p1a: Mr Blue sky|[from] ability: Levitate\n|\n|upkeep\n|turn|15\n|c|\u2606Glass101|Oh\n|c|\u2606Glass101|Thought you meant clod\n|\n|t:|1700245132\n|-end|p2a: Great Tusk|Protosynthesis|[silent]\n|switch|p2a: Heatran|Heatran, M|100\/100\n|switch|p1a: Scolipede|Scolipede, F|100\/100\n|-damage|p1a: Scolipede|84\/100|[from] Spikes\n|\n|upkeep\n|turn|16\n|\n|t:|1700245146\n|switch|p2a: Great Tusk|Great Tusk|100\/100\n|-terastallize|p1a: Scolipede|Water\n|move|p1a: Scolipede|Swords Dance|p1a: Scolipede\n|-boost|p1a: Scolipede|atk|2\n|\n|-ability|p1a: Scolipede|Speed Boost|boost\n|-boost|p1a: Scolipede|spe|1\n|upkeep\n|turn|17\n|\n|t:|1700245161\n|-end|p2a: Great Tusk|Protosynthesis|[silent]\n|switch|p2a: Latios|Latios-Mega, M|83\/100 tox\n|move|p1a: Scolipede|Aqua Tail|p2a: Latios\n|-resisted|p2a: Latios\n|-damage|p2a: Latios|34\/100 tox\n|\n|-damage|p2a: Latios|28\/100 tox|[from] psn\n|-ability|p1a: Scolipede|Speed Boost|boost\n|-boost|p1a: Scolipede|spe|1\n|upkeep\n|turn|18\n|\n|t:|1700245166\n|move|p1a: Scolipede|Poison Jab|p2a: Latios\n|-damage|p2a: Latios|0 fnt\n|faint|p2a: Latios\n|\n|-ability|p1a: Scolipede|Speed Boost|boost\n|-boost|p1a: Scolipede|spe|1\n|upkeep\n|c|\u2606Glass101|Wrong move\n|\n|t:|1700245175\n|switch|p2a: Heatran|Heatran, M|100\/100\n|turn|19\n|\n|t:|1700245187\n|-terastallize|p2a: Heatran|Grass\n|move|p1a: Scolipede|Swords Dance|p1a: Scolipede\n|-boost|p1a: Scolipede|atk|2\n|move|p2a: Heatran|Earth Power|p1a: Scolipede\n|-damage|p1a: Scolipede|38\/100\n|\n|-ability|p1a: Scolipede|Speed Boost|boost\n|-boost|p1a: Scolipede|spe|1\n|upkeep\n|turn|20\n|\n|t:|1700245190\n|move|p1a: Scolipede|Poison Jab|p2a: Heatran\n|-supereffective|p2a: Heatran\n|-damage|p2a: Heatran|0 fnt\n|faint|p2a: Heatran\n|\n|-ability|p1a: Scolipede|Speed Boost|boost\n|-boost|p1a: Scolipede|spe|1\n|upkeep\n|\n|t:|1700245195\n|switch|p2a: Tornadus|Tornadus-Therian, M|100\/100\n|turn|21\n|\n|t:|1700245199\n|move|p1a: Scolipede|Poison Jab|p2a: Tornadus\n|-damage|p2a: Tornadus|0 fnt\n|faint|p2a: Tornadus\n|\n|-ability|p1a: Scolipede|Speed Boost|boost\n|-boost|p1a: Scolipede|spe|1\n|upkeep\n|-message|someone94828 forfeited.\n|\n|win|Glass101\n|raw|Glass101's rating: 1494 &rarr; <strong>1515<\/strong><br \/>(+21 for winning)\n|raw|someone94828's rating: 1514 &rarr; <strong>1493<\/strong><br \/>(-21 for losing)\n|l|\u2606someone94828\n|c|\u2606Glass101|Gg\n","uploadtime":1700245207,"views":30,"p1id":"glass101","p2id":"someone94828","formatid":"gen9nationaldex","rating":1493,"private":0,"password":""}