{"id":"gen9nationaldex-1993958774","p1":"TianBing","p2":"Geats\u6025wu\u72d0\u4fa0","format":"[Gen 9] National Dex","log":"|j|\u2606TianBing\n|j|\u2606Geats\u6025wu\u72d0\u4fa0\n|t:|1700382921\n|gametype|singles\n|player|p1|TianBing|cynthia|1292\n|player|p2|Geats\u6025wu\u72d0\u4fa0|teamrocket|1323\n|teamsize|p1|6\n|teamsize|p2|6\n|gen|9\n|tier|[Gen 9] National Dex\n|rated|\n|rule|HP Percentage Mod: HP is shown in percentages\n|rule|Endless Battle Clause: Forcing endless battles is banned\n|rule|OHKO Clause: OHKO moves are banned\n|rule|Evasion Clause: Evasion abilities, items, and moves are banned\n|rule|Evasion Abilities Clause: Evasion abilities are banned\n|rule|Evasion Items Clause: Evasion items are banned\n|rule|Evasion Moves Clause: Evasion moves are banned\n|rule|Species Clause: Limit one of each Pok\u00e9mon\n|rule|Sleep Clause Mod: Limit one foe put to sleep\n|clearpoke\n|poke|p1|Corviknight, M|\n|poke|p1|Garganacl, F|\n|poke|p1|Toxapex, M|\n|poke|p1|Dondozo, M|\n|poke|p1|Gliscor, M|\n|poke|p1|Diancie|\n|poke|p2|Scizor, M|\n|poke|p2|Garchomp, M|\n|poke|p2|Blaziken, M|\n|poke|p2|Greninja-*, M|\n|poke|p2|Celesteela|\n|poke|p2|Necrozma|\n|teampreview\n|inactive|Battle timer is ON: inactive players will automatically lose when time's up. (requested by Geats\u6025wu\u72d0\u4fa0)\n|\n|t:|1700382943\n|start\n|switch|p1a: Toxapex|Toxapex, M|100\/100\n|switch|p2a: \u9aa1\u5b50\u9a6c|Necrozma|100\/100\n|turn|1\n|\n|t:|1700382949\n|move|p2a: \u9aa1\u5b50\u9a6c|Photon Geyser|p1a: Toxapex\n|-supereffective|p1a: Toxapex\n|-damage|p1a: Toxapex|31\/100\n|move|p1a: Toxapex|Toxic|p2a: \u9aa1\u5b50\u9a6c\n|-status|p2a: \u9aa1\u5b50\u9a6c|tox\n|\n|-damage|p2a: \u9aa1\u5b50\u9a6c|94\/100 tox|[from] psn\n|upkeep\n|turn|2\n|\n|t:|1700382960\n|move|p1a: Toxapex|Baneful Bunker|p1a: Toxapex\n|-singleturn|p1a: Toxapex|move: Protect\n|move|p2a: \u9aa1\u5b50\u9a6c|Photon Geyser|p1a: Toxapex\n|-activate|p1a: Toxapex|move: Protect\n|\n|-damage|p2a: \u9aa1\u5b50\u9a6c|82\/100 tox|[from] psn\n|upkeep\n|turn|3\n|\n|t:|1700382973\n|switch|p1a: Corviknight|Corviknight, M|100\/100\n|-ability|p1a: Corviknight|Pressure\n|move|p2a: \u9aa1\u5b50\u9a6c|Photon Geyser|p1a: Corviknight\n|-resisted|p1a: Corviknight\n|-damage|p1a: Corviknight|74\/100\n|\n|-heal|p1a: Corviknight|80\/100|[from] item: Leftovers\n|-damage|p2a: \u9aa1\u5b50\u9a6c|64\/100 tox|[from] psn\n|upkeep\n|turn|4\n|\n|t:|1700382984\n|move|p2a: \u9aa1\u5b50\u9a6c|Heat Wave|p1a: Corviknight\n|-supereffective|p1a: Corviknight\n|-damage|p1a: Corviknight|19\/100\n|move|p1a: Corviknight|Body Press|p2a: \u9aa1\u5b50\u9a6c\n|-resisted|p2a: \u9aa1\u5b50\u9a6c\n|-damage|p2a: \u9aa1\u5b50\u9a6c|51\/100 tox\n|\n|-heal|p1a: Corviknight|25\/100|[from] item: Leftovers\n|-damage|p2a: \u9aa1\u5b50\u9a6c|27\/100 tox|[from] psn\n|upkeep\n|turn|5\n|\n|t:|1700382992\n|switch|p1a: Dondozo|Dondozo, M|100\/100\n|move|p2a: \u9aa1\u5b50\u9a6c|Photon Geyser|p1a: Dondozo\n|-damage|p1a: Dondozo|44\/100\n|\n|-heal|p1a: Dondozo|50\/100|[from] item: Leftovers\n|-damage|p2a: \u9aa1\u5b50\u9a6c|0 fnt|[from] psn\n|faint|p2a: \u9aa1\u5b50\u9a6c\n|upkeep\n|\n|t:|1700383006\n|switch|p2a: \u7275\u7eca\u53d8\u8eab\u4e0d\u53d8\u8eab|Greninja, M|100\/100\n|turn|6\n|\n|t:|1700383015\n|switch|p1a: Corviknight|Corviknight, M|25\/100\n|-ability|p1a: Corviknight|Pressure\n|move|p2a: \u7275\u7eca\u53d8\u8eab\u4e0d\u53d8\u8eab|Dark Pulse|p1a: Corviknight\n|-damage|p1a: Corviknight|0 fnt\n|faint|p1a: Corviknight\n|-ability|p2a: \u7275\u7eca\u53d8\u8eab\u4e0d\u53d8\u8eab|Battle Bond|boost\n|-boost|p2a: \u7275\u7eca\u53d8\u8eab\u4e0d\u53d8\u8eab|atk|1\n|-boost|p2a: \u7275\u7eca\u53d8\u8eab\u4e0d\u53d8\u8eab|spa|1\n|-boost|p2a: \u7275\u7eca\u53d8\u8eab\u4e0d\u53d8\u8eab|spe|1\n|-activate|p2a: \u7275\u7eca\u53d8\u8eab\u4e0d\u53d8\u8eab|ability: Battle Bond\n|\n|upkeep\n|\n|t:|1700383024\n|switch|p1a: Garganacl|Garganacl, F|100\/100\n|turn|7\n|\n|t:|1700383028\n|-terastallize|p2a: \u7275\u7eca\u53d8\u8eab\u4e0d\u53d8\u8eab|Water\n|-terastallize|p1a: Garganacl|Water\n|move|p2a: \u7275\u7eca\u53d8\u8eab\u4e0d\u53d8\u8eab|Hydro Pump|p1a: Garganacl|[miss]\n|-miss|p2a: \u7275\u7eca\u53d8\u8eab\u4e0d\u53d8\u8eab|p1a: Garganacl\n|move|p1a: Garganacl|Salt Cure|p2a: \u7275\u7eca\u53d8\u8eab\u4e0d\u53d8\u8eab\n|-damage|p2a: \u7275\u7eca\u53d8\u8eab\u4e0d\u53d8\u8eab|75\/100\n|-start|p2a: \u7275\u7eca\u53d8\u8eab\u4e0d\u53d8\u8eab|Salt Cure\n|\n|-damage|p2a: \u7275\u7eca\u53d8\u8eab\u4e0d\u53d8\u8eab|50\/100|[from] Salt Cure\n|upkeep\n|turn|8\n|\n|t:|1700383037\n|move|p1a: Garganacl|Protect|p1a: Garganacl\n|-singleturn|p1a: Garganacl|Protect\n|move|p2a: \u7275\u7eca\u53d8\u8eab\u4e0d\u53d8\u8eab|Dark Pulse|p1a: Garganacl\n|-activate|p1a: Garganacl|move: Protect\n|\n|-damage|p2a: \u7275\u7eca\u53d8\u8eab\u4e0d\u53d8\u8eab|25\/100|[from] Salt Cure\n|upkeep\n|turn|9\n|\n|t:|1700383041\n|move|p2a: \u7275\u7eca\u53d8\u8eab\u4e0d\u53d8\u8eab|Dark Pulse|p1a: Garganacl\n|-damage|p1a: Garganacl|59\/100\n|move|p1a: Garganacl|Salt Cure|p2a: \u7275\u7eca\u53d8\u8eab\u4e0d\u53d8\u8eab\n|-damage|p2a: \u7275\u7eca\u53d8\u8eab\u4e0d\u53d8\u8eab|2\/100\n|\n|-heal|p1a: Garganacl|65\/100|[from] item: Leftovers\n|-damage|p2a: \u7275\u7eca\u53d8\u8eab\u4e0d\u53d8\u8eab|0 fnt|[from] Salt Cure\n|faint|p2a: \u7275\u7eca\u53d8\u8eab\u4e0d\u53d8\u8eab\n|upkeep\n|\n|t:|1700383052\n|switch|p2a: \u9e3d\u9e3d|Blaziken, M|100\/100\n|turn|10\n|\n|t:|1700383056\n|move|p2a: \u9e3d\u9e3d|Bulk Up|p2a: \u9e3d\u9e3d\n|-boost|p2a: \u9e3d\u9e3d|atk|1\n|-boost|p2a: \u9e3d\u9e3d|def|1\n|move|p1a: Garganacl|Recover|p1a: Garganacl\n|-heal|p1a: Garganacl|100\/100\n|\n|-ability|p2a: \u9e3d\u9e3d|Speed Boost|boost\n|-boost|p2a: \u9e3d\u9e3d|spe|1\n|upkeep\n|turn|11\n|\n|t:|1700383062\n|move|p2a: \u9e3d\u9e3d|Thunder Punch|p1a: Garganacl\n|-supereffective|p1a: Garganacl\n|-damage|p1a: Garganacl|43\/100\n|move|p1a: Garganacl|Salt Cure|p2a: \u9e3d\u9e3d\n|-damage|p2a: \u9e3d\u9e3d|89\/100\n|-start|p2a: \u9e3d\u9e3d|Salt Cure\n|\n|-heal|p1a: Garganacl|49\/100|[from] item: Leftovers\n|-damage|p2a: \u9e3d\u9e3d|76\/100|[from] Salt Cure\n|-ability|p2a: \u9e3d\u9e3d|Speed Boost|boost\n|-boost|p2a: \u9e3d\u9e3d|spe|1\n|upkeep\n|turn|12\n|c|\u2606TianBing|...\n|\n|t:|1700383074\n|move|p1a: Garganacl|Protect|p1a: Garganacl\n|-singleturn|p1a: Garganacl|Protect\n|move|p2a: \u9e3d\u9e3d|High Jump Kick|p1a: Garganacl\n|-activate|p1a: Garganacl|move: Protect\n|-damage|p2a: \u9e3d\u9e3d|26\/100|[from] highjumpkick\n|\n|-heal|p1a: Garganacl|55\/100|[from] item: Leftovers\n|-damage|p2a: \u9e3d\u9e3d|14\/100|[from] Salt Cure\n|-ability|p2a: \u9e3d\u9e3d|Speed Boost|boost\n|-boost|p2a: \u9e3d\u9e3d|spe|1\n|upkeep\n|turn|13\n|c|\u2606TianBing|\u6ca1\u5b88\u4f4f\u554a\n|\n|t:|1700383081\n|switch|p1a: Dondozo|Dondozo, M|50\/100\n|move|p2a: \u9e3d\u9e3d|High Jump Kick|p1a: Dondozo\n|-damage|p1a: Dondozo|20\/100\n|\n|-heal|p1a: Dondozo|26\/100|[from] item: Leftovers\n|-damage|p2a: \u9e3d\u9e3d|2\/100|[from] Salt Cure\n|-ability|p2a: \u9e3d\u9e3d|Speed Boost|boost\n|-boost|p2a: \u9e3d\u9e3d|spe|1\n|upkeep\n|turn|14\n|\n|t:|1700383090\n|switch|p1a: Gliscor|Gliscor, M|100\/100\n|move|p2a: \u9e3d\u9e3d|Thunder Punch|p1a: Gliscor\n|-immune|p1a: Gliscor\n|\n|-damage|p2a: \u9e3d\u9e3d|0 fnt|[from] Salt Cure\n|faint|p2a: \u9e3d\u9e3d\n|-status|p1a: Gliscor|tox|[from] item: Toxic Orb\n|upkeep\n|\n|t:|1700383097\n|switch|p2a: \u8fd9\u4e1c\u897f\u597d\u554a\uff08\u6307\u9cde\u5c04\uff09|Garchomp, M, shiny|100\/100\n|turn|15\n|\n|t:|1700383103\n|move|p2a: \u8fd9\u4e1c\u897f\u597d\u554a\uff08\u6307\u9cde\u5c04\uff09|Swords Dance|p2a: \u8fd9\u4e1c\u897f\u597d\u554a\uff08\u6307\u9cde\u5c04\uff09\n|-boost|p2a: \u8fd9\u4e1c\u897f\u597d\u554a\uff08\u6307\u9cde\u5c04\uff09|atk|2\n|move|p1a: Gliscor|Earthquake|p2a: \u8fd9\u4e1c\u897f\u597d\u554a\uff08\u6307\u9cde\u5c04\uff09\n|-damage|p2a: \u8fd9\u4e1c\u897f\u597d\u554a\uff08\u6307\u9cde\u5c04\uff09|62\/100\n|\n|upkeep\n|turn|16\n|\n|t:|1700383110\n|move|p2a: \u8fd9\u4e1c\u897f\u597d\u554a\uff08\u6307\u9cde\u5c04\uff09|Scale Shot|p1a: Gliscor\n|-damage|p1a: Gliscor|83\/100 tox\n|-damage|p1a: Gliscor|67\/100 tox\n|-damage|p1a: Gliscor|50\/100 tox\n|-damage|p1a: Gliscor|33\/100 tox\n|-damage|p1a: Gliscor|16\/100 tox\n|-hitcount|p1a: Gliscor|5\n|-unboost|p2a: \u8fd9\u4e1c\u897f\u597d\u554a\uff08\u6307\u9cde\u5c04\uff09|def|1\n|-boost|p2a: \u8fd9\u4e1c\u897f\u597d\u554a\uff08\u6307\u9cde\u5c04\uff09|spe|1\n|move|p1a: Gliscor|Earthquake|p2a: \u8fd9\u4e1c\u897f\u597d\u554a\uff08\u6307\u9cde\u5c04\uff09\n|-damage|p2a: \u8fd9\u4e1c\u897f\u597d\u554a\uff08\u6307\u9cde\u5c04\uff09|6\/100\n|\n|-heal|p1a: Gliscor|28\/100 tox|[from] ability: Poison Heal\n|upkeep\n|turn|17\n|\n|t:|1700383120\n|move|p2a: \u8fd9\u4e1c\u897f\u597d\u554a\uff08\u6307\u9cde\u5c04\uff09|Rock Slide|p1a: Gliscor\n|-damage|p1a: Gliscor|0 fnt\n|faint|p1a: Gliscor\n|\n|upkeep\n|\n|t:|1700383123\n|switch|p1a: Dondozo|Dondozo, M|26\/100\n|turn|18\n|\n|t:|1700383128\n|move|p2a: \u8fd9\u4e1c\u897f\u597d\u554a\uff08\u6307\u9cde\u5c04\uff09|Earthquake|p1a: Dondozo\n|-damage|p1a: Dondozo|1\/100\n|move|p1a: Dondozo|Rest|p1a: Dondozo\n|-status|p1a: Dondozo|slp|[from] move: Rest\n|-heal|p1a: Dondozo|100\/100 slp|[silent]\n|\n|upkeep\n|turn|19\n|c|\u2606TianBing|hhh\n|c|\u2606TianBing|1%\n|c|\u2606Geats\u6025wu\u72d0\u4fa0|\uff1f\uff1f\uff1f\n|\n|t:|1700383143\n|move|p2a: \u8fd9\u4e1c\u897f\u597d\u554a\uff08\u6307\u9cde\u5c04\uff09|Earthquake|p1a: Dondozo\n|-damage|p1a: Dondozo|77\/100 slp\n|cant|p1a: Dondozo|slp\n|move|p1a: Dondozo|Sleep Talk|p1a: Dondozo\n|move|p1a: Dondozo|Liquidation|p2a: \u8fd9\u4e1c\u897f\u597d\u554a\uff08\u6307\u9cde\u5c04\uff09|[from]move: Sleep Talk\n|-damage|p2a: \u8fd9\u4e1c\u897f\u597d\u554a\uff08\u6307\u9cde\u5c04\uff09|0 fnt\n|-damage|p1a: Dondozo|64\/100 slp|[from] ability: Rough Skin|[of] p2a: \u8fd9\u4e1c\u897f\u597d\u554a\uff08\u6307\u9cde\u5c04\uff09\n|faint|p2a: \u8fd9\u4e1c\u897f\u597d\u554a\uff08\u6307\u9cde\u5c04\uff09\n|\n|-heal|p1a: Dondozo|71\/100 slp|[from] item: Leftovers\n|upkeep\n|c|\u2606TianBing|hhhh\n|c|\u2606TianBing|\u6211\u8fd8\u4ee5\u4e3a\u8981\u88ab\u63a8\u961f\u4e86\n|\n|t:|1700383148\n|switch|p2a: \u5b50\u5f39\u62f3\u4ee3\u8a00\u4eba|Scizor, M|100\/100\n|turn|20\n|c|\u2606TianBing|hhhhh\n|\n|t:|1700383156\n|detailschange|p2a: \u5b50\u5f39\u62f3\u4ee3\u8a00\u4eba|Scizor-Mega, M\n|-mega|p2a: \u5b50\u5f39\u62f3\u4ee3\u8a00\u4eba|Scizor|Scizorite\n|move|p2a: \u5b50\u5f39\u62f3\u4ee3\u8a00\u4eba|Trailblaze|p1a: Dondozo\n|-supereffective|p1a: Dondozo\n|-damage|p1a: Dondozo|46\/100 slp\n|-boost|p2a: \u5b50\u5f39\u62f3\u4ee3\u8a00\u4eba|spe|1\n|cant|p1a: Dondozo|slp\n|move|p1a: Dondozo|Sleep Talk|p1a: Dondozo\n|move|p1a: Dondozo|Curse|p1a: Dondozo|[from]move: Sleep Talk\n|-unboost|p1a: Dondozo|spe|1\n|-boost|p1a: Dondozo|atk|1\n|-boost|p1a: Dondozo|def|1\n|\n|-heal|p1a: Dondozo|52\/100 slp|[from] item: Leftovers\n|upkeep\n|turn|21\n|c|\u2606Geats\u6025wu\u72d0\u4fa0|aaaaaaaaaaa\n|\n|t:|1700383166\n|move|p2a: \u5b50\u5f39\u62f3\u4ee3\u8a00\u4eba|Trailblaze|p1a: Dondozo\n|-supereffective|p1a: Dondozo\n|-damage|p1a: Dondozo|35\/100 slp\n|-boost|p2a: \u5b50\u5f39\u62f3\u4ee3\u8a00\u4eba|spe|1\n|-curestatus|p1a: Dondozo|slp|[msg]\n|move|p1a: Dondozo|Liquidation|p2a: \u5b50\u5f39\u62f3\u4ee3\u8a00\u4eba\n|-damage|p2a: \u5b50\u5f39\u62f3\u4ee3\u8a00\u4eba|65\/100\n|-unboost|p2a: \u5b50\u5f39\u62f3\u4ee3\u8a00\u4eba|def|1\n|\n|-heal|p1a: Dondozo|42\/100|[from] item: Leftovers\n|upkeep\n|turn|22\n|\n|t:|1700383170\n|move|p2a: \u5b50\u5f39\u62f3\u4ee3\u8a00\u4eba|Trailblaze|p1a: Dondozo\n|-supereffective|p1a: Dondozo\n|-damage|p1a: Dondozo|23\/100\n|-boost|p2a: \u5b50\u5f39\u62f3\u4ee3\u8a00\u4eba|spe|1\n|move|p1a: Dondozo|Rest|p1a: Dondozo\n|-status|p1a: Dondozo|slp|[from] move: Rest\n|-heal|p1a: Dondozo|100\/100 slp|[silent]\n|\n|upkeep\n|turn|23\n|c|\u2606TianBing|\u4f60\u731c\u6211\n|c|\u2606TianBing|\u868c\u57e0\u7ef7\u5f97\u4f4f\n|\n|t:|1700383178\n|move|p2a: \u5b50\u5f39\u62f3\u4ee3\u8a00\u4eba|Trailblaze|p1a: Dondozo\n|-supereffective|p1a: Dondozo\n|-damage|p1a: Dondozo|84\/100 slp\n|-boost|p2a: \u5b50\u5f39\u62f3\u4ee3\u8a00\u4eba|spe|1\n|cant|p1a: Dondozo|slp\n|move|p1a: Dondozo|Sleep Talk|p1a: Dondozo\n|move|p1a: Dondozo|Liquidation|p2a: \u5b50\u5f39\u62f3\u4ee3\u8a00\u4eba|[from]move: Sleep Talk\n|-damage|p2a: \u5b50\u5f39\u62f3\u4ee3\u8a00\u4eba|27\/100\n|\n|-heal|p1a: Dondozo|90\/100 slp|[from] item: Leftovers\n|upkeep\n|turn|24\n|\n|t:|1700383182\n|switch|p2a: \u8f89\u591c\u5927\u5c0f\u59d0\u60f3\u8ba9\u6211\u544a\u767d|Celesteela|100\/100\n|cant|p1a: Dondozo|slp\n|move|p1a: Dondozo|Sleep Talk|p1a: Dondozo\n|move|p1a: Dondozo|Curse|p1a: Dondozo|[from]move: Sleep Talk\n|-unboost|p1a: Dondozo|spe|1\n|-boost|p1a: Dondozo|atk|1\n|-boost|p1a: Dondozo|def|1\n|\n|-heal|p1a: Dondozo|96\/100 slp|[from] item: Leftovers\n|upkeep\n|turn|25\n|\n|t:|1700383188\n|move|p2a: \u8f89\u591c\u5927\u5c0f\u59d0\u60f3\u8ba9\u6211\u544a\u767d|Meteor Beam||[still]\n|-prepare|p2a: \u8f89\u591c\u5927\u5c0f\u59d0\u60f3\u8ba9\u6211\u544a\u767d|Meteor Beam\n|-boost|p2a: \u8f89\u591c\u5927\u5c0f\u59d0\u60f3\u8ba9\u6211\u544a\u767d|spa|1\n|-enditem|p2a: \u8f89\u591c\u5927\u5c0f\u59d0\u60f3\u8ba9\u6211\u544a\u767d|Power Herb\n|-anim|p2a: \u8f89\u591c\u5927\u5c0f\u59d0\u60f3\u8ba9\u6211\u544a\u767d|Meteor Beam|p1a: Dondozo\n|-damage|p1a: Dondozo|61\/100 slp\n|-curestatus|p1a: Dondozo|slp|[msg]\n|move|p1a: Dondozo|Sleep Talk||[still]\n|-fail|p1a: Dondozo\n|\n|-heal|p1a: Dondozo|67\/100|[from] item: Leftovers\n|upkeep\n|turn|26\n|\n|t:|1700383194\n|move|p2a: \u8f89\u591c\u5927\u5c0f\u59d0\u60f3\u8ba9\u6211\u544a\u767d|Meteor Beam||[still]\n|-prepare|p2a: \u8f89\u591c\u5927\u5c0f\u59d0\u60f3\u8ba9\u6211\u544a\u767d|Meteor Beam\n|-boost|p2a: \u8f89\u591c\u5927\u5c0f\u59d0\u60f3\u8ba9\u6211\u544a\u767d|spa|1\n|move|p1a: Dondozo|Liquidation|p2a: \u8f89\u591c\u5927\u5c0f\u59d0\u60f3\u8ba9\u6211\u544a\u767d\n|-damage|p2a: \u8f89\u591c\u5927\u5c0f\u59d0\u60f3\u8ba9\u6211\u544a\u767d|49\/100\n|-unboost|p2a: \u8f89\u591c\u5927\u5c0f\u59d0\u60f3\u8ba9\u6211\u544a\u767d|def|1\n|\n|-heal|p1a: Dondozo|74\/100|[from] item: Leftovers\n|upkeep\n|turn|27\n|c|\u2606TianBing|\u6211\u868c\u57e0\u4f4f\u4e86 \u5144\u5f1f\n|\n|t:|1700383205\n|move|p2a: \u8f89\u591c\u5927\u5c0f\u59d0\u60f3\u8ba9\u6211\u544a\u767d|Meteor Beam|p1a: Dondozo|[from]lockedmove\n|-damage|p1a: Dondozo|37\/100\n|move|p1a: Dondozo|Liquidation|p2a: \u8f89\u591c\u5927\u5c0f\u59d0\u60f3\u8ba9\u6211\u544a\u767d\n|-damage|p2a: \u8f89\u591c\u5927\u5c0f\u59d0\u60f3\u8ba9\u6211\u544a\u767d|0 fnt\n|faint|p2a: \u8f89\u591c\u5927\u5c0f\u59d0\u60f3\u8ba9\u6211\u544a\u767d\n|\n|-heal|p1a: Dondozo|44\/100|[from] item: Leftovers\n|upkeep\n|\n|t:|1700383212\n|switch|p2a: \u5b50\u5f39\u62f3\u4ee3\u8a00\u4eba|Scizor-Mega, M|27\/100\n|turn|28\n|c|\u2606TianBing|gg\n|\n|t:|1700383217\n|move|p2a: \u5b50\u5f39\u62f3\u4ee3\u8a00\u4eba|Close Combat|p1a: Dondozo\n|-damage|p1a: Dondozo|32\/100\n|-unboost|p2a: \u5b50\u5f39\u62f3\u4ee3\u8a00\u4eba|def|1\n|-unboost|p2a: \u5b50\u5f39\u62f3\u4ee3\u8a00\u4eba|spd|1\n|move|p1a: Dondozo|Liquidation|p2a: \u5b50\u5f39\u62f3\u4ee3\u8a00\u4eba\n|-damage|p2a: \u5b50\u5f39\u62f3\u4ee3\u8a00\u4eba|0 fnt\n|faint|p2a: \u5b50\u5f39\u62f3\u4ee3\u8a00\u4eba\n|\n|win|TianBing\n|raw|TianBing's rating: 1292 &rarr; <strong>1319<\/strong><br \/>(+27 for winning)\n|raw|Geats\u6025wu\u72d0\u4fa0's rating: 1323 &rarr; <strong>1301<\/strong><br \/>(-22 for losing)\n|c|\u2606TianBing|gg\n|l|\u2606Geats\u6025wu\u72d0\u4fa0\n|c|\u2606TianBing|\u8fd8\u7ed9\u4f60\u7559\u4e86\u4e00\u5206\n","uploadtime":1700383232,"views":13,"p1id":"tianbing","p2id":"geatswu","formatid":"gen9nationaldex","rating":1301,"private":0,"password":""}