{"id":"gen9nationaldex-1996234779","p1":"Anhkiet","p2":"MMQZA8","format":"[Gen 9] National Dex","log":"|html|<div class=\"broadcast-blue\"><strong>[Gen 9] National Dex is currently suspecting Sneasler! For information on how to participate check out the <a href=\"https:\/\/www.smogon.com\/forums\/threads\/sv-national-dex-suspect-8-just-dance.3731534\/\">suspect thread<\/a>.<\/strong><\/div>\n|j|\u2606Anhkiet\n|j|\u2606MMQZA8\n|t:|1700662352\n|gametype|singles\n|player|p1|Anhkiet|266|1570\n|player|p2|MMQZA8|169|1491\n|teamsize|p1|6\n|teamsize|p2|6\n|gen|9\n|tier|[Gen 9] National Dex\n|rated|\n|rule|HP Percentage Mod: HP is shown in percentages\n|rule|Endless Battle Clause: Forcing endless battles is banned\n|rule|OHKO Clause: OHKO moves are banned\n|rule|Evasion Clause: Evasion abilities, items, and moves are banned\n|rule|Evasion Abilities Clause: Evasion abilities are banned\n|rule|Evasion Items Clause: Evasion items are banned\n|rule|Evasion Moves Clause: Evasion moves are banned\n|rule|Species Clause: Limit one of each Pok\u00e9mon\n|rule|Sleep Clause Mod: Limit one foe put to sleep\n|clearpoke\n|poke|p1|Torkoal, M|\n|poke|p1|Banette, M|\n|poke|p1|Great Tusk|\n|poke|p1|Tapu Lele|\n|poke|p1|Polteageist-Antique|\n|poke|p1|Pawmot, M|\n|poke|p2|Swellow, M|\n|poke|p2|Tyranitar, F|\n|poke|p2|Urshifu-*, F|\n|poke|p2|Corviknight, F|\n|poke|p2|Clodsire, F|\n|poke|p2|Magnezone|\n|teampreview\n|inactive|Battle timer is ON: inactive players will automatically lose when time's up. (requested by Anhkiet)\n|\n|t:|1700662383\n|start\n|switch|p1a: Great Tusk|Great Tusk|100\/100\n|switch|p2a: Urshifu|Urshifu-Rapid-Strike, F|100\/100\n|turn|1\n|\n|t:|1700662388\n|-end|p1a: Great Tusk|Protosynthesis|[silent]\n|switch|p1a: Torkoal|Torkoal, M|100\/100\n|-weather|SunnyDay|[from] ability: Drought|[of] p1a: Torkoal\n|move|p2a: Urshifu|U-turn|p1a: Torkoal\n|-resisted|p1a: Torkoal\n|-damage|p1a: Torkoal|90\/100\n|\n|t:|1700662393\n|switch|p2a: Swellow|Swellow, M|100\/100|[from] U-turn\n|\n|-weather|SunnyDay|[upkeep]\n|upkeep\n|turn|2\n|\n|t:|1700662397\n|-terastallize|p2a: Swellow|Normal\n|move|p2a: Swellow|Boomburst|p1a: Torkoal\n|-damage|p1a: Torkoal|0 fnt\n|faint|p1a: Torkoal\n|\n|-weather|SunnyDay|[upkeep]\n|upkeep\n|\n|t:|1700662407\n|switch|p1a: Tapu Lele|Tapu Lele|100\/100\n|-fieldstart|move: Psychic Terrain|[from] ability: Psychic Surge|[of] p1a: Tapu Lele\n|turn|3\n|\n|t:|1700662420\n|switch|p2a: Tyranitar|Tyranitar, F|100\/100\n|-weather|Sandstorm|[from] ability: Sand Stream|[of] p2a: Tyranitar\n|move|p1a: Tapu Lele|Moonblast|p2a: Tyranitar\n|-supereffective|p2a: Tyranitar\n|-damage|p2a: Tyranitar|41\/100\n|\n|-weather|Sandstorm|[upkeep]\n|-damage|p1a: Tapu Lele|94\/100|[from] Sandstorm\n|upkeep\n|turn|4\n|\n|t:|1700662424\n|switch|p1a: Great Tusk|Great Tusk|100\/100\n|switch|p2a: Magnezone|Magnezone|100\/100\n|\n|-weather|Sandstorm|[upkeep]\n|upkeep\n|turn|5\n|\n|t:|1700662428\n|switch|p2a: Corviknight|Corviknight, F|100\/100\n|-ability|p2a: Corviknight|Pressure\n|move|p1a: Great Tusk|Headlong Rush|p2a: Corviknight\n|-immune|p2a: Corviknight\n|\n|-weather|Sandstorm|[upkeep]\n|upkeep\n|turn|6\n|\n|t:|1700662439\n|move|p1a: Great Tusk|Close Combat|p2a: Corviknight\n|-damage|p2a: Corviknight|61\/100\n|-unboost|p1a: Great Tusk|def|1\n|-unboost|p1a: Great Tusk|spd|1\n|-damage|p1a: Great Tusk|84\/100|[from] item: Rocky Helmet|[of] p2a: Corviknight\n|move|p2a: Corviknight|U-turn|p1a: Great Tusk\n|-resisted|p1a: Great Tusk\n|-damage|p1a: Great Tusk|76\/100\n|\n|t:|1700662443\n|switch|p2a: Swellow|Swellow, M, tera:Normal|100\/100|[from] U-turn\n|\n|-weather|Sandstorm|[upkeep]\n|-damage|p2a: Swellow|94\/100|[from] Sandstorm\n|upkeep\n|turn|7\n|\n|t:|1700662450\n|move|p2a: Swellow|Boomburst|p1a: Great Tusk\n|-damage|p1a: Great Tusk|0 fnt\n|faint|p1a: Great Tusk\n|-end|p1a: Great Tusk|Protosynthesis|[silent]\n|\n|-weather|none\n|-fieldend|move: Psychic Terrain\n|upkeep\n|\n|t:|1700662452\n|switch|p1a: Tapu Lele|Tapu Lele|94\/100\n|-fieldstart|move: Psychic Terrain|[from] ability: Psychic Surge|[of] p1a: Tapu Lele\n|turn|8\n|\n|t:|1700662460\n|switch|p2a: Magnezone|Magnezone|100\/100\n|move|p1a: Tapu Lele|Moonblast|p2a: Magnezone\n|-resisted|p2a: Magnezone\n|-damage|p2a: Magnezone|65\/100\n|\n|upkeep\n|turn|9\n|\n|t:|1700662465\n|switch|p1a: Pawmot|Pawmot, M|100\/100\n|move|p2a: Magnezone|Volt Switch|p1a: Pawmot\n|-immune|p1a: Pawmot|[from] ability: Volt Absorb\n|\n|upkeep\n|turn|10\n|\n|t:|1700662474\n|switch|p2a: Clodsire|Clodsire, F|100\/100\n|move|p1a: Pawmot|Close Combat|p2a: Clodsire\n|-resisted|p2a: Clodsire\n|-damage|p2a: Clodsire|67\/100\n|-unboost|p1a: Pawmot|def|1\n|-unboost|p1a: Pawmot|spd|1\n|\n|-heal|p2a: Clodsire|73\/100|[from] item: Leftovers\n|upkeep\n|turn|11\n|\n|t:|1700662485\n|switch|p1a: Polteageist|Polteageist-Antique|100\/100\n|move|p2a: Clodsire|Toxic|p1a: Polteageist\n|-status|p1a: Polteageist|tox\n|\n|-heal|p2a: Clodsire|79\/100|[from] item: Leftovers\n|-damage|p1a: Polteageist|94\/100 tox|[from] psn\n|upkeep\n|turn|12\n|\n|t:|1700662494\n|move|p1a: Polteageist|Shell Smash|p1a: Polteageist\n|-unboost|p1a: Polteageist|def|1\n|-unboost|p1a: Polteageist|spd|1\n|-boost|p1a: Polteageist|atk|2\n|-boost|p1a: Polteageist|spa|2\n|-boost|p1a: Polteageist|spe|2\n|move|p2a: Clodsire|Earthquake|p1a: Polteageist\n|-damage|p1a: Polteageist|45\/100 tox\n|-ability|p1a: Polteageist|Weak Armor|boost\n|-unboost|p1a: Polteageist|def|1\n|-boost|p1a: Polteageist|spe|2\n|\n|-heal|p2a: Clodsire|86\/100|[from] item: Leftovers\n|-damage|p1a: Polteageist|33\/100 tox|[from] psn\n|-fieldend|move: Psychic Terrain\n|upkeep\n|turn|13\n|\n|t:|1700662501\n|switch|p2a: Tyranitar|Tyranitar, F|41\/100\n|-weather|Sandstorm|[from] ability: Sand Stream|[of] p2a: Tyranitar\n|move|p1a: Polteageist|Stored Power|p2a: Tyranitar\n|-immune|p2a: Tyranitar\n|\n|-weather|Sandstorm|[upkeep]\n|-damage|p1a: Polteageist|27\/100 tox|[from] Sandstorm\n|-damage|p1a: Polteageist|8\/100 tox|[from] psn\n|upkeep\n|turn|14\n|\n|t:|1700662505\n|switch|p2a: Clodsire|Clodsire, F|86\/100\n|move|p1a: Polteageist|Shadow Ball|p2a: Clodsire\n|-damage|p2a: Clodsire|59\/100\n|\n|-weather|Sandstorm|[upkeep]\n|-damage|p1a: Polteageist|2\/100 tox|[from] Sandstorm\n|-heal|p2a: Clodsire|65\/100|[from] item: Leftovers\n|-damage|p1a: Polteageist|0 fnt|[from] psn\n|faint|p1a: Polteageist\n|upkeep\n|\n|t:|1700662509\n|switch|p1a: Banette|Banette, M|100\/100\n|turn|15\n|\n|t:|1700662515\n|switch|p2a: Tyranitar|Tyranitar, F|41\/100\n|detailschange|p1a: Banette|Banette-Mega, M\n|-mega|p1a: Banette|Banette|Banettite\n|move|p1a: Banette|Poltergeist|p2a: Tyranitar\n|-activate|p2a: Tyranitar|move: Poltergeist|Tyranitarite\n|-resisted|p2a: Tyranitar\n|-damage|p2a: Tyranitar|8\/100\n|\n|-weather|Sandstorm|[upkeep]\n|-damage|p1a: Banette|94\/100|[from] Sandstorm\n|upkeep\n|turn|16\n|\n|t:|1700662533\n|detailschange|p2a: Tyranitar|Tyranitar-Mega, F\n|-mega|p2a: Tyranitar|Tyranitar|Tyranitarite\n|move|p2a: Tyranitar|Knock Off|p1a: Banette\n|-supereffective|p1a: Banette\n|-damage|p1a: Banette|0 fnt\n|faint|p1a: Banette\n|\n|-weather|Sandstorm|[upkeep]\n|upkeep\n|\n|t:|1700662541\n|switch|p1a: Tapu Lele|Tapu Lele|94\/100\n|-fieldstart|move: Psychic Terrain|[from] ability: Psychic Surge|[of] p1a: Tapu Lele\n|turn|17\n|\n|t:|1700662552\n|switch|p2a: Magnezone|Magnezone|65\/100\n|move|p1a: Tapu Lele|Moonblast|p2a: Magnezone\n|-resisted|p2a: Magnezone\n|-damage|p2a: Magnezone|34\/100\n|\n|-weather|none\n|upkeep\n|turn|18\n|\n|t:|1700662560\n|switch|p1a: Pawmot|Pawmot, M|100\/100\n|switch|p2a: Tyranitar|Tyranitar-Mega, F|8\/100\n|-weather|Sandstorm|[from] ability: Sand Stream|[of] p2a: Tyranitar\n|\n|-weather|Sandstorm|[upkeep]\n|-damage|p1a: Pawmot|94\/100|[from] Sandstorm\n|upkeep\n|turn|19\n|inactive|Anhkiet has 120 seconds left.\n|\n|t:|1700662614\n|move|p1a: Pawmot|Revival Blessing|p1a: Pawmot\n|-enditem|p1a: Pawmot|Leppa Berry|[eat]\n|-activate|p1a: Pawmot|item: Leppa Berry|Revival Blessing|[consumed]\n|inactive|Anhkiet has 90 seconds left.\n|inactive|Anhkiet has 60 seconds left.\n|\n|t:|1700662679\n|-heal|p1: Banette|50\/100|[from] move: Revival Blessing\n|move|p2a: Tyranitar|Earthquake|p1a: Pawmot\n|-supereffective|p1a: Pawmot\n|-damage|p1a: Pawmot|0 fnt\n|faint|p1a: Pawmot\n|\n|-weather|Sandstorm|[upkeep]\n|upkeep\n|\n|t:|1700662681\n|switch|p1a: Tapu Lele|Tapu Lele|94\/100\n|turn|20\n|\n|t:|1700662697\n|switch|p2a: Clodsire|Clodsire, F|65\/100\n|move|p1a: Tapu Lele|Moonblast|p2a: Clodsire\n|-resisted|p2a: Clodsire\n|-damage|p2a: Clodsire|52\/100\n|\n|-weather|Sandstorm|[upkeep]\n|-damage|p1a: Tapu Lele|88\/100|[from] Sandstorm\n|-heal|p2a: Clodsire|59\/100|[from] item: Leftovers\n|upkeep\n|turn|21\n|\n|t:|1700662703\n|switch|p1a: Banette|Banette-Mega, M|50\/100\n|move|p2a: Clodsire|Toxic|p1a: Banette\n|-status|p1a: Banette|tox\n|\n|-weather|Sandstorm|[upkeep]\n|-damage|p1a: Banette|44\/100 tox|[from] Sandstorm\n|-heal|p2a: Clodsire|65\/100|[from] item: Leftovers\n|-damage|p1a: Banette|38\/100 tox|[from] psn\n|-fieldend|move: Psychic Terrain\n|upkeep\n|turn|22\n|\n|t:|1700662711\n|switch|p2a: Tyranitar|Tyranitar-Mega, F|8\/100\n|move|p1a: Banette|Poltergeist|p2a: Tyranitar\n|-activate|p2a: Tyranitar|move: Poltergeist|Tyranitarite\n|-resisted|p2a: Tyranitar\n|-damage|p2a: Tyranitar|0 fnt\n|faint|p2a: Tyranitar\n|\n|-weather|none\n|-damage|p1a: Banette|26\/100 tox|[from] psn\n|upkeep\n|\n|t:|1700662718\n|switch|p2a: Corviknight|Corviknight, F|61\/100\n|-ability|p2a: Corviknight|Pressure\n|turn|23\n|\n|t:|1700662739\n|move|p1a: Banette|Poltergeist|p2a: Corviknight\n|-activate|p2a: Corviknight|move: Poltergeist|Rocky Helmet\n|-damage|p2a: Corviknight|20\/100\n|move|p2a: Corviknight|Roost|p2a: Corviknight\n|-heal|p2a: Corviknight|70\/100\n|-singleturn|p2a: Corviknight|move: Roost\n|\n|-damage|p1a: Banette|8\/100 tox|[from] psn\n|upkeep\n|turn|24\n|\n|t:|1700662745\n|switch|p1a: Tapu Lele|Tapu Lele|88\/100\n|-fieldstart|move: Psychic Terrain|[from] ability: Psychic Surge|[of] p1a: Tapu Lele\n|move|p2a: Corviknight|Roost|p2a: Corviknight\n|-heal|p2a: Corviknight|100\/100\n|-singleturn|p2a: Corviknight|move: Roost\n|\n|upkeep\n|turn|25\n|\n|t:|1700662753\n|-terastallize|p1a: Tapu Lele|Psychic\n|move|p1a: Tapu Lele|Future Sight|p2a: Corviknight\n|-start|p1a: Tapu Lele|move: Future Sight\n|move|p2a: Corviknight|U-turn|p1a: Tapu Lele\n|-supereffective|p1a: Tapu Lele\n|-damage|p1a: Tapu Lele|41\/100\n|\n|t:|1700662759\n|switch|p2a: Urshifu|Urshifu-Rapid-Strike, F|100\/100|[from] U-turn\n|\n|upkeep\n|turn|26\n|\n|t:|1700662770\n|switch|p1a: Banette|Banette-Mega, M|8\/100 tox\n|move|p2a: Urshifu|U-turn|p1a: Banette\n|-resisted|p1a: Banette\n|-damage|p1a: Banette|0 fnt\n|faint|p1a: Banette\n|\n|t:|1700662776\n|switch|p2a: Magnezone|Magnezone|34\/100|[from] U-turn\n|\n|upkeep\n|\n|t:|1700662778\n|switch|p1a: Tapu Lele|Tapu Lele, tera:Psychic|41\/100\n|turn|27\n|\n|t:|1700662781\n|move|p1a: Tapu Lele|Psyshock|p2a: Magnezone\n|-resisted|p2a: Magnezone\n|-damage|p2a: Magnezone|0 fnt\n|faint|p2a: Magnezone\n|\n|-hint|Future Sight did not hit because the target is fainted.\n|upkeep\n|\n|t:|1700662784\n|switch|p2a: Urshifu|Urshifu-Rapid-Strike, F|100\/100\n|turn|28\n|\n|t:|1700662786\n|move|p2a: Urshifu|U-turn|p1a: Tapu Lele\n|-supereffective|p1a: Tapu Lele\n|-damage|p1a: Tapu Lele|0 fnt\n|faint|p1a: Tapu Lele\n|\n|win|MMQZA8\n|raw|Anhkiet's rating: 1570 &rarr; <strong>1546<\/strong><br \/>(-24 for losing)\n|raw|MMQZA8's rating: 1491 &rarr; <strong>1515<\/strong><br \/>(+24 for winning)\n","uploadtime":1700662794,"views":0,"p1id":"anhkiet","p2id":"mmqza8","formatid":"gen9nationaldex","rating":1515,"private":0,"password":""}