{"id":"gen9nationaldex-1998650058","p1":"milizuishuai","p2":"0xyt0c1njunk1e","format":"[Gen 9] National Dex","log":"|html|<div class=\"broadcast-blue\"><strong>[Gen 9] National Dex is currently suspecting Sneasler! For information on how to participate check out the <a href=\"https:\/\/www.smogon.com\/forums\/threads\/sv-national-dex-suspect-8-just-dance.3731534\/\">suspect thread<\/a>.<\/strong><\/div>\n|j|\u2606milizuishuai\n|j|\u26060xyt0c1njunk1e\n|t:|1700967592\n|gametype|singles\n|player|p1|milizuishuai|n|1407\n|player|p2|0xyt0c1njunk1e|iris|1409\n|teamsize|p1|6\n|teamsize|p2|6\n|gen|9\n|tier|[Gen 9] National Dex\n|rated|\n|rule|HP Percentage Mod: HP is shown in percentages\n|rule|Endless Battle Clause: Forcing endless battles is banned\n|rule|OHKO Clause: OHKO moves are banned\n|rule|Evasion Clause: Evasion abilities, items, and moves are banned\n|rule|Evasion Abilities Clause: Evasion abilities are banned\n|rule|Evasion Items Clause: Evasion items are banned\n|rule|Evasion Moves Clause: Evasion moves are banned\n|rule|Species Clause: Limit one of each Pok\u00e9mon\n|rule|Sleep Clause Mod: Limit one foe put to sleep\n|clearpoke\n|poke|p1|Nidoking, M|\n|poke|p1|Ribombee, M|\n|poke|p1|Greninja-*, M|\n|poke|p1|Salamence, F|\n|poke|p1|Great Tusk|\n|poke|p1|Banette, F|\n|poke|p2|Clodsire, M|\n|poke|p2|Dondozo, M|\n|poke|p2|Alomomola, M|\n|poke|p2|Talonflame, M|\n|poke|p2|Blissey, F|\n|poke|p2|Ferrothorn, F|\n|teampreview\n|inactive|Battle timer is ON: inactive players will automatically lose when time's up. (requested by 0xyt0c1njunk1e)\n|inactive|milizuishuai also wants the timer to be on.\n|\n|t:|1700967602\n|start\n|switch|p1a: Ribombee|Ribombee, M, shiny|100\/100\n|switch|p2a: Alomomola|Alomomola, M|100\/100\n|turn|1\n|\n|t:|1700967608\n|move|p1a: Ribombee|Stun Spore|p2a: Alomomola\n|-status|p2a: Alomomola|par\n|cant|p2a: Alomomola|par\n|\n|upkeep\n|turn|2\n|\n|t:|1700967615\n|move|p1a: Ribombee|Sticky Web|p2a: Alomomola\n|-sidestart|p2: 0xyt0c1njunk1e|move: Sticky Web\n|move|p2a: Alomomola|Whirlpool|p1a: Ribombee\n|-damage|p1a: Ribombee|90\/100\n|-activate|p1a: Ribombee|move: Whirlpool|[of] p2a: Alomomola\n|\n|-damage|p1a: Ribombee|78\/100|[from] move: Whirlpool|[partiallytrapped]\n|upkeep\n|turn|3\n|\n|t:|1700967622\n|move|p2a: Alomomola|Protect|p2a: Alomomola\n|-singleturn|p2a: Alomomola|Protect\n|move|p1a: Ribombee|Skill Swap|p2a: Alomomola\n|-activate|p2a: Alomomola|move: Protect\n|\n|-damage|p1a: Ribombee|65\/100|[from] move: Whirlpool|[partiallytrapped]\n|upkeep\n|turn|4\n|\n|t:|1700967633\n|move|p1a: Ribombee|Skill Swap|p2a: Alomomola\n|-activate|p1a: Ribombee|move: Skill Swap|Regenerator|Shield Dust|[of] p2a: Alomomola\n|cant|p2a: Alomomola|par\n|\n|-damage|p1a: Ribombee|53\/100|[from] move: Whirlpool|[partiallytrapped]\n|upkeep\n|turn|5\n|\n|t:|1700967641\n|move|p2a: Alomomola|Protect|p2a: Alomomola\n|-singleturn|p2a: Alomomola|Protect\n|move|p1a: Ribombee|Moonblast|p2a: Alomomola\n|-activate|p2a: Alomomola|move: Protect\n|\n|-damage|p1a: Ribombee|41\/100|[from] move: Whirlpool|[partiallytrapped]\n|upkeep\n|turn|6\n|\n|t:|1700967646\n|move|p1a: Ribombee|Moonblast|p2a: Alomomola\n|-damage|p2a: Alomomola|49\/100 par\n|move|p2a: Alomomola|Chilling Water|p1a: Ribombee\n|-damage|p1a: Ribombee|25\/100\n|-unboost|p1a: Ribombee|atk|1\n|\n|-end|p1a: Ribombee|Whirlpool|[partiallytrapped]\n|upkeep\n|turn|7\n|\n|t:|1700967667\n|switch|p1a: Banette|Banette, F|100\/100\n|switch|p2a: Ferrothorn|Ferrothorn, F|100\/100\n|-activate|p2a: Ferrothorn|move: Sticky Web\n|-unboost|p2a: Ferrothorn|spe|1\n|\n|upkeep\n|turn|8\n|\n|t:|1700967675\n|detailschange|p1a: Banette|Banette-Mega, F\n|-mega|p1a: Banette|Banette|Banettite\n|move|p1a: Banette|Poltergeist|p2a: Ferrothorn\n|-activate|p2a: Ferrothorn|move: Poltergeist|Rocky Helmet\n|-damage|p2a: Ferrothorn|53\/100\n|move|p2a: Ferrothorn|Leech Seed|p1a: Banette\n|-start|p1a: Banette|move: Leech Seed\n|\n|-damage|p1a: Banette|88\/100|[from] Leech Seed|[of] p2a: Ferrothorn\n|-heal|p2a: Ferrothorn|63\/100|[silent]\n|upkeep\n|turn|9\n|\n|t:|1700967684\n|move|p2a: Ferrothorn|Protect|p2a: Ferrothorn\n|-singleturn|p2a: Ferrothorn|Protect\n|move|p1a: Banette|Encore|p2a: Ferrothorn\n|-activate|p2a: Ferrothorn|move: Protect\n|\n|-damage|p1a: Banette|76\/100|[from] Leech Seed|[of] p2a: Ferrothorn\n|-heal|p2a: Ferrothorn|72\/100|[silent]\n|upkeep\n|turn|10\n|\n|t:|1700967690\n|switch|p2a: Blissey|Blissey, F|100\/100\n|move|p1a: Banette|Encore||[still]\n|-fail|p1a: Banette\n|\n|-damage|p1a: Banette|64\/100|[from] Leech Seed|[of] p2a: Blissey\n|upkeep\n|turn|11\n|\n|t:|1700967698\n|switch|p1a: Ribombee|Ribombee, M, shiny|59\/100\n|switch|p2a: Ferrothorn|Ferrothorn, F|72\/100\n|-activate|p2a: Ferrothorn|move: Sticky Web\n|-unboost|p2a: Ferrothorn|spe|1\n|\n|upkeep\n|turn|12\n|\n|t:|1700967716\n|move|p1a: Ribombee|Moonblast|p2a: Ferrothorn\n|-resisted|p2a: Ferrothorn\n|-damage|p2a: Ferrothorn|54\/100\n|move|p2a: Ferrothorn|Leech Seed|p1a: Ribombee\n|-start|p1a: Ribombee|move: Leech Seed\n|\n|-damage|p1a: Ribombee|46\/100|[from] Leech Seed|[of] p2a: Ferrothorn\n|-heal|p2a: Ferrothorn|63\/100|[silent]\n|upkeep\n|turn|13\n|\n|t:|1700967727\n|switch|p1a: Nidoking|Nidoking, M, shiny|100\/100\n|move|p2a: Ferrothorn|Spikes|p1a: Nidoking\n|-sidestart|p1: milizuishuai|Spikes\n|\n|upkeep\n|turn|14\n|\n|t:|1700967742\n|move|p1a: Nidoking|Earth Power|p2a: Ferrothorn\n|-damage|p2a: Ferrothorn|16\/100\n|move|p2a: Ferrothorn|Leech Seed|p1a: Nidoking\n|-start|p1a: Nidoking|move: Leech Seed\n|\n|-damage|p1a: Nidoking|88\/100|[from] Leech Seed|[of] p2a: Ferrothorn\n|-heal|p2a: Ferrothorn|27\/100|[silent]\n|upkeep\n|turn|15\n|\n|t:|1700967748\n|switch|p1a: Ribombee|Ribombee, M, shiny|46\/100\n|-damage|p1a: Ribombee|34\/100|[from] Spikes\n|move|p2a: Ferrothorn|Protect||[still]\n|-fail|p2a: Ferrothorn\n|\n|upkeep\n|turn|16\n|\n|t:|1700967753\n|move|p1a: Ribombee|Moonblast|p2a: Ferrothorn\n|-resisted|p2a: Ferrothorn\n|-damage|p2a: Ferrothorn|10\/100\n|move|p2a: Ferrothorn|Leech Seed|p1a: Ribombee\n|-start|p1a: Ribombee|move: Leech Seed\n|\n|-damage|p1a: Ribombee|22\/100|[from] Leech Seed|[of] p2a: Ferrothorn\n|-heal|p2a: Ferrothorn|19\/100|[silent]\n|upkeep\n|turn|17\n|\n|t:|1700967761\n|move|p1a: Ribombee|Moonblast|p2a: Ferrothorn\n|-resisted|p2a: Ferrothorn\n|-damage|p2a: Ferrothorn|2\/100\n|move|p2a: Ferrothorn|Leech Seed||[still]\n|-fail|p2a: Ferrothorn\n|\n|-damage|p1a: Ribombee|10\/100|[from] Leech Seed|[of] p2a: Ferrothorn\n|-heal|p2a: Ferrothorn|11\/100|[silent]\n|upkeep\n|turn|18\n|\n|t:|1700967772\n|move|p1a: Ribombee|Moonblast|p2a: Ferrothorn\n|-resisted|p2a: Ferrothorn\n|-damage|p2a: Ferrothorn|0 fnt\n|faint|p2a: Ferrothorn\n|\n|upkeep\n|\n|t:|1700967777\n|switch|p2a: Clodsire|Clodsire, M|100\/100\n|turn|19\n|\n|t:|1700967786\n|move|p1a: Ribombee|Skill Swap|p2a: Clodsire\n|-activate|p1a: Ribombee|move: Skill Swap|Unaware|Shield Dust|[of] p2a: Clodsire\n|move|p2a: Clodsire|Toxic|p1a: Ribombee\n|-status|p1a: Ribombee|tox\n|\n|-damage|p1a: Ribombee|0 fnt|[from] Leech Seed|[of] p2a: Clodsire\n|faint|p1a: Ribombee\n|upkeep\n|\n|t:|1700967804\n|switch|p1a: Great Tusk|Great Tusk|100\/100\n|-damage|p1a: Great Tusk|88\/100|[from] Spikes\n|turn|20\n|\n|t:|1700967809\n|switch|p2a: Talonflame|Talonflame, M|100\/100\n|move|p1a: Great Tusk|Rapid Spin|p2a: Talonflame\n|-damage|p2a: Talonflame|80\/100\n|-boost|p1a: Great Tusk|spe|1\n|-sideend|p1: milizuishuai|Spikes|[from] move: Rapid Spin|[of] p1a: Great Tusk\n|\n|upkeep\n|turn|21\n|\n|t:|1700967816\n|move|p1a: Great Tusk|Stone Edge|p2a: Talonflame\n|-supereffective|p2a: Talonflame\n|-damage|p2a: Talonflame|0 fnt\n|faint|p2a: Talonflame\n|\n|upkeep\n|-message|0xyt0c1njunk1e forfeited.\n|\n|win|milizuishuai\n|raw|milizuishuai's rating: 1407 &rarr; <strong>1427<\/strong><br \/>(+20 for winning)\n|raw|0xyt0c1njunk1e's rating: 1409 &rarr; <strong>1389<\/strong><br \/>(-20 for losing)\n|l|\u26060xyt0c1njunk1e\n","uploadtime":1700967831,"views":1,"p1id":"milizuishuai","p2id":"0xyt0c1njunk1e","formatid":"gen9nationaldex","rating":1389,"private":0,"password":""}