{"id":"gen9nationaldex-1987432648","p1":"one piece slander","p2":"vlpraca","format":"[Gen 9] National Dex","log":"|j|\u2606one piece slander\n|j|\u2606vlpraca\n|t:|1699590754\n|gametype|singles\n|player|p1|one piece slander|roxie|1296\n|player|p2|vlpraca|brock|1389\n|teamsize|p1|6\n|teamsize|p2|6\n|gen|9\n|tier|[Gen 9] National Dex\n|rated|\n|rule|HP Percentage Mod: HP is shown in percentages\n|rule|Endless Battle Clause: Forcing endless battles is banned\n|rule|OHKO Clause: OHKO moves are banned\n|rule|Evasion Clause: Evasion abilities, items, and moves are banned\n|rule|Evasion Abilities Clause: Evasion abilities are banned\n|rule|Evasion Items Clause: Evasion items are banned\n|rule|Evasion Moves Clause: Evasion moves are banned\n|rule|Species Clause: Limit one of each Pok\u00e9mon\n|rule|Sleep Clause Mod: Limit one foe put to sleep\n|clearpoke\n|poke|p1|Ting-Lu|\n|poke|p1|Lilligant-Hisui, F|\n|poke|p1|Iron Moth|\n|poke|p1|Great Tusk|\n|poke|p1|Hatterene, F|\n|poke|p1|Absol, M|\n|poke|p2|Serperior, F|\n|poke|p2|Togekiss, F|\n|poke|p2|Ferrothorn, F|\n|poke|p2|Arcanine-Hisui, F|\n|poke|p2|Slowking, F|\n|poke|p2|Tyranitar, F|\n|teampreview\n|\n|t:|1699590766\n|start\n|switch|p1a: Ting-Lu|Ting-Lu|100\/100\n|switch|p2a: Ferrothorn|Ferrothorn, F|100\/100\n|-ability|p1a: Ting-Lu|Vessel of Ruin\n|turn|1\n|inactive|Battle timer is ON: inactive players will automatically lose when time's up. (requested by vlpraca)\n|\n|t:|1699590777\n|switch|p1a: Hatterene|Hatterene, F|100\/100\n|move|p2a: Ferrothorn|Leech Seed|p1a: Hatterene\n|move|p1a: Hatterene|Leech Seed|p2a: Ferrothorn|[from]ability: Magic Bounce\n|-immune|p2a: Ferrothorn\n|\n|upkeep\n|turn|2\n|\n|t:|1699590781\n|switch|p2a: Togekiss|Togekiss, F|100\/100\n|move|p1a: Hatterene|Mystical Fire|p2a: Togekiss\n|-damage|p2a: Togekiss|79\/100\n|-unboost|p2a: Togekiss|spa|1\n|\n|-heal|p2a: Togekiss|85\/100|[from] item: Leftovers\n|upkeep\n|turn|3\n|\n|t:|1699590785\n|move|p2a: Togekiss|Air Slash|p1a: Hatterene\n|-damage|p1a: Hatterene|73\/100\n|-enditem|p1a: Hatterene|Eject Button\n|\n|t:|1699590789\n|switch|p1a: Ting-Lu|Ting-Lu|100\/100\n|-ability|p1a: Ting-Lu|Vessel of Ruin\n|\n|-heal|p2a: Togekiss|91\/100|[from] item: Leftovers\n|upkeep\n|turn|4\n|inactive|vlpraca has 120 seconds left.\n|\n|t:|1699590840\n|move|p2a: Togekiss|Dazzling Gleam|p1a: Ting-Lu\n|-supereffective|p1a: Ting-Lu\n|-damage|p1a: Ting-Lu|78\/100\n|move|p1a: Ting-Lu|Spikes|p2a: Togekiss\n|-sidestart|p2: vlpraca|Spikes\n|\n|-heal|p2a: Togekiss|97\/100|[from] item: Leftovers\n|-heal|p1a: Ting-Lu|85\/100|[from] item: Leftovers\n|upkeep\n|turn|5\n|\n|t:|1699590844\n|switch|p2a: Serperior|Serperior, F|100\/100\n|-damage|p2a: Serperior|88\/100|[from] Spikes\n|move|p1a: Ting-Lu|Stealth Rock|p2a: Serperior\n|-sidestart|p2: vlpraca|move: Stealth Rock\n|\n|-heal|p2a: Serperior|94\/100|[from] item: Leftovers\n|-heal|p1a: Ting-Lu|91\/100|[from] item: Leftovers\n|upkeep\n|turn|6\n|\n|t:|1699590859\n|move|p2a: Serperior|Leaf Storm|p1a: Ting-Lu\n|-supereffective|p1a: Ting-Lu\n|-damage|p1a: Ting-Lu|52\/100\n|-boost|p2a: Serperior|spa|2\n|move|p1a: Ting-Lu|Whirlwind|p2a: Serperior\n|drag|p2a: Arcanine|Arcanine-Hisui, F|100\/100\n|-damage|p2a: Arcanine|88\/100|[from] Spikes\n|-damage|p2a: Arcanine|63\/100|[from] Stealth Rock\n|\n|-heal|p1a: Ting-Lu|58\/100|[from] item: Leftovers\n|upkeep\n|turn|7\n|inactive|vlpraca has 120 seconds left.\n|\n|t:|1699590878\n|switch|p1a: The greatest tusk|Great Tusk|100\/100\n|move|p2a: Arcanine|Close Combat|p1a: The greatest tusk\n|-damage|p1a: The greatest tusk|72\/100\n|-unboost|p2a: Arcanine|def|1\n|-unboost|p2a: Arcanine|spd|1\n|-damage|p2a: Arcanine|53\/100|[from] item: Life Orb\n|\n|upkeep\n|turn|8\n|inactive|vlpraca has 120 seconds left.\n|\n|t:|1699590886\n|switch|p2a: Slowking|Slowking, F|100\/100\n|-damage|p2a: Slowking|88\/100|[from] Spikes\n|-damage|p2a: Slowking|76\/100|[from] Stealth Rock\n|move|p1a: The greatest tusk|Close Combat|p2a: Slowking\n|-resisted|p2a: Slowking\n|-damage|p2a: Slowking|51\/100\n|-unboost|p1a: The greatest tusk|def|1\n|-unboost|p1a: The greatest tusk|spd|1\n|\n|-heal|p2a: Slowking|57\/100|[from] item: Leftovers\n|upkeep\n|turn|9\n|\n|t:|1699590896\n|-end|p1a: The greatest tusk|Protosynthesis|[silent]\n|switch|p1a: Ting-Lu|Ting-Lu|58\/100\n|-ability|p1a: Ting-Lu|Vessel of Ruin\n|move|p2a: Slowking|Scald|p1a: Ting-Lu\n|-supereffective|p1a: Ting-Lu\n|-damage|p1a: Ting-Lu|32\/100\n|\n|-heal|p1a: Ting-Lu|38\/100|[from] item: Leftovers\n|-heal|p2a: Slowking|63\/100|[from] item: Leftovers\n|upkeep\n|turn|10\n|\n|t:|1699590909\n|move|p1a: Ting-Lu|Spikes|p2a: Slowking\n|-sidestart|p2: vlpraca|Spikes\n|move|p2a: Slowking|Scald|p1a: Ting-Lu\n|-supereffective|p1a: Ting-Lu\n|-damage|p1a: Ting-Lu|11\/100\n|-status|p1a: Ting-Lu|brn\n|\n|-heal|p1a: Ting-Lu|17\/100 brn|[from] item: Leftovers\n|-heal|p2a: Slowking|69\/100|[from] item: Leftovers\n|-damage|p1a: Ting-Lu|11\/100 brn|[from] brn\n|upkeep\n|turn|11\n|\n|t:|1699590919\n|switch|p1a: Hatterene|Hatterene, F|73\/100\n|move|p2a: Slowking|Scald|p1a: Hatterene\n|-damage|p1a: Hatterene|37\/100\n|\n|-heal|p2a: Slowking|75\/100|[from] item: Leftovers\n|upkeep\n|turn|12\n|\n|t:|1699590941\n|move|p1a: Hatterene|Healing Wish|p1a: Hatterene\n|faint|p1a: Hatterene\n|move|p2a: Slowking|Scald|p1: Hatterene|[notarget]\n|-fail|p2a: Slowking\n|\n|-heal|p2a: Slowking|81\/100|[from] item: Leftovers\n|upkeep\n|\n|t:|1699590945\n|switch|p1a: Ting-Lu|Ting-Lu|11\/100 brn\n|-heal|p1a: Ting-Lu|100\/100|[from] move: Healing Wish\n|-ability|p1a: Ting-Lu|Vessel of Ruin\n|turn|13\n|\n|t:|1699590950\n|move|p1a: Ting-Lu|Spikes|p2a: Slowking\n|-sidestart|p2: vlpraca|Spikes\n|move|p2a: Slowking|Scald|p1a: Ting-Lu\n|-supereffective|p1a: Ting-Lu\n|-damage|p1a: Ting-Lu|72\/100\n|\n|-heal|p1a: Ting-Lu|78\/100|[from] item: Leftovers\n|-heal|p2a: Slowking|88\/100|[from] item: Leftovers\n|upkeep\n|turn|14\n|\n|t:|1699590955\n|move|p2a: Slowking|Scald|p1a: Ting-Lu\n|-supereffective|p1a: Ting-Lu\n|-damage|p1a: Ting-Lu|49\/100\n|-status|p1a: Ting-Lu|brn\n|move|p1a: Ting-Lu|Whirlwind|p2a: Slowking\n|drag|p2a: Ferrothorn|Ferrothorn, F|100\/100\n|-damage|p2a: Ferrothorn|76\/100|[from] Spikes\n|-damage|p2a: Ferrothorn|69\/100|[from] Stealth Rock\n|\n|-heal|p1a: Ting-Lu|55\/100 brn|[from] item: Leftovers\n|-heal|p2a: Ferrothorn|76\/100|[from] item: Leftovers\n|-damage|p1a: Ting-Lu|49\/100 brn|[from] brn\n|upkeep\n|turn|15\n|\n|t:|1699590978\n|switch|p1a: The greatest tusk|Great Tusk|72\/100\n|move|p2a: Ferrothorn|Leech Seed|p1a: The greatest tusk\n|-start|p1a: The greatest tusk|move: Leech Seed\n|\n|-heal|p2a: Ferrothorn|82\/100|[from] item: Leftovers\n|-damage|p1a: The greatest tusk|60\/100|[from] Leech Seed|[of] p2a: Ferrothorn\n|-heal|p2a: Ferrothorn|98\/100|[silent]\n|upkeep\n|turn|16\n|\n|t:|1699590983\n|move|p2a: Ferrothorn|Protect|p2a: Ferrothorn\n|-singleturn|p2a: Ferrothorn|Protect\n|move|p1a: The greatest tusk|Rapid Spin|p2a: Ferrothorn\n|-activate|p2a: Ferrothorn|move: Protect\n|\n|-heal|p2a: Ferrothorn|100\/100|[from] item: Leftovers\n|-damage|p1a: The greatest tusk|47\/100|[from] Leech Seed|[of] p2a: Ferrothorn\n|upkeep\n|turn|17\n|\n|t:|1699590987\n|move|p1a: The greatest tusk|Bulk Up|p1a: The greatest tusk\n|-boost|p1a: The greatest tusk|atk|1\n|-boost|p1a: The greatest tusk|def|1\n|move|p2a: Ferrothorn|Stealth Rock|p1a: The greatest tusk\n|-sidestart|p1: one piece slander|move: Stealth Rock\n|\n|-damage|p1a: The greatest tusk|35\/100|[from] Leech Seed|[of] p2a: Ferrothorn\n|upkeep\n|turn|18\n|\n|t:|1699590992\n|move|p2a: Ferrothorn|Protect|p2a: Ferrothorn\n|-singleturn|p2a: Ferrothorn|Protect\n|move|p1a: The greatest tusk|Close Combat|p2a: Ferrothorn\n|-activate|p2a: Ferrothorn|move: Protect\n|\n|-damage|p1a: The greatest tusk|23\/100|[from] Leech Seed|[of] p2a: Ferrothorn\n|upkeep\n|turn|19\n|\n|t:|1699591001\n|move|p1a: The greatest tusk|Rapid Spin|p2a: Ferrothorn\n|-resisted|p2a: Ferrothorn\n|-damage|p2a: Ferrothorn|92\/100\n|-boost|p1a: The greatest tusk|spe|1\n|-damage|p1a: The greatest tusk|10\/100|[from] ability: Iron Barbs|[of] p2a: Ferrothorn\n|-end|p1a: The greatest tusk|Leech Seed|[from] move: Rapid Spin|[of] p1a: The greatest tusk\n|-sideend|p1: one piece slander|Stealth Rock|[from] move: Rapid Spin|[of] p1a: The greatest tusk\n|move|p2a: Ferrothorn|Leech Seed|p1a: The greatest tusk\n|-start|p1a: The greatest tusk|move: Leech Seed\n|\n|-heal|p2a: Ferrothorn|98\/100|[from] item: Leftovers\n|-damage|p1a: The greatest tusk|0 fnt|[from] Leech Seed|[of] p2a: Ferrothorn\n|-heal|p2a: Ferrothorn|100\/100|[silent]\n|faint|p1a: The greatest tusk\n|-end|p1a: The greatest tusk|Protosynthesis|[silent]\n|upkeep\n|\n|t:|1699591006\n|switch|p1a: Absol|Absol, M|100\/100\n|turn|20\n|\n|t:|1699591009\n|switch|p2a: Togekiss|Togekiss, F|97\/100\n|-damage|p2a: Togekiss|72\/100|[from] Stealth Rock\n|detailschange|p1a: Absol|Absol-Mega, M\n|-mega|p1a: Absol|Absol|Absolite\n|move|p1a: Absol|Swords Dance|p1a: Absol\n|-boost|p1a: Absol|atk|2\n|\n|-heal|p2a: Togekiss|78\/100|[from] item: Leftovers\n|upkeep\n|turn|21\n|\n|t:|1699591013\n|move|p1a: Absol|Psycho Cut|p2a: Togekiss\n|-damage|p2a: Togekiss|28\/100\n|move|p2a: Togekiss|Dazzling Gleam|p1a: Absol\n|-supereffective|p1a: Absol\n|-damage|p1a: Absol|0 fnt\n|faint|p1a: Absol\n|\n|-heal|p2a: Togekiss|35\/100|[from] item: Leftovers\n|upkeep\n|\n|t:|1699591018\n|switch|p1a: Lilligant|Lilligant-Hisui, F|100\/100\n|turn|22\n|\n|t:|1699591022\n|-terastallize|p1a: Lilligant|Rock\n|move|p1a: Lilligant|Victory Dance|p1a: Lilligant\n|-boost|p1a: Lilligant|atk|1\n|-boost|p1a: Lilligant|def|1\n|-boost|p1a: Lilligant|spe|1\n|move|p2a: Togekiss|Air Slash|p1a: Lilligant|[miss]\n|-miss|p2a: Togekiss|p1a: Lilligant\n|\n|-heal|p2a: Togekiss|41\/100|[from] item: Leftovers\n|upkeep\n|turn|23\n|\n|t:|1699591031\n|move|p1a: Lilligant|Ice Spinner|p2a: Togekiss\n|-supereffective|p2a: Togekiss\n|-damage|p2a: Togekiss|0 fnt\n|faint|p2a: Togekiss\n|\n|upkeep\n|\n|t:|1699591042\n|switch|p2a: Ferrothorn|Ferrothorn, F|100\/100\n|-damage|p2a: Ferrothorn|76\/100|[from] Spikes\n|-damage|p2a: Ferrothorn|69\/100|[from] Stealth Rock\n|turn|24\n|\n|t:|1699591044\n|move|p1a: Lilligant|Close Combat|p2a: Ferrothorn\n|-supereffective|p2a: Ferrothorn\n|-damage|p2a: Ferrothorn|0 fnt\n|-unboost|p1a: Lilligant|def|1\n|-unboost|p1a: Lilligant|spd|1\n|-damage|p1a: Lilligant|88\/100|[from] ability: Iron Barbs|[of] p2a: Ferrothorn\n|faint|p2a: Ferrothorn\n|\n|upkeep\n|\n|t:|1699591053\n|switch|p2a: Slowking|Slowking, F|100\/100\n|-damage|p2a: Slowking|76\/100|[from] Spikes\n|-damage|p2a: Slowking|63\/100|[from] Stealth Rock\n|turn|25\n|\n|t:|1699591059\n|-terastallize|p2a: Slowking|Normal\n|move|p1a: Lilligant|Leaf Blade|p2a: Slowking\n|-damage|p2a: Slowking|0 fnt\n|faint|p2a: Slowking\n|\n|upkeep\n|\n|t:|1699591079\n|switch|p2a: Arcanine|Arcanine-Hisui, F|53\/100\n|-damage|p2a: Arcanine|28\/100|[from] Spikes\n|-damage|p2a: Arcanine|3\/100|[from] Stealth Rock\n|turn|26\n|\n|t:|1699591088\n|move|p2a: Arcanine|Extreme Speed|p1a: Lilligant\n|-resisted|p1a: Lilligant\n|-damage|p1a: Lilligant|61\/100\n|-damage|p2a: Arcanine|0 fnt|[from] item: Life Orb\n|faint|p2a: Arcanine\n|move|p1a: Lilligant|Leaf Blade|p2: Arcanine|[notarget]\n|-fail|p1a: Lilligant\n|\n|upkeep\n|\n|t:|1699591092\n|switch|p2a: Serperior|Serperior, F|94\/100\n|-damage|p2a: Serperior|69\/100|[from] Spikes\n|-damage|p2a: Serperior|57\/100|[from] Stealth Rock\n|turn|27\n|\n|t:|1699591094\n|move|p1a: Lilligant|Ice Spinner|p2a: Serperior\n|-supereffective|p2a: Serperior\n|-damage|p2a: Serperior|0 fnt\n|faint|p2a: Serperior\n|\n|upkeep\n|-message|vlpraca forfeited.\n|\n|win|one piece slander\n|raw|one piece slander's rating: 1296 &rarr; <strong>1328<\/strong><br \/>(+32 for winning)\n|raw|vlpraca's rating: 1402 &rarr; <strong>1376<\/strong><br \/>(-26 for losing)\n|l|\u2606vlpraca\n","uploadtime":1699591103,"views":4,"p1id":"onepieceslander","p2id":"vlpraca","formatid":"gen9nationaldex","rating":1328,"private":0,"password":""}