{"id":"gen9nationaldex-1991369176","p1":"drizzzzler","p2":"KyosukeKamijou","format":"[Gen 9] National Dex","log":"|j|\u2606drizzzzler\n|j|\u2606KyosukeKamijou\n|t:|1700071378\n|gametype|singles\n|player|p1|drizzzzler|hugh|1194\n|player|p2|KyosukeKamijou|ghetsis|1210\n|teamsize|p1|6\n|teamsize|p2|6\n|gen|9\n|tier|[Gen 9] National Dex\n|rated|\n|rule|HP Percentage Mod: HP is shown in percentages\n|rule|Endless Battle Clause: Forcing endless battles is banned\n|rule|OHKO Clause: OHKO moves are banned\n|rule|Evasion Clause: Evasion abilities, items, and moves are banned\n|rule|Evasion Abilities Clause: Evasion abilities are banned\n|rule|Evasion Items Clause: Evasion items are banned\n|rule|Evasion Moves Clause: Evasion moves are banned\n|rule|Species Clause: Limit one of each Pok\u00e9mon\n|rule|Sleep Clause Mod: Limit one foe put to sleep\n|clearpoke\n|poke|p1|Galvantula, F|\n|poke|p1|Breloom, M|\n|poke|p1|Iron Treads|\n|poke|p1|Noivern, F|\n|poke|p1|Mienshao, M|\n|poke|p1|Scizor, M|\n|poke|p2|Toxapex, M|\n|poke|p2|Ferrothorn, M|\n|poke|p2|Tapu Lele|\n|poke|p2|Garganacl, F|\n|poke|p2|Zapdos|\n|poke|p2|Gliscor, M|\n|teampreview\n|inactive|Battle timer is ON: inactive players will automatically lose when time's up. (requested by drizzzzler)\n|\n|t:|1700071383\n|start\n|switch|p1a: Noivern|Noivern, F|100\/100\n|switch|p2a: Ferrothorn|Ferrothorn, M|100\/100\n|turn|1\n|\n|t:|1700071389\n|move|p1a: Noivern|Flamethrower|p2a: Ferrothorn\n|-supereffective|p2a: Ferrothorn\n|-damage|p2a: Ferrothorn|0 fnt\n|faint|p2a: Ferrothorn\n|\n|upkeep\n|\n|t:|1700071395\n|switch|p2a: Garganacl|Garganacl, F|100\/100\n|turn|2\n|\n|t:|1700071402\n|switch|p1a: Scizor|Scizor, M|100\/100\n|move|p2a: Garganacl|Salt Cure|p1a: Scizor\n|-damage|p1a: Scizor|86\/100\n|-start|p1a: Scizor|Salt Cure\n|\n|-damage|p1a: Scizor|61\/100|[from] Salt Cure\n|upkeep\n|turn|3\n|\n|t:|1700071410\n|detailschange|p1a: Scizor|Scizor-Mega, M\n|-mega|p1a: Scizor|Scizor|Scizorite\n|move|p2a: Garganacl|Protect|p2a: Garganacl\n|-singleturn|p2a: Garganacl|Protect\n|move|p1a: Scizor|Swords Dance|p1a: Scizor\n|-boost|p1a: Scizor|atk|2\n|\n|-damage|p1a: Scizor|36\/100|[from] Salt Cure\n|upkeep\n|turn|4\n|\n|t:|1700071418\n|switch|p2a: Zapdos|Zapdos|100\/100\n|move|p1a: Scizor|Bullet Punch|p2a: Zapdos\n|-resisted|p2a: Zapdos\n|-damage|p2a: Zapdos|56\/100\n|\n|-damage|p1a: Scizor|12\/100|[from] Salt Cure\n|upkeep\n|turn|5\n|\n|t:|1700071428\n|move|p2a: Zapdos|Discharge|p1a: Scizor\n|-damage|p1a: Scizor|0 fnt\n|faint|p1a: Scizor\n|\n|upkeep\n|\n|t:|1700071438\n|switch|p1a: Galvantula|Galvantula, F|100\/100\n|turn|6\n|\n|t:|1700071442\n|move|p1a: Galvantula|Sticky Web|p2a: Zapdos\n|-sidestart|p2: KyosukeKamijou|move: Sticky Web\n|move|p2a: Zapdos|Whirlwind|p1a: Galvantula\n|drag|p1a: Mienshao|Mienshao, M|100\/100\n|\n|upkeep\n|turn|7\n|\n|t:|1700071448\n|move|p1a: Mienshao|Fake Out|p2a: Zapdos\n|-damage|p2a: Zapdos|33\/100\n|-status|p1a: Mienshao|par|[from] ability: Static|[of] p2a: Zapdos\n|-damage|p1a: Mienshao|91\/100 par|[from] item: Life Orb\n|cant|p2a: Zapdos|flinch\n|\n|upkeep\n|turn|8\n|\n|t:|1700071455\n|move|p2a: Zapdos|Defog|p1a: Mienshao\n|-unboost|p1a: Mienshao|evasion|1\n|-sideend|p2: KyosukeKamijou|Sticky Web|[from] move: Defog|[of] p2a: Zapdos\n|cant|p1a: Mienshao|par\n|\n|upkeep\n|turn|9\n|\n|t:|1700071460\n|move|p2a: Zapdos|Hurricane|p1a: Mienshao\n|-supereffective|p1a: Mienshao\n|-damage|p1a: Mienshao|0 fnt\n|faint|p1a: Mienshao\n|\n|upkeep\n|\n|t:|1700071467\n|switch|p1a: Noivern|Noivern, F|100\/100\n|turn|10\n|\n|t:|1700071471\n|move|p1a: Noivern|Hurricane|p2a: Zapdos|[miss]\n|-miss|p1a: Noivern|p2a: Zapdos\n|move|p2a: Zapdos|Discharge|p1a: Noivern\n|-damage|p1a: Noivern|42\/100\n|-status|p1a: Noivern|par\n|\n|upkeep\n|turn|11\n|c|\u2606drizzzzler|bro\n|\n|t:|1700071478\n|move|p2a: Zapdos|Discharge|p1a: Noivern\n|-damage|p1a: Noivern|0 fnt\n|faint|p1a: Noivern\n|\n|upkeep\n|\n|t:|1700071482\n|switch|p1a: Galvantula|Galvantula, F|100\/100\n|turn|12\n|\n|t:|1700071485\n|move|p2a: Zapdos|Defog|p1a: Galvantula\n|-unboost|p1a: Galvantula|evasion|1\n|move|p1a: Galvantula|Thunder|p2a: Zapdos|[miss]\n|-miss|p1a: Galvantula|p2a: Zapdos\n|\n|upkeep\n|turn|13\n|\n|t:|1700071491\n|move|p2a: Zapdos|Hurricane|p1a: Galvantula\n|-damage|p1a: Galvantula|4\/100\n|move|p1a: Galvantula|Thunder|p2a: Zapdos\n|-damage|p2a: Zapdos|0 fnt\n|faint|p2a: Zapdos\n|\n|upkeep\n|\n|t:|1700071500\n|switch|p2a: Gliscor|Gliscor, M|100\/100\n|turn|14\n|\n|t:|1700071503\n|move|p1a: Galvantula|Sucker Punch|p2a: Gliscor\n|-damage|p2a: Gliscor|88\/100\n|move|p2a: Gliscor|U-turn|p1a: Galvantula\n|-damage|p1a: Galvantula|0 fnt\n|faint|p1a: Galvantula\n|\n|t:|1700071509\n|switch|p2a: Garganacl|Garganacl, F|100\/100|[from] U-turn\n|\n|upkeep\n|\n|t:|1700071512\n|switch|p1a: Breloom|Breloom, M|100\/100\n|turn|15\n|\n|t:|1700071518\n|move|p1a: Breloom|Swords Dance|p1a: Breloom\n|-boost|p1a: Breloom|atk|2\n|move|p2a: Garganacl|Salt Cure|p1a: Breloom\n|-resisted|p1a: Breloom\n|-damage|p1a: Breloom|89\/100\n|-start|p1a: Breloom|Salt Cure\n|\n|-damage|p1a: Breloom|76\/100|[from] Salt Cure\n|upkeep\n|turn|16\n|\n|t:|1700071526\n|move|p1a: Breloom|Swords Dance|p1a: Breloom\n|-boost|p1a: Breloom|atk|2\n|move|p2a: Garganacl|Stealth Rock|p1a: Breloom\n|-sidestart|p1: drizzzzler|move: Stealth Rock\n|\n|-damage|p1a: Breloom|64\/100|[from] Salt Cure\n|upkeep\n|turn|17\n|\n|t:|1700071533\n|move|p2a: Garganacl|Protect|p2a: Garganacl\n|-singleturn|p2a: Garganacl|Protect\n|move|p1a: Breloom|Bullet Seed|p2a: Garganacl\n|-activate|p2a: Garganacl|move: Protect\n|\n|-damage|p1a: Breloom|52\/100|[from] Salt Cure\n|upkeep\n|turn|18\n|\n|t:|1700071544\n|move|p1a: Breloom|Bullet Seed|p2a: Garganacl\n|-supereffective|p2a: Garganacl\n|-damage|p2a: Garganacl|31\/100\n|-supereffective|p2a: Garganacl\n|-damage|p2a: Garganacl|0 fnt\n|faint|p2a: Garganacl\n|-hitcount|p2: Garganacl|2\n|\n|-damage|p1a: Breloom|40\/100|[from] Salt Cure\n|upkeep\n|\n|t:|1700071551\n|switch|p2a: Gliscor|Gliscor, M|88\/100\n|turn|19\n|\n|t:|1700071562\n|move|p1a: Breloom|Mach Punch|p2a: Gliscor\n|-resisted|p2a: Gliscor\n|-damage|p2a: Gliscor|36\/100\n|move|p2a: Gliscor|U-turn|p1a: Breloom\n|-damage|p1a: Breloom|9\/100\n|\n|t:|1700071568\n|switch|p2a: Tapu Lele|Tapu Lele|100\/100|[from] U-turn\n|-fieldstart|move: Psychic Terrain|[from] ability: Psychic Surge|[of] p2a: Tapu Lele\n|\n|-damage|p1a: Breloom|0 fnt|[from] Salt Cure\n|faint|p1a: Breloom\n|upkeep\n|\n|t:|1700071589\n|switch|p1a: Iron Treads|Iron Treads|100\/100\n|-damage|p1a: Iron Treads|97\/100|[from] Stealth Rock\n|turn|20\n|-message|drizzzzler forfeited.\n|\n|win|KyosukeKamijou\n|raw|drizzzzler's rating: 1194 &rarr; <strong>1170<\/strong><br \/>(-24 for losing)\n|raw|KyosukeKamijou's rating: 1210 &rarr; <strong>1234<\/strong><br \/>(+24 for winning)\n|l|\u2606drizzzzler\n","uploadtime":1700071605,"views":5,"p1id":"drizzzzler","p2id":"kyosukekamijou","formatid":"gen9nationaldex","rating":1170,"private":0,"password":""}