{"id":"gen9nationaldex-1998721815","p1":"zn997","p2":"qazserfvgyujnko","format":"[Gen 9] National Dex","log":"|html|<div class=\"broadcast-blue\"><strong>[Gen 9] National Dex is currently suspecting Sneasler! For information on how to participate check out the <a href=\"https:\/\/www.smogon.com\/forums\/threads\/sv-national-dex-suspect-8-just-dance.3731534\/\">suspect thread<\/a>.<\/strong><\/div>\n|j|\u2606zn997\n|j|\u2606qazserfvgyujnko\n|t:|1700977834\n|gametype|singles\n|player|p1|zn997|hilbert|1195\n|player|p2|qazserfvgyujnko|benga|1272\n|teamsize|p1|6\n|teamsize|p2|6\n|gen|9\n|tier|[Gen 9] National Dex\n|rated|\n|rule|HP Percentage Mod: HP is shown in percentages\n|rule|Endless Battle Clause: Forcing endless battles is banned\n|rule|OHKO Clause: OHKO moves are banned\n|rule|Evasion Clause: Evasion abilities, items, and moves are banned\n|rule|Evasion Abilities Clause: Evasion abilities are banned\n|rule|Evasion Items Clause: Evasion items are banned\n|rule|Evasion Moves Clause: Evasion moves are banned\n|rule|Species Clause: Limit one of each Pok\u00e9mon\n|rule|Sleep Clause Mod: Limit one foe put to sleep\n|clearpoke\n|poke|p1|Banette, F|\n|poke|p1|Ceruledge, M|\n|poke|p1|Aegislash, F|\n|poke|p1|Sableye, F|\n|poke|p1|Gourgeist-*, M|\n|poke|p1|Blacephalon|\n|poke|p2|Hoopa-Unbound|\n|poke|p2|Comfey, F|\n|poke|p2|Lopunny, F|\n|poke|p2|Moltres|\n|poke|p2|Ninetales-Alola, F|\n|poke|p2|Urshifu-*, M|\n|teampreview\n|inactive|Battle timer is ON: inactive players will automatically lose when time's up. (requested by zn997)\n|c|\u2606qazserfvgyujnko|Again\n|inactive|qazserfvgyujnko has 120 seconds left.\n|\n|t:|1700977871\n|start\n|switch|p1a: Sableye|Sableye, F|100\/100\n|switch|p2a: Ninetales|Ninetales-Alola, F|100\/100\n|-weather|Snow|[from] ability: Snow Warning|[of] p2a: Ninetales\n|turn|1\n|\n|t:|1700977881\n|move|p1a: Sableye|Taunt|p2a: Ninetales\n|-start|p2a: Ninetales|move: Taunt\n|move|p2a: Ninetales|Moonblast|p1a: Sableye\n|-supereffective|p1a: Sableye\n|-enditem|p1a: Sableye|Focus Sash\n|-damage|p1a: Sableye|1\/100\n|\n|-weather|Snow|[upkeep]\n|upkeep\n|turn|2\n|\n|t:|1700977888\n|move|p1a: Sableye|Thunder Wave|p2a: Ninetales\n|-status|p2a: Ninetales|par\n|move|p2a: Ninetales|Moonblast|p1a: Sableye\n|-supereffective|p1a: Sableye\n|-damage|p1a: Sableye|0 fnt\n|faint|p1a: Sableye\n|\n|-weather|Snow|[upkeep]\n|upkeep\n|\n|t:|1700977893\n|switch|p1a: Ceruledge|Ceruledge, M|100\/100\n|turn|3\n|\n|t:|1700977909\n|switch|p2a: \u6211\u8981\u6740\u4e86\u592a\u8349\u6676\u5149\u82b1|Urshifu-Rapid-Strike, M|100\/100\n|move|p1a: Ceruledge|Swords Dance|p1a: Ceruledge\n|-boost|p1a: Ceruledge|atk|2\n|\n|-weather|Snow|[upkeep]\n|upkeep\n|turn|4\n|\n|t:|1700977919\n|-terastallize|p1a: Ceruledge|Water\n|move|p2a: \u6211\u8981\u6740\u4e86\u592a\u8349\u6676\u5149\u82b1|Surging Strikes|p1a: Ceruledge\n|-resisted|p1a: Ceruledge\n|-crit|p1a: Ceruledge\n|-damage|p1a: Ceruledge|90\/100\n|-ability|p1a: Ceruledge|Weak Armor|boost\n|-unboost|p1a: Ceruledge|def|1\n|-boost|p1a: Ceruledge|spe|2\n|-resisted|p1a: Ceruledge\n|-crit|p1a: Ceruledge\n|-damage|p1a: Ceruledge|73\/100\n|-ability|p1a: Ceruledge|Weak Armor|boost\n|-unboost|p1a: Ceruledge|def|1\n|-boost|p1a: Ceruledge|spe|2\n|-resisted|p1a: Ceruledge\n|-crit|p1a: Ceruledge\n|-damage|p1a: Ceruledge|51\/100\n|-ability|p1a: Ceruledge|Weak Armor|boost\n|-unboost|p1a: Ceruledge|def|1\n|-boost|p1a: Ceruledge|spe|2\n|-hitcount|p1a: Ceruledge|3\n|move|p1a: Ceruledge|Bitter Blade|p2a: \u6211\u8981\u6740\u4e86\u592a\u8349\u6676\u5149\u82b1\n|-resisted|p2a: \u6211\u8981\u6740\u4e86\u592a\u8349\u6676\u5149\u82b1\n|-damage|p2a: \u6211\u8981\u6740\u4e86\u592a\u8349\u6676\u5149\u82b1|52\/100\n|-heal|p1a: Ceruledge|79\/100|[from] drain|[of] p2a: \u6211\u8981\u6740\u4e86\u592a\u8349\u6676\u5149\u82b1\n|\n|-weather|Snow|[upkeep]\n|upkeep\n|turn|5\n|c|\u2606qazserfvgyujnko|second\n|\n|t:|1700977935\n|move|p1a: Ceruledge|Close Combat|p2a: \u6211\u8981\u6740\u4e86\u592a\u8349\u6676\u5149\u82b1\n|-damage|p2a: \u6211\u8981\u6740\u4e86\u592a\u8349\u6676\u5149\u82b1|0 fnt\n|-unboost|p1a: Ceruledge|def|1\n|-unboost|p1a: Ceruledge|spd|1\n|faint|p2a: \u6211\u8981\u6740\u4e86\u592a\u8349\u6676\u5149\u82b1\n|\n|-weather|none\n|upkeep\n|\n|t:|1700977940\n|switch|p2a: \u592a\u533b|Comfey, F|100\/100\n|turn|6\n|\n|t:|1700977943\n|move|p2a: \u592a\u533b|Giga Drain|p1a: Ceruledge\n|-supereffective|p1a: Ceruledge\n|-damage|p1a: Ceruledge|0 fnt\n|faint|p1a: Ceruledge\n|-damage|p2a: \u592a\u533b|91\/100|[from] item: Life Orb\n|\n|upkeep\n|-message|zn997 forfeited.\n|\n|win|qazserfvgyujnko\n|raw|zn997's rating: 1195 &rarr; <strong>1175<\/strong><br \/>(-20 for losing)\n|raw|qazserfvgyujnko's rating: 1272 &rarr; <strong>1292<\/strong><br \/>(+20 for winning)\n|l|\u2606zn997\n","uploadtime":1700978103,"views":1,"p1id":"zn997","p2id":"qazserfvgyujnko","formatid":"gen9nationaldex","rating":1175,"private":0,"password":""}