{"id":"gen9nationaldex-1988718350","p1":"gbootoxide","p2":"big_zegundo","format":"[Gen 9] National Dex","log":"|j|\u2606gbootoxide\n|j|\u2606big_zegundo\n|t:|1699754431\n|gametype|singles\n|player|p1|gbootoxide|evelyn|\n|player|p2|big_zegundo|boarder|\n|teamsize|p1|6\n|teamsize|p2|6\n|gen|9\n|tier|[Gen 9] National Dex\n|rule|HP Percentage Mod: HP is shown in percentages\n|rule|Endless Battle Clause: Forcing endless battles is banned\n|rule|OHKO Clause: OHKO moves are banned\n|rule|Evasion Clause: Evasion abilities, items, and moves are banned\n|rule|Evasion Abilities Clause: Evasion abilities are banned\n|rule|Evasion Items Clause: Evasion items are banned\n|rule|Evasion Moves Clause: Evasion moves are banned\n|rule|Species Clause: Limit one of each Pok\u00e9mon\n|rule|Sleep Clause Mod: Limit one foe put to sleep\n|clearpoke\n|poke|p1|Lopunny, F|\n|poke|p1|Rotom-Mow|\n|poke|p1|Moltres|\n|poke|p1|Seismitoad, F|\n|poke|p1|Dugtrio-Alola, M|\n|poke|p1|Perrserker, M|\n|poke|p2|Tapu Koko|\n|poke|p2|Milotic, F|\n|poke|p2|Exeggutor-Alola, F|\n|poke|p2|Iron Jugulis|\n|poke|p2|Gurdurr, M|\n|poke|p2|Ambipom, F|\n|teampreview\n|c|\u2606gbootoxide|tera electric\n|\n|t:|1699754462\n|start\n|switch|p1a: Rotom|Rotom-Mow|100\/100\n|switch|p2a: Gurdurr|Gurdurr, M|100\/100\n|turn|1\n|\n|t:|1699754496\n|move|p1a: Rotom|Volt Switch|p2a: Gurdurr\n|-damage|p2a: Gurdurr|66\/100\n|\n|t:|1699754504\n|switch|p1a: Moltres|Moltres|100\/100|[from] Volt Switch\n|move|p2a: Gurdurr|Drain Punch|p1a: Moltres\n|-resisted|p1a: Moltres\n|-damage|p1a: Moltres|87\/100\n|-heal|p2a: Gurdurr|73\/100|[from] drain|[of] p1a: Moltres\n|\n|upkeep\n|turn|2\n|\n|t:|1699754524\n|move|p1a: Moltres|Flamethrower|p2a: Gurdurr\n|-damage|p2a: Gurdurr|32\/100\n|move|p2a: Gurdurr|Stone Edge|p1a: Moltres|[miss]\n|-miss|p2a: Gurdurr|p1a: Moltres\n|\n|upkeep\n|turn|3\n|c|\u2606gbootoxide|damn\n|\n|t:|1699754542\n|switch|p2a: Milotic|Milotic, F|100\/100\n|move|p1a: Moltres|Toxic|p2a: Milotic\n|-status|p2a: Milotic|tox\n|\n|-damage|p2a: Milotic|94\/100 tox|[from] psn\n|upkeep\n|turn|4\n|c|\u2606gbootoxide|gottem\n|\n|t:|1699754565\n|move|p1a: Moltres|U-turn|p2a: Milotic\n|-damage|p2a: Milotic|88\/100 tox\n|\n|t:|1699754577\n|switch|p1a: Seismitoad|Seismitoad, F|100\/100|[from] U-turn\n|move|p2a: Milotic|Toxic|p1a: Seismitoad\n|-status|p1a: Seismitoad|tox\n|\n|-damage|p1a: Seismitoad|94\/100 tox|[from] psn\n|-damage|p2a: Milotic|76\/100 tox|[from] psn\n|upkeep\n|turn|5\n|c|\u2606big_zegundo|no u\n|\n|t:|1699754590\n|switch|p2a: Gurdurr|Gurdurr, M|32\/100\n|move|p1a: Seismitoad|Stealth Rock|p2a: Gurdurr\n|-sidestart|p2: big_zegundo|move: Stealth Rock\n|\n|-damage|p1a: Seismitoad|82\/100 tox|[from] psn\n|upkeep\n|turn|6\n|\n|t:|1699754628\n|move|p1a: Seismitoad|Knock Off|p2a: Gurdurr\n|-resisted|p2a: Gurdurr\n|-damage|p2a: Gurdurr|22\/100\n|-enditem|p2a: Gurdurr|Eviolite|[from] move: Knock Off|[of] p1a: Seismitoad\n|move|p2a: Gurdurr|Drain Punch|p1a: Seismitoad\n|-damage|p1a: Seismitoad|43\/100 tox\n|-heal|p2a: Gurdurr|42\/100|[from] drain|[of] p1a: Seismitoad\n|\n|-damage|p1a: Seismitoad|25\/100 tox|[from] psn\n|upkeep\n|turn|7\n|\n|t:|1699754651\n|move|p1a: Seismitoad|Earthquake|p2a: Gurdurr\n|-crit|p2a: Gurdurr\n|-damage|p2a: Gurdurr|0 fnt\n|faint|p2a: Gurdurr\n|\n|-damage|p1a: Seismitoad|0 fnt|[from] psn\n|faint|p1a: Seismitoad\n|upkeep\n|\n|t:|1699754678\n|switch|p1a: Rotom|Rotom-Mow|100\/100\n|switch|p2a: Exeggutor|Exeggutor-Alola, F|100\/100\n|-damage|p2a: Exeggutor|88\/100|[from] Stealth Rock\n|turn|8\n|\n|t:|1699754694\n|move|p1a: Rotom|Volt Switch|p2a: Exeggutor\n|-resisted|p2a: Exeggutor\n|-damage|p2a: Exeggutor|79\/100\n|\n|t:|1699754706\n|switch|p1a: Moltres|Moltres|87\/100|[from] Volt Switch\n|move|p2a: Exeggutor|Flamethrower|p1a: Moltres\n|-resisted|p1a: Moltres\n|-damage|p1a: Moltres|68\/100\n|\n|upkeep\n|turn|9\n|\n|t:|1699754721\n|move|p1a: Moltres|Flamethrower|p2a: Exeggutor\n|-damage|p2a: Exeggutor|36\/100\n|-enditem|p2a: Exeggutor|Sitrus Berry|[eat]\n|-heal|p2a: Exeggutor|61\/100|[from] item: Sitrus Berry\n|move|p2a: Exeggutor|Ancient Power|p1a: Moltres\n|-supereffective|p1a: Moltres\n|-damage|p1a: Moltres|0 fnt\n|faint|p1a: Moltres\n|\n|-item|p2a: Exeggutor|Sitrus Berry|[from] ability: Harvest\n|upkeep\n|c|\u2606gbootoxide|fuck it gets that?\n|\n|t:|1699754754\n|switch|p1a: Lopunny|Lopunny, F|100\/100\n|turn|10\n|\n|t:|1699754764\n|detailschange|p1a: Lopunny|Lopunny-Mega, F\n|-mega|p1a: Lopunny|Lopunny|Lopunnite\n|move|p1a: Lopunny|Close Combat|p2a: Exeggutor\n|-damage|p2a: Exeggutor|0 fnt\n|-unboost|p1a: Lopunny|def|1\n|-unboost|p1a: Lopunny|spd|1\n|faint|p2a: Exeggutor\n|\n|upkeep\n|\n|t:|1699754808\n|switch|p2a: Iron Jugulis|Iron Jugulis|100\/100\n|-damage|p2a: Iron Jugulis|76\/100|[from] Stealth Rock\n|turn|11\n|\n|t:|1699754827\n|switch|p1a: Rotom|Rotom-Mow|100\/100\n|move|p2a: Iron Jugulis|Flamethrower|p1a: Rotom\n|-supereffective|p1a: Rotom\n|-damage|p1a: Rotom|18\/100\n|\n|upkeep\n|turn|12\n|\n|t:|1699754842\n|move|p2a: Iron Jugulis|Flamethrower|p1a: Rotom\n|-supereffective|p1a: Rotom\n|-damage|p1a: Rotom|0 fnt\n|faint|p1a: Rotom\n|\n|upkeep\n|\n|t:|1699754862\n|switch|p1a: Perrserker|Perrserker, M|100\/100\n|turn|13\n|\n|t:|1699754873\n|-terastallize|p2a: Iron Jugulis|Ground\n|-terastallize|p1a: Perrserker|Electric\n|move|p2a: Iron Jugulis|Flamethrower|p1a: Perrserker\n|-damage|p1a: Perrserker|57\/100\n|move|p1a: Perrserker|Knock Off|p2a: Iron Jugulis\n|-damage|p2a: Iron Jugulis|23\/100\n|-enditem|p2a: Iron Jugulis|Choice Specs|[from] move: Knock Off|[of] p1a: Perrserker\n|\n|upkeep\n|turn|14\n|\n|t:|1699754899\n|move|p2a: Iron Jugulis|Earth Power|p1a: Perrserker\n|-supereffective|p1a: Perrserker\n|-damage|p1a: Perrserker|0 fnt\n|faint|p1a: Perrserker\n|\n|upkeep\n|\n|t:|1699754912\n|switch|p1a: Lopunny|Lopunny-Mega, F|100\/100\n|turn|15\n|\n|t:|1699754917\n|-end|p2a: Iron Jugulis|Quark Drive|[silent]\n|switch|p2a: Ambipom|Ambipom, F|100\/100\n|-damage|p2a: Ambipom|88\/100|[from] Stealth Rock\n|move|p1a: Lopunny|Return|p2a: Ambipom\n|-damage|p2a: Ambipom|0 fnt\n|faint|p2a: Ambipom\n|\n|upkeep\n|\n|t:|1699754929\n|switch|p2a: Tapu Koko|Tapu Koko|100\/100\n|-damage|p2a: Tapu Koko|88\/100|[from] Stealth Rock\n|-fieldstart|move: Electric Terrain|[from] ability: Electric Surge|[of] p2a: Tapu Koko\n|turn|16\n|\n|t:|1699754938\n|move|p1a: Lopunny|U-turn|p2a: Tapu Koko\n|-resisted|p2a: Tapu Koko\n|-damage|p2a: Tapu Koko|70\/100\n|\n|t:|1699754940\n|switch|p1a: Dugtrio|Dugtrio-Alola, M|100\/100|[from] U-turn\n|move|p2a: Tapu Koko|U-turn|p1a: Dugtrio\n|-resisted|p1a: Dugtrio\n|-damage|p1a: Dugtrio|82\/100\n|-ability|p1a: Dugtrio|Tangling Hair\n|-unboost|p2a: Tapu Koko|spe|1\n|\n|t:|1699754944\n|switch|p2a: Iron Jugulis|Iron Jugulis, tera:Ground|23\/100|[from] U-turn\n|-damage|p2a: Iron Jugulis|17\/100|[from] Stealth Rock\n|-activate|p2a: Iron Jugulis|ability: Quark Drive\n|-start|p2a: Iron Jugulis|quarkdrivespe\n|\n|upkeep\n|turn|17\n|\n|t:|1699754957\n|move|p1a: Dugtrio|Sucker Punch|p2a: Iron Jugulis\n|-damage|p2a: Iron Jugulis|0 fnt\n|faint|p2a: Iron Jugulis\n|-end|p2a: Iron Jugulis|Quark Drive|[silent]\n|-damage|p1a: Dugtrio|72\/100|[from] item: Life Orb\n|\n|upkeep\n|\n|t:|1699754961\n|switch|p2a: Milotic|Milotic, F|76\/100 tox\n|-damage|p2a: Milotic|63\/100 tox|[from] Stealth Rock\n|turn|18\n|\n|t:|1699754974\n|move|p1a: Dugtrio|Earthquake|p2a: Milotic\n|-damage|p2a: Milotic|36\/100 tox\n|-damage|p1a: Dugtrio|62\/100|[from] item: Life Orb\n|move|p2a: Milotic|Scald|p1a: Dugtrio\n|-supereffective|p1a: Dugtrio\n|-damage|p1a: Dugtrio|0 fnt\n|faint|p1a: Dugtrio\n|\n|-damage|p2a: Milotic|30\/100 tox|[from] psn\n|upkeep\n|\n|t:|1699754980\n|switch|p1a: Lopunny|Lopunny-Mega, F|100\/100\n|turn|19\n|\n|t:|1699755011\n|move|p1a: Lopunny|Return|p2a: Milotic\n|-damage|p2a: Milotic|0 fnt\n|faint|p2a: Milotic\n|\n|upkeep\n|\n|t:|1699755014\n|switch|p2a: Tapu Koko|Tapu Koko|70\/100\n|-damage|p2a: Tapu Koko|57\/100|[from] Stealth Rock\n|turn|20\n|\n|t:|1699755019\n|move|p1a: Lopunny|Return|p2a: Tapu Koko\n|-damage|p2a: Tapu Koko|0 fnt\n|faint|p2a: Tapu Koko\n|\n|win|gbootoxide\n","uploadtime":1699755027,"views":16,"p1id":"gbootoxide","p2id":"bigzegundo","formatid":"gen9nationaldex","rating":0,"private":0,"password":""}