{"id":"gen9nationaldex-1990151109","p1":"mtyqjltz4","p2":"fabricro","format":"[Gen 9] National Dex","log":"|j|\u2606mtyqjltz4\n|j|\u2606fabricro\n|t:|1699930163\n|gametype|singles\n|player|p1|mtyqjltz4|elesa|1519\n|player|p2|fabricro|n|1432\n|teamsize|p1|6\n|teamsize|p2|6\n|gen|9\n|tier|[Gen 9] National Dex\n|rated|\n|rule|HP Percentage Mod: HP is shown in percentages\n|rule|Endless Battle Clause: Forcing endless battles is banned\n|rule|OHKO Clause: OHKO moves are banned\n|rule|Evasion Clause: Evasion abilities, items, and moves are banned\n|rule|Evasion Abilities Clause: Evasion abilities are banned\n|rule|Evasion Items Clause: Evasion items are banned\n|rule|Evasion Moves Clause: Evasion moves are banned\n|rule|Species Clause: Limit one of each Pok\u00e9mon\n|rule|Sleep Clause Mod: Limit one foe put to sleep\n|clearpoke\n|poke|p1|Beedrill, M|\n|poke|p1|Chansey, F|\n|poke|p1|Garchomp, M|\n|poke|p1|Urshifu-*, M|\n|poke|p1|Zapdos|\n|poke|p1|Tapu Lele|\n|poke|p2|Chansey, F|\n|poke|p2|Lopunny, M|\n|poke|p2|Zoroark-Hisui, F|\n|poke|p2|Porygon-Z|\n|poke|p2|Staraptor, M|\n|poke|p2|Breloom, M|\n|teampreview\n|inactive|Battle timer is ON: inactive players will automatically lose when time's up. (requested by fabricro)\n|\n|t:|1699930193\n|start\n|switch|p1a: Beedrill|Beedrill, M|100\/100\n|switch|p2a: Chansey|Chansey, F|100\/100\n|turn|1\n|\n|t:|1699930202\n|detailschange|p1a: Beedrill|Beedrill-Mega, M\n|-mega|p1a: Beedrill|Beedrill|Beedrillite\n|move|p1a: Beedrill|U-turn|p2a: Chansey\n|-resisted|p2a: Chansey\n|-damage|p2a: Chansey|40\/100\n|replace|p2a: Zoroark|Zoroark-Hisui, F\n|-end|p2a: Zoroark|Illusion\n|\n|t:|1699930214\n|switch|p1a: Chansey|Chansey, F|100\/100|[from] U-turn\n|move|p2a: Zoroark|Nasty Plot|p2a: Zoroark\n|-boost|p2a: Zoroark|spa|2\n|\n|upkeep\n|turn|2\n|\n|t:|1699930220\n|move|p2a: Zoroark|Tera Blast|p1a: Chansey\n|-damage|p1a: Chansey|76\/100\n|move|p1a: Chansey|Toxic|p2a: Zoroark\n|-status|p2a: Zoroark|tox\n|\n|-damage|p2a: Zoroark|34\/100 tox|[from] psn\n|upkeep\n|turn|3\n|\n|t:|1699930228\n|switch|p2a: Breloom|Breloom, M|100\/100\n|move|p1a: Chansey|Soft-Boiled|p1a: Chansey\n|-heal|p1a: Chansey|100\/100\n|\n|upkeep\n|turn|4\n|\n|t:|1699930238\n|switch|p1a: Zapdos|Zapdos|100\/100\n|move|p2a: Breloom|Spore|p1a: Zapdos\n|-status|p1a: Zapdos|slp|[from] move: Spore\n|\n|upkeep\n|turn|5\n|inactive|mtyqjltz4 has 120 seconds left.\n|\n|t:|1699930272\n|switch|p2a: Porygon-Z|Porygon-Z|100\/100\n|-ability|p2a: Porygon-Z|Download|boost\n|-boost|p2a: Porygon-Z|spa|1\n|switch|p1a: Garchomp|Garchomp, M, shiny|100\/100\n|\n|upkeep\n|turn|6\n|\n|t:|1699930281\n|switch|p1a: Chansey|Chansey, F|100\/100\n|move|p2a: Porygon-Z|Ice Beam|p1a: Chansey\n|-damage|p1a: Chansey|86\/100\n|\n|upkeep\n|turn|7\n|\n|t:|1699930289\n|-zpower|p2a: Porygon-Z\n|move|p2a: Porygon-Z|Z-Conversion|p2a: Porygon-Z|[anim]Conversion\n|-boost|p2a: Porygon-Z|atk|1|[zeffect]\n|-boost|p2a: Porygon-Z|def|1|[zeffect]\n|-boost|p2a: Porygon-Z|spa|1|[zeffect]\n|-boost|p2a: Porygon-Z|spd|1|[zeffect]\n|-boost|p2a: Porygon-Z|spe|1|[zeffect]\n|-start|p2a: Porygon-Z|typechange|Electric\n|move|p1a: Chansey|Toxic|p2a: Porygon-Z|[miss]\n|-miss|p1a: Chansey|p2a: Porygon-Z\n|\n|upkeep\n|turn|8\n|\n|t:|1699930299\n|move|p2a: Porygon-Z|Psyshock|p1a: Chansey\n|-damage|p1a: Chansey|51\/100\n|move|p1a: Chansey|Toxic|p2a: Porygon-Z\n|-status|p2a: Porygon-Z|tox\n|\n|-damage|p2a: Porygon-Z|94\/100 tox|[from] psn\n|upkeep\n|turn|9\n|j| mongoLmfao\n|\n|t:|1699930304\n|move|p2a: Porygon-Z|Psyshock|p1a: Chansey\n|-damage|p1a: Chansey|12\/100\n|move|p1a: Chansey|Soft-Boiled|p1a: Chansey\n|-heal|p1a: Chansey|62\/100\n|\n|-damage|p2a: Porygon-Z|82\/100 tox|[from] psn\n|upkeep\n|turn|10\n|\n|t:|1699930308\n|move|p2a: Porygon-Z|Discharge|p1a: Chansey\n|-damage|p1a: Chansey|38\/100\n|move|p1a: Chansey|Soft-Boiled|p1a: Chansey\n|-heal|p1a: Chansey|88\/100\n|\n|-damage|p2a: Porygon-Z|64\/100 tox|[from] psn\n|upkeep\n|turn|11\n|-message|fabricro forfeited.\n|\n|win|mtyqjltz4\n|raw|mtyqjltz4's rating: 1519 &rarr; <strong>1534<\/strong><br \/>(+15 for winning)\n|raw|fabricro's rating: 1432 &rarr; <strong>1417<\/strong><br \/>(-15 for losing)\n|l|\u2606fabricro\n","uploadtime":1699930322,"views":5,"p1id":"mtyqjltz4","p2id":"fabricro","formatid":"gen9nationaldex","rating":1417,"private":0,"password":""}