{"id":"gen9nationaldex-1999625207","p1":"7ayakum","p2":"NahImtheotherguy","format":"[Gen 9] National Dex","log":"|html|<div class=\"broadcast-blue\"><strong>[Gen 9] National Dex is currently suspecting Sneasler! For information on how to participate check out the <a href=\"https:\/\/www.smogon.com\/forums\/threads\/sv-national-dex-suspect-8-just-dance.3731534\/\">suspect thread<\/a>.<\/strong><\/div>\n|j|\u26067ayakum\n|j|\u203dNahImtheotherguy\n|t:|1701102318\n|gametype|singles\n|player|p1|7ayakum|101|1345\n|player|p2|NahImtheotherguy|bea|1291\n|teamsize|p1|6\n|teamsize|p2|6\n|gen|9\n|tier|[Gen 9] National Dex\n|rated|\n|rule|HP Percentage Mod: HP is shown in percentages\n|rule|Endless Battle Clause: Forcing endless battles is banned\n|rule|OHKO Clause: OHKO moves are banned\n|rule|Evasion Clause: Evasion abilities, items, and moves are banned\n|rule|Evasion Abilities Clause: Evasion abilities are banned\n|rule|Evasion Items Clause: Evasion items are banned\n|rule|Evasion Moves Clause: Evasion moves are banned\n|rule|Species Clause: Limit one of each Pok\u00e9mon\n|rule|Sleep Clause Mod: Limit one foe put to sleep\n|clearpoke\n|poke|p1|Pinsir, M|\n|poke|p1|Espeon, M|\n|poke|p1|Gligar, M|\n|poke|p1|Komala, M|\n|poke|p1|Azumarill, M|\n|poke|p1|Sneasler, M|\n|poke|p2|Ninetales-Alola, F|\n|poke|p2|Tapu Lele|\n|poke|p2|Diancie|\n|poke|p2|Sneasler, F|\n|poke|p2|Tapu Koko|\n|poke|p2|Great Tusk|\n|teampreview\n|\n|t:|1701102346\n|start\n|switch|p1a: Komala|Komala, M|100\/100\n|switch|p2a: Ninetales|Ninetales-Alola, F|100\/100\n|-weather|Snow|[from] ability: Snow Warning|[of] p2a: Ninetales\n|-ability|p1a: Komala|Comatose\n|turn|1\n|\n|t:|1701102351\n|move|p2a: Ninetales|Aurora Veil|p2a: Ninetales\n|-sidestart|p2: NahImtheotherguy|move: Aurora Veil\n|move|p1a: Komala|Knock Off|p2a: Ninetales\n|-resisted|p2a: Ninetales\n|-damage|p2a: Ninetales|94\/100\n|-enditem|p2a: Ninetales|Light Clay|[from] move: Knock Off|[of] p1a: Komala\n|\n|-weather|Snow|[upkeep]\n|upkeep\n|turn|2\n|\n|t:|1701102354\n|move|p2a: Ninetales|Encore|p1a: Komala\n|-start|p1a: Komala|Encore\n|move|p1a: Komala|Knock Off|p2a: Ninetales\n|-resisted|p2a: Ninetales\n|-damage|p2a: Ninetales|89\/100\n|\n|-weather|Snow|[upkeep]\n|upkeep\n|turn|3\n|\n|t:|1701102373\n|switch|p2a: Great Tusk|Great Tusk|100\/100\n|-enditem|p2a: Great Tusk|Booster Energy\n|-activate|p2a: Great Tusk|ability: Protosynthesis|[fromitem]\n|-start|p2a: Great Tusk|protosynthesisspe\n|move|p1a: Komala|Knock Off|p2a: Great Tusk\n|-resisted|p2a: Great Tusk\n|-damage|p2a: Great Tusk|97\/100\n|\n|-weather|Snow|[upkeep]\n|upkeep\n|turn|4\n|\n|t:|1701102377\n|switch|p1a: Gligar|Gligar, M|100\/100\n|move|p2a: Great Tusk|Bulk Up|p2a: Great Tusk\n|-boost|p2a: Great Tusk|atk|1\n|-boost|p2a: Great Tusk|def|1\n|\n|-weather|Snow|[upkeep]\n|upkeep\n|turn|5\n|\n|t:|1701102384\n|move|p2a: Great Tusk|Ice Spinner|p1a: Gligar\n|-supereffective|p1a: Gligar\n|-damage|p1a: Gligar|24\/100\n|move|p1a: Gligar|U-turn|p2a: Great Tusk\n|-resisted|p2a: Great Tusk\n|-damage|p2a: Great Tusk|96\/100\n|\n|t:|1701102386\n|switch|p1a: Espeon|Espeon, M|100\/100|[from] U-turn\n|\n|-weather|none\n|upkeep\n|turn|6\n|\n|t:|1701102393\n|-terastallize|p1a: Espeon|Fairy\n|move|p2a: Great Tusk|Earthquake|p1a: Espeon\n|-crit|p1a: Espeon\n|-damage|p1a: Espeon|0 fnt\n|faint|p1a: Espeon\n|\n|upkeep\n|\n|t:|1701102398\n|switch|p1a: Pinsir|Pinsir, M|100\/100\n|turn|7\n|\n|t:|1701102401\n|detailschange|p1a: Pinsir|Pinsir-Mega, M\n|-mega|p1a: Pinsir|Pinsir|Pinsirite\n|move|p2a: Great Tusk|Ice Spinner|p1a: Pinsir\n|-supereffective|p1a: Pinsir\n|-damage|p1a: Pinsir|29\/100\n|move|p1a: Pinsir|Swords Dance|p1a: Pinsir\n|-boost|p1a: Pinsir|atk|2\n|\n|upkeep\n|turn|8\n|\n|t:|1701102408\n|move|p1a: Pinsir|Quick Attack|p2a: Great Tusk\n|-supereffective|p2a: Great Tusk\n|-damage|p2a: Great Tusk|71\/100\n|move|p2a: Great Tusk|Ice Spinner|p1a: Pinsir\n|-supereffective|p1a: Pinsir\n|-damage|p1a: Pinsir|0 fnt\n|faint|p1a: Pinsir\n|\n|-sideend|p2: NahImtheotherguy|move: Aurora Veil\n|upkeep\n|\n|t:|1701102416\n|switch|p1a: Azumarill|Azumarill, M|100\/100\n|turn|9\n|\n|t:|1701102422\n|move|p2a: Great Tusk|Earthquake|p1a: Azumarill\n|-crit|p1a: Azumarill\n|-damage|p1a: Azumarill|0 fnt\n|faint|p1a: Azumarill\n|\n|upkeep\n|c|\u26067ayakum|bruh\n|\n|t:|1701102428\n|switch|p1a: Komala|Komala, M|100\/100\n|-ability|p1a: Komala|Comatose\n|turn|10\n|\n|t:|1701102430\n|move|p2a: Great Tusk|Close Combat|p1a: Komala\n|-supereffective|p1a: Komala\n|-damage|p1a: Komala|0 fnt\n|-unboost|p2a: Great Tusk|def|1\n|-unboost|p2a: Great Tusk|spd|1\n|faint|p1a: Komala\n|\n|upkeep\n|\n|t:|1701102433\n|switch|p1a: Sneasler|Sneasler, M|100\/100\n|turn|11\n|\n|t:|1701102436\n|move|p2a: Great Tusk|Ice Spinner|p1a: Sneasler\n|-damage|p1a: Sneasler|36\/100\n|move|p1a: Sneasler|Dire Claw|p2a: Great Tusk\n|-resisted|p2a: Great Tusk\n|-damage|p2a: Great Tusk|58\/100\n|\n|upkeep\n|turn|12\n|\n|t:|1701102444\n|move|p2a: Great Tusk|Ice Spinner|p1a: Sneasler\n|-damage|p1a: Sneasler|0 fnt\n|faint|p1a: Sneasler\n|\n|upkeep\n|\n|t:|1701102445\n|switch|p1a: Gligar|Gligar, M|24\/100\n|turn|13\n|\n|t:|1701102447\n|move|p2a: Great Tusk|Ice Spinner|p1a: Gligar\n|-supereffective|p1a: Gligar\n|-damage|p1a: Gligar|0 fnt\n|faint|p1a: Gligar\n|\n|win|NahImtheotherguy\n|raw|7ayakum's rating: 1345 &rarr; <strong>1322<\/strong><br \/>(-23 for losing)\n|raw|NahImtheotherguy's rating: 1291 &rarr; <strong>1320<\/strong><br \/>(+29 for winning)\n|l|\u26067ayakum\n|l|\u203dNahImtheotherguy\n|j|\u203dNahImtheotherguy\n|player|p2|NahImtheotherguy|bea\n","uploadtime":1701102538,"views":2,"p1id":"7ayakum","p2id":"nahimtheotherguy","formatid":"gen9nationaldex","rating":1320,"private":0,"password":""}