{"id":"gen9nationaldex-1987849519","p1":"Evan_007","p2":"0xyt0c1njunk1e","format":"[Gen 9] National Dex","log":"|j|\u2606Evan_007\n|j|\u26060xyt0c1njunk1e\n|t:|1699642518\n|gametype|singles\n|player|p1|Evan_007|crasherwake|1378\n|player|p2|0xyt0c1njunk1e|iris|1370\n|teamsize|p1|6\n|teamsize|p2|6\n|gen|9\n|tier|[Gen 9] National Dex\n|rated|\n|rule|HP Percentage Mod: HP is shown in percentages\n|rule|Endless Battle Clause: Forcing endless battles is banned\n|rule|OHKO Clause: OHKO moves are banned\n|rule|Evasion Clause: Evasion abilities, items, and moves are banned\n|rule|Evasion Abilities Clause: Evasion abilities are banned\n|rule|Evasion Items Clause: Evasion items are banned\n|rule|Evasion Moves Clause: Evasion moves are banned\n|rule|Species Clause: Limit one of each Pok\u00e9mon\n|rule|Sleep Clause Mod: Limit one foe put to sleep\n|clearpoke\n|poke|p1|Rotom-Wash|\n|poke|p1|Volcarona, M|\n|poke|p1|Empoleon, F|\n|poke|p1|Tyranitar, F|\n|poke|p1|Garchomp, M|\n|poke|p1|Goodra-Hisui, F|\n|poke|p2|Togedemaru, L1, M|\n|poke|p2|Slowbro, F|\n|poke|p2|Chansey, F|\n|poke|p2|Hippowdon, M|\n|poke|p2|Lopunny, F|\n|poke|p2|Gliscor, F|\n|teampreview\n|inactive|Battle timer is ON: inactive players will automatically lose when time's up. (requested by 0xyt0c1njunk1e)\n|\n|t:|1699642527\n|start\n|switch|p1a: Noki|Rotom-Wash, shiny|100\/100\n|switch|p2a: Gliscor|Gliscor, F|100\/100\n|turn|1\n|\n|t:|1699642535\n|switch|p2a: Chansey|Chansey, F|100\/100\n|move|p1a: Noki|Hydro Pump|p2a: Chansey\n|-damage|p2a: Chansey|91\/100\n|\n|upkeep\n|turn|2\n|\n|t:|1699642541\n|move|p1a: Noki|Volt Switch|p2a: Chansey\n|-damage|p2a: Chansey|85\/100\n|\n|t:|1699642544\n|switch|p1a: Chief|Empoleon, F|100\/100|[from] Volt Switch\n|move|p2a: Chansey|Teleport|p2a: Chansey\n|\n|t:|1699642550\n|switch|p2a: Tyrone|Togedemaru, L1, M|100\/100|[from] Teleport\n|\n|upkeep\n|turn|3\n|\n|t:|1699642555\n|move|p2a: Tyrone|Fake Out|p1a: Chief\n|-resisted|p1a: Chief\n|-damage|p1a: Chief|99\/100\n|cant|p1a: Chief|flinch\n|\n|upkeep\n|turn|4\n|\n|t:|1699642562\n|move|p1a: Chief|Flip Turn|p2a: Tyrone\n|-ability|p2a: Tyrone|Sturdy\n|-damage|p2a: Tyrone|9\/100\n|\n|t:|1699642570\n|switch|p1a: Noki|Rotom-Wash, shiny|100\/100|[from] Flip Turn\n|move|p2a: Tyrone|Endeavor|p1a: Noki\n|-damage|p1a: Noki|1\/100\n|-heal|p2a: Tyrone|100\/100|[from] item: Shell Bell|[of] p1a: Noki\n|\n|-heal|p1a: Noki|7\/100|[from] item: Leftovers\n|upkeep\n|turn|5\n|\n|t:|1699642581\n|switch|p2a: Chansey|Chansey, F|85\/100\n|move|p1a: Noki|Will-O-Wisp|p2a: Chansey|[miss]\n|-miss|p1a: Noki|p2a: Chansey\n|\n|-heal|p1a: Noki|13\/100|[from] item: Leftovers\n|upkeep\n|turn|6\n|\n|t:|1699642586\n|move|p1a: Noki|Pain Split|p2a: Chansey\n|-sethp|p2a: Chansey|46\/100|[from] move: Pain Split|[silent]\n|-sethp|p1a: Noki|100\/100|[from] move: Pain Split\n|move|p2a: Chansey|Seismic Toss|p1a: Noki\n|-damage|p1a: Noki|68\/100\n|\n|-heal|p1a: Noki|74\/100|[from] item: Leftovers\n|upkeep\n|turn|7\n|\n|t:|1699642592\n|move|p1a: Noki|Volt Switch|p2a: Chansey\n|-damage|p2a: Chansey|40\/100\n|\n|t:|1699642594\n|switch|p1a: Chief|Empoleon, F|99\/100|[from] Volt Switch\n|move|p2a: Chansey|Soft-Boiled|p2a: Chansey\n|-heal|p2a: Chansey|90\/100\n|\n|upkeep\n|turn|8\n|\n|t:|1699642598\n|switch|p2a: Slowbro|Slowbro, F|100\/100\n|move|p1a: Chief|Flip Turn|p2a: Slowbro\n|-resisted|p2a: Slowbro\n|-damage|p2a: Slowbro|96\/100\n|-damage|p1a: Chief|84\/100|[from] item: Rocky Helmet|[of] p2a: Slowbro\n|\n|t:|1699642601\n|switch|p1a: Noki|Rotom-Wash, shiny|74\/100|[from] Flip Turn\n|\n|-heal|p1a: Noki|80\/100|[from] item: Leftovers\n|upkeep\n|turn|9\n|\n|t:|1699642609\n|switch|p2a: Chansey|Chansey, F|90\/100\n|move|p1a: Noki|Volt Switch|p2a: Chansey\n|-damage|p2a: Chansey|83\/100\n|\n|t:|1699642612\n|switch|p1a: Wagon|Garchomp, M|100\/100|[from] Volt Switch\n|\n|upkeep\n|turn|10\n|\n|t:|1699642615\n|switch|p2a: Slowbro|Slowbro, F|100\/100\n|move|p1a: Wagon|Swords Dance|p1a: Wagon\n|-boost|p1a: Wagon|atk|2\n|\n|upkeep\n|turn|11\n|\n|t:|1699642622\n|move|p1a: Wagon|Earthquake|p2a: Slowbro\n|-damage|p2a: Slowbro|40\/100\n|move|p2a: Slowbro|Teleport|p2a: Slowbro\n|\n|t:|1699642627\n|switch|p2a: Lopunny|Lopunny, F|100\/100|[from] Teleport\n|\n|upkeep\n|turn|12\n|\n|t:|1699642631\n|detailschange|p2a: Lopunny|Lopunny-Mega, F\n|-mega|p2a: Lopunny|Lopunny|Lopunnite\n|move|p2a: Lopunny|Triple Axel|p1a: Wagon\n|-supereffective|p1a: Wagon\n|-damage|p1a: Wagon|70\/100\n|-damage|p2a: Lopunny|88\/100|[from] ability: Rough Skin|[of] p1a: Wagon\n|-supereffective|p1a: Wagon\n|-damage|p1a: Wagon|12\/100\n|-damage|p2a: Lopunny|75\/100|[from] ability: Rough Skin|[of] p1a: Wagon\n|-enditem|p1a: Wagon|Sitrus Berry|[eat]\n|-heal|p1a: Wagon|37\/100|[from] item: Sitrus Berry\n|-supereffective|p1a: Wagon\n|-damage|p1a: Wagon|0 fnt\n|-damage|p2a: Lopunny|63\/100|[from] ability: Rough Skin|[of] p1a: Wagon\n|faint|p1a: Wagon\n|-hitcount|p1: Wagon|3\n|\n|upkeep\n|\n|t:|1699642637\n|switch|p1a: Noki|Rotom-Wash, shiny|80\/100\n|turn|13\n|\n|t:|1699642641\n|switch|p2a: Chansey|Chansey, F|83\/100\n|move|p1a: Noki|Volt Switch|p2a: Chansey\n|-damage|p2a: Chansey|78\/100\n|\n|t:|1699642645\n|switch|p1a: Kili|Tyranitar, F|100\/100|[from] Volt Switch\n|-weather|Sandstorm|[from] ability: Sand Stream|[of] p1a: Kili\n|\n|-weather|Sandstorm|[upkeep]\n|-damage|p2a: Chansey|72\/100|[from] Sandstorm\n|upkeep\n|turn|14\n|\n|t:|1699642649\n|switch|p2a: Slowbro|Slowbro, F|73\/100\n|move|p1a: Kili|Knock Off|p2a: Slowbro\n|-supereffective|p2a: Slowbro\n|-damage|p2a: Slowbro|0 fnt\n|-damage|p1a: Kili|84\/100|[from] item: Rocky Helmet|[of] p2a: Slowbro\n|-enditem|p2a: Slowbro|Rocky Helmet|[from] move: Knock Off|[of] p1a: Kili\n|faint|p2a: Slowbro\n|\n|-weather|Sandstorm|[upkeep]\n|upkeep\n|\n|t:|1699642656\n|switch|p2a: Tyrone|Togedemaru, L1, M|100\/100\n|turn|15\n|\n|t:|1699642662\n|switch|p1a: Noki|Rotom-Wash, shiny|80\/100\n|move|p2a: Tyrone|Fake Out|p1a: Noki\n|-damage|p1a: Noki|80\/100\n|\n|-weather|Sandstorm|[upkeep]\n|-damage|p1a: Noki|74\/100|[from] Sandstorm\n|-heal|p1a: Noki|80\/100|[from] item: Leftovers\n|upkeep\n|turn|16\n|\n|t:|1699642667\n|switch|p2a: Chansey|Chansey, F|72\/100\n|move|p1a: Noki|Will-O-Wisp|p2a: Chansey\n|-status|p2a: Chansey|brn\n|\n|-weather|Sandstorm|[upkeep]\n|-damage|p1a: Noki|74\/100|[from] Sandstorm\n|-damage|p2a: Chansey|66\/100 brn|[from] Sandstorm\n|-heal|p1a: Noki|80\/100|[from] item: Leftovers\n|-damage|p2a: Chansey|59\/100 brn|[from] brn\n|upkeep\n|turn|17\n|\n|t:|1699642675\n|move|p1a: Noki|Hydro Pump|p2a: Chansey\n|-damage|p2a: Chansey|50\/100 brn\n|move|p2a: Chansey|Soft-Boiled|p2a: Chansey\n|-heal|p2a: Chansey|99\/100 brn\n|\n|-weather|none\n|-heal|p1a: Noki|86\/100|[from] item: Leftovers\n|-damage|p2a: Chansey|94\/100 brn|[from] brn\n|upkeep\n|turn|18\n|\n|t:|1699642680\n|move|p1a: Noki|Volt Switch|p2a: Chansey\n|-damage|p2a: Chansey|88\/100 brn\n|\n|t:|1699642684\n|switch|p1a: Kyros|Volcarona, M|100\/100|[from] Volt Switch\n|move|p2a: Chansey|Teleport|p2a: Chansey\n|\n|t:|1699642693\n|-curestatus|p2a: Chansey|brn|[from] ability: Natural Cure\n|switch|p2a: Hippowdon|Hippowdon, M|100\/100|[from] Teleport\n|-weather|Sandstorm|[from] ability: Sand Stream|[of] p2a: Hippowdon\n|\n|-weather|Sandstorm|[upkeep]\n|-damage|p1a: Kyros|94\/100|[from] Sandstorm\n|upkeep\n|turn|19\n|\n|t:|1699642701\n|move|p1a: Kyros|Giga Drain|p2a: Hippowdon\n|-supereffective|p2a: Hippowdon\n|-damage|p2a: Hippowdon|55\/100\n|-heal|p1a: Kyros|100\/100|[from] drain|[of] p2a: Hippowdon\n|move|p2a: Hippowdon|Stealth Rock|p1a: Kyros\n|-sidestart|p1: Evan_007|move: Stealth Rock\n|\n|-weather|Sandstorm|[upkeep]\n|-damage|p1a: Kyros|94\/100|[from] Sandstorm\n|-heal|p2a: Hippowdon|61\/100|[from] item: Leftovers\n|upkeep\n|turn|20\n|\n|t:|1699642707\n|move|p1a: Kyros|Quiver Dance|p1a: Kyros\n|-boost|p1a: Kyros|spa|1\n|-boost|p1a: Kyros|spd|1\n|-boost|p1a: Kyros|spe|1\n|move|p2a: Hippowdon|Slack Off|p2a: Hippowdon\n|-heal|p2a: Hippowdon|100\/100\n|\n|-weather|Sandstorm|[upkeep]\n|-damage|p1a: Kyros|88\/100|[from] Sandstorm\n|upkeep\n|turn|21\n|\n|t:|1699642710\n|switch|p2a: Chansey|Chansey, F|88\/100\n|move|p1a: Kyros|Giga Drain|p2a: Chansey\n|-damage|p2a: Chansey|78\/100\n|-heal|p1a: Kyros|99\/100|[from] drain|[of] p2a: Chansey\n|\n|-weather|Sandstorm|[upkeep]\n|-damage|p1a: Kyros|94\/100|[from] Sandstorm\n|-damage|p2a: Chansey|71\/100|[from] Sandstorm\n|upkeep\n|turn|22\n|\n|t:|1699642720\n|move|p1a: Kyros|Fiery Dance|p2a: Chansey\n|-damage|p2a: Chansey|55\/100\n|move|p2a: Chansey|Teleport|p2a: Chansey\n|\n|t:|1699642724\n|switch|p2a: Tyrone|Togedemaru, L1, M|100\/100|[from] Teleport\n|\n|-weather|none\n|upkeep\n|turn|23\n|\n|t:|1699642732\n|switch|p1a: Noki|Rotom-Wash, shiny|86\/100\n|-damage|p1a: Noki|74\/100|[from] Stealth Rock\n|move|p2a: Tyrone|Endeavor|p1a: Noki\n|-damage|p1a: Noki|4\/100\n|\n|-heal|p1a: Noki|11\/100|[from] item: Leftovers\n|upkeep\n|turn|24\n|\n|t:|1699642738\n|switch|p2a: Chansey|Chansey, F|55\/100\n|move|p1a: Noki|Will-O-Wisp|p2a: Chansey\n|-status|p2a: Chansey|brn\n|\n|-heal|p1a: Noki|17\/100|[from] item: Leftovers\n|-damage|p2a: Chansey|49\/100 brn|[from] brn\n|upkeep\n|turn|25\n|\n|t:|1699642745\n|move|p1a: Noki|Pain Split|p2a: Chansey\n|-sethp|p2a: Chansey|28\/100 brn|[from] move: Pain Split|[silent]\n|-sethp|p1a: Noki|65\/100|[from] move: Pain Split\n|move|p2a: Chansey|Soft-Boiled|p2a: Chansey\n|-heal|p2a: Chansey|78\/100 brn\n|\n|-heal|p1a: Noki|71\/100|[from] item: Leftovers\n|-damage|p2a: Chansey|72\/100 brn|[from] brn\n|upkeep\n|turn|26\n|\n|t:|1699642750\n|move|p1a: Noki|Pain Split|p2a: Chansey\n|-sethp|p2a: Chansey|51\/100 brn|[from] move: Pain Split|[silent]\n|-sethp|p1a: Noki|100\/100|[from] move: Pain Split\n|move|p2a: Chansey|Teleport|p2a: Chansey\n|\n|t:|1699642765\n|-curestatus|p2a: Chansey|brn|[from] ability: Natural Cure\n|switch|p2a: Hippowdon|Hippowdon, M|100\/100|[from] Teleport\n|-weather|Sandstorm|[from] ability: Sand Stream|[of] p2a: Hippowdon\n|\n|-weather|Sandstorm|[upkeep]\n|-damage|p1a: Noki|94\/100|[from] Sandstorm\n|-heal|p1a: Noki|100\/100|[from] item: Leftovers\n|upkeep\n|turn|27\n|\n|t:|1699642772\n|move|p1a: Noki|Hydro Pump|p2a: Hippowdon\n|-supereffective|p2a: Hippowdon\n|-damage|p2a: Hippowdon|39\/100\n|move|p2a: Hippowdon|Toxic|p1a: Noki\n|-status|p1a: Noki|tox\n|\n|-weather|Sandstorm|[upkeep]\n|-damage|p1a: Noki|94\/100 tox|[from] Sandstorm\n|-heal|p1a: Noki|100\/100 tox|[from] item: Leftovers\n|-heal|p2a: Hippowdon|45\/100|[from] item: Leftovers\n|-damage|p1a: Noki|94\/100 tox|[from] psn\n|upkeep\n|turn|28\n|\n|t:|1699642778\n|switch|p2a: Chansey|Chansey, F|51\/100\n|move|p1a: Noki|Volt Switch|p2a: Chansey\n|-damage|p2a: Chansey|46\/100\n|\n|t:|1699642781\n|switch|p1a: Kili|Tyranitar, F|84\/100|[from] Volt Switch\n|-damage|p1a: Kili|72\/100|[from] Stealth Rock\n|\n|-weather|Sandstorm|[upkeep]\n|-damage|p2a: Chansey|39\/100|[from] Sandstorm\n|upkeep\n|turn|29\n|\n|t:|1699642785\n|switch|p2a: Gliscor|Gliscor, F|100\/100\n|move|p1a: Kili|Knock Off|p2a: Gliscor\n|-damage|p2a: Gliscor|34\/100\n|-enditem|p2a: Gliscor|Toxic Orb|[from] move: Knock Off|[of] p1a: Kili\n|\n|-weather|Sandstorm|[upkeep]\n|upkeep\n|turn|30\n|\n|t:|1699642794\n|switch|p1a: Noki|Rotom-Wash, shiny|94\/100 tox\n|-damage|p1a: Noki|82\/100 tox|[from] Stealth Rock\n|move|p2a: Gliscor|Toxic Spikes|p1a: Noki\n|-sidestart|p1: Evan_007|move: Toxic Spikes\n|\n|-weather|none\n|-heal|p1a: Noki|88\/100 tox|[from] item: Leftovers\n|-damage|p1a: Noki|82\/100 tox|[from] psn\n|upkeep\n|turn|31\n|\n|t:|1699642800\n|move|p2a: Gliscor|Toxic Spikes|p1a: Noki\n|-sidestart|p1: Evan_007|move: Toxic Spikes\n|move|p1a: Noki|Hydro Pump|p2a: Gliscor|[miss]\n|-miss|p1a: Noki|p2a: Gliscor\n|\n|-heal|p1a: Noki|88\/100 tox|[from] item: Leftovers\n|-damage|p1a: Noki|75\/100 tox|[from] psn\n|upkeep\n|turn|32\n|\n|t:|1699642805\n|switch|p2a: Chansey|Chansey, F|39\/100\n|move|p1a: Noki|Hydro Pump|p2a: Chansey\n|-damage|p2a: Chansey|31\/100\n|\n|-heal|p1a: Noki|82\/100 tox|[from] item: Leftovers\n|-damage|p1a: Noki|63\/100 tox|[from] psn\n|upkeep\n|turn|33\n|\n|t:|1699642812\n|move|p1a: Noki|Volt Switch|p2a: Chansey\n|-damage|p2a: Chansey|25\/100\n|\n|t:|1699642815\n|switch|p1a: Kili|Tyranitar, F|72\/100|[from] Volt Switch\n|-damage|p1a: Kili|59\/100|[from] Stealth Rock\n|-status|p1a: Kili|tox\n|-weather|Sandstorm|[from] ability: Sand Stream|[of] p1a: Kili\n|move|p2a: Chansey|Soft-Boiled|p2a: Chansey\n|-heal|p2a: Chansey|75\/100\n|\n|-weather|Sandstorm|[upkeep]\n|-damage|p2a: Chansey|69\/100|[from] Sandstorm\n|-damage|p1a: Kili|53\/100 tox|[from] psn\n|upkeep\n|turn|34\n|\n|t:|1699642819\n|switch|p2a: Gliscor|Gliscor, F|34\/100\n|move|p1a: Kili|Knock Off|p2a: Gliscor\n|-damage|p2a: Gliscor|0 fnt\n|faint|p2a: Gliscor\n|\n|-weather|Sandstorm|[upkeep]\n|-damage|p1a: Kili|41\/100 tox|[from] psn\n|upkeep\n|\n|t:|1699642826\n|switch|p2a: Tyrone|Togedemaru, L1, M|100\/100\n|turn|35\n|\n|t:|1699642833\n|move|p2a: Tyrone|Fake Out|p1a: Kili\n|-resisted|p1a: Kili\n|-damage|p1a: Kili|41\/100 tox\n|cant|p1a: Kili|flinch\n|\n|-weather|Sandstorm|[upkeep]\n|-damage|p1a: Kili|22\/100 tox|[from] psn\n|upkeep\n|turn|36\n|\n|t:|1699642837\n|move|p2a: Tyrone|Spiky Shield|p2a: Tyrone\n|-singleturn|p2a: Tyrone|move: Protect\n|move|p1a: Kili|Knock Off|p2a: Tyrone\n|-activate|p2a: Tyrone|move: Protect\n|-damage|p1a: Kili|10\/100 tox|[from] Spiky Shield|[of] p2a: Tyrone\n|\n|-weather|Sandstorm|[upkeep]\n|-damage|p1a: Kili|0 fnt|[from] psn\n|faint|p1a: Kili\n|upkeep\n|\n|t:|1699642843\n|switch|p1a: Noki|Rotom-Wash, shiny|63\/100 tox\n|-damage|p1a: Noki|50\/100 tox|[from] Stealth Rock\n|turn|37\n|\n|t:|1699642847\n|switch|p2a: Chansey|Chansey, F|69\/100\n|move|p1a: Noki|Pain Split|p2a: Chansey\n|-sethp|p2a: Chansey|45\/100|[from] move: Pain Split|[silent]\n|-sethp|p1a: Noki|100\/100 tox|[from] move: Pain Split\n|\n|-weather|none\n|-damage|p1a: Noki|94\/100 tox|[from] psn\n|upkeep\n|turn|38\n|\n|t:|1699642866\n|move|p1a: Noki|Volt Switch|p2a: Chansey\n|-damage|p2a: Chansey|40\/100\n|\n|t:|1699642871\n|switch|p1a: Chief|Empoleon, F|84\/100|[from] Volt Switch\n|-damage|p1a: Chief|77\/100|[from] Stealth Rock\n|move|p2a: Chansey|Soft-Boiled|p2a: Chansey\n|-heal|p2a: Chansey|90\/100\n|\n|upkeep\n|turn|39\n|\n|t:|1699642876\n|move|p1a: Chief|Roar|p2a: Chansey\n|drag|p2a: Lopunny|Lopunny-Mega, F|63\/100\n|\n|upkeep\n|turn|40\n|\n|t:|1699642902\n|move|p2a: Lopunny|Fake Out|p1a: Chief\n|-resisted|p1a: Chief\n|-damage|p1a: Chief|67\/100\n|cant|p1a: Chief|flinch\n|\n|upkeep\n|turn|41\n|\n|t:|1699642905\n|move|p2a: Lopunny|Close Combat|p1a: Chief\n|-supereffective|p1a: Chief\n|-crit|p1a: Chief\n|-damage|p1a: Chief|0 fnt\n|-unboost|p2a: Lopunny|def|1\n|-unboost|p2a: Lopunny|spd|1\n|faint|p1a: Chief\n|\n|upkeep\n|\n|t:|1699642908\n|switch|p1a: Kyros|Volcarona, M|94\/100\n|turn|42\n|\n|t:|1699642931\n|switch|p2a: Chansey|Chansey, F|90\/100\n|move|p1a: Kyros|Quiver Dance|p1a: Kyros\n|-boost|p1a: Kyros|spa|1\n|-boost|p1a: Kyros|spd|1\n|-boost|p1a: Kyros|spe|1\n|\n|upkeep\n|turn|43\n|\n|t:|1699642939\n|move|p1a: Kyros|Quiver Dance|p1a: Kyros\n|-boost|p1a: Kyros|spa|1\n|-boost|p1a: Kyros|spd|1\n|-boost|p1a: Kyros|spe|1\n|move|p2a: Chansey|Teleport|p2a: Chansey\n|\n|t:|1699642945\n|switch|p2a: Tyrone|Togedemaru, L1, M|100\/100|[from] Teleport\n|\n|upkeep\n|turn|44\n|\n|t:|1699642961\n|switch|p1a: Noki|Rotom-Wash, shiny|94\/100 tox\n|-damage|p1a: Noki|82\/100 tox|[from] Stealth Rock\n|move|p2a: Tyrone|Endeavor|p1a: Noki\n|-damage|p1a: Noki|4\/100 tox\n|\n|-heal|p1a: Noki|11\/100 tox|[from] item: Leftovers\n|-damage|p1a: Noki|4\/100 tox|[from] psn\n|upkeep\n|turn|45\n|\n|t:|1699642970\n|move|p2a: Tyrone|Spiky Shield|p2a: Tyrone\n|-singleturn|p2a: Tyrone|move: Protect\n|move|p1a: Noki|Will-O-Wisp|p2a: Tyrone\n|-activate|p2a: Tyrone|move: Protect\n|\n|-heal|p1a: Noki|11\/100 tox|[from] item: Leftovers\n|-damage|p1a: Noki|0 fnt|[from] psn\n|faint|p1a: Noki\n|upkeep\n|-message|Evan_007 forfeited.\n|\n|win|0xyt0c1njunk1e\n|raw|Evan_007's rating: 1378 &rarr; <strong>1358<\/strong><br \/>(-20 for losing)\n|raw|0xyt0c1njunk1e's rating: 1370 &rarr; <strong>1390<\/strong><br \/>(+20 for winning)\n|l|\u2606Evan_007\n","uploadtime":1699642996,"views":7,"p1id":"evan007","p2id":"0xyt0c1njunk1e","formatid":"gen9nationaldex","rating":1358,"private":0,"password":""}