{"id":"gen9nationaldex-1989874026","p1":"Aragmar","p2":"STK OTG","format":"[Gen 9] National Dex","log":"|j|\u2606Aragmar\n|j|\u2606STK OTG\n|t:|1699902911\n|gametype|singles\n|player|p1|Aragmar|red|1263\n|player|p2|STK OTG|sabi|1323\n|teamsize|p1|6\n|teamsize|p2|6\n|gen|9\n|tier|[Gen 9] National Dex\n|rated|\n|rule|HP Percentage Mod: HP is shown in percentages\n|rule|Endless Battle Clause: Forcing endless battles is banned\n|rule|OHKO Clause: OHKO moves are banned\n|rule|Evasion Clause: Evasion abilities, items, and moves are banned\n|rule|Evasion Abilities Clause: Evasion abilities are banned\n|rule|Evasion Items Clause: Evasion items are banned\n|rule|Evasion Moves Clause: Evasion moves are banned\n|rule|Species Clause: Limit one of each Pok\u00e9mon\n|rule|Sleep Clause Mod: Limit one foe put to sleep\n|clearpoke\n|poke|p1|Iron Valiant|\n|poke|p1|Golem-Alola, F|\n|poke|p1|Diancie|\n|poke|p1|Landorus-Therian, M|\n|poke|p1|Silvally-*|\n|poke|p1|Ninjask, M|\n|poke|p2|Lopunny, F|\n|poke|p2|Tapu Koko|\n|poke|p2|Iron Leaves|\n|poke|p2|Iron Valiant|\n|poke|p2|Samurott-Hisui, M|\n|poke|p2|Garchomp, F|\n|teampreview\n|\n|t:|1699902920\n|start\n|switch|p1a: Diancie|Diancie|100\/100\n|switch|p2a: Tapola Kokic|Tapu Koko, shiny|100\/100\n|-fieldstart|move: Electric Terrain|[from] ability: Electric Surge|[of] p2a: Tapola Kokic\n|turn|1\n|\n|t:|1699902937\n|detailschange|p1a: Diancie|Diancie-Mega\n|-mega|p1a: Diancie|Diancie|Diancite\n|move|p2a: Tapola Kokic|Light Screen|p2a: Tapola Kokic\n|-sidestart|p2: STK OTG|move: Light Screen\n|move|p1a: Diancie|Stealth Rock|p2a: Tapola Kokic\n|-sidestart|p2: STK OTG|move: Stealth Rock\n|\n|upkeep\n|turn|2\n|\n|t:|1699902944\n|move|p2a: Tapola Kokic|Reflect|p2a: Tapola Kokic\n|-sidestart|p2: STK OTG|Reflect\n|move|p1a: Diancie|Spikes|p2a: Tapola Kokic\n|-sidestart|p2: STK OTG|Spikes\n|\n|upkeep\n|turn|3\n|\n|t:|1699902949\n|move|p2a: Tapola Kokic|Thunderbolt|p1a: Diancie\n|-damage|p1a: Diancie|62\/100\n|move|p1a: Diancie|Spikes|p2a: Tapola Kokic\n|-sidestart|p2: STK OTG|Spikes\n|\n|upkeep\n|turn|4\n|\n|t:|1699902955\n|move|p2a: Tapola Kokic|U-turn|p1a: Diancie\n|-resisted|p1a: Diancie\n|-damage|p1a: Diancie|53\/100\n|\n|t:|1699902961\n|switch|p2a: Spikes curry|Samurott-Hisui, M, shiny|100\/100|[from] U-turn\n|-damage|p2a: Spikes curry|88\/100|[from] Stealth Rock\n|-damage|p2a: Spikes curry|72\/100|[from] Spikes\n|move|p1a: Diancie|Endeavor|p2a: Spikes curry\n|-damage|p2a: Spikes curry|50\/100\n|\n|upkeep\n|turn|5\n|\n|t:|1699902973\n|move|p1a: Diancie|Spikes|p2a: Spikes curry\n|-sidestart|p2: STK OTG|Spikes\n|move|p2a: Spikes curry|Razor Shell|p1a: Diancie\n|-supereffective|p1a: Diancie\n|-damage|p1a: Diancie|0 fnt\n|faint|p1a: Diancie\n|\n|-sideend|p2: STK OTG|move: Light Screen\n|-fieldend|move: Electric Terrain\n|upkeep\n|\n|t:|1699902986\n|switch|p1a: Ninjask|Ninjask, M, shiny|100\/100\n|turn|6\n|\n|t:|1699902991\n|move|p1a: Ninjask|Substitute|p1a: Ninjask\n|-start|p1a: Ninjask|Substitute\n|-damage|p1a: Ninjask|75\/100\n|move|p2a: Spikes curry|Ceaseless Edge|p1a: Ninjask\n|-end|p1a: Ninjask|Substitute\n|-sidestart|p1: Aragmar|Spikes\n|\n|-sideend|p2: STK OTG|Reflect\n|-ability|p1a: Ninjask|Speed Boost|boost\n|-boost|p1a: Ninjask|spe|1\n|upkeep\n|turn|7\n|\n|t:|1699903002\n|move|p1a: Ninjask|Substitute|p1a: Ninjask\n|-start|p1a: Ninjask|Substitute\n|-damage|p1a: Ninjask|50\/100\n|move|p2a: Spikes curry|Razor Shell|p1a: Ninjask\n|-end|p1a: Ninjask|Substitute\n|\n|-ability|p1a: Ninjask|Speed Boost|boost\n|-boost|p1a: Ninjask|spe|1\n|upkeep\n|turn|8\n|\n|t:|1699903011\n|move|p1a: Ninjask|Substitute|p1a: Ninjask\n|-start|p1a: Ninjask|Substitute\n|-damage|p1a: Ninjask|25\/100\n|-enditem|p1a: Ninjask|Liechi Berry|[eat]\n|-boost|p1a: Ninjask|atk|1|[from] item: Liechi Berry\n|move|p2a: Spikes curry|Ceaseless Edge|p1a: Ninjask\n|-end|p1a: Ninjask|Substitute\n|-sidestart|p1: Aragmar|Spikes\n|\n|-ability|p1a: Ninjask|Speed Boost|boost\n|-boost|p1a: Ninjask|spe|1\n|upkeep\n|turn|9\n|\n|t:|1699903022\n|move|p2a: Spikes curry|Sucker Punch|p1a: Ninjask\n|-damage|p1a: Ninjask|0 fnt\n|faint|p1a: Ninjask\n|\n|upkeep\n|\n|t:|1699903029\n|switch|p1a: Iron Valiant|Iron Valiant|100\/100\n|-damage|p1a: Iron Valiant|84\/100|[from] Spikes\n|turn|10\n|\n|t:|1699903035\n|move|p1a: Iron Valiant|Trick|p2a: Spikes curry\n|-activate|p1a: Iron Valiant|move: Trick|[of] p2a: Spikes curry\n|-item|p2a: Spikes curry|Sticky Barb|[from] move: Trick\n|-item|p1a: Iron Valiant|Focus Sash|[from] move: Trick\n|move|p2a: Spikes curry|Razor Shell|p1a: Iron Valiant\n|-damage|p1a: Iron Valiant|4\/100\n|\n|-damage|p2a: Spikes curry|37\/100|[from] item: Sticky Barb\n|upkeep\n|turn|11\n|\n|t:|1699903044\n|move|p2a: Spikes curry|Sucker Punch||[still]\n|-fail|p2a: Spikes curry\n|move|p1a: Iron Valiant|Destiny Bond|p1a: Iron Valiant\n|-singlemove|p1a: Iron Valiant|Destiny Bond\n|\n|-damage|p2a: Spikes curry|25\/100|[from] item: Sticky Barb\n|upkeep\n|turn|12\n|\n|t:|1699903054\n|move|p1a: Iron Valiant|Aura Sphere|p2a: Spikes curry\n|-supereffective|p2a: Spikes curry\n|-damage|p2a: Spikes curry|0 fnt\n|faint|p2a: Spikes curry\n|\n|upkeep\n|\n|t:|1699903064\n|switch|p2a: Kyrie Ervaliant|Iron Valiant, shiny|100\/100\n|-damage|p2a: Kyrie Ervaliant|94\/100|[from] Stealth Rock\n|-damage|p2a: Kyrie Ervaliant|69\/100|[from] Spikes\n|-enditem|p2a: Kyrie Ervaliant|Booster Energy\n|-activate|p2a: Kyrie Ervaliant|ability: Quark Drive|[fromitem]\n|-start|p2a: Kyrie Ervaliant|quarkdrivespe\n|turn|13\n|\n|t:|1699903073\n|move|p2a: Kyrie Ervaliant|Encore|p1a: Iron Valiant\n|-start|p1a: Iron Valiant|Encore\n|move|p1a: Iron Valiant|Aura Sphere|p2a: Kyrie Ervaliant\n|-resisted|p2a: Kyrie Ervaliant\n|-damage|p2a: Kyrie Ervaliant|34\/100\n|\n|upkeep\n|turn|14\n|\n|t:|1699903081\n|-end|p1a: Iron Valiant|Quark Drive|[silent]\n|switch|p1a: Landorus|Landorus-Therian, M|100\/100\n|-ability|p1a: Landorus|Intimidate|boost\n|-unboost|p2a: Kyrie Ervaliant|atk|1\n|-terastallize|p2a: Kyrie Ervaliant|Ghost\n|move|p2a: Kyrie Ervaliant|Calm Mind|p2a: Kyrie Ervaliant\n|-boost|p2a: Kyrie Ervaliant|spa|1\n|-boost|p2a: Kyrie Ervaliant|spd|1\n|\n|upkeep\n|turn|15\n|\n|t:|1699903092\n|move|p2a: Kyrie Ervaliant|Shadow Ball|p1a: Landorus\n|-damage|p1a: Landorus|28\/100\n|move|p1a: Landorus|Knock Off|p2a: Kyrie Ervaliant\n|-supereffective|p2a: Kyrie Ervaliant\n|-damage|p2a: Kyrie Ervaliant|0 fnt\n|faint|p2a: Kyrie Ervaliant\n|-end|p2a: Kyrie Ervaliant|Quark Drive|[silent]\n|\n|upkeep\n|\n|t:|1699903099\n|switch|p2a: Tapola Kokic|Tapu Koko, shiny|100\/100\n|-fieldstart|move: Electric Terrain|[from] ability: Electric Surge|[of] p2a: Tapola Kokic\n|turn|16\n|\n|t:|1699903105\n|switch|p1a: Iron Valiant|Iron Valiant|4\/100\n|-damage|p1a: Iron Valiant|0 fnt|[from] Spikes\n|faint|p1a: Iron Valiant\n|-end|p1a: Iron Valiant|Quark Drive|[silent]\n|move|p2a: Tapola Kokic|Reflect|p2a: Tapola Kokic\n|-sidestart|p2: STK OTG|Reflect\n|\n|upkeep\n|\n|t:|1699903112\n|switch|p1a: Landorus|Landorus-Therian, M|28\/100\n|-ability|p1a: Landorus|Intimidate|boost\n|-unboost|p2a: Tapola Kokic|atk|1\n|turn|17\n|\n|t:|1699903119\n|-terastallize|p1a: Landorus|Normal\n|move|p2a: Tapola Kokic|Light Screen|p2a: Tapola Kokic\n|-sidestart|p2: STK OTG|move: Light Screen\n|move|p1a: Landorus|Explosion|p2a: Tapola Kokic\n|-damage|p2a: Tapola Kokic|0 fnt\n|faint|p1a: Landorus\n|faint|p2a: Tapola Kokic\n|\n|upkeep\n|\n|t:|1699903128\n|switch|p2a: OG L0|Lopunny, F, shiny|100\/100\n|switch|p1a: Silvally|Silvally|100\/100\n|-damage|p2a: OG L0|88\/100|[from] Stealth Rock\n|-damage|p2a: OG L0|64\/100|[from] Spikes\n|-damage|p1a: Silvally|84\/100|[from] Spikes\n|turn|18\n|\n|t:|1699903137\n|detailschange|p2a: OG L0|Lopunny-Mega, F, shiny\n|-mega|p2a: OG L0|Lopunny|Lopunnite\n|move|p2a: OG L0|Fake Out|p1a: Silvally\n|-damage|p1a: Silvally|60\/100\n|cant|p1a: Silvally|flinch\n|\n|upkeep\n|turn|19\n|\n|t:|1699903144\n|move|p2a: OG L0|Close Combat|p1a: Silvally\n|-supereffective|p1a: Silvally\n|-damage|p1a: Silvally|0 fnt\n|-unboost|p2a: OG L0|def|1\n|-unboost|p2a: OG L0|spd|1\n|faint|p1a: Silvally\n|\n|upkeep\n|\n|t:|1699903151\n|switch|p1a: Golem|Golem-Alola, F|100\/100\n|-damage|p1a: Golem|84\/100|[from] Spikes\n|turn|20\n|\n|t:|1699903155\n|move|p2a: OG L0|Close Combat|p1a: Golem\n|-supereffective|p1a: Golem\n|-damage|p1a: Golem|0 fnt\n|-unboost|p2a: OG L0|def|1\n|-unboost|p2a: OG L0|spd|1\n|faint|p1a: Golem\n|\n|win|STK OTG\n|raw|Aragmar's rating: 1263 &rarr; <strong>1242<\/strong><br \/>(-21 for losing)\n|raw|STK OTG's rating: 1323 &rarr; <strong>1340<\/strong><br \/>(+17 for winning)\n|c|\u2606STK OTG|gg\n|l|\u2606Aragmar\n","uploadtime":1699903172,"views":4,"p1id":"aragmar","p2id":"stkotg","formatid":"gen9nationaldex","rating":1242,"private":0,"password":""}