{"id":"gen9nationaldex-1992887841","p1":"dripi","p2":"mengmengc","format":"[Gen 9] National Dex","log":"|j|\u2606dripi\n|j|\u2606mengmengc\n|t:|1700244075\n|gametype|singles\n|player|p1|dripi|sada-ai|1135\n|player|p2|mengmengc|hilda|1204\n|teamsize|p1|6\n|teamsize|p2|6\n|gen|9\n|tier|[Gen 9] National Dex\n|rated|\n|rule|HP Percentage Mod: HP is shown in percentages\n|rule|Endless Battle Clause: Forcing endless battles is banned\n|rule|OHKO Clause: OHKO moves are banned\n|rule|Evasion Clause: Evasion abilities, items, and moves are banned\n|rule|Evasion Abilities Clause: Evasion abilities are banned\n|rule|Evasion Items Clause: Evasion items are banned\n|rule|Evasion Moves Clause: Evasion moves are banned\n|rule|Species Clause: Limit one of each Pok\u00e9mon\n|rule|Sleep Clause Mod: Limit one foe put to sleep\n|clearpoke\n|poke|p1|Brute Bonnet|\n|poke|p1|Lilligant-Hisui, F|\n|poke|p1|Tangrowth, F|\n|poke|p1|Whimsicott, M|\n|poke|p1|Dipplin, F|\n|poke|p1|Arboliva, F|\n|poke|p2|Heatran, F|\n|poke|p2|Cresselia, F|\n|poke|p2|Crawdaunt, F|\n|poke|p2|Beedrill, F|\n|poke|p2|Ursaluna, F|\n|poke|p2|Hatterene, F|\n|teampreview\n|inactive|Battle timer is ON: inactive players will automatically lose when time's up. (requested by dripi)\n|inactive|mengmengc also wants the timer to be on.\n|\n|t:|1700244091\n|start\n|switch|p1a: Arboliva|Arboliva, F|100\/100\n|switch|p2a: Cresselia|Cresselia, F|100\/100\n|turn|1\n|inactive|mengmengc has 120 seconds left.\n|\n|t:|1700244126\n|switch|p2a: Beedrill|Beedrill, F|100\/100\n|move|p1a: Arboliva|Leech Seed|p2a: Beedrill\n|-start|p2a: Beedrill|move: Leech Seed\n|\n|-damage|p2a: Beedrill|88\/100|[from] Leech Seed|[of] p1a: Arboliva\n|upkeep\n|turn|2\n|inactive|mengmengc has 120 seconds left.\n|\n|t:|1700244138\n|detailschange|p2a: Beedrill|Beedrill-Mega, F\n|-mega|p2a: Beedrill|Beedrill|Beedrillite\n|move|p2a: Beedrill|Poison Jab|p1a: Arboliva\n|-supereffective|p1a: Arboliva\n|-damage|p1a: Arboliva|0 fnt\n|-fieldstart|move: Grassy Terrain|[from] ability: Seed Sower|[of] p1a: Arboliva\n|faint|p1a: Arboliva\n|\n|-heal|p2a: Beedrill|94\/100|[from] Grassy Terrain\n|upkeep\n|inactive|dripi has 120 seconds left.\n|\n|t:|1700244164\n|switch|p1a: Lilligant|Lilligant-Hisui, F|100\/100\n|turn|3\n|inactive|mengmengc has 120 seconds left.\n|\n|t:|1700244188\n|move|p2a: Beedrill|Poison Jab|p1a: Lilligant\n|-supereffective|p1a: Lilligant\n|-enditem|p1a: Lilligant|Focus Sash\n|-damage|p1a: Lilligant|1\/100\n|move|p1a: Lilligant|Victory Dance|p1a: Lilligant\n|-boost|p1a: Lilligant|atk|1\n|-boost|p1a: Lilligant|def|1\n|-boost|p1a: Lilligant|spe|1\n|\n|-heal|p1a: Lilligant|7\/100|[from] Grassy Terrain\n|-heal|p2a: Beedrill|99\/100|[from] Grassy Terrain\n|-damage|p2a: Beedrill|88\/100|[from] Leech Seed|[of] p1a: Lilligant\n|-heal|p1a: Lilligant|19\/100|[silent]\n|upkeep\n|turn|4\n|inactive|dripi has 120 seconds left.\n|inactive|mengmengc has 90 seconds left.\n|\n|t:|1700244225\n|switch|p2a: Cresselia|Cresselia, F|100\/100\n|move|p1a: Lilligant|Leaf Blade|p2a: Cresselia\n|-crit|p2a: Cresselia\n|-damage|p2a: Cresselia|29\/100\n|\n|-heal|p1a: Lilligant|25\/100|[from] Grassy Terrain\n|upkeep\n|turn|5\n|inactive|mengmengc has 90 seconds left.\n|\n|t:|1700244235\n|move|p1a: Lilligant|Leaf Blade|p2a: Cresselia\n|-damage|p2a: Cresselia|0 fnt\n|faint|p2a: Cresselia\n|\n|-heal|p1a: Lilligant|31\/100|[from] Grassy Terrain\n|upkeep\n|inactive|mengmengc has 90 seconds left.\n|\n|t:|1700244257\n|switch|p2a: Heatran|Heatran, F|100\/100\n|turn|6\n|\n|t:|1700244262\n|-terastallize|p2a: Heatran|Grass\n|move|p1a: Lilligant|Close Combat|p2a: Heatran\n|-damage|p2a: Heatran|23\/100\n|-unboost|p1a: Lilligant|def|1\n|-unboost|p1a: Lilligant|spd|1\n|move|p2a: Heatran|Heat Wave|p1a: Lilligant\n|-supereffective|p1a: Lilligant\n|-damage|p1a: Lilligant|0 fnt\n|faint|p1a: Lilligant\n|\n|-heal|p2a: Heatran|29\/100|[from] Grassy Terrain\n|-fieldend|move: Grassy Terrain\n|upkeep\n|inactive|dripi has 120 seconds left.\n|\n|t:|1700244278\n|switch|p1a: Whimsicott|Whimsicott, M|100\/100\n|turn|7\n|inactive|dripi has 120 seconds left.\n|inactive|mengmengc has 90 seconds left.\n|\n|t:|1700244299\n|switch|p2a: Hatterene|Hatterene, F|100\/100\n|move|p1a: Whimsicott|Light Screen|p1a: Whimsicott\n|-sidestart|p1: dripi|move: Light Screen\n|\n|upkeep\n|turn|8\n|\n|t:|1700244309\n|switch|p1a: Tangrowth|Tangrowth, F|100\/100\n|move|p2a: Hatterene|Trick Room|p2a: Hatterene\n|-fieldstart|move: Trick Room|[of] p2a: Hatterene\n|\n|upkeep\n|turn|9\n|inactive|mengmengc has 90 seconds left.\n|\n|t:|1700244343\n|move|p2a: Hatterene|Healing Wish|p2a: Hatterene\n|faint|p2a: Hatterene\n|move|p1a: Tangrowth|Ingrain|p1a: Tangrowth\n|-start|p1a: Tangrowth|move: Ingrain\n|\n|upkeep\n|\n|t:|1700244349\n|switch|p2a: Heatran|Heatran, F, tera:Grass|29\/100\n|-heal|p2a: Heatran|100\/100|[from] move: Healing Wish\n|turn|10\n|\n|t:|1700244357\n|move|p1a: Tangrowth|Leech Seed|p2a: Heatran\n|-immune|p2a: Heatran\n|move|p2a: Heatran|Heat Wave|p1a: Tangrowth\n|-supereffective|p1a: Tangrowth\n|-damage|p1a: Tangrowth|28\/100\n|\n|-heal|p1a: Tangrowth|34\/100|[from] item: Leftovers\n|-heal|p1a: Tangrowth|40\/100|[from] Ingrain\n|upkeep\n|turn|11\n|\n|t:|1700244373\n|move|p1a: Tangrowth|Toxic|p2a: Heatran\n|-status|p2a: Heatran|tox\n|move|p2a: Heatran|Heat Wave|p1a: Tangrowth\n|-supereffective|p1a: Tangrowth\n|-damage|p1a: Tangrowth|0 fnt\n|faint|p1a: Tangrowth\n|\n|-damage|p2a: Heatran|94\/100 tox|[from] psn\n|upkeep\n|inactive|dripi has 120 seconds left.\n|\n|t:|1700244393\n|switch|p1a: Whimsicott|Whimsicott, M|100\/100\n|turn|12\n|inactive|mengmengc has 90 seconds left.\n|\n|t:|1700244402\n|move|p2a: Heatran|Heat Wave|p1a: Whimsicott\n|-supereffective|p1a: Whimsicott\n|-damage|p1a: Whimsicott|10\/100\n|move|p1a: Whimsicott|Moonblast|p2a: Heatran\n|-damage|p2a: Heatran|74\/100 tox\n|-unboost|p2a: Heatran|spa|1\n|\n|-damage|p2a: Heatran|62\/100 tox|[from] psn\n|-fieldend|move: Trick Room\n|upkeep\n|turn|13\n|inactive|mengmengc has 90 seconds left.\n|inactive|dripi has 120 seconds left.\n|\n|t:|1700244424\n|move|p1a: Whimsicott|Moonblast|p2a: Heatran\n|-damage|p2a: Heatran|41\/100 tox\n|move|p2a: Heatran|Heat Wave|p1a: Whimsicott\n|-supereffective|p1a: Whimsicott\n|-damage|p1a: Whimsicott|0 fnt\n|faint|p1a: Whimsicott\n|\n|-damage|p2a: Heatran|22\/100 tox|[from] psn\n|upkeep\n|\n|t:|1700244435\n|switch|p1a: Dipplin|Dipplin, F|100\/100\n|-ability|p1a: Dipplin|Supersweet Syrup\n|-ability|p1a: Dipplin|Supersweet Syrup|boost\n|-unboost|p2a: Heatran|evasion|1\n|turn|14\n|inactive|mengmengc has 90 seconds left.\n|inactive|mengmengc has 60 seconds left.\n|\n|t:|1700244485\n|move|p2a: Heatran|Heat Wave|p1a: Dipplin\n|-damage|p1a: Dipplin|87\/100\n|move|p1a: Dipplin|Dragon Pulse|p2a: Heatran\n|-damage|p2a: Heatran|0 fnt\n|faint|p2a: Heatran\n|\n|-sideend|p1: dripi|move: Light Screen\n|upkeep\n|\n|t:|1700244494\n|switch|p2a: Beedrill|Beedrill-Mega, F|88\/100\n|turn|15\n|inactive|dripi has 120 seconds left.\n|\n|t:|1700244503\n|move|p2a: Beedrill|Poison Jab|p1a: Dipplin\n|-supereffective|p1a: Dipplin\n|-damage|p1a: Dipplin|13\/100\n|move|p1a: Dipplin|Dragon Pulse|p2a: Beedrill\n|-damage|p2a: Beedrill|26\/100\n|\n|upkeep\n|turn|16\n|\n|t:|1700244510\n|move|p2a: Beedrill|Poison Jab|p1a: Dipplin\n|-supereffective|p1a: Dipplin\n|-damage|p1a: Dipplin|0 fnt\n|faint|p1a: Dipplin\n|\n|upkeep\n|\n|t:|1700244515\n|switch|p1a: Brute Bonnet|Brute Bonnet|100\/100\n|turn|17\n|\n|t:|1700244539\n|-terastallize|p1a: Brute Bonnet|Grass\n|move|p2a: Beedrill|U-turn|p1a: Brute Bonnet\n|-supereffective|p1a: Brute Bonnet\n|-damage|p1a: Brute Bonnet|7\/100\n|\n|t:|1700244545\n|switch|p2a: Ursaluna|Ursaluna, F|100\/100|[from] U-turn\n|move|p1a: Brute Bonnet|Spore|p2a: Ursaluna\n|-status|p2a: Ursaluna|slp|[from] move: Spore\n|\n|-heal|p1a: Brute Bonnet|13\/100|[from] item: Leftovers\n|upkeep\n|turn|18\n|\n|t:|1700244556\n|cant|p2a: Ursaluna|slp\n|move|p1a: Brute Bonnet|Giga Drain|p2a: Ursaluna\n|-supereffective|p2a: Ursaluna\n|-damage|p2a: Ursaluna|33\/100 slp\n|-heal|p1a: Brute Bonnet|49\/100|[from] drain|[of] p2a: Ursaluna\n|\n|-heal|p1a: Brute Bonnet|55\/100|[from] item: Leftovers\n|upkeep\n|turn|19\n|\n|t:|1700244565\n|cant|p2a: Ursaluna|slp\n|move|p1a: Brute Bonnet|Trailblaze|p2a: Ursaluna\n|-supereffective|p2a: Ursaluna\n|-damage|p2a: Ursaluna|0 fnt\n|-boost|p1a: Brute Bonnet|spe|1\n|faint|p2a: Ursaluna\n|\n|-heal|p1a: Brute Bonnet|62\/100|[from] item: Leftovers\n|upkeep\n|\n|t:|1700244576\n|switch|p2a: Beedrill|Beedrill-Mega, F|26\/100\n|turn|20\n|\n|t:|1700244584\n|move|p2a: Beedrill|U-turn|p1a: Brute Bonnet\n|-supereffective|p1a: Brute Bonnet\n|-damage|p1a: Brute Bonnet|0 fnt\n|faint|p1a: Brute Bonnet\n|-end|p1a: Brute Bonnet|Protosynthesis|[silent]\n|\n|win|mengmengc\n|raw|dripi's rating: 1135 &rarr; <strong>1115<\/strong><br \/>(-20 for losing)\n|raw|mengmengc's rating: 1204 &rarr; <strong>1224<\/strong><br \/>(+20 for winning)\n|l|\u2606dripi\n","uploadtime":1700244593,"views":6,"p1id":"dripi","p2id":"mengmengc","formatid":"gen9nationaldex","rating":1115,"private":0,"password":""}