{"id":"gen9nationaldex-1992669942","p1":"mirosmarmiro","p2":"ouxiaonengshou","format":"[Gen 9] National Dex","log":"|j|\u2606mirosmarmiro\n|j|\u2606ouxiaonengshou\n|t:|1700223113\n|gametype|singles\n|player|p1|mirosmarmiro|cynthia|1104\n|player|p2|ouxiaonengshou|iris-gen5bw2|1072\n|teamsize|p1|6\n|teamsize|p2|6\n|gen|9\n|tier|[Gen 9] National Dex\n|rated|\n|rule|HP Percentage Mod: HP is shown in percentages\n|rule|Endless Battle Clause: Forcing endless battles is banned\n|rule|OHKO Clause: OHKO moves are banned\n|rule|Evasion Clause: Evasion abilities, items, and moves are banned\n|rule|Evasion Abilities Clause: Evasion abilities are banned\n|rule|Evasion Items Clause: Evasion items are banned\n|rule|Evasion Moves Clause: Evasion moves are banned\n|rule|Species Clause: Limit one of each Pok\u00e9mon\n|rule|Sleep Clause Mod: Limit one foe put to sleep\n|clearpoke\n|poke|p1|Dragonite, M|\n|poke|p1|Gliscor, M|\n|poke|p1|Mienshao, M|\n|poke|p1|Magnezone|\n|poke|p1|Rotom-Wash|\n|poke|p1|Staraptor, F|\n|poke|p2|Sudowoodo, F|\n|poke|p2|Shiftry, F|\n|poke|p2|Corviknight, M|\n|poke|p2|Swampert, F|\n|poke|p2|Pelipper, F|\n|poke|p2|Ogerpon, F|\n|teampreview\n|inactive|Battle timer is ON: inactive players will automatically lose when time's up. (requested by ouxiaonengshou)\n|\n|t:|1700223134\n|start\n|switch|p1a: Magnezone|Magnezone|100\/100\n|switch|p2a: Sudowoodo|Sudowoodo, F, shiny|100\/100\n|turn|1\n|\n|t:|1700223144\n|move|p1a: Magnezone|Flash Cannon|p2a: Sudowoodo\n|-supereffective|p2a: Sudowoodo\n|-ability|p2a: Sudowoodo|Sturdy\n|-damage|p2a: Sudowoodo|1\/100\n|move|p2a: Sudowoodo|Stealth Rock|p1a: Magnezone\n|-sidestart|p1: mirosmarmiro|move: Stealth Rock\n|\n|upkeep\n|turn|2\n|\n|t:|1700223163\n|switch|p2a: Shiftry|Shiftry, F, shiny|100\/100\n|move|p1a: Magnezone|Flash Cannon|p2a: Shiftry\n|-enditem|p2a: Shiftry|Focus Sash\n|-damage|p2a: Shiftry|1\/100\n|\n|upkeep\n|turn|3\n|\n|t:|1700223178\n|move|p2a: Shiftry|Heat Wave|p1a: Magnezone\n|-supereffective|p1a: Magnezone\n|-damage|p1a: Magnezone|36\/100\n|move|p1a: Magnezone|Flash Cannon|p2a: Shiftry\n|-crit|p2a: Shiftry\n|-damage|p2a: Shiftry|0 fnt\n|faint|p2a: Shiftry\n|\n|upkeep\n|\n|t:|1700223187\n|switch|p2a: Ogerpon|Ogerpon, F|100\/100\n|turn|4\n|\n|t:|1700223203\n|move|p2a: Ogerpon|Superpower|p1a: Magnezone\n|-supereffective|p1a: Magnezone\n|-damage|p1a: Magnezone|0 fnt\n|-unboost|p2a: Ogerpon|atk|1\n|-unboost|p2a: Ogerpon|def|1\n|faint|p1a: Magnezone\n|\n|upkeep\n|\n|t:|1700223210\n|switch|p1a: Rotom|Rotom-Wash, shiny|100\/100\n|-damage|p1a: Rotom|88\/100|[from] Stealth Rock\n|turn|5\n|\n|t:|1700223215\n|-zpower|p2a: Ogerpon\n|move|p2a: Ogerpon|Bloom Doom|p1a: Rotom|[zeffect]\n|-supereffective|p1a: Rotom\n|-damage|p1a: Rotom|0 fnt\n|faint|p1a: Rotom\n|\n|upkeep\n|\n|t:|1700223228\n|switch|p1a: Mienshao|Mienshao, M, shiny|100\/100\n|-damage|p1a: Mienshao|95\/100|[from] Stealth Rock\n|turn|6\n|\n|t:|1700223233\n|switch|p2a: Corviknight|Corviknight, M, shiny|100\/100\n|move|p1a: Mienshao|Fake Out|p2a: Corviknight\n|-resisted|p2a: Corviknight\n|-damage|p2a: Corviknight|95\/100\n|-damage|p1a: Mienshao|78\/100|[from] item: Rocky Helmet|[of] p2a: Corviknight\n|\n|upkeep\n|turn|7\n|\n|t:|1700223241\n|switch|p2a: Pelipper|Pelipper, F|100\/100\n|-weather|RainDance|[from] ability: Drizzle|[of] p2a: Pelipper\n|move|p1a: Mienshao|Close Combat|p2a: Pelipper\n|-resisted|p2a: Pelipper\n|-damage|p2a: Pelipper|78\/100\n|-unboost|p1a: Mienshao|def|1\n|-unboost|p1a: Mienshao|spd|1\n|\n|-weather|RainDance|[upkeep]\n|upkeep\n|turn|8\n|\n|t:|1700223253\n|move|p1a: Mienshao|U-turn|p2a: Pelipper\n|-resisted|p2a: Pelipper\n|-crit|p2a: Pelipper\n|-damage|p2a: Pelipper|65\/100\n|\n|t:|1700223271\n|switch|p1a: Dragonite|Dragonite, M, shiny|100\/100|[from] U-turn\n|-damage|p1a: Dragonite|76\/100|[from] Stealth Rock\n|move|p2a: Pelipper|Weather Ball|p1a: Dragonite\n|-resisted|p1a: Dragonite\n|-damage|p1a: Dragonite|47\/100\n|\n|-weather|RainDance|[upkeep]\n|-heal|p1a: Dragonite|53\/100|[from] item: Leftovers\n|upkeep\n|turn|9\n|\n|t:|1700223281\n|move|p1a: Dragonite|Dragon Dance|p1a: Dragonite\n|-boost|p1a: Dragonite|atk|1\n|-boost|p1a: Dragonite|spe|1\n|move|p2a: Pelipper|U-turn|p1a: Dragonite\n|-resisted|p1a: Dragonite\n|-crit|p1a: Dragonite\n|-damage|p1a: Dragonite|46\/100\n|\n|t:|1700223287\n|switch|p2a: Sudowoodo|Sudowoodo, F, shiny|1\/100|[from] U-turn\n|\n|-weather|RainDance|[upkeep]\n|-heal|p1a: Dragonite|53\/100|[from] item: Leftovers\n|upkeep\n|turn|10\n|-enditem|p2a: Sudowoodo|Custap Berry|[eat]\n|-activate|p2a: Sudowoodo|item: Custap Berry|[consumed]\n|\n|t:|1700223293\n|-terastallize|p1a: Dragonite|Dragon\n|move|p1a: Dragonite|Extreme Speed|p2a: Sudowoodo\n|-resisted|p2a: Sudowoodo\n|-damage|p2a: Sudowoodo|0 fnt\n|faint|p2a: Sudowoodo\n|\n|-weather|RainDance|[upkeep]\n|-heal|p1a: Dragonite|59\/100|[from] item: Leftovers\n|upkeep\n|\n|t:|1700223302\n|switch|p2a: Swampert|Swampert, F|100\/100\n|turn|11\n|\n|t:|1700223306\n|detailschange|p2a: Swampert|Swampert-Mega, F\n|-mega|p2a: Swampert|Swampert|Swampertite\n|move|p2a: Swampert|Ice Punch|p1a: Dragonite\n|-supereffective|p1a: Dragonite\n|-damage|p1a: Dragonite|0 fnt\n|faint|p1a: Dragonite\n|\n|-weather|none\n|upkeep\n|\n|t:|1700223319\n|switch|p1a: Gliscor|Gliscor, M, shiny|100\/100\n|-damage|p1a: Gliscor|88\/100|[from] Stealth Rock\n|turn|12\n|\n|t:|1700223329\n|switch|p2a: Pelipper|Pelipper, F|65\/100\n|-weather|RainDance|[from] ability: Drizzle|[of] p2a: Pelipper\n|move|p1a: Gliscor|Earthquake|p2a: Pelipper\n|-immune|p2a: Pelipper\n|\n|-weather|RainDance|[upkeep]\n|-status|p1a: Gliscor|tox|[from] item: Toxic Orb\n|upkeep\n|turn|13\n|\n|t:|1700223337\n|move|p1a: Gliscor|Stealth Rock|p2a: Pelipper\n|-sidestart|p2: ouxiaonengshou|move: Stealth Rock\n|move|p2a: Pelipper|Weather Ball|p1a: Gliscor\n|-supereffective|p1a: Gliscor\n|-crit|p1a: Gliscor\n|-damage|p1a: Gliscor|0 fnt\n|faint|p1a: Gliscor\n|\n|-weather|RainDance|[upkeep]\n|upkeep\n|\n|t:|1700223346\n|switch|p1a: Staraptor|Staraptor, F|100\/100\n|-damage|p1a: Staraptor|76\/100|[from] Stealth Rock\n|turn|14\n|\n|t:|1700223352\n|move|p1a: Staraptor|Brave Bird|p2a: Pelipper\n|-damage|p2a: Pelipper|3\/100\n|-damage|p1a: Staraptor|55\/100|[from] Recoil\n|move|p2a: Pelipper|Weather Ball|p1a: Staraptor\n|-damage|p1a: Staraptor|0 fnt\n|faint|p1a: Staraptor\n|\n|-weather|RainDance|[upkeep]\n|upkeep\n|\n|t:|1700223361\n|switch|p1a: Mienshao|Mienshao, M, shiny|100\/100\n|-damage|p1a: Mienshao|95\/100|[from] Stealth Rock\n|turn|15\n|\n|t:|1700223366\n|switch|p2a: Corviknight|Corviknight, M, shiny|95\/100\n|-damage|p2a: Corviknight|82\/100|[from] Stealth Rock\n|move|p1a: Mienshao|Fake Out|p2a: Corviknight\n|-resisted|p2a: Corviknight\n|-damage|p2a: Corviknight|77\/100\n|-damage|p1a: Mienshao|78\/100|[from] item: Rocky Helmet|[of] p2a: Corviknight\n|\n|-weather|RainDance|[upkeep]\n|upkeep\n|turn|16\n|\n|t:|1700223375\n|move|p1a: Mienshao|Close Combat|p2a: Corviknight\n|-damage|p2a: Corviknight|31\/100\n|-unboost|p1a: Mienshao|def|1\n|-unboost|p1a: Mienshao|spd|1\n|-damage|p1a: Mienshao|61\/100|[from] item: Rocky Helmet|[of] p2a: Corviknight\n|move|p2a: Corviknight|Roost|p2a: Corviknight\n|-heal|p2a: Corviknight|81\/100\n|-singleturn|p2a: Corviknight|move: Roost\n|\n|-weather|none\n|upkeep\n|turn|17\n|\n|t:|1700223391\n|move|p1a: Mienshao|Close Combat|p2a: Corviknight\n|-damage|p2a: Corviknight|28\/100\n|-unboost|p1a: Mienshao|def|1\n|-unboost|p1a: Mienshao|spd|1\n|-damage|p1a: Mienshao|45\/100|[from] item: Rocky Helmet|[of] p2a: Corviknight\n|move|p2a: Corviknight|Roost|p2a: Corviknight\n|-heal|p2a: Corviknight|78\/100\n|-singleturn|p2a: Corviknight|move: Roost\n|\n|upkeep\n|turn|18\n|\n|t:|1700223400\n|move|p1a: Mienshao|Close Combat|p2a: Corviknight\n|-damage|p2a: Corviknight|24\/100\n|-unboost|p1a: Mienshao|def|1\n|-unboost|p1a: Mienshao|spd|1\n|-damage|p1a: Mienshao|28\/100|[from] item: Rocky Helmet|[of] p2a: Corviknight\n|move|p2a: Corviknight|Roost|p2a: Corviknight\n|-heal|p2a: Corviknight|74\/100\n|-singleturn|p2a: Corviknight|move: Roost\n|\n|upkeep\n|turn|19\n|\n|t:|1700223410\n|move|p1a: Mienshao|Close Combat|p2a: Corviknight\n|-damage|p2a: Corviknight|26\/100\n|-unboost|p1a: Mienshao|def|1\n|-unboost|p1a: Mienshao|spd|1\n|-damage|p1a: Mienshao|12\/100|[from] item: Rocky Helmet|[of] p2a: Corviknight\n|move|p2a: Corviknight|Body Press|p1a: Mienshao\n|-damage|p1a: Mienshao|0 fnt\n|faint|p1a: Mienshao\n|\n|win|ouxiaonengshou\n|raw|mirosmarmiro's rating: 1104 &rarr; <strong>1077<\/strong><br \/>(-27 for losing)\n|raw|ouxiaonengshou's rating: 1072 &rarr; <strong>1104<\/strong><br \/>(+32 for winning)\n","uploadtime":1700223423,"views":5,"p1id":"mirosmarmiro","p2id":"ouxiaonengshou","formatid":"gen9nationaldex","rating":1077,"private":0,"password":""}