{"id":"gen9nationaldex-1993850136","p1":"Divine protection","p2":"Toxic Ariados","format":"[Gen 9] National Dex","log":"|j|\u2606Divine protection\n|j|\u2606Toxic Ariados\n|t:|1700365111\n|gametype|singles\n|player|p1|Divine protection|lady-gen4|1562\n|player|p2|Toxic Ariados|lucas|1641\n|teamsize|p1|6\n|teamsize|p2|6\n|gen|9\n|tier|[Gen 9] National Dex\n|rated|\n|rule|HP Percentage Mod: HP is shown in percentages\n|rule|Endless Battle Clause: Forcing endless battles is banned\n|rule|OHKO Clause: OHKO moves are banned\n|rule|Evasion Clause: Evasion abilities, items, and moves are banned\n|rule|Evasion Abilities Clause: Evasion abilities are banned\n|rule|Evasion Items Clause: Evasion items are banned\n|rule|Evasion Moves Clause: Evasion moves are banned\n|rule|Species Clause: Limit one of each Pok\u00e9mon\n|rule|Sleep Clause Mod: Limit one foe put to sleep\n|clearpoke\n|poke|p1|Lopunny, F|\n|poke|p1|Ogerpon-Wellspring, F|\n|poke|p1|Blacephalon|\n|poke|p1|Zapdos|\n|poke|p1|Heatran, F|\n|poke|p1|Landorus-Therian, M|\n|poke|p2|Grimmsnarl, M|\n|poke|p2|Okidogi, M|\n|poke|p2|Volcarona, F|\n|poke|p2|Great Tusk|\n|poke|p2|Ogerpon-Cornerstone, F|\n|poke|p2|Jirachi|\n|teampreview\n|inactive|Battle timer is ON: inactive players will automatically lose when time's up. (requested by Divine protection)\n|\n|t:|1700365125\n|start\n|switch|p1a: Heatran|Heatran, F|100\/100\n|switch|p2a: Diablo|Grimmsnarl, M|100\/100\n|turn|1\n|\n|t:|1700365133\n|move|p2a: Diablo|Light Screen|p2a: Diablo\n|-sidestart|p2: Toxic Ariados|move: Light Screen\n|move|p1a: Heatran|Magma Storm|p2a: Diablo\n|-damage|p2a: Diablo|84\/100\n|-activate|p2a: Diablo|move: Magma Storm|[of] p1a: Heatran\n|\n|-damage|p2a: Diablo|71\/100|[from] move: Magma Storm|[partiallytrapped]\n|upkeep\n|turn|2\n|\n|t:|1700365137\n|move|p2a: Diablo|Reflect|p2a: Diablo\n|-sidestart|p2: Toxic Ariados|Reflect\n|move|p1a: Heatran|Taunt|p2a: Diablo\n|-start|p2a: Diablo|move: Taunt\n|\n|-damage|p2a: Diablo|59\/100|[from] move: Magma Storm|[partiallytrapped]\n|upkeep\n|turn|3\n|\n|t:|1700365142\n|move|p1a: Heatran|Toxic|p2a: Diablo\n|-status|p2a: Diablo|tox\n|move|p2a: Diablo|Spirit Break|p1a: Heatran\n|-resisted|p1a: Heatran\n|-damage|p1a: Heatran|94\/100\n|-unboost|p1a: Heatran|spa|1\n|\n|-heal|p1a: Heatran|99\/100|[from] item: Leftovers\n|-damage|p2a: Diablo|53\/100 tox|[from] psn\n|-damage|p2a: Diablo|40\/100 tox|[from] move: Magma Storm|[partiallytrapped]\n|upkeep\n|turn|4\n|\n|t:|1700365150\n|move|p1a: Heatran|Earth Power|p2a: Diablo\n|-damage|p2a: Diablo|33\/100 tox\n|move|p2a: Diablo|Spirit Break|p1a: Heatran\n|-resisted|p1a: Heatran\n|-damage|p1a: Heatran|94\/100\n|-unboost|p1a: Heatran|spa|1\n|\n|-heal|p1a: Heatran|99\/100|[from] item: Leftovers\n|-damage|p2a: Diablo|21\/100 tox|[from] psn\n|-damage|p2a: Diablo|9\/100 tox|[from] move: Magma Storm|[partiallytrapped]\n|upkeep\n|turn|5\n|\n|t:|1700365154\n|move|p1a: Heatran|Earth Power|p2a: Diablo\n|-damage|p2a: Diablo|3\/100 tox\n|-unboost|p2a: Diablo|spd|1\n|move|p2a: Diablo|Spirit Break|p1a: Heatran\n|-resisted|p1a: Heatran\n|-damage|p1a: Heatran|93\/100\n|-unboost|p1a: Heatran|spa|1\n|\n|-heal|p1a: Heatran|99\/100|[from] item: Leftovers\n|-damage|p2a: Diablo|0 fnt|[from] psn\n|faint|p2a: Diablo\n|upkeep\n|\n|t:|1700365155\n|switch|p2a: Ogerpon|Ogerpon-Cornerstone, F|100\/100\n|turn|6\n|j| Luh Rascal\n|\n|t:|1700365165\n|-terastallize|p1a: Heatran|Grass\n|move|p2a: Ogerpon|Stomping Tantrum|p1a: Heatran\n|-resisted|p1a: Heatran\n|-damage|p1a: Heatran|87\/100\n|move|p1a: Heatran|Toxic|p2a: Ogerpon\n|-status|p2a: Ogerpon|tox\n|\n|-heal|p1a: Heatran|94\/100|[from] item: Leftovers\n|-damage|p2a: Ogerpon|95\/100 tox|[from] psn\n|upkeep\n|turn|7\n|\n|t:|1700365171\n|move|p2a: Ogerpon|Swords Dance|p2a: Ogerpon\n|-boost|p2a: Ogerpon|atk|2\n|move|p1a: Heatran|Magma Storm|p2a: Ogerpon|[miss]\n|-miss|p1a: Heatran|p2a: Ogerpon\n|\n|-heal|p1a: Heatran|99\/100|[from] item: Leftovers\n|-damage|p2a: Ogerpon|83\/100 tox|[from] psn\n|upkeep\n|turn|8\n|\n|t:|1700365181\n|switch|p1a: Landorus|Landorus-Therian, M|100\/100\n|-ability|p1a: Landorus|Intimidate|boost\n|-unboost|p2a: Ogerpon|atk|1\n|-terastallize|p2a: Ogerpon|Rock\n|detailschange|p2a: Ogerpon|Ogerpon-Cornerstone-Tera, F, tera:Rock\n|-ability|p2a: Ogerpon|Embody Aspect (Cornerstone)|boost\n|-boost|p2a: Ogerpon|def|1\n|move|p2a: Ogerpon|Ivy Cudgel|p1a: Landorus|[anim] Ivy Cudgel Rock\n|-damage|p1a: Landorus|19\/100\n|\n|-damage|p2a: Ogerpon|65\/100 tox|[from] psn\n|-sideend|p2: Toxic Ariados|move: Light Screen\n|upkeep\n|turn|9\n|\n|t:|1700365192\n|move|p2a: Ogerpon|Horn Leech|p1a: Landorus\n|-damage|p1a: Landorus|0 fnt\n|-heal|p2a: Ogerpon|77\/100 tox|[from] drain|[of] p1a: Landorus\n|-damage|p2a: Ogerpon|60\/100 tox|[from] item: Rocky Helmet|[of] p1a: Landorus\n|faint|p1a: Landorus\n|\n|-damage|p2a: Ogerpon|36\/100 tox|[from] psn\n|-sideend|p2: Toxic Ariados|Reflect\n|upkeep\n|\n|t:|1700365195\n|switch|p1a: Blacephalon|Blacephalon|100\/100\n|turn|10\n|\n|t:|1700365201\n|move|p1a: Blacephalon|Shadow Ball|p2a: Ogerpon\n|-damage|p2a: Ogerpon|0 fnt\n|faint|p2a: Ogerpon\n|-ability|p1a: Blacephalon|Beast Boost|boost\n|-boost|p1a: Blacephalon|spa|1\n|\n|upkeep\n|\n|t:|1700365207\n|switch|p2a: Wrath|Okidogi, M|100\/100\n|turn|11\n|j| tamatou\n|\n|t:|1700365218\n|move|p1a: Blacephalon|Shadow Ball|p2a: Wrath\n|-damage|p2a: Wrath|45\/100\n|move|p2a: Wrath|Knock Off|p1a: Blacephalon\n|-supereffective|p1a: Blacephalon\n|-damage|p1a: Blacephalon|0 fnt\n|-enditem|p1a: Blacephalon|Choice Scarf|[from] move: Knock Off|[of] p2a: Wrath\n|faint|p1a: Blacephalon\n|\n|upkeep\n|\n|t:|1700365224\n|switch|p1a: Lopunny|Lopunny, F, shiny|100\/100\n|turn|12\n|\n|t:|1700365227\n|detailschange|p1a: Lopunny|Lopunny-Mega, F, shiny\n|-mega|p1a: Lopunny|Lopunny|Lopunnite\n|move|p1a: Lopunny|Close Combat|p2a: Wrath\n|-resisted|p2a: Wrath\n|-damage|p2a: Wrath|18\/100\n|-unboost|p1a: Lopunny|def|1\n|-unboost|p1a: Lopunny|spd|1\n|move|p2a: Wrath|Drain Punch|p1a: Lopunny\n|-supereffective|p1a: Lopunny\n|-damage|p1a: Lopunny|0 fnt\n|-heal|p2a: Wrath|54\/100|[from] drain|[of] p1a: Lopunny\n|faint|p1a: Lopunny\n|\n|upkeep\n|\n|t:|1700365252\n|switch|p1a: Ogerpon|Ogerpon-Wellspring, F|100\/100\n|turn|13\n|\n|t:|1700365255\n|move|p1a: Ogerpon|Swords Dance|p1a: Ogerpon\n|-boost|p1a: Ogerpon|atk|2\n|move|p2a: Wrath|Poison Jab|p1a: Ogerpon\n|-supereffective|p1a: Ogerpon\n|-damage|p1a: Ogerpon|0 fnt\n|faint|p1a: Ogerpon\n|\n|upkeep\n|\n|t:|1700365261\n|switch|p1a: Heatran|Heatran, F, tera:Grass|99\/100\n|turn|14\n|\n|t:|1700365264\n|switch|p1a: Zapdos|Zapdos|100\/100\n|move|p2a: Wrath|Poison Jab|p1a: Zapdos\n|-damage|p1a: Zapdos|70\/100\n|-status|p1a: Zapdos|psn\n|-status|p2a: Wrath|par|[from] ability: Static|[of] p1a: Zapdos\n|\n|-damage|p1a: Zapdos|58\/100 psn|[from] psn\n|upkeep\n|turn|15\n|\n|t:|1700365279\n|move|p1a: Zapdos|Hurricane|p2a: Wrath|[miss]\n|-miss|p1a: Zapdos|p2a: Wrath\n|move|p2a: Wrath|Knock Off|p1a: Zapdos\n|-damage|p1a: Zapdos|32\/100 psn\n|-enditem|p1a: Zapdos|Heavy-Duty Boots|[from] move: Knock Off|[of] p2a: Wrath\n|\n|-damage|p1a: Zapdos|20\/100 psn|[from] psn\n|upkeep\n|turn|16\n|\n|t:|1700365282\n|move|p1a: Zapdos|Hurricane|p2a: Wrath\n|-supereffective|p2a: Wrath\n|-damage|p2a: Wrath|0 fnt\n|faint|p2a: Wrath\n|\n|-damage|p1a: Zapdos|8\/100 psn|[from] psn\n|upkeep\n|c| Luh Rascal|Bro is making okidogi look good \u2620\ufe0f\n|\n|t:|1700365284\n|switch|p2a: Stardust|Jirachi, shiny|100\/100\n|turn|17\n|\n|t:|1700365293\n|-zpower|p2a: Stardust\n|move|p2a: Stardust|Z-Happy Hour|p2a: Stardust|[anim]Happy Hour\n|-boost|p2a: Stardust|atk|1|[zeffect]\n|-boost|p2a: Stardust|def|1|[zeffect]\n|-boost|p2a: Stardust|spa|1|[zeffect]\n|-boost|p2a: Stardust|spd|1|[zeffect]\n|-boost|p2a: Stardust|spe|1|[zeffect]\n|move|p1a: Zapdos|Hurricane|p2a: Stardust|[miss]\n|-miss|p1a: Zapdos|p2a: Stardust\n|\n|-damage|p1a: Zapdos|0 fnt|[from] psn\n|faint|p1a: Zapdos\n|upkeep\n|l| tamatou\n|\n|t:|1700365295\n|switch|p1a: Heatran|Heatran, F, tera:Grass|99\/100\n|turn|18\n|c|\u2606Toxic Ariados|it wouldve been funnier if they sent the zapdos out while i had screens\n|c|\u2606Toxic Ariados|i had policy on it\n|\n|t:|1700365301\n|move|p2a: Stardust|Iron Head|p1a: Heatran\n|-damage|p1a: Heatran|67\/100\n|cant|p1a: Heatran|flinch\n|\n|-heal|p1a: Heatran|73\/100|[from] item: Leftovers\n|upkeep\n|turn|19\n|\n|t:|1700365305\n|move|p2a: Stardust|Stored Power|p1a: Heatran\n|-damage|p1a: Heatran|24\/100\n|move|p1a: Heatran|Magma Storm|p2a: Stardust|[miss]\n|-miss|p1a: Heatran|p2a: Stardust\n|\n|-heal|p1a: Heatran|30\/100|[from] item: Leftovers\n|upkeep\n|turn|20\n|\n|t:|1700365310\n|move|p2a: Stardust|Stored Power|p1a: Heatran\n|-damage|p1a: Heatran|0 fnt\n|faint|p1a: Heatran\n|\n|win|Toxic Ariados\n|raw|Divine protection's rating: 1562 &rarr; <strong>1546<\/strong><br \/>(-16 for losing)\n|raw|Toxic Ariados's rating: 1641 &rarr; <strong>1657<\/strong><br \/>(+16 for winning)\n|l|\u2606Divine protection\n|c|\u2606Toxic Ariados|gg\n|c| Luh Rascal|Wild\n","uploadtime":1700365326,"views":7,"p1id":"divineprotection","p2id":"toxicariados","formatid":"gen9nationaldex","rating":1546,"private":0,"password":""}