{"id":"gen9nationaldex-1994868507","p1":"moniika","p2":"johnspicy8","format":"[Gen 9] National Dex","log":"|html|<div class=\"broadcast-blue\"><strong>[Gen 9] National Dex is currently suspecting Sneasler! For information on how to participate check out the <a href=\"https:\/\/www.smogon.com\/forums\/threads\/sv-national-dex-suspect-8-just-dance.3731534\/\">suspect thread<\/a>.<\/strong><\/div>\n|j|\u2606moniika\n|j|\u2606johnspicy8\n|t:|1700500156\n|gametype|singles\n|player|p1|moniika|hexmaniac-gen6|\n|player|p2|johnspicy8|emmet|\n|teamsize|p1|6\n|teamsize|p2|6\n|gen|9\n|tier|[Gen 9] National Dex\n|rule|HP Percentage Mod: HP is shown in percentages\n|rule|Endless Battle Clause: Forcing endless battles is banned\n|rule|OHKO Clause: OHKO moves are banned\n|rule|Evasion Clause: Evasion abilities, items, and moves are banned\n|rule|Evasion Abilities Clause: Evasion abilities are banned\n|rule|Evasion Items Clause: Evasion items are banned\n|rule|Evasion Moves Clause: Evasion moves are banned\n|rule|Species Clause: Limit one of each Pok\u00e9mon\n|rule|Sleep Clause Mod: Limit one foe put to sleep\n|clearpoke\n|poke|p1|Gardevoir, F|\n|poke|p1|Garchomp, F|\n|poke|p1|Bisharp, F|\n|poke|p1|Serperior, F|\n|poke|p1|Ribombee, M|\n|poke|p1|Ditto|\n|poke|p2|Ogerpon, F|\n|poke|p2|Diancie|\n|poke|p2|Landorus-Therian, M|\n|poke|p2|Toxapex, F|\n|poke|p2|Iron Valiant|\n|poke|p2|Samurott-Hisui, F|\n|teampreview\n|inactive|Battle timer is ON: inactive players will automatically lose when time's up. (requested by johnspicy8)\n|inactive|moniika also wants the timer to be on.\n|c|\u2606moniika|I gotta sleep early\n|c|\u2606johnspicy8|gnight soon\n|c|\u2606moniika|cuz I gotta cook in the morning\n|\n|t:|1700500177\n|start\n|switch|p1a: Beezilla|Ribombee, M, shiny|100\/100\n|switch|p2a: Diancie|Diancie, shiny|100\/100\n|turn|1\n|c|\u2606moniika|mega or no\n|\n|t:|1700500192\n|move|p1a: Beezilla|Sticky Web|p2a: Diancie\n|-sidestart|p2: johnspicy8|move: Sticky Web\n|move|p2a: Diancie|Diamond Storm|p1a: Beezilla\n|-supereffective|p1a: Beezilla\n|-enditem|p1a: Beezilla|Focus Sash\n|-damage|p1a: Beezilla|1\/100\n|\n|upkeep\n|turn|2\n|c|\u2606moniika|got ur ass\n|c|\u2606johnspicy8|motherfcucko2eqdkrjw3ifhiwoth4g3w]\n|\n|t:|1700500207\n|move|p1a: Beezilla|Skill Swap|p2a: Diancie\n|-activate|p1a: Beezilla|move: Skill Swap|Clear Body|Shield Dust|[of] p2a: Diancie\n|move|p2a: Diancie|Stealth Rock|p1a: Beezilla\n|-sidestart|p1: moniika|move: Stealth Rock\n|\n|upkeep\n|turn|3\n|c|\u2606moniika|bee solos\n|\n|t:|1700500220\n|detailschange|p2a: Diancie|Diancie-Mega, shiny\n|-mega|p2a: Diancie|Diancie|Diancite\n|move|p1a: Beezilla|Stun Spore|p2a: Diancie\n|move|p2a: Diancie|Stun Spore|p1a: Beezilla|[from]ability: Magic Bounce\n|-status|p1a: Beezilla|par\n|move|p2a: Diancie|Moonblast|p1a: Beezilla\n|-damage|p1a: Beezilla|0 fnt\n|faint|p1a: Beezilla\n|\n|upkeep\n|c|\u2606moniika|fantastic\n|c|\u2606johnspicy8|oger eats ur nuts anyways\n|\n|t:|1700500231\n|switch|p1a: Frank|Serperior, F, shiny|100\/100\n|-damage|p1a: Frank|88\/100|[from] Stealth Rock\n|turn|4\n|c|\u2606moniika|get his address frank\n|c|\u2606moniika|I meant ass\n|c|\u2606moniika|he doesn't doxx really\n|\n|t:|1700500248\n|move|p1a: Frank|Leaf Storm|p2a: Diancie|[miss]\n|-miss|p1a: Frank|p2a: Diancie\n|move|p2a: Diancie|Moonblast|p1a: Frank\n|-damage|p1a: Frank|28\/100\n|\n|-heal|p1a: Frank|34\/100|[from] item: Leftovers\n|upkeep\n|turn|5\n|\n|t:|1700500251\n|move|p1a: Frank|Leaf Storm|p2a: Diancie\n|-supereffective|p2a: Diancie\n|-damage|p2a: Diancie|0 fnt\n|-boost|p1a: Frank|spa|2\n|faint|p2a: Diancie\n|\n|-heal|p1a: Frank|40\/100|[from] item: Leftovers\n|upkeep\n|\n|t:|1700500254\n|switch|p2a: Samurott|Samurott-Hisui, F, shiny|100\/100\n|-activate|p2a: Samurott|move: Sticky Web\n|-unboost|p2a: Samurott|spe|1\n|turn|6\n|\n|t:|1700500263\n|move|p2a: Samurott|Sucker Punch||[still]\n|-fail|p2a: Samurott\n|move|p1a: Frank|Substitute|p1a: Frank\n|-start|p1a: Frank|Substitute\n|-damage|p1a: Frank|15\/100\n|\n|-heal|p1a: Frank|22\/100|[from] item: Leftovers\n|upkeep\n|turn|7\n|c|\u2606moniika|nah I'd win\n|c|\u2606johnspicy8|you actual dick and ball\n|\n|t:|1700500273\n|switch|p2a: Iron Valiant|Iron Valiant|100\/100\n|-activate|p2a: Iron Valiant|move: Sticky Web\n|-unboost|p2a: Iron Valiant|spe|1\n|-enditem|p2a: Iron Valiant|Booster Energy\n|-activate|p2a: Iron Valiant|ability: Quark Drive|[fromitem]\n|-start|p2a: Iron Valiant|quarkdrivespa\n|move|p1a: Frank|Leaf Storm|p2a: Iron Valiant\n|-damage|p2a: Iron Valiant|0 fnt\n|-boost|p1a: Frank|spa|2\n|faint|p2a: Iron Valiant\n|-end|p2a: Iron Valiant|Quark Drive|[silent]\n|\n|-heal|p1a: Frank|28\/100|[from] item: Leftovers\n|upkeep\n|\n|t:|1700500281\n|switch|p2a: Samurott|Samurott-Hisui, F, shiny|100\/100\n|-activate|p2a: Samurott|move: Sticky Web\n|-unboost|p2a: Samurott|spe|1\n|turn|8\n|c|\u2606moniika|it's just cuz nah I'd win\n|\n|t:|1700500296\n|move|p2a: Samurott|Sucker Punch|p1a: Frank\n|-end|p1a: Frank|Substitute\n|move|p1a: Frank|Leaf Storm|p2a: Samurott\n|-supereffective|p2a: Samurott\n|-damage|p2a: Samurott|0 fnt\n|-boost|p1a: Frank|spa|2\n|faint|p2a: Samurott\n|\n|-heal|p1a: Frank|34\/100|[from] item: Leftovers\n|upkeep\n|c|\u2606johnspicy8|this game sucks so much ass\n|c|\u2606johnspicy8|im retiring\n|c|\u2606moniika|it's just cuz nah I'd win\n|c|\u2606johnspicy8|and playing guilty gear from now on\n|\n|t:|1700500323\n|switch|p2a: Ogerpon|Ogerpon, F|100\/100\n|-activate|p2a: Ogerpon|move: Sticky Web\n|-unboost|p2a: Ogerpon|spe|1\n|-ability|p2a: Ogerpon|Defiant|boost\n|-boost|p2a: Ogerpon|atk|2\n|turn|9\n|c|\u2606moniika|play BlazBlue\n|inactive|johnspicy8 has 270 seconds left.\n|c|\u2606johnspicy8|if thats jolly\n|\n|t:|1700500341\n|-terastallize|p2a: Ogerpon|Grass\n|detailschange|p2a: Ogerpon|Ogerpon-Teal-Tera, F, tera:Grass\n|-ability|p2a: Ogerpon|Embody Aspect (Teal)|boost\n|-boost|p2a: Ogerpon|spe|1\n|move|p1a: Frank|Hidden Power|p2a: Ogerpon\n|-supereffective|p2a: Ogerpon\n|-damage|p2a: Ogerpon|0 fnt\n|faint|p2a: Ogerpon\n|\n|-heal|p1a: Frank|40\/100|[from] item: Leftovers\n|upkeep\n|inactive|johnspicy8 has 270 seconds left.\n|c|\u2606moniika|ofc it is\n|c|\u2606moniika|!showset 4\n|c| moniika|\/raw <div class=\"infobox\">Frank (Serperior) (F) @ Leftovers  <br \/>Ability: Contrary  <br \/>Shiny: Yes  <br \/>Hidden Power: Fire  <br \/>Tera Type: Fire  <br \/>EVs: 200 HP &#x2f; 56 SpA &#x2f; 252 Spe  <br \/>Timid Nature  <br \/>IVs: 0 Atk  <br \/>- Leaf Storm  <br \/>- Hidden Power [Fire]  <br \/>- Glare  <br \/>- Substitute  <br \/><br \/><\/div>\n|c|\u2606johnspicy8|aw man\n|inactive|johnspicy8 has 240 seconds left.\n|c|\u2606moniika|Chinese evs too\n|c|\u2606johnspicy8|i was gonna send the entire navy seals copypasta\n|c|\u2606johnspicy8|but its too long\n|\n|t:|1700500388\n|switch|p2a: Toxapex|Toxapex, F, shiny|100\/100\n|-activate|p2a: Toxapex|move: Sticky Web\n|-unboost|p2a: Toxapex|spe|1\n|turn|10\n|c|\u2606moniika|well not that I need spa\n|c|\u2606moniika|cuz like\n|c|\u2606moniika|contrary\n|\n|t:|1700500402\n|move|p1a: Frank|Substitute|p1a: Frank\n|-start|p1a: Frank|Substitute\n|-damage|p1a: Frank|15\/100\n|move|p2a: Toxapex|Haze|p2a: Toxapex\n|-clearallboost\n|\n|-heal|p1a: Frank|21\/100|[from] item: Leftovers\n|upkeep\n|turn|11\n|c|\u2606johnspicy8|anyways gnight\n|c|\u2606moniika|I might've fucked up\n|\n|t:|1700500414\n|switch|p2a: Landorus|Landorus-Therian, M|100\/100\n|-ability|p2a: Landorus|Intimidate|boost\n|-immune|p1a: Frank\n|move|p1a: Frank|Glare|p2a: Landorus\n|-status|p2a: Landorus|par\n|\n|-heal|p1a: Frank|27\/100|[from] item: Leftovers\n|upkeep\n|turn|12\n|c|\u2606johnspicy8|eh ur fine\n|\n|t:|1700500420\n|move|p1a: Frank|Leaf Storm|p2a: Landorus\n|-damage|p2a: Landorus|59\/100 par\n|-boost|p1a: Frank|spa|2\n|move|p2a: Landorus|U-turn|p1a: Frank\n|-supereffective|p1a: Frank\n|-end|p1a: Frank|Substitute\n|\n|t:|1700500424\n|switch|p2a: Toxapex|Toxapex, F, shiny|100\/100|[from] U-turn\n|-activate|p2a: Toxapex|move: Sticky Web\n|-unboost|p2a: Toxapex|spe|1\n|\n|-heal|p1a: Frank|34\/100|[from] item: Leftovers\n|upkeep\n|turn|13\n|\n|t:|1700500429\n|move|p1a: Frank|Leaf Storm|p2a: Toxapex\n|-damage|p2a: Toxapex|48\/100\n|-boost|p1a: Frank|spa|2\n|move|p2a: Toxapex|Haze|p2a: Toxapex\n|-clearallboost\n|\n|-heal|p1a: Frank|40\/100|[from] item: Leftovers\n|upkeep\n|turn|14\n|\n|t:|1700500432\n|move|p1a: Frank|Leaf Storm|p2a: Toxapex\n|-damage|p2a: Toxapex|25\/100\n|-boost|p1a: Frank|spa|2\n|move|p2a: Toxapex|Toxic|p1a: Frank\n|-status|p1a: Frank|tox\n|\n|-heal|p1a: Frank|46\/100 tox|[from] item: Leftovers\n|-damage|p1a: Frank|40\/100 tox|[from] psn\n|upkeep\n|turn|15\n|\n|t:|1700500439\n|switch|p2a: Landorus|Landorus-Therian, M|59\/100 par\n|-ability|p2a: Landorus|Intimidate|boost\n|-boost|p1a: Frank|atk|1\n|move|p1a: Frank|Leaf Storm|p2a: Landorus\n|-damage|p2a: Landorus|0 fnt\n|-boost|p1a: Frank|spa|2\n|faint|p2a: Landorus\n|\n|-heal|p1a: Frank|46\/100 tox|[from] item: Leftovers\n|-damage|p1a: Frank|34\/100 tox|[from] psn\n|upkeep\n|\n|t:|1700500441\n|switch|p2a: Toxapex|Toxapex, F, shiny|58\/100\n|-activate|p2a: Toxapex|move: Sticky Web\n|-unboost|p2a: Toxapex|spe|1\n|turn|16\n|c|\u2606moniika|ran out of pp\n|c|\u2606moniika|lol\n|\n|t:|1700500457\n|move|p1a: Frank|Glare|p2a: Toxapex\n|-status|p2a: Toxapex|par\n|move|p2a: Toxapex|Recover|p2a: Toxapex\n|-heal|p2a: Toxapex|100\/100 par\n|\n|-heal|p1a: Frank|40\/100 tox|[from] item: Leftovers\n|-damage|p1a: Frank|21\/100 tox|[from] psn\n|upkeep\n|turn|17\n|c|\u2606johnspicy8|tasukete\n|c|\u2606johnspicy8|toxapex chan\n|\n|t:|1700500468\n|move|p1a: Frank|Hidden Power|p2a: Toxapex\n|-resisted|p2a: Toxapex\n|-damage|p2a: Toxapex|90\/100 par\n|cant|p2a: Toxapex|par\n|\n|-heal|p1a: Frank|27\/100 tox|[from] item: Leftovers\n|-damage|p1a: Frank|3\/100 tox|[from] psn\n|upkeep\n|turn|18\n|\n|t:|1700500475\n|move|p1a: Frank|Hidden Power|p2a: Toxapex\n|-resisted|p2a: Toxapex\n|-damage|p2a: Toxapex|79\/100 par\n|cant|p2a: Toxapex|par\n|\n|-heal|p1a: Frank|9\/100 tox|[from] item: Leftovers\n|-damage|p1a: Frank|0 fnt|[from] psn\n|faint|p1a: Frank\n|upkeep\n|\n|t:|1700500479\n|switch|p1a: Zankaoka|Bisharp, F, shiny|100\/100\n|-damage|p1a: Zankaoka|94\/100|[from] Stealth Rock\n|turn|19\n|\n|t:|1700500483\n|move|p1a: Zankaoka|Knock Off|p2a: Toxapex\n|-damage|p2a: Toxapex|39\/100 par\n|-enditem|p2a: Toxapex|Covert Cloak|[from] move: Knock Off|[of] p1a: Zankaoka\n|cant|p2a: Toxapex|par\n|\n|upkeep\n|turn|20\n|c|\u2606moniika|ETF\n|\n|t:|1700500501\n|move|p1a: Zankaoka|Iron Head|p2a: Toxapex\n|-resisted|p2a: Toxapex\n|-damage|p2a: Toxapex|22\/100 par\n|cant|p2a: Toxapex|par\n|\n|upkeep\n|turn|21\n|c|\u2606johnspicy8|eat balls\n|c|\u2606moniika|flincing and parahaxing u\n|\n|t:|1700500516\n|move|p1a: Zankaoka|Knock Off|p2a: Toxapex\n|-damage|p2a: Toxapex|0 fnt\n|faint|p2a: Toxapex\n|\n|win|moniika\n|c|\u2606johnspicy8|bgs\n|c|\u2606johnspicy8|gnight\n|c|\u2606moniika|ok GG's\n|c|\u2606moniika|gnight\n|l|\u2606johnspicy8\n","uploadtime":1700500522,"views":2,"p1id":"moniika","p2id":"johnspicy8","formatid":"gen9nationaldex","rating":0,"private":0,"password":""}