{"id":"gen9nationaldex-1992922451","p1":"Prtbl_Trash","p2":"djgengar666","format":"[Gen 9] National Dex","log":"|j|\u2606Prtbl_Trash\n|j|\u2606djgengar666\n|t:|1700247110\n|gametype|singles\n|player|p1|Prtbl_Trash|rosa|1302\n|player|p2|djgengar666|shadowtriad|1257\n|teamsize|p1|6\n|teamsize|p2|6\n|gen|9\n|tier|[Gen 9] National Dex\n|rated|\n|rule|HP Percentage Mod: HP is shown in percentages\n|rule|Endless Battle Clause: Forcing endless battles is banned\n|rule|OHKO Clause: OHKO moves are banned\n|rule|Evasion Clause: Evasion abilities, items, and moves are banned\n|rule|Evasion Abilities Clause: Evasion abilities are banned\n|rule|Evasion Items Clause: Evasion items are banned\n|rule|Evasion Moves Clause: Evasion moves are banned\n|rule|Species Clause: Limit one of each Pok\u00e9mon\n|rule|Sleep Clause Mod: Limit one foe put to sleep\n|clearpoke\n|poke|p1|Lokix, F|\n|poke|p1|Slowking-Galar, M|\n|poke|p1|Gliscor, M|\n|poke|p1|Empoleon, F|\n|poke|p1|Skeledirge, M|\n|poke|p1|Minior-Green|\n|poke|p2|Golisopod, M|\n|poke|p2|Umbreon, M|\n|poke|p2|Aggron, M|\n|poke|p2|Munkidori, M|\n|poke|p2|Tsareena, F|\n|poke|p2|Kommo-o, M|\n|teampreview\n|inactive|Battle timer is ON: inactive players will automatically lose when time's up. (requested by Prtbl_Trash)\n|\n|t:|1700247119\n|start\n|switch|p1a: Minior|Minior-Green|100\/100\n|switch|p2a: Aggron|Aggron, M|100\/100\n|-formechange|p1a: Minior|Minior-Meteor||[from] ability: Shields Down\n|turn|1\n|\n|t:|1700247128\n|detailschange|p2a: Aggron|Aggron-Mega, M\n|-mega|p2a: Aggron|Aggron|Aggronite\n|move|p1a: Minior|Shell Smash|p1a: Minior\n|-unboost|p1a: Minior|def|1\n|-unboost|p1a: Minior|spd|1\n|-boost|p1a: Minior|atk|2\n|-boost|p1a: Minior|spa|2\n|-boost|p1a: Minior|spe|2\n|-enditem|p1a: Minior|White Herb\n|-clearnegativeboost|p1a: Minior|[silent]\n|move|p2a: Aggron|Thunder Wave|p1a: Minior\n|-immune|p1a: Minior|[from] ability: Shields Down\n|\n|upkeep\n|turn|2\n|\n|t:|1700247149\n|move|p1a: Minior|Earthquake|p2a: Aggron\n|-supereffective|p2a: Aggron\n|-damage|p2a: Aggron|69\/100\n|move|p2a: Aggron|Body Press|p1a: Minior\n|-damage|p1a: Minior|34\/100\n|\n|-formechange|p1a: Minior|Minior-Green||[from] ability: Shields Down\n|upkeep\n|turn|3\n|\n|t:|1700247161\n|move|p1a: Minior|Earthquake|p2a: Aggron\n|-supereffective|p2a: Aggron\n|-damage|p2a: Aggron|25\/100\n|move|p2a: Aggron|Body Press|p1a: Minior\n|-damage|p1a: Minior|0 fnt\n|faint|p1a: Minior\n|\n|upkeep\n|\n|t:|1700247168\n|switch|p1a: Lokix|Lokix, F|100\/100\n|turn|4\n|\n|t:|1700247174\n|move|p1a: Lokix|U-turn|p2a: Aggron\n|-resisted|p2a: Aggron\n|-damage|p2a: Aggron|2\/100\n|\n|t:|1700247180\n|switch|p1a: Gliscor|Gliscor, M|100\/100|[from] U-turn\n|move|p2a: Aggron|Thunder Wave|p1a: Gliscor\n|-immune|p1a: Gliscor\n|\n|-status|p1a: Gliscor|tox|[from] item: Toxic Orb\n|upkeep\n|turn|5\n|\n|t:|1700247197\n|switch|p2a: Kommo-o|Kommo-o, M|100\/100\n|move|p1a: Gliscor|Stealth Rock|p2a: Kommo-o\n|-sidestart|p2: djgengar666|move: Stealth Rock\n|\n|upkeep\n|turn|6\n|\n|t:|1700247206\n|switch|p1a: Slowking|Slowking-Galar, M|100\/100\n|-zpower|p2a: Kommo-o\n|move|p2a: Kommo-o|Clangorous Soulblaze|p1a: Slowking|[zeffect]\n|-damage|p1a: Slowking|57\/100\n|-boost|p2a: Kommo-o|atk|1\n|-boost|p2a: Kommo-o|def|1\n|-boost|p2a: Kommo-o|spa|1\n|-boost|p2a: Kommo-o|spd|1\n|-boost|p2a: Kommo-o|spe|1\n|\n|upkeep\n|turn|7\n|inactive|djgengar666 has 120 seconds left.\n|\n|t:|1700247236\n|switch|p2a: Umbreon|Umbreon, M|100\/100\n|-damage|p2a: Umbreon|88\/100|[from] Stealth Rock\n|move|p1a: Slowking|Thunder Wave|p2a: Umbreon\n|-status|p2a: Umbreon|par\n|-activate|p2a: Umbreon|ability: Synchronize\n|-status|p1a: Slowking|par\n|\n|-heal|p2a: Umbreon|94\/100 par|[from] item: Leftovers\n|upkeep\n|turn|8\n|inactive|djgengar666 has 120 seconds left.\n|\n|t:|1700247247\n|move|p2a: Umbreon|Wish|p2a: Umbreon\n|cant|p1a: Slowking|par\n|\n|-heal|p2a: Umbreon|99\/100 par|[from] item: Leftovers\n|upkeep\n|turn|9\n|\n|t:|1700247257\n|switch|p2a: Tsareena|Tsareena, F|100\/100\n|switch|p1a: Skeledirge|Skeledirge, M|100\/100\n|\n|upkeep\n|turn|10\n|\n|t:|1700247270\n|switch|p2a: Umbreon|Umbreon, M|99\/100 par\n|-damage|p2a: Umbreon|88\/100 par|[from] Stealth Rock\n|move|p1a: Skeledirge|Will-O-Wisp||[still]\n|-fail|p1a: Skeledirge\n|\n|-heal|p2a: Umbreon|94\/100 par|[from] item: Leftovers\n|upkeep\n|turn|11\n|\n|t:|1700247279\n|move|p1a: Skeledirge|Torch Song|p2a: Umbreon\n|-damage|p2a: Umbreon|76\/100 par\n|-boost|p1a: Skeledirge|spa|1\n|cant|p2a: Umbreon|par\n|\n|-heal|p2a: Umbreon|82\/100 par|[from] item: Leftovers\n|upkeep\n|turn|12\n|\n|t:|1700247287\n|move|p1a: Skeledirge|Torch Song|p2a: Umbreon\n|-damage|p2a: Umbreon|55\/100 par\n|-boost|p1a: Skeledirge|spa|1\n|move|p2a: Umbreon|Toxic|p1a: Skeledirge\n|-status|p1a: Skeledirge|tox\n|\n|-heal|p2a: Umbreon|61\/100 par|[from] item: Leftovers\n|-damage|p1a: Skeledirge|94\/100 tox|[from] psn\n|upkeep\n|turn|13\n|\n|t:|1700247300\n|move|p1a: Skeledirge|Torch Song|p2a: Umbreon\n|-damage|p2a: Umbreon|23\/100 par\n|-boost|p1a: Skeledirge|spa|1\n|move|p2a: Umbreon|Wish|p2a: Umbreon\n|\n|-heal|p2a: Umbreon|29\/100 par|[from] item: Leftovers\n|-damage|p1a: Skeledirge|82\/100 tox|[from] psn\n|upkeep\n|turn|14\n|\n|t:|1700247309\n|cant|p2a: Umbreon|par\n|move|p1a: Skeledirge|Torch Song|p2a: Umbreon\n|-damage|p2a: Umbreon|0 fnt\n|-boost|p1a: Skeledirge|spa|1\n|faint|p2a: Umbreon\n|\n|-damage|p1a: Skeledirge|64\/100 tox|[from] psn\n|upkeep\n|inactive|djgengar666 has 120 seconds left.\n|\n|t:|1700247348\n|switch|p2a: Kommo-o|Kommo-o, M|100\/100\n|-damage|p2a: Kommo-o|94\/100|[from] Stealth Rock\n|turn|15\n|\n|t:|1700247356\n|move|p2a: Kommo-o|Clanging Scales|p1a: Skeledirge\n|-damage|p1a: Skeledirge|11\/100 tox\n|-unboost|p2a: Kommo-o|def|1\n|move|p1a: Skeledirge|Hex|p2a: Kommo-o\n|-damage|p2a: Kommo-o|18\/100\n|\n|-damage|p1a: Skeledirge|0 fnt|[from] psn\n|faint|p1a: Skeledirge\n|upkeep\n|\n|t:|1700247363\n|switch|p1a: Lokix|Lokix, F|100\/100\n|turn|16\n|\n|t:|1700247369\n|switch|p2a: Aggron|Aggron-Mega, M|2\/100\n|-damage|p2a: Aggron|0 fnt|[from] Stealth Rock\n|faint|p2a: Aggron\n|move|p1a: Lokix|U-turn|p2: Aggron|[notarget]\n|-fail|p1a: Lokix\n|\n|upkeep\n|inactive|djgengar666 has 120 seconds left.\n|\n|t:|1700247381\n|switch|p2a: Golisopod|Golisopod, M, shiny|100\/100\n|turn|17\n|\n|t:|1700247385\n|switch|p1a: Gliscor|Gliscor, M|100\/100 tox\n|move|p2a: Golisopod|First Impression|p1a: Gliscor\n|-resisted|p1a: Gliscor\n|-damage|p1a: Gliscor|79\/100 tox\n|\n|-heal|p1a: Gliscor|92\/100 tox|[from] ability: Poison Heal\n|upkeep\n|turn|18\n|\n|t:|1700247396\n|switch|p1a: Empoleon|Empoleon, F|100\/100\n|move|p2a: Golisopod|Liquidation|p1a: Empoleon\n|-resisted|p1a: Empoleon\n|-damage|p1a: Empoleon|75\/100\n|\n|upkeep\n|turn|19\n|\n|t:|1700247404\n|switch|p2a: Tsareena|Tsareena, F|100\/100\n|move|p1a: Empoleon|Flip Turn|p2a: Tsareena\n|-resisted|p2a: Tsareena\n|-damage|p2a: Tsareena|91\/100\n|\n|t:|1700247410\n|switch|p1a: Lokix|Lokix, F|100\/100|[from] Flip Turn\n|\n|upkeep\n|turn|20\n|\n|t:|1700247420\n|switch|p2a: Golisopod|Golisopod, M, shiny|100\/100\n|-terastallize|p1a: Lokix|Bug\n|move|p1a: Lokix|U-turn|p2a: Golisopod\n|-damage|p2a: Golisopod|52\/100\n|\n|t:|1700247427\n|switch|p1a: Empoleon|Empoleon, F|75\/100|[from] U-turn\n|\n|upkeep\n|turn|21\n|\n|t:|1700247432\n|move|p2a: Golisopod|Sucker Punch|p1a: Empoleon\n|-damage|p1a: Empoleon|50\/100\n|move|p1a: Empoleon|Flip Turn|p2a: Golisopod\n|-resisted|p2a: Golisopod\n|-damage|p2a: Golisopod|46\/100\n|-activate|p2a: Golisopod|ability: Emergency Exit\n|\n|t:|1700247440\n|switch|p2a: Tsareena|Tsareena, F|91\/100\n|\n|upkeep\n|turn|22\n|\n|t:|1700247448\n|move|p2a: Tsareena|Rapid Spin|p1a: Empoleon\n|-resisted|p1a: Empoleon\n|-damage|p1a: Empoleon|41\/100\n|-boost|p2a: Tsareena|spe|1\n|-sideend|p2: djgengar666|Stealth Rock|[from] move: Rapid Spin|[of] p2a: Tsareena\n|move|p1a: Empoleon|Flip Turn|p2a: Tsareena\n|-resisted|p2a: Tsareena\n|-damage|p2a: Tsareena|81\/100\n|\n|t:|1700247453\n|switch|p1a: Lokix|Lokix, F, tera:Bug|100\/100|[from] Flip Turn\n|\n|upkeep\n|turn|23\n|\n|t:|1700247467\n|move|p1a: Lokix|First Impression||[still]\n|cant|p2a: Tsareena|ability: Queenly Majesty|First Impression|[of] p1a: Lokix\n|move|p2a: Tsareena|Play Rough|p1a: Lokix|[miss]\n|-miss|p2a: Tsareena|p1a: Lokix\n|\n|upkeep\n|turn|24\n|\n|t:|1700247477\n|switch|p1a: Gliscor|Gliscor, M|92\/100 tox\n|move|p2a: Tsareena|Trop Kick|p1a: Gliscor\n|-damage|p1a: Gliscor|62\/100 tox\n|-unboost|p1a: Gliscor|atk|1\n|\n|-heal|p1a: Gliscor|74\/100 tox|[from] ability: Poison Heal\n|upkeep\n|turn|25\n|\n|t:|1700247488\n|switch|p1a: Slowking|Slowking-Galar, M|90\/100 par\n|move|p2a: Tsareena|Trop Kick|p1a: Slowking\n|-resisted|p1a: Slowking\n|-damage|p1a: Slowking|71\/100 par\n|-unboost|p1a: Slowking|atk|1\n|\n|upkeep\n|turn|26\n|\n|t:|1700247501\n|switch|p2a: Munkidori|Munkidori, M|100\/100\n|move|p1a: Slowking|Thunder Wave|p2a: Munkidori\n|-status|p2a: Munkidori|par\n|\n|upkeep\n|turn|27\n|\n|t:|1700247509\n|cant|p2a: Munkidori|par\n|move|p1a: Slowking|Future Sight|p2a: Munkidori\n|-start|p1a: Slowking|move: Future Sight\n|\n|upkeep\n|turn|28\n|\n|t:|1700247513\n|cant|p2a: Munkidori|par\n|move|p1a: Slowking|Chilly Reception|p1a: Slowking\n|-weather|Snow\n|\n|t:|1700247516\n|switch|p1a: Lokix|Lokix, F, tera:Bug|100\/100|[from] Chilly Reception\n|\n|-weather|Snow|[upkeep]\n|upkeep\n|turn|29\n|\n|t:|1700247521\n|switch|p2a: Tsareena|Tsareena, F|81\/100\n|move|p1a: Lokix|U-turn|p2a: Tsareena\n|-supereffective|p2a: Tsareena\n|-damage|p2a: Tsareena|0 fnt\n|faint|p2a: Tsareena\n|\n|t:|1700247532\n|switch|p1a: Slowking|Slowking-Galar, M|100\/100 par|[from] U-turn\n|\n|-weather|Snow|[upkeep]\n|-hint|Future Sight did not hit because the target is fainted.\n|upkeep\n|\n|t:|1700247537\n|switch|p2a: Munkidori|Munkidori, M|100\/100 par\n|turn|30\n|\n|t:|1700247552\n|cant|p2a: Munkidori|par\n|move|p1a: Slowking|Future Sight|p2a: Munkidori\n|-start|p1a: Slowking|move: Future Sight\n|\n|-weather|Snow|[upkeep]\n|upkeep\n|turn|31\n|\n|t:|1700247557\n|move|p2a: Munkidori|Psyshock|p1a: Slowking\n|-damage|p1a: Slowking|50\/100 par\n|move|p1a: Slowking|Chilly Reception|p1a: Slowking\n|\n|t:|1700247562\n|switch|p1a: Lokix|Lokix, F, tera:Bug|100\/100|[from] Chilly Reception\n|\n|-weather|Snow|[upkeep]\n|upkeep\n|turn|32\n|\n|t:|1700247570\n|move|p1a: Lokix|Knock Off|p2a: Munkidori\n|-supereffective|p2a: Munkidori\n|-damage|p2a: Munkidori|0 fnt\n|-enditem|p2a: Munkidori|Choice Scarf|[from] move: Knock Off|[of] p1a: Lokix\n|faint|p2a: Munkidori\n|\n|-weather|none\n|-hint|Future Sight did not hit because the target is fainted.\n|upkeep\n|\n|t:|1700247576\n|switch|p2a: Golisopod|Golisopod, M, shiny|46\/100\n|turn|33\n|\n|t:|1700247586\n|switch|p1a: Gliscor|Gliscor, M|74\/100 tox\n|move|p2a: Golisopod|Liquidation|p1a: Gliscor\n|-supereffective|p1a: Gliscor\n|-damage|p1a: Gliscor|2\/100 tox\n|\n|-heal|p1a: Gliscor|15\/100 tox|[from] ability: Poison Heal\n|upkeep\n|turn|34\n|\n|t:|1700247599\n|move|p2a: Golisopod|Aqua Jet|p1a: Gliscor\n|-supereffective|p1a: Gliscor\n|-damage|p1a: Gliscor|0 fnt\n|faint|p1a: Gliscor\n|\n|upkeep\n|\n|t:|1700247602\n|switch|p1a: Empoleon|Empoleon, F|41\/100\n|turn|35\n|\n|t:|1700247607\n|-terastallize|p2a: Golisopod|Water\n|move|p2a: Golisopod|Sucker Punch|p1a: Empoleon\n|-damage|p1a: Empoleon|14\/100\n|move|p1a: Empoleon|Scald|p2a: Golisopod\n|-resisted|p2a: Golisopod\n|-damage|p2a: Golisopod|21\/100\n|\n|upkeep\n|turn|36\n|\n|t:|1700247617\n|move|p2a: Golisopod|Sucker Punch|p1a: Empoleon\n|-damage|p1a: Empoleon|0 fnt\n|faint|p1a: Empoleon\n|\n|upkeep\n|\n|t:|1700247619\n|switch|p1a: Lokix|Lokix, F, tera:Bug|100\/100\n|turn|37\n|\n|t:|1700247629\n|move|p1a: Lokix|First Impression|p2a: Golisopod\n|-damage|p2a: Golisopod|0 fnt\n|faint|p2a: Golisopod\n|\n|upkeep\n|\n|t:|1700247634\n|switch|p2a: Kommo-o|Kommo-o, M|18\/100\n|turn|38\n|\n|t:|1700247639\n|switch|p1a: Slowking|Slowking-Galar, M|83\/100 par\n|move|p2a: Kommo-o|Clanging Scales|p1a: Slowking\n|-damage|p1a: Slowking|56\/100 par\n|-unboost|p2a: Kommo-o|def|1\n|\n|upkeep\n|turn|39\n|\n|t:|1700247649\n|move|p2a: Kommo-o|Flamethrower|p1a: Slowking\n|-damage|p1a: Slowking|41\/100 par\n|cant|p1a: Slowking|par\n|\n|upkeep\n|turn|40\n|\n|t:|1700247655\n|move|p2a: Kommo-o|Clanging Scales|p1a: Slowking\n|-damage|p1a: Slowking|11\/100 par\n|-unboost|p2a: Kommo-o|def|1\n|cant|p1a: Slowking|par\n|\n|upkeep\n|turn|41\n|\n|t:|1700247661\n|move|p2a: Kommo-o|Clanging Scales|p1a: Slowking\n|-damage|p1a: Slowking|0 fnt\n|faint|p1a: Slowking\n|-unboost|p2a: Kommo-o|def|1\n|\n|upkeep\n|\n|t:|1700247663\n|switch|p1a: Lokix|Lokix, F, tera:Bug|100\/100\n|turn|42\n|\n|t:|1700247669\n|move|p1a: Lokix|First Impression|p2a: Kommo-o\n|-resisted|p2a: Kommo-o\n|-damage|p2a: Kommo-o|0 fnt\n|faint|p2a: Kommo-o\n|\n|win|Prtbl_Trash\n|raw|Prtbl_Trash's rating: 1302 &rarr; <strong>1319<\/strong><br \/>(+17 for winning)\n|raw|djgengar666's rating: 1257 &rarr; <strong>1235<\/strong><br \/>(-22 for losing)\n|c|\u2606djgengar666|gg\n","uploadtime":1700247679,"views":24,"p1id":"prtbltrash","p2id":"djgengar666","formatid":"gen9nationaldex","rating":1235,"private":0,"password":""}