{"id":"gen9nationaldex-1994770117","p1":"Dark Umbreon 08","p2":"Reaperkriu","format":"[Gen 9] National Dex","log":"|html|<div class=\"broadcast-blue\"><strong>[Gen 9] National Dex is currently suspecting Sneasler! For information on how to participate check out the <a href=\"https:\/\/www.smogon.com\/forums\/threads\/sv-national-dex-suspect-8-just-dance.3731534\/\">suspect thread<\/a>.<\/strong><\/div>\n|j|\u2606Dark Umbreon 08\n|j|\u2606Reaperkriu\n|t:|1700491045\n|gametype|singles\n|player|p1|Dark Umbreon 08|lass-gen4dp|1081\n|player|p2|Reaperkriu|iris|1065\n|teamsize|p1|6\n|teamsize|p2|6\n|gen|9\n|tier|[Gen 9] National Dex\n|rated|\n|rule|HP Percentage Mod: HP is shown in percentages\n|rule|Endless Battle Clause: Forcing endless battles is banned\n|rule|OHKO Clause: OHKO moves are banned\n|rule|Evasion Clause: Evasion abilities, items, and moves are banned\n|rule|Evasion Abilities Clause: Evasion abilities are banned\n|rule|Evasion Items Clause: Evasion items are banned\n|rule|Evasion Moves Clause: Evasion moves are banned\n|rule|Species Clause: Limit one of each Pok\u00e9mon\n|rule|Sleep Clause Mod: Limit one foe put to sleep\n|clearpoke\n|poke|p1|Tapu Lele|\n|poke|p1|Tyrantrum, M|\n|poke|p1|Heatran, M|\n|poke|p1|Crawdaunt, F|\n|poke|p1|Charizard, F|\n|poke|p1|Slowking-Galar, M|\n|poke|p2|Greninja-*, F|\n|poke|p2|Gyarados, M|\n|poke|p2|Bisharp, M|\n|poke|p2|Meowscarada, F|\n|poke|p2|Crawdaunt, F|\n|poke|p2|Guzzlord|\n|teampreview\n|inactive|Battle timer is ON: inactive players will automatically lose when time's up. (requested by Reaperkriu)\n|inactive|Dark Umbreon 08 also wants the timer to be on.\n|\n|t:|1700491051\n|start\n|switch|p1a: Tapu Lele|Tapu Lele|100\/100\n|switch|p2a: Crawdaunt|Crawdaunt, F, shiny|100\/100\n|-fieldstart|move: Psychic Terrain|[from] ability: Psychic Surge|[of] p1a: Tapu Lele\n|turn|1\n|\n|t:|1700491060\n|move|p1a: Tapu Lele|Draining Kiss|p2a: Crawdaunt\n|-supereffective|p2a: Crawdaunt\n|-enditem|p2a: Crawdaunt|Focus Sash\n|-damage|p2a: Crawdaunt|1\/100\n|move|p2a: Crawdaunt|Dragon Dance|p2a: Crawdaunt\n|-boost|p2a: Crawdaunt|atk|1\n|-boost|p2a: Crawdaunt|spe|1\n|\n|upkeep\n|turn|2\n|\n|t:|1700491071\n|switch|p1a: Crawdaunt|Crawdaunt, F|100\/100\n|move|p2a: Crawdaunt|Crunch|p1a: Crawdaunt\n|-resisted|p1a: Crawdaunt\n|-damage|p1a: Crawdaunt|63\/100\n|-unboost|p1a: Crawdaunt|def|1\n|\n|upkeep\n|turn|3\n|\n|t:|1700491082\n|switch|p1a: Heatran|Heatran, M|100\/100\n|move|p2a: Crawdaunt|Close Combat|p1a: Heatran\n|-supereffective|p1a: Heatran\n|-damage|p1a: Heatran|0 fnt\n|-unboost|p2a: Crawdaunt|def|1\n|-unboost|p2a: Crawdaunt|spd|1\n|faint|p1a: Heatran\n|\n|upkeep\n|\n|t:|1700491087\n|switch|p1a: Charizard|Charizard, F|100\/100\n|turn|4\n|\n|t:|1700491090\n|detailschange|p1a: Charizard|Charizard-Mega-X, F\n|-mega|p1a: Charizard|Charizard|Charizardite X\n|move|p2a: Crawdaunt|Crabhammer|p1a: Charizard\n|-damage|p1a: Charizard|25\/100\n|move|p1a: Charizard|Scale Shot|p2a: Crawdaunt\n|-damage|p2a: Crawdaunt|0 fnt\n|faint|p2a: Crawdaunt\n|-hitcount|p2: Crawdaunt|1\n|-unboost|p1a: Charizard|def|1\n|-boost|p1a: Charizard|spe|1\n|\n|upkeep\n|\n|t:|1700491104\n|switch|p2a: Guzzlord|Guzzlord, shiny|100\/100\n|turn|5\n|\n|t:|1700491107\n|switch|p1a: Tapu Lele|Tapu Lele|100\/100\n|move|p2a: Guzzlord|Dragon Claw|p1a: Tapu Lele\n|-immune|p1a: Tapu Lele\n|\n|-fieldend|move: Psychic Terrain\n|upkeep\n|turn|6\n|\n|t:|1700491112\n|move|p1a: Tapu Lele|Draining Kiss|p2a: Guzzlord\n|-supereffective|p2a: Guzzlord\n|-damage|p2a: Guzzlord|4\/100\n|move|p2a: Guzzlord|Crunch|p1a: Tapu Lele\n|-damage|p1a: Tapu Lele|45\/100\n|\n|-heal|p1a: Tapu Lele|51\/100|[from] item: Leftovers\n|upkeep\n|turn|7\n|\n|t:|1700491119\n|move|p1a: Tapu Lele|Draining Kiss|p2a: Guzzlord\n|-supereffective|p2a: Guzzlord\n|-damage|p2a: Guzzlord|0 fnt\n|-heal|p1a: Tapu Lele|57\/100|[from] drain|[of] p2a: Guzzlord\n|faint|p2a: Guzzlord\n|\n|-heal|p1a: Tapu Lele|63\/100|[from] item: Leftovers\n|upkeep\n|\n|t:|1700491126\n|switch|p2a: Greninja|Greninja, F, shiny|100\/100\n|turn|8\n|\n|t:|1700491134\n|switch|p1a: Crawdaunt|Crawdaunt, F|63\/100\n|-terastallize|p2a: Greninja|Water\n|move|p2a: Greninja|Dark Pulse|p1a: Crawdaunt\n|-resisted|p1a: Crawdaunt\n|-damage|p1a: Crawdaunt|24\/100\n|-damage|p2a: Greninja|91\/100|[from] item: Life Orb\n|\n|upkeep\n|turn|9\n|\n|t:|1700491147\n|move|p1a: Crawdaunt|Aqua Jet|p2a: Greninja\n|-resisted|p2a: Greninja\n|-damage|p2a: Greninja|62\/100\n|-damage|p1a: Crawdaunt|14\/100|[from] item: Life Orb\n|move|p2a: Greninja|U-turn|p1a: Crawdaunt\n|-supereffective|p1a: Crawdaunt\n|-damage|p1a: Crawdaunt|0 fnt\n|faint|p1a: Crawdaunt\n|-damage|p2a: Greninja|52\/100|[from] item: Life Orb\n|\n|t:|1700491153\n|switch|p2a: Meowscarada|Meowscarada, F|100\/100|[from] U-turn\n|\n|upkeep\n|\n|t:|1700491158\n|switch|p1a: Tapu Lele|Tapu Lele|63\/100\n|-fieldstart|move: Psychic Terrain|[from] ability: Psychic Surge|[of] p1a: Tapu Lele\n|turn|10\n|\n|t:|1700491165\n|switch|p1a: Slowking|Slowking-Galar, M|100\/100\n|move|p2a: Meowscarada|Flower Trick|p1a: Slowking\n|-start|p2a: Meowscarada|typechange|Grass|[from] ability: Protean\n|-resisted|p1a: Slowking\n|-crit|p1a: Slowking\n|-damage|p1a: Slowking|77\/100\n|\n|-heal|p1a: Slowking|83\/100|[from] item: Black Sludge\n|upkeep\n|turn|11\n|\n|t:|1700491174\n|move|p2a: Meowscarada|Knock Off|p1a: Slowking\n|-supereffective|p1a: Slowking\n|-damage|p1a: Slowking|20\/100\n|-enditem|p1a: Slowking|Black Sludge|[from] move: Knock Off|[of] p2a: Meowscarada\n|move|p1a: Slowking|Sludge Bomb|p2a: Meowscarada\n|-supereffective|p2a: Meowscarada\n|-damage|p2a: Meowscarada|4\/100\n|\n|upkeep\n|turn|12\n|\n|t:|1700491185\n|switch|p1a: Charizard|Charizard-Mega-X, F|25\/100\n|move|p2a: Meowscarada|Knock Off|p1a: Charizard\n|-damage|p1a: Charizard|3\/100\n|\n|upkeep\n|turn|13\n|\n|t:|1700491192\n|move|p2a: Meowscarada|Flower Trick|p1a: Charizard\n|-resisted|p1a: Charizard\n|-crit|p1a: Charizard\n|-damage|p1a: Charizard|0 fnt\n|faint|p1a: Charizard\n|\n|upkeep\n|\n|t:|1700491195\n|switch|p1a: Tyrantrum|Tyrantrum, M|100\/100\n|turn|14\n|\n|t:|1700491199\n|move|p2a: Meowscarada|Flower Trick|p1a: Tyrantrum\n|-crit|p1a: Tyrantrum\n|-damage|p1a: Tyrantrum|53\/100\n|move|p1a: Tyrantrum|Dragon Dance|p1a: Tyrantrum\n|-boost|p1a: Tyrantrum|atk|1\n|-boost|p1a: Tyrantrum|spe|1\n|\n|-fieldend|move: Psychic Terrain\n|upkeep\n|turn|15\n|\n|t:|1700491207\n|move|p2a: Meowscarada|Knock Off|p1a: Tyrantrum\n|-damage|p1a: Tyrantrum|24\/100\n|-enditem|p1a: Tyrantrum|Life Orb|[from] move: Knock Off|[of] p2a: Meowscarada\n|move|p1a: Tyrantrum|Dragon Dance|p1a: Tyrantrum\n|-boost|p1a: Tyrantrum|atk|1\n|-boost|p1a: Tyrantrum|spe|1\n|\n|upkeep\n|turn|16\n|\n|t:|1700491213\n|move|p1a: Tyrantrum|Crunch|p2a: Meowscarada\n|-damage|p2a: Meowscarada|0 fnt\n|faint|p2a: Meowscarada\n|\n|upkeep\n|\n|t:|1700491217\n|switch|p2a: Greninja|Greninja, F, shiny, tera:Water|52\/100\n|turn|17\n|\n|t:|1700491222\n|move|p1a: Tyrantrum|Earthquake|p2a: Greninja\n|-damage|p2a: Greninja|0 fnt\n|faint|p2a: Greninja\n|\n|upkeep\n|\n|t:|1700491225\n|switch|p2a: Gyarados|Gyarados, M, shiny|100\/100\n|turn|18\n|\n|t:|1700491229\n|move|p1a: Tyrantrum|Head Smash|p2a: Gyarados\n|-supereffective|p2a: Gyarados\n|-damage|p2a: Gyarados|0 fnt\n|faint|p2a: Gyarados\n|\n|upkeep\n|\n|t:|1700491233\n|switch|p2a: Bisharp|Bisharp, M|100\/100\n|turn|19\n|\n|t:|1700491236\n|move|p1a: Tyrantrum|Earthquake|p2a: Bisharp\n|-supereffective|p2a: Bisharp\n|-enditem|p2a: Bisharp|Focus Sash\n|-damage|p2a: Bisharp|1\/100\n|move|p2a: Bisharp|Brick Break|p1a: Tyrantrum\n|-supereffective|p1a: Tyrantrum\n|-damage|p1a: Tyrantrum|0 fnt\n|faint|p1a: Tyrantrum\n|\n|upkeep\n|\n|t:|1700491239\n|switch|p1a: Tapu Lele|Tapu Lele|63\/100\n|-fieldstart|move: Psychic Terrain|[from] ability: Psychic Surge|[of] p1a: Tapu Lele\n|turn|20\n|c|\u2606Dark Umbreon 08|Gg\n|-message|Reaperkriu forfeited.\n|\n|win|Dark Umbreon 08\n|raw|Dark Umbreon 08's rating: 1081 &rarr; <strong>1108<\/strong><br \/>(+27 for winning)\n|raw|Reaperkriu's rating: 1065 &rarr; <strong>1046<\/strong><br \/>(-19 for losing)\n|l|\u2606Reaperkriu\n","uploadtime":1700491257,"views":1,"p1id":"darkumbreon08","p2id":"reaperkriu","formatid":"gen9nationaldex","rating":1046,"private":0,"password":""}