{"id":"gen9nationaldex-1998903326","p1":"taowang","p2":"Ackesh","format":"[Gen 9] National Dex","log":"|html|<div class=\"broadcast-blue\"><strong>[Gen 9] National Dex is currently suspecting Sneasler! For information on how to participate check out the <a href=\"https:\/\/www.smogon.com\/forums\/threads\/sv-national-dex-suspect-8-just-dance.3731534\/\">suspect thread<\/a>.<\/strong><\/div>\n|j|\u2606taowang\n|j|\u2606Ackesh\n|t:|1701011011\n|gametype|singles\n|player|p1|taowang|102|1533\n|player|p2|Ackesh|silver|1741\n|teamsize|p1|6\n|teamsize|p2|6\n|gen|9\n|tier|[Gen 9] National Dex\n|rated|\n|rule|HP Percentage Mod: HP is shown in percentages\n|rule|Endless Battle Clause: Forcing endless battles is banned\n|rule|OHKO Clause: OHKO moves are banned\n|rule|Evasion Clause: Evasion abilities, items, and moves are banned\n|rule|Evasion Abilities Clause: Evasion abilities are banned\n|rule|Evasion Items Clause: Evasion items are banned\n|rule|Evasion Moves Clause: Evasion moves are banned\n|rule|Species Clause: Limit one of each Pok\u00e9mon\n|rule|Sleep Clause Mod: Limit one foe put to sleep\n|clearpoke\n|poke|p1|Toxapex, F|\n|poke|p1|Dondozo, F|\n|poke|p1|Garganacl, F|\n|poke|p1|Sableye, F|\n|poke|p1|Corviknight, F|\n|poke|p1|Gliscor, F|\n|poke|p2|Venusaur, M|\n|poke|p2|Kyurem|\n|poke|p2|Torkoal, M|\n|poke|p2|Landorus-Therian, M|\n|poke|p2|Heatran, M|\n|poke|p2|Victini|\n|teampreview\n|inactive|Battle timer is ON: inactive players will automatically lose when time's up. (requested by taowang)\n|\n|t:|1701011026\n|start\n|switch|p1a: Sableye|Sableye, F, shiny|100\/100\n|switch|p2a: Torkoal|Torkoal, M|100\/100\n|-weather|SunnyDay|[from] ability: Drought|[of] p2a: Torkoal\n|turn|1\n|\n|t:|1701011033\n|switch|p2a: Landorus|Landorus-Therian, M|100\/100\n|-ability|p2a: Landorus|Intimidate|boost\n|-unboost|p1a: Sableye|atk|1\n|detailschange|p1a: Sableye|Sableye-Mega, F, shiny\n|-mega|p1a: Sableye|Sableye|Sablenite\n|move|p1a: Sableye|Knock Off|p2a: Landorus\n|-crit|p2a: Landorus\n|-damage|p2a: Landorus|56\/100\n|-enditem|p2a: Landorus|Soft Sand|[from] move: Knock Off|[of] p1a: Sableye\n|\n|-weather|SunnyDay|[upkeep]\n|upkeep\n|turn|2\n|j| NicksRokaya\n|\n|t:|1701011049\n|move|p2a: Landorus|U-turn|p1a: Sableye\n|-damage|p1a: Sableye|84\/100\n|\n|t:|1701011051\n|switch|p2a: Heatran|Heatran, M|100\/100|[from] U-turn\n|move|p1a: Sableye|Knock Off|p2a: Heatran\n|-damage|p2a: Heatran|82\/100\n|-enditem|p2a: Heatran|Choice Specs|[from] move: Knock Off|[of] p1a: Sableye\n|\n|-weather|SunnyDay|[upkeep]\n|upkeep\n|turn|3\n|\n|t:|1701011059\n|switch|p1a: Garganacl|Garganacl, F|100\/100\n|-terastallize|p2a: Heatran|Fire\n|move|p2a: Heatran|Eruption|p1a: Garganacl\n|-resisted|p1a: Garganacl\n|-crit|p1a: Garganacl\n|-damage|p1a: Garganacl|37\/100\n|\n|-weather|SunnyDay|[upkeep]\n|-heal|p1a: Garganacl|44\/100|[from] item: Leftovers\n|upkeep\n|turn|4\n|\n|t:|1701011071\n|move|p2a: Heatran|Eruption|p1a: Garganacl\n|-resisted|p1a: Garganacl\n|-damage|p1a: Garganacl|1\/100\n|move|p1a: Garganacl|Recover|p1a: Garganacl\n|-heal|p1a: Garganacl|51\/100\n|\n|-weather|SunnyDay|[upkeep]\n|-heal|p1a: Garganacl|57\/100|[from] item: Leftovers\n|upkeep\n|turn|5\n|\n|t:|1701011074\n|move|p2a: Heatran|Flash Cannon|p1a: Garganacl\n|-supereffective|p1a: Garganacl\n|-damage|p1a: Garganacl|0 fnt\n|faint|p1a: Garganacl\n|\n|-weather|SunnyDay|[upkeep]\n|upkeep\n|\n|t:|1701011084\n|switch|p1a: Toxapex|Toxapex, F, shiny|100\/100\n|turn|6\n|l| NicksRokaya\n|\n|t:|1701011086\n|move|p2a: Heatran|Earth Power|p1a: Toxapex\n|-supereffective|p1a: Toxapex\n|-damage|p1a: Toxapex|53\/100\n|move|p1a: Toxapex|Toxic|p2a: Heatran\n|-status|p2a: Heatran|tox\n|\n|-weather|SunnyDay|[upkeep]\n|-damage|p2a: Heatran|76\/100 tox|[from] psn\n|upkeep\n|turn|7\n|\n|t:|1701011091\n|move|p2a: Heatran|Earth Power|p1a: Toxapex\n|-supereffective|p1a: Toxapex\n|-damage|p1a: Toxapex|8\/100\n|move|p1a: Toxapex|Recover|p1a: Toxapex\n|-heal|p1a: Toxapex|58\/100\n|\n|-weather|SunnyDay|[upkeep]\n|-damage|p2a: Heatran|63\/100 tox|[from] psn\n|upkeep\n|turn|8\n|\n|t:|1701011101\n|move|p2a: Heatran|Earth Power|p1a: Toxapex\n|-supereffective|p1a: Toxapex\n|-damage|p1a: Toxapex|18\/100\n|move|p1a: Toxapex|Recover|p1a: Toxapex\n|-heal|p1a: Toxapex|68\/100\n|\n|-weather|none\n|-damage|p2a: Heatran|45\/100 tox|[from] psn\n|upkeep\n|turn|9\n|\n|t:|1701011113\n|switch|p2a: Torkoal|Torkoal, M|100\/100\n|-weather|SunnyDay|[from] ability: Drought|[of] p2a: Torkoal\n|move|p1a: Toxapex|Scald|p2a: Torkoal\n|-supereffective|p2a: Torkoal\n|-damage|p2a: Torkoal|78\/100\n|\n|-weather|SunnyDay|[upkeep]\n|upkeep\n|turn|10\n|\n|t:|1701011120\n|switch|p1a: Sableye|Sableye-Mega, F, shiny|84\/100\n|switch|p2a: Venusaur|Venusaur, M|100\/100\n|\n|-weather|SunnyDay|[upkeep]\n|upkeep\n|turn|11\n|\n|t:|1701011126\n|move|p2a: Venusaur|Growth|p2a: Venusaur\n|-boost|p2a: Venusaur|atk|2\n|-boost|p2a: Venusaur|spa|2\n|move|p1a: Sableye|Knock Off|p2a: Venusaur\n|-damage|p2a: Venusaur|61\/100\n|-enditem|p2a: Venusaur|Life Orb|[from] move: Knock Off|[of] p1a: Sableye\n|\n|-weather|SunnyDay|[upkeep]\n|upkeep\n|turn|12\n|\n|t:|1701011138\n|switch|p1a: Corviknight|Corviknight, F, shiny|100\/100\n|-ability|p1a: Corviknight|Pressure\n|move|p2a: Venusaur|Weather Ball|p1a: Corviknight\n|-supereffective|p1a: Corviknight\n|-damage|p1a: Corviknight|0 fnt\n|faint|p1a: Corviknight\n|\n|-weather|SunnyDay|[upkeep]\n|upkeep\n|-message|taowang forfeited.\n|\n|win|Ackesh\n|raw|taowang's rating: 1533 &rarr; <strong>1524<\/strong><br \/>(-9 for losing)\n|raw|Ackesh's rating: 1741 &rarr; <strong>1750<\/strong><br \/>(+9 for winning)\n|l|\u2606taowang\n","uploadtime":1701011148,"views":2,"p1id":"taowang","p2id":"ackesh","formatid":"gen9nationaldex","rating":1524,"private":0,"password":""}