{"id":"gen9nationaldex-1994420196","p1":"RunicPower419","p2":"Illouri","format":"[Gen 9] National Dex","log":"|j|\u2606RunicPower419\n|j|\u2606Illouri\n|t:|1700441918\n|gametype|singles\n|player|p1|RunicPower419|red-masters|\n|player|p2|Illouri|carmine|\n|teamsize|p1|6\n|teamsize|p2|6\n|gen|9\n|tier|[Gen 9] National Dex\n|rule|HP Percentage Mod: HP is shown in percentages\n|rule|Endless Battle Clause: Forcing endless battles is banned\n|rule|OHKO Clause: OHKO moves are banned\n|rule|Evasion Clause: Evasion abilities, items, and moves are banned\n|rule|Evasion Abilities Clause: Evasion abilities are banned\n|rule|Evasion Items Clause: Evasion items are banned\n|rule|Evasion Moves Clause: Evasion moves are banned\n|rule|Species Clause: Limit one of each Pok\u00e9mon\n|rule|Sleep Clause Mod: Limit one foe put to sleep\n|clearpoke\n|poke|p1|Zapdos|\n|poke|p1|Sinistcha-Masterpiece|\n|poke|p1|Ting-Lu|\n|poke|p1|Alomomola, M|\n|poke|p1|Heatran, F|\n|poke|p1|Zamazenta-*|\n|poke|p2|Zarude|\n|poke|p2|Heatran, F|\n|poke|p2|Lopunny, F|\n|poke|p2|Alomomola, F|\n|poke|p2|Gliscor, F|\n|poke|p2|Slowking-Galar, F|\n|teampreview\n|inactive|Battle timer is ON: inactive players will automatically lose when time's up. (requested by RunicPower419)\n|c|\u2606RunicPower419|I know this team\n|c|\u2606Illouri|hf\n|c|\u2606RunicPower419|are you and Ineros one in the same!\n|c|\u2606Illouri|no you dont :smug:\n|c|\u2606RunicPower419|?\n|inactive|RunicPower419 has 270 seconds left.\n|inactive|Illouri has 270 seconds left.\n|c|\u2606Illouri|his didnt have glowking\n|c|\u2606Illouri|methinks\n|\n|t:|1700441964\n|start\n|switch|p1a: Zamazenta|Zamazenta|100\/100\n|switch|p2a: DAYS BEFORE RODEO|Heatran, F|100\/100\n|-ability|p1a: Zamazenta|Dauntless Shield|boost\n|-boost|p1a: Zamazenta|def|1\n|turn|1\n|c|\u2606RunicPower419|Your whole team cteams me\n|c|\u2606RunicPower419|Also glhf\n|c|\u2606Illouri|damn\n|c|\u2606Illouri|shi traguc\n|\n|t:|1700441989\n|switch|p2a: ASTROWORLD|Slowking-Galar, F, shiny|100\/100\n|move|p1a: Zamazenta|Crunch|p2a: ASTROWORLD\n|-supereffective|p2a: ASTROWORLD\n|-damage|p2a: ASTROWORLD|13\/100\n|\n|upkeep\n|turn|2\n|c|\u2606Illouri|wow\n|\n|t:|1700442000\n|switch|p1a: Alomomola|Alomomola, M|100\/100\n|switch|p2a: UTOPIA|Alomomola, F, shiny|100\/100\n|\n|upkeep\n|turn|3\n|\n|t:|1700442006\n|move|p1a: Alomomola|Toxic|p2a: UTOPIA\n|-status|p2a: UTOPIA|tox\n|move|p2a: UTOPIA|Toxic|p1a: Alomomola\n|-status|p1a: Alomomola|tox\n|\n|-damage|p1a: Alomomola|94\/100 tox|[from] psn\n|-damage|p2a: UTOPIA|94\/100 tox|[from] psn\n|upkeep\n|turn|4\n|\n|t:|1700442011\n|move|p1a: Alomomola|Flip Turn|p2a: UTOPIA\n|-resisted|p2a: UTOPIA\n|-damage|p2a: UTOPIA|90\/100 tox\n|\n|t:|1700442014\n|switch|p1a: Zapdos|Zapdos, shiny|100\/100|[from] Flip Turn\n|move|p2a: UTOPIA|Flip Turn|p1a: Zapdos\n|-damage|p1a: Zapdos|87\/100\n|\n|t:|1700442024\n|switch|p2a: ASTROWORLD|Slowking-Galar, F, shiny|46\/100|[from] Flip Turn\n|\n|upkeep\n|turn|5\n|\n|t:|1700442043\n|move|p1a: Zapdos|Volt Switch|p2a: ASTROWORLD\n|-damage|p2a: ASTROWORLD|27\/100\n|\n|t:|1700442047\n|switch|p1a: Heatran|Heatran, F|100\/100|[from] Volt Switch\n|move|p2a: ASTROWORLD|Chilly Reception|p2a: ASTROWORLD\n|-weather|Snow\n|\n|t:|1700442053\n|switch|p2a: RODEO|Gliscor, F, shiny|100\/100|[from] Chilly Reception\n|\n|-weather|Snow|[upkeep]\n|-status|p2a: RODEO|tox|[from] item: Toxic Orb\n|upkeep\n|turn|6\n|j| AceKing14\n|\n|t:|1700442068\n|-terastallize|p1a: Heatran|Grass\n|move|p2a: RODEO|Toxic|p1a: Heatran\n|-status|p1a: Heatran|tox\n|move|p1a: Heatran|Taunt|p2a: RODEO\n|-start|p2a: RODEO|move: Taunt\n|\n|-weather|Snow|[upkeep]\n|-damage|p1a: Heatran|94\/100 tox|[from] psn\n|upkeep\n|turn|7\n|c| AceKing14|the sinintcha\n|c| AceKing14|the only real garg counter\n|c| AceKing14|everything else is fake\n|\n|t:|1700442096\n|switch|p2a: ASTROWORLD|Slowking-Galar, F, shiny|60\/100\n|move|p1a: Heatran|Magma Storm|p2a: ASTROWORLD\n|-damage|p2a: ASTROWORLD|33\/100\n|-activate|p2a: ASTROWORLD|move: Magma Storm|[of] p1a: Heatran\n|\n|-weather|Snow|[upkeep]\n|-heal|p1a: Heatran|100\/100 tox|[from] item: Leftovers\n|-damage|p1a: Heatran|88\/100 tox|[from] psn\n|-damage|p2a: ASTROWORLD|21\/100|[from] move: Magma Storm|[partiallytrapped]\n|upkeep\n|turn|8\n|inactive|Illouri has 270 seconds left.\n|c|\u2606Illouri|i sold my glow\n|c| AceKing14|how is glow taking 27\n|c| AceKing14|Normally it would take 20\n|c|\u2606Illouri|i dont even know\n|c| AceKing14|Ig not bulky heatran\n|inactive|Illouri has 240 seconds left.\n|\n|t:|1700442145\n|switch|p1a: Ting-Lu|Ting-Lu|100\/100\n|-ability|p1a: Ting-Lu|Vessel of Ruin\n|move|p2a: ASTROWORLD|Sludge Bomb|p1a: Ting-Lu\n|-resisted|p1a: Ting-Lu\n|-damage|p1a: Ting-Lu|94\/100\n|\n|-weather|Snow|[upkeep]\n|-heal|p1a: Ting-Lu|99\/100|[from] item: Leftovers\n|-end|p2a: ASTROWORLD|Magma Storm|[partiallytrapped]|[silent]\n|upkeep\n|turn|9\n|\n|t:|1700442155\n|switch|p2a: BIRDS IN THE TRAP|Zarude|100\/100\n|move|p1a: Ting-Lu|Spikes|p2a: BIRDS IN THE TRAP\n|-sidestart|p2: Illouri|Spikes\n|\n|-weather|none\n|-heal|p1a: Ting-Lu|100\/100|[from] item: Leftovers\n|upkeep\n|turn|10\n|\n|t:|1700442161\n|move|p2a: BIRDS IN THE TRAP|Swords Dance|p2a: BIRDS IN THE TRAP\n|-boost|p2a: BIRDS IN THE TRAP|atk|2\n|move|p1a: Ting-Lu|Whirlwind|p2a: BIRDS IN THE TRAP\n|drag|p2a: UTOPIA|Alomomola, F, shiny|100\/100 tox\n|\n|-damage|p2a: UTOPIA|94\/100 tox|[from] psn\n|upkeep\n|turn|11\n|\n|t:|1700442174\n|switch|p1a: Alomomola|Alomomola, M|100\/100 tox\n|move|p2a: UTOPIA|Wish|p2a: UTOPIA\n|\n|-damage|p1a: Alomomola|94\/100 tox|[from] psn\n|-damage|p2a: UTOPIA|82\/100 tox|[from] psn\n|upkeep\n|turn|12\n|\n|t:|1700442183\n|switch|p2a: ASTROWORLD|Slowking-Galar, F, shiny|54\/100\n|move|p1a: Alomomola|Flip Turn|p2a: ASTROWORLD\n|-crit|p2a: ASTROWORLD\n|-damage|p2a: ASTROWORLD|33\/100\n|l| AceKing14\n|\n|t:|1700442186\n|switch|p1a: Zamazenta|Zamazenta|100\/100|[from] Flip Turn\n|\n|-heal|p2a: ASTROWORLD|93\/100|[from] move: Wish|[wisher] UTOPIA\n|upkeep\n|turn|13\n|inactive|Illouri has 270 seconds left.\n|\n|t:|1700442212\n|switch|p1a: Ting-Lu|Ting-Lu|100\/100\n|-ability|p1a: Ting-Lu|Vessel of Ruin\n|switch|p2a: RODEO|Gliscor, F, shiny|100\/100 tox\n|\n|upkeep\n|turn|14\n|\n|t:|1700442228\n|switch|p1a: Heatran|Heatran, F, tera:Grass|88\/100 tox\n|move|p2a: RODEO|Toxic|p1a: Heatran\n|-fail|p1a: Heatran|tox\n|\n|-heal|p1a: Heatran|94\/100 tox|[from] item: Leftovers\n|-damage|p1a: Heatran|88\/100 tox|[from] psn\n|upkeep\n|turn|15\n|inactive|Illouri has 240 seconds left.\n|inactive|RunicPower419 has 270 seconds left.\n|c|\u2606Illouri|havent played in a min this is scratching my brain in a good way\n|inactive|RunicPower419 has 240 seconds left.\n|j| AceKing14\n|\n|t:|1700442286\n|move|p2a: RODEO|Defog|p1a: Heatran\n|-unboost|p1a: Heatran|evasion|1\n|-sideend|p2: Illouri|Spikes|[from] move: Defog|[of] p2a: RODEO\n|move|p1a: Heatran|Earth Power|p2a: RODEO\n|-immune|p2a: RODEO\n|\n|-heal|p1a: Heatran|94\/100 tox|[from] item: Leftovers\n|-damage|p1a: Heatran|82\/100 tox|[from] psn\n|upkeep\n|turn|16\n|l| AceKing14\n|\n|t:|1700442297\n|move|p2a: RODEO|Earthquake|p1a: Heatran\n|-resisted|p1a: Heatran\n|-damage|p1a: Heatran|67\/100 tox\n|move|p1a: Heatran|Magma Storm|p2a: RODEO\n|-damage|p2a: RODEO|66\/100 tox\n|-activate|p2a: RODEO|move: Magma Storm|[of] p1a: Heatran\n|\n|-heal|p1a: Heatran|74\/100 tox|[from] item: Leftovers\n|-heal|p2a: RODEO|78\/100 tox|[from] ability: Poison Heal\n|-damage|p1a: Heatran|55\/100 tox|[from] psn\n|-damage|p2a: RODEO|66\/100 tox|[from] move: Magma Storm|[partiallytrapped]\n|upkeep\n|turn|17\n|inactive|RunicPower419 has 240 seconds left.\n|\n|t:|1700442327\n|move|p2a: RODEO|Roost|p2a: RODEO\n|-heal|p2a: RODEO|100\/100 tox\n|-singleturn|p2a: RODEO|move: Roost\n|move|p1a: Heatran|Taunt|p2a: RODEO\n|-start|p2a: RODEO|move: Taunt\n|\n|-heal|p1a: Heatran|61\/100 tox|[from] item: Leftovers\n|-damage|p1a: Heatran|36\/100 tox|[from] psn\n|-damage|p2a: RODEO|88\/100 tox|[from] move: Magma Storm|[partiallytrapped]\n|upkeep\n|turn|18\n|\n|t:|1700442336\n|switch|p1a: Alomomola|Alomomola, M|100\/100 tox\n|move|p2a: RODEO|Earthquake|p1a: Alomomola\n|-damage|p1a: Alomomola|81\/100 tox\n|\n|-heal|p2a: RODEO|100\/100 tox|[from] ability: Poison Heal\n|-damage|p1a: Alomomola|74\/100 tox|[from] psn\n|-end|p2a: RODEO|Magma Storm|[partiallytrapped]|[silent]\n|upkeep\n|turn|19\n|inactive|RunicPower419 has 240 seconds left.\n|inactive|Illouri has 210 seconds left.\n|\n|t:|1700442371\n|switch|p2a: ASTROWORLD|Slowking-Galar, F, shiny|100\/100\n|move|p1a: Alomomola|Wish|p1a: Alomomola\n|\n|-damage|p1a: Alomomola|62\/100 tox|[from] psn\n|upkeep\n|turn|20\n|j| Kittyredheart\n|l| Kittyredheart\n|\n|t:|1700442382\n|switch|p1a: Ting-Lu|Ting-Lu|100\/100\n|-ability|p1a: Ting-Lu|Vessel of Ruin\n|move|p2a: ASTROWORLD|Future Sight|p1a: Ting-Lu\n|-start|p2a: ASTROWORLD|move: Future Sight\n|\n|upkeep\n|turn|21\n|inactive|RunicPower419 has 210 seconds left.\n|\n|t:|1700442402\n|switch|p2a: BIRDS IN THE TRAP|Zarude|100\/100\n|move|p1a: Ting-Lu|Ruination|p2a: BIRDS IN THE TRAP\n|-damage|p2a: BIRDS IN THE TRAP|51\/100\n|\n|upkeep\n|turn|22\n|j| AceKing14\n|l| AceKing14\n|\n|t:|1700442414\n|switch|p1a: Zapdos|Zapdos, shiny|87\/100\n|move|p2a: BIRDS IN THE TRAP|Power Whip|p1a: Zapdos\n|-resisted|p1a: Zapdos\n|-damage|p1a: Zapdos|56\/100\n|-status|p2a: BIRDS IN THE TRAP|par|[from] ability: Static|[of] p1a: Zapdos\n|-damage|p2a: BIRDS IN THE TRAP|41\/100 par|[from] item: Life Orb\n|\n|-end|p1a: Zapdos|move: Future Sight\n|-damage|p1a: Zapdos|9\/100\n|upkeep\n|turn|23\n|\n|t:|1700442428\n|switch|p1a: Zamazenta|Zamazenta|100\/100\n|switch|p2a: DAYS BEFORE RODEO|Heatran, F|100\/100\n|\n|upkeep\n|turn|24\n|\n|t:|1700442435\n|-terastallize|p2a: DAYS BEFORE RODEO|Grass\n|move|p1a: Zamazenta|Ice Fang|p2a: DAYS BEFORE RODEO\n|-supereffective|p2a: DAYS BEFORE RODEO\n|-damage|p2a: DAYS BEFORE RODEO|34\/100\n|move|p2a: DAYS BEFORE RODEO|Magma Storm|p1a: Zamazenta\n|-damage|p1a: Zamazenta|49\/100\n|-activate|p1a: Zamazenta|move: Magma Storm|[of] p2a: DAYS BEFORE RODEO\n|\n|-heal|p2a: DAYS BEFORE RODEO|40\/100|[from] item: Leftovers\n|-damage|p1a: Zamazenta|37\/100|[from] move: Magma Storm|[partiallytrapped]\n|upkeep\n|turn|25\n|c|\u2606Illouri|these god damn reads man\n|\n|t:|1700442449\n|switch|p2a: ASTROWORLD|Slowking-Galar, F, shiny|100\/100\n|move|p1a: Zamazenta|Ice Fang|p2a: ASTROWORLD\n|-damage|p2a: ASTROWORLD|66\/100\n|\n|-end|p1a: Zamazenta|Magma Storm|[partiallytrapped]|[silent]\n|upkeep\n|turn|26\n|\n|t:|1700442465\n|switch|p1a: Alomomola|Alomomola, M|95\/100 tox\n|move|p2a: ASTROWORLD|Thunder Wave||[still]\n|-fail|p2a: ASTROWORLD\n|\n|-damage|p1a: Alomomola|89\/100 tox|[from] psn\n|upkeep\n|turn|27\n|inactive|RunicPower419 has 240 seconds left.\n|c|\u2606Illouri|i feel like poisoning mola was\n|c|\u2606Illouri|bad\n|\n|t:|1700442485\n|switch|p2a: UTOPIA|Alomomola, F, shiny|100\/100 tox\n|move|p1a: Alomomola|Wish|p1a: Alomomola\n|\n|-damage|p1a: Alomomola|77\/100 tox|[from] psn\n|-damage|p2a: UTOPIA|94\/100 tox|[from] psn\n|upkeep\n|turn|28\n|inactive|RunicPower419 has 240 seconds left.\n|\n|t:|1700442492\n|move|p1a: Alomomola|Flip Turn|p2a: UTOPIA\n|-resisted|p2a: UTOPIA\n|-damage|p2a: UTOPIA|89\/100 tox\n|\n|t:|1700442494\n|switch|p1a: Heatran|Heatran, F, tera:Grass|36\/100 tox|[from] Flip Turn\n|move|p2a: UTOPIA|Wish|p2a: UTOPIA\n|\n|-heal|p1a: Heatran|97\/100 tox|[from] move: Wish|[wisher] Alomomola\n|-heal|p1a: Heatran|100\/100 tox|[from] item: Leftovers\n|-damage|p1a: Heatran|94\/100 tox|[from] psn\n|-damage|p2a: UTOPIA|77\/100 tox|[from] psn\n|upkeep\n|turn|29\n|\n|t:|1700442505\n|switch|p2a: BIRDS IN THE TRAP|Zarude|41\/100 par\n|move|p1a: Heatran|Magma Storm|p2a: BIRDS IN THE TRAP\n|-supereffective|p2a: BIRDS IN THE TRAP\n|-damage|p2a: BIRDS IN THE TRAP|0 fnt\n|faint|p2a: BIRDS IN THE TRAP\n|\n|-heal|p1a: Heatran|100\/100 tox|[from] item: Leftovers\n|-damage|p1a: Heatran|88\/100 tox|[from] psn\n|upkeep\n|c|\u2606Illouri|mm\n|c|\u2606RunicPower419|Huge\n|\n|t:|1700442518\n|switch|p2a: JACKBOYS|Lopunny, F, shiny|100\/100\n|turn|30\n|c|\u2606RunicPower419|that thing has killed me every time\n|\n|t:|1700442527\n|switch|p1a: Sinistcha|Sinistcha-Masterpiece, shiny|100\/100\n|detailschange|p2a: JACKBOYS|Lopunny-Mega, F, shiny\n|-mega|p2a: JACKBOYS|Lopunny|Lopunnite\n|move|p2a: JACKBOYS|U-turn|p1a: Sinistcha\n|-damage|p1a: Sinistcha|83\/100\n|\n|t:|1700442536\n|switch|p2a: DAYS BEFORE RODEO|Heatran, F, tera:Grass|40\/100|[from] U-turn\n|\n|-heal|p2a: DAYS BEFORE RODEO|47\/100|[from] item: Leftovers\n|-heal|p1a: Sinistcha|89\/100|[from] item: Leftovers\n|upkeep\n|turn|31\n|inactive|RunicPower419 has 270 seconds left.\n|\n|t:|1700442545\n|switch|p1a: Alomomola|Alomomola, M|100\/100 tox\n|move|p2a: DAYS BEFORE RODEO|Stealth Rock|p1a: Alomomola\n|-sidestart|p1: RunicPower419|move: Stealth Rock\n|\n|-heal|p2a: DAYS BEFORE RODEO|53\/100|[from] item: Leftovers\n|-damage|p1a: Alomomola|94\/100 tox|[from] psn\n|upkeep\n|turn|32\n|\n|t:|1700442549\n|move|p2a: DAYS BEFORE RODEO|Magma Storm|p1a: Alomomola\n|-resisted|p1a: Alomomola\n|-damage|p1a: Alomomola|70\/100 tox\n|-activate|p1a: Alomomola|move: Magma Storm|[of] p2a: DAYS BEFORE RODEO\n|move|p1a: Alomomola|Toxic|p2a: DAYS BEFORE RODEO\n|-status|p2a: DAYS BEFORE RODEO|tox\n|\n|-heal|p2a: DAYS BEFORE RODEO|59\/100 tox|[from] item: Leftovers\n|-damage|p2a: DAYS BEFORE RODEO|53\/100 tox|[from] psn\n|-damage|p1a: Alomomola|58\/100 tox|[from] psn\n|-damage|p1a: Alomomola|45\/100 tox|[from] move: Magma Storm|[partiallytrapped]\n|upkeep\n|turn|33\n|inactive|Illouri has 240 seconds left.\n|\n|t:|1700442559\n|move|p2a: DAYS BEFORE RODEO|Earth Power|p1a: Alomomola\n|-damage|p1a: Alomomola|15\/100 tox\n|-unboost|p1a: Alomomola|spd|1\n|move|p1a: Alomomola|Flip Turn|p2a: DAYS BEFORE RODEO\n|-resisted|p2a: DAYS BEFORE RODEO\n|-damage|p2a: DAYS BEFORE RODEO|45\/100 tox\n|\n|t:|1700442564\n|switch|p1a: Zamazenta|Zamazenta|37\/100|[from] Flip Turn\n|-damage|p1a: Zamazenta|31\/100|[from] Stealth Rock\n|\n|-heal|p2a: DAYS BEFORE RODEO|51\/100 tox|[from] item: Leftovers\n|-damage|p2a: DAYS BEFORE RODEO|39\/100 tox|[from] psn\n|upkeep\n|turn|34\n|inactive|Illouri has 240 seconds left.\n|\n|t:|1700442582\n|switch|p2a: RODEO|Gliscor, F, shiny|100\/100 tox\n|move|p1a: Zamazenta|Wild Charge|p2a: RODEO\n|-immune|p2a: RODEO\n|\n|upkeep\n|turn|35\n|inactive|Illouri has 240 seconds left.\n|\n|t:|1700442594\n|switch|p1a: Zapdos|Zapdos, shiny|9\/100\n|switch|p2a: UTOPIA|Alomomola, F, shiny|100\/100 tox\n|\n|-damage|p2a: UTOPIA|94\/100 tox|[from] psn\n|upkeep\n|turn|36\n|\n|t:|1700442600\n|move|p1a: Zapdos|Roost|p1a: Zapdos\n|-heal|p1a: Zapdos|59\/100\n|-singleturn|p1a: Zapdos|move: Roost\n|move|p2a: UTOPIA|Toxic|p1a: Zapdos\n|-status|p1a: Zapdos|tox\n|\n|-damage|p1a: Zapdos|53\/100 tox|[from] psn\n|-damage|p2a: UTOPIA|82\/100 tox|[from] psn\n|upkeep\n|turn|37\n|\n|t:|1700442604\n|move|p1a: Zapdos|Roost|p1a: Zapdos\n|-heal|p1a: Zapdos|100\/100 tox\n|-singleturn|p1a: Zapdos|move: Roost\n|move|p2a: UTOPIA|Wish|p2a: UTOPIA\n|\n|-damage|p1a: Zapdos|88\/100 tox|[from] psn\n|-damage|p2a: UTOPIA|64\/100 tox|[from] psn\n|upkeep\n|turn|38\n|\n|t:|1700442609\n|switch|p2a: DAYS BEFORE RODEO|Heatran, F, tera:Grass|39\/100 tox\n|move|p1a: Zapdos|Volt Switch|p2a: DAYS BEFORE RODEO\n|-resisted|p2a: DAYS BEFORE RODEO\n|-damage|p2a: DAYS BEFORE RODEO|23\/100 tox\n|\n|t:|1700442613\n|switch|p1a: Zamazenta|Zamazenta|31\/100|[from] Volt Switch\n|-damage|p1a: Zamazenta|25\/100|[from] Stealth Rock\n|\n|-heal|p2a: DAYS BEFORE RODEO|96\/100 tox|[from] move: Wish|[wisher] UTOPIA\n|-heal|p2a: DAYS BEFORE RODEO|100\/100 tox|[from] item: Leftovers\n|-damage|p2a: DAYS BEFORE RODEO|94\/100 tox|[from] psn\n|upkeep\n|turn|39\n|inactive|Illouri has 270 seconds left.\n|\n|t:|1700442627\n|switch|p1a: Heatran|Heatran, F, tera:Grass|88\/100 tox\n|-damage|p1a: Heatran|76\/100 tox|[from] Stealth Rock\n|switch|p2a: ASTROWORLD|Slowking-Galar, F, shiny|99\/100\n|\n|-heal|p1a: Heatran|82\/100 tox|[from] item: Leftovers\n|-damage|p1a: Heatran|76\/100 tox|[from] psn\n|upkeep\n|turn|40\n|\n|t:|1700442637\n|switch|p1a: Ting-Lu|Ting-Lu|100\/100\n|-damage|p1a: Ting-Lu|94\/100|[from] Stealth Rock\n|-ability|p1a: Ting-Lu|Vessel of Ruin\n|move|p2a: ASTROWORLD|Sludge Bomb|p1a: Ting-Lu\n|-resisted|p1a: Ting-Lu\n|-damage|p1a: Ting-Lu|87\/100\n|\n|-heal|p1a: Ting-Lu|93\/100|[from] item: Leftovers\n|upkeep\n|turn|41\n|\n|t:|1700442647\n|move|p1a: Ting-Lu|Spikes|p2a: ASTROWORLD\n|-sidestart|p2: Illouri|Spikes\n|move|p2a: ASTROWORLD|Chilly Reception|p2a: ASTROWORLD\n|-weather|Snow\n|inactive|Illouri has 270 seconds left.\n|\n|t:|1700442658\n|switch|p2a: JACKBOYS|Lopunny-Mega, F, shiny|100\/100|[from] Chilly Reception\n|-damage|p2a: JACKBOYS|88\/100|[from] Spikes\n|\n|-weather|Snow|[upkeep]\n|-heal|p1a: Ting-Lu|99\/100|[from] item: Leftovers\n|upkeep\n|turn|42\n|\n|t:|1700442675\n|switch|p1a: Zapdos|Zapdos, shiny|88\/100 tox\n|move|p2a: JACKBOYS|Fake Out|p1a: Zapdos\n|-damage|p1a: Zapdos|70\/100 tox\n|\n|-weather|Snow|[upkeep]\n|-damage|p1a: Zapdos|64\/100 tox|[from] psn\n|upkeep\n|turn|43\n|\n|t:|1700442681\n|move|p2a: JACKBOYS|Frustration|p1a: Zapdos\n|-damage|p1a: Zapdos|20\/100 tox\n|-status|p2a: JACKBOYS|par|[from] ability: Static|[of] p1a: Zapdos\n|move|p1a: Zapdos|Volt Switch|p2a: JACKBOYS\n|-damage|p2a: JACKBOYS|48\/100 par\n|\n|t:|1700442687\n|switch|p1a: Zamazenta|Zamazenta|25\/100|[from] Volt Switch\n|-damage|p1a: Zamazenta|19\/100|[from] Stealth Rock\n|\n|-weather|Snow|[upkeep]\n|upkeep\n|turn|44\n|c|\u2606RunicPower419|Aint gonna lie\n|c|\u2606RunicPower419|that was stupid of me\n|inactive|RunicPower419 has 270 seconds left.\n|inactive|Illouri has 270 seconds left.\n|c|\u2606Illouri|yeah zap just dies but\n|c|\u2606Illouri|now i have to play super passively\n|\n|t:|1700442736\n|move|p1a: Zamazenta|Close Combat|p2a: JACKBOYS\n|-supereffective|p2a: JACKBOYS\n|-damage|p2a: JACKBOYS|0 fnt\n|-unboost|p1a: Zamazenta|def|1\n|-unboost|p1a: Zamazenta|spd|1\n|faint|p2a: JACKBOYS\n|\n|-weather|Snow|[upkeep]\n|upkeep\n|\n|t:|1700442743\n|switch|p2a: UTOPIA|Alomomola, F, shiny|97\/100 tox\n|turn|45\n|inactive|Illouri has 240 seconds left.\n|\n|t:|1700442780\n|switch|p1a: Zapdos|Zapdos, shiny|20\/100 tox\n|move|p2a: UTOPIA|Flip Turn|p1a: Zapdos\n|-damage|p1a: Zapdos|8\/100 tox\n|c|\u2606Illouri|Fucking\n|c|\u2606Illouri|hdb\n|\n|t:|1700442790\n|switch|p2a: DAYS BEFORE RODEO|Heatran, F, tera:Grass|94\/100 tox|[from] Flip Turn\n|-damage|p2a: DAYS BEFORE RODEO|82\/100 tox|[from] Spikes\n|\n|-weather|none\n|-heal|p2a: DAYS BEFORE RODEO|88\/100 tox|[from] item: Leftovers\n|-damage|p2a: DAYS BEFORE RODEO|82\/100 tox|[from] psn\n|-damage|p1a: Zapdos|2\/100 tox|[from] psn\n|upkeep\n|turn|46\n|inactive|RunicPower419 has 270 seconds left.\n|\n|t:|1700442827\n|move|p2a: DAYS BEFORE RODEO|Magma Storm|p1a: Zapdos|[miss]\n|-miss|p2a: DAYS BEFORE RODEO|p1a: Zapdos\n|move|p1a: Zapdos|Hurricane|p2a: DAYS BEFORE RODEO\n|-supereffective|p2a: DAYS BEFORE RODEO\n|-damage|p2a: DAYS BEFORE RODEO|0 fnt\n|faint|p2a: DAYS BEFORE RODEO\n|\n|-damage|p1a: Zapdos|0 fnt|[from] psn\n|faint|p1a: Zapdos\n|upkeep\n|inactive|Illouri has 240 seconds left.\n|c|\u2606RunicPower419|Sweet\n|c|\u2606Illouri|im actually fine with that\n|\n|t:|1700442853\n|switch|p2a: UTOPIA|Alomomola, F, shiny|100\/100 tox\n|switch|p1a: Zamazenta|Zamazenta|19\/100\n|-damage|p1a: Zamazenta|12\/100|[from] Stealth Rock\n|turn|47\n|\n|t:|1700442863\n|move|p1a: Zamazenta|Close Combat|p2a: UTOPIA\n|-damage|p2a: UTOPIA|46\/100 tox\n|-unboost|p1a: Zamazenta|def|1\n|-unboost|p1a: Zamazenta|spd|1\n|move|p2a: UTOPIA|Flip Turn|p1a: Zamazenta\n|-damage|p1a: Zamazenta|0 fnt\n|faint|p1a: Zamazenta\n|\n|t:|1700442872\n|switch|p2a: RODEO|Gliscor, F, shiny|100\/100 tox|[from] Flip Turn\n|\n|upkeep\n|\n|t:|1700442875\n|switch|p1a: Sinistcha|Sinistcha-Masterpiece, shiny|89\/100\n|-damage|p1a: Sinistcha|77\/100|[from] Stealth Rock\n|turn|48\n|\n|t:|1700442878\n|move|p2a: RODEO|Toxic|p1a: Sinistcha\n|-status|p1a: Sinistcha|tox\n|move|p1a: Sinistcha|Calm Mind|p1a: Sinistcha\n|-boost|p1a: Sinistcha|spa|1\n|-boost|p1a: Sinistcha|spd|1\n|\n|-heal|p1a: Sinistcha|83\/100 tox|[from] item: Leftovers\n|-damage|p1a: Sinistcha|77\/100 tox|[from] psn\n|upkeep\n|turn|49\n|\n|t:|1700442882\n|switch|p2a: ASTROWORLD|Slowking-Galar, F, shiny|100\/100\n|move|p1a: Sinistcha|Calm Mind|p1a: Sinistcha\n|-boost|p1a: Sinistcha|spa|1\n|-boost|p1a: Sinistcha|spd|1\n|\n|-heal|p1a: Sinistcha|83\/100 tox|[from] item: Leftovers\n|-damage|p1a: Sinistcha|71\/100 tox|[from] psn\n|upkeep\n|turn|50\n|\n|t:|1700442887\n|move|p1a: Sinistcha|Shadow Ball|p2a: ASTROWORLD\n|-supereffective|p2a: ASTROWORLD\n|-damage|p2a: ASTROWORLD|25\/100\n|move|p2a: ASTROWORLD|Sludge Bomb|p1a: Sinistcha\n|-damage|p1a: Sinistcha|49\/100 tox\n|\n|-heal|p1a: Sinistcha|55\/100 tox|[from] item: Leftovers\n|-damage|p1a: Sinistcha|37\/100 tox|[from] psn\n|upkeep\n|turn|51\n|inactive|Illouri has 270 seconds left.\n|c|\u2606Illouri|my dumbass was ab to say \"it gets that?\"\n|\n|t:|1700442908\n|switch|p2a: RODEO|Gliscor, F, shiny|100\/100 tox\n|move|p1a: Sinistcha|Shadow Ball|p2a: RODEO\n|-damage|p2a: RODEO|49\/100 tox\n|\n|-heal|p1a: Sinistcha|43\/100 tox|[from] item: Leftovers\n|-heal|p2a: RODEO|62\/100 tox|[from] ability: Poison Heal\n|-damage|p1a: Sinistcha|18\/100 tox|[from] psn\n|upkeep\n|turn|52\n|c|\u2606RunicPower419|LOL\n|\n|t:|1700442916\n|move|p2a: RODEO|Roost|p2a: RODEO\n|-heal|p2a: RODEO|100\/100 tox\n|-singleturn|p2a: RODEO|move: Roost\n|move|p1a: Sinistcha|Strength Sap|p2a: RODEO\n|-unboost|p2a: RODEO|atk|1\n|-heal|p1a: Sinistcha|84\/100 tox\n|\n|-heal|p1a: Sinistcha|90\/100 tox|[from] item: Leftovers\n|-damage|p1a: Sinistcha|60\/100 tox|[from] psn\n|upkeep\n|turn|53\n|c|\u2606Illouri|i forgot it was part ghost\n|\n|t:|1700442932\n|move|p2a: RODEO|Roost||[still]\n|-fail|p2a: RODEO|heal\n|move|p1a: Sinistcha|Shadow Ball|p2a: RODEO\n|-damage|p2a: RODEO|46\/100 tox\n|\n|-heal|p1a: Sinistcha|66\/100 tox|[from] item: Leftovers\n|-heal|p2a: RODEO|58\/100 tox|[from] ability: Poison Heal\n|-damage|p1a: Sinistcha|29\/100 tox|[from] psn\n|upkeep\n|turn|54\n|\n|t:|1700442940\n|switch|p1a: Heatran|Heatran, F, tera:Grass|76\/100 tox\n|-damage|p1a: Heatran|63\/100 tox|[from] Stealth Rock\n|move|p2a: RODEO|Roost|p2a: RODEO\n|-heal|p2a: RODEO|100\/100 tox\n|-singleturn|p2a: RODEO|move: Roost\n|\n|-heal|p1a: Heatran|69\/100 tox|[from] item: Leftovers\n|-damage|p1a: Heatran|63\/100 tox|[from] psn\n|upkeep\n|turn|55\n|inactive|Illouri has 270 seconds left.\n|\n|t:|1700442952\n|switch|p2a: ASTROWORLD|Slowking-Galar, F, shiny|59\/100\n|move|p1a: Heatran|Taunt|p2a: ASTROWORLD\n|-start|p2a: ASTROWORLD|move: Taunt\n|\n|-heal|p1a: Heatran|69\/100 tox|[from] item: Leftovers\n|-damage|p1a: Heatran|57\/100 tox|[from] psn\n|upkeep\n|turn|56\n|inactive|Illouri has 270 seconds left.\n|\n|t:|1700442963\n|switch|p1a: Ting-Lu|Ting-Lu|99\/100\n|-damage|p1a: Ting-Lu|93\/100|[from] Stealth Rock\n|-ability|p1a: Ting-Lu|Vessel of Ruin\n|move|p2a: ASTROWORLD|Sludge Bomb|p1a: Ting-Lu\n|-resisted|p1a: Ting-Lu\n|-damage|p1a: Ting-Lu|85\/100\n|\n|-heal|p1a: Ting-Lu|92\/100|[from] item: Leftovers\n|upkeep\n|turn|57\n|inactive|Illouri has 270 seconds left.\n|\n|t:|1700442977\n|switch|p2a: RODEO|Gliscor, F, shiny|100\/100 tox\n|move|p1a: Ting-Lu|Ruination|p2a: RODEO|[miss]\n|-miss|p1a: Ting-Lu|p2a: RODEO\n|\n|-heal|p1a: Ting-Lu|98\/100|[from] item: Leftovers\n|upkeep\n|turn|58\n|c|\u2606Illouri|SHIT\n|inactive|Illouri has 270 seconds left.\n|c|\u2606Illouri|THAT MOVE\n|c|\u2606RunicPower419|Hehehehe\n|\n|t:|1700443003\n|move|p2a: RODEO|Toxic|p1a: Ting-Lu\n|-status|p1a: Ting-Lu|tox\n|move|p1a: Ting-Lu|Ruination|p2a: RODEO\n|-damage|p2a: RODEO|50\/100 tox\n|\n|-heal|p1a: Ting-Lu|100\/100 tox|[from] item: Leftovers\n|-heal|p2a: RODEO|63\/100 tox|[from] ability: Poison Heal\n|-damage|p1a: Ting-Lu|94\/100 tox|[from] psn\n|upkeep\n|turn|59\n|\n|t:|1700443015\n|move|p2a: RODEO|Roost|p2a: RODEO\n|-heal|p2a: RODEO|100\/100 tox\n|-singleturn|p2a: RODEO|move: Roost\n|move|p1a: Ting-Lu|Whirlwind|p2a: RODEO\n|drag|p2a: ASTROWORLD|Slowking-Galar, F, shiny|92\/100\n|\n|-heal|p1a: Ting-Lu|100\/100 tox|[from] item: Leftovers\n|-damage|p1a: Ting-Lu|88\/100 tox|[from] psn\n|upkeep\n|turn|60\n|\n|t:|1700443024\n|move|p1a: Ting-Lu|Ruination|p2a: ASTROWORLD\n|-damage|p2a: ASTROWORLD|46\/100\n|move|p2a: ASTROWORLD|Chilly Reception|p2a: ASTROWORLD\n|-weather|Snow\n|c|\u2606Illouri|actually its less of a problem than I expected\n|\n|t:|1700443040\n|switch|p2a: UTOPIA|Alomomola, F, shiny|80\/100 tox|[from] Chilly Reception\n|\n|-weather|Snow|[upkeep]\n|-heal|p1a: Ting-Lu|94\/100 tox|[from] item: Leftovers\n|-damage|p2a: UTOPIA|73\/100 tox|[from] psn\n|-damage|p1a: Ting-Lu|76\/100 tox|[from] psn\n|upkeep\n|turn|61\n|\n|t:|1700443053\n|switch|p1a: Alomomola|Alomomola, M|48\/100 tox\n|move|p2a: UTOPIA|Wish|p2a: UTOPIA\n|\n|-weather|Snow|[upkeep]\n|-damage|p1a: Alomomola|42\/100 tox|[from] psn\n|-damage|p2a: UTOPIA|61\/100 tox|[from] psn\n|upkeep\n|turn|62\n|c|\u2606RunicPower419|.learn Alomomola, aromasethin\n|inactive|RunicPower419 has 270 seconds left.\n|c|\u2606RunicPower419|Whats the remove status move?\n|\n|t:|1700443097\n|move|p2a: UTOPIA|Protect|p2a: UTOPIA\n|-singleturn|p2a: UTOPIA|Protect\n|move|p1a: Alomomola|Wish|p1a: Alomomola\n|\n|-weather|Snow|[upkeep]\n|-heal|p2a: UTOPIA|100\/100 tox|[from] move: Wish|[wisher] UTOPIA\n|-damage|p1a: Alomomola|30\/100 tox|[from] psn\n|-damage|p2a: UTOPIA|82\/100 tox|[from] psn\n|upkeep\n|turn|63\n|c|\u2606Illouri|aromatherapy\n|\n|t:|1700443109\n|switch|p1a: Sinistcha|Sinistcha-Masterpiece, shiny|29\/100 tox\n|-damage|p1a: Sinistcha|17\/100 tox|[from] Stealth Rock\n|switch|p2a: ASTROWORLD|Slowking-Galar, F, shiny|79\/100\n|\n|-weather|Snow|[upkeep]\n|-heal|p1a: Sinistcha|85\/100 tox|[from] move: Wish|[wisher] Alomomola\n|-heal|p1a: Sinistcha|91\/100 tox|[from] item: Leftovers\n|-damage|p1a: Sinistcha|85\/100 tox|[from] psn\n|upkeep\n|turn|64\n|c|\u2606RunicPower419|.learn Alomomila, aromatherapy\n|inactive|RunicPower419 has 270 seconds left.\n|c|\u2606RunicPower419|Heck you\n|c|\u2606Illouri|.learn alolamola, aromatherapy\n|c|\u2606Illouri|okay ig im stupid too\n|inactive|RunicPower419 has 240 seconds left.\n|c|\u2606RunicPower419|!learn alomomola, aromatherapy\n|c| RunicPower419|\/raw <div class=\"infobox\">In [Gen 9] National Dex, Alomomola <span class=\"message-learn-cannotlearn\">can't<\/span> learn Aromatherapy<\/div>\n|c|\u2606RunicPower419|oh\n|\n|t:|1700443160\n|switch|p2a: RODEO|Gliscor, F, shiny|100\/100 tox\n|move|p1a: Sinistcha|Shadow Ball|p2a: RODEO\n|-damage|p2a: RODEO|75\/100 tox\n|-unboost|p2a: RODEO|spd|1\n|\n|-weather|none\n|-heal|p1a: Sinistcha|91\/100 tox|[from] item: Leftovers\n|-heal|p2a: RODEO|87\/100 tox|[from] ability: Poison Heal\n|-damage|p1a: Sinistcha|79\/100 tox|[from] psn\n|upkeep\n|turn|65\n|c|\u2606RunicPower419|Huge ngl\n|\n|t:|1700443190\n|switch|p2a: UTOPIA|Alomomola, F, shiny|100\/100 tox\n|move|p1a: Sinistcha|Calm Mind|p1a: Sinistcha\n|-boost|p1a: Sinistcha|spa|1\n|-boost|p1a: Sinistcha|spd|1\n|\n|-heal|p1a: Sinistcha|85\/100 tox|[from] item: Leftovers\n|-damage|p1a: Sinistcha|67\/100 tox|[from] psn\n|-damage|p2a: UTOPIA|94\/100 tox|[from] psn\n|upkeep\n|turn|66\n|\n|t:|1700443198\n|switch|p2a: ASTROWORLD|Slowking-Galar, F, shiny|100\/100\n|move|p1a: Sinistcha|Matcha Gotcha|p2a: ASTROWORLD\n|-resisted|p2a: ASTROWORLD\n|-damage|p2a: ASTROWORLD|87\/100\n|-heal|p1a: Sinistcha|74\/100 tox|[from] drain|[of] p2a: ASTROWORLD\n|\n|-heal|p1a: Sinistcha|80\/100 tox|[from] item: Leftovers\n|-damage|p1a: Sinistcha|56\/100 tox|[from] psn\n|upkeep\n|turn|67\n|\n|t:|1700443204\n|move|p1a: Sinistcha|Shadow Ball|p2a: ASTROWORLD\n|-supereffective|p2a: ASTROWORLD\n|-damage|p2a: ASTROWORLD|26\/100\n|move|p2a: ASTROWORLD|Sludge Bomb|p1a: Sinistcha\n|-damage|p1a: Sinistcha|31\/100 tox\n|\n|-heal|p1a: Sinistcha|37\/100 tox|[from] item: Leftovers\n|-damage|p1a: Sinistcha|6\/100 tox|[from] psn\n|upkeep\n|turn|68\n|\n|t:|1700443214\n|switch|p2a: UTOPIA|Alomomola, F, shiny|100\/100 tox\n|move|p1a: Sinistcha|Shadow Ball|p2a: UTOPIA\n|-damage|p2a: UTOPIA|55\/100 tox\n|-unboost|p2a: UTOPIA|spd|1\n|\n|-heal|p1a: Sinistcha|12\/100 tox|[from] item: Leftovers\n|-damage|p1a: Sinistcha|0 fnt|[from] psn\n|faint|p1a: Sinistcha\n|-damage|p2a: UTOPIA|49\/100 tox|[from] psn\n|upkeep\n|\n|t:|1700443217\n|switch|p1a: Heatran|Heatran, F, tera:Grass|57\/100 tox\n|-damage|p1a: Heatran|45\/100 tox|[from] Stealth Rock\n|turn|69\n|c|\u2606Illouri|HUGE\n|inactive|Illouri has 270 seconds left.\n|\n|t:|1700443226\n|switch|p2a: RODEO|Gliscor, F, shiny|87\/100 tox\n|move|p1a: Heatran|Magma Storm|p2a: RODEO\n|-damage|p2a: RODEO|49\/100 tox\n|-activate|p2a: RODEO|move: Magma Storm|[of] p1a: Heatran\n|\n|-heal|p1a: Heatran|51\/100 tox|[from] item: Leftovers\n|-heal|p2a: RODEO|62\/100 tox|[from] ability: Poison Heal\n|-damage|p1a: Heatran|45\/100 tox|[from] psn\n|-damage|p2a: RODEO|49\/100 tox|[from] move: Magma Storm|[partiallytrapped]\n|upkeep\n|turn|70\n|\n|t:|1700443230\n|move|p2a: RODEO|Roost|p2a: RODEO\n|-heal|p2a: RODEO|99\/100 tox\n|-singleturn|p2a: RODEO|move: Roost\n|move|p1a: Heatran|Taunt|p2a: RODEO\n|-start|p2a: RODEO|move: Taunt\n|\n|-heal|p1a: Heatran|51\/100 tox|[from] item: Leftovers\n|-heal|p2a: RODEO|100\/100 tox|[from] ability: Poison Heal\n|-damage|p1a: Heatran|38\/100 tox|[from] psn\n|-damage|p2a: RODEO|88\/100 tox|[from] move: Magma Storm|[partiallytrapped]\n|upkeep\n|turn|71\n|\n|t:|1700443239\n|switch|p1a: Alomomola|Alomomola, M|63\/100 tox\n|move|p2a: RODEO|Earthquake|p1a: Alomomola\n|-damage|p1a: Alomomola|43\/100 tox\n|\n|-heal|p2a: RODEO|100\/100 tox|[from] ability: Poison Heal\n|-damage|p1a: Alomomola|37\/100 tox|[from] psn\n|-end|p2a: RODEO|Magma Storm|[partiallytrapped]|[silent]\n|upkeep\n|turn|72\n|\n|t:|1700443250\n|move|p2a: RODEO|Earthquake|p1a: Alomomola\n|-damage|p1a: Alomomola|16\/100 tox\n|move|p1a: Alomomola|Wish|p1a: Alomomola\n|\n|-damage|p1a: Alomomola|3\/100 tox|[from] psn\n|upkeep\n|turn|73\n|\n|t:|1700443258\n|switch|p1a: Heatran|Heatran, F, tera:Grass|38\/100 tox\n|-damage|p1a: Heatran|26\/100 tox|[from] Stealth Rock\n|move|p2a: RODEO|Earthquake|p1a: Heatran\n|-resisted|p1a: Heatran\n|-damage|p1a: Heatran|13\/100 tox\n|\n|-heal|p1a: Heatran|74\/100 tox|[from] move: Wish|[wisher] Alomomola\n|-heal|p1a: Heatran|80\/100 tox|[from] item: Leftovers\n|-damage|p1a: Heatran|74\/100 tox|[from] psn\n|-end|p2a: RODEO|move: Taunt\n|upkeep\n|turn|74\n|inactive|Illouri has 270 seconds left.\n|\n|t:|1700443293\n|switch|p2a: ASTROWORLD|Slowking-Galar, F, shiny|60\/100\n|move|p1a: Heatran|Taunt|p2a: ASTROWORLD\n|-start|p2a: ASTROWORLD|move: Taunt\n|\n|-heal|p1a: Heatran|80\/100 tox|[from] item: Leftovers\n|-damage|p1a: Heatran|68\/100 tox|[from] psn\n|upkeep\n|turn|75\n|\n|t:|1700443299\n|switch|p1a: Alomomola|Alomomola, M|37\/100 tox\n|move|p2a: ASTROWORLD|Sludge Bomb|p1a: Alomomola\n|-damage|p1a: Alomomola|8\/100 tox\n|\n|-damage|p1a: Alomomola|2\/100 tox|[from] psn\n|upkeep\n|turn|76\n|c|\u2606Illouri|THIS MF\n|c|\u2606Illouri|IS SO LOW\n|\n|t:|1700443312\n|switch|p1a: Ting-Lu|Ting-Lu|76\/100 tox\n|-damage|p1a: Ting-Lu|69\/100 tox|[from] Stealth Rock\n|-ability|p1a: Ting-Lu|Vessel of Ruin\n|move|p2a: ASTROWORLD|Sludge Bomb|p1a: Ting-Lu\n|-resisted|p1a: Ting-Lu\n|-damage|p1a: Ting-Lu|62\/100 tox\n|\n|-heal|p1a: Ting-Lu|68\/100 tox|[from] item: Leftovers\n|-damage|p1a: Ting-Lu|62\/100 tox|[from] psn\n|-end|p2a: ASTROWORLD|move: Taunt\n|upkeep\n|turn|77\n|c|\u2606RunicPower419|Whoops\n|\n|t:|1700443326\n|move|p1a: Ting-Lu|Earthquake|p2a: ASTROWORLD\n|-supereffective|p2a: ASTROWORLD\n|-damage|p2a: ASTROWORLD|0 fnt\n|faint|p2a: ASTROWORLD\n|\n|-heal|p1a: Ting-Lu|68\/100 tox|[from] item: Leftovers\n|-damage|p1a: Ting-Lu|56\/100 tox|[from] psn\n|upkeep\n|c|\u2606RunicPower419|???\n|inactive|Illouri has 270 seconds left.\n|c|\u2606Illouri|was predicting spikes\n|c|\u2606RunicPower419|Oh\n|c|\u2606Illouri|so i clicked chili\n|\n|t:|1700443354\n|switch|p2a: RODEO|Gliscor, F, shiny|100\/100 tox\n|turn|78\n|c|\u2606RunicPower419|Nah i was gonna ruin to force glisc roost\n|\n|t:|1700443368\n|move|p2a: RODEO|Earthquake|p1a: Ting-Lu\n|-damage|p1a: Ting-Lu|38\/100 tox\n|move|p1a: Ting-Lu|Ruination|p2a: RODEO\n|-damage|p2a: RODEO|50\/100 tox\n|\n|-heal|p1a: Ting-Lu|44\/100 tox|[from] item: Leftovers\n|-heal|p2a: RODEO|63\/100 tox|[from] ability: Poison Heal\n|-damage|p1a: Ting-Lu|26\/100 tox|[from] psn\n|upkeep\n|turn|79\n|\n|t:|1700443374\n|move|p2a: RODEO|Earthquake|p1a: Ting-Lu\n|-damage|p1a: Ting-Lu|7\/100 tox\n|move|p1a: Ting-Lu|Whirlwind|p2a: RODEO\n|drag|p2a: UTOPIA|Alomomola, F, shiny|82\/100 tox\n|\n|-heal|p1a: Ting-Lu|13\/100 tox|[from] item: Leftovers\n|-damage|p2a: UTOPIA|76\/100 tox|[from] psn\n|-damage|p1a: Ting-Lu|0 fnt|[from] psn\n|faint|p1a: Ting-Lu\n|upkeep\n|\n|t:|1700443378\n|switch|p1a: Alomomola|Alomomola, M|35\/100 tox\n|turn|80\n|\n|t:|1700443387\n|move|p1a: Alomomola|Wish|p1a: Alomomola\n|move|p2a: UTOPIA|Wish|p2a: UTOPIA\n|\n|-damage|p1a: Alomomola|29\/100 tox|[from] psn\n|-damage|p2a: UTOPIA|63\/100 tox|[from] psn\n|upkeep\n|turn|81\n|\n|t:|1700443395\n|move|p1a: Alomomola|Protect|p1a: Alomomola\n|-singleturn|p1a: Alomomola|Protect\n|move|p2a: UTOPIA|Flip Turn|p1a: Alomomola\n|-activate|p1a: Alomomola|move: Protect\n|\n|-heal|p2a: UTOPIA|100\/100 tox|[from] move: Wish|[wisher] UTOPIA\n|-heal|p1a: Alomomola|79\/100 tox|[from] move: Wish|[wisher] Alomomola\n|-damage|p1a: Alomomola|67\/100 tox|[from] psn\n|-damage|p2a: UTOPIA|82\/100 tox|[from] psn\n|upkeep\n|turn|82\n|\n|t:|1700443404\n|move|p1a: Alomomola|Wish|p1a: Alomomola\n|move|p2a: UTOPIA|Wish|p2a: UTOPIA\n|\n|-damage|p1a: Alomomola|48\/100 tox|[from] psn\n|-damage|p2a: UTOPIA|57\/100 tox|[from] psn\n|upkeep\n|turn|83\n|\n|t:|1700443408\n|switch|p2a: RODEO|Gliscor, F, shiny|63\/100 tox\n|move|p1a: Alomomola|Flip Turn|p2a: RODEO\n|-supereffective|p2a: RODEO\n|-damage|p2a: RODEO|39\/100 tox\n|\n|t:|1700443410\n|switch|p1a: Heatran|Heatran, F, tera:Grass|68\/100 tox|[from] Flip Turn\n|-damage|p1a: Heatran|55\/100 tox|[from] Stealth Rock\n|\n|-heal|p1a: Heatran|100\/100 tox|[from] move: Wish|[wisher] Alomomola\n|-heal|p2a: RODEO|100\/100 tox|[from] move: Wish|[wisher] UTOPIA\n|-damage|p1a: Heatran|94\/100 tox|[from] psn\n|upkeep\n|turn|84\n|\n|t:|1700443422\n|move|p2a: RODEO|Earthquake|p1a: Heatran\n|-resisted|p1a: Heatran\n|-damage|p1a: Heatran|81\/100 tox\n|move|p1a: Heatran|Taunt|p2a: RODEO\n|-start|p2a: RODEO|move: Taunt\n|\n|-heal|p1a: Heatran|87\/100 tox|[from] item: Leftovers\n|-damage|p1a: Heatran|74\/100 tox|[from] psn\n|upkeep\n|turn|85\n|\n|t:|1700443427\n|move|p2a: RODEO|Earthquake|p1a: Heatran\n|-resisted|p1a: Heatran\n|-damage|p1a: Heatran|61\/100 tox\n|move|p1a: Heatran|Magma Storm|p2a: RODEO\n|-damage|p2a: RODEO|63\/100 tox\n|-activate|p2a: RODEO|move: Magma Storm|[of] p1a: Heatran\n|\n|-heal|p1a: Heatran|67\/100 tox|[from] item: Leftovers\n|-heal|p2a: RODEO|75\/100 tox|[from] ability: Poison Heal\n|-damage|p1a: Heatran|48\/100 tox|[from] psn\n|-damage|p2a: RODEO|63\/100 tox|[from] move: Magma Storm|[partiallytrapped]\n|upkeep\n|turn|86\n|\n|t:|1700443433\n|move|p2a: RODEO|Earthquake|p1a: Heatran\n|-resisted|p1a: Heatran\n|-damage|p1a: Heatran|34\/100 tox\n|move|p1a: Heatran|Magma Storm|p2a: RODEO\n|-damage|p2a: RODEO|29\/100 tox\n|\n|-heal|p1a: Heatran|40\/100 tox|[from] item: Leftovers\n|-heal|p2a: RODEO|42\/100 tox|[from] ability: Poison Heal\n|-damage|p1a: Heatran|15\/100 tox|[from] psn\n|-damage|p2a: RODEO|29\/100 tox|[from] move: Magma Storm|[partiallytrapped]\n|upkeep\n|turn|87\n|\n|t:|1700443442\n|move|p2a: RODEO|Earthquake|p1a: Heatran\n|-resisted|p1a: Heatran\n|-damage|p1a: Heatran|1\/100 tox\n|move|p1a: Heatran|Magma Storm|p2a: RODEO\n|-damage|p2a: RODEO|0 fnt\n|faint|p2a: RODEO\n|\n|-heal|p1a: Heatran|7\/100 tox|[from] item: Leftovers\n|-damage|p1a: Heatran|0 fnt|[from] psn\n|faint|p1a: Heatran\n|upkeep\n|\n|t:|1700443448\n|switch|p2a: UTOPIA|Alomomola, F, shiny|91\/100 tox\n|switch|p1a: Alomomola|Alomomola, M|81\/100 tox\n|turn|88\n|c|\u2606Illouri|gg\n|c|\u2606RunicPower419|Who will win?\n|\n|t:|1700443466\n|move|p1a: Alomomola|Wish|p1a: Alomomola\n|move|p2a: UTOPIA|Wish|p2a: UTOPIA\n|\n|-damage|p1a: Alomomola|75\/100 tox|[from] psn\n|-damage|p2a: UTOPIA|85\/100 tox|[from] psn\n|upkeep\n|turn|89\n|\n|t:|1700443483\n|move|p1a: Alomomola|Toxic|p2a: UTOPIA\n|-fail|p2a: UTOPIA|tox\n|move|p2a: UTOPIA|Flip Turn|p1a: Alomomola\n|-resisted|p1a: Alomomola\n|-damage|p1a: Alomomola|70\/100 tox\n|\n|-heal|p2a: UTOPIA|100\/100 tox|[from] move: Wish|[wisher] UTOPIA\n|-heal|p1a: Alomomola|100\/100 tox|[from] move: Wish|[wisher] Alomomola\n|-damage|p1a: Alomomola|88\/100 tox|[from] psn\n|-damage|p2a: UTOPIA|88\/100 tox|[from] psn\n|upkeep\n|turn|90\n|\n|t:|1700443495\n|move|p1a: Alomomola|Toxic|p2a: UTOPIA\n|-fail|p2a: UTOPIA|tox\n|move|p2a: UTOPIA|Wish|p2a: UTOPIA\n|\n|-damage|p1a: Alomomola|70\/100 tox|[from] psn\n|-damage|p2a: UTOPIA|70\/100 tox|[from] psn\n|upkeep\n|turn|91\n|\n|t:|1700443500\n|move|p1a: Alomomola|Toxic|p2a: UTOPIA\n|-fail|p2a: UTOPIA|tox\n|move|p2a: UTOPIA|Flip Turn|p1a: Alomomola\n|-resisted|p1a: Alomomola\n|-damage|p1a: Alomomola|65\/100 tox\n|\n|-heal|p2a: UTOPIA|100\/100 tox|[from] move: Wish|[wisher] UTOPIA\n|-damage|p1a: Alomomola|41\/100 tox|[from] psn\n|-damage|p2a: UTOPIA|76\/100 tox|[from] psn\n|upkeep\n|turn|92\n|\n|t:|1700443520\n|move|p1a: Alomomola|Wish|p1a: Alomomola\n|move|p2a: UTOPIA|Toxic|p1a: Alomomola\n|-fail|p1a: Alomomola|tox\n|\n|-damage|p1a: Alomomola|10\/100 tox|[from] psn\n|-damage|p2a: UTOPIA|45\/100 tox|[from] psn\n|upkeep\n|turn|93\n|\n|t:|1700443533\n|move|p1a: Alomomola|Protect|p1a: Alomomola\n|-singleturn|p1a: Alomomola|Protect\n|move|p2a: UTOPIA|Wish|p2a: UTOPIA\n|\n|-heal|p1a: Alomomola|60\/100 tox|[from] move: Wish|[wisher] Alomomola\n|-damage|p1a: Alomomola|23\/100 tox|[from] psn\n|-damage|p2a: UTOPIA|8\/100 tox|[from] psn\n|upkeep\n|turn|94\n|\n|t:|1700443551\n|move|p2a: UTOPIA|Protect|p2a: UTOPIA\n|-singleturn|p2a: UTOPIA|Protect\n|move|p1a: Alomomola|Wish|p1a: Alomomola\n|\n|-heal|p2a: UTOPIA|58\/100 tox|[from] move: Wish|[wisher] UTOPIA\n|-damage|p1a: Alomomola|0 fnt|[from] psn\n|faint|p1a: Alomomola\n|\n|win|Illouri\n|upkeep\n|c|\u2606RunicPower419|gg\n|c|\u2606Illouri|gg\n|c|\u2606RunicPower419|wp\n|c|\u2606Illouri|wp\n|c|\u2606Illouri|good lord that was long ash\n","uploadtime":1700443578,"views":5,"p1id":"runicpower419","p2id":"illouri","formatid":"gen9nationaldex","rating":0,"private":0,"password":""}