{"id":"gen9nationaldex-1986973352","p1":"Sai4rr","p2":"Fabrizio8","format":"[Gen 9] National Dex","log":"|j|\u2606Sai4rr\n|j|\u2606Fabrizio8\n|t:|1699545712\n|gametype|singles\n|player|p1|Sai4rr|steven|\n|player|p2|Fabrizio8|roxie|\n|teamsize|p1|6\n|teamsize|p2|6\n|gen|9\n|tier|[Gen 9] National Dex\n|rule|HP Percentage Mod: HP is shown in percentages\n|rule|Endless Battle Clause: Forcing endless battles is banned\n|rule|OHKO Clause: OHKO moves are banned\n|rule|Evasion Clause: Evasion abilities, items, and moves are banned\n|rule|Evasion Abilities Clause: Evasion abilities are banned\n|rule|Evasion Items Clause: Evasion items are banned\n|rule|Evasion Moves Clause: Evasion moves are banned\n|rule|Species Clause: Limit one of each Pok\u00e9mon\n|rule|Sleep Clause Mod: Limit one foe put to sleep\n|clearpoke\n|poke|p1|Corviknight, M|\n|poke|p1|Gastrodon, F|\n|poke|p1|Zoroark-Hisui, M|\n|poke|p1|Tapu Lele|\n|poke|p1|Cinderace, F|\n|poke|p1|Baxcalibur, M|\n|poke|p2|Toxapex, F|\n|poke|p2|Glimmora, M|\n|poke|p2|Venusaur, M|\n|poke|p2|Okidogi, M|\n|poke|p2|Munkidori, M|\n|poke|p2|Hydreigon, F|\n|teampreview\n|j| Void280\n|c|\u2606Fabrizio8|manda el link al discord plis\n|c| Void280|Buena suerte a ambos\n|c|\u2606Fabrizio8|uwu\n|\n|t:|1699545761\n|start\n|switch|p1a: Baxcalibur|Baxcalibur, M|100\/100\n|switch|p2a: cummora|Glimmora, M, shiny|100\/100\n|turn|1\n|j| Sylveon(404)\n|n| Sylveon(404)|sylveon404\n|c| Sylveon(404)|el q pierda\n|c| Sylveon(404)|es puto\n|\n|t:|1699545777\n|move|p1a: Baxcalibur|Psychic|p2a: cummora\n|-supereffective|p2a: cummora\n|-damage|p2a: cummora|39\/100\n|move|p2a: cummora|Toxic|p1a: Baxcalibur\n|-status|p1a: Baxcalibur|tox\n|\n|-damage|p1a: Baxcalibur|95\/100 tox|[from] psn\n|upkeep\n|turn|2\n|\n|t:|1699545794\n|switch|p2a: tsohg olra|Hydreigon, F|100\/100\n|move|p1a: Baxcalibur|Nasty Plot|p1a: Baxcalibur\n|-boost|p1a: Baxcalibur|spa|2\n|\n|-damage|p1a: Baxcalibur|83\/100 tox|[from] psn\n|upkeep\n|turn|3\n|\n|t:|1699545814\n|move|p1a: Baxcalibur|Shadow Ball|p2a: tsohg olra\n|-resisted|p2a: tsohg olra\n|-damage|p2a: tsohg olra|57\/100\n|-unboost|p2a: tsohg olra|spd|1\n|move|p2a: tsohg olra|Draco Meteor|p1a: Baxcalibur\n|-damage|p1a: Baxcalibur|0 fnt\n|-unboost|p2a: tsohg olra|spa|2\n|replace|p1a: Zoroark|Zoroark-Hisui, M, shiny\n|-end|p1a: Zoroark|Illusion\n|faint|p1a: Zoroark\n|\n|upkeep\n|\n|t:|1699545829\n|switch|p1a: Cinderace|Cinderace, F|100\/100\n|turn|4\n|\n|t:|1699545837\n|switch|p2a: cummora|Glimmora, M, shiny|39\/100\n|move|p1a: Cinderace|High Jump Kick|p2a: cummora\n|-start|p1a: Cinderace|typechange|Fighting|[from] ability: Libero\n|-damage|p2a: cummora|0 fnt\n|-damage|p1a: Cinderace|84\/100|[from] item: Rocky Helmet|[of] p2a: cummora\n|faint|p2a: cummora\n|\n|upkeep\n|\n|t:|1699545849\n|switch|p2a: todo genial|Munkidori, M|100\/100\n|turn|5\n|\n|t:|1699545861\n|switch|p1a: Gastrodon|Gastrodon, F, shiny|100\/100\n|move|p2a: todo genial|Calm Mind|p2a: todo genial\n|-boost|p2a: todo genial|spa|1\n|-boost|p2a: todo genial|spd|1\n|\n|upkeep\n|turn|6\n|\n|t:|1699545871\n|move|p2a: todo genial|Sludge Bomb|p1a: Gastrodon\n|-resisted|p1a: Gastrodon\n|-damage|p1a: Gastrodon|73\/100\n|move|p1a: Gastrodon|Earthquake|p2a: todo genial\n|-supereffective|p2a: todo genial\n|-damage|p2a: todo genial|22\/100\n|\n|-heal|p1a: Gastrodon|79\/100|[from] item: Leftovers\n|upkeep\n|turn|7\n|\n|t:|1699545881\n|-terastallize|p1a: Gastrodon|Grass\n|move|p2a: todo genial|U-turn|p1a: Gastrodon\n|-supereffective|p1a: Gastrodon\n|-damage|p1a: Gastrodon|56\/100\n|\n|t:|1699545886\n|switch|p2a: Vergasaur|Venusaur, M, shiny|100\/100|[from] U-turn\n|move|p1a: Gastrodon|Earthquake|p2a: Vergasaur\n|-crit|p2a: Vergasaur\n|-damage|p2a: Vergasaur|56\/100\n|\n|-heal|p1a: Gastrodon|62\/100|[from] item: Leftovers\n|upkeep\n|turn|8\n|\n|t:|1699545900\n|detailschange|p2a: Vergasaur|Venusaur-Mega, M, shiny\n|-mega|p2a: Vergasaur|Venusaur|Venusaurite\n|move|p2a: Vergasaur|Sludge Bomb|p1a: Gastrodon\n|-supereffective|p1a: Gastrodon\n|-damage|p1a: Gastrodon|0 fnt\n|faint|p1a: Gastrodon\n|\n|upkeep\n|\n|t:|1699545910\n|switch|p1a: Tapu Lele|Tapu Lele, shiny|100\/100\n|-fieldstart|move: Psychic Terrain|[from] ability: Psychic Surge|[of] p1a: Tapu Lele\n|turn|9\n|\n|t:|1699545922\n|move|p1a: Tapu Lele|Psychic|p2a: Vergasaur\n|-supereffective|p2a: Vergasaur\n|-damage|p2a: Vergasaur|0 fnt\n|faint|p2a: Vergasaur\n|\n|upkeep\n|\n|t:|1699545927\n|switch|p2a: tsohg olra|Hydreigon, F|57\/100\n|turn|10\n|c| Sylveon(404)|otiaaaa\n|\n|t:|1699545947\n|switch|p1a: Cinderace|Cinderace, F|84\/100\n|-terastallize|p2a: tsohg olra|Steel\n|move|p2a: tsohg olra|Flash Cannon|p1a: Cinderace\n|-resisted|p1a: Cinderace\n|-damage|p1a: Cinderace|52\/100\n|\n|upkeep\n|turn|11\n|\n|t:|1699545961\n|switch|p2a: toxica|Toxapex, F, shiny|100\/100\n|move|p1a: Cinderace|Pyro Ball|p2a: toxica\n|-resisted|p2a: toxica\n|-damage|p2a: toxica|79\/100\n|\n|-heal|p2a: toxica|85\/100|[from] item: Black Sludge\n|upkeep\n|turn|12\n|\n|t:|1699545977\n|-zpower|p1a: Cinderace\n|move|p1a: Cinderace|Breakneck Blitz|p2a: toxica|[zeffect]\n|-start|p1a: Cinderace|typechange|Normal|[from] ability: Libero\n|-damage|p2a: toxica|16\/100\n|move|p2a: toxica|Ice Beam|p1a: Cinderace\n|-damage|p1a: Cinderace|33\/100\n|\n|-heal|p2a: toxica|22\/100|[from] item: Black Sludge\n|upkeep\n|turn|13\n|c|\u2606Fabrizio8|pense que iba a cambiar lol\n|\n|t:|1699545999\n|move|p2a: toxica|Baneful Bunker|p2a: toxica\n|-singleturn|p2a: toxica|move: Protect\n|move|p1a: Cinderace|High Jump Kick|p2a: toxica\n|-activate|p2a: toxica|move: Protect\n|-status|p1a: Cinderace|psn\n|-damage|p1a: Cinderace|0 fnt|[from] highjumpkick\n|faint|p1a: Cinderace\n|\n|-heal|p2a: toxica|29\/100|[from] item: Black Sludge\n|-fieldend|move: Psychic Terrain\n|upkeep\n|\n|t:|1699546012\n|switch|p1a: Baxcalibur|Baxcalibur, M|100\/100\n|turn|14\n|\n|t:|1699546018\n|move|p1a: Baxcalibur|Earthquake|p2a: toxica\n|-supereffective|p2a: toxica\n|-damage|p2a: toxica|0 fnt\n|faint|p2a: toxica\n|\n|upkeep\n|\n|t:|1699546025\n|switch|p2a: tsohg olra|Hydreigon, F, tera:Steel|57\/100\n|turn|15\n|\n|t:|1699546035\n|move|p1a: Baxcalibur|Glaive Rush|p2a: tsohg olra\n|-resisted|p2a: tsohg olra\n|-damage|p2a: tsohg olra|22\/100\n|-singlemove|p1a: Baxcalibur|Glaive Rush|[silent]\n|move|p2a: tsohg olra|Nasty Plot|p2a: tsohg olra\n|-boost|p2a: tsohg olra|spa|2\n|\n|upkeep\n|turn|16\n|\n|t:|1699546047\n|move|p1a: Baxcalibur|Icicle Spear|p2a: tsohg olra\n|-resisted|p2a: tsohg olra\n|-damage|p2a: tsohg olra|14\/100\n|-resisted|p2a: tsohg olra\n|-damage|p2a: tsohg olra|6\/100\n|-resisted|p2a: tsohg olra\n|-damage|p2a: tsohg olra|0 fnt\n|faint|p2a: tsohg olra\n|-hitcount|p2: tsohg olra|3\n|\n|upkeep\n|\n|t:|1699546057\n|switch|p2a: todo bien|Okidogi, M|100\/100\n|turn|17\n|\n|t:|1699546065\n|move|p1a: Baxcalibur|Earthquake|p2a: todo bien\n|-supereffective|p2a: todo bien\n|-damage|p2a: todo bien|49\/100\n|move|p2a: todo bien|Close Combat|p1a: Baxcalibur\n|-supereffective|p1a: Baxcalibur\n|-damage|p1a: Baxcalibur|0 fnt\n|-unboost|p2a: todo bien|def|1\n|-unboost|p2a: todo bien|spd|1\n|faint|p1a: Baxcalibur\n|\n|upkeep\n|\n|t:|1699546075\n|switch|p1a: Tapu Lele|Tapu Lele, shiny|100\/100\n|-fieldstart|move: Psychic Terrain|[from] ability: Psychic Surge|[of] p1a: Tapu Lele\n|turn|18\n|\n|t:|1699546085\n|move|p1a: Tapu Lele|Psychic|p2a: todo bien\n|-supereffective|p2a: todo bien\n|-damage|p2a: todo bien|0 fnt\n|faint|p2a: todo bien\n|\n|upkeep\n|\n|t:|1699546090\n|switch|p2a: todo genial|Munkidori, M|22\/100\n|turn|19\n|\n|t:|1699546094\n|move|p1a: Tapu Lele|Psychic|p2a: todo genial\n|-damage|p2a: todo genial|0 fnt\n|faint|p2a: todo genial\n|\n|win|Sai4rr\n|c| Void280|ggs\n","uploadtime":1699546101,"views":5,"p1id":"sai4rr","p2id":"fabrizio8","formatid":"gen9nationaldex","rating":0,"private":0,"password":""}