{"id":"gen9nationaldex-1987515006","p1":"Square K","p2":"Crunchy5","format":"[Gen 9] National Dex","log":"|j|\u2606Square K\n|j|\u2606Crunchy5\n|t:|1699604831\n|gametype|singles\n|player|p1|Square K|chuck|1417\n|player|p2|Crunchy5|janitor|1385\n|teamsize|p1|6\n|teamsize|p2|6\n|gen|9\n|tier|[Gen 9] National Dex\n|rated|\n|rule|HP Percentage Mod: HP is shown in percentages\n|rule|Endless Battle Clause: Forcing endless battles is banned\n|rule|OHKO Clause: OHKO moves are banned\n|rule|Evasion Clause: Evasion abilities, items, and moves are banned\n|rule|Evasion Abilities Clause: Evasion abilities are banned\n|rule|Evasion Items Clause: Evasion items are banned\n|rule|Evasion Moves Clause: Evasion moves are banned\n|rule|Species Clause: Limit one of each Pok\u00e9mon\n|rule|Sleep Clause Mod: Limit one foe put to sleep\n|clearpoke\n|poke|p1|Landorus-Therian, M|\n|poke|p1|Heatran, F|\n|poke|p1|Alomomola, F|\n|poke|p1|Lopunny, F|\n|poke|p1|Urshifu-*, F|\n|poke|p1|Toxapex, F|\n|poke|p2|Murkrow, M|\n|poke|p2|Heatran, M|\n|poke|p2|Tangrowth, F|\n|poke|p2|Landorus-Therian, M|\n|poke|p2|Samurott-Hisui, F|\n|poke|p2|Clefable, F|\n|teampreview\n|\n|t:|1699604837\n|start\n|switch|p1a: \u95ea\u5149\u7684\u5f17\u83b1\u4ec0|Lopunny, F, shiny|100\/100\n|switch|p2a: Samurott|Samurott-Hisui, F|100\/100\n|turn|1\n|\n|t:|1699604843\n|detailschange|p1a: \u95ea\u5149\u7684\u5f17\u83b1\u4ec0|Lopunny-Mega, F, shiny\n|-mega|p1a: \u95ea\u5149\u7684\u5f17\u83b1\u4ec0|Lopunny|Lopunnite\n|move|p1a: \u95ea\u5149\u7684\u5f17\u83b1\u4ec0|Fake Out|p2a: Samurott\n|-damage|p2a: Samurott|69\/100\n|cant|p2a: Samurott|flinch\n|\n|upkeep\n|turn|2\n|\n|t:|1699604849\n|move|p2a: Samurott|Sacred Sword|p1a: \u95ea\u5149\u7684\u5f17\u83b1\u4ec0\n|-supereffective|p1a: \u95ea\u5149\u7684\u5f17\u83b1\u4ec0\n|-damage|p1a: \u95ea\u5149\u7684\u5f17\u83b1\u4ec0|0 fnt\n|faint|p1a: \u95ea\u5149\u7684\u5f17\u83b1\u4ec0\n|\n|upkeep\n|\n|t:|1699604859\n|switch|p1a: \u94f6\u8272\u7360\u7259|Urshifu-Rapid-Strike, F|100\/100\n|turn|3\n|\n|t:|1699604865\n|switch|p2a: Tangrowth|Tangrowth, F|100\/100\n|move|p1a: \u94f6\u8272\u7360\u7259|Close Combat|p2a: Tangrowth\n|-crit|p2a: Tangrowth\n|-damage|p2a: Tangrowth|51\/100\n|-unboost|p1a: \u94f6\u8272\u7360\u7259|def|1\n|-unboost|p1a: \u94f6\u8272\u7360\u7259|spd|1\n|\n|upkeep\n|turn|4\n|\n|t:|1699604874\n|switch|p1a: \u91d1\u5c5e\u9a91\u58eb|Heatran, F|100\/100\n|move|p2a: Tangrowth|Giga Drain|p1a: \u91d1\u5c5e\u9a91\u58eb\n|-resisted|p1a: \u91d1\u5c5e\u9a91\u58eb\n|-damage|p1a: \u91d1\u5c5e\u9a91\u58eb|94\/100\n|-heal|p2a: Tangrowth|55\/100|[from] drain|[of] p1a: \u91d1\u5c5e\u9a91\u58eb\n|\n|-heal|p1a: \u91d1\u5c5e\u9a91\u58eb|99\/100|[from] item: Leftovers\n|upkeep\n|turn|5\n|\n|t:|1699604881\n|switch|p2a: Heatran|Heatran, M|100\/100\n|move|p1a: \u91d1\u5c5e\u9a91\u58eb|Earth Power|p2a: Heatran\n|-supereffective|p2a: Heatran\n|-damage|p2a: Heatran|20\/100\n|\n|-heal|p1a: \u91d1\u5c5e\u9a91\u58eb|100\/100|[from] item: Leftovers\n|-heal|p2a: Heatran|26\/100|[from] item: Leftovers\n|upkeep\n|turn|6\n|\n|t:|1699604892\n|-terastallize|p1a: \u91d1\u5c5e\u9a91\u58eb|Grass\n|-terastallize|p2a: Heatran|Flying\n|move|p1a: \u91d1\u5c5e\u9a91\u58eb|Tera Blast|p2a: Heatran|[anim] Tera Blast Grass\n|-resisted|p2a: Heatran\n|-damage|p2a: Heatran|12\/100\n|move|p2a: Heatran|Earth Power|p1a: \u91d1\u5c5e\u9a91\u58eb\n|-resisted|p1a: \u91d1\u5c5e\u9a91\u58eb\n|-damage|p1a: \u91d1\u5c5e\u9a91\u58eb|90\/100\n|\n|-heal|p1a: \u91d1\u5c5e\u9a91\u58eb|96\/100|[from] item: Leftovers\n|-heal|p2a: Heatran|18\/100|[from] item: Leftovers\n|upkeep\n|turn|7\n|\n|t:|1699604901\n|move|p1a: \u91d1\u5c5e\u9a91\u58eb|Tera Blast|p2a: Heatran|[anim] Tera Blast Grass\n|-resisted|p2a: Heatran\n|-damage|p2a: Heatran|5\/100\n|move|p2a: Heatran|Toxic|p1a: \u91d1\u5c5e\u9a91\u58eb\n|-status|p1a: \u91d1\u5c5e\u9a91\u58eb|tox\n|\n|-heal|p1a: \u91d1\u5c5e\u9a91\u58eb|100\/100 tox|[from] item: Leftovers\n|-heal|p2a: Heatran|11\/100|[from] item: Leftovers\n|-damage|p1a: \u91d1\u5c5e\u9a91\u58eb|94\/100 tox|[from] psn\n|upkeep\n|turn|8\n|\n|t:|1699604912\n|move|p1a: \u91d1\u5c5e\u9a91\u58eb|Tera Blast|p2a: Heatran|[anim] Tera Blast Grass\n|-resisted|p2a: Heatran\n|-damage|p2a: Heatran|0 fnt\n|faint|p2a: Heatran\n|\n|-heal|p1a: \u91d1\u5c5e\u9a91\u58eb|100\/100 tox|[from] item: Leftovers\n|-damage|p1a: \u91d1\u5c5e\u9a91\u58eb|88\/100 tox|[from] psn\n|upkeep\n|\n|t:|1699604949\n|switch|p2a: Clefable|Clefable, F|100\/100\n|turn|9\n|\n|t:|1699604955\n|move|p1a: \u91d1\u5c5e\u9a91\u58eb|Heat Wave|p2a: Clefable\n|-damage|p2a: Clefable|52\/100\n|move|p2a: Clefable|Moonblast|p1a: \u91d1\u5c5e\u9a91\u58eb\n|-damage|p1a: \u91d1\u5c5e\u9a91\u58eb|43\/100 tox\n|-unboost|p1a: \u91d1\u5c5e\u9a91\u58eb|spa|1\n|\n|-heal|p1a: \u91d1\u5c5e\u9a91\u58eb|49\/100 tox|[from] item: Leftovers\n|-damage|p1a: \u91d1\u5c5e\u9a91\u58eb|30\/100 tox|[from] psn\n|upkeep\n|turn|10\n|\n|t:|1699604962\n|switch|p1a: \u50f5\u5c38\u7537|Toxapex, F|100\/100\n|move|p2a: Clefable|Moonlight|p2a: Clefable\n|-heal|p2a: Clefable|100\/100\n|\n|upkeep\n|turn|11\n|\n|t:|1699604969\n|move|p1a: \u50f5\u5c38\u7537|Toxic|p2a: Clefable\n|-status|p2a: Clefable|tox\n|move|p2a: Clefable|Teleport|p2a: Clefable\n|\n|t:|1699604975\n|switch|p2a: Landorus|Landorus-Therian, M|100\/100|[from] Teleport\n|-ability|p2a: Landorus|Intimidate|boost\n|-unboost|p1a: \u50f5\u5c38\u7537|atk|1\n|\n|upkeep\n|turn|12\n|\n|t:|1699604980\n|move|p1a: \u50f5\u5c38\u7537|Baneful Bunker|p1a: \u50f5\u5c38\u7537\n|-singleturn|p1a: \u50f5\u5c38\u7537|move: Protect\n|move|p2a: Landorus|Earthquake|p1a: \u50f5\u5c38\u7537\n|-activate|p1a: \u50f5\u5c38\u7537|move: Protect\n|\n|upkeep\n|turn|13\n|\n|t:|1699604986\n|switch|p1a: \u5439\u96ea|Alomomola, F|100\/100\n|move|p2a: Landorus|U-turn|p1a: \u5439\u96ea\n|-damage|p1a: \u5439\u96ea|86\/100\n|-damage|p2a: Landorus|84\/100|[from] item: Rocky Helmet|[of] p1a: \u5439\u96ea\n|\n|t:|1699604993\n|switch|p2a: Tangrowth|Tangrowth, F|88\/100|[from] U-turn\n|\n|upkeep\n|turn|14\n|\n|t:|1699605004\n|move|p1a: \u5439\u96ea|Ice Beam|p2a: Tangrowth\n|-supereffective|p2a: Tangrowth\n|-damage|p2a: Tangrowth|69\/100\n|move|p2a: Tangrowth|Knock Off|p1a: \u5439\u96ea\n|-damage|p1a: \u5439\u96ea|74\/100\n|-damage|p2a: Tangrowth|52\/100|[from] item: Rocky Helmet|[of] p1a: \u5439\u96ea\n|-enditem|p1a: \u5439\u96ea|Rocky Helmet|[from] move: Knock Off|[of] p2a: Tangrowth\n|\n|upkeep\n|turn|15\n|\n|t:|1699605011\n|move|p1a: \u5439\u96ea|Wish|p1a: \u5439\u96ea\n|move|p2a: Tangrowth|Giga Drain|p1a: \u5439\u96ea\n|-supereffective|p1a: \u5439\u96ea\n|-damage|p1a: \u5439\u96ea|3\/100\n|-heal|p2a: Tangrowth|99\/100|[from] drain|[of] p1a: \u5439\u96ea\n|\n|upkeep\n|turn|16\n|\n|t:|1699605017\n|switch|p1a: \u91d1\u5c5e\u9a91\u58eb|Heatran, F, tera:Grass|30\/100 tox\n|move|p2a: Tangrowth|Giga Drain|p1a: \u91d1\u5c5e\u9a91\u58eb\n|-resisted|p1a: \u91d1\u5c5e\u9a91\u58eb\n|-damage|p1a: \u91d1\u5c5e\u9a91\u58eb|19\/100 tox\n|-heal|p2a: Tangrowth|100\/100|[from] drain|[of] p1a: \u91d1\u5c5e\u9a91\u58eb\n|\n|-heal|p1a: \u91d1\u5c5e\u9a91\u58eb|89\/100 tox|[from] move: Wish|[wisher] \u5439\u96ea\n|-heal|p1a: \u91d1\u5c5e\u9a91\u58eb|95\/100 tox|[from] item: Leftovers\n|-damage|p1a: \u91d1\u5c5e\u9a91\u58eb|89\/100 tox|[from] psn\n|upkeep\n|turn|17\n|\n|t:|1699605029\n|move|p1a: \u91d1\u5c5e\u9a91\u58eb|Heat Wave|p2a: Tangrowth\n|-supereffective|p2a: Tangrowth\n|-damage|p2a: Tangrowth|0 fnt\n|faint|p2a: Tangrowth\n|\n|-heal|p1a: \u91d1\u5c5e\u9a91\u58eb|95\/100 tox|[from] item: Leftovers\n|-damage|p1a: \u91d1\u5c5e\u9a91\u58eb|82\/100 tox|[from] psn\n|upkeep\n|\n|t:|1699605037\n|switch|p2a: Landorus|Landorus-Therian, M|84\/100\n|-ability|p2a: Landorus|Intimidate|boost\n|-unboost|p1a: \u91d1\u5c5e\u9a91\u58eb|atk|1\n|turn|18\n|\n|t:|1699605042\n|switch|p1a: KING|Landorus-Therian, M|100\/100\n|-ability|p1a: KING|Intimidate|boost\n|-unboost|p2a: Landorus|atk|1\n|move|p2a: Landorus|U-turn|p1a: KING\n|-resisted|p1a: KING\n|-damage|p1a: KING|92\/100\n|\n|t:|1699605045\n|switch|p2a: Samurott|Samurott-Hisui, F|69\/100|[from] U-turn\n|\n|upkeep\n|turn|19\n|\n|t:|1699605056\n|switch|p1a: \u5439\u96ea|Alomomola, F|36\/100\n|move|p2a: Samurott|Ceaseless Edge|p1a: \u5439\u96ea\n|-damage|p1a: \u5439\u96ea|12\/100\n|-sidestart|p1: Square K|Spikes\n|\n|upkeep\n|turn|20\n|\n|t:|1699605064\n|switch|p1a: \u50f5\u5c38\u7537|Toxapex, F|100\/100\n|-damage|p1a: \u50f5\u5c38\u7537|88\/100|[from] Spikes\n|move|p2a: Samurott|Ceaseless Edge|p1a: \u50f5\u5c38\u7537\n|-damage|p1a: \u50f5\u5c38\u7537|55\/100\n|-sidestart|p1: Square K|Spikes\n|\n|-heal|p1a: \u50f5\u5c38\u7537|62\/100|[from] item: Black Sludge\n|upkeep\n|turn|21\n|\n|t:|1699605074\n|switch|p2a: Clefable|Clefable, F|100\/100 tox\n|move|p1a: \u50f5\u5c38\u7537|Toxic|p2a: Clefable\n|-fail|p2a: Clefable|tox\n|\n|-heal|p1a: \u50f5\u5c38\u7537|68\/100|[from] item: Black Sludge\n|upkeep\n|turn|22\n|\n|t:|1699605083\n|move|p1a: \u50f5\u5c38\u7537|Recover|p1a: \u50f5\u5c38\u7537\n|-heal|p1a: \u50f5\u5c38\u7537|100\/100\n|move|p2a: Clefable|Teleport|p2a: Clefable\n|\n|t:|1699605086\n|switch|p2a: Landorus|Landorus-Therian, M|84\/100|[from] Teleport\n|-ability|p2a: Landorus|Intimidate|boost\n|-unboost|p1a: \u50f5\u5c38\u7537|atk|1\n|\n|upkeep\n|turn|23\n|\n|t:|1699605092\n|switch|p1a: KING|Landorus-Therian, M|92\/100\n|-ability|p1a: KING|Intimidate|boost\n|-unboost|p2a: Landorus|atk|1\n|-zpower|p2a: Landorus\n|move|p2a: Landorus|Continental Crush|p1a: KING|[zeffect]\n|-damage|p1a: KING|47\/100\n|\n|upkeep\n|turn|24\n|\n|t:|1699605103\n|move|p2a: Landorus|U-turn|p1a: KING\n|-resisted|p1a: KING\n|-damage|p1a: KING|39\/100\n|\n|t:|1699605106\n|switch|p2a: Murkrow|Murkrow, M|100\/100|[from] U-turn\n|move|p1a: KING|Defog|p2a: Murkrow\n|-unboost|p2a: Murkrow|evasion|1\n|-sideend|p1: Square K|Spikes|[from] move: Defog|[of] p1a: KING\n|\n|upkeep\n|turn|25\n|\n|t:|1699605119\n|switch|p1a: \u5439\u96ea|Alomomola, F|46\/100\n|move|p2a: Murkrow|Foul Play|p1a: \u5439\u96ea\n|-damage|p1a: \u5439\u96ea|33\/100\n|\n|upkeep\n|turn|26\n|\n|t:|1699605127\n|switch|p1a: \u94f6\u8272\u7360\u7259|Urshifu-Rapid-Strike, F|100\/100\n|move|p2a: Murkrow|Thunder Wave|p1a: \u94f6\u8272\u7360\u7259\n|-status|p1a: \u94f6\u8272\u7360\u7259|par\n|\n|upkeep\n|turn|27\n|\n|t:|1699605134\n|move|p1a: \u94f6\u8272\u7360\u7259|Surging Strikes|p2a: Murkrow\n|-crit|p2a: Murkrow\n|-damage|p2a: Murkrow|73\/100\n|-crit|p2a: Murkrow\n|-damage|p2a: Murkrow|45\/100\n|-crit|p2a: Murkrow\n|-damage|p2a: Murkrow|18\/100\n|-hitcount|p2a: Murkrow|3\n|move|p2a: Murkrow|Foul Play|p1a: \u94f6\u8272\u7360\u7259\n|-resisted|p1a: \u94f6\u8272\u7360\u7259\n|-crit|p1a: \u94f6\u8272\u7360\u7259\n|-damage|p1a: \u94f6\u8272\u7360\u7259|65\/100 par\n|\n|upkeep\n|turn|28\n|\n|t:|1699605143\n|move|p2a: Murkrow|Roost|p2a: Murkrow\n|-heal|p2a: Murkrow|69\/100\n|-singleturn|p2a: Murkrow|move: Roost\n|cant|p1a: \u94f6\u8272\u7360\u7259|par\n|\n|upkeep\n|turn|29\n|\n|t:|1699605149\n|move|p2a: Murkrow|Roost|p2a: Murkrow\n|-heal|p2a: Murkrow|100\/100\n|-singleturn|p2a: Murkrow|move: Roost\n|move|p1a: \u94f6\u8272\u7360\u7259|Surging Strikes|p2a: Murkrow\n|-crit|p2a: Murkrow\n|-damage|p2a: Murkrow|74\/100\n|-crit|p2a: Murkrow\n|-damage|p2a: Murkrow|48\/100\n|-crit|p2a: Murkrow\n|-damage|p2a: Murkrow|22\/100\n|-hitcount|p2a: Murkrow|3\n|\n|upkeep\n|turn|30\n|\n|t:|1699605156\n|move|p2a: Murkrow|Roost|p2a: Murkrow\n|-heal|p2a: Murkrow|72\/100\n|-singleturn|p2a: Murkrow|move: Roost\n|move|p1a: \u94f6\u8272\u7360\u7259|Surging Strikes|p2a: Murkrow\n|-crit|p2a: Murkrow\n|-damage|p2a: Murkrow|42\/100\n|-crit|p2a: Murkrow\n|-damage|p2a: Murkrow|13\/100\n|-crit|p2a: Murkrow\n|-damage|p2a: Murkrow|0 fnt\n|faint|p2a: Murkrow\n|-hitcount|p2: Murkrow|3\n|\n|upkeep\n|\n|t:|1699605163\n|switch|p2a: Samurott|Samurott-Hisui, F|69\/100\n|turn|31\n|\n|t:|1699605166\n|switch|p1a: \u5439\u96ea|Alomomola, F|66\/100\n|move|p2a: Samurott|Ceaseless Edge|p1a: \u5439\u96ea\n|-damage|p1a: \u5439\u96ea|41\/100\n|-sidestart|p1: Square K|Spikes\n|\n|upkeep\n|turn|32\n|\n|t:|1699605177\n|move|p2a: Samurott|Ceaseless Edge|p1a: \u5439\u96ea\n|-damage|p1a: \u5439\u96ea|15\/100\n|-sidestart|p1: Square K|Spikes\n|move|p1a: \u5439\u96ea|Wish|p1a: \u5439\u96ea\n|\n|upkeep\n|turn|33\n|\n|t:|1699605183\n|switch|p1a: KING|Landorus-Therian, M|39\/100\n|-ability|p1a: KING|Intimidate|boost\n|-unboost|p2a: Samurott|atk|1\n|move|p2a: Samurott|Ceaseless Edge|p1a: KING\n|-damage|p1a: KING|10\/100\n|-sidestart|p1: Square K|Spikes\n|\n|-heal|p1a: KING|80\/100|[from] move: Wish|[wisher] \u5439\u96ea\n|upkeep\n|turn|34\n|\n|t:|1699605195\n|switch|p2a: Landorus|Landorus-Therian, M|84\/100\n|-ability|p2a: Landorus|Intimidate|boost\n|-unboost|p1a: KING|atk|1\n|move|p1a: KING|Knock Off|p2a: Landorus\n|-damage|p2a: Landorus|64\/100\n|\n|upkeep\n|turn|35\n|\n|t:|1699605206\n|move|p2a: Landorus|Stone Edge|p1a: KING\n|-damage|p1a: KING|40\/100\n|move|p1a: KING|Defog|p2a: Landorus\n|-unboost|p2a: Landorus|evasion|1\n|-sideend|p1: Square K|Spikes|[from] move: Defog|[of] p1a: KING\n|\n|upkeep\n|turn|36\n|\n|t:|1699605221\n|switch|p1a: \u91d1\u5c5e\u9a91\u58eb|Heatran, F, tera:Grass|82\/100 tox\n|move|p2a: Landorus|Stone Edge|p1a: \u91d1\u5c5e\u9a91\u58eb|[miss]\n|-miss|p2a: Landorus|p1a: \u91d1\u5c5e\u9a91\u58eb\n|\n|-heal|p1a: \u91d1\u5c5e\u9a91\u58eb|89\/100 tox|[from] item: Leftovers\n|-damage|p1a: \u91d1\u5c5e\u9a91\u58eb|82\/100 tox|[from] psn\n|upkeep\n|turn|37\n|\n|t:|1699605229\n|move|p2a: Landorus|U-turn|p1a: \u91d1\u5c5e\u9a91\u58eb\n|-supereffective|p1a: \u91d1\u5c5e\u9a91\u58eb\n|-damage|p1a: \u91d1\u5c5e\u9a91\u58eb|36\/100 tox\n|\n|t:|1699605232\n|switch|p2a: Clefable|Clefable, F|100\/100 tox|[from] U-turn\n|move|p1a: \u91d1\u5c5e\u9a91\u58eb|Tera Blast|p2a: Clefable|[anim] Tera Blast Grass\n|-damage|p2a: Clefable|58\/100 tox\n|\n|-heal|p1a: \u91d1\u5c5e\u9a91\u58eb|42\/100 tox|[from] item: Leftovers\n|-damage|p1a: \u91d1\u5c5e\u9a91\u58eb|30\/100 tox|[from] psn\n|upkeep\n|turn|38\n|\n|t:|1699605240\n|switch|p1a: \u5439\u96ea|Alomomola, F|49\/100\n|move|p2a: Clefable|Moonlight|p2a: Clefable\n|-heal|p2a: Clefable|100\/100 tox\n|\n|upkeep\n|turn|39\n|\n|t:|1699605246\n|move|p1a: \u5439\u96ea|Wish|p1a: \u5439\u96ea\n|move|p2a: Clefable|Moonblast|p1a: \u5439\u96ea\n|-damage|p1a: \u5439\u96ea|0 fnt\n|faint|p1a: \u5439\u96ea\n|\n|upkeep\n|\n|t:|1699605252\n|switch|p1a: \u91d1\u5c5e\u9a91\u58eb|Heatran, F, tera:Grass|30\/100 tox\n|turn|40\n|\n|t:|1699605256\n|move|p1a: \u91d1\u5c5e\u9a91\u58eb|Protect|p1a: \u91d1\u5c5e\u9a91\u58eb\n|-singleturn|p1a: \u91d1\u5c5e\u9a91\u58eb|Protect\n|move|p2a: Clefable|Moonblast|p1a: \u91d1\u5c5e\u9a91\u58eb\n|-activate|p1a: \u91d1\u5c5e\u9a91\u58eb|move: Protect\n|\n|-heal|p1a: \u91d1\u5c5e\u9a91\u58eb|99\/100 tox|[from] move: Wish|[wisher] \u5439\u96ea\n|-heal|p1a: \u91d1\u5c5e\u9a91\u58eb|100\/100 tox|[from] item: Leftovers\n|-damage|p1a: \u91d1\u5c5e\u9a91\u58eb|94\/100 tox|[from] psn\n|upkeep\n|turn|41\n|\n|t:|1699605266\n|switch|p1a: \u50f5\u5c38\u7537|Toxapex, F|100\/100\n|move|p2a: Clefable|Moonblast|p1a: \u50f5\u5c38\u7537\n|-resisted|p1a: \u50f5\u5c38\u7537\n|-damage|p1a: \u50f5\u5c38\u7537|80\/100\n|\n|-heal|p1a: \u50f5\u5c38\u7537|86\/100|[from] item: Black Sludge\n|upkeep\n|turn|42\n|\n|t:|1699605274\n|move|p1a: \u50f5\u5c38\u7537|Scald|p2a: Clefable\n|-damage|p2a: Clefable|83\/100 tox\n|move|p2a: Clefable|Teleport|p2a: Clefable\n|\n|t:|1699605279\n|switch|p2a: Landorus|Landorus-Therian, M|64\/100|[from] Teleport\n|-ability|p2a: Landorus|Intimidate|boost\n|-unboost|p1a: \u50f5\u5c38\u7537|atk|1\n|\n|-heal|p1a: \u50f5\u5c38\u7537|93\/100|[from] item: Black Sludge\n|upkeep\n|turn|43\n|\n|t:|1699605286\n|switch|p1a: KING|Landorus-Therian, M|40\/100\n|-ability|p1a: KING|Intimidate|boost\n|-unboost|p2a: Landorus|atk|1\n|move|p2a: Landorus|Earthquake|p1a: KING\n|-immune|p1a: KING\n|\n|upkeep\n|turn|44\n|\n|t:|1699605293\n|move|p2a: Landorus|Stone Edge|p1a: KING\n|-damage|p1a: KING|16\/100\n|move|p1a: KING|Earthquake|p2a: Landorus\n|-immune|p2a: Landorus\n|\n|upkeep\n|turn|45\n|\n|t:|1699605303\n|switch|p1a: \u91d1\u5c5e\u9a91\u58eb|Heatran, F, tera:Grass|94\/100 tox\n|move|p2a: Landorus|Stone Edge|p1a: \u91d1\u5c5e\u9a91\u58eb\n|-damage|p1a: \u91d1\u5c5e\u9a91\u58eb|75\/100 tox\n|\n|-heal|p1a: \u91d1\u5c5e\u9a91\u58eb|81\/100 tox|[from] item: Leftovers\n|-damage|p1a: \u91d1\u5c5e\u9a91\u58eb|75\/100 tox|[from] psn\n|upkeep\n|turn|46\n|\n|t:|1699605314\n|move|p2a: Landorus|U-turn|p1a: \u91d1\u5c5e\u9a91\u58eb\n|-supereffective|p1a: \u91d1\u5c5e\u9a91\u58eb\n|-damage|p1a: \u91d1\u5c5e\u9a91\u58eb|46\/100 tox\n|\n|t:|1699605318\n|switch|p2a: Clefable|Clefable, F|83\/100 tox|[from] U-turn\n|move|p1a: \u91d1\u5c5e\u9a91\u58eb|Tera Blast|p2a: Clefable|[anim] Tera Blast Grass\n|-damage|p2a: Clefable|40\/100 tox\n|\n|-heal|p1a: \u91d1\u5c5e\u9a91\u58eb|53\/100 tox|[from] item: Leftovers\n|-damage|p1a: \u91d1\u5c5e\u9a91\u58eb|40\/100 tox|[from] psn\n|upkeep\n|turn|47\n|\n|t:|1699605327\n|move|p1a: \u91d1\u5c5e\u9a91\u58eb|Tera Blast|p2a: Clefable|[anim] Tera Blast Grass\n|-damage|p2a: Clefable|0 fnt\n|faint|p2a: Clefable\n|\n|-heal|p1a: \u91d1\u5c5e\u9a91\u58eb|46\/100 tox|[from] item: Leftovers\n|-damage|p1a: \u91d1\u5c5e\u9a91\u58eb|28\/100 tox|[from] psn\n|upkeep\n|\n|t:|1699605330\n|switch|p2a: Landorus|Landorus-Therian, M|64\/100\n|-ability|p2a: Landorus|Intimidate|boost\n|-unboost|p1a: \u91d1\u5c5e\u9a91\u58eb|atk|1\n|turn|48\n|\n|t:|1699605338\n|move|p2a: Landorus|U-turn|p1a: \u91d1\u5c5e\u9a91\u58eb\n|-supereffective|p1a: \u91d1\u5c5e\u9a91\u58eb\n|-damage|p1a: \u91d1\u5c5e\u9a91\u58eb|0 fnt\n|faint|p1a: \u91d1\u5c5e\u9a91\u58eb\n|\n|t:|1699605340\n|switch|p2a: Samurott|Samurott-Hisui, F|69\/100|[from] U-turn\n|\n|upkeep\n|\n|t:|1699605344\n|switch|p1a: \u50f5\u5c38\u7537|Toxapex, F|100\/100\n|turn|49\n|\n|t:|1699605350\n|switch|p2a: Landorus|Landorus-Therian, M|64\/100\n|-ability|p2a: Landorus|Intimidate|boost\n|-unboost|p1a: \u50f5\u5c38\u7537|atk|1\n|move|p1a: \u50f5\u5c38\u7537|Toxic|p2a: Landorus\n|-status|p2a: Landorus|tox\n|\n|-damage|p2a: Landorus|58\/100 tox|[from] psn\n|upkeep\n|turn|50\n|\n|t:|1699605356\n|move|p1a: \u50f5\u5c38\u7537|Baneful Bunker|p1a: \u50f5\u5c38\u7537\n|-singleturn|p1a: \u50f5\u5c38\u7537|move: Protect\n|move|p2a: Landorus|Stone Edge|p1a: \u50f5\u5c38\u7537\n|-activate|p1a: \u50f5\u5c38\u7537|move: Protect\n|\n|-damage|p2a: Landorus|46\/100 tox|[from] psn\n|upkeep\n|turn|51\n|\n|t:|1699605362\n|move|p2a: Landorus|Earthquake|p1a: \u50f5\u5c38\u7537\n|-supereffective|p1a: \u50f5\u5c38\u7537\n|-damage|p1a: \u50f5\u5c38\u7537|27\/100\n|move|p1a: \u50f5\u5c38\u7537|Recover|p1a: \u50f5\u5c38\u7537\n|-heal|p1a: \u50f5\u5c38\u7537|77\/100\n|\n|-heal|p1a: \u50f5\u5c38\u7537|83\/100|[from] item: Black Sludge\n|-damage|p2a: Landorus|28\/100 tox|[from] psn\n|upkeep\n|turn|52\n|\n|t:|1699605373\n|switch|p2a: Samurott|Samurott-Hisui, F|69\/100\n|move|p1a: \u50f5\u5c38\u7537|Recover|p1a: \u50f5\u5c38\u7537\n|-heal|p1a: \u50f5\u5c38\u7537|100\/100\n|\n|upkeep\n|turn|53\n|\n|t:|1699605387\n|move|p1a: \u50f5\u5c38\u7537|Baneful Bunker|p1a: \u50f5\u5c38\u7537\n|-singleturn|p1a: \u50f5\u5c38\u7537|move: Protect\n|move|p2a: Samurott|Ceaseless Edge|p1a: \u50f5\u5c38\u7537\n|-activate|p1a: \u50f5\u5c38\u7537|move: Protect\n|-status|p2a: Samurott|psn\n|\n|-damage|p2a: Samurott|56\/100 psn|[from] psn\n|upkeep\n|turn|54\n|\n|t:|1699605394\n|move|p2a: Samurott|Ceaseless Edge|p1a: \u50f5\u5c38\u7537\n|-damage|p1a: \u50f5\u5c38\u7537|72\/100\n|-sidestart|p1: Square K|Spikes\n|move|p1a: \u50f5\u5c38\u7537|Recover|p1a: \u50f5\u5c38\u7537\n|-heal|p1a: \u50f5\u5c38\u7537|100\/100\n|\n|-damage|p2a: Samurott|44\/100 psn|[from] psn\n|upkeep\n|turn|55\n|\n|t:|1699605401\n|move|p1a: \u50f5\u5c38\u7537|Baneful Bunker|p1a: \u50f5\u5c38\u7537\n|-singleturn|p1a: \u50f5\u5c38\u7537|move: Protect\n|move|p2a: Samurott|Ceaseless Edge|p1a: \u50f5\u5c38\u7537\n|-activate|p1a: \u50f5\u5c38\u7537|move: Protect\n|\n|-damage|p2a: Samurott|31\/100 psn|[from] psn\n|upkeep\n|turn|56\n|\n|t:|1699605412\n|move|p2a: Samurott|Ceaseless Edge|p1a: \u50f5\u5c38\u7537\n|-damage|p1a: \u50f5\u5c38\u7537|69\/100\n|-sidestart|p1: Square K|Spikes\n|move|p1a: \u50f5\u5c38\u7537|Toxic||[still]\n|-fail|p1a: \u50f5\u5c38\u7537\n|\n|-heal|p1a: \u50f5\u5c38\u7537|75\/100|[from] item: Black Sludge\n|-damage|p2a: Samurott|19\/100 psn|[from] psn\n|upkeep\n|turn|57\n|\n|t:|1699605418\n|move|p2a: Samurott|Ceaseless Edge|p1a: \u50f5\u5c38\u7537\n|-damage|p1a: \u50f5\u5c38\u7537|42\/100\n|-sidestart|p1: Square K|Spikes\n|move|p1a: \u50f5\u5c38\u7537|Scald|p2a: Samurott\n|-resisted|p2a: Samurott\n|-damage|p2a: Samurott|6\/100 psn\n|\n|-heal|p1a: \u50f5\u5c38\u7537|48\/100|[from] item: Black Sludge\n|-damage|p2a: Samurott|0 fnt|[from] psn\n|faint|p2a: Samurott\n|upkeep\n|\n|t:|1699605422\n|switch|p2a: Landorus|Landorus-Therian, M|28\/100 tox\n|-ability|p2a: Landorus|Intimidate|boost\n|-unboost|p1a: \u50f5\u5c38\u7537|atk|1\n|turn|58\n|\n|t:|1699605426\n|move|p1a: \u50f5\u5c38\u7537|Baneful Bunker|p1a: \u50f5\u5c38\u7537\n|-singleturn|p1a: \u50f5\u5c38\u7537|move: Protect\n|move|p2a: Landorus|Earthquake|p1a: \u50f5\u5c38\u7537\n|-activate|p1a: \u50f5\u5c38\u7537|move: Protect\n|\n|-heal|p1a: \u50f5\u5c38\u7537|54\/100|[from] item: Black Sludge\n|-damage|p2a: Landorus|22\/100 tox|[from] psn\n|upkeep\n|turn|59\n|\n|t:|1699605436\n|move|p2a: Landorus|Earthquake|p1a: \u50f5\u5c38\u7537\n|-supereffective|p1a: \u50f5\u5c38\u7537\n|-damage|p1a: \u50f5\u5c38\u7537|0 fnt\n|faint|p1a: \u50f5\u5c38\u7537\n|\n|-damage|p2a: Landorus|11\/100 tox|[from] psn\n|upkeep\n|\n|t:|1699605440\n|switch|p1a: KING|Landorus-Therian, M|16\/100\n|-ability|p1a: KING|Intimidate|boost\n|-unboost|p2a: Landorus|atk|1\n|turn|60\n|\n|t:|1699605444\n|move|p2a: Landorus|Stone Edge|p1a: KING\n|-damage|p1a: KING|0 fnt\n|faint|p1a: KING\n|\n|-damage|p2a: Landorus|0 fnt|[from] psn\n|faint|p2a: Landorus\n|\n|win|Square K\n|upkeep\n|raw|Square K's rating: 1417 &rarr; <strong>1435<\/strong><br \/>(+18 for winning)\n|raw|Crunchy5's rating: 1385 &rarr; <strong>1367<\/strong><br \/>(-18 for losing)\n","uploadtime":1699605451,"views":4,"p1id":"squarek","p2id":"crunchy5","formatid":"gen9nationaldex","rating":1367,"private":0,"password":""}