{"id":"gen9nationaldex-1988705839","p1":"I'MLOUDASF","p2":"Player 723456","format":"[Gen 9] National Dex","log":"|j|\u2606I'MLOUDASF\n|j|\u2606Player 723456\n|t:|1699752941\n|gametype|singles\n|player|p1|I'MLOUDASF|shauntal|1088\n|player|p2|Player 723456|lucas|1103\n|teamsize|p1|6\n|teamsize|p2|6\n|gen|9\n|tier|[Gen 9] National Dex\n|rated|\n|rule|HP Percentage Mod: HP is shown in percentages\n|rule|Endless Battle Clause: Forcing endless battles is banned\n|rule|OHKO Clause: OHKO moves are banned\n|rule|Evasion Clause: Evasion abilities, items, and moves are banned\n|rule|Evasion Abilities Clause: Evasion abilities are banned\n|rule|Evasion Items Clause: Evasion items are banned\n|rule|Evasion Moves Clause: Evasion moves are banned\n|rule|Species Clause: Limit one of each Pok\u00e9mon\n|rule|Sleep Clause Mod: Limit one foe put to sleep\n|clearpoke\n|poke|p1|Sceptile, M|\n|poke|p1|Gardevoir, M|\n|poke|p1|Diancie|\n|poke|p1|Jolteon, F|\n|poke|p1|Greninja-*, M|\n|poke|p1|Azumarill, F|\n|poke|p2|Kommo-o, F|\n|poke|p2|Rotom-Wash|\n|poke|p2|Togekiss, M|\n|poke|p2|Excadrill, F|\n|poke|p2|Magnezone|\n|poke|p2|Ferrothorn, F|\n|teampreview\n|j| inv jk v\n|\n|t:|1699752953\n|start\n|switch|p1a: Jolteon|Jolteon, F|100\/100\n|switch|p2a: Excadrill|Excadrill, F|100\/100\n|-ability|p2a: Excadrill|Mold Breaker\n|turn|1\n|c| inv jk v|hi\n|\n|t:|1699752962\n|-terastallize|p1a: Jolteon|Fire\n|move|p2a: Excadrill|Earthquake|p1a: Jolteon\n|-supereffective|p1a: Jolteon\n|-damage|p1a: Jolteon|0 fnt\n|faint|p1a: Jolteon\n|\n|upkeep\n|c|\u2606I'MLOUDASF|heya\n|\n|t:|1699752969\n|switch|p1a: Greninja|Greninja, M, shiny|100\/100\n|turn|2\n|c| inv jk v|may the best man win\n|c|\u2606I'MLOUDASF|fr\n|c|\u2606I'MLOUDASF|gl\n|\n|t:|1699752981\n|move|p2a: Excadrill|Stealth Rock|p1a: Greninja\n|-sidestart|p1: I'MLOUDASF|move: Stealth Rock\n|move|p1a: Greninja|Blizzard|p2a: Excadrill\n|-damage|p2a: Excadrill|68\/100\n|\n|upkeep\n|turn|3\n|\n|t:|1699752991\n|move|p2a: Excadrill|Earthquake|p1a: Greninja\n|-damage|p1a: Greninja|44\/100\n|move|p1a: Greninja|Dark Pulse|p2a: Excadrill\n|-damage|p2a: Excadrill|31\/100\n|\n|upkeep\n|turn|4\n|\n|t:|1699753002\n|move|p2a: Excadrill|Earthquake|p1a: Greninja\n|-damage|p1a: Greninja|0 fnt\n|faint|p1a: Greninja\n|\n|upkeep\n|\n|t:|1699753011\n|switch|p1a: Sceptile|Sceptile, M, shiny|100\/100\n|-damage|p1a: Sceptile|88\/100|[from] Stealth Rock\n|turn|5\n|c| inv jk v|lol\n|c|\u2606Player 723456|Why is Greninja so slow\n|\n|t:|1699753018\n|move|p2a: Excadrill|Iron Head|p1a: Sceptile\n|-damage|p1a: Sceptile|26\/100\n|cant|p1a: Sceptile|flinch\n|\n|upkeep\n|turn|6\n|\n|t:|1699753028\n|move|p2a: Excadrill|Iron Head|p1a: Sceptile\n|-damage|p1a: Sceptile|0 fnt\n|faint|p1a: Sceptile\n|\n|upkeep\n|\n|t:|1699753040\n|switch|p1a: Gardevoir|Gardevoir, M|100\/100\n|-damage|p1a: Gardevoir|88\/100|[from] Stealth Rock\n|turn|7\n|\n|t:|1699753045\n|move|p2a: Excadrill|Iron Head|p1a: Gardevoir\n|-supereffective|p1a: Gardevoir\n|-damage|p1a: Gardevoir|0 fnt\n|faint|p1a: Gardevoir\n|\n|upkeep\n|c| inv jk v|greninja is supose to be  fast\n|\n|t:|1699753051\n|switch|p1a: Diancie|Diancie, shiny|100\/100\n|-damage|p1a: Diancie|88\/100|[from] Stealth Rock\n|turn|8\n|\n|t:|1699753061\n|detailschange|p1a: Diancie|Diancie-Mega, shiny\n|-mega|p1a: Diancie|Diancie|Diancite\n|move|p2a: Excadrill|Iron Head|p1a: Diancie\n|-supereffective|p1a: Diancie\n|-crit|p1a: Diancie\n|-damage|p1a: Diancie|0 fnt\n|faint|p1a: Diancie\n|\n|upkeep\n|c| inv jk v|lol agin\n|c|\u2606Player 723456|Bruh\n|\n|t:|1699753071\n|switch|p1a: Azumarill|Azumarill, F|100\/100\n|-damage|p1a: Azumarill|88\/100|[from] Stealth Rock\n|turn|9\n|c|\u2606Player 723456|Excadrill isn't meant to a swepper\n|c|\u2606Player 723456|How is it sweeping\n|\n|t:|1699753091\n|move|p2a: Excadrill|Iron Head|p1a: Azumarill\n|-damage|p1a: Azumarill|33\/100\n|move|p1a: Azumarill|Hydro Pump|p2a: Excadrill\n|-supereffective|p2a: Excadrill\n|-damage|p2a: Excadrill|0 fnt\n|faint|p2a: Excadrill\n|\n|upkeep\n|c| inv jk v|thats crazy ngl\n|c| inv jk v|lol\n|\n|t:|1699753105\n|switch|p2a: Ferrothorn|Ferrothorn, F|100\/100\n|turn|10\n|c| inv jk v|finally\n|\n|t:|1699753110\n|move|p1a: Azumarill|Waterfall|p2a: Ferrothorn\n|-resisted|p2a: Ferrothorn\n|-damage|p2a: Ferrothorn|94\/100\n|-damage|p1a: Azumarill|20\/100|[from] ability: Iron Barbs|[of] p2a: Ferrothorn\n|-damage|p1a: Azumarill|4\/100|[from] item: Rocky Helmet|[of] p2a: Ferrothorn\n|move|p2a: Ferrothorn|Power Whip|p1a: Azumarill\n|-supereffective|p1a: Azumarill\n|-damage|p1a: Azumarill|0 fnt\n|faint|p1a: Azumarill\n|\n|win|Player 723456\n|raw|I&apos;MLOUDASF's rating: 1088 &rarr; <strong>1066<\/strong><br \/>(-22 for losing)\n|raw|Player 723456's rating: 1103 &rarr; <strong>1127<\/strong><br \/>(+24 for winning)\n|c|\u2606I'MLOUDASF|Gg\n|c|\u2606Player 723456|gg\n|c| inv jk v|gg\n|c|\u2606I'MLOUDASF|You did good\n|l|\u2606I'MLOUDASF\n|c|\u2606Player 723456|I wish it was a fair fight\n","uploadtime":1699753145,"views":23,"p1id":"imloudasf","p2id":"player723456","formatid":"gen9nationaldex","rating":1066,"private":0,"password":""}