{"id":"gen9nationaldex-1992076746","p1":"Sivilea","p2":"luccs.xx","format":"[Gen 9] National Dex","log":"|j|\u2606Sivilea\n|j|\u203dluccs.xx\n|t:|1700153109\n|gametype|singles\n|player|p1|Sivilea|cheryl|1313\n|player|p2|luccs.xx|hilbert-wonderlauncher|1413\n|teamsize|p1|6\n|teamsize|p2|6\n|gen|9\n|tier|[Gen 9] National Dex\n|rated|\n|rule|HP Percentage Mod: HP is shown in percentages\n|rule|Endless Battle Clause: Forcing endless battles is banned\n|rule|OHKO Clause: OHKO moves are banned\n|rule|Evasion Clause: Evasion abilities, items, and moves are banned\n|rule|Evasion Abilities Clause: Evasion abilities are banned\n|rule|Evasion Items Clause: Evasion items are banned\n|rule|Evasion Moves Clause: Evasion moves are banned\n|rule|Species Clause: Limit one of each Pok\u00e9mon\n|rule|Sleep Clause Mod: Limit one foe put to sleep\n|clearpoke\n|poke|p1|Malamar, M|\n|poke|p1|Staraptor, M|\n|poke|p1|Cinderace, M|\n|poke|p1|Rotom-Wash|\n|poke|p1|Shiinotic, F|\n|poke|p1|Aegislash, F|\n|poke|p2|Ogerpon-Cornerstone, F|\n|poke|p2|Enamorus, F|\n|poke|p2|Alomomola, F|\n|poke|p2|Slowking-Galar, F|\n|poke|p2|Excadrill, M|\n|poke|p2|Tyranitar, F|\n|teampreview\n|inactive|Battle timer is ON: inactive players will automatically lose when time's up. (requested by luccs.xx)\n|inactive|Sivilea also wants the timer to be on.\n|\n|t:|1700153138\n|start\n|switch|p1a: Dinnerbone|Malamar, M|100\/100\n|switch|p2a: Slowking|Slowking-Galar, F|100\/100\n|turn|1\n|\n|t:|1700153144\n|switch|p2a: Alomomola|Alomomola, F|100\/100\n|move|p1a: Dinnerbone|Superpower|p2a: Alomomola\n|-damage|p2a: Alomomola|82\/100\n|-boost|p1a: Dinnerbone|atk|1\n|-boost|p1a: Dinnerbone|def|1\n|-damage|p1a: Dinnerbone|84\/100|[from] item: Rocky Helmet|[of] p2a: Alomomola\n|\n|upkeep\n|turn|2\n|\n|t:|1700153152\n|move|p1a: Dinnerbone|Knock Off|p2a: Alomomola\n|-damage|p2a: Alomomola|50\/100\n|-damage|p1a: Dinnerbone|68\/100|[from] item: Rocky Helmet|[of] p2a: Alomomola\n|-enditem|p2a: Alomomola|Rocky Helmet|[from] move: Knock Off|[of] p1a: Dinnerbone\n|move|p2a: Alomomola|Scald|p1a: Dinnerbone\n|-damage|p1a: Dinnerbone|53\/100\n|\n|upkeep\n|turn|3\n|\n|t:|1700153159\n|move|p1a: Dinnerbone|Superpower|p2a: Alomomola\n|-damage|p2a: Alomomola|22\/100\n|-boost|p1a: Dinnerbone|atk|1\n|-boost|p1a: Dinnerbone|def|1\n|move|p2a: Alomomola|Wish|p2a: Alomomola\n|\n|upkeep\n|turn|4\n|\n|t:|1700153166\n|switch|p2a: Slowking|Slowking-Galar, F|100\/100\n|move|p1a: Dinnerbone|Superpower|p2a: Slowking\n|-resisted|p2a: Slowking\n|-damage|p2a: Slowking|81\/100\n|-boost|p1a: Dinnerbone|atk|1\n|-boost|p1a: Dinnerbone|def|1\n|\n|-heal|p2a: Slowking|100\/100|[from] move: Wish|[wisher] Alomomola\n|upkeep\n|turn|5\n|\n|t:|1700153173\n|switch|p2a: Alomomola|Alomomola, F|56\/100\n|move|p1a: Dinnerbone|Knock Off|p2a: Alomomola\n|-damage|p2a: Alomomola|18\/100\n|\n|upkeep\n|turn|6\n|\n|t:|1700153176\n|switch|p2a: Slowking|Slowking-Galar, F|100\/100\n|move|p1a: Dinnerbone|Superpower|p2a: Slowking\n|-resisted|p2a: Slowking\n|-damage|p2a: Slowking|76\/100\n|-boost|p1a: Dinnerbone|atk|1\n|-boost|p1a: Dinnerbone|def|1\n|\n|upkeep\n|turn|7\n|\n|t:|1700153194\n|switch|p2a: Tyranitar|Tyranitar, F|100\/100\n|-weather|Sandstorm|[from] ability: Sand Stream|[of] p2a: Tyranitar\n|move|p1a: Dinnerbone|Superpower|p2a: Tyranitar\n|-supereffective|p2a: Tyranitar\n|-damage|p2a: Tyranitar|0 fnt\n|-boost|p1a: Dinnerbone|atk|1\n|-boost|p1a: Dinnerbone|def|1\n|faint|p2a: Tyranitar\n|\n|-weather|Sandstorm|[upkeep]\n|-damage|p1a: Dinnerbone|47\/100|[from] Sandstorm\n|upkeep\n|\n|t:|1700153198\n|switch|p2a: Excadrill|Excadrill, M|100\/100\n|turn|8\n|\n|t:|1700153203\n|move|p2a: Excadrill|Earthquake|p1a: Dinnerbone\n|-damage|p1a: Dinnerbone|31\/100\n|move|p1a: Dinnerbone|Superpower|p2a: Excadrill\n|-supereffective|p2a: Excadrill\n|-damage|p2a: Excadrill|0 fnt\n|-boost|p1a: Dinnerbone|atk|1\n|-boost|p1a: Dinnerbone|def|1\n|faint|p2a: Excadrill\n|\n|-weather|Sandstorm|[upkeep]\n|-damage|p1a: Dinnerbone|25\/100|[from] Sandstorm\n|-enditem|p1a: Dinnerbone|Aguav Berry|[eat]\n|-heal|p1a: Dinnerbone|58\/100|[from] item: Aguav Berry\n|upkeep\n|\n|t:|1700153208\n|switch|p2a: Enamorus|Enamorus, F|100\/100\n|turn|9\n|\n|t:|1700153210\n|move|p2a: Enamorus|Moonblast|p1a: Dinnerbone\n|-supereffective|p1a: Dinnerbone\n|-damage|p1a: Dinnerbone|0 fnt\n|faint|p1a: Dinnerbone\n|\n|-weather|Sandstorm|[upkeep]\n|-damage|p2a: Enamorus|94\/100|[from] Sandstorm\n|upkeep\n|\n|t:|1700153224\n|switch|p1a: Washington|Rotom-Wash|100\/100\n|turn|10\n|\n|t:|1700153228\n|switch|p2a: Slowking|Slowking-Galar, F|100\/100\n|move|p1a: Washington|Defog|p2a: Slowking\n|-unboost|p2a: Slowking|evasion|1\n|\n|-weather|Sandstorm|[upkeep]\n|-damage|p1a: Washington|94\/100|[from] Sandstorm\n|-damage|p2a: Slowking|94\/100|[from] Sandstorm\n|-heal|p1a: Washington|100\/100|[from] item: Leftovers\n|upkeep\n|turn|11\n|\n|t:|1700153232\n|move|p1a: Washington|Volt Switch|p2a: Slowking\n|-damage|p2a: Slowking|80\/100\n|\n|t:|1700153235\n|switch|p1a: Olympic|Aegislash, F|100\/100|[from] Volt Switch\n|move|p2a: Slowking|Future Sight|p1a: Olympic\n|-start|p2a: Slowking|move: Future Sight\n|\n|-weather|none\n|upkeep\n|turn|12\n|\n|t:|1700153242\n|switch|p2a: Alomomola|Alomomola, F|51\/100\n|move|p1a: Olympic|Substitute|p1a: Olympic\n|-start|p1a: Olympic|Substitute\n|-damage|p1a: Olympic|75\/100\n|\n|-heal|p1a: Olympic|82\/100|[from] item: Leftovers\n|upkeep\n|turn|13\n|\n|t:|1700153245\n|-formechange|p1a: Olympic|Aegislash-Blade||[from] ability: Stance Change\n|move|p1a: Olympic|Shadow Ball|p2a: Alomomola\n|-damage|p2a: Alomomola|0 fnt\n|faint|p2a: Alomomola\n|\n|-end|p1a: Olympic|move: Future Sight\n|-resisted|p1a: Olympic\n|-end|p1a: Olympic|Substitute\n|-heal|p1a: Olympic|88\/100|[from] item: Leftovers\n|upkeep\n|\n|t:|1700153254\n|switch|p2a: Enamorus|Enamorus, F|94\/100\n|turn|14\n|\n|t:|1700153258\n|-formechange|p1a: Olympic|Aegislash||[from] ability: Stance Change\n|move|p1a: Olympic|King's Shield|p1a: Olympic\n|-singleturn|p1a: Olympic|Protect\n|move|p2a: Enamorus|Mystical Fire|p1a: Olympic\n|-activate|p1a: Olympic|move: Protect\n|\n|-heal|p1a: Olympic|94\/100|[from] item: Leftovers\n|upkeep\n|turn|15\n|\n|t:|1700153260\n|switch|p1a: Messi|Cinderace, M|100\/100\n|move|p2a: Enamorus|Mystical Fire|p1a: Messi\n|-resisted|p1a: Messi\n|-damage|p1a: Messi|81\/100\n|-unboost|p1a: Messi|spa|1\n|\n|upkeep\n|turn|16\n|\n|t:|1700153264\n|switch|p2a: Slowking|Slowking-Galar, F|100\/100\n|move|p1a: Messi|Pyro Ball|p2a: Slowking\n|-damage|p2a: Slowking|36\/100\n|\n|upkeep\n|turn|17\n|\n|t:|1700153273\n|move|p1a: Messi|Pyro Ball|p2a: Slowking\n|-damage|p2a: Slowking|0 fnt\n|faint|p2a: Slowking\n|\n|upkeep\n|\n|t:|1700153276\n|switch|p2a: Ogerpon|Ogerpon-Cornerstone, F|100\/100\n|turn|18\n|\n|t:|1700153285\n|-terastallize|p2a: Ogerpon|Rock\n|detailschange|p2a: Ogerpon|Ogerpon-Cornerstone-Tera, F, tera:Rock\n|-ability|p2a: Ogerpon|Embody Aspect (Cornerstone)|boost\n|-boost|p2a: Ogerpon|def|1\n|move|p1a: Messi|U-turn|p2a: Ogerpon\n|-start|p1a: Messi|typechange|Bug|[from] ability: Libero\n|-damage|p2a: Ogerpon|70\/100\n|\n|t:|1700153292\n|switch|p1a: Olympic|Aegislash, F|94\/100|[from] U-turn\n|move|p2a: Ogerpon|Swords Dance|p2a: Ogerpon\n|-boost|p2a: Ogerpon|atk|2\n|\n|-heal|p1a: Olympic|99\/100|[from] item: Leftovers\n|upkeep\n|turn|19\n|\n|t:|1700153296\n|move|p2a: Ogerpon|Ivy Cudgel|p1a: Olympic|[anim] Ivy Cudgel Rock\n|-resisted|p1a: Olympic\n|-damage|p1a: Olympic|43\/100\n|-formechange|p1a: Olympic|Aegislash-Blade||[from] ability: Stance Change\n|move|p1a: Olympic|Flash Cannon|p2a: Ogerpon\n|-supereffective|p2a: Ogerpon\n|-damage|p2a: Ogerpon|0 fnt\n|faint|p2a: Ogerpon\n|\n|-heal|p1a: Olympic|49\/100|[from] item: Leftovers\n|upkeep\n|-message|luccs.xx forfeited.\n|\n|win|Sivilea\n|raw|Sivilea's rating: 1313 &rarr; <strong>1339<\/strong><br \/>(+26 for winning)\n|raw|luccs.xx's rating: 1413 &rarr; <strong>1387<\/strong><br \/>(-26 for losing)\n|l|\u203dluccs.xx\n|c|\u2606Sivilea|gg\n","uploadtime":1700153310,"views":5,"p1id":"sivilea","p2id":"luccsxx","formatid":"gen9nationaldex","rating":1339,"private":0,"password":""}