{"id":"gen9nationaldex-1999130834","p1":"polgo","p2":"EmotionalSpprtNuke","format":"[Gen 9] National Dex","log":"|html|<div class=\"broadcast-blue\"><strong>[Gen 9] National Dex is currently suspecting Sneasler! For information on how to participate check out the <a href=\"https:\/\/www.smogon.com\/forums\/threads\/sv-national-dex-suspect-8-just-dance.3731534\/\">suspect thread<\/a>.<\/strong><\/div>\n|j|\u2606polgo\n|j|\u2606EmotionalSpprtNuke\n|t:|1701036466\n|gametype|singles\n|player|p1|polgo|saturn|1110\n|player|p2|EmotionalSpprtNuke|170|1055\n|teamsize|p1|4\n|teamsize|p2|6\n|gen|9\n|tier|[Gen 9] National Dex\n|rated|\n|rule|HP Percentage Mod: HP is shown in percentages\n|rule|Endless Battle Clause: Forcing endless battles is banned\n|rule|OHKO Clause: OHKO moves are banned\n|rule|Evasion Clause: Evasion abilities, items, and moves are banned\n|rule|Evasion Abilities Clause: Evasion abilities are banned\n|rule|Evasion Items Clause: Evasion items are banned\n|rule|Evasion Moves Clause: Evasion moves are banned\n|rule|Species Clause: Limit one of each Pok\u00e9mon\n|rule|Sleep Clause Mod: Limit one foe put to sleep\n|clearpoke\n|poke|p1|Ariados, M|\n|poke|p1|Aromatisse, F|\n|poke|p1|Obstagoon, M|\n|poke|p1|Jynx, F|\n|poke|p2|Toxapex, M|\n|poke|p2|Landorus-Therian, M|\n|poke|p2|Hitmontop, M|\n|poke|p2|Overqwil, F|\n|poke|p2|Gliscor, F|\n|poke|p2|Slowbro, F|\n|teampreview\n|inactive|Battle timer is ON: inactive players will automatically lose when time's up. (requested by polgo)\n|c|\u2606polgo|fuck ass team\n|\n|t:|1701036477\n|start\n|switch|p1a: Viktor|Obstagoon, M|100\/100\n|switch|p2a: Toxapex|Toxapex, M|100\/100\n|turn|1\n|\n|t:|1701036481\n|move|p1a: Viktor|Knock Off|p2a: Toxapex\n|-damage|p2a: Toxapex|72\/100\n|-enditem|p2a: Toxapex|Leftovers|[from] move: Knock Off|[of] p1a: Viktor\n|move|p2a: Toxapex|Toxic Spikes|p1a: Viktor\n|-sidestart|p1: polgo|move: Toxic Spikes\n|\n|upkeep\n|turn|2\n|\n|t:|1701036487\n|move|p1a: Viktor|Knock Off|p2a: Toxapex\n|-damage|p2a: Toxapex|53\/100\n|move|p2a: Toxapex|Scald|p1a: Viktor\n|-damage|p1a: Viktor|89\/100\n|\n|upkeep\n|turn|3\n|\n|t:|1701036493\n|move|p1a: Viktor|Knock Off|p2a: Toxapex\n|-damage|p2a: Toxapex|31\/100\n|move|p2a: Toxapex|Scald|p1a: Viktor\n|-crit|p1a: Viktor\n|-damage|p1a: Viktor|70\/100\n|\n|upkeep\n|turn|4\n|\n|t:|1701036499\n|move|p1a: Viktor|Knock Off|p2a: Toxapex\n|-damage|p2a: Toxapex|9\/100\n|move|p2a: Toxapex|Recover|p2a: Toxapex\n|-heal|p2a: Toxapex|59\/100\n|\n|upkeep\n|turn|5\n|\n|t:|1701036505\n|switch|p1a: Roc|Ariados, M|100\/100\n|-sideend|p1: polgo|move: Toxic Spikes|[of] p1a: Roc\n|move|p2a: Toxapex|Scald|p1a: Roc\n|-damage|p1a: Roc|78\/100\n|\n|upkeep\n|turn|6\n|\n|t:|1701036512\n|move|p1a: Roc|Sticky Web|p2a: Toxapex\n|-sidestart|p2: EmotionalSpprtNuke|move: Sticky Web\n|move|p2a: Toxapex|Scald|p1a: Roc\n|-damage|p1a: Roc|54\/100\n|\n|upkeep\n|turn|7\n|\n|t:|1701036517\n|move|p1a: Roc|Toxic Thread|p2a: Toxapex\n|-unboost|p2a: Toxapex|spe|1\n|-immune|p2a: Toxapex\n|move|p2a: Toxapex|Scald|p1a: Roc\n|-damage|p1a: Roc|33\/100\n|\n|upkeep\n|turn|8\n|\n|t:|1701036527\n|switch|p1a: Victoria|Jynx, F|100\/100\n|move|p2a: Toxapex|Scald|p1a: Victoria\n|-immune|p1a: Victoria|[from] ability: Dry Skin\n|\n|upkeep\n|turn|9\n|\n|t:|1701036538\n|switch|p2a: Overqwil|Overqwil, F|100\/100\n|-activate|p2a: Overqwil|move: Sticky Web\n|-unboost|p2a: Overqwil|spe|1\n|-ability|p2a: Overqwil|Intimidate|boost\n|-unboost|p1a: Victoria|atk|1\n|move|p1a: Victoria|Nasty Plot|p1a: Victoria\n|-boost|p1a: Victoria|spa|2\n|\n|upkeep\n|turn|10\n|\n|t:|1701036547\n|move|p1a: Victoria|Ice Beam|p2a: Overqwil\n|-damage|p2a: Overqwil|7\/100\n|move|p2a: Overqwil|Crunch|p1a: Victoria\n|-supereffective|p1a: Victoria\n|-enditem|p1a: Victoria|Focus Sash\n|-damage|p1a: Victoria|1\/100\n|\n|upkeep\n|turn|11\n|\n|t:|1701036553\n|move|p1a: Victoria|Ice Beam|p2a: Overqwil\n|-damage|p2a: Overqwil|0 fnt\n|faint|p2a: Overqwil\n|\n|upkeep\n|\n|t:|1701036556\n|switch|p2a: Hitmontop|Hitmontop, M|100\/100\n|-activate|p2a: Hitmontop|move: Sticky Web\n|-unboost|p2a: Hitmontop|spe|1\n|-ability|p2a: Hitmontop|Intimidate|boost\n|-unboost|p1a: Victoria|atk|1\n|turn|12\n|\n|t:|1701036562\n|move|p2a: Hitmontop|Mach Punch|p1a: Victoria\n|-damage|p1a: Victoria|0 fnt\n|faint|p1a: Victoria\n|\n|upkeep\n|\n|t:|1701036566\n|switch|p1a: Gilda|Aromatisse, F|100\/100\n|turn|13\n|\n|t:|1701036569\n|move|p2a: Hitmontop|Toxic|p1a: Gilda\n|-status|p1a: Gilda|tox\n|move|p1a: Gilda|Calm Mind|p1a: Gilda\n|-boost|p1a: Gilda|spa|1\n|-boost|p1a: Gilda|spd|1\n|\n|-damage|p1a: Gilda|94\/100 tox|[from] psn\n|upkeep\n|turn|14\n|\n|t:|1701036574\n|move|p2a: Hitmontop|Rapid Spin|p1a: Gilda\n|-damage|p1a: Gilda|84\/100 tox\n|-boost|p2a: Hitmontop|spe|1\n|-sideend|p2: EmotionalSpprtNuke|Sticky Web|[from] move: Rapid Spin|[of] p2a: Hitmontop\n|move|p1a: Gilda|Moonblast|p2a: Hitmontop\n|-supereffective|p2a: Hitmontop\n|-damage|p2a: Hitmontop|13\/100\n|-unboost|p2a: Hitmontop|spa|1\n|\n|-heal|p1a: Gilda|90\/100 tox|[from] item: Leftovers\n|-damage|p1a: Gilda|77\/100 tox|[from] psn\n|upkeep\n|turn|15\n|\n|t:|1701036581\n|move|p2a: Hitmontop|High Jump Kick|p1a: Gilda\n|-resisted|p1a: Gilda\n|-damage|p1a: Gilda|53\/100 tox\n|move|p1a: Gilda|Psyshock|p2a: Hitmontop\n|-supereffective|p2a: Hitmontop\n|-damage|p2a: Hitmontop|0 fnt\n|faint|p2a: Hitmontop\n|\n|-heal|p1a: Gilda|60\/100 tox|[from] item: Leftovers\n|-damage|p1a: Gilda|41\/100 tox|[from] psn\n|upkeep\n|\n|t:|1701036586\n|switch|p2a: Toxapex|Toxapex, M|93\/100\n|turn|16\n|\n|t:|1701036591\n|move|p2a: Toxapex|Haze|p2a: Toxapex\n|-clearallboost\n|move|p1a: Gilda|Psyshock|p2a: Toxapex\n|-supereffective|p2a: Toxapex\n|-damage|p2a: Toxapex|57\/100\n|\n|-heal|p1a: Gilda|47\/100 tox|[from] item: Leftovers\n|-damage|p1a: Gilda|23\/100 tox|[from] psn\n|upkeep\n|turn|17\n|\n|t:|1701036600\n|switch|p1a: Roc|Ariados, M|33\/100\n|move|p2a: Toxapex|Scald|p1a: Roc\n|-damage|p1a: Roc|10\/100\n|\n|upkeep\n|turn|18\n|\n|t:|1701036606\n|move|p1a: Roc|Sticky Web|p2a: Toxapex\n|-sidestart|p2: EmotionalSpprtNuke|move: Sticky Web\n|move|p2a: Toxapex|Scald|p1a: Roc\n|-damage|p1a: Roc|0 fnt\n|faint|p1a: Roc\n|\n|upkeep\n|\n|t:|1701036610\n|switch|p1a: Gilda|Aromatisse, F|23\/100 tox\n|turn|19\n|\n|t:|1701036613\n|-terastallize|p1a: Gilda|Psychic\n|move|p2a: Toxapex|Toxic Spikes|p1a: Gilda\n|-sidestart|p1: polgo|move: Toxic Spikes\n|move|p1a: Gilda|Psyshock|p2a: Toxapex\n|-supereffective|p2a: Toxapex\n|-damage|p2a: Toxapex|7\/100\n|\n|-heal|p1a: Gilda|29\/100 tox|[from] item: Leftovers\n|-damage|p1a: Gilda|23\/100 tox|[from] psn\n|upkeep\n|turn|20\n|\n|t:|1701036620\n|switch|p2a: Gliscor|Gliscor, F, shiny|100\/100\n|move|p1a: Gilda|Calm Mind|p1a: Gilda\n|-boost|p1a: Gilda|spa|1\n|-boost|p1a: Gilda|spd|1\n|\n|-heal|p1a: Gilda|29\/100 tox|[from] item: Leftovers\n|-damage|p1a: Gilda|17\/100 tox|[from] psn\n|-status|p2a: Gliscor|tox|[from] item: Toxic Orb\n|upkeep\n|turn|21\n|\n|t:|1701036625\n|move|p2a: Gliscor|Stone Edge|p1a: Gilda\n|-damage|p1a: Gilda|0 fnt\n|faint|p1a: Gilda\n|\n|upkeep\n|\n|t:|1701036628\n|switch|p1a: Viktor|Obstagoon, M|70\/100\n|-status|p1a: Viktor|psn\n|turn|22\n|\n|t:|1701036631\n|move|p2a: Gliscor|Earthquake|p1a: Viktor\n|-crit|p1a: Viktor\n|-damage|p1a: Viktor|33\/100 psn\n|move|p1a: Viktor|Facade|p2a: Gliscor\n|-damage|p2a: Gliscor|57\/100 tox\n|\n|-heal|p2a: Gliscor|70\/100 tox|[from] ability: Poison Heal\n|-damage|p1a: Viktor|20\/100 psn|[from] psn\n|upkeep\n|turn|23\n|\n|t:|1701036638\n|move|p2a: Gliscor|Stone Edge|p1a: Viktor\n|-crit|p1a: Viktor\n|-damage|p1a: Viktor|0 fnt\n|faint|p1a: Viktor\n|\n|win|EmotionalSpprtNuke\n|raw|polgo's rating: 1110 &rarr; <strong>1081<\/strong><br \/>(-29 for losing)\n|raw|EmotionalSpprtNuke's rating: 1055 &rarr; <strong>1092<\/strong><br \/>(+37 for winning)\n","uploadtime":1701036476,"views":1,"p1id":"polgo","p2id":"emotionalspprtnuke","formatid":"gen9nationaldex","rating":1081,"private":0,"password":""}