{"id":"gen9nationaldex-1999242446","p1":"the great mega","p2":"Bs.Loa","format":"[Gen 9] National Dex","log":"|j|\u2606the great mega\n|j|\u2606Bs.Loa\n|inactive|Battle timer is ON: inactive players will automatically lose when time's up.\n|t:|1701049777\n|gametype|singles\n|player|p1|the great mega|depotagent|\n|player|p2|Bs.Loa|preschooler|\n|teamsize|p1|6\n|teamsize|p2|6\n|gen|9\n|tier|[Gen 9] National Dex\n|rated|Tournament battle\n|rule|HP Percentage Mod: HP is shown in percentages\n|rule|Endless Battle Clause: Forcing endless battles is banned\n|rule|OHKO Clause: OHKO moves are banned\n|rule|Evasion Clause: Evasion abilities, items, and moves are banned\n|rule|Evasion Abilities Clause: Evasion abilities are banned\n|rule|Evasion Items Clause: Evasion items are banned\n|rule|Evasion Moves Clause: Evasion moves are banned\n|rule|Species Clause: Limit one of each Pok\u00e9mon\n|rule|Sleep Clause Mod: Limit one foe put to sleep\n|clearpoke\n|poke|p1|Great Tusk|\n|poke|p1|Scizor, M|\n|poke|p1|Volcarona, F|\n|poke|p1|Sneasler, F|\n|poke|p1|Rillaboom, M|\n|poke|p1|Mewtwo|\n|poke|p2|Breloom, M|\n|poke|p2|Zoroark-Hisui, M|\n|poke|p2|Cinderace, F|\n|poke|p2|Hatterene, F|\n|poke|p2|Metagross|\n|poke|p2|Gliscor, M|\n|teampreview\n|inactive|Bs.Loa also wants the timer to be on.\n|inactive|the great mega also wants the timer to be on.\n|c|\u2606the great mega|nice team\n|\n|t:|1701049793\n|start\n|switch|p1a: Scizor|Scizor, M, shiny|100\/100\n|switch|p2a: Hatterene|Hatterene, F|100\/100\n|turn|1\n|c|\u2606Bs.Loa|thanks\n|c|\u2606Bs.Loa|glhf\n|c|\u2606the great mega|same to u\n|\n|t:|1701049804\n|switch|p2a: Cinderace|Cinderace, F|100\/100\n|detailschange|p1a: Scizor|Scizor-Mega, M, shiny\n|-mega|p1a: Scizor|Scizor|Scizorite\n|move|p1a: Scizor|U-turn|p2a: Cinderace\n|-resisted|p2a: Cinderace\n|-damage|p2a: Cinderace|68\/100\n|\n|t:|1701049809\n|switch|p1a: Great Tusk|Great Tusk|100\/100|[from] U-turn\n|\n|upkeep\n|turn|2\n|\n|t:|1701049815\n|switch|p2a: Hatterene|Hatterene, F|100\/100\n|move|p1a: Great Tusk|Headlong Rush|p2a: Hatterene\n|-damage|p2a: Hatterene|32\/100\n|-unboost|p1a: Great Tusk|def|1\n|-unboost|p1a: Great Tusk|spd|1\n|\n|upkeep\n|turn|3\n|j| prince5\n|\n|t:|1701049827\n|switch|p2a: Gliscor|Gliscor, M|100\/100\n|move|p1a: Great Tusk|Headlong Rush|p2a: Gliscor\n|-immune|p2a: Gliscor\n|\n|-status|p2a: Gliscor|tox|[from] item: Toxic Orb\n|upkeep\n|turn|4\n|\n|t:|1701049832\n|move|p1a: Great Tusk|Ice Spinner|p2a: Gliscor\n|-supereffective|p2a: Gliscor\n|-damage|p2a: Gliscor|36\/100 tox\n|move|p2a: Gliscor|Substitute|p2a: Gliscor\n|-start|p2a: Gliscor|Substitute\n|-damage|p2a: Gliscor|11\/100 tox\n|\n|-heal|p2a: Gliscor|24\/100 tox|[from] ability: Poison Heal\n|upkeep\n|turn|5\n|\n|t:|1701049839\n|move|p2a: Gliscor|Protect|p2a: Gliscor\n|-singleturn|p2a: Gliscor|Protect\n|move|p1a: Great Tusk|Ice Spinner|p2a: Gliscor\n|-activate|p2a: Gliscor|move: Protect\n|\n|-heal|p2a: Gliscor|36\/100 tox|[from] ability: Poison Heal\n|upkeep\n|turn|6\n|\n|t:|1701049843\n|move|p1a: Great Tusk|Ice Spinner|p2a: Gliscor\n|-supereffective|p2a: Gliscor\n|-end|p2a: Gliscor|Substitute\n|move|p2a: Gliscor|Toxic|p1a: Great Tusk\n|-status|p1a: Great Tusk|tox\n|\n|-damage|p1a: Great Tusk|94\/100 tox|[from] psn\n|-heal|p2a: Gliscor|49\/100 tox|[from] ability: Poison Heal\n|upkeep\n|turn|7\n|l| prince5\n|\n|t:|1701049850\n|move|p2a: Gliscor|Protect|p2a: Gliscor\n|-singleturn|p2a: Gliscor|Protect\n|move|p1a: Great Tusk|Ice Spinner|p2a: Gliscor\n|-activate|p2a: Gliscor|move: Protect\n|\n|-heal|p1a: Great Tusk|100\/100 tox|[from] item: Leftovers\n|-damage|p1a: Great Tusk|88\/100 tox|[from] psn\n|-heal|p2a: Gliscor|61\/100 tox|[from] ability: Poison Heal\n|upkeep\n|turn|8\n|\n|t:|1701049860\n|switch|p2a: Hatterene|Hatterene, F|32\/100\n|move|p1a: Great Tusk|Headlong Rush|p2a: Hatterene\n|-damage|p2a: Hatterene|0 fnt\n|-unboost|p1a: Great Tusk|def|1\n|-unboost|p1a: Great Tusk|spd|1\n|faint|p2a: Hatterene\n|\n|-heal|p1a: Great Tusk|94\/100 tox|[from] item: Leftovers\n|-damage|p1a: Great Tusk|76\/100 tox|[from] psn\n|upkeep\n|c|\u2606the great mega|not cinder okay\n|\n|t:|1701049873\n|switch|p2a: Gliscor|Gliscor, M|61\/100 tox\n|turn|9\n|\n|t:|1701049881\n|move|p2a: Gliscor|Protect|p2a: Gliscor\n|-singleturn|p2a: Gliscor|Protect\n|move|p1a: Great Tusk|Ice Spinner|p2a: Gliscor\n|-activate|p2a: Gliscor|move: Protect\n|\n|-heal|p1a: Great Tusk|82\/100 tox|[from] item: Leftovers\n|-damage|p1a: Great Tusk|57\/100 tox|[from] psn\n|-heal|p2a: Gliscor|73\/100 tox|[from] ability: Poison Heal\n|upkeep\n|turn|10\n|\n|t:|1701049897\n|-end|p1a: Great Tusk|Protosynthesis|[silent]\n|switch|p1a: Rillaboom|Rillaboom, M, shiny|100\/100\n|-fieldstart|move: Grassy Terrain|[from] ability: Grassy Surge|[of] p1a: Rillaboom\n|move|p2a: Gliscor|Earthquake|p1a: Rillaboom\n|-resisted|p1a: Rillaboom\n|-damage|p1a: Rillaboom|92\/100\n|\n|-heal|p1a: Rillaboom|98\/100|[from] Grassy Terrain\n|-heal|p2a: Gliscor|86\/100 tox|[from] ability: Poison Heal\n|upkeep\n|turn|11\n|c|\u2606the great mega|sash loom\n|\n|t:|1701049911\n|switch|p2a: Metagross|Metagross, shiny|100\/100\n|move|p1a: Rillaboom|Wood Hammer|p2a: Metagross\n|-resisted|p2a: Metagross\n|-damage|p2a: Metagross|49\/100\n|-damage|p1a: Rillaboom|83\/100|[from] Recoil\n|\n|-heal|p1a: Rillaboom|89\/100|[from] Grassy Terrain\n|-heal|p2a: Metagross|55\/100|[from] Grassy Terrain\n|upkeep\n|turn|12\n|c|\u2606the great mega|i was about to tera grass ro\n|\n|t:|1701049929\n|switch|p1a: Great Tusk|Great Tusk|57\/100 tox\n|move|p2a: Metagross|Meteor Mash|p1a: Great Tusk\n|-damage|p1a: Great Tusk|18\/100 tox\n|\n|-heal|p1a: Great Tusk|24\/100 tox|[from] Grassy Terrain\n|-heal|p1a: Great Tusk|31\/100 tox|[from] item: Leftovers\n|-heal|p2a: Metagross|61\/100|[from] Grassy Terrain\n|-damage|p1a: Great Tusk|24\/100 tox|[from] psn\n|upkeep\n|turn|13\n|\n|t:|1701049945\n|switch|p2a: Breloom|Breloom, M, shiny|100\/100\n|move|p1a: Great Tusk|Headlong Rush|p2a: Breloom\n|-resisted|p2a: Breloom\n|-damage|p2a: Breloom|62\/100\n|-unboost|p1a: Great Tusk|def|1\n|-unboost|p1a: Great Tusk|spd|1\n|\n|-heal|p1a: Great Tusk|31\/100 tox|[from] Grassy Terrain\n|-heal|p1a: Great Tusk|37\/100 tox|[from] item: Leftovers\n|-heal|p2a: Breloom|68\/100|[from] Grassy Terrain\n|-damage|p1a: Great Tusk|24\/100 tox|[from] psn\n|upkeep\n|turn|14\n|\n|t:|1701049951\n|move|p2a: Breloom|Mach Punch|p1a: Great Tusk\n|-crit|p1a: Great Tusk\n|-damage|p1a: Great Tusk|0 fnt\n|faint|p1a: Great Tusk\n|-end|p1a: Great Tusk|Protosynthesis|[silent]\n|\n|-heal|p2a: Breloom|75\/100|[from] Grassy Terrain\n|-fieldend|move: Grassy Terrain\n|upkeep\n|\n|t:|1701049958\n|switch|p1a: Sneasler|Sneasler, F, shiny|100\/100\n|turn|15\n|\n|t:|1701049968\n|switch|p2a: Gliscor|Gliscor, M|86\/100 tox\n|move|p1a: Sneasler|Acrobatics|p2a: Gliscor\n|-damage|p2a: Gliscor|72\/100 tox\n|\n|-heal|p2a: Gliscor|84\/100 tox|[from] ability: Poison Heal\n|upkeep\n|turn|16\n|\n|t:|1701049977\n|switch|p1a: Rillaboom|Rillaboom, M, shiny|89\/100\n|-fieldstart|move: Grassy Terrain|[from] ability: Grassy Surge|[of] p1a: Rillaboom\n|move|p2a: Gliscor|Substitute|p2a: Gliscor\n|-start|p2a: Gliscor|Substitute\n|-damage|p2a: Gliscor|59\/100 tox\n|\n|-heal|p1a: Rillaboom|95\/100|[from] Grassy Terrain\n|-heal|p2a: Gliscor|72\/100 tox|[from] ability: Poison Heal\n|upkeep\n|turn|17\n|\n|t:|1701049986\n|switch|p1a: Scizor|Scizor-Mega, M, shiny|100\/100\n|move|p2a: Gliscor|Toxic|p1a: Scizor\n|-immune|p1a: Scizor\n|\n|-heal|p2a: Gliscor|84\/100 tox|[from] ability: Poison Heal\n|upkeep\n|turn|18\n|\n|t:|1701049991\n|move|p2a: Gliscor|Earthquake|p1a: Scizor\n|-damage|p1a: Scizor|88\/100\n|move|p1a: Scizor|Swords Dance|p1a: Scizor\n|-boost|p1a: Scizor|atk|2\n|\n|-heal|p1a: Scizor|94\/100|[from] Grassy Terrain\n|-heal|p2a: Gliscor|97\/100 tox|[from] ability: Poison Heal\n|upkeep\n|turn|19\n|\n|t:|1701050002\n|switch|p2a: Cinderace|Cinderace, F|68\/100\n|move|p1a: Scizor|Swords Dance|p1a: Scizor\n|-boost|p1a: Scizor|atk|2\n|\n|-heal|p2a: Cinderace|74\/100|[from] Grassy Terrain\n|-heal|p1a: Scizor|99\/100|[from] Grassy Terrain\n|upkeep\n|turn|20\n|\n|t:|1701050008\n|move|p1a: Scizor|Bullet Punch|p2a: Cinderace\n|-resisted|p2a: Cinderace\n|-damage|p2a: Cinderace|0 fnt\n|faint|p2a: Cinderace\n|\n|-heal|p1a: Scizor|100\/100|[from] Grassy Terrain\n|-fieldend|move: Grassy Terrain\n|upkeep\n|\n|t:|1701050015\n|switch|p2a: Metagross|Metagross, shiny|100\/100\n|turn|21\n|\n|t:|1701050021\n|move|p1a: Scizor|Bullet Punch|p2a: Metagross\n|-damage|p2a: Metagross|0 fnt\n|replace|p2a: Zoroark|Zoroark-Hisui, M\n|-end|p2a: Zoroark|Illusion\n|faint|p2a: Zoroark\n|\n|upkeep\n|\n|t:|1701050027\n|switch|p2a: Metagross|Metagross, shiny|61\/100\n|turn|22\n|\n|t:|1701050035\n|move|p1a: Scizor|Dual Wingbeat|p2a: Metagross\n|-resisted|p2a: Metagross\n|-damage|p2a: Metagross|35\/100\n|-resisted|p2a: Metagross\n|-damage|p2a: Metagross|4\/100\n|-hitcount|p2a: Metagross|2\n|move|p2a: Metagross|Earthquake|p1a: Scizor\n|-damage|p1a: Scizor|73\/100\n|\n|upkeep\n|turn|23\n|\n|t:|1701050040\n|move|p1a: Scizor|Bullet Punch|p2a: Metagross\n|-resisted|p2a: Metagross\n|-damage|p2a: Metagross|0 fnt\n|faint|p2a: Metagross\n|\n|upkeep\n|\n|t:|1701050043\n|switch|p2a: Breloom|Breloom, M, shiny|75\/100\n|turn|24\n|\n|t:|1701050047\n|-terastallize|p2a: Breloom|Fighting\n|move|p1a: Scizor|U-turn|p2a: Breloom\n|-resisted|p2a: Breloom\n|-damage|p2a: Breloom|0 fnt\n|faint|p2a: Breloom\n|\n|t:|1701050052\n|switch|p1a: Volcarona|Volcarona, F, shiny|100\/100|[from] U-turn\n|\n|upkeep\n|\n|t:|1701050055\n|switch|p2a: Gliscor|Gliscor, M|97\/100 tox\n|turn|25\n|\n|t:|1701050059\n|move|p2a: Gliscor|Protect|p2a: Gliscor\n|-singleturn|p2a: Gliscor|Protect\n|move|p1a: Volcarona|Quiver Dance|p1a: Volcarona\n|-boost|p1a: Volcarona|spa|1\n|-boost|p1a: Volcarona|spd|1\n|-boost|p1a: Volcarona|spe|1\n|\n|-heal|p2a: Gliscor|100\/100 tox|[from] ability: Poison Heal\n|upkeep\n|turn|26\n|\n|t:|1701050064\n|move|p1a: Volcarona|Quiver Dance|p1a: Volcarona\n|-boost|p1a: Volcarona|spa|1\n|-boost|p1a: Volcarona|spd|1\n|-boost|p1a: Volcarona|spe|1\n|move|p2a: Gliscor|Toxic|p1a: Volcarona|[miss]\n|-miss|p2a: Gliscor|p1a: Volcarona\n|\n|upkeep\n|turn|27\n|j| Ineros\n|\n|t:|1701050074\n|move|p1a: Volcarona|Fiery Dance|p2a: Gliscor\n|-damage|p2a: Gliscor|0 fnt\n|-boost|p1a: Volcarona|spa|1\n|faint|p2a: Gliscor\n|\n|win|the great mega\n|n|\u2606the great mega|thegreatmega\n|n|\u2606Bs.Loa|bsloa\n|n| Ineros|ineros\n","uploadtime":1701050075,"views":6,"p1id":"thegreatmega","p2id":"bsloa","formatid":"gen9nationaldex","rating":0,"private":0,"password":""}