{"id":"gen9nationaldex-1991584346","p1":"dajerkk","p2":"TheGrassKing1","format":"[Gen 9] National Dex","log":"|j|\u2606dajerkk\n|j|\u2606TheGrassKing1\n|t:|1700091020\n|gametype|singles\n|player|p1|dajerkk|265|1595\n|player|p2|TheGrassKing1|morty-masters2|1645\n|teamsize|p1|6\n|teamsize|p2|6\n|gen|9\n|tier|[Gen 9] National Dex\n|rated|\n|rule|HP Percentage Mod: HP is shown in percentages\n|rule|Endless Battle Clause: Forcing endless battles is banned\n|rule|OHKO Clause: OHKO moves are banned\n|rule|Evasion Clause: Evasion abilities, items, and moves are banned\n|rule|Evasion Abilities Clause: Evasion abilities are banned\n|rule|Evasion Items Clause: Evasion items are banned\n|rule|Evasion Moves Clause: Evasion moves are banned\n|rule|Species Clause: Limit one of each Pok\u00e9mon\n|rule|Sleep Clause Mod: Limit one foe put to sleep\n|clearpoke\n|poke|p1|Kyurem|\n|poke|p1|Togekiss, M|\n|poke|p1|Stakataka|\n|poke|p1|Great Tusk|\n|poke|p1|Latias, F|\n|poke|p1|Gardevoir, F|\n|poke|p2|Torkoal, F|\n|poke|p2|Leafeon, M|\n|poke|p2|Landorus-Therian, M|\n|poke|p2|Heatran, M|\n|poke|p2|Scizor, M|\n|poke|p2|Victini|\n|teampreview\n|inactive|Battle timer is ON: inactive players will automatically lose when time's up. (requested by TheGrassKing1)\n|\n|t:|1700091068\n|start\n|switch|p1a: Kyurem|Kyurem|100\/100\n|switch|p2a: Scizor|Scizor, M|100\/100\n|-ability|p1a: Kyurem|Pressure\n|turn|1\n|\n|t:|1700091077\n|switch|p1a: Great Tusk|Great Tusk|100\/100\n|detailschange|p2a: Scizor|Scizor-Mega, M\n|-mega|p2a: Scizor|Scizor|Scizorite\n|move|p2a: Scizor|Bullet Punch|p1a: Great Tusk\n|-damage|p1a: Great Tusk|86\/100\n|-damage|p2a: Scizor|84\/100|[from] item: Rocky Helmet|[of] p1a: Great Tusk\n|\n|upkeep\n|turn|2\n|j| Ghha\n|\n|t:|1700091093\n|move|p1a: Great Tusk|Stealth Rock|p2a: Scizor\n|-sidestart|p2: TheGrassKing1|move: Stealth Rock\n|move|p2a: Scizor|Swords Dance|p2a: Scizor\n|-boost|p2a: Scizor|atk|2\n|\n|upkeep\n|turn|3\n|\n|t:|1700091101\n|move|p1a: Great Tusk|Earthquake|p2a: Scizor\n|-damage|p2a: Scizor|56\/100\n|move|p2a: Scizor|Swords Dance|p2a: Scizor\n|-boost|p2a: Scizor|atk|2\n|\n|upkeep\n|turn|4\n|\n|t:|1700091120\n|move|p1a: Great Tusk|Earthquake|p2a: Scizor\n|-damage|p2a: Scizor|29\/100\n|move|p2a: Scizor|Swords Dance|p2a: Scizor\n|-boost|p2a: Scizor|atk|2\n|\n|upkeep\n|turn|5\n|\n|t:|1700091125\n|move|p1a: Great Tusk|Earthquake|p2a: Scizor\n|-damage|p2a: Scizor|2\/100\n|move|p2a: Scizor|Roost|p2a: Scizor\n|-heal|p2a: Scizor|52\/100\n|-singleturn|p2a: Scizor|move: Roost\n|\n|upkeep\n|turn|6\n|\n|t:|1700091128\n|-end|p1a: Great Tusk|Protosynthesis|[silent]\n|switch|p1a: Stakataka|Stakataka|100\/100\n|-item|p1a: Stakataka|Air Balloon\n|move|p2a: Scizor|Roost|p2a: Scizor\n|-heal|p2a: Scizor|100\/100\n|-singleturn|p2a: Scizor|move: Roost\n|\n|upkeep\n|turn|7\n|\n|t:|1700091136\n|move|p2a: Scizor|Bullet Punch|p1a: Stakataka\n|-damage|p1a: Stakataka|27\/100\n|-enditem|p1a: Stakataka|Air Balloon\n|move|p1a: Stakataka|Heat Crash|p2a: Scizor\n|-supereffective|p2a: Scizor\n|-damage|p2a: Scizor|0 fnt\n|faint|p2a: Scizor\n|-ability|p1a: Stakataka|Beast Boost|boost\n|-boost|p1a: Stakataka|atk|1\n|\n|upkeep\n|\n|t:|1700091145\n|switch|p2a: Landorus|Landorus-Therian, M|100\/100\n|-damage|p2a: Landorus|88\/100|[from] Stealth Rock\n|-ability|p2a: Landorus|Intimidate|boost\n|-unboost|p1a: Stakataka|atk|1\n|turn|8\n|l| Ghha\n|\n|t:|1700091166\n|switch|p1a: Great Tusk|Great Tusk|86\/100\n|move|p2a: Landorus|Defog|p1a: Great Tusk\n|-unboost|p1a: Great Tusk|evasion|1\n|-sideend|p2: TheGrassKing1|Stealth Rock|[from] move: Defog|[of] p2a: Landorus\n|\n|upkeep\n|turn|9\n|\n|t:|1700091170\n|move|p2a: Landorus|Toxic|p1a: Great Tusk\n|-status|p1a: Great Tusk|tox\n|move|p1a: Great Tusk|Stealth Rock|p2a: Landorus\n|-sidestart|p2: TheGrassKing1|move: Stealth Rock\n|\n|-damage|p1a: Great Tusk|80\/100 tox|[from] psn\n|upkeep\n|turn|10\n|\n|t:|1700091173\n|move|p2a: Landorus|Defog|p1a: Great Tusk\n|-unboost|p1a: Great Tusk|evasion|1\n|-sideend|p2: TheGrassKing1|Stealth Rock|[from] move: Defog|[of] p2a: Landorus\n|move|p1a: Great Tusk|Knock Off|p2a: Landorus\n|-damage|p2a: Landorus|62\/100\n|-enditem|p2a: Landorus|Eject Button|[from] move: Knock Off|[of] p1a: Great Tusk\n|\n|-damage|p1a: Great Tusk|68\/100 tox|[from] psn\n|upkeep\n|turn|11\n|\n|t:|1700091179\n|move|p2a: Landorus|Earth Power|p1a: Great Tusk\n|-damage|p1a: Great Tusk|24\/100 tox\n|move|p1a: Great Tusk|Stealth Rock|p2a: Landorus\n|-sidestart|p2: TheGrassKing1|move: Stealth Rock\n|\n|-damage|p1a: Great Tusk|6\/100 tox|[from] psn\n|upkeep\n|turn|12\n|\n|t:|1700091185\n|move|p2a: Landorus|Defog|p1a: Great Tusk\n|-unboost|p1a: Great Tusk|evasion|1\n|-sideend|p2: TheGrassKing1|Stealth Rock|[from] move: Defog|[of] p2a: Landorus\n|move|p1a: Great Tusk|Stealth Rock|p2a: Landorus\n|-sidestart|p2: TheGrassKing1|move: Stealth Rock\n|\n|-damage|p1a: Great Tusk|0 fnt|[from] psn\n|faint|p1a: Great Tusk\n|-end|p1a: Great Tusk|Protosynthesis|[silent]\n|upkeep\n|inactive|dajerkk has 120 seconds left.\n|\n|t:|1700091223\n|switch|p1a: Gardevoir|Gardevoir, F|100\/100\n|-ability|p1a: Gardevoir|Intimidate|boost\n|-unboost|p2a: Landorus|atk|1\n|-ability|p1a: Gardevoir|Intimidate|[from] ability: Trace|[of] p2a: Landorus\n|turn|13\n|inactive|dajerkk has 120 seconds left.\n|\n|t:|1700091230\n|move|p1a: Gardevoir|Moonblast|p2a: Landorus\n|-damage|p2a: Landorus|11\/100\n|move|p2a: Landorus|Defog|p1a: Gardevoir\n|-unboost|p1a: Gardevoir|evasion|1\n|-sideend|p2: TheGrassKing1|Stealth Rock|[from] move: Defog|[of] p2a: Landorus\n|\n|upkeep\n|turn|14\n|\n|t:|1700091234\n|switch|p2a: Torkoal|Torkoal, F|100\/100\n|-weather|SunnyDay|[from] ability: Drought|[of] p2a: Torkoal\n|move|p1a: Gardevoir|Moonblast|p2a: Torkoal\n|-resisted|p2a: Torkoal\n|-damage|p2a: Torkoal|78\/100\n|\n|-weather|SunnyDay|[upkeep]\n|upkeep\n|turn|15\n|\n|t:|1700091239\n|switch|p1a: Kyurem|Kyurem|100\/100\n|-ability|p1a: Kyurem|Pressure\n|move|p2a: Torkoal|Stealth Rock|p1a: Kyurem\n|-sidestart|p1: dajerkk|move: Stealth Rock\n|\n|-weather|SunnyDay|[upkeep]\n|upkeep\n|turn|16\n|\n|t:|1700091250\n|switch|p2a: Landorus|Landorus-Therian, M|11\/100\n|-ability|p2a: Landorus|Intimidate|boost\n|-unboost|p1a: Kyurem|atk|1\n|move|p1a: Kyurem|Substitute|p1a: Kyurem\n|-start|p1a: Kyurem|Substitute\n|-damage|p1a: Kyurem|76\/100\n|\n|-weather|SunnyDay|[upkeep]\n|-heal|p1a: Kyurem|82\/100|[from] item: Leftovers\n|upkeep\n|turn|17\n|\n|t:|1700091261\n|switch|p2a: Victini|Victini|100\/100\n|move|p1a: Kyurem|Freeze-Dry|p2a: Victini\n|-resisted|p2a: Victini\n|-damage|p2a: Victini|85\/100\n|\n|-weather|SunnyDay|[upkeep]\n|-heal|p1a: Kyurem|88\/100|[from] item: Leftovers\n|upkeep\n|turn|18\n|\n|t:|1700091267\n|move|p2a: Victini|U-turn|p1a: Kyurem\n|-end|p1a: Kyurem|Substitute\n|\n|t:|1700091270\n|switch|p2a: Landorus|Landorus-Therian, M|11\/100|[from] U-turn\n|-ability|p2a: Landorus|Intimidate|boost\n|-unboost|p1a: Kyurem|atk|1\n|move|p1a: Kyurem|Toxic|p2a: Landorus\n|-status|p2a: Landorus|tox\n|\n|-weather|SunnyDay|[upkeep]\n|-heal|p1a: Kyurem|94\/100|[from] item: Leftovers\n|-damage|p2a: Landorus|5\/100 tox|[from] psn\n|upkeep\n|turn|19\n|\n|t:|1700091272\n|move|p2a: Landorus|Earth Power|p1a: Kyurem\n|-damage|p1a: Kyurem|75\/100\n|-unboost|p1a: Kyurem|spd|1\n|move|p1a: Kyurem|Substitute|p1a: Kyurem\n|-start|p1a: Kyurem|Substitute\n|-damage|p1a: Kyurem|50\/100\n|\n|-weather|SunnyDay|[upkeep]\n|-heal|p1a: Kyurem|57\/100|[from] item: Leftovers\n|-damage|p2a: Landorus|0 fnt|[from] psn\n|faint|p2a: Landorus\n|upkeep\n|\n|t:|1700091286\n|switch|p2a: Heatran|Heatran, M|100\/100\n|-item|p2a: Heatran|Air Balloon\n|turn|20\n|\n|t:|1700091294\n|move|p2a: Heatran|Earth Power|p1a: Kyurem\n|-end|p1a: Kyurem|Substitute\n|move|p1a: Kyurem|Roost|p1a: Kyurem\n|-heal|p1a: Kyurem|100\/100\n|-singleturn|p1a: Kyurem|move: Roost\n|\n|-weather|SunnyDay|[upkeep]\n|upkeep\n|turn|21\n|\n|t:|1700091307\n|switch|p1a: Gardevoir|Gardevoir, F|100\/100\n|-damage|p1a: Gardevoir|88\/100|[from] Stealth Rock\n|-ability|p1a: Gardevoir|Flash Fire|[from] ability: Trace|[of] p2a: Heatran\n|move|p2a: Heatran|Magma Storm|p1a: Gardevoir\n|-start|p1a: Gardevoir|ability: Flash Fire\n|\n|-weather|none\n|upkeep\n|turn|22\n|\n|t:|1700091317\n|switch|p2a: Victini|Victini|85\/100\n|move|p1a: Gardevoir|Trick|p2a: Victini\n|-activate|p1a: Gardevoir|move: Trick|[of] p2a: Victini\n|-item|p2a: Victini|Choice Scarf|[from] move: Trick\n|-item|p1a: Gardevoir|Choice Band|[from] move: Trick\n|\n|upkeep\n|turn|23\n|\n|t:|1700091339\n|move|p2a: Victini|U-turn|p1a: Gardevoir\n|-damage|p1a: Gardevoir|55\/100\n|\n|t:|1700091342\n|switch|p2a: Torkoal|Torkoal, F|78\/100|[from] U-turn\n|-weather|SunnyDay|[from] ability: Drought|[of] p2a: Torkoal\n|move|p1a: Gardevoir|Healing Wish|p1a: Gardevoir\n|faint|p1a: Gardevoir\n|\n|-weather|SunnyDay|[upkeep]\n|upkeep\n|\n|t:|1700091346\n|switch|p1a: Kyurem|Kyurem|100\/100\n|-damage|p1a: Kyurem|76\/100|[from] Stealth Rock\n|-ability|p1a: Kyurem|Pressure\n|turn|24\n|\n|t:|1700091360\n|switch|p2a: Heatran|Heatran, M|100\/100\n|-item|p2a: Heatran|Air Balloon\n|move|p1a: Kyurem|Substitute|p1a: Kyurem\n|-start|p1a: Kyurem|Substitute\n|-damage|p1a: Kyurem|51\/100\n|\n|-weather|SunnyDay|[upkeep]\n|-heal|p1a: Kyurem|57\/100|[from] item: Leftovers\n|upkeep\n|turn|25\n|\n|t:|1700091371\n|move|p2a: Heatran|Earth Power|p1a: Kyurem\n|-activate|p1a: Kyurem|move: Substitute|[damage]\n|move|p1a: Kyurem|Freeze-Dry|p2a: Heatran\n|-resisted|p2a: Heatran\n|-damage|p2a: Heatran|94\/100\n|-enditem|p2a: Heatran|Air Balloon\n|\n|-weather|SunnyDay|[upkeep]\n|-heal|p1a: Kyurem|63\/100|[from] item: Leftovers\n|upkeep\n|turn|26\n|\n|t:|1700091378\n|move|p2a: Heatran|Earth Power|p1a: Kyurem\n|-end|p1a: Kyurem|Substitute\n|move|p1a: Kyurem|Freeze-Dry|p2a: Heatran\n|-resisted|p2a: Heatran\n|-damage|p2a: Heatran|86\/100\n|\n|-weather|SunnyDay|[upkeep]\n|-heal|p1a: Kyurem|69\/100|[from] item: Leftovers\n|upkeep\n|turn|27\n|\n|t:|1700091384\n|move|p2a: Heatran|Toxic|p1a: Kyurem|[miss]\n|-miss|p2a: Heatran|p1a: Kyurem\n|move|p1a: Kyurem|Substitute|p1a: Kyurem\n|-start|p1a: Kyurem|Substitute\n|-damage|p1a: Kyurem|44\/100\n|\n|-weather|SunnyDay|[upkeep]\n|-heal|p1a: Kyurem|50\/100|[from] item: Leftovers\n|upkeep\n|turn|28\n|\n|t:|1700091386\n|move|p2a: Heatran|Earth Power|p1a: Kyurem\n|-activate|p1a: Kyurem|move: Substitute|[damage]\n|move|p1a: Kyurem|Roost|p1a: Kyurem\n|-heal|p1a: Kyurem|100\/100\n|-singleturn|p1a: Kyurem|move: Roost\n|\n|-weather|SunnyDay|[upkeep]\n|upkeep\n|turn|29\n|\n|t:|1700091389\n|move|p2a: Heatran|Hidden Power|p1a: Kyurem\n|-resisted|p1a: Kyurem\n|-end|p1a: Kyurem|Substitute\n|move|p1a: Kyurem|Substitute|p1a: Kyurem\n|-start|p1a: Kyurem|Substitute\n|-damage|p1a: Kyurem|76\/100\n|\n|-weather|SunnyDay|[upkeep]\n|-heal|p1a: Kyurem|82\/100|[from] item: Leftovers\n|upkeep\n|turn|30\n|\n|t:|1700091402\n|move|p2a: Heatran|Earth Power|p1a: Kyurem\n|-activate|p1a: Kyurem|move: Substitute|[damage]\n|move|p1a: Kyurem|Freeze-Dry|p2a: Heatran\n|-resisted|p2a: Heatran\n|-damage|p2a: Heatran|79\/100\n|\n|-weather|none\n|-heal|p1a: Kyurem|88\/100|[from] item: Leftovers\n|upkeep\n|turn|31\n|\n|t:|1700091408\n|switch|p2a: Torkoal|Torkoal, F|78\/100\n|-weather|SunnyDay|[from] ability: Drought|[of] p2a: Torkoal\n|move|p1a: Kyurem|Substitute|p1a: Kyurem\n|-fail|p1a: Kyurem|move: Substitute\n|\n|-weather|SunnyDay|[upkeep]\n|-heal|p1a: Kyurem|94\/100|[from] item: Leftovers\n|upkeep\n|turn|32\n|\n|t:|1700091416\n|move|p1a: Kyurem|Freeze-Dry|p2a: Torkoal\n|-resisted|p2a: Torkoal\n|-damage|p2a: Torkoal|64\/100\n|move|p2a: Torkoal|Overheat|p1a: Kyurem\n|-end|p1a: Kyurem|Substitute\n|-unboost|p2a: Torkoal|spa|2\n|\n|-weather|SunnyDay|[upkeep]\n|-heal|p1a: Kyurem|99\/100|[from] item: Leftovers\n|upkeep\n|turn|33\n|\n|t:|1700091424\n|switch|p2a: Victini|Victini|85\/100\n|move|p1a: Kyurem|Substitute|p1a: Kyurem\n|-start|p1a: Kyurem|Substitute\n|-damage|p1a: Kyurem|75\/100\n|\n|-weather|SunnyDay|[upkeep]\n|-heal|p1a: Kyurem|82\/100|[from] item: Leftovers\n|upkeep\n|turn|34\n|\n|t:|1700091428\n|move|p2a: Victini|V-create|p1a: Kyurem\n|-end|p1a: Kyurem|Substitute\n|-unboost|p2a: Victini|spe|1\n|-unboost|p2a: Victini|def|1\n|-unboost|p2a: Victini|spd|1\n|move|p1a: Kyurem|Substitute|p1a: Kyurem\n|-start|p1a: Kyurem|Substitute\n|-damage|p1a: Kyurem|57\/100\n|\n|-weather|SunnyDay|[upkeep]\n|-heal|p1a: Kyurem|63\/100|[from] item: Leftovers\n|upkeep\n|turn|35\n|\n|t:|1700091433\n|move|p2a: Victini|V-create|p1a: Kyurem\n|-end|p1a: Kyurem|Substitute\n|-unboost|p2a: Victini|spe|1\n|-unboost|p2a: Victini|def|1\n|-unboost|p2a: Victini|spd|1\n|move|p1a: Kyurem|Freeze-Dry|p2a: Victini\n|-resisted|p2a: Victini\n|-damage|p2a: Victini|55\/100\n|\n|-weather|SunnyDay|[upkeep]\n|-heal|p1a: Kyurem|69\/100|[from] item: Leftovers\n|upkeep\n|turn|36\n|\n|t:|1700091442\n|move|p2a: Victini|V-create|p1a: Kyurem\n|-damage|p1a: Kyurem|0 fnt\n|-unboost|p2a: Victini|spe|1\n|-unboost|p2a: Victini|def|1\n|-unboost|p2a: Victini|spd|1\n|faint|p1a: Kyurem\n|\n|-weather|SunnyDay|[upkeep]\n|upkeep\n|\n|t:|1700091447\n|switch|p1a: Togekiss|Togekiss, M|100\/100\n|turn|37\n|\n|t:|1700091460\n|switch|p2a: Heatran|Heatran, M|79\/100\n|move|p1a: Togekiss|Air Slash|p2a: Heatran|[miss]\n|-miss|p1a: Togekiss|p2a: Heatran\n|\n|-weather|SunnyDay|[upkeep]\n|upkeep\n|turn|38\n|\n|t:|1700091466\n|move|p1a: Togekiss|Air Slash|p2a: Heatran|[miss]\n|-miss|p1a: Togekiss|p2a: Heatran\n|move|p2a: Heatran|Toxic|p1a: Togekiss|[miss]\n|-miss|p2a: Heatran|p1a: Togekiss\n|\n|-weather|none\n|upkeep\n|turn|39\n|\n|t:|1700091474\n|move|p1a: Togekiss|Air Slash|p2a: Heatran\n|-resisted|p2a: Heatran\n|-damage|p2a: Heatran|62\/100\n|cant|p2a: Heatran|flinch\n|\n|upkeep\n|turn|40\n|\n|t:|1700091477\n|move|p1a: Togekiss|Air Slash|p2a: Heatran\n|-resisted|p2a: Heatran\n|-damage|p2a: Heatran|47\/100\n|move|p2a: Heatran|Toxic|p1a: Togekiss\n|-status|p1a: Togekiss|tox\n|\n|-damage|p1a: Togekiss|94\/100 tox|[from] psn\n|upkeep\n|turn|41\n|\n|t:|1700091485\n|switch|p2a: Torkoal|Torkoal, F|64\/100\n|-weather|SunnyDay|[from] ability: Drought|[of] p2a: Torkoal\n|move|p1a: Togekiss|Air Slash|p2a: Torkoal\n|-damage|p2a: Torkoal|34\/100\n|\n|-weather|SunnyDay|[upkeep]\n|-damage|p1a: Togekiss|82\/100 tox|[from] psn\n|upkeep\n|turn|42\n|\n|t:|1700091504\n|switch|p2a: Heatran|Heatran, M|47\/100\n|move|p1a: Togekiss|Air Slash|p2a: Heatran\n|-resisted|p2a: Heatran\n|-damage|p2a: Heatran|32\/100\n|\n|-weather|SunnyDay|[upkeep]\n|-damage|p1a: Togekiss|64\/100 tox|[from] psn\n|upkeep\n|turn|43\n|j| BurritoSave\n|\n|t:|1700091528\n|move|p1a: Togekiss|Air Slash|p2a: Heatran\n|-resisted|p2a: Heatran\n|-damage|p2a: Heatran|16\/100\n|cant|p2a: Heatran|flinch\n|\n|-weather|SunnyDay|[upkeep]\n|-damage|p1a: Togekiss|39\/100 tox|[from] psn\n|upkeep\n|turn|44\n|\n|t:|1700091536\n|move|p1a: Togekiss|Air Slash|p2a: Heatran\n|-resisted|p2a: Heatran\n|-damage|p2a: Heatran|2\/100\n|cant|p2a: Heatran|flinch\n|\n|-weather|SunnyDay|[upkeep]\n|-damage|p1a: Togekiss|8\/100 tox|[from] psn\n|upkeep\n|turn|45\n|\n|t:|1700091553\n|switch|p1a: Latias|Latias, F, shiny|100\/100\n|-damage|p1a: Latias|88\/100|[from] Stealth Rock\n|move|p2a: Heatran|Toxic|p1a: Latias\n|-status|p1a: Latias|tox\n|\n|-weather|SunnyDay|[upkeep]\n|-heal|p1a: Latias|94\/100 tox|[from] item: Leftovers\n|-damage|p1a: Latias|88\/100 tox|[from] psn\n|upkeep\n|turn|46\n|\n|t:|1700091560\n|move|p1a: Latias|Calm Mind|p1a: Latias\n|-boost|p1a: Latias|spa|1\n|-boost|p1a: Latias|spd|1\n|move|p2a: Heatran|Magma Storm|p1a: Latias|[miss]\n|-miss|p2a: Heatran|p1a: Latias\n|\n|-weather|SunnyDay|[upkeep]\n|-heal|p1a: Latias|94\/100 tox|[from] item: Leftovers\n|-damage|p1a: Latias|82\/100 tox|[from] psn\n|upkeep\n|turn|47\n|\n|t:|1700091571\n|move|p1a: Latias|Stored Power|p2a: Heatran\n|-resisted|p2a: Heatran\n|-damage|p2a: Heatran|0 fnt\n|faint|p2a: Heatran\n|\n|-weather|SunnyDay|[upkeep]\n|-heal|p1a: Latias|88\/100 tox|[from] item: Leftovers\n|-damage|p1a: Latias|70\/100 tox|[from] psn\n|upkeep\n|\n|t:|1700091574\n|switch|p2a: Leafeon|Leafeon, M|100\/100\n|turn|48\n|\n|t:|1700091603\n|-terastallize|p2a: Leafeon|Dark\n|move|p2a: Leafeon|Knock Off|p1a: Latias\n|-supereffective|p1a: Latias\n|-damage|p1a: Latias|0 fnt\n|-enditem|p1a: Latias|Leftovers|[from] move: Knock Off|[of] p2a: Leafeon\n|faint|p1a: Latias\n|-damage|p2a: Leafeon|91\/100|[from] item: Life Orb\n|\n|-weather|none\n|upkeep\n|inactive|dajerkk has 120 seconds left.\n|inactive|dajerkk has 90 seconds left.\n|\n|t:|1700091647\n|switch|p1a: Stakataka|Stakataka|27\/100\n|-heal|p1a: Stakataka|100\/100|[from] move: Healing Wish\n|-damage|p1a: Stakataka|94\/100|[from] Stealth Rock\n|turn|49\n|\n|t:|1700091671\n|switch|p2a: Torkoal|Torkoal, F|34\/100\n|-weather|SunnyDay|[from] ability: Drought|[of] p2a: Torkoal\n|move|p1a: Stakataka|Trick Room|p1a: Stakataka\n|-fieldstart|move: Trick Room|[of] p1a: Stakataka\n|\n|-weather|SunnyDay|[upkeep]\n|upkeep\n|turn|50\n|\n|t:|1700091676\n|move|p1a: Stakataka|Stone Edge|p2a: Torkoal\n|-supereffective|p2a: Torkoal\n|-crit|p2a: Torkoal\n|-damage|p2a: Torkoal|0 fnt\n|faint|p2a: Torkoal\n|-ability|p1a: Stakataka|Beast Boost|boost\n|-boost|p1a: Stakataka|atk|1\n|\n|-weather|SunnyDay|[upkeep]\n|upkeep\n|\n|t:|1700091679\n|switch|p2a: Leafeon|Leafeon, M, tera:Dark|91\/100\n|turn|51\n|c|\u2606dajerkk|gg\n|\n|t:|1700091702\n|move|p1a: Stakataka|Gyro Ball|p2a: Leafeon\n|-damage|p2a: Leafeon|0 fnt\n|faint|p2a: Leafeon\n|-ability|p1a: Stakataka|Beast Boost|boost\n|-boost|p1a: Stakataka|atk|1\n|\n|-weather|SunnyDay|[upkeep]\n|upkeep\n|\n|t:|1700091706\n|switch|p2a: Victini|Victini|55\/100\n|turn|52\n|\n|t:|1700091711\n|move|p1a: Stakataka|Gyro Ball|p2a: Victini\n|-resisted|p2a: Victini\n|-damage|p2a: Victini|0 fnt\n|faint|p2a: Victini\n|\n|win|dajerkk\n|raw|dajerkk's rating: 1595 &rarr; <strong>1618<\/strong><br \/>(+23 for winning)\n|raw|TheGrassKing1's rating: 1645 &rarr; <strong>1622<\/strong><br \/>(-23 for losing)\n|l|\u2606TheGrassKing1\n","uploadtime":1700091778,"views":6,"p1id":"dajerkk","p2id":"thegrassking1","formatid":"gen9nationaldex","rating":1618,"private":0,"password":""}