{"id":"gen9nationaldex-1999924842","p1":"father_arnau","p2":"Keanmon","format":"[Gen 9] National Dex","log":"|html|<div class=\"broadcast-blue\"><strong>[Gen 9] National Dex is currently suspecting Sneasler! For information on how to participate check out the <a href=\"https:\/\/www.smogon.com\/forums\/threads\/sv-national-dex-suspect-8-just-dance.3731534\/\">suspect thread<\/a>.<\/strong><\/div>\n|j|\u2606father_arnau\n|j|\u2606Keanmon\n|t:|1701130721\n|gametype|singles\n|player|p1|father_arnau|acetrainer-gen4dp|1118\n|player|p2|Keanmon|rood|1185\n|teamsize|p1|6\n|teamsize|p2|6\n|gen|9\n|tier|[Gen 9] National Dex\n|rated|\n|rule|HP Percentage Mod: HP is shown in percentages\n|rule|Endless Battle Clause: Forcing endless battles is banned\n|rule|OHKO Clause: OHKO moves are banned\n|rule|Evasion Clause: Evasion abilities, items, and moves are banned\n|rule|Evasion Abilities Clause: Evasion abilities are banned\n|rule|Evasion Items Clause: Evasion items are banned\n|rule|Evasion Moves Clause: Evasion moves are banned\n|rule|Species Clause: Limit one of each Pok\u00e9mon\n|rule|Sleep Clause Mod: Limit one foe put to sleep\n|clearpoke\n|poke|p1|Arbok, F|\n|poke|p1|Skarmory, M|\n|poke|p1|Cacturne, M|\n|poke|p1|Golisopod, F|\n|poke|p1|Wo-Chien|\n|poke|p1|Machamp, M|\n|poke|p2|Cloyster, M|\n|poke|p2|Forretress, M|\n|poke|p2|Solrock|\n|poke|p2|Glalie, M|\n|poke|p2|Ferrothorn, M|\n|poke|p2|Carbink|\n|teampreview\n|\n|t:|1701130732\n|start\n|switch|p1a: Arbok|Arbok, F, shiny|100\/100\n|switch|p2a: Ironut|Forretress, M|100\/100\n|-ability|p1a: Arbok|Unnerve\n|turn|1\n|\n|t:|1701130741\n|move|p1a: Arbok|Attract|p2a: Ironut\n|-start|p2a: Ironut|Attract\n|-activate|p2a: Ironut|move: Attract|[of] p1a: Arbok\n|cant|p2a: Ironut|Attract\n|\n|upkeep\n|turn|2\n|\n|t:|1701130749\n|move|p1a: Arbok|Coil|p1a: Arbok\n|-boost|p1a: Arbok|atk|1\n|-boost|p1a: Arbok|def|1\n|-boost|p1a: Arbok|accuracy|1\n|-activate|p2a: Ironut|move: Attract|[of] p1a: Arbok\n|cant|p2a: Ironut|Attract\n|\n|upkeep\n|turn|3\n|\n|t:|1701130761\n|move|p1a: Arbok|Coil|p1a: Arbok\n|-boost|p1a: Arbok|atk|1\n|-boost|p1a: Arbok|def|1\n|-boost|p1a: Arbok|accuracy|1\n|-activate|p2a: Ironut|move: Attract|[of] p1a: Arbok\n|move|p2a: Ironut|Zap Cannon|p1a: Arbok|[miss]\n|-miss|p2a: Ironut|p1a: Arbok\n|\n|upkeep\n|turn|4\n|\n|t:|1701130773\n|switch|p2a: Whiplash|Ferrothorn, M|100\/100\n|move|p1a: Arbok|Aqua Tail|p2a: Whiplash\n|-resisted|p2a: Whiplash\n|-damage|p2a: Whiplash|82\/100\n|-damage|p1a: Arbok|88\/100|[from] ability: Iron Barbs|[of] p2a: Whiplash\n|-damage|p1a: Arbok|72\/100|[from] item: Rocky Helmet|[of] p2a: Whiplash\n|\n|upkeep\n|turn|5\n|\n|t:|1701130783\n|move|p1a: Arbok|Attract|p2a: Whiplash\n|-start|p2a: Whiplash|Attract\n|-activate|p2a: Whiplash|move: Attract|[of] p1a: Arbok\n|move|p2a: Whiplash|Leech Seed|p1a: Arbok\n|-start|p1a: Arbok|move: Leech Seed\n|\n|-damage|p1a: Arbok|60\/100|[from] Leech Seed|[of] p2a: Whiplash\n|-heal|p2a: Whiplash|93\/100|[silent]\n|upkeep\n|turn|6\n|\n|t:|1701130797\n|switch|p1a: Cacturne|Cacturne, M, shiny|100\/100\n|-end|p2a: Whiplash|Attract|[silent]\n|move|p2a: Whiplash|Power Whip|p1a: Cacturne\n|-resisted|p1a: Cacturne\n|-damage|p1a: Cacturne|71\/100\n|\n|upkeep\n|turn|7\n|\n|t:|1701130809\n|switch|p2a: Ironut|Forretress, M|100\/100\n|move|p1a: Cacturne|Hidden Power|p2a: Ironut\n|-supereffective|p2a: Ironut\n|-damage|p2a: Ironut|1\/100\n|\n|-heal|p2a: Ironut|7\/100|[from] item: Leftovers\n|upkeep\n|turn|8\n|\n|t:|1701130818\n|move|p1a: Cacturne|Hidden Power|p2a: Ironut\n|-supereffective|p2a: Ironut\n|-damage|p2a: Ironut|0 fnt\n|faint|p2a: Ironut\n|\n|upkeep\n|\n|t:|1701130821\n|switch|p2a: Shellshocker|Cloyster, M|100\/100\n|turn|9\n|\n|t:|1701130829\n|move|p2a: Shellshocker|Shell Smash|p2a: Shellshocker\n|-unboost|p2a: Shellshocker|def|1\n|-unboost|p2a: Shellshocker|spd|1\n|-boost|p2a: Shellshocker|atk|2\n|-boost|p2a: Shellshocker|spa|2\n|-boost|p2a: Shellshocker|spe|2\n|move|p1a: Cacturne|Giga Drain|p2a: Shellshocker\n|-supereffective|p2a: Shellshocker\n|-enditem|p2a: Shellshocker|Focus Sash\n|-damage|p2a: Shellshocker|1\/100\n|-heal|p1a: Cacturne|100\/100|[from] drain|[of] p2a: Shellshocker\n|\n|upkeep\n|turn|10\n|\n|t:|1701130844\n|switch|p1a: Machamp|Machamp, M, shiny|100\/100\n|move|p2a: Shellshocker|Icicle Spear|p1a: Machamp\n|-damage|p1a: Machamp|76\/100\n|-crit|p1a: Machamp\n|-damage|p1a: Machamp|44\/100\n|-damage|p1a: Machamp|20\/100\n|-damage|p1a: Machamp|0 fnt\n|faint|p1a: Machamp\n|-hitcount|p1: Machamp|4\n|\n|upkeep\n|\n|t:|1701130856\n|switch|p1a: Golisopod|Golisopod, F, shiny|100\/100\n|turn|11\n|\n|t:|1701130861\n|switch|p2a: Whiplash|Ferrothorn, M|93\/100\n|move|p1a: Golisopod|First Impression|p2a: Whiplash\n|-damage|p2a: Whiplash|58\/100\n|-damage|p1a: Golisopod|88\/100|[from] ability: Iron Barbs|[of] p2a: Whiplash\n|-damage|p1a: Golisopod|72\/100|[from] item: Rocky Helmet|[of] p2a: Whiplash\n|\n|upkeep\n|turn|12\n|\n|t:|1701130872\n|move|p1a: Golisopod|Hidden Power|p2a: Whiplash\n|-supereffective|p2a: Whiplash\n|-damage|p2a: Whiplash|20\/100\n|move|p2a: Whiplash|Leech Seed|p1a: Golisopod\n|-start|p1a: Golisopod|move: Leech Seed\n|\n|-damage|p1a: Golisopod|59\/100|[from] Leech Seed|[of] p2a: Whiplash\n|-heal|p2a: Whiplash|35\/100|[silent]\n|upkeep\n|turn|13\n|\n|t:|1701130880\n|move|p2a: Whiplash|Protect|p2a: Whiplash\n|-singleturn|p2a: Whiplash|Protect\n|move|p1a: Golisopod|Hidden Power|p2a: Whiplash\n|-activate|p2a: Whiplash|move: Protect\n|\n|-damage|p1a: Golisopod|47\/100|[from] Leech Seed|[of] p2a: Whiplash\n|-heal|p2a: Whiplash|49\/100|[silent]\n|upkeep\n|-activate|p1a: Golisopod|ability: Emergency Exit\n|\n|t:|1701130891\n|switch|p1a: Cacturne|Cacturne, M, shiny|100\/100\n|turn|14\n|\n|t:|1701130898\n|switch|p2a: Geoshine|Solrock|100\/100\n|move|p1a: Cacturne|Hidden Power|p2a: Geoshine\n|-resisted|p2a: Geoshine\n|-damage|p2a: Geoshine|89\/100\n|\n|upkeep\n|turn|15\n|\n|t:|1701130908\n|move|p2a: Geoshine|Rock Slide|p1a: Cacturne\n|-crit|p1a: Cacturne\n|-damage|p1a: Cacturne|29\/100\n|move|p1a: Cacturne|Giga Drain|p2a: Geoshine\n|-supereffective|p2a: Geoshine\n|-damage|p2a: Geoshine|0 fnt\n|-heal|p1a: Cacturne|84\/100|[from] drain|[of] p2a: Geoshine\n|faint|p2a: Geoshine\n|\n|upkeep\n|\n|t:|1701130916\n|switch|p2a: Shellshocker|Cloyster, M|1\/100\n|turn|16\n|\n|t:|1701130930\n|move|p2a: Shellshocker|Icicle Spear|p1a: Cacturne\n|-supereffective|p1a: Cacturne\n|-damage|p1a: Cacturne|47\/100\n|-supereffective|p1a: Cacturne\n|-damage|p1a: Cacturne|12\/100\n|-supereffective|p1a: Cacturne\n|-damage|p1a: Cacturne|0 fnt\n|faint|p1a: Cacturne\n|-hitcount|p1: Cacturne|3\n|\n|upkeep\n|\n|t:|1701130946\n|switch|p1a: Skarmory|Skarmory, M, shiny|100\/100\n|turn|17\n|\n|t:|1701130953\n|switch|p2a: Whiplash|Ferrothorn, M|49\/100\n|move|p1a: Skarmory|Brave Bird|p2a: Whiplash\n|-damage|p2a: Whiplash|14\/100\n|-damage|p1a: Skarmory|88\/100|[from] ability: Iron Barbs|[of] p2a: Whiplash\n|-damage|p1a: Skarmory|71\/100|[from] item: Rocky Helmet|[of] p2a: Whiplash\n|-damage|p1a: Skarmory|60\/100|[from] Recoil\n|\n|upkeep\n|turn|18\n|\n|t:|1701130963\n|move|p1a: Skarmory|Brave Bird|p2a: Whiplash\n|-damage|p2a: Whiplash|0 fnt\n|-damage|p1a: Skarmory|47\/100|[from] ability: Iron Barbs|[of] p2a: Whiplash\n|-damage|p1a: Skarmory|31\/100|[from] item: Rocky Helmet|[of] p2a: Whiplash\n|faint|p2a: Whiplash\n|-damage|p1a: Skarmory|27\/100|[from] Recoil\n|\n|upkeep\n|\n|t:|1701130967\n|switch|p2a: Shellshocker|Cloyster, M|1\/100\n|turn|19\n|\n|t:|1701130982\n|move|p2a: Shellshocker|Icicle Spear|p1a: Skarmory\n|-damage|p1a: Skarmory|17\/100\n|-damage|p1a: Skarmory|8\/100\n|-damage|p1a: Skarmory|0 fnt\n|faint|p1a: Skarmory\n|-hitcount|p1: Skarmory|3\n|\n|upkeep\n|\n|t:|1701130990\n|switch|p1a: Golisopod|Golisopod, F, shiny|47\/100\n|turn|20\n|\n|t:|1701130995\n|move|p1a: Golisopod|First Impression|p2a: Shellshocker\n|-damage|p2a: Shellshocker|0 fnt\n|faint|p2a: Shellshocker\n|\n|upkeep\n|\n|t:|1701130997\n|switch|p2a: Cryosion|Glalie, M|100\/100\n|turn|21\n|\n|t:|1701131005\n|detailschange|p2a: Cryosion|Glalie-Mega, M\n|-mega|p2a: Cryosion|Glalie|Glalitite\n|move|p2a: Cryosion|Return|p1a: Golisopod\n|-resisted|p1a: Golisopod\n|-damage|p1a: Golisopod|21\/100\n|move|p1a: Golisopod|Hidden Power|p2a: Cryosion\n|-supereffective|p2a: Cryosion\n|-damage|p2a: Cryosion|67\/100\n|\n|upkeep\n|turn|22\n|\n|t:|1701131022\n|move|p2a: Cryosion|Return|p1a: Golisopod\n|-resisted|p1a: Golisopod\n|-damage|p1a: Golisopod|0 fnt\n|faint|p1a: Golisopod\n|\n|upkeep\n|\n|t:|1701131037\n|switch|p1a: Arbok|Arbok, F, shiny|60\/100\n|-ability|p1a: Arbok|Unnerve\n|turn|23\n|\n|t:|1701131042\n|move|p2a: Cryosion|Return|p1a: Arbok\n|-damage|p1a: Arbok|0 fnt\n|faint|p1a: Arbok\n|\n|upkeep\n|\n|t:|1701131048\n|switch|p1a: Wo-Chien|Wo-Chien|100\/100\n|-ability|p1a: Wo-Chien|Tablets of Ruin\n|turn|24\n|\n|t:|1701131058\n|move|p2a: Cryosion|Return|p1a: Wo-Chien\n|-supereffective|p1a: Wo-Chien\n|-damage|p1a: Wo-Chien|23\/100\n|-enditem|p1a: Wo-Chien|Sitrus Berry|[eat]\n|-heal|p1a: Wo-Chien|48\/100|[from] item: Sitrus Berry\n|move|p1a: Wo-Chien|Stun Spore|p2a: Cryosion\n|-status|p2a: Cryosion|par\n|\n|upkeep\n|turn|25\n|\n|t:|1701131067\n|move|p1a: Wo-Chien|Hex|p2a: Cryosion\n|-damage|p2a: Cryosion|12\/100 par\n|move|p2a: Cryosion|Return|p1a: Wo-Chien\n|-supereffective|p1a: Wo-Chien\n|-damage|p1a: Wo-Chien|0 fnt\n|faint|p1a: Wo-Chien\n|\n|win|Keanmon\n|raw|father_arnau's rating: 1118 &rarr; <strong>1098<\/strong><br \/>(-20 for losing)\n|raw|Keanmon's rating: 1185 &rarr; <strong>1205<\/strong><br \/>(+20 for winning)\n|l|\u2606father_arnau\n","uploadtime":1701131081,"views":1,"p1id":"fatherarnau","p2id":"keanmon","formatid":"gen9nationaldex","rating":1098,"private":0,"password":""}