{"id":"gen9nationaldex-1999647337","p1":"Ribbit Mania","p2":"PKMNTrainerPlasma","format":"[Gen 9] National Dex","log":"|html|<div class=\"broadcast-blue\"><strong>[Gen 9] National Dex is currently suspecting Sneasler! For information on how to participate check out the <a href=\"https:\/\/www.smogon.com\/forums\/threads\/sv-national-dex-suspect-8-just-dance.3731534\/\">suspect thread<\/a>.<\/strong><\/div>\n|j|\u2606Ribbit Mania\n|j|\u2606PKMNTrainerPlasma\n|t:|1701104311\n|gametype|singles\n|player|p1|Ribbit Mania|skierf|1153\n|player|p2|PKMNTrainerPlasma|red|1081\n|teamsize|p1|6\n|teamsize|p2|6\n|gen|9\n|tier|[Gen 9] National Dex\n|rated|\n|rule|HP Percentage Mod: HP is shown in percentages\n|rule|Endless Battle Clause: Forcing endless battles is banned\n|rule|OHKO Clause: OHKO moves are banned\n|rule|Evasion Clause: Evasion abilities, items, and moves are banned\n|rule|Evasion Abilities Clause: Evasion abilities are banned\n|rule|Evasion Items Clause: Evasion items are banned\n|rule|Evasion Moves Clause: Evasion moves are banned\n|rule|Species Clause: Limit one of each Pok\u00e9mon\n|rule|Sleep Clause Mod: Limit one foe put to sleep\n|clearpoke\n|poke|p1|Serperior, M|\n|poke|p1|Maushold-Four|\n|poke|p1|Charizard, F|\n|poke|p1|Cloyster, M|\n|poke|p1|Gliscor, F|\n|poke|p1|Goodra-Hisui, F|\n|poke|p2|Cubchoo, M|\n|poke|p2|Diggersby, F|\n|poke|p2|Emolga, F|\n|poke|p2|Vigoroth, M|\n|poke|p2|Basculegion-F, F|\n|poke|p2|Comfey, M|\n|teampreview\n|inactive|Battle timer is ON: inactive players will automatically lose when time's up. (requested by PKMNTrainerPlasma)\n|inactive|Ribbit Mania also wants the timer to be on.\n|\n|t:|1701104320\n|start\n|switch|p1a: Cloyster|Cloyster, M|100\/100\n|switch|p2a: le'PuncheseRabitto|Diggersby, F|100\/100\n|turn|1\n|\n|t:|1701104328\n|move|p1a: Cloyster|Shell Smash|p1a: Cloyster\n|-unboost|p1a: Cloyster|def|1\n|-unboost|p1a: Cloyster|spd|1\n|-boost|p1a: Cloyster|atk|2\n|-boost|p1a: Cloyster|spa|2\n|-boost|p1a: Cloyster|spe|2\n|move|p2a: le'PuncheseRabitto|Brick Break|p1a: Cloyster\n|-supereffective|p1a: Cloyster\n|-enditem|p1a: Cloyster|Focus Sash\n|-damage|p1a: Cloyster|1\/100\n|\n|upkeep\n|turn|2\n|\n|t:|1701104342\n|move|p1a: Cloyster|Icicle Spear|p2a: le'PuncheseRabitto\n|-supereffective|p2a: le'PuncheseRabitto\n|-damage|p2a: le'PuncheseRabitto|54\/100\n|-supereffective|p2a: le'PuncheseRabitto\n|-damage|p2a: le'PuncheseRabitto|6\/100\n|-supereffective|p2a: le'PuncheseRabitto\n|-damage|p2a: le'PuncheseRabitto|0 fnt\n|faint|p2a: le'PuncheseRabitto\n|-hitcount|p2: le'PuncheseRabitto|3\n|\n|upkeep\n|\n|t:|1701104354\n|switch|p2a: Whalekarp|Basculegion-F, F|100\/100\n|turn|3\n|c|\u2606PKMNTrainerPlasma|forgot to tera\n|\n|t:|1701104372\n|move|p1a: Cloyster|Rock Blast|p2a: Whalekarp\n|-damage|p2a: Whalekarp|80\/100\n|-damage|p2a: Whalekarp|61\/100\n|-damage|p2a: Whalekarp|41\/100\n|-damage|p2a: Whalekarp|21\/100\n|-crit|p2a: Whalekarp\n|-damage|p2a: Whalekarp|0 fnt\n|faint|p2a: Whalekarp\n|-hitcount|p2: Whalekarp|5\n|\n|upkeep\n|\n|t:|1701104382\n|switch|p2a: 3AM Motivation|Vigoroth, M|100\/100\n|turn|4\n|\n|t:|1701104387\n|move|p1a: Cloyster|Icicle Spear|p2a: 3AM Motivation\n|-damage|p2a: 3AM Motivation|74\/100\n|-damage|p2a: 3AM Motivation|50\/100\n|-damage|p2a: 3AM Motivation|25\/100\n|-damage|p2a: 3AM Motivation|0 fnt\n|faint|p2a: 3AM Motivation\n|-hitcount|p2: 3AM Motivation|4\n|\n|upkeep\n|\n|t:|1701104400\n|switch|p2a: Pikafly|Emolga, F|100\/100\n|turn|5\n|\n|t:|1701104406\n|-terastallize|p2a: Pikafly|Steel\n|move|p1a: Cloyster|Icicle Spear|p2a: Pikafly\n|-resisted|p2a: Pikafly\n|-damage|p2a: Pikafly|78\/100\n|-resisted|p2a: Pikafly\n|-damage|p2a: Pikafly|55\/100\n|-resisted|p2a: Pikafly\n|-damage|p2a: Pikafly|31\/100\n|-resisted|p2a: Pikafly\n|-damage|p2a: Pikafly|7\/100\n|-resisted|p2a: Pikafly\n|-damage|p2a: Pikafly|0 fnt\n|faint|p2a: Pikafly\n|-hitcount|p2: Pikafly|5\n|\n|upkeep\n|inactive|PKMNTrainerPlasma has 120 seconds left.\n|\n|t:|1701104423\n|switch|p2a: Frozen Throat|Cubchoo, M|100\/100\n|turn|6\n|\n|t:|1701104431\n|move|p2a: Frozen Throat|Protect|p2a: Frozen Throat\n|-singleturn|p2a: Frozen Throat|Protect\n|move|p1a: Cloyster|Rock Blast|p2a: Frozen Throat\n|-activate|p2a: Frozen Throat|move: Protect\n|\n|upkeep\n|turn|7\n|c|\u2606PKMNTrainerPlasma|shell smash op\n|c|\u2606Ribbit Mania|Agreed\n|inactive|PKMNTrainerPlasma has 120 seconds left.\n|\n|t:|1701104450\n|move|p1a: Cloyster|Rock Blast|p2a: Frozen Throat\n|-supereffective|p2a: Frozen Throat\n|-damage|p2a: Frozen Throat|23\/100\n|-supereffective|p2a: Frozen Throat\n|-damage|p2a: Frozen Throat|0 fnt\n|faint|p2a: Frozen Throat\n|-hitcount|p2: Frozen Throat|2\n|\n|upkeep\n|inactive|PKMNTrainerPlasma has 120 seconds left.\n|\n|t:|1701104456\n|switch|p2a: Medical|Comfey, M|100\/100\n|turn|8\n|\n|t:|1701104459\n|move|p1a: Cloyster|Icicle Spear|p2a: Medical\n|-damage|p2a: Medical|63\/100\n|-damage|p2a: Medical|27\/100\n|-damage|p2a: Medical|0 fnt\n|faint|p2a: Medical\n|-hitcount|p2: Medical|3\n|\n|win|Ribbit Mania\n|raw|Ribbit Mania's rating: 1153 &rarr; <strong>1173<\/strong><br \/>(+20 for winning)\n|raw|PKMNTrainerPlasma's rating: 1081 &rarr; <strong>1063<\/strong><br \/>(-18 for losing)\n|l|\u2606PKMNTrainerPlasma\n","uploadtime":1701104646,"views":8,"p1id":"ribbitmania","p2id":"pkmntrainerplasma","formatid":"gen9nationaldex","rating":1063,"private":0,"password":""}