{"id":"gen9nationaldex-1995773144","p1":"The Np sweep","p2":"greencake","format":"[Gen 9] National Dex","log":"|html|<div class=\"broadcast-blue\"><strong>[Gen 9] National Dex is currently suspecting Sneasler! For information on how to participate check out the <a href=\"https:\/\/www.smogon.com\/forums\/threads\/sv-national-dex-suspect-8-just-dance.3731534\/\">suspect thread<\/a>.<\/strong><\/div>\n|j|\u203dThe Np sweep\n|j|\u2606greencake\n|t:|1700601783\n|gametype|singles\n|player|p1|The Np sweep|hilbert|1786\n|player|p2|greencake|maid|1693\n|teamsize|p1|6\n|teamsize|p2|6\n|gen|9\n|tier|[Gen 9] National Dex\n|rated|\n|rule|HP Percentage Mod: HP is shown in percentages\n|rule|Endless Battle Clause: Forcing endless battles is banned\n|rule|OHKO Clause: OHKO moves are banned\n|rule|Evasion Clause: Evasion abilities, items, and moves are banned\n|rule|Evasion Abilities Clause: Evasion abilities are banned\n|rule|Evasion Items Clause: Evasion items are banned\n|rule|Evasion Moves Clause: Evasion moves are banned\n|rule|Species Clause: Limit one of each Pok\u00e9mon\n|rule|Sleep Clause Mod: Limit one foe put to sleep\n|clearpoke\n|poke|p1|Ferrothorn, M|\n|poke|p1|Zamazenta-*|\n|poke|p1|Tapu Lele|\n|poke|p1|Iron Valiant|\n|poke|p1|Aegislash, F|\n|poke|p1|Ursaluna, F|\n|poke|p2|Lopunny, M|\n|poke|p2|Garganacl, F|\n|poke|p2|Alomomola, F|\n|poke|p2|Gliscor, M|\n|poke|p2|Hoopa-Unbound|\n|poke|p2|Jirachi|\n|teampreview\n|inactive|Battle timer is ON: inactive players will automatically lose when time's up. (requested by greencake)\n|\n|t:|1700601808\n|start\n|switch|p1a: Iron Valiant|Iron Valiant|100\/100\n|switch|p2a: Alomomola|Alomomola, F|100\/100\n|turn|1\n|\n|t:|1700601813\n|move|p1a: Iron Valiant|Thunderbolt|p2a: Alomomola\n|-supereffective|p2a: Alomomola\n|-damage|p2a: Alomomola|43\/100\n|-damage|p1a: Iron Valiant|91\/100|[from] item: Life Orb\n|move|p2a: Alomomola|Toxic|p1a: Iron Valiant\n|-status|p1a: Iron Valiant|tox\n|\n|-damage|p1a: Iron Valiant|85\/100 tox|[from] psn\n|upkeep\n|turn|2\n|\n|t:|1700601821\n|switch|p2a: Gliscor|Gliscor, M|100\/100\n|move|p1a: Iron Valiant|Knock Off|p2a: Gliscor\n|-damage|p2a: Gliscor|66\/100\n|-enditem|p2a: Gliscor|Toxic Orb|[from] move: Knock Off|[of] p1a: Iron Valiant\n|-damage|p1a: Iron Valiant|75\/100 tox|[from] item: Life Orb\n|\n|-damage|p1a: Iron Valiant|62\/100 tox|[from] psn\n|upkeep\n|turn|3\n|\n|t:|1700601828\n|-end|p1a: Iron Valiant|Quark Drive|[silent]\n|switch|p1a: Ferrothorn|Ferrothorn, M|100\/100\n|move|p2a: Gliscor|Stealth Rock|p1a: Ferrothorn\n|-sidestart|p1: The Np sweep|move: Stealth Rock\n|\n|upkeep\n|turn|4\n|\n|t:|1700601831\n|switch|p2a: Alomomola|Alomomola, F|76\/100\n|move|p1a: Ferrothorn|Stealth Rock|p2a: Alomomola\n|-sidestart|p2: greencake|move: Stealth Rock\n|\n|upkeep\n|turn|5\n|j| sbld\n|\n|t:|1700601842\n|switch|p1a: Aegislash|Aegislash, F, shiny|100\/100\n|-damage|p1a: Aegislash|95\/100|[from] Stealth Rock\n|move|p2a: Alomomola|Flip Turn|p1a: Aegislash\n|-damage|p1a: Aegislash|80\/100\n|\n|t:|1700601859\n|switch|p2a: Gliscor|Gliscor, M|66\/100|[from] Flip Turn\n|-damage|p2a: Gliscor|53\/100|[from] Stealth Rock\n|\n|upkeep\n|turn|6\n|\n|t:|1700601865\n|move|p2a: Gliscor|Earthquake|p1a: Aegislash\n|-supereffective|p1a: Aegislash\n|-crit|p1a: Aegislash\n|-damage|p1a: Aegislash|0 fnt\n|faint|p1a: Aegislash\n|\n|upkeep\n|\n|t:|1700601872\n|switch|p1a: Ursaluna|Ursaluna, F|100\/100\n|-damage|p1a: Ursaluna|94\/100|[from] Stealth Rock\n|turn|7\n|\n|t:|1700601877\n|move|p2a: Gliscor|Knock Off|p1a: Ursaluna\n|-damage|p1a: Ursaluna|80\/100\n|-enditem|p1a: Ursaluna|Flame Orb|[from] move: Knock Off|[of] p2a: Gliscor\n|move|p1a: Ursaluna|Swords Dance|p1a: Ursaluna\n|-boost|p1a: Ursaluna|atk|2\n|\n|upkeep\n|turn|8\n|\n|t:|1700601885\n|move|p2a: Gliscor|Earthquake|p1a: Ursaluna\n|-damage|p1a: Ursaluna|55\/100\n|move|p1a: Ursaluna|Facade|p2a: Gliscor\n|-damage|p2a: Gliscor|0 fnt\n|faint|p2a: Gliscor\n|\n|upkeep\n|\n|t:|1700601898\n|switch|p2a: Lopunny|Lopunny, M|100\/100\n|-damage|p2a: Lopunny|88\/100|[from] Stealth Rock\n|turn|9\n|\n|t:|1700601903\n|detailschange|p2a: Lopunny|Lopunny-Mega, M\n|-mega|p2a: Lopunny|Lopunny|Lopunnite\n|-terastallize|p1a: Ursaluna|Fairy\n|move|p2a: Lopunny|Fake Out|p1a: Ursaluna\n|-damage|p1a: Ursaluna|39\/100\n|cant|p1a: Ursaluna|flinch\n|\n|upkeep\n|turn|10\n|\n|t:|1700601915\n|move|p2a: Lopunny|Return|p1a: Ursaluna\n|-damage|p1a: Ursaluna|0 fnt\n|faint|p1a: Ursaluna\n|\n|upkeep\n|\n|t:|1700601920\n|switch|p1a: Zamazenta|Zamazenta|100\/100\n|-damage|p1a: Zamazenta|94\/100|[from] Stealth Rock\n|-ability|p1a: Zamazenta|Dauntless Shield|boost\n|-boost|p1a: Zamazenta|def|1\n|turn|11\n|\n|t:|1700601927\n|switch|p2a: Alomomola|Alomomola, F|100\/100\n|move|p1a: Zamazenta|Close Combat|p2a: Alomomola\n|-damage|p2a: Alomomola|60\/100\n|-unboost|p1a: Zamazenta|def|1\n|-unboost|p1a: Zamazenta|spd|1\n|\n|upkeep\n|turn|12\n|\n|t:|1700601936\n|switch|p1a: Ferrothorn|Ferrothorn, M|100\/100\n|-damage|p1a: Ferrothorn|94\/100|[from] Stealth Rock\n|move|p2a: Alomomola|Wish|p2a: Alomomola\n|\n|-heal|p1a: Ferrothorn|100\/100|[from] item: Leftovers\n|upkeep\n|turn|13\n|j| Toon_13\n|\n|t:|1700601955\n|move|p2a: Alomomola|Flip Turn|p1a: Ferrothorn\n|-resisted|p1a: Ferrothorn\n|-damage|p1a: Ferrothorn|95\/100\n|-damage|p2a: Alomomola|47\/100|[from] ability: Iron Barbs|[of] p1a: Ferrothorn\n|\n|t:|1700601969\n|switch|p2a: Lopunny|Lopunny-Mega, M|88\/100|[from] Flip Turn\n|-damage|p2a: Lopunny|82\/100|[from] Stealth Rock\n|move|p1a: Ferrothorn|Leech Seed|p2a: Lopunny\n|-start|p2a: Lopunny|move: Leech Seed\n|\n|-heal|p2a: Lopunny|100\/100|[from] move: Wish|[wisher] Alomomola\n|-heal|p1a: Ferrothorn|100\/100|[from] item: Leftovers\n|-damage|p2a: Lopunny|88\/100|[from] Leech Seed|[of] p1a: Ferrothorn\n|upkeep\n|turn|14\n|\n|t:|1700601978\n|switch|p2a: Alomomola|Alomomola, F|80\/100\n|switch|p1a: Tapu Lele|Tapu Lele, shiny|100\/100\n|-damage|p1a: Tapu Lele|88\/100|[from] Stealth Rock\n|-fieldstart|move: Psychic Terrain|[from] ability: Psychic Surge|[of] p1a: Tapu Lele\n|\n|upkeep\n|turn|15\n|\n|t:|1700601983\n|move|p2a: Alomomola|Protect|p2a: Alomomola\n|-singleturn|p2a: Alomomola|Protect\n|move|p1a: Tapu Lele|Psychic|p2a: Alomomola\n|-activate|p2a: Alomomola|move: Protect\n|\n|upkeep\n|turn|16\n|\n|t:|1700601986\n|switch|p1a: Zamazenta|Zamazenta|94\/100\n|-damage|p1a: Zamazenta|88\/100|[from] Stealth Rock\n|switch|p2a: Jirachi|Jirachi|100\/100\n|-damage|p2a: Jirachi|94\/100|[from] Stealth Rock\n|\n|-heal|p2a: Jirachi|100\/100|[from] item: Leftovers\n|upkeep\n|turn|17\n|\n|t:|1700601990\n|move|p1a: Zamazenta|Crunch|p2a: Jirachi\n|-supereffective|p2a: Jirachi\n|-damage|p2a: Jirachi|47\/100\n|move|p2a: Jirachi|Toxic|p1a: Zamazenta\n|-status|p1a: Zamazenta|tox\n|\n|-heal|p2a: Jirachi|53\/100|[from] item: Leftovers\n|-damage|p1a: Zamazenta|82\/100 tox|[from] psn\n|upkeep\n|turn|18\n|\n|t:|1700601997\n|move|p2a: Jirachi|Protect|p2a: Jirachi\n|-singleturn|p2a: Jirachi|Protect\n|move|p1a: Zamazenta|Crunch|p2a: Jirachi\n|-activate|p2a: Jirachi|move: Protect\n|\n|-heal|p2a: Jirachi|59\/100|[from] item: Leftovers\n|-damage|p1a: Zamazenta|70\/100 tox|[from] psn\n|-fieldend|move: Psychic Terrain\n|upkeep\n|turn|19\n|\n|t:|1700602001\n|move|p1a: Zamazenta|Crunch|p2a: Jirachi\n|-supereffective|p2a: Jirachi\n|-damage|p2a: Jirachi|7\/100\n|move|p2a: Jirachi|Wish|p2a: Jirachi\n|\n|-heal|p2a: Jirachi|13\/100|[from] item: Leftovers\n|-damage|p1a: Zamazenta|51\/100 tox|[from] psn\n|upkeep\n|turn|20\n|-message|The Np sweep forfeited.\n|\n|win|greencake\n|raw|The Np sweep's rating: 1786 &rarr; <strong>1761<\/strong><br \/>(-25 for losing)\n|raw|greencake's rating: 1693 &rarr; <strong>1718<\/strong><br \/>(+25 for winning)\n|l|\u203dThe Np sweep\n","uploadtime":1700602008,"views":4,"p1id":"thenpsweep","p2id":"greencake","formatid":"gen9nationaldex","rating":1718,"private":0,"password":""}