{"id":"gen9nationaldex-1999729403","p1":"Dark Umbreon 08","p2":"Honwave59","format":"[Gen 9] National Dex","log":"|html|<div class=\"broadcast-blue\"><strong>[Gen 9] National Dex is currently suspecting Sneasler! For information on how to participate check out the <a href=\"https:\/\/www.smogon.com\/forums\/threads\/sv-national-dex-suspect-8-just-dance.3731534\/\">suspect thread<\/a>.<\/strong><\/div>\n|j|\u2606Dark Umbreon 08\n|j|\u2606Honwave59\n|t:|1701111549\n|gametype|singles\n|player|p1|Dark Umbreon 08|lass-gen4dp|1290\n|player|p2|Honwave59|pilot|1254\n|teamsize|p1|6\n|teamsize|p2|6\n|gen|9\n|tier|[Gen 9] National Dex\n|rated|\n|rule|HP Percentage Mod: HP is shown in percentages\n|rule|Endless Battle Clause: Forcing endless battles is banned\n|rule|OHKO Clause: OHKO moves are banned\n|rule|Evasion Clause: Evasion abilities, items, and moves are banned\n|rule|Evasion Abilities Clause: Evasion abilities are banned\n|rule|Evasion Items Clause: Evasion items are banned\n|rule|Evasion Moves Clause: Evasion moves are banned\n|rule|Species Clause: Limit one of each Pok\u00e9mon\n|rule|Sleep Clause Mod: Limit one foe put to sleep\n|clearpoke\n|poke|p1|Yanmega, F|\n|poke|p1|Feraligatr, F|\n|poke|p1|Eiscue, M|\n|poke|p1|Kecleon, M|\n|poke|p1|Scolipede, M|\n|poke|p1|Staraptor, M|\n|poke|p2|Tapu Lele|\n|poke|p2|Goodra, F|\n|poke|p2|Lilligant-Hisui, F|\n|poke|p2|Espeon, F|\n|poke|p2|Darmanitan, F|\n|poke|p2|Shiftry, F|\n|teampreview\n|inactive|Battle timer is ON: inactive players will automatically lose when time's up. (requested by Honwave59)\n|inactive|Dark Umbreon 08 also wants the timer to be on.\n|\n|t:|1701111557\n|start\n|switch|p1a: Chill Penguin|Eiscue, M|100\/100\n|switch|p2a: Kachigga my|Darmanitan, F, shiny|100\/100\n|turn|1\n|\n|t:|1701111564\n|switch|p2a: Goodra|Goodra, F|100\/100\n|move|p1a: Chill Penguin|Hail|p1a: Chill Penguin\n|-weather|Hail\n|\n|-weather|Hail|[upkeep]\n|-damage|p2a: Goodra|94\/100|[from] Hail\n|upkeep\n|turn|2\n|\n|t:|1701111571\n|move|p1a: Chill Penguin|Substitute|p1a: Chill Penguin\n|-start|p1a: Chill Penguin|Substitute\n|-damage|p1a: Chill Penguin|75\/100\n|move|p2a: Goodra|Flamethrower|p1a: Chill Penguin\n|-supereffective|p1a: Chill Penguin\n|-end|p1a: Chill Penguin|Substitute\n|\n|-weather|Hail|[upkeep]\n|-damage|p2a: Goodra|88\/100|[from] Hail\n|upkeep\n|turn|3\n|\n|t:|1701111581\n|move|p1a: Chill Penguin|Icicle Crash|p2a: Goodra|[miss]\n|-miss|p1a: Chill Penguin|p2a: Goodra\n|move|p2a: Goodra|Flamethrower|p1a: Chill Penguin\n|-supereffective|p1a: Chill Penguin\n|-damage|p1a: Chill Penguin|0 fnt\n|faint|p1a: Chill Penguin\n|\n|-weather|Hail|[upkeep]\n|-damage|p2a: Goodra|82\/100|[from] Hail\n|upkeep\n|\n|t:|1701111585\n|switch|p1a: Commander Yammark|Yanmega, F|100\/100\n|turn|4\n|\n|t:|1701111592\n|move|p1a: Commander Yammark|Bug Buzz|p2a: Goodra\n|-damage|p2a: Goodra|66\/100\n|move|p2a: Goodra|Flamethrower|p1a: Commander Yammark\n|-supereffective|p1a: Commander Yammark\n|-damage|p1a: Commander Yammark|0 fnt\n|faint|p1a: Commander Yammark\n|\n|-weather|Hail|[upkeep]\n|-damage|p2a: Goodra|60\/100|[from] Hail\n|upkeep\n|\n|t:|1701111597\n|switch|p1a: Magna Centipede|Scolipede, M|100\/100\n|turn|5\n|\n|t:|1701111600\n|move|p1a: Magna Centipede|Swords Dance|p1a: Magna Centipede\n|-boost|p1a: Magna Centipede|atk|2\n|move|p2a: Goodra|Flamethrower|p1a: Magna Centipede\n|-supereffective|p1a: Magna Centipede\n|-enditem|p1a: Magna Centipede|Focus Sash\n|-damage|p1a: Magna Centipede|1\/100\n|\n|-weather|none\n|-ability|p1a: Magna Centipede|Speed Boost|boost\n|-boost|p1a: Magna Centipede|spe|1\n|upkeep\n|turn|6\n|\n|t:|1701111610\n|move|p1a: Magna Centipede|Poison Jab|p2a: Goodra\n|-damage|p2a: Goodra|0 fnt\n|-ability|p2a: Goodra|Gooey\n|-unboost|p1a: Magna Centipede|spe|1\n|faint|p2a: Goodra\n|\n|-ability|p1a: Magna Centipede|Speed Boost|boost\n|-boost|p1a: Magna Centipede|spe|1\n|upkeep\n|\n|t:|1701111617\n|switch|p2a: Kachigga my|Darmanitan, F, shiny|100\/100\n|turn|7\n|\n|t:|1701111631\n|move|p1a: Magna Centipede|Earthquake|p2a: Kachigga my\n|-supereffective|p2a: Kachigga my\n|-damage|p2a: Kachigga my|0 fnt\n|faint|p2a: Kachigga my\n|\n|-ability|p1a: Magna Centipede|Speed Boost|boost\n|-boost|p1a: Magna Centipede|spe|1\n|upkeep\n|\n|t:|1701111634\n|switch|p2a: Little boy|Tapu Lele|100\/100\n|-fieldstart|move: Psychic Terrain|[from] ability: Psychic Surge|[of] p2a: Little boy\n|turn|8\n|\n|t:|1701111637\n|move|p1a: Magna Centipede|Poison Jab|p2a: Little boy\n|-supereffective|p2a: Little boy\n|-damage|p2a: Little boy|0 fnt\n|faint|p2a: Little boy\n|\n|-ability|p1a: Magna Centipede|Speed Boost|boost\n|-boost|p1a: Magna Centipede|spe|1\n|upkeep\n|l|\u2606Honwave59\n|inactive|Honwave59 disconnected and has a minute to reconnect!\n|player|p2|\n|inactive|Honwave59 has 30 seconds to reconnect!\n|inactive|Honwave59 has 20 seconds to reconnect!\n|inactive|Honwave59 has 15 seconds to reconnect!\n|inactive|Honwave59 has 10 seconds to reconnect!\n|inactive|Honwave59 has 5 seconds to reconnect!\n|-message|Honwave59 lost due to inactivity.\n|\n|win|Dark Umbreon 08\n|raw|Dark Umbreon 08's rating: 1290 &rarr; <strong>1312<\/strong><br \/>(+22 for winning)\n|raw|Honwave59's rating: 1254 &rarr; <strong>1232<\/strong><br \/>(-22 for losing)\n","uploadtime":1701111708,"views":1,"p1id":"darkumbreon08","p2id":"honwave59","formatid":"gen9nationaldex","rating":1232,"private":0,"password":""}