{"id":"gen9nationaldex-2000418456","p1":"Yatogami_weilai","p2":"Enderffs","format":"[Gen 9] National Dex","log":"|html|<div class=\"broadcast-blue\"><strong>[Gen 9] National Dex is currently suspecting Sneasler! For information on how to participate check out the <a href=\"https:\/\/www.smogon.com\/forums\/threads\/sv-national-dex-suspect-8-just-dance.3731534\/\">suspect thread<\/a>.<\/strong><\/div>\n|j|\u2606Yatogami_weilai\n|j|\u2606Enderffs\n|t:|1701193155\n|gametype|singles\n|player|p1|Yatogami_weilai|zinnia|1184\n|player|p2|Enderffs|ghetsis|1115\n|teamsize|p1|6\n|teamsize|p2|6\n|gen|9\n|tier|[Gen 9] National Dex\n|rated|\n|rule|HP Percentage Mod: HP is shown in percentages\n|rule|Endless Battle Clause: Forcing endless battles is banned\n|rule|OHKO Clause: OHKO moves are banned\n|rule|Evasion Clause: Evasion abilities, items, and moves are banned\n|rule|Evasion Abilities Clause: Evasion abilities are banned\n|rule|Evasion Items Clause: Evasion items are banned\n|rule|Evasion Moves Clause: Evasion moves are banned\n|rule|Species Clause: Limit one of each Pok\u00e9mon\n|rule|Sleep Clause Mod: Limit one foe put to sleep\n|clearpoke\n|poke|p1|Tyranitar, M|\n|poke|p1|Excadrill, F|\n|poke|p1|Togekiss, F|\n|poke|p1|Klefki, F|\n|poke|p1|Cradily, F|\n|poke|p1|Salamence, M|\n|poke|p2|Scolipede, M|\n|poke|p2|Staraptor, M|\n|poke|p2|Chandelure, F|\n|poke|p2|Steelix, M|\n|poke|p2|Diancie|\n|poke|p2|Hydreigon, F|\n|teampreview\n|\n|t:|1701193166\n|start\n|switch|p1a: Klefki|Klefki, F|100\/100\n|switch|p2a: Scolipede|Scolipede, M|100\/100\n|turn|1\n|\n|t:|1701193174\n|move|p1a: Klefki|Spikes|p2a: Scolipede\n|-sidestart|p2: Enderffs|Spikes\n|move|p2a: Scolipede|Swords Dance|p2a: Scolipede\n|-boost|p2a: Scolipede|atk|2\n|\n|-ability|p2a: Scolipede|Speed Boost|boost\n|-boost|p2a: Scolipede|spe|1\n|upkeep\n|turn|2\n|\n|t:|1701193182\n|move|p1a: Klefki|Reflect|p1a: Klefki\n|-sidestart|p1: Yatogami_weilai|Reflect\n|move|p2a: Scolipede|Swords Dance|p2a: Scolipede\n|-boost|p2a: Scolipede|atk|2\n|\n|-ability|p2a: Scolipede|Speed Boost|boost\n|-boost|p2a: Scolipede|spe|1\n|upkeep\n|turn|3\n|\n|t:|1701193189\n|move|p1a: Klefki|Light Screen|p1a: Klefki\n|-sidestart|p1: Yatogami_weilai|move: Light Screen\n|move|p2a: Scolipede|Swords Dance|p2a: Scolipede\n|-boost|p2a: Scolipede|atk|2\n|\n|-ability|p2a: Scolipede|Speed Boost|boost\n|-boost|p2a: Scolipede|spe|1\n|upkeep\n|turn|4\n|\n|t:|1701193197\n|move|p1a: Klefki|Spikes|p2a: Scolipede\n|-sidestart|p2: Enderffs|Spikes\n|move|p2a: Scolipede|Poison Jab|p1a: Klefki\n|-immune|p1a: Klefki\n|\n|-ability|p2a: Scolipede|Speed Boost|boost\n|-boost|p2a: Scolipede|spe|1\n|upkeep\n|turn|5\n|\n|t:|1701193204\n|move|p1a: Klefki|Spikes|p2a: Scolipede\n|-sidestart|p2: Enderffs|Spikes\n|move|p2a: Scolipede|Poison Jab|p1a: Klefki\n|-immune|p1a: Klefki\n|\n|-ability|p2a: Scolipede|Speed Boost|boost\n|-boost|p2a: Scolipede|spe|1\n|upkeep\n|turn|6\n|c|\u2606Yatogami_weilai|???\n|\n|t:|1701193212\n|move|p2a: Scolipede|Poison Jab|p1a: Klefki\n|-immune|p1a: Klefki\n|move|p1a: Klefki|Foul Play|p2a: Scolipede\n|-damage|p2a: Scolipede|0 fnt\n|faint|p2a: Scolipede\n|\n|upkeep\n|\n|t:|1701193226\n|switch|p2a: Chandelure|Chandelure, F|100\/100\n|-damage|p2a: Chandelure|76\/100|[from] Spikes\n|turn|7\n|\n|t:|1701193230\n|move|p2a: Chandelure|Flamethrower|p1a: Klefki\n|-supereffective|p1a: Klefki\n|-damage|p1a: Klefki|36\/100\n|-status|p1a: Klefki|brn\n|move|p1a: Klefki|Foul Play|p2a: Chandelure\n|-supereffective|p2a: Chandelure\n|-damage|p2a: Chandelure|61\/100\n|\n|-damage|p1a: Klefki|30\/100 brn|[from] brn\n|upkeep\n|turn|8\n|\n|t:|1701193250\n|switch|p1a: Tyranitar|Tyranitar, M, shiny|100\/100\n|-weather|Sandstorm|[from] ability: Sand Stream|[of] p1a: Tyranitar\n|move|p2a: Chandelure|Flamethrower|p1a: Tyranitar\n|-resisted|p1a: Tyranitar\n|-damage|p1a: Tyranitar|93\/100\n|\n|-weather|Sandstorm|[upkeep]\n|-damage|p2a: Chandelure|55\/100|[from] Sandstorm\n|upkeep\n|turn|9\n|c|\u2606Enderffs|was waiting for the protection to go of in order to sweep your team\n|\n|t:|1701193277\n|move|p2a: Chandelure|Energy Ball|p1a: Tyranitar\n|-supereffective|p1a: Tyranitar\n|-damage|p1a: Tyranitar|74\/100\n|-unboost|p1a: Tyranitar|spd|1\n|move|p1a: Tyranitar|Knock Off|p2a: Chandelure\n|-supereffective|p2a: Chandelure\n|-damage|p2a: Chandelure|0 fnt\n|-enditem|p2a: Chandelure|Flame Orb|[from] move: Knock Off|[of] p1a: Tyranitar\n|faint|p2a: Chandelure\n|\n|-weather|Sandstorm|[upkeep]\n|-sideend|p1: Yatogami_weilai|Reflect\n|upkeep\n|\n|t:|1701193293\n|switch|p2a: Diancie|Diancie|100\/100\n|-damage|p2a: Diancie|76\/100|[from] Spikes\n|turn|10\n|\n|t:|1701193304\n|detailschange|p1a: Tyranitar|Tyranitar-Mega, M, shiny\n|-mega|p1a: Tyranitar|Tyranitar|Tyranitarite\n|move|p1a: Tyranitar|Knock Off|p2a: Diancie\n|-resisted|p2a: Diancie\n|-damage|p2a: Diancie|47\/100\n|-enditem|p2a: Diancie|Assault Vest|[from] move: Knock Off|[of] p1a: Tyranitar\n|move|p2a: Diancie|Moonblast|p1a: Tyranitar\n|-supereffective|p1a: Tyranitar\n|-damage|p1a: Tyranitar|48\/100\n|\n|-weather|Sandstorm|[upkeep]\n|-sideend|p1: Yatogami_weilai|move: Light Screen\n|upkeep\n|turn|11\n|\n|t:|1701193315\n|move|p1a: Tyranitar|Knock Off|p2a: Diancie\n|-resisted|p2a: Diancie\n|-damage|p2a: Diancie|31\/100\n|move|p2a: Diancie|Moonblast|p1a: Tyranitar\n|-supereffective|p1a: Tyranitar\n|-damage|p1a: Tyranitar|0 fnt\n|faint|p1a: Tyranitar\n|\n|-weather|Sandstorm|[upkeep]\n|upkeep\n|\n|t:|1701193323\n|switch|p1a: Excadrill|Excadrill, F, shiny|100\/100\n|-ability|p1a: Excadrill|Mold Breaker\n|turn|12\n|\n|t:|1701193331\n|switch|p2a: Hydreigon|Hydreigon, F|100\/100\n|move|p1a: Excadrill|Iron Head|p2a: Hydreigon\n|-damage|p2a: Hydreigon|62\/100\n|\n|-weather|none\n|upkeep\n|turn|13\n|\n|t:|1701193354\n|move|p1a: Excadrill|Rapid Spin|p2a: Hydreigon\n|-damage|p2a: Hydreigon|45\/100\n|-boost|p1a: Excadrill|spe|1\n|move|p2a: Hydreigon|Flamethrower|p1a: Excadrill\n|-supereffective|p1a: Excadrill\n|-damage|p1a: Excadrill|0 fnt\n|faint|p1a: Excadrill\n|\n|upkeep\n|\n|t:|1701193363\n|switch|p1a: Togekiss|Togekiss, F, shiny|100\/100\n|turn|14\n|\n|t:|1701193375\n|switch|p2a: Steelix|Steelix, M|100\/100\n|-damage|p2a: Steelix|76\/100|[from] Spikes\n|move|p1a: Togekiss|Air Slash|p2a: Steelix\n|-resisted|p2a: Steelix\n|-damage|p2a: Steelix|56\/100\n|\n|upkeep\n|turn|15\n|\n|t:|1701193384\n|detailschange|p2a: Steelix|Steelix-Mega, M\n|-mega|p2a: Steelix|Steelix|Steelixite\n|move|p1a: Togekiss|Flamethrower|p2a: Steelix\n|-supereffective|p2a: Steelix\n|-damage|p2a: Steelix|4\/100\n|-status|p2a: Steelix|brn\n|move|p2a: Steelix|Gyro Ball|p1a: Togekiss\n|-supereffective|p1a: Togekiss\n|-damage|p1a: Togekiss|37\/100\n|\n|-damage|p2a: Steelix|0 fnt|[from] brn\n|faint|p2a: Steelix\n|upkeep\n|c|\u2606Enderffs|if i one shot your key holder thing you could tank my scolipede with the walls ans other things and destroy it\n|\n|t:|1701193406\n|switch|p2a: Staraptor|Staraptor, M|100\/100\n|turn|16\n|\n|t:|1701193416\n|move|p2a: Staraptor|Double-Edge|p1a: Togekiss\n|-damage|p1a: Togekiss|0 fnt\n|faint|p1a: Togekiss\n|-damage|p2a: Staraptor|86\/100|[from] Recoil\n|-damage|p2a: Staraptor|76\/100|[from] item: Life Orb\n|\n|upkeep\n|\n|t:|1701193424\n|switch|p1a: Klefki|Klefki, F|30\/100 brn\n|turn|17\n|\n|t:|1701193433\n|move|p1a: Klefki|Reflect|p1a: Klefki\n|-sidestart|p1: Yatogami_weilai|Reflect\n|move|p2a: Staraptor|Brave Bird|p1a: Klefki\n|-resisted|p1a: Klefki\n|-damage|p1a: Klefki|12\/100 brn\n|-damage|p2a: Staraptor|70\/100|[from] Recoil\n|-damage|p2a: Staraptor|60\/100|[from] item: Life Orb\n|\n|-damage|p1a: Klefki|6\/100 brn|[from] brn\n|upkeep\n|turn|18\n|\n|t:|1701193447\n|switch|p1a: Salamence|Salamence, M|100\/100\n|-ability|p1a: Salamence|Intimidate|boost\n|-unboost|p2a: Staraptor|atk|1\n|move|p2a: Staraptor|Quick Attack|p1a: Salamence\n|-damage|p1a: Salamence|88\/100\n|-damage|p2a: Staraptor|50\/100|[from] item: Life Orb\n|\n|upkeep\n|turn|19\n|\n|t:|1701193461\n|move|p1a: Salamence|Hurricane|p2a: Staraptor|[miss]\n|-miss|p1a: Salamence|p2a: Staraptor\n|move|p2a: Staraptor|Brave Bird|p1a: Salamence\n|-damage|p1a: Salamence|46\/100\n|-damage|p2a: Staraptor|35\/100|[from] Recoil\n|-damage|p2a: Staraptor|25\/100|[from] item: Life Orb\n|\n|upkeep\n|turn|20\n|\n|t:|1701193473\n|move|p1a: Salamence|Roost|p1a: Salamence\n|-heal|p1a: Salamence|96\/100\n|-singleturn|p1a: Salamence|move: Roost\n|move|p2a: Staraptor|Brave Bird|p1a: Salamence\n|-damage|p1a: Salamence|54\/100\n|-damage|p2a: Staraptor|10\/100|[from] Recoil\n|-damage|p2a: Staraptor|0 fnt|[from] item: Life Orb\n|faint|p2a: Staraptor\n|\n|upkeep\n|\n|t:|1701193484\n|switch|p2a: Diancie|Diancie|31\/100\n|-damage|p2a: Diancie|6\/100|[from] Spikes\n|turn|21\n|\n|t:|1701193491\n|move|p1a: Salamence|Hurricane|p2a: Diancie\n|-resisted|p2a: Diancie\n|-damage|p2a: Diancie|0 fnt\n|faint|p2a: Diancie\n|\n|upkeep\n|c|\u2606Enderffs|ggwp\n|\n|t:|1701193496\n|switch|p2a: Hydreigon|Hydreigon, F|45\/100\n|turn|22\n|\n|t:|1701193504\n|-terastallize|p1a: Salamence|Water\n|-terastallize|p2a: Hydreigon|Dark\n|move|p1a: Salamence|Draco Meteor|p2a: Hydreigon\n|-damage|p2a: Hydreigon|0 fnt\n|-unboost|p1a: Salamence|spa|2\n|faint|p2a: Hydreigon\n|\n|win|Yatogami_weilai\n|raw|Yatogami_weilai's rating: 1184 &rarr; <strong>1204<\/strong><br \/>(+20 for winning)\n|raw|Enderffs's rating: 1115 &rarr; <strong>1095<\/strong><br \/>(-20 for losing)\n|l|\u2606Enderffs\n","uploadtime":1701193551,"views":4,"p1id":"yatogamiweilai","p2id":"enderffs","formatid":"gen9nationaldex","rating":1095,"private":0,"password":""}