{"id":"gen9nationaldex-1994014207","p1":"ccjh14","p2":"ChoiceScarface","format":"[Gen 9] National Dex","log":"|j|\u2606ccjh14\n|j|\u2606ChoiceScarface\n|t:|1700393711\n|gametype|singles\n|player|p1|ccjh14|smasher|1263\n|player|p2|ChoiceScarface|clerk-boss|1185\n|teamsize|p1|6\n|teamsize|p2|6\n|gen|9\n|tier|[Gen 9] National Dex\n|rated|\n|rule|HP Percentage Mod: HP is shown in percentages\n|rule|Endless Battle Clause: Forcing endless battles is banned\n|rule|OHKO Clause: OHKO moves are banned\n|rule|Evasion Clause: Evasion abilities, items, and moves are banned\n|rule|Evasion Abilities Clause: Evasion abilities are banned\n|rule|Evasion Items Clause: Evasion items are banned\n|rule|Evasion Moves Clause: Evasion moves are banned\n|rule|Species Clause: Limit one of each Pok\u00e9mon\n|rule|Sleep Clause Mod: Limit one foe put to sleep\n|clearpoke\n|poke|p1|Garchomp, F|\n|poke|p1|Ferrothorn, M|\n|poke|p1|Lopunny, F|\n|poke|p1|Moltres|\n|poke|p1|Slowking-Galar, M|\n|poke|p1|Kyurem|\n|poke|p2|Tauros, M|\n|poke|p2|Rhydon, M|\n|poke|p2|Gyarados, M|\n|poke|p2|Slowbro, M|\n|poke|p2|Zapdos|\n|poke|p2|Gengar, F|\n|teampreview\n|inactive|Battle timer is ON: inactive players will automatically lose when time's up. (requested by ChoiceScarface)\n|inactive|ChoiceScarface has 120 seconds left.\n|\n|t:|1700393749\n|start\n|switch|p1a: Lopunny|Lopunny, F|100\/100\n|switch|p2a: Tauros|Tauros, M|100\/100\n|turn|1\n|\n|t:|1700393760\n|switch|p2a: Slowbro|Slowbro, M|100\/100\n|detailschange|p1a: Lopunny|Lopunny-Mega, F\n|-mega|p1a: Lopunny|Lopunny|Lopunnite\n|move|p1a: Lopunny|Fake Out|p2a: Slowbro\n|-damage|p2a: Slowbro|87\/100\n|-damage|p1a: Lopunny|84\/100|[from] item: Rocky Helmet|[of] p2a: Slowbro\n|\n|upkeep\n|turn|2\n|\n|t:|1700393777\n|switch|p2a: Zapdos|Zapdos|100\/100\n|move|p1a: Lopunny|U-turn|p2a: Zapdos\n|-resisted|p2a: Zapdos\n|-damage|p2a: Zapdos|88\/100\n|\n|t:|1700393781\n|switch|p1a: Kyurem|Kyurem|100\/100|[from] U-turn\n|-ability|p1a: Kyurem|Pressure\n|\n|upkeep\n|turn|3\n|inactive|ChoiceScarface has 120 seconds left.\n|\n|t:|1700393814\n|-terastallize|p2a: Zapdos|Electric\n|move|p1a: Kyurem|Freeze-Dry|p2a: Zapdos\n|-damage|p2a: Zapdos|53\/100\n|move|p2a: Zapdos|U-turn|p1a: Kyurem\n|-crit|p1a: Kyurem\n|-damage|p1a: Kyurem|82\/100\n|inactive|ChoiceScarface has 120 seconds left.\n|\n|t:|1700393839\n|switch|p2a: Tauros|Tauros, M|100\/100|[from] U-turn\n|\n|upkeep\n|turn|4\n|l|\u2606ccjh14\n|inactive|ccjh14 disconnected and has a minute to reconnect!\n|player|p1|\n|j|\u2606ccjh14\n|inactive|ccjh14 reconnected and has 125 seconds left.\n|player|p1|ccjh14|smasher\n|inactive|ccjh14 has 120 seconds left.\n|\n|t:|1700393875\n|switch|p1a: Ferrothorn|Ferrothorn, M|100\/100\n|move|p2a: Tauros|Body Slam|p1a: Ferrothorn\n|-resisted|p1a: Ferrothorn\n|-damage|p1a: Ferrothorn|82\/100\n|-damage|p2a: Tauros|88\/100|[from] ability: Iron Barbs|[of] p1a: Ferrothorn\n|\n|-heal|p1a: Ferrothorn|88\/100|[from] item: Leftovers\n|upkeep\n|turn|5\n|inactive|ccjh14 has 120 seconds left.\n|c|\u2606ccjh14|\u3002\n|inactive|ChoiceScarface has 90 seconds left.\n|\n|t:|1700393901\n|switch|p2a: Slowbro|Slowbro, M|100\/100\n|move|p1a: Ferrothorn|Spikes|p2a: Slowbro\n|-sidestart|p2: ChoiceScarface|Spikes\n|\n|-heal|p1a: Ferrothorn|94\/100|[from] item: Leftovers\n|upkeep\n|turn|6\n|\n|t:|1700393910\n|move|p1a: Ferrothorn|Leech Seed|p2a: Slowbro\n|-start|p2a: Slowbro|move: Leech Seed\n|move|p2a: Slowbro|Future Sight|p1a: Ferrothorn\n|-start|p2a: Slowbro|move: Future Sight\n|\n|-heal|p1a: Ferrothorn|99\/100|[from] item: Leftovers\n|-damage|p2a: Slowbro|88\/100|[from] Leech Seed|[of] p1a: Ferrothorn\n|-heal|p1a: Ferrothorn|100\/100|[silent]\n|upkeep\n|turn|7\n|\n|t:|1700393919\n|move|p1a: Ferrothorn|Spikes|p2a: Slowbro\n|-sidestart|p2: ChoiceScarface|Spikes\n|move|p2a: Slowbro|Teleport|p2a: Slowbro\n|\n|t:|1700393923\n|switch|p2a: Zapdos|Zapdos, tera:Electric|53\/100|[from] Teleport\n|-damage|p2a: Zapdos|36\/100|[from] Spikes\n|\n|upkeep\n|turn|8\n|\n|t:|1700393938\n|move|p2a: Zapdos|Defog|p1a: Ferrothorn\n|-unboost|p1a: Ferrothorn|evasion|1\n|-sideend|p2: ChoiceScarface|Spikes|[from] move: Defog|[of] p2a: Zapdos\n|move|p1a: Ferrothorn|Leech Seed|p2a: Zapdos\n|-start|p2a: Zapdos|move: Leech Seed\n|\n|-end|p1a: Ferrothorn|move: Future Sight\n|-resisted|p1a: Ferrothorn\n|-damage|p1a: Ferrothorn|84\/100\n|-heal|p1a: Ferrothorn|90\/100|[from] item: Leftovers\n|-damage|p2a: Zapdos|24\/100|[from] Leech Seed|[of] p1a: Ferrothorn\n|-heal|p1a: Ferrothorn|100\/100|[silent]\n|upkeep\n|turn|9\n|\n|t:|1700393945\n|move|p2a: Zapdos|Roost|p2a: Zapdos\n|-heal|p2a: Zapdos|74\/100\n|move|p1a: Ferrothorn|Spikes|p2a: Zapdos\n|-sidestart|p2: ChoiceScarface|Spikes\n|\n|-damage|p2a: Zapdos|62\/100|[from] Leech Seed|[of] p1a: Ferrothorn\n|upkeep\n|turn|10\n|inactive|ChoiceScarface has 120 seconds left.\n|\n|t:|1700393956\n|move|p2a: Zapdos|U-turn|p1a: Ferrothorn\n|-damage|p1a: Ferrothorn|92\/100\n|-damage|p2a: Zapdos|50\/100|[from] ability: Iron Barbs|[of] p1a: Ferrothorn\n|\n|t:|1700393975\n|switch|p2a: Gengar|Gengar, F, shiny|100\/100|[from] U-turn\n|-damage|p2a: Gengar|88\/100|[from] Spikes\n|move|p1a: Ferrothorn|Spikes|p2a: Gengar\n|-sidestart|p2: ChoiceScarface|Spikes\n|\n|-heal|p1a: Ferrothorn|98\/100|[from] item: Leftovers\n|upkeep\n|turn|11\n|\n|t:|1700393993\n|switch|p2a: Zapdos|Zapdos, tera:Electric|50\/100\n|-damage|p2a: Zapdos|33\/100|[from] Spikes\n|switch|p1a: Slowking|Slowking-Galar, M|100\/100\n|\n|upkeep\n|turn|12\n|\n|t:|1700394003\n|move|p2a: Zapdos|Roost|p2a: Zapdos\n|-heal|p2a: Zapdos|83\/100\n|move|p1a: Slowking|Chilly Reception|p1a: Slowking\n|-weather|Snow\n|\n|t:|1700394008\n|switch|p1a: Kyurem|Kyurem|82\/100|[from] Chilly Reception\n|-ability|p1a: Kyurem|Pressure\n|\n|-weather|Snow|[upkeep]\n|upkeep\n|turn|13\n|\n|t:|1700394017\n|move|p1a: Kyurem|Blizzard|p2a: Zapdos\n|-damage|p2a: Zapdos|23\/100\n|move|p2a: Zapdos|Discharge|p1a: Kyurem\n|-resisted|p1a: Kyurem\n|-damage|p1a: Kyurem|61\/100\n|-status|p1a: Kyurem|par\n|\n|-weather|Snow|[upkeep]\n|upkeep\n|turn|14\n|\n|t:|1700394024\n|move|p2a: Zapdos|Roost|p2a: Zapdos\n|-heal|p2a: Zapdos|73\/100\n|move|p1a: Kyurem|Blizzard|p2a: Zapdos\n|-damage|p2a: Zapdos|17\/100\n|\n|-weather|Snow|[upkeep]\n|upkeep\n|turn|15\n|\n|t:|1700394033\n|move|p2a: Zapdos|Roost|p2a: Zapdos\n|-heal|p2a: Zapdos|67\/100\n|move|p1a: Kyurem|Blizzard|p2a: Zapdos\n|-damage|p2a: Zapdos|7\/100\n|\n|-weather|Snow|[upkeep]\n|upkeep\n|turn|16\n|\n|t:|1700394046\n|move|p2a: Zapdos|Defog|p1a: Kyurem\n|-unboost|p1a: Kyurem|evasion|1\n|-sideend|p2: ChoiceScarface|Spikes|[from] move: Defog|[of] p2a: Zapdos\n|move|p1a: Kyurem|Blizzard|p2a: Zapdos\n|-damage|p2a: Zapdos|0 fnt\n|faint|p2a: Zapdos\n|\n|-weather|none\n|upkeep\n|inactive|ChoiceScarface has 120 seconds left.\n|\n|t:|1700394063\n|switch|p2a: Tauros|Tauros, M|88\/100\n|turn|17\n|\n|t:|1700394070\n|move|p2a: Tauros|Ice Beam|p1a: Kyurem\n|-damage|p1a: Kyurem|46\/100 par\n|move|p1a: Kyurem|Blizzard|p2a: Tauros|[miss]\n|-miss|p1a: Kyurem|p2a: Tauros\n|\n|upkeep\n|turn|18\n|inactive|ChoiceScarface has 120 seconds left.\n|\n|t:|1700394085\n|switch|p1a: Ferrothorn|Ferrothorn, M|98\/100\n|move|p2a: Tauros|Body Slam|p1a: Ferrothorn\n|-resisted|p1a: Ferrothorn\n|-damage|p1a: Ferrothorn|79\/100\n|-damage|p2a: Tauros|76\/100|[from] ability: Iron Barbs|[of] p1a: Ferrothorn\n|\n|-heal|p1a: Ferrothorn|85\/100|[from] item: Leftovers\n|upkeep\n|turn|19\n|\n|t:|1700394092\n|move|p2a: Tauros|Ice Beam|p1a: Ferrothorn\n|-damage|p1a: Ferrothorn|70\/100\n|move|p1a: Ferrothorn|Spikes|p2a: Tauros\n|-sidestart|p2: ChoiceScarface|Spikes\n|\n|-heal|p1a: Ferrothorn|76\/100|[from] item: Leftovers\n|upkeep\n|turn|20\n|\n|t:|1700394099\n|switch|p2a: Gyarados|Gyarados, M, shiny|100\/100\n|-ability|p2a: Gyarados|Intimidate|boost\n|-unboost|p1a: Ferrothorn|atk|1\n|move|p1a: Ferrothorn|Spikes|p2a: Gyarados\n|-sidestart|p2: ChoiceScarface|Spikes\n|\n|-heal|p1a: Ferrothorn|82\/100|[from] item: Leftovers\n|upkeep\n|turn|21\n|\n|t:|1700394104\n|move|p2a: Gyarados|Dragon Dance|p2a: Gyarados\n|-boost|p2a: Gyarados|atk|1\n|-boost|p2a: Gyarados|spe|1\n|move|p1a: Ferrothorn|Thunder Wave|p2a: Gyarados\n|-status|p2a: Gyarados|par\n|\n|-heal|p1a: Ferrothorn|88\/100|[from] item: Leftovers\n|upkeep\n|turn|22\n|\n|t:|1700394113\n|detailschange|p2a: Gyarados|Gyarados-Mega, M, shiny\n|-mega|p2a: Gyarados|Gyarados|Gyaradosite\n|-ability|p2a: Gyarados|Mold Breaker\n|cant|p2a: Gyarados|par\n|move|p1a: Ferrothorn|Leech Seed|p2a: Gyarados\n|-start|p2a: Gyarados|move: Leech Seed\n|\n|-heal|p1a: Ferrothorn|94\/100|[from] item: Leftovers\n|-damage|p2a: Gyarados|88\/100 par|[from] Leech Seed|[of] p1a: Ferrothorn\n|-heal|p1a: Ferrothorn|100\/100|[silent]\n|upkeep\n|turn|23\n|\n|t:|1700394120\n|cant|p2a: Gyarados|par\n|move|p1a: Ferrothorn|Spikes|p2a: Gyarados\n|-sidestart|p2: ChoiceScarface|Spikes\n|\n|-damage|p2a: Gyarados|76\/100 par|[from] Leech Seed|[of] p1a: Ferrothorn\n|upkeep\n|turn|24\n|\n|t:|1700394124\n|cant|p2a: Gyarados|par\n|move|p1a: Ferrothorn|Knock Off|p2a: Gyarados\n|-resisted|p2a: Gyarados\n|-crit|p2a: Gyarados\n|-damage|p2a: Gyarados|66\/100 par\n|\n|-damage|p2a: Gyarados|53\/100 par|[from] Leech Seed|[of] p1a: Ferrothorn\n|upkeep\n|turn|25\n|\n|t:|1700394131\n|cant|p2a: Gyarados|par\n|move|p1a: Ferrothorn|Knock Off|p2a: Gyarados\n|-resisted|p2a: Gyarados\n|-damage|p2a: Gyarados|48\/100 par\n|\n|-damage|p2a: Gyarados|36\/100 par|[from] Leech Seed|[of] p1a: Ferrothorn\n|upkeep\n|turn|26\n|\n|t:|1700394136\n|move|p2a: Gyarados|Earthquake|p1a: Ferrothorn\n|-damage|p1a: Ferrothorn|60\/100\n|move|p1a: Ferrothorn|Knock Off|p2a: Gyarados\n|-resisted|p2a: Gyarados\n|-damage|p2a: Gyarados|31\/100 par\n|\n|-heal|p1a: Ferrothorn|66\/100|[from] item: Leftovers\n|-damage|p2a: Gyarados|19\/100 par|[from] Leech Seed|[of] p1a: Ferrothorn\n|-heal|p1a: Ferrothorn|78\/100|[silent]\n|upkeep\n|turn|27\n|-message|ChoiceScarface forfeited.\n|\n|win|ccjh14\n|raw|ccjh14's rating: 1263 &rarr; <strong>1282<\/strong><br \/>(+19 for winning)\n|raw|ChoiceScarface's rating: 1185 &rarr; <strong>1166<\/strong><br \/>(-19 for losing)\n|l|\u2606ChoiceScarface\n","uploadtime":1700394148,"views":13,"p1id":"ccjh14","p2id":"choicescarface","formatid":"gen9nationaldex","rating":1166,"private":0,"password":""}