{"id":"gen9nationaldex-1998632518","p1":"Danwine","p2":"WSoldat","format":"[Gen 9] National Dex","log":"|html|<div class=\"broadcast-blue\"><strong>[Gen 9] National Dex is currently suspecting Sneasler! For information on how to participate check out the <a href=\"https:\/\/www.smogon.com\/forums\/threads\/sv-national-dex-suspect-8-just-dance.3731534\/\">suspect thread<\/a>.<\/strong><\/div>\n|j|\u2606Danwine\n|j|\u2606WSoldat\n|t:|1700965393\n|gametype|singles\n|player|p1|Danwine|brycen|\n|player|p2|WSoldat|n|\n|teamsize|p1|6\n|teamsize|p2|6\n|gen|9\n|tier|[Gen 9] National Dex\n|rule|HP Percentage Mod: HP is shown in percentages\n|rule|Endless Battle Clause: Forcing endless battles is banned\n|rule|OHKO Clause: OHKO moves are banned\n|rule|Evasion Clause: Evasion abilities, items, and moves are banned\n|rule|Evasion Abilities Clause: Evasion abilities are banned\n|rule|Evasion Items Clause: Evasion items are banned\n|rule|Evasion Moves Clause: Evasion moves are banned\n|rule|Species Clause: Limit one of each Pok\u00e9mon\n|rule|Sleep Clause Mod: Limit one foe put to sleep\n|clearpoke\n|poke|p1|Volcarona, M|\n|poke|p1|Bellibolt, F|\n|poke|p1|Sinistcha-Masterpiece|\n|poke|p1|Garganacl, F|\n|poke|p1|Ninetales-Alola, M|\n|poke|p1|Rotom-Wash|\n|poke|p2|Dragonite, M|\n|poke|p2|Hydreigon, M|\n|poke|p2|Garchomp, M|\n|poke|p2|Goodra-Hisui, M|\n|poke|p2|Corviknight, M|\n|poke|p2|Duraludon, M|\n|teampreview\n|j| Sai4rr\n|c|\u2606WSoldat|Que sea rapido\n|l| Sai4rr\n|j| Gamer00ooO\n|j| Sylveon(404)\n|c| Gamer00ooO|Hola\n|\n|t:|1700965465\n|start\n|switch|p1a: Dalia|Ninetales-Alola, M|100\/100\n|switch|p2a: HoraDeGarchar|Garchomp, M, shiny|100\/100\n|-weather|Snow|[from] ability: Snow Warning|[of] p1a: Dalia\n|turn|1\n|c|\u2606Danwine|Pa que pasas el link pipipi\n|j| PeppsiAsiEs\n|c| PeppsiAsiEs|homosexual de las monta\u00f1as\n|\n|t:|1700965479\n|move|p1a: Dalia|Aurora Veil|p1a: Dalia\n|-sidestart|p1: Danwine|move: Aurora Veil\n|move|p2a: HoraDeGarchar|Stealth Rock|p1a: Dalia\n|-sidestart|p1: Danwine|move: Stealth Rock\n|\n|-weather|Snow|[upkeep]\n|upkeep\n|turn|2\n|\n|t:|1700965486\n|move|p1a: Dalia|Nasty Plot|p1a: Dalia\n|-boost|p1a: Dalia|spa|2\n|move|p2a: HoraDeGarchar|Spikes|p1a: Dalia\n|-sidestart|p1: Danwine|Spikes\n|\n|-weather|Snow|[upkeep]\n|upkeep\n|turn|3\n|c| PeppsiAsiEs|uffffffffffffffff\n|\n|t:|1700965494\n|move|p1a: Dalia|Freeze-Dry|p2a: HoraDeGarchar\n|-supereffective|p2a: HoraDeGarchar\n|-damage|p2a: HoraDeGarchar|0 fnt\n|faint|p2a: HoraDeGarchar\n|\n|-weather|Snow|[upkeep]\n|upkeep\n|j| Sai4rr\n|c| Sylveon(404)|chau hora de garchar\n|\n|t:|1700965501\n|switch|p2a: Babo SA .Inc|Goodra-Hisui, M, shiny|100\/100\n|turn|4\n|c| Sai4rr|Mucho acero en el equipo de Der\n|\n|t:|1700965516\n|switch|p1a: Rotom|Rotom-Wash|100\/100\n|-damage|p1a: Rotom|88\/100|[from] Stealth Rock\n|move|p2a: Babo SA .Inc|Knock Off|p1a: Rotom\n|-damage|p1a: Rotom|80\/100\n|-enditem|p1a: Rotom|Choice Scarf|[from] move: Knock Off|[of] p2a: Babo SA .Inc\n|\n|-weather|Snow|[upkeep]\n|upkeep\n|turn|5\n|c| PeppsiAsiEs|no mames\n|c| Gamer00ooO|Literal\n|c|\u2606WSoldat|Hiz lo que debia\n|c| PeppsiAsiEs|tienes como 5 atacantes especiales\n|c| PeppsiAsiEs|ya perdiste\n|c| PeppsiAsiEs|dan\n|c| Sylveon(404)|XD\n|c| Sylveon(404)|gaygaynalc le carrea\n|\n|t:|1700965547\n|move|p1a: Rotom|Defog|p2a: Babo SA .Inc\n|-unboost|p2a: Babo SA .Inc|evasion|1\n|-sideend|p1: Danwine|Spikes|[from] move: Defog|[of] p1a: Rotom\n|-sideend|p1: Danwine|Stealth Rock|[from] move: Defog|[of] p1a: Rotom\n|move|p2a: Babo SA .Inc|Knock Off|p1a: Rotom\n|-damage|p1a: Rotom|74\/100\n|\n|-weather|none\n|upkeep\n|turn|6\n|c|\u2606Danwine|No se cu\u00e1les son atacantes f\u00edsicos\n|c| Sylveon(404)|como pega ese desarme a la mrd\n|c|\u2606WSoldat|Lpm\n|c| PeppsiAsiEs|ohno\n|c| PeppsiAsiEs|traumas de vietnam\n|c|\u2606WSoldat|Le dibi poner rayo\n|c| Sylveon(404)|xd\n|c|\u2606WSoldat|En des de flash cannon xd\n|\n|t:|1700965594\n|move|p1a: Rotom|Trick|p2a: Babo SA .Inc\n|-activate|p1a: Rotom|move: Trick|[of] p2a: Babo SA .Inc\n|-enditem|p2a: Babo SA .Inc|Assault Vest|[silent]|[from] move: Trick\n|-item|p1a: Rotom|Assault Vest|[from] move: Trick\n|move|p2a: Babo SA .Inc|Flash Cannon|p1a: Rotom\n|-resisted|p1a: Rotom\n|-damage|p1a: Rotom|72\/100\n|\n|upkeep\n|turn|7\n|c| PeppsiAsiEs|top set del meta rayo\n|c| Sylveon(404)|OOOOOOOOO\n|c| Sylveon(404)|chau chaleco\n|c| PeppsiAsiEs|valio semen\n|c|\u2606WSoldat|Hdp dan me la vas a pagar\n|\n|t:|1700965634\n|move|p1a: Rotom|Volt Switch|p2a: Babo SA .Inc\n|-resisted|p2a: Babo SA .Inc\n|-crit|p2a: Babo SA .Inc\n|-damage|p2a: Babo SA .Inc|91\/100\n|\n|t:|1700965639\n|switch|p1a: Aguadios|Bellibolt, F|100\/100|[from] Volt Switch\n|move|p2a: Babo SA .Inc|Flash Cannon|p1a: Aguadios\n|-resisted|p1a: Aguadios\n|-damage|p1a: Aguadios|96\/100\n|-start|p1a: Aguadios|Charge|Flash Cannon|[from] ability: Electromorphosis\n|\n|upkeep\n|turn|8\n|c| Sylveon(404)|y critico\n|c| Sylveon(404)|lol\n|c| Sylveon(404)|ESA RANA DEL MAL\n|c| Sylveon(404)|HACELA POLVO\n|\n|t:|1700965663\n|move|p2a: Babo SA .Inc|Knock Off|p1a: Aguadios\n|-damage|p1a: Aguadios|86\/100\n|-start|p1a: Aguadios|Charge|Knock Off|[from] ability: Electromorphosis\n|-enditem|p1a: Aguadios|Assault Vest|[from] move: Knock Off|[of] p2a: Babo SA .Inc\n|move|p1a: Aguadios|Thunderbolt|p2a: Babo SA .Inc\n|-resisted|p2a: Babo SA .Inc\n|-damage|p2a: Babo SA .Inc|68\/100\n|-status|p2a: Babo SA .Inc|par\n|-end|p1a: Aguadios|Charge|[silent]\n|\n|-sideend|p1: Danwine|move: Aurora Veil\n|upkeep\n|turn|9\n|c| Sylveon(404)|y esas haxeadas dan??\n|c| PeppsiAsiEs|saco a su carry del team\n|c| Gamer00ooO|Quien los dir\u00eda\n|j| insipido\n|c|\u2606Danwine|Mi carry no era garganacl?\n|c| PeppsiAsiEs|al gaygaynacl me lo follo\n|c| insipido|Vamos Pure Vessel\n|\n|t:|1700965720\n|move|p1a: Aguadios|Thunderbolt|p2a: Babo SA .Inc\n|-resisted|p2a: Babo SA .Inc\n|-damage|p2a: Babo SA .Inc|57\/100 par\n|move|p2a: Babo SA .Inc|Draco Meteor|p1a: Aguadios\n|-damage|p1a: Aguadios|37\/100\n|-unboost|p2a: Babo SA .Inc|spa|2\n|-start|p1a: Aguadios|Charge|Draco Meteor|[from] ability: Electromorphosis\n|\n|upkeep\n|turn|10\n|c| insipido|Por la patria!\n|\n|t:|1700965730\n|move|p1a: Aguadios|Parabolic Charge|p2a: Babo SA .Inc\n|-resisted|p2a: Babo SA .Inc\n|-damage|p2a: Babo SA .Inc|39\/100 par\n|-heal|p1a: Aguadios|45\/100|[from] drain|[of] p2a: Babo SA .Inc\n|-end|p1a: Aguadios|Charge|[silent]\n|move|p2a: Babo SA .Inc|Draco Meteor|p1a: Aguadios\n|-damage|p1a: Aguadios|20\/100\n|-unboost|p2a: Babo SA .Inc|spa|2\n|-start|p1a: Aguadios|Charge|Draco Meteor|[from] ability: Electromorphosis\n|\n|upkeep\n|turn|11\n|c| PeppsiAsiEs|UFFFFFFF\n|\n|t:|1700965742\n|move|p1a: Aguadios|Parabolic Charge|p2a: Babo SA .Inc\n|-resisted|p2a: Babo SA .Inc\n|-damage|p2a: Babo SA .Inc|22\/100 par\n|-heal|p1a: Aguadios|27\/100|[from] drain|[of] p2a: Babo SA .Inc\n|-end|p1a: Aguadios|Charge|[silent]\n|cant|p2a: Babo SA .Inc|par\n|\n|upkeep\n|turn|12\n|c| Sylveon(404)|aguadios morite\n|\n|t:|1700965758\n|switch|p2a: Lernea|Hydreigon, M, shiny|100\/100\n|move|p1a: Aguadios|Parabolic Charge|p2a: Lernea\n|-resisted|p2a: Lernea\n|-damage|p2a: Lernea|81\/100\n|-heal|p1a: Aguadios|34\/100|[from] drain|[of] p2a: Lernea\n|\n|upkeep\n|turn|13\n|\n|t:|1700965775\n|switch|p1a: Dalia|Ninetales-Alola, M|100\/100\n|-weather|Snow|[from] ability: Snow Warning|[of] p1a: Dalia\n|move|p2a: Lernea|Nasty Plot|p2a: Lernea\n|-boost|p2a: Lernea|spa|2\n|\n|-weather|Snow|[upkeep]\n|upkeep\n|turn|14\n|c|\u2606Danwine|Es como el hydreigon de arlo?\n|c| PeppsiAsiEs|NO LO HAGAS GEORGIE!\n|c|\u2606Danwine|Si es as\u00ed ya vali\u00f3\n|\n|t:|1700965808\n|switch|p2a: Babo SA .Inc|Goodra-Hisui, M, shiny|22\/100 par\n|move|p1a: Dalia|Moonblast|p2a: Babo SA .Inc\n|-damage|p2a: Babo SA .Inc|4\/100 par\n|\n|-weather|Snow|[upkeep]\n|upkeep\n|turn|15\n|c| Sylveon(404)|q\n|\n|t:|1700965817\n|move|p1a: Dalia|Freeze-Dry|p2a: Babo SA .Inc\n|-damage|p2a: Babo SA .Inc|0 fnt\n|faint|p2a: Babo SA .Inc\n|\n|-weather|Snow|[upkeep]\n|upkeep\n|\n|t:|1700965828\n|switch|p2a: DuraNalgon|Duraludon, M|100\/100\n|turn|16\n|c| Sylveon(404)|?????????????????????????????????????????????????????????????????????????????????????????????????????????????????????????????????????????????????????\n|\n|t:|1700965836\n|move|p2a: DuraNalgon|Flash Cannon|p1a: Dalia\n|-supereffective|p1a: Dalia\n|-damage|p1a: Dalia|0 fnt\n|faint|p1a: Dalia\n|\n|-weather|Snow|[upkeep]\n|upkeep\n|c| insipido|DuraGOD\n|\n|t:|1700965849\n|switch|p1a: Rotom|Rotom-Wash|72\/100\n|turn|17\n|c| Sai4rr|Duranalgon carry\n|\n|t:|1700965861\n|switch|p2a: Lernea|Hydreigon, M, shiny|81\/100\n|move|p1a: Rotom|Volt Switch|p2a: Lernea\n|-resisted|p2a: Lernea\n|-damage|p2a: Lernea|66\/100\n|\n|t:|1700965869\n|switch|p1a: Barb|Volcarona, M, shiny|100\/100|[from] Volt Switch\n|\n|-weather|none\n|upkeep\n|turn|18\n|\n|t:|1700965896\n|move|p2a: Lernea|Earth Power|p1a: Barb\n|-damage|p1a: Barb|63\/100\n|-damage|p2a: Lernea|57\/100|[from] item: Life Orb\n|move|p1a: Barb|Bug Buzz|p2a: Lernea\n|-supereffective|p2a: Lernea\n|-damage|p2a: Lernea|0 fnt\n|faint|p2a: Lernea\n|\n|upkeep\n|c| Sylveon(404)|RIPPPPPPPPP\n|c| Sai4rr|oooOOOoOooOoooooOOooo\n|\n|t:|1700965911\n|switch|p2a: DuraNalgon|Duraludon, M|100\/100\n|turn|19\n|c| Sai4rr|El femboy te va a ganar\n|\n|t:|1700965919\n|move|p2a: DuraNalgon|Draco Meteor|p1a: Barb\n|-damage|p1a: Barb|7\/100\n|-unboost|p2a: DuraNalgon|spa|2\n|move|p1a: Barb|Fiery Dance|p2a: DuraNalgon\n|-damage|p2a: DuraNalgon|11\/100\n|-boost|p1a: Barb|spa|1\n|\n|upkeep\n|turn|20\n|\n|t:|1700965933\n|move|p2a: DuraNalgon|Draco Meteor|p1a: Barb\n|-damage|p1a: Barb|0 fnt\n|-unboost|p2a: DuraNalgon|spa|2\n|faint|p1a: Barb\n|\n|upkeep\n|\n|t:|1700965942\n|switch|p1a: Rotom|Rotom-Wash|72\/100\n|turn|21\n|c|\u2606Danwine|Sai si por tu culpa me papea tu sigues\n|\n|t:|1700965961\n|switch|p2a: Carlos Emanuel III|Corviknight, M, shiny|100\/100\n|move|p1a: Rotom|Volt Switch|p2a: Carlos Emanuel III\n|-supereffective|p2a: Carlos Emanuel III\n|-damage|p2a: Carlos Emanuel III|49\/100\n|\n|t:|1700965967\n|switch|p1a: Garganacl|Garganacl, F|100\/100|[from] Volt Switch\n|\n|upkeep\n|turn|22\n|\n|t:|1700965982\n|-terastallize|p1a: Garganacl|Ghost\n|move|p2a: Carlos Emanuel III|Body Press|p1a: Garganacl\n|-immune|p1a: Garganacl\n|move|p1a: Garganacl|Salt Cure|p2a: Carlos Emanuel III\n|-damage|p2a: Carlos Emanuel III|40\/100\n|-start|p2a: Carlos Emanuel III|Salt Cure\n|\n|-damage|p2a: Carlos Emanuel III|16\/100|[from] Salt Cure\n|upkeep\n|turn|23\n|c| Sai4rr|Gayganacl\n|c| Sylveon(404)|gaygaynalc\n|\n|t:|1700965994\n|move|p2a: Carlos Emanuel III|Brave Bird|p1a: Garganacl\n|-damage|p1a: Garganacl|76\/100\n|-damage|p2a: Carlos Emanuel III|8\/100|[from] Recoil\n|move|p1a: Garganacl|Iron Defense|p1a: Garganacl\n|-boost|p1a: Garganacl|def|2\n|\n|-heal|p1a: Garganacl|83\/100|[from] item: Leftovers\n|-damage|p2a: Carlos Emanuel III|0 fnt|[from] Salt Cure\n|faint|p2a: Carlos Emanuel III\n|upkeep\n|\n|t:|1700966008\n|switch|p2a: DuraNalgon|Duraludon, M|11\/100\n|turn|24\n|c| Sylveon(404)|duranalgon carry\n|\n|t:|1700966016\n|move|p2a: DuraNalgon|Draco Meteor|p1a: Garganacl\n|-damage|p1a: Garganacl|40\/100\n|-unboost|p2a: DuraNalgon|spa|2\n|move|p1a: Garganacl|Recover|p1a: Garganacl\n|-heal|p1a: Garganacl|90\/100\n|\n|-heal|p1a: Garganacl|97\/100|[from] item: Leftovers\n|upkeep\n|turn|25\n|c| Sylveon(404)|NO TIENE DARK PULSE?\n|c| Sylveon(404)|pecado\n|\n|t:|1700966029\n|move|p2a: DuraNalgon|Draco Meteor|p1a: Garganacl\n|-damage|p1a: Garganacl|77\/100\n|-unboost|p2a: DuraNalgon|spa|2\n|move|p1a: Garganacl|Body Press|p2a: DuraNalgon\n|-supereffective|p2a: DuraNalgon\n|-damage|p2a: DuraNalgon|0 fnt\n|faint|p2a: DuraNalgon\n|\n|-heal|p1a: Garganacl|83\/100|[from] item: Leftovers\n|upkeep\n|c| Sylveon(404)|GG\n|c| Sai4rr|Gg\n|\n|t:|1700966041\n|switch|p2a: Barney|Dragonite, M|100\/100\n|turn|26\n|c| Gamer00ooO|Gg\n|\n|t:|1700966048\n|move|p2a: Barney|Dragon Dance|p2a: Barney\n|-boost|p2a: Barney|atk|1\n|-boost|p2a: Barney|spe|1\n|move|p1a: Garganacl|Salt Cure|p2a: Barney\n|-supereffective|p2a: Barney\n|-damage|p2a: Barney|84\/100\n|-start|p2a: Barney|Salt Cure\n|-enditem|p2a: Barney|Weakness Policy\n|-boost|p2a: Barney|atk|2|[from] item: Weakness Policy\n|-boost|p2a: Barney|spa|2|[from] item: Weakness Policy\n|\n|-heal|p1a: Garganacl|89\/100|[from] item: Leftovers\n|-damage|p2a: Barney|72\/100|[from] Salt Cure\n|upkeep\n|turn|27\n|c| Sylveon(404)|OJOOOooooooooooooooooooooooooooOOOOOOOOOOo\n|\n|t:|1700966063\n|move|p2a: Barney|Earthquake|p1a: Garganacl\n|-damage|p1a: Garganacl|59\/100\n|move|p1a: Garganacl|Body Press|p2a: Barney\n|-resisted|p2a: Barney\n|-damage|p2a: Barney|47\/100\n|\n|-heal|p1a: Garganacl|66\/100|[from] item: Leftovers\n|-damage|p2a: Barney|34\/100|[from] Salt Cure\n|upkeep\n|turn|28\n|\n|t:|1700966074\n|move|p2a: Barney|Earthquake|p1a: Garganacl\n|-damage|p1a: Garganacl|34\/100\n|move|p1a: Garganacl|Recover|p1a: Garganacl\n|-heal|p1a: Garganacl|84\/100\n|\n|-heal|p1a: Garganacl|90\/100|[from] item: Leftovers\n|-damage|p2a: Barney|22\/100|[from] Salt Cure\n|upkeep\n|turn|29\n|c| Sai4rr|No creo\n|\n|t:|1700966090\n|move|p2a: Barney|Earthquake|p1a: Garganacl\n|-damage|p1a: Garganacl|58\/100\n|move|p1a: Garganacl|Recover|p1a: Garganacl\n|-heal|p1a: Garganacl|100\/100\n|\n|-damage|p2a: Barney|9\/100|[from] Salt Cure\n|upkeep\n|turn|30\n|c| Sylveon(404)|GG\n|\n|t:|1700966099\n|move|p2a: Barney|Earthquake|p1a: Garganacl\n|-damage|p1a: Garganacl|71\/100\n|move|p1a: Garganacl|Body Press|p2a: Barney\n|-resisted|p2a: Barney\n|-damage|p2a: Barney|0 fnt\n|faint|p2a: Barney\n|\n|win|Danwine\n|c| Gamer00ooO|Gg\n|c| Sai4rr|Gg\n|c|\u2606Danwine|Gg\n|l| Sai4rr\n|l|\u2606WSoldat\n","uploadtime":1700966109,"views":7,"p1id":"danwine","p2id":"wsoldat","formatid":"gen9nationaldex","rating":0,"private":0,"password":""}