{"id":"gen9nationaldex-1998240856","p1":"ilovebacom","p2":"SrPorquet","format":"[Gen 9] National Dex","log":"|html|<div class=\"broadcast-blue\"><strong>[Gen 9] National Dex is currently suspecting Sneasler! For information on how to participate check out the <a href=\"https:\/\/www.smogon.com\/forums\/threads\/sv-national-dex-suspect-8-just-dance.3731534\/\">suspect thread<\/a>.<\/strong><\/div>\n|j|\u2606ilovebacom\n|j|\u203dSrPorquet\n|t:|1700918390\n|gametype|singles\n|player|p1|ilovebacom|cyclist-gen4|1040\n|player|p2|SrPorquet|falkner|1155\n|teamsize|p1|6\n|teamsize|p2|6\n|gen|9\n|tier|[Gen 9] National Dex\n|rated|\n|rule|HP Percentage Mod: HP is shown in percentages\n|rule|Endless Battle Clause: Forcing endless battles is banned\n|rule|OHKO Clause: OHKO moves are banned\n|rule|Evasion Clause: Evasion abilities, items, and moves are banned\n|rule|Evasion Abilities Clause: Evasion abilities are banned\n|rule|Evasion Items Clause: Evasion items are banned\n|rule|Evasion Moves Clause: Evasion moves are banned\n|rule|Species Clause: Limit one of each Pok\u00e9mon\n|rule|Sleep Clause Mod: Limit one foe put to sleep\n|clearpoke\n|poke|p1|Torkoal, M|\n|poke|p1|Slowbro, M|\n|poke|p1|Venusaur, M|\n|poke|p1|Charizard, F|\n|poke|p1|Garchomp, F|\n|poke|p1|Magnezone|\n|poke|p2|Goodra-Hisui, M|\n|poke|p2|Wyrdeer, M|\n|poke|p2|Leavanny, F|\n|poke|p2|Avalugg, M|\n|poke|p2|Togekiss, M|\n|poke|p2|Floatzel, M|\n|teampreview\n|\n|t:|1700918425\n|start\n|switch|p1a: Torkoal|Torkoal, M|100\/100\n|switch|p2a: Togekiss|Togekiss, M|100\/100\n|-weather|SunnyDay|[from] ability: Drought|[of] p1a: Torkoal\n|turn|1\n|\n|t:|1700918439\n|switch|p1a: Magnezone|Magnezone|100\/100\n|move|p2a: Togekiss|Air Slash|p1a: Magnezone\n|-resisted|p1a: Magnezone\n|-damage|p1a: Magnezone|95\/100\n|\n|-weather|SunnyDay|[upkeep]\n|upkeep\n|turn|2\n|\n|t:|1700918448\n|switch|p2a: Goodra|Goodra-Hisui, M|100\/100\n|move|p1a: Magnezone|Flash Cannon|p2a: Goodra\n|-resisted|p2a: Goodra\n|-damage|p2a: Goodra|86\/100\n|\n|-weather|SunnyDay|[upkeep]\n|-heal|p2a: Goodra|92\/100|[from] item: Leftovers\n|upkeep\n|turn|3\n|\n|t:|1700918457\n|move|p1a: Magnezone|Hidden Power|p2a: Goodra\n|-damage|p2a: Goodra|70\/100\n|move|p2a: Goodra|Fire Blast|p1a: Magnezone\n|-supereffective|p1a: Magnezone\n|-damage|p1a: Magnezone|21\/100\n|\n|-weather|SunnyDay|[upkeep]\n|-heal|p2a: Goodra|76\/100|[from] item: Leftovers\n|upkeep\n|turn|4\n|\n|t:|1700918469\n|switch|p1a: Garchomp|Garchomp, F|100\/100\n|move|p2a: Goodra|Dragon Pulse|p1a: Garchomp\n|-supereffective|p1a: Garchomp\n|-crit|p1a: Garchomp\n|-damage|p1a: Garchomp|0 fnt\n|faint|p1a: Garchomp\n|\n|-weather|SunnyDay|[upkeep]\n|-heal|p2a: Goodra|82\/100|[from] item: Leftovers\n|upkeep\n|\n|t:|1700918484\n|switch|p1a: Charizard|Charizard, F|100\/100\n|turn|5\n|\n|t:|1700918505\n|move|p1a: Charizard|Scorching Sands|p2a: Goodra\n|-supereffective|p2a: Goodra\n|-damage|p2a: Goodra|17\/100\n|move|p2a: Goodra|Dragon Pulse|p1a: Charizard\n|-damage|p1a: Charizard|50\/100\n|\n|-weather|SunnyDay|[upkeep]\n|-damage|p1a: Charizard|38\/100|[from] ability: Solar Power|[of] p1a: Charizard\n|-heal|p2a: Goodra|23\/100|[from] item: Leftovers\n|upkeep\n|turn|6\n|\n|t:|1700918518\n|switch|p2a: Floatzel|Floatzel, M|100\/100\n|move|p1a: Charizard|Scorching Sands|p2a: Floatzel\n|-crit|p2a: Floatzel\n|-damage|p2a: Floatzel|0 fnt\n|faint|p2a: Floatzel\n|\n|-weather|SunnyDay|[upkeep]\n|-damage|p1a: Charizard|25\/100|[from] ability: Solar Power|[of] p1a: Charizard\n|upkeep\n|\n|t:|1700918537\n|switch|p2a: Wyrdeer|Wyrdeer, M|100\/100\n|-ability|p2a: Wyrdeer|Intimidate|boost\n|-unboost|p1a: Charizard|atk|1\n|turn|7\n|\n|t:|1700918553\n|move|p1a: Charizard|Scorching Sands|p2a: Wyrdeer\n|-damage|p2a: Wyrdeer|41\/100\n|-status|p2a: Wyrdeer|brn\n|move|p2a: Wyrdeer|Double-Edge|p1a: Charizard\n|-damage|p1a: Charizard|0 fnt\n|faint|p1a: Charizard\n|-damage|p2a: Wyrdeer|35\/100 brn|[from] Recoil\n|\n|-weather|SunnyDay|[upkeep]\n|-damage|p2a: Wyrdeer|29\/100 brn|[from] brn\n|upkeep\n|\n|t:|1700918572\n|switch|p1a: Magnezone|Magnezone|21\/100\n|turn|8\n|\n|t:|1700918577\n|move|p2a: Wyrdeer|Earthquake|p1a: Magnezone\n|-supereffective|p1a: Magnezone\n|-damage|p1a: Magnezone|0 fnt\n|faint|p1a: Magnezone\n|\n|-weather|none\n|-damage|p2a: Wyrdeer|22\/100 brn|[from] brn\n|upkeep\n|-enditem|p2a: Wyrdeer|Aguav Berry|[eat]\n|-heal|p2a: Wyrdeer|56\/100 brn|[from] item: Aguav Berry\n|\n|t:|1700918585\n|switch|p1a: Torkoal|Torkoal, M|100\/100\n|-weather|SunnyDay|[from] ability: Drought|[of] p1a: Torkoal\n|turn|9\n|\n|t:|1700918597\n|switch|p2a: Leavanny|Leavanny, F|100\/100\n|move|p1a: Torkoal|Lava Plume|p2a: Leavanny\n|-supereffective|p2a: Leavanny\n|-enditem|p2a: Leavanny|Focus Sash\n|-damage|p2a: Leavanny|1\/100\n|\n|-weather|SunnyDay|[upkeep]\n|upkeep\n|turn|10\n|\n|t:|1700918622\n|move|p2a: Leavanny|Sticky Web|p1a: Torkoal\n|-sidestart|p1: ilovebacom|move: Sticky Web\n|move|p1a: Torkoal|Lava Plume|p2a: Leavanny\n|-supereffective|p2a: Leavanny\n|-damage|p2a: Leavanny|0 fnt\n|faint|p2a: Leavanny\n|\n|-weather|SunnyDay|[upkeep]\n|upkeep\n|\n|t:|1700918632\n|switch|p2a: Togekiss|Togekiss, M|100\/100\n|turn|11\n|\n|t:|1700918645\n|move|p2a: Togekiss|Air Slash|p1a: Torkoal\n|-damage|p1a: Torkoal|57\/100\n|move|p1a: Torkoal|Yawn|p2a: Togekiss\n|-start|p2a: Togekiss|move: Yawn|[of] p1a: Torkoal\n|\n|-weather|SunnyDay|[upkeep]\n|upkeep\n|turn|12\n|\n|t:|1700918658\n|switch|p2a: Avalugg|Avalugg, M|100\/100\n|move|p1a: Torkoal|Lava Plume|p2a: Avalugg\n|-supereffective|p2a: Avalugg\n|-ability|p2a: Avalugg|Sturdy\n|-damage|p2a: Avalugg|1\/100\n|\n|-weather|SunnyDay|[upkeep]\n|upkeep\n|turn|13\n|\n|t:|1700918667\n|move|p2a: Avalugg|Earthquake|p1a: Torkoal\n|-supereffective|p1a: Torkoal\n|-damage|p1a: Torkoal|19\/100\n|move|p1a: Torkoal|Lava Plume|p2a: Avalugg\n|-supereffective|p2a: Avalugg\n|-damage|p2a: Avalugg|0 fnt\n|faint|p2a: Avalugg\n|\n|-weather|SunnyDay|[upkeep]\n|upkeep\n|\n|t:|1700918679\n|switch|p2a: Togekiss|Togekiss, M|100\/100\n|turn|14\n|\n|t:|1700918689\n|move|p2a: Togekiss|Air Slash|p1a: Torkoal\n|-damage|p1a: Torkoal|0 fnt\n|faint|p1a: Torkoal\n|\n|-weather|SunnyDay|[upkeep]\n|upkeep\n|\n|t:|1700918697\n|switch|p1a: Slowbro|Slowbro, M|100\/100\n|-activate|p1a: Slowbro|move: Sticky Web\n|-unboost|p1a: Slowbro|spe|1\n|turn|15\n|\n|t:|1700918706\n|detailschange|p1a: Slowbro|Slowbro-Mega, M\n|-mega|p1a: Slowbro|Slowbro|Slowbronite\n|move|p2a: Togekiss|Thunder Wave|p1a: Slowbro\n|-status|p1a: Slowbro|par\n|move|p1a: Slowbro|Calm Mind|p1a: Slowbro\n|-boost|p1a: Slowbro|spa|1\n|-boost|p1a: Slowbro|spd|1\n|\n|-weather|SunnyDay|[upkeep]\n|upkeep\n|turn|16\n|\n|t:|1700918714\n|move|p2a: Togekiss|Air Slash|p1a: Slowbro\n|-damage|p1a: Slowbro|78\/100 par\n|cant|p1a: Slowbro|flinch\n|\n|-weather|none\n|upkeep\n|turn|17\n|\n|t:|1700918721\n|move|p2a: Togekiss|Air Slash|p1a: Slowbro\n|-damage|p1a: Slowbro|55\/100 par\n|cant|p1a: Slowbro|flinch\n|\n|upkeep\n|turn|18\n|\n|t:|1700918725\n|move|p2a: Togekiss|Air Slash|p1a: Slowbro\n|-damage|p1a: Slowbro|30\/100 par\n|cant|p1a: Slowbro|flinch\n|\n|upkeep\n|turn|19\n|\n|t:|1700918730\n|move|p2a: Togekiss|Air Slash|p1a: Slowbro\n|-damage|p1a: Slowbro|5\/100 par\n|cant|p1a: Slowbro|par\n|\n|upkeep\n|turn|20\n|c|\u2606ilovebacom|bruh\n|\n|t:|1700918737\n|move|p2a: Togekiss|Dazzling Gleam|p1a: Slowbro\n|-damage|p1a: Slowbro|0 fnt\n|faint|p1a: Slowbro\n|\n|upkeep\n|\n|t:|1700918743\n|switch|p1a: Venusaur|Venusaur, M, shiny|100\/100\n|-activate|p1a: Venusaur|move: Sticky Web\n|-unboost|p1a: Venusaur|spe|1\n|turn|21\n|\n|t:|1700918756\n|-terastallize|p2a: Togekiss|Steel\n|move|p2a: Togekiss|Thunder Wave|p1a: Venusaur\n|-status|p1a: Venusaur|par\n|move|p1a: Venusaur|Solar Beam||[still]\n|-prepare|p1a: Venusaur|Solar Beam\n|\n|upkeep\n|turn|22\n|\n|t:|1700918769\n|move|p2a: Togekiss|Air Slash|p1a: Venusaur\n|-supereffective|p1a: Venusaur\n|-damage|p1a: Venusaur|21\/100 par\n|cant|p1a: Venusaur|flinch\n|\n|upkeep\n|turn|23\n|\n|t:|1700918777\n|move|p2a: Togekiss|Air Slash|p1a: Venusaur\n|-supereffective|p1a: Venusaur\n|-damage|p1a: Venusaur|0 fnt\n|faint|p1a: Venusaur\n|\n|win|SrPorquet\n|raw|ilovebacom's rating: 1040 &rarr; <strong>1029<\/strong><br \/>(-11 for losing)\n|raw|SrPorquet's rating: 1155 &rarr; <strong>1172<\/strong><br \/>(+17 for winning)\n","uploadtime":1700918781,"views":15,"p1id":"ilovebacom","p2id":"srporquet","formatid":"gen9nationaldex","rating":1029,"private":0,"password":""}