{"id":"gen9nationaldex-1988686156","p1":"PlasmaGruntTboltz","p2":"femboyu","format":"[Gen 9] National Dex","log":"|j|\u2606PlasmaGruntTboltz\n|j|\u2606femboyu\n|inactive|Battle timer is ON: inactive players will automatically lose when time's up.\n|t:|1699750549\n|gametype|singles\n|player|p1|PlasmaGruntTboltz|guzma|\n|player|p2|femboyu|102|\n|teamsize|p1|6\n|teamsize|p2|6\n|gen|9\n|tier|[Gen 9] National Dex\n|rated|Tournament battle\n|rule|HP Percentage Mod: HP is shown in percentages\n|rule|Endless Battle Clause: Forcing endless battles is banned\n|rule|OHKO Clause: OHKO moves are banned\n|rule|Evasion Clause: Evasion abilities, items, and moves are banned\n|rule|Evasion Abilities Clause: Evasion abilities are banned\n|rule|Evasion Items Clause: Evasion items are banned\n|rule|Evasion Moves Clause: Evasion moves are banned\n|rule|Species Clause: Limit one of each Pok\u00e9mon\n|rule|Sleep Clause Mod: Limit one foe put to sleep\n|clearpoke\n|poke|p1|Haxorus, M|\n|poke|p1|Hatterene, F|\n|poke|p1|Ogerpon-Cornerstone, F|\n|poke|p1|Aegislash, M|\n|poke|p1|Urshifu-*, M|\n|poke|p1|Charizard, M|\n|poke|p2|Cresselia, F|\n|poke|p2|Skarmory, M|\n|poke|p2|Toxapex, F|\n|poke|p2|Garganacl, M|\n|poke|p2|Gliscor, M|\n|poke|p2|Lopunny, F|\n|teampreview\n|inactive|PlasmaGruntTboltz also wants the timer to be on.\n|\n|t:|1699750571\n|start\n|switch|p1a: Urshifu|Urshifu-Rapid-Strike, M|100\/100\n|switch|p2a: Skarmory|Skarmory, M|100\/100\n|turn|1\n|c|\u2606PlasmaGruntTboltz|E l\u00e1 vamos n\u00f3s...\n|\n|t:|1699750576\n|move|p1a: Urshifu|U-turn|p2a: Skarmory\n|-resisted|p2a: Skarmory\n|-damage|p2a: Skarmory|97\/100\n|-damage|p1a: Urshifu|84\/100|[from] item: Rocky Helmet|[of] p2a: Skarmory\n|\n|t:|1699750585\n|switch|p1a: Hatterene|Hatterene, F|100\/100|[from] U-turn\n|move|p2a: Skarmory|Spikes|p1a: Hatterene\n|move|p1a: Hatterene|Spikes|p2a: Skarmory|[from]ability: Magic Bounce\n|-sidestart|p2: femboyu|Spikes\n|\n|upkeep\n|turn|2\n|j| eunaomeconheco\n|c| eunaomeconheco|a se fosse eu ae eu ja taria frito na hora\n|c| eunaomeconheco|de qualquer forma boa sorte eu vou e vazar kk\n|inactive|femboyu has 120 seconds left.\n|l| eunaomeconheco\n|\n|t:|1699750634\n|switch|p2a: Lopunny|Lopunny, F|100\/100\n|-damage|p2a: Lopunny|88\/100|[from] Spikes\n|move|p1a: Hatterene|Calm Mind|p1a: Hatterene\n|-boost|p1a: Hatterene|spa|1\n|-boost|p1a: Hatterene|spd|1\n|\n|upkeep\n|turn|3\n|inactive|femboyu has 90 seconds left.\n|\n|t:|1699750673\n|detailschange|p2a: Lopunny|Lopunny-Mega, F\n|-mega|p2a: Lopunny|Lopunny|Lopunnite\n|move|p2a: Lopunny|Fake Out|p1a: Hatterene\n|-damage|p1a: Hatterene|81\/100\n|cant|p1a: Hatterene|flinch\n|\n|-heal|p1a: Hatterene|88\/100|[from] item: Leftovers\n|upkeep\n|turn|4\n|\n|t:|1699750681\n|move|p2a: Lopunny|Return|p1a: Hatterene\n|-damage|p1a: Hatterene|42\/100\n|move|p1a: Hatterene|Draining Kiss|p2a: Lopunny\n|-supereffective|p2a: Lopunny\n|-damage|p2a: Lopunny|0 fnt\n|-heal|p1a: Hatterene|100\/100|[from] drain|[of] p2a: Lopunny\n|faint|p2a: Lopunny\n|\n|upkeep\n|c|\u2606PlasmaGruntTboltz|Sem o dano do time\n|c|\u2606PlasmaGruntTboltz|Ja pode come\u00e7ar a mamar a Cresselia com Stored power\n|c|\u2606PlasmaGruntTboltz|Afinal, ela  \u00e9  mt balanceada\n|inactive|femboyu has 60 seconds left.\n|j| e63593\n|c|\u2606PlasmaGruntTboltz|E mt divertida de enfrentar\n|c|\u2606femboyu|ok\n|inactive|femboyu has 30 seconds left.\n|inactive|femboyu has 20 seconds left.\n|\n|t:|1699750756\n|switch|p2a: Cresselia|Cresselia, F|100\/100\n|turn|5\n|inactive|femboyu has 30 seconds left this turn.\n|\n|t:|1699750764\n|move|p2a: Cresselia|Calm Mind|p2a: Cresselia\n|-boost|p2a: Cresselia|spa|1\n|-boost|p2a: Cresselia|spd|1\n|move|p1a: Hatterene|Calm Mind|p1a: Hatterene\n|-boost|p1a: Hatterene|spa|1\n|-boost|p1a: Hatterene|spd|1\n|\n|upkeep\n|turn|6\n|inactive|femboyu has 30 seconds left.\n|\n|t:|1699750770\n|switch|p2a: Toxapex|Toxapex, F|100\/100\n|move|p1a: Hatterene|Mystical Fire|p2a: Toxapex\n|-resisted|p2a: Toxapex\n|-damage|p2a: Toxapex|80\/100\n|-unboost|p2a: Toxapex|spa|1\n|\n|upkeep\n|turn|7\n|\n|t:|1699750772\n|move|p2a: Toxapex|Haze|p2a: Toxapex\n|-clearallboost\n|move|p1a: Hatterene|Psyshock|p2a: Toxapex\n|-supereffective|p2a: Toxapex\n|-damage|p2a: Toxapex|30\/100\n|\n|upkeep\n|turn|8\n|j| Zumiranha_gameplay\n|\n|t:|1699750777\n|switch|p2a: Cresselia|Cresselia, F|100\/100\n|switch|p1a: Raiden|Haxorus, M, shiny|100\/100\n|-ability|p1a: Raiden|Mold Breaker\n|\n|upkeep\n|turn|9\n|\n|t:|1699750783\n|move|p2a: Cresselia|Calm Mind|p2a: Cresselia\n|-boost|p2a: Cresselia|spa|1\n|-boost|p2a: Cresselia|spd|1\n|move|p1a: Raiden|Dragon Dance|p1a: Raiden\n|-boost|p1a: Raiden|atk|1\n|-boost|p1a: Raiden|spe|1\n|\n|upkeep\n|turn|10\n|\n|t:|1699750791\n|move|p1a: Raiden|Outrage|p2a: Cresselia\n|-damage|p2a: Cresselia|21\/100\n|move|p2a: Cresselia|Calm Mind|p2a: Cresselia\n|-boost|p2a: Cresselia|spa|1\n|-boost|p2a: Cresselia|spd|1\n|\n|upkeep\n|turn|11\n|\n|t:|1699750795\n|switch|p2a: Toxapex|Toxapex, F|64\/100\n|move|p1a: Raiden|Outrage|p2a: Toxapex|[from]lockedmove\n|-damage|p2a: Toxapex|0 fnt\n|faint|p2a: Toxapex\n|-start|p1a: Raiden|confusion|[fatigue]\n|-enditem|p1a: Raiden|Lum Berry|[eat]\n|-end|p1a: Raiden|confusion\n|\n|upkeep\n|c|\u2606PlasmaGruntTboltz|Lembrando\n|c|\u2606femboyu|huh\n|c|\u2606femboyu|legal\n|inactive|femboyu has 60 seconds left.\n|c|\u2606PlasmaGruntTboltz|Meu haxorus \u00e9 anti nerdolismo :D\n|\n|t:|1699750810\n|switch|p2a: Skarmory|Skarmory, M|97\/100\n|turn|12\n|inactive|femboyu has 60 seconds left.\n|\n|t:|1699750820\n|switch|p1a: Charizard|Charizard, M|100\/100\n|move|p2a: Skarmory|Body Press|p1a: Charizard\n|-resisted|p1a: Charizard\n|-damage|p1a: Charizard|79\/100\n|\n|upkeep\n|turn|13\n|\n|t:|1699750830\n|switch|p2a: Garganacl|Garganacl, M|100\/100\n|-damage|p2a: Garganacl|88\/100|[from] Spikes\n|detailschange|p1a: Charizard|Charizard-Mega-Y, M\n|-mega|p1a: Charizard|Charizard|Charizardite Y\n|-weather|SunnyDay|[from] ability: Drought|[of] p1a: Charizard\n|move|p1a: Charizard|Fire Blast|p2a: Garganacl\n|-resisted|p2a: Garganacl\n|-damage|p2a: Garganacl|53\/100\n|\n|-weather|SunnyDay|[upkeep]\n|-heal|p2a: Garganacl|59\/100|[from] item: Leftovers\n|upkeep\n|turn|14\n|c|\u2606PlasmaGruntTboltz|A mds\n|c|\u2606PlasmaGruntTboltz|Essa bosta msm vei?\n|inactive|femboyu has 60 seconds left.\n|c|\u2606PlasmaGruntTboltz|Tem nd melhor pra usar n?\n|c|\u2606femboyu|clbc mano\n|c|\u2606femboyu|vc e o ralsei hatty sao 2 choroes do krl\n|\n|t:|1699750862\n|move|p1a: Charizard|Solar Beam||[still]\n|-prepare|p1a: Charizard|Solar Beam\n|-anim|p1a: Charizard|Solar Beam|p2a: Garganacl\n|-supereffective|p2a: Garganacl\n|-damage|p2a: Garganacl|0 fnt\n|faint|p2a: Garganacl\n|\n|-weather|SunnyDay|[upkeep]\n|upkeep\n|c|\u2606PlasmaGruntTboltz|K\n|c|\u2606femboyu|ai o\n|c|\u2606PlasmaGruntTboltz|Comece a chorar tamb\u00e9m.\n|c|\u2606femboyu|ta feliz agr?\n|c|\u2606PlasmaGruntTboltz|Dms da conta\n|inactive|femboyu has 30 seconds left.\n|c|\u2606PlasmaGruntTboltz|Mas eu vou perder pq o Zard vai errar o atk\n|c|\u2606PlasmaGruntTboltz|E ai a Cress me sweepa\n|c|\u2606PlasmaGruntTboltz|Ou sla\n|inactive|femboyu has 20 seconds left.\n|inactive|femboyu has 15 seconds left.\n|inactive|femboyu has 10 seconds left.\n|j|+PedroGreg\n|\n|t:|1699750907\n|switch|p2a: Cresselia|Cresselia, F|21\/100\n|turn|15\n|inactive|femboyu has 20 seconds left this turn.\n|inactive|femboyu has 15 seconds left.\n|\n|t:|1699750913\n|move|p1a: Charizard|Solar Beam||[still]\n|-prepare|p1a: Charizard|Solar Beam\n|-anim|p1a: Charizard|Solar Beam|p2a: Cresselia\n|-damage|p2a: Cresselia|0 fnt\n|faint|p2a: Cresselia\n|\n|-weather|SunnyDay|[upkeep]\n|upkeep\n|inactive|femboyu has 20 seconds left this turn.\n|c|\u2606PlasmaGruntTboltz|Isso\n|inactive|femboyu has 15 seconds left.\n|\n|t:|1699750918\n|switch|p2a: Gliscor|Gliscor, M|100\/100\n|turn|16\n|inactive|femboyu has 25 seconds left this turn.\n|c|\u2606PlasmaGruntTboltz|Se eu n errar\n|\n|t:|1699750923\n|move|p2a: Gliscor|Knock Off|p1a: Charizard\n|-damage|p1a: Charizard|58\/100\n|move|p1a: Charizard|Fire Blast|p2a: Gliscor\n|-damage|p2a: Gliscor|0 fnt\n|faint|p2a: Gliscor\n|\n|-weather|SunnyDay|[upkeep]\n|upkeep\n|inactive|femboyu has 30 seconds left this turn.\n|\n|t:|1699750927\n|switch|p2a: Skarmory|Skarmory, M|97\/100\n|turn|17\n|\n|t:|1699750931\n|move|p1a: Charizard|Fire Blast|p2a: Skarmory\n|-supereffective|p2a: Skarmory\n|-damage|p2a: Skarmory|0 fnt\n|faint|p2a: Skarmory\n|\n|win|PlasmaGruntTboltz\n|n|\u2606PlasmaGruntTboltz|plasmagrunttboltz\n|n|\u2606femboyu|femboyu\n|n| e63593|e63593\n|n| Zumiranha_gameplay|zumiranhagameplay\n|n| PedroGreg|pedrogreg\n|l|\u2606femboyu\n","uploadtime":1699750936,"views":5,"p1id":"plasmagrunttboltz","p2id":"femboyu","formatid":"gen9nationaldex","rating":0,"private":0,"password":""}