{"id":"gen9nationaldex-1991379436","p1":"Rival Jason","p2":"redimas","format":"[Gen 9] National Dex","log":"|j|\u2606Rival Jason\n|j|\u2606redimas\n|t:|1700072231\n|gametype|singles\n|player|p1|Rival Jason|hilbert|1084\n|player|p2|redimas|n|1000\n|teamsize|p1|6\n|teamsize|p2|6\n|gen|9\n|tier|[Gen 9] National Dex\n|rated|\n|rule|HP Percentage Mod: HP is shown in percentages\n|rule|Endless Battle Clause: Forcing endless battles is banned\n|rule|OHKO Clause: OHKO moves are banned\n|rule|Evasion Clause: Evasion abilities, items, and moves are banned\n|rule|Evasion Abilities Clause: Evasion abilities are banned\n|rule|Evasion Items Clause: Evasion items are banned\n|rule|Evasion Moves Clause: Evasion moves are banned\n|rule|Species Clause: Limit one of each Pok\u00e9mon\n|rule|Sleep Clause Mod: Limit one foe put to sleep\n|clearpoke\n|poke|p1|Milotic, F|\n|poke|p1|Veluza, F|\n|poke|p1|Seismitoad, F|\n|poke|p1|Silvally-*|\n|poke|p1|Azumarill, F|\n|poke|p1|Samurott, M|\n|poke|p2|Eelektross, M|\n|poke|p2|Volcarona, F|\n|poke|p2|Swampert, F|\n|poke|p2|Ceruledge, F|\n|poke|p2|Ferrothorn, M|\n|poke|p2|Hoopa-Unbound|\n|teampreview\n|\n|t:|1700072239\n|start\n|switch|p1a: Serpent|Milotic, F|100\/100\n|switch|p2a: Hoopa|Hoopa-Unbound|100\/100\n|turn|1\n|\n|t:|1700072246\n|move|p2a: Hoopa|Substitute|p2a: Hoopa\n|-start|p2a: Hoopa|Substitute\n|-damage|p2a: Hoopa|75\/100\n|move|p1a: Serpent|Toxic||[still]\n|-fail|p1a: Serpent\n|\n|upkeep\n|turn|2\n|\n|t:|1700072251\n|move|p2a: Hoopa|Nasty Plot|p2a: Hoopa\n|-boost|p2a: Hoopa|spa|2\n|move|p1a: Serpent|Brutal Swing|p2a: Hoopa\n|-activate|p2a: Hoopa|move: Substitute|[damage]\n|\n|upkeep\n|turn|3\n|\n|t:|1700072258\n|move|p2a: Hoopa|Nasty Plot|p2a: Hoopa\n|-boost|p2a: Hoopa|spa|2\n|move|p1a: Serpent|Brutal Swing|p2a: Hoopa\n|-end|p2a: Hoopa|Substitute\n|\n|upkeep\n|turn|4\n|\n|t:|1700072268\n|move|p2a: Hoopa|Substitute|p2a: Hoopa\n|-start|p2a: Hoopa|Substitute\n|-damage|p2a: Hoopa|50\/100\n|move|p1a: Serpent|Toxic||[still]\n|-fail|p1a: Serpent\n|\n|upkeep\n|turn|5\n|\n|t:|1700072275\n|move|p2a: Hoopa|Nasty Plot|p2a: Hoopa\n|-boost|p2a: Hoopa|spa|2\n|move|p1a: Serpent|Brutal Swing|p2a: Hoopa\n|-activate|p2a: Hoopa|move: Substitute|[damage]\n|\n|upkeep\n|turn|6\n|c|\u2606Rival Jason|Huh.\n|\n|t:|1700072285\n|move|p2a: Hoopa|Nasty Plot|p2a: Hoopa\n|-boost|p2a: Hoopa|spa|0\n|move|p1a: Serpent|Brutal Swing|p2a: Hoopa\n|-end|p2a: Hoopa|Substitute\n|\n|upkeep\n|turn|7\n|\n|t:|1700072292\n|move|p2a: Hoopa|Substitute|p2a: Hoopa\n|-start|p2a: Hoopa|Substitute\n|-damage|p2a: Hoopa|25\/100\n|-enditem|p2a: Hoopa|Salac Berry|[eat]\n|-boost|p2a: Hoopa|spe|1|[from] item: Salac Berry\n|move|p1a: Serpent|Brutal Swing|p2a: Hoopa\n|-activate|p2a: Hoopa|move: Substitute|[damage]\n|\n|upkeep\n|turn|8\n|\n|t:|1700072310\n|move|p2a: Hoopa|Psyshock|p1a: Serpent\n|-damage|p1a: Serpent|0 fnt\n|faint|p1a: Serpent\n|\n|upkeep\n|c|\u2606Rival Jason|Well, I DO suppose this is an outcome that could have happened!\n|\n|t:|1700072319\n|switch|p1a: Vaulter|Veluza, F|100\/100\n|turn|9\n|\n|t:|1700072328\n|move|p2a: Hoopa|Dark Pulse|p1a: Vaulter\n|-supereffective|p1a: Vaulter\n|-damage|p1a: Vaulter|0 fnt\n|faint|p1a: Vaulter\n|\n|upkeep\n|\n|t:|1700072333\n|switch|p1a: Grove|Seismitoad, F|100\/100\n|turn|10\n|\n|t:|1700072340\n|move|p2a: Hoopa|Psyshock|p1a: Grove\n|-damage|p1a: Grove|0 fnt\n|faint|p1a: Grove\n|\n|upkeep\n|\n|t:|1700072346\n|switch|p1a: Azumarill|Azumarill, F|100\/100\n|turn|11\n|\n|t:|1700072350\n|move|p2a: Hoopa|Psyshock|p1a: Azumarill\n|-damage|p1a: Azumarill|0 fnt\n|faint|p1a: Azumarill\n|\n|upkeep\n|\n|t:|1700072356\n|switch|p1a: Sammy|Samurott, M|100\/100\n|turn|12\n|\n|t:|1700072360\n|move|p2a: Hoopa|Psyshock|p1a: Sammy\n|-damage|p1a: Sammy|0 fnt\n|faint|p1a: Sammy\n|\n|upkeep\n|\n|t:|1700072365\n|switch|p1a: Archie|Silvally-Fire|100\/100\n|turn|13\n|c|\u2606Rival Jason|...\n|\n|t:|1700072375\n|-terastallize|p1a: Archie|Water\n|move|p2a: Hoopa|Dark Pulse|p1a: Archie\n|-damage|p1a: Archie|0 fnt\n|faint|p1a: Archie\n|\n|win|redimas\n|raw|Rival Jason's rating: 1084 &rarr; <strong>1056<\/strong><br \/>(-28 for losing)\n|raw|redimas's rating: 1000 &rarr; <strong>1049<\/strong><br \/>(+49 for winning)\n|l|\u2606Rival Jason\n","uploadtime":1700072391,"views":4,"p1id":"rivaljason","p2id":"redimas","formatid":"gen9nationaldex","rating":1049,"private":0,"password":""}