{"id":"gen9nationaldex-1997524685","p1":"ldsadsadcsf","p2":"QIxhQI","format":"[Gen 9] National Dex","log":"|html|<div class=\"broadcast-blue\"><strong>[Gen 9] National Dex is currently suspecting Sneasler! For information on how to participate check out the <a href=\"https:\/\/www.smogon.com\/forums\/threads\/sv-national-dex-suspect-8-just-dance.3731534\/\">suspect thread<\/a>.<\/strong><\/div>\n|j|\u2606ldsadsadcsf\n|j|\u2606QIxhQI\n|t:|1700820058\n|gametype|singles\n|player|p1|ldsadsadcsf|unknown|1493\n|player|p2|QIxhQI|170|1609\n|teamsize|p1|6\n|teamsize|p2|6\n|gen|9\n|tier|[Gen 9] National Dex\n|rated|\n|rule|HP Percentage Mod: HP is shown in percentages\n|rule|Endless Battle Clause: Forcing endless battles is banned\n|rule|OHKO Clause: OHKO moves are banned\n|rule|Evasion Clause: Evasion abilities, items, and moves are banned\n|rule|Evasion Abilities Clause: Evasion abilities are banned\n|rule|Evasion Items Clause: Evasion items are banned\n|rule|Evasion Moves Clause: Evasion moves are banned\n|rule|Species Clause: Limit one of each Pok\u00e9mon\n|rule|Sleep Clause Mod: Limit one foe put to sleep\n|clearpoke\n|poke|p1|Iron Valiant|\n|poke|p1|Glimmora, M|\n|poke|p1|Dragonite, M|\n|poke|p1|Hatterene, F|\n|poke|p1|Urshifu-*, M|\n|poke|p1|Banette, M|\n|poke|p2|Mawile, M|\n|poke|p2|Marowak-Alola, M|\n|poke|p2|Hatterene, F|\n|poke|p2|Cresselia, F|\n|poke|p2|Porygon2|\n|poke|p2|Ursaluna, M|\n|teampreview\n|inactive|Battle timer is ON: inactive players will automatically lose when time's up. (requested by ldsadsadcsf)\n|\n|t:|1700820071\n|start\n|switch|p1a: \u7b2c\u4e8c\u4e2a\u9053\u5177|Glimmora, M|100\/100\n|switch|p2a: Marowak|Marowak-Alola, M|100\/100\n|turn|1\n|\n|t:|1700820077\n|switch|p2a: Hatterene|Hatterene, F|100\/100\n|move|p1a: \u7b2c\u4e8c\u4e2a\u9053\u5177|Stealth Rock|p2a: Hatterene\n|move|p2a: Hatterene|Stealth Rock|p1a: \u7b2c\u4e8c\u4e2a\u9053\u5177|[from]ability: Magic Bounce\n|-sidestart|p1: ldsadsadcsf|move: Stealth Rock\n|\n|upkeep\n|turn|2\n|\n|t:|1700820084\n|move|p1a: \u7b2c\u4e8c\u4e2a\u9053\u5177|Mortal Spin|p2a: Hatterene\n|-supereffective|p2a: Hatterene\n|-damage|p2a: Hatterene|85\/100\n|-status|p2a: Hatterene|psn\n|-sideend|p1: ldsadsadcsf|Stealth Rock|[from] move: Mortal Spin|[of] p1a: \u7b2c\u4e8c\u4e2a\u9053\u5177\n|move|p2a: Hatterene|Trick Room|p2a: Hatterene\n|-fieldstart|move: Trick Room|[of] p2a: Hatterene\n|\n|-damage|p2a: Hatterene|73\/100 psn|[from] psn\n|upkeep\n|turn|3\n|\n|t:|1700820095\n|move|p2a: Hatterene|Mystical Fire|p1a: \u7b2c\u4e8c\u4e2a\u9053\u5177\n|-resisted|p1a: \u7b2c\u4e8c\u4e2a\u9053\u5177\n|-damage|p1a: \u7b2c\u4e8c\u4e2a\u9053\u5177|80\/100\n|-unboost|p1a: \u7b2c\u4e8c\u4e2a\u9053\u5177|spa|1\n|move|p1a: \u7b2c\u4e8c\u4e2a\u9053\u5177|Earth Power|p2a: Hatterene\n|-damage|p2a: Hatterene|49\/100 psn\n|\n|-damage|p2a: Hatterene|36\/100 psn|[from] psn\n|upkeep\n|turn|4\n|\n|t:|1700820107\n|switch|p1a: \u6c34\u718a|Urshifu-Rapid-Strike, M|100\/100\n|move|p2a: Hatterene|Mystical Fire|p1a: \u6c34\u718a\n|-resisted|p1a: \u6c34\u718a\n|-damage|p1a: \u6c34\u718a|79\/100\n|-unboost|p1a: \u6c34\u718a|spa|1\n|\n|-damage|p2a: Hatterene|24\/100 psn|[from] psn\n|upkeep\n|turn|5\n|\n|t:|1700820112\n|move|p2a: Hatterene|Misty Explosion|p1a: \u6c34\u718a\n|-supereffective|p1a: \u6c34\u718a\n|-crit|p1a: \u6c34\u718a\n|-damage|p1a: \u6c34\u718a|0 fnt\n|faint|p2a: Hatterene\n|faint|p1a: \u6c34\u718a\n|\n|upkeep\n|\n|t:|1700820122\n|switch|p2a: Mawile|Mawile, M|100\/100\n|switch|p1a: \u80a5\u5927|Dragonite, M|100\/100\n|-ability|p2a: Mawile|Intimidate|boost\n|-unboost|p1a: \u80a5\u5927|atk|1\n|turn|6\n|\n|t:|1700820131\n|switch|p1a: \u7b2c\u4e8c\u4e2a\u9053\u5177|Glimmora, M|80\/100\n|detailschange|p2a: Mawile|Mawile-Mega, M\n|-mega|p2a: Mawile|Mawile|Mawilite\n|move|p2a: Mawile|Ice Punch|p1a: \u7b2c\u4e8c\u4e2a\u9053\u5177\n|-damage|p1a: \u7b2c\u4e8c\u4e2a\u9053\u5177|19\/100\n|-activate|p1a: \u7b2c\u4e8c\u4e2a\u9053\u5177|ability: Toxic Debris\n|-sidestart|p2: QIxhQI|move: Toxic Spikes\n|\n|-fieldend|move: Trick Room\n|upkeep\n|turn|7\n|\n|t:|1700820140\n|move|p2a: Mawile|Sucker Punch||[still]\n|-fail|p2a: Mawile\n|move|p1a: \u7b2c\u4e8c\u4e2a\u9053\u5177|Stealth Rock|p2a: Mawile\n|-sidestart|p2: QIxhQI|move: Stealth Rock\n|\n|upkeep\n|turn|8\n|\n|t:|1700820146\n|move|p2a: Mawile|Sucker Punch|p1a: \u7b2c\u4e8c\u4e2a\u9053\u5177\n|-damage|p1a: \u7b2c\u4e8c\u4e2a\u9053\u5177|0 fnt\n|-activate|p1a: \u7b2c\u4e8c\u4e2a\u9053\u5177|ability: Toxic Debris\n|-sidestart|p2: QIxhQI|move: Toxic Spikes\n|faint|p1a: \u7b2c\u4e8c\u4e2a\u9053\u5177\n|\n|upkeep\n|\n|t:|1700820156\n|switch|p1a: \u80a5\u5927|Dragonite, M|100\/100\n|turn|9\n|\n|t:|1700820163\n|move|p1a: \u80a5\u5927|Curse|p1a: \u80a5\u5927\n|-unboost|p1a: \u80a5\u5927|spe|1\n|-boost|p1a: \u80a5\u5927|atk|1\n|-boost|p1a: \u80a5\u5927|def|1\n|move|p2a: Mawile|Ice Punch|p1a: \u80a5\u5927\n|-supereffective|p1a: \u80a5\u5927\n|-damage|p1a: \u80a5\u5927|36\/100\n|\n|upkeep\n|turn|10\n|\n|t:|1700820171\n|-terastallize|p1a: \u80a5\u5927|Normal\n|move|p2a: Mawile|Ice Punch|p1a: \u80a5\u5927\n|-damage|p1a: \u80a5\u5927|9\/100\n|move|p1a: \u80a5\u5927|Roost|p1a: \u80a5\u5927\n|-heal|p1a: \u80a5\u5927|59\/100\n|\n|upkeep\n|turn|11\n|\n|t:|1700820178\n|move|p2a: Mawile|Play Rough|p1a: \u80a5\u5927\n|-damage|p1a: \u80a5\u5927|3\/100\n|move|p1a: \u80a5\u5927|Roost|p1a: \u80a5\u5927\n|-heal|p1a: \u80a5\u5927|53\/100\n|\n|upkeep\n|turn|12\n|\n|t:|1700820185\n|move|p2a: Mawile|Play Rough|p1a: \u80a5\u5927\n|-damage|p1a: \u80a5\u5927|0 fnt\n|faint|p1a: \u80a5\u5927\n|\n|upkeep\n|\n|t:|1700820191\n|switch|p1a: \u624b\u529e|Banette, M, shiny|100\/100\n|-item|p2a: Mawile|Mawilite|[from] ability: Frisk|[of] p1a: \u624b\u529e|[identify]\n|turn|13\n|\n|t:|1700820196\n|detailschange|p1a: \u624b\u529e|Banette-Mega, M, shiny\n|-mega|p1a: \u624b\u529e|Banette|Banettite\n|move|p1a: \u624b\u529e|Poltergeist|p2a: Mawile|[miss]\n|-miss|p1a: \u624b\u529e|p2a: Mawile\n|move|p2a: Mawile|Play Rough|p1a: \u624b\u529e|[miss]\n|-miss|p2a: Mawile|p1a: \u624b\u529e\n|\n|upkeep\n|turn|14\n|\n|t:|1700820204\n|move|p1a: \u624b\u529e|Poltergeist|p2a: Mawile\n|-activate|p2a: Mawile|move: Poltergeist|Mawilite\n|-damage|p2a: Mawile|31\/100\n|move|p2a: Mawile|Play Rough|p1a: \u624b\u529e\n|-damage|p1a: \u624b\u529e|0 fnt\n|faint|p1a: \u624b\u529e\n|\n|upkeep\n|-message|ldsadsadcsf forfeited.\n|\n|win|QIxhQI\n|raw|ldsadsadcsf's rating: 1493 &rarr; <strong>1479<\/strong><br \/>(-14 for losing)\n|raw|QIxhQI's rating: 1609 &rarr; <strong>1623<\/strong><br \/>(+14 for winning)\n|l|\u2606ldsadsadcsf\n","uploadtime":1700820213,"views":3,"p1id":"ldsadsadcsf","p2id":"qixhqi","formatid":"gen9nationaldex","rating":1479,"private":0,"password":""}