{"id":"gen9nationaldex-1998644935","p1":"PeppsiAsiEs","p2":"Danwine","format":"[Gen 9] National Dex","log":"|html|<div class=\"broadcast-blue\"><strong>[Gen 9] National Dex is currently suspecting Sneasler! For information on how to participate check out the <a href=\"https:\/\/www.smogon.com\/forums\/threads\/sv-national-dex-suspect-8-just-dance.3731534\/\">suspect thread<\/a>.<\/strong><\/div>\n|j|\u2606PeppsiAsiEs\n|j|\u2606Danwine\n|t:|1700966941\n|gametype|singles\n|player|p1|PeppsiAsiEs|poppy|\n|player|p2|Danwine|brycen|\n|teamsize|p1|6\n|teamsize|p2|6\n|gen|9\n|tier|[Gen 9] National Dex\n|rule|HP Percentage Mod: HP is shown in percentages\n|rule|Endless Battle Clause: Forcing endless battles is banned\n|rule|OHKO Clause: OHKO moves are banned\n|rule|Evasion Clause: Evasion abilities, items, and moves are banned\n|rule|Evasion Abilities Clause: Evasion abilities are banned\n|rule|Evasion Items Clause: Evasion items are banned\n|rule|Evasion Moves Clause: Evasion moves are banned\n|rule|Species Clause: Limit one of each Pok\u00e9mon\n|rule|Sleep Clause Mod: Limit one foe put to sleep\n|clearpoke\n|poke|p1|Skarmory, M|\n|poke|p1|Jirachi|\n|poke|p1|Celesteela|\n|poke|p1|Bisharp, F|\n|poke|p1|Aegislash, F|\n|poke|p1|Heatran, F|\n|poke|p2|Volcarona, M|\n|poke|p2|Bellibolt, F|\n|poke|p2|Sinistcha-Masterpiece|\n|poke|p2|Garganacl, M|\n|poke|p2|Ninetales-Alola, M|\n|poke|p2|Rotom-Wash|\n|teampreview\n|c|\u2606PeppsiAsiEs|me la vas a doblar\n|c|\u2606PeppsiAsiEs|es oficial\n|j| Void280\n|c| Void280|XD\n|c|\u2606Danwine|Verdad que este es amistoso pep\n|j| WSoldat\n|j| Fabrizio8\n|c|\u2606Danwine|:3\n|j| Gamer00ooO\n|c| Fabrizio8|rompele el culo pep\n|c|\u2606PeppsiAsiEs|no\n|c| Gamer00ooO|Hola\n|c|\u2606PeppsiAsiEs|no es amistoso\n|\n|t:|1700967023\n|start\n|switch|p1a: Heatran|Heatran, F|100\/100\n|switch|p2a: Dalia|Ninetales-Alola, M|100\/100\n|-weather|Snow|[from] ability: Snow Warning|[of] p2a: Dalia\n|-item|p1a: Heatran|Air Balloon\n|turn|1\n|c|\u2606PeppsiAsiEs|es oficial......\n|c|\u2606Danwine|Ay no\n|\n|t:|1700967041\n|move|p2a: Dalia|Aurora Veil|p2a: Dalia\n|-sidestart|p2: Danwine|move: Aurora Veil\n|move|p1a: Heatran|Magma Storm|p2a: Dalia|[miss]\n|-miss|p1a: Heatran|p2a: Dalia\n|\n|-weather|Snow|[upkeep]\n|upkeep\n|turn|2\n|\n|t:|1700967050\n|move|p2a: Dalia|Freeze-Dry|p1a: Heatran\n|-resisted|p1a: Heatran\n|-damage|p1a: Heatran|96\/100\n|-enditem|p1a: Heatran|Air Balloon\n|move|p1a: Heatran|Magma Storm|p2a: Dalia\n|-supereffective|p2a: Dalia\n|-damage|p2a: Dalia|56\/100\n|-activate|p2a: Dalia|move: Magma Storm|[of] p1a: Heatran\n|\n|-weather|Snow|[upkeep]\n|-damage|p2a: Dalia|44\/100|[from] move: Magma Storm|[partiallytrapped]\n|upkeep\n|turn|3\n|c| Fabrizio8|ya empezamos mal\n|\n|t:|1700967068\n|move|p2a: Dalia|Moonblast|p1a: Heatran\n|-resisted|p1a: Heatran\n|-damage|p1a: Heatran|90\/100\n|move|p1a: Heatran|Taunt|p2a: Dalia\n|-start|p2a: Dalia|move: Taunt\n|\n|-weather|Snow|[upkeep]\n|-damage|p2a: Dalia|32\/100|[from] move: Magma Storm|[partiallytrapped]\n|upkeep\n|turn|4\n|c| Gamer00ooO|Terrible\n|c|\u2606Danwine|COMO QUE MAGMA STORM ATRAPA\n|\n|t:|1700967093\n|move|p2a: Dalia|Moonblast|p1a: Heatran\n|-resisted|p1a: Heatran\n|-damage|p1a: Heatran|84\/100\n|-unboost|p1a: Heatran|spa|1\n|move|p1a: Heatran|Taunt||[still]\n|-fail|p1a: Heatran\n|\n|-weather|Snow|[upkeep]\n|-damage|p2a: Dalia|19\/100|[from] move: Magma Storm|[partiallytrapped]\n|upkeep\n|turn|5\n|\n|t:|1700967106\n|move|p2a: Dalia|Moonblast|p1a: Heatran\n|-resisted|p1a: Heatran\n|-damage|p1a: Heatran|79\/100\n|move|p1a: Heatran|Taunt||[still]\n|-fail|p1a: Heatran\n|\n|-weather|none\n|-damage|p2a: Dalia|7\/100|[from] move: Magma Storm|[partiallytrapped]\n|upkeep\n|turn|6\n|c|\u2606PeppsiAsiEs|jijiji\n|\n|t:|1700967115\n|move|p2a: Dalia|Moonblast|p1a: Heatran\n|-resisted|p1a: Heatran\n|-damage|p1a: Heatran|74\/100\n|move|p1a: Heatran|Taunt||[still]\n|-fail|p1a: Heatran\n|\n|-end|p2a: Dalia|Magma Storm|[partiallytrapped]\n|-end|p2a: Dalia|move: Taunt\n|upkeep\n|turn|7\n|\n|t:|1700967136\n|switch|p2a: Rotom|Rotom-Wash|100\/100\n|switch|p1a: Aegislash|Aegislash, F|100\/100\n|\n|upkeep\n|turn|8\n|j| insipido\n|n| insipido|insipido\n|\n|t:|1700967144\n|move|p2a: Rotom|Trick|p1a: Aegislash\n|-activate|p2a: Rotom|move: Trick|[of] p1a: Aegislash\n|-item|p1a: Aegislash|Choice Scarf|[from] move: Trick\n|-item|p2a: Rotom|Weakness Policy|[from] move: Trick\n|move|p1a: Aegislash|Swords Dance|p1a: Aegislash\n|-boost|p1a: Aegislash|atk|2\n|\n|-sideend|p2: Danwine|move: Aurora Veil\n|upkeep\n|turn|9\n|c|\u2606PeppsiAsiEs|wa\n|c|\u2606PeppsiAsiEs|me di cuenta q tenia eso 1 seg antes\n|\n|t:|1700967168\n|switch|p1a: Skarmory|Skarmory, M|100\/100\n|move|p2a: Rotom|Volt Switch|p1a: Skarmory\n|-supereffective|p1a: Skarmory\n|-damage|p1a: Skarmory|14\/100\n|\n|t:|1700967176\n|switch|p2a: Dalia|Ninetales-Alola, M|7\/100|[from] Volt Switch\n|-weather|Snow|[from] ability: Snow Warning|[of] p2a: Dalia\n|\n|-weather|Snow|[upkeep]\n|upkeep\n|turn|10\n|c| Fabrizio8|lol\n|-enditem|p1a: Skarmory|Custap Berry|[eat]\n|-activate|p1a: Skarmory|item: Custap Berry|[consumed]\n|\n|t:|1700967186\n|move|p1a: Skarmory|Brave Bird|p2a: Dalia\n|-crit|p2a: Dalia\n|-damage|p2a: Dalia|0 fnt\n|faint|p2a: Dalia\n|-damage|p1a: Skarmory|12\/100|[from] Recoil\n|\n|-weather|Snow|[upkeep]\n|upkeep\n|j| Sylveon(404)\n|c| Sylveon(404)|pep vo podes\n|\n|t:|1700967196\n|switch|p2a: Rotom|Rotom-Wash|100\/100\n|turn|11\n|\n|t:|1700967201\n|move|p1a: Skarmory|Stealth Rock|p2a: Rotom\n|-sidestart|p2: Danwine|move: Stealth Rock\n|move|p2a: Rotom|Hydro Pump|p1a: Skarmory\n|-damage|p1a: Skarmory|0 fnt\n|faint|p1a: Skarmory\n|\n|-weather|Snow|[upkeep]\n|upkeep\n|\n|t:|1700967225\n|switch|p1a: Jirachi|Jirachi, shiny|100\/100\n|turn|12\n|\n|t:|1700967231\n|-zpower|p1a: Jirachi\n|move|p1a: Jirachi|Z-Happy Hour|p1a: Jirachi|[anim]Happy Hour\n|-boost|p1a: Jirachi|atk|1|[zeffect]\n|-boost|p1a: Jirachi|def|1|[zeffect]\n|-boost|p1a: Jirachi|spa|1|[zeffect]\n|-boost|p1a: Jirachi|spd|1|[zeffect]\n|-boost|p1a: Jirachi|spe|1|[zeffect]\n|move|p2a: Rotom|Volt Switch|p1a: Jirachi\n|-damage|p1a: Jirachi|83\/100\n|c| Sylveon(404)|esoo tilin\n|\n|t:|1700967244\n|switch|p2a: Barb|Volcarona, M, shiny|100\/100|[from] Volt Switch\n|\n|-weather|Snow|[upkeep]\n|upkeep\n|turn|13\n|c| insipido|Eso Campanillazo\n|\n|t:|1700967253\n|move|p1a: Jirachi|Psychic|p2a: Barb\n|-damage|p2a: Barb|46\/100\n|move|p2a: Barb|Fiery Dance|p1a: Jirachi\n|-supereffective|p1a: Jirachi\n|-damage|p1a: Jirachi|16\/100\n|\n|-weather|none\n|upkeep\n|turn|14\n|c| Sylveon(404)|pep vo podes\n|\n|t:|1700967262\n|move|p1a: Jirachi|Psychic|p2a: Barb\n|-damage|p2a: Barb|0 fnt\n|faint|p2a: Barb\n|\n|upkeep\n|l| Gamer00ooO\n|\n|t:|1700967273\n|switch|p2a: Aguadios|Bellibolt, F|100\/100\n|-damage|p2a: Aguadios|88\/100|[from] Stealth Rock\n|turn|15\n|\n|t:|1700967278\n|move|p1a: Jirachi|Psychic|p2a: Aguadios\n|-damage|p2a: Aguadios|52\/100\n|-start|p2a: Aguadios|Charge|Psychic|[from] ability: Electromorphosis\n|move|p2a: Aguadios|Parabolic Charge|p1a: Jirachi\n|-damage|p1a: Jirachi|0 fnt\n|-heal|p2a: Aguadios|59\/100|[from] drain|[of] p1a: Jirachi\n|faint|p1a: Jirachi\n|-end|p2a: Aguadios|Charge|[silent]\n|\n|upkeep\n|\n|t:|1700967287\n|switch|p1a: Bisharp|Bisharp, F|100\/100\n|turn|16\n|\n|t:|1700967290\n|move|p1a: Bisharp|Swords Dance|p1a: Bisharp\n|-boost|p1a: Bisharp|atk|2\n|move|p2a: Aguadios|Thunderbolt|p1a: Bisharp\n|-damage|p1a: Bisharp|30\/100\n|-status|p1a: Bisharp|par\n|\n|upkeep\n|turn|17\n|c| Sylveon(404)|aguadios el counter de pep XD\n|\n|t:|1700967299\n|move|p1a: Bisharp|Sucker Punch|p2a: Aguadios\n|-damage|p2a: Aguadios|0 fnt\n|faint|p2a: Aguadios\n|\n|upkeep\n|c| insipido|LOL\n|c| Sylveon(404)|haxeadas\n|j| Gamer00ooO\n|c| Void280|Ese hax\n|c| Sylveon(404)|mucho hax\n|\n|t:|1700967312\n|switch|p2a: Rotom|Rotom-Wash|100\/100\n|-damage|p2a: Rotom|88\/100|[from] Stealth Rock\n|turn|18\n|\n|t:|1700967318\n|move|p1a: Bisharp|Sucker Punch|p2a: Rotom\n|-damage|p2a: Rotom|12\/100\n|move|p2a: Rotom|Volt Switch|p1a: Bisharp\n|-damage|p1a: Bisharp|0 fnt\n|faint|p1a: Bisharp\n|\n|t:|1700967328\n|switch|p2a: Garganacl|Garganacl, M|100\/100|[from] Volt Switch\n|-damage|p2a: Garganacl|88\/100|[from] Stealth Rock\n|\n|-heal|p2a: Garganacl|94\/100|[from] item: Leftovers\n|upkeep\n|\n|t:|1700967341\n|switch|p1a: Heatran|Heatran, F|74\/100\n|turn|19\n|\n|t:|1700967349\n|-terastallize|p2a: Garganacl|Ghost\n|move|p1a: Heatran|Taunt|p2a: Garganacl\n|-start|p2a: Garganacl|move: Taunt\n|cant|p2a: Garganacl|move: Taunt|Iron Defense\n|\n|-heal|p2a: Garganacl|100\/100|[from] item: Leftovers\n|upkeep\n|turn|20\n|\n|t:|1700967358\n|switch|p1a: Aegislash|Aegislash, F|100\/100\n|move|p2a: Garganacl|Body Press|p1a: Aegislash\n|-immune|p1a: Aegislash\n|\n|upkeep\n|turn|21\n|c|\u2606PeppsiAsiEs|te voy a hacer un hijo\n|c| insipido|Buena Pep\n|\n|t:|1700967368\n|-formechange|p1a: Aegislash|Aegislash-Blade||[from] ability: Stance Change\n|move|p1a: Aegislash|Shadow Claw|p2a: Garganacl\n|-supereffective|p2a: Garganacl\n|-damage|p2a: Garganacl|72\/100\n|move|p2a: Garganacl|Salt Cure|p1a: Aegislash\n|-resisted|p1a: Aegislash\n|-damage|p1a: Aegislash|88\/100\n|-start|p1a: Aegislash|Salt Cure\n|\n|-heal|p2a: Garganacl|78\/100|[from] item: Leftovers\n|-damage|p1a: Aegislash|63\/100|[from] Salt Cure\n|-end|p2a: Garganacl|move: Taunt\n|upkeep\n|turn|22\n|\n|t:|1700967382\n|switch|p1a: Celesteela|Celesteela|100\/100\n|move|p2a: Garganacl|Recover|p2a: Garganacl\n|-heal|p2a: Garganacl|100\/100\n|\n|upkeep\n|turn|23\n|c|\u2606PeppsiAsiEs|como me jode eso\n|\n|t:|1700967390\n|move|p1a: Celesteela|Autotomize|p1a: Celesteela\n|-boost|p1a: Celesteela|spe|2\n|-start|p1a: Celesteela|Autotomize\n|move|p2a: Garganacl|Salt Cure|p1a: Celesteela\n|-damage|p1a: Celesteela|88\/100\n|-start|p1a: Celesteela|Salt Cure\n|\n|-damage|p1a: Celesteela|63\/100|[from] Salt Cure\n|upkeep\n|turn|24\n|\n|t:|1700967402\n|move|p1a: Celesteela|Meteor Beam||[still]\n|-prepare|p1a: Celesteela|Meteor Beam\n|-boost|p1a: Celesteela|spa|1\n|-enditem|p1a: Celesteela|Power Herb\n|-anim|p1a: Celesteela|Meteor Beam|p2a: Garganacl\n|-damage|p2a: Garganacl|64\/100\n|move|p2a: Garganacl|Iron Defense|p2a: Garganacl\n|-boost|p2a: Garganacl|def|2\n|\n|-heal|p2a: Garganacl|70\/100|[from] item: Leftovers\n|-damage|p1a: Celesteela|38\/100|[from] Salt Cure\n|upkeep\n|turn|25\n|c| Void280|Que mierda es Salt Cure mano\n|\n|t:|1700967414\n|move|p1a: Celesteela|Giga Drain|p2a: Garganacl\n|-damage|p2a: Garganacl|47\/100\n|-heal|p1a: Celesteela|52\/100|[from] drain|[of] p2a: Garganacl\n|move|p2a: Garganacl|Recover|p2a: Garganacl\n|-heal|p2a: Garganacl|97\/100\n|\n|-heal|p2a: Garganacl|100\/100|[from] item: Leftovers\n|-damage|p1a: Celesteela|27\/100|[from] Salt Cure\n|upkeep\n|turn|26\n|c| insipido|Si\n|c| Sylveon(404)|sal cure debe estar ban\n|c|\u2606PeppsiAsiEs|odio mi vida\n|\n|t:|1700967428\n|move|p1a: Celesteela|Flamethrower|p2a: Garganacl\n|-damage|p2a: Garganacl|73\/100\n|move|p2a: Garganacl|Body Press|p1a: Celesteela\n|-damage|p1a: Celesteela|0 fnt\n|faint|p1a: Celesteela\n|\n|-heal|p2a: Garganacl|79\/100|[from] item: Leftovers\n|upkeep\n|c| insipido|M\u00e1s encima pega m\u00e1s si eres agua o acero\n|c| Sylveon(404)|es re molesto da igual si cambias a garga o no sigue ahi esa mrd\n|c|\u2606PeppsiAsiEs|el scarf de rotom me jodio\n|\n|t:|1700967437\n|switch|p1a: Heatran|Heatran, F|74\/100\n|turn|27\n|\n|t:|1700967448\n|-terastallize|p1a: Heatran|Grass\n|move|p1a: Heatran|Taunt|p2a: Garganacl\n|-start|p2a: Garganacl|move: Taunt\n|move|p2a: Garganacl|Body Press|p1a: Heatran\n|-damage|p1a: Heatran|36\/100\n|\n|-heal|p2a: Garganacl|85\/100|[from] item: Leftovers\n|upkeep\n|turn|28\n|c| Void280|Si fuera minimo como Magma Storm pues bueno, pero es un horror loco\n|c| Sylveon(404)|mal\n|c|\u2606Danwine|Pero si literal es como magma STORM\n|c|\u2606Danwine|Adem\u00e1s esa cosa te atrapa\n|\n|t:|1700967487\n|move|p1a: Heatran|Magma Storm|p2a: Garganacl\n|-damage|p2a: Garganacl|59\/100\n|-activate|p2a: Garganacl|move: Magma Storm|[of] p1a: Heatran\n|move|p2a: Garganacl|Salt Cure|p1a: Heatran\n|-damage|p1a: Heatran|24\/100\n|-start|p1a: Heatran|Salt Cure\n|\n|-heal|p2a: Garganacl|65\/100|[from] item: Leftovers\n|-damage|p1a: Heatran|12\/100|[from] Salt Cure\n|-damage|p2a: Garganacl|52\/100|[from] move: Magma Storm|[partiallytrapped]\n|upkeep\n|turn|29\n|c| Void280|Pero Magma Storm se va si cambias o matas al Heatran\n|c| Void280|Salt Cure no\n|\n|t:|1700967499\n|move|p1a: Heatran|Magma Storm|p2a: Garganacl|[miss]\n|-miss|p1a: Heatran|p2a: Garganacl\n|move|p2a: Garganacl|Salt Cure|p1a: Heatran\n|-damage|p1a: Heatran|0 fnt\n|faint|p1a: Heatran\n|\n|-heal|p2a: Garganacl|59\/100|[from] item: Leftovers\n|-end|p2a: Garganacl|Magma Storm|[partiallytrapped]|[silent]\n|-end|p2a: Garganacl|move: Taunt\n|upkeep\n|\n|t:|1700967502\n|switch|p1a: Aegislash|Aegislash, F|63\/100\n|turn|30\n|c| WSoldat|Mal\n|c| WSoldat|Puto gf\n|c| insipido|Esa wea falla mucho\n|c|\u2606PeppsiAsiEs|lloro en arabe\n|\n|t:|1700967516\n|-formechange|p1a: Aegislash|Aegislash-Blade||[from] ability: Stance Change\n|move|p1a: Aegislash|Shadow Claw|p2a: Garganacl\n|-supereffective|p2a: Garganacl\n|-damage|p2a: Garganacl|43\/100\n|move|p2a: Garganacl|Recover|p2a: Garganacl\n|-heal|p2a: Garganacl|93\/100\n|\n|-heal|p2a: Garganacl|99\/100|[from] item: Leftovers\n|upkeep\n|turn|31\n|c| WSoldat|El balance por la mierda\n|c| Void280|Aparte, le hace 25% al HP si es agua y acero\n|c|\u2606PeppsiAsiEs|maldigo el scarf de rotom\n|\n|t:|1700967527\n|move|p1a: Aegislash|Shadow Claw|p2a: Garganacl\n|-supereffective|p2a: Garganacl\n|-damage|p2a: Garganacl|86\/100\n|move|p2a: Garganacl|Salt Cure|p1a: Aegislash\n|-resisted|p1a: Aegislash\n|-damage|p1a: Aegislash|51\/100\n|-start|p1a: Aegislash|Salt Cure\n|\n|-heal|p2a: Garganacl|92\/100|[from] item: Leftovers\n|-damage|p1a: Aegislash|26\/100|[from] Salt Cure\n|upkeep\n|turn|32\n|c| Fabrizio8|f\n|c|\u2606Danwine|Gg\n|c| Sylveon(404)|ban a gaygaynalc\n|\n|t:|1700967550\n|move|p1a: Aegislash|Shadow Claw|p2a: Garganacl\n|-supereffective|p2a: Garganacl\n|-damage|p2a: Garganacl|77\/100\n|move|p2a: Garganacl|Salt Cure|p1a: Aegislash\n|-resisted|p1a: Aegislash\n|-damage|p1a: Aegislash|13\/100\n|\n|-heal|p2a: Garganacl|83\/100|[from] item: Leftovers\n|-damage|p1a: Aegislash|0 fnt|[from] Salt Cure\n|faint|p1a: Aegislash\n|\n|win|Danwine\n|upkeep\n|c| Sylveon(404)|pobre sneasler\n|c| insipido|Recuerda que no es oficial :^)\n|c| Void280|Aparte, a Garga no se le puede matar a estados\n|c| WSoldat|Tranquilo pep, tratare que no te llegue otro garga\n|c| Sylveon(404)|solo por sweeper lo banean\n|l|\u2606PeppsiAsiEs\n|l| Fabrizio8\n|c| Gamer00ooO|Gg\n|l| Sylveon(404)\n|l| Void280\n|l| WSoldat\n","uploadtime":1700967579,"views":17,"p1id":"peppsiasies","p2id":"danwine","formatid":"gen9nationaldex","rating":0,"private":0,"password":""}