{"id":"gen9nationaldex-1994738860","p1":"GuiGuidas","p2":"h0t water","format":"[Gen 9] National Dex","log":"|html|<div class=\"broadcast-blue\"><strong>[Gen 9] National Dex is currently suspecting Sneasler! For information on how to participate check out the <a href=\"https:\/\/www.smogon.com\/forums\/threads\/sv-national-dex-suspect-8-just-dance.3731534\/\">suspect thread<\/a>.<\/strong><\/div>\n|j|\u2606GuiGuidas\n|j|\u2606h0t water\n|t:|1700487694\n|gametype|singles\n|player|p1|GuiGuidas|hiker-gen4|1072\n|player|p2|h0t water|265|1109\n|teamsize|p1|6\n|teamsize|p2|6\n|gen|9\n|tier|[Gen 9] National Dex\n|rated|\n|rule|HP Percentage Mod: HP is shown in percentages\n|rule|Endless Battle Clause: Forcing endless battles is banned\n|rule|OHKO Clause: OHKO moves are banned\n|rule|Evasion Clause: Evasion abilities, items, and moves are banned\n|rule|Evasion Abilities Clause: Evasion abilities are banned\n|rule|Evasion Items Clause: Evasion items are banned\n|rule|Evasion Moves Clause: Evasion moves are banned\n|rule|Species Clause: Limit one of each Pok\u00e9mon\n|rule|Sleep Clause Mod: Limit one foe put to sleep\n|clearpoke\n|poke|p1|Krookodile, M|\n|poke|p1|Steelix, M|\n|poke|p1|Torterra, M|\n|poke|p1|Aggron, F|\n|poke|p1|Leavanny, F|\n|poke|p1|Golisopod, M|\n|poke|p2|Iron Valiant|\n|poke|p2|Galvantula, M|\n|poke|p2|Uxie|\n|poke|p2|Blaziken, M|\n|poke|p2|Inteleon, M|\n|poke|p2|Haxorus, M|\n|teampreview\n|inactive|Battle timer is ON: inactive players will automatically lose when time's up. (requested by h0t water)\n|\n|t:|1700487705\n|start\n|switch|p1a: Gal\u00e1pagos|Torterra, M|100\/100\n|switch|p2a: Uxie|Uxie|100\/100\n|turn|1\n|\n|t:|1700487711\n|move|p2a: Uxie|Trick|p1a: Gal\u00e1pagos\n|-activate|p2a: Uxie|move: Trick|[of] p1a: Gal\u00e1pagos\n|-item|p1a: Gal\u00e1pagos|Choice Scarf|[from] move: Trick\n|-item|p2a: Uxie|Loaded Dice|[from] move: Trick\n|move|p1a: Gal\u00e1pagos|Earthquake|p2a: Uxie\n|-immune|p2a: Uxie|[from] ability: Levitate\n|\n|upkeep\n|turn|2\n|\n|t:|1700487719\n|switch|p1a: Caiman|Krookodile, M|100\/100\n|move|p2a: Uxie|Stealth Rock|p1a: Caiman\n|-sidestart|p1: GuiGuidas|move: Stealth Rock\n|\n|upkeep\n|turn|3\n|\n|t:|1700487727\n|move|p2a: Uxie|Memento|p1a: Caiman\n|-unboost|p1a: Caiman|atk|2\n|-unboost|p1a: Caiman|spa|2\n|faint|p2a: Uxie\n|move|p1a: Caiman|Knock Off|p2: Uxie|[notarget]\n|-fail|p1a: Caiman\n|\n|upkeep\n|\n|t:|1700487738\n|switch|p2a: Haxorus|Haxorus, M|100\/100\n|-ability|p2a: Haxorus|Mold Breaker\n|turn|4\n|\n|t:|1700487747\n|move|p2a: Haxorus|Swords Dance|p2a: Haxorus\n|-boost|p2a: Haxorus|atk|2\n|move|p1a: Caiman|Outrage|p2a: Haxorus\n|-supereffective|p2a: Haxorus\n|-damage|p2a: Haxorus|45\/100\n|\n|upkeep\n|turn|5\n|\n|t:|1700487754\n|move|p2a: Haxorus|Scale Shot|p1a: Caiman\n|-damage|p1a: Caiman|62\/100\n|-damage|p1a: Caiman|24\/100\n|-damage|p1a: Caiman|0 fnt\n|faint|p1a: Caiman\n|-hitcount|p1: Caiman|3\n|-unboost|p2a: Haxorus|def|1\n|-boost|p2a: Haxorus|spe|1\n|\n|upkeep\n|\n|t:|1700487762\n|switch|p1a: Shogun|Golisopod, M|100\/100\n|-damage|p1a: Shogun|76\/100|[from] Stealth Rock\n|turn|6\n|\n|t:|1700487766\n|move|p1a: Shogun|First Impression|p2a: Haxorus\n|-damage|p2a: Haxorus|0 fnt\n|faint|p2a: Haxorus\n|\n|upkeep\n|\n|t:|1700487773\n|switch|p2a: Inteleon|Inteleon, M|100\/100\n|turn|7\n|\n|t:|1700487776\n|move|p2a: Inteleon|Focus Energy|p2a: Inteleon\n|-start|p2a: Inteleon|move: Focus Energy\n|move|p1a: Shogun|Leech Life|p2a: Inteleon\n|-damage|p2a: Inteleon|18\/100\n|-heal|p1a: Shogun|100\/100|[from] drain|[of] p2a: Inteleon\n|\n|upkeep\n|turn|8\n|\n|t:|1700487784\n|-terastallize|p2a: Inteleon|Electric\n|move|p2a: Inteleon|Tera Blast|p1a: Shogun|[anim] Tera Blast Electric\n|-supereffective|p1a: Shogun\n|-crit|p1a: Shogun\n|-damage|p1a: Shogun|0 fnt\n|faint|p1a: Shogun\n|\n|upkeep\n|\n|t:|1700487799\n|switch|p1a: Robson Jerson|Steelix, M|100\/100\n|-damage|p1a: Robson Jerson|97\/100|[from] Stealth Rock\n|turn|9\n|\n|t:|1700487812\n|move|p2a: Inteleon|Snipe Shot|p1a: Robson Jerson\n|-supereffective|p1a: Robson Jerson\n|-crit|p1a: Robson Jerson\n|-damage|p1a: Robson Jerson|0 fnt\n|faint|p1a: Robson Jerson\n|\n|upkeep\n|\n|t:|1700487818\n|switch|p1a: Garnet|Aggron, F|100\/100\n|-damage|p1a: Garnet|94\/100|[from] Stealth Rock\n|turn|10\n|\n|t:|1700487822\n|detailschange|p1a: Garnet|Aggron-Mega, F\n|-mega|p1a: Garnet|Aggron|Aggronite\n|move|p2a: Inteleon|Snipe Shot|p1a: Garnet\n|-crit|p1a: Garnet\n|-damage|p1a: Garnet|0 fnt\n|faint|p1a: Garnet\n|\n|upkeep\n|\n|t:|1700487829\n|switch|p1a: Gal\u00e1pagos|Torterra, M|100\/100\n|-damage|p1a: Gal\u00e1pagos|94\/100|[from] Stealth Rock\n|turn|11\n|\n|t:|1700487833\n|move|p2a: Inteleon|Ice Beam|p1a: Gal\u00e1pagos\n|-supereffective|p1a: Gal\u00e1pagos\n|-damage|p1a: Gal\u00e1pagos|0 fnt\n|faint|p1a: Gal\u00e1pagos\n|\n|upkeep\n|\n|t:|1700487838\n|switch|p1a: Evelynn|Leavanny, F|100\/100\n|-damage|p1a: Evelynn|76\/100|[from] Stealth Rock\n|turn|12\n|\n|t:|1700487843\n|move|p2a: Inteleon|Ice Beam|p1a: Evelynn\n|-supereffective|p1a: Evelynn\n|-crit|p1a: Evelynn\n|-damage|p1a: Evelynn|0 fnt\n|faint|p1a: Evelynn\n|\n|win|h0t water\n|raw|GuiGuidas's rating: 1072 &rarr; <strong>1053<\/strong><br \/>(-19 for losing)\n|raw|h0t water's rating: 1109 &rarr; <strong>1131<\/strong><br \/>(+22 for winning)\n|l|\u2606GuiGuidas\n","uploadtime":1700487853,"views":10,"p1id":"guiguidas","p2id":"h0twater","formatid":"gen9nationaldex","rating":1053,"private":0,"password":""}