{"id":"gen9nationaldex-1990422557","p1":"wohuaweida","p2":"OnekeeperGE","format":"[Gen 9] National Dex","log":"|j|\u2606wohuaweida\n|j|\u2606OnekeeperGE\n|t:|1699969399\n|gametype|singles\n|player|p1|wohuaweida|169|1469\n|player|p2|OnekeeperGE|dragontamer|1377\n|teamsize|p1|6\n|teamsize|p2|6\n|gen|9\n|tier|[Gen 9] National Dex\n|rated|\n|rule|HP Percentage Mod: HP is shown in percentages\n|rule|Endless Battle Clause: Forcing endless battles is banned\n|rule|OHKO Clause: OHKO moves are banned\n|rule|Evasion Clause: Evasion abilities, items, and moves are banned\n|rule|Evasion Abilities Clause: Evasion abilities are banned\n|rule|Evasion Items Clause: Evasion items are banned\n|rule|Evasion Moves Clause: Evasion moves are banned\n|rule|Species Clause: Limit one of each Pok\u00e9mon\n|rule|Sleep Clause Mod: Limit one foe put to sleep\n|clearpoke\n|poke|p1|Pelipper, F|\n|poke|p1|Greninja-*, M|\n|poke|p1|Swampert, F|\n|poke|p1|Talonflame, M|\n|poke|p1|Zapdos|\n|poke|p1|Ogerpon-Wellspring, F|\n|poke|p2|Glimmora, M|\n|poke|p2|Hydreigon, M|\n|poke|p2|Corviknight, M|\n|poke|p2|Volcarona, M|\n|poke|p2|Lopunny, M|\n|poke|p2|Zapdos|\n|teampreview\n|\n|t:|1699969403\n|start\n|switch|p1a: Pelipper|Pelipper, F|100\/100\n|switch|p2a: Glimmora|Glimmora, M|100\/100\n|-weather|RainDance|[from] ability: Drizzle|[of] p1a: Pelipper\n|turn|1\n|\n|t:|1699969405\n|move|p2a: Glimmora|Power Gem|p1a: Pelipper\n|-supereffective|p1a: Pelipper\n|-damage|p1a: Pelipper|0 fnt\n|faint|p1a: Pelipper\n|\n|-weather|RainDance|[upkeep]\n|upkeep\n|\n|t:|1699969412\n|switch|p1a: Swampert|Swampert, F|100\/100\n|turn|2\n|\n|t:|1699969418\n|switch|p2a: Zapdos|Zapdos|100\/100\n|detailschange|p1a: Swampert|Swampert-Mega, F\n|-mega|p1a: Swampert|Swampert|Swampertite\n|move|p1a: Swampert|Waterfall|p2a: Zapdos\n|-damage|p2a: Zapdos|24\/100\n|\n|-weather|RainDance|[upkeep]\n|upkeep\n|turn|3\n|\n|t:|1699969426\n|move|p1a: Swampert|Waterfall|p2a: Zapdos\n|-damage|p2a: Zapdos|0 fnt\n|faint|p2a: Zapdos\n|\n|-weather|RainDance|[upkeep]\n|upkeep\n|\n|t:|1699969430\n|switch|p2a: Corviknight|Corviknight, M|100\/100\n|-ability|p2a: Corviknight|Pressure\n|turn|4\n|\n|t:|1699969435\n|move|p1a: Swampert|Waterfall|p2a: Corviknight\n|-damage|p2a: Corviknight|57\/100\n|-damage|p1a: Swampert|84\/100|[from] item: Rocky Helmet|[of] p2a: Corviknight\n|move|p2a: Corviknight|Roost|p2a: Corviknight\n|-heal|p2a: Corviknight|100\/100\n|-singleturn|p2a: Corviknight|move: Roost\n|\n|-weather|RainDance|[upkeep]\n|upkeep\n|turn|5\n|\n|t:|1699969439\n|move|p1a: Swampert|Flip Turn|p2a: Corviknight\n|-damage|p2a: Corviknight|66\/100\n|-damage|p1a: Swampert|68\/100|[from] item: Rocky Helmet|[of] p2a: Corviknight\n|\n|t:|1699969445\n|switch|p1a: Zapdos|Zapdos|100\/100|[from] Flip Turn\n|move|p2a: Corviknight|Bulk Up|p2a: Corviknight\n|-boost|p2a: Corviknight|atk|1\n|-boost|p2a: Corviknight|def|1\n|\n|-weather|RainDance|[upkeep]\n|upkeep\n|turn|6\n|\n|t:|1699969453\n|switch|p2a: Hydreigon|Hydreigon, M|100\/100\n|move|p1a: Zapdos|Volt Switch|p2a: Hydreigon\n|-resisted|p2a: Hydreigon\n|-damage|p2a: Hydreigon|85\/100\n|\n|t:|1699969467\n|switch|p1a: Greninja|Greninja, M|100\/100|[from] Volt Switch\n|\n|-weather|RainDance|[upkeep]\n|upkeep\n|turn|7\n|inactive|Battle timer is ON: inactive players will automatically lose when time's up. (requested by wohuaweida)\n|\n|t:|1699969510\n|-terastallize|p2a: Hydreigon|Steel\n|move|p2a: Hydreigon|Draco Meteor|p1a: Greninja|[miss]\n|-miss|p2a: Hydreigon|p1a: Greninja\n|move|p1a: Greninja|Ice Beam|p2a: Hydreigon\n|-resisted|p2a: Hydreigon\n|-damage|p2a: Hydreigon|65\/100\n|-damage|p1a: Greninja|91\/100|[from] item: Life Orb\n|\n|-weather|RainDance|[upkeep]\n|upkeep\n|turn|8\n|\n|t:|1699969525\n|switch|p1a: Ogerpon|Ogerpon-Wellspring, F|100\/100\n|move|p2a: Hydreigon|Draco Meteor|p1a: Ogerpon\n|-damage|p1a: Ogerpon|32\/100\n|-unboost|p2a: Hydreigon|spa|2\n|\n|-weather|none\n|upkeep\n|turn|9\n|\n|t:|1699969535\n|switch|p2a: Corviknight|Corviknight, M|66\/100\n|-ability|p2a: Corviknight|Pressure\n|move|p1a: Ogerpon|Substitute|p1a: Ogerpon\n|-start|p1a: Ogerpon|Substitute\n|-damage|p1a: Ogerpon|7\/100\n|\n|upkeep\n|turn|10\n|\n|t:|1699969537\n|move|p1a: Ogerpon|Leech Seed|p2a: Corviknight\n|-start|p2a: Corviknight|move: Leech Seed\n|move|p2a: Corviknight|Brave Bird|p1a: Ogerpon\n|-supereffective|p1a: Ogerpon\n|-end|p1a: Ogerpon|Substitute\n|-damage|p2a: Corviknight|58\/100|[from] Recoil|[of] p1a: Ogerpon\n|\n|-damage|p2a: Corviknight|46\/100|[from] Leech Seed|[of] p1a: Ogerpon\n|-heal|p1a: Ogerpon|21\/100|[silent]\n|upkeep\n|turn|11\n|\n|t:|1699969542\n|move|p1a: Ogerpon|Spiky Shield|p1a: Ogerpon\n|-singleturn|p1a: Ogerpon|move: Protect\n|move|p2a: Corviknight|Brave Bird|p1a: Ogerpon\n|-activate|p1a: Ogerpon|move: Protect\n|-damage|p2a: Corviknight|33\/100|[from] Spiky Shield|[of] p1a: Ogerpon\n|\n|-damage|p2a: Corviknight|21\/100|[from] Leech Seed|[of] p1a: Ogerpon\n|-heal|p1a: Ogerpon|34\/100|[silent]\n|upkeep\n|turn|12\n|\n|t:|1699969547\n|move|p1a: Ogerpon|Ivy Cudgel|p2a: Corviknight|[anim] Ivy Cudgel Water\n|-damage|p2a: Corviknight|0 fnt\n|faint|p2a: Corviknight\n|\n|upkeep\n|\n|t:|1699969550\n|switch|p2a: Lopunny|Lopunny, M|100\/100\n|turn|13\n|\n|t:|1699969555\n|move|p1a: Ogerpon|Spiky Shield|p1a: Ogerpon\n|-singleturn|p1a: Ogerpon|move: Protect\n|move|p2a: Lopunny|Return|p1a: Ogerpon\n|-activate|p1a: Ogerpon|move: Protect\n|-damage|p2a: Lopunny|88\/100|[from] Spiky Shield|[of] p1a: Ogerpon\n|\n|upkeep\n|turn|14\n|\n|t:|1699969559\n|move|p1a: Ogerpon|Ivy Cudgel|p2a: Lopunny|[anim] Ivy Cudgel Water\n|-damage|p2a: Lopunny|20\/100\n|move|p2a: Lopunny|Return|p1a: Ogerpon\n|-damage|p1a: Ogerpon|0 fnt\n|faint|p1a: Ogerpon\n|\n|upkeep\n|\n|t:|1699969573\n|switch|p1a: Greninja|Greninja, M|91\/100\n|turn|15\n|\n|t:|1699969577\n|detailschange|p2a: Lopunny|Lopunny-Mega, M\n|-mega|p2a: Lopunny|Lopunny|Lopunnite\n|move|p1a: Greninja|Water Shuriken|p2a: Lopunny\n|-damage|p2a: Lopunny|8\/100\n|-damage|p2a: Lopunny|0 fnt\n|faint|p2a: Lopunny\n|-ability|p1a: Greninja|Battle Bond|boost\n|-boost|p1a: Greninja|atk|1\n|-boost|p1a: Greninja|spa|1\n|-boost|p1a: Greninja|spe|1\n|-activate|p1a: Greninja|ability: Battle Bond\n|-hitcount|p2: Lopunny|2\n|-damage|p1a: Greninja|81\/100|[from] item: Life Orb\n|\n|upkeep\n|\n|t:|1699969587\n|switch|p2a: Hydreigon|Hydreigon, M, tera:Steel|65\/100\n|turn|16\n|\n|t:|1699969592\n|move|p1a: Greninja|Hydro Pump|p2a: Hydreigon\n|-damage|p2a: Hydreigon|0 fnt\n|faint|p2a: Hydreigon\n|-damage|p1a: Greninja|71\/100|[from] item: Life Orb\n|\n|upkeep\n|-message|OnekeeperGE forfeited.\n|\n|win|wohuaweida\n|raw|wohuaweida's rating: 1469 &rarr; <strong>1484<\/strong><br \/>(+15 for winning)\n|raw|OnekeeperGE's rating: 1377 &rarr; <strong>1362<\/strong><br \/>(-15 for losing)\n|l|\u2606OnekeeperGE\n","uploadtime":1699969601,"views":7,"p1id":"wohuaweida","p2id":"onekeeperge","formatid":"gen9nationaldex","rating":1362,"private":0,"password":""}