{"id":"gen9nationaldex-1997577861","p1":"xingkongzhong","p2":"Twoinwardsoup","format":"[Gen 9] National Dex","log":"|html|<div class=\"broadcast-blue\"><strong>[Gen 9] National Dex is currently suspecting Sneasler! For information on how to participate check out the <a href=\"https:\/\/www.smogon.com\/forums\/threads\/sv-national-dex-suspect-8-just-dance.3731534\/\">suspect thread<\/a>.<\/strong><\/div>\n|j|\u2606xingkongzhong\n|j|\u2606Twoinwardsoup\n|t:|1700828201\n|gametype|singles\n|player|p1|xingkongzhong|rosa|1228\n|player|p2|Twoinwardsoup|unknown|1114\n|teamsize|p1|6\n|teamsize|p2|6\n|gen|9\n|tier|[Gen 9] National Dex\n|rated|\n|rule|HP Percentage Mod: HP is shown in percentages\n|rule|Endless Battle Clause: Forcing endless battles is banned\n|rule|OHKO Clause: OHKO moves are banned\n|rule|Evasion Clause: Evasion abilities, items, and moves are banned\n|rule|Evasion Abilities Clause: Evasion abilities are banned\n|rule|Evasion Items Clause: Evasion items are banned\n|rule|Evasion Moves Clause: Evasion moves are banned\n|rule|Species Clause: Limit one of each Pok\u00e9mon\n|rule|Sleep Clause Mod: Limit one foe put to sleep\n|clearpoke\n|poke|p1|Pelipper, M|\n|poke|p1|Swampert, M|\n|poke|p1|Barraskewda, F|\n|poke|p1|Celesteela|\n|poke|p1|Garchomp, F|\n|poke|p1|Rotom-Wash|\n|poke|p2|Pyukumuku, M|\n|poke|p2|Toxapex, F|\n|poke|p2|Urshifu-*, M|\n|poke|p2|Gyarados, F|\n|poke|p2|Alomomola, M|\n|poke|p2|Greninja-*, M|\n|teampreview\n|inactive|Battle timer is ON: inactive players will automatically lose when time's up. (requested by Twoinwardsoup)\n|\n|t:|1700828209\n|start\n|switch|p1a: Garchomp|Garchomp, F|100\/100\n|switch|p2a: Gyarados|Gyarados, F|100\/100\n|-ability|p2a: Gyarados|Intimidate|boost\n|-unboost|p1a: Garchomp|atk|1\n|turn|1\n|\n|t:|1700828219\n|move|p1a: Garchomp|Stealth Rock|p2a: Gyarados\n|-sidestart|p2: Twoinwardsoup|move: Stealth Rock\n|move|p2a: Gyarados|Dragon Dance|p2a: Gyarados\n|-boost|p2a: Gyarados|atk|1\n|-boost|p2a: Gyarados|spe|1\n|\n|upkeep\n|turn|2\n|\n|t:|1700828228\n|move|p2a: Gyarados|Earthquake|p1a: Garchomp\n|-damage|p1a: Garchomp|45\/100\n|move|p1a: Garchomp|Swords Dance|p1a: Garchomp\n|-boost|p1a: Garchomp|atk|2\n|\n|upkeep\n|turn|3\n|\n|t:|1700828238\n|switch|p1a: Pelipper|Pelipper, M|100\/100\n|-weather|RainDance|[from] ability: Drizzle|[of] p1a: Pelipper\n|move|p2a: Gyarados|Earthquake|p1a: Pelipper\n|-immune|p1a: Pelipper\n|\n|-weather|RainDance|[upkeep]\n|upkeep\n|turn|4\n|\n|t:|1700828247\n|move|p2a: Gyarados|Crunch|p1a: Pelipper\n|-damage|p1a: Pelipper|50\/100\n|move|p1a: Pelipper|U-turn|p2a: Gyarados\n|-resisted|p2a: Gyarados\n|-crit|p2a: Gyarados\n|-damage|p2a: Gyarados|92\/100\n|\n|t:|1700828255\n|switch|p1a: Celesteela|Celesteela|100\/100|[from] U-turn\n|\n|-weather|RainDance|[upkeep]\n|-heal|p2a: Gyarados|98\/100|[from] item: Leftovers\n|upkeep\n|turn|5\n|\n|t:|1700828263\n|move|p2a: Gyarados|Aqua Tail|p1a: Celesteela\n|-damage|p1a: Celesteela|22\/100\n|move|p1a: Celesteela|Leech Seed|p2a: Gyarados\n|-start|p2a: Gyarados|move: Leech Seed\n|\n|-weather|RainDance|[upkeep]\n|-heal|p2a: Gyarados|100\/100|[from] item: Leftovers\n|-heal|p1a: Celesteela|28\/100|[from] item: Leftovers\n|-damage|p2a: Gyarados|88\/100|[from] Leech Seed|[of] p1a: Celesteela\n|-heal|p1a: Celesteela|38\/100|[silent]\n|upkeep\n|turn|6\n|\n|t:|1700828275\n|move|p1a: Celesteela|Protect|p1a: Celesteela\n|-singleturn|p1a: Celesteela|Protect\n|move|p2a: Gyarados|Aqua Tail|p1a: Celesteela\n|-activate|p1a: Celesteela|move: Protect\n|\n|-weather|RainDance|[upkeep]\n|-heal|p2a: Gyarados|94\/100|[from] item: Leftovers\n|-heal|p1a: Celesteela|44\/100|[from] item: Leftovers\n|-damage|p2a: Gyarados|82\/100|[from] Leech Seed|[of] p1a: Celesteela\n|-heal|p1a: Celesteela|55\/100|[silent]\n|upkeep\n|turn|7\n|\n|t:|1700828293\n|switch|p1a: Garchomp|Garchomp, F|45\/100\n|move|p2a: Gyarados|Aqua Tail|p1a: Garchomp\n|-damage|p1a: Garchomp|0 fnt\n|-damage|p2a: Gyarados|69\/100|[from] ability: Rough Skin|[of] p1a: Garchomp\n|-damage|p2a: Gyarados|53\/100|[from] item: Rocky Helmet|[of] p1a: Garchomp\n|faint|p1a: Garchomp\n|\n|-weather|RainDance|[upkeep]\n|-heal|p2a: Gyarados|59\/100|[from] item: Leftovers\n|upkeep\n|\n|t:|1700828307\n|switch|p1a: Rotom|Rotom-Wash|100\/100\n|turn|8\n|\n|t:|1700828325\n|move|p1a: Rotom|Volt Switch|p2a: Gyarados\n|-supereffective|p2a: Gyarados\n|-damage|p2a: Gyarados|0 fnt\n|faint|p2a: Gyarados\n|\n|t:|1700828331\n|switch|p1a: Swampert|Swampert, M|100\/100|[from] Volt Switch\n|\n|-weather|RainDance|[upkeep]\n|upkeep\n|\n|t:|1700828334\n|switch|p2a: Pyukumuku|Pyukumuku, M, shiny|100\/100\n|-damage|p2a: Pyukumuku|88\/100|[from] Stealth Rock\n|turn|9\n|\n|t:|1700828345\n|detailschange|p1a: Swampert|Swampert-Mega, M\n|-mega|p1a: Swampert|Swampert|Swampertite\n|move|p1a: Swampert|Flip Turn|p2a: Pyukumuku\n|-resisted|p2a: Pyukumuku\n|-damage|p2a: Pyukumuku|65\/100\n|\n|t:|1700828350\n|switch|p1a: Rotom|Rotom-Wash|100\/100|[from] Flip Turn\n|move|p2a: Pyukumuku|Counter|p1a: Rotom\n|-damage|p1a: Rotom|41\/100\n|\n|-weather|RainDance|[upkeep]\n|upkeep\n|turn|10\n|\n|t:|1700828360\n|move|p1a: Rotom|Trick|p2a: Pyukumuku\n|-activate|p1a: Rotom|move: Trick|[of] p2a: Pyukumuku\n|-item|p2a: Pyukumuku|Choice Scarf|[from] move: Trick\n|-item|p1a: Rotom|Chesto Berry|[from] move: Trick\n|move|p2a: Pyukumuku|Mirror Coat||[still]\n|-fail|p2a: Pyukumuku\n|\n|-weather|none\n|upkeep\n|turn|11\n|\n|t:|1700828372\n|switch|p1a: Pelipper|Pelipper, M|50\/100\n|-weather|RainDance|[from] ability: Drizzle|[of] p1a: Pelipper\n|move|p2a: Pyukumuku|Mirror Coat||[still]\n|-fail|p2a: Pyukumuku\n|\n|-weather|RainDance|[upkeep]\n|upkeep\n|turn|12\n|\n|t:|1700828381\n|move|p1a: Pelipper|U-turn|p2a: Pyukumuku\n|-damage|p2a: Pyukumuku|59\/100\n|\n|t:|1700828385\n|switch|p1a: Swampert|Swampert-Mega, M|100\/100|[from] U-turn\n|move|p2a: Pyukumuku|Mirror Coat||[still]\n|-fail|p2a: Pyukumuku\n|\n|-weather|RainDance|[upkeep]\n|upkeep\n|turn|13\n|\n|t:|1700828393\n|switch|p2a: Alomomola|Alomomola, M|100\/100\n|-damage|p2a: Alomomola|88\/100|[from] Stealth Rock\n|move|p1a: Swampert|Earthquake|p2a: Alomomola\n|-damage|p2a: Alomomola|54\/100\n|\n|-weather|RainDance|[upkeep]\n|-heal|p2a: Alomomola|60\/100|[from] item: Leftovers\n|upkeep\n|turn|14\n|\n|t:|1700828411\n|move|p1a: Swampert|Flip Turn|p2a: Alomomola\n|-resisted|p2a: Alomomola\n|-damage|p2a: Alomomola|44\/100\n|\n|t:|1700828417\n|switch|p1a: Celesteela|Celesteela|55\/100|[from] Flip Turn\n|move|p2a: Alomomola|Liquidation|p1a: Celesteela\n|-crit|p1a: Celesteela\n|-damage|p1a: Celesteela|17\/100\n|\n|-weather|RainDance|[upkeep]\n|-heal|p1a: Celesteela|23\/100|[from] item: Leftovers\n|-heal|p2a: Alomomola|50\/100|[from] item: Leftovers\n|upkeep\n|turn|15\n|\n|t:|1700828429\n|move|p1a: Celesteela|Protect|p1a: Celesteela\n|-singleturn|p1a: Celesteela|Protect\n|move|p2a: Alomomola|Liquidation|p1a: Celesteela\n|-activate|p1a: Celesteela|move: Protect\n|\n|-weather|RainDance|[upkeep]\n|-heal|p1a: Celesteela|29\/100|[from] item: Leftovers\n|-heal|p2a: Alomomola|56\/100|[from] item: Leftovers\n|upkeep\n|turn|16\n|\n|t:|1700828439\n|move|p1a: Celesteela|Leech Seed|p2a: Alomomola\n|-start|p2a: Alomomola|move: Leech Seed\n|move|p2a: Alomomola|Liquidation|p1a: Celesteela\n|-damage|p1a: Celesteela|3\/100\n|\n|-weather|RainDance|[upkeep]\n|-heal|p1a: Celesteela|9\/100|[from] item: Leftovers\n|-heal|p2a: Alomomola|63\/100|[from] item: Leftovers\n|-damage|p2a: Alomomola|50\/100|[from] Leech Seed|[of] p1a: Celesteela\n|-heal|p1a: Celesteela|26\/100|[silent]\n|upkeep\n|turn|17\n|\n|t:|1700828452\n|switch|p2a: Greninja|Greninja, M|100\/100\n|-damage|p2a: Greninja|88\/100|[from] Stealth Rock\n|move|p1a: Celesteela|Protect||[still]\n|-fail|p1a: Celesteela\n|\n|-weather|RainDance|[upkeep]\n|-heal|p1a: Celesteela|32\/100|[from] item: Leftovers\n|upkeep\n|turn|18\n|\n|t:|1700828478\n|move|p2a: Greninja|Dark Pulse|p1a: Celesteela\n|-damage|p1a: Celesteela|2\/100\n|move|p1a: Celesteela|Leech Seed|p2a: Greninja|[miss]\n|-miss|p1a: Celesteela|p2a: Greninja\n|\n|-weather|none\n|-heal|p1a: Celesteela|8\/100|[from] item: Leftovers\n|upkeep\n|turn|19\n|\n|t:|1700828488\n|move|p1a: Celesteela|Protect|p1a: Celesteela\n|-singleturn|p1a: Celesteela|Protect\n|move|p2a: Greninja|Dark Pulse|p1a: Celesteela\n|-activate|p1a: Celesteela|move: Protect\n|\n|-heal|p1a: Celesteela|14\/100|[from] item: Leftovers\n|upkeep\n|turn|20\n|\n|t:|1700828499\n|move|p2a: Greninja|Dark Pulse|p1a: Celesteela\n|-damage|p1a: Celesteela|0 fnt\n|faint|p1a: Celesteela\n|-ability|p2a: Greninja|Battle Bond|boost\n|-boost|p2a: Greninja|atk|1\n|-boost|p2a: Greninja|spa|1\n|-boost|p2a: Greninja|spe|1\n|-activate|p2a: Greninja|ability: Battle Bond\n|\n|upkeep\n|\n|t:|1700828510\n|switch|p1a: Pelipper|Pelipper, M|50\/100\n|-weather|RainDance|[from] ability: Drizzle|[of] p1a: Pelipper\n|turn|21\n|\n|t:|1700828518\n|move|p2a: Greninja|Dark Pulse|p1a: Pelipper\n|-damage|p1a: Pelipper|0 fnt\n|faint|p1a: Pelipper\n|\n|-weather|RainDance|[upkeep]\n|upkeep\n|\n|t:|1700828524\n|switch|p1a: Barraskewda|Barraskewda, F|100\/100\n|turn|22\n|\n|t:|1700828529\n|move|p1a: Barraskewda|Close Combat|p2a: Greninja\n|-supereffective|p2a: Greninja\n|-damage|p2a: Greninja|0 fnt\n|-unboost|p1a: Barraskewda|def|1\n|-unboost|p1a: Barraskewda|spd|1\n|faint|p2a: Greninja\n|-damage|p1a: Barraskewda|91\/100|[from] item: Life Orb\n|\n|-weather|RainDance|[upkeep]\n|upkeep\n|\n|t:|1700828535\n|switch|p2a: Pyukumuku|Pyukumuku, M, shiny|59\/100\n|-damage|p2a: Pyukumuku|46\/100|[from] Stealth Rock\n|turn|23\n|\n|t:|1700828546\n|switch|p1a: Rotom|Rotom-Wash|41\/100\n|move|p2a: Pyukumuku|Counter||[still]\n|-fail|p2a: Pyukumuku\n|\n|-weather|RainDance|[upkeep]\n|upkeep\n|turn|24\n|\n|t:|1700828555\n|move|p1a: Rotom|Volt Switch|p2a: Pyukumuku\n|-supereffective|p2a: Pyukumuku\n|-damage|p2a: Pyukumuku|0 fnt\n|faint|p2a: Pyukumuku\n|\n|t:|1700828561\n|switch|p1a: Swampert|Swampert-Mega, M|100\/100|[from] Volt Switch\n|\n|-weather|RainDance|[upkeep]\n|upkeep\n|\n|t:|1700828567\n|switch|p2a: Urshifu|Urshifu-Rapid-Strike, M|100\/100\n|-damage|p2a: Urshifu|94\/100|[from] Stealth Rock\n|turn|25\n|\n|t:|1700828574\n|move|p1a: Swampert|Earthquake|p2a: Urshifu\n|-damage|p2a: Urshifu|30\/100\n|move|p2a: Urshifu|Surging Strikes|p1a: Swampert\n|-crit|p1a: Swampert\n|-damage|p1a: Swampert|66\/100\n|-crit|p1a: Swampert\n|-damage|p1a: Swampert|27\/100\n|-crit|p1a: Swampert\n|-damage|p1a: Swampert|0 fnt\n|faint|p1a: Swampert\n|-hitcount|p1: Swampert|3\n|-damage|p2a: Urshifu|20\/100|[from] item: Life Orb\n|\n|-weather|RainDance|[upkeep]\n|upkeep\n|\n|t:|1700828588\n|switch|p1a: Barraskewda|Barraskewda, F|91\/100\n|turn|26\n|\n|t:|1700828600\n|move|p1a: Barraskewda|Psychic Fangs|p2a: Urshifu\n|-supereffective|p2a: Urshifu\n|-damage|p2a: Urshifu|0 fnt\n|faint|p2a: Urshifu\n|-damage|p1a: Barraskewda|81\/100|[from] item: Life Orb\n|\n|-weather|RainDance|[upkeep]\n|upkeep\n|\n|t:|1700828603\n|switch|p2a: Alomomola|Alomomola, M|84\/100\n|-damage|p2a: Alomomola|71\/100|[from] Stealth Rock\n|turn|27\n|\n|t:|1700828612\n|switch|p1a: Rotom|Rotom-Wash|41\/100\n|move|p2a: Alomomola|Knock Off|p1a: Rotom\n|-damage|p1a: Rotom|15\/100\n|-enditem|p1a: Rotom|Chesto Berry|[from] move: Knock Off|[of] p2a: Alomomola\n|\n|-weather|RainDance|[upkeep]\n|-heal|p2a: Alomomola|77\/100|[from] item: Leftovers\n|upkeep\n|turn|28\n|\n|t:|1700828640\n|-terastallize|p1a: Rotom|Electric\n|move|p1a: Rotom|Volt Switch|p2a: Alomomola\n|-supereffective|p2a: Alomomola\n|-damage|p2a: Alomomola|0 fnt\n|faint|p2a: Alomomola\n|\n|t:|1700828647\n|switch|p1a: Barraskewda|Barraskewda, F|81\/100|[from] Volt Switch\n|\n|-weather|none\n|upkeep\n|\n|t:|1700828663\n|switch|p2a: Toxapex|Toxapex, F|100\/100\n|-damage|p2a: Toxapex|88\/100|[from] Stealth Rock\n|turn|29\n|\n|t:|1700828668\n|move|p1a: Barraskewda|Substitute|p1a: Barraskewda\n|-start|p1a: Barraskewda|Substitute\n|-damage|p1a: Barraskewda|56\/100\n|move|p2a: Toxapex|Toxic||[still]\n|-fail|p2a: Toxapex\n|\n|-heal|p2a: Toxapex|94\/100|[from] item: Black Sludge\n|upkeep\n|turn|30\n|\n|t:|1700828677\n|move|p1a: Barraskewda|Psychic Fangs|p2a: Toxapex\n|-supereffective|p2a: Toxapex\n|-damage|p2a: Toxapex|42\/100\n|-damage|p1a: Barraskewda|46\/100|[from] item: Life Orb\n|move|p2a: Toxapex|Scald|p1a: Barraskewda\n|-resisted|p1a: Barraskewda\n|-activate|p1a: Barraskewda|move: Substitute|[damage]\n|\n|-heal|p2a: Toxapex|48\/100|[from] item: Black Sludge\n|upkeep\n|turn|31\n|\n|t:|1700828692\n|move|p1a: Barraskewda|Psychic Fangs|p2a: Toxapex\n|-supereffective|p2a: Toxapex\n|-damage|p2a: Toxapex|3\/100\n|-damage|p1a: Barraskewda|36\/100|[from] item: Life Orb\n|move|p2a: Toxapex|Recover|p2a: Toxapex\n|-heal|p2a: Toxapex|53\/100\n|\n|-heal|p2a: Toxapex|59\/100|[from] item: Black Sludge\n|upkeep\n|turn|32\n|\n|t:|1700828703\n|move|p1a: Barraskewda|Psychic Fangs|p2a: Toxapex\n|-supereffective|p2a: Toxapex\n|-damage|p2a: Toxapex|10\/100\n|-damage|p1a: Barraskewda|26\/100|[from] item: Life Orb\n|move|p2a: Toxapex|Recover|p2a: Toxapex\n|-heal|p2a: Toxapex|60\/100\n|\n|-heal|p2a: Toxapex|67\/100|[from] item: Black Sludge\n|upkeep\n|turn|33\n|\n|t:|1700828719\n|switch|p1a: Rotom|Rotom-Wash, tera:Electric|15\/100\n|move|p2a: Toxapex|Recover|p2a: Toxapex\n|-heal|p2a: Toxapex|100\/100\n|\n|upkeep\n|turn|34\n|\n|t:|1700828733\n|-terastallize|p2a: Toxapex|Poison\n|move|p1a: Rotom|Volt Switch|p2a: Toxapex\n|-damage|p2a: Toxapex|65\/100\n|\n|t:|1700828739\n|switch|p1a: Barraskewda|Barraskewda, F|26\/100|[from] Volt Switch\n|move|p2a: Toxapex|Scald|p1a: Barraskewda\n|-resisted|p1a: Barraskewda\n|-damage|p1a: Barraskewda|7\/100\n|\n|-heal|p2a: Toxapex|71\/100|[from] item: Black Sludge\n|upkeep\n|turn|35\n|\n|t:|1700828752\n|move|p1a: Barraskewda|Psychic Fangs|p2a: Toxapex\n|-supereffective|p2a: Toxapex\n|-damage|p2a: Toxapex|25\/100\n|-damage|p1a: Barraskewda|0 fnt|[from] item: Life Orb\n|faint|p1a: Barraskewda\n|move|p2a: Toxapex|Recover|p2a: Toxapex\n|-heal|p2a: Toxapex|75\/100\n|\n|-heal|p2a: Toxapex|81\/100|[from] item: Black Sludge\n|upkeep\n|c|\u2606Twoinwardsoup|Gg\n|-message|xingkongzhong forfeited.\n|\n|win|Twoinwardsoup\n|raw|xingkongzhong's rating: 1228 &rarr; <strong>1195<\/strong><br \/>(-33 for losing)\n|raw|Twoinwardsoup's rating: 1114 &rarr; <strong>1147<\/strong><br \/>(+33 for winning)\n|l|\u2606xingkongzhong\n","uploadtime":1700828782,"views":11,"p1id":"xingkongzhong","p2id":"twoinwardsoup","formatid":"gen9nationaldex","rating":1147,"private":0,"password":""}