{"id":"gen9nationaldex-1999037447","p1":"TRIDENTE 3X3","p2":"XLioneldoX","format":"[Gen 9] National Dex","log":"|html|<div class=\"broadcast-blue\"><strong>[Gen 9] National Dex is currently suspecting Sneasler! For information on how to participate check out the <a href=\"https:\/\/www.smogon.com\/forums\/threads\/sv-national-dex-suspect-8-just-dance.3731534\/\">suspect thread<\/a>.<\/strong><\/div>\n|j|\u2606TRIDENTE 3X3\n|j|\u2606XLioneldoX\n|t:|1701026456\n|gametype|singles\n|player|p1|TRIDENTE 3X3|policeman-gen4|\n|player|p2|XLioneldoX|2|\n|teamsize|p1|6\n|teamsize|p2|6\n|gen|9\n|tier|[Gen 9] National Dex\n|rule|HP Percentage Mod: HP is shown in percentages\n|rule|Endless Battle Clause: Forcing endless battles is banned\n|rule|OHKO Clause: OHKO moves are banned\n|rule|Evasion Clause: Evasion abilities, items, and moves are banned\n|rule|Evasion Abilities Clause: Evasion abilities are banned\n|rule|Evasion Items Clause: Evasion items are banned\n|rule|Evasion Moves Clause: Evasion moves are banned\n|rule|Species Clause: Limit one of each Pok\u00e9mon\n|rule|Sleep Clause Mod: Limit one foe put to sleep\n|clearpoke\n|poke|p1|Grimmsnarl, M|\n|poke|p1|Corviknight, M|\n|poke|p1|Lycanroc-Dusk, M|\n|poke|p1|Rillaboom, M|\n|poke|p1|Kommo-o, M|\n|poke|p1|Volcarona, F|\n|poke|p2|Ferrothorn, F|\n|poke|p2|Iron Valiant|\n|poke|p2|Charizard, F|\n|poke|p2|Victini|\n|poke|p2|Great Tusk|\n|poke|p2|Zoroark-Hisui, M|\n|teampreview\n|\n|t:|1701026486\n|start\n|switch|p1a: Grimmsnarl|Grimmsnarl, M|100\/100\n|switch|p2a: Charizard|Charizard, F, shiny|100\/100\n|turn|1\n|\n|t:|1701026547\n|detailschange|p2a: Charizard|Charizard-Mega-Y, F, shiny\n|-mega|p2a: Charizard|Charizard|Charizardite Y\n|-weather|SunnyDay|[from] ability: Drought|[of] p2a: Charizard\n|move|p1a: Grimmsnarl|Light Screen|p1a: Grimmsnarl\n|-sidestart|p1: TRIDENTE 3X3|move: Light Screen\n|move|p2a: Charizard|Solar Beam||[still]\n|-prepare|p2a: Charizard|Solar Beam\n|-anim|p2a: Charizard|Solar Beam|p1a: Grimmsnarl\n|-damage|p1a: Grimmsnarl|79\/100\n|\n|-weather|SunnyDay|[upkeep]\n|upkeep\n|turn|2\n|\n|t:|1701026583\n|switch|p2a: Victini|Victini|100\/100\n|move|p1a: Grimmsnarl|Thunder Wave|p2a: Victini\n|-status|p2a: Victini|par\n|\n|-weather|SunnyDay|[upkeep]\n|upkeep\n|turn|3\n|\n|t:|1701026603\n|move|p1a: Grimmsnarl|Reflect|p1a: Grimmsnarl\n|-sidestart|p1: TRIDENTE 3X3|Reflect\n|move|p2a: Victini|V-create|p1a: Grimmsnarl\n|-damage|p1a: Grimmsnarl|28\/100\n|-unboost|p2a: Victini|spe|1\n|-unboost|p2a: Victini|def|1\n|-unboost|p2a: Victini|spd|1\n|\n|-weather|SunnyDay|[upkeep]\n|upkeep\n|turn|4\n|\n|t:|1701026654\n|move|p1a: Grimmsnarl|Parting Shot|p2a: Victini\n|-unboost|p2a: Victini|atk|1\n|-unboost|p2a: Victini|spa|1\n|\n|t:|1701026690\n|switch|p1a: Kommo-o|Kommo-o, M|100\/100|[from] Parting Shot\n|move|p2a: Victini|V-create|p1a: Kommo-o\n|-resisted|p1a: Kommo-o\n|-damage|p1a: Kommo-o|81\/100\n|-unboost|p2a: Victini|spe|1\n|-unboost|p2a: Victini|def|1\n|-unboost|p2a: Victini|spd|1\n|\n|-weather|SunnyDay|[upkeep]\n|upkeep\n|turn|5\n|\n|t:|1701026709\n|switch|p2a: Iron Valiant|Iron Valiant|100\/100\n|-enditem|p2a: Iron Valiant|Booster Energy\n|-activate|p2a: Iron Valiant|ability: Quark Drive|[fromitem]\n|-start|p2a: Iron Valiant|quarkdrivespe\n|move|p1a: Kommo-o|Flash Cannon|p2a: Iron Valiant\n|-supereffective|p2a: Iron Valiant\n|-damage|p2a: Iron Valiant|2\/100\n|\n|-weather|none\n|upkeep\n|turn|6\n|\n|t:|1701026728\n|switch|p1a: Lycanroc|Lycanroc-Dusk, M|100\/100\n|move|p2a: Iron Valiant|Moonblast|p1a: Lycanroc\n|-damage|p1a: Lycanroc|67\/100\n|\n|upkeep\n|turn|7\n|\n|t:|1701026757\n|-end|p2a: Iron Valiant|Quark Drive|[silent]\n|switch|p2a: Ferrothorn|Ferrothorn, F|100\/100\n|move|p1a: Lycanroc|Accelerock|p2a: Ferrothorn\n|-resisted|p2a: Ferrothorn\n|-damage|p2a: Ferrothorn|93\/100\n|-damage|p1a: Lycanroc|55\/100|[from] ability: Iron Barbs|[of] p2a: Ferrothorn\n|-damage|p1a: Lycanroc|39\/100|[from] item: Rocky Helmet|[of] p2a: Ferrothorn\n|\n|upkeep\n|turn|8\n|\n|t:|1701026794\n|switch|p1a: Rillaboom|Rillaboom, M, shiny|100\/100\n|-fieldstart|move: Grassy Terrain|[from] ability: Grassy Surge|[of] p1a: Rillaboom\n|move|p2a: Ferrothorn|Leech Seed|p1a: Rillaboom\n|-immune|p1a: Rillaboom\n|\n|-heal|p2a: Ferrothorn|99\/100|[from] Grassy Terrain\n|-sideend|p1: TRIDENTE 3X3|move: Light Screen\n|upkeep\n|turn|9\n|\n|t:|1701026807\n|switch|p2a: Charizard|Charizard-Mega-Y, F, shiny|100\/100\n|-weather|SunnyDay|[from] ability: Drought|[of] p2a: Charizard\n|move|p1a: Rillaboom|Knock Off|p2a: Charizard\n|-damage|p2a: Charizard|56\/100\n|-damage|p1a: Rillaboom|91\/100|[from] item: Life Orb\n|\n|-weather|SunnyDay|[upkeep]\n|-heal|p1a: Rillaboom|97\/100|[from] Grassy Terrain\n|upkeep\n|turn|10\n|\n|t:|1701026840\n|switch|p1a: Grimmsnarl|Grimmsnarl, M|28\/100\n|move|p2a: Charizard|Weather Ball|p1a: Grimmsnarl\n|-damage|p1a: Grimmsnarl|0 fnt\n|faint|p1a: Grimmsnarl\n|\n|-weather|SunnyDay|[upkeep]\n|-sideend|p1: TRIDENTE 3X3|Reflect\n|upkeep\n|\n|t:|1701026862\n|switch|p1a: Lycanroc|Lycanroc-Dusk, M|39\/100\n|turn|11\n|\n|t:|1701026887\n|move|p1a: Lycanroc|Stealth Rock|p2a: Charizard\n|-sidestart|p2: XLioneldoX|move: Stealth Rock\n|move|p2a: Charizard|Solar Beam||[still]\n|-prepare|p2a: Charizard|Solar Beam\n|-anim|p2a: Charizard|Solar Beam|p1a: Lycanroc\n|-supereffective|p1a: Lycanroc\n|-damage|p1a: Lycanroc|0 fnt\n|faint|p1a: Lycanroc\n|\n|-weather|SunnyDay|[upkeep]\n|upkeep\n|\n|t:|1701026906\n|switch|p1a: Volcarona|Volcarona, F|100\/100\n|turn|12\n|\n|t:|1701026938\n|-terastallize|p1a: Volcarona|Ground\n|move|p1a: Volcarona|Quiver Dance|p1a: Volcarona\n|-boost|p1a: Volcarona|spa|1\n|-boost|p1a: Volcarona|spd|1\n|-boost|p1a: Volcarona|spe|1\n|move|p2a: Charizard|Air Slash|p1a: Volcarona\n|-damage|p1a: Volcarona|68\/100\n|\n|-weather|SunnyDay|[upkeep]\n|-heal|p1a: Volcarona|74\/100|[from] Grassy Terrain\n|-fieldend|move: Grassy Terrain\n|upkeep\n|turn|13\n|\n|t:|1701026950\n|move|p1a: Volcarona|Fiery Dance|p2a: Charizard\n|-resisted|p2a: Charizard\n|-damage|p2a: Charizard|8\/100\n|-boost|p1a: Volcarona|spa|1\n|move|p2a: Charizard|Solar Beam||[still]\n|-prepare|p2a: Charizard|Solar Beam\n|-anim|p2a: Charizard|Solar Beam|p1a: Volcarona\n|-supereffective|p1a: Volcarona\n|-damage|p1a: Volcarona|7\/100\n|\n|-weather|none\n|upkeep\n|turn|14\n|\n|t:|1701026970\n|switch|p2a: Iron Valiant|Iron Valiant|2\/100\n|-damage|p2a: Iron Valiant|0 fnt|[from] Stealth Rock\n|faint|p2a: Iron Valiant\n|-end|p2a: Iron Valiant|Quark Drive|[silent]\n|move|p1a: Volcarona|Fiery Dance|p2: Iron Valiant|[notarget]\n|-fail|p1a: Volcarona\n|\n|upkeep\n|\n|t:|1701026975\n|switch|p2a: Charizard|Charizard-Mega-Y, F, shiny|8\/100\n|-damage|p2a: Charizard|0 fnt|[from] Stealth Rock\n|faint|p2a: Charizard\n|\n|t:|1701027010\n|switch|p2a: Great Tusk|Great Tusk|100\/100\n|turn|15\n|\n|t:|1701027015\n|move|p1a: Volcarona|Giga Drain|p2a: Great Tusk\n|-supereffective|p2a: Great Tusk\n|-damage|p2a: Great Tusk|0 fnt\n|-heal|p1a: Volcarona|67\/100|[from] drain|[of] p2a: Great Tusk\n|faint|p2a: Great Tusk\n|-end|p2a: Great Tusk|Protosynthesis|[silent]\n|\n|upkeep\n|\n|t:|1701027020\n|switch|p2a: Ferrothorn|Ferrothorn, F|100\/100\n|-damage|p2a: Ferrothorn|88\/100|[from] Stealth Rock\n|turn|16\n|\n|t:|1701027036\n|move|p1a: Volcarona|Quiver Dance|p1a: Volcarona\n|-boost|p1a: Volcarona|spa|1\n|-boost|p1a: Volcarona|spd|1\n|-boost|p1a: Volcarona|spe|1\n|replace|p2a: Zoroark|Zoroark-Hisui, M, shiny\n|-end|p2a: Zoroark|Illusion\n|-zpower|p2a: Zoroark\n|move|p2a: Zoroark|Never-Ending Nightmare|p1a: Volcarona|[zeffect]\n|-damage|p1a: Volcarona|18\/100\n|\n|upkeep\n|turn|17\n|\n|t:|1701027054\n|move|p1a: Volcarona|Fiery Dance|p2a: Zoroark\n|-damage|p2a: Zoroark|0 fnt\n|-boost|p1a: Volcarona|spa|1\n|faint|p2a: Zoroark\n|\n|upkeep\n|\n|t:|1701027058\n|switch|p2a: Victini|Victini|100\/100 par\n|-damage|p2a: Victini|76\/100 par|[from] Stealth Rock\n|turn|18\n|\n|t:|1701027064\n|move|p1a: Volcarona|Tera Blast|p2a: Victini|[anim] Tera Blast Ground\n|-supereffective|p2a: Victini\n|-damage|p2a: Victini|0 fnt\n|faint|p2a: Victini\n|\n|upkeep\n|\n|t:|1701027068\n|switch|p2a: Ferrothorn|Ferrothorn, F|99\/100\n|-damage|p2a: Ferrothorn|93\/100|[from] Stealth Rock\n|turn|19\n|\n|t:|1701027073\n|move|p1a: Volcarona|Fiery Dance|p2a: Ferrothorn\n|-supereffective|p2a: Ferrothorn\n|-damage|p2a: Ferrothorn|0 fnt\n|-boost|p1a: Volcarona|spa|1\n|faint|p2a: Ferrothorn\n|\n|win|TRIDENTE 3X3\n|l|\u2606TRIDENTE 3X3\n","uploadtime":1701027095,"views":2,"p1id":"tridente3x3","p2id":"xlioneldox","formatid":"gen9nationaldex","rating":0,"private":0,"password":""}