{"id":"gen9nationaldex-1992795620","p1":"siak678","p2":"grass knot zygarde","format":"[Gen 9] National Dex","log":"|j|\u2606siak678\n|j|\u2606grass knot zygarde\n|t:|1700236141\n|gametype|singles\n|player|p1|siak678|caitlin|1492\n|player|p2|grass knot zygarde|dawn|1685\n|teamsize|p1|6\n|teamsize|p2|6\n|gen|9\n|tier|[Gen 9] National Dex\n|rated|\n|rule|HP Percentage Mod: HP is shown in percentages\n|rule|Endless Battle Clause: Forcing endless battles is banned\n|rule|OHKO Clause: OHKO moves are banned\n|rule|Evasion Clause: Evasion abilities, items, and moves are banned\n|rule|Evasion Abilities Clause: Evasion abilities are banned\n|rule|Evasion Items Clause: Evasion items are banned\n|rule|Evasion Moves Clause: Evasion moves are banned\n|rule|Species Clause: Limit one of each Pok\u00e9mon\n|rule|Sleep Clause Mod: Limit one foe put to sleep\n|clearpoke\n|poke|p1|Tapu Koko|\n|poke|p1|Unfezant, F|\n|poke|p1|Garchomp, F|\n|poke|p1|Rotom-Wash|\n|poke|p1|Rillaboom, F|\n|poke|p1|Hatterene, F|\n|poke|p2|Latios, M|\n|poke|p2|Buzzwole|\n|poke|p2|Gliscor, M|\n|poke|p2|Weavile, F|\n|poke|p2|Heatran, F|\n|poke|p2|Ogerpon-Wellspring, F|\n|teampreview\n|inactive|Battle timer is ON: inactive players will automatically lose when time's up. (requested by grass knot zygarde)\n|j| altseed\n|c|\u2606grass knot zygarde|its over for me.\n|j| iliveinohiorizz\n|c| altseed|good\n|inactive|grass knot zygarde has 120 seconds left.\n|\n|t:|1700236172\n|start\n|switch|p1a: Tapu Koko|Tapu Koko|100\/100\n|switch|p2a: u|Heatran, F|100\/100\n|-fieldstart|move: Electric Terrain|[from] ability: Electric Surge|[of] p1a: Tapu Koko\n|turn|1\n|\n|t:|1700236180\n|move|p1a: Tapu Koko|Volt Switch|p2a: u\n|-damage|p2a: u|75\/100\n|\n|t:|1700236183\n|switch|p1a: Garchomp|Garchomp, F|100\/100|[from] Volt Switch\n|move|p2a: u|Magma Storm|p1a: Garchomp\n|-resisted|p1a: Garchomp\n|-damage|p1a: Garchomp|76\/100\n|-activate|p1a: Garchomp|move: Magma Storm|[of] p2a: u\n|\n|-heal|p2a: u|81\/100|[from] item: Leftovers\n|-damage|p1a: Garchomp|63\/100|[from] move: Magma Storm|[partiallytrapped]\n|upkeep\n|turn|2\n|\n|t:|1700236198\n|switch|p2a: nitro cell device|Buzzwole|100\/100\n|move|p1a: Garchomp|Substitute|p1a: Garchomp\n|-start|p1a: Garchomp|Substitute\n|-end|p1a: Garchomp|Magma Storm|[partiallytrapped]|[silent]\n|-damage|p1a: Garchomp|38\/100\n|\n|upkeep\n|turn|3\n|c| iliveinohiorizz|it's over for gayatts\n|c| altseed|gyatts\n|\n|t:|1700236207\n|-zpower|p1a: Garchomp\n|move|p1a: Garchomp|Devastating Drake|p2a: nitro cell device|[zeffect]\n|-damage|p2a: nitro cell device|56\/100\n|move|p2a: nitro cell device|Ice Punch|p1a: Garchomp\n|-supereffective|p1a: Garchomp\n|-end|p1a: Garchomp|Substitute\n|\n|upkeep\n|turn|4\n|l| altseed\n|c| iliveinohiorizz|DERDP\n|c|\u2606grass knot zygarde|what is this.\n|\n|t:|1700236217\n|switch|p1a: Rotom|Rotom-Wash|100\/100\n|move|p2a: nitro cell device|Roost|p2a: nitro cell device\n|-heal|p2a: nitro cell device|100\/100\n|-singleturn|p2a: nitro cell device|move: Roost\n|\n|upkeep\n|turn|5\n|\n|t:|1700236225\n|switch|p2a: ECHOES|Latios, M|100\/100\n|move|p1a: Rotom|Will-O-Wisp|p2a: ECHOES\n|-status|p2a: ECHOES|brn\n|\n|-damage|p2a: ECHOES|95\/100 brn|[from] brn\n|-fieldend|move: Electric Terrain\n|upkeep\n|turn|6\n|c| iliveinohiorizz|this is insane.\n|\n|t:|1700236231\n|switch|p1a: Hatterene|Hatterene, F|100\/100\n|detailschange|p2a: ECHOES|Latios-Mega, M\n|-mega|p2a: ECHOES|Latios|Latiosite\n|move|p2a: ECHOES|Psychic|p1a: Hatterene\n|-resisted|p1a: Hatterene\n|-damage|p1a: Hatterene|73\/100\n|\n|-heal|p1a: Hatterene|79\/100|[from] item: Leftovers\n|-damage|p2a: ECHOES|89\/100 brn|[from] brn\n|upkeep\n|turn|7\n|\n|t:|1700236240\n|switch|p2a: u|Heatran, F|81\/100\n|move|p1a: Hatterene|Calm Mind|p1a: Hatterene\n|-boost|p1a: Hatterene|spa|1\n|-boost|p1a: Hatterene|spd|1\n|\n|-heal|p2a: u|87\/100|[from] item: Leftovers\n|-heal|p1a: Hatterene|85\/100|[from] item: Leftovers\n|upkeep\n|turn|8\n|\n|t:|1700236251\n|move|p2a: u|Magma Storm|p1a: Hatterene\n|-damage|p1a: Hatterene|53\/100\n|-activate|p1a: Hatterene|move: Magma Storm|[of] p2a: u\n|move|p1a: Hatterene|Psyshock|p2a: u\n|-resisted|p2a: u\n|-damage|p2a: u|58\/100\n|\n|-heal|p2a: u|64\/100|[from] item: Leftovers\n|-heal|p1a: Hatterene|59\/100|[from] item: Leftovers\n|-damage|p1a: Hatterene|47\/100|[from] move: Magma Storm|[partiallytrapped]\n|upkeep\n|turn|9\n|\n|t:|1700236263\n|move|p2a: u|Earth Power|p1a: Hatterene\n|-damage|p1a: Hatterene|27\/100\n|move|p1a: Hatterene|Calm Mind|p1a: Hatterene\n|-boost|p1a: Hatterene|spa|1\n|-boost|p1a: Hatterene|spd|1\n|\n|-heal|p2a: u|70\/100|[from] item: Leftovers\n|-heal|p1a: Hatterene|33\/100|[from] item: Leftovers\n|-damage|p1a: Hatterene|21\/100|[from] move: Magma Storm|[partiallytrapped]\n|upkeep\n|turn|10\n|\n|t:|1700236273\n|move|p2a: u|Magma Storm|p1a: Hatterene\n|-damage|p1a: Hatterene|0 fnt\n|faint|p1a: Hatterene\n|\n|-heal|p2a: u|76\/100|[from] item: Leftovers\n|upkeep\n|\n|t:|1700236277\n|switch|p1a: Garchomp|Garchomp, F|38\/100\n|turn|11\n|c| iliveinohiorizz|very useful hattarene\n|\n|t:|1700236284\n|switch|p1a: Tapu Koko|Tapu Koko|100\/100\n|-fieldstart|move: Electric Terrain|[from] ability: Electric Surge|[of] p1a: Tapu Koko\n|switch|p2a: nitro cell device|Buzzwole|100\/100\n|\n|upkeep\n|turn|12\n|c|\u2606grass knot zygarde|it iz tho\n|\n|t:|1700236295\n|switch|p2a: u|Heatran, F|76\/100\n|move|p1a: Tapu Koko|Dazzling Gleam|p2a: u\n|-resisted|p2a: u\n|-damage|p2a: u|71\/100\n|\n|-heal|p2a: u|78\/100|[from] item: Leftovers\n|upkeep\n|turn|13\n|\n|t:|1700236302\n|move|p1a: Tapu Koko|Volt Switch|p2a: u\n|-damage|p2a: u|52\/100\n|\n|t:|1700236305\n|switch|p1a: Garchomp|Garchomp, F|38\/100|[from] Volt Switch\n|move|p2a: u|Stealth Rock|p1a: Garchomp\n|-sidestart|p1: siak678|move: Stealth Rock\n|\n|-heal|p2a: u|59\/100|[from] item: Leftovers\n|upkeep\n|turn|14\n|\n|t:|1700236312\n|switch|p2a: nitro cell device|Buzzwole|100\/100\n|move|p1a: Garchomp|Earthquake|p2a: nitro cell device\n|-resisted|p2a: nitro cell device\n|-damage|p2a: nitro cell device|88\/100\n|\n|upkeep\n|turn|15\n|\n|t:|1700236319\n|move|p1a: Garchomp|Outrage|p2a: nitro cell device\n|-damage|p2a: nitro cell device|56\/100\n|move|p2a: nitro cell device|Drain Punch|p1a: Garchomp\n|-damage|p1a: Garchomp|6\/100\n|-heal|p2a: nitro cell device|70\/100|[from] drain|[of] p1a: Garchomp\n|-damage|p2a: nitro cell device|57\/100|[from] ability: Rough Skin|[of] p1a: Garchomp\n|\n|-fieldend|move: Electric Terrain\n|upkeep\n|turn|16\n|c|\u2606grass knot zygarde|dont do that king.\n|c| iliveinohiorizz|it's drain btw\n|\n|t:|1700236329\n|move|p1a: Garchomp|Outrage|p2a: nitro cell device|[from]lockedmove\n|-damage|p2a: nitro cell device|26\/100\n|move|p2a: nitro cell device|Roost|p2a: nitro cell device\n|-heal|p2a: nitro cell device|76\/100\n|-singleturn|p2a: nitro cell device|move: Roost\n|\n|upkeep\n|turn|17\n|\n|t:|1700236335\n|move|p1a: Garchomp|Outrage|p2a: nitro cell device|[from]lockedmove\n|-damage|p2a: nitro cell device|45\/100\n|-start|p1a: Garchomp|confusion|[fatigue]\n|move|p2a: nitro cell device|Roost|p2a: nitro cell device\n|-heal|p2a: nitro cell device|95\/100\n|-singleturn|p2a: nitro cell device|move: Roost\n|\n|upkeep\n|turn|18\n|\n|t:|1700236339\n|-activate|p1a: Garchomp|confusion\n|move|p1a: Garchomp|Outrage|p2a: nitro cell device\n|-damage|p2a: nitro cell device|65\/100\n|move|p2a: nitro cell device|Drain Punch|p1a: Garchomp\n|-damage|p1a: Garchomp|0 fnt\n|-heal|p2a: nitro cell device|68\/100|[from] drain|[of] p1a: Garchomp\n|-damage|p2a: nitro cell device|55\/100|[from] ability: Rough Skin|[of] p1a: Garchomp\n|faint|p1a: Garchomp\n|-ability|p2a: nitro cell device|Beast Boost|boost\n|-boost|p2a: nitro cell device|def|1\n|\n|upkeep\n|\n|t:|1700236344\n|switch|p1a: Unfezant|Unfezant, F|100\/100\n|-damage|p1a: Unfezant|76\/100|[from] Stealth Rock\n|turn|19\n|c| iliveinohiorizz|he has scope lens\n|c| iliveinohiorizz|btw.!\n|c|\u2606grass knot zygarde|i have no idea who that is\n|\n|t:|1700236359\n|switch|p2a: i|Gliscor, M, shiny|100\/100\n|move|p1a: Unfezant|Brave Bird|p2a: i\n|-damage|p2a: i|29\/100\n|-damage|p1a: Unfezant|48\/100|[from] Recoil\n|\n|-status|p2a: i|tox|[from] item: Toxic Orb\n|upkeep\n|turn|20\n|c|\u2606grass knot zygarde|OWIE\n|c| iliveinohiorizz|that looks like a pre evolution\n|c| iliveinohiorizz|in the uh\n|\n|t:|1700236367\n|move|p1a: Unfezant|Brave Bird|p2a: i\n|-damage|p2a: i|0 fnt\n|faint|p2a: i\n|-damage|p1a: Unfezant|37\/100|[from] Recoil\n|\n|upkeep\n|c| iliveinohiorizz|thingy\n|\n|t:|1700236370\n|switch|p2a: ECHOES|Latios-Mega, M|89\/100 brn\n|turn|21\n|\n|t:|1700236380\n|switch|p1a: Rotom|Rotom-Wash|100\/100\n|-damage|p1a: Rotom|88\/100|[from] Stealth Rock\n|move|p2a: ECHOES|Psychic|p1a: Rotom\n|-damage|p1a: Rotom|10\/100\n|\n|-damage|p2a: ECHOES|83\/100 brn|[from] brn\n|upkeep\n|turn|22\n|\n|t:|1700236388\n|move|p1a: Rotom|Volt Switch|p2a: ECHOES\n|-resisted|p2a: ECHOES\n|-damage|p2a: ECHOES|68\/100 brn\n|\n|t:|1700236390\n|switch|p1a: Tapu Koko|Tapu Koko|100\/100|[from] Volt Switch\n|-damage|p1a: Tapu Koko|88\/100|[from] Stealth Rock\n|-fieldstart|move: Electric Terrain|[from] ability: Electric Surge|[of] p1a: Tapu Koko\n|move|p2a: ECHOES|Psychic|p1a: Tapu Koko\n|-damage|p1a: Tapu Koko|7\/100\n|\n|-damage|p2a: ECHOES|62\/100 brn|[from] brn\n|upkeep\n|turn|23\n|c|\u2606grass knot zygarde|what is this guy doing\n|c|\u2606grass knot zygarde|can i know\n|c| iliveinohiorizz|interesting\n|\n|t:|1700236403\n|switch|p2a: u|Heatran, F|59\/100\n|move|p1a: Tapu Koko|Thunderbolt|p2a: u\n|-damage|p2a: u|24\/100\n|\n|-heal|p2a: u|30\/100|[from] item: Leftovers\n|upkeep\n|turn|24\n|\n|t:|1700236407\n|move|p1a: Tapu Koko|Thunderbolt|p2a: u\n|-damage|p2a: u|0 fnt\n|faint|p2a: u\n|\n|upkeep\n|c| iliveinohiorizz|LOL\n|\n|t:|1700236411\n|switch|p2a: Piss Cup Haircut|Weavile, F|100\/100\n|-ability|p2a: Piss Cup Haircut|Pressure\n|turn|25\n|c| iliveinohiorizz|goob read\n|\n|t:|1700236417\n|move|p2a: Piss Cup Haircut|Ice Shard|p1a: Tapu Koko\n|-damage|p1a: Tapu Koko|0 fnt\n|faint|p1a: Tapu Koko\n|\n|upkeep\n|\n|t:|1700236420\n|switch|p1a: Rotom|Rotom-Wash|10\/100\n|-damage|p1a: Rotom|0 fnt|[from] Stealth Rock\n|faint|p1a: Rotom\n|\n|t:|1700236423\n|switch|p1a: Rillaboom|Rillaboom, F|100\/100\n|-damage|p1a: Rillaboom|88\/100|[from] Stealth Rock\n|-fieldstart|move: Grassy Terrain|[from] ability: Grassy Surge|[of] p1a: Rillaboom\n|turn|26\n|c|\u2606grass knot zygarde|its a joke millenials\n|\n|t:|1700236432\n|switch|p2a: nitro cell device|Buzzwole|55\/100\n|-terastallize|p1a: Rillaboom|Grass\n|move|p1a: Rillaboom|Grassy Glide|p2a: nitro cell device\n|-resisted|p2a: nitro cell device\n|-damage|p2a: nitro cell device|37\/100\n|\n|-heal|p1a: Rillaboom|94\/100|[from] Grassy Terrain\n|-heal|p2a: nitro cell device|43\/100|[from] Grassy Terrain\n|upkeep\n|turn|27\n|\n|t:|1700236436\n|switch|p1a: Unfezant|Unfezant, F|37\/100\n|-damage|p1a: Unfezant|12\/100|[from] Stealth Rock\n|move|p2a: nitro cell device|Roost|p2a: nitro cell device\n|-heal|p2a: nitro cell device|93\/100\n|-singleturn|p2a: nitro cell device|move: Roost\n|\n|-heal|p2a: nitro cell device|99\/100|[from] Grassy Terrain\n|upkeep\n|turn|28\n|c| iliveinohiorizz|it's a gayatt millenials\n|\n|t:|1700236444\n|switch|p2a: \ua329\ua35f\ua074\ua14f\ua2ea\ua038\ua038\ua0a6\ua329\ua038\ua018\ua02d|Ogerpon-Wellspring, F|100\/100\n|move|p1a: Unfezant|Brave Bird|p2a: \ua329\ua35f\ua074\ua14f\ua2ea\ua038\ua038\ua0a6\ua329\ua038\ua018\ua02d\n|-supereffective|p2a: \ua329\ua35f\ua074\ua14f\ua2ea\ua038\ua038\ua0a6\ua329\ua038\ua018\ua02d\n|-damage|p2a: \ua329\ua35f\ua074\ua14f\ua2ea\ua038\ua038\ua0a6\ua329\ua038\ua018\ua02d|0 fnt\n|faint|p2a: \ua329\ua35f\ua074\ua14f\ua2ea\ua038\ua038\ua0a6\ua329\ua038\ua018\ua02d\n|-damage|p1a: Unfezant|0 fnt|[from] Recoil\n|faint|p1a: Unfezant\n|\n|upkeep\n|c| iliveinohiorizz|now tera ohio\n|\n|t:|1700236452\n|switch|p2a: nitro cell device|Buzzwole|99\/100\n|switch|p1a: Rillaboom|Rillaboom, F, tera:Grass|94\/100\n|-damage|p1a: Rillaboom|82\/100|[from] Stealth Rock\n|turn|29\n|\n|t:|1700236457\n|move|p1a: Rillaboom|Wood Hammer|p2a: nitro cell device\n|-resisted|p2a: nitro cell device\n|-damage|p2a: nitro cell device|65\/100\n|-damage|p1a: Rillaboom|68\/100|[from] Recoil\n|move|p2a: nitro cell device|Ice Punch|p1a: Rillaboom\n|-supereffective|p1a: Rillaboom\n|-damage|p1a: Rillaboom|15\/100\n|\n|-heal|p1a: Rillaboom|21\/100|[from] Grassy Terrain\n|-heal|p2a: nitro cell device|71\/100|[from] Grassy Terrain\n|upkeep\n|turn|30\n|-message|siak678 forfeited.\n|\n|win|grass knot zygarde\n|raw|siak678's rating: 1492 &rarr; <strong>1482<\/strong><br \/>(-10 for losing)\n|raw|grass knot zygarde's rating: 1685 &rarr; <strong>1695<\/strong><br \/>(+10 for winning)\n|l|\u2606siak678\n|c|\u2606grass knot zygarde|im sigma\n","uploadtime":1700236473,"views":6,"p1id":"siak678","p2id":"grassknotzygarde","formatid":"gen9nationaldex","rating":1482,"private":0,"password":""}