{"id":"gen9nationaldex-1992259284","p1":"safety coordinator","p2":"aplezorah","format":"[Gen 9] National Dex","log":"|j|\u2606safety coordinator\n|j|\u2606aplezorah\n|t:|1700168511\n|gametype|singles\n|player|p1|safety coordinator|kamado|1224\n|player|p2|aplezorah|roxie|1267\n|teamsize|p1|6\n|teamsize|p2|6\n|gen|9\n|tier|[Gen 9] National Dex\n|rated|\n|rule|HP Percentage Mod: HP is shown in percentages\n|rule|Endless Battle Clause: Forcing endless battles is banned\n|rule|OHKO Clause: OHKO moves are banned\n|rule|Evasion Clause: Evasion abilities, items, and moves are banned\n|rule|Evasion Abilities Clause: Evasion abilities are banned\n|rule|Evasion Items Clause: Evasion items are banned\n|rule|Evasion Moves Clause: Evasion moves are banned\n|rule|Species Clause: Limit one of each Pok\u00e9mon\n|rule|Sleep Clause Mod: Limit one foe put to sleep\n|clearpoke\n|poke|p1|Sneasler, F|\n|poke|p1|Greninja-*, M|\n|poke|p1|Toxapex, F|\n|poke|p1|Rotom-Wash|\n|poke|p1|Landorus-Therian, M|\n|poke|p1|Chansey, F|\n|poke|p2|Kartana|\n|poke|p2|Kommo-o, M|\n|poke|p2|Garganacl, M|\n|poke|p2|Excadrill, M|\n|poke|p2|Tapu Lele|\n|poke|p2|Zapdos|\n|teampreview\n|inactive|Battle timer is ON: inactive players will automatically lose when time's up. (requested by aplezorah)\n|\n|t:|1700168525\n|start\n|switch|p1a: Landorus|Landorus-Therian, M|100\/100\n|switch|p2a: Tapu Lele|Tapu Lele|100\/100\n|-ability|p1a: Landorus|Intimidate|boost\n|-unboost|p2a: Tapu Lele|atk|1\n|-fieldstart|move: Psychic Terrain|[from] ability: Psychic Surge|[of] p2a: Tapu Lele\n|turn|1\n|\n|t:|1700168535\n|switch|p1a: Chansey|Chansey, F|100\/100\n|move|p2a: Tapu Lele|Psyshock|p1a: Chansey\n|-damage|p1a: Chansey|47\/100\n|\n|upkeep\n|turn|2\n|\n|t:|1700168542\n|switch|p1a: Greninja|Greninja, M|100\/100\n|move|p2a: Tapu Lele|Psyshock|p1a: Greninja\n|-immune|p1a: Greninja\n|\n|upkeep\n|turn|3\n|\n|t:|1700168549\n|switch|p1a: Landorus|Landorus-Therian, M|100\/100\n|-ability|p1a: Landorus|Intimidate|boost\n|-unboost|p2a: Tapu Lele|atk|1\n|switch|p2a: Zapdos|Zapdos|100\/100\n|\n|upkeep\n|turn|4\n|\n|t:|1700168560\n|move|p1a: Landorus|Stone Edge|p2a: Zapdos\n|-supereffective|p2a: Zapdos\n|-crit|p2a: Zapdos\n|-damage|p2a: Zapdos|0 fnt\n|faint|p2a: Zapdos\n|\n|upkeep\n|\n|t:|1700168564\n|switch|p2a: Kommo-o|Kommo-o, M|100\/100\n|turn|5\n|\n|t:|1700168571\n|switch|p1a: Rotom|Rotom-Wash|100\/100\n|move|p2a: Kommo-o|Clangorous Soul|p2a: Kommo-o\n|-boost|p2a: Kommo-o|atk|1\n|-boost|p2a: Kommo-o|def|1\n|-boost|p2a: Kommo-o|spa|1\n|-boost|p2a: Kommo-o|spd|1\n|-boost|p2a: Kommo-o|spe|1\n|-damage|p2a: Kommo-o|68\/100\n|-enditem|p2a: Kommo-o|Throat Spray\n|-boost|p2a: Kommo-o|spa|1|[from] item: Throat Spray\n|\n|-fieldend|move: Psychic Terrain\n|upkeep\n|turn|6\n|\n|t:|1700168576\n|move|p2a: Kommo-o|Dragon Pulse|p1a: Rotom\n|-damage|p1a: Rotom|24\/100\n|move|p1a: Rotom|Thunder Wave|p2a: Kommo-o\n|-status|p2a: Kommo-o|par\n|\n|-heal|p1a: Rotom|30\/100|[from] item: Leftovers\n|upkeep\n|turn|7\n|\n|t:|1700168580\n|move|p1a: Rotom|Protect|p1a: Rotom\n|-singleturn|p1a: Rotom|Protect\n|move|p2a: Kommo-o|Dragon Pulse|p1a: Rotom\n|-activate|p1a: Rotom|move: Protect\n|\n|-heal|p1a: Rotom|36\/100|[from] item: Leftovers\n|upkeep\n|turn|8\n|\n|t:|1700168585\n|move|p1a: Rotom|Volt Switch|p2a: Kommo-o\n|-resisted|p2a: Kommo-o\n|-damage|p2a: Kommo-o|57\/100 par\n|\n|t:|1700168587\n|switch|p1a: Chansey|Chansey, F|47\/100|[from] Volt Switch\n|cant|p2a: Kommo-o|par\n|\n|upkeep\n|turn|9\n|\n|t:|1700168589\n|cant|p2a: Kommo-o|par\n|move|p1a: Chansey|Soft-Boiled|p1a: Chansey\n|-heal|p1a: Chansey|97\/100\n|\n|upkeep\n|turn|10\n|\n|t:|1700168597\n|move|p2a: Kommo-o|Aura Sphere|p1a: Chansey\n|-supereffective|p1a: Chansey\n|-damage|p1a: Chansey|55\/100\n|move|p1a: Chansey|Seismic Toss|p2a: Kommo-o\n|-damage|p2a: Kommo-o|23\/100 par\n|\n|upkeep\n|turn|11\n|\n|t:|1700168605\n|move|p2a: Kommo-o|Aura Sphere|p1a: Chansey\n|-supereffective|p1a: Chansey\n|-damage|p1a: Chansey|10\/100\n|move|p1a: Chansey|Soft-Boiled|p1a: Chansey\n|-heal|p1a: Chansey|60\/100\n|\n|upkeep\n|turn|12\n|\n|t:|1700168610\n|switch|p1a: Toxapex|Toxapex, F|100\/100\n|move|p2a: Kommo-o|Aura Sphere|p1a: Toxapex\n|-resisted|p1a: Toxapex\n|-damage|p1a: Toxapex|70\/100\n|\n|upkeep\n|turn|13\n|\n|t:|1700168612\n|move|p2a: Kommo-o|Dragon Pulse|p1a: Toxapex\n|-damage|p1a: Toxapex|11\/100\n|move|p1a: Toxapex|Scald|p2a: Kommo-o\n|-resisted|p2a: Kommo-o\n|-damage|p2a: Kommo-o|17\/100 par\n|\n|upkeep\n|turn|14\n|\n|t:|1700168627\n|move|p2a: Kommo-o|Aura Sphere|p1a: Toxapex\n|-resisted|p1a: Toxapex\n|-damage|p1a: Toxapex|0 fnt\n|faint|p1a: Toxapex\n|\n|upkeep\n|\n|t:|1700168629\n|switch|p1a: Landorus|Landorus-Therian, M|100\/100\n|-ability|p1a: Landorus|Intimidate|boost\n|-unboost|p2a: Kommo-o|atk|1\n|turn|15\n|\n|t:|1700168632\n|move|p1a: Landorus|Earthquake|p2a: Kommo-o\n|-crit|p2a: Kommo-o\n|-damage|p2a: Kommo-o|0 fnt\n|faint|p2a: Kommo-o\n|\n|upkeep\n|\n|t:|1700168646\n|switch|p2a: Garganacl|Garganacl, M|100\/100\n|turn|16\n|\n|t:|1700168655\n|-terastallize|p2a: Garganacl|Water\n|move|p1a: Landorus|Earthquake|p2a: Garganacl\n|-damage|p2a: Garganacl|70\/100\n|move|p2a: Garganacl|Stealth Rock|p1a: Landorus\n|-sidestart|p1: safety coordinator|move: Stealth Rock\n|\n|-heal|p2a: Garganacl|76\/100|[from] item: Leftovers\n|upkeep\n|turn|17\n|\n|t:|1700168662\n|switch|p2a: Kartana|Kartana|100\/100\n|move|p1a: Landorus|Earthquake|p2a: Kartana\n|-damage|p2a: Kartana|38\/100\n|\n|upkeep\n|turn|18\n|\n|t:|1700168665\n|move|p2a: Kartana|Leaf Blade|p1a: Landorus\n|-damage|p1a: Landorus|26\/100\n|move|p1a: Landorus|Earthquake|p2a: Kartana\n|-damage|p2a: Kartana|0 fnt\n|faint|p2a: Kartana\n|\n|upkeep\n|\n|t:|1700168669\n|switch|p2a: Garganacl|Garganacl, M, tera:Water|76\/100\n|turn|19\n|\n|t:|1700168671\n|switch|p1a: Chansey|Chansey, F|60\/100\n|-damage|p1a: Chansey|47\/100|[from] Stealth Rock\n|move|p2a: Garganacl|Salt Cure|p1a: Chansey\n|-damage|p1a: Chansey|38\/100\n|-start|p1a: Chansey|Salt Cure\n|\n|-heal|p2a: Garganacl|82\/100|[from] item: Leftovers\n|-damage|p1a: Chansey|26\/100|[from] Salt Cure\n|upkeep\n|turn|20\n|\n|t:|1700168673\n|move|p1a: Chansey|Soft-Boiled|p1a: Chansey\n|-heal|p1a: Chansey|76\/100\n|move|p2a: Garganacl|Body Press|p1a: Chansey\n|-supereffective|p1a: Chansey\n|-damage|p1a: Chansey|35\/100\n|\n|-heal|p2a: Garganacl|88\/100|[from] item: Leftovers\n|-damage|p1a: Chansey|23\/100|[from] Salt Cure\n|upkeep\n|turn|21\n|\n|t:|1700168677\n|switch|p1a: Sneasler|Sneasler, F|100\/100\n|-damage|p1a: Sneasler|95\/100|[from] Stealth Rock\n|move|p2a: Garganacl|Salt Cure|p1a: Sneasler\n|-resisted|p1a: Sneasler\n|-damage|p1a: Sneasler|82\/100\n|-start|p1a: Sneasler|Salt Cure\n|\n|-heal|p2a: Garganacl|95\/100|[from] item: Leftovers\n|-damage|p1a: Sneasler|69\/100|[from] Salt Cure\n|upkeep\n|turn|22\n|\n|t:|1700168680\n|switch|p2a: Tapu Lele|Tapu Lele|100\/100\n|-fieldstart|move: Psychic Terrain|[from] ability: Psychic Surge|[of] p2a: Tapu Lele\n|move|p1a: Sneasler|U-turn|p2a: Tapu Lele\n|-damage|p2a: Tapu Lele|47\/100\n|\n|t:|1700168688\n|switch|p1a: Chansey|Chansey, F|23\/100|[from] U-turn\n|-damage|p1a: Chansey|11\/100|[from] Stealth Rock\n|\n|upkeep\n|turn|23\n|\n|t:|1700168690\n|switch|p1a: Greninja|Greninja, M|100\/100\n|-damage|p1a: Greninja|88\/100|[from] Stealth Rock\n|move|p2a: Tapu Lele|Moonblast|p1a: Greninja\n|-supereffective|p1a: Greninja\n|-damage|p1a: Greninja|0 fnt\n|faint|p1a: Greninja\n|\n|upkeep\n|\n|t:|1700168693\n|switch|p1a: Sneasler|Sneasler, F|69\/100\n|-damage|p1a: Sneasler|63\/100|[from] Stealth Rock\n|turn|24\n|\n|t:|1700168695\n|move|p1a: Sneasler|U-turn|p2a: Tapu Lele\n|-damage|p2a: Tapu Lele|0 fnt\n|faint|p2a: Tapu Lele\n|\n|t:|1700168696\n|switch|p1a: Landorus|Landorus-Therian, M|26\/100|[from] U-turn\n|-damage|p1a: Landorus|14\/100|[from] Stealth Rock\n|\n|upkeep\n|\n|t:|1700168705\n|switch|p2a: Excadrill|Excadrill, M|100\/100\n|-ability|p2a: Excadrill|Mold Breaker\n|turn|25\n|\n|t:|1700168717\n|move|p1a: Landorus|Earthquake|p2a: Excadrill\n|-supereffective|p2a: Excadrill\n|-enditem|p2a: Excadrill|Focus Sash\n|-damage|p2a: Excadrill|1\/100\n|move|p2a: Excadrill|Iron Head|p1a: Landorus\n|-damage|p1a: Landorus|0 fnt\n|faint|p1a: Landorus\n|\n|upkeep\n|\n|t:|1700168722\n|switch|p1a: Sneasler|Sneasler, F|63\/100\n|-damage|p1a: Sneasler|57\/100|[from] Stealth Rock\n|turn|26\n|\n|t:|1700168724\n|switch|p2a: Garganacl|Garganacl, M, tera:Water|95\/100\n|move|p1a: Sneasler|U-turn|p2a: Garganacl\n|-damage|p2a: Garganacl|75\/100\n|\n|t:|1700168727\n|switch|p1a: Rotom|Rotom-Wash|36\/100|[from] U-turn\n|-damage|p1a: Rotom|24\/100|[from] Stealth Rock\n|\n|-heal|p1a: Rotom|30\/100|[from] item: Leftovers\n|-heal|p2a: Garganacl|82\/100|[from] item: Leftovers\n|-fieldend|move: Psychic Terrain\n|upkeep\n|turn|27\n|\n|t:|1700168731\n|move|p1a: Rotom|Protect|p1a: Rotom\n|-singleturn|p1a: Rotom|Protect\n|move|p2a: Garganacl|Recover|p2a: Garganacl\n|-heal|p2a: Garganacl|100\/100\n|\n|-heal|p1a: Rotom|36\/100|[from] item: Leftovers\n|upkeep\n|turn|28\n|\n|t:|1700168737\n|move|p1a: Rotom|Volt Switch|p2a: Garganacl\n|-supereffective|p2a: Garganacl\n|-damage|p2a: Garganacl|57\/100\n|\n|t:|1700168740\n|switch|p1a: Sneasler|Sneasler, F|57\/100|[from] Volt Switch\n|-damage|p1a: Sneasler|51\/100|[from] Stealth Rock\n|move|p2a: Garganacl|Salt Cure|p1a: Sneasler\n|-resisted|p1a: Sneasler\n|-damage|p1a: Sneasler|39\/100\n|-start|p1a: Sneasler|Salt Cure\n|\n|-heal|p2a: Garganacl|63\/100|[from] item: Leftovers\n|-damage|p1a: Sneasler|26\/100|[from] Salt Cure\n|upkeep\n|turn|29\n|\n|t:|1700168742\n|move|p1a: Sneasler|Close Combat|p2a: Garganacl\n|-damage|p2a: Garganacl|14\/100\n|-unboost|p1a: Sneasler|def|1\n|-unboost|p1a: Sneasler|spd|1\n|move|p2a: Garganacl|Recover|p2a: Garganacl\n|-heal|p2a: Garganacl|64\/100\n|\n|-heal|p2a: Garganacl|70\/100|[from] item: Leftovers\n|-damage|p1a: Sneasler|14\/100|[from] Salt Cure\n|upkeep\n|turn|30\n|\n|t:|1700168746\n|switch|p1a: Rotom|Rotom-Wash|36\/100\n|-damage|p1a: Rotom|24\/100|[from] Stealth Rock\n|move|p2a: Garganacl|Recover|p2a: Garganacl\n|-heal|p2a: Garganacl|100\/100\n|\n|-heal|p1a: Rotom|30\/100|[from] item: Leftovers\n|upkeep\n|turn|31\n|\n|t:|1700168750\n|switch|p2a: Excadrill|Excadrill, M|1\/100\n|-ability|p2a: Excadrill|Mold Breaker\n|move|p1a: Rotom|Volt Switch|p2a: Excadrill\n|-immune|p2a: Excadrill\n|\n|-heal|p1a: Rotom|36\/100|[from] item: Leftovers\n|upkeep\n|turn|32\n|\n|t:|1700168752\n|move|p1a: Rotom|Protect|p1a: Rotom\n|-singleturn|p1a: Rotom|Protect\n|move|p2a: Excadrill|Earthquake|p1a: Rotom\n|-activate|p1a: Rotom|move: Protect\n|\n|-heal|p1a: Rotom|42\/100|[from] item: Leftovers\n|upkeep\n|turn|33\n|\n|t:|1700168757\n|move|p2a: Excadrill|Earthquake|p1a: Rotom\n|-supereffective|p1a: Rotom\n|-damage|p1a: Rotom|0 fnt\n|faint|p1a: Rotom\n|\n|upkeep\n|\n|t:|1700168760\n|switch|p1a: Sneasler|Sneasler, F|14\/100\n|-damage|p1a: Sneasler|8\/100|[from] Stealth Rock\n|turn|34\n|\n|t:|1700168765\n|move|p1a: Sneasler|Close Combat|p2a: Excadrill\n|-supereffective|p2a: Excadrill\n|-damage|p2a: Excadrill|0 fnt\n|-unboost|p1a: Sneasler|def|1\n|-unboost|p1a: Sneasler|spd|1\n|faint|p2a: Excadrill\n|\n|upkeep\n|\n|t:|1700168766\n|switch|p2a: Garganacl|Garganacl, M, tera:Water|100\/100\n|turn|35\n|\n|t:|1700168767\n|move|p1a: Sneasler|Close Combat|p2a: Garganacl\n|-damage|p2a: Garganacl|53\/100\n|-unboost|p1a: Sneasler|def|1\n|-unboost|p1a: Sneasler|spd|1\n|move|p2a: Garganacl|Salt Cure|p1a: Sneasler\n|-resisted|p1a: Sneasler\n|-damage|p1a: Sneasler|0 fnt\n|faint|p1a: Sneasler\n|\n|-heal|p2a: Garganacl|59\/100|[from] item: Leftovers\n|upkeep\n|\n|t:|1700168772\n|switch|p1a: Chansey|Chansey, F|11\/100\n|-damage|p1a: Chansey|0 fnt|[from] Stealth Rock\n|faint|p1a: Chansey\n|\n|win|aplezorah\n|raw|safety coordinator's rating: 1224 &rarr; <strong>1202<\/strong><br \/>(-22 for losing)\n|raw|aplezorah's rating: 1267 &rarr; <strong>1289<\/strong><br \/>(+22 for winning)\n|l|\u2606safety coordinator\n","uploadtime":1700168775,"views":3,"p1id":"safetycoordinator","p2id":"aplezorah","formatid":"gen9nationaldex","rating":1202,"private":0,"password":""}