{"id":"gen9nationaldex-1989477749","p1":"troubadour9","p2":"tidaltao","format":"[Gen 9] National Dex","log":"|j|\u2606troubadour9\n|j|\u2606tidaltao\n|t:|1699857020\n|gametype|singles\n|player|p1|troubadour9|sage|\n|player|p2|tidaltao|roxanne|\n|teamsize|p1|6\n|teamsize|p2|6\n|gen|9\n|tier|[Gen 9] National Dex\n|rule|HP Percentage Mod: HP is shown in percentages\n|rule|Endless Battle Clause: Forcing endless battles is banned\n|rule|OHKO Clause: OHKO moves are banned\n|rule|Evasion Clause: Evasion abilities, items, and moves are banned\n|rule|Evasion Abilities Clause: Evasion abilities are banned\n|rule|Evasion Items Clause: Evasion items are banned\n|rule|Evasion Moves Clause: Evasion moves are banned\n|rule|Species Clause: Limit one of each Pok\u00e9mon\n|rule|Sleep Clause Mod: Limit one foe put to sleep\n|clearpoke\n|poke|p1|Garchomp, F|\n|poke|p1|Hippowdon, M|\n|poke|p1|Ferrothorn, F|\n|poke|p1|Shuckle, M|\n|poke|p1|Arcanine-Hisui, M|\n|poke|p1|Thundurus-Therian, M|\n|poke|p2|Charizard, M|\n|poke|p2|Torkoal, M|\n|poke|p2|Venusaur, F|\n|poke|p2|Skarmory, F|\n|poke|p2|Tapu Fini|\n|poke|p2|Sylveon, M|\n|teampreview\n|\n|t:|1699857040\n|start\n|switch|p1a: Blue Dream|Thundurus-Therian, M|100\/100\n|switch|p2a: Blue Luffy|Tapu Fini, shiny|100\/100\n|-fieldstart|move: Misty Terrain|[from] ability: Misty Surge|[of] p2a: Blue Luffy\n|turn|1\n|j| plague070\n|j| Megakid20\n|c| plague070|blue luffy\n|j| homixide poopoo\n|c| plague070|vs blue dream\n|c| plague070|lmfao\n|c| Megakid20|Adam\n|c| Megakid20|wanna peep a son\n|c| Megakid20|g\n|\n|t:|1699857081\n|switch|p2a: LGBTQ Luffy|Sylveon, M|100\/100\n|move|p1a: Blue Dream|Volt Switch|p2a: LGBTQ Luffy\n|-damage|p2a: LGBTQ Luffy|71\/100\n|j| Trenko\n|c| plague070|send and ill queue it up for tmrw mon\n|c| plague070|morn\n|\n|t:|1699857094\n|switch|p1a: Purple Haze|Shuckle, M|100\/100|[from] Volt Switch\n|\n|-heal|p2a: LGBTQ Luffy|77\/100|[from] item: Leftovers\n|upkeep\n|turn|2\n|l| Trenko\n|c| Megakid20|https:\/\/youtu.be\/756nPVtE66c?si=oYjhmuog50bXQtPn\n|\n|t:|1699857101\n|switch|p2a: Blue Luffy|Tapu Fini, shiny|100\/100\n|move|p1a: Purple Haze|Sticky Web|p2a: Blue Luffy\n|-sidestart|p2: tidaltao|move: Sticky Web\n|\n|upkeep\n|turn|3\n|\n|t:|1699857113\n|move|p2a: Blue Luffy|Defog|p1a: Purple Haze\n|-unboost|p1a: Purple Haze|evasion|1\n|-sideend|p2: tidaltao|Sticky Web|[from] move: Defog|[of] p2a: Blue Luffy\n|-fieldend|Misty Terrain\n|move|p1a: Purple Haze|Stealth Rock|p2a: Blue Luffy\n|-sidestart|p2: tidaltao|move: Stealth Rock\n|\n|upkeep\n|turn|4\n|j| alpha4k\n|\n|t:|1699857118\n|move|p2a: Blue Luffy|Scald|p1a: Purple Haze\n|-supereffective|p1a: Purple Haze\n|-damage|p1a: Purple Haze|68\/100\n|-enditem|p1a: Purple Haze|Red Card|[of] p2a: Blue Luffy\n|drag|p2a: Dragon Luffy|Charizard, M, shiny|100\/100\n|-damage|p2a: Dragon Luffy|51\/100|[from] Stealth Rock\n|move|p1a: Purple Haze|Encore||[still]\n|-fail|p1a: Purple Haze\n|\n|upkeep\n|turn|5\n|c| plague070|o shit\n|j| Keykard\n|c| plague070|huge damage\n|c| Megakid20|o no bro\n|\n|t:|1699857134\n|detailschange|p2a: Dragon Luffy|Charizard-Mega-Y, M, shiny\n|-mega|p2a: Dragon Luffy|Charizard|Charizardite Y\n|-weather|SunnyDay|[from] ability: Drought|[of] p2a: Dragon Luffy\n|move|p2a: Dragon Luffy|Roost|p2a: Dragon Luffy\n|-heal|p2a: Dragon Luffy|100\/100\n|-singleturn|p2a: Dragon Luffy|move: Roost\n|move|p1a: Purple Haze|Sticky Web|p2a: Dragon Luffy\n|-sidestart|p2: tidaltao|move: Sticky Web\n|\n|-weather|SunnyDay|[upkeep]\n|upkeep\n|turn|6\n|\n|t:|1699857149\n|switch|p2a: Blue Luffy|Tapu Fini, shiny|100\/100\n|-damage|p2a: Blue Luffy|88\/100|[from] Stealth Rock\n|-activate|p2a: Blue Luffy|move: Sticky Web\n|-unboost|p2a: Blue Luffy|spe|1\n|-fieldstart|move: Misty Terrain|[from] ability: Misty Surge|[of] p2a: Blue Luffy\n|move|p1a: Purple Haze|Encore||[still]\n|-fail|p1a: Purple Haze\n|\n|-weather|SunnyDay|[upkeep]\n|-heal|p2a: Blue Luffy|94\/100|[from] item: Leftovers\n|upkeep\n|turn|7\n|c| Keykard|r we finally seeing shell smash shuckle\n|c| plague070|no\n|c| plague070|we aint\n|\n|t:|1699857168\n|move|p2a: Blue Luffy|Defog|p1a: Purple Haze\n|-unboost|p1a: Purple Haze|evasion|1\n|-sideend|p2: tidaltao|Stealth Rock|[from] move: Defog|[of] p2a: Blue Luffy\n|-sideend|p2: tidaltao|Sticky Web|[from] move: Defog|[of] p2a: Blue Luffy\n|-fieldend|Misty Terrain\n|move|p1a: Purple Haze|Encore|p2a: Blue Luffy\n|-start|p2a: Blue Luffy|Encore\n|\n|-weather|SunnyDay|[upkeep]\n|-heal|p2a: Blue Luffy|100\/100|[from] item: Leftovers\n|upkeep\n|turn|8\n|c| homixide poopoo|he finally got it\n|c| plague070|ok can someone please kill something\n|c| Megakid20|nope\n|\n|t:|1699857199\n|switch|p2a: Green Luffy|Venusaur, F|100\/100\n|switch|p1a: Bubba Kush|Hippowdon, M|100\/100\n|-weather|Sandstorm|[from] ability: Sand Stream|[of] p1a: Bubba Kush\n|\n|-weather|Sandstorm|[upkeep]\n|-damage|p2a: Green Luffy|95\/100|[from] Sandstorm\n|upkeep\n|turn|9\n|c| Megakid20|all late matches are stall\n|c| Megakid20|calls the venu switch in\n|\n|t:|1699857219\n|switch|p2a: Dragon Luffy|Charizard-Mega-Y, M, shiny|100\/100\n|-weather|SunnyDay|[from] ability: Drought|[of] p2a: Dragon Luffy\n|switch|p1a: Gelatto|Ferrothorn, F|100\/100\n|\n|-weather|SunnyDay|[upkeep]\n|upkeep\n|turn|10\n|c| plague070|oh fuckkk\n|c| plague070|huge double coming out from cam\n|\n|t:|1699857236\n|switch|p1a: Bubba Kush|Hippowdon, M|100\/100\n|-weather|Sandstorm|[from] ability: Sand Stream|[of] p1a: Bubba Kush\n|move|p2a: Dragon Luffy|Flamethrower|p1a: Bubba Kush\n|-damage|p1a: Bubba Kush|38\/100\n|\n|-weather|Sandstorm|[upkeep]\n|-damage|p2a: Dragon Luffy|94\/100|[from] Sandstorm\n|-heal|p1a: Bubba Kush|44\/100|[from] item: Leftovers\n|upkeep\n|turn|11\n|c| Megakid20|both fighting for good positioning\n|c| plague070|yo\n|c| plague070|LMFAO\n|c| plague070|WHAT\n|c| Megakid20|flamethrower gonna do a lot\n|c| Keykard|that move played in 20x speed for me\n|c| plague070|that did so much\n|c| plague070|yeah same\n|c| homixide poopoo|yeah same\n|c| Megakid20|does he have the switch in?\n|\n|t:|1699857270\n|switch|p2a: Blue Luffy|Tapu Fini, shiny|100\/100\n|-fieldstart|move: Misty Terrain|[from] ability: Misty Surge|[of] p2a: Blue Luffy\n|switch|p1a: Purple Haze|Shuckle, M|68\/100\n|\n|-weather|Sandstorm|[upkeep]\n|-damage|p2a: Blue Luffy|94\/100|[from] Sandstorm\n|-heal|p2a: Blue Luffy|100\/100|[from] item: Leftovers\n|upkeep\n|turn|12\n|c| Megakid20|LMAO\n|c| Keykard|great were back here\n|c| plague070|wow\n|c| Megakid20|back to the same song and dance\n|\n|t:|1699857295\n|move|p2a: Blue Luffy|Scald|p1a: Purple Haze\n|-supereffective|p1a: Purple Haze\n|-damage|p1a: Purple Haze|45\/100\n|move|p1a: Purple Haze|Sticky Web|p2a: Blue Luffy\n|-sidestart|p2: tidaltao|move: Sticky Web\n|\n|-weather|Sandstorm|[upkeep]\n|-damage|p2a: Blue Luffy|94\/100|[from] Sandstorm\n|-heal|p2a: Blue Luffy|100\/100|[from] item: Leftovers\n|upkeep\n|turn|13\n|c| plague070|cam made some huge progress tho\n|c| plague070|wow\n|c| plague070|webs are back\n|c| plague070|im so happy\n|\n|t:|1699857313\n|move|p2a: Blue Luffy|Defog|p1a: Purple Haze\n|-unboost|p1a: Purple Haze|evasion|1\n|-sideend|p2: tidaltao|Sticky Web|[from] move: Defog|[of] p2a: Blue Luffy\n|-fieldend|Misty Terrain\n|move|p1a: Purple Haze|Sticky Web|p2a: Blue Luffy\n|-sidestart|p2: tidaltao|move: Sticky Web\n|\n|-weather|Sandstorm|[upkeep]\n|-damage|p2a: Blue Luffy|94\/100|[from] Sandstorm\n|-heal|p2a: Blue Luffy|100\/100|[from] item: Leftovers\n|upkeep\n|turn|14\n|\n|t:|1699857338\n|move|p2a: Blue Luffy|Defog|p1a: Purple Haze\n|-unboost|p1a: Purple Haze|evasion|1\n|-sideend|p2: tidaltao|Sticky Web|[from] move: Defog|[of] p2a: Blue Luffy\n|move|p1a: Purple Haze|Stealth Rock|p2a: Blue Luffy\n|-sidestart|p2: tidaltao|move: Stealth Rock\n|\n|-weather|none\n|upkeep\n|turn|15\n|c| Megakid20|Damage on Shuck is big\n|\n|t:|1699857349\n|move|p2a: Blue Luffy|Scald|p1a: Purple Haze\n|-supereffective|p1a: Purple Haze\n|-damage|p1a: Purple Haze|12\/100\n|move|p1a: Purple Haze|Sticky Web|p2a: Blue Luffy\n|-sidestart|p2: tidaltao|move: Sticky Web\n|\n|upkeep\n|turn|16\n|c| plague070|cam has a lot of chip\n|c| Megakid20|defog only has 19 pp left\n|c| plague070|theres no way we sit here for 19 turns tho\n|c| plague070|right.\n|j| stepback wemby\n|\n|t:|1699857395\n|move|p2a: Blue Luffy|Defog|p1a: Purple Haze\n|-unboost|p1a: Purple Haze|evasion|1\n|-sideend|p2: tidaltao|Stealth Rock|[from] move: Defog|[of] p2a: Blue Luffy\n|-sideend|p2: tidaltao|Sticky Web|[from] move: Defog|[of] p2a: Blue Luffy\n|move|p1a: Purple Haze|Sticky Web|p2a: Blue Luffy\n|-sidestart|p2: tidaltao|move: Sticky Web\n|\n|upkeep\n|turn|17\n|c| plague070|yall.\n|c| Megakid20|no\n|c| Megakid20|this is what im here for\n|c| plague070|stahp\n|\n|t:|1699857414\n|move|p2a: Blue Luffy|Defog|p1a: Purple Haze\n|-unboost|p1a: Purple Haze|evasion|1\n|-sideend|p2: tidaltao|Sticky Web|[from] move: Defog|[of] p2a: Blue Luffy\n|move|p1a: Purple Haze|Sticky Web|p2a: Blue Luffy\n|-sidestart|p2: tidaltao|move: Sticky Web\n|\n|upkeep\n|turn|18\n|c| stepback wemby|LMFAO\n|c| plague070|DUDE\n|c| Megakid20|let this shit go to turn 100\n|c| stepback wemby|its cam's fault\n|c| stepback wemby|they know they cant win\n|c| plague070|HE HAS 2 HP\n|c| plague070|LMFAOO\n|\n|t:|1699857431\n|move|p2a: Blue Luffy|Scald|p1a: Purple Haze\n|-supereffective|p1a: Purple Haze\n|-damage|p1a: Purple Haze|0 fnt\n|faint|p1a: Purple Haze\n|\n|upkeep\n|c| Megakid20|finally\n|c| Keykard|huge\n|\n|t:|1699857445\n|switch|p1a: Blue Dream|Thundurus-Therian, M|100\/100\n|turn|19\n|c| stepback wemby|Blaine that naming scheme HARDDDD\n|\n|t:|1699857451\n|move|p1a: Blue Dream|Thunderbolt|p2a: Blue Luffy\n|-supereffective|p2a: Blue Luffy\n|-damage|p2a: Blue Luffy|20\/100\n|move|p2a: Blue Luffy|Defog|p1a: Blue Dream\n|-unboost|p1a: Blue Dream|evasion|1\n|-sideend|p2: tidaltao|Sticky Web|[from] move: Defog|[of] p2a: Blue Luffy\n|\n|-heal|p2a: Blue Luffy|26\/100|[from] item: Leftovers\n|upkeep\n|turn|20\n|\n|t:|1699857459\n|switch|p2a: Turtle Luffy|Torkoal, M, shiny|100\/100\n|-weather|SunnyDay|[from] ability: Drought|[of] p2a: Turtle Luffy\n|move|p1a: Blue Dream|Volt Switch|p2a: Turtle Luffy\n|-damage|p2a: Turtle Luffy|49\/100\n|c| plague070|all for fucking nohting\n|c| plague070|im crying\n|\n|t:|1699857466\n|switch|p1a: Bubba Kush|Hippowdon, M|44\/100|[from] Volt Switch\n|-weather|Sandstorm|[from] ability: Sand Stream|[of] p1a: Bubba Kush\n|\n|-weather|Sandstorm|[upkeep]\n|-damage|p2a: Turtle Luffy|42\/100|[from] Sandstorm\n|-heal|p1a: Bubba Kush|50\/100|[from] item: Leftovers\n|upkeep\n|turn|21\n|c| stepback wemby|no huge chip what\n|c| Megakid20|bro\n|c| plague070|huge chip but webs are gona\n|c| plague070|gone\n|c| Megakid20|this damage on tork\n|c| Megakid20|is big\n|\n|t:|1699857485\n|switch|p2a: Dragon Luffy|Charizard-Mega-Y, M, shiny|94\/100\n|-weather|SunnyDay|[from] ability: Drought|[of] p2a: Dragon Luffy\n|move|p1a: Bubba Kush|Yawn|p2a: Dragon Luffy\n|-start|p2a: Dragon Luffy|move: Yawn|[of] p1a: Bubba Kush\n|\n|-weather|SunnyDay|[upkeep]\n|-heal|p1a: Bubba Kush|56\/100|[from] item: Leftovers\n|upkeep\n|turn|22\n|\n|t:|1699857501\n|switch|p2a: Green Luffy|Venusaur, F|95\/100\n|switch|p1a: King Louie|Arcanine-Hisui, M|100\/100\n|\n|-weather|SunnyDay|[upkeep]\n|upkeep\n|turn|23\n|c| stepback wemby|OH YUH\n|c| Megakid20|ok\n|c| plague070|y r we celebrating\n|c| homixide poopoo|dumbass\n|c| Keykard|what move does venu use\n|c| Megakid20|we r a quarter way there to 100\n|c| plague070|it should have a very good move\n|c| Megakid20|let's do this\n|c| Megakid20|1 am 100 turn match is why I signed up\n|c| plague070|that sentence gave me a heart attack\n|c| Megakid20|lol\n|\n|t:|1699857610\n|switch|p1a: Bubba Kush|Hippowdon, M|56\/100\n|-weather|Sandstorm|[from] ability: Sand Stream|[of] p1a: Bubba Kush\n|-terastallize|p2a: Green Luffy|Fairy\n|move|p2a: Green Luffy|Growth|p2a: Green Luffy\n|-boost|p2a: Green Luffy|atk|1\n|-boost|p2a: Green Luffy|spa|1\n|\n|-weather|Sandstorm|[upkeep]\n|-damage|p2a: Green Luffy|89\/100|[from] Sandstorm\n|-heal|p1a: Bubba Kush|62\/100|[from] item: Leftovers\n|upkeep\n|turn|24\n|c| plague070|hmmm\n|c| plague070|welllll\n|\n|t:|1699857627\n|switch|p1a: Gelatto|Ferrothorn, F|100\/100\n|move|p2a: Green Luffy|Giga Drain|p1a: Gelatto\n|-resisted|p1a: Gelatto\n|-damage|p1a: Gelatto|86\/100\n|-heal|p2a: Green Luffy|97\/100|[from] drain|[of] p1a: Gelatto\n|-damage|p2a: Green Luffy|87\/100|[from] item: Life Orb\n|\n|-weather|Sandstorm|[upkeep]\n|-damage|p2a: Green Luffy|81\/100|[from] Sandstorm\n|-heal|p1a: Gelatto|92\/100|[from] item: Leftovers\n|upkeep\n|turn|25\n|c| plague070|ok\n|c| Megakid20|lmao\n|c| Megakid20|this shit\n|c| Megakid20|might go to\n|c| Megakid20|turn 100\n|c| stepback wemby|Oh yuh we smokin on gelatto\n|\n|t:|1699857645\n|switch|p2a: Dragon Luffy|Charizard-Mega-Y, M, shiny|94\/100\n|-weather|SunnyDay|[from] ability: Drought|[of] p2a: Dragon Luffy\n|move|p1a: Gelatto|Gyro Ball|p2a: Dragon Luffy\n|-resisted|p2a: Dragon Luffy\n|-damage|p2a: Dragon Luffy|63\/100\n|\n|-weather|SunnyDay|[upkeep]\n|-heal|p1a: Gelatto|98\/100|[from] item: Leftovers\n|upkeep\n|turn|26\n|c| stepback wemby|Big ass chip fawk u mean\n|c| Keykard|dragon luffy\n|c| plague070|dragon luffy murders some shit tho\n|c| plague070|this thing is a demon\n|\n|t:|1699857686\n|switch|p1a: Sour Diesel|Garchomp, F|100\/100\n|move|p2a: Dragon Luffy|Flamethrower|p1a: Sour Diesel\n|-resisted|p1a: Sour Diesel\n|-damage|p1a: Sour Diesel|58\/100\n|\n|-weather|SunnyDay|[upkeep]\n|upkeep\n|turn|27\n|c| Megakid20|oo chippy\n|\n|t:|1699857698\n|move|p1a: Sour Diesel|Rock Slide|p2a: Dragon Luffy\n|-supereffective|p2a: Dragon Luffy\n|-damage|p2a: Dragon Luffy|0 fnt\n|faint|p2a: Dragon Luffy\n|\n|-weather|SunnyDay|[upkeep]\n|upkeep\n|c| Megakid20|OH\n|c| stepback wemby|Yessuh\n|c| Megakid20|dude\n|\n|t:|1699857708\n|switch|p2a: Green Luffy|Venusaur, F, tera:Fairy|81\/100\n|turn|28\n|c| stepback wemby|Yessuh\n|c| homixide poopoo|CAN WIN.\n|\n|t:|1699857716\n|switch|p1a: Bubba Kush|Hippowdon, M|62\/100\n|-weather|Sandstorm|[from] ability: Sand Stream|[of] p1a: Bubba Kush\n|move|p2a: Green Luffy|Giga Drain|p1a: Bubba Kush\n|-supereffective|p1a: Bubba Kush\n|-damage|p1a: Bubba Kush|0 fnt\n|-heal|p2a: Green Luffy|100\/100|[from] drain|[of] p1a: Bubba Kush\n|faint|p1a: Bubba Kush\n|-damage|p2a: Green Luffy|91\/100|[from] item: Life Orb\n|\n|-weather|Sandstorm|[upkeep]\n|-damage|p2a: Green Luffy|85\/100|[from] Sandstorm\n|upkeep\n|c| Keykard|lets hit a quick gooberton\n|c| Megakid20|oh\n|\n|t:|1699857728\n|switch|p1a: Gelatto|Ferrothorn, F|98\/100\n|turn|29\n|c| plague070|now why did we go and do that\n|c| stepback wemby|What unc say\n|\n|t:|1699857734\n|switch|p2a: Turtle Luffy|Torkoal, M, shiny|42\/100\n|-weather|SunnyDay|[from] ability: Drought|[of] p2a: Turtle Luffy\n|move|p1a: Gelatto|Leech Seed|p2a: Turtle Luffy\n|-start|p2a: Turtle Luffy|move: Leech Seed\n|\n|-weather|SunnyDay|[upkeep]\n|-heal|p1a: Gelatto|100\/100|[from] item: Leftovers\n|-damage|p2a: Turtle Luffy|30\/100|[from] Leech Seed|[of] p1a: Gelatto\n|upkeep\n|turn|30\n|c| stepback wemby|That aint no problem\n|c| stepback wemby|That aint no problem\n|\n|t:|1699857752\n|move|p2a: Turtle Luffy|Lava Plume|p1a: Gelatto\n|-supereffective|p1a: Gelatto\n|-damage|p1a: Gelatto|0 fnt\n|faint|p1a: Gelatto\n|\n|-weather|SunnyDay|[upkeep]\n|upkeep\n|c| Megakid20|wh\n|\n|t:|1699857759\n|switch|p1a: King Louie|Arcanine-Hisui, M|100\/100\n|turn|31\n|c| stepback wemby|dude\n|c| plague070|uh\n|c| plague070|LMFAO\n|c|\u2606troubadour9|dude\n|c| Megakid20|HE SAID\n|c|\u2606troubadour9|i terad\n|c|\u2606troubadour9|and clicked out\n|c|\u2606troubadour9|fuck\n|c| Megakid20|damn unfort\n|\n|t:|1699857784\n|move|p1a: King Louie|Head Smash|p2a: Turtle Luffy|[miss]\n|-miss|p1a: King Louie|p2a: Turtle Luffy\n|move|p2a: Turtle Luffy|Rapid Spin|p1a: King Louie\n|-resisted|p1a: King Louie\n|-damage|p1a: King Louie|95\/100\n|-boost|p2a: Turtle Luffy|spe|1\n|-end|p2a: Turtle Luffy|Leech Seed|[from] move: Rapid Spin|[of] p2a: Turtle Luffy\n|\n|-weather|SunnyDay|[upkeep]\n|upkeep\n|turn|32\n|c| plague070|yo im cryin\n|c| Keykard|oh nah\n|\n|t:|1699857796\n|switch|p1a: Sour Diesel|Garchomp, F|58\/100\n|move|p2a: Turtle Luffy|Toxic|p1a: Sour Diesel\n|-status|p1a: Sour Diesel|tox\n|\n|-weather|SunnyDay|[upkeep]\n|-damage|p1a: Sour Diesel|51\/100 tox|[from] psn\n|upkeep\n|turn|33\n|c| Megakid20|lmao\n|c| plague070|get those seeds off ya ca\n|c| plague070|canm\n|c| stepback wemby|??\n|c| plague070|LMFAO\n|c| plague070|YO\n|\n|t:|1699857805\n|switch|p2a: Green Luffy|Venusaur, F, tera:Fairy|85\/100\n|move|p1a: Sour Diesel|Scale Shot|p2a: Green Luffy\n|-immune|p2a: Green Luffy\n|\n|-weather|SunnyDay|[upkeep]\n|-damage|p1a: Sour Diesel|39\/100 tox|[from] psn\n|upkeep\n|turn|34\n|c| stepback wemby|click x\n|c| Keykard|sure\n|c| stepback wemby|we win game 2\n|c| plague070|dude turtle luffy is putting in goob work\n|c| plague070|LMFAO\n|c| stepback wemby|click x\n|c| homixide poopoo|LMFAO\n|c| Megakid20|whoa\n|c| Keykard|LOL\n|c| Megakid20|wait\n|c| stepback wemby|click x\n|\n|t:|1699857815\n|detailschange|p1a: Sour Diesel|Garchomp-Mega, F\n|-mega|p1a: Sour Diesel|Garchomp|Garchompite\n|move|p2a: Green Luffy|Growth|p2a: Green Luffy\n|-boost|p2a: Green Luffy|atk|2\n|-boost|p2a: Green Luffy|spa|2\n|move|p1a: Sour Diesel|Earthquake|p2a: Green Luffy\n|-damage|p2a: Green Luffy|0 fnt\n|faint|p2a: Green Luffy\n|\n|-weather|SunnyDay|[upkeep]\n|-damage|p1a: Sour Diesel|21\/100 tox|[from] psn\n|upkeep\n|c| plague070|YOOO\n|c| stepback wemby|get outta here man\n|c| stepback wemby|wait\n|c| homixide poopoo|WAIT\n|c| Megakid20|WHAT??\n|c| plague070|????\n|c| Megakid20|that killed?\n|c| plague070|HELLO??\n|c| Keykard|nvm\n|c| plague070|dawg\n|c|\u2606tidaltao|dude this pokemon is actually horrible\n|c|\u2606tidaltao|lmfao\n|c| stepback wemby|lmfao its over\n|c| stepback wemby|blaine won\n|c| plague070|its ok cam\n|c| plague070|lock in\n|c| stepback wemby|if hes the set i think he is he won\n|c| Megakid20|cam can still win\n|c| plague070|^\n|\n|t:|1699857864\n|switch|p2a: LGBTQ Luffy|Sylveon, M|77\/100\n|turn|35\n|c| Megakid20|i can see a way\n|c| stepback wemby|no he cant\n|c| Megakid20|im shulk\n|c| plague070|in lgbtq luffy i trust\n|c| stepback wemby|wait theres one way\n|\n|t:|1699857877\n|switch|p1a: King Louie|Arcanine-Hisui, M|95\/100\n|move|p2a: LGBTQ Luffy|Wish|p2a: LGBTQ Luffy\n|\n|-weather|SunnyDay|[upkeep]\n|-heal|p2a: LGBTQ Luffy|83\/100|[from] item: Leftovers\n|upkeep\n|turn|36\n|c| plague070|huge right there\n|c| stepback wemby|assuming non terrible choke \/ luck..\n|\n|t:|1699857921\n|switch|p2a: Blue Luffy|Tapu Fini, shiny|26\/100\n|-fieldstart|move: Misty Terrain|[from] ability: Misty Surge|[of] p2a: Blue Luffy\n|move|p1a: King Louie|Flare Blitz|p2a: Blue Luffy\n|-resisted|p2a: Blue Luffy\n|-damage|p2a: Blue Luffy|0 fnt\n|faint|p2a: Blue Luffy\n|\n|-weather|none\n|upkeep\n|\n|t:|1699857924\n|switch|p2a: LGBTQ Luffy|Sylveon, M|83\/100\n|turn|37\n|\n|t:|1699857939\n|move|p1a: King Louie|Flare Blitz|p2a: LGBTQ Luffy\n|-damage|p2a: LGBTQ Luffy|39\/100\n|move|p2a: LGBTQ Luffy|Hyper Voice|p1a: King Louie\n|-resisted|p1a: King Louie\n|-damage|p1a: King Louie|71\/100\n|\n|-heal|p2a: LGBTQ Luffy|45\/100|[from] item: Leftovers\n|upkeep\n|turn|38\n|c| plague070|ok.\n|c| stepback wemby|yessuh\n|\n|t:|1699857946\n|move|p1a: King Louie|Flare Blitz|p2a: LGBTQ Luffy\n|-damage|p2a: LGBTQ Luffy|1\/100\n|move|p2a: LGBTQ Luffy|Wish|p2a: LGBTQ Luffy\n|\n|-heal|p2a: LGBTQ Luffy|7\/100|[from] item: Leftovers\n|upkeep\n|turn|39\n|c| plague070|god damn\n|c| homixide poopoo|LMFAO\n|c| Megakid20|lmaoo\n|\n|t:|1699857952\n|move|p2a: LGBTQ Luffy|Protect|p2a: LGBTQ Luffy\n|-singleturn|p2a: LGBTQ Luffy|Protect\n|move|p1a: King Louie|Flare Blitz|p2a: LGBTQ Luffy\n|-activate|p2a: LGBTQ Luffy|move: Protect\n|\n|-heal|p2a: LGBTQ Luffy|57\/100|[from] move: Wish|[wisher] LGBTQ Luffy\n|-heal|p2a: LGBTQ Luffy|63\/100|[from] item: Leftovers\n|upkeep\n|turn|40\n|c| stepback wemby|omg\n|c| plague070|LMFAO\n|c| plague070|it dont do enough tho\n|c| plague070|LMFAO\n|\n|t:|1699857961\n|move|p1a: King Louie|Flare Blitz|p2a: LGBTQ Luffy\n|-damage|p2a: LGBTQ Luffy|18\/100\n|move|p2a: LGBTQ Luffy|Wish|p2a: LGBTQ Luffy\n|\n|-heal|p2a: LGBTQ Luffy|24\/100|[from] item: Leftovers\n|-fieldend|Misty Terrain\n|upkeep\n|turn|41\n|c| Megakid20|Dude Cam's friendship is to strong with Sylveon\n|c| Megakid20|He toughed it out so Cam doesn't feel bad\n|\n|t:|1699857986\n|switch|p1a: Sour Diesel|Garchomp-Mega, F|21\/100 tox\n|move|p2a: LGBTQ Luffy|Protect||[still]\n|-fail|p2a: LGBTQ Luffy\n|\n|-heal|p2a: LGBTQ Luffy|74\/100|[from] move: Wish|[wisher] LGBTQ Luffy\n|-heal|p2a: LGBTQ Luffy|80\/100|[from] item: Leftovers\n|-damage|p1a: Sour Diesel|15\/100 tox|[from] psn\n|upkeep\n|turn|42\n|c| stepback wemby|W play\n|c| plague070|ok\n|c| homixide poopoo|he scale shots here\n|c| plague070|yeah he sure does\n|\n|t:|1699858053\n|move|p1a: Sour Diesel|Earthquake|p2a: LGBTQ Luffy\n|-damage|p2a: LGBTQ Luffy|27\/100\n|move|p2a: LGBTQ Luffy|Hyper Voice|p1a: Sour Diesel\n|-supereffective|p1a: Sour Diesel\n|-damage|p1a: Sour Diesel|0 fnt\n|faint|p1a: Sour Diesel\n|\n|-heal|p2a: LGBTQ Luffy|33\/100|[from] item: Leftovers\n|upkeep\n|c| plague070|oh\n|c| plague070|paul\n|c| homixide poopoo|well\n|c| stepback wemby|dude like me doubled out to dog right there and lost the game\n|c| stepback wemby|ngl\n|c| Megakid20|no it's not\n|c| plague070|wish shoulda come out\n|c| plague070|no cap\n|\n|t:|1699858082\n|switch|p1a: Blue Dream|Thundurus-Therian, M|100\/100\n|turn|43\n|c| stepback wemby|i thought cam would go skarm\n|c| homixide poopoo|in what world do you go back into the fucking dog\n|\n|t:|1699858091\n|move|p2a: LGBTQ Luffy|Protect|p2a: LGBTQ Luffy\n|-singleturn|p2a: LGBTQ Luffy|Protect\n|move|p1a: Blue Dream|Thunderbolt|p2a: LGBTQ Luffy\n|-activate|p2a: LGBTQ Luffy|move: Protect\n|\n|-heal|p2a: LGBTQ Luffy|39\/100|[from] item: Leftovers\n|upkeep\n|turn|44\n|c| stepback wemby|on skarm\n|c| Megakid20|Blue Dream\n|c| stepback wemby|dip shit\n|c| plague070|lmfao\n|c| stepback wemby|why would cam stay in\n|\n|t:|1699858100\n|move|p1a: Blue Dream|Thunderbolt|p2a: LGBTQ Luffy\n|-damage|p2a: LGBTQ Luffy|1\/100\n|move|p2a: LGBTQ Luffy|Wish|p2a: LGBTQ Luffy\n|\n|-heal|p2a: LGBTQ Luffy|7\/100|[from] item: Leftovers\n|upkeep\n|turn|45\n|c| stepback wemby|they lose now\n|c| plague070|LMFAOOO\n|c| Megakid20|NO\n|c| Megakid20|WAY\n|c| homixide poopoo|LMFAOOOOOOOOOOOOOOOO\n|c| Keykard|no way\n|c| stepback wemby|if blaine didnt choke\n|c| Megakid20|LMAOOOO\n|\n|t:|1699858106\n|move|p2a: LGBTQ Luffy|Protect|p2a: LGBTQ Luffy\n|-singleturn|p2a: LGBTQ Luffy|Protect\n|move|p1a: Blue Dream|Volt Switch|p2a: LGBTQ Luffy\n|-activate|p2a: LGBTQ Luffy|move: Protect\n|\n|-heal|p2a: LGBTQ Luffy|57\/100|[from] move: Wish|[wisher] LGBTQ Luffy\n|-heal|p2a: LGBTQ Luffy|63\/100|[from] item: Leftovers\n|upkeep\n|turn|46\n|c| stepback wemby|and go this piece of shit\n|c| plague070|LMFAOOAOAOA\n|c| homixide poopoo|;,FAP\n|c| stepback wemby|instead of the dog\n|c| plague070|im crying\n|c| Megakid20|DUDE CAM'S BOND WITH SYLVEON\n|\n|t:|1699858115\n|move|p1a: Blue Dream|Volt Switch|p2a: LGBTQ Luffy\n|-damage|p2a: LGBTQ Luffy|35\/100\n|c| Megakid20|IS INSANE\n|\n|t:|1699858118\n|switch|p1a: King Louie|Arcanine-Hisui, M|71\/100|[from] Volt Switch\n|move|p2a: LGBTQ Luffy|Wish|p2a: LGBTQ Luffy\n|\n|-heal|p2a: LGBTQ Luffy|41\/100|[from] item: Leftovers\n|upkeep\n|turn|47\n|c| plague070|what is this insane bond\n|\n|t:|1699858126\n|move|p2a: LGBTQ Luffy|Protect|p2a: LGBTQ Luffy\n|-singleturn|p2a: LGBTQ Luffy|Protect\n|move|p1a: King Louie|Flare Blitz|p2a: LGBTQ Luffy\n|-activate|p2a: LGBTQ Luffy|move: Protect\n|\n|-heal|p2a: LGBTQ Luffy|91\/100|[from] move: Wish|[wisher] LGBTQ Luffy\n|-heal|p2a: LGBTQ Luffy|97\/100|[from] item: Leftovers\n|upkeep\n|turn|48\n|\n|t:|1699858138\n|move|p1a: King Louie|Flare Blitz|p2a: LGBTQ Luffy\n|-damage|p2a: LGBTQ Luffy|53\/100\n|-status|p2a: LGBTQ Luffy|brn\n|move|p2a: LGBTQ Luffy|Calm Mind|p2a: LGBTQ Luffy\n|-boost|p2a: LGBTQ Luffy|spa|1\n|-boost|p2a: LGBTQ Luffy|spd|1\n|\n|-heal|p2a: LGBTQ Luffy|59\/100 brn|[from] item: Leftovers\n|-damage|p2a: LGBTQ Luffy|53\/100 brn|[from] brn\n|upkeep\n|turn|49\n|c| homixide poopoo|wait\n|c| stepback wemby|blaine putting on a generational choke tryna throw this game\n|c| Megakid20|WAIT\n|c| stepback wemby|but cam\n|c| plague070|yo.\n|\n|t:|1699858152\n|move|p1a: King Louie|Flare Blitz|p2a: LGBTQ Luffy\n|-damage|p2a: LGBTQ Luffy|6\/100 brn\n|move|p2a: LGBTQ Luffy|Wish|p2a: LGBTQ Luffy\n|\n|-heal|p2a: LGBTQ Luffy|12\/100 brn|[from] item: Leftovers\n|-damage|p2a: LGBTQ Luffy|6\/100 brn|[from] brn\n|upkeep\n|turn|50\n|c| plague070|ON 1\n|c| stepback wemby|is also trying to throw\n|c| stepback wemby|it seems\n|c| plague070|LMFAO\n|\n|t:|1699858169\n|switch|p1a: Blue Dream|Thundurus-Therian, M|100\/100\n|move|p2a: LGBTQ Luffy|Protect||[still]\n|-fail|p2a: LGBTQ Luffy\n|\n|-heal|p2a: LGBTQ Luffy|56\/100 brn|[from] move: Wish|[wisher] LGBTQ Luffy\n|-heal|p2a: LGBTQ Luffy|62\/100 brn|[from] item: Leftovers\n|-damage|p2a: LGBTQ Luffy|56\/100 brn|[from] brn\n|upkeep\n|turn|51\n|c| homixide poopoo|dude im crying\n|c| plague070|goooooo cam\n|c| Megakid20|dude this is the funniest match\n|\n|t:|1699858192\n|move|p1a: Blue Dream|Thunderbolt|p2a: LGBTQ Luffy\n|-crit|p2a: LGBTQ Luffy\n|-damage|p2a: LGBTQ Luffy|7\/100 brn\n|move|p2a: LGBTQ Luffy|Hyper Voice|p1a: Blue Dream\n|-damage|p1a: Blue Dream|18\/100\n|\n|-heal|p2a: LGBTQ Luffy|13\/100 brn|[from] item: Leftovers\n|-damage|p2a: LGBTQ Luffy|7\/100 brn|[from] brn\n|upkeep\n|turn|52\n|c| stepback wemby|NICE\n|c| plague070|BRO\n|c| plague070|thats so unfortunate\n|c| Megakid20|im ngl i did not think sylveon was this bulky\n|c| Keykard|cap\n|c| stepback wemby|bro it was bound to happen eventually LOL\n|c| homixide poopoo|a crit had to happen eventually\n|c| Keykard|u click wish\n|c| homixide poopoo|yeah\n|\n|t:|1699858226\n|move|p1a: Blue Dream|Volt Switch|p2a: LGBTQ Luffy\n|-damage|p2a: LGBTQ Luffy|0 fnt\n|faint|p2a: LGBTQ Luffy\n|\n|t:|1699858230\n|switch|p1a: King Louie|Arcanine-Hisui, M|71\/100|[from] Volt Switch\n|\n|upkeep\n|c| plague070|wish shoulda happened regardless yeah\n|\n|t:|1699858247\n|switch|p2a: Turtle Luffy|Torkoal, M, shiny|30\/100\n|-weather|SunnyDay|[from] ability: Drought|[of] p2a: Turtle Luffy\n|turn|53\n|\n|t:|1699858255\n|move|p1a: King Louie|Head Smash|p2a: Turtle Luffy\n|-supereffective|p2a: Turtle Luffy\n|-damage|p2a: Turtle Luffy|0 fnt\n|faint|p2a: Turtle Luffy\n|\n|-weather|SunnyDay|[upkeep]\n|upkeep\n|\n|t:|1699858258\n|switch|p2a: Metal Luffy|Skarmory, F|100\/100\n|turn|54\n|\n|t:|1699858263\n|switch|p1a: Blue Dream|Thundurus-Therian, M|18\/100\n|move|p2a: Metal Luffy|Roost||[still]\n|-fail|p2a: Metal Luffy|heal\n|\n|-weather|SunnyDay|[upkeep]\n|upkeep\n|turn|55\n|c| plague070|???\n|c| Megakid20|?\n|c| stepback wemby|im crying\n|c|\u2606tidaltao|what\n|c|\u2606troubadour9|gg\n|\n|t:|1699858275\n|move|p1a: Blue Dream|Thunderbolt|p2a: Metal Luffy\n|-supereffective|p2a: Metal Luffy\n|-ability|p2a: Metal Luffy|Sturdy\n|-damage|p2a: Metal Luffy|1\/100\n|move|p2a: Metal Luffy|Body Press|p1a: Blue Dream\n|-resisted|p1a: Blue Dream\n|-damage|p1a: Blue Dream|0 fnt\n|faint|p1a: Blue Dream\n|\n|-weather|SunnyDay|[upkeep]\n|upkeep\n|c| plague070|dude how did blaine just throw the match\n|\n|t:|1699858284\n|switch|p1a: King Louie|Arcanine-Hisui, M|71\/100\n|turn|56\n|c| stepback wemby|he literally tried to throw\n|c| stepback wemby|lol\n|c| Megakid20|he didn;t\n|c| plague070|blaine deadass tried his best to lose\n|c| stepback wemby|CAM WON\n|c| Keykard|what is happening dude\n|\n|t:|1699858290\n|move|p1a: King Louie|Extreme Speed|p2a: Metal Luffy\n|-resisted|p2a: Metal Luffy\n|-damage|p2a: Metal Luffy|0 fnt\n|-damage|p1a: King Louie|54\/100|[from] item: Rocky Helmet|[of] p2a: Metal Luffy\n|faint|p2a: Metal Luffy\n|\n|win|troubadour9\n|c| plague070|cam had won that game\n|c| plague070|holy fuck\n","uploadtime":1699858299,"views":15,"p1id":"troubadour9","p2id":"tidaltao","formatid":"gen9nationaldex","rating":0,"private":0,"password":""}