{"id":"gen9nationaldex-1989787322","p1":"Boxer Marc","p2":"Boxer David","format":"[Gen 9] National Dex","log":"|j|\u2606Boxer Marc\n|j|\u2606Boxer David\n|t:|1699895718\n|gametype|singles\n|player|p1|Boxer Marc|ingo|\n|player|p2|Boxer David|emmet|\n|teamsize|p1|1\n|teamsize|p2|1\n|gen|9\n|tier|[Gen 9] National Dex\n|rule|HP Percentage Mod: HP is shown in percentages\n|rule|Endless Battle Clause: Forcing endless battles is banned\n|rule|OHKO Clause: OHKO moves are banned\n|rule|Evasion Clause: Evasion abilities, items, and moves are banned\n|rule|Evasion Abilities Clause: Evasion abilities are banned\n|rule|Evasion Items Clause: Evasion items are banned\n|rule|Evasion Moves Clause: Evasion moves are banned\n|rule|Species Clause: Limit one of each Pok\u00e9mon\n|rule|Sleep Clause Mod: Limit one foe put to sleep\n|clearpoke\n|poke|p1|Kangaskhan, L50, F|\n|poke|p2|Hitmonchan, L50, M|\n|teampreview\n|\n|t:|1699895721\n|start\n|switch|p1a: Marc|Kangaskhan, L50, F|100\/100\n|switch|p2a: David|Hitmonchan, L50, M|100\/100\n|turn|1\n|\n|t:|1699895743\n|-terastallize|p2a: David|Ground\n|-terastallize|p1a: Marc|Ground\n|move|p1a: Marc|Fake Out|p2a: David\n|-damage|p2a: David|89\/100\n|move|p2a: David|Sky Uppercut|p1a: Marc|[miss]\n|-miss|p2a: David|p1a: Marc\n|\n|upkeep\n|turn|2\n|\n|t:|1699895758\n|move|p1a: Marc|Mega Punch|p2a: David\n|-damage|p2a: David|67\/100\n|move|p2a: David|Counter|p1a: Marc\n|-damage|p1a: Marc|68\/100\n|\n|upkeep\n|turn|3\n|\n|t:|1699895768\n|move|p1a: Marc|Sucker Punch||[still]\n|-fail|p1a: Marc\n|move|p2a: David|Mind Reader|p1a: Marc\n|-activate|p2a: David|move: Mind Reader|[of] p1a: Marc\n|\n|upkeep\n|turn|4\n|\n|t:|1699895774\n|move|p2a: David|Dynamic Punch|p1a: Marc\n|-crit|p1a: Marc\n|-damage|p1a: Marc|33\/100\n|-start|p1a: Marc|confusion\n|-activate|p1a: Marc|confusion\n|move|p1a: Marc|Frustration|p2a: David\n|-damage|p2a: David|42\/100\n|\n|upkeep\n|turn|5\n|\n|t:|1699895787\n|move|p2a: David|Sky Uppercut|p1a: Marc\n|-damage|p1a: Marc|15\/100\n|-activate|p1a: Marc|confusion\n|move|p1a: Marc|Mega Punch|p2a: David\n|-damage|p2a: David|20\/100\n|\n|upkeep\n|turn|6\n|\n|t:|1699895833\n|-activate|p1a: Marc|confusion\n|move|p1a: Marc|Sucker Punch|p2a: David\n|-damage|p2a: David|8\/100\n|move|p2a: David|Sky Uppercut|p1a: Marc\n|-damage|p1a: Marc|0 fnt\n|faint|p1a: Marc\n|\n|win|Boxer David\n","uploadtime":1699895842,"views":9,"p1id":"boxermarc","p2id":"boxerdavid","formatid":"gen9nationaldex","rating":0,"private":0,"password":""}