{"id":"gen9nationaldex-1989969126","p1":"flutymafia","p2":"Lufano5","format":"[Gen 9] National Dex","log":"|j|\u2606flutymafia\n|j|\u2606Lufano5\n|t:|1699911161\n|gametype|singles\n|player|p1|flutymafia|schoolkidf-gen4|1125\n|player|p2|Lufano5|1|1095\n|teamsize|p1|6\n|teamsize|p2|6\n|gen|9\n|tier|[Gen 9] National Dex\n|rated|\n|rule|HP Percentage Mod: HP is shown in percentages\n|rule|Endless Battle Clause: Forcing endless battles is banned\n|rule|OHKO Clause: OHKO moves are banned\n|rule|Evasion Clause: Evasion abilities, items, and moves are banned\n|rule|Evasion Abilities Clause: Evasion abilities are banned\n|rule|Evasion Items Clause: Evasion items are banned\n|rule|Evasion Moves Clause: Evasion moves are banned\n|rule|Species Clause: Limit one of each Pok\u00e9mon\n|rule|Sleep Clause Mod: Limit one foe put to sleep\n|clearpoke\n|poke|p1|Tyrantrum, M|\n|poke|p1|Charizard, M|\n|poke|p1|Dragonite, F|\n|poke|p1|Garchomp, F|\n|poke|p1|Latios, M|\n|poke|p1|Goodra-Hisui, F|\n|poke|p2|Lopunny, F|\n|poke|p2|Corviknight, F|\n|poke|p2|Orbeetle, M|\n|poke|p2|Volcarona, M|\n|poke|p2|Urshifu-*, M|\n|poke|p2|Tapu Lele|\n|teampreview\n|inactive|Battle timer is ON: inactive players will automatically lose when time's up. (requested by flutymafia)\n|c|\u2606flutymafia|Glhf\n|\n|t:|1699911177\n|start\n|switch|p1a: Garchomp|Garchomp, F|100\/100\n|switch|p2a: Orbeetle|Orbeetle, M|100\/100\n|-item|p1a: Garchomp|Rocky Helmet|[from] ability: Frisk|[of] p2a: Orbeetle|[identify]\n|turn|1\n|\n|t:|1699911187\n|move|p1a: Garchomp|Rock Slide|p2a: Orbeetle\n|-supereffective|p2a: Orbeetle\n|-damage|p2a: Orbeetle|51\/100\n|move|p2a: Orbeetle|Trick|p1a: Garchomp\n|-activate|p2a: Orbeetle|move: Trick|[of] p1a: Garchomp\n|-item|p1a: Garchomp|Choice Scarf|[from] move: Trick\n|-item|p2a: Orbeetle|Rocky Helmet|[from] move: Trick\n|\n|upkeep\n|turn|2\n|\n|t:|1699911201\n|move|p1a: Garchomp|Stealth Rock|p2a: Orbeetle\n|-sidestart|p2: Lufano5|move: Stealth Rock\n|move|p2a: Orbeetle|Sticky Web|p1a: Garchomp\n|-sidestart|p1: flutymafia|move: Sticky Web\n|\n|upkeep\n|turn|3\n|\n|t:|1699911212\n|switch|p1a: Charizard|Charizard, M|100\/100\n|move|p2a: Orbeetle|Future Sight|p1a: Charizard\n|-start|p2a: Orbeetle|move: Future Sight\n|\n|upkeep\n|turn|4\n|\n|t:|1699911223\n|detailschange|p1a: Charizard|Charizard-Mega-X, M\n|-mega|p1a: Charizard|Charizard|Charizardite X\n|move|p1a: Charizard|Dragon Dance|p1a: Charizard\n|-boost|p1a: Charizard|atk|1\n|-boost|p1a: Charizard|spe|1\n|move|p2a: Orbeetle|Infestation|p1a: Charizard\n|-resisted|p1a: Charizard\n|-damage|p1a: Charizard|96\/100\n|-activate|p1a: Charizard|move: Infestation|[of] p2a: Orbeetle\n|\n|-damage|p1a: Charizard|84\/100|[from] move: Infestation|[partiallytrapped]\n|upkeep\n|turn|5\n|inactive|Lufano5 has 120 seconds left.\n|\n|t:|1699911256\n|move|p1a: Charizard|Fire Punch|p2a: Orbeetle\n|-supereffective|p2a: Orbeetle\n|-damage|p2a: Orbeetle|0 fnt\n|-damage|p1a: Charizard|68\/100|[from] item: Rocky Helmet|[of] p2a: Orbeetle\n|faint|p2a: Orbeetle\n|\n|-end|p1a: Charizard|move: Future Sight\n|-damage|p1a: Charizard|19\/100\n|-end|p1a: Charizard|Infestation|[partiallytrapped]|[silent]\n|upkeep\n|inactive|Lufano5 has 120 seconds left.\n|\n|t:|1699911282\n|switch|p2a: Urshifu|Urshifu-Rapid-Strike, M|100\/100\n|-damage|p2a: Urshifu|94\/100|[from] Stealth Rock\n|turn|6\n|\n|t:|1699911289\n|switch|p1a: Garchomp|Garchomp, F|100\/100\n|-activate|p1a: Garchomp|move: Sticky Web\n|-unboost|p1a: Garchomp|spe|1\n|move|p2a: Urshifu|Surging Strikes|p1a: Garchomp\n|-crit|p1a: Garchomp\n|-damage|p1a: Garchomp|77\/100\n|-damage|p2a: Urshifu|82\/100|[from] ability: Rough Skin|[of] p1a: Garchomp\n|-crit|p1a: Garchomp\n|-damage|p1a: Garchomp|53\/100\n|-damage|p2a: Urshifu|69\/100|[from] ability: Rough Skin|[of] p1a: Garchomp\n|-crit|p1a: Garchomp\n|-damage|p1a: Garchomp|33\/100\n|-damage|p2a: Urshifu|57\/100|[from] ability: Rough Skin|[of] p1a: Garchomp\n|-hitcount|p1a: Garchomp|3\n|\n|upkeep\n|turn|7\n|\n|t:|1699911306\n|move|p1a: Garchomp|Dragon Claw|p2a: Urshifu\n|-damage|p2a: Urshifu|20\/100\n|move|p2a: Urshifu|Ice Spinner|p1a: Garchomp\n|-supereffective|p1a: Garchomp\n|-damage|p1a: Garchomp|0 fnt\n|-damage|p2a: Urshifu|8\/100|[from] ability: Rough Skin|[of] p1a: Garchomp\n|faint|p1a: Garchomp\n|\n|upkeep\n|\n|t:|1699911317\n|switch|p1a: Latios|Latios, M|100\/100\n|turn|8\n|\n|t:|1699911323\n|move|p1a: Latios|Psychic|p2a: Urshifu\n|-supereffective|p2a: Urshifu\n|-damage|p2a: Urshifu|0 fnt\n|faint|p2a: Urshifu\n|\n|upkeep\n|\n|t:|1699911335\n|switch|p2a: Tapu Lele|Tapu Lele|100\/100\n|-damage|p2a: Tapu Lele|88\/100|[from] Stealth Rock\n|-fieldstart|move: Psychic Terrain|[from] ability: Psychic Surge|[of] p2a: Tapu Lele\n|turn|9\n|\n|t:|1699911345\n|move|p1a: Latios|Calm Mind|p1a: Latios\n|-boost|p1a: Latios|spa|1\n|-boost|p1a: Latios|spd|1\n|move|p2a: Tapu Lele|Moonblast|p1a: Latios\n|-supereffective|p1a: Latios\n|-damage|p1a: Latios|18\/100\n|-unboost|p1a: Latios|spa|1\n|\n|upkeep\n|turn|10\n|\n|t:|1699911355\n|move|p1a: Latios|Defog|p2a: Tapu Lele\n|-unboost|p2a: Tapu Lele|evasion|1\n|-sideend|p2: Lufano5|Stealth Rock|[from] move: Defog|[of] p1a: Latios\n|-sideend|p1: flutymafia|Sticky Web|[from] move: Defog|[of] p1a: Latios\n|-fieldend|move: Psychic Terrain\n|move|p2a: Tapu Lele|Moonblast|p1a: Latios\n|-supereffective|p1a: Latios\n|-crit|p1a: Latios\n|-damage|p1a: Latios|0 fnt\n|faint|p1a: Latios\n|\n|upkeep\n|\n|t:|1699911362\n|switch|p1a: Charizard|Charizard-Mega-X, M|19\/100\n|turn|11\n|inactive|Lufano5 has 120 seconds left.\n|\n|t:|1699911369\n|move|p1a: Charizard|Fire Punch|p2a: Tapu Lele\n|-damage|p2a: Tapu Lele|0 fnt\n|faint|p2a: Tapu Lele\n|\n|upkeep\n|inactive|Lufano5 has 120 seconds left.\n|\n|t:|1699911382\n|switch|p2a: Lopunny|Lopunny, F|100\/100\n|turn|12\n|\n|t:|1699911388\n|detailschange|p2a: Lopunny|Lopunny-Mega, F\n|-mega|p2a: Lopunny|Lopunny|Lopunnite\n|move|p2a: Lopunny|Power-Up Punch|p1a: Charizard\n|-damage|p1a: Charizard|0 fnt\n|-boost|p2a: Lopunny|atk|1\n|faint|p1a: Charizard\n|\n|upkeep\n|\n|t:|1699911392\n|switch|p1a: Dragonite|Dragonite, F|100\/100\n|turn|13\n|\n|t:|1699911400\n|move|p2a: Lopunny|Ice Punch|p1a: Dragonite\n|-supereffective|p1a: Dragonite\n|-damage|p1a: Dragonite|25\/100\n|move|p1a: Dragonite|Dragon Dance|p1a: Dragonite\n|-boost|p1a: Dragonite|atk|1\n|-boost|p1a: Dragonite|spe|1\n|\n|-heal|p1a: Dragonite|31\/100|[from] item: Leftovers\n|upkeep\n|turn|14\n|\n|t:|1699911409\n|-terastallize|p1a: Dragonite|Normal\n|move|p1a: Dragonite|Extreme Speed|p2a: Lopunny\n|-damage|p2a: Lopunny|27\/100\n|move|p2a: Lopunny|Ice Punch|p1a: Dragonite\n|-damage|p1a: Dragonite|0 fnt\n|faint|p1a: Dragonite\n|\n|upkeep\n|\n|t:|1699911428\n|switch|p1a: Goodra|Goodra-Hisui, F|100\/100\n|turn|15\n|\n|t:|1699911435\n|move|p2a: Lopunny|Drain Punch|p1a: Goodra\n|-supereffective|p1a: Goodra\n|-damage|p1a: Goodra|0 fnt\n|-heal|p2a: Lopunny|95\/100|[from] drain|[of] p1a: Goodra\n|faint|p1a: Goodra\n|\n|upkeep\n|\n|t:|1699911437\n|switch|p1a: Tyrantrum|Tyrantrum, M|100\/100\n|turn|16\n|\n|t:|1699911444\n|move|p2a: Lopunny|Ice Punch|p1a: Tyrantrum\n|-supereffective|p1a: Tyrantrum\n|-damage|p1a: Tyrantrum|20\/100\n|move|p1a: Tyrantrum|Head Smash|p2a: Lopunny\n|-resisted|p2a: Lopunny\n|-damage|p2a: Lopunny|44\/100\n|\n|-heal|p1a: Tyrantrum|26\/100|[from] item: Leftovers\n|upkeep\n|turn|17\n|\n|t:|1699911454\n|move|p2a: Lopunny|Ice Punch|p1a: Tyrantrum\n|-supereffective|p1a: Tyrantrum\n|-damage|p1a: Tyrantrum|0 fnt\n|faint|p1a: Tyrantrum\n|\n|win|Lufano5\n|raw|flutymafia's rating: 1125 &rarr; <strong>1098<\/strong><br \/>(-27 for losing)\n|raw|Lufano5's rating: 1095 &rarr; <strong>1123<\/strong><br \/>(+28 for winning)\n|c|\u2606Lufano5|GG\n|l|\u2606flutymafia\n","uploadtime":1699911780,"views":5,"p1id":"flutymafia","p2id":"lufano5","formatid":"gen9nationaldex","rating":1098,"private":0,"password":""}