{"id":"gen9nationaldex-2000003731","p1":"not_kastadiva","p2":"mathismathin","format":"[Gen 9] National Dex","log":"|html|<div class=\"broadcast-blue\"><strong>[Gen 9] National Dex is currently suspecting Sneasler! For information on how to participate check out the <a href=\"https:\/\/www.smogon.com\/forums\/threads\/sv-national-dex-suspect-8-just-dance.3731534\/\">suspect thread<\/a>.<\/strong><\/div>\n|j|\u2606not_kastadiva\n|j|\u2606mathismathin\n|t:|1701139996\n|gametype|singles\n|player|p1|not_kastadiva|1|1565\n|player|p2|mathismathin|nate|1610\n|teamsize|p1|6\n|teamsize|p2|6\n|gen|9\n|tier|[Gen 9] National Dex\n|rated|\n|rule|HP Percentage Mod: HP is shown in percentages\n|rule|Endless Battle Clause: Forcing endless battles is banned\n|rule|OHKO Clause: OHKO moves are banned\n|rule|Evasion Clause: Evasion abilities, items, and moves are banned\n|rule|Evasion Abilities Clause: Evasion abilities are banned\n|rule|Evasion Items Clause: Evasion items are banned\n|rule|Evasion Moves Clause: Evasion moves are banned\n|rule|Species Clause: Limit one of each Pok\u00e9mon\n|rule|Sleep Clause Mod: Limit one foe put to sleep\n|clearpoke\n|poke|p1|Ursaluna, M|\n|poke|p1|Hatterene, F|\n|poke|p1|Hoopa-Unbound|\n|poke|p1|Sinistcha-Masterpiece|\n|poke|p1|Iron Hands|\n|poke|p1|Mawile, F|\n|poke|p2|Latios, M|\n|poke|p2|Hoopa-Unbound|\n|poke|p2|Landorus-Therian, M|\n|poke|p2|Tornadus-Therian, M|\n|poke|p2|Heatran, F|\n|poke|p2|Tangrowth, M|\n|teampreview\n|inactive|Battle timer is ON: inactive players will automatically lose when time's up. (requested by not_kastadiva)\n|\n|t:|1701140019\n|start\n|switch|p1a: Hatterene|Hatterene, F|100\/100\n|switch|p2a: Heatran|Heatran, F|100\/100\n|turn|1\n|\n|t:|1701140028\n|move|p2a: Heatran|Magma Storm|p1a: Hatterene\n|-damage|p1a: Hatterene|51\/100\n|-activate|p1a: Hatterene|move: Magma Storm|[of] p2a: Heatran\n|move|p1a: Hatterene|Trick Room|p1a: Hatterene\n|-fieldstart|move: Trick Room|[of] p1a: Hatterene\n|\n|-damage|p1a: Hatterene|39\/100|[from] move: Magma Storm|[partiallytrapped]\n|upkeep\n|turn|2\n|\n|t:|1701140031\n|move|p1a: Hatterene|Healing Wish|p1a: Hatterene\n|faint|p1a: Hatterene\n|move|p2a: Heatran|Stealth Rock|p1: Hatterene\n|-sidestart|p1: not_kastadiva|move: Stealth Rock\n|\n|upkeep\n|\n|t:|1701140038\n|switch|p1a: Iron Hands|Iron Hands|100\/100\n|-damage|p1a: Iron Hands|94\/100|[from] Stealth Rock\n|-enditem|p1a: Iron Hands|Booster Energy\n|-activate|p1a: Iron Hands|ability: Quark Drive|[fromitem]\n|-start|p1a: Iron Hands|quarkdriveatk\n|turn|3\n|\n|t:|1701140048\n|switch|p2a: Landorus|Landorus-Therian, M|100\/100\n|-ability|p2a: Landorus|Intimidate|boost\n|-unboost|p1a: Iron Hands|atk|1\n|move|p1a: Iron Hands|Swords Dance|p1a: Iron Hands\n|-boost|p1a: Iron Hands|atk|2\n|\n|upkeep\n|turn|4\n|\n|t:|1701140051\n|switch|p2a: Heatran|Heatran, F|100\/100\n|move|p1a: Iron Hands|Ice Punch|p2a: Heatran\n|-resisted|p2a: Heatran\n|-damage|p2a: Heatran|86\/100\n|\n|upkeep\n|turn|5\n|\n|t:|1701140056\n|switch|p2a: Landorus|Landorus-Therian, M|100\/100\n|-ability|p2a: Landorus|Intimidate|boost\n|-unboost|p1a: Iron Hands|atk|1\n|move|p1a: Iron Hands|Ice Punch|p2a: Landorus\n|-supereffective|p2a: Landorus\n|-damage|p2a: Landorus|0 fnt\n|faint|p2a: Landorus\n|\n|-fieldend|move: Trick Room\n|upkeep\n|\n|t:|1701140068\n|switch|p2a: Hoopa|Hoopa-Unbound|100\/100\n|turn|6\n|\n|t:|1701140070\n|move|p2a: Hoopa|Zen Headbutt|p1a: Iron Hands\n|-supereffective|p1a: Iron Hands\n|-damage|p1a: Iron Hands|0 fnt\n|faint|p1a: Iron Hands\n|-end|p1a: Iron Hands|Quark Drive|[silent]\n|\n|upkeep\n|\n|t:|1701140078\n|switch|p1a: Hoopa|Hoopa-Unbound|100\/100\n|-damage|p1a: Hoopa|88\/100|[from] Stealth Rock\n|turn|7\n|\n|t:|1701140086\n|switch|p2a: Tangrowth|Tangrowth, M|100\/100\n|move|p1a: Hoopa|Trick Room|p1a: Hoopa\n|-fieldstart|move: Trick Room|[of] p1a: Hoopa\n|\n|upkeep\n|turn|8\n|\n|t:|1701140090\n|move|p2a: Tangrowth|Giga Drain|p1a: Hoopa\n|-damage|p1a: Hoopa|71\/100\n|move|p1a: Hoopa|Hyperspace Fury|p2a: Tangrowth\n|-damage|p2a: Tangrowth|61\/100\n|-unboost|p1a: Hoopa|def|1\n|-enditem|p1a: Hoopa|Eject Pack\n|\n|t:|1701140094\n|switch|p1a: Mawile|Mawile, F|100\/100\n|-damage|p1a: Mawile|95\/100|[from] Stealth Rock\n|-ability|p1a: Mawile|Intimidate|boost\n|-unboost|p2a: Tangrowth|atk|1\n|\n|upkeep\n|turn|9\n|\n|t:|1701140105\n|detailschange|p1a: Mawile|Mawile-Mega, F\n|-mega|p1a: Mawile|Mawile|Mawilite\n|move|p1a: Mawile|Knock Off|p2a: Tangrowth\n|-damage|p2a: Tangrowth|16\/100\n|-enditem|p2a: Tangrowth|Assault Vest|[from] move: Knock Off|[of] p1a: Mawile\n|move|p2a: Tangrowth|Giga Drain|p1a: Mawile\n|-resisted|p1a: Mawile\n|-damage|p1a: Mawile|78\/100\n|-heal|p2a: Tangrowth|22\/100|[from] drain|[of] p1a: Mawile\n|\n|upkeep\n|turn|10\n|\n|t:|1701140112\n|move|p1a: Mawile|Iron Head|p2a: Tangrowth\n|-crit|p2a: Tangrowth\n|-damage|p2a: Tangrowth|0 fnt\n|faint|p2a: Tangrowth\n|\n|upkeep\n|\n|t:|1701140115\n|switch|p2a: Heatran|Heatran, F|86\/100\n|turn|11\n|\n|t:|1701140119\n|move|p1a: Mawile|Knock Off|p2a: Heatran\n|-damage|p2a: Heatran|43\/100\n|move|p2a: Heatran|Earth Power|p1a: Mawile\n|-supereffective|p1a: Mawile\n|-crit|p1a: Mawile\n|-damage|p1a: Mawile|0 fnt\n|faint|p1a: Mawile\n|\n|-fieldend|move: Trick Room\n|upkeep\n|j| NDSNE zooted\n|\n|t:|1701140135\n|switch|p1a: Hoopa|Hoopa-Unbound|71\/100\n|-heal|p1a: Hoopa|100\/100|[from] move: Healing Wish\n|-damage|p1a: Hoopa|88\/100|[from] Stealth Rock\n|turn|12\n|\n|t:|1701140141\n|move|p2a: Heatran|Taunt|p1a: Hoopa\n|-start|p1a: Hoopa|move: Taunt\n|cant|p1a: Hoopa|move: Taunt|Trick Room\n|\n|upkeep\n|turn|13\n|\n|t:|1701140144\n|switch|p2a: Tornadus|Tornadus-Therian, M|100\/100\n|move|p1a: Hoopa|Hyperspace Fury|p2a: Tornadus\n|-damage|p2a: Tornadus|41\/100\n|-unboost|p1a: Hoopa|def|1\n|-item|p1a: Hoopa|Heavy-Duty Boots|[from] ability: Magician|[of] p2a: Tornadus\n|\n|upkeep\n|turn|14\n|\n|t:|1701140147\n|move|p2a: Tornadus|U-turn|p1a: Hoopa\n|-supereffective|p1a: Hoopa\n|-damage|p1a: Hoopa|0 fnt\n|faint|p1a: Hoopa\n|\n|t:|1701140154\n|switch|p2a: Hoopa|Hoopa-Unbound|100\/100|[from] U-turn\n|\n|upkeep\n|\n|t:|1701140163\n|switch|p1a: Sinistcha|Sinistcha-Masterpiece|100\/100\n|-damage|p1a: Sinistcha|88\/100|[from] Stealth Rock\n|turn|15\n|\n|t:|1701140167\n|-terastallize|p1a: Sinistcha|Steel\n|move|p2a: Hoopa|Hyperspace Fury|p1a: Sinistcha\n|-damage|p1a: Sinistcha|16\/100\n|-unboost|p2a: Hoopa|def|1\n|move|p1a: Sinistcha|Trick Room|p1a: Sinistcha\n|-fieldstart|move: Trick Room|[of] p1a: Sinistcha\n|\n|upkeep\n|turn|16\n|\n|t:|1701140176\n|switch|p2a: Tornadus|Tornadus-Therian, M|75\/100\n|move|p1a: Sinistcha|Strength Sap|p2a: Tornadus\n|-unboost|p2a: Tornadus|atk|1\n|-heal|p1a: Sinistcha|77\/100\n|\n|upkeep\n|turn|17\n|\n|t:|1701140182\n|move|p1a: Sinistcha|Nasty Plot|p1a: Sinistcha\n|-boost|p1a: Sinistcha|spa|2\n|move|p2a: Tornadus|Knock Off|p1a: Sinistcha\n|-damage|p1a: Sinistcha|68\/100\n|-damage|p2a: Tornadus|58\/100|[from] item: Rocky Helmet|[of] p1a: Sinistcha\n|-enditem|p1a: Sinistcha|Rocky Helmet|[from] move: Knock Off|[of] p2a: Tornadus\n|\n|upkeep\n|turn|18\n|\n|t:|1701140191\n|move|p1a: Sinistcha|Nasty Plot|p1a: Sinistcha\n|-boost|p1a: Sinistcha|spa|2\n|move|p2a: Tornadus|U-turn|p1a: Sinistcha\n|-resisted|p1a: Sinistcha\n|-damage|p1a: Sinistcha|64\/100\n|\n|t:|1701140194\n|switch|p2a: Latios|Latios, M|100\/100|[from] U-turn\n|\n|upkeep\n|turn|19\n|\n|t:|1701140198\n|detailschange|p2a: Latios|Latios-Mega, M\n|-mega|p2a: Latios|Latios|Latiosite\n|move|p1a: Sinistcha|Matcha Gotcha|p2a: Latios\n|-resisted|p2a: Latios\n|-damage|p2a: Latios|52\/100\n|-heal|p1a: Sinistcha|85\/100|[from] drain|[of] p2a: Latios\n|move|p2a: Latios|Earthquake|p1a: Sinistcha\n|-supereffective|p1a: Sinistcha\n|-damage|p1a: Sinistcha|52\/100\n|\n|-fieldend|move: Trick Room\n|upkeep\n|turn|20\n|\n|t:|1701140208\n|move|p2a: Latios|Earthquake|p1a: Sinistcha\n|-supereffective|p1a: Sinistcha\n|-damage|p1a: Sinistcha|18\/100\n|move|p1a: Sinistcha|Trick Room|p1a: Sinistcha\n|-fieldstart|move: Trick Room|[of] p1a: Sinistcha\n|\n|upkeep\n|turn|21\n|\n|t:|1701140210\n|switch|p2a: Heatran|Heatran, F|43\/100\n|move|p1a: Sinistcha|Strength Sap|p2a: Heatran\n|-unboost|p2a: Heatran|atk|1\n|-heal|p1a: Sinistcha|66\/100\n|\n|upkeep\n|turn|22\n|\n|t:|1701140216\n|move|p1a: Sinistcha|Matcha Gotcha|p2a: Heatran\n|-resisted|p2a: Heatran\n|-damage|p2a: Heatran|21\/100\n|-heal|p1a: Sinistcha|76\/100|[from] drain|[of] p2a: Heatran\n|-zpower|p2a: Heatran\n|move|p2a: Heatran|Inferno Overdrive|p1a: Sinistcha|[zeffect]\n|-supereffective|p1a: Sinistcha\n|-damage|p1a: Sinistcha|0 fnt\n|faint|p1a: Sinistcha\n|\n|upkeep\n|\n|t:|1701140220\n|switch|p1a: Ursaluna|Ursaluna, M|100\/100\n|-damage|p1a: Ursaluna|94\/100|[from] Stealth Rock\n|turn|23\n|\n|t:|1701140223\n|switch|p2a: Tornadus|Tornadus-Therian, M|91\/100\n|move|p1a: Ursaluna|Earthquake|p2a: Tornadus\n|-immune|p2a: Tornadus\n|\n|-status|p1a: Ursaluna|brn|[from] item: Flame Orb\n|upkeep\n|turn|24\n|\n|t:|1701140226\n|move|p1a: Ursaluna|Facade|p2a: Tornadus\n|-damage|p2a: Tornadus|0 fnt\n|faint|p2a: Tornadus\n|\n|-damage|p1a: Ursaluna|88\/100 brn|[from] brn\n|-fieldend|move: Trick Room\n|upkeep\n|\n|t:|1701140228\n|switch|p2a: Hoopa|Hoopa-Unbound|100\/100\n|turn|25\n|\n|t:|1701140231\n|-terastallize|p2a: Hoopa|Dark\n|move|p2a: Hoopa|Hyperspace Fury|p1a: Ursaluna\n|-damage|p1a: Ursaluna|0 fnt\n|-unboost|p2a: Hoopa|def|1\n|faint|p1a: Ursaluna\n|\n|win|mathismathin\n|raw|not_kastadiva's rating: 1565 &rarr; <strong>1548<\/strong><br \/>(-17 for losing)\n|raw|mathismathin's rating: 1610 &rarr; <strong>1627<\/strong><br \/>(+17 for winning)\n|l|\u2606not_kastadiva\n","uploadtime":1701140244,"views":1,"p1id":"notkastadiva","p2id":"mathismathin","formatid":"gen9nationaldex","rating":1548,"private":0,"password":""}