{"id":"gen9nationaldex-1988911412","p1":"Fealieya","p2":"teneber","format":"[Gen 9] National Dex","log":"|j|\u2606Fealieya\n|j|\u2606teneber\n|t:|1699786240\n|gametype|singles\n|player|p1|Fealieya|102|1213\n|player|p2|teneber|ghetsis|1186\n|teamsize|p1|6\n|teamsize|p2|6\n|gen|9\n|tier|[Gen 9] National Dex\n|rated|\n|rule|HP Percentage Mod: HP is shown in percentages\n|rule|Endless Battle Clause: Forcing endless battles is banned\n|rule|OHKO Clause: OHKO moves are banned\n|rule|Evasion Clause: Evasion abilities, items, and moves are banned\n|rule|Evasion Abilities Clause: Evasion abilities are banned\n|rule|Evasion Items Clause: Evasion items are banned\n|rule|Evasion Moves Clause: Evasion moves are banned\n|rule|Species Clause: Limit one of each Pok\u00e9mon\n|rule|Sleep Clause Mod: Limit one foe put to sleep\n|clearpoke\n|poke|p1|Banette, F|\n|poke|p1|Zapdos|\n|poke|p1|Nihilego|\n|poke|p1|Kartana|\n|poke|p1|Celesteela|\n|poke|p1|Entei|\n|poke|p2|Sneasler, M|\n|poke|p2|Excadrill, M|\n|poke|p2|Dragonite, M|\n|poke|p2|Volcarona, M|\n|poke|p2|Greninja-*, M|\n|poke|p2|Gardevoir, F|\n|teampreview\n|inactive|Battle timer is ON: inactive players will automatically lose when time's up. (requested by teneber)\n|\n|t:|1699786246\n|start\n|switch|p1a: Nihilego|Nihilego|100\/100\n|switch|p2a: Greninja|Greninja, M, shiny|100\/100\n|turn|1\n|\n|t:|1699786259\n|move|p2a: Greninja|Scald|p1a: Nihilego\n|-start|p2a: Greninja|typechange|Water|[from] ability: Protean\n|-supereffective|p1a: Nihilego\n|-damage|p1a: Nihilego|47\/100\n|-damage|p2a: Greninja|91\/100|[from] item: Life Orb\n|move|p1a: Nihilego|Stealth Rock|p2a: Greninja\n|-sidestart|p2: teneber|move: Stealth Rock\n|\n|-heal|p1a: Nihilego|53\/100|[from] item: Leftovers\n|upkeep\n|turn|2\n|\n|t:|1699786273\n|switch|p1a: Zapdos|Zapdos|100\/100\n|move|p2a: Greninja|Scald|p1a: Zapdos\n|-damage|p1a: Zapdos|45\/100\n|-damage|p2a: Greninja|81\/100|[from] item: Life Orb\n|\n|upkeep\n|turn|3\n|\n|t:|1699786292\n|move|p2a: Greninja|Ice Beam|p1a: Zapdos\n|-supereffective|p1a: Zapdos\n|-damage|p1a: Zapdos|0 fnt\n|faint|p1a: Zapdos\n|-damage|p2a: Greninja|71\/100|[from] item: Life Orb\n|\n|upkeep\n|l|\u2606Fealieya\n|inactive|Fealieya disconnected and has a minute to reconnect!\n|player|p1|\n|j|\u2606Fealieya\n|inactive|Fealieya reconnected and has 110 seconds left.\n|player|p1|Fealieya|102\n|\n|t:|1699786328\n|switch|p1a: Nihilego|Nihilego|53\/100\n|turn|4\n|\n|t:|1699786333\n|move|p2a: Greninja|Scald|p1a: Nihilego\n|-supereffective|p1a: Nihilego\n|-damage|p1a: Nihilego|0 fnt\n|faint|p1a: Nihilego\n|-damage|p2a: Greninja|61\/100|[from] item: Life Orb\n|\n|upkeep\n|\n|t:|1699786340\n|switch|p1a: Celesteela|Celesteela|100\/100\n|turn|5\n|\n|t:|1699786348\n|-terastallize|p1a: Celesteela|Dragon\n|move|p2a: Greninja|Scald|p1a: Celesteela\n|-resisted|p1a: Celesteela\n|-damage|p1a: Celesteela|82\/100\n|-status|p1a: Celesteela|brn\n|-damage|p2a: Greninja|51\/100|[from] item: Life Orb\n|move|p1a: Celesteela|Meteor Beam||[still]\n|-prepare|p1a: Celesteela|Meteor Beam\n|-boost|p1a: Celesteela|spa|1\n|-enditem|p1a: Celesteela|Power Herb\n|-anim|p1a: Celesteela|Meteor Beam|p2a: Greninja\n|-damage|p2a: Greninja|0 fnt\n|faint|p2a: Greninja\n|-ability|p1a: Celesteela|Beast Boost|boost\n|-boost|p1a: Celesteela|spa|1\n|\n|-damage|p1a: Celesteela|76\/100 brn|[from] brn\n|upkeep\n|\n|t:|1699786357\n|switch|p2a: Excadrill|Excadrill, M, shiny|100\/100\n|-damage|p2a: Excadrill|97\/100|[from] Stealth Rock\n|-ability|p2a: Excadrill|Mold Breaker\n|turn|6\n|\n|t:|1699786365\n|move|p2a: Excadrill|Rapid Spin|p1a: Celesteela\n|-damage|p1a: Celesteela|55\/100 brn\n|-boost|p2a: Excadrill|spe|1\n|-sideend|p2: teneber|Stealth Rock|[from] move: Rapid Spin|[of] p2a: Excadrill\n|-damage|p2a: Excadrill|87\/100|[from] item: Life Orb\n|move|p1a: Celesteela|Flamethrower|p2a: Excadrill\n|-supereffective|p2a: Excadrill\n|-damage|p2a: Excadrill|0 fnt\n|faint|p2a: Excadrill\n|-ability|p1a: Celesteela|Beast Boost|boost\n|-boost|p1a: Celesteela|spa|1\n|\n|-damage|p1a: Celesteela|49\/100 brn|[from] brn\n|upkeep\n|\n|t:|1699786378\n|switch|p2a: Gardevoir|Gardevoir, F|100\/100\n|turn|7\n|inactive|Fealieya has 120 seconds left.\n|\n|t:|1699786403\n|switch|p1a: Entei|Entei|100\/100\n|detailschange|p2a: Gardevoir|Gardevoir-Mega, F\n|-mega|p2a: Gardevoir|Gardevoir|Gardevoirite\n|move|p2a: Gardevoir|Hyper Voice|p1a: Entei\n|-resisted|p1a: Entei\n|-damage|p1a: Entei|72\/100\n|\n|-heal|p1a: Entei|78\/100|[from] item: Leftovers\n|upkeep\n|turn|8\n|inactive|Fealieya has 120 seconds left.\n|\n|t:|1699786413\n|move|p2a: Gardevoir|Psychic|p1a: Entei\n|-damage|p1a: Entei|28\/100\n|move|p1a: Entei|Sacred Fire|p2a: Gardevoir\n|-damage|p2a: Gardevoir|19\/100\n|-status|p2a: Gardevoir|brn\n|\n|-heal|p1a: Entei|34\/100|[from] item: Leftovers\n|-damage|p2a: Gardevoir|13\/100 brn|[from] brn\n|upkeep\n|turn|9\n|\n|t:|1699786420\n|move|p1a: Entei|Extreme Speed|p2a: Gardevoir\n|-damage|p2a: Gardevoir|0 fnt\n|faint|p2a: Gardevoir\n|\n|-heal|p1a: Entei|41\/100|[from] item: Leftovers\n|upkeep\n|\n|t:|1699786426\n|switch|p2a: Dragonite|Dragonite, M|100\/100\n|turn|10\n|\n|t:|1699786433\n|move|p2a: Dragonite|Dragon Dance|p2a: Dragonite\n|-boost|p2a: Dragonite|atk|1\n|-boost|p2a: Dragonite|spe|1\n|move|p1a: Entei|Curse|p1a: Entei\n|-unboost|p1a: Entei|spe|1\n|-boost|p1a: Entei|atk|1\n|-boost|p1a: Entei|def|1\n|\n|-heal|p1a: Entei|47\/100|[from] item: Leftovers\n|upkeep\n|turn|11\n|\n|t:|1699786439\n|move|p2a: Dragonite|Dragon Claw|p1a: Entei\n|-damage|p1a: Entei|0 fnt\n|faint|p1a: Entei\n|\n|upkeep\n|\n|t:|1699786450\n|switch|p1a: Banette|Banette, F|100\/100\n|-item|p2a: Dragonite|Weakness Policy|[from] ability: Frisk|[of] p1a: Banette|[identify]\n|turn|12\n|\n|t:|1699786464\n|detailschange|p1a: Banette|Banette-Mega, F\n|-mega|p1a: Banette|Banette|Banettite\n|move|p1a: Banette|Destiny Bond|p1a: Banette\n|-singlemove|p1a: Banette|Destiny Bond\n|move|p2a: Dragonite|Dragon Claw|p1a: Banette\n|-damage|p1a: Banette|0 fnt\n|faint|p1a: Banette\n|-activate|p1a: Banette|move: Destiny Bond\n|faint|p2a: Dragonite\n|\n|upkeep\n|\n|t:|1699786479\n|switch|p2a: Sneasler|Sneasler, M|100\/100\n|switch|p1a: Celesteela|Celesteela, tera:Dragon|49\/100 brn\n|turn|13\n|\n|t:|1699786488\n|move|p2a: Sneasler|Dire Claw|p1a: Celesteela\n|-damage|p1a: Celesteela|7\/100 brn\n|move|p1a: Celesteela|Air Slash|p2a: Sneasler\n|-supereffective|p2a: Sneasler\n|-damage|p2a: Sneasler|2\/100\n|\n|-damage|p1a: Celesteela|1\/100 brn|[from] brn\n|upkeep\n|turn|14\n|\n|t:|1699786503\n|move|p2a: Sneasler|Trailblaze|p1a: Celesteela\n|-resisted|p1a: Celesteela\n|-damage|p1a: Celesteela|0 fnt\n|-boost|p2a: Sneasler|spe|1\n|faint|p1a: Celesteela\n|\n|upkeep\n|\n|t:|1699786510\n|switch|p1a: Kartana|Kartana|100\/100\n|turn|15\n|\n|t:|1699786519\n|move|p2a: Sneasler|Close Combat|p1a: Kartana\n|-supereffective|p1a: Kartana\n|-enditem|p1a: Kartana|Focus Sash\n|-damage|p1a: Kartana|1\/100\n|-unboost|p2a: Sneasler|def|1\n|-unboost|p2a: Sneasler|spd|1\n|move|p1a: Kartana|Sacred Sword|p2a: Sneasler\n|-resisted|p2a: Sneasler\n|-damage|p2a: Sneasler|0 fnt\n|faint|p2a: Sneasler\n|-ability|p1a: Kartana|Beast Boost|boost\n|-boost|p1a: Kartana|atk|1\n|\n|upkeep\n|\n|t:|1699786523\n|switch|p2a: Volcarona|Volcarona, M|100\/100\n|turn|16\n|\n|t:|1699786531\n|move|p1a: Kartana|Sacred Sword|p2a: Volcarona\n|-resisted|p2a: Volcarona\n|-damage|p2a: Volcarona|50\/100\n|move|p2a: Volcarona|Fiery Dance|p1a: Kartana\n|-supereffective|p1a: Kartana\n|-damage|p1a: Kartana|0 fnt\n|-boost|p2a: Volcarona|spa|1\n|faint|p1a: Kartana\n|\n|win|teneber\n|raw|Fealieya's rating: 1213 &rarr; <strong>1187<\/strong><br \/>(-26 for losing)\n|raw|teneber's rating: 1206 &rarr; <strong>1232<\/strong><br \/>(+26 for winning)\n","uploadtime":1699786536,"views":4,"p1id":"fealieya","p2id":"teneber","formatid":"gen9nationaldex","rating":1187,"private":0,"password":""}