{"id":"gen9nationaldex-1990818258","p1":"Kuzwa","p2":"Clawraptor","format":"[Gen 9] National Dex","log":"|j|\u2606Kuzwa\n|j|\u2606Clawraptor\n|t:|1700003974\n|gametype|singles\n|player|p1|Kuzwa|parasollady|1382\n|player|p2|Clawraptor|nate|1331\n|teamsize|p1|6\n|teamsize|p2|6\n|gen|9\n|tier|[Gen 9] National Dex\n|rated|\n|rule|HP Percentage Mod: HP is shown in percentages\n|rule|Endless Battle Clause: Forcing endless battles is banned\n|rule|OHKO Clause: OHKO moves are banned\n|rule|Evasion Clause: Evasion abilities, items, and moves are banned\n|rule|Evasion Abilities Clause: Evasion abilities are banned\n|rule|Evasion Items Clause: Evasion items are banned\n|rule|Evasion Moves Clause: Evasion moves are banned\n|rule|Species Clause: Limit one of each Pok\u00e9mon\n|rule|Sleep Clause Mod: Limit one foe put to sleep\n|clearpoke\n|poke|p1|Gallade, M|\n|poke|p1|Kartana|\n|poke|p1|Weavile, M|\n|poke|p1|Ogerpon-Wellspring, F|\n|poke|p1|Zeraora|\n|poke|p1|Glimmora, M|\n|poke|p2|Corsola-Galar, F|\n|poke|p2|Latios, M|\n|poke|p2|Kommo-o, M|\n|poke|p2|Espeon, F|\n|poke|p2|Clefable, F|\n|poke|p2|Corviknight, M|\n|teampreview\n|\n|t:|1700003982\n|start\n|switch|p1a: thing|Glimmora, M|100\/100\n|switch|p2a: Latios|Latios, M, shiny|100\/100\n|-item|p1a: thing|Air Balloon\n|turn|1\n|inactive|Battle timer is ON: inactive players will automatically lose when time's up. (requested by Kuzwa)\n|\n|t:|1700003989\n|move|p2a: Latios|Thunder Wave|p1a: thing\n|-status|p1a: thing|par\n|move|p1a: thing|Power Gem|p2a: Latios\n|-damage|p2a: Latios|66\/100\n|\n|upkeep\n|turn|2\n|\n|t:|1700004000\n|move|p2a: Latios|Light Screen|p2a: Latios\n|-sidestart|p2: Clawraptor|move: Light Screen\n|cant|p1a: thing|par\n|\n|upkeep\n|turn|3\n|\n|t:|1700004004\n|switch|p1a: Junpei Iori|Weavile, M, shiny|100\/100\n|move|p2a: Latios|Reflect|p2a: Latios\n|-sidestart|p2: Clawraptor|Reflect\n|\n|upkeep\n|turn|4\n|\n|t:|1700004009\n|move|p1a: Junpei Iori|Throat Chop|p2a: Latios\n|-supereffective|p2a: Latios\n|-damage|p2a: Latios|22\/100\n|-start|p2a: Latios|Throat Chop|[silent]\n|move|p2a: Latios|Thunder Wave|p1a: Junpei Iori\n|-status|p1a: Junpei Iori|par\n|\n|upkeep\n|turn|5\n|\n|t:|1700004016\n|move|p2a: Latios|Memento|p1a: Junpei Iori\n|-unboost|p1a: Junpei Iori|atk|2\n|-unboost|p1a: Junpei Iori|spa|2\n|faint|p2a: Latios\n|move|p1a: Junpei Iori|Throat Chop|p2: Latios|[notarget]\n|-fail|p1a: Junpei Iori\n|\n|upkeep\n|\n|t:|1700004023\n|switch|p2a: Kommo-o|Kommo-o, M|100\/100\n|turn|6\n|\n|t:|1700004026\n|move|p2a: Kommo-o|Substitute|p2a: Kommo-o\n|-start|p2a: Kommo-o|Substitute\n|-damage|p2a: Kommo-o|76\/100\n|move|p1a: Junpei Iori|Psycho Cut|p2a: Kommo-o\n|-supereffective|p2a: Kommo-o\n|-activate|p2a: Kommo-o|move: Substitute|[damage]\n|\n|upkeep\n|turn|7\n|\n|t:|1700004037\n|move|p2a: Kommo-o|Belly Drum|p2a: Kommo-o\n|-damage|p2a: Kommo-o|26\/100\n|-setboost|p2a: Kommo-o|atk|6|[from] move: Belly Drum\n|cant|p1a: Junpei Iori|par\n|\n|upkeep\n|turn|8\n|\n|t:|1700004044\n|move|p2a: Kommo-o|Drain Punch|p1a: Junpei Iori\n|-supereffective|p1a: Junpei Iori\n|-enditem|p1a: Junpei Iori|Focus Sash\n|-damage|p1a: Junpei Iori|1\/100 par\n|-heal|p2a: Kommo-o|69\/100|[from] drain|[of] p1a: Junpei Iori\n|-enditem|p2a: Kommo-o|Salac Berry|[silent]|[from] ability: Pickpocket|[of] p2a: Kommo-o\n|-item|p1a: Junpei Iori|Salac Berry|[from] ability: Pickpocket|[of] p2a: Kommo-o\n|-enditem|p1a: Junpei Iori|Salac Berry|[eat]\n|-boost|p1a: Junpei Iori|spe|1|[from] item: Salac Berry\n|cant|p1a: Junpei Iori|par\n|\n|upkeep\n|turn|9\n|\n|t:|1700004055\n|move|p2a: Kommo-o|Drain Punch|p1a: Junpei Iori\n|-supereffective|p1a: Junpei Iori\n|-damage|p1a: Junpei Iori|0 fnt\n|-heal|p2a: Kommo-o|70\/100|[from] drain|[of] p1a: Junpei Iori\n|faint|p1a: Junpei Iori\n|\n|-sideend|p2: Clawraptor|move: Light Screen\n|upkeep\n|\n|t:|1700004080\n|switch|p1a: thing|Glimmora, M|100\/100 par\n|-item|p1a: thing|Air Balloon\n|turn|10\n|\n|t:|1700004089\n|move|p2a: Kommo-o|Iron Head|p1a: thing\n|-supereffective|p1a: thing\n|-damage|p1a: thing|0 fnt\n|-activate|p1a: thing|ability: Toxic Debris\n|-sidestart|p2: Clawraptor|move: Toxic Spikes\n|-enditem|p1a: thing|Air Balloon\n|faint|p1a: thing\n|\n|-sideend|p2: Clawraptor|Reflect\n|upkeep\n|l|\u2606Clawraptor\n|inactive|Clawraptor disconnected and has a minute to reconnect!\n|player|p2|\n|\n|t:|1700004099\n|switch|p1a: Makoto Yuki|Kartana, shiny|100\/100\n|turn|11\n|inactive|Clawraptor has 30 seconds to reconnect!\n|inactive|Clawraptor has 20 seconds to reconnect!\n|inactive|Clawraptor has 15 seconds to reconnect!\n|inactive|Clawraptor has 10 seconds to reconnect!\n|inactive|Clawraptor has 5 seconds to reconnect!\n|-message|Clawraptor lost due to inactivity.\n|\n|win|Kuzwa\n|raw|Kuzwa's rating: 1382 &rarr; <strong>1399<\/strong><br \/>(+17 for winning)\n|raw|Clawraptor's rating: 1331 &rarr; <strong>1314<\/strong><br \/>(-17 for losing)\n","uploadtime":1700004164,"views":4,"p1id":"kuzwa","p2id":"clawraptor","formatid":"gen9nationaldex","rating":1314,"private":0,"password":""}