{"id":"gen9nationaldex-1994532291","p1":"gdytedftwe","p2":"SpecsGastr0","format":"[Gen 9] National Dex","log":"|j|\u2606gdytedftwe\n|j|\u2606SpecsGastr0\n|t:|1700455549\n|gametype|singles\n|player|p1|gdytedftwe|102|1032\n|player|p2|SpecsGastr0|colress|1135\n|teamsize|p1|6\n|teamsize|p2|6\n|gen|9\n|tier|[Gen 9] National Dex\n|rated|\n|rule|HP Percentage Mod: HP is shown in percentages\n|rule|Endless Battle Clause: Forcing endless battles is banned\n|rule|OHKO Clause: OHKO moves are banned\n|rule|Evasion Clause: Evasion abilities, items, and moves are banned\n|rule|Evasion Abilities Clause: Evasion abilities are banned\n|rule|Evasion Items Clause: Evasion items are banned\n|rule|Evasion Moves Clause: Evasion moves are banned\n|rule|Species Clause: Limit one of each Pok\u00e9mon\n|rule|Sleep Clause Mod: Limit one foe put to sleep\n|clearpoke\n|poke|p1|Magmar, M|\n|poke|p1|Electabuzz, F|\n|poke|p1|Seadra, M|\n|poke|p1|Scyther, F|\n|poke|p1|Chansey, F|\n|poke|p1|Rhydon, M|\n|poke|p2|Cherrim, F|\n|poke|p2|Beedrill, F|\n|poke|p2|Alakazam, M|\n|poke|p2|Typhlosion, M|\n|poke|p2|Kartana|\n|poke|p2|Mimikyu, M|\n|teampreview\n|\n|t:|1700455567\n|start\n|switch|p1a: Emily|Electabuzz, F|100\/100\n|switch|p2a: Blossom|Cherrim, F|100\/100\n|turn|1\n|\n|t:|1700455574\n|move|p1a: Emily|Light Screen|p1a: Emily\n|-sidestart|p1: gdytedftwe|move: Light Screen\n|move|p2a: Blossom|Sunny Day|p2a: Blossom\n|-weather|SunnyDay\n|-formechange|p2a: Blossom|Cherrim-Sunshine|[msg]|[from] ability: Flower Gift\n|\n|-weather|SunnyDay|[upkeep]\n|upkeep\n|turn|2\n|\n|t:|1700455580\n|switch|p1a: Martin|Magmar, M|100\/100\n|move|p2a: Blossom|Growth|p2a: Blossom\n|-boost|p2a: Blossom|atk|2\n|-boost|p2a: Blossom|spa|2\n|\n|-weather|SunnyDay|[upkeep]\n|upkeep\n|turn|3\n|\n|t:|1700455599\n|switch|p2a: KRAKATOA|Typhlosion, M|100\/100\n|move|p1a: Martin|Fire Blast|p2a: KRAKATOA\n|-start|p2a: KRAKATOA|ability: Flash Fire\n|\n|-weather|SunnyDay|[upkeep]\n|upkeep\n|turn|4\n|\n|t:|1700455611\n|-terastallize|p2a: KRAKATOA|Fire\n|move|p2a: KRAKATOA|Eruption|p1a: Martin\n|-resisted|p1a: Martin\n|-damage|p1a: Martin|23\/100\n|move|p1a: Martin|Clear Smog|p2a: KRAKATOA\n|-damage|p2a: KRAKATOA|81\/100\n|-clearboost|p2a: KRAKATOA\n|\n|-weather|SunnyDay|[upkeep]\n|-heal|p1a: Martin|29\/100|[from] item: Leftovers\n|upkeep\n|turn|5\n|\n|t:|1700455628\n|switch|p1a: Ramous|Rhydon, M|100\/100\n|move|p2a: KRAKATOA|Eruption|p1a: Ramous\n|-resisted|p1a: Ramous\n|-damage|p1a: Ramous|55\/100\n|\n|-weather|none\n|-sideend|p1: gdytedftwe|move: Light Screen\n|upkeep\n|turn|6\n|\n|t:|1700455649\n|-end|p2a: KRAKATOA|ability: Flash Fire|[silent]\n|switch|p2a: Blossom|Cherrim, F|100\/100\n|move|p1a: Ramous|Earthquake|p2a: Blossom\n|-resisted|p2a: Blossom\n|-damage|p2a: Blossom|52\/100\n|\n|upkeep\n|turn|7\n|\n|t:|1700455658\n|move|p2a: Blossom|Sunny Day|p2a: Blossom\n|-weather|SunnyDay\n|-formechange|p2a: Blossom|Cherrim-Sunshine|[msg]|[from] ability: Flower Gift\n|move|p1a: Ramous|Megahorn|p2a: Blossom\n|-supereffective|p2a: Blossom\n|-damage|p2a: Blossom|0 fnt\n|faint|p2a: Blossom\n|\n|-weather|SunnyDay|[upkeep]\n|upkeep\n|\n|t:|1700455681\n|switch|p2a: Origarmy Killer|Kartana|100\/100\n|turn|8\n|\n|t:|1700455709\n|switch|p1a: Sarah|Scyther, F|100\/100\n|move|p2a: Origarmy Killer|Knock Off|p1a: Sarah\n|-damage|p1a: Sarah|31\/100\n|-enditem|p1a: Sarah|Heavy-Duty Boots|[from] move: Knock Off|[of] p2a: Origarmy Killer\n|\n|-weather|SunnyDay|[upkeep]\n|upkeep\n|turn|9\n|\n|t:|1700455718\n|move|p2a: Origarmy Killer|Knock Off|p1a: Sarah\n|-damage|p1a: Sarah|0 fnt\n|faint|p1a: Sarah\n|-ability|p2a: Origarmy Killer|Beast Boost|boost\n|-boost|p2a: Origarmy Killer|spe|1\n|\n|-weather|SunnyDay|[upkeep]\n|upkeep\n|\n|t:|1700455735\n|switch|p1a: Martin|Magmar, M|29\/100\n|turn|10\n|\n|t:|1700455746\n|move|p2a: Origarmy Killer|Knock Off|p1a: Martin\n|-damage|p1a: Martin|0 fnt\n|-enditem|p1a: Martin|Leftovers|[from] move: Knock Off|[of] p2a: Origarmy Killer\n|faint|p1a: Martin\n|-ability|p2a: Origarmy Killer|Beast Boost|boost\n|-boost|p2a: Origarmy Killer|spe|1\n|\n|-weather|SunnyDay|[upkeep]\n|upkeep\n|inactive|Battle timer is ON: inactive players will automatically lose when time's up. (requested by SpecsGastr0)\n|inactive|gdytedftwe has 120 seconds left.\n|inactive|gdytedftwe has 90 seconds left.\n|\n|t:|1700455871\n|switch|p1a: Emily|Electabuzz, F|100\/100\n|turn|11\n|\n|t:|1700455877\n|-terastallize|p1a: Emily|Fighting\n|move|p2a: Origarmy Killer|Knock Off|p1a: Emily\n|-resisted|p1a: Emily\n|-damage|p1a: Emily|68\/100\n|-enditem|p1a: Emily|Eviolite|[from] move: Knock Off|[of] p2a: Origarmy Killer\n|move|p1a: Emily|Focus Blast|p2a: Origarmy Killer\n|-supereffective|p2a: Origarmy Killer\n|-damage|p2a: Origarmy Killer|0 fnt\n|faint|p2a: Origarmy Killer\n|\n|-weather|none\n|upkeep\n|\n|t:|1700455897\n|switch|p2a: Milk|Mimikyu, M|100\/100\n|turn|12\n|inactive|gdytedftwe has 120 seconds left.\n|\n|t:|1700455948\n|switch|p1a: Cinderella|Chansey, F|100\/100\n|move|p2a: Milk|Play Rough|p1a: Cinderella\n|-damage|p1a: Cinderella|72\/100\n|-damage|p2a: Milk|91\/100|[from] item: Life Orb\n|\n|upkeep\n|turn|13\n|\n|t:|1700455962\n|move|p2a: Milk|Swords Dance|p2a: Milk\n|-boost|p2a: Milk|atk|2\n|move|p1a: Cinderella|Toxic|p2a: Milk\n|-status|p2a: Milk|tox\n|\n|-damage|p2a: Milk|85\/100 tox|[from] psn\n|upkeep\n|turn|14\n|\n|t:|1700455972\n|move|p2a: Milk|Play Rough|p1a: Cinderella\n|-damage|p1a: Cinderella|11\/100\n|-damage|p2a: Milk|75\/100 tox|[from] item: Life Orb\n|move|p1a: Cinderella|Seismic Toss|p2a: Milk\n|-immune|p2a: Milk\n|\n|-damage|p2a: Milk|63\/100 tox|[from] psn\n|upkeep\n|turn|15\n|\n|t:|1700455980\n|move|p2a: Milk|Play Rough|p1a: Cinderella\n|-damage|p1a: Cinderella|0 fnt\n|faint|p1a: Cinderella\n|-damage|p2a: Milk|53\/100 tox|[from] item: Life Orb\n|\n|-damage|p2a: Milk|35\/100 tox|[from] psn\n|upkeep\n|\n|t:|1700455991\n|switch|p1a: Emily|Electabuzz, F, tera:Fighting|68\/100\n|turn|16\n|\n|t:|1700455997\n|move|p1a: Emily|Thunder|p2a: Milk\n|-activate|p2a: Milk|ability: Disguise\n|-damage|p2a: Milk|35\/100 tox\n|detailschange|p2a: Milk|Mimikyu-Busted, M\n|-damage|p2a: Milk|22\/100 tox|[from] pokemon: Mimikyu-Busted\n|move|p2a: Milk|Play Rough|p1a: Emily\n|-supereffective|p1a: Emily\n|-damage|p1a: Emily|0 fnt\n|faint|p1a: Emily\n|-damage|p2a: Milk|12\/100 tox|[from] item: Life Orb\n|\n|-damage|p2a: Milk|0 fnt|[from] psn\n|faint|p2a: Milk\n|upkeep\n|inactive|gdytedftwe has 120 seconds left.\n|\n|t:|1700456014\n|switch|p1a: Ramous|Rhydon, M|55\/100\n|switch|p2a: Punchy|Alakazam, M|100\/100\n|turn|17\n|\n|t:|1700456023\n|move|p2a: Punchy|Ice Punch|p1a: Ramous\n|-supereffective|p1a: Ramous\n|-damage|p1a: Ramous|39\/100\n|move|p1a: Ramous|Megahorn|p2a: Punchy|[miss]\n|-miss|p1a: Ramous|p2a: Punchy\n|\n|upkeep\n|turn|18\n|inactive|gdytedftwe has 120 seconds left.\n|\n|t:|1700456031\n|switch|p2a: Caroline|Beedrill, F, shiny|100\/100\n|move|p1a: Ramous|Megahorn|p2a: Caroline\n|-resisted|p2a: Caroline\n|-damage|p2a: Caroline|40\/100\n|\n|upkeep\n|turn|19\n|\n|t:|1700456039\n|move|p2a: Caroline|Endure|p2a: Caroline\n|-singleturn|p2a: Caroline|move: Endure\n|move|p1a: Ramous|Megahorn|p2a: Caroline\n|-resisted|p2a: Caroline\n|-activate|p2a: Caroline|move: Endure\n|-damage|p2a: Caroline|1\/100\n|-enditem|p2a: Caroline|Lansat Berry|[eat]\n|-start|p2a: Caroline|move: Focus Energy\n|\n|upkeep\n|turn|20\n|\n|t:|1700456066\n|move|p2a: Caroline|Poison Jab|p1a: Ramous\n|-resisted|p1a: Ramous\n|-damage|p1a: Ramous|35\/100\n|-status|p1a: Ramous|psn\n|move|p1a: Ramous|Rock Blast|p2a: Caroline\n|-supereffective|p2a: Caroline\n|-damage|p2a: Caroline|0 fnt\n|faint|p2a: Caroline\n|-hitcount|p2: Caroline|1\n|\n|-damage|p1a: Ramous|22\/100 psn|[from] psn\n|upkeep\n|inactive|SpecsGastr0 has 120 seconds left.\n|\n|t:|1700456082\n|switch|p2a: KRAKATOA|Typhlosion, M, tera:Fire|81\/100\n|turn|21\n|inactive|SpecsGastr0 has 120 seconds left.\n|\n|t:|1700456096\n|move|p2a: KRAKATOA|Shadow Ball|p1a: Ramous\n|-damage|p1a: Ramous|0 fnt\n|faint|p1a: Ramous\n|\n|upkeep\n|\n|t:|1700456101\n|switch|p1a: Sam|Seadra, M|100\/100\n|turn|22\n|\n|t:|1700456106\n|move|p2a: KRAKATOA|Shadow Ball|p1a: Sam\n|-damage|p1a: Sam|40\/100\n|move|p1a: Sam|Hydro Pump|p2a: KRAKATOA\n|-supereffective|p2a: KRAKATOA\n|-crit|p2a: KRAKATOA\n|-damage|p2a: KRAKATOA|0 fnt\n|faint|p2a: KRAKATOA\n|-damage|p1a: Sam|30\/100|[from] item: Life Orb\n|\n|upkeep\n|\n|t:|1700456114\n|switch|p2a: Punchy|Alakazam, M|100\/100\n|turn|23\n|\n|t:|1700456119\n|move|p2a: Punchy|Thunder Punch|p1a: Sam\n|-supereffective|p1a: Sam\n|-damage|p1a: Sam|0 fnt\n|faint|p1a: Sam\n|\n|win|SpecsGastr0\n|raw|gdytedftwe's rating: 1032 &rarr; <strong>1021<\/strong><br \/>(-11 for losing)\n|raw|SpecsGastr0's rating: 1135 &rarr; <strong>1153<\/strong><br \/>(+18 for winning)\n","uploadtime":1700456128,"views":18,"p1id":"gdytedftwe","p2id":"specsgastr0","formatid":"gen9nationaldex","rating":1021,"private":0,"password":""}