{"id":"gen9nationaldex-1996742138","p1":"Davetron3030","p2":"jkljlkh","format":"[Gen 9] National Dex","log":"|html|<div class=\"broadcast-blue\"><strong>[Gen 9] National Dex is currently suspecting Sneasler! For information on how to participate check out the <a href=\"https:\/\/www.smogon.com\/forums\/threads\/sv-national-dex-suspect-8-just-dance.3731534\/\">suspect thread<\/a>.<\/strong><\/div>\n|j|\u2606Davetron3030\n|j|\u2606jkljlkh\n|t:|1700717565\n|gametype|singles\n|player|p1|Davetron3030|dancer|1721\n|player|p2|jkljlkh|101|1848\n|teamsize|p1|6\n|teamsize|p2|6\n|gen|9\n|tier|[Gen 9] National Dex\n|rated|\n|rule|HP Percentage Mod: HP is shown in percentages\n|rule|Endless Battle Clause: Forcing endless battles is banned\n|rule|OHKO Clause: OHKO moves are banned\n|rule|Evasion Clause: Evasion abilities, items, and moves are banned\n|rule|Evasion Abilities Clause: Evasion abilities are banned\n|rule|Evasion Items Clause: Evasion items are banned\n|rule|Evasion Moves Clause: Evasion moves are banned\n|rule|Species Clause: Limit one of each Pok\u00e9mon\n|rule|Sleep Clause Mod: Limit one foe put to sleep\n|clearpoke\n|poke|p1|Excadrill, M|\n|poke|p1|Goodra-Hisui, F|\n|poke|p1|Hoopa-Unbound|\n|poke|p1|Lopunny, F|\n|poke|p1|Tangrowth, F|\n|poke|p1|Tapu Fini|\n|poke|p2|Toxapex, M|\n|poke|p2|Dondozo, M|\n|poke|p2|Gliscor, F|\n|poke|p2|Blissey, F|\n|poke|p2|Corviknight, F|\n|poke|p2|Tyranitar, M|\n|teampreview\n|\n|t:|1700717573\n|start\n|switch|p1a: Tangrowth|Tangrowth, F|100\/100\n|switch|p2a: Gliscor|Gliscor, F|100\/100\n|turn|1\n|j| kingambit player\n|\n|t:|1700717579\n|-terastallize|p1a: Tangrowth|Poison\n|move|p2a: Gliscor|Protect|p2a: Gliscor\n|-singleturn|p2a: Gliscor|Protect\n|move|p1a: Tangrowth|Knock Off|p2a: Gliscor\n|-activate|p2a: Gliscor|move: Protect\n|\n|-status|p2a: Gliscor|tox|[from] item: Toxic Orb\n|upkeep\n|turn|2\n|\n|t:|1700717589\n|move|p2a: Gliscor|Spikes|p1a: Tangrowth\n|-sidestart|p1: Davetron3030|Spikes\n|move|p1a: Tangrowth|Hidden Power|p2a: Gliscor\n|-supereffective|p2a: Gliscor\n|-damage|p2a: Gliscor|27\/100 tox\n|\n|-heal|p2a: Gliscor|39\/100 tox|[from] ability: Poison Heal\n|upkeep\n|turn|3\n|\n|t:|1700717597\n|move|p2a: Gliscor|Protect|p2a: Gliscor\n|-singleturn|p2a: Gliscor|Protect\n|move|p1a: Tangrowth|Hidden Power|p2a: Gliscor\n|-activate|p2a: Gliscor|move: Protect\n|\n|-heal|p2a: Gliscor|52\/100 tox|[from] ability: Poison Heal\n|upkeep\n|turn|4\n|\n|t:|1700717605\n|switch|p2a: Toxapex|Toxapex, M|100\/100\n|move|p1a: Tangrowth|Knock Off|p2a: Toxapex\n|-damage|p2a: Toxapex|87\/100\n|-enditem|p2a: Toxapex|Heavy-Duty Boots|[from] move: Knock Off|[of] p1a: Tangrowth\n|\n|upkeep\n|turn|5\n|\n|t:|1700717613\n|switch|p1a: Excadrill|Excadrill, M|100\/100\n|-damage|p1a: Excadrill|88\/100|[from] Spikes\n|-ability|p1a: Excadrill|Mold Breaker\n|move|p2a: Toxapex|Knock Off|p1a: Excadrill\n|-damage|p1a: Excadrill|66\/100\n|-enditem|p1a: Excadrill|Focus Sash|[from] move: Knock Off|[of] p2a: Toxapex\n|\n|upkeep\n|turn|6\n|\n|t:|1700717624\n|switch|p2a: Gliscor|Gliscor, F|52\/100 tox\n|move|p1a: Excadrill|Stealth Rock|p2a: Gliscor\n|-sidestart|p2: jkljlkh|move: Stealth Rock\n|\n|-heal|p2a: Gliscor|64\/100 tox|[from] ability: Poison Heal\n|upkeep\n|turn|7\n|\n|t:|1700717632\n|switch|p1a: Tangrowth|Tangrowth, F, tera:Poison|100\/100\n|-damage|p1a: Tangrowth|88\/100|[from] Spikes\n|move|p2a: Gliscor|Earthquake|p1a: Tangrowth\n|-supereffective|p1a: Tangrowth\n|-damage|p1a: Tangrowth|54\/100\n|\n|-heal|p2a: Gliscor|77\/100 tox|[from] ability: Poison Heal\n|upkeep\n|turn|8\n|j| gobbyhappy1\n|\n|t:|1700717642\n|move|p2a: Gliscor|Protect|p2a: Gliscor\n|-singleturn|p2a: Gliscor|Protect\n|move|p1a: Tangrowth|Hidden Power|p2a: Gliscor\n|-activate|p2a: Gliscor|move: Protect\n|\n|-heal|p2a: Gliscor|89\/100 tox|[from] ability: Poison Heal\n|upkeep\n|turn|9\n|\n|t:|1700717650\n|move|p2a: Gliscor|Earthquake|p1a: Tangrowth\n|-supereffective|p1a: Tangrowth\n|-crit|p1a: Tangrowth\n|-damage|p1a: Tangrowth|0 fnt\n|faint|p1a: Tangrowth\n|\n|-heal|p2a: Gliscor|100\/100 tox|[from] ability: Poison Heal\n|upkeep\n|\n|t:|1700717658\n|switch|p1a: Hoopa|Hoopa-Unbound|100\/100\n|-damage|p1a: Hoopa|88\/100|[from] Spikes\n|turn|10\n|\n|t:|1700717662\n|switch|p2a: Tyranitar|Tyranitar, M|100\/100\n|-damage|p2a: Tyranitar|88\/100|[from] Stealth Rock\n|-weather|Sandstorm|[from] ability: Sand Stream|[of] p2a: Tyranitar\n|move|p1a: Hoopa|Psychic|p2a: Tyranitar\n|-immune|p2a: Tyranitar\n|\n|-weather|Sandstorm|[upkeep]\n|-damage|p1a: Hoopa|82\/100|[from] Sandstorm\n|upkeep\n|turn|11\n|\n|t:|1700717677\n|detailschange|p2a: Tyranitar|Tyranitar-Mega, M\n|-mega|p2a: Tyranitar|Tyranitar|Tyranitarite\n|move|p1a: Hoopa|Focus Blast|p2a: Tyranitar\n|-supereffective|p2a: Tyranitar\n|-damage|p2a: Tyranitar|0 fnt\n|faint|p2a: Tyranitar\n|\n|-weather|Sandstorm|[upkeep]\n|-damage|p1a: Hoopa|76\/100|[from] Sandstorm\n|upkeep\n|\n|t:|1700717691\n|switch|p2a: Blissey|Blissey, F|100\/100\n|turn|12\n|\n|t:|1700717696\n|switch|p2a: Corviknight|Corviknight, F|100\/100\n|-damage|p2a: Corviknight|88\/100|[from] Stealth Rock\n|-ability|p2a: Corviknight|Pressure\n|-zpower|p1a: Hoopa\n|move|p1a: Hoopa|All-Out Pummeling|p2a: Corviknight|[zeffect]\n|-damage|p2a: Corviknight|31\/100\n|\n|-weather|Sandstorm|[upkeep]\n|-damage|p1a: Hoopa|70\/100|[from] Sandstorm\n|-heal|p2a: Corviknight|37\/100|[from] item: Leftovers\n|upkeep\n|turn|13\n|\n|t:|1700717711\n|move|p1a: Hoopa|Dark Pulse|p2a: Corviknight\n|-damage|p2a: Corviknight|0 fnt\n|faint|p2a: Corviknight\n|\n|-weather|Sandstorm|[upkeep]\n|-damage|p1a: Hoopa|64\/100|[from] Sandstorm\n|upkeep\n|\n|t:|1700717714\n|switch|p2a: Blissey|Blissey, F|100\/100\n|turn|14\n|\n|t:|1700717720\n|-singleturn|p1a: Hoopa|move: Focus Punch\n|move|p2a: Blissey|Seismic Toss|p1a: Hoopa\n|-damage|p1a: Hoopa|31\/100\n|cant|p1a: Hoopa|Focus Punch|Focus Punch\n|\n|-weather|none\n|upkeep\n|turn|15\n|\n|t:|1700717729\n|switch|p1a: Excadrill|Excadrill, M|66\/100\n|-damage|p1a: Excadrill|54\/100|[from] Spikes\n|-ability|p1a: Excadrill|Mold Breaker\n|move|p2a: Blissey|Seismic Toss|p1a: Excadrill\n|-damage|p1a: Excadrill|26\/100\n|\n|upkeep\n|turn|16\n|\n|t:|1700717738\n|switch|p2a: Gliscor|Gliscor, F|100\/100 tox\n|-damage|p2a: Gliscor|88\/100 tox|[from] Stealth Rock\n|move|p1a: Excadrill|Rapid Spin|p2a: Gliscor\n|-damage|p2a: Gliscor|77\/100 tox\n|-boost|p1a: Excadrill|spe|1\n|-sideend|p1: Davetron3030|Spikes|[from] move: Rapid Spin|[of] p1a: Excadrill\n|\n|-heal|p2a: Gliscor|90\/100 tox|[from] ability: Poison Heal\n|upkeep\n|turn|17\n|\n|t:|1700717748\n|switch|p1a: Tapu Fini|Tapu Fini|100\/100\n|-fieldstart|move: Misty Terrain|[from] ability: Misty Surge|[of] p1a: Tapu Fini\n|move|p2a: Gliscor|Earthquake|p1a: Tapu Fini\n|-damage|p1a: Tapu Fini|77\/100\n|\n|-heal|p2a: Gliscor|100\/100 tox|[from] ability: Poison Heal\n|upkeep\n|turn|18\n|\n|t:|1700717758\n|move|p2a: Gliscor|Protect|p2a: Gliscor\n|-singleturn|p2a: Gliscor|Protect\n|move|p1a: Tapu Fini|Taunt|p2a: Gliscor\n|-activate|p2a: Gliscor|move: Protect\n|\n|upkeep\n|turn|19\n|\n|t:|1700717764\n|switch|p2a: Toxapex|Toxapex, M|100\/100\n|-damage|p2a: Toxapex|88\/100|[from] Stealth Rock\n|move|p1a: Tapu Fini|Moonblast|p2a: Toxapex\n|-resisted|p2a: Toxapex\n|-damage|p2a: Toxapex|75\/100\n|\n|upkeep\n|turn|20\n|\n|t:|1700717773\n|switch|p1a: Hoopa|Hoopa-Unbound|31\/100\n|move|p2a: Toxapex|Knock Off|p1a: Hoopa\n|-damage|p1a: Hoopa|9\/100\n|\n|upkeep\n|turn|21\n|\n|t:|1700717779\n|move|p2a: Toxapex|Baneful Bunker|p2a: Toxapex\n|-singleturn|p2a: Toxapex|move: Protect\n|move|p1a: Hoopa|Psychic|p2a: Toxapex\n|-activate|p2a: Toxapex|move: Protect\n|\n|-fieldend|Misty Terrain\n|upkeep\n|turn|22\n|\n|t:|1700717789\n|-singleturn|p1a: Hoopa|move: Focus Punch\n|move|p2a: Toxapex|Knock Off|p1a: Hoopa\n|-crit|p1a: Hoopa\n|-damage|p1a: Hoopa|0 fnt\n|faint|p1a: Hoopa\n|\n|upkeep\n|l|\u2606Davetron3030\n|player|p1|\n|inactive|Battle timer is ON: inactive players will automatically lose when time's up. (requested by jkljlkh)\n|inactive|Davetron3030 has 30 seconds to reconnect!\n|inactive|Davetron3030 has 20 seconds to reconnect!\n|inactive|Davetron3030 has 15 seconds to reconnect!\n|inactive|Davetron3030 has 10 seconds to reconnect!\n|inactive|Davetron3030 has 5 seconds to reconnect!\n|-message|Davetron3030 lost due to inactivity.\n|\n|win|jkljlkh\n|raw|Davetron3030's rating: 1721 &rarr; <strong>1708<\/strong><br \/>(-13 for losing)\n|raw|jkljlkh's rating: 1848 &rarr; <strong>1861<\/strong><br \/>(+13 for winning)\n","uploadtime":1700717869,"views":3,"p1id":"davetron3030","p2id":"jkljlkh","formatid":"gen9nationaldex","rating":1708,"private":0,"password":""}