{"id":"gen9nationaldex-1988055125","p1":"zgiatq\u8d85\u7ea7\u53ef\u7231\u4e4b\u795e","p2":"Patar136","format":"[Gen 9] National Dex","log":"|j|\u203dzgiatq\u8d85\u7ea7\u53ef\u7231\u4e4b\u795e\n|j|\u2606Patar136\n|t:|1699664043\n|gametype|singles\n|player|p1|zgiatq\u8d85\u7ea7\u53ef\u7231\u4e4b\u795e|cynthia-gen4|1343\n|player|p2|Patar136|misty|1408\n|teamsize|p1|6\n|teamsize|p2|6\n|gen|9\n|tier|[Gen 9] National Dex\n|rated|\n|rule|HP Percentage Mod: HP is shown in percentages\n|rule|Endless Battle Clause: Forcing endless battles is banned\n|rule|OHKO Clause: OHKO moves are banned\n|rule|Evasion Clause: Evasion abilities, items, and moves are banned\n|rule|Evasion Abilities Clause: Evasion abilities are banned\n|rule|Evasion Items Clause: Evasion items are banned\n|rule|Evasion Moves Clause: Evasion moves are banned\n|rule|Species Clause: Limit one of each Pok\u00e9mon\n|rule|Sleep Clause Mod: Limit one foe put to sleep\n|clearpoke\n|poke|p1|Maushold-Four|\n|poke|p1|Dondozo, F|\n|poke|p1|Goodra-Hisui, M|\n|poke|p1|Cinderace, M|\n|poke|p1|Dragonite, M|\n|poke|p1|Landorus-Therian, M|\n|poke|p2|Tapu Koko|\n|poke|p2|Iron Valiant|\n|poke|p2|Iron Hands|\n|poke|p2|Iron Moth|\n|poke|p2|Landorus-Therian, M|\n|poke|p2|Scizor, F|\n|teampreview\n|\n|t:|1699664065\n|start\n|switch|p1a: Landorus|Landorus-Therian, M|100\/100\n|switch|p2a: Tapu Koko|Tapu Koko|100\/100\n|-ability|p1a: Landorus|Intimidate|boost\n|-unboost|p2a: Tapu Koko|atk|1\n|-fieldstart|move: Electric Terrain|[from] ability: Electric Surge|[of] p2a: Tapu Koko\n|turn|1\n|inactive|Battle timer is ON: inactive players will automatically lose when time's up. (requested by zgiatq\u8d85\u7ea7\u53ef\u7231\u4e4b\u795e)\n|\n|t:|1699664073\n|move|p1a: Landorus|Earth Power|p2a: Tapu Koko\n|-supereffective|p2a: Tapu Koko\n|-damage|p2a: Tapu Koko|0 fnt\n|faint|p2a: Tapu Koko\n|\n|upkeep\n|\n|t:|1699664078\n|switch|p2a: Iron Hands|Iron Hands|100\/100\n|-activate|p2a: Iron Hands|ability: Quark Drive\n|-start|p2a: Iron Hands|quarkdriveatk\n|turn|2\n|\n|t:|1699664099\n|-terastallize|p2a: Iron Hands|Water\n|move|p1a: Landorus|Earth Power|p2a: Iron Hands\n|-damage|p2a: Iron Hands|74\/100\n|move|p2a: Iron Hands|Swords Dance|p2a: Iron Hands\n|-boost|p2a: Iron Hands|atk|2\n|\n|-heal|p2a: Iron Hands|80\/100|[from] item: Leftovers\n|upkeep\n|turn|3\n|\n|t:|1699664108\n|switch|p1a: Dondozo|Dondozo, F|100\/100\n|move|p2a: Iron Hands|Ice Punch|p1a: Dondozo\n|-resisted|p1a: Dondozo\n|-damage|p1a: Dondozo|92\/100\n|\n|-heal|p2a: Iron Hands|86\/100|[from] item: Leftovers\n|-heal|p1a: Dondozo|98\/100|[from] item: Leftovers\n|upkeep\n|turn|4\n|\n|t:|1699664118\n|move|p2a: Iron Hands|Ice Punch|p1a: Dondozo\n|-resisted|p1a: Dondozo\n|-damage|p1a: Dondozo|89\/100\n|move|p1a: Dondozo|Body Press|p2a: Iron Hands\n|-damage|p2a: Iron Hands|69\/100\n|\n|-heal|p2a: Iron Hands|75\/100|[from] item: Leftovers\n|-heal|p1a: Dondozo|95\/100|[from] item: Leftovers\n|upkeep\n|turn|5\n|\n|t:|1699664127\n|move|p2a: Iron Hands|Thunder Punch|p1a: Dondozo\n|-supereffective|p1a: Dondozo\n|-damage|p1a: Dondozo|26\/100\n|move|p1a: Dondozo|Body Press|p2a: Iron Hands\n|-damage|p2a: Iron Hands|60\/100\n|\n|-heal|p2a: Iron Hands|66\/100|[from] item: Leftovers\n|-heal|p1a: Dondozo|32\/100|[from] item: Leftovers\n|upkeep\n|turn|6\n|\n|t:|1699664139\n|-terastallize|p1a: Dondozo|Fairy\n|move|p2a: Iron Hands|Drain Punch|p1a: Dondozo\n|-resisted|p1a: Dondozo\n|-damage|p1a: Dondozo|20\/100\n|-heal|p2a: Iron Hands|71\/100|[from] drain|[of] p1a: Dondozo\n|move|p1a: Dondozo|Rest||[still]\n|-activate|p1a: Dondozo|move: Electric Terrain\n|-fail|p1a: Dondozo\n|\n|-heal|p2a: Iron Hands|77\/100|[from] item: Leftovers\n|-heal|p1a: Dondozo|26\/100|[from] item: Leftovers\n|upkeep\n|turn|7\n|\n|t:|1699664166\n|move|p2a: Iron Hands|Thunder Punch|p1a: Dondozo\n|-damage|p1a: Dondozo|0 fnt\n|faint|p1a: Dondozo\n|\n|-heal|p2a: Iron Hands|84\/100|[from] item: Leftovers\n|upkeep\n|inactive|zgiatq\u8d85\u7ea7\u53ef\u7231\u4e4b\u795e has 120 seconds left.\n|inactive|zgiatq\u8d85\u7ea7\u53ef\u7231\u4e4b\u795e has 90 seconds left.\n|\n|t:|1699664212\n|switch|p1a: Dragonite|Dragonite, M|100\/100\n|turn|8\n|inactive|zgiatq\u8d85\u7ea7\u53ef\u7231\u4e4b\u795e has 90 seconds left.\n|\n|t:|1699664238\n|move|p1a: Dragonite|Draco Meteor|p2a: Iron Hands\n|-damage|p2a: Iron Hands|23\/100\n|-unboost|p1a: Dragonite|spa|2\n|move|p2a: Iron Hands|Ice Punch|p1a: Dragonite\n|-supereffective|p1a: Dragonite\n|-damage|p1a: Dragonite|0 fnt\n|faint|p1a: Dragonite\n|\n|-heal|p2a: Iron Hands|29\/100|[from] item: Leftovers\n|-fieldend|move: Electric Terrain\n|-end|p2a: Iron Hands|Quark Drive\n|upkeep\n|inactive|zgiatq\u8d85\u7ea7\u53ef\u7231\u4e4b\u795e has 60 seconds left.\n|\n|t:|1699664257\n|switch|p1a: Maushold|Maushold-Four|100\/100\n|turn|9\n|inactive|zgiatq\u8d85\u7ea7\u53ef\u7231\u4e4b\u795e has 60 seconds left.\n|\n|t:|1699664275\n|-end|p2a: Iron Hands|Quark Drive|[silent]\n|switch|p2a: Landorus|Landorus-Therian, M|100\/100\n|-ability|p2a: Landorus|Intimidate|boost\n|-unboost|p1a: Maushold|atk|1\n|move|p1a: Maushold|Population Bomb|p2a: Landorus\n|-damage|p2a: Landorus|93\/100\n|-damage|p2a: Landorus|86\/100\n|-damage|p2a: Landorus|78\/100\n|-damage|p2a: Landorus|71\/100\n|-damage|p2a: Landorus|64\/100\n|-damage|p2a: Landorus|57\/100\n|-damage|p2a: Landorus|50\/100\n|-damage|p2a: Landorus|43\/100\n|-damage|p2a: Landorus|36\/100\n|-damage|p2a: Landorus|29\/100\n|-hitcount|p2a: Landorus|10\n|\n|-heal|p2a: Landorus|35\/100|[from] item: Leftovers\n|upkeep\n|turn|10\n|inactive|zgiatq\u8d85\u7ea7\u53ef\u7231\u4e4b\u795e has 60 seconds left.\n|\n|t:|1699664294\n|move|p1a: Maushold|Population Bomb|p2a: Landorus\n|-damage|p2a: Landorus|27\/100\n|-damage|p2a: Landorus|20\/100\n|-damage|p2a: Landorus|14\/100\n|-damage|p2a: Landorus|6\/100\n|-damage|p2a: Landorus|0 fnt\n|faint|p2a: Landorus\n|-hitcount|p2: Landorus|5\n|\n|upkeep\n|\n|t:|1699664298\n|switch|p2a: Scizor|Scizor, F|100\/100\n|turn|11\n|inactive|zgiatq\u8d85\u7ea7\u53ef\u7231\u4e4b\u795e has 60 seconds left.\n|inactive|zgiatq\u8d85\u7ea7\u53ef\u7231\u4e4b\u795e has 30 seconds left.\n|inactive|zgiatq\u8d85\u7ea7\u53ef\u7231\u4e4b\u795e has 20 seconds left.\n|inactive|zgiatq\u8d85\u7ea7\u53ef\u7231\u4e4b\u795e has 15 seconds left.\n|\n|t:|1699664350\n|detailschange|p2a: Scizor|Scizor-Mega, F\n|-mega|p2a: Scizor|Scizor|Scizorite\n|move|p1a: Maushold|Population Bomb|p2a: Scizor\n|-resisted|p2a: Scizor\n|-damage|p2a: Scizor|97\/100\n|-resisted|p2a: Scizor\n|-damage|p2a: Scizor|94\/100\n|-resisted|p2a: Scizor\n|-damage|p2a: Scizor|91\/100\n|-resisted|p2a: Scizor\n|-damage|p2a: Scizor|88\/100\n|-resisted|p2a: Scizor\n|-damage|p2a: Scizor|85\/100\n|-resisted|p2a: Scizor\n|-damage|p2a: Scizor|82\/100\n|-resisted|p2a: Scizor\n|-damage|p2a: Scizor|79\/100\n|-resisted|p2a: Scizor\n|-damage|p2a: Scizor|76\/100\n|-resisted|p2a: Scizor\n|-damage|p2a: Scizor|73\/100\n|-resisted|p2a: Scizor\n|-damage|p2a: Scizor|70\/100\n|-hitcount|p2a: Scizor|10\n|move|p2a: Scizor|Close Combat|p1a: Maushold\n|-supereffective|p1a: Maushold\n|-damage|p1a: Maushold|0 fnt\n|-unboost|p2a: Scizor|def|1\n|-unboost|p2a: Scizor|spd|1\n|faint|p1a: Maushold\n|\n|upkeep\n|inactive|zgiatq\u8d85\u7ea7\u53ef\u7231\u4e4b\u795e has 20 seconds left this turn.\n|inactive|zgiatq\u8d85\u7ea7\u53ef\u7231\u4e4b\u795e has 15 seconds left.\n|inactive|zgiatq\u8d85\u7ea7\u53ef\u7231\u4e4b\u795e has 10 seconds left.\n|inactive|zgiatq\u8d85\u7ea7\u53ef\u7231\u4e4b\u795e has 5 seconds left.\n|-message|zgiatq\u8d85\u7ea7\u53ef\u7231\u4e4b\u795e lost due to inactivity.\n|\n|win|Patar136\n|raw|zgiatq\u8d85\u7ea7\u53ef\u7231\u4e4b\u795e's rating: 1343 &rarr; <strong>1327<\/strong><br \/>(-16 for losing)\n|raw|Patar136's rating: 1408 &rarr; <strong>1424<\/strong><br \/>(+16 for winning)\n","uploadtime":1699664374,"views":5,"p1id":"zgiatq","p2id":"patar136","formatid":"gen9nationaldex","rating":1327,"private":0,"password":""}