{"id":"gen9nationaldex-1997737260","p1":"Marty1010","p2":"grunty champ","format":"[Gen 9] National Dex","log":"|html|<div class=\"broadcast-blue\"><strong>[Gen 9] National Dex is currently suspecting Sneasler! For information on how to participate check out the <a href=\"https:\/\/www.smogon.com\/forums\/threads\/sv-national-dex-suspect-8-just-dance.3731534\/\">suspect thread<\/a>.<\/strong><\/div>\n|j|\u2606Marty1010\n|j|\u2606grunty champ\n|t:|1700847308\n|gametype|singles\n|player|p1|Marty1010|blackbelt-gen4|1339\n|player|p2|grunty champ|hexmaniac-gen3|1290\n|teamsize|p1|6\n|teamsize|p2|6\n|gen|9\n|tier|[Gen 9] National Dex\n|rated|\n|rule|HP Percentage Mod: HP is shown in percentages\n|rule|Endless Battle Clause: Forcing endless battles is banned\n|rule|OHKO Clause: OHKO moves are banned\n|rule|Evasion Clause: Evasion abilities, items, and moves are banned\n|rule|Evasion Abilities Clause: Evasion abilities are banned\n|rule|Evasion Items Clause: Evasion items are banned\n|rule|Evasion Moves Clause: Evasion moves are banned\n|rule|Species Clause: Limit one of each Pok\u00e9mon\n|rule|Sleep Clause Mod: Limit one foe put to sleep\n|clearpoke\n|poke|p1|Charizard, F|\n|poke|p1|Leafeon, M|\n|poke|p1|Ferrothorn, M|\n|poke|p1|Corviknight, F|\n|poke|p1|Garganacl, M|\n|poke|p1|Toxapex, F|\n|poke|p2|Diancie|\n|poke|p2|Kyurem|\n|poke|p2|Ambipom, M|\n|poke|p2|Lycanroc-Dusk, F|\n|poke|p2|Kartana|\n|poke|p2|Galvantula, F|\n|teampreview\n|inactive|Battle timer is ON: inactive players will automatically lose when time's up. (requested by grunty champ)\n|\n|t:|1700847314\n|start\n|switch|p1a: Garganacl|Garganacl, M|100\/100\n|switch|p2a: beginning&end|Galvantula, F|100\/100\n|turn|1\n|\n|t:|1700847319\n|move|p2a: beginning&end|Sticky Web|p1a: Garganacl\n|-sidestart|p1: Marty1010|move: Sticky Web\n|move|p1a: Garganacl|Salt Cure|p2a: beginning&end\n|-supereffective|p2a: beginning&end\n|-damage|p2a: beginning&end|49\/100\n|-start|p2a: beginning&end|Salt Cure\n|\n|-damage|p2a: beginning&end|36\/100|[from] Salt Cure\n|upkeep\n|turn|2\n|\n|t:|1700847325\n|move|p2a: beginning&end|Thunder|p1a: Garganacl\n|-damage|p1a: Garganacl|54\/100\n|move|p1a: Garganacl|Stealth Rock|p2a: beginning&end\n|-sidestart|p2: grunty champ|move: Stealth Rock\n|\n|-heal|p1a: Garganacl|60\/100|[from] item: Leftovers\n|-damage|p2a: beginning&end|24\/100|[from] Salt Cure\n|upkeep\n|turn|3\n|\n|t:|1700847334\n|move|p2a: beginning&end|Thunder|p1a: Garganacl\n|-damage|p1a: Garganacl|16\/100\n|move|p1a: Garganacl|Salt Cure|p2a: beginning&end\n|-supereffective|p2a: beginning&end\n|-damage|p2a: beginning&end|0 fnt\n|faint|p2a: beginning&end\n|\n|-heal|p1a: Garganacl|23\/100|[from] item: Leftovers\n|upkeep\n|\n|t:|1700847345\n|switch|p2a: anchor crystal|Diancie|100\/100\n|-damage|p2a: anchor crystal|88\/100|[from] Stealth Rock\n|turn|4\n|\n|t:|1700847349\n|detailschange|p2a: anchor crystal|Diancie-Mega\n|-mega|p2a: anchor crystal|Diancie|Diancite\n|move|p1a: Garganacl|Protect|p1a: Garganacl\n|-singleturn|p1a: Garganacl|Protect\n|move|p2a: anchor crystal|Earth Power|p1a: Garganacl\n|-activate|p1a: Garganacl|move: Protect\n|\n|-heal|p1a: Garganacl|29\/100|[from] item: Leftovers\n|upkeep\n|turn|5\n|\n|t:|1700847357\n|switch|p1a: Spikey|Ferrothorn, M|100\/100\n|-activate|p1a: Spikey|move: Sticky Web\n|-unboost|p1a: Spikey|spe|1\n|move|p2a: anchor crystal|Moonblast|p1a: Spikey\n|-resisted|p1a: Spikey\n|-damage|p1a: Spikey|77\/100\n|-unboost|p1a: Spikey|spa|1\n|\n|upkeep\n|turn|6\n|\n|t:|1700847365\n|switch|p1a: Poison|Toxapex, F|100\/100\n|-activate|p1a: Poison|move: Sticky Web\n|-unboost|p1a: Poison|spe|1\n|move|p2a: anchor crystal|Mystical Fire|p1a: Poison\n|-resisted|p1a: Poison\n|-damage|p1a: Poison|88\/100\n|-unboost|p1a: Poison|spa|1\n|\n|-heal|p1a: Poison|95\/100|[from] item: Black Sludge\n|upkeep\n|turn|7\n|\n|t:|1700847377\n|switch|p2a: last winter|Kyurem|100\/100\n|-damage|p2a: last winter|76\/100|[from] Stealth Rock\n|-ability|p2a: last winter|Pressure\n|move|p1a: Poison|Scald|p2a: last winter\n|-resisted|p2a: last winter\n|-damage|p2a: last winter|70\/100\n|\n|-heal|p1a: Poison|100\/100|[from] item: Black Sludge\n|upkeep\n|turn|8\n|\n|t:|1700847388\n|switch|p1a: Garganacl|Garganacl, M|29\/100\n|-activate|p1a: Garganacl|move: Sticky Web\n|-unboost|p1a: Garganacl|spe|1\n|move|p2a: last winter|Freeze-Dry|p1a: Garganacl\n|-damage|p1a: Garganacl|0 fnt\n|faint|p1a: Garganacl\n|\n|upkeep\n|\n|t:|1700847397\n|switch|p1a: Charli|Charizard, F|100\/100\n|turn|9\n|\n|t:|1700847401\n|switch|p2a: scary strong|Lycanroc-Dusk, F|100\/100\n|-damage|p2a: scary strong|88\/100|[from] Stealth Rock\n|detailschange|p1a: Charli|Charizard-Mega-Y, F\n|-mega|p1a: Charli|Charizard|Charizardite Y\n|-weather|SunnyDay|[from] ability: Drought|[of] p1a: Charli\n|move|p1a: Charli|Weather Ball|p2a: scary strong\n|-resisted|p2a: scary strong\n|-damage|p2a: scary strong|0 fnt\n|faint|p2a: scary strong\n|\n|-weather|SunnyDay|[upkeep]\n|upkeep\n|\n|t:|1700847406\n|switch|p2a: Ambipom|Ambipom, M|100\/100\n|-damage|p2a: Ambipom|88\/100|[from] Stealth Rock\n|turn|10\n|\n|t:|1700847414\n|switch|p1a: Corviknight|Corviknight, F|100\/100\n|-ability|p1a: Corviknight|Pressure\n|move|p2a: Ambipom|Knock Off|p1a: Corviknight\n|-damage|p1a: Corviknight|77\/100\n|-enditem|p1a: Corviknight|Heavy-Duty Boots|[from] move: Knock Off|[of] p2a: Ambipom\n|\n|-weather|SunnyDay|[upkeep]\n|upkeep\n|turn|11\n|\n|t:|1700847427\n|move|p2a: Ambipom|Knock Off|p1a: Corviknight\n|-damage|p1a: Corviknight|61\/100\n|move|p1a: Corviknight|Iron Defense|p1a: Corviknight\n|-boost|p1a: Corviknight|def|2\n|\n|-weather|SunnyDay|[upkeep]\n|upkeep\n|turn|12\n|\n|t:|1700847435\n|switch|p2a: anchor crystal|Diancie-Mega|88\/100\n|-damage|p2a: anchor crystal|76\/100|[from] Stealth Rock\n|move|p1a: Corviknight|Iron Defense|p1a: Corviknight\n|-boost|p1a: Corviknight|def|2\n|\n|-weather|SunnyDay|[upkeep]\n|upkeep\n|turn|13\n|\n|t:|1700847448\n|-terastallize|p1a: Corviknight|Fighting\n|move|p2a: anchor crystal|Mystical Fire|p1a: Corviknight\n|-damage|p1a: Corviknight|29\/100\n|-unboost|p1a: Corviknight|spa|1\n|move|p1a: Corviknight|Body Press|p2a: anchor crystal\n|-damage|p2a: anchor crystal|0 fnt\n|faint|p2a: anchor crystal\n|\n|-weather|none\n|upkeep\n|\n|t:|1700847455\n|switch|p2a: reality sliced|Kartana|100\/100\n|-damage|p2a: reality sliced|94\/100|[from] Stealth Rock\n|turn|14\n|\n|t:|1700847459\n|move|p2a: reality sliced|Sacred Sword|p1a: Corviknight\n|-damage|p1a: Corviknight|0 fnt\n|faint|p1a: Corviknight\n|-ability|p2a: reality sliced|Beast Boost|boost\n|-boost|p2a: reality sliced|atk|1\n|\n|upkeep\n|\n|t:|1700847468\n|switch|p1a: Charli|Charizard-Mega-Y, F|100\/100\n|-weather|SunnyDay|[from] ability: Drought|[of] p1a: Charli\n|turn|15\n|\n|t:|1700847475\n|switch|p1a: Spikey|Ferrothorn, M|77\/100\n|-activate|p1a: Spikey|move: Sticky Web\n|-unboost|p1a: Spikey|spe|1\n|move|p2a: reality sliced|Knock Off|p1a: Spikey\n|-damage|p1a: Spikey|40\/100\n|-damage|p2a: reality sliced|82\/100|[from] ability: Iron Barbs|[of] p1a: Spikey\n|-damage|p2a: reality sliced|65\/100|[from] item: Rocky Helmet|[of] p1a: Spikey\n|-enditem|p1a: Spikey|Rocky Helmet|[from] move: Knock Off|[of] p2a: reality sliced\n|\n|-weather|SunnyDay|[upkeep]\n|upkeep\n|turn|16\n|\n|t:|1700847486\n|move|p2a: reality sliced|Sacred Sword|p1a: Spikey\n|-supereffective|p1a: Spikey\n|-damage|p1a: Spikey|0 fnt\n|-damage|p2a: reality sliced|53\/100|[from] ability: Iron Barbs|[of] p1a: Spikey\n|faint|p1a: Spikey\n|-ability|p2a: reality sliced|Beast Boost|boost\n|-boost|p2a: reality sliced|atk|1\n|\n|-weather|SunnyDay|[upkeep]\n|upkeep\n|\n|t:|1700847494\n|switch|p1a: Leon|Leafeon, M|100\/100\n|-activate|p1a: Leon|move: Sticky Web\n|-unboost|p1a: Leon|spe|1\n|turn|17\n|\n|t:|1700847499\n|move|p1a: Leon|Knock Off|p2a: reality sliced\n|-damage|p2a: reality sliced|2\/100\n|-enditem|p2a: reality sliced|Lum Berry|[from] move: Knock Off|[of] p1a: Leon\n|move|p2a: reality sliced|Knock Off|p1a: Leon\n|-damage|p1a: Leon|21\/100\n|-enditem|p1a: Leon|Choice Band|[from] move: Knock Off|[of] p2a: reality sliced\n|\n|-weather|SunnyDay|[upkeep]\n|upkeep\n|turn|18\n|\n|t:|1700847506\n|move|p1a: Leon|Knock Off|p2a: reality sliced\n|-damage|p2a: reality sliced|0 fnt\n|faint|p2a: reality sliced\n|\n|-weather|SunnyDay|[upkeep]\n|upkeep\n|\n|t:|1700847508\n|switch|p2a: Ambipom|Ambipom, M|88\/100\n|-damage|p2a: Ambipom|76\/100|[from] Stealth Rock\n|turn|19\n|\n|t:|1700847519\n|move|p2a: Ambipom|Fake Out|p1a: Leon\n|-damage|p1a: Leon|0 fnt\n|faint|p1a: Leon\n|\n|-weather|none\n|upkeep\n|\n|t:|1700847524\n|switch|p1a: Poison|Toxapex, F|100\/100\n|-activate|p1a: Poison|move: Sticky Web\n|-unboost|p1a: Poison|spe|1\n|turn|20\n|\n|t:|1700847530\n|move|p1a: Poison|Baneful Bunker|p1a: Poison\n|-singleturn|p1a: Poison|move: Protect\n|move|p2a: Ambipom|Knock Off|p1a: Poison\n|-activate|p1a: Poison|move: Protect\n|-status|p2a: Ambipom|psn\n|\n|-damage|p2a: Ambipom|63\/100 psn|[from] psn\n|upkeep\n|turn|21\n|\n|t:|1700847537\n|move|p2a: Ambipom|Knock Off|p1a: Poison\n|-damage|p1a: Poison|84\/100\n|-enditem|p1a: Poison|Black Sludge|[from] move: Knock Off|[of] p2a: Ambipom\n|move|p1a: Poison|Toxic Spikes|p2a: Ambipom\n|-sidestart|p2: grunty champ|move: Toxic Spikes\n|\n|-damage|p2a: Ambipom|51\/100 psn|[from] psn\n|upkeep\n|turn|22\n|\n|t:|1700847546\n|-terastallize|p2a: Ambipom|Normal\n|move|p2a: Ambipom|Return|p1a: Poison\n|-damage|p1a: Poison|44\/100\n|move|p1a: Poison|Toxic Spikes|p2a: Ambipom\n|-sidestart|p2: grunty champ|move: Toxic Spikes\n|\n|-damage|p2a: Ambipom|39\/100 psn|[from] psn\n|upkeep\n|turn|23\n|\n|t:|1700847554\n|move|p1a: Poison|Baneful Bunker|p1a: Poison\n|-singleturn|p1a: Poison|move: Protect\n|move|p2a: Ambipom|Return|p1a: Poison\n|-activate|p1a: Poison|move: Protect\n|\n|-damage|p2a: Ambipom|26\/100 psn|[from] psn\n|upkeep\n|turn|24\n|\n|t:|1700847563\n|move|p2a: Ambipom|Return|p1a: Poison\n|-damage|p1a: Poison|3\/100\n|move|p1a: Poison|Scald|p2a: Ambipom\n|-damage|p2a: Ambipom|1\/100 psn\n|\n|-damage|p2a: Ambipom|0 fnt|[from] psn\n|faint|p2a: Ambipom\n|upkeep\n|\n|t:|1700847566\n|switch|p2a: last winter|Kyurem|70\/100\n|-damage|p2a: last winter|46\/100|[from] Stealth Rock\n|-status|p2a: last winter|tox\n|-ability|p2a: last winter|Pressure\n|turn|25\n|\n|t:|1700847576\n|move|p1a: Poison|Baneful Bunker|p1a: Poison\n|-singleturn|p1a: Poison|move: Protect\n|move|p2a: last winter|Dragon Pulse|p1a: Poison\n|-activate|p1a: Poison|move: Protect\n|\n|-damage|p2a: last winter|39\/100 tox|[from] psn\n|upkeep\n|turn|26\n|\n|t:|1700847584\n|move|p2a: last winter|Dragon Pulse|p1a: Poison\n|-damage|p1a: Poison|0 fnt\n|faint|p1a: Poison\n|\n|-damage|p2a: last winter|27\/100 tox|[from] psn\n|upkeep\n|\n|t:|1700847589\n|switch|p1a: Charli|Charizard-Mega-Y, F|100\/100\n|-weather|SunnyDay|[from] ability: Drought|[of] p1a: Charli\n|turn|27\n|\n|t:|1700847593\n|move|p2a: last winter|Dragon Pulse|p1a: Charli\n|-damage|p1a: Charli|32\/100\n|move|p1a: Charli|Weather Ball|p2a: last winter\n|-damage|p2a: last winter|0 fnt\n|faint|p2a: last winter\n|\n|win|Marty1010\n|raw|Marty1010's rating: 1339 &rarr; <strong>1356<\/strong><br \/>(+17 for winning)\n|raw|grunty champ's rating: 1290 &rarr; <strong>1269<\/strong><br \/>(-21 for losing)\n|l|\u2606grunty champ\n|c|\u2606Marty1010|gg\n","uploadtime":1700847642,"views":5,"p1id":"marty1010","p2id":"gruntychamp","formatid":"gen9nationaldex","rating":1269,"private":0,"password":""}