{"id":"gen9nationaldex-1990220779","p1":"papunutriaxd","p2":"AnegoUB01","format":"[Gen 9] National Dex","log":"|j|\u2606papunutriaxd\n|j|\u2606AnegoUB01\n|t:|1699939477\n|gametype|singles\n|player|p1|papunutriaxd|102|1499\n|player|p2|AnegoUB01|flannery|1479\n|teamsize|p1|6\n|teamsize|p2|6\n|gen|9\n|tier|[Gen 9] National Dex\n|rated|\n|rule|HP Percentage Mod: HP is shown in percentages\n|rule|Endless Battle Clause: Forcing endless battles is banned\n|rule|OHKO Clause: OHKO moves are banned\n|rule|Evasion Clause: Evasion abilities, items, and moves are banned\n|rule|Evasion Abilities Clause: Evasion abilities are banned\n|rule|Evasion Items Clause: Evasion items are banned\n|rule|Evasion Moves Clause: Evasion moves are banned\n|rule|Species Clause: Limit one of each Pok\u00e9mon\n|rule|Sleep Clause Mod: Limit one foe put to sleep\n|clearpoke\n|poke|p1|Rillaboom, M|\n|poke|p1|Manaphy|\n|poke|p1|Grimmsnarl, M|\n|poke|p1|Medicham, M|\n|poke|p1|Dragonite, F|\n|poke|p1|Iron Treads|\n|poke|p2|Ninetales-Alola, F|\n|poke|p2|Frosmoth, F|\n|poke|p2|Hatterene, F|\n|poke|p2|Alomomola, F|\n|poke|p2|Landorus-Therian, M|\n|poke|p2|Latias, F|\n|teampreview\n|inactive|Battle timer is ON: inactive players will automatically lose when time's up. (requested by AnegoUB01)\n|\n|t:|1699939502\n|start\n|switch|p1a: Grimmsnarl|Grimmsnarl, M|100\/100\n|switch|p2a: Hatterene|Hatterene, F|100\/100\n|turn|1\n|\n|t:|1699939506\n|move|p1a: Grimmsnarl|Light Screen|p1a: Grimmsnarl\n|-sidestart|p1: papunutriaxd|move: Light Screen\n|move|p2a: Hatterene|Calm Mind|p2a: Hatterene\n|-boost|p2a: Hatterene|spa|1\n|-boost|p2a: Hatterene|spd|1\n|\n|upkeep\n|turn|2\n|\n|t:|1699939510\n|move|p1a: Grimmsnarl|Spirit Break|p2a: Hatterene\n|-crit|p2a: Hatterene\n|-damage|p2a: Hatterene|66\/100\n|-unboost|p2a: Hatterene|spa|1\n|move|p2a: Hatterene|Calm Mind|p2a: Hatterene\n|-boost|p2a: Hatterene|spa|1\n|-boost|p2a: Hatterene|spd|1\n|\n|-heal|p2a: Hatterene|72\/100|[from] item: Leftovers\n|upkeep\n|turn|3\n|\n|t:|1699939515\n|move|p1a: Grimmsnarl|Spirit Break|p2a: Hatterene\n|-damage|p2a: Hatterene|47\/100\n|-unboost|p2a: Hatterene|spa|1\n|move|p2a: Hatterene|Calm Mind|p2a: Hatterene\n|-boost|p2a: Hatterene|spa|1\n|-boost|p2a: Hatterene|spd|1\n|\n|-heal|p2a: Hatterene|53\/100|[from] item: Leftovers\n|upkeep\n|turn|4\n|\n|t:|1699939519\n|move|p1a: Grimmsnarl|Spirit Break|p2a: Hatterene\n|-crit|p2a: Hatterene\n|-damage|p2a: Hatterene|18\/100\n|-unboost|p2a: Hatterene|spa|1\n|move|p2a: Hatterene|Draining Kiss|p1a: Grimmsnarl\n|-supereffective|p1a: Grimmsnarl\n|-damage|p1a: Grimmsnarl|83\/100\n|-heal|p2a: Hatterene|34\/100|[from] drain|[of] p1a: Grimmsnarl\n|\n|-heal|p2a: Hatterene|39\/100|[from] item: Leftovers\n|upkeep\n|turn|5\n|\n|t:|1699939523\n|move|p1a: Grimmsnarl|Spirit Break|p2a: Hatterene\n|-damage|p2a: Hatterene|15\/100\n|-unboost|p2a: Hatterene|spa|1\n|move|p2a: Hatterene|Draining Kiss|p1a: Grimmsnarl\n|-supereffective|p1a: Grimmsnarl\n|-damage|p1a: Grimmsnarl|71\/100\n|-heal|p2a: Hatterene|26\/100|[from] drain|[of] p1a: Grimmsnarl\n|\n|-heal|p2a: Hatterene|32\/100|[from] item: Leftovers\n|upkeep\n|turn|6\n|\n|t:|1699939534\n|move|p1a: Grimmsnarl|Spirit Break|p2a: Hatterene\n|-damage|p2a: Hatterene|8\/100\n|-unboost|p2a: Hatterene|spa|1\n|move|p2a: Hatterene|Draining Kiss|p1a: Grimmsnarl\n|-supereffective|p1a: Grimmsnarl\n|-damage|p1a: Grimmsnarl|62\/100\n|-heal|p2a: Hatterene|16\/100|[from] drain|[of] p1a: Grimmsnarl\n|\n|-heal|p2a: Hatterene|22\/100|[from] item: Leftovers\n|upkeep\n|turn|7\n|\n|t:|1699939550\n|switch|p2a: Alomomola|Alomomola, F|100\/100\n|move|p1a: Grimmsnarl|Spirit Break|p2a: Alomomola\n|-damage|p2a: Alomomola|83\/100\n|-unboost|p2a: Alomomola|spa|1\n|-damage|p1a: Grimmsnarl|45\/100|[from] item: Rocky Helmet|[of] p2a: Alomomola\n|\n|upkeep\n|turn|8\n|\n|t:|1699939557\n|move|p1a: Grimmsnarl|Reflect|p1a: Grimmsnarl\n|-sidestart|p1: papunutriaxd|Reflect\n|move|p2a: Alomomola|Flip Turn|p1a: Grimmsnarl\n|-damage|p1a: Grimmsnarl|35\/100\n|\n|t:|1699939570\n|switch|p2a: Hatterene|Hatterene, F|22\/100|[from] Flip Turn\n|\n|-heal|p2a: Hatterene|28\/100|[from] item: Leftovers\n|-sideend|p1: papunutriaxd|move: Light Screen\n|upkeep\n|turn|9\n|\n|t:|1699939577\n|switch|p2a: Alomomola|Alomomola, F|100\/100\n|move|p1a: Grimmsnarl|Light Screen|p1a: Grimmsnarl\n|-sidestart|p1: papunutriaxd|move: Light Screen\n|\n|upkeep\n|turn|10\n|\n|t:|1699939583\n|move|p1a: Grimmsnarl|Parting Shot|p2a: Alomomola\n|-unboost|p2a: Alomomola|atk|1\n|-unboost|p2a: Alomomola|spa|1\n|\n|t:|1699939586\n|switch|p1a: Rillaboom|Rillaboom, M|100\/100|[from] Parting Shot\n|-fieldstart|move: Grassy Terrain|[from] ability: Grassy Surge|[of] p1a: Rillaboom\n|move|p2a: Alomomola|Wish|p2a: Alomomola\n|\n|upkeep\n|turn|11\n|\n|t:|1699939603\n|switch|p2a: Latias|Latias, F|100\/100\n|move|p1a: Rillaboom|Wood Hammer|p2a: Latias\n|-resisted|p2a: Latias\n|-damage|p2a: Latias|50\/100\n|-damage|p1a: Rillaboom|85\/100|[from] Recoil\n|\n|-heal|p2a: Latias|100\/100|[from] move: Wish|[wisher] Alomomola\n|-heal|p1a: Rillaboom|92\/100|[from] Grassy Terrain\n|upkeep\n|turn|12\n|\n|t:|1699939613\n|move|p2a: Latias|Calm Mind|p2a: Latias\n|-boost|p2a: Latias|spa|1\n|-boost|p2a: Latias|spd|1\n|move|p1a: Rillaboom|Wood Hammer|p2a: Latias\n|-resisted|p2a: Latias\n|-damage|p2a: Latias|55\/100\n|-damage|p1a: Rillaboom|78\/100|[from] Recoil\n|\n|-heal|p1a: Rillaboom|84\/100|[from] Grassy Terrain\n|upkeep\n|turn|13\n|inactive|AnegoUB01 has 120 seconds left.\n|\n|t:|1699939640\n|move|p2a: Latias|Recover|p2a: Latias\n|-heal|p2a: Latias|100\/100\n|move|p1a: Rillaboom|Wood Hammer|p2a: Latias\n|-resisted|p2a: Latias\n|-damage|p2a: Latias|51\/100\n|-damage|p1a: Rillaboom|70\/100|[from] Recoil\n|\n|-heal|p1a: Rillaboom|76\/100|[from] Grassy Terrain\n|upkeep\n|turn|14\n|\n|t:|1699939647\n|move|p2a: Latias|Recover|p2a: Latias\n|-heal|p2a: Latias|100\/100\n|move|p1a: Rillaboom|Wood Hammer|p2a: Latias\n|-resisted|p2a: Latias\n|-damage|p2a: Latias|51\/100\n|-damage|p1a: Rillaboom|61\/100|[from] Recoil\n|\n|-heal|p1a: Rillaboom|67\/100|[from] Grassy Terrain\n|-fieldend|move: Grassy Terrain\n|upkeep\n|turn|15\n|\n|t:|1699939654\n|switch|p1a: Grimmsnarl|Grimmsnarl, M|35\/100\n|move|p2a: Latias|Recover|p2a: Latias\n|-heal|p2a: Latias|100\/100\n|\n|-sideend|p1: papunutriaxd|Reflect\n|upkeep\n|turn|16\n|\n|t:|1699939661\n|switch|p2a: Alomomola|Alomomola, F|100\/100\n|move|p1a: Grimmsnarl|Reflect|p1a: Grimmsnarl\n|-sidestart|p1: papunutriaxd|Reflect\n|\n|-sideend|p1: papunutriaxd|move: Light Screen\n|upkeep\n|turn|17\n|\n|t:|1699939671\n|move|p1a: Grimmsnarl|Light Screen|p1a: Grimmsnarl\n|-sidestart|p1: papunutriaxd|move: Light Screen\n|move|p2a: Alomomola|Wish|p2a: Alomomola\n|\n|upkeep\n|turn|18\n|\n|t:|1699939675\n|move|p1a: Grimmsnarl|Parting Shot|p2a: Alomomola\n|-unboost|p2a: Alomomola|atk|1\n|-unboost|p2a: Alomomola|spa|1\n|\n|t:|1699939681\n|switch|p1a: Manaphy|Manaphy|100\/100|[from] Parting Shot\n|move|p2a: Alomomola|Flip Turn|p1a: Manaphy\n|-resisted|p1a: Manaphy\n|-crit|p1a: Manaphy\n|-damage|p1a: Manaphy|89\/100\n|\n|t:|1699939685\n|switch|p2a: Hatterene|Hatterene, F|28\/100|[from] Flip Turn\n|\n|-heal|p2a: Hatterene|100\/100|[from] move: Wish|[wisher] Alomomola\n|upkeep\n|turn|19\n|\n|t:|1699939689\n|move|p1a: Manaphy|Tail Glow|p1a: Manaphy\n|-boost|p1a: Manaphy|spa|3\n|move|p2a: Hatterene|Calm Mind|p2a: Hatterene\n|-boost|p2a: Hatterene|spa|1\n|-boost|p2a: Hatterene|spd|1\n|\n|upkeep\n|turn|20\n|\n|t:|1699939699\n|-terastallize|p2a: Hatterene|Water\n|move|p1a: Manaphy|Surf|p2a: Hatterene\n|-resisted|p2a: Hatterene\n|-damage|p2a: Hatterene|64\/100\n|move|p2a: Hatterene|Calm Mind|p2a: Hatterene\n|-boost|p2a: Hatterene|spa|1\n|-boost|p2a: Hatterene|spd|1\n|\n|-heal|p2a: Hatterene|70\/100|[from] item: Leftovers\n|upkeep\n|turn|21\n|\n|t:|1699939704\n|move|p1a: Manaphy|Tail Glow|p1a: Manaphy\n|-boost|p1a: Manaphy|spa|3\n|move|p2a: Hatterene|Calm Mind|p2a: Hatterene\n|-boost|p2a: Hatterene|spa|1\n|-boost|p2a: Hatterene|spd|1\n|\n|-heal|p2a: Hatterene|76\/100|[from] item: Leftovers\n|upkeep\n|turn|22\n|\n|t:|1699939709\n|move|p1a: Manaphy|Surf|p2a: Hatterene\n|-resisted|p2a: Hatterene\n|-damage|p2a: Hatterene|44\/100\n|move|p2a: Hatterene|Calm Mind|p2a: Hatterene\n|-boost|p2a: Hatterene|spa|1\n|-boost|p2a: Hatterene|spd|1\n|\n|-heal|p2a: Hatterene|50\/100|[from] item: Leftovers\n|upkeep\n|turn|23\n|\n|t:|1699939716\n|-zpower|p1a: Manaphy\n|move|p1a: Manaphy|Hydro Vortex|p2a: Hatterene|[zeffect]\n|-resisted|p2a: Hatterene\n|-damage|p2a: Hatterene|0 fnt\n|faint|p2a: Hatterene\n|\n|-sideend|p1: papunutriaxd|Reflect\n|upkeep\n|\n|t:|1699939724\n|switch|p2a: Landorus|Landorus-Therian, M|100\/100\n|-ability|p2a: Landorus|Intimidate|boost\n|-unboost|p1a: Manaphy|atk|1\n|turn|24\n|\n|t:|1699939728\n|move|p1a: Manaphy|Surf|p2a: Landorus\n|-supereffective|p2a: Landorus\n|-damage|p2a: Landorus|0 fnt\n|faint|p2a: Landorus\n|\n|-sideend|p1: papunutriaxd|move: Light Screen\n|upkeep\n|\n|t:|1699939735\n|switch|p2a: Ninetales|Ninetales-Alola, F|100\/100\n|-weather|Snow|[from] ability: Snow Warning|[of] p2a: Ninetales\n|turn|25\n|\n|t:|1699939741\n|switch|p1a: Iron Treads|Iron Treads|100\/100\n|move|p2a: Ninetales|Aurora Veil|p2a: Ninetales\n|-sidestart|p2: AnegoUB01|move: Aurora Veil\n|\n|-weather|Snow|[upkeep]\n|upkeep\n|turn|26\n|\n|t:|1699939746\n|move|p2a: Ninetales|Hypnosis|p1a: Iron Treads\n|-status|p1a: Iron Treads|slp|[from] move: Hypnosis\n|cant|p1a: Iron Treads|slp\n|\n|-weather|Snow|[upkeep]\n|upkeep\n|turn|27\n|\n|t:|1699939749\n|switch|p2a: Frosmoth|Frosmoth, F|100\/100\n|-end|p1a: Iron Treads|Quark Drive|[silent]\n|switch|p1a: Grimmsnarl|Grimmsnarl, M|35\/100\n|\n|-weather|Snow|[upkeep]\n|upkeep\n|turn|28\n|\n|t:|1699939756\n|move|p1a: Grimmsnarl|Light Screen|p1a: Grimmsnarl\n|-sidestart|p1: papunutriaxd|move: Light Screen\n|move|p2a: Frosmoth|Ice Beam|p1a: Grimmsnarl\n|-damage|p1a: Grimmsnarl|16\/100\n|\n|-weather|Snow|[upkeep]\n|upkeep\n|turn|29\n|\n|t:|1699939765\n|move|p1a: Grimmsnarl|Parting Shot|p2a: Frosmoth\n|-unboost|p2a: Frosmoth|atk|1\n|-unboost|p2a: Frosmoth|spa|1\n|\n|t:|1699939773\n|switch|p1a: Dragonite|Dragonite, F|100\/100|[from] Parting Shot\n|move|p2a: Frosmoth|Quiver Dance|p2a: Frosmoth\n|-boost|p2a: Frosmoth|spa|1\n|-boost|p2a: Frosmoth|spd|1\n|-boost|p2a: Frosmoth|spe|1\n|\n|-weather|none\n|upkeep\n|turn|30\n|\n|t:|1699939778\n|move|p2a: Frosmoth|Ice Beam|p1a: Dragonite\n|-supereffective|p1a: Dragonite\n|-damage|p1a: Dragonite|50\/100\n|move|p1a: Dragonite|Dragon Dance|p1a: Dragonite\n|-boost|p1a: Dragonite|atk|1\n|-boost|p1a: Dragonite|spe|1\n|\n|-heal|p1a: Dragonite|56\/100|[from] item: Leftovers\n|upkeep\n|turn|31\n|\n|t:|1699939786\n|-terastallize|p1a: Dragonite|Normal\n|move|p1a: Dragonite|Dragon Dance|p1a: Dragonite\n|-boost|p1a: Dragonite|atk|1\n|-boost|p1a: Dragonite|spe|1\n|move|p2a: Frosmoth|Ice Beam|p1a: Dragonite\n|-damage|p1a: Dragonite|31\/100\n|\n|-heal|p1a: Dragonite|37\/100|[from] item: Leftovers\n|upkeep\n|turn|32\n|\n|t:|1699939791\n|move|p1a: Dragonite|Fire Punch|p2a: Frosmoth\n|-supereffective|p2a: Frosmoth\n|-damage|p2a: Frosmoth|0 fnt\n|faint|p2a: Frosmoth\n|\n|-heal|p1a: Dragonite|43\/100|[from] item: Leftovers\n|-sideend|p2: AnegoUB01|move: Aurora Veil\n|upkeep\n|-message|AnegoUB01 forfeited.\n|\n|win|papunutriaxd\n|raw|papunutriaxd's rating: 1499 &rarr; <strong>1518<\/strong><br \/>(+19 for winning)\n|raw|AnegoUB01's rating: 1479 &rarr; <strong>1460<\/strong><br \/>(-19 for losing)\n|l|\u2606AnegoUB01\n","uploadtime":1699939850,"views":7,"p1id":"papunutriaxd","p2id":"anegoub01","formatid":"gen9nationaldex","rating":1460,"private":0,"password":""}