{"id":"gen9nationaldex-1991147433","p1":"Krish2278","p2":"Blazzeon","format":"[Gen 9] National Dex","log":"|j|\u2606Krish2278\n|j|\u2606Blazzeon\n|t:|1700050077\n|gametype|singles\n|player|p1|Krish2278|bellelba|\n|player|p2|Blazzeon|gambler|\n|teamsize|p1|6\n|teamsize|p2|6\n|gen|9\n|tier|[Gen 9] National Dex\n|rule|HP Percentage Mod: HP is shown in percentages\n|rule|Endless Battle Clause: Forcing endless battles is banned\n|rule|OHKO Clause: OHKO moves are banned\n|rule|Evasion Clause: Evasion abilities, items, and moves are banned\n|rule|Evasion Abilities Clause: Evasion abilities are banned\n|rule|Evasion Items Clause: Evasion items are banned\n|rule|Evasion Moves Clause: Evasion moves are banned\n|rule|Species Clause: Limit one of each Pok\u00e9mon\n|rule|Sleep Clause Mod: Limit one foe put to sleep\n|clearpoke\n|poke|p1|Gyarados, M|\n|poke|p1|Dragonite, M|\n|poke|p1|Skeledirge, F|\n|poke|p1|Scizor, F|\n|poke|p1|Buzzwole|\n|poke|p1|Garganacl, M|\n|poke|p2|Iron Valiant|\n|poke|p2|Hawlucha, M|\n|poke|p2|Iron Moth|\n|poke|p2|Scizor, M|\n|poke|p2|Skeledirge, M|\n|poke|p2|Tapu Lele|\n|teampreview\n|inactive|Battle timer is ON: inactive players will automatically lose when time's up. (requested by Blazzeon)\n|\n|t:|1700050100\n|start\n|switch|p1a: Skeledirge|Skeledirge, F|100\/100\n|switch|p2a: Skeledirge|Skeledirge, M|100\/100\n|turn|1\n|j| h1rsfr\n|c| h1rsfr|Good boys\n|\n|t:|1700050111\n|move|p2a: Skeledirge|Shadow Ball|p1a: Skeledirge\n|-supereffective|p1a: Skeledirge\n|-crit|p1a: Skeledirge\n|-damage|p1a: Skeledirge|0 fnt\n|faint|p1a: Skeledirge\n|-damage|p2a: Skeledirge|91\/100|[from] item: Life Orb\n|\n|upkeep\n|\n|t:|1700050119\n|switch|p1a: Gyarados|Gyarados, M|100\/100\n|turn|2\n|\n|t:|1700050127\n|switch|p2a: Tapu Lele|Tapu Lele|100\/100\n|-fieldstart|move: Psychic Terrain|[from] ability: Psychic Surge|[of] p2a: Tapu Lele\n|-zpower|p1a: Gyarados\n|move|p1a: Gyarados|Z-Celebrate|p1a: Gyarados|[anim]Celebrate\n|-boost|p1a: Gyarados|atk|1|[zeffect]\n|-boost|p1a: Gyarados|def|1|[zeffect]\n|-boost|p1a: Gyarados|spa|1|[zeffect]\n|-boost|p1a: Gyarados|spd|1|[zeffect]\n|-boost|p1a: Gyarados|spe|1|[zeffect]\n|-activate|p1a: Gyarados|move: Celebrate\n|\n|upkeep\n|turn|3\n|\n|t:|1700050134\n|move|p2a: Tapu Lele|Psychic|p1a: Gyarados\n|-damage|p1a: Gyarados|60\/100\n|move|p1a: Gyarados|Earthquake|p2a: Tapu Lele\n|-damage|p2a: Tapu Lele|27\/100\n|\n|upkeep\n|turn|4\n|c| h1rsfr|Blaze krskta h\n|\n|t:|1700050139\n|move|p2a: Tapu Lele|Psychic|p1a: Gyarados\n|-crit|p1a: Gyarados\n|-damage|p1a: Gyarados|0 fnt\n|faint|p1a: Gyarados\n|\n|upkeep\n|c| h1rsfr|Ahh fukk\n|\n|t:|1700050143\n|switch|p1a: Scizor|Scizor, F|100\/100\n|turn|5\n|c| h1rsfr|W\n|\n|t:|1700050148\n|switch|p2a: Hawlucha|Hawlucha, M|100\/100\n|-enditem|p2a: Hawlucha|Psychic Seed\n|-boost|p2a: Hawlucha|spd|1|[from] item: Psychic Seed\n|detailschange|p1a: Scizor|Scizor-Mega, F\n|-mega|p1a: Scizor|Scizor|Scizorite\n|move|p1a: Scizor|Bullet Punch|p2a: Hawlucha\n|-hint|Psychic Terrain doesn't affect Pok\u00e9mon immune to Ground.\n|-crit|p2a: Hawlucha\n|-damage|p2a: Hawlucha|28\/100\n|\n|upkeep\n|turn|6\n|\n|t:|1700050156\n|move|p1a: Scizor|Bullet Punch|p2a: Hawlucha\n|-hint|Psychic Terrain doesn't affect Pok\u00e9mon immune to Ground.\n|-damage|p2a: Hawlucha|0 fnt\n|faint|p2a: Hawlucha\n|\n|-fieldend|move: Psychic Terrain\n|upkeep\n|\n|t:|1700050164\n|switch|p2a: Skeledirge|Skeledirge, M|91\/100\n|turn|7\n|\n|t:|1700050169\n|switch|p1a: Garganacl|Garganacl, M|100\/100\n|move|p2a: Skeledirge|Torch Song|p1a: Garganacl\n|-resisted|p1a: Garganacl\n|-damage|p1a: Garganacl|78\/100\n|-boost|p2a: Skeledirge|spa|1\n|-damage|p2a: Skeledirge|81\/100|[from] item: Life Orb\n|\n|-heal|p1a: Garganacl|84\/100|[from] item: Leftovers\n|upkeep\n|turn|8\n|\n|t:|1700050178\n|move|p2a: Skeledirge|Shadow Ball|p1a: Garganacl\n|-damage|p1a: Garganacl|46\/100\n|-damage|p2a: Skeledirge|71\/100|[from] item: Life Orb\n|move|p1a: Garganacl|Salt Cure|p2a: Skeledirge\n|-supereffective|p2a: Skeledirge\n|-damage|p2a: Skeledirge|48\/100\n|-start|p2a: Skeledirge|Salt Cure\n|\n|-heal|p1a: Garganacl|52\/100|[from] item: Leftovers\n|-damage|p2a: Skeledirge|36\/100|[from] Salt Cure\n|upkeep\n|turn|9\n|c| h1rsfr|Energyball\n|\n|t:|1700050185\n|move|p2a: Skeledirge|Shadow Ball|p1a: Garganacl\n|-damage|p1a: Garganacl|16\/100\n|-damage|p2a: Skeledirge|26\/100|[from] item: Life Orb\n|move|p1a: Garganacl|Recover|p1a: Garganacl\n|-heal|p1a: Garganacl|66\/100\n|\n|-heal|p1a: Garganacl|72\/100|[from] item: Leftovers\n|-damage|p2a: Skeledirge|13\/100|[from] Salt Cure\n|upkeep\n|turn|10\n|c| h1rsfr|Energyball ni h kya ispe\n|\n|t:|1700050194\n|move|p2a: Skeledirge|Shadow Ball|p1a: Garganacl\n|-damage|p1a: Garganacl|38\/100\n|-unboost|p1a: Garganacl|spd|1\n|-damage|p2a: Skeledirge|3\/100|[from] item: Life Orb\n|move|p1a: Garganacl|Recover|p1a: Garganacl\n|-heal|p1a: Garganacl|88\/100\n|\n|-heal|p1a: Garganacl|94\/100|[from] item: Leftovers\n|-damage|p2a: Skeledirge|0 fnt|[from] Salt Cure\n|faint|p2a: Skeledirge\n|upkeep\n|\n|t:|1700050201\n|switch|p2a: Iron Moth|Iron Moth|100\/100\n|-enditem|p2a: Iron Moth|Booster Energy\n|-activate|p2a: Iron Moth|ability: Quark Drive|[fromitem]\n|-start|p2a: Iron Moth|quarkdrivespe\n|turn|11\n|\n|t:|1700050207\n|-terastallize|p1a: Garganacl|Flying\n|move|p2a: Iron Moth|Energy Ball|p1a: Garganacl\n|-resisted|p1a: Garganacl\n|-damage|p1a: Garganacl|71\/100\n|move|p1a: Garganacl|Salt Cure|p2a: Iron Moth\n|-supereffective|p2a: Iron Moth\n|-damage|p2a: Iron Moth|58\/100\n|-start|p2a: Iron Moth|Salt Cure\n|\n|-heal|p1a: Garganacl|77\/100|[from] item: Leftovers\n|-damage|p2a: Iron Moth|46\/100|[from] Salt Cure\n|upkeep\n|turn|12\n|\n|t:|1700050221\n|move|p2a: Iron Moth|Sludge Wave|p1a: Garganacl\n|-damage|p1a: Garganacl|16\/100\n|move|p1a: Garganacl|Recover|p1a: Garganacl\n|-heal|p1a: Garganacl|66\/100\n|\n|-heal|p1a: Garganacl|73\/100|[from] item: Leftovers\n|-damage|p2a: Iron Moth|33\/100|[from] Salt Cure\n|upkeep\n|turn|13\n|\n|t:|1700050226\n|switch|p1a: Scizor|Scizor-Mega, F|100\/100\n|move|p2a: Iron Moth|Sludge Wave|p1a: Scizor\n|-immune|p1a: Scizor\n|\n|-damage|p2a: Iron Moth|21\/100|[from] Salt Cure\n|upkeep\n|turn|14\n|\n|t:|1700050233\n|move|p1a: Scizor|Bullet Punch|p2a: Iron Moth\n|-resisted|p2a: Iron Moth\n|-damage|p2a: Iron Moth|0 fnt\n|faint|p2a: Iron Moth\n|-end|p2a: Iron Moth|Quark Drive|[silent]\n|\n|upkeep\n|\n|t:|1700050236\n|switch|p2a: Tapu Lele|Tapu Lele|27\/100\n|-fieldstart|move: Psychic Terrain|[from] ability: Psychic Surge|[of] p2a: Tapu Lele\n|turn|15\n|\n|t:|1700050240\n|move|p1a: Scizor|Bullet Punch|p2a: Tapu Lele\n|-activate|p2a: Tapu Lele|move: Psychic Terrain\n|move|p2a: Tapu Lele|Hidden Power|p1a: Scizor\n|-supereffective|p1a: Scizor\n|-crit|p1a: Scizor\n|-damage|p1a: Scizor|0 fnt\n|faint|p1a: Scizor\n|\n|upkeep\n|c|\u2606Krish2278|?\n|c|\u2606Krish2278|How is this possible\n|c|\u2606Blazzeon|Psychic terrain\n|c| h1rsfr|Abe terrain me bullet punch ni lgta\n|c|\u2606Krish2278|Scissor is imune to ground\n|inactive|Krish2278 has 270 seconds left.\n|c| h1rsfr|Hawlucha ko isliye lga cuz wo pokemon ground pe tha\n|\n|t:|1700050272\n|switch|p1a: Dragonite|Dragonite, M|100\/100\n|turn|16\n|c|\u2606Blazzeon|Ni h\n|\n|t:|1700050279\n|switch|p2a: Scizor|Scizor, M|100\/100\n|move|p1a: Dragonite|Dragon Dance|p1a: Dragonite\n|-boost|p1a: Dragonite|atk|1\n|-boost|p1a: Dragonite|spe|1\n|\n|upkeep\n|turn|17\n|\n|t:|1700050282\n|detailschange|p2a: Scizor|Scizor-Mega, M\n|-mega|p2a: Scizor|Scizor|Scizorite\n|move|p1a: Dragonite|Dragon Dance|p1a: Dragonite\n|-boost|p1a: Dragonite|atk|1\n|-boost|p1a: Dragonite|spe|1\n|move|p2a: Scizor|Swords Dance|p2a: Scizor\n|-boost|p2a: Scizor|atk|2\n|\n|upkeep\n|turn|18\n|\n|t:|1700050290\n|move|p1a: Dragonite|Dragon Dance|p1a: Dragonite\n|-boost|p1a: Dragonite|atk|1\n|-boost|p1a: Dragonite|spe|1\n|move|p2a: Scizor|Dual Wingbeat|p1a: Dragonite\n|-damage|p1a: Dragonite|73\/100\n|-damage|p1a: Dragonite|18\/100\n|-hitcount|p1a: Dragonite|2\n|\n|upkeep\n|turn|19\n|\n|t:|1700050300\n|move|p1a: Dragonite|Earthquake|p2a: Scizor\n|-damage|p2a: Scizor|24\/100\n|move|p2a: Scizor|Dual Wingbeat|p1a: Dragonite\n|-damage|p1a: Dragonite|0 fnt\n|faint|p1a: Dragonite\n|-hitcount|p1: Dragonite|1\n|\n|-fieldend|move: Psychic Terrain\n|upkeep\n|c| h1rsfr|Ground immune mons pe lga bullet punch\n|\n|t:|1700050305\n|switch|p1a: Buzzwole|Buzzwole|100\/100\n|turn|20\n|\n|t:|1700050310\n|move|p2a: Scizor|Bullet Punch|p1a: Buzzwole\n|-damage|p1a: Buzzwole|56\/100\n|move|p1a: Buzzwole|Earthquake|p2a: Scizor\n|-damage|p2a: Scizor|0 fnt\n|faint|p2a: Scizor\n|-ability|p1a: Buzzwole|Beast Boost|boost\n|-boost|p1a: Buzzwole|atk|1\n|\n|upkeep\n|c|\u2606Krish2278|Mai har gaya\n|\n|t:|1700050324\n|switch|p2a: Tapu Lele|Tapu Lele|27\/100\n|-fieldstart|move: Psychic Terrain|[from] ability: Psychic Surge|[of] p2a: Tapu Lele\n|turn|21\n|\n|t:|1700050329\n|move|p2a: Tapu Lele|Psychic|p1a: Buzzwole\n|-supereffective|p1a: Buzzwole\n|-damage|p1a: Buzzwole|0 fnt\n|faint|p1a: Buzzwole\n|\n|upkeep\n|\n|t:|1700050331\n|switch|p1a: Garganacl|Garganacl, M, tera:Flying|73\/100\n|turn|22\n|\n|t:|1700050340\n|move|p2a: Tapu Lele|Psychic|p1a: Garganacl\n|-damage|p1a: Garganacl|18\/100\n|move|p1a: Garganacl|Recover|p1a: Garganacl\n|-heal|p1a: Garganacl|68\/100\n|\n|-heal|p1a: Garganacl|75\/100|[from] item: Leftovers\n|upkeep\n|turn|23\n|c| h1rsfr|W blaze\n|\n|t:|1700050351\n|move|p2a: Tapu Lele|Psychic|p1a: Garganacl\n|-damage|p1a: Garganacl|22\/100\n|move|p1a: Garganacl|Recover|p1a: Garganacl\n|-heal|p1a: Garganacl|72\/100\n|\n|-heal|p1a: Garganacl|78\/100|[from] item: Leftovers\n|upkeep\n|turn|24\n|\n|t:|1700050360\n|move|p2a: Tapu Lele|Psychic|p1a: Garganacl\n|-damage|p1a: Garganacl|20\/100\n|move|p1a: Garganacl|Recover|p1a: Garganacl\n|-heal|p1a: Garganacl|70\/100\n|\n|-heal|p1a: Garganacl|76\/100|[from] item: Leftovers\n|upkeep\n|turn|25\n|\n|t:|1700050365\n|move|p2a: Tapu Lele|Psychic|p1a: Garganacl\n|-damage|p1a: Garganacl|18\/100\n|move|p1a: Garganacl|Recover|p1a: Garganacl\n|-heal|p1a: Garganacl|68\/100\n|\n|-heal|p1a: Garganacl|74\/100|[from] item: Leftovers\n|-fieldend|move: Psychic Terrain\n|upkeep\n|turn|26\n|\n|t:|1700050371\n|move|p2a: Tapu Lele|Psychic|p1a: Garganacl\n|-damage|p1a: Garganacl|29\/100\n|move|p1a: Garganacl|Salt Cure|p2a: Tapu Lele\n|-damage|p2a: Tapu Lele|5\/100\n|-start|p2a: Tapu Lele|Salt Cure\n|\n|-heal|p1a: Garganacl|36\/100|[from] item: Leftovers\n|-damage|p2a: Tapu Lele|0 fnt|[from] Salt Cure\n|faint|p2a: Tapu Lele\n|upkeep\n|\n|t:|1700050377\n|switch|p2a: Iron Valiant|Iron Valiant|100\/100\n|turn|27\n|c|\u2606Krish2278|Gg\n|\n|t:|1700050383\n|move|p2a: Iron Valiant|Moonblast|p1a: Garganacl\n|-damage|p1a: Garganacl|0 fnt\n|faint|p1a: Garganacl\n|\n|win|Blazzeon\n|c|\u2606Blazzeon|Yeayyy boi\n|l| h1rsfr\n|l|\u2606Krish2278\n","uploadtime":1700051947,"views":4,"p1id":"krish2278","p2id":"blazzeon","formatid":"gen9nationaldex","rating":0,"private":0,"password":""}