{"id":"gen9nationaldex-1991867055","p1":"hexagonereal","p2":"santabarata","format":"[Gen 9] National Dex","log":"|j|\u2606hexagonereal\n|j|\u2606santabarata\n|t:|1700130857\n|gametype|singles\n|player|p1|hexagonereal|cyrus|1283\n|player|p2|santabarata|leon|1252\n|teamsize|p1|6\n|teamsize|p2|6\n|gen|9\n|tier|[Gen 9] National Dex\n|rated|\n|rule|HP Percentage Mod: HP is shown in percentages\n|rule|Endless Battle Clause: Forcing endless battles is banned\n|rule|OHKO Clause: OHKO moves are banned\n|rule|Evasion Clause: Evasion abilities, items, and moves are banned\n|rule|Evasion Abilities Clause: Evasion abilities are banned\n|rule|Evasion Items Clause: Evasion items are banned\n|rule|Evasion Moves Clause: Evasion moves are banned\n|rule|Species Clause: Limit one of each Pok\u00e9mon\n|rule|Sleep Clause Mod: Limit one foe put to sleep\n|clearpoke\n|poke|p1|Grimmsnarl, M|\n|poke|p1|Blaziken, M|\n|poke|p1|Kartana|\n|poke|p1|Gyarados, M|\n|poke|p1|Tapu Lele|\n|poke|p1|Weavile, M|\n|poke|p2|Sableye, M|\n|poke|p2|Chansey, F|\n|poke|p2|Quagsire, M|\n|poke|p2|Skarmory, M|\n|poke|p2|Toxapex, M|\n|poke|p2|Volcarona, F|\n|teampreview\n|inactive|Battle timer is ON: inactive players will automatically lose when time's up. (requested by santabarata)\n|\n|t:|1700130873\n|start\n|switch|p1a: Grimmsnarl|Grimmsnarl, M|100\/100\n|switch|p2a: Sableye|Sableye, M|100\/100\n|turn|1\n|\n|t:|1700130883\n|switch|p1a: Weavile|Weavile, M|100\/100\n|-ability|p1a: Weavile|Pressure\n|detailschange|p2a: Sableye|Sableye-Mega, M\n|-mega|p2a: Sableye|Sableye|Sablenite\n|move|p2a: Sableye|Knock Off|p1a: Weavile\n|-resisted|p1a: Weavile\n|-damage|p1a: Weavile|77\/100\n|-enditem|p1a: Weavile|Heavy-Duty Boots|[from] move: Knock Off|[of] p2a: Sableye\n|\n|upkeep\n|turn|2\n|\n|t:|1700130893\n|move|p1a: Weavile|Triple Axel|p2a: Sableye\n|-damage|p2a: Sableye|92\/100\n|-damage|p2a: Sableye|72\/100\n|-damage|p2a: Sableye|46\/100\n|-hitcount|p2a: Sableye|3\n|move|p2a: Sableye|Will-O-Wisp|p1a: Weavile\n|-status|p1a: Weavile|brn\n|\n|-damage|p1a: Weavile|71\/100 brn|[from] brn\n|upkeep\n|turn|3\n|\n|t:|1700130903\n|move|p1a: Weavile|Swords Dance|p1a: Weavile\n|-boost|p1a: Weavile|atk|2\n|move|p2a: Sableye|Recover|p2a: Sableye\n|-heal|p2a: Sableye|96\/100\n|\n|-damage|p1a: Weavile|65\/100 brn|[from] brn\n|upkeep\n|turn|4\n|\n|t:|1700130907\n|switch|p2a: Quagsire|Quagsire, M|100\/100\n|move|p1a: Weavile|Swords Dance|p1a: Weavile\n|-boost|p1a: Weavile|atk|2\n|\n|-damage|p1a: Weavile|59\/100 brn|[from] brn\n|upkeep\n|turn|5\n|\n|t:|1700130911\n|move|p1a: Weavile|Knock Off|p2a: Quagsire\n|-damage|p2a: Quagsire|84\/100\n|-enditem|p2a: Quagsire|Leftovers|[from] move: Knock Off|[of] p1a: Weavile\n|move|p2a: Quagsire|Scald|p1a: Weavile\n|-damage|p1a: Weavile|33\/100 brn\n|\n|-damage|p1a: Weavile|27\/100 brn|[from] brn\n|upkeep\n|turn|6\n|\n|t:|1700130916\n|move|p1a: Weavile|Triple Axel|p2a: Quagsire\n|-damage|p2a: Quagsire|80\/100\n|-damage|p2a: Quagsire|73\/100\n|-damage|p2a: Quagsire|64\/100\n|-hitcount|p2a: Quagsire|3\n|move|p2a: Quagsire|Earthquake|p1a: Weavile\n|-damage|p1a: Weavile|0 fnt\n|faint|p1a: Weavile\n|\n|upkeep\n|\n|t:|1700130925\n|switch|p1a: Gyarados|Gyarados, M|100\/100\n|-ability|p1a: Gyarados|Intimidate|boost\n|-unboost|p2a: Quagsire|atk|1\n|turn|7\n|\n|t:|1700130931\n|detailschange|p1a: Gyarados|Gyarados-Mega, M\n|-mega|p1a: Gyarados|Gyarados|Gyaradosite\n|-ability|p1a: Gyarados|Mold Breaker\n|move|p1a: Gyarados|Dragon Dance|p1a: Gyarados\n|-boost|p1a: Gyarados|atk|1\n|-boost|p1a: Gyarados|spe|1\n|move|p2a: Quagsire|Scald|p1a: Gyarados\n|-resisted|p1a: Gyarados\n|-damage|p1a: Gyarados|93\/100\n|\n|upkeep\n|turn|8\n|\n|t:|1700130935\n|move|p1a: Gyarados|Crunch|p2a: Quagsire\n|-damage|p2a: Quagsire|8\/100\n|move|p2a: Quagsire|Haze|p2a: Quagsire\n|-clearallboost\n|\n|upkeep\n|turn|9\n|\n|t:|1700130948\n|switch|p2a: Skarmory|Skarmory, M|100\/100\n|move|p1a: Gyarados|Dragon Dance|p1a: Gyarados\n|-boost|p1a: Gyarados|atk|1\n|-boost|p1a: Gyarados|spe|1\n|\n|upkeep\n|turn|10\n|\n|t:|1700130954\n|move|p1a: Gyarados|Waterfall|p2a: Skarmory\n|-damage|p2a: Skarmory|53\/100\n|-damage|p1a: Gyarados|77\/100|[from] item: Rocky Helmet|[of] p2a: Skarmory\n|move|p2a: Skarmory|Body Press|p1a: Gyarados\n|-supereffective|p1a: Gyarados\n|-damage|p1a: Gyarados|14\/100\n|\n|upkeep\n|turn|11\n|\n|t:|1700130961\n|move|p1a: Gyarados|Waterfall|p2a: Skarmory\n|-crit|p2a: Skarmory\n|-damage|p2a: Skarmory|0 fnt\n|-damage|p1a: Gyarados|0 fnt|[from] item: Rocky Helmet|[of] p2a: Skarmory\n|faint|p2a: Skarmory\n|faint|p1a: Gyarados\n|\n|upkeep\n|\n|t:|1700130972\n|switch|p1a: Kartana|Kartana|100\/100\n|switch|p2a: Toxapex|Toxapex, M|100\/100\n|turn|12\n|\n|t:|1700130985\n|switch|p1a: Tapu Lele|Tapu Lele|100\/100\n|-fieldstart|move: Psychic Terrain|[from] ability: Psychic Surge|[of] p1a: Tapu Lele\n|switch|p2a: Volcarona|Volcarona, F|100\/100\n|\n|upkeep\n|turn|13\n|\n|t:|1700130993\n|move|p1a: Tapu Lele|Psyshock|p2a: Volcarona\n|-damage|p2a: Volcarona|49\/100\n|move|p2a: Volcarona|Quiver Dance|p2a: Volcarona\n|-boost|p2a: Volcarona|spa|1\n|-boost|p2a: Volcarona|spd|1\n|-boost|p2a: Volcarona|spe|1\n|\n|upkeep\n|turn|14\n|\n|t:|1700130997\n|move|p1a: Tapu Lele|Psyshock|p2a: Volcarona\n|-damage|p2a: Volcarona|1\/100\n|move|p2a: Volcarona|Flamethrower|p1a: Tapu Lele\n|-damage|p1a: Tapu Lele|37\/100\n|\n|upkeep\n|turn|15\n|\n|t:|1700131000\n|switch|p2a: Sableye|Sableye-Mega, M|96\/100\n|move|p1a: Tapu Lele|Psyshock|p2a: Sableye\n|-immune|p2a: Sableye\n|\n|upkeep\n|turn|16\n|\n|t:|1700131006\n|switch|p1a: Grimmsnarl|Grimmsnarl, M|100\/100\n|move|p2a: Sableye|Knock Off|p1a: Grimmsnarl\n|-resisted|p1a: Grimmsnarl\n|-damage|p1a: Grimmsnarl|92\/100\n|-enditem|p1a: Grimmsnarl|Light Clay|[from] move: Knock Off|[of] p2a: Sableye\n|\n|-fieldend|move: Psychic Terrain\n|upkeep\n|turn|17\n|\n|t:|1700131013\n|switch|p1a: Tapu Lele|Tapu Lele|37\/100\n|-fieldstart|move: Psychic Terrain|[from] ability: Psychic Surge|[of] p1a: Tapu Lele\n|switch|p2a: Quagsire|Quagsire, M|8\/100\n|\n|upkeep\n|turn|18\n|\n|t:|1700131019\n|switch|p2a: Sableye|Sableye-Mega, M|96\/100\n|move|p1a: Tapu Lele|Moonblast|p2a: Sableye\n|-supereffective|p2a: Sableye\n|-damage|p2a: Sableye|26\/100\n|-unboost|p2a: Sableye|spa|1\n|\n|upkeep\n|turn|19\n|\n|t:|1700131023\n|switch|p2a: Chansey|Chansey, F|100\/100\n|move|p1a: Tapu Lele|Moonblast|p2a: Chansey\n|-damage|p2a: Chansey|84\/100\n|\n|upkeep\n|turn|20\n|\n|t:|1700131026\n|move|p1a: Tapu Lele|Moonblast|p2a: Chansey\n|-damage|p2a: Chansey|69\/100\n|move|p2a: Chansey|Stealth Rock|p1a: Tapu Lele\n|-sidestart|p1: hexagonereal|move: Stealth Rock\n|\n|upkeep\n|turn|21\n|\n|t:|1700131030\n|move|p1a: Tapu Lele|Moonblast|p2a: Chansey\n|-damage|p2a: Chansey|53\/100\n|move|p2a: Chansey|Toxic|p1a: Tapu Lele|[miss]\n|-miss|p2a: Chansey|p1a: Tapu Lele\n|\n|-fieldend|move: Psychic Terrain\n|upkeep\n|turn|22\n|\n|t:|1700131038\n|switch|p1a: Kartana|Kartana|100\/100\n|-damage|p1a: Kartana|94\/100|[from] Stealth Rock\n|move|p2a: Chansey|Seismic Toss|p1a: Kartana\n|-damage|p1a: Kartana|56\/100\n|\n|upkeep\n|turn|23\n|\n|t:|1700131045\n|switch|p2a: Volcarona|Volcarona, F|1\/100\n|move|p1a: Kartana|Leaf Blade|p2a: Volcarona\n|-resisted|p2a: Volcarona\n|-crit|p2a: Volcarona\n|-damage|p2a: Volcarona|0 fnt\n|-status|p1a: Kartana|brn|[from] ability: Flame Body|[of] p2a: Volcarona\n|faint|p2a: Volcarona\n|-ability|p1a: Kartana|Beast Boost|boost\n|-boost|p1a: Kartana|atk|1\n|\n|-damage|p1a: Kartana|50\/100 brn|[from] brn\n|upkeep\n|\n|t:|1700131047\n|switch|p2a: Toxapex|Toxapex, M|100\/100\n|turn|24\n|\n|t:|1700131052\n|move|p1a: Kartana|Leaf Blade|p2a: Toxapex\n|-damage|p2a: Toxapex|47\/100\n|move|p2a: Toxapex|Scald|p1a: Kartana\n|-resisted|p1a: Kartana\n|-damage|p1a: Kartana|25\/100 brn\n|\n|-damage|p1a: Kartana|19\/100 brn|[from] brn\n|upkeep\n|turn|25\n|\n|t:|1700131060\n|move|p1a: Kartana|Leaf Blade|p2a: Toxapex\n|-damage|p2a: Toxapex|0 fnt\n|faint|p2a: Toxapex\n|-ability|p1a: Kartana|Beast Boost|boost\n|-boost|p1a: Kartana|atk|1\n|\n|-damage|p1a: Kartana|12\/100 brn|[from] brn\n|upkeep\n|\n|t:|1700131063\n|switch|p2a: Sableye|Sableye-Mega, M|26\/100\n|turn|26\n|\n|t:|1700131066\n|move|p2a: Sableye|Protect|p2a: Sableye\n|-singleturn|p2a: Sableye|Protect\n|move|p1a: Kartana|Leaf Blade|p2a: Sableye\n|-activate|p2a: Sableye|move: Protect\n|\n|-damage|p1a: Kartana|6\/100 brn|[from] brn\n|upkeep\n|turn|27\n|\n|t:|1700131069\n|switch|p2a: Quagsire|Quagsire, M|8\/100\n|move|p1a: Kartana|Leaf Blade|p2a: Quagsire\n|-supereffective|p2a: Quagsire\n|-damage|p2a: Quagsire|0 fnt\n|faint|p2a: Quagsire\n|-ability|p1a: Kartana|Beast Boost|boost\n|-boost|p1a: Kartana|atk|1\n|\n|-damage|p1a: Kartana|0 fnt|[from] brn\n|faint|p1a: Kartana\n|upkeep\n|\n|t:|1700131075\n|switch|p1a: Tapu Lele|Tapu Lele|37\/100\n|switch|p2a: Chansey|Chansey, F|53\/100\n|-damage|p1a: Tapu Lele|25\/100|[from] Stealth Rock\n|-fieldstart|move: Psychic Terrain|[from] ability: Psychic Surge|[of] p1a: Tapu Lele\n|turn|28\n|\n|t:|1700131080\n|move|p1a: Tapu Lele|Moonblast|p2a: Chansey\n|-damage|p2a: Chansey|38\/100\n|move|p2a: Chansey|Soft-Boiled|p2a: Chansey\n|-heal|p2a: Chansey|88\/100\n|\n|upkeep\n|turn|29\n|\n|t:|1700131084\n|switch|p1a: Grimmsnarl|Grimmsnarl, M|92\/100\n|-damage|p1a: Grimmsnarl|79\/100|[from] Stealth Rock\n|-terastallize|p2a: Chansey|Normal\n|move|p2a: Chansey|Seismic Toss|p1a: Grimmsnarl\n|-damage|p1a: Grimmsnarl|54\/100\n|\n|upkeep\n|turn|30\n|\n|t:|1700131087\n|move|p1a: Grimmsnarl|Taunt|p2a: Chansey\n|-activate|p2a: Chansey|move: Psychic Terrain\n|move|p2a: Chansey|Toxic|p1a: Grimmsnarl\n|-status|p1a: Grimmsnarl|tox\n|\n|-damage|p1a: Grimmsnarl|48\/100 tox|[from] psn\n|upkeep\n|turn|31\n|\n|t:|1700131094\n|switch|p1a: Tapu Lele|Tapu Lele|25\/100\n|-damage|p1a: Tapu Lele|12\/100|[from] Stealth Rock\n|move|p2a: Chansey|Seismic Toss|p1a: Tapu Lele\n|-damage|p1a: Tapu Lele|0 fnt\n|faint|p1a: Tapu Lele\n|\n|upkeep\n|\n|t:|1700131109\n|switch|p1a: Blaziken|Blaziken, M|100\/100\n|-damage|p1a: Blaziken|88\/100|[from] Stealth Rock\n|turn|32\n|\n|t:|1700131125\n|move|p1a: Blaziken|Swords Dance|p1a: Blaziken\n|-boost|p1a: Blaziken|atk|2\n|move|p2a: Chansey|Toxic|p1a: Blaziken|[miss]\n|-miss|p2a: Chansey|p1a: Blaziken\n|\n|-fieldend|move: Psychic Terrain\n|-ability|p1a: Blaziken|Speed Boost|boost\n|-boost|p1a: Blaziken|spe|1\n|upkeep\n|turn|33\n|\n|t:|1700131131\n|move|p1a: Blaziken|Flare Blitz|p2a: Chansey\n|-damage|p2a: Chansey|0 fnt\n|faint|p2a: Chansey\n|-damage|p1a: Blaziken|21\/100|[from] Recoil\n|\n|-ability|p1a: Blaziken|Speed Boost|boost\n|-boost|p1a: Blaziken|spe|1\n|upkeep\n|\n|t:|1700131132\n|switch|p2a: Sableye|Sableye-Mega, M|26\/100\n|turn|34\n|\n|t:|1700131135\n|move|p2a: Sableye|Protect|p2a: Sableye\n|-singleturn|p2a: Sableye|Protect\n|move|p1a: Blaziken|Flare Blitz|p2a: Sableye\n|-activate|p2a: Sableye|move: Protect\n|\n|-ability|p1a: Blaziken|Speed Boost|boost\n|-boost|p1a: Blaziken|spe|1\n|upkeep\n|turn|35\n|\n|t:|1700131137\n|move|p1a: Blaziken|Flare Blitz|p2a: Sableye\n|-damage|p2a: Sableye|0 fnt\n|faint|p2a: Sableye\n|-damage|p1a: Blaziken|12\/100|[from] Recoil\n|\n|win|hexagonereal\n|raw|hexagonereal's rating: 1283 &rarr; <strong>1306<\/strong><br \/>(+23 for winning)\n|raw|santabarata's rating: 1252 &rarr; <strong>1229<\/strong><br \/>(-23 for losing)\n|l|\u2606santabarata\n","uploadtime":1700131144,"views":5,"p1id":"hexagonereal","p2id":"santabarata","formatid":"gen9nationaldex","rating":1229,"private":0,"password":""}