{"id":"gen9nationaldex-1987329220","p1":"Adgio","p2":"gotroll","format":"[Gen 9] National Dex","log":"|j|\u2606Adgio\n|j|\u2606gotroll\n|inactive|Battle timer is ON: inactive players will automatically lose when time's up.\n|t:|1699578140\n|gametype|singles\n|player|p1|Adgio|archer|\n|player|p2|gotroll|ash|\n|teamsize|p1|6\n|teamsize|p2|6\n|gen|9\n|tier|[Gen 9] National Dex\n|rated|Tournament battle\n|rule|HP Percentage Mod: HP is shown in percentages\n|rule|Endless Battle Clause: Forcing endless battles is banned\n|rule|OHKO Clause: OHKO moves are banned\n|rule|Evasion Clause: Evasion abilities, items, and moves are banned\n|rule|Evasion Abilities Clause: Evasion abilities are banned\n|rule|Evasion Items Clause: Evasion items are banned\n|rule|Evasion Moves Clause: Evasion moves are banned\n|rule|Species Clause: Limit one of each Pok\u00e9mon\n|rule|Sleep Clause Mod: Limit one foe put to sleep\n|clearpoke\n|poke|p1|Scolipede, F|\n|poke|p1|Goodra, F|\n|poke|p1|Celesteela|\n|poke|p1|Zeraora|\n|poke|p1|Volcarona, F|\n|poke|p1|Lopunny, F|\n|poke|p2|Iron Treads|\n|poke|p2|Iron Valiant|\n|poke|p2|Sneasler, M|\n|poke|p2|Urshifu-*, F|\n|poke|p2|Tapu Lele|\n|poke|p2|Charizard, M|\n|teampreview\n|inactive|Adgio also wants the timer to be on.\n|j| amir342\n|l| amir342\n|\n|t:|1699578158\n|start\n|switch|p1a: Scolipede|Scolipede, F|100\/100\n|switch|p2a: Magic Time|Tapu Lele, shiny|100\/100\n|-fieldstart|move: Psychic Terrain|[from] ability: Psychic Surge|[of] p2a: Magic Time\n|turn|1\n|j| HiedraEnHalloween\n|\n|t:|1699578176\n|switch|p2a: ScrewAttack|Sneasler, M, shiny|100\/100\n|-enditem|p2a: ScrewAttack|Psychic Seed\n|-boost|p2a: ScrewAttack|spd|1|[from] item: Psychic Seed\n|move|p1a: Scolipede|Spikes|p2a: ScrewAttack\n|-sidestart|p2: gotroll|Spikes\n|\n|-ability|p1a: Scolipede|Speed Boost|boost\n|-boost|p1a: Scolipede|spe|1\n|upkeep\n|turn|2\n|c| HiedraEnHalloween|Vamos cari\u00f1o\n|\n|t:|1699578192\n|move|p2a: ScrewAttack|Swords Dance|p2a: ScrewAttack\n|-boost|p2a: ScrewAttack|atk|2\n|move|p1a: Scolipede|Spikes|p2a: ScrewAttack\n|-sidestart|p2: gotroll|Spikes\n|\n|-ability|p1a: Scolipede|Speed Boost|boost\n|-boost|p1a: Scolipede|spe|1\n|upkeep\n|turn|3\n|\n|t:|1699578196\n|-terastallize|p2a: ScrewAttack|Flying\n|move|p2a: ScrewAttack|Acrobatics|p1a: Scolipede\n|-supereffective|p1a: Scolipede\n|-enditem|p1a: Scolipede|Focus Sash\n|-damage|p1a: Scolipede|1\/100\n|move|p1a: Scolipede|Spikes|p2a: ScrewAttack\n|-sidestart|p2: gotroll|Spikes\n|\n|-ability|p1a: Scolipede|Speed Boost|boost\n|-boost|p1a: Scolipede|spe|1\n|upkeep\n|turn|4\n|j| BakuDekuNOTfan\n|\n|t:|1699578207\n|move|p1a: Scolipede|Endeavor|p2a: ScrewAttack\n|-damage|p2a: ScrewAttack|1\/100\n|move|p2a: ScrewAttack|Acrobatics|p1a: Scolipede\n|-supereffective|p1a: Scolipede\n|-damage|p1a: Scolipede|0 fnt\n|faint|p1a: Scolipede\n|\n|upkeep\n|\n|t:|1699578213\n|switch|p1a: Celesteela|Celesteela|100\/100\n|turn|5\n|\n|t:|1699578220\n|move|p2a: ScrewAttack|Close Combat|p1a: Celesteela\n|-damage|p1a: Celesteela|29\/100\n|-unboost|p2a: ScrewAttack|def|1\n|-unboost|p2a: ScrewAttack|spd|1\n|move|p1a: Celesteela|Air Slash|p2a: ScrewAttack\n|-damage|p2a: ScrewAttack|0 fnt\n|faint|p2a: ScrewAttack\n|-ability|p1a: Celesteela|Beast Boost|boost\n|-boost|p1a: Celesteela|def|1\n|\n|-heal|p1a: Celesteela|35\/100|[from] item: Leftovers\n|-fieldend|move: Psychic Terrain\n|upkeep\n|\n|t:|1699578228\n|switch|p2a: Cross|Charizard, M|100\/100\n|turn|6\n|c| BakuDekuNOTfan|Tu puedes gotroll!!!!!\n|\n|t:|1699578237\n|detailschange|p2a: Cross|Charizard-Mega-X, M\n|-mega|p2a: Cross|Charizard|Charizardite X\n|move|p2a: Cross|Dragon Dance|p2a: Cross\n|-boost|p2a: Cross|atk|1\n|-boost|p2a: Cross|spe|1\n|move|p1a: Celesteela|Toxic|p2a: Cross\n|-status|p2a: Cross|tox\n|\n|-heal|p1a: Celesteela|41\/100|[from] item: Leftovers\n|-damage|p2a: Cross|94\/100 tox|[from] psn\n|upkeep\n|turn|7\n|c| BakuDekuNOTfan|CONFIO EN TI HERMANO!!!\n|\n|t:|1699578244\n|move|p1a: Celesteela|Protect|p1a: Celesteela\n|-singleturn|p1a: Celesteela|Protect\n|move|p2a: Cross|Flare Blitz|p1a: Celesteela\n|-activate|p1a: Celesteela|move: Protect\n|\n|-heal|p1a: Celesteela|47\/100|[from] item: Leftovers\n|-damage|p2a: Cross|82\/100 tox|[from] psn\n|upkeep\n|turn|8\n|c| HiedraEnHalloween|Gotroll es mi novio\n|j| JuanTz\n|\n|t:|1699578266\n|switch|p1a: Goodra|Goodra, F|100\/100\n|move|p2a: Cross|Flare Blitz|p1a: Goodra\n|-resisted|p1a: Goodra\n|-damage|p1a: Goodra|19\/100\n|-damage|p2a: Cross|47\/100 tox|[from] Recoil\n|\n|-damage|p2a: Cross|29\/100 tox|[from] psn\n|upkeep\n|turn|9\n|c| BakuDekuNOTfan|Y A MI QUE?\n|\n|t:|1699578279\n|move|p2a: Cross|Flare Blitz|p1a: Goodra\n|-resisted|p1a: Goodra\n|-damage|p1a: Goodra|0 fnt\n|faint|p1a: Goodra\n|-damage|p2a: Cross|21\/100 tox|[from] Recoil\n|\n|-damage|p2a: Cross|0 fnt|[from] psn\n|faint|p2a: Cross\n|upkeep\n|c| BakuDekuNOTfan|DALE GOTROLL TU PUEDES BROTHER!!\n|c| HiedraEnHalloween|No le hables as\u00ed soy celosa\n|\n|t:|1699578290\n|switch|p2a: Magic Time|Tapu Lele, shiny|100\/100\n|switch|p1a: Zeraora|Zeraora|100\/100\n|-damage|p2a: Magic Time|76\/100|[from] Spikes\n|-fieldstart|move: Psychic Terrain|[from] ability: Psychic Surge|[of] p2a: Magic Time\n|turn|10\n|\n|t:|1699578297\n|move|p2a: Magic Time|Psychic|p1a: Zeraora\n|-damage|p1a: Zeraora|20\/100\n|move|p1a: Zeraora|Plasma Fists|p2a: Magic Time\n|-damage|p2a: Magic Time|0 fnt\n|-fieldactivate|move: Ion Deluge\n|-hint|Normal-type moves become Electric-type after using Plasma Fists.\n|faint|p2a: Magic Time\n|\n|-heal|p1a: Zeraora|26\/100|[from] item: Leftovers\n|upkeep\n|c| BakuDekuNOTfan|ME VALE SI ERES O NO ERES\n|\n|t:|1699578306\n|switch|p2a: Claws Order|Iron Treads|100\/100\n|-damage|p2a: Claws Order|76\/100|[from] Spikes\n|-enditem|p2a: Claws Order|Booster Energy\n|-activate|p2a: Claws Order|ability: Quark Drive|[fromitem]\n|-start|p2a: Claws Order|quarkdrivespe\n|turn|11\n|c| BakuDekuNOTfan|CONFIO EN TI!\n|\n|t:|1699578315\n|-terastallize|p1a: Zeraora|Flying\n|move|p2a: Claws Order|Body Press|p1a: Zeraora\n|-resisted|p1a: Zeraora\n|-damage|p1a: Zeraora|11\/100\n|move|p1a: Zeraora|Drain Punch|p2a: Claws Order\n|-supereffective|p2a: Claws Order\n|-damage|p2a: Claws Order|42\/100\n|-heal|p1a: Zeraora|31\/100|[from] drain|[of] p2a: Claws Order\n|\n|-heal|p1a: Zeraora|37\/100|[from] item: Leftovers\n|upkeep\n|turn|12\n|\n|t:|1699578329\n|move|p2a: Claws Order|Rapid Spin|p1a: Zeraora\n|-damage|p1a: Zeraora|21\/100\n|-boost|p2a: Claws Order|spe|1\n|-sideend|p2: gotroll|Spikes|[from] move: Rapid Spin|[of] p2a: Claws Order\n|move|p1a: Zeraora|Drain Punch|p2a: Claws Order\n|-supereffective|p2a: Claws Order\n|-damage|p2a: Claws Order|10\/100\n|-heal|p1a: Zeraora|40\/100|[from] drain|[of] p2a: Claws Order\n|\n|-heal|p1a: Zeraora|46\/100|[from] item: Leftovers\n|upkeep\n|turn|13\n|c|\u2606gotroll|valla cague\n|\n|t:|1699578344\n|move|p2a: Claws Order|Body Press|p1a: Zeraora\n|-resisted|p1a: Zeraora\n|-damage|p1a: Zeraora|30\/100\n|move|p1a: Zeraora|Drain Punch|p2a: Claws Order\n|-supereffective|p2a: Claws Order\n|-damage|p2a: Claws Order|0 fnt\n|-heal|p1a: Zeraora|36\/100|[from] drain|[of] p2a: Claws Order\n|faint|p2a: Claws Order\n|-end|p2a: Claws Order|Quark Drive|[silent]\n|\n|-heal|p1a: Zeraora|42\/100|[from] item: Leftovers\n|upkeep\n|\n|t:|1699578352\n|switch|p2a: Shield Knight|Iron Valiant|100\/100\n|-enditem|p2a: Shield Knight|Booster Energy\n|-activate|p2a: Shield Knight|ability: Quark Drive|[fromitem]\n|-start|p2a: Shield Knight|quarkdrivespe\n|turn|14\n|c| BakuDekuNOTfan|NO DIGA ESO MASTER\n|\n|t:|1699578363\n|move|p2a: Shield Knight|Calm Mind|p2a: Shield Knight\n|-boost|p2a: Shield Knight|spa|1\n|-boost|p2a: Shield Knight|spd|1\n|move|p1a: Zeraora|Plasma Fists|p2a: Shield Knight\n|-damage|p2a: Shield Knight|39\/100\n|-fieldactivate|move: Ion Deluge\n|-hint|Normal-type moves become Electric-type after using Plasma Fists.\n|\n|-heal|p1a: Zeraora|48\/100|[from] item: Leftovers\n|-fieldend|move: Psychic Terrain\n|upkeep\n|turn|15\n|c| BakuDekuNOTfan|USTED PUEDE!!!\n|l| JuanTz\n|\n|t:|1699578370\n|move|p2a: Shield Knight|Psychic|p1a: Zeraora\n|-damage|p1a: Zeraora|0 fnt\n|faint|p1a: Zeraora\n|\n|upkeep\n|\n|t:|1699578372\n|switch|p1a: Lopunny|Lopunny, F|100\/100\n|turn|16\n|\n|t:|1699578380\n|detailschange|p1a: Lopunny|Lopunny-Mega, F\n|-mega|p1a: Lopunny|Lopunny|Lopunnite\n|move|p1a: Lopunny|Fake Out|p2a: Shield Knight\n|-damage|p2a: Shield Knight|10\/100\n|cant|p2a: Shield Knight|flinch\n|\n|upkeep\n|turn|17\n|\n|t:|1699578387\n|move|p1a: Lopunny|Quick Attack|p2a: Shield Knight\n|-damage|p2a: Shield Knight|0 fnt\n|faint|p2a: Shield Knight\n|-end|p2a: Shield Knight|Quark Drive|[silent]\n|\n|upkeep\n|\n|t:|1699578392\n|switch|p2a: rocky|Urshifu-Rapid-Strike, F|100\/100\n|turn|18\n|c| BakuDekuNOTfan|NO SE RINDA\n|\n|t:|1699578398\n|switch|p1a: Celesteela|Celesteela|47\/100\n|move|p2a: rocky|Trailblaze|p1a: Celesteela\n|-resisted|p1a: Celesteela\n|-damage|p1a: Celesteela|44\/100\n|-boost|p2a: rocky|spe|1\n|-damage|p2a: rocky|91\/100|[from] item: Life Orb\n|\n|-heal|p1a: Celesteela|50\/100|[from] item: Leftovers\n|upkeep\n|turn|19\n|c| BakuDekuNOTfan|USTES PUEDE!!!\n|\n|t:|1699578407\n|move|p2a: rocky|Close Combat|p1a: Celesteela\n|-damage|p1a: Celesteela|3\/100\n|-unboost|p2a: rocky|def|1\n|-unboost|p2a: rocky|spd|1\n|-damage|p2a: rocky|81\/100|[from] item: Life Orb\n|move|p1a: Celesteela|Toxic|p2a: rocky\n|-status|p2a: rocky|tox\n|\n|-heal|p1a: Celesteela|9\/100|[from] item: Leftovers\n|-damage|p2a: rocky|74\/100 tox|[from] psn\n|upkeep\n|turn|20\n|\n|t:|1699578411\n|move|p1a: Celesteela|Protect|p1a: Celesteela\n|-singleturn|p1a: Celesteela|Protect\n|move|p2a: rocky|Surging Strikes|p1a: Celesteela\n|-crit|p1a: Celesteela\n|-damage|p1a: Celesteela|0 fnt\n|faint|p1a: Celesteela\n|-hitcount|p1: Celesteela|1\n|-damage|p2a: rocky|64\/100 tox|[from] item: Life Orb\n|\n|-damage|p2a: rocky|52\/100 tox|[from] psn\n|upkeep\n|\n|t:|1699578414\n|switch|p1a: Lopunny|Lopunny-Mega, F|100\/100\n|turn|21\n|\n|t:|1699578420\n|move|p1a: Lopunny|Fake Out|p2a: rocky\n|-damage|p2a: rocky|21\/100 tox\n|cant|p2a: rocky|flinch\n|\n|-damage|p2a: rocky|3\/100 tox|[from] psn\n|upkeep\n|turn|22\n|\n|t:|1699578424\n|move|p2a: rocky|Aqua Jet|p1a: Lopunny\n|-damage|p1a: Lopunny|65\/100\n|-damage|p2a: rocky|0 fnt|[from] item: Life Orb\n|faint|p2a: rocky\n|\n|win|Adgio\n|n|\u2606Adgio|adgio\n|n|\u2606gotroll|gotroll\n|n| HiedraEnHalloween|hiedraenhalloween\n|n| BakuDekuNOTfan|bakudekunotfan\n","uploadtime":1699578426,"views":15,"p1id":"adgio","p2id":"gotroll","formatid":"gen9nationaldex","rating":0,"private":0,"password":""}