{"id":"gen9nationaldex-1988562615","p1":"ThisIsFairRight?","p2":"female charizard","format":"[Gen 9] National Dex","log":"|j|\u2606ThisIsFairRight?\n|j|\u2606female charizard\n|t:|1699736428\n|gametype|singles\n|player|p1|ThisIsFairRight?|worker-lgpe|1103\n|player|p2|female charizard|170|1155\n|teamsize|p1|6\n|teamsize|p2|6\n|gen|9\n|tier|[Gen 9] National Dex\n|rated|\n|rule|HP Percentage Mod: HP is shown in percentages\n|rule|Endless Battle Clause: Forcing endless battles is banned\n|rule|OHKO Clause: OHKO moves are banned\n|rule|Evasion Clause: Evasion abilities, items, and moves are banned\n|rule|Evasion Abilities Clause: Evasion abilities are banned\n|rule|Evasion Items Clause: Evasion items are banned\n|rule|Evasion Moves Clause: Evasion moves are banned\n|rule|Species Clause: Limit one of each Pok\u00e9mon\n|rule|Sleep Clause Mod: Limit one foe put to sleep\n|clearpoke\n|poke|p1|Kyurem|\n|poke|p1|Necrozma|\n|poke|p1|Diancie|\n|poke|p1|Landorus-Therian, M|\n|poke|p1|Urshifu-*, M|\n|poke|p1|Ogerpon, F|\n|poke|p2|Rampardos, M|\n|poke|p2|Scream Tail|\n|poke|p2|Slowking, M|\n|poke|p2|Stakataka|\n|poke|p2|Gigalith, F|\n|poke|p2|Electrode-Hisui|\n|teampreview\n|\n|t:|1699736436\n|start\n|switch|p1a: This is fine|Kyurem|100\/100\n|switch|p2a: fear and anger|Electrode-Hisui|100\/100\n|-ability|p1a: This is fine|Pressure\n|turn|1\n|\n|t:|1699736442\n|move|p2a: fear and anger|Substitute|p2a: fear and anger\n|-start|p2a: fear and anger|Substitute\n|-damage|p2a: fear and anger|76\/100\n|move|p1a: This is fine|Dragon Dance|p1a: This is fine\n|-boost|p1a: This is fine|atk|1\n|-boost|p1a: This is fine|spe|1\n|\n|-heal|p2a: fear and anger|82\/100|[from] item: Leftovers\n|upkeep\n|turn|2\n|j| it's ogrepon\n|\n|t:|1699736448\n|move|p2a: fear and anger|Leech Seed|p1a: This is fine\n|-start|p1a: This is fine|move: Leech Seed\n|move|p1a: This is fine|Icicle Spear|p2a: fear and anger\n|-supereffective|p2a: fear and anger\n|-end|p2a: fear and anger|Substitute\n|-supereffective|p2a: fear and anger\n|-damage|p2a: fear and anger|10\/100\n|-supereffective|p2a: fear and anger\n|-damage|p2a: fear and anger|0 fnt\n|faint|p2a: fear and anger\n|-hitcount|p2: fear and anger|3\n|\n|upkeep\n|j| snugglesnfluff\n|\n|t:|1699736456\n|switch|p2a: too anxious >.<|Stakataka|100\/100\n|turn|3\n|\n|t:|1699736463\n|switch|p1a: Couldent be better|Landorus-Therian, M|100\/100\n|-ability|p1a: Couldent be better|Intimidate|boost\n|-unboost|p2a: too anxious >.<|atk|1\n|move|p2a: too anxious >.<|Trick Room|p2a: too anxious >.<\n|-fieldstart|move: Trick Room|[of] p2a: too anxious >.<\n|\n|upkeep\n|turn|4\n|j| imbleach\n|\n|t:|1699736472\n|-terastallize|p2a: too anxious >.<|Flying\n|move|p2a: too anxious >.<|Gyro Ball|p1a: Couldent be better\n|-damage|p1a: Couldent be better|8\/100\n|-damage|p2a: too anxious >.<|91\/100|[from] item: Life Orb\n|move|p1a: Couldent be better|U-turn|p2a: too anxious >.<\n|-resisted|p2a: too anxious >.<\n|-damage|p2a: too anxious >.<|83\/100\n|\n|t:|1699736483\n|switch|p1a: Totally fine|Necrozma|100\/100|[from] U-turn\n|\n|upkeep\n|turn|5\n|\n|t:|1699736487\n|-terastallize|p1a: Totally fine|Steel\n|move|p2a: too anxious >.<|Gyro Ball|p1a: Totally fine\n|-resisted|p1a: Totally fine\n|-damage|p1a: Totally fine|66\/100\n|-damage|p2a: too anxious >.<|73\/100|[from] item: Life Orb\n|move|p1a: Totally fine|Photon Geyser|p2a: too anxious >.<\n|-damage|p2a: too anxious >.<|31\/100\n|-damage|p1a: Totally fine|56\/100|[from] item: Life Orb\n|\n|upkeep\n|turn|6\n|\n|t:|1699736497\n|move|p2a: too anxious >.<|Superpower|p1a: Totally fine\n|-supereffective|p1a: Totally fine\n|-damage|p1a: Totally fine|0 fnt\n|-unboost|p2a: too anxious >.<|atk|1\n|-unboost|p2a: too anxious >.<|def|1\n|faint|p1a: Totally fine\n|-ability|p2a: too anxious >.<|Beast Boost|boost\n|-boost|p2a: too anxious >.<|atk|1\n|-damage|p2a: too anxious >.<|21\/100|[from] item: Life Orb\n|\n|upkeep\n|\n|t:|1699736504\n|switch|p1a: Couldent be better|Landorus-Therian, M|8\/100\n|-ability|p1a: Couldent be better|Intimidate|boost\n|-unboost|p2a: too anxious >.<|atk|1\n|turn|7\n|\n|t:|1699736508\n|move|p2a: too anxious >.<|Gyro Ball|p1a: Couldent be better\n|-damage|p1a: Couldent be better|0 fnt\n|faint|p1a: Couldent be better\n|-ability|p2a: too anxious >.<|Beast Boost|boost\n|-boost|p2a: too anxious >.<|atk|1\n|-damage|p2a: too anxious >.<|11\/100|[from] item: Life Orb\n|\n|-fieldend|move: Trick Room\n|upkeep\n|j| kung fu pokechu\n|\n|t:|1699736515\n|switch|p1a: Yup|Urshifu-Rapid-Strike, M|100\/100\n|turn|8\n|\n|t:|1699736524\n|move|p1a: Yup|Surging Strikes|p2a: too anxious >.<\n|-crit|p2a: too anxious >.<\n|-damage|p2a: too anxious >.<|0 fnt\n|faint|p2a: too anxious >.<\n|-hitcount|p2: too anxious >.<|1\n|\n|upkeep\n|\n|t:|1699736532\n|switch|p2a: it was this|Slowking, M|100\/100\n|turn|9\n|\n|t:|1699736540\n|switch|p1a: This is fine|Kyurem|100\/100\n|-ability|p1a: This is fine|Pressure\n|move|p2a: it was this|Future Sight|p1a: This is fine\n|-start|p2a: it was this|move: Future Sight\n|\n|upkeep\n|turn|10\n|\n|t:|1699736551\n|switch|p2a: ur divorced uncle|Rampardos, M|100\/100\n|move|p1a: This is fine|Dragon Dance|p1a: This is fine\n|-boost|p1a: This is fine|atk|1\n|-boost|p1a: This is fine|spe|1\n|\n|upkeep\n|turn|11\n|\n|t:|1699736557\n|move|p1a: This is fine|Icicle Spear|p2a: ur divorced uncle\n|-crit|p2a: ur divorced uncle\n|-damage|p2a: ur divorced uncle|48\/100\n|-crit|p2a: ur divorced uncle\n|-damage|p2a: ur divorced uncle|0 fnt\n|faint|p2a: ur divorced uncle\n|-hitcount|p2: ur divorced uncle|2\n|\n|-end|p1a: This is fine|move: Future Sight\n|-damage|p1a: This is fine|42\/100\n|upkeep\n|c|\u2606ThisIsFairRight?|wow lucky\n|\n|t:|1699736573\n|switch|p2a: it was this|Slowking, M|100\/100\n|turn|12\n|\n|t:|1699736584\n|move|p1a: This is fine|Dragon Claw|p2a: it was this\n|-damage|p2a: it was this|28\/100\n|move|p2a: it was this|Flamethrower|p1a: This is fine\n|-damage|p1a: This is fine|1\/100\n|\n|upkeep\n|turn|13\n|\n|t:|1699736590\n|switch|p2a: tay tay|Scream Tail|100\/100\n|move|p1a: This is fine|Dragon Claw|p2a: tay tay\n|-immune|p2a: tay tay\n|\n|upkeep\n|turn|14\n|\n|t:|1699736606\n|move|p1a: This is fine|Icicle Spear|p2a: tay tay\n|-damage|p2a: tay tay|83\/100\n|-damage|p2a: tay tay|65\/100\n|-damage|p2a: tay tay|48\/100\n|-damage|p2a: tay tay|29\/100\n|-damage|p2a: tay tay|11\/100\n|-hitcount|p2a: tay tay|5\n|move|p2a: tay tay|Flamethrower|p1a: This is fine\n|-crit|p1a: This is fine\n|-damage|p1a: This is fine|0 fnt\n|faint|p1a: This is fine\n|\n|upkeep\n|\n|t:|1699736615\n|switch|p1a: This is great|Ogerpon, F|100\/100\n|turn|15\n|\n|t:|1699736620\n|move|p2a: tay tay|Boomburst|p1a: This is great\n|-damage|p1a: This is great|71\/100\n|-enditem|p2a: tay tay|Throat Spray\n|-boost|p2a: tay tay|spa|1|[from] item: Throat Spray\n|move|p1a: This is great|Ivy Cudgel|p2a: tay tay\n|-damage|p2a: tay tay|0 fnt\n|faint|p2a: tay tay\n|-end|p2a: tay tay|Protosynthesis|[silent]\n|-damage|p1a: This is great|61\/100|[from] item: Life Orb\n|\n|upkeep\n|\n|t:|1699736630\n|switch|p2a: ROULETTE ROCK|Gigalith, F|100\/100\n|turn|16\n|\n|t:|1699736632\n|move|p1a: This is great|Ivy Cudgel|p2a: ROULETTE ROCK\n|-supereffective|p2a: ROULETTE ROCK\n|-ability|p2a: ROULETTE ROCK|Sturdy\n|-damage|p2a: ROULETTE ROCK|1\/100\n|-enditem|p2a: ROULETTE ROCK|Red Card|[of] p1a: This is great\n|drag|p1a: Yup|Urshifu-Rapid-Strike, M|100\/100\n|move|p2a: ROULETTE ROCK|Explosion|p1a: Yup\n|-damage|p1a: Yup|0 fnt\n|faint|p2a: ROULETTE ROCK\n|faint|p1a: Yup\n|\n|upkeep\n|\n|t:|1699736637\n|switch|p1a: This is great|Ogerpon, F|61\/100\n|switch|p2a: it was this|Slowking, M|61\/100\n|turn|17\n|c|\u2606ThisIsFairRight?|ggs\n|-message|ThisIsFairRight? forfeited.\n|\n|win|female charizard\n|raw|ThisIsFairRight?'s rating: 1103 &rarr; <strong>1082<\/strong><br \/>(-21 for losing)\n|raw|female charizard's rating: 1155 &rarr; <strong>1176<\/strong><br \/>(+21 for winning)\n|c|\u2606ThisIsFairRight?|I'm not that guy\n|l|\u2606ThisIsFairRight?\n","uploadtime":1699736666,"views":4,"p1id":"thisisfairright","p2id":"femalecharizard","formatid":"gen9nationaldex","rating":1082,"private":0,"password":""}