{"id":"gen9nationaldex-1992656544","p1":"Qwesdfcvb8","p2":"ouxiaonengshou","format":"[Gen 9] National Dex","log":"|j|\u2606Qwesdfcvb8\n|j|\u2606ouxiaonengshou\n|t:|1700221283\n|gametype|singles\n|player|p1|Qwesdfcvb8|steven|1093\n|player|p2|ouxiaonengshou|iris-gen5bw2|1049\n|teamsize|p1|6\n|teamsize|p2|6\n|gen|9\n|tier|[Gen 9] National Dex\n|rated|\n|rule|HP Percentage Mod: HP is shown in percentages\n|rule|Endless Battle Clause: Forcing endless battles is banned\n|rule|OHKO Clause: OHKO moves are banned\n|rule|Evasion Clause: Evasion abilities, items, and moves are banned\n|rule|Evasion Abilities Clause: Evasion abilities are banned\n|rule|Evasion Items Clause: Evasion items are banned\n|rule|Evasion Moves Clause: Evasion moves are banned\n|rule|Species Clause: Limit one of each Pok\u00e9mon\n|rule|Sleep Clause Mod: Limit one foe put to sleep\n|clearpoke\n|poke|p1|Mienshao, M|\n|poke|p1|Jolteon, F|\n|poke|p1|Coalossal, M|\n|poke|p1|Altaria, F|\n|poke|p1|Primarina, F|\n|poke|p1|Greedent, F|\n|poke|p2|Sudowoodo, M|\n|poke|p2|Shiftry, F|\n|poke|p2|Corviknight, F|\n|poke|p2|Swampert, F|\n|poke|p2|Pelipper, F|\n|poke|p2|Ogerpon, F|\n|teampreview\n|\n|t:|1700221289\n|start\n|switch|p1a: Coalossal|Coalossal, M|100\/100\n|switch|p2a: Corviknight|Corviknight, F, shiny|100\/100\n|turn|1\n|inactive|Battle timer is ON: inactive players will automatically lose when time's up. (requested by ouxiaonengshou)\n|\n|t:|1700221313\n|switch|p2a: Pelipper|Pelipper, F|100\/100\n|-weather|RainDance|[from] ability: Drizzle|[of] p2a: Pelipper\n|move|p1a: Coalossal|Stealth Rock|p2a: Pelipper\n|-sidestart|p2: ouxiaonengshou|move: Stealth Rock\n|\n|-weather|RainDance|[upkeep]\n|upkeep\n|turn|2\n|\n|t:|1700221337\n|switch|p1a: Greedent|Greedent, F|100\/100\n|move|p2a: Pelipper|Defog|p1a: Greedent\n|-unboost|p1a: Greedent|evasion|1\n|-sideend|p2: ouxiaonengshou|Stealth Rock|[from] move: Defog|[of] p2a: Pelipper\n|\n|-weather|RainDance|[upkeep]\n|upkeep\n|turn|3\n|j| jsj2679\n|l| jsj2679\n|\n|t:|1700221350\n|move|p2a: Pelipper|U-turn|p1a: Greedent\n|-damage|p1a: Greedent|94\/100\n|\n|t:|1700221354\n|switch|p2a: Shiftry|Shiftry, F, shiny|100\/100|[from] U-turn\n|move|p1a: Greedent|Swords Dance|p1a: Greedent\n|-boost|p1a: Greedent|atk|2\n|\n|-weather|RainDance|[upkeep]\n|upkeep\n|turn|4\n|\n|t:|1700221367\n|move|p2a: Shiftry|Knock Off|p1a: Greedent\n|-damage|p1a: Greedent|60\/100\n|-enditem|p1a: Greedent|Sitrus Berry|[from] move: Knock Off|[of] p2a: Shiftry\n|move|p1a: Greedent|Earthquake|p2a: Shiftry\n|-resisted|p2a: Shiftry\n|-damage|p2a: Shiftry|49\/100\n|\n|-weather|RainDance|[upkeep]\n|upkeep\n|turn|5\n|\n|t:|1700221376\n|move|p2a: Shiftry|Explosion|p1a: Greedent\n|-crit|p1a: Greedent\n|-damage|p1a: Greedent|0 fnt\n|faint|p2a: Shiftry\n|faint|p1a: Greedent\n|\n|-weather|none\n|upkeep\n|\n|t:|1700221394\n|switch|p2a: Sudowoodo|Sudowoodo, M, shiny|100\/100\n|switch|p1a: Jolteon|Jolteon, F|100\/100\n|turn|6\n|\n|t:|1700221401\n|switch|p1a: Primarina|Primarina, F|100\/100\n|move|p2a: Sudowoodo|Stealth Rock|p1a: Primarina\n|-sidestart|p1: Qwesdfcvb8|move: Stealth Rock\n|\n|upkeep\n|turn|7\n|\n|t:|1700221406\n|switch|p2a: Ogerpon|Ogerpon, F|100\/100\n|move|p1a: Primarina|Sparkling Aria|p2a: Ogerpon\n|-resisted|p2a: Ogerpon\n|-damage|p2a: Ogerpon|71\/100\n|\n|upkeep\n|turn|8\n|\n|t:|1700221417\n|switch|p1a: Coalossal|Coalossal, M|100\/100\n|-zpower|p2a: Ogerpon\n|move|p2a: Ogerpon|Bloom Doom|p1a: Coalossal|[zeffect]\n|-damage|p1a: Coalossal|54\/100\n|\n|upkeep\n|turn|9\n|\n|t:|1700221430\n|move|p2a: Ogerpon|U-turn|p1a: Coalossal\n|-resisted|p1a: Coalossal\n|-damage|p1a: Coalossal|47\/100\n|\n|t:|1700221434\n|switch|p2a: Pelipper|Pelipper, F|100\/100|[from] U-turn\n|-weather|RainDance|[from] ability: Drizzle|[of] p2a: Pelipper\n|move|p1a: Coalossal|Flamethrower|p2a: Pelipper\n|-resisted|p2a: Pelipper\n|-damage|p2a: Pelipper|92\/100\n|\n|-weather|RainDance|[upkeep]\n|upkeep\n|turn|10\n|\n|t:|1700221444\n|move|p2a: Pelipper|Weather Ball|p1a: Coalossal\n|-supereffective|p1a: Coalossal\n|-damage|p1a: Coalossal|0 fnt\n|faint|p1a: Coalossal\n|\n|-weather|RainDance|[upkeep]\n|upkeep\n|\n|t:|1700221453\n|switch|p1a: Mienshao|Mienshao, M|100\/100\n|-damage|p1a: Mienshao|95\/100|[from] Stealth Rock\n|turn|11\n|\n|t:|1700221459\n|move|p1a: Mienshao|Ice Spinner|p2a: Pelipper\n|-damage|p2a: Pelipper|66\/100\n|-damage|p1a: Mienshao|85\/100|[from] item: Life Orb\n|move|p2a: Pelipper|Hurricane|p1a: Mienshao\n|-supereffective|p1a: Mienshao\n|-damage|p1a: Mienshao|0 fnt\n|faint|p1a: Mienshao\n|\n|-weather|RainDance|[upkeep]\n|upkeep\n|\n|t:|1700221469\n|switch|p1a: Jolteon|Jolteon, F|100\/100\n|turn|12\n|\n|t:|1700221473\n|-terastallize|p2a: Pelipper|Ground\n|move|p1a: Jolteon|Volt Switch|p2a: Pelipper\n|-immune|p2a: Pelipper\n|move|p2a: Pelipper|Weather Ball|p1a: Jolteon\n|-damage|p1a: Jolteon|35\/100\n|\n|-weather|RainDance|[upkeep]\n|upkeep\n|turn|13\n|\n|t:|1700221484\n|move|p1a: Jolteon|Thunderbolt|p2a: Pelipper\n|-immune|p2a: Pelipper\n|move|p2a: Pelipper|Weather Ball|p1a: Jolteon\n|-damage|p1a: Jolteon|0 fnt\n|faint|p1a: Jolteon\n|\n|-weather|none\n|upkeep\n|-message|Qwesdfcvb8 forfeited.\n|\n|win|ouxiaonengshou\n|raw|Qwesdfcvb8's rating: 1093 &rarr; <strong>1066<\/strong><br \/>(-27 for losing)\n|raw|ouxiaonengshou's rating: 1049 &rarr; <strong>1086<\/strong><br \/>(+37 for winning)\n|l|\u2606Qwesdfcvb8\n","uploadtime":1700221494,"views":4,"p1id":"qwesdfcvb8","p2id":"ouxiaonengshou","formatid":"gen9nationaldex","rating":1066,"private":0,"password":""}