{"id":"gen9nationaldex-1987411825","p1":"Square K","p2":"Ginger8)","format":"[Gen 9] National Dex","log":"|j|\u2606Square K\n|j|\u2606Ginger8)\n|t:|1699587917\n|gametype|singles\n|player|p1|Square K|chuck|1423\n|player|p2|Ginger8)|pokemaniac|1343\n|teamsize|p1|6\n|teamsize|p2|6\n|gen|9\n|tier|[Gen 9] National Dex\n|rated|\n|rule|HP Percentage Mod: HP is shown in percentages\n|rule|Endless Battle Clause: Forcing endless battles is banned\n|rule|OHKO Clause: OHKO moves are banned\n|rule|Evasion Clause: Evasion abilities, items, and moves are banned\n|rule|Evasion Abilities Clause: Evasion abilities are banned\n|rule|Evasion Items Clause: Evasion items are banned\n|rule|Evasion Moves Clause: Evasion moves are banned\n|rule|Species Clause: Limit one of each Pok\u00e9mon\n|rule|Sleep Clause Mod: Limit one foe put to sleep\n|clearpoke\n|poke|p1|Landorus-Therian, M|\n|poke|p1|Heatran, F|\n|poke|p1|Clodsire, F|\n|poke|p1|Lopunny, F|\n|poke|p1|Urshifu-*, F|\n|poke|p1|Corviknight, F|\n|poke|p2|Arctozolt|\n|poke|p2|Slowking-Galar, F|\n|poke|p2|Aegislash, M|\n|poke|p2|Crobat, F|\n|poke|p2|Kyurem|\n|poke|p2|Medicham, F|\n|teampreview\n|inactive|Battle timer is ON: inactive players will automatically lose when time's up. (requested by Ginger8))\n|\n|t:|1699587927\n|start\n|switch|p1a: \u95ea\u5149\u7684\u5f17\u83b1\u4ec0|Lopunny, F, shiny|100\/100\n|switch|p2a: Kyurem|Kyurem|100\/100\n|-ability|p2a: Kyurem|Pressure\n|turn|1\n|inactive|Ginger8) has 120 seconds left.\n|\n|t:|1699587958\n|switch|p2a: Crobat|Crobat, F|100\/100\n|detailschange|p1a: \u95ea\u5149\u7684\u5f17\u83b1\u4ec0|Lopunny-Mega, F, shiny\n|-mega|p1a: \u95ea\u5149\u7684\u5f17\u83b1\u4ec0|Lopunny|Lopunnite\n|move|p1a: \u95ea\u5149\u7684\u5f17\u83b1\u4ec0|Fake Out|p2a: Crobat\n|-damage|p2a: Crobat|73\/100\n|\n|upkeep\n|turn|2\n|\n|t:|1699587965\n|switch|p1a: \u6b7b\u4ea1\u6539\u9020\u4eba|Corviknight, F|100\/100\n|move|p2a: Crobat|Brave Bird|p1a: \u6b7b\u4ea1\u6539\u9020\u4eba\n|-resisted|p1a: \u6b7b\u4ea1\u6539\u9020\u4eba\n|-damage|p1a: \u6b7b\u4ea1\u6539\u9020\u4eba|88\/100\n|-damage|p2a: Crobat|57\/100|[from] item: Rocky Helmet|[of] p1a: \u6b7b\u4ea1\u6539\u9020\u4eba\n|-damage|p2a: Crobat|51\/100|[from] Recoil\n|\n|upkeep\n|turn|3\n|\n|t:|1699587973\n|switch|p2a: Slowking|Slowking-Galar, F|100\/100\n|move|p1a: \u6b7b\u4ea1\u6539\u9020\u4eba|Iron Defense|p1a: \u6b7b\u4ea1\u6539\u9020\u4eba\n|-boost|p1a: \u6b7b\u4ea1\u6539\u9020\u4eba|def|2\n|\n|upkeep\n|turn|4\n|\n|t:|1699587982\n|move|p1a: \u6b7b\u4ea1\u6539\u9020\u4eba|Iron Defense|p1a: \u6b7b\u4ea1\u6539\u9020\u4eba\n|-boost|p1a: \u6b7b\u4ea1\u6539\u9020\u4eba|def|2\n|move|p2a: Slowking|Thunder Wave|p1a: \u6b7b\u4ea1\u6539\u9020\u4eba\n|-status|p1a: \u6b7b\u4ea1\u6539\u9020\u4eba|par\n|\n|upkeep\n|turn|5\n|\n|t:|1699587993\n|move|p2a: Slowking|Chilly Reception|p2a: Slowking\n|-weather|Snow\n|\n|t:|1699587997\n|switch|p2a: Aegislash|Aegislash, M|100\/100|[from] Chilly Reception\n|cant|p1a: \u6b7b\u4ea1\u6539\u9020\u4eba|par\n|\n|-weather|Snow|[upkeep]\n|upkeep\n|turn|6\n|\n|t:|1699588004\n|-formechange|p2a: Aegislash|Aegislash-Blade||[from] ability: Stance Change\n|move|p2a: Aegislash|Shadow Ball|p1a: \u6b7b\u4ea1\u6539\u9020\u4eba\n|-damage|p1a: \u6b7b\u4ea1\u6539\u9020\u4eba|33\/100 par\n|cant|p1a: \u6b7b\u4ea1\u6539\u9020\u4eba|par\n|\n|-weather|Snow|[upkeep]\n|upkeep\n|turn|7\n|\n|t:|1699588013\n|switch|p1a: \u95ea\u5149\u7684\u5f17\u83b1\u4ec0|Lopunny-Mega, F, shiny|100\/100\n|move|p2a: Aegislash|Shadow Ball|p1a: \u95ea\u5149\u7684\u5f17\u83b1\u4ec0\n|-immune|p1a: \u95ea\u5149\u7684\u5f17\u83b1\u4ec0\n|\n|-weather|Snow|[upkeep]\n|upkeep\n|turn|8\n|\n|t:|1699588018\n|-formechange|p2a: Aegislash|Aegislash||[from] ability: Stance Change\n|move|p2a: Aegislash|King's Shield|p2a: Aegislash\n|-singleturn|p2a: Aegislash|Protect\n|move|p1a: \u95ea\u5149\u7684\u5f17\u83b1\u4ec0|Close Combat|p2a: Aegislash\n|-activate|p2a: Aegislash|move: Protect\n|-unboost|p1a: \u95ea\u5149\u7684\u5f17\u83b1\u4ec0|atk|1\n|\n|-weather|Snow|[upkeep]\n|upkeep\n|turn|9\n|\n|t:|1699588026\n|switch|p2a: Crobat|Crobat, F|51\/100\n|move|p1a: \u95ea\u5149\u7684\u5f17\u83b1\u4ec0|Close Combat|p2a: Crobat\n|-resisted|p2a: Crobat\n|-damage|p2a: Crobat|36\/100\n|-unboost|p1a: \u95ea\u5149\u7684\u5f17\u83b1\u4ec0|def|1\n|-unboost|p1a: \u95ea\u5149\u7684\u5f17\u83b1\u4ec0|spd|1\n|\n|-weather|none\n|upkeep\n|turn|10\n|\n|t:|1699588034\n|move|p1a: \u95ea\u5149\u7684\u5f17\u83b1\u4ec0|Protect|p1a: \u95ea\u5149\u7684\u5f17\u83b1\u4ec0\n|-singleturn|p1a: \u95ea\u5149\u7684\u5f17\u83b1\u4ec0|Protect\n|move|p2a: Crobat|Brave Bird|p1a: \u95ea\u5149\u7684\u5f17\u83b1\u4ec0\n|-activate|p1a: \u95ea\u5149\u7684\u5f17\u83b1\u4ec0|move: Protect\n|\n|upkeep\n|turn|11\n|\n|t:|1699588042\n|switch|p1a: \u6b7b\u4ea1\u6539\u9020\u4eba|Corviknight, F|33\/100 par\n|move|p2a: Crobat|Brave Bird|p1a: \u6b7b\u4ea1\u6539\u9020\u4eba\n|-resisted|p1a: \u6b7b\u4ea1\u6539\u9020\u4eba\n|-damage|p1a: \u6b7b\u4ea1\u6539\u9020\u4eba|20\/100 par\n|-damage|p2a: Crobat|19\/100|[from] item: Rocky Helmet|[of] p1a: \u6b7b\u4ea1\u6539\u9020\u4eba\n|-damage|p2a: Crobat|14\/100|[from] Recoil\n|\n|upkeep\n|turn|12\n|\n|t:|1699588050\n|switch|p2a: Slowking|Slowking-Galar, F|100\/100\n|move|p1a: \u6b7b\u4ea1\u6539\u9020\u4eba|Roost|p1a: \u6b7b\u4ea1\u6539\u9020\u4eba\n|-heal|p1a: \u6b7b\u4ea1\u6539\u9020\u4eba|70\/100 par\n|-singleturn|p1a: \u6b7b\u4ea1\u6539\u9020\u4eba|move: Roost\n|\n|upkeep\n|turn|13\n|\n|t:|1699588059\n|switch|p1a: \u91d1\u5c5e\u9a91\u58eb|Heatran, F|100\/100\n|move|p2a: Slowking|Chilly Reception|p2a: Slowking\n|-weather|Snow\n|\n|t:|1699588074\n|switch|p2a: Arctozolt|Arctozolt|100\/100|[from] Chilly Reception\n|\n|-weather|Snow|[upkeep]\n|upkeep\n|turn|14\n|\n|t:|1699588079\n|move|p2a: Arctozolt|Low Kick|p1a: \u91d1\u5c5e\u9a91\u58eb\n|-supereffective|p1a: \u91d1\u5c5e\u9a91\u58eb\n|-damage|p1a: \u91d1\u5c5e\u9a91\u58eb|24\/100\n|-damage|p2a: Arctozolt|91\/100|[from] item: Life Orb\n|move|p1a: \u91d1\u5c5e\u9a91\u58eb|Earth Power|p2a: Arctozolt\n|-supereffective|p2a: Arctozolt\n|-damage|p2a: Arctozolt|6\/100\n|\n|-weather|Snow|[upkeep]\n|-heal|p1a: \u91d1\u5c5e\u9a91\u58eb|30\/100|[from] item: Leftovers\n|upkeep\n|turn|15\n|\n|t:|1699588088\n|switch|p1a: \u6b7b\u4ea1\u6539\u9020\u4eba|Corviknight, F|70\/100 par\n|move|p2a: Arctozolt|Bolt Beak|p1a: \u6b7b\u4ea1\u6539\u9020\u4eba\n|-supereffective|p1a: \u6b7b\u4ea1\u6539\u9020\u4eba\n|-damage|p1a: \u6b7b\u4ea1\u6539\u9020\u4eba|0 fnt\n|-damage|p2a: Arctozolt|0 fnt|[from] item: Rocky Helmet|[of] p1a: \u6b7b\u4ea1\u6539\u9020\u4eba\n|faint|p1a: \u6b7b\u4ea1\u6539\u9020\u4eba\n|faint|p2a: Arctozolt\n|\n|-weather|Snow|[upkeep]\n|upkeep\n|\n|t:|1699588096\n|switch|p2a: Crobat|Crobat, F|14\/100\n|switch|p1a: \u95ea\u5149\u7684\u5f17\u83b1\u4ec0|Lopunny-Mega, F, shiny|100\/100\n|turn|16\n|\n|t:|1699588098\n|move|p1a: \u95ea\u5149\u7684\u5f17\u83b1\u4ec0|Fake Out|p2a: Crobat\n|-damage|p2a: Crobat|0 fnt\n|faint|p2a: Crobat\n|\n|-weather|Snow|[upkeep]\n|upkeep\n|\n|t:|1699588113\n|switch|p2a: Medicham|Medicham, F|100\/100\n|turn|17\n|\n|t:|1699588117\n|detailschange|p2a: Medicham|Medicham-Mega, F\n|-mega|p2a: Medicham|Medicham|Medichamite\n|move|p1a: \u95ea\u5149\u7684\u5f17\u83b1\u4ec0|Protect|p1a: \u95ea\u5149\u7684\u5f17\u83b1\u4ec0\n|-singleturn|p1a: \u95ea\u5149\u7684\u5f17\u83b1\u4ec0|Protect\n|move|p2a: Medicham|Fake Out|p1a: \u95ea\u5149\u7684\u5f17\u83b1\u4ec0\n|-activate|p1a: \u95ea\u5149\u7684\u5f17\u83b1\u4ec0|move: Protect\n|\n|-weather|none\n|upkeep\n|turn|18\n|\n|t:|1699588124\n|switch|p1a: king|Landorus-Therian, M|100\/100\n|-ability|p1a: king|Intimidate|boost\n|-unboost|p2a: Medicham|atk|1\n|move|p2a: Medicham|Close Combat|p1a: king\n|-resisted|p1a: king\n|-damage|p1a: king|66\/100\n|-unboost|p2a: Medicham|def|1\n|-unboost|p2a: Medicham|spd|1\n|\n|upkeep\n|turn|19\n|\n|t:|1699588136\n|switch|p2a: Slowking|Slowking-Galar, F|100\/100\n|-zpower|p1a: king\n|move|p1a: king|Continental Crush|p2a: Slowking|[zeffect]\n|-damage|p2a: Slowking|32\/100\n|\n|-heal|p2a: Slowking|38\/100|[from] item: Leftovers\n|upkeep\n|turn|20\n|\n|t:|1699588144\n|move|p1a: king|Earthquake|p2a: Slowking\n|-supereffective|p2a: Slowking\n|-damage|p2a: Slowking|0 fnt\n|faint|p2a: Slowking\n|\n|upkeep\n|\n|t:|1699588147\n|switch|p2a: Kyurem|Kyurem|100\/100\n|-ability|p2a: Kyurem|Pressure\n|turn|21\n|\n|t:|1699588154\n|move|p2a: Kyurem|Earth Power|p1a: king\n|-immune|p1a: king\n|move|p1a: king|Earthquake|p2a: Kyurem\n|-damage|p2a: Kyurem|41\/100\n|\n|upkeep\n|turn|22\n|\n|t:|1699588163\n|switch|p2a: Medicham|Medicham-Mega, F|100\/100\n|switch|p1a: \u732a\u795e|Clodsire, F|100\/100\n|\n|upkeep\n|turn|23\n|\n|t:|1699588167\n|move|p1a: \u732a\u795e|Protect|p1a: \u732a\u795e\n|-singleturn|p1a: \u732a\u795e|Protect\n|move|p2a: Medicham|Zen Headbutt|p1a: \u732a\u795e\n|-activate|p1a: \u732a\u795e|move: Protect\n|\n|upkeep\n|turn|24\n|\n|t:|1699588183\n|move|p2a: Medicham|Zen Headbutt|p1a: \u732a\u795e\n|-supereffective|p1a: \u732a\u795e\n|-damage|p1a: \u732a\u795e|0 fnt\n|faint|p1a: \u732a\u795e\n|\n|upkeep\n|\n|t:|1699588186\n|switch|p1a: \u95ea\u5149\u7684\u5f17\u83b1\u4ec0|Lopunny-Mega, F, shiny|100\/100\n|turn|25\n|\n|t:|1699588190\n|move|p1a: \u95ea\u5149\u7684\u5f17\u83b1\u4ec0|Fake Out|p2a: Medicham\n|-damage|p2a: Medicham|67\/100\n|cant|p2a: Medicham|flinch\n|\n|upkeep\n|turn|26\n|\n|t:|1699588195\n|move|p1a: \u95ea\u5149\u7684\u5f17\u83b1\u4ec0|Protect|p1a: \u95ea\u5149\u7684\u5f17\u83b1\u4ec0\n|-singleturn|p1a: \u95ea\u5149\u7684\u5f17\u83b1\u4ec0|Protect\n|move|p2a: Medicham|Close Combat|p1a: \u95ea\u5149\u7684\u5f17\u83b1\u4ec0\n|-activate|p1a: \u95ea\u5149\u7684\u5f17\u83b1\u4ec0|move: Protect\n|\n|upkeep\n|turn|27\n|\n|t:|1699588210\n|switch|p1a: king|Landorus-Therian, M|66\/100\n|-ability|p1a: king|Intimidate|boost\n|-unboost|p2a: Medicham|atk|1\n|move|p2a: Medicham|Close Combat|p1a: king\n|-resisted|p1a: king\n|-damage|p1a: king|28\/100\n|-unboost|p2a: Medicham|def|1\n|-unboost|p2a: Medicham|spd|1\n|\n|upkeep\n|turn|28\n|\n|t:|1699588224\n|move|p2a: Medicham|Close Combat|p1a: king\n|-resisted|p1a: king\n|-damage|p1a: king|0 fnt\n|-unboost|p2a: Medicham|def|1\n|-unboost|p2a: Medicham|spd|1\n|faint|p1a: king\n|\n|upkeep\n|\n|t:|1699588227\n|switch|p1a: \u95ea\u5149\u7684\u5f17\u83b1\u4ec0|Lopunny-Mega, F, shiny|100\/100\n|turn|29\n|\n|t:|1699588253\n|switch|p2a: Aegislash|Aegislash, M|100\/100\n|move|p1a: \u95ea\u5149\u7684\u5f17\u83b1\u4ec0|Close Combat|p2a: Aegislash\n|-supereffective|p2a: Aegislash\n|-damage|p2a: Aegislash|0 fnt\n|-unboost|p1a: \u95ea\u5149\u7684\u5f17\u83b1\u4ec0|def|1\n|-unboost|p1a: \u95ea\u5149\u7684\u5f17\u83b1\u4ec0|spd|1\n|faint|p2a: Aegislash\n|\n|upkeep\n|\n|t:|1699588261\n|switch|p2a: Kyurem|Kyurem|41\/100\n|-ability|p2a: Kyurem|Pressure\n|turn|30\n|\n|t:|1699588273\n|move|p1a: \u95ea\u5149\u7684\u5f17\u83b1\u4ec0|Protect|p1a: \u95ea\u5149\u7684\u5f17\u83b1\u4ec0\n|-singleturn|p1a: \u95ea\u5149\u7684\u5f17\u83b1\u4ec0|Protect\n|move|p2a: Kyurem|Earth Power|p1a: \u95ea\u5149\u7684\u5f17\u83b1\u4ec0\n|-activate|p1a: \u95ea\u5149\u7684\u5f17\u83b1\u4ec0|move: Protect\n|\n|upkeep\n|turn|31\n|\n|t:|1699588282\n|move|p2a: Kyurem|Earth Power|p1a: \u95ea\u5149\u7684\u5f17\u83b1\u4ec0\n|-damage|p1a: \u95ea\u5149\u7684\u5f17\u83b1\u4ec0|29\/100\n|move|p1a: \u95ea\u5149\u7684\u5f17\u83b1\u4ec0|Close Combat|p2a: Kyurem\n|-supereffective|p2a: Kyurem\n|-damage|p2a: Kyurem|0 fnt\n|-unboost|p1a: \u95ea\u5149\u7684\u5f17\u83b1\u4ec0|def|1\n|-unboost|p1a: \u95ea\u5149\u7684\u5f17\u83b1\u4ec0|spd|1\n|faint|p2a: Kyurem\n|\n|upkeep\n|\n|t:|1699588285\n|switch|p2a: Medicham|Medicham-Mega, F|67\/100\n|turn|32\n|\n|t:|1699588288\n|move|p1a: \u95ea\u5149\u7684\u5f17\u83b1\u4ec0|Protect|p1a: \u95ea\u5149\u7684\u5f17\u83b1\u4ec0\n|-singleturn|p1a: \u95ea\u5149\u7684\u5f17\u83b1\u4ec0|Protect\n|move|p2a: Medicham|Fake Out|p1a: \u95ea\u5149\u7684\u5f17\u83b1\u4ec0\n|-activate|p1a: \u95ea\u5149\u7684\u5f17\u83b1\u4ec0|move: Protect\n|\n|upkeep\n|turn|33\n|\n|t:|1699588294\n|move|p1a: \u95ea\u5149\u7684\u5f17\u83b1\u4ec0|Quick Attack|p2a: Medicham\n|-damage|p2a: Medicham|32\/100\n|move|p2a: Medicham|Zen Headbutt|p1a: \u95ea\u5149\u7684\u5f17\u83b1\u4ec0\n|-supereffective|p1a: \u95ea\u5149\u7684\u5f17\u83b1\u4ec0\n|-damage|p1a: \u95ea\u5149\u7684\u5f17\u83b1\u4ec0|0 fnt\n|faint|p1a: \u95ea\u5149\u7684\u5f17\u83b1\u4ec0\n|\n|upkeep\n|\n|t:|1699588297\n|switch|p1a: \u94f6\u8272\u7360\u7259|Urshifu-Rapid-Strike, F|100\/100\n|turn|34\n|\n|t:|1699588301\n|-terastallize|p1a: \u94f6\u8272\u7360\u7259|Water\n|move|p1a: \u94f6\u8272\u7360\u7259|Aqua Jet|p2a: Medicham\n|-damage|p2a: Medicham|0 fnt\n|faint|p2a: Medicham\n|\n|win|Square K\n|raw|Square K's rating: 1423 &rarr; <strong>1438<\/strong><br \/>(+15 for winning)\n|raw|Ginger8)'s rating: 1343 &rarr; <strong>1328<\/strong><br \/>(-15 for losing)\n|l|\u2606Ginger8)\n","uploadtime":1699588308,"views":4,"p1id":"squarek","p2id":"ginger8","formatid":"gen9nationaldex","rating":1328,"private":0,"password":""}