{"id":"gen9nationaldex-1988779528","p1":"jkljlkh","p2":"yunhaiyue","format":"[Gen 9] National Dex","log":"|j|\u2606jkljlkh\n|j|\u2606yunhaiyue\n|t:|1699762089\n|gametype|singles\n|player|p1|jkljlkh|169|1591\n|player|p2|yunhaiyue|ghetsis-gen5bw|1481\n|teamsize|p1|6\n|teamsize|p2|6\n|gen|9\n|tier|[Gen 9] National Dex\n|rated|\n|rule|HP Percentage Mod: HP is shown in percentages\n|rule|Endless Battle Clause: Forcing endless battles is banned\n|rule|OHKO Clause: OHKO moves are banned\n|rule|Evasion Clause: Evasion abilities, items, and moves are banned\n|rule|Evasion Abilities Clause: Evasion abilities are banned\n|rule|Evasion Items Clause: Evasion items are banned\n|rule|Evasion Moves Clause: Evasion moves are banned\n|rule|Species Clause: Limit one of each Pok\u00e9mon\n|rule|Sleep Clause Mod: Limit one foe put to sleep\n|clearpoke\n|poke|p1|Toxapex, F|\n|poke|p1|Dondozo, F|\n|poke|p1|Gliscor, F|\n|poke|p1|Blissey, F|\n|poke|p1|Corviknight, F|\n|poke|p1|Tyranitar, M|\n|poke|p2|Alomomola, F|\n|poke|p2|Chansey, F|\n|poke|p2|Sableye, F|\n|poke|p2|Slowking-Galar, M|\n|poke|p2|Garganacl, F|\n|poke|p2|Corviknight, M|\n|teampreview\n|inactive|Battle timer is ON: inactive players will automatically lose when time's up. (requested by yunhaiyue)\n|\n|t:|1699762099\n|start\n|switch|p1a: Gliscor|Gliscor, F|100\/100\n|switch|p2a: Sableye|Sableye, F|100\/100\n|turn|1\n|\n|t:|1699762103\n|move|p1a: Gliscor|Protect|p1a: Gliscor\n|-singleturn|p1a: Gliscor|Protect\n|move|p2a: Sableye|Will-O-Wisp|p1a: Gliscor\n|-activate|p1a: Gliscor|move: Protect\n|\n|-status|p1a: Gliscor|tox|[from] item: Toxic Orb\n|upkeep\n|turn|2\n|\n|t:|1699762110\n|switch|p1a: Toxapex|Toxapex, F|100\/100\n|move|p2a: Sableye|Encore||[still]\n|-fail|p2a: Sableye\n|\n|upkeep\n|turn|3\n|\n|t:|1699762115\n|detailschange|p2a: Sableye|Sableye-Mega, F\n|-mega|p2a: Sableye|Sableye|Sablenite\n|move|p1a: Toxapex|Knock Off|p2a: Sableye\n|-damage|p2a: Sableye|93\/100\n|move|p2a: Sableye|Will-O-Wisp|p1a: Toxapex\n|-status|p1a: Toxapex|brn\n|\n|-damage|p1a: Toxapex|95\/100 brn|[from] brn\n|upkeep\n|turn|4\n|\n|t:|1699762122\n|switch|p1a: Tyranitar|Tyranitar, M|100\/100\n|-weather|Sandstorm|[from] ability: Sand Stream|[of] p1a: Tyranitar\n|move|p2a: Sableye|Knock Off|p1a: Tyranitar\n|-resisted|p1a: Tyranitar\n|-damage|p1a: Tyranitar|93\/100\n|\n|-weather|Sandstorm|[upkeep]\n|-damage|p2a: Sableye|87\/100|[from] Sandstorm\n|upkeep\n|turn|5\n|\n|t:|1699762126\n|detailschange|p1a: Tyranitar|Tyranitar-Mega, M\n|-mega|p1a: Tyranitar|Tyranitar|Tyranitarite\n|move|p1a: Tyranitar|Knock Off|p2a: Sableye\n|-damage|p2a: Sableye|63\/100\n|move|p2a: Sableye|Will-O-Wisp|p1a: Tyranitar\n|-status|p1a: Tyranitar|brn\n|\n|-weather|Sandstorm|[upkeep]\n|-damage|p2a: Sableye|57\/100|[from] Sandstorm\n|-damage|p1a: Tyranitar|87\/100 brn|[from] brn\n|upkeep\n|turn|6\n|\n|t:|1699762132\n|move|p1a: Tyranitar|Knock Off|p2a: Sableye\n|-damage|p2a: Sableye|44\/100\n|move|p2a: Sableye|Recover|p2a: Sableye\n|-heal|p2a: Sableye|94\/100\n|\n|-weather|Sandstorm|[upkeep]\n|-damage|p2a: Sableye|88\/100|[from] Sandstorm\n|-damage|p1a: Tyranitar|81\/100 brn|[from] brn\n|upkeep\n|turn|7\n|\n|t:|1699762144\n|move|p1a: Tyranitar|Knock Off|p2a: Sableye\n|-damage|p2a: Sableye|76\/100\n|move|p2a: Sableye|Knock Off|p1a: Tyranitar\n|-resisted|p1a: Tyranitar\n|-damage|p1a: Tyranitar|75\/100 brn\n|\n|-weather|Sandstorm|[upkeep]\n|-damage|p2a: Sableye|70\/100|[from] Sandstorm\n|-damage|p1a: Tyranitar|69\/100 brn|[from] brn\n|upkeep\n|turn|8\n|\n|t:|1699762163\n|move|p1a: Tyranitar|Knock Off|p2a: Sableye\n|-damage|p2a: Sableye|57\/100\n|move|p2a: Sableye|Knock Off|p1a: Tyranitar\n|-resisted|p1a: Tyranitar\n|-damage|p1a: Tyranitar|64\/100 brn\n|\n|-weather|none\n|-damage|p1a: Tyranitar|57\/100 brn|[from] brn\n|upkeep\n|turn|9\n|\n|t:|1699762168\n|switch|p1a: Toxapex|Toxapex, F|100\/100 brn\n|move|p2a: Sableye|Recover|p2a: Sableye\n|-heal|p2a: Sableye|100\/100\n|\n|-damage|p1a: Toxapex|95\/100 brn|[from] brn\n|upkeep\n|turn|10\n|\n|t:|1699762178\n|switch|p1a: Tyranitar|Tyranitar-Mega, M|57\/100 brn\n|-weather|Sandstorm|[from] ability: Sand Stream|[of] p1a: Tyranitar\n|move|p2a: Sableye|Knock Off|p1a: Tyranitar\n|-resisted|p1a: Tyranitar\n|-damage|p1a: Tyranitar|51\/100 brn\n|\n|-weather|Sandstorm|[upkeep]\n|-damage|p2a: Sableye|95\/100|[from] Sandstorm\n|-damage|p1a: Tyranitar|45\/100 brn|[from] brn\n|upkeep\n|turn|11\n|\n|t:|1699762184\n|move|p1a: Tyranitar|Rest|p1a: Tyranitar\n|-status|p1a: Tyranitar|slp|[from] move: Rest\n|-heal|p1a: Tyranitar|100\/100 slp|[silent]\n|move|p2a: Sableye|Knock Off|p1a: Tyranitar\n|-resisted|p1a: Tyranitar\n|-damage|p1a: Tyranitar|95\/100 slp\n|\n|-weather|Sandstorm|[upkeep]\n|-damage|p2a: Sableye|89\/100|[from] Sandstorm\n|upkeep\n|turn|12\n|\n|t:|1699762191\n|cant|p1a: Tyranitar|slp\n|move|p2a: Sableye|Knock Off|p1a: Tyranitar\n|-resisted|p1a: Tyranitar\n|-damage|p1a: Tyranitar|89\/100 slp\n|\n|-weather|Sandstorm|[upkeep]\n|-damage|p2a: Sableye|83\/100|[from] Sandstorm\n|upkeep\n|turn|13\n|\n|t:|1699762200\n|cant|p1a: Tyranitar|slp\n|move|p2a: Sableye|Knock Off|p1a: Tyranitar\n|-resisted|p1a: Tyranitar\n|-damage|p1a: Tyranitar|84\/100 slp\n|\n|-weather|Sandstorm|[upkeep]\n|-damage|p2a: Sableye|77\/100|[from] Sandstorm\n|upkeep\n|turn|14\n|c|\u2606yunhaiyue|\u8fd9\u662f\u4ec0\u4e48\u5957\u8def\uff0c\u7761\u89c9\u73ed\n|\n|t:|1699762212\n|-curestatus|p1a: Tyranitar|slp|[msg]\n|move|p1a: Tyranitar|Knock Off|p2a: Sableye\n|-damage|p2a: Sableye|52\/100\n|move|p2a: Sableye|Will-O-Wisp|p1a: Tyranitar|[miss]\n|-miss|p2a: Sableye|p1a: Tyranitar\n|\n|-weather|none\n|upkeep\n|turn|15\n|\n|t:|1699762222\n|switch|p1a: Toxapex|Toxapex, F|100\/100 brn\n|move|p2a: Sableye|Recover|p2a: Sableye\n|-heal|p2a: Sableye|100\/100\n|\n|-damage|p1a: Toxapex|95\/100 brn|[from] brn\n|upkeep\n|turn|16\n|c|\u2606jkljlkh|sorry my chinese is bad\n|\n|t:|1699762234\n|switch|p1a: Tyranitar|Tyranitar-Mega, M|84\/100\n|-weather|Sandstorm|[from] ability: Sand Stream|[of] p1a: Tyranitar\n|switch|p2a: Chansey|Chansey, F|100\/100\n|\n|-weather|Sandstorm|[upkeep]\n|-damage|p2a: Chansey|94\/100|[from] Sandstorm\n|upkeep\n|turn|17\n|\n|t:|1699762250\n|move|p1a: Tyranitar|Knock Off|p2a: Chansey\n|-damage|p2a: Chansey|60\/100\n|-enditem|p2a: Chansey|Eviolite|[from] move: Knock Off|[of] p1a: Tyranitar\n|move|p2a: Chansey|Stealth Rock|p1a: Tyranitar\n|-sidestart|p1: jkljlkh|move: Stealth Rock\n|\n|-weather|Sandstorm|[upkeep]\n|-damage|p2a: Chansey|54\/100|[from] Sandstorm\n|upkeep\n|turn|18\n|\n|t:|1699762258\n|move|p1a: Tyranitar|Stealth Rock|p2a: Chansey\n|-sidestart|p2: yunhaiyue|move: Stealth Rock\n|move|p2a: Chansey|Soft-Boiled|p2a: Chansey\n|-heal|p2a: Chansey|100\/100\n|\n|-weather|Sandstorm|[upkeep]\n|-damage|p2a: Chansey|94\/100|[from] Sandstorm\n|upkeep\n|turn|19\n|inactive|yunhaiyue has 120 seconds left.\n|\n|t:|1699762299\n|switch|p2a: Garganacl|Garganacl, F|100\/100\n|-damage|p2a: Garganacl|88\/100|[from] Stealth Rock\n|move|p1a: Tyranitar|Knock Off|p2a: Garganacl\n|-damage|p2a: Garganacl|49\/100\n|-enditem|p2a: Garganacl|Leftovers|[from] move: Knock Off|[of] p1a: Tyranitar\n|\n|-weather|Sandstorm|[upkeep]\n|upkeep\n|turn|20\n|\n|t:|1699762305\n|move|p1a: Tyranitar|Knock Off|p2a: Garganacl\n|-damage|p2a: Garganacl|22\/100\n|move|p2a: Garganacl|Recover|p2a: Garganacl\n|-heal|p2a: Garganacl|72\/100\n|\n|-weather|none\n|upkeep\n|turn|21\n|\n|t:|1699762310\n|move|p1a: Tyranitar|Knock Off|p2a: Garganacl\n|-damage|p2a: Garganacl|46\/100\n|move|p2a: Garganacl|Recover|p2a: Garganacl\n|-heal|p2a: Garganacl|96\/100\n|\n|upkeep\n|turn|22\n|\n|t:|1699762313\n|switch|p1a: Corviknight|Corviknight, F|100\/100\n|-damage|p1a: Corviknight|88\/100|[from] Stealth Rock\n|-ability|p1a: Corviknight|Pressure\n|move|p2a: Garganacl|Iron Defense|p2a: Garganacl\n|-boost|p2a: Garganacl|def|2\n|\n|-heal|p1a: Corviknight|94\/100|[from] item: Leftovers\n|upkeep\n|turn|23\n|\n|t:|1699762318\n|move|p1a: Corviknight|Defog|p2a: Garganacl\n|-unboost|p2a: Garganacl|evasion|1\n|-sideend|p2: yunhaiyue|Stealth Rock|[from] move: Defog|[of] p1a: Corviknight\n|-sideend|p1: jkljlkh|Stealth Rock|[from] move: Defog|[of] p1a: Corviknight\n|move|p2a: Garganacl|Salt Cure|p1a: Corviknight\n|-damage|p1a: Corviknight|83\/100\n|-start|p1a: Corviknight|Salt Cure\n|\n|-heal|p1a: Corviknight|90\/100|[from] item: Leftovers\n|-damage|p1a: Corviknight|65\/100|[from] Salt Cure\n|upkeep\n|turn|24\n|\n|t:|1699762323\n|move|p1a: Corviknight|Roost|p1a: Corviknight\n|-heal|p1a: Corviknight|100\/100\n|-singleturn|p1a: Corviknight|move: Roost\n|move|p2a: Garganacl|Iron Defense|p2a: Garganacl\n|-boost|p2a: Garganacl|def|2\n|\n|-damage|p1a: Corviknight|75\/100|[from] Salt Cure\n|upkeep\n|turn|25\n|\n|t:|1699762326\n|switch|p1a: Gliscor|Gliscor, F|100\/100 tox\n|move|p2a: Garganacl|Body Press|p1a: Gliscor\n|-resisted|p1a: Gliscor\n|-crit|p1a: Gliscor\n|-damage|p1a: Gliscor|67\/100 tox\n|\n|-heal|p1a: Gliscor|80\/100 tox|[from] ability: Poison Heal\n|upkeep\n|turn|26\n|\n|t:|1699762330\n|move|p1a: Gliscor|Spikes|p2a: Garganacl\n|-sidestart|p2: yunhaiyue|Spikes\n|move|p2a: Garganacl|Salt Cure|p1a: Gliscor\n|-damage|p1a: Gliscor|71\/100 tox\n|-start|p1a: Gliscor|Salt Cure\n|\n|-heal|p1a: Gliscor|84\/100 tox|[from] ability: Poison Heal\n|-damage|p1a: Gliscor|71\/100 tox|[from] Salt Cure\n|upkeep\n|turn|27\n|\n|t:|1699762333\n|switch|p1a: Dondozo|Dondozo, F|100\/100\n|move|p2a: Garganacl|Iron Defense|p2a: Garganacl\n|-boost|p2a: Garganacl|def|2\n|\n|upkeep\n|turn|28\n|\n|t:|1699762337\n|-terastallize|p1a: Dondozo|Grass\n|move|p2a: Garganacl|Salt Cure|p1a: Dondozo\n|-damage|p1a: Dondozo|94\/100\n|-start|p1a: Dondozo|Salt Cure\n|move|p1a: Dondozo|Curse|p1a: Dondozo\n|-unboost|p1a: Dondozo|spe|1\n|-boost|p1a: Dondozo|atk|1\n|-boost|p1a: Dondozo|def|1\n|\n|-heal|p1a: Dondozo|100\/100|[from] item: Leftovers\n|-damage|p1a: Dondozo|88\/100|[from] Salt Cure\n|upkeep\n|turn|29\n|\n|t:|1699762345\n|switch|p2a: Sableye|Sableye-Mega, F|100\/100\n|-damage|p2a: Sableye|88\/100|[from] Spikes\n|move|p1a: Dondozo|Body Press|p2a: Sableye\n|-immune|p2a: Sableye\n|\n|-heal|p1a: Dondozo|94\/100|[from] item: Leftovers\n|-damage|p1a: Dondozo|82\/100|[from] Salt Cure\n|upkeep\n|turn|30\n|\n|t:|1699762355\n|switch|p1a: Tyranitar|Tyranitar-Mega, M|84\/100\n|-weather|Sandstorm|[from] ability: Sand Stream|[of] p1a: Tyranitar\n|move|p2a: Sableye|Encore||[still]\n|-fail|p2a: Sableye\n|\n|-weather|Sandstorm|[upkeep]\n|-damage|p2a: Sableye|82\/100|[from] Sandstorm\n|upkeep\n|turn|31\n|\n|t:|1699762385\n|switch|p2a: Garganacl|Garganacl, F|96\/100\n|-damage|p2a: Garganacl|83\/100|[from] Spikes\n|move|p1a: Tyranitar|Knock Off|p2a: Garganacl\n|-damage|p2a: Garganacl|57\/100\n|\n|-weather|Sandstorm|[upkeep]\n|upkeep\n|turn|32\n|\n|t:|1699762388\n|switch|p1a: Gliscor|Gliscor, F|71\/100 tox\n|move|p2a: Garganacl|Recover|p2a: Garganacl\n|-heal|p2a: Garganacl|100\/100\n|\n|-weather|Sandstorm|[upkeep]\n|-heal|p1a: Gliscor|84\/100 tox|[from] ability: Poison Heal\n|upkeep\n|turn|33\n|\n|t:|1699762393\n|switch|p2a: Corviknight|Corviknight, M|100\/100\n|-ability|p2a: Corviknight|Pressure\n|move|p1a: Gliscor|Spikes|p2a: Corviknight\n|-sidestart|p2: yunhaiyue|Spikes\n|\n|-weather|Sandstorm|[upkeep]\n|-heal|p1a: Gliscor|96\/100 tox|[from] ability: Poison Heal\n|upkeep\n|turn|34\n|\n|t:|1699762402\n|switch|p1a: Corviknight|Corviknight, F|75\/100\n|-ability|p1a: Corviknight|Pressure\n|move|p2a: Corviknight|Defog|p1a: Corviknight\n|-unboost|p1a: Corviknight|evasion|1\n|-sideend|p2: yunhaiyue|Spikes|[from] move: Defog|[of] p2a: Corviknight\n|\n|-weather|none\n|-heal|p1a: Corviknight|82\/100|[from] item: Leftovers\n|upkeep\n|turn|35\n|\n|t:|1699762407\n|move|p2a: Corviknight|U-turn|p1a: Corviknight\n|-resisted|p1a: Corviknight\n|-damage|p1a: Corviknight|79\/100\n|\n|t:|1699762409\n|switch|p2a: Chansey|Chansey, F|94\/100|[from] U-turn\n|move|p1a: Corviknight|Iron Head|p2a: Chansey\n|-damage|p2a: Chansey|71\/100\n|\n|-heal|p1a: Corviknight|85\/100|[from] item: Leftovers\n|upkeep\n|turn|36\n|\n|t:|1699762414\n|switch|p1a: Tyranitar|Tyranitar-Mega, M|84\/100\n|-weather|Sandstorm|[from] ability: Sand Stream|[of] p1a: Tyranitar\n|move|p2a: Chansey|Stealth Rock|p1a: Tyranitar\n|-sidestart|p1: jkljlkh|move: Stealth Rock\n|\n|-weather|Sandstorm|[upkeep]\n|-damage|p2a: Chansey|65\/100|[from] Sandstorm\n|upkeep\n|turn|37\n|\n|t:|1699762420\n|switch|p1a: Corviknight|Corviknight, F|85\/100\n|-damage|p1a: Corviknight|73\/100|[from] Stealth Rock\n|-ability|p1a: Corviknight|Pressure\n|switch|p2a: Garganacl|Garganacl, F|100\/100\n|\n|-weather|Sandstorm|[upkeep]\n|-heal|p1a: Corviknight|79\/100|[from] item: Leftovers\n|upkeep\n|turn|38\n|\n|t:|1699762423\n|move|p1a: Corviknight|Defog|p2a: Garganacl\n|-unboost|p2a: Garganacl|evasion|1\n|-sideend|p1: jkljlkh|Stealth Rock|[from] move: Defog|[of] p1a: Corviknight\n|move|p2a: Garganacl|Salt Cure|p1a: Corviknight\n|-damage|p1a: Corviknight|67\/100\n|-start|p1a: Corviknight|Salt Cure\n|\n|-weather|Sandstorm|[upkeep]\n|-heal|p1a: Corviknight|74\/100|[from] item: Leftovers\n|-damage|p1a: Corviknight|49\/100|[from] Salt Cure\n|upkeep\n|turn|39\n|\n|t:|1699762427\n|move|p1a: Corviknight|Roost|p1a: Corviknight\n|-heal|p1a: Corviknight|99\/100\n|-singleturn|p1a: Corviknight|move: Roost\n|move|p2a: Garganacl|Iron Defense|p2a: Garganacl\n|-boost|p2a: Garganacl|def|2\n|\n|-weather|Sandstorm|[upkeep]\n|-heal|p1a: Corviknight|100\/100|[from] item: Leftovers\n|-damage|p1a: Corviknight|75\/100|[from] Salt Cure\n|upkeep\n|turn|40\n|\n|t:|1699762430\n|switch|p1a: Gliscor|Gliscor, F|96\/100 tox\n|move|p2a: Garganacl|Body Press|p1a: Gliscor\n|-resisted|p1a: Gliscor\n|-damage|p1a: Gliscor|81\/100 tox\n|\n|-weather|none\n|-heal|p1a: Gliscor|94\/100 tox|[from] ability: Poison Heal\n|upkeep\n|turn|41\n|\n|t:|1699762435\n|move|p1a: Gliscor|Spikes|p2a: Garganacl\n|-sidestart|p2: yunhaiyue|Spikes\n|move|p2a: Garganacl|Salt Cure|p1a: Gliscor\n|-damage|p1a: Gliscor|85\/100 tox\n|-start|p1a: Gliscor|Salt Cure\n|\n|-heal|p1a: Gliscor|98\/100 tox|[from] ability: Poison Heal\n|-damage|p1a: Gliscor|85\/100 tox|[from] Salt Cure\n|upkeep\n|turn|42\n|\n|t:|1699762442\n|switch|p2a: Sableye|Sableye-Mega, F|82\/100\n|-damage|p2a: Sableye|70\/100|[from] Spikes\n|move|p1a: Gliscor|Spikes|p2a: Sableye\n|move|p2a: Sableye|Spikes|p1a: Gliscor|[from]ability: Magic Bounce\n|-sidestart|p1: jkljlkh|Spikes\n|\n|-heal|p1a: Gliscor|98\/100 tox|[from] ability: Poison Heal\n|-damage|p1a: Gliscor|85\/100 tox|[from] Salt Cure\n|upkeep\n|turn|43\n|\n|t:|1699762452\n|switch|p1a: Tyranitar|Tyranitar-Mega, M|84\/100\n|-damage|p1a: Tyranitar|72\/100|[from] Spikes\n|-weather|Sandstorm|[from] ability: Sand Stream|[of] p1a: Tyranitar\n|move|p2a: Sableye|Recover|p2a: Sableye\n|-heal|p2a: Sableye|100\/100\n|\n|-weather|Sandstorm|[upkeep]\n|-damage|p2a: Sableye|95\/100|[from] Sandstorm\n|upkeep\n|turn|44\n|\n|t:|1699762456\n|switch|p2a: Chansey|Chansey, F|65\/100\n|-damage|p2a: Chansey|53\/100|[from] Spikes\n|move|p1a: Tyranitar|Knock Off|p2a: Chansey\n|-damage|p2a: Chansey|17\/100\n|\n|-weather|Sandstorm|[upkeep]\n|-damage|p2a: Chansey|11\/100|[from] Sandstorm\n|upkeep\n|turn|45\n|\n|t:|1699762463\n|-activate|p2a: Chansey|move: Pursuit\n|move|p1a: Tyranitar|Pursuit|p2a: Chansey|[from]Pursuit\n|-damage|p2a: Chansey|0 fnt\n|faint|p2a: Chansey\n|-hint|A Pokemon can't switch between when it runs out of HP and when it faints\n|\n|-weather|Sandstorm|[upkeep]\n|upkeep\n|\n|t:|1699762467\n|switch|p2a: Garganacl|Garganacl, F|100\/100\n|-damage|p2a: Garganacl|88\/100|[from] Spikes\n|turn|46\n|\n|t:|1699762485\n|switch|p1a: Corviknight|Corviknight, F|75\/100\n|-ability|p1a: Corviknight|Pressure\n|move|p2a: Garganacl|Body Press|p1a: Corviknight\n|-damage|p1a: Corviknight|57\/100\n|\n|-weather|Sandstorm|[upkeep]\n|-heal|p1a: Corviknight|63\/100|[from] item: Leftovers\n|upkeep\n|turn|47\n|\n|t:|1699762489\n|move|p1a: Corviknight|Defog|p2a: Garganacl\n|-unboost|p2a: Garganacl|evasion|1\n|-sideend|p2: yunhaiyue|Spikes|[from] move: Defog|[of] p1a: Corviknight\n|-sideend|p1: jkljlkh|Spikes|[from] move: Defog|[of] p1a: Corviknight\n|move|p2a: Garganacl|Salt Cure|p1a: Corviknight\n|-damage|p1a: Corviknight|51\/100\n|-start|p1a: Corviknight|Salt Cure\n|\n|-weather|none\n|-heal|p1a: Corviknight|58\/100|[from] item: Leftovers\n|-damage|p1a: Corviknight|33\/100|[from] Salt Cure\n|upkeep\n|turn|48\n|\n|t:|1699762496\n|move|p1a: Corviknight|Roost|p1a: Corviknight\n|-heal|p1a: Corviknight|83\/100\n|-singleturn|p1a: Corviknight|move: Roost\n|move|p2a: Garganacl|Salt Cure|p1a: Corviknight\n|-resisted|p1a: Corviknight\n|-damage|p1a: Corviknight|77\/100\n|\n|-heal|p1a: Corviknight|83\/100|[from] item: Leftovers\n|-damage|p1a: Corviknight|58\/100|[from] Salt Cure\n|upkeep\n|turn|49\n|\n|t:|1699762502\n|switch|p1a: Gliscor|Gliscor, F|85\/100 tox\n|move|p2a: Garganacl|Body Press|p1a: Gliscor\n|-resisted|p1a: Gliscor\n|-damage|p1a: Gliscor|78\/100 tox\n|\n|-heal|p1a: Gliscor|90\/100 tox|[from] ability: Poison Heal\n|upkeep\n|turn|50\n|\n|t:|1699762508\n|switch|p2a: Sableye|Sableye-Mega, F|95\/100\n|move|p1a: Gliscor|Spikes|p2a: Sableye\n|move|p2a: Sableye|Spikes|p1a: Gliscor|[from]ability: Magic Bounce\n|-sidestart|p1: jkljlkh|Spikes\n|\n|-heal|p1a: Gliscor|100\/100 tox|[from] ability: Poison Heal\n|upkeep\n|turn|51\n|\n|t:|1699762514\n|switch|p1a: Tyranitar|Tyranitar-Mega, M|72\/100\n|-damage|p1a: Tyranitar|59\/100|[from] Spikes\n|-weather|Sandstorm|[from] ability: Sand Stream|[of] p1a: Tyranitar\n|switch|p2a: Garganacl|Garganacl, F|88\/100\n|\n|-weather|Sandstorm|[upkeep]\n|upkeep\n|turn|52\n|\n|t:|1699762520\n|switch|p1a: Dondozo|Dondozo, F, tera:Grass|82\/100\n|-damage|p1a: Dondozo|69\/100|[from] Spikes\n|move|p2a: Garganacl|Body Press|p1a: Dondozo\n|-damage|p1a: Dondozo|59\/100\n|\n|-weather|Sandstorm|[upkeep]\n|-damage|p1a: Dondozo|52\/100|[from] Sandstorm\n|-heal|p1a: Dondozo|59\/100|[from] item: Leftovers\n|upkeep\n|turn|53\n|\n|t:|1699762526\n|move|p1a: Dondozo|Body Press|p2a: Garganacl\n|-supereffective|p2a: Garganacl\n|-damage|p2a: Garganacl|50\/100\n|move|p2a: Garganacl|Salt Cure|p1a: Dondozo\n|-damage|p1a: Dondozo|52\/100\n|-start|p1a: Dondozo|Salt Cure\n|\n|-weather|Sandstorm|[upkeep]\n|-damage|p1a: Dondozo|46\/100|[from] Sandstorm\n|-heal|p1a: Dondozo|52\/100|[from] item: Leftovers\n|-damage|p1a: Dondozo|40\/100|[from] Salt Cure\n|upkeep\n|turn|54\n|\n|t:|1699762532\n|move|p1a: Dondozo|Rest|p1a: Dondozo\n|-status|p1a: Dondozo|slp|[from] move: Rest\n|-heal|p1a: Dondozo|100\/100 slp|[silent]\n|move|p2a: Garganacl|Recover|p2a: Garganacl\n|-heal|p2a: Garganacl|99\/100\n|\n|-weather|Sandstorm|[upkeep]\n|-damage|p1a: Dondozo|94\/100 slp|[from] Sandstorm\n|-heal|p1a: Dondozo|100\/100 slp|[from] item: Leftovers\n|-damage|p1a: Dondozo|88\/100 slp|[from] Salt Cure\n|upkeep\n|turn|55\n|\n|t:|1699762546\n|switch|p2a: Alomomola|Alomomola, F|100\/100\n|cant|p1a: Dondozo|slp\n|move|p1a: Dondozo|Sleep Talk|p1a: Dondozo\n|move|p1a: Dondozo|Body Press|p2a: Alomomola|[from]move: Sleep Talk\n|-damage|p2a: Alomomola|86\/100\n|-damage|p1a: Dondozo|71\/100 slp|[from] item: Rocky Helmet|[of] p2a: Alomomola\n|\n|-weather|none\n|-heal|p1a: Dondozo|77\/100 slp|[from] item: Leftovers\n|-damage|p1a: Dondozo|65\/100 slp|[from] Salt Cure\n|upkeep\n|turn|56\n|\n|t:|1699762551\n|switch|p1a: Corviknight|Corviknight, F|58\/100\n|-ability|p1a: Corviknight|Pressure\n|move|p2a: Alomomola|Knock Off|p1a: Corviknight\n|-damage|p1a: Corviknight|45\/100\n|-enditem|p1a: Corviknight|Leftovers|[from] move: Knock Off|[of] p2a: Alomomola\n|\n|upkeep\n|turn|57\n|\n|t:|1699762561\n|move|p1a: Corviknight|Defog|p2a: Alomomola\n|-unboost|p2a: Alomomola|evasion|1\n|-sideend|p1: jkljlkh|Spikes|[from] move: Defog|[of] p1a: Corviknight\n|move|p2a: Alomomola|Wish|p2a: Alomomola\n|\n|upkeep\n|turn|58\n|\n|t:|1699762563\n|move|p1a: Corviknight|Roost|p1a: Corviknight\n|-heal|p1a: Corviknight|95\/100\n|-singleturn|p1a: Corviknight|move: Roost\n|move|p2a: Alomomola|Flip Turn|p1a: Corviknight\n|-damage|p1a: Corviknight|83\/100\n|\n|t:|1699762567\n|switch|p2a: Garganacl|Garganacl, F|99\/100|[from] Flip Turn\n|\n|-heal|p2a: Garganacl|100\/100|[from] move: Wish|[wisher] Alomomola\n|upkeep\n|turn|59\n|\n|t:|1699762578\n|switch|p1a: Gliscor|Gliscor, F|100\/100 tox\n|move|p2a: Garganacl|Salt Cure|p1a: Gliscor\n|-damage|p1a: Gliscor|92\/100 tox\n|-start|p1a: Gliscor|Salt Cure\n|\n|-heal|p1a: Gliscor|100\/100 tox|[from] ability: Poison Heal\n|-damage|p1a: Gliscor|88\/100 tox|[from] Salt Cure\n|upkeep\n|turn|60\n|\n|t:|1699762584\n|switch|p2a: Sableye|Sableye-Mega, F|95\/100\n|move|p1a: Gliscor|Earthquake|p2a: Sableye\n|-damage|p2a: Sableye|69\/100\n|\n|-heal|p1a: Gliscor|100\/100 tox|[from] ability: Poison Heal\n|-damage|p1a: Gliscor|88\/100 tox|[from] Salt Cure\n|upkeep\n|turn|61\n|\n|t:|1699762593\n|switch|p1a: Tyranitar|Tyranitar-Mega, M|59\/100\n|-weather|Sandstorm|[from] ability: Sand Stream|[of] p1a: Tyranitar\n|move|p2a: Sableye|Will-O-Wisp|p1a: Tyranitar\n|-status|p1a: Tyranitar|brn\n|\n|-weather|Sandstorm|[upkeep]\n|-damage|p2a: Sableye|64\/100|[from] Sandstorm\n|-damage|p1a: Tyranitar|53\/100 brn|[from] brn\n|upkeep\n|turn|62\n|\n|t:|1699762597\n|move|p1a: Tyranitar|Knock Off|p2a: Sableye\n|-damage|p2a: Sableye|51\/100\n|move|p2a: Sableye|Recover|p2a: Sableye\n|-heal|p2a: Sableye|100\/100\n|\n|-weather|Sandstorm|[upkeep]\n|-damage|p2a: Sableye|95\/100|[from] Sandstorm\n|-damage|p1a: Tyranitar|47\/100 brn|[from] brn\n|upkeep\n|turn|63\n|\n|t:|1699762604\n|switch|p2a: Garganacl|Garganacl, F|100\/100\n|move|p1a: Tyranitar|Rest|p1a: Tyranitar\n|-status|p1a: Tyranitar|slp|[from] move: Rest\n|-heal|p1a: Tyranitar|100\/100 slp|[silent]\n|\n|-weather|Sandstorm|[upkeep]\n|upkeep\n|turn|64\n|j| umbre test\n|\n|t:|1699762618\n|switch|p1a: Gliscor|Gliscor, F|88\/100 tox\n|move|p2a: Garganacl|Salt Cure|p1a: Gliscor\n|-damage|p1a: Gliscor|80\/100 tox\n|-start|p1a: Gliscor|Salt Cure\n|\n|-weather|Sandstorm|[upkeep]\n|-heal|p1a: Gliscor|93\/100 tox|[from] ability: Poison Heal\n|-damage|p1a: Gliscor|80\/100 tox|[from] Salt Cure\n|upkeep\n|turn|65\n|\n|t:|1699762623\n|switch|p2a: Sableye|Sableye-Mega, F|95\/100\n|move|p1a: Gliscor|Earthquake|p2a: Sableye\n|-damage|p2a: Sableye|73\/100\n|\n|-weather|none\n|-heal|p1a: Gliscor|93\/100 tox|[from] ability: Poison Heal\n|-damage|p1a: Gliscor|80\/100 tox|[from] Salt Cure\n|upkeep\n|turn|66\n|\n|t:|1699762633\n|switch|p1a: Tyranitar|Tyranitar-Mega, M|100\/100 slp\n|-weather|Sandstorm|[from] ability: Sand Stream|[of] p1a: Tyranitar\n|switch|p2a: Alomomola|Alomomola, F|100\/100\n|\n|-weather|Sandstorm|[upkeep]\n|-damage|p2a: Alomomola|94\/100|[from] Sandstorm\n|upkeep\n|turn|67\n|\n|t:|1699762639\n|cant|p1a: Tyranitar|slp\n|move|p2a: Alomomola|Flip Turn|p1a: Tyranitar\n|-supereffective|p1a: Tyranitar\n|-damage|p1a: Tyranitar|81\/100 slp\n|\n|t:|1699762650\n|switch|p2a: Garganacl|Garganacl, F|100\/100|[from] Flip Turn\n|\n|-weather|Sandstorm|[upkeep]\n|upkeep\n|turn|68\n|\n|t:|1699762653\n|switch|p1a: Gliscor|Gliscor, F|80\/100 tox\n|move|p2a: Garganacl|Salt Cure|p1a: Gliscor\n|-damage|p1a: Gliscor|71\/100 tox\n|-start|p1a: Gliscor|Salt Cure\n|\n|-weather|Sandstorm|[upkeep]\n|-heal|p1a: Gliscor|83\/100 tox|[from] ability: Poison Heal\n|-damage|p1a: Gliscor|71\/100 tox|[from] Salt Cure\n|upkeep\n|turn|69\n|\n|t:|1699762660\n|switch|p2a: Alomomola|Alomomola, F|100\/100\n|move|p1a: Gliscor|Earthquake|p2a: Alomomola\n|-damage|p2a: Alomomola|83\/100\n|\n|-weather|Sandstorm|[upkeep]\n|-damage|p2a: Alomomola|77\/100|[from] Sandstorm\n|-heal|p1a: Gliscor|83\/100 tox|[from] ability: Poison Heal\n|-damage|p1a: Gliscor|71\/100 tox|[from] Salt Cure\n|upkeep\n|turn|70\n|\n|t:|1699762665\n|switch|p2a: Sableye|Sableye-Mega, F|73\/100\n|move|p1a: Gliscor|Toxic|p2a: Sableye\n|move|p2a: Sableye|Toxic|p1a: Gliscor|[from]ability: Magic Bounce\n|-fail|p1a: Gliscor|tox\n|\n|-weather|none\n|-heal|p1a: Gliscor|83\/100 tox|[from] ability: Poison Heal\n|-damage|p1a: Gliscor|71\/100 tox|[from] Salt Cure\n|upkeep\n|turn|71\n|\n|t:|1699762672\n|switch|p1a: Tyranitar|Tyranitar-Mega, M|81\/100 slp\n|-weather|Sandstorm|[from] ability: Sand Stream|[of] p1a: Tyranitar\n|move|p2a: Sableye|Recover|p2a: Sableye\n|-heal|p2a: Sableye|100\/100\n|\n|-weather|Sandstorm|[upkeep]\n|-damage|p2a: Sableye|95\/100|[from] Sandstorm\n|upkeep\n|turn|72\n|\n|t:|1699762677\n|-activate|p2a: Sableye|move: Pursuit\n|cant|p1a: Tyranitar|slp\n|switch|p2a: Alomomola|Alomomola, F|100\/100\n|\n|-weather|Sandstorm|[upkeep]\n|-damage|p2a: Alomomola|94\/100|[from] Sandstorm\n|upkeep\n|turn|73\n|\n|t:|1699762682\n|-curestatus|p1a: Tyranitar|slp|[msg]\n|move|p1a: Tyranitar|Knock Off|p2a: Alomomola\n|-damage|p2a: Alomomola|64\/100\n|-damage|p1a: Tyranitar|64\/100|[from] item: Rocky Helmet|[of] p2a: Alomomola\n|-enditem|p2a: Alomomola|Rocky Helmet|[from] move: Knock Off|[of] p1a: Tyranitar\n|move|p2a: Alomomola|Flip Turn|p1a: Tyranitar\n|-supereffective|p1a: Tyranitar\n|-damage|p1a: Tyranitar|46\/100\n|\n|t:|1699762688\n|switch|p2a: Garganacl|Garganacl, F|100\/100|[from] Flip Turn\n|\n|-weather|Sandstorm|[upkeep]\n|upkeep\n|turn|74\n|\n|t:|1699762696\n|switch|p1a: Gliscor|Gliscor, F|71\/100 tox\n|move|p2a: Garganacl|Salt Cure|p1a: Gliscor\n|-damage|p1a: Gliscor|62\/100 tox\n|-start|p1a: Gliscor|Salt Cure\n|\n|-weather|Sandstorm|[upkeep]\n|-heal|p1a: Gliscor|75\/100 tox|[from] ability: Poison Heal\n|-damage|p1a: Gliscor|62\/100 tox|[from] Salt Cure\n|upkeep\n|turn|75\n|\n|t:|1699762710\n|switch|p2a: Sableye|Sableye-Mega, F|95\/100\n|move|p1a: Gliscor|Earthquake|p2a: Sableye\n|-damage|p2a: Sableye|70\/100\n|\n|-weather|none\n|-heal|p1a: Gliscor|75\/100 tox|[from] ability: Poison Heal\n|-damage|p1a: Gliscor|62\/100 tox|[from] Salt Cure\n|upkeep\n|turn|76\n|\n|t:|1699762716\n|switch|p1a: Tyranitar|Tyranitar-Mega, M|46\/100\n|-weather|Sandstorm|[from] ability: Sand Stream|[of] p1a: Tyranitar\n|move|p2a: Sableye|Knock Off|p1a: Tyranitar\n|-resisted|p1a: Tyranitar\n|-damage|p1a: Tyranitar|40\/100\n|\n|-weather|Sandstorm|[upkeep]\n|-damage|p2a: Sableye|65\/100|[from] Sandstorm\n|upkeep\n|turn|77\n|\n|t:|1699762720\n|switch|p2a: Alomomola|Alomomola, F|97\/100\n|move|p1a: Tyranitar|Knock Off|p2a: Alomomola\n|-damage|p2a: Alomomola|77\/100\n|\n|-weather|Sandstorm|[upkeep]\n|-damage|p2a: Alomomola|70\/100|[from] Sandstorm\n|upkeep\n|turn|78\n|\n|t:|1699762726\n|move|p1a: Tyranitar|Stealth Rock|p2a: Alomomola\n|-sidestart|p2: yunhaiyue|move: Stealth Rock\n|move|p2a: Alomomola|Wish|p2a: Alomomola\n|\n|-weather|Sandstorm|[upkeep]\n|-damage|p2a: Alomomola|64\/100|[from] Sandstorm\n|upkeep\n|turn|79\n|\n|t:|1699762730\n|move|p1a: Tyranitar|Pursuit|p2a: Alomomola\n|-damage|p2a: Alomomola|52\/100\n|move|p2a: Alomomola|Flip Turn|p1a: Tyranitar\n|-supereffective|p1a: Tyranitar\n|-damage|p1a: Tyranitar|21\/100\n|\n|t:|1699762738\n|switch|p2a: Sableye|Sableye-Mega, F|65\/100|[from] Flip Turn\n|-damage|p2a: Sableye|52\/100|[from] Stealth Rock\n|\n|-weather|Sandstorm|[upkeep]\n|-damage|p2a: Sableye|46\/100|[from] Sandstorm\n|-heal|p2a: Sableye|100\/100|[from] move: Wish|[wisher] Alomomola\n|upkeep\n|turn|80\n|\n|t:|1699762743\n|switch|p2a: Corviknight|Corviknight, M|100\/100\n|-ability|p2a: Corviknight|Pressure\n|move|p1a: Tyranitar|Rest|p1a: Tyranitar\n|-status|p1a: Tyranitar|slp|[from] move: Rest\n|-heal|p1a: Tyranitar|100\/100 slp|[silent]\n|\n|-weather|none\n|upkeep\n|turn|81\n|\n|t:|1699762747\n|switch|p1a: Corviknight|Corviknight, F|83\/100\n|-ability|p1a: Corviknight|Pressure\n|move|p2a: Corviknight|Defog|p1a: Corviknight\n|-unboost|p1a: Corviknight|evasion|1\n|-sideend|p2: yunhaiyue|Stealth Rock|[from] move: Defog|[of] p2a: Corviknight\n|\n|upkeep\n|turn|82\n|\n|t:|1699762751\n|switch|p1a: Gliscor|Gliscor, F|62\/100 tox\n|move|p2a: Corviknight|Taunt|p1a: Gliscor\n|-start|p1a: Gliscor|move: Taunt\n|\n|-heal|p1a: Gliscor|75\/100 tox|[from] ability: Poison Heal\n|upkeep\n|turn|83\n|\n|t:|1699762756\n|switch|p1a: Corviknight|Corviknight, F|83\/100\n|-ability|p1a: Corviknight|Pressure\n|move|p2a: Corviknight|U-turn|p1a: Corviknight\n|-resisted|p1a: Corviknight\n|-damage|p1a: Corviknight|80\/100\n|\n|t:|1699762760\n|switch|p2a: Garganacl|Garganacl, F|100\/100|[from] U-turn\n|\n|upkeep\n|turn|84\n|\n|t:|1699762762\n|move|p1a: Corviknight|Protect|p1a: Corviknight\n|-singleturn|p1a: Corviknight|Protect\n|move|p2a: Garganacl|Salt Cure|p1a: Corviknight\n|-activate|p1a: Corviknight|move: Protect\n|\n|upkeep\n|turn|85\n|\n|t:|1699762767\n|switch|p1a: Gliscor|Gliscor, F|75\/100 tox\n|move|p2a: Garganacl|Salt Cure|p1a: Gliscor\n|-damage|p1a: Gliscor|66\/100 tox\n|-start|p1a: Gliscor|Salt Cure\n|\n|-heal|p1a: Gliscor|79\/100 tox|[from] ability: Poison Heal\n|-damage|p1a: Gliscor|66\/100 tox|[from] Salt Cure\n|upkeep\n|turn|86\n|\n|t:|1699762773\n|switch|p2a: Corviknight|Corviknight, M|100\/100\n|-ability|p2a: Corviknight|Pressure\n|move|p1a: Gliscor|Earthquake|p2a: Corviknight\n|-immune|p2a: Corviknight\n|\n|-heal|p1a: Gliscor|79\/100 tox|[from] ability: Poison Heal\n|-damage|p1a: Gliscor|66\/100 tox|[from] Salt Cure\n|upkeep\n|turn|87\n|\n|t:|1699762776\n|switch|p1a: Corviknight|Corviknight, F|80\/100\n|-ability|p1a: Corviknight|Pressure\n|move|p2a: Corviknight|Taunt|p1a: Corviknight\n|-start|p1a: Corviknight|move: Taunt\n|\n|upkeep\n|turn|88\n|\n|t:|1699762779\n|switch|p1a: Gliscor|Gliscor, F|66\/100 tox\n|switch|p2a: Slowking|Slowking-Galar, M|100\/100\n|\n|-heal|p1a: Gliscor|79\/100 tox|[from] ability: Poison Heal\n|upkeep\n|turn|89\n|\n|t:|1699762783\n|switch|p1a: Tyranitar|Tyranitar-Mega, M|100\/100 slp\n|-weather|Sandstorm|[from] ability: Sand Stream|[of] p1a: Tyranitar\n|switch|p2a: Alomomola|Alomomola, F|86\/100\n|\n|-weather|Sandstorm|[upkeep]\n|-damage|p2a: Alomomola|79\/100|[from] Sandstorm\n|upkeep\n|turn|90\n|\n|t:|1699762788\n|cant|p1a: Tyranitar|slp\n|move|p2a: Alomomola|Flip Turn|p1a: Tyranitar\n|-supereffective|p1a: Tyranitar\n|-damage|p1a: Tyranitar|81\/100 slp\n|\n|t:|1699762794\n|switch|p2a: Corviknight|Corviknight, M|100\/100|[from] Flip Turn\n|-ability|p2a: Corviknight|Pressure\n|\n|-weather|Sandstorm|[upkeep]\n|upkeep\n|turn|91\n|\n|t:|1699762797\n|switch|p1a: Corviknight|Corviknight, F|80\/100\n|-ability|p1a: Corviknight|Pressure\n|move|p2a: Corviknight|U-turn|p1a: Corviknight\n|-resisted|p1a: Corviknight\n|-damage|p1a: Corviknight|77\/100\n|\n|t:|1699762800\n|switch|p2a: Slowking|Slowking-Galar, M|100\/100|[from] U-turn\n|\n|-weather|Sandstorm|[upkeep]\n|-damage|p2a: Slowking|94\/100|[from] Sandstorm\n|upkeep\n|turn|92\n|\n|t:|1699762807\n|move|p1a: Corviknight|Iron Head|p2a: Slowking\n|-damage|p2a: Slowking|71\/100\n|move|p2a: Slowking|Chilly Reception|p2a: Slowking\n|-weather|Snow\n|\n|t:|1699762811\n|switch|p2a: Alomomola|Alomomola, F|100\/100|[from] Chilly Reception\n|\n|-weather|Snow|[upkeep]\n|upkeep\n|turn|93\n|\n|t:|1699762815\n|switch|p1a: Toxapex|Toxapex, F|100\/100 brn\n|move|p2a: Alomomola|Flip Turn|p1a: Toxapex\n|-resisted|p1a: Toxapex\n|-damage|p1a: Toxapex|95\/100 brn\n|\n|t:|1699762818\n|switch|p2a: Slowking|Slowking-Galar, M|100\/100|[from] Flip Turn\n|\n|-weather|Snow|[upkeep]\n|-damage|p1a: Toxapex|89\/100 brn|[from] brn\n|upkeep\n|turn|94\n|\n|t:|1699762822\n|move|p1a: Toxapex|Knock Off|p2a: Slowking\n|-supereffective|p2a: Slowking\n|-damage|p2a: Slowking|83\/100\n|-enditem|p2a: Slowking|Heavy-Duty Boots|[from] move: Knock Off|[of] p1a: Toxapex\n|move|p2a: Slowking|Chilly Reception|p2a: Slowking\n|\n|t:|1699762831\n|switch|p2a: Garganacl|Garganacl, F|100\/100|[from] Chilly Reception\n|\n|-weather|Snow|[upkeep]\n|-damage|p1a: Toxapex|83\/100 brn|[from] brn\n|upkeep\n|turn|95\n|\n|t:|1699762838\n|switch|p1a: Gliscor|Gliscor, F|79\/100 tox\n|move|p2a: Garganacl|Salt Cure|p1a: Gliscor\n|-damage|p1a: Gliscor|69\/100 tox\n|-start|p1a: Gliscor|Salt Cure\n|\n|-weather|Snow|[upkeep]\n|-heal|p1a: Gliscor|82\/100 tox|[from] ability: Poison Heal\n|-damage|p1a: Gliscor|69\/100 tox|[from] Salt Cure\n|upkeep\n|turn|96\n|\n|t:|1699762842\n|switch|p2a: Alomomola|Alomomola, F|100\/100\n|move|p1a: Gliscor|Spikes|p2a: Alomomola\n|-sidestart|p2: yunhaiyue|Spikes\n|\n|-weather|none\n|-heal|p1a: Gliscor|82\/100 tox|[from] ability: Poison Heal\n|-damage|p1a: Gliscor|69\/100 tox|[from] Salt Cure\n|upkeep\n|turn|97\n|\n|t:|1699762848\n|switch|p1a: Toxapex|Toxapex, F|100\/100 brn\n|switch|p2a: Corviknight|Corviknight, M|100\/100\n|-ability|p2a: Corviknight|Pressure\n|\n|-damage|p1a: Toxapex|95\/100 brn|[from] brn\n|upkeep\n|turn|98\n|\n|t:|1699762851\n|switch|p1a: Corviknight|Corviknight, F|77\/100\n|-ability|p1a: Corviknight|Pressure\n|move|p2a: Corviknight|Taunt|p1a: Corviknight\n|-start|p1a: Corviknight|move: Taunt\n|\n|upkeep\n|turn|99\n|\n|t:|1699762856\n|move|p1a: Corviknight|Iron Head|p2a: Corviknight\n|-resisted|p2a: Corviknight\n|-damage|p2a: Corviknight|93\/100\n|move|p2a: Corviknight|Defog|p1a: Corviknight\n|-unboost|p1a: Corviknight|evasion|1\n|-sideend|p2: yunhaiyue|Spikes|[from] move: Defog|[of] p2a: Corviknight\n|\n|upkeep\n|turn|100\n|\n|t:|1699762861\n|switch|p1a: Gliscor|Gliscor, F|69\/100 tox\n|switch|p2a: Slowking|Slowking-Galar, M|100\/100\n|\n|-heal|p1a: Gliscor|82\/100 tox|[from] ability: Poison Heal\n|upkeep\n|turn|101\n|\n|t:|1699762866\n|switch|p2a: Alomomola|Alomomola, F|100\/100\n|move|p1a: Gliscor|Protect||[still]\n|-fail|p1a: Gliscor\n|\n|-heal|p1a: Gliscor|94\/100 tox|[from] ability: Poison Heal\n|upkeep\n|turn|102\n|\n|t:|1699762869\n|switch|p2a: Sableye|Sableye-Mega, F|100\/100\n|move|p1a: Gliscor|Toxic|p2a: Sableye\n|move|p2a: Sableye|Toxic|p1a: Gliscor|[from]ability: Magic Bounce\n|-fail|p1a: Gliscor|tox\n|\n|-heal|p1a: Gliscor|100\/100 tox|[from] ability: Poison Heal\n|upkeep\n|turn|103\n|\n|t:|1699762875\n|switch|p1a: Tyranitar|Tyranitar-Mega, M|81\/100 slp\n|-weather|Sandstorm|[from] ability: Sand Stream|[of] p1a: Tyranitar\n|switch|p2a: Corviknight|Corviknight, M|93\/100\n|-ability|p2a: Corviknight|Pressure\n|\n|-weather|Sandstorm|[upkeep]\n|upkeep\n|turn|104\n|\n|t:|1699762885\n|switch|p1a: Gliscor|Gliscor, F|100\/100 tox\n|move|p2a: Corviknight|Taunt|p1a: Gliscor\n|-start|p1a: Gliscor|move: Taunt\n|\n|-weather|Sandstorm|[upkeep]\n|upkeep\n|turn|105\n|\n|t:|1699762891\n|switch|p1a: Corviknight|Corviknight, F|77\/100\n|-ability|p1a: Corviknight|Pressure\n|move|p2a: Corviknight|U-turn|p1a: Corviknight\n|-resisted|p1a: Corviknight\n|-damage|p1a: Corviknight|74\/100\n|\n|t:|1699762894\n|switch|p2a: Slowking|Slowking-Galar, M|100\/100|[from] U-turn\n|\n|-weather|Sandstorm|[upkeep]\n|-damage|p2a: Slowking|94\/100|[from] Sandstorm\n|upkeep\n|turn|106\n|\n|t:|1699762899\n|switch|p1a: Tyranitar|Tyranitar-Mega, M|81\/100 slp\n|move|p2a: Slowking|Flamethrower|p1a: Tyranitar\n|-resisted|p1a: Tyranitar\n|-damage|p1a: Tyranitar|76\/100 slp\n|\n|-weather|Sandstorm|[upkeep]\n|-damage|p2a: Slowking|88\/100|[from] Sandstorm\n|upkeep\n|turn|107\n|\n|t:|1699762903\n|switch|p2a: Corviknight|Corviknight, M|93\/100\n|-ability|p2a: Corviknight|Pressure\n|cant|p1a: Tyranitar|slp\n|\n|-weather|none\n|upkeep\n|turn|108\n|\n|t:|1699762908\n|switch|p1a: Gliscor|Gliscor, F|100\/100 tox\n|move|p2a: Corviknight|U-turn|p1a: Gliscor\n|-resisted|p1a: Gliscor\n|-damage|p1a: Gliscor|96\/100 tox\n|\n|t:|1699762913\n|switch|p2a: Alomomola|Alomomola, F|100\/100|[from] U-turn\n|\n|-heal|p1a: Gliscor|100\/100 tox|[from] ability: Poison Heal\n|upkeep\n|turn|109\n|\n|t:|1699762916\n|switch|p2a: Sableye|Sableye-Mega, F|100\/100\n|move|p1a: Gliscor|Toxic|p2a: Sableye\n|move|p2a: Sableye|Toxic|p1a: Gliscor|[from]ability: Magic Bounce\n|-fail|p1a: Gliscor|tox\n|\n|upkeep\n|turn|110\n|\n|t:|1699762921\n|switch|p1a: Tyranitar|Tyranitar-Mega, M|76\/100 slp\n|-weather|Sandstorm|[from] ability: Sand Stream|[of] p1a: Tyranitar\n|switch|p2a: Corviknight|Corviknight, M|93\/100\n|-ability|p2a: Corviknight|Pressure\n|\n|-weather|Sandstorm|[upkeep]\n|upkeep\n|turn|111\n|\n|t:|1699762937\n|switch|p1a: Gliscor|Gliscor, F|100\/100 tox\n|move|p2a: Corviknight|Taunt|p1a: Gliscor\n|-start|p1a: Gliscor|move: Taunt\n|\n|-weather|Sandstorm|[upkeep]\n|upkeep\n|turn|112\n|\n|t:|1699762939\n|switch|p1a: Corviknight|Corviknight, F|74\/100\n|-ability|p1a: Corviknight|Pressure\n|move|p2a: Corviknight|U-turn|p1a: Corviknight\n|-resisted|p1a: Corviknight\n|-damage|p1a: Corviknight|71\/100\n|\n|t:|1699762942\n|switch|p2a: Slowking|Slowking-Galar, M|100\/100|[from] U-turn\n|\n|-weather|Sandstorm|[upkeep]\n|-damage|p2a: Slowking|94\/100|[from] Sandstorm\n|upkeep\n|turn|113\n|\n|t:|1699762946\n|switch|p1a: Tyranitar|Tyranitar-Mega, M|76\/100 slp\n|move|p2a: Slowking|Psyshock|p1a: Tyranitar\n|-immune|p1a: Tyranitar\n|\n|-weather|Sandstorm|[upkeep]\n|-damage|p2a: Slowking|88\/100|[from] Sandstorm\n|upkeep\n|turn|114\n|\n|t:|1699762954\n|switch|p2a: Corviknight|Corviknight, M|93\/100\n|-ability|p2a: Corviknight|Pressure\n|-curestatus|p1a: Tyranitar|slp|[msg]\n|move|p1a: Tyranitar|Stealth Rock|p2a: Corviknight\n|-sidestart|p2: yunhaiyue|move: Stealth Rock\n|\n|-weather|none\n|upkeep\n|turn|115\n|\n|t:|1699762961\n|move|p1a: Tyranitar|Knock Off|p2a: Corviknight\n|-damage|p2a: Corviknight|61\/100\n|-enditem|p2a: Corviknight|Heavy-Duty Boots|[from] move: Knock Off|[of] p1a: Tyranitar\n|move|p2a: Corviknight|Defog|p1a: Tyranitar\n|-unboost|p1a: Tyranitar|evasion|1\n|-sideend|p2: yunhaiyue|Stealth Rock|[from] move: Defog|[of] p2a: Corviknight\n|\n|upkeep\n|turn|116\n|\n|t:|1699762967\n|switch|p1a: Corviknight|Corviknight, F|71\/100\n|-ability|p1a: Corviknight|Pressure\n|move|p2a: Corviknight|Roost|p2a: Corviknight\n|-heal|p2a: Corviknight|100\/100\n|-singleturn|p2a: Corviknight|move: Roost\n|\n|upkeep\n|turn|117\n|\n|t:|1699762970\n|move|p1a: Corviknight|Protect|p1a: Corviknight\n|-singleturn|p1a: Corviknight|Protect\n|move|p2a: Corviknight|Taunt|p1a: Corviknight\n|-activate|p1a: Corviknight|move: Protect\n|\n|upkeep\n|turn|118\n|\n|t:|1699762974\n|move|p1a: Corviknight|Roost|p1a: Corviknight\n|-heal|p1a: Corviknight|100\/100\n|-singleturn|p1a: Corviknight|move: Roost\n|move|p2a: Corviknight|Taunt|p1a: Corviknight\n|-start|p1a: Corviknight|move: Taunt\n|\n|upkeep\n|turn|119\n|\n|t:|1699762980\n|switch|p1a: Gliscor|Gliscor, F|100\/100 tox\n|move|p2a: Corviknight|U-turn|p1a: Gliscor\n|-resisted|p1a: Gliscor\n|-damage|p1a: Gliscor|96\/100 tox\n|\n|t:|1699762985\n|switch|p2a: Alomomola|Alomomola, F|100\/100|[from] U-turn\n|\n|-heal|p1a: Gliscor|100\/100 tox|[from] ability: Poison Heal\n|upkeep\n|turn|120\n|\n|t:|1699762989\n|switch|p1a: Tyranitar|Tyranitar-Mega, M|76\/100\n|-weather|Sandstorm|[from] ability: Sand Stream|[of] p1a: Tyranitar\n|switch|p2a: Sableye|Sableye-Mega, F|100\/100\n|\n|-weather|Sandstorm|[upkeep]\n|-damage|p2a: Sableye|95\/100|[from] Sandstorm\n|upkeep\n|turn|121\n|\n|t:|1699762993\n|-activate|p2a: Sableye|move: Pursuit\n|move|p1a: Tyranitar|Pursuit|p2a: Sableye|[from]Pursuit\n|-damage|p2a: Sableye|63\/100\n|switch|p2a: Corviknight|Corviknight, M|100\/100\n|-ability|p2a: Corviknight|Pressure\n|\n|-weather|Sandstorm|[upkeep]\n|upkeep\n|turn|122\n|\n|t:|1699763000\n|move|p1a: Tyranitar|Stealth Rock|p2a: Corviknight\n|-sidestart|p2: yunhaiyue|move: Stealth Rock\n|move|p2a: Corviknight|Taunt|p1a: Tyranitar\n|-start|p1a: Tyranitar|move: Taunt\n|\n|-weather|Sandstorm|[upkeep]\n|upkeep\n|turn|123\n|\n|t:|1699763005\n|switch|p1a: Corviknight|Corviknight, F|100\/100\n|-ability|p1a: Corviknight|Pressure\n|move|p2a: Corviknight|Roost||[still]\n|-fail|p2a: Corviknight|heal\n|\n|-weather|Sandstorm|[upkeep]\n|upkeep\n|turn|124\n|\n|t:|1699763014\n|move|p1a: Corviknight|Protect|p1a: Corviknight\n|-singleturn|p1a: Corviknight|Protect\n|move|p2a: Corviknight|Defog|p1a: Corviknight\n|-activate|p1a: Corviknight|move: Protect\n|\n|-weather|none\n|upkeep\n|turn|125\n|\n|t:|1699763016\n|move|p2a: Corviknight|Defog|p1a: Corviknight\n|-unboost|p1a: Corviknight|evasion|1\n|-sideend|p2: yunhaiyue|Stealth Rock|[from] move: Defog|[of] p2a: Corviknight\n|move|p1a: Corviknight|Iron Head|p2a: Corviknight\n|-resisted|p2a: Corviknight\n|-damage|p2a: Corviknight|93\/100\n|\n|upkeep\n|turn|126\n|\n|t:|1699763022\n|switch|p2a: Slowking|Slowking-Galar, M|100\/100\n|switch|p1a: Gliscor|Gliscor, F|100\/100 tox\n|\n|upkeep\n|turn|127\n|\n|t:|1699763027\n|switch|p1a: Tyranitar|Tyranitar-Mega, M|76\/100\n|-weather|Sandstorm|[from] ability: Sand Stream|[of] p1a: Tyranitar\n|switch|p2a: Alomomola|Alomomola, F|100\/100\n|\n|-weather|Sandstorm|[upkeep]\n|-damage|p2a: Alomomola|94\/100|[from] Sandstorm\n|upkeep\n|turn|128\n|\n|t:|1699763033\n|switch|p2a: Sableye|Sableye-Mega, F|63\/100\n|move|p1a: Tyranitar|Knock Off|p2a: Sableye\n|-damage|p2a: Sableye|37\/100\n|\n|-weather|Sandstorm|[upkeep]\n|-damage|p2a: Sableye|31\/100|[from] Sandstorm\n|upkeep\n|turn|129\n|\n|t:|1699763038\n|move|p1a: Tyranitar|Pursuit|p2a: Sableye\n|-damage|p2a: Sableye|15\/100\n|move|p2a: Sableye|Recover|p2a: Sableye\n|-heal|p2a: Sableye|66\/100\n|\n|-weather|Sandstorm|[upkeep]\n|-damage|p2a: Sableye|60\/100|[from] Sandstorm\n|upkeep\n|turn|130\n|\n|t:|1699763041\n|move|p1a: Tyranitar|Knock Off|p2a: Sableye\n|-damage|p2a: Sableye|33\/100\n|move|p2a: Sableye|Recover|p2a: Sableye\n|-heal|p2a: Sableye|83\/100\n|\n|-weather|Sandstorm|[upkeep]\n|-damage|p2a: Sableye|77\/100|[from] Sandstorm\n|upkeep\n|turn|131\n|\n|t:|1699763046\n|move|p1a: Tyranitar|Pursuit|p2a: Sableye\n|-damage|p2a: Sableye|60\/100\n|move|p2a: Sableye|Will-O-Wisp|p1a: Tyranitar\n|-status|p1a: Tyranitar|brn\n|\n|-weather|none\n|-damage|p1a: Tyranitar|70\/100 brn|[from] brn\n|upkeep\n|turn|132\n|\n|t:|1699763052\n|-activate|p2a: Sableye|move: Pursuit\n|move|p1a: Tyranitar|Pursuit|p2a: Sableye|[from]Pursuit\n|-damage|p2a: Sableye|44\/100\n|switch|p2a: Alomomola|Alomomola, F|100\/100\n|\n|-damage|p1a: Tyranitar|64\/100 brn|[from] brn\n|upkeep\n|turn|133\n|\n|t:|1699763056\n|move|p1a: Tyranitar|Stealth Rock|p2a: Alomomola\n|-sidestart|p2: yunhaiyue|move: Stealth Rock\n|move|p2a: Alomomola|Wish|p2a: Alomomola\n|\n|-damage|p1a: Tyranitar|58\/100 brn|[from] brn\n|upkeep\n|turn|134\n|\n|t:|1699763058\n|move|p1a: Tyranitar|Rest|p1a: Tyranitar\n|-status|p1a: Tyranitar|slp|[from] move: Rest\n|-heal|p1a: Tyranitar|100\/100 slp|[silent]\n|move|p2a: Alomomola|Flip Turn|p1a: Tyranitar\n|-supereffective|p1a: Tyranitar\n|-damage|p1a: Tyranitar|78\/100 slp\n|\n|t:|1699763063\n|switch|p2a: Sableye|Sableye-Mega, F|44\/100|[from] Flip Turn\n|-damage|p2a: Sableye|32\/100|[from] Stealth Rock\n|\n|-heal|p2a: Sableye|100\/100|[from] move: Wish|[wisher] Alomomola\n|upkeep\n|turn|135\n|\n|t:|1699763069\n|-activate|p2a: Sableye|move: Pursuit\n|cant|p1a: Tyranitar|slp\n|switch|p2a: Corviknight|Corviknight, M|93\/100\n|-damage|p2a: Corviknight|81\/100|[from] Stealth Rock\n|-ability|p2a: Corviknight|Pressure\n|\n|upkeep\n|turn|136\n|\n|t:|1699763074\n|switch|p1a: Corviknight|Corviknight, F|100\/100\n|-ability|p1a: Corviknight|Pressure\n|move|p2a: Corviknight|Defog|p1a: Corviknight\n|-unboost|p1a: Corviknight|evasion|1\n|-sideend|p2: yunhaiyue|Stealth Rock|[from] move: Defog|[of] p2a: Corviknight\n|\n|upkeep\n|turn|137\n|\n|t:|1699763081\n|switch|p1a: Gliscor|Gliscor, F|100\/100 tox\n|switch|p2a: Alomomola|Alomomola, F|100\/100\n|\n|upkeep\n|turn|138\n|\n|t:|1699763083\n|move|p1a: Gliscor|Toxic|p2a: Alomomola\n|-status|p2a: Alomomola|tox\n|move|p2a: Alomomola|Flip Turn|p1a: Gliscor\n|-supereffective|p1a: Gliscor\n|-damage|p1a: Gliscor|78\/100 tox\n|\n|t:|1699763089\n|switch|p2a: Garganacl|Garganacl, F|100\/100|[from] Flip Turn\n|\n|-heal|p1a: Gliscor|90\/100 tox|[from] ability: Poison Heal\n|upkeep\n|turn|139\n|\n|t:|1699763092\n|switch|p2a: Corviknight|Corviknight, M|81\/100\n|-ability|p2a: Corviknight|Pressure\n|move|p1a: Gliscor|Earthquake|p2a: Corviknight\n|-immune|p2a: Corviknight\n|\n|-heal|p1a: Gliscor|100\/100 tox|[from] ability: Poison Heal\n|upkeep\n|turn|140\n|\n|t:|1699763097\n|switch|p1a: Corviknight|Corviknight, F|100\/100\n|-ability|p1a: Corviknight|Pressure\n|switch|p2a: Slowking|Slowking-Galar, M|100\/100\n|\n|upkeep\n|turn|141\n|\n|t:|1699763100\n|switch|p1a: Tyranitar|Tyranitar-Mega, M|78\/100 slp\n|-weather|Sandstorm|[from] ability: Sand Stream|[of] p1a: Tyranitar\n|move|p2a: Slowking|Chilly Reception|p2a: Slowking\n|-weather|Snow\n|\n|t:|1699763103\n|switch|p2a: Garganacl|Garganacl, F|100\/100|[from] Chilly Reception\n|\n|-weather|Snow|[upkeep]\n|upkeep\n|turn|142\n|\n|t:|1699763106\n|switch|p1a: Corviknight|Corviknight, F|100\/100\n|-ability|p1a: Corviknight|Pressure\n|move|p2a: Garganacl|Body Press|p1a: Corviknight\n|-damage|p1a: Corviknight|81\/100\n|\n|-weather|Snow|[upkeep]\n|upkeep\n|turn|143\n|\n|t:|1699763109\n|move|p1a: Corviknight|Iron Head|p2a: Garganacl\n|-supereffective|p2a: Garganacl\n|-damage|p2a: Garganacl|67\/100\n|cant|p2a: Garganacl|flinch\n|\n|-weather|Snow|[upkeep]\n|upkeep\n|turn|144\n|\n|t:|1699763113\n|switch|p1a: Gliscor|Gliscor, F|100\/100 tox\n|move|p2a: Garganacl|Salt Cure|p1a: Gliscor\n|-damage|p1a: Gliscor|92\/100 tox\n|-start|p1a: Gliscor|Salt Cure\n|\n|-weather|Snow|[upkeep]\n|-heal|p1a: Gliscor|100\/100 tox|[from] ability: Poison Heal\n|-damage|p1a: Gliscor|88\/100 tox|[from] Salt Cure\n|upkeep\n|turn|145\n|\n|t:|1699763122\n|switch|p1a: Dondozo|Dondozo, F, tera:Grass|65\/100 slp\n|switch|p2a: Alomomola|Alomomola, F|100\/100 tox\n|\n|-weather|none\n|-heal|p1a: Dondozo|71\/100 slp|[from] item: Leftovers\n|-damage|p2a: Alomomola|94\/100 tox|[from] psn\n|upkeep\n|turn|146\n|\n|t:|1699763126\n|move|p2a: Alomomola|Knock Off|p1a: Dondozo\n|-damage|p1a: Dondozo|63\/100 slp\n|-enditem|p1a: Dondozo|Leftovers|[from] move: Knock Off|[of] p2a: Alomomola\n|cant|p1a: Dondozo|slp\n|move|p1a: Dondozo|Sleep Talk|p1a: Dondozo\n|move|p1a: Dondozo|Rest||[from]move: Sleep Talk|[still]\n|-fail|p1a: Dondozo\n|\n|-damage|p2a: Alomomola|82\/100 tox|[from] psn\n|upkeep\n|turn|147\n|\n|t:|1699763135\n|move|p2a: Alomomola|Wish|p2a: Alomomola\n|-curestatus|p1a: Dondozo|slp|[msg]\n|move|p1a: Dondozo|Sleep Talk||[still]\n|-fail|p1a: Dondozo\n|\n|-damage|p2a: Alomomola|63\/100 tox|[from] psn\n|upkeep\n|turn|148\n|\n|t:|1699763138\n|move|p2a: Alomomola|Flip Turn|p1a: Dondozo\n|-resisted|p1a: Dondozo\n|-damage|p1a: Dondozo|59\/100\n|\n|t:|1699763143\n|switch|p2a: Garganacl|Garganacl, F|67\/100|[from] Flip Turn\n|move|p1a: Dondozo|Body Press|p2a: Garganacl\n|-supereffective|p2a: Garganacl\n|-damage|p2a: Garganacl|33\/100\n|\n|-heal|p2a: Garganacl|99\/100|[from] move: Wish|[wisher] Alomomola\n|upkeep\n|turn|149\n|\n|t:|1699763154\n|switch|p2a: Slowking|Slowking-Galar, M|100\/100\n|switch|p1a: Corviknight|Corviknight, F|81\/100\n|-ability|p1a: Corviknight|Pressure\n|\n|upkeep\n|turn|150\n|\n|t:|1699763158\n|switch|p1a: Tyranitar|Tyranitar-Mega, M|78\/100 slp\n|-weather|Sandstorm|[from] ability: Sand Stream|[of] p1a: Tyranitar\n|move|p2a: Slowking|Flamethrower|p1a: Tyranitar\n|-resisted|p1a: Tyranitar\n|-crit|p1a: Tyranitar\n|-damage|p1a: Tyranitar|72\/100 slp\n|\n|-weather|Sandstorm|[upkeep]\n|-damage|p2a: Slowking|94\/100|[from] Sandstorm\n|upkeep\n|turn|151\n|\n|t:|1699763162\n|cant|p1a: Tyranitar|slp\n|move|p2a: Slowking|Chilly Reception|p2a: Slowking\n|-weather|Snow\n|\n|t:|1699763167\n|switch|p2a: Corviknight|Corviknight, M|81\/100|[from] Chilly Reception\n|-ability|p2a: Corviknight|Pressure\n|\n|-weather|Snow|[upkeep]\n|upkeep\n|turn|152\n|\n|t:|1699763182\n|switch|p1a: Gliscor|Gliscor, F|88\/100 tox\n|switch|p2a: Sableye|Sableye-Mega, F|100\/100\n|\n|-weather|Snow|[upkeep]\n|-heal|p1a: Gliscor|100\/100 tox|[from] ability: Poison Heal\n|upkeep\n|turn|153\n|\n|t:|1699763191\n|switch|p1a: Toxapex|Toxapex, F|100\/100 brn\n|move|p2a: Sableye|Encore||[still]\n|-fail|p2a: Sableye\n|\n|-weather|Snow|[upkeep]\n|-damage|p1a: Toxapex|95\/100 brn|[from] brn\n|upkeep\n|turn|154\n|\n|t:|1699763196\n|switch|p1a: Tyranitar|Tyranitar-Mega, M|72\/100 slp\n|-weather|Sandstorm|[from] ability: Sand Stream|[of] p1a: Tyranitar\n|switch|p2a: Corviknight|Corviknight, M|81\/100\n|-ability|p2a: Corviknight|Pressure\n|\n|-weather|Sandstorm|[upkeep]\n|upkeep\n|turn|155\n|\n|t:|1699763200\n|switch|p1a: Gliscor|Gliscor, F|100\/100 tox\n|switch|p2a: Sableye|Sableye-Mega, F|100\/100\n|\n|-weather|Sandstorm|[upkeep]\n|-damage|p2a: Sableye|95\/100|[from] Sandstorm\n|upkeep\n|turn|156\n|\n|t:|1699763203\n|switch|p1a: Toxapex|Toxapex, F|100\/100 brn\n|switch|p2a: Alomomola|Alomomola, F|97\/100 tox\n|\n|-weather|Sandstorm|[upkeep]\n|-damage|p2a: Alomomola|91\/100 tox|[from] Sandstorm\n|-damage|p1a: Toxapex|95\/100 brn|[from] Sandstorm\n|-damage|p2a: Alomomola|84\/100 tox|[from] psn\n|-damage|p1a: Toxapex|89\/100 brn|[from] brn\n|upkeep\n|turn|157\n|\n|t:|1699763206\n|switch|p2a: Slowking|Slowking-Galar, M|100\/100\n|move|p1a: Toxapex|Knock Off|p2a: Slowking\n|-supereffective|p2a: Slowking\n|-damage|p2a: Slowking|90\/100\n|\n|-weather|Sandstorm|[upkeep]\n|-damage|p1a: Toxapex|83\/100 brn|[from] Sandstorm\n|-damage|p2a: Slowking|84\/100|[from] Sandstorm\n|-damage|p1a: Toxapex|77\/100 brn|[from] brn\n|upkeep\n|turn|158\n|\n|t:|1699763214\n|switch|p1a: Tyranitar|Tyranitar-Mega, M|72\/100 slp\n|move|p2a: Slowking|Flamethrower|p1a: Tyranitar\n|-resisted|p1a: Tyranitar\n|-damage|p1a: Tyranitar|67\/100 slp\n|\n|-weather|none\n|upkeep\n|turn|159\n|\n|t:|1699763219\n|-curestatus|p1a: Tyranitar|slp|[msg]\n|move|p1a: Tyranitar|Stealth Rock|p2a: Slowking\n|-sidestart|p2: yunhaiyue|move: Stealth Rock\n|move|p2a: Slowking|Chilly Reception|p2a: Slowking\n|-weather|Snow\n|\n|t:|1699763224\n|switch|p2a: Corviknight|Corviknight, M|81\/100|[from] Chilly Reception\n|-damage|p2a: Corviknight|69\/100|[from] Stealth Rock\n|-ability|p2a: Corviknight|Pressure\n|\n|-weather|Snow|[upkeep]\n|upkeep\n|turn|160\n|\n|t:|1699763227\n|switch|p1a: Corviknight|Corviknight, F|81\/100\n|-ability|p1a: Corviknight|Pressure\n|move|p2a: Corviknight|Defog|p1a: Corviknight\n|-unboost|p1a: Corviknight|evasion|1\n|-sideend|p2: yunhaiyue|Stealth Rock|[from] move: Defog|[of] p2a: Corviknight\n|\n|-weather|Snow|[upkeep]\n|upkeep\n|turn|161\n|\n|t:|1699763252\n|switch|p1a: Gliscor|Gliscor, F|100\/100 tox\n|move|p2a: Corviknight|Roost|p2a: Corviknight\n|-heal|p2a: Corviknight|100\/100\n|-singleturn|p2a: Corviknight|move: Roost\n|\n|-weather|Snow|[upkeep]\n|upkeep\n|turn|162\n|\n|t:|1699763258\n|switch|p2a: Sableye|Sableye-Mega, F|95\/100\n|move|p1a: Gliscor|Protect||[still]\n|-fail|p1a: Gliscor\n|\n|-weather|Snow|[upkeep]\n|upkeep\n|turn|163\n|\n|t:|1699763272\n|switch|p1a: Toxapex|Toxapex, F|100\/100 brn\n|switch|p2a: Corviknight|Corviknight, M|100\/100\n|-ability|p2a: Corviknight|Pressure\n|\n|-weather|none\n|-damage|p1a: Toxapex|95\/100 brn|[from] brn\n|upkeep\n|turn|164\n|inactive|yunhaiyue has 120 seconds left.\n|\n|t:|1699763292\n|switch|p1a: Gliscor|Gliscor, F|100\/100 tox\n|move|p2a: Corviknight|Taunt|p1a: Gliscor\n|-start|p1a: Gliscor|move: Taunt\n|\n|upkeep\n|turn|165\n|\n|t:|1699763295\n|switch|p1a: Corviknight|Corviknight, F|81\/100\n|-ability|p1a: Corviknight|Pressure\n|move|p2a: Corviknight|U-turn|p1a: Corviknight\n|-resisted|p1a: Corviknight\n|-damage|p1a: Corviknight|78\/100\n|inactive|yunhaiyue has 120 seconds left.\n|\n|t:|1699763301\n|switch|p2a: Alomomola|Alomomola, F|100\/100 tox|[from] U-turn\n|\n|-damage|p2a: Alomomola|94\/100 tox|[from] psn\n|upkeep\n|turn|166\n|\n|t:|1699763304\n|switch|p1a: Tyranitar|Tyranitar-Mega, M|67\/100\n|-weather|Sandstorm|[from] ability: Sand Stream|[of] p1a: Tyranitar\n|move|p2a: Alomomola|Flip Turn|p1a: Tyranitar\n|-supereffective|p1a: Tyranitar\n|-damage|p1a: Tyranitar|46\/100\n|\n|t:|1699763310\n|switch|p2a: Corviknight|Corviknight, M|100\/100|[from] Flip Turn\n|-ability|p2a: Corviknight|Pressure\n|\n|-weather|Sandstorm|[upkeep]\n|upkeep\n|turn|167\n|\n|t:|1699763314\n|switch|p2a: Sableye|Sableye-Mega, F|95\/100\n|move|p1a: Tyranitar|Stealth Rock|p2a: Sableye\n|move|p2a: Sableye|Stealth Rock|p1a: Tyranitar|[from]ability: Magic Bounce\n|-sidestart|p1: jkljlkh|move: Stealth Rock\n|\n|-weather|Sandstorm|[upkeep]\n|-damage|p2a: Sableye|89\/100|[from] Sandstorm\n|upkeep\n|turn|168\n|\n|t:|1699763320\n|switch|p2a: Alomomola|Alomomola, F|100\/100 tox\n|move|p1a: Tyranitar|Knock Off|p2a: Alomomola\n|-damage|p2a: Alomomola|83\/100 tox\n|\n|-weather|Sandstorm|[upkeep]\n|-damage|p2a: Alomomola|77\/100 tox|[from] Sandstorm\n|-damage|p2a: Alomomola|71\/100 tox|[from] psn\n|upkeep\n|turn|169\n|\n|t:|1699763327\n|move|p1a: Tyranitar|Stealth Rock|p2a: Alomomola\n|-sidestart|p2: yunhaiyue|move: Stealth Rock\n|move|p2a: Alomomola|Wish|p2a: Alomomola\n|\n|-weather|Sandstorm|[upkeep]\n|-damage|p2a: Alomomola|64\/100 tox|[from] Sandstorm\n|-damage|p2a: Alomomola|52\/100 tox|[from] psn\n|upkeep\n|turn|170\n|\n|t:|1699763340\n|switch|p1a: Toxapex|Toxapex, F|100\/100 brn\n|move|p2a: Alomomola|Flip Turn|p1a: Toxapex\n|-resisted|p1a: Toxapex\n|-damage|p1a: Toxapex|96\/100 brn\n|\n|t:|1699763343\n|switch|p2a: Sableye|Sableye-Mega, F|89\/100|[from] Flip Turn\n|-damage|p2a: Sableye|76\/100|[from] Stealth Rock\n|\n|-weather|none\n|-heal|p2a: Sableye|100\/100|[from] move: Wish|[wisher] Alomomola\n|-damage|p1a: Toxapex|90\/100 brn|[from] brn\n|upkeep\n|turn|171\n|\n|t:|1699763348\n|move|p1a: Toxapex|Knock Off|p2a: Sableye\n|-damage|p2a: Sableye|97\/100\n|move|p2a: Sableye|Knock Off|p1a: Toxapex\n|-damage|p1a: Toxapex|70\/100 brn\n|-enditem|p1a: Toxapex|Heavy-Duty Boots|[from] move: Knock Off|[of] p2a: Sableye\n|\n|-damage|p1a: Toxapex|65\/100 brn|[from] brn\n|upkeep\n|turn|172\n|\n|t:|1699763357\n|switch|p1a: Gliscor|Gliscor, F|100\/100 tox\n|-damage|p1a: Gliscor|88\/100 tox|[from] Stealth Rock\n|switch|p2a: Slowking|Slowking-Galar, M|100\/100\n|-damage|p2a: Slowking|88\/100|[from] Stealth Rock\n|\n|-heal|p1a: Gliscor|100\/100 tox|[from] ability: Poison Heal\n|upkeep\n|turn|173\n|\n|t:|1699763362\n|switch|p2a: Corviknight|Corviknight, M|100\/100\n|-damage|p2a: Corviknight|88\/100|[from] Stealth Rock\n|-ability|p2a: Corviknight|Pressure\n|move|p1a: Gliscor|Earthquake|p2a: Corviknight\n|-immune|p2a: Corviknight\n|\n|upkeep\n|turn|174\n|\n|t:|1699763372\n|switch|p1a: Corviknight|Corviknight, F|78\/100\n|-damage|p1a: Corviknight|66\/100|[from] Stealth Rock\n|-ability|p1a: Corviknight|Pressure\n|switch|p2a: Sableye|Sableye-Mega, F|97\/100\n|-damage|p2a: Sableye|85\/100|[from] Stealth Rock\n|\n|upkeep\n|turn|175\n|\n|t:|1699763378\n|switch|p1a: Toxapex|Toxapex, F|98\/100 brn\n|-damage|p1a: Toxapex|86\/100 brn|[from] Stealth Rock\n|move|p2a: Sableye|Will-O-Wisp|p1a: Toxapex\n|-fail|p1a: Toxapex|brn\n|\n|-damage|p1a: Toxapex|80\/100 brn|[from] brn\n|upkeep\n|turn|176\n|\n|t:|1699763384\n|switch|p1a: Gliscor|Gliscor, F|100\/100 tox\n|-damage|p1a: Gliscor|88\/100 tox|[from] Stealth Rock\n|switch|p2a: Slowking|Slowking-Galar, M|100\/100\n|-damage|p2a: Slowking|88\/100|[from] Stealth Rock\n|\n|-heal|p1a: Gliscor|100\/100 tox|[from] ability: Poison Heal\n|upkeep\n|turn|177\n|\n|t:|1699763389\n|switch|p1a: Blissey|Blissey, F|100\/100\n|switch|p2a: Sableye|Sableye-Mega, F|85\/100\n|-damage|p2a: Sableye|73\/100|[from] Stealth Rock\n|\n|upkeep\n|turn|178\n|\n|t:|1699763392\n|switch|p1a: Gliscor|Gliscor, F|100\/100 tox\n|-damage|p1a: Gliscor|88\/100 tox|[from] Stealth Rock\n|move|p2a: Sableye|Knock Off|p1a: Gliscor\n|-damage|p1a: Gliscor|68\/100 tox\n|-enditem|p1a: Gliscor|Toxic Orb|[from] move: Knock Off|[of] p2a: Sableye\n|\n|-heal|p1a: Gliscor|81\/100 tox|[from] ability: Poison Heal\n|upkeep\n|turn|179\n|\n|t:|1699763397\n|switch|p2a: Alomomola|Alomomola, F|85\/100 tox\n|-damage|p2a: Alomomola|73\/100 tox|[from] Stealth Rock\n|move|p1a: Gliscor|Protect||[still]\n|-fail|p1a: Gliscor\n|\n|-heal|p1a: Gliscor|93\/100 tox|[from] ability: Poison Heal\n|-damage|p2a: Alomomola|67\/100 tox|[from] psn\n|upkeep\n|turn|180\n|\n|t:|1699763402\n|move|p1a: Gliscor|Spikes|p2a: Alomomola\n|-sidestart|p2: yunhaiyue|Spikes\n|move|p2a: Alomomola|Wish|p2a: Alomomola\n|\n|-heal|p1a: Gliscor|100\/100 tox|[from] ability: Poison Heal\n|-damage|p2a: Alomomola|54\/100 tox|[from] psn\n|upkeep\n|turn|181\n|\n|t:|1699763407\n|switch|p2a: Sableye|Sableye-Mega, F|73\/100\n|-damage|p2a: Sableye|61\/100|[from] Stealth Rock\n|-damage|p2a: Sableye|48\/100|[from] Spikes\n|move|p1a: Gliscor|Earthquake|p2a: Sableye\n|-damage|p2a: Sableye|26\/100\n|\n|-heal|p2a: Sableye|100\/100|[from] move: Wish|[wisher] Alomomola\n|upkeep\n|turn|182\n|\n|t:|1699763416\n|switch|p1a: Toxapex|Toxapex, F|100\/100 brn\n|-damage|p1a: Toxapex|88\/100 brn|[from] Stealth Rock\n|switch|p2a: Corviknight|Corviknight, M|88\/100\n|-damage|p2a: Corviknight|76\/100|[from] Stealth Rock\n|-ability|p2a: Corviknight|Pressure\n|\n|-damage|p1a: Toxapex|82\/100 brn|[from] brn\n|upkeep\n|turn|183\n|\n|t:|1699763420\n|switch|p1a: Corviknight|Corviknight, F|66\/100\n|-damage|p1a: Corviknight|53\/100|[from] Stealth Rock\n|-ability|p1a: Corviknight|Pressure\n|move|p2a: Corviknight|Taunt|p1a: Corviknight\n|-start|p1a: Corviknight|move: Taunt\n|\n|upkeep\n|turn|184\n|\n|t:|1699763424\n|move|p1a: Corviknight|Iron Head|p2a: Corviknight\n|-resisted|p2a: Corviknight\n|-damage|p2a: Corviknight|68\/100\n|move|p2a: Corviknight|Roost|p2a: Corviknight\n|-heal|p2a: Corviknight|100\/100\n|-singleturn|p2a: Corviknight|move: Roost\n|\n|upkeep\n|turn|185\n|\n|t:|1699763429\n|move|p1a: Corviknight|Iron Head|p2a: Corviknight\n|-resisted|p2a: Corviknight\n|-damage|p2a: Corviknight|93\/100\n|cant|p2a: Corviknight|flinch\n|\n|-end|p1a: Corviknight|move: Taunt\n|upkeep\n|turn|186\n|\n|t:|1699763435\n|move|p2a: Corviknight|Defog|p1a: Corviknight\n|-unboost|p1a: Corviknight|evasion|1\n|-sideend|p1: jkljlkh|Stealth Rock|[from] move: Defog|[of] p2a: Corviknight\n|-sideend|p2: yunhaiyue|Spikes|[from] move: Defog|[of] p2a: Corviknight\n|-sideend|p2: yunhaiyue|Stealth Rock|[from] move: Defog|[of] p2a: Corviknight\n|move|p1a: Corviknight|Roost|p1a: Corviknight\n|-heal|p1a: Corviknight|100\/100\n|-singleturn|p1a: Corviknight|move: Roost\n|\n|upkeep\n|turn|187\n|\n|t:|1699763441\n|move|p1a: Corviknight|Protect|p1a: Corviknight\n|-singleturn|p1a: Corviknight|Protect\n|move|p2a: Corviknight|U-turn|p1a: Corviknight\n|-activate|p1a: Corviknight|move: Protect\n|\n|upkeep\n|turn|188\n|\n|t:|1699763444\n|move|p1a: Corviknight|Iron Head|p2a: Corviknight\n|-resisted|p2a: Corviknight\n|-damage|p2a: Corviknight|86\/100\n|move|p2a: Corviknight|U-turn|p1a: Corviknight\n|-resisted|p1a: Corviknight\n|-damage|p1a: Corviknight|98\/100\n|\n|t:|1699763448\n|switch|p2a: Slowking|Slowking-Galar, M|100\/100|[from] U-turn\n|\n|upkeep\n|turn|189\n|\n|t:|1699763450\n|switch|p1a: Blissey|Blissey, F|100\/100\n|move|p2a: Slowking|Chilly Reception|p2a: Slowking\n|-weather|Snow\n|\n|t:|1699763465\n|switch|p2a: Alomomola|Alomomola, F|88\/100 tox|[from] Chilly Reception\n|\n|-weather|Snow|[upkeep]\n|-damage|p2a: Alomomola|82\/100 tox|[from] psn\n|upkeep\n|turn|190\n|\n|t:|1699763468\n|move|p2a: Alomomola|Knock Off|p1a: Blissey\n|-damage|p1a: Blissey|72\/100\n|-enditem|p1a: Blissey|Heavy-Duty Boots|[from] move: Knock Off|[of] p2a: Alomomola\n|move|p1a: Blissey|Seismic Toss|p2a: Alomomola\n|-damage|p2a: Alomomola|63\/100 tox\n|\n|-weather|Snow|[upkeep]\n|-damage|p2a: Alomomola|50\/100 tox|[from] psn\n|upkeep\n|turn|191\n|\n|t:|1699763484\n|switch|p2a: Sableye|Sableye-Mega, F|100\/100\n|switch|p1a: Tyranitar|Tyranitar-Mega, M|46\/100\n|-weather|Sandstorm|[from] ability: Sand Stream|[of] p1a: Tyranitar\n|\n|-weather|Sandstorm|[upkeep]\n|-damage|p2a: Sableye|95\/100|[from] Sandstorm\n|upkeep\n|turn|192\n|\n|t:|1699763495\n|switch|p2a: Garganacl|Garganacl, F|99\/100\n|move|p1a: Tyranitar|Knock Off|p2a: Garganacl\n|-damage|p2a: Garganacl|75\/100\n|\n|-weather|Sandstorm|[upkeep]\n|upkeep\n|turn|193\n|\n|t:|1699763502\n|switch|p1a: Gliscor|Gliscor, F|100\/100 tox\n|move|p2a: Garganacl|Body Press|p1a: Gliscor\n|-resisted|p1a: Gliscor\n|-damage|p1a: Gliscor|94\/100 tox\n|\n|-weather|Sandstorm|[upkeep]\n|-heal|p1a: Gliscor|100\/100 tox|[from] ability: Poison Heal\n|upkeep\n|turn|194\n|\n|t:|1699763508\n|switch|p1a: Toxapex|Toxapex, F|100\/100 brn\n|switch|p2a: Corviknight|Corviknight, M|86\/100\n|-ability|p2a: Corviknight|Pressure\n|\n|-weather|Sandstorm|[upkeep]\n|-damage|p1a: Toxapex|95\/100 brn|[from] Sandstorm\n|-damage|p1a: Toxapex|89\/100 brn|[from] brn\n|upkeep\n|turn|195\n|inactive|yunhaiyue has 120 seconds left.\n|\n|t:|1699763514\n|switch|p1a: Corviknight|Corviknight, F|98\/100\n|-ability|p1a: Corviknight|Pressure\n|move|p2a: Corviknight|Taunt|p1a: Corviknight\n|-start|p1a: Corviknight|move: Taunt\n|\n|-weather|none\n|upkeep\n|turn|196\n|\n|t:|1699763519\n|switch|p1a: Gliscor|Gliscor, F|100\/100 tox\n|move|p2a: Corviknight|U-turn|p1a: Gliscor\n|-resisted|p1a: Gliscor\n|-damage|p1a: Gliscor|96\/100 tox\n|\n|t:|1699763523\n|switch|p2a: Slowking|Slowking-Galar, M|100\/100|[from] U-turn\n|\n|-heal|p1a: Gliscor|100\/100 tox|[from] ability: Poison Heal\n|upkeep\n|turn|197\n|\n|t:|1699763527\n|switch|p1a: Tyranitar|Tyranitar-Mega, M|46\/100\n|-weather|Sandstorm|[from] ability: Sand Stream|[of] p1a: Tyranitar\n|switch|p2a: Alomomola|Alomomola, F|84\/100 tox\n|\n|-weather|Sandstorm|[upkeep]\n|-damage|p2a: Alomomola|78\/100 tox|[from] Sandstorm\n|-damage|p2a: Alomomola|71\/100 tox|[from] psn\n|upkeep\n|turn|198\n|\n|t:|1699763531\n|move|p1a: Tyranitar|Stealth Rock|p2a: Alomomola\n|-sidestart|p2: yunhaiyue|move: Stealth Rock\n|move|p2a: Alomomola|Flip Turn|p1a: Tyranitar\n|-supereffective|p1a: Tyranitar\n|-damage|p1a: Tyranitar|28\/100\n|\n|t:|1699763533\n|switch|p2a: Corviknight|Corviknight, M|86\/100|[from] Flip Turn\n|-damage|p2a: Corviknight|74\/100|[from] Stealth Rock\n|-ability|p2a: Corviknight|Pressure\n|\n|-weather|Sandstorm|[upkeep]\n|upkeep\n|turn|199\n|\n|t:|1699763536\n|switch|p1a: Corviknight|Corviknight, F|98\/100\n|-ability|p1a: Corviknight|Pressure\n|move|p2a: Corviknight|Defog|p1a: Corviknight\n|-unboost|p1a: Corviknight|evasion|1\n|-sideend|p2: yunhaiyue|Stealth Rock|[from] move: Defog|[of] p2a: Corviknight\n|\n|-weather|Sandstorm|[upkeep]\n|upkeep\n|turn|200\n|\n|t:|1699763540\n|switch|p1a: Gliscor|Gliscor, F|100\/100 tox\n|move|p2a: Corviknight|U-turn|p1a: Gliscor\n|-resisted|p1a: Gliscor\n|-damage|p1a: Gliscor|97\/100 tox\n|\n|t:|1699763543\n|switch|p2a: Slowking|Slowking-Galar, M|100\/100|[from] U-turn\n|\n|-weather|Sandstorm|[upkeep]\n|-damage|p2a: Slowking|94\/100|[from] Sandstorm\n|-heal|p1a: Gliscor|100\/100 tox|[from] ability: Poison Heal\n|upkeep\n|turn|201\n|\n|t:|1699763545\n|switch|p1a: Tyranitar|Tyranitar-Mega, M|28\/100\n|move|p2a: Slowking|Chilly Reception|p2a: Slowking\n|-weather|Snow\n|\n|t:|1699763549\n|switch|p2a: Corviknight|Corviknight, M|74\/100|[from] Chilly Reception\n|-ability|p2a: Corviknight|Pressure\n|\n|-weather|Snow|[upkeep]\n|upkeep\n|turn|202\n|\n|t:|1699763553\n|switch|p1a: Corviknight|Corviknight, F|98\/100\n|-ability|p1a: Corviknight|Pressure\n|move|p2a: Corviknight|U-turn|p1a: Corviknight\n|-resisted|p1a: Corviknight\n|-damage|p1a: Corviknight|95\/100\n|\n|t:|1699763557\n|switch|p2a: Garganacl|Garganacl, F|75\/100|[from] U-turn\n|\n|-weather|Snow|[upkeep]\n|upkeep\n|turn|203\n|\n|t:|1699763560\n|switch|p2a: Alomomola|Alomomola, F|100\/100 tox\n|move|p1a: Corviknight|Iron Head|p2a: Alomomola\n|-resisted|p2a: Alomomola\n|-damage|p2a: Alomomola|94\/100 tox\n|\n|-weather|Snow|[upkeep]\n|-damage|p2a: Alomomola|88\/100 tox|[from] psn\n|upkeep\n|turn|204\n|\n|t:|1699763563\n|switch|p1a: Toxapex|Toxapex, F|100\/100 brn\n|move|p2a: Alomomola|Wish|p2a: Alomomola\n|\n|-weather|Snow|[upkeep]\n|-damage|p2a: Alomomola|76\/100 tox|[from] psn\n|-damage|p1a: Toxapex|95\/100 brn|[from] brn\n|upkeep\n|turn|205\n|\n|t:|1699763570\n|switch|p2a: Garganacl|Garganacl, F|75\/100\n|move|p1a: Toxapex|Knock Off|p2a: Garganacl\n|-damage|p2a: Garganacl|72\/100\n|\n|-weather|none\n|-heal|p2a: Garganacl|100\/100|[from] move: Wish|[wisher] Alomomola\n|-damage|p1a: Toxapex|89\/100 brn|[from] brn\n|upkeep\n|turn|206\n|\n|t:|1699763578\n|switch|p2a: Slowking|Slowking-Galar, M|100\/100\n|move|p1a: Toxapex|Knock Off|p2a: Slowking\n|-supereffective|p2a: Slowking\n|-damage|p2a: Slowking|89\/100\n|\n|-damage|p1a: Toxapex|83\/100 brn|[from] brn\n|upkeep\n|turn|207\n|\n|t:|1699763583\n|switch|p1a: Tyranitar|Tyranitar-Mega, M|28\/100\n|-weather|Sandstorm|[from] ability: Sand Stream|[of] p1a: Tyranitar\n|move|p2a: Slowking|Psyshock|p1a: Tyranitar\n|-immune|p1a: Tyranitar\n|\n|-weather|Sandstorm|[upkeep]\n|-damage|p2a: Slowking|83\/100|[from] Sandstorm\n|upkeep\n|turn|208\n|\n|t:|1699763597\n|-terastallize|p2a: Slowking|Fairy\n|move|p1a: Tyranitar|Rest|p1a: Tyranitar\n|-status|p1a: Tyranitar|slp|[from] move: Rest\n|-heal|p1a: Tyranitar|100\/100 slp|[silent]\n|move|p2a: Slowking|Chilly Reception|p2a: Slowking\n|-weather|Snow\n|\n|t:|1699763603\n|switch|p2a: Garganacl|Garganacl, F|100\/100|[from] Chilly Reception\n|\n|-weather|Snow|[upkeep]\n|upkeep\n|turn|209\n|\n|t:|1699763606\n|switch|p1a: Corviknight|Corviknight, F|95\/100\n|-ability|p1a: Corviknight|Pressure\n|move|p2a: Garganacl|Iron Defense|p2a: Garganacl\n|-boost|p2a: Garganacl|def|2\n|\n|-weather|Snow|[upkeep]\n|upkeep\n|turn|210\n|\n|t:|1699763611\n|move|p1a: Corviknight|Iron Head|p2a: Garganacl\n|-supereffective|p2a: Garganacl\n|-damage|p2a: Garganacl|85\/100\n|move|p2a: Garganacl|Body Press|p1a: Corviknight\n|-crit|p1a: Corviknight\n|-damage|p1a: Corviknight|37\/100\n|\n|-weather|Snow|[upkeep]\n|upkeep\n|turn|211\n|\n|t:|1699763621\n|switch|p1a: Toxapex|Toxapex, F|100\/100 brn\n|move|p2a: Garganacl|Body Press|p1a: Toxapex\n|-resisted|p1a: Toxapex\n|-damage|p1a: Toxapex|85\/100 brn\n|\n|-weather|Snow|[upkeep]\n|-damage|p1a: Toxapex|79\/100 brn|[from] brn\n|upkeep\n|turn|212\n|\n|t:|1699763625\n|switch|p1a: Gliscor|Gliscor, F|100\/100 tox\n|move|p2a: Garganacl|Salt Cure|p1a: Gliscor\n|-damage|p1a: Gliscor|91\/100 tox\n|-start|p1a: Gliscor|Salt Cure\n|\n|-weather|none\n|-heal|p1a: Gliscor|100\/100 tox|[from] ability: Poison Heal\n|-damage|p1a: Gliscor|88\/100 tox|[from] Salt Cure\n|upkeep\n|turn|213\n|\n|t:|1699763630\n|switch|p1a: Toxapex|Toxapex, F|100\/100 brn\n|switch|p2a: Sableye|Sableye-Mega, F|95\/100\n|\n|-damage|p1a: Toxapex|95\/100 brn|[from] brn\n|upkeep\n|turn|214\n|\n|t:|1699763634\n|switch|p2a: Alomomola|Alomomola, F|100\/100 tox\n|move|p1a: Toxapex|Knock Off|p2a: Alomomola\n|-damage|p2a: Alomomola|98\/100 tox\n|\n|-damage|p2a: Alomomola|92\/100 tox|[from] psn\n|-damage|p1a: Toxapex|89\/100 brn|[from] brn\n|upkeep\n|turn|215\n|\n|t:|1699763646\n|switch|p1a: Gliscor|Gliscor, F|88\/100 tox\n|move|p2a: Alomomola|Wish|p2a: Alomomola\n|\n|-heal|p1a: Gliscor|100\/100 tox|[from] ability: Poison Heal\n|-damage|p2a: Alomomola|79\/100 tox|[from] psn\n|upkeep\n|turn|216\n|\n|t:|1699763651\n|switch|p1a: Toxapex|Toxapex, F|100\/100 brn\n|switch|p2a: Corviknight|Corviknight, M|74\/100\n|-ability|p2a: Corviknight|Pressure\n|\n|-heal|p2a: Corviknight|100\/100|[from] move: Wish|[wisher] Alomomola\n|-damage|p1a: Toxapex|95\/100 brn|[from] brn\n|upkeep\n|turn|217\n|\n|t:|1699763654\n|switch|p1a: Corviknight|Corviknight, F|37\/100\n|-ability|p1a: Corviknight|Pressure\n|move|p2a: Corviknight|Taunt|p1a: Corviknight\n|-start|p1a: Corviknight|move: Taunt\n|\n|upkeep\n|turn|218\n|\n|t:|1699763658\n|switch|p2a: Slowking|Slowking-Galar, M, tera:Fairy|100\/100\n|switch|p1a: Gliscor|Gliscor, F|100\/100 tox\n|\n|upkeep\n|turn|219\n|\n|t:|1699763666\n|switch|p2a: Alomomola|Alomomola, F|100\/100 tox\n|move|p1a: Gliscor|Toxic|p2a: Alomomola\n|-fail|p2a: Alomomola|tox\n|\n|-damage|p2a: Alomomola|94\/100 tox|[from] psn\n|upkeep\n|turn|220\n|\n|t:|1699763689\n|move|p1a: Gliscor|Spikes|p2a: Alomomola\n|-sidestart|p2: yunhaiyue|Spikes\n|move|p2a: Alomomola|Flip Turn|p1a: Gliscor\n|-supereffective|p1a: Gliscor\n|-damage|p1a: Gliscor|80\/100 tox\n|\n|t:|1699763692\n|switch|p2a: Corviknight|Corviknight, M|100\/100|[from] Flip Turn\n|-ability|p2a: Corviknight|Pressure\n|\n|-heal|p1a: Gliscor|93\/100 tox|[from] ability: Poison Heal\n|upkeep\n|turn|221\n|\n|t:|1699763696\n|switch|p1a: Corviknight|Corviknight, F|37\/100\n|-ability|p1a: Corviknight|Pressure\n|move|p2a: Corviknight|Defog|p1a: Corviknight\n|-unboost|p1a: Corviknight|evasion|1\n|-sideend|p2: yunhaiyue|Spikes|[from] move: Defog|[of] p2a: Corviknight\n|\n|upkeep\n|turn|222\n|\n|t:|1699763699\n|move|p1a: Corviknight|Roost|p1a: Corviknight\n|-heal|p1a: Corviknight|87\/100\n|-singleturn|p1a: Corviknight|move: Roost\n|move|p2a: Corviknight|Taunt|p1a: Corviknight\n|-start|p1a: Corviknight|move: Taunt\n|\n|upkeep\n|turn|223\n|\n|t:|1699763704\n|switch|p1a: Gliscor|Gliscor, F|93\/100 tox\n|switch|p2a: Sableye|Sableye-Mega, F|95\/100\n|\n|-heal|p1a: Gliscor|100\/100 tox|[from] ability: Poison Heal\n|upkeep\n|turn|224\n|\n|t:|1699763723\n|switch|p1a: Toxapex|Toxapex, F|100\/100 brn\n|switch|p2a: Slowking|Slowking-Galar, M, tera:Fairy|100\/100\n|\n|-damage|p1a: Toxapex|95\/100 brn|[from] brn\n|upkeep\n|turn|225\n|\n|t:|1699763727\n|move|p1a: Toxapex|Toxic|p2a: Slowking\n|-status|p2a: Slowking|tox\n|move|p2a: Slowking|Psyshock|p1a: Toxapex\n|-supereffective|p1a: Toxapex\n|-damage|p1a: Toxapex|56\/100 brn\n|\n|-damage|p2a: Slowking|94\/100 tox|[from] psn\n|-damage|p1a: Toxapex|50\/100 brn|[from] brn\n|upkeep\n|turn|226\n|\n|t:|1699763734\n|switch|p1a: Tyranitar|Tyranitar-Mega, M|100\/100 slp\n|-weather|Sandstorm|[from] ability: Sand Stream|[of] p1a: Tyranitar\n|switch|p2a: Alomomola|Alomomola, F|100\/100 tox\n|\n|-weather|Sandstorm|[upkeep]\n|-damage|p2a: Alomomola|94\/100 tox|[from] Sandstorm\n|-damage|p2a: Alomomola|88\/100 tox|[from] psn\n|upkeep\n|turn|227\n|\n|t:|1699763741\n|switch|p1a: Toxapex|Toxapex, F|84\/100 brn\n|switch|p2a: Slowking|Slowking-Galar, M, tera:Fairy|100\/100 tox\n|\n|-weather|Sandstorm|[upkeep]\n|-damage|p1a: Toxapex|78\/100 brn|[from] Sandstorm\n|-damage|p2a: Slowking|94\/100 tox|[from] Sandstorm\n|-damage|p2a: Slowking|88\/100 tox|[from] psn\n|-damage|p1a: Toxapex|72\/100 brn|[from] brn\n|upkeep\n|turn|228\n|\n|t:|1699763746\n|switch|p2a: Alomomola|Alomomola, F|100\/100 tox\n|move|p1a: Toxapex|Baneful Bunker||[still]\n|-fail|p1a: Toxapex\n|\n|-weather|Sandstorm|[upkeep]\n|-damage|p2a: Alomomola|94\/100 tox|[from] Sandstorm\n|-damage|p1a: Toxapex|66\/100 brn|[from] Sandstorm\n|-damage|p2a: Alomomola|88\/100 tox|[from] psn\n|-damage|p1a: Toxapex|60\/100 brn|[from] brn\n|upkeep\n|turn|229\n|\n|t:|1699763752\n|switch|p2a: Slowking|Slowking-Galar, M, tera:Fairy|100\/100 tox\n|switch|p1a: Gliscor|Gliscor, F|100\/100 tox\n|\n|-weather|Sandstorm|[upkeep]\n|-damage|p2a: Slowking|94\/100 tox|[from] Sandstorm\n|-damage|p2a: Slowking|88\/100 tox|[from] psn\n|upkeep\n|turn|230\n|\n|t:|1699763755\n|switch|p2a: Alomomola|Alomomola, F|100\/100 tox\n|move|p1a: Gliscor|Protect||[still]\n|-fail|p1a: Gliscor\n|\n|-weather|none\n|-damage|p2a: Alomomola|94\/100 tox|[from] psn\n|upkeep\n|turn|231\n|\n|t:|1699763759\n|switch|p2a: Slowking|Slowking-Galar, M, tera:Fairy|100\/100 tox\n|move|p1a: Gliscor|Spikes|p2a: Slowking\n|-sidestart|p2: yunhaiyue|Spikes\n|\n|-damage|p2a: Slowking|94\/100 tox|[from] psn\n|upkeep\n|turn|232\n|inactive|jkljlkh has 120 seconds left.\n|\n|t:|1699763797\n|switch|p2a: Corviknight|Corviknight, M|100\/100\n|-ability|p2a: Corviknight|Pressure\n|move|p1a: Gliscor|Protect||[still]\n|-fail|p1a: Gliscor\n|\n|upkeep\n|turn|233\n|\n|t:|1699763811\n|switch|p1a: Corviknight|Corviknight, F|87\/100\n|-ability|p1a: Corviknight|Pressure\n|switch|p2a: Slowking|Slowking-Galar, M, tera:Fairy|100\/100 tox\n|-damage|p2a: Slowking|88\/100 tox|[from] Spikes\n|\n|-damage|p2a: Slowking|82\/100 tox|[from] psn\n|upkeep\n|turn|234\n|\n|t:|1699763820\n|switch|p1a: Gliscor|Gliscor, F|100\/100 tox\n|switch|p2a: Alomomola|Alomomola, F|100\/100 tox\n|-damage|p2a: Alomomola|88\/100 tox|[from] Spikes\n|\n|-damage|p2a: Alomomola|82\/100 tox|[from] psn\n|upkeep\n|turn|235\n|\n|t:|1699763824\n|switch|p1a: Tyranitar|Tyranitar-Mega, M|100\/100 slp\n|-weather|Sandstorm|[from] ability: Sand Stream|[of] p1a: Tyranitar\n|switch|p2a: Slowking|Slowking-Galar, M, tera:Fairy|100\/100 tox\n|-damage|p2a: Slowking|88\/100 tox|[from] Spikes\n|\n|-weather|Sandstorm|[upkeep]\n|-damage|p2a: Slowking|82\/100 tox|[from] Sandstorm\n|-damage|p2a: Slowking|76\/100 tox|[from] psn\n|upkeep\n|turn|236\n|\n|t:|1699763828\n|switch|p2a: Alomomola|Alomomola, F|100\/100 tox\n|-damage|p2a: Alomomola|88\/100 tox|[from] Spikes\n|cant|p1a: Tyranitar|slp\n|\n|-weather|Sandstorm|[upkeep]\n|-damage|p2a: Alomomola|82\/100 tox|[from] Sandstorm\n|-damage|p2a: Alomomola|76\/100 tox|[from] psn\n|upkeep\n|turn|237\n|\n|t:|1699763834\n|cant|p1a: Tyranitar|slp\n|move|p2a: Alomomola|Wish|p2a: Alomomola\n|\n|-weather|Sandstorm|[upkeep]\n|-damage|p2a: Alomomola|70\/100 tox|[from] Sandstorm\n|-damage|p2a: Alomomola|57\/100 tox|[from] psn\n|upkeep\n|turn|238\n|\n|t:|1699763836\n|-curestatus|p1a: Tyranitar|slp|[msg]\n|move|p1a: Tyranitar|Stealth Rock|p2a: Alomomola\n|-sidestart|p2: yunhaiyue|move: Stealth Rock\n|move|p2a: Alomomola|Flip Turn|p1a: Tyranitar\n|-supereffective|p1a: Tyranitar\n|-damage|p1a: Tyranitar|81\/100\n|\n|t:|1699763844\n|switch|p2a: Garganacl|Garganacl, F|85\/100|[from] Flip Turn\n|-damage|p2a: Garganacl|73\/100|[from] Spikes\n|-damage|p2a: Garganacl|60\/100|[from] Stealth Rock\n|\n|-weather|Sandstorm|[upkeep]\n|-heal|p2a: Garganacl|100\/100|[from] move: Wish|[wisher] Alomomola\n|upkeep\n|turn|239\n|\n|t:|1699763848\n|switch|p1a: Toxapex|Toxapex, F|93\/100 brn\n|switch|p2a: Corviknight|Corviknight, M|100\/100\n|-damage|p2a: Corviknight|88\/100|[from] Stealth Rock\n|-ability|p2a: Corviknight|Pressure\n|\n|-weather|none\n|-damage|p1a: Toxapex|87\/100 brn|[from] brn\n|upkeep\n|turn|240\n|\n|t:|1699763851\n|switch|p1a: Corviknight|Corviknight, F|87\/100\n|-ability|p1a: Corviknight|Pressure\n|move|p2a: Corviknight|Defog|p1a: Corviknight\n|-unboost|p1a: Corviknight|evasion|1\n|-sideend|p2: yunhaiyue|Spikes|[from] move: Defog|[of] p2a: Corviknight\n|-sideend|p2: yunhaiyue|Stealth Rock|[from] move: Defog|[of] p2a: Corviknight\n|\n|upkeep\n|turn|241\n|inactive|jkljlkh has 120 seconds left.\n|\n|t:|1699763864\n|switch|p1a: Gliscor|Gliscor, F|100\/100 tox\n|switch|p2a: Slowking|Slowking-Galar, M, tera:Fairy|100\/100 tox\n|\n|-damage|p2a: Slowking|94\/100 tox|[from] psn\n|upkeep\n|turn|242\n|inactive|jkljlkh has 120 seconds left.\n|\n|t:|1699763870\n|switch|p2a: Sableye|Sableye-Mega, F|95\/100\n|move|p1a: Gliscor|Spikes|p2a: Sableye\n|move|p2a: Sableye|Spikes|p1a: Gliscor|[from]ability: Magic Bounce\n|-sidestart|p1: jkljlkh|Spikes\n|\n|upkeep\n|turn|243\n|\n|t:|1699763875\n|switch|p1a: Corviknight|Corviknight, F|87\/100\n|-ability|p1a: Corviknight|Pressure\n|switch|p2a: Slowking|Slowking-Galar, M, tera:Fairy|100\/100 tox\n|\n|-damage|p2a: Slowking|94\/100 tox|[from] psn\n|upkeep\n|turn|244\n|\n|t:|1699763877\n|switch|p2a: Alomomola|Alomomola, F|91\/100 tox\n|move|p1a: Corviknight|Defog|p2a: Alomomola\n|-unboost|p2a: Alomomola|evasion|1\n|-sideend|p1: jkljlkh|Spikes|[from] move: Defog|[of] p1a: Corviknight\n|\n|-damage|p2a: Alomomola|84\/100 tox|[from] psn\n|upkeep\n|turn|245\n|inactive|jkljlkh has 120 seconds left.\n|\n|t:|1699763882\n|switch|p1a: Toxapex|Toxapex, F|100\/100 brn\n|switch|p2a: Corviknight|Corviknight, M|88\/100\n|-ability|p2a: Corviknight|Pressure\n|\n|-damage|p1a: Toxapex|95\/100 brn|[from] brn\n|upkeep\n|turn|246\n|\n|t:|1699763885\n|switch|p2a: Slowking|Slowking-Galar, M, tera:Fairy|100\/100 tox\n|switch|p1a: Corviknight|Corviknight, F|87\/100\n|-ability|p1a: Corviknight|Pressure\n|\n|-damage|p2a: Slowking|94\/100 tox|[from] psn\n|upkeep\n|turn|247\n|inactive|jkljlkh has 120 seconds left.\n|\n|t:|1699763890\n|switch|p1a: Toxapex|Toxapex, F|100\/100 brn\n|switch|p2a: Alomomola|Alomomola, F|100\/100 tox\n|\n|-damage|p2a: Alomomola|94\/100 tox|[from] psn\n|-damage|p1a: Toxapex|95\/100 brn|[from] brn\n|upkeep\n|turn|248\n|inactive|jkljlkh has 120 seconds left.\n|\n|t:|1699763896\n|switch|p2a: Slowking|Slowking-Galar, M, tera:Fairy|100\/100 tox\n|move|p1a: Toxapex|Knock Off|p2a: Slowking\n|-resisted|p2a: Slowking\n|-damage|p2a: Slowking|98\/100 tox\n|\n|-damage|p2a: Slowking|92\/100 tox|[from] psn\n|-damage|p1a: Toxapex|89\/100 brn|[from] brn\n|upkeep\n|turn|249\n|\n|t:|1699763900\n|switch|p1a: Tyranitar|Tyranitar-Mega, M|81\/100\n|-weather|Sandstorm|[from] ability: Sand Stream|[of] p1a: Tyranitar\n|switch|p2a: Alomomola|Alomomola, F|100\/100 tox\n|\n|-weather|Sandstorm|[upkeep]\n|-damage|p2a: Alomomola|94\/100 tox|[from] Sandstorm\n|-damage|p2a: Alomomola|88\/100 tox|[from] psn\n|upkeep\n|turn|250\n|inactive|jkljlkh has 120 seconds left.\n|inactive|jkljlkh has 90 seconds left.\n|\n|t:|1699763943\n|switch|p2a: Sableye|Sableye-Mega, F|95\/100\n|move|p1a: Tyranitar|Stealth Rock|p2a: Sableye\n|move|p2a: Sableye|Stealth Rock|p1a: Tyranitar|[from]ability: Magic Bounce\n|-sidestart|p1: jkljlkh|move: Stealth Rock\n|\n|-weather|Sandstorm|[upkeep]\n|-damage|p2a: Sableye|89\/100|[from] Sandstorm\n|upkeep\n|turn|251\n|\n|t:|1699763950\n|move|p1a: Tyranitar|Knock Off|p2a: Sableye\n|-crit|p2a: Sableye\n|-damage|p2a: Sableye|54\/100\n|move|p2a: Sableye|Encore|p1a: Tyranitar\n|-start|p1a: Tyranitar|Encore\n|\n|-weather|Sandstorm|[upkeep]\n|-damage|p2a: Sableye|48\/100|[from] Sandstorm\n|upkeep\n|turn|252\n|\n|t:|1699763954\n|switch|p2a: Alomomola|Alomomola, F|100\/100 tox\n|move|p1a: Tyranitar|Knock Off|p2a: Alomomola\n|-damage|p2a: Alomomola|82\/100 tox\n|\n|-weather|Sandstorm|[upkeep]\n|-damage|p2a: Alomomola|76\/100 tox|[from] Sandstorm\n|-damage|p2a: Alomomola|70\/100 tox|[from] psn\n|upkeep\n|turn|253\n|\n|t:|1699763959\n|switch|p1a: Toxapex|Toxapex, F|100\/100 brn\n|-damage|p1a: Toxapex|88\/100 brn|[from] Stealth Rock\n|move|p2a: Alomomola|Wish|p2a: Alomomola\n|\n|-weather|none\n|-damage|p2a: Alomomola|58\/100 tox|[from] psn\n|-damage|p1a: Toxapex|82\/100 brn|[from] brn\n|upkeep\n|turn|254\n|\n|t:|1699763961\n|switch|p2a: Sableye|Sableye-Mega, F|48\/100\n|switch|p1a: Gliscor|Gliscor, F|100\/100 tox\n|-damage|p1a: Gliscor|88\/100 tox|[from] Stealth Rock\n|\n|-heal|p2a: Sableye|100\/100|[from] move: Wish|[wisher] Alomomola\n|-heal|p1a: Gliscor|100\/100 tox|[from] ability: Poison Heal\n|upkeep\n|turn|255\n|\n|t:|1699763971\n|switch|p1a: Toxapex|Toxapex, F|100\/100 brn\n|-damage|p1a: Toxapex|88\/100 brn|[from] Stealth Rock\n|switch|p2a: Corviknight|Corviknight, M|88\/100\n|-ability|p2a: Corviknight|Pressure\n|\n|-damage|p1a: Toxapex|82\/100 brn|[from] brn\n|upkeep\n|turn|256\n|\n|t:|1699763974\n|switch|p1a: Corviknight|Corviknight, F|87\/100\n|-damage|p1a: Corviknight|75\/100|[from] Stealth Rock\n|-ability|p1a: Corviknight|Pressure\n|move|p2a: Corviknight|U-turn|p1a: Corviknight\n|-resisted|p1a: Corviknight\n|-damage|p1a: Corviknight|72\/100\n|\n|t:|1699763976\n|switch|p2a: Slowking|Slowking-Galar, M, tera:Fairy|100\/100 tox|[from] U-turn\n|\n|-damage|p2a: Slowking|94\/100 tox|[from] psn\n|upkeep\n|turn|257\n|\n|t:|1699763979\n|switch|p2a: Alomomola|Alomomola, F|91\/100 tox\n|move|p1a: Corviknight|Defog|p2a: Alomomola\n|-unboost|p2a: Alomomola|evasion|1\n|-sideend|p1: jkljlkh|Stealth Rock|[from] move: Defog|[of] p1a: Corviknight\n|\n|-damage|p2a: Alomomola|85\/100 tox|[from] psn\n|upkeep\n|turn|258\n|\n|t:|1699763985\n|switch|p1a: Gliscor|Gliscor, F|100\/100 tox\n|switch|p2a: Slowking|Slowking-Galar, M, tera:Fairy|100\/100 tox\n|\n|-damage|p2a: Slowking|94\/100 tox|[from] psn\n|upkeep\n|turn|259\n|\n|t:|1699763989\n|switch|p1a: Toxapex|Toxapex, F|100\/100 brn\n|move|p2a: Slowking|Chilly Reception|p2a: Slowking\n|-weather|Snow\n|\n|t:|1699763992\n|switch|p2a: Corviknight|Corviknight, M|88\/100|[from] Chilly Reception\n|-ability|p2a: Corviknight|Pressure\n|\n|-weather|Snow|[upkeep]\n|-damage|p1a: Toxapex|95\/100 brn|[from] brn\n|upkeep\n|turn|260\n|inactive|jkljlkh has 90 seconds left.\n|\n|t:|1699764010\n|switch|p2a: Slowking|Slowking-Galar, M, tera:Fairy|100\/100 tox\n|switch|p1a: Gliscor|Gliscor, F|100\/100 tox\n|\n|-weather|Snow|[upkeep]\n|-damage|p2a: Slowking|94\/100 tox|[from] psn\n|upkeep\n|turn|261\n|\n|t:|1699764015\n|switch|p2a: Corviknight|Corviknight, M|88\/100\n|-ability|p2a: Corviknight|Pressure\n|move|p1a: Gliscor|Spikes|p2a: Corviknight\n|-sidestart|p2: yunhaiyue|Spikes\n|\n|-weather|Snow|[upkeep]\n|upkeep\n|turn|262\n|\n|t:|1699764023\n|switch|p1a: Corviknight|Corviknight, F|72\/100\n|-ability|p1a: Corviknight|Pressure\n|switch|p2a: Slowking|Slowking-Galar, M, tera:Fairy|100\/100 tox\n|-damage|p2a: Slowking|88\/100 tox|[from] Spikes\n|\n|-weather|Snow|[upkeep]\n|-damage|p2a: Slowking|82\/100 tox|[from] psn\n|upkeep\n|turn|263\n|\n|t:|1699764026\n|switch|p1a: Tyranitar|Tyranitar-Mega, M|81\/100\n|-weather|Sandstorm|[from] ability: Sand Stream|[of] p1a: Tyranitar\n|switch|p2a: Alomomola|Alomomola, F|100\/100 tox\n|-damage|p2a: Alomomola|88\/100 tox|[from] Spikes\n|\n|-weather|Sandstorm|[upkeep]\n|-damage|p2a: Alomomola|82\/100 tox|[from] Sandstorm\n|-damage|p2a: Alomomola|76\/100 tox|[from] psn\n|upkeep\n|turn|264\n|\n|t:|1699764029\n|switch|p1a: Toxapex|Toxapex, F|100\/100 brn\n|switch|p2a: Corviknight|Corviknight, M|88\/100\n|-ability|p2a: Corviknight|Pressure\n|\n|-weather|Sandstorm|[upkeep]\n|-damage|p1a: Toxapex|95\/100 brn|[from] Sandstorm\n|-damage|p1a: Toxapex|89\/100 brn|[from] brn\n|upkeep\n|turn|265\n|\n|t:|1699764034\n|switch|p2a: Slowking|Slowking-Galar, M, tera:Fairy|100\/100 tox\n|-damage|p2a: Slowking|88\/100 tox|[from] Spikes\n|switch|p1a: Corviknight|Corviknight, F|72\/100\n|-ability|p1a: Corviknight|Pressure\n|\n|-weather|Sandstorm|[upkeep]\n|-damage|p2a: Slowking|82\/100 tox|[from] Sandstorm\n|-damage|p2a: Slowking|76\/100 tox|[from] psn\n|upkeep\n|turn|266\n|\n|t:|1699764042\n|switch|p1a: Tyranitar|Tyranitar-Mega, M|81\/100\n|switch|p2a: Corviknight|Corviknight, M|88\/100\n|-ability|p2a: Corviknight|Pressure\n|\n|-weather|Sandstorm|[upkeep]\n|upkeep\n|turn|267\n|\n|t:|1699764047\n|switch|p1a: Corviknight|Corviknight, F|72\/100\n|-ability|p1a: Corviknight|Pressure\n|switch|p2a: Alomomola|Alomomola, F|100\/100 tox\n|-damage|p2a: Alomomola|88\/100 tox|[from] Spikes\n|\n|-weather|none\n|-damage|p2a: Alomomola|82\/100 tox|[from] psn\n|upkeep\n|turn|268\n|\n|t:|1699764050\n|switch|p1a: Toxapex|Toxapex, F|100\/100 brn\n|switch|p2a: Corviknight|Corviknight, M|88\/100\n|-ability|p2a: Corviknight|Pressure\n|\n|-damage|p1a: Toxapex|95\/100 brn|[from] brn\n|upkeep\n|turn|269\n|\n|t:|1699764055\n|switch|p2a: Alomomola|Alomomola, F|100\/100 tox\n|-damage|p2a: Alomomola|88\/100 tox|[from] Spikes\n|switch|p1a: Corviknight|Corviknight, F|72\/100\n|-ability|p1a: Corviknight|Pressure\n|\n|-damage|p2a: Alomomola|82\/100 tox|[from] psn\n|upkeep\n|turn|270\n|\n|t:|1699764058\n|switch|p1a: Gliscor|Gliscor, F|100\/100 tox\n|switch|p2a: Corviknight|Corviknight, M|88\/100\n|-ability|p2a: Corviknight|Pressure\n|\n|upkeep\n|turn|271\n|\n|t:|1699764063\n|switch|p2a: Slowking|Slowking-Galar, M, tera:Fairy|100\/100 tox\n|-damage|p2a: Slowking|88\/100 tox|[from] Spikes\n|move|p1a: Gliscor|Spikes|p2a: Slowking\n|-sidestart|p2: yunhaiyue|Spikes\n|\n|-damage|p2a: Slowking|82\/100 tox|[from] psn\n|upkeep\n|turn|272\n|\n|t:|1699764074\n|switch|p1a: Toxapex|Toxapex, F|100\/100 brn\n|switch|p2a: Alomomola|Alomomola, F|100\/100 tox\n|-damage|p2a: Alomomola|84\/100 tox|[from] Spikes\n|\n|-damage|p2a: Alomomola|78\/100 tox|[from] psn\n|-damage|p1a: Toxapex|95\/100 brn|[from] brn\n|upkeep\n|turn|273\n|\n|t:|1699764085\n|switch|p2a: Corviknight|Corviknight, M|88\/100\n|-ability|p2a: Corviknight|Pressure\n|move|p1a: Toxapex|Knock Off|p2a: Corviknight\n|-damage|p2a: Corviknight|85\/100\n|\n|-damage|p1a: Toxapex|89\/100 brn|[from] brn\n|upkeep\n|turn|274\n|\n|t:|1699764092\n|switch|p2a: Slowking|Slowking-Galar, M, tera:Fairy|100\/100 tox\n|-damage|p2a: Slowking|84\/100 tox|[from] Spikes\n|switch|p1a: Gliscor|Gliscor, F|100\/100 tox\n|\n|-damage|p2a: Slowking|78\/100 tox|[from] psn\n|upkeep\n|turn|275\n|\n|t:|1699764100\n|switch|p2a: Corviknight|Corviknight, M|85\/100\n|-ability|p2a: Corviknight|Pressure\n|move|p1a: Gliscor|Spikes|p2a: Corviknight\n|-sidestart|p2: yunhaiyue|Spikes\n|\n|upkeep\n|turn|276\n|inactive|yunhaiyue has 120 seconds left.\n|\n|t:|1699764110\n|switch|p1a: Toxapex|Toxapex, F|100\/100 brn\n|switch|p2a: Slowking|Slowking-Galar, M, tera:Fairy|100\/100 tox\n|-damage|p2a: Slowking|76\/100 tox|[from] Spikes\n|\n|-damage|p2a: Slowking|70\/100 tox|[from] psn\n|-damage|p1a: Toxapex|95\/100 brn|[from] brn\n|upkeep\n|turn|277\n|\n|t:|1699764113\n|switch|p1a: Tyranitar|Tyranitar-Mega, M|81\/100\n|-weather|Sandstorm|[from] ability: Sand Stream|[of] p1a: Tyranitar\n|switch|p2a: Alomomola|Alomomola, F|100\/100 tox\n|-damage|p2a: Alomomola|76\/100 tox|[from] Spikes\n|\n|-weather|Sandstorm|[upkeep]\n|-damage|p2a: Alomomola|69\/100 tox|[from] Sandstorm\n|-damage|p2a: Alomomola|63\/100 tox|[from] psn\n|upkeep\n|turn|278\n|\n|t:|1699764117\n|switch|p2a: Corviknight|Corviknight, M|85\/100\n|-ability|p2a: Corviknight|Pressure\n|move|p1a: Tyranitar|Knock Off|p2a: Corviknight\n|-damage|p2a: Corviknight|65\/100\n|\n|-weather|Sandstorm|[upkeep]\n|upkeep\n|turn|279\n|inactive|yunhaiyue has 120 seconds left.\n|\n|t:|1699764126\n|switch|p1a: Toxapex|Toxapex, F|100\/100 brn\n|switch|p2a: Sableye|Sableye-Mega, F|100\/100\n|-damage|p2a: Sableye|76\/100|[from] Spikes\n|\n|-weather|Sandstorm|[upkeep]\n|-damage|p1a: Toxapex|95\/100 brn|[from] Sandstorm\n|-damage|p2a: Sableye|70\/100|[from] Sandstorm\n|-damage|p1a: Toxapex|89\/100 brn|[from] brn\n|upkeep\n|turn|280\n|inactive|yunhaiyue has 120 seconds left.\n|\n|t:|1699764135\n|switch|p1a: Gliscor|Gliscor, F|100\/100 tox\n|switch|p2a: Corviknight|Corviknight, M|65\/100\n|-ability|p2a: Corviknight|Pressure\n|\n|-weather|Sandstorm|[upkeep]\n|upkeep\n|turn|281\n|\n|t:|1699764140\n|move|p1a: Gliscor|Spikes||[still]\n|-fail|p1a: Gliscor\n|move|p2a: Corviknight|Defog|p1a: Gliscor\n|-unboost|p1a: Gliscor|evasion|1\n|-sideend|p2: yunhaiyue|Spikes|[from] move: Defog|[of] p2a: Corviknight\n|\n|-weather|none\n|upkeep\n|turn|282\n|\n|t:|1699764152\n|switch|p1a: Toxapex|Toxapex, F|100\/100 brn\n|switch|p2a: Alomomola|Alomomola, F|97\/100 tox\n|\n|-damage|p2a: Alomomola|90\/100 tox|[from] psn\n|-damage|p1a: Toxapex|95\/100 brn|[from] brn\n|upkeep\n|turn|283\n|\n|t:|1699764163\n|switch|p2a: Garganacl|Garganacl, F|100\/100\n|move|p1a: Toxapex|Knock Off|p2a: Garganacl\n|-damage|p2a: Garganacl|97\/100\n|\n|-damage|p1a: Toxapex|89\/100 brn|[from] brn\n|upkeep\n|turn|284\n|\n|t:|1699764168\n|switch|p2a: Slowking|Slowking-Galar, M, tera:Fairy|100\/100 tox\n|move|p1a: Toxapex|Knock Off|p2a: Slowking\n|-resisted|p2a: Slowking\n|-damage|p2a: Slowking|98\/100 tox\n|\n|-damage|p2a: Slowking|92\/100 tox|[from] psn\n|-damage|p1a: Toxapex|83\/100 brn|[from] brn\n|upkeep\n|turn|285\n|\n|t:|1699764175\n|switch|p1a: Tyranitar|Tyranitar-Mega, M|81\/100\n|-weather|Sandstorm|[from] ability: Sand Stream|[of] p1a: Tyranitar\n|switch|p2a: Alomomola|Alomomola, F|100\/100 tox\n|\n|-weather|Sandstorm|[upkeep]\n|-damage|p2a: Alomomola|94\/100 tox|[from] Sandstorm\n|-damage|p2a: Alomomola|88\/100 tox|[from] psn\n|upkeep\n|turn|286\n|\n|t:|1699764178\n|switch|p2a: Slowking|Slowking-Galar, M, tera:Fairy|100\/100 tox\n|move|p1a: Tyranitar|Stealth Rock|p2a: Slowking\n|-sidestart|p2: yunhaiyue|move: Stealth Rock\n|\n|-weather|Sandstorm|[upkeep]\n|-damage|p2a: Slowking|94\/100 tox|[from] Sandstorm\n|-damage|p2a: Slowking|88\/100 tox|[from] psn\n|upkeep\n|turn|287\n|\n|t:|1699764183\n|switch|p1a: Gliscor|Gliscor, F|100\/100 tox\n|switch|p2a: Alomomola|Alomomola, F|100\/100 tox\n|-damage|p2a: Alomomola|88\/100 tox|[from] Stealth Rock\n|\n|-weather|Sandstorm|[upkeep]\n|-damage|p2a: Alomomola|82\/100 tox|[from] Sandstorm\n|-damage|p2a: Alomomola|76\/100 tox|[from] psn\n|upkeep\n|turn|288\n|\n|t:|1699764186\n|switch|p2a: Sableye|Sableye-Mega, F|70\/100\n|-damage|p2a: Sableye|58\/100|[from] Stealth Rock\n|move|p1a: Gliscor|Earthquake|p2a: Sableye\n|-damage|p2a: Sableye|36\/100\n|\n|-weather|Sandstorm|[upkeep]\n|-damage|p2a: Sableye|31\/100|[from] Sandstorm\n|upkeep\n|turn|289\n|\n|t:|1699764198\n|switch|p2a: Alomomola|Alomomola, F|100\/100 tox\n|-damage|p2a: Alomomola|88\/100 tox|[from] Stealth Rock\n|move|p1a: Gliscor|Toxic|p2a: Alomomola\n|-fail|p2a: Alomomola|tox\n|\n|-weather|none\n|-damage|p2a: Alomomola|82\/100 tox|[from] psn\n|upkeep\n|turn|290\n|\n|t:|1699764201\n|move|p1a: Gliscor|Spikes|p2a: Alomomola\n|-sidestart|p2: yunhaiyue|Spikes\n|move|p2a: Alomomola|Wish|p2a: Alomomola\n|\n|-damage|p2a: Alomomola|70\/100 tox|[from] psn\n|upkeep\n|turn|291\n|\n|t:|1699764207\n|move|p1a: Gliscor|Protect|p1a: Gliscor\n|-singleturn|p1a: Gliscor|Protect\n|move|p2a: Alomomola|Flip Turn|p1a: Gliscor\n|-activate|p1a: Gliscor|move: Protect\n|\n|-heal|p2a: Alomomola|100\/100 tox|[from] move: Wish|[wisher] Alomomola\n|-damage|p2a: Alomomola|82\/100 tox|[from] psn\n|upkeep\n|turn|292\n|\n|t:|1699764213\n|move|p1a: Gliscor|Earthquake|p2a: Alomomola\n|-crit|p2a: Alomomola\n|-damage|p2a: Alomomola|56\/100 tox\n|move|p2a: Alomomola|Wish|p2a: Alomomola\n|\n|-damage|p2a: Alomomola|31\/100 tox|[from] psn\n|upkeep\n|turn|293\n|\n|t:|1699764218\n|switch|p2a: Sableye|Sableye-Mega, F|31\/100\n|-damage|p2a: Sableye|18\/100|[from] Stealth Rock\n|-damage|p2a: Sableye|6\/100|[from] Spikes\n|move|p1a: Gliscor|Earthquake|p2a: Sableye\n|-crit|p2a: Sableye\n|-damage|p2a: Sableye|0 fnt\n|faint|p2a: Sableye\n|\n|upkeep\n|\n|t:|1699764225\n|switch|p2a: Alomomola|Alomomola, F|65\/100 tox\n|-damage|p2a: Alomomola|52\/100 tox|[from] Stealth Rock\n|-damage|p2a: Alomomola|40\/100 tox|[from] Spikes\n|turn|294\n|\n|t:|1699764227\n|switch|p2a: Slowking|Slowking-Galar, M, tera:Fairy|100\/100 tox\n|-damage|p2a: Slowking|88\/100 tox|[from] Stealth Rock\n|-damage|p2a: Slowking|76\/100 tox|[from] Spikes\n|move|p1a: Gliscor|Spikes|p2a: Slowking\n|-sidestart|p2: yunhaiyue|Spikes\n|\n|-damage|p2a: Slowking|70\/100 tox|[from] psn\n|upkeep\n|turn|295\n|\n|t:|1699764229\n|switch|p2a: Alomomola|Alomomola, F|73\/100 tox\n|-damage|p2a: Alomomola|61\/100 tox|[from] Stealth Rock\n|-damage|p2a: Alomomola|44\/100 tox|[from] Spikes\n|move|p1a: Gliscor|Spikes|p2a: Alomomola\n|-sidestart|p2: yunhaiyue|Spikes\n|\n|-damage|p2a: Alomomola|38\/100 tox|[from] psn\n|upkeep\n|turn|296\n|\n|t:|1699764231\n|switch|p1a: Toxapex|Toxapex, F|100\/100 brn\n|switch|p2a: Slowking|Slowking-Galar, M, tera:Fairy|100\/100 tox\n|-damage|p2a: Slowking|88\/100 tox|[from] Stealth Rock\n|-damage|p2a: Slowking|63\/100 tox|[from] Spikes\n|\n|-damage|p2a: Slowking|57\/100 tox|[from] psn\n|-damage|p1a: Toxapex|95\/100 brn|[from] brn\n|upkeep\n|turn|297\n|\n|t:|1699764237\n|switch|p1a: Gliscor|Gliscor, F|100\/100 tox\n|switch|p2a: Alomomola|Alomomola, F|71\/100 tox\n|-damage|p2a: Alomomola|59\/100 tox|[from] Stealth Rock\n|-damage|p2a: Alomomola|34\/100 tox|[from] Spikes\n|\n|-damage|p2a: Alomomola|28\/100 tox|[from] psn\n|upkeep\n|turn|298\n|\n|t:|1699764242\n|switch|p1a: Toxapex|Toxapex, F|100\/100 brn\n|switch|p2a: Slowking|Slowking-Galar, M, tera:Fairy|90\/100 tox\n|-damage|p2a: Slowking|78\/100 tox|[from] Stealth Rock\n|-damage|p2a: Slowking|53\/100 tox|[from] Spikes\n|\n|-damage|p2a: Slowking|47\/100 tox|[from] psn\n|-damage|p1a: Toxapex|95\/100 brn|[from] brn\n|upkeep\n|turn|299\n|\n|t:|1699764245\n|switch|p1a: Gliscor|Gliscor, F|100\/100 tox\n|switch|p2a: Alomomola|Alomomola, F|61\/100 tox\n|-damage|p2a: Alomomola|49\/100 tox|[from] Stealth Rock\n|-damage|p2a: Alomomola|24\/100 tox|[from] Spikes\n|\n|-damage|p2a: Alomomola|18\/100 tox|[from] psn\n|upkeep\n|turn|300\n|\n|t:|1699764260\n|switch|p1a: Toxapex|Toxapex, F|100\/100 brn\n|switch|p2a: Slowking|Slowking-Galar, M, tera:Fairy|80\/100 tox\n|-damage|p2a: Slowking|68\/100 tox|[from] Stealth Rock\n|-damage|p2a: Slowking|43\/100 tox|[from] Spikes\n|\n|-damage|p2a: Slowking|37\/100 tox|[from] psn\n|-damage|p1a: Toxapex|95\/100 brn|[from] brn\n|upkeep\n|turn|301\n|\n|t:|1699764263\n|switch|p1a: Gliscor|Gliscor, F|100\/100 tox\n|move|p2a: Slowking|Psyshock|p1a: Gliscor\n|-damage|p1a: Gliscor|84\/100 tox\n|\n|-heal|p1a: Gliscor|96\/100 tox|[from] ability: Poison Heal\n|-damage|p2a: Slowking|25\/100 tox|[from] psn\n|upkeep\n|turn|302\n|\n|t:|1699764272\n|switch|p2a: Corviknight|Corviknight, M|65\/100\n|-damage|p2a: Corviknight|53\/100|[from] Stealth Rock\n|-ability|p2a: Corviknight|Pressure\n|move|p1a: Gliscor|Toxic|p2a: Corviknight\n|-immune|p2a: Corviknight\n|\n|-heal|p1a: Gliscor|100\/100 tox|[from] ability: Poison Heal\n|upkeep\n|turn|303\n|\n|t:|1699764283\n|switch|p1a: Corviknight|Corviknight, F|72\/100\n|-ability|p1a: Corviknight|Pressure\n|move|p2a: Corviknight|Roost|p2a: Corviknight\n|-heal|p2a: Corviknight|100\/100\n|-singleturn|p2a: Corviknight|move: Roost\n|\n|upkeep\n|turn|304\n|\n|t:|1699764286\n|switch|p1a: Gliscor|Gliscor, F|100\/100 tox\n|switch|p2a: Alomomola|Alomomola, F|51\/100 tox\n|-damage|p2a: Alomomola|39\/100 tox|[from] Stealth Rock\n|-damage|p2a: Alomomola|14\/100 tox|[from] Spikes\n|\n|-damage|p2a: Alomomola|8\/100 tox|[from] psn\n|upkeep\n|turn|305\n|\n|t:|1699764290\n|switch|p2a: Slowking|Slowking-Galar, M, tera:Fairy|58\/100 tox\n|-damage|p2a: Slowking|45\/100 tox|[from] Stealth Rock\n|-damage|p2a: Slowking|21\/100 tox|[from] Spikes\n|move|p1a: Gliscor|Toxic|p2a: Slowking\n|-fail|p2a: Slowking|tox\n|\n|-damage|p2a: Slowking|14\/100 tox|[from] psn\n|upkeep\n|turn|306\n|\n|t:|1699764294\n|switch|p2a: Corviknight|Corviknight, M|100\/100\n|-damage|p2a: Corviknight|88\/100|[from] Stealth Rock\n|-ability|p2a: Corviknight|Pressure\n|move|p1a: Gliscor|Toxic|p2a: Corviknight\n|-immune|p2a: Corviknight\n|\n|upkeep\n|turn|307\n|\n|t:|1699764302\n|switch|p1a: Corviknight|Corviknight, F|72\/100\n|-ability|p1a: Corviknight|Pressure\n|switch|p2a: Garganacl|Garganacl, F|97\/100\n|-damage|p2a: Garganacl|85\/100|[from] Stealth Rock\n|-damage|p2a: Garganacl|60\/100|[from] Spikes\n|\n|upkeep\n|turn|308\n|\n|t:|1699764306\n|move|p1a: Corviknight|Iron Head|p2a: Garganacl\n|-supereffective|p2a: Garganacl\n|-damage|p2a: Garganacl|26\/100\n|move|p2a: Garganacl|Recover|p2a: Garganacl\n|-heal|p2a: Garganacl|76\/100\n|\n|upkeep\n|turn|309\n|\n|t:|1699764310\n|move|p1a: Corviknight|Iron Head|p2a: Garganacl\n|-supereffective|p2a: Garganacl\n|-damage|p2a: Garganacl|45\/100\n|move|p2a: Garganacl|Iron Defense|p2a: Garganacl\n|-boost|p2a: Garganacl|def|2\n|\n|upkeep\n|turn|310\n|\n|t:|1699764314\n|switch|p1a: Gliscor|Gliscor, F|100\/100 tox\n|move|p2a: Garganacl|Iron Defense|p2a: Garganacl\n|-boost|p2a: Garganacl|def|2\n|\n|upkeep\n|turn|311\n|\n|t:|1699764317\n|switch|p1a: Toxapex|Toxapex, F|100\/100 brn\n|move|p2a: Garganacl|Recover|p2a: Garganacl\n|-heal|p2a: Garganacl|95\/100\n|\n|-damage|p1a: Toxapex|95\/100 brn|[from] brn\n|upkeep\n|turn|312\n|\n|t:|1699764320\n|switch|p1a: Gliscor|Gliscor, F|100\/100 tox\n|move|p2a: Garganacl|Salt Cure|p1a: Gliscor\n|-damage|p1a: Gliscor|92\/100 tox\n|-start|p1a: Gliscor|Salt Cure\n|\n|-heal|p1a: Gliscor|100\/100 tox|[from] ability: Poison Heal\n|-damage|p1a: Gliscor|88\/100 tox|[from] Salt Cure\n|upkeep\n|turn|313\n|\n|t:|1699764324\n|switch|p1a: Toxapex|Toxapex, F|100\/100 brn\n|move|p2a: Garganacl|Iron Defense|p2a: Garganacl\n|-boost|p2a: Garganacl|def|2\n|\n|-damage|p1a: Toxapex|95\/100 brn|[from] brn\n|upkeep\n|turn|314\n|\n|t:|1699764327\n|switch|p1a: Gliscor|Gliscor, F|88\/100 tox\n|move|p2a: Garganacl|Body Press|p1a: Gliscor\n|-resisted|p1a: Gliscor\n|-damage|p1a: Gliscor|61\/100 tox\n|\n|-heal|p1a: Gliscor|73\/100 tox|[from] ability: Poison Heal\n|upkeep\n|turn|315\n|\n|t:|1699764331\n|switch|p2a: Alomomola|Alomomola, F|41\/100 tox\n|-damage|p2a: Alomomola|29\/100 tox|[from] Stealth Rock\n|-damage|p2a: Alomomola|4\/100 tox|[from] Spikes\n|move|p1a: Gliscor|Protect||[still]\n|-fail|p1a: Gliscor\n|\n|-heal|p1a: Gliscor|86\/100 tox|[from] ability: Poison Heal\n|-damage|p2a: Alomomola|0 fnt|[from] psn\n|faint|p2a: Alomomola\n|upkeep\n|inactive|yunhaiyue has 120 seconds left.\n|c|\u2606yunhaiyue|gg\n|c|\u2606jkljlkh|gg\n|c|\u2606yunhaiyue|youwin\n|inactive|yunhaiyue has 90 seconds left.\n|-message|yunhaiyue forfeited.\n|\n|win|jkljlkh\n|raw|jkljlkh's rating: 1591 &rarr; <strong>1605<\/strong><br \/>(+14 for winning)\n|raw|yunhaiyue's rating: 1481 &rarr; <strong>1467<\/strong><br \/>(-14 for losing)\n","uploadtime":1699764399,"views":15,"p1id":"jkljlkh","p2id":"yunhaiyue","formatid":"gen9nationaldex","rating":1467,"private":0,"password":""}