{"id":"gen9nationaldex-1990358626","p1":"qbert654","p2":"funkykongo","format":"[Gen 9] National Dex","log":"|j|\u2606qbert654\n|j|\u2606funkykongo\n|t:|1699961799\n|gametype|singles\n|player|p1|qbert654|101|1040\n|player|p2|funkykongo|169|1130\n|teamsize|p1|6\n|teamsize|p2|6\n|gen|9\n|tier|[Gen 9] National Dex\n|rated|\n|rule|HP Percentage Mod: HP is shown in percentages\n|rule|Endless Battle Clause: Forcing endless battles is banned\n|rule|OHKO Clause: OHKO moves are banned\n|rule|Evasion Clause: Evasion abilities, items, and moves are banned\n|rule|Evasion Abilities Clause: Evasion abilities are banned\n|rule|Evasion Items Clause: Evasion items are banned\n|rule|Evasion Moves Clause: Evasion moves are banned\n|rule|Species Clause: Limit one of each Pok\u00e9mon\n|rule|Sleep Clause Mod: Limit one foe put to sleep\n|clearpoke\n|poke|p1|Golisopod, F|\n|poke|p1|Kingdra, F|\n|poke|p1|Araquanid, M|\n|poke|p1|Sharpedo, M|\n|poke|p1|Cloyster, F|\n|poke|p1|Clawitzer, F|\n|poke|p2|Regidrago|\n|poke|p2|Hatterene, F|\n|poke|p2|Slowbro, M|\n|poke|p2|Smeargle, F|\n|poke|p2|Beheeyem, M|\n|poke|p2|Gardevoir, F|\n|teampreview\n|inactive|Battle timer is ON: inactive players will automatically lose when time's up. (requested by funkykongo)\n|\n|t:|1699961802\n|start\n|switch|p1a: Araquanid|Araquanid, M|100\/100\n|switch|p2a: Beheeyem|Beheeyem, M|100\/100\n|turn|1\n|\n|t:|1699961811\n|move|p1a: Araquanid|Sticky Web|p2a: Beheeyem\n|-sidestart|p2: funkykongo|move: Sticky Web\n|move|p2a: Beheeyem|Trick Room|p2a: Beheeyem\n|-fieldstart|move: Trick Room|[of] p2a: Beheeyem\n|\n|upkeep\n|turn|2\n|\n|t:|1699961821\n|move|p2a: Beheeyem|Psychic Terrain|p2a: Beheeyem\n|-fieldstart|move: Psychic Terrain\n|move|p1a: Araquanid|Lunge|p2a: Beheeyem\n|-supereffective|p2a: Beheeyem\n|-damage|p2a: Beheeyem|57\/100\n|-unboost|p2a: Beheeyem|atk|1\n|\n|upkeep\n|turn|3\n|\n|t:|1699961829\n|move|p1a: Araquanid|Rain Dance|p1a: Araquanid\n|-weather|RainDance\n|move|p2a: Beheeyem|Teleport|p2a: Beheeyem\n|\n|t:|1699961832\n|switch|p2a: Regidrago|Regidrago|100\/100|[from] Teleport\n|-activate|p2a: Regidrago|move: Sticky Web\n|-unboost|p2a: Regidrago|spe|1\n|\n|-weather|RainDance|[upkeep]\n|upkeep\n|turn|4\n|\n|t:|1699961848\n|move|p2a: Regidrago|Dragon Energy|p1a: Araquanid\n|-damage|p1a: Araquanid|0 fnt\n|faint|p1a: Araquanid\n|\n|-weather|RainDance|[upkeep]\n|upkeep\n|\n|t:|1699961858\n|switch|p1a: Cloyster|Cloyster, F|100\/100\n|turn|5\n|\n|t:|1699961863\n|move|p2a: Regidrago|Dragon Energy|p1a: Cloyster\n|-enditem|p1a: Cloyster|Focus Sash\n|-damage|p1a: Cloyster|1\/100\n|move|p1a: Cloyster|Shell Smash|p1a: Cloyster\n|-unboost|p1a: Cloyster|def|1\n|-unboost|p1a: Cloyster|spd|1\n|-boost|p1a: Cloyster|atk|2\n|-boost|p1a: Cloyster|spa|2\n|-boost|p1a: Cloyster|spe|2\n|\n|-weather|RainDance|[upkeep]\n|-fieldend|move: Trick Room\n|upkeep\n|turn|6\n|\n|t:|1699961872\n|-terastallize|p1a: Cloyster|Ice\n|-terastallize|p2a: Regidrago|Steel\n|move|p1a: Cloyster|Icicle Spear|p2a: Regidrago\n|-resisted|p2a: Regidrago\n|-damage|p2a: Regidrago|85\/100\n|-resisted|p2a: Regidrago\n|-damage|p2a: Regidrago|71\/100\n|-resisted|p2a: Regidrago\n|-damage|p2a: Regidrago|56\/100\n|-resisted|p2a: Regidrago\n|-damage|p2a: Regidrago|40\/100\n|-resisted|p2a: Regidrago\n|-damage|p2a: Regidrago|23\/100\n|-hitcount|p2a: Regidrago|5\n|move|p2a: Regidrago|Dragon Energy|p1a: Cloyster\n|-damage|p1a: Cloyster|0 fnt\n|faint|p1a: Cloyster\n|\n|-weather|RainDance|[upkeep]\n|upkeep\n|\n|t:|1699961896\n|switch|p1a: Clawitzer|Clawitzer, F|100\/100\n|turn|7\n|\n|t:|1699961907\n|switch|p2a: Slowbro|Slowbro, M, shiny|100\/100\n|-activate|p2a: Slowbro|move: Sticky Web\n|-unboost|p2a: Slowbro|spe|1\n|move|p1a: Clawitzer|Aura Sphere|p2a: Slowbro\n|-resisted|p2a: Slowbro\n|-damage|p2a: Slowbro|69\/100\n|\n|-weather|none\n|upkeep\n|turn|8\n|\n|t:|1699961919\n|switch|p1a: Golisopod|Golisopod, F, shiny|100\/100\n|move|p2a: Slowbro|Trick Room|p2a: Slowbro\n|-fieldstart|move: Trick Room|[of] p2a: Slowbro\n|\n|upkeep\n|turn|9\n|\n|t:|1699961926\n|move|p1a: Golisopod|First Impression|p2a: Slowbro\n|-activate|p2a: Slowbro|move: Psychic Terrain\n|move|p2a: Slowbro|Future Sight|p1a: Golisopod\n|-start|p2a: Slowbro|move: Future Sight\n|\n|-fieldend|move: Psychic Terrain\n|upkeep\n|turn|10\n|\n|t:|1699961940\n|switch|p1a: Kingdra|Kingdra, F, shiny|100\/100\n|move|p2a: Slowbro|Psychic Terrain|p2a: Slowbro\n|-fieldstart|move: Psychic Terrain\n|\n|upkeep\n|turn|11\n|\n|t:|1699961962\n|switch|p2a: Beheeyem|Beheeyem, M|57\/100\n|-activate|p2a: Beheeyem|move: Sticky Web\n|-unboost|p2a: Beheeyem|spe|1\n|move|p1a: Kingdra|Dragon Pulse|p2a: Beheeyem\n|-damage|p2a: Beheeyem|24\/100\n|\n|-end|p1a: Kingdra|move: Future Sight\n|-damage|p1a: Kingdra|36\/100\n|upkeep\n|turn|12\n|\n|t:|1699961977\n|move|p2a: Beheeyem|Destiny Bond|p2a: Beheeyem\n|-singlemove|p2a: Beheeyem|Destiny Bond\n|move|p1a: Kingdra|Surf|p2a: Beheeyem\n|-damage|p2a: Beheeyem|0 fnt\n|faint|p2a: Beheeyem\n|-activate|p2a: Beheeyem|move: Destiny Bond\n|faint|p1a: Kingdra\n|\n|-fieldend|move: Trick Room\n|upkeep\n|\n|t:|1699961990\n|switch|p1a: Sharpedo|Sharpedo, M, shiny|100\/100\n|switch|p2a: Hatterene|Hatterene, F|100\/100\n|-activate|p2a: Hatterene|move: Sticky Web\n|-unboost|p2a: Hatterene|spe|1\n|turn|13\n|\n|t:|1699962006\n|detailschange|p1a: Sharpedo|Sharpedo-Mega, M, shiny\n|-mega|p1a: Sharpedo|Sharpedo|Sharpedonite\n|move|p1a: Sharpedo|Crunch|p2a: Hatterene\n|-crit|p2a: Hatterene\n|-damage|p2a: Hatterene|0 fnt\n|faint|p2a: Hatterene\n|\n|upkeep\n|\n|t:|1699962014\n|switch|p2a: Gardevoir|Gardevoir, F|100\/100\n|-activate|p2a: Gardevoir|move: Sticky Web\n|-unboost|p2a: Gardevoir|spe|1\n|turn|14\n|\n|t:|1699962018\n|move|p1a: Sharpedo|Crunch|p2a: Gardevoir\n|-damage|p2a: Gardevoir|1\/100\n|move|p2a: Gardevoir|Trick Room|p2a: Gardevoir\n|-fieldstart|move: Trick Room|[of] p2a: Gardevoir\n|\n|upkeep\n|turn|15\n|\n|t:|1699962025\n|move|p1a: Sharpedo|Protect|p1a: Sharpedo\n|-singleturn|p1a: Sharpedo|Protect\n|move|p2a: Gardevoir|Healing Wish|p2a: Gardevoir\n|faint|p2a: Gardevoir\n|\n|upkeep\n|\n|t:|1699962027\n|switch|p2a: Regidrago|Regidrago, tera:Steel|23\/100\n|-heal|p2a: Regidrago|100\/100|[from] move: Healing Wish\n|-activate|p2a: Regidrago|move: Sticky Web\n|-unboost|p2a: Regidrago|spe|1\n|turn|16\n|\n|t:|1699962035\n|switch|p1a: Golisopod|Golisopod, F, shiny|100\/100\n|move|p2a: Regidrago|Dragon Pulse|p1a: Golisopod\n|-damage|p1a: Golisopod|4\/100\n|-activate|p1a: Golisopod|ability: Emergency Exit\n|\n|t:|1699962042\n|switch|p1a: Sharpedo|Sharpedo-Mega, M, shiny|100\/100\n|\n|upkeep\n|turn|17\n|\n|t:|1699962065\n|switch|p1a: Golisopod|Golisopod, F, shiny|4\/100\n|move|p2a: Regidrago|Dragon Pulse|p1a: Golisopod\n|-damage|p1a: Golisopod|0 fnt\n|faint|p1a: Golisopod\n|\n|-fieldend|move: Psychic Terrain\n|upkeep\n|\n|t:|1699962075\n|switch|p1a: Sharpedo|Sharpedo-Mega, M, shiny|100\/100\n|turn|18\n|\n|t:|1699962079\n|switch|p2a: Smeargle|Smeargle, F, shiny|100\/100\n|-activate|p2a: Smeargle|move: Sticky Web\n|-unboost|p2a: Smeargle|spe|1\n|move|p1a: Sharpedo|Protect||[still]\n|-fail|p1a: Sharpedo\n|\n|-fieldend|move: Trick Room\n|upkeep\n|turn|19\n|\n|t:|1699962085\n|move|p1a: Sharpedo|Crunch|p2a: Smeargle\n|-damage|p2a: Smeargle|0 fnt\n|faint|p2a: Smeargle\n|\n|upkeep\n|\n|t:|1699962088\n|switch|p2a: Slowbro|Slowbro, M, shiny|100\/100\n|-activate|p2a: Slowbro|move: Sticky Web\n|-unboost|p2a: Slowbro|spe|1\n|turn|20\n|inactive|funkykongo has 120 seconds left.\n|\n|t:|1699962134\n|move|p1a: Sharpedo|Crunch|p2a: Slowbro\n|-supereffective|p2a: Slowbro\n|-damage|p2a: Slowbro|7\/100\n|-unboost|p2a: Slowbro|def|1\n|move|p2a: Slowbro|Trick Room|p2a: Slowbro\n|-fieldstart|move: Trick Room|[of] p2a: Slowbro\n|\n|upkeep\n|turn|21\n|\n|t:|1699962141\n|move|p2a: Slowbro|Psychic Terrain|p2a: Slowbro\n|-fieldstart|move: Psychic Terrain\n|move|p1a: Sharpedo|Substitute|p1a: Sharpedo\n|-start|p1a: Sharpedo|Substitute\n|-damage|p1a: Sharpedo|76\/100\n|\n|upkeep\n|turn|22\n|c|\u2606funkykongo|wie kann man so eine schwanzschei\u00dfe spielen ahahahahahahhahahaha\n|c|\u2606funkykongo|substitude Sharpedo\n|c|\u2606funkykongo|normal set\n|c|\u2606funkykongo|strong\n|\n|t:|1699962167\n|move|p2a: Slowbro|Future Sight|p1a: Sharpedo\n|-start|p2a: Slowbro|move: Future Sight\n|move|p1a: Sharpedo|Crunch|p2a: Slowbro\n|-supereffective|p2a: Slowbro\n|-damage|p2a: Slowbro|0 fnt\n|faint|p2a: Slowbro\n|\n|upkeep\n|\n|t:|1699962169\n|switch|p2a: Regidrago|Regidrago, tera:Steel|100\/100\n|-activate|p2a: Regidrago|move: Sticky Web\n|-unboost|p2a: Regidrago|spe|1\n|turn|23\n|\n|t:|1699962177\n|move|p2a: Regidrago|Dragon Pulse|p1a: Sharpedo\n|-end|p1a: Sharpedo|Substitute\n|move|p1a: Sharpedo|Crunch|p2a: Regidrago\n|-damage|p2a: Regidrago|33\/100\n|\n|upkeep\n|turn|24\n|\n|t:|1699962185\n|move|p1a: Sharpedo|Protect|p1a: Sharpedo\n|-singleturn|p1a: Sharpedo|Protect\n|move|p2a: Regidrago|Dragon Pulse|p1a: Sharpedo\n|-activate|p1a: Sharpedo|move: Protect\n|\n|-end|p1a: Sharpedo|move: Future Sight\n|-immune|p1a: Sharpedo\n|-fieldend|move: Trick Room\n|upkeep\n|turn|25\n|\n|t:|1699962192\n|move|p1a: Sharpedo|Crunch|p2a: Regidrago\n|-damage|p2a: Regidrago|0 fnt\n|faint|p2a: Regidrago\n|\n|win|qbert654\n|raw|qbert654's rating: 1040 &rarr; <strong>1083<\/strong><br \/>(+43 for winning)\n|raw|funkykongo's rating: 1130 &rarr; <strong>1099<\/strong><br \/>(-31 for losing)\n","uploadtime":1699962157,"views":4,"p1id":"qbert654","p2id":"funkykongo","formatid":"gen9nationaldex","rating":1083,"private":0,"password":""}