{"id":"gen9nationaldex-1991290889","p1":"king d1","p2":"josh_bullet","format":"[Gen 9] National Dex","log":"|j|\u2606king d1\n|j|\u2606josh_bullet\n|t:|1700064774\n|gametype|singles\n|player|p1|king d1|red|1303\n|player|p2|josh_bullet|n|1376\n|teamsize|p1|6\n|teamsize|p2|6\n|gen|9\n|tier|[Gen 9] National Dex\n|rated|\n|rule|HP Percentage Mod: HP is shown in percentages\n|rule|Endless Battle Clause: Forcing endless battles is banned\n|rule|OHKO Clause: OHKO moves are banned\n|rule|Evasion Clause: Evasion abilities, items, and moves are banned\n|rule|Evasion Abilities Clause: Evasion abilities are banned\n|rule|Evasion Items Clause: Evasion items are banned\n|rule|Evasion Moves Clause: Evasion moves are banned\n|rule|Species Clause: Limit one of each Pok\u00e9mon\n|rule|Sleep Clause Mod: Limit one foe put to sleep\n|clearpoke\n|poke|p1|Ribombee, M|\n|poke|p1|Jirachi|\n|poke|p1|Xurkitree|\n|poke|p1|Great Tusk|\n|poke|p1|Volcarona, M|\n|poke|p1|Pinsir, M|\n|poke|p2|Tapu Lele|\n|poke|p2|Alakazam, F|\n|poke|p2|Victini|\n|poke|p2|Manaphy|\n|poke|p2|Banette, F|\n|poke|p2|Sneasler, M|\n|teampreview\n|inactive|Battle timer is ON: inactive players will automatically lose when time's up. (requested by king d1)\n|\n|t:|1700064778\n|start\n|switch|p1a: Ribombee|Ribombee, M|100\/100\n|switch|p2a: Banette|Banette, F|100\/100\n|turn|1\n|\n|t:|1700064785\n|detailschange|p2a: Banette|Banette-Mega, F\n|-mega|p2a: Banette|Banette|Banettite\n|move|p2a: Banette|Taunt|p1a: Ribombee\n|-start|p1a: Ribombee|move: Taunt\n|cant|p1a: Ribombee|move: Taunt|Sticky Web\n|\n|upkeep\n|turn|2\n|\n|t:|1700064800\n|move|p1a: Ribombee|Moonblast|p2a: Banette\n|-damage|p2a: Banette|52\/100\n|-unboost|p2a: Banette|spa|1\n|move|p2a: Banette|Poltergeist|p1a: Ribombee\n|-activate|p1a: Ribombee|move: Poltergeist|Focus Sash\n|-enditem|p1a: Ribombee|Focus Sash\n|-damage|p1a: Ribombee|1\/100\n|\n|upkeep\n|turn|3\n|\n|t:|1700064812\n|switch|p1a: Great Tusk|Great Tusk|100\/100\n|move|p2a: Banette|Poltergeist|p1a: Great Tusk\n|-activate|p1a: Great Tusk|move: Poltergeist|Heavy-Duty Boots\n|-damage|p1a: Great Tusk|49\/100\n|\n|upkeep\n|turn|4\n|\n|t:|1700064822\n|switch|p2a: Tapu Lele|Tapu Lele|100\/100\n|-fieldstart|move: Psychic Terrain|[from] ability: Psychic Surge|[of] p2a: Tapu Lele\n|move|p1a: Great Tusk|Knock Off|p2a: Tapu Lele\n|-damage|p2a: Tapu Lele|47\/100\n|-enditem|p2a: Tapu Lele|Terrain Extender|[from] move: Knock Off|[of] p1a: Great Tusk\n|\n|upkeep\n|turn|5\n|\n|t:|1700064830\n|move|p2a: Tapu Lele|Psychic|p1a: Great Tusk\n|-supereffective|p1a: Great Tusk\n|-damage|p1a: Great Tusk|0 fnt\n|faint|p1a: Great Tusk\n|-end|p1a: Great Tusk|Protosynthesis|[silent]\n|\n|upkeep\n|\n|t:|1700064833\n|switch|p1a: Ribombee|Ribombee, M|1\/100\n|turn|6\n|\n|t:|1700064839\n|switch|p2a: Sneasler|Sneasler, M|100\/100\n|-enditem|p2a: Sneasler|Psychic Seed\n|-boost|p2a: Sneasler|spd|1|[from] item: Psychic Seed\n|move|p1a: Ribombee|Sticky Web|p2a: Sneasler\n|-sidestart|p2: josh_bullet|move: Sticky Web\n|\n|upkeep\n|turn|7\n|\n|t:|1700064851\n|move|p2a: Sneasler|Swords Dance|p2a: Sneasler\n|-boost|p2a: Sneasler|atk|2\n|move|p1a: Ribombee|Stun Spore|p2a: Sneasler\n|-status|p2a: Sneasler|par\n|\n|upkeep\n|turn|8\n|\n|t:|1700064859\n|move|p1a: Ribombee|Moonblast|p2a: Sneasler\n|-damage|p2a: Sneasler|62\/100 par\n|cant|p2a: Sneasler|par\n|\n|upkeep\n|turn|9\n|\n|t:|1700064864\n|move|p1a: Ribombee|Moonblast|p2a: Sneasler\n|-damage|p2a: Sneasler|26\/100 par\n|cant|p2a: Sneasler|par\n|\n|upkeep\n|turn|10\n|\n|t:|1700064868\n|move|p1a: Ribombee|Moonblast|p2a: Sneasler\n|-damage|p2a: Sneasler|0 fnt\n|faint|p2a: Sneasler\n|\n|upkeep\n|c|\u2606josh_bullet|wtf\n|\n|t:|1700064882\n|switch|p2a: Banette|Banette-Mega, F|52\/100\n|-activate|p2a: Banette|move: Sticky Web\n|-unboost|p2a: Banette|spe|1\n|turn|11\n|\n|t:|1700064887\n|move|p1a: Ribombee|Moonblast|p2a: Banette\n|-damage|p2a: Banette|2\/100\n|move|p2a: Banette|Poltergeist||[still]\n|-fail|p2a: Banette\n|\n|-fieldend|move: Psychic Terrain\n|upkeep\n|turn|12\n|\n|t:|1700064893\n|move|p2a: Banette|Destiny Bond|p2a: Banette\n|-singlemove|p2a: Banette|Destiny Bond\n|move|p1a: Ribombee|Stun Spore|p2a: Banette\n|-status|p2a: Banette|par\n|\n|upkeep\n|turn|13\n|\n|t:|1700064903\n|move|p1a: Ribombee|Stun Spore|p2a: Banette\n|-fail|p2a: Banette|par\n|cant|p2a: Banette|par\n|\n|upkeep\n|turn|14\n|\n|t:|1700064908\n|cant|p2a: Banette|par\n|move|p1a: Ribombee|Moonblast|p2a: Banette\n|-damage|p2a: Banette|0 fnt\n|faint|p2a: Banette\n|\n|upkeep\n|\n|t:|1700064914\n|switch|p2a: Tapu Lele|Tapu Lele|47\/100\n|-activate|p2a: Tapu Lele|move: Sticky Web\n|-unboost|p2a: Tapu Lele|spe|1\n|-fieldstart|move: Psychic Terrain|[from] ability: Psychic Surge|[of] p2a: Tapu Lele\n|turn|15\n|c|\u2606king d1|I actually feel bad I'm ngl\n|\n|t:|1700064927\n|move|p1a: Ribombee|Bug Buzz|p2a: Tapu Lele\n|-damage|p2a: Tapu Lele|3\/100\n|move|p2a: Tapu Lele|Psychic|p1a: Ribombee\n|-damage|p1a: Ribombee|0 fnt\n|faint|p1a: Ribombee\n|\n|upkeep\n|\n|t:|1700064935\n|switch|p1a: Volcarona|Volcarona, M|100\/100\n|turn|16\n|\n|t:|1700064941\n|-terastallize|p2a: Tapu Lele|Psychic\n|move|p1a: Volcarona|Quiver Dance|p1a: Volcarona\n|-boost|p1a: Volcarona|spa|1\n|-boost|p1a: Volcarona|spd|1\n|-boost|p1a: Volcarona|spe|1\n|move|p2a: Tapu Lele|Psychic|p1a: Volcarona\n|-damage|p1a: Volcarona|46\/100\n|\n|-heal|p1a: Volcarona|53\/100|[from] item: Leftovers\n|upkeep\n|turn|17\n|\n|t:|1700064950\n|move|p1a: Volcarona|Giga Drain|p2a: Tapu Lele\n|-damage|p2a: Tapu Lele|0 fnt\n|-heal|p1a: Volcarona|54\/100|[from] drain|[of] p2a: Tapu Lele\n|faint|p2a: Tapu Lele\n|\n|-heal|p1a: Volcarona|60\/100|[from] item: Leftovers\n|upkeep\n|\n|t:|1700064956\n|switch|p2a: Victini|Victini|100\/100\n|-activate|p2a: Victini|move: Sticky Web\n|-unboost|p2a: Victini|spe|1\n|turn|18\n|\n|t:|1700064962\n|move|p1a: Volcarona|Bug Buzz|p2a: Victini\n|-damage|p2a: Victini|18\/100\n|-zpower|p2a: Victini\n|move|p2a: Victini|Z-Celebrate|p2a: Victini|[anim]Celebrate\n|-boost|p2a: Victini|atk|1|[zeffect]\n|-boost|p2a: Victini|def|1|[zeffect]\n|-boost|p2a: Victini|spa|1|[zeffect]\n|-boost|p2a: Victini|spd|1|[zeffect]\n|-boost|p2a: Victini|spe|1|[zeffect]\n|-activate|p2a: Victini|move: Celebrate\n|\n|-heal|p1a: Volcarona|66\/100|[from] item: Leftovers\n|upkeep\n|turn|19\n|\n|t:|1700064974\n|move|p1a: Volcarona|Giga Drain|p2a: Victini\n|-resisted|p2a: Victini\n|-damage|p2a: Victini|4\/100\n|-heal|p1a: Volcarona|73\/100|[from] drain|[of] p2a: Victini\n|move|p2a: Victini|Searing Shot|p1a: Volcarona\n|-damage|p1a: Volcarona|30\/100\n|\n|-heal|p1a: Volcarona|36\/100|[from] item: Leftovers\n|-fieldend|move: Psychic Terrain\n|upkeep\n|turn|20\n|\n|t:|1700064983\n|move|p1a: Volcarona|Bug Buzz|p2a: Victini\n|-damage|p2a: Victini|0 fnt\n|faint|p2a: Victini\n|\n|-heal|p1a: Volcarona|42\/100|[from] item: Leftovers\n|upkeep\n|\n|t:|1700064989\n|switch|p2a: Manaphy|Manaphy|100\/100\n|-activate|p2a: Manaphy|move: Sticky Web\n|-unboost|p2a: Manaphy|spe|1\n|turn|21\n|\n|t:|1700064995\n|-terastallize|p1a: Volcarona|Grass\n|move|p1a: Volcarona|Giga Drain|p2a: Manaphy\n|-supereffective|p2a: Manaphy\n|-damage|p2a: Manaphy|0 fnt\n|-heal|p1a: Volcarona|97\/100|[from] drain|[of] p2a: Manaphy\n|faint|p2a: Manaphy\n|\n|-heal|p1a: Volcarona|100\/100|[from] item: Leftovers\n|upkeep\n|\n|t:|1700065003\n|switch|p2a: Alakazam|Alakazam, F|100\/100\n|-activate|p2a: Alakazam|move: Sticky Web\n|-unboost|p2a: Alakazam|spe|1\n|turn|22\n|\n|t:|1700065007\n|move|p1a: Volcarona|Bug Buzz|p2a: Alakazam\n|-supereffective|p2a: Alakazam\n|-enditem|p2a: Alakazam|Focus Sash\n|-damage|p2a: Alakazam|1\/100\n|move|p2a: Alakazam|Expanding Force|p1a: Volcarona\n|-damage|p1a: Volcarona|68\/100\n|\n|-heal|p1a: Volcarona|74\/100|[from] item: Leftovers\n|upkeep\n|turn|23\n|\n|t:|1700065015\n|move|p1a: Volcarona|Giga Drain|p2a: Alakazam\n|-damage|p2a: Alakazam|0 fnt\n|-heal|p1a: Volcarona|75\/100|[from] drain|[of] p2a: Alakazam\n|faint|p2a: Alakazam\n|\n|win|king d1\n|raw|king d1's rating: 1303 &rarr; <strong>1327<\/strong><br \/>(+24 for winning)\n|raw|josh_bullet's rating: 1376 &rarr; <strong>1352<\/strong><br \/>(-24 for losing)\n|l|\u2606josh_bullet\n","uploadtime":1700065027,"views":13,"p1id":"kingd1","p2id":"joshbullet","formatid":"gen9nationaldex","rating":1327,"private":0,"password":""}