{"id":"gen9nationaldex-1987857396","p1":"Skye32","p2":"Chaoss150","format":"[Gen 9] National Dex","log":"|j|\u2606Skye32\n|j|\u203dChaoss150\n|t:|1699643250\n|gametype|singles\n|player|p1|Skye32|265|\n|player|p2|Chaoss150|hugh|\n|teamsize|p1|6\n|teamsize|p2|6\n|gen|9\n|tier|[Gen 9] National Dex\n|rule|HP Percentage Mod: HP is shown in percentages\n|rule|Endless Battle Clause: Forcing endless battles is banned\n|rule|OHKO Clause: OHKO moves are banned\n|rule|Evasion Clause: Evasion abilities, items, and moves are banned\n|rule|Evasion Abilities Clause: Evasion abilities are banned\n|rule|Evasion Items Clause: Evasion items are banned\n|rule|Evasion Moves Clause: Evasion moves are banned\n|rule|Species Clause: Limit one of each Pok\u00e9mon\n|rule|Sleep Clause Mod: Limit one foe put to sleep\n|clearpoke\n|poke|p1|Pinsir, M|\n|poke|p1|Volcarona, M|\n|poke|p1|Ribombee, F|\n|poke|p1|Galvantula, M|\n|poke|p1|Kleavor, M|\n|poke|p1|Scizor, M|\n|poke|p2|Hatterene, F|\n|poke|p2|Clefable, M|\n|poke|p2|Ninetales-Alola, F|\n|poke|p2|Iron Valiant|\n|poke|p2|Tapu Koko|\n|poke|p2|Azumarill, F|\n|teampreview\n|inactive|Battle timer is ON: inactive players will automatically lose when time's up. (requested by Chaoss150)\n|\n|t:|1699643272\n|start\n|switch|p1a: Kleavor|Kleavor, M|100\/100\n|switch|p2a: Ninetales|Ninetales-Alola, F|100\/100\n|-weather|Snow|[from] ability: Snow Warning|[of] p2a: Ninetales\n|turn|1\n|\n|t:|1699643278\n|move|p1a: Kleavor|Stone Axe|p2a: Ninetales\n|-supereffective|p2a: Ninetales\n|-damage|p2a: Ninetales|0 fnt\n|-sidestart|p2: Chaoss150|move: Stealth Rock\n|faint|p2a: Ninetales\n|\n|-weather|Snow|[upkeep]\n|upkeep\n|\n|t:|1699643284\n|switch|p2a: Azumarill|Azumarill, F|100\/100\n|-damage|p2a: Azumarill|88\/100|[from] Stealth Rock\n|turn|2\n|\n|t:|1699643291\n|move|p1a: Kleavor|Stone Axe|p2a: Azumarill\n|-damage|p2a: Azumarill|39\/100\n|move|p2a: Azumarill|Liquidation|p1a: Kleavor\n|-supereffective|p1a: Kleavor\n|-damage|p1a: Kleavor|0 fnt\n|faint|p1a: Kleavor\n|\n|-weather|Snow|[upkeep]\n|upkeep\n|\n|t:|1699643297\n|switch|p1a: Galvantula|Galvantula, M|100\/100\n|turn|3\n|\n|t:|1699643301\n|switch|p2a: Hatterene|Hatterene, F|100\/100\n|-damage|p2a: Hatterene|88\/100|[from] Stealth Rock\n|move|p1a: Galvantula|Thunder|p2a: Hatterene\n|-damage|p2a: Hatterene|34\/100\n|\n|-weather|Snow|[upkeep]\n|upkeep\n|turn|4\n|\n|t:|1699643309\n|move|p1a: Galvantula|Thunder|p2a: Hatterene\n|-damage|p2a: Hatterene|0 fnt\n|faint|p2a: Hatterene\n|\n|-weather|Snow|[upkeep]\n|upkeep\n|\n|t:|1699643317\n|switch|p2a: Tapu Koko|Tapu Koko|100\/100\n|-fieldstart|move: Electric Terrain|[from] ability: Electric Surge|[of] p2a: Tapu Koko\n|turn|5\n|\n|t:|1699643327\n|move|p2a: Tapu Koko|U-turn|p1a: Galvantula\n|-damage|p1a: Galvantula|72\/100\n|\n|t:|1699643329\n|switch|p2a: Iron Valiant|Iron Valiant|100\/100|[from] U-turn\n|-damage|p2a: Iron Valiant|94\/100|[from] Stealth Rock\n|-activate|p2a: Iron Valiant|ability: Quark Drive\n|-start|p2a: Iron Valiant|quarkdrivespe\n|move|p1a: Galvantula|Thunder|p2a: Iron Valiant\n|-damage|p2a: Iron Valiant|0 fnt\n|faint|p2a: Iron Valiant\n|-end|p2a: Iron Valiant|Quark Drive|[silent]\n|\n|-weather|none\n|upkeep\n|\n|t:|1699643335\n|switch|p2a: Clefable|Clefable, M|100\/100\n|-damage|p2a: Clefable|88\/100|[from] Stealth Rock\n|turn|6\n|\n|t:|1699643345\n|move|p1a: Galvantula|Thunder|p2a: Clefable|[miss]\n|-miss|p1a: Galvantula|p2a: Clefable\n|move|p2a: Clefable|Calm Mind|p2a: Clefable\n|-boost|p2a: Clefable|spa|1\n|-boost|p2a: Clefable|spd|1\n|\n|-heal|p2a: Clefable|94\/100|[from] item: Leftovers\n|upkeep\n|turn|7\n|\n|t:|1699643347\n|move|p1a: Galvantula|Thunder|p2a: Clefable\n|-damage|p2a: Clefable|57\/100\n|move|p2a: Clefable|Calm Mind|p2a: Clefable\n|-boost|p2a: Clefable|spa|1\n|-boost|p2a: Clefable|spd|1\n|\n|-heal|p2a: Clefable|63\/100|[from] item: Leftovers\n|upkeep\n|turn|8\n|\n|t:|1699643351\n|move|p1a: Galvantula|Thunder|p2a: Clefable\n|-damage|p2a: Clefable|35\/100\n|move|p2a: Clefable|Soft-Boiled|p2a: Clefable\n|-heal|p2a: Clefable|85\/100\n|\n|-heal|p2a: Clefable|91\/100|[from] item: Leftovers\n|upkeep\n|turn|9\n|\n|t:|1699643355\n|move|p1a: Galvantula|Thunder|p2a: Clefable\n|-damage|p2a: Clefable|58\/100\n|move|p2a: Clefable|Calm Mind|p2a: Clefable\n|-boost|p2a: Clefable|spa|1\n|-boost|p2a: Clefable|spd|1\n|\n|-heal|p2a: Clefable|64\/100|[from] item: Leftovers\n|-fieldend|move: Electric Terrain\n|upkeep\n|turn|10\n|\n|t:|1699643358\n|move|p1a: Galvantula|Thunder|p2a: Clefable\n|-damage|p2a: Clefable|45\/100\n|-status|p2a: Clefable|par\n|move|p2a: Clefable|Calm Mind|p2a: Clefable\n|-boost|p2a: Clefable|spa|1\n|-boost|p2a: Clefable|spd|1\n|\n|-heal|p2a: Clefable|51\/100 par|[from] item: Leftovers\n|upkeep\n|turn|11\n|\n|t:|1699643363\n|switch|p1a: Pinsir|Pinsir, M|100\/100\n|move|p2a: Clefable|Soft-Boiled|p2a: Clefable\n|-heal|p2a: Clefable|100\/100 par\n|\n|upkeep\n|turn|12\n|\n|t:|1699643366\n|detailschange|p1a: Pinsir|Pinsir-Mega, M\n|-mega|p1a: Pinsir|Pinsir|Pinsirite\n|move|p1a: Pinsir|Frustration|p2a: Clefable\n|-damage|p2a: Clefable|47\/100 par\n|cant|p2a: Clefable|par\n|\n|-heal|p2a: Clefable|53\/100 par|[from] item: Leftovers\n|upkeep\n|turn|13\n|\n|t:|1699643372\n|move|p1a: Pinsir|Frustration|p2a: Clefable\n|-damage|p2a: Clefable|0 fnt\n|faint|p2a: Clefable\n|\n|upkeep\n|\n|t:|1699643374\n|switch|p2a: Tapu Koko|Tapu Koko|100\/100\n|-fieldstart|move: Electric Terrain|[from] ability: Electric Surge|[of] p2a: Tapu Koko\n|turn|14\n|\n|t:|1699643382\n|switch|p1a: Galvantula|Galvantula, M|72\/100\n|move|p2a: Tapu Koko|Thunderbolt|p1a: Galvantula\n|-resisted|p1a: Galvantula\n|-damage|p1a: Galvantula|27\/100\n|\n|upkeep\n|turn|15\n|\n|t:|1699643389\n|move|p2a: Tapu Koko|Dazzling Gleam|p1a: Galvantula\n|-damage|p1a: Galvantula|0 fnt\n|faint|p1a: Galvantula\n|\n|upkeep\n|\n|t:|1699643394\n|switch|p1a: Volcarona|Volcarona, M|100\/100\n|turn|16\n|\n|t:|1699643397\n|switch|p2a: Azumarill|Azumarill, F|39\/100\n|-damage|p2a: Azumarill|26\/100|[from] Stealth Rock\n|move|p1a: Volcarona|Quiver Dance|p1a: Volcarona\n|-boost|p1a: Volcarona|spa|1\n|-boost|p1a: Volcarona|spd|1\n|-boost|p1a: Volcarona|spe|1\n|\n|upkeep\n|turn|17\n|\n|t:|1699643409\n|switch|p1a: Ribombee|Ribombee, F|100\/100\n|move|p2a: Azumarill|Aqua Jet|p1a: Ribombee\n|-damage|p1a: Ribombee|19\/100\n|\n|upkeep\n|turn|18\n|\n|t:|1699643414\n|move|p2a: Azumarill|Aqua Jet|p1a: Ribombee\n|-damage|p1a: Ribombee|0 fnt\n|faint|p1a: Ribombee\n|\n|-fieldend|move: Electric Terrain\n|upkeep\n|\n|t:|1699643416\n|switch|p1a: Scizor|Scizor, M|100\/100\n|turn|19\n|\n|t:|1699643423\n|-terastallize|p1a: Scizor|Steel\n|move|p2a: Azumarill|Aqua Jet|p1a: Scizor\n|-damage|p1a: Scizor|60\/100\n|move|p1a: Scizor|Swords Dance|p1a: Scizor\n|-boost|p1a: Scizor|atk|2\n|\n|upkeep\n|turn|20\n|\n|t:|1699643427\n|move|p1a: Scizor|Bullet Punch|p2a: Azumarill\n|-damage|p2a: Azumarill|0 fnt\n|faint|p2a: Azumarill\n|-damage|p1a: Scizor|50\/100|[from] item: Life Orb\n|\n|upkeep\n|\n|t:|1699643429\n|switch|p2a: Tapu Koko|Tapu Koko|100\/100\n|-fieldstart|move: Electric Terrain|[from] ability: Electric Surge|[of] p2a: Tapu Koko\n|turn|21\n|\n|t:|1699643434\n|-terastallize|p2a: Tapu Koko|Steel\n|move|p1a: Scizor|Bullet Punch|p2a: Tapu Koko\n|-resisted|p2a: Tapu Koko\n|-damage|p2a: Tapu Koko|22\/100\n|-damage|p1a: Scizor|40\/100|[from] item: Life Orb\n|move|p2a: Tapu Koko|Thunderbolt|p1a: Scizor\n|-damage|p1a: Scizor|0 fnt\n|faint|p1a: Scizor\n|\n|upkeep\n|\n|t:|1699643445\n|switch|p1a: Pinsir|Pinsir-Mega, M|100\/100\n|turn|22\n|\n|t:|1699643448\n|move|p1a: Pinsir|Quick Attack|p2a: Tapu Koko\n|-resisted|p2a: Tapu Koko\n|-damage|p2a: Tapu Koko|3\/100\n|move|p2a: Tapu Koko|Thunderbolt|p1a: Pinsir\n|-supereffective|p1a: Pinsir\n|-damage|p1a: Pinsir|0 fnt\n|faint|p1a: Pinsir\n|\n|upkeep\n|\n|t:|1699643451\n|switch|p1a: Volcarona|Volcarona, M|100\/100\n|turn|23\n|\n|t:|1699643454\n|move|p2a: Tapu Koko|Thunderbolt|p1a: Volcarona\n|-damage|p1a: Volcarona|51\/100\n|move|p1a: Volcarona|Fiery Dance|p2a: Tapu Koko\n|-supereffective|p2a: Tapu Koko\n|-damage|p2a: Tapu Koko|0 fnt\n|-boost|p1a: Volcarona|spa|1\n|faint|p2a: Tapu Koko\n|\n|win|Skye32\n|l|\u203dChaoss150\n","uploadtime":1699643460,"views":22,"p1id":"skye32","p2id":"chaoss150","formatid":"gen9nationaldex","rating":0,"private":0,"password":""}