{"id":"gen9nationaldex-1987573814","p1":"Tentacultistry","p2":"DJRRRR","format":"[Gen 9] National Dex","log":"|j|\u2606Tentacultistry\n|j|\u2606DJRRRR\n|t:|1699614165\n|gametype|singles\n|player|p1|Tentacultistry|elesa-masters2|1180\n|player|p2|DJRRRR|2|1272\n|teamsize|p1|6\n|teamsize|p2|6\n|gen|9\n|tier|[Gen 9] National Dex\n|rated|\n|rule|HP Percentage Mod: HP is shown in percentages\n|rule|Endless Battle Clause: Forcing endless battles is banned\n|rule|OHKO Clause: OHKO moves are banned\n|rule|Evasion Clause: Evasion abilities, items, and moves are banned\n|rule|Evasion Abilities Clause: Evasion abilities are banned\n|rule|Evasion Items Clause: Evasion items are banned\n|rule|Evasion Moves Clause: Evasion moves are banned\n|rule|Species Clause: Limit one of each Pok\u00e9mon\n|rule|Sleep Clause Mod: Limit one foe put to sleep\n|clearpoke\n|poke|p1|Tapu Koko|\n|poke|p1|Iron Valiant|\n|poke|p1|Iron Hands|\n|poke|p1|Manectric, F|\n|poke|p1|Iron Treads|\n|poke|p1|Iron Jugulis|\n|poke|p2|Tapu Koko|\n|poke|p2|Iron Valiant|\n|poke|p2|Dragonite, M|\n|poke|p2|Glimmora, M|\n|poke|p2|Ursaluna, M|\n|poke|p2|Diancie|\n|teampreview\n|\n|t:|1699614196\n|start\n|switch|p1a: Yharim|Manectric, F|100\/100\n|switch|p2a: Ursaluna|Ursaluna, M|100\/100\n|turn|1\n|\n|t:|1699614208\n|detailschange|p1a: Yharim|Manectric-Mega, F\n|-mega|p1a: Yharim|Manectric|Manectite\n|-ability|p1a: Yharim|Intimidate|boost\n|-unboost|p2a: Ursaluna|atk|1\n|move|p1a: Yharim|Hidden Power|p2a: Ursaluna\n|-supereffective|p2a: Ursaluna\n|-damage|p2a: Ursaluna|60\/100\n|move|p2a: Ursaluna|Headlong Rush|p1a: Yharim\n|-supereffective|p1a: Yharim\n|-damage|p1a: Yharim|0 fnt\n|-unboost|p2a: Ursaluna|def|1\n|-unboost|p2a: Ursaluna|spd|1\n|faint|p1a: Yharim\n|\n|-status|p2a: Ursaluna|brn|[from] item: Flame Orb\n|upkeep\n|\n|t:|1699614216\n|switch|p1a: rita|Tapu Koko|100\/100\n|-fieldstart|move: Electric Terrain|[from] ability: Electric Surge|[of] p1a: rita\n|turn|2\n|\n|t:|1699614234\n|move|p1a: rita|U-turn|p2a: Ursaluna\n|-damage|p2a: Ursaluna|36\/100 brn\n|\n|t:|1699614238\n|switch|p1a: Jimothy cool|Iron Jugulis|100\/100|[from] U-turn\n|-activate|p1a: Jimothy cool|ability: Quark Drive\n|-start|p1a: Jimothy cool|quarkdrivespe\n|move|p2a: Ursaluna|Facade|p1a: Jimothy cool\n|-damage|p1a: Jimothy cool|8\/100\n|\n|-damage|p2a: Ursaluna|30\/100 brn|[from] brn\n|upkeep\n|turn|3\n|\n|t:|1699614265\n|move|p1a: Jimothy cool|Earth Power|p2a: Ursaluna\n|-damage|p2a: Ursaluna|0 fnt\n|faint|p2a: Ursaluna\n|-damage|p1a: Jimothy cool|0 fnt|[from] item: Life Orb\n|faint|p1a: Jimothy cool\n|-end|p1a: Jimothy cool|Quark Drive|[silent]\n|\n|upkeep\n|\n|t:|1699614278\n|switch|p1a: Klein|Iron Valiant|100\/100\n|switch|p2a: Iron Valiant|Iron Valiant|100\/100\n|-activate|p2a: Iron Valiant|ability: Quark Drive\n|-start|p2a: Iron Valiant|quarkdrivespe\n|-activate|p1a: Klein|ability: Quark Drive\n|-start|p1a: Klein|quarkdrivespe\n|turn|4\n|\n|t:|1699614287\n|-terastallize|p2a: Iron Valiant|Steel\n|-terastallize|p1a: Klein|Steel\n|move|p1a: Klein|Moonblast|p2a: Iron Valiant\n|-resisted|p2a: Iron Valiant\n|-damage|p2a: Iron Valiant|47\/100\n|-unboost|p2a: Iron Valiant|spa|1\n|-damage|p1a: Klein|91\/100|[from] item: Life Orb\n|move|p2a: Iron Valiant|Close Combat|p1a: Klein\n|-supereffective|p1a: Klein\n|-damage|p1a: Klein|0 fnt\n|-unboost|p2a: Iron Valiant|def|1\n|-unboost|p2a: Iron Valiant|spd|1\n|faint|p1a: Klein\n|-end|p1a: Klein|Quark Drive|[silent]\n|-damage|p2a: Iron Valiant|37\/100|[from] item: Life Orb\n|\n|upkeep\n|\n|t:|1699614300\n|switch|p1a: Short King|Iron Treads|100\/100\n|-activate|p1a: Short King|ability: Quark Drive\n|-start|p1a: Short King|quarkdrivespe\n|turn|5\n|\n|t:|1699614314\n|-end|p2a: Iron Valiant|Quark Drive|[silent]\n|switch|p2a: Dragonite|Dragonite, M|100\/100\n|-end|p1a: Short King|Quark Drive|[silent]\n|switch|p1a: wide stance craig|Iron Hands|100\/100\n|-activate|p1a: wide stance craig|ability: Quark Drive\n|-start|p1a: wide stance craig|quarkdriveatk\n|\n|upkeep\n|turn|6\n|\n|t:|1699614348\n|switch|p2a: Diancie|Diancie|100\/100\n|move|p1a: wide stance craig|Ice Punch|p2a: Diancie\n|-damage|p2a: Diancie|70\/100\n|\n|upkeep\n|turn|7\n|\n|t:|1699614359\n|detailschange|p2a: Diancie|Diancie-Mega\n|-mega|p2a: Diancie|Diancie|Diancite\n|move|p2a: Diancie|Earth Power|p1a: wide stance craig\n|-supereffective|p1a: wide stance craig\n|-damage|p1a: wide stance craig|61\/100\n|move|p1a: wide stance craig|Drain Punch|p2a: Diancie\n|-crit|p2a: Diancie\n|-damage|p2a: Diancie|0 fnt\n|-heal|p1a: wide stance craig|77\/100|[from] drain|[of] p2a: Diancie\n|faint|p2a: Diancie\n|\n|upkeep\n|\n|t:|1699614388\n|switch|p2a: Iron Valiant|Iron Valiant, tera:Steel|37\/100\n|-activate|p2a: Iron Valiant|ability: Quark Drive\n|-start|p2a: Iron Valiant|quarkdrivespe\n|turn|8\n|\n|t:|1699614404\n|move|p2a: Iron Valiant|Spirit Break|p1a: wide stance craig\n|-supereffective|p1a: wide stance craig\n|-damage|p1a: wide stance craig|24\/100\n|-unboost|p1a: wide stance craig|spa|1\n|-damage|p2a: Iron Valiant|27\/100|[from] item: Life Orb\n|move|p1a: wide stance craig|Drain Punch|p2a: Iron Valiant\n|-supereffective|p2a: Iron Valiant\n|-damage|p2a: Iron Valiant|0 fnt\n|-heal|p1a: wide stance craig|32\/100|[from] drain|[of] p2a: Iron Valiant\n|faint|p2a: Iron Valiant\n|-end|p2a: Iron Valiant|Quark Drive|[silent]\n|\n|upkeep\n|inactive|Battle timer is ON: inactive players will automatically lose when time's up. (requested by DJRRRR)\n|\n|t:|1699614459\n|switch|p2a: Glimmora|Glimmora, M|100\/100\n|turn|9\n|\n|t:|1699614469\n|move|p2a: Glimmora|Spiky Shield|p2a: Glimmora\n|-singleturn|p2a: Glimmora|move: Protect\n|move|p1a: wide stance craig|Drain Punch|p2a: Glimmora\n|-activate|p2a: Glimmora|move: Protect\n|-damage|p1a: wide stance craig|19\/100|[from] Spiky Shield|[of] p2a: Glimmora\n|\n|-fieldend|move: Electric Terrain\n|-end|p1a: wide stance craig|Quark Drive\n|upkeep\n|turn|10\n|\n|t:|1699614475\n|move|p2a: Glimmora|Power Gem|p1a: wide stance craig\n|-resisted|p1a: wide stance craig\n|-damage|p1a: wide stance craig|8\/100\n|move|p1a: wide stance craig|Drain Punch|p2a: Glimmora\n|-damage|p2a: Glimmora|62\/100\n|-heal|p1a: wide stance craig|20\/100|[from] drain|[of] p2a: Glimmora\n|-activate|p2a: Glimmora|ability: Toxic Debris\n|-sidestart|p1: Tentacultistry|move: Toxic Spikes\n|\n|upkeep\n|turn|11\n|\n|t:|1699614485\n|move|p2a: Glimmora|Spiky Shield|p2a: Glimmora\n|-singleturn|p2a: Glimmora|move: Protect\n|move|p1a: wide stance craig|Drain Punch|p2a: Glimmora\n|-activate|p2a: Glimmora|move: Protect\n|-damage|p1a: wide stance craig|7\/100|[from] Spiky Shield|[of] p2a: Glimmora\n|\n|upkeep\n|turn|12\n|\n|t:|1699614491\n|move|p2a: Glimmora|Power Gem|p1a: wide stance craig\n|-resisted|p1a: wide stance craig\n|-damage|p1a: wide stance craig|0 fnt\n|faint|p1a: wide stance craig\n|-end|p1a: wide stance craig|Quark Drive|[silent]\n|\n|upkeep\n|\n|t:|1699614494\n|switch|p1a: Short King|Iron Treads|100\/100\n|turn|13\n|\n|t:|1699614505\n|move|p2a: Glimmora|Spiky Shield|p2a: Glimmora\n|-singleturn|p2a: Glimmora|move: Protect\n|move|p1a: Short King|Rapid Spin|p2a: Glimmora\n|-activate|p2a: Glimmora|move: Protect\n|-damage|p1a: Short King|88\/100|[from] Spiky Shield|[of] p2a: Glimmora\n|\n|upkeep\n|turn|14\n|\n|t:|1699614515\n|move|p1a: Short King|Rapid Spin|p2a: Glimmora\n|-resisted|p2a: Glimmora\n|-damage|p2a: Glimmora|53\/100\n|-boost|p1a: Short King|spe|1\n|-activate|p2a: Glimmora|ability: Toxic Debris\n|-sidestart|p1: Tentacultistry|move: Toxic Spikes\n|-sideend|p1: Tentacultistry|Toxic Spikes|[from] move: Rapid Spin|[of] p1a: Short King\n|move|p2a: Glimmora|Energy Ball|p1a: Short King\n|-damage|p1a: Short King|47\/100\n|\n|upkeep\n|turn|15\n|\n|t:|1699614523\n|move|p2a: Glimmora|Spiky Shield|p2a: Glimmora\n|-singleturn|p2a: Glimmora|move: Protect\n|move|p1a: Short King|Earthquake|p2a: Glimmora\n|-activate|p2a: Glimmora|move: Protect\n|\n|upkeep\n|turn|16\n|\n|t:|1699614532\n|switch|p2a: Dragonite|Dragonite, M|100\/100\n|move|p1a: Short King|Earthquake|p2a: Dragonite\n|-immune|p2a: Dragonite\n|\n|upkeep\n|turn|17\n|\n|t:|1699614555\n|move|p1a: Short King|Iron Head|p2a: Dragonite\n|-crit|p2a: Dragonite\n|-damage|p2a: Dragonite|74\/100\n|move|p2a: Dragonite|Curse|p2a: Dragonite\n|-unboost|p2a: Dragonite|spe|1\n|-boost|p2a: Dragonite|atk|1\n|-boost|p2a: Dragonite|def|1\n|\n|upkeep\n|turn|18\n|\n|t:|1699614564\n|move|p1a: Short King|Iron Head|p2a: Dragonite\n|-damage|p2a: Dragonite|49\/100\n|move|p2a: Dragonite|Roost|p2a: Dragonite\n|-heal|p2a: Dragonite|99\/100\n|-singleturn|p2a: Dragonite|move: Roost\n|\n|upkeep\n|turn|19\n|\n|t:|1699614570\n|-end|p1a: Short King|Quark Drive|[silent]\n|switch|p1a: rita|Tapu Koko|100\/100\n|-fieldstart|move: Electric Terrain|[from] ability: Electric Surge|[of] p1a: rita\n|move|p2a: Dragonite|Curse|p2a: Dragonite\n|-unboost|p2a: Dragonite|spe|1\n|-boost|p2a: Dragonite|atk|1\n|-boost|p2a: Dragonite|def|1\n|\n|upkeep\n|turn|20\n|\n|t:|1699614576\n|move|p1a: rita|Dazzling Gleam|p2a: Dragonite\n|-supereffective|p2a: Dragonite\n|-damage|p2a: Dragonite|57\/100\n|move|p2a: Dragonite|Earthquake|p1a: rita\n|-supereffective|p1a: rita\n|-damage|p1a: rita|0 fnt\n|faint|p1a: rita\n|\n|upkeep\n|-message|Tentacultistry forfeited.\n|\n|win|DJRRRR\n|raw|Tentacultistry's rating: 1180 &rarr; <strong>1161<\/strong><br \/>(-19 for losing)\n|raw|DJRRRR's rating: 1272 &rarr; <strong>1291<\/strong><br \/>(+19 for winning)\n|l|\u2606Tentacultistry\n","uploadtime":1699614584,"views":7,"p1id":"tentacultistry","p2id":"djrrrr","formatid":"gen9nationaldex","rating":1161,"private":0,"password":""}