{"id":"gen9nationaldex-1996802427","p1":"DoctorFiraga","p2":"Miku Nakano ily","format":"[Gen 9] National Dex","log":"|html|<div class=\"broadcast-blue\"><strong>[Gen 9] National Dex is currently suspecting Sneasler! For information on how to participate check out the <a href=\"https:\/\/www.smogon.com\/forums\/threads\/sv-national-dex-suspect-8-just-dance.3731534\/\">suspect thread<\/a>.<\/strong><\/div>\n|j|\u2606DoctorFiraga\n|j|\u2606Miku Nakano ily\n|inactive|Battle timer is ON: inactive players will automatically lose when time's up.\n|t:|1700727740\n|gametype|singles\n|player|p1|DoctorFiraga|veteran|\n|player|p2|Miku Nakano ily|red|\n|teamsize|p1|6\n|teamsize|p2|6\n|gen|9\n|tier|[Gen 9] National Dex\n|rated|Tournament battle\n|rule|HP Percentage Mod: HP is shown in percentages\n|rule|Endless Battle Clause: Forcing endless battles is banned\n|rule|OHKO Clause: OHKO moves are banned\n|rule|Evasion Clause: Evasion abilities, items, and moves are banned\n|rule|Evasion Abilities Clause: Evasion abilities are banned\n|rule|Evasion Items Clause: Evasion items are banned\n|rule|Evasion Moves Clause: Evasion moves are banned\n|rule|Species Clause: Limit one of each Pok\u00e9mon\n|rule|Sleep Clause Mod: Limit one foe put to sleep\n|clearpoke\n|poke|p1|Glimmora, F|\n|poke|p1|Ogerpon-Wellspring, F|\n|poke|p1|Scizor, F|\n|poke|p1|Garchomp, M|\n|poke|p1|Moltres|\n|poke|p1|Weavile, M|\n|poke|p2|Charizard, M|\n|poke|p2|Alomomola, F|\n|poke|p2|Slowking-Galar, M|\n|poke|p2|Iron Valiant|\n|poke|p2|Landorus-Therian, M|\n|poke|p2|Cinderace, M|\n|teampreview\n|inactive|Miku Nakano ily also wants the timer to be on.\n|j| The power of ROCK\n|c|\u2606DoctorFiraga|Glhf\n|c|\u2606Miku Nakano ily|hf\n|\n|t:|1700727754\n|start\n|switch|p1a: No sword of ruin?|Weavile, M|100\/100\n|switch|p2a: Landorus|Landorus-Therian, M|100\/100\n|-ability|p1a: No sword of ruin?|Pressure\n|-ability|p2a: Landorus|Intimidate|boost\n|-unboost|p1a: No sword of ruin?|atk|1\n|turn|1\n|\n|t:|1700727761\n|switch|p1a: KFC|Moltres|100\/100\n|switch|p2a: Alomomola|Alomomola, F|100\/100\n|\n|upkeep\n|turn|2\n|\n|t:|1700727771\n|move|p1a: KFC|Hurricane|p2a: Alomomola|[miss]\n|-miss|p1a: KFC|p2a: Alomomola\n|move|p2a: Alomomola|Toxic|p1a: KFC\n|-status|p1a: KFC|tox\n|\n|-damage|p1a: KFC|94\/100 tox|[from] psn\n|upkeep\n|turn|3\n|\n|t:|1700727780\n|switch|p1a: HAZARDOUS|Glimmora, F|100\/100\n|move|p2a: Alomomola|Flip Turn|p1a: HAZARDOUS\n|-supereffective|p1a: HAZARDOUS\n|-damage|p1a: HAZARDOUS|68\/100\n|-activate|p1a: HAZARDOUS|ability: Toxic Debris\n|-sidestart|p2: Miku Nakano ily|move: Toxic Spikes\n|\n|t:|1700727785\n|switch|p2a: Landorus|Landorus-Therian, M|100\/100|[from] Flip Turn\n|-ability|p2a: Landorus|Intimidate|boost\n|-unboost|p1a: HAZARDOUS|atk|1\n|\n|upkeep\n|turn|4\n|\n|t:|1700727790\n|move|p1a: HAZARDOUS|Spiky Shield|p1a: HAZARDOUS\n|-singleturn|p1a: HAZARDOUS|move: Protect\n|move|p2a: Landorus|Knock Off|p1a: HAZARDOUS\n|-activate|p1a: HAZARDOUS|move: Protect\n|-damage|p2a: Landorus|88\/100|[from] Spiky Shield|[of] p1a: HAZARDOUS\n|\n|-heal|p2a: Landorus|94\/100|[from] item: Leftovers\n|upkeep\n|turn|5\n|\n|t:|1700727799\n|move|p1a: HAZARDOUS|Stealth Rock|p2a: Landorus\n|-sidestart|p2: Miku Nakano ily|move: Stealth Rock\n|move|p2a: Landorus|Earthquake|p1a: HAZARDOUS\n|-supereffective|p1a: HAZARDOUS\n|-damage|p1a: HAZARDOUS|0 fnt\n|-activate|p1a: HAZARDOUS|ability: Toxic Debris\n|-sidestart|p2: Miku Nakano ily|move: Toxic Spikes\n|faint|p1a: HAZARDOUS\n|\n|-heal|p2a: Landorus|99\/100|[from] item: Leftovers\n|upkeep\n|\n|t:|1700727807\n|switch|p1a: No sword of ruin?|Weavile, M|100\/100\n|-ability|p1a: No sword of ruin?|Pressure\n|turn|6\n|\n|t:|1700727813\n|switch|p2a: Alomomola|Alomomola, F|100\/100\n|-status|p2a: Alomomola|tox\n|-damage|p2a: Alomomola|88\/100 tox|[from] Stealth Rock\n|move|p1a: No sword of ruin?|Swords Dance|p1a: No sword of ruin?\n|-boost|p1a: No sword of ruin?|atk|2\n|\n|-damage|p2a: Alomomola|82\/100 tox|[from] psn\n|upkeep\n|turn|7\n|\n|t:|1700727819\n|move|p1a: No sword of ruin?|Knock Off|p2a: Alomomola\n|-damage|p2a: Alomomola|19\/100 tox\n|-enditem|p2a: Alomomola|Lagging Tail|[from] move: Knock Off|[of] p1a: No sword of ruin?\n|-damage|p1a: No sword of ruin?|91\/100|[from] item: Life Orb\n|move|p2a: Alomomola|Toxic|p1a: No sword of ruin?\n|-status|p1a: No sword of ruin?|tox\n|\n|-damage|p1a: No sword of ruin?|84\/100 tox|[from] psn\n|-damage|p2a: Alomomola|7\/100 tox|[from] psn\n|upkeep\n|turn|8\n|j| Mechavelli\n|\n|t:|1700727827\n|switch|p2a: Landorus|Landorus-Therian, M|99\/100\n|-damage|p2a: Landorus|88\/100|[from] Stealth Rock\n|-ability|p2a: Landorus|Intimidate|boost\n|-unboost|p1a: No sword of ruin?|atk|1\n|move|p1a: No sword of ruin?|Knock Off|p2a: Landorus\n|-damage|p2a: Landorus|1\/100\n|-enditem|p2a: Landorus|Leftovers|[from] move: Knock Off|[of] p1a: No sword of ruin?\n|-damage|p1a: No sword of ruin?|75\/100 tox|[from] item: Life Orb\n|\n|-damage|p1a: No sword of ruin?|62\/100 tox|[from] psn\n|upkeep\n|turn|9\n|\n|t:|1700727834\n|move|p1a: No sword of ruin?|Knock Off|p2a: Landorus\n|-crit|p2a: Landorus\n|-damage|p2a: Landorus|0 fnt\n|faint|p2a: Landorus\n|-damage|p1a: No sword of ruin?|52\/100 tox|[from] item: Life Orb\n|\n|-damage|p1a: No sword of ruin?|34\/100 tox|[from] psn\n|upkeep\n|\n|t:|1700727843\n|switch|p2a: Cinderace|Cinderace, M|100\/100\n|turn|10\n|\n|t:|1700727847\n|move|p1a: No sword of ruin?|Knock Off|p2a: Cinderace\n|-damage|p2a: Cinderace|0 fnt\n|-enditem|p2a: Cinderace|Heavy-Duty Boots|[from] move: Knock Off|[of] p1a: No sword of ruin?\n|faint|p2a: Cinderace\n|-damage|p1a: No sword of ruin?|24\/100 tox|[from] item: Life Orb\n|\n|-damage|p1a: No sword of ruin?|0 fnt|[from] psn\n|faint|p1a: No sword of ruin?\n|upkeep\n|\n|t:|1700727859\n|switch|p1a: Skincare|Garchomp, M|100\/100\n|switch|p2a: Slowking|Slowking-Galar, M|100\/100\n|-sideend|p2: Miku Nakano ily|move: Toxic Spikes|[of] p2a: Slowking\n|-damage|p2a: Slowking|88\/100|[from] Stealth Rock\n|turn|11\n|\n|t:|1700727865\n|-terastallize|p1a: Skincare|Steel\n|move|p1a: Skincare|Swords Dance|p1a: Skincare\n|-boost|p1a: Skincare|atk|2\n|move|p2a: Slowking|Ice Beam|p1a: Skincare\n|-resisted|p1a: Skincare\n|-damage|p1a: Skincare|87\/100\n|\n|-heal|p2a: Slowking|94\/100|[from] item: Leftovers\n|upkeep\n|turn|12\n|\n|t:|1700727877\n|move|p1a: Skincare|Scale Shot|p2a: Slowking\n|-damage|p2a: Slowking|66\/100\n|-damage|p2a: Slowking|39\/100\n|-damage|p2a: Slowking|10\/100\n|-damage|p2a: Slowking|0 fnt\n|faint|p2a: Slowking\n|-hitcount|p2: Slowking|4\n|-unboost|p1a: Skincare|def|1\n|-boost|p1a: Skincare|spe|1\n|\n|upkeep\n|\n|t:|1700727885\n|switch|p2a: Iron Valiant|Iron Valiant, shiny|100\/100\n|-damage|p2a: Iron Valiant|94\/100|[from] Stealth Rock\n|-enditem|p2a: Iron Valiant|Booster Energy\n|-activate|p2a: Iron Valiant|ability: Quark Drive|[fromitem]\n|-start|p2a: Iron Valiant|quarkdrivespe\n|turn|13\n|\n|t:|1700727897\n|switch|p1a: KFC|Moltres|94\/100 tox\n|move|p2a: Iron Valiant|Drain Punch|p1a: KFC\n|-resisted|p1a: KFC\n|-crit|p1a: KFC\n|-damage|p1a: KFC|67\/100 tox\n|-heal|p2a: Iron Valiant|100\/100|[from] drain|[of] p1a: KFC\n|-status|p2a: Iron Valiant|brn|[from] ability: Flame Body|[of] p1a: KFC\n|\n|-damage|p1a: KFC|61\/100 tox|[from] psn\n|-damage|p2a: Iron Valiant|94\/100 brn|[from] brn\n|upkeep\n|turn|14\n|c|\u2606Miku Nakano ily|bruh\n|\n|t:|1700727906\n|-end|p2a: Iron Valiant|Quark Drive|[silent]\n|switch|p2a: Alomomola|Alomomola, F|40\/100 tox\n|-damage|p2a: Alomomola|28\/100 tox|[from] Stealth Rock\n|move|p1a: KFC|Roost|p1a: KFC\n|-heal|p1a: KFC|100\/100 tox\n|-singleturn|p1a: KFC|move: Roost\n|\n|-damage|p1a: KFC|88\/100 tox|[from] psn\n|-damage|p2a: Alomomola|22\/100 tox|[from] psn\n|upkeep\n|turn|15\n|\n|t:|1700727911\n|move|p1a: KFC|Hurricane|p2a: Alomomola|[miss]\n|-miss|p1a: KFC|p2a: Alomomola\n|move|p2a: Alomomola|Wish|p2a: Alomomola\n|\n|-damage|p1a: KFC|70\/100 tox|[from] psn\n|-damage|p2a: Alomomola|9\/100 tox|[from] psn\n|upkeep\n|turn|16\n|c|\u2606DoctorFiraga|Bro\n|j| chuntaro-kun\n|\n|t:|1700727931\n|switch|p1a: Skincare|Garchomp, M, tera:Steel|87\/100\n|move|p2a: Alomomola|Protect||[still]\n|-fail|p2a: Alomomola\n|\n|-heal|p2a: Alomomola|59\/100 tox|[from] move: Wish|[wisher] Alomomola\n|-damage|p2a: Alomomola|41\/100 tox|[from] psn\n|upkeep\n|turn|17\n|\n|t:|1700727939\n|move|p1a: Skincare|Earthquake|p2a: Alomomola\n|-damage|p2a: Alomomola|13\/100 tox\n|move|p2a: Alomomola|Wish|p2a: Alomomola\n|\n|-damage|p2a: Alomomola|0 fnt|[from] psn\n|faint|p2a: Alomomola\n|upkeep\n|\n|t:|1700727942\n|switch|p2a: Charizard|Charizard, M|100\/100\n|-damage|p2a: Charizard|51\/100|[from] Stealth Rock\n|turn|18\n|\n|t:|1700727947\n|detailschange|p2a: Charizard|Charizard-Mega-Y, M\n|-mega|p2a: Charizard|Charizard|Charizardite Y\n|-weather|SunnyDay|[from] ability: Drought|[of] p2a: Charizard\n|move|p1a: Skincare|Scale Shot|p2a: Charizard\n|-damage|p2a: Charizard|33\/100\n|-damage|p2a: Charizard|15\/100\n|-damage|p2a: Charizard|0 fnt\n|faint|p2a: Charizard\n|-hitcount|p2: Charizard|3\n|-unboost|p1a: Skincare|def|1\n|-boost|p1a: Skincare|spe|1\n|\n|-weather|SunnyDay|[upkeep]\n|upkeep\n|c|\u2606DoctorFiraga|Gg\n|\n|t:|1700727955\n|switch|p2a: Iron Valiant|Iron Valiant, shiny|94\/100 brn\n|-damage|p2a: Iron Valiant|88\/100 brn|[from] Stealth Rock\n|turn|19\n|l| chuntaro-kun\n|\n|t:|1700727962\n|move|p1a: Skincare|Earthquake|p2a: Iron Valiant\n|-damage|p2a: Iron Valiant|23\/100 brn\n|move|p2a: Iron Valiant|Drain Punch|p1a: Skincare\n|-supereffective|p1a: Skincare\n|-damage|p1a: Skincare|29\/100\n|-heal|p2a: Iron Valiant|59\/100 brn|[from] drain|[of] p1a: Skincare\n|-damage|p2a: Iron Valiant|47\/100 brn|[from] ability: Rough Skin|[of] p1a: Skincare\n|\n|-weather|SunnyDay|[upkeep]\n|-damage|p2a: Iron Valiant|41\/100 brn|[from] brn\n|upkeep\n|turn|20\n|\n|t:|1700727967\n|move|p1a: Skincare|Earthquake|p2a: Iron Valiant\n|-damage|p2a: Iron Valiant|0 fnt\n|faint|p2a: Iron Valiant\n|-end|p2a: Iron Valiant|Quark Drive|[silent]\n|\n|win|DoctorFiraga\n|n|\u2606DoctorFiraga|doctorfiraga\n|n|\u2606Miku Nakano ily|mikunakanoily\n|n| The power of ROCK|thepowerofrock\n|n| Mechavelli|mechavelli\n","uploadtime":1700727968,"views":3,"p1id":"doctorfiraga","p2id":"mikunakanoily","formatid":"gen9nationaldex","rating":0,"private":0,"password":""}