{"id":"gen9nationaldex-1992838382","p1":"pacolin","p2":"ant.T19","format":"[Gen 9] National Dex","log":"|j|\u2606pacolin\n|j|\u2606ant.T19\n|t:|1700239813\n|gametype|singles\n|player|p1|pacolin|n|1060\n|player|p2|ant.T19|170|1040\n|teamsize|p1|6\n|teamsize|p2|6\n|gen|9\n|tier|[Gen 9] National Dex\n|rated|\n|rule|HP Percentage Mod: HP is shown in percentages\n|rule|Endless Battle Clause: Forcing endless battles is banned\n|rule|OHKO Clause: OHKO moves are banned\n|rule|Evasion Clause: Evasion abilities, items, and moves are banned\n|rule|Evasion Abilities Clause: Evasion abilities are banned\n|rule|Evasion Items Clause: Evasion items are banned\n|rule|Evasion Moves Clause: Evasion moves are banned\n|rule|Species Clause: Limit one of each Pok\u00e9mon\n|rule|Sleep Clause Mod: Limit one foe put to sleep\n|clearpoke\n|poke|p1|Volcarona, M|\n|poke|p1|Steelix, M|\n|poke|p1|Lanturn, F|\n|poke|p1|Umbreon, M|\n|poke|p1|Landorus-Therian, M|\n|poke|p1|Gothitelle, F|\n|poke|p2|Ledian, F|\n|poke|p2|Sunflora, M|\n|poke|p2|Volbeat, M|\n|poke|p2|Kricketune, F|\n|poke|p2|Delibird, F|\n|poke|p2|Dudunsparce-*, M|\n|teampreview\n|\n|t:|1700239819\n|start\n|switch|p1a: Landorus|Landorus-Therian, M|100\/100\n|switch|p2a: Volbeat|Volbeat, M|100\/100\n|-ability|p1a: Landorus|Intimidate|boost\n|-unboost|p2a: Volbeat|atk|1\n|turn|1\n|\n|t:|1700239830\n|move|p2a: Volbeat|Sunny Day|p2a: Volbeat\n|-weather|SunnyDay\n|move|p1a: Landorus|U-turn|p2a: Volbeat\n|-damage|p2a: Volbeat|69\/100\n|-damage|p1a: Landorus|91\/100|[from] item: Life Orb\n|\n|t:|1700239835\n|switch|p1a: Volcarona|Volcarona, M|100\/100|[from] U-turn\n|\n|-weather|SunnyDay|[upkeep]\n|upkeep\n|turn|2\n|\n|t:|1700239841\n|move|p2a: Volbeat|Thunder Wave|p1a: Volcarona\n|-status|p1a: Volcarona|par\n|cant|p1a: Volcarona|par\n|\n|-weather|SunnyDay|[upkeep]\n|upkeep\n|turn|3\n|\n|t:|1700239854\n|move|p2a: Volbeat|U-turn|p1a: Volcarona\n|-resisted|p1a: Volcarona\n|-damage|p1a: Volcarona|90\/100 par\n|\n|t:|1700239866\n|switch|p2a: Dudunsparce|Dudunsparce, M|100\/100|[from] U-turn\n|move|p1a: Volcarona|Quiver Dance|p1a: Volcarona\n|-boost|p1a: Volcarona|spa|1\n|-boost|p1a: Volcarona|spd|1\n|-boost|p1a: Volcarona|spe|1\n|\n|-weather|SunnyDay|[upkeep]\n|upkeep\n|turn|4\n|inactive|Battle timer is ON: inactive players will automatically lose when time's up. (requested by pacolin)\n|\n|t:|1700239875\n|move|p1a: Volcarona|Heat Wave|p2a: Dudunsparce\n|-damage|p2a: Dudunsparce|22\/100\n|-status|p2a: Dudunsparce|brn\n|move|p2a: Dudunsparce|Dragon Tail|p1a: Volcarona\n|-damage|p1a: Volcarona|80\/100 par\n|drag|p1a: Umbreon|Umbreon, M|100\/100\n|\n|-weather|SunnyDay|[upkeep]\n|-heal|p2a: Dudunsparce|28\/100 brn|[from] item: Leftovers\n|-damage|p2a: Dudunsparce|22\/100 brn|[from] brn\n|upkeep\n|turn|5\n|\n|t:|1700239889\n|switch|p1a: Landorus|Landorus-Therian, M|91\/100\n|-ability|p1a: Landorus|Intimidate|boost\n|-unboost|p2a: Dudunsparce|atk|1\n|move|p2a: Dudunsparce|Coil|p2a: Dudunsparce\n|-boost|p2a: Dudunsparce|atk|1\n|-boost|p2a: Dudunsparce|def|1\n|-boost|p2a: Dudunsparce|accuracy|1\n|\n|-weather|SunnyDay|[upkeep]\n|-heal|p2a: Dudunsparce|28\/100 brn|[from] item: Leftovers\n|-damage|p2a: Dudunsparce|22\/100 brn|[from] brn\n|upkeep\n|turn|6\n|\n|t:|1700239902\n|move|p1a: Landorus|U-turn|p2a: Dudunsparce\n|-damage|p2a: Dudunsparce|0 fnt\n|faint|p2a: Dudunsparce\n|-damage|p1a: Landorus|81\/100|[from] item: Life Orb\n|\n|t:|1700239908\n|switch|p1a: Steelix|Steelix, M|100\/100|[from] U-turn\n|\n|-weather|SunnyDay|[upkeep]\n|upkeep\n|\n|t:|1700239913\n|switch|p2a: Sunflora|Sunflora, M|100\/100\n|turn|7\n|\n|t:|1700239921\n|switch|p1a: Volcarona|Volcarona, M|80\/100 par\n|move|p2a: Sunflora|Weather Ball|p1a: Volcarona\n|-damage|p1a: Volcarona|0 fnt\n|faint|p1a: Volcarona\n|-damage|p2a: Sunflora|91\/100|[from] item: Life Orb\n|\n|-weather|SunnyDay|[upkeep]\n|-damage|p2a: Sunflora|78\/100|[from] ability: Solar Power|[of] p2a: Sunflora\n|upkeep\n|\n|t:|1700239931\n|switch|p1a: Gothitelle|Gothitelle, F|100\/100\n|turn|8\n|\n|t:|1700239937\n|move|p1a: Gothitelle|Psyshock|p2a: Sunflora\n|-damage|p2a: Sunflora|18\/100\n|move|p2a: Sunflora|Weather Ball|p1a: Gothitelle\n|-enditem|p1a: Gothitelle|Focus Sash\n|-damage|p1a: Gothitelle|1\/100\n|-damage|p2a: Sunflora|8\/100|[from] item: Life Orb\n|\n|-weather|none\n|upkeep\n|turn|9\n|\n|t:|1700239951\n|move|p1a: Gothitelle|Psyshock|p2a: Sunflora\n|-damage|p2a: Sunflora|0 fnt\n|faint|p2a: Sunflora\n|\n|upkeep\n|\n|t:|1700239957\n|switch|p2a: Kricketune|Kricketune, F|100\/100\n|turn|10\n|\n|t:|1700239968\n|move|p2a: Kricketune|Sticky Web|p1a: Gothitelle\n|-sidestart|p1: pacolin|move: Sticky Web\n|move|p1a: Gothitelle|Focus Blast|p2a: Kricketune|[miss]\n|-miss|p1a: Gothitelle|p2a: Kricketune\n|\n|upkeep\n|turn|11\n|\n|t:|1700239976\n|move|p2a: Kricketune|Pounce|p1a: Gothitelle\n|-supereffective|p1a: Gothitelle\n|-damage|p1a: Gothitelle|0 fnt\n|faint|p1a: Gothitelle\n|\n|upkeep\n|\n|t:|1700239980\n|switch|p1a: Landorus|Landorus-Therian, M|81\/100\n|-ability|p1a: Landorus|Intimidate|boost\n|-unboost|p2a: Kricketune|atk|1\n|turn|12\n|\n|t:|1700239985\n|move|p1a: Landorus|Fly||[still]\n|-prepare|p1a: Landorus|Fly\n|move|p2a: Kricketune|Taunt|p1a: Landorus|[miss]\n|-miss|p2a: Kricketune|p1a: Landorus\n|\n|upkeep\n|turn|13\n|\n|t:|1700240001\n|move|p1a: Landorus|Fly|p2a: Kricketune|[from]lockedmove\n|-supereffective|p2a: Kricketune\n|-enditem|p2a: Kricketune|Focus Sash\n|-damage|p2a: Kricketune|1\/100\n|-damage|p1a: Landorus|71\/100|[from] item: Life Orb\n|move|p2a: Kricketune|Pounce|p1a: Landorus\n|-resisted|p1a: Landorus\n|-crit|p1a: Landorus\n|-damage|p1a: Landorus|46\/100\n|-unboost|p1a: Landorus|spe|1\n|\n|upkeep\n|turn|14\n|\n|t:|1700240014\n|move|p2a: Kricketune|Pounce|p1a: Landorus\n|-resisted|p1a: Landorus\n|-damage|p1a: Landorus|35\/100\n|-unboost|p1a: Landorus|spe|1\n|move|p1a: Landorus|Fly||[still]\n|-prepare|p1a: Landorus|Fly\n|\n|upkeep\n|turn|15\n|\n|t:|1700240022\n|switch|p2a: Volbeat|Volbeat, M|69\/100\n|move|p1a: Landorus|Fly|p2a: Volbeat|[from]lockedmove\n|-supereffective|p2a: Volbeat\n|-damage|p2a: Volbeat|0 fnt\n|faint|p2a: Volbeat\n|-damage|p1a: Landorus|25\/100|[from] item: Life Orb\n|\n|upkeep\n|\n|t:|1700240030\n|switch|p2a: Delibird|Delibird, F|100\/100\n|turn|16\n|\n|t:|1700240043\n|move|p2a: Delibird|Icy Wind|p1a: Landorus\n|-supereffective|p1a: Landorus\n|-damage|p1a: Landorus|0 fnt\n|faint|p1a: Landorus\n|\n|upkeep\n|\n|t:|1700240057\n|switch|p1a: Steelix|Steelix, M|100\/100\n|-activate|p1a: Steelix|move: Sticky Web\n|-unboost|p1a: Steelix|spe|1\n|turn|17\n|\n|t:|1700240072\n|detailschange|p1a: Steelix|Steelix-Mega, M\n|-mega|p1a: Steelix|Steelix|Steelixite\n|move|p2a: Delibird|Icy Wind|p1a: Steelix\n|-damage|p1a: Steelix|79\/100\n|-unboost|p1a: Steelix|spe|1\n|move|p1a: Steelix|Rock Slide|p2a: Delibird\n|-supereffective|p2a: Delibird\n|-enditem|p2a: Delibird|Focus Sash\n|-damage|p2a: Delibird|1\/100\n|\n|upkeep\n|turn|18\n|\n|t:|1700240083\n|move|p2a: Delibird|Destiny Bond|p2a: Delibird\n|-singlemove|p2a: Delibird|Destiny Bond\n|move|p1a: Steelix|Rock Slide|p2a: Delibird\n|-supereffective|p2a: Delibird\n|-damage|p2a: Delibird|0 fnt\n|faint|p2a: Delibird\n|-activate|p2a: Delibird|move: Destiny Bond\n|faint|p1a: Steelix\n|\n|upkeep\n|inactive|ant.T19 has 120 seconds left.\n|\n|t:|1700240127\n|switch|p2a: Kricketune|Kricketune, F|1\/100\n|switch|p1a: Lanturn|Lanturn, F|100\/100\n|-activate|p1a: Lanturn|move: Sticky Web\n|-unboost|p1a: Lanturn|spe|1\n|turn|19\n|\n|t:|1700240137\n|move|p2a: Kricketune|Pounce|p1a: Lanturn\n|-damage|p1a: Lanturn|67\/100\n|-unboost|p1a: Lanturn|spe|1\n|move|p1a: Lanturn|Thunderbolt|p2a: Kricketune\n|-damage|p2a: Kricketune|0 fnt\n|faint|p2a: Kricketune\n|\n|upkeep\n|\n|t:|1700240153\n|switch|p2a: Ledian|Ledian, F|100\/100\n|turn|20\n|\n|t:|1700240161\n|-terastallize|p2a: Ledian|Fighting\n|move|p2a: Ledian|Supersonic|p1a: Lanturn\n|-start|p1a: Lanturn|confusion\n|-activate|p1a: Lanturn|confusion\n|-damage|p1a: Lanturn|63\/100|[from] confusion\n|\n|upkeep\n|turn|21\n|\n|t:|1700240173\n|-singleturn|p2a: Ledian|move: Focus Punch\n|-activate|p1a: Lanturn|confusion\n|-damage|p1a: Lanturn|59\/100|[from] confusion\n|move|p2a: Ledian|Focus Punch|p1a: Lanturn\n|-damage|p1a: Lanturn|3\/100\n|-enditem|p1a: Lanturn|Sitrus Berry|[eat]\n|-heal|p1a: Lanturn|28\/100|[from] item: Sitrus Berry\n|\n|upkeep\n|turn|22\n|\n|t:|1700240184\n|move|p2a: Ledian|Drain Punch|p1a: Lanturn\n|-damage|p1a: Lanturn|2\/100\n|-activate|p1a: Lanturn|confusion\n|-damage|p1a: Lanturn|0 fnt|[from] confusion\n|faint|p1a: Lanturn\n|\n|upkeep\n|\n|t:|1700240190\n|switch|p1a: Umbreon|Umbreon, M|100\/100\n|-activate|p1a: Umbreon|move: Sticky Web\n|-unboost|p1a: Umbreon|spe|1\n|turn|23\n|\n|t:|1700240195\n|move|p2a: Ledian|Supersonic|p1a: Umbreon|[miss]\n|-miss|p2a: Ledian|p1a: Umbreon\n|move|p1a: Umbreon|Toxic|p2a: Ledian\n|-status|p2a: Ledian|tox\n|\n|-damage|p2a: Ledian|95\/100 tox|[from] psn\n|upkeep\n|turn|24\n|inactive|ant.T19 has 120 seconds left.\n|\n|t:|1700240203\n|move|p1a: Umbreon|Protect|p1a: Umbreon\n|-singleturn|p1a: Umbreon|Protect\n|move|p2a: Ledian|Supersonic|p1a: Umbreon\n|-activate|p1a: Umbreon|move: Protect\n|\n|-damage|p2a: Ledian|83\/100 tox|[from] psn\n|upkeep\n|turn|25\n|\n|t:|1700240211\n|move|p2a: Ledian|Supersonic|p1a: Umbreon\n|-start|p1a: Umbreon|confusion\n|-activate|p1a: Umbreon|confusion\n|-damage|p1a: Umbreon|97\/100|[from] confusion\n|\n|-heal|p1a: Umbreon|100\/100|[from] item: Leftovers\n|-damage|p2a: Ledian|65\/100 tox|[from] psn\n|upkeep\n|turn|26\n|\n|t:|1700240220\n|-singleturn|p2a: Ledian|move: Focus Punch\n|-activate|p1a: Umbreon|confusion\n|move|p1a: Umbreon|Heal Bell||[still]\n|-activate|p1a: Umbreon|move: Heal Bell\n|-fail|p1a: Umbreon\n|move|p2a: Ledian|Focus Punch|p1a: Umbreon\n|-supereffective|p1a: Umbreon\n|-damage|p1a: Umbreon|39\/100\n|\n|-heal|p1a: Umbreon|45\/100|[from] item: Leftovers\n|-damage|p2a: Ledian|41\/100 tox|[from] psn\n|upkeep\n|turn|27\n|\n|t:|1700240233\n|move|p2a: Ledian|Drain Punch|p1a: Umbreon\n|-supereffective|p1a: Umbreon\n|-damage|p1a: Umbreon|12\/100\n|-heal|p2a: Ledian|64\/100 tox|[from] drain|[of] p1a: Umbreon\n|-activate|p1a: Umbreon|confusion\n|-damage|p1a: Umbreon|8\/100|[from] confusion\n|\n|-heal|p1a: Umbreon|14\/100|[from] item: Leftovers\n|-damage|p2a: Ledian|34\/100 tox|[from] psn\n|upkeep\n|turn|28\n|\n|t:|1700240243\n|-singleturn|p2a: Ledian|move: Focus Punch\n|-end|p1a: Umbreon|confusion\n|move|p1a: Umbreon|Protect|p1a: Umbreon\n|-singleturn|p1a: Umbreon|Protect\n|move|p2a: Ledian|Focus Punch|p1a: Umbreon\n|-activate|p1a: Umbreon|move: Protect\n|\n|-heal|p1a: Umbreon|20\/100|[from] item: Leftovers\n|-damage|p2a: Ledian|0 fnt|[from] psn\n|faint|p2a: Ledian\n|\n|win|pacolin\n|upkeep\n|raw|pacolin's rating: 1060 &rarr; <strong>1089<\/strong><br \/>(+29 for winning)\n|raw|ant.T19's rating: 1040 &rarr; <strong>1025<\/strong><br \/>(-15 for losing)\n|l|\u2606ant.T19\n","uploadtime":1700240258,"views":8,"p1id":"pacolin","p2id":"antt19","formatid":"gen9nationaldex","rating":1025,"private":0,"password":""}