{"id":"gen9nationaldex-1999176102","p1":"djx","p2":"congpizza","format":"[Gen 9] National Dex","log":"|html|<div class=\"broadcast-blue\"><strong>[Gen 9] National Dex is currently suspecting Sneasler! For information on how to participate check out the <a href=\"https:\/\/www.smogon.com\/forums\/threads\/sv-national-dex-suspect-8-just-dance.3731534\/\">suspect thread<\/a>.<\/strong><\/div>\n|j|\u203ddjx\n|j|\u2606congpizza\n|t:|1701041664\n|gametype|singles\n|player|p1|djx|dawn-gen4pt|1471\n|player|p2|congpizza|dawn|1364\n|teamsize|p1|6\n|teamsize|p2|6\n|gen|9\n|tier|[Gen 9] National Dex\n|rated|\n|rule|HP Percentage Mod: HP is shown in percentages\n|rule|Endless Battle Clause: Forcing endless battles is banned\n|rule|OHKO Clause: OHKO moves are banned\n|rule|Evasion Clause: Evasion abilities, items, and moves are banned\n|rule|Evasion Abilities Clause: Evasion abilities are banned\n|rule|Evasion Items Clause: Evasion items are banned\n|rule|Evasion Moves Clause: Evasion moves are banned\n|rule|Species Clause: Limit one of each Pok\u00e9mon\n|rule|Sleep Clause Mod: Limit one foe put to sleep\n|clearpoke\n|poke|p1|Great Tusk|\n|poke|p1|Gyarados, M|\n|poke|p1|Iron Valiant|\n|poke|p1|Volcarona, F|\n|poke|p1|Tapu Koko|\n|poke|p1|Sneasler, M|\n|poke|p2|Pelipper, M|\n|poke|p2|Greninja-*, M|\n|poke|p2|Swampert, F|\n|poke|p2|Ferrothorn, M|\n|poke|p2|Overqwil, M|\n|poke|p2|Zapdos|\n|teampreview\n|inactive|Battle timer is ON: inactive players will automatically lose when time's up. (requested by congpizza)\n|\n|t:|1701041694\n|start\n|switch|p1a: Great Tusk|Great Tusk|100\/100\n|switch|p2a: \u76d6\u9e25\u5361|Pelipper, M|100\/100\n|-weather|RainDance|[from] ability: Drizzle|[of] p2a: \u76d6\u9e25\u5361\n|-enditem|p1a: Great Tusk|Booster Energy\n|-activate|p1a: Great Tusk|ability: Protosynthesis|[fromitem]\n|-start|p1a: Great Tusk|protosynthesisatk\n|turn|1\n|\n|t:|1701041715\n|move|p1a: Great Tusk|Ice Spinner|p2a: \u76d6\u9e25\u5361\n|-damage|p2a: \u76d6\u9e25\u5361|62\/100\n|move|p2a: \u76d6\u9e25\u5361|Weather Ball|p1a: Great Tusk\n|-supereffective|p1a: Great Tusk\n|-damage|p1a: Great Tusk|0 fnt\n|faint|p1a: Great Tusk\n|-end|p1a: Great Tusk|Protosynthesis|[silent]\n|\n|-weather|RainDance|[upkeep]\n|upkeep\n|\n|t:|1701041718\n|switch|p1a: Tapu Koko|Tapu Koko|100\/100\n|-fieldstart|move: Electric Terrain|[from] ability: Electric Surge|[of] p1a: Tapu Koko\n|turn|2\n|\n|t:|1701041723\n|switch|p2a: \u65e0\u654c\u7684\u516d\u8fb9\u5f62|Swampert, F|100\/100\n|move|p1a: Tapu Koko|U-turn|p2a: \u65e0\u654c\u7684\u516d\u8fb9\u5f62\n|-damage|p2a: \u65e0\u654c\u7684\u516d\u8fb9\u5f62|77\/100\n|\n|t:|1701041734\n|switch|p1a: Gyarados|Gyarados, M|100\/100|[from] U-turn\n|\n|-weather|RainDance|[upkeep]\n|upkeep\n|turn|3\n|\n|t:|1701041741\n|detailschange|p1a: Gyarados|Gyarados-Mega, M\n|-mega|p1a: Gyarados|Gyarados|Gyaradosite\n|-ability|p1a: Gyarados|Mold Breaker\n|detailschange|p2a: \u65e0\u654c\u7684\u516d\u8fb9\u5f62|Swampert-Mega, F\n|-mega|p2a: \u65e0\u654c\u7684\u516d\u8fb9\u5f62|Swampert|Swampertite\n|move|p2a: \u65e0\u654c\u7684\u516d\u8fb9\u5f62|Waterfall|p1a: Gyarados\n|-resisted|p1a: Gyarados\n|-damage|p1a: Gyarados|63\/100\n|move|p1a: Gyarados|Dragon Dance|p1a: Gyarados\n|-boost|p1a: Gyarados|atk|1\n|-boost|p1a: Gyarados|spe|1\n|\n|-weather|RainDance|[upkeep]\n|upkeep\n|turn|4\n|\n|t:|1701041771\n|move|p2a: \u65e0\u654c\u7684\u516d\u8fb9\u5f62|Superpower|p1a: Gyarados\n|-supereffective|p1a: Gyarados\n|-damage|p1a: Gyarados|0 fnt\n|-unboost|p2a: \u65e0\u654c\u7684\u516d\u8fb9\u5f62|atk|1\n|-unboost|p2a: \u65e0\u654c\u7684\u516d\u8fb9\u5f62|def|1\n|faint|p1a: Gyarados\n|\n|-weather|RainDance|[upkeep]\n|upkeep\n|\n|t:|1701041778\n|switch|p1a: Volcarona|Volcarona, F|100\/100\n|turn|5\n|\n|t:|1701041788\n|switch|p2a: \u4efb\u4f55\u7329\u7329\uff0c\u7ec8\u5c06\u7ef3\u4e4b\u4ee5\u6cd5\uff01|Overqwil, M|100\/100\n|move|p1a: Volcarona|Quiver Dance|p1a: Volcarona\n|-boost|p1a: Volcarona|spa|1\n|-boost|p1a: Volcarona|spd|1\n|-boost|p1a: Volcarona|spe|1\n|\n|-weather|RainDance|[upkeep]\n|upkeep\n|turn|6\n|\n|t:|1701041799\n|-zpower|p2a: \u4efb\u4f55\u7329\u7329\uff0c\u7ec8\u5c06\u7ef3\u4e4b\u4ee5\u6cd5\uff01\n|move|p2a: \u4efb\u4f55\u7329\u7329\uff0c\u7ec8\u5c06\u7ef3\u4e4b\u4ee5\u6cd5\uff01|Black Hole Eclipse|p1a: Volcarona|[zeffect]\n|-damage|p1a: Volcarona|0 fnt\n|faint|p1a: Volcarona\n|\n|-weather|RainDance|[upkeep]\n|upkeep\n|\n|t:|1701041805\n|switch|p1a: Iron Valiant|Iron Valiant|100\/100\n|-activate|p1a: Iron Valiant|ability: Quark Drive\n|-start|p1a: Iron Valiant|quarkdrivespa\n|turn|7\n|\n|t:|1701041826\n|switch|p2a: \u4f60\u9e1f\u54e5\u8fd8\u662f\u4f60\u9e1f\u54e5|Zapdos|100\/100\n|move|p1a: Iron Valiant|Moonblast|p2a: \u4f60\u9e1f\u54e5\u8fd8\u662f\u4f60\u9e1f\u54e5\n|-damage|p2a: \u4f60\u9e1f\u54e5\u8fd8\u662f\u4f60\u9e1f\u54e5|19\/100\n|\n|-weather|RainDance|[upkeep]\n|upkeep\n|turn|8\n|\n|t:|1701041834\n|move|p1a: Iron Valiant|Moonblast|p2a: \u4f60\u9e1f\u54e5\u8fd8\u662f\u4f60\u9e1f\u54e5\n|-damage|p2a: \u4f60\u9e1f\u54e5\u8fd8\u662f\u4f60\u9e1f\u54e5|0 fnt\n|faint|p2a: \u4f60\u9e1f\u54e5\u8fd8\u662f\u4f60\u9e1f\u54e5\n|\n|-weather|none\n|upkeep\n|\n|t:|1701041836\n|switch|p2a: \u76d6\u9e25\u5361|Pelipper, M|62\/100\n|-weather|RainDance|[from] ability: Drizzle|[of] p2a: \u76d6\u9e25\u5361\n|turn|9\n|\n|t:|1701041842\n|move|p1a: Iron Valiant|Moonblast|p2a: \u76d6\u9e25\u5361\n|-damage|p2a: \u76d6\u9e25\u5361|0 fnt\n|faint|p2a: \u76d6\u9e25\u5361\n|\n|-weather|RainDance|[upkeep]\n|-fieldend|move: Electric Terrain\n|-end|p1a: Iron Valiant|Quark Drive\n|upkeep\n|\n|t:|1701041847\n|switch|p2a: \u65e0\u654c\u7684\u516d\u8fb9\u5f62|Swampert-Mega, F|77\/100\n|turn|10\n|\n|t:|1701041850\n|move|p1a: Iron Valiant|Moonblast|p2a: \u65e0\u654c\u7684\u516d\u8fb9\u5f62\n|-damage|p2a: \u65e0\u654c\u7684\u516d\u8fb9\u5f62|26\/100\n|move|p2a: \u65e0\u654c\u7684\u516d\u8fb9\u5f62|Waterfall|p1a: Iron Valiant\n|-damage|p1a: Iron Valiant|0 fnt\n|faint|p1a: Iron Valiant\n|-end|p1a: Iron Valiant|Quark Drive|[silent]\n|\n|-weather|RainDance|[upkeep]\n|upkeep\n|\n|t:|1701041852\n|switch|p1a: Tapu Koko|Tapu Koko|100\/100\n|-fieldstart|move: Electric Terrain|[from] ability: Electric Surge|[of] p1a: Tapu Koko\n|turn|11\n|\n|t:|1701041858\n|move|p2a: \u65e0\u654c\u7684\u516d\u8fb9\u5f62|Earthquake|p1a: Tapu Koko\n|-supereffective|p1a: Tapu Koko\n|-damage|p1a: Tapu Koko|0 fnt\n|faint|p1a: Tapu Koko\n|\n|-weather|RainDance|[upkeep]\n|upkeep\n|\n|t:|1701041863\n|switch|p1a: Sneasler|Sneasler, M|100\/100\n|-enditem|p1a: Sneasler|Electric Seed\n|-boost|p1a: Sneasler|def|1|[from] item: Electric Seed\n|turn|12\n|\n|t:|1701041869\n|-terastallize|p1a: Sneasler|Flying\n|move|p1a: Sneasler|Bulk Up|p1a: Sneasler\n|-boost|p1a: Sneasler|atk|1\n|-boost|p1a: Sneasler|def|1\n|move|p2a: \u65e0\u654c\u7684\u516d\u8fb9\u5f62|Waterfall|p1a: Sneasler\n|-damage|p1a: Sneasler|44\/100\n|\n|-weather|RainDance|[upkeep]\n|upkeep\n|turn|13\n|\n|t:|1701041875\n|move|p1a: Sneasler|Acrobatics|p2a: \u65e0\u654c\u7684\u516d\u8fb9\u5f62\n|-damage|p2a: \u65e0\u654c\u7684\u516d\u8fb9\u5f62|0 fnt\n|faint|p2a: \u65e0\u654c\u7684\u516d\u8fb9\u5f62\n|\n|-weather|RainDance|[upkeep]\n|upkeep\n|\n|t:|1701041877\n|switch|p2a: \u4efb\u4f55\u7329\u7329\uff0c\u7ec8\u5c06\u7ef3\u4e4b\u4ee5\u6cd5\uff01|Overqwil, M|100\/100\n|turn|14\n|\n|t:|1701041881\n|move|p1a: Sneasler|Acrobatics|p2a: \u4efb\u4f55\u7329\u7329\uff0c\u7ec8\u5c06\u7ef3\u4e4b\u4ee5\u6cd5\uff01\n|-damage|p2a: \u4efb\u4f55\u7329\u7329\uff0c\u7ec8\u5c06\u7ef3\u4e4b\u4ee5\u6cd5\uff01|2\/100\n|move|p2a: \u4efb\u4f55\u7329\u7329\uff0c\u7ec8\u5c06\u7ef3\u4e4b\u4ee5\u6cd5\uff01|Destiny Bond|p2a: \u4efb\u4f55\u7329\u7329\uff0c\u7ec8\u5c06\u7ef3\u4e4b\u4ee5\u6cd5\uff01\n|-singlemove|p2a: \u4efb\u4f55\u7329\u7329\uff0c\u7ec8\u5c06\u7ef3\u4e4b\u4ee5\u6cd5\uff01|Destiny Bond\n|\n|-weather|RainDance|[upkeep]\n|upkeep\n|turn|15\n|\n|t:|1701041888\n|move|p1a: Sneasler|Substitute|p1a: Sneasler\n|-start|p1a: Sneasler|Substitute\n|-damage|p1a: Sneasler|19\/100\n|move|p2a: \u4efb\u4f55\u7329\u7329\uff0c\u7ec8\u5c06\u7ef3\u4e4b\u4ee5\u6cd5\uff01|Liquidation|p1a: Sneasler\n|-end|p1a: Sneasler|Substitute\n|\n|-weather|RainDance|[upkeep]\n|upkeep\n|turn|16\n|\n|t:|1701041896\n|move|p1a: Sneasler|Acrobatics|p2a: \u4efb\u4f55\u7329\u7329\uff0c\u7ec8\u5c06\u7ef3\u4e4b\u4ee5\u6cd5\uff01\n|-damage|p2a: \u4efb\u4f55\u7329\u7329\uff0c\u7ec8\u5c06\u7ef3\u4e4b\u4ee5\u6cd5\uff01|0 fnt\n|faint|p2a: \u4efb\u4f55\u7329\u7329\uff0c\u7ec8\u5c06\u7ef3\u4e4b\u4ee5\u6cd5\uff01\n|\n|-weather|none\n|upkeep\n|\n|t:|1701041900\n|switch|p2a: \u86d9\u54e5\u6c34\u70ae\u4ece\u4e0dmiss|Greninja, M|100\/100\n|turn|17\n|\n|t:|1701041905\n|-terastallize|p2a: \u86d9\u54e5\u6c34\u70ae\u4ece\u4e0dmiss|Ghost\n|move|p2a: \u86d9\u54e5\u6c34\u70ae\u4ece\u4e0dmiss|Water Shuriken|p1a: Sneasler\n|-damage|p1a: Sneasler|7\/100\n|-damage|p1a: Sneasler|0 fnt\n|faint|p1a: Sneasler\n|-hitcount|p1: Sneasler|2\n|-damage|p2a: \u86d9\u54e5\u6c34\u70ae\u4ece\u4e0dmiss|91\/100|[from] item: Life Orb\n|\n|win|congpizza\n|raw|djx's rating: 1471 &rarr; <strong>1445<\/strong><br \/>(-26 for losing)\n|raw|congpizza's rating: 1364 &rarr; <strong>1390<\/strong><br \/>(+26 for winning)\n|l|\u203ddjx\n","uploadtime":1701041916,"views":2,"p1id":"djx","p2id":"congpizza","formatid":"gen9nationaldex","rating":1390,"private":0,"password":""}