{"id":"gen9nationaldex-1997748334","p1":"rimm099._","p2":"Will55555","format":"[Gen 9] National Dex","log":"|html|<div class=\"broadcast-blue\"><strong>[Gen 9] National Dex is currently suspecting Sneasler! For information on how to participate check out the <a href=\"https:\/\/www.smogon.com\/forums\/threads\/sv-national-dex-suspect-8-just-dance.3731534\/\">suspect thread<\/a>.<\/strong><\/div>\n|j|\u2606rimm099._\n|j|\u2606Will55555\n|t:|1700848486\n|gametype|singles\n|player|p1|rimm099._|266|\n|player|p2|Will55555|169|\n|teamsize|p1|6\n|teamsize|p2|6\n|gen|9\n|tier|[Gen 9] National Dex\n|rule|HP Percentage Mod: HP is shown in percentages\n|rule|Endless Battle Clause: Forcing endless battles is banned\n|rule|OHKO Clause: OHKO moves are banned\n|rule|Evasion Clause: Evasion abilities, items, and moves are banned\n|rule|Evasion Abilities Clause: Evasion abilities are banned\n|rule|Evasion Items Clause: Evasion items are banned\n|rule|Evasion Moves Clause: Evasion moves are banned\n|rule|Species Clause: Limit one of each Pok\u00e9mon\n|rule|Sleep Clause Mod: Limit one foe put to sleep\n|clearpoke\n|poke|p1|Torkoal, F|\n|poke|p1|Heatran, M|\n|poke|p1|Great Tusk|\n|poke|p1|Charizard, F|\n|poke|p1|Venusaur, F|\n|poke|p1|Blacephalon|\n|poke|p2|Pawmot, M|\n|poke|p2|Blissey, F|\n|poke|p2|Alomomola, F|\n|poke|p2|Iron Valiant|\n|poke|p2|Landorus-Therian, M|\n|poke|p2|Dragonite, M|\n|teampreview\n|\n|t:|1700848508\n|start\n|switch|p1a: ninja turtle|Torkoal, F|100\/100\n|switch|p2a: Landorus|Landorus-Therian, M|100\/100\n|-ability|p2a: Landorus|Intimidate|boost\n|-unboost|p1a: ninja turtle|atk|1\n|-weather|SunnyDay|[from] ability: Drought|[of] p1a: ninja turtle\n|turn|1\n|\n|t:|1700848526\n|move|p2a: Landorus|Earthquake|p1a: ninja turtle\n|-supereffective|p1a: ninja turtle\n|-damage|p1a: ninja turtle|46\/100\n|move|p1a: ninja turtle|Will-O-Wisp|p2a: Landorus\n|-status|p2a: Landorus|brn\n|\n|-weather|SunnyDay|[upkeep]\n|-damage|p2a: Landorus|94\/100 brn|[from] brn\n|upkeep\n|turn|2\n|\n|t:|1700848546\n|switch|p1a: Charizard|Charizard, F|100\/100\n|move|p2a: Landorus|Stealth Rock|p1a: Charizard\n|-sidestart|p1: rimm099._|move: Stealth Rock\n|\n|-weather|SunnyDay|[upkeep]\n|-damage|p2a: Landorus|88\/100 brn|[from] brn\n|upkeep\n|turn|3\n|j| Jack the Ripper21\n|\n|t:|1700848597\n|switch|p2a: Alomomola|Alomomola, F|100\/100\n|move|p1a: Charizard|Belly Drum|p1a: Charizard\n|-damage|p1a: Charizard|51\/100\n|-setboost|p1a: Charizard|atk|6|[from] move: Belly Drum\n|\n|-weather|SunnyDay|[upkeep]\n|upkeep\n|turn|4\n|\n|t:|1700848630\n|detailschange|p1a: Charizard|Charizard-Mega-X, F\n|-mega|p1a: Charizard|Charizard|Charizardite X\n|move|p1a: Charizard|Dragon Claw|p2a: Alomomola\n|-damage|p2a: Alomomola|0 fnt\n|faint|p2a: Alomomola\n|\n|-weather|SunnyDay|[upkeep]\n|upkeep\n|\n|t:|1700848674\n|switch|p2a: Iron Valiant|Iron Valiant|100\/100\n|-enditem|p2a: Iron Valiant|Booster Energy\n|-activate|p2a: Iron Valiant|ability: Quark Drive|[fromitem]\n|-start|p2a: Iron Valiant|quarkdrivespe\n|turn|5\n|\n|t:|1700848690\n|move|p2a: Iron Valiant|Encore|p1a: Charizard\n|-start|p1a: Charizard|Encore\n|move|p1a: Charizard|Dragon Claw|p2a: Iron Valiant\n|-immune|p2a: Iron Valiant\n|\n|-weather|SunnyDay|[upkeep]\n|upkeep\n|turn|6\n|\n|t:|1700848702\n|switch|p1a: Heatran|Heatran, M|100\/100\n|-damage|p1a: Heatran|88\/100|[from] Stealth Rock\n|move|p2a: Iron Valiant|Calm Mind|p2a: Iron Valiant\n|-boost|p2a: Iron Valiant|spa|1\n|-boost|p2a: Iron Valiant|spd|1\n|\n|-weather|SunnyDay|[upkeep]\n|-heal|p1a: Heatran|94\/100|[from] item: Leftovers\n|upkeep\n|turn|7\n|\n|t:|1700848746\n|-terastallize|p2a: Iron Valiant|Electric\n|move|p2a: Iron Valiant|Thunderbolt|p1a: Heatran\n|-damage|p1a: Heatran|48\/100\n|move|p1a: Heatran|Magma Storm|p2a: Iron Valiant|[miss]\n|-miss|p1a: Heatran|p2a: Iron Valiant\n|\n|-weather|SunnyDay|[upkeep]\n|-heal|p1a: Heatran|54\/100|[from] item: Leftovers\n|upkeep\n|turn|8\n|\n|t:|1700848754\n|move|p2a: Iron Valiant|Thunderbolt|p1a: Heatran\n|-damage|p1a: Heatran|5\/100\n|move|p1a: Heatran|Magma Storm|p2a: Iron Valiant\n|-damage|p2a: Iron Valiant|28\/100\n|-activate|p2a: Iron Valiant|move: Magma Storm|[of] p1a: Heatran\n|\n|-weather|none\n|-heal|p1a: Heatran|11\/100|[from] item: Leftovers\n|-damage|p2a: Iron Valiant|15\/100|[from] move: Magma Storm|[partiallytrapped]\n|upkeep\n|turn|9\n|\n|t:|1700848763\n|move|p1a: Heatran|Protect|p1a: Heatran\n|-singleturn|p1a: Heatran|Protect\n|move|p2a: Iron Valiant|Thunderbolt|p1a: Heatran\n|-activate|p1a: Heatran|move: Protect\n|\n|-heal|p1a: Heatran|17\/100|[from] item: Leftovers\n|-damage|p2a: Iron Valiant|3\/100|[from] move: Magma Storm|[partiallytrapped]\n|upkeep\n|turn|10\n|\n|t:|1700848770\n|switch|p1a: Great Tusk|Great Tusk|100\/100\n|-damage|p1a: Great Tusk|98\/100|[from] Stealth Rock\n|move|p2a: Iron Valiant|Thunderbolt|p1a: Great Tusk\n|-immune|p1a: Great Tusk\n|\n|-end|p2a: Iron Valiant|Magma Storm|[partiallytrapped]|[silent]\n|upkeep\n|turn|11\n|\n|t:|1700848782\n|move|p2a: Iron Valiant|Moonblast|p1a: Great Tusk\n|-supereffective|p1a: Great Tusk\n|-damage|p1a: Great Tusk|0 fnt\n|faint|p1a: Great Tusk\n|-end|p1a: Great Tusk|Protosynthesis|[silent]\n|\n|upkeep\n|\n|t:|1700848798\n|switch|p1a: ninja turtle|Torkoal, F|46\/100\n|-damage|p1a: ninja turtle|21\/100|[from] Stealth Rock\n|-weather|SunnyDay|[from] ability: Drought|[of] p1a: ninja turtle\n|turn|12\n|\n|t:|1700848834\n|switch|p1a: Heatran|Heatran, M|17\/100\n|-damage|p1a: Heatran|5\/100|[from] Stealth Rock\n|move|p2a: Iron Valiant|Thunderbolt|p1a: Heatran\n|-damage|p1a: Heatran|0 fnt\n|faint|p1a: Heatran\n|\n|-weather|SunnyDay|[upkeep]\n|upkeep\n|\n|t:|1700848842\n|switch|p1a: Venusaur|Venusaur, F|100\/100\n|-damage|p1a: Venusaur|88\/100|[from] Stealth Rock\n|turn|13\n|\n|t:|1700848881\n|-end|p2a: Iron Valiant|Quark Drive|[silent]\n|switch|p2a: Blissey|Blissey, F|100\/100\n|move|p1a: Venusaur|Weather Ball|p2a: Blissey\n|-damage|p2a: Blissey|84\/100\n|-damage|p1a: Venusaur|78\/100|[from] item: Life Orb\n|\n|-weather|SunnyDay|[upkeep]\n|-heal|p2a: Blissey|90\/100|[from] item: Leftovers\n|upkeep\n|turn|14\n|\n|t:|1700848901\n|move|p1a: Venusaur|Growth|p1a: Venusaur\n|-boost|p1a: Venusaur|atk|2\n|-boost|p1a: Venusaur|spa|2\n|move|p2a: Blissey|Wish|p2a: Blissey\n|\n|-weather|SunnyDay|[upkeep]\n|-heal|p2a: Blissey|96\/100|[from] item: Leftovers\n|upkeep\n|turn|15\n|\n|t:|1700848916\n|switch|p2a: Iron Valiant|Iron Valiant, tera:Electric|3\/100\n|move|p1a: Venusaur|Growth|p1a: Venusaur\n|-boost|p1a: Venusaur|atk|2\n|-boost|p1a: Venusaur|spa|2\n|\n|-weather|SunnyDay|[upkeep]\n|-heal|p2a: Iron Valiant|100\/100|[from] move: Wish|[wisher] Blissey\n|upkeep\n|turn|16\n|\n|t:|1700848938\n|-end|p2a: Iron Valiant|Quark Drive|[silent]\n|switch|p2a: Blissey|Blissey, F|96\/100\n|move|p1a: Venusaur|Earth Power|p2a: Blissey\n|-damage|p2a: Blissey|67\/100\n|-damage|p1a: Venusaur|68\/100|[from] item: Life Orb\n|\n|-weather|SunnyDay|[upkeep]\n|-heal|p2a: Blissey|73\/100|[from] item: Leftovers\n|upkeep\n|turn|17\n|\n|t:|1700848956\n|-terastallize|p1a: Venusaur|Fire\n|move|p1a: Venusaur|Weather Ball|p2a: Blissey\n|-damage|p2a: Blissey|1\/100\n|-damage|p1a: Venusaur|58\/100|[from] item: Life Orb\n|move|p2a: Blissey|Seismic Toss|p1a: Venusaur\n|-damage|p1a: Venusaur|25\/100\n|\n|-weather|SunnyDay|[upkeep]\n|-heal|p2a: Blissey|7\/100|[from] item: Leftovers\n|upkeep\n|turn|18\n|\n|t:|1700848969\n|move|p2a: Blissey|Protect|p2a: Blissey\n|-singleturn|p2a: Blissey|Protect\n|move|p1a: Venusaur|Weather Ball|p2a: Blissey\n|-activate|p2a: Blissey|move: Protect\n|\n|-weather|SunnyDay|[upkeep]\n|-heal|p2a: Blissey|13\/100|[from] item: Leftovers\n|upkeep\n|turn|19\n|c| Jack the Ripper21|damn thats a lot of damage against a blissey tbh\n|c| Jack the Ripper21|i hope for your sake they don't revive it\n|\n|t:|1700848989\n|switch|p2a: Landorus|Landorus-Therian, M|88\/100 brn\n|-ability|p2a: Landorus|Intimidate|boost\n|-unboost|p1a: Venusaur|atk|1\n|move|p1a: Venusaur|Weather Ball|p2a: Landorus\n|-damage|p2a: Landorus|0 fnt\n|faint|p2a: Landorus\n|-damage|p1a: Venusaur|15\/100|[from] item: Life Orb\n|\n|-weather|none\n|upkeep\n|\n|t:|1700849002\n|switch|p2a: Dragonite|Dragonite, M|100\/100\n|turn|20\n|\n|t:|1700849020\n|move|p2a: Dragonite|Extreme Speed|p1a: Venusaur\n|-damage|p1a: Venusaur|0 fnt\n|faint|p1a: Venusaur\n|\n|upkeep\n|\n|t:|1700849028\n|switch|p1a: ninja turtle|Torkoal, F|21\/100\n|-damage|p1a: ninja turtle|0 fnt|[from] Stealth Rock\n|faint|p1a: ninja turtle\n|c| Jack the Ripper21|damn you didn't even make it to the revival blessing part\n|\n|t:|1700849061\n|switch|p1a: Charizard|Charizard-Mega-X, F|51\/100\n|-damage|p1a: Charizard|26\/100|[from] Stealth Rock\n|turn|21\n|\n|t:|1700849073\n|move|p2a: Dragonite|Extreme Speed|p1a: Charizard\n|-damage|p1a: Charizard|0 fnt\n|faint|p1a: Charizard\n|\n|upkeep\n|\n|t:|1700849082\n|switch|p1a: Blacephalon|Blacephalon|100\/100\n|-damage|p1a: Blacephalon|76\/100|[from] Stealth Rock\n|turn|22\n|\n|t:|1700849090\n|move|p1a: Blacephalon|Trick|p2a: Dragonite\n|-activate|p1a: Blacephalon|move: Trick|[of] p2a: Dragonite\n|-item|p2a: Dragonite|Choice Specs|[from] move: Trick\n|-item|p1a: Blacephalon|Heavy-Duty Boots|[from] move: Trick\n|move|p2a: Dragonite|Earthquake|p1a: Blacephalon\n|-supereffective|p1a: Blacephalon\n|-damage|p1a: Blacephalon|0 fnt\n|faint|p1a: Blacephalon\n|\n|win|Will55555\n|c|\u2606Will55555|gg\n|c|\u2606Will55555|wp\n|c|\u2606rimm099._|gg\n|c|\u2606rimm099._|need to imrpove my team a bit\n","uploadtime":1700849113,"views":1,"p1id":"rimm099","p2id":"will55555","formatid":"gen9nationaldex","rating":0,"private":0,"password":""}