{"id":"gen9nationaldex-1996552792","p1":"whenthetheyouknow","p2":"Brick_Enjoyer_144","format":"[Gen 9] National Dex","log":"|html|<div class=\"broadcast-blue\"><strong>[Gen 9] National Dex is currently suspecting Sneasler! For information on how to participate check out the <a href=\"https:\/\/www.smogon.com\/forums\/threads\/sv-national-dex-suspect-8-just-dance.3731534\/\">suspect thread<\/a>.<\/strong><\/div>\n|j|\u2606whenthetheyouknow\n|j|\u2606Brick_Enjoyer_144\n|t:|1700693534\n|gametype|singles\n|player|p1|whenthetheyouknow|nanu|\n|player|p2|Brick_Enjoyer_144|shauntal|\n|teamsize|p1|6\n|teamsize|p2|6\n|gen|9\n|tier|[Gen 9] National Dex\n|rule|HP Percentage Mod: HP is shown in percentages\n|rule|Endless Battle Clause: Forcing endless battles is banned\n|rule|OHKO Clause: OHKO moves are banned\n|rule|Evasion Clause: Evasion abilities, items, and moves are banned\n|rule|Evasion Abilities Clause: Evasion abilities are banned\n|rule|Evasion Items Clause: Evasion items are banned\n|rule|Evasion Moves Clause: Evasion moves are banned\n|rule|Species Clause: Limit one of each Pok\u00e9mon\n|rule|Sleep Clause Mod: Limit one foe put to sleep\n|clearpoke\n|poke|p1|Conkeldurr, F|\n|poke|p1|Ursaluna, M|\n|poke|p1|Gliscor, F|\n|poke|p1|Garganacl, M|\n|poke|p1|Hoopa-Unbound|\n|poke|p1|Sceptile, F|\n|poke|p2|Blaziken, F|\n|poke|p2|Drapion, F|\n|poke|p2|Greninja-*, F|\n|poke|p2|Lopunny, M|\n|poke|p2|Tapu Koko|\n|poke|p2|Salamence, F|\n|teampreview\n|inactive|Battle timer is ON: inactive players will automatically lose when time's up. (requested by Brick_Enjoyer_144)\n|\n|t:|1700693542\n|start\n|switch|p1a: Gliscor|Gliscor, F|100\/100\n|switch|p2a: Tapu Koko|Tapu Koko|100\/100\n|-fieldstart|move: Electric Terrain|[from] ability: Electric Surge|[of] p2a: Tapu Koko\n|turn|1\n|\n|t:|1700693552\n|move|p2a: Tapu Koko|U-turn|p1a: Gliscor\n|-resisted|p1a: Gliscor\n|-damage|p1a: Gliscor|93\/100\n|\n|t:|1700693566\n|switch|p2a: Lopunny|Lopunny, M|100\/100|[from] U-turn\n|move|p1a: Gliscor|Toxic Spikes|p2a: Lopunny\n|-sidestart|p2: Brick_Enjoyer_144|move: Toxic Spikes\n|\n|-status|p1a: Gliscor|tox|[from] item: Toxic Orb\n|upkeep\n|turn|2\n|\n|t:|1700693577\n|detailschange|p2a: Lopunny|Lopunny-Mega, M\n|-mega|p2a: Lopunny|Lopunny|Lopunnite\n|move|p1a: Gliscor|Protect|p1a: Gliscor\n|-singleturn|p1a: Gliscor|Protect\n|move|p2a: Lopunny|Triple Axel|p1a: Gliscor\n|-activate|p1a: Gliscor|move: Protect\n|\n|-heal|p1a: Gliscor|100\/100 tox|[from] ability: Poison Heal\n|upkeep\n|turn|3\n|\n|t:|1700693599\n|switch|p1a: Conkeldurr|Conkeldurr, F|100\/100\n|move|p2a: Lopunny|Triple Axel|p1a: Conkeldurr\n|-damage|p1a: Conkeldurr|94\/100\n|-damage|p1a: Conkeldurr|83\/100\n|-damage|p1a: Conkeldurr|63\/100\n|-hitcount|p1a: Conkeldurr|3\n|\n|-status|p1a: Conkeldurr|brn|[from] item: Flame Orb\n|upkeep\n|turn|4\n|\n|t:|1700693607\n|switch|p2a: Drapion|Drapion, F|100\/100\n|-sideend|p2: Brick_Enjoyer_144|move: Toxic Spikes|[of] p2a: Drapion\n|move|p1a: Conkeldurr|Mach Punch|p2a: Drapion\n|-damage|p2a: Drapion|59\/100\n|\n|-damage|p1a: Conkeldurr|57\/100 brn|[from] brn\n|upkeep\n|turn|5\n|\n|t:|1700693624\n|switch|p1a: Gliscor|Gliscor, F|100\/100 tox\n|move|p2a: Drapion|Poison Jab|p1a: Gliscor\n|-resisted|p1a: Gliscor\n|-damage|p1a: Gliscor|78\/100 tox\n|-damage|p2a: Drapion|49\/100|[from] item: Life Orb\n|\n|-heal|p1a: Gliscor|91\/100 tox|[from] ability: Poison Heal\n|upkeep\n|turn|6\n|\n|t:|1700693632\n|move|p1a: Gliscor|Facade|p2a: Drapion\n|-damage|p2a: Drapion|7\/100\n|move|p2a: Drapion|Agility|p2a: Drapion\n|-boost|p2a: Drapion|spe|2\n|\n|-heal|p1a: Gliscor|100\/100 tox|[from] ability: Poison Heal\n|upkeep\n|turn|7\n|\n|t:|1700693638\n|move|p2a: Drapion|Knock Off|p1a: Gliscor\n|-damage|p1a: Gliscor|42\/100 tox\n|-enditem|p1a: Gliscor|Toxic Orb|[from] move: Knock Off|[of] p2a: Drapion\n|-damage|p2a: Drapion|0 fnt|[from] item: Life Orb\n|faint|p2a: Drapion\n|move|p1a: Gliscor|Facade|p2: Drapion|[notarget]\n|-fail|p1a: Gliscor\n|\n|-heal|p1a: Gliscor|55\/100 tox|[from] ability: Poison Heal\n|upkeep\n|\n|t:|1700693656\n|switch|p2a: Salamence|Salamence, F|100\/100\n|turn|8\n|\n|t:|1700693661\n|move|p1a: Gliscor|Facade|p2a: Salamence\n|-damage|p2a: Salamence|51\/100\n|move|p2a: Salamence|Dragon Dance|p2a: Salamence\n|-boost|p2a: Salamence|atk|1\n|-boost|p2a: Salamence|spe|1\n|\n|-heal|p1a: Gliscor|67\/100 tox|[from] ability: Poison Heal\n|-fieldend|move: Electric Terrain\n|upkeep\n|turn|9\n|\n|t:|1700693668\n|move|p2a: Salamence|Aqua Tail|p1a: Gliscor\n|-supereffective|p1a: Gliscor\n|-damage|p1a: Gliscor|0 fnt\n|faint|p1a: Gliscor\n|-ability|p2a: Salamence|Moxie|boost\n|-boost|p2a: Salamence|atk|1\n|\n|upkeep\n|\n|t:|1700693672\n|switch|p1a: Sceptile|Sceptile, F|100\/100\n|turn|10\n|\n|t:|1700693680\n|move|p2a: Salamence|Iron Head|p1a: Sceptile\n|-damage|p1a: Sceptile|0 fnt\n|faint|p1a: Sceptile\n|-ability|p2a: Salamence|Moxie|boost\n|-boost|p2a: Salamence|atk|1\n|\n|upkeep\n|\n|t:|1700693693\n|switch|p1a: Ursaluna|Ursaluna, M|100\/100\n|turn|11\n|\n|t:|1700693698\n|move|p1a: Ursaluna|Protect|p1a: Ursaluna\n|-singleturn|p1a: Ursaluna|Protect\n|move|p2a: Salamence|Aqua Tail|p1a: Ursaluna\n|-activate|p1a: Ursaluna|move: Protect\n|\n|-status|p1a: Ursaluna|brn|[from] item: Flame Orb\n|upkeep\n|turn|12\n|\n|t:|1700693706\n|-terastallize|p1a: Ursaluna|Fighting\n|move|p2a: Salamence|Aqua Tail|p1a: Ursaluna\n|-damage|p1a: Ursaluna|35\/100 brn\n|move|p1a: Ursaluna|Facade|p2a: Salamence\n|-damage|p2a: Salamence|0 fnt\n|faint|p2a: Salamence\n|\n|-damage|p1a: Ursaluna|29\/100 brn|[from] brn\n|upkeep\n|\n|t:|1700693721\n|switch|p2a: Lopunny|Lopunny-Mega, M|100\/100\n|turn|13\n|\n|t:|1700693727\n|move|p2a: Lopunny|Close Combat|p1a: Ursaluna\n|-damage|p1a: Ursaluna|0 fnt\n|-unboost|p2a: Lopunny|def|1\n|-unboost|p2a: Lopunny|spd|1\n|faint|p1a: Ursaluna\n|\n|upkeep\n|\n|t:|1700693731\n|switch|p1a: Conkeldurr|Conkeldurr, F|57\/100 brn\n|turn|14\n|\n|t:|1700693736\n|switch|p2a: Tapu Koko|Tapu Koko|100\/100\n|-fieldstart|move: Electric Terrain|[from] ability: Electric Surge|[of] p2a: Tapu Koko\n|move|p1a: Conkeldurr|Mach Punch|p2a: Tapu Koko\n|-resisted|p2a: Tapu Koko\n|-damage|p2a: Tapu Koko|81\/100\n|\n|-damage|p1a: Conkeldurr|51\/100 brn|[from] brn\n|upkeep\n|turn|15\n|\n|t:|1700693762\n|switch|p1a: Garganacl|Garganacl, M|100\/100\n|move|p2a: Tapu Koko|Volt Switch|p1a: Garganacl\n|-damage|p1a: Garganacl|71\/100\n|inactive|Brick_Enjoyer_144 has 270 seconds left.\n|\n|t:|1700693773\n|switch|p2a: Lopunny|Lopunny-Mega, M|100\/100|[from] Volt Switch\n|\n|-heal|p1a: Garganacl|77\/100|[from] item: Leftovers\n|upkeep\n|turn|16\n|\n|t:|1700693783\n|move|p2a: Lopunny|Close Combat|p1a: Garganacl\n|-supereffective|p1a: Garganacl\n|-damage|p1a: Garganacl|8\/100\n|-unboost|p2a: Lopunny|def|1\n|-unboost|p2a: Lopunny|spd|1\n|move|p1a: Garganacl|Recover|p1a: Garganacl\n|-heal|p1a: Garganacl|58\/100\n|\n|-heal|p1a: Garganacl|64\/100|[from] item: Leftovers\n|upkeep\n|turn|17\n|\n|t:|1700693791\n|move|p1a: Garganacl|Protect|p1a: Garganacl\n|-singleturn|p1a: Garganacl|Protect\n|move|p2a: Lopunny|Close Combat|p1a: Garganacl\n|-activate|p1a: Garganacl|move: Protect\n|\n|-heal|p1a: Garganacl|70\/100|[from] item: Leftovers\n|upkeep\n|turn|18\n|\n|t:|1700693796\n|move|p2a: Lopunny|Close Combat|p1a: Garganacl\n|-supereffective|p1a: Garganacl\n|-damage|p1a: Garganacl|6\/100\n|-unboost|p2a: Lopunny|def|1\n|-unboost|p2a: Lopunny|spd|1\n|move|p1a: Garganacl|Recover|p1a: Garganacl\n|-heal|p1a: Garganacl|56\/100\n|\n|-heal|p1a: Garganacl|62\/100|[from] item: Leftovers\n|upkeep\n|turn|19\n|\n|t:|1700693802\n|switch|p2a: Greninja|Greninja, F|100\/100\n|move|p1a: Garganacl|Protect||[still]\n|-fail|p1a: Garganacl\n|\n|-heal|p1a: Garganacl|68\/100|[from] item: Leftovers\n|upkeep\n|turn|20\n|\n|t:|1700693811\n|move|p2a: Greninja|Hydro Pump|p1a: Garganacl|[miss]\n|-start|p2a: Greninja|typechange|Water|[from] ability: Protean\n|-miss|p2a: Greninja|p1a: Garganacl\n|move|p1a: Garganacl|Recover|p1a: Garganacl\n|-heal|p1a: Garganacl|100\/100\n|\n|upkeep\n|turn|21\n|\n|t:|1700693824\n|move|p2a: Greninja|Hydro Pump|p1a: Garganacl\n|-supereffective|p1a: Garganacl\n|-damage|p1a: Garganacl|0 fnt\n|faint|p1a: Garganacl\n|\n|-fieldend|move: Electric Terrain\n|upkeep\n|\n|t:|1700693828\n|switch|p1a: Hoopa|Hoopa-Unbound|100\/100\n|turn|22\n|\n|t:|1700693849\n|move|p2a: Greninja|Hydro Pump|p1a: Hoopa\n|-damage|p1a: Hoopa|22\/100\n|move|p1a: Hoopa|Dark Pulse|p2a: Greninja\n|-damage|p2a: Greninja|16\/100\n|\n|upkeep\n|turn|23\n|\n|t:|1700693857\n|move|p2a: Greninja|Hydro Pump|p1a: Hoopa|[miss]\n|-miss|p2a: Greninja|p1a: Hoopa\n|-zpower|p1a: Hoopa\n|move|p1a: Hoopa|Inferno Overdrive|p2a: Greninja|[zeffect]\n|-resisted|p2a: Greninja\n|-damage|p2a: Greninja|0 fnt\n|faint|p2a: Greninja\n|\n|upkeep\n|\n|t:|1700693870\n|switch|p2a: Tapu Koko|Tapu Koko|81\/100\n|-fieldstart|move: Electric Terrain|[from] ability: Electric Surge|[of] p2a: Tapu Koko\n|turn|24\n|\n|t:|1700693883\n|move|p2a: Tapu Koko|U-turn|p1a: Hoopa\n|-supereffective|p1a: Hoopa\n|-damage|p1a: Hoopa|0 fnt\n|faint|p1a: Hoopa\n|\n|t:|1700693889\n|switch|p2a: Blaziken|Blaziken, F|100\/100|[from] U-turn\n|\n|upkeep\n|\n|t:|1700693893\n|switch|p1a: Conkeldurr|Conkeldurr, F|51\/100 brn\n|turn|25\n|\n|t:|1700693898\n|move|p2a: Blaziken|Close Combat|p1a: Conkeldurr\n|-damage|p1a: Conkeldurr|0 fnt\n|-unboost|p2a: Blaziken|def|1\n|-unboost|p2a: Blaziken|spd|1\n|faint|p1a: Conkeldurr\n|\n|win|Brick_Enjoyer_144\n|l|\u2606whenthetheyouknow\n","uploadtime":1700693906,"views":14,"p1id":"whenthetheyouknow","p2id":"brickenjoyer144","formatid":"gen9nationaldex","rating":0,"private":0,"password":""}