{"id":"gen9nationaldex-1999511456","p1":"chenym114514","p2":"lawrenceyu","format":"[Gen 9] National Dex","log":"|html|<div class=\"broadcast-blue\"><strong>[Gen 9] National Dex is currently suspecting Sneasler! For information on how to participate check out the <a href=\"https:\/\/www.smogon.com\/forums\/threads\/sv-national-dex-suspect-8-just-dance.3731534\/\">suspect thread<\/a>.<\/strong><\/div>\n|j|\u2606chenym114514\n|j|\u2606lawrenceyu\n|t:|1701090913\n|gametype|singles\n|player|p1|chenym114514|wallace|1550\n|player|p2|lawrenceyu|266|1686\n|teamsize|p1|6\n|teamsize|p2|6\n|gen|9\n|tier|[Gen 9] National Dex\n|rated|\n|rule|HP Percentage Mod: HP is shown in percentages\n|rule|Endless Battle Clause: Forcing endless battles is banned\n|rule|OHKO Clause: OHKO moves are banned\n|rule|Evasion Clause: Evasion abilities, items, and moves are banned\n|rule|Evasion Abilities Clause: Evasion abilities are banned\n|rule|Evasion Items Clause: Evasion items are banned\n|rule|Evasion Moves Clause: Evasion moves are banned\n|rule|Species Clause: Limit one of each Pok\u00e9mon\n|rule|Sleep Clause Mod: Limit one foe put to sleep\n|clearpoke\n|poke|p1|Pelipper, M|\n|poke|p1|Swampert, M|\n|poke|p1|Zapdos|\n|poke|p1|Greninja-*, M|\n|poke|p1|Ogerpon-Wellspring, F|\n|poke|p1|Scizor, F|\n|poke|p2|Toxapex, M|\n|poke|p2|Sirfetch\u2019d, M|\n|poke|p2|Tapu Lele|\n|poke|p2|Ferrothorn, M|\n|poke|p2|Landorus-Therian, M|\n|poke|p2|Diancie|\n|teampreview\n|inactive|Battle timer is ON: inactive players will automatically lose when time's up. (requested by chenym114514)\n|\n|t:|1701090934\n|start\n|switch|p1a: Greninja|Greninja, M|100\/100\n|switch|p2a: Landorus|Landorus-Therian, M|100\/100\n|-ability|p2a: Landorus|Intimidate|boost\n|-unboost|p1a: Greninja|atk|1\n|turn|1\n|\n|t:|1701090943\n|switch|p2a: Ferrothorn|Ferrothorn, M|100\/100\n|move|p1a: Greninja|Hydro Pump|p2a: Ferrothorn\n|-resisted|p2a: Ferrothorn\n|-damage|p2a: Ferrothorn|82\/100\n|-damage|p1a: Greninja|91\/100|[from] item: Life Orb\n|\n|-heal|p2a: Ferrothorn|88\/100|[from] item: Leftovers\n|upkeep\n|turn|2\n|\n|t:|1701090953\n|switch|p1a: Pelipper|Pelipper, M, shiny|100\/100\n|-weather|RainDance|[from] ability: Drizzle|[of] p1a: Pelipper\n|move|p2a: Ferrothorn|Leech Seed|p1a: Pelipper\n|-start|p1a: Pelipper|move: Leech Seed\n|\n|-weather|RainDance|[upkeep]\n|-heal|p2a: Ferrothorn|94\/100|[from] item: Leftovers\n|-damage|p1a: Pelipper|88\/100|[from] Leech Seed|[of] p2a: Ferrothorn\n|-heal|p2a: Ferrothorn|100\/100|[silent]\n|upkeep\n|turn|3\n|\n|t:|1701090962\n|switch|p1a: Zapdos|Zapdos, shiny|100\/100\n|move|p2a: Ferrothorn|Leech Seed|p1a: Zapdos\n|-start|p1a: Zapdos|move: Leech Seed\n|\n|-weather|RainDance|[upkeep]\n|-damage|p1a: Zapdos|88\/100|[from] Leech Seed|[of] p2a: Ferrothorn\n|upkeep\n|turn|4\n|\n|t:|1701090968\n|-terastallize|p1a: Zapdos|Flying\n|move|p2a: Ferrothorn|Protect|p2a: Ferrothorn\n|-singleturn|p2a: Ferrothorn|Protect\n|move|p1a: Zapdos|Hurricane|p2a: Ferrothorn\n|-activate|p2a: Ferrothorn|move: Protect\n|\n|-weather|RainDance|[upkeep]\n|-damage|p1a: Zapdos|76\/100|[from] Leech Seed|[of] p2a: Ferrothorn\n|upkeep\n|turn|5\n|\n|t:|1701090978\n|move|p1a: Zapdos|Hurricane|p2a: Ferrothorn\n|-damage|p2a: Ferrothorn|51\/100\n|move|p2a: Ferrothorn|Gyro Ball|p1a: Zapdos\n|-damage|p1a: Zapdos|21\/100\n|\n|-weather|RainDance|[upkeep]\n|-heal|p2a: Ferrothorn|57\/100|[from] item: Leftovers\n|-damage|p1a: Zapdos|9\/100|[from] Leech Seed|[of] p2a: Ferrothorn\n|-heal|p2a: Ferrothorn|69\/100|[silent]\n|upkeep\n|turn|6\n|\n|t:|1701090990\n|switch|p1a: Scizor|Scizor, F|100\/100\n|move|p2a: Ferrothorn|Gyro Ball|p1a: Scizor\n|-resisted|p1a: Scizor\n|-damage|p1a: Scizor|86\/100\n|\n|-weather|RainDance|[upkeep]\n|-heal|p2a: Ferrothorn|75\/100|[from] item: Leftovers\n|upkeep\n|turn|7\n|\n|t:|1701090999\n|switch|p2a: Toxapex|Toxapex, M|100\/100\n|move|p1a: Scizor|Close Combat|p2a: Toxapex\n|-resisted|p2a: Toxapex\n|-damage|p2a: Toxapex|86\/100\n|-unboost|p1a: Scizor|def|1\n|-unboost|p1a: Scizor|spd|1\n|-damage|p1a: Scizor|69\/100|[from] item: Rocky Helmet|[of] p2a: Toxapex\n|\n|-weather|RainDance|[upkeep]\n|upkeep\n|turn|8\n|\n|t:|1701091008\n|switch|p1a: Zapdos|Zapdos, shiny, tera:Flying|9\/100\n|move|p2a: Toxapex|Scald|p1a: Zapdos\n|-damage|p1a: Zapdos|0 fnt\n|faint|p1a: Zapdos\n|\n|-weather|RainDance|[upkeep]\n|upkeep\n|\n|t:|1701091021\n|switch|p1a: Ogerpon|Ogerpon-Wellspring, F|100\/100\n|turn|9\n|\n|t:|1701091027\n|move|p1a: Ogerpon|Swords Dance|p1a: Ogerpon\n|-boost|p1a: Ogerpon|atk|2\n|move|p2a: Toxapex|Toxic|p1a: Ogerpon\n|-status|p1a: Ogerpon|tox\n|\n|-weather|none\n|-damage|p1a: Ogerpon|95\/100 tox|[from] psn\n|upkeep\n|turn|10\n|\n|t:|1701091036\n|switch|p2a: Ferrothorn|Ferrothorn, M|75\/100\n|move|p1a: Ogerpon|Trailblaze|p2a: Ferrothorn\n|-resisted|p2a: Ferrothorn\n|-damage|p2a: Ferrothorn|63\/100\n|-boost|p1a: Ogerpon|spe|1\n|-damage|p1a: Ogerpon|82\/100 tox|[from] ability: Iron Barbs|[of] p2a: Ferrothorn\n|\n|-heal|p2a: Ferrothorn|69\/100|[from] item: Leftovers\n|-damage|p1a: Ogerpon|70\/100 tox|[from] psn\n|upkeep\n|turn|11\n|\n|t:|1701091047\n|move|p2a: Ferrothorn|Protect|p2a: Ferrothorn\n|-singleturn|p2a: Ferrothorn|Protect\n|move|p1a: Ogerpon|Ivy Cudgel|p2a: Ferrothorn|[anim] Ivy Cudgel Water\n|-activate|p2a: Ferrothorn|move: Protect\n|\n|-heal|p2a: Ferrothorn|76\/100|[from] item: Leftovers\n|-damage|p1a: Ogerpon|52\/100 tox|[from] psn\n|upkeep\n|turn|12\n|\n|t:|1701091055\n|move|p1a: Ogerpon|Ivy Cudgel|p2a: Ferrothorn|[anim] Ivy Cudgel Water\n|-resisted|p2a: Ferrothorn\n|-damage|p2a: Ferrothorn|33\/100\n|move|p2a: Ferrothorn|Spikes|p1a: Ogerpon\n|-sidestart|p1: chenym114514|Spikes\n|\n|-heal|p2a: Ferrothorn|39\/100|[from] item: Leftovers\n|-damage|p1a: Ogerpon|28\/100 tox|[from] psn\n|upkeep\n|turn|13\n|\n|t:|1701091071\n|move|p2a: Ferrothorn|Protect|p2a: Ferrothorn\n|-singleturn|p2a: Ferrothorn|Protect\n|move|p1a: Ogerpon|Ivy Cudgel|p2a: Ferrothorn|[anim] Ivy Cudgel Water\n|-activate|p2a: Ferrothorn|move: Protect\n|\n|-heal|p2a: Ferrothorn|45\/100|[from] item: Leftovers\n|-damage|p1a: Ogerpon|0 fnt|[from] psn\n|faint|p1a: Ogerpon\n|upkeep\n|\n|t:|1701091076\n|switch|p1a: Swampert|Swampert, M, shiny|100\/100\n|-damage|p1a: Swampert|88\/100|[from] Spikes\n|turn|14\n|\n|t:|1701091082\n|switch|p2a: Toxapex|Toxapex, M|100\/100\n|detailschange|p1a: Swampert|Swampert-Mega, M, shiny\n|-mega|p1a: Swampert|Swampert|Swampertite\n|move|p1a: Swampert|Earthquake|p2a: Toxapex\n|-supereffective|p2a: Toxapex\n|-damage|p2a: Toxapex|14\/100\n|\n|upkeep\n|turn|15\n|\n|t:|1701091095\n|move|p2a: Toxapex|Baneful Bunker|p2a: Toxapex\n|-singleturn|p2a: Toxapex|move: Protect\n|move|p1a: Swampert|Earthquake|p2a: Toxapex\n|-activate|p2a: Toxapex|move: Protect\n|\n|upkeep\n|turn|16\n|\n|t:|1701091102\n|switch|p2a: Ferrothorn|Ferrothorn, M|45\/100\n|move|p1a: Swampert|Stealth Rock|p2a: Ferrothorn\n|-sidestart|p2: lawrenceyu|move: Stealth Rock\n|\n|-heal|p2a: Ferrothorn|51\/100|[from] item: Leftovers\n|upkeep\n|turn|17\n|\n|t:|1701091110\n|move|p2a: Ferrothorn|Protect|p2a: Ferrothorn\n|-singleturn|p2a: Ferrothorn|Protect\n|move|p1a: Swampert|Earthquake|p2a: Ferrothorn\n|-activate|p2a: Ferrothorn|move: Protect\n|\n|-heal|p2a: Ferrothorn|57\/100|[from] item: Leftovers\n|upkeep\n|turn|18\n|\n|t:|1701091117\n|move|p1a: Swampert|Earthquake|p2a: Ferrothorn\n|-damage|p2a: Ferrothorn|12\/100\n|move|p2a: Ferrothorn|Leech Seed|p1a: Swampert\n|-start|p1a: Swampert|move: Leech Seed\n|\n|-heal|p2a: Ferrothorn|18\/100|[from] item: Leftovers\n|-damage|p1a: Swampert|76\/100|[from] Leech Seed|[of] p2a: Ferrothorn\n|-heal|p2a: Ferrothorn|30\/100|[silent]\n|upkeep\n|turn|19\n|-message|chenym114514 forfeited.\n|\n|win|lawrenceyu\n|raw|chenym114514's rating: 1550 &rarr; <strong>1537<\/strong><br \/>(-13 for losing)\n|raw|lawrenceyu's rating: 1686 &rarr; <strong>1699<\/strong><br \/>(+13 for winning)\n|l|\u2606chenym114514\n","uploadtime":1701091129,"views":1,"p1id":"chenym114514","p2id":"lawrenceyu","formatid":"gen9nationaldex","rating":1537,"private":0,"password":""}