{"id":"gen9nationaldex-1992493639","p1":"Tyr Alexander","p2":"terrysalt","format":"[Gen 9] National Dex","log":"|j|\u2606Tyr Alexander\n|j|\u2606terrysalt\n|t:|1700194656\n|gametype|singles\n|player|p1|Tyr Alexander|1|\n|player|p2|terrysalt|170|\n|teamsize|p1|6\n|teamsize|p2|6\n|gen|9\n|tier|[Gen 9] National Dex\n|rule|HP Percentage Mod: HP is shown in percentages\n|rule|Endless Battle Clause: Forcing endless battles is banned\n|rule|OHKO Clause: OHKO moves are banned\n|rule|Evasion Clause: Evasion abilities, items, and moves are banned\n|rule|Evasion Abilities Clause: Evasion abilities are banned\n|rule|Evasion Items Clause: Evasion items are banned\n|rule|Evasion Moves Clause: Evasion moves are banned\n|rule|Species Clause: Limit one of each Pok\u00e9mon\n|rule|Sleep Clause Mod: Limit one foe put to sleep\n|clearpoke\n|poke|p1|Tangrowth, F|\n|poke|p1|Hatterene, F|\n|poke|p1|Victini|\n|poke|p1|Porygon2|\n|poke|p1|Marowak, F|\n|poke|p1|Steelix, F|\n|poke|p2|Chansey, F|\n|poke|p2|Goodra-Hisui, F|\n|poke|p2|Toxapex, M|\n|poke|p2|Scizor, M|\n|poke|p2|Buzzwole|\n|poke|p2|Blacephalon|\n|teampreview\n|\n|t:|1700194679\n|start\n|switch|p1a: Victini|Victini|100\/100\n|switch|p2a: Goodra|Goodra-Hisui, F|100\/100\n|turn|1\n|\n|t:|1700194689\n|move|p1a: Victini|V-create|p2a: Goodra\n|-damage|p2a: Goodra|20\/100\n|-unboost|p1a: Victini|spe|1\n|-unboost|p1a: Victini|def|1\n|-unboost|p1a: Victini|spd|1\n|move|p2a: Goodra|Draco Meteor|p1a: Victini\n|-damage|p1a: Victini|36\/100\n|-unboost|p2a: Goodra|spa|2\n|\n|-heal|p2a: Goodra|26\/100|[from] item: Leftovers\n|upkeep\n|turn|2\n|\n|t:|1700194705\n|switch|p2a: Chansey|Chansey, F|100\/100\n|move|p1a: Victini|V-create|p2a: Chansey\n|-damage|p2a: Chansey|40\/100\n|-unboost|p1a: Victini|spe|1\n|-unboost|p1a: Victini|def|1\n|-unboost|p1a: Victini|spd|1\n|\n|upkeep\n|turn|3\n|\n|t:|1700194729\n|move|p2a: Chansey|Soft-Boiled|p2a: Chansey\n|-heal|p2a: Chansey|90\/100\n|move|p1a: Victini|V-create|p2a: Chansey\n|-damage|p2a: Chansey|28\/100\n|-unboost|p1a: Victini|spe|1\n|-unboost|p1a: Victini|def|1\n|-unboost|p1a: Victini|spd|1\n|\n|upkeep\n|turn|4\n|\n|t:|1700194746\n|move|p2a: Chansey|Soft-Boiled|p2a: Chansey\n|-heal|p2a: Chansey|78\/100\n|move|p1a: Victini|Trick Room|p1a: Victini\n|-fieldstart|move: Trick Room|[of] p1a: Victini\n|\n|upkeep\n|turn|5\n|\n|t:|1700194776\n|switch|p1a: Porygon2|Porygon2|100\/100\n|-ability|p1a: Porygon2|Natural Cure|[from] ability: Trace|[of] p2a: Chansey\n|switch|p2a: Toxapex|Toxapex, M|100\/100\n|\n|upkeep\n|turn|6\n|\n|t:|1700194786\n|move|p2a: Toxapex|Toxic|p1a: Porygon2\n|-status|p1a: Porygon2|tox\n|move|p1a: Porygon2|Ice Beam|p2a: Toxapex\n|-resisted|p2a: Toxapex\n|-damage|p2a: Toxapex|92\/100\n|\n|-damage|p1a: Porygon2|94\/100 tox|[from] psn\n|upkeep\n|turn|7\n|\n|t:|1700194800\n|-curestatus|p1a: Porygon2|tox|[from] ability: Natural Cure\n|switch|p1a: Tangrowth|Tangrowth, F|100\/100\n|move|p2a: Toxapex|Scald|p1a: Tangrowth\n|-resisted|p1a: Tangrowth\n|-damage|p1a: Tangrowth|88\/100\n|\n|upkeep\n|turn|8\n|\n|t:|1700194844\n|-zpower|p1a: Tangrowth\n|move|p1a: Tangrowth|Bloom Doom|p2a: Toxapex|[zeffect]\n|-damage|p2a: Toxapex|34\/100\n|move|p2a: Toxapex|Toxic|p1a: Tangrowth\n|-status|p1a: Tangrowth|tox\n|\n|-damage|p1a: Tangrowth|82\/100 tox|[from] psn\n|-fieldend|move: Trick Room\n|upkeep\n|turn|9\n|\n|t:|1700194856\n|move|p2a: Toxapex|Recover|p2a: Toxapex\n|-heal|p2a: Toxapex|84\/100\n|move|p1a: Tangrowth|Power Whip|p2a: Toxapex\n|-damage|p2a: Toxapex|45\/100\n|\n|-damage|p1a: Tangrowth|70\/100 tox|[from] psn\n|upkeep\n|turn|10\n|\n|t:|1700194865\n|switch|p2a: Goodra|Goodra-Hisui, F|26\/100\n|move|p1a: Tangrowth|Power Whip|p2a: Goodra\n|-ability|p2a: Goodra|Sap Sipper|boost\n|-boost|p2a: Goodra|atk|1\n|\n|-heal|p2a: Goodra|32\/100|[from] item: Leftovers\n|-damage|p1a: Tangrowth|51\/100 tox|[from] psn\n|upkeep\n|turn|11\n|\n|t:|1700194889\n|move|p2a: Goodra|Flamethrower|p1a: Tangrowth\n|-supereffective|p1a: Tangrowth\n|-damage|p1a: Tangrowth|0 fnt\n|faint|p1a: Tangrowth\n|\n|-heal|p2a: Goodra|38\/100|[from] item: Leftovers\n|upkeep\n|\n|t:|1700194899\n|switch|p1a: Victini|Victini|36\/100\n|turn|12\n|\n|t:|1700194921\n|switch|p2a: Toxapex|Toxapex, M|78\/100\n|move|p1a: Victini|V-create|p2a: Toxapex\n|-resisted|p2a: Toxapex\n|-damage|p2a: Toxapex|45\/100\n|-unboost|p1a: Victini|spe|1\n|-unboost|p1a: Victini|def|1\n|-unboost|p1a: Victini|spd|1\n|\n|upkeep\n|turn|13\n|\n|t:|1700194936\n|switch|p1a: Hatterene|Hatterene, F|100\/100\n|-terastallize|p2a: Toxapex|Dragon\n|move|p2a: Toxapex|Recover|p2a: Toxapex\n|-heal|p2a: Toxapex|96\/100\n|\n|upkeep\n|turn|14\n|\n|t:|1700195005\n|move|p2a: Toxapex|Scald|p1a: Hatterene\n|-damage|p1a: Hatterene|84\/100\n|move|p1a: Hatterene|Dazzling Gleam|p2a: Toxapex\n|-supereffective|p2a: Toxapex\n|-damage|p2a: Toxapex|24\/100\n|\n|upkeep\n|turn|15\n|\n|t:|1700195013\n|switch|p2a: Scizor|Scizor, M|100\/100\n|move|p1a: Hatterene|Dazzling Gleam|p2a: Scizor\n|-resisted|p2a: Scizor\n|-damage|p2a: Scizor|76\/100\n|\n|upkeep\n|turn|16\n|\n|t:|1700195027\n|detailschange|p2a: Scizor|Scizor-Mega, M\n|-mega|p2a: Scizor|Scizor|Scizorite\n|move|p2a: Scizor|U-turn|p1a: Hatterene\n|-damage|p1a: Hatterene|47\/100\n|\n|t:|1700195036\n|switch|p2a: Chansey|Chansey, F|78\/100|[from] U-turn\n|move|p1a: Hatterene|Mystical Fire|p2a: Chansey\n|-damage|p2a: Chansey|68\/100\n|-unboost|p2a: Chansey|spa|1\n|\n|upkeep\n|turn|17\n|\n|t:|1700195051\n|switch|p1a: Victini|Victini|36\/100\n|move|p2a: Chansey|Seismic Toss|p1a: Victini\n|-damage|p1a: Victini|12\/100\n|\n|upkeep\n|turn|18\n|\n|t:|1700195061\n|switch|p2a: Toxapex|Toxapex, M, tera:Dragon|58\/100\n|move|p1a: Victini|V-create|p2a: Toxapex\n|-resisted|p2a: Toxapex\n|-damage|p2a: Toxapex|28\/100\n|-unboost|p1a: Victini|spe|1\n|-unboost|p1a: Victini|def|1\n|-unboost|p1a: Victini|spd|1\n|\n|upkeep\n|turn|19\n|\n|t:|1700195086\n|switch|p1a: Porygon2|Porygon2|94\/100\n|-ability|p1a: Porygon2|Regenerator|[from] ability: Trace|[of] p2a: Toxapex\n|move|p2a: Toxapex|Recover|p2a: Toxapex\n|-heal|p2a: Toxapex|78\/100\n|\n|upkeep\n|turn|20\n|\n|t:|1700195096\n|move|p1a: Porygon2|Ice Beam|p2a: Toxapex\n|-supereffective|p2a: Toxapex\n|-damage|p2a: Toxapex|44\/100\n|move|p2a: Toxapex|Toxic|p1a: Porygon2\n|-status|p1a: Porygon2|tox\n|\n|-damage|p1a: Porygon2|88\/100 tox|[from] psn\n|upkeep\n|turn|21\n|\n|t:|1700195107\n|switch|p2a: Chansey|Chansey, F|68\/100\n|move|p1a: Porygon2|Ice Beam|p2a: Chansey\n|-damage|p2a: Chansey|61\/100\n|-status|p2a: Chansey|frz\n|\n|-damage|p1a: Porygon2|76\/100 tox|[from] psn\n|upkeep\n|turn|22\n|\n|t:|1700195124\n|cant|p2a: Chansey|frz\n|move|p1a: Porygon2|Ice Beam|p2a: Chansey\n|-damage|p2a: Chansey|55\/100 frz\n|\n|-damage|p1a: Porygon2|57\/100 tox|[from] psn\n|upkeep\n|turn|23\n|\n|t:|1700195136\n|switch|p1a: Victini|Victini|12\/100\n|cant|p2a: Chansey|frz\n|\n|upkeep\n|turn|24\n|\n|t:|1700195147\n|move|p1a: Victini|Bolt Strike|p2a: Chansey\n|-damage|p2a: Chansey|30\/100 frz\n|-curestatus|p2a: Chansey|frz|[msg]\n|move|p2a: Chansey|Soft-Boiled|p2a: Chansey\n|-heal|p2a: Chansey|80\/100\n|\n|upkeep\n|turn|25\n|\n|t:|1700195157\n|switch|p2a: Toxapex|Toxapex, M, tera:Dragon|78\/100\n|move|p1a: Victini|V-create|p2a: Toxapex\n|-resisted|p2a: Toxapex\n|-damage|p2a: Toxapex|47\/100\n|-unboost|p1a: Victini|spe|1\n|-unboost|p1a: Victini|def|1\n|-unboost|p1a: Victini|spd|1\n|\n|upkeep\n|turn|26\n|c|\u2606Tyr Alexander|fucking chansey and soft boil lol\n|c|\u2606terrysalt|haha\n|\n|t:|1700195179\n|switch|p1a: Steelix|Steelix, F|100\/100\n|move|p2a: Toxapex|Scald|p1a: Steelix\n|-supereffective|p1a: Steelix\n|-damage|p1a: Steelix|44\/100\n|-status|p1a: Steelix|brn\n|\n|-damage|p1a: Steelix|38\/100 brn|[from] brn\n|upkeep\n|turn|27\n|\n|t:|1700195201\n|move|p1a: Steelix|Iron Head|p2a: Toxapex\n|-damage|p2a: Toxapex|36\/100\n|move|p2a: Toxapex|Scald|p1a: Steelix\n|-supereffective|p1a: Steelix\n|-damage|p1a: Steelix|0 fnt\n|faint|p1a: Steelix\n|\n|upkeep\n|\n|t:|1700195211\n|switch|p1a: Porygon2|Porygon2|91\/100 tox\n|-ability|p1a: Porygon2|Regenerator|[from] ability: Trace|[of] p2a: Toxapex\n|turn|28\n|\n|t:|1700195219\n|move|p1a: Porygon2|Ice Beam|p2a: Toxapex\n|-supereffective|p2a: Toxapex\n|-damage|p2a: Toxapex|3\/100\n|move|p2a: Toxapex|Recover|p2a: Toxapex\n|-heal|p2a: Toxapex|53\/100\n|\n|-damage|p1a: Porygon2|84\/100 tox|[from] psn\n|upkeep\n|turn|29\n|\n|t:|1700195257\n|switch|p2a: Chansey|Chansey, F|80\/100\n|move|p1a: Porygon2|Ice Beam|p2a: Chansey\n|-damage|p2a: Chansey|73\/100\n|\n|-damage|p1a: Porygon2|72\/100 tox|[from] psn\n|upkeep\n|turn|30\n|\n|t:|1700195272\n|move|p2a: Chansey|Seismic Toss|p1a: Porygon2\n|-damage|p1a: Porygon2|45\/100 tox\n|move|p1a: Porygon2|Teleport|p1a: Porygon2\n|\n|t:|1700195277\n|switch|p1a: Marowak|Marowak, F|100\/100|[from] Teleport\n|\n|upkeep\n|turn|31\n|\n|t:|1700195286\n|switch|p2a: Buzzwole|Buzzwole|100\/100\n|move|p1a: Marowak|Earthquake|p2a: Buzzwole\n|-resisted|p2a: Buzzwole\n|-damage|p2a: Buzzwole|82\/100\n|\n|upkeep\n|turn|32\n|\n|t:|1700195294\n|move|p2a: Buzzwole|Ice Punch|p1a: Marowak\n|-supereffective|p1a: Marowak\n|-damage|p1a: Marowak|52\/100\n|move|p1a: Marowak|Fire Punch|p2a: Buzzwole\n|-supereffective|p2a: Buzzwole\n|-damage|p2a: Buzzwole|40\/100\n|\n|upkeep\n|turn|33\n|\n|t:|1700195306\n|move|p2a: Buzzwole|Drain Punch|p1a: Marowak\n|-damage|p1a: Marowak|18\/100\n|-heal|p2a: Buzzwole|53\/100|[from] drain|[of] p1a: Marowak\n|move|p1a: Marowak|Fire Punch|p2a: Buzzwole\n|-supereffective|p2a: Buzzwole\n|-damage|p2a: Buzzwole|17\/100\n|\n|upkeep\n|turn|34\n|\n|t:|1700195318\n|switch|p1a: Hatterene|Hatterene, F|47\/100\n|move|p2a: Buzzwole|Ice Punch|p1a: Hatterene\n|-damage|p1a: Hatterene|23\/100\n|\n|upkeep\n|turn|35\n|\n|t:|1700195326\n|move|p2a: Buzzwole|Roost|p2a: Buzzwole\n|-heal|p2a: Buzzwole|67\/100\n|-singleturn|p2a: Buzzwole|move: Roost\n|move|p1a: Hatterene|Healing Wish|p1a: Hatterene\n|faint|p1a: Hatterene\n|\n|upkeep\n|\n|t:|1700195332\n|switch|p1a: Victini|Victini|12\/100\n|-heal|p1a: Victini|100\/100|[from] move: Healing Wish\n|turn|36\n|\n|t:|1700195339\n|switch|p2a: Toxapex|Toxapex, M, tera:Dragon|86\/100\n|move|p1a: Victini|V-create|p2a: Toxapex\n|-resisted|p2a: Toxapex\n|-damage|p2a: Toxapex|54\/100\n|-unboost|p1a: Victini|spe|1\n|-unboost|p1a: Victini|def|1\n|-unboost|p1a: Victini|spd|1\n|\n|upkeep\n|turn|37\n|\n|t:|1700195348\n|move|p1a: Victini|Bolt Strike|p2a: Toxapex\n|-resisted|p2a: Toxapex\n|-damage|p2a: Toxapex|41\/100\n|-status|p2a: Toxapex|par\n|move|p2a: Toxapex|Scald|p1a: Victini\n|-supereffective|p1a: Victini\n|-damage|p1a: Victini|55\/100\n|\n|upkeep\n|turn|38\n|\n|t:|1700195361\n|move|p1a: Victini|Bolt Strike|p2a: Toxapex\n|-resisted|p2a: Toxapex\n|-damage|p2a: Toxapex|28\/100 par\n|move|p2a: Toxapex|Toxic|p1a: Victini\n|-status|p1a: Victini|tox\n|\n|-damage|p1a: Victini|49\/100 tox|[from] psn\n|upkeep\n|turn|39\n|\n|t:|1700195373\n|move|p1a: Victini|Bolt Strike|p2a: Toxapex\n|-resisted|p2a: Toxapex\n|-damage|p2a: Toxapex|15\/100 par\n|move|p2a: Toxapex|Recover|p2a: Toxapex\n|-heal|p2a: Toxapex|65\/100 par\n|\n|-damage|p1a: Victini|37\/100 tox|[from] psn\n|upkeep\n|turn|40\n|\n|t:|1700195381\n|move|p1a: Victini|Bolt Strike|p2a: Toxapex\n|-resisted|p2a: Toxapex\n|-crit|p2a: Toxapex\n|-damage|p2a: Toxapex|46\/100 par\n|move|p2a: Toxapex|Scald|p1a: Victini\n|-supereffective|p1a: Victini\n|-damage|p1a: Victini|0 fnt\n|faint|p1a: Victini\n|\n|upkeep\n|\n|t:|1700195395\n|switch|p1a: Porygon2|Porygon2|79\/100 tox\n|-ability|p1a: Porygon2|Regenerator|[from] ability: Trace|[of] p2a: Toxapex\n|turn|41\n|\n|t:|1700195403\n|switch|p2a: Chansey|Chansey, F|73\/100\n|move|p1a: Porygon2|Ice Beam|p2a: Chansey\n|-damage|p2a: Chansey|67\/100\n|\n|-damage|p1a: Porygon2|72\/100 tox|[from] psn\n|upkeep\n|turn|42\n|\n|t:|1700195421\n|move|p2a: Chansey|Seismic Toss|p1a: Porygon2\n|-damage|p1a: Porygon2|46\/100 tox\n|move|p1a: Porygon2|Ice Beam|p2a: Chansey\n|-damage|p2a: Chansey|61\/100\n|-status|p2a: Chansey|frz\n|\n|-damage|p1a: Porygon2|33\/100 tox|[from] psn\n|upkeep\n|turn|43\n|\n|t:|1700195431\n|-curestatus|p2a: Chansey|frz|[msg]\n|move|p2a: Chansey|Soft-Boiled|p2a: Chansey\n|-heal|p2a: Chansey|100\/100\n|move|p1a: Porygon2|Ice Beam|p2a: Chansey\n|-damage|p2a: Chansey|94\/100\n|\n|-damage|p1a: Porygon2|15\/100 tox|[from] psn\n|upkeep\n|turn|44\n|\n|t:|1700195442\n|move|p2a: Chansey|Seismic Toss|p1a: Porygon2\n|-damage|p1a: Porygon2|0 fnt\n|faint|p1a: Porygon2\n|\n|upkeep\n|\n|t:|1700195454\n|switch|p1a: Marowak|Marowak, F|18\/100\n|turn|45\n|\n|t:|1700195458\n|move|p2a: Chansey|Seismic Toss|p1a: Marowak\n|-damage|p1a: Marowak|0 fnt\n|faint|p1a: Marowak\n|\n|win|terrysalt\n|c|\u2606terrysalt|gg\n","uploadtime":1700195465,"views":6,"p1id":"tyralexander","p2id":"terrysalt","formatid":"gen9nationaldex","rating":0,"private":0,"password":""}