{"id":"gen9nationaldex-1990119195","p1":"Applejuicebruh","p2":"Cornepum","format":"[Gen 9] National Dex","log":"|j|\u203dApplejuicebruh\n|j|\u2606Cornepum\n|t:|1699926592\n|gametype|singles\n|player|p1|Applejuicebruh|crasherwake|1155\n|player|p2|Cornepum|170|1046\n|teamsize|p1|6\n|teamsize|p2|6\n|gen|9\n|tier|[Gen 9] National Dex\n|rated|\n|rule|HP Percentage Mod: HP is shown in percentages\n|rule|Endless Battle Clause: Forcing endless battles is banned\n|rule|OHKO Clause: OHKO moves are banned\n|rule|Evasion Clause: Evasion abilities, items, and moves are banned\n|rule|Evasion Abilities Clause: Evasion abilities are banned\n|rule|Evasion Items Clause: Evasion items are banned\n|rule|Evasion Moves Clause: Evasion moves are banned\n|rule|Species Clause: Limit one of each Pok\u00e9mon\n|rule|Sleep Clause Mod: Limit one foe put to sleep\n|clearpoke\n|poke|p1|Beedrill, M|\n|poke|p1|Victini|\n|poke|p1|Togekiss, M|\n|poke|p1|Hawlucha, M|\n|poke|p1|Feraligatr, M|\n|poke|p1|Blastoise, M|\n|poke|p2|Braviary-Hisui, M|\n|poke|p2|Chandelure, M|\n|poke|p2|Inteleon, F|\n|poke|p2|Ting-Lu|\n|poke|p2|Venusaur, M|\n|poke|p2|Togekiss, F|\n|teampreview\n|inactive|Battle timer is ON: inactive players will automatically lose when time's up. (requested by Cornepum)\n|\n|t:|1699926597\n|start\n|switch|p1a: Victini|Victini|100\/100\n|switch|p2a: Ting-Lu|Ting-Lu|100\/100\n|-ability|p2a: Ting-Lu|Vessel of Ruin\n|turn|1\n|\n|t:|1699926602\n|-zpower|p1a: Victini\n|move|p1a: Victini|Z-Celebrate|p1a: Victini|[anim]Celebrate\n|-boost|p1a: Victini|atk|1|[zeffect]\n|-boost|p1a: Victini|def|1|[zeffect]\n|-boost|p1a: Victini|spa|1|[zeffect]\n|-boost|p1a: Victini|spd|1|[zeffect]\n|-boost|p1a: Victini|spe|1|[zeffect]\n|-activate|p1a: Victini|move: Celebrate\n|move|p2a: Ting-Lu|Stealth Rock|p1a: Victini\n|-sidestart|p1: Applejuicebruh|move: Stealth Rock\n|\n|upkeep\n|turn|2\n|\n|t:|1699926610\n|move|p1a: Victini|Dazzling Gleam|p2a: Ting-Lu\n|-supereffective|p2a: Ting-Lu\n|-damage|p2a: Ting-Lu|54\/100\n|move|p2a: Ting-Lu|Earthquake|p1a: Victini\n|-supereffective|p1a: Victini\n|-damage|p1a: Victini|51\/100\n|\n|-heal|p2a: Ting-Lu|60\/100|[from] item: Leftovers\n|upkeep\n|turn|3\n|\n|t:|1699926617\n|move|p1a: Victini|Flamethrower|p2a: Ting-Lu\n|-damage|p2a: Ting-Lu|23\/100\n|move|p2a: Ting-Lu|Spikes|p1a: Victini\n|-sidestart|p1: Applejuicebruh|Spikes\n|\n|-heal|p2a: Ting-Lu|29\/100|[from] item: Leftovers\n|upkeep\n|turn|4\n|\n|t:|1699926623\n|move|p1a: Victini|Dazzling Gleam|p2a: Ting-Lu\n|-supereffective|p2a: Ting-Lu\n|-damage|p2a: Ting-Lu|0 fnt\n|faint|p2a: Ting-Lu\n|\n|upkeep\n|\n|t:|1699926634\n|switch|p2a: Togekiss|Togekiss, F|100\/100\n|turn|5\n|\n|t:|1699926639\n|move|p1a: Victini|Flamethrower|p2a: Togekiss\n|-damage|p2a: Togekiss|42\/100\n|move|p2a: Togekiss|Ancient Power|p1a: Victini\n|-supereffective|p1a: Victini\n|-damage|p1a: Victini|26\/100\n|\n|upkeep\n|turn|6\n|\n|t:|1699926646\n|move|p1a: Victini|Stored Power|p2a: Togekiss\n|-damage|p2a: Togekiss|0 fnt\n|faint|p2a: Togekiss\n|\n|upkeep\n|\n|t:|1699926648\n|switch|p2a: Chandelure|Chandelure, M|100\/100\n|turn|7\n|\n|t:|1699926653\n|move|p1a: Victini|Stored Power|p2a: Chandelure\n|-damage|p2a: Chandelure|0 fnt\n|faint|p2a: Chandelure\n|\n|upkeep\n|\n|t:|1699926656\n|switch|p2a: Braviary|Braviary-Hisui, M|100\/100\n|turn|8\n|\n|t:|1699926659\n|move|p1a: Victini|Flamethrower|p2a: Braviary\n|-damage|p2a: Braviary|35\/100\n|move|p2a: Braviary|Whirlwind|p1a: Victini\n|drag|p1a: Feraligatr|Feraligatr, M, shiny|100\/100\n|-damage|p1a: Feraligatr|88\/100|[from] Stealth Rock\n|-damage|p1a: Feraligatr|76\/100|[from] Spikes\n|\n|-heal|p1a: Feraligatr|82\/100|[from] item: Leftovers\n|-heal|p2a: Braviary|41\/100|[from] item: Leftovers\n|upkeep\n|turn|9\n|\n|t:|1699926665\n|move|p1a: Feraligatr|Crunch|p2a: Braviary\n|-supereffective|p2a: Braviary\n|-damage|p2a: Braviary|0 fnt\n|faint|p2a: Braviary\n|\n|-heal|p1a: Feraligatr|88\/100|[from] item: Leftovers\n|upkeep\n|\n|t:|1699926667\n|switch|p2a: Venusaur|Venusaur, M|100\/100\n|turn|10\n|\n|t:|1699926670\n|detailschange|p2a: Venusaur|Venusaur-Mega, M\n|-mega|p2a: Venusaur|Venusaur|Venusaurite\n|move|p1a: Feraligatr|Dragon Dance|p1a: Feraligatr\n|-boost|p1a: Feraligatr|atk|1\n|-boost|p1a: Feraligatr|spe|1\n|move|p2a: Venusaur|Toxic|p1a: Feraligatr\n|-status|p1a: Feraligatr|tox\n|\n|-heal|p1a: Feraligatr|94\/100 tox|[from] item: Leftovers\n|-damage|p1a: Feraligatr|88\/100 tox|[from] psn\n|upkeep\n|turn|11\n|\n|t:|1699926676\n|move|p1a: Feraligatr|Crunch|p2a: Venusaur\n|-damage|p2a: Venusaur|74\/100\n|move|p2a: Venusaur|Giga Drain|p1a: Feraligatr\n|-supereffective|p1a: Feraligatr\n|-damage|p1a: Feraligatr|27\/100 tox\n|-heal|p2a: Venusaur|100\/100|[from] drain|[of] p1a: Feraligatr\n|\n|-heal|p1a: Feraligatr|34\/100 tox|[from] item: Leftovers\n|-damage|p1a: Feraligatr|21\/100 tox|[from] psn\n|upkeep\n|turn|12\n|\n|t:|1699926682\n|move|p1a: Feraligatr|Crunch|p2a: Venusaur\n|-damage|p2a: Venusaur|77\/100\n|move|p2a: Venusaur|Leech Seed|p1a: Feraligatr\n|-start|p1a: Feraligatr|move: Leech Seed\n|\n|-heal|p1a: Feraligatr|27\/100 tox|[from] item: Leftovers\n|-damage|p1a: Feraligatr|15\/100 tox|[from] Leech Seed|[of] p2a: Venusaur\n|-heal|p2a: Venusaur|89\/100|[silent]\n|-damage|p1a: Feraligatr|0 fnt|[from] psn\n|faint|p1a: Feraligatr\n|upkeep\n|\n|t:|1699926691\n|switch|p1a: Hawlucha|Hawlucha, M, shiny|100\/100\n|-damage|p1a: Hawlucha|88\/100|[from] Stealth Rock\n|turn|13\n|\n|t:|1699926695\n|-terastallize|p1a: Hawlucha|Fighting\n|move|p1a: Hawlucha|Swagger|p2a: Venusaur\n|-boost|p2a: Venusaur|atk|2\n|-enditem|p1a: Hawlucha|Mirror Herb\n|-boost|p1a: Hawlucha|atk|2|[from] item: Mirror Herb\n|-start|p2a: Venusaur|confusion\n|-activate|p2a: Venusaur|confusion\n|-damage|p2a: Venusaur|81\/100|[from] confusion\n|\n|upkeep\n|turn|14\n|\n|t:|1699926707\n|move|p1a: Hawlucha|Acrobatics|p2a: Venusaur\n|-supereffective|p2a: Venusaur\n|-damage|p2a: Venusaur|0 fnt\n|faint|p2a: Venusaur\n|\n|upkeep\n|\n|t:|1699926709\n|switch|p2a: Inteleon|Inteleon, F|100\/100\n|turn|15\n|\n|t:|1699926713\n|-terastallize|p2a: Inteleon|Water\n|move|p1a: Hawlucha|Acrobatics|p2a: Inteleon\n|-damage|p2a: Inteleon|0 fnt\n|faint|p2a: Inteleon\n|\n|win|Applejuicebruh\n|raw|Applejuicebruh's rating: 1155 &rarr; <strong>1172<\/strong><br \/>(+17 for winning)\n|raw|Cornepum's rating: 1046 &rarr; <strong>1034<\/strong><br \/>(-12 for losing)\n|l|\u2606Cornepum\n","uploadtime":1699926729,"views":10,"p1id":"applejuicebruh","p2id":"cornepum","formatid":"gen9nationaldex","rating":1034,"private":0,"password":""}