{"id":"gen9nationaldex-1996346675","p1":"DUTT0708","p2":"Nei-tortilla","format":"[Gen 9] National Dex","log":"|html|<div class=\"broadcast-blue\"><strong>[Gen 9] National Dex is currently suspecting Sneasler! For information on how to participate check out the <a href=\"https:\/\/www.smogon.com\/forums\/threads\/sv-national-dex-suspect-8-just-dance.3731534\/\">suspect thread<\/a>.<\/strong><\/div>\n|j|\u2606DUTT0708\n|j|\u2606Nei-tortilla\n|t:|1700673348\n|gametype|singles\n|player|p1|DUTT0708|265|\n|player|p2|Nei-tortilla|riley|\n|teamsize|p1|6\n|teamsize|p2|6\n|gen|9\n|tier|[Gen 9] National Dex\n|rule|HP Percentage Mod: HP is shown in percentages\n|rule|Endless Battle Clause: Forcing endless battles is banned\n|rule|OHKO Clause: OHKO moves are banned\n|rule|Evasion Clause: Evasion abilities, items, and moves are banned\n|rule|Evasion Abilities Clause: Evasion abilities are banned\n|rule|Evasion Items Clause: Evasion items are banned\n|rule|Evasion Moves Clause: Evasion moves are banned\n|rule|Species Clause: Limit one of each Pok\u00e9mon\n|rule|Sleep Clause Mod: Limit one foe put to sleep\n|clearpoke\n|poke|p1|Pelipper, F|\n|poke|p1|Swampert, F|\n|poke|p1|Ludicolo, M|\n|poke|p1|Manectric, F|\n|poke|p1|Vigoroth, F|\n|poke|p1|Metagross|\n|poke|p2|Galvantula, M|\n|poke|p2|Darmanitan, M|\n|poke|p2|Serperior, M|\n|poke|p2|Jellicent, M|\n|poke|p2|Bisharp, M|\n|poke|p2|Landorus-Therian, M|\n|teampreview\n|\n|t:|1700673369\n|start\n|switch|p1a: P\u00e1\u00e1\u00e1\u00e1\u00e1jaro|Pelipper, F|100\/100\n|switch|p2a: Galvantula|Galvantula, M, shiny|100\/100\n|-weather|RainDance|[from] ability: Drizzle|[of] p1a: P\u00e1\u00e1\u00e1\u00e1\u00e1jaro\n|turn|1\n|\n|t:|1700673379\n|move|p2a: Galvantula|Sticky Web|p1a: P\u00e1\u00e1\u00e1\u00e1\u00e1jaro\n|-sidestart|p1: DUTT0708|move: Sticky Web\n|move|p1a: P\u00e1\u00e1\u00e1\u00e1\u00e1jaro|Roost||[still]\n|-fail|p1a: P\u00e1\u00e1\u00e1\u00e1\u00e1jaro|heal\n|\n|-weather|RainDance|[upkeep]\n|upkeep\n|turn|2\n|\n|t:|1700673389\n|switch|p1a: Troncoso|Manectric, F|100\/100\n|-activate|p1a: Troncoso|move: Sticky Web\n|-unboost|p1a: Troncoso|spe|1\n|move|p2a: Galvantula|Thunder|p1a: Troncoso\n|-ability|p1a: Troncoso|Lightning Rod|boost\n|-boost|p1a: Troncoso|spa|1\n|\n|-weather|RainDance|[upkeep]\n|upkeep\n|turn|3\n|\n|t:|1700673400\n|switch|p2a: Landorus|Landorus-Therian, M|100\/100\n|-ability|p2a: Landorus|Intimidate|boost\n|-unboost|p1a: Troncoso|atk|1\n|move|p1a: Troncoso|Thunder|p2a: Landorus\n|-immune|p2a: Landorus\n|\n|-weather|RainDance|[upkeep]\n|upkeep\n|turn|4\n|\n|t:|1700673414\n|switch|p1a: Dani\u00b4s mun|Vigoroth, F|100\/100\n|-activate|p1a: Dani\u00b4s mun|move: Sticky Web\n|-unboost|p1a: Dani\u00b4s mun|spe|1\n|move|p2a: Landorus|Stealth Rock|p1a: Dani\u00b4s mun\n|-sidestart|p1: DUTT0708|move: Stealth Rock\n|\n|-weather|RainDance|[upkeep]\n|upkeep\n|turn|5\n|\n|t:|1700673430\n|move|p2a: Landorus|Bulk Up|p2a: Landorus\n|-boost|p2a: Landorus|atk|1\n|-boost|p2a: Landorus|def|1\n|move|p1a: Dani\u00b4s mun|Knock Off|p2a: Landorus\n|-damage|p2a: Landorus|88\/100\n|-enditem|p2a: Landorus|Sitrus Berry|[from] move: Knock Off|[of] p1a: Dani\u00b4s mun\n|\n|-weather|RainDance|[upkeep]\n|upkeep\n|turn|6\n|\n|t:|1700673439\n|move|p2a: Landorus|Bulk Up|p2a: Landorus\n|-boost|p2a: Landorus|atk|1\n|-boost|p2a: Landorus|def|1\n|move|p1a: Dani\u00b4s mun|Thunder Wave|p2a: Landorus\n|-immune|p2a: Landorus\n|\n|-weather|RainDance|[upkeep]\n|upkeep\n|turn|7\n|\n|t:|1700673450\n|move|p2a: Landorus|Bulk Up|p2a: Landorus\n|-boost|p2a: Landorus|atk|1\n|-boost|p2a: Landorus|def|1\n|move|p1a: Dani\u00b4s mun|Return|p2a: Landorus\n|-damage|p2a: Landorus|77\/100\n|\n|-weather|RainDance|[upkeep]\n|upkeep\n|turn|8\n|\n|t:|1700673459\n|switch|p1a: Manos pajeras|Metagross|100\/100\n|-activate|p1a: Manos pajeras|move: Sticky Web\n|-fail|p1a: Manos pajeras|unboost|[from] ability: Clear Body|[of] p1a: Manos pajeras\n|-damage|p1a: Manos pajeras|94\/100|[from] Stealth Rock\n|move|p2a: Landorus|Bulk Up|p2a: Landorus\n|-boost|p2a: Landorus|atk|1\n|-boost|p2a: Landorus|def|1\n|\n|-weather|none\n|upkeep\n|turn|9\n|\n|t:|1700673471\n|move|p2a: Landorus|Earthquake|p1a: Manos pajeras\n|-supereffective|p1a: Manos pajeras\n|-damage|p1a: Manos pajeras|0 fnt\n|faint|p1a: Manos pajeras\n|\n|upkeep\n|\n|t:|1700673479\n|switch|p1a: P\u00e1\u00e1\u00e1\u00e1\u00e1jaro|Pelipper, F|100\/100\n|-damage|p1a: P\u00e1\u00e1\u00e1\u00e1\u00e1jaro|76\/100|[from] Stealth Rock\n|-weather|RainDance|[from] ability: Drizzle|[of] p1a: P\u00e1\u00e1\u00e1\u00e1\u00e1jaro\n|turn|10\n|\n|t:|1700673485\n|move|p2a: Landorus|Stone Edge|p1a: P\u00e1\u00e1\u00e1\u00e1\u00e1jaro|[miss]\n|-miss|p2a: Landorus|p1a: P\u00e1\u00e1\u00e1\u00e1\u00e1jaro\n|move|p1a: P\u00e1\u00e1\u00e1\u00e1\u00e1jaro|Hurricane|p2a: Landorus\n|-damage|p2a: Landorus|30\/100\n|-start|p2a: Landorus|confusion\n|\n|-weather|RainDance|[upkeep]\n|upkeep\n|turn|11\n|\n|t:|1700673496\n|-activate|p2a: Landorus|confusion\n|move|p2a: Landorus|Stone Edge|p1a: P\u00e1\u00e1\u00e1\u00e1\u00e1jaro\n|-supereffective|p1a: P\u00e1\u00e1\u00e1\u00e1\u00e1jaro\n|-damage|p1a: P\u00e1\u00e1\u00e1\u00e1\u00e1jaro|0 fnt\n|faint|p1a: P\u00e1\u00e1\u00e1\u00e1\u00e1jaro\n|\n|-weather|RainDance|[upkeep]\n|upkeep\n|\n|t:|1700673504\n|switch|p1a: W.W.|Ludicolo, M|100\/100\n|-activate|p1a: W.W.|move: Sticky Web\n|-unboost|p1a: W.W.|spe|1\n|-damage|p1a: W.W.|88\/100|[from] Stealth Rock\n|turn|12\n|\n|t:|1700673512\n|move|p1a: W.W.|Scald|p2a: Landorus\n|-supereffective|p2a: Landorus\n|-damage|p2a: Landorus|0 fnt\n|faint|p2a: Landorus\n|-damage|p1a: W.W.|78\/100|[from] item: Life Orb\n|\n|-weather|RainDance|[upkeep]\n|upkeep\n|\n|t:|1700673521\n|switch|p2a: Serperior|Serperior, M|100\/100\n|turn|13\n|\n|t:|1700673532\n|switch|p1a: Troncoso|Manectric, F|100\/100\n|-activate|p1a: Troncoso|move: Sticky Web\n|-unboost|p1a: Troncoso|spe|1\n|-damage|p1a: Troncoso|88\/100|[from] Stealth Rock\n|move|p2a: Serperior|Leaf Storm|p1a: Troncoso\n|-damage|p1a: Troncoso|0 fnt\n|-boost|p2a: Serperior|spa|2\n|faint|p1a: Troncoso\n|\n|-weather|RainDance|[upkeep]\n|upkeep\n|\n|t:|1700673545\n|switch|p1a: Dani\u00b4s mun|Vigoroth, F|100\/100\n|-activate|p1a: Dani\u00b4s mun|move: Sticky Web\n|-unboost|p1a: Dani\u00b4s mun|spe|1\n|-damage|p1a: Dani\u00b4s mun|88\/100|[from] Stealth Rock\n|turn|14\n|\n|t:|1700673551\n|move|p2a: Serperior|Leaf Storm|p1a: Dani\u00b4s mun\n|-damage|p1a: Dani\u00b4s mun|0 fnt\n|-boost|p2a: Serperior|spa|2\n|faint|p1a: Dani\u00b4s mun\n|\n|-weather|RainDance|[upkeep]\n|upkeep\n|\n|t:|1700673559\n|switch|p1a: Trae paca el orto|Swampert, F|100\/100\n|-activate|p1a: Trae paca el orto|move: Sticky Web\n|-unboost|p1a: Trae paca el orto|spe|1\n|-damage|p1a: Trae paca el orto|94\/100|[from] Stealth Rock\n|turn|15\n|\n|t:|1700673572\n|move|p2a: Serperior|Leaf Storm|p1a: Trae paca el orto\n|-supereffective|p1a: Trae paca el orto\n|-damage|p1a: Trae paca el orto|0 fnt\n|-boost|p2a: Serperior|spa|2\n|faint|p1a: Trae paca el orto\n|\n|-weather|RainDance|[upkeep]\n|upkeep\n|\n|t:|1700673579\n|switch|p1a: W.W.|Ludicolo, M|78\/100\n|-activate|p1a: W.W.|move: Sticky Web\n|-unboost|p1a: W.W.|spe|1\n|-damage|p1a: W.W.|66\/100|[from] Stealth Rock\n|turn|16\n|\n|t:|1700673586\n|move|p2a: Serperior|Leaf Storm|p1a: W.W.\n|-damage|p1a: W.W.|0 fnt\n|faint|p1a: W.W.\n|\n|win|Nei-tortilla\n","uploadtime":1700673594,"views":1,"p1id":"dutt0708","p2id":"neitortilla","formatid":"gen9nationaldex","rating":0,"private":0,"password":""}