{"id":"gen9nationaldex-1994183025","p1":"Jaywalker4792","p2":"gorilloide","format":"[Gen 9] National Dex","log":"|j|\u2606Jaywalker4792\n|j|\u2606gorilloide\n|t:|1700416313\n|gametype|singles\n|player|p1|Jaywalker4792|workerice|1069\n|player|p2|gorilloide|red|1005\n|teamsize|p1|6\n|teamsize|p2|6\n|gen|9\n|tier|[Gen 9] National Dex\n|rated|\n|rule|HP Percentage Mod: HP is shown in percentages\n|rule|Endless Battle Clause: Forcing endless battles is banned\n|rule|OHKO Clause: OHKO moves are banned\n|rule|Evasion Clause: Evasion abilities, items, and moves are banned\n|rule|Evasion Abilities Clause: Evasion abilities are banned\n|rule|Evasion Items Clause: Evasion items are banned\n|rule|Evasion Moves Clause: Evasion moves are banned\n|rule|Species Clause: Limit one of each Pok\u00e9mon\n|rule|Sleep Clause Mod: Limit one foe put to sleep\n|clearpoke\n|poke|p1|Arcanine-Hisui, M|\n|poke|p1|Gliscor, M|\n|poke|p1|Kyurem|\n|poke|p1|Tapu Lele|\n|poke|p1|Samurott-Hisui, M|\n|poke|p1|Lopunny, F|\n|poke|p2|Incineroar, M|\n|poke|p2|Ferrothorn, M|\n|poke|p2|Tapu Koko|\n|poke|p2|Alomomola, F|\n|poke|p2|Landorus-Therian, M|\n|poke|p2|Gyarados, M|\n|teampreview\n|\n|t:|1700416320\n|start\n|switch|p1a: Gliscor|Gliscor, M, shiny|100\/100\n|switch|p2a: Incineroar|Incineroar, M|100\/100\n|-ability|p2a: Incineroar|Intimidate|boost\n|-unboost|p1a: Gliscor|atk|1\n|turn|1\n|c|\u2606gorilloide|Hello everybody my name Is markyplier\n|\n|t:|1700416353\n|move|p2a: Incineroar|Flame Charge|p1a: Gliscor\n|-damage|p1a: Gliscor|83\/100\n|-boost|p2a: Incineroar|spe|1\n|move|p1a: Gliscor|Toxic|p2a: Incineroar\n|-status|p2a: Incineroar|tox\n|\n|-damage|p2a: Incineroar|94\/100 tox|[from] psn\n|-status|p1a: Gliscor|tox|[from] item: Toxic Orb\n|upkeep\n|turn|2\n|\n|t:|1700416365\n|move|p2a: Incineroar|Bulk Up|p2a: Incineroar\n|-boost|p2a: Incineroar|atk|1\n|-boost|p2a: Incineroar|def|1\n|move|p1a: Gliscor|Stone Edge|p2a: Incineroar\n|-supereffective|p2a: Incineroar\n|-damage|p2a: Incineroar|66\/100 tox\n|-enditem|p2a: Incineroar|Weakness Policy\n|-boost|p2a: Incineroar|atk|2|[from] item: Weakness Policy\n|-boost|p2a: Incineroar|spa|2|[from] item: Weakness Policy\n|\n|-damage|p2a: Incineroar|54\/100 tox|[from] psn\n|-heal|p1a: Gliscor|95\/100 tox|[from] ability: Poison Heal\n|upkeep\n|turn|3\n|c|\u2606Jaywalker4792|ok\n|\n|t:|1700416386\n|move|p1a: Gliscor|Protect|p1a: Gliscor\n|-singleturn|p1a: Gliscor|Protect\n|move|p2a: Incineroar|Power Trip|p1a: Gliscor\n|-activate|p1a: Gliscor|move: Protect\n|\n|-damage|p2a: Incineroar|36\/100 tox|[from] psn\n|-heal|p1a: Gliscor|100\/100 tox|[from] ability: Poison Heal\n|upkeep\n|turn|4\n|c|\u2606gorilloide|Stupid fucking stall\n|\n|t:|1700416408\n|move|p1a: Gliscor|Protect||[still]\n|-fail|p1a: Gliscor\n|move|p2a: Incineroar|Power Trip|p1a: Gliscor\n|-damage|p1a: Gliscor|0 fnt\n|faint|p1a: Gliscor\n|\n|-damage|p2a: Incineroar|12\/100 tox|[from] psn\n|upkeep\n|c|\u2606Jaywalker4792|not stall\n|\n|t:|1700416418\n|switch|p1a: Tapu Lele|Tapu Lele, shiny|100\/100\n|-fieldstart|move: Psychic Terrain|[from] ability: Psychic Surge|[of] p1a: Tapu Lele\n|turn|5\n|\n|t:|1700416425\n|move|p1a: Tapu Lele|Moonblast|p2a: Incineroar\n|-damage|p2a: Incineroar|0 fnt\n|faint|p2a: Incineroar\n|\n|upkeep\n|\n|t:|1700416436\n|switch|p2a: Tapu Koko|Tapu Koko|100\/100\n|-fieldstart|move: Electric Terrain|[from] ability: Electric Surge|[of] p2a: Tapu Koko\n|turn|6\n|\n|t:|1700416449\n|switch|p1a: Lopunny|Lopunny, F, shiny|100\/100\n|-zpower|p2a: Tapu Koko\n|move|p2a: Tapu Koko|Gigavolt Havoc|p1a: Lopunny|[zeffect]\n|-damage|p1a: Lopunny|0 fnt\n|faint|p1a: Lopunny\n|\n|upkeep\n|\n|t:|1700416459\n|switch|p1a: Tapu Lele|Tapu Lele, shiny|100\/100\n|-fieldstart|move: Psychic Terrain|[from] ability: Psychic Surge|[of] p1a: Tapu Lele\n|turn|7\n|\n|t:|1700416467\n|-terastallize|p1a: Tapu Lele|Psychic\n|move|p1a: Tapu Lele|Psychic|p2a: Tapu Koko\n|-damage|p2a: Tapu Koko|0 fnt\n|faint|p2a: Tapu Koko\n|\n|upkeep\n|\n|t:|1700416476\n|switch|p2a: Gyarados|Gyarados, M|100\/100\n|-ability|p2a: Gyarados|Intimidate|boost\n|-unboost|p1a: Tapu Lele|atk|1\n|turn|8\n|\n|t:|1700416484\n|move|p1a: Tapu Lele|Psychic|p2a: Gyarados\n|-damage|p2a: Gyarados|24\/100\n|-unboost|p2a: Gyarados|spd|1\n|move|p2a: Gyarados|Dragon Dance|p2a: Gyarados\n|-boost|p2a: Gyarados|atk|1\n|-boost|p2a: Gyarados|spe|1\n|\n|upkeep\n|turn|9\n|\n|t:|1700416503\n|detailschange|p2a: Gyarados|Gyarados-Mega, M\n|-mega|p2a: Gyarados|Gyarados|Gyaradosite\n|-ability|p2a: Gyarados|Mold Breaker\n|move|p1a: Tapu Lele|Psychic|p2a: Gyarados\n|-immune|p2a: Gyarados\n|move|p2a: Gyarados|Dragon Tail|p1a: Tapu Lele\n|-damage|p1a: Tapu Lele|42\/100\n|drag|p1a: Samurott|Samurott-Hisui, M, shiny|100\/100\n|\n|upkeep\n|turn|10\n|\n|t:|1700416515\n|move|p1a: Samurott|X-Scissor|p2a: Gyarados\n|-supereffective|p2a: Gyarados\n|-damage|p2a: Gyarados|0 fnt\n|faint|p2a: Gyarados\n|\n|upkeep\n|-message|gorilloide forfeited.\n|\n|win|Jaywalker4792\n|raw|Jaywalker4792's rating: 1069 &rarr; <strong>1093<\/strong><br \/>(+24 for winning)\n|raw|gorilloide's rating: 1005 &rarr; <strong>1000<\/strong><br \/>(-5 for losing)\n|l|\u2606gorilloide\n","uploadtime":1700416405,"views":5,"p1id":"jaywalker4792","p2id":"gorilloide","formatid":"gen9nationaldex","rating":1000,"private":0,"password":""}