{"id":"gen9nationaldex-1994482172","p1":"Shade Tatsu","p2":"Coolranchdorritoss","format":"[Gen 9] National Dex","log":"|j|\u2606Shade Tatsu\n|j|\u2606Coolranchdorritoss\n|t:|1700449048\n|gametype|singles\n|player|p1|Shade Tatsu|265|1191\n|player|p2|Coolranchdorritoss|boarder|1064\n|teamsize|p1|6\n|teamsize|p2|6\n|gen|9\n|tier|[Gen 9] National Dex\n|rated|\n|rule|HP Percentage Mod: HP is shown in percentages\n|rule|Endless Battle Clause: Forcing endless battles is banned\n|rule|OHKO Clause: OHKO moves are banned\n|rule|Evasion Clause: Evasion abilities, items, and moves are banned\n|rule|Evasion Abilities Clause: Evasion abilities are banned\n|rule|Evasion Items Clause: Evasion items are banned\n|rule|Evasion Moves Clause: Evasion moves are banned\n|rule|Species Clause: Limit one of each Pok\u00e9mon\n|rule|Sleep Clause Mod: Limit one foe put to sleep\n|clearpoke\n|poke|p1|Torkoal, F|\n|poke|p1|Ninetales, F|\n|poke|p1|Moltres|\n|poke|p1|Leafeon, F|\n|poke|p1|Heliolisk, F|\n|poke|p1|Charizard, M|\n|poke|p2|Hatterene, F|\n|poke|p2|Dragonite, M|\n|poke|p2|Landorus-Therian, M|\n|poke|p2|Ferrothorn, M|\n|poke|p2|Manectric, M|\n|poke|p2|Tornadus-Therian, M|\n|teampreview\n|inactive|Battle timer is ON: inactive players will automatically lose when time's up. (requested by Coolranchdorritoss)\n|\n|t:|1700449059\n|start\n|switch|p1a: Torkoal|Torkoal, F|100\/100\n|switch|p2a: Sonic|Manectric, M, shiny|100\/100\n|-weather|SunnyDay|[from] ability: Drought|[of] p1a: Torkoal\n|turn|1\n|\n|t:|1700449065\n|switch|p1a: Leafeon|Leafeon, F|100\/100\n|detailschange|p2a: Sonic|Manectric-Mega, M, shiny\n|-mega|p2a: Sonic|Manectric|Manectite\n|-ability|p2a: Sonic|Intimidate|boost\n|-unboost|p1a: Leafeon|atk|1\n|move|p2a: Sonic|Hidden Power|p1a: Leafeon\n|-resisted|p1a: Leafeon\n|-damage|p1a: Leafeon|91\/100\n|\n|-weather|SunnyDay|[upkeep]\n|upkeep\n|turn|2\n|\n|t:|1700449070\n|move|p1a: Leafeon|Solar Blade||[still]\n|-prepare|p1a: Leafeon|Solar Blade\n|-anim|p1a: Leafeon|Solar Blade|p2a: Sonic\n|-damage|p2a: Sonic|8\/100\n|move|p2a: Sonic|Flamethrower|p1a: Leafeon\n|-supereffective|p1a: Leafeon\n|-damage|p1a: Leafeon|0 fnt\n|faint|p1a: Leafeon\n|\n|-weather|SunnyDay|[upkeep]\n|upkeep\n|\n|t:|1700449074\n|switch|p1a: Moltres|Moltres|100\/100\n|-ability|p1a: Moltres|Pressure\n|turn|3\n|\n|t:|1700449081\n|-terastallize|p1a: Moltres|Fire\n|move|p1a: Moltres|Burn Up|p2a: Sonic\n|-damage|p2a: Sonic|0 fnt\n|-start|p1a: Moltres|typechange|Fire|[from] move: Burn Up\n|faint|p2a: Sonic\n|\n|-weather|SunnyDay|[upkeep]\n|upkeep\n|\n|t:|1700449089\n|switch|p2a: Landorus|Landorus-Therian, M|100\/100\n|-ability|p2a: Landorus|Intimidate|boost\n|-unboost|p1a: Moltres|atk|1\n|turn|4\n|\n|t:|1700449093\n|move|p1a: Moltres|Burn Up|p2a: Landorus\n|-damage|p2a: Landorus|0 fnt\n|-start|p1a: Moltres|typechange|Fire|[from] move: Burn Up\n|faint|p2a: Landorus\n|\n|-weather|SunnyDay|[upkeep]\n|upkeep\n|\n|t:|1700449103\n|switch|p2a: Dragonite|Dragonite, M|100\/100\n|turn|5\n|\n|t:|1700449106\n|move|p1a: Moltres|Burn Up|p2a: Dragonite\n|-resisted|p2a: Dragonite\n|-damage|p2a: Dragonite|67\/100\n|-start|p1a: Moltres|typechange|Fire|[from] move: Burn Up\n|move|p2a: Dragonite|Dragon Dance|p2a: Dragonite\n|-boost|p2a: Dragonite|atk|1\n|-boost|p2a: Dragonite|spe|1\n|\n|-weather|SunnyDay|[upkeep]\n|upkeep\n|turn|6\n|\n|t:|1700449116\n|move|p1a: Moltres|Burn Up|p2a: Dragonite\n|-resisted|p2a: Dragonite\n|-damage|p2a: Dragonite|0 fnt\n|-start|p1a: Moltres|typechange|Fire|[from] move: Burn Up\n|faint|p2a: Dragonite\n|\n|-weather|SunnyDay|[upkeep]\n|upkeep\n|\n|t:|1700449124\n|switch|p2a: Tornadus|Tornadus-Therian, M|100\/100\n|turn|7\n|\n|t:|1700449128\n|move|p1a: Moltres|Burn Up|p2a: Tornadus\n|-damage|p2a: Tornadus|8\/100\n|-start|p1a: Moltres|typechange|Fire|[from] move: Burn Up\n|move|p2a: Tornadus|Bleakwind Storm|p1a: Moltres|[miss]\n|-miss|p2a: Tornadus|p1a: Moltres\n|\n|-weather|SunnyDay|[upkeep]\n|upkeep\n|turn|8\n|\n|t:|1700449137\n|switch|p2a: Hatterene|Hatterene, F|100\/100\n|move|p1a: Moltres|Burn Up|p2a: Hatterene\n|-damage|p2a: Hatterene|0 fnt\n|-start|p1a: Moltres|typechange|Fire|[from] move: Burn Up\n|faint|p2a: Hatterene\n|\n|-weather|none\n|upkeep\n|\n|t:|1700449139\n|switch|p2a: Tornadus|Tornadus-Therian, M|41\/100\n|turn|9\n|\n|t:|1700449144\n|switch|p1a: Torkoal|Torkoal, F|100\/100\n|-weather|SunnyDay|[from] ability: Drought|[of] p1a: Torkoal\n|switch|p2a: Pretty princess|Ferrothorn, M, shiny|100\/100\n|\n|-weather|SunnyDay|[upkeep]\n|upkeep\n|turn|10\n|\n|t:|1700449161\n|-terastallize|p2a: Pretty princess|Ghost\n|move|p1a: Torkoal|Will-O-Wisp|p2a: Pretty princess\n|-status|p2a: Pretty princess|brn\n|move|p2a: Pretty princess|Thunder Wave|p1a: Torkoal\n|-status|p1a: Torkoal|par\n|\n|-weather|SunnyDay|[upkeep]\n|-damage|p2a: Pretty princess|94\/100 brn|[from] brn\n|upkeep\n|turn|11\n|\n|t:|1700449169\n|switch|p1a: Heliolisk|Heliolisk, F|100\/100\n|move|p2a: Pretty princess|Leech Seed|p1a: Heliolisk\n|-start|p1a: Heliolisk|move: Leech Seed\n|\n|-weather|SunnyDay|[upkeep]\n|-damage|p1a: Heliolisk|88\/100|[from] ability: Solar Power|[of] p1a: Heliolisk\n|-damage|p1a: Heliolisk|76\/100|[from] Leech Seed|[of] p2a: Pretty princess\n|-heal|p2a: Pretty princess|100\/100 brn|[silent]\n|-damage|p2a: Pretty princess|94\/100 brn|[from] brn\n|upkeep\n|turn|12\n|\n|t:|1700449179\n|move|p1a: Heliolisk|Discharge|p2a: Pretty princess\n|-damage|p2a: Pretty princess|46\/100 brn\n|move|p2a: Pretty princess|Knock Off|p1a: Heliolisk\n|-damage|p1a: Heliolisk|51\/100\n|-enditem|p1a: Heliolisk|Assault Vest|[from] move: Knock Off|[of] p2a: Pretty princess\n|\n|-weather|SunnyDay|[upkeep]\n|-damage|p1a: Heliolisk|39\/100|[from] ability: Solar Power|[of] p1a: Heliolisk\n|-damage|p1a: Heliolisk|27\/100|[from] Leech Seed|[of] p2a: Pretty princess\n|-heal|p2a: Pretty princess|58\/100 brn|[silent]\n|-damage|p2a: Pretty princess|51\/100 brn|[from] brn\n|upkeep\n|turn|13\n|\n|t:|1700449196\n|move|p1a: Heliolisk|Discharge|p2a: Pretty princess\n|-damage|p2a: Pretty princess|6\/100 brn\n|move|p2a: Pretty princess|Knock Off|p1a: Heliolisk\n|-damage|p1a: Heliolisk|11\/100\n|\n|-weather|SunnyDay|[upkeep]\n|-damage|p1a: Heliolisk|0 fnt|[from] ability: Solar Power|[of] p1a: Heliolisk\n|faint|p1a: Heliolisk\n|-damage|p2a: Pretty princess|0 fnt|[from] brn\n|faint|p2a: Pretty princess\n|upkeep\n|\n|t:|1700449207\n|switch|p1a: Moltres|Moltres, tera:Fire|100\/100\n|switch|p2a: Tornadus|Tornadus-Therian, M|75\/100\n|-ability|p1a: Moltres|Pressure\n|turn|14\n|\n|t:|1700449211\n|move|p1a: Moltres|Burn Up|p2a: Tornadus\n|-damage|p2a: Tornadus|0 fnt\n|-start|p1a: Moltres|typechange|Fire|[from] move: Burn Up\n|faint|p2a: Tornadus\n|\n|win|Shade Tatsu\n|raw|Shade Tatsu's rating: 1191 &rarr; <strong>1207<\/strong><br \/>(+16 for winning)\n|raw|Coolranchdorritoss's rating: 1064 &rarr; <strong>1051<\/strong><br \/>(-13 for losing)\n|l|\u2606Coolranchdorritoss\n","uploadtime":1700449218,"views":9,"p1id":"shadetatsu","p2id":"coolranchdorritoss","formatid":"gen9nationaldex","rating":1051,"private":0,"password":""}