{"id":"gen9nationaldex-1994330599","p1":"RaigatheWeeb","p2":"Tank Tests","format":"[Gen 9] National Dex","log":"|j|\u2606RaigatheWeeb\n|j|\u2606Tank Tests\n|t:|1700431851\n|gametype|singles\n|player|p1|RaigatheWeeb|sabrina-masters|1374\n|player|p2|Tank Tests|1|1279\n|teamsize|p1|6\n|teamsize|p2|6\n|gen|9\n|tier|[Gen 9] National Dex\n|rated|\n|rule|HP Percentage Mod: HP is shown in percentages\n|rule|Endless Battle Clause: Forcing endless battles is banned\n|rule|OHKO Clause: OHKO moves are banned\n|rule|Evasion Clause: Evasion abilities, items, and moves are banned\n|rule|Evasion Abilities Clause: Evasion abilities are banned\n|rule|Evasion Items Clause: Evasion items are banned\n|rule|Evasion Moves Clause: Evasion moves are banned\n|rule|Species Clause: Limit one of each Pok\u00e9mon\n|rule|Sleep Clause Mod: Limit one foe put to sleep\n|clearpoke\n|poke|p1|Samurott-Hisui, M|\n|poke|p1|Moltres|\n|poke|p1|Sceptile, F|\n|poke|p1|Excadrill, M|\n|poke|p1|Tapu Koko|\n|poke|p1|Glimmora, F|\n|poke|p2|Pawmot, F|\n|poke|p2|Rabsca, F|\n|poke|p2|Banette, F|\n|poke|p2|Victini|\n|poke|p2|Dragonite, F|\n|poke|p2|Forretress, F|\n|teampreview\n|c|\u2606RaigatheWeeb|gl\n|\n|t:|1700431867\n|start\n|switch|p1a: Samurott|Samurott-Hisui, M|100\/100\n|switch|p2a: Dragonite|Dragonite, F|100\/100\n|turn|1\n|\n|t:|1700431880\n|move|p1a: Samurott|Ceaseless Edge|p2a: Dragonite\n|-damage|p2a: Dragonite|74\/100\n|-sidestart|p2: Tank Tests|Spikes\n|move|p2a: Dragonite|Earthquake|p1a: Samurott\n|-damage|p1a: Samurott|52\/100\n|\n|upkeep\n|turn|2\n|\n|t:|1700431886\n|-terastallize|p2a: Dragonite|Normal\n|move|p2a: Dragonite|Extreme Speed|p1a: Samurott\n|-damage|p1a: Samurott|0 fnt\n|faint|p1a: Samurott\n|\n|upkeep\n|\n|t:|1700431892\n|switch|p1a: Glimmora|Glimmora, F|100\/100\n|turn|3\n|\n|t:|1700431896\n|move|p1a: Glimmora|Stealth Rock|p2a: Dragonite\n|-sidestart|p2: Tank Tests|move: Stealth Rock\n|move|p2a: Dragonite|Earthquake|p1a: Glimmora\n|-supereffective|p1a: Glimmora\n|-enditem|p1a: Glimmora|Focus Sash\n|-damage|p1a: Glimmora|1\/100\n|-activate|p1a: Glimmora|ability: Toxic Debris\n|-sidestart|p2: Tank Tests|move: Toxic Spikes\n|\n|upkeep\n|turn|4\n|\n|t:|1700431907\n|move|p1a: Glimmora|Power Gem|p2a: Dragonite\n|-damage|p2a: Dragonite|40\/100\n|move|p2a: Dragonite|Dragon Dance|p2a: Dragonite\n|-boost|p2a: Dragonite|atk|1\n|-boost|p2a: Dragonite|spe|1\n|\n|upkeep\n|turn|5\n|\n|t:|1700431913\n|move|p2a: Dragonite|Extreme Speed|p1a: Glimmora\n|-resisted|p1a: Glimmora\n|-crit|p1a: Glimmora\n|-damage|p1a: Glimmora|0 fnt\n|-activate|p1a: Glimmora|ability: Toxic Debris\n|-sidestart|p2: Tank Tests|move: Toxic Spikes\n|faint|p1a: Glimmora\n|\n|upkeep\n|\n|t:|1700431923\n|switch|p1a: Moltres|Moltres|100\/100\n|turn|6\n|\n|t:|1700431926\n|move|p2a: Dragonite|Extreme Speed|p1a: Moltres\n|-damage|p1a: Moltres|44\/100\n|move|p1a: Moltres|Mystical Fire|p2a: Dragonite\n|-damage|p2a: Dragonite|5\/100\n|-unboost|p2a: Dragonite|spa|1\n|\n|upkeep\n|turn|7\n|\n|t:|1700431940\n|move|p2a: Dragonite|Extreme Speed|p1a: Moltres\n|-damage|p1a: Moltres|0 fnt\n|faint|p1a: Moltres\n|\n|upkeep\n|\n|t:|1700431949\n|switch|p1a: Tapu Koko|Tapu Koko|100\/100\n|-fieldstart|move: Electric Terrain|[from] ability: Electric Surge|[of] p1a: Tapu Koko\n|turn|8\n|\n|t:|1700431953\n|move|p2a: Dragonite|Extreme Speed|p1a: Tapu Koko\n|-damage|p1a: Tapu Koko|5\/100\n|move|p1a: Tapu Koko|U-turn|p2a: Dragonite\n|-damage|p2a: Dragonite|0 fnt\n|faint|p2a: Dragonite\n|\n|t:|1700431963\n|switch|p1a: Excadrill|Excadrill, M|100\/100|[from] U-turn\n|-ability|p1a: Excadrill|Mold Breaker\n|\n|upkeep\n|\n|t:|1700431965\n|switch|p2a: Forretress|Forretress, F|100\/100\n|turn|9\n|\n|t:|1700431971\n|move|p1a: Excadrill|Drill Run|p2a: Forretress\n|-crit|p2a: Forretress\n|-damage|p2a: Forretress|56\/100\n|move|p2a: Forretress|Rapid Spin|p1a: Excadrill\n|-resisted|p1a: Excadrill\n|-damage|p1a: Excadrill|92\/100\n|-boost|p2a: Forretress|spe|1\n|-sideend|p2: Tank Tests|Spikes|[from] move: Rapid Spin|[of] p2a: Forretress\n|-sideend|p2: Tank Tests|Toxic Spikes|[from] move: Rapid Spin|[of] p2a: Forretress\n|-sideend|p2: Tank Tests|Stealth Rock|[from] move: Rapid Spin|[of] p2a: Forretress\n|\n|upkeep\n|turn|10\n|-message|RaigatheWeeb forfeited.\n|\n|win|Tank Tests\n|raw|RaigatheWeeb's rating: 1374 &rarr; <strong>1349<\/strong><br \/>(-25 for losing)\n|raw|Tank Tests's rating: 1279 &rarr; <strong>1311<\/strong><br \/>(+32 for winning)\n|l|\u2606RaigatheWeeb\n","uploadtime":1700431981,"views":14,"p1id":"raigatheweeb","p2id":"tanktests","formatid":"gen9nationaldex","rating":1311,"private":0,"password":""}