{"id":"gen9nationaldex-1999911047","p1":"kkemulomozx","p2":"OrangePeel36","format":"[Gen 9] National Dex","log":"|html|<div class=\"broadcast-blue\"><strong>[Gen 9] National Dex is currently suspecting Sneasler! For information on how to participate check out the <a href=\"https:\/\/www.smogon.com\/forums\/threads\/sv-national-dex-suspect-8-just-dance.3731534\/\">suspect thread<\/a>.<\/strong><\/div>\n|j|\u2606kkemulomozx\n|j|\u2606OrangePeel36\n|t:|1701129110\n|gametype|singles\n|player|p1|kkemulomozx|veteran|1000\n|player|p2|OrangePeel36|265|1082\n|teamsize|p1|6\n|teamsize|p2|6\n|gen|9\n|tier|[Gen 9] National Dex\n|rated|\n|rule|HP Percentage Mod: HP is shown in percentages\n|rule|Endless Battle Clause: Forcing endless battles is banned\n|rule|OHKO Clause: OHKO moves are banned\n|rule|Evasion Clause: Evasion abilities, items, and moves are banned\n|rule|Evasion Abilities Clause: Evasion abilities are banned\n|rule|Evasion Items Clause: Evasion items are banned\n|rule|Evasion Moves Clause: Evasion moves are banned\n|rule|Species Clause: Limit one of each Pok\u00e9mon\n|rule|Sleep Clause Mod: Limit one foe put to sleep\n|clearpoke\n|poke|p1|Kartana|\n|poke|p1|Hoopa-Unbound|\n|poke|p1|Pyukumuku, M|\n|poke|p1|Beedrill, F|\n|poke|p1|Smeargle, F|\n|poke|p1|Victini|\n|poke|p2|Swampert, F|\n|poke|p2|Pelipper, M|\n|poke|p2|Glimmora, F|\n|poke|p2|Greninja-*, M|\n|poke|p2|Volcarona, M|\n|poke|p2|Rillaboom, F|\n|teampreview\n|\n|t:|1701129134\n|start\n|switch|p1a: Smeargle|Smeargle, F|100\/100\n|switch|p2a: Glimmora|Glimmora, F|100\/100\n|-item|p2a: Glimmora|Air Balloon\n|turn|1\n|\n|t:|1701129144\n|move|p2a: Glimmora|Stealth Rock|p1a: Smeargle\n|-sidestart|p1: kkemulomozx|move: Stealth Rock\n|move|p1a: Smeargle|Spore|p2a: Glimmora\n|-status|p2a: Glimmora|slp|[from] move: Spore\n|\n|upkeep\n|turn|2\n|\n|t:|1701129172\n|switch|p2a: Greninja|Greninja, M|100\/100\n|move|p1a: Smeargle|Sticky Web|p2a: Greninja\n|-sidestart|p2: OrangePeel36|move: Sticky Web\n|\n|upkeep\n|turn|3\n|\n|t:|1701129192\n|move|p2a: Greninja|Surf|p1a: Smeargle\n|-enditem|p1a: Smeargle|Focus Sash\n|-damage|p1a: Smeargle|1\/100\n|move|p1a: Smeargle|Destiny Bond|p1a: Smeargle\n|-singlemove|p1a: Smeargle|Destiny Bond\n|\n|upkeep\n|turn|4\n|\n|t:|1701129211\n|switch|p2a: Glimmora|Glimmora, F|100\/100 slp\n|-item|p2a: Glimmora|Air Balloon\n|move|p1a: Smeargle|Ceaseless Edge|p2a: Glimmora\n|-damage|p2a: Glimmora|95\/100 slp\n|-activate|p2a: Glimmora|ability: Toxic Debris\n|-sidestart|p1: kkemulomozx|move: Toxic Spikes\n|-enditem|p2a: Glimmora|Air Balloon\n|-sidestart|p2: OrangePeel36|Spikes\n|\n|upkeep\n|turn|5\n|\n|t:|1701129226\n|switch|p1a: \u5c0f\u98de\u866b|Beedrill, F|100\/100\n|-damage|p1a: \u5c0f\u98de\u866b|76\/100|[from] Stealth Rock\n|-sideend|p1: kkemulomozx|move: Toxic Spikes|[of] p1a: \u5c0f\u98de\u866b\n|cant|p2a: Glimmora|slp\n|\n|upkeep\n|turn|6\n|\n|t:|1701129233\n|detailschange|p1a: \u5c0f\u98de\u866b|Beedrill-Mega, F\n|-mega|p1a: \u5c0f\u98de\u866b|Beedrill|Beedrillite\n|move|p1a: \u5c0f\u98de\u866b|Drill Run|p2a: Glimmora\n|-supereffective|p2a: Glimmora\n|-damage|p2a: Glimmora|0 fnt\n|-activate|p2a: Glimmora|ability: Toxic Debris\n|-sidestart|p1: kkemulomozx|move: Toxic Spikes\n|faint|p2a: Glimmora\n|\n|upkeep\n|\n|t:|1701129250\n|switch|p2a: Pelipper|Pelipper, M|100\/100\n|-weather|RainDance|[from] ability: Drizzle|[of] p2a: Pelipper\n|turn|7\n|\n|t:|1701129260\n|move|p1a: \u5c0f\u98de\u866b|Poison Jab|p2a: Pelipper\n|-damage|p2a: Pelipper|40\/100\n|-enditem|p2a: Pelipper|Eject Button\n|\n|t:|1701129270\n|switch|p2a: Swampert|Swampert, F, shiny|100\/100\n|-activate|p2a: Swampert|move: Sticky Web\n|-unboost|p2a: Swampert|spe|1\n|-damage|p2a: Swampert|88\/100|[from] Spikes\n|\n|-weather|RainDance|[upkeep]\n|upkeep\n|turn|8\n|\n|t:|1701129282\n|switch|p1a: Kartana|Kartana|100\/100\n|detailschange|p2a: Swampert|Swampert-Mega, F, shiny\n|-mega|p2a: Swampert|Swampert|Swampertite\n|move|p2a: Swampert|Ice Punch|p1a: Kartana\n|-damage|p1a: Kartana|68\/100\n|-status|p1a: Kartana|frz\n|\n|-weather|RainDance|[upkeep]\n|upkeep\n|turn|9\n|\n|t:|1701129297\n|cant|p1a: Kartana|frz\n|move|p2a: Swampert|Earthquake|p1a: Kartana\n|-damage|p1a: Kartana|0 fnt\n|faint|p1a: Kartana\n|\n|-weather|RainDance|[upkeep]\n|upkeep\n|\n|t:|1701129306\n|switch|p1a: \u5c0f\u98de\u866b|Beedrill-Mega, F|76\/100\n|-damage|p1a: \u5c0f\u98de\u866b|51\/100|[from] Stealth Rock\n|-sideend|p1: kkemulomozx|move: Toxic Spikes|[of] p1a: \u5c0f\u98de\u866b\n|turn|10\n|\n|t:|1701129312\n|move|p1a: \u5c0f\u98de\u866b|Poison Jab|p2a: Swampert\n|-resisted|p2a: Swampert\n|-damage|p2a: Swampert|65\/100\n|-status|p2a: Swampert|psn\n|move|p2a: Swampert|Ice Punch|p1a: \u5c0f\u98de\u866b\n|-damage|p1a: \u5c0f\u98de\u866b|0 fnt\n|faint|p1a: \u5c0f\u98de\u866b\n|\n|-weather|RainDance|[upkeep]\n|-damage|p2a: Swampert|52\/100 psn|[from] psn\n|upkeep\n|\n|t:|1701129329\n|switch|p1a: \u6211\u662f\u6cd5\u4f24|Hoopa-Unbound|100\/100\n|-damage|p1a: \u6211\u662f\u6cd5\u4f24|88\/100|[from] Stealth Rock\n|turn|11\n|\n|t:|1701129337\n|move|p1a: \u6211\u662f\u6cd5\u4f24|Hyperspace Fury|p2a: Swampert\n|-damage|p2a: Swampert|0 fnt\n|-unboost|p1a: \u6211\u662f\u6cd5\u4f24|def|1\n|faint|p2a: Swampert\n|\n|-weather|none\n|upkeep\n|\n|t:|1701129346\n|switch|p2a: Rillaboom|Rillaboom, F|100\/100\n|-activate|p2a: Rillaboom|move: Sticky Web\n|-unboost|p2a: Rillaboom|spe|1\n|-damage|p2a: Rillaboom|88\/100|[from] Spikes\n|-fieldstart|move: Grassy Terrain|[from] ability: Grassy Surge|[of] p2a: Rillaboom\n|turn|12\n|\n|t:|1701129359\n|-terastallize|p1a: \u6211\u662f\u6cd5\u4f24|Dark\n|move|p1a: \u6211\u662f\u6cd5\u4f24|Hyperspace Fury|p2a: Rillaboom\n|-damage|p2a: Rillaboom|0 fnt\n|-unboost|p1a: \u6211\u662f\u6cd5\u4f24|def|1\n|faint|p2a: Rillaboom\n|\n|-heal|p1a: \u6211\u662f\u6cd5\u4f24|94\/100|[from] Grassy Terrain\n|upkeep\n|\n|t:|1701129374\n|switch|p2a: Volcarona|Volcarona, M, shiny|100\/100\n|turn|13\n|\n|t:|1701129383\n|switch|p1a: Smeargle|Smeargle, F|1\/100\n|-damage|p1a: Smeargle|0 fnt|[from] Stealth Rock\n|faint|p1a: Smeargle\n|move|p2a: Volcarona|U-turn|p1: Smeargle|[notarget]\n|-fail|p2a: Volcarona\n|\n|upkeep\n|\n|t:|1701129394\n|switch|p1a: \u6ca1\u5403\u996d\u5417\uff1f|Pyukumuku, M|100\/100\n|-damage|p1a: \u6ca1\u5403\u996d\u5417\uff1f|88\/100|[from] Stealth Rock\n|turn|14\n|\n|t:|1701129401\n|switch|p2a: Pelipper|Pelipper, M|40\/100\n|-weather|RainDance|[from] ability: Drizzle|[of] p2a: Pelipper\n|move|p1a: \u6ca1\u5403\u996d\u5417\uff1f|Toxic|p2a: Pelipper\n|-status|p2a: Pelipper|tox\n|\n|-weather|RainDance|[upkeep]\n|-heal|p1a: \u6ca1\u5403\u996d\u5417\uff1f|94\/100|[from] Grassy Terrain\n|-heal|p1a: \u6ca1\u5403\u996d\u5417\uff1f|99\/100|[from] item: Leftovers\n|-damage|p2a: Pelipper|34\/100 tox|[from] psn\n|upkeep\n|turn|15\n|\n|t:|1701129415\n|move|p1a: \u6ca1\u5403\u996d\u5417\uff1f|Protect|p1a: \u6ca1\u5403\u996d\u5417\uff1f\n|-singleturn|p1a: \u6ca1\u5403\u996d\u5417\uff1f|Protect\n|move|p2a: Pelipper|Tailwind|p2a: Pelipper\n|-sidestart|p2: OrangePeel36|move: Tailwind\n|\n|-weather|RainDance|[upkeep]\n|-heal|p1a: \u6ca1\u5403\u996d\u5417\uff1f|100\/100|[from] Grassy Terrain\n|-damage|p2a: Pelipper|22\/100 tox|[from] psn\n|upkeep\n|turn|16\n|\n|t:|1701129427\n|switch|p2a: Greninja|Greninja, M|100\/100\n|-activate|p2a: Greninja|move: Sticky Web\n|-unboost|p2a: Greninja|spe|1\n|-damage|p2a: Greninja|88\/100|[from] Spikes\n|move|p1a: \u6ca1\u5403\u996d\u5417\uff1f|Toxic|p2a: Greninja\n|-status|p2a: Greninja|tox\n|\n|-weather|RainDance|[upkeep]\n|-heal|p2a: Greninja|94\/100 tox|[from] Grassy Terrain\n|-damage|p2a: Greninja|88\/100 tox|[from] psn\n|-fieldend|move: Grassy Terrain\n|upkeep\n|turn|17\n|\n|t:|1701129452\n|move|p1a: \u6ca1\u5403\u996d\u5417\uff1f|Protect|p1a: \u6ca1\u5403\u996d\u5417\uff1f\n|-singleturn|p1a: \u6ca1\u5403\u996d\u5417\uff1f|Protect\n|move|p2a: Greninja|Surf|p1a: \u6ca1\u5403\u996d\u5417\uff1f\n|-activate|p1a: \u6ca1\u5403\u996d\u5417\uff1f|move: Protect\n|\n|-weather|RainDance|[upkeep]\n|-damage|p2a: Greninja|76\/100 tox|[from] psn\n|upkeep\n|turn|18\n|\n|t:|1701129468\n|move|p2a: Greninja|Surf|p1a: \u6ca1\u5403\u996d\u5417\uff1f\n|-resisted|p1a: \u6ca1\u5403\u996d\u5417\uff1f\n|-damage|p1a: \u6ca1\u5403\u996d\u5417\uff1f|76\/100\n|move|p1a: \u6ca1\u5403\u996d\u5417\uff1f|Recover|p1a: \u6ca1\u5403\u996d\u5417\uff1f\n|-heal|p1a: \u6ca1\u5403\u996d\u5417\uff1f|100\/100\n|\n|-weather|none\n|-damage|p2a: Greninja|58\/100 tox|[from] psn\n|-sideend|p2: OrangePeel36|move: Tailwind\n|upkeep\n|turn|19\n|\n|t:|1701129477\n|switch|p2a: Volcarona|Volcarona, M, shiny|100\/100\n|move|p1a: \u6ca1\u5403\u996d\u5417\uff1f|Protect||[still]\n|-fail|p1a: \u6ca1\u5403\u996d\u5417\uff1f\n|\n|upkeep\n|turn|20\n|\n|t:|1701129484\n|-terastallize|p2a: Volcarona|Bug\n|move|p2a: Volcarona|Quiver Dance|p2a: Volcarona\n|-boost|p2a: Volcarona|spa|1\n|-boost|p2a: Volcarona|spd|1\n|-boost|p2a: Volcarona|spe|1\n|move|p1a: \u6ca1\u5403\u996d\u5417\uff1f|Toxic|p2a: Volcarona\n|-status|p2a: Volcarona|tox\n|\n|-damage|p2a: Volcarona|94\/100 tox|[from] psn\n|upkeep\n|turn|21\n|\n|t:|1701129496\n|move|p2a: Volcarona|Quiver Dance|p2a: Volcarona\n|-boost|p2a: Volcarona|spa|1\n|-boost|p2a: Volcarona|spd|1\n|-boost|p2a: Volcarona|spe|1\n|move|p1a: \u6ca1\u5403\u996d\u5417\uff1f|Soak|p2a: Volcarona\n|-fail|p2a: Volcarona\n|\n|-damage|p2a: Volcarona|82\/100 tox|[from] psn\n|upkeep\n|turn|22\n|\n|t:|1701129509\n|move|p2a: Volcarona|Quiver Dance|p2a: Volcarona\n|-boost|p2a: Volcarona|spa|1\n|-boost|p2a: Volcarona|spd|1\n|-boost|p2a: Volcarona|spe|1\n|move|p1a: \u6ca1\u5403\u996d\u5417\uff1f|Recover||[still]\n|-fail|p1a: \u6ca1\u5403\u996d\u5417\uff1f|heal\n|\n|-damage|p2a: Volcarona|64\/100 tox|[from] psn\n|upkeep\n|turn|23\n|\n|t:|1701129522\n|move|p2a: Volcarona|Bug Buzz|p1a: \u6ca1\u5403\u996d\u5417\uff1f\n|-damage|p1a: \u6ca1\u5403\u996d\u5417\uff1f|0 fnt\n|-damage|p2a: Volcarona|0 fnt|[from] ability: Innards Out|[of] p1a: \u6ca1\u5403\u996d\u5417\uff1f\n|faint|p1a: \u6ca1\u5403\u996d\u5417\uff1f\n|faint|p2a: Volcarona\n|\n|upkeep\n|\n|t:|1701129534\n|switch|p2a: Pelipper|Pelipper, M|22\/100 tox\n|switch|p1a: Victini|Victini|100\/100\n|-weather|RainDance|[from] ability: Drizzle|[of] p2a: Pelipper\n|turn|24\n|\n|t:|1701129544\n|move|p1a: Victini|Bolt Strike|p2a: Pelipper\n|-supereffective|p2a: Pelipper\n|-damage|p2a: Pelipper|0 fnt\n|faint|p2a: Pelipper\n|\n|-weather|RainDance|[upkeep]\n|upkeep\n|\n|t:|1701129547\n|switch|p2a: Greninja|Greninja, M|58\/100 tox\n|-activate|p2a: Greninja|move: Sticky Web\n|-unboost|p2a: Greninja|spe|1\n|-damage|p2a: Greninja|46\/100 tox|[from] Spikes\n|turn|25\n|\n|t:|1701129557\n|move|p2a: Greninja|Surf|p1a: Victini\n|-supereffective|p1a: Victini\n|-damage|p1a: Victini|0 fnt\n|faint|p1a: Victini\n|-ability|p2a: Greninja|Battle Bond|boost\n|-boost|p2a: Greninja|atk|1\n|-boost|p2a: Greninja|spa|1\n|-boost|p2a: Greninja|spe|1\n|-activate|p2a: Greninja|ability: Battle Bond\n|\n|-weather|RainDance|[upkeep]\n|-damage|p2a: Greninja|40\/100 tox|[from] psn\n|upkeep\n|\n|t:|1701129568\n|switch|p1a: \u6211\u662f\u6cd5\u4f24|Hoopa-Unbound, tera:Dark|94\/100\n|-damage|p1a: \u6211\u662f\u6cd5\u4f24|82\/100|[from] Stealth Rock\n|turn|26\n|\n|t:|1701129573\n|move|p2a: Greninja|Surf|p1a: \u6211\u662f\u6cd5\u4f24\n|-damage|p1a: \u6211\u662f\u6cd5\u4f24|0 fnt\n|faint|p1a: \u6211\u662f\u6cd5\u4f24\n|\n|win|OrangePeel36\n|raw|kkemulomozx's rating: 1000 &rarr; <strong>1000<\/strong><br \/>(+0 for losing)\n|raw|OrangePeel36's rating: 1082 &rarr; <strong>1103<\/strong><br \/>(+21 for winning)\n|c|\u2606OrangePeel36|gg\n|l|\u2606kkemulomozx\n","uploadtime":1701129596,"views":9,"p1id":"kkemulomozx","p2id":"orangepeel36","formatid":"gen9nationaldex","rating":1000,"private":0,"password":""}