{"id":"gen9nationaldex-1992272625","p1":"Bradicalguy","p2":"EeveeTeen22","format":"[Gen 9] National Dex","log":"|j|\u2606Bradicalguy\n|j|\u2606EeveeTeen22\n|t:|1700169732\n|gametype|singles\n|player|p1|Bradicalguy|170|\n|player|p2|EeveeTeen22|iris-gen5bw2|\n|teamsize|p1|6\n|teamsize|p2|6\n|gen|9\n|tier|[Gen 9] National Dex\n|rule|HP Percentage Mod: HP is shown in percentages\n|rule|Endless Battle Clause: Forcing endless battles is banned\n|rule|OHKO Clause: OHKO moves are banned\n|rule|Evasion Clause: Evasion abilities, items, and moves are banned\n|rule|Evasion Abilities Clause: Evasion abilities are banned\n|rule|Evasion Items Clause: Evasion items are banned\n|rule|Evasion Moves Clause: Evasion moves are banned\n|rule|Species Clause: Limit one of each Pok\u00e9mon\n|rule|Sleep Clause Mod: Limit one foe put to sleep\n|clearpoke\n|poke|p1|Gliscor, F|\n|poke|p1|Primarina, M|\n|poke|p1|Hatterene, F|\n|poke|p1|Tornadus-Therian, M|\n|poke|p1|Scizor, M|\n|poke|p1|Ceruledge, F|\n|poke|p2|Pelipper, M|\n|poke|p2|Basculegion-F, F|\n|poke|p2|Goodra-Hisui, F|\n|poke|p2|Sylveon, M|\n|poke|p2|Armarouge, M|\n|poke|p2|Ogerpon, F|\n|teampreview\n|c|\u2606Bradicalguy|glhf\n|c|\u2606EeveeTeen22|glhf\n|\n|t:|1700169745\n|start\n|switch|p1a: Gliscor|Gliscor, F|100\/100\n|switch|p2a: ShadyP|Pelipper, M|100\/100\n|-weather|RainDance|[from] ability: Drizzle|[of] p2a: ShadyP\n|turn|1\n|\n|t:|1700169754\n|move|p1a: Gliscor|Stealth Rock|p2a: ShadyP\n|-sidestart|p2: EeveeTeen22|move: Stealth Rock\n|move|p2a: ShadyP|Ice Beam|p1a: Gliscor\n|-supereffective|p1a: Gliscor\n|-damage|p1a: Gliscor|14\/100\n|\n|-weather|RainDance|[upkeep]\n|-status|p1a: Gliscor|tox|[from] item: Toxic Orb\n|upkeep\n|turn|2\n|\n|t:|1700169765\n|move|p1a: Gliscor|Roost|p1a: Gliscor\n|-heal|p1a: Gliscor|64\/100 tox\n|-singleturn|p1a: Gliscor|move: Roost\n|move|p2a: ShadyP|Hurricane|p1a: Gliscor\n|-damage|p1a: Gliscor|20\/100 tox\n|\n|-weather|RainDance|[upkeep]\n|-heal|p1a: Gliscor|32\/100 tox|[from] ability: Poison Heal\n|upkeep\n|turn|3\n|\n|t:|1700169774\n|move|p1a: Gliscor|Roost|p1a: Gliscor\n|-heal|p1a: Gliscor|82\/100 tox\n|-singleturn|p1a: Gliscor|move: Roost\n|move|p2a: ShadyP|Ice Beam|p1a: Gliscor\n|-supereffective|p1a: Gliscor\n|-damage|p1a: Gliscor|41\/100 tox\n|\n|-weather|RainDance|[upkeep]\n|-heal|p1a: Gliscor|53\/100 tox|[from] ability: Poison Heal\n|upkeep\n|turn|4\n|\n|t:|1700169784\n|move|p1a: Gliscor|Knock Off|p2a: ShadyP\n|-damage|p2a: ShadyP|77\/100\n|-enditem|p2a: ShadyP|Damp Rock|[from] move: Knock Off|[of] p1a: Gliscor\n|move|p2a: ShadyP|Hurricane|p1a: Gliscor\n|-damage|p1a: Gliscor|16\/100 tox\n|-start|p1a: Gliscor|confusion\n|\n|-weather|RainDance|[upkeep]\n|-heal|p1a: Gliscor|28\/100 tox|[from] ability: Poison Heal\n|upkeep\n|turn|5\n|\n|t:|1700169796\n|-activate|p1a: Gliscor|confusion\n|-damage|p1a: Gliscor|22\/100 tox|[from] confusion\n|move|p2a: ShadyP|Scald|p1a: Gliscor\n|-supereffective|p1a: Gliscor\n|-damage|p1a: Gliscor|0 fnt\n|faint|p1a: Gliscor\n|\n|-weather|RainDance|[upkeep]\n|upkeep\n|\n|t:|1700169806\n|switch|p1a: Tornadus|Tornadus-Therian, M|100\/100\n|turn|6\n|\n|t:|1700169811\n|move|p1a: Tornadus|Hurricane|p2a: ShadyP\n|-damage|p2a: ShadyP|12\/100\n|-start|p2a: ShadyP|confusion\n|-activate|p2a: ShadyP|confusion\n|move|p2a: ShadyP|Ice Beam|p1a: Tornadus\n|-supereffective|p1a: Tornadus\n|-damage|p1a: Tornadus|42\/100\n|\n|-weather|RainDance|[upkeep]\n|upkeep\n|turn|7\n|\n|t:|1700169819\n|move|p1a: Tornadus|Hurricane|p2a: ShadyP\n|-damage|p2a: ShadyP|0 fnt\n|faint|p2a: ShadyP\n|\n|-weather|RainDance|[upkeep]\n|upkeep\n|\n|t:|1700169831\n|switch|p2a: Gumdrop|Goodra-Hisui, F|100\/100\n|-damage|p2a: Gumdrop|94\/100|[from] Stealth Rock\n|turn|8\n|\n|t:|1700169837\n|move|p1a: Tornadus|Knock Off|p2a: Gumdrop\n|-damage|p2a: Gumdrop|77\/100\n|-enditem|p2a: Gumdrop|Life Orb|[from] move: Knock Off|[of] p1a: Tornadus\n|move|p2a: Gumdrop|Iron Head|p1a: Tornadus\n|-damage|p1a: Tornadus|2\/100\n|\n|-weather|none\n|upkeep\n|turn|9\n|\n|t:|1700169845\n|move|p1a: Tornadus|U-turn|p2a: Gumdrop\n|-resisted|p2a: Gumdrop\n|-damage|p2a: Gumdrop|70\/100\n|\n|t:|1700169855\n|switch|p1a: Ceruledge|Ceruledge, F|100\/100|[from] U-turn\n|move|p2a: Gumdrop|Dragon Tail|p1a: Ceruledge\n|-damage|p1a: Ceruledge|67\/100\n|drag|p1a: Primarina|Primarina, M|100\/100\n|\n|upkeep\n|turn|10\n|\n|t:|1700169863\n|move|p2a: Gumdrop|Iron Head|p1a: Primarina\n|-damage|p1a: Primarina|57\/100\n|move|p1a: Primarina|Moonblast|p2a: Gumdrop\n|-damage|p2a: Gumdrop|30\/100\n|\n|upkeep\n|turn|11\n|\n|t:|1700169872\n|switch|p2a: Oni|Ogerpon, F|100\/100\n|move|p1a: Primarina|Moonblast|p2a: Oni\n|-damage|p2a: Oni|37\/100\n|-unboost|p2a: Oni|spa|1\n|-ability|p2a: Oni|Defiant|boost\n|-boost|p2a: Oni|atk|2\n|\n|upkeep\n|turn|12\n|\n|t:|1700169883\n|switch|p1a: Scizor|Scizor, M|100\/100\n|move|p2a: Oni|Spiky Shield||[still]\n|-fail|p2a: Oni\n|\n|upkeep\n|turn|13\n|\n|t:|1700169892\n|switch|p2a: Raven|Armarouge, M|100\/100\n|-damage|p2a: Raven|76\/100|[from] Stealth Rock\n|detailschange|p1a: Scizor|Scizor-Mega, M\n|-mega|p1a: Scizor|Scizor|Scizorite\n|move|p1a: Scizor|Bullet Punch|p2a: Raven\n|-resisted|p2a: Raven\n|-damage|p2a: Raven|58\/100\n|\n|upkeep\n|turn|14\n|\n|t:|1700169906\n|switch|p1a: Ceruledge|Ceruledge, F|67\/100\n|move|p2a: Raven|Fire Blast|p1a: Ceruledge\n|-start|p1a: Ceruledge|ability: Flash Fire\n|\n|upkeep\n|turn|15\n|\n|t:|1700169916\n|switch|p2a: Artemis|Sylveon, M|100\/100\n|-damage|p2a: Artemis|88\/100|[from] Stealth Rock\n|move|p1a: Ceruledge|Poltergeist|p2a: Artemis\n|-activate|p2a: Artemis|move: Poltergeist|Leftovers\n|-damage|p2a: Artemis|15\/100\n|\n|-heal|p2a: Artemis|21\/100|[from] item: Leftovers\n|upkeep\n|turn|16\n|\n|t:|1700169929\n|move|p1a: Ceruledge|Shadow Sneak|p2a: Artemis\n|-damage|p2a: Artemis|0 fnt\n|faint|p2a: Artemis\n|\n|upkeep\n|\n|t:|1700169939\n|switch|p2a: Feesh|Basculegion-F, F|100\/100\n|-damage|p2a: Feesh|88\/100|[from] Stealth Rock\n|-ability|p2a: Feesh|Mold Breaker\n|turn|17\n|\n|t:|1700169946\n|move|p1a: Ceruledge|Shadow Sneak|p2a: Feesh\n|-supereffective|p2a: Feesh\n|-damage|p2a: Feesh|30\/100\n|move|p2a: Feesh|Substitute|p2a: Feesh\n|-start|p2a: Feesh|Substitute\n|-damage|p2a: Feesh|5\/100\n|\n|upkeep\n|turn|18\n|\n|t:|1700169955\n|move|p2a: Feesh|Surf|p1a: Ceruledge\n|-supereffective|p1a: Ceruledge\n|-damage|p1a: Ceruledge|0 fnt\n|faint|p1a: Ceruledge\n|\n|upkeep\n|\n|t:|1700169960\n|switch|p1a: Scizor|Scizor-Mega, M|100\/100\n|turn|19\n|\n|t:|1700169972\n|move|p1a: Scizor|Dual Wingbeat|p2a: Feesh\n|-end|p2a: Feesh|Substitute\n|-damage|p2a: Feesh|0 fnt\n|faint|p2a: Feesh\n|-hitcount|p2: Feesh|2\n|\n|upkeep\n|\n|t:|1700169979\n|switch|p2a: Raven|Armarouge, M|58\/100\n|-damage|p2a: Raven|33\/100|[from] Stealth Rock\n|turn|20\n|\n|t:|1700169996\n|switch|p1a: Primarina|Primarina, M|57\/100\n|-terastallize|p2a: Raven|Psychic\n|move|p2a: Raven|Psychic|p1a: Primarina\n|-damage|p1a: Primarina|5\/100\n|\n|upkeep\n|turn|21\n|\n|t:|1700170010\n|move|p1a: Primarina|Aqua Jet|p2a: Raven\n|-damage|p2a: Raven|22\/100\n|move|p2a: Raven|Psychic|p1a: Primarina\n|-damage|p1a: Primarina|0 fnt\n|faint|p1a: Primarina\n|\n|upkeep\n|\n|t:|1700170017\n|switch|p1a: Hatterene|Hatterene, F|100\/100\n|turn|22\n|\n|t:|1700170027\n|move|p2a: Raven|Fire Blast|p1a: Hatterene\n|-damage|p1a: Hatterene|34\/100\n|move|p1a: Hatterene|Trick Room|p1a: Hatterene\n|-fieldstart|move: Trick Room|[of] p1a: Hatterene\n|\n|upkeep\n|turn|23\n|\n|t:|1700170038\n|move|p1a: Hatterene|Dazzling Gleam|p2a: Raven\n|-damage|p2a: Raven|0 fnt\n|faint|p2a: Raven\n|-damage|p1a: Hatterene|25\/100|[from] item: Life Orb\n|\n|upkeep\n|\n|t:|1700170043\n|switch|p2a: Oni|Ogerpon, F|37\/100\n|turn|24\n|\n|t:|1700170051\n|move|p2a: Oni|Spiky Shield|p2a: Oni\n|-singleturn|p2a: Oni|move: Protect\n|move|p1a: Hatterene|Psychic|p2a: Oni\n|-activate|p2a: Oni|move: Protect\n|\n|upkeep\n|turn|25\n|\n|t:|1700170062\n|move|p1a: Hatterene|Psychic|p2a: Oni\n|-damage|p2a: Oni|0 fnt\n|faint|p2a: Oni\n|-damage|p1a: Hatterene|15\/100|[from] item: Life Orb\n|\n|upkeep\n|\n|t:|1700170067\n|switch|p2a: Gumdrop|Goodra-Hisui, F|30\/100\n|-damage|p2a: Gumdrop|24\/100|[from] Stealth Rock\n|turn|26\n|\n|t:|1700170073\n|move|p1a: Hatterene|Dazzling Gleam|p2a: Gumdrop\n|-damage|p2a: Gumdrop|0 fnt\n|faint|p2a: Gumdrop\n|-damage|p1a: Hatterene|5\/100|[from] item: Life Orb\n|\n|win|Bradicalguy\n|c|\u2606Bradicalguy|ggwp\n|c|\u2606EeveeTeen22|gg\n","uploadtime":1700170085,"views":7,"p1id":"bradicalguy","p2id":"eeveeteen22","formatid":"gen9nationaldex","rating":0,"private":0,"password":""}