{"id":"gen9nationaldex-1997008110","p1":"ayanamicat","p2":"retereereeeree","format":"[Gen 9] National Dex","log":"|html|<div class=\"broadcast-blue\"><strong>[Gen 9] National Dex is currently suspecting Sneasler! For information on how to participate check out the <a href=\"https:\/\/www.smogon.com\/forums\/threads\/sv-national-dex-suspect-8-just-dance.3731534\/\">suspect thread<\/a>.<\/strong><\/div>\n|j|\u2606ayanamicat\n|j|\u2606retereereeeree\n|t:|1700755099\n|gametype|singles\n|player|p1|ayanamicat|rocketgruntf|1303\n|player|p2|retereereeeree|169|1304\n|teamsize|p1|6\n|teamsize|p2|6\n|gen|9\n|tier|[Gen 9] National Dex\n|rated|\n|rule|HP Percentage Mod: HP is shown in percentages\n|rule|Endless Battle Clause: Forcing endless battles is banned\n|rule|OHKO Clause: OHKO moves are banned\n|rule|Evasion Clause: Evasion abilities, items, and moves are banned\n|rule|Evasion Abilities Clause: Evasion abilities are banned\n|rule|Evasion Items Clause: Evasion items are banned\n|rule|Evasion Moves Clause: Evasion moves are banned\n|rule|Species Clause: Limit one of each Pok\u00e9mon\n|rule|Sleep Clause Mod: Limit one foe put to sleep\n|clearpoke\n|poke|p1|Tapu Lele|\n|poke|p1|Hoopa-Unbound|\n|poke|p1|Alomomola, F|\n|poke|p1|Toxapex, F|\n|poke|p1|Chansey, F|\n|poke|p1|Scizor, M|\n|poke|p2|Gyarados, F|\n|poke|p2|Sneasler, M|\n|poke|p2|Tapu Lele|\n|poke|p2|Tapu Koko|\n|poke|p2|Glimmora, M|\n|poke|p2|Hatterene, F|\n|teampreview\n|inactive|Battle timer is ON: inactive players will automatically lose when time's up. (requested by ayanamicat)\n|c|\u2606retereereeeree|gl\n|\n|t:|1700755113\n|start\n|switch|p1a: Toxapex|Toxapex, F|100\/100\n|switch|p2a: Glimmora|Glimmora, M|100\/100\n|turn|1\n|\n|t:|1700755121\n|move|p2a: Glimmora|Stealth Rock|p1a: Toxapex\n|-sidestart|p1: ayanamicat|move: Stealth Rock\n|move|p1a: Toxapex|Scald|p2a: Glimmora\n|-supereffective|p2a: Glimmora\n|-damage|p2a: Glimmora|58\/100\n|\n|upkeep\n|turn|2\n|\n|t:|1700755128\n|move|p2a: Glimmora|Spikes|p1a: Toxapex\n|-sidestart|p1: ayanamicat|Spikes\n|move|p1a: Toxapex|Knock Off|p2a: Glimmora\n|-damage|p2a: Glimmora|42\/100\n|-activate|p2a: Glimmora|ability: Toxic Debris\n|-sidestart|p1: ayanamicat|move: Toxic Spikes\n|-enditem|p2a: Glimmora|Focus Sash|[from] move: Knock Off|[of] p1a: Toxapex\n|\n|upkeep\n|turn|3\n|\n|t:|1700755136\n|switch|p1a: Scizor|Scizor, M|100\/100\n|-damage|p1a: Scizor|88\/100|[from] Stealth Rock\n|-damage|p1a: Scizor|76\/100|[from] Spikes\n|move|p2a: Glimmora|Spikes|p1a: Scizor\n|-sidestart|p1: ayanamicat|Spikes\n|\n|upkeep\n|turn|4\n|\n|t:|1700755144\n|detailschange|p1a: Scizor|Scizor-Mega, M\n|-mega|p1a: Scizor|Scizor|Scizorite\n|move|p2a: Glimmora|Spikes|p1a: Scizor\n|-sidestart|p1: ayanamicat|Spikes\n|move|p1a: Scizor|Defog|p2a: Glimmora\n|-unboost|p2a: Glimmora|evasion|1\n|-sideend|p1: ayanamicat|Spikes|[from] move: Defog|[of] p1a: Scizor\n|-sideend|p1: ayanamicat|Toxic Spikes|[from] move: Defog|[of] p1a: Scizor\n|-sideend|p1: ayanamicat|Stealth Rock|[from] move: Defog|[of] p1a: Scizor\n|\n|upkeep\n|turn|5\n|\n|t:|1700755152\n|move|p1a: Scizor|Bullet Punch|p2a: Glimmora\n|-supereffective|p2a: Glimmora\n|-damage|p2a: Glimmora|0 fnt\n|-activate|p2a: Glimmora|ability: Toxic Debris\n|-sidestart|p1: ayanamicat|move: Toxic Spikes\n|faint|p2a: Glimmora\n|\n|upkeep\n|\n|t:|1700755164\n|switch|p2a: Tapu Koko|Tapu Koko|100\/100\n|-fieldstart|move: Electric Terrain|[from] ability: Electric Surge|[of] p2a: Tapu Koko\n|turn|6\n|\n|t:|1700755169\n|move|p2a: Tapu Koko|Volt Switch|p1a: Scizor\n|-damage|p1a: Scizor|49\/100\n|\n|t:|1700755173\n|switch|p2a: Tapu Lele|Tapu Lele|100\/100|[from] Volt Switch\n|-fieldstart|move: Psychic Terrain|[from] ability: Psychic Surge|[of] p2a: Tapu Lele\n|move|p1a: Scizor|U-turn|p2a: Tapu Lele\n|-damage|p2a: Tapu Lele|48\/100\n|-enditem|p2a: Tapu Lele|Eject Button\n|\n|t:|1700755181\n|switch|p2a: Sneasler|Sneasler, M|100\/100\n|-enditem|p2a: Sneasler|Psychic Seed\n|-boost|p2a: Sneasler|spd|1|[from] item: Psychic Seed\n|\n|upkeep\n|turn|7\n|\n|t:|1700755191\n|switch|p1a: Toxapex|Toxapex, F|100\/100\n|-sideend|p1: ayanamicat|move: Toxic Spikes|[of] p1a: Toxapex\n|move|p2a: Sneasler|Swords Dance|p2a: Sneasler\n|-boost|p2a: Sneasler|atk|2\n|\n|upkeep\n|turn|8\n|\n|t:|1700755203\n|-terastallize|p2a: Sneasler|Flying\n|move|p2a: Sneasler|Acrobatics|p1a: Toxapex\n|-crit|p1a: Toxapex\n|-damage|p1a: Toxapex|0 fnt\n|faint|p1a: Toxapex\n|\n|upkeep\n|\n|t:|1700755220\n|switch|p1a: Scizor|Scizor-Mega, M|49\/100\n|turn|9\n|\n|t:|1700755225\n|move|p1a: Scizor|Bullet Punch|p2a: Sneasler\n|-hint|Psychic Terrain doesn't affect Pok\u00e9mon immune to Ground.\n|-damage|p2a: Sneasler|51\/100\n|move|p2a: Sneasler|Acrobatics|p1a: Scizor\n|-damage|p1a: Scizor|0 fnt\n|faint|p1a: Scizor\n|\n|upkeep\n|inactive|ayanamicat has 120 seconds left.\n|\n|t:|1700755256\n|switch|p1a: Alomomola|Alomomola, F|100\/100\n|turn|10\n|\n|t:|1700755261\n|move|p2a: Sneasler|Acrobatics|p1a: Alomomola\n|-damage|p1a: Alomomola|32\/100\n|move|p1a: Alomomola|Toxic|p2a: Sneasler\n|-status|p2a: Sneasler|tox\n|\n|-damage|p2a: Sneasler|45\/100 tox|[from] psn\n|-fieldend|move: Psychic Terrain\n|upkeep\n|turn|11\n|\n|t:|1700755269\n|move|p1a: Alomomola|Protect|p1a: Alomomola\n|-singleturn|p1a: Alomomola|Protect\n|move|p2a: Sneasler|Acrobatics|p1a: Alomomola\n|-activate|p1a: Alomomola|move: Protect\n|\n|-damage|p2a: Sneasler|33\/100 tox|[from] psn\n|upkeep\n|turn|12\n|\n|t:|1700755282\n|move|p2a: Sneasler|Acrobatics|p1a: Alomomola\n|-damage|p1a: Alomomola|0 fnt\n|faint|p1a: Alomomola\n|\n|-damage|p2a: Sneasler|15\/100 tox|[from] psn\n|upkeep\n|\n|t:|1700755294\n|switch|p1a: Chansey|Chansey, F|100\/100\n|turn|13\n|\n|t:|1700755305\n|-terastallize|p1a: Chansey|Ghost\n|move|p2a: Sneasler|Close Combat|p1a: Chansey\n|-immune|p1a: Chansey\n|move|p1a: Chansey|Stealth Rock|p2a: Sneasler\n|-sidestart|p2: retereereeeree|move: Stealth Rock\n|\n|-damage|p2a: Sneasler|0 fnt|[from] psn\n|faint|p2a: Sneasler\n|upkeep\n|\n|t:|1700755315\n|switch|p2a: Tapu Koko|Tapu Koko|100\/100\n|-damage|p2a: Tapu Koko|88\/100|[from] Stealth Rock\n|-fieldstart|move: Electric Terrain|[from] ability: Electric Surge|[of] p2a: Tapu Koko\n|turn|14\n|\n|t:|1700755322\n|move|p2a: Tapu Koko|Volt Switch|p1a: Chansey\n|-damage|p1a: Chansey|88\/100\n|\n|t:|1700755326\n|switch|p2a: Tapu Lele|Tapu Lele|48\/100|[from] Volt Switch\n|-damage|p2a: Tapu Lele|35\/100|[from] Stealth Rock\n|-fieldstart|move: Psychic Terrain|[from] ability: Psychic Surge|[of] p2a: Tapu Lele\n|move|p1a: Chansey|Toxic|p2a: Tapu Lele\n|-status|p2a: Tapu Lele|tox\n|\n|-damage|p2a: Tapu Lele|29\/100 tox|[from] psn\n|upkeep\n|turn|15\n|\n|t:|1700755337\n|move|p2a: Tapu Lele|Psychic|p1a: Chansey\n|-damage|p1a: Chansey|68\/100\n|-unboost|p1a: Chansey|spd|1\n|move|p1a: Chansey|Seismic Toss|p2a: Tapu Lele\n|-damage|p2a: Tapu Lele|0 fnt\n|faint|p2a: Tapu Lele\n|\n|upkeep\n|\n|t:|1700755346\n|switch|p2a: Hatterene|Hatterene, F|100\/100\n|-damage|p2a: Hatterene|88\/100|[from] Stealth Rock\n|turn|16\n|\n|t:|1700755357\n|switch|p1a: Hoopa|Hoopa-Unbound|100\/100\n|move|p2a: Hatterene|Calm Mind|p2a: Hatterene\n|-boost|p2a: Hatterene|spa|1\n|-boost|p2a: Hatterene|spd|1\n|\n|upkeep\n|turn|17\n|\n|t:|1700755366\n|move|p1a: Hoopa|Hyperspace Fury|p2a: Hatterene\n|-damage|p2a: Hatterene|0 fnt\n|-unboost|p1a: Hoopa|def|1\n|faint|p2a: Hatterene\n|\n|upkeep\n|\n|t:|1700755373\n|switch|p2a: Tapu Koko|Tapu Koko|88\/100\n|-damage|p2a: Tapu Koko|76\/100|[from] Stealth Rock\n|-fieldstart|move: Electric Terrain|[from] ability: Electric Surge|[of] p2a: Tapu Koko\n|turn|18\n|\n|t:|1700755384\n|move|p2a: Tapu Koko|Volt Switch|p1a: Hoopa\n|-crit|p1a: Hoopa\n|-damage|p1a: Hoopa|51\/100\n|\n|t:|1700755391\n|switch|p2a: Gyarados|Gyarados, F|100\/100|[from] Volt Switch\n|-damage|p2a: Gyarados|76\/100|[from] Stealth Rock\n|-ability|p2a: Gyarados|Intimidate|boost\n|-unboost|p1a: Hoopa|atk|1\n|move|p1a: Hoopa|Hyperspace Fury|p2a: Gyarados\n|-damage|p2a: Gyarados|0 fnt\n|-unboost|p1a: Hoopa|def|1\n|faint|p2a: Gyarados\n|\n|upkeep\n|\n|t:|1700755404\n|switch|p2a: Tapu Koko|Tapu Koko|76\/100\n|-damage|p2a: Tapu Koko|63\/100|[from] Stealth Rock\n|turn|19\n|\n|t:|1700755410\n|switch|p1a: Chansey|Chansey, F, tera:Ghost|68\/100\n|move|p2a: Tapu Koko|Dazzling Gleam|p1a: Chansey\n|-damage|p1a: Chansey|57\/100\n|\n|upkeep\n|turn|20\n|\n|t:|1700755418\n|move|p2a: Tapu Koko|Volt Switch|p1a: Chansey\n|-damage|p1a: Chansey|46\/100\n|move|p1a: Chansey|Toxic|p2a: Tapu Koko\n|-status|p2a: Tapu Koko|tox\n|\n|-damage|p2a: Tapu Koko|57\/100 tox|[from] psn\n|upkeep\n|turn|21\n|\n|t:|1700755426\n|move|p2a: Tapu Koko|Volt Switch|p1a: Chansey\n|-damage|p1a: Chansey|34\/100\n|move|p1a: Chansey|Soft-Boiled|p1a: Chansey\n|-heal|p1a: Chansey|84\/100\n|\n|-damage|p2a: Tapu Koko|45\/100 tox|[from] psn\n|upkeep\n|turn|22\n|\n|t:|1700755434\n|move|p2a: Tapu Koko|Volt Switch|p1a: Chansey\n|-damage|p1a: Chansey|72\/100\n|move|p1a: Chansey|Seismic Toss|p2a: Tapu Koko\n|-damage|p2a: Tapu Koko|9\/100 tox\n|\n|-damage|p2a: Tapu Koko|0 fnt|[from] psn\n|faint|p2a: Tapu Koko\n|\n|win|ayanamicat\n|upkeep\n|raw|ayanamicat's rating: 1303 &rarr; <strong>1323<\/strong><br \/>(+20 for winning)\n|raw|retereereeeree's rating: 1304 &rarr; <strong>1284<\/strong><br \/>(-20 for losing)\n|c|\u2606retereereeeree|gg\n|l|\u2606retereereeeree\n","uploadtime":1700755449,"views":6,"p1id":"ayanamicat","p2id":"retereereeeree","formatid":"gen9nationaldex","rating":1284,"private":0,"password":""}