{"id":"gen9nationaldex-1996027192","p1":"Richie2016","p2":"Toxic Ariados","format":"[Gen 9] National Dex","log":"|html|<div class=\"broadcast-blue\"><strong>[Gen 9] National Dex is currently suspecting Sneasler! For information on how to participate check out the <a href=\"https:\/\/www.smogon.com\/forums\/threads\/sv-national-dex-suspect-8-just-dance.3731534\/\">suspect thread<\/a>.<\/strong><\/div>\n|j|\u2606Richie2016\n|j|\u2606Toxic Ariados\n|t:|1700631551\n|gametype|singles\n|player|p1|Richie2016|cynthia|1491\n|player|p2|Toxic Ariados|lucas|1668\n|teamsize|p1|6\n|teamsize|p2|6\n|gen|9\n|tier|[Gen 9] National Dex\n|rated|\n|rule|HP Percentage Mod: HP is shown in percentages\n|rule|Endless Battle Clause: Forcing endless battles is banned\n|rule|OHKO Clause: OHKO moves are banned\n|rule|Evasion Clause: Evasion abilities, items, and moves are banned\n|rule|Evasion Abilities Clause: Evasion abilities are banned\n|rule|Evasion Items Clause: Evasion items are banned\n|rule|Evasion Moves Clause: Evasion moves are banned\n|rule|Species Clause: Limit one of each Pok\u00e9mon\n|rule|Sleep Clause Mod: Limit one foe put to sleep\n|clearpoke\n|poke|p1|Lopunny, F|\n|poke|p1|Alomomola, F|\n|poke|p1|Moltres|\n|poke|p1|Ferrothorn, F|\n|poke|p1|Gliscor, F|\n|poke|p1|Greninja-*, M|\n|poke|p2|Grimmsnarl, M|\n|poke|p2|Okidogi, M|\n|poke|p2|Volcarona, F|\n|poke|p2|Great Tusk|\n|poke|p2|Ogerpon-Cornerstone, F|\n|poke|p2|Jirachi|\n|teampreview\n|inactive|Battle timer is ON: inactive players will automatically lose when time's up. (requested by Richie2016)\n|\n|t:|1700631565\n|start\n|switch|p1a: Gliscor|Gliscor, F, shiny|100\/100\n|switch|p2a: Solstice|Volcarona, F|100\/100\n|turn|1\n|\n|t:|1700631573\n|switch|p2a: Bedrock|Great Tusk|100\/100\n|move|p1a: Gliscor|Toxic|p2a: Bedrock\n|-status|p2a: Bedrock|tox\n|\n|-damage|p2a: Bedrock|94\/100 tox|[from] psn\n|-status|p1a: Gliscor|tox|[from] item: Toxic Orb\n|upkeep\n|turn|2\n|\n|t:|1700631580\n|-end|p2a: Bedrock|Protosynthesis|[silent]\n|switch|p2a: Solstice|Volcarona, F|100\/100\n|move|p1a: Gliscor|Stealth Rock|p2a: Solstice\n|-sidestart|p2: Toxic Ariados|move: Stealth Rock\n|\n|upkeep\n|turn|3\n|\n|t:|1700631595\n|switch|p2a: Bedrock|Great Tusk|94\/100 tox\n|move|p1a: Gliscor|Toxic|p2a: Bedrock\n|-fail|p2a: Bedrock|tox\n|\n|-damage|p2a: Bedrock|88\/100 tox|[from] psn\n|upkeep\n|turn|4\n|\n|t:|1700631616\n|switch|p1a: Moltres|Moltres|100\/100\n|move|p2a: Bedrock|Ice Spinner|p1a: Moltres\n|-damage|p1a: Moltres|78\/100\n|\n|-damage|p2a: Bedrock|76\/100 tox|[from] psn\n|upkeep\n|turn|5\n|\n|t:|1700631626\n|-end|p2a: Bedrock|Protosynthesis|[silent]\n|switch|p2a: Solstice|Volcarona, F|100\/100\n|move|p1a: Moltres|Hurricane|p2a: Solstice\n|-supereffective|p2a: Solstice\n|-damage|p2a: Solstice|0 fnt\n|faint|p2a: Solstice\n|\n|upkeep\n|\n|t:|1700631634\n|switch|p2a: Ogerpon|Ogerpon-Cornerstone, F|100\/100\n|-damage|p2a: Ogerpon|88\/100|[from] Stealth Rock\n|turn|6\n|\n|t:|1700631645\n|switch|p1a: Ferrothorn|Ferrothorn, F, shiny|100\/100\n|move|p2a: Ogerpon|Swords Dance|p2a: Ogerpon\n|-boost|p2a: Ogerpon|atk|2\n|\n|upkeep\n|turn|7\n|inactive|Toxic Ariados has 120 seconds left.\n|\n|t:|1700631686\n|-terastallize|p2a: Ogerpon|Rock\n|detailschange|p2a: Ogerpon|Ogerpon-Cornerstone-Tera, F, tera:Rock\n|-ability|p2a: Ogerpon|Embody Aspect (Cornerstone)|boost\n|-boost|p2a: Ogerpon|def|1\n|move|p2a: Ogerpon|Swords Dance|p2a: Ogerpon\n|-boost|p2a: Ogerpon|atk|2\n|move|p1a: Ferrothorn|Gyro Ball|p2a: Ogerpon\n|-supereffective|p2a: Ogerpon\n|-damage|p2a: Ogerpon|0 fnt\n|faint|p2a: Ogerpon\n|\n|upkeep\n|\n|t:|1700631695\n|switch|p2a: Wrath|Okidogi, M|100\/100\n|-damage|p2a: Wrath|94\/100|[from] Stealth Rock\n|turn|8\n|\n|t:|1700631703\n|switch|p1a: Gliscor|Gliscor, F, shiny|100\/100 tox\n|move|p2a: Wrath|Bulk Up|p2a: Wrath\n|-boost|p2a: Wrath|atk|1\n|-boost|p2a: Wrath|def|1\n|\n|upkeep\n|turn|9\n|\n|t:|1700631709\n|move|p1a: Gliscor|Earthquake|p2a: Wrath\n|-supereffective|p2a: Wrath\n|-damage|p2a: Wrath|59\/100\n|-enditem|p2a: Wrath|Weakness Policy\n|-boost|p2a: Wrath|atk|2|[from] item: Weakness Policy\n|-boost|p2a: Wrath|spa|2|[from] item: Weakness Policy\n|move|p2a: Wrath|Bulk Up|p2a: Wrath\n|-boost|p2a: Wrath|atk|1\n|-boost|p2a: Wrath|def|1\n|\n|upkeep\n|turn|10\n|\n|t:|1700631719\n|move|p1a: Gliscor|Earthquake|p2a: Wrath\n|-supereffective|p2a: Wrath\n|-damage|p2a: Wrath|32\/100\n|move|p2a: Wrath|Knock Off|p1a: Gliscor\n|-crit|p1a: Gliscor\n|-damage|p1a: Gliscor|0 fnt\n|-enditem|p1a: Gliscor|Toxic Orb|[from] move: Knock Off|[of] p2a: Wrath\n|faint|p1a: Gliscor\n|\n|upkeep\n|\n|t:|1700631733\n|switch|p1a: Greninja|Greninja, M|100\/100\n|turn|11\n|\n|t:|1700631743\n|-terastallize|p1a: Greninja|Water\n|move|p1a: Greninja|Water Shuriken|p2a: Wrath\n|-damage|p2a: Wrath|22\/100\n|-damage|p2a: Wrath|13\/100\n|-hitcount|p2a: Wrath|2\n|-damage|p1a: Greninja|91\/100|[from] item: Life Orb\n|move|p2a: Wrath|Drain Punch|p1a: Greninja\n|-damage|p1a: Greninja|0 fnt\n|-heal|p2a: Wrath|47\/100|[from] drain|[of] p1a: Greninja\n|faint|p1a: Greninja\n|\n|upkeep\n|\n|t:|1700631753\n|switch|p1a: Lopunny|Lopunny, F, shiny|100\/100\n|turn|12\n|\n|t:|1700631756\n|detailschange|p1a: Lopunny|Lopunny-Mega, F, shiny\n|-mega|p1a: Lopunny|Lopunny|Lopunnite\n|move|p1a: Lopunny|Fake Out|p2a: Wrath\n|-damage|p2a: Wrath|38\/100\n|cant|p2a: Wrath|flinch\n|\n|upkeep\n|turn|13\n|\n|t:|1700631762\n|move|p1a: Lopunny|U-turn|p2a: Wrath\n|-resisted|p2a: Wrath\n|-damage|p2a: Wrath|35\/100\n|\n|t:|1700631765\n|switch|p1a: Moltres|Moltres|78\/100|[from] U-turn\n|move|p2a: Wrath|Drain Punch|p1a: Moltres\n|-resisted|p1a: Moltres\n|-damage|p1a: Moltres|34\/100\n|-heal|p2a: Wrath|58\/100|[from] drain|[of] p1a: Moltres\n|-status|p2a: Wrath|brn|[from] ability: Flame Body|[of] p1a: Moltres\n|\n|-damage|p2a: Wrath|52\/100 brn|[from] brn\n|upkeep\n|turn|14\n|\n|t:|1700631777\n|move|p1a: Moltres|Hurricane|p2a: Wrath\n|-supereffective|p2a: Wrath\n|-damage|p2a: Wrath|0 fnt\n|faint|p2a: Wrath\n|\n|upkeep\n|\n|t:|1700631782\n|switch|p2a: Diablo|Grimmsnarl, M|100\/100\n|-damage|p2a: Diablo|88\/100|[from] Stealth Rock\n|turn|15\n|\n|t:|1700631789\n|move|p2a: Diablo|Taunt|p1a: Moltres\n|-start|p1a: Moltres|move: Taunt\n|cant|p1a: Moltres|move: Taunt|Roost\n|\n|upkeep\n|turn|16\n|\n|t:|1700631794\n|switch|p1a: Alomomola|Alomomola, F|100\/100\n|move|p2a: Diablo|Light Screen|p2a: Diablo\n|-sidestart|p2: Toxic Ariados|move: Light Screen\n|\n|upkeep\n|turn|17\n|\n|t:|1700631799\n|move|p2a: Diablo|Reflect|p2a: Diablo\n|-sidestart|p2: Toxic Ariados|Reflect\n|move|p1a: Alomomola|Flip Turn|p2a: Diablo\n|-damage|p2a: Diablo|79\/100\n|\n|t:|1700631804\n|switch|p1a: Lopunny|Lopunny-Mega, F, shiny|100\/100|[from] Flip Turn\n|\n|upkeep\n|turn|18\n|\n|t:|1700631810\n|move|p1a: Lopunny|Fake Out|p2a: Diablo\n|-damage|p2a: Diablo|67\/100\n|cant|p2a: Diablo|flinch\n|\n|upkeep\n|turn|19\n|\n|t:|1700631816\n|switch|p1a: Alomomola|Alomomola, F|100\/100\n|move|p2a: Diablo|Spirit Break|p1a: Alomomola\n|-damage|p1a: Alomomola|81\/100\n|-unboost|p1a: Alomomola|spa|1\n|\n|upkeep\n|turn|20\n|\n|t:|1700631823\n|switch|p2a: Stardust|Jirachi, shiny|100\/100\n|-damage|p2a: Stardust|94\/100|[from] Stealth Rock\n|move|p1a: Alomomola|Wish|p1a: Alomomola\n|\n|upkeep\n|turn|21\n|\n|t:|1700631828\n|switch|p1a: Moltres|Moltres|34\/100\n|-zpower|p2a: Stardust\n|move|p2a: Stardust|Z-Happy Hour|p2a: Stardust|[anim]Happy Hour\n|-boost|p2a: Stardust|atk|1|[zeffect]\n|-boost|p2a: Stardust|def|1|[zeffect]\n|-boost|p2a: Stardust|spa|1|[zeffect]\n|-boost|p2a: Stardust|spd|1|[zeffect]\n|-boost|p2a: Stardust|spe|1|[zeffect]\n|\n|-heal|p1a: Moltres|95\/100|[from] move: Wish|[wisher] Alomomola\n|upkeep\n|turn|22\n|\n|t:|1700631836\n|move|p2a: Stardust|Calm Mind|p2a: Stardust\n|-boost|p2a: Stardust|spa|1\n|-boost|p2a: Stardust|spd|1\n|move|p1a: Moltres|Mystical Fire|p2a: Stardust\n|-supereffective|p2a: Stardust\n|-damage|p2a: Stardust|76\/100\n|-unboost|p2a: Stardust|spa|1\n|\n|upkeep\n|turn|23\n|\n|t:|1700631839\n|move|p2a: Stardust|Stored Power|p1a: Moltres\n|-damage|p1a: Moltres|5\/100\n|move|p1a: Moltres|Mystical Fire|p2a: Stardust\n|-supereffective|p2a: Stardust\n|-damage|p2a: Stardust|60\/100\n|-unboost|p2a: Stardust|spa|1\n|\n|-sideend|p2: Toxic Ariados|move: Light Screen\n|upkeep\n|turn|24\n|\n|t:|1700631852\n|move|p2a: Stardust|Stored Power|p1a: Moltres\n|-damage|p1a: Moltres|0 fnt\n|faint|p1a: Moltres\n|\n|-sideend|p2: Toxic Ariados|Reflect\n|upkeep\n|\n|t:|1700631856\n|switch|p1a: Ferrothorn|Ferrothorn, F, shiny|100\/100\n|turn|25\n|\n|t:|1700631876\n|move|p2a: Stardust|Calm Mind|p2a: Stardust\n|-boost|p2a: Stardust|spa|1\n|-boost|p2a: Stardust|spd|1\n|move|p1a: Ferrothorn|Leech Seed|p2a: Stardust\n|-start|p2a: Stardust|move: Leech Seed\n|\n|-damage|p2a: Stardust|47\/100|[from] Leech Seed|[of] p1a: Ferrothorn\n|upkeep\n|turn|26\n|inactive|Toxic Ariados has 120 seconds left.\n|\n|t:|1700631903\n|move|p1a: Ferrothorn|Protect|p1a: Ferrothorn\n|-singleturn|p1a: Ferrothorn|Protect\n|move|p2a: Stardust|Stored Power|p1a: Ferrothorn\n|-activate|p1a: Ferrothorn|move: Protect\n|\n|-damage|p2a: Stardust|35\/100|[from] Leech Seed|[of] p1a: Ferrothorn\n|upkeep\n|turn|27\n|inactive|Toxic Ariados has 120 seconds left.\n|\n|t:|1700631921\n|move|p2a: Stardust|Stored Power|p1a: Ferrothorn\n|-resisted|p1a: Ferrothorn\n|-damage|p1a: Ferrothorn|63\/100\n|move|p1a: Ferrothorn|Gyro Ball|p2a: Stardust\n|-resisted|p2a: Stardust\n|-damage|p2a: Stardust|20\/100\n|\n|-heal|p1a: Ferrothorn|69\/100|[from] item: Leftovers\n|-damage|p2a: Stardust|8\/100|[from] Leech Seed|[of] p1a: Ferrothorn\n|-heal|p1a: Ferrothorn|81\/100|[silent]\n|upkeep\n|turn|28\n|inactive|Toxic Ariados has 120 seconds left.\n|\n|t:|1700631952\n|switch|p2a: Bedrock|Great Tusk|76\/100 tox\n|move|p1a: Ferrothorn|Gyro Ball|p2a: Bedrock\n|-damage|p2a: Bedrock|38\/100 tox\n|\n|-heal|p1a: Ferrothorn|87\/100|[from] item: Leftovers\n|-damage|p2a: Bedrock|32\/100 tox|[from] psn\n|upkeep\n|turn|29\n|\n|t:|1700631967\n|switch|p1a: Alomomola|Alomomola, F|100\/100\n|move|p2a: Bedrock|Close Combat|p1a: Alomomola\n|-damage|p1a: Alomomola|62\/100\n|-unboost|p2a: Bedrock|def|1\n|-unboost|p2a: Bedrock|spd|1\n|\n|-damage|p2a: Bedrock|20\/100 tox|[from] psn\n|upkeep\n|turn|30\n|\n|t:|1700631975\n|move|p2a: Bedrock|Headlong Rush|p1a: Alomomola\n|-damage|p1a: Alomomola|23\/100\n|-unboost|p2a: Bedrock|def|1\n|-unboost|p2a: Bedrock|spd|1\n|move|p1a: Alomomola|Flip Turn|p2a: Bedrock\n|-supereffective|p2a: Bedrock\n|-damage|p2a: Bedrock|0 fnt\n|faint|p2a: Bedrock\n|-end|p2a: Bedrock|Protosynthesis|[silent]\n|\n|t:|1700631982\n|switch|p1a: Ferrothorn|Ferrothorn, F, shiny|87\/100|[from] Flip Turn\n|\n|-heal|p1a: Ferrothorn|94\/100|[from] item: Leftovers\n|upkeep\n|c|\u2606Toxic Ariados|gg\n|-message|Toxic Ariados forfeited.\n|\n|win|Richie2016\n|raw|Richie2016's rating: 1491 &rarr; <strong>1520<\/strong><br \/>(+29 for winning)\n|raw|Toxic Ariados's rating: 1649 &rarr; <strong>1620<\/strong><br \/>(-29 for losing)\n|l|\u2606Toxic Ariados\n","uploadtime":1700631994,"views":0,"p1id":"richie2016","p2id":"toxicariados","formatid":"gen9nationaldex","rating":1520,"private":0,"password":""}