{"id":"gen9nationaldex-1991324279","p1":"bd00","p2":"Plutonium PT","format":"[Gen 9] National Dex","log":"|j|\u2606bd00\n|j|\u2606Plutonium PT\n|t:|1700067646\n|gametype|singles\n|player|p1|bd00|fisherman-gen4|1307\n|player|p2|Plutonium PT|clay|1352\n|teamsize|p1|6\n|teamsize|p2|6\n|gen|9\n|tier|[Gen 9] National Dex\n|rated|\n|rule|HP Percentage Mod: HP is shown in percentages\n|rule|Endless Battle Clause: Forcing endless battles is banned\n|rule|OHKO Clause: OHKO moves are banned\n|rule|Evasion Clause: Evasion abilities, items, and moves are banned\n|rule|Evasion Abilities Clause: Evasion abilities are banned\n|rule|Evasion Items Clause: Evasion items are banned\n|rule|Evasion Moves Clause: Evasion moves are banned\n|rule|Species Clause: Limit one of each Pok\u00e9mon\n|rule|Sleep Clause Mod: Limit one foe put to sleep\n|clearpoke\n|poke|p1|Blissey, F|\n|poke|p1|Ferrothorn, M|\n|poke|p1|Skarmory, F|\n|poke|p1|Toxapex, F|\n|poke|p1|Eldegoss, F|\n|poke|p1|Dondozo, M|\n|poke|p2|Garganacl, F|\n|poke|p2|Moltres|\n|poke|p2|Meowscarada, F|\n|poke|p2|Urshifu-*, M|\n|poke|p2|Garchomp, M|\n|poke|p2|Jirachi|\n|teampreview\n|\n|t:|1700067658\n|start\n|switch|p1a: Ferrothorn|Ferrothorn, M|100\/100\n|switch|p2a: Pillar|Garganacl, F|100\/100\n|turn|1\n|\n|t:|1700067662\n|move|p2a: Pillar|Salt Cure|p1a: Ferrothorn\n|-resisted|p1a: Ferrothorn\n|-damage|p1a: Ferrothorn|97\/100\n|-start|p1a: Ferrothorn|Salt Cure\n|move|p1a: Ferrothorn|Stealth Rock|p2a: Pillar\n|-sidestart|p2: Plutonium PT|move: Stealth Rock\n|\n|-damage|p1a: Ferrothorn|72\/100|[from] Salt Cure\n|upkeep\n|turn|2\n|\n|t:|1700067666\n|switch|p1a: Dondozo|Dondozo, M|100\/100\n|move|p2a: Pillar|Iron Defense|p2a: Pillar\n|-boost|p2a: Pillar|def|2\n|\n|upkeep\n|turn|3\n|\n|t:|1700067670\n|move|p1a: Dondozo|Curse|p1a: Dondozo\n|-unboost|p1a: Dondozo|spe|1\n|-boost|p1a: Dondozo|atk|1\n|-boost|p1a: Dondozo|def|1\n|move|p2a: Pillar|Salt Cure|p1a: Dondozo\n|-damage|p1a: Dondozo|96\/100\n|\n|upkeep\n|turn|4\n|\n|t:|1700067678\n|switch|p2a: Herba|Meowscarada, F|100\/100\n|-damage|p2a: Herba|88\/100|[from] Stealth Rock\n|move|p1a: Dondozo|Curse|p1a: Dondozo\n|-unboost|p1a: Dondozo|spe|1\n|-boost|p1a: Dondozo|atk|1\n|-boost|p1a: Dondozo|def|1\n|\n|upkeep\n|turn|5\n|\n|t:|1700067686\n|move|p2a: Herba|U-turn|p1a: Dondozo\n|-start|p2a: Herba|typechange|Bug|[from] ability: Protean\n|-damage|p1a: Dondozo|86\/100\n|\n|t:|1700067690\n|switch|p2a: Aerodynamic|Garchomp, M|100\/100|[from] U-turn\n|-damage|p2a: Aerodynamic|94\/100|[from] Stealth Rock\n|move|p1a: Dondozo|Curse|p1a: Dondozo\n|-unboost|p1a: Dondozo|spe|1\n|-boost|p1a: Dondozo|atk|1\n|-boost|p1a: Dondozo|def|1\n|\n|upkeep\n|turn|6\n|\n|t:|1700067695\n|detailschange|p2a: Aerodynamic|Garchomp-Mega, M\n|-mega|p2a: Aerodynamic|Garchomp|Garchompite\n|move|p2a: Aerodynamic|Draco Meteor|p1a: Dondozo\n|-damage|p1a: Dondozo|34\/100\n|-unboost|p2a: Aerodynamic|spa|2\n|move|p1a: Dondozo|Liquidation|p2a: Aerodynamic\n|-damage|p2a: Aerodynamic|43\/100\n|\n|upkeep\n|turn|7\n|\n|t:|1700067701\n|move|p2a: Aerodynamic|Draco Meteor|p1a: Dondozo\n|-damage|p1a: Dondozo|0 fnt\n|-unboost|p2a: Aerodynamic|spa|2\n|faint|p1a: Dondozo\n|\n|upkeep\n|c|\u2606Plutonium PT|ty\n|\n|t:|1700067714\n|switch|p1a: Ferrothorn|Ferrothorn, M|72\/100\n|turn|8\n|\n|t:|1700067722\n|move|p2a: Aerodynamic|Flamethrower|p1a: Ferrothorn\n|-supereffective|p1a: Ferrothorn\n|-damage|p1a: Ferrothorn|43\/100\n|move|p1a: Ferrothorn|Leech Seed|p2a: Aerodynamic|[miss]\n|-miss|p1a: Ferrothorn|p2a: Aerodynamic\n|\n|upkeep\n|turn|9\n|\n|t:|1700067730\n|switch|p2a: Nando's|Moltres|100\/100\n|move|p1a: Ferrothorn|Protect||[still]\n|-fail|p1a: Ferrothorn\n|\n|upkeep\n|turn|10\n|\n|t:|1700067743\n|switch|p1a: Toxapex|Toxapex, F|100\/100\n|move|p2a: Nando's|Defog|p1a: Toxapex\n|-unboost|p1a: Toxapex|evasion|1\n|-sideend|p2: Plutonium PT|Stealth Rock|[from] move: Defog|[of] p2a: Nando's\n|\n|upkeep\n|turn|11\n|\n|t:|1700067749\n|switch|p2a: Titan|Jirachi|100\/100\n|move|p1a: Toxapex|Toxic|p2a: Titan\n|-immune|p2a: Titan\n|\n|upkeep\n|turn|12\n|\n|t:|1700067756\n|switch|p1a: Ferrothorn|Ferrothorn, M|43\/100\n|move|p2a: Titan|Wish|p2a: Titan\n|\n|upkeep\n|turn|13\n|\n|t:|1700067762\n|switch|p2a: Aerodynamic|Garchomp-Mega, M|43\/100\n|move|p1a: Ferrothorn|Stealth Rock|p2a: Aerodynamic\n|-sidestart|p2: Plutonium PT|move: Stealth Rock\n|\n|-heal|p2a: Aerodynamic|91\/100|[from] move: Wish|[wisher] Titan\n|upkeep\n|turn|14\n|\n|t:|1700067769\n|switch|p1a: Toxapex|Toxapex, F|100\/100\n|move|p2a: Aerodynamic|Flamethrower|p1a: Toxapex\n|-resisted|p1a: Toxapex\n|-damage|p1a: Toxapex|93\/100\n|-status|p1a: Toxapex|brn\n|\n|-heal|p1a: Toxapex|99\/100 brn|[from] item: Black Sludge\n|-damage|p1a: Toxapex|93\/100 brn|[from] brn\n|upkeep\n|turn|15\n|\n|t:|1700067773\n|move|p2a: Aerodynamic|Earthquake|p1a: Toxapex\n|-supereffective|p1a: Toxapex\n|-damage|p1a: Toxapex|14\/100 brn\n|move|p1a: Toxapex|Toxic|p2a: Aerodynamic\n|-status|p2a: Aerodynamic|tox\n|\n|-heal|p1a: Toxapex|20\/100 brn|[from] item: Black Sludge\n|-damage|p2a: Aerodynamic|85\/100 tox|[from] psn\n|-damage|p1a: Toxapex|14\/100 brn|[from] brn\n|upkeep\n|turn|16\n|\n|t:|1700067781\n|switch|p1a: Eldegoss|Eldegoss, F|100\/100\n|move|p2a: Aerodynamic|Flamethrower|p1a: Eldegoss\n|-supereffective|p1a: Eldegoss\n|-damage|p1a: Eldegoss|68\/100\n|\n|-damage|p2a: Aerodynamic|72\/100 tox|[from] psn\n|upkeep\n|turn|17\n|\n|t:|1700067791\n|switch|p2a: Nando's|Moltres|100\/100\n|move|p1a: Eldegoss|Leech Seed|p2a: Nando's\n|-start|p2a: Nando's|move: Leech Seed\n|\n|-damage|p2a: Nando's|88\/100|[from] Leech Seed|[of] p1a: Eldegoss\n|-heal|p1a: Eldegoss|82\/100|[silent]\n|upkeep\n|turn|18\n|\n|t:|1700067799\n|move|p2a: Nando's|U-turn|p1a: Eldegoss\n|-supereffective|p1a: Eldegoss\n|-damage|p1a: Eldegoss|49\/100\n|\n|t:|1700067802\n|switch|p2a: Herba|Meowscarada, F|88\/100|[from] U-turn\n|-damage|p2a: Herba|76\/100|[from] Stealth Rock\n|move|p1a: Eldegoss|Substitute|p1a: Eldegoss\n|-start|p1a: Eldegoss|Substitute\n|-damage|p1a: Eldegoss|24\/100\n|\n|upkeep\n|turn|19\n|\n|t:|1700067809\n|switch|p1a: Ferrothorn|Ferrothorn, M|43\/100\n|move|p2a: Herba|U-turn|p1a: Ferrothorn\n|-start|p2a: Herba|typechange|Bug|[from] ability: Protean\n|-damage|p1a: Ferrothorn|17\/100\n|-damage|p2a: Herba|64\/100|[from] ability: Iron Barbs|[of] p1a: Ferrothorn\n|-damage|p2a: Herba|47\/100|[from] item: Rocky Helmet|[of] p1a: Ferrothorn\n|\n|t:|1700067813\n|switch|p2a: Pillar|Garganacl, F|100\/100|[from] U-turn\n|-damage|p2a: Pillar|88\/100|[from] Stealth Rock\n|\n|-heal|p2a: Pillar|94\/100|[from] item: Leftovers\n|upkeep\n|turn|20\n|\n|t:|1700067822\n|move|p2a: Pillar|Iron Defense|p2a: Pillar\n|-boost|p2a: Pillar|def|2\n|move|p1a: Ferrothorn|Leech Seed|p2a: Pillar\n|-start|p2a: Pillar|move: Leech Seed\n|\n|-heal|p2a: Pillar|100\/100|[from] item: Leftovers\n|-damage|p2a: Pillar|88\/100|[from] Leech Seed|[of] p1a: Ferrothorn\n|-heal|p1a: Ferrothorn|31\/100|[silent]\n|upkeep\n|turn|21\n|\n|t:|1700067826\n|move|p1a: Ferrothorn|Protect|p1a: Ferrothorn\n|-singleturn|p1a: Ferrothorn|Protect\n|move|p2a: Pillar|Salt Cure|p1a: Ferrothorn\n|-activate|p1a: Ferrothorn|move: Protect\n|\n|-heal|p2a: Pillar|94\/100|[from] item: Leftovers\n|-damage|p2a: Pillar|82\/100|[from] Leech Seed|[of] p1a: Ferrothorn\n|-heal|p1a: Ferrothorn|45\/100|[silent]\n|upkeep\n|turn|22\n|\n|t:|1700067831\n|move|p2a: Pillar|Salt Cure|p1a: Ferrothorn\n|-resisted|p1a: Ferrothorn\n|-damage|p1a: Ferrothorn|41\/100\n|-start|p1a: Ferrothorn|Salt Cure\n|move|p1a: Ferrothorn|Knock Off|p2a: Pillar\n|-damage|p2a: Pillar|75\/100\n|-enditem|p2a: Pillar|Leftovers|[from] move: Knock Off|[of] p1a: Ferrothorn\n|\n|-damage|p2a: Pillar|63\/100|[from] Leech Seed|[of] p1a: Ferrothorn\n|-heal|p1a: Ferrothorn|55\/100|[silent]\n|-damage|p1a: Ferrothorn|30\/100|[from] Salt Cure\n|upkeep\n|turn|23\n|\n|t:|1700067845\n|switch|p1a: Eldegoss|Eldegoss, F|57\/100\n|move|p2a: Pillar|Iron Defense|p2a: Pillar\n|-boost|p2a: Pillar|def|2\n|\n|-damage|p2a: Pillar|51\/100|[from] Leech Seed|[of] p1a: Eldegoss\n|-heal|p1a: Eldegoss|73\/100|[silent]\n|upkeep\n|turn|24\n|\n|t:|1700067849\n|move|p1a: Eldegoss|Giga Drain|p2a: Pillar\n|-supereffective|p2a: Pillar\n|-crit|p2a: Pillar\n|-damage|p2a: Pillar|4\/100\n|-heal|p1a: Eldegoss|100\/100|[from] drain|[of] p2a: Pillar\n|move|p2a: Pillar|Recover|p2a: Pillar\n|-heal|p2a: Pillar|54\/100\n|\n|-damage|p2a: Pillar|42\/100|[from] Leech Seed|[of] p1a: Eldegoss\n|upkeep\n|turn|25\n|\n|t:|1700067861\n|move|p1a: Eldegoss|Giga Drain|p2a: Pillar\n|-supereffective|p2a: Pillar\n|-damage|p2a: Pillar|9\/100\n|move|p2a: Pillar|Recover|p2a: Pillar\n|-heal|p2a: Pillar|59\/100\n|\n|-damage|p2a: Pillar|46\/100|[from] Leech Seed|[of] p1a: Eldegoss\n|upkeep\n|turn|26\n|\n|t:|1700067865\n|move|p1a: Eldegoss|Substitute|p1a: Eldegoss\n|-start|p1a: Eldegoss|Substitute\n|-damage|p1a: Eldegoss|76\/100\n|move|p2a: Pillar|Body Press|p1a: Eldegoss\n|-end|p1a: Eldegoss|Substitute\n|\n|-damage|p2a: Pillar|34\/100|[from] Leech Seed|[of] p1a: Eldegoss\n|-heal|p1a: Eldegoss|91\/100|[silent]\n|upkeep\n|turn|27\n|\n|t:|1700067874\n|switch|p2a: Nando's|Moltres|88\/100\n|move|p1a: Eldegoss|Giga Drain|p2a: Nando's\n|-resisted|p2a: Nando's\n|-damage|p2a: Nando's|83\/100\n|-heal|p1a: Eldegoss|95\/100|[from] drain|[of] p2a: Nando's\n|\n|upkeep\n|turn|28\n|\n|t:|1700067878\n|switch|p1a: Blissey|Blissey, F|100\/100\n|move|p2a: Nando's|Defog|p1a: Blissey\n|-unboost|p1a: Blissey|evasion|1\n|-sideend|p2: Plutonium PT|Stealth Rock|[from] move: Defog|[of] p2a: Nando's\n|\n|upkeep\n|turn|29\n|\n|t:|1700067882\n|move|p2a: Nando's|U-turn|p1a: Blissey\n|-damage|p1a: Blissey|70\/100\n|\n|t:|1700067885\n|switch|p2a: Titan|Jirachi|100\/100|[from] U-turn\n|move|p1a: Blissey|Teleport|p1a: Blissey\n|\n|t:|1700067889\n|switch|p1a: Ferrothorn|Ferrothorn, M|30\/100|[from] Teleport\n|\n|upkeep\n|turn|30\n|\n|t:|1700067893\n|move|p2a: Titan|Wish|p2a: Titan\n|move|p1a: Ferrothorn|Knock Off|p2a: Titan\n|-supereffective|p2a: Titan\n|-damage|p2a: Titan|62\/100\n|-enditem|p2a: Titan|Leftovers|[from] move: Knock Off|[of] p1a: Ferrothorn\n|\n|upkeep\n|turn|31\n|\n|t:|1700067899\n|switch|p2a: Pillar|Garganacl, F|34\/100\n|move|p1a: Ferrothorn|Leech Seed|p2a: Pillar\n|-start|p2a: Pillar|move: Leech Seed\n|\n|-heal|p2a: Pillar|84\/100|[from] move: Wish|[wisher] Titan\n|-damage|p2a: Pillar|72\/100|[from] Leech Seed|[of] p1a: Ferrothorn\n|-heal|p1a: Ferrothorn|45\/100|[silent]\n|upkeep\n|turn|32\n|\n|t:|1700067905\n|move|p1a: Ferrothorn|Protect|p1a: Ferrothorn\n|-singleturn|p1a: Ferrothorn|Protect\n|move|p2a: Pillar|Recover|p2a: Pillar\n|-heal|p2a: Pillar|100\/100\n|\n|-damage|p2a: Pillar|88\/100|[from] Leech Seed|[of] p1a: Ferrothorn\n|-heal|p1a: Ferrothorn|59\/100|[silent]\n|upkeep\n|turn|33\n|\n|t:|1700067915\n|switch|p1a: Eldegoss|Eldegoss, F|100\/100\n|move|p2a: Pillar|Salt Cure|p1a: Eldegoss\n|-damage|p1a: Eldegoss|84\/100\n|-start|p1a: Eldegoss|Salt Cure\n|\n|-damage|p2a: Pillar|76\/100|[from] Leech Seed|[of] p1a: Eldegoss\n|-heal|p1a: Eldegoss|99\/100|[silent]\n|-damage|p1a: Eldegoss|87\/100|[from] Salt Cure\n|upkeep\n|turn|34\n|\n|t:|1700067920\n|switch|p1a: Ferrothorn|Ferrothorn, M|59\/100\n|switch|p2a: Herba|Meowscarada, F|47\/100\n|\n|upkeep\n|turn|35\n|\n|t:|1700067926\n|switch|p2a: Nando's|Moltres|83\/100\n|move|p1a: Ferrothorn|Stealth Rock|p2a: Nando's\n|-sidestart|p2: Plutonium PT|move: Stealth Rock\n|\n|upkeep\n|turn|36\n|\n|t:|1700067931\n|move|p2a: Nando's|Flamethrower|p1a: Ferrothorn\n|-supereffective|p1a: Ferrothorn\n|-damage|p1a: Ferrothorn|0 fnt\n|faint|p1a: Ferrothorn\n|\n|upkeep\n|-message|bd00 forfeited.\n|\n|win|Plutonium PT\n|raw|bd00's rating: 1307 &rarr; <strong>1290<\/strong><br \/>(-17 for losing)\n|raw|Plutonium PT's rating: 1352 &rarr; <strong>1369<\/strong><br \/>(+17 for winning)\n|l|\u2606bd00\n|c|\u2606Plutonium PT|ty\n","uploadtime":1700067939,"views":7,"p1id":"bd00","p2id":"plutoniumpt","formatid":"gen9nationaldex","rating":1290,"private":0,"password":""}