{"id":"gen9nationaldex-1998584555","p1":"AOZUMI THE TRAINER","p2":"Joaolvp3","format":"[Gen 9] National Dex","log":"|html|<div class=\"broadcast-blue\"><strong>[Gen 9] National Dex is currently suspecting Sneasler! For information on how to participate check out the <a href=\"https:\/\/www.smogon.com\/forums\/threads\/sv-national-dex-suspect-8-just-dance.3731534\/\">suspect thread<\/a>.<\/strong><\/div>\n|j|\u2606AOZUMI THE TRAINER\n|j|\u2606Joaolvp3\n|t:|1700959432\n|gametype|singles\n|player|p1|AOZUMI THE TRAINER|cynthia-gen7|1083\n|player|p2|Joaolvp3|101|1000\n|teamsize|p1|6\n|teamsize|p2|6\n|gen|9\n|tier|[Gen 9] National Dex\n|rated|\n|rule|HP Percentage Mod: HP is shown in percentages\n|rule|Endless Battle Clause: Forcing endless battles is banned\n|rule|OHKO Clause: OHKO moves are banned\n|rule|Evasion Clause: Evasion abilities, items, and moves are banned\n|rule|Evasion Abilities Clause: Evasion abilities are banned\n|rule|Evasion Items Clause: Evasion items are banned\n|rule|Evasion Moves Clause: Evasion moves are banned\n|rule|Species Clause: Limit one of each Pok\u00e9mon\n|rule|Sleep Clause Mod: Limit one foe put to sleep\n|clearpoke\n|poke|p1|Pelipper, M|\n|poke|p1|Basculegion, M|\n|poke|p1|Swampert, M|\n|poke|p1|Ferrothorn, F|\n|poke|p1|Zapdos|\n|poke|p1|Rotom-Wash|\n|poke|p2|Kartana|\n|poke|p2|Ferrothorn, M|\n|poke|p2|Mimikyu, M|\n|poke|p2|Zygarde-10%|\n|poke|p2|Swampert, M|\n|poke|p2|Lopunny, M|\n|teampreview\n|inactive|Battle timer is ON: inactive players will automatically lose when time's up. (requested by AOZUMI THE TRAINER)\n|\n|t:|1700959457\n|start\n|switch|p1a: Rotom|Rotom-Wash|100\/100\n|switch|p2a: Ferrothorn|Ferrothorn, M, shiny|100\/100\n|turn|1\n|\n|t:|1700959468\n|move|p1a: Rotom|Volt Switch|p2a: Ferrothorn\n|-resisted|p2a: Ferrothorn\n|-damage|p2a: Ferrothorn|84\/100\n|\n|t:|1700959474\n|switch|p1a: Pelipper|Pelipper, M|100\/100|[from] Volt Switch\n|-weather|RainDance|[from] ability: Drizzle|[of] p1a: Pelipper\n|move|p2a: Ferrothorn|Spikes|p1a: Pelipper\n|-sidestart|p1: AOZUMI THE TRAINER|Spikes\n|\n|-weather|RainDance|[upkeep]\n|-heal|p2a: Ferrothorn|91\/100|[from] item: Leftovers\n|upkeep\n|turn|2\n|\n|t:|1700959491\n|move|p1a: Pelipper|U-turn|p2a: Ferrothorn\n|-damage|p2a: Ferrothorn|84\/100\n|-damage|p1a: Pelipper|88\/100|[from] ability: Iron Barbs|[of] p2a: Ferrothorn\n|\n|t:|1700959499\n|switch|p1a: Rotom|Rotom-Wash|100\/100|[from] U-turn\n|move|p2a: Ferrothorn|Spikes|p1a: Rotom\n|-sidestart|p1: AOZUMI THE TRAINER|Spikes\n|\n|-weather|RainDance|[upkeep]\n|-heal|p2a: Ferrothorn|90\/100|[from] item: Leftovers\n|upkeep\n|turn|3\n|\n|t:|1700959505\n|move|p1a: Rotom|Hidden Power|p2a: Ferrothorn\n|-damage|p2a: Ferrothorn|74\/100\n|move|p2a: Ferrothorn|Spikes|p1a: Rotom\n|-sidestart|p1: AOZUMI THE TRAINER|Spikes\n|\n|-weather|RainDance|[upkeep]\n|-heal|p2a: Ferrothorn|80\/100|[from] item: Leftovers\n|upkeep\n|turn|4\n|\n|t:|1700959513\n|switch|p1a: Swampert|Swampert, M|100\/100\n|-damage|p1a: Swampert|76\/100|[from] Spikes\n|move|p2a: Ferrothorn|Leech Seed|p1a: Swampert\n|-start|p1a: Swampert|move: Leech Seed\n|\n|-weather|RainDance|[upkeep]\n|-heal|p2a: Ferrothorn|86\/100|[from] item: Leftovers\n|-damage|p1a: Swampert|63\/100|[from] Leech Seed|[of] p2a: Ferrothorn\n|-heal|p2a: Ferrothorn|98\/100|[silent]\n|upkeep\n|turn|5\n|\n|t:|1700959521\n|switch|p1a: Pelipper|Pelipper, M|88\/100\n|move|p2a: Ferrothorn|Gyro Ball|p1a: Pelipper\n|-resisted|p1a: Pelipper\n|-damage|p1a: Pelipper|77\/100\n|\n|-weather|RainDance|[upkeep]\n|-heal|p2a: Ferrothorn|100\/100|[from] item: Leftovers\n|upkeep\n|turn|6\n|\n|t:|1700959549\n|move|p1a: Pelipper|Defog|p2a: Ferrothorn\n|-unboost|p2a: Ferrothorn|evasion|1\n|-sideend|p1: AOZUMI THE TRAINER|Spikes|[from] move: Defog|[of] p1a: Pelipper\n|move|p2a: Ferrothorn|Leech Seed|p1a: Pelipper\n|-start|p1a: Pelipper|move: Leech Seed\n|\n|-weather|RainDance|[upkeep]\n|-damage|p1a: Pelipper|65\/100|[from] Leech Seed|[of] p2a: Ferrothorn\n|upkeep\n|turn|7\n|\n|t:|1700959558\n|move|p1a: Pelipper|U-turn|p2a: Ferrothorn\n|-damage|p2a: Ferrothorn|94\/100\n|-damage|p1a: Pelipper|52\/100|[from] ability: Iron Barbs|[of] p2a: Ferrothorn\n|\n|t:|1700959562\n|switch|p1a: Swampert|Swampert, M|63\/100|[from] U-turn\n|move|p2a: Ferrothorn|Gyro Ball|p1a: Swampert\n|-resisted|p1a: Swampert\n|-damage|p1a: Swampert|40\/100\n|\n|-weather|RainDance|[upkeep]\n|-heal|p2a: Ferrothorn|99\/100|[from] item: Leftovers\n|upkeep\n|turn|8\n|inactive|Joaolvp3 has 120 seconds left.\n|\n|t:|1700959593\n|detailschange|p1a: Swampert|Swampert-Mega, M\n|-mega|p1a: Swampert|Swampert|Swampertite\n|move|p1a: Swampert|Earthquake|p2a: Ferrothorn\n|-damage|p2a: Ferrothorn|56\/100\n|move|p2a: Ferrothorn|Gyro Ball|p1a: Swampert\n|-resisted|p1a: Swampert\n|-damage|p1a: Swampert|18\/100\n|\n|-weather|none\n|-heal|p2a: Ferrothorn|62\/100|[from] item: Leftovers\n|upkeep\n|turn|9\n|inactive|Joaolvp3 has 120 seconds left.\n|\n|t:|1700959610\n|move|p1a: Swampert|Stealth Rock|p2a: Ferrothorn\n|-sidestart|p2: Joaolvp3|move: Stealth Rock\n|move|p2a: Ferrothorn|Leech Seed|p1a: Swampert\n|-start|p1a: Swampert|move: Leech Seed\n|\n|-heal|p2a: Ferrothorn|69\/100|[from] item: Leftovers\n|-damage|p1a: Swampert|5\/100|[from] Leech Seed|[of] p2a: Ferrothorn\n|-heal|p2a: Ferrothorn|81\/100|[silent]\n|upkeep\n|turn|10\n|\n|t:|1700959616\n|move|p1a: Swampert|Earthquake|p2a: Ferrothorn\n|-damage|p2a: Ferrothorn|38\/100\n|move|p2a: Ferrothorn|Spikes|p1a: Swampert\n|-sidestart|p1: AOZUMI THE TRAINER|Spikes\n|\n|-heal|p2a: Ferrothorn|44\/100|[from] item: Leftovers\n|-damage|p1a: Swampert|0 fnt|[from] Leech Seed|[of] p2a: Ferrothorn\n|-heal|p2a: Ferrothorn|49\/100|[silent]\n|faint|p1a: Swampert\n|upkeep\n|\n|t:|1700959625\n|switch|p1a: Rotom|Rotom-Wash|100\/100\n|turn|11\n|\n|t:|1700959631\n|move|p1a: Rotom|Shadow Ball|p2a: Ferrothorn\n|-damage|p2a: Ferrothorn|25\/100\n|move|p2a: Ferrothorn|Spikes|p1a: Rotom\n|-sidestart|p1: AOZUMI THE TRAINER|Spikes\n|\n|-heal|p2a: Ferrothorn|32\/100|[from] item: Leftovers\n|upkeep\n|turn|12\n|\n|t:|1700959634\n|move|p1a: Rotom|Shadow Ball|p2a: Ferrothorn\n|-damage|p2a: Ferrothorn|9\/100\n|move|p2a: Ferrothorn|Spikes|p1a: Rotom\n|-sidestart|p1: AOZUMI THE TRAINER|Spikes\n|\n|-heal|p2a: Ferrothorn|16\/100|[from] item: Leftovers\n|upkeep\n|turn|13\n|\n|t:|1700959643\n|move|p1a: Rotom|Shadow Ball|p2a: Ferrothorn\n|-damage|p2a: Ferrothorn|0 fnt\n|faint|p2a: Ferrothorn\n|\n|upkeep\n|inactive|Joaolvp3 has 120 seconds left.\n|\n|t:|1700959668\n|switch|p2a: Zygarde|Zygarde-10%, shiny|100\/100\n|-damage|p2a: Zygarde|94\/100|[from] Stealth Rock\n|-ability|p2a: Zygarde|Aura Break\n|turn|14\n|\n|t:|1700959678\n|switch|p1a: Pelipper|Pelipper, M|52\/100\n|-weather|RainDance|[from] ability: Drizzle|[of] p1a: Pelipper\n|move|p2a: Zygarde|Dragon Dance|p2a: Zygarde\n|-boost|p2a: Zygarde|atk|1\n|-boost|p2a: Zygarde|spe|1\n|\n|-weather|RainDance|[upkeep]\n|upkeep\n|turn|15\n|\n|t:|1700959698\n|-zpower|p2a: Zygarde\n|move|p2a: Zygarde|Devastating Drake|p1a: Pelipper|[zeffect]\n|-damage|p1a: Pelipper|0 fnt\n|faint|p1a: Pelipper\n|\n|-weather|RainDance|[upkeep]\n|upkeep\n|\n|t:|1700959701\n|switch|p1a: Rotom|Rotom-Wash|100\/100\n|turn|16\n|\n|t:|1700959705\n|move|p2a: Zygarde|Thousand Arrows|p1a: Rotom\n|-supereffective|p1a: Rotom\n|-damage|p1a: Rotom|0 fnt\n|faint|p1a: Rotom\n|\n|-weather|RainDance|[upkeep]\n|upkeep\n|\n|t:|1700959711\n|switch|p1a: Basculegion|Basculegion, M|100\/100\n|-damage|p1a: Basculegion|76\/100|[from] Spikes\n|turn|17\n|\n|t:|1700959715\n|move|p2a: Zygarde|Thousand Arrows|p1a: Basculegion\n|-damage|p1a: Basculegion|6\/100\n|move|p1a: Basculegion|Ice Beam|p2a: Zygarde\n|-supereffective|p2a: Zygarde\n|-damage|p2a: Zygarde|0 fnt\n|faint|p2a: Zygarde\n|\n|-weather|RainDance|[upkeep]\n|upkeep\n|\n|t:|1700959739\n|switch|p2a: Swampert|Swampert, M, shiny|100\/100\n|-damage|p2a: Swampert|94\/100|[from] Stealth Rock\n|turn|18\n|inactive|Joaolvp3 has 120 seconds left.\n|\n|t:|1700959764\n|detailschange|p2a: Swampert|Swampert-Mega, M, shiny\n|-mega|p2a: Swampert|Swampert|Swampertite\n|move|p2a: Swampert|Ice Punch|p1a: Basculegion\n|-resisted|p1a: Basculegion\n|-damage|p1a: Basculegion|0 fnt\n|faint|p1a: Basculegion\n|\n|-weather|RainDance|[upkeep]\n|upkeep\n|\n|t:|1700959774\n|switch|p1a: Zapdos|Zapdos|100\/100\n|turn|19\n|\n|t:|1700959782\n|move|p2a: Swampert|Earthquake|p1a: Zapdos\n|-immune|p1a: Zapdos\n|move|p1a: Zapdos|Hurricane|p2a: Swampert\n|-damage|p2a: Swampert|48\/100\n|\n|-weather|RainDance|[upkeep]\n|upkeep\n|turn|20\n|\n|t:|1700959786\n|switch|p2a: Lopunny|Lopunny, M, shiny|100\/100\n|-damage|p2a: Lopunny|88\/100|[from] Stealth Rock\n|move|p1a: Zapdos|Hurricane|p2a: Lopunny\n|-damage|p2a: Lopunny|22\/100\n|\n|-weather|RainDance|[upkeep]\n|-heal|p2a: Lopunny|27\/100|[from] item: Leftovers\n|upkeep\n|turn|21\n|\n|t:|1700959795\n|-terastallize|p2a: Lopunny|Normal\n|move|p2a: Lopunny|Drain Punch|p1a: Zapdos\n|-resisted|p1a: Zapdos\n|-damage|p1a: Zapdos|91\/100\n|-heal|p2a: Lopunny|34\/100|[from] drain|[of] p1a: Zapdos\n|move|p1a: Zapdos|Thunder|p2a: Lopunny\n|-damage|p2a: Lopunny|0 fnt\n|faint|p2a: Lopunny\n|\n|-weather|none\n|upkeep\n|\n|t:|1700959801\n|switch|p2a: Kartana|Kartana, shiny|100\/100\n|-damage|p2a: Kartana|94\/100|[from] Stealth Rock\n|turn|22\n|\n|t:|1700959822\n|move|p2a: Kartana|Leaf Blade|p1a: Zapdos\n|-resisted|p1a: Zapdos\n|-crit|p1a: Zapdos\n|-damage|p1a: Zapdos|46\/100\n|-status|p2a: Kartana|par|[from] ability: Static|[of] p1a: Zapdos\n|move|p1a: Zapdos|Hurricane|p2a: Kartana\n|-damage|p2a: Kartana|0 fnt\n|faint|p2a: Kartana\n|\n|upkeep\n|\n|t:|1700959826\n|switch|p2a: Mimikyu|Mimikyu, M, shiny|100\/100\n|-damage|p2a: Mimikyu|88\/100|[from] Stealth Rock\n|turn|23\n|\n|t:|1700959835\n|move|p2a: Mimikyu|Swords Dance|p2a: Mimikyu\n|-boost|p2a: Mimikyu|atk|2\n|move|p1a: Zapdos|Thunder|p2a: Mimikyu\n|-activate|p2a: Mimikyu|ability: Disguise\n|-damage|p2a: Mimikyu|88\/100\n|detailschange|p2a: Mimikyu|Mimikyu-Busted, M, shiny\n|-damage|p2a: Mimikyu|76\/100|[from] pokemon: Mimikyu-Busted\n|\n|upkeep\n|turn|24\n|\n|t:|1700959861\n|move|p2a: Mimikyu|Play Rough|p1a: Zapdos\n|-damage|p1a: Zapdos|0 fnt\n|faint|p1a: Zapdos\n|-damage|p2a: Mimikyu|66\/100|[from] item: Life Orb\n|\n|upkeep\n|\n|t:|1700959864\n|switch|p1a: Ferrothorn|Ferrothorn, F|100\/100\n|-damage|p1a: Ferrothorn|76\/100|[from] Spikes\n|turn|25\n|inactive|Joaolvp3 has 120 seconds left.\n|\n|t:|1700959889\n|switch|p2a: Swampert|Swampert-Mega, M, shiny|48\/100\n|-damage|p2a: Swampert|42\/100|[from] Stealth Rock\n|move|p1a: Ferrothorn|Knock Off|p2a: Swampert\n|-damage|p2a: Swampert|29\/100\n|\n|-heal|p1a: Ferrothorn|82\/100|[from] item: Leftovers\n|upkeep\n|turn|26\n|\n|t:|1700959909\n|-terastallize|p1a: Ferrothorn|Grass\n|move|p2a: Swampert|Earthquake|p1a: Ferrothorn\n|-resisted|p1a: Ferrothorn\n|-damage|p1a: Ferrothorn|61\/100\n|move|p1a: Ferrothorn|Body Press|p2a: Swampert\n|-damage|p2a: Swampert|5\/100\n|\n|-heal|p1a: Ferrothorn|67\/100|[from] item: Leftovers\n|upkeep\n|turn|27\n|\n|t:|1700959917\n|move|p2a: Swampert|Superpower|p1a: Ferrothorn\n|-damage|p1a: Ferrothorn|36\/100\n|-unboost|p2a: Swampert|atk|1\n|-unboost|p2a: Swampert|def|1\n|-damage|p2a: Swampert|0 fnt|[from] ability: Iron Barbs|[of] p1a: Ferrothorn\n|faint|p2a: Swampert\n|move|p1a: Ferrothorn|Body Press|p2: Swampert|[notarget]\n|-fail|p1a: Ferrothorn\n|\n|-heal|p1a: Ferrothorn|42\/100|[from] item: Leftovers\n|upkeep\n|\n|t:|1700959921\n|switch|p2a: Mimikyu|Mimikyu-Busted, M, shiny|66\/100\n|-damage|p2a: Mimikyu|53\/100|[from] Stealth Rock\n|turn|28\n|\n|t:|1700959927\n|move|p2a: Mimikyu|Play Rough|p1a: Ferrothorn|[miss]\n|-miss|p2a: Mimikyu|p1a: Ferrothorn\n|move|p1a: Ferrothorn|Knock Off|p2a: Mimikyu\n|-damage|p2a: Mimikyu|20\/100\n|-enditem|p2a: Mimikyu|Life Orb|[from] move: Knock Off|[of] p1a: Ferrothorn\n|\n|-heal|p1a: Ferrothorn|48\/100|[from] item: Leftovers\n|upkeep\n|turn|29\n|\n|t:|1700959937\n|move|p2a: Mimikyu|Shadow Sneak|p1a: Ferrothorn\n|-damage|p1a: Ferrothorn|34\/100\n|-damage|p2a: Mimikyu|8\/100|[from] ability: Iron Barbs|[of] p1a: Ferrothorn\n|move|p1a: Ferrothorn|Knock Off|p2a: Mimikyu\n|-damage|p2a: Mimikyu|0 fnt\n|faint|p2a: Mimikyu\n|\n|win|AOZUMI THE TRAINER\n|raw|AOZUMI THE TRAINER's rating: 1083 &rarr; <strong>1104<\/strong><br \/>(+21 for winning)\n|raw|Joaolvp3's rating: 1000 &rarr; <strong>1000<\/strong><br \/>(+0 for losing)\n","uploadtime":1700959945,"views":1,"p1id":"aozumithetrainer","p2id":"joaolvp3","formatid":"gen9nationaldex","rating":1000,"private":0,"password":""}