{"id":"gen9nationaldex-1989227736","p1":"homixide poopoo","p2":"Keykard","format":"[Gen 9] National Dex","log":"|j|\u2606homixide poopoo\n|j|\u2606Keykard\n|t:|1699825601\n|gametype|singles\n|player|p1|homixide poopoo|iris-gen5bw2|\n|player|p2|Keykard|depotagent|\n|teamsize|p1|6\n|teamsize|p2|6\n|gen|9\n|tier|[Gen 9] National Dex\n|rule|HP Percentage Mod: HP is shown in percentages\n|rule|Endless Battle Clause: Forcing endless battles is banned\n|rule|OHKO Clause: OHKO moves are banned\n|rule|Evasion Clause: Evasion abilities, items, and moves are banned\n|rule|Evasion Abilities Clause: Evasion abilities are banned\n|rule|Evasion Items Clause: Evasion items are banned\n|rule|Evasion Moves Clause: Evasion moves are banned\n|rule|Species Clause: Limit one of each Pok\u00e9mon\n|rule|Sleep Clause Mod: Limit one foe put to sleep\n|clearpoke\n|poke|p1|Glimmora, F|\n|poke|p1|Swampert, M|\n|poke|p1|Pelipper, M|\n|poke|p1|Aegislash, M|\n|poke|p1|Urshifu-*, M|\n|poke|p1|Iron Valiant|\n|poke|p2|Kartana|\n|poke|p2|Greninja-*, M|\n|poke|p2|Zapdos|\n|poke|p2|Pinsir, M|\n|poke|p2|Slowking, M|\n|poke|p2|Porygon2|\n|teampreview\n|j| jonglobobe\n|j| Megakid20\n|n| Megakid20|megakid20\n|j| tidaltao\n|c| Megakid20|Key u brought some heat this week im ngl\n|j| stepback wemby\n|j| atraino3\n|c| tidaltao|wow he brought glimm\n|c| Megakid20|Sd Tailwind\n|j| plague070\n|l| plague070\n|j| plague070\n|\n|t:|1699825652\n|start\n|switch|p1a: Glimmora|Glimmora, F|100\/100\n|switch|p2a: Walking Joke|Porygon2|100\/100\n|-ability|p2a: Walking Joke|Download|boost\n|-boost|p2a: Walking Joke|spa|1\n|turn|1\n|j| trenko\n|j| alpha4k\n|\n|t:|1699825660\n|move|p1a: Glimmora|Stealth Rock|p2a: Walking Joke\n|-sidestart|p2: Keykard|move: Stealth Rock\n|move|p2a: Walking Joke|Thunderbolt|p1a: Glimmora\n|-damage|p1a: Glimmora|40\/100\n|\n|upkeep\n|turn|2\n|\n|t:|1699825695\n|switch|p1a: beno|Swampert, M|100\/100\n|move|p2a: Walking Joke|Thunderbolt|p1a: beno\n|-immune|p1a: beno\n|\n|upkeep\n|turn|3\n|c| tidaltao|What is happening\n|\n|t:|1699825718\n|detailschange|p1a: beno|Swampert-Mega, M\n|-mega|p1a: beno|Swampert|Swampertite\n|move|p1a: beno|Flip Turn|p2a: Walking Joke\n|-crit|p2a: Walking Joke\n|-damage|p2a: Walking Joke|68\/100\n|\n|t:|1699825750\n|switch|p1a: autumn|Urshifu-Rapid-Strike, M|100\/100|[from] Flip Turn\n|move|p2a: Walking Joke|Tri Attack|p1a: autumn\n|-damage|p1a: autumn|17\/100\n|\n|upkeep\n|turn|4\n|c| stepback wemby|holy fucking shit\n|c| stepback wemby|LOL\n|c| jonglobobe|Bro\n|c| jonglobobe|NFE my ass\n|c| plague070|yo\n|c| plague070|LMFAO\n|c| stepback wemby|its literally better than pz\n|\n|t:|1699825780\n|switch|p2a: WalKing Poke|Slowking, M|100\/100\n|move|p1a: autumn|Close Combat|p2a: WalKing Poke\n|-resisted|p2a: WalKing Poke\n|-damage|p2a: WalKing Poke|75\/100\n|-unboost|p1a: autumn|def|1\n|-unboost|p1a: autumn|spd|1\n|\n|upkeep\n|turn|5\n|c| tidaltao|I would\u2019ve just sacked the glimm bro\n|\n|t:|1699825793\n|move|p1a: autumn|U-turn|p2a: WalKing Poke\n|-supereffective|p2a: WalKing Poke\n|-crit|p2a: WalKing Poke\n|-damage|p2a: WalKing Poke|22\/100\n|\n|t:|1699825815\n|switch|p1a: Glimmora|Glimmora, F|40\/100|[from] U-turn\n|move|p2a: WalKing Poke|Scald|p1a: Glimmora\n|-supereffective|p1a: Glimmora\n|-damage|p1a: Glimmora|0 fnt\n|faint|p1a: Glimmora\n|\n|upkeep\n|\n|t:|1699825826\n|switch|p1a: autumn|Urshifu-Rapid-Strike, M|17\/100\n|turn|6\n|\n|t:|1699825840\n|switch|p2a: Flying Woke|Zapdos|100\/100\n|move|p1a: autumn|Surging Strikes|p2a: Flying Woke\n|-crit|p2a: Flying Woke\n|-damage|p2a: Flying Woke|84\/100\n|-crit|p2a: Flying Woke\n|-damage|p2a: Flying Woke|66\/100\n|-crit|p2a: Flying Woke\n|-damage|p2a: Flying Woke|49\/100\n|-hitcount|p2a: Flying Woke|3\n|\n|upkeep\n|turn|7\n|\n|t:|1699825879\n|move|p1a: autumn|Surging Strikes|p2a: Flying Woke\n|-crit|p2a: Flying Woke\n|-damage|p2a: Flying Woke|31\/100\n|-crit|p2a: Flying Woke\n|-damage|p2a: Flying Woke|15\/100\n|-crit|p2a: Flying Woke\n|-damage|p2a: Flying Woke|0 fnt\n|faint|p2a: Flying Woke\n|-hitcount|p2: Flying Woke|3\n|\n|upkeep\n|c| Megakid20|wow\n|c| stepback wemby|no static is crazy\n|c|\u2606homixide poopoo|no cap\n|c| jonglobobe|no cap hes lucky af\n|c| trenko|no cap hes punching glove af\n|c| stepback wemby|what does punching glove do again\n|\n|t:|1699825942\n|switch|p2a: Walking Soak|Greninja, M|100\/100\n|-damage|p2a: Walking Soak|88\/100|[from] Stealth Rock\n|turn|8\n|c| trenko|its like ppads + muscle band for punch moves\n|c| stepback wemby|wow\n|\n|t:|1699826006\n|switch|p1a: meechie|Pelipper, M|100\/100\n|-weather|RainDance|[from] ability: Drizzle|[of] p1a: meechie\n|move|p2a: Walking Soak|Water Shuriken|p1a: meechie\n|-resisted|p1a: meechie\n|-damage|p1a: meechie|90\/100\n|-resisted|p1a: meechie\n|-damage|p1a: meechie|79\/100\n|-resisted|p1a: meechie\n|-damage|p1a: meechie|69\/100\n|-resisted|p1a: meechie\n|-damage|p1a: meechie|57\/100\n|-resisted|p1a: meechie\n|-damage|p1a: meechie|47\/100\n|-hitcount|p1a: meechie|5\n|-damage|p2a: Walking Soak|78\/100|[from] item: Life Orb\n|\n|-weather|RainDance|[upkeep]\n|upkeep\n|turn|9\n|l| tidaltao\n|c| Megakid20|key\n|c| stepback wemby|cool\n|c| Megakid20|how have u ever lost\n|c| Megakid20|with this pokemon\n|c| stepback wemby|i didnt even know that move hit 5 times\n|j| tidaltao\n|c| Megakid20|gen\n|c| stepback wemby|ngl\n|c| stepback wemby|thought it capped at 3\n|c| trenko|with ash gren its 3\n|\n|t:|1699826044\n|switch|p1a: beno|Swampert-Mega, M|100\/100\n|move|p2a: Walking Soak|Dark Pulse|p1a: beno\n|-damage|p1a: beno|61\/100\n|-damage|p2a: Walking Soak|69\/100|[from] item: Life Orb\n|\n|-weather|RainDance|[upkeep]\n|upkeep\n|turn|10\n|c| jonglobobe|loaded dice greninja\n|c| trenko|its not hes just lucky :(\n|c| jonglobobe|I know\n|c| stepback wemby|makes sense\n|\n|t:|1699826094\n|move|p1a: beno|Earthquake|p2a: Walking Soak\n|-damage|p2a: Walking Soak|0 fnt\n|faint|p2a: Walking Soak\n|\n|-weather|RainDance|[upkeep]\n|upkeep\n|c| plague070|hmmm\n|c| stepback wemby|interesting\n|c|\u2606Keykard|thought u would flip turn\n|l| tidaltao\n|c| Megakid20|lol\n|c| Megakid20|why?\n|c| stepback wemby|most condescending message oat\n|c|\u2606Keykard|idk\n|c|\u2606homixide poopoo|fr\n|c| Megakid20|u looking to much into it\n|c| plague070|LMFAO\n|c| plague070|there goes megawah again\n|c| Megakid20|just asking a question\n|c| stepback wemby|megawahs communication skills are ridiculous\n|\n|t:|1699826177\n|switch|p2a: WalKing Poke|Slowking, M|55\/100\n|turn|11\n|c| stepback wemby|this guy is a beast\n|j| tidaltao\n|\n|t:|1699826186\n|move|p1a: beno|Earthquake|p2a: WalKing Poke\n|-damage|p2a: WalKing Poke|13\/100\n|move|p2a: WalKing Poke|Slack Off|p2a: WalKing Poke\n|-heal|p2a: WalKing Poke|63\/100\n|\n|-weather|RainDance|[upkeep]\n|upkeep\n|turn|12\n|c| plague070|hes the GOAT of communication\n|c| stepback wemby|ong\n|c| plague070|walking poke eats thos\n|c| Megakid20|im autistic\n|\n|t:|1699826217\n|move|p1a: beno|Flip Turn|p2a: WalKing Poke\n|-resisted|p2a: WalKing Poke\n|-damage|p2a: WalKing Poke|43\/100\n|c| stepback wemby|i figured as much\n|c| plague070|\ud83d\ude2d\n|c| Megakid20|2 dick riders in chat rn\n|c| Megakid20|hop off don't ruin my edging streak\n|c| tidaltao|no there\u2019s just one\n|\n|t:|1699826257\n|switch|p1a: summrs|Iron Valiant|100\/100|[from] Flip Turn\n|-enditem|p1a: summrs|Booster Energy\n|-activate|p1a: summrs|ability: Quark Drive|[fromitem]\n|-start|p1a: summrs|quarkdrivespe\n|move|p2a: WalKing Poke|Chilly Reception|p2a: WalKing Poke\n|-weather|Snow\n|c| stepback wemby|fax u and plague kobe and lebron :fire:\n|\n|t:|1699826275\n|switch|p2a: Walking Joke|Porygon2|68\/100|[from] Chilly Reception\n|-damage|p2a: Walking Joke|56\/100|[from] Stealth Rock\n|-ability|p2a: Walking Joke|Download|boost\n|-boost|p2a: Walking Joke|spa|1\n|\n|-weather|Snow|[upkeep]\n|upkeep\n|turn|13\n|c| tidaltao|:fire:\n|\n|t:|1699826291\n|-terastallize|p1a: summrs|Steel\n|move|p1a: summrs|Calm Mind|p1a: summrs\n|-boost|p1a: summrs|spa|1\n|-boost|p1a: summrs|spd|1\n|move|p2a: Walking Joke|Recover|p2a: Walking Joke\n|-heal|p2a: Walking Joke|100\/100\n|\n|-weather|Snow|[upkeep]\n|upkeep\n|turn|14\n|c| plague070|@megakid20 hop off\n|\n|t:|1699826317\n|move|p1a: summrs|Calm Mind|p1a: summrs\n|-boost|p1a: summrs|spa|1\n|-boost|p1a: summrs|spd|1\n|move|p2a: Walking Joke|Thunderbolt|p1a: summrs\n|-damage|p1a: summrs|60\/100\n|\n|-weather|Snow|[upkeep]\n|upkeep\n|turn|15\n|c| trenko|woking joke will get the tri attack freeze\n|c| stepback wemby|i click coversion and turn into a ghost type here personally\n|c| plague070|this thing is ridiculous\n|c| plague070|how did it do 40\n|\n|t:|1699826331\n|move|p1a: summrs|Moonblast|p2a: Walking Joke\n|-damage|p2a: Walking Joke|36\/100\n|move|p2a: Walking Joke|Thunderbolt|p1a: summrs\n|-damage|p1a: summrs|18\/100\n|\n|-weather|Snow|[upkeep]\n|upkeep\n|turn|16\n|c| plague070|LMFAO\n|\n|t:|1699826341\n|move|p1a: summrs|Moonblast|p2a: Walking Joke\n|-damage|p2a: Walking Joke|0 fnt\n|faint|p2a: Walking Joke\n|\n|-weather|none\n|upkeep\n|c| stepback wemby|does it get unaware?\\\n|c| stepback wemby|wtf\n|c| trenko|if im key im clicking x personally\n|\n|t:|1699826349\n|switch|p2a: Walking Quake|Pinsir, M|100\/100\n|-damage|p2a: Walking Quake|75\/100|[from] Stealth Rock\n|turn|17\n|c| plague070|no cuz quake has this on lock\n|c| stepback wemby|why quake wins\n|c| trenko|this is doing 17%\n|\n|t:|1699826380\n|detailschange|p2a: Walking Quake|Pinsir-Mega, M\n|-mega|p2a: Walking Quake|Pinsir|Pinsirite\n|move|p2a: Walking Quake|Quick Attack|p1a: summrs\n|-resisted|p1a: summrs\n|-damage|p1a: summrs|0 fnt\n|faint|p1a: summrs\n|-end|p1a: summrs|Quark Drive|[silent]\n|\n|upkeep\n|\n|t:|1699826409\n|switch|p1a: meechie|Pelipper, M|47\/100\n|-weather|RainDance|[from] ability: Drizzle|[of] p1a: meechie\n|turn|18\n|\n|t:|1699826419\n|move|p2a: Walking Quake|Substitute|p2a: Walking Quake\n|-start|p2a: Walking Quake|Substitute\n|-damage|p2a: Walking Quake|50\/100\n|move|p1a: meechie|Hurricane|p2a: Walking Quake\n|-supereffective|p2a: Walking Quake\n|-end|p2a: Walking Quake|Substitute\n|\n|-weather|RainDance|[upkeep]\n|upkeep\n|turn|19\n|\n|t:|1699826424\n|move|p2a: Walking Quake|Quick Attack|p1a: meechie\n|-damage|p1a: meechie|17\/100\n|move|p1a: meechie|Hurricane|p2a: Walking Quake\n|-supereffective|p2a: Walking Quake\n|-damage|p2a: Walking Quake|0 fnt\n|faint|p2a: Walking Quake\n|\n|-weather|RainDance|[upkeep]\n|upkeep\n|c| plague070|quick attack for what reason\n|c| plague070|could bro not have just returned\n|c| stepback wemby|stall some rain turns\n|c| jonglobobe|he doesnt have it\n|c| trenko|because his set is probably horrible and doesnt have it\n|c|\u2606homixide poopoo|200 iq plague with his insight again\n|c| stepback wemby|LOL\n|c| plague070|LMFAO\n|c| plague070|dude what could the other 2 moves be \ud83d\ude2d\n|c| trenko|plague why did you switch into sneasler on zam\n|c| Megakid20|r u stupid\n|c| stepback wemby|cc and eq\n|c| Megakid20|lmao\n|c| jonglobobe|eq sub sd\n|\n|t:|1699826474\n|switch|p2a: Walking Stroke|Kartana|100\/100\n|-damage|p2a: Walking Stroke|94\/100|[from] Stealth Rock\n|turn|20\n|c|\u2606homixide poopoo|idk man its not like he revealed his enite set last game\n|c| stepback wemby|or sd\n|c| plague070|i dont pay attention to that stuff\n|c| plague070|its not my game\n|c| stepback wemby|yeah same lowkey\n|\n|t:|1699826510\n|switch|p1a: domd|Aegislash, M|100\/100\n|move|p2a: Walking Stroke|Leaf Blade|p1a: domd\n|-resisted|p1a: domd\n|-damage|p1a: domd|76\/100\n|\n|-weather|RainDance|[upkeep]\n|upkeep\n|turn|21\n|c| plague070|am i supposed to know every key set\n|c| plague070|when im not even playin\n|c| plague070|\ud83d\ude2d\n|\n|t:|1699826522\n|move|p2a: Walking Stroke|Leaf Blade|p1a: domd\n|-resisted|p1a: domd\n|-damage|p1a: domd|52\/100\n|-formechange|p1a: domd|Aegislash-Blade||[from] ability: Stance Change\n|move|p1a: domd|Shadow Ball|p2a: Walking Stroke\n|-damage|p2a: Walking Stroke|0 fnt\n|faint|p2a: Walking Stroke\n|\n|-weather|RainDance|[upkeep]\n|upkeep\n|\n|t:|1699826524\n|switch|p2a: WalKing Poke|Slowking, M|76\/100\n|turn|22\n|\n|t:|1699826539\n|move|p1a: domd|Shadow Ball|p2a: WalKing Poke\n|-supereffective|p2a: WalKing Poke\n|-damage|p2a: WalKing Poke|1\/100\n|move|p2a: WalKing Poke|Slack Off|p2a: WalKing Poke\n|-heal|p2a: WalKing Poke|51\/100\n|\n|-weather|none\n|upkeep\n|turn|23\n|c|\u2606Keykard|gg\n|\n|t:|1699826543\n|move|p1a: domd|Shadow Ball|p2a: WalKing Poke\n|-supereffective|p2a: WalKing Poke\n|-damage|p2a: WalKing Poke|0 fnt\n|faint|p2a: WalKing Poke\n|\n|win|homixide poopoo\n|c|\u2606homixide poopoo|gg\n","uploadtime":1699826547,"views":11,"p1id":"homixidepoopoo","p2id":"keykard","formatid":"gen9nationaldex","rating":0,"private":0,"password":""}