{"id":"gen9nationaldex-1990882280","p1":"Ghid","p2":"dagonyte","format":"[Gen 9] National Dex","log":"|j|\u2606Ghid\n|j|\u2606dagonyte\n|t:|1700010982\n|gametype|singles\n|player|p1|Ghid|red|1097\n|player|p2|dagonyte|pokemaniac|1168\n|teamsize|p1|6\n|teamsize|p2|6\n|gen|9\n|tier|[Gen 9] National Dex\n|rated|\n|rule|HP Percentage Mod: HP is shown in percentages\n|rule|Endless Battle Clause: Forcing endless battles is banned\n|rule|OHKO Clause: OHKO moves are banned\n|rule|Evasion Clause: Evasion abilities, items, and moves are banned\n|rule|Evasion Abilities Clause: Evasion abilities are banned\n|rule|Evasion Items Clause: Evasion items are banned\n|rule|Evasion Moves Clause: Evasion moves are banned\n|rule|Species Clause: Limit one of each Pok\u00e9mon\n|rule|Sleep Clause Mod: Limit one foe put to sleep\n|clearpoke\n|poke|p1|Muk, F|\n|poke|p1|Typhlosion, F|\n|poke|p1|Armaldo, M|\n|poke|p1|Regigigas|\n|poke|p1|Eelektross, M|\n|poke|p1|Greninja-*, M|\n|poke|p2|Ceruledge, F|\n|poke|p2|Zapdos|\n|poke|p2|Ninetales-Alola, F|\n|poke|p2|Muk-Alola, F|\n|poke|p2|Torkoal, M|\n|poke|p2|Alomomola, M|\n|teampreview\n|j| cheezerrat\n|c|\u2606dagonyte|Why regular muk?\n|c|\u2606dagonyte|What does It do better?\n|\n|t:|1700011021\n|start\n|switch|p1a: Armaldo|Armaldo, M|100\/100\n|switch|p2a: Torkoal|Torkoal, M|100\/100\n|-weather|SunnyDay|[from] ability: Drought|[of] p2a: Torkoal\n|turn|1\n|\n|t:|1700011032\n|move|p1a: Armaldo|Swords Dance|p1a: Armaldo\n|-boost|p1a: Armaldo|atk|2\n|move|p2a: Torkoal|Yawn|p1a: Armaldo\n|-start|p1a: Armaldo|move: Yawn|[of] p2a: Torkoal\n|\n|-weather|SunnyDay|[upkeep]\n|upkeep\n|turn|2\n|\n|t:|1700011047\n|switch|p1a: Regigigas|Regigigas|100\/100\n|-start|p1a: Regigigas|ability: Slow Start\n|switch|p2a: Zapdos|Zapdos|100\/100\n|\n|-weather|SunnyDay|[upkeep]\n|upkeep\n|turn|3\n|\n|t:|1700011054\n|move|p1a: Regigigas|Knock Off|p2a: Zapdos\n|-damage|p2a: Zapdos|82\/100\n|-enditem|p2a: Zapdos|Heavy-Duty Boots|[from] move: Knock Off|[of] p1a: Regigigas\n|move|p2a: Zapdos|Whirlwind|p1a: Regigigas\n|-end|p1a: Regigigas|Slow Start|[silent]\n|drag|p1a: Armaldo|Armaldo, M|100\/100\n|\n|-weather|SunnyDay|[upkeep]\n|upkeep\n|turn|4\n|\n|t:|1700011066\n|move|p2a: Zapdos|Volt Switch|p1a: Armaldo\n|-damage|p1a: Armaldo|54\/100\n|\n|t:|1700011071\n|switch|p2a: Alomomola|Alomomola, M|100\/100|[from] Volt Switch\n|move|p1a: Armaldo|Swords Dance|p1a: Armaldo\n|-boost|p1a: Armaldo|atk|2\n|\n|-weather|SunnyDay|[upkeep]\n|upkeep\n|turn|5\n|\n|t:|1700011090\n|switch|p1a: Muk|Muk, F|100\/100\n|move|p2a: Alomomola|Toxic|p1a: Muk\n|-immune|p1a: Muk\n|\n|-weather|none\n|upkeep\n|turn|6\n|\n|t:|1700011101\n|move|p2a: Alomomola|Flip Turn|p1a: Muk\n|-damage|p1a: Muk|84\/100\n|\n|t:|1700011104\n|switch|p2a: Muk|Muk-Alola, F|100\/100|[from] Flip Turn\n|move|p1a: Muk|Poison Jab|p2a: Muk\n|-resisted|p2a: Muk\n|-damage|p2a: Muk|84\/100\n|\n|-heal|p1a: Muk|90\/100|[from] item: Black Sludge\n|upkeep\n|turn|7\n|\n|t:|1700011138\n|move|p1a: Muk|Drain Punch|p2a: Muk\n|-damage|p2a: Muk|62\/100\n|-heal|p1a: Muk|100\/100|[from] drain|[of] p2a: Muk\n|move|p2a: Muk|Knock Off|p1a: Muk\n|-damage|p1a: Muk|54\/100\n|-enditem|p1a: Muk|Black Sludge|[from] move: Knock Off|[of] p2a: Muk\n|\n|upkeep\n|turn|8\n|\n|t:|1700011155\n|switch|p2a: Zapdos|Zapdos|82\/100\n|move|p1a: Muk|Drain Punch|p2a: Zapdos\n|-resisted|p2a: Zapdos\n|-damage|p2a: Zapdos|72\/100\n|-heal|p1a: Muk|59\/100|[from] drain|[of] p2a: Zapdos\n|\n|upkeep\n|turn|9\n|\n|t:|1700011166\n|move|p2a: Zapdos|Volt Switch|p1a: Muk\n|-damage|p1a: Muk|35\/100\n|\n|t:|1700011169\n|switch|p2a: Muk|Muk-Alola, F|62\/100|[from] Volt Switch\n|move|p1a: Muk|Poison Jab|p2a: Muk\n|-resisted|p2a: Muk\n|-damage|p2a: Muk|47\/100\n|\n|upkeep\n|turn|10\n|\n|t:|1700011176\n|move|p1a: Muk|Drain Punch|p2a: Muk\n|-damage|p2a: Muk|27\/100\n|-heal|p1a: Muk|45\/100|[from] drain|[of] p2a: Muk\n|move|p2a: Muk|Knock Off|p1a: Muk\n|-damage|p1a: Muk|10\/100\n|\n|upkeep\n|turn|11\n|\n|t:|1700011183\n|switch|p2a: Ceruledge|Ceruledge, F|100\/100\n|move|p1a: Muk|Drain Punch|p2a: Ceruledge\n|-immune|p2a: Ceruledge\n|\n|upkeep\n|turn|12\n|\n|t:|1700011193\n|switch|p2a: Zapdos|Zapdos|72\/100\n|move|p1a: Muk|Shadow Punch|p2a: Zapdos\n|-damage|p2a: Zapdos|55\/100\n|-status|p1a: Muk|par|[from] ability: Static|[of] p2a: Zapdos\n|\n|upkeep\n|turn|13\n|\n|t:|1700011200\n|move|p2a: Zapdos|Roost|p2a: Zapdos\n|-heal|p2a: Zapdos|100\/100\n|-singleturn|p2a: Zapdos|move: Roost\n|cant|p1a: Muk|par\n|\n|upkeep\n|turn|14\n|\n|t:|1700011207\n|move|p2a: Zapdos|Volt Switch|p1a: Muk\n|-damage|p1a: Muk|0 fnt\n|faint|p1a: Muk\n|\n|t:|1700011212\n|switch|p2a: Torkoal|Torkoal, M|100\/100|[from] Volt Switch\n|-weather|SunnyDay|[from] ability: Drought|[of] p2a: Torkoal\n|\n|-weather|SunnyDay|[upkeep]\n|upkeep\n|\n|t:|1700011222\n|switch|p1a: Regigigas|Regigigas|100\/100\n|-start|p1a: Regigigas|ability: Slow Start\n|turn|15\n|\n|t:|1700011228\n|move|p1a: Regigigas|Knock Off|p2a: Torkoal\n|-damage|p2a: Torkoal|90\/100\n|-damage|p1a: Regigigas|84\/100|[from] item: Rocky Helmet|[of] p2a: Torkoal\n|-enditem|p2a: Torkoal|Rocky Helmet|[from] move: Knock Off|[of] p1a: Regigigas\n|move|p2a: Torkoal|Yawn|p1a: Regigigas\n|-start|p1a: Regigigas|move: Yawn|[of] p2a: Torkoal\n|\n|-weather|SunnyDay|[upkeep]\n|-heal|p1a: Regigigas|90\/100|[from] item: Leftovers\n|upkeep\n|turn|16\n|\n|t:|1700011241\n|-end|p1a: Regigigas|Slow Start|[silent]\n|switch|p1a: Eelektross|Eelektross, M|100\/100\n|move|p2a: Torkoal|Stealth Rock|p1a: Eelektross\n|-sidestart|p1: Ghid|move: Stealth Rock\n|\n|-weather|SunnyDay|[upkeep]\n|upkeep\n|turn|17\n|\n|t:|1700011249\n|move|p1a: Eelektross|Thunderbolt|p2a: Torkoal\n|-damage|p2a: Torkoal|27\/100\n|move|p2a: Torkoal|Yawn|p1a: Eelektross\n|-start|p1a: Eelektross|move: Yawn|[of] p2a: Torkoal\n|\n|-weather|SunnyDay|[upkeep]\n|upkeep\n|turn|18\n|\n|t:|1700011258\n|move|p1a: Eelektross|Volt Switch|p2a: Torkoal\n|-damage|p2a: Torkoal|0 fnt\n|faint|p2a: Torkoal\n|\n|t:|1700011268\n|switch|p1a: Regigigas|Regigigas|90\/100|[from] Volt Switch\n|-damage|p1a: Regigigas|78\/100|[from] Stealth Rock\n|-start|p1a: Regigigas|ability: Slow Start\n|\n|-weather|none\n|-heal|p1a: Regigigas|84\/100|[from] item: Leftovers\n|upkeep\n|\n|t:|1700011278\n|switch|p2a: Ceruledge|Ceruledge, F|100\/100\n|turn|19\n|\n|t:|1700011291\n|move|p2a: Ceruledge|Swords Dance|p2a: Ceruledge\n|-boost|p2a: Ceruledge|atk|2\n|move|p1a: Regigigas|Thunder Wave|p2a: Ceruledge\n|-status|p2a: Ceruledge|par\n|\n|-heal|p1a: Regigigas|90\/100|[from] item: Leftovers\n|upkeep\n|turn|20\n|\n|t:|1700011299\n|cant|p2a: Ceruledge|par\n|move|p1a: Regigigas|Knock Off|p2a: Ceruledge\n|-supereffective|p2a: Ceruledge\n|-damage|p2a: Ceruledge|55\/100 par\n|-ability|p2a: Ceruledge|Weak Armor|boost\n|-unboost|p2a: Ceruledge|def|1\n|-boost|p2a: Ceruledge|spe|2\n|-enditem|p2a: Ceruledge|Focus Sash|[from] move: Knock Off|[of] p1a: Regigigas\n|\n|-heal|p1a: Regigigas|96\/100|[from] item: Leftovers\n|upkeep\n|turn|21\n|\n|t:|1700011318\n|cant|p2a: Ceruledge|par\n|move|p1a: Regigigas|Earthquake|p2a: Ceruledge\n|-supereffective|p2a: Ceruledge\n|-damage|p2a: Ceruledge|0 fnt\n|faint|p2a: Ceruledge\n|\n|-heal|p1a: Regigigas|100\/100|[from] item: Leftovers\n|upkeep\n|\n|t:|1700011326\n|switch|p2a: Ninetales|Ninetales-Alola, F|100\/100\n|-weather|Snow|[from] ability: Snow Warning|[of] p2a: Ninetales\n|turn|22\n|\n|t:|1700011333\n|move|p2a: Ninetales|Aurora Veil|p2a: Ninetales\n|-sidestart|p2: dagonyte|move: Aurora Veil\n|move|p1a: Regigigas|Thunder Wave|p2a: Ninetales\n|-status|p2a: Ninetales|par\n|\n|-weather|Snow|[upkeep]\n|-end|p1a: Regigigas|Slow Start\n|upkeep\n|turn|23\n|\n|t:|1700011340\n|move|p1a: Regigigas|Knock Off|p2a: Ninetales\n|-resisted|p2a: Ninetales\n|-damage|p2a: Ninetales|92\/100 par\n|-enditem|p2a: Ninetales|Light Clay|[from] move: Knock Off|[of] p1a: Regigigas\n|move|p2a: Ninetales|Nasty Plot|p2a: Ninetales\n|-boost|p2a: Ninetales|spa|2\n|\n|-weather|Snow|[upkeep]\n|upkeep\n|turn|24\n|\n|t:|1700011350\n|-terastallize|p1a: Regigigas|Normal\n|move|p1a: Regigigas|Return|p2a: Ninetales\n|-damage|p2a: Ninetales|56\/100 par\n|move|p2a: Ninetales|Nasty Plot|p2a: Ninetales\n|-boost|p2a: Ninetales|spa|2\n|\n|-weather|Snow|[upkeep]\n|upkeep\n|turn|25\n|\n|t:|1700011359\n|move|p1a: Regigigas|Return|p2a: Ninetales\n|-damage|p2a: Ninetales|19\/100 par\n|move|p2a: Ninetales|Draining Kiss|p1a: Regigigas\n|-damage|p1a: Regigigas|67\/100\n|-heal|p2a: Ninetales|56\/100 par|[from] drain|[of] p1a: Regigigas\n|\n|-weather|Snow|[upkeep]\n|-heal|p1a: Regigigas|73\/100|[from] item: Leftovers\n|upkeep\n|turn|26\n|\n|t:|1700011373\n|move|p1a: Regigigas|Return|p2a: Ninetales\n|-damage|p2a: Ninetales|23\/100 par\n|move|p2a: Ninetales|Draining Kiss|p1a: Regigigas\n|-damage|p1a: Regigigas|35\/100\n|-heal|p2a: Ninetales|65\/100 par|[from] drain|[of] p1a: Regigigas\n|\n|-weather|none\n|-heal|p1a: Regigigas|41\/100|[from] item: Leftovers\n|upkeep\n|turn|27\n|\n|t:|1700011380\n|-terastallize|p2a: Ninetales|Fairy\n|move|p1a: Regigigas|Return|p2a: Ninetales\n|-damage|p2a: Ninetales|16\/100 par\n|cant|p2a: Ninetales|par\n|\n|-heal|p1a: Regigigas|47\/100|[from] item: Leftovers\n|upkeep\n|turn|28\n|\n|t:|1700011389\n|move|p1a: Regigigas|Return|p2a: Ninetales\n|-damage|p2a: Ninetales|0 fnt\n|faint|p2a: Ninetales\n|\n|-heal|p1a: Regigigas|54\/100|[from] item: Leftovers\n|upkeep\n|\n|t:|1700011394\n|switch|p2a: Muk|Muk-Alola, F|27\/100\n|turn|29\n|\n|t:|1700011400\n|-singleturn|p2a: Muk|move: Focus Punch\n|move|p1a: Regigigas|Earthquake|p2a: Muk\n|-supereffective|p2a: Muk\n|-damage|p2a: Muk|0 fnt\n|faint|p2a: Muk\n|\n|-heal|p1a: Regigigas|60\/100|[from] item: Leftovers\n|-sideend|p2: dagonyte|move: Aurora Veil\n|upkeep\n|\n|t:|1700011409\n|switch|p2a: Alomomola|Alomomola, M|100\/100\n|turn|30\n|\n|t:|1700011413\n|move|p1a: Regigigas|Knock Off|p2a: Alomomola\n|-damage|p2a: Alomomola|82\/100\n|-enditem|p2a: Alomomola|Leftovers|[from] move: Knock Off|[of] p1a: Regigigas\n|move|p2a: Alomomola|Toxic|p1a: Regigigas\n|-status|p1a: Regigigas|tox\n|\n|-heal|p1a: Regigigas|66\/100 tox|[from] item: Leftovers\n|-damage|p1a: Regigigas|60\/100 tox|[from] psn\n|upkeep\n|turn|31\n|\n|t:|1700011424\n|move|p1a: Regigigas|Thunder Wave|p2a: Alomomola\n|-status|p2a: Alomomola|par\n|move|p2a: Alomomola|Wish|p2a: Alomomola\n|\n|-heal|p1a: Regigigas|66\/100 tox|[from] item: Leftovers\n|-damage|p1a: Regigigas|54\/100 tox|[from] psn\n|upkeep\n|turn|32\n|\n|t:|1700011436\n|-end|p1a: Regigigas|Slow Start|[silent]\n|switch|p1a: Eelektross|Eelektross, M|100\/100\n|-damage|p1a: Eelektross|88\/100|[from] Stealth Rock\n|cant|p2a: Alomomola|par\n|\n|-heal|p2a: Alomomola|100\/100 par|[from] move: Wish|[wisher] Alomomola\n|upkeep\n|turn|33\n|\n|t:|1700011442\n|move|p1a: Eelektross|Giga Drain|p2a: Alomomola\n|-supereffective|p2a: Alomomola\n|-damage|p2a: Alomomola|42\/100 par\n|-heal|p1a: Eelektross|100\/100|[from] drain|[of] p2a: Alomomola\n|move|p2a: Alomomola|Toxic|p1a: Eelektross\n|-status|p1a: Eelektross|tox\n|\n|-damage|p1a: Eelektross|94\/100 tox|[from] psn\n|upkeep\n|turn|34\n|\n|t:|1700011449\n|cant|p2a: Alomomola|par\n|move|p1a: Eelektross|Giga Drain|p2a: Alomomola\n|-supereffective|p2a: Alomomola\n|-damage|p2a: Alomomola|0 fnt\n|-heal|p1a: Eelektross|100\/100 tox|[from] drain|[of] p2a: Alomomola\n|faint|p2a: Alomomola\n|\n|-damage|p1a: Eelektross|88\/100 tox|[from] psn\n|upkeep\n|\n|t:|1700011452\n|switch|p2a: Zapdos|Zapdos|100\/100\n|turn|35\n|-message|dagonyte forfeited.\n|\n|win|Ghid\n|raw|Ghid's rating: 1097 &rarr; <strong>1128<\/strong><br \/>(+31 for winning)\n|raw|dagonyte's rating: 1168 &rarr; <strong>1138<\/strong><br \/>(-30 for losing)\n|l|\u2606dagonyte\n","uploadtime":1700011460,"views":4,"p1id":"ghid","p2id":"dagonyte","formatid":"gen9nationaldex","rating":1128,"private":0,"password":""}