{"id":"gen9nationaldex-1989228037","p1":"GreninjaFam","p2":"Dk Zay","format":"[Gen 9] National Dex","log":"|j|\u2606GreninjaFam\n|j|\u203dDk Zay\n|t:|1699825633\n|gametype|singles\n|player|p1|GreninjaFam|hilda|1534\n|player|p2|Dk Zay|1|1426\n|teamsize|p1|6\n|teamsize|p2|6\n|gen|9\n|tier|[Gen 9] National Dex\n|rated|\n|rule|HP Percentage Mod: HP is shown in percentages\n|rule|Endless Battle Clause: Forcing endless battles is banned\n|rule|OHKO Clause: OHKO moves are banned\n|rule|Evasion Clause: Evasion abilities, items, and moves are banned\n|rule|Evasion Abilities Clause: Evasion abilities are banned\n|rule|Evasion Items Clause: Evasion items are banned\n|rule|Evasion Moves Clause: Evasion moves are banned\n|rule|Species Clause: Limit one of each Pok\u00e9mon\n|rule|Sleep Clause Mod: Limit one foe put to sleep\n|clearpoke\n|poke|p1|Great Tusk|\n|poke|p1|Gyarados, M|\n|poke|p1|Scizor, M|\n|poke|p1|Magnezone|\n|poke|p1|Zoroark-Hisui, F|\n|poke|p1|Hatterene, F|\n|poke|p2|Sinistcha-Masterpiece|\n|poke|p2|Chansey, F|\n|poke|p2|Samurott-Hisui, F|\n|poke|p2|Pinsir, F|\n|poke|p2|Excadrill, M|\n|poke|p2|Terrakion|\n|teampreview\n|\n|t:|1699825661\n|start\n|switch|p1a: Scizor|Scizor, M|100\/100\n|switch|p2a: Excadrill|Excadrill, M|100\/100\n|-ability|p2a: Excadrill|Mold Breaker\n|turn|1\n|\n|t:|1699825667\n|detailschange|p1a: Scizor|Scizor-Mega, M\n|-mega|p1a: Scizor|Scizor|Scizorite\n|move|p2a: Excadrill|Stealth Rock|p1a: Scizor\n|-sidestart|p1: GreninjaFam|move: Stealth Rock\n|move|p1a: Scizor|Swords Dance|p1a: Scizor\n|-boost|p1a: Scizor|atk|2\n|\n|upkeep\n|turn|2\n|\n|t:|1699825672\n|move|p2a: Excadrill|Earthquake|p1a: Scizor\n|-damage|p1a: Scizor|62\/100\n|move|p1a: Scizor|Dual Wingbeat|p2a: Excadrill\n|-resisted|p2a: Excadrill\n|-damage|p2a: Excadrill|67\/100\n|-resisted|p2a: Excadrill\n|-damage|p2a: Excadrill|32\/100\n|-hitcount|p2a: Excadrill|2\n|\n|upkeep\n|turn|3\n|\n|t:|1699825678\n|move|p1a: Scizor|Bullet Punch|p2a: Excadrill\n|-resisted|p2a: Excadrill\n|-damage|p2a: Excadrill|0 fnt\n|faint|p2a: Excadrill\n|\n|upkeep\n|\n|t:|1699825685\n|switch|p2a: Samurott|Samurott-Hisui, F|100\/100\n|turn|4\n|\n|t:|1699825690\n|move|p2a: Samurott|Ceaseless Edge|p1a: Scizor\n|-damage|p1a: Scizor|30\/100\n|-sidestart|p1: GreninjaFam|Spikes\n|move|p1a: Scizor|Dual Wingbeat|p2a: Samurott\n|-damage|p2a: Samurott|35\/100\n|-damage|p2a: Samurott|0 fnt\n|faint|p2a: Samurott\n|-hitcount|p2: Samurott|2\n|\n|upkeep\n|\n|t:|1699825699\n|switch|p2a: Sinistcha|Sinistcha-Masterpiece|100\/100\n|turn|5\n|\n|t:|1699825706\n|-terastallize|p2a: Sinistcha|Steel\n|move|p1a: Scizor|Dual Wingbeat|p2a: Sinistcha\n|-resisted|p2a: Sinistcha\n|-damage|p2a: Sinistcha|85\/100\n|-resisted|p2a: Sinistcha\n|-damage|p2a: Sinistcha|66\/100\n|-hitcount|p2a: Sinistcha|2\n|move|p2a: Sinistcha|Shadow Ball|p1a: Scizor\n|-damage|p1a: Scizor|0 fnt\n|faint|p1a: Scizor\n|\n|-heal|p2a: Sinistcha|72\/100|[from] item: Leftovers\n|upkeep\n|\n|t:|1699825715\n|switch|p1a: Great Tusk|Great Tusk|100\/100\n|-damage|p1a: Great Tusk|98\/100|[from] Stealth Rock\n|-damage|p1a: Great Tusk|85\/100|[from] Spikes\n|-enditem|p1a: Great Tusk|Booster Energy\n|-activate|p1a: Great Tusk|ability: Protosynthesis|[fromitem]\n|-start|p1a: Great Tusk|protosynthesisatk\n|turn|6\n|\n|t:|1699825722\n|move|p1a: Great Tusk|Rapid Spin|p2a: Sinistcha\n|-resisted|p2a: Sinistcha\n|-damage|p2a: Sinistcha|64\/100\n|-boost|p1a: Great Tusk|spe|1\n|-sideend|p1: GreninjaFam|Spikes|[from] move: Rapid Spin|[of] p1a: Great Tusk\n|-sideend|p1: GreninjaFam|Stealth Rock|[from] move: Rapid Spin|[of] p1a: Great Tusk\n|move|p2a: Sinistcha|Matcha Gotcha|p1a: Great Tusk\n|-supereffective|p1a: Great Tusk\n|-damage|p1a: Great Tusk|0 fnt\n|-heal|p2a: Sinistcha|100\/100|[from] drain|[of] p1a: Great Tusk\n|faint|p1a: Great Tusk\n|-end|p1a: Great Tusk|Protosynthesis|[silent]\n|\n|upkeep\n|\n|t:|1699825726\n|switch|p1a: Gyarados|Gyarados, M|100\/100\n|turn|7\n|\n|t:|1699825733\n|switch|p2a: Terrakion|Terrakion|100\/100\n|move|p1a: Gyarados|Flamethrower|p2a: Terrakion\n|-resisted|p2a: Terrakion\n|-damage|p2a: Terrakion|82\/100\n|\n|upkeep\n|turn|8\n|\n|t:|1699825740\n|move|p2a: Terrakion|Stone Edge|p1a: Gyarados\n|-crit|p1a: Gyarados\n|-damage|p1a: Gyarados|0 fnt\n|replace|p1a: Zoroark|Zoroark-Hisui, F\n|-end|p1a: Zoroark|Illusion\n|faint|p1a: Zoroark\n|\n|upkeep\n|\n|t:|1699825744\n|switch|p1a: Magnezone|Magnezone|100\/100\n|-item|p1a: Magnezone|Air Balloon\n|turn|9\n|\n|t:|1699825747\n|switch|p2a: Chansey|Chansey, F|100\/100\n|move|p1a: Magnezone|Flash Cannon|p2a: Chansey\n|-damage|p2a: Chansey|86\/100\n|-unboost|p2a: Chansey|spd|1\n|\n|upkeep\n|turn|10\n|\n|t:|1699825750\n|move|p1a: Magnezone|Volt Switch|p2a: Chansey\n|-damage|p2a: Chansey|67\/100\n|\n|t:|1699825752\n|switch|p1a: Hatterene|Hatterene, F|100\/100|[from] Volt Switch\n|move|p2a: Chansey|Seismic Toss|p1a: Hatterene\n|-damage|p1a: Hatterene|69\/100\n|\n|-heal|p1a: Hatterene|75\/100|[from] item: Leftovers\n|upkeep\n|turn|11\n|\n|t:|1699825758\n|switch|p2a: Sinistcha|Sinistcha-Masterpiece, tera:Steel|100\/100\n|move|p1a: Hatterene|Future Sight|p2a: Sinistcha\n|-start|p1a: Hatterene|move: Future Sight\n|\n|-heal|p1a: Hatterene|81\/100|[from] item: Leftovers\n|upkeep\n|turn|12\n|\n|t:|1699825780\n|move|p2a: Sinistcha|Calm Mind|p2a: Sinistcha\n|-boost|p2a: Sinistcha|spa|1\n|-boost|p2a: Sinistcha|spd|1\n|move|p1a: Hatterene|Mystical Fire|p2a: Sinistcha\n|-supereffective|p2a: Sinistcha\n|-damage|p2a: Sinistcha|79\/100\n|-unboost|p2a: Sinistcha|spa|1\n|\n|-heal|p2a: Sinistcha|85\/100|[from] item: Leftovers\n|-heal|p1a: Hatterene|87\/100|[from] item: Leftovers\n|upkeep\n|turn|13\n|\n|t:|1699825789\n|move|p2a: Sinistcha|Calm Mind|p2a: Sinistcha\n|-boost|p2a: Sinistcha|spa|1\n|-boost|p2a: Sinistcha|spd|1\n|move|p1a: Hatterene|Mystical Fire|p2a: Sinistcha\n|-supereffective|p2a: Sinistcha\n|-damage|p2a: Sinistcha|67\/100\n|-unboost|p2a: Sinistcha|spa|1\n|\n|-end|p2a: Sinistcha|move: Future Sight\n|-resisted|p2a: Sinistcha\n|-damage|p2a: Sinistcha|47\/100\n|-heal|p2a: Sinistcha|53\/100|[from] item: Leftovers\n|-heal|p1a: Hatterene|93\/100|[from] item: Leftovers\n|upkeep\n|turn|14\n|\n|t:|1699825792\n|move|p2a: Sinistcha|Calm Mind|p2a: Sinistcha\n|-boost|p2a: Sinistcha|spa|1\n|-boost|p2a: Sinistcha|spd|1\n|move|p1a: Hatterene|Mystical Fire|p2a: Sinistcha\n|-supereffective|p2a: Sinistcha\n|-crit|p2a: Sinistcha\n|-damage|p2a: Sinistcha|0 fnt\n|faint|p2a: Sinistcha\n|\n|-heal|p1a: Hatterene|99\/100|[from] item: Leftovers\n|upkeep\n|\n|t:|1699825798\n|switch|p2a: Terrakion|Terrakion|82\/100\n|turn|15\n|\n|t:|1699825809\n|move|p2a: Terrakion|Iron Head|p1a: Hatterene\n|-supereffective|p1a: Hatterene\n|-damage|p1a: Hatterene|42\/100\n|move|p1a: Hatterene|Draining Kiss|p2a: Terrakion\n|-supereffective|p2a: Terrakion\n|-damage|p2a: Terrakion|9\/100\n|-heal|p1a: Hatterene|97\/100|[from] drain|[of] p2a: Terrakion\n|\n|-heal|p1a: Hatterene|100\/100|[from] item: Leftovers\n|upkeep\n|turn|16\n|\n|t:|1699825821\n|switch|p2a: Chansey|Chansey, F|67\/100\n|switch|p1a: Gyarados|Gyarados, M|100\/100\n|-ability|p1a: Gyarados|Intimidate|boost\n|-unboost|p2a: Chansey|atk|1\n|\n|upkeep\n|turn|17\n|\n|t:|1699825829\n|move|p1a: Gyarados|Dragon Dance|p1a: Gyarados\n|-boost|p1a: Gyarados|atk|1\n|-boost|p1a: Gyarados|spe|1\n|move|p2a: Chansey|Toxic|p1a: Gyarados\n|-status|p1a: Gyarados|tox\n|\n|-damage|p1a: Gyarados|94\/100 tox|[from] psn\n|upkeep\n|turn|18\n|\n|t:|1699825833\n|move|p1a: Gyarados|Dragon Dance|p1a: Gyarados\n|-boost|p1a: Gyarados|atk|1\n|-boost|p1a: Gyarados|spe|1\n|move|p2a: Chansey|Seismic Toss|p1a: Gyarados\n|-damage|p1a: Gyarados|64\/100 tox\n|\n|-damage|p1a: Gyarados|52\/100 tox|[from] psn\n|upkeep\n|turn|19\n|\n|t:|1699825840\n|move|p1a: Gyarados|Waterfall|p2a: Chansey\n|-damage|p2a: Chansey|14\/100\n|move|p2a: Chansey|Seismic Toss|p1a: Gyarados\n|-damage|p1a: Gyarados|22\/100 tox\n|\n|-damage|p1a: Gyarados|4\/100 tox|[from] psn\n|upkeep\n|turn|20\n|\n|t:|1699825846\n|move|p1a: Gyarados|Waterfall|p2a: Chansey\n|-damage|p2a: Chansey|0 fnt\n|faint|p2a: Chansey\n|\n|-damage|p1a: Gyarados|0 fnt|[from] psn\n|faint|p1a: Gyarados\n|upkeep\n|\n|t:|1699825853\n|switch|p1a: Hatterene|Hatterene, F|100\/100\n|switch|p2a: Pinsir|Pinsir, F|100\/100\n|turn|21\n|\n|t:|1699825860\n|detailschange|p2a: Pinsir|Pinsir-Mega, F\n|-mega|p2a: Pinsir|Pinsir|Pinsirite\n|move|p2a: Pinsir|Return|p1a: Hatterene\n|-damage|p1a: Hatterene|16\/100\n|move|p1a: Hatterene|Mystical Fire|p2a: Pinsir\n|-supereffective|p2a: Pinsir\n|-damage|p2a: Pinsir|13\/100\n|-unboost|p2a: Pinsir|spa|1\n|\n|-heal|p1a: Hatterene|22\/100|[from] item: Leftovers\n|upkeep\n|turn|22\n|\n|t:|1699825868\n|move|p2a: Pinsir|Return|p1a: Hatterene\n|-damage|p1a: Hatterene|0 fnt\n|faint|p1a: Hatterene\n|\n|upkeep\n|\n|t:|1699825869\n|switch|p1a: Magnezone|Magnezone|100\/100\n|-item|p1a: Magnezone|Air Balloon\n|turn|23\n|\n|t:|1699825876\n|-terastallize|p1a: Magnezone|Grass\n|move|p2a: Pinsir|Close Combat|p1a: Magnezone\n|-damage|p1a: Magnezone|59\/100\n|-unboost|p2a: Pinsir|def|1\n|-unboost|p2a: Pinsir|spd|1\n|-enditem|p1a: Magnezone|Air Balloon\n|move|p1a: Magnezone|Flash Cannon|p2a: Pinsir\n|-damage|p2a: Pinsir|0 fnt\n|faint|p2a: Pinsir\n|\n|upkeep\n|\n|t:|1699825880\n|switch|p2a: Terrakion|Terrakion|9\/100\n|turn|24\n|\n|t:|1699825884\n|move|p2a: Terrakion|Close Combat|p1a: Magnezone\n|-damage|p1a: Magnezone|1\/100\n|-unboost|p2a: Terrakion|def|1\n|-unboost|p2a: Terrakion|spd|1\n|move|p1a: Magnezone|Volt Switch|p2a: Terrakion\n|-damage|p2a: Terrakion|0 fnt\n|faint|p2a: Terrakion\n|\n|win|GreninjaFam\n|raw|GreninjaFam's rating: 1534 &rarr; <strong>1548<\/strong><br \/>(+14 for winning)\n|raw|Dk Zay's rating: 1426 &rarr; <strong>1412<\/strong><br \/>(-14 for losing)\n|l|\u203dDk Zay\n","uploadtime":1699825903,"views":18,"p1id":"greninjafam","p2id":"dkzay","formatid":"gen9nationaldex","rating":1412,"private":0,"password":""}