{"id":"gen9nationaldex-1998549307","p1":"Myrgetabrakke","p2":"kogsb","format":"[Gen 9] National Dex","log":"|html|<div class=\"broadcast-blue\"><strong>[Gen 9] National Dex is currently suspecting Sneasler! For information on how to participate check out the <a href=\"https:\/\/www.smogon.com\/forums\/threads\/sv-national-dex-suspect-8-just-dance.3731534\/\">suspect thread<\/a>.<\/strong><\/div>\n|j|\u2606Myrgetabrakke\n|j|\u2606kogsb\n|t:|1700955080\n|gametype|singles\n|player|p1|Myrgetabrakke|cynthia|\n|player|p2|kogsb|marley|\n|teamsize|p1|6\n|teamsize|p2|6\n|gen|9\n|tier|[Gen 9] National Dex\n|rule|HP Percentage Mod: HP is shown in percentages\n|rule|Endless Battle Clause: Forcing endless battles is banned\n|rule|OHKO Clause: OHKO moves are banned\n|rule|Evasion Clause: Evasion abilities, items, and moves are banned\n|rule|Evasion Abilities Clause: Evasion abilities are banned\n|rule|Evasion Items Clause: Evasion items are banned\n|rule|Evasion Moves Clause: Evasion moves are banned\n|rule|Species Clause: Limit one of each Pok\u00e9mon\n|rule|Sleep Clause Mod: Limit one foe put to sleep\n|clearpoke\n|poke|p1|Shuckle, M|\n|poke|p1|Tyranitar, F|\n|poke|p1|Cradily, F|\n|poke|p1|Glimmora, F|\n|poke|p1|Arcanine-Hisui, F|\n|poke|p1|Garganacl, M|\n|poke|p2|Brute Bonnet|\n|poke|p2|Tyranitar, M|\n|poke|p2|Meowscarada, M|\n|poke|p2|Ting-Lu|\n|poke|p2|Hydreigon, M|\n|poke|p2|Greninja-*, F|\n|teampreview\n|\n|t:|1700955105\n|start\n|switch|p1a: dogtective|Arcanine-Hisui, F|100\/100\n|switch|p2a: Greninja|Greninja, F|100\/100\n|turn|1\n|\n|t:|1700955127\n|switch|p1a: soggy meganium|Cradily, F|100\/100\n|move|p2a: Greninja|Surf|p1a: soggy meganium\n|-ability|p1a: soggy meganium|Storm Drain|boost\n|-boost|p1a: soggy meganium|spa|1\n|\n|upkeep\n|turn|2\n|\n|t:|1700955151\n|switch|p2a: Brute Bonnet|Brute Bonnet|100\/100\n|move|p1a: soggy meganium|Sandstorm|p1a: soggy meganium\n|-weather|Sandstorm\n|\n|-weather|Sandstorm|[upkeep]\n|-damage|p2a: Brute Bonnet|94\/100|[from] Sandstorm\n|upkeep\n|turn|3\n|\n|t:|1700955169\n|switch|p1a: the noodler|Shuckle, M|100\/100\n|move|p2a: Brute Bonnet|Bullet Seed|p1a: the noodler\n|-damage|p1a: the noodler|93\/100\n|-damage|p1a: the noodler|84\/100\n|-damage|p1a: the noodler|76\/100\n|-crit|p1a: the noodler\n|-damage|p1a: the noodler|64\/100\n|-hitcount|p1a: the noodler|4\n|\n|-weather|Sandstorm|[upkeep]\n|-damage|p2a: Brute Bonnet|88\/100|[from] Sandstorm\n|-heal|p1a: the noodler|70\/100|[from] item: Leftovers\n|upkeep\n|turn|4\n|\n|t:|1700955185\n|move|p2a: Brute Bonnet|Spore|p1a: the noodler\n|-status|p1a: the noodler|slp|[from] move: Spore\n|cant|p1a: the noodler|slp\n|\n|-weather|Sandstorm|[upkeep]\n|-damage|p2a: Brute Bonnet|82\/100|[from] Sandstorm\n|-heal|p1a: the noodler|76\/100 slp|[from] item: Leftovers\n|upkeep\n|turn|5\n|\n|t:|1700955195\n|move|p2a: Brute Bonnet|Bullet Seed|p1a: the noodler\n|-damage|p1a: the noodler|68\/100 slp\n|-damage|p1a: the noodler|59\/100 slp\n|-damage|p1a: the noodler|51\/100 slp\n|-damage|p1a: the noodler|44\/100 slp\n|-damage|p1a: the noodler|35\/100 slp\n|-hitcount|p1a: the noodler|5\n|cant|p1a: the noodler|slp\n|\n|-weather|Sandstorm|[upkeep]\n|-damage|p2a: Brute Bonnet|76\/100|[from] Sandstorm\n|-heal|p1a: the noodler|41\/100 slp|[from] item: Leftovers\n|upkeep\n|turn|6\n|\n|t:|1700955223\n|switch|p1a: soggy meganium|Cradily, F|100\/100\n|move|p2a: Brute Bonnet|Bullet Seed|p1a: soggy meganium\n|-crit|p1a: soggy meganium\n|-damage|p1a: soggy meganium|81\/100\n|-damage|p1a: soggy meganium|68\/100\n|-damage|p1a: soggy meganium|55\/100\n|-damage|p1a: soggy meganium|43\/100\n|-damage|p1a: soggy meganium|28\/100\n|-hitcount|p1a: soggy meganium|5\n|\n|-weather|none\n|-heal|p1a: soggy meganium|34\/100|[from] item: Leftovers\n|upkeep\n|turn|7\n|\n|t:|1700955276\n|switch|p1a: dogtective|Arcanine-Hisui, F|100\/100\n|move|p2a: Brute Bonnet|Bullet Seed|p1a: dogtective\n|-damage|p1a: dogtective|82\/100\n|-damage|p1a: dogtective|65\/100\n|-damage|p1a: dogtective|46\/100\n|-damage|p1a: dogtective|29\/100\n|-damage|p1a: dogtective|10\/100\n|-hitcount|p1a: dogtective|5\n|\n|upkeep\n|turn|8\n|\n|t:|1700955297\n|move|p1a: dogtective|Flare Blitz|p2a: Brute Bonnet\n|-supereffective|p2a: Brute Bonnet\n|-damage|p2a: Brute Bonnet|0 fnt\n|faint|p2a: Brute Bonnet\n|-end|p2a: Brute Bonnet|Protosynthesis|[silent]\n|\n|upkeep\n|\n|t:|1700955303\n|switch|p2a: Greninja|Greninja, F|100\/100\n|turn|9\n|\n|t:|1700955320\n|switch|p1a: soggy meganium|Cradily, F|34\/100\n|move|p2a: Greninja|Surf|p1a: soggy meganium\n|-ability|p1a: soggy meganium|Storm Drain|boost\n|-boost|p1a: soggy meganium|spa|1\n|\n|-heal|p1a: soggy meganium|40\/100|[from] item: Leftovers\n|upkeep\n|turn|10\n|\n|t:|1700955335\n|switch|p2a: Ting-Lu|Ting-Lu|100\/100\n|-ability|p2a: Ting-Lu|Vessel of Ruin\n|move|p1a: soggy meganium|Leech Seed|p2a: Ting-Lu\n|-start|p2a: Ting-Lu|move: Leech Seed\n|\n|-heal|p1a: soggy meganium|47\/100|[from] item: Leftovers\n|-damage|p2a: Ting-Lu|88\/100|[from] Leech Seed|[of] p1a: soggy meganium\n|-heal|p1a: soggy meganium|64\/100|[silent]\n|upkeep\n|turn|11\n|\n|t:|1700955362\n|switch|p1a: edaters dream|Glimmora, F|100\/100\n|-item|p1a: edaters dream|Air Balloon\n|move|p2a: Ting-Lu|Whirlwind|p1a: edaters dream\n|drag|p1a: mr prickles|Tyranitar, F|100\/100\n|-weather|Sandstorm|[from] ability: Sand Stream|[of] p1a: mr prickles\n|\n|-weather|Sandstorm|[upkeep]\n|-heal|p2a: Ting-Lu|94\/100|[from] item: Leftovers\n|-damage|p2a: Ting-Lu|82\/100|[from] Leech Seed|[of] p1a: mr prickles\n|upkeep\n|turn|12\n|\n|t:|1700955385\n|switch|p1a: edaters dream|Glimmora, F|100\/100\n|-item|p1a: edaters dream|Air Balloon\n|move|p2a: Ting-Lu|Earthquake|p1a: edaters dream\n|-immune|p1a: edaters dream\n|\n|-weather|Sandstorm|[upkeep]\n|-heal|p2a: Ting-Lu|88\/100|[from] item: Leftovers\n|-damage|p2a: Ting-Lu|76\/100|[from] Leech Seed|[of] p1a: edaters dream\n|upkeep\n|turn|13\n|\n|t:|1700955396\n|move|p1a: edaters dream|Toxic|p2a: Ting-Lu\n|-status|p2a: Ting-Lu|tox\n|move|p2a: Ting-Lu|Stealth Rock|p1a: edaters dream\n|-sidestart|p1: Myrgetabrakke|move: Stealth Rock\n|\n|-weather|Sandstorm|[upkeep]\n|-heal|p2a: Ting-Lu|82\/100 tox|[from] item: Leftovers\n|-damage|p2a: Ting-Lu|69\/100 tox|[from] Leech Seed|[of] p1a: edaters dream\n|-damage|p2a: Ting-Lu|63\/100 tox|[from] psn\n|upkeep\n|turn|14\n|\n|t:|1700955413\n|switch|p2a: Hydreigon|Hydreigon, M|100\/100\n|move|p1a: edaters dream|Mortal Spin|p2a: Hydreigon\n|-crit|p2a: Hydreigon\n|-damage|p2a: Hydreigon|90\/100\n|-status|p2a: Hydreigon|psn\n|-sideend|p1: Myrgetabrakke|Stealth Rock|[from] move: Mortal Spin|[of] p1a: edaters dream\n|\n|-weather|Sandstorm|[upkeep]\n|-damage|p2a: Hydreigon|84\/100 psn|[from] Sandstorm\n|-heal|p2a: Hydreigon|90\/100 psn|[from] item: Leftovers\n|-damage|p2a: Hydreigon|78\/100 psn|[from] psn\n|upkeep\n|turn|15\n|\n|t:|1700955435\n|switch|p1a: mr prickles|Tyranitar, F|100\/100\n|move|p2a: Hydreigon|Draco Meteor|p1a: mr prickles\n|-damage|p1a: mr prickles|74\/100\n|-unboost|p2a: Hydreigon|spa|2\n|\n|-weather|none\n|-heal|p2a: Hydreigon|84\/100 psn|[from] item: Leftovers\n|-damage|p2a: Hydreigon|72\/100 psn|[from] psn\n|upkeep\n|turn|16\n|\n|t:|1700955457\n|switch|p1a: the noodler|Shuckle, M|41\/100 slp\n|move|p2a: Hydreigon|Substitute|p2a: Hydreigon\n|-start|p2a: Hydreigon|Substitute\n|-damage|p2a: Hydreigon|47\/100 psn\n|\n|-heal|p2a: Hydreigon|53\/100 psn|[from] item: Leftovers\n|-heal|p1a: the noodler|47\/100 slp|[from] item: Leftovers\n|-damage|p2a: Hydreigon|40\/100 psn|[from] psn\n|upkeep\n|turn|17\n|\n|t:|1700955468\n|switch|p1a: mr prickles|Tyranitar, F|74\/100\n|-weather|Sandstorm|[from] ability: Sand Stream|[of] p1a: mr prickles\n|move|p2a: Hydreigon|Nasty Plot|p2a: Hydreigon\n|-boost|p2a: Hydreigon|spa|2\n|\n|-weather|Sandstorm|[upkeep]\n|-damage|p2a: Hydreigon|34\/100 psn|[from] Sandstorm\n|-heal|p2a: Hydreigon|40\/100 psn|[from] item: Leftovers\n|-damage|p2a: Hydreigon|28\/100 psn|[from] psn\n|upkeep\n|turn|18\n|\n|t:|1700955480\n|move|p2a: Hydreigon|Draco Meteor|p1a: mr prickles\n|-damage|p1a: mr prickles|50\/100\n|-unboost|p2a: Hydreigon|spa|2\n|move|p1a: mr prickles|Stone Edge|p2a: Hydreigon\n|-end|p2a: Hydreigon|Substitute\n|\n|-weather|Sandstorm|[upkeep]\n|-damage|p2a: Hydreigon|22\/100 psn|[from] Sandstorm\n|-heal|p2a: Hydreigon|28\/100 psn|[from] item: Leftovers\n|-damage|p2a: Hydreigon|16\/100 psn|[from] psn\n|upkeep\n|turn|19\n|\n|t:|1700955495\n|move|p2a: Hydreigon|Flamethrower|p1a: mr prickles\n|-resisted|p1a: mr prickles\n|-damage|p1a: mr prickles|48\/100\n|move|p1a: mr prickles|Stone Edge|p2a: Hydreigon\n|-crit|p2a: Hydreigon\n|-damage|p2a: Hydreigon|0 fnt\n|faint|p2a: Hydreigon\n|\n|-weather|Sandstorm|[upkeep]\n|upkeep\n|\n|t:|1700955506\n|switch|p2a: Meowscarada|Meowscarada, M|100\/100\n|turn|20\n|\n|t:|1700955511\n|switch|p1a: the noodler|Shuckle, M|47\/100 slp\n|move|p2a: Meowscarada|Flower Trick|p1a: the noodler\n|-start|p2a: Meowscarada|typechange|Grass|[from] ability: Protean\n|-crit|p1a: the noodler\n|-damage|p1a: the noodler|21\/100 slp\n|\n|-weather|Sandstorm|[upkeep]\n|-damage|p2a: Meowscarada|94\/100|[from] Sandstorm\n|-heal|p1a: the noodler|27\/100 slp|[from] item: Leftovers\n|upkeep\n|turn|21\n|\n|t:|1700955529\n|move|p2a: Meowscarada|Flower Trick|p1a: the noodler\n|-crit|p1a: the noodler\n|-damage|p1a: the noodler|0 fnt\n|faint|p1a: the noodler\n|\n|-weather|none\n|upkeep\n|\n|t:|1700955546\n|switch|p1a: dogtective|Arcanine-Hisui, F|10\/100\n|turn|22\n|\n|t:|1700955556\n|move|p2a: Meowscarada|Flower Trick|p1a: dogtective\n|-crit|p1a: dogtective\n|-damage|p1a: dogtective|0 fnt\n|faint|p1a: dogtective\n|\n|upkeep\n|\n|t:|1700955587\n|switch|p1a: edaters dream|Glimmora, F|100\/100\n|-item|p1a: edaters dream|Air Balloon\n|turn|23\n|\n|t:|1700955593\n|-terastallize|p1a: edaters dream|Flying\n|move|p2a: Meowscarada|Flower Trick|p1a: edaters dream\n|-resisted|p1a: edaters dream\n|-crit|p1a: edaters dream\n|-damage|p1a: edaters dream|70\/100\n|-enditem|p1a: edaters dream|Air Balloon\n|move|p1a: edaters dream|Sludge Bomb|p2a: Meowscarada\n|-supereffective|p2a: Meowscarada\n|-damage|p2a: Meowscarada|0 fnt\n|faint|p2a: Meowscarada\n|\n|upkeep\n|\n|t:|1700955611\n|switch|p2a: Greninja|Greninja, F|100\/100\n|turn|24\n|\n|t:|1700955616\n|switch|p1a: soggy meganium|Cradily, F|64\/100\n|move|p2a: Greninja|Ice Beam|p1a: soggy meganium\n|-supereffective|p1a: soggy meganium\n|-damage|p1a: soggy meganium|13\/100\n|\n|-heal|p1a: soggy meganium|19\/100|[from] item: Leftovers\n|upkeep\n|turn|25\n|\n|t:|1700955627\n|switch|p1a: mr prickles|Tyranitar, F|48\/100\n|-weather|Sandstorm|[from] ability: Sand Stream|[of] p1a: mr prickles\n|move|p2a: Greninja|Ice Beam|p1a: mr prickles\n|-damage|p1a: mr prickles|32\/100\n|\n|-weather|Sandstorm|[upkeep]\n|-damage|p2a: Greninja|95\/100|[from] Sandstorm\n|upkeep\n|turn|26\n|\n|t:|1700955651\n|switch|p2a: Ting-Lu|Ting-Lu|63\/100 tox\n|-ability|p2a: Ting-Lu|Vessel of Ruin\n|move|p1a: mr prickles|Stone Edge|p2a: Ting-Lu\n|-resisted|p2a: Ting-Lu\n|-damage|p2a: Ting-Lu|52\/100 tox\n|\n|-weather|Sandstorm|[upkeep]\n|-heal|p2a: Ting-Lu|58\/100 tox|[from] item: Leftovers\n|-damage|p2a: Ting-Lu|52\/100 tox|[from] psn\n|upkeep\n|turn|27\n|\n|t:|1700955667\n|switch|p1a: edaters dream|Glimmora, F, tera:Flying|70\/100\n|move|p2a: Ting-Lu|Body Press|p1a: edaters dream\n|-resisted|p1a: edaters dream\n|-damage|p1a: edaters dream|52\/100\n|\n|-weather|Sandstorm|[upkeep]\n|-damage|p1a: edaters dream|46\/100|[from] Sandstorm\n|-heal|p2a: Ting-Lu|58\/100 tox|[from] item: Leftovers\n|-damage|p2a: Ting-Lu|46\/100 tox|[from] psn\n|upkeep\n|turn|28\n|\n|t:|1700955694\n|switch|p2a: Tyranitar|Tyranitar, M|100\/100\n|move|p1a: edaters dream|Energy Ball|p2a: Tyranitar\n|-supereffective|p2a: Tyranitar\n|-damage|p2a: Tyranitar|67\/100\n|\n|-weather|Sandstorm|[upkeep]\n|-damage|p1a: edaters dream|40\/100|[from] Sandstorm\n|-heal|p2a: Tyranitar|73\/100|[from] item: Leftovers\n|upkeep\n|turn|29\n|\n|t:|1700955705\n|switch|p1a: BIG GUY|Garganacl, M|100\/100\n|move|p2a: Tyranitar|Stone Edge|p1a: BIG GUY\n|-damage|p1a: BIG GUY|71\/100\n|\n|-weather|none\n|-heal|p2a: Tyranitar|79\/100|[from] item: Leftovers\n|upkeep\n|turn|30\n|\n|t:|1700955724\n|move|p2a: Tyranitar|Stone Edge|p1a: BIG GUY\n|-crit|p1a: BIG GUY\n|-damage|p1a: BIG GUY|26\/100\n|move|p1a: BIG GUY|Salt Cure|p2a: Tyranitar\n|-damage|p2a: Tyranitar|68\/100\n|-start|p2a: Tyranitar|Salt Cure\n|\n|-heal|p2a: Tyranitar|74\/100|[from] item: Leftovers\n|-damage|p2a: Tyranitar|62\/100|[from] Salt Cure\n|upkeep\n|turn|31\n|\n|t:|1700955733\n|move|p2a: Tyranitar|Stone Edge|p1a: BIG GUY\n|-damage|p1a: BIG GUY|0 fnt\n|faint|p1a: BIG GUY\n|\n|-heal|p2a: Tyranitar|68\/100|[from] item: Leftovers\n|-damage|p2a: Tyranitar|56\/100|[from] Salt Cure\n|upkeep\n|\n|t:|1700955756\n|switch|p1a: edaters dream|Glimmora, F, tera:Flying|40\/100\n|turn|32\n|\n|t:|1700955760\n|move|p1a: edaters dream|Energy Ball|p2a: Tyranitar\n|-supereffective|p2a: Tyranitar\n|-damage|p2a: Tyranitar|0 fnt\n|faint|p2a: Tyranitar\n|\n|upkeep\n|\n|t:|1700955766\n|switch|p2a: Greninja|Greninja, F|95\/100\n|turn|33\n|\n|t:|1700955802\n|switch|p1a: mr prickles|Tyranitar, F|32\/100\n|-weather|Sandstorm|[from] ability: Sand Stream|[of] p1a: mr prickles\n|move|p2a: Greninja|Ice Beam|p1a: mr prickles\n|-damage|p1a: mr prickles|17\/100\n|\n|-weather|Sandstorm|[upkeep]\n|-damage|p2a: Greninja|89\/100|[from] Sandstorm\n|upkeep\n|turn|34\n|\n|t:|1700955811\n|move|p2a: Greninja|Ice Beam|p1a: mr prickles\n|-damage|p1a: mr prickles|3\/100\n|move|p1a: mr prickles|Stone Edge|p2a: Greninja\n|-damage|p2a: Greninja|0 fnt\n|faint|p2a: Greninja\n|\n|-weather|Sandstorm|[upkeep]\n|upkeep\n|\n|t:|1700955820\n|switch|p2a: Ting-Lu|Ting-Lu|46\/100 tox\n|-ability|p2a: Ting-Lu|Vessel of Ruin\n|turn|35\n|\n|t:|1700955832\n|-terastallize|p2a: Ting-Lu|Dark\n|move|p1a: mr prickles|Earthquake|p2a: Ting-Lu\n|-damage|p2a: Ting-Lu|29\/100 tox\n|move|p2a: Ting-Lu|Whirlwind|p1a: mr prickles\n|drag|p1a: edaters dream|Glimmora, F, tera:Flying|40\/100\n|\n|-weather|Sandstorm|[upkeep]\n|-damage|p1a: edaters dream|34\/100|[from] Sandstorm\n|-damage|p2a: Ting-Lu|22\/100 tox|[from] Sandstorm\n|-heal|p2a: Ting-Lu|29\/100 tox|[from] item: Leftovers\n|-damage|p2a: Ting-Lu|22\/100 tox|[from] psn\n|upkeep\n|turn|36\n|\n|t:|1700955859\n|move|p1a: edaters dream|Energy Ball|p2a: Ting-Lu\n|-damage|p2a: Ting-Lu|5\/100 tox\n|move|p2a: Ting-Lu|Whirlwind|p1a: edaters dream\n|drag|p1a: mr prickles|Tyranitar, F|3\/100\n|\n|-weather|Sandstorm|[upkeep]\n|-damage|p2a: Ting-Lu|0 fnt|[from] Sandstorm\n|faint|p2a: Ting-Lu\n|\n|win|Myrgetabrakke\n|upkeep\n|l|\u2606kogsb\n","uploadtime":1700955942,"views":2,"p1id":"myrgetabrakke","p2id":"kogsb","formatid":"gen9nationaldex","rating":0,"private":0,"password":""}