{"id":"gen9nationaldex-1996681335","p1":"108130958085102a","p2":"Autistic_Rabbit","format":"[Gen 9] National Dex","log":"|html|<div class=\"broadcast-blue\"><strong>[Gen 9] National Dex is currently suspecting Sneasler! For information on how to participate check out the <a href=\"https:\/\/www.smogon.com\/forums\/threads\/sv-national-dex-suspect-8-just-dance.3731534\/\">suspect thread<\/a>.<\/strong><\/div>\n|j|\u2606108130958085102a\n|j|\u2606Autistic_Rabbit\n|t:|1700709023\n|gametype|singles\n|player|p1|108130958085102a|rood|1509\n|player|p2|Autistic_Rabbit|dawn|1486\n|teamsize|p1|6\n|teamsize|p2|6\n|gen|9\n|tier|[Gen 9] National Dex\n|rated|\n|rule|HP Percentage Mod: HP is shown in percentages\n|rule|Endless Battle Clause: Forcing endless battles is banned\n|rule|OHKO Clause: OHKO moves are banned\n|rule|Evasion Clause: Evasion abilities, items, and moves are banned\n|rule|Evasion Abilities Clause: Evasion abilities are banned\n|rule|Evasion Items Clause: Evasion items are banned\n|rule|Evasion Moves Clause: Evasion moves are banned\n|rule|Species Clause: Limit one of each Pok\u00e9mon\n|rule|Sleep Clause Mod: Limit one foe put to sleep\n|clearpoke\n|poke|p1|Ursaluna, M|\n|poke|p1|Corviknight, M|\n|poke|p1|Dondozo, F|\n|poke|p1|Pinsir, F|\n|poke|p1|Hoopa-Unbound|\n|poke|p1|Iron Valiant|\n|poke|p2|Tapu Koko|\n|poke|p2|Barraskewda, M|\n|poke|p2|Pelipper, F|\n|poke|p2|Sneasler, F|\n|poke|p2|Gliscor, F|\n|poke|p2|Ferrothorn, M|\n|teampreview\n|\n|t:|1700709041\n|start\n|switch|p1a: Hoopa|Hoopa-Unbound|100\/100\n|switch|p2a: Barraskewda|Barraskewda, M|100\/100\n|turn|1\n|\n|t:|1700709051\n|move|p1a: Hoopa|Hyperspace Fury|p2a: Barraskewda\n|-damage|p2a: Barraskewda|0 fnt\n|-unboost|p1a: Hoopa|def|1\n|faint|p2a: Barraskewda\n|\n|upkeep\n|\n|t:|1700709058\n|switch|p2a: Tapu Koko|Tapu Koko|100\/100\n|-fieldstart|move: Electric Terrain|[from] ability: Electric Surge|[of] p2a: Tapu Koko\n|turn|2\n|\n|t:|1700709070\n|switch|p1a: Ursaluna|Ursaluna, M|100\/100\n|move|p2a: Tapu Koko|U-turn|p1a: Ursaluna\n|-damage|p1a: Ursaluna|87\/100\n|\n|t:|1700709077\n|switch|p2a: Sneasler|Sneasler, F|100\/100|[from] U-turn\n|-enditem|p2a: Sneasler|Electric Seed\n|-boost|p2a: Sneasler|def|1|[from] item: Electric Seed\n|\n|-status|p1a: Ursaluna|brn|[from] item: Flame Orb\n|upkeep\n|turn|3\n|\n|t:|1700709083\n|switch|p1a: Dondozo|Dondozo, F|100\/100\n|move|p2a: Sneasler|Close Combat|p1a: Dondozo\n|-damage|p1a: Dondozo|73\/100\n|-unboost|p2a: Sneasler|def|1\n|-unboost|p2a: Sneasler|spd|1\n|\n|-heal|p1a: Dondozo|79\/100|[from] item: Leftovers\n|upkeep\n|turn|4\n|\n|t:|1700709093\n|switch|p1a: Hoopa|Hoopa-Unbound|100\/100\n|-terastallize|p2a: Sneasler|Electric\n|move|p2a: Sneasler|Tera Blast|p1a: Hoopa|[anim] Tera Blast Electric\n|-damage|p1a: Hoopa|0 fnt\n|faint|p1a: Hoopa\n|\n|upkeep\n|\n|t:|1700709106\n|switch|p1a: Ursaluna|Ursaluna, M|87\/100 brn\n|turn|5\n|\n|t:|1700709119\n|switch|p2a: Gliscor|Gliscor, F|100\/100\n|move|p1a: Ursaluna|Facade|p2a: Gliscor\n|-damage|p2a: Gliscor|18\/100\n|\n|-damage|p1a: Ursaluna|81\/100 brn|[from] brn\n|-status|p2a: Gliscor|tox|[from] item: Toxic Orb\n|upkeep\n|turn|6\n|\n|t:|1700709126\n|switch|p2a: Ferrothorn|Ferrothorn, M|100\/100\n|switch|p1a: Pinsir|Pinsir, F|100\/100\n|\n|-fieldend|move: Electric Terrain\n|upkeep\n|turn|7\n|\n|t:|1700709135\n|detailschange|p1a: Pinsir|Pinsir-Mega, F\n|-mega|p1a: Pinsir|Pinsir|Pinsirite\n|move|p1a: Pinsir|Swords Dance|p1a: Pinsir\n|-boost|p1a: Pinsir|atk|2\n|move|p2a: Ferrothorn|Spikes|p1a: Pinsir\n|-sidestart|p1: 108130958085102a|Spikes\n|\n|upkeep\n|turn|8\n|\n|t:|1700709147\n|move|p1a: Pinsir|Frustration|p2a: Ferrothorn\n|-damage|p2a: Ferrothorn|17\/100\n|-damage|p1a: Pinsir|88\/100|[from] ability: Iron Barbs|[of] p2a: Ferrothorn\n|-enditem|p2a: Ferrothorn|Eject Button\n|\n|t:|1700709156\n|switch|p2a: Sneasler|Sneasler, F, tera:Electric|100\/100\n|\n|upkeep\n|turn|9\n|\n|t:|1700709169\n|switch|p1a: Ursaluna|Ursaluna, M|81\/100 brn\n|-damage|p1a: Ursaluna|69\/100 brn|[from] Spikes\n|move|p2a: Sneasler|Tera Blast|p1a: Ursaluna|[anim] Tera Blast Electric\n|-immune|p1a: Ursaluna\n|\n|-damage|p1a: Ursaluna|62\/100 brn|[from] brn\n|upkeep\n|turn|10\n|\n|t:|1700709176\n|-terastallize|p1a: Ursaluna|Ghost\n|move|p2a: Sneasler|Close Combat|p1a: Ursaluna\n|-immune|p1a: Ursaluna\n|move|p1a: Ursaluna|Facade|p2a: Sneasler\n|-damage|p2a: Sneasler|0 fnt\n|faint|p2a: Sneasler\n|\n|-damage|p1a: Ursaluna|56\/100 brn|[from] brn\n|upkeep\n|\n|t:|1700709183\n|switch|p2a: Tapu Koko|Tapu Koko|100\/100\n|-fieldstart|move: Electric Terrain|[from] ability: Electric Surge|[of] p2a: Tapu Koko\n|turn|11\n|\n|t:|1700709189\n|-zpower|p2a: Tapu Koko\n|move|p2a: Tapu Koko|Gigavolt Havoc|p1a: Ursaluna|[zeffect]\n|-damage|p1a: Ursaluna|0 fnt\n|faint|p1a: Ursaluna\n|\n|upkeep\n|\n|t:|1700709194\n|switch|p1a: Iron Valiant|Iron Valiant|100\/100\n|-damage|p1a: Iron Valiant|88\/100|[from] Spikes\n|-activate|p1a: Iron Valiant|ability: Quark Drive\n|-start|p1a: Iron Valiant|quarkdrivespe\n|turn|12\n|\n|t:|1700709198\n|switch|p2a: Ferrothorn|Ferrothorn, M|17\/100\n|move|p1a: Iron Valiant|Moonblast|p2a: Ferrothorn\n|-resisted|p2a: Ferrothorn\n|-damage|p2a: Ferrothorn|0 fnt\n|faint|p2a: Ferrothorn\n|\n|upkeep\n|\n|t:|1700709203\n|switch|p2a: Pelipper|Pelipper, F|100\/100\n|-weather|RainDance|[from] ability: Drizzle|[of] p2a: Pelipper\n|turn|13\n|\n|t:|1700709210\n|-end|p1a: Iron Valiant|Quark Drive|[silent]\n|switch|p1a: Corviknight|Corviknight, M|100\/100\n|switch|p2a: Gliscor|Gliscor, F|18\/100 tox\n|\n|-weather|RainDance|[upkeep]\n|-heal|p2a: Gliscor|30\/100 tox|[from] ability: Poison Heal\n|upkeep\n|turn|14\n|\n|t:|1700709215\n|move|p2a: Gliscor|Stealth Rock|p1a: Corviknight\n|-sidestart|p1: 108130958085102a|move: Stealth Rock\n|move|p1a: Corviknight|U-turn|p2a: Gliscor\n|-resisted|p2a: Gliscor\n|-damage|p2a: Gliscor|25\/100 tox\n|\n|t:|1700709218\n|switch|p1a: Pinsir|Pinsir-Mega, F|88\/100|[from] U-turn\n|-damage|p1a: Pinsir|39\/100|[from] Stealth Rock\n|\n|-weather|RainDance|[upkeep]\n|-heal|p2a: Gliscor|37\/100 tox|[from] ability: Poison Heal\n|upkeep\n|turn|15\n|\n|t:|1700709225\n|switch|p2a: Tapu Koko|Tapu Koko|100\/100\n|move|p1a: Pinsir|Frustration|p2a: Tapu Koko\n|-resisted|p2a: Tapu Koko\n|-damage|p2a: Tapu Koko|46\/100\n|\n|-weather|RainDance|[upkeep]\n|-fieldend|move: Electric Terrain\n|upkeep\n|turn|16\n|\n|t:|1700709232\n|move|p2a: Tapu Koko|Thunder|p1a: Pinsir\n|-supereffective|p1a: Pinsir\n|-damage|p1a: Pinsir|0 fnt\n|faint|p1a: Pinsir\n|\n|-weather|RainDance|[upkeep]\n|upkeep\n|\n|t:|1700709256\n|switch|p1a: Corviknight|Corviknight, M|100\/100\n|-damage|p1a: Corviknight|88\/100|[from] Stealth Rock\n|turn|17\n|\n|t:|1700709261\n|move|p2a: Tapu Koko|Thunder|p1a: Corviknight\n|-supereffective|p1a: Corviknight\n|-damage|p1a: Corviknight|0 fnt\n|faint|p1a: Corviknight\n|\n|-weather|RainDance|[upkeep]\n|upkeep\n|-message|108130958085102a forfeited.\n|\n|win|Autistic_Rabbit\n|raw|108130958085102a's rating: 1509 &rarr; <strong>1488<\/strong><br \/>(-21 for losing)\n|raw|Autistic_Rabbit's rating: 1486 &rarr; <strong>1507<\/strong><br \/>(+21 for winning)\n|l|\u2606108130958085102a\n","uploadtime":1700709272,"views":17,"p1id":"108130958085102a","p2id":"autisticrabbit","formatid":"gen9nationaldex","rating":1488,"private":0,"password":""}