{"id":"gen9nationaldex-1988563252","p1":"Lady_Luxury","p2":"Orlando912","format":"[Gen 9] National Dex","log":"|j|\u2606Lady_Luxury\n|j|\u2606Orlando912\n|t:|1699736494\n|gametype|singles\n|player|p1|Lady_Luxury|caitlin|1069\n|player|p2|Orlando912|collector|1025\n|teamsize|p1|6\n|teamsize|p2|6\n|gen|9\n|tier|[Gen 9] National Dex\n|rated|\n|rule|HP Percentage Mod: HP is shown in percentages\n|rule|Endless Battle Clause: Forcing endless battles is banned\n|rule|OHKO Clause: OHKO moves are banned\n|rule|Evasion Clause: Evasion abilities, items, and moves are banned\n|rule|Evasion Abilities Clause: Evasion abilities are banned\n|rule|Evasion Items Clause: Evasion items are banned\n|rule|Evasion Moves Clause: Evasion moves are banned\n|rule|Species Clause: Limit one of each Pok\u00e9mon\n|rule|Sleep Clause Mod: Limit one foe put to sleep\n|clearpoke\n|poke|p1|Ferrothorn, M|\n|poke|p1|Braviary-Hisui, M|\n|poke|p1|Reuniclus, F|\n|poke|p1|Kyurem|\n|poke|p1|Galvantula, F|\n|poke|p1|Volcarona, F|\n|poke|p2|Krookodile, M|\n|poke|p2|Gigalith, F|\n|poke|p2|Coalossal, M|\n|poke|p2|Excadrill, M|\n|poke|p2|Golurk|\n|poke|p2|Rampardos, F|\n|teampreview\n|inactive|Battle timer is ON: inactive players will automatically lose when time's up. (requested by Lady_Luxury)\n|\n|t:|1699736503\n|start\n|switch|p1a: Kyurem|Kyurem|100\/100\n|switch|p2a: Crook|Krookodile, M|100\/100\n|-ability|p1a: Kyurem|Pressure\n|-ability|p2a: Crook|Intimidate|boost\n|-unboost|p1a: Kyurem|atk|1\n|turn|1\n|\n|t:|1699736512\n|move|p1a: Kyurem|Dragon Dance|p1a: Kyurem\n|-boost|p1a: Kyurem|atk|1\n|-boost|p1a: Kyurem|spe|1\n|move|p2a: Crook|Beat Up|p1a: Kyurem\n|-damage|p1a: Kyurem|92\/100\n|-damage|p1a: Kyurem|83\/100\n|-damage|p1a: Kyurem|76\/100\n|-damage|p1a: Kyurem|67\/100\n|-damage|p1a: Kyurem|59\/100\n|-damage|p1a: Kyurem|48\/100\n|-hitcount|p1a: Kyurem|6\n|\n|upkeep\n|turn|2\n|\n|t:|1699736524\n|move|p1a: Kyurem|Icicle Spear|p2a: Crook\n|-supereffective|p2a: Crook\n|-damage|p2a: Crook|71\/100\n|-supereffective|p2a: Crook\n|-damage|p2a: Crook|41\/100\n|-supereffective|p2a: Crook\n|-damage|p2a: Crook|12\/100\n|-supereffective|p2a: Crook\n|-damage|p2a: Crook|0 fnt\n|faint|p2a: Crook\n|-hitcount|p2: Crook|4\n|\n|upkeep\n|\n|t:|1699736536\n|switch|p2a: Coalossal|Coalossal, M|100\/100\n|turn|3\n|\n|t:|1699736548\n|move|p1a: Kyurem|Earth Power|p2a: Coalossal\n|-supereffective|p2a: Coalossal\n|-damage|p2a: Coalossal|34\/100\n|move|p2a: Coalossal|Fire Punch|p1a: Kyurem\n|-damage|p1a: Kyurem|18\/100\n|\n|upkeep\n|turn|4\n|\n|t:|1699736557\n|move|p1a: Kyurem|Earth Power|p2a: Coalossal\n|-supereffective|p2a: Coalossal\n|-damage|p2a: Coalossal|0 fnt\n|faint|p2a: Coalossal\n|\n|upkeep\n|\n|t:|1699736563\n|switch|p2a: Golurk|Golurk|100\/100\n|turn|5\n|\n|t:|1699736567\n|move|p1a: Kyurem|Icicle Spear|p2a: Golurk\n|-supereffective|p2a: Golurk\n|-damage|p2a: Golurk|68\/100\n|-supereffective|p2a: Golurk\n|-damage|p2a: Golurk|39\/100\n|-supereffective|p2a: Golurk\n|-damage|p2a: Golurk|8\/100\n|-supereffective|p2a: Golurk\n|-damage|p2a: Golurk|0 fnt\n|faint|p2a: Golurk\n|-hitcount|p2: Golurk|4\n|\n|upkeep\n|\n|t:|1699736576\n|switch|p2a: Rampardos|Rampardos, F|100\/100\n|-ability|p2a: Rampardos|Mold Breaker\n|turn|6\n|\n|t:|1699736581\n|move|p1a: Kyurem|Earth Power|p2a: Rampardos\n|-supereffective|p2a: Rampardos\n|-crit|p2a: Rampardos\n|-damage|p2a: Rampardos|0 fnt\n|faint|p2a: Rampardos\n|\n|upkeep\n|\n|t:|1699736587\n|switch|p2a: Gigalith|Gigalith, F|100\/100\n|turn|7\n|\n|t:|1699736591\n|move|p1a: Kyurem|Earth Power|p2a: Gigalith\n|-supereffective|p2a: Gigalith\n|-damage|p2a: Gigalith|51\/100\n|move|p2a: Gigalith|Iron Head|p1a: Kyurem\n|-supereffective|p1a: Kyurem\n|-damage|p1a: Kyurem|0 fnt\n|faint|p1a: Kyurem\n|\n|upkeep\n|\n|t:|1699736606\n|switch|p1a: Volcarona|Volcarona, F|100\/100\n|turn|8\n|\n|t:|1699736613\n|-terastallize|p1a: Volcarona|Steel\n|move|p1a: Volcarona|Quiver Dance|p1a: Volcarona\n|-boost|p1a: Volcarona|spa|1\n|-boost|p1a: Volcarona|spd|1\n|-boost|p1a: Volcarona|spe|1\n|move|p2a: Gigalith|Earth Power|p1a: Volcarona\n|-supereffective|p1a: Volcarona\n|-damage|p1a: Volcarona|81\/100\n|\n|upkeep\n|turn|9\n|\n|t:|1699736625\n|move|p1a: Volcarona|Giga Drain|p2a: Gigalith\n|-supereffective|p2a: Gigalith\n|-damage|p2a: Gigalith|0 fnt\n|-heal|p1a: Volcarona|100\/100|[from] drain|[of] p2a: Gigalith\n|faint|p2a: Gigalith\n|\n|upkeep\n|\n|t:|1699736631\n|switch|p2a: Excadrill|Excadrill, M|100\/100\n|turn|10\n|\n|t:|1699736635\n|move|p1a: Volcarona|Fiery Dance|p2a: Excadrill\n|-supereffective|p2a: Excadrill\n|-damage|p2a: Excadrill|0 fnt\n|faint|p2a: Excadrill\n|\n|win|Lady_Luxury\n|raw|Lady_Luxury's rating: 1069 &rarr; <strong>1095<\/strong><br \/>(+26 for winning)\n|raw|Orlando912's rating: 1025 &rarr; <strong>1013<\/strong><br \/>(-12 for losing)\n|l|\u2606Lady_Luxury\n|l|\u2606Orlando912\n","uploadtime":1699736774,"views":6,"p1id":"ladyluxury","p2id":"orlando912","formatid":"gen9nationaldex","rating":1013,"private":0,"password":""}