{"id":"gen9nationaldex-1987724014","p1":"The challenger123","p2":"Francoise Fat","format":"[Gen 9] National Dex","log":"|j|\u2606The challenger123\n|j|\u2606Francoise Fat\n|t:|1699631111\n|gametype|singles\n|player|p1|The challenger123|265|1322\n|player|p2|Francoise Fat|169|1389\n|teamsize|p1|6\n|teamsize|p2|6\n|gen|9\n|tier|[Gen 9] National Dex\n|rated|\n|rule|HP Percentage Mod: HP is shown in percentages\n|rule|Endless Battle Clause: Forcing endless battles is banned\n|rule|OHKO Clause: OHKO moves are banned\n|rule|Evasion Clause: Evasion abilities, items, and moves are banned\n|rule|Evasion Abilities Clause: Evasion abilities are banned\n|rule|Evasion Items Clause: Evasion items are banned\n|rule|Evasion Moves Clause: Evasion moves are banned\n|rule|Species Clause: Limit one of each Pok\u00e9mon\n|rule|Sleep Clause Mod: Limit one foe put to sleep\n|clearpoke\n|poke|p1|Pelipper, M|\n|poke|p1|Kingdra, M|\n|poke|p1|Clodsire, M|\n|poke|p1|Ludicolo, F|\n|poke|p1|Politoed, M|\n|poke|p1|Swampert, F|\n|poke|p2|Garchomp, M|\n|poke|p2|Araquanid, F|\n|poke|p2|Iron Treads|\n|poke|p2|Tyranitar, F|\n|poke|p2|Sandaconda, M|\n|poke|p2|Aggron, F|\n|teampreview\n|\n|t:|1699631130\n|start\n|switch|p1a: Politoed|Politoed, M|100\/100\n|switch|p2a: Araquanid|Araquanid, F|100\/100\n|-weather|RainDance|[from] ability: Drizzle|[of] p1a: Politoed\n|turn|1\n|\n|t:|1699631137\n|move|p1a: Politoed|Toxic|p2a: Araquanid\n|-status|p2a: Araquanid|tox\n|move|p2a: Araquanid|Sticky Web|p1a: Politoed\n|-sidestart|p1: The challenger123|move: Sticky Web\n|\n|-weather|RainDance|[upkeep]\n|-damage|p2a: Araquanid|94\/100 tox|[from] psn\n|upkeep\n|turn|2\n|\n|t:|1699631178\n|move|p1a: Politoed|Encore|p2a: Araquanid\n|-start|p2a: Araquanid|Encore\n|-enditem|p2a: Araquanid|Mental Herb\n|-end|p2a: Araquanid|Encore\n|move|p2a: Araquanid|Infestation|p1a: Politoed\n|-crit|p1a: Politoed\n|-damage|p1a: Politoed|95\/100\n|-activate|p1a: Politoed|move: Infestation|[of] p2a: Araquanid\n|\n|-weather|RainDance|[upkeep]\n|-damage|p2a: Araquanid|82\/100 tox|[from] psn\n|-damage|p1a: Politoed|82\/100|[from] move: Infestation|[partiallytrapped]\n|upkeep\n|turn|3\n|\n|t:|1699631192\n|move|p1a: Politoed|Weather Ball|p2a: Araquanid\n|-resisted|p2a: Araquanid\n|-damage|p2a: Araquanid|68\/100 tox\n|move|p2a: Araquanid|Liquidation|p1a: Politoed\n|-resisted|p1a: Politoed\n|-damage|p1a: Politoed|52\/100\n|-unboost|p1a: Politoed|def|1\n|\n|-weather|RainDance|[upkeep]\n|-damage|p2a: Araquanid|49\/100 tox|[from] psn\n|-damage|p1a: Politoed|40\/100|[from] move: Infestation|[partiallytrapped]\n|upkeep\n|turn|4\n|\n|t:|1699631205\n|move|p1a: Politoed|Weather Ball|p2a: Araquanid\n|-resisted|p2a: Araquanid\n|-crit|p2a: Araquanid\n|-damage|p2a: Araquanid|28\/100 tox\n|move|p2a: Araquanid|Liquidation|p1a: Politoed\n|-resisted|p1a: Politoed\n|-damage|p1a: Politoed|0 fnt\n|faint|p1a: Politoed\n|\n|-weather|RainDance|[upkeep]\n|-damage|p2a: Araquanid|3\/100 tox|[from] psn\n|upkeep\n|\n|t:|1699631215\n|switch|p1a: Swampert|Swampert, F|100\/100\n|-activate|p1a: Swampert|move: Sticky Web\n|-unboost|p1a: Swampert|spe|1\n|turn|5\n|\n|t:|1699631226\n|detailschange|p1a: Swampert|Swampert-Mega, F\n|-mega|p1a: Swampert|Swampert|Swampertite\n|move|p1a: Swampert|Bulk Up|p1a: Swampert\n|-boost|p1a: Swampert|atk|1\n|-boost|p1a: Swampert|def|1\n|move|p2a: Araquanid|Liquidation|p1a: Swampert\n|-damage|p1a: Swampert|65\/100\n|\n|-weather|RainDance|[upkeep]\n|-damage|p2a: Araquanid|0 fnt|[from] psn\n|faint|p2a: Araquanid\n|upkeep\n|\n|t:|1699631236\n|switch|p2a: Oceano|Aggron, F, shiny|100\/100\n|turn|6\n|\n|t:|1699631242\n|move|p1a: Swampert|Brick Break|p2a: Oceano\n|-supereffective|p2a: Oceano\n|-damage|p2a: Oceano|16\/100\n|-enditem|p2a: Oceano|Red Card|[of] p1a: Swampert\n|drag|p1a: Kingdra|Kingdra, M|100\/100\n|-activate|p1a: Kingdra|move: Sticky Web\n|-unboost|p1a: Kingdra|spe|1\n|move|p2a: Oceano|Metal Burst|p1a: Kingdra\n|-damage|p1a: Kingdra|0 fnt\n|faint|p1a: Kingdra\n|\n|-weather|RainDance|[upkeep]\n|upkeep\n|c|\u2606The challenger123|DAMNNNNNNNNNNNNNNN\n|\n|t:|1699631261\n|switch|p1a: Ludicolo|Ludicolo, F|100\/100\n|-activate|p1a: Ludicolo|move: Sticky Web\n|-unboost|p1a: Ludicolo|spe|1\n|turn|7\n|\n|t:|1699631266\n|move|p1a: Ludicolo|Scald|p2a: Oceano\n|-supereffective|p2a: Oceano\n|-damage|p2a: Oceano|0 fnt\n|faint|p2a: Oceano\n|\n|-weather|RainDance|[upkeep]\n|upkeep\n|c|\u2606The challenger123|what a play\n|c|\u2606Francoise Fat|you know aggron i THINK is one of the only mons that can legit do that\n|c|\u2606Francoise Fat|i used to run assault vest or the mega bc theyre just such a cool mon\n|c|\u2606The challenger123|nice\n|c|\u2606Francoise Fat|but then it clicked\n|c|\u2606Francoise Fat|haha ty\n|\n|t:|1699631304\n|switch|p2a: Tyranitar|Tyranitar, F, shiny|100\/100\n|-weather|Sandstorm|[from] ability: Sand Stream|[of] p2a: Tyranitar\n|turn|8\n|c|\u2606The challenger123|i aint never seen that kind of play\n|\n|t:|1699631313\n|-terastallize|p1a: Ludicolo|Water\n|move|p1a: Ludicolo|Scald|p2a: Tyranitar\n|-supereffective|p2a: Tyranitar\n|-damage|p2a: Tyranitar|33\/100\n|move|p2a: Tyranitar|Pursuit|p1a: Ludicolo\n|-damage|p1a: Ludicolo|64\/100\n|\n|-weather|Sandstorm|[upkeep]\n|-damage|p1a: Ludicolo|58\/100|[from] Sandstorm\n|upkeep\n|turn|9\n|c|\u2606Francoise Fat|super super unique ty\n|\n|t:|1699631322\n|move|p1a: Ludicolo|Scald|p2a: Tyranitar\n|-supereffective|p2a: Tyranitar\n|-damage|p2a: Tyranitar|0 fnt\n|faint|p2a: Tyranitar\n|\n|-weather|Sandstorm|[upkeep]\n|-damage|p1a: Ludicolo|52\/100|[from] Sandstorm\n|upkeep\n|c|\u2606The challenger123|ong\n|\n|t:|1699631330\n|switch|p2a: Garchomp|Garchomp, M|100\/100\n|turn|10\n|\n|t:|1699631336\n|switch|p1a: Pelipper|Pelipper, M|100\/100\n|-weather|RainDance|[from] ability: Drizzle|[of] p1a: Pelipper\n|move|p2a: Garchomp|Scale Shot|p1a: Pelipper\n|-damage|p1a: Pelipper|87\/100\n|-damage|p1a: Pelipper|71\/100\n|-hitcount|p1a: Pelipper|2\n|-unboost|p2a: Garchomp|def|1\n|-boost|p2a: Garchomp|spe|1\n|\n|-weather|RainDance|[upkeep]\n|upkeep\n|turn|11\n|\n|t:|1699631350\n|detailschange|p2a: Garchomp|Garchomp-Mega, M\n|-mega|p2a: Garchomp|Garchomp|Garchompite\n|move|p2a: Garchomp|Swords Dance|p2a: Garchomp\n|-boost|p2a: Garchomp|atk|2\n|move|p1a: Pelipper|Defog|p2a: Garchomp\n|-unboost|p2a: Garchomp|evasion|1\n|-sideend|p1: The challenger123|Sticky Web|[from] move: Defog|[of] p1a: Pelipper\n|\n|-weather|RainDance|[upkeep]\n|upkeep\n|turn|12\n|\n|t:|1699631359\n|switch|p1a: Clodsire|Clodsire, M|100\/100\n|move|p2a: Garchomp|Swords Dance|p2a: Garchomp\n|-boost|p2a: Garchomp|atk|2\n|\n|-weather|RainDance|[upkeep]\n|upkeep\n|turn|13\n|\n|t:|1699631367\n|move|p2a: Garchomp|Earthquake|p1a: Clodsire\n|-supereffective|p1a: Clodsire\n|-damage|p1a: Clodsire|10\/100\n|move|p1a: Clodsire|Toxic|p2a: Garchomp\n|-status|p2a: Garchomp|tox\n|\n|-weather|RainDance|[upkeep]\n|-damage|p2a: Garchomp|94\/100 tox|[from] psn\n|upkeep\n|turn|14\n|\n|t:|1699631375\n|move|p2a: Garchomp|Scale Shot|p1a: Clodsire\n|-damage|p1a: Clodsire|0 fnt\n|faint|p1a: Clodsire\n|-hitcount|p1: Clodsire|1\n|-unboost|p2a: Garchomp|def|1\n|-boost|p2a: Garchomp|spe|1\n|\n|-weather|RainDance|[upkeep]\n|-damage|p2a: Garchomp|82\/100 tox|[from] psn\n|upkeep\n|\n|t:|1699631385\n|switch|p1a: Ludicolo|Ludicolo, F, tera:Water|52\/100\n|turn|15\n|\n|t:|1699631390\n|move|p2a: Garchomp|Earthquake|p1a: Ludicolo\n|-damage|p1a: Ludicolo|0 fnt\n|faint|p1a: Ludicolo\n|\n|-weather|RainDance|[upkeep]\n|-damage|p2a: Garchomp|64\/100 tox|[from] psn\n|upkeep\n|\n|t:|1699631396\n|switch|p1a: Swampert|Swampert-Mega, F|65\/100\n|turn|16\n|\n|t:|1699631399\n|switch|p1a: Pelipper|Pelipper, M|71\/100\n|move|p2a: Garchomp|Earthquake|p1a: Pelipper\n|-immune|p1a: Pelipper\n|\n|-weather|RainDance|[upkeep]\n|-damage|p2a: Garchomp|39\/100 tox|[from] psn\n|upkeep\n|turn|17\n|\n|t:|1699631406\n|move|p2a: Garchomp|Scale Shot|p1a: Pelipper|[miss]\n|-miss|p2a: Garchomp|p1a: Pelipper\n|move|p1a: Pelipper|U-turn|p2a: Garchomp\n|-damage|p2a: Garchomp|24\/100 tox\n|\n|t:|1699631411\n|switch|p1a: Swampert|Swampert-Mega, F|65\/100|[from] U-turn\n|\n|-weather|none\n|-damage|p2a: Garchomp|0 fnt|[from] psn\n|faint|p2a: Garchomp\n|upkeep\n|c|\u2606Francoise Fat|that was bound to happen rip\n|\n|t:|1699631419\n|switch|p2a: Iron Treads|Iron Treads|100\/100\n|-enditem|p2a: Iron Treads|Booster Energy\n|-activate|p2a: Iron Treads|ability: Quark Drive|[fromitem]\n|-start|p2a: Iron Treads|quarkdrivespe\n|turn|18\n|c|\u2606The challenger123|ye\n|\n|t:|1699631425\n|-terastallize|p2a: Iron Treads|Ice\n|move|p2a: Iron Treads|Earthquake|p1a: Swampert\n|-damage|p1a: Swampert|32\/100\n|move|p1a: Swampert|Bulk Up|p1a: Swampert\n|-boost|p1a: Swampert|atk|1\n|-boost|p1a: Swampert|def|1\n|\n|upkeep\n|turn|19\n|\n|t:|1699631438\n|move|p2a: Iron Treads|Earthquake|p1a: Swampert\n|-damage|p1a: Swampert|7\/100\n|move|p1a: Swampert|Waterfall|p2a: Iron Treads\n|-damage|p2a: Iron Treads|39\/100\n|\n|upkeep\n|turn|20\n|\n|t:|1699631444\n|switch|p1a: Pelipper|Pelipper, M|71\/100\n|-weather|RainDance|[from] ability: Drizzle|[of] p1a: Pelipper\n|move|p2a: Iron Treads|Ice Spinner|p1a: Pelipper\n|-damage|p1a: Pelipper|33\/100\n|\n|-weather|RainDance|[upkeep]\n|upkeep\n|turn|21\n|\n|t:|1699631452\n|move|p2a: Iron Treads|Rapid Spin|p1a: Pelipper\n|-crit|p1a: Pelipper\n|-damage|p1a: Pelipper|6\/100\n|-boost|p2a: Iron Treads|spe|1\n|move|p1a: Pelipper|Weather Ball|p2a: Iron Treads\n|-damage|p2a: Iron Treads|0 fnt\n|faint|p2a: Iron Treads\n|-end|p2a: Iron Treads|Quark Drive|[silent]\n|\n|-weather|RainDance|[upkeep]\n|upkeep\n|\n|t:|1699631458\n|switch|p2a: Sandaconda|Sandaconda, M|100\/100\n|turn|22\n|\n|t:|1699631467\n|move|p2a: Sandaconda|Stealth Rock|p1a: Pelipper\n|-sidestart|p1: The challenger123|move: Stealth Rock\n|move|p1a: Pelipper|Weather Ball|p2a: Sandaconda\n|-supereffective|p2a: Sandaconda\n|-damage|p2a: Sandaconda|18\/100\n|-weather|Sandstorm|[from] ability: Sand Spit|[of] p2a: Sandaconda\n|\n|-weather|Sandstorm|[upkeep]\n|-damage|p1a: Pelipper|0 fnt|[from] Sandstorm\n|faint|p1a: Pelipper\n|upkeep\n|c|\u2606Francoise Fat|IS THAT IT?\n|\n|t:|1699631476\n|switch|p1a: Swampert|Swampert-Mega, F|7\/100\n|-damage|p1a: Swampert|1\/100|[from] Stealth Rock\n|turn|23\n|c|\u2606Francoise Fat|NOOOOOOOOOOO\n|\n|t:|1699631482\n|move|p2a: Sandaconda|Earthquake|p1a: Swampert\n|-damage|p1a: Swampert|0 fnt\n|faint|p1a: Swampert\n|\n|win|Francoise Fat\n|raw|The challenger123's rating: 1322 &rarr; <strong>1306<\/strong><br \/>(-16 for losing)\n|raw|Francoise Fat's rating: 1389 &rarr; <strong>1405<\/strong><br \/>(+16 for winning)\n|c|\u2606Francoise Fat|wait\n|c|\u2606The challenger123|rip\n|c|\u2606Francoise Fat|noooo\n|c|\u2606Francoise Fat|youre adamant\n|c|\u2606Francoise Fat|listen that was a fun ass game\n|c|\u2606The challenger123|fr\n|c|\u2606Francoise Fat|gl on next, and be well son\n|c|\u2606The challenger123|gg\n","uploadtime":1699631507,"views":7,"p1id":"thechallenger123","p2id":"francoisefat","formatid":"gen9nationaldex","rating":1306,"private":0,"password":""}