{"id":"gen9nationaldex-1992938483","p1":"The power of ROCK","p2":"Dahness","format":"[Gen 9] National Dex","log":"|j|\u2606The power of ROCK\n|j|\u2606Dahness\n|inactive|Battle timer is ON: inactive players will automatically lose when time's up.\n|t:|1700248525\n|gametype|singles\n|player|p1|The power of ROCK|roark|\n|player|p2|Dahness|bill-gen3|\n|teamsize|p1|6\n|teamsize|p2|6\n|gen|9\n|tier|[Gen 9] National Dex\n|rated|Tournament battle\n|rule|HP Percentage Mod: HP is shown in percentages\n|rule|Endless Battle Clause: Forcing endless battles is banned\n|rule|OHKO Clause: OHKO moves are banned\n|rule|Evasion Clause: Evasion abilities, items, and moves are banned\n|rule|Evasion Abilities Clause: Evasion abilities are banned\n|rule|Evasion Items Clause: Evasion items are banned\n|rule|Evasion Moves Clause: Evasion moves are banned\n|rule|Species Clause: Limit one of each Pok\u00e9mon\n|rule|Sleep Clause Mod: Limit one foe put to sleep\n|clearpoke\n|poke|p1|Tyranitar, M|\n|poke|p1|Garganacl, M|\n|poke|p1|Aggron, F|\n|poke|p1|Cradily, M|\n|poke|p1|Glimmora, F|\n|poke|p1|Avalugg-Hisui, M|\n|poke|p2|Tapu Bulu|\n|poke|p2|Iron Hands|\n|poke|p2|Heatran, M|\n|poke|p2|Kyurem|\n|poke|p2|Zapdos|\n|poke|p2|Medicham, M|\n|teampreview\n|inactive|Dahness has 120 seconds left.\n|\n|t:|1700248556\n|start\n|switch|p1a: Garganacl|Garganacl, M|100\/100\n|switch|p2a: Heatran|Heatran, M, shiny|100\/100\n|turn|1\n|\n|t:|1700248560\n|-terastallize|p1a: Garganacl|Ghost\n|move|p2a: Heatran|Stealth Rock|p1a: Garganacl\n|-sidestart|p1: The power of ROCK|move: Stealth Rock\n|move|p1a: Garganacl|Salt Cure|p2a: Heatran\n|-damage|p2a: Heatran|89\/100\n|-start|p2a: Heatran|Salt Cure\n|\n|-heal|p2a: Heatran|95\/100|[from] item: Leftovers\n|-damage|p2a: Heatran|70\/100|[from] Salt Cure\n|upkeep\n|turn|2\n|j| Potatofromsinnoh\n|\n|t:|1700248569\n|switch|p2a: Tapu Bulu|Tapu Bulu, shiny|100\/100\n|-fieldstart|move: Grassy Terrain|[from] ability: Grassy Surge|[of] p2a: Tapu Bulu\n|move|p1a: Garganacl|Iron Defense|p1a: Garganacl\n|-boost|p1a: Garganacl|def|2\n|\n|upkeep\n|turn|3\n|\n|t:|1700248572\n|move|p2a: Tapu Bulu|Wood Hammer|p1a: Garganacl\n|-damage|p1a: Garganacl|62\/100\n|-damage|p2a: Tapu Bulu|82\/100|[from] Recoil\n|move|p1a: Garganacl|Salt Cure|p2a: Tapu Bulu\n|-damage|p2a: Tapu Bulu|67\/100\n|-start|p2a: Tapu Bulu|Salt Cure\n|\n|-heal|p2a: Tapu Bulu|73\/100|[from] Grassy Terrain\n|-heal|p1a: Garganacl|68\/100|[from] Grassy Terrain\n|-damage|p2a: Tapu Bulu|61\/100|[from] Salt Cure\n|upkeep\n|turn|4\n|c| Potatofromsinnoh|tapu bungus\n|\n|t:|1700248577\n|switch|p2a: Heatran|Heatran, M, shiny|70\/100\n|move|p1a: Garganacl|Recover|p1a: Garganacl\n|-heal|p1a: Garganacl|100\/100\n|\n|-heal|p2a: Heatran|76\/100|[from] Grassy Terrain\n|-heal|p2a: Heatran|82\/100|[from] item: Leftovers\n|upkeep\n|turn|5\n|\n|t:|1700248582\n|move|p2a: Heatran|Magma Storm|p1a: Garganacl\n|-crit|p1a: Garganacl\n|-damage|p1a: Garganacl|60\/100\n|-activate|p1a: Garganacl|move: Magma Storm|[of] p2a: Heatran\n|-enditem|p1a: Garganacl|Maranga Berry|[eat]\n|-boost|p1a: Garganacl|spd|1|[from] item: Maranga Berry\n|move|p1a: Garganacl|Body Press|p2a: Heatran\n|-supereffective|p2a: Heatran\n|-damage|p2a: Heatran|3\/100\n|\n|-heal|p2a: Heatran|9\/100|[from] Grassy Terrain\n|-heal|p2a: Heatran|16\/100|[from] item: Leftovers\n|-heal|p1a: Garganacl|66\/100|[from] Grassy Terrain\n|-damage|p1a: Garganacl|54\/100|[from] move: Magma Storm|[partiallytrapped]\n|upkeep\n|turn|6\n|\n|t:|1700248585\n|move|p2a: Heatran|Magma Storm|p1a: Garganacl\n|-damage|p1a: Garganacl|35\/100\n|move|p1a: Garganacl|Recover|p1a: Garganacl\n|-heal|p1a: Garganacl|85\/100\n|\n|-heal|p2a: Heatran|22\/100|[from] Grassy Terrain\n|-heal|p2a: Heatran|28\/100|[from] item: Leftovers\n|-heal|p1a: Garganacl|91\/100|[from] Grassy Terrain\n|-damage|p1a: Garganacl|79\/100|[from] move: Magma Storm|[partiallytrapped]\n|-fieldend|move: Grassy Terrain\n|upkeep\n|turn|7\n|\n|t:|1700248591\n|move|p2a: Heatran|Magma Storm|p1a: Garganacl\n|-damage|p1a: Garganacl|60\/100\n|move|p1a: Garganacl|Recover|p1a: Garganacl\n|-heal|p1a: Garganacl|100\/100\n|\n|-heal|p2a: Heatran|34\/100|[from] item: Leftovers\n|-damage|p1a: Garganacl|88\/100|[from] move: Magma Storm|[partiallytrapped]\n|upkeep\n|turn|8\n|c| Potatofromsinnoh|sorry force of habit\n|\n|t:|1700248597\n|move|p2a: Heatran|Magma Storm|p1a: Garganacl|[miss]\n|-miss|p2a: Heatran|p1a: Garganacl\n|move|p1a: Garganacl|Salt Cure|p2a: Heatran\n|-damage|p2a: Heatran|23\/100\n|-start|p2a: Heatran|Salt Cure\n|\n|-heal|p2a: Heatran|29\/100|[from] item: Leftovers\n|-damage|p2a: Heatran|4\/100|[from] Salt Cure\n|-damage|p1a: Garganacl|76\/100|[from] move: Magma Storm|[partiallytrapped]\n|upkeep\n|turn|9\n|\n|t:|1700248600\n|move|p2a: Heatran|Earth Power|p1a: Garganacl\n|-damage|p1a: Garganacl|64\/100\n|move|p1a: Garganacl|Iron Defense|p1a: Garganacl\n|-boost|p1a: Garganacl|def|2\n|\n|-heal|p2a: Heatran|11\/100|[from] item: Leftovers\n|-damage|p2a: Heatran|0 fnt|[from] Salt Cure\n|faint|p2a: Heatran\n|-end|p1a: Garganacl|Magma Storm|[partiallytrapped]\n|upkeep\n|\n|t:|1700248606\n|switch|p2a: Kyurem|Kyurem, shiny|100\/100\n|-ability|p2a: Kyurem|Pressure\n|turn|10\n|\n|t:|1700248609\n|-terastallize|p2a: Kyurem|Poison\n|move|p2a: Kyurem|Substitute|p2a: Kyurem\n|-start|p2a: Kyurem|Substitute\n|-damage|p2a: Kyurem|76\/100\n|move|p1a: Garganacl|Recover|p1a: Garganacl\n|-heal|p1a: Garganacl|100\/100\n|\n|upkeep\n|turn|11\n|\n|t:|1700248618\n|move|p2a: Kyurem|Freeze-Dry|p1a: Garganacl\n|-damage|p1a: Garganacl|85\/100\n|move|p1a: Garganacl|Body Press|p2a: Kyurem\n|-resisted|p2a: Kyurem\n|-end|p2a: Kyurem|Substitute\n|\n|upkeep\n|turn|12\n|\n|t:|1700248623\n|move|p2a: Kyurem|Earth Power|p1a: Garganacl\n|-damage|p1a: Garganacl|72\/100\n|move|p1a: Garganacl|Body Press|p2a: Kyurem\n|-resisted|p2a: Kyurem\n|-damage|p2a: Kyurem|46\/100\n|\n|upkeep\n|turn|13\n|\n|t:|1700248627\n|move|p2a: Kyurem|Freeze-Dry|p1a: Garganacl\n|-damage|p1a: Garganacl|56\/100\n|move|p1a: Garganacl|Body Press|p2a: Kyurem\n|-resisted|p2a: Kyurem\n|-damage|p2a: Kyurem|16\/100\n|\n|upkeep\n|turn|14\n|\n|t:|1700248629\n|move|p2a: Kyurem|Roost|p2a: Kyurem\n|-heal|p2a: Kyurem|66\/100\n|move|p1a: Garganacl|Salt Cure|p2a: Kyurem\n|-damage|p2a: Kyurem|54\/100\n|-start|p2a: Kyurem|Salt Cure\n|\n|-damage|p2a: Kyurem|41\/100|[from] Salt Cure\n|upkeep\n|turn|15\n|\n|t:|1700248633\n|move|p2a: Kyurem|Roost|p2a: Kyurem\n|-heal|p2a: Kyurem|91\/100\n|move|p1a: Garganacl|Recover|p1a: Garganacl\n|-heal|p1a: Garganacl|100\/100\n|\n|-damage|p2a: Kyurem|79\/100|[from] Salt Cure\n|upkeep\n|turn|16\n|\n|t:|1700248635\n|move|p2a: Kyurem|Freeze-Dry|p1a: Garganacl\n|-damage|p1a: Garganacl|85\/100\n|move|p1a: Garganacl|Body Press|p2a: Kyurem\n|-resisted|p2a: Kyurem\n|-damage|p2a: Kyurem|48\/100\n|\n|-damage|p2a: Kyurem|36\/100|[from] Salt Cure\n|upkeep\n|turn|17\n|\n|t:|1700248640\n|move|p2a: Kyurem|Roost|p2a: Kyurem\n|-heal|p2a: Kyurem|86\/100\n|move|p1a: Garganacl|Body Press|p2a: Kyurem\n|-resisted|p2a: Kyurem\n|-damage|p2a: Kyurem|54\/100\n|\n|-damage|p2a: Kyurem|41\/100|[from] Salt Cure\n|upkeep\n|turn|18\n|\n|t:|1700248645\n|move|p2a: Kyurem|Roost|p2a: Kyurem\n|-heal|p2a: Kyurem|91\/100\n|move|p1a: Garganacl|Salt Cure|p2a: Kyurem\n|-damage|p2a: Kyurem|79\/100\n|\n|-damage|p2a: Kyurem|66\/100|[from] Salt Cure\n|upkeep\n|turn|19\n|\n|t:|1700248649\n|move|p2a: Kyurem|Freeze-Dry|p1a: Garganacl\n|-damage|p1a: Garganacl|71\/100\n|move|p1a: Garganacl|Iron Defense|p1a: Garganacl\n|-boost|p1a: Garganacl|def|2\n|\n|-damage|p2a: Kyurem|54\/100|[from] Salt Cure\n|upkeep\n|turn|20\n|c| Potatofromsinnoh|woah\n|\n|t:|1700248652\n|move|p2a: Kyurem|Freeze-Dry|p1a: Garganacl\n|-damage|p1a: Garganacl|55\/100\n|move|p1a: Garganacl|Salt Cure|p2a: Kyurem\n|-damage|p2a: Kyurem|40\/100\n|\n|-damage|p2a: Kyurem|28\/100|[from] Salt Cure\n|upkeep\n|turn|21\n|\n|t:|1700248656\n|move|p2a: Kyurem|Roost|p2a: Kyurem\n|-heal|p2a: Kyurem|78\/100\n|move|p1a: Garganacl|Recover|p1a: Garganacl\n|-heal|p1a: Garganacl|100\/100\n|\n|-damage|p2a: Kyurem|66\/100|[from] Salt Cure\n|upkeep\n|turn|22\n|\n|t:|1700248659\n|move|p2a: Kyurem|Freeze-Dry|p1a: Garganacl\n|-damage|p1a: Garganacl|84\/100\n|move|p1a: Garganacl|Iron Defense|p1a: Garganacl\n|-boost|p1a: Garganacl|def|0\n|\n|-damage|p2a: Kyurem|54\/100|[from] Salt Cure\n|upkeep\n|turn|23\n|c| Potatofromsinnoh|shiny kyurem looks awesome\n|\n|t:|1700248664\n|move|p2a: Kyurem|Roost|p2a: Kyurem\n|-heal|p2a: Kyurem|100\/100\n|move|p1a: Garganacl|Iron Defense|p1a: Garganacl\n|-boost|p1a: Garganacl|def|0\n|\n|-damage|p2a: Kyurem|88\/100|[from] Salt Cure\n|upkeep\n|turn|24\n|\n|t:|1700248667\n|move|p2a: Kyurem|Freeze-Dry|p1a: Garganacl\n|-damage|p1a: Garganacl|69\/100\n|move|p1a: Garganacl|Iron Defense|p1a: Garganacl\n|-boost|p1a: Garganacl|def|0\n|\n|-damage|p2a: Kyurem|76\/100|[from] Salt Cure\n|upkeep\n|turn|25\n|c|\u2606Dahness|fs\n|\n|t:|1700248671\n|move|p2a: Kyurem|Earth Power|p1a: Garganacl\n|-damage|p1a: Garganacl|55\/100\n|-unboost|p1a: Garganacl|spd|1\n|move|p1a: Garganacl|Iron Defense|p1a: Garganacl\n|-boost|p1a: Garganacl|def|0\n|\n|-damage|p2a: Kyurem|63\/100|[from] Salt Cure\n|upkeep\n|turn|26\n|\n|t:|1700248676\n|move|p2a: Kyurem|Freeze-Dry|p1a: Garganacl\n|-damage|p1a: Garganacl|33\/100\n|move|p1a: Garganacl|Recover|p1a: Garganacl\n|-heal|p1a: Garganacl|83\/100\n|\n|-damage|p2a: Kyurem|51\/100|[from] Salt Cure\n|upkeep\n|turn|27\n|\n|t:|1700248683\n|switch|p1a: Tyranitar|Tyranitar, M|100\/100\n|-damage|p1a: Tyranitar|88\/100|[from] Stealth Rock\n|-weather|Sandstorm|[from] ability: Sand Stream|[of] p1a: Tyranitar\n|move|p2a: Kyurem|Roost|p2a: Kyurem\n|-heal|p2a: Kyurem|100\/100\n|\n|-weather|Sandstorm|[upkeep]\n|-damage|p2a: Kyurem|94\/100|[from] Sandstorm\n|-damage|p2a: Kyurem|82\/100|[from] Salt Cure\n|upkeep\n|turn|28\n|c| Potatofromsinnoh|purple ice\n|\n|t:|1700248696\n|switch|p2a: Tapu Bulu|Tapu Bulu, shiny|61\/100\n|-fieldstart|move: Grassy Terrain|[from] ability: Grassy Surge|[of] p2a: Tapu Bulu\n|move|p1a: Tyranitar|Knock Off|p2a: Tapu Bulu\n|-resisted|p2a: Tapu Bulu\n|-damage|p2a: Tapu Bulu|38\/100\n|-enditem|p2a: Tapu Bulu|Choice Band|[from] move: Knock Off|[of] p1a: Tyranitar\n|\n|-weather|Sandstorm|[upkeep]\n|-damage|p2a: Tapu Bulu|31\/100|[from] Sandstorm\n|-heal|p2a: Tapu Bulu|38\/100|[from] Grassy Terrain\n|-heal|p1a: Tyranitar|94\/100|[from] Grassy Terrain\n|upkeep\n|turn|29\n|\n|t:|1700248704\n|switch|p1a: Cradily|Cradily, M|100\/100\n|-damage|p1a: Cradily|88\/100|[from] Stealth Rock\n|move|p2a: Tapu Bulu|Horn Leech|p1a: Cradily\n|-crit|p1a: Cradily\n|-damage|p1a: Cradily|41\/100\n|-heal|p2a: Tapu Bulu|69\/100|[from] drain|[of] p1a: Cradily\n|\n|-weather|Sandstorm|[upkeep]\n|-damage|p2a: Tapu Bulu|63\/100|[from] Sandstorm\n|-heal|p2a: Tapu Bulu|69\/100|[from] Grassy Terrain\n|-heal|p1a: Cradily|47\/100|[from] Grassy Terrain\n|upkeep\n|turn|30\n|j| Aziz Le Bledart\n|\n|t:|1700248718\n|move|p2a: Tapu Bulu|Horn Leech|p1a: Cradily\n|-damage|p1a: Cradily|14\/100\n|-heal|p2a: Tapu Bulu|91\/100|[from] drain|[of] p1a: Cradily\n|move|p1a: Cradily|Infestation|p2a: Tapu Bulu\n|-damage|p2a: Tapu Bulu|86\/100\n|-activate|p2a: Tapu Bulu|move: Infestation|[of] p1a: Cradily\n|\n|-weather|Sandstorm|[upkeep]\n|-damage|p2a: Tapu Bulu|80\/100|[from] Sandstorm\n|-heal|p2a: Tapu Bulu|86\/100|[from] Grassy Terrain\n|-heal|p1a: Cradily|20\/100|[from] Grassy Terrain\n|-damage|p2a: Tapu Bulu|70\/100|[from] move: Infestation|[partiallytrapped]\n|upkeep\n|turn|31\n|c| Potatofromsinnoh|dahness\n|c|\u2606Dahness|?\n|\n|t:|1700248727\n|move|p2a: Tapu Bulu|Horn Leech|p1a: Cradily\n|-damage|p1a: Cradily|0 fnt\n|-heal|p2a: Tapu Bulu|83\/100|[from] drain|[of] p1a: Cradily\n|faint|p1a: Cradily\n|\n|-weather|none\n|-heal|p2a: Tapu Bulu|89\/100|[from] Grassy Terrain\n|-end|p2a: Tapu Bulu|Infestation|[partiallytrapped]|[silent]\n|upkeep\n|c| Potatofromsinnoh|you should put darkest lariat on your bulu\n|c| Potatofromsinnoh|so you dont get stalled\n|\n|t:|1700248743\n|switch|p1a: Avalugg|Avalugg-Hisui, M|100\/100\n|turn|32\n|c|\u2606Dahness|nah kyurem helps with that\n|\n|t:|1700248769\n|switch|p2a: Medicham|Medicham, M|100\/100\n|move|p1a: Avalugg|Rapid Spin|p2a: Medicham\n|-damage|p2a: Medicham|77\/100\n|-boost|p1a: Avalugg|spe|1\n|-sideend|p1: The power of ROCK|Stealth Rock|[from] move: Rapid Spin|[of] p1a: Avalugg\n|\n|-heal|p2a: Medicham|83\/100|[from] Grassy Terrain\n|-fieldend|move: Grassy Terrain\n|upkeep\n|turn|33\n|c| Potatofromsinnoh|yummy kyurem\n|\n|t:|1700248773\n|move|p2a: Medicham|Close Combat|p1a: Avalugg\n|-supereffective|p1a: Avalugg\n|-ability|p1a: Avalugg|Sturdy\n|-damage|p1a: Avalugg|1\/100\n|-unboost|p2a: Medicham|def|1\n|-unboost|p2a: Medicham|spd|1\n|move|p1a: Avalugg|Avalanche|p2a: Medicham\n|-damage|p2a: Medicham|0 fnt\n|faint|p2a: Medicham\n|\n|upkeep\n|\n|t:|1700248781\n|switch|p2a: Tapu Bulu|Tapu Bulu, shiny|89\/100\n|-fieldstart|move: Grassy Terrain|[from] ability: Grassy Surge|[of] p2a: Tapu Bulu\n|turn|34\n|\n|t:|1700248785\n|move|p2a: Tapu Bulu|Horn Leech|p1a: Avalugg\n|-supereffective|p1a: Avalugg\n|-damage|p1a: Avalugg|0 fnt\n|-heal|p2a: Tapu Bulu|89\/100|[from] drain|[of] p1a: Avalugg\n|faint|p1a: Avalugg\n|\n|-heal|p2a: Tapu Bulu|96\/100|[from] Grassy Terrain\n|upkeep\n|\n|t:|1700248787\n|switch|p1a: Glimmora|Glimmora, F|100\/100\n|turn|35\n|\n|t:|1700248797\n|move|p1a: Glimmora|Sludge Wave|p2a: Tapu Bulu\n|-supereffective|p2a: Tapu Bulu\n|-damage|p2a: Tapu Bulu|0 fnt\n|faint|p2a: Tapu Bulu\n|\n|upkeep\n|\n|t:|1700248800\n|switch|p2a: Kyurem|Kyurem, shiny, tera:Poison|82\/100\n|-ability|p2a: Kyurem|Pressure\n|turn|36\n|c| Potatofromsinnoh|but broadly lariat is a good move\n|\n|t:|1700248803\n|switch|p1a: Tyranitar|Tyranitar, M|94\/100\n|-weather|Sandstorm|[from] ability: Sand Stream|[of] p1a: Tyranitar\n|move|p2a: Kyurem|Earth Power|p1a: Tyranitar\n|-supereffective|p1a: Tyranitar\n|-damage|p1a: Tyranitar|76\/100\n|\n|-weather|Sandstorm|[upkeep]\n|-damage|p2a: Kyurem|76\/100|[from] Sandstorm\n|-heal|p2a: Kyurem|82\/100|[from] Grassy Terrain\n|-heal|p1a: Tyranitar|83\/100|[from] Grassy Terrain\n|upkeep\n|turn|37\n|\n|t:|1700248827\n|switch|p2a: Iron Hands|Iron Hands, shiny|100\/100\n|-enditem|p2a: Iron Hands|Booster Energy\n|-activate|p2a: Iron Hands|ability: Quark Drive|[fromitem]\n|-start|p2a: Iron Hands|quarkdriveatk\n|move|p1a: Tyranitar|Knock Off|p2a: Iron Hands\n|-resisted|p2a: Iron Hands\n|-damage|p2a: Iron Hands|92\/100\n|\n|-weather|Sandstorm|[upkeep]\n|-damage|p2a: Iron Hands|85\/100|[from] Sandstorm\n|-heal|p1a: Tyranitar|89\/100|[from] Grassy Terrain\n|-heal|p2a: Iron Hands|92\/100|[from] Grassy Terrain\n|upkeep\n|turn|38\n|c| Potatofromsinnoh|least specially defensive tyranitar\n|\n|t:|1700248841\n|switch|p1a: Glimmora|Glimmora, F|100\/100\n|move|p2a: Iron Hands|Swords Dance|p2a: Iron Hands\n|-boost|p2a: Iron Hands|atk|2\n|\n|-weather|Sandstorm|[upkeep]\n|-damage|p2a: Iron Hands|85\/100|[from] Sandstorm\n|-heal|p2a: Iron Hands|92\/100|[from] Grassy Terrain\n|-fieldend|move: Grassy Terrain\n|upkeep\n|turn|39\n|\n|t:|1700248846\n|move|p1a: Glimmora|Mortal Spin|p2a: Iron Hands\n|-damage|p2a: Iron Hands|88\/100\n|-status|p2a: Iron Hands|psn\n|move|p2a: Iron Hands|Thunder Punch|p1a: Glimmora\n|-damage|p1a: Glimmora|0 fnt\n|-activate|p1a: Glimmora|ability: Toxic Debris\n|-sidestart|p2: Dahness|move: Toxic Spikes\n|faint|p1a: Glimmora\n|\n|-weather|Sandstorm|[upkeep]\n|-damage|p2a: Iron Hands|82\/100 psn|[from] Sandstorm\n|-damage|p2a: Iron Hands|69\/100 psn|[from] psn\n|upkeep\n|c|\u2606Dahness|yea its av\n|\n|t:|1700248851\n|switch|p1a: Aggron|Aggron, F|100\/100\n|turn|40\n|\n|t:|1700248854\n|detailschange|p1a: Aggron|Aggron-Mega, F\n|-mega|p1a: Aggron|Aggron|Aggronite\n|move|p1a: Aggron|Iron Defense|p1a: Aggron\n|-boost|p1a: Aggron|def|2\n|move|p2a: Iron Hands|Drain Punch|p1a: Aggron\n|-supereffective|p1a: Aggron\n|-damage|p1a: Aggron|73\/100\n|-heal|p2a: Iron Hands|78\/100 psn|[from] drain|[of] p1a: Aggron\n|\n|-weather|none\n|-damage|p2a: Iron Hands|66\/100 psn|[from] psn\n|upkeep\n|turn|41\n|\n|t:|1700248862\n|move|p2a: Iron Hands|Drain Punch|p1a: Aggron\n|-supereffective|p1a: Aggron\n|-damage|p1a: Aggron|47\/100\n|-heal|p2a: Iron Hands|75\/100 psn|[from] drain|[of] p1a: Aggron\n|move|p1a: Aggron|Body Press|p2a: Iron Hands\n|-damage|p2a: Iron Hands|12\/100 psn\n|\n|-damage|p2a: Iron Hands|0 fnt|[from] psn\n|faint|p2a: Iron Hands\n|-end|p2a: Iron Hands|Quark Drive|[silent]\n|upkeep\n|\n|t:|1700248870\n|switch|p2a: Zapdos|Zapdos, shiny|100\/100\n|turn|42\n|\n|t:|1700248877\n|move|p2a: Zapdos|Hurricane|p1a: Aggron\n|-resisted|p1a: Aggron\n|-damage|p1a: Aggron|14\/100\n|move|p1a: Aggron|Rest|p1a: Aggron\n|-status|p1a: Aggron|slp|[from] move: Rest\n|-heal|p1a: Aggron|100\/100 slp|[silent]\n|\n|upkeep\n|turn|43\n|\n|t:|1700248884\n|move|p2a: Zapdos|Hurricane|p1a: Aggron\n|-resisted|p1a: Aggron\n|-damage|p1a: Aggron|68\/100 slp\n|-start|p1a: Aggron|confusion\n|cant|p1a: Aggron|slp\n|-activate|p1a: Aggron|confusion\n|-damage|p1a: Aggron|66\/100 slp|[from] confusion\n|\n|upkeep\n|turn|44\n|\n|t:|1700248888\n|switch|p1a: Tyranitar|Tyranitar, M|89\/100\n|-weather|Sandstorm|[from] ability: Sand Stream|[of] p1a: Tyranitar\n|move|p2a: Zapdos|Hurricane|p1a: Tyranitar\n|-resisted|p1a: Tyranitar\n|-damage|p1a: Tyranitar|81\/100\n|-start|p1a: Tyranitar|confusion\n|\n|-weather|Sandstorm|[upkeep]\n|-damage|p2a: Zapdos|94\/100|[from] Sandstorm\n|upkeep\n|turn|45\n|\n|t:|1700248892\n|switch|p1a: Aggron|Aggron-Mega, F|66\/100 slp\n|move|p2a: Zapdos|Volt Switch|p1a: Aggron\n|-damage|p1a: Aggron|25\/100 slp\n|\n|t:|1700248896\n|switch|p2a: Kyurem|Kyurem, shiny, tera:Poison|82\/100|[from] Volt Switch\n|-sideend|p2: Dahness|move: Toxic Spikes|[of] p2a: Kyurem\n|-ability|p2a: Kyurem|Pressure\n|\n|-weather|Sandstorm|[upkeep]\n|-damage|p2a: Kyurem|76\/100|[from] Sandstorm\n|upkeep\n|turn|46\n|\n|t:|1700248898\n|switch|p1a: Tyranitar|Tyranitar, M|81\/100\n|move|p2a: Kyurem|Substitute|p2a: Kyurem\n|-start|p2a: Kyurem|Substitute\n|-damage|p2a: Kyurem|51\/100\n|\n|-weather|Sandstorm|[upkeep]\n|-damage|p2a: Kyurem|45\/100|[from] Sandstorm\n|upkeep\n|turn|47\n|\n|t:|1700248903\n|move|p2a: Kyurem|Earth Power|p1a: Tyranitar\n|-supereffective|p1a: Tyranitar\n|-damage|p1a: Tyranitar|64\/100\n|-unboost|p1a: Tyranitar|spd|1\n|move|p1a: Tyranitar|Knock Off|p2a: Kyurem\n|-end|p2a: Kyurem|Substitute\n|\n|-weather|Sandstorm|[upkeep]\n|-damage|p2a: Kyurem|39\/100|[from] Sandstorm\n|upkeep\n|turn|48\n|\n|t:|1700248909\n|switch|p1a: Garganacl|Garganacl, M, tera:Ghost|83\/100\n|move|p2a: Kyurem|Roost|p2a: Kyurem\n|-heal|p2a: Kyurem|89\/100\n|\n|-weather|none\n|upkeep\n|turn|49\n|\n|t:|1700248913\n|switch|p1a: Tyranitar|Tyranitar, M|64\/100\n|-weather|Sandstorm|[from] ability: Sand Stream|[of] p1a: Tyranitar\n|move|p2a: Kyurem|Substitute|p2a: Kyurem\n|-start|p2a: Kyurem|Substitute\n|-damage|p2a: Kyurem|64\/100\n|\n|-weather|Sandstorm|[upkeep]\n|-damage|p2a: Kyurem|58\/100|[from] Sandstorm\n|upkeep\n|turn|50\n|\n|t:|1700248916\n|move|p2a: Kyurem|Earth Power|p1a: Tyranitar\n|-supereffective|p1a: Tyranitar\n|-damage|p1a: Tyranitar|49\/100\n|move|p1a: Tyranitar|Knock Off|p2a: Kyurem\n|-end|p2a: Kyurem|Substitute\n|\n|-weather|Sandstorm|[upkeep]\n|-damage|p2a: Kyurem|51\/100|[from] Sandstorm\n|upkeep\n|turn|51\n|c| Potatofromsinnoh|walking death penalty of a tyranitar\n|\n|t:|1700248920\n|move|p2a: Kyurem|Earth Power|p1a: Tyranitar\n|-supereffective|p1a: Tyranitar\n|-damage|p1a: Tyranitar|31\/100\n|move|p1a: Tyranitar|Knock Off|p2a: Kyurem\n|-damage|p2a: Kyurem|10\/100\n|-enditem|p2a: Kyurem|Heavy-Duty Boots|[from] move: Knock Off|[of] p1a: Tyranitar\n|\n|-weather|Sandstorm|[upkeep]\n|-damage|p2a: Kyurem|3\/100|[from] Sandstorm\n|upkeep\n|turn|52\n|c|\u2606Dahness|lol\n|\n|t:|1700248929\n|switch|p1a: Aggron|Aggron-Mega, F|25\/100 slp\n|move|p2a: Kyurem|Earth Power|p1a: Aggron\n|-supereffective|p1a: Aggron\n|-damage|p1a: Aggron|0 fnt\n|faint|p1a: Aggron\n|\n|-weather|Sandstorm|[upkeep]\n|-damage|p2a: Kyurem|0 fnt|[from] Sandstorm\n|faint|p2a: Kyurem\n|upkeep\n|\n|t:|1700248934\n|switch|p2a: Zapdos|Zapdos, shiny|94\/100\n|switch|p1a: Garganacl|Garganacl, M, tera:Ghost|83\/100\n|turn|53\n|\n|t:|1700248938\n|move|p2a: Zapdos|Hurricane|p1a: Garganacl\n|-damage|p1a: Garganacl|47\/100\n|-start|p1a: Garganacl|confusion\n|-activate|p1a: Garganacl|confusion\n|move|p1a: Garganacl|Salt Cure|p2a: Zapdos\n|-supereffective|p2a: Zapdos\n|-damage|p2a: Zapdos|62\/100\n|-start|p2a: Zapdos|Salt Cure\n|\n|-weather|none\n|-damage|p2a: Zapdos|50\/100|[from] Salt Cure\n|upkeep\n|turn|54\n|\n|t:|1700248943\n|move|p2a: Zapdos|Hurricane|p1a: Garganacl|[miss]\n|-miss|p2a: Zapdos|p1a: Garganacl\n|-activate|p1a: Garganacl|confusion\n|move|p1a: Garganacl|Recover|p1a: Garganacl\n|-heal|p1a: Garganacl|97\/100\n|\n|-damage|p2a: Zapdos|38\/100|[from] Salt Cure\n|upkeep\n|turn|55\n|\n|t:|1700248946\n|move|p2a: Zapdos|Roost|p2a: Zapdos\n|-heal|p2a: Zapdos|88\/100\n|-singleturn|p2a: Zapdos|move: Roost\n|-activate|p1a: Garganacl|confusion\n|move|p1a: Garganacl|Salt Cure|p2a: Zapdos\n|-damage|p2a: Zapdos|70\/100\n|\n|-damage|p2a: Zapdos|58\/100|[from] Salt Cure\n|upkeep\n|turn|56\n|\n|t:|1700248953\n|move|p2a: Zapdos|Volt Switch|p1a: Garganacl\n|-crit|p1a: Garganacl\n|-damage|p1a: Garganacl|63\/100\n|-activate|p1a: Garganacl|confusion\n|-damage|p1a: Garganacl|57\/100|[from] confusion\n|\n|-damage|p2a: Zapdos|45\/100|[from] Salt Cure\n|upkeep\n|turn|57\n|l| Aziz Le Bledart\n|\n|t:|1700248958\n|move|p2a: Zapdos|Hurricane|p1a: Garganacl\n|-damage|p1a: Garganacl|22\/100\n|-end|p1a: Garganacl|confusion\n|move|p1a: Garganacl|Salt Cure|p2a: Zapdos\n|-supereffective|p2a: Zapdos\n|-damage|p2a: Zapdos|13\/100\n|\n|-damage|p2a: Zapdos|0 fnt|[from] Salt Cure\n|faint|p2a: Zapdos\n|\n|win|The power of ROCK\n|upkeep\n|n|\u2606The power of ROCK|thepowerofrock\n|n|\u2606Dahness|dahness\n|n| Potatofromsinnoh|potatofromsinnoh\n|c|\u2606Dahness|gg\n|c|\u2606The power of ROCK|gg : )\n|c| Potatofromsinnoh|RIP\n","uploadtime":1700248964,"views":6,"p1id":"thepowerofrock","p2id":"dahness","formatid":"gen9nationaldex","rating":0,"private":0,"password":""}