{"id":"gen9nationaldex-1990301812","p1":"afjhntnjrft","p2":"steals many wives","format":"[Gen 9] National Dex","log":"|j|\u2606afjhntnjrft\n|j|\u2606steals many wives\n|t:|1699953418\n|gametype|singles\n|player|p1|afjhntnjrft|102|1032\n|player|p2|steals many wives|waitress|1103\n|teamsize|p1|6\n|teamsize|p2|6\n|gen|9\n|tier|[Gen 9] National Dex\n|rated|\n|rule|HP Percentage Mod: HP is shown in percentages\n|rule|Endless Battle Clause: Forcing endless battles is banned\n|rule|OHKO Clause: OHKO moves are banned\n|rule|Evasion Clause: Evasion abilities, items, and moves are banned\n|rule|Evasion Abilities Clause: Evasion abilities are banned\n|rule|Evasion Items Clause: Evasion items are banned\n|rule|Evasion Moves Clause: Evasion moves are banned\n|rule|Species Clause: Limit one of each Pok\u00e9mon\n|rule|Sleep Clause Mod: Limit one foe put to sleep\n|clearpoke\n|poke|p1|Gliscor, M|\n|poke|p1|Alcremie, F|\n|poke|p1|Kyurem|\n|poke|p1|Smeargle, M|\n|poke|p1|Pyukumuku, F|\n|poke|p1|Tapu Lele|\n|poke|p2|Aggron, M|\n|poke|p2|Ferrothorn, M|\n|poke|p2|Goodra-Hisui, F|\n|poke|p2|Celesteela|\n|poke|p2|Heatran, M|\n|poke|p2|Excadrill, M|\n|teampreview\n|\n|t:|1699953426\n|start\n|switch|p1a: Tapu Lele|Tapu Lele|100\/100\n|switch|p2a: Lego|Ferrothorn, M|100\/100\n|-fieldstart|move: Psychic Terrain|[from] ability: Psychic Surge|[of] p1a: Tapu Lele\n|turn|1\n|\n|t:|1699953434\n|switch|p2a: Team Rocket|Celesteela|100\/100\n|move|p1a: Tapu Lele|Nature's Madness|p2a: Team Rocket|[miss]\n|-miss|p1a: Tapu Lele|p2a: Team Rocket\n|\n|upkeep\n|turn|2\n|\n|t:|1699953439\n|switch|p1a: Pyukumuku|Pyukumuku, F|100\/100\n|move|p2a: Team Rocket|Leech Seed|p1a: Pyukumuku\n|-start|p1a: Pyukumuku|move: Leech Seed\n|\n|-damage|p1a: Pyukumuku|88\/100|[from] Leech Seed|[of] p2a: Team Rocket\n|upkeep\n|turn|3\n|\n|t:|1699953448\n|switch|p2a: Lego|Ferrothorn, M|100\/100\n|move|p1a: Pyukumuku|Memento|p2a: Lego\n|-unboost|p2a: Lego|atk|2\n|-unboost|p2a: Lego|spa|2\n|faint|p1a: Pyukumuku\n|\n|upkeep\n|\n|t:|1699953466\n|switch|p1a: Smeargle|Smeargle, M|100\/100\n|turn|4\n|\n|t:|1699953469\n|move|p1a: Smeargle|Fillet Away|p1a: Smeargle\n|-boost|p1a: Smeargle|atk|2\n|-boost|p1a: Smeargle|spa|2\n|-boost|p1a: Smeargle|spe|2\n|-damage|p1a: Smeargle|50\/100\n|move|p2a: Lego|Stealth Rock|p1a: Smeargle\n|-sidestart|p1: afjhntnjrft|move: Stealth Rock\n|\n|upkeep\n|turn|5\n|\n|t:|1699953477\n|move|p1a: Smeargle|No Retreat|p1a: Smeargle\n|-boost|p1a: Smeargle|atk|1\n|-boost|p1a: Smeargle|def|1\n|-boost|p1a: Smeargle|spa|1\n|-boost|p1a: Smeargle|spd|1\n|-boost|p1a: Smeargle|spe|1\n|-start|p1a: Smeargle|move: No Retreat\n|move|p2a: Lego|Seed Bomb|p1a: Smeargle\n|-damage|p1a: Smeargle|22\/100\n|\n|upkeep\n|turn|6\n|c|\u2606steals many wives|nice\n|\n|t:|1699953490\n|-terastallize|p1a: Smeargle|Psychic\n|move|p1a: Smeargle|Stored Power|p2a: Lego\n|-resisted|p2a: Lego\n|-damage|p2a: Lego|19\/100\n|move|p2a: Lego|Leech Seed|p1a: Smeargle\n|-start|p1a: Smeargle|move: Leech Seed\n|\n|-damage|p1a: Smeargle|10\/100|[from] Leech Seed|[of] p2a: Lego\n|-heal|p2a: Lego|28\/100|[silent]\n|upkeep\n|turn|7\n|\n|t:|1699953507\n|move|p1a: Smeargle|Stored Power|p2a: Lego\n|-resisted|p2a: Lego\n|-damage|p2a: Lego|0 fnt\n|faint|p2a: Lego\n|\n|upkeep\n|c|\u2606afjhntnjrft|rip\n|\n|t:|1699953512\n|switch|p2a: Team Rocket|Celesteela|100\/100\n|turn|8\n|c|\u2606afjhntnjrft|all steel team vs\n|c|\u2606afjhntnjrft|a painting dog\n|c|\u2606steals many wives|it's gonna be even more RIP\n|\n|t:|1699953525\n|move|p2a: Team Rocket|Protect|p2a: Team Rocket\n|-singleturn|p2a: Team Rocket|Protect\n|move|p1a: Smeargle|Stored Power|p2a: Team Rocket\n|-activate|p2a: Team Rocket|move: Protect\n|\n|-damage|p1a: Smeargle|0 fnt|[from] Leech Seed|[of] p2a: Team Rocket\n|faint|p1a: Smeargle\n|-fieldend|move: Psychic Terrain\n|upkeep\n|c|\u2606afjhntnjrft|mooo\n|c|\u2606afjhntnjrft|nooo\n|\n|t:|1699953539\n|switch|p1a: Gliscor|Gliscor, M|100\/100\n|-damage|p1a: Gliscor|88\/100|[from] Stealth Rock\n|turn|9\n|c|\u2606steals many wives|behold, the most annoying Celesteela set ever\n|\n|t:|1699953554\n|switch|p1a: Tapu Lele|Tapu Lele|100\/100\n|-damage|p1a: Tapu Lele|88\/100|[from] Stealth Rock\n|-fieldstart|move: Psychic Terrain|[from] ability: Psychic Surge|[of] p1a: Tapu Lele\n|move|p2a: Team Rocket|Leech Seed|p1a: Tapu Lele\n|-start|p1a: Tapu Lele|move: Leech Seed\n|\n|-damage|p1a: Tapu Lele|75\/100|[from] Leech Seed|[of] p2a: Team Rocket\n|upkeep\n|turn|10\n|\n|t:|1699953563\n|move|p1a: Tapu Lele|Nature's Madness|p2a: Team Rocket\n|-damage|p2a: Team Rocket|50\/100\n|move|p2a: Team Rocket|Fly||[still]\n|-prepare|p2a: Team Rocket|Fly\n|\n|-heal|p2a: Team Rocket|57\/100|[from] item: Leftovers\n|-damage|p1a: Tapu Lele|63\/100|[from] Leech Seed|[of] p2a: Team Rocket\n|-heal|p2a: Team Rocket|68\/100|[silent]\n|upkeep\n|turn|11\n|\n|t:|1699953570\n|move|p1a: Tapu Lele|Flatter|p2a: Team Rocket|[miss]\n|-miss|p1a: Tapu Lele|p2a: Team Rocket\n|move|p2a: Team Rocket|Fly|p1a: Tapu Lele|[from]lockedmove\n|-damage|p1a: Tapu Lele|23\/100\n|\n|-heal|p2a: Team Rocket|74\/100|[from] item: Leftovers\n|-damage|p1a: Tapu Lele|11\/100|[from] Leech Seed|[of] p2a: Team Rocket\n|-heal|p2a: Team Rocket|85\/100|[silent]\n|upkeep\n|turn|12\n|\n|t:|1699953579\n|move|p2a: Team Rocket|Protect|p2a: Team Rocket\n|-singleturn|p2a: Team Rocket|Protect\n|move|p1a: Tapu Lele|Flatter|p2a: Team Rocket\n|-activate|p2a: Team Rocket|move: Protect\n|\n|-heal|p2a: Team Rocket|92\/100|[from] item: Leftovers\n|-damage|p1a: Tapu Lele|0 fnt|[from] Leech Seed|[of] p2a: Team Rocket\n|-heal|p2a: Team Rocket|100\/100|[silent]\n|faint|p1a: Tapu Lele\n|upkeep\n|-message|afjhntnjrft forfeited.\n|\n|win|steals many wives\n|raw|afjhntnjrft's rating: 1032 &rarr; <strong>1020<\/strong><br \/>(-12 for losing)\n|raw|steals many wives's rating: 1103 &rarr; <strong>1123<\/strong><br \/>(+20 for winning)\n|l|\u2606afjhntnjrft\n","uploadtime":1699953590,"views":3,"p1id":"afjhntnjrft","p2id":"stealsmanywives","formatid":"gen9nationaldex","rating":1020,"private":0,"password":""}