{"id":"gen9nationaldex-1991088195","p1":"zaizaipo","p2":"fknfkdhd","format":"[Gen 9] National Dex","log":"|j|\u2606zaizaipo\n|j|\u203dfknfkdhd\n|t:|1700040983\n|gametype|singles\n|player|p1|zaizaipo|101|1066\n|player|p2|fknfkdhd|cynthia|1000\n|teamsize|p1|6\n|teamsize|p2|6\n|gen|9\n|tier|[Gen 9] National Dex\n|rated|\n|rule|HP Percentage Mod: HP is shown in percentages\n|rule|Endless Battle Clause: Forcing endless battles is banned\n|rule|OHKO Clause: OHKO moves are banned\n|rule|Evasion Clause: Evasion abilities, items, and moves are banned\n|rule|Evasion Abilities Clause: Evasion abilities are banned\n|rule|Evasion Items Clause: Evasion items are banned\n|rule|Evasion Moves Clause: Evasion moves are banned\n|rule|Species Clause: Limit one of each Pok\u00e9mon\n|rule|Sleep Clause Mod: Limit one foe put to sleep\n|clearpoke\n|poke|p1|Sudowoodo, F|\n|poke|p1|Shiftry, M|\n|poke|p1|Corviknight, F|\n|poke|p1|Swampert, F|\n|poke|p1|Pelipper, F|\n|poke|p1|Ogerpon, F|\n|poke|p2|Spiritomb, M|\n|poke|p2|Roserade, M|\n|poke|p2|Togekiss, M|\n|poke|p2|Lucario, M|\n|poke|p2|Milotic, M|\n|poke|p2|Garchomp, F|\n|teampreview\n|inactive|Battle timer is ON: inactive players will automatically lose when time's up. (requested by zaizaipo)\n|\n|t:|1700041018\n|start\n|switch|p1a: Sudowoodo|Sudowoodo, F, shiny|100\/100\n|switch|p2a: Milotic|Milotic, M|100\/100\n|turn|1\n|\n|t:|1700041026\n|move|p2a: Milotic|Scald|p1a: Sudowoodo\n|-supereffective|p1a: Sudowoodo\n|-ability|p1a: Sudowoodo|Sturdy\n|-damage|p1a: Sudowoodo|1\/100\n|move|p1a: Sudowoodo|Stealth Rock|p2a: Milotic\n|-sidestart|p2: fknfkdhd|move: Stealth Rock\n|\n|-status|p2a: Milotic|brn|[from] item: Flame Orb\n|upkeep\n|turn|2\n|\n|t:|1700041037\n|switch|p1a: Ogerpon|Ogerpon, F|100\/100\n|move|p2a: Milotic|Scald|p1a: Ogerpon\n|-resisted|p1a: Ogerpon\n|-damage|p1a: Ogerpon|81\/100\n|\n|-damage|p2a: Milotic|94\/100 brn|[from] brn\n|upkeep\n|turn|3\n|\n|t:|1700041050\n|-terastallize|p2a: Milotic|Dragon\n|move|p1a: Ogerpon|Swords Dance|p1a: Ogerpon\n|-boost|p1a: Ogerpon|atk|2\n|move|p2a: Milotic|Scald|p1a: Ogerpon\n|-resisted|p1a: Ogerpon\n|-damage|p1a: Ogerpon|63\/100\n|\n|-damage|p2a: Milotic|88\/100 brn|[from] brn\n|upkeep\n|turn|4\n|\n|t:|1700041063\n|move|p1a: Ogerpon|Superpower|p2a: Milotic\n|-damage|p2a: Milotic|42\/100 brn\n|-unboost|p1a: Ogerpon|atk|1\n|-unboost|p1a: Ogerpon|def|1\n|move|p2a: Milotic|Ice Beam|p1a: Ogerpon\n|-supereffective|p1a: Ogerpon\n|-damage|p1a: Ogerpon|9\/100\n|\n|-damage|p2a: Milotic|35\/100 brn|[from] brn\n|upkeep\n|turn|5\n|\n|t:|1700041079\n|switch|p1a: Pelipper|Pelipper, F|100\/100\n|-weather|RainDance|[from] ability: Drizzle|[of] p1a: Pelipper\n|switch|p2a: Spiritomb|Spiritomb, M|100\/100\n|-damage|p2a: Spiritomb|88\/100|[from] Stealth Rock\n|-ability|p2a: Spiritomb|Pressure\n|\n|-weather|RainDance|[upkeep]\n|upkeep\n|turn|6\n|\n|t:|1700041094\n|move|p1a: Pelipper|U-turn|p2a: Spiritomb\n|-damage|p2a: Spiritomb|79\/100\n|\n|t:|1700041097\n|switch|p1a: Shiftry|Shiftry, M, shiny|100\/100|[from] U-turn\n|move|p2a: Spiritomb|Shadow Ball|p1a: Shiftry\n|-resisted|p1a: Shiftry\n|-damage|p1a: Shiftry|71\/100\n|-unboost|p1a: Shiftry|spd|1\n|\n|-weather|RainDance|[upkeep]\n|upkeep\n|turn|7\n|\n|t:|1700041108\n|-terastallize|p1a: Shiftry|Normal\n|move|p1a: Shiftry|Tailwind|p1a: Shiftry\n|-sidestart|p1: zaizaipo|move: Tailwind\n|-ability|p1a: Shiftry|Wind Rider|boost\n|-boost|p1a: Shiftry|atk|1\n|move|p2a: Spiritomb|Will-O-Wisp|p1a: Shiftry\n|-status|p1a: Shiftry|brn\n|\n|-weather|RainDance|[upkeep]\n|-damage|p1a: Shiftry|64\/100 brn|[from] brn\n|upkeep\n|turn|8\n|\n|t:|1700041121\n|move|p1a: Shiftry|Knock Off|p2a: Spiritomb\n|-damage|p2a: Spiritomb|43\/100\n|-enditem|p2a: Spiritomb|Sitrus Berry|[from] move: Knock Off|[of] p1a: Shiftry\n|move|p2a: Spiritomb|Dark Pulse|p1a: Shiftry\n|-damage|p1a: Shiftry|0 fnt\n|faint|p1a: Shiftry\n|\n|-weather|RainDance|[upkeep]\n|upkeep\n|\n|t:|1700041132\n|switch|p1a: Ogerpon|Ogerpon, F|9\/100\n|turn|9\n|\n|t:|1700041136\n|move|p2a: Spiritomb|Sucker Punch|p1a: Ogerpon\n|-damage|p1a: Ogerpon|0 fnt\n|faint|p1a: Ogerpon\n|\n|-weather|none\n|upkeep\n|\n|t:|1700041144\n|switch|p1a: Swampert|Swampert, F|100\/100\n|turn|10\n|\n|t:|1700041162\n|detailschange|p1a: Swampert|Swampert-Mega, F\n|-mega|p1a: Swampert|Swampert|Swampertite\n|move|p1a: Swampert|Earthquake|p2a: Spiritomb\n|-damage|p2a: Spiritomb|0 fnt\n|faint|p2a: Spiritomb\n|\n|-sideend|p1: zaizaipo|move: Tailwind\n|upkeep\n|\n|t:|1700041169\n|switch|p2a: Roserade|Roserade, M|100\/100\n|-damage|p2a: Roserade|88\/100|[from] Stealth Rock\n|turn|11\n|\n|t:|1700041176\n|switch|p1a: Pelipper|Pelipper, F|100\/100\n|-weather|RainDance|[from] ability: Drizzle|[of] p1a: Pelipper\n|move|p2a: Roserade|Energy Ball|p1a: Pelipper\n|-damage|p1a: Pelipper|34\/100\n|\n|-weather|RainDance|[upkeep]\n|upkeep\n|turn|12\n|\n|t:|1700041204\n|move|p2a: Roserade|Energy Ball|p1a: Pelipper\n|-damage|p1a: Pelipper|0 fnt\n|faint|p1a: Pelipper\n|\n|-weather|RainDance|[upkeep]\n|upkeep\n|\n|t:|1700041210\n|switch|p1a: Sudowoodo|Sudowoodo, F, shiny|1\/100\n|turn|13\n|-enditem|p1a: Sudowoodo|Custap Berry|[eat]\n|-activate|p1a: Sudowoodo|item: Custap Berry|[consumed]\n|\n|t:|1700041214\n|move|p1a: Sudowoodo|Explosion|p2a: Roserade\n|-damage|p2a: Roserade|0 fnt\n|faint|p1a: Sudowoodo\n|faint|p2a: Roserade\n|\n|-weather|RainDance|[upkeep]\n|upkeep\n|\n|t:|1700041225\n|switch|p2a: Milotic|Milotic, M, tera:Dragon|35\/100 brn\n|switch|p1a: Swampert|Swampert-Mega, F|100\/100\n|-damage|p2a: Milotic|23\/100 brn|[from] Stealth Rock\n|turn|14\n|\n|t:|1700041235\n|move|p1a: Swampert|Earthquake|p2a: Milotic\n|-damage|p2a: Milotic|0 fnt\n|faint|p2a: Milotic\n|\n|-weather|RainDance|[upkeep]\n|upkeep\n|\n|t:|1700041248\n|switch|p2a: Garchomp|Garchomp, F|100\/100\n|-damage|p2a: Garchomp|94\/100|[from] Stealth Rock\n|turn|15\n|\n|t:|1700041252\n|move|p1a: Swampert|Ice Punch|p2a: Garchomp\n|-supereffective|p2a: Garchomp\n|-enditem|p2a: Garchomp|Yache Berry|[eat]\n|-enditem|p2a: Garchomp|Yache Berry|[weaken]\n|-damage|p2a: Garchomp|38\/100\n|-status|p2a: Garchomp|frz\n|-damage|p1a: Swampert|88\/100|[from] ability: Rough Skin|[of] p2a: Garchomp\n|cant|p2a: Garchomp|frz\n|\n|-weather|none\n|upkeep\n|turn|16\n|\n|t:|1700041262\n|cant|p2a: Garchomp|frz\n|move|p1a: Swampert|Rain Dance|p1a: Swampert\n|-weather|RainDance\n|\n|-weather|RainDance|[upkeep]\n|upkeep\n|turn|17\n|\n|t:|1700041267\n|move|p1a: Swampert|Earthquake|p2a: Garchomp\n|-damage|p2a: Garchomp|0 fnt\n|faint|p2a: Garchomp\n|\n|-weather|RainDance|[upkeep]\n|upkeep\n|-message|fknfkdhd forfeited.\n|\n|win|zaizaipo\n|raw|zaizaipo's rating: 1066 &rarr; <strong>1090<\/strong><br \/>(+24 for winning)\n|raw|fknfkdhd's rating: 1000 &rarr; <strong>1000<\/strong><br \/>(+0 for losing)\n|l|\u203dfknfkdhd\n","uploadtime":1700041275,"views":8,"p1id":"zaizaipo","p2id":"fknfkdhd","formatid":"gen9nationaldex","rating":1000,"private":0,"password":""}