{"id":"gen9nationaldex-1993218026","p1":"CuriousStraightGuy","p2":"RunicPower419","format":"[Gen 9] National Dex","log":"|j|\u2606CuriousStraightGuy\n|j|\u2606RunicPower419\n|t:|1700279522\n|gametype|singles\n|player|p1|CuriousStraightGuy|may|\n|player|p2|RunicPower419|red-masters|\n|teamsize|p1|6\n|teamsize|p2|6\n|gen|9\n|tier|[Gen 9] National Dex\n|rule|HP Percentage Mod: HP is shown in percentages\n|rule|Endless Battle Clause: Forcing endless battles is banned\n|rule|OHKO Clause: OHKO moves are banned\n|rule|Evasion Clause: Evasion abilities, items, and moves are banned\n|rule|Evasion Abilities Clause: Evasion abilities are banned\n|rule|Evasion Items Clause: Evasion items are banned\n|rule|Evasion Moves Clause: Evasion moves are banned\n|rule|Species Clause: Limit one of each Pok\u00e9mon\n|rule|Sleep Clause Mod: Limit one foe put to sleep\n|clearpoke\n|poke|p1|Tapu Lele|\n|poke|p1|Starmie|\n|poke|p1|Gliscor, M|\n|poke|p1|Aggron, M|\n|poke|p1|Blissey, F|\n|poke|p1|Zamazenta-*|\n|poke|p2|Zapdos|\n|poke|p2|Lopunny, F|\n|poke|p2|Sinistcha-Masterpiece|\n|poke|p2|Ting-Lu|\n|poke|p2|Alomomola, M|\n|poke|p2|Heatran, F|\n|teampreview\n|inactive|Battle timer is ON: inactive players will automatically lose when time's up. (requested by RunicPower419)\n|\n|t:|1700279536\n|start\n|switch|p1a: BEYONCE|Starmie|100\/100\n|switch|p2a: Sinistcha|Sinistcha-Masterpiece, shiny|100\/100\n|turn|1\n|c|\u2606RunicPower419|glhf\n|c|\u2606RunicPower419|also\n|c|\u2606RunicPower419|ngl\n|c|\u2606RunicPower419|I hard lose to gliscor\n|c|\u2606RunicPower419|prob gg right now\n|inactive|RunicPower419 has 270 seconds left.\n|c|\u2606CuriousStraightGuy|yeah no idk what im doing with this team\n|c|\u2606CuriousStraightGuy|just came up with it\n|\n|t:|1700279572\n|switch|p1a: Egg Woman ()|Blissey, F|100\/100\n|move|p2a: Sinistcha|Shadow Ball|p1a: Egg Woman ()\n|-immune|p1a: Egg Woman ()\n|\n|upkeep\n|turn|2\n|inactive|RunicPower419 has 270 seconds left.\n|c|\u2606CuriousStraightGuy|an i dont even know what that thing does\n|\n|t:|1700279588\n|switch|p2a: Heatran|Heatran, F|100\/100\n|move|p1a: Egg Woman ()|Wish|p1a: Egg Woman ()\n|\n|upkeep\n|turn|3\n|\n|t:|1700279595\n|switch|p1a: BEYONCE|Starmie|100\/100\n|move|p2a: Heatran|Stealth Rock|p1a: BEYONCE\n|-sidestart|p1: CuriousStraightGuy|move: Stealth Rock\n|\n|upkeep\n|turn|4\n|inactive|RunicPower419 has 270 seconds left.\n|\n|t:|1700279604\n|switch|p2a: Sinistcha|Sinistcha-Masterpiece, shiny|100\/100\n|move|p1a: BEYONCE|Hydro Pump|p2a: Sinistcha\n|-resisted|p2a: Sinistcha\n|-damage|p2a: Sinistcha|47\/100\n|\n|-heal|p2a: Sinistcha|53\/100|[from] item: Leftovers\n|upkeep\n|turn|5\n|inactive|RunicPower419 has 270 seconds left.\n|\n|t:|1700279616\n|switch|p1a: Cringe 2.0|Gliscor, M|100\/100\n|-damage|p1a: Cringe 2.0|88\/100|[from] Stealth Rock\n|switch|p2a: Alomomola|Alomomola, M|100\/100\n|\n|-status|p1a: Cringe 2.0|tox|[from] item: Toxic Orb\n|upkeep\n|turn|6\n|\n|t:|1700279625\n|move|p1a: Cringe 2.0|Defog|p2a: Alomomola\n|-unboost|p2a: Alomomola|evasion|1\n|-sideend|p1: CuriousStraightGuy|Stealth Rock|[from] move: Defog|[of] p1a: Cringe 2.0\n|move|p2a: Alomomola|Wish|p2a: Alomomola\n|\n|-heal|p1a: Cringe 2.0|100\/100 tox|[from] ability: Poison Heal\n|upkeep\n|turn|7\n|\n|t:|1700279629\n|switch|p2a: Sinistcha|Sinistcha-Masterpiece, shiny|53\/100\n|move|p1a: Cringe 2.0|Toxic|p2a: Sinistcha\n|-status|p2a: Sinistcha|tox\n|\n|-heal|p2a: Sinistcha|100\/100 tox|[from] move: Wish|[wisher] Alomomola\n|-damage|p2a: Sinistcha|94\/100 tox|[from] psn\n|upkeep\n|turn|8\n|\n|t:|1700279647\n|switch|p1a: Egg Woman ()|Blissey, F|100\/100\n|switch|p2a: Ting-Lu|Ting-Lu|100\/100\n|-ability|p2a: Ting-Lu|Vessel of Ruin\n|\n|upkeep\n|turn|9\n|\n|t:|1700279652\n|move|p1a: Egg Woman ()|Toxic|p2a: Ting-Lu\n|-status|p2a: Ting-Lu|tox\n|move|p2a: Ting-Lu|Spikes|p1a: Egg Woman ()\n|-sidestart|p1: CuriousStraightGuy|Spikes\n|\n|-damage|p2a: Ting-Lu|94\/100 tox|[from] psn\n|upkeep\n|turn|10\n|\n|t:|1700279656\n|switch|p1a: Cringe 2.0|Gliscor, M|100\/100 tox\n|move|p2a: Ting-Lu|Spikes|p1a: Cringe 2.0\n|-sidestart|p1: CuriousStraightGuy|Spikes\n|\n|-heal|p2a: Ting-Lu|100\/100 tox|[from] item: Leftovers\n|-damage|p2a: Ting-Lu|88\/100 tox|[from] psn\n|upkeep\n|turn|11\n|\n|t:|1700279660\n|move|p1a: Cringe 2.0|Defog|p2a: Ting-Lu\n|-unboost|p2a: Ting-Lu|evasion|1\n|-sideend|p1: CuriousStraightGuy|Spikes|[from] move: Defog|[of] p1a: Cringe 2.0\n|move|p2a: Ting-Lu|Ruination|p1a: Cringe 2.0\n|-damage|p1a: Cringe 2.0|50\/100 tox\n|\n|-heal|p2a: Ting-Lu|94\/100 tox|[from] item: Leftovers\n|-heal|p1a: Cringe 2.0|63\/100 tox|[from] ability: Poison Heal\n|-damage|p2a: Ting-Lu|76\/100 tox|[from] psn\n|upkeep\n|turn|12\n|\n|t:|1700279674\n|move|p1a: Cringe 2.0|Roost|p1a: Cringe 2.0\n|-heal|p1a: Cringe 2.0|100\/100 tox\n|-singleturn|p1a: Cringe 2.0|move: Roost\n|move|p2a: Ting-Lu|Ruination|p1a: Cringe 2.0\n|-damage|p1a: Cringe 2.0|50\/100 tox\n|\n|-heal|p2a: Ting-Lu|82\/100 tox|[from] item: Leftovers\n|-heal|p1a: Cringe 2.0|63\/100 tox|[from] ability: Poison Heal\n|-damage|p2a: Ting-Lu|57\/100 tox|[from] psn\n|upkeep\n|turn|13\n|c|\u2606CuriousStraightGuy|yeah youre very weak to gliscor\n|\n|t:|1700279684\n|switch|p2a: Alomomola|Alomomola, M|100\/100\n|move|p1a: Cringe 2.0|Earthquake|p2a: Alomomola\n|-damage|p2a: Alomomola|81\/100\n|\n|-heal|p1a: Cringe 2.0|75\/100 tox|[from] ability: Poison Heal\n|upkeep\n|turn|14\n|\n|t:|1700279688\n|move|p1a: Cringe 2.0|Toxic|p2a: Alomomola\n|-status|p2a: Alomomola|tox\n|move|p2a: Alomomola|Wish|p2a: Alomomola\n|\n|-heal|p1a: Cringe 2.0|88\/100 tox|[from] ability: Poison Heal\n|-damage|p2a: Alomomola|74\/100 tox|[from] psn\n|upkeep\n|turn|15\n|\n|t:|1700279692\n|switch|p1a: WHY!?|Aggron, M|100\/100\n|move|p2a: Alomomola|Flip Turn|p1a: WHY!?\n|-supereffective|p1a: WHY!?\n|-damage|p1a: WHY!?|87\/100\n|\n|t:|1700279699\n|switch|p2a: Ting-Lu|Ting-Lu|57\/100 tox|[from] Flip Turn\n|-ability|p2a: Ting-Lu|Vessel of Ruin\n|\n|-heal|p2a: Ting-Lu|100\/100 tox|[from] move: Wish|[wisher] Alomomola\n|-damage|p2a: Ting-Lu|94\/100 tox|[from] psn\n|upkeep\n|turn|16\n|\n|t:|1700279704\n|detailschange|p1a: WHY!?|Aggron-Mega, M\n|-mega|p1a: WHY!?|Aggron|Aggronite\n|move|p1a: WHY!?|Body Press|p2a: Ting-Lu\n|-supereffective|p2a: Ting-Lu\n|-damage|p2a: Ting-Lu|44\/100 tox\n|move|p2a: Ting-Lu|Ruination|p1a: WHY!?\n|-damage|p1a: WHY!?|44\/100\n|\n|-heal|p2a: Ting-Lu|50\/100 tox|[from] item: Leftovers\n|-damage|p2a: Ting-Lu|38\/100 tox|[from] psn\n|upkeep\n|turn|17\n|\n|t:|1700279718\n|switch|p2a: Sinistcha|Sinistcha-Masterpiece, shiny|94\/100 tox\n|move|p1a: WHY!?|Ice Punch|p2a: Sinistcha\n|-supereffective|p2a: Sinistcha\n|-damage|p2a: Sinistcha|60\/100 tox\n|\n|-heal|p2a: Sinistcha|66\/100 tox|[from] item: Leftovers\n|-damage|p2a: Sinistcha|60\/100 tox|[from] psn\n|upkeep\n|turn|18\n|\n|t:|1700279725\n|switch|p1a: Egg Woman ()|Blissey, F|100\/100\n|move|p2a: Sinistcha|Calm Mind|p2a: Sinistcha\n|-boost|p2a: Sinistcha|spa|1\n|-boost|p2a: Sinistcha|spd|1\n|\n|-heal|p2a: Sinistcha|66\/100 tox|[from] item: Leftovers\n|-damage|p2a: Sinistcha|54\/100 tox|[from] psn\n|upkeep\n|turn|19\n|\n|t:|1700279729\n|switch|p2a: Lopunny|Lopunny, F, shiny|100\/100\n|move|p1a: Egg Woman ()|Wish|p1a: Egg Woman ()\n|\n|upkeep\n|turn|20\n|\n|t:|1700279733\n|switch|p1a: WHY!?|Aggron-Mega, M|44\/100\n|detailschange|p2a: Lopunny|Lopunny-Mega, F, shiny\n|-mega|p2a: Lopunny|Lopunny|Lopunnite\n|move|p2a: Lopunny|Frustration|p1a: WHY!?\n|-resisted|p1a: WHY!?\n|-damage|p1a: WHY!?|33\/100\n|\n|-heal|p1a: WHY!?|100\/100|[from] move: Wish|[wisher] Egg Woman ()\n|upkeep\n|turn|21\n|inactive|RunicPower419 has 270 seconds left.\n|\n|t:|1700279768\n|switch|p1a: \"SwiftPoke\"|Tapu Lele|100\/100\n|-fieldstart|move: Psychic Terrain|[from] ability: Psychic Surge|[of] p1a: \"SwiftPoke\"\n|move|p2a: Lopunny|Close Combat|p1a: \"SwiftPoke\"\n|-resisted|p1a: \"SwiftPoke\"\n|-damage|p1a: \"SwiftPoke\"|75\/100\n|-unboost|p2a: Lopunny|def|1\n|-unboost|p2a: Lopunny|spd|1\n|\n|upkeep\n|turn|22\n|\n|t:|1700279780\n|switch|p2a: Alomomola|Alomomola, M|100\/100 tox\n|move|p1a: \"SwiftPoke\"|Moonblast|p2a: Alomomola\n|-damage|p2a: Alomomola|55\/100 tox\n|\n|-damage|p2a: Alomomola|49\/100 tox|[from] psn\n|upkeep\n|turn|23\n|\n|t:|1700279793\n|switch|p1a: BEYONCE|Starmie|100\/100\n|move|p2a: Alomomola|Protect||[still]\n|-fail|p2a: Alomomola\n|\n|-damage|p2a: Alomomola|37\/100 tox|[from] psn\n|upkeep\n|turn|24\n|j| prince5\n|\n|t:|1700279804\n|switch|p2a: Sinistcha|Sinistcha-Masterpiece, shiny|54\/100 tox\n|-terastallize|p1a: BEYONCE|Psychic\n|move|p1a: BEYONCE|Expanding Force|p2a: Sinistcha\n|-damage|p2a: Sinistcha|0 fnt\n|faint|p2a: Sinistcha\n|\n|upkeep\n|inactive|RunicPower419 has 270 seconds left.\n|j| OuterDreams\n|\n|t:|1700279850\n|switch|p2a: Alomomola|Alomomola, M|70\/100 tox\n|turn|25\n|\n|t:|1700279855\n|move|p1a: BEYONCE|Expanding Force|p2a: Alomomola\n|-damage|p2a: Alomomola|0 fnt\n|faint|p2a: Alomomola\n|\n|-fieldend|move: Psychic Terrain\n|upkeep\n|\n|t:|1700279872\n|switch|p2a: Heatran|Heatran, F|100\/100\n|turn|26\n|c|\u2606CuriousStraightGuy|yay Starmie\n|\n|t:|1700279890\n|switch|p1a: \"SwiftPoke\"|Tapu Lele|75\/100\n|-fieldstart|move: Psychic Terrain|[from] ability: Psychic Surge|[of] p1a: \"SwiftPoke\"\n|-terastallize|p2a: Heatran|Grass\n|move|p2a: Heatran|Magma Storm|p1a: \"SwiftPoke\"\n|-damage|p1a: \"SwiftPoke\"|26\/100\n|-activate|p1a: \"SwiftPoke\"|move: Magma Storm|[of] p2a: Heatran\n|\n|-damage|p1a: \"SwiftPoke\"|13\/100|[from] move: Magma Storm|[partiallytrapped]\n|upkeep\n|turn|27\n|\n|t:|1700279913\n|move|p1a: \"SwiftPoke\"|Future Sight|p2a: Heatran\n|-start|p1a: \"SwiftPoke\"|move: Future Sight\n|move|p2a: Heatran|Magma Storm|p1a: \"SwiftPoke\"\n|-damage|p1a: \"SwiftPoke\"|0 fnt\n|faint|p1a: \"SwiftPoke\"\n|\n|upkeep\n|\n|t:|1700279925\n|switch|p1a: BEYONCE|Starmie, tera:Psychic|100\/100\n|turn|28\n|\n|t:|1700279934\n|move|p1a: BEYONCE|Ice Beam|p2a: Heatran\n|-supereffective|p2a: Heatran\n|-damage|p2a: Heatran|49\/100\n|move|p2a: Heatran|Magma Storm|p1a: BEYONCE\n|-damage|p1a: BEYONCE|37\/100\n|-activate|p1a: BEYONCE|move: Magma Storm|[of] p2a: Heatran\n|\n|-heal|p2a: Heatran|55\/100|[from] item: Leftovers\n|-damage|p1a: BEYONCE|25\/100|[from] move: Magma Storm|[partiallytrapped]\n|upkeep\n|turn|29\n|\n|t:|1700279945\n|move|p1a: BEYONCE|Ice Beam|p2a: Heatran\n|-supereffective|p2a: Heatran\n|-damage|p2a: Heatran|6\/100\n|move|p2a: Heatran|Earth Power|p1a: BEYONCE\n|-damage|p1a: BEYONCE|0 fnt\n|faint|p1a: BEYONCE\n|\n|-end|p2a: Heatran|move: Future Sight\n|-damage|p2a: Heatran|0 fnt\n|faint|p2a: Heatran\n|upkeep\n|\n|t:|1700279974\n|switch|p1a: Cringe 2.0|Gliscor, M|88\/100 tox\n|switch|p2a: Lopunny|Lopunny-Mega, F, shiny|100\/100\n|turn|30\n|\n|t:|1700279980\n|move|p2a: Lopunny|Fake Out|p1a: Cringe 2.0\n|-hint|Psychic Terrain doesn't affect Pok\u00e9mon immune to Ground.\n|-damage|p1a: Cringe 2.0|70\/100 tox\n|cant|p1a: Cringe 2.0|flinch\n|\n|-heal|p1a: Cringe 2.0|83\/100 tox|[from] ability: Poison Heal\n|-fieldend|move: Psychic Terrain\n|upkeep\n|turn|31\n|\n|t:|1700279986\n|move|p2a: Lopunny|Frustration|p1a: Cringe 2.0\n|-damage|p1a: Cringe 2.0|40\/100 tox\n|move|p1a: Cringe 2.0|Toxic|p2a: Lopunny\n|-status|p2a: Lopunny|tox\n|\n|-damage|p2a: Lopunny|95\/100 tox|[from] psn\n|-heal|p1a: Cringe 2.0|52\/100 tox|[from] ability: Poison Heal\n|upkeep\n|turn|32\n|\n|t:|1700279991\n|move|p2a: Lopunny|Frustration|p1a: Cringe 2.0\n|-damage|p1a: Cringe 2.0|10\/100 tox\n|move|p1a: Cringe 2.0|Roost|p1a: Cringe 2.0\n|-heal|p1a: Cringe 2.0|60\/100 tox\n|-singleturn|p1a: Cringe 2.0|move: Roost\n|\n|-damage|p2a: Lopunny|83\/100 tox|[from] psn\n|-heal|p1a: Cringe 2.0|73\/100 tox|[from] ability: Poison Heal\n|upkeep\n|turn|33\n|\n|t:|1700279997\n|move|p2a: Lopunny|U-turn|p1a: Cringe 2.0\n|-resisted|p1a: Cringe 2.0\n|-damage|p1a: Cringe 2.0|62\/100 tox\n|\n|t:|1700280000\n|switch|p2a: Zapdos|Zapdos, shiny|100\/100|[from] U-turn\n|move|p1a: Cringe 2.0|Roost|p1a: Cringe 2.0\n|-heal|p1a: Cringe 2.0|100\/100 tox\n|-singleturn|p1a: Cringe 2.0|move: Roost\n|\n|upkeep\n|turn|34\n|\n|t:|1700280023\n|move|p2a: Zapdos|Hurricane|p1a: Cringe 2.0\n|-damage|p1a: Cringe 2.0|64\/100 tox\n|-start|p1a: Cringe 2.0|confusion\n|-activate|p1a: Cringe 2.0|confusion\n|move|p1a: Cringe 2.0|Toxic|p2a: Zapdos|[miss]\n|-miss|p1a: Cringe 2.0|p2a: Zapdos\n|\n|-heal|p1a: Cringe 2.0|76\/100 tox|[from] ability: Poison Heal\n|upkeep\n|turn|35\n|\n|t:|1700280032\n|switch|p1a: Egg Woman ()|Blissey, F|100\/100\n|move|p2a: Zapdos|Hurricane|p1a: Egg Woman ()|[miss]\n|-miss|p2a: Zapdos|p1a: Egg Woman ()\n|\n|upkeep\n|turn|36\n|\n|t:|1700280040\n|move|p2a: Zapdos|Volt Switch|p1a: Egg Woman ()\n|-damage|p1a: Egg Woman ()|90\/100\n|\n|t:|1700280050\n|switch|p2a: Lopunny|Lopunny-Mega, F, shiny|83\/100 tox|[from] Volt Switch\n|move|p1a: Egg Woman ()|Wish|p1a: Egg Woman ()\n|\n|-damage|p2a: Lopunny|77\/100 tox|[from] psn\n|upkeep\n|turn|37\n|\n|t:|1700280069\n|switch|p1a: Cringe 2.0|Gliscor, M|76\/100 tox\n|move|p2a: Lopunny|Close Combat|p1a: Cringe 2.0\n|-resisted|p1a: Cringe 2.0\n|-damage|p1a: Cringe 2.0|50\/100 tox\n|-unboost|p2a: Lopunny|def|1\n|-unboost|p2a: Lopunny|spd|1\n|\n|-heal|p1a: Cringe 2.0|100\/100 tox|[from] move: Wish|[wisher] Egg Woman ()\n|-damage|p2a: Lopunny|65\/100 tox|[from] psn\n|upkeep\n|turn|38\n|\n|t:|1700280075\n|move|p2a: Lopunny|U-turn|p1a: Cringe 2.0\n|-resisted|p1a: Cringe 2.0\n|-damage|p1a: Cringe 2.0|90\/100 tox\n|\n|t:|1700280081\n|switch|p2a: Zapdos|Zapdos, shiny|100\/100|[from] U-turn\n|move|p1a: Cringe 2.0|Earthquake|p2a: Zapdos\n|-immune|p2a: Zapdos\n|\n|-heal|p1a: Cringe 2.0|100\/100 tox|[from] ability: Poison Heal\n|upkeep\n|turn|39\n|\n|t:|1700280088\n|move|p2a: Zapdos|Hurricane|p1a: Cringe 2.0\n|-damage|p1a: Cringe 2.0|65\/100 tox\n|move|p1a: Cringe 2.0|Toxic|p2a: Zapdos\n|-status|p2a: Zapdos|tox\n|\n|-damage|p2a: Zapdos|94\/100 tox|[from] psn\n|-heal|p1a: Cringe 2.0|78\/100 tox|[from] ability: Poison Heal\n|upkeep\n|turn|40\n|c|\u2606RunicPower419|gg\n|c|\u2606CuriousStraightGuy|Yeah\n|-message|RunicPower419 forfeited.\n|\n|win|CuriousStraightGuy\n|c|\u2606CuriousStraightGuy|Did you tera\n|c|\u2606CuriousStraightGuy|?\n|c|\u2606RunicPower419|Uhh\n|c|\u2606RunicPower419|no i dont think so\n|c|\u2606RunicPower419|wait\n|c|\u2606RunicPower419|yes\n|c|\u2606CuriousStraightGuy|you need something for gliscor\n|c|\u2606RunicPower419|i terad my tran\n|c|\u2606CuriousStraightGuy|oh yeah\n|c|\u2606CuriousStraightGuy|what u think of starmie\n|c|\u2606CuriousStraightGuy|hits like a truck\n|c|\u2606RunicPower419|i might run ice punch on lop or run zama over lop\n|c|\u2606CuriousStraightGuy|with sppecs and psychihc terrain\n|c|\u2606RunicPower419|dude its so hard to answer\n|c|\u2606CuriousStraightGuy|it alsy has insane covergae and analytic\n|c|\u2606CuriousStraightGuy|sho u switch and power doubles\n|c|\u2606CuriousStraightGuy|!dt analytic\n|raw|<ul class=\"utilichart\"><li class=\"result\"><span class=\"col namecol\"><a href=\"https:\/\/dex.pokemonshowdown.com\/abilities\/analytic\">Analytic<\/a><\/span> <span class=\"col abilitydesccol\">This Pokemon's attacks have 1.3x power if it is the last to move in a turn.<\/span> <\/li><li style=\"clear:both\"><\/li><\/ul>\n|raw|<font size=\"1\"><font color=\"#686868\">Gen:<\/font> 5<\/font>\n\n|c|\u2606RunicPower419|Oh cool\n|c|\u2606RunicPower419|what happens if you sont surivive first turn?\n|c|\u2606RunicPower419|assault vest could be nice but that lowers its power\n","uploadtime":1700280268,"views":18,"p1id":"curiousstraightguy","p2id":"runicpower419","formatid":"gen9nationaldex","rating":0,"private":0,"password":""}