{"id":"gen9nationaldex-1993367922","p1":"sleeptaik","p2":"zhiwa1","format":"[Gen 9] National Dex","log":"|j|\u2606sleeptaik\n|j|\u2606zhiwa1\n|t:|1700307169\n|gametype|singles\n|player|p1|sleeptaik|hugh|1542\n|player|p2|zhiwa1|170|1353\n|teamsize|p1|6\n|teamsize|p2|6\n|gen|9\n|tier|[Gen 9] National Dex\n|rated|\n|rule|HP Percentage Mod: HP is shown in percentages\n|rule|Endless Battle Clause: Forcing endless battles is banned\n|rule|OHKO Clause: OHKO moves are banned\n|rule|Evasion Clause: Evasion abilities, items, and moves are banned\n|rule|Evasion Abilities Clause: Evasion abilities are banned\n|rule|Evasion Items Clause: Evasion items are banned\n|rule|Evasion Moves Clause: Evasion moves are banned\n|rule|Species Clause: Limit one of each Pok\u00e9mon\n|rule|Sleep Clause Mod: Limit one foe put to sleep\n|clearpoke\n|poke|p1|Pinsir, F|\n|poke|p1|Heatran, M|\n|poke|p1|Slowking-Galar, F|\n|poke|p1|Urshifu-*, M|\n|poke|p1|Volcarona, F|\n|poke|p1|Tyranitar, M|\n|poke|p2|Landorus-Therian, M|\n|poke|p2|Gallade, M|\n|poke|p2|Sneasler, M|\n|poke|p2|Rillaboom, M|\n|poke|p2|Zapdos|\n|poke|p2|Heatran, F|\n|teampreview\n|\n|t:|1700307183\n|start\n|switch|p1a: Urshifu|Urshifu-Rapid-Strike, M|100\/100\n|switch|p2a: Landorus|Landorus-Therian, M|100\/100\n|-ability|p2a: Landorus|Intimidate|boost\n|-unboost|p1a: Urshifu|atk|1\n|turn|1\n|\n|t:|1700307210\n|-terastallize|p2a: Landorus|Water\n|move|p1a: Urshifu|Surging Strikes|p2a: Landorus\n|-resisted|p2a: Landorus\n|-crit|p2a: Landorus\n|-damage|p2a: Landorus|94\/100\n|-damage|p1a: Urshifu|84\/100|[from] item: Rocky Helmet|[of] p2a: Landorus\n|-resisted|p2a: Landorus\n|-crit|p2a: Landorus\n|-damage|p2a: Landorus|87\/100\n|-damage|p1a: Urshifu|68\/100|[from] item: Rocky Helmet|[of] p2a: Landorus\n|-resisted|p2a: Landorus\n|-crit|p2a: Landorus\n|-damage|p2a: Landorus|81\/100\n|-damage|p1a: Urshifu|51\/100|[from] item: Rocky Helmet|[of] p2a: Landorus\n|-hitcount|p2a: Landorus|3\n|move|p2a: Landorus|Toxic|p1a: Urshifu\n|-status|p1a: Urshifu|tox\n|\n|-damage|p1a: Urshifu|45\/100 tox|[from] psn\n|upkeep\n|turn|2\n|\n|t:|1700307231\n|switch|p1a: Volcarona|Volcarona, F|100\/100\n|move|p2a: Landorus|Stealth Rock|p1a: Volcarona\n|-sidestart|p1: sleeptaik|move: Stealth Rock\n|\n|upkeep\n|turn|3\n|\n|t:|1700307261\n|switch|p1a: Slowking|Slowking-Galar, F|100\/100\n|move|p2a: Landorus|Earthquake|p1a: Slowking\n|-supereffective|p1a: Slowking\n|-damage|p1a: Slowking|30\/100\n|\n|upkeep\n|turn|4\n|\n|t:|1700307275\n|move|p2a: Landorus|U-turn|p1a: Slowking\n|-damage|p1a: Slowking|13\/100\n|\n|t:|1700307282\n|switch|p2a: Rillaboom|Rillaboom, M|100\/100|[from] U-turn\n|-fieldstart|move: Grassy Terrain|[from] ability: Grassy Surge|[of] p2a: Rillaboom\n|move|p1a: Slowking|Chilly Reception|p1a: Slowking\n|-weather|Snow\n|\n|t:|1700307285\n|switch|p1a: Volcarona|Volcarona, F|100\/100|[from] Chilly Reception\n|\n|-weather|Snow|[upkeep]\n|upkeep\n|turn|5\n|\n|t:|1700307297\n|switch|p2a: Heatran|Heatran, F|100\/100\n|move|p1a: Volcarona|Fiery Dance|p2a: Heatran\n|-start|p2a: Heatran|ability: Flash Fire\n|\n|-weather|Snow|[upkeep]\n|upkeep\n|turn|6\n|\n|t:|1700307306\n|switch|p1a: Tyranitar|Tyranitar, M|100\/100\n|-damage|p1a: Tyranitar|88\/100|[from] Stealth Rock\n|-weather|Sandstorm|[from] ability: Sand Stream|[of] p1a: Tyranitar\n|move|p2a: Heatran|Protect||[still]\n|-fail|p2a: Heatran\n|\n|-weather|Sandstorm|[upkeep]\n|-heal|p1a: Tyranitar|94\/100|[from] Grassy Terrain\n|-heal|p1a: Tyranitar|100\/100|[from] item: Leftovers\n|upkeep\n|turn|7\n|\n|t:|1700307322\n|-end|p2a: Heatran|ability: Flash Fire|[silent]\n|switch|p2a: Rillaboom|Rillaboom, M|100\/100\n|move|p1a: Tyranitar|Knock Off|p2a: Rillaboom\n|-damage|p2a: Rillaboom|44\/100\n|-enditem|p2a: Rillaboom|Choice Band|[from] move: Knock Off|[of] p1a: Tyranitar\n|\n|-weather|Sandstorm|[upkeep]\n|-damage|p2a: Rillaboom|38\/100|[from] Sandstorm\n|-heal|p2a: Rillaboom|44\/100|[from] Grassy Terrain\n|upkeep\n|turn|8\n|\n|t:|1700307345\n|switch|p1a: Heatran|Heatran, M|100\/100\n|-damage|p1a: Heatran|88\/100|[from] Stealth Rock\n|move|p2a: Rillaboom|U-turn|p1a: Heatran\n|-resisted|p1a: Heatran\n|-damage|p1a: Heatran|82\/100\n|\n|t:|1700307353\n|switch|p2a: Gallade|Gallade, M, shiny|100\/100|[from] U-turn\n|\n|-weather|Sandstorm|[upkeep]\n|-damage|p2a: Gallade|94\/100|[from] Sandstorm\n|-heal|p2a: Gallade|100\/100|[from] Grassy Terrain\n|-heal|p1a: Heatran|88\/100|[from] Grassy Terrain\n|-heal|p1a: Heatran|95\/100|[from] item: Leftovers\n|-fieldend|move: Grassy Terrain\n|upkeep\n|turn|9\n|\n|t:|1700307378\n|switch|p1a: Volcarona|Volcarona, F|100\/100\n|detailschange|p2a: Gallade|Gallade-Mega, M, shiny\n|-mega|p2a: Gallade|Gallade|Galladite\n|move|p2a: Gallade|Swords Dance|p2a: Gallade\n|-boost|p2a: Gallade|atk|2\n|\n|-weather|Sandstorm|[upkeep]\n|-damage|p2a: Gallade|94\/100|[from] Sandstorm\n|-damage|p1a: Volcarona|94\/100|[from] Sandstorm\n|upkeep\n|turn|10\n|\n|t:|1700307390\n|move|p2a: Gallade|Zen Headbutt|p1a: Volcarona\n|-damage|p1a: Volcarona|0 fnt\n|faint|p1a: Volcarona\n|\n|-weather|none\n|upkeep\n|\n|t:|1700307399\n|switch|p1a: Tyranitar|Tyranitar, M|100\/100\n|-damage|p1a: Tyranitar|88\/100|[from] Stealth Rock\n|-weather|Sandstorm|[from] ability: Sand Stream|[of] p1a: Tyranitar\n|turn|11\n|\n|t:|1700307421\n|-terastallize|p1a: Tyranitar|Ghost\n|move|p2a: Gallade|Close Combat|p1a: Tyranitar\n|-immune|p1a: Tyranitar\n|move|p1a: Tyranitar|Knock Off|p2a: Gallade\n|-damage|p2a: Gallade|41\/100\n|\n|-weather|Sandstorm|[upkeep]\n|-damage|p2a: Gallade|35\/100|[from] Sandstorm\n|-damage|p1a: Tyranitar|82\/100|[from] Sandstorm\n|-heal|p1a: Tyranitar|88\/100|[from] item: Leftovers\n|upkeep\n|turn|12\n|\n|t:|1700307438\n|switch|p1a: Urshifu|Urshifu-Rapid-Strike, M|45\/100 tox\n|-damage|p1a: Urshifu|39\/100 tox|[from] Stealth Rock\n|move|p2a: Gallade|Zen Headbutt|p1a: Urshifu\n|-supereffective|p1a: Urshifu\n|-damage|p1a: Urshifu|0 fnt\n|faint|p1a: Urshifu\n|\n|-weather|Sandstorm|[upkeep]\n|-damage|p2a: Gallade|29\/100|[from] Sandstorm\n|upkeep\n|\n|t:|1700307440\n|switch|p1a: Pinsir|Pinsir, F|100\/100\n|-damage|p1a: Pinsir|76\/100|[from] Stealth Rock\n|turn|13\n|\n|t:|1700307454\n|switch|p2a: Zapdos|Zapdos|100\/100\n|detailschange|p1a: Pinsir|Pinsir-Mega, F\n|-mega|p1a: Pinsir|Pinsir|Pinsirite\n|move|p1a: Pinsir|Quick Attack|p2a: Zapdos\n|-resisted|p2a: Zapdos\n|-damage|p2a: Zapdos|91\/100\n|\n|-weather|Sandstorm|[upkeep]\n|-damage|p1a: Pinsir|70\/100|[from] Sandstorm\n|-damage|p2a: Zapdos|84\/100|[from] Sandstorm\n|upkeep\n|turn|14\n|\n|t:|1700307465\n|switch|p1a: Tyranitar|Tyranitar, M, tera:Ghost|88\/100\n|-damage|p1a: Tyranitar|76\/100|[from] Stealth Rock\n|move|p2a: Zapdos|Volt Switch|p1a: Tyranitar\n|-damage|p1a: Tyranitar|50\/100\n|\n|t:|1700307479\n|switch|p2a: Gallade|Gallade-Mega, M, shiny|29\/100|[from] Volt Switch\n|\n|-weather|Sandstorm|[upkeep]\n|-damage|p2a: Gallade|23\/100|[from] Sandstorm\n|-damage|p1a: Tyranitar|43\/100|[from] Sandstorm\n|-heal|p1a: Tyranitar|50\/100|[from] item: Leftovers\n|upkeep\n|turn|15\n|\n|t:|1700307487\n|move|p2a: Gallade|Zen Headbutt|p1a: Tyranitar|[miss]\n|-miss|p2a: Gallade|p1a: Tyranitar\n|move|p1a: Tyranitar|Knock Off|p2a: Gallade\n|-crit|p2a: Gallade\n|-damage|p2a: Gallade|0 fnt\n|faint|p2a: Gallade\n|\n|-weather|none\n|-heal|p1a: Tyranitar|56\/100|[from] item: Leftovers\n|upkeep\n|\n|t:|1700307501\n|switch|p2a: Rillaboom|Rillaboom, M|44\/100\n|-fieldstart|move: Grassy Terrain|[from] ability: Grassy Surge|[of] p2a: Rillaboom\n|turn|16\n|\n|t:|1700307515\n|move|p2a: Rillaboom|Knock Off|p1a: Tyranitar\n|-supereffective|p1a: Tyranitar\n|-damage|p1a: Tyranitar|0 fnt\n|-enditem|p1a: Tyranitar|Leftovers|[from] move: Knock Off|[of] p2a: Rillaboom\n|faint|p1a: Tyranitar\n|\n|-heal|p2a: Rillaboom|51\/100|[from] Grassy Terrain\n|upkeep\n|\n|t:|1700307518\n|switch|p1a: Heatran|Heatran, M|95\/100\n|-damage|p1a: Heatran|82\/100|[from] Stealth Rock\n|turn|17\n|\n|t:|1700307534\n|switch|p2a: Heatran|Heatran, F|100\/100\n|move|p1a: Heatran|Magma Storm|p2a: Heatran\n|-start|p2a: Heatran|ability: Flash Fire\n|\n|-heal|p1a: Heatran|88\/100|[from] Grassy Terrain\n|-heal|p1a: Heatran|95\/100|[from] item: Leftovers\n|upkeep\n|turn|18\n|-message|sleeptaik forfeited.\n|\n|win|zhiwa1\n|raw|sleeptaik's rating: 1542 &rarr; <strong>1512<\/strong><br \/>(-30 for losing)\n|raw|zhiwa1's rating: 1353 &rarr; <strong>1383<\/strong><br \/>(+30 for winning)\n|l|\u2606sleeptaik\n","uploadtime":1700307549,"views":6,"p1id":"sleeptaik","p2id":"zhiwa1","formatid":"gen9nationaldex","rating":1383,"private":0,"password":""}