{"id":"gen9nationaldex-1989195518","p1":"85792195wwww","p2":"Warlock's Mask","format":"[Gen 9] National Dex","log":"|j|\u260685792195wwww\n|j|\u2606Warlock's Mask\n|t:|1699822228\n|gametype|singles\n|player|p1|85792195wwww|mira|1658\n|player|p2|Warlock's Mask|scientistf|1639\n|teamsize|p1|6\n|teamsize|p2|6\n|gen|9\n|tier|[Gen 9] National Dex\n|rated|\n|rule|HP Percentage Mod: HP is shown in percentages\n|rule|Endless Battle Clause: Forcing endless battles is banned\n|rule|OHKO Clause: OHKO moves are banned\n|rule|Evasion Clause: Evasion abilities, items, and moves are banned\n|rule|Evasion Abilities Clause: Evasion abilities are banned\n|rule|Evasion Items Clause: Evasion items are banned\n|rule|Evasion Moves Clause: Evasion moves are banned\n|rule|Species Clause: Limit one of each Pok\u00e9mon\n|rule|Sleep Clause Mod: Limit one foe put to sleep\n|clearpoke\n|poke|p1|Medicham, M|\n|poke|p1|Sneasler, F|\n|poke|p1|Garchomp, F|\n|poke|p1|Tapu Lele|\n|poke|p1|Sinistcha-Masterpiece|\n|poke|p1|Ursaluna, M|\n|poke|p2|Ceruledge, F|\n|poke|p2|Grimmsnarl, M|\n|poke|p2|Tapu Fini|\n|poke|p2|Ferrothorn, M|\n|poke|p2|Excadrill, F|\n|poke|p2|Araquanid, F|\n|teampreview\n|inactive|Battle timer is ON: inactive players will automatically lose when time's up. (requested by Warlock's Mask)\n|\n|t:|1699822240\n|start\n|switch|p1a: Garchomp|Garchomp, F|100\/100\n|switch|p2a: Offer Egg|Grimmsnarl, M|100\/100\n|turn|1\n|\n|t:|1699822251\n|move|p1a: Garchomp|Earthquake|p2a: Offer Egg\n|-damage|p2a: Offer Egg|42\/100\n|move|p2a: Offer Egg|Play Rough|p1a: Garchomp\n|-supereffective|p1a: Garchomp\n|-damage|p1a: Garchomp|13\/100\n|-damage|p2a: Offer Egg|29\/100|[from] ability: Rough Skin|[of] p1a: Garchomp\n|\n|upkeep\n|turn|2\n|\n|t:|1699822266\n|switch|p1a: Tapu Lele|Tapu Lele|100\/100\n|-fieldstart|move: Psychic Terrain|[from] ability: Psychic Surge|[of] p1a: Tapu Lele\n|move|p2a: Offer Egg|Parting Shot|p1a: Tapu Lele\n|-activate|p1a: Tapu Lele|move: Psychic Terrain\n|\n|upkeep\n|turn|3\n|\n|t:|1699822288\n|switch|p1a: Sneasler|Sneasler, F|100\/100\n|-enditem|p1a: Sneasler|Psychic Seed\n|-boost|p1a: Sneasler|spd|1|[from] item: Psychic Seed\n|switch|p2a: Ghost|Ferrothorn, M, shiny|100\/100\n|\n|upkeep\n|turn|4\n|\n|t:|1699822298\n|move|p1a: Sneasler|Swords Dance|p1a: Sneasler\n|-boost|p1a: Sneasler|atk|2\n|move|p2a: Ghost|Gyro Ball|p1a: Sneasler\n|-damage|p1a: Sneasler|0 fnt\n|faint|p1a: Sneasler\n|\n|upkeep\n|\n|t:|1699822307\n|switch|p1a: Garchomp|Garchomp, F|13\/100\n|turn|5\n|\n|t:|1699822325\n|move|p1a: Garchomp|Stealth Rock|p2a: Ghost\n|-sidestart|p2: Warlock's Mask|move: Stealth Rock\n|move|p2a: Ghost|Gyro Ball|p1a: Garchomp\n|-damage|p1a: Garchomp|0 fnt\n|-damage|p2a: Ghost|88\/100|[from] ability: Rough Skin|[of] p1a: Garchomp\n|faint|p1a: Garchomp\n|\n|upkeep\n|\n|t:|1699822333\n|switch|p1a: Medicham|Medicham, M|100\/100\n|turn|6\n|\n|t:|1699822340\n|detailschange|p1a: Medicham|Medicham-Mega, M\n|-mega|p1a: Medicham|Medicham|Medichamite\n|move|p1a: Medicham|Close Combat|p2a: Ghost\n|-supereffective|p2a: Ghost\n|-crit|p2a: Ghost\n|-damage|p2a: Ghost|0 fnt\n|-unboost|p1a: Medicham|def|1\n|-unboost|p1a: Medicham|spd|1\n|-damage|p1a: Medicham|88\/100|[from] ability: Iron Barbs|[of] p2a: Ghost\n|faint|p2a: Ghost\n|\n|-fieldend|move: Psychic Terrain\n|upkeep\n|\n|t:|1699822346\n|switch|p2a: Offer Egg|Grimmsnarl, M|29\/100\n|-damage|p2a: Offer Egg|17\/100|[from] Stealth Rock\n|turn|7\n|\n|t:|1699822355\n|switch|p1a: Tapu Lele|Tapu Lele|100\/100\n|-fieldstart|move: Psychic Terrain|[from] ability: Psychic Surge|[of] p1a: Tapu Lele\n|move|p2a: Offer Egg|Thunder Wave|p1a: Tapu Lele\n|-activate|p1a: Tapu Lele|move: Psychic Terrain\n|\n|upkeep\n|turn|8\n|\n|t:|1699822365\n|switch|p1a: Ursaluna|Ursaluna, M|100\/100\n|move|p2a: Offer Egg|Play Rough|p1a: Ursaluna\n|-damage|p1a: Ursaluna|67\/100\n|\n|-status|p1a: Ursaluna|brn|[from] item: Flame Orb\n|upkeep\n|turn|9\n|j| YJLF2\n|\n|t:|1699822377\n|move|p1a: Ursaluna|Bulk Up|p1a: Ursaluna\n|-boost|p1a: Ursaluna|atk|1\n|-boost|p1a: Ursaluna|def|1\n|move|p2a: Offer Egg|Play Rough|p1a: Ursaluna\n|-damage|p1a: Ursaluna|42\/100 brn\n|\n|-damage|p1a: Ursaluna|36\/100 brn|[from] brn\n|upkeep\n|turn|10\n|\n|t:|1699822387\n|switch|p2a: Sticky|Araquanid, F, shiny|100\/100\n|-damage|p2a: Sticky|76\/100|[from] Stealth Rock\n|move|p1a: Ursaluna|Facade|p2a: Sticky\n|-damage|p2a: Sticky|0 fnt\n|faint|p2a: Sticky\n|\n|-damage|p1a: Ursaluna|30\/100 brn|[from] brn\n|upkeep\n|\n|t:|1699822395\n|switch|p2a: No|Excadrill, F|100\/100\n|-damage|p2a: No|98\/100|[from] Stealth Rock\n|-ability|p2a: No|Mold Breaker\n|turn|11\n|\n|t:|1699822413\n|move|p2a: No|Iron Head|p1a: Ursaluna\n|-crit|p1a: Ursaluna\n|-damage|p1a: Ursaluna|0 fnt\n|faint|p1a: Ursaluna\n|\n|-fieldend|move: Psychic Terrain\n|upkeep\n|\n|t:|1699822424\n|switch|p1a: Medicham|Medicham-Mega, M|88\/100\n|turn|12\n|\n|t:|1699822432\n|move|p1a: Medicham|Fake Out|p2a: No\n|-resisted|p2a: No\n|-damage|p2a: No|84\/100\n|cant|p2a: No|flinch\n|\n|upkeep\n|turn|13\n|\n|t:|1699822439\n|move|p1a: Medicham|Close Combat|p2a: No\n|-supereffective|p2a: No\n|-damage|p2a: No|0 fnt\n|-unboost|p1a: Medicham|def|1\n|-unboost|p1a: Medicham|spd|1\n|faint|p2a: No\n|\n|upkeep\n|\n|t:|1699822449\n|switch|p2a: Wall-of-Brazil|Tapu Fini, shiny|100\/100\n|-damage|p2a: Wall-of-Brazil|88\/100|[from] Stealth Rock\n|-fieldstart|move: Misty Terrain|[from] ability: Misty Surge|[of] p2a: Wall-of-Brazil\n|turn|14\n|\n|t:|1699822456\n|switch|p1a: Sinistcha|Sinistcha-Masterpiece|100\/100\n|move|p2a: Wall-of-Brazil|Calm Mind|p2a: Wall-of-Brazil\n|-boost|p2a: Wall-of-Brazil|spa|1\n|-boost|p2a: Wall-of-Brazil|spd|1\n|\n|-heal|p2a: Wall-of-Brazil|94\/100|[from] item: Leftovers\n|upkeep\n|turn|15\n|\n|t:|1699822470\n|move|p2a: Wall-of-Brazil|Calm Mind|p2a: Wall-of-Brazil\n|-boost|p2a: Wall-of-Brazil|spa|1\n|-boost|p2a: Wall-of-Brazil|spd|1\n|move|p1a: Sinistcha|Calm Mind|p1a: Sinistcha\n|-boost|p1a: Sinistcha|spa|1\n|-boost|p1a: Sinistcha|spd|1\n|\n|-heal|p2a: Wall-of-Brazil|100\/100|[from] item: Leftovers\n|upkeep\n|turn|16\n|\n|t:|1699822482\n|switch|p2a: Her|Ceruledge, F, shiny|100\/100\n|-damage|p2a: Her|75\/100|[from] Stealth Rock\n|move|p1a: Sinistcha|Calm Mind|p1a: Sinistcha\n|-boost|p1a: Sinistcha|spa|1\n|-boost|p1a: Sinistcha|spd|1\n|\n|-heal|p2a: Her|82\/100|[from] item: Leftovers\n|upkeep\n|turn|17\n|\n|t:|1699822495\n|-terastallize|p1a: Sinistcha|Poison\n|move|p2a: Her|Bitter Blade|p1a: Sinistcha\n|-damage|p1a: Sinistcha|86\/100\n|-heal|p2a: Her|89\/100|[from] drain|[of] p1a: Sinistcha\n|move|p1a: Sinistcha|Shadow Ball|p2a: Her\n|-supereffective|p2a: Her\n|-damage|p2a: Her|0 fnt\n|faint|p2a: Her\n|\n|-heal|p1a: Sinistcha|92\/100|[from] item: Leftovers\n|upkeep\n|\n|t:|1699822507\n|switch|p2a: Offer Egg|Grimmsnarl, M|17\/100\n|-damage|p2a: Offer Egg|5\/100|[from] Stealth Rock\n|turn|18\n|\n|t:|1699822517\n|move|p2a: Offer Egg|Trick|p1a: Sinistcha\n|-activate|p2a: Offer Egg|move: Trick|[of] p1a: Sinistcha\n|-item|p1a: Sinistcha|Iron Ball|[from] move: Trick\n|-item|p2a: Offer Egg|Leftovers|[from] move: Trick\n|move|p1a: Sinistcha|Shadow Ball|p2a: Offer Egg\n|-resisted|p2a: Offer Egg\n|-damage|p2a: Offer Egg|0 fnt\n|faint|p2a: Offer Egg\n|\n|-fieldend|Misty Terrain\n|upkeep\n|\n|t:|1699822521\n|switch|p2a: Wall-of-Brazil|Tapu Fini, shiny|100\/100\n|-damage|p2a: Wall-of-Brazil|88\/100|[from] Stealth Rock\n|-fieldstart|move: Misty Terrain|[from] ability: Misty Surge|[of] p2a: Wall-of-Brazil\n|turn|19\n|\n|t:|1699822534\n|move|p2a: Wall-of-Brazil|Calm Mind|p2a: Wall-of-Brazil\n|-boost|p2a: Wall-of-Brazil|spa|1\n|-boost|p2a: Wall-of-Brazil|spd|1\n|move|p1a: Sinistcha|Matcha Gotcha|p2a: Wall-of-Brazil|[miss]\n|-miss|p1a: Sinistcha|p2a: Wall-of-Brazil\n|\n|-heal|p2a: Wall-of-Brazil|94\/100|[from] item: Leftovers\n|upkeep\n|turn|20\n|\n|t:|1699822543\n|move|p2a: Wall-of-Brazil|Calm Mind|p2a: Wall-of-Brazil\n|-boost|p2a: Wall-of-Brazil|spa|1\n|-boost|p2a: Wall-of-Brazil|spd|1\n|move|p1a: Sinistcha|Matcha Gotcha|p2a: Wall-of-Brazil\n|-supereffective|p2a: Wall-of-Brazil\n|-damage|p2a: Wall-of-Brazil|41\/100\n|-heal|p1a: Sinistcha|100\/100|[from] drain|[of] p2a: Wall-of-Brazil\n|\n|-heal|p2a: Wall-of-Brazil|47\/100|[from] item: Leftovers\n|upkeep\n|turn|21\n|\n|t:|1699822553\n|move|p2a: Wall-of-Brazil|Protect|p2a: Wall-of-Brazil\n|-singleturn|p2a: Wall-of-Brazil|Protect\n|move|p1a: Sinistcha|Matcha Gotcha|p2a: Wall-of-Brazil\n|-activate|p2a: Wall-of-Brazil|move: Protect\n|\n|-heal|p2a: Wall-of-Brazil|53\/100|[from] item: Leftovers\n|upkeep\n|turn|22\n|\n|t:|1699822568\n|move|p2a: Wall-of-Brazil|Calm Mind|p2a: Wall-of-Brazil\n|-boost|p2a: Wall-of-Brazil|spa|1\n|-boost|p2a: Wall-of-Brazil|spd|1\n|move|p1a: Sinistcha|Matcha Gotcha|p2a: Wall-of-Brazil\n|-supereffective|p2a: Wall-of-Brazil\n|-damage|p2a: Wall-of-Brazil|12\/100\n|\n|-heal|p2a: Wall-of-Brazil|18\/100|[from] item: Leftovers\n|upkeep\n|turn|23\n|c|\u2606Warlock's Mask|gg\n|\n|t:|1699822578\n|move|p2a: Wall-of-Brazil|Draining Kiss|p1a: Sinistcha\n|-resisted|p1a: Sinistcha\n|-damage|p1a: Sinistcha|89\/100\n|-heal|p2a: Wall-of-Brazil|27\/100|[from] drain|[of] p1a: Sinistcha\n|move|p1a: Sinistcha|Calm Mind|p1a: Sinistcha\n|-boost|p1a: Sinistcha|spa|1\n|-boost|p1a: Sinistcha|spd|1\n|\n|-heal|p2a: Wall-of-Brazil|34\/100|[from] item: Leftovers\n|-fieldend|Misty Terrain\n|upkeep\n|turn|24\n|\n|t:|1699822589\n|move|p2a: Wall-of-Brazil|Surf|p1a: Sinistcha\n|-damage|p1a: Sinistcha|56\/100\n|move|p1a: Sinistcha|Matcha Gotcha|p2a: Wall-of-Brazil\n|-supereffective|p2a: Wall-of-Brazil\n|-damage|p2a: Wall-of-Brazil|0 fnt\n|-heal|p1a: Sinistcha|72\/100|[from] drain|[of] p2a: Wall-of-Brazil\n|faint|p2a: Wall-of-Brazil\n|\n|win|85792195wwww\n|raw|85792195wwww's rating: 1658 &rarr; <strong>1677<\/strong><br \/>(+19 for winning)\n|raw|Warlock&apos;s Mask's rating: 1639 &rarr; <strong>1620<\/strong><br \/>(-19 for losing)\n|l|\u2606Warlock's Mask\n","uploadtime":1699822599,"views":4,"p1id":"85792195wwww","p2id":"warlocksmask","formatid":"gen9nationaldex","rating":1620,"private":0,"password":""}