{"id":"gen9nationaldex-1987006573","p1":"Alex0kyrotera","p2":"LNewsom88","format":"[Gen 9] National Dex","log":"|j|\u2606Alex0kyrotera\n|j|\u2606LNewsom88\n|t:|1699548449\n|gametype|singles\n|player|p1|Alex0kyrotera|veteran|1155\n|player|p2|LNewsom88|dawn|1177\n|teamsize|p1|6\n|teamsize|p2|6\n|gen|9\n|tier|[Gen 9] National Dex\n|rated|\n|rule|HP Percentage Mod: HP is shown in percentages\n|rule|Endless Battle Clause: Forcing endless battles is banned\n|rule|OHKO Clause: OHKO moves are banned\n|rule|Evasion Clause: Evasion abilities, items, and moves are banned\n|rule|Evasion Abilities Clause: Evasion abilities are banned\n|rule|Evasion Items Clause: Evasion items are banned\n|rule|Evasion Moves Clause: Evasion moves are banned\n|rule|Species Clause: Limit one of each Pok\u00e9mon\n|rule|Sleep Clause Mod: Limit one foe put to sleep\n|clearpoke\n|poke|p1|Deoxys-Defense|\n|poke|p1|Clodsire, M|\n|poke|p1|Kommo-o, F|\n|poke|p1|Greninja-*, M|\n|poke|p1|Urshifu-*, F|\n|poke|p1|Iron Moth|\n|poke|p2|Ferrothorn, F|\n|poke|p2|Sharpedo, F|\n|poke|p2|Skeledirge, M|\n|poke|p2|Salamence, M|\n|poke|p2|Alakazam, M|\n|poke|p2|Torterra, M|\n|teampreview\n|\n|t:|1699548457\n|start\n|switch|p1a: Clodsire|Clodsire, M|100\/100\n|switch|p2a: Ferrothorn|Ferrothorn, F|100\/100\n|turn|1\n|\n|t:|1699548477\n|move|p1a: Clodsire|Yawn|p2a: Ferrothorn\n|-start|p2a: Ferrothorn|move: Yawn|[of] p1a: Clodsire\n|move|p2a: Ferrothorn|Stealth Rock|p1a: Clodsire\n|-sidestart|p1: Alex0kyrotera|move: Stealth Rock\n|\n|upkeep\n|turn|2\n|\n|t:|1699548497\n|switch|p2a: Sharpedo|Sharpedo, F|100\/100\n|move|p1a: Clodsire|Spikes|p2a: Sharpedo\n|-sidestart|p2: LNewsom88|Spikes\n|\n|upkeep\n|turn|3\n|\n|t:|1699548504\n|move|p2a: Sharpedo|Liquidation|p1a: Clodsire\n|-immune|p1a: Clodsire|[from] ability: Water Absorb\n|move|p1a: Clodsire|Yawn|p2a: Sharpedo\n|-start|p2a: Sharpedo|move: Yawn|[of] p1a: Clodsire\n|\n|-ability|p2a: Sharpedo|Speed Boost|boost\n|-boost|p2a: Sharpedo|spe|1\n|upkeep\n|turn|4\n|\n|t:|1699548521\n|switch|p2a: Salamence|Salamence, M|100\/100\n|move|p1a: Clodsire|Spikes|p2a: Salamence\n|-sidestart|p2: LNewsom88|Spikes\n|\n|upkeep\n|turn|5\n|\n|t:|1699548526\n|move|p2a: Salamence|Earthquake|p1a: Clodsire\n|-supereffective|p1a: Clodsire\n|-damage|p1a: Clodsire|19\/100\n|move|p1a: Clodsire|Yawn|p2a: Salamence\n|-start|p2a: Salamence|move: Yawn|[of] p1a: Clodsire\n|\n|-heal|p1a: Clodsire|26\/100|[from] item: Black Sludge\n|upkeep\n|turn|6\n|\n|t:|1699548537\n|switch|p2a: Torterra|Torterra, M|100\/100\n|-damage|p2a: Torterra|84\/100|[from] Spikes\n|move|p1a: Clodsire|Spikes|p2a: Torterra\n|-sidestart|p2: LNewsom88|Spikes\n|\n|-heal|p1a: Clodsire|32\/100|[from] item: Black Sludge\n|upkeep\n|turn|7\n|\n|t:|1699548549\n|move|p2a: Torterra|Headlong Rush|p1a: Clodsire\n|-supereffective|p1a: Clodsire\n|-damage|p1a: Clodsire|0 fnt\n|-unboost|p2a: Torterra|def|1\n|-unboost|p2a: Torterra|spd|1\n|faint|p1a: Clodsire\n|\n|upkeep\n|\n|t:|1699548560\n|switch|p1a: Kommo-o|Kommo-o, F|100\/100\n|-damage|p1a: Kommo-o|94\/100|[from] Stealth Rock\n|turn|8\n|\n|t:|1699548575\n|move|p2a: Torterra|Shell Smash|p2a: Torterra\n|-unboost|p2a: Torterra|def|1\n|-unboost|p2a: Torterra|spd|1\n|-boost|p2a: Torterra|atk|2\n|-boost|p2a: Torterra|spa|2\n|-boost|p2a: Torterra|spe|2\n|-zpower|p1a: Kommo-o\n|move|p1a: Kommo-o|Clangorous Soulblaze|p2a: Torterra|[zeffect]\n|-damage|p2a: Torterra|0 fnt\n|faint|p2a: Torterra\n|-boost|p1a: Kommo-o|atk|1\n|-boost|p1a: Kommo-o|def|1\n|-boost|p1a: Kommo-o|spa|1\n|-boost|p1a: Kommo-o|spd|1\n|-boost|p1a: Kommo-o|spe|1\n|\n|upkeep\n|\n|t:|1699548599\n|switch|p2a: Alakazam|Alakazam, M|100\/100\n|turn|9\n|\n|t:|1699548605\n|move|p2a: Alakazam|Thunder Wave|p1a: Kommo-o\n|-status|p1a: Kommo-o|par\n|move|p1a: Kommo-o|Clangorous Soul|p1a: Kommo-o\n|-boost|p1a: Kommo-o|atk|1\n|-boost|p1a: Kommo-o|def|1\n|-boost|p1a: Kommo-o|spa|1\n|-boost|p1a: Kommo-o|spd|1\n|-boost|p1a: Kommo-o|spe|1\n|-damage|p1a: Kommo-o|62\/100 par\n|\n|upkeep\n|turn|10\n|\n|t:|1699548630\n|move|p2a: Alakazam|Psyshock|p1a: Kommo-o\n|-supereffective|p1a: Kommo-o\n|-damage|p1a: Kommo-o|25\/100 par\n|cant|p1a: Kommo-o|par\n|\n|upkeep\n|turn|11\n|\n|t:|1699548636\n|move|p2a: Alakazam|Psyshock|p1a: Kommo-o\n|-supereffective|p1a: Kommo-o\n|-damage|p1a: Kommo-o|0 fnt\n|faint|p1a: Kommo-o\n|\n|upkeep\n|\n|t:|1699548647\n|switch|p1a: Urshifu|Urshifu-Rapid-Strike, F|100\/100\n|-damage|p1a: Urshifu|94\/100|[from] Stealth Rock\n|turn|12\n|\n|t:|1699548652\n|move|p2a: Alakazam|Thunder Wave|p1a: Urshifu\n|-status|p1a: Urshifu|par\n|move|p1a: Urshifu|Surging Strikes|p2a: Alakazam\n|-crit|p2a: Alakazam\n|-damage|p2a: Alakazam|46\/100\n|-crit|p2a: Alakazam\n|-damage|p2a: Alakazam|0 fnt\n|faint|p2a: Alakazam\n|-hitcount|p2: Alakazam|2\n|\n|upkeep\n|\n|t:|1699548668\n|switch|p2a: Ferrothorn|Ferrothorn, F|100\/100\n|-damage|p2a: Ferrothorn|75\/100|[from] Spikes\n|turn|13\n|\n|t:|1699548674\n|move|p1a: Urshifu|Close Combat|p2a: Ferrothorn\n|-supereffective|p2a: Ferrothorn\n|-damage|p2a: Ferrothorn|8\/100\n|-unboost|p1a: Urshifu|def|1\n|-unboost|p1a: Urshifu|spd|1\n|-damage|p1a: Urshifu|82\/100 par|[from] ability: Iron Barbs|[of] p2a: Ferrothorn\n|move|p2a: Ferrothorn|Giga Drain|p1a: Urshifu\n|-supereffective|p1a: Urshifu\n|-damage|p1a: Urshifu|15\/100 par\n|-heal|p2a: Ferrothorn|41\/100|[from] drain|[of] p1a: Urshifu\n|\n|-heal|p2a: Ferrothorn|47\/100|[from] item: Leftovers\n|upkeep\n|turn|14\n|\n|t:|1699548688\n|move|p1a: Urshifu|Close Combat|p2a: Ferrothorn\n|-supereffective|p2a: Ferrothorn\n|-damage|p2a: Ferrothorn|0 fnt\n|-unboost|p1a: Urshifu|def|1\n|-unboost|p1a: Urshifu|spd|1\n|-damage|p1a: Urshifu|3\/100 par|[from] ability: Iron Barbs|[of] p2a: Ferrothorn\n|faint|p2a: Ferrothorn\n|\n|upkeep\n|\n|t:|1699548696\n|switch|p2a: Salamence|Salamence, M|100\/100\n|turn|15\n|\n|t:|1699548701\n|move|p2a: Salamence|Dragon Dance|p2a: Salamence\n|-boost|p2a: Salamence|atk|1\n|-boost|p2a: Salamence|spe|1\n|move|p1a: Urshifu|Surging Strikes|p2a: Salamence\n|-resisted|p2a: Salamence\n|-crit|p2a: Salamence\n|-damage|p2a: Salamence|89\/100\n|-resisted|p2a: Salamence\n|-crit|p2a: Salamence\n|-damage|p2a: Salamence|77\/100\n|-resisted|p2a: Salamence\n|-crit|p2a: Salamence\n|-damage|p2a: Salamence|64\/100\n|-hitcount|p2a: Salamence|3\n|\n|upkeep\n|turn|16\n|\n|t:|1699548715\n|move|p2a: Salamence|Earthquake|p1a: Urshifu\n|-damage|p1a: Urshifu|0 fnt\n|faint|p1a: Urshifu\n|-ability|p2a: Salamence|Moxie|boost\n|-boost|p2a: Salamence|atk|1\n|\n|upkeep\n|\n|t:|1699548721\n|switch|p1a: Wall|Deoxys-Defense|100\/100\n|-damage|p1a: Wall|88\/100|[from] Stealth Rock\n|-ability|p1a: Wall|Pressure\n|turn|17\n|inactive|Battle timer is ON: inactive players will automatically lose when time's up. (requested by Alex0kyrotera)\n|\n|t:|1699548749\n|move|p2a: Salamence|Defog|p1a: Wall\n|-unboost|p1a: Wall|evasion|1\n|-sideend|p1: Alex0kyrotera|Stealth Rock|[from] move: Defog|[of] p2a: Salamence\n|-sideend|p2: LNewsom88|Spikes|[from] move: Defog|[of] p2a: Salamence\n|move|p1a: Wall|Toxic|p2a: Salamence\n|-status|p2a: Salamence|tox\n|\n|-heal|p1a: Wall|94\/100|[from] item: Leftovers\n|-damage|p2a: Salamence|58\/100 tox|[from] psn\n|upkeep\n|turn|18\n|\n|t:|1699548763\n|move|p2a: Salamence|Outrage|p1a: Wall\n|-damage|p1a: Wall|10\/100\n|move|p1a: Wall|Calm Mind|p1a: Wall\n|-boost|p1a: Wall|spa|1\n|-boost|p1a: Wall|spd|1\n|\n|-heal|p1a: Wall|16\/100|[from] item: Leftovers\n|-damage|p2a: Salamence|46\/100 tox|[from] psn\n|upkeep\n|turn|19\n|\n|t:|1699548773\n|move|p2a: Salamence|Outrage|p1a: Wall|[from]lockedmove\n|-damage|p1a: Wall|0 fnt\n|faint|p1a: Wall\n|-ability|p2a: Salamence|Moxie|boost\n|-boost|p2a: Salamence|atk|1\n|-start|p2a: Salamence|confusion|[fatigue]\n|\n|-damage|p2a: Salamence|28\/100 tox|[from] psn\n|upkeep\n|\n|t:|1699548783\n|switch|p1a: Iron Moth|Iron Moth|100\/100\n|-enditem|p1a: Iron Moth|Booster Energy\n|-activate|p1a: Iron Moth|ability: Quark Drive|[fromitem]\n|-start|p1a: Iron Moth|quarkdrivespe\n|turn|20\n|\n|t:|1699548790\n|move|p1a: Iron Moth|Fiery Dance|p2a: Salamence\n|-resisted|p2a: Salamence\n|-damage|p2a: Salamence|5\/100 tox\n|-activate|p2a: Salamence|confusion\n|move|p2a: Salamence|Outrage|p1a: Iron Moth\n|-damage|p1a: Iron Moth|0 fnt\n|faint|p1a: Iron Moth\n|-end|p1a: Iron Moth|Quark Drive|[silent]\n|-ability|p2a: Salamence|Moxie|boost\n|-boost|p2a: Salamence|atk|1\n|\n|-damage|p2a: Salamence|0 fnt|[from] psn\n|faint|p2a: Salamence\n|upkeep\n|\n|t:|1699548807\n|switch|p1a: Greninja|Greninja, M|100\/100\n|switch|p2a: Sharpedo|Sharpedo, F|100\/100\n|turn|21\n|\n|t:|1699548828\n|move|p2a: Sharpedo|Protect|p2a: Sharpedo\n|-singleturn|p2a: Sharpedo|Protect\n|move|p1a: Greninja|Surf|p2a: Sharpedo\n|-activate|p2a: Sharpedo|move: Protect\n|\n|-ability|p2a: Sharpedo|Speed Boost|boost\n|-boost|p2a: Sharpedo|spe|1\n|upkeep\n|turn|22\n|\n|t:|1699548837\n|detailschange|p2a: Sharpedo|Sharpedo-Mega, F\n|-mega|p2a: Sharpedo|Sharpedo|Sharpedonite\n|move|p2a: Sharpedo|Crunch|p1a: Greninja\n|-resisted|p1a: Greninja\n|-damage|p1a: Greninja|38\/100\n|move|p1a: Greninja|Surf|p2a: Sharpedo\n|-resisted|p2a: Sharpedo\n|-damage|p2a: Sharpedo|50\/100\n|\n|upkeep\n|turn|23\n|-message|Alex0kyrotera forfeited.\n|\n|win|LNewsom88\n|raw|Alex0kyrotera's rating: 1155 &rarr; <strong>1132<\/strong><br \/>(-23 for losing)\n|raw|LNewsom88's rating: 1177 &rarr; <strong>1200<\/strong><br \/>(+23 for winning)\n|l|\u2606Alex0kyrotera\n","uploadtime":1699548853,"views":35,"p1id":"alex0kyrotera","p2id":"lnewsom88","formatid":"gen9nationaldex","rating":1132,"private":0,"password":""}