{"id":"gen9nationaldex-1992590773","p1":"SekaiofThyme","p2":"Clayanto","format":"[Gen 9] National Dex","log":"|j|\u2606SekaiofThyme\n|j|\u2606Clayanto\n|t:|1700211122\n|gametype|singles\n|player|p1|SekaiofThyme|lady-gen4|1424\n|player|p2|Clayanto|ariana|1327\n|teamsize|p1|6\n|teamsize|p2|6\n|gen|9\n|tier|[Gen 9] National Dex\n|rated|\n|rule|HP Percentage Mod: HP is shown in percentages\n|rule|Endless Battle Clause: Forcing endless battles is banned\n|rule|OHKO Clause: OHKO moves are banned\n|rule|Evasion Clause: Evasion abilities, items, and moves are banned\n|rule|Evasion Abilities Clause: Evasion abilities are banned\n|rule|Evasion Items Clause: Evasion items are banned\n|rule|Evasion Moves Clause: Evasion moves are banned\n|rule|Species Clause: Limit one of each Pok\u00e9mon\n|rule|Sleep Clause Mod: Limit one foe put to sleep\n|clearpoke\n|poke|p1|Jirachi|\n|poke|p1|Hydreigon, F|\n|poke|p1|Clefable, F|\n|poke|p1|Lopunny, M|\n|poke|p1|Toxapex, F|\n|poke|p1|Zoroark-Hisui, F|\n|poke|p2|Latios, M|\n|poke|p2|Gardevoir, M|\n|poke|p2|Hoopa-Unbound|\n|poke|p2|Tapu Lele|\n|poke|p2|Sneasler, F|\n|poke|p2|Tyranitar, F|\n|teampreview\n|inactive|Battle timer is ON: inactive players will automatically lose when time's up. (requested by Clayanto)\n|\n|t:|1700211131\n|start\n|switch|p1a: Clefable|Clefable, F|100\/100\n|switch|p2a: Latios|Latios, M|100\/100\n|turn|1\n|\n|t:|1700211136\n|move|p2a: Latios|Thunder Wave|p1a: Clefable|[miss]\n|-miss|p2a: Latios|p1a: Clefable\n|move|p1a: Clefable|Moonblast|p2a: Latios\n|-supereffective|p2a: Latios\n|-damage|p2a: Latios|50\/100\n|-unboost|p2a: Latios|spa|1\n|\n|upkeep\n|turn|2\n|\n|t:|1700211143\n|move|p2a: Latios|Thunder Wave|p1a: Clefable\n|-status|p1a: Clefable|par\n|move|p1a: Clefable|Calm Mind|p1a: Clefable\n|-boost|p1a: Clefable|spa|1\n|-boost|p1a: Clefable|spd|1\n|\n|upkeep\n|turn|3\n|\n|t:|1700211149\n|move|p2a: Latios|Simple Beam|p1a: Clefable\n|-endability|p1a: Clefable|Unaware|[from] move: Simple Beam\n|-ability|p1a: Clefable|Simple|[from] move: Simple Beam\n|move|p1a: Clefable|Calm Mind|p1a: Clefable\n|-boost|p1a: Clefable|spa|2\n|-boost|p1a: Clefable|spd|2\n|\n|upkeep\n|turn|4\n|\n|t:|1700211155\n|-zpower|p2a: Latios\n|move|p2a: Latios|Z-Memento|p1a: Clefable|[anim]Memento\n|-activate|p2a: Latios|healreplacement\n|-unboost|p1a: Clefable|atk|4\n|-unboost|p1a: Clefable|spa|4\n|faint|p2a: Latios\n|move|p1a: Clefable|Calm Mind|p1a: Clefable\n|-boost|p1a: Clefable|spa|2\n|-boost|p1a: Clefable|spd|2\n|\n|upkeep\n|\n|t:|1700211159\n|switch|p2a: Hoopa|Hoopa-Unbound|100\/100\n|-heal|p2a: Hoopa|100\/100|[from] move: Memento|[zeffect]\n|turn|5\n|\n|t:|1700211169\n|switch|p2a: Sneasler|Sneasler, F|100\/100\n|move|p1a: Clefable|Moonblast|p2a: Sneasler\n|-damage|p2a: Sneasler|41\/100\n|\n|upkeep\n|turn|6\n|\n|t:|1700211174\n|move|p2a: Sneasler|Dire Claw|p1a: Clefable\n|-supereffective|p1a: Clefable\n|-damage|p1a: Clefable|41\/100 par\n|-damage|p2a: Sneasler|25\/100|[from] item: Rocky Helmet|[of] p1a: Clefable\n|move|p1a: Clefable|Moonblast|p2a: Sneasler\n|-crit|p2a: Sneasler\n|-damage|p2a: Sneasler|0 fnt\n|faint|p2a: Sneasler\n|\n|upkeep\n|\n|t:|1700211187\n|switch|p2a: Gardevoir|Gardevoir, M|100\/100\n|-ability|p2a: Gardevoir|Simple|[from] ability: Trace|[of] p1a: Clefable\n|turn|7\n|\n|t:|1700211191\n|move|p2a: Gardevoir|Calm Mind|p2a: Gardevoir\n|-boost|p2a: Gardevoir|spa|2\n|-boost|p2a: Gardevoir|spd|2\n|move|p1a: Clefable|Soft-Boiled|p1a: Clefable\n|-heal|p1a: Clefable|91\/100 par\n|\n|upkeep\n|turn|8\n|\n|t:|1700211196\n|move|p2a: Gardevoir|Calm Mind|p2a: Gardevoir\n|-boost|p2a: Gardevoir|spa|2\n|-boost|p2a: Gardevoir|spd|2\n|move|p1a: Clefable|Calm Mind|p1a: Clefable\n|-boost|p1a: Clefable|spa|2\n|-boost|p1a: Clefable|spd|1\n|\n|upkeep\n|turn|9\n|\n|t:|1700211202\n|move|p2a: Gardevoir|Calm Mind|p2a: Gardevoir\n|-boost|p2a: Gardevoir|spa|2\n|-boost|p2a: Gardevoir|spd|2\n|move|p1a: Clefable|Stealth Rock|p2a: Gardevoir\n|-sidestart|p2: Clayanto|move: Stealth Rock\n|\n|upkeep\n|turn|10\n|\n|t:|1700211207\n|move|p2a: Gardevoir|Stored Power|p1a: Clefable\n|-damage|p1a: Clefable|0 fnt\n|faint|p1a: Clefable\n|\n|upkeep\n|\n|t:|1700211224\n|switch|p1a: Jirachi|Jirachi|100\/100\n|turn|11\n|\n|t:|1700211230\n|-terastallize|p2a: Gardevoir|Steel\n|move|p1a: Jirachi|Iron Head|p2a: Gardevoir\n|-resisted|p2a: Gardevoir\n|-damage|p2a: Gardevoir|85\/100\n|-enditem|p2a: Gardevoir|Kee Berry|[eat]\n|-boost|p2a: Gardevoir|def|2|[from] item: Kee Berry\n|cant|p2a: Gardevoir|flinch\n|\n|upkeep\n|turn|12\n|\n|t:|1700211242\n|move|p1a: Jirachi|Thunder Punch|p2a: Gardevoir\n|-damage|p2a: Gardevoir|75\/100\n|move|p2a: Gardevoir|Draining Kiss|p1a: Jirachi\n|-resisted|p1a: Jirachi\n|-damage|p1a: Jirachi|73\/100\n|-heal|p2a: Gardevoir|97\/100|[from] drain|[of] p1a: Jirachi\n|\n|-heal|p1a: Jirachi|79\/100|[from] item: Leftovers\n|upkeep\n|turn|13\n|\n|t:|1700211250\n|move|p1a: Jirachi|Iron Head|p2a: Gardevoir\n|-resisted|p2a: Gardevoir\n|-damage|p2a: Gardevoir|90\/100\n|cant|p2a: Gardevoir|flinch\n|\n|-heal|p1a: Jirachi|85\/100|[from] item: Leftovers\n|upkeep\n|turn|14\n|\n|t:|1700211258\n|move|p1a: Jirachi|Wish|p1a: Jirachi\n|move|p2a: Gardevoir|Stored Power|p1a: Jirachi\n|-resisted|p1a: Jirachi\n|-damage|p1a: Jirachi|0 fnt\n|faint|p1a: Jirachi\n|\n|upkeep\n|\n|t:|1700211264\n|switch|p1a: Hydreigon|Hydreigon, F|100\/100\n|turn|15\n|\n|t:|1700211271\n|-terastallize|p1a: Hydreigon|Poison\n|move|p1a: Hydreigon|Earth Power|p2a: Gardevoir\n|-supereffective|p2a: Gardevoir\n|-damage|p2a: Gardevoir|75\/100\n|move|p2a: Gardevoir|Draining Kiss|p1a: Hydreigon\n|-resisted|p1a: Hydreigon\n|-damage|p1a: Hydreigon|55\/100\n|-heal|p2a: Gardevoir|100\/100|[from] drain|[of] p1a: Hydreigon\n|\n|-heal|p1a: Hydreigon|100\/100|[from] move: Wish|[wisher] Jirachi\n|upkeep\n|turn|16\n|\n|t:|1700211288\n|move|p1a: Hydreigon|Nasty Plot|p1a: Hydreigon\n|-boost|p1a: Hydreigon|spa|2\n|move|p2a: Gardevoir|Stored Power|p1a: Hydreigon\n|-supereffective|p1a: Hydreigon\n|-damage|p1a: Hydreigon|0 fnt\n|faint|p1a: Hydreigon\n|\n|upkeep\n|\n|t:|1700211294\n|switch|p1a: Toxapex|Toxapex, F|100\/100\n|turn|17\n|\n|t:|1700211297\n|move|p2a: Gardevoir|Stored Power|p1a: Toxapex\n|-supereffective|p1a: Toxapex\n|-damage|p1a: Toxapex|0 fnt\n|faint|p1a: Toxapex\n|\n|upkeep\n|-message|SekaiofThyme forfeited.\n|\n|win|Clayanto\n|raw|SekaiofThyme's rating: 1424 &rarr; <strong>1399<\/strong><br \/>(-25 for losing)\n|raw|Clayanto's rating: 1327 &rarr; <strong>1352<\/strong><br \/>(+25 for winning)\n|l|\u2606SekaiofThyme\n","uploadtime":1700211315,"views":21,"p1id":"sekaiofthyme","p2id":"clayanto","formatid":"gen9nationaldex","rating":1352,"private":0,"password":""}