{"id":"gen9nationaldex-1988775209","p1":"Oakin64","p2":"Vraptor249","format":"[Gen 9] National Dex","log":"|j|\u2606Oakin64\n|j|\u2606Vraptor249\n|t:|1699761513\n|gametype|singles\n|player|p1|Oakin64|265|\n|player|p2|Vraptor249|benga|\n|teamsize|p1|6\n|teamsize|p2|6\n|gen|9\n|tier|[Gen 9] National Dex\n|rule|HP Percentage Mod: HP is shown in percentages\n|rule|Endless Battle Clause: Forcing endless battles is banned\n|rule|OHKO Clause: OHKO moves are banned\n|rule|Evasion Clause: Evasion abilities, items, and moves are banned\n|rule|Evasion Abilities Clause: Evasion abilities are banned\n|rule|Evasion Items Clause: Evasion items are banned\n|rule|Evasion Moves Clause: Evasion moves are banned\n|rule|Species Clause: Limit one of each Pok\u00e9mon\n|rule|Sleep Clause Mod: Limit one foe put to sleep\n|clearpoke\n|poke|p1|Heracross, M|\n|poke|p1|Walrein, M|\n|poke|p1|Houndstone, M|\n|poke|p1|Probopass, M|\n|poke|p1|Scovillain, M|\n|poke|p1|Bombirdier, F|\n|poke|p2|Heliolisk, F|\n|poke|p2|Tentacruel, F|\n|poke|p2|Victini|\n|poke|p2|Iron Treads|\n|poke|p2|Necrozma|\n|poke|p2|Runerigus, F|\n|teampreview\n|j| VantaZack\n|c| VantaZack|Probo-Gas!!!! XP\n|j| dcmrulz\n|\n|t:|1699761563\n|start\n|switch|p1a: Gum|Heracross, M|100\/100\n|switch|p2a: Circe|Victini|100\/100\n|turn|1\n|j| Saradominphat\n|\n|t:|1699761578\n|switch|p1a: Big Canine|Walrein, M|100\/100\n|move|p2a: Circe|V-create|p1a: Big Canine\n|-damage|p1a: Big Canine|63\/100\n|-unboost|p2a: Circe|spe|1\n|-unboost|p2a: Circe|def|1\n|-unboost|p2a: Circe|spd|1\n|\n|upkeep\n|turn|2\n|\n|t:|1699761607\n|move|p2a: Circe|Bolt Strike|p1a: Big Canine\n|-supereffective|p1a: Big Canine\n|-damage|p1a: Big Canine|2\/100\n|move|p1a: Big Canine|Bulldoze|p2a: Circe\n|-supereffective|p2a: Circe\n|-damage|p2a: Circe|66\/100\n|-unboost|p2a: Circe|spe|1\n|\n|upkeep\n|turn|3\n|\n|t:|1699761630\n|switch|p2a: Dagon|Tentacruel, F|100\/100\n|move|p1a: Big Canine|Surf|p2a: Dagon\n|-resisted|p2a: Dagon\n|-damage|p2a: Dagon|87\/100\n|\n|upkeep\n|turn|4\n|\n|t:|1699761640\n|switch|p1a: Gum|Heracross, M|100\/100\n|move|p2a: Dagon|Rapid Spin|p1a: Gum\n|-damage|p1a: Gum|91\/100\n|-boost|p2a: Dagon|spe|1\n|\n|upkeep\n|turn|5\n|\n|t:|1699761652\n|move|p2a: Dagon|Dazzling Gleam|p1a: Gum\n|-supereffective|p1a: Gum\n|-damage|p1a: Gum|57\/100\n|move|p1a: Gum|Trailblaze|p2a: Dagon\n|-damage|p2a: Dagon|60\/100\n|-boost|p1a: Gum|spe|1\n|\n|upkeep\n|turn|6\n|\n|t:|1699761664\n|move|p2a: Dagon|Dazzling Gleam|p1a: Gum\n|-supereffective|p1a: Gum\n|-damage|p1a: Gum|22\/100\n|move|p1a: Gum|Trailblaze|p2a: Dagon\n|-damage|p2a: Dagon|32\/100\n|-boost|p1a: Gum|spe|1\n|\n|upkeep\n|turn|7\n|\n|t:|1699761677\n|detailschange|p1a: Gum|Heracross-Mega, M\n|-mega|p1a: Gum|Heracross|Heracronite\n|move|p2a: Dagon|Dazzling Gleam|p1a: Gum\n|-supereffective|p1a: Gum\n|-damage|p1a: Gum|0 fnt\n|faint|p1a: Gum\n|\n|upkeep\n|\n|t:|1699761681\n|switch|p1a: TJ|Scovillain, M|100\/100\n|turn|8\n|\n|t:|1699761691\n|move|p2a: Dagon|Sludge Wave|p1a: TJ\n|-supereffective|p1a: TJ\n|-damage|p1a: TJ|0 fnt\n|faint|p1a: TJ\n|\n|upkeep\n|\n|t:|1699761701\n|switch|p1a: Francesca|Bombirdier, F|100\/100\n|turn|9\n|\n|t:|1699761713\n|move|p1a: Francesca|Sucker Punch|p2a: Dagon\n|-damage|p2a: Dagon|0 fnt\n|faint|p2a: Dagon\n|\n|upkeep\n|\n|t:|1699761741\n|switch|p2a: Ford F150|Iron Treads|100\/100\n|turn|10\n|\n|t:|1699761761\n|switch|p1a: Bob|Probopass, M|100\/100\n|-item|p1a: Bob|Air Balloon\n|move|p2a: Ford F150|Ice Spinner|p1a: Bob\n|-resisted|p1a: Bob\n|-damage|p1a: Bob|90\/100\n|-enditem|p1a: Bob|Air Balloon\n|\n|upkeep\n|turn|11\n|\n|t:|1699761786\n|-end|p2a: Ford F150|Quark Drive|[silent]\n|switch|p2a: Sigma|Runerigus, F|100\/100\n|move|p1a: Bob|Stealth Rock|p2a: Sigma\n|-sidestart|p2: Vraptor249|move: Stealth Rock\n|\n|upkeep\n|turn|12\n|\n|t:|1699761796\n|switch|p1a: Big Canine|Walrein, M|2\/100\n|move|p2a: Sigma|Stealth Rock|p1a: Big Canine\n|-sidestart|p1: Oakin64|move: Stealth Rock\n|\n|upkeep\n|turn|13\n|\n|t:|1699761836\n|switch|p2a: Circe|Victini|66\/100\n|-damage|p2a: Circe|42\/100|[from] Stealth Rock\n|move|p1a: Big Canine|Ice Beam|p2a: Circe\n|-resisted|p2a: Circe\n|-damage|p2a: Circe|27\/100\n|\n|upkeep\n|turn|14\n|\n|t:|1699761849\n|move|p2a: Circe|Bolt Strike|p1a: Big Canine\n|-supereffective|p1a: Big Canine\n|-damage|p1a: Big Canine|0 fnt\n|faint|p1a: Big Canine\n|\n|upkeep\n|\n|t:|1699761857\n|switch|p1a: Bob|Probopass, M|90\/100\n|-damage|p1a: Bob|84\/100|[from] Stealth Rock\n|turn|15\n|\n|t:|1699761879\n|move|p2a: Circe|V-create|p1a: Bob\n|-damage|p1a: Bob|38\/100\n|-unboost|p2a: Circe|spe|1\n|-unboost|p2a: Circe|def|1\n|-unboost|p2a: Circe|spd|1\n|move|p1a: Bob|Earth Power|p2a: Circe\n|-supereffective|p2a: Circe\n|-damage|p2a: Circe|0 fnt\n|faint|p2a: Circe\n|\n|upkeep\n|\n|t:|1699761964\n|switch|p2a: Aeon|Necrozma|100\/100\n|-damage|p2a: Aeon|88\/100|[from] Stealth Rock\n|turn|16\n|\n|t:|1699761981\n|move|p2a: Aeon|Heat Wave|p1a: Bob\n|-damage|p1a: Bob|11\/100\n|move|p1a: Bob|Thunder Wave|p2a: Aeon|[miss]\n|-miss|p1a: Bob|p2a: Aeon\n|\n|upkeep\n|turn|17\n|\n|t:|1699761988\n|move|p2a: Aeon|Heat Wave|p1a: Bob\n|-damage|p1a: Bob|0 fnt\n|faint|p1a: Bob\n|\n|upkeep\n|\n|t:|1699761991\n|switch|p1a: Spooky-Doo|Houndstone, M|100\/100\n|-damage|p1a: Spooky-Doo|88\/100|[from] Stealth Rock\n|turn|18\n|\n|t:|1699762011\n|move|p2a: Aeon|Dark Pulse|p1a: Spooky-Doo\n|-supereffective|p1a: Spooky-Doo\n|-damage|p1a: Spooky-Doo|30\/100\n|move|p1a: Spooky-Doo|Roar|p2a: Aeon\n|drag|p2a: Amphere|Heliolisk, F|100\/100\n|-damage|p2a: Amphere|88\/100|[from] Stealth Rock\n|\n|upkeep\n|turn|19\n|\n|t:|1699762021\n|move|p2a: Amphere|Dark Pulse|p1a: Spooky-Doo\n|-supereffective|p1a: Spooky-Doo\n|-damage|p1a: Spooky-Doo|0 fnt\n|faint|p1a: Spooky-Doo\n|\n|upkeep\n|\n|t:|1699762023\n|switch|p1a: Francesca|Bombirdier, F|100\/100\n|-damage|p1a: Francesca|76\/100|[from] Stealth Rock\n|turn|20\n|\n|t:|1699762029\n|switch|p2a: Ford F150|Iron Treads|100\/100\n|-damage|p2a: Ford F150|97\/100|[from] Stealth Rock\n|move|p1a: Francesca|Sucker Punch||[still]\n|-fail|p1a: Francesca\n|\n|upkeep\n|turn|21\n|\n|t:|1699762043\n|move|p1a: Francesca|Sucker Punch|p2a: Ford F150\n|-damage|p2a: Ford F150|52\/100\n|move|p2a: Ford F150|Ice Spinner|p1a: Francesca\n|-supereffective|p1a: Francesca\n|-damage|p1a: Francesca|0 fnt\n|faint|p1a: Francesca\n|\n|win|Vraptor249\n|l| VantaZack\n|l|\u2606Vraptor249\n","uploadtime":1699762051,"views":5,"p1id":"oakin64","p2id":"vraptor249","formatid":"gen9nationaldex","rating":0,"private":0,"password":""}