{"id":"gen9nationaldex-1987039131","p1":"hightopfade69","p2":"joeauthoritys","format":"[Gen 9] National Dex","log":"|j|\u203dhightopfade69\n|j|\u2606joeauthoritys\n|t:|1699551114\n|gametype|singles\n|player|p1|hightopfade69|102|1126\n|player|p2|joeauthoritys|roxanne|1160\n|teamsize|p1|6\n|teamsize|p2|6\n|gen|9\n|tier|[Gen 9] National Dex\n|rated|\n|rule|HP Percentage Mod: HP is shown in percentages\n|rule|Endless Battle Clause: Forcing endless battles is banned\n|rule|OHKO Clause: OHKO moves are banned\n|rule|Evasion Clause: Evasion abilities, items, and moves are banned\n|rule|Evasion Abilities Clause: Evasion abilities are banned\n|rule|Evasion Items Clause: Evasion items are banned\n|rule|Evasion Moves Clause: Evasion moves are banned\n|rule|Species Clause: Limit one of each Pok\u00e9mon\n|rule|Sleep Clause Mod: Limit one foe put to sleep\n|clearpoke\n|poke|p1|Druddigon, M|\n|poke|p1|Banette, F|\n|poke|p1|Tapu Koko|\n|poke|p1|Iron Moth|\n|poke|p1|Dondozo, F|\n|poke|p1|Iron Valiant|\n|poke|p2|Altaria, M|\n|poke|p2|Greninja-*, M|\n|poke|p2|Grimmsnarl, M|\n|poke|p2|Volcarona, M|\n|poke|p2|Kartana|\n|poke|p2|Ursaluna-Bloodmoon, M|\n|teampreview\n|inactive|Battle timer is ON: inactive players will automatically lose when time's up. (requested by joeauthoritys)\n|\n|t:|1699551123\n|start\n|switch|p1a: Druddigon|Druddigon, M|100\/100\n|switch|p2a: Grimmsnarl|Grimmsnarl, M|100\/100\n|turn|1\n|\n|t:|1699551135\n|move|p2a: Grimmsnarl|Reflect|p2a: Grimmsnarl\n|-sidestart|p2: joeauthoritys|Reflect\n|move|p1a: Druddigon|Taunt|p2a: Grimmsnarl\n|-start|p2a: Grimmsnarl|move: Taunt\n|\n|upkeep\n|turn|2\n|\n|t:|1699551141\n|move|p2a: Grimmsnarl|Spirit Break|p1a: Druddigon\n|-supereffective|p1a: Druddigon\n|-damage|p1a: Druddigon|15\/100\n|-unboost|p1a: Druddigon|spa|1\n|-damage|p2a: Grimmsnarl|88\/100|[from] ability: Rough Skin|[of] p1a: Druddigon\n|-damage|p2a: Grimmsnarl|72\/100|[from] item: Rocky Helmet|[of] p1a: Druddigon\n|move|p1a: Druddigon|Stealth Rock|p2a: Grimmsnarl\n|-sidestart|p2: joeauthoritys|move: Stealth Rock\n|\n|upkeep\n|turn|3\n|\n|t:|1699551153\n|move|p2a: Grimmsnarl|Spirit Break|p1a: Druddigon\n|-supereffective|p1a: Druddigon\n|-damage|p1a: Druddigon|0 fnt\n|-damage|p2a: Grimmsnarl|59\/100|[from] ability: Rough Skin|[of] p1a: Druddigon\n|-damage|p2a: Grimmsnarl|43\/100|[from] item: Rocky Helmet|[of] p1a: Druddigon\n|faint|p1a: Druddigon\n|\n|upkeep\n|\n|t:|1699551161\n|switch|p1a: Tapu Koko|Tapu Koko|100\/100\n|-fieldstart|move: Electric Terrain|[from] ability: Electric Surge|[of] p1a: Tapu Koko\n|turn|4\n|\n|t:|1699551168\n|move|p1a: Tapu Koko|Reflect|p1a: Tapu Koko\n|-sidestart|p1: hightopfade69|Reflect\n|move|p2a: Grimmsnarl|Spirit Break|p1a: Tapu Koko\n|-damage|p1a: Tapu Koko|72\/100\n|-unboost|p1a: Tapu Koko|spa|1\n|\n|-end|p2a: Grimmsnarl|move: Taunt\n|upkeep\n|turn|5\n|\n|t:|1699551183\n|move|p2a: Grimmsnarl|Light Screen|p2a: Grimmsnarl\n|-sidestart|p2: joeauthoritys|move: Light Screen\n|move|p1a: Tapu Koko|Light Screen|p1a: Tapu Koko\n|-sidestart|p1: hightopfade69|move: Light Screen\n|\n|upkeep\n|turn|6\n|\n|t:|1699551188\n|move|p1a: Tapu Koko|U-turn|p2a: Grimmsnarl\n|-damage|p2a: Grimmsnarl|30\/100\n|\n|t:|1699551192\n|switch|p1a: Iron Moth|Iron Moth|100\/100|[from] U-turn\n|-activate|p1a: Iron Moth|ability: Quark Drive\n|-start|p1a: Iron Moth|quarkdrivespe\n|move|p2a: Grimmsnarl|Spirit Break|p1a: Iron Moth\n|-resisted|p1a: Iron Moth\n|-damage|p1a: Iron Moth|94\/100\n|-unboost|p1a: Iron Moth|spa|1\n|\n|upkeep\n|turn|7\n|\n|t:|1699551217\n|move|p1a: Iron Moth|Fiery Dance|p2a: Grimmsnarl\n|-damage|p2a: Grimmsnarl|10\/100\n|-boost|p1a: Iron Moth|spa|1\n|move|p2a: Grimmsnarl|Spirit Break|p1a: Iron Moth\n|-resisted|p1a: Iron Moth\n|-damage|p1a: Iron Moth|85\/100\n|-unboost|p1a: Iron Moth|spa|1\n|\n|upkeep\n|turn|8\n|\n|t:|1699551225\n|move|p1a: Iron Moth|Fiery Dance|p2a: Grimmsnarl\n|-damage|p2a: Grimmsnarl|0 fnt\n|faint|p2a: Grimmsnarl\n|\n|-sideend|p2: joeauthoritys|Reflect\n|-sideend|p1: hightopfade69|Reflect\n|upkeep\n|\n|t:|1699551235\n|switch|p2a: Greninja|Greninja, M|100\/100\n|-damage|p2a: Greninja|88\/100|[from] Stealth Rock\n|turn|9\n|inactive|joeauthoritys has 120 seconds left.\n|\n|t:|1699551264\n|-end|p1a: Iron Moth|Quark Drive|[silent]\n|switch|p1a: Dondozo|Dondozo, F|100\/100\n|move|p2a: Greninja|Surf|p1a: Dondozo\n|-resisted|p1a: Dondozo\n|-damage|p1a: Dondozo|88\/100\n|-damage|p2a: Greninja|78\/100|[from] item: Life Orb\n|\n|-heal|p1a: Dondozo|94\/100|[from] item: Leftovers\n|-sideend|p1: hightopfade69|move: Light Screen\n|upkeep\n|turn|10\n|\n|t:|1699551277\n|move|p2a: Greninja|Dark Pulse|p1a: Dondozo\n|-damage|p1a: Dondozo|49\/100\n|-damage|p2a: Greninja|69\/100|[from] item: Life Orb\n|cant|p1a: Dondozo|flinch\n|\n|-heal|p1a: Dondozo|55\/100|[from] item: Leftovers\n|upkeep\n|turn|11\n|inactive|joeauthoritys has 120 seconds left.\n|\n|t:|1699551300\n|move|p2a: Greninja|Dark Pulse|p1a: Dondozo\n|-damage|p1a: Dondozo|13\/100\n|-damage|p2a: Greninja|59\/100|[from] item: Life Orb\n|move|p1a: Dondozo|Earthquake|p2a: Greninja\n|-damage|p2a: Greninja|3\/100\n|\n|-heal|p1a: Dondozo|19\/100|[from] item: Leftovers\n|-fieldend|move: Electric Terrain\n|upkeep\n|turn|12\n|\n|t:|1699551311\n|switch|p1a: Tapu Koko|Tapu Koko|72\/100\n|-fieldstart|move: Electric Terrain|[from] ability: Electric Surge|[of] p1a: Tapu Koko\n|move|p2a: Greninja|Dark Pulse|p1a: Tapu Koko\n|-resisted|p1a: Tapu Koko\n|-damage|p1a: Tapu Koko|38\/100\n|-damage|p2a: Greninja|0 fnt|[from] item: Life Orb\n|faint|p2a: Greninja\n|\n|-sideend|p2: joeauthoritys|move: Light Screen\n|upkeep\n|\n|t:|1699551329\n|switch|p2a: Kartana|Kartana|100\/100\n|-damage|p2a: Kartana|94\/100|[from] Stealth Rock\n|turn|13\n|\n|t:|1699551334\n|move|p1a: Tapu Koko|Reflect|p1a: Tapu Koko\n|-sidestart|p1: hightopfade69|Reflect\n|move|p2a: Kartana|Leaf Blade|p1a: Tapu Koko\n|-damage|p1a: Tapu Koko|0 fnt\n|faint|p1a: Tapu Koko\n|-ability|p2a: Kartana|Beast Boost|boost\n|-boost|p2a: Kartana|atk|1\n|-damage|p2a: Kartana|84\/100|[from] item: Life Orb\n|\n|upkeep\n|\n|t:|1699551346\n|switch|p1a: Iron Moth|Iron Moth|85\/100\n|-activate|p1a: Iron Moth|ability: Quark Drive\n|-start|p1a: Iron Moth|quarkdrivespe\n|turn|14\n|inactive|joeauthoritys has 120 seconds left.\n|\n|t:|1699551364\n|switch|p2a: Ursaluna|Ursaluna-Bloodmoon, M|100\/100\n|-damage|p2a: Ursaluna|94\/100|[from] Stealth Rock\n|move|p1a: Iron Moth|Energy Ball|p2a: Ursaluna\n|-supereffective|p2a: Ursaluna\n|-damage|p2a: Ursaluna|4\/100\n|\n|-heal|p2a: Ursaluna|10\/100|[from] item: Leftovers\n|upkeep\n|turn|15\n|\n|t:|1699551374\n|move|p1a: Iron Moth|Energy Ball|p2a: Ursaluna\n|-supereffective|p2a: Ursaluna\n|-damage|p2a: Ursaluna|0 fnt\n|faint|p2a: Ursaluna\n|\n|upkeep\n|\n|t:|1699551381\n|switch|p2a: Volcarona|Volcarona, M|100\/100\n|-damage|p2a: Volcarona|50\/100|[from] Stealth Rock\n|turn|16\n|l|\u2606joeauthoritys\n|inactive|joeauthoritys disconnected and has a minute to reconnect!\n|player|p2|\n|inactive|joeauthoritys has 30 seconds to reconnect!\n|inactive|joeauthoritys has 20 seconds to reconnect!\n|inactive|joeauthoritys has 15 seconds to reconnect!\n|inactive|joeauthoritys has 10 seconds to reconnect!\n|inactive|joeauthoritys has 5 seconds to reconnect!\n|-message|joeauthoritys lost due to inactivity.\n|\n|win|hightopfade69\n|raw|hightopfade69's rating: 1126 &rarr; <strong>1153<\/strong><br \/>(+27 for winning)\n|raw|joeauthoritys's rating: 1160 &rarr; <strong>1133<\/strong><br \/>(-27 for losing)\n","uploadtime":1699551454,"views":20,"p1id":"hightopfade69","p2id":"joeauthoritys","formatid":"gen9nationaldex","rating":1133,"private":0,"password":""}