{"id":"gen9nationaldex-1999407161","p1":"juhgyjv","p2":"reyanthefish","format":"[Gen 9] National Dex","log":"|html|<div class=\"broadcast-blue\"><strong>[Gen 9] National Dex is currently suspecting Sneasler! For information on how to participate check out the <a href=\"https:\/\/www.smogon.com\/forums\/threads\/sv-national-dex-suspect-8-just-dance.3731534\/\">suspect thread<\/a>.<\/strong><\/div>\n|j|\u2606juhgyjv\n|j|\u2606reyanthefish\n|t:|1701075263\n|gametype|singles\n|player|p1|juhgyjv|guzma|1062\n|player|p2|reyanthefish|cynthia-gen4|1051\n|teamsize|p1|6\n|teamsize|p2|6\n|gen|9\n|tier|[Gen 9] National Dex\n|rated|\n|rule|HP Percentage Mod: HP is shown in percentages\n|rule|Endless Battle Clause: Forcing endless battles is banned\n|rule|OHKO Clause: OHKO moves are banned\n|rule|Evasion Clause: Evasion abilities, items, and moves are banned\n|rule|Evasion Abilities Clause: Evasion abilities are banned\n|rule|Evasion Items Clause: Evasion items are banned\n|rule|Evasion Moves Clause: Evasion moves are banned\n|rule|Species Clause: Limit one of each Pok\u00e9mon\n|rule|Sleep Clause Mod: Limit one foe put to sleep\n|clearpoke\n|poke|p1|Tauros-Paldea-Blaze, M|\n|poke|p1|Garganacl, M|\n|poke|p1|Clodsire, M|\n|poke|p1|Sharpedo, M|\n|poke|p1|Tornadus-Therian, M|\n|poke|p1|Serperior, M|\n|poke|p2|Xurkitree|\n|poke|p2|Serperior, F|\n|poke|p2|Ferrothorn, M|\n|poke|p2|Sirfetch\u2019d, F|\n|poke|p2|Volcarona, M|\n|poke|p2|Mawile, F|\n|teampreview\n|inactive|Battle timer is ON: inactive players will automatically lose when time's up. (requested by juhgyjv)\n|\n|t:|1701075275\n|start\n|switch|p1a: Tornadus|Tornadus-Therian, M|100\/100\n|switch|p2a: Ferrothorn|Ferrothorn, M|100\/100\n|turn|1\n|\n|t:|1701075280\n|move|p1a: Tornadus|Heat Wave|p2a: Ferrothorn\n|-supereffective|p2a: Ferrothorn\n|-damage|p2a: Ferrothorn|7\/100\n|move|p2a: Ferrothorn|Stealth Rock|p1a: Tornadus\n|-sidestart|p1: juhgyjv|move: Stealth Rock\n|\n|-heal|p2a: Ferrothorn|14\/100|[from] item: Leftovers\n|upkeep\n|turn|2\n|\n|t:|1701075292\n|move|p1a: Tornadus|Heat Wave|p2a: Ferrothorn\n|-supereffective|p2a: Ferrothorn\n|-damage|p2a: Ferrothorn|0 fnt\n|faint|p2a: Ferrothorn\n|\n|upkeep\n|\n|t:|1701075299\n|switch|p2a: Volcarona|Volcarona, M|100\/100\n|turn|3\n|\n|t:|1701075305\n|move|p1a: Tornadus|Bleakwind Storm|p2a: Volcarona\n|-supereffective|p2a: Volcarona\n|-damage|p2a: Volcarona|8\/100\n|-unboost|p2a: Volcarona|spe|1\n|move|p2a: Volcarona|Quiver Dance|p2a: Volcarona\n|-boost|p2a: Volcarona|spa|1\n|-boost|p2a: Volcarona|spd|1\n|-boost|p2a: Volcarona|spe|1\n|\n|upkeep\n|turn|4\n|\n|t:|1701075320\n|move|p1a: Tornadus|Heat Wave|p2a: Volcarona\n|-damage|p2a: Volcarona|0 fnt\n|faint|p2a: Volcarona\n|\n|upkeep\n|\n|t:|1701075328\n|switch|p2a: Sirfetch\u2019d|Sirfetch\u2019d, F|100\/100\n|turn|5\n|\n|t:|1701075333\n|move|p2a: Sirfetch\u2019d|First Impression|p1a: Tornadus\n|-resisted|p1a: Tornadus\n|-crit|p1a: Tornadus\n|-damage|p1a: Tornadus|61\/100\n|move|p1a: Tornadus|Bleakwind Storm|p2a: Sirfetch\u2019d\n|-supereffective|p2a: Sirfetch\u2019d\n|-damage|p2a: Sirfetch\u2019d|0 fnt\n|faint|p2a: Sirfetch\u2019d\n|\n|upkeep\n|\n|t:|1701075342\n|switch|p2a: Serperior|Serperior, F|100\/100\n|turn|6\n|\n|t:|1701075350\n|move|p1a: Tornadus|Bleakwind Storm|p2a: Serperior\n|-supereffective|p2a: Serperior\n|-damage|p2a: Serperior|0 fnt\n|faint|p2a: Serperior\n|\n|upkeep\n|\n|t:|1701075355\n|switch|p2a: Mawile|Mawile, F|100\/100\n|-ability|p2a: Mawile|Intimidate|boost\n|-unboost|p1a: Tornadus|atk|1\n|turn|7\n|\n|t:|1701075361\n|detailschange|p2a: Mawile|Mawile-Mega, F\n|-mega|p2a: Mawile|Mawile|Mawilite\n|move|p1a: Tornadus|Heat Wave|p2a: Mawile\n|-supereffective|p2a: Mawile\n|-damage|p2a: Mawile|36\/100\n|move|p2a: Mawile|Play Rough|p1a: Tornadus\n|-damage|p1a: Tornadus|0 fnt\n|faint|p1a: Tornadus\n|\n|upkeep\n|\n|t:|1701075368\n|switch|p1a: Tauros|Tauros-Paldea-Blaze, M|100\/100\n|-ability|p1a: Tauros|Intimidate|boost\n|-unboost|p2a: Mawile|atk|1\n|turn|8\n|\n|t:|1701075373\n|move|p1a: Tauros|Raging Bull|p2a: Mawile\n|-supereffective|p2a: Mawile\n|-damage|p2a: Mawile|0 fnt\n|faint|p2a: Mawile\n|\n|upkeep\n|\n|t:|1701075377\n|switch|p2a: Xurkitree|Xurkitree|100\/100\n|turn|9\n|\n|t:|1701075395\n|move|p1a: Tauros|Raging Bull|p2a: Xurkitree\n|-damage|p2a: Xurkitree|42\/100\n|-zpower|p2a: Xurkitree\n|move|p2a: Xurkitree|Z-Hypnosis|p1a: Tauros|[anim]Hypnosis\n|-boost|p2a: Xurkitree|spe|1|[zeffect]\n|-status|p1a: Tauros|slp|[from] move: Hypnosis\n|\n|upkeep\n|turn|10\n|\n|t:|1701075406\n|switch|p1a: Clodsire|Clodsire, M, shiny|100\/100\n|-damage|p1a: Clodsire|94\/100|[from] Stealth Rock\n|move|p2a: Xurkitree|Tail Glow|p2a: Xurkitree\n|-boost|p2a: Xurkitree|spa|3\n|\n|-heal|p1a: Clodsire|100\/100|[from] item: Leftovers\n|upkeep\n|turn|11\n|\n|t:|1701075413\n|move|p2a: Xurkitree|Energy Ball|p1a: Clodsire\n|-damage|p1a: Clodsire|80\/100\n|move|p1a: Clodsire|Earthquake|p2a: Xurkitree\n|-supereffective|p2a: Xurkitree\n|-damage|p2a: Xurkitree|0 fnt\n|faint|p2a: Xurkitree\n|\n|win|juhgyjv\n|raw|juhgyjv's rating: 1062 &rarr; <strong>1092<\/strong><br \/>(+30 for winning)\n|raw|reyanthefish's rating: 1051 &rarr; <strong>1034<\/strong><br \/>(-17 for losing)\n|l|\u2606reyanthefish\n","uploadtime":1701075422,"views":1,"p1id":"juhgyjv","p2id":"reyanthefish","formatid":"gen9nationaldex","rating":1034,"private":0,"password":""}