{"id":"gen9nationaldex-1987114771","p1":"about15guys","p2":"S0A0M0I0","format":"[Gen 9] National Dex","log":"|j|\u2606about15guys\n|j|\u2606S0A0M0I0\n|inactive|Battle timer is ON: inactive players will automatically lose when time's up.\n|t:|1699557258\n|gametype|singles\n|player|p1|about15guys|alec-anime|\n|player|p2|S0A0M0I0|unknown|\n|teamsize|p1|6\n|teamsize|p2|6\n|gen|9\n|tier|[Gen 9] National Dex\n|rated|Tournament battle\n|rule|HP Percentage Mod: HP is shown in percentages\n|rule|Endless Battle Clause: Forcing endless battles is banned\n|rule|OHKO Clause: OHKO moves are banned\n|rule|Evasion Clause: Evasion abilities, items, and moves are banned\n|rule|Evasion Abilities Clause: Evasion abilities are banned\n|rule|Evasion Items Clause: Evasion items are banned\n|rule|Evasion Moves Clause: Evasion moves are banned\n|rule|Species Clause: Limit one of each Pok\u00e9mon\n|rule|Sleep Clause Mod: Limit one foe put to sleep\n|clearpoke\n|poke|p1|Celesteela|\n|poke|p1|Alomomola, F|\n|poke|p1|Dondozo, F|\n|poke|p1|Clodsire, M|\n|poke|p1|Tyranitar, M|\n|poke|p1|Gliscor, M|\n|poke|p2|Garchomp, F|\n|poke|p2|Kartana|\n|poke|p2|Tapu Koko|\n|poke|p2|Iron Valiant|\n|poke|p2|Volcarona, F|\n|poke|p2|Sneasler, M|\n|teampreview\n|inactive|about15guys also wants the timer to be on.\n|j| XXMurdrXX\n|c|\u2606about15guys|glhf\n|c|\u2606S0A0M0I0|oh fuck\n|c| XXMurdrXX|lol\n|c| XXMurdrXX|gl\n|c|\u2606S0A0M0I0|yeha i prob lost\n|\n|t:|1699557282\n|start\n|switch|p1a: Far Away Light|Tyranitar, M|100\/100\n|switch|p2a: Tapu Koko|Tapu Koko|100\/100\n|-fieldstart|move: Electric Terrain|[from] ability: Electric Surge|[of] p2a: Tapu Koko\n|-weather|Sandstorm|[from] ability: Sand Stream|[of] p1a: Far Away Light\n|turn|1\n|\n|t:|1699557292\n|detailschange|p1a: Far Away Light|Tyranitar-Mega, M\n|-mega|p1a: Far Away Light|Tyranitar|Tyranitarite\n|move|p2a: Tapu Koko|U-turn|p1a: Far Away Light\n|-supereffective|p1a: Far Away Light\n|-damage|p1a: Far Away Light|79\/100\n|\n|t:|1699557300\n|switch|p2a: Iron Valiant|Iron Valiant|100\/100|[from] U-turn\n|-activate|p2a: Iron Valiant|ability: Quark Drive\n|-start|p2a: Iron Valiant|quarkdrivespe\n|move|p1a: Far Away Light|Knock Off|p2a: Iron Valiant\n|-resisted|p2a: Iron Valiant\n|-damage|p2a: Iron Valiant|80\/100\n|-enditem|p2a: Iron Valiant|Life Orb|[from] move: Knock Off|[of] p1a: Far Away Light\n|\n|-weather|Sandstorm|[upkeep]\n|-damage|p2a: Iron Valiant|74\/100|[from] Sandstorm\n|upkeep\n|turn|2\n|\n|t:|1699557306\n|switch|p1a: Celesteela|Celesteela|100\/100\n|move|p2a: Iron Valiant|Moonblast|p1a: Celesteela\n|-resisted|p1a: Celesteela\n|-damage|p1a: Celesteela|89\/100\n|\n|-weather|Sandstorm|[upkeep]\n|-damage|p2a: Iron Valiant|67\/100|[from] Sandstorm\n|-heal|p1a: Celesteela|95\/100|[from] item: Leftovers\n|upkeep\n|turn|3\n|\n|t:|1699557313\n|-end|p2a: Iron Valiant|Quark Drive|[silent]\n|switch|p2a: Tapu Koko|Tapu Koko|100\/100\n|move|p1a: Celesteela|Leech Seed|p2a: Tapu Koko\n|-start|p2a: Tapu Koko|move: Leech Seed\n|\n|-weather|Sandstorm|[upkeep]\n|-damage|p2a: Tapu Koko|94\/100|[from] Sandstorm\n|-heal|p1a: Celesteela|100\/100|[from] item: Leftovers\n|-damage|p2a: Tapu Koko|82\/100|[from] Leech Seed|[of] p1a: Celesteela\n|upkeep\n|turn|4\n|\n|t:|1699557318\n|move|p1a: Celesteela|Protect|p1a: Celesteela\n|-singleturn|p1a: Celesteela|Protect\n|move|p2a: Tapu Koko|U-turn|p1a: Celesteela\n|-activate|p1a: Celesteela|move: Protect\n|\n|-weather|Sandstorm|[upkeep]\n|-damage|p2a: Tapu Koko|76\/100|[from] Sandstorm\n|-damage|p2a: Tapu Koko|63\/100|[from] Leech Seed|[of] p1a: Celesteela\n|upkeep\n|turn|5\n|\n|t:|1699557324\n|move|p2a: Tapu Koko|Roost|p2a: Tapu Koko\n|-heal|p2a: Tapu Koko|100\/100\n|-singleturn|p2a: Tapu Koko|move: Roost\n|move|p1a: Celesteela|Leech Seed|p2a: Tapu Koko|[miss]\n|-miss|p1a: Celesteela|p2a: Tapu Koko\n|\n|-weather|none\n|-damage|p2a: Tapu Koko|88\/100|[from] Leech Seed|[of] p1a: Celesteela\n|-fieldend|move: Electric Terrain\n|upkeep\n|turn|6\n|inactive|about15guys has 120 seconds left.\n|\n|t:|1699557361\n|switch|p2a: Volcarona|Volcarona, F|100\/100\n|move|p1a: Celesteela|Heavy Slam|p2a: Volcarona\n|-resisted|p2a: Volcarona\n|-damage|p2a: Volcarona|70\/100\n|\n|upkeep\n|turn|7\n|inactive|about15guys has 120 seconds left.\n|\n|t:|1699557366\n|move|p2a: Volcarona|Flamethrower|p1a: Celesteela\n|-supereffective|p1a: Celesteela\n|-damage|p1a: Celesteela|40\/100\n|move|p1a: Celesteela|Leech Seed|p2a: Volcarona\n|-start|p2a: Volcarona|move: Leech Seed\n|\n|-heal|p1a: Celesteela|46\/100|[from] item: Leftovers\n|-damage|p2a: Volcarona|57\/100|[from] Leech Seed|[of] p1a: Celesteela\n|-heal|p1a: Celesteela|56\/100|[silent]\n|upkeep\n|turn|8\n|\n|t:|1699557378\n|switch|p2a: Tapu Koko|Tapu Koko|88\/100\n|-fieldstart|move: Electric Terrain|[from] ability: Electric Surge|[of] p2a: Tapu Koko\n|switch|p1a: Angel6String|Clodsire, M|100\/100\n|\n|upkeep\n|turn|9\n|\n|t:|1699557386\n|move|p2a: Tapu Koko|U-turn|p1a: Angel6String\n|-resisted|p1a: Angel6String\n|-damage|p1a: Angel6String|93\/100\n|\n|t:|1699557389\n|switch|p2a: Kartana|Kartana|100\/100|[from] U-turn\n|move|p1a: Angel6String|Toxic|p2a: Kartana\n|-immune|p2a: Kartana\n|\n|upkeep\n|turn|10\n|\n|t:|1699557394\n|switch|p1a: Celesteela|Celesteela|56\/100\n|move|p2a: Kartana|Knock Off|p1a: Celesteela\n|-damage|p1a: Celesteela|20\/100\n|-enditem|p1a: Celesteela|Leftovers|[from] move: Knock Off|[of] p2a: Kartana\n|\n|upkeep\n|turn|11\n|\n|t:|1699557403\n|switch|p1a: Far Away Light|Tyranitar-Mega, M|79\/100\n|-weather|Sandstorm|[from] ability: Sand Stream|[of] p1a: Far Away Light\n|move|p2a: Kartana|Knock Off|p1a: Far Away Light\n|-resisted|p1a: Far Away Light\n|-damage|p1a: Far Away Light|70\/100\n|\n|-weather|Sandstorm|[upkeep]\n|upkeep\n|turn|12\n|\n|t:|1699557414\n|switch|p2a: Iron Valiant|Iron Valiant|67\/100\n|-activate|p2a: Iron Valiant|ability: Quark Drive\n|-start|p2a: Iron Valiant|quarkdrivespe\n|move|p1a: Far Away Light|Stone Edge|p2a: Iron Valiant|[miss]\n|-miss|p1a: Far Away Light|p2a: Iron Valiant\n|\n|-weather|Sandstorm|[upkeep]\n|-damage|p2a: Iron Valiant|61\/100|[from] Sandstorm\n|-fieldend|move: Electric Terrain\n|-end|p2a: Iron Valiant|Quark Drive\n|upkeep\n|turn|13\n|\n|t:|1699557425\n|switch|p1a: Child of the Sea|Alomomola, F|100\/100\n|move|p2a: Iron Valiant|Close Combat|p1a: Child of the Sea\n|-damage|p1a: Child of the Sea|56\/100\n|-unboost|p2a: Iron Valiant|def|1\n|-unboost|p2a: Iron Valiant|spd|1\n|\n|-weather|Sandstorm|[upkeep]\n|-damage|p2a: Iron Valiant|55\/100|[from] Sandstorm\n|-damage|p1a: Child of the Sea|50\/100|[from] Sandstorm\n|upkeep\n|turn|14\n|\n|t:|1699557433\n|switch|p1a: Broken Century|Gliscor, M|100\/100\n|move|p2a: Iron Valiant|Knock Off|p1a: Broken Century\n|-damage|p1a: Broken Century|72\/100\n|-enditem|p1a: Broken Century|Toxic Orb|[from] move: Knock Off|[of] p2a: Iron Valiant\n|\n|-weather|Sandstorm|[upkeep]\n|-damage|p2a: Iron Valiant|49\/100|[from] Sandstorm\n|upkeep\n|turn|15\n|\n|t:|1699557446\n|-end|p2a: Iron Valiant|Quark Drive|[silent]\n|switch|p2a: Kartana|Kartana|100\/100\n|move|p1a: Broken Century|Swords Dance|p1a: Broken Century\n|-boost|p1a: Broken Century|atk|2\n|\n|-weather|none\n|upkeep\n|turn|16\n|\n|t:|1699557459\n|move|p2a: Kartana|Leaf Blade|p1a: Broken Century\n|-damage|p1a: Broken Century|24\/100\n|move|p1a: Broken Century|Earthquake|p2a: Kartana\n|-damage|p2a: Kartana|32\/100\n|\n|upkeep\n|turn|17\n|\n|t:|1699557481\n|move|p2a: Kartana|Leaf Blade|p1a: Broken Century\n|-damage|p1a: Broken Century|0 fnt\n|faint|p1a: Broken Century\n|-ability|p2a: Kartana|Beast Boost|boost\n|-boost|p2a: Kartana|atk|1\n|\n|upkeep\n|\n|t:|1699557483\n|switch|p1a: Celesteela|Celesteela|20\/100\n|turn|18\n|j| hatsir\n|l| XXMurdrXX\n|inactive|S0A0M0I0 has 120 seconds left.\n|\n|t:|1699557514\n|-terastallize|p2a: Kartana|Grass\n|move|p2a: Kartana|Leaf Blade|p1a: Celesteela\n|-resisted|p1a: Celesteela\n|-damage|p1a: Celesteela|0 fnt\n|faint|p1a: Celesteela\n|-ability|p2a: Kartana|Beast Boost|boost\n|-boost|p2a: Kartana|atk|1\n|\n|upkeep\n|\n|t:|1699557522\n|switch|p1a: Blue Death|Dondozo, F|100\/100\n|turn|19\n|\n|t:|1699557525\n|-terastallize|p1a: Blue Death|Fairy\n|move|p2a: Kartana|Leaf Blade|p1a: Blue Death\n|-damage|p1a: Blue Death|68\/100\n|move|p1a: Blue Death|Curse|p1a: Blue Death\n|-unboost|p1a: Blue Death|spe|1\n|-boost|p1a: Blue Death|atk|1\n|-boost|p1a: Blue Death|def|1\n|\n|upkeep\n|turn|20\n|\n|t:|1699557537\n|switch|p2a: Iron Valiant|Iron Valiant|49\/100\n|move|p1a: Blue Death|Curse|p1a: Blue Death\n|-unboost|p1a: Blue Death|spe|1\n|-boost|p1a: Blue Death|atk|1\n|-boost|p1a: Blue Death|def|1\n|\n|upkeep\n|turn|21\n|\n|t:|1699557542\n|move|p2a: Iron Valiant|Encore|p1a: Blue Death\n|-start|p1a: Blue Death|Encore\n|move|p1a: Blue Death|Curse|p1a: Blue Death\n|-unboost|p1a: Blue Death|spe|1\n|-boost|p1a: Blue Death|atk|1\n|-boost|p1a: Blue Death|def|1\n|\n|upkeep\n|turn|22\n|\n|t:|1699557546\n|-end|p2a: Iron Valiant|Quark Drive|[silent]\n|switch|p2a: Volcarona|Volcarona, F|57\/100\n|switch|p1a: Angel6String|Clodsire, M|93\/100\n|\n|upkeep\n|turn|23\n|\n|t:|1699557551\n|switch|p2a: Tapu Koko|Tapu Koko|88\/100\n|-fieldstart|move: Electric Terrain|[from] ability: Electric Surge|[of] p2a: Tapu Koko\n|move|p1a: Angel6String|Spikes|p2a: Tapu Koko\n|-sidestart|p2: S0A0M0I0|Spikes\n|\n|upkeep\n|turn|24\n|\n|t:|1699557556\n|move|p2a: Tapu Koko|U-turn|p1a: Angel6String\n|-resisted|p1a: Angel6String\n|-damage|p1a: Angel6String|86\/100\n|\n|t:|1699557557\n|switch|p2a: Kartana|Kartana, tera:Grass|32\/100|[from] U-turn\n|-damage|p2a: Kartana|20\/100|[from] Spikes\n|move|p1a: Angel6String|Toxic|p2a: Kartana\n|-status|p2a: Kartana|tox\n|\n|-damage|p2a: Kartana|14\/100 tox|[from] psn\n|upkeep\n|turn|25\n|\n|t:|1699557564\n|move|p2a: Kartana|Knock Off|p1a: Angel6String\n|-damage|p1a: Angel6String|46\/100\n|-enditem|p1a: Angel6String|Heavy-Duty Boots|[from] move: Knock Off|[of] p2a: Kartana\n|move|p1a: Angel6String|Earthquake|p2a: Kartana\n|-resisted|p2a: Kartana\n|-crit|p2a: Kartana\n|-damage|p2a: Kartana|0 fnt\n|faint|p2a: Kartana\n|\n|upkeep\n|\n|t:|1699557571\n|switch|p2a: Sneasler|Sneasler, M|100\/100\n|-damage|p2a: Sneasler|88\/100|[from] Spikes\n|-enditem|p2a: Sneasler|Electric Seed\n|-boost|p2a: Sneasler|def|1|[from] item: Electric Seed\n|turn|26\n|\n|t:|1699557578\n|move|p2a: Sneasler|Acrobatics|p1a: Angel6String\n|-damage|p1a: Angel6String|6\/100\n|move|p1a: Angel6String|Earthquake|p2a: Sneasler\n|-supereffective|p2a: Sneasler\n|-crit|p2a: Sneasler\n|-damage|p2a: Sneasler|0 fnt\n|faint|p2a: Sneasler\n|\n|upkeep\n|c|\u2606about15guys|crit didnt matter\n|\n|t:|1699557588\n|switch|p2a: Volcarona|Volcarona, F|57\/100\n|turn|27\n|c|\u2606S0A0M0I0|ik\n|\n|t:|1699557595\n|move|p2a: Volcarona|Hidden Power|p1a: Angel6String\n|-supereffective|p1a: Angel6String\n|-crit|p1a: Angel6String\n|-damage|p1a: Angel6String|0 fnt\n|faint|p1a: Angel6String\n|\n|-fieldend|move: Electric Terrain\n|upkeep\n|\n|t:|1699557598\n|switch|p1a: Far Away Light|Tyranitar-Mega, M|70\/100\n|-weather|Sandstorm|[from] ability: Sand Stream|[of] p1a: Far Away Light\n|turn|28\n|\n|t:|1699557603\n|-activate|p2a: Volcarona|move: Pursuit\n|move|p1a: Far Away Light|Pursuit|p2a: Volcarona|[from]Pursuit\n|-damage|p2a: Volcarona|0 fnt\n|-status|p1a: Far Away Light|brn|[from] ability: Flame Body|[of] p2a: Volcarona\n|faint|p2a: Volcarona\n|-hint|A Pokemon can't switch between when it runs out of HP and when it faints\n|\n|-weather|Sandstorm|[upkeep]\n|-damage|p1a: Far Away Light|63\/100 brn|[from] brn\n|upkeep\n|\n|t:|1699557606\n|switch|p2a: Garchomp|Garchomp, F|100\/100\n|-damage|p2a: Garchomp|88\/100|[from] Spikes\n|turn|29\n|c|\u2606about15guys|nooooooo\n|\n|t:|1699557614\n|detailschange|p2a: Garchomp|Garchomp-Mega, F\n|-mega|p2a: Garchomp|Garchomp|Garchompite\n|move|p2a: Garchomp|Earthquake|p1a: Far Away Light\n|-supereffective|p1a: Far Away Light\n|-damage|p1a: Far Away Light|0 fnt\n|faint|p1a: Far Away Light\n|\n|-weather|Sandstorm|[upkeep]\n|upkeep\n|\n|t:|1699557617\n|switch|p1a: Blue Death|Dondozo, F, tera:Fairy|68\/100\n|turn|30\n|\n|t:|1699557621\n|move|p2a: Garchomp|Earthquake|p1a: Blue Death\n|-damage|p1a: Blue Death|33\/100\n|move|p1a: Blue Death|Curse|p1a: Blue Death\n|-unboost|p1a: Blue Death|spe|1\n|-boost|p1a: Blue Death|atk|1\n|-boost|p1a: Blue Death|def|1\n|\n|-weather|Sandstorm|[upkeep]\n|-damage|p1a: Blue Death|27\/100|[from] Sandstorm\n|upkeep\n|turn|31\n|\n|t:|1699557624\n|move|p2a: Garchomp|Earthquake|p1a: Blue Death\n|-damage|p1a: Blue Death|3\/100\n|move|p1a: Blue Death|Rest|p1a: Blue Death\n|-status|p1a: Blue Death|slp|[from] move: Rest\n|-heal|p1a: Blue Death|100\/100 slp|[silent]\n|\n|-weather|Sandstorm|[upkeep]\n|-damage|p1a: Blue Death|94\/100 slp|[from] Sandstorm\n|upkeep\n|turn|32\n|c|\u2606S0A0M0I0|NOO\n|c|\u2606S0A0M0I0|3% brah\n|\n|t:|1699557636\n|switch|p2a: Iron Valiant|Iron Valiant|49\/100\n|-damage|p2a: Iron Valiant|36\/100|[from] Spikes\n|cant|p1a: Blue Death|slp\n|move|p1a: Blue Death|Sleep Talk|p1a: Blue Death\n|move|p1a: Blue Death|Liquidation|p2a: Iron Valiant|[from]move: Sleep Talk\n|-damage|p2a: Iron Valiant|0 fnt\n|faint|p2a: Iron Valiant\n|-end|p2a: Iron Valiant|Quark Drive|[silent]\n|\n|-weather|none\n|upkeep\n|\n|t:|1699557638\n|switch|p2a: Tapu Koko|Tapu Koko|88\/100\n|-fieldstart|move: Electric Terrain|[from] ability: Electric Surge|[of] p2a: Tapu Koko\n|turn|33\n|c|\u2606about15guys|donbozo strikes again\n|\n|t:|1699557645\n|move|p2a: Tapu Koko|Thunderbolt|p1a: Blue Death\n|-damage|p1a: Blue Death|47\/100 slp\n|cant|p1a: Blue Death|slp\n|move|p1a: Blue Death|Sleep Talk|p1a: Blue Death\n|move|p1a: Blue Death|Curse|p1a: Blue Death|[from]move: Sleep Talk\n|-unboost|p1a: Blue Death|spe|1\n|-boost|p1a: Blue Death|atk|1\n|-boost|p1a: Blue Death|def|1\n|\n|upkeep\n|turn|34\n|l| hatsir\n|\n|t:|1699557656\n|move|p2a: Tapu Koko|Thunderbolt|p1a: Blue Death\n|-crit|p1a: Blue Death\n|-damage|p1a: Blue Death|0 fnt\n|faint|p1a: Blue Death\n|\n|upkeep\n|\n|t:|1699557658\n|switch|p1a: Child of the Sea|Alomomola, F|84\/100\n|turn|35\n|c|\u2606S0A0M0I0|gg\n|\n|t:|1699557665\n|move|p1a: Child of the Sea|Protect|p1a: Child of the Sea\n|-singleturn|p1a: Child of the Sea|Protect\n|move|p2a: Tapu Koko|Thunderbolt|p1a: Child of the Sea\n|-activate|p1a: Child of the Sea|move: Protect\n|\n|upkeep\n|turn|36\n|\n|t:|1699557668\n|move|p2a: Tapu Koko|Thunderbolt|p1a: Child of the Sea\n|-supereffective|p1a: Child of the Sea\n|-damage|p1a: Child of the Sea|2\/100\n|move|p1a: Child of the Sea|Wish|p1a: Child of the Sea\n|\n|upkeep\n|turn|37\n|\n|t:|1699557671\n|move|p1a: Child of the Sea|Protect|p1a: Child of the Sea\n|-singleturn|p1a: Child of the Sea|Protect\n|move|p2a: Tapu Koko|Thunderbolt|p1a: Child of the Sea\n|-activate|p1a: Child of the Sea|move: Protect\n|\n|-heal|p1a: Child of the Sea|52\/100|[from] move: Wish|[wisher] Child of the Sea\n|-fieldend|move: Electric Terrain\n|upkeep\n|turn|38\n|\n|t:|1699557673\n|move|p2a: Tapu Koko|Thunderbolt|p1a: Child of the Sea\n|-supereffective|p1a: Child of the Sea\n|-damage|p1a: Child of the Sea|0 fnt\n|faint|p1a: Child of the Sea\n|\n|win|S0A0M0I0\n|n|\u2606about15guys|about15guys\n|n|\u2606S0A0M0I0|s0a0m0i0\n|c|\u2606about15guys|ggs\n|c|\u2606about15guys|burn on mtar sux\n|l|\u2606about15guys\n|c|\u2606S0A0M0I0|true\n","uploadtime":1699557703,"views":41,"p1id":"about15guys","p2id":"s0a0m0i0","formatid":"gen9nationaldex","rating":0,"private":0,"password":""}