{"id":"gen9nationaldex-1988287491","p1":"purple skitty","p2":"Abrar83","format":"[Gen 9] National Dex","log":"|j|\u2606purple skitty\n|j|\u2606Abrar83\n|t:|1699702105\n|gametype|singles\n|player|p1|purple skitty|bugcatcher-gen4dp|1631\n|player|p2|Abrar83|morty-masters|1552\n|teamsize|p1|6\n|teamsize|p2|6\n|gen|9\n|tier|[Gen 9] National Dex\n|rated|\n|rule|HP Percentage Mod: HP is shown in percentages\n|rule|Endless Battle Clause: Forcing endless battles is banned\n|rule|OHKO Clause: OHKO moves are banned\n|rule|Evasion Clause: Evasion abilities, items, and moves are banned\n|rule|Evasion Abilities Clause: Evasion abilities are banned\n|rule|Evasion Items Clause: Evasion items are banned\n|rule|Evasion Moves Clause: Evasion moves are banned\n|rule|Species Clause: Limit one of each Pok\u00e9mon\n|rule|Sleep Clause Mod: Limit one foe put to sleep\n|clearpoke\n|poke|p1|Rillaboom, M|\n|poke|p1|Serperior, M|\n|poke|p1|Victini|\n|poke|p1|Kommo-o, F|\n|poke|p1|Zeraora|\n|poke|p1|Corviknight, M|\n|poke|p2|Gardevoir, M|\n|poke|p2|Arcanine-Hisui, M|\n|poke|p2|Dragonite, M|\n|poke|p2|Bisharp, F|\n|poke|p2|Zapdos|\n|poke|p2|Great Tusk|\n|teampreview\n|inactive|Battle timer is ON: inactive players will automatically lose when time's up. (requested by Abrar83)\n|\n|t:|1699702122\n|start\n|switch|p1a: Zeraora|Zeraora|100\/100\n|switch|p2a: Great Tusk|Great Tusk|100\/100\n|-enditem|p2a: Great Tusk|Booster Energy\n|-activate|p2a: Great Tusk|ability: Protosynthesis|[fromitem]\n|-start|p2a: Great Tusk|protosynthesisatk\n|turn|1\n|\n|t:|1699702127\n|switch|p1a: Corviknight|Corviknight, M|100\/100\n|-ability|p1a: Corviknight|Pressure\n|move|p2a: Great Tusk|Rapid Spin|p1a: Corviknight\n|-resisted|p1a: Corviknight\n|-crit|p1a: Corviknight\n|-damage|p1a: Corviknight|89\/100\n|-boost|p2a: Great Tusk|spe|1\n|-damage|p2a: Great Tusk|84\/100|[from] item: Rocky Helmet|[of] p1a: Corviknight\n|\n|upkeep\n|turn|2\n|\n|t:|1699702133\n|move|p2a: Great Tusk|Ice Spinner|p1a: Corviknight\n|-damage|p1a: Corviknight|67\/100\n|-damage|p2a: Great Tusk|68\/100|[from] item: Rocky Helmet|[of] p1a: Corviknight\n|move|p1a: Corviknight|U-turn|p2a: Great Tusk\n|-resisted|p2a: Great Tusk\n|-damage|p2a: Great Tusk|62\/100\n|\n|t:|1699702136\n|switch|p1a: Serperior|Serperior, M|100\/100|[from] U-turn\n|\n|upkeep\n|turn|3\n|\n|t:|1699702139\n|move|p1a: Serperior|Leaf Storm|p2a: Great Tusk\n|-supereffective|p2a: Great Tusk\n|-damage|p2a: Great Tusk|0 fnt\n|-boost|p1a: Serperior|spa|2\n|faint|p2a: Great Tusk\n|-end|p2a: Great Tusk|Protosynthesis|[silent]\n|\n|upkeep\n|\n|t:|1699702145\n|switch|p2a: Dragonite|Dragonite, M|100\/100\n|turn|4\n|\n|t:|1699702150\n|switch|p1a: Corviknight|Corviknight, M|67\/100\n|-ability|p1a: Corviknight|Pressure\n|move|p2a: Dragonite|Curse|p2a: Dragonite\n|-unboost|p2a: Dragonite|spe|1\n|-boost|p2a: Dragonite|atk|1\n|-boost|p2a: Dragonite|def|1\n|\n|upkeep\n|turn|5\n|\n|t:|1699702153\n|move|p1a: Corviknight|Roost|p1a: Corviknight\n|-heal|p1a: Corviknight|100\/100\n|-singleturn|p1a: Corviknight|move: Roost\n|move|p2a: Dragonite|Curse|p2a: Dragonite\n|-unboost|p2a: Dragonite|spe|1\n|-boost|p2a: Dragonite|atk|1\n|-boost|p2a: Dragonite|def|1\n|\n|upkeep\n|turn|6\n|\n|t:|1699702155\n|move|p1a: Corviknight|U-turn|p2a: Dragonite\n|-resisted|p2a: Dragonite\n|-damage|p2a: Dragonite|99\/100\n|\n|t:|1699702158\n|switch|p1a: Zeraora|Zeraora|100\/100|[from] U-turn\n|move|p2a: Dragonite|Curse|p2a: Dragonite\n|-unboost|p2a: Dragonite|spe|1\n|-boost|p2a: Dragonite|atk|1\n|-boost|p2a: Dragonite|def|1\n|\n|-heal|p2a: Dragonite|100\/100|[from] item: Leftovers\n|upkeep\n|turn|7\n|\n|t:|1699702160\n|move|p1a: Zeraora|Hidden Power|p2a: Dragonite\n|-supereffective|p2a: Dragonite\n|-damage|p2a: Dragonite|66\/100\n|move|p2a: Dragonite|Curse|p2a: Dragonite\n|-unboost|p2a: Dragonite|spe|1\n|-boost|p2a: Dragonite|atk|1\n|-boost|p2a: Dragonite|def|1\n|\n|-heal|p2a: Dragonite|73\/100|[from] item: Leftovers\n|upkeep\n|turn|8\n|\n|t:|1699702185\n|switch|p1a: Serperior|Serperior, M|100\/100\n|-terastallize|p2a: Dragonite|Normal\n|move|p2a: Dragonite|Roost|p2a: Dragonite\n|-heal|p2a: Dragonite|100\/100\n|\n|upkeep\n|turn|9\n|\n|t:|1699702189\n|move|p2a: Dragonite|Extreme Speed|p1a: Serperior\n|-damage|p1a: Serperior|0 fnt\n|faint|p1a: Serperior\n|\n|upkeep\n|\n|t:|1699702191\n|switch|p1a: Kommo-o|Kommo-o, F|100\/100\n|turn|10\n|\n|t:|1699702195\n|-terastallize|p1a: Kommo-o|Steel\n|move|p2a: Dragonite|Extreme Speed|p1a: Kommo-o\n|-resisted|p1a: Kommo-o\n|-damage|p1a: Kommo-o|57\/100\n|move|p1a: Kommo-o|Dragon Tail|p2a: Dragonite\n|-damage|p2a: Dragonite|97\/100\n|drag|p2a: YLIA|Gardevoir, M|100\/100\n|-ability|p2a: YLIA|Bulletproof|[from] ability: Trace|[of] p1a: Kommo-o\n|\n|-heal|p1a: Kommo-o|63\/100|[from] item: Leftovers\n|upkeep\n|turn|11\n|\n|t:|1699702207\n|switch|p2a: Zapdos|Zapdos|100\/100\n|move|p1a: Kommo-o|Stealth Rock|p2a: Zapdos\n|-sidestart|p2: Abrar83|move: Stealth Rock\n|\n|-heal|p1a: Kommo-o|70\/100|[from] item: Leftovers\n|upkeep\n|turn|12\n|\n|t:|1699702212\n|switch|p1a: Zeraora|Zeraora|100\/100\n|move|p2a: Zapdos|Heat Wave|p1a: Zeraora\n|-damage|p1a: Zeraora|51\/100\n|\n|upkeep\n|turn|13\n|\n|t:|1699702225\n|move|p1a: Zeraora|Thunderbolt|p2a: Zapdos\n|-damage|p2a: Zapdos|39\/100\n|move|p2a: Zapdos|Heat Wave|p1a: Zeraora\n|-damage|p1a: Zeraora|8\/100\n|\n|upkeep\n|turn|14\n|\n|t:|1699702249\n|switch|p2a: Bisharp|Bisharp, F|100\/100\n|-damage|p2a: Bisharp|95\/100|[from] Stealth Rock\n|move|p1a: Zeraora|Thunderbolt|p2a: Bisharp\n|-damage|p2a: Bisharp|38\/100\n|\n|upkeep\n|turn|15\n|\n|t:|1699702255\n|switch|p1a: Corviknight|Corviknight, M|100\/100\n|-ability|p1a: Corviknight|Pressure\n|move|p2a: Bisharp|Sucker Punch||[still]\n|-fail|p2a: Bisharp\n|\n|upkeep\n|turn|16\n|\n|t:|1699702258\n|move|p2a: Bisharp|Knock Off|p1a: Corviknight\n|-damage|p1a: Corviknight|64\/100\n|-damage|p2a: Bisharp|21\/100|[from] item: Rocky Helmet|[of] p1a: Corviknight\n|-enditem|p1a: Corviknight|Rocky Helmet|[from] move: Knock Off|[of] p2a: Bisharp\n|move|p1a: Corviknight|U-turn|p2a: Bisharp\n|-damage|p2a: Bisharp|12\/100\n|\n|t:|1699702263\n|switch|p1a: Rillaboom|Rillaboom, M|100\/100|[from] U-turn\n|-fieldstart|move: Grassy Terrain|[from] ability: Grassy Surge|[of] p1a: Rillaboom\n|\n|-heal|p2a: Bisharp|18\/100|[from] Grassy Terrain\n|upkeep\n|turn|17\n|\n|t:|1699702266\n|move|p2a: Bisharp|Sucker Punch|p1a: Rillaboom\n|-damage|p1a: Rillaboom|61\/100\n|move|p1a: Rillaboom|U-turn|p2a: Bisharp\n|-damage|p2a: Bisharp|0 fnt\n|faint|p2a: Bisharp\n|\n|t:|1699702269\n|switch|p1a: Zeraora|Zeraora|8\/100|[from] U-turn\n|\n|-heal|p1a: Zeraora|14\/100|[from] Grassy Terrain\n|upkeep\n|\n|t:|1699702273\n|switch|p2a: Arcanine|Arcanine-Hisui, M|100\/100\n|-damage|p2a: Arcanine|76\/100|[from] Stealth Rock\n|turn|18\n|\n|t:|1699702287\n|switch|p1a: Rillaboom|Rillaboom, M|61\/100\n|move|p2a: Arcanine|Flare Blitz|p1a: Rillaboom\n|-supereffective|p1a: Rillaboom\n|-damage|p1a: Rillaboom|0 fnt\n|faint|p1a: Rillaboom\n|\n|-heal|p2a: Arcanine|82\/100|[from] Grassy Terrain\n|upkeep\n|\n|t:|1699702293\n|switch|p1a: Zeraora|Zeraora|14\/100\n|turn|19\n|\n|t:|1699702297\n|move|p2a: Arcanine|Flare Blitz|p1a: Zeraora\n|-damage|p1a: Zeraora|0 fnt\n|faint|p1a: Zeraora\n|\n|-heal|p2a: Arcanine|88\/100|[from] Grassy Terrain\n|upkeep\n|\n|t:|1699702299\n|switch|p1a: Victini|Victini|100\/100\n|turn|20\n|\n|t:|1699702303\n|switch|p2a: Dragonite|Dragonite, M, tera:Normal|97\/100\n|-damage|p2a: Dragonite|84\/100|[from] Stealth Rock\n|-zpower|p1a: Victini\n|move|p1a: Victini|Z-Celebrate|p1a: Victini|[anim]Celebrate\n|-boost|p1a: Victini|atk|1|[zeffect]\n|-boost|p1a: Victini|def|1|[zeffect]\n|-boost|p1a: Victini|spa|1|[zeffect]\n|-boost|p1a: Victini|spd|1|[zeffect]\n|-boost|p1a: Victini|spe|1|[zeffect]\n|-activate|p1a: Victini|move: Celebrate\n|\n|-heal|p2a: Dragonite|91\/100|[from] Grassy Terrain\n|-heal|p2a: Dragonite|97\/100|[from] item: Leftovers\n|-fieldend|move: Grassy Terrain\n|upkeep\n|turn|21\n|\n|t:|1699702310\n|move|p1a: Victini|Searing Shot|p2a: Dragonite\n|-damage|p2a: Dragonite|54\/100\n|-status|p2a: Dragonite|brn\n|move|p2a: Dragonite|Earthquake|p1a: Victini\n|-supereffective|p1a: Victini\n|-damage|p1a: Victini|81\/100\n|\n|-heal|p2a: Dragonite|60\/100 brn|[from] item: Leftovers\n|-damage|p2a: Dragonite|54\/100 brn|[from] brn\n|upkeep\n|turn|22\n|\n|t:|1699702318\n|move|p1a: Victini|Stored Power|p2a: Dragonite\n|-damage|p2a: Dragonite|3\/100 brn\n|move|p2a: Dragonite|Roost|p2a: Dragonite\n|-heal|p2a: Dragonite|53\/100 brn\n|\n|-heal|p2a: Dragonite|59\/100 brn|[from] item: Leftovers\n|-damage|p2a: Dragonite|53\/100 brn|[from] brn\n|upkeep\n|turn|23\n|\n|t:|1699702323\n|move|p1a: Victini|Stored Power|p2a: Dragonite\n|-damage|p2a: Dragonite|1\/100 brn\n|move|p2a: Dragonite|Earthquake|p1a: Victini\n|-supereffective|p1a: Victini\n|-damage|p1a: Victini|61\/100\n|\n|-heal|p2a: Dragonite|7\/100 brn|[from] item: Leftovers\n|-damage|p2a: Dragonite|1\/100 brn|[from] brn\n|upkeep\n|turn|24\n|\n|t:|1699702329\n|move|p1a: Victini|Stored Power|p2a: Dragonite\n|-damage|p2a: Dragonite|0 fnt\n|faint|p2a: Dragonite\n|\n|upkeep\n|\n|t:|1699702332\n|switch|p2a: YLIA|Gardevoir, M|100\/100\n|-damage|p2a: YLIA|88\/100|[from] Stealth Rock\n|-ability|p2a: YLIA|Victory Star|[from] ability: Trace|[of] p1a: Victini\n|turn|25\n|\n|t:|1699702341\n|detailschange|p2a: YLIA|Gardevoir-Mega, M\n|-mega|p2a: YLIA|Gardevoir|Gardevoirite\n|move|p1a: Victini|Searing Shot|p2a: YLIA\n|-crit|p2a: YLIA\n|-damage|p2a: YLIA|1\/100\n|move|p2a: YLIA|Icy Wind|p1a: Victini\n|-resisted|p1a: Victini\n|-damage|p1a: Victini|54\/100\n|-unboost|p1a: Victini|spe|1\n|\n|upkeep\n|turn|26\n|\n|t:|1699702348\n|move|p2a: YLIA|Destiny Bond|p2a: YLIA\n|-singlemove|p2a: YLIA|Destiny Bond\n|move|p1a: Victini|Searing Shot|p2a: YLIA\n|-damage|p2a: YLIA|0 fnt\n|faint|p2a: YLIA\n|-activate|p2a: YLIA|move: Destiny Bond\n|faint|p1a: Victini\n|\n|upkeep\n|\n|t:|1699702356\n|switch|p2a: Arcanine|Arcanine-Hisui, M|88\/100\n|switch|p1a: Corviknight|Corviknight, M|64\/100\n|-damage|p2a: Arcanine|63\/100|[from] Stealth Rock\n|-ability|p1a: Corviknight|Pressure\n|turn|27\n|\n|t:|1699702359\n|move|p2a: Arcanine|Flare Blitz|p1a: Corviknight\n|-supereffective|p1a: Corviknight\n|-damage|p1a: Corviknight|0 fnt\n|faint|p1a: Corviknight\n|\n|upkeep\n|\n|t:|1699702361\n|switch|p1a: Kommo-o|Kommo-o, F, tera:Steel|70\/100\n|turn|28\n|\n|t:|1699702365\n|move|p2a: Arcanine|Flare Blitz|p1a: Kommo-o\n|-supereffective|p1a: Kommo-o\n|-damage|p1a: Kommo-o|0 fnt\n|faint|p1a: Kommo-o\n|\n|win|Abrar83\n|raw|purple skitty's rating: 1631 &rarr; <strong>1607<\/strong><br \/>(-24 for losing)\n|raw|Abrar83's rating: 1552 &rarr; <strong>1576<\/strong><br \/>(+24 for winning)\n|c|\u2606purple skitty|Gg\n|l|\u2606purple skitty\n","uploadtime":1699702389,"views":16,"p1id":"purpleskitty","p2id":"abrar83","formatid":"gen9nationaldex","rating":1576,"private":0,"password":""}