{"id":"gen9nationaldex-2000593227","p1":"StockfordInc","p2":"Cozyz","format":"[Gen 9] National Dex","log":"|html|<div class=\"broadcast-blue\"><strong>[Gen 9] National Dex is currently suspecting Sneasler! For information on how to participate check out the <a href=\"https:\/\/www.smogon.com\/forums\/threads\/sv-national-dex-suspect-8-just-dance.3731534\/\">suspect thread<\/a>.<\/strong><\/div>\n|j|\u2606StockfordInc\n|j|\u2606Cozyz\n|t:|1701208530\n|gametype|singles\n|player|p1|StockfordInc|1|1058\n|player|p2|Cozyz|1|1158\n|teamsize|p1|6\n|teamsize|p2|6\n|gen|9\n|tier|[Gen 9] National Dex\n|rated|\n|rule|HP Percentage Mod: HP is shown in percentages\n|rule|Endless Battle Clause: Forcing endless battles is banned\n|rule|OHKO Clause: OHKO moves are banned\n|rule|Evasion Clause: Evasion abilities, items, and moves are banned\n|rule|Evasion Abilities Clause: Evasion abilities are banned\n|rule|Evasion Items Clause: Evasion items are banned\n|rule|Evasion Moves Clause: Evasion moves are banned\n|rule|Species Clause: Limit one of each Pok\u00e9mon\n|rule|Sleep Clause Mod: Limit one foe put to sleep\n|clearpoke\n|poke|p1|Regigigas|\n|poke|p1|Trevenant, F|\n|poke|p1|Weezing-Galar, M|\n|poke|p1|Jolteon, M|\n|poke|p1|Alakazam, M|\n|poke|p1|Piloswine, F|\n|poke|p2|Garchomp, M|\n|poke|p2|Roserade, M|\n|poke|p2|Spiritomb, F|\n|poke|p2|Milotic, M|\n|poke|p2|Togekiss, F|\n|poke|p2|Glaceon, M|\n|teampreview\n|inactive|Battle timer is ON: inactive players will automatically lose when time's up. (requested by Cozyz)\n|\n|t:|1701208541\n|start\n|switch|p1a: Trevenant|Trevenant, F|100\/100\n|switch|p2a: hit.ler|Spiritomb, F, shiny|100\/100\n|turn|1\n|\n|t:|1701208550\n|move|p1a: Trevenant|Knock Off|p2a: hit.ler\n|-damage|p2a: hit.ler|72\/100\n|-enditem|p2a: hit.ler|Leftovers|[from] move: Knock Off|[of] p1a: Trevenant\n|move|p2a: hit.ler|Hypnosis|p1a: Trevenant\n|-status|p1a: Trevenant|slp|[from] move: Hypnosis\n|\n|upkeep\n|turn|2\n|\n|t:|1701208556\n|cant|p1a: Trevenant|slp\n|move|p2a: hit.ler|Curse|p1a: Trevenant\n|-start|p1a: Trevenant|Curse|[of] p2a: hit.ler\n|-damage|p2a: hit.ler|22\/100\n|\n|-damage|p1a: Trevenant|76\/100 slp|[from] Curse\n|upkeep\n|turn|3\n|\n|t:|1701208563\n|cant|p1a: Trevenant|slp\n|move|p2a: hit.ler|Dream Eater|p1a: Trevenant\n|-damage|p1a: Trevenant|52\/100 slp\n|-heal|p2a: hit.ler|35\/100|[from] drain|[of] p1a: Trevenant\n|\n|-heal|p1a: Trevenant|58\/100 slp|[from] item: Leftovers\n|-damage|p1a: Trevenant|33\/100 slp|[from] Curse\n|upkeep\n|turn|4\n|\n|t:|1701208572\n|switch|p2a: marvel|Togekiss, F, shiny|100\/100\n|-curestatus|p1a: Trevenant|slp|[msg]\n|move|p1a: Trevenant|Seed Bomb|p2a: marvel\n|-resisted|p2a: marvel\n|-damage|p2a: marvel|81\/100\n|\n|-heal|p1a: Trevenant|39\/100|[from] item: Leftovers\n|-damage|p1a: Trevenant|14\/100|[from] Curse\n|upkeep\n|turn|5\n|\n|t:|1701208601\n|move|p2a: marvel|Ancient Power|p1a: Trevenant\n|-damage|p1a: Trevenant|0 fnt\n|-boost|p2a: marvel|atk|1\n|-boost|p2a: marvel|def|1\n|-boost|p2a: marvel|spa|1\n|-boost|p2a: marvel|spd|1\n|-boost|p2a: marvel|spe|1\n|faint|p1a: Trevenant\n|\n|upkeep\n|\n|t:|1701208606\n|switch|p1a: Jolteon|Jolteon, M|100\/100\n|turn|6\n|inactive|StockfordInc has 120 seconds left.\n|\n|t:|1701208634\n|move|p2a: marvel|Air Slash|p1a: Jolteon\n|-resisted|p1a: Jolteon\n|-damage|p1a: Jolteon|67\/100\n|cant|p1a: Jolteon|flinch\n|\n|upkeep\n|turn|7\n|\n|t:|1701208642\n|-terastallize|p2a: marvel|Ground\n|move|p2a: marvel|Ancient Power|p1a: Jolteon\n|-damage|p1a: Jolteon|30\/100\n|move|p1a: Jolteon|Roar|p2a: marvel\n|drag|p2a: goku rose|Roserade, M, shiny|100\/100\n|\n|upkeep\n|turn|8\n|inactive|StockfordInc has 120 seconds left.\n|\n|t:|1701208652\n|move|p2a: goku rose|Shadow Ball|p1a: Jolteon\n|-damage|p1a: Jolteon|0 fnt\n|faint|p1a: Jolteon\n|\n|upkeep\n|inactive|StockfordInc has 120 seconds left.\n|\n|t:|1701208659\n|switch|p1a: Regigigas|Regigigas|100\/100\n|-start|p1a: Regigigas|ability: Slow Start\n|turn|9\n|\n|t:|1701208667\n|switch|p2a: hit.ler|Spiritomb, F, shiny|35\/100\n|move|p1a: Regigigas|Crush Grip|p2a: hit.ler\n|-immune|p2a: hit.ler\n|\n|upkeep\n|turn|10\n|\n|t:|1701208674\n|move|p1a: Regigigas|Heavy Slam|p2a: hit.ler\n|-damage|p2a: hit.ler|20\/100\n|move|p2a: hit.ler|Curse|p1a: Regigigas\n|-start|p1a: Regigigas|Curse|[of] p2a: hit.ler\n|-damage|p2a: hit.ler|0 fnt\n|faint|p2a: hit.ler\n|\n|-damage|p1a: Regigigas|76\/100|[from] Curse\n|upkeep\n|\n|t:|1701208687\n|switch|p2a: Glaceon|Glaceon, M|100\/100\n|turn|11\n|\n|t:|1701208692\n|-end|p1a: Regigigas|Slow Start|[silent]\n|switch|p1a: Piloswine|Piloswine, F|100\/100\n|-zpower|p2a: Glaceon\n|move|p2a: Glaceon|Z-Celebrate|p2a: Glaceon|[anim]Celebrate\n|-boost|p2a: Glaceon|atk|1|[zeffect]\n|-boost|p2a: Glaceon|def|1|[zeffect]\n|-boost|p2a: Glaceon|spa|1|[zeffect]\n|-boost|p2a: Glaceon|spd|1|[zeffect]\n|-boost|p2a: Glaceon|spe|1|[zeffect]\n|-activate|p2a: Glaceon|move: Celebrate\n|\n|upkeep\n|turn|12\n|\n|t:|1701208699\n|move|p2a: Glaceon|Stored Power|p1a: Piloswine\n|-damage|p1a: Piloswine|53\/100\n|move|p1a: Piloswine|Haze|p1a: Piloswine\n|-clearallboost\n|\n|upkeep\n|turn|13\n|\n|t:|1701208705\n|move|p2a: Glaceon|Stored Power|p1a: Piloswine\n|-damage|p1a: Piloswine|46\/100\n|move|p1a: Piloswine|Earthquake|p2a: Glaceon\n|-damage|p2a: Glaceon|63\/100\n|\n|upkeep\n|turn|14\n|\n|t:|1701208709\n|move|p2a: Glaceon|Shadow Ball|p1a: Piloswine\n|-damage|p1a: Piloswine|23\/100\n|move|p1a: Piloswine|Earthquake|p2a: Glaceon\n|-damage|p2a: Glaceon|22\/100\n|\n|upkeep\n|turn|15\n|\n|t:|1701208716\n|switch|p1a: Regigigas|Regigigas|76\/100\n|-start|p1a: Regigigas|ability: Slow Start\n|move|p2a: Glaceon|Shadow Ball|p1a: Regigigas\n|-immune|p1a: Regigigas\n|\n|upkeep\n|turn|16\n|\n|t:|1701208726\n|move|p2a: Glaceon|Freeze-Dry|p1a: Regigigas\n|-damage|p1a: Regigigas|54\/100\n|-status|p1a: Regigigas|frz\n|-curestatus|p1a: Regigigas|frz|[msg]\n|move|p1a: Regigigas|Power-Up Punch|p2a: Glaceon\n|-supereffective|p2a: Glaceon\n|-damage|p2a: Glaceon|9\/100\n|-boost|p1a: Regigigas|atk|1\n|\n|upkeep\n|turn|17\n|\n|t:|1701208736\n|move|p2a: Glaceon|Freeze-Dry|p1a: Regigigas\n|-damage|p1a: Regigigas|33\/100\n|move|p1a: Regigigas|Heavy Slam|p2a: Glaceon\n|-supereffective|p2a: Glaceon\n|-crit|p2a: Glaceon\n|-damage|p2a: Glaceon|0 fnt\n|faint|p2a: Glaceon\n|\n|upkeep\n|\n|t:|1701208743\n|switch|p2a: marvel|Togekiss, F, shiny, tera:Ground|81\/100\n|turn|18\n|\n|t:|1701208756\n|move|p2a: marvel|Air Slash|p1a: Regigigas|[miss]\n|-miss|p2a: marvel|p1a: Regigigas\n|move|p1a: Regigigas|Heavy Slam|p2a: marvel\n|-damage|p2a: marvel|43\/100\n|\n|upkeep\n|turn|19\n|\n|t:|1701208760\n|move|p2a: marvel|Ancient Power|p1a: Regigigas\n|-damage|p1a: Regigigas|24\/100\n|move|p1a: Regigigas|Heavy Slam|p2a: marvel\n|-crit|p2a: marvel\n|-damage|p2a: marvel|0 fnt\n|faint|p2a: marvel\n|\n|-end|p1a: Regigigas|Slow Start\n|upkeep\n|\n|t:|1701208765\n|switch|p2a: hell spawn|Garchomp, M, shiny|100\/100\n|turn|20\n|\n|t:|1701208772\n|detailschange|p2a: hell spawn|Garchomp-Mega, M, shiny\n|-mega|p2a: hell spawn|Garchomp|Garchompite\n|move|p2a: hell spawn|Swords Dance|p2a: hell spawn\n|-boost|p2a: hell spawn|atk|2\n|move|p1a: Regigigas|Crush Grip|p2a: hell spawn\n|-damage|p2a: hell spawn|9\/100\n|\n|upkeep\n|turn|21\n|\n|t:|1701208778\n|move|p2a: hell spawn|Scale Shot|p1a: Regigigas\n|-damage|p1a: Regigigas|0 fnt\n|faint|p1a: Regigigas\n|-end|p1a: Regigigas|Slow Start|[silent]\n|-hitcount|p1: Regigigas|1\n|-unboost|p2a: hell spawn|def|1\n|-boost|p2a: hell spawn|spe|1\n|\n|upkeep\n|\n|t:|1701208785\n|switch|p1a: Piloswine|Piloswine, F|23\/100\n|turn|22\n|\n|t:|1701208795\n|move|p1a: Piloswine|Ice Shard|p2a: hell spawn\n|-supereffective|p2a: hell spawn\n|-damage|p2a: hell spawn|0 fnt\n|faint|p2a: hell spawn\n|\n|upkeep\n|\n|t:|1701208803\n|switch|p2a: goku rose|Roserade, M, shiny|100\/100\n|turn|23\n|\n|t:|1701208809\n|move|p1a: Piloswine|Ice Shard|p2a: goku rose\n|-supereffective|p2a: goku rose\n|-damage|p2a: goku rose|40\/100\n|move|p2a: goku rose|Shadow Ball|p1a: Piloswine\n|-damage|p1a: Piloswine|3\/100\n|\n|upkeep\n|turn|24\n|\n|t:|1701208817\n|switch|p2a: grace|Milotic, M, shiny|100\/100\n|move|p1a: Piloswine|Ice Shard|p2a: grace\n|-resisted|p2a: grace\n|-damage|p2a: grace|94\/100\n|\n|-status|p2a: grace|brn|[from] item: Flame Orb\n|upkeep\n|turn|25\n|\n|t:|1701208823\n|move|p2a: grace|Scald|p1a: Piloswine\n|-supereffective|p1a: Piloswine\n|-damage|p1a: Piloswine|0 fnt\n|faint|p1a: Piloswine\n|\n|-damage|p2a: grace|88\/100 brn|[from] brn\n|upkeep\n|\n|t:|1701208832\n|switch|p1a: Weezing|Weezing-Galar, M|100\/100\n|turn|26\n|\n|t:|1701208838\n|move|p2a: grace|Scald|p1a: Weezing\n|-damage|p1a: Weezing|63\/100\n|move|p1a: Weezing|Strange Steam|p2a: grace\n|-damage|p2a: grace|55\/100 brn\n|\n|-damage|p2a: grace|49\/100 brn|[from] brn\n|upkeep\n|turn|27\n|\n|t:|1701208846\n|move|p2a: grace|Recover|p2a: grace\n|-heal|p2a: grace|99\/100 brn\n|move|p1a: Weezing|Strange Steam|p2a: grace\n|-damage|p2a: grace|66\/100 brn\n|\n|-damage|p2a: grace|60\/100 brn|[from] brn\n|upkeep\n|turn|28\n|\n|t:|1701208851\n|move|p1a: Weezing|Defog|p2a: grace\n|-unboost|p2a: grace|evasion|1\n|move|p2a: grace|Mirror Coat||[still]\n|-fail|p2a: grace\n|\n|-damage|p2a: grace|54\/100 brn|[from] brn\n|upkeep\n|turn|29\n|\n|t:|1701208864\n|move|p2a: grace|Recover|p2a: grace\n|-heal|p2a: grace|100\/100 brn\n|move|p1a: Weezing|Strange Steam|p2a: grace\n|-crit|p2a: grace\n|-damage|p2a: grace|53\/100 brn\n|-start|p2a: grace|confusion\n|\n|-damage|p2a: grace|46\/100 brn|[from] brn\n|upkeep\n|turn|30\n|\n|t:|1701208867\n|-activate|p2a: grace|confusion\n|-damage|p2a: grace|43\/100 brn|[from] confusion\n|move|p1a: Weezing|Strange Steam|p2a: grace\n|-damage|p2a: grace|14\/100 brn\n|\n|-damage|p2a: grace|8\/100 brn|[from] brn\n|upkeep\n|turn|31\n|\n|t:|1701208873\n|-activate|p2a: grace|confusion\n|move|p2a: grace|Scald|p1a: Weezing\n|-damage|p1a: Weezing|24\/100\n|-status|p1a: Weezing|brn\n|move|p1a: Weezing|Defog|p2a: grace\n|-unboost|p2a: grace|evasion|1\n|\n|-damage|p2a: grace|2\/100 brn|[from] brn\n|-damage|p1a: Weezing|18\/100 brn|[from] brn\n|upkeep\n|turn|32\n|\n|t:|1701208880\n|-end|p2a: grace|confusion\n|move|p2a: grace|Scald|p1a: Weezing\n|-damage|p1a: Weezing|0 fnt\n|faint|p1a: Weezing\n|\n|-damage|p2a: grace|0 fnt|[from] brn\n|faint|p2a: grace\n|upkeep\n|\n|t:|1701208888\n|switch|p2a: goku rose|Roserade, M, shiny|40\/100\n|switch|p1a: Alakazam|Alakazam, M|100\/100\n|turn|33\n|\n|t:|1701208894\n|move|p2a: goku rose|Shadow Ball|p1a: Alakazam\n|-supereffective|p1a: Alakazam\n|-damage|p1a: Alakazam|18\/100\n|-unboost|p1a: Alakazam|spd|1\n|move|p1a: Alakazam|Trick|p2a: goku rose\n|-activate|p1a: Alakazam|move: Trick|[of] p2a: goku rose\n|-item|p2a: goku rose|Flame Orb|[from] move: Trick\n|-item|p1a: Alakazam|Choice Scarf|[from] move: Trick\n|\n|-status|p2a: goku rose|brn|[from] item: Flame Orb\n|upkeep\n|turn|34\n|c|\u2606Cozyz|gg\n|\n|t:|1701208909\n|move|p1a: Alakazam|Expanding Force|p2a: goku rose\n|-supereffective|p2a: goku rose\n|-damage|p2a: goku rose|0 fnt\n|faint|p2a: goku rose\n|\n|win|StockfordInc\n|raw|StockfordInc's rating: 1058 &rarr; <strong>1098<\/strong><br \/>(+40 for winning)\n|raw|Cozyz's rating: 1158 &rarr; <strong>1126<\/strong><br \/>(-32 for losing)\n","uploadtime":1701208629,"views":2,"p1id":"stockfordinc","p2id":"cozyz","formatid":"gen9nationaldex","rating":1098,"private":0,"password":""}