{"id":"gen9nationaldex-1993656246","p1":"Dancing Roach","p2":"Aziz Le Bledart","format":"[Gen 9] National Dex","log":"|j|\u2606Dancing Roach\n|j|\u2606Aziz Le Bledart\n|inactive|Battle timer is ON: inactive players will automatically lose when time's up.\n|t:|1700342220\n|gametype|singles\n|player|p1|Dancing Roach|juan|\n|player|p2|Aziz Le Bledart|veteran|\n|teamsize|p1|6\n|teamsize|p2|6\n|gen|9\n|tier|[Gen 9] National Dex\n|rated|Tournament battle\n|rule|HP Percentage Mod: HP is shown in percentages\n|rule|Endless Battle Clause: Forcing endless battles is banned\n|rule|OHKO Clause: OHKO moves are banned\n|rule|Evasion Clause: Evasion abilities, items, and moves are banned\n|rule|Evasion Abilities Clause: Evasion abilities are banned\n|rule|Evasion Items Clause: Evasion items are banned\n|rule|Evasion Moves Clause: Evasion moves are banned\n|rule|Species Clause: Limit one of each Pok\u00e9mon\n|rule|Sleep Clause Mod: Limit one foe put to sleep\n|clearpoke\n|poke|p1|Gyarados, F|\n|poke|p1|Zapdos|\n|poke|p1|Ninetales-Alola, M|\n|poke|p1|Gliscor, F|\n|poke|p1|Iron Valiant|\n|poke|p1|Heatran, M|\n|poke|p2|Glimmora, F|\n|poke|p2|Dragonite, M|\n|poke|p2|Volcarona, M|\n|poke|p2|Gyarados, F|\n|poke|p2|Kommo-o, M|\n|poke|p2|Garchomp, M|\n|teampreview\n|c|\u2606Aziz Le Bledart|glhf\n|c|\u2606Dancing Roach|glhf\n|\n|t:|1700342250\n|start\n|switch|p1a: Zapdos|Zapdos|100\/100\n|switch|p2a: Glimmora|Glimmora, F|100\/100\n|turn|1\n|j| Potatofromsinnoh\n|\n|t:|1700342279\n|-terastallize|p1a: Zapdos|Steel\n|move|p2a: Glimmora|Stealth Rock|p1a: Zapdos\n|-sidestart|p1: Dancing Roach|move: Stealth Rock\n|move|p1a: Zapdos|Hurricane|p2a: Glimmora\n|-resisted|p2a: Glimmora\n|-damage|p2a: Glimmora|59\/100\n|-start|p2a: Glimmora|confusion\n|\n|upkeep\n|turn|2\n|j| Charizardman2008\n|\n|t:|1700342285\n|-activate|p2a: Glimmora|confusion\n|move|p2a: Glimmora|Earth Power|p1a: Zapdos\n|-supereffective|p1a: Zapdos\n|-damage|p1a: Zapdos|37\/100\n|move|p1a: Zapdos|Defog|p2a: Glimmora\n|-unboost|p2a: Glimmora|evasion|1\n|-sideend|p1: Dancing Roach|Stealth Rock|[from] move: Defog|[of] p1a: Zapdos\n|\n|upkeep\n|turn|3\n|\n|t:|1700342291\n|-end|p2a: Glimmora|confusion\n|move|p2a: Glimmora|Stealth Rock|p1a: Zapdos\n|-sidestart|p1: Dancing Roach|move: Stealth Rock\n|move|p1a: Zapdos|Volt Switch|p2a: Glimmora\n|-damage|p2a: Glimmora|8\/100\n|j| nodogsaleystay\n|\n|t:|1700342302\n|switch|p1a: Ninetales|Ninetales-Alola, M|100\/100|[from] Volt Switch\n|-damage|p1a: Ninetales|76\/100|[from] Stealth Rock\n|-weather|Snow|[from] ability: Snow Warning|[of] p1a: Ninetales\n|\n|-weather|Snow|[upkeep]\n|upkeep\n|turn|4\n|\n|t:|1700342307\n|move|p1a: Ninetales|Freeze-Dry|p2a: Glimmora\n|-damage|p2a: Glimmora|0 fnt\n|faint|p2a: Glimmora\n|\n|-weather|Snow|[upkeep]\n|upkeep\n|\n|t:|1700342315\n|switch|p2a: Volcarona|Volcarona, M|100\/100\n|turn|5\n|\n|t:|1700342318\n|move|p1a: Ninetales|Aurora Veil|p1a: Ninetales\n|-sidestart|p1: Dancing Roach|move: Aurora Veil\n|move|p2a: Volcarona|Quiver Dance|p2a: Volcarona\n|-boost|p2a: Volcarona|spa|1\n|-boost|p2a: Volcarona|spd|1\n|-boost|p2a: Volcarona|spe|1\n|\n|-weather|Snow|[upkeep]\n|upkeep\n|turn|6\n|\n|t:|1700342320\n|move|p2a: Volcarona|Quiver Dance|p2a: Volcarona\n|-boost|p2a: Volcarona|spa|1\n|-boost|p2a: Volcarona|spd|1\n|-boost|p2a: Volcarona|spe|1\n|move|p1a: Ninetales|Roar|p2a: Volcarona\n|drag|p2a: Garchomp|Garchomp, M|100\/100\n|\n|-weather|Snow|[upkeep]\n|upkeep\n|turn|7\n|\n|t:|1700342323\n|switch|p2a: Volcarona|Volcarona, M|100\/100\n|move|p1a: Ninetales|Freeze-Dry|p2a: Volcarona\n|-resisted|p2a: Volcarona\n|-damage|p2a: Volcarona|89\/100\n|-status|p2a: Volcarona|frz\n|\n|-weather|none\n|upkeep\n|turn|8\n|c|\u2606Dancing Roach|brutal\n|\n|t:|1700342331\n|switch|p1a: Zapdos|Zapdos, tera:Steel|37\/100\n|cant|p2a: Volcarona|frz\n|\n|upkeep\n|turn|9\n|\n|t:|1700342336\n|cant|p2a: Volcarona|frz\n|move|p1a: Zapdos|Roost|p1a: Zapdos\n|-heal|p1a: Zapdos|87\/100\n|\n|upkeep\n|turn|10\n|\n|t:|1700342339\n|cant|p2a: Volcarona|frz\n|move|p1a: Zapdos|Hurricane|p2a: Volcarona\n|-supereffective|p2a: Volcarona\n|-damage|p2a: Volcarona|0 fnt\n|faint|p2a: Volcarona\n|\n|upkeep\n|\n|t:|1700342355\n|switch|p2a: Garchomp|Garchomp, M|100\/100\n|turn|11\n|\n|t:|1700342360\n|switch|p1a: Gliscor|Gliscor, F|100\/100\n|-damage|p1a: Gliscor|88\/100|[from] Stealth Rock\n|move|p2a: Garchomp|Swords Dance|p2a: Garchomp\n|-boost|p2a: Garchomp|atk|2\n|\n|-status|p1a: Gliscor|tox|[from] item: Toxic Orb\n|upkeep\n|turn|12\n|l| nodogsaleystay\n|\n|t:|1700342365\n|move|p2a: Garchomp|Scale Shot|p1a: Gliscor\n|-damage|p1a: Gliscor|80\/100 tox\n|-damage|p1a: Gliscor|73\/100 tox\n|-damage|p1a: Gliscor|65\/100 tox\n|-damage|p1a: Gliscor|57\/100 tox\n|-damage|p1a: Gliscor|48\/100 tox\n|-hitcount|p1a: Gliscor|5\n|-unboost|p2a: Garchomp|def|1\n|-boost|p2a: Garchomp|spe|1\n|move|p1a: Gliscor|Toxic|p2a: Garchomp\n|-status|p2a: Garchomp|tox\n|\n|-damage|p2a: Garchomp|94\/100 tox|[from] psn\n|-heal|p1a: Gliscor|61\/100 tox|[from] ability: Poison Heal\n|-sideend|p1: Dancing Roach|move: Aurora Veil\n|upkeep\n|turn|13\n|\n|t:|1700342370\n|move|p1a: Gliscor|Protect|p1a: Gliscor\n|-singleturn|p1a: Gliscor|Protect\n|move|p2a: Garchomp|Scale Shot|p1a: Gliscor\n|-activate|p1a: Gliscor|move: Protect\n|\n|-damage|p2a: Garchomp|82\/100 tox|[from] psn\n|-heal|p1a: Gliscor|73\/100 tox|[from] ability: Poison Heal\n|upkeep\n|turn|14\n|\n|t:|1700342372\n|move|p2a: Garchomp|Earthquake|p1a: Gliscor\n|-immune|p1a: Gliscor\n|move|p1a: Gliscor|Earthquake|p2a: Garchomp\n|-damage|p2a: Garchomp|32\/100 tox\n|\n|-damage|p2a: Garchomp|13\/100 tox|[from] psn\n|-heal|p1a: Gliscor|86\/100 tox|[from] ability: Poison Heal\n|upkeep\n|turn|15\n|\n|t:|1700342374\n|move|p1a: Gliscor|Protect|p1a: Gliscor\n|-singleturn|p1a: Gliscor|Protect\n|move|p2a: Garchomp|Scale Shot|p1a: Gliscor\n|-activate|p1a: Gliscor|move: Protect\n|\n|-damage|p2a: Garchomp|0 fnt|[from] psn\n|faint|p2a: Garchomp\n|-heal|p1a: Gliscor|98\/100 tox|[from] ability: Poison Heal\n|upkeep\n|c| Potatofromsinnoh|damn i like the way this guy plays\n|c|\u2606Dancing Roach|yea?\n|\n|t:|1700342384\n|switch|p2a: Kommo-o|Kommo-o, M|100\/100\n|turn|16\n|c| Potatofromsinnoh|yeah]\n|c| Potatofromsinnoh|youre whole set is awesome\n|\n|t:|1700342399\n|-zpower|p2a: Kommo-o\n|move|p2a: Kommo-o|Clangorous Soulblaze|p1a: Gliscor|[zeffect]\n|-damage|p1a: Gliscor|0 fnt\n|faint|p1a: Gliscor\n|-boost|p2a: Kommo-o|atk|1\n|-boost|p2a: Kommo-o|def|1\n|-boost|p2a: Kommo-o|spa|1\n|-boost|p2a: Kommo-o|spd|1\n|-boost|p2a: Kommo-o|spe|1\n|\n|upkeep\n|c| Potatofromsinnoh|i mean\n|\n|t:|1700342418\n|switch|p1a: Iron Valiant|Iron Valiant|100\/100\n|-damage|p1a: Iron Valiant|94\/100|[from] Stealth Rock\n|-enditem|p1a: Iron Valiant|Booster Energy\n|-activate|p1a: Iron Valiant|ability: Quark Drive|[fromitem]\n|-start|p1a: Iron Valiant|quarkdrivespe\n|turn|17\n|j| green 62\n|c| Potatofromsinnoh|other than gliscor but thats just because i dont like glisc specifically\n|\n|t:|1700342427\n|move|p1a: Iron Valiant|Spirit Break|p2a: Kommo-o\n|-supereffective|p2a: Kommo-o\n|-damage|p2a: Kommo-o|0 fnt\n|faint|p2a: Kommo-o\n|\n|upkeep\n|\n|t:|1700342434\n|switch|p2a: Gyarados|Gyarados, F|100\/100\n|-ability|p2a: Gyarados|Intimidate|boost\n|-unboost|p1a: Iron Valiant|atk|1\n|turn|18\n|\n|t:|1700342439\n|move|p1a: Iron Valiant|Swords Dance|p1a: Iron Valiant\n|-boost|p1a: Iron Valiant|atk|2\n|move|p2a: Gyarados|Dragon Dance|p2a: Gyarados\n|-boost|p2a: Gyarados|atk|1\n|-boost|p2a: Gyarados|spe|1\n|\n|upkeep\n|turn|19\n|\n|t:|1700342443\n|move|p1a: Iron Valiant|Encore|p2a: Gyarados\n|-start|p2a: Gyarados|Encore\n|move|p2a: Gyarados|Dragon Dance|p2a: Gyarados\n|-boost|p2a: Gyarados|atk|1\n|-boost|p2a: Gyarados|spe|1\n|\n|upkeep\n|turn|20\n|\n|t:|1700342450\n|move|p2a: Gyarados|Dragon Dance|p2a: Gyarados\n|-boost|p2a: Gyarados|atk|1\n|-boost|p2a: Gyarados|spe|1\n|move|p1a: Iron Valiant|Spirit Break|p2a: Gyarados\n|-damage|p2a: Gyarados|26\/100\n|-unboost|p2a: Gyarados|spa|1\n|\n|upkeep\n|turn|21\n|\n|t:|1700342453\n|move|p2a: Gyarados|Dragon Dance|p2a: Gyarados\n|-boost|p2a: Gyarados|atk|1\n|-boost|p2a: Gyarados|spe|1\n|move|p1a: Iron Valiant|Spirit Break|p2a: Gyarados\n|-damage|p2a: Gyarados|0 fnt\n|faint|p2a: Gyarados\n|\n|upkeep\n|\n|t:|1700342454\n|switch|p2a: Dragonite|Dragonite, M|100\/100\n|turn|22\n|\n|t:|1700342464\n|move|p1a: Iron Valiant|Spirit Break|p2a: Dragonite\n|-supereffective|p2a: Dragonite\n|-damage|p2a: Dragonite|41\/100\n|-unboost|p2a: Dragonite|spa|1\n|move|p2a: Dragonite|Dragon Dance|p2a: Dragonite\n|-boost|p2a: Dragonite|atk|1\n|-boost|p2a: Dragonite|spe|1\n|\n|upkeep\n|turn|23\n|c|\u2606Dancing Roach|gg\n|\n|t:|1700342472\n|-terastallize|p2a: Dragonite|Normal\n|move|p2a: Dragonite|Extreme Speed|p1a: Iron Valiant\n|-damage|p1a: Iron Valiant|5\/100\n|move|p1a: Iron Valiant|Spirit Break|p2a: Dragonite\n|-damage|p2a: Dragonite|0 fnt\n|faint|p2a: Dragonite\n|\n|win|Dancing Roach\n|n|\u2606Dancing Roach|dancingroach\n|n|\u2606Aziz Le Bledart|azizlebledart\n|n| Potatofromsinnoh|potatofromsinnoh\n|n| Charizardman2008|charizardman2008\n|n| green 62|green62\n|c|\u2606Aziz Le Bledart|gg\n|l|\u2606Dancing Roach\n|l| Charizardman2008\n|l|\u2606Aziz Le Bledart\n|l| green 62\n","uploadtime":1700342473,"views":7,"p1id":"dancingroach","p2id":"azizlebledart","formatid":"gen9nationaldex","rating":0,"private":0,"password":""}