{"id":"gen9nationaldex-1997575714","p1":"gui gang lai le","p2":"NDSNEZTentacultist","format":"[Gen 9] National Dex","log":"|html|<div class=\"broadcast-blue\"><strong>[Gen 9] National Dex is currently suspecting Sneasler! For information on how to participate check out the <a href=\"https:\/\/www.smogon.com\/forums\/threads\/sv-national-dex-suspect-8-just-dance.3731534\/\">suspect thread<\/a>.<\/strong><\/div>\n|j|\u2606gui gang lai le\n|j|\u2606NDSNEZTentacultist\n|t:|1700827887\n|gametype|singles\n|player|p1|gui gang lai le|dawn-masters3|1023\n|player|p2|NDSNEZTentacultist|elesa-masters2|1000\n|teamsize|p1|6\n|teamsize|p2|6\n|gen|9\n|tier|[Gen 9] National Dex\n|rated|\n|rule|HP Percentage Mod: HP is shown in percentages\n|rule|Endless Battle Clause: Forcing endless battles is banned\n|rule|OHKO Clause: OHKO moves are banned\n|rule|Evasion Clause: Evasion abilities, items, and moves are banned\n|rule|Evasion Abilities Clause: Evasion abilities are banned\n|rule|Evasion Items Clause: Evasion items are banned\n|rule|Evasion Moves Clause: Evasion moves are banned\n|rule|Species Clause: Limit one of each Pok\u00e9mon\n|rule|Sleep Clause Mod: Limit one foe put to sleep\n|clearpoke\n|poke|p1|Mawile, M|\n|poke|p1|Marowak-Alola, F|\n|poke|p1|Hatterene, F|\n|poke|p1|Cresselia, F|\n|poke|p1|Porygon2|\n|poke|p1|Ursaluna, M|\n|poke|p2|Pelipper, M|\n|poke|p2|Swampert, M|\n|poke|p2|Barraskewda, M|\n|poke|p2|Basculegion-F, F|\n|poke|p2|Floatzel, M|\n|poke|p2|Greninja-*, M|\n|teampreview\n|\n|t:|1700827892\n|start\n|switch|p1a: Hatterene|Hatterene, F|100\/100\n|switch|p2a: Pelipper|Pelipper, M|100\/100\n|-weather|RainDance|[from] ability: Drizzle|[of] p2a: Pelipper\n|turn|1\n|\n|t:|1700827897\n|move|p2a: Pelipper|U-turn|p1a: Hatterene\n|-damage|p1a: Hatterene|92\/100\n|\n|t:|1700827903\n|switch|p2a: Greninja|Greninja, M|100\/100|[from] U-turn\n|move|p1a: Hatterene|Trick Room|p1a: Hatterene\n|-fieldstart|move: Trick Room|[of] p1a: Hatterene\n|\n|-weather|RainDance|[upkeep]\n|upkeep\n|turn|2\n|\n|t:|1700827917\n|move|p1a: Hatterene|Misty Explosion|p2a: Greninja\n|-supereffective|p2a: Greninja\n|-damage|p2a: Greninja|0 fnt\n|faint|p1a: Hatterene\n|faint|p2a: Greninja\n|\n|-weather|RainDance|[upkeep]\n|upkeep\n|\n|t:|1700827928\n|switch|p1a: Ursaluna|Ursaluna, M|100\/100\n|switch|p2a: Floatzel|Floatzel, M|100\/100\n|turn|3\n|\n|t:|1700827936\n|-terastallize|p1a: Ursaluna|Normal\n|-terastallize|p2a: Floatzel|Water\n|move|p2a: Floatzel|Aqua Jet|p1a: Ursaluna\n|-damage|p1a: Ursaluna|58\/100\n|move|p1a: Ursaluna|Facade|p2a: Floatzel\n|-damage|p2a: Floatzel|3\/100\n|\n|-weather|RainDance|[upkeep]\n|-status|p1a: Ursaluna|brn|[from] item: Flame Orb\n|upkeep\n|turn|4\n|\n|t:|1700827954\n|move|p2a: Floatzel|Aqua Jet|p1a: Ursaluna\n|-damage|p1a: Ursaluna|15\/100 brn\n|move|p1a: Ursaluna|Facade|p2a: Floatzel\n|-crit|p2a: Floatzel\n|-damage|p2a: Floatzel|0 fnt\n|faint|p2a: Floatzel\n|\n|-weather|RainDance|[upkeep]\n|-damage|p1a: Ursaluna|8\/100 brn|[from] brn\n|upkeep\n|\n|t:|1700827958\n|switch|p2a: Barraskewda|Barraskewda, M|100\/100\n|turn|5\n|\n|t:|1700827977\n|switch|p2a: Basculegion|Basculegion-F, F|100\/100\n|move|p1a: Ursaluna|Facade|p2a: Basculegion\n|-immune|p2a: Basculegion\n|\n|-weather|RainDance|[upkeep]\n|-damage|p1a: Ursaluna|2\/100 brn|[from] brn\n|-fieldend|move: Trick Room\n|upkeep\n|turn|6\n|\n|t:|1700827983\n|switch|p1a: Porygon2|Porygon2|100\/100\n|-ability|p1a: Porygon2|Swift Swim|[from] ability: Trace|[of] p2a: Basculegion\n|move|p2a: Basculegion|Surf|p1a: Porygon2\n|-crit|p1a: Porygon2\n|-damage|p1a: Porygon2|23\/100\n|-damage|p2a: Basculegion|91\/100|[from] item: Life Orb\n|\n|-weather|RainDance|[upkeep]\n|upkeep\n|turn|7\n|\n|t:|1700827992\n|move|p2a: Basculegion|Surf|p1a: Porygon2\n|-damage|p1a: Porygon2|0 fnt\n|faint|p1a: Porygon2\n|-damage|p2a: Basculegion|81\/100|[from] item: Life Orb\n|\n|-weather|RainDance|[upkeep]\n|upkeep\n|\n|t:|1700827996\n|switch|p1a: Cresselia|Cresselia, F|100\/100\n|turn|8\n|\n|t:|1700828000\n|move|p2a: Basculegion|Shadow Ball|p1a: Cresselia\n|-supereffective|p1a: Cresselia\n|-damage|p1a: Cresselia|38\/100\n|-damage|p2a: Basculegion|71\/100|[from] item: Life Orb\n|move|p1a: Cresselia|Trick Room|p1a: Cresselia\n|-fieldstart|move: Trick Room|[of] p1a: Cresselia\n|\n|-weather|none\n|upkeep\n|turn|9\n|\n|t:|1700828009\n|move|p1a: Cresselia|Lunar Dance|p1a: Cresselia\n|faint|p1a: Cresselia\n|move|p2a: Basculegion|Surf|p1: Cresselia|[notarget]\n|-fail|p2a: Basculegion\n|\n|upkeep\n|\n|t:|1700828015\n|switch|p1a: Ursaluna|Ursaluna, M, tera:Normal|2\/100 brn\n|-heal|p1a: Ursaluna|100\/100|[from] move: Lunar Dance\n|turn|10\n|\n|t:|1700828024\n|move|p1a: Ursaluna|Swords Dance|p1a: Ursaluna\n|-boost|p1a: Ursaluna|atk|2\n|move|p2a: Basculegion|Hydro Pump|p1a: Ursaluna|[miss]\n|-miss|p2a: Basculegion|p1a: Ursaluna\n|\n|-status|p1a: Ursaluna|brn|[from] item: Flame Orb\n|upkeep\n|turn|11\n|\n|t:|1700828029\n|move|p1a: Ursaluna|Earthquake|p2a: Basculegion\n|-damage|p2a: Basculegion|0 fnt\n|faint|p2a: Basculegion\n|\n|-damage|p1a: Ursaluna|94\/100 brn|[from] brn\n|upkeep\n|\n|t:|1700828035\n|switch|p2a: Swampert|Swampert, M|100\/100\n|turn|12\n|\n|t:|1700828041\n|detailschange|p2a: Swampert|Swampert-Mega, M\n|-mega|p2a: Swampert|Swampert|Swampertite\n|move|p1a: Ursaluna|Facade|p2a: Swampert\n|-damage|p2a: Swampert|0 fnt\n|faint|p2a: Swampert\n|\n|-damage|p1a: Ursaluna|88\/100 brn|[from] brn\n|-fieldend|move: Trick Room\n|upkeep\n|\n|t:|1700828048\n|switch|p2a: Pelipper|Pelipper, M|100\/100\n|-weather|RainDance|[from] ability: Drizzle|[of] p2a: Pelipper\n|turn|13\n|\n|t:|1700828052\n|move|p2a: Pelipper|Hydro Pump|p1a: Ursaluna\n|-damage|p1a: Ursaluna|20\/100 brn\n|move|p1a: Ursaluna|Facade|p2a: Pelipper\n|-damage|p2a: Pelipper|0 fnt\n|faint|p2a: Pelipper\n|\n|-weather|RainDance|[upkeep]\n|-damage|p1a: Ursaluna|14\/100 brn|[from] brn\n|upkeep\n|\n|t:|1700828055\n|switch|p2a: Barraskewda|Barraskewda, M|100\/100\n|turn|14\n|\n|t:|1700828058\n|move|p2a: Barraskewda|Liquidation|p1a: Ursaluna\n|-damage|p1a: Ursaluna|0 fnt\n|faint|p1a: Ursaluna\n|\n|-weather|RainDance|[upkeep]\n|upkeep\n|\n|t:|1700828062\n|switch|p1a: Marowak|Marowak-Alola, F|100\/100\n|turn|15\n|\n|t:|1700828068\n|move|p2a: Barraskewda|Liquidation|p1a: Marowak\n|-supereffective|p1a: Marowak\n|-damage|p1a: Marowak|0 fnt\n|faint|p1a: Marowak\n|\n|-weather|RainDance|[upkeep]\n|upkeep\n|\n|t:|1700828071\n|switch|p1a: Mawile|Mawile, M|100\/100\n|-ability|p1a: Mawile|Intimidate|boost\n|-unboost|p2a: Barraskewda|atk|1\n|turn|16\n|\n|t:|1700828079\n|detailschange|p1a: Mawile|Mawile-Mega, M\n|-mega|p1a: Mawile|Mawile|Mawilite\n|move|p1a: Mawile|Sucker Punch|p2a: Barraskewda\n|-damage|p2a: Barraskewda|10\/100\n|move|p2a: Barraskewda|Liquidation|p1a: Mawile\n|-damage|p1a: Mawile|40\/100\n|\n|-weather|RainDance|[upkeep]\n|upkeep\n|turn|17\n|\n|t:|1700828086\n|move|p1a: Mawile|Sucker Punch|p2a: Barraskewda\n|-damage|p2a: Barraskewda|0 fnt\n|faint|p2a: Barraskewda\n|\n|win|gui gang lai le\n|raw|gui gang lai le's rating: 1023 &rarr; <strong>1057<\/strong><br \/>(+34 for winning)\n|raw|NDSNEZTentacultist's rating: 1000 &rarr; <strong>1000<\/strong><br \/>(+0 for losing)\n","uploadtime":1700828093,"views":8,"p1id":"guiganglaile","p2id":"ndsneztentacultist","formatid":"gen9nationaldex","rating":1000,"private":0,"password":""}