{"id":"gen9nationaldex-1989764131","p1":"cgrtier","p2":"Chromilly","format":"[Gen 9] National Dex","log":"|j|\u2606cgrtier\n|j|\u2606Chromilly\n|t:|1699893739\n|gametype|singles\n|player|p1|cgrtier|diantha-masters|1314\n|player|p2|Chromilly|dawn|1325\n|teamsize|p1|6\n|teamsize|p2|6\n|gen|9\n|tier|[Gen 9] National Dex\n|rated|\n|rule|HP Percentage Mod: HP is shown in percentages\n|rule|Endless Battle Clause: Forcing endless battles is banned\n|rule|OHKO Clause: OHKO moves are banned\n|rule|Evasion Clause: Evasion abilities, items, and moves are banned\n|rule|Evasion Abilities Clause: Evasion abilities are banned\n|rule|Evasion Items Clause: Evasion items are banned\n|rule|Evasion Moves Clause: Evasion moves are banned\n|rule|Species Clause: Limit one of each Pok\u00e9mon\n|rule|Sleep Clause Mod: Limit one foe put to sleep\n|clearpoke\n|poke|p1|Scizor, F|\n|poke|p1|Garchomp, M|\n|poke|p1|Moltres|\n|poke|p1|Rotom-Wash|\n|poke|p1|Rillaboom, F|\n|poke|p1|Alomomola, M|\n|poke|p2|Tapu Lele|\n|poke|p2|Ribombee, F|\n|poke|p2|Ogerpon-Wellspring, F|\n|poke|p2|Dragonite, F|\n|poke|p2|Volcarona, F|\n|poke|p2|Iron Valiant|\n|teampreview\n|inactive|Battle timer is ON: inactive players will automatically lose when time's up. (requested by Chromilly)\n|\n|t:|1699893749\n|start\n|switch|p1a: Rillaboom|Rillaboom, F|100\/100\n|switch|p2a: Ribombee|Ribombee, F, shiny|100\/100\n|-fieldstart|move: Grassy Terrain|[from] ability: Grassy Surge|[of] p1a: Rillaboom\n|turn|1\n|\n|t:|1699893756\n|move|p2a: Ribombee|Sticky Web|p1a: Rillaboom\n|-sidestart|p1: cgrtier|move: Sticky Web\n|move|p1a: Rillaboom|U-turn|p2a: Ribombee\n|-resisted|p2a: Ribombee\n|-damage|p2a: Ribombee|68\/100\n|\n|t:|1699893762\n|switch|p1a: Moltres|Moltres|100\/100|[from] U-turn\n|\n|-heal|p2a: Ribombee|74\/100|[from] Grassy Terrain\n|upkeep\n|turn|2\n|\n|t:|1699893775\n|switch|p2a: Ogerpon|Ogerpon-Wellspring, F|100\/100\n|move|p1a: Moltres|Defog|p2a: Ogerpon\n|-unboost|p2a: Ogerpon|evasion|1\n|-sideend|p1: cgrtier|Sticky Web|[from] move: Defog|[of] p1a: Moltres\n|-fieldend|move: Grassy Terrain\n|\n|upkeep\n|turn|3\n|\n|t:|1699893784\n|-terastallize|p2a: Ogerpon|Water\n|detailschange|p2a: Ogerpon|Ogerpon-Wellspring-Tera, F, tera:Water\n|-ability|p2a: Ogerpon|Embody Aspect (Wellspring)|boost\n|-boost|p2a: Ogerpon|spd|1\n|move|p2a: Ogerpon|Swords Dance|p2a: Ogerpon\n|-boost|p2a: Ogerpon|atk|2\n|move|p1a: Moltres|U-turn|p2a: Ogerpon\n|-damage|p2a: Ogerpon|80\/100\n|\n|t:|1699893793\n|switch|p1a: Rillaboom|Rillaboom, F|100\/100|[from] U-turn\n|-fieldstart|move: Grassy Terrain|[from] ability: Grassy Surge|[of] p1a: Rillaboom\n|\n|-heal|p2a: Ogerpon|86\/100|[from] Grassy Terrain\n|upkeep\n|turn|4\n|\n|t:|1699893796\n|move|p1a: Rillaboom|Grassy Glide|p2a: Ogerpon\n|-supereffective|p2a: Ogerpon\n|-damage|p2a: Ogerpon|0 fnt\n|faint|p2a: Ogerpon\n|\n|upkeep\n|\n|t:|1699893802\n|switch|p2a: Volcarona|Volcarona, F|100\/100\n|turn|5\n|\n|t:|1699893807\n|switch|p1a: Rotom|Rotom-Wash|100\/100\n|move|p2a: Volcarona|Quiver Dance|p2a: Volcarona\n|-boost|p2a: Volcarona|spa|1\n|-boost|p2a: Volcarona|spd|1\n|-boost|p2a: Volcarona|spe|1\n|\n|upkeep\n|turn|6\n|\n|t:|1699893810\n|move|p2a: Volcarona|Giga Drain|p1a: Rotom\n|-supereffective|p1a: Rotom\n|-damage|p1a: Rotom|0 fnt\n|faint|p1a: Rotom\n|\n|upkeep\n|\n|t:|1699893825\n|switch|p1a: Garchomp|Garchomp, M|100\/100\n|turn|7\n|\n|t:|1699893829\n|move|p2a: Volcarona|Bug Buzz|p1a: Garchomp\n|-damage|p1a: Garchomp|17\/100\n|-zpower|p1a: Garchomp\n|move|p1a: Garchomp|Devastating Drake|p2a: Volcarona|[zeffect]\n|-damage|p2a: Volcarona|0 fnt\n|faint|p2a: Volcarona\n|\n|-heal|p1a: Garchomp|23\/100|[from] Grassy Terrain\n|-fieldend|move: Grassy Terrain\n|upkeep\n|\n|t:|1699893837\n|switch|p2a: Dragonite|Dragonite, F|100\/100\n|turn|8\n|\n|t:|1699893857\n|move|p2a: Dragonite|Extreme Speed|p1a: Garchomp\n|-damage|p1a: Garchomp|0 fnt\n|-damage|p2a: Dragonite|88\/100|[from] ability: Rough Skin|[of] p1a: Garchomp\n|faint|p1a: Garchomp\n|\n|upkeep\n|\n|t:|1699893865\n|switch|p1a: Alomomola|Alomomola, M, shiny|100\/100\n|turn|9\n|\n|t:|1699893870\n|move|p2a: Dragonite|Dragon Dance|p2a: Dragonite\n|-boost|p2a: Dragonite|atk|1\n|-boost|p2a: Dragonite|spe|1\n|move|p1a: Alomomola|Toxic|p2a: Dragonite\n|-status|p2a: Dragonite|tox\n|\n|-damage|p2a: Dragonite|82\/100 tox|[from] psn\n|upkeep\n|turn|10\n|\n|t:|1699893879\n|move|p2a: Dragonite|Dragon Dance|p2a: Dragonite\n|-boost|p2a: Dragonite|atk|1\n|-boost|p2a: Dragonite|spe|1\n|move|p1a: Alomomola|Wish|p1a: Alomomola\n|\n|-damage|p2a: Dragonite|70\/100 tox|[from] psn\n|upkeep\n|turn|11\n|\n|t:|1699893887\n|move|p1a: Alomomola|Protect|p1a: Alomomola\n|-singleturn|p1a: Alomomola|Protect\n|move|p2a: Dragonite|Dragon Dance|p2a: Dragonite\n|-boost|p2a: Dragonite|atk|1\n|-boost|p2a: Dragonite|spe|1\n|\n|-damage|p2a: Dragonite|51\/100 tox|[from] psn\n|upkeep\n|turn|12\n|\n|t:|1699893893\n|move|p2a: Dragonite|Earthquake|p1a: Alomomola\n|-damage|p1a: Alomomola|45\/100\n|move|p1a: Alomomola|Wish|p1a: Alomomola\n|\n|-damage|p2a: Dragonite|26\/100 tox|[from] psn\n|upkeep\n|turn|13\n|\n|t:|1699893901\n|switch|p2a: Tapu Lele|Tapu Lele, shiny|100\/100\n|-fieldstart|move: Psychic Terrain|[from] ability: Psychic Surge|[of] p2a: Tapu Lele\n|move|p1a: Alomomola|Protect||[still]\n|-fail|p1a: Alomomola\n|\n|-heal|p1a: Alomomola|95\/100|[from] move: Wish|[wisher] Alomomola\n|upkeep\n|turn|14\n|\n|t:|1699893907\n|switch|p1a: Scizor|Scizor, F|100\/100\n|move|p2a: Tapu Lele|Psychic|p1a: Scizor\n|-resisted|p1a: Scizor\n|-damage|p1a: Scizor|56\/100\n|\n|upkeep\n|turn|15\n|\n|t:|1699893933\n|switch|p2a: Dragonite|Dragonite, F|26\/100 tox\n|detailschange|p1a: Scizor|Scizor-Mega, F\n|-mega|p1a: Scizor|Scizor|Scizorite\n|move|p1a: Scizor|U-turn|p2a: Dragonite\n|-resisted|p2a: Dragonite\n|-damage|p2a: Dragonite|3\/100 tox\n|\n|t:|1699893940\n|switch|p1a: Rillaboom|Rillaboom, F|100\/100|[from] U-turn\n|-fieldstart|move: Grassy Terrain|[from] ability: Grassy Surge|[of] p1a: Rillaboom\n|\n|-damage|p2a: Dragonite|0 fnt|[from] psn\n|faint|p2a: Dragonite\n|upkeep\n|\n|t:|1699893956\n|switch|p2a: Tapu Lele|Tapu Lele, shiny|100\/100\n|-fieldstart|move: Psychic Terrain|[from] ability: Psychic Surge|[of] p2a: Tapu Lele\n|turn|16\n|\n|t:|1699893966\n|switch|p1a: Moltres|Moltres|100\/100\n|move|p2a: Tapu Lele|Psychic|p1a: Moltres\n|-damage|p1a: Moltres|8\/100\n|-unboost|p1a: Moltres|spd|1\n|\n|upkeep\n|turn|17\n|\n|t:|1699893969\n|move|p2a: Tapu Lele|Psychic|p1a: Moltres\n|-damage|p1a: Moltres|0 fnt\n|faint|p1a: Moltres\n|\n|upkeep\n|\n|t:|1699893971\n|switch|p1a: Rillaboom|Rillaboom, F|100\/100\n|-fieldstart|move: Grassy Terrain|[from] ability: Grassy Surge|[of] p1a: Rillaboom\n|turn|18\n|\n|t:|1699893975\n|switch|p2a: Ribombee|Ribombee, F, shiny|74\/100\n|-terastallize|p1a: Rillaboom|Grass\n|move|p1a: Rillaboom|Wood Hammer|p2a: Ribombee\n|-resisted|p2a: Ribombee\n|-damage|p2a: Ribombee|0 fnt\n|faint|p2a: Ribombee\n|-damage|p1a: Rillaboom|81\/100|[from] Recoil\n|\n|-heal|p1a: Rillaboom|87\/100|[from] Grassy Terrain\n|upkeep\n|\n|t:|1699893982\n|switch|p2a: Iron Valiant|Iron Valiant|100\/100\n|-enditem|p2a: Iron Valiant|Booster Energy\n|-activate|p2a: Iron Valiant|ability: Quark Drive|[fromitem]\n|-start|p2a: Iron Valiant|quarkdrivespe\n|turn|19\n|\n|t:|1699893984\n|move|p2a: Iron Valiant|Destiny Bond|p2a: Iron Valiant\n|-singlemove|p2a: Iron Valiant|Destiny Bond\n|move|p1a: Rillaboom|Wood Hammer|p2a: Iron Valiant\n|-damage|p2a: Iron Valiant|0 fnt\n|faint|p2a: Iron Valiant\n|-activate|p2a: Iron Valiant|move: Destiny Bond\n|-end|p2a: Iron Valiant|Quark Drive|[silent]\n|faint|p1a: Rillaboom\n|\n|upkeep\n|\n|t:|1699893991\n|switch|p2a: Tapu Lele|Tapu Lele, shiny|100\/100\n|switch|p1a: Alomomola|Alomomola, M, shiny|100\/100\n|-fieldstart|move: Psychic Terrain|[from] ability: Psychic Surge|[of] p2a: Tapu Lele\n|turn|20\n|\n|t:|1699893995\n|move|p2a: Tapu Lele|Thunderbolt|p1a: Alomomola\n|-supereffective|p1a: Alomomola\n|-damage|p1a: Alomomola|0 fnt\n|faint|p1a: Alomomola\n|\n|upkeep\n|\n|t:|1699894000\n|switch|p1a: Scizor|Scizor-Mega, F|56\/100\n|turn|21\n|\n|t:|1699894004\n|move|p2a: Tapu Lele|Thunderbolt|p1a: Scizor\n|-damage|p1a: Scizor|16\/100\n|move|p1a: Scizor|Roost|p1a: Scizor\n|-heal|p1a: Scizor|66\/100\n|-singleturn|p1a: Scizor|move: Roost\n|\n|upkeep\n|turn|22\n|\n|t:|1699894008\n|move|p2a: Tapu Lele|Thunderbolt|p1a: Scizor\n|-damage|p1a: Scizor|26\/100\n|move|p1a: Scizor|Roost|p1a: Scizor\n|-heal|p1a: Scizor|76\/100\n|-singleturn|p1a: Scizor|move: Roost\n|\n|upkeep\n|turn|23\n|\n|t:|1699894014\n|move|p2a: Tapu Lele|Thunderbolt|p1a: Scizor\n|-damage|p1a: Scizor|38\/100\n|move|p1a: Scizor|Roost|p1a: Scizor\n|-heal|p1a: Scizor|88\/100\n|-singleturn|p1a: Scizor|move: Roost\n|\n|upkeep\n|turn|24\n|\n|t:|1699894019\n|move|p2a: Tapu Lele|Thunderbolt|p1a: Scizor\n|-damage|p1a: Scizor|46\/100\n|move|p1a: Scizor|Roost|p1a: Scizor\n|-heal|p1a: Scizor|96\/100\n|-singleturn|p1a: Scizor|move: Roost\n|\n|-fieldend|move: Psychic Terrain\n|upkeep\n|turn|25\n|\n|t:|1699894024\n|move|p1a: Scizor|Bullet Punch|p2a: Tapu Lele\n|-supereffective|p2a: Tapu Lele\n|-damage|p2a: Tapu Lele|0 fnt\n|faint|p2a: Tapu Lele\n|\n|win|cgrtier\n|raw|cgrtier's rating: 1314 &rarr; <strong>1335<\/strong><br \/>(+21 for winning)\n|raw|Chromilly's rating: 1325 &rarr; <strong>1304<\/strong><br \/>(-21 for losing)\n","uploadtime":1699894032,"views":9,"p1id":"cgrtier","p2id":"chromilly","formatid":"gen9nationaldex","rating":1304,"private":0,"password":""}