{"id":"gen9nationaldex-1999930913","p1":"Roseblood Garden","p2":"father_arnau","format":"[Gen 9] National Dex","log":"|html|<div class=\"broadcast-blue\"><strong>[Gen 9] National Dex is currently suspecting Sneasler! For information on how to participate check out the <a href=\"https:\/\/www.smogon.com\/forums\/threads\/sv-national-dex-suspect-8-just-dance.3731534\/\">suspect thread<\/a>.<\/strong><\/div>\n|j|\u2606Roseblood Garden\n|j|\u2606father_arnau\n|t:|1701131425\n|gametype|singles\n|player|p1|Roseblood Garden|lass-gen4dp|1058\n|player|p2|father_arnau|acetrainer-gen4dp|1074\n|teamsize|p1|6\n|teamsize|p2|6\n|gen|9\n|tier|[Gen 9] National Dex\n|rated|\n|rule|HP Percentage Mod: HP is shown in percentages\n|rule|Endless Battle Clause: Forcing endless battles is banned\n|rule|OHKO Clause: OHKO moves are banned\n|rule|Evasion Clause: Evasion abilities, items, and moves are banned\n|rule|Evasion Abilities Clause: Evasion abilities are banned\n|rule|Evasion Items Clause: Evasion items are banned\n|rule|Evasion Moves Clause: Evasion moves are banned\n|rule|Species Clause: Limit one of each Pok\u00e9mon\n|rule|Sleep Clause Mod: Limit one foe put to sleep\n|clearpoke\n|poke|p1|Gliscor, M|\n|poke|p1|Hatterene, F|\n|poke|p1|Leafeon, F|\n|poke|p1|Armarouge, M|\n|poke|p1|Toxapex, F|\n|poke|p1|Dipplin, M|\n|poke|p2|Arbok, F|\n|poke|p2|Skarmory, M|\n|poke|p2|Cacturne, M|\n|poke|p2|Golisopod, F|\n|poke|p2|Wo-Chien|\n|poke|p2|Machamp, M|\n|teampreview\n|\n|t:|1701131434\n|start\n|switch|p1a: Leafeon|Leafeon, F|100\/100\n|switch|p2a: Arbok|Arbok, F, shiny|100\/100\n|-ability|p2a: Arbok|Unnerve\n|turn|1\n|\n|t:|1701131441\n|move|p1a: Leafeon|Sunny Day|p1a: Leafeon\n|-weather|SunnyDay\n|move|p2a: Arbok|Coil|p2a: Arbok\n|-boost|p2a: Arbok|atk|1\n|-boost|p2a: Arbok|def|1\n|-boost|p2a: Arbok|accuracy|1\n|\n|-weather|SunnyDay|[upkeep]\n|upkeep\n|turn|2\n|\n|t:|1701131449\n|move|p1a: Leafeon|Body Slam|p2a: Arbok\n|-damage|p2a: Arbok|67\/100\n|move|p2a: Arbok|Gunk Shot|p1a: Leafeon\n|-supereffective|p1a: Leafeon\n|-enditem|p1a: Leafeon|Focus Sash\n|-damage|p1a: Leafeon|1\/100\n|\n|-weather|SunnyDay|[upkeep]\n|upkeep\n|turn|3\n|\n|t:|1701131459\n|move|p1a: Leafeon|Solar Blade||[still]\n|-prepare|p1a: Leafeon|Solar Blade\n|-anim|p1a: Leafeon|Solar Blade|p2a: Arbok\n|-resisted|p2a: Arbok\n|-damage|p2a: Arbok|33\/100\n|move|p2a: Arbok|Gunk Shot|p1a: Leafeon\n|-supereffective|p1a: Leafeon\n|-damage|p1a: Leafeon|0 fnt\n|faint|p1a: Leafeon\n|\n|-weather|SunnyDay|[upkeep]\n|upkeep\n|\n|t:|1701131475\n|switch|p1a: Gliscor|Gliscor, M|100\/100\n|turn|4\n|\n|t:|1701131480\n|move|p1a: Gliscor|Crunch|p2a: Arbok\n|-damage|p2a: Arbok|6\/100\n|move|p2a: Arbok|Aqua Tail|p1a: Gliscor\n|-supereffective|p1a: Gliscor\n|-damage|p1a: Gliscor|70\/100\n|\n|-weather|SunnyDay|[upkeep]\n|upkeep\n|turn|5\n|\n|t:|1701131492\n|move|p1a: Gliscor|Crunch|p2a: Arbok\n|-crit|p2a: Arbok\n|-damage|p2a: Arbok|0 fnt\n|faint|p2a: Arbok\n|\n|-weather|none\n|upkeep\n|\n|t:|1701131506\n|switch|p2a: Machamp|Machamp, M, shiny|100\/100\n|turn|6\n|\n|t:|1701131511\n|switch|p1a: Toxapex|Toxapex, F, shiny|100\/100\n|move|p2a: Machamp|Stone Edge|p1a: Toxapex\n|-damage|p1a: Toxapex|67\/100\n|\n|-heal|p1a: Toxapex|73\/100|[from] item: Black Sludge\n|upkeep\n|turn|7\n|\n|t:|1701131520\n|move|p2a: Machamp|Stone Edge|p1a: Toxapex\n|-crit|p1a: Toxapex\n|-damage|p1a: Toxapex|27\/100\n|move|p1a: Toxapex|Toxic|p2a: Machamp\n|-status|p2a: Machamp|tox\n|\n|-heal|p1a: Toxapex|33\/100|[from] item: Black Sludge\n|-damage|p2a: Machamp|94\/100 tox|[from] psn\n|upkeep\n|turn|8\n|\n|t:|1701131530\n|move|p1a: Toxapex|Baneful Bunker|p1a: Toxapex\n|-singleturn|p1a: Toxapex|move: Protect\n|move|p2a: Machamp|Stone Edge|p1a: Toxapex\n|-activate|p1a: Toxapex|move: Protect\n|\n|-heal|p1a: Toxapex|39\/100|[from] item: Black Sludge\n|-damage|p2a: Machamp|82\/100 tox|[from] psn\n|upkeep\n|turn|9\n|\n|t:|1701131539\n|move|p2a: Machamp|Stone Edge|p1a: Toxapex\n|-damage|p1a: Toxapex|10\/100\n|move|p1a: Toxapex|Recover|p1a: Toxapex\n|-heal|p1a: Toxapex|60\/100\n|\n|-heal|p1a: Toxapex|66\/100|[from] item: Black Sludge\n|-damage|p2a: Machamp|63\/100 tox|[from] psn\n|upkeep\n|turn|10\n|\n|t:|1701131559\n|switch|p2a: Wo-Chien|Wo-Chien|100\/100\n|-ability|p2a: Wo-Chien|Tablets of Ruin\n|move|p1a: Toxapex|Recover|p1a: Toxapex\n|-heal|p1a: Toxapex|100\/100\n|\n|upkeep\n|turn|11\n|\n|t:|1701131566\n|move|p2a: Wo-Chien|Stun Spore|p1a: Toxapex\n|-status|p1a: Toxapex|par\n|move|p1a: Toxapex|Toxic|p2a: Wo-Chien\n|-status|p2a: Wo-Chien|tox\n|\n|-damage|p2a: Wo-Chien|94\/100 tox|[from] psn\n|upkeep\n|turn|12\n|\n|t:|1701131582\n|move|p2a: Wo-Chien|Ruination|p1a: Toxapex\n|-damage|p1a: Toxapex|50\/100 par\n|cant|p1a: Toxapex|par\n|\n|-heal|p1a: Toxapex|57\/100 par|[from] item: Black Sludge\n|-damage|p2a: Wo-Chien|82\/100 tox|[from] psn\n|upkeep\n|turn|13\n|\n|t:|1701131601\n|switch|p2a: Machamp|Machamp, M, shiny|63\/100 tox\n|cant|p1a: Toxapex|par\n|\n|-heal|p1a: Toxapex|63\/100 par|[from] item: Black Sludge\n|-damage|p2a: Machamp|57\/100 tox|[from] psn\n|upkeep\n|turn|14\n|\n|t:|1701131614\n|move|p2a: Machamp|Dynamic Punch|p1a: Toxapex\n|-resisted|p1a: Toxapex\n|-damage|p1a: Toxapex|37\/100 par\n|-start|p1a: Toxapex|confusion\n|-activate|p1a: Toxapex|confusion\n|cant|p1a: Toxapex|par\n|\n|-heal|p1a: Toxapex|43\/100 par|[from] item: Black Sludge\n|-damage|p2a: Machamp|44\/100 tox|[from] psn\n|upkeep\n|turn|15\n|\n|t:|1701131625\n|switch|p1a: Gliscor|Gliscor, M|70\/100\n|move|p2a: Machamp|Stone Edge|p1a: Gliscor\n|-damage|p1a: Gliscor|34\/100\n|\n|-damage|p2a: Machamp|25\/100 tox|[from] psn\n|upkeep\n|turn|16\n|\n|t:|1701131644\n|move|p2a: Machamp|Bullet Punch|p1a: Gliscor\n|-damage|p1a: Gliscor|19\/100\n|move|p1a: Gliscor|Crunch|p2a: Machamp\n|-resisted|p2a: Machamp\n|-damage|p2a: Machamp|14\/100 tox\n|\n|-damage|p2a: Machamp|0 fnt|[from] psn\n|faint|p2a: Machamp\n|upkeep\n|\n|t:|1701131654\n|switch|p2a: Skarmory|Skarmory, M, shiny|100\/100\n|turn|17\n|\n|t:|1701131658\n|move|p1a: Gliscor|Crunch|p2a: Skarmory\n|-damage|p2a: Skarmory|80\/100\n|move|p2a: Skarmory|Brave Bird|p1a: Gliscor\n|-damage|p1a: Gliscor|0 fnt\n|faint|p1a: Gliscor\n|-damage|p2a: Skarmory|74\/100|[from] Recoil\n|\n|upkeep\n|\n|t:|1701131665\n|switch|p1a: Armarouge|Armarouge, M|100\/100\n|turn|18\n|\n|t:|1701131671\n|-terastallize|p2a: Skarmory|Ground\n|move|p1a: Armarouge|Armor Cannon|p2a: Skarmory\n|-damage|p2a: Skarmory|18\/100\n|-unboost|p1a: Armarouge|def|1\n|-unboost|p1a: Armarouge|spd|1\n|move|p2a: Skarmory|Brave Bird|p1a: Armarouge\n|-damage|p1a: Armarouge|10\/100\n|-ability|p1a: Armarouge|Weak Armor|boost\n|-unboost|p1a: Armarouge|def|1\n|-boost|p1a: Armarouge|spe|2\n|-damage|p2a: Skarmory|0 fnt|[from] Recoil\n|faint|p2a: Skarmory\n|\n|upkeep\n|\n|t:|1701131687\n|switch|p2a: Golisopod|Golisopod, F, shiny|100\/100\n|turn|19\n|\n|t:|1701131690\n|move|p2a: Golisopod|First Impression|p1a: Armarouge\n|-damage|p1a: Armarouge|0 fnt\n|faint|p1a: Armarouge\n|\n|upkeep\n|\n|t:|1701131694\n|switch|p1a: Toxapex|Toxapex, F, shiny|43\/100 par\n|turn|20\n|\n|t:|1701131706\n|switch|p2a: Cacturne|Cacturne, M, shiny|100\/100\n|cant|p1a: Toxapex|par\n|\n|-heal|p1a: Toxapex|49\/100 par|[from] item: Black Sludge\n|upkeep\n|turn|21\n|\n|t:|1701131716\n|move|p2a: Cacturne|Giga Drain|p1a: Toxapex\n|-damage|p1a: Toxapex|20\/100 par\n|move|p1a: Toxapex|Toxic|p2a: Cacturne\n|-status|p2a: Cacturne|tox\n|\n|-heal|p1a: Toxapex|26\/100 par|[from] item: Black Sludge\n|-damage|p2a: Cacturne|94\/100 tox|[from] psn\n|upkeep\n|turn|22\n|\n|t:|1701131725\n|move|p1a: Toxapex|Baneful Bunker|p1a: Toxapex\n|-singleturn|p1a: Toxapex|move: Protect\n|move|p2a: Cacturne|Giga Drain|p1a: Toxapex\n|-activate|p1a: Toxapex|move: Protect\n|\n|-heal|p1a: Toxapex|32\/100 par|[from] item: Black Sludge\n|-damage|p2a: Cacturne|82\/100 tox|[from] psn\n|upkeep\n|turn|23\n|\n|t:|1701131734\n|move|p2a: Cacturne|Giga Drain|p1a: Toxapex\n|-damage|p1a: Toxapex|5\/100 par\n|-heal|p2a: Cacturne|92\/100 tox|[from] drain|[of] p1a: Toxapex\n|cant|p1a: Toxapex|par\n|\n|-heal|p1a: Toxapex|12\/100 par|[from] item: Black Sludge\n|-damage|p2a: Cacturne|74\/100 tox|[from] psn\n|upkeep\n|turn|24\n|\n|t:|1701131744\n|switch|p1a: Dipplin|Dipplin, M|100\/100\n|-ability|p1a: Dipplin|Supersweet Syrup\n|-ability|p1a: Dipplin|Supersweet Syrup|boost\n|-unboost|p2a: Cacturne|evasion|1\n|move|p2a: Cacturne|Giga Drain|p1a: Dipplin\n|-resisted|p1a: Dipplin\n|-damage|p1a: Dipplin|90\/100\n|-heal|p2a: Cacturne|80\/100 tox|[from] drain|[of] p1a: Dipplin\n|\n|-heal|p1a: Dipplin|96\/100|[from] item: Leftovers\n|-damage|p2a: Cacturne|55\/100 tox|[from] psn\n|upkeep\n|turn|25\n|\n|t:|1701131762\n|move|p2a: Cacturne|Dark Pulse|p1a: Dipplin\n|-damage|p1a: Dipplin|51\/100\n|move|p1a: Dipplin|Draco Meteor|p2a: Cacturne\n|-damage|p2a: Cacturne|0 fnt\n|-unboost|p1a: Dipplin|spa|2\n|faint|p2a: Cacturne\n|\n|-heal|p1a: Dipplin|57\/100|[from] item: Leftovers\n|upkeep\n|\n|t:|1701131778\n|switch|p2a: Wo-Chien|Wo-Chien|82\/100 tox\n|-ability|p2a: Wo-Chien|Tablets of Ruin\n|turn|26\n|\n|t:|1701131789\n|move|p1a: Dipplin|Protect|p1a: Dipplin\n|-singleturn|p1a: Dipplin|Protect\n|move|p2a: Wo-Chien|Ruination|p1a: Dipplin\n|-activate|p1a: Dipplin|move: Protect\n|\n|-heal|p1a: Dipplin|63\/100|[from] item: Leftovers\n|-damage|p2a: Wo-Chien|76\/100 tox|[from] psn\n|upkeep\n|turn|27\n|\n|t:|1701131798\n|move|p2a: Wo-Chien|Ruination|p1a: Dipplin\n|-damage|p1a: Dipplin|32\/100\n|move|p1a: Dipplin|Giga Drain|p2a: Wo-Chien\n|-resisted|p2a: Wo-Chien\n|-damage|p2a: Wo-Chien|70\/100 tox\n|-heal|p1a: Dipplin|35\/100|[from] drain|[of] p2a: Wo-Chien\n|\n|-heal|p1a: Dipplin|41\/100|[from] item: Leftovers\n|-damage|p2a: Wo-Chien|57\/100 tox|[from] psn\n|upkeep\n|turn|28\n|\n|t:|1701131809\n|switch|p2a: Golisopod|Golisopod, F, shiny|100\/100\n|move|p1a: Dipplin|Giga Drain|p2a: Golisopod\n|-damage|p2a: Golisopod|89\/100\n|-heal|p1a: Dipplin|48\/100|[from] drain|[of] p2a: Golisopod\n|\n|-heal|p1a: Dipplin|54\/100|[from] item: Leftovers\n|upkeep\n|turn|29\n|\n|t:|1701131824\n|move|p2a: Golisopod|First Impression|p1a: Dipplin\n|-supereffective|p1a: Dipplin\n|-damage|p1a: Dipplin|0 fnt\n|faint|p1a: Dipplin\n|\n|upkeep\n|\n|t:|1701131829\n|switch|p1a: Hatterene|Hatterene, F, shiny|100\/100\n|turn|30\n|\n|t:|1701131833\n|-terastallize|p1a: Hatterene|Fire\n|move|p1a: Hatterene|Mystical Fire|p2a: Golisopod\n|-damage|p2a: Golisopod|45\/100\n|-unboost|p2a: Golisopod|spa|1\n|-activate|p2a: Golisopod|ability: Emergency Exit\n|-damage|p1a: Hatterene|91\/100|[from] item: Life Orb\n|\n|t:|1701131842\n|switch|p2a: Wo-Chien|Wo-Chien|57\/100 tox\n|-ability|p2a: Wo-Chien|Tablets of Ruin\n|\n|-damage|p2a: Wo-Chien|51\/100 tox|[from] psn\n|upkeep\n|turn|31\n|\n|t:|1701131850\n|move|p2a: Wo-Chien|Stun Spore|p1a: Hatterene\n|-status|p1a: Hatterene|par\n|move|p1a: Hatterene|Mystical Fire|p2a: Wo-Chien\n|-supereffective|p2a: Wo-Chien\n|-damage|p2a: Wo-Chien|0 fnt\n|faint|p2a: Wo-Chien\n|-damage|p1a: Hatterene|81\/100 par|[from] item: Life Orb\n|\n|upkeep\n|\n|t:|1701131860\n|switch|p2a: Golisopod|Golisopod, F, shiny|45\/100\n|turn|32\n|\n|t:|1701131868\n|move|p2a: Golisopod|Liquidation|p1a: Hatterene\n|-supereffective|p1a: Hatterene\n|-damage|p1a: Hatterene|0 fnt\n|faint|p1a: Hatterene\n|\n|upkeep\n|\n|t:|1701131873\n|switch|p1a: Toxapex|Toxapex, F, shiny|12\/100 par\n|turn|33\n|\n|t:|1701131879\n|move|p1a: Toxapex|Baneful Bunker|p1a: Toxapex\n|-singleturn|p1a: Toxapex|move: Protect\n|move|p2a: Golisopod|Liquidation|p1a: Toxapex\n|-activate|p1a: Toxapex|move: Protect\n|-status|p2a: Golisopod|psn\n|\n|-heal|p1a: Toxapex|18\/100 par|[from] item: Black Sludge\n|-damage|p2a: Golisopod|32\/100 psn|[from] psn\n|upkeep\n|turn|34\n|\n|t:|1701131890\n|move|p1a: Toxapex|Baneful Bunker|p1a: Toxapex\n|-singleturn|p1a: Toxapex|move: Protect\n|move|p2a: Golisopod|Liquidation|p1a: Toxapex\n|-activate|p1a: Toxapex|move: Protect\n|\n|-heal|p1a: Toxapex|24\/100 par|[from] item: Black Sludge\n|-damage|p2a: Golisopod|20\/100 psn|[from] psn\n|upkeep\n|turn|35\n|\n|t:|1701131901\n|move|p1a: Toxapex|Baneful Bunker||[still]\n|-fail|p1a: Toxapex\n|move|p2a: Golisopod|Liquidation|p1a: Toxapex\n|-resisted|p1a: Toxapex\n|-damage|p1a: Toxapex|8\/100 par\n|\n|-heal|p1a: Toxapex|14\/100 par|[from] item: Black Sludge\n|-damage|p2a: Golisopod|8\/100 psn|[from] psn\n|upkeep\n|turn|36\n|\n|t:|1701131912\n|move|p1a: Toxapex|Baneful Bunker|p1a: Toxapex\n|-singleturn|p1a: Toxapex|move: Protect\n|move|p2a: Golisopod|Liquidation|p1a: Toxapex\n|-activate|p1a: Toxapex|move: Protect\n|\n|-heal|p1a: Toxapex|20\/100 par|[from] item: Black Sludge\n|-damage|p2a: Golisopod|0 fnt|[from] psn\n|faint|p2a: Golisopod\n|\n|win|Roseblood Garden\n|upkeep\n|raw|Roseblood Garden's rating: 1058 &rarr; <strong>1091<\/strong><br \/>(+33 for winning)\n|raw|father_arnau's rating: 1074 &rarr; <strong>1052<\/strong><br \/>(-22 for losing)\n","uploadtime":1701131951,"views":17,"p1id":"rosebloodgarden","p2id":"fatherarnau","formatid":"gen9nationaldex","rating":1052,"private":0,"password":""}