{"id":"gen9nationaldex-1993188121","p1":"Ant_Kid-06","p2":"shinxsimp","format":"[Gen 9] National Dex","log":"|j|\u2606Ant_Kid-06\n|j|\u2606shinxsimp\n|t:|1700275618\n|gametype|singles\n|player|p1|Ant_Kid-06|170|1000\n|player|p2|shinxsimp|silver-masters|1060\n|teamsize|p1|6\n|teamsize|p2|6\n|gen|9\n|tier|[Gen 9] National Dex\n|rated|\n|rule|HP Percentage Mod: HP is shown in percentages\n|rule|Endless Battle Clause: Forcing endless battles is banned\n|rule|OHKO Clause: OHKO moves are banned\n|rule|Evasion Clause: Evasion abilities, items, and moves are banned\n|rule|Evasion Abilities Clause: Evasion abilities are banned\n|rule|Evasion Items Clause: Evasion items are banned\n|rule|Evasion Moves Clause: Evasion moves are banned\n|rule|Species Clause: Limit one of each Pok\u00e9mon\n|rule|Sleep Clause Mod: Limit one foe put to sleep\n|clearpoke\n|poke|p1|Greninja-*, M|\n|poke|p1|Sneasler, M|\n|poke|p1|Ogerpon-Wellspring, F|\n|poke|p1|Aerodactyl, M|\n|poke|p1|Glimmora, F|\n|poke|p1|Xurkitree|\n|poke|p2|Iron Leaves|\n|poke|p2|Charizard, M|\n|poke|p2|Okidogi, M|\n|poke|p2|Lurantis, M|\n|poke|p2|Glimmora, M|\n|poke|p2|Garganacl, F|\n|teampreview\n|inactive|Battle timer is ON: inactive players will automatically lose when time's up. (requested by Ant_Kid-06)\n|\n|t:|1700275626\n|start\n|switch|p1a: Xurkitree|Xurkitree|100\/100\n|switch|p2a: Glimmora|Glimmora, M|100\/100\n|turn|1\n|\n|t:|1700275634\n|move|p2a: Glimmora|Earth Power|p1a: Xurkitree\n|-supereffective|p1a: Xurkitree\n|-damage|p1a: Xurkitree|13\/100\n|-zpower|p1a: Xurkitree\n|move|p1a: Xurkitree|Z-Hypnosis|p2a: Glimmora|[anim]Hypnosis\n|-boost|p1a: Xurkitree|spe|1|[zeffect]\n|-status|p2a: Glimmora|slp|[from] move: Hypnosis\n|\n|upkeep\n|turn|2\n|\n|t:|1700275644\n|move|p1a: Xurkitree|Tail Glow|p1a: Xurkitree\n|-boost|p1a: Xurkitree|spa|3\n|cant|p2a: Glimmora|slp\n|\n|upkeep\n|turn|3\n|\n|t:|1700275650\n|move|p1a: Xurkitree|Energy Ball|p2a: Glimmora\n|-enditem|p2a: Glimmora|Focus Sash\n|-damage|p2a: Glimmora|1\/100 slp\n|cant|p2a: Glimmora|slp\n|\n|upkeep\n|turn|4\n|\n|t:|1700275657\n|move|p1a: Xurkitree|Energy Ball|p2a: Glimmora\n|-damage|p2a: Glimmora|0 fnt\n|faint|p2a: Glimmora\n|-ability|p1a: Xurkitree|Beast Boost|boost\n|-boost|p1a: Xurkitree|spa|1\n|\n|upkeep\n|\n|t:|1700275663\n|switch|p2a: Lurantis|Lurantis, M|100\/100\n|turn|5\n|\n|t:|1700275670\n|move|p1a: Xurkitree|Hypnosis|p2a: Lurantis\n|-status|p2a: Lurantis|slp|[from] move: Hypnosis\n|cant|p2a: Lurantis|slp\n|\n|upkeep\n|turn|6\n|\n|t:|1700275688\n|move|p1a: Xurkitree|Thunderbolt|p2a: Lurantis\n|-resisted|p2a: Lurantis\n|-damage|p2a: Lurantis|5\/100 slp\n|-curestatus|p2a: Lurantis|slp|[msg]\n|move|p2a: Lurantis|Leech Life|p1a: Xurkitree\n|-damage|p1a: Xurkitree|0 fnt\n|-heal|p2a: Lurantis|11\/100|[from] drain|[of] p1a: Xurkitree\n|faint|p1a: Xurkitree\n|\n|upkeep\n|\n|t:|1700275691\n|switch|p1a: Sneasler|Sneasler, M|100\/100\n|turn|7\n|\n|t:|1700275699\n|move|p1a: Sneasler|Fake Out|p2a: Lurantis\n|-damage|p2a: Lurantis|0 fnt\n|faint|p2a: Lurantis\n|\n|upkeep\n|\n|t:|1700275704\n|switch|p2a: Charizard|Charizard, M|100\/100\n|turn|8\n|\n|t:|1700275708\n|detailschange|p2a: Charizard|Charizard-Mega-X, M\n|-mega|p2a: Charizard|Charizard|Charizardite X\n|move|p1a: Sneasler|Dire Claw|p2a: Charizard\n|-damage|p2a: Charizard|54\/100\n|-status|p2a: Charizard|par\n|move|p2a: Charizard|Flare Blitz|p1a: Sneasler\n|-enditem|p1a: Sneasler|Focus Sash\n|-damage|p1a: Sneasler|1\/100\n|-damage|p2a: Charizard|20\/100 par|[from] Recoil\n|\n|upkeep\n|turn|9\n|\n|t:|1700275722\n|move|p1a: Sneasler|Dire Claw|p2a: Charizard\n|-damage|p2a: Charizard|0 fnt\n|faint|p2a: Charizard\n|\n|upkeep\n|\n|t:|1700275727\n|switch|p2a: Okidogi|Okidogi, M|100\/100\n|turn|10\n|\n|t:|1700275730\n|move|p1a: Sneasler|Dire Claw|p2a: Okidogi\n|-resisted|p2a: Okidogi\n|-damage|p2a: Okidogi|84\/100\n|-status|p2a: Okidogi|slp\n|cant|p2a: Okidogi|slp\n|\n|upkeep\n|turn|11\n|\n|t:|1700275738\n|move|p1a: Sneasler|Acrobatics|p2a: Okidogi\n|-supereffective|p2a: Okidogi\n|-damage|p2a: Okidogi|20\/100 slp\n|-curestatus|p2a: Okidogi|slp|[msg]\n|move|p2a: Okidogi|Knock Off|p1a: Sneasler\n|-resisted|p1a: Sneasler\n|-damage|p1a: Sneasler|0 fnt\n|faint|p1a: Sneasler\n|\n|upkeep\n|\n|t:|1700275743\n|switch|p1a: Ogerpon|Ogerpon-Wellspring, F|100\/100\n|turn|12\n|\n|t:|1700275749\n|move|p1a: Ogerpon|Stomping Tantrum|p2a: Okidogi\n|-supereffective|p2a: Okidogi\n|-damage|p2a: Okidogi|0 fnt\n|faint|p2a: Okidogi\n|\n|upkeep\n|\n|t:|1700275754\n|switch|p2a: Iron Leaves|Iron Leaves|100\/100\n|-enditem|p2a: Iron Leaves|Booster Energy\n|-activate|p2a: Iron Leaves|ability: Quark Drive|[fromitem]\n|-start|p2a: Iron Leaves|quarkdriveatk\n|turn|13\n|\n|t:|1700275762\n|move|p1a: Ogerpon|Horn Leech|p2a: Iron Leaves\n|-resisted|p2a: Iron Leaves\n|-damage|p2a: Iron Leaves|73\/100\n|move|p2a: Iron Leaves|Swords Dance|p2a: Iron Leaves\n|-boost|p2a: Iron Leaves|atk|2\n|\n|upkeep\n|turn|14\n|\n|t:|1700275769\n|move|p1a: Ogerpon|Horn Leech|p2a: Iron Leaves\n|-resisted|p2a: Iron Leaves\n|-damage|p2a: Iron Leaves|44\/100\n|move|p2a: Iron Leaves|Trailblaze|p1a: Ogerpon\n|-damage|p1a: Ogerpon|4\/100\n|-boost|p2a: Iron Leaves|spe|1\n|\n|upkeep\n|turn|15\n|\n|t:|1700275778\n|move|p2a: Iron Leaves|Trailblaze|p1a: Ogerpon\n|-damage|p1a: Ogerpon|0 fnt\n|-boost|p2a: Iron Leaves|spe|1\n|faint|p1a: Ogerpon\n|\n|upkeep\n|\n|t:|1700275783\n|switch|p1a: Aerodactyl|Aerodactyl, M|100\/100\n|turn|16\n|\n|t:|1700275789\n|detailschange|p1a: Aerodactyl|Aerodactyl-Mega, M\n|-mega|p1a: Aerodactyl|Aerodactyl|Aerodactylite\n|move|p2a: Iron Leaves|Psyblade|p1a: Aerodactyl\n|-damage|p1a: Aerodactyl|0 fnt\n|faint|p1a: Aerodactyl\n|\n|upkeep\n|\n|t:|1700275793\n|switch|p1a: Glimmora|Glimmora, F|100\/100\n|-item|p1a: Glimmora|Air Balloon\n|turn|17\n|\n|t:|1700275797\n|move|p2a: Iron Leaves|Psyblade|p1a: Glimmora\n|-supereffective|p1a: Glimmora\n|-damage|p1a: Glimmora|0 fnt\n|-activate|p1a: Glimmora|ability: Toxic Debris\n|-sidestart|p2: shinxsimp|move: Toxic Spikes\n|-enditem|p1a: Glimmora|Air Balloon\n|faint|p1a: Glimmora\n|\n|upkeep\n|\n|t:|1700275800\n|switch|p1a: Greninja|Greninja, M|100\/100\n|turn|18\n|\n|t:|1700275806\n|move|p2a: Iron Leaves|Trailblaze|p1a: Greninja\n|-supereffective|p1a: Greninja\n|-enditem|p1a: Greninja|Focus Sash\n|-damage|p1a: Greninja|1\/100\n|-boost|p2a: Iron Leaves|spe|1\n|move|p1a: Greninja|Ice Beam|p2a: Iron Leaves\n|-supereffective|p2a: Iron Leaves\n|-damage|p2a: Iron Leaves|0 fnt\n|faint|p2a: Iron Leaves\n|-end|p2a: Iron Leaves|Quark Drive|[silent]\n|-ability|p1a: Greninja|Battle Bond|boost\n|-boost|p1a: Greninja|atk|1\n|-boost|p1a: Greninja|spa|1\n|-boost|p1a: Greninja|spe|1\n|-activate|p1a: Greninja|ability: Battle Bond\n|\n|upkeep\n|c|\u2606shinxsimp|gg\n|c|\u2606Ant_Kid-06|ggs\n|\n|t:|1700275820\n|switch|p2a: Garganacl|Garganacl, F|100\/100\n|turn|19\n|\n|t:|1700275828\n|-terastallize|p1a: Greninja|Water\n|move|p1a: Greninja|Surf|p2a: Garganacl\n|-supereffective|p2a: Garganacl\n|-damage|p2a: Garganacl|0 fnt\n|faint|p2a: Garganacl\n|\n|win|Ant_Kid-06\n|raw|Ant_Kid-06's rating: 1000 &rarr; <strong>1047<\/strong><br \/>(+47 for winning)\n|raw|shinxsimp's rating: 1060 &rarr; <strong>1038<\/strong><br \/>(-22 for losing)\n|l|\u2606shinxsimp\n","uploadtime":1700275836,"views":6,"p1id":"antkid06","p2id":"shinxsimp","formatid":"gen9nationaldex","rating":1038,"private":0,"password":""}