{"id":"gen9nationaldex-1997748179","p1":"SupaSeimen","p2":"CHI balance builds","format":"[Gen 9] National Dex","log":"|html|<div class=\"broadcast-blue\"><strong>[Gen 9] National Dex is currently suspecting Sneasler! For information on how to participate check out the <a href=\"https:\/\/www.smogon.com\/forums\/threads\/sv-national-dex-suspect-8-just-dance.3731534\/\">suspect thread<\/a>.<\/strong><\/div>\n|j|\u2606SupaSeimen\n|j|\u2606CHI balance builds\n|t:|1700848469\n|gametype|singles\n|player|p1|SupaSeimen|palmer|1453\n|player|p2|CHI balance builds|ariana|1596\n|teamsize|p1|6\n|teamsize|p2|6\n|gen|9\n|tier|[Gen 9] National Dex\n|rated|\n|rule|HP Percentage Mod: HP is shown in percentages\n|rule|Endless Battle Clause: Forcing endless battles is banned\n|rule|OHKO Clause: OHKO moves are banned\n|rule|Evasion Clause: Evasion abilities, items, and moves are banned\n|rule|Evasion Abilities Clause: Evasion abilities are banned\n|rule|Evasion Items Clause: Evasion items are banned\n|rule|Evasion Moves Clause: Evasion moves are banned\n|rule|Species Clause: Limit one of each Pok\u00e9mon\n|rule|Sleep Clause Mod: Limit one foe put to sleep\n|clearpoke\n|poke|p1|Clodsire, M|\n|poke|p1|Toxapex, F|\n|poke|p1|Ferrothorn, F|\n|poke|p1|Gliscor, M|\n|poke|p1|Urshifu-*, F|\n|poke|p1|Blacephalon|\n|poke|p2|Scizor, F|\n|poke|p2|Garchomp, F|\n|poke|p2|Zeraora|\n|poke|p2|Skeledirge, F|\n|poke|p2|Slowking-Galar, F|\n|poke|p2|Samurott-Hisui, F|\n|teampreview\n|inactive|Battle timer is ON: inactive players will automatically lose when time's up. (requested by SupaSeimen)\n|\n|t:|1700848489\n|start\n|switch|p1a: Urshifu|Urshifu-Rapid-Strike, F|100\/100\n|switch|p2a: Zeraora|Zeraora|100\/100\n|turn|1\n|\n|t:|1700848498\n|switch|p1a: Clodsire|Clodsire, M|100\/100\n|move|p2a: Zeraora|Hidden Power|p1a: Clodsire\n|-supereffective|p1a: Clodsire\n|-damage|p1a: Clodsire|82\/100\n|\n|upkeep\n|turn|2\n|\n|t:|1700848510\n|switch|p2a: Slowking|Slowking-Galar, F|100\/100\n|move|p1a: Clodsire|Toxic|p2a: Slowking\n|-immune|p2a: Slowking\n|\n|upkeep\n|turn|3\n|\n|t:|1700848516\n|move|p2a: Slowking|Future Sight|p1a: Clodsire\n|-start|p2a: Slowking|move: Future Sight\n|move|p1a: Clodsire|Earthquake|p2a: Slowking\n|-supereffective|p2a: Slowking\n|-damage|p2a: Slowking|45\/100\n|\n|upkeep\n|turn|4\n|\n|t:|1700848523\n|switch|p2a: Scizor|Scizor, F|100\/100\n|move|p1a: Clodsire|Earthquake|p2a: Scizor\n|-damage|p2a: Scizor|80\/100\n|\n|upkeep\n|turn|5\n|\n|t:|1700848531\n|switch|p1a: Ferrothorn|Ferrothorn, F|100\/100\n|detailschange|p2a: Scizor|Scizor-Mega, F\n|-mega|p2a: Scizor|Scizor|Scizorite\n|move|p2a: Scizor|U-turn|p1a: Ferrothorn\n|-damage|p1a: Ferrothorn|80\/100\n|-damage|p2a: Scizor|68\/100|[from] ability: Iron Barbs|[of] p1a: Ferrothorn\n|\n|t:|1700848539\n|switch|p2a: Skeledirge|Skeledirge, F|100\/100|[from] U-turn\n|\n|-end|p1a: Ferrothorn|move: Future Sight\n|-resisted|p1a: Ferrothorn\n|-damage|p1a: Ferrothorn|60\/100\n|-heal|p1a: Ferrothorn|66\/100|[from] item: Leftovers\n|upkeep\n|turn|6\n|\n|t:|1700848549\n|switch|p1a: Toxapex|Toxapex, F|100\/100\n|move|p2a: Skeledirge|Will-O-Wisp|p1a: Toxapex\n|-status|p1a: Toxapex|brn\n|\n|-damage|p1a: Toxapex|94\/100 brn|[from] brn\n|upkeep\n|turn|7\n|\n|t:|1700848558\n|switch|p2a: Slowking|Slowking-Galar, F|79\/100\n|move|p1a: Toxapex|Scald|p2a: Slowking\n|-damage|p2a: Slowking|69\/100\n|\n|-heal|p1a: Toxapex|100\/100 brn|[from] item: Leftovers\n|-damage|p1a: Toxapex|94\/100 brn|[from] brn\n|upkeep\n|turn|8\n|\n|t:|1700848568\n|switch|p1a: Clodsire|Clodsire, M|82\/100\n|move|p2a: Slowking|Future Sight|p1a: Clodsire\n|-start|p2a: Slowking|move: Future Sight\n|\n|upkeep\n|turn|9\n|\n|t:|1700848575\n|switch|p2a: Scizor|Scizor-Mega, F|68\/100\n|move|p1a: Clodsire|Earthquake|p2a: Scizor\n|-damage|p2a: Scizor|52\/100\n|\n|upkeep\n|turn|10\n|\n|t:|1700848581\n|switch|p1a: Ferrothorn|Ferrothorn, F|66\/100\n|move|p2a: Scizor|Roost|p2a: Scizor\n|-heal|p2a: Scizor|100\/100\n|-singleturn|p2a: Scizor|move: Roost\n|\n|-end|p1a: Ferrothorn|move: Future Sight\n|-resisted|p1a: Ferrothorn\n|-damage|p1a: Ferrothorn|49\/100\n|-heal|p1a: Ferrothorn|55\/100|[from] item: Leftovers\n|upkeep\n|turn|11\n|\n|t:|1700848594\n|switch|p2a: Zeraora|Zeraora|100\/100\n|move|p1a: Ferrothorn|Leech Seed|p2a: Zeraora\n|-start|p2a: Zeraora|move: Leech Seed\n|\n|-heal|p1a: Ferrothorn|61\/100|[from] item: Leftovers\n|-damage|p2a: Zeraora|88\/100|[from] Leech Seed|[of] p1a: Ferrothorn\n|-heal|p1a: Ferrothorn|72\/100|[silent]\n|upkeep\n|turn|12\n|\n|t:|1700848603\n|switch|p2a: Skeledirge|Skeledirge, F|100\/100\n|move|p1a: Ferrothorn|Spikes|p2a: Skeledirge\n|-sidestart|p2: CHI balance builds|Spikes\n|\n|-heal|p1a: Ferrothorn|78\/100|[from] item: Leftovers\n|upkeep\n|turn|13\n|\n|t:|1700848614\n|switch|p1a: Toxapex|Toxapex, F|100\/100 brn\n|move|p2a: Skeledirge|Will-O-Wisp|p1a: Toxapex\n|-fail|p1a: Toxapex|brn\n|\n|-damage|p1a: Toxapex|94\/100 brn|[from] brn\n|upkeep\n|turn|14\n|\n|t:|1700848623\n|move|p2a: Skeledirge|Shadow Ball|p1a: Toxapex\n|-damage|p1a: Toxapex|76\/100 brn\n|move|p1a: Toxapex|Scald|p2a: Skeledirge\n|-supereffective|p2a: Skeledirge\n|-damage|p2a: Skeledirge|66\/100\n|\n|-heal|p1a: Toxapex|82\/100 brn|[from] item: Leftovers\n|-damage|p1a: Toxapex|76\/100 brn|[from] brn\n|upkeep\n|turn|15\n|\n|t:|1700848633\n|switch|p2a: Slowking|Slowking-Galar, F|100\/100\n|move|p1a: Toxapex|Scald|p2a: Slowking\n|-damage|p2a: Slowking|90\/100\n|\n|-heal|p1a: Toxapex|82\/100 brn|[from] item: Leftovers\n|-damage|p1a: Toxapex|76\/100 brn|[from] brn\n|upkeep\n|turn|16\n|\n|t:|1700848643\n|move|p1a: Toxapex|Scald|p2a: Slowking\n|-damage|p2a: Slowking|80\/100\n|move|p2a: Slowking|Future Sight|p1a: Toxapex\n|-start|p2a: Slowking|move: Future Sight\n|\n|-heal|p1a: Toxapex|82\/100 brn|[from] item: Leftovers\n|-damage|p1a: Toxapex|76\/100 brn|[from] brn\n|upkeep\n|turn|17\n|\n|t:|1700848651\n|move|p1a: Toxapex|Scald|p2a: Slowking\n|-damage|p2a: Slowking|70\/100\n|-status|p2a: Slowking|brn\n|move|p2a: Slowking|Flamethrower|p1a: Toxapex\n|-resisted|p1a: Toxapex\n|-damage|p1a: Toxapex|69\/100 brn\n|\n|-heal|p1a: Toxapex|75\/100 brn|[from] item: Leftovers\n|-damage|p1a: Toxapex|69\/100 brn|[from] brn\n|-damage|p2a: Slowking|63\/100 brn|[from] brn\n|upkeep\n|turn|18\n|\n|t:|1700848664\n|switch|p1a: Blacephalon|Blacephalon|100\/100\n|move|p2a: Slowking|Flamethrower|p1a: Blacephalon\n|-resisted|p1a: Blacephalon\n|-crit|p1a: Blacephalon\n|-damage|p1a: Blacephalon|73\/100\n|\n|-end|p1a: Blacephalon|move: Future Sight\n|-damage|p1a: Blacephalon|0 fnt\n|faint|p1a: Blacephalon\n|-damage|p2a: Slowking|57\/100 brn|[from] brn\n|upkeep\n|\n|t:|1700848680\n|switch|p1a: Gliscor|Gliscor, M|100\/100\n|turn|19\n|\n|t:|1700848684\n|switch|p2a: Scizor|Scizor-Mega, F|100\/100\n|-damage|p2a: Scizor|88\/100|[from] Spikes\n|move|p1a: Gliscor|Earthquake|p2a: Scizor\n|-damage|p2a: Scizor|70\/100\n|\n|-status|p1a: Gliscor|tox|[from] item: Toxic Orb\n|upkeep\n|turn|20\n|\n|t:|1700848694\n|move|p1a: Gliscor|Curse|p1a: Gliscor\n|-unboost|p1a: Gliscor|spe|1\n|-boost|p1a: Gliscor|atk|1\n|-boost|p1a: Gliscor|def|1\n|move|p2a: Scizor|Defog|p1a: Gliscor\n|-unboost|p1a: Gliscor|evasion|1\n|-sideend|p2: CHI balance builds|Spikes|[from] move: Defog|[of] p2a: Scizor\n|\n|upkeep\n|turn|21\n|\n|t:|1700848702\n|move|p2a: Scizor|U-turn|p1a: Gliscor\n|-resisted|p1a: Gliscor\n|-damage|p1a: Gliscor|93\/100 tox\n|\n|t:|1700848706\n|switch|p2a: Skeledirge|Skeledirge, F|66\/100|[from] U-turn\n|move|p1a: Gliscor|Earthquake|p2a: Skeledirge\n|-supereffective|p2a: Skeledirge\n|-damage|p2a: Skeledirge|29\/100\n|\n|-heal|p1a: Gliscor|100\/100 tox|[from] ability: Poison Heal\n|upkeep\n|turn|22\n|\n|t:|1700848722\n|-terastallize|p2a: Skeledirge|Water\n|move|p2a: Skeledirge|Slack Off|p2a: Skeledirge\n|-heal|p2a: Skeledirge|79\/100\n|move|p1a: Gliscor|Earthquake|p2a: Skeledirge\n|-damage|p2a: Skeledirge|57\/100\n|\n|upkeep\n|turn|23\n|\n|t:|1700848730\n|move|p2a: Skeledirge|Slack Off|p2a: Skeledirge\n|-heal|p2a: Skeledirge|100\/100\n|move|p1a: Gliscor|Curse|p1a: Gliscor\n|-unboost|p1a: Gliscor|spe|1\n|-boost|p1a: Gliscor|atk|1\n|-boost|p1a: Gliscor|def|1\n|\n|upkeep\n|turn|24\n|\n|t:|1700848741\n|move|p2a: Skeledirge|Torch Song|p1a: Gliscor\n|-crit|p1a: Gliscor\n|-damage|p1a: Gliscor|46\/100 tox\n|-boost|p2a: Skeledirge|spa|1\n|move|p1a: Gliscor|Earthquake|p2a: Skeledirge\n|-damage|p2a: Skeledirge|80\/100\n|\n|-heal|p1a: Gliscor|58\/100 tox|[from] ability: Poison Heal\n|upkeep\n|turn|25\n|\n|t:|1700848759\n|switch|p1a: Clodsire|Clodsire, M|82\/100\n|move|p2a: Skeledirge|Torch Song|p1a: Clodsire\n|-damage|p1a: Clodsire|67\/100\n|-boost|p2a: Skeledirge|spa|1\n|\n|upkeep\n|turn|26\n|\n|t:|1700848767\n|switch|p2a: Slowking|Slowking-Galar, F|91\/100 brn\n|move|p1a: Clodsire|Recover|p1a: Clodsire\n|-heal|p1a: Clodsire|100\/100\n|\n|-damage|p2a: Slowking|84\/100 brn|[from] brn\n|upkeep\n|turn|27\n|\n|t:|1700848776\n|switch|p2a: Scizor|Scizor-Mega, F|70\/100\n|move|p1a: Clodsire|Earthquake|p2a: Scizor\n|-damage|p2a: Scizor|52\/100\n|\n|upkeep\n|turn|28\n|\n|t:|1700848783\n|switch|p1a: Ferrothorn|Ferrothorn, F|78\/100\n|move|p2a: Scizor|Roost|p2a: Scizor\n|-heal|p2a: Scizor|100\/100\n|-singleturn|p2a: Scizor|move: Roost\n|\n|-heal|p1a: Ferrothorn|85\/100|[from] item: Leftovers\n|upkeep\n|turn|29\n|\n|t:|1700848794\n|switch|p2a: Slowking|Slowking-Galar, F|100\/100 brn\n|move|p1a: Ferrothorn|Spikes|p2a: Slowking\n|-sidestart|p2: CHI balance builds|Spikes\n|\n|-heal|p1a: Ferrothorn|91\/100|[from] item: Leftovers\n|-damage|p2a: Slowking|94\/100 brn|[from] brn\n|upkeep\n|turn|30\n|\n|t:|1700848802\n|move|p2a: Slowking|Future Sight|p1a: Ferrothorn\n|-start|p2a: Slowking|move: Future Sight\n|move|p1a: Ferrothorn|Spikes|p2a: Slowking\n|-sidestart|p2: CHI balance builds|Spikes\n|\n|-heal|p1a: Ferrothorn|97\/100|[from] item: Leftovers\n|-damage|p2a: Slowking|88\/100 brn|[from] brn\n|upkeep\n|turn|31\n|\n|t:|1700848814\n|move|p2a: Slowking|Flamethrower|p1a: Ferrothorn\n|-supereffective|p1a: Ferrothorn\n|-damage|p1a: Ferrothorn|15\/100\n|move|p1a: Ferrothorn|Leech Seed|p2a: Slowking\n|-start|p2a: Slowking|move: Leech Seed\n|\n|-heal|p1a: Ferrothorn|22\/100|[from] item: Leftovers\n|-damage|p2a: Slowking|76\/100 brn|[from] Leech Seed|[of] p1a: Ferrothorn\n|-heal|p1a: Ferrothorn|35\/100|[silent]\n|-damage|p2a: Slowking|70\/100 brn|[from] brn\n|upkeep\n|turn|32\n|\n|t:|1700848831\n|switch|p1a: Toxapex|Toxapex, F|100\/100 brn\n|move|p2a: Slowking|Chilly Reception|p2a: Slowking\n|-weather|Snow\n|\n|t:|1700848841\n|switch|p2a: Scizor|Scizor-Mega, F|100\/100|[from] Chilly Reception\n|-damage|p2a: Scizor|84\/100|[from] Spikes\n|\n|-weather|Snow|[upkeep]\n|-end|p1a: Toxapex|move: Future Sight\n|-supereffective|p1a: Toxapex\n|-damage|p1a: Toxapex|49\/100 brn\n|-heal|p1a: Toxapex|55\/100 brn|[from] item: Leftovers\n|-damage|p1a: Toxapex|49\/100 brn|[from] brn\n|upkeep\n|turn|33\n|\n|t:|1700848857\n|switch|p1a: Gliscor|Gliscor, M|58\/100 tox\n|move|p2a: Scizor|U-turn|p1a: Gliscor\n|-resisted|p1a: Gliscor\n|-damage|p1a: Gliscor|47\/100 tox\n|\n|t:|1700848865\n|switch|p2a: Samurott|Samurott-Hisui, F|100\/100|[from] U-turn\n|-damage|p2a: Samurott|84\/100|[from] Spikes\n|\n|-weather|Snow|[upkeep]\n|-heal|p1a: Gliscor|60\/100 tox|[from] ability: Poison Heal\n|upkeep\n|turn|34\n|\n|t:|1700848884\n|-terastallize|p1a: Gliscor|Water\n|move|p2a: Samurott|Ceaseless Edge|p1a: Gliscor\n|-damage|p1a: Gliscor|32\/100 tox\n|-sidestart|p1: SupaSeimen|Spikes\n|move|p1a: Gliscor|Roost|p1a: Gliscor\n|-heal|p1a: Gliscor|82\/100 tox\n|\n|-weather|Snow|[upkeep]\n|-heal|p1a: Gliscor|95\/100 tox|[from] ability: Poison Heal\n|upkeep\n|turn|35\n|\n|t:|1700848896\n|switch|p2a: Zeraora|Zeraora|88\/100\n|-damage|p2a: Zeraora|72\/100|[from] Spikes\n|move|p1a: Gliscor|Curse|p1a: Gliscor\n|-unboost|p1a: Gliscor|spe|1\n|-boost|p1a: Gliscor|atk|1\n|-boost|p1a: Gliscor|def|1\n|\n|-weather|Snow|[upkeep]\n|-heal|p1a: Gliscor|100\/100 tox|[from] ability: Poison Heal\n|upkeep\n|turn|36\n|\n|t:|1700848908\n|move|p2a: Zeraora|Volt Switch|p1a: Gliscor\n|-supereffective|p1a: Gliscor\n|-damage|p1a: Gliscor|33\/100 tox\n|\n|t:|1700848910\n|switch|p2a: Skeledirge|Skeledirge, F, tera:Water|80\/100|[from] Volt Switch\n|move|p1a: Gliscor|Earthquake|p2a: Skeledirge\n|-damage|p2a: Skeledirge|60\/100\n|\n|-weather|none\n|-heal|p1a: Gliscor|46\/100 tox|[from] ability: Poison Heal\n|upkeep\n|turn|37\n|\n|t:|1700848920\n|move|p2a: Skeledirge|Torch Song|p1a: Gliscor\n|-resisted|p1a: Gliscor\n|-damage|p1a: Gliscor|29\/100 tox\n|-boost|p2a: Skeledirge|spa|1\n|move|p1a: Gliscor|Roost|p1a: Gliscor\n|-heal|p1a: Gliscor|79\/100 tox\n|\n|-heal|p1a: Gliscor|91\/100 tox|[from] ability: Poison Heal\n|upkeep\n|turn|38\n|\n|t:|1700848932\n|switch|p1a: Clodsire|Clodsire, M|100\/100\n|move|p2a: Skeledirge|Shadow Ball|p1a: Clodsire\n|-damage|p1a: Clodsire|84\/100\n|-unboost|p1a: Clodsire|spd|1\n|\n|upkeep\n|turn|39\n|\n|t:|1700848944\n|move|p2a: Skeledirge|Will-O-Wisp|p1a: Clodsire\n|-status|p1a: Clodsire|brn\n|move|p1a: Clodsire|Toxic|p2a: Skeledirge\n|-status|p2a: Skeledirge|tox\n|\n|-damage|p2a: Skeledirge|54\/100 tox|[from] psn\n|-damage|p1a: Clodsire|78\/100 brn|[from] brn\n|upkeep\n|turn|40\n|\n|t:|1700848956\n|move|p2a: Skeledirge|Torch Song|p1a: Clodsire\n|-damage|p1a: Clodsire|61\/100 brn\n|-boost|p2a: Skeledirge|spa|1\n|move|p1a: Clodsire|Haze|p1a: Clodsire\n|-clearallboost\n|\n|-damage|p2a: Skeledirge|42\/100 tox|[from] psn\n|-damage|p1a: Clodsire|55\/100 brn|[from] brn\n|upkeep\n|turn|41\n|\n|t:|1700848967\n|move|p2a: Skeledirge|Slack Off|p2a: Skeledirge\n|-heal|p2a: Skeledirge|92\/100 tox\n|move|p1a: Clodsire|Recover|p1a: Clodsire\n|-heal|p1a: Clodsire|100\/100 brn\n|\n|-damage|p2a: Skeledirge|74\/100 tox|[from] psn\n|-damage|p1a: Clodsire|94\/100 brn|[from] brn\n|upkeep\n|turn|42\n|\n|t:|1700848977\n|switch|p2a: Slowking|Slowking-Galar, F|100\/100 brn\n|move|p1a: Clodsire|Earthquake|p2a: Slowking\n|-supereffective|p2a: Slowking\n|-damage|p2a: Slowking|71\/100 brn\n|\n|-damage|p2a: Slowking|65\/100 brn|[from] brn\n|-damage|p1a: Clodsire|88\/100 brn|[from] brn\n|upkeep\n|turn|43\n|\n|t:|1700848986\n|move|p2a: Slowking|Chilly Reception|p2a: Slowking\n|-weather|Snow\n|\n|t:|1700848992\n|switch|p2a: Scizor|Scizor-Mega, F|84\/100|[from] Chilly Reception\n|-damage|p2a: Scizor|67\/100|[from] Spikes\n|move|p1a: Clodsire|Earthquake|p2a: Scizor\n|-damage|p2a: Scizor|60\/100\n|\n|-weather|Snow|[upkeep]\n|-damage|p1a: Clodsire|82\/100 brn|[from] brn\n|upkeep\n|turn|44\n|\n|t:|1700849015\n|switch|p1a: Gliscor|Gliscor, M, tera:Water|91\/100 tox\n|-damage|p1a: Gliscor|79\/100 tox|[from] Spikes\n|move|p2a: Scizor|Bullet Punch|p1a: Gliscor\n|-resisted|p1a: Gliscor\n|-damage|p1a: Gliscor|70\/100 tox\n|\n|-weather|Snow|[upkeep]\n|-heal|p1a: Gliscor|83\/100 tox|[from] ability: Poison Heal\n|upkeep\n|turn|45\n|\n|t:|1700849025\n|move|p1a: Gliscor|Curse|p1a: Gliscor\n|-unboost|p1a: Gliscor|spe|1\n|-boost|p1a: Gliscor|atk|1\n|-boost|p1a: Gliscor|def|1\n|move|p2a: Scizor|Defog|p1a: Gliscor\n|-unboost|p1a: Gliscor|evasion|1\n|-sideend|p1: SupaSeimen|Spikes|[from] move: Defog|[of] p2a: Scizor\n|-sideend|p2: CHI balance builds|Spikes|[from] move: Defog|[of] p2a: Scizor\n|\n|-weather|Snow|[upkeep]\n|-heal|p1a: Gliscor|95\/100 tox|[from] ability: Poison Heal\n|upkeep\n|turn|46\n|\n|t:|1700849036\n|move|p2a: Scizor|U-turn|p1a: Gliscor\n|-damage|p1a: Gliscor|81\/100 tox\n|\n|t:|1700849037\n|switch|p2a: Skeledirge|Skeledirge, F, tera:Water|74\/100 tox|[from] U-turn\n|move|p1a: Gliscor|Curse|p1a: Gliscor\n|-unboost|p1a: Gliscor|spe|1\n|-boost|p1a: Gliscor|atk|1\n|-boost|p1a: Gliscor|def|1\n|\n|-weather|Snow|[upkeep]\n|-damage|p2a: Skeledirge|68\/100 tox|[from] psn\n|-heal|p1a: Gliscor|94\/100 tox|[from] ability: Poison Heal\n|upkeep\n|turn|47\n|\n|t:|1700849049\n|move|p2a: Skeledirge|Torch Song|p1a: Gliscor\n|-resisted|p1a: Gliscor\n|-damage|p1a: Gliscor|76\/100 tox\n|-boost|p2a: Skeledirge|spa|1\n|move|p1a: Gliscor|Curse|p1a: Gliscor\n|-unboost|p1a: Gliscor|spe|1\n|-boost|p1a: Gliscor|atk|1\n|-boost|p1a: Gliscor|def|1\n|\n|-weather|none\n|-damage|p2a: Skeledirge|56\/100 tox|[from] psn\n|-heal|p1a: Gliscor|89\/100 tox|[from] ability: Poison Heal\n|upkeep\n|turn|48\n|\n|t:|1700849062\n|move|p2a: Skeledirge|Shadow Ball|p1a: Gliscor\n|-crit|p1a: Gliscor\n|-damage|p1a: Gliscor|4\/100 tox\n|move|p1a: Gliscor|Dual Wingbeat|p2a: Skeledirge\n|-damage|p2a: Skeledirge|48\/100 tox\n|-damage|p2a: Skeledirge|40\/100 tox\n|-hitcount|p2a: Skeledirge|2\n|\n|-damage|p2a: Skeledirge|22\/100 tox|[from] psn\n|-heal|p1a: Gliscor|17\/100 tox|[from] ability: Poison Heal\n|upkeep\n|turn|49\n|\n|t:|1700849082\n|switch|p1a: Clodsire|Clodsire, M|82\/100 brn\n|move|p2a: Skeledirge|Slack Off|p2a: Skeledirge\n|-heal|p2a: Skeledirge|72\/100 tox\n|\n|-damage|p2a: Skeledirge|48\/100 tox|[from] psn\n|-damage|p1a: Clodsire|75\/100 brn|[from] brn\n|upkeep\n|turn|50\n|\n|t:|1700849102\n|switch|p2a: Garchomp|Garchomp, F|100\/100\n|switch|p1a: Gliscor|Gliscor, M, tera:Water|17\/100 tox\n|\n|-heal|p1a: Gliscor|29\/100 tox|[from] ability: Poison Heal\n|upkeep\n|turn|51\n|inactive|SupaSeimen has 120 seconds left.\n|\n|t:|1700849128\n|switch|p1a: Urshifu|Urshifu-Rapid-Strike, F|100\/100\n|move|p2a: Garchomp|Stealth Rock|p1a: Urshifu\n|-sidestart|p1: SupaSeimen|move: Stealth Rock\n|\n|upkeep\n|turn|52\n|\n|t:|1700849134\n|-zpower|p2a: Garchomp\n|move|p2a: Garchomp|Devastating Drake|p1a: Urshifu|[zeffect]\n|-damage|p1a: Urshifu|3\/100\n|move|p1a: Urshifu|Swords Dance|p1a: Urshifu\n|-boost|p1a: Urshifu|atk|2\n|\n|upkeep\n|turn|53\n|inactive|SupaSeimen has 120 seconds left.\n|\n|t:|1700849144\n|move|p2a: Garchomp|Swords Dance|p2a: Garchomp\n|-boost|p2a: Garchomp|atk|2\n|move|p1a: Urshifu|Surging Strikes|p2a: Garchomp\n|-crit|p2a: Garchomp\n|-damage|p2a: Garchomp|51\/100\n|-crit|p2a: Garchomp\n|-damage|p2a: Garchomp|3\/100\n|-crit|p2a: Garchomp\n|-damage|p2a: Garchomp|0 fnt\n|faint|p2a: Garchomp\n|-hitcount|p2: Garchomp|3\n|\n|upkeep\n|\n|t:|1700849149\n|switch|p2a: Samurott|Samurott-Hisui, F|84\/100\n|turn|54\n|\n|t:|1700849158\n|move|p2a: Samurott|Ceaseless Edge|p1a: Urshifu\n|-resisted|p1a: Urshifu\n|-damage|p1a: Urshifu|0 fnt\n|-sidestart|p1: SupaSeimen|Spikes\n|faint|p1a: Urshifu\n|\n|upkeep\n|inactive|SupaSeimen has 120 seconds left.\n|\n|t:|1700849169\n|switch|p1a: Toxapex|Toxapex, F|82\/100 brn\n|-damage|p1a: Toxapex|69\/100 brn|[from] Stealth Rock\n|-damage|p1a: Toxapex|57\/100 brn|[from] Spikes\n|turn|55\n|\n|t:|1700849174\n|move|p2a: Samurott|Ceaseless Edge|p1a: Toxapex\n|-damage|p1a: Toxapex|24\/100 brn\n|-sidestart|p1: SupaSeimen|Spikes\n|move|p1a: Toxapex|Recover|p1a: Toxapex\n|-heal|p1a: Toxapex|74\/100 brn\n|\n|-heal|p1a: Toxapex|80\/100 brn|[from] item: Leftovers\n|-damage|p1a: Toxapex|74\/100 brn|[from] brn\n|upkeep\n|turn|56\n|\n|t:|1700849184\n|move|p2a: Samurott|Ceaseless Edge|p1a: Toxapex\n|-damage|p1a: Toxapex|36\/100 brn\n|-sidestart|p1: SupaSeimen|Spikes\n|move|p1a: Toxapex|Toxic|p2a: Samurott\n|-status|p2a: Samurott|tox\n|\n|-heal|p1a: Toxapex|43\/100 brn|[from] item: Leftovers\n|-damage|p2a: Samurott|78\/100 tox|[from] psn\n|-damage|p1a: Toxapex|36\/100 brn|[from] brn\n|upkeep\n|turn|57\n|\n|t:|1700849205\n|switch|p2a: Slowking|Slowking-Galar, F|98\/100 brn\n|move|p1a: Toxapex|Recover|p1a: Toxapex\n|-heal|p1a: Toxapex|86\/100 brn\n|\n|-heal|p1a: Toxapex|93\/100 brn|[from] item: Leftovers\n|-damage|p1a: Toxapex|86\/100 brn|[from] brn\n|-damage|p2a: Slowking|92\/100 brn|[from] brn\n|upkeep\n|turn|58\n|\n|t:|1700849215\n|switch|p1a: Ferrothorn|Ferrothorn, F|35\/100\n|-damage|p1a: Ferrothorn|29\/100|[from] Stealth Rock\n|-damage|p1a: Ferrothorn|4\/100|[from] Spikes\n|move|p2a: Slowking|Future Sight|p1a: Ferrothorn\n|-start|p2a: Slowking|move: Future Sight\n|\n|-heal|p1a: Ferrothorn|10\/100|[from] item: Leftovers\n|-damage|p2a: Slowking|86\/100 brn|[from] brn\n|upkeep\n|turn|59\n|\n|t:|1700849225\n|move|p2a: Slowking|Flamethrower|p1a: Ferrothorn\n|-supereffective|p1a: Ferrothorn\n|-damage|p1a: Ferrothorn|0 fnt\n|faint|p1a: Ferrothorn\n|\n|-damage|p2a: Slowking|80\/100 brn|[from] brn\n|upkeep\n|\n|t:|1700849232\n|switch|p1a: Gliscor|Gliscor, M, tera:Water|29\/100 tox\n|-damage|p1a: Gliscor|17\/100 tox|[from] Stealth Rock\n|-damage|p1a: Gliscor|0 fnt|[from] Spikes\n|faint|p1a: Gliscor\n|-message|SupaSeimen forfeited.\n|\n|win|CHI balance builds\n|raw|SupaSeimen's rating: 1453 &rarr; <strong>1441<\/strong><br \/>(-12 for losing)\n|raw|CHI balance builds's rating: 1596 &rarr; <strong>1608<\/strong><br \/>(+12 for winning)\n|l|\u2606SupaSeimen\n","uploadtime":1700849242,"views":0,"p1id":"supaseimen","p2id":"chibalancebuilds","formatid":"gen9nationaldex","rating":1441,"private":0,"password":""}