{"id":"gen9nationaldex-1989949213","p1":"lemur8888","p2":"pkmnchampiontitus","format":"[Gen 9] National Dex","log":"|j|\u2606lemur8888\n|j|\u2606pkmnchampiontitus\n|t:|1699909364\n|gametype|singles\n|player|p1|lemur8888|lucas|1068\n|player|p2|pkmnchampiontitus|steven|1075\n|teamsize|p1|6\n|teamsize|p2|6\n|gen|9\n|tier|[Gen 9] National Dex\n|rated|\n|rule|HP Percentage Mod: HP is shown in percentages\n|rule|Endless Battle Clause: Forcing endless battles is banned\n|rule|OHKO Clause: OHKO moves are banned\n|rule|Evasion Clause: Evasion abilities, items, and moves are banned\n|rule|Evasion Abilities Clause: Evasion abilities are banned\n|rule|Evasion Items Clause: Evasion items are banned\n|rule|Evasion Moves Clause: Evasion moves are banned\n|rule|Species Clause: Limit one of each Pok\u00e9mon\n|rule|Sleep Clause Mod: Limit one foe put to sleep\n|clearpoke\n|poke|p1|Glimmora, M|\n|poke|p1|Greninja-*, M|\n|poke|p1|Ceruledge, F|\n|poke|p1|Meganium, F|\n|poke|p1|Zapdos|\n|poke|p1|Gliscor, M|\n|poke|p2|Tyranitar, M|\n|poke|p2|Weavile, F|\n|poke|p2|Iron Valiant|\n|poke|p2|Corviknight, M|\n|poke|p2|Metagross|\n|poke|p2|Charizard, F|\n|teampreview\n|inactive|Battle timer is ON: inactive players will automatically lose when time's up. (requested by pkmnchampiontitus)\n|\n|t:|1699909377\n|start\n|switch|p1a: Luma|Glimmora, M|100\/100\n|switch|p2a: Tyranitar|Tyranitar, M|100\/100\n|-weather|Sandstorm|[from] ability: Sand Stream|[of] p2a: Tyranitar\n|turn|1\n|\n|t:|1699909385\n|move|p1a: Luma|Stealth Rock|p2a: Tyranitar\n|-sidestart|p2: pkmnchampiontitus|move: Stealth Rock\n|move|p2a: Tyranitar|Earthquake|p1a: Luma\n|-supereffective|p1a: Luma\n|-enditem|p1a: Luma|Focus Sash\n|-damage|p1a: Luma|1\/100\n|-activate|p1a: Luma|ability: Toxic Debris\n|-sidestart|p2: pkmnchampiontitus|move: Toxic Spikes\n|\n|-weather|Sandstorm|[upkeep]\n|upkeep\n|turn|2\n|\n|t:|1699909395\n|move|p1a: Luma|Toxic Spikes|p2a: Tyranitar\n|-sidestart|p2: pkmnchampiontitus|move: Toxic Spikes\n|move|p2a: Tyranitar|Crunch|p1a: Luma\n|-damage|p1a: Luma|0 fnt\n|faint|p1a: Luma\n|\n|-weather|Sandstorm|[upkeep]\n|upkeep\n|\n|t:|1699909415\n|switch|p1a: Rano|Greninja, M|100\/100\n|turn|3\n|\n|t:|1699909422\n|switch|p2a: Weavile|Weavile, F|100\/100\n|-damage|p2a: Weavile|76\/100|[from] Stealth Rock\n|-status|p2a: Weavile|tox\n|-ability|p2a: Weavile|Pressure\n|move|p1a: Rano|Surf|p2a: Weavile\n|-damage|p2a: Weavile|23\/100 tox\n|\n|-weather|Sandstorm|[upkeep]\n|-damage|p2a: Weavile|17\/100 tox|[from] Sandstorm\n|-damage|p1a: Rano|95\/100|[from] Sandstorm\n|-damage|p2a: Weavile|11\/100 tox|[from] psn\n|upkeep\n|turn|4\n|\n|t:|1699909436\n|move|p1a: Rano|Water Shuriken|p2a: Weavile\n|-damage|p2a: Weavile|1\/100 tox\n|-damage|p2a: Weavile|0 fnt\n|faint|p2a: Weavile\n|-ability|p1a: Rano|Battle Bond|boost\n|-boost|p1a: Rano|atk|1\n|-boost|p1a: Rano|spa|1\n|-boost|p1a: Rano|spe|1\n|-activate|p1a: Rano|ability: Battle Bond\n|-hitcount|p2: Weavile|2\n|\n|-weather|Sandstorm|[upkeep]\n|-damage|p1a: Rano|89\/100|[from] Sandstorm\n|upkeep\n|\n|t:|1699909447\n|switch|p2a: Iron Valiant|Iron Valiant|100\/100\n|-damage|p2a: Iron Valiant|94\/100|[from] Stealth Rock\n|-status|p2a: Iron Valiant|tox\n|-enditem|p2a: Iron Valiant|Booster Energy\n|-activate|p2a: Iron Valiant|ability: Quark Drive|[fromitem]\n|-start|p2a: Iron Valiant|quarkdrivespe\n|turn|5\n|\n|t:|1699909462\n|move|p1a: Rano|Water Shuriken|p2a: Iron Valiant\n|-damage|p2a: Iron Valiant|76\/100 tox\n|-damage|p2a: Iron Valiant|56\/100 tox\n|-damage|p2a: Iron Valiant|37\/100 tox\n|-damage|p2a: Iron Valiant|20\/100 tox\n|-damage|p2a: Iron Valiant|2\/100 tox\n|-hitcount|p2a: Iron Valiant|5\n|move|p2a: Iron Valiant|Drain Punch|p1a: Rano\n|-supereffective|p1a: Rano\n|-damage|p1a: Rano|0 fnt\n|-heal|p2a: Iron Valiant|46\/100 tox|[from] drain|[of] p1a: Rano\n|faint|p1a: Rano\n|\n|-weather|Sandstorm|[upkeep]\n|-damage|p2a: Iron Valiant|40\/100 tox|[from] Sandstorm\n|-damage|p2a: Iron Valiant|33\/100 tox|[from] psn\n|upkeep\n|inactive|lemur8888 has 120 seconds left.\n|\n|t:|1699909485\n|switch|p1a: jwe|Meganium, F|100\/100\n|turn|6\n|\n|t:|1699909491\n|move|p2a: Iron Valiant|Drain Punch|p1a: jwe\n|-damage|p1a: jwe|68\/100\n|-heal|p2a: Iron Valiant|54\/100 tox|[from] drain|[of] p1a: jwe\n|move|p1a: jwe|Substitute|p1a: jwe\n|-start|p1a: jwe|Substitute\n|-damage|p1a: jwe|43\/100\n|\n|-weather|Sandstorm|[upkeep]\n|-damage|p2a: Iron Valiant|48\/100 tox|[from] Sandstorm\n|-damage|p1a: jwe|37\/100|[from] Sandstorm\n|-heal|p1a: jwe|43\/100|[from] item: Leftovers\n|-damage|p2a: Iron Valiant|35\/100 tox|[from] psn\n|upkeep\n|turn|7\n|inactive|lemur8888 has 120 seconds left.\n|\n|t:|1699909507\n|move|p2a: Iron Valiant|Psycho Cut|p1a: jwe\n|-activate|p1a: jwe|move: Substitute|[damage]\n|move|p1a: jwe|Leech Seed|p2a: Iron Valiant\n|-start|p2a: Iron Valiant|move: Leech Seed\n|\n|-weather|Sandstorm|[upkeep]\n|-damage|p2a: Iron Valiant|29\/100 tox|[from] Sandstorm\n|-damage|p1a: jwe|37\/100|[from] Sandstorm\n|-heal|p1a: jwe|43\/100|[from] item: Leftovers\n|-damage|p2a: Iron Valiant|16\/100 tox|[from] Leech Seed|[of] p1a: jwe\n|-heal|p1a: jwe|53\/100|[silent]\n|-damage|p2a: Iron Valiant|0 fnt|[from] psn\n|faint|p2a: Iron Valiant\n|-end|p2a: Iron Valiant|Quark Drive|[silent]\n|upkeep\n|inactive|pkmnchampiontitus has 120 seconds left.\n|\n|t:|1699909538\n|switch|p2a: Corviknight|Corviknight, M|100\/100\n|-damage|p2a: Corviknight|88\/100|[from] Stealth Rock\n|turn|8\n|inactive|pkmnchampiontitus has 120 seconds left.\n|\n|t:|1699909544\n|move|p1a: jwe|Leech Seed|p2a: Corviknight\n|-start|p2a: Corviknight|move: Leech Seed\n|move|p2a: Corviknight|Iron Defense|p2a: Corviknight\n|-boost|p2a: Corviknight|def|2\n|\n|-weather|none\n|-heal|p1a: jwe|59\/100|[from] item: Leftovers\n|-damage|p2a: Corviknight|76\/100|[from] Leech Seed|[of] p1a: jwe\n|-heal|p1a: jwe|72\/100|[silent]\n|upkeep\n|turn|9\n|inactive|pkmnchampiontitus has 120 seconds left.\n|\n|t:|1699909567\n|move|p1a: jwe|Protect|p1a: jwe\n|-singleturn|p1a: jwe|Protect\n|move|p2a: Corviknight|Iron Defense|p2a: Corviknight\n|-boost|p2a: Corviknight|def|2\n|\n|-heal|p1a: jwe|79\/100|[from] item: Leftovers\n|-damage|p2a: Corviknight|64\/100|[from] Leech Seed|[of] p1a: jwe\n|-heal|p1a: jwe|92\/100|[silent]\n|upkeep\n|turn|10\n|\n|t:|1699909592\n|move|p1a: jwe|Giga Drain|p2a: Corviknight\n|-resisted|p2a: Corviknight\n|-damage|p2a: Corviknight|60\/100\n|-heal|p1a: jwe|94\/100|[from] drain|[of] p2a: Corviknight\n|move|p2a: Corviknight|Iron Defense|p2a: Corviknight\n|-boost|p2a: Corviknight|def|2\n|\n|-heal|p1a: jwe|99\/100|[from] item: Leftovers\n|-damage|p2a: Corviknight|48\/100|[from] Leech Seed|[of] p1a: jwe\n|-heal|p1a: jwe|100\/100|[silent]\n|upkeep\n|turn|11\n|inactive|pkmnchampiontitus has 90 seconds left.\n|\n|t:|1699909619\n|move|p1a: jwe|Substitute|p1a: jwe\n|-fail|p1a: jwe|move: Substitute\n|move|p2a: Corviknight|Roost|p2a: Corviknight\n|-heal|p2a: Corviknight|98\/100\n|-singleturn|p2a: Corviknight|move: Roost\n|\n|-damage|p2a: Corviknight|85\/100|[from] Leech Seed|[of] p1a: jwe\n|upkeep\n|turn|12\n|inactive|pkmnchampiontitus has 90 seconds left.\n|\n|t:|1699909635\n|move|p1a: jwe|Protect|p1a: jwe\n|-singleturn|p1a: jwe|Protect\n|move|p2a: Corviknight|Body Press|p1a: jwe\n|-activate|p1a: jwe|move: Protect\n|\n|-damage|p2a: Corviknight|73\/100|[from] Leech Seed|[of] p1a: jwe\n|upkeep\n|turn|13\n|inactive|pkmnchampiontitus has 90 seconds left.\n|\n|t:|1699909658\n|move|p1a: jwe|Substitute|p1a: jwe\n|-fail|p1a: jwe|move: Substitute\n|move|p2a: Corviknight|Body Press|p1a: jwe\n|-end|p1a: jwe|Substitute\n|\n|-damage|p2a: Corviknight|61\/100|[from] Leech Seed|[of] p1a: jwe\n|upkeep\n|turn|14\n|\n|t:|1699909666\n|switch|p2a: Charizard|Charizard, F|100\/100\n|-damage|p2a: Charizard|51\/100|[from] Stealth Rock\n|move|p1a: jwe|Substitute|p1a: jwe\n|-start|p1a: jwe|Substitute\n|-damage|p1a: jwe|75\/100\n|\n|-heal|p1a: jwe|82\/100|[from] item: Leftovers\n|upkeep\n|turn|15\n|inactive|pkmnchampiontitus has 90 seconds left.\n|\n|t:|1699909678\n|move|p2a: Charizard|Flare Blitz|p1a: jwe\n|-supereffective|p1a: jwe\n|-end|p1a: jwe|Substitute\n|-damage|p2a: Charizard|41\/100|[from] Recoil|[of] p1a: jwe\n|move|p1a: jwe|Leech Seed|p2a: Charizard\n|-start|p2a: Charizard|move: Leech Seed\n|\n|-heal|p1a: jwe|88\/100|[from] item: Leftovers\n|-damage|p2a: Charizard|28\/100|[from] Leech Seed|[of] p1a: jwe\n|-heal|p1a: jwe|98\/100|[silent]\n|upkeep\n|turn|16\n|inactive|pkmnchampiontitus has 90 seconds left.\n|\n|t:|1699909695\n|-terastallize|p1a: jwe|Dragon\n|move|p2a: Charizard|Flare Blitz|p1a: jwe\n|-resisted|p1a: jwe\n|-damage|p1a: jwe|68\/100\n|-damage|p2a: Charizard|16\/100|[from] Recoil\n|move|p1a: jwe|Substitute|p1a: jwe\n|-start|p1a: jwe|Substitute\n|-damage|p1a: jwe|43\/100\n|\n|-heal|p1a: jwe|49\/100|[from] item: Leftovers\n|-damage|p2a: Charizard|4\/100|[from] Leech Seed|[of] p1a: jwe\n|-heal|p1a: jwe|59\/100|[silent]\n|upkeep\n|turn|17\n|inactive|pkmnchampiontitus has 90 seconds left.\n|-message|pkmnchampiontitus forfeited.\n|\n|win|lemur8888\n|raw|lemur8888's rating: 1068 &rarr; <strong>1098<\/strong><br \/>(+30 for winning)\n|raw|pkmnchampiontitus's rating: 1075 &rarr; <strong>1053<\/strong><br \/>(-22 for losing)\n|l|\u2606pkmnchampiontitus\n","uploadtime":1699909909,"views":4,"p1id":"lemur8888","p2id":"pkmnchampiontitus","formatid":"gen9nationaldex","rating":1053,"private":0,"password":""}