{"id":"gen9nationaldex-1998764503","p1":"Miku Nakano ily","p2":"asdaasasddas","format":"[Gen 9] National Dex","log":"|html|<div class=\"broadcast-blue\"><strong>[Gen 9] National Dex is currently suspecting Sneasler! For information on how to participate check out the <a href=\"https:\/\/www.smogon.com\/forums\/threads\/sv-national-dex-suspect-8-just-dance.3731534\/\">suspect thread<\/a>.<\/strong><\/div>\n|j|\u2606Miku Nakano ily\n|j|\u2606asdaasasddas\n|inactive|Battle timer is ON: inactive players will automatically lose when time's up.\n|t:|1700985991\n|gametype|singles\n|player|p1|Miku Nakano ily|red|\n|player|p2|asdaasasddas|169|\n|teamsize|p1|6\n|teamsize|p2|6\n|gen|9\n|tier|[Gen 9] National Dex\n|rated|Tournament battle\n|rule|HP Percentage Mod: HP is shown in percentages\n|rule|Endless Battle Clause: Forcing endless battles is banned\n|rule|OHKO Clause: OHKO moves are banned\n|rule|Evasion Clause: Evasion abilities, items, and moves are banned\n|rule|Evasion Abilities Clause: Evasion abilities are banned\n|rule|Evasion Items Clause: Evasion items are banned\n|rule|Evasion Moves Clause: Evasion moves are banned\n|rule|Species Clause: Limit one of each Pok\u00e9mon\n|rule|Sleep Clause Mod: Limit one foe put to sleep\n|clearpoke\n|poke|p1|Charizard, F|\n|poke|p1|Alomomola, F|\n|poke|p1|Slowking-Galar, M|\n|poke|p1|Iron Valiant|\n|poke|p1|Landorus-Therian, M|\n|poke|p1|Cinderace, F|\n|poke|p2|Rillaboom, M|\n|poke|p2|Sneasler, F|\n|poke|p2|Aggron, F|\n|poke|p2|Rotom-Wash|\n|poke|p2|Zapdos|\n|poke|p2|Kartana|\n|teampreview\n|inactive|Miku Nakano ily also wants the timer to be on.\n|inactive|asdaasasddas also wants the timer to be on.\n|c|\u2606Miku Nakano ily|hf\n|c|\u2606asdaasasddas|u2\n|\n|t:|1700986010\n|start\n|switch|p1a: Cinderace|Cinderace, F|100\/100\n|switch|p2a: Zapdos|Zapdos|100\/100\n|turn|1\n|\n|t:|1700986017\n|switch|p1a: Landorus|Landorus-Therian, M|100\/100\n|-ability|p1a: Landorus|Intimidate|boost\n|-unboost|p2a: Zapdos|atk|1\n|move|p2a: Zapdos|Volt Switch|p1a: Landorus\n|-immune|p1a: Landorus\n|\n|upkeep\n|turn|2\n|\n|t:|1700986023\n|switch|p1a: Slowking|Slowking-Galar, M|100\/100\n|-zpower|p2a: Zapdos\n|move|p2a: Zapdos|Supersonic Skystrike|p1a: Slowking|[zeffect]\n|-damage|p1a: Slowking|46\/100\n|\n|-heal|p1a: Slowking|53\/100|[from] item: Leftovers\n|upkeep\n|turn|3\n|\n|t:|1700986033\n|switch|p2a: Kartana|Kartana|100\/100\n|move|p1a: Slowking|Chilly Reception|p1a: Slowking\n|-weather|Snow\n|\n|t:|1700986037\n|switch|p1a: Cinderace|Cinderace, F|100\/100|[from] Chilly Reception\n|\n|-weather|Snow|[upkeep]\n|upkeep\n|turn|4\n|\n|t:|1700986041\n|switch|p2a: Rotom|Rotom-Wash|100\/100\n|move|p1a: Cinderace|Pyro Ball|p2a: Rotom\n|-resisted|p2a: Rotom\n|-damage|p2a: Rotom|79\/100\n|\n|-weather|Snow|[upkeep]\n|-heal|p2a: Rotom|85\/100|[from] item: Leftovers\n|upkeep\n|turn|5\n|\n|t:|1700986046\n|move|p1a: Cinderace|U-turn|p2a: Rotom\n|-start|p1a: Cinderace|typechange|Bug|[from] ability: Libero\n|-damage|p2a: Rotom|55\/100\n|\n|t:|1700986049\n|switch|p1a: Landorus|Landorus-Therian, M|100\/100|[from] U-turn\n|-ability|p1a: Landorus|Intimidate|boost\n|-unboost|p2a: Rotom|atk|1\n|move|p2a: Rotom|Hydro Pump|p1a: Landorus\n|-supereffective|p1a: Landorus\n|-damage|p1a: Landorus|39\/100\n|\n|-weather|Snow|[upkeep]\n|-heal|p2a: Rotom|62\/100|[from] item: Leftovers\n|upkeep\n|turn|6\n|\n|t:|1700986057\n|switch|p1a: Slowking|Slowking-Galar, M|86\/100\n|move|p2a: Rotom|Hydro Pump|p1a: Slowking\n|-damage|p1a: Slowking|63\/100\n|\n|-weather|Snow|[upkeep]\n|-heal|p2a: Rotom|68\/100|[from] item: Leftovers\n|-heal|p1a: Slowking|69\/100|[from] item: Leftovers\n|upkeep\n|turn|7\n|\n|t:|1700986062\n|move|p2a: Rotom|Thunder Wave|p1a: Slowking\n|-status|p1a: Slowking|par\n|move|p1a: Slowking|Chilly Reception|p1a: Slowking\n|\n|t:|1700986071\n|switch|p1a: Charizard|Charizard, F|100\/100|[from] Chilly Reception\n|\n|-weather|none\n|-heal|p2a: Rotom|74\/100|[from] item: Leftovers\n|upkeep\n|turn|8\n|\n|t:|1700986073\n|detailschange|p1a: Charizard|Charizard-Mega-Y, F\n|-mega|p1a: Charizard|Charizard|Charizardite Y\n|-weather|SunnyDay|[from] ability: Drought|[of] p1a: Charizard\n|move|p1a: Charizard|Solar Beam||[still]\n|-prepare|p1a: Charizard|Solar Beam\n|-anim|p1a: Charizard|Solar Beam|p2a: Rotom\n|-supereffective|p2a: Rotom\n|-damage|p2a: Rotom|0 fnt\n|faint|p2a: Rotom\n|\n|-weather|SunnyDay|[upkeep]\n|upkeep\n|\n|t:|1700986081\n|switch|p2a: Zapdos|Zapdos|100\/100\n|turn|9\n|\n|t:|1700986087\n|switch|p1a: Landorus|Landorus-Therian, M|39\/100\n|-ability|p1a: Landorus|Intimidate|boost\n|-unboost|p2a: Zapdos|atk|1\n|move|p2a: Zapdos|Hurricane|p1a: Landorus|[miss]\n|-miss|p2a: Zapdos|p1a: Landorus\n|\n|-weather|SunnyDay|[upkeep]\n|upkeep\n|turn|10\n|\n|t:|1700986094\n|move|p2a: Zapdos|Hurricane|p1a: Landorus|[miss]\n|-miss|p2a: Zapdos|p1a: Landorus\n|move|p1a: Landorus|Knock Off|p2a: Zapdos\n|-damage|p2a: Zapdos|77\/100\n|\n|-weather|SunnyDay|[upkeep]\n|upkeep\n|turn|11\n|\n|t:|1700986101\n|switch|p1a: Slowking|Slowking-Galar, M|100\/100 par\n|move|p2a: Zapdos|Volt Switch|p1a: Slowking\n|-damage|p1a: Slowking|80\/100 par\n|\n|t:|1700986106\n|switch|p2a: Rillaboom|Rillaboom, M|100\/100|[from] Volt Switch\n|-fieldstart|move: Grassy Terrain|[from] ability: Grassy Surge|[of] p2a: Rillaboom\n|\n|-weather|SunnyDay|[upkeep]\n|-heal|p1a: Slowking|87\/100 par|[from] Grassy Terrain\n|-heal|p1a: Slowking|93\/100 par|[from] item: Leftovers\n|upkeep\n|turn|12\n|\n|t:|1700986109\n|move|p2a: Rillaboom|U-turn|p1a: Slowking\n|-damage|p1a: Slowking|48\/100 par\n|\n|t:|1700986113\n|switch|p2a: Kartana|Kartana|100\/100|[from] U-turn\n|move|p1a: Slowking|Chilly Reception|p1a: Slowking\n|-weather|Snow\n|\n|t:|1700986117\n|switch|p1a: Charizard|Charizard-Mega-Y, F|100\/100|[from] Chilly Reception\n|-weather|SunnyDay|[from] ability: Drought|[of] p1a: Charizard\n|\n|-weather|SunnyDay|[upkeep]\n|upkeep\n|turn|13\n|\n|t:|1700986126\n|switch|p2a: Aggron|Aggron, F|100\/100\n|move|p1a: Charizard|Weather Ball|p2a: Aggron\n|-ability|p2a: Aggron|Sturdy\n|-damage|p2a: Aggron|1\/100\n|\n|-weather|SunnyDay|[upkeep]\n|-heal|p2a: Aggron|7\/100|[from] Grassy Terrain\n|upkeep\n|turn|14\n|\n|t:|1700986130\n|move|p1a: Charizard|Weather Ball|p2a: Aggron\n|-damage|p2a: Aggron|0 fnt\n|faint|p2a: Aggron\n|\n|-weather|SunnyDay|[upkeep]\n|upkeep\n|\n|t:|1700986133\n|switch|p2a: Sneasler|Sneasler, F|100\/100\n|-enditem|p2a: Sneasler|Grassy Seed\n|-boost|p2a: Sneasler|def|1|[from] item: Grassy Seed\n|turn|15\n|\n|t:|1700986140\n|move|p2a: Sneasler|Dire Claw|p1a: Charizard\n|-damage|p1a: Charizard|37\/100\n|move|p1a: Charizard|Air Slash|p2a: Sneasler\n|-supereffective|p2a: Sneasler\n|-damage|p2a: Sneasler|0 fnt\n|faint|p2a: Sneasler\n|\n|-weather|SunnyDay|[upkeep]\n|-fieldend|move: Grassy Terrain\n|upkeep\n|\n|t:|1700986147\n|switch|p2a: Kartana|Kartana|100\/100\n|turn|16\n|\n|t:|1700986151\n|switch|p1a: Alomomola|Alomomola, F|100\/100\n|move|p2a: Kartana|Knock Off|p1a: Alomomola\n|-damage|p1a: Alomomola|76\/100\n|-enditem|p1a: Alomomola|Lagging Tail|[from] move: Knock Off|[of] p2a: Kartana\n|\n|-weather|none\n|upkeep\n|turn|17\n|\n|t:|1700986156\n|switch|p2a: Rillaboom|Rillaboom, M|100\/100\n|-fieldstart|move: Grassy Terrain|[from] ability: Grassy Surge|[of] p2a: Rillaboom\n|move|p1a: Alomomola|Flip Turn|p2a: Rillaboom\n|-resisted|p2a: Rillaboom\n|-damage|p2a: Rillaboom|91\/100\n|\n|t:|1700986161\n|switch|p1a: Charizard|Charizard-Mega-Y, F|37\/100|[from] Flip Turn\n|-weather|SunnyDay|[from] ability: Drought|[of] p1a: Charizard\n|\n|-weather|SunnyDay|[upkeep]\n|-heal|p2a: Rillaboom|97\/100|[from] Grassy Terrain\n|upkeep\n|turn|18\n|\n|t:|1700986170\n|move|p2a: Rillaboom|Grassy Glide|p1a: Charizard\n|-resisted|p1a: Charizard\n|-crit|p1a: Charizard\n|-damage|p1a: Charizard|7\/100\n|move|p1a: Charizard|Weather Ball|p2a: Rillaboom\n|-supereffective|p2a: Rillaboom\n|-damage|p2a: Rillaboom|0 fnt\n|faint|p2a: Rillaboom\n|\n|-weather|SunnyDay|[upkeep]\n|upkeep\n|\n|t:|1700986172\n|switch|p2a: Kartana|Kartana|100\/100\n|turn|19\n|\n|t:|1700986175\n|switch|p1a: Alomomola|Alomomola, F|100\/100\n|-terastallize|p2a: Kartana|Grass\n|move|p2a: Kartana|Leaf Blade|p1a: Alomomola\n|-supereffective|p1a: Alomomola\n|-damage|p1a: Alomomola|0 fnt\n|faint|p1a: Alomomola\n|-ability|p2a: Kartana|Beast Boost|boost\n|-boost|p2a: Kartana|atk|1\n|\n|-weather|SunnyDay|[upkeep]\n|upkeep\n|\n|t:|1700986183\n|switch|p1a: Landorus|Landorus-Therian, M|39\/100\n|-ability|p1a: Landorus|Intimidate|boost\n|-unboost|p2a: Kartana|atk|1\n|turn|20\n|\n|t:|1700986189\n|move|p2a: Kartana|Leaf Blade|p1a: Landorus\n|-damage|p1a: Landorus|0 fnt\n|faint|p1a: Landorus\n|-ability|p2a: Kartana|Beast Boost|boost\n|-boost|p2a: Kartana|atk|1\n|\n|-weather|SunnyDay|[upkeep]\n|upkeep\n|\n|t:|1700986192\n|switch|p1a: Cinderace|Cinderace, F|100\/100\n|turn|21\n|\n|t:|1700986193\n|move|p2a: Kartana|Leaf Blade|p1a: Cinderace\n|-resisted|p1a: Cinderace\n|-crit|p1a: Cinderace\n|-damage|p1a: Cinderace|0 fnt\n|faint|p1a: Cinderace\n|-ability|p2a: Kartana|Beast Boost|boost\n|-boost|p2a: Kartana|atk|1\n|\n|-weather|none\n|-fieldend|move: Grassy Terrain\n|upkeep\n|\n|t:|1700986201\n|switch|p1a: Iron Valiant|Iron Valiant, shiny|100\/100\n|-enditem|p1a: Iron Valiant|Booster Energy\n|-activate|p1a: Iron Valiant|ability: Quark Drive|[fromitem]\n|-start|p1a: Iron Valiant|quarkdrivespe\n|turn|22\n|\n|t:|1700986210\n|switch|p2a: Zapdos|Zapdos|77\/100\n|-terastallize|p1a: Iron Valiant|Steel\n|move|p1a: Iron Valiant|Drain Punch|p2a: Zapdos\n|-resisted|p2a: Zapdos\n|-damage|p2a: Zapdos|56\/100\n|-status|p1a: Iron Valiant|par|[from] ability: Static|[of] p2a: Zapdos\n|\n|upkeep\n|turn|23\n|\n|t:|1700986221\n|-end|p1a: Iron Valiant|Quark Drive|[silent]\n|switch|p1a: Slowking|Slowking-Galar, M|82\/100 par\n|move|p2a: Zapdos|Volt Switch|p1a: Slowking\n|-damage|p1a: Slowking|62\/100 par\n|\n|t:|1700986223\n|switch|p2a: Kartana|Kartana, tera:Grass|100\/100|[from] Volt Switch\n|\n|-heal|p1a: Slowking|68\/100 par|[from] item: Leftovers\n|upkeep\n|turn|24\n|\n|t:|1700986226\n|move|p2a: Kartana|Knock Off|p1a: Slowking\n|-supereffective|p1a: Slowking\n|-damage|p1a: Slowking|0 fnt\n|-enditem|p1a: Slowking|Leftovers|[from] move: Knock Off|[of] p2a: Kartana\n|faint|p1a: Slowking\n|-ability|p2a: Kartana|Beast Boost|boost\n|-boost|p2a: Kartana|atk|1\n|\n|upkeep\n|\n|t:|1700986229\n|switch|p1a: Iron Valiant|Iron Valiant, shiny, tera:Steel|100\/100 par\n|turn|25\n|\n|t:|1700986231\n|switch|p2a: Zapdos|Zapdos|56\/100\n|move|p1a: Iron Valiant|Drain Punch|p2a: Zapdos\n|-resisted|p2a: Zapdos\n|-damage|p2a: Zapdos|32\/100\n|\n|upkeep\n|turn|26\n|\n|t:|1700986234\n|-end|p1a: Iron Valiant|Quark Drive|[silent]\n|switch|p1a: Charizard|Charizard-Mega-Y, F|7\/100\n|-weather|SunnyDay|[from] ability: Drought|[of] p1a: Charizard\n|move|p2a: Zapdos|Roost|p2a: Zapdos\n|-heal|p2a: Zapdos|82\/100\n|-singleturn|p2a: Zapdos|move: Roost\n|\n|-weather|SunnyDay|[upkeep]\n|upkeep\n|turn|27\n|\n|t:|1700986238\n|move|p2a: Zapdos|Volt Switch|p1a: Charizard\n|-supereffective|p1a: Charizard\n|-damage|p1a: Charizard|0 fnt\n|faint|p1a: Charizard\n|\n|t:|1700986240\n|switch|p2a: Kartana|Kartana, tera:Grass|100\/100|[from] Volt Switch\n|\n|-weather|SunnyDay|[upkeep]\n|upkeep\n|\n|t:|1700986244\n|switch|p1a: Iron Valiant|Iron Valiant, shiny, tera:Steel|100\/100 par\n|turn|28\n|\n|t:|1700986247\n|move|p2a: Kartana|Sacred Sword|p1a: Iron Valiant\n|-supereffective|p1a: Iron Valiant\n|-damage|p1a: Iron Valiant|0 fnt\n|faint|p1a: Iron Valiant\n|-end|p1a: Iron Valiant|Quark Drive|[silent]\n|\n|win|asdaasasddas\n|n|\u2606Miku Nakano ily|mikunakanoily\n|n|\u2606asdaasasddas|asdaasasddas\n|c|\u2606Miku Nakano ily|gg\n|c|\u2606asdaasasddas|gg\n","uploadtime":1700986255,"views":7,"p1id":"mikunakanoily","p2id":"asdaasasddas","formatid":"gen9nationaldex","rating":0,"private":0,"password":""}