{"id":"gen9nationaldex-2000363668","p1":"whatfanta","p2":"cyleox","format":"[Gen 9] National Dex","log":"|html|<div class=\"broadcast-blue\"><strong>[Gen 9] National Dex is currently suspecting Sneasler! For information on how to participate check out the <a href=\"https:\/\/www.smogon.com\/forums\/threads\/sv-national-dex-suspect-8-just-dance.3731534\/\">suspect thread<\/a>.<\/strong><\/div>\n|j|\u2606whatfanta\n|j|\u2606cyleox\n|t:|1701188510\n|gametype|singles\n|player|p1|whatfanta|ingo|1292\n|player|p2|cyleox|akari|1392\n|teamsize|p1|6\n|teamsize|p2|6\n|gen|9\n|tier|[Gen 9] National Dex\n|rated|\n|rule|HP Percentage Mod: HP is shown in percentages\n|rule|Endless Battle Clause: Forcing endless battles is banned\n|rule|OHKO Clause: OHKO moves are banned\n|rule|Evasion Clause: Evasion abilities, items, and moves are banned\n|rule|Evasion Abilities Clause: Evasion abilities are banned\n|rule|Evasion Items Clause: Evasion items are banned\n|rule|Evasion Moves Clause: Evasion moves are banned\n|rule|Species Clause: Limit one of each Pok\u00e9mon\n|rule|Sleep Clause Mod: Limit one foe put to sleep\n|clearpoke\n|poke|p1|Kommo-o, M|\n|poke|p1|Electrode-Hisui|\n|poke|p1|Landorus-Therian, M|\n|poke|p1|Rotom-Wash|\n|poke|p1|Clefable, F|\n|poke|p1|Cinderace, F|\n|poke|p2|Hatterene, F|\n|poke|p2|Mawile, F|\n|poke|p2|Cresselia, F|\n|poke|p2|Porygon2|\n|poke|p2|Marowak-Alola, M|\n|poke|p2|Crawdaunt, M|\n|teampreview\n|\n|t:|1701188529\n|start\n|switch|p1a: Electrode|Electrode-Hisui|100\/100\n|switch|p2a: Hatterene|Hatterene, F|100\/100\n|turn|1\n|\n|t:|1701188536\n|move|p1a: Electrode|Volt Switch|p2a: Hatterene\n|-damage|p2a: Hatterene|67\/100\n|\n|t:|1701188546\n|switch|p1a: Cinderace|Cinderace, F|100\/100|[from] Volt Switch\n|move|p2a: Hatterene|Trick Room|p2a: Hatterene\n|-fieldstart|move: Trick Room|[of] p2a: Hatterene\n|\n|upkeep\n|turn|2\n|\n|t:|1701188555\n|move|p2a: Hatterene|Future Sight|p1a: Cinderace\n|-start|p2a: Hatterene|move: Future Sight\n|move|p1a: Cinderace|Gunk Shot|p2a: Hatterene\n|-start|p1a: Cinderace|typechange|Poison|[from] ability: Libero\n|-supereffective|p2a: Hatterene\n|-damage|p2a: Hatterene|0 fnt\n|faint|p2a: Hatterene\n|\n|upkeep\n|\n|t:|1701188567\n|switch|p2a: Marowak|Marowak-Alola, M|100\/100\n|turn|3\n|\n|t:|1701188580\n|switch|p1a: Landorus|Landorus-Therian, M|100\/100\n|-ability|p1a: Landorus|Intimidate|boost\n|-unboost|p2a: Marowak|atk|1\n|move|p2a: Marowak|Poltergeist|p1a: Landorus\n|-activate|p1a: Landorus|move: Poltergeist|Leftovers\n|-crit|p1a: Landorus\n|-damage|p1a: Landorus|2\/100\n|\n|-heal|p1a: Landorus|8\/100|[from] item: Leftovers\n|upkeep\n|turn|4\n|\n|t:|1701188597\n|switch|p1a: Rotom|Rotom-Wash|100\/100\n|move|p2a: Marowak|Flare Blitz|p1a: Rotom\n|-resisted|p1a: Rotom\n|-damage|p1a: Rotom|55\/100\n|\n|-end|p1a: Rotom|move: Future Sight\n|-crit|p1a: Rotom\n|-damage|p1a: Rotom|0 fnt\n|faint|p1a: Rotom\n|upkeep\n|\n|t:|1701188613\n|switch|p1a: Landorus|Landorus-Therian, M|8\/100\n|-ability|p1a: Landorus|Intimidate|boost\n|-unboost|p2a: Marowak|atk|1\n|turn|5\n|\n|t:|1701188616\n|switch|p2a: Cresselia|Cresselia, F|100\/100\n|switch|p1a: Clefable|Clefable, F|100\/100\n|\n|-fieldend|move: Trick Room\n|upkeep\n|turn|6\n|\n|t:|1701188630\n|move|p1a: Clefable|Calm Mind|p1a: Clefable\n|-boost|p1a: Clefable|spa|1\n|-boost|p1a: Clefable|spd|1\n|move|p2a: Cresselia|Trick Room|p2a: Cresselia\n|-fieldstart|move: Trick Room|[of] p2a: Cresselia\n|\n|upkeep\n|turn|7\n|\n|t:|1701188638\n|switch|p2a: Mawile|Mawile, F|100\/100\n|-ability|p2a: Mawile|Intimidate|boost\n|-unboost|p1a: Clefable|atk|1\n|move|p1a: Clefable|Calm Mind|p1a: Clefable\n|-boost|p1a: Clefable|spa|1\n|-boost|p1a: Clefable|spd|1\n|\n|upkeep\n|turn|8\n|\n|t:|1701188649\n|switch|p1a: Landorus|Landorus-Therian, M|8\/100\n|-ability|p1a: Landorus|Intimidate|boost\n|-unboost|p2a: Mawile|atk|1\n|detailschange|p2a: Mawile|Mawile-Mega, F\n|-mega|p2a: Mawile|Mawile|Mawilite\n|move|p2a: Mawile|Iron Head|p1a: Landorus\n|-damage|p1a: Landorus|0 fnt\n|faint|p1a: Landorus\n|\n|upkeep\n|\n|t:|1701188658\n|switch|p1a: Cinderace|Cinderace, F|100\/100\n|turn|9\n|\n|t:|1701188664\n|switch|p2a: Porygon2|Porygon2|100\/100\n|-ability|p2a: Porygon2|Libero|[from] ability: Trace|[of] p1a: Cinderace\n|move|p1a: Cinderace|Pyro Ball|p2a: Porygon2\n|-damage|p2a: Porygon2|59\/100\n|\n|upkeep\n|turn|10\n|\n|t:|1701188679\n|move|p2a: Porygon2|Recover|p2a: Porygon2\n|-heal|p2a: Porygon2|100\/100\n|move|p1a: Cinderace|Pyro Ball|p2a: Porygon2\n|-damage|p2a: Porygon2|58\/100\n|\n|-fieldend|move: Trick Room\n|upkeep\n|turn|11\n|\n|t:|1701188691\n|switch|p1a: Clefable|Clefable, F|100\/100\n|move|p2a: Porygon2|Trick Room|p2a: Porygon2\n|-start|p2a: Porygon2|typechange|Psychic|[from] ability: Libero\n|-fieldstart|move: Trick Room|[of] p2a: Porygon2\n|\n|upkeep\n|turn|12\n|\n|t:|1701188704\n|switch|p1a: Cinderace|Cinderace, F|100\/100\n|move|p2a: Porygon2|Teleport|p2a: Porygon2\n|\n|t:|1701188709\n|switch|p2a: Crawdaunt|Crawdaunt, M|100\/100|[from] Teleport\n|\n|upkeep\n|turn|13\n|\n|t:|1701188732\n|switch|p1a: Clefable|Clefable, F|100\/100\n|move|p2a: Crawdaunt|Close Combat|p1a: Clefable\n|-resisted|p1a: Clefable\n|-damage|p1a: Clefable|76\/100\n|-unboost|p2a: Crawdaunt|def|1\n|-unboost|p2a: Crawdaunt|spd|1\n|\n|-heal|p1a: Clefable|82\/100|[from] item: Leftovers\n|upkeep\n|turn|14\n|\n|t:|1701188742\n|switch|p2a: Porygon2|Porygon2|58\/100\n|-ability|p2a: Porygon2|Magic Guard|[from] ability: Trace|[of] p1a: Clefable\n|move|p1a: Clefable|Moonblast|p2a: Porygon2\n|-damage|p2a: Porygon2|38\/100\n|\n|-heal|p1a: Clefable|88\/100|[from] item: Leftovers\n|upkeep\n|turn|15\n|\n|t:|1701188750\n|move|p2a: Porygon2|Recover|p2a: Porygon2\n|-heal|p2a: Porygon2|88\/100\n|move|p1a: Clefable|Ice Beam|p2a: Porygon2\n|-damage|p2a: Porygon2|76\/100\n|\n|-heal|p1a: Clefable|94\/100|[from] item: Leftovers\n|-fieldend|move: Trick Room\n|upkeep\n|turn|16\n|\n|t:|1701188754\n|move|p1a: Clefable|Ice Beam|p2a: Porygon2\n|-damage|p2a: Porygon2|62\/100\n|move|p2a: Porygon2|Trick Room|p2a: Porygon2\n|-fieldstart|move: Trick Room|[of] p2a: Porygon2\n|\n|-heal|p1a: Clefable|99\/100|[from] item: Leftovers\n|upkeep\n|turn|17\n|\n|t:|1701188758\n|move|p1a: Clefable|Ice Beam|p2a: Porygon2\n|-damage|p2a: Porygon2|50\/100\n|move|p2a: Porygon2|Teleport|p2a: Porygon2\n|\n|t:|1701188763\n|switch|p2a: Mawile|Mawile-Mega, F|100\/100|[from] Teleport\n|\n|-heal|p1a: Clefable|100\/100|[from] item: Leftovers\n|upkeep\n|turn|18\n|\n|t:|1701188780\n|move|p2a: Mawile|Iron Head|p1a: Clefable\n|-supereffective|p1a: Clefable\n|-damage|p1a: Clefable|0 fnt\n|faint|p1a: Clefable\n|\n|upkeep\n|\n|t:|1701188791\n|switch|p1a: Electrode|Electrode-Hisui|100\/100\n|turn|19\n|\n|t:|1701188796\n|move|p2a: Mawile|Play Rough|p1a: Electrode\n|-damage|p1a: Electrode|0 fnt\n|faint|p1a: Electrode\n|\n|upkeep\n|\n|t:|1701188801\n|switch|p1a: Cinderace|Cinderace, F|100\/100\n|turn|20\n|\n|t:|1701188810\n|switch|p2a: Porygon2|Porygon2|50\/100\n|-ability|p2a: Porygon2|Libero|[from] ability: Trace|[of] p1a: Cinderace\n|move|p1a: Cinderace|Pyro Ball|p2a: Porygon2\n|-damage|p2a: Porygon2|7\/100\n|\n|-fieldend|move: Trick Room\n|upkeep\n|turn|21\n|\n|t:|1701188819\n|move|p1a: Cinderace|Pyro Ball|p2a: Porygon2\n|-damage|p2a: Porygon2|0 fnt\n|faint|p2a: Porygon2\n|\n|upkeep\n|\n|t:|1701188821\n|switch|p2a: Cresselia|Cresselia, F|100\/100\n|turn|22\n|\n|t:|1701188827\n|move|p1a: Cinderace|Pyro Ball|p2a: Cresselia\n|-damage|p2a: Cresselia|35\/100\n|move|p2a: Cresselia|Trick Room|p2a: Cresselia\n|-fieldstart|move: Trick Room|[of] p2a: Cresselia\n|\n|upkeep\n|turn|23\n|\n|t:|1701188831\n|move|p2a: Cresselia|Lunar Dance|p2a: Cresselia\n|faint|p2a: Cresselia\n|move|p1a: Cinderace|Pyro Ball|p2: Cresselia|[notarget]\n|-fail|p1a: Cinderace\n|\n|upkeep\n|\n|t:|1701188843\n|switch|p2a: Marowak|Marowak-Alola, M|100\/100\n|-heal|p2a: Marowak|100\/100|[from] move: Lunar Dance\n|turn|24\n|\n|t:|1701188862\n|move|p2a: Marowak|Swords Dance|p2a: Marowak\n|-boost|p2a: Marowak|atk|2\n|move|p1a: Cinderace|Pyro Ball|p2a: Marowak\n|-resisted|p2a: Marowak\n|-damage|p2a: Marowak|60\/100\n|\n|upkeep\n|turn|25\n|\n|t:|1701188868\n|move|p2a: Marowak|Earthquake|p1a: Cinderace\n|-supereffective|p1a: Cinderace\n|-damage|p1a: Cinderace|0 fnt\n|faint|p1a: Cinderace\n|\n|upkeep\n|\n|t:|1701188872\n|switch|p1a: Kommo-o|Kommo-o, M|100\/100\n|turn|26\n|\n|t:|1701188879\n|-terastallize|p1a: Kommo-o|Normal\n|move|p2a: Marowak|Poltergeist|p1a: Kommo-o\n|-immune|p1a: Kommo-o\n|move|p1a: Kommo-o|Clangorous Soul|p1a: Kommo-o\n|-boost|p1a: Kommo-o|atk|1\n|-boost|p1a: Kommo-o|def|1\n|-boost|p1a: Kommo-o|spa|1\n|-boost|p1a: Kommo-o|spd|1\n|-boost|p1a: Kommo-o|spe|1\n|-damage|p1a: Kommo-o|68\/100\n|-enditem|p1a: Kommo-o|Throat Spray\n|-boost|p1a: Kommo-o|spa|1|[from] item: Throat Spray\n|\n|-fieldend|move: Trick Room\n|upkeep\n|turn|27\n|\n|t:|1701188891\n|move|p1a: Kommo-o|Clanging Scales|p2a: Marowak\n|-damage|p2a: Marowak|0 fnt\n|faint|p2a: Marowak\n|-unboost|p1a: Kommo-o|def|1\n|\n|upkeep\n|\n|t:|1701188902\n|switch|p2a: Mawile|Mawile-Mega, F|100\/100\n|turn|28\n|\n|t:|1701188905\n|move|p2a: Mawile|Sucker Punch|p1a: Kommo-o\n|-damage|p1a: Kommo-o|21\/100\n|move|p1a: Kommo-o|Aura Sphere|p2a: Mawile\n|-damage|p2a: Mawile|12\/100\n|\n|upkeep\n|turn|29\n|\n|t:|1701188912\n|move|p2a: Mawile|Sucker Punch|p1a: Kommo-o\n|-damage|p1a: Kommo-o|0 fnt\n|faint|p1a: Kommo-o\n|\n|win|cyleox\n|raw|whatfanta's rating: 1292 &rarr; <strong>1274<\/strong><br \/>(-18 for losing)\n|raw|cyleox's rating: 1392 &rarr; <strong>1406<\/strong><br \/>(+14 for winning)\n|l|\u2606whatfanta\n","uploadtime":1701189033,"views":2,"p1id":"whatfanta","p2id":"cyleox","formatid":"gen9nationaldex","rating":1274,"private":0,"password":""}