{"id":"gen9nationaldex-1997512165","p1":"luis_ud","p2":"uh_exe","format":"[Gen 9] National Dex","log":"|html|<div class=\"broadcast-blue\"><strong>[Gen 9] National Dex is currently suspecting Sneasler! For information on how to participate check out the <a href=\"https:\/\/www.smogon.com\/forums\/threads\/sv-national-dex-suspect-8-just-dance.3731534\/\">suspect thread<\/a>.<\/strong><\/div>\n|j|\u2606luis_ud\n|j|\u2606uh_exe\n|t:|1700818042\n|gametype|singles\n|player|p1|luis_ud|2|1331\n|player|p2|uh_exe|265|1433\n|teamsize|p1|6\n|teamsize|p2|6\n|gen|9\n|tier|[Gen 9] National Dex\n|rated|\n|rule|HP Percentage Mod: HP is shown in percentages\n|rule|Endless Battle Clause: Forcing endless battles is banned\n|rule|OHKO Clause: OHKO moves are banned\n|rule|Evasion Clause: Evasion abilities, items, and moves are banned\n|rule|Evasion Abilities Clause: Evasion abilities are banned\n|rule|Evasion Items Clause: Evasion items are banned\n|rule|Evasion Moves Clause: Evasion moves are banned\n|rule|Species Clause: Limit one of each Pok\u00e9mon\n|rule|Sleep Clause Mod: Limit one foe put to sleep\n|clearpoke\n|poke|p1|Toedscruel, F|\n|poke|p1|Amoonguss, M|\n|poke|p1|Sableye, F|\n|poke|p1|Ferrothorn, F|\n|poke|p1|Quagsire, F|\n|poke|p1|Toxapex, M|\n|poke|p2|Tapu Koko|\n|poke|p2|Iron Valiant|\n|poke|p2|Iron Treads|\n|poke|p2|Pinsir, F|\n|poke|p2|Rotom-Wash|\n|poke|p2|Iron Moth|\n|teampreview\n|inactive|Battle timer is ON: inactive players will automatically lose when time's up. (requested by luis_ud)\n|\n|t:|1700818085\n|start\n|switch|p1a: Quagsire|Quagsire, F|100\/100\n|switch|p2a: Tapu Koko|Tapu Koko|100\/100\n|-fieldstart|move: Electric Terrain|[from] ability: Electric Surge|[of] p2a: Tapu Koko\n|turn|1\n|\n|t:|1700818102\n|move|p2a: Tapu Koko|Reflect|p2a: Tapu Koko\n|-sidestart|p2: uh_exe|Reflect\n|move|p1a: Quagsire|Earthquake|p2a: Tapu Koko\n|-supereffective|p2a: Tapu Koko\n|-damage|p2a: Tapu Koko|57\/100\n|\n|upkeep\n|turn|2\n|\n|t:|1700818111\n|switch|p2a: Rotom|Rotom-Wash|100\/100\n|move|p1a: Quagsire|Earthquake|p2a: Rotom\n|-immune|p2a: Rotom|[from] ability: Levitate\n|\n|upkeep\n|turn|3\n|\n|t:|1700818117\n|move|p2a: Rotom|Hydro Pump|p1a: Quagsire\n|-damage|p1a: Quagsire|53\/100\n|move|p1a: Quagsire|Toxic|p2a: Rotom\n|-status|p2a: Rotom|tox\n|\n|-heal|p1a: Quagsire|59\/100|[from] item: Leftovers\n|-damage|p2a: Rotom|94\/100 tox|[from] psn\n|upkeep\n|turn|4\n|\n|t:|1700818141\n|switch|p2a: Iron Moth|Iron Moth|100\/100\n|-activate|p2a: Iron Moth|ability: Quark Drive\n|-start|p2a: Iron Moth|quarkdrivespa\n|switch|p1a: Amoonguss|Amoonguss, M|100\/100\n|\n|upkeep\n|turn|5\n|\n|t:|1700818153\n|move|p2a: Iron Moth|Fiery Dance|p1a: Amoonguss\n|-supereffective|p1a: Amoonguss\n|-damage|p1a: Amoonguss|30\/100\n|move|p1a: Amoonguss|Spore|p2a: Iron Moth\n|-activate|p2a: Iron Moth|move: Electric Terrain\n|\n|-heal|p1a: Amoonguss|36\/100|[from] item: Leftovers\n|-fieldend|move: Electric Terrain\n|-end|p2a: Iron Moth|Quark Drive\n|upkeep\n|turn|6\n|\n|t:|1700818163\n|switch|p1a: Quagsire|Quagsire, F|59\/100\n|move|p2a: Iron Moth|Fiery Dance|p1a: Quagsire\n|-resisted|p1a: Quagsire\n|-damage|p1a: Quagsire|30\/100\n|-boost|p2a: Iron Moth|spa|1\n|\n|-heal|p1a: Quagsire|36\/100|[from] item: Leftovers\n|upkeep\n|turn|7\n|\n|t:|1700818172\n|move|p2a: Iron Moth|Energy Ball|p1a: Quagsire\n|-supereffective|p1a: Quagsire\n|-damage|p1a: Quagsire|0 fnt\n|faint|p1a: Quagsire\n|\n|upkeep\n|\n|t:|1700818190\n|switch|p1a: Sableye|Sableye, F|100\/100\n|turn|8\n|\n|t:|1700818197\n|detailschange|p1a: Sableye|Sableye-Mega, F\n|-mega|p1a: Sableye|Sableye|Sablenite\n|move|p2a: Iron Moth|Overheat|p1a: Sableye\n|-damage|p1a: Sableye|25\/100\n|-unboost|p2a: Iron Moth|spa|2\n|move|p1a: Sableye|Knock Off|p2a: Iron Moth\n|-damage|p2a: Iron Moth|78\/100\n|-enditem|p2a: Iron Moth|Heavy-Duty Boots|[from] move: Knock Off|[of] p1a: Sableye\n|\n|-sideend|p2: uh_exe|Reflect\n|upkeep\n|turn|9\n|\n|t:|1700818207\n|move|p2a: Iron Moth|Overheat|p1a: Sableye|[miss]\n|-miss|p2a: Iron Moth|p1a: Sableye\n|move|p1a: Sableye|Recover|p1a: Sableye\n|-heal|p1a: Sableye|75\/100\n|\n|upkeep\n|turn|10\n|\n|t:|1700818212\n|-end|p2a: Iron Moth|Quark Drive|[silent]\n|switch|p2a: Tapu Koko|Tapu Koko|57\/100\n|-fieldstart|move: Electric Terrain|[from] ability: Electric Surge|[of] p2a: Tapu Koko\n|move|p1a: Sableye|Knock Off|p2a: Tapu Koko\n|-resisted|p2a: Tapu Koko\n|-damage|p2a: Tapu Koko|37\/100\n|-enditem|p2a: Tapu Koko|Light Clay|[from] move: Knock Off|[of] p1a: Sableye\n|\n|upkeep\n|turn|11\n|\n|t:|1700818219\n|move|p2a: Tapu Koko|Volt Switch|p1a: Sableye\n|-damage|p1a: Sableye|48\/100\n|\n|t:|1700818230\n|switch|p2a: Iron Valiant|Iron Valiant|100\/100|[from] Volt Switch\n|-activate|p2a: Iron Valiant|ability: Quark Drive\n|-start|p2a: Iron Valiant|quarkdrivespe\n|move|p1a: Sableye|Will-O-Wisp|p2a: Iron Valiant\n|-status|p2a: Iron Valiant|brn\n|\n|-damage|p2a: Iron Valiant|94\/100 brn|[from] brn\n|upkeep\n|turn|12\n|\n|t:|1700818238\n|move|p1a: Sableye|Protect|p1a: Sableye\n|-singleturn|p1a: Sableye|Protect\n|move|p2a: Iron Valiant|Moonblast|p1a: Sableye\n|-activate|p1a: Sableye|move: Protect\n|\n|-damage|p2a: Iron Valiant|88\/100 brn|[from] brn\n|upkeep\n|turn|13\n|\n|t:|1700818247\n|switch|p1a: Amoonguss|Amoonguss, M|69\/100\n|move|p2a: Iron Valiant|Moonblast|p1a: Amoonguss\n|-resisted|p1a: Amoonguss\n|-damage|p1a: Amoonguss|53\/100\n|-damage|p2a: Iron Valiant|78\/100 brn|[from] item: Life Orb\n|\n|-heal|p1a: Amoonguss|59\/100|[from] item: Leftovers\n|-damage|p2a: Iron Valiant|72\/100 brn|[from] brn\n|upkeep\n|turn|14\n|\n|t:|1700818257\n|move|p2a: Iron Valiant|Psychic|p1a: Amoonguss\n|-supereffective|p1a: Amoonguss\n|-damage|p1a: Amoonguss|18\/100\n|-damage|p2a: Iron Valiant|62\/100 brn|[from] item: Life Orb\n|move|p1a: Amoonguss|Synthesis|p1a: Amoonguss\n|-heal|p1a: Amoonguss|68\/100\n|\n|-heal|p1a: Amoonguss|74\/100|[from] item: Leftovers\n|-damage|p2a: Iron Valiant|56\/100 brn|[from] brn\n|-fieldend|move: Electric Terrain\n|-end|p2a: Iron Valiant|Quark Drive\n|upkeep\n|turn|15\n|\n|t:|1700818264\n|-terastallize|p1a: Amoonguss|Grass\n|move|p2a: Iron Valiant|Psychic|p1a: Amoonguss\n|-damage|p1a: Amoonguss|54\/100\n|-damage|p2a: Iron Valiant|47\/100 brn|[from] item: Life Orb\n|move|p1a: Amoonguss|Synthesis|p1a: Amoonguss\n|-heal|p1a: Amoonguss|100\/100\n|\n|-damage|p2a: Iron Valiant|40\/100 brn|[from] brn\n|upkeep\n|turn|16\n|\n|t:|1700818292\n|-end|p2a: Iron Valiant|Quark Drive|[silent]\n|switch|p2a: Tapu Koko|Tapu Koko|37\/100\n|-fieldstart|move: Electric Terrain|[from] ability: Electric Surge|[of] p2a: Tapu Koko\n|move|p1a: Amoonguss|Sludge Bomb|p2a: Tapu Koko\n|-supereffective|p2a: Tapu Koko\n|-damage|p2a: Tapu Koko|0 fnt\n|faint|p2a: Tapu Koko\n|\n|upkeep\n|\n|t:|1700818295\n|switch|p2a: Pinsir|Pinsir, F|100\/100\n|turn|17\n|\n|t:|1700818303\n|switch|p1a: Ferrothorn|Ferrothorn, F|100\/100\n|detailschange|p2a: Pinsir|Pinsir-Mega, F\n|-mega|p2a: Pinsir|Pinsir|Pinsirite\n|move|p2a: Pinsir|Swords Dance|p2a: Pinsir\n|-boost|p2a: Pinsir|atk|2\n|\n|upkeep\n|turn|18\n|\n|t:|1700818311\n|move|p2a: Pinsir|Close Combat|p1a: Ferrothorn\n|-supereffective|p1a: Ferrothorn\n|-damage|p1a: Ferrothorn|0 fnt\n|-unboost|p2a: Pinsir|def|1\n|-unboost|p2a: Pinsir|spd|1\n|-damage|p2a: Pinsir|88\/100|[from] ability: Iron Barbs|[of] p1a: Ferrothorn\n|faint|p1a: Ferrothorn\n|\n|upkeep\n|\n|t:|1700818319\n|switch|p1a: Toxapex|Toxapex, M|100\/100\n|turn|19\n|\n|t:|1700818324\n|move|p2a: Pinsir|Return|p1a: Toxapex\n|-damage|p1a: Toxapex|13\/100\n|move|p1a: Toxapex|Toxic|p2a: Pinsir\n|-status|p2a: Pinsir|tox\n|\n|-heal|p1a: Toxapex|20\/100|[from] item: Leftovers\n|-damage|p2a: Pinsir|82\/100 tox|[from] psn\n|upkeep\n|turn|20\n|\n|t:|1700818331\n|switch|p1a: Sableye|Sableye-Mega, F|48\/100\n|move|p2a: Pinsir|Quick Attack|p1a: Sableye\n|-damage|p1a: Sableye|0 fnt\n|faint|p1a: Sableye\n|\n|-damage|p2a: Pinsir|71\/100 tox|[from] psn\n|-fieldend|move: Electric Terrain\n|upkeep\n|\n|t:|1700818345\n|switch|p1a: Toxapex|Toxapex, M|53\/100\n|turn|21\n|\n|t:|1700818352\n|switch|p1a: Amoonguss|Amoonguss, M, tera:Grass|100\/100\n|move|p2a: Pinsir|Return|p1a: Amoonguss\n|-supereffective|p1a: Amoonguss\n|-damage|p1a: Amoonguss|0 fnt\n|faint|p1a: Amoonguss\n|\n|-damage|p2a: Pinsir|53\/100 tox|[from] psn\n|upkeep\n|\n|t:|1700818354\n|switch|p1a: Toxapex|Toxapex, M|86\/100\n|turn|22\n|\n|t:|1700818357\n|move|p2a: Pinsir|Return|p1a: Toxapex\n|-damage|p1a: Toxapex|0 fnt\n|faint|p1a: Toxapex\n|\n|-damage|p2a: Pinsir|29\/100 tox|[from] psn\n|upkeep\n|-message|luis_ud forfeited.\n|\n|win|uh_exe\n|raw|luis_ud's rating: 1331 &rarr; <strong>1317<\/strong><br \/>(-14 for losing)\n|raw|uh_exe's rating: 1433 &rarr; <strong>1447<\/strong><br \/>(+14 for winning)\n|l|\u2606luis_ud\n","uploadtime":1700818367,"views":33,"p1id":"luisud","p2id":"uhexe","formatid":"gen9nationaldex","rating":1317,"private":0,"password":""}