{"id":"gen9nationaldex-1993174886","p1":"hackilla15","p2":"Obnus6","format":"[Gen 9] National Dex","log":"|j|\u2606hackilla15\n|j|\u2606Obnus6\n|t:|1700273934\n|gametype|singles\n|player|p1|hackilla15|ethan|1234\n|player|p2|Obnus6|1|1311\n|teamsize|p1|6\n|teamsize|p2|6\n|gen|9\n|tier|[Gen 9] National Dex\n|rated|\n|rule|HP Percentage Mod: HP is shown in percentages\n|rule|Endless Battle Clause: Forcing endless battles is banned\n|rule|OHKO Clause: OHKO moves are banned\n|rule|Evasion Clause: Evasion abilities, items, and moves are banned\n|rule|Evasion Abilities Clause: Evasion abilities are banned\n|rule|Evasion Items Clause: Evasion items are banned\n|rule|Evasion Moves Clause: Evasion moves are banned\n|rule|Species Clause: Limit one of each Pok\u00e9mon\n|rule|Sleep Clause Mod: Limit one foe put to sleep\n|clearpoke\n|poke|p1|Krookodile, M|\n|poke|p1|Latias, F|\n|poke|p1|Ribombee, F|\n|poke|p1|Volcarona, F|\n|poke|p1|Urshifu-*, M|\n|poke|p1|Garganacl, M|\n|poke|p2|Iron Moth|\n|poke|p2|Iron Jugulis|\n|poke|p2|Iron Hands|\n|poke|p2|Iron Valiant|\n|poke|p2|Iron Leaves|\n|poke|p2|Tapu Koko|\n|teampreview\n|inactive|Battle timer is ON: inactive players will automatically lose when time's up. (requested by Obnus6)\n|\n|t:|1700273949\n|start\n|switch|p1a: JET DRAGON II|Latias, F|100\/100\n|switch|p2a: Iron Jugulis|Iron Jugulis|100\/100\n|-enditem|p2a: Iron Jugulis|Booster Energy\n|-activate|p2a: Iron Jugulis|ability: Quark Drive|[fromitem]\n|-start|p2a: Iron Jugulis|quarkdrivespe\n|turn|1\n|\n|t:|1700273960\n|switch|p1a: Sunny D'|Volcarona, F, shiny|100\/100\n|-terastallize|p2a: Iron Jugulis|Ice\n|move|p2a: Iron Jugulis|Tera Blast|p1a: Sunny D'|[anim] Tera Blast Ice\n|-resisted|p1a: Sunny D'\n|-damage|p1a: Sunny D'|83\/100\n|\n|upkeep\n|turn|2\n|\n|t:|1700273964\n|move|p2a: Iron Jugulis|Air Slash|p1a: Sunny D'\n|-supereffective|p1a: Sunny D'\n|-damage|p1a: Sunny D'|16\/100\n|move|p1a: Sunny D'|Quiver Dance|p1a: Sunny D'\n|-boost|p1a: Sunny D'|spa|1\n|-boost|p1a: Sunny D'|spd|1\n|-boost|p1a: Sunny D'|spe|1\n|\n|upkeep\n|turn|3\n|\n|t:|1700273967\n|move|p2a: Iron Jugulis|Air Slash|p1a: Sunny D'\n|-supereffective|p1a: Sunny D'\n|-damage|p1a: Sunny D'|0 fnt\n|faint|p1a: Sunny D'\n|\n|upkeep\n|\n|t:|1700273974\n|switch|p1a: Busiest Bee|Ribombee, F, shiny|100\/100\n|turn|4\n|\n|t:|1700273977\n|move|p2a: Iron Jugulis|Tera Blast|p1a: Busiest Bee|[anim] Tera Blast Ice\n|-damage|p1a: Busiest Bee|48\/100\n|move|p1a: Busiest Bee|Stun Spore|p2a: Iron Jugulis\n|-status|p2a: Iron Jugulis|par\n|\n|upkeep\n|turn|5\n|\n|t:|1700273980\n|move|p1a: Busiest Bee|Sticky Web|p2a: Iron Jugulis\n|-sidestart|p2: Obnus6|move: Sticky Web\n|cant|p2a: Iron Jugulis|par\n|\n|upkeep\n|turn|6\n|\n|t:|1700273984\n|move|p1a: Busiest Bee|Moonblast|p2a: Iron Jugulis\n|-damage|p2a: Iron Jugulis|55\/100 par\n|-unboost|p2a: Iron Jugulis|spa|1\n|move|p2a: Iron Jugulis|Tera Blast|p1a: Busiest Bee|[anim] Tera Blast Ice\n|-damage|p1a: Busiest Bee|13\/100\n|\n|upkeep\n|turn|7\n|\n|t:|1700273987\n|move|p1a: Busiest Bee|Moonblast|p2a: Iron Jugulis\n|-damage|p2a: Iron Jugulis|6\/100 par\n|move|p2a: Iron Jugulis|Tera Blast|p1a: Busiest Bee|[anim] Tera Blast Ice\n|-damage|p1a: Busiest Bee|0 fnt\n|faint|p1a: Busiest Bee\n|\n|upkeep\n|\n|t:|1700273991\n|switch|p1a: Mr. Jitterz|Krookodile, M, shiny|100\/100\n|turn|8\n|\n|t:|1700273996\n|move|p1a: Mr. Jitterz|Scale Shot|p2a: Iron Jugulis\n|-damage|p2a: Iron Jugulis|0 fnt\n|faint|p2a: Iron Jugulis\n|-end|p2a: Iron Jugulis|Quark Drive|[silent]\n|-ability|p1a: Mr. Jitterz|Moxie|boost\n|-boost|p1a: Mr. Jitterz|atk|1\n|-hitcount|p2: Iron Jugulis|1\n|-unboost|p1a: Mr. Jitterz|def|1\n|-boost|p1a: Mr. Jitterz|spe|1\n|\n|upkeep\n|\n|t:|1700274012\n|switch|p2a: Tapu Koko|Tapu Koko|100\/100\n|-activate|p2a: Tapu Koko|move: Sticky Web\n|-unboost|p2a: Tapu Koko|spe|1\n|-fieldstart|move: Electric Terrain|[from] ability: Electric Surge|[of] p2a: Tapu Koko\n|turn|9\n|\n|t:|1700274016\n|move|p1a: Mr. Jitterz|Earthquake|p2a: Tapu Koko\n|-supereffective|p2a: Tapu Koko\n|-damage|p2a: Tapu Koko|0 fnt\n|faint|p2a: Tapu Koko\n|-ability|p1a: Mr. Jitterz|Moxie|boost\n|-boost|p1a: Mr. Jitterz|atk|1\n|\n|upkeep\n|\n|t:|1700274018\n|switch|p2a: Iron Leaves|Iron Leaves|100\/100\n|-activate|p2a: Iron Leaves|move: Sticky Web\n|-unboost|p2a: Iron Leaves|spe|1\n|-activate|p2a: Iron Leaves|ability: Quark Drive\n|-start|p2a: Iron Leaves|quarkdriveatk\n|-enditem|p2a: Iron Leaves|Electric Seed\n|-boost|p2a: Iron Leaves|def|1|[from] item: Electric Seed\n|turn|10\n|\n|t:|1700274022\n|move|p1a: Mr. Jitterz|Darkest Lariat|p2a: Iron Leaves\n|-supereffective|p2a: Iron Leaves\n|-damage|p2a: Iron Leaves|0 fnt\n|faint|p2a: Iron Leaves\n|-end|p2a: Iron Leaves|Quark Drive|[silent]\n|-ability|p1a: Mr. Jitterz|Moxie|boost\n|-boost|p1a: Mr. Jitterz|atk|1\n|\n|upkeep\n|-message|Obnus6 forfeited.\n|\n|win|hackilla15\n|raw|hackilla15's rating: 1234 &rarr; <strong>1264<\/strong><br \/>(+30 for winning)\n|raw|Obnus6's rating: 1311 &rarr; <strong>1287<\/strong><br \/>(-24 for losing)\n|l|\u2606Obnus6\n","uploadtime":1700274028,"views":18,"p1id":"hackilla15","p2id":"obnus6","formatid":"gen9nationaldex","rating":1264,"private":0,"password":""}