{"id":"gen9nationaldex-1988912192","p1":"hydrodragon1236","p2":"Catnavi","format":"[Gen 9] National Dex","log":"|j|\u2606hydrodragon1236\n|j|\u2606Catnavi\n|t:|1699786391\n|gametype|singles\n|player|p1|hydrodragon1236|bugcatcher-gen4dp|1291\n|player|p2|Catnavi|lass-gen4dp|1376\n|teamsize|p1|6\n|teamsize|p2|6\n|gen|9\n|tier|[Gen 9] National Dex\n|rated|\n|rule|HP Percentage Mod: HP is shown in percentages\n|rule|Endless Battle Clause: Forcing endless battles is banned\n|rule|OHKO Clause: OHKO moves are banned\n|rule|Evasion Clause: Evasion abilities, items, and moves are banned\n|rule|Evasion Abilities Clause: Evasion abilities are banned\n|rule|Evasion Items Clause: Evasion items are banned\n|rule|Evasion Moves Clause: Evasion moves are banned\n|rule|Species Clause: Limit one of each Pok\u00e9mon\n|rule|Sleep Clause Mod: Limit one foe put to sleep\n|clearpoke\n|poke|p1|Glimmora, M|\n|poke|p1|Sigilyph, M|\n|poke|p1|Abomasnow, M|\n|poke|p1|Tauros-Paldea-Blaze, M|\n|poke|p1|Lanturn, M|\n|poke|p1|Revavroom, M|\n|poke|p2|Clawitzer, M|\n|poke|p2|Tapu Koko|\n|poke|p2|Thundurus, M|\n|poke|p2|Garchomp, M|\n|poke|p2|Scizor, M|\n|poke|p2|Iron Valiant|\n|teampreview\n|inactive|Battle timer is ON: inactive players will automatically lose when time's up. (requested by Catnavi)\n|\n|t:|1699786402\n|start\n|switch|p1a: Tauros|Tauros-Paldea-Blaze, M|100\/100\n|switch|p2a: Scizor|Scizor, M|100\/100\n|-ability|p1a: Tauros|Intimidate|boost\n|-unboost|p2a: Scizor|atk|1\n|turn|1\n|\n|t:|1699786410\n|switch|p2a: Garchomp|Garchomp, M, shiny|100\/100\n|move|p1a: Tauros|Raging Bull|p2a: Garchomp\n|-resisted|p2a: Garchomp\n|-damage|p2a: Garchomp|82\/100\n|-damage|p1a: Tauros|88\/100|[from] ability: Rough Skin|[of] p2a: Garchomp\n|\n|upkeep\n|turn|2\n|\n|t:|1699786421\n|switch|p1a: Glimmora|Glimmora, M|100\/100\n|move|p2a: Garchomp|Swords Dance|p2a: Garchomp\n|-boost|p2a: Garchomp|atk|2\n|\n|upkeep\n|turn|3\n|\n|t:|1699786430\n|-terastallize|p1a: Glimmora|Bug\n|move|p2a: Garchomp|Earthquake|p1a: Glimmora\n|-resisted|p1a: Glimmora\n|-damage|p1a: Glimmora|62\/100\n|-activate|p1a: Glimmora|ability: Toxic Debris\n|-sidestart|p2: Catnavi|move: Toxic Spikes\n|move|p1a: Glimmora|Dazzling Gleam|p2a: Garchomp\n|-supereffective|p2a: Garchomp\n|-damage|p2a: Garchomp|33\/100\n|\n|-heal|p1a: Glimmora|69\/100|[from] item: Leftovers\n|upkeep\n|turn|4\n|\n|t:|1699786441\n|-zpower|p2a: Garchomp\n|move|p2a: Garchomp|Devastating Drake|p1a: Glimmora|[zeffect]\n|-damage|p1a: Glimmora|0 fnt\n|-activate|p1a: Glimmora|ability: Toxic Debris\n|-sidestart|p2: Catnavi|move: Toxic Spikes\n|faint|p1a: Glimmora\n|\n|upkeep\n|\n|t:|1699786444\n|switch|p1a: Abomasnow|Abomasnow, M|100\/100\n|-weather|Snow|[from] ability: Snow Warning|[of] p1a: Abomasnow\n|turn|5\n|\n|t:|1699786453\n|detailschange|p1a: Abomasnow|Abomasnow-Mega, M\n|-mega|p1a: Abomasnow|Abomasnow|Abomasite\n|move|p1a: Abomasnow|Ice Shard|p2a: Garchomp\n|-supereffective|p2a: Garchomp\n|-damage|p2a: Garchomp|0 fnt\n|faint|p2a: Garchomp\n|\n|-weather|Snow|[upkeep]\n|upkeep\n|\n|t:|1699786461\n|switch|p2a: Scizor|Scizor, M|100\/100\n|turn|6\n|\n|t:|1699786464\n|switch|p1a: Tauros|Tauros-Paldea-Blaze, M|88\/100\n|-ability|p1a: Tauros|Intimidate|boost\n|-unboost|p2a: Scizor|atk|1\n|detailschange|p2a: Scizor|Scizor-Mega, M\n|-mega|p2a: Scizor|Scizor|Scizorite\n|move|p2a: Scizor|U-turn|p1a: Tauros\n|-resisted|p1a: Tauros\n|-crit|p1a: Tauros\n|-damage|p1a: Tauros|74\/100\n|\n|t:|1699786471\n|switch|p2a: Thundurus|Thundurus, M|100\/100|[from] U-turn\n|\n|-weather|Snow|[upkeep]\n|upkeep\n|turn|7\n|\n|t:|1699786482\n|switch|p1a: Lanturn|Lanturn, M|100\/100\n|move|p2a: Thundurus|Defog|p1a: Lanturn\n|-unboost|p1a: Lanturn|evasion|1\n|-sideend|p2: Catnavi|Toxic Spikes|[from] move: Defog|[of] p2a: Thundurus\n|\n|-weather|Snow|[upkeep]\n|upkeep\n|turn|8\n|\n|t:|1699786506\n|move|p2a: Thundurus|Taunt|p1a: Lanturn\n|-start|p1a: Lanturn|move: Taunt\n|move|p1a: Lanturn|Thunderbolt|p2a: Thundurus\n|-damage|p2a: Thundurus|76\/100\n|-enditem|p2a: Thundurus|Eject Button\n|inactive|Catnavi has 120 seconds left.\n|\n|t:|1699786524\n|switch|p2a: Iron Valiant|Iron Valiant, shiny|100\/100\n|\n|-weather|Snow|[upkeep]\n|upkeep\n|turn|9\n|j| XYStarshine.\u661f\u8000\n|\n|t:|1699786540\n|switch|p1a: Revavroom|Revavroom, M|100\/100\n|-terastallize|p2a: Iron Valiant|Electric\n|move|p2a: Iron Valiant|Moonblast|p1a: Revavroom\n|-resisted|p1a: Revavroom\n|-damage|p1a: Revavroom|82\/100\n|-damage|p2a: Iron Valiant|91\/100|[from] item: Life Orb\n|\n|-weather|none\n|-heal|p1a: Revavroom|88\/100|[from] item: Leftovers\n|upkeep\n|turn|10\n|\n|t:|1699786554\n|-end|p2a: Iron Valiant|Quark Drive|[silent]\n|switch|p2a: Clawitzer|Clawitzer, M|100\/100\n|move|p1a: Revavroom|Shift Gear|p1a: Revavroom\n|-boost|p1a: Revavroom|spe|2\n|-boost|p1a: Revavroom|atk|1\n|\n|-heal|p1a: Revavroom|94\/100|[from] item: Leftovers\n|upkeep\n|turn|11\n|l| XYStarshine.\u661f\u8000\n|\n|t:|1699786565\n|move|p1a: Revavroom|Shift Gear|p1a: Revavroom\n|-boost|p1a: Revavroom|spe|2\n|-boost|p1a: Revavroom|atk|1\n|move|p2a: Clawitzer|Water Pulse|p1a: Revavroom\n|-damage|p1a: Revavroom|30\/100\n|\n|-heal|p1a: Revavroom|36\/100|[from] item: Leftovers\n|upkeep\n|turn|12\n|\n|t:|1699786577\n|move|p1a: Revavroom|Gunk Shot|p2a: Clawitzer|[miss]\n|-miss|p1a: Revavroom|p2a: Clawitzer\n|move|p2a: Clawitzer|Water Pulse|p1a: Revavroom\n|-damage|p1a: Revavroom|0 fnt\n|faint|p1a: Revavroom\n|\n|upkeep\n|\n|t:|1699786583\n|switch|p1a: Sigilyph|Sigilyph, M|100\/100\n|turn|13\n|\n|t:|1699786588\n|switch|p2a: Tapu Koko|Tapu Koko, shiny|100\/100\n|-fieldstart|move: Electric Terrain|[from] ability: Electric Surge|[of] p2a: Tapu Koko\n|move|p1a: Sigilyph|Energy Ball|p2a: Tapu Koko\n|-damage|p2a: Tapu Koko|44\/100\n|\n|upkeep\n|turn|14\n|\n|t:|1699786601\n|switch|p1a: Lanturn|Lanturn, M|100\/100\n|move|p2a: Tapu Koko|Volt Switch|p1a: Lanturn\n|-immune|p1a: Lanturn|[from] ability: Volt Absorb\n|\n|upkeep\n|turn|15\n|\n|t:|1699786617\n|switch|p2a: Scizor|Scizor-Mega, M|100\/100\n|move|p1a: Lanturn|Scald|p2a: Scizor\n|-damage|p2a: Scizor|70\/100\n|\n|upkeep\n|turn|16\n|\n|t:|1699786623\n|move|p2a: Scizor|Knock Off|p1a: Lanturn\n|-damage|p1a: Lanturn|63\/100\n|-enditem|p1a: Lanturn|Leftovers|[from] move: Knock Off|[of] p2a: Scizor\n|move|p1a: Lanturn|Thunder Wave|p2a: Scizor\n|-status|p2a: Scizor|par\n|\n|upkeep\n|turn|17\n|\n|t:|1699786629\n|switch|p1a: Tauros|Tauros-Paldea-Blaze, M|74\/100\n|-ability|p1a: Tauros|Intimidate|boost\n|-unboost|p2a: Scizor|atk|1\n|move|p2a: Scizor|U-turn|p1a: Tauros\n|-resisted|p1a: Tauros\n|-damage|p1a: Tauros|68\/100\n|\n|t:|1699786636\n|switch|p2a: Iron Valiant|Iron Valiant, shiny, tera:Electric|91\/100|[from] U-turn\n|-activate|p2a: Iron Valiant|ability: Quark Drive\n|-start|p2a: Iron Valiant|quarkdrivespe\n|\n|upkeep\n|turn|18\n|\n|t:|1699786655\n|switch|p1a: Abomasnow|Abomasnow-Mega, M|100\/100\n|-weather|Snow|[from] ability: Snow Warning|[of] p1a: Abomasnow\n|move|p2a: Iron Valiant|Moonblast|p1a: Abomasnow\n|-damage|p1a: Abomasnow|52\/100\n|-damage|p2a: Iron Valiant|81\/100|[from] item: Life Orb\n|\n|-weather|Snow|[upkeep]\n|upkeep\n|turn|19\n|\n|t:|1699786664\n|move|p2a: Iron Valiant|Close Combat|p1a: Abomasnow\n|-supereffective|p1a: Abomasnow\n|-damage|p1a: Abomasnow|0 fnt\n|-unboost|p2a: Iron Valiant|def|1\n|-unboost|p2a: Iron Valiant|spd|1\n|faint|p1a: Abomasnow\n|-damage|p2a: Iron Valiant|71\/100|[from] item: Life Orb\n|\n|-weather|Snow|[upkeep]\n|upkeep\n|\n|t:|1699786668\n|switch|p1a: Sigilyph|Sigilyph, M|100\/100\n|turn|20\n|\n|t:|1699786685\n|move|p2a: Iron Valiant|Thunderbolt|p1a: Sigilyph\n|-supereffective|p1a: Sigilyph\n|-damage|p1a: Sigilyph|0 fnt\n|faint|p1a: Sigilyph\n|-damage|p2a: Iron Valiant|62\/100|[from] item: Life Orb\n|\n|-weather|Snow|[upkeep]\n|-fieldend|move: Electric Terrain\n|-end|p2a: Iron Valiant|Quark Drive\n|upkeep\n|\n|t:|1699786690\n|switch|p1a: Lanturn|Lanturn, M|63\/100\n|turn|21\n|\n|t:|1699786693\n|move|p2a: Iron Valiant|Destiny Bond|p2a: Iron Valiant\n|-singlemove|p2a: Iron Valiant|Destiny Bond\n|move|p1a: Lanturn|Scald|p2a: Iron Valiant\n|-damage|p2a: Iron Valiant|0 fnt\n|faint|p2a: Iron Valiant\n|-activate|p2a: Iron Valiant|move: Destiny Bond\n|-end|p2a: Iron Valiant|Quark Drive|[silent]\n|faint|p1a: Lanturn\n|\n|-weather|Snow|[upkeep]\n|upkeep\n|\n|t:|1699786701\n|switch|p2a: Tapu Koko|Tapu Koko, shiny|44\/100\n|switch|p1a: Tauros|Tauros-Paldea-Blaze, M|68\/100\n|-fieldstart|move: Electric Terrain|[from] ability: Electric Surge|[of] p2a: Tapu Koko\n|-ability|p1a: Tauros|Intimidate|boost\n|-unboost|p2a: Tapu Koko|atk|1\n|turn|22\n|\n|t:|1699786707\n|move|p2a: Tapu Koko|Dazzling Gleam|p1a: Tauros\n|-damage|p1a: Tauros|28\/100\n|move|p1a: Tauros|Earthquake|p2a: Tapu Koko\n|-supereffective|p2a: Tapu Koko\n|-damage|p2a: Tapu Koko|0 fnt\n|faint|p2a: Tapu Koko\n|\n|-weather|none\n|upkeep\n|\n|t:|1699786712\n|switch|p2a: Thundurus|Thundurus, M|76\/100\n|turn|23\n|\n|t:|1699786720\n|move|p1a: Tauros|Raging Bull|p2a: Thundurus\n|-damage|p2a: Thundurus|26\/100\n|move|p2a: Thundurus|Acrobatics|p1a: Tauros\n|-supereffective|p1a: Tauros\n|-damage|p1a: Tauros|0 fnt\n|faint|p1a: Tauros\n|\n|win|Catnavi\n|raw|hydrodragon1236's rating: 1291 &rarr; <strong>1272<\/strong><br \/>(-19 for losing)\n|raw|Catnavi's rating: 1376 &rarr; <strong>1391<\/strong><br \/>(+15 for winning)\n|l|\u2606hydrodragon1236\n","uploadtime":1699786785,"views":8,"p1id":"hydrodragon1236","p2id":"catnavi","formatid":"gen9nationaldex","rating":1272,"private":0,"password":""}