{"id":"gen9nationaldex-1996761893","p1":"Autistic_Rabbit","p2":"MarisaStoleMySTAB","format":"[Gen 9] National Dex","log":"|html|<div class=\"broadcast-blue\"><strong>[Gen 9] National Dex is currently suspecting Sneasler! For information on how to participate check out the <a href=\"https:\/\/www.smogon.com\/forums\/threads\/sv-national-dex-suspect-8-just-dance.3731534\/\">suspect thread<\/a>.<\/strong><\/div>\n|j|\u2606Autistic_Rabbit\n|j|\u2606MarisaStoleMySTAB\n|t:|1700720881\n|gametype|singles\n|player|p1|Autistic_Rabbit|dawn|1510\n|player|p2|MarisaStoleMySTAB|roxie|1594\n|teamsize|p1|6\n|teamsize|p2|6\n|gen|9\n|tier|[Gen 9] National Dex\n|rated|\n|rule|HP Percentage Mod: HP is shown in percentages\n|rule|Endless Battle Clause: Forcing endless battles is banned\n|rule|OHKO Clause: OHKO moves are banned\n|rule|Evasion Clause: Evasion abilities, items, and moves are banned\n|rule|Evasion Abilities Clause: Evasion abilities are banned\n|rule|Evasion Items Clause: Evasion items are banned\n|rule|Evasion Moves Clause: Evasion moves are banned\n|rule|Species Clause: Limit one of each Pok\u00e9mon\n|rule|Sleep Clause Mod: Limit one foe put to sleep\n|clearpoke\n|poke|p1|Rillaboom, F|\n|poke|p1|Heatran, M|\n|poke|p1|Urshifu-*, M|\n|poke|p1|Slowking-Galar, F|\n|poke|p1|Thundurus-Therian, M|\n|poke|p1|Weezing-Galar, F|\n|poke|p2|Iron Valiant|\n|poke|p2|Aegislash, F|\n|poke|p2|Gliscor, F|\n|poke|p2|Great Tusk|\n|poke|p2|Dragonite, F|\n|poke|p2|Lopunny, F|\n|teampreview\n|\n|t:|1700720892\n|start\n|switch|p1a: Urshifu|Urshifu-Rapid-Strike, M|100\/100\n|switch|p2a: Lopunny|Lopunny, F|100\/100\n|turn|1\n|\n|t:|1700720899\n|switch|p1a: Weezing|Weezing-Galar, F|100\/100\n|-ability|p1a: Weezing|Neutralizing Gas\n|detailschange|p2a: Lopunny|Lopunny-Mega, F\n|-mega|p2a: Lopunny|Lopunny|Lopunnite\n|move|p2a: Lopunny|Fake Out|p1a: Weezing\n|-damage|p1a: Weezing|87\/100\n|\n|-heal|p1a: Weezing|93\/100|[from] item: Leftovers\n|upkeep\n|turn|2\n|\n|t:|1700720908\n|move|p2a: Lopunny|Power-Up Punch|p1a: Weezing\n|-resisted|p1a: Weezing\n|-damage|p1a: Weezing|90\/100\n|-boost|p2a: Lopunny|atk|1\n|move|p1a: Weezing|Will-O-Wisp|p2a: Lopunny\n|-status|p2a: Lopunny|brn\n|\n|-heal|p1a: Weezing|96\/100|[from] item: Leftovers\n|-damage|p2a: Lopunny|95\/100 brn|[from] brn\n|upkeep\n|turn|3\n|\n|t:|1700720920\n|move|p2a: Lopunny|Power-Up Punch|p1a: Weezing\n|-resisted|p1a: Weezing\n|-damage|p1a: Weezing|93\/100\n|-boost|p2a: Lopunny|atk|1\n|move|p1a: Weezing|Toxic Spikes|p2a: Lopunny\n|-sidestart|p2: MarisaStoleMySTAB|move: Toxic Spikes\n|\n|-heal|p1a: Weezing|99\/100|[from] item: Leftovers\n|-damage|p2a: Lopunny|89\/100 brn|[from] brn\n|upkeep\n|turn|4\n|\n|t:|1700720925\n|switch|p2a: Gliscor|Gliscor, F|100\/100\n|move|p1a: Weezing|Strange Steam|p2a: Gliscor\n|-damage|p2a: Gliscor|73\/100\n|\n|-heal|p1a: Weezing|100\/100|[from] item: Leftovers\n|-status|p2a: Gliscor|tox|[from] item: Toxic Orb\n|upkeep\n|turn|5\n|\n|t:|1700720934\n|-end|p1a: Weezing|ability: Neutralizing Gas\n|switch|p1a: Urshifu|Urshifu-Rapid-Strike, M|100\/100\n|move|p2a: Gliscor|Spikes|p1a: Urshifu\n|-sidestart|p1: Autistic_Rabbit|Spikes\n|\n|-heal|p2a: Gliscor|86\/100 tox|[from] ability: Poison Heal\n|upkeep\n|turn|6\n|\n|t:|1700720942\n|move|p1a: Urshifu|U-turn|p2a: Gliscor\n|-resisted|p2a: Gliscor\n|-damage|p2a: Gliscor|73\/100 tox\n|\n|t:|1700720945\n|switch|p1a: Weezing|Weezing-Galar, F|100\/100|[from] U-turn\n|-ability|p1a: Weezing|Neutralizing Gas\n|-damage|p1a: Weezing|88\/100|[from] Spikes\n|move|p2a: Gliscor|Toxic|p1a: Weezing\n|-immune|p1a: Weezing\n|\n|-heal|p1a: Weezing|94\/100|[from] item: Leftovers\n|-damage|p2a: Gliscor|60\/100 tox|[from] psn\n|upkeep\n|turn|7\n|\n|t:|1700720957\n|move|p2a: Gliscor|Earthquake|p1a: Weezing\n|-supereffective|p1a: Weezing\n|-damage|p1a: Weezing|50\/100\n|move|p1a: Weezing|Strange Steam|p2a: Gliscor\n|-damage|p2a: Gliscor|34\/100 tox\n|\n|-heal|p1a: Weezing|56\/100|[from] item: Leftovers\n|-damage|p2a: Gliscor|15\/100 tox|[from] psn\n|upkeep\n|turn|8\n|\n|t:|1700720974\n|switch|p2a: Lopunny|Lopunny-Mega, F|89\/100 brn\n|move|p1a: Weezing|Toxic Spikes|p2a: Lopunny\n|-sidestart|p2: MarisaStoleMySTAB|move: Toxic Spikes\n|\n|-heal|p1a: Weezing|62\/100|[from] item: Leftovers\n|-damage|p2a: Lopunny|83\/100 brn|[from] brn\n|upkeep\n|turn|9\n|j| CapitandelEspacio\n|\n|t:|1700720978\n|move|p2a: Lopunny|Fake Out|p1a: Weezing\n|-damage|p1a: Weezing|55\/100\n|cant|p1a: Weezing|flinch\n|\n|-heal|p1a: Weezing|61\/100|[from] item: Leftovers\n|-damage|p2a: Lopunny|77\/100 brn|[from] brn\n|upkeep\n|turn|10\n|\n|t:|1700720994\n|move|p2a: Lopunny|Close Combat|p1a: Weezing\n|-resisted|p1a: Weezing\n|-damage|p1a: Weezing|56\/100\n|-unboost|p2a: Lopunny|def|1\n|-unboost|p2a: Lopunny|spd|1\n|move|p1a: Weezing|Strange Steam|p2a: Lopunny\n|-supereffective|p2a: Lopunny\n|-damage|p2a: Lopunny|0 fnt\n|faint|p2a: Lopunny\n|\n|-heal|p1a: Weezing|62\/100|[from] item: Leftovers\n|upkeep\n|\n|t:|1700721000\n|switch|p2a: Great Tusk|Great Tusk|100\/100\n|-status|p2a: Great Tusk|tox\n|-enditem|p2a: Great Tusk|Booster Energy\n|-activate|p2a: Great Tusk|ability: Protosynthesis|[fromitem]\n|-start|p2a: Great Tusk|protosynthesisspe\n|turn|11\n|\n|t:|1700721008\n|-end|p1a: Weezing|ability: Neutralizing Gas\n|switch|p1a: Thundurus|Thundurus-Therian, M|100\/100\n|move|p2a: Great Tusk|Rapid Spin|p1a: Thundurus\n|-damage|p1a: Thundurus|80\/100\n|-boost|p2a: Great Tusk|spe|1\n|-sideend|p2: MarisaStoleMySTAB|Toxic Spikes|[from] move: Rapid Spin|[of] p2a: Great Tusk\n|\n|-damage|p2a: Great Tusk|94\/100 tox|[from] psn\n|upkeep\n|turn|12\n|\n|t:|1700721033\n|switch|p1a: Weezing|Weezing-Galar, F|62\/100\n|-ability|p1a: Weezing|Neutralizing Gas\n|-damage|p1a: Weezing|50\/100|[from] Spikes\n|move|p2a: Great Tusk|Bulk Up|p2a: Great Tusk\n|-boost|p2a: Great Tusk|atk|1\n|-boost|p2a: Great Tusk|def|1\n|\n|-heal|p1a: Weezing|56\/100|[from] item: Leftovers\n|-damage|p2a: Great Tusk|82\/100 tox|[from] psn\n|upkeep\n|turn|13\n|\n|t:|1700721041\n|move|p2a: Great Tusk|Earthquake|p1a: Weezing\n|-supereffective|p1a: Weezing\n|-damage|p1a: Weezing|0 fnt\n|faint|p1a: Weezing\n|-end|p1a: Weezing|ability: Neutralizing Gas\n|\n|-damage|p2a: Great Tusk|63\/100 tox|[from] psn\n|upkeep\n|\n|t:|1700721062\n|switch|p1a: Rillaboom|Rillaboom, F|100\/100\n|-damage|p1a: Rillaboom|88\/100|[from] Spikes\n|-fieldstart|move: Grassy Terrain|[from] ability: Grassy Surge|[of] p1a: Rillaboom\n|turn|14\n|\n|t:|1700721096\n|move|p1a: Rillaboom|Grassy Glide|p2a: Great Tusk\n|-supereffective|p2a: Great Tusk\n|-damage|p2a: Great Tusk|5\/100 tox\n|move|p2a: Great Tusk|Knock Off|p1a: Rillaboom\n|-damage|p1a: Rillaboom|38\/100\n|-enditem|p1a: Rillaboom|Choice Band|[from] move: Knock Off|[of] p2a: Great Tusk\n|\n|-heal|p2a: Great Tusk|11\/100 tox|[from] Grassy Terrain\n|-heal|p1a: Rillaboom|44\/100|[from] Grassy Terrain\n|-damage|p2a: Great Tusk|0 fnt|[from] psn\n|faint|p2a: Great Tusk\n|-end|p2a: Great Tusk|Protosynthesis|[silent]\n|upkeep\n|\n|t:|1700721104\n|switch|p2a: Gliscor|Gliscor, F|15\/100 tox\n|turn|15\n|\n|t:|1700721111\n|move|p2a: Gliscor|Protect|p2a: Gliscor\n|-singleturn|p2a: Gliscor|Protect\n|move|p1a: Rillaboom|Grassy Glide|p2a: Gliscor\n|-activate|p2a: Gliscor|move: Protect\n|\n|-heal|p1a: Rillaboom|51\/100|[from] Grassy Terrain\n|-heal|p2a: Gliscor|27\/100 tox|[from] ability: Poison Heal\n|upkeep\n|turn|16\n|\n|t:|1700721116\n|move|p1a: Rillaboom|Knock Off|p2a: Gliscor\n|-damage|p2a: Gliscor|0 fnt\n|-enditem|p2a: Gliscor|Toxic Orb|[from] move: Knock Off|[of] p1a: Rillaboom\n|faint|p2a: Gliscor\n|\n|-heal|p1a: Rillaboom|57\/100|[from] Grassy Terrain\n|upkeep\n|\n|t:|1700721121\n|switch|p2a: Dragonite|Dragonite, F|100\/100\n|turn|17\n|l|\u2606Autistic_Rabbit\n|player|p1|\n|j|\u2606Autistic_Rabbit\n|player|p1|Autistic_Rabbit|dawn\n|\n|t:|1700721155\n|move|p1a: Rillaboom|U-turn|p2a: Dragonite\n|-resisted|p2a: Dragonite\n|-damage|p2a: Dragonite|93\/100\n|\n|t:|1700721158\n|switch|p1a: Thundurus|Thundurus-Therian, M|80\/100|[from] U-turn\n|move|p2a: Dragonite|Dragon Dance|p2a: Dragonite\n|-boost|p2a: Dragonite|atk|1\n|-boost|p2a: Dragonite|spe|1\n|\n|upkeep\n|turn|18\n|\n|t:|1700721166\n|move|p1a: Thundurus|Hidden Power|p2a: Dragonite\n|-supereffective|p2a: Dragonite\n|-damage|p2a: Dragonite|2\/100\n|move|p2a: Dragonite|Dragon Dance|p2a: Dragonite\n|-boost|p2a: Dragonite|atk|1\n|-boost|p2a: Dragonite|spe|1\n|\n|-fieldend|move: Grassy Terrain\n|upkeep\n|turn|19\n|\n|t:|1700721180\n|move|p2a: Dragonite|Extreme Speed|p1a: Thundurus\n|-damage|p1a: Thundurus|0 fnt\n|faint|p1a: Thundurus\n|\n|upkeep\n|\n|t:|1700721196\n|switch|p1a: Slowking|Slowking-Galar, F|100\/100\n|turn|20\n|\n|t:|1700721213\n|-terastallize|p1a: Slowking|Dark\n|move|p2a: Dragonite|Earthquake|p1a: Slowking\n|-damage|p1a: Slowking|38\/100\n|move|p1a: Slowking|Sludge Bomb|p2a: Dragonite\n|-damage|p2a: Dragonite|0 fnt\n|faint|p2a: Dragonite\n|\n|upkeep\n|\n|t:|1700721219\n|switch|p2a: Aegislash|Aegislash, F, shiny|100\/100\n|turn|21\n|\n|t:|1700721225\n|move|p2a: Aegislash|Swords Dance|p2a: Aegislash\n|-boost|p2a: Aegislash|atk|2\n|move|p1a: Slowking|Thunder Wave|p2a: Aegislash\n|-status|p2a: Aegislash|par\n|\n|upkeep\n|turn|22\n|\n|t:|1700721234\n|move|p2a: Aegislash|Swords Dance|p2a: Aegislash\n|-boost|p2a: Aegislash|atk|2\n|move|p1a: Slowking|Chilly Reception|p1a: Slowking\n|-weather|Snow\n|\n|t:|1700721236\n|switch|p1a: Rillaboom|Rillaboom, F|57\/100|[from] Chilly Reception\n|-damage|p1a: Rillaboom|44\/100|[from] Spikes\n|-fieldstart|move: Grassy Terrain|[from] ability: Grassy Surge|[of] p1a: Rillaboom\n|\n|-weather|Snow|[upkeep]\n|-heal|p1a: Rillaboom|51\/100|[from] Grassy Terrain\n|upkeep\n|turn|23\n|\n|t:|1700721239\n|move|p2a: Aegislash|King's Shield|p2a: Aegislash\n|-singleturn|p2a: Aegislash|Protect\n|move|p1a: Rillaboom|Knock Off|p2a: Aegislash\n|-activate|p2a: Aegislash|move: Protect\n|-unboost|p1a: Rillaboom|atk|1\n|\n|-weather|Snow|[upkeep]\n|-heal|p1a: Rillaboom|57\/100|[from] Grassy Terrain\n|upkeep\n|turn|24\n|\n|t:|1700721246\n|move|p1a: Rillaboom|Knock Off|p2a: Aegislash\n|-supereffective|p2a: Aegislash\n|-damage|p2a: Aegislash|65\/100 par\n|-enditem|p2a: Aegislash|Leftovers|[from] move: Knock Off|[of] p1a: Rillaboom\n|cant|p2a: Aegislash|par\n|\n|-weather|Snow|[upkeep]\n|-heal|p1a: Rillaboom|63\/100|[from] Grassy Terrain\n|-heal|p2a: Aegislash|71\/100 par|[from] Grassy Terrain\n|upkeep\n|turn|25\n|\n|t:|1700721254\n|move|p2a: Aegislash|King's Shield|p2a: Aegislash\n|-singleturn|p2a: Aegislash|Protect\n|move|p1a: Rillaboom|U-turn|p2a: Aegislash\n|-activate|p2a: Aegislash|move: Protect\n|-unboost|p1a: Rillaboom|atk|1\n|\n|-weather|Snow|[upkeep]\n|-heal|p1a: Rillaboom|69\/100|[from] Grassy Terrain\n|-heal|p2a: Aegislash|77\/100 par|[from] Grassy Terrain\n|upkeep\n|turn|26\n|\n|t:|1700721263\n|switch|p1a: Slowking|Slowking-Galar, F, tera:Dark|71\/100\n|-formechange|p2a: Aegislash|Aegislash-Blade||[from] ability: Stance Change\n|move|p2a: Aegislash|Shadow Sneak|p1a: Slowking\n|-resisted|p1a: Slowking\n|-damage|p1a: Slowking|43\/100\n|\n|-weather|none\n|-heal|p2a: Aegislash|83\/100 par|[from] Grassy Terrain\n|-heal|p1a: Slowking|49\/100|[from] Grassy Terrain\n|-fieldend|move: Grassy Terrain\n|upkeep\n|turn|27\n|\n|t:|1700721274\n|-formechange|p2a: Aegislash|Aegislash||[from] ability: Stance Change\n|move|p2a: Aegislash|King's Shield|p2a: Aegislash\n|-singleturn|p2a: Aegislash|Protect\n|move|p1a: Slowking|Future Sight|p2a: Aegislash\n|-start|p1a: Slowking|move: Future Sight\n|\n|upkeep\n|turn|28\n|\n|t:|1700721281\n|-formechange|p2a: Aegislash|Aegislash-Blade||[from] ability: Stance Change\n|move|p2a: Aegislash|Iron Head|p1a: Slowking\n|-damage|p1a: Slowking|0 fnt\n|faint|p1a: Slowking\n|\n|upkeep\n|\n|t:|1700721287\n|switch|p1a: Urshifu|Urshifu-Rapid-Strike, M|100\/100\n|-damage|p1a: Urshifu|88\/100|[from] Spikes\n|turn|29\n|\n|t:|1700721292\n|cant|p2a: Aegislash|par\n|move|p1a: Urshifu|Surging Strikes|p2a: Aegislash\n|-crit|p2a: Aegislash\n|-damage|p2a: Aegislash|25\/100 par\n|-crit|p2a: Aegislash\n|-damage|p2a: Aegislash|0 fnt\n|faint|p2a: Aegislash\n|-hitcount|p2: Aegislash|2\n|\n|-hint|Future Sight did not hit because the target is fainted.\n|upkeep\n|\n|t:|1700721294\n|switch|p2a: Iron Valiant|Iron Valiant|100\/100\n|-enditem|p2a: Iron Valiant|Booster Energy\n|-activate|p2a: Iron Valiant|ability: Quark Drive|[fromitem]\n|-start|p2a: Iron Valiant|quarkdrivespe\n|turn|30\n|\n|t:|1700721302\n|switch|p1a: Rillaboom|Rillaboom, F|69\/100\n|-damage|p1a: Rillaboom|57\/100|[from] Spikes\n|-fieldstart|move: Grassy Terrain|[from] ability: Grassy Surge|[of] p1a: Rillaboom\n|move|p2a: Iron Valiant|Moonblast|p1a: Rillaboom\n|-damage|p1a: Rillaboom|0 fnt\n|faint|p1a: Rillaboom\n|\n|upkeep\n|\n|t:|1700721309\n|switch|p1a: Heatran|Heatran, M|100\/100\n|-damage|p1a: Heatran|88\/100|[from] Spikes\n|turn|31\n|\n|t:|1700721314\n|-terastallize|p2a: Iron Valiant|Electric\n|move|p2a: Iron Valiant|Calm Mind|p2a: Iron Valiant\n|-boost|p2a: Iron Valiant|spa|1\n|-boost|p2a: Iron Valiant|spd|1\n|move|p1a: Heatran|Magma Storm|p2a: Iron Valiant|[miss]\n|-miss|p1a: Heatran|p2a: Iron Valiant\n|\n|-heal|p1a: Heatran|94\/100|[from] Grassy Terrain\n|-heal|p1a: Heatran|100\/100|[from] item: Leftovers\n|upkeep\n|turn|32\n|\n|t:|1700721321\n|move|p2a: Iron Valiant|Aura Sphere|p1a: Heatran\n|-supereffective|p1a: Heatran\n|-damage|p1a: Heatran|27\/100\n|move|p1a: Heatran|Magma Storm|p2a: Iron Valiant|[miss]\n|-miss|p1a: Heatran|p2a: Iron Valiant\n|\n|-heal|p1a: Heatran|33\/100|[from] Grassy Terrain\n|-heal|p1a: Heatran|39\/100|[from] item: Leftovers\n|upkeep\n|turn|33\n|\n|t:|1700721327\n|move|p2a: Iron Valiant|Aura Sphere|p1a: Heatran\n|-supereffective|p1a: Heatran\n|-damage|p1a: Heatran|0 fnt\n|faint|p1a: Heatran\n|\n|upkeep\n|c|\u2606Autistic_Rabbit|\u597d\u597d\u597d\n|\n|t:|1700721334\n|switch|p1a: Urshifu|Urshifu-Rapid-Strike, M|88\/100\n|-damage|p1a: Urshifu|76\/100|[from] Spikes\n|turn|34\n|\n|t:|1700721335\n|move|p1a: Urshifu|Aqua Jet|p2a: Iron Valiant\n|-damage|p2a: Iron Valiant|61\/100\n|move|p2a: Iron Valiant|Moonblast|p1a: Urshifu\n|-supereffective|p1a: Urshifu\n|-damage|p1a: Urshifu|0 fnt\n|faint|p1a: Urshifu\n|\n|win|MarisaStoleMySTAB\n|raw|Autistic_Rabbit's rating: 1510 &rarr; <strong>1495<\/strong><br \/>(-15 for losing)\n|raw|MarisaStoleMySTAB's rating: 1594 &rarr; <strong>1609<\/strong><br \/>(+15 for winning)\n|l|\u2606MarisaStoleMySTAB\n","uploadtime":1700721344,"views":11,"p1id":"autisticrabbit","p2id":"marisastolemystab","formatid":"gen9nationaldex","rating":1495,"private":0,"password":""}