{"id":"gen9nationaldex-1993853730","p1":"QwakeG","p2":"bxlngsm","format":"[Gen 9] National Dex","log":"|j|\u2606QwakeG\n|j|\u2606bxlngsm\n|t:|1700365592\n|gametype|singles\n|player|p1|QwakeG|plasmagrunt-gen5bw|1466\n|player|p2|bxlngsm|2|1427\n|teamsize|p1|6\n|teamsize|p2|6\n|gen|9\n|tier|[Gen 9] National Dex\n|rated|\n|rule|HP Percentage Mod: HP is shown in percentages\n|rule|Endless Battle Clause: Forcing endless battles is banned\n|rule|OHKO Clause: OHKO moves are banned\n|rule|Evasion Clause: Evasion abilities, items, and moves are banned\n|rule|Evasion Abilities Clause: Evasion abilities are banned\n|rule|Evasion Items Clause: Evasion items are banned\n|rule|Evasion Moves Clause: Evasion moves are banned\n|rule|Species Clause: Limit one of each Pok\u00e9mon\n|rule|Sleep Clause Mod: Limit one foe put to sleep\n|clearpoke\n|poke|p1|Hawlucha, F|\n|poke|p1|Garganacl, F|\n|poke|p1|Gliscor, M|\n|poke|p1|Blastoise, M|\n|poke|p1|Excadrill, F|\n|poke|p1|Gardevoir, M|\n|poke|p2|Banette, M|\n|poke|p2|Samurott-Hisui, F|\n|poke|p2|Indeedee, M|\n|poke|p2|Grafaiai, F|\n|poke|p2|Quaquaval, F|\n|poke|p2|Tinkaton, F|\n|teampreview\n|inactive|Battle timer is ON: inactive players will automatically lose when time's up. (requested by QwakeG)\n|\n|t:|1700365617\n|start\n|switch|p1a: Hawlucha|Hawlucha, F|100\/100\n|switch|p2a: Samurott|Samurott-Hisui, F|100\/100\n|turn|1\n|\n|t:|1700365631\n|move|p1a: Hawlucha|Swagger|p2a: Samurott\n|-boost|p2a: Samurott|atk|2\n|-enditem|p1a: Hawlucha|Mirror Herb\n|-boost|p1a: Hawlucha|atk|2|[from] item: Mirror Herb\n|-start|p2a: Samurott|confusion\n|-activate|p2a: Samurott|confusion\n|-damage|p2a: Samurott|68\/100|[from] confusion\n|\n|upkeep\n|turn|2\n|\n|t:|1700365641\n|-terastallize|p2a: Samurott|Ghost\n|move|p1a: Hawlucha|Drain Punch|p2a: Samurott\n|-immune|p2a: Samurott\n|-activate|p2a: Samurott|confusion\n|move|p2a: Samurott|Encore|p1a: Hawlucha\n|-start|p1a: Hawlucha|Encore\n|\n|upkeep\n|turn|3\n|c|\u2606QwakeG|well played\n|\n|t:|1700365662\n|switch|p1a: Garganacl|Garganacl, F|100\/100\n|-activate|p2a: Samurott|confusion\n|-damage|p2a: Samurott|39\/100|[from] confusion\n|\n|upkeep\n|turn|4\n|\n|t:|1700365670\n|-activate|p2a: Samurott|confusion\n|-damage|p2a: Samurott|7\/100|[from] confusion\n|move|p1a: Garganacl|Stealth Rock|p2a: Samurott\n|-sidestart|p2: bxlngsm|move: Stealth Rock\n|\n|upkeep\n|turn|5\n|c|\u2606bxlngsm|oh\n|\n|t:|1700365686\n|-end|p2a: Samurott|confusion\n|move|p2a: Samurott|Ceaseless Edge|p1a: Garganacl\n|-damage|p1a: Garganacl|56\/100\n|-sidestart|p1: QwakeG|Spikes\n|move|p1a: Garganacl|Recover|p1a: Garganacl\n|-heal|p1a: Garganacl|100\/100\n|\n|upkeep\n|turn|6\n|\n|t:|1700365696\n|move|p2a: Samurott|Encore|p1a: Garganacl\n|-start|p1a: Garganacl|Encore\n|move|p1a: Garganacl|Recover||[still]\n|-fail|p1a: Garganacl|heal\n|\n|upkeep\n|turn|7\n|\n|t:|1700365712\n|switch|p1a: Hawlucha|Hawlucha, F|100\/100\n|move|p2a: Samurott|Razor Shell|p1a: Hawlucha\n|-crit|p1a: Hawlucha\n|-damage|p1a: Hawlucha|0 fnt\n|faint|p1a: Hawlucha\n|\n|upkeep\n|\n|t:|1700365722\n|switch|p1a: Excadrill|Excadrill, F|100\/100\n|-ability|p1a: Excadrill|Mold Breaker\n|turn|8\n|\n|t:|1700365731\n|move|p2a: Samurott|Aqua Jet|p1a: Excadrill\n|-supereffective|p1a: Excadrill\n|-damage|p1a: Excadrill|1\/100\n|move|p1a: Excadrill|Iron Head|p2a: Samurott\n|-damage|p2a: Samurott|0 fnt\n|faint|p2a: Samurott\n|\n|upkeep\n|c|\u2606QwakeG|wow\n|\n|t:|1700365754\n|switch|p2a: Quaquaval|Quaquaval, F|100\/100\n|-damage|p2a: Quaquaval|94\/100|[from] Stealth Rock\n|turn|9\n|\n|t:|1700365769\n|move|p1a: Excadrill|Rapid Spin|p2a: Quaquaval\n|-damage|p2a: Quaquaval|70\/100\n|-boost|p1a: Excadrill|spe|1\n|-sideend|p1: QwakeG|Spikes|[from] move: Rapid Spin|[of] p1a: Excadrill\n|move|p2a: Quaquaval|Aqua Step|p1a: Excadrill\n|-supereffective|p1a: Excadrill\n|-damage|p1a: Excadrill|0 fnt\n|-boost|p2a: Quaquaval|spe|1\n|faint|p1a: Excadrill\n|-ability|p2a: Quaquaval|Moxie|boost\n|-boost|p2a: Quaquaval|atk|1\n|\n|upkeep\n|inactive|QwakeG has 120 seconds left.\n|inactive|QwakeG has 90 seconds left.\n|\n|t:|1700365825\n|switch|p1a: Garganacl|Garganacl, F|100\/100\n|turn|10\n|inactive|QwakeG has 90 seconds left.\n|\n|t:|1700365837\n|-terastallize|p1a: Garganacl|Flying\n|move|p2a: Quaquaval|Aqua Step|p1a: Garganacl\n|-damage|p1a: Garganacl|69\/100\n|-boost|p2a: Quaquaval|spe|1\n|move|p1a: Garganacl|Salt Cure|p2a: Quaquaval\n|-resisted|p2a: Quaquaval\n|-damage|p2a: Quaquaval|62\/100\n|-start|p2a: Quaquaval|Salt Cure\n|\n|-heal|p1a: Garganacl|75\/100|[from] item: Leftovers\n|-damage|p2a: Quaquaval|37\/100|[from] Salt Cure\n|upkeep\n|turn|11\n|inactive|QwakeG has 90 seconds left.\n|\n|t:|1700365853\n|move|p2a: Quaquaval|Encore|p1a: Garganacl\n|-start|p1a: Garganacl|Encore\n|move|p1a: Garganacl|Salt Cure|p2a: Quaquaval\n|-resisted|p2a: Quaquaval\n|-damage|p2a: Quaquaval|28\/100\n|\n|-heal|p1a: Garganacl|81\/100|[from] item: Leftovers\n|-damage|p2a: Quaquaval|3\/100|[from] Salt Cure\n|upkeep\n|turn|12\n|inactive|QwakeG has 90 seconds left.\n|\n|t:|1700365866\n|switch|p1a: Blastoise|Blastoise, M|100\/100\n|move|p2a: Quaquaval|Aqua Step|p1a: Blastoise\n|-resisted|p1a: Blastoise\n|-damage|p1a: Blastoise|65\/100\n|-boost|p2a: Quaquaval|spe|1\n|\n|-damage|p2a: Quaquaval|0 fnt|[from] Salt Cure\n|faint|p2a: Quaquaval\n|upkeep\n|\n|t:|1700365878\n|switch|p2a: Indeedee|Indeedee, M|100\/100\n|-damage|p2a: Indeedee|88\/100|[from] Stealth Rock\n|-fieldstart|move: Psychic Terrain|[from] ability: Psychic Surge|[of] p2a: Indeedee\n|turn|13\n|\n|t:|1700365884\n|move|p2a: Indeedee|Expanding Force|p1a: Blastoise\n|-damage|p1a: Blastoise|0 fnt\n|faint|p1a: Blastoise\n|-damage|p2a: Indeedee|78\/100|[from] item: Life Orb\n|\n|upkeep\n|\n|t:|1700365897\n|switch|p1a: Gliscor|Gliscor, M|100\/100\n|turn|14\n|\n|t:|1700365902\n|move|p1a: Gliscor|U-turn|p2a: Indeedee\n|-supereffective|p2a: Indeedee\n|-damage|p2a: Indeedee|2\/100\n|\n|t:|1700365906\n|switch|p1a: Garganacl|Garganacl, F, tera:Flying|81\/100|[from] U-turn\n|move|p2a: Indeedee|Expanding Force|p1a: Garganacl\n|-damage|p1a: Garganacl|0 fnt\n|faint|p1a: Garganacl\n|-damage|p2a: Indeedee|0 fnt|[from] item: Life Orb\n|faint|p2a: Indeedee\n|\n|upkeep\n|\n|t:|1700365914\n|switch|p2a: Tinkaton|Tinkaton, F|100\/100\n|switch|p1a: Gliscor|Gliscor, M|100\/100\n|-damage|p2a: Tinkaton|94\/100|[from] Stealth Rock\n|-ability|p2a: Tinkaton|Mold Breaker\n|turn|15\n|inactive|QwakeG has 120 seconds left.\n|\n|t:|1700365931\n|move|p1a: Gliscor|Earthquake|p2a: Tinkaton\n|-supereffective|p2a: Tinkaton\n|-damage|p2a: Tinkaton|11\/100\n|move|p2a: Tinkaton|Knock Off|p1a: Gliscor\n|-damage|p1a: Gliscor|83\/100\n|-enditem|p1a: Gliscor|Choice Scarf|[from] move: Knock Off|[of] p2a: Tinkaton\n|\n|-heal|p2a: Tinkaton|17\/100|[from] item: Leftovers\n|upkeep\n|turn|16\n|\n|t:|1700365941\n|move|p1a: Gliscor|Earthquake|p2a: Tinkaton\n|-supereffective|p2a: Tinkaton\n|-damage|p2a: Tinkaton|0 fnt\n|faint|p2a: Tinkaton\n|\n|upkeep\n|\n|t:|1700365944\n|switch|p2a: Banette|Banette, M|100\/100\n|-damage|p2a: Banette|88\/100|[from] Stealth Rock\n|turn|17\n|\n|t:|1700365951\n|detailschange|p2a: Banette|Banette-Mega, M\n|-mega|p2a: Banette|Banette|Banettite\n|move|p2a: Banette|Destiny Bond|p2a: Banette\n|-singlemove|p2a: Banette|Destiny Bond\n|move|p1a: Gliscor|Earthquake|p2a: Banette\n|-damage|p2a: Banette|17\/100\n|\n|-fieldend|move: Psychic Terrain\n|upkeep\n|turn|18\n|\n|t:|1700365960\n|move|p1a: Gliscor|Earthquake|p2a: Banette\n|-damage|p2a: Banette|0 fnt\n|faint|p2a: Banette\n|-activate|p2a: Banette|move: Destiny Bond\n|faint|p1a: Gliscor\n|\n|upkeep\n|\n|t:|1700365965\n|switch|p1a: Gardevoir|Gardevoir, M|100\/100\n|switch|p2a: Grafaiai|Grafaiai, F|100\/100\n|-damage|p2a: Grafaiai|88\/100|[from] Stealth Rock\n|-ability|p1a: Gardevoir|Prankster|[from] ability: Trace|[of] p2a: Grafaiai\n|turn|19\n|\n|t:|1700365976\n|detailschange|p1a: Gardevoir|Gardevoir-Mega, M\n|-mega|p1a: Gardevoir|Gardevoir|Gardevoirite\n|move|p2a: Grafaiai|Gunk Shot|p1a: Gardevoir\n|-supereffective|p1a: Gardevoir\n|-damage|p1a: Gardevoir|0 fnt\n|faint|p1a: Gardevoir\n|\n|win|bxlngsm\n|raw|QwakeG's rating: 1466 &rarr; <strong>1444<\/strong><br \/>(-22 for losing)\n|raw|bxlngsm's rating: 1427 &rarr; <strong>1449<\/strong><br \/>(+22 for winning)\n|l|\u2606QwakeG\n","uploadtime":1700366047,"views":10,"p1id":"qwakeg","p2id":"bxlngsm","formatid":"gen9nationaldex","rating":1444,"private":0,"password":""}