{"id":"gen9nationaldex-1999692767","p1":"NDSNEZ yippee","p2":"sittingduck1080","format":"[Gen 9] National Dex","log":"|html|<div class=\"broadcast-blue\"><strong>[Gen 9] National Dex is currently suspecting Sneasler! For information on how to participate check out the <a href=\"https:\/\/www.smogon.com\/forums\/threads\/sv-national-dex-suspect-8-just-dance.3731534\/\">suspect thread<\/a>.<\/strong><\/div>\n|j|\u2606NDSNEZ yippee\n|j|\u2606sittingduck1080\n|t:|1701108337\n|gametype|singles\n|player|p1|NDSNEZ yippee|az|1467\n|player|p2|sittingduck1080|rocketgrunt|1382\n|teamsize|p1|6\n|teamsize|p2|6\n|gen|9\n|tier|[Gen 9] National Dex\n|rated|\n|rule|HP Percentage Mod: HP is shown in percentages\n|rule|Endless Battle Clause: Forcing endless battles is banned\n|rule|OHKO Clause: OHKO moves are banned\n|rule|Evasion Clause: Evasion abilities, items, and moves are banned\n|rule|Evasion Abilities Clause: Evasion abilities are banned\n|rule|Evasion Items Clause: Evasion items are banned\n|rule|Evasion Moves Clause: Evasion moves are banned\n|rule|Species Clause: Limit one of each Pok\u00e9mon\n|rule|Sleep Clause Mod: Limit one foe put to sleep\n|clearpoke\n|poke|p1|Landorus-Therian, M|\n|poke|p1|Tapu Koko|\n|poke|p1|Tapu Lele|\n|poke|p1|Sneasler, M|\n|poke|p1|Iron Valiant|\n|poke|p1|Heatran, M|\n|poke|p2|Ogerpon-Wellspring, F|\n|poke|p2|Tyranitar, F|\n|poke|p2|Heatran, F|\n|poke|p2|Slowking-Galar, M|\n|poke|p2|Gliscor, F|\n|poke|p2|Tornadus-Therian, M|\n|teampreview\n|inactive|Battle timer is ON: inactive players will automatically lose when time's up. (requested by NDSNEZ yippee)\n|\n|t:|1701108364\n|start\n|switch|p1a: Great Therian|Landorus-Therian, M|100\/100\n|switch|p2a: Gliscor|Gliscor, F, shiny|100\/100\n|-ability|p1a: Great Therian|Intimidate|boost\n|-unboost|p2a: Gliscor|atk|1\n|turn|1\n|\n|t:|1701108372\n|move|p2a: Gliscor|Toxic|p1a: Great Therian\n|-status|p1a: Great Therian|tox\n|move|p1a: Great Therian|Stealth Rock|p2a: Gliscor\n|-sidestart|p2: sittingduck1080|move: Stealth Rock\n|\n|-damage|p1a: Great Therian|94\/100 tox|[from] psn\n|-status|p2a: Gliscor|tox|[from] item: Toxic Orb\n|upkeep\n|turn|2\n|\n|t:|1701108381\n|switch|p1a: We Love Sneasler|Tapu Lele|100\/100\n|-fieldstart|move: Psychic Terrain|[from] ability: Psychic Surge|[of] p1a: We Love Sneasler\n|move|p2a: Gliscor|Spikes|p1a: We Love Sneasler\n|-sidestart|p1: NDSNEZ yippee|Spikes\n|\n|upkeep\n|turn|3\n|\n|t:|1701108390\n|switch|p2a: Heatran|Heatran, F, shiny|100\/100\n|-damage|p2a: Heatran|88\/100|[from] Stealth Rock\n|move|p1a: We Love Sneasler|Future Sight|p2a: Heatran\n|-start|p1a: We Love Sneasler|move: Future Sight\n|\n|-heal|p2a: Heatran|94\/100|[from] item: Leftovers\n|upkeep\n|turn|4\n|\n|t:|1701108401\n|switch|p1a: magma storm :)|Heatran, M|100\/100\n|-damage|p1a: magma storm :)|88\/100|[from] Spikes\n|move|p2a: Heatran|Magma Storm|p1a: magma storm :)\n|-start|p1a: magma storm :)|ability: Flash Fire\n|\n|-heal|p2a: Heatran|100\/100|[from] item: Leftovers\n|-heal|p1a: magma storm :)|94\/100|[from] item: Leftovers\n|upkeep\n|turn|5\n|\n|t:|1701108415\n|move|p2a: Heatran|Earth Power|p1a: magma storm :)\n|-supereffective|p1a: magma storm :)\n|-damage|p1a: magma storm :)|28\/100\n|move|p1a: magma storm :)|Earth Power|p2a: Heatran\n|-supereffective|p2a: Heatran\n|-damage|p2a: Heatran|32\/100\n|\n|-end|p2a: Heatran|move: Future Sight\n|-resisted|p2a: Heatran\n|-damage|p2a: Heatran|5\/100\n|-heal|p2a: Heatran|12\/100|[from] item: Leftovers\n|-heal|p1a: magma storm :)|34\/100|[from] item: Leftovers\n|upkeep\n|turn|6\n|\n|t:|1701108428\n|move|p2a: Heatran|Earth Power|p1a: magma storm :)\n|-supereffective|p1a: magma storm :)\n|-damage|p1a: magma storm :)|0 fnt\n|faint|p1a: magma storm :)\n|\n|-heal|p2a: Heatran|18\/100|[from] item: Leftovers\n|-fieldend|move: Psychic Terrain\n|upkeep\n|\n|t:|1701108438\n|switch|p1a: Great Therian|Landorus-Therian, M|94\/100 tox\n|-ability|p1a: Great Therian|Intimidate|boost\n|-unboost|p2a: Heatran|atk|1\n|turn|7\n|\n|t:|1701108446\n|switch|p2a: Gliscor|Gliscor, F, shiny|100\/100 tox\n|-damage|p2a: Gliscor|88\/100 tox|[from] Stealth Rock\n|move|p1a: Great Therian|U-turn|p2a: Gliscor\n|-resisted|p2a: Gliscor\n|-damage|p2a: Gliscor|81\/100 tox\n|\n|t:|1701108451\n|switch|p1a: We Love Sneasler|Tapu Lele|100\/100|[from] U-turn\n|-damage|p1a: We Love Sneasler|88\/100|[from] Spikes\n|-fieldstart|move: Psychic Terrain|[from] ability: Psychic Surge|[of] p1a: We Love Sneasler\n|\n|-heal|p2a: Gliscor|93\/100 tox|[from] ability: Poison Heal\n|upkeep\n|turn|8\n|\n|t:|1701108469\n|move|p1a: We Love Sneasler|Future Sight|p2a: Gliscor\n|-start|p1a: We Love Sneasler|move: Future Sight\n|move|p2a: Gliscor|Toxic|p1a: We Love Sneasler\n|-status|p1a: We Love Sneasler|tox\n|\n|-damage|p1a: We Love Sneasler|82\/100 tox|[from] psn\n|-heal|p2a: Gliscor|100\/100 tox|[from] ability: Poison Heal\n|upkeep\n|turn|9\n|\n|t:|1701108490\n|switch|p1a: Great Therian|Landorus-Therian, M|94\/100 tox\n|-ability|p1a: Great Therian|Intimidate|boost\n|-unboost|p2a: Gliscor|atk|1\n|move|p2a: Gliscor|Spikes|p1a: Great Therian\n|-sidestart|p1: NDSNEZ yippee|Spikes\n|\n|-damage|p1a: Great Therian|88\/100 tox|[from] psn\n|upkeep\n|turn|10\n|\n|t:|1701108499\n|switch|p2a: Tyranitar|Tyranitar, F|100\/100\n|-damage|p2a: Tyranitar|88\/100|[from] Stealth Rock\n|-weather|Sandstorm|[from] ability: Sand Stream|[of] p2a: Tyranitar\n|move|p1a: Great Therian|U-turn|p2a: Tyranitar\n|-supereffective|p2a: Tyranitar\n|-damage|p2a: Tyranitar|49\/100\n|\n|t:|1701108505\n|switch|p1a: We Love Valiant|Tapu Koko|100\/100|[from] U-turn\n|-fieldstart|move: Electric Terrain|[from] ability: Electric Surge|[of] p1a: We Love Valiant\n|\n|-weather|Sandstorm|[upkeep]\n|-damage|p1a: We Love Valiant|94\/100|[from] Sandstorm\n|-end|p2a: Tyranitar|move: Future Sight\n|-immune|p2a: Tyranitar\n|upkeep\n|turn|11\n|\n|t:|1701108523\n|switch|p2a: Slowking|Slowking-Galar, M, shiny|100\/100\n|move|p1a: We Love Valiant|Dazzling Gleam|p2a: Slowking\n|-resisted|p2a: Slowking\n|-damage|p2a: Slowking|87\/100\n|\n|-weather|Sandstorm|[upkeep]\n|-damage|p1a: We Love Valiant|88\/100|[from] Sandstorm\n|-damage|p2a: Slowking|81\/100|[from] Sandstorm\n|upkeep\n|turn|12\n|\n|t:|1701108535\n|move|p1a: We Love Valiant|Defog|p2a: Slowking\n|-unboost|p2a: Slowking|evasion|1\n|-sideend|p2: sittingduck1080|Stealth Rock|[from] move: Defog|[of] p1a: We Love Valiant\n|-sideend|p1: NDSNEZ yippee|Spikes|[from] move: Defog|[of] p1a: We Love Valiant\n|-fieldend|move: Electric Terrain\n|move|p2a: Slowking|Future Sight|p1a: We Love Valiant\n|-start|p2a: Slowking|move: Future Sight\n|\n|-weather|Sandstorm|[upkeep]\n|-damage|p1a: We Love Valiant|82\/100|[from] Sandstorm\n|-damage|p2a: Slowking|75\/100|[from] Sandstorm\n|upkeep\n|turn|13\n|\n|t:|1701108544\n|move|p1a: We Love Valiant|U-turn|p2a: Slowking\n|-damage|p2a: Slowking|63\/100\n|\n|t:|1701108547\n|switch|p1a: Great Therian|Landorus-Therian, M|88\/100 tox|[from] U-turn\n|-ability|p1a: Great Therian|Intimidate|boost\n|-unboost|p2a: Slowking|atk|1\n|move|p2a: Slowking|Chilly Reception|p2a: Slowking\n|-weather|Snow\n|\n|t:|1701108555\n|switch|p2a: Gliscor|Gliscor, F, shiny|100\/100 tox|[from] Chilly Reception\n|\n|-weather|Snow|[upkeep]\n|-damage|p1a: Great Therian|82\/100 tox|[from] psn\n|upkeep\n|turn|14\n|\n|t:|1701108568\n|move|p2a: Gliscor|Spikes|p1a: Great Therian\n|-sidestart|p1: NDSNEZ yippee|Spikes\n|move|p1a: Great Therian|U-turn|p2a: Gliscor\n|-resisted|p2a: Gliscor\n|-damage|p2a: Gliscor|93\/100 tox\n|\n|t:|1701108571\n|switch|p1a: Iron Gender|Iron Valiant|100\/100|[from] U-turn\n|-damage|p1a: Iron Gender|88\/100|[from] Spikes\n|\n|-weather|Snow|[upkeep]\n|-end|p1a: Iron Gender|move: Future Sight\n|-supereffective|p1a: Iron Gender\n|-damage|p1a: Iron Gender|0 fnt\n|faint|p1a: Iron Gender\n|-end|p1a: Iron Gender|Quark Drive|[silent]\n|-heal|p2a: Gliscor|100\/100 tox|[from] ability: Poison Heal\n|upkeep\n|-message|NDSNEZ yippee forfeited.\n|\n|win|sittingduck1080\n|raw|NDSNEZ yippee's rating: 1467 &rarr; <strong>1442<\/strong><br \/>(-25 for losing)\n|raw|sittingduck1080's rating: 1382 &rarr; <strong>1407<\/strong><br \/>(+25 for winning)\n|l|\u2606NDSNEZ yippee\n","uploadtime":1701108596,"views":1,"p1id":"ndsnezyippee","p2id":"sittingduck1080","formatid":"gen9nationaldex","rating":1407,"private":0,"password":""}