{"id":"gen9nationaldex-1998129816","p1":"Kanartana Arima","p2":"ldsadsadcsf","format":"[Gen 9] National Dex","log":"|html|<div class=\"broadcast-blue\"><strong>[Gen 9] National Dex is currently suspecting Sneasler! For information on how to participate check out the <a href=\"https:\/\/www.smogon.com\/forums\/threads\/sv-national-dex-suspect-8-just-dance.3731534\/\">suspect thread<\/a>.<\/strong><\/div>\n|j|\u2606Kanartana Arima\n|j|\u2606ldsadsadcsf\n|t:|1700896839\n|gametype|singles\n|player|p1|Kanartana Arima|baker|1436\n|player|p2|ldsadsadcsf|unknown|1426\n|teamsize|p1|6\n|teamsize|p2|6\n|gen|9\n|tier|[Gen 9] National Dex\n|rated|\n|rule|HP Percentage Mod: HP is shown in percentages\n|rule|Endless Battle Clause: Forcing endless battles is banned\n|rule|OHKO Clause: OHKO moves are banned\n|rule|Evasion Clause: Evasion abilities, items, and moves are banned\n|rule|Evasion Abilities Clause: Evasion abilities are banned\n|rule|Evasion Items Clause: Evasion items are banned\n|rule|Evasion Moves Clause: Evasion moves are banned\n|rule|Species Clause: Limit one of each Pok\u00e9mon\n|rule|Sleep Clause Mod: Limit one foe put to sleep\n|clearpoke\n|poke|p1|Aurorus, F|\n|poke|p1|Wigglytuff, M|\n|poke|p1|Arbok, F|\n|poke|p1|Sandaconda, M|\n|poke|p1|Serperior, F|\n|poke|p1|Milotic, F|\n|poke|p2|Sneasler, F|\n|poke|p2|Victini|\n|poke|p2|Charizard, F|\n|poke|p2|Rillaboom, F|\n|poke|p2|Azelf|\n|poke|p2|Zapdos|\n|teampreview\n|inactive|Battle timer is ON: inactive players will automatically lose when time's up. (requested by ldsadsadcsf)\n|\n|t:|1700896848\n|start\n|switch|p1a: WBG|Wigglytuff, M|100\/100\n|switch|p2a: Azelf|Azelf, shiny|100\/100\n|turn|1\n|\n|t:|1700896855\n|move|p2a: Azelf|Stealth Rock|p1a: WBG\n|-sidestart|p1: Kanartana Arima|move: Stealth Rock\n|move|p1a: WBG|Dazzling Gleam|p2a: Azelf\n|-damage|p2a: Azelf|43\/100\n|\n|upkeep\n|turn|2\n|\n|t:|1700896864\n|move|p2a: Azelf|Explosion|p1a: WBG\n|-damage|p1a: WBG|0 fnt\n|faint|p2a: Azelf\n|faint|p1a: WBG\n|\n|upkeep\n|\n|t:|1700896877\n|switch|p2a: Victini|Victini|100\/100\n|switch|p1a: Contrarian|Serperior, F, shiny|100\/100\n|-damage|p1a: Contrarian|88\/100|[from] Stealth Rock\n|turn|3\n|\n|t:|1700896881\n|move|p2a: Victini|U-turn|p1a: Contrarian\n|-supereffective|p1a: Contrarian\n|-damage|p1a: Contrarian|37\/100\n|\n|t:|1700896884\n|switch|p2a: Rillaboom|Rillaboom, F, shiny|100\/100|[from] U-turn\n|-fieldstart|move: Grassy Terrain|[from] ability: Grassy Surge|[of] p2a: Rillaboom\n|move|p1a: Contrarian|Defog|p2a: Rillaboom\n|-unboost|p2a: Rillaboom|evasion|1\n|-sideend|p1: Kanartana Arima|Stealth Rock|[from] move: Defog|[of] p1a: Contrarian\n|-fieldend|move: Grassy Terrain\n|\n|upkeep\n|turn|4\n|\n|t:|1700896889\n|switch|p1a: Hsssss|Arbok, F|100\/100\n|-ability|p1a: Hsssss|Intimidate|boost\n|-unboost|p2a: Rillaboom|atk|1\n|move|p2a: Rillaboom|U-turn|p1a: Hsssss\n|-resisted|p1a: Hsssss\n|-damage|p1a: Hsssss|81\/100\n|\n|t:|1700896913\n|switch|p2a: Victini|Victini|100\/100|[from] U-turn\n|\n|upkeep\n|turn|5\n|\n|t:|1700896920\n|move|p2a: Victini|Zen Headbutt|p1a: Hsssss\n|-supereffective|p1a: Hsssss\n|-damage|p1a: Hsssss|0 fnt\n|faint|p1a: Hsssss\n|\n|upkeep\n|\n|t:|1700896923\n|switch|p1a: Illustrious|Aurorus, F|100\/100\n|-weather|Snow|[from] ability: Snow Warning|[of] p1a: Illustrious\n|turn|6\n|\n|t:|1700896932\n|switch|p2a: Rillaboom|Rillaboom, F, shiny|100\/100\n|-fieldstart|move: Grassy Terrain|[from] ability: Grassy Surge|[of] p2a: Rillaboom\n|move|p1a: Illustrious|Aurora Veil|p1a: Illustrious\n|-sidestart|p1: Kanartana Arima|move: Aurora Veil\n|\n|-weather|Snow|[upkeep]\n|upkeep\n|turn|7\n|\n|t:|1700896943\n|move|p2a: Rillaboom|Wood Hammer|p1a: Illustrious\n|-supereffective|p1a: Illustrious\n|-damage|p1a: Illustrious|21\/100\n|-damage|p2a: Rillaboom|66\/100|[from] Recoil\n|move|p1a: Illustrious|Freeze-Dry|p2a: Rillaboom\n|-supereffective|p2a: Rillaboom\n|-damage|p2a: Rillaboom|0 fnt\n|faint|p2a: Rillaboom\n|\n|-weather|Snow|[upkeep]\n|-heal|p1a: Illustrious|28\/100|[from] Grassy Terrain\n|upkeep\n|\n|t:|1700896950\n|switch|p2a: Sneasler|Sneasler, F|100\/100\n|-enditem|p2a: Sneasler|Grassy Seed\n|-boost|p2a: Sneasler|def|1|[from] item: Grassy Seed\n|turn|8\n|\n|t:|1700896956\n|move|p2a: Sneasler|Swords Dance|p2a: Sneasler\n|-boost|p2a: Sneasler|atk|2\n|move|p1a: Illustrious|Earth Power|p2a: Sneasler\n|-supereffective|p2a: Sneasler\n|-damage|p2a: Sneasler|28\/100\n|\n|-weather|Snow|[upkeep]\n|-heal|p2a: Sneasler|34\/100|[from] Grassy Terrain\n|-heal|p1a: Illustrious|34\/100|[from] Grassy Terrain\n|upkeep\n|turn|9\n|\n|t:|1700896963\n|-terastallize|p1a: Illustrious|Fairy\n|move|p2a: Sneasler|Close Combat|p1a: Illustrious\n|-resisted|p1a: Illustrious\n|-damage|p1a: Illustrious|0 fnt\n|-unboost|p2a: Sneasler|def|1\n|-unboost|p2a: Sneasler|spd|1\n|faint|p1a: Illustrious\n|\n|-weather|Snow|[upkeep]\n|-heal|p2a: Sneasler|40\/100|[from] Grassy Terrain\n|upkeep\n|\n|t:|1700896971\n|switch|p1a: Sand Spits Lies|Sandaconda, M|100\/100\n|turn|10\n|\n|t:|1700896987\n|switch|p2a: Zapdos|Zapdos, shiny|100\/100\n|move|p1a: Sand Spits Lies|Coil|p1a: Sand Spits Lies\n|-boost|p1a: Sand Spits Lies|atk|1\n|-boost|p1a: Sand Spits Lies|def|1\n|-boost|p1a: Sand Spits Lies|accuracy|1\n|\n|-weather|none\n|-fieldend|move: Grassy Terrain\n|upkeep\n|turn|11\n|\n|t:|1700896995\n|move|p2a: Zapdos|Defog|p1a: Sand Spits Lies\n|-unboost|p1a: Sand Spits Lies|evasion|1\n|-sideend|p1: Kanartana Arima|move: Aurora Veil\n|move|p1a: Sand Spits Lies|Rock Blast|p2a: Zapdos\n|-supereffective|p2a: Zapdos\n|-damage|p2a: Zapdos|81\/100\n|-supereffective|p2a: Zapdos\n|-damage|p2a: Zapdos|61\/100\n|-supereffective|p2a: Zapdos\n|-crit|p2a: Zapdos\n|-damage|p2a: Zapdos|33\/100\n|-supereffective|p2a: Zapdos\n|-damage|p2a: Zapdos|15\/100\n|-supereffective|p2a: Zapdos\n|-damage|p2a: Zapdos|0 fnt\n|faint|p2a: Zapdos\n|-hitcount|p2: Zapdos|5\n|\n|upkeep\n|\n|t:|1700897002\n|switch|p2a: Charizard|Charizard, F|100\/100\n|turn|12\n|\n|t:|1700897007\n|detailschange|p2a: Charizard|Charizard-Mega-Y, F\n|-mega|p2a: Charizard|Charizard|Charizardite Y\n|-weather|SunnyDay|[from] ability: Drought|[of] p2a: Charizard\n|move|p2a: Charizard|Solar Beam||[still]\n|-prepare|p2a: Charizard|Solar Beam\n|-anim|p2a: Charizard|Solar Beam|p1a: Sand Spits Lies\n|-supereffective|p1a: Sand Spits Lies\n|-damage|p1a: Sand Spits Lies|0 fnt\n|-weather|Sandstorm|[from] ability: Sand Spit|[of] p1a: Sand Spits Lies\n|faint|p1a: Sand Spits Lies\n|\n|-weather|Sandstorm|[upkeep]\n|-damage|p2a: Charizard|94\/100|[from] Sandstorm\n|upkeep\n|\n|t:|1700897015\n|switch|p1a: bestie beatdown|Milotic, F|100\/100\n|turn|13\n|\n|t:|1700897031\n|switch|p2a: Sneasler|Sneasler, F|40\/100\n|move|p1a: bestie beatdown|Dragon Dance|p1a: bestie beatdown\n|-boost|p1a: bestie beatdown|atk|1\n|-boost|p1a: bestie beatdown|spe|1\n|\n|-weather|Sandstorm|[upkeep]\n|-damage|p2a: Sneasler|34\/100|[from] Sandstorm\n|-damage|p1a: bestie beatdown|94\/100|[from] Sandstorm\n|-heal|p1a: bestie beatdown|100\/100|[from] item: Leftovers\n|upkeep\n|turn|14\n|\n|t:|1700897039\n|move|p2a: Sneasler|Close Combat|p1a: bestie beatdown\n|-damage|p1a: bestie beatdown|28\/100\n|-unboost|p2a: Sneasler|def|1\n|-unboost|p2a: Sneasler|spd|1\n|move|p1a: bestie beatdown|Coil|p1a: bestie beatdown\n|-boost|p1a: bestie beatdown|atk|1\n|-boost|p1a: bestie beatdown|def|1\n|-boost|p1a: bestie beatdown|accuracy|1\n|\n|-weather|Sandstorm|[upkeep]\n|-damage|p2a: Sneasler|28\/100|[from] Sandstorm\n|-damage|p1a: bestie beatdown|22\/100|[from] Sandstorm\n|-heal|p1a: bestie beatdown|28\/100|[from] item: Leftovers\n|upkeep\n|turn|15\n|\n|t:|1700897046\n|move|p2a: Sneasler|Close Combat|p1a: bestie beatdown\n|-damage|p1a: bestie beatdown|0 fnt\n|-unboost|p2a: Sneasler|def|1\n|-unboost|p2a: Sneasler|spd|1\n|faint|p1a: bestie beatdown\n|\n|-weather|Sandstorm|[upkeep]\n|-damage|p2a: Sneasler|22\/100|[from] Sandstorm\n|upkeep\n|-message|Kanartana Arima forfeited.\n|\n|win|ldsadsadcsf\n|raw|Kanartana Arima's rating: 1452 &rarr; <strong>1431<\/strong><br \/>(-21 for losing)\n|raw|ldsadsadcsf's rating: 1426 &rarr; <strong>1447<\/strong><br \/>(+21 for winning)\n|l|\u2606Kanartana Arima\n","uploadtime":1700897059,"views":5,"p1id":"kanartanaarima","p2id":"ldsadsadcsf","formatid":"gen9nationaldex","rating":1431,"private":0,"password":""}