{"id":"gen9nationaldex-1993565745","p1":"akyraaiko","p2":"Ekkogandr","format":"[Gen 9] National Dex","log":"|j|\u2606akyraaiko\n|j|\u2606Ekkogandr\n|t:|1700332403\n|gametype|singles\n|player|p1|akyraaiko|265|\n|player|p2|Ekkogandr|turo-ai|\n|teamsize|p1|6\n|teamsize|p2|6\n|gen|9\n|tier|[Gen 9] National Dex\n|rule|HP Percentage Mod: HP is shown in percentages\n|rule|Endless Battle Clause: Forcing endless battles is banned\n|rule|OHKO Clause: OHKO moves are banned\n|rule|Evasion Clause: Evasion abilities, items, and moves are banned\n|rule|Evasion Abilities Clause: Evasion abilities are banned\n|rule|Evasion Items Clause: Evasion items are banned\n|rule|Evasion Moves Clause: Evasion moves are banned\n|rule|Species Clause: Limit one of each Pok\u00e9mon\n|rule|Sleep Clause Mod: Limit one foe put to sleep\n|clearpoke\n|poke|p1|Sneasler, M|\n|poke|p1|Rillaboom, M|\n|poke|p1|Zoroark-Hisui, F|\n|poke|p1|Aerodactyl, M|\n|poke|p1|Lycanroc-Dusk, F|\n|poke|p1|Urshifu-*, F|\n|poke|p2|Zamazenta-*|\n|poke|p2|Scizor, F|\n|poke|p2|Tapu Lele|\n|poke|p2|Landorus-Therian, M|\n|poke|p2|Ting-Lu|\n|poke|p2|Rotom-Wash|\n|teampreview\n|\n|t:|1700332413\n|start\n|switch|p1a: OKOSAAAA|Rillaboom, M|100\/100\n|switch|p2a: Landorus|Landorus-Therian, M|100\/100\n|-fieldstart|move: Grassy Terrain|[from] ability: Grassy Surge|[of] p1a: OKOSAAAA\n|-ability|p2a: Landorus|Intimidate|boost\n|-unboost|p1a: OKOSAAAA|atk|1\n|turn|1\n|c|\u2606Ekkogandr|quer ver um bagulho legal\n|\n|t:|1700332432\n|move|p1a: OKOSAAAA|U-turn|p2a: Landorus\n|-resisted|p2a: Landorus\n|-damage|p2a: Landorus|92\/100\n|-damage|p1a: OKOSAAAA|84\/100|[from] item: Rocky Helmet|[of] p2a: Landorus\n|\n|t:|1700332436\n|switch|p1a: Aerodactyl|Aerodactyl, M|100\/100|[from] U-turn\n|move|p2a: Landorus|Stealth Rock|p1a: Aerodactyl\n|-sidestart|p1: akyraaiko|move: Stealth Rock\n|\n|upkeep\n|turn|2\n|\n|t:|1700332451\n|detailschange|p1a: Aerodactyl|Aerodactyl-Mega, M\n|-mega|p1a: Aerodactyl|Aerodactyl|Aerodactylite\n|move|p1a: Aerodactyl|Stone Edge|p2a: Landorus\n|-damage|p2a: Landorus|57\/100\n|move|p2a: Landorus|Hidden Power|p1a: Aerodactyl\n|-supereffective|p1a: Aerodactyl\n|-damage|p1a: Aerodactyl|70\/100\n|\n|upkeep\n|turn|3\n|\n|t:|1700332460\n|move|p1a: Aerodactyl|Stone Edge|p2a: Landorus\n|-damage|p2a: Landorus|21\/100\n|move|p2a: Landorus|U-turn|p1a: Aerodactyl\n|-resisted|p1a: Aerodactyl\n|-damage|p1a: Aerodactyl|57\/100\n|\n|t:|1700332463\n|switch|p2a: Scizor|Scizor, F|100\/100|[from] U-turn\n|\n|upkeep\n|turn|4\n|\n|t:|1700332471\n|switch|p1a: OKOSAAAA|Rillaboom, M|84\/100\n|-damage|p1a: OKOSAAAA|72\/100|[from] Stealth Rock\n|detailschange|p2a: Scizor|Scizor-Mega, F\n|-mega|p2a: Scizor|Scizor|Scizorite\n|move|p2a: Scizor|Bullet Punch|p1a: OKOSAAAA\n|-damage|p1a: OKOSAAAA|39\/100\n|\n|-heal|p1a: OKOSAAAA|45\/100|[from] Grassy Terrain\n|upkeep\n|turn|5\n|\n|t:|1700332481\n|move|p1a: OKOSAAAA|Knock Off|p2a: Scizor\n|-damage|p2a: Scizor|76\/100\n|move|p2a: Scizor|U-turn|p1a: OKOSAAAA\n|-supereffective|p1a: OKOSAAAA\n|-damage|p1a: OKOSAAAA|0 fnt\n|faint|p1a: OKOSAAAA\n|\n|t:|1700332490\n|switch|p2a: Tapu Lele|Tapu Lele|100\/100|[from] U-turn\n|-fieldstart|move: Psychic Terrain|[from] ability: Psychic Surge|[of] p2a: Tapu Lele\n|\n|upkeep\n|\n|t:|1700332495\n|switch|p1a: Aerodactyl|Aerodactyl-Mega, M|57\/100\n|-damage|p1a: Aerodactyl|32\/100|[from] Stealth Rock\n|turn|6\n|\n|t:|1700332500\n|move|p2a: Tapu Lele|Psychic|p1a: Aerodactyl\n|-damage|p1a: Aerodactyl|0 fnt\n|faint|p1a: Aerodactyl\n|\n|upkeep\n|c|\u2606akyraaiko|oxi\n|c|\u2606akyraaiko|vc \u00e9 mais rapoudi?\n|c|\u2606akyraaiko|rapido\n|c|\u2606Ekkogandr|tapu lele \u00e9 foda\n|c|\u2606akyraaiko|como caralhos\n|\n|t:|1700332528\n|switch|p1a: el lobo|Lycanroc-Dusk, F, shiny|100\/100\n|-damage|p1a: el lobo|88\/100|[from] Stealth Rock\n|turn|7\n|c|\u2606akyraaiko|meu lobo \u00e9 mais\n|\n|t:|1700332539\n|move|p2a: Tapu Lele|Psychic|p1a: el lobo\n|-damage|p1a: el lobo|0 fnt\n|replace|p1a: who?|Zoroark-Hisui, F, shiny\n|-end|p1a: who?|Illusion\n|faint|p1a: who?\n|\n|upkeep\n|c|\u2606Ekkogandr|que lobo\n|c|\u2606akyraaiko|talvez n\n|c|\u2606akyraaiko|ele \u00e9 um lovo\n|c|\u2606akyraaiko|lobo\n|c|\u2606akyraaiko|ouraposa\n|c|\u2606Ekkogandr|\u00e9 uma raposa\n|c|\u2606akyraaiko|era p vc  achar q era o lobo\n|c|\u2606akyraaiko|burro\n|c|\u2606Ekkogandr|fds\n|\n|t:|1700332564\n|switch|p1a: el lobo|Lycanroc-Dusk, F, shiny|100\/100\n|-damage|p1a: el lobo|88\/100|[from] Stealth Rock\n|turn|8\n|c|\u2606Ekkogandr|morria pra psychic de qualquer jeito\n|c|\u2606akyraaiko|vamo testar ent\n|c|\u2606Ekkogandr|ta\n|\n|t:|1700332582\n|move|p2a: Tapu Lele|Psychic|p1a: el lobo\n|-damage|p1a: el lobo|0 fnt\n|faint|p1a: el lobo\n|\n|upkeep\n|c|\u2606akyraaiko|porra\n|c|\u2606akyraaiko|confiei dms\n|c|\u2606akyraaiko|KKKKKKKKKKKKKKKK\n|\n|t:|1700332591\n|switch|p1a: Garras|Sneasler, M, shiny|100\/100\n|-damage|p1a: Garras|95\/100|[from] Stealth Rock\n|turn|9\n|c|\u2606akyraaiko|feiao slk\n|\n|t:|1700332605\n|-terastallize|p1a: Garras|Flying\n|move|p2a: Tapu Lele|Psychic|p1a: Garras\n|-damage|p1a: Garras|9\/100\n|move|p1a: Garras|Dire Claw|p2a: Tapu Lele\n|-supereffective|p2a: Tapu Lele\n|-damage|p2a: Tapu Lele|0 fnt\n|faint|p2a: Tapu Lele\n|\n|-fieldend|move: Psychic Terrain\n|upkeep\n|\n|t:|1700332613\n|switch|p2a: Scizor|Scizor-Mega, F|76\/100\n|turn|10\n|\n|t:|1700332619\n|move|p2a: Scizor|Bullet Punch|p1a: Garras\n|-damage|p1a: Garras|0 fnt\n|faint|p1a: Garras\n|\n|upkeep\n|\n|t:|1700332620\n|switch|p1a: roger guedes|Urshifu-Rapid-Strike, F|100\/100\n|-damage|p1a: roger guedes|94\/100|[from] Stealth Rock\n|turn|11\n|\n|t:|1700332630\n|move|p1a: roger guedes|Close Combat|p2a: Scizor\n|-damage|p2a: Scizor|7\/100\n|-unboost|p1a: roger guedes|def|1\n|-unboost|p1a: roger guedes|spd|1\n|move|p2a: Scizor|U-turn|p1a: roger guedes\n|-resisted|p1a: roger guedes\n|-damage|p1a: roger guedes|71\/100\n|\n|t:|1700332636\n|switch|p2a: Zamazenta|Zamazenta|100\/100|[from] U-turn\n|-ability|p2a: Zamazenta|Dauntless Shield|boost\n|-boost|p2a: Zamazenta|def|1\n|\n|upkeep\n|turn|12\n|\n|t:|1700332648\n|move|p2a: Zamazenta|Wild Charge|p1a: roger guedes\n|-supereffective|p1a: roger guedes\n|-damage|p1a: roger guedes|0 fnt\n|faint|p1a: roger guedes\n|-damage|p2a: Zamazenta|82\/100|[from] Recoil\n|\n|win|Ekkogandr\n|l|\u2606akyraaiko\n|c|\u2606Ekkogandr|gg\n","uploadtime":1700332662,"views":6,"p1id":"akyraaiko","p2id":"ekkogandr","formatid":"gen9nationaldex","rating":0,"private":0,"password":""}