{"id":"gen9nationaldex-1993985943","p1":"Ghha","p2":"baigu2","format":"[Gen 9] National Dex","log":"|j|\u2606Ghha\n|j|\u2606baigu2\n|t:|1700388484\n|gametype|singles\n|player|p1|Ghha|101|1632\n|player|p2|baigu2|dawn-gen4pt|1856\n|teamsize|p1|6\n|teamsize|p2|6\n|gen|9\n|tier|[Gen 9] National Dex\n|rated|\n|rule|HP Percentage Mod: HP is shown in percentages\n|rule|Endless Battle Clause: Forcing endless battles is banned\n|rule|OHKO Clause: OHKO moves are banned\n|rule|Evasion Clause: Evasion abilities, items, and moves are banned\n|rule|Evasion Abilities Clause: Evasion abilities are banned\n|rule|Evasion Items Clause: Evasion items are banned\n|rule|Evasion Moves Clause: Evasion moves are banned\n|rule|Species Clause: Limit one of each Pok\u00e9mon\n|rule|Sleep Clause Mod: Limit one foe put to sleep\n|clearpoke\n|poke|p1|Landorus-Therian, M|\n|poke|p1|Diancie|\n|poke|p1|Dondozo, M|\n|poke|p1|Heatran, M|\n|poke|p1|Tapu Lele|\n|poke|p1|Hoopa-Unbound|\n|poke|p2|Ursaluna, F|\n|poke|p2|Dragonite, M|\n|poke|p2|Slowking, M|\n|poke|p2|Tapu Koko|\n|poke|p2|Hoopa-Unbound|\n|poke|p2|Great Tusk|\n|teampreview\n|inactive|Battle timer is ON: inactive players will automatically lose when time's up. (requested by Ghha)\n|\n|t:|1700388499\n|start\n|switch|p1a: Diancie|Diancie, shiny|100\/100\n|switch|p2a: Great Tusk|Great Tusk|100\/100\n|turn|1\n|\n|t:|1700388503\n|detailschange|p1a: Diancie|Diancie-Mega, shiny\n|-mega|p1a: Diancie|Diancie|Diancite\n|-terastallize|p2a: Great Tusk|Steel\n|move|p1a: Diancie|Moonblast|p2a: Great Tusk\n|-resisted|p2a: Great Tusk\n|-damage|p2a: Great Tusk|65\/100\n|move|p2a: Great Tusk|Headlong Rush|p1a: Diancie\n|-supereffective|p1a: Diancie\n|-damage|p1a: Diancie|0 fnt\n|-unboost|p2a: Great Tusk|def|1\n|-unboost|p2a: Great Tusk|spd|1\n|faint|p1a: Diancie\n|\n|upkeep\n|\n|t:|1700388506\n|switch|p1a: Landorus|Landorus-Therian, M|100\/100\n|-ability|p1a: Landorus|Intimidate|boost\n|-unboost|p2a: Great Tusk|atk|1\n|turn|2\n|\n|t:|1700388511\n|-end|p2a: Great Tusk|Protosynthesis|[silent]\n|switch|p2a: Dragonite|Dragonite, M|100\/100\n|move|p1a: Landorus|Earthquake|p2a: Dragonite\n|-immune|p2a: Dragonite\n|\n|upkeep\n|turn|3\n|\n|t:|1700388515\n|switch|p1a: Dondozo|Dondozo, M|100\/100\n|move|p2a: Dragonite|Outrage|p1a: Dondozo\n|-crit|p1a: Dondozo\n|-damage|p1a: Dondozo|31\/100\n|\n|-heal|p1a: Dondozo|37\/100|[from] item: Leftovers\n|upkeep\n|turn|4\n|\n|t:|1700388517\n|switch|p1a: Tapu Lele|Tapu Lele|100\/100\n|-fieldstart|move: Psychic Terrain|[from] ability: Psychic Surge|[of] p1a: Tapu Lele\n|move|p2a: Dragonite|Outrage|p1a: Tapu Lele|[from]lockedmove\n|-immune|p1a: Tapu Lele\n|-start|p2a: Dragonite|confusion|[fatigue]\n|\n|upkeep\n|turn|5\n|\n|t:|1700388521\n|switch|p1a: Hoopa|Hoopa-Unbound|100\/100\n|switch|p2a: Slowking|Slowking, M|100\/100\n|\n|upkeep\n|turn|6\n|\n|t:|1700388525\n|switch|p2a: Tapu Koko|Tapu Koko|100\/100\n|-fieldstart|move: Electric Terrain|[from] ability: Electric Surge|[of] p2a: Tapu Koko\n|move|p1a: Hoopa|Knock Off|p2a: Tapu Koko\n|-resisted|p2a: Tapu Koko\n|-crit|p2a: Tapu Koko\n|-damage|p2a: Tapu Koko|37\/100\n|-enditem|p2a: Tapu Koko|Choice Specs|[from] move: Knock Off|[of] p1a: Hoopa\n|\n|upkeep\n|turn|7\n|\n|t:|1700388529\n|switch|p1a: Landorus|Landorus-Therian, M|100\/100\n|-ability|p1a: Landorus|Intimidate|boost\n|-unboost|p2a: Tapu Koko|atk|1\n|move|p2a: Tapu Koko|Dazzling Gleam|p1a: Landorus\n|-damage|p1a: Landorus|62\/100\n|\n|upkeep\n|turn|8\n|\n|t:|1700388537\n|move|p2a: Tapu Koko|U-turn|p1a: Landorus\n|-resisted|p1a: Landorus\n|-damage|p1a: Landorus|58\/100\n|-damage|p2a: Tapu Koko|20\/100|[from] item: Rocky Helmet|[of] p1a: Landorus\n|\n|t:|1700388540\n|switch|p2a: Ursaluna|Ursaluna, F|100\/100|[from] U-turn\n|move|p1a: Landorus|U-turn|p2a: Ursaluna\n|-damage|p2a: Ursaluna|85\/100\n|\n|t:|1700388546\n|switch|p1a: Hoopa|Hoopa-Unbound|100\/100|[from] U-turn\n|\n|-status|p2a: Ursaluna|brn|[from] item: Flame Orb\n|upkeep\n|turn|9\n|\n|t:|1700388550\n|-terastallize|p1a: Hoopa|Dark\n|move|p1a: Hoopa|Hyperspace Fury|p2a: Ursaluna\n|-damage|p2a: Ursaluna|18\/100 brn\n|-unboost|p1a: Hoopa|def|1\n|move|p2a: Ursaluna|Facade|p1a: Hoopa\n|-damage|p1a: Hoopa|0 fnt\n|faint|p1a: Hoopa\n|\n|-damage|p2a: Ursaluna|12\/100 brn|[from] brn\n|upkeep\n|\n|t:|1700388554\n|switch|p1a: Landorus|Landorus-Therian, M|58\/100\n|-ability|p1a: Landorus|Intimidate|boost\n|-unboost|p2a: Ursaluna|atk|1\n|turn|10\n|-message|Ghha forfeited.\n|\n|win|baigu2\n|raw|Ghha's rating: 1632 &rarr; <strong>1623<\/strong><br \/>(-9 for losing)\n|raw|baigu2's rating: 1856 &rarr; <strong>1865<\/strong><br \/>(+9 for winning)\n|l|\u2606Ghha\n","uploadtime":1700388561,"views":6,"p1id":"ghha","p2id":"baigu2","formatid":"gen9nationaldex","rating":1623,"private":0,"password":""}