{"id":"gen9nationaldex-1992750983","p1":"testing a funni3","p2":"Sans_toes","format":"[Gen 9] National Dex","log":"|j|\u2606testing a funni3\n|j|\u2606Sans_toes\n|t:|1700232098\n|gametype|singles\n|player|p1|testing a funni3|unknownf|1488\n|player|p2|Sans_toes|brock|1467\n|teamsize|p1|6\n|teamsize|p2|6\n|gen|9\n|tier|[Gen 9] National Dex\n|rated|\n|rule|HP Percentage Mod: HP is shown in percentages\n|rule|Endless Battle Clause: Forcing endless battles is banned\n|rule|OHKO Clause: OHKO moves are banned\n|rule|Evasion Clause: Evasion abilities, items, and moves are banned\n|rule|Evasion Abilities Clause: Evasion abilities are banned\n|rule|Evasion Items Clause: Evasion items are banned\n|rule|Evasion Moves Clause: Evasion moves are banned\n|rule|Species Clause: Limit one of each Pok\u00e9mon\n|rule|Sleep Clause Mod: Limit one foe put to sleep\n|clearpoke\n|poke|p1|Latios, M|\n|poke|p1|Buzzwole|\n|poke|p1|Gliscor, F|\n|poke|p1|Weavile, M|\n|poke|p1|Heatran, M|\n|poke|p1|Ogerpon-Wellspring, F|\n|poke|p2|Slurpuff, F|\n|poke|p2|Darmanitan, F|\n|poke|p2|Xurkitree|\n|poke|p2|Tornadus-Therian, M|\n|poke|p2|Dondozo, F|\n|poke|p2|Diancie|\n|teampreview\n|inactive|Battle timer is ON: inactive players will automatically lose when time's up. (requested by Sans_toes)\n|\n|t:|1700232117\n|start\n|switch|p1a: Heatran|Heatran, M|100\/100\n|switch|p2a: Mr. Electric|Xurkitree, shiny|100\/100\n|turn|1\n|\n|t:|1700232127\n|move|p2a: Mr. Electric|Volt Switch|p1a: Heatran\n|-damage|p1a: Heatran|74\/100\n|\n|t:|1700232132\n|switch|p2a: Tornadus|Tornadus-Therian, M|100\/100|[from] Volt Switch\n|move|p1a: Heatran|Earth Power|p2a: Tornadus\n|-immune|p2a: Tornadus\n|\n|-heal|p1a: Heatran|80\/100|[from] item: Leftovers\n|upkeep\n|turn|2\n|\n|t:|1700232140\n|move|p2a: Tornadus|Knock Off|p1a: Heatran\n|-damage|p1a: Heatran|63\/100\n|-enditem|p1a: Heatran|Leftovers|[from] move: Knock Off|[of] p2a: Tornadus\n|move|p1a: Heatran|Magma Storm|p2a: Tornadus\n|-crit|p2a: Tornadus\n|-damage|p2a: Tornadus|60\/100\n|-activate|p2a: Tornadus|move: Magma Storm|[of] p1a: Heatran\n|\n|-damage|p2a: Tornadus|47\/100|[from] move: Magma Storm|[partiallytrapped]\n|upkeep\n|turn|3\n|\n|t:|1700232149\n|move|p2a: Tornadus|U-turn|p1a: Heatran\n|-resisted|p1a: Heatran\n|-damage|p1a: Heatran|59\/100\n|\n|t:|1700232151\n|switch|p2a: Slurpuff|Slurpuff, F, shiny|100\/100|[from] U-turn\n|move|p1a: Heatran|Stealth Rock|p2a: Slurpuff\n|-sidestart|p2: Sans_toes|move: Stealth Rock\n|\n|upkeep\n|turn|4\n|\n|t:|1700232156\n|move|p2a: Slurpuff|Sticky Web|p1a: Heatran\n|-sidestart|p1: testing a funni3|move: Sticky Web\n|move|p1a: Heatran|Taunt|p2a: Slurpuff\n|-start|p2a: Slurpuff|move: Taunt\n|\n|upkeep\n|turn|5\n|\n|t:|1700232162\n|move|p2a: Slurpuff|Dazzling Gleam|p1a: Heatran\n|-resisted|p1a: Heatran\n|-damage|p1a: Heatran|54\/100\n|move|p1a: Heatran|Magma Storm|p2a: Slurpuff\n|-damage|p2a: Slurpuff|14\/100\n|-activate|p2a: Slurpuff|move: Magma Storm|[of] p1a: Heatran\n|\n|-damage|p2a: Slurpuff|2\/100|[from] move: Magma Storm|[partiallytrapped]\n|upkeep\n|turn|6\n|\n|t:|1700232172\n|move|p2a: Slurpuff|Endeavor|p1a: Heatran\n|-damage|p1a: Heatran|1\/100\n|move|p1a: Heatran|Earth Power|p2a: Slurpuff\n|-damage|p2a: Slurpuff|0 fnt\n|faint|p2a: Slurpuff\n|\n|upkeep\n|\n|t:|1700232179\n|switch|p2a: Diancie|Diancie|100\/100\n|-damage|p2a: Diancie|88\/100|[from] Stealth Rock\n|turn|7\n|\n|t:|1700232196\n|switch|p1a: Gliscor|Gliscor, F|100\/100\n|detailschange|p2a: Diancie|Diancie-Mega\n|-mega|p2a: Diancie|Diancie|Diancite\n|move|p2a: Diancie|Power Gem|p1a: Gliscor\n|-damage|p1a: Gliscor|59\/100\n|\n|-status|p1a: Gliscor|tox|[from] item: Toxic Orb\n|upkeep\n|turn|8\n|\n|t:|1700232201\n|move|p2a: Diancie|Moonblast|p1a: Gliscor\n|-damage|p1a: Gliscor|12\/100 tox\n|move|p1a: Gliscor|Earthquake|p2a: Diancie\n|-supereffective|p2a: Diancie\n|-damage|p2a: Diancie|3\/100\n|\n|-heal|p1a: Gliscor|25\/100 tox|[from] ability: Poison Heal\n|upkeep\n|turn|9\n|\n|t:|1700232207\n|switch|p1a: Heatran|Heatran, M|1\/100\n|-activate|p1a: Heatran|move: Sticky Web\n|-unboost|p1a: Heatran|spe|1\n|move|p2a: Diancie|Moonblast|p1a: Heatran\n|-resisted|p1a: Heatran\n|-damage|p1a: Heatran|0 fnt\n|faint|p1a: Heatran\n|\n|upkeep\n|\n|t:|1700232213\n|switch|p1a: Weavile|Weavile, M|100\/100\n|-activate|p1a: Weavile|move: Sticky Web\n|-unboost|p1a: Weavile|spe|1\n|-ability|p1a: Weavile|Pressure\n|turn|10\n|\n|t:|1700232217\n|move|p1a: Weavile|Ice Shard|p2a: Diancie\n|-damage|p2a: Diancie|0 fnt\n|faint|p2a: Diancie\n|\n|upkeep\n|\n|t:|1700232220\n|switch|p2a: Dondozo|Dondozo, F|100\/100\n|-damage|p2a: Dondozo|88\/100|[from] Stealth Rock\n|turn|11\n|\n|t:|1700232228\n|switch|p1a: Latios|Latios, M|100\/100\n|move|p2a: Dondozo|Body Press|p1a: Latios\n|-resisted|p1a: Latios\n|-crit|p1a: Latios\n|-damage|p1a: Latios|73\/100\n|\n|-heal|p2a: Dondozo|94\/100|[from] item: Leftovers\n|upkeep\n|turn|12\n|\n|t:|1700232232\n|switch|p2a: Tornadus|Tornadus-Therian, M|80\/100\n|-damage|p2a: Tornadus|55\/100|[from] Stealth Rock\n|detailschange|p1a: Latios|Latios-Mega, M\n|-mega|p1a: Latios|Latios|Latiosite\n|move|p1a: Latios|Psychic|p2a: Tornadus\n|-damage|p2a: Tornadus|19\/100\n|\n|upkeep\n|turn|13\n|\n|t:|1700232238\n|switch|p1a: Gliscor|Gliscor, F|25\/100 tox\n|move|p2a: Tornadus|U-turn|p1a: Gliscor\n|-resisted|p1a: Gliscor\n|-damage|p1a: Gliscor|18\/100 tox\n|\n|t:|1700232242\n|switch|p2a: Mr. Electric|Xurkitree, shiny|100\/100|[from] U-turn\n|-damage|p2a: Mr. Electric|88\/100|[from] Stealth Rock\n|\n|-heal|p1a: Gliscor|31\/100 tox|[from] ability: Poison Heal\n|upkeep\n|turn|14\n|\n|t:|1700232247\n|move|p2a: Mr. Electric|Hidden Power|p1a: Gliscor\n|-supereffective|p1a: Gliscor\n|-damage|p1a: Gliscor|0 fnt\n|faint|p1a: Gliscor\n|-ability|p2a: Mr. Electric|Beast Boost|boost\n|-boost|p2a: Mr. Electric|spa|1\n|\n|upkeep\n|\n|t:|1700232253\n|switch|p1a: Latios|Latios-Mega, M|73\/100\n|turn|15\n|\n|t:|1700232257\n|move|p2a: Mr. Electric|Hidden Power|p1a: Latios\n|-supereffective|p1a: Latios\n|-damage|p1a: Latios|1\/100\n|move|p1a: Latios|Psychic|p2a: Mr. Electric\n|-damage|p2a: Mr. Electric|10\/100\n|\n|upkeep\n|turn|16\n|\n|t:|1700232265\n|switch|p1a: Ogerpon|Ogerpon-Wellspring, F|100\/100\n|-activate|p1a: Ogerpon|move: Sticky Web\n|-unboost|p1a: Ogerpon|spe|1\n|move|p2a: Mr. Electric|Hidden Power|p1a: Ogerpon\n|-damage|p1a: Ogerpon|55\/100\n|\n|upkeep\n|turn|17\n|\n|t:|1700232268\n|move|p2a: Mr. Electric|Hidden Power|p1a: Ogerpon\n|-damage|p1a: Ogerpon|13\/100\n|move|p1a: Ogerpon|Ivy Cudgel|p2a: Mr. Electric|[anim] Ivy Cudgel Water\n|-damage|p2a: Mr. Electric|0 fnt\n|faint|p2a: Mr. Electric\n|\n|upkeep\n|\n|t:|1700232272\n|switch|p2a: Tornadus|Tornadus-Therian, M|52\/100\n|-damage|p2a: Tornadus|27\/100|[from] Stealth Rock\n|turn|18\n|\n|t:|1700232280\n|move|p2a: Tornadus|U-turn|p1a: Ogerpon\n|-supereffective|p1a: Ogerpon\n|-crit|p1a: Ogerpon\n|-damage|p1a: Ogerpon|0 fnt\n|faint|p1a: Ogerpon\n|\n|t:|1700232290\n|switch|p2a: Dondozo|Dondozo, F|94\/100|[from] U-turn\n|-damage|p2a: Dondozo|82\/100|[from] Stealth Rock\n|\n|-heal|p2a: Dondozo|88\/100|[from] item: Leftovers\n|upkeep\n|\n|t:|1700232292\n|switch|p1a: Latios|Latios-Mega, M|1\/100\n|turn|19\n|\n|t:|1700232295\n|-terastallize|p2a: Dondozo|Steel\n|move|p1a: Latios|Roost|p1a: Latios\n|-heal|p1a: Latios|51\/100\n|-singleturn|p1a: Latios|move: Roost\n|move|p2a: Dondozo|Liquidation|p1a: Latios\n|-resisted|p1a: Latios\n|-damage|p1a: Latios|34\/100\n|\n|-heal|p2a: Dondozo|94\/100|[from] item: Leftovers\n|upkeep\n|turn|20\n|\n|t:|1700232299\n|move|p1a: Latios|Roost|p1a: Latios\n|-heal|p1a: Latios|84\/100\n|-singleturn|p1a: Latios|move: Roost\n|move|p2a: Dondozo|Curse|p2a: Dondozo\n|-unboost|p2a: Dondozo|spe|1\n|-boost|p2a: Dondozo|atk|1\n|-boost|p2a: Dondozo|def|1\n|\n|-heal|p2a: Dondozo|99\/100|[from] item: Leftovers\n|upkeep\n|turn|21\n|\n|t:|1700232304\n|switch|p2a: Tornadus|Tornadus-Therian, M|60\/100\n|-damage|p2a: Tornadus|35\/100|[from] Stealth Rock\n|move|p1a: Latios|Mystical Fire|p2a: Tornadus\n|-damage|p2a: Tornadus|13\/100\n|-unboost|p2a: Tornadus|spa|1\n|\n|upkeep\n|turn|22\n|\n|t:|1700232314\n|move|p2a: Tornadus|U-turn|p1a: Latios\n|-supereffective|p1a: Latios\n|-damage|p1a: Latios|49\/100\n|\n|t:|1700232319\n|switch|p2a: Dondozo|Dondozo, F, tera:Steel|99\/100|[from] U-turn\n|-damage|p2a: Dondozo|94\/100|[from] Stealth Rock\n|move|p1a: Latios|Roost|p1a: Latios\n|-heal|p1a: Latios|99\/100\n|-singleturn|p1a: Latios|move: Roost\n|\n|-heal|p2a: Dondozo|99\/100|[from] item: Leftovers\n|upkeep\n|turn|23\n|\n|t:|1700232325\n|switch|p2a: Tornadus|Tornadus-Therian, M|46\/100\n|-damage|p2a: Tornadus|21\/100|[from] Stealth Rock\n|move|p1a: Latios|Mystical Fire|p2a: Tornadus\n|-damage|p2a: Tornadus|0 fnt\n|faint|p2a: Tornadus\n|\n|upkeep\n|\n|t:|1700232327\n|switch|p2a: Darmanitan|Darmanitan, F|100\/100\n|-damage|p2a: Darmanitan|76\/100|[from] Stealth Rock\n|turn|24\n|\n|t:|1700232332\n|move|p1a: Latios|Psychic|p2a: Darmanitan\n|-damage|p2a: Darmanitan|0 fnt\n|faint|p2a: Darmanitan\n|\n|upkeep\n|\n|t:|1700232334\n|switch|p2a: Dondozo|Dondozo, F, tera:Steel|99\/100\n|-damage|p2a: Dondozo|94\/100|[from] Stealth Rock\n|turn|25\n|-message|Sans_toes forfeited.\n|\n|win|testing a funni3\n|raw|testing a funni3's rating: 1488 &rarr; <strong>1507<\/strong><br \/>(+19 for winning)\n|raw|Sans_toes's rating: 1467 &rarr; <strong>1448<\/strong><br \/>(-19 for losing)\n|l|\u2606Sans_toes\n","uploadtime":1700232345,"views":9,"p1id":"testingafunni3","p2id":"sanstoes","formatid":"gen9nationaldex","rating":1448,"private":0,"password":""}