{"id":"gen9nationaldex-1991751543","p1":"Richie2016","p2":"notbirdtime","format":"[Gen 9] National Dex","log":"|j|\u2606Richie2016\n|j|\u2606notbirdtime\n|t:|1700111073\n|gametype|singles\n|player|p1|Richie2016|cynthia|1229\n|player|p2|notbirdtime|flint|1346\n|teamsize|p1|6\n|teamsize|p2|6\n|gen|9\n|tier|[Gen 9] National Dex\n|rated|\n|rule|HP Percentage Mod: HP is shown in percentages\n|rule|Endless Battle Clause: Forcing endless battles is banned\n|rule|OHKO Clause: OHKO moves are banned\n|rule|Evasion Clause: Evasion abilities, items, and moves are banned\n|rule|Evasion Abilities Clause: Evasion abilities are banned\n|rule|Evasion Items Clause: Evasion items are banned\n|rule|Evasion Moves Clause: Evasion moves are banned\n|rule|Species Clause: Limit one of each Pok\u00e9mon\n|rule|Sleep Clause Mod: Limit one foe put to sleep\n|clearpoke\n|poke|p1|Gardevoir, F|\n|poke|p1|Milotic, F|\n|poke|p1|Moltres|\n|poke|p1|Rillaboom, F|\n|poke|p1|Gliscor, F|\n|poke|p1|Sneasler, F|\n|poke|p2|Iron Valiant|\n|poke|p2|Tapu Koko|\n|poke|p2|Diancie|\n|poke|p2|Whimsicott, M|\n|poke|p2|Tapu Lele|\n|poke|p2|Primarina, F|\n|teampreview\n|inactive|Battle timer is ON: inactive players will automatically lose when time's up. (requested by Richie2016)\n|\n|t:|1700111095\n|start\n|switch|p1a: Gliscor|Gliscor, F, shiny|100\/100\n|switch|p2a: Tapu Lele|Tapu Lele|100\/100\n|-fieldstart|move: Psychic Terrain|[from] ability: Psychic Surge|[of] p2a: Tapu Lele\n|turn|1\n|\n|t:|1700111114\n|move|p2a: Tapu Lele|Psychic|p1a: Gliscor\n|-damage|p1a: Gliscor|30\/100\n|move|p1a: Gliscor|Stealth Rock|p2a: Tapu Lele\n|-sidestart|p2: notbirdtime|move: Stealth Rock\n|\n|-status|p1a: Gliscor|tox|[from] item: Toxic Orb\n|upkeep\n|turn|2\n|\n|t:|1700111128\n|switch|p1a: Gardevoir|Gardevoir, F, shiny|100\/100\n|-ability|p1a: Gardevoir|Psychic Surge|[from] ability: Trace|[of] p2a: Tapu Lele\n|move|p2a: Tapu Lele|Psychic|p1a: Gardevoir\n|-resisted|p1a: Gardevoir\n|-damage|p1a: Gardevoir|53\/100\n|-unboost|p1a: Gardevoir|spd|1\n|\n|upkeep\n|turn|3\n|\n|t:|1700111143\n|detailschange|p1a: Gardevoir|Gardevoir-Mega, F, shiny\n|-mega|p1a: Gardevoir|Gardevoir|Gardevoirite\n|move|p1a: Gardevoir|Hyper Voice|p2a: Tapu Lele\n|-damage|p2a: Tapu Lele|26\/100\n|move|p2a: Tapu Lele|Psychic|p1a: Gardevoir\n|-resisted|p1a: Gardevoir\n|-damage|p1a: Gardevoir|0 fnt\n|faint|p1a: Gardevoir\n|\n|upkeep\n|\n|t:|1700111151\n|switch|p1a: Rillaboom|Rillaboom, F, shiny|100\/100\n|-fieldstart|move: Grassy Terrain|[from] ability: Grassy Surge|[of] p1a: Rillaboom\n|turn|4\n|\n|t:|1700111159\n|switch|p2a: turunga sheela|Whimsicott, M|100\/100\n|-damage|p2a: turunga sheela|88\/100|[from] Stealth Rock\n|move|p1a: Rillaboom|Knock Off|p2a: turunga sheela\n|-resisted|p2a: turunga sheela\n|-damage|p2a: turunga sheela|62\/100\n|-enditem|p2a: turunga sheela|Eject Button|[from] move: Knock Off|[of] p1a: Rillaboom\n|\n|-heal|p2a: turunga sheela|68\/100|[from] Grassy Terrain\n|upkeep\n|turn|5\n|\n|t:|1700111167\n|switch|p1a: Gliscor|Gliscor, F, shiny|30\/100 tox\n|move|p2a: turunga sheela|U-turn|p1a: Gliscor\n|-resisted|p1a: Gliscor\n|-damage|p1a: Gliscor|26\/100 tox\n|\n|t:|1700111171\n|switch|p2a: Tapu Lele|Tapu Lele|26\/100|[from] U-turn\n|-damage|p2a: Tapu Lele|14\/100|[from] Stealth Rock\n|-fieldstart|move: Psychic Terrain|[from] ability: Psychic Surge|[of] p2a: Tapu Lele\n|\n|-heal|p1a: Gliscor|38\/100 tox|[from] ability: Poison Heal\n|upkeep\n|turn|6\n|\n|t:|1700111186\n|switch|p1a: Milotic|Milotic, F|100\/100\n|move|p2a: Tapu Lele|Psychic|p1a: Milotic\n|-damage|p1a: Milotic|33\/100\n|\n|-heal|p1a: Milotic|40\/100|[from] item: Leftovers\n|upkeep\n|turn|7\n|\n|t:|1700111195\n|-terastallize|p1a: Milotic|Steel\n|move|p2a: Tapu Lele|Psychic|p1a: Milotic\n|-resisted|p1a: Milotic\n|-damage|p1a: Milotic|8\/100\n|move|p1a: Milotic|Recover|p1a: Milotic\n|-heal|p1a: Milotic|58\/100\n|\n|-heal|p1a: Milotic|64\/100|[from] item: Leftovers\n|upkeep\n|turn|8\n|\n|t:|1700111205\n|switch|p2a: Primarina|Primarina, F|100\/100\n|-damage|p2a: Primarina|88\/100|[from] Stealth Rock\n|move|p1a: Milotic|Recover|p1a: Milotic\n|-heal|p1a: Milotic|100\/100\n|\n|upkeep\n|turn|9\n|\n|t:|1700111211\n|move|p1a: Milotic|Toxic|p2a: Primarina|[miss]\n|-miss|p1a: Milotic|p2a: Primarina\n|move|p2a: Primarina|Hyper Voice|p1a: Milotic\n|-damage|p1a: Milotic|47\/100\n|\n|-heal|p1a: Milotic|53\/100|[from] item: Leftovers\n|-fieldend|move: Psychic Terrain\n|upkeep\n|turn|10\n|\n|t:|1700111220\n|move|p1a: Milotic|Recover|p1a: Milotic\n|-heal|p1a: Milotic|100\/100\n|move|p2a: Primarina|Hyper Voice|p1a: Milotic\n|-damage|p1a: Milotic|49\/100\n|\n|-heal|p1a: Milotic|55\/100|[from] item: Leftovers\n|upkeep\n|turn|11\n|\n|t:|1700111234\n|switch|p2a: Tapu Koko|Tapu Koko|100\/100\n|-damage|p2a: Tapu Koko|88\/100|[from] Stealth Rock\n|-fieldstart|move: Electric Terrain|[from] ability: Electric Surge|[of] p2a: Tapu Koko\n|move|p1a: Milotic|Toxic|p2a: Tapu Koko|[miss]\n|-miss|p1a: Milotic|p2a: Tapu Koko\n|\n|-heal|p1a: Milotic|61\/100|[from] item: Leftovers\n|upkeep\n|turn|12\n|\n|t:|1700111242\n|switch|p1a: Rillaboom|Rillaboom, F, shiny|100\/100\n|-fieldstart|move: Grassy Terrain|[from] ability: Grassy Surge|[of] p1a: Rillaboom\n|move|p2a: Tapu Koko|Taunt|p1a: Rillaboom\n|-start|p1a: Rillaboom|move: Taunt\n|\n|-heal|p2a: Tapu Koko|94\/100|[from] Grassy Terrain\n|upkeep\n|turn|13\n|\n|t:|1700111249\n|move|p2a: Tapu Koko|U-turn|p1a: Rillaboom\n|-supereffective|p1a: Rillaboom\n|-damage|p1a: Rillaboom|59\/100\n|\n|t:|1700111252\n|switch|p2a: Diancie|Diancie|100\/100|[from] U-turn\n|-damage|p2a: Diancie|88\/100|[from] Stealth Rock\n|move|p1a: Rillaboom|U-turn|p2a: Diancie\n|-resisted|p2a: Diancie\n|-damage|p2a: Diancie|67\/100\n|\n|t:|1700111266\n|switch|p1a: Sneasler|Sneasler, F, shiny|100\/100|[from] U-turn\n|-enditem|p1a: Sneasler|Grassy Seed\n|-boost|p1a: Sneasler|def|1|[from] item: Grassy Seed\n|\n|-heal|p2a: Diancie|73\/100|[from] Grassy Terrain\n|upkeep\n|turn|14\n|\n|t:|1700111278\n|move|p1a: Sneasler|Dire Claw|p2a: Diancie\n|-damage|p2a: Diancie|19\/100\n|move|p2a: Diancie|Earth Power|p1a: Sneasler\n|-supereffective|p1a: Sneasler\n|-damage|p1a: Sneasler|34\/100\n|\n|-heal|p1a: Sneasler|40\/100|[from] Grassy Terrain\n|-heal|p2a: Diancie|25\/100|[from] Grassy Terrain\n|upkeep\n|turn|15\n|\n|t:|1700111287\n|move|p1a: Sneasler|Dire Claw|p2a: Diancie\n|-damage|p2a: Diancie|0 fnt\n|faint|p2a: Diancie\n|\n|-heal|p1a: Sneasler|46\/100|[from] Grassy Terrain\n|upkeep\n|\n|t:|1700111290\n|switch|p2a: Primarina|Primarina, F|88\/100\n|-damage|p2a: Primarina|76\/100|[from] Stealth Rock\n|turn|16\n|\n|t:|1700111293\n|-terastallize|p2a: Primarina|Water\n|move|p1a: Sneasler|Dire Claw|p2a: Primarina\n|-damage|p2a: Primarina|13\/100\n|move|p2a: Primarina|Hyper Voice|p1a: Sneasler\n|-damage|p1a: Sneasler|0 fnt\n|faint|p1a: Sneasler\n|\n|-heal|p2a: Primarina|19\/100|[from] Grassy Terrain\n|-fieldend|move: Grassy Terrain\n|upkeep\n|\n|t:|1700111305\n|switch|p1a: Milotic|Milotic, F, tera:Steel|61\/100\n|turn|17\n|\n|t:|1700111309\n|move|p1a: Milotic|Recover|p1a: Milotic\n|-heal|p1a: Milotic|100\/100\n|move|p2a: Primarina|Hyper Voice|p1a: Milotic\n|-damage|p1a: Milotic|29\/100\n|\n|-heal|p1a: Milotic|35\/100|[from] item: Leftovers\n|upkeep\n|turn|18\n|\n|t:|1700111316\n|move|p1a: Milotic|Scald|p2a: Primarina\n|-resisted|p2a: Primarina\n|-damage|p2a: Primarina|4\/100\n|-status|p2a: Primarina|brn\n|move|p2a: Primarina|Hyper Voice|p1a: Milotic\n|-damage|p1a: Milotic|0 fnt\n|faint|p1a: Milotic\n|\n|-damage|p2a: Primarina|0 fnt|[from] brn\n|faint|p2a: Primarina\n|upkeep\n|\n|t:|1700111332\n|switch|p1a: Rillaboom|Rillaboom, F, shiny|59\/100\n|switch|p2a: turunga sheela|Whimsicott, M|68\/100\n|-fieldstart|move: Grassy Terrain|[from] ability: Grassy Surge|[of] p1a: Rillaboom\n|-damage|p2a: turunga sheela|56\/100|[from] Stealth Rock\n|turn|19\n|\n|t:|1700111342\n|move|p1a: Rillaboom|U-turn|p2a: turunga sheela\n|-damage|p2a: turunga sheela|18\/100\n|\n|t:|1700111345\n|switch|p1a: Gliscor|Gliscor, F, shiny|38\/100 tox|[from] U-turn\n|move|p2a: turunga sheela|U-turn|p1a: Gliscor\n|-resisted|p1a: Gliscor\n|-damage|p1a: Gliscor|34\/100 tox\n|\n|t:|1700111354\n|switch|p2a: Tapu Lele|Tapu Lele|14\/100|[from] U-turn\n|-damage|p2a: Tapu Lele|2\/100|[from] Stealth Rock\n|-fieldstart|move: Psychic Terrain|[from] ability: Psychic Surge|[of] p2a: Tapu Lele\n|\n|-heal|p1a: Gliscor|47\/100 tox|[from] ability: Poison Heal\n|upkeep\n|turn|20\n|\n|t:|1700111360\n|move|p2a: Tapu Lele|Psychic|p1a: Gliscor\n|-damage|p1a: Gliscor|0 fnt\n|faint|p1a: Gliscor\n|\n|upkeep\n|\n|t:|1700111362\n|switch|p1a: Rillaboom|Rillaboom, F, shiny|59\/100\n|-fieldstart|move: Grassy Terrain|[from] ability: Grassy Surge|[of] p1a: Rillaboom\n|turn|21\n|\n|t:|1700111367\n|move|p1a: Rillaboom|Grassy Glide|p2a: Tapu Lele\n|-damage|p2a: Tapu Lele|0 fnt\n|faint|p2a: Tapu Lele\n|\n|-heal|p1a: Rillaboom|65\/100|[from] Grassy Terrain\n|upkeep\n|\n|t:|1700111370\n|switch|p2a: Tapu Koko|Tapu Koko|94\/100\n|-damage|p2a: Tapu Koko|82\/100|[from] Stealth Rock\n|-fieldstart|move: Electric Terrain|[from] ability: Electric Surge|[of] p2a: Tapu Koko\n|turn|22\n|\n|t:|1700111373\n|switch|p1a: Moltres|Moltres|100\/100\n|move|p2a: Tapu Koko|U-turn|p1a: Moltres\n|-resisted|p1a: Moltres\n|-damage|p1a: Moltres|97\/100\n|-status|p2a: Tapu Koko|brn|[from] ability: Flame Body|[of] p1a: Moltres\n|\n|t:|1700111385\n|switch|p2a: Iron Valiant|Iron Valiant|100\/100|[from] U-turn\n|-damage|p2a: Iron Valiant|94\/100|[from] Stealth Rock\n|-activate|p2a: Iron Valiant|ability: Quark Drive\n|-start|p2a: Iron Valiant|quarkdrivespe\n|\n|upkeep\n|turn|23\n|\n|t:|1700111394\n|move|p2a: Iron Valiant|Thunder Punch|p1a: Moltres\n|-supereffective|p1a: Moltres\n|-damage|p1a: Moltres|30\/100\n|-damage|p2a: Iron Valiant|85\/100|[from] item: Life Orb\n|move|p1a: Moltres|Hurricane|p2a: Iron Valiant\n|-supereffective|p2a: Iron Valiant\n|-damage|p2a: Iron Valiant|0 fnt\n|faint|p2a: Iron Valiant\n|-end|p2a: Iron Valiant|Quark Drive|[silent]\n|\n|upkeep\n|-message|notbirdtime forfeited.\n|\n|win|Richie2016\n|raw|Richie2016's rating: 1229 &rarr; <strong>1262<\/strong><br \/>(+33 for winning)\n|raw|notbirdtime's rating: 1346 &rarr; <strong>1320<\/strong><br \/>(-26 for losing)\n|l|\u2606notbirdtime\n","uploadtime":1700111408,"views":4,"p1id":"richie2016","p2id":"notbirdtime","formatid":"gen9nationaldex","rating":1262,"private":0,"password":""}