{"id":"gen9nationaldex-1990370257","p1":"KaiserSulyFF","p2":"cheeseinhaler_0","format":"[Gen 9] National Dex","log":"|j|\u2606KaiserSulyFF\n|j|\u2606cheeseinhaler_0\n|t:|1699963367\n|gametype|singles\n|player|p1|KaiserSulyFF|steven|1019\n|player|p2|cheeseinhaler_0|bianca|1101\n|teamsize|p1|6\n|teamsize|p2|6\n|gen|9\n|tier|[Gen 9] National Dex\n|rated|\n|rule|HP Percentage Mod: HP is shown in percentages\n|rule|Endless Battle Clause: Forcing endless battles is banned\n|rule|OHKO Clause: OHKO moves are banned\n|rule|Evasion Clause: Evasion abilities, items, and moves are banned\n|rule|Evasion Abilities Clause: Evasion abilities are banned\n|rule|Evasion Items Clause: Evasion items are banned\n|rule|Evasion Moves Clause: Evasion moves are banned\n|rule|Species Clause: Limit one of each Pok\u00e9mon\n|rule|Sleep Clause Mod: Limit one foe put to sleep\n|clearpoke\n|poke|p1|Conkeldurr, M|\n|poke|p1|Seismitoad, M|\n|poke|p1|Houndstone, M|\n|poke|p1|Palossand, M|\n|poke|p1|Nihilego|\n|poke|p1|Solrock|\n|poke|p2|Kommo-o, M|\n|poke|p2|Scolipede, F|\n|poke|p2|Greninja-*, M|\n|poke|p2|Charizard, M|\n|poke|p2|Iron Moth|\n|poke|p2|Unfezant, M|\n|teampreview\n|inactive|Battle timer is ON: inactive players will automatically lose when time's up. (requested by cheeseinhaler_0)\n|\n|t:|1699963379\n|start\n|switch|p1a: Seismitoad|Seismitoad, M|100\/100\n|switch|p2a: Kommo-o|Kommo-o, M|100\/100\n|turn|1\n|\n|t:|1699963387\n|-zpower|p2a: Kommo-o\n|move|p2a: Kommo-o|Clangorous Soulblaze|p1a: Seismitoad|[zeffect]\n|-damage|p1a: Seismitoad|9\/100\n|-boost|p2a: Kommo-o|atk|1\n|-boost|p2a: Kommo-o|def|1\n|-boost|p2a: Kommo-o|spa|1\n|-boost|p2a: Kommo-o|spd|1\n|-boost|p2a: Kommo-o|spe|1\n|move|p1a: Seismitoad|Toxic|p2a: Kommo-o\n|-status|p2a: Kommo-o|tox\n|\n|-heal|p1a: Seismitoad|15\/100|[from] item: Leftovers\n|-damage|p2a: Kommo-o|94\/100 tox|[from] psn\n|upkeep\n|turn|2\n|\n|t:|1699963404\n|switch|p1a: Solrock|Solrock, shiny|100\/100\n|move|p2a: Kommo-o|Boomburst|p1a: Solrock\n|-resisted|p1a: Solrock\n|-crit|p1a: Solrock\n|-damage|p1a: Solrock|40\/100\n|\n|-damage|p2a: Kommo-o|82\/100 tox|[from] psn\n|upkeep\n|turn|3\n|\n|t:|1699963415\n|move|p2a: Kommo-o|Boomburst|p1a: Solrock\n|-resisted|p1a: Solrock\n|-damage|p1a: Solrock|0 fnt\n|faint|p1a: Solrock\n|\n|-damage|p2a: Kommo-o|64\/100 tox|[from] psn\n|upkeep\n|\n|t:|1699963427\n|switch|p1a: Palossand|Palossand, M, shiny|100\/100\n|turn|4\n|\n|t:|1699963433\n|move|p2a: Kommo-o|Clanging Scales|p1a: Palossand\n|-damage|p1a: Palossand|6\/100\n|-unboost|p2a: Kommo-o|def|1\n|move|p1a: Palossand|Sandstorm|p1a: Palossand\n|-weather|Sandstorm\n|\n|-weather|Sandstorm|[upkeep]\n|-damage|p2a: Kommo-o|39\/100 tox|[from] psn\n|upkeep\n|turn|5\n|\n|t:|1699963444\n|move|p2a: Kommo-o|Flash Cannon|p1a: Palossand\n|-damage|p1a: Palossand|0 fnt\n|faint|p1a: Palossand\n|\n|-weather|Sandstorm|[upkeep]\n|-damage|p2a: Kommo-o|8\/100 tox|[from] psn\n|upkeep\n|\n|t:|1699963458\n|switch|p1a: Seismitoad|Seismitoad, M|15\/100\n|turn|6\n|\n|t:|1699963463\n|move|p2a: Kommo-o|Boomburst|p1a: Seismitoad\n|-crit|p1a: Seismitoad\n|-damage|p1a: Seismitoad|0 fnt\n|faint|p1a: Seismitoad\n|\n|-weather|Sandstorm|[upkeep]\n|-damage|p2a: Kommo-o|0 fnt|[from] psn\n|faint|p2a: Kommo-o\n|upkeep\n|\n|t:|1699963472\n|switch|p2a: Iron Moth|Iron Moth|100\/100\n|switch|p1a: Houndstone|Houndstone, M|100\/100\n|-enditem|p2a: Iron Moth|Booster Energy\n|-activate|p2a: Iron Moth|ability: Quark Drive|[fromitem]\n|-start|p2a: Iron Moth|quarkdrivespa\n|turn|7\n|\n|t:|1699963485\n|move|p1a: Houndstone|Psychic Fangs|p2a: Iron Moth\n|-supereffective|p2a: Iron Moth\n|-damage|p2a: Iron Moth|21\/100\n|move|p2a: Iron Moth|Fiery Dance|p1a: Houndstone\n|-damage|p1a: Houndstone|26\/100\n|-boost|p2a: Iron Moth|spa|1\n|\n|-weather|Sandstorm|[upkeep]\n|-damage|p2a: Iron Moth|15\/100|[from] Sandstorm\n|upkeep\n|turn|8\n|\n|t:|1699963496\n|move|p1a: Houndstone|Psychic Fangs|p2a: Iron Moth\n|-supereffective|p2a: Iron Moth\n|-damage|p2a: Iron Moth|0 fnt\n|faint|p2a: Iron Moth\n|-end|p2a: Iron Moth|Quark Drive|[silent]\n|\n|-weather|Sandstorm|[upkeep]\n|upkeep\n|\n|t:|1699963502\n|switch|p2a: Greninja|Greninja, M|100\/100\n|turn|9\n|\n|t:|1699963509\n|switch|p1a: Conkeldurr|Conkeldurr, M|100\/100\n|move|p2a: Greninja|Dark Pulse|p1a: Conkeldurr\n|-resisted|p1a: Conkeldurr\n|-crit|p1a: Conkeldurr\n|-damage|p1a: Conkeldurr|65\/100\n|\n|-weather|Sandstorm|[upkeep]\n|-damage|p2a: Greninja|95\/100|[from] Sandstorm\n|-damage|p1a: Conkeldurr|59\/100|[from] Sandstorm\n|-status|p1a: Conkeldurr|brn|[from] item: Flame Orb\n|upkeep\n|turn|10\n|\n|t:|1699963521\n|move|p1a: Conkeldurr|Mach Punch|p2a: Greninja\n|-supereffective|p2a: Greninja\n|-damage|p2a: Greninja|0 fnt\n|faint|p2a: Greninja\n|\n|-weather|Sandstorm|[upkeep]\n|-damage|p1a: Conkeldurr|53\/100 brn|[from] Sandstorm\n|-damage|p1a: Conkeldurr|47\/100 brn|[from] brn\n|upkeep\n|\n|t:|1699963528\n|switch|p2a: Charizard|Charizard, M|100\/100\n|turn|11\n|\n|t:|1699963532\n|detailschange|p2a: Charizard|Charizard-Mega-Y, M\n|-mega|p2a: Charizard|Charizard|Charizardite Y\n|-weather|SunnyDay|[from] ability: Drought|[of] p2a: Charizard\n|move|p1a: Conkeldurr|Mach Punch|p2a: Charizard\n|-resisted|p2a: Charizard\n|-damage|p2a: Charizard|73\/100\n|move|p2a: Charizard|Heat Wave|p1a: Conkeldurr\n|-damage|p1a: Conkeldurr|0 fnt\n|faint|p1a: Conkeldurr\n|\n|-weather|SunnyDay|[upkeep]\n|upkeep\n|\n|t:|1699963545\n|switch|p1a: Nihilego|Nihilego, shiny|100\/100\n|turn|12\n|\n|t:|1699963553\n|move|p1a: Nihilego|Power Gem|p2a: Charizard\n|-supereffective|p2a: Charizard\n|-damage|p2a: Charizard|0 fnt\n|faint|p2a: Charizard\n|-ability|p1a: Nihilego|Beast Boost|boost\n|-boost|p1a: Nihilego|spa|1\n|\n|-weather|SunnyDay|[upkeep]\n|upkeep\n|\n|t:|1699963561\n|switch|p2a: Scolipede|Scolipede, F|100\/100\n|turn|13\n|\n|t:|1699963565\n|move|p2a: Scolipede|Protect|p2a: Scolipede\n|-singleturn|p2a: Scolipede|Protect\n|move|p1a: Nihilego|Power Gem|p2a: Scolipede\n|-activate|p2a: Scolipede|move: Protect\n|\n|-weather|SunnyDay|[upkeep]\n|-ability|p2a: Scolipede|Speed Boost|boost\n|-boost|p2a: Scolipede|spe|1\n|upkeep\n|turn|14\n|\n|t:|1699963575\n|-terastallize|p1a: Nihilego|Bug\n|move|p2a: Scolipede|Earthquake|p1a: Nihilego\n|-resisted|p1a: Nihilego\n|-damage|p1a: Nihilego|66\/100\n|-damage|p2a: Scolipede|91\/100|[from] item: Life Orb\n|move|p1a: Nihilego|Power Gem|p2a: Scolipede\n|-supereffective|p2a: Scolipede\n|-damage|p2a: Scolipede|0 fnt\n|faint|p2a: Scolipede\n|-ability|p1a: Nihilego|Beast Boost|boost\n|-boost|p1a: Nihilego|spa|1\n|\n|-weather|SunnyDay|[upkeep]\n|upkeep\n|\n|t:|1699963584\n|switch|p2a: Unfezant|Unfezant, M|100\/100\n|turn|15\n|\n|t:|1699963591\n|move|p2a: Unfezant|Endure|p2a: Unfezant\n|-singleturn|p2a: Unfezant|move: Endure\n|move|p1a: Nihilego|Power Gem|p2a: Unfezant\n|-supereffective|p2a: Unfezant\n|-activate|p2a: Unfezant|move: Endure\n|-damage|p2a: Unfezant|1\/100\n|-enditem|p2a: Unfezant|Salac Berry|[eat]\n|-boost|p2a: Unfezant|spe|1|[from] item: Salac Berry\n|\n|-weather|none\n|upkeep\n|turn|16\n|\n|t:|1699963602\n|move|p1a: Nihilego|Power Gem|p2a: Unfezant\n|-supereffective|p2a: Unfezant\n|-damage|p2a: Unfezant|0 fnt\n|faint|p2a: Unfezant\n|\n|win|KaiserSulyFF\n|raw|KaiserSulyFF's rating: 1019 &rarr; <strong>1065<\/strong><br \/>(+46 for winning)\n|raw|cheeseinhaler_0's rating: 1101 &rarr; <strong>1070<\/strong><br \/>(-31 for losing)\n|l|\u2606cheeseinhaler_0\n","uploadtime":1699963623,"views":4,"p1id":"kaisersulyff","p2id":"cheeseinhaler0","formatid":"gen9nationaldex","rating":1065,"private":0,"password":""}