{"id":"gen9nationaldex-1996544712","p1":"FrostBv","p2":"mannmilk","format":"[Gen 9] National Dex","log":"|html|<div class=\"broadcast-blue\"><strong>[Gen 9] National Dex is currently suspecting Sneasler! For information on how to participate check out the <a href=\"https:\/\/www.smogon.com\/forums\/threads\/sv-national-dex-suspect-8-just-dance.3731534\/\">suspect thread<\/a>.<\/strong><\/div>\n|j|\u2606FrostBv\n|j|\u2606mannmilk\n|t:|1700692642\n|gametype|singles\n|player|p1|FrostBv|giovanni|1199\n|player|p2|mannmilk|clown|1162\n|teamsize|p1|6\n|teamsize|p2|6\n|gen|9\n|tier|[Gen 9] National Dex\n|rated|\n|rule|HP Percentage Mod: HP is shown in percentages\n|rule|Endless Battle Clause: Forcing endless battles is banned\n|rule|OHKO Clause: OHKO moves are banned\n|rule|Evasion Clause: Evasion abilities, items, and moves are banned\n|rule|Evasion Abilities Clause: Evasion abilities are banned\n|rule|Evasion Items Clause: Evasion items are banned\n|rule|Evasion Moves Clause: Evasion moves are banned\n|rule|Species Clause: Limit one of each Pok\u00e9mon\n|rule|Sleep Clause Mod: Limit one foe put to sleep\n|clearpoke\n|poke|p1|Rotom-Wash|\n|poke|p1|Clodsire, F|\n|poke|p1|Weavile, F|\n|poke|p1|Samurott-Hisui, M|\n|poke|p1|Garchomp, M|\n|poke|p1|Scrafty, M|\n|poke|p2|Togekiss, F|\n|poke|p2|Dusknoir, M|\n|poke|p2|Hoopa-Unbound|\n|poke|p2|Banette, M|\n|poke|p2|Rabsca, M|\n|poke|p2|Lickilicky, M|\n|teampreview\n|\n|t:|1700692652\n|start\n|switch|p1a: Cholo|Scrafty, M|100\/100\n|switch|p2a: \ud83d\ude02\ud83d\ude02\ud83d\ude02|Dusknoir, M|100\/100\n|-item|p1a: Cholo|Expert Belt|[from] ability: Frisk|[of] p2a: \ud83d\ude02\ud83d\ude02\ud83d\ude02|[identify]\n|turn|1\n|\n|t:|1700692659\n|-terastallize|p2a: \ud83d\ude02\ud83d\ude02\ud83d\ude02|Fighting\n|move|p1a: Cholo|Dragon Dance|p1a: Cholo\n|-boost|p1a: Cholo|atk|1\n|-boost|p1a: Cholo|spe|1\n|move|p2a: \ud83d\ude02\ud83d\ude02\ud83d\ude02|Trick Room|p2a: \ud83d\ude02\ud83d\ude02\ud83d\ude02\n|-fieldstart|move: Trick Room|[of] p2a: \ud83d\ude02\ud83d\ude02\ud83d\ude02\n|\n|upkeep\n|turn|2\n|\n|t:|1700692669\n|move|p2a: \ud83d\ude02\ud83d\ude02\ud83d\ude02|Power-Up Punch|p1a: Cholo\n|-supereffective|p1a: Cholo\n|-damage|p1a: Cholo|17\/100\n|-boost|p2a: \ud83d\ude02\ud83d\ude02\ud83d\ude02|atk|1\n|-damage|p2a: \ud83d\ude02\ud83d\ude02\ud83d\ude02|91\/100|[from] item: Life Orb\n|move|p1a: Cholo|Iron Head|p2a: \ud83d\ude02\ud83d\ude02\ud83d\ude02\n|-damage|p2a: \ud83d\ude02\ud83d\ude02\ud83d\ude02|54\/100\n|\n|upkeep\n|turn|3\n|\n|t:|1700692679\n|move|p2a: \ud83d\ude02\ud83d\ude02\ud83d\ude02|Power-Up Punch|p1a: Cholo\n|-supereffective|p1a: Cholo\n|-damage|p1a: Cholo|0 fnt\n|-boost|p2a: \ud83d\ude02\ud83d\ude02\ud83d\ude02|atk|1\n|faint|p1a: Cholo\n|-damage|p2a: \ud83d\ude02\ud83d\ude02\ud83d\ude02|44\/100|[from] item: Life Orb\n|\n|upkeep\n|\n|t:|1700692686\n|switch|p1a: Ikar|Clodsire, F|100\/100\n|turn|4\n|\n|t:|1700692695\n|move|p1a: Ikar|Curse|p1a: Ikar\n|-unboost|p1a: Ikar|spe|1\n|-boost|p1a: Ikar|atk|1\n|-boost|p1a: Ikar|def|1\n|move|p2a: \ud83d\ude02\ud83d\ude02\ud83d\ude02|Pain Split|p1a: Ikar\n|-sethp|p1a: Ikar|61\/100|[from] move: Pain Split|[silent]\n|-sethp|p2a: \ud83d\ude02\ud83d\ude02\ud83d\ude02|100\/100|[from] move: Pain Split\n|\n|-heal|p1a: Ikar|68\/100|[from] item: Leftovers\n|upkeep\n|turn|5\n|\n|t:|1700692705\n|switch|p2a: THANK U BASEDG\ud83e\udeb2D|Rabsca, M, shiny|100\/100\n|move|p1a: Ikar|Earthquake|p2a: THANK U BASEDG\ud83e\udeb2D\n|-resisted|p2a: THANK U BASEDG\ud83e\udeb2D\n|-damage|p2a: THANK U BASEDG\ud83e\udeb2D|69\/100\n|\n|-heal|p1a: Ikar|74\/100|[from] item: Leftovers\n|-fieldend|move: Trick Room\n|upkeep\n|turn|6\n|\n|t:|1700692715\n|move|p2a: THANK U BASEDG\ud83e\udeb2D|Earth Power|p1a: Ikar\n|-supereffective|p1a: Ikar\n|-damage|p1a: Ikar|26\/100\n|move|p1a: Ikar|Yawn|p2a: THANK U BASEDG\ud83e\udeb2D\n|-start|p2a: THANK U BASEDG\ud83e\udeb2D|move: Yawn|[of] p1a: Ikar\n|\n|-heal|p1a: Ikar|32\/100|[from] item: Leftovers\n|upkeep\n|turn|7\n|\n|t:|1700692728\n|switch|p2a: Magic Mike|Hoopa-Unbound|100\/100\n|move|p1a: Ikar|Earthquake|p2a: Magic Mike\n|-crit|p2a: Magic Mike\n|-damage|p2a: Magic Mike|14\/100\n|-enditem|p2a: Magic Mike|Red Card|[of] p1a: Ikar\n|drag|p1a: za za|Samurott-Hisui, M|100\/100\n|\n|upkeep\n|turn|8\n|\n|t:|1700692737\n|switch|p2a: \ud83d\ude02\ud83d\ude02\ud83d\ude02|Dusknoir, M, tera:Fighting|100\/100\n|-item|p1a: za za|Waterium Z|[from] ability: Frisk|[of] p2a: \ud83d\ude02\ud83d\ude02\ud83d\ude02|[identify]\n|move|p1a: za za|Ceaseless Edge|p2a: \ud83d\ude02\ud83d\ude02\ud83d\ude02\n|-resisted|p2a: \ud83d\ude02\ud83d\ude02\ud83d\ude02\n|-damage|p2a: \ud83d\ude02\ud83d\ude02\ud83d\ude02|78\/100\n|-sidestart|p2: mannmilk|Spikes\n|\n|upkeep\n|turn|9\n|\n|t:|1700692746\n|move|p1a: za za|Aqua Cutter|p2a: \ud83d\ude02\ud83d\ude02\ud83d\ude02\n|-damage|p2a: \ud83d\ude02\ud83d\ude02\ud83d\ude02|28\/100\n|move|p2a: \ud83d\ude02\ud83d\ude02\ud83d\ude02|Trick Room|p2a: \ud83d\ude02\ud83d\ude02\ud83d\ude02\n|-fieldstart|move: Trick Room|[of] p2a: \ud83d\ude02\ud83d\ude02\ud83d\ude02\n|\n|upkeep\n|turn|10\n|\n|t:|1700692752\n|switch|p1a: Ikar|Clodsire, F|32\/100\n|move|p2a: \ud83d\ude02\ud83d\ude02\ud83d\ude02|Pain Split|p1a: Ikar\n|-sethp|p1a: Ikar|23\/100|[from] move: Pain Split|[silent]\n|-sethp|p2a: \ud83d\ude02\ud83d\ude02\ud83d\ude02|46\/100|[from] move: Pain Split\n|\n|-heal|p1a: Ikar|29\/100|[from] item: Leftovers\n|upkeep\n|turn|11\n|\n|t:|1700692759\n|move|p1a: Ikar|Earthquake|p2a: \ud83d\ude02\ud83d\ude02\ud83d\ude02\n|-damage|p2a: \ud83d\ude02\ud83d\ude02\ud83d\ude02|2\/100\n|move|p2a: \ud83d\ude02\ud83d\ude02\ud83d\ude02|Poltergeist|p1a: Ikar\n|-activate|p1a: Ikar|move: Poltergeist|Leftovers\n|-damage|p1a: Ikar|0 fnt\n|faint|p1a: Ikar\n|-damage|p2a: \ud83d\ude02\ud83d\ude02\ud83d\ude02|0 fnt|[from] item: Life Orb\n|faint|p2a: \ud83d\ude02\ud83d\ude02\ud83d\ude02\n|\n|upkeep\n|\n|t:|1700692774\n|switch|p1a: VINTOOOOOOR|Rotom-Wash|100\/100\n|switch|p2a: Magic Mike|Hoopa-Unbound|14\/100\n|-damage|p2a: Magic Mike|2\/100|[from] Spikes\n|turn|12\n|\n|t:|1700692783\n|move|p2a: Magic Mike|Destiny Bond|p2a: Magic Mike\n|-singlemove|p2a: Magic Mike|Destiny Bond\n|move|p1a: VINTOOOOOOR|Will-O-Wisp|p2a: Magic Mike\n|-status|p2a: Magic Mike|brn\n|\n|-damage|p2a: Magic Mike|0 fnt|[from] brn\n|faint|p2a: Magic Mike\n|upkeep\n|\n|t:|1700692790\n|switch|p2a: DOOMSDAY|Lickilicky, M, shiny|100\/100\n|-damage|p2a: DOOMSDAY|88\/100|[from] Spikes\n|-ability|p2a: DOOMSDAY|Cloud Nine\n|turn|13\n|\n|t:|1700692800\n|move|p2a: DOOMSDAY|Explosion|p1a: VINTOOOOOOR\n|-damage|p1a: VINTOOOOOOR|0 fnt\n|faint|p2a: DOOMSDAY\n|faint|p1a: VINTOOOOOOR\n|\n|-fieldend|move: Trick Room\n|upkeep\n|\n|t:|1700692809\n|switch|p1a: Cholito|Weavile, F|100\/100\n|switch|p2a: pooplover69|Banette, M|100\/100\n|-ability|p1a: Cholito|Pressure\n|-damage|p2a: pooplover69|88\/100|[from] Spikes\n|-item|p1a: Cholito|Poisonium Z|[from] ability: Frisk|[of] p2a: pooplover69|[identify]\n|turn|14\n|\n|t:|1700692816\n|detailschange|p2a: pooplover69|Banette-Mega, M\n|-mega|p2a: pooplover69|Banette|Banettite\n|move|p2a: pooplover69|Destiny Bond|p2a: pooplover69\n|-singlemove|p2a: pooplover69|Destiny Bond\n|move|p1a: Cholito|Knock Off|p2a: pooplover69\n|-supereffective|p2a: pooplover69\n|-damage|p2a: pooplover69|2\/100\n|\n|upkeep\n|turn|15\n|c|\u2606FrostBv|cff\n|c|\u2606mannmilk|cff?\n|\n|t:|1700692842\n|switch|p1a: Tiburoncin|Garchomp, M|100\/100\n|move|p2a: pooplover69|Shadow Claw|p1a: Tiburoncin\n|-damage|p1a: Tiburoncin|57\/100\n|-damage|p2a: pooplover69|0 fnt|[from] ability: Rough Skin|[of] p1a: Tiburoncin\n|faint|p2a: pooplover69\n|\n|-heal|p1a: Tiburoncin|63\/100|[from] item: Leftovers\n|upkeep\n|\n|t:|1700692848\n|switch|p2a: THANK U BASEDG\ud83e\udeb2D|Rabsca, M, shiny|69\/100\n|-damage|p2a: THANK U BASEDG\ud83e\udeb2D|57\/100|[from] Spikes\n|turn|16\n|\n|t:|1700692854\n|move|p1a: Tiburoncin|Rock Slide|p2a: THANK U BASEDG\ud83e\udeb2D\n|-supereffective|p2a: THANK U BASEDG\ud83e\udeb2D\n|-damage|p2a: THANK U BASEDG\ud83e\udeb2D|2\/100\n|cant|p2a: THANK U BASEDG\ud83e\udeb2D|flinch\n|\n|-heal|p1a: Tiburoncin|69\/100|[from] item: Leftovers\n|upkeep\n|turn|17\n|l|\u2606mannmilk\n|player|p2|\n|inactive|Battle timer is ON: inactive players will automatically lose when time's up. (requested by FrostBv)\n|inactive|mannmilk has 30 seconds to reconnect!\n|inactive|mannmilk has 20 seconds to reconnect!\n|inactive|mannmilk has 15 seconds to reconnect!\n|inactive|mannmilk has 10 seconds to reconnect!\n|inactive|mannmilk has 5 seconds to reconnect!\n|-message|mannmilk lost due to inactivity.\n|\n|win|FrostBv\n|raw|FrostBv's rating: 1199 &rarr; <strong>1220<\/strong><br \/>(+21 for winning)\n|raw|mannmilk's rating: 1139 &rarr; <strong>1118<\/strong><br \/>(-21 for losing)\n","uploadtime":1700692949,"views":20,"p1id":"frostbv","p2id":"mannmilk","formatid":"gen9nationaldex","rating":1118,"private":0,"password":""}