{"id":"gen9nationaldex-1995745028","p1":"Costulo","p2":"Nimezin","format":"[Gen 9] National Dex","log":"|html|<div class=\"broadcast-blue\"><strong>[Gen 9] National Dex is currently suspecting Sneasler! For information on how to participate check out the <a href=\"https:\/\/www.smogon.com\/forums\/threads\/sv-national-dex-suspect-8-just-dance.3731534\/\">suspect thread<\/a>.<\/strong><\/div>\n|j|\u2606Costulo\n|j|\u2606Nimezin\n|t:|1700599180\n|gametype|singles\n|player|p1|Costulo|266|1092\n|player|p2|Nimezin|pokemonbreederf-gen4|1145\n|teamsize|p1|6\n|teamsize|p2|6\n|gen|9\n|tier|[Gen 9] National Dex\n|rated|\n|rule|HP Percentage Mod: HP is shown in percentages\n|rule|Endless Battle Clause: Forcing endless battles is banned\n|rule|OHKO Clause: OHKO moves are banned\n|rule|Evasion Clause: Evasion abilities, items, and moves are banned\n|rule|Evasion Abilities Clause: Evasion abilities are banned\n|rule|Evasion Items Clause: Evasion items are banned\n|rule|Evasion Moves Clause: Evasion moves are banned\n|rule|Species Clause: Limit one of each Pok\u00e9mon\n|rule|Sleep Clause Mod: Limit one foe put to sleep\n|clearpoke\n|poke|p1|Cinderace, M|\n|poke|p1|Volcarona, F|\n|poke|p1|Vikavolt, M|\n|poke|p1|Flygon, M|\n|poke|p1|Torkoal, M|\n|poke|p1|Togekiss, F|\n|poke|p2|Spinda, M|\n|poke|p2|Mawile, M|\n|poke|p2|Ditto|\n|poke|p2|Armarouge, M|\n|poke|p2|Lycanroc-Dusk, F|\n|poke|p2|Greninja-*, M|\n|teampreview\n|\n|t:|1700599200\n|start\n|switch|p1a: Beardo|Vikavolt, M|100\/100\n|switch|p2a: Greninja|Greninja, M|100\/100\n|turn|1\n|\n|t:|1700599213\n|move|p2a: Greninja|Endure|p2a: Greninja\n|-singleturn|p2a: Greninja|move: Endure\n|move|p1a: Beardo|Energy Ball|p2a: Greninja\n|-supereffective|p2a: Greninja\n|-activate|p2a: Greninja|move: Endure\n|-damage|p2a: Greninja|1\/100\n|-enditem|p2a: Greninja|Weakness Policy\n|-boost|p2a: Greninja|atk|2|[from] item: Weakness Policy\n|-boost|p2a: Greninja|spa|2|[from] item: Weakness Policy\n|\n|upkeep\n|turn|2\n|\n|t:|1700599231\n|move|p2a: Greninja|Scald|p1a: Beardo\n|-damage|p1a: Beardo|13\/100\n|-status|p1a: Beardo|brn\n|move|p1a: Beardo|Volt Switch|p2a: Greninja\n|-supereffective|p2a: Greninja\n|-damage|p2a: Greninja|0 fnt\n|faint|p2a: Greninja\n|inactive|Battle timer is ON: inactive players will automatically lose when time's up. (requested by Nimezin)\n|\n|t:|1700599242\n|switch|p1a: Alejandro|Flygon, M|100\/100|[from] Volt Switch\n|\n|upkeep\n|\n|t:|1700599261\n|switch|p2a: Ditto|Ditto|100\/100\n|-transform|p2a: Ditto|p1a: Alejandro|[from] ability: Imposter\n|turn|3\n|\n|t:|1700599275\n|switch|p1a: Josee|Togekiss, F|100\/100\n|move|p2a: Ditto|Dragon Claw|p1a: Josee\n|-immune|p1a: Josee\n|\n|upkeep\n|turn|4\n|\n|t:|1700599285\n|switch|p2a: Destroyer solver|Lycanroc-Dusk, F|100\/100\n|move|p1a: Josee|Flamethrower|p2a: Destroyer solver\n|-resisted|p2a: Destroyer solver\n|-damage|p2a: Destroyer solver|77\/100\n|\n|upkeep\n|turn|5\n|\n|t:|1700599296\n|switch|p1a: Beardo|Vikavolt, M|13\/100 brn\n|move|p2a: Destroyer solver|Accelerock|p1a: Beardo\n|-supereffective|p1a: Beardo\n|-damage|p1a: Beardo|0 fnt\n|faint|p1a: Beardo\n|\n|upkeep\n|\n|t:|1700599305\n|switch|p1a: Alejandro|Flygon, M|100\/100\n|turn|6\n|\n|t:|1700599317\n|switch|p2a: Ditto|Ditto|100\/100\n|-transform|p2a: Ditto|p1a: Alejandro|[from] ability: Imposter\n|move|p1a: Alejandro|Earthquake|p2a: Ditto\n|-immune|p2a: Ditto|[from] ability: Levitate\n|\n|upkeep\n|turn|7\n|\n|t:|1700599326\n|move|p2a: Ditto|U-turn|p1a: Alejandro\n|-damage|p1a: Alejandro|69\/100\n|\n|t:|1700599336\n|switch|p2a: Armarouge|Armarouge, M|100\/100|[from] U-turn\n|move|p1a: Alejandro|Dragon Claw|p2a: Armarouge\n|-damage|p2a: Armarouge|66\/100\n|\n|-heal|p1a: Alejandro|75\/100|[from] item: Leftovers\n|-heal|p2a: Armarouge|72\/100|[from] item: Leftovers\n|upkeep\n|turn|8\n|\n|t:|1700599351\n|move|p1a: Alejandro|Earthquake|p2a: Armarouge\n|-supereffective|p2a: Armarouge\n|-crit|p2a: Armarouge\n|-damage|p2a: Armarouge|0 fnt\n|faint|p2a: Armarouge\n|\n|-heal|p1a: Alejandro|81\/100|[from] item: Leftovers\n|upkeep\n|\n|t:|1700599367\n|switch|p2a: Spinda|Spinda, M|100\/100\n|turn|9\n|\n|t:|1700599379\n|move|p1a: Alejandro|Dragon Dance|p1a: Alejandro\n|-boost|p1a: Alejandro|atk|1\n|-boost|p1a: Alejandro|spe|1\n|move|p2a: Spinda|Superpower|p1a: Alejandro\n|-damage|p1a: Alejandro|41\/100\n|-boost|p2a: Spinda|atk|1\n|-boost|p2a: Spinda|def|1\n|\n|-heal|p1a: Alejandro|47\/100|[from] item: Leftovers\n|upkeep\n|turn|10\n|\n|t:|1700599390\n|move|p1a: Alejandro|Earthquake|p2a: Spinda\n|-damage|p2a: Spinda|26\/100\n|move|p2a: Spinda|Trick Room|p2a: Spinda\n|-fieldstart|move: Trick Room|[of] p2a: Spinda\n|\n|-heal|p2a: Spinda|32\/100|[from] item: Leftovers\n|-heal|p1a: Alejandro|52\/100|[from] item: Leftovers\n|upkeep\n|turn|11\n|\n|t:|1700599416\n|move|p2a: Spinda|Superpower|p1a: Alejandro\n|-damage|p1a: Alejandro|0 fnt\n|-boost|p2a: Spinda|atk|1\n|-boost|p2a: Spinda|def|1\n|faint|p1a: Alejandro\n|\n|-heal|p2a: Spinda|38\/100|[from] item: Leftovers\n|upkeep\n|\n|t:|1700599423\n|switch|p1a: Sam|Torkoal, M|100\/100\n|-weather|SunnyDay|[from] ability: Drought|[of] p1a: Sam\n|turn|12\n|\n|t:|1700599442\n|move|p1a: Sam|Flamethrower|p2a: Spinda\n|-damage|p2a: Spinda|0 fnt\n|faint|p2a: Spinda\n|\n|-weather|SunnyDay|[upkeep]\n|upkeep\n|\n|t:|1700599459\n|switch|p2a: Mawile|Mawile, M|100\/100\n|turn|13\n|\n|t:|1700599471\n|detailschange|p2a: Mawile|Mawile-Mega, M\n|-mega|p2a: Mawile|Mawile|Mawilite\n|move|p1a: Sam|Flamethrower|p2a: Mawile\n|-supereffective|p2a: Mawile\n|-damage|p2a: Mawile|0 fnt\n|faint|p2a: Mawile\n|\n|-weather|SunnyDay|[upkeep]\n|upkeep\n|\n|t:|1700599478\n|switch|p2a: Destroyer solver|Lycanroc-Dusk, F|77\/100\n|turn|14\n|\n|t:|1700599488\n|move|p1a: Sam|Toxic|p2a: Destroyer solver\n|-status|p2a: Destroyer solver|tox\n|move|p2a: Destroyer solver|Stone Edge|p1a: Sam\n|-supereffective|p1a: Sam\n|-damage|p1a: Sam|35\/100\n|\n|-weather|SunnyDay|[upkeep]\n|-damage|p2a: Destroyer solver|70\/100 tox|[from] psn\n|-fieldend|move: Trick Room\n|upkeep\n|turn|15\n|\n|t:|1700599501\n|move|p2a: Destroyer solver|Stone Edge|p1a: Sam\n|-supereffective|p1a: Sam\n|-damage|p1a: Sam|0 fnt\n|faint|p1a: Sam\n|\n|-weather|SunnyDay|[upkeep]\n|-damage|p2a: Destroyer solver|58\/100 tox|[from] psn\n|upkeep\n|inactive|Costulo has 120 seconds left.\n|\n|t:|1700599535\n|switch|p1a: Josee|Togekiss, F|100\/100\n|turn|16\n|inactive|Costulo has 120 seconds left.\n|\n|t:|1700599546\n|move|p2a: Destroyer solver|Stone Edge|p1a: Josee\n|-supereffective|p1a: Josee\n|-damage|p1a: Josee|0 fnt\n|faint|p1a: Josee\n|\n|-weather|none\n|-damage|p2a: Destroyer solver|40\/100 tox|[from] psn\n|upkeep\n|inactive|Costulo has 120 seconds left.\n|\n|t:|1700599552\n|switch|p1a: Brick|Cinderace, M|100\/100\n|turn|17\n|\n|t:|1700599566\n|move|p1a: Brick|Sucker Punch|p2a: Destroyer solver\n|-start|p1a: Brick|typechange|Dark|[from] ability: Libero\n|-damage|p2a: Destroyer solver|0 fnt\n|faint|p2a: Destroyer solver\n|\n|upkeep\n|\n|t:|1700599570\n|switch|p2a: Ditto|Ditto|100\/100\n|-transform|p2a: Ditto|p1a: Brick|[from] ability: Imposter\n|turn|18\n|\n|t:|1700599595\n|-terastallize|p2a: Ditto|Normal\n|move|p2a: Ditto|U-turn|p1a: Brick\n|-supereffective|p1a: Brick\n|-damage|p1a: Brick|38\/100\n|move|p1a: Brick|U-turn|p2a: Ditto\n|-damage|p2a: Ditto|66\/100\n|\n|t:|1700599601\n|switch|p1a: Kitty|Volcarona, F|100\/100|[from] U-turn\n|\n|upkeep\n|turn|19\n|\n|t:|1700599608\n|move|p2a: Ditto|U-turn|p1a: Kitty\n|-resisted|p1a: Kitty\n|-damage|p1a: Kitty|83\/100\n|move|p1a: Kitty|Flamethrower|p2a: Ditto\n|-damage|p2a: Ditto|0 fnt\n|faint|p2a: Ditto\n|\n|win|Costulo\n|raw|Costulo's rating: 1092 &rarr; <strong>1122<\/strong><br \/>(+30 for winning)\n|raw|Nimezin's rating: 1145 &rarr; <strong>1116<\/strong><br \/>(-29 for losing)\n","uploadtime":1700599619,"views":0,"p1id":"costulo","p2id":"nimezin","formatid":"gen9nationaldex","rating":1116,"private":0,"password":""}