{"id":"gen9nationaldex-1988541897","p1":"hambroni","p2":"ShelmetSoup","format":"[Gen 9] National Dex","log":"|j|\u2606hambroni\n|j|\u2606ShelmetSoup\n|t:|1699734101\n|gametype|singles\n|player|p1|hambroni|lucas|1261\n|player|p2|ShelmetSoup|102|1307\n|teamsize|p1|6\n|teamsize|p2|6\n|gen|9\n|tier|[Gen 9] National Dex\n|rated|\n|rule|HP Percentage Mod: HP is shown in percentages\n|rule|Endless Battle Clause: Forcing endless battles is banned\n|rule|OHKO Clause: OHKO moves are banned\n|rule|Evasion Clause: Evasion abilities, items, and moves are banned\n|rule|Evasion Abilities Clause: Evasion abilities are banned\n|rule|Evasion Items Clause: Evasion items are banned\n|rule|Evasion Moves Clause: Evasion moves are banned\n|rule|Species Clause: Limit one of each Pok\u00e9mon\n|rule|Sleep Clause Mod: Limit one foe put to sleep\n|clearpoke\n|poke|p1|Torkoal, M|\n|poke|p1|Charizard, M|\n|poke|p1|Venusaur, M|\n|poke|p1|Cinderace, M|\n|poke|p1|Corviknight, M|\n|poke|p1|Blissey, F|\n|poke|p2|Iron Hands|\n|poke|p2|Alomomola, M|\n|poke|p2|Great Tusk|\n|poke|p2|Celesteela|\n|poke|p2|Latios, M|\n|poke|p2|Garganacl, M|\n|teampreview\n|\n|t:|1699734112\n|start\n|switch|p1a: oogway|Torkoal, M|100\/100\n|switch|p2a: Latios|Latios, M|100\/100\n|-weather|SunnyDay|[from] ability: Drought|[of] p1a: oogway\n|turn|1\n|inactive|Battle timer is ON: inactive players will automatically lose when time's up. (requested by hambroni)\n|\n|t:|1699734129\n|switch|p1a: Blissey|Blissey, F|100\/100\n|detailschange|p2a: Latios|Latios-Mega, M\n|-mega|p2a: Latios|Latios|Latiosite\n|move|p2a: Latios|Draco Meteor|p1a: Blissey\n|-damage|p1a: Blissey|69\/100\n|-unboost|p2a: Latios|spa|2\n|\n|-weather|SunnyDay|[upkeep]\n|upkeep\n|turn|2\n|\n|t:|1699734144\n|switch|p2a: Garganacl|Garganacl, M|100\/100\n|move|p1a: Blissey|Soft-Boiled|p1a: Blissey\n|-heal|p1a: Blissey|100\/100\n|\n|-weather|SunnyDay|[upkeep]\n|upkeep\n|turn|3\n|inactive|ShelmetSoup has 120 seconds left.\n|\n|t:|1699734184\n|move|p2a: Garganacl|Salt Cure|p1a: Blissey\n|-damage|p1a: Blissey|88\/100\n|-start|p1a: Blissey|Salt Cure\n|move|p1a: Blissey|Teleport|p1a: Blissey\n|\n|t:|1699734206\n|switch|p1a: Venusaur|Venusaur, M|100\/100|[from] Teleport\n|\n|-weather|SunnyDay|[upkeep]\n|upkeep\n|turn|4\n|\n|t:|1699734215\n|move|p1a: Venusaur|Growth|p1a: Venusaur\n|-boost|p1a: Venusaur|atk|2\n|-boost|p1a: Venusaur|spa|2\n|move|p2a: Garganacl|Salt Cure|p1a: Venusaur\n|-crit|p1a: Venusaur\n|-damage|p1a: Venusaur|72\/100\n|-start|p1a: Venusaur|Salt Cure\n|\n|-weather|SunnyDay|[upkeep]\n|-damage|p1a: Venusaur|60\/100|[from] Salt Cure\n|upkeep\n|turn|5\n|\n|t:|1699734220\n|move|p2a: Garganacl|Protect|p2a: Garganacl\n|-singleturn|p2a: Garganacl|Protect\n|move|p1a: Venusaur|Giga Drain|p2a: Garganacl\n|-activate|p2a: Garganacl|move: Protect\n|\n|-weather|SunnyDay|[upkeep]\n|-damage|p1a: Venusaur|48\/100|[from] Salt Cure\n|upkeep\n|turn|6\n|\n|t:|1699734223\n|switch|p2a: Latios|Latios-Mega, M|100\/100\n|move|p1a: Venusaur|Giga Drain|p2a: Latios\n|-resisted|p2a: Latios\n|-damage|p2a: Latios|66\/100\n|-heal|p1a: Venusaur|69\/100|[from] drain|[of] p2a: Latios\n|-damage|p1a: Venusaur|59\/100|[from] item: Life Orb\n|\n|-weather|SunnyDay|[upkeep]\n|-damage|p1a: Venusaur|47\/100|[from] Salt Cure\n|upkeep\n|turn|7\n|\n|t:|1699734227\n|switch|p1a: Blissey|Blissey, F|88\/100\n|move|p2a: Latios|Psychic|p1a: Blissey\n|-damage|p1a: Blissey|65\/100\n|\n|-weather|SunnyDay|[upkeep]\n|upkeep\n|turn|8\n|\n|t:|1699734230\n|move|p2a: Latios|Psyshock|p1a: Blissey\n|-damage|p1a: Blissey|15\/100\n|move|p1a: Blissey|Teleport|p1a: Blissey\n|\n|t:|1699734233\n|switch|p1a: Cinderace|Cinderace, M|100\/100|[from] Teleport\n|\n|-weather|none\n|upkeep\n|turn|9\n|\n|t:|1699734238\n|move|p1a: Cinderace|U-turn|p2a: Latios\n|-start|p1a: Cinderace|typechange|Bug|[from] ability: Libero\n|-supereffective|p2a: Latios\n|-damage|p2a: Latios|2\/100\n|\n|t:|1699734243\n|switch|p1a: Blissey|Blissey, F|15\/100|[from] U-turn\n|move|p2a: Latios|Draco Meteor|p1a: Blissey|[miss]\n|-miss|p2a: Latios|p1a: Blissey\n|\n|upkeep\n|turn|10\n|\n|t:|1699734247\n|move|p2a: Latios|Recover|p2a: Latios\n|-heal|p2a: Latios|52\/100\n|move|p1a: Blissey|Soft-Boiled|p1a: Blissey\n|-heal|p1a: Blissey|65\/100\n|\n|upkeep\n|turn|11\n|\n|t:|1699734251\n|move|p2a: Latios|Recover|p2a: Latios\n|-heal|p2a: Latios|100\/100\n|move|p1a: Blissey|Soft-Boiled|p1a: Blissey\n|-heal|p1a: Blissey|100\/100\n|\n|upkeep\n|turn|12\n|\n|t:|1699734255\n|move|p2a: Latios|Psyshock|p1a: Blissey\n|-damage|p1a: Blissey|53\/100\n|move|p1a: Blissey|Toxic|p2a: Latios\n|-status|p2a: Latios|tox\n|\n|-damage|p2a: Latios|94\/100 tox|[from] psn\n|upkeep\n|turn|13\n|\n|t:|1699734261\n|switch|p1a: Corviknight|Corviknight, M|100\/100\n|-ability|p1a: Corviknight|Pressure\n|move|p2a: Latios|Psyshock|p1a: Corviknight\n|-resisted|p1a: Corviknight\n|-damage|p1a: Corviknight|84\/100\n|\n|-heal|p1a: Corviknight|90\/100|[from] item: Leftovers\n|-damage|p2a: Latios|82\/100 tox|[from] psn\n|upkeep\n|turn|14\n|\n|t:|1699734268\n|switch|p2a: Celesteela|Celesteela|100\/100\n|move|p1a: Corviknight|U-turn|p2a: Celesteela\n|-resisted|p2a: Celesteela\n|-damage|p2a: Celesteela|98\/100\n|\n|t:|1699734274\n|switch|p1a: Cinderace|Cinderace, M|100\/100|[from] U-turn\n|\n|-heal|p2a: Celesteela|100\/100|[from] item: Leftovers\n|upkeep\n|turn|15\n|\n|t:|1699734280\n|move|p1a: Cinderace|Pyro Ball|p2a: Celesteela\n|-supereffective|p2a: Celesteela\n|-damage|p2a: Celesteela|7\/100\n|move|p2a: Celesteela|Leech Seed|p1a: Cinderace\n|-start|p1a: Cinderace|move: Leech Seed\n|\n|-heal|p2a: Celesteela|13\/100|[from] item: Leftovers\n|-damage|p1a: Cinderace|88\/100|[from] Leech Seed|[of] p2a: Celesteela\n|-heal|p2a: Celesteela|22\/100|[silent]\n|upkeep\n|turn|16\n|\n|t:|1699734286\n|switch|p1a: Back Then|Charizard, M, shiny|100\/100\n|move|p2a: Celesteela|Protect||[still]\n|-fail|p2a: Celesteela\n|\n|-heal|p2a: Celesteela|28\/100|[from] item: Leftovers\n|upkeep\n|turn|17\n|\n|t:|1699734291\n|switch|p2a: Garganacl|Garganacl, M|100\/100\n|move|p1a: Back Then|Flamethrower|p2a: Garganacl\n|-resisted|p2a: Garganacl\n|-damage|p2a: Garganacl|78\/100\n|\n|-heal|p2a: Garganacl|85\/100|[from] item: Leftovers\n|upkeep\n|turn|18\n|\n|t:|1699734296\n|switch|p1a: Blissey|Blissey, F|53\/100\n|move|p2a: Garganacl|Salt Cure|p1a: Blissey\n|-damage|p1a: Blissey|40\/100\n|-start|p1a: Blissey|Salt Cure\n|\n|-heal|p2a: Garganacl|91\/100|[from] item: Leftovers\n|-damage|p1a: Blissey|28\/100|[from] Salt Cure\n|upkeep\n|turn|19\n|\n|t:|1699734300\n|move|p2a: Garganacl|Stealth Rock|p1a: Blissey\n|-sidestart|p1: hambroni|move: Stealth Rock\n|move|p1a: Blissey|Soft-Boiled|p1a: Blissey\n|-heal|p1a: Blissey|78\/100\n|\n|-heal|p2a: Garganacl|97\/100|[from] item: Leftovers\n|-damage|p1a: Blissey|65\/100|[from] Salt Cure\n|upkeep\n|turn|20\n|\n|t:|1699734309\n|switch|p2a: Latios|Latios-Mega, M|82\/100 tox\n|move|p1a: Blissey|Teleport|p1a: Blissey\n|\n|t:|1699734312\n|switch|p1a: Corviknight|Corviknight, M|90\/100|[from] Teleport\n|-damage|p1a: Corviknight|78\/100|[from] Stealth Rock\n|-ability|p1a: Corviknight|Pressure\n|\n|-heal|p1a: Corviknight|84\/100|[from] item: Leftovers\n|-damage|p2a: Latios|76\/100 tox|[from] psn\n|upkeep\n|turn|21\n|\n|t:|1699734321\n|move|p2a: Latios|Psychic|p1a: Corviknight\n|-resisted|p1a: Corviknight\n|-damage|p1a: Corviknight|53\/100\n|move|p1a: Corviknight|Defog|p2a: Latios\n|-unboost|p2a: Latios|evasion|1\n|-sideend|p1: hambroni|Stealth Rock|[from] move: Defog|[of] p1a: Corviknight\n|\n|-heal|p1a: Corviknight|60\/100|[from] item: Leftovers\n|-damage|p2a: Latios|64\/100 tox|[from] psn\n|upkeep\n|turn|22\n|\n|t:|1699734326\n|move|p2a: Latios|Recover|p2a: Latios\n|-heal|p2a: Latios|100\/100 tox\n|move|p1a: Corviknight|Roost|p1a: Corviknight\n|-heal|p1a: Corviknight|100\/100\n|-singleturn|p1a: Corviknight|move: Roost\n|\n|-damage|p2a: Latios|82\/100 tox|[from] psn\n|upkeep\n|turn|23\n|inactive|hambroni has 120 seconds left.\n|\n|t:|1699734383\n|switch|p2a: Garganacl|Garganacl, M|97\/100\n|move|p1a: Corviknight|U-turn|p2a: Garganacl\n|-damage|p2a: Garganacl|87\/100\n|\n|t:|1699734385\n|switch|p1a: Venusaur|Venusaur, M|47\/100|[from] U-turn\n|\n|-heal|p2a: Garganacl|93\/100|[from] item: Leftovers\n|upkeep\n|turn|24\n|\n|t:|1699734393\n|move|p1a: Venusaur|Giga Drain|p2a: Garganacl\n|-supereffective|p2a: Garganacl\n|-damage|p2a: Garganacl|29\/100\n|-heal|p1a: Venusaur|90\/100|[from] drain|[of] p2a: Garganacl\n|-damage|p1a: Venusaur|80\/100|[from] item: Life Orb\n|move|p2a: Garganacl|Salt Cure|p1a: Venusaur\n|-damage|p1a: Venusaur|62\/100\n|-start|p1a: Venusaur|Salt Cure\n|\n|-heal|p2a: Garganacl|35\/100|[from] item: Leftovers\n|-damage|p1a: Venusaur|49\/100|[from] Salt Cure\n|upkeep\n|turn|25\n|\n|t:|1699734400\n|switch|p1a: Back Then|Charizard, M, shiny|100\/100\n|move|p2a: Garganacl|Protect||[still]\n|-fail|p2a: Garganacl\n|\n|-heal|p2a: Garganacl|42\/100|[from] item: Leftovers\n|upkeep\n|turn|26\n|\n|t:|1699734404\n|move|p1a: Back Then|Focus Blast|p2a: Garganacl|[miss]\n|-miss|p1a: Back Then|p2a: Garganacl\n|move|p2a: Garganacl|Recover|p2a: Garganacl\n|-heal|p2a: Garganacl|92\/100\n|\n|-heal|p2a: Garganacl|98\/100|[from] item: Leftovers\n|upkeep\n|turn|27\n|c|\u2606hambroni|ofcf\n|inactive|hambroni has 120 seconds left.\n|\n|t:|1699734421\n|move|p1a: Back Then|Focus Blast|p2a: Garganacl|[miss]\n|-miss|p1a: Back Then|p2a: Garganacl\n|move|p2a: Garganacl|Salt Cure|p1a: Back Then\n|-supereffective|p1a: Back Then\n|-damage|p1a: Back Then|18\/100\n|-start|p1a: Back Then|Salt Cure\n|\n|-heal|p2a: Garganacl|100\/100|[from] item: Leftovers\n|-damage|p1a: Back Then|6\/100|[from] Salt Cure\n|upkeep\n|turn|28\n|c|\u2606hambroni|bruh\n|\n|t:|1699734429\n|switch|p1a: Venusaur|Venusaur, M|49\/100\n|move|p2a: Garganacl|Stealth Rock|p1a: Venusaur\n|-sidestart|p1: hambroni|move: Stealth Rock\n|\n|upkeep\n|turn|29\n|-message|hambroni forfeited.\n|\n|win|ShelmetSoup\n|raw|hambroni's rating: 1261 &rarr; <strong>1239<\/strong><br \/>(-22 for losing)\n|raw|ShelmetSoup's rating: 1307 &rarr; <strong>1324<\/strong><br \/>(+17 for winning)\n|l|\u2606ShelmetSoup\n|l|\u2606hambroni\n|j|\u2606hambroni\n|player|p1|hambroni|lucas\n","uploadtime":1699734456,"views":4,"p1id":"hambroni","p2id":"shelmetsoup","formatid":"gen9nationaldex","rating":1239,"private":0,"password":""}