{"id":"gen9nationaldex-1990107066","p1":"Kuzwa","p2":"Ace Trainer Pinky","format":"[Gen 9] National Dex","log":"|j|\u2606Kuzwa\n|j|\u2606Ace Trainer Pinky\n|t:|1699925271\n|gametype|singles\n|player|p1|Kuzwa|parasollady|1252\n|player|p2|Ace Trainer Pinky|lillie-masters|1148\n|teamsize|p1|6\n|teamsize|p2|6\n|gen|9\n|tier|[Gen 9] National Dex\n|rated|\n|rule|HP Percentage Mod: HP is shown in percentages\n|rule|Endless Battle Clause: Forcing endless battles is banned\n|rule|OHKO Clause: OHKO moves are banned\n|rule|Evasion Clause: Evasion abilities, items, and moves are banned\n|rule|Evasion Abilities Clause: Evasion abilities are banned\n|rule|Evasion Items Clause: Evasion items are banned\n|rule|Evasion Moves Clause: Evasion moves are banned\n|rule|Species Clause: Limit one of each Pok\u00e9mon\n|rule|Sleep Clause Mod: Limit one foe put to sleep\n|clearpoke\n|poke|p1|Gallade, M|\n|poke|p1|Kartana|\n|poke|p1|Weavile, M|\n|poke|p1|Quaquaval, M|\n|poke|p1|Ogerpon-Wellspring, F|\n|poke|p1|Zeraora|\n|poke|p2|Pelipper, M|\n|poke|p2|Kingdra, F|\n|poke|p2|Ninjask, M|\n|poke|p2|Swampert, M|\n|poke|p2|Ogerpon-Wellspring, F|\n|poke|p2|Minior|\n|teampreview\n|inactive|Battle timer is ON: inactive players will automatically lose when time's up. (requested by Ace Trainer Pinky)\n|\n|t:|1699925283\n|start\n|switch|p1a: Ken Amada|Zeraora|100\/100\n|switch|p2a: Pelipper|Pelipper, M|100\/100\n|-weather|RainDance|[from] ability: Drizzle|[of] p2a: Pelipper\n|turn|1\n|\n|t:|1699925288\n|switch|p2a: Swampert|Swampert, M, shiny|100\/100\n|move|p1a: Ken Amada|Fake Out|p2a: Swampert\n|-damage|p2a: Swampert|87\/100\n|\n|-weather|RainDance|[upkeep]\n|upkeep\n|turn|2\n|\n|t:|1699925306\n|switch|p1a: Kamoshida|Quaquaval, M|100\/100\n|detailschange|p2a: Swampert|Swampert-Mega, M, shiny\n|-mega|p2a: Swampert|Swampert|Swampertite\n|move|p2a: Swampert|Earthquake|p1a: Kamoshida\n|-damage|p1a: Kamoshida|17\/100\n|\n|-weather|RainDance|[upkeep]\n|upkeep\n|turn|3\n|\n|t:|1699925309\n|move|p2a: Swampert|Power-Up Punch|p1a: Kamoshida\n|-damage|p1a: Kamoshida|0 fnt\n|-boost|p2a: Swampert|atk|1\n|faint|p1a: Kamoshida\n|\n|-weather|RainDance|[upkeep]\n|upkeep\n|\n|t:|1699925314\n|switch|p1a: Makoto Yuki|Kartana, shiny|100\/100\n|turn|4\n|\n|t:|1699925329\n|switch|p2a: Ninjask|Ninjask, M, shiny|100\/100\n|move|p1a: Makoto Yuki|Leaf Blade|p2a: Ninjask\n|-resisted|p2a: Ninjask\n|-damage|p2a: Ninjask|61\/100\n|\n|-weather|RainDance|[upkeep]\n|upkeep\n|turn|5\n|\n|t:|1699925333\n|-zpower|p2a: Ninjask\n|move|p2a: Ninjask|Z-Hone Claws|p2a: Ninjask|[anim]Hone Claws\n|-boost|p2a: Ninjask|atk|1|[zeffect]\n|-boost|p2a: Ninjask|atk|1\n|-boost|p2a: Ninjask|accuracy|1\n|move|p1a: Makoto Yuki|Smart Strike|p2a: Ninjask\n|-damage|p2a: Ninjask|0 fnt\n|faint|p2a: Ninjask\n|-ability|p1a: Makoto Yuki|Beast Boost|boost\n|-boost|p1a: Makoto Yuki|atk|1\n|\n|-weather|RainDance|[upkeep]\n|upkeep\n|\n|t:|1699925338\n|switch|p2a: Kingdra|Kingdra, F, shiny|100\/100\n|turn|6\n|\n|t:|1699925343\n|move|p2a: Kingdra|Hurricane|p1a: Makoto Yuki\n|-enditem|p1a: Makoto Yuki|Focus Sash\n|-damage|p1a: Makoto Yuki|1\/100\n|move|p1a: Makoto Yuki|Leaf Blade|p2a: Kingdra\n|-damage|p2a: Kingdra|0 fnt\n|faint|p2a: Kingdra\n|-ability|p1a: Makoto Yuki|Beast Boost|boost\n|-boost|p1a: Makoto Yuki|atk|1\n|\n|-weather|RainDance|[upkeep]\n|upkeep\n|\n|t:|1699925347\n|switch|p2a: Swampert|Swampert-Mega, M, shiny|87\/100\n|turn|7\n|\n|t:|1699925349\n|move|p2a: Swampert|Power-Up Punch|p1a: Makoto Yuki\n|-supereffective|p1a: Makoto Yuki\n|-damage|p1a: Makoto Yuki|0 fnt\n|-boost|p2a: Swampert|atk|1\n|faint|p1a: Makoto Yuki\n|\n|-weather|RainDance|[upkeep]\n|upkeep\n|\n|t:|1699925354\n|switch|p1a: Ken Amada|Zeraora|100\/100\n|turn|8\n|\n|t:|1699925356\n|move|p1a: Ken Amada|Fake Out|p2a: Swampert\n|-crit|p2a: Swampert\n|-damage|p2a: Swampert|69\/100\n|cant|p2a: Swampert|flinch\n|\n|-weather|none\n|upkeep\n|turn|9\n|\n|t:|1699925365\n|switch|p1a: Junpei Iori|Weavile, M, shiny|100\/100\n|switch|p2a: Minior|Minior, shiny|100\/100\n|-formechange|p2a: Minior|Minior-Meteor||[from] ability: Shields Down\n|\n|upkeep\n|turn|10\n|\n|t:|1699925369\n|move|p1a: Junpei Iori|Throat Chop|p2a: Minior\n|-damage|p2a: Minior|50\/100\n|-start|p2a: Minior|Throat Chop|[silent]\n|move|p2a: Minior|Shell Smash|p2a: Minior\n|-unboost|p2a: Minior|def|1\n|-unboost|p2a: Minior|spd|1\n|-boost|p2a: Minior|atk|2\n|-boost|p2a: Minior|spa|2\n|-boost|p2a: Minior|spe|2\n|\n|-formechange|p2a: Minior|Minior||[from] ability: Shields Down\n|upkeep\n|turn|11\n|\n|t:|1699925374\n|move|p2a: Minior|Iron Head|p1a: Junpei Iori\n|-supereffective|p1a: Junpei Iori\n|-crit|p1a: Junpei Iori\n|-enditem|p1a: Junpei Iori|Focus Sash\n|-damage|p1a: Junpei Iori|1\/100\n|-enditem|p2a: Minior|Focus Sash|[silent]|[from] ability: Pickpocket|[of] p2a: Minior\n|-item|p1a: Junpei Iori|Focus Sash|[from] ability: Pickpocket|[of] p2a: Minior\n|move|p1a: Junpei Iori|Ice Spinner|p2a: Minior\n|-supereffective|p2a: Minior\n|-damage|p2a: Minior|0 fnt\n|faint|p2a: Minior\n|\n|upkeep\n|\n|t:|1699925377\n|switch|p2a: Ogerpon|Ogerpon-Wellspring, F|100\/100\n|turn|12\n|\n|t:|1699925382\n|move|p1a: Junpei Iori|Throat Chop|p2a: Ogerpon\n|-damage|p2a: Ogerpon|46\/100\n|-start|p2a: Ogerpon|Throat Chop|[silent]\n|move|p2a: Ogerpon|Trailblaze|p1a: Junpei Iori\n|-damage|p1a: Junpei Iori|0 fnt\n|-boost|p2a: Ogerpon|spe|1\n|faint|p1a: Junpei Iori\n|\n|upkeep\n|\n|t:|1699925389\n|switch|p1a: Aigis|Ogerpon-Wellspring, F|100\/100\n|turn|13\n|\n|t:|1699925395\n|move|p2a: Ogerpon|Trailblaze|p1a: Aigis\n|-damage|p1a: Aigis|62\/100\n|-boost|p2a: Ogerpon|spe|1\n|move|p1a: Aigis|Horn Leech|p2a: Ogerpon\n|-damage|p2a: Ogerpon|0 fnt\n|-heal|p1a: Aigis|84\/100|[from] drain|[of] p2a: Ogerpon\n|faint|p2a: Ogerpon\n|\n|upkeep\n|\n|t:|1699925400\n|switch|p2a: Pelipper|Pelipper, M|100\/100\n|-weather|RainDance|[from] ability: Drizzle|[of] p2a: Pelipper\n|turn|14\n|\n|t:|1699925404\n|move|p1a: Aigis|Horn Leech|p2a: Pelipper\n|-damage|p2a: Pelipper|66\/100\n|-heal|p1a: Aigis|100\/100|[from] drain|[of] p2a: Pelipper\n|move|p2a: Pelipper|U-turn|p1a: Aigis\n|-supereffective|p1a: Aigis\n|-damage|p1a: Aigis|80\/100\n|\n|t:|1699925407\n|switch|p2a: Swampert|Swampert-Mega, M, shiny|69\/100|[from] U-turn\n|\n|-weather|RainDance|[upkeep]\n|upkeep\n|turn|15\n|\n|t:|1699925410\n|-terastallize|p1a: Aigis|Water\n|detailschange|p1a: Aigis|Ogerpon-Wellspring-Tera, F, tera:Water\n|-ability|p1a: Aigis|Embody Aspect (Wellspring)|boost\n|-boost|p1a: Aigis|spd|1\n|move|p2a: Swampert|Ice Punch|p1a: Aigis\n|-resisted|p1a: Aigis\n|-damage|p1a: Aigis|58\/100\n|move|p1a: Aigis|Horn Leech|p2a: Swampert\n|-supereffective|p2a: Swampert\n|-damage|p2a: Swampert|0 fnt\n|-heal|p1a: Aigis|97\/100|[from] drain|[of] p2a: Swampert\n|faint|p2a: Swampert\n|\n|-weather|RainDance|[upkeep]\n|upkeep\n|-message|Ace Trainer Pinky forfeited.\n|\n|win|Kuzwa\n|raw|Kuzwa's rating: 1252 &rarr; <strong>1270<\/strong><br \/>(+18 for winning)\n|raw|Ace Trainer Pinky's rating: 1148 &rarr; <strong>1130<\/strong><br \/>(-18 for losing)\n|l|\u2606Ace Trainer Pinky\n","uploadtime":1699925418,"views":5,"p1id":"kuzwa","p2id":"acetrainerpinky","formatid":"gen9nationaldex","rating":1130,"private":0,"password":""}