{"id":"gen9nationaldex-1998474526","p1":"Gumo1988","p2":"imbwc","format":"[Gen 9] National Dex","log":"|html|<div class=\"broadcast-blue\"><strong>[Gen 9] National Dex is currently suspecting Sneasler! For information on how to participate check out the <a href=\"https:\/\/www.smogon.com\/forums\/threads\/sv-national-dex-suspect-8-just-dance.3731534\/\">suspect thread<\/a>.<\/strong><\/div>\n|j|\u2606Gumo1988\n|j|\u2606imbwc\n|t:|1700946415\n|gametype|singles\n|player|p1|Gumo1988|2|1099\n|player|p2|imbwc|poppy|1000\n|teamsize|p1|6\n|teamsize|p2|6\n|gen|9\n|tier|[Gen 9] National Dex\n|rated|\n|rule|HP Percentage Mod: HP is shown in percentages\n|rule|Endless Battle Clause: Forcing endless battles is banned\n|rule|OHKO Clause: OHKO moves are banned\n|rule|Evasion Clause: Evasion abilities, items, and moves are banned\n|rule|Evasion Abilities Clause: Evasion abilities are banned\n|rule|Evasion Items Clause: Evasion items are banned\n|rule|Evasion Moves Clause: Evasion moves are banned\n|rule|Species Clause: Limit one of each Pok\u00e9mon\n|rule|Sleep Clause Mod: Limit one foe put to sleep\n|clearpoke\n|poke|p1|Aerodactyl, M|\n|poke|p1|Gourgeist-*, F|\n|poke|p1|Slowbro, F|\n|poke|p1|Pidgeot, F|\n|poke|p1|Mabosstiff, F|\n|poke|p1|Heatran, F|\n|poke|p2|Steelix, F|\n|poke|p2|Oinkologne-F, F|\n|poke|p2|Darmanitan, M|\n|poke|p2|Hoopa-Unbound|\n|poke|p2|Stakataka|\n|poke|p2|Castform, M|\n|teampreview\n|\n|t:|1700946435\n|start\n|switch|p1a: Slowbro|Slowbro, F|100\/100\n|switch|p2a: morpheus|Stakataka|100\/100\n|-item|p2a: morpheus|Air Balloon\n|turn|1\n|\n|t:|1700946446\n|switch|p2a: 7 dix in hand|Hoopa-Unbound|100\/100\n|move|p1a: Slowbro|Scald|p2a: 7 dix in hand\n|-damage|p2a: 7 dix in hand|79\/100\n|\n|upkeep\n|turn|2\n|\n|t:|1700946456\n|switch|p1a: Mabosstiff|Mabosstiff, F|100\/100\n|move|p2a: 7 dix in hand|Trick Room|p2a: 7 dix in hand\n|-fieldstart|move: Trick Room|[of] p2a: 7 dix in hand\n|-enditem|p2a: 7 dix in hand|Room Service\n|-unboost|p2a: 7 dix in hand|spe|1|[from] item: Room Service\n|\n|upkeep\n|turn|3\n|\n|t:|1700946471\n|move|p2a: 7 dix in hand|Drain Punch|p1a: Mabosstiff\n|-supereffective|p1a: Mabosstiff\n|-damage|p1a: Mabosstiff|20\/100\n|-heal|p2a: 7 dix in hand|100\/100|[from] drain|[of] p1a: Mabosstiff\n|-item|p2a: 7 dix in hand|Assault Vest|[from] ability: Magician|[of] p1a: Mabosstiff\n|move|p1a: Mabosstiff|Play Rough|p2a: 7 dix in hand\n|-supereffective|p2a: 7 dix in hand\n|-damage|p2a: 7 dix in hand|0 fnt\n|faint|p2a: 7 dix in hand\n|\n|upkeep\n|\n|t:|1700946494\n|switch|p2a: morpheus|Stakataka|100\/100\n|-item|p2a: morpheus|Air Balloon\n|turn|4\n|\n|t:|1700946500\n|switch|p1a: Slowbro|Slowbro, F|100\/100\n|move|p2a: morpheus|Gyro Ball|p1a: Slowbro\n|-resisted|p1a: Slowbro\n|-damage|p1a: Slowbro|86\/100\n|-damage|p2a: morpheus|84\/100|[from] item: Rocky Helmet|[of] p1a: Slowbro\n|\n|upkeep\n|turn|5\n|\n|t:|1700946511\n|switch|p2a: morpheo|Castform, M|100\/100\n|move|p1a: Slowbro|Scald|p2a: morpheo\n|-damage|p2a: morpheo|67\/100\n|\n|upkeep\n|turn|6\n|\n|t:|1700946518\n|move|p1a: Slowbro|Psychic|p2a: morpheo\n|-damage|p2a: morpheo|29\/100\n|-unboost|p2a: morpheo|spd|1\n|move|p2a: morpheo|Thunder|p1a: Slowbro\n|-supereffective|p1a: Slowbro\n|-damage|p1a: Slowbro|49\/100\n|\n|-fieldend|move: Trick Room\n|upkeep\n|turn|7\n|\n|t:|1700946528\n|move|p2a: morpheo|Hurricane|p1a: Slowbro|[miss]\n|-miss|p2a: morpheo|p1a: Slowbro\n|move|p1a: Slowbro|Scald|p2a: morpheo\n|-damage|p2a: morpheo|0 fnt\n|faint|p2a: morpheo\n|\n|upkeep\n|\n|t:|1700946540\n|switch|p2a: fartpig|Oinkologne-F, F|100\/100\n|turn|8\n|\n|t:|1700946547\n|switch|p1a: Gourgeist|Gourgeist-Large, F|100\/100\n|-item|p2a: fartpig|Lansat Berry|[from] ability: Frisk|[of] p1a: Gourgeist|[identify]\n|move|p2a: fartpig|Stuff Cheeks|p2a: fartpig\n|-boost|p2a: fartpig|def|2\n|-enditem|p2a: fartpig|Lansat Berry|[eat]\n|-start|p2a: fartpig|move: Focus Energy\n|\n|upkeep\n|turn|9\n|\n|t:|1700946575\n|-terastallize|p2a: fartpig|Poison\n|move|p1a: Gourgeist|Leech Seed|p2a: fartpig\n|-start|p2a: fartpig|move: Leech Seed\n|move|p2a: fartpig|Belch|p1a: Gourgeist\n|-crit|p1a: Gourgeist\n|-damage|p1a: Gourgeist|50\/100\n|\n|-heal|p1a: Gourgeist|56\/100|[from] item: Leftovers\n|-damage|p2a: fartpig|88\/100|[from] Leech Seed|[of] p1a: Gourgeist\n|-heal|p1a: Gourgeist|72\/100|[silent]\n|upkeep\n|turn|10\n|\n|t:|1700946589\n|move|p1a: Gourgeist|Synthesis|p1a: Gourgeist\n|-heal|p1a: Gourgeist|100\/100\n|move|p2a: fartpig|Belch|p1a: Gourgeist\n|-crit|p1a: Gourgeist\n|-damage|p1a: Gourgeist|49\/100\n|\n|-heal|p1a: Gourgeist|55\/100|[from] item: Leftovers\n|-damage|p2a: fartpig|76\/100|[from] Leech Seed|[of] p1a: Gourgeist\n|-heal|p1a: Gourgeist|70\/100|[silent]\n|upkeep\n|turn|11\n|j| Adamanzane\n|\n|t:|1700946604\n|switch|p2a: morbius|Darmanitan, M|100\/100\n|-terastallize|p1a: Gourgeist|Ghost\n|move|p1a: Gourgeist|Synthesis|p1a: Gourgeist\n|-heal|p1a: Gourgeist|100\/100\n|\n|upkeep\n|turn|12\n|\n|t:|1700946613\n|move|p2a: morbius|Substitute|p2a: morbius\n|-start|p2a: morbius|Substitute\n|-damage|p2a: morbius|75\/100\n|move|p1a: Gourgeist|Poltergeist|p2a: morbius\n|-activate|p2a: morbius|move: Poltergeist|Salac Berry\n|-end|p2a: morbius|Substitute\n|\n|upkeep\n|turn|13\n|\n|t:|1700946622\n|move|p2a: morbius|Belly Drum|p2a: morbius\n|-damage|p2a: morbius|25\/100\n|-setboost|p2a: morbius|atk|6|[from] move: Belly Drum\n|-enditem|p2a: morbius|Salac Berry|[eat]\n|-boost|p2a: morbius|spe|1|[from] item: Salac Berry\n|move|p1a: Gourgeist|Leech Seed|p2a: morbius\n|-start|p2a: morbius|move: Leech Seed\n|\n|-damage|p2a: morbius|13\/100|[from] Leech Seed|[of] p1a: Gourgeist\n|-formechange|p2a: morbius|Darmanitan-Zen|\n|upkeep\n|turn|14\n|\n|t:|1700946638\n|move|p2a: morbius|Fire Punch|p1a: Gourgeist\n|-damage|p1a: Gourgeist|49\/100\n|move|p1a: Gourgeist|Poltergeist||[still]\n|-fail|p1a: Gourgeist\n|\n|-heal|p1a: Gourgeist|55\/100|[from] item: Leftovers\n|-damage|p2a: morbius|0 fnt|[from] Leech Seed|[of] p1a: Gourgeist\n|-heal|p1a: Gourgeist|67\/100|[silent]\n|faint|p2a: morbius\n|upkeep\n|\n|t:|1700946655\n|switch|p2a: Weedle-Mega|Steelix, F, shiny|100\/100\n|turn|15\n|\n|t:|1700946668\n|detailschange|p2a: Weedle-Mega|Steelix-Mega, F, shiny\n|-mega|p2a: Weedle-Mega|Steelix|Steelixite\n|move|p1a: Gourgeist|Leech Seed|p2a: Weedle-Mega\n|-start|p2a: Weedle-Mega|move: Leech Seed\n|move|p2a: Weedle-Mega|Curse|p2a: Weedle-Mega\n|-unboost|p2a: Weedle-Mega|spe|1\n|-boost|p2a: Weedle-Mega|atk|1\n|-boost|p2a: Weedle-Mega|def|1\n|\n|-heal|p1a: Gourgeist|73\/100|[from] item: Leftovers\n|-damage|p2a: Weedle-Mega|88\/100|[from] Leech Seed|[of] p1a: Gourgeist\n|-heal|p1a: Gourgeist|86\/100|[silent]\n|upkeep\n|turn|16\n|\n|t:|1700946690\n|switch|p1a: Mabosstiff|Mabosstiff, F|20\/100\n|move|p2a: Weedle-Mega|Gyro Ball|p1a: Mabosstiff\n|-damage|p1a: Mabosstiff|0 fnt\n|faint|p1a: Mabosstiff\n|\n|upkeep\n|\n|t:|1700946701\n|switch|p1a: Heatran|Heatran, F|100\/100\n|turn|17\n|\n|t:|1700946706\n|switch|p2a: fartpig|Oinkologne-F, F, tera:Poison|76\/100\n|move|p1a: Heatran|Flamethrower|p2a: fartpig\n|-damage|p2a: fartpig|33\/100\n|\n|upkeep\n|turn|18\n|\n|t:|1700946712\n|move|p1a: Heatran|Flamethrower|p2a: fartpig\n|-damage|p2a: fartpig|0 fnt\n|faint|p2a: fartpig\n|\n|upkeep\n|\n|t:|1700946716\n|switch|p2a: morpheus|Stakataka|84\/100\n|-item|p2a: morpheus|Air Balloon\n|turn|19\n|\n|t:|1700946721\n|switch|p1a: Slowbro|Slowbro, F|82\/100\n|move|p2a: morpheus|Trick Room|p2a: morpheus\n|-fieldstart|move: Trick Room|[of] p2a: morpheus\n|\n|upkeep\n|turn|20\n|\n|t:|1700946727\n|move|p2a: morpheus|Stone Edge|p1a: Slowbro|[miss]\n|-miss|p2a: morpheus|p1a: Slowbro\n|move|p1a: Slowbro|Scald|p2a: morpheus\n|-supereffective|p2a: morpheus\n|-damage|p2a: morpheus|28\/100\n|-enditem|p2a: morpheus|Air Balloon\n|\n|upkeep\n|turn|21\n|\n|t:|1700946736\n|move|p2a: morpheus|Stone Edge|p1a: Slowbro\n|-crit|p1a: Slowbro\n|-damage|p1a: Slowbro|31\/100\n|move|p1a: Slowbro|Scald|p2a: morpheus\n|-supereffective|p2a: morpheus\n|-damage|p2a: morpheus|0 fnt\n|faint|p2a: morpheus\n|\n|upkeep\n|\n|t:|1700946738\n|switch|p2a: Weedle-Mega|Steelix-Mega, F, shiny|88\/100\n|turn|22\n|j| mistahmerrikuu\n|\n|t:|1700946751\n|switch|p1a: Gourgeist|Gourgeist-Large, F, tera:Ghost|86\/100\n|-item|p2a: Weedle-Mega|Steelixite|[from] ability: Frisk|[of] p1a: Gourgeist|[identify]\n|move|p2a: Weedle-Mega|Curse|p2a: Weedle-Mega\n|-unboost|p2a: Weedle-Mega|spe|1\n|-boost|p2a: Weedle-Mega|atk|1\n|-boost|p2a: Weedle-Mega|def|1\n|\n|-heal|p1a: Gourgeist|92\/100|[from] item: Leftovers\n|upkeep\n|turn|23\n|\n|t:|1700946766\n|move|p2a: Weedle-Mega|Gyro Ball|p1a: Gourgeist\n|-damage|p1a: Gourgeist|56\/100\n|move|p1a: Gourgeist|Leech Seed|p2a: Weedle-Mega\n|-start|p2a: Weedle-Mega|move: Leech Seed\n|\n|-heal|p1a: Gourgeist|62\/100|[from] item: Leftovers\n|-damage|p2a: Weedle-Mega|76\/100|[from] Leech Seed|[of] p1a: Gourgeist\n|-heal|p1a: Gourgeist|75\/100|[silent]\n|-fieldend|move: Trick Room\n|upkeep\n|turn|24\n|\n|t:|1700946783\n|switch|p1a: Slowbro|Slowbro, F|65\/100\n|move|p2a: Weedle-Mega|Gyro Ball|p1a: Slowbro\n|-resisted|p1a: Slowbro\n|-damage|p1a: Slowbro|57\/100\n|-damage|p2a: Weedle-Mega|59\/100|[from] item: Rocky Helmet|[of] p1a: Slowbro\n|\n|-damage|p2a: Weedle-Mega|47\/100|[from] Leech Seed|[of] p1a: Slowbro\n|-heal|p1a: Slowbro|69\/100|[silent]\n|upkeep\n|turn|25\n|\n|t:|1700946794\n|move|p1a: Slowbro|Scald|p2a: Weedle-Mega\n|-supereffective|p2a: Weedle-Mega\n|-damage|p2a: Weedle-Mega|4\/100\n|move|p2a: Weedle-Mega|Rest|p2a: Weedle-Mega\n|-status|p2a: Weedle-Mega|slp|[from] move: Rest\n|-heal|p2a: Weedle-Mega|100\/100 slp|[silent]\n|\n|-damage|p2a: Weedle-Mega|88\/100 slp|[from] Leech Seed|[of] p1a: Slowbro\n|-heal|p1a: Slowbro|80\/100|[silent]\n|upkeep\n|turn|26\n|\n|t:|1700946806\n|move|p1a: Slowbro|Scald|p2a: Weedle-Mega\n|-supereffective|p2a: Weedle-Mega\n|-damage|p2a: Weedle-Mega|51\/100 slp\n|cant|p2a: Weedle-Mega|slp\n|move|p2a: Weedle-Mega|Sleep Talk|p2a: Weedle-Mega\n|move|p2a: Weedle-Mega|Gyro Ball|p1a: Slowbro|[from]move: Sleep Talk\n|-resisted|p1a: Slowbro\n|-damage|p1a: Slowbro|72\/100\n|-damage|p2a: Weedle-Mega|34\/100 slp|[from] item: Rocky Helmet|[of] p1a: Slowbro\n|\n|-damage|p2a: Weedle-Mega|22\/100 slp|[from] Leech Seed|[of] p1a: Slowbro\n|-heal|p1a: Slowbro|83\/100|[silent]\n|upkeep\n|turn|27\n|\n|t:|1700946820\n|move|p1a: Slowbro|Scald|p2a: Weedle-Mega\n|-supereffective|p2a: Weedle-Mega\n|-damage|p2a: Weedle-Mega|0 fnt\n|faint|p2a: Weedle-Mega\n|\n|win|Gumo1988\n|raw|Gumo1988's rating: 1099 &rarr; <strong>1117<\/strong><br \/>(+18 for winning)\n|raw|imbwc's rating: 1000 &rarr; <strong>1000<\/strong><br \/>(+0 for losing)\n","uploadtime":1700946829,"views":23,"p1id":"gumo1988","p2id":"imbwc","formatid":"gen9nationaldex","rating":1000,"private":0,"password":""}