{"id":"gen9nationaldex-1988075647","p1":"ReptileMedias","p2":"Theorginaljoe","format":"[Gen 9] National Dex","log":"|j|\u2606ReptileMedias\n|j|\u2606Theorginaljoe\n|t:|1699666529\n|gametype|singles\n|player|p1|ReptileMedias|may-gen3rs|1225\n|player|p2|Theorginaljoe|2|1202\n|teamsize|p1|6\n|teamsize|p2|6\n|gen|9\n|tier|[Gen 9] National Dex\n|rated|\n|rule|HP Percentage Mod: HP is shown in percentages\n|rule|Endless Battle Clause: Forcing endless battles is banned\n|rule|OHKO Clause: OHKO moves are banned\n|rule|Evasion Clause: Evasion abilities, items, and moves are banned\n|rule|Evasion Abilities Clause: Evasion abilities are banned\n|rule|Evasion Items Clause: Evasion items are banned\n|rule|Evasion Moves Clause: Evasion moves are banned\n|rule|Species Clause: Limit one of each Pok\u00e9mon\n|rule|Sleep Clause Mod: Limit one foe put to sleep\n|clearpoke\n|poke|p1|Scizor, M|\n|poke|p1|Venusaur, M|\n|poke|p1|Arcanine, M|\n|poke|p1|Crawdaunt, M|\n|poke|p1|Jolteon, M|\n|poke|p1|Crobat, M|\n|poke|p2|Keldeo-Resolute|\n|poke|p2|Excadrill, M|\n|poke|p2|Ferrothorn, F|\n|poke|p2|Charizard, M|\n|poke|p2|Tapu Lele|\n|poke|p2|Volcarona, F|\n|teampreview\n|\n|t:|1699666540\n|start\n|switch|p1a: Lobstarno|Crawdaunt, M|100\/100\n|switch|p2a: Charizard|Charizard, M|100\/100\n|turn|1\n|\n|t:|1699666550\n|detailschange|p2a: Charizard|Charizard-Mega-Y, M\n|-mega|p2a: Charizard|Charizard|Charizardite Y\n|-weather|SunnyDay|[from] ability: Drought|[of] p2a: Charizard\n|move|p1a: Lobstarno|Aqua Jet|p2a: Charizard\n|-supereffective|p2a: Charizard\n|-damage|p2a: Charizard|41\/100\n|move|p2a: Charizard|Solar Beam||[still]\n|-prepare|p2a: Charizard|Solar Beam\n|-anim|p2a: Charizard|Solar Beam|p1a: Lobstarno\n|-supereffective|p1a: Lobstarno\n|-damage|p1a: Lobstarno|0 fnt\n|faint|p1a: Lobstarno\n|\n|-weather|SunnyDay|[upkeep]\n|upkeep\n|\n|t:|1699666562\n|switch|p1a: Sharp David|Jolteon, M|100\/100\n|turn|2\n|\n|t:|1699666576\n|switch|p2a: Excadrill|Excadrill, M|100\/100\n|-item|p2a: Excadrill|Air Balloon\n|move|p1a: Sharp David|Shadow Ball|p2a: Excadrill\n|-damage|p2a: Excadrill|50\/100\n|-enditem|p2a: Excadrill|Air Balloon\n|\n|-weather|SunnyDay|[upkeep]\n|upkeep\n|turn|3\n|\n|t:|1699666584\n|move|p1a: Sharp David|Shadow Ball|p2a: Excadrill\n|-damage|p2a: Excadrill|0 fnt\n|faint|p2a: Excadrill\n|\n|-weather|SunnyDay|[upkeep]\n|upkeep\n|\n|t:|1699666589\n|switch|p2a: Ferrothorn|Ferrothorn, F|100\/100\n|turn|4\n|\n|t:|1699666592\n|switch|p1a: COw bat (lol)|Crobat, M|100\/100\n|move|p2a: Ferrothorn|Stealth Rock|p1a: COw bat (lol)\n|-sidestart|p1: ReptileMedias|move: Stealth Rock\n|\n|-weather|SunnyDay|[upkeep]\n|upkeep\n|turn|5\n|\n|t:|1699666600\n|move|p1a: COw bat (lol)|Heat Wave|p2a: Ferrothorn\n|-supereffective|p2a: Ferrothorn\n|-damage|p2a: Ferrothorn|0 fnt\n|faint|p2a: Ferrothorn\n|\n|-weather|none\n|upkeep\n|\n|t:|1699666606\n|switch|p2a: Tapu Lele|Tapu Lele|100\/100\n|-fieldstart|move: Psychic Terrain|[from] ability: Psychic Surge|[of] p2a: Tapu Lele\n|turn|6\n|\n|t:|1699666616\n|move|p1a: COw bat (lol)|Defog|p2a: Tapu Lele\n|-unboost|p2a: Tapu Lele|evasion|1\n|-sideend|p1: ReptileMedias|Stealth Rock|[from] move: Defog|[of] p1a: COw bat (lol)\n|-fieldend|move: Psychic Terrain\n|move|p2a: Tapu Lele|Thunderbolt|p1a: COw bat (lol)\n|-supereffective|p1a: COw bat (lol)\n|-damage|p1a: COw bat (lol)|0 fnt\n|faint|p1a: COw bat (lol)\n|\n|upkeep\n|\n|t:|1699666645\n|switch|p1a: Sharp David|Jolteon, M|100\/100\n|turn|7\n|\n|t:|1699666651\n|switch|p2a: Charizard|Charizard-Mega-Y, M|41\/100\n|-weather|SunnyDay|[from] ability: Drought|[of] p2a: Charizard\n|-terastallize|p1a: Sharp David|Electric\n|move|p1a: Sharp David|Thunderbolt|p2a: Charizard\n|-supereffective|p2a: Charizard\n|-damage|p2a: Charizard|0 fnt\n|faint|p2a: Charizard\n|\n|-weather|SunnyDay|[upkeep]\n|upkeep\n|\n|t:|1699666660\n|switch|p2a: Tapu Lele|Tapu Lele|100\/100\n|-fieldstart|move: Psychic Terrain|[from] ability: Psychic Surge|[of] p2a: Tapu Lele\n|turn|8\n|\n|t:|1699666670\n|switch|p1a: Bullet Ant|Scizor, M|100\/100\n|move|p2a: Tapu Lele|Psychic|p1a: Bullet Ant\n|-resisted|p1a: Bullet Ant\n|-damage|p1a: Bullet Ant|50\/100\n|\n|-weather|SunnyDay|[upkeep]\n|upkeep\n|turn|9\n|\n|t:|1699666678\n|move|p2a: Tapu Lele|Psychic|p1a: Bullet Ant\n|-resisted|p1a: Bullet Ant\n|-damage|p1a: Bullet Ant|0 fnt\n|faint|p1a: Bullet Ant\n|\n|-weather|SunnyDay|[upkeep]\n|upkeep\n|\n|t:|1699666688\n|switch|p1a: Penusaur|Venusaur, M|100\/100\n|turn|10\n|\n|t:|1699666690\n|detailschange|p1a: Penusaur|Venusaur-Mega, M\n|-mega|p1a: Penusaur|Venusaur|Venusaurite\n|move|p2a: Tapu Lele|Psychic|p1a: Penusaur\n|-supereffective|p1a: Penusaur\n|-damage|p1a: Penusaur|0 fnt\n|faint|p1a: Penusaur\n|\n|-weather|SunnyDay|[upkeep]\n|upkeep\n|\n|t:|1699666699\n|switch|p1a: Adult|Arcanine, M|100\/100\n|turn|11\n|\n|t:|1699666706\n|move|p1a: Adult|Play Rough|p2a: Tapu Lele\n|-damage|p2a: Tapu Lele|56\/100\n|move|p2a: Tapu Lele|Psychic|p1a: Adult\n|-damage|p1a: Adult|0 fnt\n|faint|p1a: Adult\n|\n|-weather|none\n|upkeep\n|\n|t:|1699666709\n|switch|p1a: Sharp David|Jolteon, M, tera:Electric|100\/100\n|turn|12\n|\n|t:|1699666712\n|move|p1a: Sharp David|Thunderbolt|p2a: Tapu Lele\n|-damage|p2a: Tapu Lele|0 fnt\n|faint|p2a: Tapu Lele\n|\n|-fieldend|move: Psychic Terrain\n|upkeep\n|\n|t:|1699666714\n|switch|p2a: Volcarona|Volcarona, F|100\/100\n|turn|13\n|\n|t:|1699666719\n|move|p1a: Sharp David|Thunderbolt|p2a: Volcarona\n|-damage|p2a: Volcarona|22\/100\n|move|p2a: Volcarona|Flamethrower|p1a: Sharp David\n|-damage|p1a: Sharp David|50\/100\n|-status|p1a: Sharp David|brn\n|\n|-damage|p1a: Sharp David|44\/100 brn|[from] brn\n|upkeep\n|turn|14\n|\n|t:|1699666723\n|move|p1a: Sharp David|Thunderbolt|p2a: Volcarona\n|-damage|p2a: Volcarona|0 fnt\n|faint|p2a: Volcarona\n|\n|-damage|p1a: Sharp David|38\/100 brn|[from] brn\n|upkeep\n|\n|t:|1699666726\n|switch|p2a: Keldeo|Keldeo-Resolute|100\/100\n|turn|15\n|\n|t:|1699666731\n|move|p1a: Sharp David|Thunderbolt|p2a: Keldeo\n|-supereffective|p2a: Keldeo\n|-damage|p2a: Keldeo|0 fnt\n|faint|p2a: Keldeo\n|\n|win|ReptileMedias\n|raw|ReptileMedias's rating: 1225 &rarr; <strong>1248<\/strong><br \/>(+23 for winning)\n|raw|Theorginaljoe's rating: 1202 &rarr; <strong>1179<\/strong><br \/>(-23 for losing)\n|l|\u2606Theorginaljoe\n","uploadtime":1699666735,"views":4,"p1id":"reptilemedias","p2id":"theorginaljoe","formatid":"gen9nationaldex","rating":1179,"private":0,"password":""}