{"id":"gen9nationaldex-1996883149","p1":"IChangeMyNameAlot","p2":"Gamer Boi YT","format":"[Gen 9] National Dex","log":"|html|<div class=\"broadcast-blue\"><strong>[Gen 9] National Dex is currently suspecting Sneasler! For information on how to participate check out the <a href=\"https:\/\/www.smogon.com\/forums\/threads\/sv-national-dex-suspect-8-just-dance.3731534\/\">suspect thread<\/a>.<\/strong><\/div>\n|j|\u2606IChangeMyNameAlot\n|j|\u2606Gamer Boi YT\n|t:|1700739935\n|gametype|singles\n|player|p1|IChangeMyNameAlot|rye|\n|player|p2|Gamer Boi YT|ethan|\n|teamsize|p1|6\n|teamsize|p2|6\n|gen|9\n|tier|[Gen 9] National Dex\n|rule|HP Percentage Mod: HP is shown in percentages\n|rule|Endless Battle Clause: Forcing endless battles is banned\n|rule|OHKO Clause: OHKO moves are banned\n|rule|Evasion Clause: Evasion abilities, items, and moves are banned\n|rule|Evasion Abilities Clause: Evasion abilities are banned\n|rule|Evasion Items Clause: Evasion items are banned\n|rule|Evasion Moves Clause: Evasion moves are banned\n|rule|Species Clause: Limit one of each Pok\u00e9mon\n|rule|Sleep Clause Mod: Limit one foe put to sleep\n|clearpoke\n|poke|p1|Sneasler, F|\n|poke|p1|Toxapex, M|\n|poke|p1|Venusaur, F|\n|poke|p1|Crobat, M|\n|poke|p1|Nidoking, M|\n|poke|p1|Muk-Alola, M|\n|poke|p2|Hatterene, F|\n|poke|p2|Iron Valiant|\n|poke|p2|Clefable, F|\n|poke|p2|Mawile, F|\n|poke|p2|Florges, F|\n|poke|p2|Tapu Koko|\n|teampreview\n|inactive|Battle timer is ON: inactive players will automatically lose when time's up. (requested by IChangeMyNameAlot)\n|inactive|Gamer Boi YT also wants the timer to be on.\n|\n|t:|1700739954\n|start\n|switch|p1a: Nidoking|Nidoking, M|100\/100\n|switch|p2a: Tapu Koko|Tapu Koko, shiny|100\/100\n|-fieldstart|move: Electric Terrain|[from] ability: Electric Surge|[of] p2a: Tapu Koko\n|turn|1\n|\n|t:|1700739971\n|move|p2a: Tapu Koko|Hidden Power|p1a: Nidoking\n|-supereffective|p1a: Nidoking\n|-damage|p1a: Nidoking|56\/100\n|move|p1a: Nidoking|Earth Power|p2a: Tapu Koko\n|-supereffective|p2a: Tapu Koko\n|-damage|p2a: Tapu Koko|0 fnt\n|faint|p2a: Tapu Koko\n|\n|upkeep\n|\n|t:|1700739987\n|switch|p2a: Mawile|Mawile, F|100\/100\n|-ability|p2a: Mawile|Intimidate|boost\n|-unboost|p1a: Nidoking|atk|1\n|turn|2\n|\n|t:|1700739997\n|detailschange|p2a: Mawile|Mawile-Mega, F\n|-mega|p2a: Mawile|Mawile|Mawilite\n|move|p2a: Mawile|Sucker Punch|p1a: Nidoking\n|-damage|p1a: Nidoking|0 fnt\n|faint|p1a: Nidoking\n|\n|upkeep\n|\n|t:|1700740012\n|switch|p1a: Toxapex|Toxapex, M|100\/100\n|turn|3\n|\n|t:|1700740017\n|move|p2a: Mawile|Thunder Punch|p1a: Toxapex\n|-supereffective|p1a: Toxapex\n|-damage|p1a: Toxapex|27\/100\n|move|p1a: Toxapex|Scald|p2a: Mawile\n|-damage|p2a: Mawile|79\/100\n|\n|upkeep\n|turn|4\n|\n|t:|1700740025\n|switch|p1a: Venusaur|Venusaur, F|100\/100\n|move|p2a: Mawile|Thunder Punch|p1a: Venusaur\n|-resisted|p1a: Venusaur\n|-damage|p1a: Venusaur|76\/100\n|-status|p1a: Venusaur|par\n|\n|upkeep\n|turn|5\n|\n|t:|1700740036\n|detailschange|p1a: Venusaur|Venusaur-Mega, F\n|-mega|p1a: Venusaur|Venusaur|Venusaurite\n|move|p2a: Mawile|Iron Head|p1a: Venusaur\n|-damage|p1a: Venusaur|29\/100 par\n|cant|p1a: Venusaur|par\n|\n|-fieldend|move: Electric Terrain\n|upkeep\n|turn|6\n|\n|t:|1700740044\n|move|p2a: Mawile|Iron Head|p1a: Venusaur\n|-damage|p1a: Venusaur|0 fnt\n|faint|p1a: Venusaur\n|\n|upkeep\n|\n|t:|1700740049\n|switch|p1a: Crobat|Crobat, M|100\/100\n|turn|7\n|\n|t:|1700740055\n|move|p1a: Crobat|Brave Bird|p2a: Mawile\n|-resisted|p2a: Mawile\n|-damage|p2a: Mawile|60\/100\n|-damage|p1a: Crobat|96\/100|[from] Recoil\n|move|p2a: Mawile|Thunder Punch|p1a: Crobat\n|-supereffective|p1a: Crobat\n|-damage|p1a: Crobat|0 fnt\n|faint|p1a: Crobat\n|\n|upkeep\n|\n|t:|1700740061\n|switch|p1a: Sneasler|Sneasler, F|100\/100\n|turn|8\n|\n|t:|1700740068\n|move|p1a: Sneasler|U-turn|p2a: Mawile\n|-resisted|p2a: Mawile\n|-damage|p2a: Mawile|53\/100\n|\n|t:|1700740070\n|switch|p1a: Toxapex|Toxapex, M|61\/100|[from] U-turn\n|move|p2a: Mawile|Iron Head|p1a: Toxapex\n|-resisted|p1a: Toxapex\n|-damage|p1a: Toxapex|38\/100\n|\n|upkeep\n|turn|9\n|c|\u2606IChangeMyNameAlot|why would u stay in ;-;\n|\n|t:|1700740078\n|move|p2a: Mawile|Thunder Punch|p1a: Toxapex\n|-supereffective|p1a: Toxapex\n|-damage|p1a: Toxapex|0 fnt\n|faint|p1a: Toxapex\n|\n|upkeep\n|\n|t:|1700740082\n|switch|p1a: Sneasler|Sneasler, F|100\/100\n|turn|10\n|\n|t:|1700740097\n|switch|p2a: Clefable|Clefable, F|100\/100\n|move|p1a: Sneasler|Close Combat|p2a: Clefable\n|-resisted|p2a: Clefable\n|-damage|p2a: Clefable|74\/100\n|-unboost|p1a: Sneasler|def|1\n|-unboost|p1a: Sneasler|spd|1\n|\n|-heal|p2a: Clefable|80\/100|[from] item: Leftovers\n|upkeep\n|turn|11\n|\n|t:|1700740103\n|switch|p1a: Muk|Muk-Alola, M|100\/100\n|move|p2a: Clefable|Thunder Wave|p1a: Muk\n|-status|p1a: Muk|par\n|\n|-heal|p2a: Clefable|87\/100|[from] item: Leftovers\n|upkeep\n|turn|12\n|\n|t:|1700740113\n|move|p2a: Clefable|Knock Off|p1a: Muk\n|-resisted|p1a: Muk\n|-damage|p1a: Muk|93\/100 par\n|-enditem|p1a: Muk|Assault Vest|[from] move: Knock Off|[of] p2a: Clefable\n|move|p1a: Muk|Drain Punch|p2a: Clefable\n|-resisted|p2a: Clefable\n|-damage|p2a: Clefable|78\/100\n|-heal|p1a: Muk|96\/100 par|[from] drain|[of] p2a: Clefable\n|\n|-heal|p2a: Clefable|85\/100|[from] item: Leftovers\n|upkeep\n|turn|13\n|\n|t:|1700740120\n|switch|p2a: Florges|Florges, F|100\/100\n|move|p1a: Muk|Poison Jab|p2a: Florges\n|-supereffective|p2a: Florges\n|-damage|p2a: Florges|52\/100\n|-status|p2a: Florges|psn\n|\n|-heal|p2a: Florges|58\/100 psn|[from] item: Leftovers\n|-damage|p2a: Florges|46\/100 psn|[from] psn\n|upkeep\n|turn|14\n|\n|t:|1700740126\n|switch|p1a: Sneasler|Sneasler, F|100\/100\n|move|p2a: Florges|Synthesis|p2a: Florges\n|-heal|p2a: Florges|96\/100 psn\n|\n|-heal|p2a: Florges|100\/100 psn|[from] item: Leftovers\n|-damage|p2a: Florges|88\/100 psn|[from] psn\n|upkeep\n|turn|15\n|\n|t:|1700740138\n|-terastallize|p2a: Florges|Ground\n|move|p1a: Sneasler|Close Combat|p2a: Florges\n|-damage|p2a: Florges|30\/100 psn\n|-unboost|p1a: Sneasler|def|1\n|-unboost|p1a: Sneasler|spd|1\n|move|p2a: Florges|Tera Blast|p1a: Sneasler|[anim] Tera Blast Ground\n|-supereffective|p1a: Sneasler\n|-damage|p1a: Sneasler|0 fnt\n|faint|p1a: Sneasler\n|\n|-heal|p2a: Florges|36\/100 psn|[from] item: Leftovers\n|-damage|p2a: Florges|24\/100 psn|[from] psn\n|upkeep\n|c|\u2606IChangeMyNameAlot|I forgot to tera\n|c|\u2606IChangeMyNameAlot|RIP\n|\n|t:|1700740147\n|switch|p1a: Muk|Muk-Alola, M|96\/100 par\n|turn|16\n|c|\u2606Gamer Boi YT|rip\n|c|\u2606IChangeMyNameAlot|ggs!\n|\n|t:|1700740155\n|move|p2a: Florges|Synthesis|p2a: Florges\n|-heal|p2a: Florges|74\/100 psn\n|move|p1a: Muk|Knock Off|p2a: Florges\n|-damage|p2a: Florges|46\/100 psn\n|-enditem|p2a: Florges|Leftovers|[from] move: Knock Off|[of] p1a: Muk\n|\n|-damage|p2a: Florges|34\/100 psn|[from] psn\n|upkeep\n|turn|17\n|\n|t:|1700740159\n|move|p2a: Florges|Synthesis|p2a: Florges\n|-heal|p2a: Florges|84\/100 psn\n|move|p1a: Muk|Knock Off|p2a: Florges\n|-damage|p2a: Florges|64\/100 psn\n|\n|-damage|p2a: Florges|52\/100 psn|[from] psn\n|upkeep\n|turn|18\n|\n|t:|1700740164\n|move|p2a: Florges|Tera Blast|p1a: Muk|[anim] Tera Blast Ground\n|-supereffective|p1a: Muk\n|-damage|p1a: Muk|59\/100 par\n|move|p1a: Muk|Knock Off|p2a: Florges\n|-damage|p2a: Florges|33\/100 psn\n|\n|-damage|p2a: Florges|20\/100 psn|[from] psn\n|upkeep\n|turn|19\n|\n|t:|1700740168\n|move|p2a: Florges|Tera Blast|p1a: Muk|[anim] Tera Blast Ground\n|-supereffective|p1a: Muk\n|-damage|p1a: Muk|24\/100 par\n|move|p1a: Muk|Knock Off|p2a: Florges\n|-damage|p2a: Florges|0 fnt\n|faint|p2a: Florges\n|\n|upkeep\n|c|\u2606Gamer Boi YT|gg\n|\n|t:|1700740171\n|switch|p2a: Iron Valiant|Iron Valiant|100\/100\n|-enditem|p2a: Iron Valiant|Booster Energy\n|-activate|p2a: Iron Valiant|ability: Quark Drive|[fromitem]\n|-start|p2a: Iron Valiant|quarkdrivespe\n|turn|20\n|c|\u2606IChangeMyNameAlot|ggs\n|\n|t:|1700740174\n|move|p2a: Iron Valiant|Close Combat|p1a: Muk\n|-damage|p1a: Muk|0 fnt\n|-unboost|p2a: Iron Valiant|def|1\n|-unboost|p2a: Iron Valiant|spd|1\n|faint|p1a: Muk\n|\n|win|Gamer Boi YT\n|l|\u2606Gamer Boi YT\n","uploadtime":1700740184,"views":40,"p1id":"ichangemynamealot","p2id":"gamerboiyt","formatid":"gen9nationaldex","rating":0,"private":0,"password":""}