{"id":"gen9nationaldex-1987154495","p1":"hightopfade69","p2":"Fersk","format":"[Gen 9] National Dex","log":"|j|\u203dhightopfade69\n|j|\u2606Fersk\n|t:|1699560603\n|gametype|singles\n|player|p1|hightopfade69|102|1295\n|player|p2|Fersk|169|1203\n|teamsize|p1|6\n|teamsize|p2|6\n|gen|9\n|tier|[Gen 9] National Dex\n|rated|\n|rule|HP Percentage Mod: HP is shown in percentages\n|rule|Endless Battle Clause: Forcing endless battles is banned\n|rule|OHKO Clause: OHKO moves are banned\n|rule|Evasion Clause: Evasion abilities, items, and moves are banned\n|rule|Evasion Abilities Clause: Evasion abilities are banned\n|rule|Evasion Items Clause: Evasion items are banned\n|rule|Evasion Moves Clause: Evasion moves are banned\n|rule|Species Clause: Limit one of each Pok\u00e9mon\n|rule|Sleep Clause Mod: Limit one foe put to sleep\n|clearpoke\n|poke|p1|Druddigon, M|\n|poke|p1|Banette, M|\n|poke|p1|Tapu Koko|\n|poke|p1|Iron Moth|\n|poke|p1|Dondozo, F|\n|poke|p1|Iron Valiant|\n|poke|p2|Mimikyu, M|\n|poke|p2|Sceptile, M|\n|poke|p2|Iron Moth|\n|poke|p2|Great Tusk|\n|poke|p2|Corviknight, M|\n|poke|p2|Lapras, F|\n|teampreview\n|inactive|Battle timer is ON: inactive players will automatically lose when time's up. (requested by Fersk)\n|\n|t:|1699560626\n|start\n|switch|p1a: Druddigon|Druddigon, M|100\/100\n|switch|p2a: Mimikyu|Mimikyu, M|100\/100\n|turn|1\n|\n|t:|1699560630\n|move|p2a: Mimikyu|Swords Dance|p2a: Mimikyu\n|-boost|p2a: Mimikyu|atk|2\n|move|p1a: Druddigon|Glare|p2a: Mimikyu\n|-status|p2a: Mimikyu|par\n|\n|upkeep\n|turn|2\n|\n|t:|1699560635\n|move|p2a: Mimikyu|Play Rough|p1a: Druddigon\n|-supereffective|p1a: Druddigon\n|-damage|p1a: Druddigon|0 fnt\n|-damage|p2a: Mimikyu|88\/100 par|[from] ability: Rough Skin|[of] p1a: Druddigon\n|-damage|p2a: Mimikyu|72\/100 par|[from] item: Rocky Helmet|[of] p1a: Druddigon\n|faint|p1a: Druddigon\n|\n|upkeep\n|\n|t:|1699560640\n|switch|p1a: Dondozo|Dondozo, F|100\/100\n|turn|3\n|\n|t:|1699560644\n|switch|p2a: Sceptile|Sceptile, M|100\/100\n|move|p1a: Dondozo|Liquidation|p2a: Sceptile\n|-resisted|p2a: Sceptile\n|-damage|p2a: Sceptile|63\/100\n|\n|upkeep\n|turn|4\n|\n|t:|1699560649\n|switch|p1a: Tapu Koko|Tapu Koko|100\/100\n|-fieldstart|move: Electric Terrain|[from] ability: Electric Surge|[of] p1a: Tapu Koko\n|detailschange|p2a: Sceptile|Sceptile-Mega, M\n|-mega|p2a: Sceptile|Sceptile|Sceptilite\n|move|p2a: Sceptile|Giga Drain|p1a: Tapu Koko\n|-damage|p1a: Tapu Koko|35\/100\n|-heal|p2a: Sceptile|96\/100|[from] drain|[of] p1a: Tapu Koko\n|\n|upkeep\n|turn|5\n|\n|t:|1699560660\n|move|p2a: Sceptile|Giga Drain|p1a: Tapu Koko\n|-damage|p1a: Tapu Koko|0 fnt\n|-heal|p2a: Sceptile|100\/100|[from] drain|[of] p1a: Tapu Koko\n|faint|p1a: Tapu Koko\n|\n|upkeep\n|\n|t:|1699560664\n|switch|p1a: Iron Moth|Iron Moth|100\/100\n|-activate|p1a: Iron Moth|ability: Quark Drive\n|-start|p1a: Iron Moth|quarkdrivespe\n|turn|6\n|\n|t:|1699560672\n|switch|p2a: Lapras|Lapras, F|100\/100\n|move|p1a: Iron Moth|Sludge Wave|p2a: Lapras\n|-damage|p2a: Lapras|50\/100\n|\n|-heal|p2a: Lapras|56\/100|[from] item: Leftovers\n|upkeep\n|turn|7\n|\n|t:|1699560686\n|-terastallize|p2a: Lapras|Fire\n|move|p1a: Iron Moth|Sludge Wave|p2a: Lapras\n|-damage|p2a: Lapras|7\/100\n|move|p2a: Lapras|Surf|p1a: Iron Moth\n|-supereffective|p1a: Iron Moth\n|-damage|p1a: Iron Moth|53\/100\n|\n|-heal|p2a: Lapras|13\/100|[from] item: Leftovers\n|upkeep\n|turn|8\n|\n|t:|1699560698\n|switch|p2a: Corviknight|Corviknight, M, shiny|100\/100\n|-ability|p2a: Corviknight|Pressure\n|move|p1a: Iron Moth|Sludge Wave|p2a: Corviknight\n|-immune|p2a: Corviknight\n|\n|upkeep\n|turn|9\n|\n|t:|1699560706\n|-end|p1a: Iron Moth|Quark Drive|[silent]\n|switch|p1a: Dondozo|Dondozo, F|100\/100\n|switch|p2a: Lapras|Lapras, F, tera:Fire|13\/100\n|\n|-heal|p2a: Lapras|19\/100|[from] item: Leftovers\n|upkeep\n|turn|10\n|\n|t:|1699560714\n|move|p2a: Lapras|Rest||[still]\n|-activate|p2a: Lapras|move: Electric Terrain\n|-fail|p2a: Lapras\n|move|p1a: Dondozo|Earthquake|p2a: Lapras\n|-supereffective|p2a: Lapras\n|-damage|p2a: Lapras|0 fnt\n|faint|p2a: Lapras\n|\n|upkeep\n|\n|t:|1699560722\n|switch|p2a: Sceptile|Sceptile-Mega, M|100\/100\n|turn|11\n|\n|t:|1699560727\n|switch|p1a: Iron Moth|Iron Moth|53\/100\n|-activate|p1a: Iron Moth|ability: Quark Drive\n|-start|p1a: Iron Moth|quarkdrivespe\n|move|p2a: Sceptile|Leaf Storm|p1a: Iron Moth\n|-resisted|p1a: Iron Moth\n|-damage|p1a: Iron Moth|36\/100\n|-unboost|p2a: Sceptile|spa|2\n|\n|-fieldend|move: Electric Terrain\n|-end|p1a: Iron Moth|Quark Drive\n|upkeep\n|turn|12\n|\n|t:|1699560751\n|switch|p2a: Iron Moth|Iron Moth|100\/100\n|-enditem|p2a: Iron Moth|Booster Energy\n|-activate|p2a: Iron Moth|ability: Quark Drive|[fromitem]\n|-start|p2a: Iron Moth|quarkdrivespe\n|move|p1a: Iron Moth|Energy Ball|p2a: Iron Moth\n|-resisted|p2a: Iron Moth\n|-damage|p2a: Iron Moth|90\/100\n|\n|upkeep\n|turn|13\n|\n|t:|1699560760\n|-end|p1a: Iron Moth|Quark Drive|[silent]\n|switch|p1a: Dondozo|Dondozo, F|100\/100\n|move|p2a: Iron Moth|Fiery Dance|p1a: Dondozo\n|-resisted|p1a: Dondozo\n|-damage|p1a: Dondozo|79\/100\n|-boost|p2a: Iron Moth|spa|1\n|\n|-heal|p1a: Dondozo|86\/100|[from] item: Leftovers\n|upkeep\n|turn|14\n|\n|t:|1699560768\n|-end|p2a: Iron Moth|Quark Drive|[silent]\n|switch|p2a: Corviknight|Corviknight, M, shiny|100\/100\n|-ability|p2a: Corviknight|Pressure\n|move|p1a: Dondozo|Earthquake|p2a: Corviknight\n|-immune|p2a: Corviknight\n|\n|-heal|p1a: Dondozo|92\/100|[from] item: Leftovers\n|upkeep\n|turn|15\n|\n|t:|1699560777\n|move|p2a: Corviknight|U-turn|p1a: Dondozo\n|-damage|p1a: Dondozo|83\/100\n|\n|t:|1699560779\n|switch|p2a: Sceptile|Sceptile-Mega, M|100\/100|[from] U-turn\n|move|p1a: Dondozo|Liquidation|p2a: Sceptile\n|-resisted|p2a: Sceptile\n|-damage|p2a: Sceptile|86\/100\n|\n|-heal|p1a: Dondozo|89\/100|[from] item: Leftovers\n|upkeep\n|turn|16\n|\n|t:|1699560794\n|move|p2a: Sceptile|Giga Drain|p1a: Dondozo\n|-supereffective|p1a: Dondozo\n|-damage|p1a: Dondozo|12\/100\n|-heal|p2a: Sceptile|100\/100|[from] drain|[of] p1a: Dondozo\n|move|p1a: Dondozo|Liquidation|p2a: Sceptile\n|-resisted|p2a: Sceptile\n|-damage|p2a: Sceptile|86\/100\n|-unboost|p2a: Sceptile|def|1\n|\n|-heal|p1a: Dondozo|18\/100|[from] item: Leftovers\n|upkeep\n|turn|17\n|\n|t:|1699560802\n|switch|p1a: Iron Moth|Iron Moth|36\/100\n|move|p2a: Sceptile|Giga Drain|p1a: Iron Moth\n|-resisted|p1a: Iron Moth\n|-damage|p1a: Iron Moth|26\/100\n|-heal|p2a: Sceptile|92\/100|[from] drain|[of] p1a: Iron Moth\n|\n|upkeep\n|turn|18\n|\n|t:|1699560809\n|switch|p2a: Iron Moth|Iron Moth|90\/100\n|move|p1a: Iron Moth|Fiery Dance|p2a: Iron Moth\n|-resisted|p2a: Iron Moth\n|-damage|p2a: Iron Moth|60\/100\n|\n|upkeep\n|turn|19\n|\n|t:|1699560815\n|move|p2a: Iron Moth|Energy Ball|p1a: Iron Moth\n|-resisted|p1a: Iron Moth\n|-damage|p1a: Iron Moth|19\/100\n|move|p1a: Iron Moth|Fiery Dance|p2a: Iron Moth\n|-resisted|p2a: Iron Moth\n|-damage|p2a: Iron Moth|32\/100\n|\n|upkeep\n|turn|20\n|\n|t:|1699560820\n|move|p2a: Iron Moth|Fiery Dance|p1a: Iron Moth\n|-resisted|p1a: Iron Moth\n|-damage|p1a: Iron Moth|1\/100\n|move|p1a: Iron Moth|Fiery Dance|p2a: Iron Moth\n|-resisted|p2a: Iron Moth\n|-damage|p2a: Iron Moth|2\/100\n|-boost|p1a: Iron Moth|spa|1\n|\n|upkeep\n|turn|21\n|\n|t:|1699560825\n|move|p2a: Iron Moth|Fiery Dance|p1a: Iron Moth\n|-resisted|p1a: Iron Moth\n|-damage|p1a: Iron Moth|0 fnt\n|faint|p1a: Iron Moth\n|-end|p1a: Iron Moth|Quark Drive|[silent]\n|\n|upkeep\n|\n|t:|1699560832\n|switch|p1a: Banette|Banette, M|100\/100\n|turn|22\n|\n|t:|1699560839\n|detailschange|p1a: Banette|Banette-Mega, M\n|-mega|p1a: Banette|Banette|Banettite\n|move|p2a: Iron Moth|Fiery Dance|p1a: Banette\n|-damage|p1a: Banette|53\/100\n|-boost|p2a: Iron Moth|spa|1\n|move|p1a: Banette|Knock Off|p2a: Iron Moth\n|-damage|p2a: Iron Moth|0 fnt\n|faint|p2a: Iron Moth\n|-end|p2a: Iron Moth|Quark Drive|[silent]\n|\n|upkeep\n|\n|t:|1699560847\n|switch|p2a: Mimikyu|Mimikyu, M|72\/100 par\n|turn|23\n|\n|t:|1699560850\n|move|p1a: Banette|Destiny Bond|p1a: Banette\n|-singlemove|p1a: Banette|Destiny Bond\n|cant|p2a: Mimikyu|par\n|\n|upkeep\n|turn|24\n|\n|t:|1699560861\n|move|p1a: Banette|Poltergeist|p2a: Mimikyu\n|-activate|p2a: Mimikyu|move: Poltergeist|Mimikium Z\n|-activate|p2a: Mimikyu|ability: Disguise\n|-damage|p2a: Mimikyu|72\/100 par\n|detailschange|p2a: Mimikyu|Mimikyu-Busted, M\n|-damage|p2a: Mimikyu|59\/100 par|[from] pokemon: Mimikyu-Busted\n|move|p2a: Mimikyu|Swords Dance|p2a: Mimikyu\n|-boost|p2a: Mimikyu|atk|2\n|\n|upkeep\n|turn|25\n|\n|t:|1699560870\n|move|p1a: Banette|Destiny Bond|p1a: Banette\n|-singlemove|p1a: Banette|Destiny Bond\n|cant|p2a: Mimikyu|par\n|\n|upkeep\n|turn|26\n|\n|t:|1699560876\n|cant|p2a: Mimikyu|par\n|move|p1a: Banette|Knock Off|p2a: Mimikyu\n|-damage|p2a: Mimikyu|9\/100 par\n|\n|upkeep\n|turn|27\n|\n|t:|1699560884\n|move|p1a: Banette|Destiny Bond|p1a: Banette\n|-singlemove|p1a: Banette|Destiny Bond\n|move|p2a: Mimikyu|Swords Dance|p2a: Mimikyu\n|-boost|p2a: Mimikyu|atk|2\n|\n|upkeep\n|turn|28\n|\n|t:|1699560889\n|move|p1a: Banette|Encore|p2a: Mimikyu\n|-start|p2a: Mimikyu|Encore\n|move|p2a: Mimikyu|Swords Dance|p2a: Mimikyu\n|-boost|p2a: Mimikyu|atk|2\n|\n|upkeep\n|turn|29\n|\n|t:|1699560901\n|move|p1a: Banette|Knock Off|p2a: Mimikyu\n|-damage|p2a: Mimikyu|0 fnt\n|faint|p2a: Mimikyu\n|\n|upkeep\n|\n|t:|1699560910\n|switch|p2a: Great Tusk|Great Tusk|100\/100\n|turn|30\n|\n|t:|1699560917\n|move|p1a: Banette|Destiny Bond|p1a: Banette\n|-singlemove|p1a: Banette|Destiny Bond\n|move|p2a: Great Tusk|Headlong Rush|p1a: Banette\n|-damage|p1a: Banette|0 fnt\n|-unboost|p2a: Great Tusk|def|1\n|-unboost|p2a: Great Tusk|spd|1\n|faint|p1a: Banette\n|-activate|p1a: Banette|move: Destiny Bond\n|faint|p2a: Great Tusk\n|-end|p2a: Great Tusk|Protosynthesis|[silent]\n|\n|upkeep\n|inactive|Fersk has 120 seconds left.\n|\n|t:|1699560952\n|switch|p2a: Sceptile|Sceptile-Mega, M|92\/100\n|switch|p1a: Dondozo|Dondozo, F|18\/100\n|turn|31\n|\n|t:|1699560963\n|move|p2a: Sceptile|Giga Drain|p1a: Dondozo\n|-supereffective|p1a: Dondozo\n|-damage|p1a: Dondozo|0 fnt\n|-heal|p2a: Sceptile|100\/100|[from] drain|[of] p1a: Dondozo\n|faint|p1a: Dondozo\n|\n|upkeep\n|\n|t:|1699560966\n|switch|p1a: Iron Valiant|Iron Valiant|100\/100\n|turn|32\n|\n|t:|1699560972\n|switch|p2a: Corviknight|Corviknight, M, shiny|100\/100\n|-ability|p2a: Corviknight|Pressure\n|-terastallize|p1a: Iron Valiant|Dark\n|move|p1a: Iron Valiant|Moonblast|p2a: Corviknight\n|-resisted|p2a: Corviknight\n|-damage|p2a: Corviknight|77\/100\n|-damage|p1a: Iron Valiant|91\/100|[from] item: Life Orb\n|\n|upkeep\n|turn|33\n|\n|t:|1699560982\n|move|p1a: Iron Valiant|Thunderbolt|p2a: Corviknight\n|-supereffective|p2a: Corviknight\n|-damage|p2a: Corviknight|20\/100\n|-damage|p1a: Iron Valiant|81\/100|[from] item: Life Orb\n|move|p2a: Corviknight|Body Press|p1a: Iron Valiant\n|-supereffective|p1a: Iron Valiant\n|-damage|p1a: Iron Valiant|19\/100\n|\n|upkeep\n|turn|34\n|\n|t:|1699560989\n|switch|p2a: Sceptile|Sceptile-Mega, M|100\/100\n|move|p1a: Iron Valiant|Moonblast|p2a: Sceptile\n|-supereffective|p2a: Sceptile\n|-damage|p2a: Sceptile|0 fnt\n|faint|p2a: Sceptile\n|-damage|p1a: Iron Valiant|9\/100|[from] item: Life Orb\n|\n|upkeep\n|\n|t:|1699560995\n|switch|p2a: Corviknight|Corviknight, M, shiny|20\/100\n|-ability|p2a: Corviknight|Pressure\n|turn|35\n|c|\u2606Fersk|good predict\n|c|\u2606Fersk|gg\n|\n|t:|1699561004\n|move|p1a: Iron Valiant|Thunderbolt|p2a: Corviknight\n|-supereffective|p2a: Corviknight\n|-damage|p2a: Corviknight|0 fnt\n|faint|p2a: Corviknight\n|-damage|p1a: Iron Valiant|0 fnt|[from] item: Life Orb\n|faint|p1a: Iron Valiant\n|-end|p1a: Iron Valiant|Quark Drive|[silent]\n|\n|win|hightopfade69\n|raw|hightopfade69's rating: 1295 &rarr; <strong>1314<\/strong><br \/>(+19 for winning)\n|raw|Fersk's rating: 1203 &rarr; <strong>1184<\/strong><br \/>(-19 for losing)\n|l|\u2606Fersk\n","uploadtime":1699561016,"views":31,"p1id":"hightopfade69","p2id":"fersk","formatid":"gen9nationaldex","rating":1184,"private":0,"password":""}