{"id":"gen9nationaldex-1996155271","p1":"zhuandayoudou","p2":"Garry97","format":"[Gen 9] National Dex","log":"|html|<div class=\"broadcast-blue\"><strong>[Gen 9] National Dex is currently suspecting Sneasler! For information on how to participate check out the <a href=\"https:\/\/www.smogon.com\/forums\/threads\/sv-national-dex-suspect-8-just-dance.3731534\/\">suspect thread<\/a>.<\/strong><\/div>\n|j|\u2606zhuandayoudou\n|j|\u2606Garry97\n|t:|1700652386\n|gametype|singles\n|player|p1|zhuandayoudou|1|1545\n|player|p2|Garry97|eri|1518\n|teamsize|p1|6\n|teamsize|p2|6\n|gen|9\n|tier|[Gen 9] National Dex\n|rated|\n|rule|HP Percentage Mod: HP is shown in percentages\n|rule|Endless Battle Clause: Forcing endless battles is banned\n|rule|OHKO Clause: OHKO moves are banned\n|rule|Evasion Clause: Evasion abilities, items, and moves are banned\n|rule|Evasion Abilities Clause: Evasion abilities are banned\n|rule|Evasion Items Clause: Evasion items are banned\n|rule|Evasion Moves Clause: Evasion moves are banned\n|rule|Species Clause: Limit one of each Pok\u00e9mon\n|rule|Sleep Clause Mod: Limit one foe put to sleep\n|clearpoke\n|poke|p1|Banette, F|\n|poke|p1|Alomomola, M|\n|poke|p1|Landorus-Therian, M|\n|poke|p1|Heatran, M|\n|poke|p1|Garchomp, M|\n|poke|p1|Urshifu-*, M|\n|poke|p2|Lucario, M|\n|poke|p2|Blaziken, M|\n|poke|p2|Aggron, M|\n|poke|p2|Gardevoir, F|\n|poke|p2|Milotic, F|\n|poke|p2|Salamence, M|\n|teampreview\n|inactive|Battle timer is ON: inactive players will automatically lose when time's up. (requested by Garry97)\n|inactive|zhuandayoudou also wants the timer to be on.\n|\n|t:|1700652397\n|start\n|switch|p1a: Urshifu|Urshifu-Rapid-Strike, M|100\/100\n|switch|p2a: Reinhardt|Aggron, M|100\/100\n|turn|1\n|\n|t:|1700652408\n|detailschange|p2a: Reinhardt|Aggron-Mega, M\n|-mega|p2a: Reinhardt|Aggron|Aggronite\n|move|p1a: Urshifu|Surging Strikes|p2a: Reinhardt\n|-crit|p2a: Reinhardt\n|-damage|p2a: Reinhardt|92\/100\n|-crit|p2a: Reinhardt\n|-damage|p2a: Reinhardt|83\/100\n|-crit|p2a: Reinhardt\n|-damage|p2a: Reinhardt|74\/100\n|-hitcount|p2a: Reinhardt|3\n|move|p2a: Reinhardt|Body Press|p1a: Urshifu\n|-damage|p1a: Urshifu|56\/100\n|\n|upkeep\n|turn|2\n|\n|t:|1700652419\n|switch|p1a: Alomomola|Alomomola, M, shiny|100\/100\n|move|p2a: Reinhardt|Stealth Rock|p1a: Alomomola\n|-sidestart|p1: zhuandayoudou|move: Stealth Rock\n|\n|upkeep\n|turn|3\n|\n|t:|1700652427\n|switch|p2a: Elena FDEZ|Gardevoir, F|100\/100\n|-ability|p2a: Elena FDEZ|Regenerator|[from] ability: Trace|[of] p1a: Alomomola\n|move|p1a: Alomomola|Flip Turn|p2a: Elena FDEZ\n|-damage|p2a: Elena FDEZ|70\/100\n|\n|t:|1700652442\n|switch|p1a: Garchomp|Garchomp, M|100\/100|[from] Flip Turn\n|-damage|p1a: Garchomp|94\/100|[from] Stealth Rock\n|\n|upkeep\n|turn|4\n|\n|t:|1700652449\n|move|p2a: Elena FDEZ|Moonblast|p1a: Garchomp\n|-supereffective|p1a: Garchomp\n|-damage|p1a: Garchomp|0 fnt\n|faint|p1a: Garchomp\n|\n|upkeep\n|\n|t:|1700652455\n|switch|p1a: Heatran|Heatran, M|100\/100\n|-damage|p1a: Heatran|88\/100|[from] Stealth Rock\n|turn|5\n|\n|t:|1700652460\n|switch|p2a: Ogopogo|Milotic, F|100\/100\n|move|p1a: Heatran|Toxic|p2a: Ogopogo\n|-status|p2a: Ogopogo|tox\n|\n|-heal|p1a: Heatran|94\/100|[from] item: Leftovers\n|-damage|p2a: Ogopogo|94\/100 tox|[from] psn\n|upkeep\n|turn|6\n|\n|t:|1700652469\n|switch|p1a: Alomomola|Alomomola, M, shiny|100\/100\n|move|p2a: Ogopogo|Surf|p1a: Alomomola\n|-resisted|p1a: Alomomola\n|-damage|p1a: Alomomola|83\/100\n|\n|-heal|p2a: Ogopogo|100\/100 tox|[from] item: Leftovers\n|-damage|p2a: Ogopogo|88\/100 tox|[from] psn\n|upkeep\n|turn|7\n|\n|t:|1700652479\n|switch|p2a: Elena FDEZ|Gardevoir, F|100\/100\n|-ability|p2a: Elena FDEZ|Regenerator|[from] ability: Trace|[of] p1a: Alomomola\n|move|p1a: Alomomola|Flip Turn|p2a: Elena FDEZ\n|-damage|p2a: Elena FDEZ|73\/100\n|\n|t:|1700652485\n|switch|p1a: Heatran|Heatran, M|94\/100|[from] Flip Turn\n|-damage|p1a: Heatran|82\/100|[from] Stealth Rock\n|\n|-heal|p1a: Heatran|88\/100|[from] item: Leftovers\n|upkeep\n|turn|8\n|\n|t:|1700652501\n|switch|p2a: Ogopogo|Milotic, F|88\/100 tox\n|move|p1a: Heatran|Protect||[still]\n|-fail|p1a: Heatran\n|\n|-heal|p2a: Ogopogo|94\/100 tox|[from] item: Leftovers\n|-heal|p1a: Heatran|94\/100|[from] item: Leftovers\n|-damage|p2a: Ogopogo|88\/100 tox|[from] psn\n|upkeep\n|turn|9\n|\n|t:|1700652510\n|switch|p1a: Alomomola|Alomomola, M, shiny|100\/100\n|move|p2a: Ogopogo|Surf|p1a: Alomomola\n|-resisted|p1a: Alomomola\n|-damage|p1a: Alomomola|82\/100\n|\n|-heal|p2a: Ogopogo|94\/100 tox|[from] item: Leftovers\n|-damage|p2a: Ogopogo|82\/100 tox|[from] psn\n|upkeep\n|turn|10\n|\n|t:|1700652520\n|move|p2a: Ogopogo|Toxic|p1a: Alomomola\n|-status|p1a: Alomomola|tox\n|move|p1a: Alomomola|Toxic|p2a: Ogopogo|[miss]\n|-miss|p1a: Alomomola|p2a: Ogopogo\n|\n|-heal|p2a: Ogopogo|88\/100 tox|[from] item: Leftovers\n|-damage|p2a: Ogopogo|70\/100 tox|[from] psn\n|-damage|p1a: Alomomola|76\/100 tox|[from] psn\n|upkeep\n|turn|11\n|\n|t:|1700652530\n|move|p2a: Ogopogo|Recover|p2a: Ogopogo\n|-heal|p2a: Ogopogo|100\/100 tox\n|move|p1a: Alomomola|Toxic|p2a: Ogopogo\n|-fail|p2a: Ogopogo|tox\n|\n|-damage|p2a: Ogopogo|76\/100 tox|[from] psn\n|-damage|p1a: Alomomola|64\/100 tox|[from] psn\n|upkeep\n|turn|12\n|\n|t:|1700652539\n|move|p2a: Ogopogo|Surf|p1a: Alomomola\n|-resisted|p1a: Alomomola\n|-crit|p1a: Alomomola\n|-damage|p1a: Alomomola|37\/100 tox\n|move|p1a: Alomomola|Flip Turn|p2a: Ogopogo\n|-resisted|p2a: Ogopogo\n|-damage|p2a: Ogopogo|68\/100 tox\n|\n|t:|1700652547\n|switch|p1a: Banette|Banette, F|100\/100|[from] Flip Turn\n|-damage|p1a: Banette|88\/100|[from] Stealth Rock\n|-item|p2a: Ogopogo|Leftovers|[from] ability: Frisk|[of] p1a: Banette|[identify]\n|\n|-heal|p2a: Ogopogo|74\/100 tox|[from] item: Leftovers\n|-damage|p2a: Ogopogo|44\/100 tox|[from] psn\n|upkeep\n|turn|13\n|\n|t:|1700652560\n|switch|p2a: Dracule Mihawk|Salamence, M|100\/100\n|-ability|p2a: Dracule Mihawk|Intimidate|boost\n|-unboost|p1a: Banette|atk|1\n|detailschange|p1a: Banette|Banette-Mega, F\n|-mega|p1a: Banette|Banette|Banettite\n|move|p1a: Banette|Poltergeist|p2a: Dracule Mihawk\n|-activate|p2a: Dracule Mihawk|move: Poltergeist|Heavy-Duty Boots\n|-damage|p2a: Dracule Mihawk|42\/100\n|\n|upkeep\n|turn|14\n|\n|t:|1700652570\n|switch|p1a: Landorus|Landorus-Therian, M|100\/100\n|-damage|p1a: Landorus|88\/100|[from] Stealth Rock\n|-ability|p1a: Landorus|Intimidate|boost\n|-unboost|p2a: Dracule Mihawk|atk|1\n|move|p2a: Dracule Mihawk|Dragon Claw|p1a: Landorus\n|-damage|p1a: Landorus|54\/100\n|\n|upkeep\n|turn|15\n|\n|t:|1700652580\n|move|p1a: Landorus|Stealth Rock|p2a: Dracule Mihawk\n|-sidestart|p2: Garry97|move: Stealth Rock\n|move|p2a: Dracule Mihawk|Dragon Claw|p1a: Landorus\n|-damage|p1a: Landorus|17\/100\n|\n|upkeep\n|turn|16\n|\n|t:|1700652586\n|-zpower|p1a: Landorus\n|move|p1a: Landorus|Supersonic Skystrike|p2a: Dracule Mihawk|[zeffect]\n|-damage|p2a: Dracule Mihawk|0 fnt\n|faint|p2a: Dracule Mihawk\n|\n|upkeep\n|\n|t:|1700652599\n|switch|p2a: Pollo Hermano|Blaziken, M|100\/100\n|-damage|p2a: Pollo Hermano|88\/100|[from] Stealth Rock\n|turn|17\n|\n|t:|1700652607\n|switch|p1a: Urshifu|Urshifu-Rapid-Strike, M|56\/100\n|-damage|p1a: Urshifu|50\/100|[from] Stealth Rock\n|move|p2a: Pollo Hermano|Protect||[still]\n|-fail|p2a: Pollo Hermano\n|\n|-ability|p2a: Pollo Hermano|Speed Boost|boost\n|-boost|p2a: Pollo Hermano|spe|1\n|upkeep\n|turn|18\n|\n|t:|1700652617\n|switch|p2a: Reinhardt|Aggron-Mega, M|74\/100\n|-damage|p2a: Reinhardt|68\/100|[from] Stealth Rock\n|move|p1a: Urshifu|Surging Strikes|p2a: Reinhardt\n|-crit|p2a: Reinhardt\n|-damage|p2a: Reinhardt|59\/100\n|-crit|p2a: Reinhardt\n|-damage|p2a: Reinhardt|50\/100\n|-crit|p2a: Reinhardt\n|-damage|p2a: Reinhardt|41\/100\n|-hitcount|p2a: Reinhardt|3\n|\n|upkeep\n|turn|19\n|\n|t:|1700652628\n|switch|p1a: Alomomola|Alomomola, M, shiny|70\/100 tox\n|move|p2a: Reinhardt|Avalanche|p1a: Alomomola\n|-resisted|p1a: Alomomola\n|-crit|p1a: Alomomola\n|-damage|p1a: Alomomola|63\/100 tox\n|\n|-damage|p1a: Alomomola|56\/100 tox|[from] psn\n|upkeep\n|turn|20\n|\n|t:|1700652638\n|move|p2a: Reinhardt|Body Press|p1a: Alomomola\n|-crit|p1a: Alomomola\n|-damage|p1a: Alomomola|18\/100 tox\n|move|p1a: Alomomola|Wish|p1a: Alomomola\n|\n|-damage|p1a: Alomomola|6\/100 tox|[from] psn\n|upkeep\n|turn|21\n|\n|t:|1700652653\n|move|p1a: Alomomola|Protect|p1a: Alomomola\n|-singleturn|p1a: Alomomola|Protect\n|move|p2a: Reinhardt|Avalanche|p1a: Alomomola\n|-activate|p1a: Alomomola|move: Protect\n|\n|-heal|p1a: Alomomola|56\/100 tox|[from] move: Wish|[wisher] Alomomola\n|-damage|p1a: Alomomola|37\/100 tox|[from] psn\n|upkeep\n|turn|22\n|\n|t:|1700652666\n|switch|p1a: Landorus|Landorus-Therian, M|17\/100\n|-damage|p1a: Landorus|5\/100|[from] Stealth Rock\n|-ability|p1a: Landorus|Intimidate|boost\n|-unboost|p2a: Reinhardt|atk|1\n|move|p2a: Reinhardt|Heavy Slam|p1a: Landorus\n|-damage|p1a: Landorus|0 fnt\n|faint|p1a: Landorus\n|\n|upkeep\n|\n|t:|1700652670\n|switch|p1a: Urshifu|Urshifu-Rapid-Strike, M|50\/100\n|-damage|p1a: Urshifu|44\/100|[from] Stealth Rock\n|turn|23\n|\n|t:|1700652685\n|move|p1a: Urshifu|Close Combat|p2a: Reinhardt\n|-supereffective|p2a: Reinhardt\n|-crit|p2a: Reinhardt\n|-damage|p2a: Reinhardt|0 fnt\n|-unboost|p1a: Urshifu|def|1\n|-unboost|p1a: Urshifu|spd|1\n|faint|p2a: Reinhardt\n|\n|upkeep\n|\n|t:|1700652693\n|switch|p2a: Elena FDEZ|Gardevoir, F|100\/100\n|-damage|p2a: Elena FDEZ|88\/100|[from] Stealth Rock\n|-ability|p2a: Elena FDEZ|Unseen Fist|[from] ability: Trace|[of] p1a: Urshifu\n|turn|24\n|\n|t:|1700652700\n|switch|p1a: Heatran|Heatran, M|94\/100\n|-damage|p1a: Heatran|82\/100|[from] Stealth Rock\n|move|p2a: Elena FDEZ|Focus Blast|p1a: Heatran\n|-supereffective|p1a: Heatran\n|-damage|p1a: Heatran|32\/100\n|\n|-heal|p1a: Heatran|38\/100|[from] item: Leftovers\n|upkeep\n|turn|25\n|\n|t:|1700652710\n|switch|p2a: Pollo Hermano|Blaziken, M|88\/100\n|-damage|p2a: Pollo Hermano|76\/100|[from] Stealth Rock\n|switch|p1a: Banette|Banette-Mega, F|88\/100\n|-damage|p1a: Banette|76\/100|[from] Stealth Rock\n|\n|upkeep\n|turn|26\n|\n|t:|1700652720\n|move|p2a: Pollo Hermano|Blaze Kick|p1a: Banette\n|-damage|p1a: Banette|0 fnt\n|faint|p1a: Banette\n|-damage|p2a: Pollo Hermano|66\/100|[from] item: Life Orb\n|\n|-ability|p2a: Pollo Hermano|Speed Boost|boost\n|-boost|p2a: Pollo Hermano|spe|1\n|upkeep\n|\n|t:|1700652725\n|switch|p1a: Urshifu|Urshifu-Rapid-Strike, M|44\/100\n|-damage|p1a: Urshifu|38\/100|[from] Stealth Rock\n|turn|27\n|\n|t:|1700652743\n|switch|p2a: Ogopogo|Milotic, F|44\/100 tox\n|-damage|p2a: Ogopogo|31\/100 tox|[from] Stealth Rock\n|-terastallize|p1a: Urshifu|Water\n|move|p1a: Urshifu|Surging Strikes|p2a: Ogopogo\n|-resisted|p2a: Ogopogo\n|-crit|p2a: Ogopogo\n|-damage|p2a: Ogopogo|17\/100 tox\n|-resisted|p2a: Ogopogo\n|-crit|p2a: Ogopogo\n|-damage|p2a: Ogopogo|1\/100 tox\n|-resisted|p2a: Ogopogo\n|-crit|p2a: Ogopogo\n|-damage|p2a: Ogopogo|0 fnt\n|faint|p2a: Ogopogo\n|-hitcount|p2: Ogopogo|3\n|\n|upkeep\n|\n|t:|1700652758\n|switch|p2a: Lord Beerus|Lucario, M|100\/100\n|-damage|p2a: Lord Beerus|98\/100|[from] Stealth Rock\n|turn|28\n|\n|t:|1700652763\n|switch|p1a: Alomomola|Alomomola, M, shiny|70\/100 tox\n|-terastallize|p2a: Lord Beerus|Normal\n|move|p2a: Lord Beerus|Extreme Speed|p1a: Alomomola\n|-damage|p1a: Alomomola|44\/100 tox\n|\n|-damage|p1a: Alomomola|38\/100 tox|[from] psn\n|upkeep\n|turn|29\n|\n|t:|1700652773\n|move|p2a: Lord Beerus|Swords Dance|p2a: Lord Beerus\n|-boost|p2a: Lord Beerus|atk|2\n|move|p1a: Alomomola|Wish|p1a: Alomomola\n|\n|-damage|p1a: Alomomola|25\/100 tox|[from] psn\n|upkeep\n|turn|30\n|\n|t:|1700652781\n|move|p2a: Lord Beerus|Close Combat|p1a: Alomomola\n|-damage|p1a: Alomomola|0 fnt\n|-unboost|p2a: Lord Beerus|def|1\n|-unboost|p2a: Lord Beerus|spd|1\n|faint|p1a: Alomomola\n|\n|upkeep\n|\n|t:|1700652784\n|switch|p1a: Urshifu|Urshifu-Rapid-Strike, M, tera:Water|38\/100\n|-damage|p1a: Urshifu|25\/100|[from] Stealth Rock\n|turn|31\n|\n|t:|1700652791\n|move|p2a: Lord Beerus|Extreme Speed|p1a: Urshifu\n|-damage|p1a: Urshifu|0 fnt\n|faint|p1a: Urshifu\n|\n|upkeep\n|-message|zhuandayoudou forfeited.\n|\n|win|Garry97\n|raw|zhuandayoudou's rating: 1545 &rarr; <strong>1523<\/strong><br \/>(-22 for losing)\n|raw|Garry97's rating: 1518 &rarr; <strong>1540<\/strong><br \/>(+22 for winning)\n|l|\u2606zhuandayoudou\n","uploadtime":1700652803,"views":16,"p1id":"zhuandayoudou","p2id":"garry97","formatid":"gen9nationaldex","rating":1523,"private":0,"password":""}