{"id":"gen9nationaldex-1991126122","p1":"steals many wives","p2":"StefanoDude75","format":"[Gen 9] National Dex","log":"|j|\u2606steals many wives\n|j|\u2606StefanoDude75\n|t:|1700046920\n|gametype|singles\n|player|p1|steals many wives|waitress|1175\n|player|p2|StefanoDude75|red-masters|1283\n|teamsize|p1|6\n|teamsize|p2|6\n|gen|9\n|tier|[Gen 9] National Dex\n|rated|\n|rule|HP Percentage Mod: HP is shown in percentages\n|rule|Endless Battle Clause: Forcing endless battles is banned\n|rule|OHKO Clause: OHKO moves are banned\n|rule|Evasion Clause: Evasion abilities, items, and moves are banned\n|rule|Evasion Abilities Clause: Evasion abilities are banned\n|rule|Evasion Items Clause: Evasion items are banned\n|rule|Evasion Moves Clause: Evasion moves are banned\n|rule|Species Clause: Limit one of each Pok\u00e9mon\n|rule|Sleep Clause Mod: Limit one foe put to sleep\n|clearpoke\n|poke|p1|Aggron, M|\n|poke|p1|Ferrothorn, M|\n|poke|p1|Goodra-Hisui, F|\n|poke|p1|Celesteela|\n|poke|p1|Heatran, M|\n|poke|p1|Excadrill, M|\n|poke|p2|Charizard, M|\n|poke|p2|Great Tusk|\n|poke|p2|Urshifu-*, M|\n|poke|p2|Galvantula, F|\n|poke|p2|Rillaboom, M|\n|poke|p2|Dondozo, M|\n|teampreview\n|inactive|Battle timer is ON: inactive players will automatically lose when time's up. (requested by steals many wives)\n|\n|t:|1700046981\n|start\n|switch|p1a: Drilliam Wallace|Excadrill, M|100\/100\n|switch|p2a: Great Tusk|Great Tusk|100\/100\n|-ability|p1a: Drilliam Wallace|Mold Breaker\n|turn|1\n|\n|t:|1700047005\n|switch|p1a: Team Rocket|Celesteela|100\/100\n|move|p2a: Great Tusk|Earthquake|p1a: Team Rocket\n|-immune|p1a: Team Rocket\n|\n|upkeep\n|turn|2\n|inactive|StefanoDude75 has 120 seconds left.\n|\n|t:|1700047047\n|move|p2a: Great Tusk|Stealth Rock|p1a: Team Rocket\n|-sidestart|p1: steals many wives|move: Stealth Rock\n|move|p1a: Team Rocket|Leech Seed|p2a: Great Tusk|[miss]\n|-miss|p1a: Team Rocket|p2a: Great Tusk\n|\n|upkeep\n|turn|3\n|\n|t:|1700047060\n|-end|p2a: Great Tusk|Protosynthesis|[silent]\n|switch|p2a: Charizard|Charizard, M|100\/100\n|move|p1a: Team Rocket|Leech Seed|p2a: Charizard\n|-start|p2a: Charizard|move: Leech Seed\n|\n|-damage|p2a: Charizard|88\/100|[from] Leech Seed|[of] p1a: Team Rocket\n|upkeep\n|turn|4\n|inactive|StefanoDude75 has 120 seconds left.\n|\n|t:|1700047070\n|switch|p2a: Urshifu|Urshifu-Rapid-Strike, M|100\/100\n|move|p1a: Team Rocket|Protect||[still]\n|-fail|p1a: Team Rocket\n|\n|upkeep\n|turn|5\n|\n|t:|1700047075\n|move|p2a: Urshifu|Surging Strikes|p1a: Team Rocket\n|-crit|p1a: Team Rocket\n|-damage|p1a: Team Rocket|85\/100\n|-crit|p1a: Team Rocket\n|-damage|p1a: Team Rocket|69\/100\n|-crit|p1a: Team Rocket\n|-damage|p1a: Team Rocket|52\/100\n|-hitcount|p1a: Team Rocket|3\n|move|p1a: Team Rocket|Leech Seed|p2a: Urshifu\n|-start|p2a: Urshifu|move: Leech Seed\n|\n|-heal|p1a: Team Rocket|58\/100|[from] item: Leftovers\n|-damage|p2a: Urshifu|88\/100|[from] Leech Seed|[of] p1a: Team Rocket\n|-heal|p1a: Team Rocket|69\/100|[silent]\n|upkeep\n|turn|6\n|inactive|StefanoDude75 has 120 seconds left.\n|\n|t:|1700047097\n|move|p1a: Team Rocket|Protect|p1a: Team Rocket\n|-singleturn|p1a: Team Rocket|Protect\n|move|p2a: Urshifu|Surging Strikes|p1a: Team Rocket\n|-activate|p1a: Team Rocket|move: Protect\n|\n|-heal|p1a: Team Rocket|75\/100|[from] item: Leftovers\n|-damage|p2a: Urshifu|76\/100|[from] Leech Seed|[of] p1a: Team Rocket\n|-heal|p1a: Team Rocket|86\/100|[silent]\n|upkeep\n|turn|7\n|inactive|StefanoDude75 has 120 seconds left.\n|\n|t:|1700047112\n|switch|p2a: Charizard|Charizard, M|88\/100\n|switch|p1a: Slime Shady|Goodra-Hisui, F|100\/100\n|-damage|p1a: Slime Shady|94\/100|[from] Stealth Rock\n|\n|upkeep\n|turn|8\n|inactive|StefanoDude75 has 120 seconds left.\n|\n|t:|1700047122\n|detailschange|p2a: Charizard|Charizard-Mega-Y, M\n|-mega|p2a: Charizard|Charizard|Charizardite Y\n|-weather|SunnyDay|[from] ability: Drought|[of] p2a: Charizard\n|move|p2a: Charizard|Weather Ball|p1a: Slime Shady\n|-damage|p1a: Slime Shady|41\/100\n|move|p1a: Slime Shady|Dragon Pulse|p2a: Charizard\n|-damage|p2a: Charizard|56\/100\n|\n|-weather|SunnyDay|[upkeep]\n|upkeep\n|turn|9\n|\n|t:|1700047132\n|switch|p1a: Slag Heap|Heatran, M|100\/100\n|-damage|p1a: Slag Heap|88\/100|[from] Stealth Rock\n|move|p2a: Charizard|Weather Ball|p1a: Slag Heap\n|-start|p1a: Slag Heap|ability: Flash Fire\n|\n|-weather|SunnyDay|[upkeep]\n|upkeep\n|turn|10\n|\n|t:|1700047147\n|move|p1a: Slag Heap|Eruption|p2a: Charizard\n|-resisted|p2a: Charizard\n|-damage|p2a: Charizard|0 fnt\n|faint|p2a: Charizard\n|\n|-weather|SunnyDay|[upkeep]\n|upkeep\n|\n|t:|1700047151\n|switch|p2a: Rillaboom|Rillaboom, M|100\/100\n|-fieldstart|move: Grassy Terrain|[from] ability: Grassy Surge|[of] p2a: Rillaboom\n|turn|11\n|\n|t:|1700047156\n|move|p1a: Slag Heap|Eruption|p2a: Rillaboom\n|-supereffective|p2a: Rillaboom\n|-damage|p2a: Rillaboom|0 fnt\n|faint|p2a: Rillaboom\n|\n|-weather|SunnyDay|[upkeep]\n|-heal|p1a: Slag Heap|94\/100|[from] Grassy Terrain\n|upkeep\n|-message|StefanoDude75 forfeited.\n|\n|win|steals many wives\n|raw|steals many wives's rating: 1175 &rarr; <strong>1208<\/strong><br \/>(+33 for winning)\n|raw|StefanoDude75's rating: 1283 &rarr; <strong>1250<\/strong><br \/>(-33 for losing)\n|l|\u2606StefanoDude75\n","uploadtime":1700047165,"views":8,"p1id":"stealsmanywives","p2id":"stefanodude75","formatid":"gen9nationaldex","rating":1208,"private":0,"password":""}