{"id":"gen9nationaldex-1988240919","p1":"Blake-Mamba","p2":"Freezuh","format":"[Gen 9] National Dex","log":"|j|\u2606Blake-Mamba\n|j|\u2606Freezuh\n|t:|1699692398\n|gametype|singles\n|player|p1|Blake-Mamba|juan|1332\n|player|p2|Freezuh|volkner|1354\n|teamsize|p1|6\n|teamsize|p2|6\n|gen|9\n|tier|[Gen 9] National Dex\n|rated|\n|rule|HP Percentage Mod: HP is shown in percentages\n|rule|Endless Battle Clause: Forcing endless battles is banned\n|rule|OHKO Clause: OHKO moves are banned\n|rule|Evasion Clause: Evasion abilities, items, and moves are banned\n|rule|Evasion Abilities Clause: Evasion abilities are banned\n|rule|Evasion Items Clause: Evasion items are banned\n|rule|Evasion Moves Clause: Evasion moves are banned\n|rule|Species Clause: Limit one of each Pok\u00e9mon\n|rule|Sleep Clause Mod: Limit one foe put to sleep\n|clearpoke\n|poke|p1|Cinccino, F|\n|poke|p1|Zebstrika, F|\n|poke|p1|Ferrothorn, F|\n|poke|p1|Seismitoad, F|\n|poke|p1|Krookodile, F|\n|poke|p1|Emboar, F|\n|poke|p2|Charizard, F|\n|poke|p2|Great Tusk|\n|poke|p2|Gliscor, M|\n|poke|p2|Rillaboom, F|\n|poke|p2|Ogerpon-Wellspring, F|\n|poke|p2|Landorus-Therian, M|\n|teampreview\n|inactive|Battle timer is ON: inactive players will automatically lose when time's up. (requested by Freezuh)\n|\n|t:|1699692420\n|start\n|switch|p1a: Cinccino|Cinccino, F|100\/100\n|switch|p2a: Ogerpon|Ogerpon-Wellspring, F|100\/100\n|turn|1\n|\n|t:|1699692442\n|switch|p1a: Ferrothorn|Ferrothorn, F|100\/100\n|move|p2a: Ogerpon|Swords Dance|p2a: Ogerpon\n|-boost|p2a: Ogerpon|atk|2\n|\n|upkeep\n|turn|2\n|\n|t:|1699692450\n|move|p2a: Ogerpon|Superpower|p1a: Ferrothorn\n|-supereffective|p1a: Ferrothorn\n|-damage|p1a: Ferrothorn|0 fnt\n|-unboost|p2a: Ogerpon|atk|1\n|-unboost|p2a: Ogerpon|def|1\n|-damage|p2a: Ogerpon|88\/100|[from] ability: Iron Barbs|[of] p1a: Ferrothorn\n|-damage|p2a: Ogerpon|72\/100|[from] item: Rocky Helmet|[of] p1a: Ferrothorn\n|faint|p1a: Ferrothorn\n|\n|upkeep\n|\n|t:|1699692459\n|switch|p1a: Emboar|Emboar, F, shiny|100\/100\n|turn|3\n|\n|t:|1699692463\n|move|p1a: Emboar|Flare Blitz|p2a: Ogerpon\n|-damage|p2a: Ogerpon|0 fnt\n|faint|p2a: Ogerpon\n|-damage|p1a: Emboar|81\/100|[from] Recoil\n|\n|upkeep\n|\n|t:|1699692466\n|switch|p2a: Gliscor|Gliscor, M|100\/100\n|turn|4\n|\n|t:|1699692493\n|switch|p1a: Cinccino|Cinccino, F|100\/100\n|move|p2a: Gliscor|Spikes|p1a: Cinccino\n|-sidestart|p1: Blake-Mamba|Spikes\n|\n|-status|p2a: Gliscor|tox|[from] item: Toxic Orb\n|upkeep\n|turn|5\n|\n|t:|1699692503\n|move|p1a: Cinccino|Triple Axel|p2a: Gliscor\n|-supereffective|p2a: Gliscor\n|-damage|p2a: Gliscor|64\/100 tox\n|-supereffective|p2a: Gliscor\n|-damage|p2a: Gliscor|0 fnt\n|faint|p2a: Gliscor\n|-hitcount|p2: Gliscor|2\n|-damage|p1a: Cinccino|91\/100|[from] item: Life Orb\n|\n|upkeep\n|\n|t:|1699692512\n|switch|p2a: Charizard|Charizard, F, shiny|100\/100\n|turn|6\n|\n|t:|1699692516\n|detailschange|p2a: Charizard|Charizard-Mega-Y, F, shiny\n|-mega|p2a: Charizard|Charizard|Charizardite Y\n|-weather|SunnyDay|[from] ability: Drought|[of] p2a: Charizard\n|move|p1a: Cinccino|Rock Blast|p2a: Charizard\n|-supereffective|p2a: Charizard\n|-damage|p2a: Charizard|10\/100\n|-supereffective|p2a: Charizard\n|-damage|p2a: Charizard|0 fnt\n|faint|p2a: Charizard\n|-hitcount|p2: Charizard|2\n|-damage|p1a: Cinccino|81\/100|[from] item: Life Orb\n|\n|-weather|SunnyDay|[upkeep]\n|upkeep\n|\n|t:|1699692525\n|switch|p2a: Great Tusk|Great Tusk|100\/100\n|-activate|p2a: Great Tusk|ability: Protosynthesis\n|-start|p2a: Great Tusk|protosynthesisatk\n|turn|7\n|\n|t:|1699692545\n|move|p1a: Cinccino|Triple Axel|p2a: Great Tusk\n|-supereffective|p2a: Great Tusk\n|-damage|p2a: Great Tusk|84\/100\n|-supereffective|p2a: Great Tusk\n|-damage|p2a: Great Tusk|47\/100\n|-hitcount|p2a: Great Tusk|2\n|-damage|p1a: Cinccino|71\/100|[from] item: Life Orb\n|move|p2a: Great Tusk|Headlong Rush|p1a: Cinccino\n|-damage|p1a: Cinccino|0 fnt\n|-unboost|p2a: Great Tusk|def|1\n|-unboost|p2a: Great Tusk|spd|1\n|faint|p1a: Cinccino\n|\n|-weather|SunnyDay|[upkeep]\n|upkeep\n|inactive|Blake-Mamba has 120 seconds left.\n|c|\u2606Blake-Mamba|Damn that miss\n|\n|t:|1699692564\n|switch|p1a: Emboar|Emboar, F, shiny|81\/100\n|-damage|p1a: Emboar|68\/100|[from] Spikes\n|turn|8\n|c|\u2606Freezuh|thank god\n|\n|t:|1699692570\n|move|p1a: Emboar|Flare Blitz|p2a: Great Tusk\n|-damage|p2a: Great Tusk|0 fnt\n|faint|p2a: Great Tusk\n|-end|p2a: Great Tusk|Protosynthesis|[silent]\n|-damage|p1a: Emboar|53\/100|[from] Recoil\n|\n|-weather|SunnyDay|[upkeep]\n|upkeep\n|\n|t:|1699692573\n|switch|p2a: Landorus|Landorus-Therian, M, shiny|100\/100\n|-ability|p2a: Landorus|Intimidate|boost\n|-unboost|p1a: Emboar|atk|1\n|turn|9\n|c|\u2606Blake-Mamba|Yeah sorry was just really trying to get the cincinno clop\n|c|\u2606Blake-Mamba|clip\n|inactive|Blake-Mamba has 120 seconds left.\n|\n|t:|1699692598\n|-terastallize|p1a: Emboar|Fire\n|move|p1a: Emboar|Flare Blitz|p2a: Landorus\n|-damage|p2a: Landorus|0 fnt\n|faint|p2a: Landorus\n|-damage|p1a: Emboar|24\/100|[from] Recoil\n|\n|-weather|SunnyDay|[upkeep]\n|upkeep\n|\n|t:|1699692608\n|switch|p2a: Rillaboom|Rillaboom, F|100\/100\n|-fieldstart|move: Grassy Terrain|[from] ability: Grassy Surge|[of] p2a: Rillaboom\n|turn|10\n|inactive|Blake-Mamba has 120 seconds left.\n|c|\u2606Freezuh|lol\n|\n|t:|1699692636\n|-terastallize|p2a: Rillaboom|Grass\n|move|p2a: Rillaboom|Grassy Glide|p1a: Emboar\n|-resisted|p1a: Emboar\n|-damage|p1a: Emboar|0 fnt\n|faint|p1a: Emboar\n|\n|-weather|none\n|upkeep\n|\n|t:|1699692645\n|switch|p1a: Zebstrika|Zebstrika, F, shiny|100\/100\n|-damage|p1a: Zebstrika|88\/100|[from] Spikes\n|turn|11\n|\n|t:|1699692649\n|move|p2a: Rillaboom|Grassy Glide|p1a: Zebstrika\n|-ability|p1a: Zebstrika|Sap Sipper|boost\n|-boost|p1a: Zebstrika|atk|1\n|move|p1a: Zebstrika|Flame Charge|p2a: Rillaboom\n|-supereffective|p2a: Rillaboom\n|-damage|p2a: Rillaboom|51\/100\n|-boost|p1a: Zebstrika|spe|1\n|\n|-heal|p1a: Zebstrika|94\/100|[from] Grassy Terrain\n|-heal|p2a: Rillaboom|57\/100|[from] Grassy Terrain\n|upkeep\n|turn|12\n|-message|Freezuh forfeited.\n|\n|win|Blake-Mamba\n|raw|Blake-Mamba's rating: 1332 &rarr; <strong>1353<\/strong><br \/>(+21 for winning)\n|raw|Freezuh's rating: 1354 &rarr; <strong>1333<\/strong><br \/>(-21 for losing)\n|l|\u2606Freezuh\n|c|\u2606Blake-Mamba|Gg I think\n","uploadtime":1699692767,"views":6,"p1id":"blakemamba","p2id":"freezuh","formatid":"gen9nationaldex","rating":1333,"private":0,"password":""}