{"id":"gen9nationaldex-1989239267","p1":"cornfactss","p2":"popo4456","format":"[Gen 9] National Dex","log":"|j|\u2606cornfactss\n|j|\u2606popo4456\n|t:|1699826832\n|gametype|singles\n|player|p1|cornfactss|shauntal|1522\n|player|p2|popo4456|galacticgrunt|1721\n|teamsize|p1|6\n|teamsize|p2|6\n|gen|9\n|tier|[Gen 9] National Dex\n|rated|\n|rule|HP Percentage Mod: HP is shown in percentages\n|rule|Endless Battle Clause: Forcing endless battles is banned\n|rule|OHKO Clause: OHKO moves are banned\n|rule|Evasion Clause: Evasion abilities, items, and moves are banned\n|rule|Evasion Abilities Clause: Evasion abilities are banned\n|rule|Evasion Items Clause: Evasion items are banned\n|rule|Evasion Moves Clause: Evasion moves are banned\n|rule|Species Clause: Limit one of each Pok\u00e9mon\n|rule|Sleep Clause Mod: Limit one foe put to sleep\n|clearpoke\n|poke|p1|Sneasler, F|\n|poke|p1|Iron Valiant|\n|poke|p1|Gliscor, F|\n|poke|p1|Heatran, M|\n|poke|p1|Corsola-Galar, M|\n|poke|p1|Tapu Koko|\n|poke|p2|Banette, M|\n|poke|p2|Ting-Lu|\n|poke|p2|Ribombee, F|\n|poke|p2|Celesteela|\n|poke|p2|Kommo-o, M|\n|poke|p2|Serperior, M|\n|teampreview\n|\n|t:|1699826846\n|start\n|switch|p1a: Heatran|Heatran, M|100\/100\n|switch|p2a: Ting-Lu|Ting-Lu|100\/100\n|-ability|p2a: Ting-Lu|Vessel of Ruin\n|turn|1\n|\n|t:|1699826855\n|switch|p1a: Gliscor|Gliscor, F|100\/100\n|move|p2a: Ting-Lu|Stealth Rock|p1a: Gliscor\n|-sidestart|p1: cornfactss|move: Stealth Rock\n|\n|-status|p1a: Gliscor|tox|[from] item: Toxic Orb\n|upkeep\n|turn|2\n|\n|t:|1699826864\n|switch|p2a: Serperior|Serperior, M|100\/100\n|move|p1a: Gliscor|Defog|p2a: Serperior\n|-boost|p2a: Serperior|evasion|1\n|-sideend|p1: cornfactss|Stealth Rock|[from] move: Defog|[of] p1a: Gliscor\n|\n|upkeep\n|turn|3\n|\n|t:|1699826873\n|move|p2a: Serperior|Substitute|p2a: Serperior\n|-start|p2a: Serperior|Substitute\n|-damage|p2a: Serperior|75\/100\n|move|p1a: Gliscor|Knock Off|p2a: Serperior\n|-end|p2a: Serperior|Substitute\n|\n|-heal|p2a: Serperior|82\/100|[from] item: Leftovers\n|upkeep\n|turn|4\n|\n|t:|1699826879\n|move|p2a: Serperior|Leaf Storm|p1a: Gliscor\n|-damage|p1a: Gliscor|42\/100 tox\n|-boost|p2a: Serperior|spa|2\n|move|p1a: Gliscor|Knock Off|p2a: Serperior|[miss]\n|-miss|p1a: Gliscor|p2a: Serperior\n|\n|-heal|p2a: Serperior|88\/100|[from] item: Leftovers\n|-heal|p1a: Gliscor|55\/100 tox|[from] ability: Poison Heal\n|upkeep\n|turn|5\n|\n|t:|1699826885\n|switch|p1a: Heatran|Heatran, M|100\/100\n|move|p2a: Serperior|Leaf Storm|p1a: Heatran\n|-resisted|p1a: Heatran\n|-damage|p1a: Heatran|80\/100\n|-boost|p2a: Serperior|spa|2\n|\n|-heal|p2a: Serperior|94\/100|[from] item: Leftovers\n|-heal|p1a: Heatran|86\/100|[from] item: Leftovers\n|upkeep\n|turn|6\n|\n|t:|1699826892\n|move|p2a: Serperior|Substitute|p2a: Serperior\n|-start|p2a: Serperior|Substitute\n|-damage|p2a: Serperior|69\/100\n|move|p1a: Heatran|Stealth Rock|p2a: Serperior\n|-sidestart|p2: popo4456|move: Stealth Rock\n|\n|-heal|p2a: Serperior|75\/100|[from] item: Leftovers\n|-heal|p1a: Heatran|92\/100|[from] item: Leftovers\n|upkeep\n|turn|7\n|\n|t:|1699826896\n|move|p2a: Serperior|Leaf Storm|p1a: Heatran|[miss]\n|-miss|p2a: Serperior|p1a: Heatran\n|move|p1a: Heatran|Magma Storm|p2a: Serperior|[miss]\n|-miss|p1a: Heatran|p2a: Serperior\n|\n|-heal|p2a: Serperior|81\/100|[from] item: Leftovers\n|-heal|p1a: Heatran|98\/100|[from] item: Leftovers\n|upkeep\n|turn|8\n|\n|t:|1699826901\n|move|p2a: Serperior|Taunt|p1a: Heatran\n|-start|p1a: Heatran|move: Taunt\n|move|p1a: Heatran|Magma Storm|p2a: Serperior|[miss]\n|-miss|p1a: Heatran|p2a: Serperior\n|\n|-heal|p2a: Serperior|87\/100|[from] item: Leftovers\n|-heal|p1a: Heatran|100\/100|[from] item: Leftovers\n|upkeep\n|turn|9\n|\n|t:|1699826910\n|move|p2a: Serperior|Hidden Power|p1a: Heatran\n|-start|p1a: Heatran|ability: Flash Fire\n|move|p1a: Heatran|Magma Storm|p2a: Serperior|[miss]\n|-miss|p1a: Heatran|p2a: Serperior\n|\n|-heal|p2a: Serperior|94\/100|[from] item: Leftovers\n|upkeep\n|turn|10\n|\n|t:|1699826915\n|move|p2a: Serperior|Hidden Power|p1a: Heatran\n|-immune|p1a: Heatran|[from] ability: Flash Fire\n|move|p1a: Heatran|Magma Storm|p2a: Serperior\n|-supereffective|p2a: Serperior\n|-end|p2a: Serperior|Substitute\n|\n|-heal|p2a: Serperior|99\/100|[from] item: Leftovers\n|-end|p1a: Heatran|move: Taunt\n|upkeep\n|turn|11\n|\n|t:|1699826921\n|move|p2a: Serperior|Substitute|p2a: Serperior\n|-start|p2a: Serperior|Substitute\n|-damage|p2a: Serperior|75\/100\n|move|p1a: Heatran|Magma Storm|p2a: Serperior\n|-supereffective|p2a: Serperior\n|-end|p2a: Serperior|Substitute\n|\n|-heal|p2a: Serperior|81\/100|[from] item: Leftovers\n|upkeep\n|turn|12\n|\n|t:|1699826927\n|move|p2a: Serperior|Substitute|p2a: Serperior\n|-start|p2a: Serperior|Substitute\n|-damage|p2a: Serperior|56\/100\n|move|p1a: Heatran|Taunt|p2a: Serperior|[miss]\n|-miss|p1a: Heatran|p2a: Serperior\n|\n|-heal|p2a: Serperior|62\/100|[from] item: Leftovers\n|upkeep\n|turn|13\n|\n|t:|1699826933\n|move|p2a: Serperior|Taunt|p1a: Heatran\n|-start|p1a: Heatran|move: Taunt\n|move|p1a: Heatran|Magma Storm|p2a: Serperior\n|-supereffective|p2a: Serperior\n|-end|p2a: Serperior|Substitute\n|\n|-heal|p2a: Serperior|68\/100|[from] item: Leftovers\n|upkeep\n|turn|14\n|\n|t:|1699826939\n|move|p2a: Serperior|Substitute|p2a: Serperior\n|-start|p2a: Serperior|Substitute\n|-damage|p2a: Serperior|43\/100\n|move|p1a: Heatran|Earth Power|p2a: Serperior\n|-resisted|p2a: Serperior\n|-activate|p2a: Serperior|move: Substitute|[damage]\n|\n|-heal|p2a: Serperior|49\/100|[from] item: Leftovers\n|upkeep\n|turn|15\n|\n|t:|1699826945\n|move|p2a: Serperior|Hidden Power|p1a: Heatran\n|-immune|p1a: Heatran|[from] ability: Flash Fire\n|move|p1a: Heatran|Earth Power|p2a: Serperior|[miss]\n|-miss|p1a: Heatran|p2a: Serperior\n|\n|-heal|p2a: Serperior|56\/100|[from] item: Leftovers\n|-end|p1a: Heatran|move: Taunt\n|upkeep\n|turn|16\n|\n|t:|1699826951\n|move|p2a: Serperior|Taunt|p1a: Heatran\n|-start|p1a: Heatran|move: Taunt\n|move|p1a: Heatran|Earth Power|p2a: Serperior\n|-resisted|p2a: Serperior\n|-end|p2a: Serperior|Substitute\n|\n|-heal|p2a: Serperior|62\/100|[from] item: Leftovers\n|upkeep\n|turn|17\n|\n|t:|1699826958\n|move|p2a: Serperior|Substitute|p2a: Serperior\n|-start|p2a: Serperior|Substitute\n|-damage|p2a: Serperior|37\/100\n|move|p1a: Heatran|Earth Power|p2a: Serperior|[miss]\n|-miss|p1a: Heatran|p2a: Serperior\n|\n|-heal|p2a: Serperior|43\/100|[from] item: Leftovers\n|upkeep\n|turn|18\n|\n|t:|1699826962\n|move|p2a: Serperior|Hidden Power|p1a: Heatran\n|-immune|p1a: Heatran|[from] ability: Flash Fire\n|move|p1a: Heatran|Earth Power|p2a: Serperior\n|-resisted|p2a: Serperior\n|-crit|p2a: Serperior\n|-end|p2a: Serperior|Substitute\n|\n|-heal|p2a: Serperior|49\/100|[from] item: Leftovers\n|-end|p1a: Heatran|move: Taunt\n|upkeep\n|turn|19\n|\n|t:|1699826970\n|move|p2a: Serperior|Substitute|p2a: Serperior\n|-start|p2a: Serperior|Substitute\n|-damage|p2a: Serperior|24\/100\n|move|p1a: Heatran|Taunt|p2a: Serperior|[miss]\n|-miss|p1a: Heatran|p2a: Serperior\n|\n|-heal|p2a: Serperior|30\/100|[from] item: Leftovers\n|upkeep\n|turn|20\n|\n|t:|1699826974\n|move|p2a: Serperior|Taunt|p1a: Heatran\n|-start|p1a: Heatran|move: Taunt\n|move|p1a: Heatran|Earth Power|p2a: Serperior\n|-resisted|p2a: Serperior\n|-activate|p2a: Serperior|move: Substitute|[damage]\n|\n|-heal|p2a: Serperior|36\/100|[from] item: Leftovers\n|upkeep\n|turn|21\n|\n|t:|1699826982\n|move|p2a: Serperior|Hidden Power|p1a: Heatran\n|-immune|p1a: Heatran|[from] ability: Flash Fire\n|move|p1a: Heatran|Earth Power|p2a: Serperior\n|-resisted|p2a: Serperior\n|-end|p2a: Serperior|Substitute\n|\n|-heal|p2a: Serperior|43\/100|[from] item: Leftovers\n|upkeep\n|turn|22\n|\n|t:|1699826989\n|move|p2a: Serperior|Substitute|p2a: Serperior\n|-start|p2a: Serperior|Substitute\n|-damage|p2a: Serperior|18\/100\n|move|p1a: Heatran|Earth Power|p2a: Serperior|[miss]\n|-miss|p1a: Heatran|p2a: Serperior\n|\n|-heal|p2a: Serperior|24\/100|[from] item: Leftovers\n|-end|p1a: Heatran|move: Taunt\n|upkeep\n|turn|23\n|\n|t:|1699826998\n|move|p2a: Serperior|Taunt|p1a: Heatran\n|-start|p1a: Heatran|move: Taunt\n|cant|p1a: Heatran|move: Taunt|Taunt\n|\n|-heal|p2a: Serperior|30\/100|[from] item: Leftovers\n|upkeep\n|turn|24\n|\n|t:|1699827004\n|move|p2a: Serperior|Hidden Power|p1a: Heatran\n|-immune|p1a: Heatran|[from] ability: Flash Fire\n|move|p1a: Heatran|Earth Power|p2a: Serperior|[miss]\n|-miss|p1a: Heatran|p2a: Serperior\n|\n|-heal|p2a: Serperior|36\/100|[from] item: Leftovers\n|upkeep\n|turn|25\n|\n|t:|1699827011\n|move|p2a: Serperior|Hidden Power|p1a: Heatran\n|-immune|p1a: Heatran|[from] ability: Flash Fire\n|move|p1a: Heatran|Earth Power|p2a: Serperior\n|-resisted|p2a: Serperior\n|-activate|p2a: Serperior|move: Substitute|[damage]\n|\n|-heal|p2a: Serperior|42\/100|[from] item: Leftovers\n|-end|p1a: Heatran|move: Taunt\n|upkeep\n|turn|26\n|\n|t:|1699827017\n|move|p2a: Serperior|Taunt|p1a: Heatran\n|-start|p1a: Heatran|move: Taunt\n|cant|p1a: Heatran|move: Taunt|Taunt\n|\n|-heal|p2a: Serperior|48\/100|[from] item: Leftovers\n|upkeep\n|turn|27\n|\n|t:|1699827026\n|move|p2a: Serperior|Hidden Power|p1a: Heatran\n|-immune|p1a: Heatran|[from] ability: Flash Fire\n|move|p1a: Heatran|Earth Power|p2a: Serperior\n|-resisted|p2a: Serperior\n|-end|p2a: Serperior|Substitute\n|\n|-heal|p2a: Serperior|55\/100|[from] item: Leftovers\n|upkeep\n|turn|28\n|\n|t:|1699827032\n|move|p2a: Serperior|Substitute|p2a: Serperior\n|-start|p2a: Serperior|Substitute\n|-damage|p2a: Serperior|30\/100\n|move|p1a: Heatran|Earth Power|p2a: Serperior\n|-resisted|p2a: Serperior\n|-activate|p2a: Serperior|move: Substitute|[damage]\n|\n|-heal|p2a: Serperior|36\/100|[from] item: Leftovers\n|-end|p1a: Heatran|move: Taunt\n|upkeep\n|turn|29\n|inactive|Battle timer is ON: inactive players will automatically lose when time's up. (requested by cornfactss)\n|\n|t:|1699827036\n|move|p2a: Serperior|Taunt|p1a: Heatran\n|-start|p1a: Heatran|move: Taunt\n|cant|p1a: Heatran|move: Taunt|Taunt\n|\n|-heal|p2a: Serperior|42\/100|[from] item: Leftovers\n|upkeep\n|turn|30\n|\n|t:|1699827043\n|move|p2a: Serperior|Hidden Power|p1a: Heatran\n|-immune|p1a: Heatran|[from] ability: Flash Fire\n|move|p1a: Heatran|Earth Power|p2a: Serperior\n|-resisted|p2a: Serperior\n|-end|p2a: Serperior|Substitute\n|\n|-heal|p2a: Serperior|48\/100|[from] item: Leftovers\n|upkeep\n|turn|31\n|\n|t:|1699827048\n|move|p2a: Serperior|Substitute|p2a: Serperior\n|-start|p2a: Serperior|Substitute\n|-damage|p2a: Serperior|23\/100\n|move|p1a: Heatran|Earth Power|p2a: Serperior\n|-resisted|p2a: Serperior\n|-activate|p2a: Serperior|move: Substitute|[damage]\n|\n|-heal|p2a: Serperior|29\/100|[from] item: Leftovers\n|-end|p1a: Heatran|move: Taunt\n|upkeep\n|turn|32\n|\n|t:|1699827053\n|move|p2a: Serperior|Taunt|p1a: Heatran\n|-start|p1a: Heatran|move: Taunt\n|move|p1a: Heatran|Earth Power|p2a: Serperior\n|-resisted|p2a: Serperior\n|-end|p2a: Serperior|Substitute\n|\n|-heal|p2a: Serperior|35\/100|[from] item: Leftovers\n|upkeep\n|turn|33\n|\n|t:|1699827058\n|move|p2a: Serperior|Substitute|p2a: Serperior\n|-start|p2a: Serperior|Substitute\n|-damage|p2a: Serperior|10\/100\n|move|p1a: Heatran|Earth Power|p2a: Serperior\n|-resisted|p2a: Serperior\n|-activate|p2a: Serperior|move: Substitute|[damage]\n|\n|-heal|p2a: Serperior|17\/100|[from] item: Leftovers\n|upkeep\n|turn|34\n|\n|t:|1699827065\n|move|p2a: Serperior|Hidden Power|p1a: Heatran\n|-immune|p1a: Heatran|[from] ability: Flash Fire\n|move|p1a: Heatran|Magma Storm|p2a: Serperior|[miss]\n|-miss|p1a: Heatran|p2a: Serperior\n|\n|-heal|p2a: Serperior|23\/100|[from] item: Leftovers\n|-end|p1a: Heatran|move: Taunt\n|upkeep\n|turn|35\n|\n|t:|1699827071\n|move|p2a: Serperior|Taunt|p1a: Heatran\n|-start|p1a: Heatran|move: Taunt\n|cant|p1a: Heatran|move: Taunt|Taunt\n|\n|-heal|p2a: Serperior|29\/100|[from] item: Leftovers\n|upkeep\n|turn|36\n|\n|t:|1699827085\n|move|p2a: Serperior|Hidden Power|p1a: Heatran\n|-immune|p1a: Heatran|[from] ability: Flash Fire\n|move|p1a: Heatran|Magma Storm|p2a: Serperior\n|-supereffective|p2a: Serperior\n|-end|p2a: Serperior|Substitute\n|\n|-heal|p2a: Serperior|35\/100|[from] item: Leftovers\n|upkeep\n|turn|37\n|\n|t:|1699827091\n|move|p2a: Serperior|Substitute|p2a: Serperior\n|-start|p2a: Serperior|Substitute\n|-damage|p2a: Serperior|10\/100\n|-activate|p1a: Heatran|move: Struggle\n|move|p1a: Heatran|Struggle|p2a: Serperior\n|-activate|p2a: Serperior|move: Substitute|[damage]\n|-damage|p1a: Heatran|75\/100|[from] recoil\n|\n|-heal|p2a: Serperior|16\/100|[from] item: Leftovers\n|-heal|p1a: Heatran|82\/100|[from] item: Leftovers\n|-end|p1a: Heatran|move: Taunt\n|upkeep\n|turn|38\n|\n|t:|1699827097\n|move|p2a: Serperior|Taunt|p1a: Heatran\n|-start|p1a: Heatran|move: Taunt\n|cant|p1a: Heatran|move: Taunt|Stealth Rock\n|\n|-heal|p2a: Serperior|22\/100|[from] item: Leftovers\n|-heal|p1a: Heatran|88\/100|[from] item: Leftovers\n|upkeep\n|turn|39\n|\n|t:|1699827105\n|move|p2a: Serperior|Hidden Power|p1a: Heatran\n|-immune|p1a: Heatran|[from] ability: Flash Fire\n|-activate|p1a: Heatran|move: Struggle\n|move|p1a: Heatran|Struggle|p2a: Serperior\n|-activate|p2a: Serperior|move: Substitute|[damage]\n|-damage|p1a: Heatran|63\/100|[from] recoil\n|\n|-heal|p2a: Serperior|29\/100|[from] item: Leftovers\n|-heal|p1a: Heatran|69\/100|[from] item: Leftovers\n|upkeep\n|turn|40\n|\n|t:|1699827113\n|move|p2a: Serperior|Hidden Power|p1a: Heatran\n|-immune|p1a: Heatran|[from] ability: Flash Fire\n|-activate|p1a: Heatran|move: Struggle\n|move|p1a: Heatran|Struggle|p2a: Serperior\n|-end|p2a: Serperior|Substitute\n|-damage|p1a: Heatran|44\/100|[from] recoil\n|\n|-heal|p2a: Serperior|35\/100|[from] item: Leftovers\n|-heal|p1a: Heatran|50\/100|[from] item: Leftovers\n|-end|p1a: Heatran|move: Taunt\n|upkeep\n|turn|41\n|\n|t:|1699827121\n|move|p2a: Serperior|Taunt|p1a: Heatran\n|-start|p1a: Heatran|move: Taunt\n|cant|p1a: Heatran|move: Taunt|Taunt\n|\n|-heal|p2a: Serperior|41\/100|[from] item: Leftovers\n|-heal|p1a: Heatran|56\/100|[from] item: Leftovers\n|upkeep\n|turn|42\n|\n|t:|1699827125\n|move|p2a: Serperior|Substitute|p2a: Serperior\n|-start|p2a: Serperior|Substitute\n|-damage|p2a: Serperior|16\/100\n|-activate|p1a: Heatran|move: Struggle\n|move|p1a: Heatran|Struggle|p2a: Serperior\n|-activate|p2a: Serperior|move: Substitute|[damage]\n|-damage|p1a: Heatran|31\/100|[from] recoil\n|\n|-heal|p2a: Serperior|22\/100|[from] item: Leftovers\n|-heal|p1a: Heatran|37\/100|[from] item: Leftovers\n|upkeep\n|turn|43\n|\n|t:|1699827132\n|move|p2a: Serperior|Hidden Power|p1a: Heatran\n|-immune|p1a: Heatran|[from] ability: Flash Fire\n|-activate|p1a: Heatran|move: Struggle\n|move|p1a: Heatran|Struggle|p2a: Serperior\n|-activate|p2a: Serperior|move: Substitute|[damage]\n|-damage|p1a: Heatran|12\/100|[from] recoil\n|\n|-heal|p2a: Serperior|28\/100|[from] item: Leftovers\n|-heal|p1a: Heatran|18\/100|[from] item: Leftovers\n|-end|p1a: Heatran|move: Taunt\n|upkeep\n|turn|44\n|\n|t:|1699827138\n|move|p2a: Serperior|Taunt|p1a: Heatran\n|-start|p1a: Heatran|move: Taunt\n|cant|p1a: Heatran|move: Taunt|Taunt\n|\n|-heal|p2a: Serperior|34\/100|[from] item: Leftovers\n|-heal|p1a: Heatran|25\/100|[from] item: Leftovers\n|upkeep\n|turn|45\n|\n|t:|1699827143\n|move|p2a: Serperior|Hidden Power|p1a: Heatran\n|-immune|p1a: Heatran|[from] ability: Flash Fire\n|-activate|p1a: Heatran|move: Struggle\n|move|p1a: Heatran|Struggle|p2a: Serperior\n|-end|p2a: Serperior|Substitute\n|-damage|p1a: Heatran|0 fnt|[from] recoil\n|faint|p1a: Heatran\n|\n|-heal|p2a: Serperior|41\/100|[from] item: Leftovers\n|upkeep\n|\n|t:|1699827150\n|switch|p1a: Tapu Koko|Tapu Koko|100\/100\n|-fieldstart|move: Electric Terrain|[from] ability: Electric Surge|[of] p1a: Tapu Koko\n|turn|46\n|c|\u2606popo4456|that was fun\n|\n|t:|1699827157\n|move|p1a: Tapu Koko|Taunt|p2a: Serperior\n|-start|p2a: Serperior|move: Taunt\n|move|p2a: Serperior|Leaf Storm|p1a: Tapu Koko\n|-damage|p1a: Tapu Koko|0 fnt\n|-boost|p2a: Serperior|spa|2\n|faint|p1a: Tapu Koko\n|\n|-heal|p2a: Serperior|47\/100|[from] item: Leftovers\n|upkeep\n|\n|t:|1699827162\n|switch|p1a: Sneasler|Sneasler, F|100\/100\n|-enditem|p1a: Sneasler|Electric Seed\n|-boost|p1a: Sneasler|def|1|[from] item: Electric Seed\n|turn|47\n|\n|t:|1699827168\n|move|p1a: Sneasler|Acrobatics|p2a: Serperior|[miss]\n|-miss|p1a: Sneasler|p2a: Serperior\n|move|p2a: Serperior|Leaf Storm|p1a: Sneasler\n|-resisted|p1a: Sneasler\n|-damage|p1a: Sneasler|0 fnt\n|faint|p1a: Sneasler\n|\n|-heal|p2a: Serperior|53\/100|[from] item: Leftovers\n|upkeep\n|\n|t:|1699827173\n|switch|p1a: Iron Valiant|Iron Valiant|100\/100\n|-activate|p1a: Iron Valiant|ability: Quark Drive\n|-start|p1a: Iron Valiant|quarkdrivespa\n|turn|48\n|\n|t:|1699827178\n|move|p2a: Serperior|Hidden Power|p1a: Iron Valiant\n|-damage|p1a: Iron Valiant|12\/100\n|move|p1a: Iron Valiant|Aura Sphere|p2a: Serperior\n|-damage|p2a: Serperior|0 fnt\n|faint|p2a: Serperior\n|-damage|p1a: Iron Valiant|3\/100|[from] item: Life Orb\n|\n|upkeep\n|\n|t:|1699827186\n|switch|p2a: Banette|Banette, M|100\/100\n|-damage|p2a: Banette|88\/100|[from] Stealth Rock\n|turn|49\n|\n|t:|1699827193\n|-end|p1a: Iron Valiant|Quark Drive|[silent]\n|switch|p1a: Corsola|Corsola-Galar, M|100\/100\n|detailschange|p2a: Banette|Banette-Mega, M\n|-mega|p2a: Banette|Banette|Banettite\n|move|p2a: Banette|Shadow Sneak|p1a: Corsola\n|-supereffective|p1a: Corsola\n|-damage|p1a: Corsola|67\/100\n|\n|upkeep\n|turn|50\n|\n|t:|1699827199\n|move|p2a: Banette|Shadow Claw|p1a: Corsola\n|-supereffective|p1a: Corsola\n|-damage|p1a: Corsola|5\/100\n|move|p1a: Corsola|Will-O-Wisp|p2a: Banette\n|-status|p2a: Banette|brn\n|\n|-damage|p2a: Banette|82\/100 brn|[from] brn\n|-fieldend|move: Electric Terrain\n|upkeep\n|turn|51\n|\n|t:|1699827204\n|move|p2a: Banette|Shadow Claw|p1a: Corsola\n|-supereffective|p1a: Corsola\n|-damage|p1a: Corsola|0 fnt\n|-start|p2a: Banette|Disable|Shadow Claw|[from] ability: Cursed Body|[of] p1a: Corsola\n|faint|p1a: Corsola\n|\n|-damage|p2a: Banette|76\/100 brn|[from] brn\n|upkeep\n|-message|cornfactss forfeited.\n|\n|win|popo4456\n|raw|cornfactss's rating: 1522 &rarr; <strong>1512<\/strong><br \/>(-10 for losing)\n|raw|popo4456's rating: 1721 &rarr; <strong>1731<\/strong><br \/>(+10 for winning)\n|l|\u2606cornfactss\n","uploadtime":1699827220,"views":35,"p1id":"cornfactss","p2id":"popo4456","formatid":"gen9nationaldex","rating":1512,"private":0,"password":""}