{"id":"gen9nationaldex-1992862744","p1":"Zecao do Showdown","p2":"KingoftheTitans","format":"[Gen 9] National Dex","log":"|j|\u2606Zecao do Showdown\n|j|\u2606KingoftheTitans\n|t:|1700241928\n|gametype|singles\n|player|p1|Zecao do Showdown|ethan|1366\n|player|p2|KingoftheTitans|266|1342\n|teamsize|p1|6\n|teamsize|p2|6\n|gen|9\n|tier|[Gen 9] National Dex\n|rated|\n|rule|HP Percentage Mod: HP is shown in percentages\n|rule|Endless Battle Clause: Forcing endless battles is banned\n|rule|OHKO Clause: OHKO moves are banned\n|rule|Evasion Clause: Evasion abilities, items, and moves are banned\n|rule|Evasion Abilities Clause: Evasion abilities are banned\n|rule|Evasion Items Clause: Evasion items are banned\n|rule|Evasion Moves Clause: Evasion moves are banned\n|rule|Species Clause: Limit one of each Pok\u00e9mon\n|rule|Sleep Clause Mod: Limit one foe put to sleep\n|clearpoke\n|poke|p1|Volcarona, F|\n|poke|p1|Urshifu-*, M|\n|poke|p1|Tornadus-Therian, M|\n|poke|p1|Sableye, M|\n|poke|p1|Tapu Lele|\n|poke|p1|Landorus-Therian, M|\n|poke|p2|Glalie, M|\n|poke|p2|Electrode-Hisui|\n|poke|p2|Registeel|\n|poke|p2|Glimmora, M|\n|poke|p2|Typhlosion-Hisui, M|\n|poke|p2|Landorus-Therian, M|\n|teampreview\n|\n|t:|1700241953\n|start\n|switch|p1a: Sableye|Sableye, M|100\/100\n|switch|p2a: Glimmora|Glimmora, M|100\/100\n|turn|1\n|\n|t:|1700241962\n|detailschange|p1a: Sableye|Sableye-Mega, M\n|-mega|p1a: Sableye|Sableye|Sablenite\n|move|p2a: Glimmora|Mortal Spin|p1a: Sableye\n|-resisted|p1a: Sableye\n|-damage|p1a: Sableye|98\/100\n|-status|p1a: Sableye|psn\n|move|p1a: Sableye|Calm Mind|p1a: Sableye\n|-boost|p1a: Sableye|spa|1\n|-boost|p1a: Sableye|spd|1\n|\n|-damage|p1a: Sableye|85\/100 psn|[from] psn\n|upkeep\n|turn|2\n|\n|t:|1700241972\n|move|p2a: Glimmora|Memento|p1a: Sableye\n|-unboost|p1a: Sableye|atk|2\n|-unboost|p1a: Sableye|spa|2\n|faint|p2a: Glimmora\n|move|p1a: Sableye|Shadow Ball|p2: Glimmora|[notarget]\n|-fail|p1a: Sableye\n|\n|-damage|p1a: Sableye|73\/100 psn|[from] psn\n|upkeep\n|\n|t:|1700242004\n|switch|p2a: Glalie|Glalie, M|100\/100\n|turn|3\n|\n|t:|1700242016\n|switch|p1a: Volcarona|Volcarona, F, shiny|100\/100\n|detailschange|p2a: Glalie|Glalie-Mega, M\n|-mega|p2a: Glalie|Glalie|Glalitite\n|move|p2a: Glalie|Body Slam|p1a: Volcarona\n|-resisted|p1a: Volcarona\n|-damage|p1a: Volcarona|64\/100\n|-status|p1a: Volcarona|par\n|\n|upkeep\n|turn|4\n|\n|t:|1700242024\n|move|p2a: Glalie|Earthquake|p1a: Volcarona\n|-damage|p1a: Volcarona|8\/100 par\n|move|p1a: Volcarona|Quiver Dance|p1a: Volcarona\n|-boost|p1a: Volcarona|spa|1\n|-boost|p1a: Volcarona|spd|1\n|-boost|p1a: Volcarona|spe|1\n|\n|upkeep\n|turn|5\n|\n|t:|1700242033\n|move|p2a: Glalie|Freeze-Dry|p1a: Volcarona\n|-resisted|p1a: Volcarona\n|-damage|p1a: Volcarona|0 fnt\n|faint|p1a: Volcarona\n|\n|upkeep\n|\n|t:|1700242035\n|switch|p1a: Tapu Lele|Tapu Lele|100\/100\n|-fieldstart|move: Psychic Terrain|[from] ability: Psychic Surge|[of] p1a: Tapu Lele\n|turn|6\n|\n|t:|1700242046\n|switch|p2a: Registeel|Registeel|100\/100\n|move|p1a: Tapu Lele|Focus Blast|p2a: Registeel|[miss]\n|-miss|p1a: Tapu Lele|p2a: Registeel\n|\n|upkeep\n|turn|7\n|\n|t:|1700242059\n|switch|p1a: Sableye|Sableye-Mega, M|73\/100 psn\n|move|p2a: Registeel|Iron Head|p1a: Sableye\n|-damage|p1a: Sableye|41\/100 psn\n|\n|-damage|p1a: Sableye|29\/100 psn|[from] psn\n|upkeep\n|turn|8\n|\n|t:|1700242069\n|move|p2a: Registeel|Iron Head|p1a: Sableye\n|-damage|p1a: Sableye|1\/100 psn\n|move|p1a: Sableye|Recover|p1a: Sableye\n|-heal|p1a: Sableye|51\/100 psn\n|\n|-damage|p1a: Sableye|39\/100 psn|[from] psn\n|upkeep\n|turn|9\n|\n|t:|1700242082\n|move|p2a: Registeel|Iron Head|p1a: Sableye\n|-damage|p1a: Sableye|7\/100 psn\n|cant|p1a: Sableye|flinch\n|\n|-damage|p1a: Sableye|0 fnt|[from] psn\n|faint|p1a: Sableye\n|upkeep\n|\n|t:|1700242093\n|switch|p1a: Landorus|Landorus-Therian, M|100\/100\n|-ability|p1a: Landorus|Intimidate|boost\n|-fail|p2a: Registeel|unboost|[from] ability: Clear Body|[of] p2a: Registeel\n|turn|10\n|\n|t:|1700242110\n|move|p1a: Landorus|Stealth Rock|p2a: Registeel\n|-sidestart|p2: KingoftheTitans|move: Stealth Rock\n|move|p2a: Registeel|Explosion|p1a: Landorus\n|-damage|p1a: Landorus|26\/100\n|faint|p2a: Registeel\n|\n|-fieldend|move: Psychic Terrain\n|upkeep\n|\n|t:|1700242117\n|switch|p2a: Glalie|Glalie-Mega, M|100\/100\n|-damage|p2a: Glalie|76\/100|[from] Stealth Rock\n|turn|11\n|\n|t:|1700242129\n|switch|p1a: Urshifu|Urshifu-Rapid-Strike, M|100\/100\n|move|p2a: Glalie|Freeze-Dry|p1a: Urshifu\n|-supereffective|p1a: Urshifu\n|-crit|p1a: Urshifu\n|-damage|p1a: Urshifu|0 fnt\n|faint|p1a: Urshifu\n|\n|upkeep\n|\n|t:|1700242135\n|switch|p1a: Tapu Lele|Tapu Lele|100\/100\n|-fieldstart|move: Psychic Terrain|[from] ability: Psychic Surge|[of] p1a: Tapu Lele\n|turn|12\n|\n|t:|1700242142\n|switch|p2a: Typhlosion|Typhlosion-Hisui, M|100\/100\n|-damage|p2a: Typhlosion|76\/100|[from] Stealth Rock\n|move|p1a: Tapu Lele|Psychic|p2a: Typhlosion\n|-damage|p2a: Typhlosion|0 fnt\n|faint|p2a: Typhlosion\n|\n|upkeep\n|\n|t:|1700242150\n|switch|p2a: Electrode|Electrode-Hisui|100\/100\n|-damage|p2a: Electrode|88\/100|[from] Stealth Rock\n|turn|13\n|\n|t:|1700242160\n|switch|p1a: Landorus|Landorus-Therian, M|26\/100\n|-ability|p1a: Landorus|Intimidate|boost\n|-unboost|p2a: Electrode|atk|1\n|move|p2a: Electrode|Chloroblast|p1a: Landorus\n|-damage|p1a: Landorus|0 fnt\n|faint|p1a: Landorus\n|-damage|p2a: Electrode|38\/100|[from] Recoil\n|-damage|p2a: Electrode|28\/100|[from] item: Life Orb\n|\n|upkeep\n|\n|t:|1700242172\n|switch|p1a: Tornadus|Tornadus-Therian, M, shiny|100\/100\n|turn|14\n|\n|t:|1700242175\n|move|p2a: Electrode|Thunderbolt|p1a: Tornadus\n|-supereffective|p1a: Tornadus\n|-damage|p1a: Tornadus|9\/100\n|-status|p1a: Tornadus|par\n|-damage|p2a: Electrode|18\/100|[from] item: Life Orb\n|move|p1a: Tornadus|U-turn|p2a: Electrode\n|-supereffective|p2a: Electrode\n|-damage|p2a: Electrode|0 fnt\n|-damage|p1a: Tornadus|0 fnt|[from] ability: Aftermath|[of] p2a: Electrode\n|faint|p2a: Electrode\n|faint|p1a: Tornadus\n|\n|upkeep\n|\n|t:|1700242186\n|switch|p2a: Glalie|Glalie-Mega, M|76\/100\n|switch|p1a: Tapu Lele|Tapu Lele|100\/100\n|-damage|p2a: Glalie|51\/100|[from] Stealth Rock\n|turn|15\n|\n|t:|1700242193\n|move|p1a: Tapu Lele|Psychic|p2a: Glalie\n|-damage|p2a: Glalie|0 fnt\n|faint|p2a: Glalie\n|\n|upkeep\n|\n|t:|1700242196\n|switch|p2a: Landorus|Landorus-Therian, M|100\/100\n|-damage|p2a: Landorus|88\/100|[from] Stealth Rock\n|-ability|p2a: Landorus|Intimidate|boost\n|-unboost|p1a: Tapu Lele|atk|1\n|turn|16\n|\n|t:|1700242203\n|-terastallize|p2a: Landorus|Normal\n|move|p1a: Tapu Lele|Psychic|p2a: Landorus\n|-damage|p2a: Landorus|31\/100\n|move|p2a: Landorus|Explosion|p1a: Tapu Lele\n|-crit|p1a: Tapu Lele\n|-damage|p1a: Tapu Lele|0 fnt\n|faint|p2a: Landorus\n|faint|p1a: Tapu Lele\n|\n|win|Zecao do Showdown\n|raw|Zecao do Showdown's rating: 1366 &rarr; <strong>1385<\/strong><br \/>(+19 for winning)\n|raw|KingoftheTitans's rating: 1342 &rarr; <strong>1323<\/strong><br \/>(-19 for losing)\n|l|\u2606Zecao do Showdown\n|c|\u2606KingoftheTitans|gg\n","uploadtime":1700242222,"views":8,"p1id":"zecaodoshowdown","p2id":"kingofthetitans","formatid":"gen9nationaldex","rating":1323,"private":0,"password":""}