{"id":"gen9nationaldex-1994439864","p1":"excellent apple","p2":"djksks","format":"[Gen 9] National Dex","log":"|j|\u2606excellent apple\n|j|\u2606djksks\n|t:|1700444138\n|gametype|singles\n|player|p1|excellent apple|swimmerf-gen4dp|1247\n|player|p2|djksks|sage|1326\n|teamsize|p1|6\n|teamsize|p2|6\n|gen|9\n|tier|[Gen 9] National Dex\n|rated|\n|rule|HP Percentage Mod: HP is shown in percentages\n|rule|Endless Battle Clause: Forcing endless battles is banned\n|rule|OHKO Clause: OHKO moves are banned\n|rule|Evasion Clause: Evasion abilities, items, and moves are banned\n|rule|Evasion Abilities Clause: Evasion abilities are banned\n|rule|Evasion Items Clause: Evasion items are banned\n|rule|Evasion Moves Clause: Evasion moves are banned\n|rule|Species Clause: Limit one of each Pok\u00e9mon\n|rule|Sleep Clause Mod: Limit one foe put to sleep\n|clearpoke\n|poke|p1|Ninetales, F|\n|poke|p1|Venusaur, M|\n|poke|p1|Nidoking, M|\n|poke|p1|Suicune|\n|poke|p1|Zapdos|\n|poke|p1|Dragonite, M|\n|poke|p2|Dudunsparce-*, F|\n|poke|p2|Lickitung, M|\n|poke|p2|Banette, M|\n|poke|p2|Jirachi|\n|poke|p2|Sinistcha|\n|poke|p2|Hoopa-Unbound|\n|teampreview\n|\n|t:|1700444158\n|start\n|switch|p1a: Venusaur|Venusaur, M|100\/100\n|switch|p2a: Dudunsparce|Dudunsparce-Three-Segment, F|100\/100\n|turn|1\n|\n|t:|1700444165\n|detailschange|p1a: Venusaur|Venusaur-Mega, M\n|-mega|p1a: Venusaur|Venusaur|Venusaurite\n|move|p2a: Dudunsparce|Glare|p1a: Venusaur\n|-status|p1a: Venusaur|par\n|cant|p1a: Venusaur|par\n|\n|upkeep\n|turn|2\n|\n|t:|1700444171\n|move|p2a: Dudunsparce|Headbutt|p1a: Venusaur\n|-damage|p1a: Venusaur|86\/100 par\n|cant|p1a: Venusaur|flinch\n|\n|upkeep\n|turn|3\n|\n|t:|1700444175\n|move|p2a: Dudunsparce|Headbutt|p1a: Venusaur\n|-damage|p1a: Venusaur|72\/100 par\n|cant|p1a: Venusaur|flinch\n|\n|upkeep\n|turn|4\n|\n|t:|1700444179\n|move|p2a: Dudunsparce|Headbutt|p1a: Venusaur\n|-damage|p1a: Venusaur|57\/100 par\n|cant|p1a: Venusaur|flinch\n|\n|upkeep\n|turn|5\n|\n|t:|1700444183\n|move|p2a: Dudunsparce|Headbutt|p1a: Venusaur\n|-damage|p1a: Venusaur|42\/100 par\n|cant|p1a: Venusaur|flinch\n|\n|upkeep\n|turn|6\n|\n|t:|1700444187\n|move|p2a: Dudunsparce|Headbutt|p1a: Venusaur\n|-damage|p1a: Venusaur|26\/100 par\n|cant|p1a: Venusaur|flinch\n|\n|upkeep\n|turn|7\n|\n|t:|1700444191\n|move|p2a: Dudunsparce|Headbutt|p1a: Venusaur\n|-damage|p1a: Venusaur|11\/100 par\n|cant|p1a: Venusaur|flinch\n|\n|upkeep\n|turn|8\n|\n|t:|1700444195\n|move|p2a: Dudunsparce|Headbutt|p1a: Venusaur\n|-damage|p1a: Venusaur|0 fnt\n|faint|p1a: Venusaur\n|\n|upkeep\n|c|\u2606excellent apple|\uff1f\uff1f\uff1f\n|c|\u2606djksks|\uff1f\n|\n|t:|1700444221\n|switch|p1a: Dragonite|Dragonite, M|100\/100\n|turn|9\n|inactive|Battle timer is ON: inactive players will automatically lose when time's up. (requested by excellent apple)\n|\n|t:|1700444227\n|move|p1a: Dragonite|Curse|p1a: Dragonite\n|-unboost|p1a: Dragonite|spe|1\n|-boost|p1a: Dragonite|atk|1\n|-boost|p1a: Dragonite|def|1\n|move|p2a: Dudunsparce|Glare|p1a: Dragonite\n|-status|p1a: Dragonite|par\n|\n|upkeep\n|turn|10\n|\n|t:|1700444236\n|-terastallize|p1a: Dragonite|Normal\n|move|p1a: Dragonite|Extreme Speed|p2a: Dudunsparce\n|-damage|p2a: Dudunsparce|25\/100\n|move|p2a: Dudunsparce|Coil|p2a: Dudunsparce\n|-boost|p2a: Dudunsparce|atk|1\n|-boost|p2a: Dudunsparce|def|1\n|-boost|p2a: Dudunsparce|accuracy|1\n|\n|-heal|p2a: Dudunsparce|32\/100|[from] item: Leftovers\n|upkeep\n|turn|11\n|\n|t:|1700444244\n|switch|p2a: Sinistcha|Sinistcha|100\/100\n|move|p1a: Dragonite|Curse|p1a: Dragonite\n|-unboost|p1a: Dragonite|spe|1\n|-boost|p1a: Dragonite|atk|1\n|-boost|p1a: Dragonite|def|1\n|\n|upkeep\n|turn|12\n|\n|t:|1700444257\n|move|p2a: Sinistcha|Calm Mind|p2a: Sinistcha\n|-boost|p2a: Sinistcha|spa|1\n|-boost|p2a: Sinistcha|spd|1\n|move|p1a: Dragonite|Earthquake|p2a: Sinistcha\n|-resisted|p2a: Sinistcha\n|-damage|p2a: Sinistcha|72\/100\n|\n|upkeep\n|turn|13\n|\n|t:|1700444265\n|move|p2a: Sinistcha|Strength Sap|p1a: Dragonite\n|-unboost|p1a: Dragonite|atk|1\n|-heal|p2a: Sinistcha|100\/100\n|move|p1a: Dragonite|Earthquake|p2a: Sinistcha\n|-resisted|p2a: Sinistcha\n|-damage|p2a: Sinistcha|80\/100\n|\n|upkeep\n|turn|14\n|\n|t:|1700444274\n|switch|p1a: Ninetales|Ninetales, F|100\/100\n|-item|p1a: Ninetales|Air Balloon\n|move|p2a: Sinistcha|Calm Mind|p2a: Sinistcha\n|-boost|p2a: Sinistcha|spa|1\n|-boost|p2a: Sinistcha|spd|1\n|\n|upkeep\n|turn|15\n|\n|t:|1700444291\n|move|p2a: Sinistcha|Matcha Gotcha|p1a: Ninetales\n|-resisted|p1a: Ninetales\n|-damage|p1a: Ninetales|73\/100\n|-heal|p2a: Sinistcha|94\/100|[from] drain|[of] p1a: Ninetales\n|-enditem|p1a: Ninetales|Air Balloon\n|-damage|p2a: Sinistcha|84\/100|[from] item: Life Orb\n|move|p1a: Ninetales|Roar|p2a: Sinistcha\n|drag|p2a: Jirachi|Jirachi|100\/100\n|\n|upkeep\n|turn|16\n|\n|t:|1700444303\n|move|p2a: Jirachi|Thunder Wave|p1a: Ninetales\n|-status|p1a: Ninetales|par\n|cant|p1a: Ninetales|par\n|\n|upkeep\n|turn|17\n|\n|t:|1700444309\n|move|p2a: Jirachi|Iron Head|p1a: Ninetales\n|-resisted|p1a: Ninetales\n|-damage|p1a: Ninetales|53\/100 par\n|cant|p1a: Ninetales|flinch\n|\n|upkeep\n|turn|18\n|\n|t:|1700444315\n|move|p2a: Jirachi|Iron Head|p1a: Ninetales\n|-resisted|p1a: Ninetales\n|-damage|p1a: Ninetales|34\/100 par\n|cant|p1a: Ninetales|flinch\n|\n|upkeep\n|turn|19\n|\n|t:|1700444320\n|move|p2a: Jirachi|Iron Head|p1a: Ninetales\n|-resisted|p1a: Ninetales\n|-crit|p1a: Ninetales\n|-damage|p1a: Ninetales|4\/100 par\n|cant|p1a: Ninetales|flinch\n|\n|upkeep\n|turn|20\n|\n|t:|1700444326\n|move|p2a: Jirachi|Iron Head|p1a: Ninetales\n|-resisted|p1a: Ninetales\n|-damage|p1a: Ninetales|0 fnt\n|faint|p1a: Ninetales\n|\n|upkeep\n|\n|t:|1700444334\n|switch|p1a: Nidoking|Nidoking, M|100\/100\n|turn|21\n|\n|t:|1700444341\n|move|p2a: Jirachi|U-turn|p1a: Nidoking\n|-resisted|p1a: Nidoking\n|-damage|p1a: Nidoking|88\/100\n|\n|t:|1700444344\n|switch|p2a: Lickitung|Lickitung, M|100\/100|[from] U-turn\n|move|p1a: Nidoking|Earth Power|p2a: Lickitung\n|-damage|p2a: Lickitung|54\/100\n|\n|upkeep\n|turn|22\n|\n|t:|1700444352\n|switch|p1a: Dragonite|Dragonite, M, tera:Normal|100\/100 par\n|move|p2a: Lickitung|Wish|p2a: Lickitung\n|\n|upkeep\n|turn|23\n|\n|t:|1700444359\n|move|p1a: Dragonite|Curse|p1a: Dragonite\n|-unboost|p1a: Dragonite|spe|1\n|-boost|p1a: Dragonite|atk|1\n|-boost|p1a: Dragonite|def|1\n|move|p2a: Lickitung|Curse|p2a: Lickitung\n|-unboost|p2a: Lickitung|spe|1\n|-boost|p2a: Lickitung|atk|1\n|-boost|p2a: Lickitung|def|1\n|\n|-heal|p2a: Lickitung|100\/100|[from] move: Wish|[wisher] Lickitung\n|upkeep\n|turn|24\n|\n|t:|1700444366\n|move|p1a: Dragonite|Curse|p1a: Dragonite\n|-unboost|p1a: Dragonite|spe|1\n|-boost|p1a: Dragonite|atk|1\n|-boost|p1a: Dragonite|def|1\n|move|p2a: Lickitung|Curse|p2a: Lickitung\n|-unboost|p2a: Lickitung|spe|1\n|-boost|p2a: Lickitung|atk|1\n|-boost|p2a: Lickitung|def|1\n|\n|upkeep\n|turn|25\n|\n|t:|1700444376\n|move|p1a: Dragonite|Curse|p1a: Dragonite\n|-unboost|p1a: Dragonite|spe|1\n|-boost|p1a: Dragonite|atk|1\n|-boost|p1a: Dragonite|def|1\n|move|p2a: Lickitung|Curse|p2a: Lickitung\n|-unboost|p2a: Lickitung|spe|1\n|-boost|p2a: Lickitung|atk|1\n|-boost|p2a: Lickitung|def|1\n|\n|upkeep\n|turn|26\n|\n|t:|1700444381\n|move|p1a: Dragonite|Curse|p1a: Dragonite\n|-unboost|p1a: Dragonite|spe|1\n|-boost|p1a: Dragonite|atk|1\n|-boost|p1a: Dragonite|def|1\n|move|p2a: Lickitung|Curse|p2a: Lickitung\n|-unboost|p2a: Lickitung|spe|1\n|-boost|p2a: Lickitung|atk|1\n|-boost|p2a: Lickitung|def|1\n|\n|upkeep\n|turn|27\n|\n|t:|1700444388\n|cant|p1a: Dragonite|par\n|move|p2a: Lickitung|Curse|p2a: Lickitung\n|-unboost|p2a: Lickitung|spe|1\n|-boost|p2a: Lickitung|atk|1\n|-boost|p2a: Lickitung|def|1\n|\n|upkeep\n|turn|28\n|\n|t:|1700444393\n|cant|p1a: Dragonite|par\n|move|p2a: Lickitung|Curse|p2a: Lickitung\n|-unboost|p2a: Lickitung|spe|1\n|-boost|p2a: Lickitung|atk|1\n|-boost|p2a: Lickitung|def|1\n|\n|upkeep\n|turn|29\n|\n|t:|1700444396\n|cant|p1a: Dragonite|par\n|move|p2a: Lickitung|Amnesia|p2a: Lickitung\n|-boost|p2a: Lickitung|spd|2\n|\n|upkeep\n|turn|30\n|\n|t:|1700444400\n|cant|p1a: Dragonite|par\n|move|p2a: Lickitung|Amnesia|p2a: Lickitung\n|-boost|p2a: Lickitung|spd|2\n|\n|upkeep\n|turn|31\n|\n|t:|1700444409\n|move|p1a: Dragonite|Curse|p1a: Dragonite\n|-unboost|p1a: Dragonite|spe|1\n|-boost|p1a: Dragonite|atk|1\n|-boost|p1a: Dragonite|def|1\n|move|p2a: Lickitung|Whirlpool|p1a: Dragonite\n|-damage|p1a: Dragonite|97\/100 par\n|-activate|p1a: Dragonite|move: Whirlpool|[of] p2a: Lickitung\n|\n|-damage|p1a: Dragonite|85\/100 par|[from] move: Whirlpool|[partiallytrapped]\n|upkeep\n|turn|32\n|\n|t:|1700444416\n|-terastallize|p2a: Lickitung|Ghost\n|move|p1a: Dragonite|Extreme Speed|p2a: Lickitung\n|-immune|p2a: Lickitung\n|move|p2a: Lickitung|Curse|p1a: Dragonite\n|-start|p1a: Dragonite|Curse|[of] p2a: Lickitung\n|-damage|p2a: Lickitung|50\/100\n|\n|-damage|p1a: Dragonite|60\/100 par|[from] Curse\n|-damage|p1a: Dragonite|48\/100 par|[from] move: Whirlpool|[partiallytrapped]\n|upkeep\n|turn|33\n|\n|t:|1700444425\n|move|p1a: Dragonite|Earthquake|p2a: Lickitung\n|-damage|p2a: Lickitung|33\/100\n|move|p2a: Lickitung|Wish|p2a: Lickitung\n|\n|-damage|p1a: Dragonite|23\/100 par|[from] Curse\n|-damage|p1a: Dragonite|10\/100 par|[from] move: Whirlpool|[partiallytrapped]\n|upkeep\n|turn|34\n|\n|t:|1700444431\n|move|p1a: Dragonite|Roost|p1a: Dragonite\n|-heal|p1a: Dragonite|60\/100 par\n|move|p2a: Lickitung|Amnesia|p2a: Lickitung\n|-boost|p2a: Lickitung|spd|2\n|\n|-heal|p2a: Lickitung|83\/100|[from] move: Wish|[wisher] Lickitung\n|-damage|p1a: Dragonite|35\/100 par|[from] Curse\n|-damage|p1a: Dragonite|23\/100 par|[from] move: Whirlpool|[partiallytrapped]\n|upkeep\n|turn|35\n|\n|t:|1700444437\n|move|p1a: Dragonite|Roost|p1a: Dragonite\n|-heal|p1a: Dragonite|73\/100 par\n|move|p2a: Lickitung|Wish|p2a: Lickitung\n|\n|-damage|p1a: Dragonite|48\/100 par|[from] Curse\n|-end|p1a: Dragonite|Whirlpool|[partiallytrapped]\n|upkeep\n|turn|36\n|\n|t:|1700444452\n|cant|p1a: Dragonite|par\n|move|p2a: Lickitung|Whirlpool|p1a: Dragonite\n|-damage|p1a: Dragonite|42\/100 par\n|-activate|p1a: Dragonite|move: Whirlpool|[of] p2a: Lickitung\n|\n|-heal|p2a: Lickitung|100\/100|[from] move: Wish|[wisher] Lickitung\n|-damage|p1a: Dragonite|17\/100 par|[from] Curse\n|-damage|p1a: Dragonite|5\/100 par|[from] move: Whirlpool|[partiallytrapped]\n|upkeep\n|turn|37\n|\n|t:|1700444460\n|cant|p1a: Dragonite|par\n|move|p2a: Lickitung|Whirlpool|p1a: Dragonite|[miss]\n|-miss|p2a: Lickitung|p1a: Dragonite\n|\n|-damage|p1a: Dragonite|0 fnt|[from] Curse\n|faint|p1a: Dragonite\n|upkeep\n|\n|t:|1700444471\n|switch|p1a: Suicune|Suicune|100\/100\n|turn|38\n|\n|t:|1700444480\n|move|p1a: Suicune|Protect|p1a: Suicune\n|-singleturn|p1a: Suicune|Protect\n|move|p2a: Lickitung|Whirlpool|p1a: Suicune\n|-activate|p1a: Suicune|move: Protect\n|\n|upkeep\n|turn|39\n|\n|t:|1700444485\n|move|p1a: Suicune|Substitute|p1a: Suicune\n|-start|p1a: Suicune|Substitute\n|-damage|p1a: Suicune|75\/100\n|move|p2a: Lickitung|Whirlpool|p1a: Suicune\n|-resisted|p1a: Suicune\n|-activate|p1a: Suicune|move: Substitute|[damage]\n|\n|-heal|p1a: Suicune|82\/100|[from] item: Leftovers\n|upkeep\n|turn|40\n|\n|t:|1700444495\n|move|p1a: Suicune|Calm Mind|p1a: Suicune\n|-boost|p1a: Suicune|spa|1\n|-boost|p1a: Suicune|spd|1\n|move|p2a: Lickitung|Wish|p2a: Lickitung\n|\n|-heal|p1a: Suicune|88\/100|[from] item: Leftovers\n|upkeep\n|turn|41\n|\n|t:|1700444501\n|move|p1a: Suicune|Calm Mind|p1a: Suicune\n|-boost|p1a: Suicune|spa|1\n|-boost|p1a: Suicune|spd|1\n|move|p2a: Lickitung|Curse|p1a: Suicune\n|-start|p1a: Suicune|Curse|[of] p2a: Lickitung\n|-damage|p2a: Lickitung|50\/100\n|\n|-heal|p2a: Lickitung|100\/100|[from] move: Wish|[wisher] Lickitung\n|-heal|p1a: Suicune|94\/100|[from] item: Leftovers\n|-damage|p1a: Suicune|69\/100|[from] Curse\n|upkeep\n|turn|42\n|\n|t:|1700444517\n|move|p1a: Suicune|Scald|p2a: Lickitung\n|-damage|p2a: Lickitung|92\/100\n|move|p2a: Lickitung|Whirlpool|p1a: Suicune\n|-resisted|p1a: Suicune\n|-activate|p1a: Suicune|move: Substitute|[damage]\n|\n|-heal|p1a: Suicune|75\/100|[from] item: Leftovers\n|-damage|p1a: Suicune|50\/100|[from] Curse\n|upkeep\n|turn|43\n|\n|t:|1700444522\n|move|p1a: Suicune|Scald|p2a: Lickitung\n|-damage|p2a: Lickitung|84\/100\n|move|p2a: Lickitung|Wish|p2a: Lickitung\n|\n|-heal|p1a: Suicune|56\/100|[from] item: Leftovers\n|-damage|p1a: Suicune|31\/100|[from] Curse\n|upkeep\n|turn|44\n|\n|t:|1700444530\n|move|p1a: Suicune|Scald|p2a: Lickitung\n|-crit|p2a: Lickitung\n|-damage|p2a: Lickitung|29\/100\n|-status|p2a: Lickitung|brn\n|move|p2a: Lickitung|Whirlpool|p1a: Suicune|[miss]\n|-miss|p2a: Lickitung|p1a: Suicune\n|\n|-heal|p2a: Lickitung|79\/100 brn|[from] move: Wish|[wisher] Lickitung\n|-heal|p1a: Suicune|38\/100|[from] item: Leftovers\n|-damage|p2a: Lickitung|73\/100 brn|[from] brn\n|-damage|p1a: Suicune|13\/100|[from] Curse\n|upkeep\n|turn|45\n|\n|t:|1700444543\n|move|p1a: Suicune|Scald|p2a: Lickitung\n|-damage|p2a: Lickitung|64\/100 brn\n|move|p2a: Lickitung|Wish|p2a: Lickitung\n|\n|-heal|p1a: Suicune|19\/100|[from] item: Leftovers\n|-damage|p2a: Lickitung|58\/100 brn|[from] brn\n|-damage|p1a: Suicune|0 fnt|[from] Curse\n|faint|p1a: Suicune\n|upkeep\n|inactive|excellent apple has 120 seconds left.\n|\n|t:|1700444571\n|switch|p1a: Zapdos|Zapdos|100\/100\n|turn|46\n|\n|t:|1700444576\n|move|p1a: Zapdos|Hurricane|p2a: Lickitung|[miss]\n|-miss|p1a: Zapdos|p2a: Lickitung\n|move|p2a: Lickitung|Whirlpool|p1a: Zapdos\n|-damage|p1a: Zapdos|97\/100\n|-activate|p1a: Zapdos|move: Whirlpool|[of] p2a: Lickitung\n|\n|-heal|p2a: Lickitung|100\/100 brn|[from] move: Wish|[wisher] Lickitung\n|-damage|p2a: Lickitung|94\/100 brn|[from] brn\n|-damage|p1a: Zapdos|85\/100|[from] move: Whirlpool|[partiallytrapped]\n|upkeep\n|turn|47\n|\n|t:|1700444584\n|move|p1a: Zapdos|Hurricane|p2a: Lickitung\n|-damage|p2a: Lickitung|86\/100 brn\n|move|p2a: Lickitung|Wish|p2a: Lickitung\n|\n|-damage|p2a: Lickitung|79\/100 brn|[from] brn\n|-damage|p1a: Zapdos|72\/100|[from] move: Whirlpool|[partiallytrapped]\n|upkeep\n|turn|48\n|-message|excellent apple forfeited.\n|\n|win|djksks\n|raw|excellent apple's rating: 1247 &rarr; <strong>1228<\/strong><br \/>(-19 for losing)\n|raw|djksks's rating: 1326 &rarr; <strong>1342<\/strong><br \/>(+16 for winning)\n|l|\u2606excellent apple\n","uploadtime":1700444592,"views":12,"p1id":"excellentapple","p2id":"djksks","formatid":"gen9nationaldex","rating":1228,"private":0,"password":""}