{"id":"gen9nationaldex-1998081865","p1":"rarre's microwave","p2":"rarre","format":"[Gen 9] National Dex","log":"|j|\u2606rarre's microwave\n|j|\u2606rarre\n|t:|1700888324\n|gametype|singles\n|player|p1|rarre's microwave|gloria-masters|\n|player|p2|rarre|anthea|\n|teamsize|p1|6\n|teamsize|p2|6\n|gen|9\n|tier|[Gen 9] National Dex\n|rule|HP Percentage Mod: HP is shown in percentages\n|rule|Endless Battle Clause: Forcing endless battles is banned\n|rule|OHKO Clause: OHKO moves are banned\n|rule|Evasion Clause: Evasion abilities, items, and moves are banned\n|rule|Evasion Abilities Clause: Evasion abilities are banned\n|rule|Evasion Items Clause: Evasion items are banned\n|rule|Evasion Moves Clause: Evasion moves are banned\n|rule|Species Clause: Limit one of each Pok\u00e9mon\n|rule|Sleep Clause Mod: Limit one foe put to sleep\n|clearpoke\n|poke|p1|Venipede, L5, F|\n|poke|p1|Mienfoo, L5, F|\n|poke|p1|Growlithe-Hisui, L5, F|\n|poke|p1|Staryu, L5|\n|poke|p1|Voltorb-Hisui, L5|\n|poke|p1|Pawniard, L5, F|\n|poke|p2|Gastly, L5, M|\n|poke|p2|Ponyta, L5, M|\n|poke|p2|Mienfoo, L5, M|\n|poke|p2|Diglett, L5, M|\n|poke|p2|Vullaby, L5, F|\n|poke|p2|Spritzee, L5, F|\n|teampreview\n|inactive|Battle timer is ON: inactive players will automatically lose when time's up. (requested by rarre's microwave)\n|inactive|rarre also wants the timer to be on.\n|\n|t:|1700888330\n|start\n|switch|p1a: Average OM Main|Venipede, L5, F|100\/100\n|switch|p2a: Diglett|Diglett, L5, M|100\/100\n|turn|1\n|\n|t:|1700888339\n|move|p2a: Diglett|Rock Blast|p1a: Average OM Main\n|-supereffective|p1a: Average OM Main\n|-damage|p1a: Average OM Main|74\/100\n|-supereffective|p1a: Average OM Main\n|-crit|p1a: Average OM Main\n|-damage|p1a: Average OM Main|32\/100\n|-supereffective|p1a: Average OM Main\n|-damage|p1a: Average OM Main|6\/100\n|-hitcount|p1a: Average OM Main|3\n|-damage|p2a: Diglett|95\/100|[from] item: Life Orb\n|move|p1a: Average OM Main|Spikes|p2a: Diglett\n|-sidestart|p2: rarre|Spikes\n|\n|-ability|p1a: Average OM Main|Speed Boost|boost\n|-boost|p1a: Average OM Main|spe|1\n|upkeep\n|turn|2\n|c|\u2606rarre|Average om main :sob:\n|\n|t:|1700888346\n|move|p2a: Diglett|Sucker Punch||[still]\n|-fail|p2a: Diglett\n|move|p1a: Average OM Main|Spikes|p2a: Diglett\n|-sidestart|p2: rarre|Spikes\n|\n|-ability|p1a: Average OM Main|Speed Boost|boost\n|-boost|p1a: Average OM Main|spe|1\n|upkeep\n|turn|3\n|\n|t:|1700888349\n|move|p1a: Average OM Main|Spikes|p2a: Diglett\n|-sidestart|p2: rarre|Spikes\n|move|p2a: Diglett|Earthquake|p1a: Average OM Main\n|-damage|p1a: Average OM Main|0 fnt\n|faint|p1a: Average OM Main\n|-damage|p2a: Diglett|89\/100|[from] item: Life Orb\n|\n|upkeep\n|c|\u2606rarre's microwave|lmao\n|c|\u2606rarre's microwave|thats actually perfect\n|c|\u2606rarre's microwave|i forgot i named it that\n|\n|t:|1700888363\n|switch|p1a: Yellow Jacket|Voltorb-Hisui, L5, shiny|100\/100\n|turn|4\n|\n|t:|1700888372\n|move|p2a: Diglett|Earthquake|p1a: Yellow Jacket\n|-damage|p1a: Yellow Jacket|39\/100\n|-damage|p2a: Diglett|84\/100|[from] item: Life Orb\n|move|p1a: Yellow Jacket|Leaf Storm|p2a: Diglett\n|-supereffective|p2a: Diglett\n|-damage|p2a: Diglett|0 fnt\n|-unboost|p1a: Yellow Jacket|spa|2\n|faint|p2a: Diglett\n|\n|upkeep\n|\n|t:|1700888375\n|switch|p2a: Vullaby|Vullaby, L5, F|100\/100\n|turn|5\n|\n|t:|1700888380\n|move|p1a: Yellow Jacket|Volt Switch|p2a: Vullaby\n|-supereffective|p2a: Vullaby\n|-damage|p2a: Vullaby|48\/100\n|-enditem|p2a: Vullaby|Berry Juice\n|-heal|p2a: Vullaby|100\/100|[from] item: Berry Juice\n|\n|t:|1700888384\n|switch|p1a: Odt|Staryu, L5|100\/100|[from] Volt Switch\n|move|p2a: Vullaby|Defog|p1a: Odt\n|-unboost|p1a: Odt|evasion|1\n|-sideend|p2: rarre|Spikes|[from] move: Defog|[of] p2a: Vullaby\n|\n|upkeep\n|turn|6\n|\n|t:|1700888390\n|move|p1a: Odt|Thunderbolt|p2a: Vullaby\n|-supereffective|p2a: Vullaby\n|-damage|p2a: Vullaby|0 fnt\n|faint|p2a: Vullaby\n|-damage|p1a: Odt|90\/100|[from] item: Life Orb\n|\n|upkeep\n|\n|t:|1700888400\n|switch|p2a: Spritzee|Spritzee, L5, F|100\/100\n|turn|7\n|\n|t:|1700888405\n|move|p1a: Odt|Hydro Pump|p2a: Spritzee\n|-damage|p2a: Spritzee|56\/100\n|-damage|p1a: Odt|80\/100|[from] item: Life Orb\n|move|p2a: Spritzee|Moonblast|p1a: Odt\n|-damage|p1a: Odt|15\/100\n|\n|upkeep\n|turn|8\n|\n|t:|1700888408\n|move|p1a: Odt|Hydro Pump|p2a: Spritzee\n|-damage|p2a: Spritzee|12\/100\n|-damage|p1a: Odt|5\/100|[from] item: Life Orb\n|move|p2a: Spritzee|Wish|p2a: Spritzee\n|\n|upkeep\n|turn|9\n|c|\u2606rarre's microwave|holy fat\n|\n|t:|1700888414\n|switch|p1a: En Passant|Pawniard, L5, F|100\/100\n|move|p2a: Spritzee|Protect||[still]\n|-fail|p2a: Spritzee\n|\n|-heal|p2a: Spritzee|60\/100|[from] move: Wish|[wisher] Spritzee\n|upkeep\n|turn|10\n|\n|t:|1700888419\n|switch|p2a: Mienfoo|Mienfoo, L5, M|100\/100\n|move|p1a: En Passant|Swords Dance|p1a: En Passant\n|-boost|p1a: En Passant|atk|2\n|\n|upkeep\n|turn|11\n|\n|t:|1700888423\n|-terastallize|p1a: En Passant|Flying\n|move|p2a: Mienfoo|Fake Out|p1a: En Passant\n|-damage|p1a: En Passant|86\/100\n|cant|p1a: En Passant|flinch\n|\n|upkeep\n|turn|12\n|\n|t:|1700888427\n|move|p2a: Mienfoo|Knock Off|p1a: En Passant\n|-damage|p1a: En Passant|58\/100\n|-enditem|p1a: En Passant|Eviolite|[from] move: Knock Off|[of] p2a: Mienfoo\n|move|p1a: En Passant|Iron Head|p2a: Mienfoo\n|-damage|p2a: Mienfoo|24\/100\n|\n|upkeep\n|turn|13\n|\n|t:|1700888431\n|move|p2a: Mienfoo|Fake Out||[still]\n|-hint|Fake Out only works on your first turn out.\n|-fail|p2a: Mienfoo\n|move|p1a: En Passant|Iron Head|p2a: Mienfoo\n|-damage|p2a: Mienfoo|0 fnt\n|faint|p2a: Mienfoo\n|\n|upkeep\n|\n|t:|1700888434\n|switch|p2a: Ponyta|Ponyta, L5, M|100\/100\n|turn|14\n|\n|t:|1700888436\n|move|p2a: Ponyta|Flare Blitz|p1a: En Passant\n|-damage|p1a: En Passant|0 fnt\n|faint|p1a: En Passant\n|-damage|p2a: Ponyta|81\/100|[from] Recoil\n|\n|upkeep\n|\n|t:|1700888438\n|switch|p1a: THE DAWG|Growlithe-Hisui, L5, F|100\/100\n|turn|15\n|c|\u2606rarre|Miss\n|c|\u2606rarre's microwave|bet\n|\n|t:|1700888451\n|switch|p1a: Yellow Jacket|Voltorb-Hisui, L5, shiny|39\/100\n|move|p2a: Ponyta|Flame Charge|p1a: Yellow Jacket\n|-supereffective|p1a: Yellow Jacket\n|-damage|p1a: Yellow Jacket|0 fnt\n|-boost|p2a: Ponyta|spe|1\n|-status|p2a: Ponyta|par|[from] ability: Static|[of] p1a: Yellow Jacket\n|faint|p1a: Yellow Jacket\n|\n|upkeep\n|\n|t:|1700888454\n|switch|p1a: THE DAWG|Growlithe-Hisui, L5, F|100\/100\n|turn|16\n|c|\u2606rarre's microwave|oh\n|c|\u2606rarre's microwave|where hhp\n|c|\u2606rarre|I had it\n|c|\u2606rarre|but I can flame charge first\n|c|\u2606rarre's microwave|im not scarf\n|c|\u2606rarre|What\n|inactive|rarre has 270 seconds left.\n|\n|t:|1700888486\n|move|p1a: THE DAWG|Head Smash|p2a: Ponyta\n|-supereffective|p2a: Ponyta\n|-crit|p2a: Ponyta\n|-damage|p2a: Ponyta|0 fnt\n|faint|p2a: Ponyta\n|\n|upkeep\n|c|\u2606rarre's microwave|im evio\n|inactive|rarre has 270 seconds left.\n|\n|t:|1700888497\n|switch|p2a: Spritzee|Spritzee, L5, F|60\/100\n|turn|17\n|\n|t:|1700888500\n|move|p1a: THE DAWG|Head Smash|p2a: Spritzee\n|-damage|p2a: Spritzee|12\/100\n|move|p2a: Spritzee|Moonblast|p1a: THE DAWG\n|-resisted|p1a: THE DAWG\n|-damage|p1a: THE DAWG|78\/100\n|-unboost|p1a: THE DAWG|spa|1\n|\n|upkeep\n|turn|18\n|\n|t:|1700888503\n|move|p1a: THE DAWG|Flame Charge|p2a: Spritzee\n|-damage|p2a: Spritzee|0 fnt\n|-boost|p1a: THE DAWG|spe|1\n|faint|p2a: Spritzee\n|\n|upkeep\n|\n|t:|1700888505\n|switch|p2a: Gastly|Gastly, L5, M|100\/100\n|turn|19\n|\n|t:|1700888508\n|move|p2a: Gastly|Shadow Ball|p1a: THE DAWG\n|-damage|p1a: THE DAWG|32\/100\n|move|p1a: THE DAWG|Flare Blitz|p2a: Gastly\n|-damage|p2a: Gastly|0 fnt\n|faint|p2a: Gastly\n|\n|win|rarre's microwave\n|c|\u2606rarre's microwave|gg\n|c|\u2606rarre|gg\n|c|\u2606rarre's microwave|give me rights so i can post the replay\n|c|\u2606rarre|No\n|c|\u2606rarre's microwave|asshole\n|c|\u2606rarre|Beat me in dpp ou\n|c|\u2606rarre's microwave|ok\n|l|\u2606rarre's microwave\n|l|\u2606rarre\n|j|\u2606rarre's microwave\n|player|p1|rarre's microwave|gloria-masters\n","uploadtime":1700889677,"views":11,"p1id":"rarresmicrowave","p2id":"rarre","formatid":"gen9nationaldex","rating":0,"private":0,"password":""}