{"id":"gen9nationaldex-1996043623","p1":"Tamagochan_the_3rd","p2":"FlyingSudowoodo","format":"[Gen 9] National Dex","log":"|html|<div class=\"broadcast-blue\"><strong>[Gen 9] National Dex is currently suspecting Sneasler! For information on how to participate check out the <a href=\"https:\/\/www.smogon.com\/forums\/threads\/sv-national-dex-suspect-8-just-dance.3731534\/\">suspect thread<\/a>.<\/strong><\/div>\n|j|\u2606Tamagochan_the_3rd\n|j|\u2606FlyingSudowoodo\n|t:|1700634354\n|gametype|singles\n|player|p1|Tamagochan_the_3rd|lusamine-nihilego|1359\n|player|p2|FlyingSudowoodo|brock|1435\n|teamsize|p1|6\n|teamsize|p2|6\n|gen|9\n|tier|[Gen 9] National Dex\n|rated|\n|rule|HP Percentage Mod: HP is shown in percentages\n|rule|Endless Battle Clause: Forcing endless battles is banned\n|rule|OHKO Clause: OHKO moves are banned\n|rule|Evasion Clause: Evasion abilities, items, and moves are banned\n|rule|Evasion Abilities Clause: Evasion abilities are banned\n|rule|Evasion Items Clause: Evasion items are banned\n|rule|Evasion Moves Clause: Evasion moves are banned\n|rule|Species Clause: Limit one of each Pok\u00e9mon\n|rule|Sleep Clause Mod: Limit one foe put to sleep\n|clearpoke\n|poke|p1|Dondozo, M|\n|poke|p1|Tornadus-Therian, M|\n|poke|p1|Beedrill, F|\n|poke|p1|Zamazenta-*|\n|poke|p1|Ursaluna, M|\n|poke|p1|Kyurem|\n|poke|p2|Medicham, M|\n|poke|p2|Alomomola, F|\n|poke|p2|Clodsire, M|\n|poke|p2|Glimmora, M|\n|poke|p2|Tapu Lele|\n|poke|p2|Hawlucha, M|\n|teampreview\n|\n|t:|1700634369\n|start\n|switch|p1a: Tornadus|Tornadus-Therian, M|100\/100\n|switch|p2a: Glimmora|Glimmora, M|100\/100\n|-item|p2a: Glimmora|Air Balloon\n|turn|1\n|inactive|Battle timer is ON: inactive players will automatically lose when time's up. (requested by FlyingSudowoodo)\n|\n|t:|1700634378\n|move|p2a: Glimmora|Power Gem|p1a: Tornadus\n|-supereffective|p1a: Tornadus\n|-damage|p1a: Tornadus|42\/100\n|move|p1a: Tornadus|Taunt|p2a: Glimmora\n|-start|p2a: Glimmora|move: Taunt\n|\n|upkeep\n|turn|2\n|\n|t:|1700634387\n|switch|p1a: Ursaluna|Ursaluna, M|100\/100\n|move|p2a: Glimmora|Power Gem|p1a: Ursaluna\n|-resisted|p1a: Ursaluna\n|-damage|p1a: Ursaluna|84\/100\n|\n|-status|p1a: Ursaluna|brn|[from] item: Flame Orb\n|upkeep\n|turn|3\n|\n|t:|1700634399\n|switch|p2a: Alomomola|Alomomola, F|100\/100\n|move|p1a: Ursaluna|Facade|p2a: Alomomola\n|-damage|p2a: Alomomola|24\/100\n|\n|-damage|p1a: Ursaluna|78\/100 brn|[from] brn\n|upkeep\n|turn|4\n|\n|t:|1700634408\n|move|p2a: Alomomola|Protect|p2a: Alomomola\n|-singleturn|p2a: Alomomola|Protect\n|move|p1a: Ursaluna|Drain Punch|p2a: Alomomola\n|-activate|p2a: Alomomola|move: Protect\n|\n|-damage|p1a: Ursaluna|72\/100 brn|[from] brn\n|upkeep\n|turn|5\n|\n|t:|1700634416\n|move|p1a: Ursaluna|Facade|p2a: Alomomola\n|-damage|p2a: Alomomola|0 fnt\n|faint|p2a: Alomomola\n|\n|-damage|p1a: Ursaluna|66\/100 brn|[from] brn\n|upkeep\n|\n|t:|1700634424\n|switch|p2a: Medicham|Medicham, M|100\/100\n|turn|6\n|\n|t:|1700634434\n|switch|p1a: Tornadus|Tornadus-Therian, M|76\/100\n|detailschange|p2a: Medicham|Medicham-Mega, M\n|-mega|p2a: Medicham|Medicham|Medichamite\n|move|p2a: Medicham|Fake Out|p1a: Tornadus\n|-damage|p1a: Tornadus|48\/100\n|\n|upkeep\n|turn|7\n|\n|t:|1700634449\n|move|p1a: Tornadus|Protect|p1a: Tornadus\n|-singleturn|p1a: Tornadus|Protect\n|move|p2a: Medicham|Zen Headbutt|p1a: Tornadus\n|-activate|p1a: Tornadus|move: Protect\n|\n|upkeep\n|turn|8\n|\n|t:|1700634461\n|move|p2a: Medicham|Zen Headbutt|p1a: Tornadus\n|-damage|p1a: Tornadus|0 fnt\n|faint|p1a: Tornadus\n|\n|upkeep\n|\n|t:|1700634468\n|switch|p1a: Kyurem|Kyurem|100\/100\n|-ability|p1a: Kyurem|Pressure\n|turn|9\n|\n|t:|1700634486\n|switch|p1a: Dondozo|Dondozo, M|100\/100\n|move|p2a: Medicham|Close Combat|p1a: Dondozo\n|-damage|p1a: Dondozo|51\/100\n|-unboost|p2a: Medicham|def|1\n|-unboost|p2a: Medicham|spd|1\n|\n|-heal|p1a: Dondozo|57\/100|[from] item: Leftovers\n|upkeep\n|turn|10\n|\n|t:|1700634498\n|switch|p2a: Clodsire|Clodsire, M|100\/100\n|move|p1a: Dondozo|Rest|p1a: Dondozo\n|-status|p1a: Dondozo|slp|[from] move: Rest\n|-heal|p1a: Dondozo|100\/100 slp|[silent]\n|\n|upkeep\n|turn|11\n|\n|t:|1700634505\n|cant|p1a: Dondozo|slp\n|move|p1a: Dondozo|Sleep Talk|p1a: Dondozo\n|move|p1a: Dondozo|Rest||[from]move: Sleep Talk|[still]\n|-fail|p1a: Dondozo\n|move|p2a: Clodsire|Stealth Rock|p1a: Dondozo\n|-sidestart|p1: Tamagochan_the_3rd|move: Stealth Rock\n|\n|upkeep\n|turn|12\n|\n|t:|1700634514\n|switch|p2a: Tapu Lele|Tapu Lele|100\/100\n|-fieldstart|move: Psychic Terrain|[from] ability: Psychic Surge|[of] p2a: Tapu Lele\n|cant|p1a: Dondozo|slp\n|move|p1a: Dondozo|Sleep Talk|p1a: Dondozo\n|move|p1a: Dondozo|Rest||[from]move: Sleep Talk|[still]\n|-fail|p1a: Dondozo\n|\n|upkeep\n|turn|13\n|\n|t:|1700634535\n|switch|p1a: Kyurem|Kyurem|100\/100\n|-damage|p1a: Kyurem|76\/100|[from] Stealth Rock\n|-ability|p1a: Kyurem|Pressure\n|-terastallize|p2a: Tapu Lele|Psychic\n|move|p2a: Tapu Lele|Psychic|p1a: Kyurem\n|-damage|p1a: Kyurem|9\/100\n|\n|upkeep\n|turn|14\n|\n|t:|1700634551\n|move|p2a: Tapu Lele|Psychic|p1a: Kyurem\n|-damage|p1a: Kyurem|0 fnt\n|faint|p1a: Kyurem\n|\n|upkeep\n|\n|t:|1700634558\n|switch|p1a: Ursaluna|Ursaluna, M|66\/100 brn\n|-damage|p1a: Ursaluna|59\/100 brn|[from] Stealth Rock\n|turn|15\n|\n|t:|1700634564\n|move|p2a: Tapu Lele|Psychic|p1a: Ursaluna\n|-damage|p1a: Ursaluna|0 fnt\n|faint|p1a: Ursaluna\n|\n|upkeep\n|inactive|Tamagochan_the_3rd has 120 seconds left.\n|-message|Tamagochan_the_3rd forfeited.\n|\n|win|FlyingSudowoodo\n|raw|Tamagochan_the_3rd's rating: 1359 &rarr; <strong>1343<\/strong><br \/>(-16 for losing)\n|raw|FlyingSudowoodo's rating: 1435 &rarr; <strong>1451<\/strong><br \/>(+16 for winning)\n|l|\u2606Tamagochan_the_3rd\n","uploadtime":1700634591,"views":0,"p1id":"tamagochanthe3rd","p2id":"flyingsudowoodo","formatid":"gen9nationaldex","rating":1343,"private":0,"password":""}