{"id":"gen9nationaldex-1988103971","p1":"SkyH1gh","p2":"Saphtism","format":"[Gen 9] National Dex","log":"|j|\u2606SkyH1gh\n|j|\u2606Saphtism\n|t:|1699669991\n|gametype|singles\n|player|p1|SkyH1gh|ortega|\n|player|p2|Saphtism|melony|\n|teamsize|p1|6\n|teamsize|p2|6\n|gen|9\n|tier|[Gen 9] National Dex\n|rule|HP Percentage Mod: HP is shown in percentages\n|rule|Endless Battle Clause: Forcing endless battles is banned\n|rule|OHKO Clause: OHKO moves are banned\n|rule|Evasion Clause: Evasion abilities, items, and moves are banned\n|rule|Evasion Abilities Clause: Evasion abilities are banned\n|rule|Evasion Items Clause: Evasion items are banned\n|rule|Evasion Moves Clause: Evasion moves are banned\n|rule|Species Clause: Limit one of each Pok\u00e9mon\n|rule|Sleep Clause Mod: Limit one foe put to sleep\n|clearpoke\n|poke|p1|Tornadus, M|\n|poke|p1|Shiftry, M|\n|poke|p1|Heliolisk, F|\n|poke|p1|Ribombee, F|\n|poke|p1|Ambipom, M|\n|poke|p1|Venusaur, F|\n|poke|p2|Nidoking, M|\n|poke|p2|Clefable, F|\n|poke|p2|Arcanine, M|\n|poke|p2|Tentacruel, M|\n|poke|p2|Hitmonlee, M|\n|poke|p2|Pidgeot, F|\n|teampreview\n|c|\u2606Saphtism|idek what the regular nat dex format is so that's fun\n|c|\u2606Saphtism|also never used this team so\n|c|\u2606SkyH1gh|it's nat dex ou\n|c|\u2606Saphtism|o i see\n|c|\u2606SkyH1gh|nothing special\n|c|\u2606Saphtism|i dont use ou or above anyway so\n|c|\u2606SkyH1gh|me neither\n|\n|t:|1699670035\n|start\n|switch|p1a: Ribombee|Ribombee, F|100\/100\n|switch|p2a: Hitmonlee|Hitmonlee, M|100\/100\n|turn|1\n|\n|t:|1699670044\n|move|p2a: Hitmonlee|Bullet Punch|p1a: Ribombee\n|-supereffective|p1a: Ribombee\n|-damage|p1a: Ribombee|52\/100\n|move|p1a: Ribombee|Sticky Web|p2a: Hitmonlee\n|-sidestart|p2: Saphtism|move: Sticky Web\n|\n|upkeep\n|turn|2\n|\n|t:|1699670050\n|move|p2a: Hitmonlee|Bullet Punch|p1a: Ribombee\n|-supereffective|p1a: Ribombee\n|-damage|p1a: Ribombee|5\/100\n|move|p1a: Ribombee|Tailwind|p1a: Ribombee\n|-sidestart|p1: SkyH1gh|move: Tailwind\n|\n|upkeep\n|turn|3\n|\n|t:|1699670055\n|move|p2a: Hitmonlee|Bullet Punch|p1a: Ribombee\n|-supereffective|p1a: Ribombee\n|-damage|p1a: Ribombee|0 fnt\n|faint|p1a: Ribombee\n|\n|upkeep\n|\n|t:|1699670068\n|switch|p1a: Ambipom|Ambipom, M|100\/100\n|turn|4\n|\n|t:|1699670077\n|move|p2a: Hitmonlee|Endure|p2a: Hitmonlee\n|-singleturn|p2a: Hitmonlee|move: Endure\n|move|p1a: Ambipom|Fake Out|p2a: Hitmonlee\n|-enditem|p1a: Ambipom|Normal Gem|[from] gem\n|-damage|p2a: Hitmonlee|24\/100\n|-enditem|p2a: Hitmonlee|Salac Berry|[eat]\n|-boost|p2a: Hitmonlee|spe|1|[from] item: Salac Berry\n|\n|upkeep\n|turn|5\n|\n|t:|1699670098\n|move|p2a: Hitmonlee|Reversal|p1a: Ambipom\n|-supereffective|p1a: Ambipom\n|-damage|p1a: Ambipom|0 fnt\n|faint|p1a: Ambipom\n|\n|-sideend|p1: SkyH1gh|move: Tailwind\n|upkeep\n|c|\u2606SkyH1gh|why not liechi berry?\n|\n|t:|1699670103\n|switch|p1a: Shiftry|Shiftry, M|100\/100\n|turn|6\n|c|\u2606SkyH1gh|fuck missclick\n|\n|t:|1699670118\n|switch|p1a: Heliolisk|Heliolisk, F|100\/100\n|move|p2a: Hitmonlee|Bullet Punch|p1a: Heliolisk\n|-resisted|p1a: Heliolisk\n|-damage|p1a: Heliolisk|85\/100\n|\n|upkeep\n|turn|7\n|c|\u2606SkyH1gh|also this team I made is not good\n|\n|t:|1699670126\n|move|p2a: Hitmonlee|Reversal|p1a: Heliolisk\n|-supereffective|p1a: Heliolisk\n|-damage|p1a: Heliolisk|0 fnt\n|faint|p1a: Heliolisk\n|\n|upkeep\n|\n|t:|1699670129\n|switch|p1a: Tornadus|Tornadus, M|100\/100\n|turn|8\n|c|\u2606Saphtism|i just kinda slapped this together remembering this funny lil gimmick\n|\n|t:|1699670142\n|move|p1a: Tornadus|Sunny Day|p1a: Tornadus\n|-weather|SunnyDay\n|move|p2a: Hitmonlee|Reversal|p1a: Tornadus\n|-resisted|p1a: Tornadus\n|-damage|p1a: Tornadus|72\/100\n|\n|-weather|SunnyDay|[upkeep]\n|upkeep\n|turn|9\n|\n|t:|1699670153\n|move|p2a: Hitmonlee|Sucker Punch||[still]\n|-fail|p2a: Hitmonlee\n|move|p1a: Tornadus|Tailwind|p1a: Tornadus\n|-sidestart|p1: SkyH1gh|move: Tailwind\n|\n|-weather|SunnyDay|[upkeep]\n|upkeep\n|turn|10\n|c|\u2606Saphtism|ahh, makes sense you'd have another one lol\n|\n|t:|1699670166\n|move|p2a: Hitmonlee|Endure|p2a: Hitmonlee\n|-singleturn|p2a: Hitmonlee|move: Endure\n|move|p1a: Tornadus|Air Slash|p2a: Hitmonlee\n|-supereffective|p2a: Hitmonlee\n|-activate|p2a: Hitmonlee|move: Endure\n|-damage|p2a: Hitmonlee|1\/100\n|\n|-weather|SunnyDay|[upkeep]\n|upkeep\n|turn|11\n|\n|t:|1699670175\n|move|p2a: Hitmonlee|Reversal|p1a: Tornadus\n|-resisted|p1a: Tornadus\n|-damage|p1a: Tornadus|9\/100\n|move|p1a: Tornadus|Air Slash|p2a: Hitmonlee\n|-supereffective|p2a: Hitmonlee\n|-damage|p2a: Hitmonlee|0 fnt\n|faint|p2a: Hitmonlee\n|\n|-weather|SunnyDay|[upkeep]\n|upkeep\n|c|\u2606SkyH1gh|I have two det ups in this team\n|\n|t:|1699670187\n|switch|p2a: Tentacruel|Tentacruel, M|100\/100\n|-activate|p2a: Tentacruel|move: Sticky Web\n|-fail|p2a: Tentacruel|unboost|[from] ability: Clear Body|[of] p2a: Tentacruel\n|turn|12\n|\n|t:|1699670196\n|move|p1a: Tornadus|U-turn|p2a: Tentacruel\n|-resisted|p2a: Tentacruel\n|-crit|p2a: Tentacruel\n|-damage|p2a: Tentacruel|82\/100\n|\n|t:|1699670199\n|switch|p1a: Venusaur|Venusaur, F|100\/100|[from] U-turn\n|move|p2a: Tentacruel|Rapid Spin|p1a: Venusaur\n|-damage|p1a: Venusaur|91\/100\n|-boost|p2a: Tentacruel|spe|1\n|-sideend|p2: Saphtism|Sticky Web|[from] move: Rapid Spin|[of] p2a: Tentacruel\n|\n|-weather|SunnyDay|[upkeep]\n|-sideend|p1: SkyH1gh|move: Tailwind\n|upkeep\n|turn|13\n|\n|t:|1699670233\n|switch|p2a: Exhaust|Clefable, F|100\/100\n|-terastallize|p1a: Venusaur|Grass\n|move|p1a: Venusaur|Solar Beam||[still]\n|-prepare|p1a: Venusaur|Solar Beam\n|-anim|p1a: Venusaur|Solar Beam|p2a: Exhaust\n|-damage|p2a: Exhaust|29\/100\n|\n|-weather|SunnyDay|[upkeep]\n|upkeep\n|turn|14\n|\n|t:|1699670243\n|move|p1a: Venusaur|Sludge Bomb|p2a: Exhaust\n|-supereffective|p2a: Exhaust\n|-damage|p2a: Exhaust|0 fnt\n|faint|p2a: Exhaust\n|\n|-weather|SunnyDay|[upkeep]\n|upkeep\n|\n|t:|1699670264\n|switch|p2a: Tentacruel|Tentacruel, M|82\/100\n|turn|15\n|\n|t:|1699670273\n|switch|p2a: Nidoking|Nidoking, M, shiny|100\/100\n|move|p1a: Venusaur|Earth Power|p2a: Nidoking\n|-supereffective|p2a: Nidoking\n|-damage|p2a: Nidoking|5\/100\n|\n|-weather|none\n|upkeep\n|turn|16\n|c|\u2606SkyH1gh|ha\n|c|\u2606Saphtism|lol\n|\n|t:|1699670282\n|switch|p1a: Shiftry|Shiftry, M|100\/100\n|move|p2a: Nidoking|Fire Blast|p1a: Shiftry\n|-supereffective|p1a: Shiftry\n|-damage|p1a: Shiftry|0 fnt\n|faint|p1a: Shiftry\n|\n|upkeep\n|\n|t:|1699670287\n|switch|p1a: Tornadus|Tornadus, M|9\/100\n|turn|17\n|\n|t:|1699670295\n|move|p1a: Tornadus|Sunny Day|p1a: Tornadus\n|-weather|SunnyDay\n|move|p2a: Nidoking|Hidden Power|p1a: Tornadus\n|-damage|p1a: Tornadus|0 fnt\n|faint|p1a: Tornadus\n|-damage|p2a: Nidoking|0 fnt|[from] item: Life Orb\n|faint|p2a: Nidoking\n|\n|-weather|SunnyDay|[upkeep]\n|upkeep\n|\n|t:|1699670307\n|switch|p2a: Pidgeot|Pidgeot, F|100\/100\n|switch|p1a: Venusaur|Venusaur, F, tera:Grass|91\/100\n|turn|18\n|c|\u2606Saphtism|think im checkmated\n|c|\u2606SkyH1gh|maybe idk?\n|\n|t:|1699670322\n|detailschange|p2a: Pidgeot|Pidgeot-Mega, F\n|-mega|p2a: Pidgeot|Pidgeot|Pidgeotite\n|move|p1a: Venusaur|Weather Ball|p2a: Pidgeot\n|-damage|p2a: Pidgeot|34\/100\n|move|p2a: Pidgeot|Tailwind|p2a: Pidgeot\n|-sidestart|p2: Saphtism|move: Tailwind\n|\n|-weather|SunnyDay|[upkeep]\n|upkeep\n|turn|19\n|c|\u2606SkyH1gh|depends on how bulky your team is\n|c|\u2606Saphtism|ooooh its tight\n|c|\u2606Saphtism|...uh, phrasing\n|\n|t:|1699670337\n|move|p2a: Pidgeot|Hurricane|p1a: Venusaur\n|-supereffective|p1a: Venusaur\n|-damage|p1a: Venusaur|0 fnt\n|faint|p1a: Venusaur\n|\n|win|Saphtism\n|c|\u2606Saphtism|ggs\n|c|\u2606SkyH1gh|if that missed I would've probably won\n|c|\u2606Saphtism|no guard\n|c|\u2606SkyH1gh|oh yeaaaahh\n|c|\u2606Saphtism|fully accurate lol\n|c|\u2606SkyH1gh|forgot that\n","uploadtime":1699670365,"views":7,"p1id":"skyh1gh","p2id":"saphtism","formatid":"gen9nationaldex","rating":0,"private":0,"password":""}