{"id":"gen9nationaldex-1988476216","p1":"Asmitha31","p2":"Bjaa","format":"[Gen 9] National Dex","log":"|j|\u2606Asmitha31\n|j|\u2606Bjaa\n|t:|1699727017\n|gametype|singles\n|player|p1|Asmitha31|265|\n|player|p2|Bjaa|cheren|\n|teamsize|p1|6\n|teamsize|p2|6\n|gen|9\n|tier|[Gen 9] National Dex\n|rule|HP Percentage Mod: HP is shown in percentages\n|rule|Endless Battle Clause: Forcing endless battles is banned\n|rule|OHKO Clause: OHKO moves are banned\n|rule|Evasion Clause: Evasion abilities, items, and moves are banned\n|rule|Evasion Abilities Clause: Evasion abilities are banned\n|rule|Evasion Items Clause: Evasion items are banned\n|rule|Evasion Moves Clause: Evasion moves are banned\n|rule|Species Clause: Limit one of each Pok\u00e9mon\n|rule|Sleep Clause Mod: Limit one foe put to sleep\n|clearpoke\n|poke|p1|Greninja-*, M|\n|poke|p1|Avalugg, F|\n|poke|p1|Diancie|\n|poke|p1|Klefki, F|\n|poke|p1|Talonflame, M|\n|poke|p1|Aegislash, M|\n|poke|p2|Diancie|\n|poke|p2|Hawlucha, M|\n|poke|p2|Greninja-*, M|\n|poke|p2|Klefki, F|\n|poke|p2|Goodra, M|\n|poke|p2|Aegislash, M|\n|teampreview\n|\n|t:|1699727035\n|start\n|switch|p1a: Diancie|Diancie|100\/100\n|switch|p2a: Klefki|Klefki, F, shiny|100\/100\n|turn|1\n|\n|t:|1699727047\n|detailschange|p1a: Diancie|Diancie-Mega\n|-mega|p1a: Diancie|Diancie|Diancite\n|-terastallize|p2a: Klefki|Dark\n|move|p2a: Klefki|Light Screen|p2a: Klefki\n|-sidestart|p2: Bjaa|move: Light Screen\n|move|p1a: Diancie|Earth Power|p2a: Klefki\n|-damage|p2a: Klefki|77\/100\n|\n|upkeep\n|turn|2\n|\n|t:|1699727065\n|switch|p2a: Aegislash|Aegislash, M, shiny|100\/100\n|move|p1a: Diancie|Moonblast|p2a: Aegislash\n|-resisted|p2a: Aegislash\n|-damage|p2a: Aegislash|89\/100\n|-unboost|p2a: Aegislash|spa|1\n|\n|-heal|p2a: Aegislash|95\/100|[from] item: Leftovers\n|upkeep\n|turn|3\n|\n|t:|1699727077\n|switch|p1a: Klefki|Klefki, F|100\/100\n|-formechange|p2a: Aegislash|Aegislash-Blade||[from] ability: Stance Change\n|move|p2a: Aegislash|Iron Head|p1a: Klefki\n|-damage|p1a: Klefki|50\/100\n|\n|-heal|p2a: Aegislash|100\/100|[from] item: Leftovers\n|upkeep\n|turn|4\n|\n|t:|1699727100\n|switch|p2a: Greninja|Greninja, M, shiny|100\/100\n|move|p1a: Klefki|Reflect|p1a: Klefki\n|-sidestart|p1: Asmitha31|Reflect\n|\n|upkeep\n|turn|5\n|\n|t:|1699727108\n|move|p1a: Klefki|Light Screen|p1a: Klefki\n|-sidestart|p1: Asmitha31|move: Light Screen\n|move|p2a: Greninja|Surf|p1a: Klefki\n|-start|p2a: Greninja|typechange|Water|[from] ability: Protean\n|-damage|p1a: Klefki|25\/100\n|-damage|p2a: Greninja|91\/100|[from] item: Life Orb\n|\n|upkeep\n|turn|6\n|\n|t:|1699727121\n|switch|p2a: Klefki|Klefki, F, shiny, tera:Dark|77\/100\n|move|p1a: Klefki|Foul Play|p2a: Klefki\n|-resisted|p2a: Klefki\n|-damage|p2a: Klefki|71\/100\n|\n|upkeep\n|turn|7\n|\n|t:|1699727128\n|switch|p1a: Diancie|Diancie-Mega|100\/100\n|move|p2a: Klefki|Reflect|p2a: Klefki\n|-sidestart|p2: Bjaa|Reflect\n|\n|upkeep\n|turn|8\n|\n|t:|1699727139\n|switch|p2a: Aegislash|Aegislash, M, shiny|100\/100\n|move|p1a: Diancie|Earth Power|p2a: Aegislash\n|-supereffective|p2a: Aegislash\n|-damage|p2a: Aegislash|72\/100\n|\n|-heal|p2a: Aegislash|79\/100|[from] item: Leftovers\n|-sideend|p2: Bjaa|move: Light Screen\n|upkeep\n|turn|9\n|\n|t:|1699727156\n|move|p1a: Diancie|Protect|p1a: Diancie\n|-singleturn|p1a: Diancie|Protect\n|-formechange|p2a: Aegislash|Aegislash-Blade||[from] ability: Stance Change\n|move|p2a: Aegislash|Iron Head|p1a: Diancie\n|-activate|p1a: Diancie|move: Protect\n|\n|-heal|p2a: Aegislash|85\/100|[from] item: Leftovers\n|upkeep\n|turn|10\n|\n|t:|1699727173\n|switch|p1a: Aegislash|Aegislash, M|100\/100\n|-formechange|p2a: Aegislash|Aegislash||[from] ability: Stance Change\n|move|p2a: Aegislash|King's Shield||[still]\n|-fail|p2a: Aegislash\n|\n|-heal|p2a: Aegislash|91\/100|[from] item: Leftovers\n|upkeep\n|turn|11\n|\n|t:|1699727185\n|switch|p2a: Klefki|Klefki, F, shiny, tera:Dark|71\/100\n|-formechange|p1a: Aegislash|Aegislash-Blade||[from] ability: Stance Change\n|move|p1a: Aegislash|Shadow Ball|p2a: Klefki\n|-resisted|p2a: Klefki\n|-damage|p2a: Klefki|46\/100\n|\n|-sideend|p1: Asmitha31|Reflect\n|upkeep\n|turn|12\n|\n|t:|1699727206\n|switch|p1a: Diancie|Diancie-Mega|100\/100\n|move|p2a: Klefki|Light Screen|p2a: Klefki\n|-sidestart|p2: Bjaa|move: Light Screen\n|\n|-sideend|p1: Asmitha31|move: Light Screen\n|upkeep\n|turn|13\n|\n|t:|1699727213\n|switch|p2a: Aegislash|Aegislash, M, shiny|91\/100\n|move|p1a: Diancie|Moonblast|p2a: Aegislash\n|-resisted|p2a: Aegislash\n|-damage|p2a: Aegislash|80\/100\n|-unboost|p2a: Aegislash|spa|1\n|\n|-heal|p2a: Aegislash|87\/100|[from] item: Leftovers\n|upkeep\n|turn|14\n|\n|t:|1699727229\n|switch|p1a: Klefki|Klefki, F|25\/100\n|-formechange|p2a: Aegislash|Aegislash-Blade||[from] ability: Stance Change\n|move|p2a: Aegislash|Iron Head|p1a: Klefki\n|-damage|p1a: Klefki|0 fnt\n|faint|p1a: Klefki\n|\n|-heal|p2a: Aegislash|93\/100|[from] item: Leftovers\n|-sideend|p2: Bjaa|Reflect\n|upkeep\n|\n|t:|1699727242\n|switch|p1a: Avalugg|Avalugg, F|100\/100\n|turn|15\n|\n|t:|1699727253\n|switch|p2a: Klefki|Klefki, F, shiny, tera:Dark|46\/100\n|move|p1a: Avalugg|Iron Defense|p1a: Avalugg\n|-boost|p1a: Avalugg|def|2\n|\n|upkeep\n|turn|16\n|\n|t:|1699727267\n|move|p2a: Klefki|Reflect|p2a: Klefki\n|-sidestart|p2: Bjaa|Reflect\n|move|p1a: Avalugg|Body Press|p2a: Klefki\n|-supereffective|p2a: Klefki\n|-damage|p2a: Klefki|0 fnt\n|faint|p2a: Klefki\n|\n|upkeep\n|\n|t:|1699727277\n|switch|p2a: Greninja|Greninja, M, shiny|91\/100\n|turn|17\n|\n|t:|1699727287\n|move|p2a: Greninja|Surf|p1a: Avalugg\n|-start|p2a: Greninja|typechange|Water|[from] ability: Protean\n|-damage|p1a: Avalugg|19\/100\n|-damage|p2a: Greninja|81\/100|[from] item: Life Orb\n|move|p1a: Avalugg|Body Press|p2a: Greninja\n|-damage|p2a: Greninja|25\/100\n|\n|upkeep\n|turn|18\n|\n|t:|1699727322\n|move|p2a: Greninja|Surf|p1a: Avalugg\n|-damage|p1a: Avalugg|0 fnt\n|faint|p1a: Avalugg\n|-damage|p2a: Greninja|16\/100|[from] item: Life Orb\n|\n|upkeep\n|\n|t:|1699727342\n|switch|p1a: Greninja|Greninja, M|100\/100\n|turn|19\n|\n|t:|1699727353\n|switch|p2a: Goodra|Goodra, M, shiny|100\/100\n|move|p1a: Greninja|Surf|p2a: Goodra\n|-resisted|p2a: Goodra\n|-damage|p2a: Goodra|94\/100\n|\n|-sideend|p2: Bjaa|move: Light Screen\n|upkeep\n|turn|20\n|\n|t:|1699727364\n|switch|p1a: Diancie|Diancie-Mega|100\/100\n|move|p2a: Goodra|Thunderbolt|p1a: Diancie\n|-damage|p1a: Diancie|57\/100\n|\n|upkeep\n|turn|21\n|\n|t:|1699727378\n|move|p1a: Diancie|Earth Power|p2a: Goodra\n|-damage|p2a: Goodra|79\/100\n|move|p2a: Goodra|Thunderbolt|p1a: Diancie\n|-damage|p1a: Diancie|15\/100\n|\n|upkeep\n|turn|22\n|\n|t:|1699727385\n|switch|p2a: Aegislash|Aegislash, M, shiny|93\/100\n|move|p1a: Diancie|Moonblast|p2a: Aegislash\n|-resisted|p2a: Aegislash\n|-damage|p2a: Aegislash|71\/100\n|-unboost|p2a: Aegislash|spa|1\n|\n|-heal|p2a: Aegislash|78\/100|[from] item: Leftovers\n|upkeep\n|turn|23\n|\n|t:|1699727397\n|move|p1a: Diancie|Protect|p1a: Diancie\n|-singleturn|p1a: Diancie|Protect\n|-formechange|p2a: Aegislash|Aegislash-Blade||[from] ability: Stance Change\n|move|p2a: Aegislash|Shadow Sneak|p1a: Diancie\n|-activate|p1a: Diancie|move: Protect\n|\n|-heal|p2a: Aegislash|84\/100|[from] item: Leftovers\n|-sideend|p2: Bjaa|Reflect\n|upkeep\n|turn|24\n|\n|t:|1699727407\n|switch|p1a: Greninja|Greninja, M|100\/100\n|move|p2a: Aegislash|Shadow Sneak|p1a: Greninja\n|-resisted|p1a: Greninja\n|-damage|p1a: Greninja|81\/100\n|\n|-heal|p2a: Aegislash|90\/100|[from] item: Leftovers\n|upkeep\n|turn|25\n|\n|t:|1699727417\n|-formechange|p2a: Aegislash|Aegislash||[from] ability: Stance Change\n|move|p2a: Aegislash|King's Shield|p2a: Aegislash\n|-singleturn|p2a: Aegislash|Protect\n|move|p1a: Greninja|Dark Pulse|p2a: Aegislash\n|-activate|p2a: Aegislash|move: Protect\n|\n|-heal|p2a: Aegislash|96\/100|[from] item: Leftovers\n|upkeep\n|turn|26\n|\n|t:|1699727430\n|switch|p1a: Aegislash|Aegislash, M|100\/100\n|switch|p2a: Hawlucha|Hawlucha, M, shiny|100\/100\n|\n|upkeep\n|turn|27\n|\n|t:|1699727442\n|move|p2a: Hawlucha|Substitute|p2a: Hawlucha\n|-start|p2a: Hawlucha|Substitute\n|-damage|p2a: Hawlucha|76\/100\n|-formechange|p1a: Aegislash|Aegislash-Blade||[from] ability: Stance Change\n|move|p1a: Aegislash|Gyro Ball|p2a: Hawlucha\n|-end|p2a: Hawlucha|Substitute\n|\n|upkeep\n|turn|28\n|\n|t:|1699727455\n|move|p2a: Hawlucha|Substitute|p2a: Hawlucha\n|-start|p2a: Hawlucha|Substitute\n|-damage|p2a: Hawlucha|51\/100\n|move|p1a: Aegislash|Gyro Ball|p2a: Hawlucha\n|-end|p2a: Hawlucha|Substitute\n|\n|upkeep\n|turn|29\n|\n|t:|1699727465\n|move|p2a: Hawlucha|Swords Dance|p2a: Hawlucha\n|-boost|p2a: Hawlucha|atk|2\n|move|p1a: Aegislash|Gyro Ball|p2a: Hawlucha\n|-damage|p2a: Hawlucha|0 fnt\n|faint|p2a: Hawlucha\n|\n|upkeep\n|\n|t:|1699727473\n|switch|p2a: Greninja|Greninja, M, shiny|16\/100\n|turn|30\n|\n|t:|1699727482\n|-formechange|p1a: Aegislash|Aegislash||[from] ability: Stance Change\n|move|p1a: Aegislash|King's Shield|p1a: Aegislash\n|-singleturn|p1a: Aegislash|Protect\n|move|p2a: Greninja|Surf|p1a: Aegislash\n|-start|p2a: Greninja|typechange|Water|[from] ability: Protean\n|-activate|p1a: Aegislash|move: Protect\n|\n|upkeep\n|turn|31\n|\n|t:|1699727515\n|switch|p1a: Diancie|Diancie-Mega|15\/100\n|move|p2a: Greninja|Dark Pulse|p1a: Diancie\n|-resisted|p1a: Diancie\n|-damage|p1a: Diancie|0 fnt\n|faint|p1a: Diancie\n|-damage|p2a: Greninja|6\/100|[from] item: Life Orb\n|\n|upkeep\n|\n|t:|1699727525\n|switch|p1a: Greninja|Greninja, M|81\/100\n|turn|32\n|\n|t:|1699727541\n|switch|p2a: Goodra|Goodra, M, shiny|79\/100\n|move|p1a: Greninja|Surf|p2a: Goodra\n|-resisted|p2a: Goodra\n|-damage|p2a: Goodra|66\/100\n|\n|upkeep\n|turn|33\n|\n|t:|1699727563\n|move|p1a: Greninja|Surf|p2a: Goodra\n|-resisted|p2a: Goodra\n|-damage|p2a: Goodra|54\/100\n|move|p2a: Goodra|Thunderbolt|p1a: Greninja\n|-supereffective|p1a: Greninja\n|-damage|p1a: Greninja|0 fnt\n|faint|p1a: Greninja\n|\n|upkeep\n|\n|t:|1699727576\n|switch|p1a: Talonflame|Talonflame, M|100\/100\n|turn|34\n|\n|t:|1699727583\n|switch|p2a: Greninja|Greninja, M, shiny|6\/100\n|-zpower|p1a: Talonflame\n|move|p1a: Talonflame|Supersonic Skystrike|p2a: Greninja|[zeffect]\n|-damage|p2a: Greninja|0 fnt\n|faint|p2a: Greninja\n|\n|upkeep\n|\n|t:|1699727593\n|switch|p2a: Diancie|Diancie, shiny|100\/100\n|turn|35\n|\n|t:|1699727605\n|detailschange|p2a: Diancie|Diancie-Mega, shiny\n|-mega|p2a: Diancie|Diancie|Diancite\n|move|p1a: Talonflame|Flare Blitz|p2a: Diancie\n|-resisted|p2a: Diancie\n|-damage|p2a: Diancie|71\/100\n|-damage|p1a: Talonflame|93\/100|[from] Recoil\n|move|p2a: Diancie|Diamond Storm|p1a: Talonflame\n|-supereffective|p1a: Talonflame\n|-damage|p1a: Talonflame|0 fnt\n|faint|p1a: Talonflame\n|\n|upkeep\n|\n|t:|1699727616\n|switch|p1a: Aegislash|Aegislash, M|100\/100\n|turn|36\n|\n|t:|1699727627\n|move|p2a: Diancie|Mystical Fire|p1a: Aegislash\n|-supereffective|p1a: Aegislash\n|-damage|p1a: Aegislash|40\/100\n|-unboost|p1a: Aegislash|spa|1\n|-formechange|p1a: Aegislash|Aegislash-Blade||[from] ability: Stance Change\n|move|p1a: Aegislash|Gyro Ball|p2a: Diancie\n|-supereffective|p2a: Diancie\n|-damage|p2a: Diancie|0 fnt\n|faint|p2a: Diancie\n|\n|-heal|p1a: Aegislash|46\/100|[from] item: Leftovers\n|upkeep\n|\n|t:|1699727640\n|switch|p2a: Goodra|Goodra, M, shiny|54\/100\n|turn|37\n|\n|t:|1699727644\n|-formechange|p1a: Aegislash|Aegislash||[from] ability: Stance Change\n|move|p1a: Aegislash|King's Shield|p1a: Aegislash\n|-singleturn|p1a: Aegislash|Protect\n|move|p2a: Goodra|Flamethrower|p1a: Aegislash\n|-activate|p1a: Aegislash|move: Protect\n|\n|-heal|p1a: Aegislash|52\/100|[from] item: Leftovers\n|upkeep\n|turn|38\n|\n|t:|1699727657\n|move|p2a: Goodra|Flamethrower|p1a: Aegislash\n|-supereffective|p1a: Aegislash\n|-damage|p1a: Aegislash|0 fnt\n|faint|p1a: Aegislash\n|\n|win|Bjaa\n|l|\u2606Asmitha31\n","uploadtime":1699727673,"views":6,"p1id":"asmitha31","p2id":"bjaa","formatid":"gen9nationaldex","rating":0,"private":0,"password":""}