{"id":"gen9nationaldex-1992480740","p1":"daniel241595","p2":"Poopoo2","format":"[Gen 9] National Dex","log":"|j|\u2606daniel241595\n|j|\u2606Poopoo2\n|t:|1700192876\n|gametype|singles\n|player|p1|daniel241595|gambler|1493\n|player|p2|Poopoo2|unknown|1476\n|teamsize|p1|6\n|teamsize|p2|6\n|gen|9\n|tier|[Gen 9] National Dex\n|rated|\n|rule|HP Percentage Mod: HP is shown in percentages\n|rule|Endless Battle Clause: Forcing endless battles is banned\n|rule|OHKO Clause: OHKO moves are banned\n|rule|Evasion Clause: Evasion abilities, items, and moves are banned\n|rule|Evasion Abilities Clause: Evasion abilities are banned\n|rule|Evasion Items Clause: Evasion items are banned\n|rule|Evasion Moves Clause: Evasion moves are banned\n|rule|Species Clause: Limit one of each Pok\u00e9mon\n|rule|Sleep Clause Mod: Limit one foe put to sleep\n|clearpoke\n|poke|p1|Arcanine, M|\n|poke|p1|Flygon, F|\n|poke|p1|Empoleon, M|\n|poke|p1|Eelektross, F|\n|poke|p1|Florges, F|\n|poke|p1|Kleavor, M|\n|poke|p2|Serperior, F|\n|poke|p2|Liepard, F|\n|poke|p2|Swoobat, F|\n|poke|p2|Alomomola, F|\n|poke|p2|Chandelure, F|\n|poke|p2|Mienshao, F|\n|teampreview\n|inactive|Battle timer is ON: inactive players will automatically lose when time's up. (requested by daniel241595)\n|inactive|Poopoo2 has 120 seconds left.\n|inactive|Poopoo2 has 90 seconds left.\n|\n|t:|1700192953\n|start\n|switch|p1a: Kleavor|Kleavor, M|100\/100\n|switch|p2a: Swoobat|Swoobat, F|100\/100\n|turn|1\n|\n|t:|1700192975\n|move|p1a: Kleavor|Stone Axe|p2a: Swoobat\n|-supereffective|p2a: Swoobat\n|-crit|p2a: Swoobat\n|-enditem|p2a: Swoobat|Focus Sash\n|-damage|p2a: Swoobat|1\/100\n|-sidestart|p2: Poopoo2|move: Stealth Rock\n|move|p2a: Swoobat|Calm Mind|p2a: Swoobat\n|-boost|p2a: Swoobat|spa|2\n|-boost|p2a: Swoobat|spd|2\n|\n|upkeep\n|turn|2\n|\n|t:|1700192989\n|switch|p2a: Alomomola|Alomomola, F|100\/100\n|-damage|p2a: Alomomola|88\/100|[from] Stealth Rock\n|move|p1a: Kleavor|Stone Axe|p2a: Alomomola\n|-damage|p2a: Alomomola|62\/100\n|-damage|p1a: Kleavor|84\/100|[from] item: Rocky Helmet|[of] p2a: Alomomola\n|\n|upkeep\n|turn|3\n|\n|t:|1700192995\n|switch|p1a: Eelektross|Eelektross, F|100\/100\n|move|p2a: Alomomola|Flip Turn|p1a: Eelektross\n|-damage|p1a: Eelektross|83\/100\n|\n|t:|1700193003\n|switch|p2a: Mienshao|Mienshao, F|100\/100|[from] Flip Turn\n|-damage|p2a: Mienshao|95\/100|[from] Stealth Rock\n|\n|upkeep\n|turn|4\n|\n|t:|1700193006\n|move|p2a: Mienshao|U-turn|p1a: Eelektross\n|-damage|p1a: Eelektross|58\/100\n|\n|t:|1700193009\n|switch|p2a: Swoobat|Swoobat, F|1\/100|[from] U-turn\n|-damage|p2a: Swoobat|0 fnt|[from] Stealth Rock\n|faint|p2a: Swoobat\n|move|p1a: Eelektross|Volt Switch|p2: Swoobat|[notarget]\n|-fail|p1a: Eelektross\n|\n|upkeep\n|\n|t:|1700193011\n|switch|p2a: Mienshao|Mienshao, F|100\/100\n|-damage|p2a: Mienshao|95\/100|[from] Stealth Rock\n|turn|5\n|\n|t:|1700193020\n|move|p2a: Mienshao|Close Combat|p1a: Eelektross\n|-damage|p1a: Eelektross|0 fnt\n|-unboost|p2a: Mienshao|def|1\n|-unboost|p2a: Mienshao|spd|1\n|faint|p1a: Eelektross\n|\n|upkeep\n|\n|t:|1700193033\n|switch|p1a: Florges|Florges, F|100\/100\n|turn|6\n|\n|t:|1700193036\n|switch|p2a: Chandelure|Chandelure, F|100\/100\n|-damage|p2a: Chandelure|76\/100|[from] Stealth Rock\n|move|p1a: Florges|Moonblast|p2a: Chandelure\n|-resisted|p2a: Chandelure\n|-damage|p2a: Chandelure|49\/100\n|\n|upkeep\n|turn|7\n|\n|t:|1700193041\n|move|p2a: Chandelure|Trick|p1a: Florges\n|-activate|p2a: Chandelure|move: Trick|[of] p1a: Florges\n|-item|p1a: Florges|Choice Specs|[from] move: Trick\n|-item|p2a: Chandelure|Leftovers|[from] move: Trick\n|move|p1a: Florges|Moonblast|p2a: Chandelure\n|-resisted|p2a: Chandelure\n|-damage|p2a: Chandelure|10\/100\n|\n|-heal|p2a: Chandelure|16\/100|[from] item: Leftovers\n|upkeep\n|turn|8\n|\n|t:|1700193047\n|move|p2a: Chandelure|Flamethrower|p1a: Florges\n|-damage|p1a: Florges|69\/100\n|move|p1a: Florges|Moonblast|p2a: Chandelure\n|-resisted|p2a: Chandelure\n|-damage|p2a: Chandelure|0 fnt\n|faint|p2a: Chandelure\n|\n|upkeep\n|\n|t:|1700193057\n|switch|p2a: Serperior|Serperior, F|100\/100\n|-damage|p2a: Serperior|88\/100|[from] Stealth Rock\n|turn|9\n|\n|t:|1700193074\n|move|p2a: Serperior|Glare|p1a: Florges\n|-status|p1a: Florges|par\n|cant|p1a: Florges|par\n|\n|-heal|p2a: Serperior|94\/100|[from] item: Leftovers\n|upkeep\n|turn|10\n|\n|t:|1700193078\n|move|p2a: Serperior|Leaf Storm|p1a: Florges\n|-crit|p1a: Florges\n|-damage|p1a: Florges|24\/100 par\n|-boost|p2a: Serperior|spa|2\n|cant|p1a: Florges|par\n|\n|-heal|p2a: Serperior|100\/100|[from] item: Leftovers\n|upkeep\n|turn|11\n|\n|t:|1700193086\n|move|p2a: Serperior|Leaf Storm|p1a: Florges|[miss]\n|-miss|p2a: Serperior|p1a: Florges\n|cant|p1a: Florges|par\n|\n|upkeep\n|turn|12\n|\n|t:|1700193092\n|move|p2a: Serperior|Giga Drain|p1a: Florges\n|-damage|p1a: Florges|0 fnt\n|faint|p1a: Florges\n|\n|upkeep\n|\n|t:|1700193101\n|switch|p1a: Kleavor|Kleavor, M|84\/100\n|turn|13\n|\n|t:|1700193109\n|-terastallize|p2a: Serperior|Poison\n|move|p1a: Kleavor|U-turn|p2a: Serperior\n|-resisted|p2a: Serperior\n|-damage|p2a: Serperior|80\/100\n|\n|t:|1700193133\n|switch|p1a: Flygon|Flygon, F|100\/100|[from] U-turn\n|move|p2a: Serperior|Glare|p1a: Flygon\n|-status|p1a: Flygon|par\n|\n|-heal|p2a: Serperior|86\/100|[from] item: Leftovers\n|upkeep\n|turn|14\n|\n|t:|1700193147\n|-terastallize|p1a: Flygon|Steel\n|move|p2a: Serperior|Dragon Pulse|p1a: Flygon\n|-resisted|p1a: Flygon\n|-damage|p1a: Flygon|75\/100 par\n|move|p1a: Flygon|Earthquake|p2a: Serperior\n|-supereffective|p2a: Serperior\n|-damage|p2a: Serperior|0 fnt\n|faint|p2a: Serperior\n|-damage|p1a: Flygon|65\/100 par|[from] item: Life Orb\n|\n|upkeep\n|\n|t:|1700193165\n|switch|p2a: Liepard|Liepard, F|100\/100\n|-damage|p2a: Liepard|88\/100|[from] Stealth Rock\n|turn|15\n|\n|t:|1700193173\n|move|p2a: Liepard|Dark Pulse|p1a: Flygon\n|-damage|p1a: Flygon|17\/100 par\n|move|p1a: Flygon|Earthquake|p2a: Liepard\n|-damage|p2a: Liepard|0 fnt\n|faint|p2a: Liepard\n|-damage|p1a: Flygon|7\/100 par|[from] item: Life Orb\n|\n|upkeep\n|\n|t:|1700193179\n|switch|p2a: Mienshao|Mienshao, F|100\/100\n|-damage|p2a: Mienshao|95\/100|[from] Stealth Rock\n|turn|16\n|\n|t:|1700193188\n|move|p2a: Mienshao|Close Combat|p1a: Flygon\n|-supereffective|p1a: Flygon\n|-damage|p1a: Flygon|0 fnt\n|-unboost|p2a: Mienshao|def|1\n|-unboost|p2a: Mienshao|spd|1\n|faint|p1a: Flygon\n|\n|upkeep\n|\n|t:|1700193217\n|switch|p1a: Kleavor|Kleavor, M|84\/100\n|turn|17\n|\n|t:|1700193221\n|switch|p2a: Alomomola|Alomomola, F|95\/100\n|-damage|p2a: Alomomola|83\/100|[from] Stealth Rock\n|move|p1a: Kleavor|U-turn|p2a: Alomomola\n|-damage|p2a: Alomomola|62\/100\n|-damage|p1a: Kleavor|68\/100|[from] item: Rocky Helmet|[of] p2a: Alomomola\n|\n|t:|1700193230\n|switch|p1a: Empoleon|Empoleon, M|100\/100|[from] U-turn\n|\n|upkeep\n|turn|18\n|\n|t:|1700193242\n|move|p2a: Alomomola|Protect|p2a: Alomomola\n|-singleturn|p2a: Alomomola|Protect\n|move|p1a: Empoleon|Scald|p2a: Alomomola\n|-activate|p2a: Alomomola|move: Protect\n|\n|upkeep\n|turn|19\n|\n|t:|1700193249\n|move|p2a: Alomomola|Flip Turn|p1a: Empoleon\n|-resisted|p1a: Empoleon\n|-damage|p1a: Empoleon|94\/100\n|\n|t:|1700193252\n|switch|p2a: Mienshao|Mienshao, F|100\/100|[from] Flip Turn\n|-damage|p2a: Mienshao|95\/100|[from] Stealth Rock\n|move|p1a: Empoleon|Scald|p2a: Mienshao\n|-damage|p2a: Mienshao|36\/100\n|\n|upkeep\n|turn|20\n|\n|t:|1700193276\n|switch|p1a: Arcanine|Arcanine, M, shiny|100\/100\n|-ability|p1a: Arcanine|Intimidate|boost\n|-unboost|p2a: Mienshao|atk|1\n|move|p2a: Mienshao|Close Combat|p1a: Arcanine\n|-damage|p1a: Arcanine|54\/100\n|-unboost|p2a: Mienshao|def|1\n|-unboost|p2a: Mienshao|spd|1\n|\n|upkeep\n|turn|21\n|\n|t:|1700193291\n|switch|p2a: Alomomola|Alomomola, F|96\/100\n|-damage|p2a: Alomomola|83\/100|[from] Stealth Rock\n|switch|p1a: Kleavor|Kleavor, M|68\/100\n|\n|upkeep\n|turn|22\n|\n|t:|1700193305\n|move|p1a: Kleavor|Knock Off|p2a: Alomomola\n|-damage|p2a: Alomomola|66\/100\n|-damage|p1a: Kleavor|51\/100|[from] item: Rocky Helmet|[of] p2a: Alomomola\n|-enditem|p2a: Alomomola|Rocky Helmet|[from] move: Knock Off|[of] p1a: Kleavor\n|move|p2a: Alomomola|Flip Turn|p1a: Kleavor\n|-supereffective|p1a: Kleavor\n|-damage|p1a: Kleavor|9\/100\n|\n|t:|1700193309\n|switch|p2a: Mienshao|Mienshao, F|69\/100|[from] Flip Turn\n|-damage|p2a: Mienshao|63\/100|[from] Stealth Rock\n|\n|upkeep\n|turn|23\n|\n|t:|1700193317\n|move|p2a: Mienshao|U-turn|p1a: Kleavor\n|-damage|p1a: Kleavor|0 fnt\n|faint|p1a: Kleavor\n|\n|t:|1700193320\n|switch|p2a: Alomomola|Alomomola, F|99\/100|[from] U-turn\n|-damage|p2a: Alomomola|87\/100|[from] Stealth Rock\n|\n|upkeep\n|\n|t:|1700193324\n|switch|p1a: Empoleon|Empoleon, M|94\/100\n|turn|24\n|\n|t:|1700193328\n|move|p2a: Alomomola|Scald|p1a: Empoleon\n|-resisted|p1a: Empoleon\n|-damage|p1a: Empoleon|88\/100\n|move|p1a: Empoleon|Scald|p2a: Alomomola\n|-resisted|p2a: Alomomola\n|-damage|p2a: Alomomola|68\/100\n|\n|upkeep\n|turn|25\n|\n|t:|1700193334\n|move|p2a: Alomomola|Protect|p2a: Alomomola\n|-singleturn|p2a: Alomomola|Protect\n|move|p1a: Empoleon|Scald|p2a: Alomomola\n|-activate|p2a: Alomomola|move: Protect\n|\n|upkeep\n|turn|26\n|\n|t:|1700193337\n|move|p2a: Alomomola|Wish|p2a: Alomomola\n|move|p1a: Empoleon|Scald|p2a: Alomomola\n|-resisted|p2a: Alomomola\n|-damage|p2a: Alomomola|49\/100\n|-status|p2a: Alomomola|brn\n|\n|-damage|p2a: Alomomola|43\/100 brn|[from] brn\n|upkeep\n|turn|27\n|\n|t:|1700193349\n|move|p2a: Alomomola|Scald|p1a: Empoleon\n|-resisted|p1a: Empoleon\n|-damage|p1a: Empoleon|83\/100\n|move|p1a: Empoleon|Scald|p2a: Alomomola\n|-resisted|p2a: Alomomola\n|-damage|p2a: Alomomola|27\/100 brn\n|\n|-heal|p2a: Alomomola|77\/100 brn|[from] move: Wish|[wisher] Alomomola\n|-damage|p2a: Alomomola|71\/100 brn|[from] brn\n|upkeep\n|turn|28\n|\n|t:|1700193367\n|move|p2a: Alomomola|Wish|p2a: Alomomola\n|move|p1a: Empoleon|Scald|p2a: Alomomola\n|-resisted|p2a: Alomomola\n|-damage|p2a: Alomomola|52\/100 brn\n|\n|-damage|p2a: Alomomola|45\/100 brn|[from] brn\n|upkeep\n|turn|29\n|\n|t:|1700193379\n|move|p2a: Alomomola|Scald|p1a: Empoleon\n|-resisted|p1a: Empoleon\n|-damage|p1a: Empoleon|77\/100\n|move|p1a: Empoleon|Scald|p2a: Alomomola\n|-resisted|p2a: Alomomola\n|-damage|p2a: Alomomola|28\/100 brn\n|\n|-heal|p2a: Alomomola|78\/100 brn|[from] move: Wish|[wisher] Alomomola\n|-damage|p2a: Alomomola|72\/100 brn|[from] brn\n|upkeep\n|turn|30\n|\n|t:|1700193403\n|move|p2a: Alomomola|Wish|p2a: Alomomola\n|move|p1a: Empoleon|Ice Beam|p2a: Alomomola\n|-resisted|p2a: Alomomola\n|-damage|p2a: Alomomola|58\/100 brn\n|\n|-damage|p2a: Alomomola|51\/100 brn|[from] brn\n|upkeep\n|turn|31\n|\n|t:|1700193412\n|move|p2a: Alomomola|Scald|p1a: Empoleon\n|-resisted|p1a: Empoleon\n|-damage|p1a: Empoleon|72\/100\n|move|p1a: Empoleon|Scald|p2a: Alomomola\n|-resisted|p2a: Alomomola\n|-damage|p2a: Alomomola|33\/100 brn\n|\n|-heal|p2a: Alomomola|83\/100 brn|[from] move: Wish|[wisher] Alomomola\n|-damage|p2a: Alomomola|77\/100 brn|[from] brn\n|upkeep\n|turn|32\n|\n|t:|1700193423\n|move|p2a: Alomomola|Wish|p2a: Alomomola\n|move|p1a: Empoleon|Ice Beam|p2a: Alomomola\n|-resisted|p2a: Alomomola\n|-damage|p2a: Alomomola|63\/100 brn\n|\n|-damage|p2a: Alomomola|56\/100 brn|[from] brn\n|upkeep\n|turn|33\n|\n|t:|1700193430\n|move|p2a: Alomomola|Scald|p1a: Empoleon\n|-resisted|p1a: Empoleon\n|-damage|p1a: Empoleon|66\/100\n|move|p1a: Empoleon|Scald|p2a: Alomomola\n|-resisted|p2a: Alomomola\n|-damage|p2a: Alomomola|40\/100 brn\n|\n|-heal|p2a: Alomomola|90\/100 brn|[from] move: Wish|[wisher] Alomomola\n|-damage|p2a: Alomomola|84\/100 brn|[from] brn\n|upkeep\n|turn|34\n|\n|t:|1700193436\n|move|p2a: Alomomola|Scald|p1a: Empoleon\n|-resisted|p1a: Empoleon\n|-damage|p1a: Empoleon|60\/100\n|move|p1a: Empoleon|Ice Beam|p2a: Alomomola\n|-resisted|p2a: Alomomola\n|-damage|p2a: Alomomola|70\/100 brn\n|\n|-damage|p2a: Alomomola|64\/100 brn|[from] brn\n|upkeep\n|turn|35\n|\n|t:|1700193442\n|move|p2a: Alomomola|Wish|p2a: Alomomola\n|move|p1a: Empoleon|Scald|p2a: Alomomola\n|-resisted|p2a: Alomomola\n|-damage|p2a: Alomomola|46\/100 brn\n|\n|-damage|p2a: Alomomola|39\/100 brn|[from] brn\n|upkeep\n|turn|36\n|\n|t:|1700193450\n|move|p2a: Alomomola|Scald|p1a: Empoleon\n|-resisted|p1a: Empoleon\n|-damage|p1a: Empoleon|55\/100\n|move|p1a: Empoleon|Scald|p2a: Alomomola\n|-resisted|p2a: Alomomola\n|-damage|p2a: Alomomola|22\/100 brn\n|\n|-heal|p2a: Alomomola|72\/100 brn|[from] move: Wish|[wisher] Alomomola\n|-damage|p2a: Alomomola|66\/100 brn|[from] brn\n|upkeep\n|turn|37\n|\n|t:|1700193462\n|move|p2a: Alomomola|Flip Turn|p1a: Empoleon\n|-resisted|p1a: Empoleon\n|-damage|p1a: Empoleon|52\/100\n|\n|t:|1700193464\n|switch|p2a: Mienshao|Mienshao, F|96\/100|[from] Flip Turn\n|-damage|p2a: Mienshao|90\/100|[from] Stealth Rock\n|move|p1a: Empoleon|Roost|p1a: Empoleon\n|-heal|p1a: Empoleon|100\/100\n|-singleturn|p1a: Empoleon|move: Roost\n|\n|upkeep\n|turn|38\n|\n|t:|1700193471\n|move|p2a: Mienshao|Close Combat|p1a: Empoleon\n|-supereffective|p1a: Empoleon\n|-damage|p1a: Empoleon|13\/100\n|-unboost|p2a: Mienshao|def|1\n|-unboost|p2a: Mienshao|spd|1\n|move|p1a: Empoleon|Scald|p2a: Mienshao\n|-damage|p2a: Mienshao|0 fnt\n|faint|p2a: Mienshao\n|\n|upkeep\n|\n|t:|1700193475\n|switch|p2a: Alomomola|Alomomola, F|99\/100 brn\n|-damage|p2a: Alomomola|87\/100 brn|[from] Stealth Rock\n|turn|39\n|\n|t:|1700193480\n|move|p2a: Alomomola|Scald|p1a: Empoleon\n|-resisted|p1a: Empoleon\n|-damage|p1a: Empoleon|7\/100\n|move|p1a: Empoleon|Roost|p1a: Empoleon\n|-heal|p1a: Empoleon|57\/100\n|-singleturn|p1a: Empoleon|move: Roost\n|\n|-damage|p2a: Alomomola|81\/100 brn|[from] brn\n|upkeep\n|turn|40\n|-message|Poopoo2 forfeited.\n|\n|win|daniel241595\n|raw|daniel241595's rating: 1493 &rarr; <strong>1512<\/strong><br \/>(+19 for winning)\n|raw|Poopoo2's rating: 1476 &rarr; <strong>1457<\/strong><br \/>(-19 for losing)\n|l|\u2606Poopoo2\n","uploadtime":1700193487,"views":18,"p1id":"daniel241595","p2id":"poopoo2","formatid":"gen9nationaldex","rating":1457,"private":0,"password":""}