{"id":"gen9nationaldex-1998143944","p1":"xxzfn","p2":"kitmash","format":"[Gen 9] National Dex","log":"|html|<div class=\"broadcast-blue\"><strong>[Gen 9] National Dex is currently suspecting Sneasler! For information on how to participate check out the <a href=\"https:\/\/www.smogon.com\/forums\/threads\/sv-national-dex-suspect-8-just-dance.3731534\/\">suspect thread<\/a>.<\/strong><\/div>\n|j|\u203dxxzfn\n|j|\u2606kitmash\n|t:|1700899769\n|gametype|singles\n|player|p1|xxzfn|266|1917\n|player|p2|kitmash|265|1766\n|teamsize|p1|6\n|teamsize|p2|6\n|gen|9\n|tier|[Gen 9] National Dex\n|rated|\n|rule|HP Percentage Mod: HP is shown in percentages\n|rule|Endless Battle Clause: Forcing endless battles is banned\n|rule|OHKO Clause: OHKO moves are banned\n|rule|Evasion Clause: Evasion abilities, items, and moves are banned\n|rule|Evasion Abilities Clause: Evasion abilities are banned\n|rule|Evasion Items Clause: Evasion items are banned\n|rule|Evasion Moves Clause: Evasion moves are banned\n|rule|Species Clause: Limit one of each Pok\u00e9mon\n|rule|Sleep Clause Mod: Limit one foe put to sleep\n|clearpoke\n|poke|p1|Hoopa-Unbound|\n|poke|p1|Tapu Lele|\n|poke|p1|Landorus-Therian, M|\n|poke|p1|Volcarona, M|\n|poke|p1|Dondozo, M|\n|poke|p1|Kartana|\n|poke|p2|Wo-Chien|\n|poke|p2|Weezing-Galar, M|\n|poke|p2|Alomomola, M|\n|poke|p2|Reuniclus, F|\n|poke|p2|Kleavor, M|\n|poke|p2|Tapu Koko|\n|teampreview\n|inactive|Battle timer is ON: inactive players will automatically lose when time's up. (requested by xxzfn)\n|\n|t:|1700899782\n|start\n|switch|p1a: Landorus|Landorus-Therian, M|100\/100\n|switch|p2a: Weezing|Weezing-Galar, M|100\/100\n|-ability|p1a: Landorus|Intimidate|boost\n|-unboost|p2a: Weezing|atk|1\n|turn|1\n|\n|t:|1700899790\n|move|p1a: Landorus|U-turn|p2a: Weezing\n|-resisted|p2a: Weezing\n|-damage|p2a: Weezing|96\/100\n|\n|t:|1700899792\n|switch|p1a: Tapu Lele|Tapu Lele|100\/100|[from] U-turn\n|-fieldstart|move: Psychic Terrain|[from] ability: Psychic Surge|[of] p1a: Tapu Lele\n|move|p2a: Weezing|Will-O-Wisp|p1a: Tapu Lele\n|-status|p1a: Tapu Lele|brn\n|\n|-heal|p2a: Weezing|100\/100|[from] item: Leftovers\n|-damage|p1a: Tapu Lele|94\/100 brn|[from] brn\n|upkeep\n|turn|2\n|\n|t:|1700899803\n|switch|p2a: Reuniclus|Reuniclus, F|100\/100\n|move|p1a: Tapu Lele|Psyshock|p2a: Reuniclus\n|-resisted|p2a: Reuniclus\n|-damage|p2a: Reuniclus|73\/100\n|\n|-damage|p1a: Tapu Lele|88\/100 brn|[from] brn\n|upkeep\n|turn|3\n|\n|t:|1700899811\n|move|p1a: Tapu Lele|Calm Mind|p1a: Tapu Lele\n|-boost|p1a: Tapu Lele|spa|1\n|-boost|p1a: Tapu Lele|spd|1\n|move|p2a: Reuniclus|Night Shade|p1a: Tapu Lele\n|-damage|p1a: Tapu Lele|53\/100 brn\n|\n|-damage|p1a: Tapu Lele|47\/100 brn|[from] brn\n|upkeep\n|turn|4\n|\n|t:|1700899828\n|move|p1a: Tapu Lele|Moonblast|p2a: Reuniclus\n|-damage|p2a: Reuniclus|43\/100\n|move|p2a: Reuniclus|Shadow Ball|p1a: Tapu Lele\n|-supereffective|p1a: Tapu Lele\n|-damage|p1a: Tapu Lele|13\/100 brn\n|\n|-damage|p1a: Tapu Lele|7\/100 brn|[from] brn\n|upkeep\n|turn|5\n|\n|t:|1700899841\n|switch|p2a: Alomomola|Alomomola, M|100\/100\n|-zpower|p1a: Tapu Lele\n|move|p1a: Tapu Lele|Shattered Psyche|p2a: Alomomola|[zeffect]\n|-damage|p2a: Alomomola|0 fnt\n|faint|p2a: Alomomola\n|\n|-damage|p1a: Tapu Lele|1\/100 brn|[from] brn\n|-fieldend|move: Psychic Terrain\n|upkeep\n|\n|t:|1700899851\n|switch|p2a: Tapu Koko|Tapu Koko|100\/100\n|-fieldstart|move: Electric Terrain|[from] ability: Electric Surge|[of] p2a: Tapu Koko\n|turn|6\n|\n|t:|1700899858\n|switch|p1a: Landorus|Landorus-Therian, M|100\/100\n|-ability|p1a: Landorus|Intimidate|boost\n|-unboost|p2a: Tapu Koko|atk|1\n|move|p2a: Tapu Koko|U-turn|p1a: Landorus\n|-resisted|p1a: Landorus\n|-damage|p1a: Landorus|95\/100\n|\n|t:|1700899878\n|switch|p2a: Kleavor|Kleavor, M|100\/100|[from] U-turn\n|\n|upkeep\n|turn|7\n|\n|t:|1700899888\n|move|p1a: Landorus|Stone Edge|p2a: Kleavor\n|-supereffective|p2a: Kleavor\n|-damage|p2a: Kleavor|4\/100\n|move|p2a: Kleavor|Stone Axe|p1a: Landorus\n|-damage|p1a: Landorus|0 fnt\n|-sidestart|p1: xxzfn|move: Stealth Rock\n|faint|p1a: Landorus\n|\n|upkeep\n|\n|t:|1700899901\n|switch|p1a: Kartana|Kartana|100\/100\n|-damage|p1a: Kartana|94\/100|[from] Stealth Rock\n|turn|8\n|\n|t:|1700899906\n|switch|p2a: Weezing|Weezing-Galar, M|100\/100\n|move|p1a: Kartana|Knock Off|p2a: Weezing\n|-resisted|p2a: Weezing\n|-damage|p2a: Weezing|87\/100\n|-enditem|p2a: Weezing|Leftovers|[from] move: Knock Off|[of] p1a: Kartana\n|\n|upkeep\n|turn|9\n|\n|t:|1700899917\n|switch|p1a: Dondozo|Dondozo, M|100\/100\n|-damage|p1a: Dondozo|88\/100|[from] Stealth Rock\n|move|p2a: Weezing|Toxic Spikes|p1a: Dondozo\n|-sidestart|p1: xxzfn|move: Toxic Spikes\n|\n|-heal|p1a: Dondozo|94\/100|[from] item: Leftovers\n|upkeep\n|turn|10\n|\n|t:|1700899927\n|switch|p2a: Wo-Chien|Wo-Chien|100\/100\n|-ability|p2a: Wo-Chien|Tablets of Ruin\n|move|p1a: Dondozo|Liquidation|p2a: Wo-Chien\n|-resisted|p2a: Wo-Chien\n|-damage|p2a: Wo-Chien|94\/100\n|\n|-heal|p2a: Wo-Chien|99\/100|[from] item: Leftovers\n|-heal|p1a: Dondozo|99\/100|[from] item: Leftovers\n|-fieldend|move: Electric Terrain\n|upkeep\n|turn|11\n|\n|t:|1700899938\n|switch|p1a: Kartana|Kartana|94\/100\n|-damage|p1a: Kartana|88\/100|[from] Stealth Rock\n|move|p2a: Wo-Chien|Ruination|p1a: Kartana\n|-damage|p1a: Kartana|45\/100\n|\n|-heal|p2a: Wo-Chien|100\/100|[from] item: Leftovers\n|upkeep\n|turn|12\n|\n|t:|1700899949\n|move|p1a: Kartana|Defog|p2a: Wo-Chien\n|-unboost|p2a: Wo-Chien|evasion|1\n|-sideend|p1: xxzfn|Toxic Spikes|[from] move: Defog|[of] p1a: Kartana\n|-sideend|p1: xxzfn|Stealth Rock|[from] move: Defog|[of] p1a: Kartana\n|move|p2a: Wo-Chien|Foul Play|p1a: Kartana\n|-damage|p1a: Kartana|0 fnt\n|faint|p1a: Kartana\n|\n|upkeep\n|\n|t:|1700899956\n|switch|p1a: Tapu Lele|Tapu Lele|1\/100 brn\n|-fieldstart|move: Psychic Terrain|[from] ability: Psychic Surge|[of] p1a: Tapu Lele\n|turn|13\n|\n|t:|1700899963\n|switch|p2a: Reuniclus|Reuniclus, F|76\/100\n|move|p1a: Tapu Lele|Moonblast|p2a: Reuniclus\n|-damage|p2a: Reuniclus|56\/100\n|-unboost|p2a: Reuniclus|spa|1\n|\n|-damage|p1a: Tapu Lele|0 fnt|[from] brn\n|faint|p1a: Tapu Lele\n|upkeep\n|\n|t:|1700899968\n|switch|p1a: Volcarona|Volcarona, M|100\/100\n|turn|14\n|inactive|kitmash has 120 seconds left.\n|\n|t:|1700900005\n|-terastallize|p2a: Reuniclus|Dragon\n|move|p1a: Volcarona|Quiver Dance|p1a: Volcarona\n|-boost|p1a: Volcarona|spa|1\n|-boost|p1a: Volcarona|spd|1\n|-boost|p1a: Volcarona|spe|1\n|move|p2a: Reuniclus|Night Shade|p1a: Volcarona\n|-damage|p1a: Volcarona|74\/100\n|\n|upkeep\n|turn|15\n|inactive|kitmash has 120 seconds left.\n|\n|t:|1700900021\n|move|p1a: Volcarona|Bug Buzz|p2a: Reuniclus\n|-damage|p2a: Reuniclus|30\/100\n|-unboost|p2a: Reuniclus|spd|1\n|move|p2a: Reuniclus|Night Shade|p1a: Volcarona\n|-damage|p1a: Volcarona|47\/100\n|\n|upkeep\n|turn|16\n|inactive|kitmash has 120 seconds left.\n|\n|t:|1700900038\n|switch|p2a: Wo-Chien|Wo-Chien|100\/100\n|-ability|p2a: Wo-Chien|Tablets of Ruin\n|move|p1a: Volcarona|Bug Buzz|p2a: Wo-Chien\n|-supereffective|p2a: Wo-Chien\n|-damage|p2a: Wo-Chien|0 fnt\n|faint|p2a: Wo-Chien\n|\n|upkeep\n|\n|t:|1700900048\n|switch|p2a: Reuniclus|Reuniclus, F, tera:Dragon|63\/100\n|turn|17\n|\n|t:|1700900053\n|move|p1a: Volcarona|Quiver Dance|p1a: Volcarona\n|-boost|p1a: Volcarona|spa|1\n|-boost|p1a: Volcarona|spd|1\n|-boost|p1a: Volcarona|spe|1\n|move|p2a: Reuniclus|Night Shade|p1a: Volcarona\n|-damage|p1a: Volcarona|20\/100\n|\n|-fieldend|move: Psychic Terrain\n|upkeep\n|turn|18\n|\n|t:|1700900063\n|move|p1a: Volcarona|Giga Drain|p2a: Reuniclus\n|-resisted|p2a: Reuniclus\n|-damage|p2a: Reuniclus|54\/100\n|-heal|p1a: Volcarona|26\/100|[from] drain|[of] p2a: Reuniclus\n|move|p2a: Reuniclus|Night Shade|p1a: Volcarona\n|-damage|p1a: Volcarona|0 fnt\n|faint|p1a: Volcarona\n|\n|upkeep\n|\n|t:|1700900069\n|switch|p1a: Hoopa|Hoopa-Unbound|100\/100\n|turn|19\n|\n|t:|1700900078\n|switch|p2a: Weezing|Weezing-Galar, M|87\/100\n|move|p1a: Hoopa|Hyperspace Fury|p2a: Weezing\n|-resisted|p2a: Weezing\n|-damage|p2a: Weezing|64\/100\n|-unboost|p1a: Hoopa|def|1\n|\n|upkeep\n|turn|20\n|\n|t:|1700900090\n|switch|p1a: Dondozo|Dondozo, M|99\/100\n|switch|p2a: Tapu Koko|Tapu Koko|100\/100\n|-fieldstart|move: Electric Terrain|[from] ability: Electric Surge|[of] p2a: Tapu Koko\n|\n|-heal|p1a: Dondozo|100\/100|[from] item: Leftovers\n|upkeep\n|turn|21\n|\n|t:|1700900099\n|move|p2a: Tapu Koko|Thunderbolt|p1a: Dondozo\n|-supereffective|p1a: Dondozo\n|-damage|p1a: Dondozo|8\/100\n|move|p1a: Dondozo|Liquidation|p2a: Tapu Koko\n|-damage|p2a: Tapu Koko|61\/100\n|\n|-heal|p1a: Dondozo|15\/100|[from] item: Leftovers\n|upkeep\n|turn|22\n|\n|t:|1700900106\n|move|p2a: Tapu Koko|Thunderbolt|p1a: Dondozo\n|-supereffective|p1a: Dondozo\n|-damage|p1a: Dondozo|0 fnt\n|faint|p1a: Dondozo\n|\n|upkeep\n|\n|t:|1700900108\n|switch|p1a: Hoopa|Hoopa-Unbound|100\/100\n|turn|23\n|\n|t:|1700900114\n|switch|p2a: Kleavor|Kleavor, M|4\/100\n|move|p1a: Hoopa|Psychic|p2a: Kleavor\n|-damage|p2a: Kleavor|0 fnt\n|faint|p2a: Kleavor\n|\n|upkeep\n|\n|t:|1700900130\n|switch|p2a: Reuniclus|Reuniclus, F, tera:Dragon|87\/100\n|turn|24\n|\n|t:|1700900134\n|move|p1a: Hoopa|Psychic|p2a: Reuniclus\n|-damage|p2a: Reuniclus|67\/100\n|-unboost|p2a: Reuniclus|spd|1\n|move|p2a: Reuniclus|Night Shade|p1a: Hoopa\n|-damage|p1a: Hoopa|67\/100\n|\n|-fieldend|move: Electric Terrain\n|upkeep\n|turn|25\n|\n|t:|1700900142\n|switch|p2a: Weezing|Weezing-Galar, M|64\/100\n|move|p1a: Hoopa|Psychic|p2a: Weezing\n|-supereffective|p2a: Weezing\n|-damage|p2a: Weezing|0 fnt\n|faint|p2a: Weezing\n|\n|upkeep\n|j| TeamTest3547\n|\n|t:|1700900149\n|switch|p2a: Reuniclus|Reuniclus, F, tera:Dragon|99\/100\n|turn|26\n|\n|t:|1700900152\n|move|p1a: Hoopa|Psychic|p2a: Reuniclus\n|-damage|p2a: Reuniclus|83\/100\n|move|p2a: Reuniclus|Night Shade|p1a: Hoopa\n|-damage|p1a: Hoopa|34\/100\n|\n|upkeep\n|turn|27\n|\n|t:|1700900157\n|-terastallize|p1a: Hoopa|Dark\n|move|p1a: Hoopa|Psychic|p2a: Reuniclus\n|-damage|p2a: Reuniclus|63\/100\n|move|p2a: Reuniclus|Night Shade|p1a: Hoopa\n|-damage|p1a: Hoopa|1\/100\n|\n|upkeep\n|turn|28\n|\n|t:|1700900164\n|move|p1a: Hoopa|Psychic|p2a: Reuniclus\n|-damage|p2a: Reuniclus|45\/100\n|move|p2a: Reuniclus|Night Shade|p1a: Hoopa\n|-damage|p1a: Hoopa|0 fnt\n|faint|p1a: Hoopa\n|\n|win|kitmash\n|raw|xxzfn's rating: 1917 &rarr; <strong>1889<\/strong><br \/>(-28 for losing)\n|raw|kitmash's rating: 1766 &rarr; <strong>1794<\/strong><br \/>(+28 for winning)\n|l|\u203dxxzfn\n","uploadtime":1700900176,"views":2,"p1id":"xxzfn","p2id":"kitmash","formatid":"gen9nationaldex","rating":1794,"private":0,"password":""}