{"id":"gen9nationaldex-1996283151","p1":"HildaHawt","p2":"ronniedobbs","format":"[Gen 9] National Dex","log":"|html|<div class=\"broadcast-blue\"><strong>[Gen 9] National Dex is currently suspecting Sneasler! For information on how to participate check out the <a href=\"https:\/\/www.smogon.com\/forums\/threads\/sv-national-dex-suspect-8-just-dance.3731534\/\">suspect thread<\/a>.<\/strong><\/div>\n|j|\u2606HildaHawt\n|j|\u2606ronniedobbs\n|t:|1700667308\n|gametype|singles\n|player|p1|HildaHawt|hilda|1230\n|player|p2|ronniedobbs|gentleman-gen4dp|1261\n|teamsize|p1|6\n|teamsize|p2|6\n|gen|9\n|tier|[Gen 9] National Dex\n|rated|\n|rule|HP Percentage Mod: HP is shown in percentages\n|rule|Endless Battle Clause: Forcing endless battles is banned\n|rule|OHKO Clause: OHKO moves are banned\n|rule|Evasion Clause: Evasion abilities, items, and moves are banned\n|rule|Evasion Abilities Clause: Evasion abilities are banned\n|rule|Evasion Items Clause: Evasion items are banned\n|rule|Evasion Moves Clause: Evasion moves are banned\n|rule|Species Clause: Limit one of each Pok\u00e9mon\n|rule|Sleep Clause Mod: Limit one foe put to sleep\n|clearpoke\n|poke|p1|Swellow, M|\n|poke|p1|Emboar, F|\n|poke|p1|Haxorus, M|\n|poke|p1|Sudowoodo, F|\n|poke|p1|Tapu Lele|\n|poke|p1|Type: Null|\n|poke|p2|Goodra-Hisui, M|\n|poke|p2|Zeraora|\n|poke|p2|Grimmsnarl, M|\n|poke|p2|Garchomp, M|\n|poke|p2|Iron Moth|\n|poke|p2|Mimikyu, F|\n|teampreview\n|c|\u2606HildaHawt|wtaf\n|c|\u2606HildaHawt|I never played legends areceus\n|c|\u2606HildaHawt|why is that abonimation of goodra allowed\n|c|\u2606ronniedobbs|lol it's sadder goodra\n|c|\u2606HildaHawt|I didnt sign up for this\n|\n|t:|1700667356\n|start\n|switch|p1a: Tapu Lele|Tapu Lele|100\/100\n|switch|p2a: dh peligro|Grimmsnarl, M, shiny|100\/100\n|-fieldstart|move: Psychic Terrain|[from] ability: Psychic Surge|[of] p1a: Tapu Lele\n|turn|1\n|\n|t:|1700667365\n|move|p2a: dh peligro|Light Screen|p2a: dh peligro\n|-sidestart|p2: ronniedobbs|move: Light Screen\n|move|p1a: Tapu Lele|Moonblast|p2a: dh peligro\n|-supereffective|p2a: dh peligro\n|-damage|p2a: dh peligro|40\/100\n|\n|upkeep\n|turn|2\n|\n|t:|1700667380\n|switch|p1a: Sudowoodo|Sudowoodo, F|100\/100\n|switch|p2a: ian curtis|Goodra-Hisui, M, shiny|100\/100\n|\n|upkeep\n|turn|3\n|c|\u2606HildaHawt|fuck overpredicted\n|\n|t:|1700667405\n|switch|p1a: Type: Null|Type: Null, shiny|100\/100\n|move|p2a: ian curtis|Hydro Pump|p1a: Type: Null\n|-damage|p1a: Type: Null|80\/100\n|\n|upkeep\n|turn|4\n|\n|t:|1700667415\n|switch|p2a: adam yauch|Mimikyu, F, shiny|100\/100\n|move|p1a: Type: Null|Swords Dance|p1a: Type: Null\n|-boost|p1a: Type: Null|atk|2\n|\n|upkeep\n|turn|5\n|c|\u2606HildaHawt|wanna hear the irony\n|c|\u2606HildaHawt|I play assault vest and stealth on sudowoodo\n|\n|t:|1700667430\n|-terastallize|p2a: adam yauch|Fighting\n|move|p2a: adam yauch|Drain Punch|p1a: Type: Null\n|-supereffective|p1a: Type: Null\n|-damage|p1a: Type: Null|36\/100\n|-damage|p2a: adam yauch|91\/100|[from] item: Life Orb\n|move|p1a: Type: Null|Flame Charge|p2a: adam yauch\n|-activate|p2a: adam yauch|ability: Disguise\n|-damage|p2a: adam yauch|91\/100\n|-boost|p1a: Type: Null|spe|1\n|detailschange|p2a: adam yauch|Mimikyu-Busted, F, shiny, tera:Fighting\n|-damage|p2a: adam yauch|78\/100|[from] pokemon: Mimikyu-Busted\n|\n|-fieldend|move: Psychic Terrain\n|upkeep\n|turn|6\n|\n|t:|1700667445\n|switch|p2a: gg allin|Garchomp, M, shiny|100\/100\n|move|p1a: Type: Null|Iron Head|p2a: gg allin\n|-damage|p2a: gg allin|60\/100\n|-damage|p1a: Type: Null|24\/100|[from] ability: Rough Skin|[of] p2a: gg allin\n|\n|upkeep\n|turn|7\n|\n|t:|1700667452\n|move|p2a: gg allin|Scale Shot|p1a: Type: Null\n|-damage|p1a: Type: Null|17\/100\n|-damage|p1a: Type: Null|9\/100\n|-damage|p1a: Type: Null|2\/100\n|-hitcount|p1a: Type: Null|3\n|-unboost|p2a: gg allin|def|1\n|-boost|p2a: gg allin|spe|1\n|move|p1a: Type: Null|Swords Dance|p1a: Type: Null\n|-boost|p1a: Type: Null|atk|2\n|\n|upkeep\n|turn|8\n|\n|t:|1700667462\n|move|p2a: gg allin|Scale Shot|p1a: Type: Null\n|-damage|p1a: Type: Null|0 fnt\n|faint|p1a: Type: Null\n|-hitcount|p1: Type: Null|1\n|-unboost|p2a: gg allin|def|1\n|-boost|p2a: gg allin|spe|1\n|\n|-sideend|p2: ronniedobbs|move: Light Screen\n|upkeep\n|c|\u2606HildaHawt|!dt scale shot\n|raw|<ul class=\"utilichart\"><li class=\"result\"><span class=\"col movenamecol\"><a href=\"https:\/\/dex.pokemonshowdown.com\/moves\/scaleshot\">Scale Shot<\/a><\/span> <span class=\"col typecol\"><img src=\"\/\/play.pokemonshowdown.com\/sprites\/types\/Dragon.png\" alt=\"Dragon\" width=\"32\" height=\"14\"><img src=\"\/\/play.pokemonshowdown.com\/sprites\/categories\/Physical.png\" alt=\"Physical\" width=\"32\" height=\"14\"><\/span> <span class=\"col labelcol\"><em>Power<\/em><br>25<\/span> <span class=\"col widelabelcol\"><em>Accuracy<\/em><br>90%<\/span> <span class=\"col pplabelcol\"><em>PP<\/em><br>32<\/span> <span class=\"col movedesccol\">Hits 2-5 times. User: -1 Def, +1 Spe after last hit.<\/span> <\/li><li style=\"clear:both\"><\/li><\/ul>\n|raw|<font size=\"1\"><font color=\"#686868\">Priority:<\/font> 0&nbsp;|&ThickSpace;<font color=\"#686868\">Gen:<\/font> 8&nbsp;|&ThickSpace;<font color=\"#686868\">Z-Power:<\/font> 140&nbsp;|&ThickSpace;<font color=\"#686868\">Dynamax Power:<\/font> 130&nbsp;|&ThickSpace;<font color=\"#686868\">Target:<\/font> One Adjacent Pok\u00e9mon<\/font>\n\n|c|\u2606HildaHawt|why is that move allowed on garchomp ?\n|\n|t:|1700667493\n|switch|p1a: Tapu Lele|Tapu Lele|100\/100\n|-fieldstart|move: Psychic Terrain|[from] ability: Psychic Surge|[of] p1a: Tapu Lele\n|turn|9\n|c|\u2606ronniedobbs|very good question\n|\n|t:|1700667502\n|detailschange|p2a: gg allin|Garchomp-Mega, M, shiny\n|-mega|p2a: gg allin|Garchomp|Garchompite\n|move|p2a: gg allin|Earthquake|p1a: Tapu Lele\n|-damage|p1a: Tapu Lele|8\/100\n|move|p1a: Tapu Lele|Focus Blast|p2a: gg allin\n|-damage|p2a: gg allin|3\/100\n|\n|upkeep\n|turn|10\n|c|\u2606HildaHawt|who tf stays in with garchomp\n|c|\u2606HildaHawt|I couldve moonblasted yk\n|\n|t:|1700667537\n|move|p2a: gg allin|Rock Slide|p1a: Tapu Lele\n|-damage|p1a: Tapu Lele|0 fnt\n|faint|p1a: Tapu Lele\n|\n|upkeep\n|c|\u2606HildaHawt|aint no way you thought eq gonna oneshot\n|c|\u2606HildaHawt|wtf\n|c|\u2606HildaHawt|I overpredict on lowladder\n|c|\u2606HildaHawt|I have no priority move\n|\n|t:|1700667581\n|switch|p1a: Sudowoodo|Sudowoodo, F|100\/100\n|turn|11\n|\n|t:|1700667585\n|switch|p1a: Swellow|Swellow, M|100\/100\n|move|p2a: gg allin|Scale Shot|p1a: Swellow\n|-damage|p1a: Swellow|69\/100\n|-damage|p1a: Swellow|39\/100\n|-crit|p1a: Swellow\n|-damage|p1a: Swellow|0 fnt\n|faint|p1a: Swellow\n|-hitcount|p1: Swellow|3\n|-unboost|p2a: gg allin|def|1\n|-boost|p2a: gg allin|spe|1\n|\n|upkeep\n|c|\u2606HildaHawt|You have no atk boosts\n|c|\u2606HildaHawt|this is criminal\n|c|\u2606HildaHawt|wth does this onehit\n|c|\u2606HildaHawt|omd\n|\n|t:|1700667617\n|switch|p1a: Emboar|Emboar, F|100\/100\n|turn|12\n|\n|t:|1700667630\n|move|p2a: gg allin|Earthquake|p1a: Emboar\n|-supereffective|p1a: Emboar\n|-damage|p1a: Emboar|0 fnt\n|faint|p1a: Emboar\n|\n|upkeep\n|\n|t:|1700667634\n|switch|p1a: Haxorus|Haxorus, M|100\/100\n|-ability|p1a: Haxorus|Mold Breaker\n|turn|13\n|\n|t:|1700667640\n|move|p2a: gg allin|Scale Shot|p1a: Haxorus\n|-supereffective|p1a: Haxorus\n|-damage|p1a: Haxorus|57\/100\n|-supereffective|p1a: Haxorus\n|-crit|p1a: Haxorus\n|-damage|p1a: Haxorus|0 fnt\n|faint|p1a: Haxorus\n|-hitcount|p1: Haxorus|2\n|-unboost|p2a: gg allin|def|1\n|-boost|p2a: gg allin|spe|1\n|\n|-fieldend|move: Psychic Terrain\n|upkeep\n|c|\u2606HildaHawt|why th is this tronger ?\n|c|\u2606HildaHawt|When was this introduced\n|c|\u2606HildaHawt|?\n|c|\u2606HildaHawt|SW SH ?\n|c|\u2606HildaHawt|I see\n|\n|t:|1700667693\n|switch|p1a: Sudowoodo|Sudowoodo, F|100\/100\n|turn|14\n|c|\u2606HildaHawt|gg\n|c|\u2606ronniedobbs|gg\n|\n|t:|1700667701\n|-terastallize|p1a: Sudowoodo|Rock\n|move|p2a: gg allin|Scale Shot|p1a: Sudowoodo\n|-damage|p1a: Sudowoodo|87\/100\n|-damage|p1a: Sudowoodo|72\/100\n|-hitcount|p1a: Sudowoodo|2\n|-unboost|p2a: gg allin|def|1\n|-boost|p2a: gg allin|spe|1\n|move|p1a: Sudowoodo|Head Smash|p2a: gg allin\n|-resisted|p2a: gg allin\n|-damage|p2a: gg allin|0 fnt\n|faint|p2a: gg allin\n|\n|upkeep\n|\n|t:|1700667714\n|switch|p2a: adam yauch|Mimikyu-Busted, F, shiny, tera:Fighting|78\/100\n|turn|15\n|\n|t:|1700667720\n|move|p2a: adam yauch|Drain Punch|p1a: Sudowoodo\n|-supereffective|p1a: Sudowoodo\n|-damage|p1a: Sudowoodo|5\/100\n|-heal|p2a: adam yauch|100\/100|[from] drain|[of] p1a: Sudowoodo\n|-damage|p2a: adam yauch|91\/100|[from] item: Life Orb\n|move|p1a: Sudowoodo|Head Smash|p2a: adam yauch\n|-resisted|p2a: adam yauch\n|-damage|p2a: adam yauch|16\/100\n|\n|upkeep\n|turn|16\n|\n|t:|1700667728\n|move|p2a: adam yauch|Shadow Sneak|p1a: Sudowoodo\n|-damage|p1a: Sudowoodo|0 fnt\n|faint|p1a: Sudowoodo\n|-damage|p2a: adam yauch|6\/100|[from] item: Life Orb\n|\n|win|ronniedobbs\n|raw|HildaHawt's rating: 1230 &rarr; <strong>1207<\/strong><br \/>(-23 for losing)\n|raw|ronniedobbs's rating: 1261 &rarr; <strong>1284<\/strong><br \/>(+23 for winning)\n","uploadtime":1700667737,"views":1,"p1id":"hildahawt","p2id":"ronniedobbs","formatid":"gen9nationaldex","rating":1207,"private":0,"password":""}