{"id":"gen9nationaldex-1997550577","p1":"FuecocoM67","p2":"kidbeate","format":"[Gen 9] National Dex","log":"|html|<div class=\"broadcast-blue\"><strong>[Gen 9] National Dex is currently suspecting Sneasler! For information on how to participate check out the <a href=\"https:\/\/www.smogon.com\/forums\/threads\/sv-national-dex-suspect-8-just-dance.3731534\/\">suspect thread<\/a>.<\/strong><\/div>\n|j|\u2606FuecocoM67\n|j|\u2606kidbeate\n|t:|1700824086\n|gametype|singles\n|player|p1|FuecocoM67|blue|1066\n|player|p2|kidbeate|102|1116\n|teamsize|p1|6\n|teamsize|p2|6\n|gen|9\n|tier|[Gen 9] National Dex\n|rated|\n|rule|HP Percentage Mod: HP is shown in percentages\n|rule|Endless Battle Clause: Forcing endless battles is banned\n|rule|OHKO Clause: OHKO moves are banned\n|rule|Evasion Clause: Evasion abilities, items, and moves are banned\n|rule|Evasion Abilities Clause: Evasion abilities are banned\n|rule|Evasion Items Clause: Evasion items are banned\n|rule|Evasion Moves Clause: Evasion moves are banned\n|rule|Species Clause: Limit one of each Pok\u00e9mon\n|rule|Sleep Clause Mod: Limit one foe put to sleep\n|clearpoke\n|poke|p1|Clefable, F|\n|poke|p1|Chansey, F|\n|poke|p1|Skarmory, F|\n|poke|p1|Sableye, F|\n|poke|p1|Toxapex, F|\n|poke|p1|Urshifu-*, M|\n|poke|p2|Hitmonlee, M|\n|poke|p2|Cinderace, M|\n|poke|p2|Salamence, F|\n|poke|p2|Gallade, M|\n|poke|p2|Venusaur, F|\n|poke|p2|Vaporeon, M|\n|teampreview\n|\n|t:|1700824096\n|start\n|switch|p1a: Urshifu|Urshifu-Rapid-Strike, M|100\/100\n|switch|p2a: Cinderace|Cinderace, M|100\/100\n|turn|1\n|\n|t:|1700824108\n|move|p2a: Cinderace|High Jump Kick|p1a: Urshifu\n|-start|p2a: Cinderace|typechange|Fighting|[from] ability: Libero\n|-damage|p1a: Urshifu|32\/100\n|move|p1a: Urshifu|Trailblaze|p2a: Cinderace\n|-damage|p2a: Cinderace|74\/100\n|-boost|p1a: Urshifu|spe|1\n|\n|upkeep\n|turn|2\n|\n|t:|1700824121\n|move|p1a: Urshifu|Surging Strikes|p2a: Cinderace\n|-crit|p2a: Cinderace\n|-damage|p2a: Cinderace|40\/100\n|-crit|p2a: Cinderace\n|-damage|p2a: Cinderace|7\/100\n|-crit|p2a: Cinderace\n|-damage|p2a: Cinderace|0 fnt\n|faint|p2a: Cinderace\n|-hitcount|p2: Cinderace|3\n|\n|upkeep\n|\n|t:|1700824130\n|switch|p2a: jackie chan|Hitmonlee, M|100\/100\n|turn|3\n|\n|t:|1700824139\n|move|p2a: jackie chan|Endure|p2a: jackie chan\n|-singleturn|p2a: jackie chan|move: Endure\n|move|p1a: Urshifu|Surging Strikes|p2a: jackie chan\n|-crit|p2a: jackie chan\n|-damage|p2a: jackie chan|50\/100\n|-crit|p2a: jackie chan\n|-damage|p2a: jackie chan|2\/100\n|-enditem|p2a: jackie chan|Liechi Berry|[eat]\n|-boost|p2a: jackie chan|atk|1|[from] item: Liechi Berry\n|-crit|p2a: jackie chan\n|-activate|p2a: jackie chan|move: Endure\n|-damage|p2a: jackie chan|1\/100\n|-hitcount|p2a: jackie chan|3\n|\n|upkeep\n|turn|4\n|\n|t:|1700824158\n|move|p2a: jackie chan|Close Combat|p1a: Urshifu\n|-damage|p1a: Urshifu|0 fnt\n|-unboost|p2a: jackie chan|def|1\n|-unboost|p2a: jackie chan|spd|1\n|faint|p1a: Urshifu\n|\n|upkeep\n|\n|t:|1700824175\n|switch|p1a: Sableye|Sableye, F|100\/100\n|turn|5\n|\n|t:|1700824194\n|switch|p2a: Vaporeon|Vaporeon, M|100\/100\n|detailschange|p1a: Sableye|Sableye-Mega, F\n|-mega|p1a: Sableye|Sableye|Sablenite\n|move|p1a: Sableye|Will-O-Wisp|p2a: Vaporeon|[miss]\n|-miss|p1a: Sableye|p2a: Vaporeon\n|\n|upkeep\n|turn|6\n|\n|t:|1700824204\n|move|p2a: Vaporeon|Scald|p1a: Sableye\n|-damage|p1a: Sableye|75\/100\n|move|p1a: Sableye|Knock Off|p2a: Vaporeon\n|-damage|p2a: Vaporeon|68\/100\n|-enditem|p2a: Vaporeon|Leftovers|[from] move: Knock Off|[of] p1a: Sableye\n|\n|upkeep\n|turn|7\n|\n|t:|1700824218\n|move|p2a: Vaporeon|Sunny Day|p2a: Vaporeon\n|-weather|SunnyDay\n|move|p1a: Sableye|Recover|p1a: Sableye\n|-heal|p1a: Sableye|100\/100\n|\n|-weather|SunnyDay|[upkeep]\n|upkeep\n|turn|8\n|\n|t:|1700824227\n|move|p2a: Vaporeon|Scald|p1a: Sableye\n|-damage|p1a: Sableye|89\/100\n|move|p1a: Sableye|Will-O-Wisp|p2a: Vaporeon\n|-status|p2a: Vaporeon|brn\n|\n|-weather|SunnyDay|[upkeep]\n|-damage|p2a: Vaporeon|62\/100 brn|[from] brn\n|upkeep\n|turn|9\n|\n|t:|1700824235\n|move|p1a: Sableye|Protect|p1a: Sableye\n|-singleturn|p1a: Sableye|Protect\n|move|p2a: Vaporeon|Scald|p1a: Sableye\n|-activate|p1a: Sableye|move: Protect\n|\n|-weather|SunnyDay|[upkeep]\n|-damage|p2a: Vaporeon|55\/100 brn|[from] brn\n|upkeep\n|turn|10\n|\n|t:|1700824246\n|switch|p1a: Toxapex|Toxapex, F, shiny|100\/100\n|move|p2a: Vaporeon|Scald|p1a: Toxapex\n|-resisted|p1a: Toxapex\n|-damage|p1a: Toxapex|95\/100\n|\n|-weather|SunnyDay|[upkeep]\n|-heal|p1a: Toxapex|100\/100|[from] item: Leftovers\n|-damage|p2a: Vaporeon|49\/100 brn|[from] brn\n|upkeep\n|turn|11\n|\n|t:|1700824270\n|switch|p2a: jackie chan|Hitmonlee, M|1\/100\n|switch|p1a: Sableye|Sableye-Mega, F|89\/100\n|\n|-weather|none\n|upkeep\n|turn|12\n|\n|t:|1700824287\n|move|p2a: jackie chan|Close Combat|p1a: Sableye\n|-immune|p1a: Sableye\n|move|p1a: Sableye|Knock Off|p2a: jackie chan\n|-resisted|p2a: jackie chan\n|-damage|p2a: jackie chan|0 fnt\n|faint|p2a: jackie chan\n|\n|upkeep\n|\n|t:|1700824293\n|switch|p2a: Vaporeon|Vaporeon, M|49\/100 brn\n|turn|13\n|\n|t:|1700824296\n|move|p1a: Sableye|Protect|p1a: Sableye\n|-singleturn|p1a: Sableye|Protect\n|move|p2a: Vaporeon|Sunny Day|p2a: Vaporeon\n|-weather|SunnyDay\n|\n|-weather|SunnyDay|[upkeep]\n|-damage|p2a: Vaporeon|43\/100 brn|[from] brn\n|upkeep\n|turn|14\n|\n|t:|1700824305\n|switch|p1a: Toxapex|Toxapex, F, shiny|100\/100\n|move|p2a: Vaporeon|Ice Beam|p1a: Toxapex\n|-resisted|p1a: Toxapex\n|-damage|p1a: Toxapex|92\/100\n|\n|-weather|SunnyDay|[upkeep]\n|-heal|p1a: Toxapex|98\/100|[from] item: Leftovers\n|-damage|p2a: Vaporeon|37\/100 brn|[from] brn\n|upkeep\n|turn|15\n|\n|t:|1700824322\n|switch|p2a: Venusaur|Venusaur, F|100\/100\n|move|p1a: Toxapex|Scald|p2a: Venusaur\n|-resisted|p2a: Venusaur\n|-damage|p2a: Venusaur|96\/100\n|\n|-weather|SunnyDay|[upkeep]\n|-heal|p1a: Toxapex|100\/100|[from] item: Leftovers\n|upkeep\n|turn|16\n|\n|t:|1700824334\n|switch|p1a: Chansey|Chansey, F|100\/100\n|move|p2a: Venusaur|Solar Beam||[still]\n|-prepare|p2a: Venusaur|Solar Beam\n|-anim|p2a: Venusaur|Solar Beam|p1a: Chansey\n|-damage|p1a: Chansey|79\/100\n|-damage|p2a: Venusaur|86\/100|[from] item: Life Orb\n|\n|-weather|SunnyDay|[upkeep]\n|upkeep\n|turn|17\n|\n|t:|1700824348\n|move|p2a: Venusaur|Sludge Bomb|p1a: Chansey\n|-damage|p1a: Chansey|65\/100\n|-status|p1a: Chansey|psn\n|-damage|p2a: Venusaur|76\/100|[from] item: Life Orb\n|move|p1a: Chansey|Stealth Rock|p2a: Venusaur\n|-sidestart|p2: kidbeate|move: Stealth Rock\n|\n|-weather|none\n|-damage|p1a: Chansey|53\/100 psn|[from] psn\n|upkeep\n|turn|18\n|\n|t:|1700824363\n|-curestatus|p1a: Chansey|psn|[from] ability: Natural Cure\n|switch|p1a: Sableye|Sableye-Mega, F|89\/100\n|move|p2a: Venusaur|Giga Drain|p1a: Sableye\n|-damage|p1a: Sableye|51\/100\n|-heal|p2a: Venusaur|95\/100|[from] drain|[of] p1a: Sableye\n|-damage|p2a: Venusaur|85\/100|[from] item: Life Orb\n|\n|upkeep\n|turn|19\n|\n|t:|1700824379\n|move|p2a: Venusaur|Giga Drain|p1a: Sableye\n|-damage|p1a: Sableye|10\/100\n|-heal|p2a: Venusaur|100\/100|[from] drain|[of] p1a: Sableye\n|-damage|p2a: Venusaur|91\/100|[from] item: Life Orb\n|move|p1a: Sableye|Recover|p1a: Sableye\n|-heal|p1a: Sableye|60\/100\n|\n|upkeep\n|turn|20\n|\n|t:|1700824389\n|switch|p1a: Chansey|Chansey, F|53\/100\n|move|p2a: Venusaur|Giga Drain|p1a: Chansey\n|-damage|p1a: Chansey|41\/100\n|-heal|p2a: Venusaur|100\/100|[from] drain|[of] p1a: Chansey\n|-damage|p2a: Venusaur|91\/100|[from] item: Life Orb\n|\n|upkeep\n|turn|21\n|\n|t:|1700824397\n|move|p2a: Venusaur|Sludge Bomb|p1a: Chansey\n|-damage|p1a: Chansey|24\/100\n|-status|p1a: Chansey|psn\n|-damage|p2a: Venusaur|81\/100|[from] item: Life Orb\n|move|p1a: Chansey|Soft-Boiled|p1a: Chansey\n|-heal|p1a: Chansey|74\/100 psn\n|\n|-damage|p1a: Chansey|62\/100 psn|[from] psn\n|upkeep\n|turn|22\n|\n|t:|1700824409\n|-curestatus|p1a: Chansey|psn|[from] ability: Natural Cure\n|switch|p1a: Skarmory|Skarmory, F|100\/100\n|move|p2a: Venusaur|Giga Drain|p1a: Skarmory\n|-resisted|p1a: Skarmory\n|-damage|p1a: Skarmory|84\/100\n|-heal|p2a: Venusaur|90\/100|[from] drain|[of] p1a: Skarmory\n|-damage|p2a: Venusaur|80\/100|[from] item: Life Orb\n|\n|upkeep\n|turn|23\n|\n|t:|1700824426\n|switch|p2a: Gallade|Gallade, M|100\/100\n|-damage|p2a: Gallade|94\/100|[from] Stealth Rock\n|move|p1a: Skarmory|Spikes|p2a: Gallade\n|-sidestart|p2: kidbeate|Spikes\n|\n|upkeep\n|turn|24\n|\n|t:|1700824437\n|detailschange|p2a: Gallade|Gallade-Mega, M\n|-mega|p2a: Gallade|Gallade|Galladite\n|move|p2a: Gallade|Psycho Cut|p1a: Skarmory\n|-resisted|p1a: Skarmory\n|-damage|p1a: Skarmory|70\/100\n|move|p1a: Skarmory|Roost|p1a: Skarmory\n|-heal|p1a: Skarmory|100\/100\n|-singleturn|p1a: Skarmory|move: Roost\n|\n|upkeep\n|turn|25\n|\n|t:|1700824446\n|move|p2a: Gallade|Drain Punch|p1a: Skarmory\n|-damage|p1a: Skarmory|70\/100\n|-heal|p2a: Gallade|100\/100|[from] drain|[of] p1a: Skarmory\n|move|p1a: Skarmory|Counter|p2a: Gallade\n|-damage|p2a: Gallade|29\/100\n|\n|upkeep\n|turn|26\n|\n|t:|1700824461\n|move|p2a: Gallade|Drain Punch|p1a: Skarmory\n|-damage|p1a: Skarmory|40\/100\n|-heal|p2a: Gallade|47\/100|[from] drain|[of] p1a: Skarmory\n|move|p1a: Skarmory|Counter|p2a: Gallade\n|-damage|p2a: Gallade|0 fnt\n|faint|p2a: Gallade\n|\n|upkeep\n|\n|t:|1700824476\n|switch|p2a: Salamence|Salamence, F|100\/100\n|turn|27\n|\n|t:|1700824484\n|move|p2a: Salamence|Dragon Dance|p2a: Salamence\n|-boost|p2a: Salamence|atk|1\n|-boost|p2a: Salamence|spe|1\n|move|p1a: Skarmory|Roost|p1a: Skarmory\n|-heal|p1a: Skarmory|90\/100\n|-singleturn|p1a: Skarmory|move: Roost\n|\n|upkeep\n|turn|28\n|\n|t:|1700824494\n|switch|p1a: Clefable|Clefable, F|100\/100\n|move|p2a: Salamence|Dragon Claw|p1a: Clefable\n|-immune|p1a: Clefable\n|\n|upkeep\n|turn|29\n|\n|t:|1700824507\n|-terastallize|p2a: Salamence|Steel\n|move|p2a: Salamence|Dual Wingbeat|p1a: Clefable\n|-damage|p1a: Clefable|83\/100\n|-damage|p1a: Clefable|63\/100\n|-hitcount|p1a: Clefable|2\n|move|p1a: Clefable|Wish|p1a: Clefable\n|\n|-heal|p1a: Clefable|69\/100|[from] item: Leftovers\n|upkeep\n|turn|30\n|\n|t:|1700824520\n|switch|p1a: Toxapex|Toxapex, F, shiny|100\/100\n|move|p2a: Salamence|Dragon Dance|p2a: Salamence\n|-boost|p2a: Salamence|atk|1\n|-boost|p2a: Salamence|spe|1\n|\n|upkeep\n|turn|31\n|\n|t:|1700824529\n|move|p2a: Salamence|Dragon Claw|p1a: Toxapex\n|-damage|p1a: Toxapex|46\/100\n|move|p1a: Toxapex|Haze|p1a: Toxapex\n|-clearallboost\n|\n|-heal|p1a: Toxapex|52\/100|[from] item: Leftovers\n|upkeep\n|turn|32\n|\n|t:|1700824541\n|move|p2a: Salamence|Dragon Dance|p2a: Salamence\n|-boost|p2a: Salamence|atk|1\n|-boost|p2a: Salamence|spe|1\n|move|p1a: Toxapex|Recover|p1a: Toxapex\n|-heal|p1a: Toxapex|100\/100\n|\n|upkeep\n|turn|33\n|\n|t:|1700824547\n|move|p2a: Salamence|Dragon Dance|p2a: Salamence\n|-boost|p2a: Salamence|atk|1\n|-boost|p2a: Salamence|spe|1\n|move|p1a: Toxapex|Scald|p2a: Salamence\n|-damage|p2a: Salamence|79\/100\n|\n|upkeep\n|turn|34\n|\n|t:|1700824553\n|move|p2a: Salamence|Dragon Claw|p1a: Toxapex\n|-damage|p1a: Toxapex|41\/100\n|move|p1a: Toxapex|Haze|p1a: Toxapex\n|-clearallboost\n|\n|-heal|p1a: Toxapex|47\/100|[from] item: Leftovers\n|upkeep\n|turn|35\n|\n|t:|1700824565\n|move|p2a: Salamence|Dragon Dance|p2a: Salamence\n|-boost|p2a: Salamence|atk|1\n|-boost|p2a: Salamence|spe|1\n|move|p1a: Toxapex|Scald|p2a: Salamence\n|-damage|p2a: Salamence|57\/100\n|\n|-heal|p1a: Toxapex|53\/100|[from] item: Leftovers\n|upkeep\n|turn|36\n|\n|t:|1700824576\n|move|p2a: Salamence|Dragon Claw|p1a: Toxapex\n|-damage|p1a: Toxapex|8\/100\n|move|p1a: Toxapex|Haze|p1a: Toxapex\n|-clearallboost\n|\n|-heal|p1a: Toxapex|14\/100|[from] item: Leftovers\n|upkeep\n|turn|37\n|\n|t:|1700824593\n|move|p2a: Salamence|Double-Edge|p1a: Toxapex\n|-damage|p1a: Toxapex|0 fnt\n|faint|p1a: Toxapex\n|-ability|p2a: Salamence|Moxie|boost\n|-boost|p2a: Salamence|atk|1\n|-damage|p2a: Salamence|53\/100|[from] Recoil\n|\n|upkeep\n|\n|t:|1700824599\n|switch|p1a: Sableye|Sableye-Mega, F|60\/100\n|turn|38\n|\n|t:|1700824604\n|move|p2a: Salamence|Dual Wingbeat|p1a: Sableye\n|-damage|p1a: Sableye|31\/100\n|-damage|p1a: Sableye|1\/100\n|-hitcount|p1a: Sableye|2\n|move|p1a: Sableye|Will-O-Wisp|p2a: Salamence\n|-status|p2a: Salamence|brn\n|\n|-damage|p2a: Salamence|47\/100 brn|[from] brn\n|upkeep\n|turn|39\n|\n|t:|1700824615\n|switch|p1a: Clefable|Clefable, F|69\/100\n|move|p2a: Salamence|Dual Wingbeat|p1a: Clefable\n|-damage|p1a: Clefable|60\/100\n|-damage|p1a: Clefable|49\/100\n|-hitcount|p1a: Clefable|2\n|\n|-heal|p1a: Clefable|55\/100|[from] item: Leftovers\n|-damage|p2a: Salamence|41\/100 brn|[from] brn\n|upkeep\n|turn|40\n|\n|t:|1700824626\n|move|p2a: Salamence|Dragon Dance|p2a: Salamence\n|-boost|p2a: Salamence|atk|1\n|-boost|p2a: Salamence|spe|1\n|move|p1a: Clefable|Wish|p1a: Clefable\n|\n|-heal|p1a: Clefable|61\/100|[from] item: Leftovers\n|-damage|p2a: Salamence|35\/100 brn|[from] brn\n|upkeep\n|turn|41\n|\n|t:|1700824640\n|switch|p1a: Sableye|Sableye-Mega, F|1\/100\n|move|p2a: Salamence|Dragon Dance|p2a: Salamence\n|-boost|p2a: Salamence|atk|1\n|-boost|p2a: Salamence|spe|1\n|\n|-heal|p1a: Sableye|66\/100|[from] move: Wish|[wisher] Clefable\n|-damage|p2a: Salamence|29\/100 brn|[from] brn\n|upkeep\n|turn|42\n|\n|t:|1700824649\n|move|p1a: Sableye|Protect|p1a: Sableye\n|-singleturn|p1a: Sableye|Protect\n|move|p2a: Salamence|Dual Wingbeat|p1a: Sableye\n|-activate|p1a: Sableye|move: Protect\n|\n|-damage|p2a: Salamence|23\/100 brn|[from] brn\n|upkeep\n|turn|43\n|\n|t:|1700824657\n|switch|p1a: Clefable|Clefable, F|61\/100\n|move|p2a: Salamence|Dual Wingbeat|p1a: Clefable\n|-damage|p1a: Clefable|51\/100\n|-damage|p1a: Clefable|42\/100\n|-hitcount|p1a: Clefable|2\n|\n|-heal|p1a: Clefable|48\/100|[from] item: Leftovers\n|-damage|p2a: Salamence|17\/100 brn|[from] brn\n|upkeep\n|turn|44\n|\n|t:|1700824666\n|move|p2a: Salamence|Double-Edge|p1a: Clefable\n|-crit|p1a: Clefable\n|-damage|p1a: Clefable|17\/100\n|-damage|p2a: Salamence|5\/100 brn|[from] Recoil\n|move|p1a: Clefable|Wish|p1a: Clefable\n|\n|-heal|p1a: Clefable|23\/100|[from] item: Leftovers\n|-damage|p2a: Salamence|0 fnt|[from] brn\n|faint|p2a: Salamence\n|upkeep\n|\n|t:|1700824675\n|switch|p2a: Vaporeon|Vaporeon, M|37\/100 brn\n|-damage|p2a: Vaporeon|24\/100 brn|[from] Stealth Rock\n|-damage|p2a: Vaporeon|12\/100 brn|[from] Spikes\n|turn|45\n|\n|t:|1700824681\n|move|p1a: Clefable|Protect|p1a: Clefable\n|-singleturn|p1a: Clefable|Protect\n|move|p2a: Vaporeon|Sunny Day|p2a: Vaporeon\n|-weather|SunnyDay\n|\n|-weather|SunnyDay|[upkeep]\n|-heal|p1a: Clefable|73\/100|[from] move: Wish|[wisher] Clefable\n|-heal|p1a: Clefable|79\/100|[from] item: Leftovers\n|-damage|p2a: Vaporeon|5\/100 brn|[from] brn\n|upkeep\n|turn|46\n|\n|t:|1700824693\n|move|p2a: Vaporeon|Scald|p1a: Clefable\n|-damage|p1a: Clefable|65\/100\n|-status|p1a: Clefable|brn\n|move|p1a: Clefable|Wish|p1a: Clefable\n|\n|-weather|SunnyDay|[upkeep]\n|-heal|p1a: Clefable|71\/100 brn|[from] item: Leftovers\n|-damage|p2a: Vaporeon|0 fnt|[from] brn\n|faint|p2a: Vaporeon\n|-damage|p1a: Clefable|65\/100 brn|[from] brn\n|upkeep\n|c|\u2606kidbeate|bitch ass team\n|c|\u2606kidbeate|0\/1 irl\n|-message|kidbeate forfeited.\n|\n|win|FuecocoM67\n|raw|FuecocoM67's rating: 1066 &rarr; <strong>1100<\/strong><br \/>(+34 for winning)\n|raw|kidbeate's rating: 1116 &rarr; <strong>1087<\/strong><br \/>(-29 for losing)\n|c|\u2606FuecocoM67|Thanks\n|l|\u2606kidbeate\n","uploadtime":1700824707,"views":2,"p1id":"fuecocom67","p2id":"kidbeate","formatid":"gen9nationaldex","rating":1087,"private":0,"password":""}