{"id":"gen9nationaldex-1992251809","p1":"Katapuko","p2":"McPringles35","format":"[Gen 9] National Dex","log":"|j|\u2606Katapuko\n|j|\u2606McPringles35\n|t:|1700167838\n|gametype|singles\n|player|p1|Katapuko|101|1125\n|player|p2|McPringles35|266|1059\n|teamsize|p1|6\n|teamsize|p2|6\n|gen|9\n|tier|[Gen 9] National Dex\n|rated|\n|rule|HP Percentage Mod: HP is shown in percentages\n|rule|Endless Battle Clause: Forcing endless battles is banned\n|rule|OHKO Clause: OHKO moves are banned\n|rule|Evasion Clause: Evasion abilities, items, and moves are banned\n|rule|Evasion Abilities Clause: Evasion abilities are banned\n|rule|Evasion Items Clause: Evasion items are banned\n|rule|Evasion Moves Clause: Evasion moves are banned\n|rule|Species Clause: Limit one of each Pok\u00e9mon\n|rule|Sleep Clause Mod: Limit one foe put to sleep\n|clearpoke\n|poke|p1|Cetitan, F|\n|poke|p1|Slowking, F|\n|poke|p1|Torkoal, M|\n|poke|p1|Great Tusk|\n|poke|p1|Ceruledge, M|\n|poke|p1|Sandy Shocks|\n|poke|p2|Appletun, M|\n|poke|p2|Blacephalon|\n|poke|p2|Garganacl, F|\n|poke|p2|Sneasler, F|\n|poke|p2|Greninja-*, M|\n|poke|p2|Manectric, F|\n|teampreview\n|inactive|Battle timer is ON: inactive players will automatically lose when time's up. (requested by Katapuko)\n|\n|t:|1700167861\n|start\n|switch|p1a: Torkoal|Torkoal, M|100\/100\n|switch|p2a: Greninja|Greninja, M|100\/100\n|-weather|SunnyDay|[from] ability: Drought|[of] p1a: Torkoal\n|turn|1\n|\n|t:|1700167875\n|move|p2a: Greninja|Liquidation|p1a: Torkoal\n|-supereffective|p1a: Torkoal\n|-damage|p1a: Torkoal|71\/100\n|-unboost|p1a: Torkoal|def|1\n|-damage|p2a: Greninja|91\/100|[from] item: Life Orb\n|move|p1a: Torkoal|Stealth Rock|p2a: Greninja\n|-sidestart|p2: McPringles35|move: Stealth Rock\n|\n|-weather|SunnyDay|[upkeep]\n|upkeep\n|turn|2\n|\n|t:|1700167884\n|move|p2a: Greninja|Substitute|p2a: Greninja\n|-start|p2a: Greninja|Substitute\n|-damage|p2a: Greninja|66\/100\n|move|p1a: Torkoal|Yawn||[still]\n|-fail|p1a: Torkoal\n|\n|-weather|SunnyDay|[upkeep]\n|upkeep\n|turn|3\n|\n|t:|1700167895\n|move|p2a: Greninja|Swords Dance|p2a: Greninja\n|-boost|p2a: Greninja|atk|2\n|move|p1a: Torkoal|Lava Plume|p2a: Greninja\n|-resisted|p2a: Greninja\n|-end|p2a: Greninja|Substitute\n|\n|-weather|SunnyDay|[upkeep]\n|upkeep\n|turn|4\n|\n|t:|1700167905\n|move|p2a: Greninja|Liquidation|p1a: Torkoal\n|-supereffective|p1a: Torkoal\n|-damage|p1a: Torkoal|0 fnt\n|faint|p1a: Torkoal\n|-ability|p2a: Greninja|Battle Bond|boost\n|-boost|p2a: Greninja|atk|1\n|-boost|p2a: Greninja|spa|1\n|-boost|p2a: Greninja|spe|1\n|-activate|p2a: Greninja|ability: Battle Bond\n|-damage|p2a: Greninja|56\/100|[from] item: Life Orb\n|\n|-weather|SunnyDay|[upkeep]\n|upkeep\n|\n|t:|1700167921\n|switch|p1a: Great Tusk|Great Tusk|100\/100\n|-activate|p1a: Great Tusk|ability: Protosynthesis\n|-start|p1a: Great Tusk|protosynthesisatk\n|turn|5\n|\n|t:|1700167929\n|move|p2a: Greninja|Liquidation|p1a: Great Tusk\n|-supereffective|p1a: Great Tusk\n|-damage|p1a: Great Tusk|7\/100\n|-damage|p2a: Greninja|46\/100|[from] item: Life Orb\n|move|p1a: Great Tusk|Close Combat|p2a: Greninja\n|-supereffective|p2a: Greninja\n|-damage|p2a: Greninja|0 fnt\n|-unboost|p1a: Great Tusk|def|1\n|-unboost|p1a: Great Tusk|spd|1\n|faint|p2a: Greninja\n|\n|-weather|SunnyDay|[upkeep]\n|upkeep\n|\n|t:|1700167944\n|switch|p2a: Sneasler|Sneasler, F|100\/100\n|-damage|p2a: Sneasler|95\/100|[from] Stealth Rock\n|turn|6\n|\n|t:|1700167948\n|move|p2a: Sneasler|Fake Out|p1a: Great Tusk\n|-damage|p1a: Great Tusk|0 fnt\n|faint|p1a: Great Tusk\n|-end|p1a: Great Tusk|Protosynthesis|[silent]\n|\n|-weather|SunnyDay|[upkeep]\n|-heal|p2a: Sneasler|100\/100|[from] item: Black Sludge\n|upkeep\n|\n|t:|1700167959\n|switch|p1a: Ceruledge|Ceruledge, M|100\/100\n|turn|7\n|\n|t:|1700167976\n|move|p2a: Sneasler|Dire Claw|p1a: Ceruledge\n|-resisted|p1a: Ceruledge\n|-damage|p1a: Ceruledge|67\/100\n|-status|p1a: Ceruledge|psn\n|-ability|p1a: Ceruledge|Weak Armor|boost\n|-unboost|p1a: Ceruledge|def|1\n|-boost|p1a: Ceruledge|spe|2\n|move|p1a: Ceruledge|Swords Dance|p1a: Ceruledge\n|-boost|p1a: Ceruledge|atk|2\n|\n|-weather|SunnyDay|[upkeep]\n|-damage|p1a: Ceruledge|54\/100 psn|[from] psn\n|upkeep\n|turn|8\n|\n|t:|1700167989\n|move|p1a: Ceruledge|Bitter Blade|p2a: Sneasler\n|-crit|p2a: Sneasler\n|-damage|p2a: Sneasler|0 fnt\n|-heal|p1a: Ceruledge|100\/100 psn|[from] drain|[of] p2a: Sneasler\n|faint|p2a: Sneasler\n|\n|-weather|none\n|-damage|p1a: Ceruledge|88\/100 psn|[from] psn\n|upkeep\n|\n|t:|1700168002\n|switch|p2a: Garganacl|Garganacl, F|100\/100\n|-damage|p2a: Garganacl|88\/100|[from] Stealth Rock\n|turn|9\n|\n|t:|1700168007\n|move|p1a: Ceruledge|Close Combat|p2a: Garganacl\n|-supereffective|p2a: Garganacl\n|-damage|p2a: Garganacl|2\/100\n|-unboost|p1a: Ceruledge|def|1\n|-unboost|p1a: Ceruledge|spd|1\n|-damage|p1a: Ceruledge|72\/100 psn|[from] item: Rocky Helmet|[of] p2a: Garganacl\n|move|p2a: Garganacl|Salt Cure|p1a: Ceruledge\n|-supereffective|p1a: Ceruledge\n|-damage|p1a: Ceruledge|0 fnt\n|faint|p1a: Ceruledge\n|\n|upkeep\n|\n|t:|1700168020\n|switch|p1a: Sandy Shocks|Sandy Shocks|100\/100\n|turn|10\n|\n|t:|1700168031\n|move|p1a: Sandy Shocks|Earth Power|p2a: Garganacl\n|-supereffective|p2a: Garganacl\n|-damage|p2a: Garganacl|0 fnt\n|faint|p2a: Garganacl\n|-damage|p1a: Sandy Shocks|91\/100|[from] item: Life Orb\n|\n|upkeep\n|\n|t:|1700168042\n|switch|p2a: Appletun|Appletun, M|100\/100\n|-damage|p2a: Appletun|88\/100|[from] Stealth Rock\n|turn|11\n|\n|t:|1700168050\n|-terastallize|p1a: Sandy Shocks|Fire\n|move|p1a: Sandy Shocks|Tera Blast|p2a: Appletun|[anim] Tera Blast Fire\n|-damage|p2a: Appletun|44\/100\n|-damage|p1a: Sandy Shocks|81\/100|[from] item: Life Orb\n|move|p2a: Appletun|Leech Seed|p1a: Sandy Shocks\n|-start|p1a: Sandy Shocks|move: Leech Seed\n|\n|-damage|p1a: Sandy Shocks|68\/100|[from] Leech Seed|[of] p2a: Appletun\n|-heal|p2a: Appletun|55\/100|[silent]\n|upkeep\n|turn|12\n|\n|t:|1700168058\n|move|p1a: Sandy Shocks|Tera Blast|p2a: Appletun|[anim] Tera Blast Fire\n|-damage|p2a: Appletun|12\/100\n|-activate|p2a: Appletun|ability: Ripen\n|-enditem|p2a: Appletun|Aguav Berry|[eat]\n|-heal|p2a: Appletun|79\/100|[from] item: Aguav Berry\n|-damage|p1a: Sandy Shocks|58\/100|[from] item: Life Orb\n|move|p2a: Appletun|Recover|p2a: Appletun\n|-heal|p2a: Appletun|100\/100\n|\n|-damage|p1a: Sandy Shocks|46\/100|[from] Leech Seed|[of] p2a: Appletun\n|upkeep\n|turn|13\n|\n|t:|1700168077\n|move|p1a: Sandy Shocks|Tera Blast|p2a: Appletun|[anim] Tera Blast Fire\n|-damage|p2a: Appletun|55\/100\n|-damage|p1a: Sandy Shocks|36\/100|[from] item: Life Orb\n|move|p2a: Appletun|Draco Meteor|p1a: Sandy Shocks\n|-damage|p1a: Sandy Shocks|0 fnt\n|-unboost|p2a: Appletun|spa|2\n|faint|p1a: Sandy Shocks\n|-end|p1a: Sandy Shocks|Protosynthesis|[silent]\n|\n|upkeep\n|\n|t:|1700168084\n|switch|p1a: Slowking|Slowking, F|100\/100\n|turn|14\n|\n|t:|1700168092\n|switch|p2a: Manectric|Manectric, F|100\/100\n|-damage|p2a: Manectric|88\/100|[from] Stealth Rock\n|move|p1a: Slowking|Toxic|p2a: Manectric\n|-status|p2a: Manectric|tox\n|\n|-damage|p2a: Manectric|82\/100 tox|[from] psn\n|upkeep\n|turn|15\n|\n|t:|1700168105\n|move|p2a: Manectric|Thunder Wave|p1a: Slowking|[miss]\n|-miss|p2a: Manectric|p1a: Slowking\n|move|p1a: Slowking|Chilly Reception|p1a: Slowking\n|-weather|Snow\n|\n|t:|1700168108\n|switch|p1a: Cetitan|Cetitan, F|100\/100|[from] Chilly Reception\n|\n|-weather|Snow|[upkeep]\n|-damage|p2a: Manectric|70\/100 tox|[from] psn\n|upkeep\n|turn|16\n|\n|t:|1700168120\n|detailschange|p2a: Manectric|Manectric-Mega, F\n|-mega|p2a: Manectric|Manectric|Manectite\n|-ability|p2a: Manectric|Intimidate|boost\n|-unboost|p1a: Cetitan|atk|1\n|move|p1a: Cetitan|Earthquake|p2a: Manectric\n|-supereffective|p2a: Manectric\n|-damage|p2a: Manectric|7\/100 tox\n|move|p2a: Manectric|Thunderbolt|p1a: Cetitan\n|-damage|p1a: Cetitan|48\/100\n|-enditem|p1a: Cetitan|Sitrus Berry|[eat]\n|-heal|p1a: Cetitan|73\/100|[from] item: Sitrus Berry\n|\n|-weather|Snow|[upkeep]\n|-damage|p2a: Manectric|0 fnt|[from] psn\n|faint|p2a: Manectric\n|upkeep\n|\n|t:|1700168133\n|switch|p2a: Blacephalon|Blacephalon|100\/100\n|-damage|p2a: Blacephalon|76\/100|[from] Stealth Rock\n|turn|17\n|\n|t:|1700168141\n|switch|p1a: Slowking|Slowking, F|100\/100\n|move|p2a: Blacephalon|Flamethrower|p1a: Slowking\n|-resisted|p1a: Slowking\n|-damage|p1a: Slowking|76\/100\n|\n|-weather|Snow|[upkeep]\n|upkeep\n|turn|18\n|\n|t:|1700168150\n|move|p2a: Blacephalon|Shadow Claw|p1a: Slowking\n|-supereffective|p1a: Slowking\n|-crit|p1a: Slowking\n|-damage|p1a: Slowking|16\/100\n|move|p1a: Slowking|Scald|p2a: Blacephalon\n|-supereffective|p2a: Blacephalon\n|-damage|p2a: Blacephalon|0 fnt\n|faint|p2a: Blacephalon\n|\n|-weather|Snow|[upkeep]\n|upkeep\n|\n|t:|1700168163\n|switch|p2a: Appletun|Appletun, M|55\/100\n|-damage|p2a: Appletun|42\/100|[from] Stealth Rock\n|turn|19\n|\n|t:|1700168168\n|move|p2a: Appletun|Recover|p2a: Appletun\n|-heal|p2a: Appletun|92\/100\n|move|p1a: Slowking|Toxic|p2a: Appletun\n|-status|p2a: Appletun|tox\n|\n|-weather|Snow|[upkeep]\n|-damage|p2a: Appletun|86\/100 tox|[from] psn\n|upkeep\n|turn|20\n|\n|t:|1700168179\n|move|p1a: Slowking|Slack Off|p1a: Slowking\n|-heal|p1a: Slowking|66\/100\n|move|p2a: Appletun|Apple Acid|p1a: Slowking\n|-supereffective|p1a: Slowking\n|-damage|p1a: Slowking|10\/100\n|-unboost|p1a: Slowking|spd|1\n|\n|-weather|Snow|[upkeep]\n|-damage|p2a: Appletun|74\/100 tox|[from] psn\n|upkeep\n|turn|21\n|\n|t:|1700168192\n|move|p1a: Slowking|Slack Off|p1a: Slowking\n|-heal|p1a: Slowking|60\/100\n|move|p2a: Appletun|Apple Acid|p1a: Slowking\n|-supereffective|p1a: Slowking\n|-damage|p1a: Slowking|0 fnt\n|faint|p1a: Slowking\n|\n|-weather|Snow|[upkeep]\n|-damage|p2a: Appletun|56\/100 tox|[from] psn\n|upkeep\n|\n|t:|1700168194\n|switch|p1a: Cetitan|Cetitan, F|73\/100\n|turn|22\n|\n|t:|1700168204\n|-terastallize|p2a: Appletun|Grass\n|move|p1a: Cetitan|Ice Shard|p2a: Appletun\n|-supereffective|p2a: Appletun\n|-damage|p2a: Appletun|11\/100 tox\n|move|p2a: Appletun|Recover|p2a: Appletun\n|-heal|p2a: Appletun|61\/100 tox\n|\n|-weather|none\n|-damage|p2a: Appletun|36\/100 tox|[from] psn\n|upkeep\n|turn|23\n|\n|t:|1700168214\n|move|p1a: Cetitan|Ice Shard|p2a: Appletun\n|-supereffective|p2a: Appletun\n|-damage|p2a: Appletun|0 fnt\n|faint|p2a: Appletun\n|\n|win|Katapuko\n|raw|Katapuko's rating: 1125 &rarr; <strong>1145<\/strong><br \/>(+20 for winning)\n|raw|McPringles35's rating: 1059 &rarr; <strong>1044<\/strong><br \/>(-15 for losing)\n","uploadtime":1700168220,"views":4,"p1id":"katapuko","p2id":"mcpringles35","formatid":"gen9nationaldex","rating":1044,"private":0,"password":""}