{"id":"gen9nationaldex-1989946253","p1":"MatyXeneise","p2":"Sukia Play","format":"[Gen 9] National Dex","log":"|j|\u2606MatyXeneise\n|j|\u2606Sukia Play\n|t:|1699909093\n|gametype|singles\n|player|p1|MatyXeneise|shadowtriad|\n|player|p2|Sukia Play|ghetsis|\n|teamsize|p1|6\n|teamsize|p2|6\n|gen|9\n|tier|[Gen 9] National Dex\n|rule|HP Percentage Mod: HP is shown in percentages\n|rule|Endless Battle Clause: Forcing endless battles is banned\n|rule|OHKO Clause: OHKO moves are banned\n|rule|Evasion Clause: Evasion abilities, items, and moves are banned\n|rule|Evasion Abilities Clause: Evasion abilities are banned\n|rule|Evasion Items Clause: Evasion items are banned\n|rule|Evasion Moves Clause: Evasion moves are banned\n|rule|Species Clause: Limit one of each Pok\u00e9mon\n|rule|Sleep Clause Mod: Limit one foe put to sleep\n|clearpoke\n|poke|p1|Swampert, F|\n|poke|p1|Pelipper, F|\n|poke|p1|Kingdra, F|\n|poke|p1|Ferrothorn, M|\n|poke|p1|Porygon-Z|\n|poke|p1|Umbreon, M|\n|poke|p2|Dondozo, M|\n|poke|p2|Medicham, M|\n|poke|p2|Cinderace, F|\n|poke|p2|Zapdos|\n|poke|p2|Clodsire, M|\n|poke|p2|Corviknight, M|\n|teampreview\n|inactive|Battle timer is ON: inactive players will automatically lose when time's up. (requested by Sukia Play)\n|\n|t:|1699909110\n|start\n|switch|p1a: Umbreon|Umbreon, M|100\/100\n|switch|p2a: Zapdos|Zapdos|100\/100\n|turn|1\n|\n|t:|1699909116\n|switch|p2a: Clodsire|Clodsire, M|100\/100\n|move|p1a: Umbreon|Toxic|p2a: Clodsire\n|-immune|p2a: Clodsire\n|\n|upkeep\n|turn|2\n|\n|t:|1699909125\n|move|p1a: Umbreon|Protect|p1a: Umbreon\n|-singleturn|p1a: Umbreon|Protect\n|move|p2a: Clodsire|Toxic|p1a: Umbreon\n|-activate|p1a: Umbreon|move: Protect\n|\n|upkeep\n|turn|3\n|\n|t:|1699909130\n|switch|p1a: Ferrothorn|Ferrothorn, M|100\/100\n|move|p2a: Clodsire|Spikes|p1a: Ferrothorn\n|-sidestart|p1: MatyXeneise|Spikes\n|\n|upkeep\n|turn|4\n|\n|t:|1699909139\n|move|p2a: Clodsire|Spikes|p1a: Ferrothorn\n|-sidestart|p1: MatyXeneise|Spikes\n|move|p1a: Ferrothorn|Leech Seed|p2a: Clodsire\n|-start|p2a: Clodsire|move: Leech Seed\n|\n|-damage|p2a: Clodsire|88\/100|[from] Leech Seed|[of] p1a: Ferrothorn\n|upkeep\n|turn|5\n|\n|t:|1699909144\n|switch|p2a: Medicham|Medicham, M|100\/100\n|move|p1a: Ferrothorn|Stealth Rock|p2a: Medicham\n|-sidestart|p2: Sukia Play|move: Stealth Rock\n|\n|upkeep\n|turn|6\n|\n|t:|1699909155\n|detailschange|p2a: Medicham|Medicham-Mega, M\n|-mega|p2a: Medicham|Medicham|Medichamite\n|move|p2a: Medicham|Close Combat|p1a: Ferrothorn\n|-supereffective|p1a: Ferrothorn\n|-damage|p1a: Ferrothorn|0 fnt\n|-unboost|p2a: Medicham|def|1\n|-unboost|p2a: Medicham|spd|1\n|-damage|p2a: Medicham|88\/100|[from] ability: Iron Barbs|[of] p1a: Ferrothorn\n|faint|p1a: Ferrothorn\n|\n|upkeep\n|\n|t:|1699909167\n|switch|p1a: Pelipper|Pelipper, F|100\/100\n|-weather|RainDance|[from] ability: Drizzle|[of] p1a: Pelipper\n|turn|7\n|\n|t:|1699909173\n|move|p2a: Medicham|Zen Headbutt|p1a: Pelipper\n|-damage|p1a: Pelipper|44\/100\n|move|p1a: Pelipper|Hurricane|p2a: Medicham\n|-supereffective|p2a: Medicham\n|-damage|p2a: Medicham|0 fnt\n|faint|p2a: Medicham\n|\n|-weather|RainDance|[upkeep]\n|upkeep\n|inactive|Sukia Play has 270 seconds left.\n|\n|t:|1699909206\n|switch|p2a: Zapdos|Zapdos|100\/100\n|-damage|p2a: Zapdos|76\/100|[from] Stealth Rock\n|turn|8\n|\n|t:|1699909217\n|switch|p1a: Umbreon|Umbreon, M|100\/100\n|-damage|p1a: Umbreon|84\/100|[from] Spikes\n|-zpower|p2a: Zapdos\n|move|p2a: Zapdos|Supersonic Skystrike|p1a: Umbreon|[zeffect]\n|-damage|p1a: Umbreon|36\/100\n|\n|-weather|RainDance|[upkeep]\n|-heal|p1a: Umbreon|42\/100|[from] item: Leftovers\n|upkeep\n|turn|9\n|\n|t:|1699909229\n|move|p1a: Umbreon|Protect|p1a: Umbreon\n|-singleturn|p1a: Umbreon|Protect\n|move|p2a: Zapdos|Volt Switch|p1a: Umbreon\n|-activate|p1a: Umbreon|move: Protect\n|\n|-weather|RainDance|[upkeep]\n|-heal|p1a: Umbreon|48\/100|[from] item: Leftovers\n|upkeep\n|turn|10\n|\n|t:|1699909235\n|move|p2a: Zapdos|Hurricane|p1a: Umbreon\n|-damage|p1a: Umbreon|19\/100\n|move|p1a: Umbreon|Wish|p1a: Umbreon\n|\n|-weather|RainDance|[upkeep]\n|-heal|p1a: Umbreon|25\/100|[from] item: Leftovers\n|upkeep\n|turn|11\n|\n|t:|1699909241\n|switch|p2a: Cinderace|Cinderace, F|100\/100\n|move|p1a: Umbreon|Protect||[still]\n|-fail|p1a: Umbreon\n|\n|-weather|RainDance|[upkeep]\n|-heal|p1a: Umbreon|75\/100|[from] move: Wish|[wisher] Umbreon\n|-heal|p1a: Umbreon|81\/100|[from] item: Leftovers\n|upkeep\n|turn|12\n|\n|t:|1699909249\n|move|p1a: Umbreon|Protect|p1a: Umbreon\n|-singleturn|p1a: Umbreon|Protect\n|move|p2a: Cinderace|U-turn|p1a: Umbreon\n|-start|p2a: Cinderace|typechange|Bug|[from] ability: Libero\n|-activate|p1a: Umbreon|move: Protect\n|\n|-weather|RainDance|[upkeep]\n|-heal|p1a: Umbreon|87\/100|[from] item: Leftovers\n|upkeep\n|turn|13\n|\n|t:|1699909259\n|move|p2a: Cinderace|High Jump Kick|p1a: Umbreon\n|-supereffective|p1a: Umbreon\n|-damage|p1a: Umbreon|15\/100\n|move|p1a: Umbreon|Foul Play|p2a: Cinderace\n|-damage|p2a: Cinderace|35\/100\n|\n|-weather|RainDance|[upkeep]\n|-heal|p1a: Umbreon|21\/100|[from] item: Leftovers\n|upkeep\n|turn|14\n|\n|t:|1699909267\n|switch|p1a: Pelipper|Pelipper, F|44\/100\n|move|p2a: Cinderace|U-turn|p1a: Pelipper\n|-resisted|p1a: Pelipper\n|-damage|p1a: Pelipper|32\/100\n|\n|t:|1699909279\n|switch|p2a: Zapdos|Zapdos|76\/100|[from] U-turn\n|-damage|p2a: Zapdos|51\/100|[from] Stealth Rock\n|\n|-weather|none\n|upkeep\n|turn|15\n|\n|t:|1699909286\n|move|p1a: Pelipper|Protect|p1a: Pelipper\n|-singleturn|p1a: Pelipper|Protect\n|move|p2a: Zapdos|Roost|p2a: Zapdos\n|-heal|p2a: Zapdos|100\/100\n|-singleturn|p2a: Zapdos|move: Roost\n|\n|upkeep\n|turn|16\n|\n|t:|1699909297\n|switch|p1a: Swampert|Swampert, F|100\/100\n|-damage|p1a: Swampert|84\/100|[from] Spikes\n|move|p2a: Zapdos|Volt Switch|p1a: Swampert\n|-immune|p1a: Swampert\n|\n|upkeep\n|turn|17\n|\n|t:|1699909308\n|switch|p2a: Dondozo|Dondozo, M|100\/100\n|-damage|p2a: Dondozo|88\/100|[from] Stealth Rock\n|detailschange|p1a: Swampert|Swampert-Mega, F\n|-mega|p1a: Swampert|Swampert|Swampertite\n|move|p1a: Swampert|Flip Turn|p2a: Dondozo\n|-resisted|p2a: Dondozo\n|-damage|p2a: Dondozo|76\/100\n|\n|t:|1699909316\n|switch|p1a: Porygon-Z|Porygon-Z|100\/100|[from] Flip Turn\n|-damage|p1a: Porygon-Z|84\/100|[from] Spikes\n|\n|-heal|p2a: Dondozo|82\/100|[from] item: Leftovers\n|upkeep\n|turn|18\n|\n|t:|1699909328\n|-zpower|p1a: Porygon-Z\n|move|p1a: Porygon-Z|Z-Conversion|p1a: Porygon-Z|[anim]Conversion\n|-boost|p1a: Porygon-Z|atk|1|[zeffect]\n|-boost|p1a: Porygon-Z|def|1|[zeffect]\n|-boost|p1a: Porygon-Z|spa|1|[zeffect]\n|-boost|p1a: Porygon-Z|spd|1|[zeffect]\n|-boost|p1a: Porygon-Z|spe|1|[zeffect]\n|-start|p1a: Porygon-Z|typechange|Ghost\n|move|p2a: Dondozo|Wave Crash|p1a: Porygon-Z\n|-damage|p1a: Porygon-Z|28\/100\n|-damage|p2a: Dondozo|71\/100|[from] Recoil\n|\n|-heal|p2a: Dondozo|77\/100|[from] item: Leftovers\n|upkeep\n|turn|19\n|\n|t:|1699909346\n|-terastallize|p2a: Dondozo|Grass\n|move|p1a: Porygon-Z|Thunderbolt|p2a: Dondozo\n|-resisted|p2a: Dondozo\n|-damage|p2a: Dondozo|67\/100\n|move|p2a: Dondozo|Wave Crash|p1a: Porygon-Z\n|-damage|p1a: Porygon-Z|0 fnt\n|faint|p1a: Porygon-Z\n|-damage|p2a: Dondozo|62\/100|[from] Recoil\n|\n|-heal|p2a: Dondozo|68\/100|[from] item: Leftovers\n|upkeep\n|\n|t:|1699909353\n|switch|p1a: Pelipper|Pelipper, F|32\/100\n|-weather|RainDance|[from] ability: Drizzle|[of] p1a: Pelipper\n|turn|20\n|\n|t:|1699909366\n|switch|p1a: Kingdra|Kingdra, F|100\/100\n|-damage|p1a: Kingdra|84\/100|[from] Spikes\n|switch|p2a: Zapdos|Zapdos|100\/100\n|-damage|p2a: Zapdos|76\/100|[from] Stealth Rock\n|\n|-weather|RainDance|[upkeep]\n|upkeep\n|turn|21\n|\n|t:|1699909375\n|move|p1a: Kingdra|Hydro Pump|p2a: Zapdos\n|-damage|p2a: Zapdos|0 fnt\n|faint|p2a: Zapdos\n|\n|-weather|RainDance|[upkeep]\n|upkeep\n|\n|t:|1699909398\n|switch|p2a: Dondozo|Dondozo, M, tera:Grass|68\/100\n|-damage|p2a: Dondozo|55\/100|[from] Stealth Rock\n|turn|22\n|\n|t:|1699909404\n|move|p1a: Kingdra|Hydro Pump|p2a: Dondozo\n|-resisted|p2a: Dondozo\n|-damage|p2a: Dondozo|16\/100\n|move|p2a: Dondozo|Curse|p2a: Dondozo\n|-unboost|p2a: Dondozo|spe|1\n|-boost|p2a: Dondozo|atk|1\n|-boost|p2a: Dondozo|def|1\n|\n|-weather|RainDance|[upkeep]\n|-heal|p2a: Dondozo|22\/100|[from] item: Leftovers\n|upkeep\n|turn|23\n|\n|t:|1699909410\n|move|p1a: Kingdra|Hydro Pump|p2a: Dondozo\n|-resisted|p2a: Dondozo\n|-damage|p2a: Dondozo|0 fnt\n|faint|p2a: Dondozo\n|\n|-weather|RainDance|[upkeep]\n|upkeep\n|\n|t:|1699909417\n|switch|p2a: Clodsire|Clodsire, M|88\/100\n|-damage|p2a: Clodsire|82\/100|[from] Stealth Rock\n|turn|24\n|\n|t:|1699909420\n|-terastallize|p1a: Kingdra|Water\n|move|p1a: Kingdra|Hydro Pump|p2a: Clodsire\n|-heal|p2a: Clodsire|100\/100|[from] ability: Water Absorb|[of] p1a: Kingdra\n|move|p2a: Clodsire|Toxic|p1a: Kingdra\n|-status|p1a: Kingdra|tox\n|\n|-weather|RainDance|[upkeep]\n|-damage|p1a: Kingdra|78\/100 tox|[from] psn\n|upkeep\n|turn|25\n|\n|t:|1699909427\n|switch|p1a: Umbreon|Umbreon, M|21\/100\n|-damage|p1a: Umbreon|5\/100|[from] Spikes\n|move|p2a: Clodsire|Toxic|p1a: Umbreon\n|-status|p1a: Umbreon|tox\n|-activate|p1a: Umbreon|ability: Synchronize\n|-immune|p2a: Clodsire\n|\n|-weather|RainDance|[upkeep]\n|-heal|p1a: Umbreon|11\/100 tox|[from] item: Leftovers\n|-damage|p1a: Umbreon|5\/100 tox|[from] psn\n|upkeep\n|turn|26\n|\n|t:|1699909433\n|move|p1a: Umbreon|Wish|p1a: Umbreon\n|move|p2a: Clodsire|Earthquake|p1a: Umbreon\n|-damage|p1a: Umbreon|0 fnt\n|faint|p1a: Umbreon\n|\n|-weather|RainDance|[upkeep]\n|upkeep\n|\n|t:|1699909438\n|switch|p1a: Swampert|Swampert-Mega, F|84\/100\n|-damage|p1a: Swampert|68\/100|[from] Spikes\n|turn|27\n|\n|t:|1699909442\n|switch|p2a: Corviknight|Corviknight, M|100\/100\n|-damage|p2a: Corviknight|88\/100|[from] Stealth Rock\n|-ability|p2a: Corviknight|Pressure\n|move|p1a: Swampert|Ice Punch|p2a: Corviknight\n|-damage|p2a: Corviknight|68\/100\n|-damage|p1a: Swampert|51\/100|[from] item: Rocky Helmet|[of] p2a: Corviknight\n|\n|-weather|none\n|-heal|p1a: Swampert|100\/100|[from] move: Wish|[wisher] Umbreon\n|upkeep\n|turn|28\n|\n|t:|1699909449\n|move|p1a: Swampert|Flip Turn|p2a: Corviknight\n|-damage|p2a: Corviknight|44\/100\n|-damage|p1a: Swampert|84\/100|[from] item: Rocky Helmet|[of] p2a: Corviknight\n|\n|t:|1699909453\n|switch|p1a: Pelipper|Pelipper, F|32\/100|[from] Flip Turn\n|-weather|RainDance|[from] ability: Drizzle|[of] p1a: Pelipper\n|move|p2a: Corviknight|Roost|p2a: Corviknight\n|-heal|p2a: Corviknight|94\/100\n|-singleturn|p2a: Corviknight|move: Roost\n|\n|-weather|RainDance|[upkeep]\n|upkeep\n|turn|29\n|\n|t:|1699909460\n|move|p2a: Corviknight|Brave Bird|p1a: Pelipper\n|-damage|p1a: Pelipper|2\/100\n|-damage|p2a: Corviknight|85\/100|[from] Recoil\n|move|p1a: Pelipper|Roost|p1a: Pelipper\n|-heal|p1a: Pelipper|52\/100\n|-singleturn|p1a: Pelipper|move: Roost\n|\n|-weather|RainDance|[upkeep]\n|upkeep\n|turn|30\n|\n|t:|1699909471\n|move|p2a: Corviknight|U-turn|p1a: Pelipper\n|-resisted|p1a: Pelipper\n|-damage|p1a: Pelipper|46\/100\n|\n|t:|1699909474\n|switch|p2a: Clodsire|Clodsire, M|100\/100|[from] U-turn\n|-damage|p2a: Clodsire|94\/100|[from] Stealth Rock\n|move|p1a: Pelipper|Roost|p1a: Pelipper\n|-heal|p1a: Pelipper|96\/100\n|-singleturn|p1a: Pelipper|move: Roost\n|\n|-weather|RainDance|[upkeep]\n|-heal|p2a: Clodsire|100\/100|[from] item: Leftovers\n|upkeep\n|turn|31\n|\n|t:|1699909481\n|move|p1a: Pelipper|Hurricane|p2a: Clodsire\n|-damage|p2a: Clodsire|81\/100\n|-start|p2a: Clodsire|confusion\n|-activate|p2a: Clodsire|confusion\n|move|p2a: Clodsire|Toxic|p1a: Pelipper\n|-status|p1a: Pelipper|tox\n|\n|-weather|RainDance|[upkeep]\n|-heal|p2a: Clodsire|87\/100|[from] item: Leftovers\n|-damage|p1a: Pelipper|90\/100 tox|[from] psn\n|upkeep\n|turn|32\n|\n|t:|1699909486\n|switch|p1a: Kingdra|Kingdra, F, tera:Water|78\/100 tox\n|-damage|p1a: Kingdra|61\/100 tox|[from] Spikes\n|-activate|p2a: Clodsire|confusion\n|move|p2a: Clodsire|Earthquake|p1a: Kingdra\n|-crit|p1a: Kingdra\n|-damage|p1a: Kingdra|11\/100 tox\n|\n|-weather|RainDance|[upkeep]\n|-heal|p2a: Clodsire|94\/100|[from] item: Leftovers\n|-damage|p1a: Kingdra|5\/100 tox|[from] psn\n|upkeep\n|turn|33\n|\n|t:|1699909493\n|move|p1a: Kingdra|Ice Beam|p2a: Clodsire\n|-supereffective|p2a: Clodsire\n|-damage|p2a: Clodsire|51\/100\n|-end|p2a: Clodsire|confusion\n|move|p2a: Clodsire|Recover|p2a: Clodsire\n|-heal|p2a: Clodsire|100\/100\n|\n|-weather|RainDance|[upkeep]\n|-damage|p1a: Kingdra|0 fnt|[from] psn\n|faint|p1a: Kingdra\n|upkeep\n|\n|t:|1699909499\n|switch|p1a: Swampert|Swampert-Mega, F|84\/100\n|-damage|p1a: Swampert|68\/100|[from] Spikes\n|turn|34\n|\n|t:|1699909520\n|move|p1a: Swampert|Earthquake|p2a: Clodsire\n|-supereffective|p2a: Clodsire\n|-damage|p2a: Clodsire|0 fnt\n|faint|p2a: Clodsire\n|\n|-weather|RainDance|[upkeep]\n|upkeep\n|\n|t:|1699909524\n|switch|p2a: Corviknight|Corviknight, M|85\/100\n|-damage|p2a: Corviknight|73\/100|[from] Stealth Rock\n|-ability|p2a: Corviknight|Pressure\n|turn|35\n|\n|t:|1699909529\n|move|p1a: Swampert|Liquidation|p2a: Corviknight\n|-damage|p2a: Corviknight|20\/100\n|-damage|p1a: Swampert|51\/100|[from] item: Rocky Helmet|[of] p2a: Corviknight\n|move|p2a: Corviknight|Roost|p2a: Corviknight\n|-heal|p2a: Corviknight|70\/100\n|-singleturn|p2a: Corviknight|move: Roost\n|\n|-weather|none\n|upkeep\n|turn|36\n|\n|t:|1699909537\n|switch|p1a: Pelipper|Pelipper, F|90\/100 tox\n|-weather|RainDance|[from] ability: Drizzle|[of] p1a: Pelipper\n|move|p2a: Corviknight|Roost|p2a: Corviknight\n|-heal|p2a: Corviknight|100\/100\n|-singleturn|p2a: Corviknight|move: Roost\n|\n|-weather|RainDance|[upkeep]\n|-damage|p1a: Pelipper|84\/100 tox|[from] psn\n|upkeep\n|turn|37\n|\n|t:|1699909543\n|move|p2a: Corviknight|Brave Bird|p1a: Pelipper\n|-damage|p1a: Pelipper|58\/100 tox\n|-damage|p2a: Corviknight|93\/100|[from] Recoil\n|move|p1a: Pelipper|Hydro Pump|p2a: Corviknight\n|-damage|p2a: Corviknight|42\/100\n|\n|-weather|RainDance|[upkeep]\n|-damage|p1a: Pelipper|46\/100 tox|[from] psn\n|upkeep\n|turn|38\n|\n|t:|1699909551\n|move|p2a: Corviknight|Roost|p2a: Corviknight\n|-heal|p2a: Corviknight|92\/100\n|-singleturn|p2a: Corviknight|move: Roost\n|move|p1a: Pelipper|Hydro Pump|p2a: Corviknight\n|-damage|p2a: Corviknight|43\/100\n|\n|-weather|RainDance|[upkeep]\n|-damage|p1a: Pelipper|27\/100 tox|[from] psn\n|upkeep\n|turn|39\n|\n|t:|1699909555\n|move|p2a: Corviknight|Roost|p2a: Corviknight\n|-heal|p2a: Corviknight|93\/100\n|-singleturn|p2a: Corviknight|move: Roost\n|move|p1a: Pelipper|Hydro Pump|p2a: Corviknight|[miss]\n|-miss|p1a: Pelipper|p2a: Corviknight\n|\n|-weather|RainDance|[upkeep]\n|-damage|p1a: Pelipper|2\/100 tox|[from] psn\n|upkeep\n|turn|40\n|inactive|Sukia Play has 270 seconds left.\n|\n|t:|1699909588\n|move|p2a: Corviknight|Brave Bird|p1a: Pelipper\n|-damage|p1a: Pelipper|0 fnt\n|faint|p1a: Pelipper\n|-damage|p2a: Corviknight|92\/100|[from] Recoil\n|\n|-weather|RainDance|[upkeep]\n|upkeep\n|\n|t:|1699909591\n|switch|p1a: Swampert|Swampert-Mega, F|51\/100\n|-damage|p1a: Swampert|35\/100|[from] Spikes\n|turn|41\n|\n|t:|1699909595\n|move|p1a: Swampert|Liquidation|p2a: Corviknight\n|-damage|p2a: Corviknight|44\/100\n|-damage|p1a: Swampert|18\/100|[from] item: Rocky Helmet|[of] p2a: Corviknight\n|move|p2a: Corviknight|Brave Bird|p1a: Swampert\n|-damage|p1a: Swampert|0 fnt\n|faint|p1a: Swampert\n|-damage|p2a: Corviknight|39\/100|[from] Recoil\n|\n|win|Sukia Play\n|c|\u2606MatyXeneise|gg\n|l|\u2606Sukia Play\n","uploadtime":1699909601,"views":12,"p1id":"matyxeneise","p2id":"sukiaplay","formatid":"gen9nationaldex","rating":0,"private":0,"password":""}