{"id":"gen9nationaldex-1996811256","p1":"sowa_limez","p2":"Gonquical","format":"[Gen 9] National Dex","log":"|html|<div class=\"broadcast-blue\"><strong>[Gen 9] National Dex is currently suspecting Sneasler! For information on how to participate check out the <a href=\"https:\/\/www.smogon.com\/forums\/threads\/sv-national-dex-suspect-8-just-dance.3731534\/\">suspect thread<\/a>.<\/strong><\/div>\n|j|\u2606sowa_limez\n|j|\u2606Gonquical\n|t:|1700729183\n|gametype|singles\n|player|p1|sowa_limez|blue-gen1champion|1000\n|player|p2|Gonquical|ghetsis|1088\n|teamsize|p1|6\n|teamsize|p2|6\n|gen|9\n|tier|[Gen 9] National Dex\n|rated|\n|rule|HP Percentage Mod: HP is shown in percentages\n|rule|Endless Battle Clause: Forcing endless battles is banned\n|rule|OHKO Clause: OHKO moves are banned\n|rule|Evasion Clause: Evasion abilities, items, and moves are banned\n|rule|Evasion Abilities Clause: Evasion abilities are banned\n|rule|Evasion Items Clause: Evasion items are banned\n|rule|Evasion Moves Clause: Evasion moves are banned\n|rule|Species Clause: Limit one of each Pok\u00e9mon\n|rule|Sleep Clause Mod: Limit one foe put to sleep\n|clearpoke\n|poke|p1|Granbull, F|\n|poke|p1|Forretress, F|\n|poke|p1|Typhlosion, F|\n|poke|p1|Heracross, F|\n|poke|p1|Yanma, F|\n|poke|p1|Miltank, F|\n|poke|p2|Zoroark-Hisui, M|\n|poke|p2|Lurantis, M|\n|poke|p2|Gliscor, M|\n|poke|p2|Meloetta|\n|poke|p2|Ursaluna, F|\n|poke|p2|Garganacl, M|\n|teampreview\n|\n|t:|1700729203\n|start\n|switch|p1a: Yanma|Yanma, F|100\/100\n|switch|p2a: Gliscor|Gliscor, M|100\/100\n|turn|1\n|\n|t:|1700729210\n|move|p2a: Gliscor|Toxic Spikes|p1a: Yanma\n|-sidestart|p1: sowa_limez|move: Toxic Spikes\n|move|p1a: Yanma|Swords Dance|p1a: Yanma\n|-boost|p1a: Yanma|atk|2\n|\n|-status|p2a: Gliscor|tox|[from] item: Toxic Orb\n|-ability|p1a: Yanma|Speed Boost|boost\n|-boost|p1a: Yanma|spe|1\n|upkeep\n|turn|2\n|\n|t:|1700729219\n|move|p1a: Yanma|Swords Dance|p1a: Yanma\n|-boost|p1a: Yanma|atk|2\n|move|p2a: Gliscor|Toxic Spikes|p1a: Yanma\n|-sidestart|p1: sowa_limez|move: Toxic Spikes\n|\n|-ability|p1a: Yanma|Speed Boost|boost\n|-boost|p1a: Yanma|spe|1\n|upkeep\n|turn|3\n|\n|t:|1700729225\n|move|p1a: Yanma|Swords Dance|p1a: Yanma\n|-boost|p1a: Yanma|atk|2\n|move|p2a: Gliscor|Toxic|p1a: Yanma\n|-status|p1a: Yanma|tox\n|\n|-damage|p1a: Yanma|94\/100 tox|[from] psn\n|-ability|p1a: Yanma|Speed Boost|boost\n|-boost|p1a: Yanma|spe|1\n|upkeep\n|turn|4\n|\n|t:|1700729234\n|move|p2a: Gliscor|Protect|p2a: Gliscor\n|-singleturn|p2a: Gliscor|Protect\n|move|p1a: Yanma|Aerial Ace|p2a: Gliscor\n|-activate|p2a: Gliscor|move: Protect\n|\n|-damage|p1a: Yanma|82\/100 tox|[from] psn\n|-ability|p1a: Yanma|Speed Boost|boost\n|-boost|p1a: Yanma|spe|1\n|upkeep\n|turn|5\n|\n|t:|1700729247\n|switch|p2a: Garganacl|Garganacl, M|100\/100\n|move|p1a: Yanma|Leech Life|p2a: Garganacl\n|-damage|p2a: Garganacl|16\/100\n|-heal|p1a: Yanma|100\/100 tox|[from] drain|[of] p2a: Garganacl\n|\n|-heal|p2a: Garganacl|22\/100|[from] item: Leftovers\n|-damage|p1a: Yanma|82\/100 tox|[from] psn\n|-ability|p1a: Yanma|Speed Boost|boost\n|-boost|p1a: Yanma|spe|1\n|upkeep\n|turn|6\n|\n|t:|1700729258\n|move|p1a: Yanma|Leech Life|p2a: Garganacl\n|-damage|p2a: Garganacl|0 fnt\n|-heal|p1a: Yanma|98\/100 tox|[from] drain|[of] p2a: Garganacl\n|faint|p2a: Garganacl\n|\n|-damage|p1a: Yanma|73\/100 tox|[from] psn\n|-ability|p1a: Yanma|Speed Boost|boost\n|-boost|p1a: Yanma|spe|1\n|upkeep\n|\n|t:|1700729268\n|switch|p2a: Ursaluna|Ursaluna, F|100\/100\n|turn|7\n|\n|t:|1700729274\n|-terastallize|p1a: Yanma|Bug\n|-terastallize|p2a: Ursaluna|Normal\n|move|p2a: Ursaluna|Protect|p2a: Ursaluna\n|-singleturn|p2a: Ursaluna|Protect\n|move|p1a: Yanma|Leech Life|p2a: Ursaluna\n|-activate|p2a: Ursaluna|move: Protect\n|\n|-damage|p1a: Yanma|41\/100 tox|[from] psn\n|-status|p2a: Ursaluna|brn|[from] item: Flame Orb\n|upkeep\n|turn|8\n|\n|t:|1700729285\n|move|p1a: Yanma|Leech Life|p2a: Ursaluna\n|-damage|p2a: Ursaluna|0 fnt\n|-heal|p1a: Yanma|100\/100 tox|[from] drain|[of] p2a: Ursaluna\n|faint|p2a: Ursaluna\n|\n|-damage|p1a: Yanma|63\/100 tox|[from] psn\n|upkeep\n|\n|t:|1700729297\n|switch|p2a: Gliscor|Gliscor, M|100\/100\n|turn|9\n|\n|t:|1700729303\n|move|p1a: Yanma|Aerial Ace|p2a: Gliscor\n|-damage|p2a: Gliscor|0 fnt\n|replace|p2a: Zoroark|Zoroark-Hisui, M\n|-end|p2a: Zoroark|Illusion\n|faint|p2a: Zoroark\n|\n|-damage|p1a: Yanma|19\/100 tox|[from] psn\n|upkeep\n|\n|t:|1700729308\n|switch|p2a: Gliscor|Gliscor, M|100\/100 tox\n|turn|10\n|\n|t:|1700729313\n|switch|p1a: Forretress|Forretress, F|100\/100\n|move|p2a: Gliscor|Protect||[still]\n|-fail|p2a: Gliscor\n|\n|upkeep\n|turn|11\n|\n|t:|1700729319\n|move|p2a: Gliscor|Toxic|p1a: Forretress\n|-immune|p1a: Forretress\n|move|p1a: Forretress|Curse|p1a: Forretress\n|-unboost|p1a: Forretress|spe|1\n|-boost|p1a: Forretress|atk|1\n|-boost|p1a: Forretress|def|1\n|\n|upkeep\n|turn|12\n|\n|t:|1700729324\n|move|p2a: Gliscor|Earthquake|p1a: Forretress\n|-damage|p1a: Forretress|82\/100\n|move|p1a: Forretress|Curse|p1a: Forretress\n|-unboost|p1a: Forretress|spe|1\n|-boost|p1a: Forretress|atk|1\n|-boost|p1a: Forretress|def|1\n|\n|upkeep\n|turn|13\n|\n|t:|1700729331\n|move|p2a: Gliscor|Earthquake|p1a: Forretress\n|-damage|p1a: Forretress|66\/100\n|move|p1a: Forretress|Curse|p1a: Forretress\n|-unboost|p1a: Forretress|spe|1\n|-boost|p1a: Forretress|atk|1\n|-boost|p1a: Forretress|def|1\n|\n|upkeep\n|turn|14\n|inactive|Battle timer is ON: inactive players will automatically lose when time's up. (requested by Gonquical)\n|\n|t:|1700729362\n|switch|p2a: Meloetta|Meloetta|100\/100\n|move|p1a: Forretress|Curse|p1a: Forretress\n|-unboost|p1a: Forretress|spe|1\n|-boost|p1a: Forretress|atk|1\n|-boost|p1a: Forretress|def|1\n|\n|upkeep\n|turn|15\n|\n|t:|1700729368\n|move|p2a: Meloetta|Relic Song|p1a: Forretress\n|-resisted|p1a: Forretress\n|-damage|p1a: Forretress|49\/100\n|-formechange|p2a: Meloetta|Meloetta-Pirouette|[msg]\n|move|p1a: Forretress|Gyro Ball|p2a: Meloetta\n|-damage|p2a: Meloetta|0 fnt\n|faint|p2a: Meloetta\n|\n|upkeep\n|\n|t:|1700729375\n|switch|p2a: Lurantis|Lurantis, M|100\/100\n|turn|16\n|\n|t:|1700729383\n|move|p2a: Lurantis|Superpower|p1a: Forretress\n|-damage|p1a: Forretress|37\/100\n|-boost|p2a: Lurantis|atk|1\n|-boost|p2a: Lurantis|def|1\n|move|p1a: Forretress|Body Press|p2a: Lurantis\n|-damage|p2a: Lurantis|43\/100\n|\n|upkeep\n|turn|17\n|\n|t:|1700729393\n|move|p2a: Lurantis|Rest|p2a: Lurantis\n|-status|p2a: Lurantis|slp|[from] move: Rest\n|-heal|p2a: Lurantis|100\/100 slp|[silent]\n|-enditem|p2a: Lurantis|Chesto Berry|[eat]\n|-curestatus|p2a: Lurantis|slp|[msg]\n|move|p1a: Forretress|Gyro Ball|p2a: Lurantis\n|-damage|p2a: Lurantis|0 fnt\n|faint|p2a: Lurantis\n|\n|upkeep\n|\n|t:|1700729401\n|switch|p2a: Gliscor|Gliscor, M|100\/100 tox\n|turn|18\n|\n|t:|1700729407\n|move|p2a: Gliscor|Earthquake|p1a: Forretress\n|-damage|p1a: Forretress|28\/100\n|move|p1a: Forretress|Gyro Ball|p2a: Gliscor\n|-damage|p2a: Gliscor|0 fnt\n|faint|p2a: Gliscor\n|\n|win|sowa_limez\n|raw|sowa_limez's rating: 1000 &rarr; <strong>1050<\/strong><br \/>(+50 for winning)\n|raw|Gonquical's rating: 1088 &rarr; <strong>1059<\/strong><br \/>(-29 for losing)\n|l|\u2606Gonquical\n|c|\u2606sowa_limez|Gg!\n","uploadtime":1700729468,"views":19,"p1id":"sowalimez","p2id":"gonquical","formatid":"gen9nationaldex","rating":1050,"private":0,"password":""}