{"id":"gen9nationaldex-1995385534","p1":"ffvvvffvg","p2":"D5433","format":"[Gen 9] National Dex","log":"|html|<div class=\"broadcast-blue\"><strong>[Gen 9] National Dex is currently suspecting Sneasler! For information on how to participate check out the <a href=\"https:\/\/www.smogon.com\/forums\/threads\/sv-national-dex-suspect-8-just-dance.3731534\/\">suspect thread<\/a>.<\/strong><\/div>\n|j|\u2606ffvvvffvg\n|j|\u2606D5433\n|t:|1700563622\n|gametype|singles\n|player|p1|ffvvvffvg|medium-gen2jp|1075\n|player|p2|D5433|steven|1200\n|teamsize|p1|6\n|teamsize|p2|5\n|gen|9\n|tier|[Gen 9] National Dex\n|rated|\n|rule|HP Percentage Mod: HP is shown in percentages\n|rule|Endless Battle Clause: Forcing endless battles is banned\n|rule|OHKO Clause: OHKO moves are banned\n|rule|Evasion Clause: Evasion abilities, items, and moves are banned\n|rule|Evasion Abilities Clause: Evasion abilities are banned\n|rule|Evasion Items Clause: Evasion items are banned\n|rule|Evasion Moves Clause: Evasion moves are banned\n|rule|Species Clause: Limit one of each Pok\u00e9mon\n|rule|Sleep Clause Mod: Limit one foe put to sleep\n|clearpoke\n|poke|p1|Araquanid, F|\n|poke|p1|Hawlucha, F|\n|poke|p1|Iron Moth|\n|poke|p1|Kartana|\n|poke|p1|Aerodactyl, M|\n|poke|p1|Manaphy|\n|poke|p2|Urshifu-*, M|\n|poke|p2|Zeraora|\n|poke|p2|Mawile, F|\n|poke|p2|Landorus-Therian, M|\n|poke|p2|Tapu Lele|\n|teampreview\n|inactive|Battle timer is ON: inactive players will automatically lose when time's up. (requested by D5433)\n|inactive|D5433 has 120 seconds left.\n|\n|t:|1700563656\n|start\n|switch|p1a: Aghemmor Nakh|Araquanid, F|100\/100\n|switch|p2a: Tapu Lele|Tapu Lele, shiny|100\/100\n|-fieldstart|move: Psychic Terrain|[from] ability: Psychic Surge|[of] p2a: Tapu Lele\n|turn|1\n|\n|t:|1700563671\n|move|p2a: Tapu Lele|Calm Mind|p2a: Tapu Lele\n|-boost|p2a: Tapu Lele|spa|1\n|-boost|p2a: Tapu Lele|spd|1\n|move|p1a: Aghemmor Nakh|Sticky Web|p2a: Tapu Lele\n|-sidestart|p2: D5433|move: Sticky Web\n|\n|upkeep\n|turn|2\n|\n|t:|1700563685\n|move|p2a: Tapu Lele|Calm Mind|p2a: Tapu Lele\n|-boost|p2a: Tapu Lele|spa|1\n|-boost|p2a: Tapu Lele|spd|1\n|move|p1a: Aghemmor Nakh|Liquidation|p2a: Tapu Lele\n|-damage|p2a: Tapu Lele|0 fnt\n|faint|p2a: Tapu Lele\n|\n|upkeep\n|c|\u2606D5433|wtf\n|\n|t:|1700563698\n|switch|p2a: Zeraora|Zeraora, shiny|100\/100\n|-activate|p2a: Zeraora|move: Sticky Web\n|-unboost|p2a: Zeraora|spe|1\n|turn|3\n|\n|t:|1700563704\n|-terastallize|p1a: Aghemmor Nakh|Electric\n|move|p2a: Zeraora|Fake Out|p1a: Aghemmor Nakh\n|-activate|p1a: Aghemmor Nakh|move: Psychic Terrain\n|move|p1a: Aghemmor Nakh|Liquidation|p2a: Zeraora\n|-damage|p2a: Zeraora|16\/100\n|\n|upkeep\n|turn|4\n|\n|t:|1700563713\n|move|p2a: Zeraora|Outrage|p1a: Aghemmor Nakh\n|-damage|p1a: Aghemmor Nakh|58\/100\n|move|p1a: Aghemmor Nakh|Leech Life|p2a: Zeraora\n|-damage|p2a: Zeraora|0 fnt\n|-heal|p1a: Aghemmor Nakh|66\/100|[from] drain|[of] p2a: Zeraora\n|faint|p2a: Zeraora\n|\n|upkeep\n|\n|t:|1700563726\n|switch|p2a: Mawile|Mawile, F, shiny|100\/100\n|-activate|p2a: Mawile|move: Sticky Web\n|-unboost|p2a: Mawile|spe|1\n|-ability|p2a: Mawile|Intimidate|boost\n|-unboost|p1a: Aghemmor Nakh|atk|1\n|turn|5\n|\n|t:|1700563741\n|switch|p1a: AllesvernichtndaHN|Hawlucha, F|100\/100\n|detailschange|p2a: Mawile|Mawile-Mega, F, shiny\n|-mega|p2a: Mawile|Mawile|Mawilite\n|move|p2a: Mawile|Swords Dance|p2a: Mawile\n|-boost|p2a: Mawile|atk|2\n|-enditem|p1a: AllesvernichtndaHN|Mirror Herb\n|-boost|p1a: AllesvernichtndaHN|atk|2|[from] item: Mirror Herb\n|\n|-fieldend|move: Psychic Terrain\n|upkeep\n|turn|6\n|\n|t:|1700563753\n|move|p1a: AllesvernichtndaHN|Fire Punch|p2a: Mawile\n|-supereffective|p2a: Mawile\n|-damage|p2a: Mawile|0 fnt\n|faint|p2a: Mawile\n|\n|upkeep\n|inactive|D5433 has 120 seconds left.\n|\n|t:|1700563780\n|switch|p2a: Landorus|Landorus-Therian, M|100\/100\n|-ability|p2a: Landorus|Intimidate|boost\n|-unboost|p1a: AllesvernichtndaHN|atk|1\n|turn|7\n|inactive|D5433 has 120 seconds left.\n|\n|t:|1700563795\n|move|p1a: AllesvernichtndaHN|Acrobatics|p2a: Landorus\n|-damage|p2a: Landorus|8\/100\n|-damage|p1a: AllesvernichtndaHN|84\/100|[from] item: Rocky Helmet|[of] p2a: Landorus\n|move|p2a: Landorus|Stone Edge|p1a: AllesvernichtndaHN\n|-damage|p1a: AllesvernichtndaHN|33\/100\n|\n|upkeep\n|turn|8\n|inactive|D5433 has 120 seconds left.\n|\n|t:|1700563805\n|move|p1a: AllesvernichtndaHN|Drain Punch|p2a: Landorus\n|-resisted|p2a: Landorus\n|-crit|p2a: Landorus\n|-damage|p2a: Landorus|0 fnt\n|-heal|p1a: AllesvernichtndaHN|37\/100|[from] drain|[of] p2a: Landorus\n|-damage|p1a: AllesvernichtndaHN|20\/100|[from] item: Rocky Helmet|[of] p2a: Landorus\n|faint|p2a: Landorus\n|\n|upkeep\n|-message|D5433 forfeited.\n|\n|win|ffvvvffvg\n|raw|ffvvvffvg's rating: 1057 &rarr; <strong>1101<\/strong><br \/>(+44 for winning)\n|raw|D5433's rating: 1200 &rarr; <strong>1165<\/strong><br \/>(-35 for losing)\n|l|\u2606D5433\n","uploadtime":1700563813,"views":6,"p1id":"ffvvvffvg","p2id":"d5433","formatid":"gen9nationaldex","rating":1101,"private":0,"password":""}