{"id":"gen9nationaldex-1995381358","p1":"Lodef","p2":"Viruskilleryt2","format":"[Gen 9] National Dex","log":"|html|<div class=\"broadcast-blue\"><strong>[Gen 9] National Dex is currently suspecting Sneasler! For information on how to participate check out the <a href=\"https:\/\/www.smogon.com\/forums\/threads\/sv-national-dex-suspect-8-just-dance.3731534\/\">suspect thread<\/a>.<\/strong><\/div>\n|j|\u2606Lodef\n|j|\u2606Viruskilleryt2\n|t:|1700563012\n|gametype|singles\n|player|p1|Lodef|102|1010\n|player|p2|Viruskilleryt2|102|1105\n|teamsize|p1|6\n|teamsize|p2|6\n|gen|9\n|tier|[Gen 9] National Dex\n|rated|\n|rule|HP Percentage Mod: HP is shown in percentages\n|rule|Endless Battle Clause: Forcing endless battles is banned\n|rule|OHKO Clause: OHKO moves are banned\n|rule|Evasion Clause: Evasion abilities, items, and moves are banned\n|rule|Evasion Abilities Clause: Evasion abilities are banned\n|rule|Evasion Items Clause: Evasion items are banned\n|rule|Evasion Moves Clause: Evasion moves are banned\n|rule|Species Clause: Limit one of each Pok\u00e9mon\n|rule|Sleep Clause Mod: Limit one foe put to sleep\n|clearpoke\n|poke|p1|Pelipper, M|\n|poke|p1|Inteleon, M|\n|poke|p1|Landorus-Therian, M|\n|poke|p1|Ogerpon-Wellspring, F|\n|poke|p1|Basculegion-F, F|\n|poke|p1|Greninja-*, M|\n|poke|p2|Krookodile, F|\n|poke|p2|Greninja-*, F|\n|poke|p2|Charizard, F|\n|poke|p2|Kleavor, F|\n|poke|p2|Sceptile, F|\n|poke|p2|Toxtricity, F|\n|teampreview\n|\n|t:|1700563017\n|start\n|switch|p1a: Landorus|Landorus-Therian, M, shiny|100\/100\n|switch|p2a: the rockler|Kleavor, F|100\/100\n|-ability|p1a: Landorus|Intimidate|boost\n|-unboost|p2a: the rockler|atk|1\n|turn|1\n|inactive|Battle timer is ON: inactive players will automatically lose when time's up. (requested by Lodef)\n|\n|t:|1700563025\n|move|p2a: the rockler|Stone Axe|p1a: Landorus\n|-damage|p1a: Landorus|77\/100\n|-sidestart|p1: Lodef|move: Stealth Rock\n|move|p1a: Landorus|Block|p2a: the rockler\n|-activate|p2a: the rockler|trapped\n|\n|-heal|p1a: Landorus|83\/100|[from] item: Leftovers\n|upkeep\n|turn|2\n|\n|t:|1700563036\n|move|p2a: the rockler|Psycho Cut|p1a: Landorus\n|-crit|p1a: Landorus\n|-damage|p1a: Landorus|46\/100\n|move|p1a: Landorus|Bulldoze|p2a: the rockler\n|-damage|p2a: the rockler|66\/100\n|-unboost|p2a: the rockler|spe|1\n|\n|-heal|p1a: Landorus|52\/100|[from] item: Leftovers\n|upkeep\n|turn|3\n|\n|t:|1700563044\n|move|p1a: Landorus|Bulldoze|p2a: the rockler\n|-damage|p2a: the rockler|31\/100\n|-unboost|p2a: the rockler|spe|1\n|move|p2a: the rockler|Psycho Cut|p1a: Landorus\n|-damage|p1a: Landorus|34\/100\n|\n|-heal|p1a: Landorus|40\/100|[from] item: Leftovers\n|upkeep\n|turn|4\n|\n|t:|1700563052\n|switch|p1a: Pelipper|Pelipper, M|100\/100\n|-damage|p1a: Pelipper|75\/100|[from] Stealth Rock\n|-weather|RainDance|[from] ability: Drizzle|[of] p1a: Pelipper\n|move|p2a: the rockler|Roost|p2a: the rockler\n|-heal|p2a: the rockler|81\/100\n|-singleturn|p2a: the rockler|move: Roost\n|\n|-weather|RainDance|[upkeep]\n|upkeep\n|turn|5\n|\n|t:|1700563061\n|move|p1a: Pelipper|Chilling Water|p2a: the rockler\n|-supereffective|p2a: the rockler\n|-damage|p2a: the rockler|29\/100\n|-unboost|p2a: the rockler|atk|1\n|move|p2a: the rockler|Stone Axe|p1a: Pelipper\n|-supereffective|p1a: Pelipper\n|-damage|p1a: Pelipper|33\/100\n|\n|-weather|RainDance|[upkeep]\n|upkeep\n|turn|6\n|\n|t:|1700563071\n|switch|p1a: Landorus|Landorus-Therian, M, shiny|40\/100\n|-damage|p1a: Landorus|27\/100|[from] Stealth Rock\n|-ability|p1a: Landorus|Intimidate|boost\n|-unboost|p2a: the rockler|atk|1\n|move|p2a: the rockler|Stone Axe|p1a: Landorus\n|-damage|p1a: Landorus|14\/100\n|\n|-weather|RainDance|[upkeep]\n|-heal|p1a: Landorus|20\/100|[from] item: Leftovers\n|upkeep\n|turn|7\n|\n|t:|1700563085\n|switch|p1a: Pelipper|Pelipper, M|33\/100\n|-damage|p1a: Pelipper|8\/100|[from] Stealth Rock\n|move|p2a: the rockler|Psycho Cut|p1a: Pelipper\n|-damage|p1a: Pelipper|0 fnt\n|faint|p1a: Pelipper\n|\n|-weather|RainDance|[upkeep]\n|upkeep\n|\n|t:|1700563093\n|switch|p1a: Landorus|Landorus-Therian, M, shiny|20\/100\n|-damage|p1a: Landorus|7\/100|[from] Stealth Rock\n|-ability|p1a: Landorus|Intimidate|boost\n|-unboost|p2a: the rockler|atk|1\n|turn|8\n|\n|t:|1700563102\n|move|p1a: Landorus|Block|p2a: the rockler\n|-activate|p2a: the rockler|trapped\n|move|p2a: the rockler|Stone Axe|p1a: Landorus\n|-damage|p1a: Landorus|0 fnt\n|faint|p1a: Landorus\n|\n|-weather|RainDance|[upkeep]\n|upkeep\n|\n|t:|1700563113\n|switch|p1a: Ogerpon|Ogerpon-Wellspring, F|100\/100\n|-damage|p1a: Ogerpon|88\/100|[from] Stealth Rock\n|turn|9\n|\n|t:|1700563118\n|move|p1a: Ogerpon|Swords Dance|p1a: Ogerpon\n|-boost|p1a: Ogerpon|atk|2\n|move|p2a: the rockler|X-Scissor|p1a: Ogerpon\n|-supereffective|p1a: Ogerpon\n|-crit|p1a: Ogerpon\n|-damage|p1a: Ogerpon|0 fnt\n|faint|p1a: Ogerpon\n|\n|-weather|RainDance|[upkeep]\n|upkeep\n|\n|t:|1700563127\n|switch|p1a: Basculegion|Basculegion-F, F|100\/100\n|-damage|p1a: Basculegion|88\/100|[from] Stealth Rock\n|turn|10\n|\n|t:|1700563133\n|move|p1a: Basculegion|Liquidation|p2a: the rockler\n|-supereffective|p2a: the rockler\n|-damage|p2a: the rockler|0 fnt\n|faint|p2a: the rockler\n|\n|-weather|RainDance|[upkeep]\n|upkeep\n|\n|t:|1700563137\n|switch|p2a: Toxtricity|Toxtricity, F, shiny|100\/100\n|turn|11\n|\n|t:|1700563140\n|move|p1a: Basculegion|Liquidation|p2a: Toxtricity\n|-damage|p2a: Toxtricity|0 fnt\n|faint|p2a: Toxtricity\n|\n|-weather|none\n|upkeep\n|\n|t:|1700563161\n|switch|p2a: slash|Sceptile, F|100\/100\n|turn|12\n|\n|t:|1700563165\n|switch|p1a: Greninja|Greninja, M|100\/100\n|-damage|p1a: Greninja|88\/100|[from] Stealth Rock\n|move|p2a: slash|Leaf Blade|p1a: Greninja\n|-supereffective|p1a: Greninja\n|-damage|p1a: Greninja|0 fnt\n|faint|p1a: Greninja\n|\n|upkeep\n|\n|t:|1700563174\n|switch|p1a: Inteleon|Inteleon, M, shiny|100\/100\n|-damage|p1a: Inteleon|88\/100|[from] Stealth Rock\n|turn|13\n|\n|t:|1700563181\n|move|p1a: Inteleon|Air Slash|p2a: slash\n|-supereffective|p2a: slash\n|-damage|p2a: slash|2\/100\n|-enditem|p2a: slash|Weakness Policy\n|-boost|p2a: slash|atk|2|[from] item: Weakness Policy\n|-boost|p2a: slash|spa|2|[from] item: Weakness Policy\n|move|p2a: slash|Leaf Blade|p1a: Inteleon\n|-supereffective|p1a: Inteleon\n|-damage|p1a: Inteleon|0 fnt\n|faint|p1a: Inteleon\n|\n|upkeep\n|\n|t:|1700563190\n|switch|p1a: Basculegion|Basculegion-F, F|88\/100\n|-damage|p1a: Basculegion|76\/100|[from] Stealth Rock\n|turn|14\n|\n|t:|1700563195\n|move|p1a: Basculegion|Aqua Jet|p2a: slash\n|-resisted|p2a: slash\n|-damage|p2a: slash|0 fnt\n|faint|p2a: slash\n|\n|upkeep\n|\n|t:|1700563199\n|switch|p2a: raxter|Krookodile, F|100\/100\n|turn|15\n|\n|t:|1700563203\n|-terastallize|p1a: Basculegion|Water\n|move|p1a: Basculegion|Aqua Jet|p2a: raxter\n|-supereffective|p2a: raxter\n|-crit|p2a: raxter\n|-damage|p2a: raxter|0 fnt\n|faint|p2a: raxter\n|\n|upkeep\n|\n|t:|1700563206\n|switch|p2a: storm|Greninja, F|100\/100\n|turn|16\n|\n|t:|1700563211\n|move|p1a: Basculegion|Aqua Jet|p2a: storm\n|-resisted|p2a: storm\n|-damage|p2a: storm|78\/100\n|move|p2a: storm|Ice Beam|p1a: Basculegion\n|-start|p2a: storm|typechange|Ice|[from] ability: Protean\n|-resisted|p1a: Basculegion\n|-damage|p1a: Basculegion|56\/100\n|\n|upkeep\n|turn|17\n|\n|t:|1700563218\n|move|p1a: Basculegion|Aqua Jet|p2a: storm\n|-damage|p2a: storm|40\/100\n|move|p2a: storm|Ice Beam|p1a: Basculegion\n|-resisted|p1a: Basculegion\n|-damage|p1a: Basculegion|40\/100\n|\n|upkeep\n|turn|18\n|\n|t:|1700563225\n|move|p1a: Basculegion|Aqua Jet|p2a: storm\n|-damage|p2a: storm|0 fnt\n|faint|p2a: storm\n|\n|upkeep\n|\n|t:|1700563227\n|switch|p2a: Charcoal|Charizard, F|100\/100\n|turn|19\n|\n|t:|1700563231\n|detailschange|p2a: Charcoal|Charizard-Mega-Y, F\n|-mega|p2a: Charcoal|Charizard|Charizardite Y\n|-weather|SunnyDay|[from] ability: Drought|[of] p2a: Charcoal\n|move|p1a: Basculegion|Aqua Jet|p2a: Charcoal\n|-supereffective|p2a: Charcoal\n|-damage|p2a: Charcoal|59\/100\n|move|p2a: Charcoal|Solar Beam||[still]\n|-prepare|p2a: Charcoal|Solar Beam\n|-anim|p2a: Charcoal|Solar Beam|p1a: Basculegion\n|-supereffective|p1a: Basculegion\n|-damage|p1a: Basculegion|0 fnt\n|faint|p1a: Basculegion\n|\n|win|Viruskilleryt2\n|raw|Lodef's rating: 1010 &rarr; <strong>1002<\/strong><br \/>(-8 for losing)\n|raw|Viruskilleryt2's rating: 1105 &rarr; <strong>1123<\/strong><br \/>(+18 for winning)\n","uploadtime":1700563237,"views":2,"p1id":"lodef","p2id":"viruskilleryt2","formatid":"gen9nationaldex","rating":1002,"private":0,"password":""}