{"id":"gen9nationaldex-1988079299","p1":"ReptileMedias","p2":"bailanxiaozi","format":"[Gen 9] National Dex","log":"|j|\u2606ReptileMedias\n|j|\u2606bailanxiaozi\n|t:|1699666975\n|gametype|singles\n|player|p1|ReptileMedias|may-gen3rs|1274\n|player|p2|bailanxiaozi|steven|1389\n|teamsize|p1|6\n|teamsize|p2|6\n|gen|9\n|tier|[Gen 9] National Dex\n|rated|\n|rule|HP Percentage Mod: HP is shown in percentages\n|rule|Endless Battle Clause: Forcing endless battles is banned\n|rule|OHKO Clause: OHKO moves are banned\n|rule|Evasion Clause: Evasion abilities, items, and moves are banned\n|rule|Evasion Abilities Clause: Evasion abilities are banned\n|rule|Evasion Items Clause: Evasion items are banned\n|rule|Evasion Moves Clause: Evasion moves are banned\n|rule|Species Clause: Limit one of each Pok\u00e9mon\n|rule|Sleep Clause Mod: Limit one foe put to sleep\n|clearpoke\n|poke|p1|Scizor, M|\n|poke|p1|Venusaur, M|\n|poke|p1|Arcanine, M|\n|poke|p1|Crawdaunt, M|\n|poke|p1|Jolteon, M|\n|poke|p1|Crobat, M|\n|poke|p2|Ogerpon-Wellspring, F|\n|poke|p2|Sneasler, F|\n|poke|p2|Scizor, M|\n|poke|p2|Garganacl, M|\n|poke|p2|Heatran, F|\n|poke|p2|Great Tusk|\n|teampreview\n|inactive|Battle timer is ON: inactive players will automatically lose when time's up. (requested by bailanxiaozi)\n|\n|t:|1699666988\n|start\n|switch|p1a: Lobstarno|Crawdaunt, M|100\/100\n|switch|p2a: Ogerpon|Ogerpon-Wellspring, F|100\/100\n|turn|1\n|\n|t:|1699666996\n|switch|p1a: Bullet Ant|Scizor, M|100\/100\n|move|p2a: Ogerpon|Horn Leech|p1a: Bullet Ant\n|-resisted|p1a: Bullet Ant\n|-damage|p1a: Bullet Ant|93\/100\n|-damage|p2a: Ogerpon|84\/100|[from] item: Rocky Helmet|[of] p1a: Bullet Ant\n|\n|upkeep\n|turn|2\n|\n|t:|1699667006\n|-terastallize|p2a: Ogerpon|Water\n|detailschange|p2a: Ogerpon|Ogerpon-Wellspring-Tera, F, tera:Water\n|-ability|p2a: Ogerpon|Embody Aspect (Wellspring)|boost\n|-boost|p2a: Ogerpon|spd|1\n|move|p2a: Ogerpon|Horn Leech|p1a: Bullet Ant\n|-resisted|p1a: Bullet Ant\n|-damage|p1a: Bullet Ant|85\/100\n|-heal|p2a: Ogerpon|89\/100|[from] drain|[of] p1a: Bullet Ant\n|-damage|p2a: Ogerpon|72\/100|[from] item: Rocky Helmet|[of] p1a: Bullet Ant\n|move|p1a: Bullet Ant|Knock Off|p2a: Ogerpon\n|-damage|p2a: Ogerpon|44\/100\n|\n|upkeep\n|turn|3\n|\n|t:|1699667017\n|switch|p2a: Scizor|Scizor, M|100\/100\n|move|p1a: Bullet Ant|Swords Dance|p1a: Bullet Ant\n|-boost|p1a: Bullet Ant|atk|2\n|\n|upkeep\n|turn|4\n|\n|t:|1699667023\n|detailschange|p2a: Scizor|Scizor-Mega, M\n|-mega|p2a: Scizor|Scizor|Scizorite\n|move|p2a: Scizor|Close Combat|p1a: Bullet Ant\n|-damage|p1a: Bullet Ant|55\/100\n|-unboost|p2a: Scizor|def|1\n|-unboost|p2a: Scizor|spd|1\n|-damage|p2a: Scizor|84\/100|[from] item: Rocky Helmet|[of] p1a: Bullet Ant\n|move|p1a: Bullet Ant|Swords Dance|p1a: Bullet Ant\n|-boost|p1a: Bullet Ant|atk|2\n|\n|upkeep\n|turn|5\n|\n|t:|1699667029\n|move|p2a: Scizor|U-turn|p1a: Bullet Ant\n|-resisted|p1a: Bullet Ant\n|-damage|p1a: Bullet Ant|42\/100\n|-damage|p2a: Scizor|67\/100|[from] item: Rocky Helmet|[of] p1a: Bullet Ant\n|\n|t:|1699667032\n|switch|p2a: Great Tusk|Great Tusk|100\/100|[from] U-turn\n|move|p1a: Bullet Ant|Bug Bite|p2a: Great Tusk\n|-resisted|p2a: Great Tusk\n|-damage|p2a: Great Tusk|57\/100\n|\n|upkeep\n|turn|6\n|\n|t:|1699667040\n|move|p1a: Bullet Ant|Bullet Punch|p2a: Great Tusk\n|-damage|p2a: Great Tusk|0 fnt\n|faint|p2a: Great Tusk\n|-end|p2a: Great Tusk|Protosynthesis|[silent]\n|\n|upkeep\n|\n|t:|1699667046\n|switch|p2a: \uff02|Heatran, F|100\/100\n|turn|7\n|\n|t:|1699667049\n|switch|p1a: Adult|Arcanine, M|100\/100\n|move|p2a: \uff02|Magma Storm|p1a: Adult\n|-start|p1a: Adult|ability: Flash Fire\n|\n|upkeep\n|turn|8\n|\n|t:|1699667056\n|move|p1a: Adult|Bulldoze|p2a: \uff02\n|-supereffective|p2a: \uff02\n|-damage|p2a: \uff02|40\/100\n|-unboost|p2a: \uff02|spe|1\n|move|p2a: \uff02|Earth Power|p1a: Adult\n|-supereffective|p1a: Adult\n|-damage|p1a: Adult|38\/100\n|-unboost|p1a: Adult|spd|1\n|\n|-heal|p1a: Adult|45\/100|[from] item: Leftovers\n|-heal|p2a: \uff02|47\/100|[from] item: Leftovers\n|upkeep\n|turn|9\n|\n|t:|1699667064\n|switch|p2a: Ogerpon|Ogerpon-Wellspring-Tera, F, tera:Water|44\/100\n|-ability|p2a: Ogerpon|Embody Aspect (Wellspring)|boost\n|-boost|p2a: Ogerpon|spd|1\n|move|p1a: Adult|Bulldoze|p2a: Ogerpon\n|-damage|p2a: Ogerpon|19\/100\n|-unboost|p2a: Ogerpon|spe|1\n|\n|-heal|p1a: Adult|51\/100|[from] item: Leftovers\n|upkeep\n|turn|10\n|\n|t:|1699667068\n|move|p1a: Adult|Extreme Speed|p2a: Ogerpon\n|-damage|p2a: Ogerpon|0 fnt\n|faint|p2a: Ogerpon\n|\n|-heal|p1a: Adult|57\/100|[from] item: Leftovers\n|upkeep\n|\n|t:|1699667075\n|switch|p2a: Garganacl|Garganacl, M|100\/100\n|turn|11\n|\n|t:|1699667090\n|-end|p1a: Adult|ability: Flash Fire|[silent]\n|switch|p1a: Lobstarno|Crawdaunt, M|100\/100\n|move|p2a: Garganacl|Salt Cure|p1a: Lobstarno\n|-damage|p1a: Lobstarno|81\/100\n|-start|p1a: Lobstarno|Salt Cure\n|\n|-damage|p1a: Lobstarno|56\/100|[from] Salt Cure\n|upkeep\n|turn|12\n|\n|t:|1699667098\n|switch|p2a: Scizor|Scizor-Mega, M|67\/100\n|move|p1a: Lobstarno|Crabhammer|p2a: Scizor|[miss]\n|-miss|p1a: Lobstarno|p2a: Scizor\n|\n|-damage|p1a: Lobstarno|31\/100|[from] Salt Cure\n|upkeep\n|turn|13\n|\n|t:|1699667104\n|switch|p1a: Bullet Ant|Scizor, M|42\/100\n|move|p2a: Scizor|U-turn|p1a: Bullet Ant\n|-resisted|p1a: Bullet Ant\n|-damage|p1a: Bullet Ant|28\/100\n|-damage|p2a: Scizor|51\/100|[from] item: Rocky Helmet|[of] p1a: Bullet Ant\n|\n|t:|1699667110\n|switch|p2a: \uff02|Heatran, F|47\/100|[from] U-turn\n|\n|-heal|p2a: \uff02|53\/100|[from] item: Leftovers\n|upkeep\n|turn|14\n|\n|t:|1699667119\n|move|p1a: Bullet Ant|Bullet Punch|p2a: \uff02\n|-resisted|p2a: \uff02\n|-crit|p2a: \uff02\n|-damage|p2a: \uff02|44\/100\n|move|p2a: \uff02|Stealth Rock|p1a: Bullet Ant\n|-sidestart|p1: ReptileMedias|move: Stealth Rock\n|\n|-heal|p2a: \uff02|50\/100|[from] item: Leftovers\n|upkeep\n|turn|15\n|\n|t:|1699667125\n|move|p2a: \uff02|Magma Storm|p1a: Bullet Ant|[miss]\n|-miss|p2a: \uff02|p1a: Bullet Ant\n|move|p1a: Bullet Ant|Knock Off|p2a: \uff02\n|-damage|p2a: \uff02|26\/100\n|-enditem|p2a: \uff02|Leftovers|[from] move: Knock Off|[of] p1a: Bullet Ant\n|\n|upkeep\n|turn|16\n|\n|t:|1699667130\n|switch|p1a: Adult|Arcanine, M|57\/100\n|-damage|p1a: Adult|32\/100|[from] Stealth Rock\n|move|p2a: \uff02|Earth Power|p1a: Adult\n|-supereffective|p1a: Adult\n|-damage|p1a: Adult|0 fnt\n|faint|p1a: Adult\n|\n|upkeep\n|\n|t:|1699667146\n|switch|p1a: Sharp David|Jolteon, M|100\/100\n|-damage|p1a: Sharp David|88\/100|[from] Stealth Rock\n|turn|17\n|\n|t:|1699667150\n|-terastallize|p1a: Sharp David|Electric\n|move|p1a: Sharp David|Thunderbolt|p2a: \uff02\n|-damage|p2a: \uff02|0 fnt\n|faint|p2a: \uff02\n|\n|upkeep\n|\n|t:|1699667156\n|switch|p2a: Garganacl|Garganacl, M|100\/100\n|turn|18\n|\n|t:|1699667163\n|move|p1a: Sharp David|Thunderbolt|p2a: Garganacl\n|-damage|p2a: Garganacl|37\/100\n|move|p2a: Garganacl|Salt Cure|p1a: Sharp David\n|-damage|p1a: Sharp David|63\/100\n|-start|p1a: Sharp David|Salt Cure\n|\n|-heal|p2a: Garganacl|43\/100|[from] item: Leftovers\n|-damage|p1a: Sharp David|50\/100|[from] Salt Cure\n|upkeep\n|turn|19\n|\n|t:|1699667170\n|move|p1a: Sharp David|Thunderbolt|p2a: Garganacl\n|-damage|p2a: Garganacl|0 fnt\n|faint|p2a: Garganacl\n|\n|-damage|p1a: Sharp David|38\/100|[from] Salt Cure\n|upkeep\n|\n|t:|1699667172\n|switch|p2a: Scizor|Scizor-Mega, M|51\/100\n|turn|20\n|\n|t:|1699667179\n|switch|p1a: Bullet Ant|Scizor, M|28\/100\n|-damage|p1a: Bullet Ant|16\/100|[from] Stealth Rock\n|move|p2a: Scizor|Bullet Punch|p1a: Bullet Ant\n|-resisted|p1a: Bullet Ant\n|-damage|p1a: Bullet Ant|5\/100\n|-damage|p2a: Scizor|34\/100|[from] item: Rocky Helmet|[of] p1a: Bullet Ant\n|\n|upkeep\n|turn|21\n|\n|t:|1699667182\n|move|p1a: Bullet Ant|Bullet Punch|p2a: Scizor\n|-resisted|p2a: Scizor\n|-damage|p2a: Scizor|25\/100\n|move|p2a: Scizor|Roost|p2a: Scizor\n|-heal|p2a: Scizor|75\/100\n|-singleturn|p2a: Scizor|move: Roost\n|\n|upkeep\n|turn|22\n|\n|t:|1699667186\n|move|p2a: Scizor|U-turn|p1a: Bullet Ant\n|-resisted|p1a: Bullet Ant\n|-damage|p1a: Bullet Ant|0 fnt\n|-damage|p2a: Scizor|58\/100|[from] item: Rocky Helmet|[of] p1a: Bullet Ant\n|faint|p1a: Bullet Ant\n|\n|t:|1699667188\n|switch|p2a: Sneasler|Sneasler, F|100\/100|[from] U-turn\n|\n|upkeep\n|\n|t:|1699667192\n|switch|p1a: COw bat (lol)|Crobat, M|100\/100\n|turn|23\n|\n|t:|1699667196\n|switch|p2a: Scizor|Scizor-Mega, M|58\/100\n|move|p1a: COw bat (lol)|Air Slash|p2a: Scizor\n|-damage|p2a: Scizor|34\/100\n|\n|upkeep\n|turn|24\n|\n|t:|1699667200\n|move|p2a: Scizor|Bullet Punch|p1a: COw bat (lol)\n|-damage|p1a: COw bat (lol)|65\/100\n|move|p1a: COw bat (lol)|Heat Wave|p2a: Scizor\n|-supereffective|p2a: Scizor\n|-crit|p2a: Scizor\n|-damage|p2a: Scizor|0 fnt\n|faint|p2a: Scizor\n|\n|upkeep\n|\n|t:|1699667204\n|switch|p2a: Sneasler|Sneasler, F|100\/100\n|turn|25\n|\n|t:|1699667207\n|move|p2a: Sneasler|Fake Out|p1a: COw bat (lol)\n|-enditem|p2a: Sneasler|Normal Gem|[from] gem\n|-damage|p1a: COw bat (lol)|38\/100\n|cant|p1a: COw bat (lol)|flinch\n|\n|upkeep\n|turn|26\n|\n|t:|1699667210\n|move|p2a: Sneasler|Dire Claw|p1a: COw bat (lol)\n|-resisted|p1a: COw bat (lol)\n|-damage|p1a: COw bat (lol)|8\/100\n|-status|p1a: COw bat (lol)|slp\n|cant|p1a: COw bat (lol)|slp\n|\n|upkeep\n|turn|27\n|\n|t:|1699667215\n|move|p2a: Sneasler|Dire Claw|p1a: COw bat (lol)\n|-resisted|p1a: COw bat (lol)\n|-damage|p1a: COw bat (lol)|0 fnt\n|faint|p1a: COw bat (lol)\n|\n|upkeep\n|\n|t:|1699667225\n|switch|p1a: Lobstarno|Crawdaunt, M|31\/100\n|-damage|p1a: Lobstarno|19\/100|[from] Stealth Rock\n|turn|28\n|\n|t:|1699667228\n|move|p1a: Lobstarno|Aqua Jet|p2a: Sneasler\n|-damage|p2a: Sneasler|23\/100\n|move|p2a: Sneasler|Dire Claw|p1a: Lobstarno\n|-damage|p1a: Lobstarno|0 fnt\n|faint|p1a: Lobstarno\n|\n|upkeep\n|\n|t:|1699667234\n|switch|p1a: Penusaur|Venusaur, M|100\/100\n|-damage|p1a: Penusaur|88\/100|[from] Stealth Rock\n|turn|29\n|\n|t:|1699667240\n|detailschange|p1a: Penusaur|Venusaur-Mega, M\n|-mega|p1a: Penusaur|Venusaur|Venusaurite\n|move|p2a: Sneasler|Acrobatics|p1a: Penusaur\n|-supereffective|p1a: Penusaur\n|-damage|p1a: Penusaur|18\/100\n|move|p1a: Penusaur|Earth Power|p2a: Sneasler\n|-supereffective|p2a: Sneasler\n|-damage|p2a: Sneasler|0 fnt\n|faint|p2a: Sneasler\n|\n|win|ReptileMedias\n|raw|ReptileMedias's rating: 1274 &rarr; <strong>1307<\/strong><br \/>(+33 for winning)\n|raw|bailanxiaozi's rating: 1389 &rarr; <strong>1363<\/strong><br \/>(-26 for losing)\n|l|\u2606bailanxiaozi\n","uploadtime":1699667250,"views":4,"p1id":"reptilemedias","p2id":"bailanxiaozi","formatid":"gen9nationaldex","rating":1307,"private":0,"password":""}