{"id":"gen9nationaldex-1994403392","p1":"UmbreonGamer197","p2":"Laser Hines","format":"[Gen 9] National Dex","log":"|j|\u2606UmbreonGamer197\n|j|\u2606Laser Hines\n|t:|1700439978\n|gametype|singles\n|player|p1|UmbreonGamer197|169|1060\n|player|p2|Laser Hines|hoopster|1096\n|teamsize|p1|6\n|teamsize|p2|6\n|gen|9\n|tier|[Gen 9] National Dex\n|rated|\n|rule|HP Percentage Mod: HP is shown in percentages\n|rule|Endless Battle Clause: Forcing endless battles is banned\n|rule|OHKO Clause: OHKO moves are banned\n|rule|Evasion Clause: Evasion abilities, items, and moves are banned\n|rule|Evasion Abilities Clause: Evasion abilities are banned\n|rule|Evasion Items Clause: Evasion items are banned\n|rule|Evasion Moves Clause: Evasion moves are banned\n|rule|Species Clause: Limit one of each Pok\u00e9mon\n|rule|Sleep Clause Mod: Limit one foe put to sleep\n|clearpoke\n|poke|p1|Salamence, M|\n|poke|p1|Xurkitree|\n|poke|p1|Rhydon, M|\n|poke|p1|Heracross, F|\n|poke|p1|Volcarona, F|\n|poke|p1|Wooper, F|\n|poke|p2|Chesnaught, M|\n|poke|p2|Golem, M|\n|poke|p2|Machamp, M|\n|poke|p2|Rhyperior, M|\n|poke|p2|Granbull, M|\n|poke|p2|Politoed, M|\n|teampreview\n|\n|t:|1700440010\n|start\n|switch|p1a: Salamence|Salamence, M|100\/100\n|switch|p2a: Machamp|Machamp, M|100\/100\n|turn|1\n|\n|t:|1700440032\n|switch|p2a: Rhyperior|Rhyperior, M|100\/100\n|move|p1a: Salamence|Dragon Dance|p1a: Salamence\n|-boost|p1a: Salamence|atk|1\n|-boost|p1a: Salamence|spe|1\n|\n|upkeep\n|turn|2\n|\n|t:|1700440042\n|-terastallize|p1a: Salamence|Dragon\n|move|p1a: Salamence|Outrage|p2a: Rhyperior\n|-damage|p2a: Rhyperior|24\/100\n|move|p2a: Rhyperior|Stone Edge|p1a: Salamence|[miss]\n|-miss|p2a: Rhyperior|p1a: Salamence\n|\n|upkeep\n|turn|3\n|\n|t:|1700440050\n|move|p1a: Salamence|Outrage|p2a: Rhyperior|[from]lockedmove\n|-damage|p2a: Rhyperior|0 fnt\n|faint|p2a: Rhyperior\n|-ability|p1a: Salamence|Moxie|boost\n|-boost|p1a: Salamence|atk|1\n|-start|p1a: Salamence|confusion|[fatigue]\n|-enditem|p1a: Salamence|Lum Berry|[eat]\n|-end|p1a: Salamence|confusion\n|\n|upkeep\n|\n|t:|1700440058\n|switch|p2a: Granbull|Granbull, M|100\/100\n|-ability|p2a: Granbull|Intimidate|boost\n|-unboost|p1a: Salamence|atk|1\n|turn|4\n|\n|t:|1700440062\n|move|p1a: Salamence|Steel Wing|p2a: Granbull\n|-supereffective|p2a: Granbull\n|-damage|p2a: Granbull|10\/100\n|move|p2a: Granbull|Play Rough|p1a: Salamence\n|-supereffective|p1a: Salamence\n|-damage|p1a: Salamence|0 fnt\n|faint|p1a: Salamence\n|\n|upkeep\n|\n|t:|1700440075\n|switch|p1a: Volcarona|Volcarona, F|100\/100\n|turn|5\n|\n|t:|1700440083\n|move|p1a: Volcarona|Acrobatics|p2a: Granbull\n|-damage|p2a: Granbull|0 fnt\n|faint|p2a: Granbull\n|\n|upkeep\n|\n|t:|1700440089\n|switch|p2a: Golem|Golem, M|100\/100\n|turn|6\n|\n|t:|1700440098\n|move|p1a: Volcarona|Giga Drain|p2a: Golem\n|-supereffective|p2a: Golem\n|-ability|p2a: Golem|Sturdy\n|-damage|p2a: Golem|1\/100\n|move|p2a: Golem|Earthquake|p1a: Volcarona\n|-crit|p1a: Volcarona\n|-damage|p1a: Volcarona|0 fnt\n|faint|p1a: Volcarona\n|\n|upkeep\n|\n|t:|1700440107\n|switch|p1a: Heracross|Heracross, F|100\/100\n|turn|7\n|\n|t:|1700440112\n|detailschange|p1a: Heracross|Heracross-Mega, F\n|-mega|p1a: Heracross|Heracross|Heracronite\n|move|p1a: Heracross|Close Combat|p2a: Golem\n|-supereffective|p2a: Golem\n|-damage|p2a: Golem|0 fnt\n|-unboost|p1a: Heracross|def|1\n|-unboost|p1a: Heracross|spd|1\n|faint|p2a: Golem\n|\n|upkeep\n|\n|t:|1700440122\n|switch|p2a: Machamp|Machamp, M|100\/100\n|turn|8\n|\n|t:|1700440126\n|move|p1a: Heracross|Close Combat|p2a: Machamp\n|-damage|p2a: Machamp|9\/100\n|-unboost|p1a: Heracross|def|1\n|-unboost|p1a: Heracross|spd|1\n|move|p2a: Machamp|Dynamic Punch|p1a: Heracross\n|-resisted|p1a: Heracross\n|-damage|p1a: Heracross|31\/100\n|-start|p1a: Heracross|confusion\n|\n|upkeep\n|turn|9\n|\n|t:|1700440137\n|-activate|p1a: Heracross|confusion\n|move|p1a: Heracross|Close Combat|p2a: Machamp\n|-damage|p2a: Machamp|0 fnt\n|-unboost|p1a: Heracross|def|1\n|-unboost|p1a: Heracross|spd|1\n|faint|p2a: Machamp\n|\n|upkeep\n|\n|t:|1700440151\n|switch|p2a: Politoed|Politoed, M|100\/100\n|turn|10\n|\n|t:|1700440157\n|-activate|p1a: Heracross|confusion\n|move|p1a: Heracross|Close Combat|p2a: Politoed\n|-damage|p2a: Politoed|5\/100\n|-unboost|p1a: Heracross|def|1\n|-unboost|p1a: Heracross|spd|1\n|move|p2a: Politoed|Psychic|p1a: Heracross\n|-supereffective|p1a: Heracross\n|-damage|p1a: Heracross|0 fnt\n|faint|p1a: Heracross\n|\n|upkeep\n|\n|t:|1700440167\n|switch|p1a: Xurkitree|Xurkitree|100\/100\n|-item|p1a: Xurkitree|Air Balloon\n|turn|11\n|\n|t:|1700440174\n|move|p1a: Xurkitree|Thunderbolt|p2a: Politoed\n|-supereffective|p2a: Politoed\n|-damage|p2a: Politoed|0 fnt\n|faint|p2a: Politoed\n|-ability|p1a: Xurkitree|Beast Boost|boost\n|-boost|p1a: Xurkitree|spa|1\n|\n|upkeep\n|\n|t:|1700440179\n|switch|p2a: Chesnaught|Chesnaught, M|100\/100\n|turn|12\n|\n|t:|1700440185\n|move|p1a: Xurkitree|Thunderbolt|p2a: Chesnaught\n|-resisted|p2a: Chesnaught\n|-damage|p2a: Chesnaught|48\/100\n|move|p2a: Chesnaught|Drain Punch|p1a: Xurkitree\n|-damage|p1a: Xurkitree|43\/100\n|-heal|p2a: Chesnaught|72\/100|[from] drain|[of] p1a: Xurkitree\n|-enditem|p1a: Xurkitree|Air Balloon\n|\n|upkeep\n|turn|13\n|\n|t:|1700440193\n|move|p1a: Xurkitree|Thunderbolt|p2a: Chesnaught\n|-resisted|p2a: Chesnaught\n|-damage|p2a: Chesnaught|23\/100\n|move|p2a: Chesnaught|Drain Punch|p1a: Xurkitree\n|-damage|p1a: Xurkitree|0 fnt\n|-heal|p2a: Chesnaught|40\/100|[from] drain|[of] p1a: Xurkitree\n|faint|p1a: Xurkitree\n|\n|upkeep\n|\n|t:|1700440209\n|switch|p1a: Rhydon|Rhydon, M|100\/100\n|turn|14\n|\n|t:|1700440213\n|move|p2a: Chesnaught|Drain Punch|p1a: Rhydon\n|-supereffective|p1a: Rhydon\n|-damage|p1a: Rhydon|55\/100\n|-heal|p2a: Chesnaught|61\/100|[from] drain|[of] p1a: Rhydon\n|move|p1a: Rhydon|Fire Fang|p2a: Chesnaught\n|-supereffective|p2a: Chesnaught\n|-damage|p2a: Chesnaught|32\/100\n|\n|upkeep\n|turn|15\n|\n|t:|1700440225\n|move|p2a: Chesnaught|Swords Dance|p2a: Chesnaught\n|-boost|p2a: Chesnaught|atk|2\n|move|p1a: Rhydon|Fire Fang|p2a: Chesnaught\n|-supereffective|p2a: Chesnaught\n|-damage|p2a: Chesnaught|3\/100\n|\n|upkeep\n|turn|16\n|\n|t:|1700440245\n|move|p2a: Chesnaught|Drain Punch|p1a: Rhydon\n|-supereffective|p1a: Rhydon\n|-damage|p1a: Rhydon|0 fnt\n|-heal|p2a: Chesnaught|29\/100|[from] drain|[of] p1a: Rhydon\n|faint|p1a: Rhydon\n|\n|upkeep\n|\n|t:|1700440252\n|switch|p1a: Wooper|Wooper, F, shiny|100\/100\n|turn|17\n|\n|t:|1700440267\n|move|p2a: Chesnaught|Drain Punch|p1a: Wooper\n|-enditem|p1a: Wooper|Focus Sash\n|-damage|p1a: Wooper|1\/100\n|-heal|p2a: Chesnaught|62\/100|[from] drain|[of] p1a: Wooper\n|move|p1a: Wooper|Counter|p2a: Chesnaught\n|-damage|p2a: Chesnaught|0 fnt\n|faint|p2a: Chesnaught\n|\n|win|UmbreonGamer197\n|raw|UmbreonGamer197's rating: 1060 &rarr; <strong>1094<\/strong><br \/>(+34 for winning)\n|raw|Laser Hines's rating: 1096 &rarr; <strong>1069<\/strong><br \/>(-27 for losing)\n|c|\u2606Laser Hines|gg\n|l|\u2606Laser Hines\n","uploadtime":1700440456,"views":4,"p1id":"umbreongamer197","p2id":"laserhines","formatid":"gen9nationaldex","rating":1069,"private":0,"password":""}