{"id":"gen9nationaldex-1993577381","p1":"hehheiamcheese","p2":"gazatan","format":"[Gen 9] National Dex","log":"|j|\u2606hehheiamcheese\n|j|\u2606gazatan\n|t:|1700333668\n|gametype|singles\n|player|p1|hehheiamcheese|hilbert|1147\n|player|p2|gazatan|fisherman-gen4|1214\n|teamsize|p1|6\n|teamsize|p2|6\n|gen|9\n|tier|[Gen 9] National Dex\n|rated|\n|rule|HP Percentage Mod: HP is shown in percentages\n|rule|Endless Battle Clause: Forcing endless battles is banned\n|rule|OHKO Clause: OHKO moves are banned\n|rule|Evasion Clause: Evasion abilities, items, and moves are banned\n|rule|Evasion Abilities Clause: Evasion abilities are banned\n|rule|Evasion Items Clause: Evasion items are banned\n|rule|Evasion Moves Clause: Evasion moves are banned\n|rule|Species Clause: Limit one of each Pok\u00e9mon\n|rule|Sleep Clause Mod: Limit one foe put to sleep\n|clearpoke\n|poke|p1|Excadrill, F|\n|poke|p1|Gigalith, M|\n|poke|p1|Weavile, F|\n|poke|p1|Ninjask, F|\n|poke|p1|Incineroar, F|\n|poke|p1|Greninja-*, M|\n|poke|p2|Gyarados, M|\n|poke|p2|Gliscor, F|\n|poke|p2|Rillaboom, F|\n|poke|p2|Typhlosion, F|\n|poke|p2|Urshifu-*, F|\n|poke|p2|Great Tusk|\n|teampreview\n|inactive|Battle timer is ON: inactive players will automatically lose when time's up. (requested by gazatan)\n|c|\u2606hehheiamcheese|Hey sorry to be mewn but i think husui would work better as a scafter eruption\n|\n|t:|1700333703\n|start\n|switch|p1a: Incineroar|Incineroar, F|100\/100\n|switch|p2a: Gliscor|Gliscor, F|100\/100\n|-ability|p1a: Incineroar|Intimidate|boost\n|-unboost|p2a: Gliscor|atk|1\n|turn|1\n|inactive|gazatan has 120 seconds left.\n|\n|t:|1700333741\n|move|p1a: Incineroar|Fake Out|p2a: Gliscor\n|-damage|p2a: Gliscor|93\/100\n|cant|p2a: Gliscor|flinch\n|\n|-status|p2a: Gliscor|tox|[from] item: Toxic Orb\n|upkeep\n|turn|2\n|\n|t:|1700333755\n|move|p2a: Gliscor|Toxic|p1a: Incineroar\n|-status|p1a: Incineroar|tox\n|move|p1a: Incineroar|Parting Shot|p2a: Gliscor\n|-unboost|p2a: Gliscor|atk|1\n|-unboost|p2a: Gliscor|spa|1\n|\n|t:|1700333763\n|switch|p1a: Ninjask|Ninjask, F|100\/100|[from] Parting Shot\n|\n|-heal|p2a: Gliscor|100\/100 tox|[from] ability: Poison Heal\n|upkeep\n|turn|3\n|\n|t:|1700333769\n|move|p1a: Ninjask|Protect|p1a: Ninjask\n|-singleturn|p1a: Ninjask|Protect\n|move|p2a: Gliscor|Toxic|p1a: Ninjask\n|-activate|p1a: Ninjask|move: Protect\n|\n|-ability|p1a: Ninjask|Speed Boost|boost\n|-boost|p1a: Ninjask|spe|1\n|upkeep\n|turn|4\n|\n|t:|1700333779\n|switch|p1a: Excadrill|Excadrill, F|100\/100\n|move|p2a: Gliscor|Toxic|p1a: Excadrill\n|-immune|p1a: Excadrill\n|\n|upkeep\n|turn|5\n|\n|t:|1700333803\n|switch|p2a: Urshifu|Urshifu-Rapid-Strike, F|100\/100\n|move|p1a: Excadrill|Return|p2a: Urshifu\n|-damage|p2a: Urshifu|65\/100\n|\n|upkeep\n|turn|6\n|\n|t:|1700333812\n|move|p1a: Excadrill|Return|p2a: Urshifu\n|-damage|p2a: Urshifu|30\/100\n|move|p2a: Urshifu|Bulk Up|p2a: Urshifu\n|-boost|p2a: Urshifu|atk|1\n|-boost|p2a: Urshifu|def|1\n|\n|upkeep\n|turn|7\n|\n|t:|1700333824\n|move|p1a: Excadrill|Return|p2a: Urshifu\n|-damage|p2a: Urshifu|4\/100\n|move|p2a: Urshifu|Drain Punch|p1a: Excadrill\n|-supereffective|p1a: Excadrill\n|-damage|p1a: Excadrill|0 fnt\n|-heal|p2a: Urshifu|57\/100|[from] drain|[of] p1a: Excadrill\n|faint|p1a: Excadrill\n|-damage|p2a: Urshifu|47\/100|[from] item: Life Orb\n|\n|upkeep\n|\n|t:|1700333835\n|switch|p1a: Incineroar|Incineroar, F|100\/100 tox\n|-ability|p1a: Incineroar|Intimidate|boost\n|-unboost|p2a: Urshifu|atk|1\n|turn|8\n|\n|t:|1700333840\n|move|p1a: Incineroar|Fake Out|p2a: Urshifu\n|-damage|p2a: Urshifu|39\/100\n|cant|p2a: Urshifu|flinch\n|\n|-damage|p1a: Incineroar|94\/100 tox|[from] psn\n|upkeep\n|turn|9\n|\n|t:|1700333848\n|move|p2a: Urshifu|Drain Punch|p1a: Incineroar\n|-supereffective|p1a: Incineroar\n|-damage|p1a: Incineroar|7\/100 tox\n|-heal|p2a: Urshifu|89\/100|[from] drain|[of] p1a: Incineroar\n|-enditem|p1a: Incineroar|Figy Berry|[eat]\n|-heal|p1a: Incineroar|40\/100 tox|[from] item: Figy Berry\n|-damage|p2a: Urshifu|79\/100|[from] item: Life Orb\n|move|p1a: Incineroar|Parting Shot|p2a: Urshifu\n|-unboost|p2a: Urshifu|atk|1\n|-unboost|p2a: Urshifu|spa|1\n|\n|t:|1700333860\n|switch|p1a: Gigalith|Gigalith, M|100\/100|[from] Parting Shot\n|-weather|Sandstorm|[from] ability: Sand Stream|[of] p1a: Gigalith\n|\n|-weather|Sandstorm|[upkeep]\n|-damage|p2a: Urshifu|73\/100|[from] Sandstorm\n|upkeep\n|turn|10\n|\n|t:|1700333868\n|move|p2a: Urshifu|Bulk Up|p2a: Urshifu\n|-boost|p2a: Urshifu|atk|1\n|-boost|p2a: Urshifu|def|1\n|move|p1a: Gigalith|Explosion|p2a: Urshifu\n|-damage|p2a: Urshifu|25\/100\n|faint|p1a: Gigalith\n|\n|-weather|Sandstorm|[upkeep]\n|-damage|p2a: Urshifu|19\/100|[from] Sandstorm\n|upkeep\n|\n|t:|1700333880\n|switch|p1a: Weavile|Weavile, F|100\/100\n|turn|11\n|\n|t:|1700333902\n|move|p1a: Weavile|Fake Out|p2a: Urshifu\n|-damage|p2a: Urshifu|12\/100\n|cant|p2a: Urshifu|flinch\n|\n|-weather|Sandstorm|[upkeep]\n|-damage|p1a: Weavile|94\/100|[from] Sandstorm\n|-damage|p2a: Urshifu|6\/100|[from] Sandstorm\n|upkeep\n|turn|12\n|\n|t:|1700333911\n|move|p1a: Weavile|Low Kick|p2a: Urshifu\n|-damage|p2a: Urshifu|0 fnt\n|faint|p2a: Urshifu\n|\n|-weather|Sandstorm|[upkeep]\n|-damage|p1a: Weavile|88\/100|[from] Sandstorm\n|upkeep\n|\n|t:|1700333914\n|switch|p2a: Typhlosion|Typhlosion, F|100\/100\n|turn|13\n|\n|t:|1700333920\n|move|p1a: Weavile|Knock Off|p2a: Typhlosion\n|-damage|p2a: Typhlosion|33\/100\n|-enditem|p2a: Typhlosion|Choice Specs|[from] move: Knock Off|[of] p1a: Weavile\n|move|p2a: Typhlosion|Focus Blast|p1a: Weavile|[miss]\n|-miss|p2a: Typhlosion|p1a: Weavile\n|\n|-weather|none\n|upkeep\n|turn|14\n|\n|t:|1700333933\n|move|p1a: Weavile|Low Kick|p2a: Typhlosion\n|-damage|p2a: Typhlosion|0 fnt\n|faint|p2a: Typhlosion\n|\n|upkeep\n|\n|t:|1700333948\n|switch|p2a: Gliscor|Gliscor, F|100\/100 tox\n|turn|15\n|\n|t:|1700333951\n|move|p1a: Weavile|Triple Axel|p2a: Gliscor\n|-supereffective|p2a: Gliscor\n|-damage|p2a: Gliscor|73\/100 tox\n|-hitcount|p2a: Gliscor|1\n|move|p2a: Gliscor|Toxic|p1a: Weavile\n|-status|p1a: Weavile|tox\n|\n|-damage|p1a: Weavile|82\/100 tox|[from] psn\n|-heal|p2a: Gliscor|86\/100 tox|[from] ability: Poison Heal\n|upkeep\n|turn|16\n|\n|t:|1700333962\n|move|p2a: Gliscor|Protect|p2a: Gliscor\n|-singleturn|p2a: Gliscor|Protect\n|move|p1a: Weavile|Triple Axel|p2a: Gliscor\n|-activate|p2a: Gliscor|move: Protect\n|\n|-damage|p1a: Weavile|70\/100 tox|[from] psn\n|-heal|p2a: Gliscor|98\/100 tox|[from] ability: Poison Heal\n|upkeep\n|turn|17\n|\n|t:|1700333971\n|move|p1a: Weavile|Triple Axel|p2a: Gliscor\n|-supereffective|p2a: Gliscor\n|-damage|p2a: Gliscor|73\/100 tox\n|-hitcount|p2a: Gliscor|1\n|move|p2a: Gliscor|Spikes|p1a: Weavile\n|-sidestart|p1: hehheiamcheese|Spikes\n|\n|-damage|p1a: Weavile|52\/100 tox|[from] psn\n|-heal|p2a: Gliscor|86\/100 tox|[from] ability: Poison Heal\n|upkeep\n|turn|18\n|\n|t:|1700333981\n|move|p2a: Gliscor|Protect|p2a: Gliscor\n|-singleturn|p2a: Gliscor|Protect\n|move|p1a: Weavile|Triple Axel|p2a: Gliscor\n|-activate|p2a: Gliscor|move: Protect\n|\n|-damage|p1a: Weavile|28\/100 tox|[from] psn\n|-heal|p2a: Gliscor|98\/100 tox|[from] ability: Poison Heal\n|upkeep\n|turn|19\n|\n|t:|1700333990\n|move|p1a: Weavile|Triple Axel|p2a: Gliscor\n|-supereffective|p2a: Gliscor\n|-damage|p2a: Gliscor|70\/100 tox\n|-supereffective|p2a: Gliscor\n|-damage|p2a: Gliscor|21\/100 tox\n|-supereffective|p2a: Gliscor\n|-damage|p2a: Gliscor|0 fnt\n|faint|p2a: Gliscor\n|-hitcount|p2: Gliscor|3\n|\n|-damage|p1a: Weavile|0 fnt|[from] psn\n|faint|p1a: Weavile\n|upkeep\n|inactive|gazatan has 120 seconds left.\n|\n|t:|1700334021\n|switch|p1a: Ninjask|Ninjask, F|100\/100\n|switch|p2a: Gyarados|Gyarados, M|100\/100\n|-ability|p2a: Gyarados|Intimidate|boost\n|-unboost|p1a: Ninjask|atk|1\n|turn|20\n|\n|t:|1700334028\n|detailschange|p2a: Gyarados|Gyarados-Mega, M\n|-mega|p2a: Gyarados|Gyarados|Gyaradosite\n|-ability|p2a: Gyarados|Mold Breaker\n|move|p1a: Ninjask|Swords Dance|p1a: Ninjask\n|-boost|p1a: Ninjask|atk|2\n|move|p2a: Gyarados|Dragon Dance|p2a: Gyarados\n|-boost|p2a: Gyarados|atk|1\n|-boost|p2a: Gyarados|spe|1\n|\n|-ability|p1a: Ninjask|Speed Boost|boost\n|-boost|p1a: Ninjask|spe|1\n|upkeep\n|turn|21\n|\n|t:|1700334041\n|move|p1a: Ninjask|Swords Dance|p1a: Ninjask\n|-boost|p1a: Ninjask|atk|2\n|move|p2a: Gyarados|Waterfall|p1a: Ninjask\n|-enditem|p1a: Ninjask|Focus Sash\n|-damage|p1a: Ninjask|1\/100\n|\n|-ability|p1a: Ninjask|Speed Boost|boost\n|-boost|p1a: Ninjask|spe|1\n|upkeep\n|turn|22\n|\n|t:|1700334051\n|move|p1a: Ninjask|Leech Life|p2a: Gyarados\n|-supereffective|p2a: Gyarados\n|-crit|p2a: Gyarados\n|-damage|p2a: Gyarados|0 fnt\n|-heal|p1a: Ninjask|64\/100|[from] drain|[of] p2a: Gyarados\n|faint|p2a: Gyarados\n|\n|-ability|p1a: Ninjask|Speed Boost|boost\n|-boost|p1a: Ninjask|spe|1\n|upkeep\n|\n|t:|1700334057\n|switch|p2a: Great Tusk|Great Tusk|100\/100\n|turn|23\n|\n|t:|1700334067\n|-terastallize|p2a: Great Tusk|Ground\n|move|p1a: Ninjask|Acrobatics|p2a: Great Tusk\n|-damage|p2a: Great Tusk|5\/100\n|move|p2a: Great Tusk|Close Combat|p1a: Ninjask\n|-resisted|p1a: Ninjask\n|-damage|p1a: Ninjask|25\/100\n|-unboost|p2a: Great Tusk|def|1\n|-unboost|p2a: Great Tusk|spd|1\n|\n|-ability|p1a: Ninjask|Speed Boost|boost\n|-boost|p1a: Ninjask|spe|1\n|upkeep\n|turn|24\n|\n|t:|1700334079\n|move|p1a: Ninjask|Acrobatics|p2a: Great Tusk\n|-damage|p2a: Great Tusk|0 fnt\n|faint|p2a: Great Tusk\n|-end|p2a: Great Tusk|Protosynthesis|[silent]\n|\n|-ability|p1a: Ninjask|Speed Boost|boost\n|-boost|p1a: Ninjask|spe|1\n|upkeep\n|\n|t:|1700334084\n|switch|p2a: Rillaboom|Rillaboom, F|100\/100\n|-fieldstart|move: Grassy Terrain|[from] ability: Grassy Surge|[of] p2a: Rillaboom\n|-enditem|p2a: Rillaboom|Grassy Seed\n|-boost|p2a: Rillaboom|def|1|[from] item: Grassy Seed\n|turn|25\n|\n|t:|1700334091\n|move|p2a: Rillaboom|Grassy Glide|p1a: Ninjask\n|-resisted|p1a: Ninjask\n|-damage|p1a: Ninjask|1\/100\n|move|p1a: Ninjask|Acrobatics|p2a: Rillaboom\n|-supereffective|p2a: Rillaboom\n|-damage|p2a: Rillaboom|0 fnt\n|faint|p2a: Rillaboom\n|\n|win|hehheiamcheese\n|raw|hehheiamcheese's rating: 1147 &rarr; <strong>1177<\/strong><br \/>(+30 for winning)\n|raw|gazatan's rating: 1214 &rarr; <strong>1184<\/strong><br \/>(-30 for losing)\n|l|\u2606gazatan\n","uploadtime":1700334101,"views":6,"p1id":"hehheiamcheese","p2id":"gazatan","formatid":"gen9nationaldex","rating":1177,"private":0,"password":""}