{"id":"gen9nationaldex-1998142387","p1":"ordja2","p2":"baigu2","format":"[Gen 9] National Dex","log":"|html|<div class=\"broadcast-blue\"><strong>[Gen 9] National Dex is currently suspecting Sneasler! For information on how to participate check out the <a href=\"https:\/\/www.smogon.com\/forums\/threads\/sv-national-dex-suspect-8-just-dance.3731534\/\">suspect thread<\/a>.<\/strong><\/div>\n|j|\u2606ordja2\n|j|\u2606baigu2\n|t:|1700899429\n|gametype|singles\n|player|p1|ordja2|169|1767\n|player|p2|baigu2|265|1850\n|teamsize|p1|6\n|teamsize|p2|6\n|gen|9\n|tier|[Gen 9] National Dex\n|rated|\n|rule|HP Percentage Mod: HP is shown in percentages\n|rule|Endless Battle Clause: Forcing endless battles is banned\n|rule|OHKO Clause: OHKO moves are banned\n|rule|Evasion Clause: Evasion abilities, items, and moves are banned\n|rule|Evasion Abilities Clause: Evasion abilities are banned\n|rule|Evasion Items Clause: Evasion items are banned\n|rule|Evasion Moves Clause: Evasion moves are banned\n|rule|Species Clause: Limit one of each Pok\u00e9mon\n|rule|Sleep Clause Mod: Limit one foe put to sleep\n|clearpoke\n|poke|p1|Garchomp, M|\n|poke|p1|Ogerpon-Wellspring, F|\n|poke|p1|Dondozo, F|\n|poke|p1|Charizard, F|\n|poke|p1|Zapdos|\n|poke|p1|Chansey, F|\n|poke|p2|Ursaluna, F|\n|poke|p2|Slowking, M|\n|poke|p2|Corviknight, M|\n|poke|p2|Hoopa-Unbound|\n|poke|p2|Dragonite, F|\n|poke|p2|Tapu Koko|\n|teampreview\n|\n|t:|1700899438\n|start\n|switch|p1a: Garchomp|Garchomp, M|100\/100\n|switch|p2a: Tapu Koko|Tapu Koko|100\/100\n|-fieldstart|move: Electric Terrain|[from] ability: Electric Surge|[of] p2a: Tapu Koko\n|turn|1\n|\n|t:|1700899445\n|switch|p2a: Corviknight|Corviknight, M|100\/100\n|-ability|p2a: Corviknight|Pressure\n|-terastallize|p1a: Garchomp|Ground\n|move|p1a: Garchomp|Earthquake|p2a: Corviknight\n|-immune|p2a: Corviknight\n|\n|upkeep\n|turn|2\n|\n|t:|1700899459\n|switch|p1a: Zapdos|Zapdos|100\/100\n|move|p2a: Corviknight|U-turn|p1a: Zapdos\n|-resisted|p1a: Zapdos\n|-damage|p1a: Zapdos|92\/100\n|-status|p2a: Corviknight|par|[from] ability: Static|[of] p1a: Zapdos\n|\n|t:|1700899471\n|switch|p2a: Slowking|Slowking, M|100\/100|[from] U-turn\n|\n|upkeep\n|turn|3\n|\n|t:|1700899475\n|move|p1a: Zapdos|Volt Switch|p2a: Slowking\n|-supereffective|p2a: Slowking\n|-damage|p2a: Slowking|56\/100\n|\n|t:|1700899480\n|switch|p1a: Ogerpon|Ogerpon-Wellspring, F|100\/100|[from] Volt Switch\n|move|p2a: Slowking|Trick Room|p2a: Slowking\n|-fieldstart|move: Trick Room|[of] p2a: Slowking\n|\n|upkeep\n|turn|4\n|\n|t:|1700899485\n|switch|p2a: Dragonite|Dragonite, F|100\/100\n|move|p1a: Ogerpon|Substitute|p1a: Ogerpon\n|-start|p1a: Ogerpon|Substitute\n|-damage|p1a: Ogerpon|76\/100\n|\n|upkeep\n|turn|5\n|\n|t:|1700899492\n|switch|p1a: Dondozo|Dondozo, F|100\/100\n|move|p2a: Dragonite|Dual Wingbeat|p1a: Dondozo\n|-damage|p1a: Dondozo|83\/100\n|-damage|p1a: Dondozo|68\/100\n|-hitcount|p1a: Dondozo|2\n|\n|-heal|p1a: Dondozo|75\/100|[from] item: Leftovers\n|-fieldend|move: Electric Terrain\n|upkeep\n|turn|6\n|inactive|Battle timer is ON: inactive players will automatically lose when time's up. (requested by ordja2)\n|\n|t:|1700899505\n|switch|p2a: Slowking|Slowking, M|90\/100\n|move|p1a: Dondozo|Curse|p1a: Dondozo\n|-unboost|p1a: Dondozo|spe|1\n|-boost|p1a: Dondozo|atk|1\n|-boost|p1a: Dondozo|def|1\n|\n|-heal|p1a: Dondozo|81\/100|[from] item: Leftovers\n|upkeep\n|turn|7\n|\n|t:|1700899513\n|move|p1a: Dondozo|Curse|p1a: Dondozo\n|-unboost|p1a: Dondozo|spe|1\n|-boost|p1a: Dondozo|atk|1\n|-boost|p1a: Dondozo|def|1\n|move|p2a: Slowking|Teleport|p2a: Slowking\n|\n|t:|1700899516\n|switch|p2a: Tapu Koko|Tapu Koko|100\/100|[from] Teleport\n|-fieldstart|move: Electric Terrain|[from] ability: Electric Surge|[of] p2a: Tapu Koko\n|\n|-heal|p1a: Dondozo|87\/100|[from] item: Leftovers\n|-fieldend|move: Trick Room\n|upkeep\n|turn|8\n|\n|t:|1700899524\n|switch|p1a: Garchomp|Garchomp, M, tera:Ground|100\/100\n|move|p2a: Tapu Koko|Thunderbolt|p1a: Garchomp\n|-immune|p1a: Garchomp\n|\n|upkeep\n|turn|9\n|\n|t:|1700899530\n|switch|p2a: Corviknight|Corviknight, M|100\/100 par\n|-ability|p2a: Corviknight|Pressure\n|move|p1a: Garchomp|Stealth Rock|p2a: Corviknight\n|-sidestart|p2: baigu2|move: Stealth Rock\n|\n|upkeep\n|turn|10\n|\n|t:|1700899536\n|switch|p1a: Charizard|Charizard, F|100\/100\n|cant|p2a: Corviknight|par\n|\n|upkeep\n|turn|11\n|\n|t:|1700899545\n|switch|p2a: Slowking|Slowking, M|100\/100\n|move|p1a: Charizard|Dragon Dance|p1a: Charizard\n|-boost|p1a: Charizard|atk|1\n|-boost|p1a: Charizard|spe|1\n|\n|-fieldend|move: Electric Terrain\n|upkeep\n|turn|12\n|\n|t:|1700899552\n|move|p1a: Charizard|Dragon Dance|p1a: Charizard\n|-boost|p1a: Charizard|atk|1\n|-boost|p1a: Charizard|spe|1\n|move|p2a: Slowking|Trick Room|p2a: Slowking\n|-fieldstart|move: Trick Room|[of] p2a: Slowking\n|\n|upkeep\n|turn|13\n|\n|t:|1700899560\n|switch|p2a: \u718a\u5927|Ursaluna, F|100\/100\n|-damage|p2a: \u718a\u5927|94\/100|[from] Stealth Rock\n|detailschange|p1a: Charizard|Charizard-Mega-X, F\n|-mega|p1a: Charizard|Charizard|Charizardite X\n|move|p1a: Charizard|Dragon Claw|p2a: \u718a\u5927\n|-damage|p2a: \u718a\u5927|6\/100\n|\n|-status|p2a: \u718a\u5927|brn|[from] item: Flame Orb\n|upkeep\n|turn|14\n|\n|t:|1700899574\n|switch|p1a: Zapdos|Zapdos|92\/100\n|move|p2a: \u718a\u5927|Facade|p1a: Zapdos\n|-damage|p1a: Zapdos|0 fnt\n|faint|p1a: Zapdos\n|\n|-damage|p2a: \u718a\u5927|0 fnt|[from] brn\n|faint|p2a: \u718a\u5927\n|upkeep\n|\n|t:|1700899588\n|switch|p2a: Corviknight|Corviknight, M|100\/100 par\n|switch|p1a: Chansey|Chansey, F|100\/100\n|-damage|p2a: Corviknight|88\/100 par|[from] Stealth Rock\n|-ability|p2a: Corviknight|Pressure\n|turn|15\n|j| kiwi_963\n|\n|t:|1700899595\n|switch|p1a: Charizard|Charizard-Mega-X, F|100\/100\n|move|p2a: Corviknight|Defog|p1a: Charizard\n|-unboost|p1a: Charizard|evasion|1\n|-sideend|p2: baigu2|Stealth Rock|[from] move: Defog|[of] p2a: Corviknight\n|\n|upkeep\n|turn|16\n|\n|t:|1700899604\n|switch|p2a: Tapu Koko|Tapu Koko|100\/100\n|-fieldstart|move: Electric Terrain|[from] ability: Electric Surge|[of] p2a: Tapu Koko\n|move|p1a: Charizard|Dragon Dance|p1a: Charizard\n|-boost|p1a: Charizard|atk|1\n|-boost|p1a: Charizard|spe|1\n|\n|-fieldend|move: Trick Room\n|upkeep\n|turn|17\n|\n|t:|1700899614\n|move|p1a: Charizard|Flare Blitz|p2a: Tapu Koko\n|-damage|p2a: Tapu Koko|0 fnt\n|faint|p2a: Tapu Koko\n|-damage|p1a: Charizard|69\/100|[from] Recoil\n|\n|upkeep\n|\n|t:|1700899617\n|switch|p2a: Dragonite|Dragonite, F|100\/100\n|turn|18\n|\n|t:|1700899626\n|switch|p1a: Dondozo|Dondozo, F|87\/100\n|-terastallize|p2a: Dragonite|Normal\n|move|p2a: Dragonite|Extreme Speed|p1a: Dondozo\n|-damage|p1a: Dondozo|54\/100\n|\n|-heal|p1a: Dondozo|60\/100|[from] item: Leftovers\n|upkeep\n|turn|19\n|\n|t:|1700899643\n|switch|p2a: Hoopa|Hoopa-Unbound|100\/100\n|move|p1a: Dondozo|Curse|p1a: Dondozo\n|-unboost|p1a: Dondozo|spe|1\n|-boost|p1a: Dondozo|atk|1\n|-boost|p1a: Dondozo|def|1\n|\n|-heal|p1a: Dondozo|66\/100|[from] item: Leftovers\n|upkeep\n|turn|20\n|\n|t:|1700899652\n|switch|p1a: Chansey|Chansey, F|100\/100\n|move|p2a: Hoopa|Nasty Plot|p2a: Hoopa\n|-boost|p2a: Hoopa|spa|2\n|\n|-fieldend|move: Electric Terrain\n|upkeep\n|turn|21\n|\n|t:|1700899658\n|-zpower|p2a: Hoopa\n|move|p2a: Hoopa|All-Out Pummeling|p1a: Chansey|[zeffect]\n|-supereffective|p1a: Chansey\n|-damage|p1a: Chansey|0 fnt\n|faint|p1a: Chansey\n|\n|upkeep\n|\n|t:|1700899665\n|switch|p1a: Charizard|Charizard-Mega-X, F|69\/100\n|turn|22\n|\n|t:|1700899680\n|switch|p2a: Slowking|Slowking, M|100\/100\n|move|p1a: Charizard|Flare Blitz|p2a: Slowking\n|-resisted|p2a: Slowking\n|-damage|p2a: Slowking|56\/100\n|-damage|p1a: Charizard|50\/100|[from] Recoil\n|\n|upkeep\n|turn|23\n|\n|t:|1700899688\n|move|p1a: Charizard|Dragon Claw|p2a: Slowking\n|-crit|p2a: Slowking\n|-damage|p2a: Slowking|0 fnt\n|faint|p2a: Slowking\n|\n|upkeep\n|\n|t:|1700899691\n|switch|p2a: Dragonite|Dragonite, F, tera:Normal|100\/100\n|turn|24\n|inactive|ordja2 has 120 seconds left.\n|\n|t:|1700899722\n|switch|p1a: Ogerpon|Ogerpon-Wellspring, F|76\/100\n|move|p2a: Dragonite|Extreme Speed|p1a: Ogerpon\n|-damage|p1a: Ogerpon|0 fnt\n|faint|p1a: Ogerpon\n|\n|upkeep\n|inactive|ordja2 has 120 seconds left.\n|\n|t:|1700899730\n|switch|p1a: Dondozo|Dondozo, F|66\/100\n|turn|25\n|\n|t:|1700899735\n|switch|p2a: Hoopa|Hoopa-Unbound|100\/100\n|move|p1a: Dondozo|Body Press|p2a: Hoopa\n|-damage|p2a: Hoopa|46\/100\n|\n|-heal|p1a: Dondozo|73\/100|[from] item: Leftovers\n|upkeep\n|turn|26\n|\n|t:|1700899748\n|switch|p1a: Garchomp|Garchomp, M, tera:Ground|100\/100\n|move|p2a: Hoopa|Psychic|p1a: Garchomp\n|-damage|p1a: Garchomp|36\/100\n|-unboost|p1a: Garchomp|spd|1\n|\n|upkeep\n|turn|27\n|\n|t:|1700899760\n|switch|p1a: Charizard|Charizard-Mega-X, F|50\/100\n|switch|p2a: Corviknight|Corviknight, M|88\/100 par\n|-ability|p2a: Corviknight|Pressure\n|\n|upkeep\n|turn|28\n|\n|t:|1700899766\n|move|p1a: Charizard|Flare Blitz|p2a: Corviknight\n|-supereffective|p2a: Corviknight\n|-damage|p2a: Corviknight|0 fnt\n|-damage|p1a: Charizard|33\/100|[from] item: Rocky Helmet|[of] p2a: Corviknight\n|faint|p2a: Corviknight\n|-damage|p1a: Charizard|0 fnt|[from] Recoil\n|faint|p1a: Charizard\n|\n|upkeep\n|\n|t:|1700899776\n|switch|p1a: Garchomp|Garchomp, M, tera:Ground|36\/100\n|switch|p2a: Dragonite|Dragonite, F, tera:Normal|100\/100\n|turn|29\n|\n|t:|1700899784\n|move|p1a: Garchomp|Outrage|p2a: Dragonite\n|-damage|p2a: Dragonite|64\/100\n|move|p2a: Dragonite|Outrage|p1a: Garchomp\n|-damage|p1a: Garchomp|0 fnt\n|-damage|p2a: Dragonite|51\/100|[from] ability: Rough Skin|[of] p1a: Garchomp\n|faint|p1a: Garchomp\n|\n|upkeep\n|\n|t:|1700899801\n|switch|p1a: Dondozo|Dondozo, F|73\/100\n|turn|30\n|\n|t:|1700899810\n|move|p2a: Dragonite|Outrage|p1a: Dondozo|[from]lockedmove\n|-damage|p1a: Dondozo|25\/100\n|move|p1a: Dondozo|Body Press|p2a: Dragonite\n|-supereffective|p2a: Dragonite\n|-damage|p2a: Dragonite|0 fnt\n|faint|p2a: Dragonite\n|\n|-heal|p1a: Dondozo|31\/100|[from] item: Leftovers\n|upkeep\n|\n|t:|1700899815\n|switch|p2a: Hoopa|Hoopa-Unbound|46\/100\n|turn|31\n|\n|t:|1700899820\n|move|p2a: Hoopa|Psychic|p1a: Dondozo\n|-damage|p1a: Dondozo|0 fnt\n|faint|p1a: Dondozo\n|\n|win|baigu2\n|raw|ordja2's rating: 1767 &rarr; <strong>1752<\/strong><br \/>(-15 for losing)\n|raw|baigu2's rating: 1850 &rarr; <strong>1865<\/strong><br \/>(+15 for winning)\n|l|\u2606ordja2\n|c|\u2606baigu2|gg\n","uploadtime":1700899826,"views":1,"p1id":"ordja2","p2id":"baigu2","formatid":"gen9nationaldex","rating":1752,"private":0,"password":""}