{"id":"gen9nationaldex-1990217429","p1":"Kuzwa","p2":"ogerponice","format":"[Gen 9] National Dex","log":"|j|\u2606Kuzwa\n|j|\u2606ogerponice\n|t:|1699938960\n|gametype|singles\n|player|p1|Kuzwa|parasollady|1380\n|player|p2|ogerponice|nurse|1361\n|teamsize|p1|6\n|teamsize|p2|6\n|gen|9\n|tier|[Gen 9] National Dex\n|rated|\n|rule|HP Percentage Mod: HP is shown in percentages\n|rule|Endless Battle Clause: Forcing endless battles is banned\n|rule|OHKO Clause: OHKO moves are banned\n|rule|Evasion Clause: Evasion abilities, items, and moves are banned\n|rule|Evasion Abilities Clause: Evasion abilities are banned\n|rule|Evasion Items Clause: Evasion items are banned\n|rule|Evasion Moves Clause: Evasion moves are banned\n|rule|Species Clause: Limit one of each Pok\u00e9mon\n|rule|Sleep Clause Mod: Limit one foe put to sleep\n|clearpoke\n|poke|p1|Gallade, M|\n|poke|p1|Kartana|\n|poke|p1|Weavile, M|\n|poke|p1|Ogerpon-Wellspring, F|\n|poke|p1|Zeraora|\n|poke|p1|Glimmora, M|\n|poke|p2|Toxapex, F|\n|poke|p2|Garganacl, F|\n|poke|p2|Sableye, M|\n|poke|p2|Clodsire, M|\n|poke|p2|Gliscor, M|\n|poke|p2|Ting-Lu|\n|teampreview\n|inactive|Battle timer is ON: inactive players will automatically lose when time's up. (requested by ogerponice)\n|\n|t:|1699938966\n|start\n|switch|p1a: thing|Glimmora, M|100\/100\n|switch|p2a: \u52fe\u54e5|Sableye, M|100\/100\n|-item|p1a: thing|Air Balloon\n|turn|1\n|\n|t:|1699938974\n|detailschange|p2a: \u52fe\u54e5|Sableye-Mega, M\n|-mega|p2a: \u52fe\u54e5|Sableye|Sablenite\n|move|p1a: thing|Sludge Wave|p2a: \u52fe\u54e5\n|-resisted|p2a: \u52fe\u54e5\n|-damage|p2a: \u52fe\u54e5|77\/100\n|move|p2a: \u52fe\u54e5|Will-O-Wisp|p1a: thing\n|-status|p1a: thing|brn\n|\n|-damage|p1a: thing|94\/100 brn|[from] brn\n|upkeep\n|turn|2\n|\n|t:|1699938983\n|switch|p2a: \u571f\u738b~|Clodsire, M|100\/100\n|move|p1a: thing|Power Gem|p2a: \u571f\u738b~\n|-resisted|p2a: \u571f\u738b~\n|-damage|p2a: \u571f\u738b~|89\/100\n|\n|-damage|p1a: thing|88\/100 brn|[from] brn\n|upkeep\n|turn|3\n|\n|t:|1699938992\n|move|p1a: thing|Earth Power|p2a: \u571f\u738b~\n|-supereffective|p2a: \u571f\u738b~\n|-damage|p2a: \u571f\u738b~|58\/100\n|move|p2a: \u571f\u738b~|Earthquake|p1a: thing\n|-immune|p1a: thing\n|\n|-damage|p1a: thing|82\/100 brn|[from] brn\n|upkeep\n|turn|4\n|\n|t:|1699939007\n|move|p1a: thing|Earth Power|p2a: \u571f\u738b~\n|-supereffective|p2a: \u571f\u738b~\n|-damage|p2a: \u571f\u738b~|24\/100\n|move|p2a: \u571f\u738b~|Poison Jab|p1a: thing\n|-resisted|p1a: thing\n|-damage|p1a: thing|76\/100 brn\n|-activate|p1a: thing|ability: Toxic Debris\n|-sidestart|p2: ogerponice|move: Toxic Spikes\n|-enditem|p1a: thing|Air Balloon\n|\n|-damage|p1a: thing|70\/100 brn|[from] brn\n|upkeep\n|turn|5\n|\n|t:|1699939018\n|-terastallize|p2a: \u571f\u738b~|Dark\n|move|p1a: thing|Earth Power|p2a: \u571f\u738b~\n|-damage|p2a: \u571f\u738b~|9\/100\n|move|p2a: \u571f\u738b~|Recover|p2a: \u571f\u738b~\n|-heal|p2a: \u571f\u738b~|59\/100\n|\n|-damage|p1a: thing|63\/100 brn|[from] brn\n|upkeep\n|turn|6\n|\n|t:|1699939029\n|move|p1a: thing|Sludge Wave|p2a: \u571f\u738b~\n|-damage|p2a: \u571f\u738b~|31\/100\n|move|p2a: \u571f\u738b~|Recover|p2a: \u571f\u738b~\n|-heal|p2a: \u571f\u738b~|81\/100\n|\n|-damage|p1a: thing|57\/100 brn|[from] brn\n|upkeep\n|turn|7\n|\n|t:|1699939038\n|move|p1a: thing|Sludge Wave|p2a: \u571f\u738b~\n|-damage|p2a: \u571f\u738b~|57\/100\n|-status|p2a: \u571f\u738b~|psn\n|move|p2a: \u571f\u738b~|Earthquake|p1a: thing\n|-supereffective|p1a: thing\n|-damage|p1a: thing|0 fnt\n|-activate|p1a: thing|ability: Toxic Debris\n|-sidestart|p2: ogerponice|move: Toxic Spikes\n|faint|p1a: thing\n|\n|-damage|p2a: \u571f\u738b~|44\/100 psn|[from] psn\n|upkeep\n|\n|t:|1699939045\n|switch|p1a: Makoto Yuki|Kartana, shiny|100\/100\n|turn|8\n|\n|t:|1699939050\n|move|p1a: Makoto Yuki|Swords Dance|p1a: Makoto Yuki\n|-boost|p1a: Makoto Yuki|atk|2\n|move|p2a: \u571f\u738b~|Recover|p2a: \u571f\u738b~\n|-heal|p2a: \u571f\u738b~|94\/100 psn\n|\n|-damage|p2a: \u571f\u738b~|82\/100 psn|[from] psn\n|upkeep\n|turn|9\n|\n|t:|1699939063\n|switch|p2a: \u574f\u574f|Toxapex, F|100\/100\n|-sideend|p2: ogerponice|move: Toxic Spikes|[of] p2a: \u574f\u574f\n|move|p1a: Makoto Yuki|Sacred Sword|p2a: \u574f\u574f\n|-resisted|p2a: \u574f\u574f\n|-damage|p2a: \u574f\u574f|69\/100\n|\n|upkeep\n|turn|10\n|\n|t:|1699939070\n|move|p1a: Makoto Yuki|Leaf Blade|p2a: \u574f\u574f\n|-damage|p2a: \u574f\u574f|0 fnt\n|faint|p2a: \u574f\u574f\n|-ability|p1a: Makoto Yuki|Beast Boost|boost\n|-boost|p1a: Makoto Yuki|atk|1\n|\n|upkeep\n|\n|t:|1699939078\n|switch|p2a: \u52fe\u54e5|Sableye-Mega, M|77\/100\n|turn|11\n|\n|t:|1699939083\n|move|p1a: Makoto Yuki|Smart Strike|p2a: \u52fe\u54e5\n|-damage|p2a: \u52fe\u54e5|0 fnt\n|faint|p2a: \u52fe\u54e5\n|-ability|p1a: Makoto Yuki|Beast Boost|boost\n|-boost|p1a: Makoto Yuki|atk|1\n|\n|upkeep\n|\n|t:|1699939091\n|switch|p2a: Ting-Lu|Ting-Lu|100\/100\n|-ability|p2a: Ting-Lu|Vessel of Ruin\n|turn|12\n|\n|t:|1699939095\n|move|p1a: Makoto Yuki|Leaf Blade|p2a: Ting-Lu\n|-supereffective|p2a: Ting-Lu\n|-damage|p2a: Ting-Lu|0 fnt\n|faint|p2a: Ting-Lu\n|-ability|p1a: Makoto Yuki|Beast Boost|boost\n|-boost|p1a: Makoto Yuki|atk|1\n|\n|upkeep\n|\n|t:|1699939101\n|switch|p2a: Gliscor|Gliscor, M|100\/100\n|turn|13\n|\n|t:|1699939107\n|move|p1a: Makoto Yuki|Leaf Blade|p2a: Gliscor\n|-damage|p2a: Gliscor|0 fnt\n|faint|p2a: Gliscor\n|-ability|p1a: Makoto Yuki|Beast Boost|boost\n|-boost|p1a: Makoto Yuki|atk|1\n|\n|upkeep\n|\n|t:|1699939110\n|switch|p2a: \u571f\u738b~|Clodsire, M, tera:Dark|82\/100 psn\n|turn|14\n|\n|t:|1699939114\n|move|p1a: Makoto Yuki|Sacred Sword|p2a: \u571f\u738b~\n|-supereffective|p2a: \u571f\u738b~\n|-damage|p2a: \u571f\u738b~|0 fnt\n|faint|p2a: \u571f\u738b~\n|\n|upkeep\n|\n|t:|1699939118\n|switch|p2a: \u76d0\u738b\u7237|Garganacl, F|100\/100\n|turn|15\n|\n|t:|1699939121\n|move|p1a: Makoto Yuki|Leaf Blade|p2a: \u76d0\u738b\u7237\n|-supereffective|p2a: \u76d0\u738b\u7237\n|-damage|p2a: \u76d0\u738b\u7237|0 fnt\n|faint|p2a: \u76d0\u738b\u7237\n|\n|win|Kuzwa\n|raw|Kuzwa's rating: 1380 &rarr; <strong>1399<\/strong><br \/>(+19 for winning)\n|raw|ogerponice's rating: 1361 &rarr; <strong>1342<\/strong><br \/>(-19 for losing)\n|l|\u2606ogerponice\n","uploadtime":1699939125,"views":4,"p1id":"kuzwa","p2id":"ogerponice","formatid":"gen9nationaldex","rating":1342,"private":0,"password":""}