{"id":"gen9nationaldex-1999219854","p1":"Schplorth","p2":"NSB080808","format":"[Gen 9] National Dex","log":"|html|<div class=\"broadcast-blue\"><strong>[Gen 9] National Dex is currently suspecting Sneasler! For information on how to participate check out the <a href=\"https:\/\/www.smogon.com\/forums\/threads\/sv-national-dex-suspect-8-just-dance.3731534\/\">suspect thread<\/a>.<\/strong><\/div>\n|j|\u2606Schplorth\n|j|\u2606NSB080808\n|t:|1701047021\n|gametype|singles\n|player|p1|Schplorth|169|1371\n|player|p2|NSB080808|swimmer-gen4|1502\n|teamsize|p1|6\n|teamsize|p2|6\n|gen|9\n|tier|[Gen 9] National Dex\n|rated|\n|rule|HP Percentage Mod: HP is shown in percentages\n|rule|Endless Battle Clause: Forcing endless battles is banned\n|rule|OHKO Clause: OHKO moves are banned\n|rule|Evasion Clause: Evasion abilities, items, and moves are banned\n|rule|Evasion Abilities Clause: Evasion abilities are banned\n|rule|Evasion Items Clause: Evasion items are banned\n|rule|Evasion Moves Clause: Evasion moves are banned\n|rule|Species Clause: Limit one of each Pok\u00e9mon\n|rule|Sleep Clause Mod: Limit one foe put to sleep\n|clearpoke\n|poke|p1|Rotom-Heat|\n|poke|p1|Whimsicott, F|\n|poke|p1|Espeon, F|\n|poke|p1|Golisopod, M|\n|poke|p1|Hawlucha, M|\n|poke|p1|Barraskewda, M|\n|poke|p2|Gyarados, M|\n|poke|p2|Gliscor, F|\n|poke|p2|Heatran, M|\n|poke|p2|Tapu Fini|\n|poke|p2|Weavile, M|\n|poke|p2|Zapdos|\n|teampreview\n|inactive|Battle timer is ON: inactive players will automatically lose when time's up. (requested by NSB080808)\n|\n|t:|1701047037\n|start\n|switch|p1a: Rotom|Rotom-Heat|100\/100\n|switch|p2a: Weavile|Weavile, M|100\/100\n|-ability|p2a: Weavile|Pressure\n|turn|1\n|\n|t:|1701047044\n|switch|p2a: Heatran|Heatran, M|100\/100\n|move|p1a: Rotom|Overheat|p2a: Heatran\n|-start|p2a: Heatran|ability: Flash Fire\n|\n|upkeep\n|turn|2\n|\n|t:|1701047048\n|move|p1a: Rotom|Hidden Power|p2a: Heatran\n|-supereffective|p2a: Heatran\n|-damage|p2a: Heatran|35\/100\n|move|p2a: Heatran|Magma Storm|p1a: Rotom\n|-resisted|p1a: Rotom\n|-damage|p1a: Rotom|59\/100\n|-activate|p1a: Rotom|move: Magma Storm|[of] p2a: Heatran\n|\n|-heal|p2a: Heatran|41\/100|[from] item: Leftovers\n|-damage|p1a: Rotom|47\/100|[from] move: Magma Storm|[partiallytrapped]\n|upkeep\n|turn|3\n|\n|t:|1701047054\n|-end|p2a: Heatran|ability: Flash Fire|[silent]\n|switch|p2a: Gliscor|Gliscor, F, shiny|100\/100\n|move|p1a: Rotom|Hidden Power|p2a: Gliscor\n|-immune|p2a: Gliscor\n|\n|-end|p1a: Rotom|Magma Storm|[partiallytrapped]|[silent]\n|-status|p2a: Gliscor|tox|[from] item: Toxic Orb\n|upkeep\n|turn|4\n|\n|t:|1701047057\n|move|p2a: Gliscor|U-turn|p1a: Rotom\n|-resisted|p1a: Rotom\n|-damage|p1a: Rotom|39\/100\n|\n|t:|1701047063\n|switch|p2a: Tapu Fini|Tapu Fini|100\/100|[from] U-turn\n|-fieldstart|move: Misty Terrain|[from] ability: Misty Surge|[of] p2a: Tapu Fini\n|move|p1a: Rotom|Overheat|p2a: Tapu Fini\n|-resisted|p2a: Tapu Fini\n|-damage|p2a: Tapu Fini|75\/100\n|-unboost|p1a: Rotom|spa|2\n|-enditem|p1a: Rotom|Eject Pack\n|\n|t:|1701047072\n|switch|p1a: Barraskewda|Barraskewda, M|100\/100\n|\n|upkeep\n|turn|5\n|inactive|NSB080808 has 120 seconds left.\n|\n|t:|1701047113\n|move|p2a: Tapu Fini|Moonblast|p1a: Barraskewda\n|-damage|p1a: Barraskewda|22\/100\n|move|p1a: Barraskewda|Poison Jab|p2a: Tapu Fini\n|-supereffective|p2a: Tapu Fini\n|-damage|p2a: Tapu Fini|0 fnt\n|faint|p2a: Tapu Fini\n|\n|upkeep\n|\n|t:|1701047126\n|switch|p2a: Gyarados|Gyarados, M, shiny|100\/100\n|-ability|p2a: Gyarados|Intimidate|boost\n|-unboost|p1a: Barraskewda|atk|1\n|turn|6\n|\n|t:|1701047142\n|switch|p1a: Espeon|Espeon, F|100\/100\n|move|p2a: Gyarados|Dragon Dance|p2a: Gyarados\n|-boost|p2a: Gyarados|atk|1\n|-boost|p2a: Gyarados|spe|1\n|\n|upkeep\n|turn|7\n|\n|t:|1701047149\n|move|p2a: Gyarados|Crunch|p1a: Espeon\n|-supereffective|p1a: Espeon\n|-enditem|p1a: Espeon|Focus Sash\n|-damage|p1a: Espeon|1\/100\n|-unboost|p1a: Espeon|def|1\n|move|p1a: Espeon|Power Gem|p2a: Gyarados\n|-supereffective|p2a: Gyarados\n|-damage|p2a: Gyarados|42\/100\n|\n|upkeep\n|turn|8\n|\n|t:|1701047159\n|move|p2a: Gyarados|Crunch|p1a: Espeon\n|-supereffective|p1a: Espeon\n|-damage|p1a: Espeon|0 fnt\n|faint|p1a: Espeon\n|\n|-fieldend|Misty Terrain\n|upkeep\n|\n|t:|1701047164\n|switch|p1a: Whimsicott|Whimsicott, F|100\/100\n|turn|9\n|\n|t:|1701047186\n|switch|p2a: Gliscor|Gliscor, F, shiny|100\/100 tox\n|move|p1a: Whimsicott|Moonblast|p2a: Gliscor\n|-damage|p2a: Gliscor|66\/100 tox\n|\n|-heal|p2a: Gliscor|79\/100 tox|[from] ability: Poison Heal\n|upkeep\n|turn|10\n|\n|t:|1701047198\n|switch|p1a: Rotom|Rotom-Heat|39\/100\n|move|p2a: Gliscor|U-turn|p1a: Rotom\n|-resisted|p1a: Rotom\n|-damage|p1a: Rotom|32\/100\n|\n|t:|1701047202\n|switch|p2a: Weavile|Weavile, M|100\/100|[from] U-turn\n|-ability|p2a: Weavile|Pressure\n|\n|upkeep\n|turn|11\n|\n|t:|1701047206\n|move|p2a: Weavile|Triple Axel|p1a: Rotom\n|-resisted|p1a: Rotom\n|-damage|p1a: Rotom|23\/100\n|-resisted|p1a: Rotom\n|-crit|p1a: Rotom\n|-damage|p1a: Rotom|0 fnt\n|faint|p1a: Rotom\n|-hitcount|p1: Rotom|2\n|\n|upkeep\n|\n|t:|1701047215\n|switch|p1a: Barraskewda|Barraskewda, M|22\/100\n|turn|12\n|\n|t:|1701047223\n|switch|p2a: Zapdos|Zapdos|100\/100\n|move|p1a: Barraskewda|Liquidation|p2a: Zapdos\n|-damage|p2a: Zapdos|21\/100\n|\n|upkeep\n|turn|13\n|\n|t:|1701047229\n|move|p1a: Barraskewda|Liquidation|p2a: Zapdos\n|-damage|p2a: Zapdos|0 fnt\n|faint|p2a: Zapdos\n|\n|upkeep\n|\n|t:|1701047236\n|switch|p2a: Heatran|Heatran, M|41\/100\n|turn|14\n|\n|t:|1701047238\n|-terastallize|p2a: Heatran|Grass\n|move|p1a: Barraskewda|Liquidation|p2a: Heatran\n|-resisted|p2a: Heatran\n|-damage|p2a: Heatran|13\/100\n|move|p2a: Heatran|Stealth Rock|p1a: Barraskewda\n|-sidestart|p1: Schplorth|move: Stealth Rock\n|\n|-heal|p2a: Heatran|19\/100|[from] item: Leftovers\n|upkeep\n|turn|15\n|\n|t:|1701047247\n|move|p1a: Barraskewda|Liquidation|p2a: Heatran\n|-resisted|p2a: Heatran\n|-damage|p2a: Heatran|0 fnt\n|faint|p2a: Heatran\n|\n|upkeep\n|\n|t:|1701047250\n|switch|p2a: Gyarados|Gyarados, M, shiny|42\/100\n|-ability|p2a: Gyarados|Intimidate|boost\n|-unboost|p1a: Barraskewda|atk|1\n|turn|16\n|\n|t:|1701047257\n|switch|p1a: Hawlucha|Hawlucha, M|100\/100\n|-damage|p1a: Hawlucha|88\/100|[from] Stealth Rock\n|switch|p2a: Weavile|Weavile, M|100\/100\n|-ability|p2a: Weavile|Pressure\n|\n|upkeep\n|turn|17\n|\n|t:|1701047268\n|-terastallize|p1a: Hawlucha|Rock\n|move|p2a: Weavile|Knock Off|p1a: Hawlucha\n|-damage|p1a: Hawlucha|0 fnt\n|-enditem|p1a: Hawlucha|Mirror Herb|[from] move: Knock Off|[of] p2a: Weavile\n|faint|p1a: Hawlucha\n|\n|upkeep\n|\n|t:|1701047276\n|switch|p1a: Barraskewda|Barraskewda, M|22\/100\n|-damage|p1a: Barraskewda|10\/100|[from] Stealth Rock\n|turn|18\n|\n|t:|1701047284\n|switch|p2a: Gliscor|Gliscor, F, shiny|79\/100 tox\n|move|p1a: Barraskewda|Liquidation|p2a: Gliscor\n|-supereffective|p2a: Gliscor\n|-damage|p2a: Gliscor|0 fnt\n|faint|p2a: Gliscor\n|\n|upkeep\n|\n|t:|1701047289\n|switch|p2a: Weavile|Weavile, M|100\/100\n|-ability|p2a: Weavile|Pressure\n|turn|19\n|\n|t:|1701047291\n|move|p2a: Weavile|Ice Shard|p1a: Barraskewda\n|-resisted|p1a: Barraskewda\n|-damage|p1a: Barraskewda|0 fnt\n|faint|p1a: Barraskewda\n|\n|upkeep\n|\n|t:|1701047296\n|switch|p1a: Whimsicott|Whimsicott, F|100\/100\n|-damage|p1a: Whimsicott|88\/100|[from] Stealth Rock\n|turn|20\n|\n|t:|1701047300\n|move|p2a: Weavile|Ice Shard|p1a: Whimsicott\n|-supereffective|p1a: Whimsicott\n|-crit|p1a: Whimsicott\n|-damage|p1a: Whimsicott|0 fnt\n|faint|p1a: Whimsicott\n|\n|upkeep\n|\n|t:|1701047302\n|switch|p1a: Golisopod|Golisopod, M, shiny|100\/100\n|-damage|p1a: Golisopod|76\/100|[from] Stealth Rock\n|turn|21\n|\n|t:|1701047304\n|move|p2a: Weavile|Ice Shard|p1a: Golisopod\n|-resisted|p1a: Golisopod\n|-damage|p1a: Golisopod|65\/100\n|move|p1a: Golisopod|Swords Dance|p1a: Golisopod\n|-boost|p1a: Golisopod|atk|2\n|\n|-heal|p1a: Golisopod|71\/100|[from] item: Leftovers\n|upkeep\n|turn|22\n|\n|t:|1701047312\n|move|p2a: Weavile|Ice Shard|p1a: Golisopod\n|-resisted|p1a: Golisopod\n|-damage|p1a: Golisopod|61\/100\n|move|p1a: Golisopod|Leech Life|p2a: Weavile\n|-supereffective|p2a: Weavile\n|-damage|p2a: Weavile|0 fnt\n|-heal|p1a: Golisopod|100\/100|[from] drain|[of] p2a: Weavile\n|faint|p2a: Weavile\n|\n|upkeep\n|\n|t:|1701047316\n|switch|p2a: Gyarados|Gyarados, M, shiny|42\/100\n|-ability|p2a: Gyarados|Intimidate|boost\n|-unboost|p1a: Golisopod|atk|1\n|turn|23\n|\n|t:|1701047324\n|detailschange|p2a: Gyarados|Gyarados-Mega, M, shiny\n|-mega|p2a: Gyarados|Gyarados|Gyaradosite\n|-ability|p2a: Gyarados|Mold Breaker\n|move|p1a: Golisopod|Sucker Punch|p2a: Gyarados\n|-resisted|p2a: Gyarados\n|-damage|p2a: Gyarados|25\/100\n|move|p2a: Gyarados|Crunch|p1a: Golisopod\n|-damage|p1a: Golisopod|65\/100\n|-unboost|p1a: Golisopod|def|1\n|\n|-heal|p1a: Golisopod|71\/100|[from] item: Leftovers\n|upkeep\n|turn|24\n|\n|t:|1701047332\n|move|p2a: Gyarados|Crunch|p1a: Golisopod\n|-damage|p1a: Golisopod|21\/100\n|move|p1a: Golisopod|Leech Life|p2a: Gyarados\n|-supereffective|p2a: Gyarados\n|-damage|p2a: Gyarados|0 fnt\n|-heal|p1a: Golisopod|32\/100|[from] drain|[of] p2a: Gyarados\n|faint|p2a: Gyarados\n|\n|win|Schplorth\n|raw|Schplorth's rating: 1371 &rarr; <strong>1398<\/strong><br \/>(+27 for winning)\n|raw|NSB080808's rating: 1502 &rarr; <strong>1475<\/strong><br \/>(-27 for losing)\n|l|\u2606NSB080808\n|c|\u2606Schplorth|GG\n|l|\u2606Schplorth\n|j|\u2606Schplorth\n|player|p1|Schplorth|169\n|l|\u2606Schplorth\n|player|p1|\n|j|\u2606Schplorth\n|player|p1|Schplorth|169\n","uploadtime":1701048813,"views":6,"p1id":"schplorth","p2id":"nsb080808","formatid":"gen9nationaldex","rating":1398,"private":0,"password":""}