{"id":"gen9nationaldex-1995289695","p1":"AligningStars","p2":"JoshukaPro109","format":"[Gen 9] National Dex","log":"|html|<div class=\"broadcast-blue\"><strong>[Gen 9] National Dex is currently suspecting Sneasler! For information on how to participate check out the <a href=\"https:\/\/www.smogon.com\/forums\/threads\/sv-national-dex-suspect-8-just-dance.3731534\/\">suspect thread<\/a>.<\/strong><\/div>\n|j|\u2606AligningStars\n|j|\u2606JoshukaPro109\n|t:|1700547645\n|gametype|singles\n|player|p1|AligningStars|hilbert|1018\n|player|p2|JoshukaPro109|266|1048\n|teamsize|p1|6\n|teamsize|p2|6\n|gen|9\n|tier|[Gen 9] National Dex\n|rated|\n|rule|HP Percentage Mod: HP is shown in percentages\n|rule|Endless Battle Clause: Forcing endless battles is banned\n|rule|OHKO Clause: OHKO moves are banned\n|rule|Evasion Clause: Evasion abilities, items, and moves are banned\n|rule|Evasion Abilities Clause: Evasion abilities are banned\n|rule|Evasion Items Clause: Evasion items are banned\n|rule|Evasion Moves Clause: Evasion moves are banned\n|rule|Species Clause: Limit one of each Pok\u00e9mon\n|rule|Sleep Clause Mod: Limit one foe put to sleep\n|clearpoke\n|poke|p1|Klefki, F|\n|poke|p1|Sableye, F|\n|poke|p1|Gengar, M|\n|poke|p1|Dunsparce, F|\n|poke|p1|Togekiss, M|\n|poke|p1|Lopunny, M|\n|poke|p2|Alomomola, F|\n|poke|p2|Pelipper, F|\n|poke|p2|Gyarados, F|\n|poke|p2|Landorus-Therian, M|\n|poke|p2|Rotom-Wash|\n|poke|p2|Urshifu-*, M|\n|teampreview\n|inactive|Battle timer is ON: inactive players will automatically lose when time's up. (requested by AligningStars)\n|inactive|JoshukaPro109 also wants the timer to be on.\n|c|\u2606AligningStars|glhf\n|inactive|AligningStars no longer wants the timer on, but the timer is staying on because joshukapro109 still does.\n|inactiveoff|Battle timer is now OFF.\n|c|\u2606JoshukaPro109|!dt dunsparce\n|raw|<div class=\"message\"><ul class=\"utilichart\"><li class=\"result\"><span class=\"col numcol\">NFE<\/span> <span class=\"col iconcol\"><psicon pokemon=\"dunsparce\"\/><\/span> <span class=\"col pokemonnamecol\" style=\"white-space:nowrap\"><a href=\"https:\/\/dex.pokemonshowdown.com\/pokemon\/dunsparce\" target=\"_blank\">Dunsparce<\/a><\/span> <span class=\"col typecol\"><img src=\"https:\/\/play.pokemonshowdown.com\/sprites\/types\/Normal.png\" alt=\"Normal\" height=\"14\" width=\"32\"><\/span> <span style=\"float:left;min-height:26px\"><span class=\"col twoabilitycol\">Serene Grace<br \/>Run Away<\/span><span class=\"col abilitycol\"><em>Rattled<\/em><\/span><\/span><span style=\"float:left;min-height:26px\"><span class=\"col statcol\"><em>HP<\/em><br \/>100<\/span> <span class=\"col statcol\"><em>Atk<\/em><br \/>70<\/span> <span class=\"col statcol\"><em>Def<\/em><br \/>70<\/span> <span class=\"col statcol\"><em>SpA<\/em><br \/>65<\/span> <span class=\"col statcol\"><em>SpD<\/em><br \/>65<\/span> <span class=\"col statcol\"><em>Spe<\/em><br \/>45<\/span> <span class=\"col bstcol\"><em>BST<br \/>415<\/em><\/span> <\/span><\/li><li style=\"clear:both\"><\/li><\/ul><\/div>\n|raw|<font size=\"1\"><font color=\"#686868\">Dex#:<\/font> 206&nbsp;|&ThickSpace;<font color=\"#686868\">Gen:<\/font> 2&nbsp;|&ThickSpace;<font color=\"#686868\">Height:<\/font> 1.5 m&nbsp;|&ThickSpace;<font color=\"#686868\">Weight:<\/font> 14 kg <em>(40 BP)<\/em>&nbsp;|&ThickSpace;<font color=\"#686868\">Dex Colour:<\/font> Yellow&nbsp;|&ThickSpace;<font color=\"#686868\">Egg Group(s):<\/font> Field&nbsp;|&ThickSpace;<font color=\"#686868\">Evolution:<\/font> Dudunsparce (level-up with Hyper Drill), Dudunsparce-Three-Segment (level-up with Hyper Drill)<\/font>\n\n|c|\u2606JoshukaPro109|Why would u run such a weak Pokemon?\n|c|\u2606AligningStars|ull see\n|\n|t:|1700547721\n|start\n|switch|p1a: Klefki|Klefki, F|100\/100\n|switch|p2a: Pelipper|Pelipper, F|100\/100\n|turn|1\n|\n|t:|1700547731\n|move|p1a: Klefki|Thunder Wave|p2a: Pelipper\n|-status|p2a: Pelipper|par\n|cant|p2a: Pelipper|par\n|\n|upkeep\n|turn|2\n|c|\u2606AligningStars|smh\n|c|\u2606JoshukaPro109|Smh\n|c|\u2606AligningStars|no drizzle?\n|c|\u2606JoshukaPro109|No bitches?\n|\n|t:|1700547772\n|move|p1a: Klefki|Light Screen|p1a: Klefki\n|-sidestart|p1: AligningStars|move: Light Screen\n|move|p2a: Pelipper|Rain Dance|p2a: Pelipper\n|-weather|RainDance\n|\n|-weather|RainDance|[upkeep]\n|upkeep\n|turn|3\n|c|\u2606AligningStars|bro rain dance peliper\n|c|\u2606JoshukaPro109|Stfu autistic mf\n|c|\u2606AligningStars|says the rain dance peliper\n|c|\u2606JoshukaPro109|No one asked\n|\n|t:|1700547840\n|move|p1a: Klefki|Reflect|p1a: Klefki\n|-sidestart|p1: AligningStars|Reflect\n|move|p2a: Pelipper|Hurricane|p1a: Klefki\n|-resisted|p1a: Klefki\n|-damage|p1a: Klefki|90\/100\n|-start|p1a: Klefki|confusion\n|\n|-weather|RainDance|[upkeep]\n|upkeep\n|turn|4\n|\n|t:|1700547863\n|switch|p1a: Dunsparce|Dunsparce, F|100\/100\n|move|p2a: Pelipper|Sky Attack||[still]\n|-prepare|p2a: Pelipper|Sky Attack\n|\n|-weather|RainDance|[upkeep]\n|upkeep\n|turn|5\n|\n|t:|1700547873\n|move|p1a: Dunsparce|Coil|p1a: Dunsparce\n|-boost|p1a: Dunsparce|atk|1\n|-boost|p1a: Dunsparce|def|1\n|-boost|p1a: Dunsparce|accuracy|1\n|cant|p2a: Pelipper|par\n|\n|-weather|RainDance|[upkeep]\n|upkeep\n|turn|6\n|c|\u2606JoshukaPro109|Lucky\n|\n|t:|1700547895\n|move|p1a: Dunsparce|Coil|p1a: Dunsparce\n|-boost|p1a: Dunsparce|atk|1\n|-boost|p1a: Dunsparce|def|1\n|-boost|p1a: Dunsparce|accuracy|1\n|move|p2a: Pelipper|Gunk Shot|p1a: Dunsparce|[miss]\n|-miss|p2a: Pelipper|p1a: Dunsparce\n|\n|-weather|RainDance|[upkeep]\n|upkeep\n|turn|7\n|\n|t:|1700547918\n|move|p1a: Dunsparce|Coil|p1a: Dunsparce\n|-boost|p1a: Dunsparce|atk|1\n|-boost|p1a: Dunsparce|def|1\n|-boost|p1a: Dunsparce|accuracy|1\n|cant|p2a: Pelipper|par\n|\n|-weather|RainDance|[upkeep]\n|upkeep\n|turn|8\n|c|\u2606JoshukaPro109|Omg this game sucks\n|c|\u2606AligningStars|Go play fortnite\n|\n|t:|1700547955\n|move|p1a: Dunsparce|Coil|p1a: Dunsparce\n|-boost|p1a: Dunsparce|atk|1\n|-boost|p1a: Dunsparce|def|1\n|-boost|p1a: Dunsparce|accuracy|1\n|move|p2a: Pelipper|Hurricane|p1a: Dunsparce\n|-damage|p1a: Dunsparce|90\/100\n|\n|-weather|RainDance|[upkeep]\n|upkeep\n|turn|9\n|\n|t:|1700547963\n|move|p1a: Dunsparce|Coil|p1a: Dunsparce\n|-boost|p1a: Dunsparce|atk|1\n|-boost|p1a: Dunsparce|def|1\n|-boost|p1a: Dunsparce|accuracy|1\n|move|p2a: Pelipper|Hurricane|p1a: Dunsparce\n|-crit|p1a: Dunsparce\n|-damage|p1a: Dunsparce|60\/100\n|\n|-weather|none\n|-sideend|p1: AligningStars|move: Light Screen\n|upkeep\n|turn|10\n|\n|t:|1700547968\n|move|p1a: Dunsparce|Roost|p1a: Dunsparce\n|-heal|p1a: Dunsparce|100\/100\n|-singleturn|p1a: Dunsparce|move: Roost\n|move|p2a: Pelipper|Rain Dance|p2a: Pelipper\n|-weather|RainDance\n|\n|-weather|RainDance|[upkeep]\n|-sideend|p1: AligningStars|Reflect\n|upkeep\n|turn|11\n|\n|t:|1700547978\n|move|p1a: Dunsparce|Coil|p1a: Dunsparce\n|-boost|p1a: Dunsparce|atk|1\n|-boost|p1a: Dunsparce|def|1\n|-boost|p1a: Dunsparce|accuracy|1\n|move|p2a: Pelipper|Sky Attack||[still]\n|-prepare|p2a: Pelipper|Sky Attack\n|\n|-weather|RainDance|[upkeep]\n|upkeep\n|turn|12\n|\n|t:|1700547987\n|move|p1a: Dunsparce|Headbutt|p2a: Pelipper\n|-damage|p2a: Pelipper|23\/100 par\n|move|p2a: Pelipper|Sky Attack|p1a: Dunsparce|[from]lockedmove\n|-crit|p1a: Dunsparce\n|-damage|p1a: Dunsparce|51\/100\n|\n|-weather|RainDance|[upkeep]\n|-heal|p2a: Pelipper|29\/100 par|[from] ability: Rain Dish\n|upkeep\n|turn|13\n|\n|t:|1700548003\n|move|p1a: Dunsparce|Roost|p1a: Dunsparce\n|-heal|p1a: Dunsparce|100\/100\n|-singleturn|p1a: Dunsparce|move: Roost\n|move|p2a: Pelipper|Gunk Shot|p1a: Dunsparce\n|-damage|p1a: Dunsparce|95\/100\n|\n|-weather|RainDance|[upkeep]\n|-heal|p2a: Pelipper|35\/100 par|[from] ability: Rain Dish\n|upkeep\n|turn|14\n|\n|t:|1700548012\n|move|p1a: Dunsparce|Headbutt|p2a: Pelipper\n|-damage|p2a: Pelipper|0 fnt\n|faint|p2a: Pelipper\n|\n|-weather|RainDance|[upkeep]\n|upkeep\n|\n|t:|1700548018\n|switch|p2a: Urshifu|Urshifu-Rapid-Strike, M|100\/100\n|turn|15\n|\n|t:|1700548026\n|move|p2a: Urshifu|Swords Dance|p2a: Urshifu\n|-boost|p2a: Urshifu|atk|2\n|move|p1a: Dunsparce|Headbutt|p2a: Urshifu\n|-damage|p2a: Urshifu|31\/100\n|\n|-weather|RainDance|[upkeep]\n|upkeep\n|turn|16\n|\n|t:|1700548034\n|move|p2a: Urshifu|Close Combat|p1a: Dunsparce\n|-supereffective|p1a: Dunsparce\n|-damage|p1a: Dunsparce|49\/100\n|-unboost|p2a: Urshifu|def|1\n|-unboost|p2a: Urshifu|spd|1\n|move|p1a: Dunsparce|Headbutt|p2a: Urshifu\n|-damage|p2a: Urshifu|0 fnt\n|faint|p2a: Urshifu\n|\n|-weather|RainDance|[upkeep]\n|upkeep\n|c|\u2606JoshukaPro109|Wtf\n|\n|t:|1700548051\n|switch|p2a: Rotom|Rotom-Wash|100\/100\n|turn|17\n|\n|t:|1700548061\n|move|p2a: Rotom|Hydro Pump|p1a: Dunsparce\n|-crit|p1a: Dunsparce\n|-damage|p1a: Dunsparce|0 fnt\n|faint|p1a: Dunsparce\n|\n|-weather|none\n|upkeep\n|c|\u2606JoshukaPro109|Get good\n|\n|t:|1700548074\n|switch|p1a: Klefki|Klefki, F|90\/100\n|turn|18\n|c|\u2606AligningStars|bro u losing\n|\n|t:|1700548096\n|move|p1a: Klefki|Light Screen|p1a: Klefki\n|-sidestart|p1: AligningStars|move: Light Screen\n|move|p2a: Rotom|Hydro Pump|p1a: Klefki\n|-damage|p1a: Klefki|68\/100\n|\n|upkeep\n|turn|19\n|\n|t:|1700548104\n|move|p1a: Klefki|Reflect|p1a: Klefki\n|-sidestart|p1: AligningStars|Reflect\n|move|p2a: Rotom|Will-O-Wisp|p1a: Klefki\n|-status|p1a: Klefki|brn\n|\n|-damage|p1a: Klefki|62\/100 brn|[from] brn\n|upkeep\n|turn|20\n|\n|t:|1700548138\n|move|p2a: Rotom|Hydro Pump|p1a: Klefki\n|-crit|p1a: Klefki\n|-damage|p1a: Klefki|0 fnt\n|faint|p1a: Klefki\n|\n|upkeep\n|\n|t:|1700548141\n|switch|p1a: Gengar|Gengar, M|100\/100\n|turn|21\n|c|\u2606JoshukaPro109|Yeah I'm going to win\n|c|\u2606AligningStars|r u sure about that?\n|\n|t:|1700548170\n|move|p1a: Gengar|Toxic|p2a: Rotom\n|-status|p2a: Rotom|tox\n|move|p2a: Rotom|Will-O-Wisp|p1a: Gengar\n|-status|p1a: Gengar|brn\n|\n|-damage|p2a: Rotom|94\/100 tox|[from] psn\n|-damage|p1a: Gengar|94\/100 brn|[from] brn\n|upkeep\n|turn|22\n|\n|t:|1700548179\n|move|p1a: Gengar|Substitute|p1a: Gengar\n|-start|p1a: Gengar|Substitute\n|-damage|p1a: Gengar|70\/100 brn\n|move|p2a: Rotom|Volt Switch|p1a: Gengar\n|-activate|p1a: Gengar|move: Substitute|[damage]\n|\n|t:|1700548182\n|switch|p2a: Landorus|Landorus-Therian, M|100\/100|[from] Volt Switch\n|-ability|p2a: Landorus|Intimidate|boost\n|-immune|p1a: Gengar\n|\n|-heal|p1a: Gengar|76\/100 brn|[from] item: Black Sludge\n|-damage|p1a: Gengar|70\/100 brn|[from] brn\n|upkeep\n|turn|23\n|\n|t:|1700548196\n|move|p2a: Landorus|Earthquake|p1a: Gengar\n|-supereffective|p1a: Gengar\n|-end|p1a: Gengar|Substitute\n|move|p1a: Gengar|Will-O-Wisp|p2a: Landorus\n|-status|p2a: Landorus|brn\n|\n|-heal|p1a: Gengar|76\/100 brn|[from] item: Black Sludge\n|-damage|p2a: Landorus|95\/100 brn|[from] brn\n|-damage|p1a: Gengar|70\/100 brn|[from] brn\n|upkeep\n|turn|24\n|\n|t:|1700548202\n|move|p2a: Landorus|Earthquake|p1a: Gengar\n|-supereffective|p1a: Gengar\n|-damage|p1a: Gengar|21\/100 brn\n|-start|p2a: Landorus|Disable|Earthquake|[from] ability: Cursed Body|[of] p1a: Gengar\n|move|p1a: Gengar|Disable||[still]\n|-fail|p1a: Gengar\n|\n|-heal|p1a: Gengar|27\/100 brn|[from] item: Black Sludge\n|-damage|p2a: Landorus|89\/100 brn|[from] brn\n|-damage|p1a: Gengar|21\/100 brn|[from] brn\n|upkeep\n|turn|25\n|\n|t:|1700548211\n|switch|p2a: Gyarados|Gyarados, F|100\/100\n|-ability|p2a: Gyarados|Intimidate|boost\n|-unboost|p1a: Gengar|atk|1\n|move|p1a: Gengar|Will-O-Wisp|p2a: Gyarados|[miss]\n|-miss|p1a: Gengar|p2a: Gyarados\n|\n|-heal|p1a: Gengar|27\/100 brn|[from] item: Black Sludge\n|-damage|p1a: Gengar|21\/100 brn|[from] brn\n|-sideend|p1: AligningStars|move: Light Screen\n|upkeep\n|turn|26\n|\n|t:|1700548229\n|detailschange|p2a: Gyarados|Gyarados-Mega, F\n|-mega|p2a: Gyarados|Gyarados|Gyaradosite\n|-ability|p2a: Gyarados|Mold Breaker\n|move|p1a: Gengar|Will-O-Wisp|p2a: Gyarados\n|-status|p2a: Gyarados|brn\n|move|p2a: Gyarados|Outrage|p1a: Gengar\n|-damage|p1a: Gengar|3\/100 brn\n|-start|p2a: Gyarados|Disable|Outrage|[from] ability: Cursed Body|[of] p1a: Gengar\n|\n|-heal|p1a: Gengar|9\/100 brn|[from] item: Black Sludge\n|-damage|p1a: Gengar|3\/100 brn|[from] brn\n|-damage|p2a: Gyarados|94\/100 brn|[from] brn\n|-sideend|p1: AligningStars|Reflect\n|upkeep\n|turn|27\n|\n|t:|1700548241\n|move|p1a: Gengar|Disable||[still]\n|-fail|p1a: Gengar\n|cant|p2a: Gyarados|Disable|Outrage\n|\n|-heal|p1a: Gengar|9\/100 brn|[from] item: Black Sludge\n|-damage|p1a: Gengar|3\/100 brn|[from] brn\n|-damage|p2a: Gyarados|88\/100 brn|[from] brn\n|-start|p2a: Gyarados|confusion|[fatigue]\n|upkeep\n|turn|28\n|\n|t:|1700548255\n|switch|p1a: Togekiss|Togekiss, M|100\/100\n|-activate|p2a: Gyarados|confusion\n|move|p2a: Gyarados|Power Whip|p1a: Togekiss\n|-resisted|p1a: Togekiss\n|-damage|p1a: Togekiss|90\/100\n|\n|-heal|p1a: Togekiss|96\/100|[from] item: Leftovers\n|-damage|p2a: Gyarados|82\/100 brn|[from] brn\n|upkeep\n|turn|29\n|\n|t:|1700548263\n|-activate|p2a: Gyarados|confusion\n|move|p2a: Gyarados|Skull Bash||[still]\n|-prepare|p2a: Gyarados|Skull Bash\n|-boost|p2a: Gyarados|def|1\n|move|p1a: Togekiss|Aura Sphere|p2a: Gyarados\n|-supereffective|p2a: Gyarados\n|-damage|p2a: Gyarados|36\/100 brn\n|\n|-heal|p1a: Togekiss|100\/100|[from] item: Leftovers\n|-damage|p2a: Gyarados|30\/100 brn|[from] brn\n|-end|p2a: Gyarados|Disable\n|upkeep\n|turn|30\n|c|\u2606AligningStars|bro skull bash\n|c|\u2606JoshukaPro109|Stfu\n|\n|t:|1700548299\n|-end|p2a: Gyarados|confusion\n|move|p2a: Gyarados|Skull Bash|p1a: Togekiss|[from]lockedmove\n|-damage|p1a: Togekiss|77\/100\n|move|p1a: Togekiss|Aura Sphere|p2a: Gyarados\n|-supereffective|p2a: Gyarados\n|-damage|p2a: Gyarados|0 fnt\n|faint|p2a: Gyarados\n|\n|-heal|p1a: Togekiss|83\/100|[from] item: Leftovers\n|upkeep\n|\n|t:|1700548307\n|switch|p2a: Rotom|Rotom-Wash|94\/100 tox\n|turn|31\n|\n|t:|1700548316\n|switch|p1a: Gengar|Gengar, M|3\/100 brn\n|move|p2a: Rotom|Volt Switch|p1a: Gengar\n|-damage|p1a: Gengar|0 fnt\n|-start|p2a: Rotom|Disable|Volt Switch|[from] ability: Cursed Body|[of] p1a: Gengar\n|faint|p1a: Gengar\n|\n|t:|1700548326\n|switch|p2a: Landorus|Landorus-Therian, M|89\/100 brn|[from] Volt Switch\n|\n|-damage|p2a: Landorus|83\/100 brn|[from] brn\n|upkeep\n|\n|t:|1700548347\n|switch|p1a: Togekiss|Togekiss, M|83\/100\n|turn|32\n|\n|t:|1700548363\n|switch|p2a: Rotom|Rotom-Wash|94\/100 tox\n|move|p1a: Togekiss|Air Slash|p2a: Rotom\n|-resisted|p2a: Rotom\n|-damage|p2a: Rotom|71\/100 tox\n|\n|-heal|p2a: Rotom|77\/100 tox|[from] item: Leftovers\n|-heal|p1a: Togekiss|89\/100|[from] item: Leftovers\n|-damage|p2a: Rotom|71\/100 tox|[from] psn\n|upkeep\n|turn|33\n|\n|t:|1700548370\n|-terastallize|p1a: Togekiss|Fighting\n|move|p2a: Rotom|Volt Switch|p1a: Togekiss\n|-damage|p1a: Togekiss|70\/100\n|\n|t:|1700548376\n|switch|p2a: Alomomola|Alomomola, F|100\/100|[from] Volt Switch\n|move|p1a: Togekiss|Aura Sphere|p2a: Alomomola\n|-damage|p2a: Alomomola|44\/100\n|\n|-heal|p1a: Togekiss|76\/100|[from] item: Leftovers\n|-heal|p2a: Alomomola|50\/100|[from] item: Leftovers\n|upkeep\n|turn|34\n|\n|t:|1700548383\n|move|p1a: Togekiss|Aura Sphere|p2a: Alomomola\n|-damage|p2a: Alomomola|0 fnt\n|faint|p2a: Alomomola\n|\n|-heal|p1a: Togekiss|82\/100|[from] item: Leftovers\n|upkeep\n|\n|t:|1700548389\n|switch|p2a: Landorus|Landorus-Therian, M|83\/100 brn\n|-ability|p2a: Landorus|Intimidate|boost\n|-unboost|p1a: Togekiss|atk|1\n|turn|35\n|\n|t:|1700548400\n|switch|p2a: Rotom|Rotom-Wash|71\/100 tox\n|move|p1a: Togekiss|Air Slash|p2a: Rotom\n|-resisted|p2a: Rotom\n|-damage|p2a: Rotom|51\/100 tox\n|\n|-heal|p2a: Rotom|57\/100 tox|[from] item: Leftovers\n|-heal|p1a: Togekiss|88\/100|[from] item: Leftovers\n|-damage|p2a: Rotom|51\/100 tox|[from] psn\n|upkeep\n|turn|36\n|\n|t:|1700548407\n|-terastallize|p2a: Rotom|Steel\n|move|p2a: Rotom|Hydro Pump|p1a: Togekiss\n|-damage|p1a: Togekiss|57\/100\n|move|p1a: Togekiss|Aura Sphere|p2a: Rotom\n|-supereffective|p2a: Rotom\n|-damage|p2a: Rotom|0 fnt\n|faint|p2a: Rotom\n|\n|-heal|p1a: Togekiss|63\/100|[from] item: Leftovers\n|upkeep\n|c|\u2606AligningStars|bruh\n|c|\u2606JoshukaPro109|Ur gay\n|c|\u2606JoshukaPro109|Go suck a dick\n|-message|JoshukaPro109 forfeited.\n|\n|win|AligningStars\n|raw|AligningStars's rating: 1018 &rarr; <strong>1059<\/strong><br \/>(+41 for winning)\n|raw|JoshukaPro109's rating: 1048 &rarr; <strong>1029<\/strong><br \/>(-19 for losing)\n","uploadtime":1700548436,"views":1,"p1id":"aligningstars","p2id":"joshukapro109","formatid":"gen9nationaldex","rating":1029,"private":0,"password":""}