{"id":"gen9nationaldex-1990855887","p1":"awakedancing","p2":"gglao4","format":"[Gen 9] National Dex","log":"|j|\u2606awakedancing\n|j|\u2606gglao4\n|t:|1700008061\n|gametype|singles\n|player|p1|awakedancing|lisia|1685\n|player|p2|gglao4|170|1606\n|teamsize|p1|6\n|teamsize|p2|6\n|gen|9\n|tier|[Gen 9] National Dex\n|rated|\n|rule|HP Percentage Mod: HP is shown in percentages\n|rule|Endless Battle Clause: Forcing endless battles is banned\n|rule|OHKO Clause: OHKO moves are banned\n|rule|Evasion Clause: Evasion abilities, items, and moves are banned\n|rule|Evasion Abilities Clause: Evasion abilities are banned\n|rule|Evasion Items Clause: Evasion items are banned\n|rule|Evasion Moves Clause: Evasion moves are banned\n|rule|Species Clause: Limit one of each Pok\u00e9mon\n|rule|Sleep Clause Mod: Limit one foe put to sleep\n|clearpoke\n|poke|p1|Scizor, M|\n|poke|p1|Iron Treads|\n|poke|p1|Zapdos|\n|poke|p1|Ogerpon-Wellspring, F|\n|poke|p1|Kommo-o, M|\n|poke|p1|Iron Moth|\n|poke|p2|Alomomola, F|\n|poke|p2|Zamazenta-*|\n|poke|p2|Ditto|\n|poke|p2|Victini|\n|poke|p2|Gliscor, F|\n|poke|p2|Goodra-Hisui, F|\n|teampreview\n|inactive|Battle timer is ON: inactive players will automatically lose when time's up. (requested by gglao4)\n|\n|t:|1700008076\n|start\n|switch|p1a: \u51b0z\u8ddf\u4f60\u7206\u4e86\uff01|Iron Treads|100\/100\n|switch|p2a: Victini|Victini|100\/100\n|turn|1\n|\n|t:|1700008081\n|move|p2a: Victini|U-turn|p1a: \u51b0z\u8ddf\u4f60\u7206\u4e86\uff01\n|-resisted|p1a: \u51b0z\u8ddf\u4f60\u7206\u4e86\uff01\n|-damage|p1a: \u51b0z\u8ddf\u4f60\u7206\u4e86\uff01|92\/100\n|\n|t:|1700008084\n|switch|p2a: Alomomola|Alomomola, F|100\/100|[from] U-turn\n|move|p1a: \u51b0z\u8ddf\u4f60\u7206\u4e86\uff01|Earthquake|p2a: Alomomola\n|-damage|p2a: Alomomola|77\/100\n|\n|upkeep\n|turn|2\n|\n|t:|1700008092\n|move|p1a: \u51b0z\u8ddf\u4f60\u7206\u4e86\uff01|Stealth Rock|p2a: Alomomola\n|-sidestart|p2: gglao4|move: Stealth Rock\n|move|p2a: Alomomola|Knock Off|p1a: \u51b0z\u8ddf\u4f60\u7206\u4e86\uff01\n|-damage|p1a: \u51b0z\u8ddf\u4f60\u7206\u4e86\uff01|77\/100\n|-enditem|p1a: \u51b0z\u8ddf\u4f60\u7206\u4e86\uff01|Focus Sash|[from] move: Knock Off|[of] p2a: Alomomola\n|\n|upkeep\n|turn|3\n|\n|t:|1700008099\n|move|p1a: \u51b0z\u8ddf\u4f60\u7206\u4e86\uff01|Knock Off|p2a: Alomomola\n|-damage|p2a: Alomomola|62\/100\n|-damage|p1a: \u51b0z\u8ddf\u4f60\u7206\u4e86\uff01|60\/100|[from] item: Rocky Helmet|[of] p2a: Alomomola\n|-enditem|p2a: Alomomola|Rocky Helmet|[from] move: Knock Off|[of] p1a: \u51b0z\u8ddf\u4f60\u7206\u4e86\uff01\n|move|p2a: Alomomola|Flip Turn|p1a: \u51b0z\u8ddf\u4f60\u7206\u4e86\uff01\n|-supereffective|p1a: \u51b0z\u8ddf\u4f60\u7206\u4e86\uff01\n|-damage|p1a: \u51b0z\u8ddf\u4f60\u7206\u4e86\uff01|31\/100\n|\n|t:|1700008113\n|switch|p2a: Victini|Victini|100\/100|[from] Flip Turn\n|-damage|p2a: Victini|76\/100|[from] Stealth Rock\n|\n|upkeep\n|turn|4\n|\n|t:|1700008121\n|move|p2a: Victini|V-create|p1a: \u51b0z\u8ddf\u4f60\u7206\u4e86\uff01\n|-supereffective|p1a: \u51b0z\u8ddf\u4f60\u7206\u4e86\uff01\n|-damage|p1a: \u51b0z\u8ddf\u4f60\u7206\u4e86\uff01|0 fnt\n|-unboost|p2a: Victini|spe|1\n|-unboost|p2a: Victini|def|1\n|-unboost|p2a: Victini|spd|1\n|faint|p1a: \u51b0z\u8ddf\u4f60\u7206\u4e86\uff01\n|-end|p1a: \u51b0z\u8ddf\u4f60\u7206\u4e86\uff01|Quark Drive|[silent]\n|\n|upkeep\n|\n|t:|1700008127\n|switch|p1a: \u5934\u5e26\u8ddf\u4f60\u7206\u4e86\uff01|Ogerpon-Wellspring, F|100\/100\n|turn|5\n|\n|t:|1700008131\n|switch|p2a: Zamazenta|Zamazenta|100\/100\n|-damage|p2a: Zamazenta|94\/100|[from] Stealth Rock\n|-ability|p2a: Zamazenta|Dauntless Shield|boost\n|-boost|p2a: Zamazenta|def|1\n|move|p1a: \u5934\u5e26\u8ddf\u4f60\u7206\u4e86\uff01|Ivy Cudgel|p2a: Zamazenta|[anim] Ivy Cudgel Water\n|-damage|p2a: Zamazenta|60\/100\n|\n|upkeep\n|turn|6\n|\n|t:|1700008141\n|switch|p1a: \u7535z\u8ddf\u4f60\u7206\u4e86\uff01|Zapdos|100\/100\n|move|p2a: Zamazenta|Stone Edge|p1a: \u7535z\u8ddf\u4f60\u7206\u4e86\uff01\n|-supereffective|p1a: \u7535z\u8ddf\u4f60\u7206\u4e86\uff01\n|-damage|p1a: \u7535z\u8ddf\u4f60\u7206\u4e86\uff01|21\/100\n|\n|upkeep\n|turn|7\n|\n|t:|1700008157\n|switch|p1a: \u8179\u9f13\u8ddf\u4f60\u7206\u4e86\uff01|Kommo-o, M, shiny|100\/100\n|move|p2a: Zamazenta|Stone Edge|p1a: \u8179\u9f13\u8ddf\u4f60\u7206\u4e86\uff01\n|-resisted|p1a: \u8179\u9f13\u8ddf\u4f60\u7206\u4e86\uff01\n|-damage|p1a: \u8179\u9f13\u8ddf\u4f60\u7206\u4e86\uff01|74\/100\n|\n|upkeep\n|turn|8\n|\n|t:|1700008167\n|switch|p2a: Gliscor|Gliscor, F|100\/100\n|-damage|p2a: Gliscor|88\/100|[from] Stealth Rock\n|-zpower|p1a: \u8179\u9f13\u8ddf\u4f60\u7206\u4e86\uff01\n|move|p1a: \u8179\u9f13\u8ddf\u4f60\u7206\u4e86\uff01|Clangorous Soulblaze|p2a: Gliscor|[zeffect]\n|-damage|p2a: Gliscor|18\/100\n|-boost|p1a: \u8179\u9f13\u8ddf\u4f60\u7206\u4e86\uff01|atk|1\n|-boost|p1a: \u8179\u9f13\u8ddf\u4f60\u7206\u4e86\uff01|def|1\n|-boost|p1a: \u8179\u9f13\u8ddf\u4f60\u7206\u4e86\uff01|spa|1\n|-boost|p1a: \u8179\u9f13\u8ddf\u4f60\u7206\u4e86\uff01|spd|1\n|-boost|p1a: \u8179\u9f13\u8ddf\u4f60\u7206\u4e86\uff01|spe|1\n|\n|-status|p2a: Gliscor|tox|[from] item: Toxic Orb\n|upkeep\n|turn|9\n|\n|t:|1700008178\n|-terastallize|p2a: Gliscor|Fairy\n|move|p1a: \u8179\u9f13\u8ddf\u4f60\u7206\u4e86\uff01|Flash Cannon|p2a: Gliscor\n|-supereffective|p2a: Gliscor\n|-damage|p2a: Gliscor|0 fnt\n|faint|p2a: Gliscor\n|\n|upkeep\n|\n|t:|1700008185\n|switch|p2a: Ditto|Ditto|100\/100\n|-damage|p2a: Ditto|88\/100|[from] Stealth Rock\n|-transform|p2a: Ditto|p1a: \u8179\u9f13\u8ddf\u4f60\u7206\u4e86\uff01|[from] ability: Imposter\n|turn|10\n|\n|t:|1700008191\n|move|p2a: Ditto|Clanging Scales|p1a: \u8179\u9f13\u8ddf\u4f60\u7206\u4e86\uff01\n|-supereffective|p1a: \u8179\u9f13\u8ddf\u4f60\u7206\u4e86\uff01\n|-damage|p1a: \u8179\u9f13\u8ddf\u4f60\u7206\u4e86\uff01|0 fnt\n|faint|p1a: \u8179\u9f13\u8ddf\u4f60\u7206\u4e86\uff01\n|-unboost|p2a: Ditto|def|1\n|\n|upkeep\n|\n|t:|1700008194\n|switch|p1a: \u4e0d\u8981\u6740\u6211\u5c0f\u87b3\u87b3|Scizor, M, shiny|100\/100\n|turn|11\n|\n|t:|1700008200\n|switch|p2a: Alomomola|Alomomola, F|95\/100\n|-damage|p2a: Alomomola|83\/100|[from] Stealth Rock\n|detailschange|p1a: \u4e0d\u8981\u6740\u6211\u5c0f\u87b3\u87b3|Scizor-Mega, M, shiny\n|-mega|p1a: \u4e0d\u8981\u6740\u6211\u5c0f\u87b3\u87b3|Scizor|Scizorite\n|move|p1a: \u4e0d\u8981\u6740\u6211\u5c0f\u87b3\u87b3|U-turn|p2a: Alomomola\n|-damage|p2a: Alomomola|60\/100\n|\n|t:|1700008208\n|switch|p1a: \u5934\u5e26\u8ddf\u4f60\u7206\u4e86\uff01|Ogerpon-Wellspring, F|100\/100|[from] U-turn\n|\n|upkeep\n|turn|12\n|\n|t:|1700008217\n|switch|p2a: Goodra|Goodra-Hisui, F|100\/100\n|-damage|p2a: Goodra|94\/100|[from] Stealth Rock\n|-terastallize|p1a: \u5934\u5e26\u8ddf\u4f60\u7206\u4e86\uff01|Water\n|detailschange|p1a: \u5934\u5e26\u8ddf\u4f60\u7206\u4e86\uff01|Ogerpon-Wellspring-Tera, F, tera:Water\n|-ability|p1a: \u5934\u5e26\u8ddf\u4f60\u7206\u4e86\uff01|Embody Aspect (Wellspring)|boost\n|-boost|p1a: \u5934\u5e26\u8ddf\u4f60\u7206\u4e86\uff01|spd|1\n|move|p1a: \u5934\u5e26\u8ddf\u4f60\u7206\u4e86\uff01|Trailblaze|p2a: Goodra\n|-ability|p2a: Goodra|Sap Sipper|boost\n|-boost|p2a: Goodra|atk|1\n|\n|upkeep\n|turn|13\n|\n|t:|1700008228\n|move|p1a: \u5934\u5e26\u8ddf\u4f60\u7206\u4e86\uff01|Swords Dance|p1a: \u5934\u5e26\u8ddf\u4f60\u7206\u4e86\uff01\n|-boost|p1a: \u5934\u5e26\u8ddf\u4f60\u7206\u4e86\uff01|atk|2\n|move|p2a: Goodra|Thunderbolt|p1a: \u5934\u5e26\u8ddf\u4f60\u7206\u4e86\uff01\n|-supereffective|p1a: \u5934\u5e26\u8ddf\u4f60\u7206\u4e86\uff01\n|-damage|p1a: \u5934\u5e26\u8ddf\u4f60\u7206\u4e86\uff01|52\/100\n|\n|upkeep\n|turn|14\n|\n|t:|1700008238\n|move|p1a: \u5934\u5e26\u8ddf\u4f60\u7206\u4e86\uff01|Swords Dance|p1a: \u5934\u5e26\u8ddf\u4f60\u7206\u4e86\uff01\n|-boost|p1a: \u5934\u5e26\u8ddf\u4f60\u7206\u4e86\uff01|atk|2\n|move|p2a: Goodra|Draco Meteor|p1a: \u5934\u5e26\u8ddf\u4f60\u7206\u4e86\uff01\n|-damage|p1a: \u5934\u5e26\u8ddf\u4f60\u7206\u4e86\uff01|1\/100\n|-unboost|p2a: Goodra|spa|2\n|\n|upkeep\n|turn|15\n|\n|t:|1700008246\n|move|p1a: \u5934\u5e26\u8ddf\u4f60\u7206\u4e86\uff01|Ivy Cudgel|p2a: Goodra|[anim] Ivy Cudgel Water\n|-resisted|p2a: Goodra\n|-damage|p2a: Goodra|0 fnt\n|faint|p2a: Goodra\n|\n|upkeep\n|\n|t:|1700008252\n|switch|p2a: Ditto|Ditto|88\/100\n|-damage|p2a: Ditto|76\/100|[from] Stealth Rock\n|turn|16\n|\n|t:|1700008260\n|switch|p2a: Alomomola|Alomomola, F|93\/100\n|-damage|p2a: Alomomola|81\/100|[from] Stealth Rock\n|move|p1a: \u5934\u5e26\u8ddf\u4f60\u7206\u4e86\uff01|Horn Leech|p2a: Alomomola\n|-supereffective|p2a: Alomomola\n|-damage|p2a: Alomomola|0 fnt\n|-heal|p1a: \u5934\u5e26\u8ddf\u4f60\u7206\u4e86\uff01|72\/100|[from] drain|[of] p2a: Alomomola\n|faint|p2a: Alomomola\n|\n|upkeep\n|\n|t:|1700008284\n|switch|p2a: Zamazenta|Zamazenta|60\/100\n|-damage|p2a: Zamazenta|54\/100|[from] Stealth Rock\n|turn|17\n|\n|t:|1700008303\n|move|p2a: Zamazenta|Wild Charge|p1a: \u5934\u5e26\u8ddf\u4f60\u7206\u4e86\uff01\n|-supereffective|p1a: \u5934\u5e26\u8ddf\u4f60\u7206\u4e86\uff01\n|-damage|p1a: \u5934\u5e26\u8ddf\u4f60\u7206\u4e86\uff01|0 fnt\n|faint|p1a: \u5934\u5e26\u8ddf\u4f60\u7206\u4e86\uff01\n|-damage|p2a: Zamazenta|37\/100|[from] Recoil\n|\n|upkeep\n|inactive|awakedancing has 120 seconds left.\n|\n|t:|1700008326\n|switch|p1a: \u8776\u821e\u8ddf\u4f60\u7206\u4e86\uff01|Iron Moth|100\/100\n|-enditem|p1a: \u8776\u821e\u8ddf\u4f60\u7206\u4e86\uff01|Booster Energy\n|-activate|p1a: \u8776\u821e\u8ddf\u4f60\u7206\u4e86\uff01|ability: Quark Drive|[fromitem]\n|-start|p1a: \u8776\u821e\u8ddf\u4f60\u7206\u4e86\uff01|quarkdrivespe\n|turn|18\n|\n|t:|1700008344\n|move|p1a: \u8776\u821e\u8ddf\u4f60\u7206\u4e86\uff01|Fiery Dance|p2a: Zamazenta\n|-damage|p2a: Zamazenta|2\/100\n|move|p2a: Zamazenta|Wild Charge|p1a: \u8776\u821e\u8ddf\u4f60\u7206\u4e86\uff01\n|-damage|p1a: \u8776\u821e\u8ddf\u4f60\u7206\u4e86\uff01|11\/100\n|-damage|p2a: Zamazenta|0 fnt|[from] Recoil\n|faint|p2a: Zamazenta\n|\n|upkeep\n|\n|t:|1700008351\n|switch|p2a: Ditto|Ditto|76\/100\n|-damage|p2a: Ditto|63\/100|[from] Stealth Rock\n|-transform|p2a: Ditto|p1a: \u8776\u821e\u8ddf\u4f60\u7206\u4e86\uff01|[from] ability: Imposter\n|turn|19\n|\n|t:|1700008360\n|move|p2a: Ditto|Fiery Dance|p1a: \u8776\u821e\u8ddf\u4f60\u7206\u4e86\uff01\n|-resisted|p1a: \u8776\u821e\u8ddf\u4f60\u7206\u4e86\uff01\n|-damage|p1a: \u8776\u821e\u8ddf\u4f60\u7206\u4e86\uff01|0 fnt\n|faint|p1a: \u8776\u821e\u8ddf\u4f60\u7206\u4e86\uff01\n|-end|p1a: \u8776\u821e\u8ddf\u4f60\u7206\u4e86\uff01|Quark Drive|[silent]\n|\n|upkeep\n|\n|t:|1700008369\n|switch|p1a: \u7535z\u8ddf\u4f60\u7206\u4e86\uff01|Zapdos|21\/100\n|turn|20\n|\n|t:|1700008377\n|move|p2a: Ditto|Fiery Dance|p1a: \u7535z\u8ddf\u4f60\u7206\u4e86\uff01\n|-damage|p1a: \u7535z\u8ddf\u4f60\u7206\u4e86\uff01|0 fnt\n|-boost|p2a: Ditto|spa|1\n|faint|p1a: \u7535z\u8ddf\u4f60\u7206\u4e86\uff01\n|\n|upkeep\n|\n|t:|1700008380\n|switch|p1a: \u4e0d\u8981\u6740\u6211\u5c0f\u87b3\u87b3|Scizor-Mega, M, shiny|100\/100\n|turn|21\n|\n|t:|1700008386\n|move|p1a: \u4e0d\u8981\u6740\u6211\u5c0f\u87b3\u87b3|Bullet Punch|p2a: Ditto\n|-resisted|p2a: Ditto\n|-damage|p2a: Ditto|31\/100\n|move|p2a: Ditto|Fiery Dance|p1a: \u4e0d\u8981\u6740\u6211\u5c0f\u87b3\u87b3\n|-supereffective|p1a: \u4e0d\u8981\u6740\u6211\u5c0f\u87b3\u87b3\n|-damage|p1a: \u4e0d\u8981\u6740\u6211\u5c0f\u87b3\u87b3|0 fnt\n|-boost|p2a: Ditto|spa|1\n|faint|p1a: \u4e0d\u8981\u6740\u6211\u5c0f\u87b3\u87b3\n|\n|win|gglao4\n|raw|awakedancing's rating: 1685 &rarr; <strong>1661<\/strong><br \/>(-24 for losing)\n|raw|gglao4's rating: 1606 &rarr; <strong>1630<\/strong><br \/>(+24 for winning)\n|l|\u2606awakedancing\n","uploadtime":1700008393,"views":5,"p1id":"awakedancing","p2id":"gglao4","formatid":"gen9nationaldex","rating":1630,"private":0,"password":""}