{"id":"gen9nationaldex-1993171337","p1":"danyukeainie","p2":"StarChaserV","format":"[Gen 9] National Dex","log":"|j|\u2606danyukeainie\n|j|\u2606StarChaserV\n|t:|1700273478\n|gametype|singles\n|player|p1|danyukeainie|caitlin|1484\n|player|p2|StarChaserV|tate|1441\n|teamsize|p1|6\n|teamsize|p2|6\n|gen|9\n|tier|[Gen 9] National Dex\n|rated|\n|rule|HP Percentage Mod: HP is shown in percentages\n|rule|Endless Battle Clause: Forcing endless battles is banned\n|rule|OHKO Clause: OHKO moves are banned\n|rule|Evasion Clause: Evasion abilities, items, and moves are banned\n|rule|Evasion Abilities Clause: Evasion abilities are banned\n|rule|Evasion Items Clause: Evasion items are banned\n|rule|Evasion Moves Clause: Evasion moves are banned\n|rule|Species Clause: Limit one of each Pok\u00e9mon\n|rule|Sleep Clause Mod: Limit one foe put to sleep\n|clearpoke\n|poke|p1|Banette, M|\n|poke|p1|Glimmora, F|\n|poke|p1|Garganacl, F|\n|poke|p1|Rillaboom, F|\n|poke|p1|Garchomp, F|\n|poke|p1|Iron Moth|\n|poke|p2|Inteleon, M|\n|poke|p2|Dragonite, M|\n|poke|p2|Vivillon-Pokeball, F|\n|poke|p2|Clefable, F|\n|poke|p2|Victini|\n|poke|p2|Clodsire, M|\n|teampreview\n|inactive|Battle timer is ON: inactive players will automatically lose when time's up. (requested by danyukeainie)\n|\n|t:|1700273482\n|start\n|switch|p1a: Glimmora|Glimmora, F|100\/100\n|switch|p2a: Pok\u00e9ball|Vivillon-Pokeball, F|100\/100\n|turn|1\n|\n|t:|1700273487\n|move|p2a: Pok\u00e9ball|Sleep Powder|p1a: Glimmora\n|-status|p1a: Glimmora|slp|[from] move: Sleep Powder\n|cant|p1a: Glimmora|slp\n|\n|upkeep\n|turn|2\n|\n|t:|1700273495\n|switch|p2a: Aqua|Inteleon, M|100\/100\n|switch|p1a: Banette|Banette, M|100\/100\n|\n|upkeep\n|turn|3\n|\n|t:|1700273499\n|detailschange|p1a: Banette|Banette-Mega, M\n|-mega|p1a: Banette|Banette|Banettite\n|move|p1a: Banette|Destiny Bond|p1a: Banette\n|-singlemove|p1a: Banette|Destiny Bond\n|move|p2a: Aqua|Snipe Shot|p1a: Banette\n|-crit|p1a: Banette\n|-damage|p1a: Banette|0 fnt\n|faint|p1a: Banette\n|-activate|p1a: Banette|move: Destiny Bond\n|faint|p2a: Aqua\n|\n|upkeep\n|\n|t:|1700273507\n|switch|p2a: Clod D. Sire|Clodsire, M|100\/100\n|switch|p1a: Garchomp|Garchomp, F|100\/100\n|turn|4\n|\n|t:|1700273514\n|move|p1a: Garchomp|Swords Dance|p1a: Garchomp\n|-boost|p1a: Garchomp|atk|2\n|move|p2a: Clod D. Sire|Stockpile|p2a: Clod D. Sire\n|-start|p2a: Clod D. Sire|stockpile1\n|-boost|p2a: Clod D. Sire|def|1\n|-boost|p2a: Clod D. Sire|spd|1\n|\n|upkeep\n|turn|5\n|\n|t:|1700273521\n|move|p1a: Garchomp|Earthquake|p2a: Clod D. Sire\n|-supereffective|p2a: Clod D. Sire\n|-damage|p2a: Clod D. Sire|48\/100\n|move|p2a: Clod D. Sire|Stockpile|p2a: Clod D. Sire\n|-start|p2a: Clod D. Sire|stockpile2\n|-boost|p2a: Clod D. Sire|def|1\n|-boost|p2a: Clod D. Sire|spd|1\n|\n|-heal|p2a: Clod D. Sire|54\/100|[from] item: Leftovers\n|upkeep\n|turn|6\n|\n|t:|1700273527\n|move|p1a: Garchomp|Scale Shot|p2a: Clod D. Sire\n|-damage|p2a: Clod D. Sire|49\/100\n|-damage|p2a: Clod D. Sire|44\/100\n|-damage|p2a: Clod D. Sire|39\/100\n|-damage|p2a: Clod D. Sire|34\/100\n|-hitcount|p2a: Clod D. Sire|4\n|-unboost|p1a: Garchomp|def|1\n|-boost|p1a: Garchomp|spe|1\n|move|p2a: Clod D. Sire|Recover|p2a: Clod D. Sire\n|-heal|p2a: Clod D. Sire|84\/100\n|\n|-heal|p2a: Clod D. Sire|90\/100|[from] item: Leftovers\n|upkeep\n|turn|7\n|\n|t:|1700273534\n|move|p1a: Garchomp|Swords Dance|p1a: Garchomp\n|-boost|p1a: Garchomp|atk|2\n|move|p2a: Clod D. Sire|Stockpile|p2a: Clod D. Sire\n|-start|p2a: Clod D. Sire|stockpile3\n|-boost|p2a: Clod D. Sire|def|1\n|-boost|p2a: Clod D. Sire|spd|1\n|\n|-heal|p2a: Clod D. Sire|96\/100|[from] item: Leftovers\n|upkeep\n|turn|8\n|\n|t:|1700273538\n|move|p1a: Garchomp|Earthquake|p2a: Clod D. Sire\n|-supereffective|p2a: Clod D. Sire\n|-damage|p2a: Clod D. Sire|63\/100\n|move|p2a: Clod D. Sire|Mud-Slap|p1a: Garchomp\n|-damage|p1a: Garchomp|96\/100\n|-unboost|p1a: Garchomp|accuracy|1\n|\n|-heal|p2a: Clod D. Sire|69\/100|[from] item: Leftovers\n|upkeep\n|turn|9\n|\n|t:|1700273543\n|move|p1a: Garchomp|Swords Dance|p1a: Garchomp\n|-boost|p1a: Garchomp|atk|2\n|move|p2a: Clod D. Sire|Mud-Slap|p1a: Garchomp\n|-damage|p1a: Garchomp|92\/100\n|-unboost|p1a: Garchomp|accuracy|1\n|\n|-heal|p2a: Clod D. Sire|76\/100|[from] item: Leftovers\n|upkeep\n|turn|10\n|\n|t:|1700273548\n|move|p1a: Garchomp|Earthquake|p2a: Clod D. Sire\n|-supereffective|p2a: Clod D. Sire\n|-damage|p2a: Clod D. Sire|40\/100\n|move|p2a: Clod D. Sire|Mud-Slap|p1a: Garchomp\n|-damage|p1a: Garchomp|87\/100\n|-unboost|p1a: Garchomp|accuracy|1\n|\n|-heal|p2a: Clod D. Sire|46\/100|[from] item: Leftovers\n|upkeep\n|turn|11\n|\n|t:|1700273552\n|move|p1a: Garchomp|Earthquake|p2a: Clod D. Sire\n|-supereffective|p2a: Clod D. Sire\n|-damage|p2a: Clod D. Sire|15\/100\n|move|p2a: Clod D. Sire|Recover|p2a: Clod D. Sire\n|-heal|p2a: Clod D. Sire|65\/100\n|\n|-heal|p2a: Clod D. Sire|71\/100|[from] item: Leftovers\n|upkeep\n|turn|12\n|\n|t:|1700273556\n|move|p1a: Garchomp|Earthquake|p2a: Clod D. Sire\n|-supereffective|p2a: Clod D. Sire\n|-damage|p2a: Clod D. Sire|37\/100\n|move|p2a: Clod D. Sire|Mud-Slap|p1a: Garchomp\n|-damage|p1a: Garchomp|83\/100\n|-unboost|p1a: Garchomp|accuracy|1\n|\n|-heal|p2a: Clod D. Sire|43\/100|[from] item: Leftovers\n|upkeep\n|turn|13\n|\n|t:|1700273562\n|move|p1a: Garchomp|Earthquake|p2a: Clod D. Sire\n|-supereffective|p2a: Clod D. Sire\n|-damage|p2a: Clod D. Sire|9\/100\n|move|p2a: Clod D. Sire|Recover|p2a: Clod D. Sire\n|-heal|p2a: Clod D. Sire|59\/100\n|\n|-heal|p2a: Clod D. Sire|65\/100|[from] item: Leftovers\n|upkeep\n|turn|14\n|\n|t:|1700273567\n|move|p1a: Garchomp|Earthquake|p2a: Clod D. Sire\n|-supereffective|p2a: Clod D. Sire\n|-damage|p2a: Clod D. Sire|32\/100\n|move|p2a: Clod D. Sire|Mud-Slap|p1a: Garchomp\n|-damage|p1a: Garchomp|79\/100\n|-unboost|p1a: Garchomp|accuracy|1\n|\n|-heal|p2a: Clod D. Sire|38\/100|[from] item: Leftovers\n|upkeep\n|turn|15\n|\n|t:|1700273573\n|move|p1a: Garchomp|Earthquake|p2a: Clod D. Sire\n|-supereffective|p2a: Clod D. Sire\n|-damage|p2a: Clod D. Sire|7\/100\n|move|p2a: Clod D. Sire|Recover|p2a: Clod D. Sire\n|-heal|p2a: Clod D. Sire|58\/100\n|\n|-heal|p2a: Clod D. Sire|64\/100|[from] item: Leftovers\n|upkeep\n|turn|16\n|\n|t:|1700273584\n|move|p1a: Garchomp|Earthquake|p2a: Clod D. Sire\n|-supereffective|p2a: Clod D. Sire\n|-damage|p2a: Clod D. Sire|33\/100\n|move|p2a: Clod D. Sire|Recover|p2a: Clod D. Sire\n|-heal|p2a: Clod D. Sire|83\/100\n|\n|-heal|p2a: Clod D. Sire|90\/100|[from] item: Leftovers\n|upkeep\n|turn|17\n|\n|t:|1700273593\n|switch|p1a: Garganacl|Garganacl, F|100\/100\n|move|p2a: Clod D. Sire|Mud-Slap|p1a: Garganacl\n|-supereffective|p1a: Garganacl\n|-damage|p1a: Garganacl|94\/100\n|-unboost|p1a: Garganacl|accuracy|1\n|\n|-heal|p1a: Garganacl|99\/100|[from] item: Leftovers\n|-heal|p2a: Clod D. Sire|96\/100|[from] item: Leftovers\n|upkeep\n|turn|18\n|\n|t:|1700273597\n|move|p1a: Garganacl|Salt Cure|p2a: Clod D. Sire\n|-resisted|p2a: Clod D. Sire\n|-damage|p2a: Clod D. Sire|94\/100\n|-start|p2a: Clod D. Sire|Salt Cure\n|move|p2a: Clod D. Sire|Acid Spray|p1a: Garganacl\n|-resisted|p1a: Garganacl\n|-damage|p1a: Garganacl|97\/100\n|-unboost|p1a: Garganacl|spd|2\n|\n|-heal|p1a: Garganacl|100\/100|[from] item: Leftovers\n|-heal|p2a: Clod D. Sire|99\/100|[from] item: Leftovers\n|-damage|p2a: Clod D. Sire|87\/100|[from] Salt Cure\n|upkeep\n|turn|19\n|\n|t:|1700273604\n|switch|p1a: Glimmora|Glimmora, F|100\/100 slp\n|move|p2a: Clod D. Sire|Acid Spray|p1a: Glimmora\n|-resisted|p1a: Glimmora\n|-damage|p1a: Glimmora|98\/100 slp\n|-unboost|p1a: Glimmora|spd|2\n|\n|-heal|p2a: Clod D. Sire|94\/100|[from] item: Leftovers\n|-damage|p2a: Clod D. Sire|81\/100|[from] Salt Cure\n|upkeep\n|turn|20\n|\n|t:|1700273608\n|cant|p1a: Glimmora|slp\n|move|p2a: Clod D. Sire|Mud-Slap|p1a: Glimmora\n|-supereffective|p1a: Glimmora\n|-damage|p1a: Glimmora|77\/100 slp\n|-unboost|p1a: Glimmora|accuracy|1\n|\n|-heal|p2a: Clod D. Sire|87\/100|[from] item: Leftovers\n|-damage|p2a: Clod D. Sire|75\/100|[from] Salt Cure\n|upkeep\n|turn|21\n|\n|t:|1700273613\n|-curestatus|p1a: Glimmora|slp|[msg]\n|move|p1a: Glimmora|Stealth Rock|p2a: Clod D. Sire\n|-sidestart|p2: StarChaserV|move: Stealth Rock\n|move|p2a: Clod D. Sire|Acid Spray|p1a: Glimmora\n|-resisted|p1a: Glimmora\n|-damage|p1a: Glimmora|75\/100\n|-unboost|p1a: Glimmora|spd|2\n|\n|-heal|p2a: Clod D. Sire|81\/100|[from] item: Leftovers\n|-damage|p2a: Clod D. Sire|69\/100|[from] Salt Cure\n|upkeep\n|turn|22\n|\n|t:|1700273619\n|move|p1a: Glimmora|Energy Ball|p2a: Clod D. Sire\n|-damage|p2a: Clod D. Sire|59\/100\n|move|p2a: Clod D. Sire|Mud-Slap|p1a: Glimmora\n|-supereffective|p1a: Glimmora\n|-damage|p1a: Glimmora|56\/100\n|-unboost|p1a: Glimmora|accuracy|1\n|\n|-heal|p2a: Clod D. Sire|65\/100|[from] item: Leftovers\n|-damage|p2a: Clod D. Sire|53\/100|[from] Salt Cure\n|upkeep\n|turn|23\n|\n|t:|1700273623\n|move|p1a: Glimmora|Energy Ball|p2a: Clod D. Sire\n|-damage|p2a: Clod D. Sire|44\/100\n|move|p2a: Clod D. Sire|Mud-Slap|p1a: Glimmora\n|-supereffective|p1a: Glimmora\n|-damage|p1a: Glimmora|36\/100\n|-unboost|p1a: Glimmora|accuracy|1\n|\n|-heal|p2a: Clod D. Sire|51\/100|[from] item: Leftovers\n|-damage|p2a: Clod D. Sire|38\/100|[from] Salt Cure\n|upkeep\n|turn|24\n|\n|t:|1700273631\n|move|p1a: Glimmora|Energy Ball|p2a: Clod D. Sire\n|-damage|p2a: Clod D. Sire|30\/100\n|move|p2a: Clod D. Sire|Recover|p2a: Clod D. Sire\n|-heal|p2a: Clod D. Sire|80\/100\n|\n|-heal|p2a: Clod D. Sire|86\/100|[from] item: Leftovers\n|-damage|p2a: Clod D. Sire|74\/100|[from] Salt Cure\n|upkeep\n|turn|25\n|\n|t:|1700273634\n|move|p1a: Glimmora|Energy Ball|p2a: Clod D. Sire\n|-damage|p2a: Clod D. Sire|65\/100\n|move|p2a: Clod D. Sire|Mud-Slap|p1a: Glimmora\n|-supereffective|p1a: Glimmora\n|-damage|p1a: Glimmora|15\/100\n|-unboost|p1a: Glimmora|accuracy|1\n|\n|-heal|p2a: Clod D. Sire|71\/100|[from] item: Leftovers\n|-damage|p2a: Clod D. Sire|59\/100|[from] Salt Cure\n|upkeep\n|turn|26\n|\n|t:|1700273638\n|move|p1a: Glimmora|Energy Ball|p2a: Clod D. Sire\n|-damage|p2a: Clod D. Sire|50\/100\n|move|p2a: Clod D. Sire|Mud-Slap|p1a: Glimmora\n|-supereffective|p1a: Glimmora\n|-damage|p1a: Glimmora|0 fnt\n|faint|p1a: Glimmora\n|\n|-heal|p2a: Clod D. Sire|56\/100|[from] item: Leftovers\n|-damage|p2a: Clod D. Sire|44\/100|[from] Salt Cure\n|upkeep\n|\n|t:|1700273650\n|switch|p1a: Garchomp|Garchomp, F|79\/100\n|turn|27\n|\n|t:|1700273653\n|move|p1a: Garchomp|Scale Shot|p2a: Clod D. Sire\n|-damage|p2a: Clod D. Sire|40\/100\n|-crit|p2a: Clod D. Sire\n|-damage|p2a: Clod D. Sire|24\/100\n|-damage|p2a: Clod D. Sire|19\/100\n|-damage|p2a: Clod D. Sire|15\/100\n|-damage|p2a: Clod D. Sire|10\/100\n|-hitcount|p2a: Clod D. Sire|5\n|-unboost|p1a: Garchomp|def|1\n|-boost|p1a: Garchomp|spe|1\n|move|p2a: Clod D. Sire|Recover|p2a: Clod D. Sire\n|-heal|p2a: Clod D. Sire|60\/100\n|\n|-heal|p2a: Clod D. Sire|67\/100|[from] item: Leftovers\n|-damage|p2a: Clod D. Sire|54\/100|[from] Salt Cure\n|upkeep\n|turn|28\n|\n|t:|1700273660\n|move|p1a: Garchomp|Swords Dance|p1a: Garchomp\n|-boost|p1a: Garchomp|atk|2\n|move|p2a: Clod D. Sire|Mud-Slap|p1a: Garchomp\n|-damage|p1a: Garchomp|74\/100\n|-unboost|p1a: Garchomp|accuracy|1\n|\n|-heal|p2a: Clod D. Sire|60\/100|[from] item: Leftovers\n|-damage|p2a: Clod D. Sire|48\/100|[from] Salt Cure\n|upkeep\n|turn|29\n|\n|t:|1700273664\n|move|p1a: Garchomp|Scale Shot|p2a: Clod D. Sire\n|-damage|p2a: Clod D. Sire|44\/100\n|-damage|p2a: Clod D. Sire|40\/100\n|-damage|p2a: Clod D. Sire|35\/100\n|-damage|p2a: Clod D. Sire|31\/100\n|-hitcount|p2a: Clod D. Sire|4\n|-unboost|p1a: Garchomp|def|1\n|-boost|p1a: Garchomp|spe|1\n|move|p2a: Clod D. Sire|Recover|p2a: Clod D. Sire\n|-heal|p2a: Clod D. Sire|81\/100\n|\n|-heal|p2a: Clod D. Sire|87\/100|[from] item: Leftovers\n|-damage|p2a: Clod D. Sire|75\/100|[from] Salt Cure\n|upkeep\n|turn|30\n|\n|t:|1700273673\n|move|p1a: Garchomp|Earthquake|p2a: Clod D. Sire\n|-supereffective|p2a: Clod D. Sire\n|-damage|p2a: Clod D. Sire|43\/100\n|move|p2a: Clod D. Sire|Mud-Slap|p1a: Garchomp\n|-damage|p1a: Garchomp|70\/100\n|-unboost|p1a: Garchomp|accuracy|1\n|\n|-heal|p2a: Clod D. Sire|49\/100|[from] item: Leftovers\n|-damage|p2a: Clod D. Sire|36\/100|[from] Salt Cure\n|upkeep\n|turn|31\n|\n|t:|1700273679\n|move|p1a: Garchomp|Earthquake|p2a: Clod D. Sire\n|-supereffective|p2a: Clod D. Sire\n|-damage|p2a: Clod D. Sire|1\/100\n|move|p2a: Clod D. Sire|Mud-Slap|p1a: Garchomp\n|-damage|p1a: Garchomp|65\/100\n|-unboost|p1a: Garchomp|accuracy|1\n|\n|-heal|p2a: Clod D. Sire|7\/100|[from] item: Leftovers\n|-damage|p2a: Clod D. Sire|0 fnt|[from] Salt Cure\n|faint|p2a: Clod D. Sire\n|upkeep\n|\n|t:|1700273686\n|switch|p2a: Clef\u00e9f\u00e9|Clefable, F|100\/100\n|-damage|p2a: Clef\u00e9f\u00e9|88\/100|[from] Stealth Rock\n|turn|32\n|\n|t:|1700273694\n|move|p1a: Garchomp|Earthquake|p2a: Clef\u00e9f\u00e9\n|-damage|p2a: Clef\u00e9f\u00e9|43\/100\n|move|p2a: Clef\u00e9f\u00e9|Cosmic Power|p2a: Clef\u00e9f\u00e9\n|-boost|p2a: Clef\u00e9f\u00e9|def|1\n|-boost|p2a: Clef\u00e9f\u00e9|spd|1\n|\n|upkeep\n|turn|33\n|\n|t:|1700273700\n|move|p1a: Garchomp|Earthquake|p2a: Clef\u00e9f\u00e9\n|-damage|p2a: Clef\u00e9f\u00e9|15\/100\n|move|p2a: Clef\u00e9f\u00e9|Rest|p2a: Clef\u00e9f\u00e9\n|-status|p2a: Clef\u00e9f\u00e9|slp|[from] move: Rest\n|-heal|p2a: Clef\u00e9f\u00e9|100\/100 slp|[silent]\n|-enditem|p2a: Clef\u00e9f\u00e9|Chesto Berry|[eat]\n|-curestatus|p2a: Clef\u00e9f\u00e9|slp|[msg]\n|\n|upkeep\n|turn|34\n|\n|t:|1700273703\n|move|p1a: Garchomp|Earthquake|p2a: Clef\u00e9f\u00e9\n|-damage|p2a: Clef\u00e9f\u00e9|71\/100\n|move|p2a: Clef\u00e9f\u00e9|Cosmic Power|p2a: Clef\u00e9f\u00e9\n|-boost|p2a: Clef\u00e9f\u00e9|def|1\n|-boost|p2a: Clef\u00e9f\u00e9|spd|1\n|\n|upkeep\n|turn|35\n|\n|t:|1700273708\n|switch|p1a: Garganacl|Garganacl, F|100\/100\n|move|p2a: Clef\u00e9f\u00e9|Cosmic Power|p2a: Clef\u00e9f\u00e9\n|-boost|p2a: Clef\u00e9f\u00e9|def|1\n|-boost|p2a: Clef\u00e9f\u00e9|spd|1\n|\n|upkeep\n|turn|36\n|\n|t:|1700273716\n|move|p2a: Clef\u00e9f\u00e9|Cosmic Power|p2a: Clef\u00e9f\u00e9\n|-boost|p2a: Clef\u00e9f\u00e9|def|1\n|-boost|p2a: Clef\u00e9f\u00e9|spd|1\n|move|p1a: Garganacl|Salt Cure|p2a: Clef\u00e9f\u00e9\n|-damage|p2a: Clef\u00e9f\u00e9|67\/100\n|-start|p2a: Clef\u00e9f\u00e9|Salt Cure\n|\n|-damage|p2a: Clef\u00e9f\u00e9|55\/100|[from] Salt Cure\n|upkeep\n|turn|37\n|\n|t:|1700273723\n|switch|p1a: Iron Moth|Iron Moth|100\/100\n|-enditem|p1a: Iron Moth|Booster Energy\n|-activate|p1a: Iron Moth|ability: Quark Drive|[fromitem]\n|-start|p1a: Iron Moth|quarkdrivespa\n|move|p2a: Clef\u00e9f\u00e9|Cosmic Power|p2a: Clef\u00e9f\u00e9\n|-boost|p2a: Clef\u00e9f\u00e9|def|1\n|-boost|p2a: Clef\u00e9f\u00e9|spd|1\n|\n|-damage|p2a: Clef\u00e9f\u00e9|42\/100|[from] Salt Cure\n|upkeep\n|turn|38\n|\n|t:|1700273733\n|move|p1a: Iron Moth|Sludge Wave|p2a: Clef\u00e9f\u00e9\n|-supereffective|p2a: Clef\u00e9f\u00e9\n|-damage|p2a: Clef\u00e9f\u00e9|13\/100\n|move|p2a: Clef\u00e9f\u00e9|Rest|p2a: Clef\u00e9f\u00e9\n|-status|p2a: Clef\u00e9f\u00e9|slp|[from] move: Rest\n|-heal|p2a: Clef\u00e9f\u00e9|100\/100 slp|[silent]\n|\n|-damage|p2a: Clef\u00e9f\u00e9|88\/100 slp|[from] Salt Cure\n|upkeep\n|turn|39\n|\n|t:|1700273740\n|move|p1a: Iron Moth|Sludge Wave|p2a: Clef\u00e9f\u00e9\n|-supereffective|p2a: Clef\u00e9f\u00e9\n|-damage|p2a: Clef\u00e9f\u00e9|59\/100 slp\n|cant|p2a: Clef\u00e9f\u00e9|slp\n|\n|-damage|p2a: Clef\u00e9f\u00e9|47\/100 slp|[from] Salt Cure\n|upkeep\n|turn|40\n|\n|t:|1700273747\n|-terastallize|p2a: Clef\u00e9f\u00e9|Steel\n|move|p1a: Iron Moth|Fiery Dance|p2a: Clef\u00e9f\u00e9\n|-supereffective|p2a: Clef\u00e9f\u00e9\n|-damage|p2a: Clef\u00e9f\u00e9|22\/100 slp\n|-boost|p1a: Iron Moth|spa|1\n|cant|p2a: Clef\u00e9f\u00e9|slp\n|\n|-damage|p2a: Clef\u00e9f\u00e9|0 fnt|[from] Salt Cure\n|faint|p2a: Clef\u00e9f\u00e9\n|upkeep\n|\n|t:|1700273757\n|switch|p2a: Wing|Dragonite, M|100\/100\n|-damage|p2a: Wing|75\/100|[from] Stealth Rock\n|turn|41\n|\n|t:|1700273764\n|-terastallize|p1a: Iron Moth|Grass\n|move|p1a: Iron Moth|Sludge Wave|p2a: Wing\n|-damage|p2a: Wing|0 fnt\n|faint|p2a: Wing\n|\n|upkeep\n|\n|t:|1700273767\n|switch|p2a: GODtini|Victini|100\/100\n|-damage|p2a: GODtini|76\/100|[from] Stealth Rock\n|turn|42\n|\n|t:|1700273770\n|move|p1a: Iron Moth|Sludge Wave|p2a: GODtini\n|-damage|p2a: GODtini|0 fnt\n|faint|p2a: GODtini\n|\n|upkeep\n|-message|StarChaserV forfeited.\n|\n|win|danyukeainie\n|raw|danyukeainie's rating: 1484 &rarr; <strong>1502<\/strong><br \/>(+18 for winning)\n|raw|StarChaserV's rating: 1441 &rarr; <strong>1423<\/strong><br \/>(-18 for losing)\n|l|\u2606StarChaserV\n|c|\u2606danyukeainie|fy\n","uploadtime":1700273794,"views":10,"p1id":"danyukeainie","p2id":"starchaserv","formatid":"gen9nationaldex","rating":1423,"private":0,"password":""}