{"id":"gen9nationaldex-1991925528","p1":"Eduzin17_YT","p2":"TaldoMachado","format":"[Gen 9] National Dex","log":"|j|\u2606Eduzin17_YT\n|j|\u2606TaldoMachado\n|t:|1700138912\n|gametype|singles\n|player|p1|Eduzin17_YT|wallace|1070\n|player|p2|TaldoMachado|swimmerf-gen4|1066\n|teamsize|p1|6\n|teamsize|p2|6\n|gen|9\n|tier|[Gen 9] National Dex\n|rated|\n|rule|HP Percentage Mod: HP is shown in percentages\n|rule|Endless Battle Clause: Forcing endless battles is banned\n|rule|OHKO Clause: OHKO moves are banned\n|rule|Evasion Clause: Evasion abilities, items, and moves are banned\n|rule|Evasion Abilities Clause: Evasion abilities are banned\n|rule|Evasion Items Clause: Evasion items are banned\n|rule|Evasion Moves Clause: Evasion moves are banned\n|rule|Species Clause: Limit one of each Pok\u00e9mon\n|rule|Sleep Clause Mod: Limit one foe put to sleep\n|clearpoke\n|poke|p1|Feraligatr, M|\n|poke|p1|Grimmsnarl, M|\n|poke|p1|Tornadus-Therian, M|\n|poke|p1|Toxapex, F|\n|poke|p1|Aegislash, F|\n|poke|p1|Mimikyu, F|\n|poke|p2|Klefki, M|\n|poke|p2|Frosmoth, F|\n|poke|p2|Rapidash, F|\n|poke|p2|Corviknight, M|\n|poke|p2|Sneasler, F|\n|poke|p2|Greninja-*, F|\n|teampreview\n|inactive|Battle timer is ON: inactive players will automatically lose when time's up. (requested by Eduzin17_YT)\n|\n|t:|1700138918\n|start\n|switch|p1a: Grimmsnarl|Grimmsnarl, M|100\/100\n|switch|p2a: Klefki|Klefki, M|100\/100\n|turn|1\n|\n|t:|1700138921\n|move|p2a: Klefki|Reflect|p2a: Klefki\n|-sidestart|p2: TaldoMachado|Reflect\n|move|p1a: Grimmsnarl|Taunt|p2a: Klefki\n|-start|p2a: Klefki|move: Taunt\n|\n|upkeep\n|turn|2\n|\n|t:|1700138925\n|move|p1a: Grimmsnarl|Reflect|p1a: Grimmsnarl\n|-sidestart|p1: Eduzin17_YT|Reflect\n|move|p2a: Klefki|Steel Beam|p1a: Grimmsnarl\n|-supereffective|p1a: Grimmsnarl\n|-damage|p1a: Grimmsnarl|0 fnt\n|-damage|p2a: Klefki|50\/100|[from] steelbeam\n|faint|p1a: Grimmsnarl\n|\n|upkeep\n|\n|t:|1700138940\n|switch|p1a: Feraligatr|Feraligatr, M|100\/100\n|turn|3\n|\n|t:|1700138946\n|switch|p2a: Frosmoth|Frosmoth, F|100\/100\n|move|p1a: Feraligatr|Dragon Dance|p1a: Feraligatr\n|-boost|p1a: Feraligatr|atk|1\n|-boost|p1a: Feraligatr|spe|1\n|\n|upkeep\n|turn|4\n|\n|t:|1700138956\n|-terastallize|p1a: Feraligatr|Dark\n|move|p1a: Feraligatr|Crunch|p2a: Frosmoth\n|-damage|p2a: Frosmoth|14\/100\n|move|p2a: Frosmoth|Quiver Dance|p2a: Frosmoth\n|-boost|p2a: Frosmoth|spa|1\n|-boost|p2a: Frosmoth|spd|1\n|-boost|p2a: Frosmoth|spe|1\n|\n|upkeep\n|turn|5\n|\n|t:|1700138966\n|switch|p1a: Aegislash|Aegislash, F|100\/100\n|move|p2a: Frosmoth|Bug Buzz|p1a: Aegislash\n|-resisted|p1a: Aegislash\n|-damage|p1a: Aegislash|85\/100\n|\n|-heal|p1a: Aegislash|92\/100|[from] item: Leftovers\n|upkeep\n|turn|6\n|\n|t:|1700138974\n|move|p2a: Frosmoth|Ice Beam|p1a: Aegislash\n|-resisted|p1a: Aegislash\n|-damage|p1a: Aegislash|61\/100\n|move|p1a: Aegislash|Swords Dance|p1a: Aegislash\n|-boost|p1a: Aegislash|atk|2\n|\n|-heal|p1a: Aegislash|67\/100|[from] item: Leftovers\n|upkeep\n|turn|7\n|\n|t:|1700138983\n|move|p1a: Aegislash|King's Shield|p1a: Aegislash\n|-singleturn|p1a: Aegislash|Protect\n|move|p2a: Frosmoth|Ice Beam|p1a: Aegislash\n|-activate|p1a: Aegislash|move: Protect\n|\n|-heal|p1a: Aegislash|73\/100|[from] item: Leftovers\n|upkeep\n|turn|8\n|\n|t:|1700138991\n|move|p2a: Frosmoth|Ice Beam|p1a: Aegislash\n|-resisted|p1a: Aegislash\n|-damage|p1a: Aegislash|46\/100\n|-formechange|p1a: Aegislash|Aegislash-Blade||[from] ability: Stance Change\n|move|p1a: Aegislash|Iron Head|p2a: Frosmoth\n|-supereffective|p2a: Frosmoth\n|-damage|p2a: Frosmoth|0 fnt\n|faint|p2a: Frosmoth\n|\n|-heal|p1a: Aegislash|53\/100|[from] item: Leftovers\n|-sideend|p2: TaldoMachado|Reflect\n|upkeep\n|\n|t:|1700139001\n|switch|p2a: Sneasler|Sneasler, F, shiny|100\/100\n|turn|9\n|\n|t:|1700139006\n|-formechange|p1a: Aegislash|Aegislash||[from] ability: Stance Change\n|move|p1a: Aegislash|King's Shield|p1a: Aegislash\n|-singleturn|p1a: Aegislash|Protect\n|move|p2a: Sneasler|Dire Claw|p1a: Aegislash\n|-activate|p1a: Aegislash|move: Protect\n|-unboost|p2a: Sneasler|atk|1\n|\n|-heal|p1a: Aegislash|59\/100|[from] item: Leftovers\n|-sideend|p1: Eduzin17_YT|Reflect\n|upkeep\n|turn|10\n|\n|t:|1700139019\n|move|p2a: Sneasler|Fling|p1a: Aegislash\n|-supereffective|p1a: Aegislash\n|-damage|p1a: Aegislash|14\/100\n|-enditem|p2a: Sneasler|Big Nugget|[from] move: Fling\n|-formechange|p1a: Aegislash|Aegislash-Blade||[from] ability: Stance Change\n|move|p1a: Aegislash|Iron Head|p2a: Sneasler\n|-damage|p2a: Sneasler|0 fnt\n|faint|p2a: Sneasler\n|\n|-heal|p1a: Aegislash|21\/100|[from] item: Leftovers\n|upkeep\n|\n|t:|1700139031\n|switch|p2a: Klefki|Klefki, M|50\/100\n|turn|11\n|\n|t:|1700139040\n|move|p2a: Klefki|Reflect|p2a: Klefki\n|-sidestart|p2: TaldoMachado|Reflect\n|move|p1a: Aegislash|Shadow Claw|p2a: Klefki\n|-damage|p2a: Klefki|0 fnt\n|faint|p2a: Klefki\n|\n|-heal|p1a: Aegislash|27\/100|[from] item: Leftovers\n|upkeep\n|inactive|TaldoMachado has 120 seconds left.\n|inactive|TaldoMachado has 90 seconds left.\n|\n|t:|1700139110\n|switch|p2a: Rapidash|Rapidash, F, shiny|100\/100\n|turn|12\n|\n|t:|1700139117\n|-formechange|p1a: Aegislash|Aegislash||[from] ability: Stance Change\n|move|p1a: Aegislash|King's Shield|p1a: Aegislash\n|-singleturn|p1a: Aegislash|Protect\n|move|p2a: Rapidash|Megahorn|p1a: Aegislash\n|-activate|p1a: Aegislash|move: Protect\n|-unboost|p2a: Rapidash|atk|1\n|\n|-heal|p1a: Aegislash|33\/100|[from] item: Leftovers\n|upkeep\n|turn|13\n|inactive|TaldoMachado has 90 seconds left.\n|-message|TaldoMachado forfeited.\n|\n|win|Eduzin17_YT\n|raw|Eduzin17_YT's rating: 1070 &rarr; <strong>1099<\/strong><br \/>(+29 for winning)\n|raw|TaldoMachado's rating: 1066 &rarr; <strong>1046<\/strong><br \/>(-20 for losing)\n|l|\u2606TaldoMachado\n","uploadtime":1700139133,"views":4,"p1id":"eduzin17yt","p2id":"taldomachado","formatid":"gen9nationaldex","rating":1046,"private":0,"password":""}