{"id":"gen9nationaldex-1997029404","p1":"PaleSwordsman_666","p2":"Kokkunut","format":"[Gen 9] National Dex","log":"|html|<div class=\"broadcast-blue\"><strong>[Gen 9] National Dex is currently suspecting Sneasler! For information on how to participate check out the <a href=\"https:\/\/www.smogon.com\/forums\/threads\/sv-national-dex-suspect-8-just-dance.3731534\/\">suspect thread<\/a>.<\/strong><\/div>\n|j|\u2606PaleSwordsman_666\n|j|\u2606Kokkunut\n|t:|1700757360\n|gametype|singles\n|player|p1|PaleSwordsman_666|cynthia-gen4|1200\n|player|p2|Kokkunut|skierf-gen4dp|1241\n|teamsize|p1|6\n|teamsize|p2|6\n|gen|9\n|tier|[Gen 9] National Dex\n|rated|\n|rule|HP Percentage Mod: HP is shown in percentages\n|rule|Endless Battle Clause: Forcing endless battles is banned\n|rule|OHKO Clause: OHKO moves are banned\n|rule|Evasion Clause: Evasion abilities, items, and moves are banned\n|rule|Evasion Abilities Clause: Evasion abilities are banned\n|rule|Evasion Items Clause: Evasion items are banned\n|rule|Evasion Moves Clause: Evasion moves are banned\n|rule|Species Clause: Limit one of each Pok\u00e9mon\n|rule|Sleep Clause Mod: Limit one foe put to sleep\n|clearpoke\n|poke|p1|Garchomp, M|\n|poke|p1|Blissey, F|\n|poke|p1|Golurk|\n|poke|p1|Salazzle, F|\n|poke|p1|Hawlucha, M|\n|poke|p1|Crawdaunt, M|\n|poke|p2|Ninetales-Alola, M|\n|poke|p2|Mawile, F|\n|poke|p2|Azumarill, F|\n|poke|p2|Comfey, F|\n|poke|p2|Enamorus, F|\n|poke|p2|Iron Valiant|\n|teampreview\n|\n|t:|1700757363\n|start\n|switch|p1a: Garchomp|Garchomp, M|100\/100\n|switch|p2a: Ninetales|Ninetales-Alola, M|100\/100\n|-weather|Snow|[from] ability: Snow Warning|[of] p2a: Ninetales\n|turn|1\n|inactive|Battle timer is ON: inactive players will automatically lose when time's up. (requested by Kokkunut)\n|\n|t:|1700757371\n|move|p2a: Ninetales|Aurora Veil|p2a: Ninetales\n|-sidestart|p2: Kokkunut|move: Aurora Veil\n|move|p1a: Garchomp|Stealth Rock|p2a: Ninetales\n|-sidestart|p2: Kokkunut|move: Stealth Rock\n|\n|-weather|Snow|[upkeep]\n|upkeep\n|turn|2\n|\n|t:|1700757378\n|switch|p1a: Blissey|Blissey, F|100\/100\n|move|p2a: Ninetales|Freeze-Dry|p1a: Blissey\n|-damage|p1a: Blissey|91\/100\n|\n|-weather|Snow|[upkeep]\n|upkeep\n|turn|3\n|\n|t:|1700757389\n|switch|p2a: Azumarill|Azumarill, F|100\/100\n|-damage|p2a: Azumarill|88\/100|[from] Stealth Rock\n|move|p1a: Blissey|Thunder Wave|p2a: Azumarill\n|-status|p2a: Azumarill|par\n|\n|-weather|Snow|[upkeep]\n|upkeep\n|turn|4\n|\n|t:|1700757407\n|cant|p2a: Azumarill|par\n|move|p1a: Blissey|Teleport|p1a: Blissey\n|\n|t:|1700757419\n|switch|p1a: Golurk|Golurk|100\/100|[from] Teleport\n|\n|-weather|Snow|[upkeep]\n|upkeep\n|turn|5\n|\n|t:|1700757434\n|move|p1a: Golurk|Dynamic Punch|p2a: Azumarill\n|-resisted|p2a: Azumarill\n|-damage|p2a: Azumarill|73\/100 par\n|-start|p2a: Azumarill|confusion\n|-activate|p2a: Azumarill|confusion\n|-damage|p2a: Azumarill|65\/100 par|[from] confusion\n|\n|-weather|none\n|upkeep\n|turn|6\n|\n|t:|1700757444\n|switch|p1a: Garchomp|Garchomp, M|100\/100\n|-end|p2a: Azumarill|confusion\n|cant|p2a: Azumarill|par\n|\n|upkeep\n|turn|7\n|\n|t:|1700757451\n|move|p1a: Garchomp|Earthquake|p2a: Azumarill\n|-damage|p2a: Azumarill|43\/100 par\n|-zpower|p2a: Azumarill\n|move|p2a: Azumarill|Z-Belly Drum|p2a: Azumarill|[anim]Belly Drum\n|-heal|p2a: Azumarill|100\/100 par|[zeffect]\n|-damage|p2a: Azumarill|51\/100 par\n|-setboost|p2a: Azumarill|atk|6|[from] move: Belly Drum\n|\n|upkeep\n|turn|8\n|\n|t:|1700757464\n|move|p1a: Garchomp|Protect|p1a: Garchomp\n|-singleturn|p1a: Garchomp|Protect\n|move|p2a: Azumarill|Aqua Jet|p1a: Garchomp\n|-activate|p1a: Garchomp|move: Protect\n|\n|-sideend|p2: Kokkunut|move: Aurora Veil\n|upkeep\n|turn|9\n|\n|t:|1700757488\n|move|p2a: Azumarill|Aqua Jet|p1a: Garchomp\n|-damage|p1a: Garchomp|25\/100\n|-damage|p2a: Azumarill|38\/100 par|[from] ability: Rough Skin|[of] p1a: Garchomp\n|move|p1a: Garchomp|Earthquake|p2a: Azumarill\n|-damage|p2a: Azumarill|0 fnt\n|faint|p2a: Azumarill\n|\n|-heal|p1a: Garchomp|31\/100|[from] item: Leftovers\n|upkeep\n|\n|t:|1700757497\n|switch|p2a: Ninetales|Ninetales-Alola, M|100\/100\n|-damage|p2a: Ninetales|76\/100|[from] Stealth Rock\n|-weather|Snow|[from] ability: Snow Warning|[of] p2a: Ninetales\n|turn|10\n|\n|t:|1700757502\n|move|p2a: Ninetales|Aurora Veil|p2a: Ninetales\n|-sidestart|p2: Kokkunut|move: Aurora Veil\n|move|p1a: Garchomp|Toxic|p2a: Ninetales|[miss]\n|-miss|p1a: Garchomp|p2a: Ninetales\n|\n|-weather|Snow|[upkeep]\n|-heal|p1a: Garchomp|37\/100|[from] item: Leftovers\n|upkeep\n|turn|11\n|\n|t:|1700757508\n|switch|p1a: Blissey|Blissey, F|91\/100\n|move|p2a: Ninetales|Freeze-Dry|p1a: Blissey\n|-damage|p1a: Blissey|81\/100\n|-status|p1a: Blissey|frz\n|\n|-weather|Snow|[upkeep]\n|upkeep\n|turn|12\n|\n|t:|1700757523\n|-curestatus|p1a: Blissey|frz|[from] ability: Natural Cure\n|switch|p1a: Garchomp|Garchomp, M|37\/100\n|move|p2a: Ninetales|Psyshock|p1a: Garchomp\n|-crit|p1a: Garchomp\n|-damage|p1a: Garchomp|16\/100\n|\n|-weather|Snow|[upkeep]\n|-heal|p1a: Garchomp|22\/100|[from] item: Leftovers\n|upkeep\n|turn|13\n|\n|t:|1700757533\n|move|p1a: Garchomp|Protect|p1a: Garchomp\n|-singleturn|p1a: Garchomp|Protect\n|move|p2a: Ninetales|Freeze-Dry|p1a: Garchomp\n|-activate|p1a: Garchomp|move: Protect\n|\n|-weather|Snow|[upkeep]\n|-heal|p1a: Garchomp|28\/100|[from] item: Leftovers\n|upkeep\n|turn|14\n|\n|t:|1700757552\n|switch|p1a: Blissey|Blissey, F|81\/100\n|move|p2a: Ninetales|Freeze-Dry|p1a: Blissey\n|-damage|p1a: Blissey|72\/100\n|\n|-weather|none\n|upkeep\n|turn|15\n|\n|t:|1700757569\n|switch|p1a: Crawdaunt|Crawdaunt, M|100\/100\n|move|p2a: Ninetales|Psyshock|p1a: Crawdaunt\n|-immune|p1a: Crawdaunt\n|\n|upkeep\n|turn|16\n|\n|t:|1700757578\n|move|p2a: Ninetales|Freeze-Dry|p1a: Crawdaunt\n|-supereffective|p1a: Crawdaunt\n|-damage|p1a: Crawdaunt|0 fnt\n|faint|p1a: Crawdaunt\n|\n|upkeep\n|\n|t:|1700757586\n|switch|p1a: Salazzle|Salazzle, F|100\/100\n|turn|17\n|\n|t:|1700757592\n|move|p1a: Salazzle|Flamethrower|p2a: Ninetales\n|-supereffective|p2a: Ninetales\n|-damage|p2a: Ninetales|24\/100\n|move|p2a: Ninetales|Chilling Water|p1a: Salazzle\n|-supereffective|p1a: Salazzle\n|-damage|p1a: Salazzle|55\/100\n|-unboost|p1a: Salazzle|atk|1\n|\n|-sideend|p2: Kokkunut|move: Aurora Veil\n|upkeep\n|turn|18\n|\n|t:|1700757601\n|move|p1a: Salazzle|Overheat|p2a: Ninetales\n|-supereffective|p2a: Ninetales\n|-damage|p2a: Ninetales|0 fnt\n|-unboost|p1a: Salazzle|spa|2\n|faint|p2a: Ninetales\n|\n|upkeep\n|\n|t:|1700757608\n|switch|p2a: Comfey|Comfey, F|100\/100\n|-damage|p2a: Comfey|88\/100|[from] Stealth Rock\n|turn|19\n|\n|t:|1700757613\n|switch|p1a: Blissey|Blissey, F|72\/100\n|move|p2a: Comfey|Defog|p1a: Blissey\n|-unboost|p1a: Blissey|evasion|1\n|-sideend|p2: Kokkunut|Stealth Rock|[from] move: Defog|[of] p2a: Comfey\n|\n|upkeep\n|turn|20\n|\n|t:|1700757620\n|move|p2a: Comfey|Calm Mind|p2a: Comfey\n|-boost|p2a: Comfey|spa|1\n|-boost|p2a: Comfey|spd|1\n|move|p1a: Blissey|Thunder Wave|p2a: Comfey\n|-status|p2a: Comfey|par\n|\n|upkeep\n|turn|21\n|\n|t:|1700757625\n|move|p1a: Blissey|Soft-Boiled|p1a: Blissey\n|-heal|p1a: Blissey|100\/100\n|move|p2a: Comfey|Calm Mind|p2a: Comfey\n|-boost|p2a: Comfey|spa|1\n|-boost|p2a: Comfey|spd|1\n|\n|upkeep\n|turn|22\n|\n|t:|1700757630\n|move|p2a: Comfey|Calm Mind|p2a: Comfey\n|-boost|p2a: Comfey|spa|1\n|-boost|p2a: Comfey|spd|1\n|move|p1a: Blissey|Teleport|p1a: Blissey\n|\n|t:|1700757634\n|switch|p1a: Golurk|Golurk|100\/100|[from] Teleport\n|\n|upkeep\n|turn|23\n|\n|t:|1700757637\n|cant|p2a: Comfey|par\n|move|p1a: Golurk|Poltergeist|p2a: Comfey\n|-activate|p2a: Comfey|move: Poltergeist|Big Root\n|-damage|p2a: Comfey|0 fnt\n|faint|p2a: Comfey\n|\n|upkeep\n|\n|t:|1700757652\n|switch|p2a: Mawile|Mawile, F|100\/100\n|-ability|p2a: Mawile|Intimidate|boost\n|-unboost|p1a: Golurk|atk|1\n|turn|24\n|\n|t:|1700757660\n|detailschange|p2a: Mawile|Mawile-Mega, F\n|-mega|p2a: Mawile|Mawile|Mawilite\n|move|p2a: Mawile|Sucker Punch|p1a: Golurk\n|-supereffective|p1a: Golurk\n|-damage|p1a: Golurk|0 fnt\n|faint|p1a: Golurk\n|\n|upkeep\n|\n|t:|1700757670\n|switch|p1a: Salazzle|Salazzle, F|55\/100\n|turn|25\n|\n|t:|1700757673\n|move|p2a: Mawile|Sucker Punch|p1a: Salazzle\n|-damage|p1a: Salazzle|0 fnt\n|faint|p1a: Salazzle\n|\n|upkeep\n|\n|t:|1700757678\n|switch|p1a: Garchomp|Garchomp, M|28\/100\n|turn|26\n|\n|t:|1700757682\n|move|p1a: Garchomp|Protect|p1a: Garchomp\n|-singleturn|p1a: Garchomp|Protect\n|move|p2a: Mawile|Sucker Punch||[still]\n|-fail|p2a: Mawile\n|\n|-heal|p1a: Garchomp|34\/100|[from] item: Leftovers\n|upkeep\n|turn|27\n|\n|t:|1700757688\n|move|p2a: Mawile|Sucker Punch|p1a: Garchomp\n|-damage|p1a: Garchomp|1\/100\n|-damage|p2a: Mawile|88\/100|[from] ability: Rough Skin|[of] p1a: Garchomp\n|move|p1a: Garchomp|Earthquake|p2a: Mawile\n|-supereffective|p2a: Mawile\n|-damage|p2a: Mawile|7\/100\n|\n|-heal|p1a: Garchomp|7\/100|[from] item: Leftovers\n|upkeep\n|turn|28\n|\n|t:|1700757697\n|switch|p2a: Enamorus|Enamorus, F, shiny|100\/100\n|move|p1a: Garchomp|Stealth Rock|p2a: Enamorus\n|-sidestart|p2: Kokkunut|move: Stealth Rock\n|\n|-heal|p1a: Garchomp|13\/100|[from] item: Leftovers\n|upkeep\n|turn|29\n|\n|t:|1700757709\n|switch|p1a: Blissey|Blissey, F|100\/100\n|move|p2a: Enamorus|Psychic|p1a: Blissey\n|-damage|p1a: Blissey|87\/100\n|\n|upkeep\n|turn|30\n|\n|t:|1700757717\n|-terastallize|p2a: Enamorus|Poison\n|move|p2a: Enamorus|Sludge Bomb|p1a: Blissey\n|-damage|p1a: Blissey|67\/100\n|-status|p1a: Blissey|psn\n|move|p1a: Blissey|Seismic Toss|p2a: Enamorus\n|-damage|p2a: Enamorus|66\/100\n|\n|-damage|p1a: Blissey|55\/100 psn|[from] psn\n|upkeep\n|turn|31\n|\n|t:|1700757731\n|move|p2a: Enamorus|Sludge Bomb|p1a: Blissey\n|-damage|p1a: Blissey|37\/100 psn\n|move|p1a: Blissey|Soft-Boiled|p1a: Blissey\n|-heal|p1a: Blissey|87\/100 psn\n|\n|-damage|p1a: Blissey|75\/100 psn|[from] psn\n|upkeep\n|turn|32\n|\n|t:|1700757739\n|switch|p2a: Iron Valiant|Iron Valiant|100\/100\n|-damage|p2a: Iron Valiant|94\/100|[from] Stealth Rock\n|-enditem|p2a: Iron Valiant|Booster Energy\n|-activate|p2a: Iron Valiant|ability: Quark Drive|[fromitem]\n|-start|p2a: Iron Valiant|quarkdriveatk\n|move|p1a: Blissey|Soft-Boiled|p1a: Blissey\n|-heal|p1a: Blissey|100\/100 psn\n|\n|-damage|p1a: Blissey|88\/100 psn|[from] psn\n|upkeep\n|turn|33\n|\n|t:|1700757749\n|-terastallize|p1a: Blissey|Ghost\n|move|p2a: Iron Valiant|Close Combat|p1a: Blissey\n|-immune|p1a: Blissey\n|move|p1a: Blissey|Thunder Wave|p2a: Iron Valiant\n|-status|p2a: Iron Valiant|par\n|\n|-damage|p1a: Blissey|76\/100 psn|[from] psn\n|upkeep\n|turn|34\n|\n|t:|1700757758\n|move|p2a: Iron Valiant|Shadow Sneak|p1a: Blissey\n|-supereffective|p1a: Blissey\n|-damage|p1a: Blissey|33\/100 psn\n|move|p1a: Blissey|Teleport|p1a: Blissey\n|\n|t:|1700757762\n|-curestatus|p1a: Blissey|psn|[from] ability: Natural Cure\n|switch|p1a: Garchomp|Garchomp, M|13\/100|[from] Teleport\n|\n|-heal|p1a: Garchomp|19\/100|[from] item: Leftovers\n|upkeep\n|turn|35\n|\n|t:|1700757768\n|move|p1a: Garchomp|Protect|p1a: Garchomp\n|-singleturn|p1a: Garchomp|Protect\n|cant|p2a: Iron Valiant|par\n|\n|-heal|p1a: Garchomp|25\/100|[from] item: Leftovers\n|upkeep\n|turn|36\n|\n|t:|1700757776\n|switch|p1a: Blissey|Blissey, F, tera:Ghost|33\/100\n|move|p2a: Iron Valiant|Shadow Sneak|p1a: Blissey\n|-supereffective|p1a: Blissey\n|-damage|p1a: Blissey|0 fnt\n|faint|p1a: Blissey\n|\n|upkeep\n|\n|t:|1700757781\n|switch|p1a: Garchomp|Garchomp, M|25\/100\n|turn|37\n|\n|t:|1700757785\n|move|p1a: Garchomp|Protect|p1a: Garchomp\n|-singleturn|p1a: Garchomp|Protect\n|move|p2a: Iron Valiant|Shadow Sneak|p1a: Garchomp\n|-activate|p1a: Garchomp|move: Protect\n|\n|-heal|p1a: Garchomp|32\/100|[from] item: Leftovers\n|upkeep\n|turn|38\n|\n|t:|1700757797\n|switch|p1a: Hawlucha|Hawlucha, M|100\/100\n|move|p2a: Iron Valiant|Shadow Sneak|p1a: Hawlucha\n|-damage|p1a: Hawlucha|72\/100\n|\n|upkeep\n|turn|39\n|\n|t:|1700757808\n|move|p2a: Iron Valiant|Shadow Sneak|p1a: Hawlucha\n|-damage|p1a: Hawlucha|42\/100\n|move|p1a: Hawlucha|Sky Attack||[still]\n|-prepare|p1a: Hawlucha|Sky Attack\n|-enditem|p1a: Hawlucha|Power Herb\n|-anim|p1a: Hawlucha|Sky Attack|p2a: Iron Valiant\n|-supereffective|p2a: Iron Valiant\n|-damage|p2a: Iron Valiant|0 fnt\n|faint|p2a: Iron Valiant\n|-end|p2a: Iron Valiant|Quark Drive|[silent]\n|\n|upkeep\n|\n|t:|1700757822\n|switch|p2a: Enamorus|Enamorus, F, shiny, tera:Poison|66\/100\n|-damage|p2a: Enamorus|53\/100|[from] Stealth Rock\n|turn|40\n|\n|t:|1700757827\n|move|p1a: Hawlucha|Acrobatics|p2a: Enamorus\n|-damage|p2a: Enamorus|0 fnt\n|faint|p2a: Enamorus\n|\n|upkeep\n|\n|t:|1700757831\n|switch|p2a: Mawile|Mawile-Mega, F|7\/100\n|-damage|p2a: Mawile|1\/100|[from] Stealth Rock\n|turn|41\n|\n|t:|1700757836\n|move|p2a: Mawile|Sucker Punch|p1a: Hawlucha\n|-resisted|p1a: Hawlucha\n|-damage|p1a: Hawlucha|9\/100\n|move|p1a: Hawlucha|Close Combat|p2a: Mawile\n|-damage|p2a: Mawile|0 fnt\n|-unboost|p1a: Hawlucha|def|1\n|-unboost|p1a: Hawlucha|spd|1\n|faint|p2a: Mawile\n|\n|win|PaleSwordsman_666\n|raw|PaleSwordsman_666's rating: 1200 &rarr; <strong>1228<\/strong><br \/>(+28 for winning)\n|raw|Kokkunut's rating: 1241 &rarr; <strong>1213<\/strong><br \/>(-28 for losing)\n|l|\u2606Kokkunut\n","uploadtime":1700757846,"views":0,"p1id":"paleswordsman666","p2id":"kokkunut","formatid":"gen9nationaldex","rating":1213,"private":0,"password":""}