{"id":"gen9nationaldex-1987780353","p1":"SuperDog420","p2":"Nuh Uh Im faster","format":"[Gen 9] National Dex","log":"|j|\u2606SuperDog420\n|j|\u2606Nuh Uh Im faster\n|t:|1699636222\n|gametype|singles\n|player|p1|SuperDog420|gentleman-gen4dp|1000\n|player|p2|Nuh Uh Im faster|266|1051\n|teamsize|p1|6\n|teamsize|p2|6\n|gen|9\n|tier|[Gen 9] National Dex\n|rated|\n|rule|HP Percentage Mod: HP is shown in percentages\n|rule|Endless Battle Clause: Forcing endless battles is banned\n|rule|OHKO Clause: OHKO moves are banned\n|rule|Evasion Clause: Evasion abilities, items, and moves are banned\n|rule|Evasion Abilities Clause: Evasion abilities are banned\n|rule|Evasion Items Clause: Evasion items are banned\n|rule|Evasion Moves Clause: Evasion moves are banned\n|rule|Species Clause: Limit one of each Pok\u00e9mon\n|rule|Sleep Clause Mod: Limit one foe put to sleep\n|clearpoke\n|poke|p1|Garchomp, M|\n|poke|p1|Aggron, F|\n|poke|p1|Seismitoad, M|\n|poke|p1|Electivire, M|\n|poke|p1|Infernape, M|\n|poke|p1|Donphan, M|\n|poke|p2|Emboar, M|\n|poke|p2|Tangrowth, F|\n|poke|p2|Okidogi, M|\n|poke|p2|Tapu Lele|\n|poke|p2|Great Tusk|\n|poke|p2|Gyarados, M|\n|teampreview\n|\n|t:|1699636226\n|start\n|switch|p1a: Donphan|Donphan, M, shiny|100\/100\n|switch|p2a: Tapu Lele|Tapu Lele|100\/100\n|-fieldstart|move: Psychic Terrain|[from] ability: Psychic Surge|[of] p2a: Tapu Lele\n|turn|1\n|\n|t:|1699636234\n|move|p2a: Tapu Lele|Psychic|p1a: Donphan\n|-damage|p1a: Donphan|12\/100\n|move|p1a: Donphan|Defense Curl|p1a: Donphan\n|-boost|p1a: Donphan|def|1\n|\n|upkeep\n|turn|2\n|\n|t:|1699636239\n|move|p2a: Tapu Lele|Psychic|p1a: Donphan\n|-damage|p1a: Donphan|0 fnt\n|faint|p1a: Donphan\n|\n|upkeep\n|\n|t:|1699636242\n|switch|p1a: Jaws|Garchomp, M|100\/100\n|turn|3\n|\n|t:|1699636246\n|detailschange|p1a: Jaws|Garchomp-Mega, M\n|-mega|p1a: Jaws|Garchomp|Garchompite\n|move|p2a: Tapu Lele|Psychic|p1a: Jaws\n|-damage|p1a: Jaws|42\/100\n|move|p1a: Jaws|Dig||[still]\n|-prepare|p1a: Jaws|Dig\n|\n|upkeep\n|turn|4\n|\n|t:|1699636252\n|switch|p2a: Gyarados|Gyarados, M|100\/100\n|-ability|p2a: Gyarados|Intimidate|boost\n|-unboost|p1a: Jaws|atk|1\n|move|p1a: Jaws|Dig|p2a: Gyarados|[from]lockedmove\n|-immune|p2a: Gyarados\n|\n|upkeep\n|turn|5\n|\n|t:|1699636261\n|move|p2a: Gyarados|Dragon Dance|p2a: Gyarados\n|-boost|p2a: Gyarados|atk|1\n|-boost|p2a: Gyarados|spe|1\n|move|p1a: Jaws|Dragon Pulse|p2a: Gyarados\n|-damage|p2a: Gyarados|71\/100\n|\n|-fieldend|move: Psychic Terrain\n|upkeep\n|turn|6\n|\n|t:|1699636270\n|switch|p1a: Aggron|Aggron, F|100\/100\n|move|p2a: Gyarados|Dragon Dance|p2a: Gyarados\n|-boost|p2a: Gyarados|atk|1\n|-boost|p2a: Gyarados|spe|1\n|\n|upkeep\n|turn|7\n|\n|t:|1699636276\n|detailschange|p2a: Gyarados|Gyarados-Mega, M\n|-mega|p2a: Gyarados|Gyarados|Gyaradosite\n|-ability|p2a: Gyarados|Mold Breaker\n|-terastallize|p1a: Aggron|Steel\n|move|p2a: Gyarados|Earthquake|p1a: Aggron\n|-supereffective|p1a: Aggron\n|-damage|p1a: Aggron|28\/100\n|move|p1a: Aggron|Iron Head|p2a: Gyarados\n|-resisted|p2a: Gyarados\n|-damage|p2a: Gyarados|52\/100\n|\n|upkeep\n|turn|8\n|\n|t:|1699636288\n|move|p2a: Gyarados|Earthquake|p1a: Aggron\n|-supereffective|p1a: Aggron\n|-damage|p1a: Aggron|0 fnt\n|faint|p1a: Aggron\n|\n|upkeep\n|\n|t:|1699636292\n|switch|p1a: Seismitoad|Seismitoad, M|100\/100\n|turn|9\n|\n|t:|1699636297\n|move|p2a: Gyarados|Crunch|p1a: Seismitoad\n|-damage|p1a: Seismitoad|11\/100\n|move|p1a: Seismitoad|Drain Punch|p2a: Gyarados\n|-supereffective|p2a: Gyarados\n|-damage|p2a: Gyarados|14\/100\n|-heal|p1a: Seismitoad|30\/100|[from] drain|[of] p2a: Gyarados\n|\n|upkeep\n|turn|10\n|\n|t:|1699636304\n|move|p2a: Gyarados|Crunch|p1a: Seismitoad\n|-damage|p1a: Seismitoad|0 fnt\n|faint|p1a: Seismitoad\n|\n|upkeep\n|\n|t:|1699636307\n|switch|p1a: Infernape|Infernape, M|100\/100\n|turn|11\n|\n|t:|1699636312\n|move|p1a: Infernape|Mach Punch|p2a: Gyarados\n|-supereffective|p2a: Gyarados\n|-damage|p2a: Gyarados|0 fnt\n|faint|p2a: Gyarados\n|\n|upkeep\n|\n|t:|1699636316\n|switch|p2a: Great Tusk|Great Tusk|100\/100\n|turn|12\n|\n|t:|1699636320\n|move|p1a: Infernape|Agility|p1a: Infernape\n|-boost|p1a: Infernape|spe|2\n|move|p2a: Great Tusk|Earthquake|p1a: Infernape\n|-supereffective|p1a: Infernape\n|-damage|p1a: Infernape|0 fnt\n|faint|p1a: Infernape\n|\n|upkeep\n|\n|t:|1699636323\n|switch|p1a: Electivire|Electivire, M|100\/100\n|turn|13\n|\n|t:|1699636326\n|move|p1a: Electivire|Protect|p1a: Electivire\n|-singleturn|p1a: Electivire|Protect\n|move|p2a: Great Tusk|Earthquake|p1a: Electivire\n|-activate|p1a: Electivire|move: Protect\n|\n|upkeep\n|turn|14\n|\n|t:|1699636332\n|move|p1a: Electivire|Skull Bash||[still]\n|-prepare|p1a: Electivire|Skull Bash\n|-boost|p1a: Electivire|def|1\n|move|p2a: Great Tusk|Earthquake|p1a: Electivire\n|-supereffective|p1a: Electivire\n|-enditem|p1a: Electivire|Shuca Berry|[eat]\n|-enditem|p1a: Electivire|Shuca Berry|[weaken]\n|-damage|p1a: Electivire|62\/100\n|\n|upkeep\n|turn|15\n|\n|t:|1699636339\n|move|p1a: Electivire|Skull Bash|p2a: Great Tusk|[from]lockedmove\n|-damage|p2a: Great Tusk|78\/100\n|move|p2a: Great Tusk|Earthquake|p1a: Electivire\n|-supereffective|p1a: Electivire\n|-damage|p1a: Electivire|0 fnt\n|faint|p1a: Electivire\n|\n|-heal|p2a: Great Tusk|84\/100|[from] item: Leftovers\n|upkeep\n|\n|t:|1699636343\n|switch|p1a: Jaws|Garchomp-Mega, M|42\/100\n|turn|16\n|\n|t:|1699636346\n|move|p1a: Jaws|Earthquake|p2a: Great Tusk\n|-damage|p2a: Great Tusk|53\/100\n|move|p2a: Great Tusk|Earthquake|p1a: Jaws\n|-damage|p1a: Jaws|14\/100\n|\n|-heal|p2a: Great Tusk|60\/100|[from] item: Leftovers\n|upkeep\n|turn|17\n|\n|t:|1699636352\n|move|p1a: Jaws|Dig||[still]\n|-prepare|p1a: Jaws|Dig\n|move|p2a: Great Tusk|Earthquake|p1a: Jaws\n|-damage|p1a: Jaws|0 fnt\n|faint|p1a: Jaws\n|\n|win|Nuh Uh Im faster\n|raw|SuperDog420's rating: 1000 &rarr; <strong>1000<\/strong><br \/>(+0 for losing)\n|raw|Nuh Uh Im faster's rating: 1051 &rarr; <strong>1079<\/strong><br \/>(+28 for winning)\n|l|\u2606SuperDog420\n","uploadtime":1699636363,"views":5,"p1id":"superdog420","p2id":"nuhuhimfaster","formatid":"gen9nationaldex","rating":1000,"private":0,"password":""}