{"id":"gen9nationaldex-1999528754","p1":"CEO_of_piss","p2":"Autistic_Rabbit","format":"[Gen 9] National Dex","log":"|html|<div class=\"broadcast-blue\"><strong>[Gen 9] National Dex is currently suspecting Sneasler! For information on how to participate check out the <a href=\"https:\/\/www.smogon.com\/forums\/threads\/sv-national-dex-suspect-8-just-dance.3731534\/\">suspect thread<\/a>.<\/strong><\/div>\n|j|\u2606CEO_of_piss\n|j|\u2606Autistic_Rabbit\n|t:|1701092880\n|gametype|singles\n|player|p1|CEO_of_piss|elesa|1756\n|player|p2|Autistic_Rabbit|dawn|1724\n|teamsize|p1|6\n|teamsize|p2|6\n|gen|9\n|tier|[Gen 9] National Dex\n|rated|\n|rule|HP Percentage Mod: HP is shown in percentages\n|rule|Endless Battle Clause: Forcing endless battles is banned\n|rule|OHKO Clause: OHKO moves are banned\n|rule|Evasion Clause: Evasion abilities, items, and moves are banned\n|rule|Evasion Abilities Clause: Evasion abilities are banned\n|rule|Evasion Items Clause: Evasion items are banned\n|rule|Evasion Moves Clause: Evasion moves are banned\n|rule|Species Clause: Limit one of each Pok\u00e9mon\n|rule|Sleep Clause Mod: Limit one foe put to sleep\n|clearpoke\n|poke|p1|Tyranitar, F|\n|poke|p1|Alomomola, M|\n|poke|p1|Zamazenta-*|\n|poke|p1|Landorus-Therian, M|\n|poke|p1|Aegislash, F|\n|poke|p1|Kommo-o, F|\n|poke|p2|Mawile, M|\n|poke|p2|Marowak-Alola, F|\n|poke|p2|Hatterene, F|\n|poke|p2|Cresselia, F|\n|poke|p2|Porygon2|\n|poke|p2|Ursaluna, M|\n|teampreview\n|inactive|Battle timer is ON: inactive players will automatically lose when time's up. (requested by CEO_of_piss)\n|\n|t:|1701092900\n|start\n|switch|p1a: Tyranitar|Tyranitar, F|100\/100\n|switch|p2a: Mawile|Mawile, M|100\/100\n|-weather|Sandstorm|[from] ability: Sand Stream|[of] p1a: Tyranitar\n|-ability|p2a: Mawile|Intimidate|boost\n|-unboost|p1a: Tyranitar|atk|1\n|turn|1\n|\n|t:|1701092907\n|switch|p1a: Alomomola|Alomomola, M|100\/100\n|detailschange|p2a: Mawile|Mawile-Mega, M\n|-mega|p2a: Mawile|Mawile|Mawilite\n|move|p2a: Mawile|Play Rough|p1a: Alomomola|[miss]\n|-miss|p2a: Mawile|p1a: Alomomola\n|\n|-weather|Sandstorm|[upkeep]\n|-damage|p1a: Alomomola|94\/100|[from] Sandstorm\n|-heal|p1a: Alomomola|100\/100|[from] item: Leftovers\n|upkeep\n|turn|2\n|inactive|Autistic_Rabbit has 120 seconds left.\n|\n|t:|1701092937\n|move|p2a: Mawile|Play Rough|p1a: Alomomola\n|-damage|p1a: Alomomola|56\/100\n|move|p1a: Alomomola|Flip Turn|p2a: Mawile\n|-damage|p2a: Mawile|85\/100\n|\n|t:|1701092963\n|switch|p1a: Landorus|Landorus-Therian, M|100\/100|[from] Flip Turn\n|-ability|p1a: Landorus|Intimidate|boost\n|-unboost|p2a: Mawile|atk|1\n|\n|-weather|Sandstorm|[upkeep]\n|upkeep\n|turn|3\n|\n|t:|1701092970\n|move|p1a: Landorus|U-turn|p2a: Mawile\n|-resisted|p2a: Mawile\n|-damage|p2a: Mawile|79\/100\n|\n|t:|1701092973\n|switch|p1a: Alomomola|Alomomola, M|89\/100|[from] U-turn\n|move|p2a: Mawile|Ice Punch|p1a: Alomomola\n|-resisted|p1a: Alomomola\n|-damage|p1a: Alomomola|81\/100\n|\n|-weather|Sandstorm|[upkeep]\n|-damage|p1a: Alomomola|75\/100|[from] Sandstorm\n|-heal|p1a: Alomomola|81\/100|[from] item: Leftovers\n|upkeep\n|turn|4\n|\n|t:|1701092979\n|switch|p2a: Porygon2|Porygon2|100\/100\n|-ability|p2a: Porygon2|Regenerator|[from] ability: Trace|[of] p1a: Alomomola\n|move|p1a: Alomomola|Flip Turn|p2a: Porygon2\n|-damage|p2a: Porygon2|92\/100\n|\n|t:|1701092999\n|switch|p1a: Zamazenta|Zamazenta|100\/100|[from] Flip Turn\n|-ability|p1a: Zamazenta|Dauntless Shield|boost\n|-boost|p1a: Zamazenta|def|1\n|\n|-weather|Sandstorm|[upkeep]\n|-damage|p1a: Zamazenta|94\/100|[from] Sandstorm\n|-damage|p2a: Porygon2|86\/100|[from] Sandstorm\n|upkeep\n|turn|5\n|\n|t:|1701093005\n|move|p1a: Zamazenta|Close Combat|p2a: Porygon2\n|-supereffective|p2a: Porygon2\n|-damage|p2a: Porygon2|0 fnt\n|-unboost|p1a: Zamazenta|def|1\n|-unboost|p1a: Zamazenta|spd|1\n|faint|p2a: Porygon2\n|\n|-weather|none\n|upkeep\n|\n|t:|1701093010\n|switch|p2a: Marowak|Marowak-Alola, F|100\/100\n|turn|6\n|\n|t:|1701093015\n|switch|p1a: Alomomola|Alomomola, M|100\/100\n|-terastallize|p2a: Marowak|Ghost\n|move|p2a: Marowak|Poltergeist|p1a: Alomomola\n|-activate|p1a: Alomomola|move: Poltergeist|Leftovers\n|-crit|p1a: Alomomola\n|-damage|p1a: Alomomola|5\/100\n|\n|-heal|p1a: Alomomola|11\/100|[from] item: Leftovers\n|upkeep\n|turn|7\n|\n|t:|1701093029\n|move|p1a: Alomomola|Protect|p1a: Alomomola\n|-singleturn|p1a: Alomomola|Protect\n|move|p2a: Marowak|Low Kick|p1a: Alomomola\n|-activate|p1a: Alomomola|move: Protect\n|\n|-heal|p1a: Alomomola|17\/100|[from] item: Leftovers\n|upkeep\n|turn|8\n|\n|t:|1701093035\n|switch|p1a: Landorus|Landorus-Therian, M|100\/100\n|-ability|p1a: Landorus|Intimidate|boost\n|-unboost|p2a: Marowak|atk|1\n|move|p2a: Marowak|Poltergeist|p1a: Landorus\n|-activate|p1a: Landorus|move: Poltergeist|Choice Scarf\n|-damage|p1a: Landorus|1\/100\n|\n|upkeep\n|turn|9\n|\n|t:|1701093060\n|switch|p2a: Cresselia|Cresselia, F|100\/100\n|move|p1a: Landorus|Earthquake|p2a: Cresselia\n|-immune|p2a: Cresselia|[from] ability: Levitate\n|\n|upkeep\n|turn|10\n|\n|t:|1701093064\n|switch|p1a: Tyranitar|Tyranitar, F|100\/100\n|-weather|Sandstorm|[from] ability: Sand Stream|[of] p1a: Tyranitar\n|move|p2a: Cresselia|Trick Room|p2a: Cresselia\n|-fieldstart|move: Trick Room|[of] p2a: Cresselia\n|\n|-weather|Sandstorm|[upkeep]\n|-damage|p2a: Cresselia|94\/100|[from] Sandstorm\n|upkeep\n|turn|11\n|\n|t:|1701093086\n|detailschange|p1a: Tyranitar|Tyranitar-Mega, F\n|-mega|p1a: Tyranitar|Tyranitar|Tyranitarite\n|move|p2a: Cresselia|Lunar Dance|p2a: Cresselia\n|faint|p2a: Cresselia\n|move|p1a: Tyranitar|Pursuit|p2: Cresselia|[notarget]\n|-fail|p1a: Tyranitar\n|\n|-weather|Sandstorm|[upkeep]\n|upkeep\n|inactive|Autistic_Rabbit has 120 seconds left.\n|\n|t:|1701093098\n|switch|p2a: Ursaluna|Ursaluna, M|100\/100\n|turn|12\n|\n|t:|1701093103\n|switch|p1a: Landorus|Landorus-Therian, M|1\/100\n|-ability|p1a: Landorus|Intimidate|boost\n|-unboost|p2a: Ursaluna|atk|1\n|move|p2a: Ursaluna|Headlong Rush|p1a: Landorus\n|-immune|p1a: Landorus\n|\n|-weather|Sandstorm|[upkeep]\n|-status|p2a: Ursaluna|brn|[from] item: Flame Orb\n|upkeep\n|turn|13\n|\n|t:|1701093121\n|move|p2a: Ursaluna|Headlong Rush|p1a: Landorus\n|-immune|p1a: Landorus\n|move|p1a: Landorus|Earthquake|p2a: Ursaluna\n|-damage|p2a: Ursaluna|64\/100 brn\n|\n|-weather|Sandstorm|[upkeep]\n|-damage|p2a: Ursaluna|58\/100 brn|[from] brn\n|upkeep\n|turn|14\n|\n|t:|1701093132\n|switch|p1a: Aegislash|Aegislash, F|100\/100\n|move|p2a: Ursaluna|Facade|p1a: Aegislash\n|-immune|p1a: Aegislash\n|\n|-weather|none\n|-damage|p2a: Ursaluna|51\/100 brn|[from] brn\n|-fieldend|move: Trick Room\n|upkeep\n|turn|15\n|\n|t:|1701093143\n|move|p1a: Aegislash|King's Shield|p1a: Aegislash\n|-singleturn|p1a: Aegislash|Protect\n|move|p2a: Ursaluna|Headlong Rush|p1a: Aegislash\n|-activate|p1a: Aegislash|move: Protect\n|-unboost|p2a: Ursaluna|atk|1\n|\n|-damage|p2a: Ursaluna|45\/100 brn|[from] brn\n|upkeep\n|turn|16\n|inactive|CEO_of_piss has 120 seconds left.\n|\n|t:|1701093178\n|switch|p2a: Hatterene|Hatterene, F|100\/100\n|-terastallize|p1a: Aegislash|Steel\n|-formechange|p1a: Aegislash|Aegislash-Blade||[from] ability: Stance Change\n|move|p1a: Aegislash|Flash Cannon|p2a: Hatterene\n|-supereffective|p2a: Hatterene\n|-enditem|p2a: Hatterene|Focus Sash\n|-damage|p2a: Hatterene|1\/100\n|\n|upkeep\n|turn|17\n|\n|t:|1701093187\n|move|p1a: Aegislash|Flash Cannon|p2a: Hatterene\n|-supereffective|p2a: Hatterene\n|-damage|p2a: Hatterene|0 fnt\n|faint|p2a: Hatterene\n|\n|upkeep\n|\n|t:|1701093193\n|switch|p2a: Ursaluna|Ursaluna, M|45\/100 brn\n|-heal|p2a: Ursaluna|100\/100|[from] move: Lunar Dance\n|turn|18\n|\n|t:|1701093200\n|switch|p1a: Landorus|Landorus-Therian, M|1\/100\n|-ability|p1a: Landorus|Intimidate|boost\n|-unboost|p2a: Ursaluna|atk|1\n|move|p2a: Ursaluna|Swords Dance|p2a: Ursaluna\n|-boost|p2a: Ursaluna|atk|2\n|\n|-status|p2a: Ursaluna|brn|[from] item: Flame Orb\n|upkeep\n|turn|19\n|\n|t:|1701093206\n|move|p1a: Landorus|Earthquake|p2a: Ursaluna\n|-damage|p2a: Ursaluna|61\/100 brn\n|move|p2a: Ursaluna|Fire Punch|p1a: Landorus\n|-damage|p1a: Landorus|0 fnt\n|faint|p1a: Landorus\n|\n|-damage|p2a: Ursaluna|55\/100 brn|[from] brn\n|upkeep\n|inactive|CEO_of_piss has 120 seconds left.\n|\n|t:|1701093246\n|switch|p1a: Aegislash|Aegislash, F, tera:Steel|100\/100\n|turn|20\n|\n|t:|1701093251\n|move|p1a: Aegislash|King's Shield|p1a: Aegislash\n|-singleturn|p1a: Aegislash|Protect\n|move|p2a: Ursaluna|Headlong Rush|p1a: Aegislash\n|-activate|p1a: Aegislash|move: Protect\n|-unboost|p2a: Ursaluna|atk|1\n|\n|-damage|p2a: Ursaluna|49\/100 brn|[from] brn\n|upkeep\n|turn|21\n|\n|t:|1701093255\n|-formechange|p1a: Aegislash|Aegislash-Blade||[from] ability: Stance Change\n|move|p1a: Aegislash|Flash Cannon|p2a: Ursaluna\n|-damage|p2a: Ursaluna|0 fnt\n|faint|p2a: Ursaluna\n|\n|upkeep\n|\n|t:|1701093260\n|switch|p2a: Marowak|Marowak-Alola, F, tera:Ghost|100\/100\n|turn|22\n|\n|t:|1701093263\n|move|p1a: Aegislash|Shadow Ball|p2a: Marowak\n|-supereffective|p2a: Marowak\n|-damage|p2a: Marowak|0 fnt\n|faint|p2a: Marowak\n|\n|upkeep\n|\n|t:|1701093266\n|switch|p2a: Mawile|Mawile-Mega, M|79\/100\n|turn|23\n|\n|t:|1701093271\n|move|p1a: Aegislash|Shadow Ball|p2a: Mawile\n|-damage|p2a: Mawile|10\/100\n|move|p2a: Mawile|Fire Fang|p1a: Aegislash|[miss]\n|-miss|p2a: Mawile|p1a: Aegislash\n|\n|upkeep\n|turn|24\n|\n|t:|1701093277\n|move|p1a: Aegislash|Shadow Ball|p2a: Mawile\n|-damage|p2a: Mawile|0 fnt\n|faint|p2a: Mawile\n|\n|win|CEO_of_piss\n|raw|CEO_of_piss's rating: 1756 &rarr; <strong>1774<\/strong><br \/>(+18 for winning)\n|raw|Autistic_Rabbit's rating: 1724 &rarr; <strong>1706<\/strong><br \/>(-18 for losing)\n","uploadtime":1701093282,"views":9,"p1id":"ceoofpiss","p2id":"autisticrabbit","formatid":"gen9nationaldex","rating":1706,"private":0,"password":""}