{"id":"gen9nationaldex-1987356922","p1":"qewt","p2":"fkmyluck","format":"[Gen 9] National Dex","log":"|j|\u2606qewt\n|j|\u2606fkmyluck\n|t:|1699581284\n|gametype|singles\n|player|p1|qewt|caitlin-masters|\n|player|p2|fkmyluck|alder|\n|teamsize|p1|6\n|teamsize|p2|6\n|gen|9\n|tier|[Gen 9] National Dex\n|rule|HP Percentage Mod: HP is shown in percentages\n|rule|Endless Battle Clause: Forcing endless battles is banned\n|rule|OHKO Clause: OHKO moves are banned\n|rule|Evasion Clause: Evasion abilities, items, and moves are banned\n|rule|Evasion Abilities Clause: Evasion abilities are banned\n|rule|Evasion Items Clause: Evasion items are banned\n|rule|Evasion Moves Clause: Evasion moves are banned\n|rule|Species Clause: Limit one of each Pok\u00e9mon\n|rule|Sleep Clause Mod: Limit one foe put to sleep\n|clearpoke\n|poke|p1|Latias, F|\n|poke|p1|Ferrothorn, M|\n|poke|p1|Landorus-Therian, M|\n|poke|p1|Aegislash, F|\n|poke|p1|Urshifu-*, F|\n|poke|p1|Weezing-Galar, M|\n|poke|p2|Ogerpon, F|\n|poke|p2|Alomomola, F|\n|poke|p2|Munkidori, M|\n|poke|p2|Medicham, M|\n|poke|p2|Iron Moth|\n|poke|p2|Landorus-Therian, M|\n|teampreview\n|\n|t:|1699581297\n|start\n|switch|p1a: Latias|Latias, F, shiny|100\/100\n|switch|p2a: Medicham|Medicham, M|100\/100\n|turn|1\n|\n|t:|1699581301\n|switch|p1a: Landorus|Landorus-Therian, M, shiny|100\/100\n|-ability|p1a: Landorus|Intimidate|boost\n|-unboost|p2a: Medicham|atk|1\n|detailschange|p2a: Medicham|Medicham-Mega, M\n|-mega|p2a: Medicham|Medicham|Medichamite\n|move|p2a: Medicham|Fake Out|p1a: Landorus\n|-damage|p1a: Landorus|89\/100\n|-damage|p2a: Medicham|84\/100|[from] item: Rocky Helmet|[of] p1a: Landorus\n|\n|upkeep\n|turn|2\n|c|\u2606qewt|you really like to use alolamola huh\n|\n|t:|1699581311\n|switch|p1a: Aegislash|Aegislash, F, shiny|100\/100\n|move|p2a: Medicham|Ice Punch|p1a: Aegislash\n|-resisted|p1a: Aegislash\n|-damage|p1a: Aegislash|86\/100\n|\n|upkeep\n|turn|3\n|\n|t:|1699581314\n|switch|p2a: Landorus|Landorus-Therian, M|100\/100\n|-ability|p2a: Landorus|Intimidate|boost\n|-unboost|p1a: Aegislash|atk|1\n|-formechange|p1a: Aegislash|Aegislash-Blade||[from] ability: Stance Change\n|move|p1a: Aegislash|Shadow Ball|p2a: Landorus\n|-damage|p2a: Landorus|60\/100\n|\n|-heal|p2a: Landorus|66\/100|[from] item: Leftovers\n|upkeep\n|turn|4\n|\n|t:|1699581321\n|switch|p1a: Landorus|Landorus-Therian, M, shiny|89\/100\n|-ability|p1a: Landorus|Intimidate|boost\n|-unboost|p2a: Landorus|atk|1\n|move|p2a: Landorus|Toxic|p1a: Landorus\n|-status|p1a: Landorus|tox\n|\n|-heal|p2a: Landorus|72\/100|[from] item: Leftovers\n|-damage|p1a: Landorus|83\/100 tox|[from] psn\n|upkeep\n|turn|5\n|c|\u2606fkmyluck|yes i like to have fun\n|\n|t:|1699581329\n|move|p1a: Landorus|Stealth Rock|p2a: Landorus\n|-sidestart|p2: fkmyluck|move: Stealth Rock\n|move|p2a: Landorus|Defog|p1a: Landorus\n|-unboost|p1a: Landorus|evasion|1\n|-sideend|p2: fkmyluck|Stealth Rock|[from] move: Defog|[of] p2a: Landorus\n|\n|-heal|p2a: Landorus|79\/100|[from] item: Leftovers\n|-damage|p1a: Landorus|71\/100 tox|[from] psn\n|upkeep\n|turn|6\n|\n|t:|1699581333\n|switch|p2a: Munkidori|Munkidori, M|100\/100\n|move|p1a: Landorus|Toxic|p2a: Munkidori\n|-immune|p2a: Munkidori\n|\n|-damage|p1a: Landorus|53\/100 tox|[from] psn\n|upkeep\n|turn|7\n|\n|t:|1699581343\n|switch|p1a: Ferrothorn|Ferrothorn, M, shiny|100\/100\n|move|p2a: Munkidori|U-turn|p1a: Ferrothorn\n|-damage|p1a: Ferrothorn|92\/100\n|-damage|p2a: Munkidori|88\/100|[from] ability: Iron Barbs|[of] p1a: Ferrothorn\n|\n|t:|1699581348\n|switch|p2a: Medicham|Medicham-Mega, M|84\/100|[from] U-turn\n|\n|-heal|p1a: Ferrothorn|98\/100|[from] item: Leftovers\n|upkeep\n|turn|8\n|\n|t:|1699581353\n|switch|p1a: Aegislash|Aegislash, F, shiny|86\/100\n|move|p2a: Medicham|Fire Punch|p1a: Aegislash\n|-supereffective|p1a: Aegislash\n|-crit|p1a: Aegislash\n|-damage|p1a: Aegislash|0 fnt\n|faint|p1a: Aegislash\n|\n|upkeep\n|\n|t:|1699581358\n|switch|p1a: Urshifu|Urshifu-Rapid-Strike, F|100\/100\n|turn|9\n|\n|t:|1699581359\n|switch|p2a: Alomomola|Alomomola, F|100\/100\n|move|p1a: Urshifu|U-turn|p2a: Alomomola\n|-damage|p2a: Alomomola|87\/100\n|\n|t:|1699581363\n|switch|p1a: Latias|Latias, F, shiny|100\/100|[from] U-turn\n|\n|upkeep\n|turn|10\n|\n|t:|1699581367\n|detailschange|p1a: Latias|Latias-Mega, F, shiny\n|-mega|p1a: Latias|Latias|Latiasite\n|move|p1a: Latias|Substitute|p1a: Latias\n|-start|p1a: Latias|Substitute\n|-damage|p1a: Latias|76\/100\n|move|p2a: Alomomola|Flip Turn|p1a: Latias\n|-resisted|p1a: Latias\n|-activate|p1a: Latias|move: Substitute|[damage]\n|\n|t:|1699581369\n|switch|p2a: Munkidori|Munkidori, M|88\/100|[from] Flip Turn\n|\n|upkeep\n|turn|11\n|c|\u2606qewt|so hows that dick taste?\n|\n|t:|1699581375\n|move|p2a: Munkidori|U-turn|p1a: Latias\n|-supereffective|p1a: Latias\n|-end|p1a: Latias|Substitute\n|c|\u2606fkmyluck|huh\n|\n|t:|1699581380\n|switch|p2a: Landorus|Landorus-Therian, M|79\/100|[from] U-turn\n|-ability|p2a: Landorus|Intimidate|boost\n|-unboost|p1a: Latias|atk|1\n|move|p1a: Latias|Psychic|p2a: Landorus\n|-damage|p2a: Landorus|41\/100\n|\n|-heal|p2a: Landorus|47\/100|[from] item: Leftovers\n|upkeep\n|turn|12\n|\n|t:|1699581385\n|move|p1a: Latias|Substitute|p1a: Latias\n|-start|p1a: Latias|Substitute\n|-damage|p1a: Latias|51\/100\n|move|p2a: Landorus|U-turn|p1a: Latias\n|-supereffective|p1a: Latias\n|-end|p1a: Latias|Substitute\n|\n|t:|1699581391\n|switch|p2a: Munkidori|Munkidori, M|88\/100|[from] U-turn\n|\n|upkeep\n|turn|13\n|\n|t:|1699581395\n|switch|p1a: Ferrothorn|Ferrothorn, M, shiny|98\/100\n|move|p2a: Munkidori|U-turn|p1a: Ferrothorn\n|-damage|p1a: Ferrothorn|89\/100\n|-damage|p2a: Munkidori|76\/100|[from] ability: Iron Barbs|[of] p1a: Ferrothorn\n|c|\u2606qewt|ur a f slur\n|\n|t:|1699581398\n|switch|p2a: Medicham|Medicham-Mega, M|84\/100|[from] U-turn\n|\n|-heal|p1a: Ferrothorn|95\/100|[from] item: Leftovers\n|upkeep\n|turn|14\n|\n|t:|1699581402\n|switch|p1a: Weezing|Weezing-Galar, M, shiny|100\/100\n|-ability|p1a: Weezing|Neutralizing Gas\n|move|p2a: Medicham|Fire Punch|p1a: Weezing\n|-damage|p1a: Weezing|81\/100\n|\n|-heal|p1a: Weezing|87\/100|[from] item: Leftovers\n|upkeep\n|turn|15\n|\n|t:|1699581406\n|switch|p2a: Munkidori|Munkidori, M|76\/100\n|move|p1a: Weezing|Will-O-Wisp|p2a: Munkidori\n|-status|p2a: Munkidori|brn\n|\n|-heal|p1a: Weezing|93\/100|[from] item: Leftovers\n|-damage|p2a: Munkidori|70\/100 brn|[from] brn\n|upkeep\n|turn|16\n|\n|t:|1699581412\n|-end|p1a: Weezing|ability: Neutralizing Gas\n|switch|p1a: Ferrothorn|Ferrothorn, M, shiny|95\/100\n|move|p2a: Munkidori|Trick|p1a: Ferrothorn\n|-activate|p2a: Munkidori|move: Trick|[of] p1a: Ferrothorn\n|-item|p1a: Ferrothorn|Choice Scarf|[from] move: Trick\n|-item|p2a: Munkidori|Leftovers|[from] move: Trick\n|\n|-heal|p2a: Munkidori|76\/100 brn|[from] item: Leftovers\n|-damage|p2a: Munkidori|70\/100 brn|[from] brn\n|upkeep\n|turn|17\n|c|\u2606fkmyluck|rude\n|c|\u2606qewt|GAY\n|\n|t:|1699581419\n|switch|p2a: Landorus|Landorus-Therian, M|47\/100\n|-ability|p2a: Landorus|Intimidate|boost\n|-unboost|p1a: Ferrothorn|atk|1\n|move|p1a: Ferrothorn|Knock Off|p2a: Landorus\n|-damage|p2a: Landorus|33\/100\n|-enditem|p2a: Landorus|Leftovers|[from] move: Knock Off|[of] p1a: Ferrothorn\n|\n|upkeep\n|turn|18\n|\n|t:|1699581423\n|switch|p1a: Landorus|Landorus-Therian, M, shiny|53\/100 tox\n|-ability|p1a: Landorus|Intimidate|boost\n|-unboost|p2a: Landorus|atk|1\n|move|p2a: Landorus|U-turn|p1a: Landorus\n|-resisted|p1a: Landorus\n|-damage|p1a: Landorus|47\/100 tox\n|-damage|p2a: Landorus|17\/100|[from] item: Rocky Helmet|[of] p1a: Landorus\n|\n|t:|1699581426\n|switch|p2a: Ogerpon|Ogerpon, F|100\/100|[from] U-turn\n|\n|-damage|p1a: Landorus|41\/100 tox|[from] psn\n|upkeep\n|turn|19\n|\n|t:|1699581428\n|move|p2a: Ogerpon|Ivy Cudgel|p1a: Landorus\n|-crit|p1a: Landorus\n|-damage|p1a: Landorus|0 fnt\n|faint|p1a: Landorus\n|\n|upkeep\n|\n|t:|1699581434\n|switch|p1a: Weezing|Weezing-Galar, M, shiny|93\/100\n|-ability|p1a: Weezing|Neutralizing Gas\n|turn|20\n|\n|t:|1699581443\n|switch|p2a: Munkidori|Munkidori, M|70\/100 brn\n|move|p1a: Weezing|Will-O-Wisp|p2a: Munkidori\n|-fail|p2a: Munkidori|brn\n|\n|-heal|p2a: Munkidori|76\/100 brn|[from] item: Leftovers\n|-heal|p1a: Weezing|99\/100|[from] item: Leftovers\n|-damage|p2a: Munkidori|70\/100 brn|[from] brn\n|upkeep\n|turn|21\n|\n|t:|1699581447\n|-end|p1a: Weezing|ability: Neutralizing Gas\n|switch|p1a: Latias|Latias-Mega, F, shiny|51\/100\n|move|p2a: Munkidori|Psychic|p1a: Latias\n|-resisted|p1a: Latias\n|-damage|p1a: Latias|32\/100\n|\n|-heal|p2a: Munkidori|76\/100 brn|[from] item: Leftovers\n|-damage|p2a: Munkidori|70\/100 brn|[from] brn\n|upkeep\n|turn|22\n|\n|t:|1699581453\n|move|p1a: Latias|Substitute|p1a: Latias\n|-start|p1a: Latias|Substitute\n|-damage|p1a: Latias|7\/100\n|move|p2a: Munkidori|Sludge Wave|p1a: Latias\n|-end|p1a: Latias|Substitute\n|\n|-heal|p2a: Munkidori|76\/100 brn|[from] item: Leftovers\n|-damage|p2a: Munkidori|70\/100 brn|[from] brn\n|upkeep\n|turn|23\n|\n|t:|1699581456\n|move|p1a: Latias|Recover|p1a: Latias\n|-heal|p1a: Latias|57\/100\n|move|p2a: Munkidori|U-turn|p1a: Latias\n|-supereffective|p1a: Latias\n|-damage|p1a: Latias|44\/100\n|\n|t:|1699581482\n|switch|p2a: Ogerpon|Ogerpon, F|100\/100|[from] U-turn\n|\n|upkeep\n|turn|24\n|\n|t:|1699581489\n|switch|p1a: Weezing|Weezing-Galar, M, shiny|99\/100\n|-ability|p1a: Weezing|Neutralizing Gas\n|-terastallize|p2a: Ogerpon|Grass\n|detailschange|p2a: Ogerpon|Ogerpon-Teal-Tera, F, tera:Grass\n|move|p2a: Ogerpon|U-turn|p1a: Weezing\n|-resisted|p1a: Weezing\n|-damage|p1a: Weezing|92\/100\n|\n|t:|1699581502\n|switch|p2a: Munkidori|Munkidori, M|70\/100 brn|[from] U-turn\n|\n|-heal|p2a: Munkidori|76\/100 brn|[from] item: Leftovers\n|-heal|p1a: Weezing|98\/100|[from] item: Leftovers\n|-damage|p2a: Munkidori|70\/100 brn|[from] brn\n|upkeep\n|turn|25\n|\n|t:|1699581508\n|-end|p1a: Weezing|ability: Neutralizing Gas\n|switch|p1a: Ferrothorn|Ferrothorn, M, shiny|95\/100\n|move|p2a: Munkidori|Psychic|p1a: Ferrothorn\n|-resisted|p1a: Ferrothorn\n|-damage|p1a: Ferrothorn|77\/100\n|\n|-heal|p2a: Munkidori|76\/100 brn|[from] item: Leftovers\n|-damage|p2a: Munkidori|70\/100 brn|[from] brn\n|upkeep\n|turn|26\n|\n|t:|1699581517\n|switch|p2a: Landorus|Landorus-Therian, M|17\/100\n|-ability|p2a: Landorus|Intimidate|boost\n|-unboost|p1a: Ferrothorn|atk|1\n|move|p1a: Ferrothorn|Leech Seed|p2a: Landorus\n|-start|p2a: Landorus|move: Leech Seed\n|\n|-damage|p2a: Landorus|4\/100|[from] Leech Seed|[of] p1a: Ferrothorn\n|-heal|p1a: Ferrothorn|90\/100|[silent]\n|upkeep\n|turn|27\n|\n|t:|1699581521\n|switch|p2a: Ogerpon|Ogerpon-Teal-Tera, F, tera:Grass|100\/100\n|-ability|p2a: Ogerpon|Embody Aspect (Teal)|boost\n|-boost|p2a: Ogerpon|spe|1\n|move|p1a: Ferrothorn|Leech Seed|p2a: Ogerpon\n|-immune|p2a: Ogerpon\n|\n|upkeep\n|turn|28\n|\n|t:|1699581529\n|switch|p1a: Weezing|Weezing-Galar, M, shiny|98\/100\n|-ability|p1a: Weezing|Neutralizing Gas\n|move|p2a: Ogerpon|Knock Off|p1a: Weezing\n|-resisted|p1a: Weezing\n|-damage|p1a: Weezing|77\/100\n|-enditem|p1a: Weezing|Leftovers|[from] move: Knock Off|[of] p2a: Ogerpon\n|\n|upkeep\n|turn|29\n|\n|t:|1699581539\n|switch|p2a: Munkidori|Munkidori, M|70\/100 brn\n|move|p1a: Weezing|Strange Steam|p2a: Munkidori\n|-resisted|p2a: Munkidori\n|-damage|p2a: Munkidori|52\/100 brn\n|-start|p2a: Munkidori|confusion\n|\n|-heal|p2a: Munkidori|58\/100 brn|[from] item: Leftovers\n|-damage|p2a: Munkidori|52\/100 brn|[from] brn\n|upkeep\n|turn|30\n|\n|t:|1699581594\n|-end|p1a: Weezing|ability: Neutralizing Gas\n|switch|p1a: Latias|Latias-Mega, F, shiny|44\/100\n|-activate|p2a: Munkidori|confusion\n|move|p2a: Munkidori|U-turn|p1a: Latias\n|-supereffective|p1a: Latias\n|-damage|p1a: Latias|33\/100\n|-status|p1a: Latias|tox|[from] ability: Toxic Chain|[of] p2a: Munkidori\n|\n|t:|1699581597\n|switch|p2a: Ogerpon|Ogerpon-Teal-Tera, F, tera:Grass|100\/100|[from] U-turn\n|-ability|p2a: Ogerpon|Embody Aspect (Teal)|boost\n|-boost|p2a: Ogerpon|spe|1\n|\n|-damage|p1a: Latias|27\/100 tox|[from] psn\n|upkeep\n|turn|31\n|\n|t:|1699581603\n|switch|p1a: Weezing|Weezing-Galar, M, shiny|77\/100\n|-ability|p1a: Weezing|Neutralizing Gas\n|move|p2a: Ogerpon|U-turn|p1a: Weezing\n|-resisted|p1a: Weezing\n|-damage|p1a: Weezing|70\/100\n|c|\u2606qewt|about to end my life\n|\n|t:|1699581615\n|switch|p2a: Munkidori|Munkidori, M|52\/100 brn|[from] U-turn\n|\n|-heal|p2a: Munkidori|58\/100 brn|[from] item: Leftovers\n|-damage|p2a: Munkidori|52\/100 brn|[from] brn\n|upkeep\n|turn|32\n|\n|t:|1699581618\n|-end|p1a: Weezing|ability: Neutralizing Gas\n|switch|p1a: Ferrothorn|Ferrothorn, M, shiny|90\/100\n|move|p2a: Munkidori|Psychic|p1a: Ferrothorn\n|-resisted|p1a: Ferrothorn\n|-damage|p1a: Ferrothorn|73\/100\n|\n|-heal|p2a: Munkidori|58\/100 brn|[from] item: Leftovers\n|-damage|p2a: Munkidori|52\/100 brn|[from] brn\n|upkeep\n|turn|33\n|\n|t:|1699581636\n|switch|p2a: Landorus|Landorus-Therian, M|4\/100\n|-ability|p2a: Landorus|Intimidate|boost\n|-unboost|p1a: Ferrothorn|atk|1\n|move|p1a: Ferrothorn|Power Whip|p2a: Landorus\n|-damage|p2a: Landorus|0 fnt\n|faint|p2a: Landorus\n|\n|upkeep\n|\n|t:|1699581666\n|switch|p2a: Medicham|Medicham-Mega, M|84\/100\n|turn|34\n|\n|t:|1699581670\n|switch|p1a: Weezing|Weezing-Galar, M, shiny|70\/100\n|-ability|p1a: Weezing|Neutralizing Gas\n|move|p2a: Medicham|Fire Punch|p1a: Weezing\n|-damage|p1a: Weezing|51\/100\n|\n|upkeep\n|turn|35\n|\n|t:|1699581677\n|switch|p2a: Munkidori|Munkidori, M|52\/100 brn\n|move|p1a: Weezing|Pain Split|p2a: Munkidori\n|-sethp|p2a: Munkidori|53\/100 brn|[from] move: Pain Split|[silent]\n|-sethp|p1a: Weezing|50\/100|[from] move: Pain Split\n|\n|-heal|p2a: Munkidori|59\/100 brn|[from] item: Leftovers\n|-damage|p2a: Munkidori|53\/100 brn|[from] brn\n|upkeep\n|turn|36\n|\n|t:|1699581683\n|-end|p1a: Weezing|ability: Neutralizing Gas\n|switch|p1a: Ferrothorn|Ferrothorn, M, shiny|73\/100\n|move|p2a: Munkidori|U-turn|p1a: Ferrothorn\n|-damage|p1a: Ferrothorn|69\/100\n|-damage|p2a: Munkidori|41\/100 brn|[from] ability: Iron Barbs|[of] p1a: Ferrothorn\n|\n|t:|1699581700\n|switch|p2a: Iron Moth|Iron Moth|100\/100|[from] U-turn\n|-enditem|p2a: Iron Moth|Booster Energy\n|-activate|p2a: Iron Moth|ability: Quark Drive|[fromitem]\n|-start|p2a: Iron Moth|quarkdrivespe\n|\n|upkeep\n|turn|37\n|\n|t:|1699581703\n|move|p2a: Iron Moth|Fiery Dance|p1a: Ferrothorn\n|-supereffective|p1a: Ferrothorn\n|-damage|p1a: Ferrothorn|0 fnt\n|faint|p1a: Ferrothorn\n|\n|upkeep\n|\n|t:|1699581705\n|switch|p1a: Urshifu|Urshifu-Rapid-Strike, F|100\/100\n|turn|38\n|\n|t:|1699581708\n|-end|p2a: Iron Moth|Quark Drive|[silent]\n|switch|p2a: Alomomola|Alomomola, F|100\/100\n|-terastallize|p1a: Urshifu|Water\n|move|p1a: Urshifu|Surging Strikes|p2a: Alomomola\n|-resisted|p2a: Alomomola\n|-crit|p2a: Alomomola\n|-damage|p2a: Alomomola|93\/100\n|-resisted|p2a: Alomomola\n|-crit|p2a: Alomomola\n|-damage|p2a: Alomomola|86\/100\n|-resisted|p2a: Alomomola\n|-crit|p2a: Alomomola\n|-damage|p2a: Alomomola|79\/100\n|-hitcount|p2a: Alomomola|3\n|\n|upkeep\n|turn|39\n|\n|t:|1699581711\n|switch|p1a: Weezing|Weezing-Galar, M, shiny|50\/100\n|-ability|p1a: Weezing|Neutralizing Gas\n|move|p2a: Alomomola|Flip Turn|p1a: Weezing\n|-damage|p1a: Weezing|36\/100\n|\n|t:|1699581713\n|switch|p2a: Munkidori|Munkidori, M|41\/100 brn|[from] Flip Turn\n|\n|-heal|p2a: Munkidori|47\/100 brn|[from] item: Leftovers\n|-damage|p2a: Munkidori|41\/100 brn|[from] brn\n|upkeep\n|turn|40\n|\n|t:|1699581716\n|-end|p1a: Weezing|ability: Neutralizing Gas\n|switch|p1a: Latias|Latias-Mega, F, shiny|27\/100 tox\n|move|p2a: Munkidori|Sludge Wave|p1a: Latias\n|-damage|p1a: Latias|0 fnt\n|faint|p1a: Latias\n|\n|-heal|p2a: Munkidori|47\/100 brn|[from] item: Leftovers\n|-damage|p2a: Munkidori|41\/100 brn|[from] brn\n|upkeep\n|\n|t:|1699581720\n|switch|p1a: Urshifu|Urshifu-Rapid-Strike, F, tera:Water|100\/100\n|turn|41\n|\n|t:|1699581726\n|switch|p1a: Weezing|Weezing-Galar, M, shiny|36\/100\n|-ability|p1a: Weezing|Neutralizing Gas\n|move|p2a: Munkidori|Sludge Wave|p1a: Weezing\n|-damage|p1a: Weezing|0 fnt\n|faint|p1a: Weezing\n|-end|p1a: Weezing|ability: Neutralizing Gas\n|\n|-heal|p2a: Munkidori|47\/100 brn|[from] item: Leftovers\n|-damage|p2a: Munkidori|41\/100 brn|[from] brn\n|upkeep\n|\n|t:|1699581728\n|switch|p1a: Urshifu|Urshifu-Rapid-Strike, F, tera:Water|100\/100\n|turn|42\n|c|\u2606fkmyluck|ez\n|\n|t:|1699581730\n|switch|p2a: Alomomola|Alomomola, F|79\/100\n|move|p1a: Urshifu|Surging Strikes|p2a: Alomomola\n|-resisted|p2a: Alomomola\n|-crit|p2a: Alomomola\n|-damage|p2a: Alomomola|72\/100\n|-resisted|p2a: Alomomola\n|-crit|p2a: Alomomola\n|-damage|p2a: Alomomola|65\/100\n|-resisted|p2a: Alomomola\n|-crit|p2a: Alomomola\n|-damage|p2a: Alomomola|58\/100\n|-hitcount|p2a: Alomomola|3\n|\n|upkeep\n|turn|43\n|c|\u2606qewt|nword\n|\n|t:|1699581733\n|move|p1a: Urshifu|Surging Strikes|p2a: Alomomola\n|-resisted|p2a: Alomomola\n|-crit|p2a: Alomomola\n|-damage|p2a: Alomomola|50\/100\n|-resisted|p2a: Alomomola\n|-crit|p2a: Alomomola\n|-damage|p2a: Alomomola|43\/100\n|-resisted|p2a: Alomomola\n|-crit|p2a: Alomomola\n|-damage|p2a: Alomomola|36\/100\n|-hitcount|p2a: Alomomola|3\n|move|p2a: Alomomola|Flip Turn|p1a: Urshifu\n|-resisted|p1a: Urshifu\n|-damage|p1a: Urshifu|92\/100\n|\n|t:|1699581735\n|switch|p2a: Ogerpon|Ogerpon-Teal-Tera, F, tera:Grass|100\/100|[from] Flip Turn\n|-ability|p2a: Ogerpon|Embody Aspect (Teal)|boost\n|-boost|p2a: Ogerpon|spe|1\n|\n|upkeep\n|turn|44\n|\n|t:|1699581738\n|move|p2a: Ogerpon|Ivy Cudgel|p1a: Urshifu\n|-supereffective|p1a: Urshifu\n|-damage|p1a: Urshifu|0 fnt\n|faint|p1a: Urshifu\n|\n|win|fkmyluck\n|c|\u2606fkmyluck|gg\n","uploadtime":1699581741,"views":14,"p1id":"qewt","p2id":"fkmyluck","formatid":"gen9nationaldex","rating":0,"private":0,"password":""}