{"id":"gen9nationaldex-1988483276","p1":"manji_0","p2":"Gokublack177","format":"[Gen 9] National Dex","log":"|j|\u2606manji_0\n|j|\u2606Gokublack177\n|t:|1699727785\n|gametype|singles\n|player|p1|manji_0|102|\n|player|p2|Gokublack177|fisherman-gen4|\n|teamsize|p1|6\n|teamsize|p2|6\n|gen|9\n|tier|[Gen 9] National Dex\n|rule|HP Percentage Mod: HP is shown in percentages\n|rule|Endless Battle Clause: Forcing endless battles is banned\n|rule|OHKO Clause: OHKO moves are banned\n|rule|Evasion Clause: Evasion abilities, items, and moves are banned\n|rule|Evasion Abilities Clause: Evasion abilities are banned\n|rule|Evasion Items Clause: Evasion items are banned\n|rule|Evasion Moves Clause: Evasion moves are banned\n|rule|Species Clause: Limit one of each Pok\u00e9mon\n|rule|Sleep Clause Mod: Limit one foe put to sleep\n|clearpoke\n|poke|p1|Kartana|\n|poke|p1|Medicham, M|\n|poke|p1|Rotom-Wash|\n|poke|p1|Landorus-Therian, M|\n|poke|p1|Greninja-*, M|\n|poke|p1|Mawile, M|\n|poke|p2|Scizor, M|\n|poke|p2|Muk, F|\n|poke|p2|Charizard, M|\n|poke|p2|Ceruledge, M|\n|poke|p2|Cinderace, F|\n|poke|p2|Blissey, F|\n|teampreview\n|\n|t:|1699727802\n|start\n|switch|p1a: Landorus|Landorus-Therian, M|100\/100\n|switch|p2a: My nut from 2009|Muk, F, shiny|100\/100\n|-ability|p1a: Landorus|Intimidate|boost\n|-unboost|p2a: My nut from 2009|atk|1\n|turn|1\n|\n|t:|1699727821\n|switch|p2a: Cinderace|Cinderace, F, shiny|100\/100\n|move|p1a: Landorus|Stealth Rock|p2a: Cinderace\n|-sidestart|p2: Gokublack177|move: Stealth Rock\n|\n|upkeep\n|turn|2\n|\n|t:|1699727839\n|move|p2a: Cinderace|Sunny Day|p2a: Cinderace\n|-weather|SunnyDay\n|move|p1a: Landorus|Earthquake|p2a: Cinderace\n|-supereffective|p2a: Cinderace\n|-damage|p2a: Cinderace|0 fnt\n|faint|p2a: Cinderace\n|\n|-weather|SunnyDay|[upkeep]\n|upkeep\n|\n|t:|1699727848\n|switch|p2a: Charizard|Charizard, M, shiny|100\/100\n|-damage|p2a: Charizard|51\/100|[from] Stealth Rock\n|turn|3\n|\n|t:|1699727862\n|switch|p2a: Badass|Scizor, M, shiny|100\/100\n|-damage|p2a: Badass|88\/100|[from] Stealth Rock\n|move|p1a: Landorus|U-turn|p2a: Badass\n|-resisted|p2a: Badass\n|-damage|p2a: Badass|76\/100\n|\n|t:|1699727873\n|switch|p1a: Medicham|Medicham, M|100\/100|[from] U-turn\n|\n|-weather|SunnyDay|[upkeep]\n|upkeep\n|turn|4\n|\n|t:|1699727881\n|move|p1a: Medicham|Fake Out|p2a: Badass\n|-resisted|p2a: Badass\n|-damage|p2a: Badass|67\/100\n|cant|p2a: Badass|flinch\n|\n|-weather|SunnyDay|[upkeep]\n|upkeep\n|turn|5\n|\n|t:|1699727892\n|move|p1a: Medicham|High Jump Kick|p2a: Badass\n|-damage|p2a: Badass|0 fnt\n|faint|p2a: Badass\n|\n|-weather|SunnyDay|[upkeep]\n|upkeep\n|\n|t:|1699727898\n|switch|p2a: Charizard|Charizard, M, shiny|51\/100\n|-damage|p2a: Charizard|1\/100|[from] Stealth Rock\n|turn|6\n|\n|t:|1699727906\n|detailschange|p2a: Charizard|Charizard-Mega-Y, M, shiny\n|-mega|p2a: Charizard|Charizard|Charizardite Y\n|move|p1a: Medicham|Zen Headbutt|p2a: Charizard\n|-damage|p2a: Charizard|0 fnt\n|faint|p2a: Charizard\n|\n|-weather|none\n|upkeep\n|\n|t:|1699727915\n|switch|p2a: Ceruledge|Ceruledge, M, shiny|100\/100\n|-damage|p2a: Ceruledge|75\/100|[from] Stealth Rock\n|turn|7\n|\n|t:|1699727931\n|switch|p1a: Greninja|Greninja, M|100\/100\n|-terastallize|p2a: Ceruledge|Fire\n|move|p2a: Ceruledge|Destiny Bond|p2a: Ceruledge\n|-singlemove|p2a: Ceruledge|Destiny Bond\n|\n|-heal|p2a: Ceruledge|82\/100|[from] item: Leftovers\n|upkeep\n|turn|8\n|\n|t:|1699727948\n|move|p1a: Greninja|Surf|p2a: Ceruledge\n|-supereffective|p2a: Ceruledge\n|-damage|p2a: Ceruledge|0 fnt\n|faint|p2a: Ceruledge\n|-activate|p2a: Ceruledge|move: Destiny Bond\n|faint|p1a: Greninja\n|\n|upkeep\n|\n|t:|1699727963\n|switch|p1a: Medicham|Medicham, M|100\/100\n|switch|p2a: Blissey|Blissey, F, shiny|100\/100\n|-damage|p2a: Blissey|88\/100|[from] Stealth Rock\n|turn|9\n|\n|t:|1699727972\n|move|p1a: Medicham|High Jump Kick|p2a: Blissey\n|-supereffective|p2a: Blissey\n|-damage|p2a: Blissey|0 fnt\n|faint|p2a: Blissey\n|\n|upkeep\n|\n|t:|1699727978\n|switch|p2a: My nut from 2009|Muk, F, shiny|100\/100\n|-damage|p2a: My nut from 2009|88\/100|[from] Stealth Rock\n|turn|10\n|\n|t:|1699728006\n|move|p1a: Medicham|Ice Punch|p2a: My nut from 2009\n|-damage|p2a: My nut from 2009|65\/100\n|move|p2a: My nut from 2009|Acid Armor|p2a: My nut from 2009\n|-boost|p2a: My nut from 2009|def|2\n|\n|-heal|p2a: My nut from 2009|71\/100|[from] item: Leftovers\n|upkeep\n|turn|11\n|\n|t:|1699728015\n|move|p1a: Medicham|High Jump Kick|p2a: My nut from 2009\n|-resisted|p2a: My nut from 2009\n|-damage|p2a: My nut from 2009|54\/100\n|move|p2a: My nut from 2009|Acid Armor|p2a: My nut from 2009\n|-boost|p2a: My nut from 2009|def|2\n|\n|-heal|p2a: My nut from 2009|60\/100|[from] item: Leftovers\n|upkeep\n|turn|12\n|\n|t:|1699728026\n|move|p1a: Medicham|High Jump Kick|p2a: My nut from 2009\n|-resisted|p2a: My nut from 2009\n|-damage|p2a: My nut from 2009|49\/100\n|move|p2a: My nut from 2009|Acid Armor|p2a: My nut from 2009\n|-boost|p2a: My nut from 2009|def|2\n|\n|-heal|p2a: My nut from 2009|55\/100|[from] item: Leftovers\n|upkeep\n|turn|13\n|\n|t:|1699728036\n|switch|p1a: Rotom|Rotom-Wash|100\/100\n|move|p2a: My nut from 2009|Giga Drain|p1a: Rotom\n|-supereffective|p1a: Rotom\n|-damage|p1a: Rotom|73\/100\n|-heal|p2a: My nut from 2009|65\/100|[from] drain|[of] p1a: Rotom\n|\n|-heal|p2a: My nut from 2009|72\/100|[from] item: Leftovers\n|upkeep\n|turn|14\n|\n|t:|1699728047\n|move|p1a: Rotom|Hydro Pump|p2a: My nut from 2009\n|-damage|p2a: My nut from 2009|42\/100\n|move|p2a: My nut from 2009|Giga Drain|p1a: Rotom\n|-supereffective|p1a: Rotom\n|-damage|p1a: Rotom|48\/100\n|-heal|p2a: My nut from 2009|51\/100|[from] drain|[of] p1a: Rotom\n|\n|-heal|p2a: My nut from 2009|57\/100|[from] item: Leftovers\n|upkeep\n|turn|15\n|\n|t:|1699728057\n|move|p1a: Rotom|Hydro Pump|p2a: My nut from 2009\n|-damage|p2a: My nut from 2009|22\/100\n|move|p2a: My nut from 2009|Giga Drain|p1a: Rotom\n|-supereffective|p1a: Rotom\n|-damage|p1a: Rotom|21\/100\n|-heal|p2a: My nut from 2009|32\/100|[from] drain|[of] p1a: Rotom\n|-enditem|p1a: Rotom|Iapapa Berry|[eat]\n|-heal|p1a: Rotom|55\/100|[from] item: Iapapa Berry\n|\n|-heal|p2a: My nut from 2009|38\/100|[from] item: Leftovers\n|upkeep\n|turn|16\n|\n|t:|1699728069\n|move|p1a: Rotom|Hydro Pump|p2a: My nut from 2009|[miss]\n|-miss|p1a: Rotom|p2a: My nut from 2009\n|move|p2a: My nut from 2009|Giga Drain|p1a: Rotom\n|-supereffective|p1a: Rotom\n|-damage|p1a: Rotom|30\/100\n|-heal|p2a: My nut from 2009|47\/100|[from] drain|[of] p1a: Rotom\n|\n|-heal|p2a: My nut from 2009|53\/100|[from] item: Leftovers\n|upkeep\n|turn|17\n|\n|t:|1699728081\n|move|p1a: Rotom|Hydro Pump|p2a: My nut from 2009|[miss]\n|-miss|p1a: Rotom|p2a: My nut from 2009\n|move|p2a: My nut from 2009|Giga Drain|p1a: Rotom\n|-supereffective|p1a: Rotom\n|-damage|p1a: Rotom|6\/100\n|-heal|p2a: My nut from 2009|62\/100|[from] drain|[of] p1a: Rotom\n|\n|-heal|p2a: My nut from 2009|68\/100|[from] item: Leftovers\n|upkeep\n|turn|18\n|\n|t:|1699728092\n|move|p1a: Rotom|Hydro Pump|p2a: My nut from 2009\n|-damage|p2a: My nut from 2009|36\/100\n|move|p2a: My nut from 2009|Giga Drain|p1a: Rotom\n|-supereffective|p1a: Rotom\n|-crit|p1a: Rotom\n|-damage|p1a: Rotom|0 fnt\n|-heal|p2a: My nut from 2009|38\/100|[from] drain|[of] p1a: Rotom\n|faint|p1a: Rotom\n|\n|-heal|p2a: My nut from 2009|44\/100|[from] item: Leftovers\n|upkeep\n|\n|t:|1699728104\n|switch|p1a: Mawile|Mawile, M|100\/100\n|-ability|p1a: Mawile|Intimidate|boost\n|-unboost|p2a: My nut from 2009|atk|1\n|turn|19\n|\n|t:|1699728113\n|move|p1a: Mawile|Knock Off|p2a: My nut from 2009\n|-damage|p2a: My nut from 2009|39\/100\n|-enditem|p2a: My nut from 2009|Leftovers|[from] move: Knock Off|[of] p1a: Mawile\n|move|p2a: My nut from 2009|Giga Drain|p1a: Mawile\n|-resisted|p1a: Mawile\n|-damage|p1a: Mawile|87\/100\n|-heal|p2a: My nut from 2009|43\/100|[from] drain|[of] p1a: Mawile\n|\n|upkeep\n|turn|20\n|\n|t:|1699728127\n|detailschange|p1a: Mawile|Mawile-Mega, M\n|-mega|p1a: Mawile|Mawile|Mawilite\n|move|p1a: Mawile|Sucker Punch|p2a: My nut from 2009\n|-damage|p2a: My nut from 2009|34\/100\n|move|p2a: My nut from 2009|Gunk Shot|p1a: Mawile\n|-immune|p1a: Mawile\n|\n|upkeep\n|turn|21\n|\n|t:|1699728136\n|move|p1a: Mawile|Sucker Punch|p2a: My nut from 2009\n|-damage|p2a: My nut from 2009|25\/100\n|move|p2a: My nut from 2009|Giga Drain|p1a: Mawile\n|-resisted|p1a: Mawile\n|-damage|p1a: Mawile|79\/100\n|-heal|p2a: My nut from 2009|28\/100|[from] drain|[of] p1a: Mawile\n|\n|upkeep\n|turn|22\n|\n|t:|1699728145\n|move|p1a: Mawile|Play Rough|p2a: My nut from 2009\n|-resisted|p2a: My nut from 2009\n|-damage|p2a: My nut from 2009|20\/100\n|move|p2a: My nut from 2009|Giga Drain|p1a: Mawile\n|-resisted|p1a: Mawile\n|-damage|p1a: Mawile|71\/100\n|-heal|p2a: My nut from 2009|22\/100|[from] drain|[of] p1a: Mawile\n|\n|upkeep\n|turn|23\n|\n|t:|1699728155\n|move|p1a: Mawile|Swords Dance|p1a: Mawile\n|-boost|p1a: Mawile|atk|2\n|move|p2a: My nut from 2009|Body Slam|p1a: Mawile\n|-resisted|p1a: Mawile\n|-damage|p1a: Mawile|64\/100\n|-status|p1a: Mawile|par\n|\n|upkeep\n|turn|24\n|\n|t:|1699728167\n|move|p1a: Mawile|Sucker Punch|p2a: My nut from 2009\n|-crit|p2a: My nut from 2009\n|-damage|p2a: My nut from 2009|0 fnt\n|faint|p2a: My nut from 2009\n|\n|win|manji_0\n","uploadtime":1699728176,"views":13,"p1id":"manji0","p2id":"gokublack177","formatid":"gen9nationaldex","rating":0,"private":0,"password":""}