{"id":"gen9nationaldex-1987984931","p1":"DinoDudePlayzYT","p2":"braydenaaaaa","format":"[Gen 9] National Dex","log":"|j|\u2606DinoDudePlayzYT\n|j|\u2606braydenaaaaa\n|t:|1699656012\n|gametype|singles\n|player|p1|DinoDudePlayzYT|silver|1105\n|player|p2|braydenaaaaa|101|1109\n|teamsize|p1|6\n|teamsize|p2|6\n|gen|9\n|tier|[Gen 9] National Dex\n|rated|\n|rule|HP Percentage Mod: HP is shown in percentages\n|rule|Endless Battle Clause: Forcing endless battles is banned\n|rule|OHKO Clause: OHKO moves are banned\n|rule|Evasion Clause: Evasion abilities, items, and moves are banned\n|rule|Evasion Abilities Clause: Evasion abilities are banned\n|rule|Evasion Items Clause: Evasion items are banned\n|rule|Evasion Moves Clause: Evasion moves are banned\n|rule|Species Clause: Limit one of each Pok\u00e9mon\n|rule|Sleep Clause Mod: Limit one foe put to sleep\n|clearpoke\n|poke|p1|Turtonator, M|\n|poke|p1|Salamence, F|\n|poke|p1|Salazzle, F|\n|poke|p1|Goodra-Hisui, M|\n|poke|p1|Appletun, F|\n|poke|p1|Kommo-o, F|\n|poke|p2|Samurott-Hisui, F|\n|poke|p2|Garganacl, M|\n|poke|p2|Gliscor, F|\n|poke|p2|Chansey, F|\n|poke|p2|Hoopa-Unbound|\n|poke|p2|Kommo-o, M|\n|teampreview\n|inactive|Battle timer is ON: inactive players will automatically lose when time's up. (requested by DinoDudePlayzYT)\n|\n|t:|1699656016\n|start\n|switch|p1a: Turtonator|Turtonator, M|100\/100\n|switch|p2a: Goldbrand|Hoopa-Unbound|100\/100\n|turn|1\n|\n|t:|1699656022\n|-singleturn|p1a: Turtonator|move: Shell Trap\n|move|p2a: Goldbrand|Gunk Shot|p1a: Turtonator\n|-damage|p1a: Turtonator|37\/100\n|move|p1a: Turtonator|Shell Trap|p2a: Goldbrand\n|-damage|p2a: Goldbrand|33\/100\n|\n|upkeep\n|turn|2\n|\n|t:|1699656030\n|move|p2a: Goldbrand|Gunk Shot|p1a: Turtonator\n|-damage|p1a: Turtonator|0 fnt\n|faint|p1a: Turtonator\n|\n|upkeep\n|\n|t:|1699656041\n|switch|p1a: Goodra|Goodra-Hisui, M|100\/100\n|turn|3\n|\n|t:|1699656056\n|switch|p2a: Gargachad|Garganacl, M|100\/100\n|move|p1a: Goodra|Dragon Pulse|p2a: Gargachad\n|-damage|p2a: Gargachad|71\/100\n|\n|-heal|p2a: Gargachad|77\/100|[from] item: Leftovers\n|upkeep\n|turn|4\n|\n|t:|1699656065\n|move|p1a: Goodra|Flash Cannon|p2a: Gargachad\n|-supereffective|p2a: Gargachad\n|-damage|p2a: Gargachad|26\/100\n|move|p2a: Gargachad|Salt Cure|p1a: Goodra\n|-resisted|p1a: Goodra\n|-damage|p1a: Goodra|93\/100\n|-start|p1a: Goodra|Salt Cure\n|\n|-heal|p2a: Gargachad|32\/100|[from] item: Leftovers\n|-damage|p1a: Goodra|68\/100|[from] Salt Cure\n|upkeep\n|turn|5\n|\n|t:|1699656073\n|move|p1a: Goodra|Flash Cannon|p2a: Gargachad\n|-supereffective|p2a: Gargachad\n|-damage|p2a: Gargachad|0 fnt\n|faint|p2a: Gargachad\n|\n|-damage|p1a: Goodra|43\/100|[from] Salt Cure\n|upkeep\n|\n|t:|1699656083\n|switch|p2a: Meaty Claws|Gliscor, F|100\/100\n|turn|6\n|\n|t:|1699656087\n|move|p2a: Meaty Claws|Protect|p2a: Meaty Claws\n|-singleturn|p2a: Meaty Claws|Protect\n|move|p1a: Goodra|Dragon Pulse|p2a: Meaty Claws\n|-activate|p2a: Meaty Claws|move: Protect\n|\n|-damage|p1a: Goodra|18\/100|[from] Salt Cure\n|-status|p2a: Meaty Claws|tox|[from] item: Toxic Orb\n|upkeep\n|turn|7\n|\n|t:|1699656095\n|move|p2a: Meaty Claws|Earthquake|p1a: Goodra\n|-supereffective|p1a: Goodra\n|-damage|p1a: Goodra|0 fnt\n|faint|p1a: Goodra\n|\n|upkeep\n|\n|t:|1699656100\n|switch|p1a: Appletun|Appletun, F|100\/100\n|turn|8\n|\n|t:|1699656104\n|move|p2a: Meaty Claws|Knock Off|p1a: Appletun\n|-damage|p1a: Appletun|78\/100\n|-enditem|p1a: Appletun|Weakness Policy|[from] move: Knock Off|[of] p2a: Meaty Claws\n|move|p1a: Appletun|Leech Seed|p2a: Meaty Claws\n|-start|p2a: Meaty Claws|move: Leech Seed\n|\n|-damage|p2a: Meaty Claws|88\/100 tox|[from] Leech Seed|[of] p1a: Appletun\n|-heal|p1a: Appletun|88\/100|[silent]\n|-heal|p2a: Meaty Claws|100\/100 tox|[from] ability: Poison Heal\n|upkeep\n|turn|9\n|\n|t:|1699656113\n|move|p2a: Meaty Claws|Earthquake|p1a: Appletun\n|-resisted|p1a: Appletun\n|-damage|p1a: Appletun|72\/100\n|move|p1a: Appletun|Recover|p1a: Appletun\n|-heal|p1a: Appletun|100\/100\n|\n|-damage|p2a: Meaty Claws|88\/100 tox|[from] Leech Seed|[of] p1a: Appletun\n|-heal|p2a: Meaty Claws|100\/100 tox|[from] ability: Poison Heal\n|upkeep\n|turn|10\n|\n|t:|1699656121\n|move|p2a: Meaty Claws|Spikes|p1a: Appletun\n|-sidestart|p1: DinoDudePlayzYT|Spikes\n|move|p1a: Appletun|Apple Acid|p2a: Meaty Claws\n|-damage|p2a: Meaty Claws|68\/100 tox\n|-unboost|p2a: Meaty Claws|spd|1\n|\n|-damage|p2a: Meaty Claws|56\/100 tox|[from] Leech Seed|[of] p1a: Appletun\n|-heal|p2a: Meaty Claws|68\/100 tox|[from] ability: Poison Heal\n|upkeep\n|turn|11\n|\n|t:|1699656130\n|move|p2a: Meaty Claws|Spikes|p1a: Appletun\n|-sidestart|p1: DinoDudePlayzYT|Spikes\n|move|p1a: Appletun|Apple Acid|p2a: Meaty Claws\n|-damage|p2a: Meaty Claws|21\/100 tox\n|-unboost|p2a: Meaty Claws|spd|1\n|\n|-damage|p2a: Meaty Claws|8\/100 tox|[from] Leech Seed|[of] p1a: Appletun\n|-heal|p2a: Meaty Claws|21\/100 tox|[from] ability: Poison Heal\n|upkeep\n|turn|12\n|\n|t:|1699656140\n|switch|p2a: iPass|Chansey, F|100\/100\n|move|p1a: Appletun|Apple Acid|p2a: iPass\n|-damage|p2a: iPass|92\/100\n|-unboost|p2a: iPass|spd|1\n|\n|upkeep\n|turn|13\n|\n|t:|1699656147\n|move|p2a: iPass|Wish|p2a: iPass\n|move|p1a: Appletun|Leech Seed|p2a: iPass\n|-start|p2a: iPass|move: Leech Seed\n|\n|-damage|p2a: iPass|79\/100|[from] Leech Seed|[of] p1a: Appletun\n|upkeep\n|turn|14\n|\n|t:|1699656157\n|switch|p2a: Goldbrand|Hoopa-Unbound|33\/100\n|move|p1a: Appletun|Apple Acid|p2a: Goldbrand\n|-damage|p2a: Goldbrand|7\/100\n|-unboost|p2a: Goldbrand|spd|1\n|\n|-heal|p2a: Goldbrand|100\/100|[from] move: Wish|[wisher] iPass\n|upkeep\n|turn|15\n|\n|t:|1699656173\n|move|p2a: Goldbrand|Gunk Shot|p1a: Appletun\n|-supereffective|p1a: Appletun\n|-damage|p1a: Appletun|0 fnt\n|faint|p1a: Appletun\n|\n|upkeep\n|\n|t:|1699656180\n|switch|p1a: Kommo-o|Kommo-o, F|100\/100\n|-damage|p1a: Kommo-o|84\/100|[from] Spikes\n|turn|16\n|\n|t:|1699656183\n|move|p1a: Kommo-o|Substitute|p1a: Kommo-o\n|-start|p1a: Kommo-o|Substitute\n|-damage|p1a: Kommo-o|59\/100\n|move|p2a: Goldbrand|Gunk Shot|p1a: Kommo-o\n|-end|p1a: Kommo-o|Substitute\n|\n|upkeep\n|turn|17\n|\n|t:|1699656190\n|move|p1a: Kommo-o|Drain Punch|p2a: Goldbrand\n|-damage|p2a: Goldbrand|39\/100\n|-heal|p1a: Kommo-o|91\/100|[from] drain|[of] p2a: Goldbrand\n|move|p2a: Goldbrand|Gunk Shot|p1a: Kommo-o\n|-crit|p1a: Kommo-o\n|-damage|p1a: Kommo-o|0 fnt\n|faint|p1a: Kommo-o\n|\n|upkeep\n|\n|t:|1699656198\n|switch|p1a: Salazzle|Salazzle, F|100\/100\n|-damage|p1a: Salazzle|84\/100|[from] Spikes\n|turn|18\n|\n|t:|1699656208\n|switch|p2a: iPass|Chansey, F|79\/100\n|move|p1a: Salazzle|Flamethrower|p2a: iPass\n|-damage|p2a: iPass|67\/100\n|\n|-heal|p1a: Salazzle|90\/100|[from] item: Black Sludge\n|upkeep\n|turn|19\n|\n|t:|1699656215\n|move|p1a: Salazzle|Toxic|p2a: iPass\n|-status|p2a: iPass|tox\n|move|p2a: iPass|Wish|p2a: iPass\n|\n|-heal|p1a: Salazzle|96\/100|[from] item: Black Sludge\n|-damage|p2a: iPass|61\/100 tox|[from] psn\n|upkeep\n|turn|20\n|\n|t:|1699656223\n|-curestatus|p2a: iPass|tox|[from] ability: Natural Cure\n|switch|p2a: Meaty Claws|Gliscor, F|21\/100 tox\n|move|p1a: Salazzle|Venoshock|p2a: Meaty Claws\n|-resisted|p2a: Meaty Claws\n|-damage|p2a: Meaty Claws|0 fnt\n|faint|p2a: Meaty Claws\n|\n|-heal|p1a: Salazzle|100\/100|[from] item: Black Sludge\n|upkeep\n|\n|t:|1699656246\n|switch|p2a: Saint Cuckolas|Samurott-Hisui, F|100\/100\n|turn|21\n|\n|t:|1699656255\n|move|p1a: Salazzle|Toxic|p2a: Saint Cuckolas\n|-status|p2a: Saint Cuckolas|tox\n|move|p2a: Saint Cuckolas|Ceaseless Edge|p1a: Salazzle|[miss]\n|-miss|p2a: Saint Cuckolas|p1a: Salazzle\n|\n|-damage|p2a: Saint Cuckolas|94\/100 tox|[from] psn\n|upkeep\n|turn|22\n|\n|t:|1699656274\n|move|p1a: Salazzle|Venoshock|p2a: Saint Cuckolas\n|-damage|p2a: Saint Cuckolas|0 fnt\n|faint|p2a: Saint Cuckolas\n|\n|upkeep\n|\n|t:|1699656281\n|switch|p2a: Kommo-o|Kommo-o, M|100\/100\n|turn|23\n|\n|t:|1699656291\n|move|p1a: Salazzle|Toxic|p2a: Kommo-o\n|-status|p2a: Kommo-o|tox\n|move|p2a: Kommo-o|Clangorous Soul|p2a: Kommo-o\n|-boost|p2a: Kommo-o|atk|1\n|-boost|p2a: Kommo-o|def|1\n|-boost|p2a: Kommo-o|spa|1\n|-boost|p2a: Kommo-o|spd|1\n|-boost|p2a: Kommo-o|spe|1\n|-damage|p2a: Kommo-o|68\/100 tox\n|-enditem|p2a: Kommo-o|Throat Spray\n|-boost|p2a: Kommo-o|spa|1|[from] item: Throat Spray\n|\n|-damage|p2a: Kommo-o|61\/100 tox|[from] psn\n|upkeep\n|turn|24\n|\n|t:|1699656302\n|move|p2a: Kommo-o|Boomburst|p1a: Salazzle\n|-damage|p1a: Salazzle|0 fnt\n|faint|p1a: Salazzle\n|\n|-damage|p2a: Kommo-o|49\/100 tox|[from] psn\n|upkeep\n|\n|t:|1699656307\n|switch|p1a: Salamence|Salamence, F|100\/100\n|-ability|p1a: Salamence|Intimidate|boost\n|-unboost|p2a: Kommo-o|atk|1\n|turn|25\n|\n|t:|1699656314\n|-terastallize|p2a: Kommo-o|Normal\n|move|p2a: Kommo-o|Boomburst|p1a: Salamence\n|-damage|p1a: Salamence|0 fnt\n|faint|p1a: Salamence\n|\n|win|braydenaaaaa\n|raw|DinoDudePlayzYT's rating: 1105 &rarr; <strong>1080<\/strong><br \/>(-25 for losing)\n|raw|braydenaaaaa's rating: 1109 &rarr; <strong>1134<\/strong><br \/>(+25 for winning)\n|l|\u2606DinoDudePlayzYT\n","uploadtime":1699656324,"views":12,"p1id":"dinodudeplayzyt","p2id":"braydenaaaaa","formatid":"gen9nationaldex","rating":1080,"private":0,"password":""}