{"id":"gen9nationaldex-1994450465","p1":"downfall18","p2":"DufauxZac","format":"[Gen 9] National Dex","log":"|j|\u2606downfall18\n|j|\u2606DufauxZac\n|t:|1700445330\n|gametype|singles\n|player|p1|downfall18|cyrus|\n|player|p2|DufauxZac|n|\n|teamsize|p1|6\n|teamsize|p2|6\n|gen|9\n|tier|[Gen 9] National Dex\n|rule|HP Percentage Mod: HP is shown in percentages\n|rule|Endless Battle Clause: Forcing endless battles is banned\n|rule|OHKO Clause: OHKO moves are banned\n|rule|Evasion Clause: Evasion abilities, items, and moves are banned\n|rule|Evasion Abilities Clause: Evasion abilities are banned\n|rule|Evasion Items Clause: Evasion items are banned\n|rule|Evasion Moves Clause: Evasion moves are banned\n|rule|Species Clause: Limit one of each Pok\u00e9mon\n|rule|Sleep Clause Mod: Limit one foe put to sleep\n|clearpoke\n|poke|p1|Ogerpon-Wellspring, F|\n|poke|p1|Banette, F|\n|poke|p1|Glimmora, F|\n|poke|p1|Lycanroc, F|\n|poke|p1|Pawmot, F|\n|poke|p1|Persian, F|\n|poke|p2|Farigiraf, F|\n|poke|p2|Azumarill, M|\n|poke|p2|Porygon-Z|\n|poke|p2|Skeledirge, M|\n|poke|p2|Malamar, F|\n|poke|p2|Yanmega, F|\n|teampreview\n|\n|t:|1700445339\n|start\n|switch|p1a: Glimmora|Glimmora, F|100\/100\n|switch|p2a: Yanmega|Yanmega, F|100\/100\n|turn|1\n|\n|t:|1700445342\n|move|p1a: Glimmora|Power Gem|p2a: Yanmega\n|-supereffective|p2a: Yanmega\n|-damage|p2a: Yanmega|0 fnt\n|faint|p2a: Yanmega\n|\n|upkeep\n|\n|t:|1700445348\n|switch|p2a: Farigiraf|Farigiraf, F|100\/100\n|turn|2\n|c|\u2606DufauxZac|Top 2 pranks\n|c|\u2606downfall18|lmfao\n|c|\u2606downfall18|i was wondering what you were cookin thee\n|\n|t:|1700445375\n|move|p1a: Glimmora|Sludge Wave|p2a: Farigiraf\n|-damage|p2a: Farigiraf|46\/100\n|move|p2a: Farigiraf|Psychic|p1a: Glimmora\n|-supereffective|p1a: Glimmora\n|-enditem|p1a: Glimmora|Focus Sash\n|-damage|p1a: Glimmora|1\/100\n|\n|upkeep\n|turn|3\n|c|\u2606DufauxZac|Wasn't ready for max speed\n|c|\u2606downfall18|valid\n|c|\u2606DufauxZac|Idk what glimmora runs\n|\n|t:|1700445398\n|move|p1a: Glimmora|Sludge Wave|p2a: Farigiraf\n|-damage|p2a: Farigiraf|0 fnt\n|faint|p2a: Farigiraf\n|\n|upkeep\n|\n|t:|1700445402\n|switch|p2a: Azumarill|Azumarill, M|100\/100\n|turn|4\n|c|\u2606downfall18|neither do i\n|c|\u2606DufauxZac|Rawwww\n|\n|t:|1700445420\n|move|p2a: Azumarill|Aqua Jet|p1a: Glimmora\n|-supereffective|p1a: Glimmora\n|-damage|p1a: Glimmora|0 fnt\n|-activate|p1a: Glimmora|ability: Toxic Debris\n|-sidestart|p2: DufauxZac|move: Toxic Spikes\n|faint|p1a: Glimmora\n|\n|upkeep\n|\n|t:|1700445452\n|switch|p1a: Persian|Persian, F|100\/100\n|turn|5\n|\n|t:|1700445474\n|move|p1a: Persian|Thunder Wave|p2a: Azumarill\n|-status|p2a: Azumarill|par\n|-enditem|p2a: Azumarill|Lum Berry|[eat]\n|-curestatus|p2a: Azumarill|par|[msg]\n|move|p2a: Azumarill|Belly Drum|p2a: Azumarill\n|-damage|p2a: Azumarill|50\/100\n|-setboost|p2a: Azumarill|atk|6|[from] move: Belly Drum\n|\n|upkeep\n|turn|6\n|c|\u2606DufauxZac|Dupranked\n|c|\u2606downfall18|I GOT GAMED ON\n|\n|t:|1700445494\n|move|p2a: Azumarill|Aqua Jet|p1a: Persian\n|-damage|p1a: Persian|0 fnt\n|faint|p1a: Persian\n|\n|upkeep\n|\n|t:|1700445501\n|switch|p1a: Pawmot|Pawmot, F|100\/100\n|turn|7\n|\n|t:|1700445505\n|move|p1a: Pawmot|Fake Out|p2a: Azumarill\n|-damage|p2a: Azumarill|38\/100\n|cant|p2a: Azumarill|flinch\n|\n|upkeep\n|turn|8\n|\n|t:|1700445511\n|move|p1a: Pawmot|Double Shock|p2a: Azumarill\n|-supereffective|p2a: Azumarill\n|-damage|p2a: Azumarill|0 fnt\n|-start|p1a: Pawmot|typechange|???\/Fighting|[from] move: Double Shock\n|faint|p2a: Azumarill\n|\n|upkeep\n|c|\u2606DufauxZac|Ngl\n|c|\u2606DufauxZac|Thought you were gonna be a genius\n|c|\u2606DufauxZac|And go ogerpon\n|c|\u2606downfall18|rip\n|c|\u2606downfall18|overestimated me\n|\n|t:|1700445540\n|switch|p2a: Skeledirge|Skeledirge, M|100\/100\n|-status|p2a: Skeledirge|psn\n|turn|9\n|\n|t:|1700445551\n|switch|p1a: Banette|Banette, F|100\/100\n|-item|p2a: Skeledirge|Leftovers|[from] ability: Frisk|[of] p1a: Banette|[identify]\n|move|p2a: Skeledirge|Torch Song|p1a: Banette\n|-damage|p1a: Banette|73\/100\n|-boost|p2a: Skeledirge|spa|1\n|\n|-damage|p2a: Skeledirge|88\/100 psn|[from] psn\n|upkeep\n|turn|10\n|c|\u2606DufauxZac|It's okay\n|\n|t:|1700445566\n|detailschange|p1a: Banette|Banette-Mega, F\n|-mega|p1a: Banette|Banette|Banettite\n|move|p1a: Banette|Rain Dance|p1a: Banette\n|-weather|RainDance\n|move|p2a: Skeledirge|Substitute|p2a: Skeledirge\n|-start|p2a: Skeledirge|Substitute\n|-damage|p2a: Skeledirge|63\/100 psn\n|\n|-weather|RainDance|[upkeep]\n|-heal|p2a: Skeledirge|69\/100 psn|[from] item: Leftovers\n|-damage|p2a: Skeledirge|57\/100 psn|[from] psn\n|upkeep\n|turn|11\n|\n|t:|1700445570\n|move|p1a: Banette|Knock Off|p2a: Skeledirge\n|-supereffective|p2a: Skeledirge\n|-end|p2a: Skeledirge|Substitute\n|move|p2a: Skeledirge|Slack Off|p2a: Skeledirge\n|-heal|p2a: Skeledirge|100\/100 psn\n|\n|-weather|RainDance|[upkeep]\n|-damage|p2a: Skeledirge|88\/100 psn|[from] psn\n|upkeep\n|turn|12\n|\n|t:|1700445576\n|move|p1a: Banette|Thunder Wave||[still]\n|-fail|p1a: Banette\n|move|p2a: Skeledirge|Substitute|p2a: Skeledirge\n|-start|p2a: Skeledirge|Substitute\n|-damage|p2a: Skeledirge|63\/100 psn\n|\n|-weather|RainDance|[upkeep]\n|-heal|p2a: Skeledirge|69\/100 psn|[from] item: Leftovers\n|-damage|p2a: Skeledirge|57\/100 psn|[from] psn\n|upkeep\n|turn|13\n|\n|t:|1700445579\n|move|p1a: Banette|Knock Off|p2a: Skeledirge\n|-supereffective|p2a: Skeledirge\n|-end|p2a: Skeledirge|Substitute\n|move|p2a: Skeledirge|Torch Song|p1a: Banette\n|-damage|p1a: Banette|56\/100\n|-boost|p2a: Skeledirge|spa|1\n|\n|-weather|RainDance|[upkeep]\n|-heal|p2a: Skeledirge|63\/100 psn|[from] item: Leftovers\n|-damage|p2a: Skeledirge|51\/100 psn|[from] psn\n|upkeep\n|turn|14\n|c|\u2606downfall18|LMFAO\n|\n|t:|1700445586\n|move|p1a: Banette|Knock Off|p2a: Skeledirge\n|-supereffective|p2a: Skeledirge\n|-damage|p2a: Skeledirge|0 fnt\n|-enditem|p2a: Skeledirge|Leftovers|[from] move: Knock Off|[of] p1a: Banette\n|faint|p2a: Skeledirge\n|\n|-weather|none\n|upkeep\n|\n|t:|1700445589\n|switch|p2a: Malamar|Malamar, F|100\/100\n|-status|p2a: Malamar|psn\n|turn|15\n|c|\u2606downfall18|smartest twave ever\n|\n|t:|1700445602\n|move|p1a: Banette|Rain Dance|p1a: Banette\n|-weather|RainDance\n|move|p2a: Malamar|Reflect|p2a: Malamar\n|-sidestart|p2: DufauxZac|Reflect\n|\n|-weather|RainDance|[upkeep]\n|-damage|p2a: Malamar|88\/100 psn|[from] psn\n|upkeep\n|turn|16\n|\n|t:|1700445607\n|move|p1a: Banette|Knock Off|p2a: Malamar\n|-damage|p2a: Malamar|72\/100 psn\n|-enditem|p2a: Malamar|Light Clay|[from] move: Knock Off|[of] p1a: Banette\n|move|p2a: Malamar|Psycho Cut|p1a: Banette\n|-damage|p1a: Banette|11\/100\n|\n|-weather|RainDance|[upkeep]\n|-damage|p2a: Malamar|60\/100 psn|[from] psn\n|upkeep\n|turn|17\n|\n|t:|1700445612\n|move|p1a: Banette|Destiny Bond|p1a: Banette\n|-singlemove|p1a: Banette|Destiny Bond\n|move|p2a: Malamar|Psycho Cut|p1a: Banette\n|-damage|p1a: Banette|0 fnt\n|faint|p1a: Banette\n|-activate|p1a: Banette|move: Destiny Bond\n|faint|p2a: Malamar\n|\n|-weather|RainDance|[upkeep]\n|upkeep\n|\n|t:|1700445617\n|switch|p1a: Ogerpon|Ogerpon-Wellspring, F|100\/100\n|switch|p2a: Porygon-Z|Porygon-Z|100\/100\n|-status|p2a: Porygon-Z|psn\n|turn|18\n|\n|t:|1700445619\n|move|p1a: Ogerpon|Ivy Cudgel|p2a: Porygon-Z|[anim] Ivy Cudgel Water\n|-damage|p2a: Porygon-Z|39\/100 psn\n|move|p2a: Porygon-Z|Tri Attack|p1a: Ogerpon\n|-damage|p1a: Ogerpon|19\/100\n|-damage|p2a: Porygon-Z|29\/100 psn|[from] item: Life Orb\n|\n|-weather|RainDance|[upkeep]\n|-damage|p2a: Porygon-Z|17\/100 psn|[from] psn\n|upkeep\n|turn|19\n|\n|t:|1700445623\n|move|p1a: Ogerpon|Ivy Cudgel|p2a: Porygon-Z|[anim] Ivy Cudgel Water\n|-damage|p2a: Porygon-Z|0 fnt\n|faint|p2a: Porygon-Z\n|\n|win|downfall18\n|c|\u2606DufauxZac|Gee gees\n|c|\u2606downfall18|ggs\n|l|\u2606DufauxZac\n","uploadtime":1700445659,"views":25,"p1id":"downfall18","p2id":"dufauxzac","formatid":"gen9nationaldex","rating":0,"private":0,"password":""}