{"id":"gen9nationaldex-1993515225","p1":"shadowkukoy2","p2":"grass knot zygarde","format":"[Gen 9] National Dex","log":"|j|\u2606shadowkukoy2\n|j|\u2606grass knot zygarde\n|t:|1700326909\n|gametype|singles\n|player|p1|shadowkukoy2|scientistf|1792\n|player|p2|grass knot zygarde|dawn|1689\n|teamsize|p1|6\n|teamsize|p2|6\n|gen|9\n|tier|[Gen 9] National Dex\n|rated|\n|rule|HP Percentage Mod: HP is shown in percentages\n|rule|Endless Battle Clause: Forcing endless battles is banned\n|rule|OHKO Clause: OHKO moves are banned\n|rule|Evasion Clause: Evasion abilities, items, and moves are banned\n|rule|Evasion Abilities Clause: Evasion abilities are banned\n|rule|Evasion Items Clause: Evasion items are banned\n|rule|Evasion Moves Clause: Evasion moves are banned\n|rule|Species Clause: Limit one of each Pok\u00e9mon\n|rule|Sleep Clause Mod: Limit one foe put to sleep\n|clearpoke\n|poke|p1|Incineroar, M|\n|poke|p1|Skarmory, M|\n|poke|p1|Iron Treads|\n|poke|p1|Venusaur, M|\n|poke|p1|Garganacl, F|\n|poke|p1|Chansey, F|\n|poke|p2|Tapu Lele|\n|poke|p2|Sneasler, F|\n|poke|p2|Alomomola, F|\n|poke|p2|Gliscor, F|\n|poke|p2|Kartana|\n|poke|p2|Slowking-Galar, M|\n|teampreview\n|inactive|Battle timer is ON: inactive players will automatically lose when time's up. (requested by grass knot zygarde)\n|\n|t:|1700326936\n|start\n|switch|p1a: Incineroar|Incineroar, M|100\/100\n|switch|p2a: flying whales|Sneasler, F, shiny|100\/100\n|-ability|p1a: Incineroar|Intimidate|boost\n|-unboost|p2a: flying whales|atk|1\n|turn|1\n|\n|t:|1700326949\n|switch|p2a: immortal|Gliscor, F, shiny|100\/100\n|move|p1a: Incineroar|Will-O-Wisp|p2a: immortal\n|-status|p2a: immortal|brn\n|\n|-damage|p2a: immortal|94\/100 brn|[from] brn\n|upkeep\n|turn|2\n|\n|t:|1700326958\n|move|p2a: immortal|Stealth Rock|p1a: Incineroar\n|-sidestart|p1: shadowkukoy2|move: Stealth Rock\n|move|p1a: Incineroar|Parting Shot|p2a: immortal\n|-unboost|p2a: immortal|atk|1\n|-unboost|p2a: immortal|spa|1\n|\n|t:|1700326960\n|switch|p1a: Skarmory|Skarmory, M|100\/100|[from] Parting Shot\n|-damage|p1a: Skarmory|88\/100|[from] Stealth Rock\n|\n|-damage|p2a: immortal|88\/100 brn|[from] brn\n|upkeep\n|turn|3\n|j| iliveinohiorizz\n|\n|t:|1700326975\n|switch|p2a: guy|Slowking-Galar, M, shiny|100\/100\n|move|p1a: Skarmory|Spikes|p2a: guy\n|-sidestart|p2: grass knot zygarde|Spikes\n|\n|upkeep\n|turn|4\n|\n|t:|1700326979\n|switch|p1a: Incineroar|Incineroar, M|100\/100\n|-ability|p1a: Incineroar|Intimidate|boost\n|-unboost|p2a: guy|atk|1\n|move|p2a: guy|Thunder Wave|p1a: Incineroar\n|-status|p1a: Incineroar|par\n|\n|upkeep\n|turn|5\n|\n|t:|1700326986\n|move|p1a: Incineroar|Knock Off|p2a: guy\n|-supereffective|p2a: guy\n|-enditem|p2a: guy|Colbur Berry|[eat]\n|-enditem|p2a: guy|Colbur Berry|[weaken]\n|-damage|p2a: guy|59\/100\n|move|p2a: guy|Future Sight|p1a: Incineroar\n|-start|p2a: guy|move: Future Sight\n|\n|upkeep\n|turn|6\n|\n|t:|1700326993\n|move|p1a: Incineroar|Will-O-Wisp|p2a: guy\n|-status|p2a: guy|brn\n|move|p2a: guy|Chilly Reception|p2a: guy\n|-weather|Snow\n|\n|t:|1700326999\n|switch|p2a: permanent scars|Tapu Lele, shiny|100\/100|[from] Chilly Reception\n|-damage|p2a: permanent scars|88\/100|[from] Spikes\n|-fieldstart|move: Psychic Terrain|[from] ability: Psychic Surge|[of] p2a: permanent scars\n|\n|-weather|Snow|[upkeep]\n|upkeep\n|turn|7\n|\n|t:|1700327008\n|move|p2a: permanent scars|Future Sight||[still]\n|-fail|p2a: permanent scars\n|move|p1a: Incineroar|Flare Blitz|p2a: permanent scars\n|-damage|p2a: permanent scars|9\/100\n|-damage|p1a: Incineroar|82\/100 par|[from] Recoil\n|\n|-weather|Snow|[upkeep]\n|-end|p1a: Incineroar|move: Future Sight\n|-immune|p1a: Incineroar\n|upkeep\n|turn|8\n|\n|t:|1700327019\n|switch|p2a: flying whales|Sneasler, F, shiny|100\/100\n|-damage|p2a: flying whales|88\/100|[from] Spikes\n|-enditem|p2a: flying whales|Psychic Seed\n|-boost|p2a: flying whales|spd|1|[from] item: Psychic Seed\n|cant|p1a: Incineroar|par\n|\n|-weather|Snow|[upkeep]\n|upkeep\n|turn|9\n|\n|t:|1700327024\n|move|p2a: flying whales|Close Combat|p1a: Incineroar\n|-supereffective|p1a: Incineroar\n|-damage|p1a: Incineroar|0 fnt\n|-unboost|p2a: flying whales|def|1\n|-unboost|p2a: flying whales|spd|1\n|faint|p1a: Incineroar\n|\n|-weather|Snow|[upkeep]\n|upkeep\n|\n|t:|1700327027\n|switch|p1a: Skarmory|Skarmory, M|88\/100\n|-damage|p1a: Skarmory|76\/100|[from] Stealth Rock\n|turn|10\n|\n|t:|1700327036\n|switch|p2a: permanent scars|Tapu Lele, shiny|9\/100\n|-damage|p2a: permanent scars|0 fnt|[from] Spikes\n|faint|p2a: permanent scars\n|move|p1a: Skarmory|Body Press|p2: permanent scars|[notarget]\n|-fail|p1a: Skarmory\n|\n|-weather|none\n|-fieldend|move: Psychic Terrain\n|upkeep\n|\n|t:|1700327042\n|switch|p2a: u kil gliscor yet?|Kartana, shiny|100\/100\n|-damage|p2a: u kil gliscor yet?|88\/100|[from] Spikes\n|turn|11\n|\n|t:|1700327046\n|move|p2a: u kil gliscor yet?|Knock Off|p1a: Skarmory\n|-damage|p1a: Skarmory|52\/100\n|-damage|p2a: u kil gliscor yet?|72\/100|[from] item: Rocky Helmet|[of] p1a: Skarmory\n|-enditem|p1a: Skarmory|Rocky Helmet|[from] move: Knock Off|[of] p2a: u kil gliscor yet?\n|move|p1a: Skarmory|Body Press|p2a: u kil gliscor yet?\n|-supereffective|p2a: u kil gliscor yet?\n|-damage|p2a: u kil gliscor yet?|8\/100\n|\n|upkeep\n|turn|12\n|\n|t:|1700327056\n|move|p2a: u kil gliscor yet?|Defog|p1a: Skarmory\n|-unboost|p1a: Skarmory|evasion|1\n|-sideend|p1: shadowkukoy2|Stealth Rock|[from] move: Defog|[of] p2a: u kil gliscor yet?\n|-sideend|p2: grass knot zygarde|Spikes|[from] move: Defog|[of] p2a: u kil gliscor yet?\n|move|p1a: Skarmory|Roost|p1a: Skarmory\n|-heal|p1a: Skarmory|100\/100\n|-singleturn|p1a: Skarmory|move: Roost\n|\n|upkeep\n|turn|13\n|\n|t:|1700327064\n|switch|p2a: flying whales|Sneasler, F, shiny|88\/100\n|move|p1a: Skarmory|Spikes|p2a: flying whales\n|-sidestart|p2: grass knot zygarde|Spikes\n|\n|upkeep\n|turn|14\n|\n|t:|1700327068\n|move|p2a: flying whales|Swords Dance|p2a: flying whales\n|-boost|p2a: flying whales|atk|2\n|move|p1a: Skarmory|Whirlwind|p2a: flying whales\n|drag|p2a: u kil gliscor yet?|Kartana, shiny|8\/100\n|-damage|p2a: u kil gliscor yet?|0 fnt|[from] Spikes\n|faint|p2a: u kil gliscor yet?\n|\n|upkeep\n|-message|grass knot zygarde forfeited.\n|\n|win|shadowkukoy2\n|raw|shadowkukoy2's rating: 1792 &rarr; <strong>1806<\/strong><br \/>(+14 for winning)\n|raw|grass knot zygarde's rating: 1689 &rarr; <strong>1675<\/strong><br \/>(-14 for losing)\n","uploadtime":1700327084,"views":8,"p1id":"shadowkukoy2","p2id":"grassknotzygarde","formatid":"gen9nationaldex","rating":1675,"private":0,"password":""}