{"id":"gen9nationaldex-2000036612","p1":"Repeater211","p2":"Jaehyunmylove","format":"[Gen 9] National Dex","log":"|html|<div class=\"broadcast-blue\"><strong>[Gen 9] National Dex is currently suspecting Sneasler! For information on how to participate check out the <a href=\"https:\/\/www.smogon.com\/forums\/threads\/sv-national-dex-suspect-8-just-dance.3731534\/\">suspect thread<\/a>.<\/strong><\/div>\n|j|\u2606Repeater211\n|j|\u2606Jaehyunmylove\n|t:|1701144212\n|gametype|singles\n|player|p1|Repeater211|ingo|1485\n|player|p2|Jaehyunmylove|caitlin|1413\n|teamsize|p1|6\n|teamsize|p2|6\n|gen|9\n|tier|[Gen 9] National Dex\n|rated|\n|rule|HP Percentage Mod: HP is shown in percentages\n|rule|Endless Battle Clause: Forcing endless battles is banned\n|rule|OHKO Clause: OHKO moves are banned\n|rule|Evasion Clause: Evasion abilities, items, and moves are banned\n|rule|Evasion Abilities Clause: Evasion abilities are banned\n|rule|Evasion Items Clause: Evasion items are banned\n|rule|Evasion Moves Clause: Evasion moves are banned\n|rule|Species Clause: Limit one of each Pok\u00e9mon\n|rule|Sleep Clause Mod: Limit one foe put to sleep\n|clearpoke\n|poke|p1|Blacephalon|\n|poke|p1|Gliscor, F|\n|poke|p1|Lilligant-Hisui, F|\n|poke|p1|Toxapex, F|\n|poke|p1|Diancie|\n|poke|p1|Tapu Lele|\n|poke|p2|Volcarona, F|\n|poke|p2|Banette, M|\n|poke|p2|Kommo-o, F|\n|poke|p2|Sneasler, M|\n|poke|p2|Azumarill, F|\n|poke|p2|Garchomp, M|\n|teampreview\n|inactive|Battle timer is ON: inactive players will automatically lose when time's up. (requested by Repeater211)\n|\n|t:|1701144219\n|start\n|switch|p1a: Diancie|Diancie|100\/100\n|switch|p2a: Azumarill|Azumarill, F|100\/100\n|turn|1\n|\n|t:|1701144231\n|detailschange|p1a: Diancie|Diancie-Mega\n|-mega|p1a: Diancie|Diancie|Diancite\n|move|p1a: Diancie|Diamond Storm|p2a: Azumarill\n|-damage|p2a: Azumarill|49\/100\n|-enditem|p2a: Azumarill|Sitrus Berry|[eat]\n|-heal|p2a: Azumarill|74\/100|[from] item: Sitrus Berry\n|move|p2a: Azumarill|Belly Drum|p2a: Azumarill\n|-damage|p2a: Azumarill|24\/100\n|-setboost|p2a: Azumarill|atk|6|[from] move: Belly Drum\n|\n|upkeep\n|turn|2\n|\n|t:|1701144236\n|move|p2a: Azumarill|Aqua Jet|p1a: Diancie\n|-supereffective|p1a: Diancie\n|-damage|p1a: Diancie|0 fnt\n|faint|p1a: Diancie\n|\n|upkeep\n|\n|t:|1701144239\n|switch|p1a: Toxapex|Toxapex, F|100\/100\n|turn|3\n|\n|t:|1701144243\n|move|p2a: Azumarill|Play Rough|p1a: Toxapex\n|-resisted|p1a: Toxapex\n|-damage|p1a: Toxapex|12\/100\n|-unboost|p1a: Toxapex|atk|1\n|move|p1a: Toxapex|Haze|p1a: Toxapex\n|-clearallboost\n|\n|upkeep\n|turn|4\n|\n|t:|1701144249\n|switch|p1a: Gliscor|Gliscor, F, shiny|100\/100\n|move|p2a: Azumarill|Aqua Jet|p1a: Gliscor\n|-supereffective|p1a: Gliscor\n|-damage|p1a: Gliscor|68\/100\n|\n|-status|p1a: Gliscor|tox|[from] item: Toxic Orb\n|upkeep\n|turn|5\n|\n|t:|1701144259\n|move|p1a: Gliscor|U-turn|p2a: Azumarill\n|-resisted|p2a: Azumarill\n|-damage|p2a: Azumarill|16\/100\n|\n|t:|1701144260\n|switch|p1a: Toxapex|Toxapex, F|46\/100|[from] U-turn\n|move|p2a: Azumarill|Ice Spinner|p1a: Toxapex\n|-resisted|p1a: Toxapex\n|-damage|p1a: Toxapex|34\/100\n|\n|upkeep\n|turn|6\n|\n|t:|1701144267\n|move|p2a: Azumarill|Play Rough|p1a: Toxapex\n|-resisted|p1a: Toxapex\n|-damage|p1a: Toxapex|13\/100\n|move|p1a: Toxapex|Recover|p1a: Toxapex\n|-heal|p1a: Toxapex|63\/100\n|\n|upkeep\n|turn|7\n|\n|t:|1701144275\n|switch|p2a: Garchomp|Garchomp, M|100\/100\n|move|p1a: Toxapex|Recover|p1a: Toxapex\n|-heal|p1a: Toxapex|100\/100\n|\n|upkeep\n|turn|8\n|\n|t:|1701144278\n|move|p2a: Garchomp|Swords Dance|p2a: Garchomp\n|-boost|p2a: Garchomp|atk|2\n|move|p1a: Toxapex|Toxic|p2a: Garchomp\n|-status|p2a: Garchomp|tox\n|\n|-damage|p2a: Garchomp|94\/100 tox|[from] psn\n|upkeep\n|turn|9\n|\n|t:|1701144281\n|move|p2a: Garchomp|Scale Shot|p1a: Toxapex\n|-damage|p1a: Toxapex|81\/100\n|-damage|p1a: Toxapex|62\/100\n|-damage|p1a: Toxapex|40\/100\n|-crit|p1a: Toxapex\n|-damage|p1a: Toxapex|12\/100\n|-damage|p1a: Toxapex|0 fnt\n|faint|p1a: Toxapex\n|-hitcount|p1: Toxapex|5\n|-unboost|p2a: Garchomp|def|1\n|-boost|p2a: Garchomp|spe|1\n|\n|-damage|p2a: Garchomp|82\/100 tox|[from] psn\n|upkeep\n|\n|t:|1701144293\n|switch|p1a: Gliscor|Gliscor, F, shiny|68\/100 tox\n|turn|10\n|\n|t:|1701144299\n|-terastallize|p2a: Garchomp|Dragon\n|-terastallize|p1a: Gliscor|Fairy\n|move|p2a: Garchomp|Scale Shot|p1a: Gliscor\n|-immune|p1a: Gliscor\n|move|p1a: Gliscor|Roost|p1a: Gliscor\n|-heal|p1a: Gliscor|100\/100 tox\n|\n|-damage|p2a: Garchomp|64\/100 tox|[from] psn\n|upkeep\n|turn|11\n|\n|t:|1701144307\n|move|p2a: Garchomp|Earthquake|p1a: Gliscor\n|-damage|p1a: Gliscor|43\/100 tox\n|move|p1a: Gliscor|Knock Off|p2a: Garchomp\n|-damage|p2a: Garchomp|32\/100 tox\n|-damage|p1a: Gliscor|30\/100 tox|[from] ability: Rough Skin|[of] p2a: Garchomp\n|-enditem|p2a: Garchomp|Loaded Dice|[from] move: Knock Off|[of] p1a: Gliscor\n|\n|-damage|p2a: Garchomp|8\/100 tox|[from] psn\n|-heal|p1a: Gliscor|43\/100 tox|[from] ability: Poison Heal\n|upkeep\n|turn|12\n|\n|t:|1701144336\n|move|p2a: Garchomp|Earthquake|p1a: Gliscor\n|-damage|p1a: Gliscor|0 fnt\n|faint|p1a: Gliscor\n|\n|-damage|p2a: Garchomp|0 fnt|[from] psn\n|faint|p2a: Garchomp\n|upkeep\n|\n|t:|1701144348\n|switch|p2a: Sneasler|Sneasler, M|100\/100\n|switch|p1a: Tapu Lele|Tapu Lele|100\/100\n|-fieldstart|move: Psychic Terrain|[from] ability: Psychic Surge|[of] p1a: Tapu Lele\n|turn|13\n|\n|t:|1701144357\n|move|p1a: Tapu Lele|Psychic|p2a: Sneasler\n|-supereffective|p2a: Sneasler\n|-damage|p2a: Sneasler|0 fnt\n|faint|p2a: Sneasler\n|\n|upkeep\n|-message|Jaehyunmylove forfeited.\n|\n|win|Repeater211\n|raw|Repeater211's rating: 1485 &rarr; <strong>1501<\/strong><br \/>(+16 for winning)\n|raw|Jaehyunmylove's rating: 1413 &rarr; <strong>1397<\/strong><br \/>(-16 for losing)\n|l|\u2606Jaehyunmylove\n","uploadtime":1701144368,"views":1,"p1id":"repeater211","p2id":"jaehyunmylove","formatid":"gen9nationaldex","rating":1397,"private":0,"password":""}