{"id":"gen9nationaldex-1999750701","p1":"Ryoko87","p2":"rop4567","format":"[Gen 9] National Dex","log":"|html|<div class=\"broadcast-blue\"><strong>[Gen 9] National Dex is currently suspecting Sneasler! For information on how to participate check out the <a href=\"https:\/\/www.smogon.com\/forums\/threads\/sv-national-dex-suspect-8-just-dance.3731534\/\">suspect thread<\/a>.<\/strong><\/div>\n|j|\u2606Ryoko87\n|j|\u2606rop4567\n|t:|1701113408\n|gametype|singles\n|player|p1|Ryoko87|cheryl|\n|player|p2|rop4567|170|\n|teamsize|p1|6\n|teamsize|p2|6\n|gen|9\n|tier|[Gen 9] National Dex\n|rule|HP Percentage Mod: HP is shown in percentages\n|rule|Endless Battle Clause: Forcing endless battles is banned\n|rule|OHKO Clause: OHKO moves are banned\n|rule|Evasion Clause: Evasion abilities, items, and moves are banned\n|rule|Evasion Abilities Clause: Evasion abilities are banned\n|rule|Evasion Items Clause: Evasion items are banned\n|rule|Evasion Moves Clause: Evasion moves are banned\n|rule|Species Clause: Limit one of each Pok\u00e9mon\n|rule|Sleep Clause Mod: Limit one foe put to sleep\n|clearpoke\n|poke|p1|Shuckle, F|\n|poke|p1|Volcarona, M|\n|poke|p1|Galvantula, M|\n|poke|p1|Durant, F|\n|poke|p1|Vivillon-Pokeball, F|\n|poke|p1|Golisopod, M|\n|poke|p2|Gliscor, M|\n|poke|p2|Hatterene, F|\n|poke|p2|Azumarill, M|\n|poke|p2|Charizard, M|\n|poke|p2|Whimsicott, M|\n|poke|p2|Zapdos|\n|teampreview\n|l|\u2606Ryoko87\n|player|p1|\n|j|\u2606Ryoko87\n|player|p1|Ryoko87|cheryl\n|\n|t:|1701113440\n|start\n|switch|p1a: Metal|Durant, F|100\/100\n|switch|p2a: Zapdos|Zapdos|100\/100\n|turn|1\n|j| xzeav\n|\n|t:|1701113447\n|move|p1a: Metal|Stone Edge|p2a: Zapdos|[miss]\n|-miss|p1a: Metal|p2a: Zapdos\n|move|p2a: Zapdos|Volt Switch|p1a: Metal\n|-damage|p1a: Metal|16\/100\n|l| xzeav\n|\n|t:|1701113456\n|switch|p2a: Charizard|Charizard, M|100\/100|[from] Volt Switch\n|\n|upkeep\n|turn|2\n|c|\u2606Ryoko87|\u05d0\u05e0\u05d9 \u05d7\u05d9\u05d9\u05d1\u05ea \u05dc\u05d4\u05e4\u05e1\u05d9\u05e7 \u05dc\u05d4\u05de\u05e8 \u05e2\u05dd \u05e0\u05de\u05dc\u05d4\n|\n|t:|1701113467\n|detailschange|p2a: Charizard|Charizard-Mega-Y, M\n|-mega|p2a: Charizard|Charizard|Charizardite Y\n|-weather|SunnyDay|[from] ability: Drought|[of] p2a: Charizard\n|move|p1a: Metal|Stone Edge|p2a: Charizard\n|-supereffective|p2a: Charizard\n|-damage|p2a: Charizard|0 fnt\n|faint|p2a: Charizard\n|\n|-weather|SunnyDay|[upkeep]\n|upkeep\n|c|\u2606rop4567|\u05dc\u05d5\u05dc\n|\n|t:|1701113482\n|switch|p2a: Gliscor|Gliscor, M, shiny|100\/100\n|turn|3\n|\n|t:|1701113487\n|-terastallize|p2a: Gliscor|Poison\n|move|p1a: Metal|Iron Head|p2a: Gliscor\n|-damage|p2a: Gliscor|58\/100\n|move|p2a: Gliscor|Swords Dance|p2a: Gliscor\n|-boost|p2a: Gliscor|atk|2\n|\n|-weather|SunnyDay|[upkeep]\n|upkeep\n|turn|4\n|\n|t:|1701113504\n|move|p2a: Gliscor|Protect|p2a: Gliscor\n|-singleturn|p2a: Gliscor|Protect\n|move|p1a: Metal|Iron Head|p2a: Gliscor\n|-activate|p2a: Gliscor|move: Protect\n|\n|-weather|SunnyDay|[upkeep]\n|upkeep\n|turn|5\n|\n|t:|1701113510\n|move|p1a: Metal|Iron Head|p2a: Gliscor\n|-damage|p2a: Gliscor|14\/100\n|move|p2a: Gliscor|Earthquake|p1a: Metal\n|-damage|p1a: Metal|0 fnt\n|faint|p1a: Metal\n|\n|-weather|SunnyDay|[upkeep]\n|upkeep\n|\n|t:|1701113523\n|switch|p1a: Zap|Galvantula, M, shiny|100\/100\n|turn|6\n|\n|t:|1701113527\n|move|p1a: Zap|Volt Switch|p2a: Gliscor\n|-damage|p2a: Gliscor|0 fnt\n|faint|p2a: Gliscor\n|\n|t:|1701113537\n|switch|p1a: Solar|Volcarona, M|100\/100|[from] Volt Switch\n|\n|-weather|none\n|upkeep\n|\n|t:|1701113543\n|switch|p2a: Zapdos|Zapdos|100\/100\n|turn|7\n|\n|t:|1701113553\n|move|p1a: Solar|Quiver Dance|p1a: Solar\n|-boost|p1a: Solar|spa|1\n|-boost|p1a: Solar|spd|1\n|-boost|p1a: Solar|spe|1\n|move|p2a: Zapdos|Hurricane|p1a: Solar\n|-supereffective|p1a: Solar\n|-damage|p1a: Solar|19\/100\n|\n|upkeep\n|turn|8\n|\n|t:|1701113561\n|move|p1a: Solar|Fiery Dance|p2a: Zapdos\n|-damage|p2a: Zapdos|36\/100\n|-boost|p1a: Solar|spa|1\n|move|p2a: Zapdos|Volt Switch|p1a: Solar\n|-crit|p1a: Solar\n|-damage|p1a: Solar|0 fnt\n|faint|p1a: Solar\n|\n|t:|1701113570\n|switch|p2a: Hatterene|Hatterene, F, shiny|100\/100|[from] Volt Switch\n|\n|upkeep\n|\n|t:|1701113576\n|switch|p1a: Samurai|Golisopod, M|100\/100\n|turn|9\n|\n|t:|1701113593\n|move|p1a: Samurai|First Impression|p2a: Hatterene\n|-damage|p2a: Hatterene|47\/100\n|move|p2a: Hatterene|Calm Mind|p2a: Hatterene\n|-boost|p2a: Hatterene|spa|1\n|-boost|p2a: Hatterene|spd|1\n|\n|-heal|p2a: Hatterene|53\/100|[from] item: Leftovers\n|upkeep\n|turn|10\n|\n|t:|1701113603\n|move|p1a: Samurai|Leech Life|p2a: Hatterene\n|-damage|p2a: Hatterene|0 fnt\n|faint|p2a: Hatterene\n|\n|upkeep\n|c|\u2606Ryoko87|\u05dc\u05de\u05d4 \u05e1\u05d8\u05d0\u05e4\n|\n|t:|1701113615\n|switch|p2a: Zapdos|Zapdos|36\/100\n|turn|11\n|c|\u2606Ryoko87|\u05d0\u05ea\u05d4 \u05d9\u05d5\u05d3\u05e2 \u05e9\u05d4\u05d9\u05d0 \u05d0\u05d9\u05d8\u05d9\n|\n|t:|1701113624\n|move|p1a: Samurai|Sucker Punch|p2a: Zapdos\n|-damage|p2a: Zapdos|11\/100\n|-status|p1a: Samurai|par|[from] ability: Static|[of] p2a: Zapdos\n|move|p2a: Zapdos|Hurricane|p1a: Samurai\n|-supereffective|p1a: Samurai\n|-damage|p1a: Samurai|13\/100 par\n|-activate|p1a: Samurai|ability: Emergency Exit\n|\n|t:|1701113633\n|switch|p1a: Zap|Galvantula, M, shiny|100\/100\n|\n|upkeep\n|turn|12\n|\n|t:|1701113638\n|move|p1a: Zap|Volt Switch|p2a: Zapdos\n|-damage|p2a: Zapdos|0 fnt\n|faint|p2a: Zapdos\n|\n|t:|1701113645\n|switch|p1a: Shelly|Shuckle, F, shiny|100\/100|[from] Volt Switch\n|\n|upkeep\n|\n|t:|1701113649\n|switch|p2a: Whimsicott|Whimsicott, M|100\/100\n|turn|13\n|\n|t:|1701113658\n|move|p2a: Whimsicott|Taunt|p1a: Shelly\n|-start|p1a: Shelly|move: Taunt\n|-enditem|p1a: Shelly|Mental Herb\n|-end|p1a: Shelly|move: Taunt\n|move|p1a: Shelly|Toxic|p2a: Whimsicott\n|-status|p2a: Whimsicott|tox\n|\n|-damage|p2a: Whimsicott|94\/100 tox|[from] psn\n|upkeep\n|turn|14\n|\n|t:|1701113671\n|move|p2a: Whimsicott|Taunt|p1a: Shelly\n|-start|p1a: Shelly|move: Taunt\n|cant|p1a: Shelly|move: Taunt|Stealth Rock\n|\n|-damage|p2a: Whimsicott|82\/100 tox|[from] psn\n|upkeep\n|turn|15\n|\n|t:|1701113677\n|switch|p2a: Azumarill|Azumarill, M, shiny|100\/100\n|-activate|p1a: Shelly|move: Struggle\n|move|p1a: Shelly|Struggle|p2a: Azumarill\n|-damage|p2a: Azumarill|99\/100\n|-damage|p1a: Shelly|75\/100|[from] recoil\n|\n|upkeep\n|turn|16\n|\n|t:|1701113691\n|switch|p1a: Pollen|Vivillon-Pokeball, F|100\/100\n|move|p2a: Azumarill|Belly Drum|p2a: Azumarill\n|-damage|p2a: Azumarill|49\/100\n|-setboost|p2a: Azumarill|atk|6|[from] move: Belly Drum\n|\n|upkeep\n|turn|17\n|\n|t:|1701113698\n|move|p2a: Azumarill|Aqua Jet|p1a: Pollen\n|-damage|p1a: Pollen|0 fnt\n|faint|p1a: Pollen\n|\n|upkeep\n|\n|t:|1701113705\n|switch|p1a: Samurai|Golisopod, M|13\/100 par\n|turn|18\n|\n|t:|1701113713\n|-terastallize|p1a: Samurai|Bug\n|move|p1a: Samurai|First Impression|p2a: Azumarill\n|-resisted|p2a: Azumarill\n|-damage|p2a: Azumarill|14\/100\n|move|p2a: Azumarill|Aqua Jet|p1a: Samurai\n|-damage|p1a: Samurai|0 fnt\n|faint|p1a: Samurai\n|\n|upkeep\n|\n|t:|1701113718\n|switch|p1a: Zap|Galvantula, M, shiny|100\/100\n|turn|19\n|\n|t:|1701113724\n|move|p2a: Azumarill|Aqua Jet|p1a: Zap\n|-damage|p1a: Zap|0 fnt\n|faint|p1a: Zap\n|\n|upkeep\n|\n|t:|1701113727\n|switch|p1a: Shelly|Shuckle, F, shiny|75\/100\n|turn|20\n|\n|t:|1701113731\n|-zpower|p2a: Azumarill\n|move|p2a: Azumarill|Z-Belly Drum||[anim]Belly Drum|[still]\n|-heal|p2a: Azumarill|100\/100|[zeffect]\n|-fail|p2a: Azumarill\n|move|p1a: Shelly|Toxic|p2a: Azumarill\n|-status|p2a: Azumarill|tox\n|\n|-damage|p2a: Azumarill|94\/100 tox|[from] psn\n|upkeep\n|turn|21\n|\n|t:|1701113741\n|move|p2a: Azumarill|Aqua Jet|p1a: Shelly\n|-supereffective|p1a: Shelly\n|-damage|p1a: Shelly|0 fnt\n|faint|p1a: Shelly\n|\n|win|rop4567\n|l|\u2606Ryoko87\n|j| Lightning emolga\n","uploadtime":1701115968,"views":13,"p1id":"ryoko87","p2id":"rop4567","formatid":"gen9nationaldex","rating":0,"private":0,"password":""}