{"id":"gen9nationaldex-1999761123","p1":"Thebeefgamer","p2":"noeatingmepls","format":"[Gen 9] National Dex","log":"|html|<div class=\"broadcast-blue\"><strong>[Gen 9] National Dex is currently suspecting Sneasler! For information on how to participate check out the <a href=\"https:\/\/www.smogon.com\/forums\/threads\/sv-national-dex-suspect-8-just-dance.3731534\/\">suspect thread<\/a>.<\/strong><\/div>\n|j|\u2606Thebeefgamer\n|j|\u2606noeatingmepls\n|t:|1701114307\n|gametype|singles\n|player|p1|Thebeefgamer|101|1164\n|player|p2|noeatingmepls|102|1236\n|teamsize|p1|6\n|teamsize|p2|6\n|gen|9\n|tier|[Gen 9] National Dex\n|rated|\n|rule|HP Percentage Mod: HP is shown in percentages\n|rule|Endless Battle Clause: Forcing endless battles is banned\n|rule|OHKO Clause: OHKO moves are banned\n|rule|Evasion Clause: Evasion abilities, items, and moves are banned\n|rule|Evasion Abilities Clause: Evasion abilities are banned\n|rule|Evasion Items Clause: Evasion items are banned\n|rule|Evasion Moves Clause: Evasion moves are banned\n|rule|Species Clause: Limit one of each Pok\u00e9mon\n|rule|Sleep Clause Mod: Limit one foe put to sleep\n|clearpoke\n|poke|p1|Pinsir, M|\n|poke|p1|Garganacl, M|\n|poke|p1|Sylveon, M|\n|poke|p1|Lokix, F|\n|poke|p1|Forretress, M|\n|poke|p1|Kleavor, M|\n|poke|p2|Garchomp, M|\n|poke|p2|Toxapex, M|\n|poke|p2|Ferrothorn, F|\n|poke|p2|Heatran, M|\n|poke|p2|Toedscruel, F|\n|poke|p2|Lopunny, M|\n|teampreview\n|inactive|Battle timer is ON: inactive players will automatically lose when time's up. (requested by Thebeefgamer)\n|inactive|noeatingmepls has 120 seconds left.\n|\n|t:|1701114352\n|start\n|switch|p1a: sir bugsly III|Forretress, M|100\/100\n|switch|p2a: Lopunny|Lopunny, M|100\/100\n|turn|1\n|\n|t:|1701114358\n|detailschange|p2a: Lopunny|Lopunny-Mega, M\n|-mega|p2a: Lopunny|Lopunny|Lopunnite\n|move|p2a: Lopunny|Fake Out|p1a: sir bugsly III\n|-resisted|p1a: sir bugsly III\n|-damage|p1a: sir bugsly III|92\/100\n|cant|p1a: sir bugsly III|flinch\n|\n|-heal|p1a: sir bugsly III|98\/100|[from] item: Leftovers\n|upkeep\n|turn|2\n|\n|t:|1701114364\n|move|p2a: Lopunny|Fake Out||[still]\n|-hint|Fake Out only works on your first turn out.\n|-fail|p2a: Lopunny\n|move|p1a: sir bugsly III|Toxic Spikes|p2a: Lopunny\n|-sidestart|p2: noeatingmepls|move: Toxic Spikes\n|\n|-heal|p1a: sir bugsly III|100\/100|[from] item: Leftovers\n|upkeep\n|turn|3\n|\n|t:|1701114368\n|move|p2a: Lopunny|U-turn|p1a: sir bugsly III\n|-resisted|p1a: sir bugsly III\n|-damage|p1a: sir bugsly III|91\/100\n|\n|t:|1701114371\n|switch|p2a: Toedscruel|Toedscruel, F|100\/100|[from] U-turn\n|move|p1a: sir bugsly III|Toxic Spikes|p2a: Toedscruel\n|-sidestart|p2: noeatingmepls|move: Toxic Spikes\n|\n|-heal|p1a: sir bugsly III|97\/100|[from] item: Leftovers\n|upkeep\n|turn|4\n|\n|t:|1701114378\n|move|p2a: Toedscruel|Knock Off|p1a: sir bugsly III\n|-damage|p1a: sir bugsly III|86\/100\n|-enditem|p1a: sir bugsly III|Leftovers|[from] move: Knock Off|[of] p2a: Toedscruel\n|move|p1a: sir bugsly III|Stealth Rock|p2a: Toedscruel\n|-sidestart|p2: noeatingmepls|move: Stealth Rock\n|\n|upkeep\n|turn|5\n|\n|t:|1701114382\n|move|p2a: Toedscruel|Rapid Spin|p1a: sir bugsly III\n|-resisted|p1a: sir bugsly III\n|-damage|p1a: sir bugsly III|83\/100\n|-boost|p2a: Toedscruel|spe|1\n|-sideend|p2: noeatingmepls|Toxic Spikes|[from] move: Rapid Spin|[of] p2a: Toedscruel\n|-sideend|p2: noeatingmepls|Stealth Rock|[from] move: Rapid Spin|[of] p2a: Toedscruel\n|move|p1a: sir bugsly III|Spikes|p2a: Toedscruel\n|-sidestart|p2: noeatingmepls|Spikes\n|\n|upkeep\n|turn|6\n|\n|t:|1701114389\n|switch|p1a: sir bugsly II|Lokix, F, shiny|100\/100\n|move|p2a: Toedscruel|Spore|p1a: sir bugsly II\n|-status|p1a: sir bugsly II|slp|[from] move: Spore\n|\n|upkeep\n|turn|7\n|\n|t:|1701114394\n|move|p2a: Toedscruel|Knock Off|p1a: sir bugsly II\n|-resisted|p1a: sir bugsly II\n|-damage|p1a: sir bugsly II|90\/100 slp\n|-enditem|p1a: sir bugsly II|Choice Band|[from] move: Knock Off|[of] p2a: Toedscruel\n|cant|p1a: sir bugsly II|slp\n|\n|upkeep\n|turn|8\n|\n|t:|1701114406\n|switch|p2a: Heatran|Heatran, M|100\/100\n|-damage|p2a: Heatran|88\/100|[from] Spikes\n|cant|p1a: sir bugsly II|slp\n|\n|-heal|p2a: Heatran|94\/100|[from] item: Leftovers\n|upkeep\n|turn|9\n|\n|t:|1701114410\n|cant|p1a: sir bugsly II|slp\n|move|p2a: Heatran|Magma Storm|p1a: sir bugsly II|[miss]\n|-miss|p2a: Heatran|p1a: sir bugsly II\n|\n|-heal|p2a: Heatran|100\/100|[from] item: Leftovers\n|upkeep\n|turn|10\n|\n|t:|1701114421\n|switch|p2a: Toxapex|Toxapex, M|100\/100\n|-curestatus|p1a: sir bugsly II|slp|[msg]\n|move|p1a: sir bugsly II|U-turn|p2a: Toxapex\n|-resisted|p2a: Toxapex\n|-crit|p2a: Toxapex\n|-damage|p2a: Toxapex|59\/100\n|\n|t:|1701114423\n|switch|p1a: pepper|Garganacl, M|100\/100|[from] U-turn\n|\n|upkeep\n|turn|11\n|\n|t:|1701114431\n|move|p2a: Toxapex|Toxic|p1a: pepper\n|-immune|p1a: pepper|[from] ability: Purifying Salt\n|move|p1a: pepper|Iron Defense|p1a: pepper\n|-boost|p1a: pepper|def|2\n|\n|upkeep\n|turn|12\n|inactive|noeatingmepls has 120 seconds left.\n|\n|t:|1701114465\n|move|p2a: Toxapex|Haze|p2a: Toxapex\n|-clearallboost\n|move|p1a: pepper|Iron Defense|p1a: pepper\n|-boost|p1a: pepper|def|2\n|\n|upkeep\n|turn|13\n|\n|t:|1701114473\n|move|p1a: pepper|Salt Cure|p2a: Toxapex\n|-damage|p2a: Toxapex|48\/100\n|-start|p2a: Toxapex|Salt Cure\n|move|p2a: Toxapex|Haze|p2a: Toxapex\n|-clearallboost\n|\n|-damage|p2a: Toxapex|23\/100|[from] Salt Cure\n|upkeep\n|turn|14\n|\n|t:|1701114476\n|switch|p2a: Heatran|Heatran, M|100\/100\n|-damage|p2a: Heatran|88\/100|[from] Spikes\n|move|p1a: pepper|Iron Defense|p1a: pepper\n|-boost|p1a: pepper|def|2\n|\n|-heal|p2a: Heatran|94\/100|[from] item: Leftovers\n|upkeep\n|turn|15\n|\n|t:|1701114492\n|-terastallize|p2a: Heatran|Grass\n|move|p2a: Heatran|Magma Storm|p1a: pepper\n|-resisted|p1a: pepper\n|-damage|p1a: pepper|81\/100\n|-activate|p1a: pepper|move: Magma Storm|[of] p2a: Heatran\n|move|p1a: pepper|Salt Cure|p2a: Heatran\n|-crit|p2a: Heatran\n|-damage|p2a: Heatran|73\/100\n|-start|p2a: Heatran|Salt Cure\n|\n|-heal|p2a: Heatran|79\/100|[from] item: Leftovers\n|-heal|p1a: pepper|87\/100|[from] item: Leftovers\n|-damage|p2a: Heatran|67\/100|[from] Salt Cure\n|-damage|p1a: pepper|75\/100|[from] move: Magma Storm|[partiallytrapped]\n|upkeep\n|turn|16\n|\n|t:|1701114503\n|move|p2a: Heatran|Tera Blast|p1a: pepper|[anim] Tera Blast Grass\n|-supereffective|p1a: pepper\n|-damage|p1a: pepper|12\/100\n|move|p1a: pepper|Recover|p1a: pepper\n|-heal|p1a: pepper|62\/100\n|\n|-heal|p2a: Heatran|73\/100|[from] item: Leftovers\n|-heal|p1a: pepper|68\/100|[from] item: Leftovers\n|-damage|p2a: Heatran|61\/100|[from] Salt Cure\n|-damage|p1a: pepper|56\/100|[from] move: Magma Storm|[partiallytrapped]\n|upkeep\n|turn|17\n|\n|t:|1701114507\n|move|p2a: Heatran|Tera Blast|p1a: pepper|[anim] Tera Blast Grass\n|-supereffective|p1a: pepper\n|-damage|p1a: pepper|0 fnt\n|faint|p1a: pepper\n|\n|-heal|p2a: Heatran|67\/100|[from] item: Leftovers\n|-damage|p2a: Heatran|54\/100|[from] Salt Cure\n|upkeep\n|\n|t:|1701114511\n|switch|p1a: sir bugsly II|Lokix, F, shiny|90\/100\n|turn|18\n|\n|t:|1701114529\n|switch|p2a: Ferrothorn|Ferrothorn, F|100\/100\n|-damage|p2a: Ferrothorn|88\/100|[from] Spikes\n|move|p1a: sir bugsly II|U-turn|p2a: Ferrothorn\n|-damage|p2a: Ferrothorn|66\/100\n|-damage|p1a: sir bugsly II|78\/100|[from] ability: Iron Barbs|[of] p2a: Ferrothorn\n|\n|t:|1701114535\n|switch|p1a: sir bugsly IV|Kleavor, M|100\/100|[from] U-turn\n|\n|-heal|p2a: Ferrothorn|73\/100|[from] item: Leftovers\n|upkeep\n|turn|19\n|\n|t:|1701114557\n|switch|p2a: Toedscruel|Toedscruel, F|100\/100\n|move|p1a: sir bugsly IV|Close Combat|p2a: Toedscruel\n|-crit|p2a: Toedscruel\n|-damage|p2a: Toedscruel|47\/100\n|-unboost|p1a: sir bugsly IV|def|1\n|-unboost|p1a: sir bugsly IV|spd|1\n|\n|upkeep\n|turn|20\n|\n|t:|1701114565\n|switch|p1a: sir bugsly III|Forretress, M|83\/100\n|move|p2a: Toedscruel|Rapid Spin|p1a: sir bugsly III\n|-resisted|p1a: sir bugsly III\n|-damage|p1a: sir bugsly III|81\/100\n|-boost|p2a: Toedscruel|spe|1\n|-sideend|p2: noeatingmepls|Spikes|[from] move: Rapid Spin|[of] p2a: Toedscruel\n|\n|upkeep\n|turn|21\n|\n|t:|1701114571\n|move|p1a: sir bugsly III|Toxic Spikes|p2a: Toedscruel\n|-sidestart|p2: noeatingmepls|move: Toxic Spikes\n|move|p2a: Toedscruel|Spore|p1a: sir bugsly III\n|-status|p1a: sir bugsly III|slp|[from] move: Spore\n|\n|upkeep\n|turn|22\n|\n|t:|1701114576\n|switch|p2a: Ferrothorn|Ferrothorn, F|73\/100\n|switch|p1a: sir bugsly|Pinsir, M, shiny|100\/100\n|\n|-heal|p2a: Ferrothorn|79\/100|[from] item: Leftovers\n|upkeep\n|turn|23\n|\n|t:|1701114583\n|detailschange|p1a: sir bugsly|Pinsir-Mega, M, shiny\n|-mega|p1a: sir bugsly|Pinsir|Pinsirite\n|move|p1a: sir bugsly|Swords Dance|p1a: sir bugsly\n|-boost|p1a: sir bugsly|atk|2\n|move|p2a: Ferrothorn|Stealth Rock|p1a: sir bugsly\n|-sidestart|p1: Thebeefgamer|move: Stealth Rock\n|\n|-heal|p2a: Ferrothorn|85\/100|[from] item: Leftovers\n|upkeep\n|turn|24\n|\n|t:|1701114588\n|move|p1a: sir bugsly|Knock Off|p2a: Ferrothorn\n|-damage|p2a: Ferrothorn|34\/100\n|-damage|p1a: sir bugsly|88\/100|[from] ability: Iron Barbs|[of] p2a: Ferrothorn\n|-enditem|p2a: Ferrothorn|Leftovers|[from] move: Knock Off|[of] p1a: sir bugsly\n|move|p2a: Ferrothorn|Leech Seed|p1a: sir bugsly\n|-start|p1a: sir bugsly|move: Leech Seed\n|\n|-damage|p1a: sir bugsly|75\/100|[from] Leech Seed|[of] p2a: Ferrothorn\n|-heal|p2a: Ferrothorn|44\/100|[silent]\n|upkeep\n|turn|25\n|\n|t:|1701114599\n|move|p1a: sir bugsly|Frustration|p2a: Ferrothorn\n|-damage|p2a: Ferrothorn|0 fnt\n|-damage|p1a: sir bugsly|63\/100|[from] ability: Iron Barbs|[of] p2a: Ferrothorn\n|faint|p2a: Ferrothorn\n|\n|upkeep\n|\n|t:|1701114606\n|switch|p2a: Toxapex|Toxapex, M|56\/100\n|-sideend|p2: noeatingmepls|move: Toxic Spikes|[of] p2a: Toxapex\n|turn|26\n|\n|t:|1701114612\n|move|p1a: sir bugsly|Frustration|p2a: Toxapex\n|-damage|p2a: Toxapex|0 fnt\n|faint|p2a: Toxapex\n|\n|upkeep\n|\n|t:|1701114616\n|switch|p2a: Lopunny|Lopunny-Mega, M|100\/100\n|turn|27\n|\n|t:|1701114619\n|move|p2a: Lopunny|Fake Out|p1a: sir bugsly\n|-damage|p1a: sir bugsly|34\/100\n|cant|p1a: sir bugsly|flinch\n|\n|-damage|p1a: sir bugsly|22\/100|[from] Leech Seed|[of] p2a: Lopunny\n|upkeep\n|turn|28\n|\n|t:|1701114623\n|move|p1a: sir bugsly|Quick Attack|p2a: Lopunny\n|-supereffective|p2a: Lopunny\n|-damage|p2a: Lopunny|0 fnt\n|faint|p2a: Lopunny\n|\n|upkeep\n|\n|t:|1701114631\n|switch|p2a: Garchomp|Garchomp, M|100\/100\n|turn|29\n|\n|t:|1701114637\n|switch|p2a: Toedscruel|Toedscruel, F|47\/100\n|move|p1a: sir bugsly|Frustration|p2a: Toedscruel\n|-supereffective|p2a: Toedscruel\n|-damage|p2a: Toedscruel|0 fnt\n|faint|p2a: Toedscruel\n|\n|upkeep\n|\n|t:|1701114642\n|switch|p2a: Heatran|Heatran, M, tera:Grass|54\/100\n|turn|30\n|\n|t:|1701114645\n|move|p1a: sir bugsly|Quick Attack|p2a: Heatran\n|-supereffective|p2a: Heatran\n|-damage|p2a: Heatran|0 fnt\n|faint|p2a: Heatran\n|\n|upkeep\n|\n|t:|1701114649\n|switch|p2a: Garchomp|Garchomp, M|100\/100\n|turn|31\n|\n|t:|1701114657\n|move|p1a: sir bugsly|Frustration|p2a: Garchomp\n|-damage|p2a: Garchomp|0 fnt\n|-damage|p1a: sir bugsly|9\/100|[from] ability: Rough Skin|[of] p2a: Garchomp\n|faint|p2a: Garchomp\n|\n|win|Thebeefgamer\n|raw|Thebeefgamer's rating: 1164 &rarr; <strong>1194<\/strong><br \/>(+30 for winning)\n|raw|noeatingmepls's rating: 1236 &rarr; <strong>1206<\/strong><br \/>(-30 for losing)\n","uploadtime":1701114662,"views":3,"p1id":"thebeefgamer","p2id":"noeatingmepls","formatid":"gen9nationaldex","rating":1194,"private":0,"password":""}