{"id":"gen9nationaldex-1996600959","p1":"ReDread47","p2":"Champion GamerGuy","format":"[Gen 9] National Dex","log":"|html|<div class=\"broadcast-blue\"><strong>[Gen 9] National Dex is currently suspecting Sneasler! For information on how to participate check out the <a href=\"https:\/\/www.smogon.com\/forums\/threads\/sv-national-dex-suspect-8-just-dance.3731534\/\">suspect thread<\/a>.<\/strong><\/div>\n|j|\u2606ReDread47\n|j|\u2606Champion GamerGuy\n|t:|1700699169\n|gametype|singles\n|player|p1|ReDread47|266|1329\n|player|p2|Champion GamerGuy|aaron|1363\n|teamsize|p1|6\n|teamsize|p2|6\n|gen|9\n|tier|[Gen 9] National Dex\n|rated|\n|rule|HP Percentage Mod: HP is shown in percentages\n|rule|Endless Battle Clause: Forcing endless battles is banned\n|rule|OHKO Clause: OHKO moves are banned\n|rule|Evasion Clause: Evasion abilities, items, and moves are banned\n|rule|Evasion Abilities Clause: Evasion abilities are banned\n|rule|Evasion Items Clause: Evasion items are banned\n|rule|Evasion Moves Clause: Evasion moves are banned\n|rule|Species Clause: Limit one of each Pok\u00e9mon\n|rule|Sleep Clause Mod: Limit one foe put to sleep\n|clearpoke\n|poke|p1|Indeedee-F, F|\n|poke|p1|Armarouge, F|\n|poke|p1|Polteageist-Antique|\n|poke|p1|Hatterene, F|\n|poke|p1|Beedrill, F|\n|poke|p1|Great Tusk|\n|poke|p2|Pelipper, M|\n|poke|p2|Swampert, M|\n|poke|p2|Zapdos|\n|poke|p2|Urshifu-*, F|\n|poke|p2|Ogerpon-Wellspring, F|\n|poke|p2|Ferrothorn, F|\n|teampreview\n|inactive|Battle timer is ON: inactive players will automatically lose when time's up. (requested by Champion GamerGuy)\n|\n|t:|1700699183\n|start\n|switch|p1a: Indeedee|Indeedee-F, F|100\/100\n|switch|p2a: Pelipper|Pelipper, M|100\/100\n|-fieldstart|move: Psychic Terrain|[from] ability: Psychic Surge|[of] p1a: Indeedee\n|-weather|RainDance|[from] ability: Drizzle|[of] p2a: Pelipper\n|turn|1\n|c|\u2606Champion GamerGuy|theres no way\n|c|\u2606Champion GamerGuy|ur using trick room???\n|c|\u2606ReDread47|?\n|c|\u2606ReDread47|no\n|\n|t:|1700699207\n|switch|p1a: Hatterene|Hatterene, F|100\/100\n|move|p2a: Pelipper|U-turn|p1a: Hatterene\n|-damage|p1a: Hatterene|94\/100\n|\n|t:|1700699212\n|switch|p2a: Ogerpon|Ogerpon-Wellspring, F|100\/100|[from] U-turn\n|\n|-weather|RainDance|[upkeep]\n|-heal|p1a: Hatterene|99\/100|[from] item: Leftovers\n|upkeep\n|turn|2\n|\n|t:|1700699222\n|move|p2a: Ogerpon|Swords Dance|p2a: Ogerpon\n|-boost|p2a: Ogerpon|atk|2\n|move|p1a: Hatterene|Calm Mind|p1a: Hatterene\n|-boost|p1a: Hatterene|spa|1\n|-boost|p1a: Hatterene|spd|1\n|\n|-weather|RainDance|[upkeep]\n|-heal|p1a: Hatterene|100\/100|[from] item: Leftovers\n|upkeep\n|turn|3\n|\n|t:|1700699232\n|move|p2a: Ogerpon|Ivy Cudgel|p1a: Hatterene|[anim] Ivy Cudgel Water\n|-crit|p1a: Hatterene\n|-damage|p1a: Hatterene|0 fnt\n|faint|p1a: Hatterene\n|\n|-weather|RainDance|[upkeep]\n|upkeep\n|\n|t:|1700699238\n|switch|p1a: Polteageist|Polteageist-Antique|100\/100\n|turn|4\n|c|\u2606Champion GamerGuy|ur team is shit againt ogerpon\n|\n|t:|1700699253\n|move|p2a: Ogerpon|Trailblaze|p1a: Polteageist\n|-enditem|p1a: Polteageist|Focus Sash\n|-damage|p1a: Polteageist|1\/100\n|-boost|p2a: Ogerpon|spe|1\n|-ability|p1a: Polteageist|Weak Armor|boost\n|-unboost|p1a: Polteageist|def|1\n|-boost|p1a: Polteageist|spe|2\n|move|p1a: Polteageist|Shell Smash|p1a: Polteageist\n|-unboost|p1a: Polteageist|def|1\n|-unboost|p1a: Polteageist|spd|1\n|-boost|p1a: Polteageist|atk|2\n|-boost|p1a: Polteageist|spa|2\n|-boost|p1a: Polteageist|spe|2\n|\n|-weather|RainDance|[upkeep]\n|upkeep\n|turn|5\n|c|\u2606ReDread47|probably\n|\n|t:|1700699268\n|-terastallize|p2a: Ogerpon|Water\n|detailschange|p2a: Ogerpon|Ogerpon-Wellspring-Tera, F, tera:Water\n|-ability|p2a: Ogerpon|Embody Aspect (Wellspring)|boost\n|-boost|p2a: Ogerpon|spd|1\n|move|p1a: Polteageist|Stored Power|p2a: Ogerpon\n|-damage|p2a: Ogerpon|0 fnt\n|faint|p2a: Ogerpon\n|\n|-weather|RainDance|[upkeep]\n|upkeep\n|c|\u2606ReDread47|:)\n|\n|t:|1700699277\n|switch|p2a: Urshifu|Urshifu-Rapid-Strike, F|100\/100\n|turn|6\n|\n|t:|1700699283\n|move|p2a: Urshifu|Aqua Jet|p1a: Polteageist\n|-activate|p1a: Polteageist|move: Psychic Terrain\n|move|p1a: Polteageist|Stored Power|p2a: Urshifu\n|-supereffective|p2a: Urshifu\n|-damage|p2a: Urshifu|0 fnt\n|faint|p2a: Urshifu\n|\n|-weather|RainDance|[upkeep]\n|upkeep\n|c|\u2606Champion GamerGuy|i beat u\n|c|\u2606Champion GamerGuy|oh shit\n|c|\u2606Champion GamerGuy|i forgot\n|\n|t:|1700699293\n|switch|p2a: Ferrothorn|Ferrothorn, F|100\/100\n|turn|7\n|\n|t:|1700699302\n|-terastallize|p1a: Polteageist|Fighting\n|move|p1a: Polteageist|Tera Blast|p2a: Ferrothorn|[anim] Tera Blast Fighting\n|-supereffective|p2a: Ferrothorn\n|-damage|p2a: Ferrothorn|0 fnt\n|faint|p2a: Ferrothorn\n|\n|-weather|RainDance|[upkeep]\n|upkeep\n|-message|Champion GamerGuy forfeited.\n|\n|win|ReDread47\n|raw|ReDread47's rating: 1329 &rarr; <strong>1351<\/strong><br \/>(+22 for winning)\n|raw|Champion GamerGuy's rating: 1363 &rarr; <strong>1341<\/strong><br \/>(-22 for losing)\n|l|\u2606Champion GamerGuy\n","uploadtime":1700699331,"views":8,"p1id":"redread47","p2id":"championgamerguy","formatid":"gen9nationaldex","rating":1341,"private":0,"password":""}