{"id":"gen9nationaldex-1998036708","p1":"xcsnx","p2":"treeshhhh","format":"[Gen 9] National Dex","log":"|html|<div class=\"broadcast-blue\"><strong>[Gen 9] National Dex is currently suspecting Sneasler! For information on how to participate check out the <a href=\"https:\/\/www.smogon.com\/forums\/threads\/sv-national-dex-suspect-8-just-dance.3731534\/\">suspect thread<\/a>.<\/strong><\/div>\n|j|\u2606xcsnx\n|j|\u2606treeshhhh\n|t:|1700881978\n|gametype|singles\n|player|p1|xcsnx|cynthia-gen4|1319\n|player|p2|treeshhhh|lucas|1323\n|teamsize|p1|6\n|teamsize|p2|6\n|gen|9\n|tier|[Gen 9] National Dex\n|rated|\n|rule|HP Percentage Mod: HP is shown in percentages\n|rule|Endless Battle Clause: Forcing endless battles is banned\n|rule|OHKO Clause: OHKO moves are banned\n|rule|Evasion Clause: Evasion abilities, items, and moves are banned\n|rule|Evasion Abilities Clause: Evasion abilities are banned\n|rule|Evasion Items Clause: Evasion items are banned\n|rule|Evasion Moves Clause: Evasion moves are banned\n|rule|Species Clause: Limit one of each Pok\u00e9mon\n|rule|Sleep Clause Mod: Limit one foe put to sleep\n|clearpoke\n|poke|p1|Aegislash, M|\n|poke|p1|Alomomola, F|\n|poke|p1|Landorus-Therian, M|\n|poke|p1|Diancie|\n|poke|p1|Urshifu-*, F|\n|poke|p1|Heatran, M|\n|poke|p2|Steelix, F|\n|poke|p2|Tyranitar, M|\n|poke|p2|Rillaboom, M|\n|poke|p2|Sneasler, M|\n|poke|p2|Rotom-Wash|\n|poke|p2|Kartana|\n|teampreview\n|inactive|Battle timer is ON: inactive players will automatically lose when time's up. (requested by xcsnx)\n|\n|t:|1700881990\n|start\n|switch|p1a: Landorus|Landorus-Therian, M|100\/100\n|switch|p2a: Rotom|Rotom-Wash|100\/100\n|-ability|p1a: Landorus|Intimidate|boost\n|-unboost|p2a: Rotom|atk|1\n|turn|1\n|\n|t:|1700882007\n|move|p1a: Landorus|U-turn|p2a: Rotom\n|-damage|p2a: Rotom|77\/100\n|\n|t:|1700882009\n|switch|p1a: Aegislash|Aegislash, M, shiny|100\/100|[from] U-turn\n|move|p2a: Rotom|Thunder Wave|p1a: Aegislash\n|-status|p1a: Aegislash|par\n|\n|upkeep\n|turn|2\n|\n|t:|1700882027\n|move|p2a: Rotom|Volt Switch|p1a: Aegislash\n|-damage|p1a: Aegislash|82\/100 par\n|\n|t:|1700882030\n|switch|p2a: Tyranitar|Tyranitar, M|100\/100|[from] Volt Switch\n|-weather|Sandstorm|[from] ability: Sand Stream|[of] p2a: Tyranitar\n|move|p1a: Aegislash|Swords Dance|p1a: Aegislash\n|-boost|p1a: Aegislash|atk|2\n|\n|-weather|Sandstorm|[upkeep]\n|-heal|p1a: Aegislash|88\/100 par|[from] item: Leftovers\n|upkeep\n|turn|3\n|\n|t:|1700882045\n|move|p2a: Tyranitar|Knock Off|p1a: Aegislash\n|-supereffective|p1a: Aegislash\n|-damage|p1a: Aegislash|7\/100 par\n|-enditem|p1a: Aegislash|Leftovers|[from] move: Knock Off|[of] p2a: Tyranitar\n|cant|p1a: Aegislash|par\n|\n|-weather|Sandstorm|[upkeep]\n|upkeep\n|turn|4\n|\n|t:|1700882055\n|-formechange|p1a: Aegislash|Aegislash-Blade||[from] ability: Stance Change\n|move|p1a: Aegislash|Shadow Sneak|p2a: Tyranitar\n|-resisted|p2a: Tyranitar\n|-damage|p2a: Tyranitar|81\/100\n|move|p2a: Tyranitar|Knock Off|p1a: Aegislash\n|-supereffective|p1a: Aegislash\n|-damage|p1a: Aegislash|0 fnt\n|faint|p1a: Aegislash\n|\n|-weather|Sandstorm|[upkeep]\n|upkeep\n|\n|t:|1700882068\n|switch|p1a: Landorus|Landorus-Therian, M|100\/100\n|-ability|p1a: Landorus|Intimidate|boost\n|-unboost|p2a: Tyranitar|atk|1\n|turn|5\n|\n|t:|1700882072\n|switch|p2a: Rotom|Rotom-Wash|77\/100\n|move|p1a: Landorus|U-turn|p2a: Rotom\n|-damage|p2a: Rotom|54\/100\n|\n|t:|1700882078\n|switch|p1a: Urshifu|Urshifu-Rapid-Strike, F|100\/100|[from] U-turn\n|\n|-weather|Sandstorm|[upkeep]\n|-damage|p1a: Urshifu|94\/100|[from] Sandstorm\n|-damage|p2a: Rotom|48\/100|[from] Sandstorm\n|upkeep\n|turn|6\n|\n|t:|1700882085\n|move|p1a: Urshifu|Close Combat|p2a: Rotom\n|-damage|p2a: Rotom|0 fnt\n|-unboost|p1a: Urshifu|def|1\n|-unboost|p1a: Urshifu|spd|1\n|faint|p2a: Rotom\n|\n|-weather|none\n|upkeep\n|\n|t:|1700882089\n|switch|p2a: Rillaboom|Rillaboom, M|100\/100\n|-fieldstart|move: Grassy Terrain|[from] ability: Grassy Surge|[of] p2a: Rillaboom\n|turn|7\n|\n|t:|1700882095\n|switch|p1a: Landorus|Landorus-Therian, M|100\/100\n|-ability|p1a: Landorus|Intimidate|boost\n|-unboost|p2a: Rillaboom|atk|1\n|move|p2a: Rillaboom|U-turn|p1a: Landorus\n|-resisted|p1a: Landorus\n|-damage|p1a: Landorus|85\/100\n|\n|t:|1700882101\n|switch|p2a: yink|Steelix, F|100\/100|[from] U-turn\n|\n|upkeep\n|turn|8\n|\n|t:|1700882111\n|detailschange|p2a: yink|Steelix-Mega, F\n|-mega|p2a: yink|Steelix|Steelixite\n|move|p1a: Landorus|U-turn|p2a: yink\n|-resisted|p2a: yink\n|-damage|p2a: yink|93\/100\n|\n|t:|1700882121\n|switch|p1a: Urshifu|Urshifu-Rapid-Strike, F|94\/100|[from] U-turn\n|move|p2a: yink|Iron Defense|p2a: yink\n|-boost|p2a: yink|def|2\n|\n|-heal|p1a: Urshifu|100\/100|[from] Grassy Terrain\n|-heal|p2a: yink|99\/100|[from] Grassy Terrain\n|upkeep\n|turn|9\n|\n|t:|1700882129\n|-terastallize|p1a: Urshifu|Water\n|move|p1a: Urshifu|Surging Strikes|p2a: yink\n|-supereffective|p2a: yink\n|-crit|p2a: yink\n|-damage|p2a: yink|62\/100\n|-supereffective|p2a: yink\n|-crit|p2a: yink\n|-damage|p2a: yink|25\/100\n|-supereffective|p2a: yink\n|-crit|p2a: yink\n|-damage|p2a: yink|0 fnt\n|faint|p2a: yink\n|-hitcount|p2: yink|3\n|\n|upkeep\n|\n|t:|1700882135\n|switch|p2a: Rillaboom|Rillaboom, M|100\/100\n|turn|10\n|\n|t:|1700882145\n|switch|p1a: Landorus|Landorus-Therian, M|85\/100\n|-ability|p1a: Landorus|Intimidate|boost\n|-unboost|p2a: Rillaboom|atk|1\n|move|p2a: Rillaboom|U-turn|p1a: Landorus\n|-resisted|p1a: Landorus\n|-damage|p1a: Landorus|69\/100\n|\n|t:|1700882152\n|switch|p2a: Tyranitar|Tyranitar, M|81\/100|[from] U-turn\n|-weather|Sandstorm|[from] ability: Sand Stream|[of] p2a: Tyranitar\n|\n|-weather|Sandstorm|[upkeep]\n|-heal|p2a: Tyranitar|88\/100|[from] Grassy Terrain\n|upkeep\n|turn|11\n|\n|t:|1700882160\n|move|p1a: Landorus|U-turn|p2a: Tyranitar\n|-supereffective|p2a: Tyranitar\n|-damage|p2a: Tyranitar|41\/100\n|\n|t:|1700882164\n|switch|p1a: Alomomola|Alomomola, F|100\/100|[from] U-turn\n|move|p2a: Tyranitar|Knock Off|p1a: Alomomola\n|-damage|p1a: Alomomola|71\/100\n|-enditem|p1a: Alomomola|Heavy-Duty Boots|[from] move: Knock Off|[of] p2a: Tyranitar\n|\n|-weather|Sandstorm|[upkeep]\n|-damage|p1a: Alomomola|65\/100|[from] Sandstorm\n|-heal|p2a: Tyranitar|47\/100|[from] Grassy Terrain\n|-heal|p1a: Alomomola|71\/100|[from] Grassy Terrain\n|-fieldend|move: Grassy Terrain\n|upkeep\n|turn|12\n|\n|t:|1700882183\n|move|p2a: Tyranitar|Rock Blast|p1a: Alomomola|[miss]\n|-miss|p2a: Tyranitar|p1a: Alomomola\n|move|p1a: Alomomola|Flip Turn|p2a: Tyranitar\n|-supereffective|p2a: Tyranitar\n|-damage|p2a: Tyranitar|22\/100\n|\n|t:|1700882190\n|switch|p1a: Landorus|Landorus-Therian, M|69\/100|[from] Flip Turn\n|-ability|p1a: Landorus|Intimidate|boost\n|-unboost|p2a: Tyranitar|atk|1\n|\n|-weather|Sandstorm|[upkeep]\n|upkeep\n|turn|13\n|\n|t:|1700882195\n|move|p1a: Landorus|U-turn|p2a: Tyranitar\n|-supereffective|p2a: Tyranitar\n|-damage|p2a: Tyranitar|0 fnt\n|faint|p2a: Tyranitar\n|\n|t:|1700882203\n|switch|p1a: Heatran|Heatran, M|100\/100|[from] U-turn\n|\n|-weather|Sandstorm|[upkeep]\n|upkeep\n|\n|t:|1700882207\n|switch|p2a: Rillaboom|Rillaboom, M|100\/100\n|-fieldstart|move: Grassy Terrain|[from] ability: Grassy Surge|[of] p2a: Rillaboom\n|turn|14\n|\n|t:|1700882211\n|move|p1a: Heatran|Protect|p1a: Heatran\n|-singleturn|p1a: Heatran|Protect\n|move|p2a: Rillaboom|Superpower|p1a: Heatran\n|-activate|p1a: Heatran|move: Protect\n|\n|-weather|none\n|upkeep\n|turn|15\n|\n|t:|1700882221\n|switch|p2a: Kartana|Kartana|100\/100\n|switch|p1a: Landorus|Landorus-Therian, M|69\/100\n|-ability|p1a: Landorus|Intimidate|boost\n|-unboost|p2a: Kartana|atk|1\n|\n|upkeep\n|turn|16\n|\n|t:|1700882232\n|-terastallize|p2a: Kartana|Grass\n|move|p2a: Kartana|Leaf Blade|p1a: Landorus\n|-damage|p1a: Landorus|0 fnt\n|faint|p1a: Landorus\n|-ability|p2a: Kartana|Beast Boost|boost\n|-boost|p2a: Kartana|atk|1\n|\n|upkeep\n|\n|t:|1700882242\n|switch|p1a: Heatran|Heatran, M|100\/100\n|turn|17\n|\n|t:|1700882246\n|switch|p2a: Sneasler|Sneasler, M|100\/100\n|-enditem|p2a: Sneasler|Grassy Seed\n|-boost|p2a: Sneasler|def|1|[from] item: Grassy Seed\n|move|p1a: Heatran|Magma Storm|p2a: Sneasler|[miss]\n|-miss|p1a: Heatran|p2a: Sneasler\n|\n|upkeep\n|turn|18\n|\n|t:|1700882256\n|move|p2a: Sneasler|Close Combat|p1a: Heatran\n|-supereffective|p1a: Heatran\n|-damage|p1a: Heatran|0 fnt\n|-unboost|p2a: Sneasler|def|1\n|-unboost|p2a: Sneasler|spd|1\n|faint|p1a: Heatran\n|\n|-fieldend|move: Grassy Terrain\n|upkeep\n|\n|t:|1700882262\n|switch|p1a: Alomomola|Alomomola, F|100\/100\n|turn|19\n|\n|t:|1700882271\n|move|p2a: Sneasler|Swords Dance|p2a: Sneasler\n|-boost|p2a: Sneasler|atk|2\n|move|p1a: Alomomola|Flip Turn|p2a: Sneasler\n|-damage|p2a: Sneasler|75\/100\n|\n|t:|1700882277\n|switch|p1a: Urshifu|Urshifu-Rapid-Strike, F, tera:Water|100\/100|[from] Flip Turn\n|\n|upkeep\n|turn|20\n|\n|t:|1700882283\n|move|p2a: Sneasler|Close Combat|p1a: Urshifu\n|-damage|p1a: Urshifu|0 fnt\n|-unboost|p2a: Sneasler|def|1\n|-unboost|p2a: Sneasler|spd|1\n|faint|p1a: Urshifu\n|\n|upkeep\n|-message|xcsnx forfeited.\n|\n|win|treeshhhh\n|raw|xcsnx's rating: 1319 &rarr; <strong>1299<\/strong><br \/>(-20 for losing)\n|raw|treeshhhh's rating: 1323 &rarr; <strong>1343<\/strong><br \/>(+20 for winning)\n","uploadtime":1700882294,"views":1,"p1id":"xcsnx","p2id":"treeshhhh","formatid":"gen9nationaldex","rating":1299,"private":0,"password":""}