{"id":"gen9nationaldex-1993294207","p1":"Jam20Jam","p2":"lunchbox5536","format":"[Gen 9] National Dex","log":"|j|\u2606Jam20Jam\n|j|\u2606lunchbox5536\n|t:|1700292176\n|gametype|singles\n|player|p1|Jam20Jam|carmine|\n|player|p2|lunchbox5536|ghetsis|\n|teamsize|p1|6\n|teamsize|p2|6\n|gen|9\n|tier|[Gen 9] National Dex\n|rule|HP Percentage Mod: HP is shown in percentages\n|rule|Endless Battle Clause: Forcing endless battles is banned\n|rule|OHKO Clause: OHKO moves are banned\n|rule|Evasion Clause: Evasion abilities, items, and moves are banned\n|rule|Evasion Abilities Clause: Evasion abilities are banned\n|rule|Evasion Items Clause: Evasion items are banned\n|rule|Evasion Moves Clause: Evasion moves are banned\n|rule|Species Clause: Limit one of each Pok\u00e9mon\n|rule|Sleep Clause Mod: Limit one foe put to sleep\n|clearpoke\n|poke|p1|Skeledirge, F|\n|poke|p1|Grimer-Alola, M|\n|poke|p1|Coalossal, F|\n|poke|p1|Veluza, F|\n|poke|p1|Cetitan, F|\n|poke|p1|Great Tusk|\n|poke|p2|Lilligant-Hisui, F|\n|poke|p2|Zoroark-Hisui, F|\n|poke|p2|Grimmsnarl, M|\n|poke|p2|Sableye, F|\n|poke|p2|Klawf, F|\n|poke|p2|Shelgon, M|\n|teampreview\n|\n|t:|1700292200\n|start\n|switch|p1a: Grimer|Grimer-Alola, M|100\/100\n|switch|p2a: Sableye|Sableye, F|100\/100\n|turn|1\n|\n|t:|1700292223\n|move|p2a: Sableye|Focus Blast|p1a: Grimer\n|-damage|p1a: Grimer|74\/100\n|move|p1a: Grimer|Knock Off|p2a: Sableye\n|-supereffective|p2a: Sableye\n|-damage|p2a: Sableye|0 fnt\n|replace|p2a: Oh Hi There|Zoroark-Hisui, F, shiny\n|-end|p2a: Oh Hi There|Illusion\n|-enditem|p2a: Oh Hi There|Choice Scarf|[from] move: Knock Off|[of] p1a: Grimer\n|faint|p2a: Oh Hi There\n|\n|upkeep\n|\n|t:|1700292236\n|switch|p2a: Krampus|Grimmsnarl, M|100\/100\n|turn|2\n|\n|t:|1700292241\n|move|p2a: Krampus|Play Rough|p1a: Grimer\n|-damage|p1a: Grimer|23\/100\n|-unboost|p1a: Grimer|atk|1\n|move|p1a: Grimer|Toxic|p2a: Krampus\n|-status|p2a: Krampus|tox\n|\n|-damage|p2a: Krampus|94\/100 tox|[from] psn\n|upkeep\n|turn|3\n|\n|t:|1700292253\n|move|p2a: Krampus|Play Rough|p1a: Grimer|[miss]\n|-miss|p2a: Krampus|p1a: Grimer\n|move|p1a: Grimer|Knock Off|p2a: Krampus\n|-resisted|p2a: Krampus\n|-damage|p2a: Krampus|89\/100 tox\n|-enditem|p2a: Krampus|Custap Berry|[from] move: Knock Off|[of] p1a: Grimer\n|\n|-damage|p2a: Krampus|77\/100 tox|[from] psn\n|upkeep\n|turn|4\n|\n|t:|1700292277\n|move|p2a: Krampus|Play Rough|p1a: Grimer\n|-damage|p1a: Grimer|0 fnt\n|faint|p1a: Grimer\n|\n|-damage|p2a: Krampus|58\/100 tox|[from] psn\n|upkeep\n|\n|t:|1700292300\n|switch|p1a: Great Tusk|Great Tusk|100\/100\n|-enditem|p1a: Great Tusk|Booster Energy\n|-activate|p1a: Great Tusk|ability: Protosynthesis|[fromitem]\n|-start|p1a: Great Tusk|protosynthesisatk\n|turn|5\n|\n|t:|1700292314\n|switch|p2a: Lilligant|Lilligant-Hisui, F, shiny|100\/100\n|move|p1a: Great Tusk|Megahorn|p2a: Lilligant\n|-damage|p2a: Lilligant|20\/100\n|\n|upkeep\n|turn|6\n|\n|t:|1700292326\n|move|p2a: Lilligant|Leaf Blade|p1a: Great Tusk\n|-supereffective|p1a: Great Tusk\n|-damage|p1a: Great Tusk|0 fnt\n|faint|p1a: Great Tusk\n|-end|p1a: Great Tusk|Protosynthesis|[silent]\n|\n|upkeep\n|\n|t:|1700292336\n|switch|p1a: Skeledirge|Skeledirge, F|100\/100\n|turn|7\n|\n|t:|1700292346\n|switch|p2a: AAAAAAAAAAAA|Klawf, F|100\/100\n|move|p1a: Skeledirge|Will-O-Wisp|p2a: AAAAAAAAAAAA\n|-status|p2a: AAAAAAAAAAAA|brn\n|\n|-damage|p2a: AAAAAAAAAAAA|94\/100 brn|[from] brn\n|upkeep\n|turn|8\n|\n|t:|1700292373\n|move|p2a: AAAAAAAAAAAA|Stealth Rock|p1a: Skeledirge\n|-sidestart|p1: Jam20Jam|move: Stealth Rock\n|move|p1a: Skeledirge|Torch Song|p2a: AAAAAAAAAAAA\n|-resisted|p2a: AAAAAAAAAAAA\n|-damage|p2a: AAAAAAAAAAAA|73\/100 brn\n|-boost|p1a: Skeledirge|spa|1\n|\n|-damage|p2a: AAAAAAAAAAAA|67\/100 brn|[from] brn\n|upkeep\n|turn|9\n|\n|t:|1700292385\n|move|p2a: AAAAAAAAAAAA|Knock Off|p1a: Skeledirge\n|-supereffective|p1a: Skeledirge\n|-damage|p1a: Skeledirge|73\/100\n|-enditem|p1a: Skeledirge|Leftovers|[from] move: Knock Off|[of] p2a: AAAAAAAAAAAA\n|move|p1a: Skeledirge|Encore|p2a: AAAAAAAAAAAA\n|-start|p2a: AAAAAAAAAAAA|Encore\n|\n|-damage|p2a: AAAAAAAAAAAA|61\/100 brn|[from] brn\n|upkeep\n|turn|10\n|\n|t:|1700292403\n|move|p2a: AAAAAAAAAAAA|Knock Off|p1a: Skeledirge\n|-supereffective|p1a: Skeledirge\n|-damage|p1a: Skeledirge|57\/100\n|move|p1a: Skeledirge|Torch Song|p2a: AAAAAAAAAAAA\n|-resisted|p2a: AAAAAAAAAAAA\n|-damage|p2a: AAAAAAAAAAAA|31\/100 brn\n|-boost|p1a: Skeledirge|spa|1\n|\n|-damage|p2a: AAAAAAAAAAAA|24\/100 brn|[from] brn\n|upkeep\n|turn|11\n|\n|t:|1700292412\n|move|p2a: AAAAAAAAAAAA|Knock Off|p1a: Skeledirge\n|-supereffective|p1a: Skeledirge\n|-damage|p1a: Skeledirge|41\/100\n|move|p1a: Skeledirge|Slack Off|p1a: Skeledirge\n|-heal|p1a: Skeledirge|91\/100\n|\n|-damage|p2a: AAAAAAAAAAAA|18\/100 brn|[from] brn\n|upkeep\n|turn|12\n|\n|t:|1700292421\n|move|p2a: AAAAAAAAAAAA|Knock Off|p1a: Skeledirge\n|-supereffective|p1a: Skeledirge\n|-crit|p1a: Skeledirge\n|-damage|p1a: Skeledirge|64\/100\n|move|p1a: Skeledirge|Torch Song|p2a: AAAAAAAAAAAA\n|-resisted|p2a: AAAAAAAAAAAA\n|-damage|p2a: AAAAAAAAAAAA|0 fnt\n|-boost|p1a: Skeledirge|spa|1\n|faint|p2a: AAAAAAAAAAAA\n|\n|upkeep\n|\n|t:|1700292449\n|switch|p2a: Krampus|Grimmsnarl, M|58\/100 tox\n|turn|13\n|\n|t:|1700292455\n|move|p2a: Krampus|Power Swap|p1a: Skeledirge\n|-swapboost|p2a: Krampus|p1a: Skeledirge|atk, spa|[from] move: Power Swap\n|move|p1a: Skeledirge|Encore|p2a: Krampus\n|-start|p2a: Krampus|Encore\n|\n|-damage|p2a: Krampus|52\/100 tox|[from] psn\n|upkeep\n|turn|14\n|\n|t:|1700292470\n|switch|p1a: I BELIVE|Cetitan, F|100\/100\n|-damage|p1a: I BELIVE|76\/100|[from] Stealth Rock\n|switch|p2a: Hello and Goodbye|Shelgon, M|100\/100\n|\n|upkeep\n|turn|15\n|\n|t:|1700292499\n|-terastallize|p1a: I BELIVE|Flying\n|move|p1a: I BELIVE|Belly Drum|p1a: I BELIVE\n|-damage|p1a: I BELIVE|26\/100\n|-setboost|p1a: I BELIVE|atk|6|[from] move: Belly Drum\n|-enditem|p1a: I BELIVE|Sitrus Berry|[eat]\n|-heal|p1a: I BELIVE|51\/100|[from] item: Sitrus Berry\n|move|p2a: Hello and Goodbye|Toxic|p1a: I BELIVE\n|-status|p1a: I BELIVE|tox\n|\n|-damage|p1a: I BELIVE|45\/100 tox|[from] psn\n|upkeep\n|turn|16\n|\n|t:|1700292515\n|move|p2a: Hello and Goodbye|Protect|p2a: Hello and Goodbye\n|-singleturn|p2a: Hello and Goodbye|Protect\n|move|p1a: I BELIVE|Icicle Crash|p2a: Hello and Goodbye\n|-activate|p2a: Hello and Goodbye|move: Protect\n|\n|-damage|p1a: I BELIVE|32\/100 tox|[from] psn\n|upkeep\n|turn|17\n|\n|t:|1700292523\n|move|p1a: I BELIVE|Icicle Crash|p2a: Hello and Goodbye|[miss]\n|-miss|p1a: I BELIVE|p2a: Hello and Goodbye\n|move|p2a: Hello and Goodbye|Wish|p2a: Hello and Goodbye\n|\n|-damage|p1a: I BELIVE|14\/100 tox|[from] psn\n|upkeep\n|turn|18\n|\n|t:|1700292533\n|move|p2a: Hello and Goodbye|Protect|p2a: Hello and Goodbye\n|-singleturn|p2a: Hello and Goodbye|Protect\n|move|p1a: I BELIVE|Ice Shard|p2a: Hello and Goodbye\n|-activate|p2a: Hello and Goodbye|move: Protect\n|\n|-damage|p1a: I BELIVE|0 fnt|[from] psn\n|faint|p1a: I BELIVE\n|upkeep\n|\n|t:|1700292551\n|switch|p1a: Skeledirge|Skeledirge, F|64\/100\n|-damage|p1a: Skeledirge|39\/100|[from] Stealth Rock\n|turn|19\n|\n|t:|1700292562\n|move|p1a: Skeledirge|Slack Off|p1a: Skeledirge\n|-heal|p1a: Skeledirge|89\/100\n|move|p2a: Hello and Goodbye|Crunch|p1a: Skeledirge\n|-supereffective|p1a: Skeledirge\n|-damage|p1a: Skeledirge|59\/100\n|\n|upkeep\n|turn|20\n|\n|t:|1700292570\n|move|p1a: Skeledirge|Encore|p2a: Hello and Goodbye\n|-start|p2a: Hello and Goodbye|Encore\n|move|p2a: Hello and Goodbye|Crunch|p1a: Skeledirge\n|-supereffective|p1a: Skeledirge\n|-damage|p1a: Skeledirge|27\/100\n|\n|upkeep\n|turn|21\n|\n|t:|1700292575\n|move|p1a: Skeledirge|Slack Off|p1a: Skeledirge\n|-heal|p1a: Skeledirge|77\/100\n|move|p2a: Hello and Goodbye|Crunch|p1a: Skeledirge\n|-supereffective|p1a: Skeledirge\n|-damage|p1a: Skeledirge|46\/100\n|\n|upkeep\n|turn|22\n|\n|t:|1700292582\n|move|p1a: Skeledirge|Slack Off|p1a: Skeledirge\n|-heal|p1a: Skeledirge|96\/100\n|move|p2a: Hello and Goodbye|Crunch|p1a: Skeledirge\n|-supereffective|p1a: Skeledirge\n|-damage|p1a: Skeledirge|65\/100\n|\n|-end|p2a: Hello and Goodbye|Encore\n|upkeep\n|turn|23\n|\n|t:|1700292591\n|move|p1a: Skeledirge|Will-O-Wisp|p2a: Hello and Goodbye\n|-status|p2a: Hello and Goodbye|brn\n|move|p2a: Hello and Goodbye|Toxic|p1a: Skeledirge\n|-status|p1a: Skeledirge|tox\n|\n|-damage|p1a: Skeledirge|59\/100 tox|[from] psn\n|-damage|p2a: Hello and Goodbye|95\/100 brn|[from] brn\n|upkeep\n|turn|24\n|\n|t:|1700292602\n|move|p1a: Skeledirge|Torch Song|p2a: Hello and Goodbye\n|-resisted|p2a: Hello and Goodbye\n|-damage|p2a: Hello and Goodbye|79\/100 brn\n|-boost|p1a: Skeledirge|spa|1\n|move|p2a: Hello and Goodbye|Crunch|p1a: Skeledirge\n|-supereffective|p1a: Skeledirge\n|-damage|p1a: Skeledirge|45\/100 tox\n|\n|-damage|p1a: Skeledirge|33\/100 tox|[from] psn\n|-damage|p2a: Hello and Goodbye|73\/100 brn|[from] brn\n|upkeep\n|turn|25\n|\n|t:|1700292615\n|move|p1a: Skeledirge|Slack Off|p1a: Skeledirge\n|-heal|p1a: Skeledirge|83\/100 tox\n|move|p2a: Hello and Goodbye|Crunch|p1a: Skeledirge\n|-supereffective|p1a: Skeledirge\n|-damage|p1a: Skeledirge|69\/100 tox\n|\n|-damage|p1a: Skeledirge|51\/100 tox|[from] psn\n|-damage|p2a: Hello and Goodbye|67\/100 brn|[from] brn\n|upkeep\n|turn|26\n|\n|t:|1700292627\n|move|p1a: Skeledirge|Slack Off|p1a: Skeledirge\n|-heal|p1a: Skeledirge|100\/100 tox\n|move|p2a: Hello and Goodbye|Crunch|p1a: Skeledirge\n|-supereffective|p1a: Skeledirge\n|-crit|p1a: Skeledirge\n|-damage|p1a: Skeledirge|78\/100 tox\n|\n|-damage|p1a: Skeledirge|54\/100 tox|[from] psn\n|-damage|p2a: Hello and Goodbye|61\/100 brn|[from] brn\n|upkeep\n|turn|27\n|\n|t:|1700292636\n|move|p1a: Skeledirge|Torch Song|p2a: Hello and Goodbye\n|-resisted|p2a: Hello and Goodbye\n|-damage|p2a: Hello and Goodbye|36\/100 brn\n|-boost|p1a: Skeledirge|spa|1\n|move|p2a: Hello and Goodbye|Wish|p2a: Hello and Goodbye\n|\n|-damage|p1a: Skeledirge|23\/100 tox|[from] psn\n|-damage|p2a: Hello and Goodbye|30\/100 brn|[from] brn\n|upkeep\n|turn|28\n|\n|t:|1700292645\n|move|p1a: Skeledirge|Slack Off|p1a: Skeledirge\n|-heal|p1a: Skeledirge|73\/100 tox\n|move|p2a: Hello and Goodbye|Crunch|p1a: Skeledirge\n|-supereffective|p1a: Skeledirge\n|-damage|p1a: Skeledirge|58\/100 tox\n|\n|-heal|p2a: Hello and Goodbye|80\/100 brn|[from] move: Wish|[wisher] Hello and Goodbye\n|-damage|p1a: Skeledirge|22\/100 tox|[from] psn\n|-damage|p2a: Hello and Goodbye|74\/100 brn|[from] brn\n|upkeep\n|turn|29\n|\n|t:|1700292655\n|move|p1a: Skeledirge|Torch Song|p2a: Hello and Goodbye\n|-resisted|p2a: Hello and Goodbye\n|-damage|p2a: Hello and Goodbye|45\/100 brn\n|-boost|p1a: Skeledirge|spa|1\n|move|p2a: Hello and Goodbye|Wish|p2a: Hello and Goodbye\n|\n|-damage|p1a: Skeledirge|0 fnt|[from] psn\n|faint|p1a: Skeledirge\n|-damage|p2a: Hello and Goodbye|39\/100 brn|[from] brn\n|upkeep\n|\n|t:|1700292672\n|switch|p1a: Veluza|Veluza, F|100\/100\n|-damage|p1a: Veluza|88\/100|[from] Stealth Rock\n|-ability|p1a: Veluza|Mold Breaker\n|turn|30\n|\n|t:|1700292679\n|move|p1a: Veluza|Ice Beam|p2a: Hello and Goodbye\n|-supereffective|p2a: Hello and Goodbye\n|-damage|p2a: Hello and Goodbye|0 fnt\n|faint|p2a: Hello and Goodbye\n|\n|upkeep\n|\n|t:|1700292689\n|switch|p2a: Lilligant|Lilligant-Hisui, F, shiny|20\/100\n|turn|31\n|\n|t:|1700292697\n|switch|p1a: SpanishInquisition|Coalossal, F|100\/100\n|-damage|p1a: SpanishInquisition|76\/100|[from] Stealth Rock\n|move|p2a: Lilligant|Leaf Blade|p1a: SpanishInquisition\n|-damage|p1a: SpanishInquisition|13\/100\n|-status|p2a: Lilligant|brn|[from] ability: Flame Body|[of] p1a: SpanishInquisition\n|\n|-damage|p2a: Lilligant|14\/100 brn|[from] brn\n|upkeep\n|turn|32\n|\n|t:|1700292714\n|move|p2a: Lilligant|Leaf Blade|p1a: SpanishInquisition\n|-damage|p1a: SpanishInquisition|0 fnt\n|faint|p1a: SpanishInquisition\n|\n|-damage|p2a: Lilligant|8\/100 brn|[from] brn\n|upkeep\n|\n|t:|1700292720\n|switch|p1a: Veluza|Veluza, F|88\/100\n|-damage|p1a: Veluza|76\/100|[from] Stealth Rock\n|-ability|p1a: Veluza|Mold Breaker\n|turn|33\n|\n|t:|1700292727\n|move|p2a: Lilligant|Leaf Blade|p1a: Veluza\n|-supereffective|p1a: Veluza\n|-damage|p1a: Veluza|0 fnt\n|faint|p1a: Veluza\n|\n|win|lunchbox5536\n","uploadtime":1700292736,"views":6,"p1id":"jam20jam","p2id":"lunchbox5536","formatid":"gen9nationaldex","rating":0,"private":0,"password":""}