{"id":"gen9nationaldex-1996323331","p1":"runeatest","p2":"King of Wyrms","format":"[Gen 9] National Dex","log":"|html|<div class=\"broadcast-blue\"><strong>[Gen 9] National Dex is currently suspecting Sneasler! For information on how to participate check out the <a href=\"https:\/\/www.smogon.com\/forums\/threads\/sv-national-dex-suspect-8-just-dance.3731534\/\">suspect thread<\/a>.<\/strong><\/div>\n|j|\u2606runeatest\n|j|\u2606King of Wyrms\n|t:|1700671124\n|gametype|singles\n|player|p1|runeatest|fisherman-gen4|1189\n|player|p2|King of Wyrms|lance|1187\n|teamsize|p1|6\n|teamsize|p2|6\n|gen|9\n|tier|[Gen 9] National Dex\n|rated|\n|rule|HP Percentage Mod: HP is shown in percentages\n|rule|Endless Battle Clause: Forcing endless battles is banned\n|rule|OHKO Clause: OHKO moves are banned\n|rule|Evasion Clause: Evasion abilities, items, and moves are banned\n|rule|Evasion Abilities Clause: Evasion abilities are banned\n|rule|Evasion Items Clause: Evasion items are banned\n|rule|Evasion Moves Clause: Evasion moves are banned\n|rule|Species Clause: Limit one of each Pok\u00e9mon\n|rule|Sleep Clause Mod: Limit one foe put to sleep\n|clearpoke\n|poke|p1|Vaporeon, M|\n|poke|p1|Salamence, M|\n|poke|p1|Hitmontop, M|\n|poke|p1|Electivire, M|\n|poke|p1|Togekiss, M|\n|poke|p1|Houndoom, M|\n|poke|p2|Charizard, F|\n|poke|p2|Garchomp, F|\n|poke|p2|Hydreigon, M|\n|poke|p2|Kommo-o, M|\n|poke|p2|Salamence, M|\n|poke|p2|Dragalge, F|\n|teampreview\n|inactive|Battle timer is ON: inactive players will automatically lose when time's up. (requested by runeatest)\n|\n|t:|1700671140\n|start\n|switch|p1a: Salamence|Salamence, M|100\/100\n|switch|p2a: Garchomp|Garchomp, F|100\/100\n|-ability|p1a: Salamence|Intimidate|boost\n|-unboost|p2a: Garchomp|atk|1\n|turn|1\n|inactive|King of Wyrms also wants the timer to be on.\n|\n|t:|1700671152\n|switch|p1a: Togekiss|Togekiss, M, shiny|100\/100\n|move|p2a: Garchomp|Stealth Rock|p1a: Togekiss\n|-sidestart|p1: runeatest|move: Stealth Rock\n|\n|upkeep\n|turn|2\n|\n|t:|1700671157\n|move|p2a: Garchomp|Rock Slide|p1a: Togekiss\n|-supereffective|p1a: Togekiss\n|-damage|p1a: Togekiss|62\/100\n|move|p1a: Togekiss|Dazzling Gleam|p2a: Garchomp\n|-supereffective|p2a: Garchomp\n|-damage|p2a: Garchomp|18\/100\n|\n|upkeep\n|turn|3\n|\n|t:|1700671164\n|switch|p1a: Hitmontop|Hitmontop, M|100\/100\n|-damage|p1a: Hitmontop|94\/100|[from] Stealth Rock\n|move|p2a: Garchomp|Rock Slide|p1a: Hitmontop\n|-resisted|p1a: Hitmontop\n|-damage|p1a: Hitmontop|81\/100\n|\n|upkeep\n|turn|4\n|\n|t:|1700671183\n|move|p2a: Garchomp|Dragon Claw|p1a: Hitmontop\n|-damage|p1a: Hitmontop|40\/100\n|move|p1a: Hitmontop|Rapid Spin|p2a: Garchomp\n|-crit|p2a: Garchomp\n|-damage|p2a: Garchomp|0 fnt\n|-boost|p1a: Hitmontop|spe|1\n|-damage|p1a: Hitmontop|28\/100|[from] ability: Rough Skin|[of] p2a: Garchomp\n|-damage|p1a: Hitmontop|11\/100|[from] item: Rocky Helmet|[of] p2a: Garchomp\n|-sideend|p1: runeatest|Stealth Rock|[from] move: Rapid Spin|[of] p1a: Hitmontop\n|faint|p2a: Garchomp\n|\n|upkeep\n|\n|t:|1700671195\n|switch|p2a: Salamence|Salamence, M, shiny|100\/100\n|turn|5\n|\n|t:|1700671203\n|switch|p1a: Salamence|Salamence, M|100\/100\n|-ability|p1a: Salamence|Intimidate|boost\n|-unboost|p2a: Salamence|atk|1\n|move|p2a: Salamence|Dragon Dance|p2a: Salamence\n|-boost|p2a: Salamence|atk|1\n|-boost|p2a: Salamence|spe|1\n|\n|upkeep\n|turn|6\n|\n|t:|1700671211\n|switch|p1a: Togekiss|Togekiss, M, shiny|62\/100\n|move|p2a: Salamence|Dragon Claw|p1a: Togekiss\n|-immune|p1a: Togekiss\n|\n|upkeep\n|turn|7\n|\n|t:|1700671217\n|move|p2a: Salamence|Dual Wingbeat|p1a: Togekiss\n|-damage|p1a: Togekiss|37\/100\n|-damage|p1a: Togekiss|11\/100\n|-hitcount|p1a: Togekiss|2\n|move|p1a: Togekiss|Thunder Wave|p2a: Salamence\n|-status|p2a: Salamence|par\n|\n|upkeep\n|turn|8\n|\n|t:|1700671226\n|move|p1a: Togekiss|Air Slash|p2a: Salamence\n|-damage|p2a: Salamence|55\/100 par\n|cant|p2a: Salamence|flinch\n|\n|upkeep\n|turn|9\n|j| Ammarkillomar\n|\n|t:|1700671234\n|move|p1a: Togekiss|Dazzling Gleam|p2a: Salamence\n|-supereffective|p2a: Salamence\n|-damage|p2a: Salamence|0 fnt\n|faint|p2a: Salamence\n|\n|upkeep\n|\n|t:|1700671241\n|switch|p2a: Dragalge|Dragalge, F, shiny|100\/100\n|turn|10\n|\n|t:|1700671245\n|switch|p1a: Hitmontop|Hitmontop, M|11\/100\n|move|p2a: Dragalge|Sludge Wave|p1a: Hitmontop\n|-damage|p1a: Hitmontop|0 fnt\n|faint|p1a: Hitmontop\n|\n|upkeep\n|\n|t:|1700671251\n|switch|p1a: Salamence|Salamence, M|100\/100\n|-ability|p1a: Salamence|Intimidate|boost\n|-unboost|p2a: Dragalge|atk|1\n|turn|11\n|\n|t:|1700671272\n|move|p1a: Salamence|Draco Meteor|p2a: Dragalge|[miss]\n|-miss|p1a: Salamence|p2a: Dragalge\n|move|p2a: Dragalge|Draco Meteor|p1a: Salamence\n|-supereffective|p1a: Salamence\n|-damage|p1a: Salamence|0 fnt\n|-unboost|p2a: Dragalge|spa|2\n|faint|p1a: Salamence\n|\n|upkeep\n|\n|t:|1700671280\n|switch|p1a: Vaporeon|Vaporeon, M|100\/100\n|turn|12\n|\n|t:|1700671283\n|move|p1a: Vaporeon|Ice Beam|p2a: Dragalge\n|-supereffective|p2a: Dragalge\n|-crit|p2a: Dragalge\n|-damage|p2a: Dragalge|23\/100\n|move|p2a: Dragalge|Toxic|p1a: Vaporeon\n|-status|p1a: Vaporeon|tox\n|\n|-heal|p2a: Dragalge|29\/100|[from] item: Black Sludge\n|-damage|p1a: Vaporeon|94\/100 tox|[from] psn\n|upkeep\n|turn|13\n|\n|t:|1700671293\n|move|p1a: Vaporeon|Heal Bell|p1a: Vaporeon\n|-activate|p1a: Vaporeon|move: Heal Bell\n|-curestatus|p1a: Vaporeon|tox|[msg]\n|move|p2a: Dragalge|Sludge Wave|p1a: Vaporeon\n|-damage|p1a: Vaporeon|70\/100\n|\n|-heal|p1a: Vaporeon|77\/100|[from] item: Leftovers\n|-heal|p2a: Dragalge|35\/100|[from] item: Black Sludge\n|upkeep\n|turn|14\n|\n|t:|1700671302\n|move|p1a: Vaporeon|Ice Beam|p2a: Dragalge\n|-supereffective|p2a: Dragalge\n|-damage|p2a: Dragalge|0 fnt\n|faint|p2a: Dragalge\n|\n|-heal|p1a: Vaporeon|83\/100|[from] item: Leftovers\n|upkeep\n|\n|t:|1700671310\n|switch|p2a: Charizard|Charizard, F, shiny|100\/100\n|turn|15\n|\n|t:|1700671316\n|move|p2a: Charizard|Dragon Dance|p2a: Charizard\n|-boost|p2a: Charizard|atk|1\n|-boost|p2a: Charizard|spe|1\n|move|p1a: Vaporeon|Hydro Pump|p2a: Charizard\n|-supereffective|p2a: Charizard\n|-damage|p2a: Charizard|0 fnt\n|faint|p2a: Charizard\n|\n|-heal|p1a: Vaporeon|89\/100|[from] item: Leftovers\n|upkeep\n|l| Ammarkillomar\n|inactive|King of Wyrms has 120 seconds left.\n|\n|t:|1700671359\n|switch|p2a: Kommo-o|Kommo-o, M|100\/100\n|turn|16\n|\n|t:|1700671363\n|switch|p1a: Togekiss|Togekiss, M, shiny|11\/100\n|-zpower|p2a: Kommo-o\n|move|p2a: Kommo-o|Clangorous Soulblaze|p1a: Togekiss|[zeffect]\n|-immune|p1a: Togekiss\n|\n|upkeep\n|turn|17\n|-message|King of Wyrms forfeited.\n|\n|win|runeatest\n|raw|runeatest's rating: 1189 &rarr; <strong>1214<\/strong><br \/>(+25 for winning)\n|raw|King of Wyrms's rating: 1187 &rarr; <strong>1162<\/strong><br \/>(-25 for losing)\n|l|\u2606King of Wyrms\n","uploadtime":1700671377,"views":1,"p1id":"runeatest","p2id":"kingofwyrms","formatid":"gen9nationaldex","rating":1162,"private":0,"password":""}