{"id":"gen9nationaldex-1991711284","p1":"Vierze","p2":"jayfrizz","format":"[Gen 9] National Dex","log":"|j|\u2606Vierze\n|j|\u2606jayfrizz\n|t:|1700105604\n|gametype|singles\n|player|p1|Vierze|bugcatcher-gen4dp|1193\n|player|p2|jayfrizz|rocketgrunt|1153\n|teamsize|p1|6\n|teamsize|p2|6\n|gen|9\n|tier|[Gen 9] National Dex\n|rated|\n|rule|HP Percentage Mod: HP is shown in percentages\n|rule|Endless Battle Clause: Forcing endless battles is banned\n|rule|OHKO Clause: OHKO moves are banned\n|rule|Evasion Clause: Evasion abilities, items, and moves are banned\n|rule|Evasion Abilities Clause: Evasion abilities are banned\n|rule|Evasion Items Clause: Evasion items are banned\n|rule|Evasion Moves Clause: Evasion moves are banned\n|rule|Species Clause: Limit one of each Pok\u00e9mon\n|rule|Sleep Clause Mod: Limit one foe put to sleep\n|clearpoke\n|poke|p1|Scyther, M|\n|poke|p1|Scizor, M|\n|poke|p1|Volcarona, F|\n|poke|p1|Galvantula, F|\n|poke|p1|Shuckle, F|\n|poke|p1|Forretress, M|\n|poke|p2|Skarmory, F|\n|poke|p2|Meowscarada, F|\n|poke|p2|Blissey, F|\n|poke|p2|Blacephalon|\n|poke|p2|Zapdos-Galar|\n|poke|p2|Cloyster, M|\n|teampreview\n|inactive|Battle timer is ON: inactive players will automatically lose when time's up. (requested by Vierze)\n|\n|t:|1700105614\n|start\n|switch|p1a: Galvantula|Galvantula, F|100\/100\n|switch|p2a: Furry|Meowscarada, F|100\/100\n|turn|1\n|\n|t:|1700105630\n|move|p2a: Furry|U-turn|p1a: Galvantula\n|-start|p2a: Furry|typechange|Bug|[from] ability: Protean\n|-damage|p1a: Galvantula|41\/100\n|\n|t:|1700105635\n|switch|p2a: Huevo con Papa|Blissey, F|100\/100|[from] U-turn\n|move|p1a: Galvantula|Volt Switch|p2a: Huevo con Papa\n|-damage|p2a: Huevo con Papa|85\/100\n|\n|t:|1700105644\n|switch|p1a: Scyther|Scyther, M|100\/100|[from] Volt Switch\n|\n|-heal|p2a: Huevo con Papa|91\/100|[from] item: Leftovers\n|upkeep\n|turn|2\n|\n|t:|1700105651\n|switch|p2a: Gastly?|Cloyster, M|100\/100\n|move|p1a: Scyther|Knock Off|p2a: Gastly?\n|-damage|p2a: Gastly?|79\/100\n|-enditem|p2a: Gastly?|Assault Vest|[from] move: Knock Off|[of] p1a: Scyther\n|\n|upkeep\n|turn|3\n|\n|t:|1700105658\n|switch|p1a: Forretress|Forretress, M|100\/100\n|move|p2a: Gastly?|Rock Blast|p1a: Forretress\n|-damage|p1a: Forretress|96\/100\n|-damage|p1a: Forretress|91\/100\n|-damage|p1a: Forretress|87\/100\n|-crit|p1a: Forretress\n|-damage|p1a: Forretress|79\/100\n|-damage|p1a: Forretress|75\/100\n|-hitcount|p1a: Forretress|5\n|\n|upkeep\n|turn|4\n|\n|t:|1700105672\n|switch|p2a: Forrest Gump|Zapdos-Galar|100\/100\n|move|p1a: Forretress|Stealth Rock|p2a: Forrest Gump\n|-sidestart|p2: jayfrizz|move: Stealth Rock\n|\n|upkeep\n|turn|5\n|\n|t:|1700105679\n|move|p2a: Forrest Gump|Blaze Kick|p1a: Forretress\n|-supereffective|p1a: Forretress\n|-damage|p1a: Forretress|11\/100\n|-damage|p2a: Forrest Gump|84\/100|[from] item: Rocky Helmet|[of] p1a: Forretress\n|move|p1a: Forretress|Volt Switch|p2a: Forrest Gump\n|-supereffective|p2a: Forrest Gump\n|-damage|p2a: Forrest Gump|67\/100\n|\n|t:|1700105691\n|switch|p1a: Galvantula|Galvantula, F|41\/100|[from] Volt Switch\n|\n|upkeep\n|turn|6\n|\n|t:|1700105697\n|switch|p2a: Huevo con Papa|Blissey, F|91\/100\n|-damage|p2a: Huevo con Papa|79\/100|[from] Stealth Rock\n|move|p1a: Galvantula|Volt Switch|p2a: Huevo con Papa\n|-damage|p2a: Huevo con Papa|63\/100\n|\n|t:|1700105704\n|switch|p1a: Scyther|Scyther, M|100\/100|[from] Volt Switch\n|\n|-heal|p2a: Huevo con Papa|69\/100|[from] item: Leftovers\n|upkeep\n|turn|7\n|\n|t:|1700105710\n|switch|p2a: Gastly?|Cloyster, M|79\/100\n|-damage|p2a: Gastly?|55\/100|[from] Stealth Rock\n|move|p1a: Scyther|U-turn|p2a: Gastly?\n|-damage|p2a: Gastly?|33\/100\n|\n|t:|1700105717\n|switch|p1a: Galvantula|Galvantula, F|41\/100|[from] U-turn\n|\n|upkeep\n|turn|8\n|\n|t:|1700105730\n|move|p1a: Galvantula|Volt Switch|p2a: Gastly?\n|-supereffective|p2a: Gastly?\n|-damage|p2a: Gastly?|0 fnt\n|faint|p2a: Gastly?\n|\n|t:|1700105739\n|switch|p1a: Scizor|Scizor, M|100\/100|[from] Volt Switch\n|\n|upkeep\n|\n|t:|1700105746\n|switch|p2a: Clownin'|Blacephalon|100\/100\n|-damage|p2a: Clownin'|76\/100|[from] Stealth Rock\n|turn|9\n|\n|t:|1700105761\n|switch|p1a: Forretress|Forretress, M|11\/100\n|move|p2a: Clownin'|Flamethrower|p1a: Forretress\n|-supereffective|p1a: Forretress\n|-damage|p1a: Forretress|0 fnt\n|faint|p1a: Forretress\n|-ability|p2a: Clownin'|Beast Boost|boost\n|-boost|p2a: Clownin'|spa|1\n|\n|upkeep\n|\n|t:|1700105770\n|switch|p1a: Shuckle|Shuckle, F, shiny|100\/100\n|turn|10\n|\n|t:|1700105775\n|-terastallize|p1a: Shuckle|Water\n|move|p2a: Clownin'|Flamethrower|p1a: Shuckle\n|-resisted|p1a: Shuckle\n|-damage|p1a: Shuckle|79\/100\n|move|p1a: Shuckle|Toxic|p2a: Clownin'|[miss]\n|-miss|p1a: Shuckle|p2a: Clownin'\n|\n|-heal|p1a: Shuckle|85\/100|[from] item: Leftovers\n|upkeep\n|turn|11\n|\n|t:|1700105786\n|switch|p2a: Furry|Meowscarada, F|100\/100\n|-damage|p2a: Furry|88\/100|[from] Stealth Rock\n|move|p1a: Shuckle|Toxic|p2a: Furry\n|-status|p2a: Furry|tox\n|\n|-heal|p1a: Shuckle|91\/100|[from] item: Leftovers\n|-damage|p2a: Furry|82\/100 tox|[from] psn\n|upkeep\n|turn|12\n|\n|t:|1700105797\n|switch|p1a: Scizor|Scizor, M|100\/100\n|move|p2a: Furry|Flower Trick|p1a: Scizor\n|-start|p2a: Furry|typechange|Grass|[from] ability: Protean\n|-resisted|p1a: Scizor\n|-crit|p1a: Scizor\n|-damage|p1a: Scizor|89\/100\n|\n|-heal|p1a: Scizor|95\/100|[from] item: Leftovers\n|-damage|p2a: Furry|70\/100 tox|[from] psn\n|upkeep\n|turn|13\n|\n|t:|1700105811\n|switch|p2a: Forrest Gump|Zapdos-Galar|67\/100\n|-damage|p2a: Forrest Gump|54\/100|[from] Stealth Rock\n|move|p1a: Scizor|U-turn|p2a: Forrest Gump\n|-resisted|p2a: Forrest Gump\n|-damage|p2a: Forrest Gump|43\/100\n|\n|t:|1700105817\n|switch|p1a: Galvantula|Galvantula, F|41\/100|[from] U-turn\n|\n|upkeep\n|turn|14\n|\n|t:|1700105826\n|move|p1a: Galvantula|Volt Switch|p2a: Forrest Gump\n|-supereffective|p2a: Forrest Gump\n|-damage|p2a: Forrest Gump|0 fnt\n|faint|p2a: Forrest Gump\n|\n|t:|1700105832\n|switch|p1a: Scizor|Scizor, M|95\/100|[from] Volt Switch\n|\n|-heal|p1a: Scizor|100\/100|[from] item: Leftovers\n|upkeep\n|\n|t:|1700105849\n|switch|p2a: MetalGearSolid|Skarmory, F|100\/100\n|-damage|p2a: MetalGearSolid|88\/100|[from] Stealth Rock\n|turn|15\n|\n|t:|1700105854\n|move|p2a: MetalGearSolid|Rock Slide|p1a: Scizor\n|-damage|p1a: Scizor|78\/100\n|move|p1a: Scizor|U-turn|p2a: MetalGearSolid\n|-resisted|p2a: MetalGearSolid\n|-damage|p2a: MetalGearSolid|80\/100\n|-damage|p1a: Scizor|62\/100|[from] item: Rocky Helmet|[of] p2a: MetalGearSolid\n|\n|t:|1700105864\n|switch|p1a: Galvantula|Galvantula, F|41\/100|[from] U-turn\n|\n|upkeep\n|turn|16\n|\n|t:|1700105881\n|switch|p2a: Huevo con Papa|Blissey, F|69\/100\n|-damage|p2a: Huevo con Papa|57\/100|[from] Stealth Rock\n|move|p1a: Galvantula|Volt Switch|p2a: Huevo con Papa\n|-damage|p2a: Huevo con Papa|40\/100\n|\n|t:|1700105888\n|switch|p1a: Scyther|Scyther, M|100\/100|[from] Volt Switch\n|\n|-heal|p2a: Huevo con Papa|46\/100|[from] item: Leftovers\n|upkeep\n|turn|17\n|\n|t:|1700105897\n|move|p1a: Scyther|Close Combat|p2a: Huevo con Papa\n|-supereffective|p2a: Huevo con Papa\n|-damage|p2a: Huevo con Papa|0 fnt\n|-unboost|p1a: Scyther|def|1\n|-unboost|p1a: Scyther|spd|1\n|faint|p2a: Huevo con Papa\n|\n|upkeep\n|\n|t:|1700105904\n|switch|p2a: Clownin'|Blacephalon|76\/100\n|-damage|p2a: Clownin'|51\/100|[from] Stealth Rock\n|turn|18\n|\n|t:|1700105909\n|switch|p1a: Shuckle|Shuckle, F, shiny, tera:Water|91\/100\n|move|p2a: Clownin'|Shadow Ball|p1a: Shuckle\n|-damage|p1a: Shuckle|64\/100\n|\n|-heal|p1a: Shuckle|71\/100|[from] item: Leftovers\n|upkeep\n|turn|19\n|\n|t:|1700105918\n|move|p2a: Clownin'|Shadow Ball|p1a: Shuckle\n|-damage|p1a: Shuckle|46\/100\n|move|p1a: Shuckle|Toxic|p2a: Clownin'\n|-status|p2a: Clownin'|tox\n|\n|-heal|p1a: Shuckle|52\/100|[from] item: Leftovers\n|-damage|p2a: Clownin'|45\/100 tox|[from] psn\n|upkeep\n|turn|20\n|\n|t:|1700105928\n|switch|p2a: Furry|Meowscarada, F|70\/100 tox\n|-damage|p2a: Furry|57\/100 tox|[from] Stealth Rock\n|move|p1a: Shuckle|Sticky Web|p2a: Furry\n|-sidestart|p2: jayfrizz|move: Sticky Web\n|\n|-heal|p1a: Shuckle|58\/100|[from] item: Leftovers\n|-damage|p2a: Furry|51\/100 tox|[from] psn\n|upkeep\n|turn|21\n|\n|t:|1700105942\n|switch|p1a: Scyther|Scyther, M|100\/100\n|move|p2a: Furry|Knock Off|p1a: Scyther\n|-start|p2a: Furry|typechange|Dark|[from] ability: Protean\n|-crit|p1a: Scyther\n|-damage|p1a: Scyther|4\/100\n|-enditem|p1a: Scyther|Choice Scarf|[from] move: Knock Off|[of] p2a: Furry\n|\n|-damage|p2a: Furry|39\/100 tox|[from] psn\n|upkeep\n|turn|22\n|\n|t:|1700105958\n|move|p2a: Furry|Knock Off|p1a: Scyther\n|-damage|p1a: Scyther|0 fnt\n|faint|p1a: Scyther\n|\n|-damage|p2a: Furry|21\/100 tox|[from] psn\n|upkeep\n|\n|t:|1700105965\n|switch|p1a: Volcarona|Volcarona, F|100\/100\n|turn|23\n|\n|t:|1700105968\n|move|p2a: Furry|Knock Off|p1a: Volcarona\n|-damage|p1a: Volcarona|30\/100\n|-enditem|p1a: Volcarona|Heavy-Duty Boots|[from] move: Knock Off|[of] p2a: Furry\n|move|p1a: Volcarona|Quiver Dance|p1a: Volcarona\n|-boost|p1a: Volcarona|spa|1\n|-boost|p1a: Volcarona|spd|1\n|-boost|p1a: Volcarona|spe|1\n|\n|-damage|p2a: Furry|0 fnt|[from] psn\n|faint|p2a: Furry\n|upkeep\n|\n|t:|1700105978\n|switch|p2a: Clownin'|Blacephalon|45\/100 tox\n|-damage|p2a: Clownin'|20\/100 tox|[from] Stealth Rock\n|-activate|p2a: Clownin'|move: Sticky Web\n|-unboost|p2a: Clownin'|spe|1\n|turn|24\n|\n|t:|1700105985\n|move|p1a: Volcarona|Fiery Dance|p2a: Clownin'\n|-resisted|p2a: Clownin'\n|-damage|p2a: Clownin'|0 fnt\n|-boost|p1a: Volcarona|spa|1\n|faint|p2a: Clownin'\n|\n|upkeep\n|\n|t:|1700105991\n|switch|p2a: MetalGearSolid|Skarmory, F|80\/100\n|-damage|p2a: MetalGearSolid|67\/100|[from] Stealth Rock\n|turn|25\n|\n|t:|1700105996\n|move|p1a: Volcarona|Fiery Dance|p2a: MetalGearSolid\n|-supereffective|p2a: MetalGearSolid\n|-damage|p2a: MetalGearSolid|0 fnt\n|faint|p2a: MetalGearSolid\n|\n|win|Vierze\n|raw|Vierze's rating: 1193 &rarr; <strong>1215<\/strong><br \/>(+22 for winning)\n|raw|jayfrizz's rating: 1153 &rarr; <strong>1131<\/strong><br \/>(-22 for losing)\n|c|\u2606jayfrizz|gg\n|l|\u2606jayfrizz\n|c|\u2606Vierze|gg\n","uploadtime":1700106014,"views":7,"p1id":"vierze","p2id":"jayfrizz","formatid":"gen9nationaldex","rating":1131,"private":0,"password":""}