{"id":"gen9nationaldex-1990180801","p1":"poyotora","p2":"Infinityn't","format":"[Gen 9] National Dex","log":"|j|\u2606poyotora\n|j|\u2606Infinityn't\n|t:|1699933766\n|gametype|singles\n|player|p1|poyotora|battlegirl|1202\n|player|p2|Infinityn't|veteran|1176\n|teamsize|p1|6\n|teamsize|p2|6\n|gen|9\n|tier|[Gen 9] National Dex\n|rated|\n|rule|HP Percentage Mod: HP is shown in percentages\n|rule|Endless Battle Clause: Forcing endless battles is banned\n|rule|OHKO Clause: OHKO moves are banned\n|rule|Evasion Clause: Evasion abilities, items, and moves are banned\n|rule|Evasion Abilities Clause: Evasion abilities are banned\n|rule|Evasion Items Clause: Evasion items are banned\n|rule|Evasion Moves Clause: Evasion moves are banned\n|rule|Species Clause: Limit one of each Pok\u00e9mon\n|rule|Sleep Clause Mod: Limit one foe put to sleep\n|clearpoke\n|poke|p1|Samurott-Hisui, M|\n|poke|p1|Staraptor, M|\n|poke|p1|Electrode-Hisui|\n|poke|p1|Gliscor, M|\n|poke|p1|Goodra-Hisui, F|\n|poke|p1|Gallade, M|\n|poke|p2|Charizard, M|\n|poke|p2|Blacephalon|\n|poke|p2|Great Tusk|\n|poke|p2|Lilligant-Hisui, F|\n|poke|p2|Victini|\n|poke|p2|Torkoal, F|\n|teampreview\n|inactive|Battle timer is ON: inactive players will automatically lose when time's up. (requested by Infinityn't)\n|\n|t:|1699933774\n|start\n|switch|p1a: Electrode|Electrode-Hisui|100\/100\n|switch|p2a: Trtl|Torkoal, F|100\/100\n|-weather|SunnyDay|[from] ability: Drought|[of] p2a: Trtl\n|turn|1\n|\n|t:|1699933783\n|move|p1a: Electrode|Taunt|p2a: Trtl\n|-start|p2a: Trtl|move: Taunt\n|move|p2a: Trtl|Lava Plume|p1a: Electrode\n|-supereffective|p1a: Electrode\n|-enditem|p1a: Electrode|Focus Sash\n|-damage|p1a: Electrode|1\/100\n|\n|-weather|SunnyDay|[upkeep]\n|upkeep\n|turn|2\n|\n|t:|1699933794\n|move|p1a: Electrode|Volt Switch|p2a: Trtl\n|-damage|p2a: Trtl|69\/100\n|\n|t:|1699933798\n|switch|p1a: Staraptor|Staraptor, M|100\/100|[from] Volt Switch\n|-ability|p1a: Staraptor|Intimidate|boost\n|-unboost|p2a: Trtl|atk|1\n|move|p2a: Trtl|Lava Plume|p1a: Staraptor\n|-damage|p1a: Staraptor|45\/100\n|\n|-weather|SunnyDay|[upkeep]\n|-heal|p2a: Trtl|75\/100|[from] item: Leftovers\n|upkeep\n|turn|3\n|\n|t:|1699933820\n|move|p1a: Staraptor|U-turn|p2a: Trtl\n|-resisted|p2a: Trtl\n|-damage|p2a: Trtl|66\/100\n|\n|t:|1699933826\n|switch|p1a: Electrode|Electrode-Hisui|1\/100|[from] U-turn\n|move|p2a: Trtl|Lava Plume|p1a: Electrode\n|-supereffective|p1a: Electrode\n|-damage|p1a: Electrode|0 fnt\n|faint|p1a: Electrode\n|\n|-weather|SunnyDay|[upkeep]\n|-heal|p2a: Trtl|72\/100|[from] item: Leftovers\n|-end|p2a: Trtl|move: Taunt\n|upkeep\n|\n|t:|1699933838\n|switch|p1a: Gliscor|Gliscor, M|100\/100\n|turn|4\n|\n|t:|1699933845\n|move|p1a: Gliscor|Substitute|p1a: Gliscor\n|-start|p1a: Gliscor|Substitute\n|-damage|p1a: Gliscor|76\/100\n|move|p2a: Trtl|Stealth Rock|p1a: Gliscor\n|-sidestart|p1: poyotora|move: Stealth Rock\n|\n|-weather|SunnyDay|[upkeep]\n|-heal|p2a: Trtl|78\/100|[from] item: Leftovers\n|-status|p1a: Gliscor|tox|[from] item: Toxic Orb\n|upkeep\n|turn|5\n|\n|t:|1699933859\n|move|p1a: Gliscor|Toxic|p2a: Trtl\n|-status|p2a: Trtl|tox\n|move|p2a: Trtl|Lava Plume|p1a: Gliscor\n|-end|p1a: Gliscor|Substitute\n|\n|-weather|none\n|-heal|p2a: Trtl|84\/100 tox|[from] item: Leftovers\n|-heal|p1a: Gliscor|88\/100 tox|[from] ability: Poison Heal\n|-damage|p2a: Trtl|78\/100 tox|[from] psn\n|upkeep\n|turn|6\n|\n|t:|1699933870\n|move|p1a: Gliscor|Protect|p1a: Gliscor\n|-singleturn|p1a: Gliscor|Protect\n|move|p2a: Trtl|Lava Plume|p1a: Gliscor\n|-activate|p1a: Gliscor|move: Protect\n|\n|-heal|p2a: Trtl|84\/100 tox|[from] item: Leftovers\n|-heal|p1a: Gliscor|100\/100 tox|[from] ability: Poison Heal\n|-damage|p2a: Trtl|72\/100 tox|[from] psn\n|upkeep\n|turn|7\n|\n|t:|1699933881\n|move|p1a: Gliscor|Substitute|p1a: Gliscor\n|-start|p1a: Gliscor|Substitute\n|-damage|p1a: Gliscor|76\/100 tox\n|move|p2a: Trtl|Lava Plume|p1a: Gliscor\n|-end|p1a: Gliscor|Substitute\n|\n|-heal|p2a: Trtl|78\/100 tox|[from] item: Leftovers\n|-heal|p1a: Gliscor|88\/100 tox|[from] ability: Poison Heal\n|-damage|p2a: Trtl|60\/100 tox|[from] psn\n|upkeep\n|turn|8\n|\n|t:|1699933892\n|move|p1a: Gliscor|Protect|p1a: Gliscor\n|-singleturn|p1a: Gliscor|Protect\n|move|p2a: Trtl|Lava Plume|p1a: Gliscor\n|-activate|p1a: Gliscor|move: Protect\n|\n|-heal|p2a: Trtl|66\/100 tox|[from] item: Leftovers\n|-heal|p1a: Gliscor|100\/100 tox|[from] ability: Poison Heal\n|-damage|p2a: Trtl|42\/100 tox|[from] psn\n|upkeep\n|turn|9\n|\n|t:|1699933904\n|move|p1a: Gliscor|Substitute|p1a: Gliscor\n|-start|p1a: Gliscor|Substitute\n|-damage|p1a: Gliscor|76\/100 tox\n|move|p2a: Trtl|Lava Plume|p1a: Gliscor\n|-end|p1a: Gliscor|Substitute\n|\n|-heal|p2a: Trtl|48\/100 tox|[from] item: Leftovers\n|-heal|p1a: Gliscor|88\/100 tox|[from] ability: Poison Heal\n|-damage|p2a: Trtl|18\/100 tox|[from] psn\n|upkeep\n|turn|10\n|\n|t:|1699933915\n|move|p1a: Gliscor|Protect|p1a: Gliscor\n|-singleturn|p1a: Gliscor|Protect\n|move|p2a: Trtl|Lava Plume|p1a: Gliscor\n|-activate|p1a: Gliscor|move: Protect\n|\n|-heal|p2a: Trtl|24\/100 tox|[from] item: Leftovers\n|-heal|p1a: Gliscor|100\/100 tox|[from] ability: Poison Heal\n|-damage|p2a: Trtl|0 fnt|[from] psn\n|faint|p2a: Trtl\n|upkeep\n|\n|t:|1699933928\n|switch|p2a: Less Cooler Mega|Charizard, M, shiny|100\/100\n|turn|11\n|\n|t:|1699933936\n|detailschange|p2a: Less Cooler Mega|Charizard-Mega-Y, M, shiny\n|-mega|p2a: Less Cooler Mega|Charizard|Charizardite Y\n|-weather|SunnyDay|[from] ability: Drought|[of] p2a: Less Cooler Mega\n|move|p2a: Less Cooler Mega|Weather Ball|p1a: Gliscor\n|-damage|p1a: Gliscor|17\/100 tox\n|move|p1a: Gliscor|Toxic|p2a: Less Cooler Mega\n|-status|p2a: Less Cooler Mega|tox\n|\n|-weather|SunnyDay|[upkeep]\n|-damage|p2a: Less Cooler Mega|94\/100 tox|[from] psn\n|-heal|p1a: Gliscor|30\/100 tox|[from] ability: Poison Heal\n|upkeep\n|turn|12\n|\n|t:|1699933949\n|move|p1a: Gliscor|Protect|p1a: Gliscor\n|-singleturn|p1a: Gliscor|Protect\n|move|p2a: Less Cooler Mega|Weather Ball|p1a: Gliscor\n|-activate|p1a: Gliscor|move: Protect\n|\n|-weather|SunnyDay|[upkeep]\n|-damage|p2a: Less Cooler Mega|82\/100 tox|[from] psn\n|-heal|p1a: Gliscor|42\/100 tox|[from] ability: Poison Heal\n|upkeep\n|turn|13\n|\n|t:|1699933968\n|switch|p1a: Goodra|Goodra-Hisui, F|100\/100\n|-damage|p1a: Goodra|94\/100|[from] Stealth Rock\n|move|p2a: Less Cooler Mega|Weather Ball|p1a: Goodra\n|-damage|p1a: Goodra|32\/100\n|\n|-weather|SunnyDay|[upkeep]\n|-damage|p2a: Less Cooler Mega|64\/100 tox|[from] psn\n|upkeep\n|turn|14\n|\n|t:|1699933982\n|move|p2a: Less Cooler Mega|Weather Ball|p1a: Goodra\n|-damage|p1a: Goodra|0 fnt\n|faint|p1a: Goodra\n|\n|-weather|SunnyDay|[upkeep]\n|-damage|p2a: Less Cooler Mega|40\/100 tox|[from] psn\n|upkeep\n|\n|t:|1699933998\n|switch|p1a: Samurott|Samurott-Hisui, M|100\/100\n|-damage|p1a: Samurott|88\/100|[from] Stealth Rock\n|turn|15\n|\n|t:|1699934012\n|switch|p2a: The Better Paradox|Great Tusk|100\/100\n|-activate|p2a: The Better Paradox|ability: Protosynthesis\n|-start|p2a: The Better Paradox|protosynthesisatk\n|move|p1a: Samurott|Sucker Punch||[still]\n|-fail|p1a: Samurott\n|\n|-weather|none\n|-end|p2a: The Better Paradox|Protosynthesis\n|upkeep\n|turn|16\n|\n|t:|1699934024\n|move|p2a: The Better Paradox|Rapid Spin|p1a: Samurott\n|-damage|p1a: Samurott|66\/100\n|-boost|p2a: The Better Paradox|spe|1\n|move|p1a: Samurott|Ceaseless Edge|p2a: The Better Paradox\n|-resisted|p2a: The Better Paradox\n|-damage|p2a: The Better Paradox|83\/100\n|-sidestart|p2: Infinityn't|Spikes\n|\n|-heal|p2a: The Better Paradox|89\/100|[from] item: Leftovers\n|upkeep\n|turn|17\n|\n|t:|1699934035\n|move|p2a: The Better Paradox|Rapid Spin|p1a: Samurott\n|-damage|p1a: Samurott|41\/100\n|-boost|p2a: The Better Paradox|spe|1\n|-sideend|p2: Infinityn't|Spikes|[from] move: Rapid Spin|[of] p2a: The Better Paradox\n|-enditem|p1a: Samurott|Sitrus Berry|[eat]\n|-heal|p1a: Samurott|66\/100|[from] item: Sitrus Berry\n|move|p1a: Samurott|Razor Shell|p2a: The Better Paradox\n|-supereffective|p2a: The Better Paradox\n|-damage|p2a: The Better Paradox|8\/100\n|\n|-heal|p2a: The Better Paradox|14\/100|[from] item: Leftovers\n|upkeep\n|turn|18\n|\n|t:|1699934047\n|move|p2a: The Better Paradox|Close Combat|p1a: Samurott\n|-supereffective|p1a: Samurott\n|-damage|p1a: Samurott|0 fnt\n|-unboost|p2a: The Better Paradox|def|1\n|-unboost|p2a: The Better Paradox|spd|1\n|faint|p1a: Samurott\n|\n|-heal|p2a: The Better Paradox|20\/100|[from] item: Leftovers\n|upkeep\n|\n|t:|1699934056\n|switch|p1a: Gallade|Gallade, M, shiny|100\/100\n|-damage|p1a: Gallade|95\/100|[from] Stealth Rock\n|turn|19\n|\n|t:|1699934066\n|-terastallize|p1a: Gallade|Fire\n|move|p1a: Gallade|Shadow Sneak|p2a: The Better Paradox\n|-damage|p2a: The Better Paradox|5\/100\n|move|p2a: The Better Paradox|Earthquake|p1a: Gallade\n|-supereffective|p1a: Gallade\n|-damage|p1a: Gallade|0 fnt\n|faint|p1a: Gallade\n|\n|-heal|p2a: The Better Paradox|11\/100|[from] item: Leftovers\n|upkeep\n|-message|poyotora forfeited.\n|\n|win|Infinityn't\n|raw|poyotora's rating: 1202 &rarr; <strong>1175<\/strong><br \/>(-27 for losing)\n|raw|Infinityn&apos;t's rating: 1176 &rarr; <strong>1203<\/strong><br \/>(+27 for winning)\n|l|\u2606poyotora\n","uploadtime":1699934080,"views":21,"p1id":"poyotora","p2id":"infinitynt","formatid":"gen9nationaldex","rating":1175,"private":0,"password":""}