{"id":"gen9nationaldex-1988952066","p1":"savagewolf98420","p2":"Zankrew","format":"[Gen 9] National Dex","log":"|j|\u2606savagewolf98420\n|j|\u2606Zankrew\n|t:|1699793557\n|gametype|singles\n|player|p1|savagewolf98420|koga|1204\n|player|p2|Zankrew|lance|1184\n|teamsize|p1|6\n|teamsize|p2|6\n|gen|9\n|tier|[Gen 9] National Dex\n|rated|\n|rule|HP Percentage Mod: HP is shown in percentages\n|rule|Endless Battle Clause: Forcing endless battles is banned\n|rule|OHKO Clause: OHKO moves are banned\n|rule|Evasion Clause: Evasion abilities, items, and moves are banned\n|rule|Evasion Abilities Clause: Evasion abilities are banned\n|rule|Evasion Items Clause: Evasion items are banned\n|rule|Evasion Moves Clause: Evasion moves are banned\n|rule|Species Clause: Limit one of each Pok\u00e9mon\n|rule|Sleep Clause Mod: Limit one foe put to sleep\n|clearpoke\n|poke|p1|Swampert, F|\n|poke|p1|Pelipper, M|\n|poke|p1|Zapdos|\n|poke|p1|Rotom-Wash|\n|poke|p1|Manaphy|\n|poke|p1|Kabutops, F|\n|poke|p2|Salamence, F|\n|poke|p2|Scizor, M|\n|poke|p2|Rotom-Wash|\n|poke|p2|Tapu Lele|\n|poke|p2|Tangrowth, F|\n|poke|p2|Mamoswine, M|\n|teampreview\n|inactive|Battle timer is ON: inactive players will automatically lose when time's up. (requested by savagewolf98420)\n|\n|t:|1699793566\n|start\n|switch|p1a: Pelipper|Pelipper, M|100\/100\n|switch|p2a: Tangrowth|Tangrowth, F|100\/100\n|-weather|RainDance|[from] ability: Drizzle|[of] p1a: Pelipper\n|turn|1\n|\n|t:|1699793575\n|move|p1a: Pelipper|Hurricane|p2a: Tangrowth\n|-supereffective|p2a: Tangrowth\n|-damage|p2a: Tangrowth|4\/100\n|move|p2a: Tangrowth|Leech Seed|p1a: Pelipper\n|-start|p1a: Pelipper|move: Leech Seed\n|\n|-weather|RainDance|[upkeep]\n|-heal|p2a: Tangrowth|10\/100|[from] item: Leftovers\n|-damage|p1a: Pelipper|88\/100|[from] Leech Seed|[of] p2a: Tangrowth\n|-heal|p2a: Tangrowth|20\/100|[silent]\n|upkeep\n|turn|2\n|\n|t:|1699793585\n|switch|p2a: Rotom|Rotom-Wash|100\/100\n|move|p1a: Pelipper|Hurricane|p2a: Rotom\n|-resisted|p2a: Rotom\n|-damage|p2a: Rotom|83\/100\n|\n|-weather|RainDance|[upkeep]\n|-heal|p2a: Rotom|89\/100|[from] item: Leftovers\n|-damage|p1a: Pelipper|76\/100|[from] Leech Seed|[of] p2a: Rotom\n|-heal|p2a: Rotom|100\/100|[silent]\n|upkeep\n|turn|3\n|\n|t:|1699793599\n|move|p2a: Rotom|Will-O-Wisp|p1a: Pelipper\n|-status|p1a: Pelipper|brn\n|move|p1a: Pelipper|U-turn|p2a: Rotom\n|-damage|p2a: Rotom|97\/100\n|\n|t:|1699793605\n|switch|p1a: Zapdos|Zapdos|100\/100|[from] U-turn\n|\n|-weather|RainDance|[upkeep]\n|-heal|p2a: Rotom|100\/100|[from] item: Leftovers\n|upkeep\n|turn|4\n|\n|t:|1699793615\n|move|p1a: Zapdos|Thunder|p2a: Rotom\n|-damage|p2a: Rotom|31\/100\n|move|p2a: Rotom|Volt Switch|p1a: Zapdos\n|-damage|p1a: Zapdos|74\/100\n|\n|t:|1699793621\n|switch|p2a: Mamoswine|Mamoswine, M|100\/100|[from] Volt Switch\n|\n|-weather|RainDance|[upkeep]\n|upkeep\n|turn|5\n|\n|t:|1699793639\n|move|p2a: Mamoswine|Icicle Crash|p1a: Zapdos|[miss]\n|-miss|p2a: Mamoswine|p1a: Zapdos\n|move|p1a: Zapdos|Hurricane|p2a: Mamoswine\n|-damage|p2a: Mamoswine|13\/100\n|-start|p2a: Mamoswine|confusion\n|\n|-weather|none\n|upkeep\n|turn|6\n|\n|t:|1699793651\n|switch|p1a: Rotom|Rotom-Wash|100\/100\n|-activate|p2a: Mamoswine|confusion\n|-damage|p2a: Mamoswine|0 fnt|[from] confusion\n|faint|p2a: Mamoswine\n|\n|upkeep\n|\n|t:|1699793658\n|switch|p2a: Tangrowth|Tangrowth, F|53\/100\n|turn|7\n|\n|t:|1699793665\n|move|p1a: Rotom|Rain Dance|p1a: Rotom\n|-weather|RainDance\n|move|p2a: Tangrowth|Leech Seed|p1a: Rotom\n|-start|p1a: Rotom|move: Leech Seed\n|\n|-weather|RainDance|[upkeep]\n|-heal|p2a: Tangrowth|59\/100|[from] item: Leftovers\n|-damage|p1a: Rotom|88\/100|[from] Leech Seed|[of] p2a: Tangrowth\n|-heal|p2a: Tangrowth|67\/100|[silent]\n|upkeep\n|turn|8\n|\n|t:|1699793676\n|move|p1a: Rotom|Toxic|p2a: Tangrowth\n|-status|p2a: Tangrowth|tox\n|move|p2a: Tangrowth|Knock Off|p1a: Rotom\n|-damage|p1a: Rotom|57\/100\n|-enditem|p1a: Rotom|Damp Rock|[from] move: Knock Off|[of] p2a: Tangrowth\n|\n|-weather|RainDance|[upkeep]\n|-heal|p2a: Tangrowth|73\/100 tox|[from] item: Leftovers\n|-damage|p1a: Rotom|45\/100|[from] Leech Seed|[of] p2a: Tangrowth\n|-heal|p2a: Tangrowth|80\/100 tox|[silent]\n|-damage|p2a: Tangrowth|74\/100 tox|[from] psn\n|upkeep\n|turn|9\n|\n|t:|1699793688\n|move|p1a: Rotom|Volt Switch|p2a: Tangrowth\n|-resisted|p2a: Tangrowth\n|-damage|p2a: Tangrowth|55\/100 tox\n|\n|t:|1699793693\n|switch|p1a: Kabutops|Kabutops, F|100\/100|[from] Volt Switch\n|move|p2a: Tangrowth|Leaf Storm|p1a: Kabutops\n|-supereffective|p1a: Kabutops\n|-enditem|p1a: Kabutops|Focus Sash\n|-damage|p1a: Kabutops|1\/100\n|-unboost|p2a: Tangrowth|spa|2\n|\n|-weather|RainDance|[upkeep]\n|-heal|p2a: Tangrowth|61\/100 tox|[from] item: Leftovers\n|-damage|p2a: Tangrowth|49\/100 tox|[from] psn\n|upkeep\n|turn|10\n|\n|t:|1699793709\n|move|p1a: Kabutops|Leech Life|p2a: Tangrowth\n|-supereffective|p2a: Tangrowth\n|-damage|p2a: Tangrowth|15\/100 tox\n|-heal|p1a: Kabutops|27\/100|[from] drain|[of] p2a: Tangrowth\n|move|p2a: Tangrowth|Knock Off|p1a: Kabutops\n|-damage|p1a: Kabutops|8\/100\n|\n|-weather|RainDance|[upkeep]\n|-heal|p2a: Tangrowth|21\/100 tox|[from] item: Leftovers\n|-damage|p2a: Tangrowth|2\/100 tox|[from] psn\n|upkeep\n|turn|11\n|\n|t:|1699793723\n|move|p1a: Kabutops|Flip Turn|p2a: Tangrowth\n|-resisted|p2a: Tangrowth\n|-damage|p2a: Tangrowth|0 fnt\n|faint|p2a: Tangrowth\n|\n|t:|1699793731\n|switch|p1a: Manaphy|Manaphy|100\/100|[from] Flip Turn\n|\n|-weather|RainDance|[upkeep]\n|upkeep\n|\n|t:|1699793741\n|switch|p2a: Tapu Lele|Tapu Lele|100\/100\n|-fieldstart|move: Psychic Terrain|[from] ability: Psychic Surge|[of] p2a: Tapu Lele\n|turn|12\n|\n|t:|1699793754\n|move|p2a: Tapu Lele|Psychic|p1a: Manaphy\n|-damage|p1a: Manaphy|47\/100\n|move|p1a: Manaphy|Tail Glow|p1a: Manaphy\n|-boost|p1a: Manaphy|spa|3\n|\n|-weather|RainDance|[upkeep]\n|-heal|p1a: Manaphy|53\/100|[from] item: Leftovers\n|upkeep\n|turn|13\n|\n|t:|1699793765\n|move|p2a: Tapu Lele|Psychic|p1a: Manaphy\n|-damage|p1a: Manaphy|3\/100\n|move|p1a: Manaphy|Rest|p1a: Manaphy\n|-status|p1a: Manaphy|slp|[from] move: Rest\n|-heal|p1a: Manaphy|100\/100 slp|[silent]\n|\n|-weather|RainDance|[upkeep]\n|-activate|p1a: Manaphy|ability: Hydration\n|-curestatus|p1a: Manaphy|slp|[msg]\n|upkeep\n|turn|14\n|\n|t:|1699793779\n|move|p2a: Tapu Lele|Psychic|p1a: Manaphy\n|-damage|p1a: Manaphy|53\/100\n|-unboost|p1a: Manaphy|spd|1\n|move|p1a: Manaphy|Scald|p2a: Tapu Lele\n|-damage|p2a: Tapu Lele|0 fnt\n|faint|p2a: Tapu Lele\n|\n|-weather|none\n|-heal|p1a: Manaphy|60\/100|[from] item: Leftovers\n|upkeep\n|\n|t:|1699793789\n|switch|p2a: Rotom|Rotom-Wash|31\/100\n|turn|15\n|\n|t:|1699793801\n|move|p1a: Manaphy|Shadow Ball|p2a: Rotom\n|-damage|p2a: Rotom|0 fnt\n|faint|p2a: Rotom\n|\n|-heal|p1a: Manaphy|66\/100|[from] item: Leftovers\n|upkeep\n|\n|t:|1699793810\n|switch|p2a: Salamence|Salamence, F|100\/100\n|turn|16\n|\n|t:|1699793817\n|move|p2a: Salamence|Dragon Dance|p2a: Salamence\n|-boost|p2a: Salamence|atk|1\n|-boost|p2a: Salamence|spe|1\n|move|p1a: Manaphy|Shadow Ball|p2a: Salamence\n|-damage|p2a: Salamence|25\/100\n|-unboost|p2a: Salamence|spd|1\n|\n|-heal|p1a: Manaphy|72\/100|[from] item: Leftovers\n|-fieldend|move: Psychic Terrain\n|upkeep\n|turn|17\n|\n|t:|1699793831\n|-zpower|p2a: Salamence\n|move|p2a: Salamence|Supersonic Skystrike|p1a: Manaphy|[zeffect]\n|-damage|p1a: Manaphy|0 fnt\n|faint|p1a: Manaphy\n|-ability|p2a: Salamence|Moxie|boost\n|-boost|p2a: Salamence|atk|1\n|\n|upkeep\n|\n|t:|1699793842\n|switch|p1a: Pelipper|Pelipper, M|76\/100 brn\n|-weather|RainDance|[from] ability: Drizzle|[of] p1a: Pelipper\n|turn|18\n|\n|t:|1699793852\n|move|p2a: Salamence|Dragon Claw|p1a: Pelipper\n|-damage|p1a: Pelipper|11\/100 brn\n|move|p1a: Pelipper|U-turn|p2a: Salamence\n|-resisted|p2a: Salamence\n|-damage|p2a: Salamence|22\/100\n|\n|t:|1699793861\n|switch|p1a: Kabutops|Kabutops, F|8\/100|[from] U-turn\n|\n|-weather|RainDance|[upkeep]\n|upkeep\n|turn|19\n|\n|t:|1699793870\n|move|p1a: Kabutops|Rock Slide|p2a: Salamence\n|-supereffective|p2a: Salamence\n|-damage|p2a: Salamence|0 fnt\n|faint|p2a: Salamence\n|\n|-weather|RainDance|[upkeep]\n|upkeep\n|\n|t:|1699793875\n|switch|p2a: Scizor|Scizor, M|100\/100\n|turn|20\n|\n|t:|1699793882\n|detailschange|p2a: Scizor|Scizor-Mega, M\n|-mega|p2a: Scizor|Scizor|Scizorite\n|move|p1a: Kabutops|Flip Turn|p2a: Scizor\n|-damage|p2a: Scizor|68\/100\n|\n|t:|1699793890\n|switch|p1a: Zapdos|Zapdos|74\/100|[from] Flip Turn\n|move|p2a: Scizor|Swords Dance|p2a: Scizor\n|-boost|p2a: Scizor|atk|2\n|\n|-weather|RainDance|[upkeep]\n|upkeep\n|turn|21\n|\n|t:|1699793901\n|move|p2a: Scizor|Bullet Punch|p1a: Zapdos\n|-resisted|p1a: Zapdos\n|-damage|p1a: Zapdos|37\/100\n|-status|p2a: Scizor|par|[from] ability: Static|[of] p1a: Zapdos\n|move|p1a: Zapdos|Hurricane|p2a: Scizor\n|-damage|p2a: Scizor|13\/100 par\n|\n|-weather|RainDance|[upkeep]\n|upkeep\n|turn|22\n|-message|Zankrew forfeited.\n|\n|win|savagewolf98420\n|raw|savagewolf98420's rating: 1204 &rarr; <strong>1228<\/strong><br \/>(+24 for winning)\n|raw|Zankrew's rating: 1184 &rarr; <strong>1160<\/strong><br \/>(-24 for losing)\n|l|\u2606Zankrew\n","uploadtime":1699793913,"views":4,"p1id":"savagewolf98420","p2id":"zankrew","formatid":"gen9nationaldex","rating":1160,"private":0,"password":""}