{"id":"gen9nationaldex-1998228284","p1":"violetevera","p2":"guixiyu114514","format":"[Gen 9] National Dex","log":"|html|<div class=\"broadcast-blue\"><strong>[Gen 9] National Dex is currently suspecting Sneasler! For information on how to participate check out the <a href=\"https:\/\/www.smogon.com\/forums\/threads\/sv-national-dex-suspect-8-just-dance.3731534\/\">suspect thread<\/a>.<\/strong><\/div>\n|j|\u203dvioletevera\n|j|\u2606guixiyu114514\n|t:|1700916331\n|gametype|singles\n|player|p1|violetevera|dawn|1169\n|player|p2|guixiyu114514|170|1254\n|teamsize|p1|6\n|teamsize|p2|6\n|gen|9\n|tier|[Gen 9] National Dex\n|rated|\n|rule|HP Percentage Mod: HP is shown in percentages\n|rule|Endless Battle Clause: Forcing endless battles is banned\n|rule|OHKO Clause: OHKO moves are banned\n|rule|Evasion Clause: Evasion abilities, items, and moves are banned\n|rule|Evasion Abilities Clause: Evasion abilities are banned\n|rule|Evasion Items Clause: Evasion items are banned\n|rule|Evasion Moves Clause: Evasion moves are banned\n|rule|Species Clause: Limit one of each Pok\u00e9mon\n|rule|Sleep Clause Mod: Limit one foe put to sleep\n|clearpoke\n|poke|p1|Landorus-Therian, M|\n|poke|p1|Ampharos, F|\n|poke|p1|Heatran, F|\n|poke|p1|Sylveon, F|\n|poke|p1|Alomomola, M|\n|poke|p1|Ninetales-Alola, F|\n|poke|p2|Garchomp, F|\n|poke|p2|Tapu Lele|\n|poke|p2|Rillaboom, M|\n|poke|p2|Moltres|\n|poke|p2|Diancie|\n|poke|p2|Blaziken, M|\n|teampreview\n|inactive|Battle timer is ON: inactive players will automatically lose when time's up. (requested by violetevera)\n|\n|t:|1700916344\n|start\n|switch|p1a: Ninetales|Ninetales-Alola, F|100\/100\n|switch|p2a: Diancie|Diancie|100\/100\n|-weather|Snow|[from] ability: Snow Warning|[of] p1a: Ninetales\n|turn|1\n|\n|t:|1700916365\n|switch|p1a: Landorus|Landorus-Therian, M|100\/100\n|-ability|p1a: Landorus|Intimidate|boost\n|-fail|p2a: Diancie|unboost|[from] ability: Clear Body|[of] p2a: Diancie\n|detailschange|p2a: Diancie|Diancie-Mega\n|-mega|p2a: Diancie|Diancie|Diancite\n|move|p2a: Diancie|Power Gem|p1a: Landorus\n|-damage|p1a: Landorus|31\/100\n|\n|-weather|Snow|[upkeep]\n|upkeep\n|turn|2\n|\n|t:|1700916373\n|move|p1a: Landorus|Earthquake|p2a: Diancie\n|-supereffective|p2a: Diancie\n|-damage|p2a: Diancie|0 fnt\n|faint|p2a: Diancie\n|\n|-weather|Snow|[upkeep]\n|upkeep\n|\n|t:|1700916378\n|switch|p2a: Rillaboom|Rillaboom, M|100\/100\n|-fieldstart|move: Grassy Terrain|[from] ability: Grassy Surge|[of] p2a: Rillaboom\n|turn|3\n|\n|t:|1700916382\n|switch|p1a: Ninetales|Ninetales-Alola, F|100\/100\n|move|p2a: Rillaboom|Superpower|p1a: Ninetales\n|-damage|p1a: Ninetales|47\/100\n|-unboost|p2a: Rillaboom|atk|1\n|-unboost|p2a: Rillaboom|def|1\n|\n|-weather|Snow|[upkeep]\n|-heal|p1a: Ninetales|53\/100|[from] Grassy Terrain\n|upkeep\n|turn|4\n|\n|t:|1700916399\n|switch|p1a: Heatran|Heatran, F|100\/100\n|switch|p2a: Blaziken|Blaziken, M|100\/100\n|\n|-weather|Snow|[upkeep]\n|upkeep\n|turn|5\n|\n|t:|1700916408\n|move|p2a: Blaziken|Hone Claws|p2a: Blaziken\n|-boost|p2a: Blaziken|atk|1\n|-boost|p2a: Blaziken|accuracy|1\n|move|p1a: Heatran|Stealth Rock|p2a: Blaziken\n|-sidestart|p2: guixiyu114514|move: Stealth Rock\n|\n|-weather|none\n|-ability|p2a: Blaziken|Speed Boost|boost\n|-boost|p2a: Blaziken|spe|1\n|upkeep\n|turn|6\n|\n|t:|1700916413\n|move|p2a: Blaziken|Hone Claws|p2a: Blaziken\n|-boost|p2a: Blaziken|atk|1\n|-boost|p2a: Blaziken|accuracy|1\n|move|p1a: Heatran|Earth Power|p2a: Blaziken\n|-supereffective|p2a: Blaziken\n|-enditem|p2a: Blaziken|Focus Sash\n|-damage|p2a: Blaziken|1\/100\n|\n|-heal|p2a: Blaziken|7\/100|[from] Grassy Terrain\n|-ability|p2a: Blaziken|Speed Boost|boost\n|-boost|p2a: Blaziken|spe|1\n|upkeep\n|turn|7\n|inactive|violetevera has 120 seconds left.\n|\n|t:|1700916447\n|move|p2a: Blaziken|Close Combat|p1a: Heatran\n|-supereffective|p1a: Heatran\n|-damage|p1a: Heatran|0 fnt\n|-unboost|p2a: Blaziken|def|1\n|-unboost|p2a: Blaziken|spd|1\n|faint|p1a: Heatran\n|\n|-heal|p2a: Blaziken|13\/100|[from] Grassy Terrain\n|-fieldend|move: Grassy Terrain\n|-ability|p2a: Blaziken|Speed Boost|boost\n|-boost|p2a: Blaziken|spe|1\n|upkeep\n|inactive|violetevera has 120 seconds left.\n|\n|t:|1700916459\n|switch|p1a: Sylveon|Sylveon, F|100\/100\n|turn|8\n|\n|t:|1700916463\n|-terastallize|p2a: Blaziken|Fire\n|move|p1a: Sylveon|Quick Attack|p2a: Blaziken\n|-resisted|p2a: Blaziken\n|-damage|p2a: Blaziken|0 fnt\n|faint|p2a: Blaziken\n|\n|upkeep\n|\n|t:|1700916469\n|switch|p2a: Tapu Lele|Tapu Lele|100\/100\n|-damage|p2a: Tapu Lele|88\/100|[from] Stealth Rock\n|-fieldstart|move: Psychic Terrain|[from] ability: Psychic Surge|[of] p2a: Tapu Lele\n|turn|9\n|\n|t:|1700916477\n|-terastallize|p1a: Sylveon|Steel\n|move|p2a: Tapu Lele|Psychic|p1a: Sylveon\n|-resisted|p1a: Sylveon\n|-damage|p1a: Sylveon|65\/100\n|move|p1a: Sylveon|Hyper Voice|p2a: Tapu Lele\n|-damage|p2a: Tapu Lele|39\/100\n|\n|-heal|p1a: Sylveon|72\/100|[from] item: Leftovers\n|upkeep\n|turn|10\n|\n|t:|1700916490\n|switch|p2a: Moltres|Moltres|100\/100\n|move|p1a: Sylveon|Hyper Voice|p2a: Moltres\n|-resisted|p2a: Moltres\n|-damage|p2a: Moltres|72\/100\n|\n|-heal|p1a: Sylveon|78\/100|[from] item: Leftovers\n|upkeep\n|turn|11\n|\n|t:|1700916498\n|move|p2a: Moltres|Defog|p1a: Sylveon\n|-unboost|p1a: Sylveon|evasion|1\n|-sideend|p2: guixiyu114514|Stealth Rock|[from] move: Defog|[of] p2a: Moltres\n|-fieldend|move: Psychic Terrain\n|move|p1a: Sylveon|Wish|p1a: Sylveon\n|\n|-heal|p1a: Sylveon|84\/100|[from] item: Leftovers\n|upkeep\n|turn|12\n|\n|t:|1700916503\n|switch|p1a: Ampharos|Ampharos, F|100\/100\n|move|p2a: Moltres|Flamethrower|p1a: Ampharos\n|-damage|p1a: Ampharos|68\/100\n|\n|-heal|p1a: Ampharos|100\/100|[from] move: Wish|[wisher] Sylveon\n|upkeep\n|turn|13\n|\n|t:|1700916517\n|detailschange|p1a: Ampharos|Ampharos-Mega, F\n|-mega|p1a: Ampharos|Ampharos|Ampharosite\n|-ability|p1a: Ampharos|Mold Breaker\n|move|p2a: Moltres|U-turn|p1a: Ampharos\n|-damage|p1a: Ampharos|88\/100\n|\n|t:|1700916522\n|switch|p2a: Garchomp|Garchomp, F|100\/100|[from] U-turn\n|move|p1a: Ampharos|Curse|p1a: Ampharos\n|-unboost|p1a: Ampharos|spe|1\n|-boost|p1a: Ampharos|atk|1\n|-boost|p1a: Ampharos|def|1\n|\n|upkeep\n|turn|14\n|\n|t:|1700916539\n|move|p2a: Garchomp|Earthquake|p1a: Ampharos\n|-supereffective|p1a: Ampharos\n|-damage|p1a: Ampharos|22\/100\n|move|p1a: Ampharos|Outrage|p2a: Garchomp\n|-supereffective|p2a: Garchomp\n|-damage|p2a: Garchomp|0 fnt\n|-damage|p1a: Ampharos|10\/100|[from] ability: Rough Skin|[of] p2a: Garchomp\n|faint|p2a: Garchomp\n|\n|upkeep\n|\n|t:|1700916543\n|switch|p2a: Tapu Lele|Tapu Lele|39\/100\n|-fieldstart|move: Psychic Terrain|[from] ability: Psychic Surge|[of] p2a: Tapu Lele\n|turn|15\n|\n|t:|1700916553\n|move|p2a: Tapu Lele|Psychic|p1a: Ampharos\n|-damage|p1a: Ampharos|0 fnt\n|faint|p1a: Ampharos\n|\n|upkeep\n|\n|t:|1700916560\n|switch|p1a: Sylveon|Sylveon, F, tera:Steel|84\/100\n|turn|16\n|\n|t:|1700916571\n|move|p2a: Tapu Lele|Psychic|p1a: Sylveon\n|-resisted|p1a: Sylveon\n|-damage|p1a: Sylveon|52\/100\n|move|p1a: Sylveon|Hyper Voice|p2a: Tapu Lele\n|-damage|p2a: Tapu Lele|0 fnt\n|faint|p2a: Tapu Lele\n|\n|-heal|p1a: Sylveon|58\/100|[from] item: Leftovers\n|upkeep\n|\n|t:|1700916575\n|switch|p2a: Moltres|Moltres|72\/100\n|turn|17\n|\n|t:|1700916584\n|switch|p1a: Alomomola|Alomomola, M|100\/100\n|move|p2a: Moltres|Flamethrower|p1a: Alomomola\n|-resisted|p1a: Alomomola\n|-damage|p1a: Alomomola|84\/100\n|\n|upkeep\n|turn|18\n|\n|t:|1700916589\n|switch|p2a: Rillaboom|Rillaboom, M|100\/100\n|-fieldstart|move: Grassy Terrain|[from] ability: Grassy Surge|[of] p2a: Rillaboom\n|move|p1a: Alomomola|Wish|p1a: Alomomola\n|\n|-heal|p1a: Alomomola|90\/100|[from] Grassy Terrain\n|upkeep\n|turn|19\n|\n|t:|1700916599\n|switch|p1a: Landorus|Landorus-Therian, M|31\/100\n|-ability|p1a: Landorus|Intimidate|boost\n|-unboost|p2a: Rillaboom|atk|1\n|move|p2a: Rillaboom|Wood Hammer|p1a: Landorus\n|-damage|p1a: Landorus|0 fnt\n|faint|p1a: Landorus\n|-damage|p2a: Rillaboom|92\/100|[from] Recoil\n|\n|-heal|p2a: Rillaboom|99\/100|[from] Grassy Terrain\n|upkeep\n|\n|t:|1700916606\n|switch|p1a: Ninetales|Ninetales-Alola, F|53\/100\n|-weather|Snow|[from] ability: Snow Warning|[of] p1a: Ninetales\n|turn|20\n|\n|t:|1700916618\n|switch|p2a: Moltres|Moltres|72\/100\n|move|p1a: Ninetales|Freeze-Dry|p2a: Moltres\n|-damage|p2a: Moltres|52\/100\n|\n|-weather|Snow|[upkeep]\n|-heal|p1a: Ninetales|59\/100|[from] Grassy Terrain\n|upkeep\n|turn|21\n|\n|t:|1700916623\n|move|p1a: Ninetales|Aurora Veil|p1a: Ninetales\n|-sidestart|p1: violetevera|move: Aurora Veil\n|move|p2a: Moltres|Roost|p2a: Moltres\n|-heal|p2a: Moltres|100\/100\n|-singleturn|p2a: Moltres|move: Roost\n|\n|-weather|Snow|[upkeep]\n|-heal|p1a: Ninetales|65\/100|[from] Grassy Terrain\n|upkeep\n|turn|22\n|\n|t:|1700916629\n|switch|p1a: Alomomola|Alomomola, M|100\/100\n|move|p2a: Moltres|Defog|p1a: Alomomola\n|-unboost|p1a: Alomomola|evasion|1\n|-sideend|p1: violetevera|move: Aurora Veil\n|-fieldend|move: Grassy Terrain\n|\n|-weather|Snow|[upkeep]\n|upkeep\n|turn|23\n|\n|t:|1700916633\n|switch|p2a: Rillaboom|Rillaboom, M|99\/100\n|-fieldstart|move: Grassy Terrain|[from] ability: Grassy Surge|[of] p2a: Rillaboom\n|move|p1a: Alomomola|Wish|p1a: Alomomola\n|\n|-weather|Snow|[upkeep]\n|-heal|p2a: Rillaboom|100\/100|[from] Grassy Terrain\n|upkeep\n|turn|24\n|\n|t:|1700916642\n|move|p2a: Rillaboom|Wood Hammer|p1a: Alomomola\n|-supereffective|p1a: Alomomola\n|-damage|p1a: Alomomola|0 fnt\n|faint|p1a: Alomomola\n|-damage|p2a: Rillaboom|61\/100|[from] Recoil\n|\n|-weather|none\n|-heal|p2a: Rillaboom|68\/100|[from] Grassy Terrain\n|upkeep\n|\n|t:|1700916647\n|switch|p1a: Sylveon|Sylveon, F, tera:Steel|58\/100\n|turn|25\n|\n|t:|1700916655\n|move|p2a: Rillaboom|Wood Hammer|p1a: Sylveon\n|-resisted|p1a: Sylveon\n|-crit|p1a: Sylveon\n|-damage|p1a: Sylveon|0 fnt\n|faint|p1a: Sylveon\n|-damage|p2a: Rillaboom|49\/100|[from] Recoil\n|\n|-heal|p2a: Rillaboom|55\/100|[from] Grassy Terrain\n|upkeep\n|\n|t:|1700916659\n|switch|p1a: Ninetales|Ninetales-Alola, F|65\/100\n|-weather|Snow|[from] ability: Snow Warning|[of] p1a: Ninetales\n|turn|26\n|\n|t:|1700916663\n|switch|p2a: Moltres|Moltres|100\/100\n|move|p1a: Ninetales|Freeze-Dry|p2a: Moltres\n|-damage|p2a: Moltres|79\/100\n|-status|p2a: Moltres|frz\n|\n|-weather|Snow|[upkeep]\n|-heal|p1a: Ninetales|71\/100|[from] Grassy Terrain\n|upkeep\n|turn|27\n|\n|t:|1700916673\n|move|p1a: Ninetales|Freeze-Dry|p2a: Moltres\n|-damage|p2a: Moltres|59\/100 frz\n|cant|p2a: Moltres|frz\n|\n|-weather|Snow|[upkeep]\n|-heal|p1a: Ninetales|77\/100|[from] Grassy Terrain\n|-fieldend|move: Grassy Terrain\n|upkeep\n|turn|28\n|\n|t:|1700916679\n|move|p1a: Ninetales|Freeze-Dry|p2a: Moltres\n|-damage|p2a: Moltres|38\/100 frz\n|cant|p2a: Moltres|frz\n|\n|-weather|Snow|[upkeep]\n|upkeep\n|turn|29\n|\n|t:|1700916689\n|move|p1a: Ninetales|Aurora Veil|p1a: Ninetales\n|-sidestart|p1: violetevera|move: Aurora Veil\n|cant|p2a: Moltres|frz\n|\n|-weather|Snow|[upkeep]\n|upkeep\n|turn|30\n|\n|t:|1700916693\n|move|p1a: Ninetales|Freeze-Dry|p2a: Moltres\n|-damage|p2a: Moltres|18\/100 frz\n|-curestatus|p2a: Moltres|frz|[msg]\n|move|p2a: Moltres|Roost|p2a: Moltres\n|-heal|p2a: Moltres|68\/100\n|-singleturn|p2a: Moltres|move: Roost\n|\n|-weather|none\n|upkeep\n|turn|31\n|\n|t:|1700916700\n|move|p1a: Ninetales|Encore|p2a: Moltres\n|-start|p2a: Moltres|Encore\n|move|p2a: Moltres|Roost|p2a: Moltres\n|-heal|p2a: Moltres|100\/100\n|-singleturn|p2a: Moltres|move: Roost\n|\n|upkeep\n|turn|32\n|\n|t:|1700916704\n|switch|p2a: Rillaboom|Rillaboom, M|55\/100\n|-fieldstart|move: Grassy Terrain|[from] ability: Grassy Surge|[of] p2a: Rillaboom\n|move|p1a: Ninetales|Freeze-Dry|p2a: Rillaboom\n|-supereffective|p2a: Rillaboom\n|-damage|p2a: Rillaboom|9\/100\n|\n|-heal|p1a: Ninetales|83\/100|[from] Grassy Terrain\n|-heal|p2a: Rillaboom|15\/100|[from] Grassy Terrain\n|upkeep\n|turn|33\n|\n|t:|1700916708\n|switch|p2a: Moltres|Moltres|100\/100\n|move|p1a: Ninetales|Freeze-Dry|p2a: Moltres\n|-crit|p2a: Moltres\n|-damage|p2a: Moltres|67\/100\n|\n|-heal|p1a: Ninetales|89\/100|[from] Grassy Terrain\n|upkeep\n|turn|34\n|\n|t:|1700916718\n|move|p1a: Ninetales|Freeze-Dry|p2a: Moltres\n|-damage|p2a: Moltres|44\/100\n|move|p2a: Moltres|Flamethrower|p1a: Ninetales\n|-supereffective|p1a: Ninetales\n|-damage|p1a: Ninetales|56\/100\n|\n|-heal|p1a: Ninetales|62\/100|[from] Grassy Terrain\n|upkeep\n|turn|35\n|\n|t:|1700916725\n|move|p1a: Ninetales|Freeze-Dry|p2a: Moltres\n|-damage|p2a: Moltres|22\/100\n|move|p2a: Moltres|Flamethrower|p1a: Ninetales\n|-supereffective|p1a: Ninetales\n|-damage|p1a: Ninetales|22\/100\n|\n|-heal|p1a: Ninetales|28\/100|[from] Grassy Terrain\n|upkeep\n|turn|36\n|\n|t:|1700916731\n|move|p1a: Ninetales|Freeze-Dry|p2a: Moltres\n|-damage|p2a: Moltres|2\/100\n|-status|p2a: Moltres|frz\n|cant|p2a: Moltres|frz\n|\n|-heal|p1a: Ninetales|34\/100|[from] Grassy Terrain\n|-sideend|p1: violetevera|move: Aurora Veil\n|-fieldend|move: Grassy Terrain\n|upkeep\n|turn|37\n|j| atomicheartstart\n|\n|t:|1700916739\n|switch|p2a: Rillaboom|Rillaboom, M|15\/100\n|-fieldstart|move: Grassy Terrain|[from] ability: Grassy Surge|[of] p2a: Rillaboom\n|move|p1a: Ninetales|Aurora Veil||[still]\n|-fail|p1a: Ninetales\n|\n|-heal|p1a: Ninetales|40\/100|[from] Grassy Terrain\n|-heal|p2a: Rillaboom|21\/100|[from] Grassy Terrain\n|upkeep\n|turn|38\n|l| atomicheartstart\n|\n|t:|1700916744\n|move|p2a: Rillaboom|Grassy Glide|p1a: Ninetales\n|-damage|p1a: Ninetales|0 fnt\n|faint|p1a: Ninetales\n|\n|win|guixiyu114514\n|raw|violetevera's rating: 1169 &rarr; <strong>1150<\/strong><br \/>(-19 for losing)\n|raw|guixiyu114514's rating: 1254 &rarr; <strong>1273<\/strong><br \/>(+19 for winning)\n|l|\u203dvioletevera\n","uploadtime":1700916749,"views":18,"p1id":"violetevera","p2id":"guixiyu114514","formatid":"gen9nationaldex","rating":1150,"private":0,"password":""}