{"id":"gen9nationaldex-1989306127","p1":"XXMurdrXX","p2":"ND9T2 tutiop","format":"[Gen 9] National Dex","log":"|j|\u2606XXMurdrXX\n|j|\u2606ND9T2 tutiop\n|inactive|Battle timer is ON: inactive players will automatically lose when time's up.\n|t:|1699834335\n|gametype|singles\n|player|p1|XXMurdrXX|az|\n|player|p2|ND9T2 tutiop|ingo|\n|teamsize|p1|6\n|teamsize|p2|6\n|gen|9\n|tier|[Gen 9] National Dex\n|rated|Tournament battle\n|rule|HP Percentage Mod: HP is shown in percentages\n|rule|Endless Battle Clause: Forcing endless battles is banned\n|rule|OHKO Clause: OHKO moves are banned\n|rule|Evasion Clause: Evasion abilities, items, and moves are banned\n|rule|Evasion Abilities Clause: Evasion abilities are banned\n|rule|Evasion Items Clause: Evasion items are banned\n|rule|Evasion Moves Clause: Evasion moves are banned\n|rule|Species Clause: Limit one of each Pok\u00e9mon\n|rule|Sleep Clause Mod: Limit one foe put to sleep\n|clearpoke\n|poke|p1|Zeraora|\n|poke|p1|Ferrothorn, M|\n|poke|p1|Alomomola, M|\n|poke|p1|Moltres|\n|poke|p1|Slowking-Galar, M|\n|poke|p1|Garchomp, M|\n|poke|p2|Pelipper, F|\n|poke|p2|Tornadus-Therian, M|\n|poke|p2|Ferrothorn, F|\n|poke|p2|Swampert, F|\n|poke|p2|Manaphy|\n|poke|p2|Omastar, M|\n|teampreview\n|inactive|XXMurdrXX also wants the timer to be on.\n|\n|t:|1699834339\n|start\n|switch|p1a: Zeraora|Zeraora|100\/100\n|switch|p2a: TlalocK\u00e1n|Pelipper, F|100\/100\n|-weather|RainDance|[from] ability: Drizzle|[of] p2a: TlalocK\u00e1n\n|turn|1\n|\n|t:|1699834352\n|switch|p2a: Swampert|Swampert, F, shiny|100\/100\n|move|p1a: Zeraora|Grass Knot|p2a: Swampert\n|-supereffective|p2a: Swampert\n|-damage|p2a: Swampert|0 fnt\n|faint|p2a: Swampert\n|-damage|p1a: Zeraora|91\/100|[from] item: Life Orb\n|\n|-weather|RainDance|[upkeep]\n|upkeep\n|\n|t:|1699834363\n|switch|p2a: Elrompe|Manaphy|100\/100\n|turn|2\n|\n|t:|1699834369\n|move|p1a: Zeraora|Plasma Fists|p2a: Elrompe\n|-supereffective|p2a: Elrompe\n|-damage|p2a: Elrompe|10\/100\n|-fieldactivate|move: Ion Deluge\n|-hint|Normal-type moves become Electric-type after using Plasma Fists.\n|-damage|p1a: Zeraora|81\/100|[from] item: Life Orb\n|-zpower|p2a: Elrompe\n|move|p2a: Elrompe|Hydro Vortex|p1a: Zeraora|[zeffect]\n|-damage|p1a: Zeraora|0 fnt\n|faint|p1a: Zeraora\n|\n|-weather|RainDance|[upkeep]\n|upkeep\n|\n|t:|1699834382\n|switch|p1a: Garchomp|Garchomp, M, shiny|100\/100\n|turn|3\n|\n|t:|1699834390\n|switch|p2a: Tornadus|Tornadus-Therian, M|100\/100\n|move|p1a: Garchomp|Earthquake|p2a: Tornadus\n|-immune|p2a: Tornadus\n|\n|-weather|RainDance|[upkeep]\n|upkeep\n|turn|4\n|\n|t:|1699834397\n|switch|p1a: Slowking|Slowking-Galar, M, shiny|100\/100\n|move|p2a: Tornadus|Hurricane|p1a: Slowking\n|-damage|p1a: Slowking|75\/100\n|-start|p1a: Slowking|confusion\n|\n|-weather|RainDance|[upkeep]\n|upkeep\n|turn|5\n|\n|t:|1699834404\n|move|p2a: Tornadus|Knock Off|p1a: Slowking\n|-supereffective|p1a: Slowking\n|-damage|p1a: Slowking|32\/100\n|-enditem|p1a: Slowking|Heavy-Duty Boots|[from] move: Knock Off|[of] p2a: Tornadus\n|-activate|p1a: Slowking|confusion\n|move|p1a: Slowking|Chilly Reception|p1a: Slowking\n|-weather|Snow\n|\n|t:|1699834413\n|switch|p1a: Garchomp|Garchomp, M, shiny|100\/100|[from] Chilly Reception\n|\n|-weather|Snow|[upkeep]\n|upkeep\n|turn|6\n|\n|t:|1699834419\n|detailschange|p1a: Garchomp|Garchomp-Mega, M, shiny\n|-mega|p1a: Garchomp|Garchomp|Garchompite\n|move|p2a: Tornadus|U-turn|p1a: Garchomp\n|-damage|p1a: Garchomp|89\/100\n|\n|t:|1699834420\n|switch|p2a: TlalocK\u00e1n|Pelipper, F|100\/100|[from] U-turn\n|-weather|RainDance|[from] ability: Drizzle|[of] p2a: TlalocK\u00e1n\n|move|p1a: Garchomp|Stealth Rock|p2a: TlalocK\u00e1n\n|-sidestart|p2: ND9T2 tutiop|move: Stealth Rock\n|\n|-weather|RainDance|[upkeep]\n|upkeep\n|turn|7\n|\n|t:|1699834428\n|switch|p1a: Slowking|Slowking-Galar, M, shiny|66\/100\n|switch|p2a: Tornadus|Tornadus-Therian, M|100\/100\n|\n|-weather|RainDance|[upkeep]\n|upkeep\n|turn|8\n|j| melonystool\n|l| melonystool\n|\n|t:|1699834435\n|move|p2a: Tornadus|Defog|p1a: Slowking\n|-unboost|p1a: Slowking|evasion|1\n|-sideend|p2: ND9T2 tutiop|Stealth Rock|[from] move: Defog|[of] p2a: Tornadus\n|move|p1a: Slowking|Thunder Wave|p2a: Tornadus\n|-status|p2a: Tornadus|par\n|\n|-weather|RainDance|[upkeep]\n|upkeep\n|turn|9\n|\n|t:|1699834443\n|move|p2a: Tornadus|U-turn|p1a: Slowking\n|-damage|p1a: Slowking|50\/100\n|\n|t:|1699834445\n|switch|p2a: Ferrothorn|Ferrothorn, F, shiny|100\/100|[from] U-turn\n|move|p1a: Slowking|Chilly Reception|p1a: Slowking\n|-weather|Snow\n|\n|t:|1699834452\n|switch|p1a: Moltres|Moltres, shiny|100\/100|[from] Chilly Reception\n|\n|-weather|Snow|[upkeep]\n|upkeep\n|turn|10\n|\n|t:|1699834461\n|switch|p2a: TlalocK\u00e1n|Pelipper, F|100\/100\n|-weather|RainDance|[from] ability: Drizzle|[of] p2a: TlalocK\u00e1n\n|move|p1a: Moltres|U-turn|p2a: TlalocK\u00e1n\n|-resisted|p2a: TlalocK\u00e1n\n|-damage|p2a: TlalocK\u00e1n|92\/100\n|\n|t:|1699834468\n|switch|p1a: Slowking|Slowking-Galar, M, shiny|84\/100|[from] U-turn\n|\n|-weather|RainDance|[upkeep]\n|upkeep\n|turn|11\n|\n|t:|1699834474\n|move|p2a: TlalocK\u00e1n|U-turn|p1a: Slowking\n|-damage|p1a: Slowking|75\/100\n|\n|t:|1699834476\n|switch|p2a: Ferrothorn|Ferrothorn, F, shiny|100\/100|[from] U-turn\n|move|p1a: Slowking|Chilly Reception|p1a: Slowking\n|-weather|Snow\n|\n|t:|1699834481\n|switch|p1a: Garchomp|Garchomp-Mega, M, shiny|89\/100|[from] Chilly Reception\n|\n|-weather|Snow|[upkeep]\n|upkeep\n|turn|12\n|\n|t:|1699834486\n|move|p1a: Garchomp|Fire Blast|p2a: Ferrothorn\n|-supereffective|p2a: Ferrothorn\n|-damage|p2a: Ferrothorn|0 fnt\n|faint|p2a: Ferrothorn\n|\n|-weather|Snow|[upkeep]\n|upkeep\n|\n|t:|1699834489\n|switch|p2a: TlalocK\u00e1n|Pelipper, F|92\/100\n|-weather|RainDance|[from] ability: Drizzle|[of] p2a: TlalocK\u00e1n\n|turn|13\n|\n|t:|1699834494\n|switch|p1a: Slowking|Slowking-Galar, M, shiny|100\/100\n|move|p2a: TlalocK\u00e1n|U-turn|p1a: Slowking\n|-damage|p1a: Slowking|92\/100\n|\n|t:|1699834496\n|switch|p2a: 8rtos|Omastar, M|100\/100|[from] U-turn\n|\n|-weather|RainDance|[upkeep]\n|upkeep\n|turn|14\n|\n|t:|1699834502\n|-terastallize|p2a: 8rtos|Water\n|move|p2a: 8rtos|Hydro Pump|p1a: Slowking\n|-damage|p1a: Slowking|0 fnt\n|faint|p1a: Slowking\n|\n|-weather|RainDance|[upkeep]\n|upkeep\n|\n|t:|1699834508\n|switch|p1a: Ferrothorn|Ferrothorn, M, shiny|100\/100\n|turn|15\n|\n|t:|1699834511\n|move|p2a: 8rtos|Hydro Pump|p1a: Ferrothorn\n|-resisted|p1a: Ferrothorn\n|-damage|p1a: Ferrothorn|22\/100\n|move|p1a: Ferrothorn|Leech Seed|p2a: 8rtos\n|-start|p2a: 8rtos|move: Leech Seed\n|\n|-weather|RainDance|[upkeep]\n|-heal|p1a: Ferrothorn|28\/100|[from] item: Leftovers\n|-damage|p2a: 8rtos|88\/100|[from] Leech Seed|[of] p1a: Ferrothorn\n|-heal|p1a: Ferrothorn|38\/100|[silent]\n|upkeep\n|turn|16\n|\n|t:|1699834520\n|switch|p1a: Alomomola|Alomomola, M, shiny|100\/100\n|move|p2a: 8rtos|Hydro Pump|p1a: Alomomola|[miss]\n|-miss|p2a: 8rtos|p1a: Alomomola\n|\n|-weather|RainDance|[upkeep]\n|-damage|p2a: 8rtos|76\/100|[from] Leech Seed|[of] p1a: Alomomola\n|upkeep\n|turn|17\n|\n|t:|1699834527\n|move|p2a: 8rtos|Hydro Pump|p1a: Alomomola\n|-resisted|p1a: Alomomola\n|-damage|p1a: Alomomola|24\/100\n|move|p1a: Alomomola|Flip Turn|p2a: 8rtos\n|-resisted|p2a: 8rtos\n|-damage|p2a: 8rtos|62\/100\n|\n|t:|1699834536\n|switch|p1a: Ferrothorn|Ferrothorn, M, shiny|38\/100|[from] Flip Turn\n|\n|-weather|RainDance|[upkeep]\n|-heal|p1a: Ferrothorn|44\/100|[from] item: Leftovers\n|-damage|p2a: 8rtos|50\/100|[from] Leech Seed|[of] p1a: Ferrothorn\n|-heal|p1a: Ferrothorn|54\/100|[silent]\n|upkeep\n|turn|18\n|\n|t:|1699834549\n|switch|p1a: Moltres|Moltres, shiny|100\/100\n|move|p2a: 8rtos|Hydro Pump|p1a: Moltres\n|-supereffective|p1a: Moltres\n|-crit|p1a: Moltres\n|-damage|p1a: Moltres|0 fnt\n|faint|p1a: Moltres\n|\n|-weather|RainDance|[upkeep]\n|upkeep\n|c|\u2606XXMurdrXX|i lost this\n|\n|t:|1699834568\n|switch|p1a: Ferrothorn|Ferrothorn, M, shiny|54\/100\n|turn|19\n|\n|t:|1699834574\n|move|p2a: 8rtos|Hydro Pump|p1a: Ferrothorn\n|-resisted|p1a: Ferrothorn\n|-damage|p1a: Ferrothorn|0 fnt\n|faint|p1a: Ferrothorn\n|\n|-weather|RainDance|[upkeep]\n|upkeep\n|-message|XXMurdrXX forfeited.\n|\n|win|ND9T2 tutiop\n|n|\u2606XXMurdrXX|xxmurdrxx\n|n|\u2606ND9T2 tutiop|nd9t2tutiop\n|l|\u2606XXMurdrXX\n","uploadtime":1699834585,"views":15,"p1id":"xxmurdrxx","p2id":"nd9t2tutiop","formatid":"gen9nationaldex","rating":0,"private":0,"password":""}