{"id":"gen9nationaldex-1993023741","p1":"HeirEhm","p2":"lunchbox5536","format":"[Gen 9] National Dex","log":"|j|\u2606HeirEhm\n|j|\u2606lunchbox5536\n|t:|1700256504\n|gametype|singles\n|player|p1|HeirEhm|cynthia-gen7|\n|player|p2|lunchbox5536|ghetsis|\n|teamsize|p1|6\n|teamsize|p2|6\n|gen|9\n|tier|[Gen 9] National Dex\n|rule|HP Percentage Mod: HP is shown in percentages\n|rule|Endless Battle Clause: Forcing endless battles is banned\n|rule|OHKO Clause: OHKO moves are banned\n|rule|Evasion Clause: Evasion abilities, items, and moves are banned\n|rule|Evasion Abilities Clause: Evasion abilities are banned\n|rule|Evasion Items Clause: Evasion items are banned\n|rule|Evasion Moves Clause: Evasion moves are banned\n|rule|Species Clause: Limit one of each Pok\u00e9mon\n|rule|Sleep Clause Mod: Limit one foe put to sleep\n|clearpoke\n|poke|p1|Clodsire, F|\n|poke|p1|Ceruledge, F|\n|poke|p1|Klefki, M|\n|poke|p1|Orthworm, M|\n|poke|p1|Chansey, F|\n|poke|p1|Murkrow, F|\n|poke|p2|Lilligant-Hisui, F|\n|poke|p2|Zoroark-Hisui, F|\n|poke|p2|Grimmsnarl, M|\n|poke|p2|Sableye, F|\n|poke|p2|Klawf, M|\n|poke|p2|Shelgon, M|\n|teampreview\n|\n|t:|1700256532\n|start\n|switch|p1a: Jingle Jingle|Klefki, M|100\/100\n|switch|p2a: Sableye|Sableye, F|100\/100\n|turn|1\n|\n|t:|1700256541\n|move|p1a: Jingle Jingle|Spikes|p2a: Sableye\n|-sidestart|p2: lunchbox5536|Spikes\n|move|p2a: Sableye|Flamethrower|p1a: Jingle Jingle\n|-supereffective|p1a: Jingle Jingle\n|-damage|p1a: Jingle Jingle|0 fnt\n|faint|p1a: Jingle Jingle\n|\n|upkeep\n|\n|t:|1700256551\n|switch|p1a: Murder|Murkrow, F|100\/100\n|turn|2\n|\n|t:|1700256563\n|switch|p2a: AAAAAAAAAAAA|Klawf, M|100\/100\n|-damage|p2a: AAAAAAAAAAAA|88\/100|[from] Spikes\n|-terastallize|p1a: Murder|Flying\n|move|p1a: Murder|Sky Attack||[still]\n|-prepare|p1a: Murder|Sky Attack\n|-enditem|p1a: Murder|Power Herb\n|-anim|p1a: Murder|Sky Attack|p2a: AAAAAAAAAAAA\n|-resisted|p2a: AAAAAAAAAAAA\n|-damage|p2a: AAAAAAAAAAAA|54\/100\n|\n|upkeep\n|turn|3\n|\n|t:|1700256587\n|switch|p1a: Wambulance|Chansey, F|100\/100\n|move|p2a: AAAAAAAAAAAA|Rock Blast|p1a: Wambulance\n|-damage|p1a: Wambulance|87\/100\n|-damage|p1a: Wambulance|74\/100\n|-damage|p1a: Wambulance|61\/100\n|-damage|p1a: Wambulance|48\/100\n|-damage|p1a: Wambulance|35\/100\n|-hitcount|p1a: Wambulance|5\n|\n|upkeep\n|turn|4\n|j| Jam20Jam\n|\n|t:|1700256607\n|move|p2a: AAAAAAAAAAAA|Rock Blast|p1a: Wambulance\n|-damage|p1a: Wambulance|21\/100\n|-damage|p1a: Wambulance|9\/100\n|-damage|p1a: Wambulance|0 fnt\n|faint|p1a: Wambulance\n|-hitcount|p1: Wambulance|3\n|\n|upkeep\n|\n|t:|1700256621\n|switch|p1a: Angy Boi|Clodsire, F|100\/100\n|turn|5\n|\n|t:|1700256625\n|move|p2a: AAAAAAAAAAAA|Stealth Rock|p1a: Angy Boi\n|-sidestart|p1: HeirEhm|move: Stealth Rock\n|move|p1a: Angy Boi|Earthquake|p2a: AAAAAAAAAAAA\n|-supereffective|p2a: AAAAAAAAAAAA\n|-damage|p2a: AAAAAAAAAAAA|0 fnt\n|faint|p2a: AAAAAAAAAAAA\n|\n|upkeep\n|\n|t:|1700256635\n|switch|p2a: Sableye|Sableye, F|100\/100\n|-damage|p2a: Sableye|88\/100|[from] Spikes\n|turn|6\n|\n|t:|1700256649\n|move|p2a: Sableye|Will-O-Wisp|p1a: Angy Boi\n|-status|p1a: Angy Boi|brn\n|move|p1a: Angy Boi|Earthquake|p2a: Sableye\n|-damage|p2a: Sableye|59\/100\n|\n|-damage|p1a: Angy Boi|94\/100 brn|[from] brn\n|upkeep\n|turn|7\n|\n|t:|1700256666\n|move|p2a: Sableye|Sunny Day|p2a: Sableye\n|-weather|SunnyDay\n|move|p1a: Angy Boi|Gunk Shot|p2a: Sableye|[miss]\n|-miss|p1a: Angy Boi|p2a: Sableye\n|\n|-weather|SunnyDay|[upkeep]\n|-damage|p1a: Angy Boi|88\/100 brn|[from] brn\n|upkeep\n|turn|8\n|\n|t:|1700256680\n|move|p2a: Sableye|Recover|p2a: Sableye\n|-heal|p2a: Sableye|100\/100\n|move|p1a: Angy Boi|Gunk Shot|p2a: Sableye\n|-resisted|p2a: Sableye\n|-damage|p2a: Sableye|83\/100\n|-status|p2a: Sableye|psn\n|\n|-weather|SunnyDay|[upkeep]\n|-damage|p2a: Sableye|70\/100 psn|[from] psn\n|-damage|p1a: Angy Boi|82\/100 brn|[from] brn\n|upkeep\n|turn|9\n|\n|t:|1700256714\n|switch|p2a: Hello and Goodbye|Shelgon, M|100\/100\n|-damage|p2a: Hello and Goodbye|88\/100|[from] Spikes\n|move|p1a: Angy Boi|Gunk Shot|p2a: Hello and Goodbye\n|-damage|p2a: Hello and Goodbye|77\/100\n|\n|-weather|SunnyDay|[upkeep]\n|-damage|p1a: Angy Boi|76\/100 brn|[from] brn\n|upkeep\n|turn|10\n|\n|t:|1700256726\n|move|p2a: Hello and Goodbye|Crunch|p1a: Angy Boi\n|-damage|p1a: Angy Boi|57\/100 brn\n|-damage|p2a: Hello and Goodbye|61\/100|[from] item: Rocky Helmet|[of] p1a: Angy Boi\n|move|p1a: Angy Boi|Earthquake|p2a: Hello and Goodbye\n|-damage|p2a: Hello and Goodbye|51\/100\n|\n|-weather|SunnyDay|[upkeep]\n|-damage|p1a: Angy Boi|51\/100 brn|[from] brn\n|upkeep\n|turn|11\n|\n|t:|1700256739\n|move|p2a: Hello and Goodbye|Wish|p2a: Hello and Goodbye\n|move|p1a: Angy Boi|Gunk Shot|p2a: Hello and Goodbye\n|-damage|p2a: Hello and Goodbye|39\/100\n|\n|-weather|none\n|-damage|p1a: Angy Boi|45\/100 brn|[from] brn\n|upkeep\n|turn|12\n|\n|t:|1700256745\n|move|p2a: Hello and Goodbye|Crunch|p1a: Angy Boi\n|-damage|p1a: Angy Boi|26\/100 brn\n|-damage|p2a: Hello and Goodbye|22\/100|[from] item: Rocky Helmet|[of] p1a: Angy Boi\n|move|p1a: Angy Boi|Gunk Shot|p2a: Hello and Goodbye|[miss]\n|-miss|p1a: Angy Boi|p2a: Hello and Goodbye\n|\n|-heal|p2a: Hello and Goodbye|72\/100|[from] move: Wish|[wisher] Hello and Goodbye\n|-damage|p1a: Angy Boi|20\/100 brn|[from] brn\n|upkeep\n|turn|13\n|\n|t:|1700256769\n|move|p2a: Hello and Goodbye|Wish|p2a: Hello and Goodbye\n|move|p1a: Angy Boi|Gunk Shot|p2a: Hello and Goodbye\n|-damage|p2a: Hello and Goodbye|62\/100\n|\n|-damage|p1a: Angy Boi|13\/100 brn|[from] brn\n|upkeep\n|turn|14\n|\n|t:|1700256776\n|move|p2a: Hello and Goodbye|Crunch|p1a: Angy Boi\n|-damage|p1a: Angy Boi|0 fnt\n|-damage|p2a: Hello and Goodbye|45\/100|[from] item: Rocky Helmet|[of] p1a: Angy Boi\n|faint|p1a: Angy Boi\n|\n|-heal|p2a: Hello and Goodbye|95\/100|[from] move: Wish|[wisher] Hello and Goodbye\n|upkeep\n|\n|t:|1700256782\n|switch|p1a: Murder|Murkrow, F, tera:Flying|100\/100\n|-damage|p1a: Murder|76\/100|[from] Stealth Rock\n|turn|15\n|\n|t:|1700256787\n|move|p1a: Murder|Sky Attack||[still]\n|-prepare|p1a: Murder|Sky Attack\n|move|p2a: Hello and Goodbye|Crunch|p1a: Murder\n|-damage|p1a: Murder|33\/100\n|-unboost|p1a: Murder|def|1\n|\n|upkeep\n|turn|16\n|\n|t:|1700256792\n|move|p1a: Murder|Sky Attack|p2a: Hello and Goodbye|[from]lockedmove\n|-damage|p2a: Hello and Goodbye|59\/100\n|move|p2a: Hello and Goodbye|Crunch|p1a: Murder\n|-damage|p1a: Murder|0 fnt\n|faint|p1a: Murder\n|\n|upkeep\n|\n|t:|1700256796\n|switch|p1a: SWORDSFORHANDS|Ceruledge, F|100\/100\n|turn|17\n|\n|t:|1700256801\n|move|p1a: SWORDSFORHANDS|Bitter Blade|p2a: Hello and Goodbye\n|-resisted|p2a: Hello and Goodbye\n|-damage|p2a: Hello and Goodbye|48\/100\n|move|p2a: Hello and Goodbye|Crunch|p1a: SWORDSFORHANDS\n|-supereffective|p1a: SWORDSFORHANDS\n|-damage|p1a: SWORDSFORHANDS|52\/100\n|-ability|p1a: SWORDSFORHANDS|Weak Armor|boost\n|-unboost|p1a: SWORDSFORHANDS|def|1\n|-boost|p1a: SWORDSFORHANDS|spe|2\n|\n|upkeep\n|turn|18\n|\n|t:|1700256809\n|move|p1a: SWORDSFORHANDS|Bitter Blade|p2a: Hello and Goodbye\n|-resisted|p2a: Hello and Goodbye\n|-crit|p2a: Hello and Goodbye\n|-damage|p2a: Hello and Goodbye|30\/100\n|-heal|p1a: SWORDSFORHANDS|63\/100|[from] drain|[of] p2a: Hello and Goodbye\n|move|p2a: Hello and Goodbye|Crunch|p1a: SWORDSFORHANDS\n|-supereffective|p1a: SWORDSFORHANDS\n|-damage|p1a: SWORDSFORHANDS|0 fnt\n|faint|p1a: SWORDSFORHANDS\n|\n|upkeep\n|\n|t:|1700256814\n|switch|p1a: GirthWorm|Orthworm, M|100\/100\n|-damage|p1a: GirthWorm|94\/100|[from] Stealth Rock\n|turn|19\n|\n|t:|1700256820\n|move|p1a: GirthWorm|Facade|p2a: Hello and Goodbye\n|-damage|p2a: Hello and Goodbye|19\/100\n|move|p2a: Hello and Goodbye|Crunch|p1a: GirthWorm\n|-damage|p1a: GirthWorm|82\/100\n|\n|-status|p1a: GirthWorm|brn|[from] item: Flame Orb\n|upkeep\n|turn|20\n|\n|t:|1700256827\n|move|p1a: GirthWorm|Facade|p2a: Hello and Goodbye\n|-damage|p2a: Hello and Goodbye|0 fnt\n|faint|p2a: Hello and Goodbye\n|\n|-damage|p1a: GirthWorm|75\/100 brn|[from] brn\n|upkeep\n|\n|t:|1700256836\n|switch|p2a: Krampus|Grimmsnarl, M|100\/100\n|-damage|p2a: Krampus|88\/100|[from] Spikes\n|turn|21\n|\n|t:|1700256840\n|move|p2a: Krampus|Flamethrower|p1a: GirthWorm\n|-supereffective|p1a: GirthWorm\n|-damage|p1a: GirthWorm|0 fnt\n|faint|p1a: GirthWorm\n|\n|win|lunchbox5536\n|l|\u2606HeirEhm\n|l| Jam20Jam\n","uploadtime":1700257041,"views":6,"p1id":"heirehm","p2id":"lunchbox5536","formatid":"gen9nationaldex","rating":0,"private":0,"password":""}