{"id":"gen9nationaldex-1993972501","p1":"As cheu","p2":"ghostkinggengar","format":"[Gen 9] National Dex","log":"|j|\u2606As cheu\n|j|\u2606ghostkinggengar\n|t:|1700385833\n|gametype|singles\n|player|p1|As cheu|officeworker|1658\n|player|p2|ghostkinggengar|swimmerf|1550\n|teamsize|p1|6\n|teamsize|p2|6\n|gen|9\n|tier|[Gen 9] National Dex\n|rated|\n|rule|HP Percentage Mod: HP is shown in percentages\n|rule|Endless Battle Clause: Forcing endless battles is banned\n|rule|OHKO Clause: OHKO moves are banned\n|rule|Evasion Clause: Evasion abilities, items, and moves are banned\n|rule|Evasion Abilities Clause: Evasion abilities are banned\n|rule|Evasion Items Clause: Evasion items are banned\n|rule|Evasion Moves Clause: Evasion moves are banned\n|rule|Species Clause: Limit one of each Pok\u00e9mon\n|rule|Sleep Clause Mod: Limit one foe put to sleep\n|clearpoke\n|poke|p1|Cloyster, M|\n|poke|p1|Umbreon, F|\n|poke|p1|Gardevoir, F|\n|poke|p1|Forretress, M|\n|poke|p1|Thundurus-Therian, M|\n|poke|p1|Sneasler, M|\n|poke|p2|Slowbro, M|\n|poke|p2|Ursaluna, M|\n|poke|p2|Scizor, M|\n|poke|p2|Blacephalon|\n|poke|p2|Gliscor, F|\n|poke|p2|Garchomp, M|\n|teampreview\n|inactive|Battle timer is ON: inactive players will automatically lose when time's up. (requested by ghostkinggengar)\n|inactive|As cheu also wants the timer to be on.\n|\n|t:|1700385850\n|start\n|switch|p1a: Thundurus|Thundurus-Therian, M|100\/100\n|switch|p2a: Garchomp|Garchomp, M|100\/100\n|turn|1\n|\n|t:|1700385855\n|-zpower|p2a: Garchomp\n|move|p2a: Garchomp|Devastating Drake|p1a: Thundurus|[zeffect]\n|-damage|p1a: Thundurus|0 fnt\n|faint|p1a: Thundurus\n|\n|upkeep\n|\n|t:|1700385860\n|switch|p1a: Forretress|Forretress, M|100\/100\n|turn|2\n|\n|t:|1700385870\n|switch|p2a: Gliscor|Gliscor, F|100\/100\n|move|p1a: Forretress|Stealth Rock|p2a: Gliscor\n|-sidestart|p2: ghostkinggengar|move: Stealth Rock\n|\n|-status|p2a: Gliscor|tox|[from] item: Toxic Orb\n|upkeep\n|turn|3\n|\n|t:|1700385878\n|switch|p1a: \u9b3c\u65af|Cloyster, M|100\/100\n|move|p2a: Gliscor|Earthquake|p1a: \u9b3c\u65af\n|-damage|p1a: \u9b3c\u65af|71\/100\n|\n|upkeep\n|turn|4\n|inactive|ghostkinggengar has 120 seconds left.\n|\n|t:|1700385921\n|switch|p1a: Sneasler|Sneasler, M|100\/100\n|-terastallize|p2a: Gliscor|Fairy\n|move|p2a: Gliscor|Defog|p1a: Sneasler\n|-unboost|p1a: Sneasler|evasion|1\n|-sideend|p2: ghostkinggengar|Stealth Rock|[from] move: Defog|[of] p2a: Gliscor\n|\n|upkeep\n|turn|5\n|\n|t:|1700385932\n|switch|p2a: Slowbro|Slowbro, M|100\/100\n|move|p1a: Sneasler|U-turn|p2a: Slowbro\n|-supereffective|p2a: Slowbro\n|-damage|p2a: Slowbro|70\/100\n|-damage|p1a: Sneasler|84\/100|[from] item: Rocky Helmet|[of] p2a: Slowbro\n|\n|t:|1700385936\n|switch|p1a: Forretress|Forretress, M|100\/100|[from] U-turn\n|\n|upkeep\n|turn|6\n|inactive|ghostkinggengar has 120 seconds left.\n|\n|t:|1700385946\n|move|p1a: Forretress|Stealth Rock|p2a: Slowbro\n|-sidestart|p2: ghostkinggengar|move: Stealth Rock\n|move|p2a: Slowbro|Scald|p1a: Forretress\n|-damage|p1a: Forretress|69\/100\n|\n|upkeep\n|turn|7\n|inactive|ghostkinggengar has 120 seconds left.\n|\n|t:|1700385966\n|move|p1a: Forretress|Toxic|p2a: Slowbro\n|-status|p2a: Slowbro|tox\n|move|p2a: Slowbro|Teleport|p2a: Slowbro\n|\n|t:|1700385975\n|switch|p2a: Gliscor|Gliscor, F, tera:Fairy|100\/100 tox|[from] Teleport\n|-damage|p2a: Gliscor|88\/100 tox|[from] Stealth Rock\n|\n|-heal|p2a: Gliscor|100\/100 tox|[from] ability: Poison Heal\n|upkeep\n|turn|8\n|inactive|ghostkinggengar has 120 seconds left.\n|\n|t:|1700385981\n|switch|p1a: Sneasler|Sneasler, M|84\/100\n|move|p2a: Gliscor|Defog|p1a: Sneasler\n|-unboost|p1a: Sneasler|evasion|1\n|-sideend|p2: ghostkinggengar|Stealth Rock|[from] move: Defog|[of] p2a: Gliscor\n|\n|upkeep\n|turn|9\n|\n|t:|1700385991\n|move|p1a: Sneasler|Switcheroo|p2a: Gliscor\n|-activate|p1a: Sneasler|move: Trick|[of] p2a: Gliscor\n|-item|p2a: Gliscor|Choice Scarf|[from] move: Switcheroo\n|-item|p1a: Sneasler|Toxic Orb|[from] move: Switcheroo\n|move|p2a: Gliscor|U-turn|p1a: Sneasler\n|-resisted|p1a: Sneasler\n|-damage|p1a: Sneasler|78\/100\n|inactive|ghostkinggengar has 120 seconds left.\n|\n|t:|1700386024\n|switch|p2a: Slowbro|Slowbro, M|100\/100 tox|[from] U-turn\n|\n|-damage|p2a: Slowbro|94\/100 tox|[from] psn\n|upkeep\n|turn|10\n|\n|t:|1700386032\n|move|p1a: Sneasler|Switcheroo|p2a: Slowbro\n|-activate|p1a: Sneasler|move: Trick|[of] p2a: Slowbro\n|-item|p2a: Slowbro|Toxic Orb|[from] move: Switcheroo\n|-item|p1a: Sneasler|Rocky Helmet|[from] move: Switcheroo\n|move|p2a: Slowbro|Future Sight|p1a: Sneasler\n|-start|p2a: Slowbro|move: Future Sight\n|\n|-damage|p2a: Slowbro|82\/100 tox|[from] psn\n|upkeep\n|turn|11\n|\n|t:|1700386040\n|move|p1a: Sneasler|U-turn|p2a: Slowbro\n|-supereffective|p2a: Slowbro\n|-damage|p2a: Slowbro|51\/100 tox\n|\n|t:|1700386046\n|switch|p1a: \u56e1\u56e1|Umbreon, F|100\/100|[from] U-turn\n|move|p2a: Slowbro|Teleport|p2a: Slowbro\n|inactive|ghostkinggengar has 120 seconds left.\n|\n|t:|1700386064\n|switch|p2a: Ursaluna|Ursaluna, M|100\/100|[from] Teleport\n|\n|-status|p2a: Ursaluna|brn|[from] item: Flame Orb\n|upkeep\n|turn|12\n|\n|t:|1700386067\n|move|p1a: \u56e1\u56e1|Protect|p1a: \u56e1\u56e1\n|-singleturn|p1a: \u56e1\u56e1|Protect\n|move|p2a: Ursaluna|Facade|p1a: \u56e1\u56e1\n|-activate|p1a: \u56e1\u56e1|move: Protect\n|\n|-end|p1a: \u56e1\u56e1|move: Future Sight\n|-immune|p1a: \u56e1\u56e1\n|-damage|p2a: Ursaluna|94\/100 brn|[from] brn\n|upkeep\n|turn|13\n|\n|t:|1700386076\n|move|p1a: \u56e1\u56e1|Foul Play|p2a: Ursaluna\n|-damage|p2a: Ursaluna|48\/100 brn\n|move|p2a: Ursaluna|Facade|p1a: \u56e1\u56e1\n|-damage|p1a: \u56e1\u56e1|27\/100\n|\n|-heal|p1a: \u56e1\u56e1|33\/100|[from] item: Leftovers\n|-damage|p2a: Ursaluna|42\/100 brn|[from] brn\n|upkeep\n|turn|14\n|\n|t:|1700386084\n|switch|p2a: Scizor|Scizor, M|100\/100\n|move|p1a: \u56e1\u56e1|Foul Play|p2a: Scizor\n|-damage|p2a: Scizor|65\/100\n|\n|-heal|p1a: \u56e1\u56e1|40\/100|[from] item: Leftovers\n|upkeep\n|turn|15\n|\n|t:|1700386092\n|detailschange|p2a: Scizor|Scizor-Mega, M\n|-mega|p2a: Scizor|Scizor|Scizorite\n|move|p1a: \u56e1\u56e1|Protect|p1a: \u56e1\u56e1\n|-singleturn|p1a: \u56e1\u56e1|Protect\n|move|p2a: Scizor|U-turn|p1a: \u56e1\u56e1\n|-activate|p1a: \u56e1\u56e1|move: Protect\n|\n|-heal|p1a: \u56e1\u56e1|46\/100|[from] item: Leftovers\n|upkeep\n|turn|16\n|\n|t:|1700386096\n|switch|p1a: Forretress|Forretress, M|69\/100\n|move|p2a: Scizor|U-turn|p1a: Forretress\n|-resisted|p1a: Forretress\n|-damage|p1a: Forretress|58\/100\n|-damage|p2a: Scizor|48\/100|[from] item: Rocky Helmet|[of] p1a: Forretress\n|\n|t:|1700386103\n|switch|p2a: Blacephalon|Blacephalon|100\/100|[from] U-turn\n|\n|upkeep\n|turn|17\n|\n|t:|1700386106\n|-terastallize|p1a: Forretress|Fire\n|move|p2a: Blacephalon|Flamethrower|p1a: Forretress\n|-resisted|p1a: Forretress\n|-damage|p1a: Forretress|25\/100\n|move|p1a: Forretress|Earthquake|p2a: Blacephalon\n|-supereffective|p2a: Blacephalon\n|-damage|p2a: Blacephalon|11\/100\n|\n|upkeep\n|turn|18\n|\n|t:|1700386114\n|switch|p1a: \u88d9\u4e0b\u4e4b\u81e3|Gardevoir, F, shiny|100\/100\n|-ability|p1a: \u88d9\u4e0b\u4e4b\u81e3|Beast Boost|[from] ability: Trace|[of] p2a: Blacephalon\n|move|p2a: Blacephalon|Flamethrower|p1a: \u88d9\u4e0b\u4e4b\u81e3\n|-damage|p1a: \u88d9\u4e0b\u4e4b\u81e3|57\/100\n|\n|upkeep\n|turn|19\n|\n|t:|1700386134\n|switch|p2a: Slowbro|Slowbro, M|84\/100 tox\n|detailschange|p1a: \u88d9\u4e0b\u4e4b\u81e3|Gardevoir-Mega, F, shiny\n|-mega|p1a: \u88d9\u4e0b\u4e4b\u81e3|Gardevoir|Gardevoirite\n|move|p1a: \u88d9\u4e0b\u4e4b\u81e3|Psyshock|p2a: Slowbro\n|-resisted|p2a: Slowbro\n|-damage|p2a: Slowbro|71\/100 tox\n|\n|-damage|p2a: Slowbro|65\/100 tox|[from] psn\n|upkeep\n|turn|20\n|\n|t:|1700386140\n|switch|p2a: Scizor|Scizor-Mega, M|48\/100\n|move|p1a: \u88d9\u4e0b\u4e4b\u81e3|Hyper Voice|p2a: Scizor\n|-resisted|p2a: Scizor\n|-damage|p2a: Scizor|19\/100\n|\n|upkeep\n|turn|21\n|\n|t:|1700386160\n|move|p1a: \u88d9\u4e0b\u4e4b\u81e3|Hyper Voice|p2a: Scizor\n|-resisted|p2a: Scizor\n|-damage|p2a: Scizor|0 fnt\n|faint|p2a: Scizor\n|\n|upkeep\n|\n|t:|1700386167\n|switch|p2a: Slowbro|Slowbro, M|98\/100 tox\n|turn|22\n|\n|t:|1700386171\n|switch|p1a: Forretress|Forretress, M, tera:Fire|25\/100\n|move|p2a: Slowbro|Trick Room|p2a: Slowbro\n|-fieldstart|move: Trick Room|[of] p2a: Slowbro\n|\n|-damage|p2a: Slowbro|92\/100 tox|[from] psn\n|upkeep\n|turn|23\n|\n|t:|1700386175\n|move|p2a: Slowbro|Scald|p1a: Forretress\n|-supereffective|p1a: Forretress\n|-damage|p1a: Forretress|0 fnt\n|faint|p1a: Forretress\n|\n|-damage|p2a: Slowbro|80\/100 tox|[from] psn\n|upkeep\n|\n|t:|1700386180\n|switch|p1a: \u56e1\u56e1|Umbreon, F|46\/100\n|turn|24\n|\n|t:|1700386195\n|move|p1a: \u56e1\u56e1|Wish|p1a: \u56e1\u56e1\n|move|p2a: Slowbro|Teleport|p2a: Slowbro\n|\n|t:|1700386199\n|switch|p2a: Garchomp|Garchomp, M|100\/100|[from] Teleport\n|\n|-heal|p1a: \u56e1\u56e1|52\/100|[from] item: Leftovers\n|upkeep\n|turn|25\n|\n|t:|1700386204\n|switch|p2a: Gliscor|Gliscor, F, tera:Fairy|100\/100 tox\n|move|p1a: \u56e1\u56e1|Protect||[still]\n|-fail|p1a: \u56e1\u56e1\n|\n|-heal|p1a: \u56e1\u56e1|100\/100|[from] move: Wish|[wisher] \u56e1\u56e1\n|upkeep\n|turn|26\n|\n|t:|1700386215\n|move|p1a: \u56e1\u56e1|Wish|p1a: \u56e1\u56e1\n|move|p2a: Gliscor|Earthquake|p1a: \u56e1\u56e1\n|-damage|p1a: \u56e1\u56e1|80\/100\n|\n|-heal|p1a: \u56e1\u56e1|87\/100|[from] item: Leftovers\n|-fieldend|move: Trick Room\n|upkeep\n|turn|27\n|\n|t:|1700386224\n|switch|p2a: Slowbro|Slowbro, M|100\/100 tox\n|switch|p1a: \u9b3c\u65af|Cloyster, M|71\/100\n|\n|-heal|p1a: \u9b3c\u65af|100\/100|[from] move: Wish|[wisher] \u56e1\u56e1\n|-damage|p2a: Slowbro|94\/100 tox|[from] psn\n|upkeep\n|turn|28\n|\n|t:|1700386232\n|switch|p1a: \u56e1\u56e1|Umbreon, F|87\/100\n|move|p2a: Slowbro|Trick Room|p2a: Slowbro\n|-fieldstart|move: Trick Room|[of] p2a: Slowbro\n|\n|-heal|p1a: \u56e1\u56e1|93\/100|[from] item: Leftovers\n|-damage|p2a: Slowbro|82\/100 tox|[from] psn\n|upkeep\n|turn|29\n|\n|t:|1700386238\n|switch|p2a: Gliscor|Gliscor, F, tera:Fairy|100\/100 tox\n|move|p1a: \u56e1\u56e1|Wish|p1a: \u56e1\u56e1\n|\n|-heal|p1a: \u56e1\u56e1|99\/100|[from] item: Leftovers\n|upkeep\n|turn|30\n|\n|t:|1700386242\n|switch|p1a: \u88d9\u4e0b\u4e4b\u81e3|Gardevoir-Mega, F, shiny|57\/100\n|move|p2a: Gliscor|Toxic|p1a: \u88d9\u4e0b\u4e4b\u81e3\n|-status|p1a: \u88d9\u4e0b\u4e4b\u81e3|tox\n|\n|-heal|p1a: \u88d9\u4e0b\u4e4b\u81e3|100\/100 tox|[from] move: Wish|[wisher] \u56e1\u56e1\n|-damage|p1a: \u88d9\u4e0b\u4e4b\u81e3|94\/100 tox|[from] psn\n|upkeep\n|turn|31\n|\n|t:|1700386250\n|switch|p1a: \u56e1\u56e1|Umbreon, F|99\/100\n|switch|p2a: Slowbro|Slowbro, M|100\/100 tox\n|\n|-heal|p1a: \u56e1\u56e1|100\/100|[from] item: Leftovers\n|-damage|p2a: Slowbro|94\/100 tox|[from] psn\n|upkeep\n|turn|32\n|\n|t:|1700386260\n|switch|p2a: Gliscor|Gliscor, F, tera:Fairy|100\/100 tox\n|move|p1a: \u56e1\u56e1|Heal Bell|p1a: \u56e1\u56e1\n|-activate|p1a: \u56e1\u56e1|move: Heal Bell\n|-curestatus|p1: \u88d9\u4e0b\u4e4b\u81e3|tox|[msg]\n|\n|-fieldend|move: Trick Room\n|upkeep\n|turn|33\n|\n|t:|1700386271\n|move|p2a: Gliscor|Toxic|p1a: \u56e1\u56e1\n|-status|p1a: \u56e1\u56e1|tox\n|-activate|p1a: \u56e1\u56e1|ability: Synchronize\n|-fail|p2a: Gliscor|tox\n|move|p1a: \u56e1\u56e1|Wish|p1a: \u56e1\u56e1\n|\n|-damage|p1a: \u56e1\u56e1|94\/100 tox|[from] psn\n|upkeep\n|turn|34\n|\n|t:|1700386281\n|switch|p2a: Garchomp|Garchomp, M|100\/100\n|switch|p1a: Sneasler|Sneasler, M|78\/100\n|\n|-heal|p1a: Sneasler|100\/100|[from] move: Wish|[wisher] \u56e1\u56e1\n|upkeep\n|turn|35\n|\n|t:|1700386294\n|move|p1a: Sneasler|U-turn|p2a: Garchomp\n|-damage|p2a: Garchomp|76\/100\n|-damage|p1a: Sneasler|88\/100|[from] ability: Rough Skin|[of] p2a: Garchomp\n|\n|t:|1700386298\n|switch|p1a: \u9b3c\u65af|Cloyster, M|100\/100|[from] U-turn\n|move|p2a: Garchomp|Stealth Rock|p1a: \u9b3c\u65af\n|-sidestart|p1: As cheu|move: Stealth Rock\n|\n|upkeep\n|turn|36\n|\n|t:|1700386307\n|switch|p2a: Slowbro|Slowbro, M|100\/100 tox\n|move|p1a: \u9b3c\u65af|Shell Smash|p1a: \u9b3c\u65af\n|-unboost|p1a: \u9b3c\u65af|def|1\n|-unboost|p1a: \u9b3c\u65af|spd|1\n|-boost|p1a: \u9b3c\u65af|atk|2\n|-boost|p1a: \u9b3c\u65af|spa|2\n|-boost|p1a: \u9b3c\u65af|spe|2\n|\n|-damage|p2a: Slowbro|94\/100 tox|[from] psn\n|upkeep\n|turn|37\n|\n|t:|1700386316\n|move|p1a: \u9b3c\u65af|Icicle Spear|p2a: Slowbro\n|-resisted|p2a: Slowbro\n|-damage|p2a: Slowbro|87\/100 tox\n|-resisted|p2a: Slowbro\n|-damage|p2a: Slowbro|80\/100 tox\n|-resisted|p2a: Slowbro\n|-damage|p2a: Slowbro|73\/100 tox\n|-resisted|p2a: Slowbro\n|-damage|p2a: Slowbro|67\/100 tox\n|-resisted|p2a: Slowbro\n|-damage|p2a: Slowbro|60\/100 tox\n|-hitcount|p2a: Slowbro|5\n|move|p2a: Slowbro|Trick Room|p2a: Slowbro\n|-fieldstart|move: Trick Room|[of] p2a: Slowbro\n|\n|-damage|p2a: Slowbro|48\/100 tox|[from] psn\n|upkeep\n|turn|38\n|\n|t:|1700386322\n|move|p1a: \u9b3c\u65af|Icicle Spear|p2a: Slowbro\n|-resisted|p2a: Slowbro\n|-damage|p2a: Slowbro|41\/100 tox\n|-resisted|p2a: Slowbro\n|-damage|p2a: Slowbro|34\/100 tox\n|-resisted|p2a: Slowbro\n|-damage|p2a: Slowbro|27\/100 tox\n|-resisted|p2a: Slowbro\n|-damage|p2a: Slowbro|20\/100 tox\n|-resisted|p2a: Slowbro\n|-damage|p2a: Slowbro|13\/100 tox\n|-hitcount|p2a: Slowbro|5\n|move|p2a: Slowbro|Teleport|p2a: Slowbro\n|\n|t:|1700386325\n|switch|p2a: Ursaluna|Ursaluna, M|42\/100 brn|[from] Teleport\n|\n|-damage|p2a: Ursaluna|36\/100 brn|[from] brn\n|upkeep\n|turn|39\n|\n|t:|1700386333\n|move|p1a: \u9b3c\u65af|Ice Shard|p2a: Ursaluna\n|-supereffective|p2a: Ursaluna\n|-damage|p2a: Ursaluna|0 fnt\n|faint|p2a: Ursaluna\n|\n|upkeep\n|\n|t:|1700386342\n|switch|p2a: Garchomp|Garchomp, M|76\/100\n|turn|40\n|\n|t:|1700386345\n|move|p1a: \u9b3c\u65af|Ice Shard|p2a: Garchomp\n|-supereffective|p2a: Garchomp\n|-damage|p2a: Garchomp|0 fnt\n|faint|p2a: Garchomp\n|\n|upkeep\n|-message|ghostkinggengar forfeited.\n|\n|win|As cheu\n|raw|As cheu's rating: 1658 &rarr; <strong>1672<\/strong><br \/>(+14 for winning)\n|raw|ghostkinggengar's rating: 1550 &rarr; <strong>1536<\/strong><br \/>(-14 for losing)\n|l|\u2606ghostkinggengar\n","uploadtime":1700386352,"views":11,"p1id":"ascheu","p2id":"ghostkinggengar","formatid":"gen9nationaldex","rating":1536,"private":0,"password":""}