{"id":"gen9nationaldex-1987662636","p1":"WSoldat","p2":"SirNekoLeo","format":"[Gen 9] National Dex","log":"|j|\u2606WSoldat\n|j|\u2606SirNekoLeo\n|t:|1699625293\n|gametype|singles\n|player|p1|WSoldat|n|1149\n|player|p2|SirNekoLeo|flint|1063\n|teamsize|p1|6\n|teamsize|p2|6\n|gen|9\n|tier|[Gen 9] National Dex\n|rated|\n|rule|HP Percentage Mod: HP is shown in percentages\n|rule|Endless Battle Clause: Forcing endless battles is banned\n|rule|OHKO Clause: OHKO moves are banned\n|rule|Evasion Clause: Evasion abilities, items, and moves are banned\n|rule|Evasion Abilities Clause: Evasion abilities are banned\n|rule|Evasion Items Clause: Evasion items are banned\n|rule|Evasion Moves Clause: Evasion moves are banned\n|rule|Species Clause: Limit one of each Pok\u00e9mon\n|rule|Sleep Clause Mod: Limit one foe put to sleep\n|clearpoke\n|poke|p1|Dragonite, M|\n|poke|p1|Hydreigon, M|\n|poke|p1|Garchomp, M|\n|poke|p1|Goodra-Hisui, M|\n|poke|p1|Corviknight, M|\n|poke|p1|Duraludon, M|\n|poke|p2|Marowak-Alola, M|\n|poke|p2|Tapu Lele|\n|poke|p2|Gogoat, F|\n|poke|p2|Bellossom, F|\n|poke|p2|Gyarados, F|\n|poke|p2|Iron Valiant|\n|teampreview\n|inactive|Battle timer is ON: inactive players will automatically lose when time's up. (requested by WSoldat)\n|\n|t:|1699625310\n|start\n|switch|p1a: Babo SA .Inc|Goodra-Hisui, M, shiny|100\/100\n|switch|p2a: Undyne|Gyarados, F|100\/100\n|-ability|p2a: Undyne|Intimidate|boost\n|-unboost|p1a: Babo SA .Inc|atk|1\n|turn|1\n|\n|t:|1699625326\n|switch|p1a: Corvo|Corviknight, M, shiny|100\/100\n|detailschange|p2a: Undyne|Gyarados-Mega, F\n|-mega|p2a: Undyne|Gyarados|Gyaradosite\n|-ability|p2a: Undyne|Mold Breaker\n|move|p2a: Undyne|Dragon Dance|p2a: Undyne\n|-boost|p2a: Undyne|atk|1\n|-boost|p2a: Undyne|spe|1\n|\n|upkeep\n|turn|2\n|l|\u2606SirNekoLeo\n|inactive|SirNekoLeo disconnected and has a minute to reconnect!\n|player|p2|\n|j|\u2606SirNekoLeo\n|inactive|SirNekoLeo reconnected and has 135 seconds left.\n|player|p2|SirNekoLeo|flint\n|\n|t:|1699625347\n|move|p2a: Undyne|Waterfall|p1a: Corvo\n|-damage|p1a: Corvo|55\/100\n|-damage|p2a: Undyne|84\/100|[from] item: Rocky Helmet|[of] p1a: Corvo\n|move|p1a: Corvo|Body Press|p2a: Undyne\n|-supereffective|p2a: Undyne\n|-damage|p2a: Undyne|36\/100\n|\n|upkeep\n|turn|3\n|\n|t:|1699625356\n|move|p2a: Undyne|Waterfall|p1a: Corvo\n|-damage|p1a: Corvo|9\/100\n|-damage|p2a: Undyne|19\/100|[from] item: Rocky Helmet|[of] p1a: Corvo\n|move|p1a: Corvo|Roost|p1a: Corvo\n|-heal|p1a: Corvo|59\/100\n|-singleturn|p1a: Corvo|move: Roost\n|\n|upkeep\n|turn|4\n|\n|t:|1699625365\n|move|p2a: Undyne|Crunch|p1a: Corvo\n|-damage|p1a: Corvo|15\/100\n|-damage|p2a: Undyne|2\/100|[from] item: Rocky Helmet|[of] p1a: Corvo\n|move|p1a: Corvo|Roost|p1a: Corvo\n|-heal|p1a: Corvo|65\/100\n|-singleturn|p1a: Corvo|move: Roost\n|\n|upkeep\n|turn|5\n|\n|t:|1699625375\n|switch|p1a: HoraDeGarchar|Garchomp, M, shiny|100\/100\n|move|p2a: Undyne|Dragon Dance|p2a: Undyne\n|-boost|p2a: Undyne|atk|1\n|-boost|p2a: Undyne|spe|1\n|\n|upkeep\n|turn|6\n|\n|t:|1699625382\n|move|p2a: Undyne|Waterfall|p1a: HoraDeGarchar\n|-damage|p1a: HoraDeGarchar|5\/100\n|-damage|p2a: Undyne|0 fnt|[from] ability: Rough Skin|[of] p1a: HoraDeGarchar\n|faint|p2a: Undyne\n|move|p1a: HoraDeGarchar|Stealth Rock|p2: Undyne\n|-sidestart|p2: SirNekoLeo|move: Stealth Rock\n|\n|upkeep\n|l|\u2606SirNekoLeo\n|inactive|SirNekoLeo disconnected and has a minute to reconnect!\n|player|p2|\n|j|\u2606SirNekoLeo\n|inactive|SirNekoLeo reconnected and has 120 seconds left.\n|player|p2|SirNekoLeo|flint\n|\n|t:|1699625425\n|switch|p2a: Asriel|Gogoat, F|100\/100\n|-damage|p2a: Asriel|88\/100|[from] Stealth Rock\n|turn|7\n|\n|t:|1699625431\n|move|p1a: HoraDeGarchar|Scale Shot|p2a: Asriel\n|-damage|p2a: Asriel|72\/100\n|-damage|p2a: Asriel|56\/100\n|-hitcount|p2a: Asriel|2\n|-unboost|p1a: HoraDeGarchar|def|1\n|-boost|p1a: HoraDeGarchar|spe|1\n|move|p2a: Asriel|Bulk Up|p2a: Asriel\n|-boost|p2a: Asriel|atk|1\n|-boost|p2a: Asriel|def|1\n|\n|-heal|p2a: Asriel|62\/100|[from] item: Leftovers\n|upkeep\n|turn|8\n|\n|t:|1699625444\n|move|p1a: HoraDeGarchar|Scale Shot|p2a: Asriel\n|-damage|p2a: Asriel|51\/100\n|-damage|p2a: Asriel|41\/100\n|-damage|p2a: Asriel|31\/100\n|-hitcount|p2a: Asriel|3\n|-unboost|p1a: HoraDeGarchar|def|1\n|-boost|p1a: HoraDeGarchar|spe|1\n|move|p2a: Asriel|Milk Drink|p2a: Asriel\n|-heal|p2a: Asriel|81\/100\n|\n|-heal|p2a: Asriel|87\/100|[from] item: Leftovers\n|upkeep\n|turn|9\n|c|\u2606SirNekoLeo|No me vas a garchae\n|c|\u2606SirNekoLeo|Garchae\n|inactive|SirNekoLeo has 120 seconds left.\n|c|\u2606SirNekoLeo|Garchae\n|\n|t:|1699625467\n|move|p1a: HoraDeGarchar|Earthquake|p2a: Asriel\n|-resisted|p2a: Asriel\n|-damage|p2a: Asriel|68\/100\n|move|p2a: Asriel|Bulk Up|p2a: Asriel\n|-boost|p2a: Asriel|atk|1\n|-boost|p2a: Asriel|def|1\n|\n|-heal|p2a: Asriel|74\/100|[from] item: Leftovers\n|upkeep\n|turn|10\n|\n|t:|1699625476\n|move|p1a: HoraDeGarchar|Swords Dance|p1a: HoraDeGarchar\n|-boost|p1a: HoraDeGarchar|atk|2\n|move|p2a: Asriel|Bulk Up|p2a: Asriel\n|-boost|p2a: Asriel|atk|1\n|-boost|p2a: Asriel|def|1\n|\n|-heal|p2a: Asriel|80\/100|[from] item: Leftovers\n|upkeep\n|turn|11\n|\n|t:|1699625505\n|switch|p1a: Corvo|Corviknight, M, shiny|65\/100\n|move|p2a: Asriel|Bulk Up|p2a: Asriel\n|-boost|p2a: Asriel|atk|1\n|-boost|p2a: Asriel|def|1\n|\n|-heal|p2a: Asriel|86\/100|[from] item: Leftovers\n|upkeep\n|turn|12\n|l|\u2606SirNekoLeo\n|inactive|SirNekoLeo disconnected and has a minute to reconnect!\n|player|p2|\n|j|\u2606SirNekoLeo\n|inactive|SirNekoLeo reconnected and has 125 seconds left.\n|player|p2|SirNekoLeo|flint\n|inactive|SirNekoLeo has 120 seconds left.\n|\n|t:|1699625527\n|move|p2a: Asriel|Milk Drink|p2a: Asriel\n|-heal|p2a: Asriel|100\/100\n|move|p1a: Corvo|Brave Bird|p2a: Asriel\n|-supereffective|p2a: Asriel\n|-damage|p2a: Asriel|74\/100\n|-damage|p1a: Corvo|55\/100|[from] Recoil\n|\n|-heal|p2a: Asriel|80\/100|[from] item: Leftovers\n|upkeep\n|turn|13\n|\n|t:|1699625543\n|switch|p1a: Babo SA .Inc|Goodra-Hisui, M, shiny|100\/100\n|move|p2a: Asriel|Bulk Up|p2a: Asriel\n|-boost|p2a: Asriel|atk|1\n|-boost|p2a: Asriel|def|1\n|\n|-heal|p2a: Asriel|86\/100|[from] item: Leftovers\n|upkeep\n|turn|14\n|inactive|SirNekoLeo has 120 seconds left.\n|\n|t:|1699625563\n|move|p2a: Asriel|Bulk Up|p2a: Asriel\n|-boost|p2a: Asriel|atk|1\n|-boost|p2a: Asriel|def|1\n|move|p1a: Babo SA .Inc|Flamethrower|p2a: Asriel\n|-supereffective|p2a: Asriel\n|-damage|p2a: Asriel|41\/100\n|\n|-heal|p2a: Asriel|48\/100|[from] item: Leftovers\n|upkeep\n|turn|15\n|inactive|WSoldat has 120 seconds left.\n|\n|t:|1699625580\n|switch|p1a: Corvo|Corviknight, M, shiny|55\/100\n|move|p2a: Asriel|Milk Drink|p2a: Asriel\n|-heal|p2a: Asriel|98\/100\n|\n|-heal|p2a: Asriel|100\/100|[from] item: Leftovers\n|upkeep\n|turn|16\n|inactive|WSoldat has 120 seconds left.\n|\n|t:|1699625599\n|move|p2a: Asriel|Horn Leech|p1a: Corvo\n|-resisted|p1a: Corvo\n|-damage|p1a: Corvo|35\/100\n|-damage|p2a: Asriel|84\/100|[from] item: Rocky Helmet|[of] p1a: Corvo\n|move|p1a: Corvo|Roost|p1a: Corvo\n|-heal|p1a: Corvo|85\/100\n|-singleturn|p1a: Corvo|move: Roost\n|\n|-heal|p2a: Asriel|90\/100|[from] item: Leftovers\n|upkeep\n|turn|17\n|inactive|WSoldat has 120 seconds left.\n|inactive|SirNekoLeo has 120 seconds left.\n|\n|t:|1699625615\n|switch|p1a: Babo SA .Inc|Goodra-Hisui, M, shiny|100\/100\n|-terastallize|p2a: Asriel|Grass\n|move|p2a: Asriel|Horn Leech|p1a: Babo SA .Inc\n|-resisted|p1a: Babo SA .Inc\n|-damage|p1a: Babo SA .Inc|54\/100\n|-heal|p2a: Asriel|100\/100|[from] drain|[of] p1a: Babo SA .Inc\n|-ability|p1a: Babo SA .Inc|Gooey\n|-unboost|p2a: Asriel|spe|1\n|\n|upkeep\n|turn|18\n|inactive|WSoldat has 120 seconds left.\n|\n|t:|1699625639\n|move|p1a: Babo SA .Inc|Ice Beam|p2a: Asriel\n|-supereffective|p2a: Asriel\n|-damage|p2a: Asriel|60\/100\n|move|p2a: Asriel|Earthquake|p1a: Babo SA .Inc\n|-supereffective|p1a: Babo SA .Inc\n|-damage|p1a: Babo SA .Inc|0 fnt\n|faint|p1a: Babo SA .Inc\n|\n|-heal|p2a: Asriel|67\/100|[from] item: Leftovers\n|upkeep\n|\n|t:|1699625653\n|switch|p1a: DuraNalgon|Duraludon, M, shiny|100\/100\n|turn|19\n|\n|t:|1699625658\n|move|p1a: DuraNalgon|Draco Meteor|p2a: Asriel\n|-damage|p2a: Asriel|14\/100\n|-unboost|p1a: DuraNalgon|spa|2\n|move|p2a: Asriel|Earthquake|p1a: DuraNalgon\n|-supereffective|p1a: DuraNalgon\n|-damage|p1a: DuraNalgon|0 fnt\n|faint|p1a: DuraNalgon\n|\n|-heal|p2a: Asriel|20\/100|[from] item: Leftovers\n|upkeep\n|\n|t:|1699625670\n|switch|p1a: Lernea|Hydreigon, M, shiny|100\/100\n|turn|20\n|\n|t:|1699625678\n|move|p1a: Lernea|Flash Cannon|p2a: Asriel\n|-damage|p2a: Asriel|0 fnt\n|faint|p2a: Asriel\n|\n|upkeep\n|\n|t:|1699625687\n|switch|p2a: Mettaton|Iron Valiant|100\/100\n|-damage|p2a: Mettaton|94\/100|[from] Stealth Rock\n|-enditem|p2a: Mettaton|Booster Energy\n|-activate|p2a: Mettaton|ability: Quark Drive|[fromitem]\n|-start|p2a: Mettaton|quarkdrivespe\n|turn|21\n|inactive|WSoldat has 120 seconds left.\n|\n|t:|1699625699\n|switch|p1a: HoraDeGarchar|Garchomp, M, shiny|5\/100\n|move|p2a: Mettaton|Swords Dance|p2a: Mettaton\n|-boost|p2a: Mettaton|atk|2\n|\n|upkeep\n|turn|22\n|inactive|WSoldat has 120 seconds left.\n|\n|t:|1699625721\n|move|p2a: Mettaton|Spirit Break|p1a: HoraDeGarchar\n|-supereffective|p1a: HoraDeGarchar\n|-damage|p1a: HoraDeGarchar|0 fnt\n|-damage|p2a: Mettaton|82\/100|[from] ability: Rough Skin|[of] p1a: HoraDeGarchar\n|-damage|p2a: Mettaton|65\/100|[from] item: Rocky Helmet|[of] p1a: HoraDeGarchar\n|faint|p1a: HoraDeGarchar\n|\n|upkeep\n|inactive|WSoldat has 120 seconds left.\n|\n|t:|1699625730\n|switch|p1a: Barney|Dragonite, M, shiny|100\/100\n|turn|23\n|\n|t:|1699625739\n|-terastallize|p1a: Barney|Normal\n|move|p1a: Barney|Extreme Speed|p2a: Mettaton\n|-damage|p2a: Mettaton|10\/100\n|move|p2a: Mettaton|Spirit Break|p1a: Barney\n|-damage|p1a: Barney|57\/100\n|-unboost|p1a: Barney|spa|1\n|\n|upkeep\n|turn|24\n|\n|t:|1699625751\n|move|p1a: Barney|Extreme Speed|p2a: Mettaton\n|-damage|p2a: Mettaton|0 fnt\n|faint|p2a: Mettaton\n|-end|p2a: Mettaton|Quark Drive|[silent]\n|\n|upkeep\n|\n|t:|1699625754\n|switch|p2a: Sans|Marowak-Alola, M|100\/100\n|-damage|p2a: Sans|76\/100|[from] Stealth Rock\n|turn|25\n|\n|t:|1699625760\n|move|p1a: Barney|Earthquake|p2a: Sans\n|-supereffective|p2a: Sans\n|-damage|p2a: Sans|3\/100\n|move|p2a: Sans|Bonemerang|p1a: Barney\n|-damage|p1a: Barney|27\/100\n|-damage|p1a: Barney|0 fnt\n|faint|p1a: Barney\n|-hitcount|p1: Barney|2\n|\n|upkeep\n|\n|t:|1699625770\n|switch|p1a: Lernea|Hydreigon, M, shiny|100\/100\n|turn|26\n|\n|t:|1699625777\n|move|p1a: Lernea|Earth Power|p2a: Sans\n|-supereffective|p2a: Sans\n|-damage|p2a: Sans|0 fnt\n|faint|p2a: Sans\n|\n|upkeep\n|\n|t:|1699625780\n|switch|p2a: Chara|Tapu Lele|100\/100\n|-damage|p2a: Chara|88\/100|[from] Stealth Rock\n|-fieldstart|move: Psychic Terrain|[from] ability: Psychic Surge|[of] p2a: Chara\n|turn|27\n|\n|t:|1699625790\n|move|p2a: Chara|Moonblast|p1a: Lernea\n|-supereffective|p1a: Lernea\n|-damage|p1a: Lernea|0 fnt\n|faint|p1a: Lernea\n|\n|upkeep\n|\n|t:|1699625800\n|switch|p1a: Corvo|Corviknight, M, shiny|85\/100\n|turn|28\n|\n|t:|1699625821\n|move|p2a: Chara|Moonblast|p1a: Corvo\n|-resisted|p1a: Corvo\n|-damage|p1a: Corvo|62\/100\n|move|p1a: Corvo|Brave Bird|p2a: Chara\n|-damage|p2a: Chara|35\/100\n|-damage|p1a: Corvo|50\/100|[from] Recoil\n|\n|upkeep\n|turn|29\n|\n|t:|1699625832\n|move|p2a: Chara|Moonblast|p1a: Corvo\n|-resisted|p1a: Corvo\n|-damage|p1a: Corvo|26\/100\n|move|p1a: Corvo|Roost|p1a: Corvo\n|-heal|p1a: Corvo|76\/100\n|-singleturn|p1a: Corvo|move: Roost\n|\n|upkeep\n|turn|30\n|\n|t:|1699625841\n|switch|p2a: Flowey|Bellossom, F|100\/100\n|-damage|p2a: Flowey|88\/100|[from] Stealth Rock\n|move|p1a: Corvo|Brave Bird|p2a: Flowey\n|-supereffective|p2a: Flowey\n|-damage|p2a: Flowey|17\/100\n|-damage|p1a: Corvo|55\/100|[from] Recoil\n|\n|-heal|p2a: Flowey|23\/100|[from] item: Leftovers\n|upkeep\n|turn|31\n|\n|t:|1699625862\n|move|p1a: Corvo|Brave Bird|p2a: Flowey\n|-supereffective|p2a: Flowey\n|-damage|p2a: Flowey|0 fnt\n|faint|p2a: Flowey\n|-damage|p1a: Corvo|49\/100|[from] Recoil\n|\n|-fieldend|move: Psychic Terrain\n|upkeep\n|\n|t:|1699625864\n|switch|p2a: Chara|Tapu Lele|35\/100\n|-damage|p2a: Chara|22\/100|[from] Stealth Rock\n|-fieldstart|move: Psychic Terrain|[from] ability: Psychic Surge|[of] p2a: Chara\n|turn|32\n|\n|t:|1699625875\n|move|p2a: Chara|Shadow Ball|p1a: Corvo\n|-crit|p1a: Corvo\n|-damage|p1a: Corvo|7\/100\n|move|p1a: Corvo|Brave Bird|p2a: Chara\n|-damage|p2a: Chara|0 fnt\n|faint|p2a: Chara\n|-damage|p1a: Corvo|2\/100|[from] Recoil\n|\n|win|WSoldat\n|raw|WSoldat's rating: 1149 &rarr; <strong>1168<\/strong><br \/>(+19 for winning)\n|raw|SirNekoLeo's rating: 1063 &rarr; <strong>1048<\/strong><br \/>(-15 for losing)\n|c|\u2606SirNekoLeo|GG\n","uploadtime":1699625886,"views":5,"p1id":"wsoldat","p2id":"sirnekoleo","formatid":"gen9nationaldex","rating":1048,"private":0,"password":""}