{"id":"gen9nationaldex-1990100686","p1":"pretty rave girl","p2":"bufflesxd","format":"[Gen 9] National Dex","log":"|j|\u2606pretty rave girl\n|j|\u2606bufflesxd\n|t:|1699924589\n|gametype|singles\n|player|p1|pretty rave girl|clerkf|\n|player|p2|bufflesxd|pokemaniac|\n|teamsize|p1|6\n|teamsize|p2|6\n|gen|9\n|tier|[Gen 9] National Dex\n|rule|HP Percentage Mod: HP is shown in percentages\n|rule|Endless Battle Clause: Forcing endless battles is banned\n|rule|OHKO Clause: OHKO moves are banned\n|rule|Evasion Clause: Evasion abilities, items, and moves are banned\n|rule|Evasion Abilities Clause: Evasion abilities are banned\n|rule|Evasion Items Clause: Evasion items are banned\n|rule|Evasion Moves Clause: Evasion moves are banned\n|rule|Species Clause: Limit one of each Pok\u00e9mon\n|rule|Sleep Clause Mod: Limit one foe put to sleep\n|clearpoke\n|poke|p1|Deoxys-Defense|\n|poke|p1|Kartana|\n|poke|p1|Tornadus-Therian, M|\n|poke|p1|Samurott-Hisui, M|\n|poke|p1|Latios, M|\n|poke|p1|Garganacl, M|\n|poke|p2|Venusaur, M|\n|poke|p2|Great Tusk|\n|poke|p2|Dragonite, M|\n|poke|p2|Sylveon, M|\n|poke|p2|Blacephalon|\n|poke|p2|Rotom-Wash|\n|teampreview\n|c|\u2606pretty rave girl|gl\n|\n|t:|1699924607\n|start\n|switch|p1a: Latios|Latios, M|100\/100\n|switch|p2a: Rotom|Rotom-Wash|100\/100\n|turn|1\n|\n|t:|1699924616\n|detailschange|p1a: Latios|Latios-Mega, M\n|-mega|p1a: Latios|Latios|Latiosite\n|move|p1a: Latios|Psychic|p2a: Rotom\n|-damage|p2a: Rotom|55\/100\n|move|p2a: Rotom|Thunder Wave|p1a: Latios\n|-status|p1a: Latios|par\n|\n|upkeep\n|turn|2\n|\n|t:|1699924625\n|move|p2a: Rotom|Volt Switch|p1a: Latios\n|-resisted|p1a: Latios\n|-damage|p1a: Latios|89\/100 par\n|j| cynicul\n|\n|t:|1699924629\n|switch|p2a: Sylveon|Sylveon, M|100\/100|[from] Volt Switch\n|move|p1a: Latios|Psychic|p2a: Sylveon\n|-damage|p2a: Sylveon|62\/100\n|\n|-heal|p2a: Sylveon|68\/100|[from] item: Leftovers\n|upkeep\n|turn|3\n|\n|t:|1699924638\n|switch|p1a: Deoxys|Deoxys-Defense|100\/100\n|-ability|p1a: Deoxys|Pressure\n|move|p2a: Sylveon|Wish|p2a: Sylveon\n|\n|-heal|p2a: Sylveon|74\/100|[from] item: Leftovers\n|upkeep\n|turn|4\n|\n|t:|1699924646\n|switch|p2a: Rotom|Rotom-Wash|55\/100\n|move|p1a: Deoxys|Seismic Toss|p2a: Rotom\n|-damage|p2a: Rotom|22\/100\n|\n|-heal|p2a: Rotom|87\/100|[from] move: Wish|[wisher] Sylveon\n|upkeep\n|turn|5\n|\n|t:|1699924653\n|move|p1a: Deoxys|Taunt|p2a: Rotom\n|-start|p2a: Rotom|move: Taunt\n|cant|p2a: Rotom|move: Taunt|Thunder Wave\n|\n|upkeep\n|turn|6\n|\n|t:|1699924659\n|move|p1a: Deoxys|Seismic Toss|p2a: Rotom\n|-damage|p2a: Rotom|54\/100\n|move|p2a: Rotom|Volt Switch|p1a: Deoxys\n|-damage|p1a: Deoxys|83\/100\n|\n|t:|1699924666\n|switch|p2a: Blacephalon|Blacephalon|100\/100|[from] Volt Switch\n|\n|upkeep\n|turn|7\n|\n|t:|1699924675\n|switch|p1a: Samurott|Samurott-Hisui, M|100\/100\n|move|p2a: Blacephalon|Shadow Ball|p1a: Samurott\n|-resisted|p1a: Samurott\n|-damage|p1a: Samurott|73\/100\n|\n|upkeep\n|turn|8\n|\n|t:|1699924687\n|switch|p2a: Venusaur|Venusaur, M|100\/100\n|move|p1a: Samurott|Ceaseless Edge|p2a: Venusaur\n|-damage|p2a: Venusaur|66\/100\n|-sidestart|p2: bufflesxd|Spikes\n|\n|upkeep\n|turn|9\n|\n|t:|1699924712\n|detailschange|p2a: Venusaur|Venusaur-Mega, M\n|-mega|p2a: Venusaur|Venusaur|Venusaurite\n|move|p1a: Samurott|Ceaseless Edge|p2a: Venusaur\n|-damage|p2a: Venusaur|38\/100\n|-sidestart|p2: bufflesxd|Spikes\n|move|p2a: Venusaur|Synthesis|p2a: Venusaur\n|-heal|p2a: Venusaur|88\/100\n|\n|upkeep\n|turn|10\n|\n|t:|1699924718\n|move|p1a: Samurott|Flip Turn|p2a: Venusaur\n|-resisted|p2a: Venusaur\n|-damage|p2a: Venusaur|79\/100\n|\n|t:|1699924722\n|switch|p1a: Tornadus|Tornadus-Therian, M|100\/100|[from] Flip Turn\n|move|p2a: Venusaur|Giga Drain|p1a: Tornadus\n|-resisted|p1a: Tornadus\n|-damage|p1a: Tornadus|84\/100\n|-heal|p2a: Venusaur|86\/100|[from] drain|[of] p1a: Tornadus\n|\n|upkeep\n|turn|11\n|\n|t:|1699924735\n|move|p1a: Tornadus|Bleakwind Storm|p2a: Venusaur\n|-supereffective|p2a: Venusaur\n|-damage|p2a: Venusaur|11\/100\n|move|p2a: Venusaur|Sludge Bomb|p1a: Tornadus\n|-crit|p1a: Tornadus\n|-damage|p1a: Tornadus|21\/100\n|\n|upkeep\n|turn|12\n|\n|t:|1699924749\n|switch|p2a: Rotom|Rotom-Wash|54\/100\n|move|p1a: Tornadus|Bleakwind Storm|p2a: Rotom\n|-resisted|p2a: Rotom\n|-damage|p2a: Rotom|35\/100\n|\n|upkeep\n|turn|13\n|\n|t:|1699924756\n|-zpower|p1a: Tornadus\n|move|p1a: Tornadus|All-Out Pummeling|p2a: Rotom|[zeffect]\n|-damage|p2a: Rotom|0 fnt\n|faint|p2a: Rotom\n|\n|upkeep\n|\n|t:|1699924766\n|switch|p2a: Dragonite|Dragonite, M|100\/100\n|turn|14\n|\n|t:|1699924777\n|switch|p1a: Garganacl|Garganacl, M|100\/100\n|move|p2a: Dragonite|Extreme Speed|p1a: Garganacl\n|-resisted|p1a: Garganacl\n|-damage|p1a: Garganacl|89\/100\n|\n|-heal|p1a: Garganacl|95\/100|[from] item: Leftovers\n|upkeep\n|turn|15\n|\n|t:|1699924786\n|switch|p2a: Great Tusk|Great Tusk|100\/100\n|-damage|p2a: Great Tusk|84\/100|[from] Spikes\n|move|p1a: Garganacl|Salt Cure|p2a: Great Tusk\n|-resisted|p2a: Great Tusk\n|-damage|p2a: Great Tusk|82\/100\n|-start|p2a: Great Tusk|Salt Cure\n|\n|-heal|p1a: Garganacl|100\/100|[from] item: Leftovers\n|-damage|p2a: Great Tusk|69\/100|[from] Salt Cure\n|upkeep\n|turn|16\n|\n|t:|1699924797\n|switch|p1a: Kartana|Kartana|100\/100\n|move|p2a: Great Tusk|Rapid Spin|p1a: Kartana\n|-resisted|p1a: Kartana\n|-damage|p1a: Kartana|91\/100\n|-boost|p2a: Great Tusk|spe|1\n|-sideend|p2: bufflesxd|Spikes|[from] move: Rapid Spin|[of] p2a: Great Tusk\n|\n|-damage|p2a: Great Tusk|57\/100|[from] Salt Cure\n|upkeep\n|turn|17\n|\n|t:|1699924847\n|-terastallize|p1a: Kartana|Psychic\n|move|p1a: Kartana|Psycho Cut|p2a: Great Tusk\n|-supereffective|p2a: Great Tusk\n|-damage|p2a: Great Tusk|0 fnt\n|faint|p2a: Great Tusk\n|-end|p2a: Great Tusk|Protosynthesis|[silent]\n|-ability|p1a: Kartana|Beast Boost|boost\n|-boost|p1a: Kartana|atk|1\n|\n|upkeep\n|\n|t:|1699924853\n|switch|p2a: Dragonite|Dragonite, M|100\/100\n|turn|18\n|\n|t:|1699924858\n|move|p1a: Kartana|Psycho Cut|p2a: Dragonite\n|-damage|p2a: Dragonite|63\/100\n|move|p2a: Dragonite|Dragon Dance|p2a: Dragonite\n|-boost|p2a: Dragonite|atk|1\n|-boost|p2a: Dragonite|spe|1\n|\n|upkeep\n|turn|19\n|\n|t:|1699924876\n|-terastallize|p2a: Dragonite|Normal\n|move|p2a: Dragonite|Extreme Speed|p1a: Kartana\n|-damage|p1a: Kartana|22\/100\n|move|p1a: Kartana|Psycho Cut|p2a: Dragonite\n|-damage|p2a: Dragonite|0 fnt\n|faint|p2a: Dragonite\n|-ability|p1a: Kartana|Beast Boost|boost\n|-boost|p1a: Kartana|atk|1\n|\n|upkeep\n|\n|t:|1699924891\n|switch|p2a: Blacephalon|Blacephalon|100\/100\n|turn|20\n|\n|t:|1699924892\n|move|p1a: Kartana|Psycho Cut|p2a: Blacephalon\n|-damage|p2a: Blacephalon|0 fnt\n|faint|p2a: Blacephalon\n|-ability|p1a: Kartana|Beast Boost|boost\n|-boost|p1a: Kartana|atk|1\n|\n|upkeep\n|\n|t:|1699924894\n|switch|p2a: Sylveon|Sylveon, M|74\/100\n|turn|21\n|c|\u2606bufflesxd|gg\n|c|\u2606pretty rave girl|gg\n|c|\u2606bufflesxd|mans better\n|\n|t:|1699924901\n|move|p1a: Kartana|Psycho Cut|p2a: Sylveon\n|-damage|p2a: Sylveon|0 fnt\n|faint|p2a: Sylveon\n|-ability|p1a: Kartana|Beast Boost|boost\n|-boost|p1a: Kartana|atk|1\n|\n|upkeep\n|\n|t:|1699924904\n|switch|p2a: Venusaur|Venusaur-Mega, M|11\/100\n|turn|22\n|\n|t:|1699924907\n|move|p1a: Kartana|Psycho Cut|p2a: Venusaur\n|-supereffective|p2a: Venusaur\n|-damage|p2a: Venusaur|0 fnt\n|faint|p2a: Venusaur\n|\n|win|pretty rave girl\n|c|\u2606bufflesxd|champ dif\n|c|\u2606bufflesxd|sorry i suck\n|c|\u2606pretty rave girl|why u gotta be sorry LMFAo\n|c|\u2606pretty rave girl|happens\n|c|\u2606bufflesxd|go q inhouse\n|c|\u2606pretty rave girl|i am\n|c|\u2606bufflesxd|pick me ill carry\n|c|\u2606bufflesxd|i promise\n|c|\u2606bufflesxd|XD\n|l|\u2606bufflesxd\n|c|\u2606pretty rave girl|ive been in queue the whole series\n","uploadtime":1699924953,"views":19,"p1id":"prettyravegirl","p2id":"bufflesxd","formatid":"gen9nationaldex","rating":0,"private":0,"password":""}