{"id":"gen9nationaldex-1987349791","p1":"JDGMW679898","p2":"FgoPain","format":"[Gen 9] National Dex","log":"|j|\u2606JDGMW679898\n|j|\u2606FgoPain\n|t:|1699580486\n|gametype|singles\n|player|p1|JDGMW679898|266|1306\n|player|p2|FgoPain|170|1304\n|teamsize|p1|6\n|teamsize|p2|6\n|gen|9\n|tier|[Gen 9] National Dex\n|rated|\n|rule|HP Percentage Mod: HP is shown in percentages\n|rule|Endless Battle Clause: Forcing endless battles is banned\n|rule|OHKO Clause: OHKO moves are banned\n|rule|Evasion Clause: Evasion abilities, items, and moves are banned\n|rule|Evasion Abilities Clause: Evasion abilities are banned\n|rule|Evasion Items Clause: Evasion items are banned\n|rule|Evasion Moves Clause: Evasion moves are banned\n|rule|Species Clause: Limit one of each Pok\u00e9mon\n|rule|Sleep Clause Mod: Limit one foe put to sleep\n|clearpoke\n|poke|p1|Sableye, M|\n|poke|p1|Chansey, F|\n|poke|p1|Toxapex, M|\n|poke|p1|Dondozo, M|\n|poke|p1|Gliscor, M|\n|poke|p1|Clodsire, M|\n|poke|p2|Kommo-o, M|\n|poke|p2|Gliscor, M|\n|poke|p2|Ninetales-Alola, M|\n|poke|p2|Iron Valiant|\n|poke|p2|Rillaboom, F|\n|poke|p2|Lopunny, F|\n|teampreview\n|\n|t:|1699580496\n|start\n|switch|p1a: Sableye|Sableye, M|100\/100\n|switch|p2a: Rillaboom|Rillaboom, F|100\/100\n|-fieldstart|move: Grassy Terrain|[from] ability: Grassy Surge|[of] p2a: Rillaboom\n|turn|1\n|inactive|Battle timer is ON: inactive players will automatically lose when time's up. (requested by FgoPain)\n|\n|t:|1699580501\n|move|p1a: Sableye|Will-O-Wisp|p2a: Rillaboom\n|-status|p2a: Rillaboom|brn\n|move|p2a: Rillaboom|Swords Dance|p2a: Rillaboom\n|-boost|p2a: Rillaboom|atk|2\n|\n|-damage|p2a: Rillaboom|94\/100 brn|[from] brn\n|upkeep\n|turn|2\n|\n|t:|1699580509\n|detailschange|p1a: Sableye|Sableye-Mega, M\n|-mega|p1a: Sableye|Sableye|Sablenite\n|move|p1a: Sableye|Protect|p1a: Sableye\n|-singleturn|p1a: Sableye|Protect\n|move|p2a: Rillaboom|Swords Dance|p2a: Rillaboom\n|-boost|p2a: Rillaboom|atk|2\n|\n|-heal|p2a: Rillaboom|100\/100 brn|[from] Grassy Terrain\n|-damage|p2a: Rillaboom|94\/100 brn|[from] brn\n|upkeep\n|turn|3\n|\n|t:|1699580517\n|switch|p1a: Dondozo|Dondozo, M|100\/100\n|move|p2a: Rillaboom|Wood Hammer|p1a: Dondozo\n|-supereffective|p1a: Dondozo\n|-damage|p1a: Dondozo|65\/100\n|-damage|p2a: Rillaboom|78\/100 brn|[from] Recoil\n|\n|-heal|p2a: Rillaboom|84\/100 brn|[from] Grassy Terrain\n|-heal|p2a: Rillaboom|91\/100 brn|[from] item: Leftovers\n|-heal|p1a: Dondozo|71\/100|[from] Grassy Terrain\n|-heal|p1a: Dondozo|77\/100|[from] item: Leftovers\n|-damage|p2a: Rillaboom|84\/100 brn|[from] brn\n|upkeep\n|turn|4\n|\n|t:|1699580522\n|move|p2a: Rillaboom|Knock Off|p1a: Dondozo\n|-damage|p1a: Dondozo|70\/100\n|-enditem|p1a: Dondozo|Leftovers|[from] move: Knock Off|[of] p2a: Rillaboom\n|move|p1a: Dondozo|Curse|p1a: Dondozo\n|-unboost|p1a: Dondozo|spe|1\n|-boost|p1a: Dondozo|atk|1\n|-boost|p1a: Dondozo|def|1\n|\n|-heal|p2a: Rillaboom|91\/100 brn|[from] Grassy Terrain\n|-heal|p2a: Rillaboom|97\/100 brn|[from] item: Leftovers\n|-heal|p1a: Dondozo|76\/100|[from] Grassy Terrain\n|-damage|p2a: Rillaboom|91\/100 brn|[from] brn\n|upkeep\n|turn|5\n|\n|t:|1699580529\n|switch|p2a: Ninetales|Ninetales-Alola, M, shiny|100\/100\n|-weather|Snow|[from] ability: Snow Warning|[of] p2a: Ninetales\n|move|p1a: Dondozo|Waterfall|p2a: Ninetales\n|-damage|p2a: Ninetales|68\/100\n|\n|-weather|Snow|[upkeep]\n|-heal|p2a: Ninetales|74\/100|[from] Grassy Terrain\n|-heal|p1a: Dondozo|82\/100|[from] Grassy Terrain\n|-fieldend|move: Grassy Terrain\n|upkeep\n|turn|6\n|\n|t:|1699580533\n|switch|p1a: Chansey|Chansey, F|100\/100\n|move|p2a: Ninetales|Aurora Veil|p2a: Ninetales\n|-sidestart|p2: FgoPain|move: Aurora Veil\n|\n|-weather|Snow|[upkeep]\n|upkeep\n|turn|7\n|\n|t:|1699580536\n|move|p2a: Ninetales|Hypnosis|p1a: Chansey|[miss]\n|-miss|p2a: Ninetales|p1a: Chansey\n|move|p1a: Chansey|Stealth Rock|p2a: Ninetales\n|-sidestart|p2: FgoPain|move: Stealth Rock\n|\n|-weather|Snow|[upkeep]\n|upkeep\n|turn|8\n|\n|t:|1699580539\n|move|p2a: Ninetales|Encore|p1a: Chansey\n|-start|p1a: Chansey|Encore\n|move|p1a: Chansey|Stealth Rock||[still]\n|-fail|p1a: Chansey\n|\n|-weather|Snow|[upkeep]\n|upkeep\n|turn|9\n|\n|t:|1699580545\n|switch|p2a: Gliscor|Gliscor, M, shiny|100\/100\n|-damage|p2a: Gliscor|88\/100|[from] Stealth Rock\n|switch|p1a: Toxapex|Toxapex, M|100\/100\n|\n|-weather|none\n|-status|p2a: Gliscor|tox|[from] item: Toxic Orb\n|upkeep\n|turn|10\n|\n|t:|1699580550\n|move|p2a: Gliscor|Earthquake|p1a: Toxapex\n|-supereffective|p1a: Toxapex\n|-damage|p1a: Toxapex|49\/100\n|move|p1a: Toxapex|Scald|p2a: Gliscor\n|-supereffective|p2a: Gliscor\n|-damage|p2a: Gliscor|64\/100 tox\n|\n|-heal|p1a: Toxapex|55\/100|[from] item: Black Sludge\n|-heal|p2a: Gliscor|77\/100 tox|[from] ability: Poison Heal\n|upkeep\n|turn|11\n|\n|t:|1699580553\n|switch|p1a: Gliscor|Gliscor, M|100\/100\n|move|p2a: Gliscor|Earthquake|p1a: Gliscor\n|-immune|p1a: Gliscor\n|\n|-heal|p2a: Gliscor|89\/100 tox|[from] ability: Poison Heal\n|-status|p1a: Gliscor|tox|[from] item: Toxic Orb\n|upkeep\n|turn|12\n|\n|t:|1699580557\n|move|p1a: Gliscor|Toxic|p2a: Gliscor\n|-fail|p2a: Gliscor|tox\n|move|p2a: Gliscor|Spikes|p1a: Gliscor\n|-sidestart|p1: JDGMW679898|Spikes\n|\n|-heal|p2a: Gliscor|100\/100 tox|[from] ability: Poison Heal\n|upkeep\n|turn|13\n|\n|t:|1699580561\n|move|p2a: Gliscor|Spikes|p1a: Gliscor\n|-sidestart|p1: JDGMW679898|Spikes\n|move|p1a: Gliscor|Defog|p2a: Gliscor\n|-unboost|p2a: Gliscor|evasion|1\n|-sideend|p2: FgoPain|move: Aurora Veil\n|-sideend|p2: FgoPain|Stealth Rock|[from] move: Defog|[of] p1a: Gliscor\n|-sideend|p1: JDGMW679898|Spikes|[from] move: Defog|[of] p1a: Gliscor\n|\n|upkeep\n|turn|14\n|\n|t:|1699580568\n|switch|p1a: Sableye|Sableye-Mega, M|100\/100\n|move|p2a: Gliscor|Spikes|p1a: Sableye\n|move|p1a: Sableye|Spikes|p2a: Gliscor|[from]ability: Magic Bounce\n|-sidestart|p2: FgoPain|Spikes\n|\n|upkeep\n|turn|15\n|\n|t:|1699580574\n|move|p1a: Sableye|Protect|p1a: Sableye\n|-singleturn|p1a: Sableye|Protect\n|move|p2a: Gliscor|Toxic|p1a: Sableye\n|-activate|p1a: Sableye|move: Protect\n|\n|upkeep\n|turn|16\n|\n|t:|1699580579\n|switch|p1a: Gliscor|Gliscor, M|100\/100 tox\n|move|p2a: Gliscor|Toxic|p1a: Gliscor\n|-fail|p1a: Gliscor|tox\n|\n|upkeep\n|turn|17\n|\n|t:|1699580583\n|switch|p1a: Sableye|Sableye-Mega, M|100\/100\n|move|p2a: Gliscor|Protect||[still]\n|-fail|p2a: Gliscor\n|\n|upkeep\n|turn|18\n|\n|t:|1699580590\n|move|p2a: Gliscor|Toxic|p1a: Sableye\n|move|p1a: Sableye|Toxic|p2a: Gliscor|[from]ability: Magic Bounce\n|-fail|p2a: Gliscor|tox\n|move|p1a: Sableye|Knock Off|p2a: Gliscor\n|-damage|p2a: Gliscor|79\/100 tox\n|-enditem|p2a: Gliscor|Toxic Orb|[from] move: Knock Off|[of] p1a: Sableye\n|\n|-heal|p2a: Gliscor|91\/100 tox|[from] ability: Poison Heal\n|upkeep\n|turn|19\n|\n|t:|1699580593\n|move|p1a: Sableye|Protect|p1a: Sableye\n|-singleturn|p1a: Sableye|Protect\n|move|p2a: Gliscor|Earthquake|p1a: Sableye\n|-activate|p1a: Sableye|move: Protect\n|\n|-heal|p2a: Gliscor|100\/100 tox|[from] ability: Poison Heal\n|upkeep\n|turn|20\n|\n|t:|1699580607\n|switch|p1a: Gliscor|Gliscor, M|100\/100 tox\n|move|p2a: Gliscor|Earthquake|p1a: Gliscor\n|-immune|p1a: Gliscor\n|\n|upkeep\n|turn|21\n|\n|t:|1699580612\n|switch|p2a: Rillaboom|Rillaboom, F|91\/100 brn\n|-damage|p2a: Rillaboom|78\/100 brn|[from] Spikes\n|-fieldstart|move: Grassy Terrain|[from] ability: Grassy Surge|[of] p2a: Rillaboom\n|move|p1a: Gliscor|Toxic||[still]\n|-fail|p1a: Gliscor\n|\n|-heal|p2a: Rillaboom|84\/100 brn|[from] Grassy Terrain\n|-heal|p2a: Rillaboom|91\/100 brn|[from] item: Leftovers\n|-damage|p2a: Rillaboom|84\/100 brn|[from] brn\n|upkeep\n|turn|22\n|\n|t:|1699580615\n|move|p1a: Gliscor|Earthquake|p2a: Rillaboom\n|-resisted|p2a: Rillaboom\n|-damage|p2a: Rillaboom|77\/100 brn\n|move|p2a: Rillaboom|Swords Dance|p2a: Rillaboom\n|-boost|p2a: Rillaboom|atk|2\n|\n|-heal|p2a: Rillaboom|83\/100 brn|[from] Grassy Terrain\n|-heal|p2a: Rillaboom|89\/100 brn|[from] item: Leftovers\n|-damage|p2a: Rillaboom|83\/100 brn|[from] brn\n|upkeep\n|turn|23\n|\n|t:|1699580619\n|switch|p1a: Dondozo|Dondozo, M|82\/100\n|move|p2a: Rillaboom|Swords Dance|p2a: Rillaboom\n|-boost|p2a: Rillaboom|atk|2\n|\n|-heal|p2a: Rillaboom|89\/100 brn|[from] Grassy Terrain\n|-heal|p2a: Rillaboom|96\/100 brn|[from] item: Leftovers\n|-heal|p1a: Dondozo|88\/100|[from] Grassy Terrain\n|-damage|p2a: Rillaboom|89\/100 brn|[from] brn\n|upkeep\n|turn|24\n|\n|t:|1699580626\n|switch|p2a: Ninetales|Ninetales-Alola, M, shiny|74\/100\n|-damage|p2a: Ninetales|61\/100|[from] Spikes\n|-weather|Snow|[from] ability: Snow Warning|[of] p2a: Ninetales\n|move|p1a: Dondozo|Curse|p1a: Dondozo\n|-unboost|p1a: Dondozo|spe|1\n|-boost|p1a: Dondozo|atk|1\n|-boost|p1a: Dondozo|def|1\n|\n|-weather|Snow|[upkeep]\n|-heal|p2a: Ninetales|67\/100|[from] Grassy Terrain\n|-heal|p1a: Dondozo|94\/100|[from] Grassy Terrain\n|upkeep\n|turn|25\n|\n|t:|1699580632\n|switch|p1a: Chansey|Chansey, F|100\/100\n|move|p2a: Ninetales|Hypnosis|p1a: Chansey\n|-status|p1a: Chansey|slp|[from] move: Hypnosis\n|\n|-weather|Snow|[upkeep]\n|-heal|p2a: Ninetales|73\/100|[from] Grassy Terrain\n|-fieldend|move: Grassy Terrain\n|upkeep\n|turn|26\n|\n|t:|1699580641\n|switch|p2a: Lopunny|Lopunny, F|100\/100\n|-damage|p2a: Lopunny|88\/100|[from] Spikes\n|-curestatus|p1a: Chansey|slp|[from] ability: Natural Cure\n|switch|p1a: Toxapex|Toxapex, M|89\/100\n|\n|-weather|Snow|[upkeep]\n|-heal|p1a: Toxapex|95\/100|[from] item: Black Sludge\n|upkeep\n|turn|27\n|\n|t:|1699580644\n|detailschange|p2a: Lopunny|Lopunny-Mega, F\n|-mega|p2a: Lopunny|Lopunny|Lopunnite\n|move|p2a: Lopunny|Fake Out|p1a: Toxapex\n|-damage|p1a: Toxapex|81\/100\n|cant|p1a: Toxapex|flinch\n|\n|-weather|Snow|[upkeep]\n|-heal|p1a: Toxapex|87\/100|[from] item: Black Sludge\n|upkeep\n|turn|28\n|\n|t:|1699580648\n|move|p2a: Lopunny|Return|p1a: Toxapex\n|-damage|p1a: Toxapex|55\/100\n|move|p1a: Toxapex|Scald|p2a: Lopunny\n|-damage|p2a: Lopunny|66\/100\n|-status|p2a: Lopunny|brn\n|\n|-weather|none\n|-heal|p1a: Toxapex|62\/100|[from] item: Black Sludge\n|-damage|p2a: Lopunny|60\/100 brn|[from] brn\n|upkeep\n|turn|29\n|\n|t:|1699580653\n|move|p2a: Lopunny|U-turn|p1a: Toxapex\n|-resisted|p1a: Toxapex\n|-damage|p1a: Toxapex|58\/100\n|\n|t:|1699580659\n|switch|p2a: Kommo-o|Kommo-o, M|100\/100|[from] U-turn\n|-damage|p2a: Kommo-o|88\/100|[from] Spikes\n|move|p1a: Toxapex|Scald|p2a: Kommo-o\n|-resisted|p2a: Kommo-o\n|-damage|p2a: Kommo-o|79\/100\n|\n|-heal|p1a: Toxapex|64\/100|[from] item: Black Sludge\n|upkeep\n|turn|30\n|\n|t:|1699580667\n|switch|p1a: Chansey|Chansey, F|100\/100\n|move|p2a: Kommo-o|Clangorous Soul|p2a: Kommo-o\n|-boost|p2a: Kommo-o|atk|1\n|-boost|p2a: Kommo-o|def|1\n|-boost|p2a: Kommo-o|spa|1\n|-boost|p2a: Kommo-o|spd|1\n|-boost|p2a: Kommo-o|spe|1\n|-damage|p2a: Kommo-o|46\/100\n|-enditem|p2a: Kommo-o|Throat Spray\n|-boost|p2a: Kommo-o|spa|1|[from] item: Throat Spray\n|\n|upkeep\n|turn|31\n|\n|t:|1699580673\n|-terastallize|p1a: Chansey|Ghost\n|move|p2a: Kommo-o|Aura Sphere|p1a: Chansey\n|-immune|p1a: Chansey\n|move|p1a: Chansey|Toxic|p2a: Kommo-o\n|-status|p2a: Kommo-o|tox\n|\n|-damage|p2a: Kommo-o|40\/100 tox|[from] psn\n|upkeep\n|turn|32\n|\n|t:|1699580677\n|move|p2a: Kommo-o|Clanging Scales|p1a: Chansey\n|-damage|p1a: Chansey|67\/100\n|-unboost|p2a: Kommo-o|def|1\n|move|p1a: Chansey|Stealth Rock|p2a: Kommo-o\n|-sidestart|p2: FgoPain|move: Stealth Rock\n|\n|-damage|p2a: Kommo-o|27\/100 tox|[from] psn\n|upkeep\n|turn|33\n|\n|t:|1699580679\n|move|p2a: Kommo-o|Clanging Scales|p1a: Chansey\n|-damage|p1a: Chansey|36\/100\n|-unboost|p2a: Kommo-o|def|1\n|move|p1a: Chansey|Soft-Boiled|p1a: Chansey\n|-heal|p1a: Chansey|86\/100\n|\n|-damage|p2a: Kommo-o|9\/100 tox|[from] psn\n|upkeep\n|turn|34\n|\n|t:|1699580683\n|move|p2a: Kommo-o|Clanging Scales|p1a: Chansey\n|-damage|p1a: Chansey|52\/100\n|-unboost|p2a: Kommo-o|def|1\n|move|p1a: Chansey|Soft-Boiled|p1a: Chansey\n|-heal|p1a: Chansey|100\/100\n|\n|-damage|p2a: Kommo-o|0 fnt|[from] psn\n|faint|p2a: Kommo-o\n|upkeep\n|\n|t:|1699580688\n|switch|p2a: Lopunny|Lopunny-Mega, F|60\/100 brn\n|-damage|p2a: Lopunny|48\/100 brn|[from] Spikes\n|-damage|p2a: Lopunny|42\/100 brn|[from] Stealth Rock\n|turn|35\n|\n|t:|1699580691\n|switch|p1a: Toxapex|Toxapex, M|98\/100\n|move|p2a: Lopunny|Fake Out|p1a: Toxapex\n|-damage|p1a: Toxapex|91\/100\n|\n|-heal|p1a: Toxapex|97\/100|[from] item: Black Sludge\n|-damage|p2a: Lopunny|36\/100 brn|[from] brn\n|upkeep\n|turn|36\n|\n|t:|1699580695\n|move|p2a: Lopunny|Return|p1a: Toxapex\n|-damage|p1a: Toxapex|79\/100\n|move|p1a: Toxapex|Scald|p2a: Lopunny\n|-damage|p2a: Lopunny|14\/100 brn\n|\n|-heal|p1a: Toxapex|86\/100|[from] item: Black Sludge\n|-damage|p2a: Lopunny|8\/100 brn|[from] brn\n|upkeep\n|turn|37\n|\n|t:|1699580698\n|move|p2a: Lopunny|High Jump Kick|p1a: Toxapex\n|-resisted|p1a: Toxapex\n|-damage|p1a: Toxapex|76\/100\n|move|p1a: Toxapex|Scald|p2a: Lopunny\n|-damage|p2a: Lopunny|0 fnt\n|faint|p2a: Lopunny\n|\n|-heal|p1a: Toxapex|82\/100|[from] item: Black Sludge\n|upkeep\n|\n|t:|1699580708\n|switch|p2a: Iron Valiant|Iron Valiant|100\/100\n|-damage|p2a: Iron Valiant|88\/100|[from] Spikes\n|-damage|p2a: Iron Valiant|82\/100|[from] Stealth Rock\n|-enditem|p2a: Iron Valiant|Booster Energy\n|-activate|p2a: Iron Valiant|ability: Quark Drive|[fromitem]\n|-start|p2a: Iron Valiant|quarkdrivespe\n|turn|38\n|\n|t:|1699580712\n|switch|p1a: Chansey|Chansey, F, tera:Ghost|100\/100\n|move|p2a: Iron Valiant|Calm Mind|p2a: Iron Valiant\n|-boost|p2a: Iron Valiant|spa|1\n|-boost|p2a: Iron Valiant|spd|1\n|\n|upkeep\n|turn|39\n|\n|t:|1699580721\n|move|p2a: Iron Valiant|Psyshock|p1a: Chansey\n|-damage|p1a: Chansey|74\/100\n|move|p1a: Chansey|Toxic|p2a: Iron Valiant\n|-status|p2a: Iron Valiant|tox\n|\n|-damage|p2a: Iron Valiant|76\/100 tox|[from] psn\n|upkeep\n|turn|40\n|\n|t:|1699580726\n|move|p2a: Iron Valiant|Calm Mind|p2a: Iron Valiant\n|-boost|p2a: Iron Valiant|spa|1\n|-boost|p2a: Iron Valiant|spd|1\n|move|p1a: Chansey|Soft-Boiled|p1a: Chansey\n|-heal|p1a: Chansey|100\/100\n|\n|-damage|p2a: Iron Valiant|63\/100 tox|[from] psn\n|upkeep\n|turn|41\n|\n|t:|1699580730\n|move|p2a: Iron Valiant|Calm Mind|p2a: Iron Valiant\n|-boost|p2a: Iron Valiant|spa|1\n|-boost|p2a: Iron Valiant|spd|1\n|move|p1a: Chansey|Seismic Toss|p2a: Iron Valiant\n|-damage|p2a: Iron Valiant|29\/100 tox\n|\n|-damage|p2a: Iron Valiant|10\/100 tox|[from] psn\n|upkeep\n|turn|42\n|\n|t:|1699580734\n|move|p2a: Iron Valiant|Psyshock|p1a: Chansey\n|-damage|p1a: Chansey|59\/100\n|move|p1a: Chansey|Soft-Boiled|p1a: Chansey\n|-heal|p1a: Chansey|100\/100\n|\n|-damage|p2a: Iron Valiant|0 fnt|[from] psn\n|faint|p2a: Iron Valiant\n|-end|p2a: Iron Valiant|Quark Drive|[silent]\n|upkeep\n|\n|t:|1699580739\n|switch|p2a: Rillaboom|Rillaboom, F|89\/100 brn\n|-damage|p2a: Rillaboom|77\/100 brn|[from] Spikes\n|-damage|p2a: Rillaboom|64\/100 brn|[from] Stealth Rock\n|-fieldstart|move: Grassy Terrain|[from] ability: Grassy Surge|[of] p2a: Rillaboom\n|turn|43\n|\n|t:|1699580751\n|switch|p1a: Sableye|Sableye-Mega, M|100\/100\n|move|p2a: Rillaboom|Swords Dance|p2a: Rillaboom\n|-boost|p2a: Rillaboom|atk|2\n|\n|-heal|p2a: Rillaboom|71\/100 brn|[from] Grassy Terrain\n|-heal|p2a: Rillaboom|77\/100 brn|[from] item: Leftovers\n|-damage|p2a: Rillaboom|71\/100 brn|[from] brn\n|upkeep\n|turn|44\n|\n|t:|1699580755\n|move|p2a: Rillaboom|Swords Dance|p2a: Rillaboom\n|-boost|p2a: Rillaboom|atk|2\n|move|p1a: Sableye|Knock Off|p2a: Rillaboom\n|-damage|p2a: Rillaboom|45\/100 brn\n|-enditem|p2a: Rillaboom|Leftovers|[from] move: Knock Off|[of] p1a: Sableye\n|\n|-heal|p2a: Rillaboom|52\/100 brn|[from] Grassy Terrain\n|-damage|p2a: Rillaboom|45\/100 brn|[from] brn\n|upkeep\n|turn|45\n|\n|t:|1699580758\n|switch|p1a: Dondozo|Dondozo, M|94\/100\n|move|p2a: Rillaboom|Swords Dance|p2a: Rillaboom\n|-boost|p2a: Rillaboom|atk|2\n|\n|-heal|p2a: Rillaboom|52\/100 brn|[from] Grassy Terrain\n|-heal|p1a: Dondozo|99\/100|[from] Grassy Terrain\n|-damage|p2a: Rillaboom|45\/100 brn|[from] brn\n|upkeep\n|turn|46\n|\n|t:|1699580760\n|move|p2a: Rillaboom|Wood Hammer|p1a: Dondozo\n|-supereffective|p1a: Dondozo\n|-damage|p1a: Dondozo|59\/100\n|-damage|p2a: Rillaboom|27\/100 brn|[from] Recoil\n|move|p1a: Dondozo|Curse|p1a: Dondozo\n|-unboost|p1a: Dondozo|spe|1\n|-boost|p1a: Dondozo|atk|1\n|-boost|p1a: Dondozo|def|1\n|\n|-heal|p2a: Rillaboom|33\/100 brn|[from] Grassy Terrain\n|-heal|p1a: Dondozo|65\/100|[from] Grassy Terrain\n|-damage|p2a: Rillaboom|27\/100 brn|[from] brn\n|upkeep\n|turn|47\n|\n|t:|1699580764\n|move|p2a: Rillaboom|Wood Hammer|p1a: Dondozo\n|-supereffective|p1a: Dondozo\n|-crit|p1a: Dondozo\n|-damage|p1a: Dondozo|12\/100\n|-damage|p2a: Rillaboom|3\/100 brn|[from] Recoil\n|move|p1a: Dondozo|Rest|p1a: Dondozo\n|-status|p1a: Dondozo|slp|[from] move: Rest\n|-heal|p1a: Dondozo|100\/100 slp|[silent]\n|\n|-heal|p2a: Rillaboom|9\/100 brn|[from] Grassy Terrain\n|-damage|p2a: Rillaboom|3\/100 brn|[from] brn\n|-fieldend|move: Grassy Terrain\n|upkeep\n|turn|48\n|\n|t:|1699580768\n|switch|p2a: Ninetales|Ninetales-Alola, M, shiny|73\/100\n|-damage|p2a: Ninetales|61\/100|[from] Spikes\n|-damage|p2a: Ninetales|36\/100|[from] Stealth Rock\n|-weather|Snow|[from] ability: Snow Warning|[of] p2a: Ninetales\n|cant|p1a: Dondozo|slp\n|move|p1a: Dondozo|Sleep Talk|p1a: Dondozo\n|move|p1a: Dondozo|Waterfall|p2a: Ninetales|[from]move: Sleep Talk\n|-damage|p2a: Ninetales|1\/100\n|\n|-weather|Snow|[upkeep]\n|upkeep\n|turn|49\n|\n|t:|1699580772\n|switch|p1a: Chansey|Chansey, F, tera:Ghost|100\/100\n|move|p2a: Ninetales|Freeze-Dry|p1a: Chansey\n|-damage|p1a: Chansey|94\/100\n|\n|-weather|Snow|[upkeep]\n|upkeep\n|turn|50\n|\n|t:|1699580777\n|move|p2a: Ninetales|Aurora Veil|p2a: Ninetales\n|-sidestart|p2: FgoPain|move: Aurora Veil\n|move|p1a: Chansey|Seismic Toss|p2a: Ninetales\n|-damage|p2a: Ninetales|0 fnt\n|faint|p2a: Ninetales\n|\n|-weather|Snow|[upkeep]\n|upkeep\n|\n|t:|1699580781\n|switch|p2a: Gliscor|Gliscor, M, shiny|100\/100 tox\n|-damage|p2a: Gliscor|88\/100 tox|[from] Stealth Rock\n|turn|51\n|\n|t:|1699580784\n|switch|p1a: Dondozo|Dondozo, M|100\/100 slp\n|move|p2a: Gliscor|Toxic|p1a: Dondozo|[miss]\n|-miss|p2a: Gliscor|p1a: Dondozo\n|\n|-weather|Snow|[upkeep]\n|-heal|p2a: Gliscor|100\/100 tox|[from] ability: Poison Heal\n|upkeep\n|turn|52\n|\n|t:|1699580787\n|move|p2a: Gliscor|Spikes|p1a: Dondozo\n|-sidestart|p1: JDGMW679898|Spikes\n|cant|p1a: Dondozo|slp\n|move|p1a: Dondozo|Sleep Talk|p1a: Dondozo\n|move|p1a: Dondozo|Curse|p1a: Dondozo|[from]move: Sleep Talk\n|-unboost|p1a: Dondozo|spe|1\n|-boost|p1a: Dondozo|atk|1\n|-boost|p1a: Dondozo|def|1\n|\n|-weather|none\n|upkeep\n|turn|53\n|\n|t:|1699580790\n|move|p2a: Gliscor|Spikes|p1a: Dondozo\n|-sidestart|p1: JDGMW679898|Spikes\n|-curestatus|p1a: Dondozo|slp|[msg]\n|move|p1a: Dondozo|Sleep Talk||[still]\n|-fail|p1a: Dondozo\n|\n|upkeep\n|turn|54\n|\n|t:|1699580793\n|move|p2a: Gliscor|Toxic|p1a: Dondozo\n|-status|p1a: Dondozo|tox\n|move|p1a: Dondozo|Curse|p1a: Dondozo\n|-unboost|p1a: Dondozo|spe|1\n|-boost|p1a: Dondozo|atk|1\n|-boost|p1a: Dondozo|def|1\n|\n|-damage|p1a: Dondozo|94\/100 tox|[from] psn\n|upkeep\n|turn|55\n|\n|t:|1699580796\n|move|p2a: Gliscor|Spikes|p1a: Dondozo\n|-sidestart|p1: JDGMW679898|Spikes\n|move|p1a: Dondozo|Curse|p1a: Dondozo\n|-unboost|p1a: Dondozo|spe|1\n|-boost|p1a: Dondozo|atk|1\n|-boost|p1a: Dondozo|def|1\n|\n|-damage|p1a: Dondozo|82\/100 tox|[from] psn\n|upkeep\n|turn|56\n|\n|t:|1699580800\n|move|p2a: Gliscor|Earthquake|p1a: Dondozo\n|-damage|p1a: Dondozo|74\/100 tox\n|move|p1a: Dondozo|Curse|p1a: Dondozo\n|-unboost|p1a: Dondozo|spe|1\n|-boost|p1a: Dondozo|atk|1\n|-boost|p1a: Dondozo|def|1\n|\n|-damage|p1a: Dondozo|56\/100 tox|[from] psn\n|upkeep\n|turn|57\n|\n|t:|1699580803\n|move|p2a: Gliscor|Earthquake|p1a: Dondozo\n|-damage|p1a: Dondozo|50\/100 tox\n|move|p1a: Dondozo|Rest|p1a: Dondozo\n|-status|p1a: Dondozo|slp|[from] move: Rest\n|-heal|p1a: Dondozo|100\/100 slp|[silent]\n|\n|-sideend|p2: FgoPain|move: Aurora Veil\n|upkeep\n|turn|58\n|\n|t:|1699580808\n|move|p2a: Gliscor|Toxic|p1a: Dondozo|[miss]\n|-miss|p2a: Gliscor|p1a: Dondozo\n|cant|p1a: Dondozo|slp\n|move|p1a: Dondozo|Sleep Talk|p1a: Dondozo\n|move|p1a: Dondozo|Rest||[from]move: Sleep Talk|[still]\n|-fail|p1a: Dondozo\n|\n|upkeep\n|turn|59\n|\n|t:|1699580810\n|move|p2a: Gliscor|Toxic||[still]\n|-fail|p2a: Gliscor\n|cant|p1a: Dondozo|slp\n|move|p1a: Dondozo|Sleep Talk|p1a: Dondozo\n|move|p1a: Dondozo|Waterfall|p2a: Gliscor|[from]move: Sleep Talk\n|-supereffective|p2a: Gliscor\n|-damage|p2a: Gliscor|0 fnt\n|faint|p2a: Gliscor\n|\n|upkeep\n|\n|t:|1699580813\n|switch|p2a: Rillaboom|Rillaboom, F|3\/100 brn\n|-damage|p2a: Rillaboom|0 fnt|[from] Spikes\n|faint|p2a: Rillaboom\n|\n|win|JDGMW679898\n|raw|JDGMW679898's rating: 1324 &rarr; <strong>1343<\/strong><br \/>(+19 for winning)\n|raw|FgoPain's rating: 1304 &rarr; <strong>1285<\/strong><br \/>(-19 for losing)\n|l|\u2606FgoPain\n","uploadtime":1699580826,"views":8,"p1id":"jdgmw679898","p2id":"fgopain","formatid":"gen9nationaldex","rating":1285,"private":0,"password":""}