{"id":"gen9nationaldex-1991004085","p1":"dclsdcl","p2":"Raseninnegan","format":"[Gen 9] National Dex","log":"|j|\u2606dclsdcl\n|j|\u2606Raseninnegan\n|t:|1700026397\n|gametype|singles\n|player|p1|dclsdcl|101|1045\n|player|p2|Raseninnegan|266|1076\n|teamsize|p1|4\n|teamsize|p2|6\n|gen|9\n|tier|[Gen 9] National Dex\n|rated|\n|rule|HP Percentage Mod: HP is shown in percentages\n|rule|Endless Battle Clause: Forcing endless battles is banned\n|rule|OHKO Clause: OHKO moves are banned\n|rule|Evasion Clause: Evasion abilities, items, and moves are banned\n|rule|Evasion Abilities Clause: Evasion abilities are banned\n|rule|Evasion Items Clause: Evasion items are banned\n|rule|Evasion Moves Clause: Evasion moves are banned\n|rule|Species Clause: Limit one of each Pok\u00e9mon\n|rule|Sleep Clause Mod: Limit one foe put to sleep\n|clearpoke\n|poke|p1|Hippowdon, F|\n|poke|p1|Aron, L1, M|\n|poke|p1|Tyranitar, M|\n|poke|p1|Durant, F|\n|poke|p2|Metagross|\n|poke|p2|Zangoose, M|\n|poke|p2|Ampharos, F|\n|poke|p2|Haxorus, M|\n|poke|p2|Gardevoir, F|\n|poke|p2|Corviknight, F|\n|teampreview\n|\n|t:|1700026408\n|start\n|switch|p1a: Hippowdon|Hippowdon, F|100\/100\n|switch|p2a: Sangrust|Haxorus, M, shiny|100\/100\n|-ability|p2a: Sangrust|Mold Breaker\n|-weather|Sandstorm|[from] ability: Sand Stream|[of] p1a: Hippowdon\n|turn|1\n|\n|t:|1700026416\n|switch|p2a: Will E. Peyote|Zangoose, M, shiny|100\/100\n|move|p1a: Hippowdon|Stealth Rock|p2a: Will E. Peyote\n|-sidestart|p2: Raseninnegan|move: Stealth Rock\n|\n|-weather|Sandstorm|[upkeep]\n|-damage|p2a: Will E. Peyote|95\/100|[from] Sandstorm\n|-status|p2a: Will E. Peyote|tox|[from] item: Toxic Orb\n|upkeep\n|turn|2\n|\n|t:|1700026434\n|move|p2a: Will E. Peyote|Facade|p1a: Hippowdon\n|-damage|p1a: Hippowdon|36\/100\n|-enditem|p1a: Hippowdon|Eject Button\n|\n|t:|1700026438\n|switch|p1a: Aron|Aron, L1, M|100\/100\n|\n|-weather|Sandstorm|[upkeep]\n|-damage|p2a: Will E. Peyote|89\/100 tox|[from] Sandstorm\n|-damage|p2a: Will E. Peyote|83\/100 tox|[from] psn\n|upkeep\n|turn|3\n|\n|t:|1700026446\n|move|p2a: Will E. Peyote|Facade|p1a: Aron\n|-resisted|p1a: Aron\n|-ability|p1a: Aron|Sturdy\n|-damage|p1a: Aron|9\/100\n|move|p1a: Aron|Endeavor|p2a: Will E. Peyote\n|-damage|p2a: Will E. Peyote|1\/100 tox\n|-heal|p1a: Aron|100\/100|[from] item: Shell Bell|[of] p2a: Will E. Peyote\n|\n|-weather|Sandstorm|[upkeep]\n|-damage|p2a: Will E. Peyote|0 fnt|[from] Sandstorm\n|faint|p2a: Will E. Peyote\n|upkeep\n|\n|t:|1700026464\n|switch|p2a: Sangrust|Haxorus, M, shiny|100\/100\n|-damage|p2a: Sangrust|88\/100|[from] Stealth Rock\n|-ability|p2a: Sangrust|Mold Breaker\n|turn|4\n|\n|t:|1700026473\n|move|p2a: Sangrust|Dragon Dance|p2a: Sangrust\n|-boost|p2a: Sangrust|atk|1\n|-boost|p2a: Sangrust|spe|1\n|move|p1a: Aron|Endeavor|p2a: Sangrust\n|-damage|p2a: Sangrust|5\/100\n|\n|-weather|Sandstorm|[upkeep]\n|-damage|p2a: Sangrust|0 fnt|[from] Sandstorm\n|faint|p2a: Sangrust\n|upkeep\n|c|\u2606Raseninnegan|huh\n|\n|t:|1700026485\n|switch|p2a: Steely Dan|Metagross, shiny|100\/100\n|-damage|p2a: Steely Dan|95\/100|[from] Stealth Rock\n|turn|5\n|\n|t:|1700026494\n|-terastallize|p2a: Steely Dan|Steel\n|move|p2a: Steely Dan|Agility|p2a: Steely Dan\n|-boost|p2a: Steely Dan|spe|2\n|move|p1a: Aron|Endeavor|p2a: Steely Dan\n|-damage|p2a: Steely Dan|4\/100\n|\n|-weather|none\n|upkeep\n|turn|6\n|\n|t:|1700026505\n|move|p2a: Steely Dan|Earthquake|p1a: Aron\n|-supereffective|p1a: Aron\n|-ability|p1a: Aron|Sturdy\n|-damage|p1a: Aron|9\/100\n|move|p1a: Aron|Metal Burst|p2a: Steely Dan\n|-damage|p2a: Steely Dan|0 fnt\n|faint|p2a: Steely Dan\n|-heal|p1a: Aron|17\/100|[from] item: Shell Bell|[of] p2: Steely Dan\n|\n|upkeep\n|\n|t:|1700026518\n|switch|p2a: Steel Wing|Corviknight, F, shiny|100\/100\n|-damage|p2a: Steel Wing|88\/100|[from] Stealth Rock\n|-ability|p2a: Steel Wing|Pressure\n|turn|7\n|\n|t:|1700026536\n|switch|p1a: Hippowdon|Hippowdon, F|36\/100\n|-weather|Sandstorm|[from] ability: Sand Stream|[of] p1a: Hippowdon\n|move|p2a: Steel Wing|Body Press|p1a: Hippowdon\n|-damage|p1a: Hippowdon|19\/100\n|\n|-weather|Sandstorm|[upkeep]\n|-heal|p2a: Steel Wing|94\/100|[from] item: Leftovers\n|upkeep\n|turn|8\n|inactive|Battle timer is ON: inactive players will automatically lose when time's up. (requested by Raseninnegan)\n|\n|t:|1700026547\n|move|p2a: Steel Wing|Bulk Up|p2a: Steel Wing\n|-boost|p2a: Steel Wing|atk|1\n|-boost|p2a: Steel Wing|def|1\n|move|p1a: Hippowdon|Yawn|p2a: Steel Wing\n|-start|p2a: Steel Wing|move: Yawn|[of] p1a: Hippowdon\n|\n|-weather|Sandstorm|[upkeep]\n|-heal|p2a: Steel Wing|100\/100|[from] item: Leftovers\n|upkeep\n|turn|9\n|\n|t:|1700026557\n|move|p2a: Steel Wing|Brave Bird|p1a: Hippowdon\n|-damage|p1a: Hippowdon|0 fnt\n|faint|p1a: Hippowdon\n|-damage|p2a: Steel Wing|94\/100|[from] Recoil\n|\n|-weather|Sandstorm|[upkeep]\n|-heal|p2a: Steel Wing|99\/100|[from] item: Leftovers\n|-end|p2a: Steel Wing|move: Yawn|[silent]\n|-status|p2a: Steel Wing|slp\n|upkeep\n|\n|t:|1700026567\n|switch|p1a: Durant|Durant, F|100\/100\n|turn|10\n|\n|t:|1700026572\n|switch|p2a: Sade|Gardevoir, F, shiny|100\/100\n|-damage|p2a: Sade|88\/100|[from] Stealth Rock\n|move|p1a: Durant|Entrainment|p2a: Sade\n|-endability|p2a: Sade|Synchronize|[from] move: Entrainment\n|-ability|p2a: Sade|Truant|[from] move: Entrainment\n|\n|-weather|Sandstorm|[upkeep]\n|-damage|p2a: Sade|82\/100|[from] Sandstorm\n|upkeep\n|turn|11\n|\n|t:|1700026589\n|switch|p1a: Tyranitar|Tyranitar, M|100\/100\n|move|p2a: Sade|Mystical Fire|p1a: Tyranitar\n|-resisted|p1a: Tyranitar\n|-damage|p1a: Tyranitar|93\/100\n|-unboost|p1a: Tyranitar|spa|1\n|\n|-weather|none\n|upkeep\n|turn|12\n|\n|t:|1700026604\n|switch|p2a: Steel Wing|Corviknight, F, shiny|99\/100 slp\n|-damage|p2a: Steel Wing|88\/100 slp|[from] Stealth Rock\n|-ability|p2a: Steel Wing|Pressure\n|switch|p1a: Aron|Aron, L1, M|17\/100\n|\n|-heal|p2a: Steel Wing|94\/100 slp|[from] item: Leftovers\n|upkeep\n|turn|13\n|\n|t:|1700026613\n|cant|p2a: Steel Wing|slp\n|move|p1a: Aron|Endeavor|p2a: Steel Wing\n|-damage|p2a: Steel Wing|1\/100 slp\n|-heal|p1a: Aron|100\/100|[from] item: Shell Bell|[of] p2a: Steel Wing\n|\n|-heal|p2a: Steel Wing|7\/100 slp|[from] item: Leftovers\n|upkeep\n|turn|14\n|\n|t:|1700026629\n|switch|p1a: Durant|Durant, F|100\/100\n|cant|p2a: Steel Wing|slp\n|\n|-heal|p2a: Steel Wing|14\/100 slp|[from] item: Leftovers\n|upkeep\n|turn|15\n|\n|t:|1700026636\n|move|p1a: Durant|Iron Head|p2a: Steel Wing\n|-resisted|p2a: Steel Wing\n|-damage|p2a: Steel Wing|0 fnt\n|faint|p2a: Steel Wing\n|\n|upkeep\n|\n|t:|1700026641\n|switch|p2a: Sade|Gardevoir, F, shiny|82\/100\n|-damage|p2a: Sade|70\/100|[from] Stealth Rock\n|turn|16\n|\n|t:|1700026646\n|switch|p1a: Tyranitar|Tyranitar, M|93\/100\n|-weather|Sandstorm|[from] ability: Sand Stream|[of] p1a: Tyranitar\n|move|p2a: Sade|Trick|p1a: Tyranitar\n|-activate|p2a: Sade|move: Trick|[of] p1a: Tyranitar\n|-item|p1a: Tyranitar|Choice Scarf|[from] move: Trick\n|-item|p2a: Sade|Choice Band|[from] move: Trick\n|\n|-weather|Sandstorm|[upkeep]\n|-damage|p2a: Sade|64\/100|[from] Sandstorm\n|upkeep\n|turn|17\n|\n|t:|1700026673\n|switch|p1a: Durant|Durant, F|100\/100\n|move|p2a: Sade|Moonblast|p1a: Durant\n|-resisted|p1a: Durant\n|-crit|p1a: Durant\n|-damage|p1a: Durant|22\/100\n|\n|-weather|Sandstorm|[upkeep]\n|-damage|p2a: Sade|58\/100|[from] Sandstorm\n|upkeep\n|turn|18\n|\n|t:|1700026682\n|move|p1a: Durant|Iron Head|p2a: Sade\n|-supereffective|p2a: Sade\n|-damage|p2a: Sade|0 fnt\n|faint|p2a: Sade\n|\n|-weather|Sandstorm|[upkeep]\n|upkeep\n|\n|t:|1700026687\n|switch|p2a: Ampharos|Ampharos, F, shiny|100\/100\n|-damage|p2a: Ampharos|88\/100|[from] Stealth Rock\n|turn|19\n|\n|t:|1700026704\n|switch|p1a: Tyranitar|Tyranitar, M|93\/100\n|move|p2a: Ampharos|Thunderbolt|p1a: Tyranitar\n|-damage|p1a: Tyranitar|53\/100\n|\n|-weather|Sandstorm|[upkeep]\n|-damage|p2a: Ampharos|82\/100|[from] Sandstorm\n|upkeep\n|turn|20\n|\n|t:|1700026726\n|-terastallize|p1a: Tyranitar|Dragon\n|move|p1a: Tyranitar|Outrage|p2a: Ampharos\n|-damage|p2a: Ampharos|0 fnt\n|faint|p2a: Ampharos\n|\n|win|dclsdcl\n|raw|dclsdcl's rating: 1045 &rarr; <strong>1081<\/strong><br \/>(+36 for winning)\n|raw|Raseninnegan's rating: 1076 &rarr; <strong>1053<\/strong><br \/>(-23 for losing)\n|l|\u2606Raseninnegan\n","uploadtime":1700026872,"views":5,"p1id":"dclsdcl","p2id":"raseninnegan","formatid":"gen9nationaldex","rating":1053,"private":0,"password":""}