{"id":"gen9nationaldex-1996968093","p1":"SrPorquet","p2":"Eddydoubleg","format":"[Gen 9] National Dex","log":"|html|<div class=\"broadcast-blue\"><strong>[Gen 9] National Dex is currently suspecting Sneasler! For information on how to participate check out the <a href=\"https:\/\/www.smogon.com\/forums\/threads\/sv-national-dex-suspect-8-just-dance.3731534\/\">suspect thread<\/a>.<\/strong><\/div>\n|j|\u203dSrPorquet\n|j|\u2606Eddydoubleg\n|t:|1700750756\n|gametype|singles\n|player|p1|SrPorquet|falkner|1365\n|player|p2|Eddydoubleg|170|1466\n|teamsize|p1|6\n|teamsize|p2|6\n|gen|9\n|tier|[Gen 9] National Dex\n|rated|\n|rule|HP Percentage Mod: HP is shown in percentages\n|rule|Endless Battle Clause: Forcing endless battles is banned\n|rule|OHKO Clause: OHKO moves are banned\n|rule|Evasion Clause: Evasion abilities, items, and moves are banned\n|rule|Evasion Abilities Clause: Evasion abilities are banned\n|rule|Evasion Items Clause: Evasion items are banned\n|rule|Evasion Moves Clause: Evasion moves are banned\n|rule|Species Clause: Limit one of each Pok\u00e9mon\n|rule|Sleep Clause Mod: Limit one foe put to sleep\n|clearpoke\n|poke|p1|Pidgeot, M|\n|poke|p1|Magmortar, M|\n|poke|p1|Raichu, F|\n|poke|p1|Clefable, M|\n|poke|p1|Vileplume, M|\n|poke|p1|Politoed, M|\n|poke|p2|Sneasler, M|\n|poke|p2|Tapu Koko|\n|poke|p2|Gliscor, F|\n|poke|p2|Ogerpon-Wellspring, F|\n|poke|p2|Scizor, F|\n|poke|p2|Blacephalon|\n|teampreview\n|\n|t:|1700750771\n|start\n|switch|p1a: Politoed|Politoed, M|100\/100\n|switch|p2a: Tapu Koko|Tapu Koko|100\/100\n|-fieldstart|move: Electric Terrain|[from] ability: Electric Surge|[of] p2a: Tapu Koko\n|turn|1\n|\n|t:|1700750782\n|-terastallize|p1a: Politoed|Ground\n|move|p2a: Tapu Koko|U-turn|p1a: Politoed\n|-damage|p1a: Politoed|85\/100\n|\n|t:|1700750789\n|switch|p2a: Ogerpon|Ogerpon-Wellspring, F|100\/100|[from] U-turn\n|move|p1a: Politoed|Earth Power|p2a: Ogerpon\n|-resisted|p2a: Ogerpon\n|-damage|p2a: Ogerpon|79\/100\n|\n|-heal|p1a: Politoed|91\/100|[from] item: Leftovers\n|upkeep\n|turn|2\n|\n|t:|1700750799\n|switch|p1a: Vileplume|Vileplume, M|100\/100\n|move|p2a: Ogerpon|Swords Dance|p2a: Ogerpon\n|-boost|p2a: Ogerpon|atk|2\n|\n|upkeep\n|turn|3\n|\n|t:|1700750808\n|move|p2a: Ogerpon|Knock Off|p1a: Vileplume\n|-damage|p1a: Vileplume|26\/100\n|-enditem|p1a: Vileplume|Leftovers|[from] move: Knock Off|[of] p2a: Ogerpon\n|move|p1a: Vileplume|Strength Sap|p2a: Ogerpon\n|-unboost|p2a: Ogerpon|atk|1\n|-heal|p1a: Vileplume|100\/100\n|\n|upkeep\n|turn|4\n|\n|t:|1700750818\n|move|p2a: Ogerpon|Swords Dance|p2a: Ogerpon\n|-boost|p2a: Ogerpon|atk|2\n|move|p1a: Vileplume|Sludge Bomb|p2a: Ogerpon\n|-supereffective|p2a: Ogerpon\n|-damage|p2a: Ogerpon|0 fnt\n|faint|p2a: Ogerpon\n|\n|upkeep\n|\n|t:|1700750826\n|switch|p2a: Blacephalon|Blacephalon|100\/100\n|turn|5\n|\n|t:|1700750836\n|switch|p1a: Magmortar|Magmortar, M|100\/100\n|-terastallize|p2a: Blacephalon|Fire\n|move|p2a: Blacephalon|Fire Blast|p1a: Magmortar|[miss]\n|-miss|p2a: Blacephalon|p1a: Magmortar\n|\n|-fieldend|move: Electric Terrain\n|upkeep\n|turn|6\n|\n|t:|1700750846\n|move|p2a: Blacephalon|Fire Blast|p1a: Magmortar\n|-resisted|p1a: Magmortar\n|-damage|p1a: Magmortar|44\/100\n|move|p1a: Magmortar|Scorching Sands|p2a: Blacephalon\n|-supereffective|p2a: Blacephalon\n|-damage|p2a: Blacephalon|24\/100\n|\n|upkeep\n|turn|7\n|\n|t:|1700750856\n|move|p2a: Blacephalon|Fire Blast|p1a: Magmortar\n|-resisted|p1a: Magmortar\n|-damage|p1a: Magmortar|0 fnt\n|faint|p1a: Magmortar\n|-ability|p2a: Blacephalon|Beast Boost|boost\n|-boost|p2a: Blacephalon|spa|1\n|\n|upkeep\n|\n|t:|1700750858\n|switch|p1a: Raichu|Raichu, F|100\/100\n|turn|8\n|\n|t:|1700750865\n|move|p1a: Raichu|Extreme Speed|p2a: Blacephalon\n|-damage|p2a: Blacephalon|0 fnt\n|faint|p2a: Blacephalon\n|-damage|p1a: Raichu|91\/100|[from] item: Life Orb\n|\n|upkeep\n|\n|t:|1700750872\n|switch|p2a: Gliscor|Gliscor, F|100\/100\n|turn|9\n|\n|t:|1700750882\n|switch|p1a: Pidgeot|Pidgeot, M|100\/100\n|move|p2a: Gliscor|Toxic|p1a: Pidgeot\n|-status|p1a: Pidgeot|tox\n|\n|-damage|p1a: Pidgeot|94\/100 tox|[from] psn\n|-status|p2a: Gliscor|tox|[from] item: Toxic Orb\n|upkeep\n|turn|10\n|\n|t:|1700750893\n|detailschange|p1a: Pidgeot|Pidgeot-Mega, M\n|-mega|p1a: Pidgeot|Pidgeot|Pidgeotite\n|move|p1a: Pidgeot|Hurricane|p2a: Gliscor\n|-damage|p2a: Gliscor|27\/100 tox\n|-start|p2a: Gliscor|confusion\n|-activate|p2a: Gliscor|confusion\n|move|p2a: Gliscor|Spikes|p1a: Pidgeot\n|-sidestart|p1: SrPorquet|Spikes\n|\n|-damage|p1a: Pidgeot|82\/100 tox|[from] psn\n|-heal|p2a: Gliscor|39\/100 tox|[from] ability: Poison Heal\n|upkeep\n|turn|11\n|\n|t:|1700750907\n|-activate|p2a: Gliscor|confusion\n|-damage|p2a: Gliscor|34\/100 tox|[from] confusion\n|move|p1a: Pidgeot|Hurricane|p2a: Gliscor\n|-crit|p2a: Gliscor\n|-damage|p2a: Gliscor|0 fnt\n|faint|p2a: Gliscor\n|\n|-damage|p1a: Pidgeot|63\/100 tox|[from] psn\n|upkeep\n|\n|t:|1700750919\n|switch|p2a: Tapu Koko|Tapu Koko|100\/100\n|-fieldstart|move: Electric Terrain|[from] ability: Electric Surge|[of] p2a: Tapu Koko\n|turn|12\n|\n|t:|1700750925\n|switch|p1a: Politoed|Politoed, M, tera:Ground|91\/100\n|-damage|p1a: Politoed|79\/100|[from] Spikes\n|move|p2a: Tapu Koko|Thunderbolt|p1a: Politoed\n|-immune|p1a: Politoed\n|\n|-heal|p1a: Politoed|85\/100|[from] item: Leftovers\n|upkeep\n|turn|13\n|\n|t:|1700750934\n|move|p2a: Tapu Koko|Hidden Power|p1a: Politoed\n|-supereffective|p1a: Politoed\n|-damage|p1a: Politoed|52\/100\n|move|p1a: Politoed|Earth Power|p2a: Tapu Koko\n|-supereffective|p2a: Tapu Koko\n|-damage|p2a: Tapu Koko|0 fnt\n|faint|p2a: Tapu Koko\n|\n|-heal|p1a: Politoed|58\/100|[from] item: Leftovers\n|upkeep\n|\n|t:|1700750945\n|switch|p2a: Scizor|Scizor, F|100\/100\n|turn|14\n|\n|t:|1700750952\n|detailschange|p2a: Scizor|Scizor-Mega, F\n|-mega|p2a: Scizor|Scizor|Scizorite\n|move|p2a: Scizor|Bullet Punch|p1a: Politoed\n|-damage|p1a: Politoed|26\/100\n|move|p1a: Politoed|Earth Power|p2a: Scizor\n|-damage|p2a: Scizor|74\/100\n|\n|-heal|p1a: Politoed|32\/100|[from] item: Leftovers\n|upkeep\n|turn|15\n|\n|t:|1700750962\n|move|p2a: Scizor|Bullet Punch|p1a: Politoed\n|-damage|p1a: Politoed|3\/100\n|move|p1a: Politoed|Earth Power|p2a: Scizor\n|-damage|p2a: Scizor|47\/100\n|\n|-heal|p1a: Politoed|9\/100|[from] item: Leftovers\n|upkeep\n|turn|16\n|\n|t:|1700750971\n|move|p2a: Scizor|Bullet Punch|p1a: Politoed\n|-damage|p1a: Politoed|0 fnt\n|faint|p1a: Politoed\n|\n|-fieldend|move: Electric Terrain\n|upkeep\n|\n|t:|1700750988\n|switch|p1a: Clefable|Clefable, M|100\/100\n|turn|17\n|\n|t:|1700750995\n|move|p2a: Scizor|Bullet Punch|p1a: Clefable\n|-supereffective|p1a: Clefable\n|-damage|p1a: Clefable|51\/100\n|move|p1a: Clefable|Flamethrower|p2a: Scizor\n|-supereffective|p2a: Scizor\n|-damage|p2a: Scizor|0 fnt\n|faint|p2a: Scizor\n|\n|upkeep\n|\n|t:|1700751006\n|switch|p2a: Sneasler|Sneasler, M|100\/100\n|turn|18\n|\n|t:|1700751019\n|move|p2a: Sneasler|Swords Dance|p2a: Sneasler\n|-boost|p2a: Sneasler|atk|2\n|move|p1a: Clefable|Calm Mind|p1a: Clefable\n|-boost|p1a: Clefable|spa|1\n|-boost|p1a: Clefable|spd|1\n|\n|upkeep\n|turn|19\n|\n|t:|1700751026\n|move|p2a: Sneasler|Dire Claw|p1a: Clefable\n|-supereffective|p1a: Clefable\n|-damage|p1a: Clefable|0 fnt\n|faint|p1a: Clefable\n|\n|upkeep\n|\n|t:|1700751030\n|switch|p1a: Pidgeot|Pidgeot-Mega, M|63\/100 tox\n|turn|20\n|\n|t:|1700751043\n|move|p1a: Pidgeot|Hurricane|p2a: Sneasler\n|-supereffective|p2a: Sneasler\n|-damage|p2a: Sneasler|0 fnt\n|faint|p2a: Sneasler\n|\n|win|SrPorquet\n|raw|SrPorquet's rating: 1352 &rarr; <strong>1378<\/strong><br \/>(+26 for winning)\n|raw|Eddydoubleg's rating: 1466 &rarr; <strong>1440<\/strong><br \/>(-26 for losing)\n","uploadtime":1700751048,"views":1,"p1id":"srporquet","p2id":"eddydoubleg","formatid":"gen9nationaldex","rating":1378,"private":0,"password":""}