{"id":"gen9nationaldex-1987961281","p1":"armando estasilla","p2":"DeltaTM06","format":"[Gen 9] National Dex","log":"|j|\u2606armando estasilla\n|j|\u2606DeltaTM06\n|t:|1699653466\n|gametype|singles\n|player|p1|armando estasilla|backpacker|1168\n|player|p2|DeltaTM06|erika|1092\n|teamsize|p1|6\n|teamsize|p2|6\n|gen|9\n|tier|[Gen 9] National Dex\n|rated|\n|rule|HP Percentage Mod: HP is shown in percentages\n|rule|Endless Battle Clause: Forcing endless battles is banned\n|rule|OHKO Clause: OHKO moves are banned\n|rule|Evasion Clause: Evasion abilities, items, and moves are banned\n|rule|Evasion Abilities Clause: Evasion abilities are banned\n|rule|Evasion Items Clause: Evasion items are banned\n|rule|Evasion Moves Clause: Evasion moves are banned\n|rule|Species Clause: Limit one of each Pok\u00e9mon\n|rule|Sleep Clause Mod: Limit one foe put to sleep\n|clearpoke\n|poke|p1|Absol, M|\n|poke|p1|Unfezant, M|\n|poke|p1|Kingdra, M|\n|poke|p1|Drapion, F|\n|poke|p1|Ariados, M|\n|poke|p1|Togekiss, M|\n|poke|p2|Mamoswine, M|\n|poke|p2|Darmanitan, M|\n|poke|p2|Slowking-Galar, M|\n|poke|p2|Ambipom, M|\n|poke|p2|Sawsbuck-Winter, F|\n|poke|p2|Krookodile, M|\n|teampreview\n|inactive|Battle timer is ON: inactive players will automatically lose when time's up. (requested by armando estasilla)\n|\n|t:|1699653485\n|start\n|switch|p1a: Ariados|Ariados, M|100\/100\n|switch|p2a: BucksLikeMilwaukee|Sawsbuck-Winter, F|100\/100\n|turn|1\n|\n|t:|1699653491\n|move|p2a: BucksLikeMilwaukee|Return|p1a: Ariados\n|-damage|p1a: Ariados|14\/100\n|move|p1a: Ariados|Sticky Web|p2a: BucksLikeMilwaukee\n|-sidestart|p2: DeltaTM06|move: Sticky Web\n|\n|upkeep\n|turn|2\n|\n|t:|1699653497\n|move|p2a: BucksLikeMilwaukee|Return|p1a: Ariados\n|-damage|p1a: Ariados|0 fnt\n|faint|p1a: Ariados\n|\n|upkeep\n|\n|t:|1699653512\n|switch|p1a: Drapion|Drapion, F|100\/100\n|turn|3\n|\n|t:|1699653516\n|move|p1a: Drapion|Leech Life|p2a: BucksLikeMilwaukee\n|-supereffective|p2a: BucksLikeMilwaukee\n|-damage|p2a: BucksLikeMilwaukee|34\/100\n|move|p2a: BucksLikeMilwaukee|Return|p1a: Drapion\n|-damage|p1a: Drapion|31\/100\n|\n|upkeep\n|turn|4\n|\n|t:|1699653525\n|switch|p2a: Need some dome rn|Slowking-Galar, M|100\/100\n|-activate|p2a: Need some dome rn|move: Sticky Web\n|-unboost|p2a: Need some dome rn|spe|1\n|move|p1a: Drapion|Leech Life|p2a: Need some dome rn\n|-damage|p2a: Need some dome rn|78\/100\n|-heal|p1a: Drapion|47\/100|[from] drain|[of] p2a: Need some dome rn\n|\n|upkeep\n|turn|5\n|\n|t:|1699653550\n|switch|p2a: BucksLikeMilwaukee|Sawsbuck-Winter, F|34\/100\n|-activate|p2a: BucksLikeMilwaukee|move: Sticky Web\n|-unboost|p2a: BucksLikeMilwaukee|spe|1\n|move|p1a: Drapion|Knock Off|p2a: BucksLikeMilwaukee\n|-damage|p2a: BucksLikeMilwaukee|0 fnt\n|-enditem|p2a: BucksLikeMilwaukee|Choice Band|[from] move: Knock Off|[of] p1a: Drapion\n|faint|p2a: BucksLikeMilwaukee\n|\n|upkeep\n|\n|t:|1699653559\n|switch|p2a: Slappy Doo|Ambipom, M, shiny|100\/100\n|-activate|p2a: Slappy Doo|move: Sticky Web\n|-unboost|p2a: Slappy Doo|spe|1\n|turn|6\n|\n|t:|1699653563\n|move|p2a: Slappy Doo|Fake Out|p1a: Drapion\n|-damage|p1a: Drapion|20\/100\n|cant|p1a: Drapion|flinch\n|\n|upkeep\n|turn|7\n|\n|t:|1699653570\n|move|p1a: Drapion|Leech Life|p2a: Slappy Doo\n|-damage|p2a: Slappy Doo|64\/100\n|-heal|p1a: Drapion|39\/100|[from] drain|[of] p2a: Slappy Doo\n|move|p2a: Slappy Doo|U-turn|p1a: Drapion\n|-damage|p1a: Drapion|14\/100\n|\n|t:|1699653577\n|switch|p2a: Bowser|Mamoswine, M|100\/100|[from] U-turn\n|-activate|p2a: Bowser|move: Sticky Web\n|-unboost|p2a: Bowser|spe|1\n|\n|upkeep\n|turn|8\n|\n|t:|1699653584\n|move|p2a: Bowser|Ice Shard|p1a: Drapion\n|-damage|p1a: Drapion|0 fnt\n|faint|p1a: Drapion\n|\n|upkeep\n|\n|t:|1699653596\n|switch|p1a: Absol|Absol, M|100\/100\n|turn|9\n|\n|t:|1699653603\n|move|p1a: Absol|Hone Claws|p1a: Absol\n|-boost|p1a: Absol|atk|1\n|-boost|p1a: Absol|accuracy|1\n|move|p2a: Bowser|Earthquake|p1a: Absol\n|-crit|p1a: Absol\n|-damage|p1a: Absol|0 fnt\n|faint|p1a: Absol\n|\n|upkeep\n|\n|t:|1699653616\n|switch|p1a: Kingdra|Kingdra, M|100\/100\n|turn|10\n|\n|t:|1699653624\n|move|p1a: Kingdra|Substitute|p1a: Kingdra\n|-start|p1a: Kingdra|Substitute\n|-damage|p1a: Kingdra|76\/100\n|move|p2a: Bowser|Earthquake|p1a: Kingdra\n|-end|p1a: Kingdra|Substitute\n|\n|upkeep\n|turn|11\n|\n|t:|1699653630\n|move|p1a: Kingdra|Focus Energy|p1a: Kingdra\n|-start|p1a: Kingdra|move: Focus Energy\n|move|p2a: Bowser|Earthquake|p1a: Kingdra\n|-damage|p1a: Kingdra|11\/100\n|\n|upkeep\n|turn|12\n|\n|t:|1699653634\n|move|p2a: Bowser|Ice Shard|p1a: Kingdra\n|-damage|p1a: Kingdra|0 fnt\n|faint|p1a: Kingdra\n|\n|upkeep\n|\n|t:|1699653637\n|switch|p1a: Togekiss|Togekiss, M|100\/100\n|turn|13\n|\n|t:|1699653645\n|-terastallize|p1a: Togekiss|Rock\n|move|p1a: Togekiss|Ancient Power|p2a: Bowser\n|-damage|p2a: Bowser|56\/100\n|move|p2a: Bowser|Stone Edge|p1a: Togekiss\n|-damage|p1a: Togekiss|59\/100\n|\n|upkeep\n|turn|14\n|c|\u2606DeltaTM06|RAW\n|\n|t:|1699653657\n|move|p1a: Togekiss|Ancient Power|p2a: Bowser\n|-crit|p2a: Bowser\n|-damage|p2a: Bowser|0 fnt\n|faint|p2a: Bowser\n|\n|upkeep\n|\n|t:|1699653672\n|switch|p2a: Ballin'|Darmanitan, M, shiny|100\/100\n|-activate|p2a: Ballin'|move: Sticky Web\n|-unboost|p2a: Ballin'|spe|1\n|turn|15\n|\n|t:|1699653679\n|move|p2a: Ballin'|Earthquake|p1a: Togekiss\n|-supereffective|p1a: Togekiss\n|-damage|p1a: Togekiss|0 fnt\n|faint|p1a: Togekiss\n|\n|upkeep\n|\n|t:|1699653683\n|switch|p1a: Unfezant|Unfezant, M|100\/100\n|turn|16\n|\n|t:|1699653691\n|switch|p2a: Slappy Doo|Ambipom, M, shiny|64\/100\n|-activate|p2a: Slappy Doo|move: Sticky Web\n|-unboost|p2a: Slappy Doo|spe|1\n|move|p1a: Unfezant|Night Slash|p2a: Slappy Doo\n|-crit|p2a: Slappy Doo\n|-damage|p2a: Slappy Doo|5\/100\n|\n|upkeep\n|turn|17\n|-message|armando estasilla forfeited.\n|\n|win|DeltaTM06\n|raw|armando estasilla's rating: 1168 &rarr; <strong>1138<\/strong><br \/>(-30 for losing)\n|raw|DeltaTM06's rating: 1092 &rarr; <strong>1124<\/strong><br \/>(+32 for winning)\n|l|\u2606armando estasilla\n","uploadtime":1699653703,"views":19,"p1id":"armandoestasilla","p2id":"deltatm06","formatid":"gen9nationaldex","rating":1124,"private":0,"password":""}