{"id":"gen9nationaldex-1988134098","p1":"PP Edjar","p2":"Oakin64","format":"[Gen 9] National Dex","log":"|j|\u2606PP Edjar\n|j|\u2606Oakin64\n|t:|1699673833\n|gametype|singles\n|player|p1|PP Edjar|hilbert-wonderlauncher|\n|player|p2|Oakin64|170|\n|teamsize|p1|6\n|teamsize|p2|6\n|gen|9\n|tier|[Gen 9] National Dex\n|rule|HP Percentage Mod: HP is shown in percentages\n|rule|Endless Battle Clause: Forcing endless battles is banned\n|rule|OHKO Clause: OHKO moves are banned\n|rule|Evasion Clause: Evasion abilities, items, and moves are banned\n|rule|Evasion Abilities Clause: Evasion abilities are banned\n|rule|Evasion Items Clause: Evasion items are banned\n|rule|Evasion Moves Clause: Evasion moves are banned\n|rule|Species Clause: Limit one of each Pok\u00e9mon\n|rule|Sleep Clause Mod: Limit one foe put to sleep\n|clearpoke\n|poke|p1|Urshifu-*, M|\n|poke|p1|Sableye, M|\n|poke|p1|Articuno-Galar|\n|poke|p1|Orthworm, F|\n|poke|p1|Electivire, M|\n|poke|p1|Camerupt, M|\n|poke|p2|Houndstone, M|\n|poke|p2|Bombirdier, F|\n|poke|p2|Enamorus-Therian, F|\n|poke|p2|Heracross, M|\n|poke|p2|Scovillain, M|\n|poke|p2|Latias, F|\n|teampreview\n|j| VantaZack\n|\n|t:|1699673849\n|start\n|switch|p1a: Wormy|Orthworm, F, shiny|100\/100\n|switch|p2a: TJ|Scovillain, M|100\/100\n|turn|1\n|\n|t:|1699673860\n|move|p2a: TJ|Overheat|p1a: Wormy\n|-supereffective|p1a: Wormy\n|-damage|p1a: Wormy|0 fnt\n|-unboost|p2a: TJ|spa|2\n|-enditem|p2a: TJ|Eject Pack\n|faint|p1a: Wormy\n|\n|t:|1699673869\n|switch|p2a: Francesca|Bombirdier, F|100\/100\n|\n|upkeep\n|\n|t:|1699673874\n|switch|p1a: Max|Electivire, M, shiny|100\/100\n|turn|2\n|j| Saradominphat\n|j| BaraTheUmbraking\n|\n|t:|1699673883\n|switch|p2a: Priscilla|Latias, F|100\/100\n|move|p1a: Max|Thunderbolt|p2a: Priscilla\n|-resisted|p2a: Priscilla\n|-damage|p2a: Priscilla|81\/100\n|-damage|p1a: Max|91\/100|[from] item: Life Orb\n|\n|upkeep\n|turn|3\n|\n|t:|1699673889\n|move|p1a: Max|Darkest Lariat|p2a: Priscilla\n|-supereffective|p2a: Priscilla\n|-damage|p2a: Priscilla|27\/100\n|-damage|p1a: Max|81\/100|[from] item: Life Orb\n|move|p2a: Priscilla|Psychic|p1a: Max\n|-damage|p1a: Max|39\/100\n|\n|upkeep\n|turn|4\n|\n|t:|1699673898\n|move|p1a: Max|Darkest Lariat|p2a: Priscilla\n|-supereffective|p2a: Priscilla\n|-damage|p2a: Priscilla|0 fnt\n|faint|p2a: Priscilla\n|-damage|p1a: Max|29\/100|[from] item: Life Orb\n|\n|upkeep\n|\n|t:|1699673910\n|switch|p2a: Gum|Heracross, M|100\/100\n|turn|5\n|\n|t:|1699673916\n|move|p1a: Max|Flamethrower|p2a: Gum\n|-supereffective|p2a: Gum\n|-damage|p2a: Gum|25\/100\n|-status|p2a: Gum|brn\n|-damage|p1a: Max|19\/100|[from] item: Life Orb\n|move|p2a: Gum|Trailblaze|p1a: Max\n|-damage|p1a: Max|0 fnt\n|-boost|p2a: Gum|spe|1\n|faint|p1a: Max\n|\n|-damage|p2a: Gum|19\/100 brn|[from] brn\n|upkeep\n|\n|t:|1699673940\n|switch|p1a: Jamie|Urshifu-Rapid-Strike, M|100\/100\n|turn|6\n|\n|t:|1699673946\n|move|p1a: Jamie|U-turn|p2a: Gum\n|-resisted|p2a: Gum\n|-damage|p2a: Gum|3\/100 brn\n|\n|t:|1699673950\n|switch|p1a: Stitch|Sableye, M, shiny|100\/100|[from] U-turn\n|move|p2a: Gum|Close Combat|p1a: Stitch\n|-immune|p1a: Stitch\n|\n|-damage|p2a: Gum|0 fnt|[from] brn\n|faint|p2a: Gum\n|upkeep\n|\n|t:|1699673953\n|switch|p2a: Francesca|Bombirdier, F|100\/100\n|turn|7\n|\n|t:|1699673961\n|move|p1a: Stitch|Will-O-Wisp|p2a: Francesca\n|-hint|Since gen 7, Dark is immune to Prankster moves.\n|-immune|p2a: Francesca\n|move|p2a: Francesca|Substitute|p2a: Francesca\n|-start|p2a: Francesca|Substitute\n|-damage|p2a: Francesca|75\/100\n|\n|-heal|p2a: Francesca|82\/100|[from] item: Leftovers\n|upkeep\n|turn|8\n|\n|t:|1699673982\n|switch|p1a: Hank|Camerupt, M, shiny|100\/100\n|move|p2a: Francesca|Hone Claws|p2a: Francesca\n|-boost|p2a: Francesca|atk|1\n|-boost|p2a: Francesca|accuracy|1\n|\n|-heal|p2a: Francesca|88\/100|[from] item: Leftovers\n|upkeep\n|turn|9\n|\n|t:|1699673992\n|move|p2a: Francesca|Knock Off|p1a: Hank\n|-damage|p1a: Hank|3\/100\n|-enditem|p1a: Hank|Expert Belt|[from] move: Knock Off|[of] p2a: Francesca\n|move|p1a: Hank|Ancient Power|p2a: Francesca\n|-supereffective|p2a: Francesca\n|-end|p2a: Francesca|Substitute\n|\n|-heal|p2a: Francesca|94\/100|[from] item: Leftovers\n|upkeep\n|turn|10\n|\n|t:|1699674002\n|move|p2a: Francesca|Knock Off|p1a: Hank\n|-damage|p1a: Hank|0 fnt\n|faint|p1a: Hank\n|\n|-heal|p2a: Francesca|99\/100|[from] item: Leftovers\n|upkeep\n|\n|t:|1699674008\n|switch|p1a: Jamie|Urshifu-Rapid-Strike, M|100\/100\n|turn|11\n|\n|t:|1699674011\n|move|p1a: Jamie|Thunder Punch|p2a: Francesca\n|-supereffective|p2a: Francesca\n|-damage|p2a: Francesca|43\/100\n|move|p2a: Francesca|Dual Wingbeat|p1a: Jamie\n|-supereffective|p1a: Jamie\n|-damage|p1a: Jamie|42\/100\n|-supereffective|p1a: Jamie\n|-damage|p1a: Jamie|0 fnt\n|faint|p1a: Jamie\n|-hitcount|p1: Jamie|2\n|\n|-heal|p2a: Francesca|49\/100|[from] item: Leftovers\n|upkeep\n|\n|t:|1699674022\n|switch|p1a: Clockwork|Articuno-Galar|100\/100\n|turn|12\n|\n|t:|1699674029\n|move|p2a: Francesca|Knock Off|p1a: Clockwork\n|-supereffective|p1a: Clockwork\n|-damage|p1a: Clockwork|0 fnt\n|-enditem|p1a: Clockwork|Mental Herb|[from] move: Knock Off|[of] p2a: Francesca\n|faint|p1a: Clockwork\n|\n|-heal|p2a: Francesca|55\/100|[from] item: Leftovers\n|upkeep\n|\n|t:|1699674035\n|switch|p1a: Stitch|Sableye, M, shiny|100\/100\n|turn|13\n|\n|t:|1699674041\n|detailschange|p1a: Stitch|Sableye-Mega, M, shiny\n|-mega|p1a: Stitch|Sableye|Sablenite\n|move|p2a: Francesca|Dual Wingbeat|p1a: Stitch\n|-damage|p1a: Stitch|78\/100\n|-damage|p1a: Stitch|55\/100\n|-hitcount|p1a: Stitch|2\n|move|p1a: Stitch|Knock Off|p2a: Francesca\n|-resisted|p2a: Francesca\n|-crit|p2a: Francesca\n|-damage|p2a: Francesca|32\/100\n|-enditem|p2a: Francesca|Leftovers|[from] move: Knock Off|[of] p1a: Stitch\n|\n|upkeep\n|turn|14\n|\n|t:|1699674053\n|move|p2a: Francesca|Knock Off|p1a: Stitch\n|-damage|p1a: Stitch|19\/100\n|move|p1a: Stitch|Knock Off|p2a: Francesca\n|-resisted|p2a: Francesca\n|-damage|p2a: Francesca|21\/100\n|\n|upkeep\n|turn|15\n|\n|t:|1699674058\n|move|p2a: Francesca|Knock Off|p1a: Stitch\n|-damage|p1a: Stitch|0 fnt\n|faint|p1a: Stitch\n|\n|win|Oakin64\n|l| BaraTheUmbraking\n","uploadtime":1699674065,"views":9,"p1id":"ppedjar","p2id":"oakin64","formatid":"gen9nationaldex","rating":0,"private":0,"password":""}