{"id":"gen9nationaldex-1998524893","p1":"CF. Xynix","p2":"December guy","format":"[Gen 9] National Dex","log":"|html|<div class=\"broadcast-blue\"><strong>[Gen 9] National Dex is currently suspecting Sneasler! For information on how to participate check out the <a href=\"https:\/\/www.smogon.com\/forums\/threads\/sv-national-dex-suspect-8-just-dance.3731534\/\">suspect thread<\/a>.<\/strong><\/div>\n|j|\u2606CF. Xynix\n|j|\u2606December guy\n|t:|1700952198\n|gametype|singles\n|player|p1|CF. Xynix|lady|1323\n|player|p2|December guy|silver|1209\n|teamsize|p1|6\n|teamsize|p2|6\n|gen|9\n|tier|[Gen 9] National Dex\n|rated|\n|rule|HP Percentage Mod: HP is shown in percentages\n|rule|Endless Battle Clause: Forcing endless battles is banned\n|rule|OHKO Clause: OHKO moves are banned\n|rule|Evasion Clause: Evasion abilities, items, and moves are banned\n|rule|Evasion Abilities Clause: Evasion abilities are banned\n|rule|Evasion Items Clause: Evasion items are banned\n|rule|Evasion Moves Clause: Evasion moves are banned\n|rule|Species Clause: Limit one of each Pok\u00e9mon\n|rule|Sleep Clause Mod: Limit one foe put to sleep\n|clearpoke\n|poke|p1|Hatterene, F|\n|poke|p1|Zapdos|\n|poke|p1|Victini|\n|poke|p1|Manaphy|\n|poke|p1|Banette, F|\n|poke|p1|Bisharp, M|\n|poke|p2|Alomomola, F|\n|poke|p2|Banette, F|\n|poke|p2|Toxapex, M|\n|poke|p2|Hoopa-Unbound|\n|poke|p2|Ferrothorn, F|\n|poke|p2|Tapu Koko|\n|teampreview\n|inactive|Battle timer is ON: inactive players will automatically lose when time's up. (requested by CF. Xynix)\n|inactive|December guy also wants the timer to be on.\n|\n|t:|1700952204\n|start\n|switch|p1a: Bisharp|Bisharp, M|100\/100\n|switch|p2a: Ferrothorn|Ferrothorn, F|100\/100\n|turn|1\n|\n|t:|1700952211\n|switch|p1a: Hatterene|Hatterene, F|100\/100\n|move|p2a: Ferrothorn|Leech Seed|p1a: Hatterene\n|move|p1a: Hatterene|Leech Seed|p2a: Ferrothorn|[from]ability: Magic Bounce\n|-immune|p2a: Ferrothorn\n|\n|upkeep\n|turn|2\n|\n|t:|1700952221\n|move|p1a: Hatterene|Mystical Fire|p2a: Ferrothorn\n|-supereffective|p2a: Ferrothorn\n|-damage|p2a: Ferrothorn|0 fnt\n|faint|p2a: Ferrothorn\n|\n|upkeep\n|\n|t:|1700952230\n|switch|p2a: Hoopa|Hoopa-Unbound|100\/100\n|turn|3\n|\n|t:|1700952238\n|switch|p1a: Bisharp|Bisharp, M|100\/100\n|move|p2a: Hoopa|Gunk Shot|p1a: Bisharp\n|-immune|p1a: Bisharp\n|\n|upkeep\n|turn|4\n|\n|t:|1700952248\n|switch|p2a: Alomomola|Alomomola, F|100\/100\n|move|p1a: Bisharp|Thunder Wave|p2a: Alomomola|[miss]\n|-miss|p1a: Bisharp|p2a: Alomomola\n|\n|upkeep\n|turn|5\n|\n|t:|1700952256\n|move|p1a: Bisharp|Stealth Rock|p2a: Alomomola\n|-sidestart|p2: December guy|move: Stealth Rock\n|move|p2a: Alomomola|Wish|p2a: Alomomola\n|\n|upkeep\n|turn|6\n|\n|t:|1700952264\n|move|p1a: Bisharp|Knock Off|p2a: Alomomola\n|-damage|p2a: Alomomola|72\/100\n|-enditem|p2a: Alomomola|Leftovers|[from] move: Knock Off|[of] p1a: Bisharp\n|move|p2a: Alomomola|Flip Turn|p1a: Bisharp\n|-damage|p1a: Bisharp|89\/100\n|\n|t:|1700952271\n|switch|p2a: Hoopa|Hoopa-Unbound|100\/100|[from] Flip Turn\n|-damage|p2a: Hoopa|88\/100|[from] Stealth Rock\n|\n|-heal|p2a: Hoopa|100\/100|[from] move: Wish|[wisher] Alomomola\n|upkeep\n|turn|7\n|\n|t:|1700952281\n|move|p2a: Hoopa|Drain Punch|p1a: Bisharp\n|-supereffective|p1a: Bisharp\n|-damage|p1a: Bisharp|0 fnt\n|faint|p1a: Bisharp\n|\n|upkeep\n|\n|t:|1700952284\n|switch|p1a: Banette|Banette, F, shiny|100\/100\n|-item|p2a: Hoopa|Choice Band|[from] ability: Frisk|[of] p1a: Banette|[identify]\n|turn|8\n|\n|t:|1700952293\n|switch|p2a: Toxapex|Toxapex, M|100\/100\n|-damage|p2a: Toxapex|88\/100|[from] Stealth Rock\n|detailschange|p1a: Banette|Banette-Mega, F, shiny\n|-mega|p1a: Banette|Banette|Banettite\n|move|p1a: Banette|Shadow Claw|p2a: Toxapex\n|-damage|p2a: Toxapex|57\/100\n|\n|-heal|p2a: Toxapex|64\/100|[from] item: Black Sludge\n|upkeep\n|turn|9\n|\n|t:|1700952306\n|switch|p1a: Hatterene|Hatterene, F|100\/100\n|move|p2a: Toxapex|Toxic|p1a: Hatterene\n|move|p1a: Hatterene|Toxic|p2a: Toxapex|[from]ability: Magic Bounce\n|-immune|p2a: Toxapex\n|\n|-heal|p2a: Toxapex|70\/100|[from] item: Black Sludge\n|upkeep\n|turn|10\n|\n|t:|1700952317\n|switch|p2a: Hoopa|Hoopa-Unbound|100\/100\n|-damage|p2a: Hoopa|88\/100|[from] Stealth Rock\n|move|p1a: Hatterene|Nuzzle|p2a: Hoopa\n|-damage|p2a: Hoopa|81\/100\n|-status|p2a: Hoopa|par\n|\n|upkeep\n|turn|11\n|\n|t:|1700952327\n|switch|p1a: Zapdos|Zapdos|100\/100\n|move|p2a: Hoopa|Gunk Shot|p1a: Zapdos\n|-damage|p1a: Zapdos|24\/100\n|-status|p1a: Zapdos|psn\n|\n|-heal|p1a: Zapdos|30\/100 psn|[from] item: Leftovers\n|-damage|p1a: Zapdos|18\/100 psn|[from] psn\n|upkeep\n|turn|12\n|\n|t:|1700952340\n|switch|p2a: Banette|Banette, F|100\/100\n|-damage|p2a: Banette|88\/100|[from] Stealth Rock\n|-item|p1a: Zapdos|Leftovers|[from] ability: Frisk|[of] p2a: Banette|[identify]\n|move|p1a: Zapdos|Hurricane|p2a: Banette\n|-damage|p2a: Banette|24\/100\n|\n|-heal|p1a: Zapdos|24\/100 psn|[from] item: Leftovers\n|-damage|p1a: Zapdos|12\/100 psn|[from] psn\n|upkeep\n|turn|13\n|\n|t:|1700952355\n|detailschange|p2a: Banette|Banette-Mega, F\n|-mega|p2a: Banette|Banette|Banettite\n|move|p2a: Banette|Shadow Sneak|p1a: Zapdos\n|-damage|p1a: Zapdos|0 fnt\n|faint|p1a: Zapdos\n|\n|upkeep\n|\n|t:|1700952367\n|switch|p1a: Banette|Banette-Mega, F, shiny|100\/100\n|turn|14\n|\n|t:|1700952371\n|move|p1a: Banette|Sucker Punch||[still]\n|-fail|p1a: Banette\n|move|p2a: Banette|Destiny Bond|p2a: Banette\n|-singlemove|p2a: Banette|Destiny Bond\n|\n|upkeep\n|turn|15\n|\n|t:|1700952377\n|move|p1a: Banette|Encore|p2a: Banette\n|-start|p2a: Banette|Encore\n|move|p2a: Banette|Destiny Bond||[still]\n|-fail|p2a: Banette\n|\n|upkeep\n|turn|16\n|\n|t:|1700952383\n|switch|p1a: Manaphy|Manaphy, shiny|100\/100\n|move|p2a: Banette|Destiny Bond|p2a: Banette\n|-singlemove|p2a: Banette|Destiny Bond\n|\n|upkeep\n|turn|17\n|\n|t:|1700952394\n|switch|p2a: Tapu Koko|Tapu Koko|100\/100\n|-damage|p2a: Tapu Koko|88\/100|[from] Stealth Rock\n|-fieldstart|move: Electric Terrain|[from] ability: Electric Surge|[of] p2a: Tapu Koko\n|move|p1a: Manaphy|Acid Armor|p1a: Manaphy\n|-boost|p1a: Manaphy|def|2\n|\n|upkeep\n|turn|18\n|\n|t:|1700952404\n|-terastallize|p1a: Manaphy|Grass\n|move|p2a: Tapu Koko|Thunderbolt|p1a: Manaphy\n|-resisted|p1a: Manaphy\n|-damage|p1a: Manaphy|72\/100\n|move|p1a: Manaphy|Take Heart|p1a: Manaphy\n|-boost|p1a: Manaphy|spa|1\n|-boost|p1a: Manaphy|spd|1\n|\n|-heal|p1a: Manaphy|78\/100|[from] item: Leftovers\n|upkeep\n|turn|19\n|\n|t:|1700952422\n|switch|p2a: Toxapex|Toxapex, M|100\/100\n|-damage|p2a: Toxapex|88\/100|[from] Stealth Rock\n|move|p1a: Manaphy|Surf|p2a: Toxapex\n|-resisted|p2a: Toxapex\n|-damage|p2a: Toxapex|63\/100\n|\n|-heal|p1a: Manaphy|84\/100|[from] item: Leftovers\n|-heal|p2a: Toxapex|69\/100|[from] item: Black Sludge\n|upkeep\n|turn|20\n|\n|t:|1700952433\n|move|p1a: Manaphy|Take Heart|p1a: Manaphy\n|-boost|p1a: Manaphy|spa|1\n|-boost|p1a: Manaphy|spd|1\n|move|p2a: Toxapex|Toxic|p1a: Manaphy\n|-status|p1a: Manaphy|tox\n|\n|-heal|p1a: Manaphy|90\/100 tox|[from] item: Leftovers\n|-heal|p2a: Toxapex|75\/100|[from] item: Black Sludge\n|-damage|p1a: Manaphy|84\/100 tox|[from] psn\n|upkeep\n|turn|21\n|\n|t:|1700952445\n|move|p2a: Toxapex|Baneful Bunker|p2a: Toxapex\n|-singleturn|p2a: Toxapex|move: Protect\n|move|p1a: Manaphy|Take Heart|p1a: Manaphy\n|-boost|p1a: Manaphy|spa|1\n|-boost|p1a: Manaphy|spd|1\n|-curestatus|p1a: Manaphy|tox|[msg]\n|\n|-heal|p1a: Manaphy|90\/100|[from] item: Leftovers\n|-heal|p2a: Toxapex|82\/100|[from] item: Black Sludge\n|-fieldend|move: Electric Terrain\n|upkeep\n|turn|22\n|\n|t:|1700952456\n|move|p1a: Manaphy|Stored Power|p2a: Toxapex\n|-supereffective|p2a: Toxapex\n|-damage|p2a: Toxapex|0 fnt\n|faint|p2a: Toxapex\n|\n|-heal|p1a: Manaphy|96\/100|[from] item: Leftovers\n|upkeep\n|\n|t:|1700952472\n|switch|p2a: Banette|Banette-Mega, F|24\/100\n|-damage|p2a: Banette|12\/100|[from] Stealth Rock\n|turn|23\n|\n|t:|1700952477\n|move|p2a: Banette|Destiny Bond|p2a: Banette\n|-singlemove|p2a: Banette|Destiny Bond\n|move|p1a: Manaphy|Acid Armor|p1a: Manaphy\n|-boost|p1a: Manaphy|def|2\n|\n|-heal|p1a: Manaphy|100\/100|[from] item: Leftovers\n|upkeep\n|turn|24\n|\n|t:|1700952485\n|move|p1a: Manaphy|Take Heart|p1a: Manaphy\n|-boost|p1a: Manaphy|spa|1\n|-boost|p1a: Manaphy|spd|1\n|move|p2a: Banette|Poltergeist|p1a: Manaphy\n|-activate|p1a: Manaphy|move: Poltergeist|Leftovers\n|-damage|p1a: Manaphy|85\/100\n|\n|-heal|p1a: Manaphy|91\/100|[from] item: Leftovers\n|upkeep\n|turn|25\n|\n|t:|1700952496\n|move|p2a: Banette|Destiny Bond|p2a: Banette\n|-singlemove|p2a: Banette|Destiny Bond\n|move|p1a: Manaphy|Take Heart|p1a: Manaphy\n|-boost|p1a: Manaphy|spa|1\n|-boost|p1a: Manaphy|spd|1\n|\n|-heal|p1a: Manaphy|97\/100|[from] item: Leftovers\n|upkeep\n|turn|26\n|\n|t:|1700952504\n|move|p1a: Manaphy|Acid Armor|p1a: Manaphy\n|-boost|p1a: Manaphy|def|2\n|move|p2a: Banette|Poltergeist|p1a: Manaphy\n|-activate|p1a: Manaphy|move: Poltergeist|Leftovers\n|-damage|p1a: Manaphy|85\/100\n|\n|-heal|p1a: Manaphy|92\/100|[from] item: Leftovers\n|upkeep\n|turn|27\n|\n|t:|1700952514\n|move|p2a: Banette|Destiny Bond|p2a: Banette\n|-singlemove|p2a: Banette|Destiny Bond\n|move|p1a: Manaphy|Take Heart|p1a: Manaphy\n|-boost|p1a: Manaphy|spa|1\n|-boost|p1a: Manaphy|spd|1\n|\n|-heal|p1a: Manaphy|98\/100|[from] item: Leftovers\n|upkeep\n|turn|28\n|\n|t:|1700952524\n|move|p1a: Manaphy|Acid Armor|p1a: Manaphy\n|-boost|p1a: Manaphy|def|0\n|move|p2a: Banette|Poltergeist|p1a: Manaphy\n|-activate|p1a: Manaphy|move: Poltergeist|Leftovers\n|-damage|p1a: Manaphy|85\/100\n|\n|-heal|p1a: Manaphy|91\/100|[from] item: Leftovers\n|upkeep\n|turn|29\n|\n|t:|1700952534\n|move|p2a: Banette|Destiny Bond|p2a: Banette\n|-singlemove|p2a: Banette|Destiny Bond\n|move|p1a: Manaphy|Acid Armor|p1a: Manaphy\n|-boost|p1a: Manaphy|def|0\n|\n|-heal|p1a: Manaphy|97\/100|[from] item: Leftovers\n|upkeep\n|turn|30\n|\n|t:|1700952542\n|move|p1a: Manaphy|Take Heart||[still]\n|-boost|p1a: Manaphy|spa|0\n|-boost|p1a: Manaphy|spd|0\n|-fail|p1a: Manaphy\n|move|p2a: Banette|Poltergeist|p1a: Manaphy\n|-activate|p1a: Manaphy|move: Poltergeist|Leftovers\n|-damage|p1a: Manaphy|84\/100\n|\n|-heal|p1a: Manaphy|91\/100|[from] item: Leftovers\n|upkeep\n|turn|31\n|\n|t:|1700952554\n|move|p2a: Banette|Destiny Bond|p2a: Banette\n|-singlemove|p2a: Banette|Destiny Bond\n|move|p1a: Manaphy|Acid Armor|p1a: Manaphy\n|-boost|p1a: Manaphy|def|0\n|\n|-heal|p1a: Manaphy|97\/100|[from] item: Leftovers\n|upkeep\n|turn|32\n|\n|t:|1700952563\n|move|p2a: Banette|Will-O-Wisp|p1a: Manaphy|[miss]\n|-miss|p2a: Banette|p1a: Manaphy\n|move|p1a: Manaphy|Acid Armor|p1a: Manaphy\n|-boost|p1a: Manaphy|def|0\n|\n|-heal|p1a: Manaphy|100\/100|[from] item: Leftovers\n|upkeep\n|turn|33\n|\n|t:|1700952572\n|move|p2a: Banette|Shadow Sneak|p1a: Manaphy\n|-damage|p1a: Manaphy|96\/100\n|move|p1a: Manaphy|Surf|p2a: Banette\n|-damage|p2a: Banette|0 fnt\n|faint|p2a: Banette\n|\n|-heal|p1a: Manaphy|100\/100|[from] item: Leftovers\n|upkeep\n|\n|t:|1700952582\n|switch|p2a: Hoopa|Hoopa-Unbound|81\/100 par\n|-damage|p2a: Hoopa|68\/100 par|[from] Stealth Rock\n|turn|34\n|\n|t:|1700952588\n|-terastallize|p2a: Hoopa|Poison\n|move|p1a: Manaphy|Surf|p2a: Hoopa\n|-damage|p2a: Hoopa|0 fnt\n|faint|p2a: Hoopa\n|\n|upkeep\n|-message|December guy forfeited.\n|\n|win|CF. Xynix\n|raw|CF. Xynix's rating: 1323 &rarr; <strong>1337<\/strong><br \/>(+14 for winning)\n|raw|December guy's rating: 1209 &rarr; <strong>1192<\/strong><br \/>(-17 for losing)\n|l|\u2606December guy\n","uploadtime":1700952604,"views":3,"p1id":"cfxynix","p2id":"decemberguy","formatid":"gen9nationaldex","rating":1192,"private":0,"password":""}