{"id":"gen9nationaldex-1997633529","p1":"shfeha","p2":"mabitewow","format":"[Gen 9] National Dex","log":"|html|<div class=\"broadcast-blue\"><strong>[Gen 9] National Dex is currently suspecting Sneasler! For information on how to participate check out the <a href=\"https:\/\/www.smogon.com\/forums\/threads\/sv-national-dex-suspect-8-just-dance.3731534\/\">suspect thread<\/a>.<\/strong><\/div>\n|j|\u2606shfeha\n|j|\u2606mabitewow\n|t:|1700835542\n|gametype|singles\n|player|p1|shfeha|li|1128\n|player|p2|mabitewow|169|1040\n|teamsize|p1|6\n|teamsize|p2|6\n|gen|9\n|tier|[Gen 9] National Dex\n|rated|\n|rule|HP Percentage Mod: HP is shown in percentages\n|rule|Endless Battle Clause: Forcing endless battles is banned\n|rule|OHKO Clause: OHKO moves are banned\n|rule|Evasion Clause: Evasion abilities, items, and moves are banned\n|rule|Evasion Abilities Clause: Evasion abilities are banned\n|rule|Evasion Items Clause: Evasion items are banned\n|rule|Evasion Moves Clause: Evasion moves are banned\n|rule|Species Clause: Limit one of each Pok\u00e9mon\n|rule|Sleep Clause Mod: Limit one foe put to sleep\n|clearpoke\n|poke|p1|Durant, F|\n|poke|p1|Absol, F|\n|poke|p1|Fezandipiti, M|\n|poke|p1|Hydreigon, F|\n|poke|p1|Relicanth, M|\n|poke|p1|Victini|\n|poke|p2|Beedrill, M|\n|poke|p2|Blacephalon|\n|poke|p2|Zapdos-Galar|\n|poke|p2|Shuckle, F|\n|poke|p2|Lilligant-Hisui, F|\n|poke|p2|Tapu Koko|\n|teampreview\n|inactive|Battle timer is ON: inactive players will automatically lose when time's up. (requested by shfeha)\n|\n|t:|1700835550\n|start\n|switch|p1a: Absol|Absol, F|100\/100\n|switch|p2a: Shuckle|Shuckle, F|100\/100\n|turn|1\n|\n|t:|1700835557\n|detailschange|p1a: Absol|Absol-Mega, F\n|-mega|p1a: Absol|Absol|Absolite\n|move|p1a: Absol|Knock Off|p2a: Shuckle\n|-damage|p2a: Shuckle|59\/100\n|-enditem|p2a: Shuckle|Mental Herb|[from] move: Knock Off|[of] p1a: Absol\n|move|p2a: Shuckle|Sticky Web|p1a: Absol\n|move|p1a: Absol|Sticky Web|p2a: Shuckle|[from]ability: Magic Bounce\n|-sidestart|p2: mabitewow|move: Sticky Web\n|\n|upkeep\n|turn|2\n|\n|t:|1700835565\n|move|p1a: Absol|Pursuit|p2a: Shuckle\n|-damage|p2a: Shuckle|44\/100\n|move|p2a: Shuckle|Final Gambit|p1a: Absol\n|-damage|p1a: Absol|61\/100\n|faint|p2a: Shuckle\n|\n|upkeep\n|\n|t:|1700835574\n|switch|p2a: Tapu Koko|Tapu Koko|100\/100\n|-fieldstart|move: Electric Terrain|[from] ability: Electric Surge|[of] p2a: Tapu Koko\n|turn|3\n|\n|t:|1700835579\n|switch|p1a: Fezandipiti|Fezandipiti, M|100\/100\n|move|p2a: Tapu Koko|Defog|p1a: Fezandipiti\n|-unboost|p1a: Fezandipiti|evasion|1\n|-sideend|p2: mabitewow|Sticky Web|[from] move: Defog|[of] p2a: Tapu Koko\n|-fieldend|move: Electric Terrain\n|\n|upkeep\n|turn|4\n|\n|t:|1700835588\n|move|p2a: Tapu Koko|U-turn|p1a: Fezandipiti\n|-resisted|p1a: Fezandipiti\n|-damage|p1a: Fezandipiti|95\/100\n|\n|t:|1700835593\n|switch|p2a: Beedrill|Beedrill, M|100\/100|[from] U-turn\n|move|p1a: Fezandipiti|Gunk Shot|p2a: Beedrill\n|-resisted|p2a: Beedrill\n|-damage|p2a: Beedrill|41\/100\n|\n|upkeep\n|turn|5\n|\n|t:|1700835605\n|detailschange|p2a: Beedrill|Beedrill-Mega, M\n|-mega|p2a: Beedrill|Beedrill|Beedrillite\n|move|p2a: Beedrill|Drill Run|p1a: Fezandipiti\n|-supereffective|p1a: Fezandipiti\n|-damage|p1a: Fezandipiti|12\/100\n|move|p1a: Fezandipiti|Brave Bird|p2a: Beedrill\n|-supereffective|p2a: Beedrill\n|-damage|p2a: Beedrill|0 fnt\n|faint|p2a: Beedrill\n|-damage|p1a: Fezandipiti|0 fnt|[from] Recoil\n|faint|p1a: Fezandipiti\n|\n|upkeep\n|\n|t:|1700835616\n|switch|p2a: Blacephalon|Blacephalon|100\/100\n|switch|p1a: Relicanth|Relicanth, M, shiny|100\/100\n|turn|6\n|\n|t:|1700835622\n|switch|p2a: Lilligant|Lilligant-Hisui, F|100\/100\n|move|p1a: Relicanth|Stealth Rock|p2a: Lilligant\n|-sidestart|p2: mabitewow|move: Stealth Rock\n|\n|upkeep\n|turn|7\n|\n|t:|1700835632\n|switch|p1a: Durant|Durant, F, shiny|100\/100\n|move|p2a: Lilligant|Victory Dance|p2a: Lilligant\n|-boost|p2a: Lilligant|atk|1\n|-boost|p2a: Lilligant|def|1\n|-boost|p2a: Lilligant|spe|1\n|\n|upkeep\n|turn|8\n|\n|t:|1700835647\n|-terastallize|p1a: Durant|Bug\n|move|p1a: Durant|First Impression|p2a: Lilligant|[miss]\n|-miss|p1a: Durant|p2a: Lilligant\n|move|p2a: Lilligant|Close Combat|p1a: Durant\n|-resisted|p1a: Durant\n|-damage|p1a: Durant|30\/100\n|-unboost|p2a: Lilligant|def|1\n|-unboost|p2a: Lilligant|spd|1\n|\n|upkeep\n|turn|9\n|\n|t:|1700835658\n|switch|p1a: Relicanth|Relicanth, M, shiny|100\/100\n|-terastallize|p2a: Lilligant|Rock\n|move|p2a: Lilligant|Tera Blast|p1a: Relicanth|[anim] Tera Blast Rock\n|-damage|p1a: Relicanth|44\/100\n|\n|upkeep\n|turn|10\n|\n|t:|1700835680\n|move|p2a: Lilligant|Tera Blast|p1a: Relicanth|[anim] Tera Blast Rock|[miss]\n|-miss|p2a: Lilligant|p1a: Relicanth\n|move|p1a: Relicanth|Head Smash|p2a: Lilligant\n|-damage|p2a: Lilligant|0 fnt\n|faint|p2a: Lilligant\n|-damage|p1a: Relicanth|9\/100|[from] Recoil\n|\n|upkeep\n|\n|t:|1700835688\n|switch|p2a: Tapu Koko|Tapu Koko|100\/100\n|-fieldstart|move: Electric Terrain|[from] ability: Electric Surge|[of] p2a: Tapu Koko\n|turn|11\n|-enditem|p1a: Relicanth|Custap Berry|[eat]\n|-activate|p1a: Relicanth|item: Custap Berry|[consumed]\n|\n|t:|1700835694\n|move|p1a: Relicanth|Head Smash|p2a: Tapu Koko\n|-damage|p2a: Tapu Koko|11\/100\n|-damage|p1a: Relicanth|0 fnt|[from] Recoil\n|faint|p1a: Relicanth\n|move|p2a: Tapu Koko|Dazzling Gleam|p1: Relicanth|[notarget]\n|-fail|p2a: Tapu Koko\n|\n|upkeep\n|\n|t:|1700835702\n|switch|p1a: Durant|Durant, F, shiny, tera:Bug|30\/100\n|turn|12\n|\n|t:|1700835705\n|move|p1a: Durant|First Impression|p2a: Tapu Koko|[miss]\n|-miss|p1a: Durant|p2a: Tapu Koko\n|move|p2a: Tapu Koko|Defog|p1a: Durant\n|-unboost|p1a: Durant|evasion|1\n|-sideend|p2: mabitewow|Stealth Rock|[from] move: Defog|[of] p2a: Tapu Koko\n|-fieldend|move: Electric Terrain\n|\n|upkeep\n|turn|13\n|\n|t:|1700835713\n|move|p2a: Tapu Koko|Thunderbolt|p1a: Durant\n|-damage|p1a: Durant|0 fnt\n|faint|p1a: Durant\n|\n|upkeep\n|\n|t:|1700835719\n|switch|p1a: Victini|Victini|100\/100\n|turn|14\n|\n|t:|1700835722\n|move|p2a: Tapu Koko|Thunderbolt|p1a: Victini\n|-damage|p1a: Victini|59\/100\n|-zpower|p1a: Victini\n|move|p1a: Victini|Z-Celebrate|p1a: Victini|[anim]Celebrate\n|-boost|p1a: Victini|atk|1|[zeffect]\n|-boost|p1a: Victini|def|1|[zeffect]\n|-boost|p1a: Victini|spa|1|[zeffect]\n|-boost|p1a: Victini|spd|1|[zeffect]\n|-boost|p1a: Victini|spe|1|[zeffect]\n|-activate|p1a: Victini|move: Celebrate\n|\n|upkeep\n|turn|15\n|\n|t:|1700835730\n|move|p1a: Victini|Searing Shot|p2a: Tapu Koko\n|-damage|p2a: Tapu Koko|0 fnt\n|faint|p2a: Tapu Koko\n|\n|upkeep\n|\n|t:|1700835735\n|switch|p2a: Blacephalon|Blacephalon|100\/100\n|turn|16\n|\n|t:|1700835741\n|move|p2a: Blacephalon|Shadow Ball|p1a: Victini\n|-supereffective|p1a: Victini\n|-damage|p1a: Victini|0 fnt\n|faint|p1a: Victini\n|-ability|p2a: Blacephalon|Beast Boost|boost\n|-boost|p2a: Blacephalon|spa|1\n|\n|upkeep\n|\n|t:|1700835747\n|switch|p1a: Absol|Absol-Mega, F|61\/100\n|turn|17\n|\n|t:|1700835750\n|-activate|p2a: Blacephalon|move: Pursuit\n|move|p1a: Absol|Pursuit|p2a: Blacephalon|[from]Pursuit\n|-supereffective|p2a: Blacephalon\n|-damage|p2a: Blacephalon|0 fnt\n|faint|p2a: Blacephalon\n|-hint|A Pokemon can't switch between when it runs out of HP and when it faints\n|\n|upkeep\n|\n|t:|1700835755\n|switch|p2a: Zapdos|Zapdos-Galar|100\/100\n|turn|18\n|\n|t:|1700835759\n|move|p1a: Absol|Play Rough|p2a: Zapdos\n|-supereffective|p2a: Zapdos\n|-damage|p2a: Zapdos|14\/100\n|move|p2a: Zapdos|Thunderous Kick|p1a: Absol\n|-supereffective|p1a: Absol\n|-damage|p1a: Absol|0 fnt\n|faint|p1a: Absol\n|\n|upkeep\n|\n|t:|1700835764\n|switch|p1a: Hydreigon|Hydreigon, F, shiny|100\/100\n|turn|19\n|\n|t:|1700835772\n|move|p1a: Hydreigon|Dark Pulse|p2a: Zapdos\n|-resisted|p2a: Zapdos\n|-damage|p2a: Zapdos|0 fnt\n|faint|p2a: Zapdos\n|\n|win|shfeha\n|raw|shfeha's rating: 1128 &rarr; <strong>1147<\/strong><br \/>(+19 for winning)\n|raw|mabitewow's rating: 1040 &rarr; <strong>1028<\/strong><br \/>(-12 for losing)\n","uploadtime":1700835774,"views":0,"p1id":"shfeha","p2id":"mabitewow","formatid":"gen9nationaldex","rating":1028,"private":0,"password":""}