{"id":"gen9nationaldex-1991466258","p1":"King Tarleo","p2":"Tank Tests","format":"[Gen 9] National Dex","log":"|j|\u2606King Tarleo\n|j|\u2606Tank Tests\n|t:|1700079557\n|gametype|singles\n|player|p1|King Tarleo|wallace|1412\n|player|p2|Tank Tests|2|1371\n|teamsize|p1|6\n|teamsize|p2|6\n|gen|9\n|tier|[Gen 9] National Dex\n|rated|\n|rule|HP Percentage Mod: HP is shown in percentages\n|rule|Endless Battle Clause: Forcing endless battles is banned\n|rule|OHKO Clause: OHKO moves are banned\n|rule|Evasion Clause: Evasion abilities, items, and moves are banned\n|rule|Evasion Abilities Clause: Evasion abilities are banned\n|rule|Evasion Items Clause: Evasion items are banned\n|rule|Evasion Moves Clause: Evasion moves are banned\n|rule|Species Clause: Limit one of each Pok\u00e9mon\n|rule|Sleep Clause Mod: Limit one foe put to sleep\n|clearpoke\n|poke|p1|Ninetales-Alola, F|\n|poke|p1|Blaziken, F|\n|poke|p1|Pelipper, F|\n|poke|p1|Scizor, M|\n|poke|p1|Galvantula, F|\n|poke|p1|Lycanroc-Dusk, M|\n|poke|p2|Pawmot, M|\n|poke|p2|Rabsca, F|\n|poke|p2|Banette, F|\n|poke|p2|Victini|\n|poke|p2|Dragonite, M|\n|poke|p2|Forretress, F|\n|teampreview\n|inactive|Battle timer is ON: inactive players will automatically lose when time's up. (requested by King Tarleo)\n|\n|t:|1700079568\n|start\n|switch|p1a: Misty|Pelipper, F|100\/100\n|switch|p2a: Banette|Banette, F|100\/100\n|-weather|RainDance|[from] ability: Drizzle|[of] p1a: Misty\n|turn|1\n|\n|t:|1700079575\n|detailschange|p2a: Banette|Banette-Mega, F\n|-mega|p2a: Banette|Banette|Banettite\n|move|p2a: Banette|Poltergeist|p1a: Misty|[miss]\n|-miss|p2a: Banette|p1a: Misty\n|move|p1a: Misty|Tailwind|p1a: Misty\n|-sidestart|p1: King Tarleo|move: Tailwind\n|\n|-weather|RainDance|[upkeep]\n|upkeep\n|turn|2\n|\n|t:|1700079584\n|move|p1a: Misty|Hurricane|p2a: Banette\n|-damage|p2a: Banette|8\/100\n|move|p2a: Banette|Poltergeist|p1a: Misty\n|-activate|p1a: Misty|move: Poltergeist|Heavy-Duty Boots\n|-damage|p1a: Misty|37\/100\n|\n|-weather|RainDance|[upkeep]\n|upkeep\n|turn|3\n|\n|t:|1700079593\n|move|p2a: Banette|Destiny Bond|p2a: Banette\n|-singlemove|p2a: Banette|Destiny Bond\n|move|p1a: Misty|Surf|p2a: Banette\n|-damage|p2a: Banette|0 fnt\n|faint|p2a: Banette\n|-activate|p2a: Banette|move: Destiny Bond\n|faint|p1a: Misty\n|\n|-weather|RainDance|[upkeep]\n|upkeep\n|\n|t:|1700079613\n|switch|p2a: Forretress|Forretress, F|100\/100\n|switch|p1a: Blade|Scizor, M|100\/100\n|turn|4\n|\n|t:|1700079615\n|detailschange|p1a: Blade|Scizor-Mega, M\n|-mega|p1a: Blade|Scizor|Scizorite\n|move|p1a: Blade|U-turn|p2a: Forretress\n|-resisted|p2a: Forretress\n|-damage|p2a: Forretress|85\/100\n|\n|t:|1700079628\n|switch|p1a: Shanara|Galvantula, F, shiny|100\/100|[from] U-turn\n|move|p2a: Forretress|Thunder Wave|p1a: Shanara\n|-immune|p1a: Shanara\n|\n|-weather|RainDance|[upkeep]\n|-sideend|p1: King Tarleo|move: Tailwind\n|upkeep\n|turn|5\n|\n|t:|1700079635\n|move|p1a: Shanara|Thunder Wave|p2a: Forretress\n|-status|p2a: Forretress|par\n|move|p2a: Forretress|Stealth Rock|p1a: Shanara\n|-sidestart|p1: King Tarleo|move: Stealth Rock\n|\n|-weather|none\n|upkeep\n|turn|6\n|\n|t:|1700079641\n|switch|p1a: Blade|Scizor-Mega, M|100\/100\n|-damage|p1a: Blade|88\/100|[from] Stealth Rock\n|move|p2a: Forretress|Explosion|p1a: Blade\n|-resisted|p1a: Blade\n|-damage|p1a: Blade|68\/100\n|faint|p2a: Forretress\n|\n|upkeep\n|\n|t:|1700079648\n|switch|p2a: Victini|Victini|100\/100\n|turn|7\n|\n|t:|1700079664\n|switch|p1a: Phoenix|Blaziken, F|100\/100\n|-damage|p1a: Phoenix|88\/100|[from] Stealth Rock\n|move|p2a: Victini|Zen Headbutt|p1a: Phoenix\n|-supereffective|p1a: Phoenix\n|-damage|p1a: Phoenix|0 fnt\n|faint|p1a: Phoenix\n|\n|upkeep\n|\n|t:|1700079670\n|switch|p1a: Shanara|Galvantula, F, shiny|100\/100\n|-damage|p1a: Shanara|75\/100|[from] Stealth Rock\n|turn|8\n|\n|t:|1700079677\n|move|p2a: Victini|Zen Headbutt|p1a: Shanara\n|-damage|p1a: Shanara|12\/100\n|move|p1a: Shanara|Thunder Wave|p2a: Victini\n|-status|p2a: Victini|par\n|\n|upkeep\n|turn|9\n|\n|t:|1700079685\n|move|p1a: Shanara|Thunder Wave|p2a: Victini\n|-fail|p2a: Victini|par\n|cant|p2a: Victini|par\n|\n|upkeep\n|turn|10\n|\n|t:|1700079688\n|move|p1a: Shanara|Thunder Wave|p2a: Victini\n|-fail|p2a: Victini|par\n|move|p2a: Victini|Zen Headbutt|p1a: Shanara\n|-damage|p1a: Shanara|0 fnt\n|faint|p1a: Shanara\n|\n|upkeep\n|\n|t:|1700079690\n|switch|p1a: Shirayuki|Ninetales-Alola, F|100\/100\n|-damage|p1a: Shirayuki|75\/100|[from] Stealth Rock\n|-weather|Snow|[from] ability: Snow Warning|[of] p1a: Shirayuki\n|turn|11\n|\n|t:|1700079693\n|switch|p2a: Rabsca|Rabsca, F|100\/100\n|move|p1a: Shirayuki|Aurora Veil|p1a: Shirayuki\n|-sidestart|p1: King Tarleo|move: Aurora Veil\n|\n|-weather|Snow|[upkeep]\n|upkeep\n|turn|12\n|\n|t:|1700079698\n|move|p1a: Shirayuki|Moonblast|p2a: Rabsca\n|-damage|p2a: Rabsca|67\/100\n|move|p2a: Rabsca|Revival Blessing|p2a: Rabsca\n|-enditem|p2a: Rabsca|Leppa Berry|[eat]\n|-activate|p2a: Rabsca|item: Leppa Berry|Revival Blessing|[consumed]\n|\n|t:|1700079704\n|-heal|p2: Banette|50\/100|[from] move: Revival Blessing\n|\n|-weather|Snow|[upkeep]\n|upkeep\n|turn|13\n|\n|t:|1700079710\n|switch|p1a: Blade|Scizor-Mega, M|68\/100\n|-damage|p1a: Blade|55\/100|[from] Stealth Rock\n|move|p2a: Rabsca|Revival Blessing|p2a: Rabsca\n|\n|t:|1700079712\n|-heal|p2: Forretress|50\/100|[from] move: Revival Blessing\n|\n|-weather|Snow|[upkeep]\n|upkeep\n|turn|14\n|\n|t:|1700079717\n|move|p1a: Blade|Swords Dance|p1a: Blade\n|-boost|p1a: Blade|atk|2\n|move|p2a: Rabsca|Memento|p1a: Blade\n|-unboost|p1a: Blade|atk|2\n|-unboost|p1a: Blade|spa|2\n|faint|p2a: Rabsca\n|\n|-weather|Snow|[upkeep]\n|upkeep\n|\n|t:|1700079721\n|switch|p2a: Victini|Victini|100\/100 par\n|turn|15\n|\n|t:|1700079725\n|move|p2a: Victini|V-create|p1a: Blade\n|-supereffective|p1a: Blade\n|-damage|p1a: Blade|0 fnt\n|-unboost|p2a: Victini|spe|1\n|-unboost|p2a: Victini|def|1\n|-unboost|p2a: Victini|spd|1\n|faint|p1a: Blade\n|\n|-weather|none\n|upkeep\n|\n|t:|1700079728\n|switch|p1a: Apollo|Lycanroc-Dusk, M|100\/100\n|-damage|p1a: Apollo|88\/100|[from] Stealth Rock\n|turn|16\n|\n|t:|1700079738\n|switch|p2a: Forretress|Forretress, F|50\/100\n|-terastallize|p1a: Apollo|Rock\n|move|p1a: Apollo|Stealth Rock|p2a: Forretress\n|-sidestart|p2: Tank Tests|move: Stealth Rock\n|\n|upkeep\n|turn|17\n|\n|t:|1700079744\n|move|p1a: Apollo|Accelerock|p2a: Forretress\n|-damage|p2a: Forretress|25\/100\n|move|p2a: Forretress|Rapid Spin|p1a: Apollo\n|-resisted|p1a: Apollo\n|-damage|p1a: Apollo|84\/100\n|-boost|p2a: Forretress|spe|1\n|-sideend|p2: Tank Tests|Stealth Rock|[from] move: Rapid Spin|[of] p2a: Forretress\n|\n|upkeep\n|turn|18\n|\n|t:|1700079747\n|move|p1a: Apollo|Accelerock|p2a: Forretress\n|-damage|p2a: Forretress|0 fnt\n|faint|p2a: Forretress\n|\n|-sideend|p1: King Tarleo|move: Aurora Veil\n|upkeep\n|\n|t:|1700079753\n|switch|p2a: Dragonite|Dragonite, M|100\/100\n|turn|19\n|\n|t:|1700079757\n|move|p1a: Apollo|Stealth Rock|p2a: Dragonite\n|-sidestart|p2: Tank Tests|move: Stealth Rock\n|move|p2a: Dragonite|Dragon Dance|p2a: Dragonite\n|-boost|p2a: Dragonite|atk|1\n|-boost|p2a: Dragonite|spe|1\n|\n|upkeep\n|turn|20\n|\n|t:|1700079760\n|move|p1a: Apollo|Accelerock|p2a: Dragonite\n|-supereffective|p2a: Dragonite\n|-damage|p2a: Dragonite|66\/100\n|-enditem|p2a: Dragonite|Weakness Policy\n|-boost|p2a: Dragonite|atk|2|[from] item: Weakness Policy\n|-boost|p2a: Dragonite|spa|2|[from] item: Weakness Policy\n|move|p2a: Dragonite|Earthquake|p1a: Apollo\n|-supereffective|p1a: Apollo\n|-damage|p1a: Apollo|0 fnt\n|faint|p1a: Apollo\n|\n|upkeep\n|\n|t:|1700079763\n|switch|p1a: Shirayuki|Ninetales-Alola, F|75\/100\n|-damage|p1a: Shirayuki|50\/100|[from] Stealth Rock\n|-weather|Snow|[from] ability: Snow Warning|[of] p1a: Shirayuki\n|turn|21\n|\n|t:|1700079769\n|move|p2a: Dragonite|Extreme Speed|p1a: Shirayuki\n|-damage|p1a: Shirayuki|0 fnt\n|faint|p1a: Shirayuki\n|\n|win|Tank Tests\n|raw|King Tarleo's rating: 1412 &rarr; <strong>1390<\/strong><br \/>(-22 for losing)\n|raw|Tank Tests's rating: 1371 &rarr; <strong>1393<\/strong><br \/>(+22 for winning)\n|c|\u2606King Tarleo|gg\n|c|\u2606Tank Tests|gg\n","uploadtime":1700079779,"views":9,"p1id":"kingtarleo","p2id":"tanktests","formatid":"gen9nationaldex","rating":1390,"private":0,"password":""}