{"id":"gen9nationaldex-1996321410","p1":"RamonKiller6614","p2":"IceBerryCoffee","format":"[Gen 9] National Dex","log":"|html|<div class=\"broadcast-blue\"><strong>[Gen 9] National Dex is currently suspecting Sneasler! For information on how to participate check out the <a href=\"https:\/\/www.smogon.com\/forums\/threads\/sv-national-dex-suspect-8-just-dance.3731534\/\">suspect thread<\/a>.<\/strong><\/div>\n|j|\u2606RamonKiller6614\n|j|\u2606IceBerryCoffee\n|t:|1700670945\n|gametype|singles\n|player|p1|RamonKiller6614|cynthia-gen4|1425\n|player|p2|IceBerryCoffee|101|1345\n|teamsize|p1|6\n|teamsize|p2|6\n|gen|9\n|tier|[Gen 9] National Dex\n|rated|\n|rule|HP Percentage Mod: HP is shown in percentages\n|rule|Endless Battle Clause: Forcing endless battles is banned\n|rule|OHKO Clause: OHKO moves are banned\n|rule|Evasion Clause: Evasion abilities, items, and moves are banned\n|rule|Evasion Abilities Clause: Evasion abilities are banned\n|rule|Evasion Items Clause: Evasion items are banned\n|rule|Evasion Moves Clause: Evasion moves are banned\n|rule|Species Clause: Limit one of each Pok\u00e9mon\n|rule|Sleep Clause Mod: Limit one foe put to sleep\n|clearpoke\n|poke|p1|Aegislash, F|\n|poke|p1|Banette, M|\n|poke|p1|Urshifu-*, M|\n|poke|p1|Garchomp, M|\n|poke|p1|Landorus-Therian, M|\n|poke|p1|Hatterene, F|\n|poke|p2|Maushold-Four|\n|poke|p2|Empoleon, M|\n|poke|p2|Conkeldurr, M|\n|poke|p2|Typhlosion-Hisui, F|\n|poke|p2|Charizard, F|\n|poke|p2|Gliscor, F|\n|teampreview\n|inactive|Battle timer is ON: inactive players will automatically lose when time's up. (requested by IceBerryCoffee)\n|\n|t:|1700670952\n|start\n|switch|p1a: Garchomp|Garchomp, M|100\/100\n|switch|p2a: Empoleon|Empoleon, M|100\/100\n|turn|1\n|\n|t:|1700670960\n|switch|p2a: Gliscor|Gliscor, F|100\/100\n|move|p1a: Garchomp|Earthquake|p2a: Gliscor\n|-immune|p2a: Gliscor\n|\n|-status|p2a: Gliscor|tox|[from] item: Toxic Orb\n|upkeep\n|turn|2\n|\n|t:|1700670967\n|switch|p1a: Landorus|Landorus-Therian, M|100\/100\n|-ability|p1a: Landorus|Intimidate|boost\n|-unboost|p2a: Gliscor|atk|1\n|move|p2a: Gliscor|Toxic|p1a: Landorus\n|-status|p1a: Landorus|tox\n|\n|-damage|p1a: Landorus|95\/100 tox|[from] psn\n|upkeep\n|turn|3\n|\n|t:|1700670975\n|move|p1a: Landorus|Knock Off|p2a: Gliscor\n|-damage|p2a: Gliscor|71\/100 tox\n|-enditem|p2a: Gliscor|Toxic Orb|[from] move: Knock Off|[of] p1a: Landorus\n|move|p2a: Gliscor|Stealth Rock|p1a: Landorus\n|-sidestart|p1: RamonKiller6614|move: Stealth Rock\n|\n|-heal|p1a: Landorus|100\/100 tox|[from] item: Leftovers\n|-damage|p1a: Landorus|89\/100 tox|[from] psn\n|-heal|p2a: Gliscor|84\/100 tox|[from] ability: Poison Heal\n|upkeep\n|turn|4\n|\n|t:|1700670986\n|switch|p2a: Charizard|Charizard, F|100\/100\n|move|p1a: Landorus|Defog|p2a: Charizard\n|-unboost|p2a: Charizard|evasion|1\n|-sideend|p1: RamonKiller6614|Stealth Rock|[from] move: Defog|[of] p1a: Landorus\n|\n|-heal|p1a: Landorus|95\/100 tox|[from] item: Leftovers\n|-damage|p1a: Landorus|77\/100 tox|[from] psn\n|upkeep\n|turn|5\n|\n|t:|1700670997\n|detailschange|p2a: Charizard|Charizard-Mega-Y, F\n|-mega|p2a: Charizard|Charizard|Charizardite Y\n|-weather|SunnyDay|[from] ability: Drought|[of] p2a: Charizard\n|move|p2a: Charizard|Fire Blast|p1a: Landorus\n|-damage|p1a: Landorus|0 fnt\n|faint|p1a: Landorus\n|\n|-weather|SunnyDay|[upkeep]\n|upkeep\n|\n|t:|1700671012\n|switch|p1a: Garchomp|Garchomp, M|100\/100\n|turn|6\n|\n|t:|1700671018\n|move|p1a: Garchomp|Stealth Rock|p2a: Charizard\n|-sidestart|p2: IceBerryCoffee|move: Stealth Rock\n|move|p2a: Charizard|Solar Beam||[still]\n|-prepare|p2a: Charizard|Solar Beam\n|-anim|p2a: Charizard|Solar Beam|p1a: Garchomp\n|-damage|p1a: Garchomp|47\/100\n|\n|-weather|SunnyDay|[upkeep]\n|upkeep\n|turn|7\n|\n|t:|1700671038\n|move|p1a: Garchomp|Scale Shot|p2a: Charizard\n|-damage|p2a: Charizard|83\/100\n|-damage|p2a: Charizard|62\/100\n|-hitcount|p2a: Charizard|2\n|-unboost|p1a: Garchomp|def|1\n|-boost|p1a: Garchomp|spe|1\n|move|p2a: Charizard|Solar Beam||[still]\n|-prepare|p2a: Charizard|Solar Beam\n|-anim|p2a: Charizard|Solar Beam|p1a: Garchomp\n|-damage|p1a: Garchomp|0 fnt\n|faint|p1a: Garchomp\n|\n|-weather|SunnyDay|[upkeep]\n|upkeep\n|\n|t:|1700671054\n|switch|p1a: Hatterene|Hatterene, F|100\/100\n|turn|8\n|\n|t:|1700671058\n|move|p2a: Charizard|Fire Blast|p1a: Hatterene\n|-damage|p1a: Hatterene|0 fnt\n|faint|p1a: Hatterene\n|\n|-weather|SunnyDay|[upkeep]\n|upkeep\n|\n|t:|1700671067\n|switch|p1a: Urshifu|Urshifu-Rapid-Strike, M|100\/100\n|turn|9\n|\n|t:|1700671073\n|switch|p2a: Gliscor|Gliscor, F|84\/100 tox\n|-damage|p2a: Gliscor|71\/100 tox|[from] Stealth Rock\n|-terastallize|p1a: Urshifu|Fighting\n|move|p1a: Urshifu|Surging Strikes|p2a: Gliscor\n|-supereffective|p2a: Gliscor\n|-crit|p2a: Gliscor\n|-damage|p2a: Gliscor|54\/100 tox\n|-supereffective|p2a: Gliscor\n|-crit|p2a: Gliscor\n|-damage|p2a: Gliscor|37\/100 tox\n|-supereffective|p2a: Gliscor\n|-crit|p2a: Gliscor\n|-damage|p2a: Gliscor|22\/100 tox\n|-hitcount|p2a: Gliscor|3\n|\n|-weather|none\n|-heal|p2a: Gliscor|34\/100 tox|[from] ability: Poison Heal\n|upkeep\n|turn|10\n|\n|t:|1700671090\n|move|p1a: Urshifu|Surging Strikes|p2a: Gliscor\n|-supereffective|p2a: Gliscor\n|-crit|p2a: Gliscor\n|-damage|p2a: Gliscor|0 fnt\n|faint|p2a: Gliscor\n|-hitcount|p2: Gliscor|1\n|\n|upkeep\n|inactive|IceBerryCoffee has 120 seconds left.\n|\n|t:|1700671118\n|switch|p2a: Empoleon|Empoleon, M|100\/100\n|-damage|p2a: Empoleon|94\/100|[from] Stealth Rock\n|turn|11\n|\n|t:|1700671122\n|move|p1a: Urshifu|Close Combat|p2a: Empoleon\n|-supereffective|p2a: Empoleon\n|-damage|p2a: Empoleon|0 fnt\n|-unboost|p1a: Urshifu|def|1\n|-unboost|p1a: Urshifu|spd|1\n|faint|p2a: Empoleon\n|\n|upkeep\n|\n|t:|1700671130\n|switch|p2a: Maushold|Maushold-Four|100\/100\n|-damage|p2a: Maushold|88\/100|[from] Stealth Rock\n|turn|12\n|\n|t:|1700671135\n|switch|p1a: Banette|Banette, M|100\/100\n|-item|p2a: Maushold|Wide Lens|[from] ability: Frisk|[of] p1a: Banette|[identify]\n|move|p2a: Maushold|Tidy Up|p2a: Maushold\n|-sideend|p2: IceBerryCoffee|Stealth Rock\n|-activate|p2a: Maushold|move: Tidy Up\n|-boost|p2a: Maushold|atk|1\n|-boost|p2a: Maushold|spe|1\n|\n|upkeep\n|turn|13\n|\n|t:|1700671143\n|detailschange|p1a: Banette|Banette-Mega, M\n|-mega|p1a: Banette|Banette|Banettite\n|move|p1a: Banette|Will-O-Wisp|p2a: Maushold\n|-status|p2a: Maushold|brn\n|move|p2a: Maushold|Bite|p1a: Banette\n|-supereffective|p1a: Banette\n|-crit|p1a: Banette\n|-damage|p1a: Banette|37\/100\n|\n|-damage|p2a: Maushold|82\/100 brn|[from] brn\n|upkeep\n|turn|14\n|\n|t:|1700671158\n|switch|p1a: Urshifu|Urshifu-Rapid-Strike, M, tera:Fighting|100\/100\n|move|p2a: Maushold|Tidy Up|p2a: Maushold\n|-boost|p2a: Maushold|atk|1\n|-boost|p2a: Maushold|spe|1\n|\n|-damage|p2a: Maushold|76\/100 brn|[from] brn\n|upkeep\n|turn|15\n|\n|t:|1700671166\n|move|p2a: Maushold|Population Bomb|p1a: Urshifu\n|-damage|p1a: Urshifu|90\/100\n|-damage|p1a: Urshifu|79\/100\n|-crit|p1a: Urshifu\n|-damage|p1a: Urshifu|62\/100\n|-damage|p1a: Urshifu|51\/100\n|-damage|p1a: Urshifu|41\/100\n|-damage|p1a: Urshifu|30\/100\n|-damage|p1a: Urshifu|20\/100\n|-damage|p1a: Urshifu|8\/100\n|-damage|p1a: Urshifu|0 fnt\n|faint|p1a: Urshifu\n|-hitcount|p1: Urshifu|9\n|\n|-damage|p2a: Maushold|69\/100 brn|[from] brn\n|upkeep\n|\n|t:|1700671170\n|switch|p1a: Aegislash|Aegislash, F|100\/100\n|turn|16\n|\n|t:|1700671183\n|move|p2a: Maushold|Tidy Up|p2a: Maushold\n|-boost|p2a: Maushold|atk|1\n|-boost|p2a: Maushold|spe|1\n|move|p1a: Aegislash|Swords Dance|p1a: Aegislash\n|-boost|p1a: Aegislash|atk|2\n|\n|-damage|p2a: Maushold|63\/100 brn|[from] brn\n|upkeep\n|turn|17\n|\n|t:|1700671194\n|move|p1a: Aegislash|King's Shield|p1a: Aegislash\n|-singleturn|p1a: Aegislash|Protect\n|move|p2a: Maushold|Bite|p1a: Aegislash\n|-activate|p1a: Aegislash|move: Protect\n|-unboost|p2a: Maushold|atk|1\n|\n|-damage|p2a: Maushold|57\/100 brn|[from] brn\n|upkeep\n|turn|18\n|\n|t:|1700671205\n|move|p2a: Maushold|Encore|p1a: Aegislash\n|-start|p1a: Aegislash|Encore\n|move|p1a: Aegislash|King's Shield||[still]\n|-fail|p1a: Aegislash\n|\n|-damage|p2a: Maushold|51\/100 brn|[from] brn\n|upkeep\n|turn|19\n|\n|t:|1700671212\n|switch|p1a: Banette|Banette-Mega, M|37\/100\n|move|p2a: Maushold|Tidy Up|p2a: Maushold\n|-boost|p2a: Maushold|atk|1\n|-boost|p2a: Maushold|spe|1\n|\n|-damage|p2a: Maushold|44\/100 brn|[from] brn\n|upkeep\n|turn|20\n|\n|t:|1700671219\n|move|p1a: Banette|Destiny Bond|p1a: Banette\n|-singlemove|p1a: Banette|Destiny Bond\n|move|p2a: Maushold|Bite|p1a: Banette\n|-supereffective|p1a: Banette\n|-damage|p1a: Banette|0 fnt\n|faint|p1a: Banette\n|-activate|p1a: Banette|move: Destiny Bond\n|faint|p2a: Maushold\n|\n|upkeep\n|\n|t:|1700671228\n|switch|p2a: Charizard|Charizard-Mega-Y, F|62\/100\n|switch|p1a: Aegislash|Aegislash, F|100\/100\n|-weather|SunnyDay|[from] ability: Drought|[of] p2a: Charizard\n|turn|21\n|\n|t:|1700671233\n|move|p1a: Aegislash|King's Shield|p1a: Aegislash\n|-singleturn|p1a: Aegislash|Protect\n|move|p2a: Charizard|Fire Blast|p1a: Aegislash\n|-activate|p1a: Aegislash|move: Protect\n|\n|-weather|SunnyDay|[upkeep]\n|upkeep\n|turn|22\n|\n|t:|1700671239\n|-formechange|p1a: Aegislash|Aegislash-Blade||[from] ability: Stance Change\n|move|p1a: Aegislash|Shadow Sneak|p2a: Charizard\n|-damage|p2a: Charizard|33\/100\n|move|p2a: Charizard|Fire Blast|p1a: Aegislash\n|-supereffective|p1a: Aegislash\n|-damage|p1a: Aegislash|0 fnt\n|faint|p1a: Aegislash\n|\n|win|IceBerryCoffee\n|raw|RamonKiller6614's rating: 1425 &rarr; <strong>1400<\/strong><br \/>(-25 for losing)\n|raw|IceBerryCoffee's rating: 1345 &rarr; <strong>1370<\/strong><br \/>(+25 for winning)\n","uploadtime":1700671250,"views":0,"p1id":"ramonkiller6614","p2id":"iceberrycoffee","formatid":"gen9nationaldex","rating":1370,"private":0,"password":""}