{"id":"gen9nationaldex-1987121174","p1":"RaXel04","p2":"hightopfade69","format":"[Gen 9] National Dex","log":"|j|\u2606RaXel04\n|j|\u203dhightopfade69\n|t:|1699557788\n|gametype|singles\n|player|p1|RaXel04|workerice|1193\n|player|p2|hightopfade69|102|1233\n|teamsize|p1|6\n|teamsize|p2|6\n|gen|9\n|tier|[Gen 9] National Dex\n|rated|\n|rule|HP Percentage Mod: HP is shown in percentages\n|rule|Endless Battle Clause: Forcing endless battles is banned\n|rule|OHKO Clause: OHKO moves are banned\n|rule|Evasion Clause: Evasion abilities, items, and moves are banned\n|rule|Evasion Abilities Clause: Evasion abilities are banned\n|rule|Evasion Items Clause: Evasion items are banned\n|rule|Evasion Moves Clause: Evasion moves are banned\n|rule|Species Clause: Limit one of each Pok\u00e9mon\n|rule|Sleep Clause Mod: Limit one foe put to sleep\n|clearpoke\n|poke|p1|Umbreon, M|\n|poke|p1|Vaporeon, M|\n|poke|p1|Espeon, M|\n|poke|p1|Jolteon, M|\n|poke|p1|Sylveon, F|\n|poke|p1|Leafeon, M|\n|poke|p2|Druddigon, M|\n|poke|p2|Banette, M|\n|poke|p2|Tapu Koko|\n|poke|p2|Iron Moth|\n|poke|p2|Dondozo, M|\n|poke|p2|Iron Valiant|\n|teampreview\n|\n|t:|1699557801\n|start\n|switch|p1a: Umbreon|Umbreon, M|100\/100\n|switch|p2a: Tapu Koko|Tapu Koko|100\/100\n|-fieldstart|move: Electric Terrain|[from] ability: Electric Surge|[of] p2a: Tapu Koko\n|turn|1\n|\n|t:|1699557814\n|move|p2a: Tapu Koko|U-turn|p1a: Umbreon\n|-supereffective|p1a: Umbreon\n|-damage|p1a: Umbreon|65\/100\n|\n|t:|1699557819\n|switch|p2a: Druddigon|Druddigon, M|100\/100|[from] U-turn\n|move|p1a: Umbreon|Toxic|p2a: Druddigon\n|-status|p2a: Druddigon|tox\n|\n|-heal|p1a: Umbreon|72\/100|[from] item: Leftovers\n|-damage|p2a: Druddigon|94\/100 tox|[from] psn\n|upkeep\n|turn|2\n|\n|t:|1699557832\n|move|p1a: Umbreon|Protect|p1a: Umbreon\n|-singleturn|p1a: Umbreon|Protect\n|move|p2a: Druddigon|Stealth Rock|p1a: Umbreon\n|-sidestart|p1: RaXel04|move: Stealth Rock\n|\n|-heal|p1a: Umbreon|78\/100|[from] item: Leftovers\n|-damage|p2a: Druddigon|82\/100 tox|[from] psn\n|upkeep\n|turn|3\n|\n|t:|1699557842\n|switch|p1a: Sylveon|Sylveon, F|100\/100\n|-damage|p1a: Sylveon|88\/100|[from] Stealth Rock\n|move|p2a: Druddigon|Taunt|p1a: Sylveon\n|-start|p1a: Sylveon|move: Taunt\n|\n|-heal|p1a: Sylveon|94\/100|[from] item: Leftovers\n|-damage|p2a: Druddigon|64\/100 tox|[from] psn\n|upkeep\n|turn|4\n|\n|t:|1699557855\n|switch|p2a: Iron Moth|Iron Moth|100\/100\n|-activate|p2a: Iron Moth|ability: Quark Drive\n|-start|p2a: Iron Moth|quarkdrivespe\n|move|p1a: Sylveon|Hyper Voice|p2a: Iron Moth\n|-resisted|p2a: Iron Moth\n|-damage|p2a: Iron Moth|91\/100\n|\n|-heal|p1a: Sylveon|99\/100|[from] item: Leftovers\n|upkeep\n|turn|5\n|\n|t:|1699557889\n|switch|p1a: Espeon|Espeon, M|100\/100\n|-damage|p1a: Espeon|88\/100|[from] Stealth Rock\n|move|p2a: Iron Moth|Sludge Wave|p1a: Espeon\n|-damage|p1a: Espeon|0 fnt\n|faint|p1a: Espeon\n|\n|upkeep\n|\n|t:|1699557898\n|switch|p1a: Vaporeon|Vaporeon, M|100\/100\n|turn|6\n|\n|t:|1699557904\n|-end|p2a: Iron Moth|Quark Drive|[silent]\n|switch|p2a: Druddigon|Druddigon, M|64\/100 tox\n|move|p1a: Vaporeon|Scald|p2a: Druddigon\n|-resisted|p2a: Druddigon\n|-damage|p2a: Druddigon|53\/100 tox\n|\n|-damage|p2a: Druddigon|47\/100 tox|[from] psn\n|upkeep\n|turn|7\n|\n|t:|1699557912\n|move|p1a: Vaporeon|Ice Beam|p2a: Druddigon\n|-supereffective|p2a: Druddigon\n|-damage|p2a: Druddigon|13\/100 tox\n|move|p2a: Druddigon|Glare|p1a: Vaporeon\n|-status|p1a: Vaporeon|par\n|\n|-damage|p2a: Druddigon|1\/100 tox|[from] psn\n|upkeep\n|turn|8\n|\n|t:|1699557922\n|move|p1a: Vaporeon|Ice Beam|p2a: Druddigon\n|-supereffective|p2a: Druddigon\n|-damage|p2a: Druddigon|0 fnt\n|faint|p2a: Druddigon\n|\n|-fieldend|move: Electric Terrain\n|upkeep\n|\n|t:|1699557929\n|switch|p2a: Dondozo|Dondozo, M|100\/100\n|turn|9\n|\n|t:|1699557941\n|switch|p1a: Leafeon|Leafeon, M|100\/100\n|move|p2a: Dondozo|Curse|p2a: Dondozo\n|-unboost|p2a: Dondozo|spe|1\n|-boost|p2a: Dondozo|atk|1\n|-boost|p2a: Dondozo|def|1\n|\n|upkeep\n|turn|10\n|\n|t:|1699557949\n|switch|p2a: Tapu Koko|Tapu Koko|100\/100\n|-fieldstart|move: Electric Terrain|[from] ability: Electric Surge|[of] p2a: Tapu Koko\n|move|p1a: Leafeon|Leaf Blade|p2a: Tapu Koko\n|-damage|p2a: Tapu Koko|52\/100\n|\n|upkeep\n|turn|11\n|\n|t:|1699557967\n|move|p2a: Tapu Koko|Reflect|p2a: Tapu Koko\n|-sidestart|p2: hightopfade69|Reflect\n|move|p1a: Leafeon|Leaf Blade|p2a: Tapu Koko\n|-crit|p2a: Tapu Koko\n|-damage|p2a: Tapu Koko|0 fnt\n|faint|p2a: Tapu Koko\n|\n|upkeep\n|\n|t:|1699557975\n|switch|p2a: Iron Moth|Iron Moth|91\/100\n|-activate|p2a: Iron Moth|ability: Quark Drive\n|-start|p2a: Iron Moth|quarkdrivespe\n|turn|12\n|\n|t:|1699558006\n|move|p2a: Iron Moth|Sludge Wave|p1a: Leafeon\n|-supereffective|p1a: Leafeon\n|-damage|p1a: Leafeon|0 fnt\n|faint|p1a: Leafeon\n|\n|upkeep\n|\n|t:|1699558032\n|switch|p1a: Jolteon|Jolteon, M|100\/100\n|turn|13\n|\n|t:|1699558040\n|move|p2a: Iron Moth|Sludge Wave|p1a: Jolteon\n|-damage|p1a: Jolteon|17\/100\n|move|p1a: Jolteon|Calm Mind|p1a: Jolteon\n|-boost|p1a: Jolteon|spa|1\n|-boost|p1a: Jolteon|spd|1\n|\n|upkeep\n|turn|14\n|\n|t:|1699558046\n|move|p2a: Iron Moth|Sludge Wave|p1a: Jolteon\n|-damage|p1a: Jolteon|0 fnt\n|faint|p1a: Jolteon\n|\n|upkeep\n|\n|t:|1699558059\n|switch|p1a: Vaporeon|Vaporeon, M|100\/100 par\n|turn|15\n|\n|t:|1699558064\n|move|p2a: Iron Moth|Sludge Wave|p1a: Vaporeon\n|-damage|p1a: Vaporeon|44\/100 par\n|move|p1a: Vaporeon|Scald|p2a: Iron Moth\n|-supereffective|p2a: Iron Moth\n|-damage|p2a: Iron Moth|35\/100\n|\n|-sideend|p2: hightopfade69|Reflect\n|upkeep\n|turn|16\n|\n|t:|1699558075\n|move|p2a: Iron Moth|Sludge Wave|p1a: Vaporeon\n|-damage|p1a: Vaporeon|0 fnt\n|faint|p1a: Vaporeon\n|\n|upkeep\n|\n|t:|1699558082\n|switch|p1a: Sylveon|Sylveon, F|99\/100\n|-damage|p1a: Sylveon|88\/100|[from] Stealth Rock\n|turn|17\n|\n|t:|1699558087\n|-terastallize|p1a: Sylveon|Steel\n|move|p2a: Iron Moth|Sludge Wave|p1a: Sylveon\n|-immune|p1a: Sylveon\n|move|p1a: Sylveon|Yawn|p2a: Iron Moth\n|-activate|p2a: Iron Moth|move: Electric Terrain\n|\n|-heal|p1a: Sylveon|94\/100|[from] item: Leftovers\n|-fieldend|move: Electric Terrain\n|-end|p2a: Iron Moth|Quark Drive\n|upkeep\n|turn|18\n|\n|t:|1699558100\n|-end|p2a: Iron Moth|Quark Drive|[silent]\n|switch|p2a: Banette|Banette, M|100\/100\n|-item|p1a: Sylveon|Leftovers|[from] ability: Frisk|[of] p2a: Banette|[identify]\n|move|p1a: Sylveon|Yawn|p2a: Banette\n|-start|p2a: Banette|move: Yawn|[of] p1a: Sylveon\n|\n|-heal|p1a: Sylveon|99\/100|[from] item: Leftovers\n|upkeep\n|turn|19\n|\n|t:|1699558130\n|detailschange|p2a: Banette|Banette-Mega, M\n|-mega|p2a: Banette|Banette|Banettite\n|move|p2a: Banette|Encore|p1a: Sylveon\n|-start|p1a: Sylveon|Encore\n|move|p1a: Sylveon|Yawn||[still]\n|-fail|p1a: Sylveon\n|\n|-heal|p1a: Sylveon|100\/100|[from] item: Leftovers\n|-end|p2a: Banette|move: Yawn|[silent]\n|-status|p2a: Banette|slp\n|upkeep\n|turn|20\n|\n|t:|1699558150\n|switch|p1a: Umbreon|Umbreon, M|78\/100\n|-damage|p1a: Umbreon|65\/100|[from] Stealth Rock\n|cant|p2a: Banette|slp\n|\n|-heal|p1a: Umbreon|71\/100|[from] item: Leftovers\n|upkeep\n|turn|21\n|\n|t:|1699558161\n|switch|p2a: Dondozo|Dondozo, M|100\/100\n|move|p1a: Umbreon|Foul Play|p2a: Dondozo\n|-damage|p2a: Dondozo|72\/100\n|\n|-heal|p1a: Umbreon|77\/100|[from] item: Leftovers\n|-heal|p2a: Dondozo|78\/100|[from] item: Leftovers\n|upkeep\n|turn|22\n|\n|t:|1699558177\n|move|p1a: Umbreon|Toxic|p2a: Dondozo\n|-status|p2a: Dondozo|tox\n|move|p2a: Dondozo|Curse|p2a: Dondozo\n|-unboost|p2a: Dondozo|spe|1\n|-boost|p2a: Dondozo|atk|1\n|-boost|p2a: Dondozo|def|1\n|\n|-heal|p1a: Umbreon|83\/100|[from] item: Leftovers\n|-heal|p2a: Dondozo|84\/100 tox|[from] item: Leftovers\n|-damage|p2a: Dondozo|78\/100 tox|[from] psn\n|upkeep\n|turn|23\n|\n|t:|1699558187\n|move|p1a: Umbreon|Wish|p1a: Umbreon\n|move|p2a: Dondozo|Liquidation|p1a: Umbreon\n|-crit|p1a: Umbreon\n|-damage|p1a: Umbreon|13\/100\n|-unboost|p1a: Umbreon|def|1\n|\n|-heal|p1a: Umbreon|19\/100|[from] item: Leftovers\n|-heal|p2a: Dondozo|84\/100 tox|[from] item: Leftovers\n|-damage|p2a: Dondozo|72\/100 tox|[from] psn\n|upkeep\n|turn|24\n|\n|t:|1699558197\n|move|p1a: Umbreon|Protect|p1a: Umbreon\n|-singleturn|p1a: Umbreon|Protect\n|move|p2a: Dondozo|Rest|p2a: Dondozo\n|-status|p2a: Dondozo|slp|[from] move: Rest\n|-heal|p2a: Dondozo|100\/100 slp|[silent]\n|\n|-heal|p1a: Umbreon|69\/100|[from] move: Wish|[wisher] Umbreon\n|-heal|p1a: Umbreon|75\/100|[from] item: Leftovers\n|upkeep\n|turn|25\n|\n|t:|1699558209\n|move|p1a: Umbreon|Foul Play|p2a: Dondozo\n|-damage|p2a: Dondozo|83\/100 slp\n|cant|p2a: Dondozo|slp\n|\n|-heal|p1a: Umbreon|81\/100|[from] item: Leftovers\n|-heal|p2a: Dondozo|89\/100 slp|[from] item: Leftovers\n|upkeep\n|turn|26\n|\n|t:|1699558217\n|switch|p1a: Sylveon|Sylveon, F, tera:Steel|100\/100\n|-damage|p1a: Sylveon|94\/100|[from] Stealth Rock\n|cant|p2a: Dondozo|slp\n|\n|-heal|p1a: Sylveon|100\/100|[from] item: Leftovers\n|-heal|p2a: Dondozo|95\/100 slp|[from] item: Leftovers\n|upkeep\n|turn|27\n|\n|t:|1699558227\n|move|p1a: Sylveon|Hyper Voice|p2a: Dondozo\n|-damage|p2a: Dondozo|60\/100 slp\n|-curestatus|p2a: Dondozo|slp|[msg]\n|move|p2a: Dondozo|Earthquake|p1a: Sylveon\n|-supereffective|p1a: Sylveon\n|-damage|p1a: Sylveon|29\/100\n|\n|-heal|p1a: Sylveon|35\/100|[from] item: Leftovers\n|-heal|p2a: Dondozo|66\/100|[from] item: Leftovers\n|upkeep\n|turn|28\n|\n|t:|1699558238\n|move|p1a: Sylveon|Hyper Voice|p2a: Dondozo\n|-damage|p2a: Dondozo|28\/100\n|move|p2a: Dondozo|Earthquake|p1a: Sylveon\n|-supereffective|p1a: Sylveon\n|-damage|p1a: Sylveon|0 fnt\n|faint|p1a: Sylveon\n|\n|-heal|p2a: Dondozo|34\/100|[from] item: Leftovers\n|upkeep\n|\n|t:|1699558245\n|switch|p1a: Umbreon|Umbreon, M|81\/100\n|-damage|p1a: Umbreon|69\/100|[from] Stealth Rock\n|turn|29\n|\n|t:|1699558250\n|move|p1a: Umbreon|Foul Play|p2a: Dondozo\n|-damage|p2a: Dondozo|15\/100\n|move|p2a: Dondozo|Rest|p2a: Dondozo\n|-status|p2a: Dondozo|slp|[from] move: Rest\n|-heal|p2a: Dondozo|100\/100 slp|[silent]\n|\n|-heal|p1a: Umbreon|75\/100|[from] item: Leftovers\n|upkeep\n|turn|30\n|\n|t:|1699558260\n|move|p1a: Umbreon|Foul Play|p2a: Dondozo\n|-damage|p2a: Dondozo|81\/100 slp\n|cant|p2a: Dondozo|slp\n|\n|-heal|p1a: Umbreon|81\/100|[from] item: Leftovers\n|-heal|p2a: Dondozo|88\/100 slp|[from] item: Leftovers\n|upkeep\n|turn|31\n|\n|t:|1699558271\n|move|p1a: Umbreon|Foul Play|p2a: Dondozo\n|-damage|p2a: Dondozo|69\/100 slp\n|cant|p2a: Dondozo|slp\n|\n|-heal|p1a: Umbreon|87\/100|[from] item: Leftovers\n|-heal|p2a: Dondozo|75\/100 slp|[from] item: Leftovers\n|upkeep\n|turn|32\n|\n|t:|1699558278\n|move|p1a: Umbreon|Foul Play|p2a: Dondozo\n|-damage|p2a: Dondozo|58\/100 slp\n|-curestatus|p2a: Dondozo|slp|[msg]\n|move|p2a: Dondozo|Curse|p2a: Dondozo\n|-unboost|p2a: Dondozo|spe|1\n|-boost|p2a: Dondozo|atk|1\n|-boost|p2a: Dondozo|def|1\n|\n|-heal|p1a: Umbreon|93\/100|[from] item: Leftovers\n|-heal|p2a: Dondozo|64\/100|[from] item: Leftovers\n|upkeep\n|turn|33\n|\n|t:|1699558291\n|move|p1a: Umbreon|Wish|p1a: Umbreon\n|move|p2a: Dondozo|Curse|p2a: Dondozo\n|-unboost|p2a: Dondozo|spe|1\n|-boost|p2a: Dondozo|atk|1\n|-boost|p2a: Dondozo|def|1\n|\n|-heal|p1a: Umbreon|99\/100|[from] item: Leftovers\n|-heal|p2a: Dondozo|70\/100|[from] item: Leftovers\n|upkeep\n|turn|34\n|\n|t:|1699558313\n|move|p1a: Umbreon|Foul Play|p2a: Dondozo\n|-damage|p2a: Dondozo|59\/100\n|move|p2a: Dondozo|Curse|p2a: Dondozo\n|-unboost|p2a: Dondozo|spe|1\n|-boost|p2a: Dondozo|atk|1\n|-boost|p2a: Dondozo|def|1\n|\n|-heal|p1a: Umbreon|100\/100|[from] move: Wish|[wisher] Umbreon\n|-heal|p2a: Dondozo|65\/100|[from] item: Leftovers\n|upkeep\n|turn|35\n|\n|t:|1699558335\n|move|p1a: Umbreon|Foul Play|p2a: Dondozo\n|-damage|p2a: Dondozo|56\/100\n|move|p2a: Dondozo|Liquidation|p1a: Umbreon\n|-damage|p1a: Umbreon|0 fnt\n|faint|p1a: Umbreon\n|\n|win|hightopfade69\n|raw|RaXel04's rating: 1193 &rarr; <strong>1171<\/strong><br \/>(-22 for losing)\n|raw|hightopfade69's rating: 1233 &rarr; <strong>1255<\/strong><br \/>(+22 for winning)\n","uploadtime":1699558342,"views":31,"p1id":"raxel04","p2id":"hightopfade69","formatid":"gen9nationaldex","rating":1171,"private":0,"password":""}