{"id":"gen9nationaldex-1992446405","p1":"daniel241595","p2":"Kat_XIII","format":"[Gen 9] National Dex","log":"|j|\u2606daniel241595\n|j|\u2606Kat_XIII\n|t:|1700188592\n|gametype|singles\n|player|p1|daniel241595|gambler|1480\n|player|p2|Kat_XIII|rood|1607\n|teamsize|p1|6\n|teamsize|p2|6\n|gen|9\n|tier|[Gen 9] National Dex\n|rated|\n|rule|HP Percentage Mod: HP is shown in percentages\n|rule|Endless Battle Clause: Forcing endless battles is banned\n|rule|OHKO Clause: OHKO moves are banned\n|rule|Evasion Clause: Evasion abilities, items, and moves are banned\n|rule|Evasion Abilities Clause: Evasion abilities are banned\n|rule|Evasion Items Clause: Evasion items are banned\n|rule|Evasion Moves Clause: Evasion moves are banned\n|rule|Species Clause: Limit one of each Pok\u00e9mon\n|rule|Sleep Clause Mod: Limit one foe put to sleep\n|clearpoke\n|poke|p1|Arcanine, M|\n|poke|p1|Flygon, F|\n|poke|p1|Empoleon, M|\n|poke|p1|Eelektross, F|\n|poke|p1|Florges, F|\n|poke|p1|Kleavor, M|\n|poke|p2|Volcarona, M|\n|poke|p2|Glimmora, M|\n|poke|p2|Ogerpon-Wellspring, F|\n|poke|p2|Iron Valiant|\n|poke|p2|Scizor, F|\n|poke|p2|Kommo-o, M|\n|teampreview\n|inactive|Battle timer is ON: inactive players will automatically lose when time's up. (requested by Kat_XIII)\n|c|\u2606Kat_XIII|glhf\n|\n|t:|1700188616\n|start\n|switch|p1a: Empoleon|Empoleon, M|100\/100\n|switch|p2a: Glimmora|Glimmora, M|100\/100\n|turn|1\n|\n|t:|1700188619\n|move|p2a: Glimmora|Stealth Rock|p1a: Empoleon\n|-sidestart|p1: daniel241595|move: Stealth Rock\n|move|p1a: Empoleon|Scald|p2a: Glimmora\n|-supereffective|p2a: Glimmora\n|-damage|p2a: Glimmora|20\/100\n|\n|upkeep\n|turn|2\n|\n|t:|1700188629\n|move|p2a: Glimmora|Earth Power|p1a: Empoleon\n|-supereffective|p1a: Empoleon\n|-damage|p1a: Empoleon|45\/100\n|move|p1a: Empoleon|Ice Beam|p2a: Glimmora\n|-damage|p2a: Glimmora|0 fnt\n|faint|p2a: Glimmora\n|\n|upkeep\n|\n|t:|1700188654\n|switch|p2a: Iron Valiant|Iron Valiant|100\/100\n|turn|3\n|\n|t:|1700188660\n|switch|p1a: Florges|Florges, F|100\/100\n|-damage|p1a: Florges|88\/100|[from] Stealth Rock\n|move|p2a: Iron Valiant|Thunderbolt|p1a: Florges\n|-damage|p1a: Florges|71\/100\n|\n|-heal|p1a: Florges|77\/100|[from] item: Leftovers\n|upkeep\n|turn|4\n|\n|t:|1700188673\n|-end|p2a: Iron Valiant|Quark Drive|[silent]\n|switch|p2a: Scizor|Scizor, F|100\/100\n|move|p1a: Florges|Wish|p1a: Florges\n|\n|-heal|p1a: Florges|83\/100|[from] item: Leftovers\n|upkeep\n|turn|5\n|\n|t:|1700188679\n|switch|p1a: Empoleon|Empoleon, M|45\/100\n|-damage|p1a: Empoleon|39\/100|[from] Stealth Rock\n|move|p2a: Scizor|Swords Dance|p2a: Scizor\n|-boost|p2a: Scizor|atk|2\n|\n|-heal|p1a: Empoleon|87\/100|[from] move: Wish|[wisher] Florges\n|upkeep\n|turn|6\n|\n|t:|1700188686\n|detailschange|p2a: Scizor|Scizor-Mega, F\n|-mega|p2a: Scizor|Scizor|Scizorite\n|move|p2a: Scizor|Swords Dance|p2a: Scizor\n|-boost|p2a: Scizor|atk|2\n|move|p1a: Empoleon|Defog|p2a: Scizor\n|-unboost|p2a: Scizor|evasion|1\n|-sideend|p1: daniel241595|Stealth Rock|[from] move: Defog|[of] p1a: Empoleon\n|\n|upkeep\n|turn|7\n|\n|t:|1700188693\n|move|p2a: Scizor|Swords Dance|p2a: Scizor\n|-boost|p2a: Scizor|atk|2\n|move|p1a: Empoleon|Scald|p2a: Scizor\n|-crit|p2a: Scizor\n|-damage|p2a: Scizor|58\/100\n|\n|upkeep\n|turn|8\n|\n|t:|1700188695\n|move|p2a: Scizor|Roost|p2a: Scizor\n|-heal|p2a: Scizor|100\/100\n|-singleturn|p2a: Scizor|move: Roost\n|move|p1a: Empoleon|Scald|p2a: Scizor\n|-damage|p2a: Scizor|72\/100\n|\n|upkeep\n|turn|9\n|\n|t:|1700188698\n|move|p2a: Scizor|Bullet Punch|p1a: Empoleon\n|-resisted|p1a: Empoleon\n|-damage|p1a: Empoleon|66\/100\n|move|p1a: Empoleon|Scald|p2a: Scizor\n|-damage|p2a: Scizor|45\/100\n|-status|p2a: Scizor|brn\n|\n|-damage|p2a: Scizor|39\/100 brn|[from] brn\n|upkeep\n|turn|10\n|\n|t:|1700188711\n|move|p2a: Scizor|Bullet Punch|p1a: Empoleon\n|-resisted|p1a: Empoleon\n|-damage|p1a: Empoleon|56\/100\n|move|p1a: Empoleon|Scald|p2a: Scizor\n|-damage|p2a: Scizor|10\/100 brn\n|\n|-damage|p2a: Scizor|3\/100 brn|[from] brn\n|upkeep\n|turn|11\n|\n|t:|1700188716\n|move|p2a: Scizor|Bullet Punch|p1a: Empoleon\n|-resisted|p1a: Empoleon\n|-crit|p1a: Empoleon\n|-damage|p1a: Empoleon|39\/100\n|move|p1a: Empoleon|Roost|p1a: Empoleon\n|-heal|p1a: Empoleon|89\/100\n|-singleturn|p1a: Empoleon|move: Roost\n|\n|-damage|p2a: Scizor|0 fnt|[from] brn\n|faint|p2a: Scizor\n|upkeep\n|\n|t:|1700188733\n|switch|p2a: Ogerpon|Ogerpon-Wellspring, F|100\/100\n|turn|12\n|\n|t:|1700188741\n|move|p2a: Ogerpon|Swords Dance|p2a: Ogerpon\n|-boost|p2a: Ogerpon|atk|2\n|move|p1a: Empoleon|Ice Beam|p2a: Ogerpon\n|-damage|p2a: Ogerpon|76\/100\n|\n|upkeep\n|turn|13\n|\n|t:|1700188746\n|move|p2a: Ogerpon|Power Whip|p1a: Empoleon\n|-damage|p1a: Empoleon|0 fnt\n|faint|p1a: Empoleon\n|\n|upkeep\n|\n|t:|1700188756\n|switch|p1a: Kleavor|Kleavor, M|100\/100\n|turn|14\n|\n|t:|1700188758\n|move|p1a: Kleavor|U-turn|p2a: Ogerpon\n|-supereffective|p2a: Ogerpon\n|-damage|p2a: Ogerpon|0 fnt\n|faint|p2a: Ogerpon\n|\n|t:|1700188765\n|switch|p1a: Eelektross|Eelektross, F|100\/100|[from] U-turn\n|\n|upkeep\n|\n|t:|1700188768\n|switch|p2a: Kommo-o|Kommo-o, M|100\/100\n|turn|15\n|\n|t:|1700188770\n|move|p2a: Kommo-o|Flash Cannon|p1a: Eelektross\n|-resisted|p1a: Eelektross\n|-damage|p1a: Eelektross|94\/100\n|move|p1a: Eelektross|Dragon Tail|p2a: Kommo-o\n|-supereffective|p2a: Kommo-o\n|-damage|p2a: Kommo-o|77\/100\n|drag|p2a: Volcarona|Volcarona, M|100\/100\n|\n|upkeep\n|turn|16\n|\n|t:|1700188776\n|move|p2a: Volcarona|Fiery Dance|p1a: Eelektross\n|-damage|p1a: Eelektross|61\/100\n|-boost|p2a: Volcarona|spa|1\n|move|p1a: Eelektross|Volt Switch|p2a: Volcarona\n|-damage|p2a: Volcarona|62\/100\n|\n|t:|1700188787\n|switch|p1a: Kleavor|Kleavor, M|100\/100|[from] Volt Switch\n|\n|upkeep\n|turn|17\n|\n|t:|1700188795\n|move|p1a: Kleavor|Stone Axe|p2a: Volcarona\n|-supereffective|p2a: Volcarona\n|-damage|p2a: Volcarona|0 fnt\n|-sidestart|p2: Kat_XIII|move: Stealth Rock\n|faint|p2a: Volcarona\n|\n|upkeep\n|\n|t:|1700188797\n|switch|p2a: Kommo-o|Kommo-o, M|77\/100\n|-damage|p2a: Kommo-o|71\/100|[from] Stealth Rock\n|turn|18\n|\n|t:|1700188810\n|switch|p1a: Florges|Florges, F|83\/100\n|-zpower|p2a: Kommo-o\n|move|p2a: Kommo-o|Clangorous Soulblaze|p1a: Florges|[zeffect]\n|-immune|p1a: Florges\n|\n|-heal|p1a: Florges|89\/100|[from] item: Leftovers\n|upkeep\n|turn|19\n|\n|t:|1700188815\n|move|p2a: Kommo-o|Flash Cannon|p1a: Florges\n|-supereffective|p1a: Florges\n|-damage|p1a: Florges|63\/100\n|move|p1a: Florges|Moonblast|p2a: Kommo-o\n|-supereffective|p2a: Kommo-o\n|-crit|p2a: Kommo-o\n|-damage|p2a: Kommo-o|0 fnt\n|faint|p2a: Kommo-o\n|\n|-heal|p1a: Florges|70\/100|[from] item: Leftovers\n|upkeep\n|-message|Kat_XIII forfeited.\n|\n|win|daniel241595\n|raw|daniel241595's rating: 1480 &rarr; <strong>1507<\/strong><br \/>(+27 for winning)\n|raw|Kat_XIII's rating: 1607 &rarr; <strong>1580<\/strong><br \/>(-27 for losing)\n|l|\u2606Kat_XIII\n","uploadtime":1700188823,"views":18,"p1id":"daniel241595","p2id":"katxiii","formatid":"gen9nationaldex","rating":1507,"private":0,"password":""}