{"id":"gen9nationaldex-1992411650","p1":"bosskingeee","p2":"1fdgh","format":"[Gen 9] National Dex","log":"|j|\u2606bosskingeee\n|j|\u26061fdgh\n|t:|1700184480\n|gametype|singles\n|player|p1|bosskingeee|102|1510\n|player|p2|1fdgh|265|1408\n|teamsize|p1|6\n|teamsize|p2|6\n|gen|9\n|tier|[Gen 9] National Dex\n|rated|\n|rule|HP Percentage Mod: HP is shown in percentages\n|rule|Endless Battle Clause: Forcing endless battles is banned\n|rule|OHKO Clause: OHKO moves are banned\n|rule|Evasion Clause: Evasion abilities, items, and moves are banned\n|rule|Evasion Abilities Clause: Evasion abilities are banned\n|rule|Evasion Items Clause: Evasion items are banned\n|rule|Evasion Moves Clause: Evasion moves are banned\n|rule|Species Clause: Limit one of each Pok\u00e9mon\n|rule|Sleep Clause Mod: Limit one foe put to sleep\n|clearpoke\n|poke|p1|Tapu Lele|\n|poke|p1|Zamazenta-*|\n|poke|p1|Heatran, F|\n|poke|p1|Garganacl, M|\n|poke|p1|Latias, F|\n|poke|p1|Comfey, M|\n|poke|p2|Garchomp, F|\n|poke|p2|Celesteela|\n|poke|p2|Sceptile, F|\n|poke|p2|Aegislash, M|\n|poke|p2|Altaria, F|\n|poke|p2|Tapu Lele|\n|teampreview\n|inactive|Battle timer is ON: inactive players will automatically lose when time's up. (requested by 1fdgh)\n|\n|t:|1700184489\n|start\n|switch|p1a: Tapu Lele|Tapu Lele|100\/100\n|switch|p2a: Post|Tapu Lele|100\/100\n|-fieldstart|move: Psychic Terrain|[from] ability: Psychic Surge|[of] p1a: Tapu Lele\n|turn|1\n|\n|t:|1700184497\n|move|p1a: Tapu Lele|Moonblast|p2a: Post\n|-damage|p2a: Post|53\/100\n|move|p2a: Post|Moonblast|p1a: Tapu Lele\n|-damage|p1a: Tapu Lele|60\/100\n|\n|upkeep\n|turn|2\n|\n|t:|1700184504\n|switch|p2a: Utopia|Celesteela|100\/100\n|move|p1a: Tapu Lele|Moonblast|p2a: Utopia\n|-resisted|p2a: Utopia\n|-damage|p2a: Utopia|76\/100\n|-unboost|p2a: Utopia|spa|1\n|\n|upkeep\n|turn|3\n|\n|t:|1700184513\n|-zpower|p1a: Tapu Lele\n|move|p1a: Tapu Lele|Shattered Psyche|p2a: Utopia|[zeffect]\n|-resisted|p2a: Utopia\n|-damage|p2a: Utopia|20\/100\n|-enditem|p2a: Utopia|Aguav Berry|[eat]\n|-heal|p2a: Utopia|53\/100|[from] item: Aguav Berry\n|move|p2a: Utopia|Flash Cannon|p1a: Tapu Lele\n|-supereffective|p1a: Tapu Lele\n|-damage|p1a: Tapu Lele|14\/100\n|\n|upkeep\n|turn|4\n|\n|t:|1700184524\n|move|p1a: Tapu Lele|Future Sight|p2a: Utopia\n|-start|p1a: Tapu Lele|move: Future Sight\n|move|p2a: Utopia|Flash Cannon|p1a: Tapu Lele\n|-supereffective|p1a: Tapu Lele\n|-damage|p1a: Tapu Lele|0 fnt\n|faint|p1a: Tapu Lele\n|-ability|p2a: Utopia|Beast Boost|boost\n|-boost|p2a: Utopia|spa|1\n|\n|upkeep\n|\n|t:|1700184535\n|switch|p1a: Heatran|Heatran, F|100\/100\n|turn|5\n|\n|t:|1700184542\n|switch|p2a: Biophilla|Garchomp, F|100\/100\n|move|p1a: Heatran|Magma Storm|p2a: Biophilla\n|-resisted|p2a: Biophilla\n|-damage|p2a: Biophilla|81\/100\n|-activate|p2a: Biophilla|move: Magma Storm|[of] p1a: Heatran\n|\n|-damage|p2a: Biophilla|69\/100|[from] move: Magma Storm|[partiallytrapped]\n|-fieldend|move: Psychic Terrain\n|upkeep\n|turn|6\n|\n|t:|1700184555\n|-terastallize|p1a: Heatran|Grass\n|move|p2a: Biophilla|Earthquake|p1a: Heatran\n|-resisted|p1a: Heatran\n|-damage|p1a: Heatran|78\/100\n|move|p1a: Heatran|Stealth Rock|p2a: Biophilla\n|-sidestart|p2: 1fdgh|move: Stealth Rock\n|\n|-end|p2a: Biophilla|move: Future Sight\n|-damage|p2a: Biophilla|23\/100\n|-heal|p1a: Heatran|84\/100|[from] item: Leftovers\n|-damage|p2a: Biophilla|10\/100|[from] move: Magma Storm|[partiallytrapped]\n|upkeep\n|turn|7\n|\n|t:|1700184569\n|move|p2a: Biophilla|Dragon Claw|p1a: Heatran\n|-damage|p1a: Heatran|49\/100\n|move|p1a: Heatran|Magma Storm|p2a: Biophilla\n|-resisted|p2a: Biophilla\n|-damage|p2a: Biophilla|0 fnt\n|faint|p2a: Biophilla\n|\n|-heal|p1a: Heatran|55\/100|[from] item: Leftovers\n|upkeep\n|\n|t:|1700184586\n|switch|p2a: Post|Tapu Lele|53\/100\n|-damage|p2a: Post|41\/100|[from] Stealth Rock\n|-fieldstart|move: Psychic Terrain|[from] ability: Psychic Surge|[of] p2a: Post\n|turn|8\n|\n|t:|1700184592\n|move|p2a: Post|Moonblast|p1a: Heatran\n|-damage|p1a: Heatran|20\/100\n|move|p1a: Heatran|Magma Storm|p2a: Post\n|-damage|p2a: Post|0 fnt\n|faint|p2a: Post\n|\n|-heal|p1a: Heatran|26\/100|[from] item: Leftovers\n|upkeep\n|\n|t:|1700184601\n|switch|p2a: Fossora|Sceptile, F|100\/100\n|-damage|p2a: Fossora|88\/100|[from] Stealth Rock\n|turn|9\n|\n|t:|1700184606\n|move|p2a: Fossora|Hidden Power|p1a: Heatran\n|-start|p1a: Heatran|ability: Flash Fire\n|move|p1a: Heatran|Magma Storm|p2a: Fossora\n|-supereffective|p2a: Fossora\n|-damage|p2a: Fossora|0 fnt\n|faint|p2a: Fossora\n|\n|-heal|p1a: Heatran|32\/100|[from] item: Leftovers\n|upkeep\n|\n|t:|1700184611\n|switch|p2a: Utopia|Celesteela|53\/100\n|-damage|p2a: Utopia|41\/100|[from] Stealth Rock\n|turn|10\n|\n|t:|1700184619\n|-terastallize|p2a: Utopia|Ground\n|move|p1a: Heatran|Magma Storm|p2a: Utopia\n|-damage|p2a: Utopia|0 fnt\n|faint|p2a: Utopia\n|\n|-heal|p1a: Heatran|39\/100|[from] item: Leftovers\n|upkeep\n|-message|1fdgh forfeited.\n|\n|win|bosskingeee\n|raw|bosskingeee's rating: 1510 &rarr; <strong>1524<\/strong><br \/>(+14 for winning)\n|raw|1fdgh's rating: 1408 &rarr; <strong>1394<\/strong><br \/>(-14 for losing)\n|l|\u26061fdgh\n","uploadtime":1700184634,"views":12,"p1id":"bosskingeee","p2id":"1fdgh","formatid":"gen9nationaldex","rating":1394,"private":0,"password":""}