{"id":"gen9nationaldex-1996884144","p1":"Klaus33","p2":"As cheu","format":"[Gen 9] National Dex","log":"|html|<div class=\"broadcast-blue\"><strong>[Gen 9] National Dex is currently suspecting Sneasler! For information on how to participate check out the <a href=\"https:\/\/www.smogon.com\/forums\/threads\/sv-national-dex-suspect-8-just-dance.3731534\/\">suspect thread<\/a>.<\/strong><\/div>\n|j|\u2606Klaus33\n|j|\u2606As cheu\n|t:|1700740077\n|gametype|singles\n|player|p1|Klaus33|benga|1737\n|player|p2|As cheu|officeworker|1880\n|teamsize|p1|6\n|teamsize|p2|6\n|gen|9\n|tier|[Gen 9] National Dex\n|rated|\n|rule|HP Percentage Mod: HP is shown in percentages\n|rule|Endless Battle Clause: Forcing endless battles is banned\n|rule|OHKO Clause: OHKO moves are banned\n|rule|Evasion Clause: Evasion abilities, items, and moves are banned\n|rule|Evasion Abilities Clause: Evasion abilities are banned\n|rule|Evasion Items Clause: Evasion items are banned\n|rule|Evasion Moves Clause: Evasion moves are banned\n|rule|Species Clause: Limit one of each Pok\u00e9mon\n|rule|Sleep Clause Mod: Limit one foe put to sleep\n|clearpoke\n|poke|p1|Alomomola, F|\n|poke|p1|Muk-Alola, M|\n|poke|p1|Skeledirge, M|\n|poke|p1|Mew|\n|poke|p1|Rillaboom, F|\n|poke|p1|Iron Treads|\n|poke|p2|Cloyster, M|\n|poke|p2|Umbreon, F|\n|poke|p2|Gardevoir, F|\n|poke|p2|Forretress, M|\n|poke|p2|Thundurus-Therian, M|\n|poke|p2|Sneasler, M|\n|teampreview\n|inactive|Battle timer is ON: inactive players will automatically lose when time's up. (requested by As cheu)\n|\n|t:|1700740110\n|start\n|switch|p1a: Iron Treads|Iron Treads|100\/100\n|switch|p2a: Forretress|Forretress, M|100\/100\n|-enditem|p1a: Iron Treads|Booster Energy\n|-activate|p1a: Iron Treads|ability: Quark Drive|[fromitem]\n|-start|p1a: Iron Treads|quarkdrivespe\n|turn|1\n|\n|t:|1700740114\n|move|p1a: Iron Treads|Stealth Rock|p2a: Forretress\n|-sidestart|p2: As cheu|move: Stealth Rock\n|move|p2a: Forretress|Earthquake|p1a: Iron Treads\n|-supereffective|p1a: Iron Treads\n|-damage|p1a: Iron Treads|63\/100\n|\n|upkeep\n|turn|2\n|\n|t:|1700740122\n|-end|p1a: Iron Treads|Quark Drive|[silent]\n|switch|p1a: Skeledirge|Skeledirge, M|100\/100\n|move|p2a: Forretress|Stealth Rock|p1a: Skeledirge\n|-sidestart|p1: Klaus33|move: Stealth Rock\n|\n|upkeep\n|turn|3\n|\n|t:|1700740129\n|-terastallize|p2a: Forretress|Fire\n|move|p1a: Skeledirge|Will-O-Wisp|p2a: Forretress\n|-immune|p2a: Forretress\n|move|p2a: Forretress|Toxic|p1a: Skeledirge\n|-status|p1a: Skeledirge|tox\n|\n|-damage|p1a: Skeledirge|94\/100 tox|[from] psn\n|upkeep\n|turn|4\n|\n|t:|1700740137\n|switch|p1a: Alomomola|Alomomola, F|100\/100\n|-damage|p1a: Alomomola|88\/100|[from] Stealth Rock\n|move|p2a: Forretress|Earthquake|p1a: Alomomola\n|-damage|p1a: Alomomola|71\/100\n|\n|upkeep\n|turn|5\n|\n|t:|1700740141\n|move|p1a: Alomomola|Wish|p1a: Alomomola\n|move|p2a: Forretress|Toxic|p1a: Alomomola\n|-status|p1a: Alomomola|tox\n|\n|-damage|p1a: Alomomola|65\/100 tox|[from] psn\n|upkeep\n|turn|6\n|\n|t:|1700740147\n|move|p1a: Alomomola|Flip Turn|p2a: Forretress\n|-supereffective|p2a: Forretress\n|-damage|p2a: Forretress|82\/100\n|-damage|p1a: Alomomola|49\/100 tox|[from] item: Rocky Helmet|[of] p2a: Forretress\n|\n|t:|1700740149\n|switch|p1a: Iron Treads|Iron Treads|63\/100|[from] Flip Turn\n|-damage|p1a: Iron Treads|60\/100|[from] Stealth Rock\n|move|p2a: Forretress|Rapid Spin|p1a: Iron Treads\n|-resisted|p1a: Iron Treads\n|-damage|p1a: Iron Treads|55\/100\n|-boost|p2a: Forretress|spe|1\n|-sideend|p2: As cheu|Stealth Rock|[from] move: Rapid Spin|[of] p2a: Forretress\n|\n|-heal|p1a: Iron Treads|100\/100|[from] move: Wish|[wisher] Alomomola\n|upkeep\n|turn|7\n|j| Cazavis\n|\n|t:|1700740165\n|move|p1a: Iron Treads|Rapid Spin|p2a: Forretress\n|-damage|p2a: Forretress|73\/100\n|-boost|p1a: Iron Treads|spe|1\n|-damage|p1a: Iron Treads|84\/100|[from] item: Rocky Helmet|[of] p2a: Forretress\n|-sideend|p1: Klaus33|Stealth Rock|[from] move: Rapid Spin|[of] p1a: Iron Treads\n|move|p2a: Forretress|Earthquake|p1a: Iron Treads\n|-supereffective|p1a: Iron Treads\n|-damage|p1a: Iron Treads|46\/100\n|\n|upkeep\n|turn|8\n|\n|t:|1700740171\n|move|p1a: Iron Treads|Earthquake|p2a: Forretress\n|-supereffective|p2a: Forretress\n|-damage|p2a: Forretress|18\/100\n|move|p2a: Forretress|Stealth Rock|p1a: Iron Treads\n|-sidestart|p1: Klaus33|move: Stealth Rock\n|\n|upkeep\n|turn|9\n|\n|t:|1700740178\n|move|p1a: Iron Treads|Stealth Rock|p2a: Forretress\n|-sidestart|p2: As cheu|move: Stealth Rock\n|move|p2a: Forretress|Earthquake|p1a: Iron Treads\n|-supereffective|p1a: Iron Treads\n|-damage|p1a: Iron Treads|8\/100\n|\n|upkeep\n|turn|10\n|\n|t:|1700740181\n|move|p1a: Iron Treads|Earthquake|p2a: Forretress\n|-supereffective|p2a: Forretress\n|-damage|p2a: Forretress|0 fnt\n|faint|p2a: Forretress\n|\n|upkeep\n|\n|t:|1700740184\n|switch|p2a: Sneasler|Sneasler, M|100\/100\n|-damage|p2a: Sneasler|95\/100|[from] Stealth Rock\n|turn|11\n|\n|t:|1700740190\n|-end|p1a: Iron Treads|Quark Drive|[silent]\n|switch|p1a: Skeledirge|Skeledirge, M|94\/100 tox\n|move|p2a: Sneasler|Close Combat|p1a: Skeledirge\n|-immune|p1a: Skeledirge\n|\n|-damage|p1a: Skeledirge|88\/100 tox|[from] psn\n|upkeep\n|turn|12\n|\n|t:|1700740197\n|switch|p2a: \u56e1\u56e1|Umbreon, F|100\/100\n|-damage|p2a: \u56e1\u56e1|88\/100|[from] Stealth Rock\n|move|p1a: Skeledirge|Torch Song|p2a: \u56e1\u56e1\n|-damage|p2a: \u56e1\u56e1|66\/100\n|-boost|p1a: Skeledirge|spa|1\n|\n|-heal|p2a: \u56e1\u56e1|72\/100|[from] item: Leftovers\n|-damage|p1a: Skeledirge|76\/100 tox|[from] psn\n|upkeep\n|turn|13\n|\n|t:|1700740202\n|switch|p1a: Alomomola|Alomomola, F|82\/100 tox\n|-damage|p1a: Alomomola|70\/100 tox|[from] Stealth Rock\n|move|p2a: \u56e1\u56e1|Foul Play|p1a: Alomomola\n|-damage|p1a: Alomomola|51\/100 tox\n|-damage|p2a: \u56e1\u56e1|55\/100|[from] item: Rocky Helmet|[of] p1a: Alomomola\n|\n|-heal|p2a: \u56e1\u56e1|61\/100|[from] item: Leftovers\n|-damage|p1a: Alomomola|45\/100 tox|[from] psn\n|upkeep\n|turn|14\n|\n|t:|1700740205\n|move|p1a: Alomomola|Wish|p1a: Alomomola\n|move|p2a: \u56e1\u56e1|Wish|p2a: \u56e1\u56e1\n|\n|-heal|p2a: \u56e1\u56e1|68\/100|[from] item: Leftovers\n|-damage|p1a: Alomomola|33\/100 tox|[from] psn\n|upkeep\n|turn|15\n|\n|t:|1700740209\n|move|p2a: \u56e1\u56e1|Protect|p2a: \u56e1\u56e1\n|-singleturn|p2a: \u56e1\u56e1|Protect\n|move|p1a: Alomomola|Flip Turn|p2a: \u56e1\u56e1\n|-activate|p2a: \u56e1\u56e1|move: Protect\n|\n|-heal|p1a: Alomomola|83\/100 tox|[from] move: Wish|[wisher] Alomomola\n|-heal|p2a: \u56e1\u56e1|100\/100|[from] move: Wish|[wisher] \u56e1\u56e1\n|-damage|p1a: Alomomola|64\/100 tox|[from] psn\n|upkeep\n|turn|16\n|\n|t:|1700740213\n|move|p2a: \u56e1\u56e1|Wish|p2a: \u56e1\u56e1\n|move|p1a: Alomomola|Wish|p1a: Alomomola\n|\n|-damage|p1a: Alomomola|40\/100 tox|[from] psn\n|upkeep\n|turn|17\n|\n|t:|1700740217\n|move|p1a: Alomomola|Flip Turn|p2a: \u56e1\u56e1\n|-damage|p2a: \u56e1\u56e1|91\/100\n|\n|t:|1700740228\n|switch|p1a: Muk|Muk-Alola, M|100\/100|[from] Flip Turn\n|-damage|p1a: Muk|88\/100|[from] Stealth Rock\n|move|p2a: \u56e1\u56e1|Foul Play|p1a: Muk\n|-resisted|p1a: Muk\n|-damage|p1a: Muk|58\/100\n|\n|-heal|p2a: \u56e1\u56e1|100\/100|[from] move: Wish|[wisher] \u56e1\u56e1\n|-heal|p1a: Muk|100\/100|[from] move: Wish|[wisher] Alomomola\n|upkeep\n|turn|18\n|\n|t:|1700740237\n|move|p2a: \u56e1\u56e1|Protect|p2a: \u56e1\u56e1\n|-singleturn|p2a: \u56e1\u56e1|Protect\n|move|p1a: Muk|Knock Off|p2a: \u56e1\u56e1\n|-activate|p2a: \u56e1\u56e1|move: Protect\n|\n|upkeep\n|turn|19\n|\n|t:|1700740243\n|move|p2a: \u56e1\u56e1|Wish|p2a: \u56e1\u56e1\n|move|p1a: Muk|Pursuit|p2a: \u56e1\u56e1\n|-resisted|p2a: \u56e1\u56e1\n|-damage|p2a: \u56e1\u56e1|94\/100\n|\n|-heal|p2a: \u56e1\u56e1|100\/100|[from] item: Leftovers\n|upkeep\n|turn|20\n|\n|t:|1700740248\n|move|p2a: \u56e1\u56e1|Foul Play|p1a: Muk\n|-resisted|p1a: Muk\n|-damage|p1a: Muk|69\/100\n|move|p1a: Muk|Knock Off|p2a: \u56e1\u56e1\n|-resisted|p2a: \u56e1\u56e1\n|-damage|p2a: \u56e1\u56e1|87\/100\n|-status|p2a: \u56e1\u56e1|psn|[from] ability: Poison Touch|[of] p1a: Muk\n|-activate|p2a: \u56e1\u56e1|ability: Synchronize\n|-immune|p1a: Muk\n|-enditem|p2a: \u56e1\u56e1|Leftovers|[from] move: Knock Off|[of] p1a: Muk\n|\n|-heal|p2a: \u56e1\u56e1|100\/100 psn|[from] move: Wish|[wisher] \u56e1\u56e1\n|-damage|p2a: \u56e1\u56e1|88\/100 psn|[from] psn\n|upkeep\n|turn|21\n|\n|t:|1700740252\n|switch|p1a: Alomomola|Alomomola, F|73\/100 tox\n|-damage|p1a: Alomomola|61\/100 tox|[from] Stealth Rock\n|move|p2a: \u56e1\u56e1|Heal Bell|p2a: \u56e1\u56e1\n|-activate|p2a: \u56e1\u56e1|move: Heal Bell\n|-curestatus|p2a: \u56e1\u56e1|psn|[msg]\n|\n|-damage|p1a: Alomomola|54\/100 tox|[from] psn\n|upkeep\n|turn|22\n|\n|t:|1700740255\n|move|p2a: \u56e1\u56e1|Wish|p2a: \u56e1\u56e1\n|move|p1a: Alomomola|Wish|p1a: Alomomola\n|\n|-damage|p1a: Alomomola|42\/100 tox|[from] psn\n|upkeep\n|turn|23\n|\n|t:|1700740259\n|move|p1a: Alomomola|Flip Turn|p2a: \u56e1\u56e1\n|-damage|p2a: \u56e1\u56e1|79\/100\n|\n|t:|1700740265\n|switch|p1a: Muk|Muk-Alola, M|69\/100|[from] Flip Turn\n|-damage|p1a: Muk|57\/100|[from] Stealth Rock\n|move|p2a: \u56e1\u56e1|Foul Play|p1a: Muk\n|-resisted|p1a: Muk\n|-damage|p1a: Muk|30\/100\n|\n|-heal|p2a: \u56e1\u56e1|100\/100|[from] move: Wish|[wisher] \u56e1\u56e1\n|-heal|p1a: Muk|100\/100|[from] move: Wish|[wisher] Alomomola\n|upkeep\n|turn|24\n|\n|t:|1700740281\n|move|p2a: \u56e1\u56e1|Wish|p2a: \u56e1\u56e1\n|move|p1a: Muk|Knock Off|p2a: \u56e1\u56e1\n|-resisted|p2a: \u56e1\u56e1\n|-damage|p2a: \u56e1\u56e1|91\/100\n|\n|upkeep\n|turn|25\n|\n|t:|1700740285\n|move|p2a: \u56e1\u56e1|Foul Play|p1a: Muk\n|-resisted|p1a: Muk\n|-damage|p1a: Muk|71\/100\n|move|p1a: Muk|Knock Off|p2a: \u56e1\u56e1\n|-resisted|p2a: \u56e1\u56e1\n|-damage|p2a: \u56e1\u56e1|81\/100\n|\n|-heal|p2a: \u56e1\u56e1|100\/100|[from] move: Wish|[wisher] \u56e1\u56e1\n|upkeep\n|turn|26\n|\n|t:|1700740288\n|switch|p1a: Alomomola|Alomomola, F|75\/100 tox\n|-damage|p1a: Alomomola|63\/100 tox|[from] Stealth Rock\n|move|p2a: \u56e1\u56e1|Foul Play|p1a: Alomomola\n|-damage|p1a: Alomomola|43\/100 tox\n|-damage|p2a: \u56e1\u56e1|84\/100|[from] item: Rocky Helmet|[of] p1a: Alomomola\n|\n|-damage|p1a: Alomomola|37\/100 tox|[from] psn\n|upkeep\n|turn|27\n|\n|t:|1700740291\n|move|p2a: \u56e1\u56e1|Foul Play|p1a: Alomomola\n|-damage|p1a: Alomomola|18\/100 tox\n|-damage|p2a: \u56e1\u56e1|68\/100|[from] item: Rocky Helmet|[of] p1a: Alomomola\n|move|p1a: Alomomola|Wish|p1a: Alomomola\n|\n|-damage|p1a: Alomomola|6\/100 tox|[from] psn\n|upkeep\n|turn|28\n|\n|t:|1700740293\n|move|p1a: Alomomola|Protect|p1a: Alomomola\n|-singleturn|p1a: Alomomola|Protect\n|move|p2a: \u56e1\u56e1|Foul Play|p1a: Alomomola\n|-activate|p1a: Alomomola|move: Protect\n|\n|-heal|p1a: Alomomola|56\/100 tox|[from] move: Wish|[wisher] Alomomola\n|-damage|p1a: Alomomola|37\/100 tox|[from] psn\n|upkeep\n|turn|29\n|\n|t:|1700740297\n|move|p1a: Alomomola|Flip Turn|p2a: \u56e1\u56e1\n|-damage|p2a: \u56e1\u56e1|58\/100\n|\n|t:|1700740302\n|switch|p1a: Mew|Mew|100\/100|[from] Flip Turn\n|-damage|p1a: Mew|88\/100|[from] Stealth Rock\n|move|p2a: \u56e1\u56e1|Foul Play|p1a: Mew\n|-supereffective|p1a: Mew\n|-damage|p1a: Mew|45\/100\n|\n|upkeep\n|turn|30\n|\n|t:|1700740305\n|move|p1a: Mew|Roost|p1a: Mew\n|-heal|p1a: Mew|95\/100\n|-singleturn|p1a: Mew|move: Roost\n|move|p2a: \u56e1\u56e1|Wish|p2a: \u56e1\u56e1\n|\n|upkeep\n|turn|31\n|\n|t:|1700740309\n|move|p1a: Mew|Cosmic Power|p1a: Mew\n|-boost|p1a: Mew|def|1\n|-boost|p1a: Mew|spd|1\n|move|p2a: \u56e1\u56e1|Foul Play|p1a: Mew\n|-supereffective|p1a: Mew\n|-damage|p1a: Mew|68\/100\n|\n|-heal|p2a: \u56e1\u56e1|100\/100|[from] move: Wish|[wisher] \u56e1\u56e1\n|upkeep\n|turn|32\n|\n|t:|1700740311\n|switch|p2a: Sneasler|Sneasler, M|95\/100\n|-damage|p2a: Sneasler|89\/100|[from] Stealth Rock\n|move|p1a: Mew|Cosmic Power|p1a: Mew\n|-boost|p1a: Mew|def|1\n|-boost|p1a: Mew|spd|1\n|\n|upkeep\n|turn|33\n|\n|t:|1700740314\n|move|p2a: Sneasler|Switcheroo|p1a: Mew\n|-activate|p2a: Sneasler|move: Trick|[of] p1a: Mew\n|-item|p1a: Mew|Choice Scarf|[from] move: Switcheroo\n|-item|p2a: Sneasler|Covert Cloak|[from] move: Switcheroo\n|move|p1a: Mew|Stored Power|p2a: Sneasler\n|-supereffective|p2a: Sneasler\n|-damage|p2a: Sneasler|0 fnt\n|faint|p2a: Sneasler\n|\n|upkeep\n|\n|t:|1700740319\n|switch|p2a: \u56e1\u56e1|Umbreon, F|100\/100\n|-damage|p2a: \u56e1\u56e1|88\/100|[from] Stealth Rock\n|turn|34\n|\n|t:|1700740326\n|switch|p1a: Alomomola|Alomomola, F|71\/100 tox\n|-damage|p1a: Alomomola|58\/100 tox|[from] Stealth Rock\n|move|p2a: \u56e1\u56e1|Foul Play|p1a: Alomomola\n|-crit|p1a: Alomomola\n|-damage|p1a: Alomomola|29\/100 tox\n|-damage|p2a: \u56e1\u56e1|72\/100|[from] item: Rocky Helmet|[of] p1a: Alomomola\n|\n|-damage|p1a: Alomomola|23\/100 tox|[from] psn\n|upkeep\n|turn|35\n|\n|t:|1700740330\n|move|p1a: Alomomola|Flip Turn|p2a: \u56e1\u56e1\n|-damage|p2a: \u56e1\u56e1|62\/100\n|\n|t:|1700740333\n|switch|p1a: Mew|Mew|68\/100|[from] Flip Turn\n|-damage|p1a: Mew|55\/100|[from] Stealth Rock\n|move|p2a: \u56e1\u56e1|Foul Play|p1a: Mew\n|-supereffective|p1a: Mew\n|-damage|p1a: Mew|13\/100\n|\n|upkeep\n|turn|36\n|\n|t:|1700740337\n|move|p2a: \u56e1\u56e1|Protect|p2a: \u56e1\u56e1\n|-singleturn|p2a: \u56e1\u56e1|Protect\n|move|p1a: Mew|Roost|p1a: Mew\n|-heal|p1a: Mew|63\/100\n|-singleturn|p1a: Mew|move: Roost\n|\n|upkeep\n|turn|37\n|\n|t:|1700740343\n|move|p1a: Mew|Roost|p1a: Mew\n|-heal|p1a: Mew|100\/100\n|-singleturn|p1a: Mew|move: Roost\n|move|p2a: \u56e1\u56e1|Wish|p2a: \u56e1\u56e1\n|\n|upkeep\n|turn|38\n|\n|t:|1700740357\n|switch|p1a: Alomomola|Alomomola, F|56\/100 tox\n|-damage|p1a: Alomomola|44\/100 tox|[from] Stealth Rock\n|move|p2a: \u56e1\u56e1|Foul Play|p1a: Alomomola\n|-damage|p1a: Alomomola|24\/100 tox\n|-damage|p2a: \u56e1\u56e1|46\/100|[from] item: Rocky Helmet|[of] p1a: Alomomola\n|\n|-heal|p2a: \u56e1\u56e1|96\/100|[from] move: Wish|[wisher] \u56e1\u56e1\n|-damage|p1a: Alomomola|18\/100 tox|[from] psn\n|upkeep\n|turn|39\n|\n|t:|1700740370\n|move|p2a: \u56e1\u56e1|Protect|p2a: \u56e1\u56e1\n|-singleturn|p2a: \u56e1\u56e1|Protect\n|move|p1a: Alomomola|Flip Turn|p2a: \u56e1\u56e1\n|-activate|p2a: \u56e1\u56e1|move: Protect\n|\n|-damage|p1a: Alomomola|5\/100 tox|[from] psn\n|upkeep\n|turn|40\n|\n|t:|1700740378\n|switch|p1a: Mew|Mew|100\/100\n|-damage|p1a: Mew|88\/100|[from] Stealth Rock\n|move|p2a: \u56e1\u56e1|Foul Play|p1a: Mew\n|-supereffective|p1a: Mew\n|-damage|p1a: Mew|42\/100\n|\n|upkeep\n|turn|41\n|\n|t:|1700740391\n|move|p2a: \u56e1\u56e1|Protect|p2a: \u56e1\u56e1\n|-singleturn|p2a: \u56e1\u56e1|Protect\n|move|p1a: Mew|Roost|p1a: Mew\n|-heal|p1a: Mew|92\/100\n|-singleturn|p1a: Mew|move: Roost\n|\n|upkeep\n|turn|42\n|\n|t:|1700740396\n|switch|p1a: Skeledirge|Skeledirge, M|76\/100 tox\n|switch|p2a: Thundurus|Thundurus-Therian, M|100\/100\n|\n|-damage|p1a: Skeledirge|70\/100 tox|[from] psn\n|upkeep\n|turn|43\n|\n|t:|1700740418\n|switch|p1a: Mew|Mew|92\/100\n|-damage|p1a: Mew|80\/100|[from] Stealth Rock\n|move|p2a: Thundurus|Thunderbolt|p1a: Mew\n|-damage|p1a: Mew|40\/100\n|\n|upkeep\n|turn|44\n|\n|t:|1700740431\n|move|p1a: Mew|Stored Power|p2a: Thundurus\n|-damage|p2a: Thundurus|90\/100\n|move|p2a: Thundurus|Nasty Plot|p2a: Thundurus\n|-boost|p2a: Thundurus|spa|2\n|\n|upkeep\n|turn|45\n|\n|t:|1700740435\n|move|p1a: Mew|Stored Power|p2a: Thundurus\n|-damage|p2a: Thundurus|81\/100\n|move|p2a: Thundurus|Thunderbolt|p1a: Mew\n|-damage|p1a: Mew|0 fnt\n|faint|p1a: Mew\n|\n|upkeep\n|\n|t:|1700740441\n|switch|p1a: Iron Treads|Iron Treads|8\/100\n|-damage|p1a: Iron Treads|5\/100|[from] Stealth Rock\n|turn|46\n|\n|t:|1700740444\n|move|p1a: Iron Treads|Rapid Spin|p2a: Thundurus\n|-damage|p2a: Thundurus|58\/100\n|-boost|p1a: Iron Treads|spe|1\n|-sideend|p1: Klaus33|Stealth Rock|[from] move: Rapid Spin|[of] p1a: Iron Treads\n|move|p2a: Thundurus|Hidden Power|p1a: Iron Treads\n|-damage|p1a: Iron Treads|0 fnt\n|faint|p1a: Iron Treads\n|-end|p1a: Iron Treads|Quark Drive|[silent]\n|\n|upkeep\n|\n|t:|1700740459\n|switch|p1a: Muk|Muk-Alola, M|71\/100\n|turn|47\n|\n|t:|1700740461\n|move|p2a: Thundurus|Thunderbolt|p1a: Muk\n|-damage|p1a: Muk|20\/100\n|move|p1a: Muk|Poison Jab|p2a: Thundurus\n|-damage|p2a: Thundurus|0 fnt\n|faint|p2a: Thundurus\n|\n|upkeep\n|\n|t:|1700740469\n|switch|p2a: \u56e1\u56e1|Umbreon, F|96\/100\n|-damage|p2a: \u56e1\u56e1|83\/100|[from] Stealth Rock\n|turn|48\n|\n|t:|1700740472\n|switch|p1a: Alomomola|Alomomola, F|39\/100 tox\n|move|p2a: \u56e1\u56e1|Foul Play|p1a: Alomomola\n|-damage|p1a: Alomomola|19\/100 tox\n|-damage|p2a: \u56e1\u56e1|67\/100|[from] item: Rocky Helmet|[of] p1a: Alomomola\n|\n|-damage|p1a: Alomomola|13\/100 tox|[from] psn\n|upkeep\n|turn|49\n|\n|t:|1700740476\n|switch|p1a: Skeledirge|Skeledirge, M|70\/100 tox\n|move|p2a: \u56e1\u56e1|Foul Play|p1a: Skeledirge\n|-supereffective|p1a: Skeledirge\n|-damage|p1a: Skeledirge|46\/100 tox\n|\n|-damage|p1a: Skeledirge|40\/100 tox|[from] psn\n|upkeep\n|turn|50\n|\n|t:|1700740478\n|move|p1a: Skeledirge|Slack Off|p1a: Skeledirge\n|-heal|p1a: Skeledirge|90\/100 tox\n|move|p2a: \u56e1\u56e1|Wish|p2a: \u56e1\u56e1\n|\n|-damage|p1a: Skeledirge|78\/100 tox|[from] psn\n|upkeep\n|turn|51\n|\n|t:|1700740482\n|switch|p1a: Alomomola|Alomomola, F|46\/100 tox\n|move|p2a: \u56e1\u56e1|Foul Play|p1a: Alomomola\n|-damage|p1a: Alomomola|27\/100 tox\n|-damage|p2a: \u56e1\u56e1|50\/100|[from] item: Rocky Helmet|[of] p1a: Alomomola\n|\n|-heal|p2a: \u56e1\u56e1|99\/100|[from] move: Wish|[wisher] \u56e1\u56e1\n|-damage|p1a: Alomomola|21\/100 tox|[from] psn\n|upkeep\n|turn|52\n|\n|t:|1700740484\n|switch|p1a: Skeledirge|Skeledirge, M|78\/100 tox\n|move|p2a: \u56e1\u56e1|Protect||[still]\n|-fail|p2a: \u56e1\u56e1\n|\n|-damage|p1a: Skeledirge|72\/100 tox|[from] psn\n|upkeep\n|turn|53\n|\n|t:|1700740488\n|switch|p1a: Alomomola|Alomomola, F|54\/100 tox\n|move|p2a: \u56e1\u56e1|Wish|p2a: \u56e1\u56e1\n|\n|-damage|p1a: Alomomola|48\/100 tox|[from] psn\n|upkeep\n|turn|54\n|\n|t:|1700740490\n|switch|p2a: \u9b3c\u65af|Cloyster, M|100\/100\n|-damage|p2a: \u9b3c\u65af|76\/100|[from] Stealth Rock\n|move|p1a: Alomomola|Wish|p1a: Alomomola\n|\n|-heal|p2a: \u9b3c\u65af|100\/100|[from] move: Wish|[wisher] \u56e1\u56e1\n|-damage|p1a: Alomomola|36\/100 tox|[from] psn\n|upkeep\n|turn|55\n|j| Nomer16\n|\n|t:|1700740496\n|move|p2a: \u9b3c\u65af|Shell Smash|p2a: \u9b3c\u65af\n|-unboost|p2a: \u9b3c\u65af|def|1\n|-unboost|p2a: \u9b3c\u65af|spd|1\n|-boost|p2a: \u9b3c\u65af|atk|2\n|-boost|p2a: \u9b3c\u65af|spa|2\n|-boost|p2a: \u9b3c\u65af|spe|2\n|move|p1a: Alomomola|Flip Turn|p2a: \u9b3c\u65af\n|-resisted|p2a: \u9b3c\u65af\n|-damage|p2a: \u9b3c\u65af|91\/100\n|\n|t:|1700740498\n|switch|p1a: Skeledirge|Skeledirge, M|72\/100 tox|[from] Flip Turn\n|\n|-heal|p1a: Skeledirge|100\/100 tox|[from] move: Wish|[wisher] Alomomola\n|-damage|p1a: Skeledirge|94\/100 tox|[from] psn\n|upkeep\n|turn|56\n|\n|t:|1700740502\n|move|p2a: \u9b3c\u65af|Waterfall|p1a: Skeledirge\n|-supereffective|p1a: Skeledirge\n|-damage|p1a: Skeledirge|44\/100 tox\n|cant|p1a: Skeledirge|flinch\n|\n|-damage|p1a: Skeledirge|32\/100 tox|[from] psn\n|upkeep\n|turn|57\n|\n|t:|1700740530\n|switch|p1a: Muk|Muk-Alola, M|20\/100\n|move|p2a: \u9b3c\u65af|Icicle Spear|p1a: Muk\n|-damage|p1a: Muk|0 fnt\n|faint|p1a: Muk\n|-hitcount|p1: Muk|1\n|\n|upkeep\n|\n|t:|1700740532\n|switch|p1a: Rillaboom|Rillaboom, F|100\/100\n|-fieldstart|move: Grassy Terrain|[from] ability: Grassy Surge|[of] p1a: Rillaboom\n|turn|58\n|\n|t:|1700740539\n|-terastallize|p1a: Rillaboom|Grass\n|move|p2a: \u9b3c\u65af|Ice Shard|p1a: Rillaboom\n|-supereffective|p1a: Rillaboom\n|-crit|p1a: Rillaboom\n|-damage|p1a: Rillaboom|0 fnt\n|faint|p1a: Rillaboom\n|\n|-heal|p2a: \u9b3c\u65af|97\/100|[from] Grassy Terrain\n|upkeep\n|-message|Klaus33 forfeited.\n|\n|win|As cheu\n|raw|Klaus33's rating: 1737 &rarr; <strong>1725<\/strong><br \/>(-12 for losing)\n|raw|As cheu's rating: 1880 &rarr; <strong>1892<\/strong><br \/>(+12 for winning)\n|l|\u2606Klaus33\n","uploadtime":1700740548,"views":5,"p1id":"klaus33","p2id":"ascheu","formatid":"gen9nationaldex","rating":1725,"private":0,"password":""}