{"id":"gen9nationaldex-1988368939","p1":"Redjoejo","p2":"atanasoff x","format":"[Gen 9] National Dex","log":"|j|\u2606Redjoejo\n|j|\u2606atanasoff x\n|t:|1699714912\n|gametype|singles\n|player|p1|Redjoejo|n|1380\n|player|p2|atanasoff x|lance|1470\n|teamsize|p1|6\n|teamsize|p2|6\n|gen|9\n|tier|[Gen 9] National Dex\n|rated|\n|rule|HP Percentage Mod: HP is shown in percentages\n|rule|Endless Battle Clause: Forcing endless battles is banned\n|rule|OHKO Clause: OHKO moves are banned\n|rule|Evasion Clause: Evasion abilities, items, and moves are banned\n|rule|Evasion Abilities Clause: Evasion abilities are banned\n|rule|Evasion Items Clause: Evasion items are banned\n|rule|Evasion Moves Clause: Evasion moves are banned\n|rule|Species Clause: Limit one of each Pok\u00e9mon\n|rule|Sleep Clause Mod: Limit one foe put to sleep\n|clearpoke\n|poke|p1|Serperior, M|\n|poke|p1|Clodsire, F|\n|poke|p1|Tapu Fini|\n|poke|p1|Quaquaval, M|\n|poke|p1|Skeledirge, F|\n|poke|p1|Banette, F|\n|poke|p2|Sneasler, F|\n|poke|p2|Slurpuff, M|\n|poke|p2|Diancie|\n|poke|p2|Ogerpon-Wellspring, F|\n|poke|p2|Blacephalon|\n|poke|p2|Victini|\n|teampreview\n|inactive|Battle timer is ON: inactive players will automatically lose when time's up. (requested by Redjoejo)\n|inactive|Redjoejo has 120 seconds left.\n|\n|t:|1699714955\n|start\n|switch|p1a: \u72c2\u6b22\u6d6a\u821e\u9e2d|Quaquaval, M|100\/100\n|switch|p2a: Slurpuff|Slurpuff, M|100\/100\n|turn|1\n|\n|t:|1699714963\n|-zpower|p1a: \u72c2\u6b22\u6d6a\u821e\u9e2d\n|move|p1a: \u72c2\u6b22\u6d6a\u821e\u9e2d|All-Out Pummeling|p2a: Slurpuff|[zeffect]\n|-resisted|p2a: Slurpuff\n|-damage|p2a: Slurpuff|16\/100\n|move|p2a: Slurpuff|Sticky Web|p1a: \u72c2\u6b22\u6d6a\u821e\u9e2d\n|-sidestart|p1: Redjoejo|move: Sticky Web\n|\n|upkeep\n|turn|2\n|\n|t:|1699714979\n|move|p1a: \u72c2\u6b22\u6d6a\u821e\u9e2d|Aqua Step|p2a: Slurpuff\n|-damage|p2a: Slurpuff|0 fnt\n|-boost|p1a: \u72c2\u6b22\u6d6a\u821e\u9e2d|spe|1\n|faint|p2a: Slurpuff\n|-ability|p1a: \u72c2\u6b22\u6d6a\u821e\u9e2d|Moxie|boost\n|-boost|p1a: \u72c2\u6b22\u6d6a\u821e\u9e2d|atk|1\n|\n|upkeep\n|\n|t:|1699714982\n|switch|p2a: Sneasler|Sneasler, F|100\/100\n|turn|3\n|\n|t:|1699714991\n|move|p2a: Sneasler|Fake Out|p1a: \u72c2\u6b22\u6d6a\u821e\u9e2d\n|-enditem|p2a: Sneasler|Normal Gem|[from] gem\n|-damage|p1a: \u72c2\u6b22\u6d6a\u821e\u9e2d|75\/100\n|cant|p1a: \u72c2\u6b22\u6d6a\u821e\u9e2d|flinch\n|\n|upkeep\n|turn|4\n|inactive|Redjoejo has 120 seconds left.\n|\n|t:|1699715050\n|switch|p1a: \u6cbc\u738b|Clodsire, F|100\/100\n|-activate|p1a: \u6cbc\u738b|move: Sticky Web\n|-unboost|p1a: \u6cbc\u738b|spe|1\n|-terastallize|p2a: Sneasler|Flying\n|move|p2a: Sneasler|Acrobatics|p1a: \u6cbc\u738b\n|-damage|p1a: \u6cbc\u738b|33\/100\n|\n|-heal|p1a: \u6cbc\u738b|40\/100|[from] item: Leftovers\n|upkeep\n|turn|5\n|\n|t:|1699715066\n|move|p2a: Sneasler|Acrobatics|p1a: \u6cbc\u738b\n|-damage|p1a: \u6cbc\u738b|0 fnt\n|faint|p1a: \u6cbc\u738b\n|\n|upkeep\n|\n|t:|1699715070\n|switch|p1a: \u6028\u5f71|Banette, F|100\/100\n|-activate|p1a: \u6028\u5f71|move: Sticky Web\n|-unboost|p1a: \u6028\u5f71|spe|1\n|turn|6\n|\n|t:|1699715074\n|detailschange|p1a: \u6028\u5f71|Banette-Mega, F\n|-mega|p1a: \u6028\u5f71|Banette|Banettite\n|move|p1a: \u6028\u5f71|Destiny Bond|p1a: \u6028\u5f71\n|-singlemove|p1a: \u6028\u5f71|Destiny Bond\n|move|p2a: Sneasler|Dire Claw|p1a: \u6028\u5f71\n|-resisted|p1a: \u6028\u5f71\n|-damage|p1a: \u6028\u5f71|67\/100\n|\n|upkeep\n|turn|7\n|inactive|Redjoejo has 120 seconds left.\n|\n|t:|1699715085\n|move|p2a: Sneasler|Dire Claw|p1a: \u6028\u5f71\n|-resisted|p1a: \u6028\u5f71\n|-damage|p1a: \u6028\u5f71|31\/100\n|move|p1a: \u6028\u5f71|Knock Off|p2a: Sneasler\n|-damage|p2a: Sneasler|53\/100\n|\n|upkeep\n|turn|8\n|\n|t:|1699715097\n|move|p1a: \u6028\u5f71|Destiny Bond|p1a: \u6028\u5f71\n|-singlemove|p1a: \u6028\u5f71|Destiny Bond\n|move|p2a: Sneasler|Acrobatics|p1a: \u6028\u5f71\n|-damage|p1a: \u6028\u5f71|0 fnt\n|faint|p1a: \u6028\u5f71\n|-activate|p1a: \u6028\u5f71|move: Destiny Bond\n|faint|p2a: Sneasler\n|\n|upkeep\n|inactive|Redjoejo has 120 seconds left.\n|\n|t:|1699715141\n|switch|p2a: Victini|Victini|100\/100\n|switch|p1a: \u9e22\u9752|Serperior, M|100\/100\n|-activate|p1a: \u9e22\u9752|move: Sticky Web\n|-boost|p1a: \u9e22\u9752|spe|1\n|turn|9\n|\n|t:|1699715152\n|-terastallize|p1a: \u9e22\u9752|Rock\n|move|p1a: \u9e22\u9752|Leaf Storm|p2a: Victini\n|-resisted|p2a: Victini\n|-damage|p2a: Victini|86\/100\n|-boost|p1a: \u9e22\u9752|spa|2\n|move|p2a: Victini|Searing Shot|p1a: \u9e22\u9752\n|-resisted|p1a: \u9e22\u9752\n|-damage|p1a: \u9e22\u9752|80\/100\n|\n|upkeep\n|turn|10\n|\n|t:|1699715161\n|move|p1a: \u9e22\u9752|Leaf Storm|p2a: Victini\n|-resisted|p2a: Victini\n|-damage|p2a: Victini|52\/100\n|-boost|p1a: \u9e22\u9752|spa|2\n|-zpower|p2a: Victini\n|move|p2a: Victini|Z-Celebrate|p2a: Victini|[anim]Celebrate\n|-boost|p2a: Victini|atk|1|[zeffect]\n|-boost|p2a: Victini|def|1|[zeffect]\n|-boost|p2a: Victini|spa|1|[zeffect]\n|-boost|p2a: Victini|spd|1|[zeffect]\n|-boost|p2a: Victini|spe|1|[zeffect]\n|-activate|p2a: Victini|move: Celebrate\n|\n|upkeep\n|turn|11\n|\n|t:|1699715170\n|move|p1a: \u9e22\u9752|Leaf Storm|p2a: Victini\n|-resisted|p2a: Victini\n|-damage|p2a: Victini|18\/100\n|-boost|p1a: \u9e22\u9752|spa|2\n|move|p2a: Victini|Stored Power|p1a: \u9e22\u9752\n|-damage|p1a: \u9e22\u9752|3\/100\n|\n|upkeep\n|turn|12\n|\n|t:|1699715183\n|move|p1a: \u9e22\u9752|Leaf Storm|p2a: Victini\n|-resisted|p2a: Victini\n|-damage|p2a: Victini|0 fnt\n|faint|p2a: Victini\n|\n|upkeep\n|\n|t:|1699715189\n|switch|p2a: Blacephalon|Blacephalon|100\/100\n|turn|13\n|\n|t:|1699715192\n|move|p1a: \u9e22\u9752|Leaf Storm|p2a: Blacephalon\n|-resisted|p2a: Blacephalon\n|-damage|p2a: Blacephalon|0 fnt\n|faint|p2a: Blacephalon\n|\n|upkeep\n|\n|t:|1699715196\n|switch|p2a: Diancie|Diancie|100\/100\n|turn|14\n|\n|t:|1699715204\n|move|p1a: \u9e22\u9752|Leaf Storm|p2a: Diancie\n|-supereffective|p2a: Diancie\n|-damage|p2a: Diancie|0 fnt\n|faint|p2a: Diancie\n|\n|upkeep\n|\n|t:|1699715206\n|switch|p2a: Ogerpon|Ogerpon-Wellspring, F|100\/100\n|turn|15\n|\n|t:|1699715210\n|move|p1a: \u9e22\u9752|Leaf Storm|p2a: Ogerpon\n|-damage|p2a: Ogerpon|0 fnt\n|faint|p2a: Ogerpon\n|\n|win|Redjoejo\n|raw|Redjoejo's rating: 1380 &rarr; <strong>1405<\/strong><br \/>(+25 for winning)\n|raw|atanasoff x's rating: 1470 &rarr; <strong>1445<\/strong><br \/>(-25 for losing)\n|l|\u2606atanasoff x\n","uploadtime":1699715214,"views":4,"p1id":"redjoejo","p2id":"atanasoffx","formatid":"gen9nationaldex","rating":1405,"private":0,"password":""}