{"id":"gen9nationaldex-1996377653","p1":"Josedimaria10","p2":"Ryan96t","format":"[Gen 9] National Dex","log":"|html|<div class=\"broadcast-blue\"><strong>[Gen 9] National Dex is currently suspecting Sneasler! For information on how to participate check out the <a href=\"https:\/\/www.smogon.com\/forums\/threads\/sv-national-dex-suspect-8-just-dance.3731534\/\">suspect thread<\/a>.<\/strong><\/div>\n|j|\u2606Josedimaria10\n|j|\u2606Ryan96t\n|t:|1700676278\n|gametype|singles\n|player|p1|Josedimaria10|266|1189\n|player|p2|Ryan96t|2|1210\n|teamsize|p1|6\n|teamsize|p2|4\n|gen|9\n|tier|[Gen 9] National Dex\n|rated|\n|rule|HP Percentage Mod: HP is shown in percentages\n|rule|Endless Battle Clause: Forcing endless battles is banned\n|rule|OHKO Clause: OHKO moves are banned\n|rule|Evasion Clause: Evasion abilities, items, and moves are banned\n|rule|Evasion Abilities Clause: Evasion abilities are banned\n|rule|Evasion Items Clause: Evasion items are banned\n|rule|Evasion Moves Clause: Evasion moves are banned\n|rule|Species Clause: Limit one of each Pok\u00e9mon\n|rule|Sleep Clause Mod: Limit one foe put to sleep\n|clearpoke\n|poke|p1|Grimmsnarl, M|\n|poke|p1|Cinderace, F|\n|poke|p1|Landorus-Therian, M|\n|poke|p1|Manectric, F|\n|poke|p1|Sneasler, M|\n|poke|p1|Grafaiai, F|\n|poke|p2|Comfey, M|\n|poke|p2|Rillaboom, M|\n|poke|p2|Espeon, F|\n|poke|p2|Ninetales-Alola, M|\n|teampreview\n|inactive|Battle timer is ON: inactive players will automatically lose when time's up. (requested by Ryan96t)\n|\n|t:|1700676300\n|start\n|switch|p1a: Cinderace|Cinderace, F|100\/100\n|switch|p2a: Espeon|Espeon, F|100\/100\n|turn|1\n|\n|t:|1700676308\n|move|p1a: Cinderace|U-turn|p2a: Espeon\n|-start|p1a: Cinderace|typechange|Bug|[from] ability: Libero\n|-supereffective|p2a: Espeon\n|-damage|p2a: Espeon|0 fnt\n|faint|p2a: Espeon\n|\n|t:|1700676332\n|switch|p1a: Sneasler|Sneasler, M|100\/100|[from] U-turn\n|-ability|p1a: Sneasler|Pressure\n|\n|upkeep\n|\n|t:|1700676337\n|switch|p2a: Ninetales|Ninetales-Alola, M|100\/100\n|-weather|Snow|[from] ability: Snow Warning|[of] p2a: Ninetales\n|turn|2\n|\n|t:|1700676343\n|move|p2a: Ninetales|Aurora Veil|p2a: Ninetales\n|-sidestart|p2: Ryan96t|move: Aurora Veil\n|move|p1a: Sneasler|Gunk Shot|p2a: Ninetales\n|-supereffective|p2a: Ninetales\n|-damage|p2a: Ninetales|0 fnt\n|faint|p2a: Ninetales\n|\n|-weather|Snow|[upkeep]\n|upkeep\n|\n|t:|1700676351\n|switch|p2a: Rillaboom|Rillaboom, M|100\/100\n|-fieldstart|move: Grassy Terrain|[from] ability: Grassy Surge|[of] p2a: Rillaboom\n|turn|3\n|\n|t:|1700676355\n|move|p2a: Rillaboom|Grassy Glide|p1a: Sneasler\n|-resisted|p1a: Sneasler\n|-damage|p1a: Sneasler|70\/100\n|move|p1a: Sneasler|Gunk Shot|p2a: Rillaboom|[miss]\n|-miss|p1a: Sneasler|p2a: Rillaboom\n|\n|-weather|Snow|[upkeep]\n|-heal|p1a: Sneasler|76\/100|[from] Grassy Terrain\n|upkeep\n|turn|4\n|\n|t:|1700676368\n|move|p2a: Rillaboom|Grassy Glide|p1a: Sneasler\n|-resisted|p1a: Sneasler\n|-damage|p1a: Sneasler|44\/100\n|move|p1a: Sneasler|Gunk Shot|p2a: Rillaboom\n|-supereffective|p2a: Rillaboom\n|-crit|p2a: Rillaboom\n|-damage|p2a: Rillaboom|0 fnt\n|faint|p2a: Rillaboom\n|\n|-weather|Snow|[upkeep]\n|-heal|p1a: Sneasler|50\/100|[from] Grassy Terrain\n|upkeep\n|\n|t:|1700676374\n|switch|p2a: Comfey|Comfey, M|100\/100\n|-enditem|p2a: Comfey|Grassy Seed\n|-boost|p2a: Comfey|def|1|[from] item: Grassy Seed\n|turn|5\n|\n|t:|1700676395\n|-terastallize|p2a: Comfey|Steel\n|move|p1a: Sneasler|Gunk Shot|p2a: Comfey\n|-immune|p2a: Comfey\n|move|p2a: Comfey|Hidden Power|p1a: Sneasler\n|-supereffective|p1a: Sneasler\n|-crit|p1a: Sneasler\n|-damage|p1a: Sneasler|0 fnt\n|faint|p1a: Sneasler\n|\n|-weather|Snow|[upkeep]\n|upkeep\n|\n|t:|1700676404\n|switch|p1a: Manectric|Manectric, F|100\/100\n|turn|6\n|\n|t:|1700676409\n|detailschange|p1a: Manectric|Manectric-Mega, F\n|-mega|p1a: Manectric|Manectric|Manectite\n|-ability|p1a: Manectric|Intimidate|boost\n|-unboost|p2a: Comfey|atk|1\n|move|p1a: Manectric|Overheat|p2a: Comfey|[miss]\n|-miss|p1a: Manectric|p2a: Comfey\n|move|p2a: Comfey|Calm Mind|p2a: Comfey\n|-boost|p2a: Comfey|spa|1\n|-boost|p2a: Comfey|spd|1\n|\n|-weather|none\n|upkeep\n|turn|7\n|\n|t:|1700676418\n|move|p1a: Manectric|Overheat|p2a: Comfey\n|-supereffective|p2a: Comfey\n|-damage|p2a: Comfey|65\/100\n|-unboost|p1a: Manectric|spa|2\n|move|p2a: Comfey|Calm Mind|p2a: Comfey\n|-boost|p2a: Comfey|spa|1\n|-boost|p2a: Comfey|spd|1\n|\n|-heal|p2a: Comfey|71\/100|[from] Grassy Terrain\n|-fieldend|move: Grassy Terrain\n|upkeep\n|turn|8\n|\n|t:|1700676432\n|move|p1a: Manectric|Volt Switch|p2a: Comfey\n|-damage|p2a: Comfey|65\/100\n|\n|t:|1700676452\n|switch|p1a: Cinderace|Cinderace, F|100\/100|[from] Volt Switch\n|move|p2a: Comfey|Hidden Power|p1a: Cinderace\n|-supereffective|p1a: Cinderace\n|-damage|p1a: Cinderace|14\/100\n|\n|upkeep\n|turn|9\n|\n|t:|1700676460\n|move|p2a: Comfey|Draining Kiss|p1a: Cinderace\n|-resisted|p1a: Cinderace\n|-damage|p1a: Cinderace|0 fnt\n|-heal|p2a: Comfey|77\/100|[from] drain|[of] p1a: Cinderace\n|faint|p1a: Cinderace\n|\n|-sideend|p2: Ryan96t|move: Aurora Veil\n|upkeep\n|inactive|Josedimaria10 has 120 seconds left.\n|inactive|Josedimaria10 has 90 seconds left.\n|\n|t:|1700676519\n|switch|p1a: Grafaiai|Grafaiai, F|100\/100\n|turn|10\n|inactive|Josedimaria10 has 90 seconds left.\n|\n|t:|1700676530\n|move|p1a: Grafaiai|Parting Shot|p2a: Comfey\n|-unboost|p2a: Comfey|atk|1\n|-unboost|p2a: Comfey|spa|1\n|\n|t:|1700676536\n|switch|p1a: Grimmsnarl|Grimmsnarl, M|100\/100|[from] Parting Shot\n|move|p2a: Comfey|Stored Power|p1a: Grimmsnarl\n|-immune|p1a: Grimmsnarl\n|\n|upkeep\n|turn|11\n|inactive|Josedimaria10 has 90 seconds left.\n|\n|t:|1700676542\n|move|p2a: Comfey|Draining Kiss|p1a: Grimmsnarl\n|-supereffective|p1a: Grimmsnarl\n|-damage|p1a: Grimmsnarl|51\/100\n|-heal|p2a: Comfey|100\/100|[from] drain|[of] p1a: Grimmsnarl\n|move|p1a: Grimmsnarl|Parting Shot|p2a: Comfey\n|-unboost|p2a: Comfey|atk|1\n|-unboost|p2a: Comfey|spa|1\n|inactive|Josedimaria10 has 90 seconds left.\n|\n|t:|1700676552\n|switch|p1a: Manectric|Manectric-Mega, F|100\/100|[from] Parting Shot\n|-ability|p1a: Manectric|Intimidate|boost\n|-unboost|p2a: Comfey|atk|1\n|\n|upkeep\n|turn|12\n|inactive|Josedimaria10 has 90 seconds left.\n|\n|t:|1700676567\n|move|p1a: Manectric|Overheat|p2a: Comfey\n|-supereffective|p2a: Comfey\n|-damage|p2a: Comfey|49\/100\n|-unboost|p1a: Manectric|spa|2\n|move|p2a: Comfey|Calm Mind|p2a: Comfey\n|-boost|p2a: Comfey|spa|1\n|-boost|p2a: Comfey|spd|1\n|\n|upkeep\n|turn|13\n|inactive|Josedimaria10 has 90 seconds left.\n|\n|t:|1700676580\n|move|p2a: Comfey|Draining Kiss|p1a: Manectric\n|-damage|p1a: Manectric|64\/100\n|-heal|p2a: Comfey|78\/100|[from] drain|[of] p1a: Manectric\n|move|p1a: Manectric|Volt Switch|p2a: Comfey\n|-damage|p2a: Comfey|69\/100\n|inactive|Josedimaria10 has 90 seconds left.\n|\n|t:|1700676588\n|switch|p1a: Grimmsnarl|Grimmsnarl, M|51\/100|[from] Volt Switch\n|\n|upkeep\n|turn|14\n|\n|t:|1700676593\n|move|p2a: Comfey|Draining Kiss|p1a: Grimmsnarl\n|-supereffective|p1a: Grimmsnarl\n|-damage|p1a: Grimmsnarl|0 fnt\n|-heal|p2a: Comfey|100\/100|[from] drain|[of] p1a: Grimmsnarl\n|faint|p1a: Grimmsnarl\n|\n|upkeep\n|\n|t:|1700676603\n|switch|p1a: Grafaiai|Grafaiai, F|100\/100\n|turn|15\n|\n|t:|1700676613\n|move|p1a: Grafaiai|Parting Shot|p2a: Comfey\n|-unboost|p2a: Comfey|atk|1\n|-unboost|p2a: Comfey|spa|1\n|\n|t:|1700676625\n|switch|p1a: Landorus|Landorus-Therian, M|100\/100|[from] Parting Shot\n|-ability|p1a: Landorus|Intimidate|boost\n|-unboost|p2a: Comfey|atk|1\n|move|p2a: Comfey|Calm Mind|p2a: Comfey\n|-boost|p2a: Comfey|spa|1\n|-boost|p2a: Comfey|spd|1\n|\n|upkeep\n|turn|16\n|\n|t:|1700676640\n|switch|p1a: Manectric|Manectric-Mega, F|64\/100\n|-ability|p1a: Manectric|Intimidate|boost\n|-unboost|p2a: Comfey|atk|0\n|move|p2a: Comfey|Stored Power|p1a: Manectric\n|-damage|p1a: Manectric|0 fnt\n|faint|p1a: Manectric\n|\n|upkeep\n|inactive|Josedimaria10 has 90 seconds left.\n|\n|t:|1700676659\n|switch|p1a: Landorus|Landorus-Therian, M|100\/100\n|-ability|p1a: Landorus|Intimidate|boost\n|-unboost|p2a: Comfey|atk|0\n|turn|17\n|\n|t:|1700676672\n|switch|p1a: Grafaiai|Grafaiai, F|100\/100\n|move|p2a: Comfey|Stored Power|p1a: Grafaiai\n|-supereffective|p1a: Grafaiai\n|-damage|p1a: Grafaiai|0 fnt\n|faint|p1a: Grafaiai\n|\n|upkeep\n|\n|t:|1700676677\n|switch|p1a: Landorus|Landorus-Therian, M|100\/100\n|-ability|p1a: Landorus|Intimidate|boost\n|-unboost|p2a: Comfey|atk|0\n|turn|18\n|\n|t:|1700676681\n|move|p1a: Landorus|Earthquake|p2a: Comfey\n|-supereffective|p2a: Comfey\n|-damage|p2a: Comfey|12\/100\n|move|p2a: Comfey|Stored Power|p1a: Landorus\n|-damage|p1a: Landorus|36\/100\n|\n|upkeep\n|turn|19\n|\n|t:|1700676688\n|move|p2a: Comfey|Draining Kiss|p1a: Landorus\n|-damage|p1a: Landorus|0 fnt\n|-heal|p2a: Comfey|44\/100|[from] drain|[of] p1a: Landorus\n|-damage|p2a: Comfey|28\/100|[from] item: Rocky Helmet|[of] p1a: Landorus\n|faint|p1a: Landorus\n|\n|win|Ryan96t\n|raw|Josedimaria10's rating: 1189 &rarr; <strong>1166<\/strong><br \/>(-23 for losing)\n|raw|Ryan96t's rating: 1210 &rarr; <strong>1233<\/strong><br \/>(+23 for winning)\n","uploadtime":1700676698,"views":3,"p1id":"josedimaria10","p2id":"ryan96t","formatid":"gen9nationaldex","rating":1166,"private":0,"password":""}