{"id":"gen9nationaldex-1987842705","p1":"Fabrizio8","p2":"forgetiergrass","format":"[Gen 9] National Dex","log":"|j|\u2606Fabrizio8\n|j|\u2606forgetiergrass\n|t:|1699641897\n|gametype|singles\n|player|p1|Fabrizio8|roxie|1053\n|player|p2|forgetiergrass|169|1000\n|teamsize|p1|6\n|teamsize|p2|6\n|gen|9\n|tier|[Gen 9] National Dex\n|rated|\n|rule|HP Percentage Mod: HP is shown in percentages\n|rule|Endless Battle Clause: Forcing endless battles is banned\n|rule|OHKO Clause: OHKO moves are banned\n|rule|Evasion Clause: Evasion abilities, items, and moves are banned\n|rule|Evasion Abilities Clause: Evasion abilities are banned\n|rule|Evasion Items Clause: Evasion items are banned\n|rule|Evasion Moves Clause: Evasion moves are banned\n|rule|Species Clause: Limit one of each Pok\u00e9mon\n|rule|Sleep Clause Mod: Limit one foe put to sleep\n|clearpoke\n|poke|p1|Toxapex, F|\n|poke|p1|Glimmora, M|\n|poke|p1|Venusaur, M|\n|poke|p1|Okidogi, M|\n|poke|p1|Hydreigon, F|\n|poke|p1|Toxtricity, F|\n|poke|p2|Perrserker, F|\n|poke|p2|Dugtrio-Alola, F|\n|poke|p2|Cresselia, F|\n|poke|p2|Venusaur, F|\n|poke|p2|Hitmonchan, M|\n|poke|p2|Pachirisu, F|\n|teampreview\n|inactive|Battle timer is ON: inactive players will automatically lose when time's up. (requested by forgetiergrass)\n|\n|t:|1699641914\n|start\n|switch|p1a: cummora|Glimmora, M, shiny|100\/100\n|switch|p2a: Perrserker|Perrserker, F|100\/100\n|turn|1\n|\n|t:|1699641921\n|move|p1a: cummora|Toxic|p2a: Perrserker\n|-status|p2a: Perrserker|tox\n|move|p2a: Perrserker|Stealth Rock|p1a: cummora\n|-sidestart|p1: Fabrizio8|move: Stealth Rock\n|\n|-damage|p2a: Perrserker|94\/100 tox|[from] psn\n|upkeep\n|turn|2\n|\n|t:|1699641935\n|move|p1a: cummora|Toxic Spikes|p2a: Perrserker\n|-sidestart|p2: forgetiergrass|move: Toxic Spikes\n|move|p2a: Perrserker|Iron Head|p1a: cummora\n|-supereffective|p1a: cummora\n|-damage|p1a: cummora|18\/100\n|-damage|p2a: Perrserker|78\/100 tox|[from] item: Rocky Helmet|[of] p1a: cummora\n|\n|-heal|p2a: Perrserker|84\/100 tox|[from] item: Leftovers\n|-damage|p2a: Perrserker|72\/100 tox|[from] psn\n|upkeep\n|turn|3\n|\n|t:|1699641948\n|move|p1a: cummora|Toxic Spikes|p2a: Perrserker\n|-sidestart|p2: forgetiergrass|move: Toxic Spikes\n|move|p2a: Perrserker|U-turn|p1a: cummora\n|-resisted|p1a: cummora\n|-damage|p1a: cummora|7\/100\n|-damage|p2a: Perrserker|55\/100 tox|[from] item: Rocky Helmet|[of] p1a: cummora\n|\n|t:|1699641956\n|switch|p2a: Venusaur|Venusaur, F|100\/100|[from] U-turn\n|-sideend|p2: forgetiergrass|move: Toxic Spikes|[of] p2a: Venusaur\n|\n|upkeep\n|turn|4\n|\n|t:|1699641961\n|detailschange|p2a: Venusaur|Venusaur-Mega, F\n|-mega|p2a: Venusaur|Venusaur|Venusaurite\n|move|p2a: Venusaur|Earth Power|p1a: cummora\n|-supereffective|p1a: cummora\n|-damage|p1a: cummora|0 fnt\n|faint|p1a: cummora\n|\n|upkeep\n|\n|t:|1699641972\n|switch|p1a: tsohg olra|Hydreigon, F|100\/100\n|-damage|p1a: tsohg olra|88\/100|[from] Stealth Rock\n|turn|5\n|\n|t:|1699641981\n|switch|p2a: Hitmonchan|Hitmonchan, M|100\/100\n|-terastallize|p1a: tsohg olra|Steel\n|move|p1a: tsohg olra|Nasty Plot|p1a: tsohg olra\n|-boost|p1a: tsohg olra|spa|2\n|\n|upkeep\n|turn|6\n|\n|t:|1699641992\n|move|p2a: Hitmonchan|Drain Punch|p1a: tsohg olra\n|-supereffective|p1a: tsohg olra\n|-damage|p1a: tsohg olra|2\/100\n|move|p1a: tsohg olra|Draco Meteor|p2a: Hitmonchan\n|-damage|p2a: Hitmonchan|0 fnt\n|-unboost|p1a: tsohg olra|spa|2\n|faint|p2a: Hitmonchan\n|\n|upkeep\n|\n|t:|1699642005\n|switch|p2a: Dugtrio|Dugtrio-Alola, F|100\/100\n|turn|7\n|\n|t:|1699642014\n|move|p2a: Dugtrio|Iron Head|p1a: tsohg olra\n|-resisted|p1a: tsohg olra\n|-damage|p1a: tsohg olra|0 fnt\n|faint|p1a: tsohg olra\n|\n|upkeep\n|\n|t:|1699642022\n|switch|p1a: todo bien|Okidogi, M|100\/100\n|-damage|p1a: todo bien|95\/100|[from] Stealth Rock\n|turn|8\n|\n|t:|1699642032\n|-terastallize|p2a: Dugtrio|Ground\n|move|p2a: Dugtrio|Earthquake|p1a: todo bien\n|-supereffective|p1a: todo bien\n|-crit|p1a: todo bien\n|-damage|p1a: todo bien|0 fnt\n|faint|p1a: todo bien\n|\n|upkeep\n|\n|t:|1699642040\n|switch|p1a: Vergasaur|Venusaur, M, shiny|100\/100\n|-damage|p1a: Vergasaur|88\/100|[from] Stealth Rock\n|turn|9\n|\n|t:|1699642049\n|switch|p2a: Pachirisu|Pachirisu, F|100\/100\n|detailschange|p1a: Vergasaur|Venusaur-Mega, M, shiny\n|-mega|p1a: Vergasaur|Venusaur|Venusaurite\n|move|p1a: Vergasaur|Giga Drain|p2a: Pachirisu\n|-damage|p2a: Pachirisu|60\/100\n|-heal|p1a: Vergasaur|100\/100|[from] drain|[of] p2a: Pachirisu\n|\n|upkeep\n|turn|10\n|\n|t:|1699642058\n|move|p2a: Pachirisu|Nuzzle|p1a: Vergasaur\n|-resisted|p1a: Vergasaur\n|-damage|p1a: Vergasaur|99\/100\n|-status|p1a: Vergasaur|par\n|move|p1a: Vergasaur|Sludge Bomb|p2a: Pachirisu\n|-damage|p2a: Pachirisu|11\/100\n|-enditem|p2a: Pachirisu|Figy Berry|[eat]\n|-heal|p2a: Pachirisu|45\/100|[from] item: Figy Berry\n|\n|upkeep\n|turn|11\n|\n|t:|1699642069\n|move|p2a: Pachirisu|Super Fang|p1a: Vergasaur\n|-damage|p1a: Vergasaur|50\/100 par\n|cant|p1a: Vergasaur|par\n|\n|upkeep\n|turn|12\n|-message|Fabrizio8 forfeited.\n|\n|win|forgetiergrass\n|raw|Fabrizio8's rating: 1053 &rarr; <strong>1032<\/strong><br \/>(-21 for losing)\n|raw|forgetiergrass's rating: 1000 &rarr; <strong>1046<\/strong><br \/>(+46 for winning)\n|l|\u2606Fabrizio8\n","uploadtime":1699642080,"views":4,"p1id":"fabrizio8","p2id":"forgetiergrass","formatid":"gen9nationaldex","rating":1032,"private":0,"password":""}