{"id":"gen9nationaldex-1993557766","p1":"TheEmeraldGamerGuy","p2":"HarryYummy","format":"[Gen 9] National Dex","log":"|j|\u2606TheEmeraldGamerGuy\n|j|\u2606HarryYummy\n|t:|1700331532\n|gametype|singles\n|player|p1|TheEmeraldGamerGuy|colress|1535\n|player|p2|HarryYummy|marshal|1542\n|teamsize|p1|6\n|teamsize|p2|6\n|gen|9\n|tier|[Gen 9] National Dex\n|rated|\n|rule|HP Percentage Mod: HP is shown in percentages\n|rule|Endless Battle Clause: Forcing endless battles is banned\n|rule|OHKO Clause: OHKO moves are banned\n|rule|Evasion Clause: Evasion abilities, items, and moves are banned\n|rule|Evasion Abilities Clause: Evasion abilities are banned\n|rule|Evasion Items Clause: Evasion items are banned\n|rule|Evasion Moves Clause: Evasion moves are banned\n|rule|Species Clause: Limit one of each Pok\u00e9mon\n|rule|Sleep Clause Mod: Limit one foe put to sleep\n|clearpoke\n|poke|p1|Zapdos|\n|poke|p1|Urshifu-*, F|\n|poke|p1|Rillaboom, M|\n|poke|p1|Diancie|\n|poke|p1|Ferrothorn, M|\n|poke|p1|Blacephalon|\n|poke|p2|Landorus-Therian, M|\n|poke|p2|Medicham, F|\n|poke|p2|Greninja-*, M|\n|poke|p2|Xurkitree|\n|poke|p2|Celesteela|\n|poke|p2|Rillaboom, M|\n|teampreview\n|inactive|Battle timer is ON: inactive players will automatically lose when time's up. (requested by TheEmeraldGamerGuy)\n|\n|t:|1700331547\n|start\n|switch|p1a: Rillaboom|Rillaboom, M|100\/100\n|switch|p2a: Landorus|Landorus-Therian, M|100\/100\n|-ability|p2a: Landorus|Intimidate|boost\n|-unboost|p1a: Rillaboom|atk|1\n|-fieldstart|move: Grassy Terrain|[from] ability: Grassy Surge|[of] p1a: Rillaboom\n|turn|1\n|inactive|HarryYummy has 120 seconds left.\n|\n|t:|1700331577\n|move|p2a: Landorus|Stealth Rock|p1a: Rillaboom\n|-sidestart|p1: TheEmeraldGamerGuy|move: Stealth Rock\n|move|p1a: Rillaboom|Knock Off|p2a: Landorus\n|-damage|p2a: Landorus|59\/100\n|-enditem|p2a: Landorus|Normal Gem|[from] move: Knock Off|[of] p1a: Rillaboom\n|\n|upkeep\n|turn|2\n|\n|t:|1700331592\n|switch|p1a: Blacephalon|Blacephalon|100\/100\n|move|p2a: Landorus|Explosion|p1a: Blacephalon\n|-immune|p1a: Blacephalon\n|faint|p2a: Landorus\n|\n|upkeep\n|c|\u2606TheEmeraldGamerGuy|you tried\n|\n|t:|1700331603\n|switch|p2a: Greninja|Greninja, M|100\/100\n|turn|3\n|\n|t:|1700331610\n|switch|p2a: Celesteela|Celesteela|100\/100\n|switch|p1a: Rillaboom|Rillaboom, M|100\/100\n|-damage|p1a: Rillaboom|88\/100|[from] Stealth Rock\n|\n|-heal|p1a: Rillaboom|94\/100|[from] Grassy Terrain\n|upkeep\n|turn|4\n|\n|t:|1700331615\n|move|p1a: Rillaboom|Knock Off|p2a: Celesteela\n|-damage|p2a: Celesteela|50\/100\n|-enditem|p2a: Celesteela|Life Orb|[from] move: Knock Off|[of] p1a: Rillaboom\n|move|p2a: Celesteela|Autotomize|p2a: Celesteela\n|-boost|p2a: Celesteela|spe|2\n|-start|p2a: Celesteela|Autotomize\n|\n|-heal|p1a: Rillaboom|100\/100|[from] Grassy Terrain\n|upkeep\n|turn|5\n|\n|t:|1700331621\n|switch|p1a: Blacephalon|Blacephalon|100\/100\n|move|p2a: Celesteela|Air Slash|p1a: Blacephalon\n|-crit|p1a: Blacephalon\n|-damage|p1a: Blacephalon|13\/100\n|\n|-heal|p1a: Blacephalon|19\/100|[from] Grassy Terrain\n|-fieldend|move: Grassy Terrain\n|upkeep\n|turn|6\n|\n|t:|1700331625\n|move|p2a: Celesteela|Air Slash|p1a: Blacephalon\n|-damage|p1a: Blacephalon|0 fnt\n|faint|p1a: Blacephalon\n|-ability|p2a: Celesteela|Beast Boost|boost\n|-boost|p2a: Celesteela|spa|1\n|\n|upkeep\n|\n|t:|1700331628\n|switch|p1a: Ferrothorn|Ferrothorn, M|100\/100\n|-damage|p1a: Ferrothorn|94\/100|[from] Stealth Rock\n|turn|7\n|\n|t:|1700331632\n|move|p2a: Celesteela|Flamethrower|p1a: Ferrothorn\n|-supereffective|p1a: Ferrothorn\n|-damage|p1a: Ferrothorn|0 fnt\n|faint|p1a: Ferrothorn\n|-ability|p2a: Celesteela|Beast Boost|boost\n|-boost|p2a: Celesteela|spa|1\n|\n|upkeep\n|\n|t:|1700331635\n|switch|p1a: Zapdos|Zapdos|100\/100\n|turn|8\n|\n|t:|1700331641\n|-terastallize|p2a: Celesteela|Steel\n|move|p2a: Celesteela|Flamethrower|p1a: Zapdos\n|-damage|p1a: Zapdos|40\/100\n|move|p1a: Zapdos|Volt Switch|p2a: Celesteela\n|-damage|p2a: Celesteela|17\/100\n|\n|t:|1700331646\n|switch|p1a: Rillaboom|Rillaboom, M|100\/100|[from] Volt Switch\n|-damage|p1a: Rillaboom|88\/100|[from] Stealth Rock\n|-fieldstart|move: Grassy Terrain|[from] ability: Grassy Surge|[of] p1a: Rillaboom\n|\n|-heal|p2a: Celesteela|23\/100|[from] Grassy Terrain\n|-heal|p1a: Rillaboom|94\/100|[from] Grassy Terrain\n|upkeep\n|turn|9\n|\n|t:|1700331650\n|-terastallize|p1a: Rillaboom|Grass\n|move|p1a: Rillaboom|Grassy Glide|p2a: Celesteela\n|-resisted|p2a: Celesteela\n|-damage|p2a: Celesteela|0 fnt\n|faint|p2a: Celesteela\n|\n|-heal|p1a: Rillaboom|100\/100|[from] Grassy Terrain\n|upkeep\n|\n|t:|1700331659\n|switch|p2a: Rillaboom|Rillaboom, M|100\/100\n|turn|10\n|\n|t:|1700331665\n|switch|p1a: Zapdos|Zapdos|40\/100\n|move|p2a: Rillaboom|Wood Hammer|p1a: Zapdos\n|-resisted|p1a: Zapdos\n|-damage|p1a: Zapdos|0 fnt\n|faint|p1a: Zapdos\n|-damage|p2a: Rillaboom|88\/100|[from] Recoil\n|\n|-heal|p2a: Rillaboom|94\/100|[from] Grassy Terrain\n|upkeep\n|\n|t:|1700331673\n|switch|p1a: Urshifu|Urshifu-Rapid-Strike, F|100\/100\n|-damage|p1a: Urshifu|94\/100|[from] Stealth Rock\n|turn|11\n|\n|t:|1700331679\n|move|p1a: Urshifu|Close Combat|p2a: Rillaboom\n|-damage|p2a: Rillaboom|31\/100\n|-unboost|p1a: Urshifu|def|1\n|-unboost|p1a: Urshifu|spd|1\n|move|p2a: Rillaboom|Wood Hammer|p1a: Urshifu\n|-supereffective|p1a: Urshifu\n|-damage|p1a: Urshifu|0 fnt\n|faint|p1a: Urshifu\n|-damage|p2a: Rillaboom|0 fnt|[from] Recoil\n|faint|p2a: Rillaboom\n|\n|upkeep\n|\n|t:|1700331684\n|switch|p1a: Diancie|Diancie|100\/100\n|switch|p2a: Greninja|Greninja, M|100\/100\n|-damage|p1a: Diancie|88\/100|[from] Stealth Rock\n|turn|12\n|\n|t:|1700331688\n|detailschange|p1a: Diancie|Diancie-Mega\n|-mega|p1a: Diancie|Diancie|Diancite\n|move|p2a: Greninja|Hydro Pump|p1a: Diancie\n|-supereffective|p1a: Diancie\n|-damage|p1a: Diancie|0 fnt\n|faint|p1a: Diancie\n|-ability|p2a: Greninja|Battle Bond|boost\n|-boost|p2a: Greninja|atk|1\n|-boost|p2a: Greninja|spa|1\n|-boost|p2a: Greninja|spe|1\n|-activate|p2a: Greninja|ability: Battle Bond\n|\n|-fieldend|move: Grassy Terrain\n|upkeep\n|\n|t:|1700331692\n|switch|p1a: Rillaboom|Rillaboom, M, tera:Grass|100\/100\n|-damage|p1a: Rillaboom|88\/100|[from] Stealth Rock\n|-fieldstart|move: Grassy Terrain|[from] ability: Grassy Surge|[of] p1a: Rillaboom\n|turn|13\n|\n|t:|1700331697\n|move|p1a: Rillaboom|Grassy Glide|p2a: Greninja\n|-supereffective|p2a: Greninja\n|-damage|p2a: Greninja|0 fnt\n|faint|p2a: Greninja\n|\n|-heal|p1a: Rillaboom|94\/100|[from] Grassy Terrain\n|upkeep\n|\n|t:|1700331706\n|switch|p2a: Xurkitree|Xurkitree|100\/100\n|turn|14\n|\n|t:|1700331708\n|move|p1a: Rillaboom|Grassy Glide|p2a: Xurkitree\n|-damage|p2a: Xurkitree|0 fnt\n|faint|p2a: Xurkitree\n|\n|-heal|p1a: Rillaboom|100\/100|[from] Grassy Terrain\n|upkeep\n|\n|t:|1700331711\n|switch|p2a: Medicham|Medicham, F|100\/100\n|turn|15\n|\n|t:|1700331713\n|detailschange|p2a: Medicham|Medicham-Mega, F\n|-mega|p2a: Medicham|Medicham|Medichamite\n|move|p2a: Medicham|Fake Out|p1a: Rillaboom\n|-damage|p1a: Rillaboom|75\/100\n|cant|p1a: Rillaboom|flinch\n|\n|-heal|p1a: Rillaboom|81\/100|[from] Grassy Terrain\n|upkeep\n|turn|16\n|\n|t:|1700331717\n|move|p1a: Rillaboom|Grassy Glide|p2a: Medicham\n|-damage|p2a: Medicham|0 fnt\n|faint|p2a: Medicham\n|\n|win|TheEmeraldGamerGuy\n|raw|TheEmeraldGamerGuy's rating: 1535 &rarr; <strong>1555<\/strong><br \/>(+20 for winning)\n|raw|HarryYummy's rating: 1542 &rarr; <strong>1522<\/strong><br \/>(-20 for losing)\n|l|\u2606HarryYummy\n","uploadtime":1700331721,"views":25,"p1id":"theemeraldgamerguy","p2id":"harryyummy","formatid":"gen9nationaldex","rating":1522,"private":0,"password":""}