{"id":"gen9nationaldex-1998467237","p1":"shaddngel","p2":"Carno777","format":"[Gen 9] National Dex","log":"|html|<div class=\"broadcast-blue\"><strong>[Gen 9] National Dex is currently suspecting Sneasler! For information on how to participate check out the <a href=\"https:\/\/www.smogon.com\/forums\/threads\/sv-national-dex-suspect-8-just-dance.3731534\/\">suspect thread<\/a>.<\/strong><\/div>\n|j|\u2606shaddngel\n|j|\u2606Carno777\n|t:|1700945582\n|gametype|singles\n|player|p1|shaddngel|n|1348\n|player|p2|Carno777|lance|1302\n|teamsize|p1|6\n|teamsize|p2|6\n|gen|9\n|tier|[Gen 9] National Dex\n|rated|\n|rule|HP Percentage Mod: HP is shown in percentages\n|rule|Endless Battle Clause: Forcing endless battles is banned\n|rule|OHKO Clause: OHKO moves are banned\n|rule|Evasion Clause: Evasion abilities, items, and moves are banned\n|rule|Evasion Abilities Clause: Evasion abilities are banned\n|rule|Evasion Items Clause: Evasion items are banned\n|rule|Evasion Moves Clause: Evasion moves are banned\n|rule|Species Clause: Limit one of each Pok\u00e9mon\n|rule|Sleep Clause Mod: Limit one foe put to sleep\n|clearpoke\n|poke|p1|Zamazenta-*|\n|poke|p1|Hoopa-Unbound|\n|poke|p1|Blaziken, F|\n|poke|p1|Charizard, M|\n|poke|p1|Ninetales-Alola, F|\n|poke|p1|Kleavor, F|\n|poke|p2|Charizard, M|\n|poke|p2|Blastoise, F|\n|poke|p2|Venusaur, M|\n|poke|p2|Dragonite, F|\n|poke|p2|Alakazam, M|\n|poke|p2|Pikachu, F|\n|teampreview\n|inactive|Battle timer is ON: inactive players will automatically lose when time's up. (requested by Carno777)\n|c|\u2606Carno777|Glhf\n|\n|t:|1700945599\n|start\n|switch|p1a: Ninetales|Ninetales-Alola, F|100\/100\n|switch|p2a: Pikachu|Pikachu, F|100\/100\n|-weather|Snow|[from] ability: Snow Warning|[of] p1a: Ninetales\n|turn|1\n|\n|t:|1700945602\n|move|p2a: Pikachu|Fake Out|p1a: Ninetales\n|-damage|p1a: Ninetales|84\/100\n|-enditem|p1a: Ninetales|Eject Button\n|\n|t:|1700945609\n|switch|p1a: Kleavor|Kleavor, F|100\/100\n|\n|-weather|Snow|[upkeep]\n|upkeep\n|turn|2\n|\n|t:|1700945613\n|move|p2a: Pikachu|Volt Tackle|p1a: Kleavor\n|-damage|p1a: Kleavor|6\/100\n|-status|p1a: Kleavor|par\n|-damage|p2a: Pikachu|59\/100|[from] Recoil\n|cant|p1a: Kleavor|par\n|\n|-weather|Snow|[upkeep]\n|upkeep\n|turn|3\n|\n|t:|1700945621\n|move|p2a: Pikachu|Extreme Speed|p1a: Kleavor\n|-resisted|p1a: Kleavor\n|-damage|p1a: Kleavor|0 fnt\n|faint|p1a: Kleavor\n|\n|-weather|Snow|[upkeep]\n|upkeep\n|\n|t:|1700945624\n|switch|p1a: Zamazenta|Zamazenta|100\/100\n|-ability|p1a: Zamazenta|Dauntless Shield|boost\n|-boost|p1a: Zamazenta|def|1\n|turn|4\n|\n|t:|1700945632\n|switch|p2a: Charizard|Charizard, M|100\/100\n|move|p1a: Zamazenta|Iron Defense|p1a: Zamazenta\n|-boost|p1a: Zamazenta|def|2\n|\n|-weather|Snow|[upkeep]\n|upkeep\n|turn|5\n|\n|t:|1700945637\n|detailschange|p2a: Charizard|Charizard-Mega-Y, M\n|-mega|p2a: Charizard|Charizard|Charizardite Y\n|-weather|SunnyDay|[from] ability: Drought|[of] p2a: Charizard\n|move|p1a: Zamazenta|Iron Defense|p1a: Zamazenta\n|-boost|p1a: Zamazenta|def|2\n|move|p2a: Charizard|Air Slash|p1a: Zamazenta\n|-supereffective|p1a: Zamazenta\n|-damage|p1a: Zamazenta|21\/100\n|\n|-weather|SunnyDay|[upkeep]\n|-heal|p1a: Zamazenta|27\/100|[from] item: Leftovers\n|upkeep\n|turn|6\n|\n|t:|1700945647\n|-terastallize|p1a: Zamazenta|Steel\n|move|p1a: Zamazenta|Body Press|p2a: Charizard\n|-resisted|p2a: Charizard\n|-damage|p2a: Charizard|0 fnt\n|faint|p2a: Charizard\n|\n|-weather|SunnyDay|[upkeep]\n|-heal|p1a: Zamazenta|33\/100|[from] item: Leftovers\n|upkeep\n|\n|t:|1700945650\n|switch|p2a: Venusaur|Venusaur, M|100\/100\n|turn|7\n|\n|t:|1700945653\n|move|p2a: Venusaur|Earth Power|p1a: Zamazenta\n|-supereffective|p1a: Zamazenta\n|-damage|p1a: Zamazenta|0 fnt\n|faint|p1a: Zamazenta\n|-damage|p2a: Venusaur|91\/100|[from] item: Life Orb\n|\n|-weather|SunnyDay|[upkeep]\n|upkeep\n|\n|t:|1700945656\n|switch|p1a: Charizard|Charizard, M, shiny|100\/100\n|turn|8\n|\n|t:|1700945663\n|detailschange|p1a: Charizard|Charizard-Mega-Y, M, shiny\n|-mega|p1a: Charizard|Charizard|Charizardite Y\n|move|p2a: Venusaur|Sludge Bomb|p1a: Charizard\n|-damage|p1a: Charizard|44\/100\n|-damage|p2a: Venusaur|81\/100|[from] item: Life Orb\n|move|p1a: Charizard|Weather Ball|p2a: Venusaur\n|-supereffective|p2a: Venusaur\n|-damage|p2a: Venusaur|0 fnt\n|faint|p2a: Venusaur\n|\n|-weather|SunnyDay|[upkeep]\n|upkeep\n|\n|t:|1700945672\n|switch|p2a: Alakazam|Alakazam, M|100\/100\n|turn|9\n|\n|t:|1700945680\n|switch|p1a: Hoopa|Hoopa-Unbound|100\/100\n|move|p2a: Alakazam|Psychic|p1a: Hoopa\n|-immune|p1a: Hoopa\n|\n|-weather|none\n|upkeep\n|turn|10\n|\n|t:|1700945686\n|-terastallize|p2a: Alakazam|Fighting\n|move|p1a: Hoopa|Dark Pulse|p2a: Alakazam\n|-resisted|p2a: Alakazam\n|-damage|p2a: Alakazam|67\/100\n|move|p2a: Alakazam|Focus Blast|p1a: Hoopa\n|-damage|p1a: Hoopa|26\/100\n|\n|upkeep\n|turn|11\n|\n|t:|1700945698\n|switch|p1a: Ninetales|Ninetales-Alola, F|84\/100\n|-weather|Snow|[from] ability: Snow Warning|[of] p1a: Ninetales\n|move|p2a: Alakazam|Focus Blast|p1a: Ninetales\n|-damage|p1a: Ninetales|0 fnt\n|faint|p1a: Ninetales\n|\n|-weather|Snow|[upkeep]\n|upkeep\n|\n|t:|1700945702\n|switch|p1a: Hoopa|Hoopa-Unbound|26\/100\n|turn|12\n|\n|t:|1700945705\n|move|p1a: Hoopa|Psychic|p2a: Alakazam\n|-supereffective|p2a: Alakazam\n|-damage|p2a: Alakazam|0 fnt\n|faint|p2a: Alakazam\n|\n|-weather|Snow|[upkeep]\n|upkeep\n|\n|t:|1700945709\n|switch|p2a: Pikachu|Pikachu, F|59\/100\n|turn|13\n|\n|t:|1700945712\n|move|p2a: Pikachu|Extreme Speed|p1a: Hoopa\n|-damage|p1a: Hoopa|0 fnt\n|faint|p1a: Hoopa\n|\n|-weather|Snow|[upkeep]\n|upkeep\n|\n|t:|1700945718\n|switch|p1a: Blaziken|Blaziken, F, shiny|100\/100\n|turn|14\n|c|\u2606Carno777|Pikachu has plot armor\n|c|\u2606shaddngel|man im done for then\n|\n|t:|1700945742\n|switch|p2a: Blastoise|Blastoise, F|100\/100\n|move|p1a: Blaziken|Swords Dance|p1a: Blaziken\n|-boost|p1a: Blaziken|atk|2\n|\n|-weather|Snow|[upkeep]\n|-ability|p1a: Blaziken|Speed Boost|boost\n|-boost|p1a: Blaziken|spe|1\n|upkeep\n|turn|15\n|\n|t:|1700945748\n|move|p1a: Blaziken|Swords Dance|p1a: Blaziken\n|-boost|p1a: Blaziken|atk|2\n|move|p2a: Blastoise|Haze|p2a: Blastoise\n|-clearallboost\n|\n|-weather|none\n|-ability|p1a: Blaziken|Speed Boost|boost\n|-boost|p1a: Blaziken|spe|1\n|upkeep\n|turn|16\n|\n|t:|1700945756\n|move|p1a: Blaziken|Swords Dance|p1a: Blaziken\n|-boost|p1a: Blaziken|atk|2\n|move|p2a: Blastoise|Hydro Pump|p1a: Blaziken|[miss]\n|-miss|p2a: Blastoise|p1a: Blaziken\n|\n|-ability|p1a: Blaziken|Speed Boost|boost\n|-boost|p1a: Blaziken|spe|1\n|upkeep\n|turn|17\n|\n|t:|1700945760\n|move|p1a: Blaziken|Close Combat|p2a: Blastoise\n|-damage|p2a: Blastoise|0 fnt\n|-unboost|p1a: Blaziken|def|1\n|-unboost|p1a: Blaziken|spd|1\n|faint|p2a: Blastoise\n|\n|-ability|p1a: Blaziken|Speed Boost|boost\n|-boost|p1a: Blaziken|spe|1\n|upkeep\n|\n|t:|1700945765\n|switch|p2a: Dragonite|Dragonite, F|100\/100\n|turn|18\n|\n|t:|1700945770\n|move|p1a: Blaziken|Close Combat|p2a: Dragonite\n|-resisted|p2a: Dragonite\n|-crit|p2a: Dragonite\n|-damage|p2a: Dragonite|48\/100\n|-unboost|p1a: Blaziken|def|1\n|-unboost|p1a: Blaziken|spd|1\n|move|p2a: Dragonite|Dragon Dance|p2a: Dragonite\n|-boost|p2a: Dragonite|atk|1\n|-boost|p2a: Dragonite|spe|1\n|\n|-ability|p1a: Blaziken|Speed Boost|boost\n|-boost|p1a: Blaziken|spe|1\n|upkeep\n|turn|19\n|\n|t:|1700945777\n|move|p2a: Dragonite|Extreme Speed|p1a: Blaziken\n|-enditem|p1a: Blaziken|Focus Sash\n|-damage|p1a: Blaziken|1\/100\n|move|p1a: Blaziken|Close Combat|p2a: Dragonite\n|-resisted|p2a: Dragonite\n|-damage|p2a: Dragonite|0 fnt\n|-unboost|p1a: Blaziken|def|1\n|-unboost|p1a: Blaziken|spd|1\n|faint|p2a: Dragonite\n|\n|-ability|p1a: Blaziken|Speed Boost|boost\n|-boost|p1a: Blaziken|spe|1\n|upkeep\n|c|\u2606Carno777|That did a lot\n|\n|t:|1700945784\n|switch|p2a: Pikachu|Pikachu, F|59\/100\n|turn|20\n|c|\u2606shaddngel|alright time for me to die\n|\n|t:|1700945792\n|move|p1a: Blaziken|Protect|p1a: Blaziken\n|-singleturn|p1a: Blaziken|Protect\n|move|p2a: Pikachu|Fake Out|p1a: Blaziken\n|-activate|p1a: Blaziken|move: Protect\n|\n|-ability|p1a: Blaziken|Speed Boost|boost\n|-boost|p1a: Blaziken|spe|1\n|upkeep\n|turn|21\n|\n|t:|1700945795\n|move|p2a: Pikachu|Extreme Speed|p1a: Blaziken\n|-damage|p1a: Blaziken|0 fnt\n|faint|p1a: Blaziken\n|\n|upkeep\n|\n|t:|1700945798\n|switch|p1a: Charizard|Charizard-Mega-Y, M, shiny|44\/100\n|-weather|SunnyDay|[from] ability: Drought|[of] p1a: Charizard\n|turn|22\n|c|\u2606Carno777|PLOT ARMOR\n|\n|t:|1700945808\n|move|p2a: Pikachu|Extreme Speed|p1a: Charizard\n|-damage|p1a: Charizard|0 fnt\n|faint|p1a: Charizard\n|\n|win|Carno777\n|raw|shaddngel's rating: 1348 &rarr; <strong>1325<\/strong><br \/>(-23 for losing)\n|raw|Carno777's rating: 1302 &rarr; <strong>1325<\/strong><br \/>(+23 for winning)\n|c|\u2606shaddngel|no pls\n|c|\u2606shaddngel|omg\n|c|\u2606Carno777|Gg wp\n|c|\u2606shaddngel|ggwp\n|c|\u2606Carno777|I told you\n|c|\u2606shaddngel|you weren't lying\n|c|\u2606shaddngel|this is like\n|c|\u2606Carno777|Kind of unfair though\n|c|\u2606shaddngel|pikachu beating literal god\n|c|\u2606shaddngel|it always will happen\n|c|\u2606Carno777|It killed 5 of your six\n|c|\u2606Carno777|Or 4\n|c|\u2606shaddngel|nah u played good\n|c|\u2606shaddngel|ggs\n|c|\u2606Carno777|Gg to you too\n|c|\u2606Carno777|Have a good day\n|c|\u2606shaddngel|you too man\n|l|\u2606shaddngel\n|c|\u2606Carno777|Bye\n","uploadtime":1700946129,"views":5,"p1id":"shaddngel","p2id":"carno777","formatid":"gen9nationaldex","rating":1325,"private":0,"password":""}