{"id":"gen9nationaldex-1997416658","p1":"lebronlover","p2":"Azeitona Mutante","format":"[Gen 9] National Dex","log":"|html|<div class=\"broadcast-blue\"><strong>[Gen 9] National Dex is currently suspecting Sneasler! For information on how to participate check out the <a href=\"https:\/\/www.smogon.com\/forums\/threads\/sv-national-dex-suspect-8-just-dance.3731534\/\">suspect thread<\/a>.<\/strong><\/div>\n|j|\u2606lebronlover\n|j|\u2606Azeitona Mutante\n|t:|1700801735\n|gametype|singles\n|player|p1|lebronlover|cheryl|1467\n|player|p2|Azeitona Mutante|cheren|1390\n|teamsize|p1|6\n|teamsize|p2|6\n|gen|9\n|tier|[Gen 9] National Dex\n|rated|\n|rule|HP Percentage Mod: HP is shown in percentages\n|rule|Endless Battle Clause: Forcing endless battles is banned\n|rule|OHKO Clause: OHKO moves are banned\n|rule|Evasion Clause: Evasion abilities, items, and moves are banned\n|rule|Evasion Abilities Clause: Evasion abilities are banned\n|rule|Evasion Items Clause: Evasion items are banned\n|rule|Evasion Moves Clause: Evasion moves are banned\n|rule|Species Clause: Limit one of each Pok\u00e9mon\n|rule|Sleep Clause Mod: Limit one foe put to sleep\n|clearpoke\n|poke|p1|Gyarados, M|\n|poke|p1|Dragonite, M|\n|poke|p1|Volcarona, F|\n|poke|p1|Garganacl, F|\n|poke|p1|Sinistcha-Masterpiece|\n|poke|p1|Zapdos-Galar|\n|poke|p2|Medicham, F|\n|poke|p2|Ferrothorn, F|\n|poke|p2|Tapu Koko|\n|poke|p2|Iron Moth|\n|poke|p2|Landorus-Therian, M|\n|poke|p2|Alomomola, L99, M|\n|teampreview\n|inactive|Battle timer is ON: inactive players will automatically lose when time's up. (requested by lebronlover)\n|\n|t:|1700801759\n|start\n|switch|p1a: Sinistcha|Sinistcha-Masterpiece, shiny|100\/100\n|switch|p2a: Landorus|Landorus-Therian, M|100\/100\n|-ability|p2a: Landorus|Intimidate|boost\n|-unboost|p1a: Sinistcha|atk|1\n|turn|1\n|\n|t:|1700801765\n|move|p2a: Landorus|Stealth Rock|p1a: Sinistcha\n|-sidestart|p1: lebronlover|move: Stealth Rock\n|move|p1a: Sinistcha|Calm Mind|p1a: Sinistcha\n|-boost|p1a: Sinistcha|spa|1\n|-boost|p1a: Sinistcha|spd|1\n|\n|upkeep\n|turn|2\n|\n|t:|1700801769\n|move|p2a: Landorus|Taunt|p1a: Sinistcha\n|-start|p1a: Sinistcha|move: Taunt\n|move|p1a: Sinistcha|Matcha Gotcha|p2a: Landorus\n|-damage|p2a: Landorus|30\/100\n|\n|upkeep\n|turn|3\n|\n|t:|1700801773\n|move|p2a: Landorus|Earthquake|p1a: Sinistcha\n|-resisted|p1a: Sinistcha\n|-damage|p1a: Sinistcha|78\/100\n|move|p1a: Sinistcha|Shadow Ball|p2a: Landorus\n|-damage|p2a: Landorus|0 fnt\n|faint|p2a: Landorus\n|\n|-heal|p1a: Sinistcha|84\/100|[from] item: Leftovers\n|upkeep\n|\n|t:|1700801783\n|switch|p2a: Iron Moth|Iron Moth|100\/100\n|turn|4\n|\n|t:|1700801789\n|move|p2a: Iron Moth|Fiery Dance|p1a: Sinistcha\n|-supereffective|p1a: Sinistcha\n|-damage|p1a: Sinistcha|49\/100\n|move|p1a: Sinistcha|Shadow Ball|p2a: Iron Moth\n|-damage|p2a: Iron Moth|37\/100\n|\n|-heal|p1a: Sinistcha|55\/100|[from] item: Leftovers\n|-end|p1a: Sinistcha|move: Taunt\n|upkeep\n|turn|5\n|\n|t:|1700801795\n|move|p2a: Iron Moth|Fiery Dance|p1a: Sinistcha\n|-supereffective|p1a: Sinistcha\n|-damage|p1a: Sinistcha|22\/100\n|-boost|p2a: Iron Moth|spa|1\n|move|p1a: Sinistcha|Shadow Ball|p2a: Iron Moth\n|-damage|p2a: Iron Moth|0 fnt\n|faint|p2a: Iron Moth\n|-end|p2a: Iron Moth|Quark Drive|[silent]\n|\n|-heal|p1a: Sinistcha|28\/100|[from] item: Leftovers\n|upkeep\n|\n|t:|1700801798\n|switch|p2a: Medicham|Medicham, F|100\/100\n|turn|6\n|\n|t:|1700801801\n|detailschange|p2a: Medicham|Medicham-Mega, F\n|-mega|p2a: Medicham|Medicham|Medichamite\n|move|p2a: Medicham|Ice Punch|p1a: Sinistcha\n|-supereffective|p1a: Sinistcha\n|-damage|p1a: Sinistcha|0 fnt\n|faint|p1a: Sinistcha\n|\n|upkeep\n|\n|t:|1700801810\n|switch|p1a: Zapdos|Zapdos-Galar, shiny|100\/100\n|-damage|p1a: Zapdos|88\/100|[from] Stealth Rock\n|turn|7\n|\n|t:|1700801815\n|switch|p2a: Alomomola|Alomomola, L99, M|100\/100\n|move|p1a: Zapdos|Brave Bird|p2a: Alomomola\n|-damage|p2a: Alomomola|57\/100\n|-damage|p1a: Zapdos|67\/100|[from] Recoil\n|\n|upkeep\n|turn|8\n|\n|t:|1700801820\n|switch|p1a: Dragonite|Dragonite, M|100\/100\n|move|p2a: Alomomola|Wish|p2a: Alomomola\n|\n|upkeep\n|turn|9\n|\n|t:|1700801831\n|move|p1a: Dragonite|Roost||[still]\n|-fail|p1a: Dragonite|heal\n|move|p2a: Alomomola|Toxic|p1a: Dragonite\n|-status|p1a: Dragonite|tox\n|\n|-heal|p2a: Alomomola|100\/100|[from] move: Wish|[wisher] Alomomola\n|-damage|p1a: Dragonite|94\/100 tox|[from] psn\n|upkeep\n|turn|10\n|\n|t:|1700801835\n|switch|p1a: Garganacl|Garganacl, F, shiny|100\/100\n|-damage|p1a: Garganacl|88\/100|[from] Stealth Rock\n|move|p2a: Alomomola|Flip Turn|p1a: Garganacl\n|-supereffective|p1a: Garganacl\n|-crit|p1a: Garganacl\n|-damage|p1a: Garganacl|58\/100\n|\n|t:|1700801842\n|switch|p2a: Medicham|Medicham-Mega, F|100\/100|[from] Flip Turn\n|\n|-heal|p1a: Garganacl|64\/100|[from] item: Leftovers\n|upkeep\n|turn|11\n|\n|t:|1700801847\n|-terastallize|p1a: Garganacl|Water\n|move|p1a: Garganacl|Protect|p1a: Garganacl\n|-singleturn|p1a: Garganacl|Protect\n|move|p2a: Medicham|Close Combat|p1a: Garganacl\n|-activate|p1a: Garganacl|move: Protect\n|\n|-heal|p1a: Garganacl|70\/100|[from] item: Leftovers\n|upkeep\n|turn|12\n|\n|t:|1700801856\n|move|p2a: Medicham|Zen Headbutt|p1a: Garganacl\n|-damage|p1a: Garganacl|27\/100\n|cant|p1a: Garganacl|flinch\n|\n|-heal|p1a: Garganacl|33\/100|[from] item: Leftovers\n|upkeep\n|turn|13\n|\n|t:|1700801859\n|move|p1a: Garganacl|Protect|p1a: Garganacl\n|-singleturn|p1a: Garganacl|Protect\n|move|p2a: Medicham|Zen Headbutt|p1a: Garganacl\n|-activate|p1a: Garganacl|move: Protect\n|\n|-heal|p1a: Garganacl|39\/100|[from] item: Leftovers\n|upkeep\n|turn|14\n|\n|t:|1700801864\n|move|p2a: Medicham|Close Combat|p1a: Garganacl\n|-damage|p1a: Garganacl|0 fnt\n|-unboost|p2a: Medicham|def|1\n|-unboost|p2a: Medicham|spd|1\n|faint|p1a: Garganacl\n|\n|upkeep\n|\n|t:|1700801870\n|switch|p1a: Volcarona|Volcarona, F, shiny|100\/100\n|turn|15\n|\n|t:|1700801880\n|move|p2a: Medicham|Zen Headbutt|p1a: Volcarona\n|-damage|p1a: Volcarona|31\/100\n|cant|p1a: Volcarona|flinch\n|\n|upkeep\n|turn|16\n|-message|lebronlover forfeited.\n|\n|win|Azeitona Mutante\n|raw|lebronlover's rating: 1467 &rarr; <strong>1443<\/strong><br \/>(-24 for losing)\n|raw|Azeitona Mutante's rating: 1390 &rarr; <strong>1414<\/strong><br \/>(+24 for winning)\n|l|\u2606lebronlover\n","uploadtime":1700801890,"views":4,"p1id":"lebronlover","p2id":"azeitonamutante","formatid":"gen9nationaldex","rating":1414,"private":0,"password":""}