{"id":"gen9nationaldex-1988672046","p1":"Red Vs Showdown","p2":"Osgar","format":"[Gen 9] National Dex","log":"|j|\u2606Red Vs Showdown\n|j|\u2606Osgar\n|inactive|Battle timer is ON: inactive players will automatically lose when time's up.\n|t:|1699748829\n|gametype|singles\n|player|p1|Red Vs Showdown|red-gen2|\n|player|p2|Osgar|giovanni|\n|teamsize|p1|6\n|teamsize|p2|6\n|gen|9\n|tier|[Gen 9] National Dex\n|rated|Tournament battle\n|rule|HP Percentage Mod: HP is shown in percentages\n|rule|Endless Battle Clause: Forcing endless battles is banned\n|rule|OHKO Clause: OHKO moves are banned\n|rule|Evasion Clause: Evasion abilities, items, and moves are banned\n|rule|Evasion Abilities Clause: Evasion abilities are banned\n|rule|Evasion Items Clause: Evasion items are banned\n|rule|Evasion Moves Clause: Evasion moves are banned\n|rule|Species Clause: Limit one of each Pok\u00e9mon\n|rule|Sleep Clause Mod: Limit one foe put to sleep\n|clearpoke\n|poke|p1|Pikachu, F|\n|poke|p1|Charizard, M|\n|poke|p1|Blastoise, M|\n|poke|p1|Venusaur, F|\n|poke|p1|Snorlax, M|\n|poke|p1|Espeon, F|\n|poke|p2|Torkoal, F|\n|poke|p2|Great Tusk|\n|poke|p2|Ting-Lu|\n|poke|p2|Lilligant-Hisui, F|\n|poke|p2|Charizard, F|\n|poke|p2|Tapu Lele|\n|teampreview\n|c|\u2606Red Vs Showdown|...\n|j| chechnya6\n|c|\u2606Osgar|...\n|j| red556\n|j| XXMurdrXX\n|\n|t:|1699748853\n|start\n|switch|p1a: Charizard|Charizard, M|100\/100\n|switch|p2a: Great Tusk|Great Tusk|100\/100\n|turn|1\n|c| red556|omg its red\n|\n|t:|1699748859\n|-end|p2a: Great Tusk|Protosynthesis|[silent]\n|switch|p2a: Ting-Lu|Ting-Lu|100\/100\n|-ability|p2a: Ting-Lu|Vessel of Ruin\n|move|p1a: Charizard|Air Slash|p2a: Ting-Lu\n|-damage|p2a: Ting-Lu|87\/100\n|\n|-heal|p2a: Ting-Lu|93\/100|[from] item: Leftovers\n|upkeep\n|turn|2\n|\n|t:|1699748865\n|switch|p1a: Espeon|Espeon, F|100\/100\n|move|p2a: Ting-Lu|Rock Slide|p1a: Espeon\n|-damage|p1a: Espeon|65\/100\n|\n|-heal|p2a: Ting-Lu|99\/100|[from] item: Leftovers\n|upkeep\n|turn|3\n|j| Feuertraene\n|\n|t:|1699748868\n|switch|p2a: Tapu Lele|Tapu Lele|100\/100\n|-fieldstart|move: Psychic Terrain|[from] ability: Psychic Surge|[of] p2a: Tapu Lele\n|move|p1a: Espeon|Trick||[still]\n|-fail|p1a: Espeon\n|\n|upkeep\n|turn|4\n|\n|t:|1699748877\n|switch|p1a: Blastoise|Blastoise, M|100\/100\n|move|p2a: Tapu Lele|Psyshock|p1a: Blastoise\n|-damage|p1a: Blastoise|66\/100\n|\n|-heal|p1a: Blastoise|72\/100|[from] item: Leftovers\n|upkeep\n|turn|5\n|\n|t:|1699748885\n|move|p2a: Tapu Lele|Psyshock|p1a: Blastoise\n|-damage|p1a: Blastoise|33\/100\n|move|p1a: Blastoise|Flip Turn|p2a: Tapu Lele\n|-damage|p2a: Tapu Lele|58\/100\n|\n|t:|1699748887\n|switch|p1a: Charizard|Charizard, M|100\/100|[from] Flip Turn\n|\n|upkeep\n|turn|6\n|\n|t:|1699748890\n|switch|p2a: Ting-Lu|Ting-Lu|99\/100\n|-ability|p2a: Ting-Lu|Vessel of Ruin\n|detailschange|p1a: Charizard|Charizard-Mega-Y, M\n|-mega|p1a: Charizard|Charizard|Charizardite Y\n|-weather|SunnyDay|[from] ability: Drought|[of] p1a: Charizard\n|move|p1a: Charizard|Fire Blast|p2a: Ting-Lu\n|-damage|p2a: Ting-Lu|61\/100\n|-status|p2a: Ting-Lu|brn\n|\n|-weather|SunnyDay|[upkeep]\n|-heal|p2a: Ting-Lu|67\/100 brn|[from] item: Leftovers\n|-damage|p2a: Ting-Lu|61\/100 brn|[from] brn\n|upkeep\n|turn|7\n|\n|t:|1699748903\n|move|p1a: Charizard|Fire Blast|p2a: Ting-Lu\n|-damage|p2a: Ting-Lu|17\/100 brn\n|move|p2a: Ting-Lu|Rock Slide|p1a: Charizard\n|-supereffective|p1a: Charizard\n|-damage|p1a: Charizard|47\/100\n|\n|-weather|SunnyDay|[upkeep]\n|-heal|p2a: Ting-Lu|23\/100 brn|[from] item: Leftovers\n|-damage|p2a: Ting-Lu|17\/100 brn|[from] brn\n|-fieldend|move: Psychic Terrain\n|upkeep\n|turn|8\n|\n|t:|1699748906\n|move|p1a: Charizard|Air Slash|p2a: Ting-Lu\n|-damage|p2a: Ting-Lu|0 fnt\n|faint|p2a: Ting-Lu\n|\n|-weather|SunnyDay|[upkeep]\n|upkeep\n|\n|t:|1699748919\n|switch|p2a: Charizard|Charizard, F|100\/100\n|turn|9\n|\n|t:|1699748922\n|switch|p1a: Snorlax|Snorlax, M|100\/100\n|detailschange|p2a: Charizard|Charizard-Mega-Y, F\n|-mega|p2a: Charizard|Charizard|Charizardite Y\n|move|p2a: Charizard|Air Slash|p1a: Snorlax\n|-damage|p1a: Snorlax|75\/100\n|\n|-weather|SunnyDay|[upkeep]\n|upkeep\n|turn|10\n|\n|t:|1699748934\n|switch|p2a: Torkoal|Torkoal, F|100\/100\n|move|p1a: Snorlax|Return|p2a: Torkoal\n|-damage|p2a: Torkoal|57\/100\n|\n|-weather|none\n|upkeep\n|turn|11\n|\n|t:|1699748943\n|switch|p1a: Espeon|Espeon, F|65\/100\n|move|p2a: Torkoal|Yawn|p1a: Espeon\n|move|p1a: Espeon|Yawn|p2a: Torkoal|[from]ability: Magic Bounce\n|-start|p2a: Torkoal|move: Yawn|[of] p1a: Espeon\n|\n|upkeep\n|turn|12\n|\n|t:|1699748945\n|switch|p2a: Tapu Lele|Tapu Lele|58\/100\n|-fieldstart|move: Psychic Terrain|[from] ability: Psychic Surge|[of] p2a: Tapu Lele\n|move|p1a: Espeon|Psychic|p2a: Tapu Lele\n|-resisted|p2a: Tapu Lele\n|-damage|p2a: Tapu Lele|26\/100\n|\n|upkeep\n|turn|13\n|\n|t:|1699748954\n|move|p1a: Espeon|Psychic|p2a: Tapu Lele\n|-resisted|p2a: Tapu Lele\n|-damage|p2a: Tapu Lele|0 fnt\n|faint|p2a: Tapu Lele\n|\n|upkeep\n|\n|t:|1699748963\n|switch|p2a: Charizard|Charizard-Mega-Y, F|100\/100\n|-weather|SunnyDay|[from] ability: Drought|[of] p2a: Charizard\n|turn|14\n|c| XXMurdrXX|...\n|c| red556|...\n|inactive|Red Vs Showdown has 120 seconds left.\n|inactive|Red Vs Showdown has 90 seconds left.\n|\n|t:|1699749039\n|switch|p1a: Blastoise|Blastoise, M|33\/100\n|move|p2a: Charizard|Weather Ball|p1a: Blastoise\n|-resisted|p1a: Blastoise\n|-damage|p1a: Blastoise|0 fnt\n|faint|p1a: Blastoise\n|\n|-weather|SunnyDay|[upkeep]\n|upkeep\n|\n|t:|1699749040\n|switch|p1a: Snorlax|Snorlax, M|75\/100\n|turn|15\n|\n|t:|1699749050\n|move|p2a: Charizard|Weather Ball|p1a: Snorlax\n|-damage|p1a: Snorlax|50\/100\n|move|p1a: Snorlax|Return|p2a: Charizard\n|-damage|p2a: Charizard|0 fnt\n|faint|p2a: Charizard\n|\n|-weather|SunnyDay|[upkeep]\n|upkeep\n|\n|t:|1699749053\n|switch|p2a: Great Tusk|Great Tusk|100\/100\n|-activate|p2a: Great Tusk|ability: Protosynthesis\n|-start|p2a: Great Tusk|protosynthesisatk\n|turn|16\n|inactive|Red Vs Showdown has 90 seconds left.\n|inactive|Red Vs Showdown has 60 seconds left.\n|\n|t:|1699749110\n|switch|p1a: Espeon|Espeon, F|65\/100\n|move|p2a: Great Tusk|Close Combat|p1a: Espeon\n|-resisted|p1a: Espeon\n|-damage|p1a: Espeon|0 fnt\n|-unboost|p2a: Great Tusk|def|1\n|-unboost|p2a: Great Tusk|spd|1\n|faint|p1a: Espeon\n|\n|-weather|SunnyDay|[upkeep]\n|-fieldend|move: Psychic Terrain\n|upkeep\n|\n|t:|1699749112\n|switch|p1a: Venusaur|Venusaur, F|100\/100\n|turn|17\n|c|\u2606Red Vs Showdown|..!\n|-message|Red Vs Showdown forfeited.\n|\n|win|Osgar\n|n|\u2606Red Vs Showdown|redvsshowdown\n|n|\u2606Osgar|osgar\n|n| chechnya6|chechnya6\n|n| red556|red556\n|n| XXMurdrXX|xxmurdrxx\n|n| Feuertraene|feuertraene\n","uploadtime":1699749128,"views":9,"p1id":"redvsshowdown","p2id":"osgar","formatid":"gen9nationaldex","rating":0,"private":0,"password":""}