{"id":"gen9nationaldex-1997311457","p1":"Kedlimmm","p2":"TheStroker","format":"[Gen 9] National Dex","log":"|html|<div class=\"broadcast-blue\"><strong>[Gen 9] National Dex is currently suspecting Sneasler! For information on how to participate check out the <a href=\"https:\/\/www.smogon.com\/forums\/threads\/sv-national-dex-suspect-8-just-dance.3731534\/\">suspect thread<\/a>.<\/strong><\/div>\n|j|\u2606Kedlimmm\n|j|\u2606TheStroker\n|t:|1700787900\n|gametype|singles\n|player|p1|Kedlimmm|mira|1499\n|player|p2|TheStroker|janitor|1573\n|teamsize|p1|6\n|teamsize|p2|6\n|gen|9\n|tier|[Gen 9] National Dex\n|rated|\n|rule|HP Percentage Mod: HP is shown in percentages\n|rule|Endless Battle Clause: Forcing endless battles is banned\n|rule|OHKO Clause: OHKO moves are banned\n|rule|Evasion Clause: Evasion abilities, items, and moves are banned\n|rule|Evasion Abilities Clause: Evasion abilities are banned\n|rule|Evasion Items Clause: Evasion items are banned\n|rule|Evasion Moves Clause: Evasion moves are banned\n|rule|Species Clause: Limit one of each Pok\u00e9mon\n|rule|Sleep Clause Mod: Limit one foe put to sleep\n|clearpoke\n|poke|p1|Alomomola, F|\n|poke|p1|Heatran, M|\n|poke|p1|Sneasler, M|\n|poke|p1|Rillaboom, M|\n|poke|p1|Banette, F|\n|poke|p1|Tornadus-Therian, M|\n|poke|p2|Blaziken, M|\n|poke|p2|Mew|\n|poke|p2|Kyurem|\n|poke|p2|Garganacl, F|\n|poke|p2|Kleavor, F|\n|poke|p2|Ribombee, F|\n|teampreview\n|inactive|Battle timer is ON: inactive players will automatically lose when time's up. (requested by Kedlimmm)\n|\n|t:|1700787916\n|start\n|switch|p1a: Banette|Banette, F|100\/100\n|switch|p2a: How|Ribombee, F|100\/100\n|-item|p2a: How|Focus Sash|[from] ability: Frisk|[of] p1a: Banette|[identify]\n|turn|1\n|j| kung fu pokechu\n|\n|t:|1700787925\n|detailschange|p1a: Banette|Banette-Mega, F\n|-mega|p1a: Banette|Banette|Banettite\n|move|p2a: How|Stun Spore|p1a: Banette\n|-status|p1a: Banette|par\n|cant|p1a: Banette|par\n|\n|upkeep\n|turn|2\n|\n|t:|1700787931\n|move|p1a: Banette|Encore|p2a: How\n|-start|p2a: How|Encore\n|move|p2a: How|Stun Spore|p1a: Banette|[miss]\n|-miss|p2a: How|p1a: Banette\n|\n|upkeep\n|turn|3\n|j| mistahmerrikuu\n|\n|t:|1700787939\n|switch|p2a: At least 2|Garganacl, F|100\/100\n|move|p1a: Banette|Poltergeist|p2a: At least 2\n|-activate|p2a: At least 2|move: Poltergeist|Choice Band\n|-damage|p2a: At least 2|77\/100\n|\n|upkeep\n|turn|4\n|\n|t:|1700787951\n|switch|p1a: Rillaboom|Rillaboom, M|100\/100\n|-fieldstart|move: Grassy Terrain|[from] ability: Grassy Surge|[of] p1a: Rillaboom\n|move|p2a: At least 2|Stone Edge|p1a: Rillaboom\n|-damage|p1a: Rillaboom|21\/100\n|\n|-heal|p1a: Rillaboom|27\/100|[from] Grassy Terrain\n|-heal|p2a: At least 2|83\/100|[from] Grassy Terrain\n|upkeep\n|turn|5\n|\n|t:|1700787968\n|switch|p2a: How|Ribombee, F|100\/100\n|move|p1a: Rillaboom|Grassy Glide|p2a: How\n|-resisted|p2a: How\n|-damage|p2a: How|44\/100\n|\n|-heal|p2a: How|50\/100|[from] Grassy Terrain\n|-heal|p1a: Rillaboom|33\/100|[from] Grassy Terrain\n|upkeep\n|turn|6\n|\n|t:|1700787983\n|move|p1a: Rillaboom|Grassy Glide|p2a: How\n|-resisted|p2a: How\n|-damage|p2a: How|0 fnt\n|faint|p2a: How\n|\n|-heal|p1a: Rillaboom|40\/100|[from] Grassy Terrain\n|upkeep\n|\n|t:|1700787990\n|switch|p2a: Wow|Kyurem|100\/100\n|-ability|p2a: Wow|Pressure\n|turn|7\n|\n|t:|1700788002\n|switch|p1a: Banette|Banette-Mega, F|100\/100 par\n|move|p2a: Wow|Ice Beam|p1a: Banette\n|-damage|p1a: Banette|0 fnt\n|faint|p1a: Banette\n|\n|upkeep\n|\n|t:|1700788008\n|switch|p1a: Heatran|Heatran, M|100\/100\n|turn|8\n|\n|t:|1700788010\n|switch|p2a: Synergy|Kleavor, F|100\/100\n|move|p1a: Heatran|Eruption|p2a: Synergy\n|-damage|p2a: Synergy|0 fnt\n|faint|p2a: Synergy\n|\n|-fieldend|move: Grassy Terrain\n|upkeep\n|\n|t:|1700788017\n|switch|p2a: At least 2|Garganacl, F|83\/100\n|turn|9\n|\n|t:|1700788025\n|switch|p1a: Alomomola|Alomomola, F|100\/100\n|move|p2a: At least 2|Stone Edge|p1a: Alomomola\n|-damage|p1a: Alomomola|65\/100\n|\n|upkeep\n|turn|10\n|\n|t:|1700788031\n|switch|p2a: Wow|Kyurem|100\/100\n|-ability|p2a: Wow|Pressure\n|move|p1a: Alomomola|Flip Turn|p2a: Wow\n|-resisted|p2a: Wow\n|-damage|p2a: Wow|92\/100\n|\n|t:|1700788034\n|switch|p1a: Heatran|Heatran, M|100\/100|[from] Flip Turn\n|\n|upkeep\n|turn|11\n|\n|t:|1700788038\n|move|p2a: Wow|Earth Power|p1a: Heatran\n|-supereffective|p1a: Heatran\n|-crit|p1a: Heatran\n|-damage|p1a: Heatran|0 fnt\n|faint|p1a: Heatran\n|\n|upkeep\n|\n|t:|1700788043\n|switch|p1a: Rillaboom|Rillaboom, M|40\/100\n|-fieldstart|move: Grassy Terrain|[from] ability: Grassy Surge|[of] p1a: Rillaboom\n|turn|12\n|\n|t:|1700788053\n|switch|p2a: At least 2|Garganacl, F|83\/100\n|move|p1a: Rillaboom|Knock Off|p2a: At least 2\n|-damage|p2a: At least 2|44\/100\n|-enditem|p2a: At least 2|Choice Band|[from] move: Knock Off|[of] p1a: Rillaboom\n|\n|-heal|p1a: Rillaboom|46\/100|[from] Grassy Terrain\n|-heal|p2a: At least 2|50\/100|[from] Grassy Terrain\n|upkeep\n|turn|13\n|\n|t:|1700788063\n|switch|p1a: Alomomola|Alomomola, F|98\/100\n|move|p2a: At least 2|Stone Edge|p1a: Alomomola\n|-damage|p1a: Alomomola|71\/100\n|\n|-heal|p1a: Alomomola|77\/100|[from] Grassy Terrain\n|-heal|p2a: At least 2|56\/100|[from] Grassy Terrain\n|upkeep\n|turn|14\n|\n|t:|1700788071\n|switch|p2a: Wow|Kyurem|92\/100\n|-ability|p2a: Wow|Pressure\n|move|p1a: Alomomola|Flip Turn|p2a: Wow\n|-resisted|p2a: Wow\n|-damage|p2a: Wow|84\/100\n|\n|t:|1700788076\n|switch|p1a: Sneasler|Sneasler, M|100\/100|[from] Flip Turn\n|-enditem|p1a: Sneasler|Grassy Seed\n|-boost|p1a: Sneasler|def|1|[from] item: Grassy Seed\n|\n|-heal|p2a: Wow|90\/100|[from] Grassy Terrain\n|upkeep\n|turn|15\n|j| less might be more\n|\n|t:|1700788088\n|-terastallize|p1a: Sneasler|Flying\n|move|p1a: Sneasler|Swords Dance|p1a: Sneasler\n|-boost|p1a: Sneasler|atk|2\n|move|p2a: Wow|Draco Meteor|p1a: Sneasler\n|-damage|p1a: Sneasler|0 fnt\n|-unboost|p2a: Wow|spa|2\n|faint|p1a: Sneasler\n|\n|-heal|p2a: Wow|96\/100|[from] Grassy Terrain\n|upkeep\n|-message|Kedlimmm forfeited.\n|\n|win|TheStroker\n|raw|Kedlimmm's rating: 1499 &rarr; <strong>1483<\/strong><br \/>(-16 for losing)\n|raw|TheStroker's rating: 1573 &rarr; <strong>1589<\/strong><br \/>(+16 for winning)\n|l|\u2606Kedlimmm\n","uploadtime":1700788098,"views":3,"p1id":"kedlimmm","p2id":"thestroker","formatid":"gen9nationaldex","rating":1483,"private":0,"password":""}