{"id":"gen9nationaldex-1998198717","p1":"UltraDJames","p2":"topang567","format":"[Gen 9] National Dex","log":"|html|<div class=\"broadcast-blue\"><strong>[Gen 9] National Dex is currently suspecting Sneasler! For information on how to participate check out the <a href=\"https:\/\/www.smogon.com\/forums\/threads\/sv-national-dex-suspect-8-just-dance.3731534\/\">suspect thread<\/a>.<\/strong><\/div>\n|j|\u2606UltraDJames\n|j|\u2606topang567\n|t:|1700911116\n|gametype|singles\n|player|p1|UltraDJames|falkner|1215\n|player|p2|topang567|dancer|1113\n|teamsize|p1|6\n|teamsize|p2|6\n|gen|9\n|tier|[Gen 9] National Dex\n|rated|\n|rule|HP Percentage Mod: HP is shown in percentages\n|rule|Endless Battle Clause: Forcing endless battles is banned\n|rule|OHKO Clause: OHKO moves are banned\n|rule|Evasion Clause: Evasion abilities, items, and moves are banned\n|rule|Evasion Abilities Clause: Evasion abilities are banned\n|rule|Evasion Items Clause: Evasion items are banned\n|rule|Evasion Moves Clause: Evasion moves are banned\n|rule|Species Clause: Limit one of each Pok\u00e9mon\n|rule|Sleep Clause Mod: Limit one foe put to sleep\n|clearpoke\n|poke|p1|Obstagoon, F|\n|poke|p1|Golisopod, F|\n|poke|p1|Zapdos-Galar|\n|poke|p1|Cursola, M|\n|poke|p1|Altaria, F|\n|poke|p1|Excadrill, M|\n|poke|p2|Iron Moth|\n|poke|p2|Charizard, M|\n|poke|p2|Coalossal, F|\n|poke|p2|Blacephalon|\n|poke|p2|Blaziken, F|\n|poke|p2|Scovillain, M|\n|teampreview\n|inactive|Battle timer is ON: inactive players will automatically lose when time's up. (requested by UltraDJames)\n|c|\u2606UltraDJames|gl\n|c|\u2606UltraDJames|whelp im screwed\n|c|\u2606topang567|na\n|\n|t:|1700911139\n|start\n|switch|p1a: Excadrill|Excadrill, M|100\/100\n|switch|p2a: kfc|Blaziken, F|100\/100\n|-ability|p1a: Excadrill|Mold Breaker\n|turn|1\n|c|\u2606topang567|i only have one pokemon op\n|c|\u2606topang567|glhf\n|\n|t:|1700911149\n|move|p2a: kfc|Protect|p2a: kfc\n|-singleturn|p2a: kfc|Protect\n|move|p1a: Excadrill|Stealth Rock|p2a: kfc\n|-sidestart|p2: topang567|move: Stealth Rock\n|\n|-ability|p2a: kfc|Speed Boost|boost\n|-boost|p2a: kfc|spe|1\n|upkeep\n|turn|2\n|\n|t:|1700911153\n|move|p2a: kfc|High Jump Kick|p1a: Excadrill\n|-supereffective|p1a: Excadrill\n|-damage|p1a: Excadrill|0 fnt\n|faint|p1a: Excadrill\n|\n|-ability|p2a: kfc|Speed Boost|boost\n|-boost|p2a: kfc|spe|1\n|upkeep\n|\n|t:|1700911170\n|switch|p1a: Altaria|Altaria, F|100\/100\n|turn|3\n|\n|t:|1700911173\n|move|p2a: kfc|Knock Off|p1a: Altaria\n|-damage|p1a: Altaria|72\/100\n|move|p1a: Altaria|Dragon Dance|p1a: Altaria\n|-boost|p1a: Altaria|atk|1\n|-boost|p1a: Altaria|spe|1\n|\n|-ability|p2a: kfc|Speed Boost|boost\n|-boost|p2a: kfc|spe|1\n|upkeep\n|turn|4\n|c|\u2606topang567|altarianite?\n|\n|t:|1700911185\n|detailschange|p1a: Altaria|Altaria-Mega, F\n|-mega|p1a: Altaria|Altaria|Altarianite\n|move|p2a: kfc|High Jump Kick|p1a: Altaria\n|-resisted|p1a: Altaria\n|-damage|p1a: Altaria|32\/100\n|move|p1a: Altaria|Dual Wingbeat|p2a: kfc\n|-supereffective|p2a: kfc\n|-damage|p2a: kfc|34\/100\n|-supereffective|p2a: kfc\n|-damage|p2a: kfc|0 fnt\n|faint|p2a: kfc\n|-hitcount|p2: kfc|2\n|\n|upkeep\n|c|\u2606UltraDJames|yes\n|\n|t:|1700911194\n|switch|p2a: Polilla|Iron Moth|100\/100\n|-damage|p2a: Polilla|76\/100|[from] Stealth Rock\n|-enditem|p2a: Polilla|Booster Energy\n|-activate|p2a: Polilla|ability: Quark Drive|[fromitem]\n|-start|p2a: Polilla|quarkdrivespa\n|turn|5\n|\n|t:|1700911197\n|move|p1a: Altaria|Earthquake|p2a: Polilla\n|-supereffective|p2a: Polilla\n|-damage|p2a: Polilla|0 fnt\n|faint|p2a: Polilla\n|-end|p2a: Polilla|Quark Drive|[silent]\n|\n|upkeep\n|\n|t:|1700911203\n|switch|p2a: globitos durex|Blacephalon|100\/100\n|-damage|p2a: globitos durex|76\/100|[from] Stealth Rock\n|turn|6\n|\n|t:|1700911207\n|-terastallize|p2a: globitos durex|Normal\n|move|p1a: Altaria|Earthquake|p2a: globitos durex\n|-damage|p2a: globitos durex|0 fnt\n|faint|p2a: globitos durex\n|\n|upkeep\n|\n|t:|1700911210\n|switch|p2a: Dragon fake|Charizard, M|100\/100\n|-damage|p2a: Dragon fake|51\/100|[from] Stealth Rock\n|turn|7\n|c|\u2606UltraDJames|oh damn\n|\n|t:|1700911222\n|detailschange|p2a: Dragon fake|Charizard-Mega-X, M\n|-mega|p2a: Dragon fake|Charizard|Charizardite X\n|move|p1a: Altaria|Dual Wingbeat|p2a: Dragon fake\n|-damage|p2a: Dragon fake|28\/100\n|-damage|p2a: Dragon fake|7\/100\n|-hitcount|p2a: Dragon fake|2\n|move|p2a: Dragon fake|Dragon Dance|p2a: Dragon fake\n|-boost|p2a: Dragon fake|atk|1\n|-boost|p2a: Dragon fake|spe|1\n|\n|upkeep\n|turn|8\n|\n|t:|1700911243\n|move|p2a: Dragon fake|Thunder Punch|p1a: Altaria\n|-resisted|p1a: Altaria\n|-damage|p1a: Altaria|1\/100\n|move|p1a: Altaria|Dragon Dance|p1a: Altaria\n|-boost|p1a: Altaria|atk|1\n|-boost|p1a: Altaria|spe|1\n|\n|upkeep\n|turn|9\n|c|\u2606UltraDJames|oof soz fam\n|c|\u2606topang567|gg\n|c|\u2606UltraDJames|1hp\n|\n|t:|1700911260\n|move|p1a: Altaria|Return|p2a: Dragon fake\n|-damage|p2a: Dragon fake|0 fnt\n|faint|p2a: Dragon fake\n|\n|upkeep\n|\n|t:|1700911265\n|switch|p2a: Scovillain|Scovillain, M|100\/100\n|-damage|p2a: Scovillain|76\/100|[from] Stealth Rock\n|turn|10\n|\n|t:|1700911269\n|move|p1a: Altaria|Dual Wingbeat|p2a: Scovillain\n|-supereffective|p2a: Scovillain\n|-damage|p2a: Scovillain|0 fnt\n|faint|p2a: Scovillain\n|-hitcount|p2: Scovillain|1\n|\n|upkeep\n|\n|t:|1700911271\n|switch|p2a: cabronosal|Coalossal, F|100\/100\n|-damage|p2a: cabronosal|76\/100|[from] Stealth Rock\n|turn|11\n|c|\u2606UltraDJames|i do want to see this coalossal\n|\n|t:|1700911289\n|move|p1a: Altaria|Dragon Dance|p1a: Altaria\n|-boost|p1a: Altaria|atk|1\n|-boost|p1a: Altaria|spe|1\n|move|p2a: cabronosal|Stone Edge|p1a: Altaria\n|-damage|p1a: Altaria|0 fnt\n|faint|p1a: Altaria\n|\n|upkeep\n|\n|t:|1700911296\n|switch|p1a: Obstagoon|Obstagoon, F|100\/100\n|turn|12\n|\n|t:|1700911314\n|move|p1a: Obstagoon|Low Kick|p2a: cabronosal\n|-supereffective|p2a: cabronosal\n|-damage|p2a: cabronosal|34\/100\n|move|p2a: cabronosal|Iron Defense|p2a: cabronosal\n|-boost|p2a: cabronosal|def|2\n|\n|-status|p1a: Obstagoon|brn|[from] item: Flame Orb\n|upkeep\n|turn|13\n|\n|t:|1700911321\n|move|p1a: Obstagoon|Low Kick|p2a: cabronosal\n|-supereffective|p2a: cabronosal\n|-crit|p2a: cabronosal\n|-damage|p2a: cabronosal|0 fnt\n|faint|p2a: cabronosal\n|\n|win|UltraDJames\n|raw|UltraDJames's rating: 1215 &rarr; <strong>1233<\/strong><br \/>(+18 for winning)\n|raw|topang567's rating: 1113 &rarr; <strong>1095<\/strong><br \/>(-18 for losing)\n|c|\u2606topang567|gg\n|l|\u2606topang567\n|c|\u2606UltraDJames|ggs\n","uploadtime":1700911329,"views":0,"p1id":"ultradjames","p2id":"topang567","formatid":"gen9nationaldex","rating":1095,"private":0,"password":""}