{"id":"gen9nationaldex-1993911669","p1":"hexagonereal","p2":"bu wei chen chen","format":"[Gen 9] National Dex","log":"|j|\u2606hexagonereal\n|j|\u2606bu wei chen chen\n|t:|1700374145\n|gametype|singles\n|player|p1|hexagonereal|cyrus|1346\n|player|p2|bu wei chen chen|dawn|1391\n|teamsize|p1|6\n|teamsize|p2|6\n|gen|9\n|tier|[Gen 9] National Dex\n|rated|\n|rule|HP Percentage Mod: HP is shown in percentages\n|rule|Endless Battle Clause: Forcing endless battles is banned\n|rule|OHKO Clause: OHKO moves are banned\n|rule|Evasion Clause: Evasion abilities, items, and moves are banned\n|rule|Evasion Abilities Clause: Evasion abilities are banned\n|rule|Evasion Items Clause: Evasion items are banned\n|rule|Evasion Moves Clause: Evasion moves are banned\n|rule|Species Clause: Limit one of each Pok\u00e9mon\n|rule|Sleep Clause Mod: Limit one foe put to sleep\n|clearpoke\n|poke|p1|Grimmsnarl, M|\n|poke|p1|Volcarona, F|\n|poke|p1|Kartana|\n|poke|p1|Gyarados, M|\n|poke|p1|Weavile, F|\n|poke|p1|Iron Valiant|\n|poke|p2|Nihilego|\n|poke|p2|Mimikyu, F|\n|poke|p2|Sharpedo, M|\n|poke|p2|Dragonite, M|\n|poke|p2|Ting-Lu|\n|poke|p2|Moltres|\n|teampreview\n|inactive|Battle timer is ON: inactive players will automatically lose when time's up. (requested by bu wei chen chen)\n|\n|t:|1700374165\n|start\n|switch|p1a: Jabberwocky|Grimmsnarl, M|100\/100\n|switch|p2a: Nihilego|Nihilego, shiny|100\/100\n|turn|1\n|\n|t:|1700374177\n|move|p1a: Jabberwocky|Light Screen|p1a: Jabberwocky\n|-sidestart|p1: hexagonereal|move: Light Screen\n|move|p2a: Nihilego|Sludge Wave|p1a: Jabberwocky\n|-supereffective|p1a: Jabberwocky\n|-damage|p1a: Jabberwocky|63\/100\n|\n|upkeep\n|turn|2\n|\n|t:|1700374184\n|move|p1a: Jabberwocky|Reflect|p1a: Jabberwocky\n|-sidestart|p1: hexagonereal|Reflect\n|move|p2a: Nihilego|Meteor Beam||[still]\n|-prepare|p2a: Nihilego|Meteor Beam\n|-boost|p2a: Nihilego|spa|1\n|-enditem|p2a: Nihilego|Power Herb\n|-anim|p2a: Nihilego|Meteor Beam|p1a: Jabberwocky\n|-damage|p1a: Jabberwocky|31\/100\n|\n|upkeep\n|turn|3\n|\n|t:|1700374191\n|move|p1a: Jabberwocky|Parting Shot|p2a: Nihilego\n|-unboost|p2a: Nihilego|atk|1\n|-unboost|p2a: Nihilego|spa|1\n|\n|t:|1700374202\n|switch|p1a: Washing A Ton|Gyarados, M|100\/100|[from] Parting Shot\n|-ability|p1a: Washing A Ton|Intimidate|boost\n|-unboost|p2a: Nihilego|atk|1\n|move|p2a: Nihilego|Sludge Wave|p1a: Washing A Ton\n|-damage|p1a: Washing A Ton|76\/100\n|\n|upkeep\n|turn|4\n|\n|t:|1700374216\n|switch|p2a: Ting-Lu|Ting-Lu|100\/100\n|-ability|p2a: Ting-Lu|Vessel of Ruin\n|detailschange|p1a: Washing A Ton|Gyarados-Mega, M\n|-mega|p1a: Washing A Ton|Gyarados|Gyaradosite\n|-ability|p1a: Washing A Ton|Mold Breaker\n|move|p1a: Washing A Ton|Dragon Dance|p1a: Washing A Ton\n|-boost|p1a: Washing A Ton|atk|1\n|-boost|p1a: Washing A Ton|spe|1\n|\n|upkeep\n|turn|5\n|\n|t:|1700374225\n|move|p1a: Washing A Ton|Waterfall|p2a: Ting-Lu\n|-supereffective|p2a: Ting-Lu\n|-damage|p2a: Ting-Lu|15\/100\n|move|p2a: Ting-Lu|Whirlwind|p1a: Washing A Ton\n|drag|p1a: Jabberwocky|Grimmsnarl, M|31\/100\n|\n|-heal|p2a: Ting-Lu|22\/100|[from] item: Leftovers\n|upkeep\n|turn|6\n|\n|t:|1700374236\n|switch|p1a: Karti|Kartana|100\/100\n|move|p2a: Ting-Lu|Stealth Rock|p1a: Karti\n|-sidestart|p1: hexagonereal|move: Stealth Rock\n|\n|-heal|p2a: Ting-Lu|28\/100|[from] item: Leftovers\n|upkeep\n|turn|7\n|\n|t:|1700374259\n|switch|p2a: Moltres|Moltres|100\/100\n|move|p1a: Karti|Leaf Blade|p2a: Moltres\n|-resisted|p2a: Moltres\n|-damage|p2a: Moltres|84\/100\n|\n|upkeep\n|turn|8\n|\n|t:|1700374268\n|switch|p1a: Washing A Ton|Gyarados-Mega, M|76\/100\n|-damage|p1a: Washing A Ton|63\/100|[from] Stealth Rock\n|-ability|p1a: Washing A Ton|Mold Breaker\n|move|p2a: Moltres|Scorching Sands|p1a: Washing A Ton\n|-damage|p1a: Washing A Ton|55\/100\n|\n|-sideend|p1: hexagonereal|move: Light Screen\n|upkeep\n|turn|9\n|\n|t:|1700374280\n|move|p1a: Washing A Ton|Dragon Dance|p1a: Washing A Ton\n|-boost|p1a: Washing A Ton|atk|1\n|-boost|p1a: Washing A Ton|spe|1\n|move|p2a: Moltres|Toxic|p1a: Washing A Ton\n|-status|p1a: Washing A Ton|tox\n|\n|-damage|p1a: Washing A Ton|49\/100 tox|[from] psn\n|-sideend|p1: hexagonereal|Reflect\n|upkeep\n|turn|10\n|\n|t:|1700374296\n|switch|p2a: Ting-Lu|Ting-Lu|28\/100\n|-ability|p2a: Ting-Lu|Vessel of Ruin\n|move|p1a: Washing A Ton|Waterfall|p2a: Ting-Lu\n|-supereffective|p2a: Ting-Lu\n|-damage|p2a: Ting-Lu|0 fnt\n|faint|p2a: Ting-Lu\n|\n|-damage|p1a: Washing A Ton|37\/100 tox|[from] psn\n|upkeep\n|inactive|bu wei chen chen has 120 seconds left.\n|\n|t:|1700374316\n|switch|p2a: Dragonite|Dragonite, M|100\/100\n|turn|11\n|\n|t:|1700374319\n|move|p1a: Washing A Ton|Crunch|p2a: Dragonite\n|-damage|p2a: Dragonite|16\/100\n|move|p2a: Dragonite|Dragon Dance|p2a: Dragonite\n|-boost|p2a: Dragonite|atk|1\n|-boost|p2a: Dragonite|spe|1\n|\n|-damage|p1a: Washing A Ton|19\/100 tox|[from] psn\n|upkeep\n|turn|12\n|\n|t:|1700374326\n|move|p2a: Dragonite|Extreme Speed|p1a: Washing A Ton\n|-damage|p1a: Washing A Ton|0 fnt\n|faint|p1a: Washing A Ton\n|\n|upkeep\n|\n|t:|1700374330\n|switch|p1a: Jabberwocky|Grimmsnarl, M|31\/100\n|-damage|p1a: Jabberwocky|18\/100|[from] Stealth Rock\n|turn|13\n|\n|t:|1700374337\n|move|p2a: Dragonite|Extreme Speed|p1a: Jabberwocky\n|-damage|p1a: Jabberwocky|0 fnt\n|faint|p1a: Jabberwocky\n|\n|upkeep\n|\n|t:|1700374355\n|switch|p1a: Mothra|Volcarona, F|100\/100\n|turn|14\n|\n|t:|1700374370\n|move|p2a: Dragonite|Fly||[still]\n|-prepare|p2a: Dragonite|Fly\n|move|p1a: Mothra|Substitute|p1a: Mothra\n|-start|p1a: Mothra|Substitute\n|-damage|p1a: Mothra|76\/100\n|\n|upkeep\n|turn|15\n|\n|t:|1700374382\n|-terastallize|p1a: Mothra|Ground\n|move|p2a: Dragonite|Fly|p1a: Mothra|[from]lockedmove\n|-crit|p1a: Mothra\n|-end|p1a: Mothra|Substitute\n|move|p1a: Mothra|Quiver Dance|p1a: Mothra\n|-boost|p1a: Mothra|spa|1\n|-boost|p1a: Mothra|spd|1\n|-boost|p1a: Mothra|spe|1\n|\n|upkeep\n|turn|16\n|\n|t:|1700374395\n|move|p2a: Dragonite|Extreme Speed|p1a: Mothra\n|-damage|p1a: Mothra|0 fnt\n|faint|p1a: Mothra\n|\n|upkeep\n|c|\u2606bu wei chen chen|\uff1f\uff1f\uff1f\n|c|\u2606hexagonereal|Ngl didnt expect that to kill\n|\n|t:|1700374417\n|switch|p1a: Harlem|Weavile, F|100\/100\n|-ability|p1a: Harlem|Pressure\n|turn|17\n|c|\u2606bu wei chen chen|no defense\uff1f\n|\n|t:|1700374435\n|move|p2a: Dragonite|Extreme Speed|p1a: Harlem\n|-damage|p1a: Harlem|19\/100\n|move|p1a: Harlem|Ice Shard|p2a: Dragonite\n|-supereffective|p2a: Dragonite\n|-damage|p2a: Dragonite|0 fnt\n|faint|p2a: Dragonite\n|\n|upkeep\n|c|\u2606hexagonereal|wiat how did this survive\n|c|\u2606bu wei chen chen|hhhhh\n|c|\u2606bu wei chen chen|good luck\n|inactive|bu wei chen chen has 120 seconds left.\n|c|\u2606hexagonereal|its over for me\n|\n|t:|1700374469\n|switch|p2a: Nihilego|Nihilego, shiny|100\/100\n|turn|18\n|\n|t:|1700374474\n|move|p1a: Harlem|Knock Off|p2a: Nihilego\n|-damage|p2a: Nihilego|51\/100\n|move|p2a: Nihilego|Hidden Power|p1a: Harlem\n|-supereffective|p1a: Harlem\n|-damage|p1a: Harlem|0 fnt\n|faint|p1a: Harlem\n|-ability|p2a: Nihilego|Beast Boost|boost\n|-boost|p2a: Nihilego|spe|1\n|\n|upkeep\n|\n|t:|1700374484\n|switch|p1a: Budget Approved|Iron Valiant|100\/100\n|-damage|p1a: Budget Approved|94\/100|[from] Stealth Rock\n|-enditem|p1a: Budget Approved|Booster Energy\n|-activate|p1a: Budget Approved|ability: Quark Drive|[fromitem]\n|-start|p1a: Budget Approved|quarkdrivespe\n|turn|19\n|inactive|bu wei chen chen has 120 seconds left.\n|\n|t:|1700374510\n|move|p1a: Budget Approved|Aura Sphere|p2a: Nihilego\n|-damage|p2a: Nihilego|20\/100\n|move|p2a: Nihilego|Sludge Wave|p1a: Budget Approved\n|-supereffective|p1a: Budget Approved\n|-damage|p1a: Budget Approved|0 fnt\n|faint|p1a: Budget Approved\n|-end|p1a: Budget Approved|Quark Drive|[silent]\n|-ability|p2a: Nihilego|Beast Boost|boost\n|-boost|p2a: Nihilego|spe|1\n|\n|upkeep\n|\n|t:|1700374516\n|switch|p1a: Karti|Kartana|100\/100\n|-damage|p1a: Karti|94\/100|[from] Stealth Rock\n|turn|20\n|\n|t:|1700374525\n|-terastallize|p2a: Nihilego|Fire\n|move|p2a: Nihilego|Hidden Power|p1a: Karti\n|-supereffective|p1a: Karti\n|-damage|p1a: Karti|0 fnt\n|faint|p1a: Karti\n|\n|win|bu wei chen chen\n|raw|hexagonereal's rating: 1346 &rarr; <strong>1329<\/strong><br \/>(-17 for losing)\n|raw|bu wei chen chen's rating: 1391 &rarr; <strong>1408<\/strong><br \/>(+17 for winning)\n|c|\u2606bu wei chen chen|gg\n|c|\u2606hexagonereal|gg\n|l|\u2606hexagonereal\n|c|\u2606bu wei chen chen|bye\n","uploadtime":1700374537,"views":17,"p1id":"hexagonereal","p2id":"buweichenchen","formatid":"gen9nationaldex","rating":1329,"private":0,"password":""}