{"id":"gen9nationaldex-1995061179","p1":"Frustration UwU","p2":"MamaoPapaya","format":"[Gen 9] National Dex","log":"|html|<div class=\"broadcast-blue\"><strong>[Gen 9] National Dex is currently suspecting Sneasler! For information on how to participate check out the <a href=\"https:\/\/www.smogon.com\/forums\/threads\/sv-national-dex-suspect-8-just-dance.3731534\/\">suspect thread<\/a>.<\/strong><\/div>\n|j|\u2606Frustration UwU\n|j|\u2606MamaoPapaya\n|t:|1700518338\n|gametype|singles\n|player|p1|Frustration UwU|schoolkid-gen4|1141\n|player|p2|MamaoPapaya|worker|1073\n|teamsize|p1|6\n|teamsize|p2|6\n|gen|9\n|tier|[Gen 9] National Dex\n|rated|\n|rule|HP Percentage Mod: HP is shown in percentages\n|rule|Endless Battle Clause: Forcing endless battles is banned\n|rule|OHKO Clause: OHKO moves are banned\n|rule|Evasion Clause: Evasion abilities, items, and moves are banned\n|rule|Evasion Abilities Clause: Evasion abilities are banned\n|rule|Evasion Items Clause: Evasion items are banned\n|rule|Evasion Moves Clause: Evasion moves are banned\n|rule|Species Clause: Limit one of each Pok\u00e9mon\n|rule|Sleep Clause Mod: Limit one foe put to sleep\n|clearpoke\n|poke|p1|Pikachu, F|\n|poke|p1|Togetic, M|\n|poke|p1|Liepard, M|\n|poke|p1|Marill, M|\n|poke|p1|Butterfree, F|\n|poke|p1|Smeargle, F|\n|poke|p2|Haxorus, M|\n|poke|p2|Galvantula, F|\n|poke|p2|Emboar, M|\n|poke|p2|Whimsicott, F|\n|poke|p2|Alomomola, F|\n|poke|p2|Stoutland, M|\n|teampreview\n|inactive|Battle timer is ON: inactive players will automatically lose when time's up. (requested by MamaoPapaya)\n|inactive|Frustration UwU also wants the timer to be on.\n|c|\u2606Frustration UwU|Glhf\n|c|\u2606MamaoPapaya|I am terrified\n|c|\u2606Frustration UwU|Don't be this team sucks lol\n|inactive|MamaoPapaya has 120 seconds left.\n|\n|t:|1700518380\n|start\n|switch|p1a: Pisscaso|Smeargle, F, shiny|100\/100\n|switch|p2a: Spy|Galvantula, F|100\/100\n|turn|1\n|\n|t:|1700518389\n|move|p2a: Spy|Sticky Web|p1a: Pisscaso\n|-sidestart|p1: Frustration UwU|move: Sticky Web\n|move|p1a: Pisscaso|Sticky Web|p2a: Spy\n|-sidestart|p2: MamaoPapaya|move: Sticky Web\n|\n|upkeep\n|turn|2\n|\n|t:|1700518397\n|move|p2a: Spy|Volt Switch|p1a: Pisscaso\n|-damage|p1a: Pisscaso|36\/100\n|\n|t:|1700518408\n|switch|p2a: Cotton|Whimsicott, F|100\/100|[from] Volt Switch\n|move|p1a: Pisscaso|Rapid Spin|p2a: Cotton\n|-damage|p2a: Cotton|96\/100\n|-boost|p1a: Pisscaso|spe|1\n|-sideend|p1: Frustration UwU|Sticky Web|[from] move: Rapid Spin|[of] p1a: Pisscaso\n|\n|upkeep\n|turn|3\n|\n|t:|1700518414\n|move|p2a: Cotton|Defog|p1a: Pisscaso\n|-unboost|p1a: Pisscaso|evasion|1\n|-sideend|p2: MamaoPapaya|Sticky Web|[from] move: Defog|[of] p2a: Cotton\n|move|p1a: Pisscaso|Glare|p2a: Cotton\n|-status|p2a: Cotton|par\n|\n|upkeep\n|turn|4\n|\n|t:|1700518418\n|move|p2a: Cotton|Encore|p1a: Pisscaso\n|-start|p1a: Pisscaso|Encore\n|move|p1a: Pisscaso|Glare|p2a: Cotton\n|-fail|p2a: Cotton|par\n|\n|upkeep\n|turn|5\n|\n|t:|1700518424\n|switch|p1a: Grotesque Gallery|Butterfree, F|100\/100\n|switch|p2a: Spy|Galvantula, F|100\/100\n|\n|upkeep\n|turn|6\n|\n|t:|1700518434\n|move|p2a: Spy|Sticky Web|p1a: Grotesque Gallery\n|-sidestart|p1: Frustration UwU|move: Sticky Web\n|move|p1a: Grotesque Gallery|Sleep Powder|p2a: Spy\n|-status|p2a: Spy|slp|[from] move: Sleep Powder\n|\n|upkeep\n|turn|7\n|\n|t:|1700518453\n|cant|p2a: Spy|slp\n|move|p1a: Grotesque Gallery|Quiver Dance|p1a: Grotesque Gallery\n|-boost|p1a: Grotesque Gallery|spa|1\n|-boost|p1a: Grotesque Gallery|spd|1\n|-boost|p1a: Grotesque Gallery|spe|1\n|\n|upkeep\n|turn|8\n|\n|t:|1700518469\n|move|p1a: Grotesque Gallery|Quiver Dance|p1a: Grotesque Gallery\n|-boost|p1a: Grotesque Gallery|spa|1\n|-boost|p1a: Grotesque Gallery|spd|1\n|-boost|p1a: Grotesque Gallery|spe|1\n|-curestatus|p2a: Spy|slp|[msg]\n|move|p2a: Spy|Thunder|p1a: Grotesque Gallery\n|-supereffective|p1a: Grotesque Gallery\n|-damage|p1a: Grotesque Gallery|26\/100\n|\n|upkeep\n|turn|9\n|\n|t:|1700518492\n|move|p1a: Grotesque Gallery|Hurricane|p2a: Spy\n|-enditem|p2a: Spy|Focus Sash\n|-damage|p2a: Spy|1\/100\n|move|p2a: Spy|Volt Switch|p1a: Grotesque Gallery\n|-supereffective|p1a: Grotesque Gallery\n|-damage|p1a: Grotesque Gallery|0 fnt\n|faint|p1a: Grotesque Gallery\n|c|\u2606Frustration UwU|Oof\n|\n|t:|1700518499\n|switch|p2a: Cotton|Whimsicott, F|96\/100 par|[from] Volt Switch\n|\n|upkeep\n|\n|t:|1700518515\n|switch|p1a: Half Baked|Togetic, M|100\/100\n|turn|10\n|\n|t:|1700518523\n|move|p2a: Cotton|Taunt|p1a: Half Baked\n|-start|p1a: Half Baked|move: Taunt\n|cant|p1a: Half Baked|move: Taunt|Defog\n|\n|upkeep\n|turn|11\n|\n|t:|1700518534\n|cant|p2a: Cotton|par\n|move|p1a: Half Baked|Ancient Power|p2a: Cotton\n|-damage|p2a: Cotton|79\/100 par\n|\n|upkeep\n|turn|12\n|\n|t:|1700518546\n|cant|p2a: Cotton|par\n|move|p1a: Half Baked|Ancient Power|p2a: Cotton\n|-damage|p2a: Cotton|64\/100 par\n|\n|-end|p1a: Half Baked|move: Taunt\n|upkeep\n|turn|13\n|\n|t:|1700518550\n|move|p2a: Cotton|Taunt|p1a: Half Baked\n|-start|p1a: Half Baked|move: Taunt\n|move|p1a: Half Baked|Ancient Power|p2a: Cotton\n|-damage|p2a: Cotton|48\/100 par\n|\n|upkeep\n|turn|14\n|c|\u2606Frustration UwU|This is the Pok\u00e9mon equivalent of gambling lol\n|\n|t:|1700518570\n|switch|p2a: John Cena|Emboar, M, shiny|100\/100\n|move|p1a: Half Baked|Ancient Power|p2a: John Cena\n|-damage|p2a: John Cena|84\/100\n|-boost|p1a: Half Baked|atk|1\n|-boost|p1a: Half Baked|def|1\n|-boost|p1a: Half Baked|spa|1\n|-boost|p1a: Half Baked|spd|1\n|-boost|p1a: Half Baked|spe|1\n|\n|upkeep\n|turn|15\n|\n|t:|1700518576\n|move|p2a: John Cena|Wild Charge|p1a: Half Baked\n|-supereffective|p1a: Half Baked\n|-damage|p1a: Half Baked|50\/100\n|-damage|p2a: John Cena|73\/100|[from] Recoil\n|move|p1a: Half Baked|Ancient Power|p2a: John Cena\n|-damage|p2a: John Cena|48\/100\n|\n|-end|p1a: Half Baked|move: Taunt\n|upkeep\n|turn|16\n|\n|t:|1700518591\n|-terastallize|p1a: Half Baked|Fire\n|move|p2a: John Cena|Wild Charge|p1a: Half Baked\n|-damage|p1a: Half Baked|25\/100\n|-damage|p2a: John Cena|43\/100|[from] Recoil\n|move|p1a: Half Baked|Roost|p1a: Half Baked\n|-heal|p1a: Half Baked|75\/100\n|\n|upkeep\n|turn|17\n|\n|t:|1700518599\n|switch|p2a: Cotton|Whimsicott, F|48\/100 par\n|move|p1a: Half Baked|Roost|p1a: Half Baked\n|-heal|p1a: Half Baked|100\/100\n|\n|upkeep\n|turn|18\n|\n|t:|1700518604\n|move|p2a: Cotton|Taunt|p1a: Half Baked\n|-start|p1a: Half Baked|move: Taunt\n|move|p1a: Half Baked|Ancient Power|p2a: Cotton\n|-damage|p2a: Cotton|23\/100 par\n|\n|upkeep\n|turn|19\n|\n|t:|1700518614\n|cant|p2a: Cotton|par\n|move|p1a: Half Baked|Ancient Power|p2a: Cotton\n|-damage|p2a: Cotton|0 fnt\n|faint|p2a: Cotton\n|\n|upkeep\n|j| f1r35t0rm_96\n|\n|t:|1700518624\n|switch|p2a: Axl|Haxorus, M|100\/100\n|-ability|p2a: Axl|Mold Breaker\n|turn|20\n|\n|t:|1700518632\n|move|p2a: Axl|Earthquake|p1a: Half Baked\n|-supereffective|p1a: Half Baked\n|-damage|p1a: Half Baked|53\/100\n|-damage|p2a: Axl|91\/100|[from] item: Life Orb\n|move|p1a: Half Baked|Ancient Power|p2a: Axl\n|-damage|p2a: Axl|62\/100\n|\n|-end|p1a: Half Baked|move: Taunt\n|upkeep\n|turn|21\n|\n|t:|1700518641\n|move|p2a: Axl|Earthquake|p1a: Half Baked\n|-supereffective|p1a: Half Baked\n|-damage|p1a: Half Baked|4\/100\n|-damage|p2a: Axl|52\/100|[from] item: Life Orb\n|move|p1a: Half Baked|Fire Blast|p2a: Axl\n|-resisted|p2a: Axl\n|-damage|p2a: Axl|16\/100\n|\n|upkeep\n|turn|22\n|\n|t:|1700518652\n|move|p2a: Axl|Earthquake|p1a: Half Baked\n|-supereffective|p1a: Half Baked\n|-damage|p1a: Half Baked|0 fnt\n|faint|p1a: Half Baked\n|-damage|p2a: Axl|6\/100|[from] item: Life Orb\n|\n|upkeep\n|\n|t:|1700518655\n|switch|p1a: Ugly Company|Pikachu, F|100\/100\n|-activate|p1a: Ugly Company|move: Sticky Web\n|-unboost|p1a: Ugly Company|spe|1\n|turn|23\n|\n|t:|1700518665\n|move|p1a: Ugly Company|Fake Out|p2a: Axl\n|-damage|p2a: Axl|0 fnt\n|faint|p2a: Axl\n|\n|upkeep\n|\n|t:|1700518670\n|switch|p2a: A Dog|Stoutland, M|100\/100\n|turn|24\n|\n|t:|1700518685\n|move|p1a: Ugly Company|Volt Tackle|p2a: A Dog\n|-damage|p2a: A Dog|8\/100\n|-status|p2a: A Dog|par\n|-damage|p1a: Ugly Company|55\/100|[from] Recoil\n|cant|p2a: A Dog|par\n|\n|upkeep\n|turn|25\n|\n|t:|1700518693\n|move|p1a: Ugly Company|Volt Tackle|p2a: A Dog\n|-damage|p2a: A Dog|0 fnt\n|faint|p2a: A Dog\n|-damage|p1a: Ugly Company|52\/100|[from] Recoil\n|\n|upkeep\n|\n|t:|1700518698\n|switch|p2a: Spy|Galvantula, F|1\/100\n|turn|26\n|\n|t:|1700518706\n|move|p1a: Ugly Company|Extreme Speed|p2a: Spy\n|-damage|p2a: Spy|0 fnt\n|faint|p2a: Spy\n|\n|upkeep\n|\n|t:|1700518711\n|switch|p2a: John Cena|Emboar, M, shiny|43\/100\n|turn|27\n|\n|t:|1700518718\n|move|p1a: Ugly Company|Extreme Speed|p2a: John Cena\n|-damage|p2a: John Cena|2\/100\n|move|p2a: John Cena|Earthquake|p1a: Ugly Company\n|-supereffective|p1a: Ugly Company\n|-damage|p1a: Ugly Company|0 fnt\n|faint|p1a: Ugly Company\n|\n|upkeep\n|\n|t:|1700518722\n|switch|p1a: Farded|Liepard, M|100\/100\n|-activate|p1a: Farded|move: Sticky Web\n|-unboost|p1a: Farded|spe|1\n|turn|28\n|c|\u2606MamaoPapaya|ggwp\n|\n|t:|1700518735\n|switch|p2a: Lovedisc|Alomomola, F|100\/100\n|move|p1a: Farded|Dark Pulse|p2a: Lovedisc\n|-damage|p2a: Lovedisc|70\/100\n|\n|upkeep\n|turn|29\n|c|\u2606Frustration UwU|GGS\n|\n|t:|1700518745\n|move|p1a: Farded|Substitute|p1a: Farded\n|-start|p1a: Farded|Substitute\n|-damage|p1a: Farded|76\/100\n|move|p2a: Lovedisc|Toxic||[still]\n|-fail|p2a: Lovedisc\n|\n|upkeep\n|turn|30\n|\n|t:|1700518751\n|move|p1a: Farded|Nasty Plot|p1a: Farded\n|-boost|p1a: Farded|spa|2\n|move|p2a: Lovedisc|Wish|p2a: Lovedisc\n|\n|upkeep\n|turn|31\n|\n|t:|1700518760\n|switch|p2a: John Cena|Emboar, M, shiny|2\/100\n|move|p1a: Farded|Nasty Plot|p1a: Farded\n|-boost|p1a: Farded|spa|2\n|\n|-heal|p2a: John Cena|68\/100|[from] move: Wish|[wisher] Lovedisc\n|upkeep\n|turn|32\n|\n|t:|1700518769\n|move|p2a: John Cena|Earthquake|p1a: Farded\n|-end|p1a: Farded|Substitute\n|move|p1a: Farded|Dark Pulse|p2a: John Cena\n|-resisted|p2a: John Cena\n|-damage|p2a: John Cena|4\/100\n|\n|upkeep\n|turn|33\n|\n|t:|1700518775\n|move|p2a: John Cena|Earthquake|p1a: Farded\n|-damage|p1a: Farded|0 fnt\n|faint|p1a: Farded\n|\n|upkeep\n|c|\u2606Frustration UwU|Oop\n|\n|t:|1700518779\n|switch|p1a: Nightmare|Marill, M, shiny|100\/100\n|-activate|p1a: Nightmare|move: Sticky Web\n|-unboost|p1a: Nightmare|spe|1\n|turn|34\n|\n|t:|1700518785\n|switch|p2a: Lovedisc|Alomomola, F|100\/100\n|move|p1a: Nightmare|Aqua Jet|p2a: Lovedisc\n|-resisted|p2a: Lovedisc\n|-damage|p2a: Lovedisc|96\/100\n|\n|upkeep\n|turn|35\n|\n|t:|1700518796\n|move|p2a: Lovedisc|Toxic|p1a: Nightmare\n|-status|p1a: Nightmare|tox\n|-zpower|p1a: Nightmare\n|move|p1a: Nightmare|Z-Belly Drum|p1a: Nightmare|[anim]Belly Drum\n|-damage|p1a: Nightmare|51\/100 tox\n|-setboost|p1a: Nightmare|atk|6|[from] move: Belly Drum\n|\n|-damage|p1a: Nightmare|45\/100 tox|[from] psn\n|upkeep\n|turn|36\n|\n|t:|1700518807\n|move|p2a: Lovedisc|Wish|p2a: Lovedisc\n|move|p1a: Nightmare|Play Rough|p2a: Lovedisc\n|-damage|p2a: Lovedisc|5\/100\n|\n|-damage|p1a: Nightmare|32\/100 tox|[from] psn\n|upkeep\n|turn|37\n|\n|t:|1700518816\n|move|p2a: Lovedisc|Protect|p2a: Lovedisc\n|-singleturn|p2a: Lovedisc|Protect\n|move|p1a: Nightmare|Aqua Jet|p2a: Lovedisc\n|-activate|p2a: Lovedisc|move: Protect\n|\n|-heal|p2a: Lovedisc|55\/100|[from] move: Wish|[wisher] Lovedisc\n|-damage|p1a: Nightmare|14\/100 tox|[from] psn\n|upkeep\n|turn|38\n|\n|t:|1700518827\n|move|p2a: Lovedisc|Protect||[still]\n|-fail|p2a: Lovedisc\n|move|p1a: Nightmare|Play Rough|p2a: Lovedisc\n|-damage|p2a: Lovedisc|0 fnt\n|faint|p2a: Lovedisc\n|\n|-damage|p1a: Nightmare|0 fnt|[from] psn\n|faint|p1a: Nightmare\n|upkeep\n|c|\u2606Frustration UwU|Damn I'm gonna lose lol\n|\n|t:|1700518832\n|switch|p2a: John Cena|Emboar, M, shiny|4\/100\n|switch|p1a: Pisscaso|Smeargle, F, shiny|36\/100\n|-activate|p1a: Pisscaso|move: Sticky Web\n|-unboost|p1a: Pisscaso|spe|1\n|turn|39\n|c|\u2606Frustration UwU|GGS\n|\n|t:|1700518840\n|move|p2a: John Cena|Superpower|p1a: Pisscaso\n|-supereffective|p1a: Pisscaso\n|-damage|p1a: Pisscaso|0 fnt\n|-unboost|p2a: John Cena|atk|1\n|-unboost|p2a: John Cena|def|1\n|faint|p1a: Pisscaso\n|\n|win|MamaoPapaya\n|raw|Frustration UwU's rating: 1141 &rarr; <strong>1111<\/strong><br \/>(-30 for losing)\n|raw|MamaoPapaya's rating: 1073 &rarr; <strong>1108<\/strong><br \/>(+35 for winning)\n|c| f1r35t0rm_96|no spike?\n|c|\u2606MamaoPapaya|Omg\n|c|\u2606MamaoPapaya|That was so close\n|c|\u2606Frustration UwU|Ikr\n|c|\u2606Frustration UwU|GGS\n|c|\u2606Frustration UwU|surprised this team even nearly won lol\n|c|\u2606MamaoPapaya|I thought I was gonna lose\n|c|\u2606MamaoPapaya|ggwp!\n|c|\u2606Frustration UwU|Tbh same\n|c|\u2606Frustration UwU|GG WP\n","uploadtime":1700518914,"views":3,"p1id":"frustrationuwu","p2id":"mamaopapaya","formatid":"gen9nationaldex","rating":1108,"private":0,"password":""}