{"id":"gen9nationaldex-1995221661","p1":"Xerxeous","p2":"ERPlayer","format":"[Gen 9] National Dex","log":"|html|<div class=\"broadcast-blue\"><strong>[Gen 9] National Dex is currently suspecting Sneasler! For information on how to participate check out the <a href=\"https:\/\/www.smogon.com\/forums\/threads\/sv-national-dex-suspect-8-just-dance.3731534\/\">suspect thread<\/a>.<\/strong><\/div>\n|j|\u2606Xerxeous\n|j|\u2606ERPlayer\n|t:|1700536372\n|gametype|singles\n|player|p1|Xerxeous|psychic-gen3rs|1266\n|player|p2|ERPlayer|red|1271\n|teamsize|p1|6\n|teamsize|p2|6\n|gen|9\n|tier|[Gen 9] National Dex\n|rated|\n|rule|HP Percentage Mod: HP is shown in percentages\n|rule|Endless Battle Clause: Forcing endless battles is banned\n|rule|OHKO Clause: OHKO moves are banned\n|rule|Evasion Clause: Evasion abilities, items, and moves are banned\n|rule|Evasion Abilities Clause: Evasion abilities are banned\n|rule|Evasion Items Clause: Evasion items are banned\n|rule|Evasion Moves Clause: Evasion moves are banned\n|rule|Species Clause: Limit one of each Pok\u00e9mon\n|rule|Sleep Clause Mod: Limit one foe put to sleep\n|clearpoke\n|poke|p1|Indeedee-F, F|\n|poke|p1|Armarouge, M|\n|poke|p1|Hatterene, F|\n|poke|p1|Gallade, M|\n|poke|p1|Rabsca, F|\n|poke|p1|Sigilyph, F|\n|poke|p2|Pikachu, F|\n|poke|p2|Charizard, M|\n|poke|p2|Venusaur, M|\n|poke|p2|Espeon, F|\n|poke|p2|Scizor, F|\n|poke|p2|Snorlax, F|\n|teampreview\n|inactive|Battle timer is ON: inactive players will automatically lose when time's up. (requested by ERPlayer)\n|\n|t:|1700536378\n|start\n|switch|p1a: Gertrude|Indeedee-F, F, shiny|100\/100\n|switch|p2a: Pikachu|Pikachu, F|100\/100\n|-fieldstart|move: Psychic Terrain|[from] ability: Psychic Surge|[of] p1a: Gertrude\n|turn|1\n|\n|t:|1700536385\n|move|p2a: Pikachu|Fake Out|p1a: Gertrude\n|-activate|p1a: Gertrude|move: Psychic Terrain\n|move|p1a: Gertrude|Psychic|p2a: Pikachu\n|-damage|p2a: Pikachu|0 fnt\n|faint|p2a: Pikachu\n|\n|upkeep\n|\n|t:|1700536397\n|switch|p2a: Scizor|Scizor, F|100\/100\n|turn|2\n|\n|t:|1700536409\n|move|p1a: Gertrude|Reflect|p1a: Gertrude\n|-sidestart|p1: Xerxeous|Reflect\n|move|p2a: Scizor|Bug Bite|p1a: Gertrude\n|-supereffective|p1a: Gertrude\n|-damage|p1a: Gertrude|25\/100\n|\n|upkeep\n|turn|3\n|\n|t:|1700536414\n|move|p1a: Gertrude|Healing Wish|p1a: Gertrude\n|faint|p1a: Gertrude\n|move|p2a: Scizor|Swords Dance|p2a: Scizor\n|-boost|p2a: Scizor|atk|2\n|\n|upkeep\n|\n|t:|1700536417\n|switch|p1a: Metal sonic|Armarouge, M, shiny|100\/100\n|turn|4\n|\n|t:|1700536424\n|-terastallize|p2a: Scizor|Flying\n|move|p1a: Metal sonic|Armor Cannon|p2a: Scizor\n|-damage|p2a: Scizor|13\/100\n|-unboost|p1a: Metal sonic|def|1\n|-unboost|p1a: Metal sonic|spd|1\n|-enditem|p2a: Scizor|Red Card|[of] p1a: Metal sonic\n|drag|p1a: Omen|Sigilyph, F, shiny|100\/100\n|move|p2a: Scizor|Acrobatics|p1a: Omen\n|-damage|p1a: Omen|21\/100\n|\n|upkeep\n|turn|5\n|\n|t:|1700536437\n|move|p1a: Omen|Roost|p1a: Omen\n|-heal|p1a: Omen|71\/100\n|-singleturn|p1a: Omen|move: Roost\n|move|p2a: Scizor|Bug Bite|p1a: Omen\n|-supereffective|p1a: Omen\n|-damage|p1a: Omen|0 fnt\n|faint|p1a: Omen\n|\n|-fieldend|move: Psychic Terrain\n|upkeep\n|\n|t:|1700536449\n|switch|p1a: Metal sonic|Armarouge, M, shiny|100\/100\n|turn|6\n|\n|t:|1700536455\n|move|p2a: Scizor|Bullet Punch|p1a: Metal sonic\n|-resisted|p1a: Metal sonic\n|-damage|p1a: Metal sonic|85\/100\n|-ability|p1a: Metal sonic|Weak Armor|boost\n|-unboost|p1a: Metal sonic|def|1\n|-boost|p1a: Metal sonic|spe|2\n|move|p1a: Metal sonic|Expanding Force|p2a: Scizor\n|-damage|p2a: Scizor|0 fnt\n|faint|p2a: Scizor\n|\n|-sideend|p1: Xerxeous|Reflect\n|upkeep\n|\n|t:|1700536472\n|switch|p2a: Snorlax|Snorlax, F|100\/100\n|turn|7\n|\n|t:|1700536478\n|move|p1a: Metal sonic|Aura Sphere|p2a: Snorlax\n|-supereffective|p2a: Snorlax\n|-damage|p2a: Snorlax|79\/100\n|move|p2a: Snorlax|Power-Up Punch|p1a: Metal sonic\n|-resisted|p1a: Metal sonic\n|-damage|p1a: Metal sonic|79\/100\n|-boost|p2a: Snorlax|atk|1\n|-ability|p1a: Metal sonic|Weak Armor|boost\n|-unboost|p1a: Metal sonic|def|1\n|-boost|p1a: Metal sonic|spe|2\n|\n|upkeep\n|turn|8\n|\n|t:|1700536494\n|switch|p1a: zoro|Gallade, M, shiny|100\/100\n|move|p2a: Snorlax|Body Slam|p1a: zoro\n|-damage|p1a: zoro|13\/100\n|\n|upkeep\n|turn|9\n|\n|t:|1700536502\n|switch|p2a: Charizard|Charizard, M|100\/100\n|move|p1a: zoro|Sacred Sword|p2a: Charizard\n|-resisted|p2a: Charizard\n|-damage|p2a: Charizard|56\/100\n|\n|upkeep\n|turn|10\n|\n|t:|1700536511\n|detailschange|p2a: Charizard|Charizard-Mega-Y, M\n|-mega|p2a: Charizard|Charizard|Charizardite Y\n|-weather|SunnyDay|[from] ability: Drought|[of] p2a: Charizard\n|move|p1a: zoro|Sacred Sword|p2a: Charizard\n|-resisted|p2a: Charizard\n|-damage|p2a: Charizard|7\/100\n|move|p2a: Charizard|Air Slash|p1a: zoro\n|-supereffective|p1a: zoro\n|-damage|p1a: zoro|0 fnt\n|faint|p1a: zoro\n|\n|-weather|SunnyDay|[upkeep]\n|upkeep\n|\n|t:|1700536526\n|switch|p1a: Metal sonic|Armarouge, M, shiny|79\/100\n|-heal|p1a: Metal sonic|100\/100|[from] move: Healing Wish\n|turn|11\n|\n|t:|1700536550\n|move|p2a: Charizard|Fire Blast|p1a: Metal sonic\n|-resisted|p1a: Metal sonic\n|-crit|p1a: Metal sonic\n|-damage|p1a: Metal sonic|23\/100\n|move|p1a: Metal sonic|Expanding Force|p2a: Charizard\n|-crit|p2a: Charizard\n|-damage|p2a: Charizard|0 fnt\n|faint|p2a: Charizard\n|\n|-weather|SunnyDay|[upkeep]\n|upkeep\n|\n|t:|1700536558\n|switch|p2a: Venusaur|Venusaur, M|100\/100\n|turn|12\n|\n|t:|1700536565\n|move|p2a: Venusaur|Earth Power|p1a: Metal sonic\n|-supereffective|p1a: Metal sonic\n|-damage|p1a: Metal sonic|0 fnt\n|faint|p1a: Metal sonic\n|\n|-weather|SunnyDay|[upkeep]\n|upkeep\n|\n|t:|1700536572\n|switch|p1a: hallelujer|Rabsca, F, shiny|100\/100\n|turn|13\n|\n|t:|1700536600\n|move|p2a: Venusaur|Weather Ball|p1a: hallelujer\n|-supereffective|p1a: hallelujer\n|-damage|p1a: hallelujer|2\/100\n|move|p1a: hallelujer|Revival Blessing|p1a: hallelujer\n|-enditem|p1a: hallelujer|Leppa Berry|[eat]\n|-activate|p1a: hallelujer|item: Leppa Berry|Revival Blessing|[consumed]\n|\n|t:|1700536612\n|-heal|p1: Omen|50\/100|[from] move: Revival Blessing\n|\n|-weather|SunnyDay|[upkeep]\n|upkeep\n|turn|14\n|\n|t:|1700536628\n|move|p2a: Venusaur|Sludge Bomb|p1a: hallelujer\n|-damage|p1a: hallelujer|0 fnt\n|faint|p1a: hallelujer\n|\n|-weather|none\n|upkeep\n|\n|t:|1700536632\n|switch|p1a: Omen|Sigilyph, F, shiny|50\/100\n|turn|15\n|\n|t:|1700536649\n|switch|p2a: Snorlax|Snorlax, F|79\/100\n|move|p1a: Omen|Roost|p1a: Omen\n|-heal|p1a: Omen|100\/100\n|-singleturn|p1a: Omen|move: Roost\n|\n|upkeep\n|turn|16\n|\n|t:|1700536657\n|move|p1a: Omen|Cosmic Power|p1a: Omen\n|-boost|p1a: Omen|def|1\n|-boost|p1a: Omen|spd|1\n|move|p2a: Snorlax|Body Slam|p1a: Omen\n|-damage|p1a: Omen|74\/100\n|-status|p1a: Omen|par\n|\n|upkeep\n|turn|17\n|\n|t:|1700536666\n|move|p1a: Omen|Cosmic Power|p1a: Omen\n|-boost|p1a: Omen|def|1\n|-boost|p1a: Omen|spd|1\n|move|p2a: Snorlax|Power-Up Punch|p1a: Omen\n|-resisted|p1a: Omen\n|-damage|p1a: Omen|73\/100 par\n|-boost|p2a: Snorlax|atk|1\n|\n|upkeep\n|turn|18\n|\n|t:|1700536672\n|move|p1a: Omen|Cosmic Power|p1a: Omen\n|-boost|p1a: Omen|def|1\n|-boost|p1a: Omen|spd|1\n|move|p2a: Snorlax|Power-Up Punch|p1a: Omen\n|-resisted|p1a: Omen\n|-damage|p1a: Omen|71\/100 par\n|-boost|p2a: Snorlax|atk|1\n|\n|upkeep\n|turn|19\n|\n|t:|1700536678\n|cant|p1a: Omen|par\n|move|p2a: Snorlax|Body Slam|p1a: Omen\n|-damage|p1a: Omen|39\/100 par\n|\n|upkeep\n|turn|20\n|\n|t:|1700536683\n|cant|p1a: Omen|par\n|move|p2a: Snorlax|Body Slam|p1a: Omen\n|-damage|p1a: Omen|7\/100 par\n|\n|upkeep\n|turn|21\n|\n|t:|1700536688\n|move|p1a: Omen|Roost|p1a: Omen\n|-heal|p1a: Omen|57\/100 par\n|-singleturn|p1a: Omen|move: Roost\n|move|p2a: Snorlax|Body Slam|p1a: Omen\n|-damage|p1a: Omen|25\/100 par\n|\n|upkeep\n|turn|22\n|\n|t:|1700536694\n|-terastallize|p1a: Omen|Steel\n|move|p1a: Omen|Roost|p1a: Omen\n|-heal|p1a: Omen|75\/100 par\n|move|p2a: Snorlax|Body Slam|p1a: Omen\n|-resisted|p1a: Omen\n|-damage|p1a: Omen|59\/100 par\n|\n|upkeep\n|turn|23\n|\n|t:|1700536697\n|move|p1a: Omen|Cosmic Power|p1a: Omen\n|-boost|p1a: Omen|def|1\n|-boost|p1a: Omen|spd|1\n|move|p2a: Snorlax|Heat Crash|p1a: Omen\n|-supereffective|p1a: Omen\n|-damage|p1a: Omen|10\/100 par\n|-enditem|p1a: Omen|Weakness Policy\n|-boost|p1a: Omen|atk|2|[from] item: Weakness Policy\n|-boost|p1a: Omen|spa|2|[from] item: Weakness Policy\n|\n|upkeep\n|turn|24\n|\n|t:|1700536702\n|move|p1a: Omen|Stored Power|p2a: Snorlax\n|-damage|p2a: Snorlax|16\/100\n|move|p2a: Snorlax|Heat Crash|p1a: Omen\n|-supereffective|p1a: Omen\n|-damage|p1a: Omen|0 fnt\n|faint|p1a: Omen\n|\n|upkeep\n|\n|t:|1700536705\n|switch|p1a: Mariah|Hatterene, F, shiny|100\/100\n|turn|25\n|\n|t:|1700536710\n|move|p2a: Snorlax|Heavy Slam|p1a: Mariah\n|-supereffective|p1a: Mariah\n|-crit|p1a: Mariah\n|-damage|p1a: Mariah|0 fnt\n|faint|p1a: Mariah\n|\n|win|ERPlayer\n|raw|Xerxeous's rating: 1266 &rarr; <strong>1241<\/strong><br \/>(-25 for losing)\n|raw|ERPlayer's rating: 1271 &rarr; <strong>1296<\/strong><br \/>(+25 for winning)\n|c|\u2606Xerxeous|gg\n|c|\u2606ERPlayer|gg\n|l|\u2606Xerxeous\n","uploadtime":1700536720,"views":2,"p1id":"xerxeous","p2id":"erplayer","formatid":"gen9nationaldex","rating":1241,"private":0,"password":""}