{"id":"gen9nationaldex-1995007478","p1":"gui_negs","p2":"Mike LEsgo","format":"[Gen 9] National Dex","log":"|html|<div class=\"broadcast-blue\"><strong>[Gen 9] National Dex is currently suspecting Sneasler! For information on how to participate check out the <a href=\"https:\/\/www.smogon.com\/forums\/threads\/sv-national-dex-suspect-8-just-dance.3731534\/\">suspect thread<\/a>.<\/strong><\/div>\n|j|\u2606gui_negs\n|j|\u2606Mike LEsgo\n|t:|1700512801\n|gametype|singles\n|player|p1|gui_negs|brock|\n|player|p2|Mike LEsgo|volkner|\n|teamsize|p1|6\n|teamsize|p2|6\n|gen|9\n|tier|[Gen 9] National Dex\n|rule|HP Percentage Mod: HP is shown in percentages\n|rule|Endless Battle Clause: Forcing endless battles is banned\n|rule|OHKO Clause: OHKO moves are banned\n|rule|Evasion Clause: Evasion abilities, items, and moves are banned\n|rule|Evasion Abilities Clause: Evasion abilities are banned\n|rule|Evasion Items Clause: Evasion items are banned\n|rule|Evasion Moves Clause: Evasion moves are banned\n|rule|Species Clause: Limit one of each Pok\u00e9mon\n|rule|Sleep Clause Mod: Limit one foe put to sleep\n|clearpoke\n|poke|p1|Charizard, F|\n|poke|p1|Pidgeot, M|\n|poke|p1|Nidoking, M|\n|poke|p1|Gengar, M|\n|poke|p1|Magmar, F|\n|poke|p1|Snorlax, M|\n|poke|p2|Venusaur, M|\n|poke|p2|Raichu, M|\n|poke|p2|Nidoking, M|\n|poke|p2|Starmie|\n|poke|p2|Arcanine, F|\n|poke|p2|Raticate, F|\n|teampreview\n|\n|t:|1700512814\n|start\n|switch|p1a: Pidgeot|Pidgeot, M|100\/100\n|switch|p2a: Raichu|Raichu, M|100\/100\n|-item|p2a: Raichu|Air Balloon\n|turn|1\n|\n|t:|1700512849\n|switch|p1a: Nidoking|Nidoking, M|100\/100\n|move|p2a: Raichu|Fake Out|p1a: Nidoking\n|-damage|p1a: Nidoking|84\/100\n|\n|upkeep\n|turn|2\n|\n|t:|1700512864\n|switch|p2a: Venusaur|Venusaur, M|100\/100\n|move|p1a: Nidoking|Earth Power|p2a: Venusaur\n|-damage|p2a: Venusaur|42\/100\n|\n|-heal|p2a: Venusaur|48\/100|[from] item: Black Sludge\n|upkeep\n|turn|3\n|\n|t:|1700512890\n|move|p1a: Nidoking|Earth Power|p2a: Venusaur\n|-damage|p2a: Venusaur|0 fnt\n|faint|p2a: Venusaur\n|\n|upkeep\n|\n|t:|1700512904\n|switch|p2a: Nidoking|Nidoking, M|100\/100\n|turn|4\n|\n|t:|1700512928\n|-terastallize|p1a: Nidoking|Dark\n|-terastallize|p2a: Nidoking|Dark\n|move|p2a: Nidoking|Earth Power|p1a: Nidoking\n|-damage|p1a: Nidoking|18\/100\n|move|p1a: Nidoking|Earth Power|p2a: Nidoking\n|-damage|p2a: Nidoking|0 fnt\n|faint|p2a: Nidoking\n|\n|upkeep\n|\n|t:|1700512947\n|switch|p2a: Raticate|Raticate, F|100\/100\n|turn|5\n|\n|t:|1700512972\n|switch|p1a: Gengar|Gengar, M|100\/100\n|move|p2a: Raticate|U-turn|p1a: Gengar\n|-resisted|p1a: Gengar\n|-damage|p1a: Gengar|87\/100\n|\n|t:|1700512985\n|switch|p2a: Starmie|Starmie|100\/100|[from] U-turn\n|\n|upkeep\n|turn|6\n|\n|t:|1700513013\n|switch|p1a: Snorlax|Snorlax, M|100\/100\n|move|p2a: Starmie|Psychic|p1a: Snorlax\n|-damage|p1a: Snorlax|72\/100\n|\n|-heal|p1a: Snorlax|78\/100|[from] item: Leftovers\n|upkeep\n|turn|7\n|\n|t:|1700513032\n|move|p2a: Starmie|Psychic|p1a: Snorlax\n|-damage|p1a: Snorlax|52\/100\n|move|p1a: Snorlax|Curse|p1a: Snorlax\n|-unboost|p1a: Snorlax|spe|1\n|-boost|p1a: Snorlax|atk|1\n|-boost|p1a: Snorlax|def|1\n|\n|-heal|p1a: Snorlax|59\/100|[from] item: Leftovers\n|upkeep\n|turn|8\n|\n|t:|1700513043\n|move|p2a: Starmie|Psychic|p1a: Snorlax\n|-damage|p1a: Snorlax|29\/100\n|move|p1a: Snorlax|Curse|p1a: Snorlax\n|-unboost|p1a: Snorlax|spe|1\n|-boost|p1a: Snorlax|atk|1\n|-boost|p1a: Snorlax|def|1\n|\n|-heal|p1a: Snorlax|35\/100|[from] item: Leftovers\n|upkeep\n|turn|9\n|\n|t:|1700513056\n|move|p2a: Starmie|Psychic|p1a: Snorlax\n|-damage|p1a: Snorlax|9\/100\n|-unboost|p1a: Snorlax|spd|1\n|move|p1a: Snorlax|Earthquake|p2a: Starmie\n|-crit|p2a: Starmie\n|-damage|p2a: Starmie|0 fnt\n|faint|p2a: Starmie\n|\n|-heal|p1a: Snorlax|15\/100|[from] item: Leftovers\n|upkeep\n|\n|t:|1700513068\n|switch|p2a: Raticate|Raticate, F|100\/100\n|turn|10\n|\n|t:|1700513097\n|move|p2a: Raticate|U-turn|p1a: Snorlax\n|-damage|p1a: Snorlax|3\/100\n|\n|t:|1700513109\n|switch|p2a: Raichu|Raichu, M|100\/100|[from] U-turn\n|-item|p2a: Raichu|Air Balloon\n|move|p1a: Snorlax|Earthquake|p2a: Raichu\n|-immune|p2a: Raichu\n|\n|-heal|p1a: Snorlax|9\/100|[from] item: Leftovers\n|upkeep\n|turn|11\n|\n|t:|1700513123\n|move|p2a: Raichu|Fake Out|p1a: Snorlax\n|-damage|p1a: Snorlax|3\/100\n|cant|p1a: Snorlax|flinch\n|\n|-heal|p1a: Snorlax|9\/100|[from] item: Leftovers\n|upkeep\n|turn|12\n|\n|t:|1700513134\n|move|p2a: Raichu|Knock Off|p1a: Snorlax\n|-crit|p1a: Snorlax\n|-damage|p1a: Snorlax|0 fnt\n|-enditem|p1a: Snorlax|Leftovers|[from] move: Knock Off|[of] p2a: Raichu\n|faint|p1a: Snorlax\n|\n|upkeep\n|\n|t:|1700513149\n|switch|p1a: Gengar|Gengar, M|87\/100\n|turn|13\n|\n|t:|1700513163\n|move|p2a: Raichu|Knock Off|p1a: Gengar\n|-supereffective|p1a: Gengar\n|-damage|p1a: Gengar|0 fnt\n|-enditem|p1a: Gengar|Focus Sash|[from] move: Knock Off|[of] p2a: Raichu\n|faint|p1a: Gengar\n|\n|upkeep\n|\n|t:|1700513172\n|switch|p1a: Charizard|Charizard, F|100\/100\n|turn|14\n|\n|t:|1700513184\n|move|p2a: Raichu|Volt Tackle|p1a: Charizard\n|-supereffective|p1a: Charizard\n|-damage|p1a: Charizard|0 fnt\n|faint|p1a: Charizard\n|-damage|p2a: Raichu|63\/100|[from] Recoil\n|\n|upkeep\n|\n|t:|1700513191\n|switch|p1a: Magmar|Magmar, F|100\/100\n|turn|15\n|\n|t:|1700513201\n|move|p2a: Raichu|Volt Tackle|p1a: Magmar\n|-damage|p1a: Magmar|33\/100\n|-status|p1a: Magmar|par\n|-damage|p2a: Raichu|40\/100|[from] Recoil\n|move|p1a: Magmar|Psychic|p2a: Raichu\n|-damage|p2a: Raichu|0 fnt\n|-enditem|p2a: Raichu|Air Balloon\n|faint|p2a: Raichu\n|\n|upkeep\n|\n|t:|1700513218\n|switch|p2a: Arcanine|Arcanine, F|100\/100\n|turn|16\n|\n|t:|1700513232\n|move|p2a: Arcanine|Extreme Speed|p1a: Magmar\n|-damage|p1a: Magmar|0 fnt\n|faint|p1a: Magmar\n|\n|upkeep\n|\n|t:|1700513243\n|switch|p1a: Pidgeot|Pidgeot, M|100\/100\n|turn|17\n|\n|t:|1700513252\n|move|p2a: Arcanine|Extreme Speed|p1a: Pidgeot\n|-damage|p1a: Pidgeot|60\/100\n|move|p1a: Pidgeot|Brave Bird|p2a: Arcanine\n|-damage|p2a: Arcanine|34\/100\n|-damage|p1a: Pidgeot|40\/100|[from] Recoil\n|\n|-heal|p1a: Pidgeot|47\/100|[from] item: Leftovers\n|upkeep\n|turn|18\n|\n|t:|1700513273\n|move|p2a: Arcanine|Extreme Speed|p1a: Pidgeot\n|-damage|p1a: Pidgeot|6\/100\n|move|p1a: Pidgeot|Roost|p1a: Pidgeot\n|-heal|p1a: Pidgeot|56\/100\n|-singleturn|p1a: Pidgeot|move: Roost\n|\n|-heal|p1a: Pidgeot|63\/100|[from] item: Leftovers\n|upkeep\n|turn|19\n|\n|t:|1700513287\n|move|p2a: Arcanine|Extreme Speed|p1a: Pidgeot\n|-damage|p1a: Pidgeot|23\/100\n|move|p1a: Pidgeot|Roost|p1a: Pidgeot\n|-heal|p1a: Pidgeot|73\/100\n|-singleturn|p1a: Pidgeot|move: Roost\n|\n|-heal|p1a: Pidgeot|79\/100|[from] item: Leftovers\n|upkeep\n|turn|20\n|\n|t:|1700513300\n|move|p2a: Arcanine|Extreme Speed|p1a: Pidgeot\n|-damage|p1a: Pidgeot|37\/100\n|move|p1a: Pidgeot|Brave Bird|p2a: Arcanine\n|-damage|p2a: Arcanine|0 fnt\n|faint|p2a: Arcanine\n|-damage|p1a: Pidgeot|28\/100|[from] Recoil\n|\n|-heal|p1a: Pidgeot|34\/100|[from] item: Leftovers\n|upkeep\n|\n|t:|1700513312\n|switch|p2a: Raticate|Raticate, F|100\/100\n|turn|21\n|\n|t:|1700513331\n|move|p2a: Raticate|Sucker Punch|p1a: Pidgeot\n|-damage|p1a: Pidgeot|0 fnt\n|faint|p1a: Pidgeot\n|\n|upkeep\n|\n|t:|1700513338\n|switch|p1a: Nidoking|Nidoking, M, tera:Dark|18\/100\n|turn|22\n|\n|t:|1700513351\n|move|p2a: Raticate|U-turn|p1a: Nidoking\n|-supereffective|p1a: Nidoking\n|-damage|p1a: Nidoking|0 fnt\n|faint|p1a: Nidoking\n|\n|win|Mike LEsgo\n","uploadtime":1700513370,"views":3,"p1id":"guinegs","p2id":"mikelesgo","formatid":"gen9nationaldex","rating":0,"private":0,"password":""}