{"id":"gen9nationaldex-1997456064","p1":"Oumo","p2":"iityphlosion","format":"[Gen 9] National Dex","log":"|html|<div class=\"broadcast-blue\"><strong>[Gen 9] National Dex is currently suspecting Sneasler! For information on how to participate check out the <a href=\"https:\/\/www.smogon.com\/forums\/threads\/sv-national-dex-suspect-8-just-dance.3731534\/\">suspect thread<\/a>.<\/strong><\/div>\n|j|\u2606Oumo\n|j|\u2606iityphlosion\n|t:|1700808427\n|gametype|singles\n|player|p1|Oumo|n|1028\n|player|p2|iityphlosion|cyrus|1119\n|teamsize|p1|6\n|teamsize|p2|6\n|gen|9\n|tier|[Gen 9] National Dex\n|rated|\n|rule|HP Percentage Mod: HP is shown in percentages\n|rule|Endless Battle Clause: Forcing endless battles is banned\n|rule|OHKO Clause: OHKO moves are banned\n|rule|Evasion Clause: Evasion abilities, items, and moves are banned\n|rule|Evasion Abilities Clause: Evasion abilities are banned\n|rule|Evasion Items Clause: Evasion items are banned\n|rule|Evasion Moves Clause: Evasion moves are banned\n|rule|Species Clause: Limit one of each Pok\u00e9mon\n|rule|Sleep Clause Mod: Limit one foe put to sleep\n|clearpoke\n|poke|p1|Corviknight, F|\n|poke|p1|Zoroark, F|\n|poke|p1|Manectric, M|\n|poke|p1|Scolipede, F|\n|poke|p1|Orbeetle, F|\n|poke|p1|Cinccino, F|\n|poke|p2|Ribombee, F|\n|poke|p2|Blaziken, F|\n|poke|p2|Gyarados, F|\n|poke|p2|Cofagrigus, M|\n|poke|p2|Urshifu-*, F|\n|poke|p2|Goodra, F|\n|teampreview\n|inactive|Battle timer is ON: inactive players will automatically lose when time's up. (requested by iityphlosion)\n|\n|t:|1700808438\n|start\n|switch|p1a: Hivemind|Orbeetle, F|100\/100\n|switch|p2a: Ribombee|Ribombee, F, shiny|100\/100\n|-item|p2a: Ribombee|Focus Sash|[from] ability: Frisk|[of] p1a: Hivemind|[identify]\n|turn|1\n|c|\u2606Oumo|gl hf\n|\n|t:|1700808444\n|move|p2a: Ribombee|Sticky Web|p1a: Hivemind\n|-sidestart|p1: Oumo|move: Sticky Web\n|move|p1a: Hivemind|Sticky Web|p2a: Ribombee\n|-sidestart|p2: iityphlosion|move: Sticky Web\n|\n|upkeep\n|turn|2\n|\n|t:|1700808449\n|move|p2a: Ribombee|Bug Buzz|p1a: Hivemind\n|-supereffective|p1a: Hivemind\n|-crit|p1a: Hivemind\n|-damage|p1a: Hivemind|3\/100\n|move|p1a: Hivemind|Light Screen|p1a: Hivemind\n|-sidestart|p1: Oumo|move: Light Screen\n|\n|upkeep\n|turn|3\n|\n|t:|1700808454\n|move|p2a: Ribombee|Moonblast|p1a: Hivemind\n|-damage|p1a: Hivemind|0 fnt\n|faint|p1a: Hivemind\n|\n|upkeep\n|\n|t:|1700808472\n|switch|p1a: Truth|Scolipede, F|100\/100\n|-activate|p1a: Truth|move: Sticky Web\n|-unboost|p1a: Truth|spe|1\n|turn|4\n|\n|t:|1700808478\n|move|p2a: Ribombee|Moonblast|p1a: Truth\n|-supereffective|p1a: Truth\n|-damage|p1a: Truth|25\/100\n|replace|p1a: Moon|Zoroark, F\n|-end|p1a: Moon|Illusion\n|move|p1a: Moon|Swords Dance|p1a: Moon\n|-boost|p1a: Moon|atk|2\n|\n|upkeep\n|turn|5\n|\n|t:|1700808493\n|move|p1a: Moon|Sucker Punch|p2a: Ribombee\n|-resisted|p2a: Ribombee\n|-damage|p2a: Ribombee|38\/100\n|move|p2a: Ribombee|Moonblast|p1a: Moon\n|-supereffective|p1a: Moon\n|-damage|p1a: Moon|0 fnt\n|faint|p1a: Moon\n|\n|upkeep\n|\n|t:|1700808499\n|switch|p1a: Truth|Scolipede, F|100\/100\n|-activate|p1a: Truth|move: Sticky Web\n|-unboost|p1a: Truth|spe|1\n|turn|6\n|\n|t:|1700808503\n|move|p2a: Ribombee|Moonblast|p1a: Truth\n|-resisted|p1a: Truth\n|-damage|p1a: Truth|82\/100\n|move|p1a: Truth|Swords Dance|p1a: Truth\n|-boost|p1a: Truth|atk|2\n|\n|-ability|p1a: Truth|Speed Boost|boost\n|-boost|p1a: Truth|spe|1\n|upkeep\n|turn|7\n|\n|t:|1700808509\n|move|p2a: Ribombee|Moonblast|p1a: Truth\n|-resisted|p1a: Truth\n|-damage|p1a: Truth|65\/100\n|-unboost|p1a: Truth|spa|1\n|move|p1a: Truth|Swords Dance|p1a: Truth\n|-boost|p1a: Truth|atk|2\n|\n|-ability|p1a: Truth|Speed Boost|boost\n|-boost|p1a: Truth|spe|1\n|upkeep\n|turn|8\n|\n|t:|1700808518\n|move|p1a: Truth|Swords Dance|p1a: Truth\n|-boost|p1a: Truth|atk|2\n|move|p2a: Ribombee|Moonblast|p1a: Truth\n|-resisted|p1a: Truth\n|-damage|p1a: Truth|48\/100\n|-unboost|p1a: Truth|spa|1\n|\n|-ability|p1a: Truth|Speed Boost|boost\n|-boost|p1a: Truth|spe|1\n|upkeep\n|turn|9\n|\n|t:|1700808527\n|move|p1a: Truth|Poison Jab|p2a: Ribombee\n|-supereffective|p2a: Ribombee\n|-damage|p2a: Ribombee|0 fnt\n|faint|p2a: Ribombee\n|\n|-sideend|p1: Oumo|move: Light Screen\n|-ability|p1a: Truth|Speed Boost|boost\n|-boost|p1a: Truth|spe|1\n|upkeep\n|\n|t:|1700808530\n|switch|p2a: Cofagrigus|Cofagrigus, M, shiny|100\/100\n|-activate|p2a: Cofagrigus|move: Sticky Web\n|-unboost|p2a: Cofagrigus|spe|1\n|turn|10\n|\n|t:|1700808557\n|-terastallize|p1a: Truth|Water\n|move|p1a: Truth|Aqua Tail|p2a: Cofagrigus|[miss]\n|-miss|p1a: Truth|p2a: Cofagrigus\n|move|p2a: Cofagrigus|Curse|p1a: Truth\n|-start|p1a: Truth|Curse|[of] p2a: Cofagrigus\n|-damage|p2a: Cofagrigus|50\/100\n|\n|-damage|p1a: Truth|23\/100|[from] Curse\n|-ability|p1a: Truth|Speed Boost|boost\n|-boost|p1a: Truth|spe|1\n|upkeep\n|turn|11\n|\n|t:|1700808567\n|move|p1a: Truth|Aqua Tail|p2a: Cofagrigus\n|-damage|p2a: Cofagrigus|0 fnt\n|-damage|p1a: Truth|6\/100|[from] item: Rocky Helmet|[of] p2a: Cofagrigus\n|-activate|p2a: Cofagrigus|ability: Mummy|Speed Boost|[of] p1a: Truth\n|faint|p2a: Cofagrigus\n|\n|-damage|p1a: Truth|0 fnt|[from] Curse\n|faint|p1a: Truth\n|upkeep\n|c|\u2606Oumo|damn\n|c|\u2606Oumo|unlucky\n|\n|t:|1700808583\n|switch|p1a: Jeopardy|Corviknight, F, shiny|100\/100\n|switch|p2a: Blaziken|Blaziken, F, shiny|100\/100\n|-activate|p2a: Blaziken|move: Sticky Web\n|-unboost|p2a: Blaziken|spe|1\n|turn|12\n|\n|t:|1700808590\n|move|p2a: Blaziken|Protect|p2a: Blaziken\n|-singleturn|p2a: Blaziken|Protect\n|move|p1a: Jeopardy|Roost||[still]\n|-fail|p1a: Jeopardy|heal\n|\n|-ability|p2a: Blaziken|Speed Boost|boost\n|-boost|p2a: Blaziken|spe|1\n|upkeep\n|turn|13\n|\n|t:|1700808595\n|move|p2a: Blaziken|Swords Dance|p2a: Blaziken\n|-boost|p2a: Blaziken|atk|2\n|move|p1a: Jeopardy|Roost||[still]\n|-fail|p1a: Jeopardy|heal\n|\n|-ability|p2a: Blaziken|Speed Boost|boost\n|-boost|p2a: Blaziken|spe|1\n|upkeep\n|turn|14\n|\n|t:|1700808599\n|move|p2a: Blaziken|Blaze Kick|p1a: Jeopardy\n|-supereffective|p1a: Jeopardy\n|-damage|p1a: Jeopardy|0 fnt\n|faint|p1a: Jeopardy\n|\n|-ability|p2a: Blaziken|Speed Boost|boost\n|-boost|p2a: Blaziken|spe|1\n|upkeep\n|-message|Oumo forfeited.\n|\n|win|iityphlosion\n|raw|Oumo's rating: 1028 &rarr; <strong>1017<\/strong><br \/>(-11 for losing)\n|raw|iityphlosion's rating: 1119 &rarr; <strong>1138<\/strong><br \/>(+19 for winning)\n|c|\u2606Oumo|gg\n","uploadtime":1700808613,"views":3,"p1id":"oumo","p2id":"iityphlosion","formatid":"gen9nationaldex","rating":1017,"private":0,"password":""}