{"id":"gen9nationaldex-1992189749","p1":"volk12","p2":"Tank Tests","format":"[Gen 9] National Dex","log":"|j|\u2606volk12\n|j|\u2606Tank Tests\n|t:|1700162425\n|gametype|singles\n|player|p1|volk12|alder|1330\n|player|p2|Tank Tests|2|1442\n|teamsize|p1|6\n|teamsize|p2|6\n|gen|9\n|tier|[Gen 9] National Dex\n|rated|\n|rule|HP Percentage Mod: HP is shown in percentages\n|rule|Endless Battle Clause: Forcing endless battles is banned\n|rule|OHKO Clause: OHKO moves are banned\n|rule|Evasion Clause: Evasion abilities, items, and moves are banned\n|rule|Evasion Abilities Clause: Evasion abilities are banned\n|rule|Evasion Items Clause: Evasion items are banned\n|rule|Evasion Moves Clause: Evasion moves are banned\n|rule|Species Clause: Limit one of each Pok\u00e9mon\n|rule|Sleep Clause Mod: Limit one foe put to sleep\n|clearpoke\n|poke|p1|Mew|\n|poke|p1|Skarmory, M|\n|poke|p1|Chansey, F|\n|poke|p1|Shelgon, M|\n|poke|p1|Terrakion|\n|poke|p1|Venusaur, M|\n|poke|p2|Pawmot, F|\n|poke|p2|Rabsca, F|\n|poke|p2|Banette, M|\n|poke|p2|Victini|\n|poke|p2|Dragonite, M|\n|poke|p2|Forretress, F|\n|teampreview\n|\n|t:|1700162451\n|start\n|switch|p1a: Skarmory|Skarmory, M, shiny|100\/100\n|switch|p2a: Victini|Victini|100\/100\n|turn|1\n|c|\u2606volk12|gl\n|\n|t:|1700162461\n|-terastallize|p1a: Skarmory|Ghost\n|move|p2a: Victini|V-create|p1a: Skarmory\n|-damage|p1a: Skarmory|58\/100\n|-unboost|p2a: Victini|spe|1\n|-unboost|p2a: Victini|def|1\n|-unboost|p2a: Victini|spd|1\n|-damage|p2a: Victini|84\/100|[from] item: Rocky Helmet|[of] p1a: Skarmory\n|move|p1a: Skarmory|Spikes|p2a: Victini\n|-sidestart|p2: Tank Tests|Spikes\n|\n|upkeep\n|turn|2\n|\n|t:|1700162486\n|switch|p2a: Forretress|Forretress, F|100\/100\n|move|p1a: Skarmory|Spikes|p2a: Forretress\n|-sidestart|p2: Tank Tests|Spikes\n|\n|upkeep\n|turn|3\n|\n|t:|1700162493\n|move|p1a: Skarmory|Roost|p1a: Skarmory\n|-heal|p1a: Skarmory|100\/100\n|move|p2a: Forretress|Thunder Wave|p1a: Skarmory\n|-status|p1a: Skarmory|par\n|\n|upkeep\n|turn|4\n|\n|t:|1700162499\n|move|p2a: Forretress|Stealth Rock|p1a: Skarmory\n|-sidestart|p1: volk12|move: Stealth Rock\n|move|p1a: Skarmory|Whirlwind|p2a: Forretress\n|drag|p2a: Pawmot|Pawmot, F|100\/100\n|-damage|p2a: Pawmot|84\/100|[from] Spikes\n|\n|upkeep\n|turn|5\n|\n|t:|1700162511\n|switch|p2a: Banette|Banette, M|100\/100\n|-damage|p2a: Banette|84\/100|[from] Spikes\n|cant|p1a: Skarmory|par\n|\n|upkeep\n|turn|6\n|\n|t:|1700162518\n|switch|p1a: Chansey|Chansey, F, shiny|100\/100\n|-damage|p1a: Chansey|88\/100|[from] Stealth Rock\n|detailschange|p2a: Banette|Banette-Mega, M\n|-mega|p2a: Banette|Banette|Banettite\n|move|p2a: Banette|Poltergeist|p1a: Chansey\n|-immune|p1a: Chansey\n|\n|upkeep\n|turn|7\n|\n|t:|1700162531\n|move|p2a: Banette|Taunt|p1a: Chansey\n|-start|p1a: Chansey|move: Taunt\n|cant|p1a: Chansey|move: Taunt|Stealth Rock\n|\n|upkeep\n|turn|8\n|\n|t:|1700162537\n|switch|p1a: Skarmory|Skarmory, M, shiny, tera:Ghost|100\/100 par\n|-damage|p1a: Skarmory|88\/100 par|[from] Stealth Rock\n|move|p2a: Banette|Poltergeist|p1a: Skarmory\n|-activate|p1a: Skarmory|move: Poltergeist|Rocky Helmet\n|-supereffective|p1a: Skarmory\n|-damage|p1a: Skarmory|0 fnt\n|faint|p1a: Skarmory\n|\n|upkeep\n|\n|t:|1700162550\n|switch|p1a: Shelgon|Shelgon, M, shiny|100\/100\n|-damage|p1a: Shelgon|88\/100|[from] Stealth Rock\n|turn|9\n|\n|t:|1700162554\n|move|p2a: Banette|Taunt|p1a: Shelgon\n|-start|p1a: Shelgon|move: Taunt\n|cant|p1a: Shelgon|move: Taunt|Dragon Dance\n|\n|upkeep\n|turn|10\n|\n|t:|1700162559\n|move|p2a: Banette|Destiny Bond|p2a: Banette\n|-singlemove|p2a: Banette|Destiny Bond\n|move|p1a: Shelgon|Iron Head|p2a: Banette\n|-damage|p2a: Banette|31\/100\n|-damage|p1a: Shelgon|78\/100|[from] item: Life Orb\n|\n|upkeep\n|turn|11\n|\n|t:|1700162568\n|move|p2a: Banette|Poltergeist|p1a: Shelgon\n|-activate|p1a: Shelgon|move: Poltergeist|Life Orb\n|-damage|p1a: Shelgon|21\/100\n|move|p1a: Shelgon|Iron Head|p2a: Banette\n|-damage|p2a: Banette|0 fnt\n|faint|p2a: Banette\n|-damage|p1a: Shelgon|11\/100|[from] item: Life Orb\n|\n|-end|p1a: Shelgon|move: Taunt\n|upkeep\n|\n|t:|1700162577\n|switch|p2a: Forretress|Forretress, F|100\/100\n|turn|12\n|\n|t:|1700162580\n|move|p1a: Shelgon|Dragon Dance|p1a: Shelgon\n|-boost|p1a: Shelgon|atk|1\n|-boost|p1a: Shelgon|spe|1\n|move|p2a: Forretress|Rapid Spin|p1a: Shelgon\n|-damage|p1a: Shelgon|3\/100\n|-boost|p2a: Forretress|spe|1\n|-sideend|p2: Tank Tests|Spikes|[from] move: Rapid Spin|[of] p2a: Forretress\n|\n|upkeep\n|turn|13\n|\n|t:|1700162594\n|move|p1a: Shelgon|Rest|p1a: Shelgon\n|-status|p1a: Shelgon|slp|[from] move: Rest\n|-heal|p1a: Shelgon|100\/100 slp|[silent]\n|move|p2a: Forretress|Rapid Spin|p1a: Shelgon\n|-damage|p1a: Shelgon|93\/100 slp\n|-boost|p2a: Forretress|spe|1\n|\n|upkeep\n|turn|14\n|\n|t:|1700162602\n|move|p2a: Forretress|Explosion|p1a: Shelgon\n|-damage|p1a: Shelgon|54\/100 slp\n|faint|p2a: Forretress\n|cant|p1a: Shelgon|slp\n|move|p1a: Shelgon|Sleep Talk|p1a: Shelgon\n|move|p1a: Shelgon|Iron Head|p2: Forretress|[from]move: Sleep Talk|[notarget]\n|-fail|p1a: Shelgon\n|\n|upkeep\n|\n|t:|1700162609\n|switch|p2a: Dragonite|Dragonite, M|100\/100\n|turn|15\n|\n|t:|1700162612\n|move|p2a: Dragonite|Dragon Claw|p1a: Shelgon\n|-supereffective|p1a: Shelgon\n|-damage|p1a: Shelgon|0 fnt\n|faint|p1a: Shelgon\n|\n|upkeep\n|\n|t:|1700162622\n|switch|p1a: Terrakion|Terrakion|100\/100\n|-damage|p1a: Terrakion|94\/100|[from] Stealth Rock\n|turn|16\n|\n|t:|1700162632\n|move|p1a: Terrakion|Endure|p1a: Terrakion\n|-singleturn|p1a: Terrakion|move: Endure\n|move|p2a: Dragonite|Dragon Dance|p2a: Dragonite\n|-boost|p2a: Dragonite|atk|1\n|-boost|p2a: Dragonite|spe|1\n|\n|upkeep\n|turn|17\n|\n|t:|1700162640\n|move|p2a: Dragonite|Earthquake|p1a: Terrakion\n|-supereffective|p1a: Terrakion\n|-damage|p1a: Terrakion|0 fnt\n|faint|p1a: Terrakion\n|\n|upkeep\n|\n|t:|1700162645\n|switch|p1a: Venusaur|Venusaur, M, shiny|100\/100\n|-damage|p1a: Venusaur|88\/100|[from] Stealth Rock\n|turn|18\n|\n|t:|1700162651\n|detailschange|p1a: Venusaur|Venusaur-Mega, M, shiny\n|-mega|p1a: Venusaur|Venusaur|Venusaurite\n|move|p2a: Dragonite|Dragon Claw|p1a: Venusaur\n|-damage|p1a: Venusaur|44\/100\n|move|p1a: Venusaur|Leech Seed|p2a: Dragonite\n|-start|p2a: Dragonite|move: Leech Seed\n|\n|-damage|p2a: Dragonite|88\/100|[from] Leech Seed|[of] p1a: Venusaur\n|-heal|p1a: Venusaur|55\/100|[silent]\n|upkeep\n|turn|19\n|\n|t:|1700162659\n|switch|p2a: Rabsca|Rabsca, F|100\/100\n|move|p1a: Venusaur|Synthesis|p1a: Venusaur\n|-heal|p1a: Venusaur|100\/100\n|\n|upkeep\n|turn|20\n|\n|t:|1700162666\n|switch|p1a: Mew|Mew|100\/100\n|-damage|p1a: Mew|88\/100|[from] Stealth Rock\n|move|p2a: Rabsca|Revival Blessing|p2a: Rabsca\n|-enditem|p2a: Rabsca|Leppa Berry|[eat]\n|-activate|p2a: Rabsca|item: Leppa Berry|Revival Blessing|[consumed]\n|\n|t:|1700162669\n|-heal|p2: Banette|50\/100|[from] move: Revival Blessing\n|\n|upkeep\n|turn|21\n|\n|t:|1700162678\n|switch|p2a: Banette|Banette-Mega, M|50\/100\n|move|p1a: Mew|Calm Mind|p1a: Mew\n|-boost|p1a: Mew|spa|1\n|-boost|p1a: Mew|spd|1\n|\n|upkeep\n|turn|22\n|\n|t:|1700162687\n|move|p2a: Banette|Encore|p1a: Mew\n|-start|p1a: Mew|Encore\n|-zpower|p1a: Mew\n|move|p1a: Mew|Genesis Supernova|p2a: Banette|[zeffect]\n|-damage|p2a: Banette|0 fnt\n|-fieldstart|move: Psychic Terrain\n|faint|p2a: Banette\n|\n|upkeep\n|\n|t:|1700162706\n|switch|p2a: Victini|Victini|84\/100\n|turn|23\n|\n|t:|1700162708\n|move|p2a: Victini|Final Gambit|p1a: Mew\n|-damage|p1a: Mew|18\/100\n|faint|p2a: Victini\n|move|p1a: Mew|Calm Mind|p1a: Mew\n|-boost|p1a: Mew|spa|1\n|-boost|p1a: Mew|spd|1\n|\n|upkeep\n|\n|t:|1700162712\n|switch|p2a: Dragonite|Dragonite, M|88\/100\n|turn|24\n|\n|t:|1700162717\n|switch|p1a: Venusaur|Venusaur-Mega, M, shiny|100\/100\n|-damage|p1a: Venusaur|88\/100|[from] Stealth Rock\n|move|p2a: Dragonite|Dragon Claw|p1a: Venusaur\n|-damage|p1a: Venusaur|59\/100\n|\n|upkeep\n|turn|25\n|\n|t:|1700162726\n|switch|p2a: Rabsca|Rabsca, F|100\/100\n|move|p1a: Venusaur|Sludge Bomb|p2a: Rabsca\n|-damage|p2a: Rabsca|70\/100\n|\n|upkeep\n|turn|26\n|\n|t:|1700162732\n|move|p1a: Venusaur|Leech Seed|p2a: Rabsca\n|-start|p2a: Rabsca|move: Leech Seed\n|move|p2a: Rabsca|Revival Blessing|p2a: Rabsca\n|\n|t:|1700162735\n|-heal|p2: Banette|50\/100|[from] move: Revival Blessing\n|\n|-damage|p2a: Rabsca|57\/100|[from] Leech Seed|[of] p1a: Venusaur\n|-heal|p1a: Venusaur|71\/100|[silent]\n|-fieldend|move: Psychic Terrain\n|upkeep\n|turn|27\n|\n|t:|1700162745\n|switch|p2a: Banette|Banette-Mega, M|50\/100\n|move|p1a: Venusaur|Giga Drain|p2a: Banette\n|-damage|p2a: Banette|0 fnt\n|-heal|p1a: Venusaur|88\/100|[from] drain|[of] p2a: Banette\n|faint|p2a: Banette\n|\n|upkeep\n|\n|t:|1700162752\n|switch|p2a: Dragonite|Dragonite, M|88\/100\n|turn|28\n|\n|t:|1700162757\n|move|p2a: Dragonite|Dragon Dance|p2a: Dragonite\n|-boost|p2a: Dragonite|atk|1\n|-boost|p2a: Dragonite|spe|1\n|move|p1a: Venusaur|Sludge Bomb|p2a: Dragonite\n|-damage|p2a: Dragonite|46\/100\n|\n|upkeep\n|turn|29\n|\n|t:|1700162766\n|move|p2a: Dragonite|Dragon Claw|p1a: Venusaur\n|-damage|p1a: Venusaur|47\/100\n|move|p1a: Venusaur|Sludge Bomb|p2a: Dragonite\n|-damage|p2a: Dragonite|8\/100\n|\n|upkeep\n|turn|30\n|\n|t:|1700162774\n|move|p2a: Dragonite|Dragon Claw|p1a: Venusaur\n|-damage|p1a: Venusaur|4\/100\n|move|p1a: Venusaur|Synthesis|p1a: Venusaur\n|-heal|p1a: Venusaur|54\/100\n|\n|upkeep\n|turn|31\n|\n|t:|1700162781\n|move|p2a: Dragonite|Dragon Claw|p1a: Venusaur\n|-damage|p1a: Venusaur|16\/100\n|move|p1a: Venusaur|Sludge Bomb|p2a: Dragonite\n|-damage|p2a: Dragonite|0 fnt\n|faint|p2a: Dragonite\n|\n|upkeep\n|\n|t:|1700162787\n|switch|p2a: Pawmot|Pawmot, F|84\/100\n|turn|32\n|\n|t:|1700162791\n|move|p2a: Pawmot|Close Combat|p1a: Venusaur\n|-resisted|p1a: Venusaur\n|-damage|p1a: Venusaur|0 fnt\n|-unboost|p2a: Pawmot|def|1\n|-unboost|p2a: Pawmot|spd|1\n|faint|p1a: Venusaur\n|\n|upkeep\n|\n|t:|1700162797\n|switch|p1a: Mew|Mew|18\/100\n|-damage|p1a: Mew|5\/100|[from] Stealth Rock\n|turn|33\n|\n|t:|1700162803\n|move|p2a: Pawmot|Close Combat|p1a: Mew\n|-resisted|p1a: Mew\n|-damage|p1a: Mew|0 fnt\n|-unboost|p2a: Pawmot|def|1\n|-unboost|p2a: Pawmot|spd|1\n|faint|p1a: Mew\n|\n|upkeep\n|-message|volk12 forfeited.\n|\n|win|Tank Tests\n|raw|volk12's rating: 1330 &rarr; <strong>1316<\/strong><br \/>(-14 for losing)\n|raw|Tank Tests's rating: 1442 &rarr; <strong>1456<\/strong><br \/>(+14 for winning)\n|l|\u2606volk12\n","uploadtime":1700162814,"views":8,"p1id":"volk12","p2id":"tanktests","formatid":"gen9nationaldex","rating":1316,"private":0,"password":""}