{"id":"gen9nationaldex-1991982503","p1":"fyhqjzyz","p2":"fzyus","format":"[Gen 9] National Dex","log":"|j|\u2606fyhqjzyz\n|j|\u2606fzyus\n|t:|1700144918\n|gametype|singles\n|player|p1|fyhqjzyz|biker|1455\n|player|p2|fzyus|266|1546\n|teamsize|p1|6\n|teamsize|p2|6\n|gen|9\n|tier|[Gen 9] National Dex\n|rated|\n|rule|HP Percentage Mod: HP is shown in percentages\n|rule|Endless Battle Clause: Forcing endless battles is banned\n|rule|OHKO Clause: OHKO moves are banned\n|rule|Evasion Clause: Evasion abilities, items, and moves are banned\n|rule|Evasion Abilities Clause: Evasion abilities are banned\n|rule|Evasion Items Clause: Evasion items are banned\n|rule|Evasion Moves Clause: Evasion moves are banned\n|rule|Species Clause: Limit one of each Pok\u00e9mon\n|rule|Sleep Clause Mod: Limit one foe put to sleep\n|clearpoke\n|poke|p1|Alomomola, M|\n|poke|p1|Tapu Lele|\n|poke|p1|Landorus-Therian, M|\n|poke|p1|Urshifu-*, F|\n|poke|p1|Charizard, F|\n|poke|p1|Xurkitree|\n|poke|p2|Ogerpon-Wellspring, F|\n|poke|p2|Moltres|\n|poke|p2|Ting-Lu|\n|poke|p2|Slowking-Galar, F|\n|poke|p2|Great Tusk|\n|poke|p2|Tapu Lele|\n|teampreview\n|inactive|Battle timer is ON: inactive players will automatically lose when time's up. (requested by fyhqjzyz)\n|\n|t:|1700144944\n|start\n|switch|p1a: Landorus|Landorus-Therian, M|100\/100\n|switch|p2a: Ogerpon|Ogerpon-Wellspring, F|100\/100\n|-ability|p1a: Landorus|Intimidate|boost\n|-unboost|p2a: Ogerpon|atk|1\n|turn|1\n|\n|t:|1700144954\n|move|p1a: Landorus|U-turn|p2a: Ogerpon\n|-supereffective|p2a: Ogerpon\n|-damage|p2a: Ogerpon|27\/100\n|\n|t:|1700144958\n|switch|p1a: Alomomola|Alomomola, M|100\/100|[from] U-turn\n|move|p2a: Ogerpon|U-turn|p1a: Alomomola\n|-damage|p1a: Alomomola|89\/100\n|-damage|p2a: Ogerpon|10\/100|[from] item: Rocky Helmet|[of] p1a: Alomomola\n|\n|t:|1700144966\n|switch|p2a: Tapu Lele|Tapu Lele|100\/100|[from] U-turn\n|-fieldstart|move: Psychic Terrain|[from] ability: Psychic Surge|[of] p2a: Tapu Lele\n|\n|upkeep\n|turn|2\n|\n|t:|1700144973\n|move|p2a: Tapu Lele|Moonblast|p1a: Alomomola\n|-damage|p1a: Alomomola|23\/100\n|move|p1a: Alomomola|Knock Off|p2a: Tapu Lele\n|-crit|p2a: Tapu Lele\n|-damage|p2a: Tapu Lele|61\/100\n|-enditem|p2a: Tapu Lele|Choice Specs|[from] move: Knock Off|[of] p1a: Alomomola\n|\n|upkeep\n|turn|3\n|\n|t:|1700144987\n|switch|p1a: Tapu Lele|Tapu Lele|100\/100\n|move|p2a: Tapu Lele|Moonblast|p1a: Tapu Lele\n|-damage|p1a: Tapu Lele|50\/100\n|\n|upkeep\n|turn|4\n|\n|t:|1700145002\n|switch|p2a: Slowking|Slowking-Galar, F|100\/100\n|-terastallize|p1a: Tapu Lele|Fire\n|move|p1a: Tapu Lele|Moonblast|p2a: Slowking\n|-resisted|p2a: Slowking\n|-damage|p2a: Slowking|80\/100\n|\n|upkeep\n|turn|5\n|\n|t:|1700145012\n|switch|p1a: Alomomola|Alomomola, M|56\/100\n|move|p2a: Slowking|Future Sight|p1a: Alomomola\n|-start|p2a: Slowking|move: Future Sight\n|\n|-fieldend|move: Psychic Terrain\n|upkeep\n|turn|6\n|\n|t:|1700145023\n|move|p1a: Alomomola|Wish|p1a: Alomomola\n|move|p2a: Slowking|Sludge Bomb|p1a: Alomomola\n|-damage|p1a: Alomomola|28\/100\n|\n|upkeep\n|turn|7\n|\n|t:|1700145031\n|move|p1a: Alomomola|Flip Turn|p2a: Slowking\n|-damage|p2a: Slowking|63\/100\n|\n|t:|1700145034\n|switch|p1a: Tapu Lele|Tapu Lele, tera:Fire|50\/100|[from] Flip Turn\n|-fieldstart|move: Psychic Terrain|[from] ability: Psychic Surge|[of] p1a: Tapu Lele\n|move|p2a: Slowking|Chilly Reception|p2a: Slowking\n|-weather|Snow\n|\n|t:|1700145047\n|switch|p2a: Ogerpon|Ogerpon-Wellspring, F|10\/100|[from] Chilly Reception\n|\n|-weather|Snow|[upkeep]\n|-end|p1a: Tapu Lele|move: Future Sight\n|-damage|p1a: Tapu Lele|0 fnt\n|faint|p1a: Tapu Lele\n|upkeep\n|\n|t:|1700145057\n|switch|p1a: Landorus|Landorus-Therian, M|100\/100\n|-ability|p1a: Landorus|Intimidate|boost\n|-unboost|p2a: Ogerpon|atk|1\n|turn|8\n|\n|t:|1700145063\n|switch|p2a: Moltres|Moltres|100\/100\n|move|p1a: Landorus|Stone Edge|p2a: Moltres\n|-supereffective|p2a: Moltres\n|-damage|p2a: Moltres|0 fnt\n|faint|p2a: Moltres\n|\n|-weather|Snow|[upkeep]\n|upkeep\n|\n|t:|1700145069\n|switch|p2a: Great Tusk|Great Tusk|100\/100\n|turn|9\n|\n|t:|1700145076\n|switch|p1a: Alomomola|Alomomola, M|61\/100\n|move|p2a: Great Tusk|Bulk Up|p2a: Great Tusk\n|-boost|p2a: Great Tusk|atk|1\n|-boost|p2a: Great Tusk|def|1\n|\n|-weather|Snow|[upkeep]\n|upkeep\n|turn|10\n|\n|t:|1700145087\n|move|p2a: Great Tusk|Rapid Spin|p1a: Alomomola\n|-damage|p1a: Alomomola|44\/100\n|-boost|p2a: Great Tusk|spe|1\n|-damage|p2a: Great Tusk|84\/100|[from] item: Rocky Helmet|[of] p1a: Alomomola\n|move|p1a: Alomomola|Toxic|p2a: Great Tusk\n|-status|p2a: Great Tusk|tox\n|\n|-weather|Snow|[upkeep]\n|-heal|p2a: Great Tusk|90\/100 tox|[from] item: Leftovers\n|-damage|p2a: Great Tusk|84\/100 tox|[from] psn\n|upkeep\n|turn|11\n|\n|t:|1700145096\n|switch|p1a: Landorus|Landorus-Therian, M|100\/100\n|-ability|p1a: Landorus|Intimidate|boost\n|-unboost|p2a: Great Tusk|atk|1\n|move|p2a: Great Tusk|Earthquake|p1a: Landorus\n|-immune|p1a: Landorus\n|\n|-weather|none\n|-heal|p2a: Great Tusk|90\/100 tox|[from] item: Leftovers\n|-damage|p2a: Great Tusk|78\/100 tox|[from] psn\n|-fieldend|move: Psychic Terrain\n|upkeep\n|turn|12\n|\n|t:|1700145106\n|move|p1a: Landorus|Earthquake|p2a: Great Tusk\n|-damage|p2a: Great Tusk|53\/100 tox\n|move|p2a: Great Tusk|Bulk Up|p2a: Great Tusk\n|-boost|p2a: Great Tusk|atk|1\n|-boost|p2a: Great Tusk|def|1\n|\n|-heal|p2a: Great Tusk|59\/100 tox|[from] item: Leftovers\n|-damage|p2a: Great Tusk|41\/100 tox|[from] psn\n|upkeep\n|turn|13\n|\n|t:|1700145117\n|switch|p1a: Alomomola|Alomomola, M|77\/100\n|move|p2a: Great Tusk|Ice Spinner|p1a: Alomomola\n|-resisted|p1a: Alomomola\n|-damage|p1a: Alomomola|64\/100\n|-damage|p2a: Great Tusk|25\/100 tox|[from] item: Rocky Helmet|[of] p1a: Alomomola\n|\n|-heal|p2a: Great Tusk|31\/100 tox|[from] item: Leftovers\n|-damage|p2a: Great Tusk|6\/100 tox|[from] psn\n|upkeep\n|turn|14\n|\n|t:|1700145130\n|move|p2a: Great Tusk|Earthquake|p1a: Alomomola\n|-damage|p1a: Alomomola|12\/100\n|move|p1a: Alomomola|Flip Turn|p2a: Great Tusk\n|-supereffective|p2a: Great Tusk\n|-damage|p2a: Great Tusk|0 fnt\n|faint|p2a: Great Tusk\n|-end|p2a: Great Tusk|Protosynthesis|[silent]\n|\n|t:|1700145142\n|switch|p1a: Urshifu|Urshifu-Rapid-Strike, F|100\/100|[from] Flip Turn\n|\n|upkeep\n|\n|t:|1700145156\n|switch|p2a: Ogerpon|Ogerpon-Wellspring, F|10\/100\n|turn|15\n|\n|t:|1700145163\n|switch|p2a: Slowking|Slowking-Galar, F|96\/100\n|move|p1a: Urshifu|Close Combat|p2a: Slowking\n|-resisted|p2a: Slowking\n|-damage|p2a: Slowking|80\/100\n|-unboost|p1a: Urshifu|def|1\n|-unboost|p1a: Urshifu|spd|1\n|\n|upkeep\n|turn|16\n|\n|t:|1700145172\n|switch|p1a: Alomomola|Alomomola, M|45\/100\n|move|p2a: Slowking|Chilly Reception|p2a: Slowking\n|-weather|Snow\n|\n|t:|1700145179\n|switch|p2a: Tapu Lele|Tapu Lele|61\/100|[from] Chilly Reception\n|-fieldstart|move: Psychic Terrain|[from] ability: Psychic Surge|[of] p2a: Tapu Lele\n|\n|-weather|Snow|[upkeep]\n|upkeep\n|turn|17\n|\n|t:|1700145186\n|switch|p1a: Landorus|Landorus-Therian, M|100\/100\n|-ability|p1a: Landorus|Intimidate|boost\n|-unboost|p2a: Tapu Lele|atk|1\n|move|p2a: Tapu Lele|Psychic|p1a: Landorus\n|-damage|p1a: Landorus|29\/100\n|\n|-weather|Snow|[upkeep]\n|upkeep\n|turn|18\n|inactive|fzyus has 120 seconds left.\n|\n|t:|1700145238\n|switch|p2a: Ting-Lu|Ting-Lu|100\/100\n|-ability|p2a: Ting-Lu|Vessel of Ruin\n|move|p1a: Landorus|U-turn|p2a: Ting-Lu\n|-supereffective|p2a: Ting-Lu\n|-damage|p2a: Ting-Lu|71\/100\n|\n|t:|1700145246\n|switch|p1a: Urshifu|Urshifu-Rapid-Strike, F|100\/100|[from] U-turn\n|\n|-weather|Snow|[upkeep]\n|-heal|p2a: Ting-Lu|78\/100|[from] item: Leftovers\n|upkeep\n|turn|19\n|inactive|fzyus has 90 seconds left.\n|\n|t:|1700145273\n|switch|p2a: Ogerpon|Ogerpon-Wellspring, F|10\/100\n|move|p1a: Urshifu|Iron Head|p2a: Ogerpon\n|-resisted|p2a: Ogerpon\n|-damage|p2a: Ogerpon|0 fnt\n|faint|p2a: Ogerpon\n|\n|-weather|Snow|[upkeep]\n|upkeep\n|\n|t:|1700145276\n|switch|p2a: Slowking|Slowking-Galar, F|100\/100\n|turn|20\n|inactive|fzyus has 90 seconds left.\n|inactive|fzyus has 60 seconds left.\n|\n|t:|1700145333\n|switch|p1a: Alomomola|Alomomola, M|79\/100\n|move|p2a: Slowking|Future Sight|p1a: Alomomola\n|-start|p2a: Slowking|move: Future Sight\n|\n|-weather|none\n|-fieldend|move: Psychic Terrain\n|upkeep\n|turn|21\n|\n|t:|1700145339\n|move|p1a: Alomomola|Wish|p1a: Alomomola\n|move|p2a: Slowking|Chilly Reception|p2a: Slowking\n|-weather|Snow\n|inactive|fzyus has 60 seconds left.\n|\n|t:|1700145359\n|switch|p2a: Tapu Lele|Tapu Lele|61\/100|[from] Chilly Reception\n|-fieldstart|move: Psychic Terrain|[from] ability: Psychic Surge|[of] p2a: Tapu Lele\n|\n|-weather|Snow|[upkeep]\n|upkeep\n|turn|22\n|\n|t:|1700145368\n|-terastallize|p2a: Tapu Lele|Psychic\n|move|p2a: Tapu Lele|Psychic|p1a: Alomomola\n|-damage|p1a: Alomomola|10\/100\n|move|p1a: Alomomola|Wish||[still]\n|-fail|p1a: Alomomola\n|\n|-weather|Snow|[upkeep]\n|-end|p1a: Alomomola|move: Future Sight\n|-damage|p1a: Alomomola|0 fnt\n|faint|p1a: Alomomola\n|upkeep\n|\n|t:|1700145381\n|switch|p1a: Urshifu|Urshifu-Rapid-Strike, F|100\/100\n|turn|23\n|inactive|fzyus has 60 seconds left.\n|\n|t:|1700145410\n|move|p1a: Urshifu|Surging Strikes|p2a: Tapu Lele\n|-crit|p2a: Tapu Lele\n|-damage|p2a: Tapu Lele|28\/100\n|-crit|p2a: Tapu Lele\n|-damage|p2a: Tapu Lele|0 fnt\n|faint|p2a: Tapu Lele\n|-hitcount|p2: Tapu Lele|2\n|\n|-weather|Snow|[upkeep]\n|upkeep\n|inactive|fzyus has 30 seconds left.\n|inactive|fzyus has 20 seconds left.\n|inactive|fzyus has 15 seconds left.\n|inactive|fzyus has 10 seconds left.\n|inactive|fzyus has 5 seconds left.\n|-message|fzyus lost due to inactivity.\n|\n|win|fyhqjzyz\n|raw|fyhqjzyz's rating: 1455 &rarr; <strong>1480<\/strong><br \/>(+25 for winning)\n|raw|fzyus's rating: 1544 &rarr; <strong>1519<\/strong><br \/>(-25 for losing)\n","uploadtime":1700145478,"views":6,"p1id":"fyhqjzyz","p2id":"fzyus","formatid":"gen9nationaldex","rating":1480,"private":0,"password":""}