{"id":"gen9nationaldex-1994698218","p1":"Ribbit Mania","p2":"sentic.D","format":"[Gen 9] National Dex","log":"|html|<div class=\"broadcast-blue\"><strong>[Gen 9] National Dex is currently suspecting Sneasler! For information on how to participate check out the <a href=\"https:\/\/www.smogon.com\/forums\/threads\/sv-national-dex-suspect-8-just-dance.3731534\/\">suspect thread<\/a>.<\/strong><\/div>\n|j|\u2606Ribbit Mania\n|j|\u2606sentic.D\n|t:|1700482657\n|gametype|singles\n|player|p1|Ribbit Mania|skierf|1243\n|player|p2|sentic.D|clown|1259\n|teamsize|p1|6\n|teamsize|p2|6\n|gen|9\n|tier|[Gen 9] National Dex\n|rated|\n|rule|HP Percentage Mod: HP is shown in percentages\n|rule|Endless Battle Clause: Forcing endless battles is banned\n|rule|OHKO Clause: OHKO moves are banned\n|rule|Evasion Clause: Evasion abilities, items, and moves are banned\n|rule|Evasion Abilities Clause: Evasion abilities are banned\n|rule|Evasion Items Clause: Evasion items are banned\n|rule|Evasion Moves Clause: Evasion moves are banned\n|rule|Species Clause: Limit one of each Pok\u00e9mon\n|rule|Sleep Clause Mod: Limit one foe put to sleep\n|clearpoke\n|poke|p1|Maushold|\n|poke|p1|Cloyster, F|\n|poke|p1|Cinccino, F|\n|poke|p1|Gliscor, M|\n|poke|p1|Blaziken, M|\n|poke|p1|Beedrill, F|\n|poke|p2|Kingdra, F|\n|poke|p2|Swampert, F|\n|poke|p2|Pelipper, F|\n|poke|p2|Tapu Koko|\n|poke|p2|Ferrothorn, M|\n|poke|p2|Garchomp, F|\n|teampreview\n|inactive|Battle timer is ON: inactive players will automatically lose when time's up. (requested by Ribbit Mania)\n|\n|t:|1700482675\n|start\n|switch|p1a: Euphemism|Cloyster, F|100\/100\n|switch|p2a: Pelipper|Pelipper, F|100\/100\n|-weather|RainDance|[from] ability: Drizzle|[of] p2a: Pelipper\n|turn|1\n|inactive|sentic.D has 120 seconds left.\n|\n|t:|1700482723\n|move|p1a: Euphemism|Rock Blast|p2a: Pelipper\n|-supereffective|p2a: Pelipper\n|-damage|p2a: Pelipper|88\/100\n|-supereffective|p2a: Pelipper\n|-damage|p2a: Pelipper|75\/100\n|-supereffective|p2a: Pelipper\n|-damage|p2a: Pelipper|62\/100\n|-supereffective|p2a: Pelipper\n|-damage|p2a: Pelipper|50\/100\n|-supereffective|p2a: Pelipper\n|-damage|p2a: Pelipper|39\/100\n|-hitcount|p2a: Pelipper|5\n|move|p2a: Pelipper|U-turn|p1a: Euphemism\n|-damage|p1a: Euphemism|93\/100\n|\n|t:|1700482735\n|switch|p2a: Tapu Koko|Tapu Koko|100\/100|[from] U-turn\n|-fieldstart|move: Electric Terrain|[from] ability: Electric Surge|[of] p2a: Tapu Koko\n|\n|-weather|RainDance|[upkeep]\n|upkeep\n|turn|2\n|\n|t:|1700482742\n|move|p2a: Tapu Koko|Hidden Power|p1a: Euphemism\n|-resisted|p1a: Euphemism\n|-damage|p1a: Euphemism|79\/100\n|-damage|p2a: Tapu Koko|91\/100|[from] item: Life Orb\n|move|p1a: Euphemism|Shell Smash|p1a: Euphemism\n|-unboost|p1a: Euphemism|def|1\n|-unboost|p1a: Euphemism|spd|1\n|-boost|p1a: Euphemism|atk|2\n|-boost|p1a: Euphemism|spa|2\n|-boost|p1a: Euphemism|spe|2\n|\n|-weather|RainDance|[upkeep]\n|upkeep\n|turn|3\n|c|\u2606sentic.D|no switch?\n|\n|t:|1700482757\n|move|p1a: Euphemism|Rock Blast|p2a: Tapu Koko\n|-damage|p2a: Tapu Koko|70\/100\n|-damage|p2a: Tapu Koko|49\/100\n|-damage|p2a: Tapu Koko|25\/100\n|-damage|p2a: Tapu Koko|3\/100\n|-damage|p2a: Tapu Koko|0 fnt\n|faint|p2a: Tapu Koko\n|-hitcount|p2: Tapu Koko|5\n|\n|-weather|RainDance|[upkeep]\n|upkeep\n|c|\u2606sentic.D|dam nice play\n|\n|t:|1700482772\n|switch|p2a: Swampert|Swampert, F|100\/100\n|turn|4\n|\n|t:|1700482779\n|detailschange|p2a: Swampert|Swampert-Mega, F\n|-mega|p2a: Swampert|Swampert|Swampertite\n|move|p2a: Swampert|Body Press|p1a: Euphemism\n|-supereffective|p1a: Euphemism\n|-damage|p1a: Euphemism|25\/100\n|move|p1a: Euphemism|Icicle Spear|p2a: Swampert\n|-damage|p2a: Swampert|81\/100\n|-damage|p2a: Swampert|59\/100\n|-damage|p2a: Swampert|37\/100\n|-damage|p2a: Swampert|15\/100\n|-damage|p2a: Swampert|0 fnt\n|faint|p2a: Swampert\n|-hitcount|p2: Swampert|5\n|\n|-weather|RainDance|[upkeep]\n|upkeep\n|\n|t:|1700482792\n|switch|p2a: Kingdra|Kingdra, F|100\/100\n|turn|5\n|\n|t:|1700482801\n|move|p2a: Kingdra|Hurricane|p1a: Euphemism\n|-damage|p1a: Euphemism|0 fnt\n|faint|p1a: Euphemism\n|\n|-weather|none\n|-fieldend|move: Electric Terrain\n|upkeep\n|\n|t:|1700482806\n|switch|p1a: Miles Prower|Cinccino, F, shiny|100\/100\n|turn|6\n|\n|t:|1700482822\n|switch|p2a: Pelipper|Pelipper, F|39\/100\n|-weather|RainDance|[from] ability: Drizzle|[of] p2a: Pelipper\n|move|p1a: Miles Prower|Bullet Seed|p2a: Pelipper\n|-damage|p2a: Pelipper|32\/100\n|-damage|p2a: Pelipper|25\/100\n|-damage|p2a: Pelipper|19\/100\n|-damage|p2a: Pelipper|12\/100\n|-damage|p2a: Pelipper|4\/100\n|-hitcount|p2a: Pelipper|5\n|-damage|p1a: Miles Prower|91\/100|[from] item: Life Orb\n|\n|-weather|RainDance|[upkeep]\n|-heal|p2a: Pelipper|10\/100|[from] item: Leftovers\n|upkeep\n|turn|7\n|\n|t:|1700482837\n|move|p1a: Miles Prower|Bullet Seed|p2a: Pelipper\n|-damage|p2a: Pelipper|2\/100\n|-damage|p2a: Pelipper|0 fnt\n|faint|p2a: Pelipper\n|-hitcount|p2: Pelipper|2\n|-damage|p1a: Miles Prower|81\/100|[from] item: Life Orb\n|\n|-weather|RainDance|[upkeep]\n|upkeep\n|inactive|sentic.D has 90 seconds left.\n|\n|t:|1700482854\n|switch|p2a: Ferrothorn|Ferrothorn, M|100\/100\n|turn|8\n|\n|t:|1700482862\n|move|p1a: Miles Prower|U-turn|p2a: Ferrothorn\n|-damage|p2a: Ferrothorn|79\/100\n|-damage|p1a: Miles Prower|68\/100|[from] ability: Iron Barbs|[of] p2a: Ferrothorn\n|-damage|p1a: Miles Prower|58\/100|[from] item: Life Orb\n|\n|t:|1700482867\n|switch|p1a: Scapegoat|Gliscor, M|100\/100|[from] U-turn\n|move|p2a: Ferrothorn|Iron Defense|p2a: Ferrothorn\n|-boost|p2a: Ferrothorn|def|2\n|\n|-weather|RainDance|[upkeep]\n|-heal|p2a: Ferrothorn|86\/100|[from] item: Leftovers\n|-status|p1a: Scapegoat|tox|[from] item: Toxic Orb\n|upkeep\n|turn|9\n|\n|t:|1700482885\n|move|p1a: Scapegoat|Substitute|p1a: Scapegoat\n|-start|p1a: Scapegoat|Substitute\n|-damage|p1a: Scapegoat|76\/100 tox\n|move|p2a: Ferrothorn|Gyro Ball|p1a: Scapegoat\n|-end|p1a: Scapegoat|Substitute\n|\n|-weather|RainDance|[upkeep]\n|-heal|p2a: Ferrothorn|92\/100|[from] item: Leftovers\n|-heal|p1a: Scapegoat|88\/100 tox|[from] ability: Poison Heal\n|upkeep\n|turn|10\n|\n|t:|1700482897\n|move|p1a: Scapegoat|Swords Dance|p1a: Scapegoat\n|-boost|p1a: Scapegoat|atk|2\n|move|p2a: Ferrothorn|Gyro Ball|p1a: Scapegoat\n|-damage|p1a: Scapegoat|22\/100 tox\n|\n|-weather|none\n|-heal|p2a: Ferrothorn|98\/100|[from] item: Leftovers\n|-heal|p1a: Scapegoat|35\/100 tox|[from] ability: Poison Heal\n|upkeep\n|turn|11\n|\n|t:|1700482906\n|move|p1a: Scapegoat|Earthquake|p2a: Ferrothorn\n|-damage|p2a: Ferrothorn|66\/100\n|move|p2a: Ferrothorn|Gyro Ball|p1a: Scapegoat\n|-damage|p1a: Scapegoat|0 fnt\n|faint|p1a: Scapegoat\n|\n|-heal|p2a: Ferrothorn|72\/100|[from] item: Leftovers\n|upkeep\n|\n|t:|1700482911\n|switch|p1a: Thunder Thighs|Blaziken, M|100\/100\n|turn|12\n|inactive|sentic.D has 120 seconds left.\n|\n|t:|1700482918\n|move|p1a: Thunder Thighs|Swords Dance|p1a: Thunder Thighs\n|-boost|p1a: Thunder Thighs|atk|2\n|move|p2a: Ferrothorn|Iron Defense|p2a: Ferrothorn\n|-boost|p2a: Ferrothorn|def|2\n|\n|-heal|p2a: Ferrothorn|78\/100|[from] item: Leftovers\n|-ability|p1a: Thunder Thighs|Speed Boost|boost\n|-boost|p1a: Thunder Thighs|spe|1\n|upkeep\n|turn|13\n|\n|t:|1700482928\n|-zpower|p1a: Thunder Thighs\n|move|p1a: Thunder Thighs|Inferno Overdrive|p2a: Ferrothorn|[zeffect]\n|-supereffective|p2a: Ferrothorn\n|-damage|p2a: Ferrothorn|0 fnt\n|faint|p2a: Ferrothorn\n|\n|-ability|p1a: Thunder Thighs|Speed Boost|boost\n|-boost|p1a: Thunder Thighs|spe|1\n|upkeep\n|\n|t:|1700482937\n|switch|p2a: Garchomp|Garchomp, F|100\/100\n|turn|14\n|\n|t:|1700482942\n|move|p1a: Thunder Thighs|Flare Blitz|p2a: Garchomp\n|-resisted|p2a: Garchomp\n|-damage|p2a: Garchomp|32\/100\n|-damage|p1a: Thunder Thighs|88\/100|[from] ability: Rough Skin|[of] p2a: Garchomp\n|-damage|p1a: Thunder Thighs|61\/100|[from] Recoil\n|move|p2a: Garchomp|Earthquake|p1a: Thunder Thighs\n|-supereffective|p1a: Thunder Thighs\n|-damage|p1a: Thunder Thighs|0 fnt\n|faint|p1a: Thunder Thighs\n|\n|upkeep\n|\n|t:|1700482952\n|switch|p1a: Miles Prower|Cinccino, F, shiny|58\/100\n|turn|15\n|\n|t:|1700482957\n|move|p1a: Miles Prower|Triple Axel|p2a: Garchomp|[miss]\n|-miss|p1a: Miles Prower|p2a: Garchomp\n|move|p2a: Garchomp|Earthquake|p1a: Miles Prower\n|-damage|p1a: Miles Prower|0 fnt\n|faint|p1a: Miles Prower\n|\n|upkeep\n|\n|t:|1700482962\n|switch|p1a: MUDAMUDAMUDAMUDA|Maushold|100\/100\n|turn|16\n|\n|t:|1700482967\n|move|p1a: MUDAMUDAMUDAMUDA|Tidy Up|p1a: MUDAMUDAMUDAMUDA\n|-boost|p1a: MUDAMUDAMUDAMUDA|atk|1\n|-boost|p1a: MUDAMUDAMUDAMUDA|spe|1\n|move|p2a: Garchomp|Earthquake|p1a: MUDAMUDAMUDAMUDA\n|-damage|p1a: MUDAMUDAMUDAMUDA|0 fnt\n|faint|p1a: MUDAMUDAMUDAMUDA\n|\n|upkeep\n|\n|t:|1700482969\n|switch|p1a: The Rapper|Beedrill, F|100\/100\n|turn|17\n|\n|t:|1700482980\n|detailschange|p1a: The Rapper|Beedrill-Mega, F\n|-mega|p1a: The Rapper|Beedrill|Beedrillite\n|move|p1a: The Rapper|Fell Stinger|p2a: Garchomp\n|-damage|p2a: Garchomp|0 fnt\n|-damage|p1a: The Rapper|88\/100|[from] ability: Rough Skin|[of] p2a: Garchomp\n|faint|p2a: Garchomp\n|-boost|p1a: The Rapper|atk|3\n|\n|upkeep\n|c|\u2606Ribbit Mania|Gg X(\n|\n|t:|1700482989\n|switch|p2a: Kingdra|Kingdra, F|100\/100\n|turn|18\n|c|\u2606sentic.D|ggs :(\n|\n|t:|1700482999\n|-terastallize|p2a: Kingdra|Water\n|move|p1a: The Rapper|Pin Missile|p2a: Kingdra\n|-damage|p2a: Kingdra|45\/100\n|-damage|p2a: Kingdra|0 fnt\n|faint|p2a: Kingdra\n|-hitcount|p2: Kingdra|2\n|\n|win|Ribbit Mania\n|raw|Ribbit Mania's rating: 1243 &rarr; <strong>1269<\/strong><br \/>(+26 for winning)\n|raw|sentic.D's rating: 1259 &rarr; <strong>1233<\/strong><br \/>(-26 for losing)\n|c|\u2606Ribbit Mania|Ngl i thought i was about to lose\n","uploadtime":1700483110,"views":1,"p1id":"ribbitmania","p2id":"senticd","formatid":"gen9nationaldex","rating":1233,"private":0,"password":""}