{"id":"gen9nationaldex-1998289085","p1":"butislayer69","p2":"ShriveledMonkey","format":"[Gen 9] National Dex","log":"|html|<div class=\"broadcast-blue\"><strong>[Gen 9] National Dex is currently suspecting Sneasler! For information on how to participate check out the <a href=\"https:\/\/www.smogon.com\/forums\/threads\/sv-national-dex-suspect-8-just-dance.3731534\/\">suspect thread<\/a>.<\/strong><\/div>\n|j|\u2606butislayer69\n|j|\u2606ShriveledMonkey\n|t:|1700925189\n|gametype|singles\n|player|p1|butislayer69|li|1056\n|player|p2|ShriveledMonkey|1|1073\n|teamsize|p1|6\n|teamsize|p2|6\n|gen|9\n|tier|[Gen 9] National Dex\n|rated|\n|rule|HP Percentage Mod: HP is shown in percentages\n|rule|Endless Battle Clause: Forcing endless battles is banned\n|rule|OHKO Clause: OHKO moves are banned\n|rule|Evasion Clause: Evasion abilities, items, and moves are banned\n|rule|Evasion Abilities Clause: Evasion abilities are banned\n|rule|Evasion Items Clause: Evasion items are banned\n|rule|Evasion Moves Clause: Evasion moves are banned\n|rule|Species Clause: Limit one of each Pok\u00e9mon\n|rule|Sleep Clause Mod: Limit one foe put to sleep\n|clearpoke\n|poke|p1|Garchomp, M|\n|poke|p1|Dragonite, M|\n|poke|p1|Tyranitar, M|\n|poke|p1|Ninetales-Alola, M|\n|poke|p1|Charizard, M|\n|poke|p1|Zapdos|\n|poke|p2|Snorlax, M|\n|poke|p2|Uxie|\n|poke|p2|Aggron, M|\n|poke|p2|Lopunny, F|\n|poke|p2|Pangoro, F|\n|poke|p2|Gourgeist-*, M|\n|teampreview\n|\n|t:|1700925192\n|start\n|switch|p1a: \u0413\u0418\u0413\u0410 \u041d\u0415\u0413\u0410|Garchomp, M|100\/100\n|switch|p2a: Pangoro|Pangoro, F|100\/100\n|turn|1\n|\n|t:|1700925205\n|detailschange|p1a: \u0413\u0418\u0413\u0410 \u041d\u0415\u0413\u0410|Garchomp-Mega, M\n|-mega|p1a: \u0413\u0418\u0413\u0410 \u041d\u0415\u0413\u0410|Garchomp|Garchompite\n|move|p1a: \u0413\u0418\u0413\u0410 \u041d\u0415\u0413\u0410|Earthquake|p2a: Pangoro\n|-damage|p2a: Pangoro|24\/100\n|move|p2a: Pangoro|Knock Off|p1a: \u0413\u0418\u0413\u0410 \u041d\u0415\u0413\u0410\n|-damage|p1a: \u0413\u0418\u0413\u0410 \u041d\u0415\u0413\u0410|51\/100\n|\n|upkeep\n|turn|2\n|\n|t:|1700925212\n|move|p1a: \u0413\u0418\u0413\u0410 \u041d\u0415\u0413\u0410|Earthquake|p2a: Pangoro\n|-damage|p2a: Pangoro|0 fnt\n|faint|p2a: Pangoro\n|\n|upkeep\n|\n|t:|1700925220\n|switch|p2a: Gourgeist|Gourgeist-Super, M|100\/100\n|-item|p1a: \u0413\u0418\u0413\u0410 \u041d\u0415\u0413\u0410|Garchompite|[from] ability: Frisk|[of] p2a: Gourgeist|[identify]\n|turn|3\n|\n|t:|1700925231\n|switch|p1a: Donovan|Charizard, M, shiny|100\/100\n|move|p2a: Gourgeist|Trick-or-Treat|p1a: Donovan\n|-start|p1a: Donovan|typeadd|Ghost|[from] move: Trick-or-Treat\n|\n|upkeep\n|turn|4\n|\n|t:|1700925238\n|move|p2a: Gourgeist|Shadow Sneak|p1a: Donovan\n|-supereffective|p1a: Donovan\n|-damage|p1a: Donovan|34\/100\n|move|p1a: Donovan|Overheat|p2a: Gourgeist\n|-supereffective|p2a: Gourgeist\n|-damage|p2a: Gourgeist|0 fnt\n|-unboost|p1a: Donovan|spa|2\n|faint|p2a: Gourgeist\n|\n|upkeep\n|\n|t:|1700925246\n|switch|p2a: Lopunny|Lopunny, F|100\/100\n|turn|5\n|\n|t:|1700925254\n|detailschange|p2a: Lopunny|Lopunny-Mega, F\n|-mega|p2a: Lopunny|Lopunny|Lopunnite\n|move|p2a: Lopunny|Fake Out|p1a: Donovan\n|-damage|p1a: Donovan|3\/100\n|cant|p1a: Donovan|flinch\n|\n|upkeep\n|turn|6\n|\n|t:|1700925261\n|move|p2a: Lopunny|U-turn|p1a: Donovan\n|-resisted|p1a: Donovan\n|-damage|p1a: Donovan|0 fnt\n|faint|p1a: Donovan\n|\n|t:|1700925267\n|switch|p2a: Snorlax|Snorlax, M|100\/100|[from] U-turn\n|\n|upkeep\n|\n|t:|1700925274\n|switch|p1a: We com in piss|Dragonite, M, shiny|100\/100\n|turn|7\n|\n|t:|1700925278\n|-terastallize|p1a: We com in piss|Dragon\n|move|p1a: We com in piss|Body Press|p2a: Snorlax\n|-supereffective|p2a: Snorlax\n|-damage|p2a: Snorlax|61\/100\n|move|p2a: Snorlax|Curse|p2a: Snorlax\n|-unboost|p2a: Snorlax|spe|1\n|-boost|p2a: Snorlax|atk|1\n|-boost|p2a: Snorlax|def|1\n|\n|-heal|p2a: Snorlax|67\/100|[from] item: Leftovers\n|upkeep\n|turn|8\n|\n|t:|1700925289\n|move|p1a: We com in piss|Body Press|p2a: Snorlax\n|-supereffective|p2a: Snorlax\n|-damage|p2a: Snorlax|39\/100\n|move|p2a: Snorlax|Body Slam|p1a: We com in piss\n|-damage|p1a: We com in piss|78\/100\n|\n|-heal|p2a: Snorlax|46\/100|[from] item: Leftovers\n|upkeep\n|turn|9\n|\n|t:|1700925297\n|move|p1a: We com in piss|Body Press|p2a: Snorlax\n|-supereffective|p2a: Snorlax\n|-damage|p2a: Snorlax|20\/100\n|move|p2a: Snorlax|Body Slam|p1a: We com in piss\n|-damage|p1a: We com in piss|32\/100\n|\n|-heal|p2a: Snorlax|26\/100|[from] item: Leftovers\n|upkeep\n|turn|10\n|\n|t:|1700925307\n|move|p1a: We com in piss|Draco Meteor|p2a: Snorlax\n|-crit|p2a: Snorlax\n|-damage|p2a: Snorlax|0 fnt\n|-unboost|p1a: We com in piss|spa|2\n|faint|p2a: Snorlax\n|\n|upkeep\n|\n|t:|1700925313\n|switch|p2a: Lopunny|Lopunny-Mega, F|100\/100\n|turn|11\n|\n|t:|1700925318\n|move|p2a: Lopunny|Fake Out|p1a: We com in piss\n|-damage|p1a: We com in piss|12\/100\n|cant|p1a: We com in piss|flinch\n|\n|upkeep\n|turn|12\n|\n|t:|1700925323\n|move|p2a: Lopunny|Frustration|p1a: We com in piss\n|-damage|p1a: We com in piss|0 fnt\n|faint|p1a: We com in piss\n|\n|upkeep\n|\n|t:|1700925331\n|switch|p1a: piss|Tyranitar, M, shiny|100\/100\n|-weather|Sandstorm|[from] ability: Sand Stream|[of] p1a: piss\n|turn|13\n|\n|t:|1700925336\n|move|p2a: Lopunny|Close Combat|p1a: piss\n|-supereffective|p1a: piss\n|-damage|p1a: piss|0 fnt\n|-unboost|p2a: Lopunny|def|1\n|-unboost|p2a: Lopunny|spd|1\n|faint|p1a: piss\n|\n|-weather|Sandstorm|[upkeep]\n|-damage|p2a: Lopunny|95\/100|[from] Sandstorm\n|upkeep\n|\n|t:|1700925339\n|switch|p1a: \u0413\u0418\u0413\u0410 \u041d\u0415\u0413\u0410|Garchomp-Mega, M|51\/100\n|turn|14\n|\n|t:|1700925348\n|move|p2a: Lopunny|Frustration|p1a: \u0413\u0418\u0413\u0410 \u041d\u0415\u0413\u0410\n|-damage|p1a: \u0413\u0418\u0413\u0410 \u041d\u0415\u0413\u0410|9\/100\n|move|p1a: \u0413\u0418\u0413\u0410 \u041d\u0415\u0413\u0410|Brick Break|p2a: Lopunny\n|-supereffective|p2a: Lopunny\n|-damage|p2a: Lopunny|0 fnt\n|faint|p2a: Lopunny\n|\n|-weather|Sandstorm|[upkeep]\n|upkeep\n|\n|t:|1700925357\n|switch|p2a: Uxie|Uxie|100\/100\n|turn|15\n|\n|t:|1700925366\n|move|p1a: \u0413\u0418\u0413\u0410 \u041d\u0415\u0413\u0410|Earthquake|p2a: Uxie\n|-immune|p2a: Uxie|[from] ability: Levitate\n|move|p2a: Uxie|Stealth Rock|p1a: \u0413\u0418\u0413\u0410 \u041d\u0415\u0413\u0410\n|-sidestart|p1: butislayer69|move: Stealth Rock\n|\n|-weather|Sandstorm|[upkeep]\n|-damage|p2a: Uxie|94\/100|[from] Sandstorm\n|-heal|p2a: Uxie|100\/100|[from] item: Leftovers\n|upkeep\n|turn|16\n|\n|t:|1700925379\n|move|p1a: \u0413\u0418\u0413\u0410 \u041d\u0415\u0413\u0410|Draco Meteor|p2a: Uxie\n|-damage|p2a: Uxie|60\/100\n|-unboost|p1a: \u0413\u0418\u0413\u0410 \u041d\u0415\u0413\u0410|spa|2\n|move|p2a: Uxie|Psychic|p1a: \u0413\u0418\u0413\u0410 \u041d\u0415\u0413\u0410\n|-damage|p1a: \u0413\u0418\u0413\u0410 \u041d\u0415\u0413\u0410|0 fnt\n|faint|p1a: \u0413\u0418\u0413\u0410 \u041d\u0415\u0413\u0410\n|\n|-weather|Sandstorm|[upkeep]\n|-damage|p2a: Uxie|53\/100|[from] Sandstorm\n|-heal|p2a: Uxie|60\/100|[from] item: Leftovers\n|upkeep\n|\n|t:|1700925383\n|switch|p1a: Ahri|Ninetales-Alola, M|100\/100\n|-damage|p1a: Ahri|76\/100|[from] Stealth Rock\n|-weather|Snow|[from] ability: Snow Warning|[of] p1a: Ahri\n|turn|17\n|\n|t:|1700925395\n|move|p1a: Ahri|Blizzard|p2a: Uxie\n|-damage|p2a: Uxie|29\/100\n|move|p2a: Uxie|Knock Off|p1a: Ahri\n|-resisted|p1a: Ahri\n|-damage|p1a: Ahri|68\/100\n|-enditem|p1a: Ahri|Aguav Berry|[from] move: Knock Off|[of] p2a: Uxie\n|\n|-weather|Snow|[upkeep]\n|-heal|p2a: Uxie|35\/100|[from] item: Leftovers\n|upkeep\n|turn|18\n|\n|t:|1700925406\n|-terastallize|p2a: Uxie|Steel\n|move|p1a: Ahri|Ice Beam|p2a: Uxie\n|-resisted|p2a: Uxie\n|-damage|p2a: Uxie|21\/100\n|move|p2a: Uxie|Psychic|p1a: Ahri\n|-damage|p1a: Ahri|41\/100\n|\n|-weather|Snow|[upkeep]\n|-heal|p2a: Uxie|28\/100|[from] item: Leftovers\n|upkeep\n|turn|19\n|\n|t:|1700925416\n|move|p1a: Ahri|Blizzard|p2a: Uxie\n|-resisted|p2a: Uxie\n|-crit|p2a: Uxie\n|-damage|p2a: Uxie|2\/100\n|move|p2a: Uxie|Psychic|p1a: Ahri\n|-damage|p1a: Ahri|9\/100\n|\n|-weather|Snow|[upkeep]\n|-heal|p2a: Uxie|8\/100|[from] item: Leftovers\n|upkeep\n|turn|20\n|\n|t:|1700925425\n|move|p1a: Ahri|Draining Kiss|p2a: Uxie\n|-resisted|p2a: Uxie\n|-crit|p2a: Uxie\n|-damage|p2a: Uxie|0 fnt\n|-heal|p1a: Ahri|16\/100|[from] drain|[of] p2a: Uxie\n|faint|p2a: Uxie\n|\n|-weather|Snow|[upkeep]\n|upkeep\n|\n|t:|1700925431\n|switch|p2a: Aggron|Aggron, M|100\/100\n|turn|21\n|\n|t:|1700925440\n|move|p1a: Ahri|Draining Kiss|p2a: Aggron\n|-resisted|p2a: Aggron\n|-damage|p2a: Aggron|83\/100\n|-heal|p1a: Ahri|28\/100|[from] drain|[of] p2a: Aggron\n|move|p2a: Aggron|Autotomize|p2a: Aggron\n|-boost|p2a: Aggron|spe|2\n|-start|p2a: Aggron|Autotomize\n|\n|-weather|none\n|upkeep\n|turn|22\n|\n|t:|1700925450\n|move|p2a: Aggron|Head Smash|p1a: Ahri|[miss]\n|-miss|p2a: Aggron|p1a: Ahri\n|move|p1a: Ahri|Ice Beam|p2a: Aggron\n|-resisted|p2a: Aggron\n|-damage|p2a: Aggron|51\/100\n|-status|p2a: Aggron|frz\n|\n|upkeep\n|turn|23\n|c|\u2606ShriveledMonkey|oof\n|\n|t:|1700925459\n|cant|p2a: Aggron|frz\n|move|p1a: Ahri|Draining Kiss|p2a: Aggron\n|-resisted|p2a: Aggron\n|-damage|p2a: Aggron|35\/100 frz\n|-heal|p1a: Ahri|40\/100|[from] drain|[of] p2a: Aggron\n|\n|upkeep\n|turn|24\n|\n|t:|1700925465\n|-curestatus|p2a: Aggron|frz|[msg]\n|move|p2a: Aggron|Head Smash|p1a: Ahri\n|-supereffective|p1a: Ahri\n|-damage|p1a: Ahri|0 fnt\n|faint|p1a: Ahri\n|\n|upkeep\n|\n|t:|1700925470\n|switch|p1a: Yellow|Zapdos, shiny|100\/100\n|-damage|p1a: Yellow|76\/100|[from] Stealth Rock\n|turn|25\n|\n|t:|1700925474\n|move|p2a: Aggron|Head Smash|p1a: Yellow\n|-supereffective|p1a: Yellow\n|-damage|p1a: Yellow|0 fnt\n|-status|p2a: Aggron|par|[from] ability: Static|[of] p1a: Yellow\n|faint|p1a: Yellow\n|\n|win|ShriveledMonkey\n|raw|butislayer69's rating: 1056 &rarr; <strong>1038<\/strong><br \/>(-18 for losing)\n|raw|ShriveledMonkey's rating: 1073 &rarr; <strong>1101<\/strong><br \/>(+28 for winning)\n|l|\u2606butislayer69\n","uploadtime":1700925483,"views":2,"p1id":"butislayer69","p2id":"shriveledmonkey","formatid":"gen9nationaldex","rating":1038,"private":0,"password":""}