{"id":"gen9nationaldex-1990084937","p1":"Roshi_888","p2":"Thatoneerper","format":"[Gen 9] National Dex","log":"|j|\u2606Roshi_888\n|j|\u2606Thatoneerper\n|t:|1699922911\n|gametype|singles\n|player|p1|Roshi_888|steven|1061\n|player|p2|Thatoneerper|bellelba|1141\n|teamsize|p1|6\n|teamsize|p2|6\n|gen|9\n|tier|[Gen 9] National Dex\n|rated|\n|rule|HP Percentage Mod: HP is shown in percentages\n|rule|Endless Battle Clause: Forcing endless battles is banned\n|rule|OHKO Clause: OHKO moves are banned\n|rule|Evasion Clause: Evasion abilities, items, and moves are banned\n|rule|Evasion Abilities Clause: Evasion abilities are banned\n|rule|Evasion Items Clause: Evasion items are banned\n|rule|Evasion Moves Clause: Evasion moves are banned\n|rule|Species Clause: Limit one of each Pok\u00e9mon\n|rule|Sleep Clause Mod: Limit one foe put to sleep\n|clearpoke\n|poke|p1|Rhyperior, M|\n|poke|p1|Whiscash, M|\n|poke|p1|Clawitzer, M|\n|poke|p1|Heracross, M|\n|poke|p1|Beedrill, M|\n|poke|p1|Golurk|\n|poke|p2|Coalossal, F|\n|poke|p2|Gogoat, M|\n|poke|p2|Gastrodon, F|\n|poke|p2|Electivire, F|\n|poke|p2|Absol, F|\n|poke|p2|Granbull, M|\n|teampreview\n|\n|t:|1699922920\n|start\n|switch|p1a: Tunnel rhino|Rhyperior, M|100\/100\n|switch|p2a: Absol|Absol, F|100\/100\n|-ability|p2a: Absol|Pressure\n|turn|1\n|\n|t:|1699922942\n|detailschange|p2a: Absol|Absol-Mega, F\n|-mega|p2a: Absol|Absol|Absolite\n|move|p2a: Absol|Ice Beam|p1a: Tunnel rhino\n|-supereffective|p1a: Tunnel rhino\n|-damage|p1a: Tunnel rhino|19\/100\n|move|p1a: Tunnel rhino|Body Press|p2a: Absol\n|-supereffective|p2a: Absol\n|-damage|p2a: Absol|6\/100\n|\n|upkeep\n|turn|2\n|\n|t:|1699922957\n|move|p2a: Absol|Ice Beam|p1a: Tunnel rhino\n|-supereffective|p1a: Tunnel rhino\n|-damage|p1a: Tunnel rhino|0 fnt\n|faint|p1a: Tunnel rhino\n|\n|upkeep\n|\n|t:|1699922966\n|switch|p1a: Blast hornet|Beedrill, M|100\/100\n|turn|3\n|\n|t:|1699922972\n|detailschange|p1a: Blast hornet|Beedrill-Mega, M\n|-mega|p1a: Blast hornet|Beedrill|Beedrillite\n|move|p1a: Blast hornet|Fell Stinger|p2a: Absol\n|-supereffective|p2a: Absol\n|-damage|p2a: Absol|0 fnt\n|faint|p2a: Absol\n|-boost|p1a: Blast hornet|atk|3\n|\n|upkeep\n|inactive|Battle timer is ON: inactive players will automatically lose when time's up. (requested by Roshi_888)\n|\n|t:|1699923000\n|switch|p2a: Coalossal|Coalossal, F|100\/100\n|turn|4\n|\n|t:|1699923005\n|move|p1a: Blast hornet|Drill Run|p2a: Coalossal\n|-supereffective|p2a: Coalossal\n|-damage|p2a: Coalossal|0 fnt\n|faint|p2a: Coalossal\n|\n|upkeep\n|\n|t:|1699923012\n|switch|p2a: Gastrodon|Gastrodon, F|100\/100\n|turn|5\n|\n|t:|1699923015\n|move|p1a: Blast hornet|Knock Off|p2a: Gastrodon\n|-damage|p2a: Gastrodon|14\/100\n|-enditem|p2a: Gastrodon|Assault Vest|[from] move: Knock Off|[of] p1a: Blast hornet\n|move|p2a: Gastrodon|Earth Power|p1a: Blast hornet\n|-damage|p1a: Blast hornet|48\/100\n|-unboost|p1a: Blast hornet|spd|1\n|\n|upkeep\n|turn|6\n|\n|t:|1699923027\n|move|p1a: Blast hornet|Fell Stinger|p2a: Gastrodon\n|-damage|p2a: Gastrodon|0 fnt\n|faint|p2a: Gastrodon\n|-boost|p1a: Blast hornet|atk|3\n|\n|upkeep\n|\n|t:|1699923036\n|switch|p2a: Granbull|Granbull, M|100\/100\n|turn|7\n|\n|t:|1699923043\n|-terastallize|p2a: Granbull|Steel\n|move|p1a: Blast hornet|Poison Jab|p2a: Granbull\n|-immune|p2a: Granbull\n|move|p2a: Granbull|Earthquake|p1a: Blast hornet\n|-damage|p1a: Blast hornet|0 fnt\n|faint|p1a: Blast hornet\n|\n|upkeep\n|\n|t:|1699923054\n|switch|p1a: Volt catfish|Whiscash, M|100\/100\n|turn|8\n|\n|t:|1699923061\n|move|p1a: Volt catfish|Dragon Dance|p1a: Volt catfish\n|-boost|p1a: Volt catfish|atk|1\n|-boost|p1a: Volt catfish|spe|1\n|move|p2a: Granbull|Super Fang|p1a: Volt catfish\n|-damage|p1a: Volt catfish|51\/100\n|\n|upkeep\n|turn|9\n|\n|t:|1699923070\n|move|p1a: Volt catfish|Earthquake|p2a: Granbull\n|-supereffective|p2a: Granbull\n|-damage|p2a: Granbull|0 fnt\n|faint|p2a: Granbull\n|\n|upkeep\n|\n|t:|1699923075\n|switch|p2a: Electivire|Electivire, F|100\/100\n|-item|p2a: Electivire|Air Balloon\n|turn|10\n|\n|t:|1699923083\n|switch|p2a: Gogoat|Gogoat, M|100\/100\n|move|p1a: Volt catfish|Liquidation|p2a: Gogoat\n|-resisted|p2a: Gogoat\n|-damage|p2a: Gogoat|76\/100\n|\n|-heal|p2a: Gogoat|82\/100|[from] item: Leftovers\n|upkeep\n|turn|11\n|\n|t:|1699923092\n|move|p1a: Volt catfish|Spark|p2a: Gogoat\n|-resisted|p2a: Gogoat\n|-damage|p2a: Gogoat|69\/100\n|move|p2a: Gogoat|Bulk Up|p2a: Gogoat\n|-boost|p2a: Gogoat|atk|1\n|-boost|p2a: Gogoat|def|1\n|\n|-heal|p2a: Gogoat|75\/100|[from] item: Leftovers\n|upkeep\n|turn|12\n|\n|t:|1699923103\n|move|p1a: Volt catfish|Spark|p2a: Gogoat\n|-resisted|p2a: Gogoat\n|-crit|p2a: Gogoat\n|-damage|p2a: Gogoat|55\/100\n|move|p2a: Gogoat|Horn Leech|p1a: Volt catfish\n|-supereffective|p1a: Volt catfish\n|-damage|p1a: Volt catfish|0 fnt\n|-heal|p2a: Gogoat|77\/100|[from] drain|[of] p1a: Volt catfish\n|faint|p1a: Volt catfish\n|\n|-heal|p2a: Gogoat|83\/100|[from] item: Leftovers\n|upkeep\n|\n|t:|1699923115\n|switch|p1a: Gravity beetle|Heracross, M|100\/100\n|turn|13\n|\n|t:|1699923126\n|move|p1a: Gravity beetle|Megahorn|p2a: Gogoat\n|-supereffective|p2a: Gogoat\n|-damage|p2a: Gogoat|0 fnt\n|faint|p2a: Gogoat\n|-ability|p1a: Gravity beetle|Moxie|boost\n|-boost|p1a: Gravity beetle|atk|1\n|-damage|p1a: Gravity beetle|91\/100|[from] item: Life Orb\n|\n|upkeep\n|\n|t:|1699923134\n|switch|p2a: Electivire|Electivire, F|100\/100\n|-item|p2a: Electivire|Air Balloon\n|turn|14\n|\n|t:|1699923143\n|-terastallize|p1a: Gravity beetle|Ground\n|move|p2a: Electivire|Fire Punch|p1a: Gravity beetle\n|-damage|p1a: Gravity beetle|57\/100\n|move|p1a: Gravity beetle|Low Kick|p2a: Electivire\n|-damage|p2a: Electivire|0 fnt\n|-enditem|p2a: Electivire|Air Balloon\n|faint|p2a: Electivire\n|-damage|p1a: Gravity beetle|47\/100|[from] item: Life Orb\n|\n|win|Roshi_888\n|raw|Roshi_888's rating: 1061 &rarr; <strong>1099<\/strong><br \/>(+38 for winning)\n|raw|Thatoneerper's rating: 1141 &rarr; <strong>1110<\/strong><br \/>(-31 for losing)\n|l|\u2606Thatoneerper\n","uploadtime":1699923158,"views":4,"p1id":"roshi888","p2id":"thatoneerper","formatid":"gen9nationaldex","rating":1099,"private":0,"password":""}