{"id":"gen9nationaldex-1997356649","p1":"holdsmac","p2":"coldSTZ","format":"[Gen 9] National Dex","log":"|html|<div class=\"broadcast-blue\"><strong>[Gen 9] National Dex is currently suspecting Sneasler! For information on how to participate check out the <a href=\"https:\/\/www.smogon.com\/forums\/threads\/sv-national-dex-suspect-8-just-dance.3731534\/\">suspect thread<\/a>.<\/strong><\/div>\n|j|\u2606holdsmac\n|j|\u2606coldSTZ\n|t:|1700793581\n|gametype|singles\n|player|p1|holdsmac|ethan|1298\n|player|p2|coldSTZ|clair|1209\n|teamsize|p1|6\n|teamsize|p2|6\n|gen|9\n|tier|[Gen 9] National Dex\n|rated|\n|rule|HP Percentage Mod: HP is shown in percentages\n|rule|Endless Battle Clause: Forcing endless battles is banned\n|rule|OHKO Clause: OHKO moves are banned\n|rule|Evasion Clause: Evasion abilities, items, and moves are banned\n|rule|Evasion Abilities Clause: Evasion abilities are banned\n|rule|Evasion Items Clause: Evasion items are banned\n|rule|Evasion Moves Clause: Evasion moves are banned\n|rule|Species Clause: Limit one of each Pok\u00e9mon\n|rule|Sleep Clause Mod: Limit one foe put to sleep\n|clearpoke\n|poke|p1|Blaziken, M|\n|poke|p1|Gliscor, M|\n|poke|p1|Goodra-Hisui, F|\n|poke|p1|Great Tusk|\n|poke|p1|Ninetales-Alola, F|\n|poke|p1|Scizor, F|\n|poke|p2|Mawile, M|\n|poke|p2|Urshifu-*, F|\n|poke|p2|Hatterene, F|\n|poke|p2|Cresselia, F|\n|poke|p2|Marowak-Alola, M|\n|poke|p2|Toxapex, M|\n|teampreview\n|inactive|Battle timer is ON: inactive players will automatically lose when time's up. (requested by holdsmac)\n|\n|t:|1700793588\n|start\n|switch|p1a: Ninetales|Ninetales-Alola, F|100\/100\n|switch|p2a: Cresselia|Cresselia, F|100\/100\n|-weather|Snow|[from] ability: Snow Warning|[of] p1a: Ninetales\n|turn|1\n|\n|t:|1700793598\n|move|p1a: Ninetales|Aurora Veil|p1a: Ninetales\n|-sidestart|p1: holdsmac|move: Aurora Veil\n|move|p2a: Cresselia|Trick Room|p2a: Cresselia\n|-fieldstart|move: Trick Room|[of] p2a: Cresselia\n|\n|-weather|Snow|[upkeep]\n|upkeep\n|turn|2\n|\n|t:|1700793609\n|switch|p2a: Marowak|Marowak-Alola, M|100\/100\n|move|p1a: Ninetales|Encore||[still]\n|-fail|p1a: Ninetales\n|\n|-weather|Snow|[upkeep]\n|upkeep\n|turn|3\n|\n|t:|1700793625\n|switch|p1a: Great Tusk|Great Tusk|100\/100\n|-enditem|p1a: Great Tusk|Booster Energy\n|-activate|p1a: Great Tusk|ability: Protosynthesis|[fromitem]\n|-start|p1a: Great Tusk|protosynthesisatk\n|move|p2a: Marowak|Poltergeist||[still]\n|-fail|p2a: Marowak\n|\n|-weather|Snow|[upkeep]\n|upkeep\n|turn|4\n|\n|t:|1700793641\n|switch|p2a: Cresselia|Cresselia, F|100\/100\n|move|p1a: Great Tusk|Earthquake|p2a: Cresselia\n|-immune|p2a: Cresselia|[from] ability: Levitate\n|\n|-weather|Snow|[upkeep]\n|upkeep\n|turn|5\n|\n|t:|1700793656\n|-end|p1a: Great Tusk|Protosynthesis|[silent]\n|switch|p1a: Scizor|Scizor, F|100\/100\n|move|p2a: Cresselia|Moonblast|p1a: Scizor\n|-resisted|p1a: Scizor\n|-damage|p1a: Scizor|96\/100\n|\n|-weather|none\n|-fieldend|move: Trick Room\n|upkeep\n|turn|6\n|\n|t:|1700793666\n|switch|p1a: Great Tusk|Great Tusk|100\/100\n|move|p2a: Cresselia|Trick Room|p2a: Cresselia\n|-fieldstart|move: Trick Room|[of] p2a: Cresselia\n|\n|upkeep\n|turn|7\n|\n|t:|1700793673\n|-end|p1a: Great Tusk|Protosynthesis|[silent]\n|switch|p1a: Scizor|Scizor, F|96\/100\n|move|p2a: Cresselia|Moonblast|p1a: Scizor\n|-resisted|p1a: Scizor\n|-damage|p1a: Scizor|91\/100\n|\n|upkeep\n|turn|8\n|\n|t:|1700793688\n|switch|p2a: Mawile|Mawile, M|100\/100\n|-ability|p2a: Mawile|Intimidate|boost\n|-unboost|p1a: Scizor|atk|1\n|detailschange|p1a: Scizor|Scizor-Mega, F\n|-mega|p1a: Scizor|Scizor|Scizorite\n|move|p1a: Scizor|X-Scissor|p2a: Mawile\n|-resisted|p2a: Mawile\n|-damage|p2a: Mawile|86\/100\n|\n|-sideend|p1: holdsmac|move: Aurora Veil\n|upkeep\n|turn|9\n|\n|t:|1700793703\n|switch|p1a: Great Tusk|Great Tusk|100\/100\n|detailschange|p2a: Mawile|Mawile-Mega, M\n|-mega|p2a: Mawile|Mawile|Mawilite\n|move|p2a: Mawile|Fire Fang|p1a: Great Tusk\n|-damage|p1a: Great Tusk|69\/100\n|\n|upkeep\n|turn|10\n|\n|t:|1700793710\n|move|p2a: Mawile|Ice Punch|p1a: Great Tusk\n|-supereffective|p1a: Great Tusk\n|-damage|p1a: Great Tusk|0 fnt\n|faint|p1a: Great Tusk\n|-end|p1a: Great Tusk|Protosynthesis|[silent]\n|\n|-fieldend|move: Trick Room\n|upkeep\n|\n|t:|1700793715\n|switch|p1a: Blaziken|Blaziken, M, shiny|100\/100\n|turn|11\n|\n|t:|1700793723\n|switch|p2a: Toxapex|Toxapex, M|100\/100\n|move|p1a: Blaziken|Swords Dance|p1a: Blaziken\n|-boost|p1a: Blaziken|atk|2\n|\n|-ability|p1a: Blaziken|Speed Boost|boost\n|-boost|p1a: Blaziken|spe|1\n|upkeep\n|turn|12\n|\n|t:|1700793735\n|-terastallize|p2a: Toxapex|Dragon\n|move|p1a: Blaziken|Swords Dance|p1a: Blaziken\n|-boost|p1a: Blaziken|atk|2\n|move|p2a: Toxapex|Haze|p2a: Toxapex\n|-clearallboost\n|\n|-ability|p1a: Blaziken|Speed Boost|boost\n|-boost|p1a: Blaziken|spe|1\n|upkeep\n|turn|13\n|\n|t:|1700793743\n|move|p1a: Blaziken|Knock Off|p2a: Toxapex\n|-damage|p2a: Toxapex|80\/100\n|-enditem|p2a: Toxapex|Heavy-Duty Boots|[from] move: Knock Off|[of] p1a: Blaziken\n|move|p2a: Toxapex|Toxic|p1a: Blaziken\n|-status|p1a: Blaziken|tox\n|\n|-damage|p1a: Blaziken|94\/100 tox|[from] psn\n|-ability|p1a: Blaziken|Speed Boost|boost\n|-boost|p1a: Blaziken|spe|1\n|upkeep\n|turn|14\n|\n|t:|1700793753\n|switch|p1a: Goodra|Goodra-Hisui, F|100\/100\n|move|p2a: Toxapex|Scald|p1a: Goodra\n|-resisted|p1a: Goodra\n|-damage|p1a: Goodra|97\/100\n|-status|p1a: Goodra|brn\n|\n|-damage|p1a: Goodra|91\/100 brn|[from] brn\n|upkeep\n|turn|15\n|\n|t:|1700793765\n|switch|p2a: Cresselia|Cresselia, F|100\/100\n|move|p1a: Goodra|Thunderbolt|p2a: Cresselia\n|-damage|p2a: Cresselia|83\/100\n|\n|-damage|p1a: Goodra|85\/100 brn|[from] brn\n|upkeep\n|turn|16\n|\n|t:|1700793774\n|switch|p1a: Ninetales|Ninetales-Alola, F|100\/100\n|-weather|Snow|[from] ability: Snow Warning|[of] p1a: Ninetales\n|move|p2a: Cresselia|Trick Room|p2a: Cresselia\n|-fieldstart|move: Trick Room|[of] p2a: Cresselia\n|\n|-weather|Snow|[upkeep]\n|upkeep\n|turn|17\n|\n|t:|1700793783\n|switch|p2a: Marowak|Marowak-Alola, M|100\/100\n|move|p1a: Ninetales|Aurora Veil|p1a: Ninetales\n|-sidestart|p1: holdsmac|move: Aurora Veil\n|\n|-weather|Snow|[upkeep]\n|upkeep\n|turn|18\n|\n|t:|1700793791\n|switch|p1a: Blaziken|Blaziken, M, shiny|94\/100 tox\n|move|p2a: Marowak|Flare Blitz|p1a: Blaziken\n|-resisted|p1a: Blaziken\n|-damage|p1a: Blaziken|64\/100 tox\n|\n|-weather|Snow|[upkeep]\n|-damage|p1a: Blaziken|58\/100 tox|[from] psn\n|upkeep\n|turn|19\n|\n|t:|1700793813\n|move|p2a: Marowak|Poltergeist|p1a: Blaziken\n|-activate|p1a: Blaziken|move: Poltergeist|Protective Pads\n|-damage|p1a: Blaziken|0 fnt\n|faint|p1a: Blaziken\n|\n|-weather|Snow|[upkeep]\n|upkeep\n|\n|t:|1700793820\n|switch|p1a: Gliscor|Gliscor, M, shiny|100\/100\n|turn|20\n|\n|t:|1700793832\n|move|p1a: Gliscor|Protect|p1a: Gliscor\n|-singleturn|p1a: Gliscor|Protect\n|move|p2a: Marowak|Flare Blitz|p1a: Gliscor\n|-activate|p1a: Gliscor|move: Protect\n|\n|-weather|none\n|-fieldend|move: Trick Room\n|-status|p1a: Gliscor|tox|[from] item: Toxic Orb\n|upkeep\n|turn|21\n|\n|t:|1700793846\n|switch|p2a: Cresselia|Cresselia, F|83\/100\n|move|p1a: Gliscor|Poison Jab|p2a: Cresselia\n|-damage|p2a: Cresselia|73\/100\n|-status|p2a: Cresselia|psn\n|\n|-damage|p2a: Cresselia|60\/100 psn|[from] psn\n|upkeep\n|turn|22\n|\n|t:|1700793858\n|move|p1a: Gliscor|Poison Jab|p2a: Cresselia\n|-damage|p2a: Cresselia|49\/100 psn\n|move|p2a: Cresselia|Trick Room|p2a: Cresselia\n|-fieldstart|move: Trick Room|[of] p2a: Cresselia\n|\n|-damage|p2a: Cresselia|37\/100 psn|[from] psn\n|upkeep\n|turn|23\n|\n|t:|1700793868\n|move|p2a: Cresselia|Lunar Dance|p2a: Cresselia\n|faint|p2a: Cresselia\n|move|p1a: Gliscor|Earthquake|p2: Cresselia|[notarget]\n|-fail|p1a: Gliscor\n|\n|upkeep\n|\n|t:|1700793873\n|switch|p2a: Mawile|Mawile-Mega, M|86\/100\n|-heal|p2a: Mawile|100\/100|[from] move: Lunar Dance\n|turn|24\n|\n|t:|1700793880\n|move|p2a: Mawile|Ice Punch|p1a: Gliscor\n|-supereffective|p1a: Gliscor\n|-crit|p1a: Gliscor\n|-damage|p1a: Gliscor|0 fnt\n|faint|p1a: Gliscor\n|\n|-sideend|p1: holdsmac|move: Aurora Veil\n|upkeep\n|\n|t:|1700793887\n|switch|p1a: Scizor|Scizor-Mega, F|91\/100\n|turn|25\n|\n|t:|1700793891\n|switch|p1a: Goodra|Goodra-Hisui, F|85\/100 brn\n|move|p2a: Mawile|Fire Fang|p1a: Goodra\n|-damage|p1a: Goodra|44\/100 brn\n|\n|-damage|p1a: Goodra|38\/100 brn|[from] brn\n|upkeep\n|turn|26\n|\n|t:|1700793902\n|move|p1a: Goodra|Flamethrower|p2a: Mawile\n|-supereffective|p2a: Mawile\n|-damage|p2a: Mawile|23\/100\n|-status|p2a: Mawile|brn\n|move|p2a: Mawile|Fire Fang|p1a: Goodra\n|-damage|p1a: Goodra|15\/100 brn\n|\n|-damage|p1a: Goodra|8\/100 brn|[from] brn\n|-damage|p2a: Mawile|17\/100 brn|[from] brn\n|-fieldend|move: Trick Room\n|upkeep\n|turn|27\n|inactive|coldSTZ has 120 seconds left.\n|\n|t:|1700793949\n|switch|p2a: Urshifu|Urshifu-Rapid-Strike, F|100\/100\n|move|p1a: Goodra|Flamethrower|p2a: Urshifu\n|-resisted|p2a: Urshifu\n|-damage|p2a: Urshifu|80\/100\n|\n|-damage|p1a: Goodra|2\/100 brn|[from] brn\n|upkeep\n|turn|28\n|\n|t:|1700793960\n|move|p2a: Urshifu|U-turn|p1a: Goodra\n|-resisted|p1a: Goodra\n|-damage|p1a: Goodra|0 fnt\n|faint|p1a: Goodra\n|\n|t:|1700793964\n|switch|p2a: Hatterene|Hatterene, F|100\/100|[from] U-turn\n|\n|upkeep\n|\n|t:|1700793966\n|switch|p1a: Ninetales|Ninetales-Alola, F|100\/100\n|-weather|Snow|[from] ability: Snow Warning|[of] p1a: Ninetales\n|turn|29\n|inactive|coldSTZ has 120 seconds left.\n|\n|t:|1700793975\n|move|p1a: Ninetales|Aurora Veil|p1a: Ninetales\n|-sidestart|p1: holdsmac|move: Aurora Veil\n|move|p2a: Hatterene|Trick Room|p2a: Hatterene\n|-fieldstart|move: Trick Room|[of] p2a: Hatterene\n|\n|-weather|Snow|[upkeep]\n|upkeep\n|turn|30\n|\n|t:|1700793980\n|move|p2a: Hatterene|Healing Wish|p2a: Hatterene\n|faint|p2a: Hatterene\n|move|p1a: Ninetales|Moonblast|p2: Hatterene|[notarget]\n|-fail|p1a: Ninetales\n|\n|-weather|Snow|[upkeep]\n|upkeep\n|\n|t:|1700793984\n|switch|p2a: Mawile|Mawile-Mega, M|17\/100 brn\n|-heal|p2a: Mawile|100\/100|[from] move: Healing Wish\n|turn|31\n|\n|t:|1700793989\n|move|p2a: Mawile|Fire Fang|p1a: Ninetales\n|-supereffective|p1a: Ninetales\n|-damage|p1a: Ninetales|55\/100\n|move|p1a: Ninetales|Encore|p2a: Mawile\n|-start|p2a: Mawile|Encore\n|\n|-weather|Snow|[upkeep]\n|upkeep\n|turn|32\n|\n|t:|1700794004\n|-terastallize|p1a: Ninetales|Water\n|move|p2a: Mawile|Fire Fang|p1a: Ninetales\n|-resisted|p1a: Ninetales\n|-damage|p1a: Ninetales|38\/100\n|move|p1a: Ninetales|Moonblast|p2a: Mawile\n|-resisted|p2a: Mawile\n|-damage|p2a: Mawile|75\/100\n|\n|-weather|Snow|[upkeep]\n|upkeep\n|turn|33\n|\n|t:|1700794021\n|switch|p2a: Marowak|Marowak-Alola, M|100\/100\n|move|p1a: Ninetales|Freeze-Dry|p2a: Marowak\n|-resisted|p2a: Marowak\n|-damage|p2a: Marowak|84\/100\n|-status|p2a: Marowak|frz\n|\n|-weather|none\n|-fieldend|move: Trick Room\n|upkeep\n|turn|34\n|\n|t:|1700794029\n|move|p1a: Ninetales|Moonblast|p2a: Marowak\n|-resisted|p2a: Marowak\n|-damage|p2a: Marowak|61\/100 frz\n|-curestatus|p2a: Marowak|frz|[from] move: Flare Blitz\n|move|p2a: Marowak|Flare Blitz|p1a: Ninetales\n|-resisted|p1a: Ninetales\n|-damage|p1a: Ninetales|3\/100\n|\n|upkeep\n|turn|35\n|\n|t:|1700794038\n|move|p1a: Ninetales|Moonblast|p2a: Marowak\n|-resisted|p2a: Marowak\n|-damage|p2a: Marowak|38\/100\n|move|p2a: Marowak|Flare Blitz|p1a: Ninetales\n|-resisted|p1a: Ninetales\n|-damage|p1a: Ninetales|0 fnt\n|faint|p1a: Ninetales\n|\n|upkeep\n|\n|t:|1700794040\n|switch|p1a: Scizor|Scizor-Mega, F|91\/100\n|turn|36\n|\n|t:|1700794047\n|move|p1a: Scizor|Swords Dance|p1a: Scizor\n|-boost|p1a: Scizor|atk|2\n|move|p2a: Marowak|Flare Blitz|p1a: Scizor\n|-supereffective|p1a: Scizor\n|-damage|p1a: Scizor|0 fnt\n|faint|p1a: Scizor\n|\n|win|coldSTZ\n|raw|holdsmac's rating: 1298 &rarr; <strong>1267<\/strong><br \/>(-31 for losing)\n|raw|coldSTZ's rating: 1209 &rarr; <strong>1240<\/strong><br \/>(+31 for winning)\n|l|\u2606holdsmac\n","uploadtime":1700794056,"views":3,"p1id":"holdsmac","p2id":"coldstz","formatid":"gen9nationaldex","rating":1240,"private":0,"password":""}