{"id":"gen9nationaldex-1992406635","p1":"Logo8th","p2":"atsra","format":"[Gen 9] National Dex","log":"|j|\u2606Logo8th\n|j|\u2606atsra\n|t:|1700183906\n|gametype|singles\n|player|p1|Logo8th|roark|\n|player|p2|atsra|caitlin|\n|teamsize|p1|6\n|teamsize|p2|6\n|gen|9\n|tier|[Gen 9] National Dex\n|rule|HP Percentage Mod: HP is shown in percentages\n|rule|Endless Battle Clause: Forcing endless battles is banned\n|rule|OHKO Clause: OHKO moves are banned\n|rule|Evasion Clause: Evasion abilities, items, and moves are banned\n|rule|Evasion Abilities Clause: Evasion abilities are banned\n|rule|Evasion Items Clause: Evasion items are banned\n|rule|Evasion Moves Clause: Evasion moves are banned\n|rule|Species Clause: Limit one of each Pok\u00e9mon\n|rule|Sleep Clause Mod: Limit one foe put to sleep\n|clearpoke\n|poke|p1|Greninja-*, M|\n|poke|p1|Sceptile, M|\n|poke|p1|Hoopa-Unbound|\n|poke|p1|Arcanine, M|\n|poke|p1|Ninjask, M|\n|poke|p1|Zangoose, M|\n|poke|p2|Pelipper, M|\n|poke|p2|Barraskewda, M|\n|poke|p2|Great Tusk|\n|poke|p2|Garchomp, F|\n|poke|p2|Rillaboom, F|\n|poke|p2|Zapdos|\n|teampreview\n|\n|t:|1700183917\n|start\n|switch|p1a: Quicksilver|Ninjask, M|100\/100\n|switch|p2a: audubon zoo|Pelipper, M|100\/100\n|-weather|RainDance|[from] ability: Drizzle|[of] p2a: audubon zoo\n|turn|1\n|\n|t:|1700183954\n|move|p1a: Quicksilver|U-turn|p2a: audubon zoo\n|-resisted|p2a: audubon zoo\n|-damage|p2a: audubon zoo|87\/100\n|\n|t:|1700183964\n|switch|p1a: Scream|Sceptile, M|100\/100|[from] U-turn\n|move|p2a: audubon zoo|Hurricane|p1a: Scream\n|-supereffective|p1a: Scream\n|-damage|p1a: Scream|4\/100\n|\n|-weather|RainDance|[upkeep]\n|upkeep\n|turn|2\n|\n|t:|1700184018\n|switch|p1a: Bottle|Hoopa-Unbound|100\/100\n|move|p2a: audubon zoo|U-turn|p1a: Bottle\n|-supereffective|p1a: Bottle\n|-damage|p1a: Bottle|42\/100\n|\n|t:|1700184036\n|switch|p2a: the barracuda|Barraskewda, M|100\/100|[from] U-turn\n|\n|-weather|RainDance|[upkeep]\n|upkeep\n|turn|3\n|\n|t:|1700184055\n|move|p2a: the barracuda|Liquidation|p1a: Bottle\n|-damage|p1a: Bottle|0 fnt\n|faint|p1a: Bottle\n|\n|-weather|RainDance|[upkeep]\n|upkeep\n|\n|t:|1700184068\n|switch|p1a: Quicksilver|Ninjask, M|100\/100\n|turn|4\n|\n|t:|1700184071\n|move|p2a: the barracuda|Liquidation|p1a: Quicksilver\n|-damage|p1a: Quicksilver|0 fnt\n|faint|p1a: Quicksilver\n|\n|-weather|RainDance|[upkeep]\n|upkeep\n|\n|t:|1700184078\n|switch|p1a: Deckard|Zangoose, M|100\/100\n|turn|5\n|\n|t:|1700184086\n|move|p2a: the barracuda|Liquidation|p1a: Deckard\n|-damage|p1a: Deckard|0 fnt\n|faint|p1a: Deckard\n|\n|-weather|RainDance|[upkeep]\n|upkeep\n|\n|t:|1700184091\n|switch|p1a: Jim Croaky|Greninja, M|100\/100\n|turn|6\n|\n|t:|1700184113\n|move|p2a: the barracuda|Liquidation|p1a: Jim Croaky\n|-resisted|p1a: Jim Croaky\n|-damage|p1a: Jim Croaky|11\/100\n|-unboost|p1a: Jim Croaky|def|1\n|move|p1a: Jim Croaky|Grass Knot|p2a: the barracuda\n|-supereffective|p2a: the barracuda\n|-damage|p2a: the barracuda|4\/100\n|-damage|p1a: Jim Croaky|1\/100|[from] item: Life Orb\n|\n|-weather|RainDance|[upkeep]\n|upkeep\n|turn|7\n|\n|t:|1700184128\n|move|p2a: the barracuda|Liquidation|p1a: Jim Croaky\n|-resisted|p1a: Jim Croaky\n|-damage|p1a: Jim Croaky|0 fnt\n|faint|p1a: Jim Croaky\n|\n|-weather|RainDance|[upkeep]\n|upkeep\n|\n|t:|1700184134\n|switch|p1a: Scream|Sceptile, M|4\/100\n|turn|8\n|\n|t:|1700184139\n|detailschange|p1a: Scream|Sceptile-Mega, M\n|-mega|p1a: Scream|Sceptile|Sceptilite\n|move|p2a: the barracuda|Liquidation|p1a: Scream\n|-resisted|p1a: Scream\n|-damage|p1a: Scream|0 fnt\n|faint|p1a: Scream\n|\n|-weather|none\n|upkeep\n|\n|t:|1700184145\n|switch|p1a: Growlie|Arcanine, M|100\/100\n|-ability|p1a: Growlie|Intimidate|boost\n|-unboost|p2a: the barracuda|atk|1\n|turn|9\n|\n|t:|1700184149\n|move|p1a: Growlie|Extreme Speed|p2a: the barracuda\n|-crit|p2a: the barracuda\n|-damage|p2a: the barracuda|0 fnt\n|faint|p2a: the barracuda\n|-damage|p1a: Growlie|91\/100|[from] item: Life Orb\n|\n|upkeep\n|\n|t:|1700184154\n|switch|p2a: audubon zoo|Pelipper, M|87\/100\n|-weather|RainDance|[from] ability: Drizzle|[of] p2a: audubon zoo\n|turn|10\n|\n|t:|1700184161\n|move|p1a: Growlie|Wild Charge|p2a: audubon zoo\n|-supereffective|p2a: audubon zoo\n|-damage|p2a: audubon zoo|0 fnt\n|faint|p2a: audubon zoo\n|-damage|p1a: Growlie|69\/100|[from] Recoil\n|-damage|p1a: Growlie|59\/100|[from] item: Life Orb\n|\n|-weather|RainDance|[upkeep]\n|upkeep\n|\n|t:|1700184171\n|switch|p2a: the shark|Garchomp, F|100\/100\n|turn|11\n|\n|t:|1700184185\n|-terastallize|p1a: Growlie|Fire\n|move|p2a: the shark|Earthquake|p1a: Growlie\n|-supereffective|p1a: Growlie\n|-damage|p1a: Growlie|0 fnt\n|faint|p1a: Growlie\n|\n|win|atsra\n","uploadtime":1700184205,"views":11,"p1id":"logo8th","p2id":"atsra","formatid":"gen9nationaldex","rating":0,"private":0,"password":""}