{"id":"gen9nationaldex-1998540434","p1":"NDMS2O Bismarck","p2":"Helixas","format":"[Gen 9] National Dex","log":"|html|<div class=\"broadcast-blue\"><strong>[Gen 9] National Dex is currently suspecting Sneasler! For information on how to participate check out the <a href=\"https:\/\/www.smogon.com\/forums\/threads\/sv-national-dex-suspect-8-just-dance.3731534\/\">suspect thread<\/a>.<\/strong><\/div>\n|j|\u2606NDMS2O Bismarck\n|j|\u2606Helixas\n|t:|1700954028\n|gametype|singles\n|player|p1|NDMS2O Bismarck|pokemonrangerf-gen6|\n|player|p2|Helixas|266|\n|teamsize|p1|6\n|teamsize|p2|6\n|gen|9\n|tier|[Gen 9] National Dex\n|rule|HP Percentage Mod: HP is shown in percentages\n|rule|Endless Battle Clause: Forcing endless battles is banned\n|rule|OHKO Clause: OHKO moves are banned\n|rule|Evasion Clause: Evasion abilities, items, and moves are banned\n|rule|Evasion Abilities Clause: Evasion abilities are banned\n|rule|Evasion Items Clause: Evasion items are banned\n|rule|Evasion Moves Clause: Evasion moves are banned\n|rule|Species Clause: Limit one of each Pok\u00e9mon\n|rule|Sleep Clause Mod: Limit one foe put to sleep\n|clearpoke\n|poke|p1|Garchomp, L64, M|\n|poke|p1|Goodra-Hisui, L64, M|\n|poke|p1|Salamence, L64, M|\n|poke|p1|Kommo-o, L64, M|\n|poke|p1|Noivern, L64, F|\n|poke|p1|Charizard, L64, M|\n|poke|p2|Claydol, L64|\n|poke|p2|Goodra-Hisui, L64, F|\n|poke|p2|Aegislash, L64, M|\n|poke|p2|Salamence, L64, F|\n|poke|p2|Volcarona, L64, F|\n|poke|p2|Altaria, L64, M|\n|teampreview\n|inactive|Battle timer is ON: inactive players will automatically lose when time's up. (requested by NDMS2O Bismarck)\n|\n|t:|1700954041\n|start\n|switch|p1a: Brigrand|Garchomp, L64, M|100\/100\n|switch|p2a: Claydol|Claydol, L64|100\/100\n|turn|1\n|\n|t:|1700954049\n|move|p1a: Brigrand|Stealth Rock|p2a: Claydol\n|-sidestart|p2: Helixas|move: Stealth Rock\n|move|p2a: Claydol|Stealth Rock|p1a: Brigrand\n|-sidestart|p1: NDMS2O Bismarck|move: Stealth Rock\n|\n|upkeep\n|turn|2\n|\n|t:|1700954058\n|move|p1a: Brigrand|Spikes|p2a: Claydol\n|-sidestart|p2: Helixas|Spikes\n|move|p2a: Claydol|Rapid Spin|p1a: Brigrand\n|-damage|p1a: Brigrand|94\/100\n|-boost|p2a: Claydol|spe|1\n|-damage|p2a: Claydol|88\/100|[from] ability: Rough Skin|[of] p1a: Brigrand\n|-damage|p2a: Claydol|71\/100|[from] item: Rocky Helmet|[of] p1a: Brigrand\n|-sideend|p2: Helixas|Spikes|[from] move: Rapid Spin|[of] p2a: Claydol\n|-sideend|p2: Helixas|Stealth Rock|[from] move: Rapid Spin|[of] p2a: Claydol\n|\n|upkeep\n|turn|3\n|\n|t:|1700954068\n|move|p2a: Claydol|Scorching Sands|p1a: Brigrand\n|-damage|p1a: Brigrand|78\/100\n|move|p1a: Brigrand|Stealth Rock|p2a: Claydol\n|-sidestart|p2: Helixas|move: Stealth Rock\n|\n|upkeep\n|turn|4\n|\n|t:|1700954073\n|move|p2a: Claydol|Scorching Sands|p1a: Brigrand\n|-damage|p1a: Brigrand|63\/100\n|-status|p1a: Brigrand|brn\n|move|p1a: Brigrand|Stealth Rock||[still]\n|-fail|p1a: Brigrand\n|\n|-damage|p1a: Brigrand|57\/100 brn|[from] brn\n|upkeep\n|turn|5\n|\n|t:|1700954079\n|move|p2a: Claydol|Rapid Spin|p1a: Brigrand\n|-damage|p1a: Brigrand|51\/100 brn\n|-boost|p2a: Claydol|spe|1\n|-damage|p2a: Claydol|59\/100|[from] ability: Rough Skin|[of] p1a: Brigrand\n|-damage|p2a: Claydol|42\/100|[from] item: Rocky Helmet|[of] p1a: Brigrand\n|-sideend|p2: Helixas|Stealth Rock|[from] move: Rapid Spin|[of] p2a: Claydol\n|move|p1a: Brigrand|Roar|p2a: Claydol\n|drag|p2a: Aegislash|Aegislash, L64, M|100\/100\n|\n|-damage|p1a: Brigrand|45\/100 brn|[from] brn\n|upkeep\n|turn|6\n|\n|t:|1700954087\n|switch|p2a: Salamence|Salamence, L64, F|100\/100\n|move|p1a: Brigrand|Stealth Rock|p2a: Salamence\n|-sidestart|p2: Helixas|move: Stealth Rock\n|\n|-damage|p1a: Brigrand|39\/100 brn|[from] brn\n|upkeep\n|turn|7\n|\n|t:|1700954096\n|move|p2a: Salamence|Earthquake|p1a: Brigrand\n|-damage|p1a: Brigrand|4\/100 brn\n|-damage|p2a: Salamence|91\/100|[from] item: Life Orb\n|move|p1a: Brigrand|Roar|p2a: Salamence\n|drag|p2a: Goodra|Goodra-Hisui, L64, F|100\/100\n|-damage|p2a: Goodra|95\/100|[from] Stealth Rock\n|\n|-damage|p1a: Brigrand|0 fnt|[from] brn\n|faint|p1a: Brigrand\n|upkeep\n|\n|t:|1700954103\n|switch|p1a: Titaniklad|Kommo-o, L64, M|100\/100\n|-damage|p1a: Titaniklad|95\/100|[from] Stealth Rock\n|turn|8\n|\n|t:|1700954109\n|switch|p2a: Aegislash|Aegislash, L64, M|100\/100\n|-damage|p2a: Aegislash|94\/100|[from] Stealth Rock\n|-zpower|p1a: Titaniklad\n|move|p1a: Titaniklad|Clangorous Soulblaze|p2a: Aegislash|[zeffect]\n|-resisted|p2a: Aegislash\n|-crit|p2a: Aegislash\n|-damage|p2a: Aegislash|50\/100\n|-boost|p1a: Titaniklad|atk|1\n|-boost|p1a: Titaniklad|def|1\n|-boost|p1a: Titaniklad|spa|1\n|-boost|p1a: Titaniklad|spd|1\n|-boost|p1a: Titaniklad|spe|1\n|\n|-heal|p2a: Aegislash|56\/100|[from] item: Leftovers\n|upkeep\n|turn|9\n|\n|t:|1700954124\n|move|p2a: Aegislash|King's Shield|p2a: Aegislash\n|-singleturn|p2a: Aegislash|Protect\n|move|p1a: Titaniklad|Taunt|p2a: Aegislash\n|-start|p2a: Aegislash|move: Taunt\n|\n|-heal|p2a: Aegislash|62\/100|[from] item: Leftovers\n|upkeep\n|turn|10\n|\n|t:|1700954136\n|-terastallize|p2a: Aegislash|Fairy\n|move|p1a: Titaniklad|Flamethrower|p2a: Aegislash\n|-damage|p2a: Aegislash|33\/100\n|-formechange|p2a: Aegislash|Aegislash-Blade||[from] ability: Stance Change\n|move|p2a: Aegislash|Iron Head|p1a: Titaniklad\n|-damage|p1a: Titaniklad|66\/100\n|\n|-heal|p2a: Aegislash|40\/100|[from] item: Leftovers\n|upkeep\n|turn|11\n|\n|t:|1700954145\n|move|p1a: Titaniklad|Flamethrower|p2a: Aegislash\n|-damage|p2a: Aegislash|0 fnt\n|faint|p2a: Aegislash\n|\n|upkeep\n|\n|t:|1700954152\n|switch|p2a: Goodra|Goodra-Hisui, L64, F|95\/100\n|-damage|p2a: Goodra|89\/100|[from] Stealth Rock\n|turn|12\n|\n|t:|1700954155\n|move|p1a: Titaniklad|Drain Punch|p2a: Goodra\n|-supereffective|p2a: Goodra\n|-damage|p2a: Goodra|24\/100\n|-heal|p1a: Titaniklad|100\/100|[from] drain|[of] p2a: Goodra\n|-enditem|p2a: Goodra|Iapapa Berry|[eat]\n|-heal|p2a: Goodra|57\/100|[from] item: Iapapa Berry\n|move|p2a: Goodra|Dragon Tail|p1a: Titaniklad\n|-supereffective|p1a: Titaniklad\n|-damage|p1a: Titaniklad|69\/100\n|drag|p1a: Sprind|Noivern, L64, F|100\/100\n|-damage|p1a: Sprind|76\/100|[from] Stealth Rock\n|\n|upkeep\n|turn|13\n|\n|t:|1700954170\n|switch|p1a: Rindbrumm|Goodra-Hisui, L64, M|100\/100\n|-damage|p1a: Rindbrumm|95\/100|[from] Stealth Rock\n|move|p2a: Goodra|Dragon Tail|p1a: Rindbrumm\n|-damage|p1a: Rindbrumm|73\/100\n|drag|p1a: Titaniklad|Kommo-o, L64, M|69\/100\n|-damage|p1a: Titaniklad|63\/100|[from] Stealth Rock\n|\n|upkeep\n|turn|14\n|\n|t:|1700954181\n|switch|p2a: Claydol|Claydol, L64|42\/100\n|-damage|p2a: Claydol|36\/100|[from] Stealth Rock\n|move|p1a: Titaniklad|Drain Punch|p2a: Claydol\n|-resisted|p2a: Claydol\n|-damage|p2a: Claydol|23\/100\n|-heal|p1a: Titaniklad|70\/100|[from] drain|[of] p2a: Claydol\n|-damage|p1a: Titaniklad|54\/100|[from] item: Rocky Helmet|[of] p2a: Claydol\n|\n|upkeep\n|turn|15\n|\n|t:|1700954187\n|move|p1a: Titaniklad|Clanging Scales|p2a: Claydol\n|-damage|p2a: Claydol|0 fnt\n|faint|p2a: Claydol\n|-unboost|p1a: Titaniklad|def|1\n|\n|upkeep\n|\n|t:|1700954203\n|switch|p2a: Altaria|Altaria, L64, M|100\/100\n|-damage|p2a: Altaria|76\/100|[from] Stealth Rock\n|-ability|p2a: Altaria|Cloud Nine\n|turn|16\n|\n|t:|1700954219\n|detailschange|p2a: Altaria|Altaria-Mega, L64, M\n|-mega|p2a: Altaria|Altaria|Altarianite\n|move|p1a: Titaniklad|Taunt|p2a: Altaria\n|-start|p2a: Altaria|move: Taunt\n|move|p2a: Altaria|Return|p1a: Titaniklad\n|-supereffective|p1a: Titaniklad\n|-damage|p1a: Titaniklad|0 fnt\n|faint|p1a: Titaniklad\n|\n|upkeep\n|\n|t:|1700954232\n|switch|p1a: Alba-Lenatus|Salamence, L64, M|100\/100\n|-ability|p1a: Alba-Lenatus|Intimidate|boost\n|-unboost|p2a: Altaria|atk|1\n|turn|17\n|\n|t:|1700954250\n|move|p2a: Altaria|Return|p1a: Alba-Lenatus\n|-supereffective|p1a: Alba-Lenatus\n|-damage|p1a: Alba-Lenatus|48\/100\n|move|p1a: Alba-Lenatus|Defog|p2a: Altaria\n|-unboost|p2a: Altaria|evasion|1\n|-sideend|p2: Helixas|Stealth Rock|[from] move: Defog|[of] p1a: Alba-Lenatus\n|-sideend|p1: NDMS2O Bismarck|Stealth Rock|[from] move: Defog|[of] p1a: Alba-Lenatus\n|\n|upkeep\n|turn|18\n|\n|t:|1700954256\n|switch|p1a: Albion|Charizard, L64, M|100\/100\n|move|p2a: Altaria|Return|p1a: Albion\n|-resisted|p1a: Albion\n|-crit|p1a: Albion\n|-damage|p1a: Albion|42\/100\n|\n|-end|p2a: Altaria|move: Taunt\n|upkeep\n|turn|19\n|\n|t:|1700954262\n|move|p1a: Albion|Dragon Dance|p1a: Albion\n|-boost|p1a: Albion|atk|1\n|-boost|p1a: Albion|spe|1\n|move|p2a: Altaria|Dragon Dance|p2a: Altaria\n|-boost|p2a: Altaria|atk|1\n|-boost|p2a: Altaria|spe|1\n|\n|upkeep\n|turn|20\n|\n|t:|1700954271\n|detailschange|p1a: Albion|Charizard-Mega-X, L64, M\n|-mega|p1a: Albion|Charizard|Charizardite X\n|move|p1a: Albion|Earthquake|p2a: Altaria\n|-damage|p2a: Altaria|15\/100\n|move|p2a: Altaria|Dragon Dance|p2a: Altaria\n|-boost|p2a: Altaria|atk|1\n|-boost|p2a: Altaria|spe|1\n|\n|upkeep\n|turn|21\n|\n|t:|1700954277\n|move|p2a: Altaria|Earthquake|p1a: Albion\n|-supereffective|p1a: Albion\n|-damage|p1a: Albion|0 fnt\n|faint|p1a: Albion\n|\n|upkeep\n|\n|t:|1700954281\n|switch|p1a: Alba-Lenatus|Salamence, L64, M|48\/100\n|-ability|p1a: Alba-Lenatus|Intimidate|boost\n|-unboost|p2a: Altaria|atk|1\n|turn|22\n|\n|t:|1700954283\n|move|p2a: Altaria|Roost|p2a: Altaria\n|-heal|p2a: Altaria|65\/100\n|-singleturn|p2a: Altaria|move: Roost\n|move|p1a: Alba-Lenatus|Dual Wingbeat|p2a: Altaria\n|-damage|p2a: Altaria|47\/100\n|-damage|p2a: Altaria|26\/100\n|-hitcount|p2a: Altaria|2\n|\n|upkeep\n|turn|23\n|\n|t:|1700954292\n|move|p2a: Altaria|Return|p1a: Alba-Lenatus\n|-supereffective|p1a: Alba-Lenatus\n|-damage|p1a: Alba-Lenatus|0 fnt\n|faint|p1a: Alba-Lenatus\n|\n|upkeep\n|\n|t:|1700954295\n|switch|p1a: Rindbrumm|Goodra-Hisui, L64, M|73\/100\n|turn|24\n|\n|t:|1700954301\n|move|p2a: Altaria|Earthquake|p1a: Rindbrumm\n|-supereffective|p1a: Rindbrumm\n|-damage|p1a: Rindbrumm|18\/100\n|move|p1a: Rindbrumm|Flash Cannon|p2a: Altaria\n|-supereffective|p2a: Altaria\n|-damage|p2a: Altaria|0 fnt\n|faint|p2a: Altaria\n|\n|upkeep\n|\n|t:|1700954309\n|switch|p2a: Goodra|Goodra-Hisui, L64, F|57\/100\n|turn|25\n|\n|t:|1700954318\n|move|p2a: Goodra|Shelter|p2a: Goodra\n|-boost|p2a: Goodra|def|2\n|move|p1a: Rindbrumm|Dragon Pulse|p2a: Goodra\n|-damage|p2a: Goodra|36\/100\n|\n|upkeep\n|turn|26\n|\n|t:|1700954323\n|move|p1a: Rindbrumm|Dragon Pulse|p2a: Goodra\n|-damage|p2a: Goodra|16\/100\n|move|p2a: Goodra|Body Press|p1a: Rindbrumm\n|-supereffective|p1a: Rindbrumm\n|-damage|p1a: Rindbrumm|0 fnt\n|faint|p1a: Rindbrumm\n|\n|upkeep\n|\n|t:|1700954327\n|switch|p1a: Sprind|Noivern, L64, F|76\/100\n|turn|27\n|\n|t:|1700954332\n|-terastallize|p1a: Sprind|Normal\n|move|p1a: Sprind|Boomburst|p2a: Goodra\n|-resisted|p2a: Goodra\n|-damage|p2a: Goodra|0 fnt\n|faint|p2a: Goodra\n|\n|upkeep\n|\n|t:|1700954346\n|switch|p2a: Salamence|Salamence, L64, F|91\/100\n|turn|28\n|\n|t:|1700954374\n|move|p1a: Sprind|Boomburst|p2a: Salamence\n|-damage|p2a: Salamence|0 fnt\n|faint|p2a: Salamence\n|\n|upkeep\n|\n|t:|1700954378\n|switch|p2a: Volcarona|Volcarona, L64, F|100\/100\n|turn|29\n|\n|t:|1700954383\n|move|p1a: Sprind|Boomburst|p2a: Volcarona\n|-damage|p2a: Volcarona|14\/100\n|move|p2a: Volcarona|Quiver Dance|p2a: Volcarona\n|-boost|p2a: Volcarona|spa|1\n|-boost|p2a: Volcarona|spd|1\n|-boost|p2a: Volcarona|spe|1\n|\n|upkeep\n|turn|30\n|\n|t:|1700954389\n|move|p2a: Volcarona|Flamethrower|p1a: Sprind\n|-damage|p1a: Sprind|0 fnt\n|faint|p1a: Sprind\n|\n|win|Helixas\n|l|\u2606NDMS2O Bismarck\n","uploadtime":1700954417,"views":1,"p1id":"ndms2obismarck","p2id":"helixas","formatid":"gen9nationaldex","rating":0,"private":0,"password":""}