{"id":"gen9nationaldex-1987415467","p1":"JarboXXL","p2":"Spookydogs","format":"[Gen 9] National Dex","log":"|j|\u2606JarboXXL\n|j|\u2606Spookydogs\n|t:|1699588394\n|gametype|singles\n|player|p1|JarboXXL|ghetsis-gen5bw|1246\n|player|p2|Spookydogs|proton|1132\n|teamsize|p1|6\n|teamsize|p2|6\n|gen|9\n|tier|[Gen 9] National Dex\n|rated|\n|rule|HP Percentage Mod: HP is shown in percentages\n|rule|Endless Battle Clause: Forcing endless battles is banned\n|rule|OHKO Clause: OHKO moves are banned\n|rule|Evasion Clause: Evasion abilities, items, and moves are banned\n|rule|Evasion Abilities Clause: Evasion abilities are banned\n|rule|Evasion Items Clause: Evasion items are banned\n|rule|Evasion Moves Clause: Evasion moves are banned\n|rule|Species Clause: Limit one of each Pok\u00e9mon\n|rule|Sleep Clause Mod: Limit one foe put to sleep\n|clearpoke\n|poke|p1|Venusaur, F|\n|poke|p1|Gliscor, M|\n|poke|p1|Corviknight, F|\n|poke|p1|Torkoal, M|\n|poke|p1|Aegislash, M|\n|poke|p1|Dragonite, M|\n|poke|p2|Scream Tail|\n|poke|p2|Primarina, F|\n|poke|p2|Ferrothorn, M|\n|poke|p2|Clodsire, F|\n|poke|p2|Lopunny, M|\n|poke|p2|Xurkitree|\n|teampreview\n|inactive|Battle timer is ON: inactive players will automatically lose when time's up. (requested by JarboXXL)\n|\n|t:|1699588406\n|start\n|switch|p1a: Corviknight|Corviknight, F, shiny|100\/100\n|switch|p2a: BABYMETAL|Scream Tail|100\/100\n|turn|1\n|\n|t:|1699588414\n|-end|p2a: BABYMETAL|Protosynthesis|[silent]\n|switch|p2a: Two months off|Xurkitree|100\/100\n|move|p1a: Corviknight|Iron Defense|p1a: Corviknight\n|-boost|p1a: Corviknight|def|2\n|\n|upkeep\n|turn|2\n|\n|t:|1699588423\n|-terastallize|p1a: Corviknight|Ground\n|move|p2a: Two months off|Energy Ball|p1a: Corviknight\n|-supereffective|p1a: Corviknight\n|-damage|p1a: Corviknight|24\/100\n|-ability|p1a: Corviknight|Mirror Armor\n|-unboost|p2a: Two months off|spd|1\n|move|p1a: Corviknight|Iron Defense|p1a: Corviknight\n|-boost|p1a: Corviknight|def|2\n|\n|-heal|p1a: Corviknight|30\/100|[from] item: Leftovers\n|upkeep\n|turn|3\n|\n|t:|1699588436\n|move|p2a: Two months off|Energy Ball|p1a: Corviknight\n|-supereffective|p1a: Corviknight\n|-damage|p1a: Corviknight|0 fnt\n|faint|p1a: Corviknight\n|-ability|p2a: Two months off|Beast Boost|boost\n|-boost|p2a: Two months off|spa|1\n|\n|upkeep\n|\n|t:|1699588443\n|switch|p1a: Torkoal|Torkoal, M|100\/100\n|-weather|SunnyDay|[from] ability: Drought|[of] p1a: Torkoal\n|turn|4\n|\n|t:|1699588450\n|switch|p2a: Soft & Wet|Primarina, F|100\/100\n|move|p1a: Torkoal|Earthquake|p2a: Soft & Wet\n|-damage|p2a: Soft & Wet|79\/100\n|\n|-weather|SunnyDay|[upkeep]\n|upkeep\n|turn|5\n|\n|t:|1699588461\n|switch|p1a: Venusaur|Venusaur, F|100\/100\n|move|p2a: Soft & Wet|Ice Beam|p1a: Venusaur\n|-supereffective|p1a: Venusaur\n|-damage|p1a: Venusaur|37\/100\n|\n|-weather|SunnyDay|[upkeep]\n|upkeep\n|turn|6\n|\n|t:|1699588473\n|switch|p2a: Thorns|Ferrothorn, M|100\/100\n|move|p1a: Venusaur|Giga Drain|p2a: Thorns\n|-resisted|p2a: Thorns\n|-damage|p2a: Thorns|91\/100\n|-heal|p1a: Venusaur|43\/100|[from] drain|[of] p2a: Thorns\n|-damage|p1a: Venusaur|33\/100|[from] item: Life Orb\n|\n|-weather|SunnyDay|[upkeep]\n|-heal|p2a: Thorns|97\/100|[from] item: Leftovers\n|upkeep\n|turn|7\n|\n|t:|1699588484\n|move|p1a: Venusaur|Weather Ball|p2a: Thorns\n|-supereffective|p2a: Thorns\n|-damage|p2a: Thorns|0 fnt\n|faint|p2a: Thorns\n|-damage|p1a: Venusaur|23\/100|[from] item: Life Orb\n|\n|-weather|SunnyDay|[upkeep]\n|upkeep\n|\n|t:|1699588504\n|switch|p2a: CalIfornia Girls|Lopunny, M|100\/100\n|turn|8\n|\n|t:|1699588510\n|detailschange|p2a: CalIfornia Girls|Lopunny-Mega, M\n|-mega|p2a: CalIfornia Girls|Lopunny|Lopunnite\n|move|p1a: Venusaur|Synthesis|p1a: Venusaur\n|-heal|p1a: Venusaur|90\/100\n|move|p2a: CalIfornia Girls|Return|p1a: Venusaur\n|-damage|p1a: Venusaur|21\/100\n|\n|-weather|SunnyDay|[upkeep]\n|upkeep\n|turn|9\n|\n|t:|1699588521\n|move|p1a: Venusaur|Sludge Bomb|p2a: CalIfornia Girls\n|-damage|p2a: CalIfornia Girls|24\/100\n|-status|p2a: CalIfornia Girls|psn\n|-damage|p1a: Venusaur|11\/100|[from] item: Life Orb\n|move|p2a: CalIfornia Girls|Return|p1a: Venusaur\n|-damage|p1a: Venusaur|0 fnt\n|faint|p1a: Venusaur\n|\n|-weather|SunnyDay|[upkeep]\n|-damage|p2a: CalIfornia Girls|12\/100 psn|[from] psn\n|upkeep\n|\n|t:|1699588533\n|switch|p1a: Gliscor|Gliscor, M|100\/100\n|turn|10\n|\n|t:|1699588539\n|move|p1a: Gliscor|Protect|p1a: Gliscor\n|-singleturn|p1a: Gliscor|Protect\n|move|p2a: CalIfornia Girls|Play Rough|p1a: Gliscor\n|-activate|p1a: Gliscor|move: Protect\n|\n|-weather|SunnyDay|[upkeep]\n|-damage|p2a: CalIfornia Girls|0 fnt|[from] psn\n|faint|p2a: CalIfornia Girls\n|-status|p1a: Gliscor|tox|[from] item: Toxic Orb\n|upkeep\n|\n|t:|1699588546\n|switch|p2a: Soft & Wet|Primarina, F|79\/100\n|turn|11\n|\n|t:|1699588553\n|move|p1a: Gliscor|Toxic|p2a: Soft & Wet\n|-status|p2a: Soft & Wet|tox\n|move|p2a: Soft & Wet|Ice Beam|p1a: Gliscor\n|-supereffective|p1a: Gliscor\n|-damage|p1a: Gliscor|0 fnt\n|faint|p1a: Gliscor\n|\n|-weather|none\n|-damage|p2a: Soft & Wet|73\/100 tox|[from] psn\n|upkeep\n|\n|t:|1699588564\n|switch|p1a: Aegislash|Aegislash, M|100\/100\n|turn|12\n|\n|t:|1699588571\n|move|p2a: Soft & Wet|Scald|p1a: Aegislash\n|-damage|p1a: Aegislash|72\/100\n|move|p1a: Aegislash|Swords Dance|p1a: Aegislash\n|-boost|p1a: Aegislash|atk|2\n|\n|-heal|p1a: Aegislash|79\/100|[from] item: Leftovers\n|-damage|p2a: Soft & Wet|61\/100 tox|[from] psn\n|upkeep\n|turn|13\n|\n|t:|1699588583\n|move|p1a: Aegislash|King's Shield|p1a: Aegislash\n|-singleturn|p1a: Aegislash|Protect\n|move|p2a: Soft & Wet|Scald|p1a: Aegislash\n|-activate|p1a: Aegislash|move: Protect\n|\n|-heal|p1a: Aegislash|85\/100|[from] item: Leftovers\n|-damage|p2a: Soft & Wet|43\/100 tox|[from] psn\n|upkeep\n|turn|14\n|\n|t:|1699588593\n|move|p2a: Soft & Wet|Scald|p1a: Aegislash\n|-damage|p1a: Aegislash|57\/100\n|move|p1a: Aegislash|Swords Dance|p1a: Aegislash\n|-boost|p1a: Aegislash|atk|2\n|\n|-heal|p1a: Aegislash|63\/100|[from] item: Leftovers\n|-damage|p2a: Soft & Wet|19\/100 tox|[from] psn\n|upkeep\n|turn|15\n|\n|t:|1699588602\n|move|p1a: Aegislash|King's Shield|p1a: Aegislash\n|-singleturn|p1a: Aegislash|Protect\n|move|p2a: Soft & Wet|Hydro Pump|p1a: Aegislash\n|-activate|p1a: Aegislash|move: Protect\n|\n|-heal|p1a: Aegislash|69\/100|[from] item: Leftovers\n|-damage|p2a: Soft & Wet|0 fnt|[from] psn\n|faint|p2a: Soft & Wet\n|upkeep\n|\n|t:|1699588609\n|switch|p2a: Two months off|Xurkitree|100\/100\n|turn|16\n|\n|t:|1699588615\n|-formechange|p1a: Aegislash|Aegislash-Blade||[from] ability: Stance Change\n|move|p1a: Aegislash|Shadow Sneak|p2a: Two months off\n|-damage|p2a: Two months off|0 fnt\n|faint|p2a: Two months off\n|\n|-heal|p1a: Aegislash|75\/100|[from] item: Leftovers\n|upkeep\n|\n|t:|1699588621\n|switch|p2a: Fun Fun Fun|Clodsire, F|100\/100\n|turn|17\n|\n|t:|1699588626\n|move|p1a: Aegislash|Shadow Sneak|p2a: Fun Fun Fun\n|-damage|p2a: Fun Fun Fun|76\/100\n|move|p2a: Fun Fun Fun|Earthquake|p1a: Aegislash\n|-supereffective|p1a: Aegislash\n|-damage|p1a: Aegislash|0 fnt\n|faint|p1a: Aegislash\n|\n|-heal|p2a: Fun Fun Fun|82\/100|[from] item: Leftovers\n|upkeep\n|\n|t:|1699588636\n|switch|p1a: Torkoal|Torkoal, M|100\/100\n|-weather|SunnyDay|[from] ability: Drought|[of] p1a: Torkoal\n|turn|18\n|\n|t:|1699588640\n|move|p1a: Torkoal|Flare Blitz|p2a: Fun Fun Fun\n|-damage|p2a: Fun Fun Fun|13\/100\n|-damage|p1a: Torkoal|70\/100|[from] Recoil\n|move|p2a: Fun Fun Fun|Toxic|p1a: Torkoal\n|-status|p1a: Torkoal|tox\n|\n|-weather|SunnyDay|[upkeep]\n|-heal|p2a: Fun Fun Fun|19\/100|[from] item: Leftovers\n|-damage|p1a: Torkoal|64\/100 tox|[from] psn\n|upkeep\n|turn|19\n|\n|t:|1699588652\n|move|p1a: Torkoal|Flare Blitz|p2a: Fun Fun Fun\n|-damage|p2a: Fun Fun Fun|0 fnt\n|faint|p2a: Fun Fun Fun\n|-damage|p1a: Torkoal|55\/100 tox|[from] Recoil\n|\n|-weather|SunnyDay|[upkeep]\n|-damage|p1a: Torkoal|43\/100 tox|[from] psn\n|upkeep\n|\n|t:|1699588656\n|switch|p2a: BABYMETAL|Scream Tail|100\/100\n|-activate|p2a: BABYMETAL|ability: Protosynthesis\n|-start|p2a: BABYMETAL|protosynthesisspd\n|turn|20\n|\n|t:|1699588665\n|move|p2a: BABYMETAL|Wish|p2a: BABYMETAL\n|move|p1a: Torkoal|Flare Blitz|p2a: BABYMETAL\n|-damage|p2a: BABYMETAL|62\/100\n|-damage|p1a: Torkoal|27\/100 tox|[from] Recoil\n|\n|-weather|SunnyDay|[upkeep]\n|-heal|p2a: BABYMETAL|68\/100|[from] item: Leftovers\n|-damage|p1a: Torkoal|9\/100 tox|[from] psn\n|upkeep\n|turn|21\n|\n|t:|1699588676\n|move|p2a: BABYMETAL|Protect|p2a: BABYMETAL\n|-singleturn|p2a: BABYMETAL|Protect\n|move|p1a: Torkoal|Earthquake|p2a: BABYMETAL\n|-activate|p2a: BABYMETAL|move: Protect\n|\n|-weather|SunnyDay|[upkeep]\n|-heal|p2a: BABYMETAL|100\/100|[from] move: Wish|[wisher] BABYMETAL\n|-damage|p1a: Torkoal|0 fnt|[from] psn\n|faint|p1a: Torkoal\n|upkeep\n|\n|t:|1699588686\n|switch|p1a: Dragonite|Dragonite, M|100\/100\n|turn|22\n|\n|t:|1699588693\n|move|p2a: BABYMETAL|Play Rough|p1a: Dragonite\n|-supereffective|p1a: Dragonite\n|-damage|p1a: Dragonite|82\/100\n|move|p1a: Dragonite|Ice Beam|p2a: BABYMETAL\n|-damage|p2a: BABYMETAL|91\/100\n|\n|-weather|SunnyDay|[upkeep]\n|-heal|p2a: BABYMETAL|97\/100|[from] item: Leftovers\n|upkeep\n|turn|23\n|\n|t:|1699588702\n|move|p2a: BABYMETAL|Encore|p1a: Dragonite\n|-start|p1a: Dragonite|Encore\n|move|p1a: Dragonite|Ice Beam|p2a: BABYMETAL\n|-damage|p2a: BABYMETAL|88\/100\n|\n|-weather|SunnyDay|[upkeep]\n|-heal|p2a: BABYMETAL|94\/100|[from] item: Leftovers\n|upkeep\n|turn|24\n|\n|t:|1699588711\n|move|p2a: BABYMETAL|Play Rough|p1a: Dragonite\n|-supereffective|p1a: Dragonite\n|-damage|p1a: Dragonite|38\/100\n|move|p1a: Dragonite|Ice Beam|p2a: BABYMETAL\n|-damage|p2a: BABYMETAL|83\/100\n|\n|-weather|SunnyDay|[upkeep]\n|-heal|p2a: BABYMETAL|89\/100|[from] item: Leftovers\n|upkeep\n|turn|25\n|\n|t:|1699588720\n|move|p2a: BABYMETAL|Play Rough|p1a: Dragonite\n|-supereffective|p1a: Dragonite\n|-damage|p1a: Dragonite|0 fnt\n|faint|p1a: Dragonite\n|\n|win|Spookydogs\n|raw|JarboXXL's rating: 1246 &rarr; <strong>1213<\/strong><br \/>(-33 for losing)\n|raw|Spookydogs's rating: 1132 &rarr; <strong>1165<\/strong><br \/>(+33 for winning)\n|l|\u2606JarboXXL\n","uploadtime":1699588727,"views":4,"p1id":"jarboxxl","p2id":"spookydogs","formatid":"gen9nationaldex","rating":1165,"private":0,"password":""}