{"id":"gen9nationaldex-1998224878","p1":"yueyue12345","p2":"DJRRRR","format":"[Gen 9] National Dex","log":"|html|<div class=\"broadcast-blue\"><strong>[Gen 9] National Dex is currently suspecting Sneasler! For information on how to participate check out the <a href=\"https:\/\/www.smogon.com\/forums\/threads\/sv-national-dex-suspect-8-just-dance.3731534\/\">suspect thread<\/a>.<\/strong><\/div>\n|j|\u2606yueyue12345\n|j|\u2606DJRRRR\n|t:|1700915762\n|gametype|singles\n|player|p1|yueyue12345|lucas|1333\n|player|p2|DJRRRR|2|1377\n|teamsize|p1|6\n|teamsize|p2|6\n|gen|9\n|tier|[Gen 9] National Dex\n|rated|\n|rule|HP Percentage Mod: HP is shown in percentages\n|rule|Endless Battle Clause: Forcing endless battles is banned\n|rule|OHKO Clause: OHKO moves are banned\n|rule|Evasion Clause: Evasion abilities, items, and moves are banned\n|rule|Evasion Abilities Clause: Evasion abilities are banned\n|rule|Evasion Items Clause: Evasion items are banned\n|rule|Evasion Moves Clause: Evasion moves are banned\n|rule|Species Clause: Limit one of each Pok\u00e9mon\n|rule|Sleep Clause Mod: Limit one foe put to sleep\n|clearpoke\n|poke|p1|Alomomola, F|\n|poke|p1|Hoopa-Unbound|\n|poke|p1|Heatran, M|\n|poke|p1|Hatterene, F|\n|poke|p1|Greninja-*, M|\n|poke|p1|Ribombee, M|\n|poke|p2|Diancie|\n|poke|p2|Urshifu-*, M|\n|poke|p2|Hoopa-Unbound|\n|poke|p2|Dragonite, M|\n|poke|p2|Rillaboom, M|\n|poke|p2|Alomomola, F|\n|teampreview\n|inactive|Battle timer is ON: inactive players will automatically lose when time's up. (requested by yueyue12345)\n|\n|t:|1700915767\n|start\n|switch|p1a: Ribombee|Ribombee, M|100\/100\n|switch|p2a: Diancie|Diancie|100\/100\n|turn|1\n|\n|t:|1700915782\n|move|p1a: Ribombee|Moonblast|p2a: Diancie\n|-damage|p2a: Diancie|66\/100\n|move|p2a: Diancie|Moonblast|p1a: Ribombee\n|-damage|p1a: Ribombee|30\/100\n|\n|upkeep\n|turn|2\n|\n|t:|1700915801\n|detailschange|p2a: Diancie|Diancie-Mega\n|-mega|p2a: Diancie|Diancie|Diancite\n|move|p1a: Ribombee|Sticky Web|p2a: Diancie\n|move|p2a: Diancie|Sticky Web|p1a: Ribombee|[from]ability: Magic Bounce\n|-sidestart|p1: yueyue12345|move: Sticky Web\n|move|p2a: Diancie|Moonblast|p1a: Ribombee\n|-damage|p1a: Ribombee|0 fnt\n|faint|p1a: Ribombee\n|\n|upkeep\n|\n|t:|1700915812\n|switch|p1a: Alomomola|Alomomola, F|100\/100\n|-activate|p1a: Alomomola|move: Sticky Web\n|-unboost|p1a: Alomomola|spe|1\n|turn|3\n|\n|t:|1700915822\n|switch|p2a: Rillaboom|Rillaboom, M|100\/100\n|-fieldstart|move: Grassy Terrain|[from] ability: Grassy Surge|[of] p2a: Rillaboom\n|move|p1a: Alomomola|Flip Turn|p2a: Rillaboom\n|-resisted|p2a: Rillaboom\n|-damage|p2a: Rillaboom|92\/100\n|\n|t:|1700915826\n|switch|p1a: Heatran|Heatran, M|100\/100|[from] Flip Turn\n|-activate|p1a: Heatran|move: Sticky Web\n|-unboost|p1a: Heatran|spe|1\n|\n|-heal|p2a: Rillaboom|98\/100|[from] Grassy Terrain\n|upkeep\n|turn|4\n|\n|t:|1700915832\n|move|p2a: Rillaboom|Superpower|p1a: Heatran\n|-supereffective|p1a: Heatran\n|-crit|p1a: Heatran\n|-damage|p1a: Heatran|0 fnt\n|-unboost|p2a: Rillaboom|atk|1\n|-unboost|p2a: Rillaboom|def|1\n|faint|p1a: Heatran\n|\n|-heal|p2a: Rillaboom|100\/100|[from] Grassy Terrain\n|upkeep\n|\n|t:|1700915844\n|switch|p1a: Hatterene|Hatterene, F|100\/100\n|-activate|p1a: Hatterene|move: Sticky Web\n|-unboost|p1a: Hatterene|spe|1\n|turn|5\n|\n|t:|1700915855\n|switch|p2a: Hoopa|Hoopa-Unbound|100\/100\n|move|p1a: Hatterene|Dazzling Gleam|p2a: Hoopa\n|-supereffective|p2a: Hoopa\n|-damage|p2a: Hoopa|1\/100\n|\n|-heal|p2a: Hoopa|7\/100|[from] Grassy Terrain\n|upkeep\n|turn|6\n|\n|t:|1700915865\n|switch|p1a: Alomomola|Alomomola, F|100\/100\n|-activate|p1a: Alomomola|move: Sticky Web\n|-unboost|p1a: Alomomola|spe|1\n|move|p2a: Hoopa|Hyperspace Fury|p1a: Alomomola\n|-damage|p1a: Alomomola|49\/100\n|-unboost|p2a: Hoopa|def|1\n|\n|-heal|p2a: Hoopa|13\/100|[from] Grassy Terrain\n|-heal|p1a: Alomomola|55\/100|[from] Grassy Terrain\n|-heal|p1a: Alomomola|61\/100|[from] item: Leftovers\n|upkeep\n|turn|7\n|\n|t:|1700915882\n|switch|p2a: Alomomola|Alomomola, F|100\/100\n|move|p1a: Alomomola|Wish|p1a: Alomomola\n|\n|-heal|p1a: Alomomola|67\/100|[from] Grassy Terrain\n|-heal|p1a: Alomomola|73\/100|[from] item: Leftovers\n|-fieldend|move: Grassy Terrain\n|upkeep\n|turn|8\n|\n|t:|1700915890\n|move|p2a: Alomomola|Wish|p2a: Alomomola\n|move|p1a: Alomomola|Toxic|p2a: Alomomola\n|-status|p2a: Alomomola|tox\n|\n|-heal|p1a: Alomomola|100\/100|[from] move: Wish|[wisher] Alomomola\n|-damage|p2a: Alomomola|94\/100 tox|[from] psn\n|upkeep\n|turn|9\n|\n|t:|1700915896\n|switch|p2a: Hoopa|Hoopa-Unbound|13\/100\n|move|p1a: Alomomola|Protect||[still]\n|-fail|p1a: Alomomola\n|\n|-heal|p2a: Hoopa|91\/100|[from] move: Wish|[wisher] Alomomola\n|upkeep\n|turn|10\n|\n|t:|1700915908\n|move|p2a: Hoopa|Hyperspace Fury|p1a: Alomomola\n|-damage|p1a: Alomomola|48\/100\n|-unboost|p2a: Hoopa|def|1\n|move|p1a: Alomomola|Flip Turn|p2a: Hoopa\n|-damage|p2a: Hoopa|50\/100\n|\n|t:|1700915918\n|switch|p1a: Greninja|Greninja, M|100\/100|[from] Flip Turn\n|\n|upkeep\n|turn|11\n|\n|t:|1700915941\n|switch|p2a: Urshifu|Urshifu-Rapid-Strike, M|100\/100\n|move|p1a: Greninja|Dark Pulse|p2a: Urshifu\n|-resisted|p2a: Urshifu\n|-crit|p2a: Urshifu\n|-damage|p2a: Urshifu|61\/100\n|\n|upkeep\n|turn|12\n|\n|t:|1700915953\n|switch|p1a: Hatterene|Hatterene, F|100\/100\n|-activate|p1a: Hatterene|move: Sticky Web\n|-unboost|p1a: Hatterene|spe|1\n|move|p2a: Urshifu|U-turn|p1a: Hatterene\n|-damage|p1a: Hatterene|74\/100\n|-enditem|p1a: Hatterene|Eject Button\n|\n|t:|1700915971\n|switch|p1a: Greninja|Greninja, M|100\/100\n|\n|upkeep\n|turn|13\n|\n|t:|1700915975\n|-terastallize|p1a: Greninja|Ghost\n|move|p2a: Urshifu|U-turn|p1a: Greninja\n|-resisted|p1a: Greninja\n|-damage|p1a: Greninja|79\/100\n|\n|t:|1700915983\n|switch|p2a: Alomomola|Alomomola, F|100\/100 tox|[from] U-turn\n|move|p1a: Greninja|Hydro Pump|p2a: Alomomola\n|-resisted|p2a: Alomomola\n|-damage|p2a: Alomomola|78\/100 tox\n|\n|-damage|p2a: Alomomola|72\/100 tox|[from] psn\n|upkeep\n|turn|14\n|\n|t:|1700915995\n|move|p1a: Greninja|Taunt|p2a: Alomomola\n|-start|p2a: Alomomola|move: Taunt\n|move|p2a: Alomomola|Flip Turn|p1a: Greninja\n|-damage|p1a: Greninja|49\/100\n|\n|t:|1700916013\n|switch|p2a: Rillaboom|Rillaboom, M|100\/100|[from] Flip Turn\n|-fieldstart|move: Grassy Terrain|[from] ability: Grassy Surge|[of] p2a: Rillaboom\n|\n|-heal|p1a: Greninja|55\/100|[from] Grassy Terrain\n|upkeep\n|turn|15\n|\n|t:|1700916022\n|-terastallize|p2a: Rillaboom|Grass\n|move|p2a: Rillaboom|Grassy Glide|p1a: Greninja\n|-damage|p1a: Greninja|0 fnt\n|faint|p1a: Greninja\n|\n|upkeep\n|\n|t:|1700916026\n|switch|p1a: Hatterene|Hatterene, F|74\/100\n|-activate|p1a: Hatterene|move: Sticky Web\n|-unboost|p1a: Hatterene|spe|1\n|turn|16\n|\n|t:|1700916036\n|switch|p2a: Alomomola|Alomomola, F|100\/100 tox\n|move|p1a: Hatterene|Mystical Fire|p2a: Alomomola\n|-resisted|p2a: Alomomola\n|-damage|p2a: Alomomola|87\/100 tox\n|-unboost|p2a: Alomomola|spa|1\n|\n|-heal|p2a: Alomomola|93\/100 tox|[from] Grassy Terrain\n|-heal|p1a: Hatterene|80\/100|[from] Grassy Terrain\n|-damage|p2a: Alomomola|87\/100 tox|[from] psn\n|upkeep\n|turn|17\n|\n|t:|1700916049\n|move|p2a: Alomomola|Wish|p2a: Alomomola\n|move|p1a: Hatterene|Nuzzle|p2a: Alomomola\n|-supereffective|p2a: Alomomola\n|-damage|p2a: Alomomola|82\/100 tox\n|\n|-heal|p2a: Alomomola|88\/100 tox|[from] Grassy Terrain\n|-heal|p1a: Hatterene|86\/100|[from] Grassy Terrain\n|-damage|p2a: Alomomola|76\/100 tox|[from] psn\n|upkeep\n|turn|18\n|\n|t:|1700916061\n|move|p2a: Alomomola|Flip Turn|p1a: Hatterene\n|-damage|p1a: Hatterene|68\/100\n|\n|t:|1700916065\n|switch|p2a: Hoopa|Hoopa-Unbound|50\/100|[from] Flip Turn\n|move|p1a: Hatterene|Dazzling Gleam|p2a: Hoopa\n|-supereffective|p2a: Hoopa\n|-damage|p2a: Hoopa|0 fnt\n|faint|p2a: Hoopa\n|\n|-heal|p1a: Hatterene|74\/100|[from] Grassy Terrain\n|-fieldend|move: Grassy Terrain\n|upkeep\n|\n|t:|1700916074\n|switch|p2a: Rillaboom|Rillaboom, M, tera:Grass|100\/100\n|-fieldstart|move: Grassy Terrain|[from] ability: Grassy Surge|[of] p2a: Rillaboom\n|turn|19\n|\n|t:|1700916085\n|move|p2a: Rillaboom|Wood Hammer|p1a: Hatterene\n|-damage|p1a: Hatterene|0 fnt\n|faint|p1a: Hatterene\n|-damage|p2a: Rillaboom|78\/100|[from] Recoil\n|\n|-heal|p2a: Rillaboom|84\/100|[from] Grassy Terrain\n|upkeep\n|\n|t:|1700916093\n|switch|p1a: Hoopa|Hoopa-Unbound|100\/100\n|-activate|p1a: Hoopa|move: Sticky Web\n|-unboost|p1a: Hoopa|spe|1\n|turn|20\n|\n|t:|1700916098\n|move|p2a: Rillaboom|Wood Hammer|p1a: Hoopa\n|-damage|p1a: Hoopa|0 fnt\n|faint|p1a: Hoopa\n|-damage|p2a: Rillaboom|55\/100|[from] Recoil\n|\n|-heal|p2a: Rillaboom|61\/100|[from] Grassy Terrain\n|upkeep\n|-message|yueyue12345 forfeited.\n|\n|win|DJRRRR\n|raw|yueyue12345's rating: 1333 &rarr; <strong>1316<\/strong><br \/>(-17 for losing)\n|raw|DJRRRR's rating: 1377 &rarr; <strong>1394<\/strong><br \/>(+17 for winning)\n|l|\u2606yueyue12345\n","uploadtime":1700916109,"views":8,"p1id":"yueyue12345","p2id":"djrrrr","formatid":"gen9nationaldex","rating":1316,"private":0,"password":""}