{"id":"gen9nationaldex-1989238622","p1":"Keykard","p2":"homixide poopoo","format":"[Gen 9] National Dex","log":"|j|\u2606Keykard\n|j|\u2606homixide poopoo\n|t:|1699826763\n|gametype|singles\n|player|p1|Keykard|depotagent|\n|player|p2|homixide poopoo|iris-gen5bw2|\n|teamsize|p1|6\n|teamsize|p2|6\n|gen|9\n|tier|[Gen 9] National Dex\n|rule|HP Percentage Mod: HP is shown in percentages\n|rule|Endless Battle Clause: Forcing endless battles is banned\n|rule|OHKO Clause: OHKO moves are banned\n|rule|Evasion Clause: Evasion abilities, items, and moves are banned\n|rule|Evasion Abilities Clause: Evasion abilities are banned\n|rule|Evasion Items Clause: Evasion items are banned\n|rule|Evasion Moves Clause: Evasion moves are banned\n|rule|Species Clause: Limit one of each Pok\u00e9mon\n|rule|Sleep Clause Mod: Limit one foe put to sleep\n|clearpoke\n|poke|p1|Kartana|\n|poke|p1|Greninja-*, M|\n|poke|p1|Zapdos|\n|poke|p1|Pinsir, F|\n|poke|p1|Slowking, M|\n|poke|p1|Porygon2|\n|poke|p2|Glimmora, M|\n|poke|p2|Swampert, M|\n|poke|p2|Pelipper, F|\n|poke|p2|Aegislash, M|\n|poke|p2|Urshifu-*, M|\n|poke|p2|Iron Valiant|\n|teampreview\n|j| atraino3\n|j| Megakid20\n|j| tidaltao\n|j| trenko\n|j| stepback wemby\n|\n|t:|1699826805\n|start\n|switch|p1a: Walking Joke|Porygon2|100\/100\n|switch|p2a: Glimmora|Glimmora, M|100\/100\n|-ability|p1a: Walking Joke|Download|boost\n|-boost|p1a: Walking Joke|spa|1\n|turn|1\n|l| tidaltao\n|j| plague070\n|\n|t:|1699826850\n|move|p2a: Glimmora|Stealth Rock|p1a: Walking Joke\n|-sidestart|p1: Keykard|move: Stealth Rock\n|move|p1a: Walking Joke|Trick Room|p1a: Walking Joke\n|-fieldstart|move: Trick Room|[of] p1a: Walking Joke\n|\n|upkeep\n|turn|2\n|j| jonglobobe\n|c| plague070|????\n|c|\u2606homixide poopoo|LMFAO?\n|c| jonglobobe|?\n|c| Megakid20|?\n|c| Megakid20|WHAT?\n|c| plague070|HELLO??\n|c|\u2606Keykard|LETS GO BABY\n|c| jonglobobe|?????????????????????????????????????????????????\u2753\u2753\u2753\u2753\u2753\u2753\u2753\u2753\u2753\u2753\u2753\u2754\u2754\u2754\u2754\u2049\u2753\u2049\u2049\u2049\u2753\u2753\u2753\u2753\u2753\n|c| plague070|huge for kard\n|\n|t:|1699826944\n|move|p1a: Walking Joke|Thunderbolt|p2a: Glimmora\n|-damage|p2a: Glimmora|47\/100\n|move|p2a: Glimmora|Sludge Wave|p1a: Walking Joke\n|-damage|p1a: Walking Joke|66\/100\n|\n|upkeep\n|turn|3\n|j| tidaltao\n|c| stepback wemby|LMFAOOOOOOOOOOOOOOOOOOOOOOOOOOOOOOOOOOOOOo\n|c| stepback wemby|WHY IS TRICK ROOM UP\n|c| plague070|cuz this thing is a monster\n|\n|t:|1699826995\n|switch|p2a: beno|Swampert, M|100\/100\n|move|p1a: Walking Joke|Recover|p1a: Walking Joke\n|-heal|p1a: Walking Joke|100\/100\n|\n|upkeep\n|turn|4\n|c| stepback wemby|holy outplay\n|c| plague070|oh nah.\n|c| tidaltao|dude I swear he switched the set\n|c| tidaltao|what\n|c|\u2606Keykard|nop\n|c| tidaltao|why is there trick room\n|c| trenko|key you said you wouldn't turn p2 into a trick roomer\n|c| trenko|look what you've become\n|\n|t:|1699827065\n|switch|p2a: domd|Aegislash, M|100\/100\n|move|p1a: Walking Joke|Tri Attack|p2a: domd\n|-immune|p2a: domd\n|\n|upkeep\n|turn|5\n|c|\u2606Keykard|well its just this guy\n|\n|t:|1699827078\n|move|p2a: domd|King's Shield|p2a: domd\n|-singleturn|p2a: domd|Protect\n|move|p1a: Walking Joke|Tri Attack|p2a: domd\n|-activate|p2a: domd|move: Protect\n|\n|-fieldend|move: Trick Room\n|upkeep\n|turn|6\n|c|\u2606Keykard|bastard\n|\n|t:|1699827133\n|-formechange|p2a: domd|Aegislash-Blade||[from] ability: Stance Change\n|move|p2a: domd|Flash Cannon|p1a: Walking Joke\n|-damage|p1a: Walking Joke|67\/100\n|move|p1a: Walking Joke|Trick Room|p1a: Walking Joke\n|-fieldstart|move: Trick Room|[of] p1a: Walking Joke\n|\n|upkeep\n|turn|7\n|c| plague070|and were backk\n|c| trenko|LMFAO\n|c| stepback wemby|dude\n|\n|t:|1699827154\n|move|p1a: Walking Joke|Recover|p1a: Walking Joke\n|-heal|p1a: Walking Joke|100\/100\n|move|p2a: domd|Flash Cannon|p1a: Walking Joke\n|-damage|p1a: Walking Joke|71\/100\n|\n|upkeep\n|turn|8\n|c| jonglobobe|i just dont like this at all\n|\n|t:|1699827169\n|-formechange|p2a: domd|Aegislash||[from] ability: Stance Change\n|move|p2a: domd|King's Shield|p2a: domd\n|-singleturn|p2a: domd|Protect\n|move|p1a: Walking Joke|Thunderbolt|p2a: domd\n|-activate|p2a: domd|move: Protect\n|\n|upkeep\n|turn|9\n|c| stepback wemby|im watching invincible\n|c| jonglobobe|this is some kind of sick joke\n|c| stepback wemby|andj ust clicking back every minute or so\n|c| jonglobobe|The new invincible was good\n|c| plague070|yo tell me why trenko and i\n|\n|t:|1699827208\n|switch|p2a: Glimmora|Glimmora, M|47\/100\n|move|p1a: Walking Joke|Tri Attack|p2a: Glimmora\n|-resisted|p2a: Glimmora\n|-damage|p2a: Glimmora|11\/100\n|\n|upkeep\n|turn|10\n|c| plague070|are in the same nat dex tournament\n|c| plague070|lmfao\n|c| trenko|i only joined to play you\n|c| trenko|once i beat you imma dq\n|c| plague070|nice\n|\n|t:|1699827231\n|move|p1a: Walking Joke|Recover|p1a: Walking Joke\n|-heal|p1a: Walking Joke|100\/100\n|move|p2a: Glimmora|Sludge Wave|p1a: Walking Joke\n|-damage|p1a: Walking Joke|65\/100\n|\n|-fieldend|move: Trick Room\n|upkeep\n|turn|11\n|\n|t:|1699827245\n|move|p2a: Glimmora|Sludge Wave|p1a: Walking Joke\n|-damage|p1a: Walking Joke|30\/100\n|move|p1a: Walking Joke|Trick Room|p1a: Walking Joke\n|-fieldstart|move: Trick Room|[of] p1a: Walking Joke\n|\n|upkeep\n|turn|12\n|c| plague070|well ur like 3 bracket games ahead of me\n|c| plague070|dude im crying\n|\n|t:|1699827250\n|move|p1a: Walking Joke|Recover|p1a: Walking Joke\n|-heal|p1a: Walking Joke|80\/100\n|move|p2a: Glimmora|Sludge Wave|p1a: Walking Joke\n|-damage|p1a: Walking Joke|43\/100\n|\n|upkeep\n|turn|13\n|\n|t:|1699827253\n|move|p1a: Walking Joke|Recover|p1a: Walking Joke\n|-heal|p1a: Walking Joke|93\/100\n|move|p2a: Glimmora|Sludge Wave|p1a: Walking Joke\n|-damage|p1a: Walking Joke|58\/100\n|\n|upkeep\n|turn|14\n|c| plague070|this pokemon is op\n|\n|t:|1699827256\n|move|p1a: Walking Joke|Recover|p1a: Walking Joke\n|-heal|p1a: Walking Joke|100\/100\n|move|p2a: Glimmora|Sludge Wave|p1a: Walking Joke\n|-damage|p1a: Walking Joke|65\/100\n|\n|upkeep\n|turn|15\n|\n|t:|1699827259\n|move|p1a: Walking Joke|Thunderbolt|p2a: Glimmora\n|-damage|p2a: Glimmora|0 fnt\n|faint|p2a: Glimmora\n|\n|-fieldend|move: Trick Room\n|upkeep\n|\n|t:|1699827264\n|switch|p2a: autumn|Urshifu-Rapid-Strike, M|100\/100\n|turn|16\n|\n|t:|1699827285\n|move|p2a: autumn|Close Combat|p1a: Walking Joke\n|-supereffective|p1a: Walking Joke\n|-damage|p1a: Walking Joke|0 fnt\n|-unboost|p2a: autumn|def|1\n|-unboost|p2a: autumn|spd|1\n|faint|p1a: Walking Joke\n|\n|upkeep\n|j| kensei4k\n|\n|t:|1699827318\n|switch|p1a: Flying Woke|Zapdos|100\/100\n|turn|17\n|\n|t:|1699827326\n|move|p2a: autumn|U-turn|p1a: Flying Woke\n|-resisted|p1a: Flying Woke\n|-damage|p1a: Flying Woke|92\/100\n|c| plague070|r we sure key doesnt have pressure zapdos\n|l| kensei4k\n|c| plague070|and not static\n|\n|t:|1699827348\n|switch|p2a: beno|Swampert, M|100\/100|[from] U-turn\n|move|p1a: Flying Woke|Defog|p2a: beno\n|-unboost|p2a: beno|evasion|1\n|-sideend|p1: Keykard|Stealth Rock|[from] move: Defog|[of] p1a: Flying Woke\n|\n|upkeep\n|turn|18\n|c|\u2606Keykard|this thing def a glove for punching\n|c| plague070|wait does punching glove also stop static??\n|c| Megakid20|yes\n|c| Megakid20|it doesn't make contact bruh\n|\n|t:|1699827406\n|detailschange|p2a: beno|Swampert-Mega, M\n|-mega|p2a: beno|Swampert|Swampertite\n|move|p2a: beno|Waterfall|p1a: Flying Woke\n|-damage|p1a: Flying Woke|61\/100\n|cant|p1a: Flying Woke|flinch\n|\n|upkeep\n|turn|19\n|c| stepback wemby|no way i clicked back and walking joke was still in\n|c| trenko|20 min game and its turn 20\n|c|\u2606Keykard|bro that flinches?\n|c| trenko|wow\n|c| plague070|wow\n|c| Megakid20|yeah lol\n|c| plague070|lmfao\n|c|\u2606Keykard|this thing has serene grace\n|\n|t:|1699827438\n|move|p2a: beno|Flip Turn|p1a: Flying Woke\n|-damage|p1a: Flying Woke|35\/100\n|\n|t:|1699827476\n|switch|p2a: summrs|Iron Valiant|100\/100|[from] Flip Turn\n|-enditem|p2a: summrs|Booster Energy\n|-activate|p2a: summrs|ability: Quark Drive|[fromitem]\n|-start|p2a: summrs|quarkdrivespe\n|move|p1a: Flying Woke|Roost|p1a: Flying Woke\n|-heal|p1a: Flying Woke|85\/100\n|-singleturn|p1a: Flying Woke|move: Roost\n|\n|upkeep\n|turn|20\n|\n|t:|1699827504\n|move|p2a: summrs|Calm Mind|p2a: summrs\n|-boost|p2a: summrs|spa|1\n|-boost|p2a: summrs|spd|1\n|move|p1a: Flying Woke|Volt Switch|p2a: summrs\n|-damage|p2a: summrs|67\/100\n|c| Megakid20|dude\n|c| Megakid20|why is zap so strong\n|c| trenko|val spdef is bad\n|l| trenko\n|c| plague070|60 spdef\n|c| plague070|wow\n|c| tidaltao|dont hate\n|j| alpha4k\n|\n|t:|1699827585\n|switch|p1a: Walking Stroke|Kartana|100\/100|[from] Volt Switch\n|\n|upkeep\n|turn|21\n|\n|t:|1699827600\n|move|p2a: summrs|Moonblast|p1a: Walking Stroke\n|-resisted|p1a: Walking Stroke\n|-enditem|p1a: Walking Stroke|Focus Sash\n|-damage|p1a: Walking Stroke|1\/100\n|move|p1a: Walking Stroke|Leaf Blade|p2a: summrs\n|-damage|p2a: summrs|0 fnt\n|faint|p2a: summrs\n|-end|p2a: summrs|Quark Drive|[silent]\n|-ability|p1a: Walking Stroke|Beast Boost|boost\n|-boost|p1a: Walking Stroke|atk|1\n|\n|upkeep\n|c|\u2606homixide poopoo|LMFAO?\n|c| jonglobobe|?????\n|c| Megakid20|sash??\n|c| plague070|lol\n|j| trenko\n|c|\u2606Keykard|u shouldve tera\n|\n|t:|1699827632\n|switch|p2a: autumn|Urshifu-Rapid-Strike, M|100\/100\n|turn|22\n|c|\u2606Keykard|d\n|l| trenko\n|c|\u2606homixide poopoo|yeah but\n|c| Megakid20|sash is nuts\n|\n|t:|1699827696\n|switch|p1a: Walking Quake|Pinsir, F|100\/100\n|move|p2a: autumn|Aqua Jet|p1a: Walking Quake\n|-damage|p1a: Walking Quake|72\/100\n|\n|upkeep\n|turn|23\n|c|\u2606homixide poopoo|in what world so i expect sash\n|\n|t:|1699827723\n|detailschange|p1a: Walking Quake|Pinsir-Mega, F\n|-mega|p1a: Walking Quake|Pinsir|Pinsirite\n|move|p1a: Walking Quake|Swords Dance|p1a: Walking Quake\n|-boost|p1a: Walking Quake|atk|2\n|move|p2a: autumn|Surging Strikes|p1a: Walking Quake\n|-crit|p1a: Walking Quake\n|-damage|p1a: Walking Quake|45\/100\n|-crit|p1a: Walking Quake\n|-damage|p1a: Walking Quake|19\/100\n|-crit|p1a: Walking Quake\n|-damage|p1a: Walking Quake|0 fnt\n|faint|p1a: Walking Quake\n|-hitcount|p1: Walking Quake|3\n|\n|upkeep\n|c| Megakid20|wat\n|c|\u2606Keykard|oh\n|\n|t:|1699827744\n|switch|p1a: Flying Woke|Zapdos|85\/100\n|turn|24\n|c|\u2606Keykard|my bad\n|l| tidaltao\n|\n|t:|1699827755\n|move|p2a: autumn|Surging Strikes|p1a: Flying Woke\n|-crit|p1a: Flying Woke\n|-damage|p1a: Flying Woke|67\/100\n|-crit|p1a: Flying Woke\n|-damage|p1a: Flying Woke|49\/100\n|-crit|p1a: Flying Woke\n|-damage|p1a: Flying Woke|32\/100\n|-hitcount|p1a: Flying Woke|3\n|move|p1a: Flying Woke|Hidden Power|p2a: autumn\n|-supereffective|p2a: autumn\n|-damage|p2a: autumn|55\/100\n|\n|upkeep\n|turn|25\n|\n|t:|1699827768\n|switch|p1a: Walking Stroke|Kartana|1\/100\n|move|p2a: autumn|Surging Strikes|p1a: Walking Stroke\n|-resisted|p1a: Walking Stroke\n|-crit|p1a: Walking Stroke\n|-damage|p1a: Walking Stroke|0 fnt\n|faint|p1a: Walking Stroke\n|-hitcount|p1: Walking Stroke|1\n|\n|upkeep\n|\n|t:|1699827784\n|switch|p1a: Walking Soak|Greninja, M|100\/100\n|turn|26\n|\n|t:|1699827790\n|move|p1a: Walking Soak|Grass Knot|p2a: autumn\n|-supereffective|p2a: autumn\n|-damage|p2a: autumn|0 fnt\n|faint|p2a: autumn\n|-ability|p1a: Walking Soak|Battle Bond|boost\n|-boost|p1a: Walking Soak|atk|1\n|-boost|p1a: Walking Soak|spa|1\n|-boost|p1a: Walking Soak|spe|1\n|-activate|p1a: Walking Soak|ability: Battle Bond\n|-damage|p1a: Walking Soak|91\/100|[from] item: Life Orb\n|\n|upkeep\n|c| stepback wemby|well\n|c| jonglobobe|well\n|c| plague070|hmmm\n|c| stepback wemby|i do believe walking soak has just achieved victory\n|\n|t:|1699827859\n|switch|p2a: meechie|Pelipper, F|100\/100\n|-weather|RainDance|[from] ability: Drizzle|[of] p2a: meechie\n|turn|27\n|\n|t:|1699827868\n|move|p1a: Walking Soak|Dark Pulse|p2a: meechie\n|-damage|p2a: meechie|0 fnt\n|faint|p2a: meechie\n|-damage|p1a: Walking Soak|81\/100|[from] item: Life Orb\n|\n|-weather|RainDance|[upkeep]\n|upkeep\n|c|\u2606Keykard|that was a roll\n|c| plague070|lmfao\n|c| plague070|wow\n|\n|t:|1699827882\n|switch|p2a: domd|Aegislash, M|100\/100\n|turn|28\n|c| jonglobobe|it was\n|\n|t:|1699827921\n|move|p1a: Walking Soak|Dark Pulse|p2a: domd\n|-supereffective|p2a: domd\n|-enditem|p2a: domd|Colbur Berry|[eat]\n|-enditem|p2a: domd|Colbur Berry|[weaken]\n|-damage|p2a: domd|43\/100\n|-damage|p1a: Walking Soak|71\/100|[from] item: Life Orb\n|-formechange|p2a: domd|Aegislash-Blade||[from] ability: Stance Change\n|move|p2a: domd|Shadow Ball|p1a: Walking Soak\n|-resisted|p1a: Walking Soak\n|-damage|p1a: Walking Soak|31\/100\n|\n|-weather|RainDance|[upkeep]\n|upkeep\n|turn|29\n|c| plague070|yo\n|\n|t:|1699827934\n|move|p1a: Walking Soak|Dark Pulse|p2a: domd\n|-supereffective|p2a: domd\n|-damage|p2a: domd|0 fnt\n|faint|p2a: domd\n|-damage|p1a: Walking Soak|21\/100|[from] item: Life Orb\n|\n|-weather|RainDance|[upkeep]\n|upkeep\n|c| plague070|can we bann berries\n|\n|t:|1699827936\n|switch|p2a: beno|Swampert-Mega, M|100\/100\n|turn|30\n|\n|t:|1699827941\n|move|p1a: Walking Soak|Grass Knot|p2a: beno\n|-supereffective|p2a: beno\n|-damage|p2a: beno|0 fnt\n|faint|p2a: beno\n|-damage|p1a: Walking Soak|11\/100|[from] item: Life Orb\n|\n|win|Keykard\n|c|\u2606Keykard|ggs\n|c|\u2606homixide poopoo|gg\n|l| alpha4k\n|l| stepback wemby\n|l| plague070\n|j| trenko\n|l| trenko\n|l| Megakid20\n","uploadtime":1699827944,"views":10,"p1id":"keykard","p2id":"homixidepoopoo","formatid":"gen9nationaldex","rating":0,"private":0,"password":""}