{"id":"gen9nationaldex-1993548354","p1":"Flungusdungus","p2":"0v4n","format":"[Gen 9] National Dex","log":"|j|\u2606Flungusdungus\n|j|\u26060v4n\n|t:|1700330510\n|gametype|singles\n|player|p1|Flungusdungus|clown|\n|player|p2|0v4n|crasherwake|\n|teamsize|p1|6\n|teamsize|p2|6\n|gen|9\n|tier|[Gen 9] National Dex\n|rule|HP Percentage Mod: HP is shown in percentages\n|rule|Endless Battle Clause: Forcing endless battles is banned\n|rule|OHKO Clause: OHKO moves are banned\n|rule|Evasion Clause: Evasion abilities, items, and moves are banned\n|rule|Evasion Abilities Clause: Evasion abilities are banned\n|rule|Evasion Items Clause: Evasion items are banned\n|rule|Evasion Moves Clause: Evasion moves are banned\n|rule|Species Clause: Limit one of each Pok\u00e9mon\n|rule|Sleep Clause Mod: Limit one foe put to sleep\n|rule|Z-Move Clause: Z-Moves are banned\n|rule|Terastal Clause: You cannot Terastallize\n|clearpoke\n|poke|p1|Kingdra, F|\n|poke|p1|Muk, F|\n|poke|p1|Fraxure, M|\n|poke|p1|Forretress, M|\n|poke|p1|Poliwrath, F|\n|poke|p1|Simisear, F|\n|poke|p2|Pinsir, F|\n|poke|p2|Quagsire, F|\n|poke|p2|Swoobat, M|\n|poke|p2|Vileplume, M|\n|poke|p2|Incineroar, M|\n|poke|p2|Hitmonchan, M|\n|teampreview\n|c|\u26060v4n|Wanna ping mean lookers?\n|c|\u26060v4n|Also gl hf\n|c|\u2606Flungusdungus|yea\n|c|\u2606Flungusdungus|glhf\n|\n|t:|1700330589\n|start\n|switch|p1a: sapsucker|Kingdra, F|100\/100\n|switch|p2a: Scorch Sh*t|Incineroar, M|100\/100\n|-ability|p2a: Scorch Sh*t|Intimidate|boost\n|-unboost|p1a: sapsucker|atk|1\n|turn|1\n|\n|t:|1700330596\n|move|p1a: sapsucker|Flip Turn|p2a: Scorch Sh*t\n|-supereffective|p2a: Scorch Sh*t\n|-damage|p2a: Scorch Sh*t|76\/100\n|\n|t:|1700330604\n|switch|p1a: sap|Muk, F|100\/100|[from] Flip Turn\n|move|p2a: Scorch Sh*t|U-turn|p1a: sap\n|-resisted|p1a: sap\n|-damage|p1a: sap|92\/100\n|\n|t:|1700330615\n|switch|p2a: Engineer Gaming|Quagsire, F|100\/100|[from] U-turn\n|\n|-heal|p1a: sap|98\/100|[from] item: Black Sludge\n|upkeep\n|turn|2\n|j| bwill243\n|\n|t:|1700330640\n|switch|p1a: Funk E. Zekiel|Forretress, M|100\/100\n|move|p2a: Engineer Gaming|Stealth Rock|p1a: Funk E. Zekiel\n|-sidestart|p1: Flungusdungus|move: Stealth Rock\n|\n|upkeep\n|turn|3\n|l| bwill243\n|\n|t:|1700330666\n|move|p1a: Funk E. Zekiel|Stealth Rock|p2a: Engineer Gaming\n|-sidestart|p2: 0v4n|move: Stealth Rock\n|move|p2a: Engineer Gaming|Earthquake|p1a: Funk E. Zekiel\n|-damage|p1a: Funk E. Zekiel|85\/100\n|\n|upkeep\n|turn|4\n|\n|t:|1700330686\n|switch|p2a: Fat Scout|Vileplume, M|100\/100\n|-damage|p2a: Fat Scout|88\/100|[from] Stealth Rock\n|move|p1a: Funk E. Zekiel|Rain Dance|p1a: Funk E. Zekiel\n|-weather|RainDance\n|\n|-weather|RainDance|[upkeep]\n|-heal|p2a: Fat Scout|94\/100|[from] item: Black Sludge\n|upkeep\n|turn|5\n|\n|t:|1700330704\n|move|p2a: Fat Scout|Sleep Powder|p1a: Funk E. Zekiel\n|-status|p1a: Funk E. Zekiel|slp|[from] move: Sleep Powder\n|cant|p1a: Funk E. Zekiel|slp\n|\n|-weather|RainDance|[upkeep]\n|-heal|p2a: Fat Scout|100\/100|[from] item: Black Sludge\n|upkeep\n|turn|6\n|\n|t:|1700330730\n|switch|p1a: sap|Muk, F|98\/100\n|-damage|p1a: sap|85\/100|[from] Stealth Rock\n|move|p2a: Fat Scout|Giga Drain|p1a: sap\n|-resisted|p1a: sap\n|-damage|p1a: sap|74\/100\n|\n|-weather|RainDance|[upkeep]\n|-heal|p1a: sap|80\/100|[from] item: Black Sludge\n|upkeep\n|turn|7\n|\n|t:|1700330739\n|move|p1a: sap|Knock Off|p2a: Fat Scout\n|-damage|p2a: Fat Scout|82\/100\n|-status|p1a: sap|par|[from] ability: Effect Spore|[of] p2a: Fat Scout\n|-enditem|p2a: Fat Scout|Black Sludge|[from] move: Knock Off|[of] p1a: sap\n|move|p2a: Fat Scout|Strength Sap|p1a: sap\n|-unboost|p1a: sap|atk|1\n|-heal|p2a: Fat Scout|100\/100\n|\n|-weather|RainDance|[upkeep]\n|-heal|p1a: sap|86\/100 par|[from] item: Black Sludge\n|upkeep\n|turn|8\n|\n|t:|1700330756\n|switch|p2a: Demo Pan|Hitmonchan, M|100\/100\n|-damage|p2a: Demo Pan|94\/100|[from] Stealth Rock\n|switch|p1a: Funk E. Zekiel|Forretress, M|85\/100 slp\n|-damage|p1a: Funk E. Zekiel|73\/100 slp|[from] Stealth Rock\n|\n|-weather|RainDance|[upkeep]\n|upkeep\n|turn|9\n|\n|t:|1700330771\n|switch|p1a: sapsucker|Kingdra, F|100\/100\n|-damage|p1a: sapsucker|88\/100|[from] Stealth Rock\n|move|p2a: Demo Pan|Rapid Spin|p1a: sapsucker\n|-damage|p1a: sapsucker|67\/100\n|-boost|p2a: Demo Pan|spe|1\n|-sideend|p2: 0v4n|Stealth Rock|[from] move: Rapid Spin|[of] p2a: Demo Pan\n|\n|-weather|RainDance|[upkeep]\n|upkeep\n|turn|10\n|\n|t:|1700330787\n|move|p1a: sapsucker|Hydro Pump|p2a: Demo Pan\n|-damage|p2a: Demo Pan|5\/100\n|move|p2a: Demo Pan|Drain Punch|p1a: sapsucker\n|-damage|p1a: sapsucker|9\/100\n|-heal|p2a: Demo Pan|38\/100|[from] drain|[of] p1a: sapsucker\n|\n|-weather|RainDance|[upkeep]\n|upkeep\n|turn|11\n|\n|t:|1700330795\n|move|p2a: Demo Pan|Bullet Punch|p1a: sapsucker\n|-resisted|p1a: sapsucker\n|-damage|p1a: sapsucker|0 fnt\n|faint|p1a: sapsucker\n|\n|-weather|none\n|upkeep\n|\n|t:|1700330814\n|switch|p1a: sap|Muk, F|86\/100 par\n|-damage|p1a: sap|74\/100 par|[from] Stealth Rock\n|turn|12\n|\n|t:|1700330824\n|move|p2a: Demo Pan|Drain Punch|p1a: sap\n|-resisted|p1a: sap\n|-damage|p1a: sap|57\/100 par\n|-heal|p2a: Demo Pan|51\/100|[from] drain|[of] p1a: sap\n|cant|p1a: sap|par\n|\n|-heal|p1a: sap|63\/100 par|[from] item: Black Sludge\n|upkeep\n|turn|13\n|\n|t:|1700330832\n|move|p2a: Demo Pan|Drain Punch|p1a: sap\n|-resisted|p1a: sap\n|-damage|p1a: sap|46\/100 par\n|-heal|p2a: Demo Pan|65\/100|[from] drain|[of] p1a: sap\n|move|p1a: sap|Acid Armor|p1a: sap\n|-boost|p1a: sap|def|2\n|\n|-heal|p1a: sap|52\/100 par|[from] item: Black Sludge\n|upkeep\n|turn|14\n|\n|t:|1700330849\n|switch|p2a: Engineer Gaming|Quagsire, F|100\/100\n|move|p1a: sap|Knock Off|p2a: Engineer Gaming\n|-damage|p2a: Engineer Gaming|85\/100\n|-enditem|p2a: Engineer Gaming|Leftovers|[from] move: Knock Off|[of] p1a: sap\n|\n|-heal|p1a: sap|58\/100 par|[from] item: Black Sludge\n|upkeep\n|turn|15\n|\n|t:|1700330863\n|switch|p1a: Funk E. Zekiel|Forretress, M|73\/100 slp\n|-damage|p1a: Funk E. Zekiel|60\/100 slp|[from] Stealth Rock\n|move|p2a: Engineer Gaming|Earthquake|p1a: Funk E. Zekiel\n|-damage|p1a: Funk E. Zekiel|44\/100 slp\n|\n|upkeep\n|turn|16\n|\n|t:|1700330873\n|switch|p2a: SAXTON HAAAAALE!!!|Swoobat, M|100\/100\n|cant|p1a: Funk E. Zekiel|slp\n|\n|upkeep\n|turn|17\n|j| Pyos\n|\n|t:|1700330885\n|move|p2a: SAXTON HAAAAALE!!!|Calm Mind|p2a: SAXTON HAAAAALE!!!\n|-boost|p2a: SAXTON HAAAAALE!!!|spa|2\n|-boost|p2a: SAXTON HAAAAALE!!!|spd|2\n|cant|p1a: Funk E. Zekiel|slp\n|\n|upkeep\n|turn|18\n|\n|t:|1700330890\n|move|p2a: SAXTON HAAAAALE!!!|Heat Wave|p1a: Funk E. Zekiel\n|-supereffective|p1a: Funk E. Zekiel\n|-damage|p1a: Funk E. Zekiel|0 fnt\n|faint|p1a: Funk E. Zekiel\n|\n|upkeep\n|\n|t:|1700330900\n|switch|p1a: xureckin it|Fraxure, M|100\/100\n|-damage|p1a: xureckin it|88\/100|[from] Stealth Rock\n|-ability|p1a: xureckin it|Mold Breaker\n|turn|19\n|\n|t:|1700330905\n|move|p1a: xureckin it|Outrage|p2a: SAXTON HAAAAALE!!!\n|-damage|p2a: SAXTON HAAAAALE!!!|0 fnt\n|faint|p2a: SAXTON HAAAAALE!!!\n|\n|upkeep\n|\n|t:|1700330913\n|switch|p2a: Scorch Sh*t|Incineroar, M|76\/100\n|-ability|p2a: Scorch Sh*t|Intimidate|boost\n|-unboost|p1a: xureckin it|atk|1\n|turn|20\n|\n|t:|1700330930\n|switch|p2a: Fat Scout|Vileplume, M|100\/100\n|move|p1a: xureckin it|Outrage|p2a: Fat Scout|[from]lockedmove\n|-damage|p2a: Fat Scout|70\/100\n|-status|p1a: xureckin it|psn|[from] ability: Effect Spore|[of] p2a: Fat Scout\n|-start|p1a: xureckin it|confusion|[fatigue]\n|\n|-damage|p1a: xureckin it|76\/100 psn|[from] psn\n|upkeep\n|turn|21\n|\n|t:|1700330951\n|switch|p1a: sap|Muk, F|58\/100 par\n|-damage|p1a: sap|46\/100 par|[from] Stealth Rock\n|move|p2a: Fat Scout|Sludge Bomb|p1a: sap\n|-resisted|p1a: sap\n|-damage|p1a: sap|33\/100 par\n|\n|-heal|p1a: sap|39\/100 par|[from] item: Black Sludge\n|upkeep\n|turn|22\n|\n|t:|1700330960\n|move|p2a: Fat Scout|Strength Sap|p1a: sap\n|-unboost|p1a: sap|atk|1\n|-heal|p2a: Fat Scout|100\/100\n|move|p1a: sap|Pain Split|p2a: Fat Scout\n|-sethp|p2a: Fat Scout|73\/100|[from] move: Pain Split|[silent]\n|-sethp|p1a: sap|62\/100 par|[from] move: Pain Split\n|\n|-heal|p1a: sap|68\/100 par|[from] item: Black Sludge\n|upkeep\n|turn|23\n|\n|t:|1700330979\n|switch|p2a: Engineer Gaming|Quagsire, F|85\/100\n|switch|p1a: piano man|Simisear, F|100\/100\n|-damage|p1a: piano man|76\/100|[from] Stealth Rock\n|\n|upkeep\n|turn|24\n|\n|t:|1700330986\n|move|p1a: piano man|Grass Knot|p2a: Engineer Gaming\n|-supereffective|p2a: Engineer Gaming\n|-damage|p2a: Engineer Gaming|0 fnt\n|faint|p2a: Engineer Gaming\n|\n|upkeep\n|\n|t:|1700331003\n|switch|p2a: Demo Pan|Hitmonchan, M|65\/100\n|turn|25\n|\n|t:|1700331018\n|switch|p1a: sap|Muk, F|68\/100 par\n|-damage|p1a: sap|56\/100 par|[from] Stealth Rock\n|move|p2a: Demo Pan|Drain Punch|p1a: sap\n|-resisted|p1a: sap\n|-damage|p1a: sap|40\/100 par\n|-heal|p2a: Demo Pan|78\/100|[from] drain|[of] p1a: sap\n|\n|-heal|p1a: sap|46\/100 par|[from] item: Black Sludge\n|upkeep\n|turn|26\n|j| TEmileMurrayheo\n|\n|t:|1700331028\n|switch|p2a: Scorch Sh*t|Incineroar, M|76\/100\n|-ability|p2a: Scorch Sh*t|Intimidate|boost\n|-unboost|p1a: sap|atk|1\n|move|p1a: sap|Acid Armor|p1a: sap\n|-boost|p1a: sap|def|2\n|\n|-heal|p1a: sap|52\/100 par|[from] item: Black Sludge\n|upkeep\n|turn|27\n|\n|t:|1700331039\n|move|p2a: Scorch Sh*t|Flare Blitz|p1a: sap\n|-crit|p1a: sap\n|-damage|p1a: sap|0 fnt\n|faint|p1a: sap\n|-damage|p2a: Scorch Sh*t|56\/100|[from] Recoil\n|\n|upkeep\n|n| TheoEmileMurray|temilemurrayheo\n|c| Pyos|oh shit\n|c| TheoEmileMurray|sing us a song you're the piano man\n|\n|t:|1700331091\n|switch|p1a: golden ratio|Poliwrath, F|100\/100\n|-damage|p1a: golden ratio|94\/100|[from] Stealth Rock\n|turn|28\n|\n|t:|1700331098\n|switch|p2a: Fat Scout|Vileplume, M|73\/100\n|move|p1a: golden ratio|Ice Punch|p2a: Fat Scout\n|-supereffective|p2a: Fat Scout\n|-damage|p2a: Fat Scout|23\/100\n|-status|p2a: Fat Scout|frz\n|-status|p1a: golden ratio|psn|[from] ability: Effect Spore|[of] p2a: Fat Scout\n|-damage|p1a: golden ratio|84\/100 psn|[from] item: Life Orb\n|\n|-damage|p1a: golden ratio|72\/100 psn|[from] psn\n|upkeep\n|turn|29\n|c|\u2606Flungusdungus|3 effect spores\n|c| Pyos|what the\n|\n|t:|1700331120\n|move|p1a: golden ratio|Ice Punch|p2a: Fat Scout\n|-supereffective|p2a: Fat Scout\n|-damage|p2a: Fat Scout|0 fnt\n|faint|p2a: Fat Scout\n|-damage|p1a: golden ratio|62\/100 psn|[from] item: Life Orb\n|\n|-damage|p1a: golden ratio|49\/100 psn|[from] psn\n|upkeep\n|\n|t:|1700331133\n|switch|p2a: Sc*nt|Pinsir, F|100\/100\n|turn|30\n|\n|t:|1700331153\n|move|p2a: Sc*nt|Close Combat|p1a: golden ratio\n|-damage|p1a: golden ratio|8\/100 psn\n|-unboost|p2a: Sc*nt|def|1\n|-unboost|p2a: Sc*nt|spd|1\n|move|p1a: golden ratio|Knock Off|p2a: Sc*nt\n|-damage|p2a: Sc*nt|38\/100\n|-enditem|p2a: Sc*nt|Choice Scarf|[from] move: Knock Off|[of] p1a: golden ratio\n|-damage|p1a: golden ratio|0 fnt|[from] item: Life Orb\n|faint|p1a: golden ratio\n|\n|upkeep\n|\n|t:|1700331190\n|switch|p1a: xureckin it|Fraxure, M|76\/100 psn\n|-damage|p1a: xureckin it|63\/100 psn|[from] Stealth Rock\n|-ability|p1a: xureckin it|Mold Breaker\n|turn|31\n|\n|t:|1700331207\n|switch|p2a: Scorch Sh*t|Incineroar, M|56\/100\n|-ability|p2a: Scorch Sh*t|Intimidate|boost\n|-unboost|p1a: xureckin it|atk|1\n|move|p1a: xureckin it|Outrage|p2a: Scorch Sh*t\n|-damage|p2a: Scorch Sh*t|18\/100\n|\n|-damage|p1a: xureckin it|51\/100 psn|[from] psn\n|upkeep\n|turn|32\n|\n|t:|1700331222\n|move|p1a: xureckin it|Outrage|p2a: Scorch Sh*t|[from]lockedmove\n|-damage|p2a: Scorch Sh*t|0 fnt\n|faint|p2a: Scorch Sh*t\n|\n|-damage|p1a: xureckin it|38\/100 psn|[from] psn\n|upkeep\n|\n|t:|1700331232\n|switch|p2a: Demo Pan|Hitmonchan, M|78\/100\n|turn|33\n|\n|t:|1700331236\n|move|p1a: xureckin it|Outrage|p2a: Demo Pan|[from]lockedmove\n|-damage|p2a: Demo Pan|16\/100\n|-start|p1a: xureckin it|confusion|[fatigue]\n|move|p2a: Demo Pan|Drain Punch|p1a: xureckin it\n|-damage|p1a: xureckin it|0 fnt\n|-heal|p2a: Demo Pan|36\/100|[from] drain|[of] p1a: xureckin it\n|faint|p1a: xureckin it\n|\n|upkeep\n|\n|t:|1700331246\n|switch|p1a: piano man|Simisear, F|76\/100\n|-damage|p1a: piano man|51\/100|[from] Stealth Rock\n|turn|34\n|\n|t:|1700331255\n|move|p1a: piano man|Flamethrower|p2a: Demo Pan\n|-damage|p2a: Demo Pan|0 fnt\n|faint|p2a: Demo Pan\n|\n|upkeep\n|\n|t:|1700331259\n|switch|p2a: Sc*nt|Pinsir, F|38\/100\n|turn|35\n|\n|t:|1700331262\n|move|p1a: piano man|Flamethrower|p2a: Sc*nt\n|-supereffective|p2a: Sc*nt\n|-damage|p2a: Sc*nt|0 fnt\n|faint|p2a: Sc*nt\n|\n|win|Flungusdungus\n|c| TheoEmileMurray|simisear my goat\n|l| Pyos\n|c|\u2606Flungusdungus|SIMISEAR MY FUCKING GOAT!!!\n|c|\u2606Flungusdungus|GG!\n|l| TheoEmileMurray\n|c|\u26060v4n|round 2\n|l|\u2606Flungusdungus\n","uploadtime":1700331270,"views":28,"p1id":"flungusdungus","p2id":"0v4n","formatid":"gen9nationaldex","rating":0,"private":0,"password":""}