{"id":"gen9nationaldex-1992166959","p1":"testing a funni3","p2":"Discreet Ghost","format":"[Gen 9] National Dex","log":"|j|\u2606testing a funni3\n|j|\u2606Discreet Ghost\n|t:|1700160561\n|gametype|singles\n|player|p1|testing a funni3|unknownf|1364\n|player|p2|Discreet Ghost|artist-gen4|1450\n|teamsize|p1|6\n|teamsize|p2|6\n|gen|9\n|tier|[Gen 9] National Dex\n|rated|\n|rule|HP Percentage Mod: HP is shown in percentages\n|rule|Endless Battle Clause: Forcing endless battles is banned\n|rule|OHKO Clause: OHKO moves are banned\n|rule|Evasion Clause: Evasion abilities, items, and moves are banned\n|rule|Evasion Abilities Clause: Evasion abilities are banned\n|rule|Evasion Items Clause: Evasion items are banned\n|rule|Evasion Moves Clause: Evasion moves are banned\n|rule|Species Clause: Limit one of each Pok\u00e9mon\n|rule|Sleep Clause Mod: Limit one foe put to sleep\n|clearpoke\n|poke|p1|Latios, M|\n|poke|p1|Buzzwole|\n|poke|p1|Gliscor, F|\n|poke|p1|Weavile, F|\n|poke|p1|Heatran, M|\n|poke|p1|Ogerpon-Wellspring, F|\n|poke|p2|Hatterene, F|\n|poke|p2|Ting-Lu|\n|poke|p2|Great Tusk|\n|poke|p2|Urshifu-*, M|\n|poke|p2|Meowscarada, M|\n|poke|p2|Iron Valiant|\n|teampreview\n|inactive|Battle timer is ON: inactive players will automatically lose when time's up. (requested by Discreet Ghost)\n|\n|t:|1700160581\n|start\n|switch|p1a: Weavile|Weavile, F|100\/100\n|switch|p2a: Ting-Lu|Ting-Lu|100\/100\n|-ability|p1a: Weavile|Pressure\n|-ability|p2a: Ting-Lu|Vessel of Ruin\n|turn|1\n|\n|t:|1700160586\n|move|p1a: Weavile|Triple Axel|p2a: Ting-Lu\n|-supereffective|p2a: Ting-Lu\n|-damage|p2a: Ting-Lu|89\/100\n|-supereffective|p2a: Ting-Lu\n|-damage|p2a: Ting-Lu|65\/100\n|-supereffective|p2a: Ting-Lu\n|-damage|p2a: Ting-Lu|31\/100\n|-hitcount|p2a: Ting-Lu|3\n|move|p2a: Ting-Lu|Stealth Rock|p1a: Weavile\n|-sidestart|p1: testing a funni3|move: Stealth Rock\n|\n|-heal|p2a: Ting-Lu|37\/100|[from] item: Leftovers\n|upkeep\n|turn|2\n|\n|t:|1700160596\n|switch|p1a: Gliscor|Gliscor, F|100\/100\n|-damage|p1a: Gliscor|88\/100|[from] Stealth Rock\n|move|p2a: Ting-Lu|Whirlwind|p1a: Gliscor\n|drag|p1a: Latios|Latios, M|100\/100\n|-damage|p1a: Latios|88\/100|[from] Stealth Rock\n|\n|-heal|p2a: Ting-Lu|44\/100|[from] item: Leftovers\n|upkeep\n|turn|3\n|\n|t:|1700160607\n|detailschange|p1a: Latios|Latios-Mega, M\n|-mega|p1a: Latios|Latios|Latiosite\n|move|p1a: Latios|Aura Sphere|p2a: Ting-Lu\n|-supereffective|p2a: Ting-Lu\n|-damage|p2a: Ting-Lu|6\/100\n|move|p2a: Ting-Lu|Whirlwind|p1a: Latios\n|drag|p1a: Buzzwole|Buzzwole|100\/100\n|\n|-heal|p2a: Ting-Lu|12\/100|[from] item: Leftovers\n|upkeep\n|turn|4\n|\n|t:|1700160614\n|move|p1a: Buzzwole|Ice Punch|p2a: Ting-Lu\n|-supereffective|p2a: Ting-Lu\n|-damage|p2a: Ting-Lu|0 fnt\n|faint|p2a: Ting-Lu\n|-ability|p1a: Buzzwole|Beast Boost|boost\n|-boost|p1a: Buzzwole|def|1\n|\n|upkeep\n|\n|t:|1700160619\n|switch|p2a: Iron Valiant|Iron Valiant|100\/100\n|turn|5\n|\n|t:|1700160630\n|switch|p1a: Gliscor|Gliscor, F|88\/100\n|-damage|p1a: Gliscor|76\/100|[from] Stealth Rock\n|move|p2a: Iron Valiant|Moonblast|p1a: Gliscor\n|-damage|p1a: Gliscor|34\/100\n|-unboost|p1a: Gliscor|spa|1\n|\n|-status|p1a: Gliscor|tox|[from] item: Toxic Orb\n|upkeep\n|turn|6\n|\n|t:|1700160655\n|-end|p2a: Iron Valiant|Quark Drive|[silent]\n|switch|p2a: Urshifu|Urshifu-Rapid-Strike, M|100\/100\n|move|p1a: Gliscor|Roost|p1a: Gliscor\n|-heal|p1a: Gliscor|85\/100 tox\n|-singleturn|p1a: Gliscor|move: Roost\n|\n|-heal|p1a: Gliscor|97\/100 tox|[from] ability: Poison Heal\n|upkeep\n|turn|7\n|\n|t:|1700160664\n|-terastallize|p1a: Gliscor|Fairy\n|move|p2a: Urshifu|Ice Spinner|p1a: Gliscor\n|-damage|p1a: Gliscor|73\/100 tox\n|move|p1a: Gliscor|Toxic|p2a: Urshifu\n|-status|p2a: Urshifu|tox\n|\n|-damage|p2a: Urshifu|94\/100 tox|[from] psn\n|-heal|p1a: Gliscor|85\/100 tox|[from] ability: Poison Heal\n|upkeep\n|turn|8\n|\n|t:|1700160671\n|move|p2a: Urshifu|Trailblaze|p1a: Gliscor\n|-damage|p1a: Gliscor|72\/100 tox\n|-boost|p2a: Urshifu|spe|1\n|move|p1a: Gliscor|Defog|p2a: Urshifu\n|-unboost|p2a: Urshifu|evasion|1\n|-sideend|p1: testing a funni3|Stealth Rock|[from] move: Defog|[of] p1a: Gliscor\n|\n|-damage|p2a: Urshifu|82\/100 tox|[from] psn\n|-heal|p1a: Gliscor|85\/100 tox|[from] ability: Poison Heal\n|upkeep\n|turn|9\n|\n|t:|1700160684\n|switch|p1a: Ogerpon|Ogerpon-Wellspring, F|100\/100\n|move|p2a: Urshifu|Surging Strikes|p1a: Ogerpon\n|-immune|p1a: Ogerpon|[from] ability: Water Absorb\n|\n|-damage|p2a: Urshifu|64\/100 tox|[from] psn\n|upkeep\n|turn|10\n|\n|t:|1700160691\n|move|p2a: Urshifu|Drain Punch|p1a: Ogerpon\n|-damage|p1a: Ogerpon|40\/100\n|-heal|p2a: Urshifu|90\/100 tox|[from] drain|[of] p1a: Ogerpon\n|move|p1a: Ogerpon|Power Whip|p2a: Urshifu\n|-supereffective|p2a: Urshifu\n|-damage|p2a: Urshifu|0 fnt\n|faint|p2a: Urshifu\n|\n|upkeep\n|\n|t:|1700160696\n|switch|p2a: Iron Valiant|Iron Valiant|100\/100\n|turn|11\n|\n|t:|1700160706\n|switch|p1a: Gliscor|Gliscor, F, tera:Fairy|85\/100 tox\n|move|p2a: Iron Valiant|Aura Sphere|p1a: Gliscor\n|-resisted|p1a: Gliscor\n|-damage|p1a: Gliscor|68\/100 tox\n|\n|-heal|p1a: Gliscor|80\/100 tox|[from] ability: Poison Heal\n|upkeep\n|turn|12\n|\n|t:|1700160723\n|-end|p2a: Iron Valiant|Quark Drive|[silent]\n|switch|p2a: Great Tusk|Great Tusk|100\/100\n|move|p1a: Gliscor|Toxic|p2a: Great Tusk\n|-status|p2a: Great Tusk|tox\n|\n|-damage|p2a: Great Tusk|94\/100 tox|[from] psn\n|-heal|p1a: Gliscor|93\/100 tox|[from] ability: Poison Heal\n|upkeep\n|turn|13\n|\n|t:|1700160735\n|move|p2a: Great Tusk|Knock Off|p1a: Gliscor\n|-resisted|p1a: Gliscor\n|-crit|p1a: Gliscor\n|-damage|p1a: Gliscor|72\/100 tox\n|-enditem|p1a: Gliscor|Toxic Orb|[from] move: Knock Off|[of] p2a: Great Tusk\n|move|p1a: Gliscor|Earthquake|p2a: Great Tusk\n|-damage|p2a: Great Tusk|72\/100 tox\n|\n|-heal|p2a: Great Tusk|78\/100 tox|[from] item: Leftovers\n|-damage|p2a: Great Tusk|66\/100 tox|[from] psn\n|-heal|p1a: Gliscor|85\/100 tox|[from] ability: Poison Heal\n|upkeep\n|turn|14\n|\n|t:|1700160743\n|move|p2a: Great Tusk|Earthquake|p1a: Gliscor\n|-damage|p1a: Gliscor|46\/100 tox\n|move|p1a: Gliscor|Earthquake|p2a: Great Tusk\n|-damage|p2a: Great Tusk|44\/100 tox\n|\n|-heal|p2a: Great Tusk|50\/100 tox|[from] item: Leftovers\n|-damage|p2a: Great Tusk|31\/100 tox|[from] psn\n|-heal|p1a: Gliscor|59\/100 tox|[from] ability: Poison Heal\n|upkeep\n|turn|15\n|\n|t:|1700160747\n|move|p2a: Great Tusk|Earthquake|p1a: Gliscor\n|-damage|p1a: Gliscor|13\/100 tox\n|move|p1a: Gliscor|Roost|p1a: Gliscor\n|-heal|p1a: Gliscor|63\/100 tox\n|\n|-heal|p2a: Great Tusk|38\/100 tox|[from] item: Leftovers\n|-damage|p2a: Great Tusk|13\/100 tox|[from] psn\n|-heal|p1a: Gliscor|76\/100 tox|[from] ability: Poison Heal\n|upkeep\n|turn|16\n|\n|t:|1700160761\n|move|p2a: Great Tusk|Earthquake|p1a: Gliscor\n|-damage|p1a: Gliscor|31\/100 tox\n|move|p1a: Gliscor|Roost|p1a: Gliscor\n|-heal|p1a: Gliscor|81\/100 tox\n|\n|-heal|p2a: Great Tusk|19\/100 tox|[from] item: Leftovers\n|-damage|p2a: Great Tusk|0 fnt|[from] psn\n|faint|p2a: Great Tusk\n|-end|p2a: Great Tusk|Protosynthesis|[silent]\n|-heal|p1a: Gliscor|94\/100 tox|[from] ability: Poison Heal\n|upkeep\n|\n|t:|1700160765\n|switch|p2a: Hatterene|Hatterene, F|100\/100\n|turn|17\n|\n|t:|1700160775\n|switch|p1a: Heatran|Heatran, M|100\/100\n|move|p2a: Hatterene|Calm Mind|p2a: Hatterene\n|-boost|p2a: Hatterene|spa|1\n|-boost|p2a: Hatterene|spd|1\n|\n|upkeep\n|turn|18\n|\n|t:|1700160789\n|move|p1a: Heatran|Magma Storm|p2a: Hatterene\n|-damage|p2a: Hatterene|70\/100\n|-activate|p2a: Hatterene|move: Magma Storm|[of] p1a: Heatran\n|move|p2a: Hatterene|Nuzzle|p1a: Heatran\n|-damage|p1a: Heatran|97\/100\n|-status|p1a: Heatran|par\n|\n|-heal|p1a: Heatran|100\/100 par|[from] item: Leftovers\n|-heal|p2a: Hatterene|76\/100|[from] item: Leftovers\n|-damage|p2a: Hatterene|64\/100|[from] move: Magma Storm|[partiallytrapped]\n|upkeep\n|turn|19\n|\n|t:|1700160801\n|move|p1a: Heatran|Earth Power|p2a: Hatterene\n|-damage|p2a: Hatterene|47\/100\n|move|p2a: Hatterene|Calm Mind|p2a: Hatterene\n|-boost|p2a: Hatterene|spa|1\n|-boost|p2a: Hatterene|spd|1\n|\n|-heal|p2a: Hatterene|53\/100|[from] item: Leftovers\n|-damage|p2a: Hatterene|40\/100|[from] move: Magma Storm|[partiallytrapped]\n|upkeep\n|turn|20\n|\n|t:|1700160806\n|move|p1a: Heatran|Earth Power|p2a: Hatterene\n|-damage|p2a: Hatterene|25\/100\n|move|p2a: Hatterene|Draining Kiss|p1a: Heatran\n|-resisted|p1a: Heatran\n|-damage|p1a: Heatran|92\/100 par\n|-heal|p2a: Hatterene|34\/100|[from] drain|[of] p1a: Heatran\n|\n|-heal|p1a: Heatran|98\/100 par|[from] item: Leftovers\n|-heal|p2a: Hatterene|39\/100|[from] item: Leftovers\n|-damage|p2a: Hatterene|27\/100|[from] move: Magma Storm|[partiallytrapped]\n|upkeep\n|turn|21\n|\n|t:|1700160813\n|cant|p1a: Heatran|par\n|move|p2a: Hatterene|Draining Kiss|p1a: Heatran\n|-resisted|p1a: Heatran\n|-damage|p1a: Heatran|89\/100 par\n|-heal|p2a: Hatterene|35\/100|[from] drain|[of] p1a: Heatran\n|\n|-heal|p1a: Heatran|95\/100 par|[from] item: Leftovers\n|-heal|p2a: Hatterene|41\/100|[from] item: Leftovers\n|-damage|p2a: Hatterene|29\/100|[from] move: Magma Storm|[partiallytrapped]\n|upkeep\n|turn|22\n|\n|t:|1700160815\n|move|p1a: Heatran|Earth Power|p2a: Hatterene\n|-damage|p2a: Hatterene|16\/100\n|move|p2a: Hatterene|Calm Mind|p2a: Hatterene\n|-boost|p2a: Hatterene|spa|1\n|-boost|p2a: Hatterene|spd|1\n|\n|-heal|p1a: Heatran|100\/100 par|[from] item: Leftovers\n|-heal|p2a: Hatterene|22\/100|[from] item: Leftovers\n|-damage|p2a: Hatterene|9\/100|[from] move: Magma Storm|[partiallytrapped]\n|upkeep\n|turn|23\n|\n|t:|1700160822\n|move|p1a: Heatran|Earth Power|p2a: Hatterene\n|-damage|p2a: Hatterene|0 fnt\n|faint|p2a: Hatterene\n|\n|upkeep\n|\n|t:|1700160826\n|switch|p2a: Iron Valiant|Iron Valiant|100\/100\n|turn|24\n|\n|t:|1700160830\n|switch|p1a: Gliscor|Gliscor, F, tera:Fairy|94\/100 tox\n|move|p2a: Iron Valiant|Aura Sphere|p1a: Gliscor\n|-resisted|p1a: Gliscor\n|-damage|p1a: Gliscor|78\/100 tox\n|\n|-heal|p1a: Gliscor|91\/100 tox|[from] ability: Poison Heal\n|upkeep\n|turn|25\n|\n|t:|1700160837\n|-end|p2a: Iron Valiant|Quark Drive|[silent]\n|switch|p2a: Random Furry|Meowscarada, M|100\/100\n|move|p1a: Gliscor|Toxic|p2a: Random Furry\n|-status|p2a: Random Furry|tox\n|\n|-damage|p2a: Random Furry|94\/100 tox|[from] psn\n|-heal|p1a: Gliscor|100\/100 tox|[from] ability: Poison Heal\n|upkeep\n|turn|26\n|\n|t:|1700160844\n|switch|p1a: Buzzwole|Buzzwole|100\/100\n|move|p2a: Random Furry|Flower Trick|p1a: Buzzwole\n|-start|p2a: Random Furry|typechange|Grass|[from] ability: Protean\n|-resisted|p1a: Buzzwole\n|-crit|p1a: Buzzwole\n|-damage|p1a: Buzzwole|83\/100\n|\n|-damage|p2a: Random Furry|82\/100 tox|[from] psn\n|upkeep\n|turn|27\n|-message|Discreet Ghost forfeited.\n|\n|win|testing a funni3\n|raw|testing a funni3's rating: 1364 &rarr; <strong>1387<\/strong><br \/>(+23 for winning)\n|raw|Discreet Ghost's rating: 1414 &rarr; <strong>1391<\/strong><br \/>(-23 for losing)\n|l|\u2606Discreet Ghost\n","uploadtime":1700160860,"views":13,"p1id":"testingafunni3","p2id":"discreetghost","formatid":"gen9nationaldex","rating":1387,"private":0,"password":""}