{"id":"gen9nationaldex-1992209920","p1":"Orujo2","p2":"Tremendo97","format":"[Gen 9] National Dex","log":"|j|\u2606Orujo2\n|j|\u2606Tremendo97\n|t:|1700164128\n|gametype|singles\n|player|p1|Orujo2|hiker-gen4|\n|player|p2|Tremendo97|clown|\n|teamsize|p1|6\n|teamsize|p2|6\n|gen|9\n|tier|[Gen 9] National Dex\n|rule|HP Percentage Mod: HP is shown in percentages\n|rule|Endless Battle Clause: Forcing endless battles is banned\n|rule|OHKO Clause: OHKO moves are banned\n|rule|Evasion Clause: Evasion abilities, items, and moves are banned\n|rule|Evasion Abilities Clause: Evasion abilities are banned\n|rule|Evasion Items Clause: Evasion items are banned\n|rule|Evasion Moves Clause: Evasion moves are banned\n|rule|Species Clause: Limit one of each Pok\u00e9mon\n|rule|Sleep Clause Mod: Limit one foe put to sleep\n|clearpoke\n|poke|p1|Swampert, M|\n|poke|p1|Tapu Koko|\n|poke|p1|Garchomp, M|\n|poke|p1|Kartana|\n|poke|p1|Volcarona, F|\n|poke|p1|Meowscarada, M|\n|poke|p2|Zapdos|\n|poke|p2|Venusaur, M|\n|poke|p2|Gliscor, F|\n|poke|p2|Infernape, F|\n|poke|p2|Grimmsnarl, M|\n|poke|p2|Volcarona, M|\n|teampreview\n|j| Guillarco28\n|\n|t:|1700164162\n|start\n|switch|p1a: Swagmpert|Swampert, M, shiny|100\/100\n|switch|p2a: Mr.Fumeta|Gliscor, F|100\/100\n|turn|1\n|\n|t:|1700164190\n|move|p2a: Mr.Fumeta|U-turn|p1a: Swagmpert\n|-damage|p1a: Swagmpert|86\/100\n|\n|t:|1700164194\n|switch|p2a: Strawberry|Venusaur, M|100\/100|[from] U-turn\n|move|p1a: Swagmpert|Stealth Rock|p2a: Strawberry\n|-sidestart|p2: Tremendo97|move: Stealth Rock\n|\n|upkeep\n|turn|2\n|\n|t:|1700164221\n|detailschange|p2a: Strawberry|Venusaur-Mega, M\n|-mega|p2a: Strawberry|Venusaur|Venusaurite\n|-terastallize|p1a: Swagmpert|Electric\n|move|p2a: Strawberry|Leech Seed|p1a: Swagmpert\n|-start|p1a: Swagmpert|move: Leech Seed\n|move|p1a: Swagmpert|Ice Punch|p2a: Strawberry\n|-supereffective|p2a: Strawberry\n|-damage|p2a: Strawberry|86\/100\n|\n|-damage|p1a: Swagmpert|74\/100|[from] Leech Seed|[of] p2a: Strawberry\n|-heal|p2a: Strawberry|100\/100|[silent]\n|upkeep\n|turn|3\n|\n|t:|1700164236\n|switch|p2a: Mr.Fumeta|Gliscor, F|100\/100\n|-damage|p2a: Mr.Fumeta|88\/100|[from] Stealth Rock\n|move|p1a: Swagmpert|Ice Punch|p2a: Mr.Fumeta\n|-supereffective|p2a: Mr.Fumeta\n|-damage|p2a: Mr.Fumeta|31\/100\n|-status|p2a: Mr.Fumeta|frz\n|\n|-damage|p1a: Swagmpert|61\/100|[from] Leech Seed|[of] p2a: Mr.Fumeta\n|-heal|p2a: Mr.Fumeta|46\/100 frz|[silent]\n|upkeep\n|turn|4\n|\n|t:|1700164385\n|switch|p2a: Strawberry|Venusaur-Mega, M|100\/100\n|-damage|p2a: Strawberry|88\/100|[from] Stealth Rock\n|move|p1a: Swagmpert|Ice Punch|p2a: Strawberry\n|-supereffective|p2a: Strawberry\n|-damage|p2a: Strawberry|72\/100\n|\n|-damage|p1a: Swagmpert|49\/100|[from] Leech Seed|[of] p2a: Strawberry\n|-heal|p2a: Strawberry|86\/100|[silent]\n|upkeep\n|-enditem|p1a: Swagmpert|Sitrus Berry|[eat]\n|-heal|p1a: Swagmpert|74\/100|[from] item: Sitrus Berry\n|turn|5\n|\n|t:|1700164422\n|move|p2a: Strawberry|Giga Drain|p1a: Swagmpert\n|-damage|p1a: Swagmpert|52\/100\n|-heal|p2a: Strawberry|99\/100|[from] drain|[of] p1a: Swagmpert\n|move|p1a: Swagmpert|Ice Punch|p2a: Strawberry\n|-supereffective|p2a: Strawberry\n|-damage|p2a: Strawberry|83\/100\n|\n|-damage|p1a: Swagmpert|40\/100|[from] Leech Seed|[of] p2a: Strawberry\n|-heal|p2a: Strawberry|98\/100|[silent]\n|upkeep\n|turn|6\n|\n|t:|1700164432\n|move|p2a: Strawberry|Giga Drain|p1a: Swagmpert\n|-damage|p1a: Swagmpert|17\/100\n|-heal|p2a: Strawberry|100\/100|[from] drain|[of] p1a: Swagmpert\n|move|p1a: Swagmpert|Ice Punch|p2a: Strawberry\n|-supereffective|p2a: Strawberry\n|-damage|p2a: Strawberry|83\/100\n|\n|-damage|p1a: Swagmpert|5\/100|[from] Leech Seed|[of] p2a: Strawberry\n|-heal|p2a: Strawberry|98\/100|[silent]\n|upkeep\n|turn|7\n|\n|t:|1700164444\n|move|p2a: Strawberry|Giga Drain|p1a: Swagmpert\n|-damage|p1a: Swagmpert|0 fnt\n|-heal|p2a: Strawberry|99\/100|[from] drain|[of] p1a: Swagmpert\n|faint|p1a: Swagmpert\n|\n|upkeep\n|\n|t:|1700164457\n|switch|p1a: Es un Garchomp|Meowscarada, M|100\/100\n|turn|8\n|\n|t:|1700164476\n|switch|p1a: Pasa la papela|Kartana|100\/100\n|switch|p2a: KfC|Zapdos, shiny|100\/100\n|-damage|p2a: KfC|75\/100|[from] Stealth Rock\n|\n|upkeep\n|turn|9\n|\n|t:|1700164518\n|switch|p1a: Garch\u00f3n|Garchomp, M, shiny|100\/100\n|move|p2a: KfC|Volt Switch|p1a: Garch\u00f3n\n|-immune|p1a: Garch\u00f3n\n|\n|upkeep\n|turn|10\n|\n|t:|1700164537\n|detailschange|p1a: Garch\u00f3n|Garchomp-Mega, M, shiny\n|-mega|p1a: Garch\u00f3n|Garchomp|Garchompite\n|move|p1a: Garch\u00f3n|Stone Edge|p2a: KfC\n|-supereffective|p2a: KfC\n|-damage|p2a: KfC|9\/100\n|move|p2a: KfC|Volt Switch|p1a: Garch\u00f3n\n|-immune|p1a: Garch\u00f3n\n|\n|upkeep\n|turn|11\n|\n|t:|1700164550\n|switch|p2a: Strawberry|Venusaur-Mega, M|99\/100\n|-damage|p2a: Strawberry|88\/100|[from] Stealth Rock\n|move|p1a: Garch\u00f3n|Dragon Claw|p2a: Strawberry\n|-damage|p2a: Strawberry|48\/100\n|\n|upkeep\n|turn|12\n|\n|t:|1700164580\n|move|p1a: Garch\u00f3n|Stone Edge|p2a: Strawberry\n|-damage|p2a: Strawberry|14\/100\n|move|p2a: Strawberry|Rest|p2a: Strawberry\n|-status|p2a: Strawberry|slp|[from] move: Rest\n|-heal|p2a: Strawberry|100\/100 slp|[silent]\n|\n|upkeep\n|turn|13\n|\n|t:|1700164590\n|move|p1a: Garch\u00f3n|Dragon Claw|p2a: Strawberry\n|-damage|p2a: Strawberry|57\/100 slp\n|cant|p2a: Strawberry|slp\n|move|p2a: Strawberry|Sleep Talk|p2a: Strawberry\n|move|p2a: Strawberry|Leech Seed|p1a: Garch\u00f3n|[from]move: Sleep Talk\n|-start|p1a: Garch\u00f3n|move: Leech Seed\n|\n|-damage|p1a: Garch\u00f3n|88\/100|[from] Leech Seed|[of] p2a: Strawberry\n|-heal|p2a: Strawberry|69\/100 slp|[silent]\n|upkeep\n|turn|14\n|\n|t:|1700164601\n|move|p1a: Garch\u00f3n|Stone Edge|p2a: Strawberry\n|-damage|p2a: Strawberry|36\/100 slp\n|cant|p2a: Strawberry|slp\n|move|p2a: Strawberry|Sleep Talk|p2a: Strawberry\n|move|p2a: Strawberry|Rest||[from]move: Sleep Talk|[still]\n|-fail|p2a: Strawberry\n|\n|-damage|p1a: Garch\u00f3n|76\/100|[from] Leech Seed|[of] p2a: Strawberry\n|-heal|p2a: Strawberry|48\/100 slp|[silent]\n|upkeep\n|turn|15\n|\n|t:|1700164612\n|move|p1a: Garch\u00f3n|Dragon Claw|p2a: Strawberry\n|-damage|p2a: Strawberry|6\/100 slp\n|-curestatus|p2a: Strawberry|slp|[msg]\n|move|p2a: Strawberry|Rest|p2a: Strawberry\n|-status|p2a: Strawberry|slp|[from] move: Rest\n|-heal|p2a: Strawberry|100\/100 slp|[silent]\n|\n|-damage|p1a: Garch\u00f3n|64\/100|[from] Leech Seed|[of] p2a: Strawberry\n|upkeep\n|turn|16\n|\n|t:|1700164622\n|move|p1a: Garch\u00f3n|Dragon Claw|p2a: Strawberry\n|-damage|p2a: Strawberry|56\/100 slp\n|cant|p2a: Strawberry|slp\n|move|p2a: Strawberry|Sleep Talk|p2a: Strawberry\n|move|p2a: Strawberry|Leech Seed||[from]move: Sleep Talk|[still]\n|-fail|p2a: Strawberry\n|\n|-damage|p1a: Garch\u00f3n|51\/100|[from] Leech Seed|[of] p2a: Strawberry\n|-heal|p2a: Strawberry|69\/100 slp|[silent]\n|upkeep\n|turn|17\n|\n|t:|1700164632\n|move|p1a: Garch\u00f3n|Dragon Claw|p2a: Strawberry\n|-damage|p2a: Strawberry|28\/100 slp\n|cant|p2a: Strawberry|slp\n|move|p2a: Strawberry|Sleep Talk|p2a: Strawberry\n|move|p2a: Strawberry|Leech Seed||[from]move: Sleep Talk|[still]\n|-fail|p2a: Strawberry\n|\n|-damage|p1a: Garch\u00f3n|39\/100|[from] Leech Seed|[of] p2a: Strawberry\n|-heal|p2a: Strawberry|41\/100 slp|[silent]\n|upkeep\n|turn|18\n|\n|t:|1700164669\n|switch|p2a: KfC|Zapdos, shiny|9\/100\n|-damage|p2a: KfC|0 fnt|[from] Stealth Rock\n|faint|p2a: KfC\n|move|p1a: Garch\u00f3n|Earthquake|p2: KfC|[notarget]\n|-fail|p1a: Garch\u00f3n\n|\n|upkeep\n|c|\u2606Orujo2|estoy sufriendo\n|c|\u2606Orujo2|SOS\n|\n|t:|1700164706\n|switch|p2a: CieloNepe|Infernape, F|100\/100\n|-damage|p2a: CieloNepe|88\/100|[from] Stealth Rock\n|turn|19\n|\n|t:|1700164745\n|move|p2a: CieloNepe|Drain Punch|p1a: Garch\u00f3n\n|-damage|p1a: Garch\u00f3n|1\/100\n|-heal|p2a: CieloNepe|100\/100|[from] drain|[of] p1a: Garch\u00f3n\n|move|p1a: Garch\u00f3n|Stone Edge|p2a: CieloNepe\n|-damage|p2a: CieloNepe|31\/100\n|\n|-damage|p1a: Garch\u00f3n|0 fnt|[from] Leech Seed|[of] p2a: CieloNepe\n|-heal|p2a: CieloNepe|31\/100|[silent]\n|faint|p1a: Garch\u00f3n\n|upkeep\n|\n|t:|1700164759\n|switch|p1a: TAPU G.O.A.T.|Tapu Koko, shiny|100\/100\n|-fieldstart|move: Electric Terrain|[from] ability: Electric Surge|[of] p1a: TAPU G.O.A.T.\n|turn|20\n|j| hideyourpineapples\n|\n|t:|1700164795\n|switch|p2a: Cosquillas|Grimmsnarl, M, shiny|100\/100\n|-damage|p2a: Cosquillas|88\/100|[from] Stealth Rock\n|move|p1a: TAPU G.O.A.T.|Thunderbolt|p2a: Cosquillas\n|-damage|p2a: Cosquillas|38\/100\n|\n|-heal|p2a: Cosquillas|44\/100|[from] item: Leftovers\n|upkeep\n|turn|21\n|l| Guillarco28\n|\n|t:|1700164810\n|move|p2a: Cosquillas|Fake Out|p1a: TAPU G.O.A.T.\n|-damage|p1a: TAPU G.O.A.T.|86\/100\n|cant|p1a: TAPU G.O.A.T.|flinch\n|\n|-heal|p2a: Cosquillas|50\/100|[from] item: Leftovers\n|upkeep\n|turn|22\n|\n|t:|1700164822\n|move|p2a: Cosquillas|Taunt|p1a: TAPU G.O.A.T.\n|-start|p1a: TAPU G.O.A.T.|move: Taunt\n|move|p1a: TAPU G.O.A.T.|Dazzling Gleam|p2a: Cosquillas\n|-supereffective|p2a: Cosquillas\n|-damage|p2a: Cosquillas|0 fnt\n|faint|p2a: Cosquillas\n|\n|upkeep\n|\n|t:|1700164862\n|switch|p2a: Strawberry|Venusaur-Mega, M|41\/100 slp\n|-damage|p2a: Strawberry|29\/100 slp|[from] Stealth Rock\n|turn|23\n|\n|t:|1700164902\n|switch|p1a: El Polillo|Volcarona, F|100\/100\n|-curestatus|p2a: Strawberry|slp|[msg]\n|move|p2a: Strawberry|Sleep Talk||[still]\n|-fail|p2a: Strawberry\n|\n|upkeep\n|turn|24\n|\n|t:|1700164921\n|switch|p2a: Mr.Fumeta|Gliscor, F|46\/100 frz\n|-damage|p2a: Mr.Fumeta|34\/100 frz|[from] Stealth Rock\n|move|p1a: El Polillo|Fiery Dance|p2a: Mr.Fumeta\n|-damage|p2a: Mr.Fumeta|0 fnt\n|faint|p2a: Mr.Fumeta\n|\n|-fieldend|move: Electric Terrain\n|upkeep\n|\n|t:|1700164929\n|switch|p2a: Volcarona|Volcarona, M|100\/100\n|turn|25\n|\n|t:|1700164959\n|switch|p1a: Pasa la papela|Kartana|100\/100\n|move|p2a: Volcarona|Fiery Dance|p1a: Pasa la papela\n|-supereffective|p1a: Pasa la papela\n|-damage|p1a: Pasa la papela|0 fnt\n|-boost|p2a: Volcarona|spa|1\n|faint|p1a: Pasa la papela\n|\n|upkeep\n|\n|t:|1700164974\n|switch|p1a: TAPU G.O.A.T.|Tapu Koko, shiny|86\/100\n|-fieldstart|move: Electric Terrain|[from] ability: Electric Surge|[of] p1a: TAPU G.O.A.T.\n|turn|26\n|\n|t:|1700164983\n|move|p1a: TAPU G.O.A.T.|Thunderbolt|p2a: Volcarona\n|-damage|p2a: Volcarona|45\/100\n|move|p2a: Volcarona|Fiery Dance|p1a: TAPU G.O.A.T.\n|-damage|p1a: TAPU G.O.A.T.|0 fnt\n|-boost|p2a: Volcarona|spa|1\n|faint|p1a: TAPU G.O.A.T.\n|\n|upkeep\n|\n|t:|1700164992\n|switch|p1a: El Polillo|Volcarona, F|100\/100\n|turn|27\n|\n|t:|1700164998\n|move|p1a: El Polillo|Bug Buzz|p2a: Volcarona\n|-resisted|p2a: Volcarona\n|-damage|p2a: Volcarona|19\/100\n|move|p2a: Volcarona|Fiery Dance|p1a: El Polillo\n|-damage|p1a: El Polillo|10\/100\n|-boost|p2a: Volcarona|spa|1\n|\n|upkeep\n|turn|28\n|\n|t:|1700165006\n|move|p2a: Volcarona|Fiery Dance|p1a: El Polillo\n|-damage|p1a: El Polillo|0 fnt\n|-boost|p2a: Volcarona|spa|1\n|faint|p1a: El Polillo\n|\n|upkeep\n|\n|t:|1700165012\n|switch|p1a: Es un Garchomp|Meowscarada, M|100\/100\n|turn|29\n|\n|t:|1700165065\n|move|p1a: Es un Garchomp|Low Kick|p2a: Volcarona\n|-resisted|p2a: Volcarona\n|-damage|p2a: Volcarona|1\/100\n|-status|p1a: Es un Garchomp|brn|[from] ability: Flame Body|[of] p2a: Volcarona\n|-damage|p1a: Es un Garchomp|91\/100 brn|[from] item: Life Orb\n|move|p2a: Volcarona|Fiery Dance|p1a: Es un Garchomp\n|-supereffective|p1a: Es un Garchomp\n|-damage|p1a: Es un Garchomp|0 fnt\n|faint|p1a: Es un Garchomp\n|\n|win|Tremendo97\n|c|\u2606Orujo2|gg\n","uploadtime":1700165083,"views":20,"p1id":"orujo2","p2id":"tremendo97","formatid":"gen9nationaldex","rating":0,"private":0,"password":""}