{"id":"gen9nationaldex-1992703308","p1":"kpoc12","p2":"UncleKars","format":"[Gen 9] National Dex","log":"|j|\u2606kpoc12\n|j|\u2606UncleKars\n|t:|1700227123\n|gametype|singles\n|player|p1|kpoc12|lucas-gen4pt|\n|player|p2|UncleKars|guitarist-gen4|\n|teamsize|p1|6\n|teamsize|p2|6\n|gen|9\n|tier|[Gen 9] National Dex\n|rule|HP Percentage Mod: HP is shown in percentages\n|rule|Endless Battle Clause: Forcing endless battles is banned\n|rule|OHKO Clause: OHKO moves are banned\n|rule|Evasion Clause: Evasion abilities, items, and moves are banned\n|rule|Evasion Abilities Clause: Evasion abilities are banned\n|rule|Evasion Items Clause: Evasion items are banned\n|rule|Evasion Moves Clause: Evasion moves are banned\n|rule|Species Clause: Limit one of each Pok\u00e9mon\n|rule|Sleep Clause Mod: Limit one foe put to sleep\n|clearpoke\n|poke|p1|Torterra, F|\n|poke|p1|Gallade, M|\n|poke|p1|Luxray, M|\n|poke|p1|Spiritomb, F|\n|poke|p1|Flareon, M|\n|poke|p1|Gastrodon, F|\n|poke|p2|Crobat, M|\n|poke|p2|Camerupt, M|\n|poke|p2|Mightyena, M|\n|poke|p2|Weezing, M|\n|poke|p2|Aggron, F|\n|poke|p2|Houndoom, M|\n|teampreview\n|\n|t:|1700227129\n|start\n|switch|p1a: Gastrodon|Gastrodon, F|100\/100\n|switch|p2a: Mightyena|Mightyena, M|100\/100\n|-ability|p2a: Mightyena|Intimidate|boost\n|-unboost|p1a: Gastrodon|atk|1\n|turn|1\n|c|\u2606UncleKars|my avatar why is it not Tabitha\u2026..\n|c|\u2606UncleKars|Whatever\n|c|\u2606kpoc12|tabitha rocker arc\n|\n|t:|1700227158\n|move|p2a: Mightyena|Taunt|p1a: Gastrodon\n|-start|p1a: Gastrodon|move: Taunt\n|cant|p1a: Gastrodon|move: Taunt|Stealth Rock\n|\n|upkeep\n|turn|2\n|\n|t:|1700227170\n|switch|p1a: Gallade|Gallade, M|100\/100\n|move|p2a: Mightyena|Sucker Punch||[still]\n|-fail|p2a: Mightyena\n|\n|upkeep\n|turn|3\n|\n|t:|1700227184\n|move|p1a: Gallade|Swords Dance|p1a: Gallade\n|-boost|p1a: Gallade|atk|2\n|move|p2a: Mightyena|Crunch|p1a: Gallade\n|-damage|p1a: Gallade|38\/100\n|\n|upkeep\n|turn|4\n|\n|t:|1700227195\n|move|p2a: Mightyena|Sucker Punch|p1a: Gallade\n|-damage|p1a: Gallade|0 fnt\n|faint|p1a: Gallade\n|\n|upkeep\n|\n|t:|1700227206\n|switch|p1a: Flareon|Flareon, M|100\/100\n|turn|5\n|l|\u2606UncleKars\n|player|p2|\n|j|\u2606UncleKars\n|player|p2|UncleKars|guitarist-gen4\n|c|\u2606UncleKars|I DIDNT DIE I\u2019m just on mobile\n|\n|t:|1700227232\n|move|p2a: Mightyena|Sucker Punch||[still]\n|-fail|p2a: Mightyena\n|move|p1a: Flareon|Yawn|p2a: Mightyena\n|-start|p2a: Mightyena|move: Yawn|[of] p1a: Flareon\n|\n|upkeep\n|turn|6\n|c|\u2606kpoc12|MOBILE SHOWDOWN MOMENT\n|\n|t:|1700227243\n|switch|p2a: Camerupt|Camerupt, M|100\/100\n|move|p1a: Flareon|Wish|p1a: Flareon\n|\n|upkeep\n|turn|7\n|\n|t:|1700227252\n|move|p1a: Flareon|Yawn|p2a: Camerupt\n|-start|p2a: Camerupt|move: Yawn|[of] p1a: Flareon\n|move|p2a: Camerupt|Earth Power|p1a: Flareon\n|-supereffective|p1a: Flareon\n|-damage|p1a: Flareon|42\/100\n|\n|-heal|p1a: Flareon|92\/100|[from] move: Wish|[wisher] Flareon\n|-heal|p1a: Flareon|98\/100|[from] item: Leftovers\n|upkeep\n|turn|8\n|\n|t:|1700227265\n|move|p1a: Flareon|Wish|p1a: Flareon\n|move|p2a: Camerupt|Yawn|p1a: Flareon\n|-start|p1a: Flareon|move: Yawn|[of] p2a: Camerupt\n|\n|-heal|p1a: Flareon|100\/100|[from] item: Leftovers\n|-end|p2a: Camerupt|move: Yawn|[silent]\n|-status|p2a: Camerupt|slp\n|upkeep\n|turn|9\n|c|\u2606kpoc12|YAWNERS\n|c|\u2606UncleKars|The sleepy tired\n|\n|t:|1700227285\n|switch|p1a: Spiritomb|Spiritomb, F|100\/100\n|cant|p2a: Camerupt|slp\n|\n|upkeep\n|turn|10\n|c|\u2606UncleKars|DREAM EATER\n|c|\u2606UncleKars|ARE YOU GOING TO DREAM EAR\n|c|\u2606UncleKars|EAT\n|c|\u2606kpoc12|i wish\n|\n|t:|1700227336\n|cant|p2a: Camerupt|slp\n|move|p1a: Spiritomb|Calm Mind|p1a: Spiritomb\n|-boost|p1a: Spiritomb|spa|1\n|-boost|p1a: Spiritomb|spd|1\n|\n|upkeep\n|turn|11\n|\n|t:|1700227343\n|-curestatus|p2a: Camerupt|slp|[msg]\n|move|p2a: Camerupt|Lava Plume|p1a: Spiritomb\n|-damage|p1a: Spiritomb|72\/100\n|move|p1a: Spiritomb|Calm Mind|p1a: Spiritomb\n|-boost|p1a: Spiritomb|spa|1\n|-boost|p1a: Spiritomb|spd|1\n|\n|-heal|p1a: Spiritomb|78\/100|[from] item: Leftovers\n|upkeep\n|turn|12\n|\n|t:|1700227354\n|move|p2a: Camerupt|Lava Plume|p1a: Spiritomb\n|-damage|p1a: Spiritomb|58\/100\n|-status|p1a: Spiritomb|brn\n|move|p1a: Spiritomb|Shadow Ball|p2a: Camerupt\n|-damage|p2a: Camerupt|33\/100\n|-enditem|p2a: Camerupt|Sitrus Berry|[eat]\n|-heal|p2a: Camerupt|58\/100|[from] item: Sitrus Berry\n|\n|-heal|p1a: Spiritomb|64\/100 brn|[from] item: Leftovers\n|-damage|p1a: Spiritomb|58\/100 brn|[from] brn\n|upkeep\n|turn|13\n|\n|t:|1700227371\n|move|p2a: Camerupt|Earth Power|p1a: Spiritomb\n|-damage|p1a: Spiritomb|34\/100 brn\n|move|p1a: Spiritomb|Shadow Ball|p2a: Camerupt\n|-damage|p2a: Camerupt|0 fnt\n|faint|p2a: Camerupt\n|\n|-heal|p1a: Spiritomb|40\/100 brn|[from] item: Leftovers\n|-damage|p1a: Spiritomb|34\/100 brn|[from] brn\n|upkeep\n|\n|t:|1700227384\n|switch|p2a: Mightyena|Mightyena, M|100\/100\n|-ability|p2a: Mightyena|Intimidate|boost\n|-unboost|p1a: Spiritomb|atk|1\n|turn|14\n|\n|t:|1700227398\n|move|p2a: Mightyena|Crunch|p1a: Spiritomb\n|-damage|p1a: Spiritomb|4\/100 brn\n|-unboost|p1a: Spiritomb|def|1\n|move|p1a: Spiritomb|Toxic|p2a: Mightyena\n|-status|p2a: Mightyena|tox\n|\n|-heal|p1a: Spiritomb|10\/100 brn|[from] item: Leftovers\n|-damage|p2a: Mightyena|94\/100 tox|[from] psn\n|-damage|p1a: Spiritomb|4\/100 brn|[from] brn\n|upkeep\n|turn|15\n|\n|t:|1700227411\n|move|p2a: Mightyena|Crunch|p1a: Spiritomb\n|-damage|p1a: Spiritomb|0 fnt\n|faint|p1a: Spiritomb\n|\n|-damage|p2a: Mightyena|82\/100 tox|[from] psn\n|upkeep\n|\n|t:|1700227436\n|switch|p1a: Torterra|Torterra, F|100\/100\n|turn|16\n|\n|t:|1700227439\n|move|p2a: Mightyena|Taunt|p1a: Torterra\n|-start|p1a: Torterra|move: Taunt\n|cant|p1a: Torterra|move: Taunt|Shell Smash\n|\n|-damage|p2a: Mightyena|64\/100 tox|[from] psn\n|upkeep\n|turn|17\n|c|\u2606kpoc12|let me smash my shells\n|\n|t:|1700227450\n|move|p2a: Mightyena|Sucker Punch|p1a: Torterra\n|-damage|p1a: Torterra|63\/100\n|move|p1a: Torterra|Earthquake|p2a: Mightyena\n|-damage|p2a: Mightyena|0 fnt\n|faint|p2a: Mightyena\n|\n|upkeep\n|c|\u2606UncleKars|necer\n|c|\u2606UncleKars|Never\n|c|\u2606kpoc12|the taunt sucker punch team flare jumpscare\n|\n|t:|1700227482\n|switch|p2a: Crobat|Crobat, M|100\/100\n|turn|18\n|\n|t:|1700227502\n|switch|p1a: Gastrodon|Gastrodon, F|100\/100\n|move|p2a: Crobat|Leech Life|p1a: Gastrodon\n|-damage|p1a: Gastrodon|86\/100\n|\n|-heal|p1a: Gastrodon|92\/100|[from] item: Leftovers\n|upkeep\n|turn|19\n|\n|t:|1700227513\n|move|p2a: Crobat|Giga Drain|p1a: Gastrodon\n|-supereffective|p1a: Gastrodon\n|-damage|p1a: Gastrodon|45\/100\n|move|p1a: Gastrodon|Stealth Rock|p2a: Crobat\n|-sidestart|p2: UncleKars|move: Stealth Rock\n|\n|-heal|p1a: Gastrodon|51\/100|[from] item: Leftovers\n|upkeep\n|turn|20\n|\n|t:|1700227521\n|move|p2a: Crobat|Giga Drain|p1a: Gastrodon\n|-supereffective|p1a: Gastrodon\n|-damage|p1a: Gastrodon|6\/100\n|move|p1a: Gastrodon|Recover|p1a: Gastrodon\n|-heal|p1a: Gastrodon|56\/100\n|\n|-heal|p1a: Gastrodon|62\/100|[from] item: Leftovers\n|upkeep\n|turn|21\n|\n|t:|1700227530\n|move|p2a: Crobat|Giga Drain|p1a: Gastrodon\n|-supereffective|p1a: Gastrodon\n|-damage|p1a: Gastrodon|8\/100\n|move|p1a: Gastrodon|Recover|p1a: Gastrodon\n|-heal|p1a: Gastrodon|58\/100\n|\n|-heal|p1a: Gastrodon|65\/100|[from] item: Leftovers\n|upkeep\n|turn|22\n|c|\u2606kpoc12|GIGA DRAIN CROBAT IS CRAZY\n|c|\u2606UncleKars|this is so fun\n|c|\u2606UncleKars|giga drain recover\n|\n|t:|1700227545\n|move|p2a: Crobat|Giga Drain|p1a: Gastrodon\n|-supereffective|p1a: Gastrodon\n|-damage|p1a: Gastrodon|14\/100\n|move|p1a: Gastrodon|Recover|p1a: Gastrodon\n|-heal|p1a: Gastrodon|64\/100\n|\n|-heal|p1a: Gastrodon|70\/100|[from] item: Leftovers\n|upkeep\n|turn|23\n|\n|t:|1700227567\n|switch|p1a: Flareon|Flareon, M|100\/100\n|move|p2a: Crobat|Giga Drain|p1a: Flareon\n|-resisted|p1a: Flareon\n|-damage|p1a: Flareon|96\/100\n|\n|-heal|p1a: Flareon|100\/100|[from] item: Leftovers\n|upkeep\n|turn|24\n|\n|t:|1700227584\n|move|p2a: Crobat|Poison Fang|p1a: Flareon\n|-damage|p1a: Flareon|66\/100\n|-status|p1a: Flareon|tox\n|move|p1a: Flareon|Yawn|p2a: Crobat\n|-start|p2a: Crobat|move: Yawn|[of] p1a: Flareon\n|\n|-heal|p1a: Flareon|72\/100 tox|[from] item: Leftovers\n|-damage|p1a: Flareon|66\/100 tox|[from] psn\n|upkeep\n|turn|25\n|\n|t:|1700227595\n|move|p2a: Crobat|Brave Bird|p1a: Flareon\n|-damage|p1a: Flareon|0 fnt\n|faint|p1a: Flareon\n|-damage|p2a: Crobat|77\/100|[from] Recoil\n|\n|-end|p2a: Crobat|move: Yawn|[silent]\n|-status|p2a: Crobat|slp\n|upkeep\n|c|\u2606kpoc12|EEPY\n|\n|t:|1700227609\n|switch|p1a: Luxray|Luxray, M|100\/100\n|turn|26\n|c|\u2606UncleKars|the sleeper eeper\n|\n|t:|1700227636\n|cant|p2a: Crobat|slp\n|move|p1a: Luxray|Wild Charge|p2a: Crobat\n|-supereffective|p2a: Crobat\n|-damage|p2a: Crobat|0 fnt\n|faint|p2a: Crobat\n|-damage|p1a: Luxray|84\/100|[from] Recoil\n|\n|-status|p1a: Luxray|brn|[from] item: Flame Orb\n|upkeep\n|\n|t:|1700227677\n|switch|p2a: Houndoom|Houndoom, M|100\/100\n|-damage|p2a: Houndoom|76\/100|[from] Stealth Rock\n|turn|27\n|\n|t:|1700227696\n|detailschange|p2a: Houndoom|Houndoom-Mega, M\n|-mega|p2a: Houndoom|Houndoom|Houndoominite\n|move|p2a: Houndoom|Flamethrower|p1a: Luxray\n|-damage|p1a: Luxray|27\/100 brn\n|move|p1a: Luxray|Facade|p2a: Houndoom\n|-damage|p2a: Houndoom|0 fnt\n|faint|p2a: Houndoom\n|\n|-damage|p1a: Luxray|21\/100 brn|[from] brn\n|upkeep\n|c|\u2606UncleKars|DAMN SOLAR POWER FLAMETHROWER DIDNT KILL\n|\n|t:|1700227718\n|switch|p2a: Aggron|Aggron, F|100\/100\n|-damage|p2a: Aggron|94\/100|[from] Stealth Rock\n|turn|28\n|\n|t:|1700227732\n|move|p1a: Luxray|Crunch|p2a: Aggron\n|-damage|p2a: Aggron|68\/100\n|move|p2a: Aggron|Double-Edge|p1a: Luxray\n|-damage|p1a: Luxray|0 fnt\n|faint|p1a: Luxray\n|\n|upkeep\n|\n|t:|1700227749\n|switch|p1a: Torterra|Torterra, F|63\/100\n|turn|29\n|\n|t:|1700227771\n|move|p1a: Torterra|Earthquake|p2a: Aggron\n|-supereffective|p2a: Aggron\n|-damage|p2a: Aggron|0 fnt\n|faint|p2a: Aggron\n|\n|upkeep\n|\n|t:|1700227779\n|switch|p2a: Weezing|Weezing, M|100\/100\n|-damage|p2a: Weezing|88\/100|[from] Stealth Rock\n|turn|30\n|\n|t:|1700227807\n|move|p1a: Torterra|Synthesis|p1a: Torterra\n|-heal|p1a: Torterra|100\/100\n|move|p2a: Weezing|Clear Smog|p1a: Torterra\n|-damage|p1a: Torterra|65\/100\n|-clearboost|p1a: Torterra\n|-damage|p2a: Weezing|78\/100|[from] item: Life Orb\n|\n|upkeep\n|turn|31\n|\n|t:|1700227819\n|move|p1a: Torterra|Seed Bomb|p2a: Weezing\n|-resisted|p2a: Weezing\n|-damage|p2a: Weezing|60\/100\n|move|p2a: Weezing|Flamethrower|p1a: Torterra\n|-supereffective|p1a: Torterra\n|-damage|p1a: Torterra|0 fnt\n|faint|p1a: Torterra\n|-damage|p2a: Weezing|50\/100|[from] item: Life Orb\n|\n|upkeep\n|\n|t:|1700227827\n|switch|p1a: Gastrodon|Gastrodon, F|70\/100\n|turn|32\n|c|\u2606kpoc12|the slowest slowers\n|\n|t:|1700227849\n|move|p2a: Weezing|Dark Pulse|p1a: Gastrodon\n|-damage|p1a: Gastrodon|44\/100\n|-damage|p2a: Weezing|41\/100|[from] item: Life Orb\n|move|p1a: Gastrodon|Scald|p2a: Weezing\n|-damage|p2a: Weezing|6\/100\n|\n|-heal|p1a: Gastrodon|50\/100|[from] item: Leftovers\n|upkeep\n|turn|33\n|\n|t:|1700227860\n|move|p2a: Weezing|Sludge Bomb|p1a: Gastrodon\n|-resisted|p1a: Gastrodon\n|-damage|p1a: Gastrodon|25\/100\n|-damage|p2a: Weezing|0 fnt|[from] item: Life Orb\n|faint|p2a: Weezing\n|\n|win|kpoc12\n","uploadtime":1700227868,"views":17,"p1id":"kpoc12","p2id":"unclekars","formatid":"gen9nationaldex","rating":0,"private":0,"password":""}