{"id":"gen9nationaldex-1987906327","p1":"ReptileMedias","p2":"TeamLeafter","format":"[Gen 9] National Dex","log":"|j|\u2606ReptileMedias\n|j|\u2606TeamLeafter\n|t:|1699647887\n|gametype|singles\n|player|p1|ReptileMedias|may-gen3rs|1182\n|player|p2|TeamLeafter|169|1059\n|teamsize|p1|6\n|teamsize|p2|6\n|gen|9\n|tier|[Gen 9] National Dex\n|rated|\n|rule|HP Percentage Mod: HP is shown in percentages\n|rule|Endless Battle Clause: Forcing endless battles is banned\n|rule|OHKO Clause: OHKO moves are banned\n|rule|Evasion Clause: Evasion abilities, items, and moves are banned\n|rule|Evasion Abilities Clause: Evasion abilities are banned\n|rule|Evasion Items Clause: Evasion items are banned\n|rule|Evasion Moves Clause: Evasion moves are banned\n|rule|Species Clause: Limit one of each Pok\u00e9mon\n|rule|Sleep Clause Mod: Limit one foe put to sleep\n|clearpoke\n|poke|p1|Scizor, M|\n|poke|p1|Venusaur, M|\n|poke|p1|Arcanine, M|\n|poke|p1|Crawdaunt, M|\n|poke|p1|Jolteon, M|\n|poke|p1|Crobat, M|\n|poke|p2|Regigigas|\n|poke|p2|Jolteon, F|\n|poke|p2|Politoed, F|\n|poke|p2|Kingdra, M|\n|poke|p2|Scizor, M|\n|poke|p2|Claydol|\n|teampreview\n|inactive|Battle timer is ON: inactive players will automatically lose when time's up. (requested by TeamLeafter)\n|c|\u2606TeamLeafter|jolteonnn\n|\n|t:|1699647895\n|start\n|switch|p1a: Lobstarno|Crawdaunt, M|100\/100\n|switch|p2a: Claydol|Claydol, shiny|100\/100\n|turn|1\n|\n|t:|1699647901\n|move|p1a: Lobstarno|Knock Off|p2a: Claydol\n|-supereffective|p2a: Claydol\n|-damage|p2a: Claydol|0 fnt\n|-enditem|p2a: Claydol|Sticky Barb|[from] move: Knock Off|[of] p1a: Lobstarno\n|faint|p2a: Claydol\n|\n|upkeep\n|\n|t:|1699647911\n|switch|p2a: Jolteon|Jolteon, F|100\/100\n|turn|2\n|\n|t:|1699647916\n|switch|p1a: Sharp David|Jolteon, M|100\/100\n|-terastallize|p2a: Jolteon|Electric\n|move|p2a: Jolteon|Thunder|p1a: Sharp David\n|-immune|p1a: Sharp David|[from] ability: Volt Absorb\n|\n|upkeep\n|turn|3\n|c|\u2606ReptileMedias|that's sharp david to you\n|\n|t:|1699647935\n|switch|p2a: Scizor|Scizor, M|100\/100\n|move|p1a: Sharp David|Hyper Voice|p2a: Scizor\n|-resisted|p2a: Scizor\n|-damage|p2a: Scizor|74\/100\n|\n|upkeep\n|turn|4\n|\n|t:|1699647960\n|switch|p1a: Bullet Ant|Scizor, M|100\/100\n|detailschange|p2a: Scizor|Scizor-Mega, M\n|-mega|p2a: Scizor|Scizor|Scizorite\n|move|p2a: Scizor|Swords Dance|p2a: Scizor\n|-boost|p2a: Scizor|atk|2\n|\n|upkeep\n|turn|5\n|c|\u2606ReptileMedias|I respect the team alot\n|c|\u2606ReptileMedias|always go with ur favs over meta\n|inactive|TeamLeafter has 120 seconds left.\n|c|\u2606TeamLeafter|there supposed to have names\n|c|\u2606TeamLeafter|but i keep forgetting to add them\n|c|\u2606ReptileMedias|lol\n|c|\u2606TeamLeafter|and most of my teams are very memey <3\n|\n|t:|1699648002\n|move|p2a: Scizor|Roost|p2a: Scizor\n|-heal|p2a: Scizor|100\/100\n|-singleturn|p2a: Scizor|move: Roost\n|move|p1a: Bullet Ant|Swords Dance|p1a: Bullet Ant\n|-boost|p1a: Bullet Ant|atk|2\n|\n|upkeep\n|turn|6\n|c|\u2606TeamLeafter|sticky barb claydol..\n|inactive|ReptileMedias has 120 seconds left.\n|\n|t:|1699648030\n|move|p2a: Scizor|Knock Off|p1a: Bullet Ant\n|-damage|p1a: Bullet Ant|50\/100\n|-damage|p2a: Scizor|84\/100|[from] item: Rocky Helmet|[of] p1a: Bullet Ant\n|-enditem|p1a: Bullet Ant|Rocky Helmet|[from] move: Knock Off|[of] p2a: Scizor\n|move|p1a: Bullet Ant|Swords Dance|p1a: Bullet Ant\n|-boost|p1a: Bullet Ant|atk|2\n|\n|upkeep\n|turn|7\n|inactive|ReptileMedias has 120 seconds left.\n|\n|t:|1699648045\n|move|p2a: Scizor|Roost|p2a: Scizor\n|-heal|p2a: Scizor|100\/100\n|-singleturn|p2a: Scizor|move: Roost\n|move|p1a: Bullet Ant|Bug Bite|p2a: Scizor\n|-resisted|p2a: Scizor\n|-damage|p2a: Scizor|58\/100\n|\n|upkeep\n|turn|8\n|\n|t:|1699648049\n|move|p2a: Scizor|Swords Dance|p2a: Scizor\n|-boost|p2a: Scizor|atk|2\n|move|p1a: Bullet Ant|Bug Bite|p2a: Scizor\n|-resisted|p2a: Scizor\n|-damage|p2a: Scizor|20\/100\n|\n|upkeep\n|turn|9\n|\n|t:|1699648052\n|move|p1a: Bullet Ant|Bullet Punch|p2a: Scizor\n|-resisted|p2a: Scizor\n|-damage|p2a: Scizor|0 fnt\n|faint|p2a: Scizor\n|\n|upkeep\n|\n|t:|1699648061\n|switch|p2a: Jolteon|Jolteon, F, tera:Electric|100\/100\n|turn|10\n|\n|t:|1699648090\n|move|p1a: Bullet Ant|Bullet Punch|p2a: Jolteon\n|-resisted|p2a: Jolteon\n|-damage|p2a: Jolteon|24\/100\n|move|p2a: Jolteon|Hidden Power|p1a: Bullet Ant\n|-supereffective|p1a: Bullet Ant\n|-crit|p1a: Bullet Ant\n|-damage|p1a: Bullet Ant|0 fnt\n|faint|p1a: Bullet Ant\n|\n|upkeep\n|inactive|ReptileMedias has 120 seconds left.\n|\n|t:|1699648121\n|switch|p1a: Adult|Arcanine, M|100\/100\n|turn|11\n|\n|t:|1699648129\n|switch|p2a: Politoed|Politoed, F, shiny|100\/100\n|-weather|RainDance|[from] ability: Drizzle|[of] p2a: Politoed\n|move|p1a: Adult|Play Rough|p2a: Politoed\n|-damage|p2a: Politoed|67\/100\n|\n|-weather|RainDance|[upkeep]\n|upkeep\n|turn|12\n|\n|t:|1699648136\n|switch|p1a: Penusaur|Venusaur, M|100\/100\n|move|p2a: Politoed|Belly Drum|p2a: Politoed\n|-damage|p2a: Politoed|17\/100\n|-setboost|p2a: Politoed|atk|6|[from] move: Belly Drum\n|-enditem|p2a: Politoed|Figy Berry|[eat]\n|-heal|p2a: Politoed|51\/100|[from] item: Figy Berry\n|\n|-weather|RainDance|[upkeep]\n|upkeep\n|turn|13\n|\n|t:|1699648150\n|detailschange|p1a: Penusaur|Venusaur-Mega, M\n|-mega|p1a: Penusaur|Venusaur|Venusaurite\n|move|p1a: Penusaur|Giga Drain|p2a: Politoed\n|-supereffective|p2a: Politoed\n|-damage|p2a: Politoed|11\/100\n|move|p2a: Politoed|Dive||[still]\n|-prepare|p2a: Politoed|Dive\n|\n|-weather|RainDance|[upkeep]\n|upkeep\n|turn|14\n|c|\u2606TeamLeafter|are ya ready kids\n|\n|t:|1699648163\n|move|p1a: Penusaur|Giga Drain|p2a: Politoed|[miss]\n|-miss|p1a: Penusaur|p2a: Politoed\n|move|p2a: Politoed|Dive|p1a: Penusaur|[from]lockedmove\n|-resisted|p1a: Penusaur\n|-damage|p1a: Penusaur|50\/100\n|\n|-weather|RainDance|[upkeep]\n|upkeep\n|turn|15\n|\n|t:|1699648170\n|move|p1a: Penusaur|Giga Drain|p2a: Politoed\n|-supereffective|p2a: Politoed\n|-damage|p2a: Politoed|0 fnt\n|-heal|p1a: Penusaur|56\/100|[from] drain|[of] p2a: Politoed\n|faint|p2a: Politoed\n|\n|-weather|none\n|upkeep\n|\n|t:|1699648172\n|switch|p2a: Kingdra|Kingdra, M|100\/100\n|turn|16\n|inactive|ReptileMedias has 120 seconds left.\n|\n|t:|1699648193\n|move|p2a: Kingdra|Hurricane|p1a: Penusaur|[miss]\n|-miss|p2a: Kingdra|p1a: Penusaur\n|move|p1a: Penusaur|Sludge Bomb|p2a: Kingdra\n|-damage|p2a: Kingdra|61\/100\n|-status|p2a: Kingdra|psn\n|\n|-damage|p2a: Kingdra|49\/100 psn|[from] psn\n|upkeep\n|turn|17\n|\n|t:|1699648200\n|switch|p1a: Sharp David|Jolteon, M|100\/100\n|move|p2a: Kingdra|Hurricane|p1a: Sharp David\n|-resisted|p1a: Sharp David\n|-damage|p1a: Sharp David|80\/100\n|\n|-damage|p2a: Kingdra|36\/100 psn|[from] psn\n|upkeep\n|turn|18\n|c|\u2606ReptileMedias|kingdra needs glasses\n|inactive|ReptileMedias has 120 seconds left.\n|\n|t:|1699648223\n|move|p1a: Sharp David|Hyper Voice|p2a: Kingdra\n|-damage|p2a: Kingdra|0 fnt\n|faint|p2a: Kingdra\n|\n|upkeep\n|c|\u2606TeamLeafter|it's true\n|\n|t:|1699648230\n|switch|p2a: Jolteon|Jolteon, F, tera:Electric|24\/100\n|turn|19\n|\n|t:|1699648243\n|move|p2a: Jolteon|Hidden Power|p1a: Sharp David\n|-damage|p1a: Sharp David|41\/100\n|move|p1a: Sharp David|Hyper Voice|p2a: Jolteon\n|-damage|p2a: Jolteon|0 fnt\n|faint|p2a: Jolteon\n|\n|upkeep\n|\n|t:|1699648246\n|switch|p2a: Regigigas|Regigigas|100\/100\n|-start|p2a: Regigigas|ability: Slow Start\n|turn|20\n|c|\u2606TeamLeafter|its time\n|\n|t:|1699648253\n|move|p2a: Regigigas|Protect|p2a: Regigigas\n|-singleturn|p2a: Regigigas|Protect\n|move|p1a: Sharp David|Hyper Voice|p2a: Regigigas\n|-activate|p2a: Regigigas|move: Protect\n|\n|upkeep\n|turn|21\n|\n|t:|1699648259\n|move|p1a: Sharp David|Hyper Voice|p2a: Regigigas\n|-damage|p2a: Regigigas|57\/100\n|move|p2a: Regigigas|Substitute|p2a: Regigigas\n|-start|p2a: Regigigas|Substitute\n|-damage|p2a: Regigigas|32\/100\n|\n|-heal|p2a: Regigigas|38\/100|[from] item: Leftovers\n|upkeep\n|turn|22\n|c|\u2606ReptileMedias|uh oh\n|c|\u2606ReptileMedias|man\n|c|\u2606ReptileMedias|hyper voice goes through sub\n|\n|t:|1699648276\n|move|p2a: Regigigas|Protect|p2a: Regigigas\n|-singleturn|p2a: Regigigas|Protect\n|move|p1a: Sharp David|Hyper Voice|p2a: Regigigas\n|-activate|p2a: Regigigas|move: Protect\n|\n|-heal|p2a: Regigigas|45\/100|[from] item: Leftovers\n|upkeep\n|turn|23\n|c|\u2606TeamLeafter|triple protect\n|c|\u2606TeamLeafter|lets go\n|\n|t:|1699648286\n|move|p2a: Regigigas|Protect||[still]\n|-fail|p2a: Regigigas\n|move|p1a: Sharp David|Hyper Voice|p2a: Regigigas\n|-damage|p2a: Regigigas|6\/100\n|\n|-heal|p2a: Regigigas|12\/100|[from] item: Leftovers\n|upkeep\n|turn|24\n|\n|t:|1699648294\n|move|p2a: Regigigas|Protect|p2a: Regigigas\n|-singleturn|p2a: Regigigas|Protect\n|move|p1a: Sharp David|Hyper Voice|p2a: Regigigas\n|-activate|p2a: Regigigas|move: Protect\n|\n|-heal|p2a: Regigigas|19\/100|[from] item: Leftovers\n|-end|p2a: Regigigas|Slow Start\n|upkeep\n|turn|25\n|\n|t:|1699648298\n|move|p1a: Sharp David|Hyper Voice|p2a: Regigigas\n|-damage|p2a: Regigigas|0 fnt\n|faint|p2a: Regigigas\n|-end|p2a: Regigigas|Slow Start|[silent]\n|\n|win|ReptileMedias\n|raw|ReptileMedias's rating: 1182 &rarr; <strong>1199<\/strong><br \/>(+17 for winning)\n|raw|TeamLeafter's rating: 1059 &rarr; <strong>1047<\/strong><br \/>(-12 for losing)\n|c|\u2606TeamLeafter|gg\n|c|\u2606ReptileMedias|gg\n|c|\u2606TeamLeafter|lmao\n|l|\u2606TeamLeafter\n|c|\u2606ReptileMedias|I still respect the hell out of the team\n","uploadtime":1699648314,"views":16,"p1id":"reptilemedias","p2id":"teamleafter","formatid":"gen9nationaldex","rating":1047,"private":0,"password":""}