{"id":"gen9nationaldex-1995575871","p1":"TheMuj","p2":"piloy","format":"[Gen 9] National Dex","log":"|html|<div class=\"broadcast-blue\"><strong>[Gen 9] National Dex is currently suspecting Sneasler! For information on how to participate check out the <a href=\"https:\/\/www.smogon.com\/forums\/threads\/sv-national-dex-suspect-8-just-dance.3731534\/\">suspect thread<\/a>.<\/strong><\/div>\n|j|\u2606TheMuj\n|j|\u2606piloy\n|t:|1700584279\n|gametype|singles\n|player|p1|TheMuj|ghetsis|1101\n|player|p2|piloy|1|1000\n|teamsize|p1|6\n|teamsize|p2|6\n|gen|9\n|tier|[Gen 9] National Dex\n|rated|\n|rule|HP Percentage Mod: HP is shown in percentages\n|rule|Endless Battle Clause: Forcing endless battles is banned\n|rule|OHKO Clause: OHKO moves are banned\n|rule|Evasion Clause: Evasion abilities, items, and moves are banned\n|rule|Evasion Abilities Clause: Evasion abilities are banned\n|rule|Evasion Items Clause: Evasion items are banned\n|rule|Evasion Moves Clause: Evasion moves are banned\n|rule|Species Clause: Limit one of each Pok\u00e9mon\n|rule|Sleep Clause Mod: Limit one foe put to sleep\n|clearpoke\n|poke|p1|Beedrill, M|\n|poke|p1|Pikachu, F|\n|poke|p1|Iron Moth|\n|poke|p1|Zapdos-Galar|\n|poke|p1|Centiskorch, M|\n|poke|p1|Grimmsnarl, M|\n|poke|p2|Tropius, M|\n|poke|p2|Flygon, M|\n|poke|p2|Aggron, M|\n|poke|p2|Milotic, F|\n|poke|p2|Salamence, M|\n|poke|p2|Altaria, F|\n|teampreview\n|inactive|Battle timer is ON: inactive players will automatically lose when time's up. (requested by TheMuj)\n|\n|t:|1700584287\n|start\n|switch|p1a: Grimmsnarl|Grimmsnarl, M|100\/100\n|switch|p2a: Tropius|Tropius, M|100\/100\n|turn|1\n|\n|t:|1700584296\n|move|p1a: Grimmsnarl|Light Screen|p1a: Grimmsnarl\n|-sidestart|p1: TheMuj|move: Light Screen\n|move|p2a: Tropius|Toxic|p1a: Grimmsnarl\n|-status|p1a: Grimmsnarl|tox\n|\n|-damage|p1a: Grimmsnarl|94\/100 tox|[from] psn\n|upkeep\n|turn|2\n|\n|t:|1700584304\n|move|p1a: Grimmsnarl|Taunt|p2a: Tropius\n|-start|p2a: Tropius|move: Taunt\n|cant|p2a: Tropius|move: Taunt|Leech Seed\n|\n|-damage|p1a: Grimmsnarl|82\/100 tox|[from] psn\n|upkeep\n|turn|3\n|\n|t:|1700584311\n|move|p1a: Grimmsnarl|Reflect|p1a: Grimmsnarl\n|-sidestart|p1: TheMuj|Reflect\n|move|p2a: Tropius|Air Slash|p1a: Grimmsnarl\n|-damage|p1a: Grimmsnarl|75\/100 tox\n|\n|-damage|p1a: Grimmsnarl|56\/100 tox|[from] psn\n|upkeep\n|turn|4\n|\n|t:|1700584322\n|switch|p1a: Pikachu|Pikachu, F|100\/100\n|move|p2a: Tropius|Air Slash|p1a: Pikachu\n|-resisted|p1a: Pikachu\n|-damage|p1a: Pikachu|86\/100\n|\n|-end|p2a: Tropius|move: Taunt\n|upkeep\n|turn|5\n|\n|t:|1700584331\n|-terastallize|p1a: Pikachu|Normal\n|move|p1a: Pikachu|Fake Out|p2a: Tropius\n|-damage|p2a: Tropius|78\/100\n|cant|p2a: Tropius|flinch\n|\n|upkeep\n|turn|6\n|\n|t:|1700584340\n|move|p1a: Pikachu|Volt Tackle|p2a: Tropius\n|-damage|p2a: Tropius|9\/100\n|-enditem|p2a: Tropius|Sitrus Berry|[eat]\n|-heal|p2a: Tropius|34\/100|[from] item: Sitrus Berry\n|-damage|p1a: Pikachu|50\/100|[from] Recoil\n|move|p2a: Tropius|Toxic|p1a: Pikachu\n|-status|p1a: Pikachu|tox\n|\n|-damage|p1a: Pikachu|43\/100 tox|[from] psn\n|-item|p2a: Tropius|Sitrus Berry|[from] ability: Harvest\n|upkeep\n|-enditem|p2a: Tropius|Sitrus Berry|[eat]\n|-heal|p2a: Tropius|59\/100|[from] item: Sitrus Berry\n|turn|7\n|\n|t:|1700584355\n|switch|p2a: Flygon|Flygon, M|100\/100\n|move|p1a: Pikachu|Volt Tackle|p2a: Flygon\n|-immune|p2a: Flygon\n|\n|-damage|p1a: Pikachu|31\/100 tox|[from] psn\n|upkeep\n|turn|8\n|\n|t:|1700584363\n|move|p2a: Flygon|Dragon Dance|p2a: Flygon\n|-boost|p2a: Flygon|atk|1\n|-boost|p2a: Flygon|spe|1\n|move|p1a: Pikachu|Knock Off|p2a: Flygon\n|-damage|p2a: Flygon|43\/100\n|-enditem|p2a: Flygon|Sitrus Berry|[from] move: Knock Off|[of] p1a: Pikachu\n|\n|-damage|p1a: Pikachu|13\/100 tox|[from] psn\n|-sideend|p1: TheMuj|move: Light Screen\n|upkeep\n|turn|9\n|\n|t:|1700584376\n|move|p1a: Pikachu|Extreme Speed|p2a: Flygon\n|-damage|p2a: Flygon|0 fnt\n|faint|p2a: Flygon\n|\n|-damage|p1a: Pikachu|0 fnt|[from] psn\n|faint|p1a: Pikachu\n|upkeep\n|\n|t:|1700584385\n|switch|p2a: Milotic|Milotic, F|100\/100\n|switch|p1a: Grimmsnarl|Grimmsnarl, M|56\/100 tox\n|turn|10\n|\n|t:|1700584393\n|move|p1a: Grimmsnarl|Light Screen|p1a: Grimmsnarl\n|-sidestart|p1: TheMuj|move: Light Screen\n|move|p2a: Milotic|Skitter Smack|p1a: Grimmsnarl\n|-damage|p1a: Grimmsnarl|50\/100 tox\n|-unboost|p1a: Grimmsnarl|spa|1\n|\n|-damage|p1a: Grimmsnarl|44\/100 tox|[from] psn\n|-sideend|p1: TheMuj|Reflect\n|upkeep\n|turn|11\n|\n|t:|1700584401\n|move|p1a: Grimmsnarl|Reflect|p1a: Grimmsnarl\n|-sidestart|p1: TheMuj|Reflect\n|move|p2a: Milotic|Chilling Water|p1a: Grimmsnarl\n|-damage|p1a: Grimmsnarl|38\/100 tox\n|-unboost|p1a: Grimmsnarl|atk|1\n|\n|-damage|p1a: Grimmsnarl|26\/100 tox|[from] psn\n|upkeep\n|turn|12\n|\n|t:|1700584409\n|move|p2a: Milotic|Chilling Water|p1a: Grimmsnarl\n|-damage|p1a: Grimmsnarl|20\/100 tox\n|-unboost|p1a: Grimmsnarl|atk|1\n|move|p1a: Grimmsnarl|Spirit Break|p2a: Milotic\n|-damage|p2a: Milotic|89\/100\n|-unboost|p2a: Milotic|spa|1\n|\n|-damage|p1a: Grimmsnarl|1\/100 tox|[from] psn\n|upkeep\n|turn|13\n|\n|t:|1700584420\n|move|p1a: Grimmsnarl|Taunt|p2a: Milotic\n|-start|p2a: Milotic|move: Taunt\n|move|p2a: Milotic|Chilling Water|p1a: Grimmsnarl\n|-damage|p1a: Grimmsnarl|0 fnt\n|faint|p1a: Grimmsnarl\n|\n|upkeep\n|\n|t:|1700584432\n|switch|p1a: Zapdos|Zapdos-Galar|100\/100\n|turn|14\n|\n|t:|1700584435\n|move|p1a: Zapdos|Thunderous Kick|p2a: Milotic\n|-damage|p2a: Milotic|54\/100\n|-unboost|p2a: Milotic|def|1\n|move|p2a: Milotic|Chilling Water|p1a: Zapdos\n|-damage|p1a: Zapdos|94\/100\n|-unboost|p1a: Zapdos|atk|1\n|-ability|p1a: Zapdos|Defiant|boost\n|-boost|p1a: Zapdos|atk|2\n|\n|-heal|p1a: Zapdos|99\/100|[from] item: Leftovers\n|upkeep\n|turn|15\n|c|\u2606TheMuj|niceeeeeeee\n|-message|piloy forfeited.\n|\n|win|TheMuj\n|raw|TheMuj's rating: 1101 &rarr; <strong>1119<\/strong><br \/>(+18 for winning)\n|raw|piloy's rating: 1000 &rarr; <strong>1000<\/strong><br \/>(+0 for losing)\n|l|\u2606piloy\n","uploadtime":1700584455,"views":1,"p1id":"themuj","p2id":"piloy","formatid":"gen9nationaldex","rating":1000,"private":0,"password":""}