{"id":"gen9nationaldex-1996014127","p1":"hzlzz","p2":"wyydg","format":"[Gen 9] National Dex","log":"|html|<div class=\"broadcast-blue\"><strong>[Gen 9] National Dex is currently suspecting Sneasler! For information on how to participate check out the <a href=\"https:\/\/www.smogon.com\/forums\/threads\/sv-national-dex-suspect-8-just-dance.3731534\/\">suspect thread<\/a>.<\/strong><\/div>\n|j|\u2606hzlzz\n|j|\u2606wyydg\n|t:|1700629486\n|gametype|singles\n|player|p1|hzlzz|fisherman-gen4|1351\n|player|p2|wyydg|hilbert|1499\n|teamsize|p1|6\n|teamsize|p2|6\n|gen|9\n|tier|[Gen 9] National Dex\n|rated|\n|rule|HP Percentage Mod: HP is shown in percentages\n|rule|Endless Battle Clause: Forcing endless battles is banned\n|rule|OHKO Clause: OHKO moves are banned\n|rule|Evasion Clause: Evasion abilities, items, and moves are banned\n|rule|Evasion Abilities Clause: Evasion abilities are banned\n|rule|Evasion Items Clause: Evasion items are banned\n|rule|Evasion Moves Clause: Evasion moves are banned\n|rule|Species Clause: Limit one of each Pok\u00e9mon\n|rule|Sleep Clause Mod: Limit one foe put to sleep\n|clearpoke\n|poke|p1|Gyarados, M|\n|poke|p1|Corviknight, F|\n|poke|p1|Great Tusk|\n|poke|p1|Greninja-*, M|\n|poke|p1|Sawk, M|\n|poke|p1|Braviary, M|\n|poke|p2|Landorus-Therian, M|\n|poke|p2|Sinistcha|\n|poke|p2|Clefable, F|\n|poke|p2|Poliwrath, F|\n|poke|p2|Hatterene, F|\n|poke|p2|Kartana|\n|teampreview\n|\n|t:|1700629495\n|start\n|switch|p1a: Sawk|Sawk, M|100\/100\n|switch|p2a: Hatterene|Hatterene, F|100\/100\n|turn|1\n|\n|t:|1700629505\n|move|p1a: Sawk|Knock Off|p2a: Hatterene\n|-damage|p2a: Hatterene|61\/100\n|-enditem|p2a: Hatterene|Light Clay|[from] move: Knock Off|[of] p1a: Sawk\n|move|p2a: Hatterene|Reflect|p2a: Hatterene\n|-sidestart|p2: wyydg|Reflect\n|\n|upkeep\n|turn|2\n|\n|t:|1700629517\n|switch|p1a: Gyarados|Gyarados, M|100\/100\n|-ability|p1a: Gyarados|Intimidate|boost\n|-unboost|p2a: Hatterene|atk|1\n|move|p2a: Hatterene|Future Sight|p1a: Gyarados\n|-start|p2a: Hatterene|move: Future Sight\n|\n|upkeep\n|turn|3\n|\n|t:|1700629521\n|detailschange|p1a: Gyarados|Gyarados-Mega, M\n|-mega|p1a: Gyarados|Gyarados|Gyaradosite\n|-ability|p1a: Gyarados|Mold Breaker\n|move|p1a: Gyarados|Dragon Dance|p1a: Gyarados\n|-boost|p1a: Gyarados|atk|1\n|-boost|p1a: Gyarados|spe|1\n|move|p2a: Hatterene|Nuzzle|p1a: Gyarados\n|-supereffective|p1a: Gyarados\n|-damage|p1a: Gyarados|94\/100\n|-status|p1a: Gyarados|par\n|\n|upkeep\n|turn|4\n|\n|t:|1700629533\n|cant|p1a: Gyarados|par\n|move|p2a: Hatterene|Light Screen|p2a: Hatterene\n|-sidestart|p2: wyydg|move: Light Screen\n|\n|-end|p1a: Gyarados|move: Future Sight\n|-immune|p1a: Gyarados\n|upkeep\n|turn|5\n|inactive|Battle timer is ON: inactive players will automatically lose when time's up. (requested by hzlzz)\n|\n|t:|1700629540\n|cant|p1a: Gyarados|par\n|move|p2a: Hatterene|Nuzzle|p1a: Gyarados\n|-supereffective|p1a: Gyarados\n|-damage|p1a: Gyarados|88\/100 par\n|\n|-sideend|p2: wyydg|Reflect\n|upkeep\n|turn|6\n|\n|t:|1700629553\n|move|p1a: Gyarados|Dragon Dance|p1a: Gyarados\n|-boost|p1a: Gyarados|atk|1\n|-boost|p1a: Gyarados|spe|1\n|move|p2a: Hatterene|Nuzzle|p1a: Gyarados\n|-supereffective|p1a: Gyarados\n|-damage|p1a: Gyarados|82\/100 par\n|\n|upkeep\n|turn|7\n|\n|t:|1700629560\n|switch|p2a: Landorus|Landorus-Therian, M|100\/100\n|-ability|p2a: Landorus|Intimidate|boost\n|-unboost|p1a: Gyarados|atk|1\n|move|p1a: Gyarados|Crunch|p2a: Landorus\n|-damage|p2a: Landorus|10\/100\n|\n|upkeep\n|turn|8\n|\n|t:|1700629567\n|move|p2a: Landorus|Earthquake|p1a: Gyarados\n|-damage|p1a: Gyarados|19\/100 par\n|move|p1a: Gyarados|Crunch|p2a: Landorus\n|-damage|p2a: Landorus|0 fnt\n|faint|p2a: Landorus\n|\n|-sideend|p2: wyydg|move: Light Screen\n|upkeep\n|\n|t:|1700629571\n|switch|p2a: Kartana|Kartana|100\/100\n|turn|9\n|\n|t:|1700629587\n|switch|p1a: Sawk|Sawk, M|100\/100\n|move|p2a: Kartana|Leaf Blade|p1a: Sawk\n|-damage|p1a: Sawk|16\/100\n|-enditem|p1a: Sawk|Salac Berry|[eat]\n|-boost|p1a: Sawk|spe|1|[from] item: Salac Berry\n|\n|upkeep\n|turn|10\n|\n|t:|1700629597\n|move|p1a: Sawk|Toxic|p2a: Kartana\n|-immune|p2a: Kartana\n|move|p2a: Kartana|Leaf Blade|p1a: Sawk\n|-damage|p1a: Sawk|0 fnt\n|faint|p1a: Sawk\n|-ability|p2a: Kartana|Beast Boost|boost\n|-boost|p2a: Kartana|atk|1\n|\n|upkeep\n|\n|t:|1700629603\n|switch|p1a: Greninja|Greninja, M|100\/100\n|turn|11\n|\n|t:|1700629620\n|switch|p2a: Hatterene|Hatterene, F|61\/100\n|move|p1a: Greninja|Dark Pulse|p2a: Hatterene\n|-damage|p2a: Hatterene|40\/100\n|\n|upkeep\n|turn|12\n|\n|t:|1700629632\n|switch|p1a: Braviary|Braviary, M|100\/100\n|move|p2a: Hatterene|Nuzzle|p1a: Braviary\n|-supereffective|p1a: Braviary\n|-damage|p1a: Braviary|90\/100\n|-status|p1a: Braviary|par\n|\n|upkeep\n|turn|13\n|\n|t:|1700629640\n|cant|p1a: Braviary|par\n|move|p2a: Hatterene|Reflect|p2a: Hatterene\n|-sidestart|p2: wyydg|Reflect\n|\n|upkeep\n|turn|14\n|\n|t:|1700629644\n|move|p1a: Braviary|Body Slam|p2a: Hatterene\n|-damage|p2a: Hatterene|0 fnt\n|faint|p2a: Hatterene\n|\n|upkeep\n|\n|t:|1700629657\n|switch|p2a: Kartana|Kartana|100\/100\n|turn|15\n|\n|t:|1700629664\n|move|p2a: Kartana|Knock Off|p1a: Braviary\n|-damage|p1a: Braviary|39\/100 par\n|-enditem|p1a: Braviary|Life Orb|[from] move: Knock Off|[of] p2a: Kartana\n|move|p1a: Braviary|Heat Wave|p2a: Kartana\n|-supereffective|p2a: Kartana\n|-damage|p2a: Kartana|0 fnt\n|faint|p2a: Kartana\n|\n|upkeep\n|\n|t:|1700629671\n|switch|p2a: Poliwrath|Poliwrath, F|100\/100\n|turn|16\n|\n|t:|1700629676\n|move|p2a: Poliwrath|Hypnosis||[still]\n|-fail|p2a: Poliwrath\n|move|p1a: Braviary|Brave Bird|p2a: Poliwrath\n|-supereffective|p2a: Poliwrath\n|-damage|p2a: Poliwrath|29\/100\n|-damage|p1a: Braviary|16\/100 par|[from] Recoil\n|\n|upkeep\n|turn|17\n|\n|t:|1700629682\n|move|p2a: Poliwrath|Drain Punch|p1a: Braviary\n|-damage|p1a: Braviary|0 fnt\n|-heal|p2a: Poliwrath|38\/100|[from] drain|[of] p1a: Braviary\n|faint|p1a: Braviary\n|\n|-sideend|p2: wyydg|Reflect\n|upkeep\n|\n|t:|1700629695\n|switch|p1a: Greninja|Greninja, M|100\/100\n|turn|18\n|\n|t:|1700629707\n|move|p1a: Greninja|Gunk Shot|p2a: Poliwrath|[miss]\n|-miss|p1a: Greninja|p2a: Poliwrath\n|move|p2a: Poliwrath|Hypnosis|p1a: Greninja\n|-status|p1a: Greninja|slp|[from] move: Hypnosis\n|\n|upkeep\n|turn|19\n|\n|t:|1700629711\n|cant|p1a: Greninja|slp\n|move|p2a: Poliwrath|Drain Punch|p1a: Greninja\n|-supereffective|p1a: Greninja\n|-damage|p1a: Greninja|22\/100 slp\n|-heal|p2a: Poliwrath|72\/100|[from] drain|[of] p1a: Greninja\n|\n|upkeep\n|turn|20\n|\n|t:|1700629719\n|cant|p1a: Greninja|slp\n|move|p2a: Poliwrath|Drain Punch|p1a: Greninja\n|-supereffective|p1a: Greninja\n|-damage|p1a: Greninja|0 fnt\n|-heal|p2a: Poliwrath|82\/100|[from] drain|[of] p1a: Greninja\n|faint|p1a: Greninja\n|\n|upkeep\n|\n|t:|1700629729\n|switch|p1a: Corviknight|Corviknight, F, shiny|100\/100\n|turn|21\n|\n|t:|1700629736\n|move|p2a: Poliwrath|Hypnosis|p1a: Corviknight\n|-status|p1a: Corviknight|slp|[from] move: Hypnosis\n|cant|p1a: Corviknight|slp\n|\n|upkeep\n|turn|22\n|\n|t:|1700629739\n|move|p2a: Poliwrath|Belly Drum|p2a: Poliwrath\n|-damage|p2a: Poliwrath|32\/100\n|-setboost|p2a: Poliwrath|atk|6|[from] move: Belly Drum\n|cant|p1a: Corviknight|slp\n|\n|upkeep\n|turn|23\n|\n|t:|1700629748\n|move|p2a: Poliwrath|Drain Punch|p1a: Corviknight\n|-damage|p1a: Corviknight|0 fnt\n|-heal|p2a: Poliwrath|85\/100|[from] drain|[of] p1a: Corviknight\n|faint|p1a: Corviknight\n|\n|upkeep\n|\n|t:|1700629751\n|switch|p1a: Great Tusk|Great Tusk|100\/100\n|turn|24\n|\n|t:|1700629758\n|move|p1a: Great Tusk|Close Combat|p2a: Poliwrath\n|-damage|p2a: Poliwrath|5\/100\n|-unboost|p1a: Great Tusk|def|1\n|-unboost|p1a: Great Tusk|spd|1\n|move|p2a: Poliwrath|Drain Punch|p1a: Great Tusk\n|-damage|p1a: Great Tusk|0 fnt\n|-heal|p2a: Poliwrath|63\/100|[from] drain|[of] p1a: Great Tusk\n|faint|p1a: Great Tusk\n|-end|p1a: Great Tusk|Protosynthesis|[silent]\n|\n|upkeep\n|-message|hzlzz forfeited.\n|\n|win|wyydg\n|raw|hzlzz's rating: 1351 &rarr; <strong>1339<\/strong><br \/>(-12 for losing)\n|raw|wyydg's rating: 1499 &rarr; <strong>1511<\/strong><br \/>(+12 for winning)\n|l|\u2606hzlzz\n","uploadtime":1700629767,"views":2,"p1id":"hzlzz","p2id":"wyydg","formatid":"gen9nationaldex","rating":1339,"private":0,"password":""}