{"id":"gen9nationaldex-1993972703","p1":"114514aa","p2":"lightdarks","format":"[Gen 9] National Dex","log":"|j|\u2606114514aa\n|j|\u2606lightdarks\n|t:|1700385879\n|gametype|singles\n|player|p1|114514aa|caitlin|1582\n|player|p2|lightdarks|marnie-masters3|1521\n|teamsize|p1|6\n|teamsize|p2|6\n|gen|9\n|tier|[Gen 9] National Dex\n|rated|\n|rule|HP Percentage Mod: HP is shown in percentages\n|rule|Endless Battle Clause: Forcing endless battles is banned\n|rule|OHKO Clause: OHKO moves are banned\n|rule|Evasion Clause: Evasion abilities, items, and moves are banned\n|rule|Evasion Abilities Clause: Evasion abilities are banned\n|rule|Evasion Items Clause: Evasion items are banned\n|rule|Evasion Moves Clause: Evasion moves are banned\n|rule|Species Clause: Limit one of each Pok\u00e9mon\n|rule|Sleep Clause Mod: Limit one foe put to sleep\n|clearpoke\n|poke|p1|Dragonite, F|\n|poke|p1|Ninetales-Alola, F|\n|poke|p1|Charizard, F|\n|poke|p1|Iron Treads|\n|poke|p1|Ogerpon-Wellspring, F|\n|poke|p1|Zamazenta-*|\n|poke|p2|Tapu Lele|\n|poke|p2|Sneasler, F|\n|poke|p2|Diancie|\n|poke|p2|Urshifu-*, M|\n|poke|p2|Alomomola, F|\n|poke|p2|Serperior, M|\n|teampreview\n|inactive|Battle timer is ON: inactive players will automatically lose when time's up. (requested by lightdarks)\n|\n|t:|1700385897\n|start\n|switch|p1a: Zamazenta|Zamazenta|100\/100\n|switch|p2a: Diancie|Diancie|100\/100\n|-ability|p1a: Zamazenta|Dauntless Shield|boost\n|-boost|p1a: Zamazenta|def|1\n|turn|1\n|\n|t:|1700385905\n|detailschange|p2a: Diancie|Diancie-Mega\n|-mega|p2a: Diancie|Diancie|Diancite\n|move|p1a: Zamazenta|Heavy Slam|p2a: Diancie\n|-supereffective|p2a: Diancie\n|-damage|p2a: Diancie|0 fnt\n|faint|p2a: Diancie\n|\n|upkeep\n|\n|t:|1700385913\n|switch|p2a: Alomomola|Alomomola, F|100\/100\n|turn|2\n|\n|t:|1700385919\n|switch|p1a: Iron Treads|Iron Treads|100\/100\n|move|p2a: Alomomola|Toxic|p1a: Iron Treads\n|-immune|p1a: Iron Treads\n|\n|upkeep\n|turn|3\n|\n|t:|1700385923\n|move|p1a: Iron Treads|Stealth Rock|p2a: Alomomola\n|-sidestart|p2: lightdarks|move: Stealth Rock\n|move|p2a: Alomomola|Flip Turn|p1a: Iron Treads\n|-supereffective|p1a: Iron Treads\n|-damage|p1a: Iron Treads|75\/100\n|\n|t:|1700385928\n|switch|p2a: Urshifu|Urshifu-Rapid-Strike, M|100\/100|[from] Flip Turn\n|-damage|p2a: Urshifu|94\/100|[from] Stealth Rock\n|\n|-heal|p1a: Iron Treads|81\/100|[from] item: Leftovers\n|upkeep\n|turn|4\n|\n|t:|1700385945\n|-end|p1a: Iron Treads|Quark Drive|[silent]\n|switch|p1a: Ogerpon|Ogerpon-Wellspring, F|100\/100\n|move|p2a: Urshifu|U-turn|p1a: Ogerpon\n|-supereffective|p1a: Ogerpon\n|-damage|p1a: Ogerpon|37\/100\n|\n|t:|1700385951\n|switch|p2a: Alomomola|Alomomola, F|100\/100|[from] U-turn\n|-damage|p2a: Alomomola|88\/100|[from] Stealth Rock\n|\n|upkeep\n|turn|5\n|\n|t:|1700385967\n|switch|p2a: Serperior|Serperior, M|100\/100\n|-damage|p2a: Serperior|88\/100|[from] Stealth Rock\n|move|p1a: Ogerpon|Taunt|p2a: Serperior\n|-start|p2a: Serperior|move: Taunt\n|\n|-heal|p2a: Serperior|94\/100|[from] item: Leftovers\n|upkeep\n|turn|6\n|inactive|114514aa has 120 seconds left.\n|\n|t:|1700385999\n|switch|p1a: Charizard|Charizard, F, shiny|100\/100\n|move|p2a: Serperior|Leaf Storm|p1a: Charizard\n|-resisted|p1a: Charizard\n|-damage|p1a: Charizard|86\/100\n|-boost|p2a: Serperior|spa|2\n|\n|-heal|p2a: Serperior|100\/100|[from] item: Leftovers\n|upkeep\n|turn|7\n|\n|t:|1700386014\n|switch|p2a: Alomomola|Alomomola, F|100\/100\n|-damage|p2a: Alomomola|88\/100|[from] Stealth Rock\n|detailschange|p1a: Charizard|Charizard-Mega-Y, F, shiny\n|-mega|p1a: Charizard|Charizard|Charizardite Y\n|-weather|SunnyDay|[from] ability: Drought|[of] p1a: Charizard\n|move|p1a: Charizard|Weather Ball|p2a: Alomomola\n|-resisted|p2a: Alomomola\n|-damage|p2a: Alomomola|52\/100\n|\n|-weather|SunnyDay|[upkeep]\n|upkeep\n|turn|8\n|\n|t:|1700386026\n|switch|p1a: Iron Treads|Iron Treads|81\/100\n|-terastallize|p2a: Alomomola|Dragon\n|move|p2a: Alomomola|Flip Turn|p1a: Iron Treads\n|-supereffective|p1a: Iron Treads\n|-damage|p1a: Iron Treads|68\/100\n|\n|t:|1700386030\n|switch|p2a: Urshifu|Urshifu-Rapid-Strike, M|94\/100|[from] Flip Turn\n|-damage|p2a: Urshifu|88\/100|[from] Stealth Rock\n|\n|-weather|SunnyDay|[upkeep]\n|-heal|p1a: Iron Treads|74\/100|[from] item: Leftovers\n|upkeep\n|turn|9\n|\n|t:|1700386040\n|move|p2a: Urshifu|U-turn|p1a: Iron Treads\n|-resisted|p1a: Iron Treads\n|-damage|p1a: Iron Treads|66\/100\n|\n|t:|1700386045\n|switch|p2a: Alomomola|Alomomola, F, tera:Dragon|85\/100|[from] U-turn\n|-damage|p2a: Alomomola|73\/100|[from] Stealth Rock\n|move|p1a: Iron Treads|Knock Off|p2a: Alomomola\n|-damage|p2a: Alomomola|56\/100\n|-damage|p1a: Iron Treads|49\/100|[from] item: Rocky Helmet|[of] p2a: Alomomola\n|-enditem|p2a: Alomomola|Rocky Helmet|[from] move: Knock Off|[of] p1a: Iron Treads\n|\n|-weather|SunnyDay|[upkeep]\n|-heal|p1a: Iron Treads|55\/100|[from] item: Leftovers\n|upkeep\n|turn|10\n|\n|t:|1700386057\n|move|p1a: Iron Treads|Earthquake|p2a: Alomomola\n|-damage|p2a: Alomomola|30\/100\n|move|p2a: Alomomola|Wish|p2a: Alomomola\n|\n|-weather|SunnyDay|[upkeep]\n|-heal|p1a: Iron Treads|61\/100|[from] item: Leftovers\n|upkeep\n|turn|11\n|inactive|lightdarks has 120 seconds left.\n|\n|t:|1700386099\n|-end|p1a: Iron Treads|Quark Drive|[silent]\n|switch|p1a: Ninetales|Ninetales-Alola, F, shiny|100\/100\n|-weather|Snow|[from] ability: Snow Warning|[of] p1a: Ninetales\n|move|p2a: Alomomola|Protect||[still]\n|-fail|p2a: Alomomola\n|\n|-weather|Snow|[upkeep]\n|-heal|p2a: Alomomola|80\/100|[from] move: Wish|[wisher] Alomomola\n|upkeep\n|turn|12\n|\n|t:|1700386123\n|move|p1a: Ninetales|Aurora Veil|p1a: Ninetales\n|-sidestart|p1: 114514aa|move: Aurora Veil\n|move|p2a: Alomomola|Toxic|p1a: Ninetales\n|-status|p1a: Ninetales|tox\n|\n|-weather|Snow|[upkeep]\n|-damage|p1a: Ninetales|94\/100 tox|[from] psn\n|upkeep\n|turn|13\n|\n|t:|1700386131\n|switch|p2a: Tapu Lele|Tapu Lele|100\/100\n|-damage|p2a: Tapu Lele|88\/100|[from] Stealth Rock\n|-fieldstart|move: Psychic Terrain|[from] ability: Psychic Surge|[of] p2a: Tapu Lele\n|move|p1a: Ninetales|Blizzard|p2a: Tapu Lele\n|-damage|p2a: Tapu Lele|49\/100\n|\n|-weather|Snow|[upkeep]\n|-damage|p1a: Ninetales|82\/100 tox|[from] psn\n|upkeep\n|turn|14\n|\n|t:|1700386144\n|switch|p1a: Iron Treads|Iron Treads|61\/100\n|switch|p2a: Urshifu|Urshifu-Rapid-Strike, M|88\/100\n|-damage|p2a: Urshifu|82\/100|[from] Stealth Rock\n|\n|-weather|Snow|[upkeep]\n|-heal|p1a: Iron Treads|67\/100|[from] item: Leftovers\n|upkeep\n|turn|15\n|j| Ghha\n|l| Ghha\n|\n|t:|1700386154\n|move|p2a: Urshifu|U-turn|p1a: Iron Treads\n|-resisted|p1a: Iron Treads\n|-crit|p1a: Iron Treads\n|-damage|p1a: Iron Treads|54\/100\n|\n|t:|1700386157\n|switch|p2a: Alomomola|Alomomola, F, tera:Dragon|100\/100|[from] U-turn\n|-damage|p2a: Alomomola|88\/100|[from] Stealth Rock\n|move|p1a: Iron Treads|Knock Off|p2a: Alomomola\n|-damage|p2a: Alomomola|77\/100\n|\n|-weather|none\n|-heal|p1a: Iron Treads|60\/100|[from] item: Leftovers\n|upkeep\n|turn|16\n|\n|t:|1700386169\n|-end|p1a: Iron Treads|Quark Drive|[silent]\n|switch|p1a: Ninetales|Ninetales-Alola, F, shiny|82\/100 tox\n|-weather|Snow|[from] ability: Snow Warning|[of] p1a: Ninetales\n|move|p2a: Alomomola|Wish|p2a: Alomomola\n|\n|-weather|Snow|[upkeep]\n|-damage|p1a: Ninetales|76\/100 tox|[from] psn\n|upkeep\n|turn|17\n|\n|t:|1700386177\n|switch|p1a: Dragonite|Dragonite, F, shiny|100\/100\n|move|p2a: Alomomola|Protect||[still]\n|-fail|p2a: Alomomola\n|\n|-weather|Snow|[upkeep]\n|-heal|p2a: Alomomola|100\/100|[from] move: Wish|[wisher] Alomomola\n|-fieldend|move: Psychic Terrain\n|upkeep\n|turn|18\n|\n|t:|1700386184\n|move|p1a: Dragonite|Dragon Dance|p1a: Dragonite\n|-boost|p1a: Dragonite|atk|1\n|-boost|p1a: Dragonite|spe|1\n|move|p2a: Alomomola|Toxic|p1a: Dragonite\n|-status|p1a: Dragonite|tox\n|\n|-weather|Snow|[upkeep]\n|-damage|p1a: Dragonite|94\/100 tox|[from] psn\n|upkeep\n|turn|19\n|\n|t:|1700386192\n|move|p1a: Dragonite|Earthquake|p2a: Alomomola\n|-damage|p2a: Alomomola|64\/100\n|move|p2a: Alomomola|Wish|p2a: Alomomola\n|\n|-weather|Snow|[upkeep]\n|-damage|p1a: Dragonite|82\/100 tox|[from] psn\n|-sideend|p1: 114514aa|move: Aurora Veil\n|upkeep\n|turn|20\n|\n|t:|1700386199\n|move|p2a: Alomomola|Protect|p2a: Alomomola\n|-singleturn|p2a: Alomomola|Protect\n|move|p1a: Dragonite|Outrage|p2a: Alomomola\n|-activate|p2a: Alomomola|move: Protect\n|\n|-weather|none\n|-heal|p2a: Alomomola|100\/100|[from] move: Wish|[wisher] Alomomola\n|-damage|p1a: Dragonite|63\/100 tox|[from] psn\n|upkeep\n|turn|21\n|\n|t:|1700386224\n|move|p1a: Dragonite|Earthquake|p2a: Alomomola\n|-damage|p2a: Alomomola|62\/100\n|move|p2a: Alomomola|Wish|p2a: Alomomola\n|\n|-damage|p1a: Dragonite|39\/100 tox|[from] psn\n|upkeep\n|turn|22\n|\n|t:|1700386229\n|move|p2a: Alomomola|Protect|p2a: Alomomola\n|-singleturn|p2a: Alomomola|Protect\n|move|p1a: Dragonite|Dragon Dance|p1a: Dragonite\n|-boost|p1a: Dragonite|atk|1\n|-boost|p1a: Dragonite|spe|1\n|\n|-heal|p2a: Alomomola|100\/100|[from] move: Wish|[wisher] Alomomola\n|-damage|p1a: Dragonite|8\/100 tox|[from] psn\n|upkeep\n|turn|23\n|\n|t:|1700386236\n|switch|p2a: Tapu Lele|Tapu Lele|49\/100\n|-damage|p2a: Tapu Lele|37\/100|[from] Stealth Rock\n|-fieldstart|move: Psychic Terrain|[from] ability: Psychic Surge|[of] p2a: Tapu Lele\n|move|p1a: Dragonite|Outrage|p2a: Tapu Lele\n|-immune|p2a: Tapu Lele\n|\n|-damage|p1a: Dragonite|0 fnt|[from] psn\n|faint|p1a: Dragonite\n|upkeep\n|\n|t:|1700386242\n|switch|p1a: Ninetales|Ninetales-Alola, F, shiny|76\/100 tox\n|-weather|Snow|[from] ability: Snow Warning|[of] p1a: Ninetales\n|turn|24\n|\n|t:|1700386257\n|move|p1a: Ninetales|Aurora Veil|p1a: Ninetales\n|-sidestart|p1: 114514aa|move: Aurora Veil\n|-zpower|p2a: Tapu Lele\n|move|p2a: Tapu Lele|Shattered Psyche|p1a: Ninetales|[zeffect]\n|-damage|p1a: Ninetales|9\/100 tox\n|\n|-weather|Snow|[upkeep]\n|-damage|p1a: Ninetales|3\/100 tox|[from] psn\n|upkeep\n|turn|25\n|\n|t:|1700386267\n|switch|p2a: Urshifu|Urshifu-Rapid-Strike, M|82\/100\n|-damage|p2a: Urshifu|76\/100|[from] Stealth Rock\n|move|p1a: Ninetales|Blizzard|p2a: Urshifu\n|-resisted|p2a: Urshifu\n|-damage|p2a: Urshifu|49\/100\n|\n|-weather|Snow|[upkeep]\n|-damage|p1a: Ninetales|0 fnt|[from] psn\n|faint|p1a: Ninetales\n|upkeep\n|\n|t:|1700386274\n|switch|p1a: Zamazenta|Zamazenta|100\/100\n|turn|26\n|\n|t:|1700386284\n|switch|p2a: Alomomola|Alomomola, F, tera:Dragon|100\/100\n|-damage|p2a: Alomomola|88\/100|[from] Stealth Rock\n|move|p1a: Zamazenta|Psychic Fangs|p2a: Alomomola\n|-damage|p2a: Alomomola|64\/100\n|\n|-weather|Snow|[upkeep]\n|upkeep\n|turn|27\n|\n|t:|1700386288\n|switch|p1a: Ogerpon|Ogerpon-Wellspring, F|37\/100\n|move|p2a: Alomomola|Toxic|p1a: Ogerpon\n|-status|p1a: Ogerpon|tox\n|\n|-weather|Snow|[upkeep]\n|-damage|p1a: Ogerpon|31\/100 tox|[from] psn\n|-fieldend|move: Psychic Terrain\n|upkeep\n|turn|28\n|\n|t:|1700386294\n|move|p1a: Ogerpon|Horn Leech|p2a: Alomomola\n|-resisted|p2a: Alomomola\n|-damage|p2a: Alomomola|50\/100\n|-heal|p1a: Ogerpon|42\/100 tox|[from] drain|[of] p2a: Alomomola\n|move|p2a: Alomomola|Wish|p2a: Alomomola\n|\n|-weather|none\n|-damage|p1a: Ogerpon|30\/100 tox|[from] psn\n|upkeep\n|turn|29\n|\n|t:|1700386299\n|move|p2a: Alomomola|Protect|p2a: Alomomola\n|-singleturn|p2a: Alomomola|Protect\n|move|p1a: Ogerpon|Swords Dance|p1a: Ogerpon\n|-boost|p1a: Ogerpon|atk|2\n|\n|-heal|p2a: Alomomola|99\/100|[from] move: Wish|[wisher] Alomomola\n|-damage|p1a: Ogerpon|12\/100 tox|[from] psn\n|upkeep\n|turn|30\n|\n|t:|1700386304\n|move|p1a: Ogerpon|Horn Leech|p2a: Alomomola\n|-resisted|p2a: Alomomola\n|-damage|p2a: Alomomola|69\/100\n|-heal|p1a: Ogerpon|36\/100 tox|[from] drain|[of] p2a: Alomomola\n|move|p2a: Alomomola|Wish|p2a: Alomomola\n|\n|-damage|p1a: Ogerpon|12\/100 tox|[from] psn\n|upkeep\n|turn|31\n|-message|114514aa forfeited.\n|\n|win|lightdarks\n|raw|114514aa's rating: 1582 &rarr; <strong>1559<\/strong><br \/>(-23 for losing)\n|raw|lightdarks's rating: 1521 &rarr; <strong>1544<\/strong><br \/>(+23 for winning)\n|l|\u2606114514aa\n","uploadtime":1700386387,"views":6,"p1id":"114514aa","p2id":"lightdarks","formatid":"gen9nationaldex","rating":1544,"private":0,"password":""}