{"id":"gen9nationaldex-1988260626","p1":"lonely_smile","p2":"variares DD","format":"[Gen 9] National Dex","log":"|j|\u2606lonely_smile\n|j|\u2606variares DD\n|t:|1699696688\n|gametype|singles\n|player|p1|lonely_smile|lady|1480\n|player|p2|variares DD|acetrainercouple|1357\n|teamsize|p1|6\n|teamsize|p2|6\n|gen|9\n|tier|[Gen 9] National Dex\n|rated|\n|rule|HP Percentage Mod: HP is shown in percentages\n|rule|Endless Battle Clause: Forcing endless battles is banned\n|rule|OHKO Clause: OHKO moves are banned\n|rule|Evasion Clause: Evasion abilities, items, and moves are banned\n|rule|Evasion Abilities Clause: Evasion abilities are banned\n|rule|Evasion Items Clause: Evasion items are banned\n|rule|Evasion Moves Clause: Evasion moves are banned\n|rule|Species Clause: Limit one of each Pok\u00e9mon\n|rule|Sleep Clause Mod: Limit one foe put to sleep\n|clearpoke\n|poke|p1|Mawile, M|\n|poke|p1|Hatterene, F|\n|poke|p1|Cresselia, F|\n|poke|p1|Mew|\n|poke|p1|Marowak-Alola, F|\n|poke|p1|Iron Valiant|\n|poke|p2|Altaria, M|\n|poke|p2|Jirachi|\n|poke|p2|Heatran, F|\n|poke|p2|Landorus-Therian, M|\n|poke|p2|Greninja-*, F|\n|poke|p2|Corviknight, F|\n|teampreview\n|inactive|Battle timer is ON: inactive players will automatically lose when time's up. (requested by variares DD)\n|inactive|lonely_smile also wants the timer to be on.\n|\n|t:|1699696709\n|start\n|switch|p1a: Iron Valiant|Iron Valiant|100\/100\n|switch|p2a: Heatran|Heatran, F|100\/100\n|-enditem|p1a: Iron Valiant|Booster Energy\n|-activate|p1a: Iron Valiant|ability: Quark Drive|[fromitem]\n|-start|p1a: Iron Valiant|quarkdrivespe\n|turn|1\n|\n|t:|1699696721\n|-terastallize|p2a: Heatran|Grass\n|move|p1a: Iron Valiant|Destiny Bond|p1a: Iron Valiant\n|-singlemove|p1a: Iron Valiant|Destiny Bond\n|move|p2a: Heatran|Lava Plume|p1a: Iron Valiant\n|-damage|p1a: Iron Valiant|24\/100\n|-status|p1a: Iron Valiant|brn\n|\n|-damage|p1a: Iron Valiant|18\/100 brn|[from] brn\n|upkeep\n|turn|2\n|\n|t:|1699696733\n|move|p1a: Iron Valiant|Close Combat|p2a: Heatran\n|-damage|p2a: Heatran|77\/100\n|-unboost|p1a: Iron Valiant|def|1\n|-unboost|p1a: Iron Valiant|spd|1\n|move|p2a: Heatran|Stealth Rock|p1a: Iron Valiant\n|-sidestart|p1: lonely_smile|move: Stealth Rock\n|\n|-heal|p2a: Heatran|83\/100|[from] item: Leftovers\n|-damage|p1a: Iron Valiant|12\/100 brn|[from] brn\n|upkeep\n|turn|3\n|\n|t:|1699696742\n|move|p1a: Iron Valiant|Destiny Bond|p1a: Iron Valiant\n|-singlemove|p1a: Iron Valiant|Destiny Bond\n|move|p2a: Heatran|Lava Plume|p1a: Iron Valiant\n|-damage|p1a: Iron Valiant|0 fnt\n|faint|p1a: Iron Valiant\n|-activate|p1a: Iron Valiant|move: Destiny Bond\n|-end|p1a: Iron Valiant|Quark Drive|[silent]\n|faint|p2a: Heatran\n|\n|upkeep\n|\n|t:|1699696765\n|switch|p1a: Mawile|Mawile, M|100\/100\n|switch|p2a: Greninja|Greninja, F, shiny|100\/100\n|-damage|p1a: Mawile|94\/100|[from] Stealth Rock\n|-ability|p1a: Mawile|Intimidate|boost\n|-unboost|p2a: Greninja|atk|1\n|turn|4\n|\n|t:|1699696777\n|detailschange|p1a: Mawile|Mawile-Mega, M\n|-mega|p1a: Mawile|Mawile|Mawilite\n|-zpower|p2a: Greninja\n|move|p2a: Greninja|Hydro Vortex|p1a: Mawile|[zeffect]\n|-start|p2a: Greninja|typechange|Water|[from] ability: Protean\n|-damage|p1a: Mawile|0 fnt\n|faint|p1a: Mawile\n|\n|upkeep\n|\n|t:|1699696790\n|switch|p1a: Hatterene|Hatterene, F|100\/100\n|-damage|p1a: Hatterene|88\/100|[from] Stealth Rock\n|turn|5\n|\n|t:|1699696810\n|move|p2a: Greninja|Hydro Pump|p1a: Hatterene\n|-damage|p1a: Hatterene|34\/100\n|move|p1a: Hatterene|Trick Room|p1a: Hatterene\n|-fieldstart|move: Trick Room|[of] p1a: Hatterene\n|\n|upkeep\n|turn|6\n|\n|t:|1699696815\n|move|p1a: Hatterene|Misty Explosion|p2a: Greninja\n|-damage|p2a: Greninja|26\/100\n|faint|p1a: Hatterene\n|move|p2a: Greninja|Hydro Pump|p1: Hatterene|[notarget]\n|-fail|p2a: Greninja\n|\n|upkeep\n|\n|t:|1699696818\n|switch|p1a: Mew|Mew|100\/100\n|-damage|p1a: Mew|88\/100|[from] Stealth Rock\n|turn|7\n|\n|t:|1699696829\n|move|p1a: Mew|Foul Play|p2a: Greninja\n|-crit|p2a: Greninja\n|-damage|p2a: Greninja|0 fnt\n|faint|p2a: Greninja\n|\n|upkeep\n|\n|t:|1699696834\n|switch|p2a: Landorus|Landorus-Therian, M|100\/100\n|-ability|p2a: Landorus|Intimidate|boost\n|-unboost|p1a: Mew|atk|1\n|turn|8\n|\n|t:|1699696841\n|move|p1a: Mew|Fake Out||[still]\n|-hint|Fake Out only works on your first turn out.\n|-fail|p1a: Mew\n|move|p2a: Landorus|Taunt|p1a: Mew\n|-start|p1a: Mew|move: Taunt\n|-enditem|p1a: Mew|Mental Herb\n|-end|p1a: Mew|move: Taunt\n|\n|upkeep\n|turn|9\n|\n|t:|1699696851\n|move|p1a: Mew|Foul Play|p2a: Landorus\n|-damage|p2a: Landorus|62\/100\n|-damage|p1a: Mew|72\/100|[from] item: Rocky Helmet|[of] p2a: Landorus\n|move|p2a: Landorus|Earthquake|p1a: Mew\n|-damage|p1a: Mew|37\/100\n|\n|-fieldend|move: Trick Room\n|upkeep\n|turn|10\n|\n|t:|1699696857\n|move|p2a: Landorus|Swords Dance|p2a: Landorus\n|-boost|p2a: Landorus|atk|2\n|move|p1a: Mew|Trick Room|p1a: Mew\n|-fieldstart|move: Trick Room|[of] p1a: Mew\n|\n|upkeep\n|turn|11\n|\n|t:|1699696861\n|move|p1a: Mew|Explosion|p2a: Landorus\n|-damage|p2a: Landorus|16\/100\n|faint|p1a: Mew\n|move|p2a: Landorus|Earthquake|p1: Mew|[notarget]\n|-fail|p2a: Landorus\n|\n|upkeep\n|\n|t:|1699696864\n|switch|p1a: Marowak|Marowak-Alola, F|100\/100\n|-damage|p1a: Marowak|75\/100|[from] Stealth Rock\n|turn|12\n|\n|t:|1699696874\n|switch|p2a: Corviknight|Corviknight, F, shiny|100\/100\n|-ability|p2a: Corviknight|Pressure\n|-terastallize|p1a: Marowak|Fire\n|move|p1a: Marowak|Flare Blitz|p2a: Corviknight\n|-supereffective|p2a: Corviknight\n|-damage|p2a: Corviknight|0 fnt\n|faint|p2a: Corviknight\n|\n|upkeep\n|\n|t:|1699696876\n|switch|p2a: Landorus|Landorus-Therian, M|16\/100\n|-ability|p2a: Landorus|Intimidate|boost\n|-unboost|p1a: Marowak|atk|1\n|turn|13\n|\n|t:|1699696883\n|move|p1a: Marowak|Flare Blitz|p2a: Landorus\n|-damage|p2a: Landorus|0 fnt\n|-damage|p1a: Marowak|59\/100|[from] item: Rocky Helmet|[of] p2a: Landorus\n|faint|p2a: Landorus\n|\n|upkeep\n|\n|t:|1699696892\n|switch|p2a: Altaria|Altaria, M, shiny|100\/100\n|turn|14\n|\n|t:|1699696896\n|switch|p1a: Cresselia|Cresselia, F|100\/100\n|-damage|p1a: Cresselia|88\/100|[from] Stealth Rock\n|detailschange|p2a: Altaria|Altaria-Mega, M, shiny\n|-mega|p2a: Altaria|Altaria|Altarianite\n|move|p2a: Altaria|Body Slam|p1a: Cresselia\n|-damage|p1a: Cresselia|68\/100\n|-status|p1a: Cresselia|par\n|\n|-fieldend|move: Trick Room\n|upkeep\n|turn|15\n|\n|t:|1699696905\n|move|p2a: Altaria|Body Slam|p1a: Cresselia\n|-damage|p1a: Cresselia|46\/100 par\n|move|p1a: Cresselia|Trick Room|p1a: Cresselia\n|-fieldstart|move: Trick Room|[of] p1a: Cresselia\n|\n|upkeep\n|turn|16\n|\n|t:|1699696919\n|move|p1a: Cresselia|Lunar Dance|p1a: Cresselia\n|faint|p1a: Cresselia\n|move|p2a: Altaria|Body Slam|p1: Cresselia|[notarget]\n|-fail|p2a: Altaria\n|\n|upkeep\n|\n|t:|1699696923\n|switch|p1a: Marowak|Marowak-Alola, F, tera:Fire|59\/100\n|-heal|p1a: Marowak|100\/100|[from] move: Lunar Dance\n|-damage|p1a: Marowak|75\/100|[from] Stealth Rock\n|turn|17\n|\n|t:|1699696931\n|move|p1a: Marowak|Poltergeist|p2a: Altaria|[miss]\n|-miss|p1a: Marowak|p2a: Altaria\n|move|p2a: Altaria|Body Slam|p1a: Marowak\n|-resisted|p1a: Marowak\n|-damage|p1a: Marowak|56\/100\n|\n|upkeep\n|turn|18\n|j| amun-ra666\n|\n|t:|1699696940\n|move|p1a: Marowak|Poltergeist|p2a: Altaria\n|-activate|p2a: Altaria|move: Poltergeist|Altarianite\n|-damage|p2a: Altaria|40\/100\n|move|p2a: Altaria|Body Slam|p1a: Marowak\n|-resisted|p1a: Marowak\n|-damage|p1a: Marowak|36\/100\n|\n|upkeep\n|turn|19\n|\n|t:|1699696947\n|move|p1a: Marowak|Poltergeist|p2a: Altaria|[miss]\n|-miss|p1a: Marowak|p2a: Altaria\n|move|p2a: Altaria|Body Slam|p1a: Marowak\n|-resisted|p1a: Marowak\n|-damage|p1a: Marowak|17\/100\n|\n|-fieldend|move: Trick Room\n|upkeep\n|turn|20\n|\n|t:|1699696953\n|move|p2a: Altaria|Body Slam|p1a: Marowak\n|-resisted|p1a: Marowak\n|-damage|p1a: Marowak|0 fnt\n|faint|p1a: Marowak\n|\n|win|variares DD\n|raw|lonely_smile's rating: 1480 &rarr; <strong>1454<\/strong><br \/>(-26 for losing)\n|raw|variares DD's rating: 1381 &rarr; <strong>1407<\/strong><br \/>(+26 for winning)\n","uploadtime":1699696959,"views":4,"p1id":"lonelysmile","p2id":"variaresdd","formatid":"gen9nationaldex","rating":1407,"private":0,"password":""}