{"id":"gen9nationaldex-1997540830","p1":"221savage","p2":"VincyXD","format":"[Gen 9] National Dex","log":"|html|<div class=\"broadcast-blue\"><strong>[Gen 9] National Dex is currently suspecting Sneasler! For information on how to participate check out the <a href=\"https:\/\/www.smogon.com\/forums\/threads\/sv-national-dex-suspect-8-just-dance.3731534\/\">suspect thread<\/a>.<\/strong><\/div>\n|j|\u2606221savage\n|j|\u2606VincyXD\n|t:|1700822598\n|gametype|singles\n|player|p1|221savage|2|1470\n|player|p2|VincyXD|266|1342\n|teamsize|p1|6\n|teamsize|p2|6\n|gen|9\n|tier|[Gen 9] National Dex\n|rated|\n|rule|HP Percentage Mod: HP is shown in percentages\n|rule|Endless Battle Clause: Forcing endless battles is banned\n|rule|OHKO Clause: OHKO moves are banned\n|rule|Evasion Clause: Evasion abilities, items, and moves are banned\n|rule|Evasion Abilities Clause: Evasion abilities are banned\n|rule|Evasion Items Clause: Evasion items are banned\n|rule|Evasion Moves Clause: Evasion moves are banned\n|rule|Species Clause: Limit one of each Pok\u00e9mon\n|rule|Sleep Clause Mod: Limit one foe put to sleep\n|clearpoke\n|poke|p1|Blastoise, M|\n|poke|p1|Banette, M|\n|poke|p1|Machamp, F|\n|poke|p1|Darmanitan, F|\n|poke|p1|Tsareena, F|\n|poke|p1|Toxtricity, M|\n|poke|p2|Typhlosion, M|\n|poke|p2|Corsola-Galar, F|\n|poke|p2|Zapdos|\n|poke|p2|Suicune|\n|poke|p2|Celebi|\n|poke|p2|Iron Treads|\n|teampreview\n|inactive|Battle timer is ON: inactive players will automatically lose when time's up. (requested by VincyXD)\n|\n|t:|1700822609\n|start\n|switch|p1a: Blastoise|Blastoise, M|100\/100\n|switch|p2a: Zapdos|Zapdos|100\/100\n|turn|1\n|\n|t:|1700822615\n|move|p1a: Blastoise|Shell Smash|p1a: Blastoise\n|-unboost|p1a: Blastoise|def|1\n|-unboost|p1a: Blastoise|spd|1\n|-boost|p1a: Blastoise|atk|2\n|-boost|p1a: Blastoise|spa|2\n|-boost|p1a: Blastoise|spe|2\n|move|p2a: Zapdos|Volt Switch|p1a: Blastoise\n|-supereffective|p1a: Blastoise\n|-damage|p1a: Blastoise|15\/100\n|\n|t:|1700822623\n|switch|p2a: Celebi|Celebi, shiny|100\/100|[from] Volt Switch\n|\n|upkeep\n|turn|2\n|\n|t:|1700822627\n|move|p2a: Celebi|Sucker Punch|p1a: Blastoise\n|-damage|p1a: Blastoise|0 fnt\n|faint|p1a: Blastoise\n|\n|upkeep\n|\n|t:|1700822632\n|switch|p1a: Darmanitan|Darmanitan, F|100\/100\n|turn|3\n|\n|t:|1700822636\n|switch|p2a: Typhlosion|Typhlosion, M|100\/100\n|move|p1a: Darmanitan|U-turn|p2a: Typhlosion\n|-resisted|p2a: Typhlosion\n|-damage|p2a: Typhlosion|81\/100\n|\n|t:|1700822652\n|switch|p1a: Machamp|Machamp, F|100\/100|[from] U-turn\n|\n|upkeep\n|turn|4\n|\n|t:|1700822663\n|move|p2a: Typhlosion|Flame Charge|p1a: Machamp\n|-damage|p1a: Machamp|76\/100\n|-boost|p2a: Typhlosion|spe|1\n|move|p1a: Machamp|Stone Edge|p2a: Typhlosion\n|-supereffective|p2a: Typhlosion\n|-damage|p2a: Typhlosion|0 fnt\n|faint|p2a: Typhlosion\n|-damage|p1a: Machamp|66\/100|[from] item: Life Orb\n|\n|upkeep\n|\n|t:|1700822668\n|switch|p2a: Celebi|Celebi, shiny|100\/100\n|turn|5\n|\n|t:|1700822673\n|switch|p1a: Tsareena|Tsareena, F|100\/100\n|move|p2a: Celebi|Zen Headbutt|p1a: Tsareena\n|-damage|p1a: Tsareena|40\/100\n|\n|upkeep\n|turn|6\n|\n|t:|1700822691\n|move|p2a: Celebi|Zen Headbutt|p1a: Tsareena\n|-damage|p1a: Tsareena|0 fnt\n|faint|p1a: Tsareena\n|\n|upkeep\n|\n|t:|1700822693\n|switch|p1a: Darmanitan|Darmanitan, F|100\/100\n|turn|7\n|\n|t:|1700822700\n|switch|p2a: Corsola|Corsola-Galar, F|100\/100\n|move|p1a: Darmanitan|U-turn|p2a: Corsola\n|-resisted|p2a: Corsola\n|-damage|p2a: Corsola|91\/100\n|-start|p1a: Darmanitan|Disable|U-turn|[from] ability: Cursed Body|[of] p2a: Corsola\n|\n|t:|1700822707\n|switch|p1a: Toxtricity|Toxtricity, M|100\/100|[from] U-turn\n|\n|upkeep\n|turn|8\n|\n|t:|1700822711\n|switch|p2a: Iron Treads|Iron Treads|100\/100\n|move|p1a: Toxtricity|Volt Switch|p2a: Iron Treads\n|-immune|p2a: Iron Treads\n|\n|upkeep\n|turn|9\n|\n|t:|1700822721\n|switch|p1a: Banette|Banette, M|100\/100\n|-terastallize|p2a: Iron Treads|Ground\n|move|p2a: Iron Treads|Earth Power|p1a: Banette\n|-damage|p1a: Banette|13\/100\n|\n|upkeep\n|turn|10\n|\n|t:|1700822741\n|-end|p2a: Iron Treads|Quark Drive|[silent]\n|switch|p2a: Zapdos|Zapdos|100\/100\n|detailschange|p1a: Banette|Banette-Mega, M\n|-mega|p1a: Banette|Banette|Banettite\n|move|p1a: Banette|Destiny Bond|p1a: Banette\n|-singlemove|p1a: Banette|Destiny Bond\n|\n|upkeep\n|turn|11\n|\n|t:|1700822745\n|move|p2a: Zapdos|Volt Switch|p1a: Banette\n|-damage|p1a: Banette|0 fnt\n|faint|p1a: Banette\n|-activate|p1a: Banette|move: Destiny Bond\n|faint|p2a: Zapdos\n|\n|upkeep\n|\n|t:|1700822755\n|switch|p2a: Suicune|Suicune, shiny|100\/100\n|switch|p1a: Darmanitan|Darmanitan, F|100\/100\n|-ability|p2a: Suicune|Pressure\n|turn|12\n|\n|t:|1700822764\n|move|p1a: Darmanitan|U-turn|p2a: Suicune\n|-damage|p2a: Suicune|78\/100\n|\n|t:|1700822766\n|switch|p1a: Toxtricity|Toxtricity, M|100\/100|[from] U-turn\n|move|p2a: Suicune|Scald|p1a: Toxtricity\n|-damage|p1a: Toxtricity|52\/100\n|-status|p1a: Toxtricity|brn\n|\n|-heal|p2a: Suicune|84\/100|[from] item: Leftovers\n|-damage|p1a: Toxtricity|46\/100 brn|[from] brn\n|upkeep\n|turn|13\n|\n|t:|1700822772\n|move|p2a: Suicune|Scald|p1a: Toxtricity\n|-damage|p1a: Toxtricity|2\/100 brn\n|move|p1a: Toxtricity|Boomburst|p2a: Suicune\n|-damage|p2a: Suicune|9\/100\n|\n|-heal|p2a: Suicune|16\/100|[from] item: Leftovers\n|-damage|p1a: Toxtricity|0 fnt|[from] brn\n|faint|p1a: Toxtricity\n|upkeep\n|\n|t:|1700822781\n|switch|p1a: Darmanitan|Darmanitan, F|100\/100\n|turn|14\n|\n|t:|1700822791\n|move|p1a: Darmanitan|Flare Blitz|p2a: Suicune\n|-resisted|p2a: Suicune\n|-damage|p2a: Suicune|0 fnt\n|faint|p2a: Suicune\n|-damage|p1a: Darmanitan|95\/100|[from] Recoil\n|\n|upkeep\n|\n|t:|1700822795\n|switch|p2a: Iron Treads|Iron Treads, tera:Ground|100\/100\n|turn|15\n|\n|t:|1700822801\n|-terastallize|p1a: Darmanitan|Fire\n|move|p1a: Darmanitan|Flare Blitz|p2a: Iron Treads\n|-damage|p2a: Iron Treads|0 fnt\n|faint|p2a: Iron Treads\n|-end|p2a: Iron Treads|Quark Drive|[silent]\n|-damage|p1a: Darmanitan|65\/100|[from] Recoil\n|\n|upkeep\n|\n|t:|1700822809\n|switch|p2a: Corsola|Corsola-Galar, F|91\/100\n|turn|16\n|\n|t:|1700822814\n|move|p1a: Darmanitan|Flare Blitz|p2a: Corsola\n|-damage|p2a: Corsola|0 fnt\n|faint|p2a: Corsola\n|-damage|p1a: Darmanitan|37\/100|[from] Recoil\n|\n|upkeep\n|\n|t:|1700822818\n|switch|p2a: Celebi|Celebi, shiny|100\/100\n|turn|17\n|\n|t:|1700822830\n|switch|p1a: Machamp|Machamp, F|66\/100\n|move|p2a: Celebi|Sucker Punch||[still]\n|-fail|p2a: Celebi\n|\n|upkeep\n|turn|18\n|\n|t:|1700822834\n|switch|p1a: Darmanitan|Darmanitan, F, tera:Fire|37\/100\n|move|p2a: Celebi|Sucker Punch||[still]\n|-fail|p2a: Celebi\n|\n|upkeep\n|turn|19\n|\n|t:|1700822838\n|switch|p1a: Machamp|Machamp, F|66\/100\n|move|p2a: Celebi|Sucker Punch||[still]\n|-fail|p2a: Celebi\n|\n|upkeep\n|turn|20\n|\n|t:|1700822841\n|switch|p1a: Darmanitan|Darmanitan, F, tera:Fire|37\/100\n|move|p2a: Celebi|Sucker Punch||[still]\n|-fail|p2a: Celebi\n|\n|upkeep\n|turn|21\n|\n|t:|1700822845\n|switch|p1a: Machamp|Machamp, F|66\/100\n|move|p2a: Celebi|Sucker Punch||[still]\n|-fail|p2a: Celebi\n|\n|upkeep\n|turn|22\n|\n|t:|1700822848\n|switch|p1a: Darmanitan|Darmanitan, F, tera:Fire|37\/100\n|move|p2a: Celebi|Sucker Punch||[still]\n|-fail|p2a: Celebi\n|\n|upkeep\n|turn|23\n|c|\u2606VincyXD|cringe\n|-message|VincyXD forfeited.\n|\n|win|221savage\n|raw|221savage's rating: 1485 &rarr; <strong>1497<\/strong><br \/>(+12 for winning)\n|raw|VincyXD's rating: 1342 &rarr; <strong>1330<\/strong><br \/>(-12 for losing)\n|l|\u2606VincyXD\n","uploadtime":1700822862,"views":2,"p1id":"221savage","p2id":"vincyxd","formatid":"gen9nationaldex","rating":1330,"private":0,"password":""}