{"id":"gen9nationaldex-1992227905","p1":"Kainil","p2":"DITTO HAS APPERARD","format":"[Gen 9] National Dex","log":"|j|\u2606Kainil\n|j|\u2606DITTO HAS APPERARD\n|t:|1700165687\n|gametype|singles\n|player|p1|Kainil|fisherman-gen6xy|1084\n|player|p2|DITTO HAS APPERARD|plasmagrunt|1021\n|teamsize|p1|6\n|teamsize|p2|6\n|gen|9\n|tier|[Gen 9] National Dex\n|rated|\n|rule|HP Percentage Mod: HP is shown in percentages\n|rule|Endless Battle Clause: Forcing endless battles is banned\n|rule|OHKO Clause: OHKO moves are banned\n|rule|Evasion Clause: Evasion abilities, items, and moves are banned\n|rule|Evasion Abilities Clause: Evasion abilities are banned\n|rule|Evasion Items Clause: Evasion items are banned\n|rule|Evasion Moves Clause: Evasion moves are banned\n|rule|Species Clause: Limit one of each Pok\u00e9mon\n|rule|Sleep Clause Mod: Limit one foe put to sleep\n|clearpoke\n|poke|p1|Pelipper, F|\n|poke|p1|Eelektross, M|\n|poke|p1|Azumarill, F|\n|poke|p1|Seismitoad, F|\n|poke|p1|Sharpedo, M|\n|poke|p1|Araquanid, F|\n|poke|p2|Diancie|\n|poke|p2|Lycanroc-Dusk, F|\n|poke|p2|Aggron, F|\n|poke|p2|Arcanine-Hisui, M|\n|poke|p2|Ogerpon-Cornerstone, F|\n|poke|p2|Rampardos, F|\n|teampreview\n|\n|t:|1700165690\n|start\n|switch|p1a: Eelektross|Eelektross, M|100\/100\n|switch|p2a: Lycanroc|Lycanroc-Dusk, F, shiny|100\/100\n|turn|1\n|\n|t:|1700165695\n|move|p2a: Lycanroc|Swords Dance|p2a: Lycanroc\n|-boost|p2a: Lycanroc|atk|2\n|move|p1a: Eelektross|Aqua Tail|p2a: Lycanroc\n|-supereffective|p2a: Lycanroc\n|-damage|p2a: Lycanroc|20\/100\n|\n|upkeep\n|turn|2\n|\n|t:|1700165703\n|move|p2a: Lycanroc|Swords Dance|p2a: Lycanroc\n|-boost|p2a: Lycanroc|atk|2\n|move|p1a: Eelektross|Aqua Tail|p2a: Lycanroc\n|-supereffective|p2a: Lycanroc\n|-damage|p2a: Lycanroc|0 fnt\n|faint|p2a: Lycanroc\n|\n|upkeep\n|\n|t:|1700165726\n|switch|p2a: Diancie|Diancie, shiny|100\/100\n|turn|3\n|\n|t:|1700165738\n|detailschange|p2a: Diancie|Diancie-Mega, shiny\n|-mega|p2a: Diancie|Diancie|Diancite\n|-terastallize|p1a: Eelektross|Water\n|move|p2a: Diancie|Gyro Ball|p1a: Eelektross\n|-resisted|p1a: Eelektross\n|-damage|p1a: Eelektross|96\/100\n|move|p1a: Eelektross|Coil|p1a: Eelektross\n|-boost|p1a: Eelektross|atk|1\n|-boost|p1a: Eelektross|def|1\n|-boost|p1a: Eelektross|accuracy|1\n|\n|-heal|p1a: Eelektross|100\/100|[from] item: Leftovers\n|upkeep\n|turn|4\n|\n|t:|1700165750\n|move|p2a: Diancie|Diamond Storm|p1a: Eelektross\n|-damage|p1a: Eelektross|51\/100\n|move|p1a: Eelektross|Coil|p1a: Eelektross\n|-boost|p1a: Eelektross|atk|1\n|-boost|p1a: Eelektross|def|1\n|-boost|p1a: Eelektross|accuracy|1\n|\n|-heal|p1a: Eelektross|57\/100|[from] item: Leftovers\n|upkeep\n|turn|5\n|\n|t:|1700165759\n|move|p2a: Diancie|Diamond Storm|p1a: Eelektross\n|-damage|p1a: Eelektross|22\/100\n|move|p1a: Eelektross|Aqua Tail|p2a: Diancie\n|-supereffective|p2a: Diancie\n|-damage|p2a: Diancie|0 fnt\n|faint|p2a: Diancie\n|\n|-heal|p1a: Eelektross|28\/100|[from] item: Leftovers\n|upkeep\n|\n|t:|1700165771\n|switch|p2a: Ogerpon|Ogerpon-Cornerstone, F|100\/100\n|turn|6\n|\n|t:|1700165778\n|move|p2a: Ogerpon|Fling||[still]\n|-fail|p2a: Ogerpon\n|move|p1a: Eelektross|Knock Off|p2a: Ogerpon\n|-damage|p2a: Ogerpon|61\/100\n|\n|-heal|p1a: Eelektross|34\/100|[from] item: Leftovers\n|upkeep\n|turn|7\n|\n|t:|1700165786\n|move|p2a: Ogerpon|Superpower|p1a: Eelektross\n|-damage|p1a: Eelektross|9\/100\n|-unboost|p2a: Ogerpon|atk|1\n|-unboost|p2a: Ogerpon|def|1\n|move|p1a: Eelektross|Aqua Tail|p2a: Ogerpon\n|-damage|p2a: Ogerpon|0 fnt\n|faint|p2a: Ogerpon\n|\n|-heal|p1a: Eelektross|15\/100|[from] item: Leftovers\n|upkeep\n|\n|t:|1700165795\n|switch|p2a: Aggron|Aggron, F|100\/100\n|turn|8\n|\n|t:|1700165816\n|move|p1a: Eelektross|Aqua Tail|p2a: Aggron\n|-supereffective|p2a: Aggron\n|-damage|p2a: Aggron|26\/100\n|-enditem|p2a: Aggron|Kee Berry|[eat]\n|-boost|p2a: Aggron|def|1|[from] item: Kee Berry\n|move|p2a: Aggron|Iron Defense|p2a: Aggron\n|-boost|p2a: Aggron|def|2\n|\n|-heal|p1a: Eelektross|21\/100|[from] item: Leftovers\n|upkeep\n|turn|9\n|\n|t:|1700165826\n|move|p1a: Eelektross|Aqua Tail|p2a: Aggron\n|-supereffective|p2a: Aggron\n|-damage|p2a: Aggron|0 fnt\n|faint|p2a: Aggron\n|\n|-heal|p1a: Eelektross|28\/100|[from] item: Leftovers\n|upkeep\n|\n|t:|1700165843\n|switch|p2a: Rampardos|Rampardos, F|100\/100\n|turn|10\n|\n|t:|1700165865\n|move|p2a: Rampardos|Head Smash|p1a: Eelektross|[miss]\n|-miss|p2a: Rampardos|p1a: Eelektross\n|move|p1a: Eelektross|Aqua Tail|p2a: Rampardos\n|-supereffective|p2a: Rampardos\n|-damage|p2a: Rampardos|0 fnt\n|faint|p2a: Rampardos\n|\n|-heal|p1a: Eelektross|34\/100|[from] item: Leftovers\n|upkeep\n|\n|t:|1700165886\n|switch|p2a: Arcanine|Arcanine-Hisui, M|100\/100\n|turn|11\n|\n|t:|1700165890\n|move|p2a: Arcanine|Head Smash|p1a: Eelektross|[miss]\n|-miss|p2a: Arcanine|p1a: Eelektross\n|move|p1a: Eelektross|Aqua Tail|p2a: Arcanine\n|-supereffective|p2a: Arcanine\n|-damage|p2a: Arcanine|0 fnt\n|faint|p2a: Arcanine\n|\n|win|Kainil\n|raw|Kainil's rating: 1084 &rarr; <strong>1106<\/strong><br \/>(+22 for winning)\n|raw|DITTO HAS APPERARD's rating: 1021 &rarr; <strong>1010<\/strong><br \/>(-11 for losing)\n","uploadtime":1700165899,"views":5,"p1id":"kainil","p2id":"dittohasapperard","formatid":"gen9nationaldex","rating":1010,"private":0,"password":""}