{"id":"gen9nationaldex-1990096301","p1":"StatTrainerMarley2","p2":"Lyons998","format":"[Gen 9] National Dex","log":"|j|\u2606StatTrainerMarley2\n|j|\u2606Lyons998\n|t:|1699924120\n|gametype|singles\n|player|p1|StatTrainerMarley2|marley|1038\n|player|p2|Lyons998|acetrainer-gen4dp|1056\n|teamsize|p1|6\n|teamsize|p2|6\n|gen|9\n|tier|[Gen 9] National Dex\n|rated|\n|rule|HP Percentage Mod: HP is shown in percentages\n|rule|Endless Battle Clause: Forcing endless battles is banned\n|rule|OHKO Clause: OHKO moves are banned\n|rule|Evasion Clause: Evasion abilities, items, and moves are banned\n|rule|Evasion Abilities Clause: Evasion abilities are banned\n|rule|Evasion Items Clause: Evasion items are banned\n|rule|Evasion Moves Clause: Evasion moves are banned\n|rule|Species Clause: Limit one of each Pok\u00e9mon\n|rule|Sleep Clause Mod: Limit one foe put to sleep\n|clearpoke\n|poke|p1|Raticate, M|\n|poke|p1|Dodrio, M|\n|poke|p1|Golem, M|\n|poke|p1|Omastar, M|\n|poke|p1|Butterfree, M|\n|poke|p1|Pikachu, F|\n|poke|p2|Bisharp, F|\n|poke|p2|Duraludon, M|\n|poke|p2|Aggron, M|\n|poke|p2|Metagross|\n|poke|p2|Magnezone|\n|poke|p2|Corviknight, M|\n|teampreview\n|\n|t:|1699924127\n|start\n|switch|p1a: Dody|Dodrio, M, shiny|100\/100\n|switch|p2a: Bisharp|Bisharp, F|100\/100\n|turn|1\n|\n|t:|1699924136\n|move|p1a: Dody|Swords Dance|p1a: Dody\n|-boost|p1a: Dody|atk|2\n|move|p2a: Bisharp|Knock Off|p1a: Dody\n|-damage|p1a: Dody|35\/100\n|\n|upkeep\n|turn|2\n|\n|t:|1699924148\n|move|p1a: Dody|Jump Kick|p2a: Bisharp\n|-supereffective|p2a: Bisharp\n|-crit|p2a: Bisharp\n|-damage|p2a: Bisharp|0 fnt\n|faint|p2a: Bisharp\n|\n|upkeep\n|\n|t:|1699924160\n|switch|p2a: Metagross|Metagross, shiny|100\/100\n|turn|3\n|\n|t:|1699924167\n|-terastallize|p2a: Metagross|Fighting\n|-zpower|p1a: Dody\n|move|p1a: Dody|All-Out Pummeling|p2a: Metagross|[zeffect]\n|-damage|p2a: Metagross|2\/100\n|move|p2a: Metagross|Hone Claws|p2a: Metagross\n|-boost|p2a: Metagross|atk|1\n|-boost|p2a: Metagross|accuracy|1\n|\n|upkeep\n|turn|4\n|\n|t:|1699924178\n|move|p1a: Dody|Body Slam|p2a: Metagross\n|-damage|p2a: Metagross|0 fnt\n|faint|p2a: Metagross\n|\n|upkeep\n|\n|t:|1699924191\n|switch|p2a: Magnezone|Magnezone|100\/100\n|turn|5\n|\n|t:|1699924195\n|move|p1a: Dody|Jump Kick|p2a: Magnezone\n|-supereffective|p2a: Magnezone\n|-ability|p2a: Magnezone|Sturdy\n|-damage|p2a: Magnezone|1\/100\n|move|p2a: Magnezone|Electric Terrain|p2a: Magnezone\n|-fieldstart|move: Electric Terrain\n|\n|upkeep\n|turn|6\n|\n|t:|1699924212\n|move|p1a: Dody|Body Slam|p2a: Magnezone\n|-resisted|p2a: Magnezone\n|-crit|p2a: Magnezone\n|-damage|p2a: Magnezone|0 fnt\n|faint|p2a: Magnezone\n|\n|upkeep\n|\n|t:|1699924217\n|switch|p2a: Aggron|Aggron, M|100\/100\n|turn|7\n|\n|t:|1699924223\n|move|p1a: Dody|Jump Kick|p2a: Aggron\n|-supereffective|p2a: Aggron\n|-damage|p2a: Aggron|0 fnt\n|faint|p2a: Aggron\n|\n|upkeep\n|\n|t:|1699924228\n|switch|p2a: Duraludon|Duraludon, M, shiny|100\/100\n|turn|8\n|\n|t:|1699924232\n|move|p1a: Dody|Jump Kick|p2a: Duraludon\n|-supereffective|p2a: Duraludon\n|-damage|p2a: Duraludon|0 fnt\n|faint|p2a: Duraludon\n|\n|upkeep\n|\n|t:|1699924237\n|switch|p2a: Corviknight|Corviknight, M|100\/100\n|turn|9\n|\n|t:|1699924241\n|move|p1a: Dody|Jump Kick|p2a: Corviknight\n|-damage|p2a: Corviknight|38\/100\n|move|p2a: Corviknight|Brave Bird|p1a: Dody\n|-damage|p1a: Dody|0 fnt\n|faint|p1a: Dody\n|-damage|p2a: Corviknight|29\/100|[from] Recoil\n|\n|upkeep\n|\n|t:|1699924253\n|switch|p1a: Gravvy|Golem, M|100\/100\n|turn|10\n|\n|t:|1699924264\n|move|p2a: Corviknight|Steel Wing|p1a: Gravvy\n|-supereffective|p1a: Gravvy\n|-damage|p1a: Gravvy|62\/100\n|-boost|p2a: Corviknight|def|1\n|move|p1a: Gravvy|Explosion|p2a: Corviknight\n|-resisted|p2a: Corviknight\n|-damage|p2a: Corviknight|0 fnt\n|faint|p1a: Gravvy\n|faint|p2a: Corviknight\n|\n|win|StatTrainerMarley2\n|raw|StatTrainerMarley2's rating: 1038 &rarr; <strong>1074<\/strong><br \/>(+36 for winning)\n|raw|Lyons998's rating: 1056 &rarr; <strong>1037<\/strong><br \/>(-19 for losing)\n|l|\u2606Lyons998\n","uploadtime":1699924311,"views":6,"p1id":"stattrainermarley2","p2id":"lyons998","formatid":"gen9nationaldex","rating":1037,"private":0,"password":""}