{"id":"gen9nationaldex-1993620499","p1":"Sullywully","p2":"Jarl_jake","format":"[Gen 9] National Dex","log":"|j|\u2606Sullywully\n|j|\u2606Jarl_jake\n|t:|1700338327\n|gametype|singles\n|player|p1|Sullywully|266|1527\n|player|p2|Jarl_jake|red|1587\n|teamsize|p1|6\n|teamsize|p2|6\n|gen|9\n|tier|[Gen 9] National Dex\n|rated|\n|rule|HP Percentage Mod: HP is shown in percentages\n|rule|Endless Battle Clause: Forcing endless battles is banned\n|rule|OHKO Clause: OHKO moves are banned\n|rule|Evasion Clause: Evasion abilities, items, and moves are banned\n|rule|Evasion Abilities Clause: Evasion abilities are banned\n|rule|Evasion Items Clause: Evasion items are banned\n|rule|Evasion Moves Clause: Evasion moves are banned\n|rule|Species Clause: Limit one of each Pok\u00e9mon\n|rule|Sleep Clause Mod: Limit one foe put to sleep\n|clearpoke\n|poke|p1|Empoleon, F|\n|poke|p1|Garchomp, M|\n|poke|p1|Grimmsnarl, M|\n|poke|p1|Charizard, F|\n|poke|p1|Glimmora, F|\n|poke|p1|Ceruledge, F|\n|poke|p2|Ninetales-Alola, F|\n|poke|p2|Serperior, F|\n|poke|p2|Salamence, M|\n|poke|p2|Blaziken, M|\n|poke|p2|Blastoise, F|\n|poke|p2|Grimmsnarl, M|\n|teampreview\n|\n|t:|1700338336\n|start\n|switch|p1a: Grimmsnarl|Grimmsnarl, M|100\/100\n|switch|p2a: Lady Oscar|Serperior, F, shiny|100\/100\n|turn|1\n|\n|t:|1700338343\n|move|p1a: Grimmsnarl|Taunt|p2a: Lady Oscar\n|-start|p2a: Lady Oscar|move: Taunt\n|move|p2a: Lady Oscar|Leaf Storm|p1a: Grimmsnarl\n|-damage|p1a: Grimmsnarl|53\/100\n|-boost|p2a: Lady Oscar|spa|2\n|-damage|p2a: Lady Oscar|91\/100|[from] item: Life Orb\n|\n|upkeep\n|turn|2\n|\n|t:|1700338353\n|switch|p1a: Charizard|Charizard, F|100\/100\n|move|p2a: Lady Oscar|Leaf Storm|p1a: Charizard\n|-resisted|p1a: Charizard\n|-damage|p1a: Charizard|58\/100\n|-boost|p2a: Lady Oscar|spa|2\n|-damage|p2a: Lady Oscar|81\/100|[from] item: Life Orb\n|\n|upkeep\n|turn|3\n|\n|t:|1700338363\n|detailschange|p1a: Charizard|Charizard-Mega-Y, F\n|-mega|p1a: Charizard|Charizard|Charizardite Y\n|-weather|SunnyDay|[from] ability: Drought|[of] p1a: Charizard\n|move|p2a: Lady Oscar|Dragon Pulse|p1a: Charizard\n|-damage|p1a: Charizard|0 fnt\n|faint|p1a: Charizard\n|-damage|p2a: Lady Oscar|71\/100|[from] item: Life Orb\n|\n|-weather|SunnyDay|[upkeep]\n|-end|p2a: Lady Oscar|move: Taunt\n|upkeep\n|\n|t:|1700338377\n|switch|p1a: Grimmsnarl|Grimmsnarl, M|53\/100\n|turn|4\n|\n|t:|1700338382\n|move|p1a: Grimmsnarl|Light Screen|p1a: Grimmsnarl\n|-sidestart|p1: Sullywully|move: Light Screen\n|move|p2a: Lady Oscar|Leaf Storm|p1a: Grimmsnarl\n|-damage|p1a: Grimmsnarl|0 fnt\n|-boost|p2a: Lady Oscar|spa|2\n|faint|p1a: Grimmsnarl\n|-damage|p2a: Lady Oscar|61\/100|[from] item: Life Orb\n|\n|-weather|SunnyDay|[upkeep]\n|upkeep\n|\n|t:|1700338392\n|switch|p1a: Ceruledge|Ceruledge, F|100\/100\n|turn|5\n|\n|t:|1700338396\n|move|p2a: Lady Oscar|Dragon Pulse|p1a: Ceruledge\n|-damage|p1a: Ceruledge|42\/100\n|-damage|p2a: Lady Oscar|51\/100|[from] item: Life Orb\n|move|p1a: Ceruledge|Bitter Blade|p2a: Lady Oscar\n|-supereffective|p2a: Lady Oscar\n|-damage|p2a: Lady Oscar|0 fnt\n|-heal|p1a: Ceruledge|68\/100|[from] drain|[of] p2a: Lady Oscar\n|faint|p2a: Lady Oscar\n|\n|-weather|SunnyDay|[upkeep]\n|upkeep\n|\n|t:|1700338409\n|switch|p2a: Paarthurnax|Salamence, M, shiny|100\/100\n|turn|6\n|\n|t:|1700338416\n|switch|p1a: Glimmora|Glimmora, F|100\/100\n|move|p2a: Paarthurnax|Dragon Dance|p2a: Paarthurnax\n|-boost|p2a: Paarthurnax|atk|1\n|-boost|p2a: Paarthurnax|spe|1\n|\n|-weather|SunnyDay|[upkeep]\n|upkeep\n|turn|7\n|\n|t:|1700338425\n|-terastallize|p2a: Paarthurnax|Ground\n|-terastallize|p1a: Glimmora|Water\n|move|p2a: Paarthurnax|Earthquake|p1a: Glimmora\n|-damage|p1a: Glimmora|35\/100\n|-activate|p1a: Glimmora|ability: Toxic Debris\n|-sidestart|p2: Jarl_jake|move: Toxic Spikes\n|move|p1a: Glimmora|Power Gem|p2a: Paarthurnax\n|-resisted|p2a: Paarthurnax\n|-damage|p2a: Paarthurnax|75\/100\n|\n|-weather|none\n|upkeep\n|turn|8\n|\n|t:|1700338440\n|move|p2a: Paarthurnax|Earthquake|p1a: Glimmora\n|-damage|p1a: Glimmora|0 fnt\n|-activate|p1a: Glimmora|ability: Toxic Debris\n|-sidestart|p2: Jarl_jake|move: Toxic Spikes\n|faint|p1a: Glimmora\n|-ability|p2a: Paarthurnax|Moxie|boost\n|-boost|p2a: Paarthurnax|atk|1\n|\n|upkeep\n|-message|Sullywully forfeited.\n|\n|win|Jarl_jake\n|raw|Sullywully's rating: 1527 &rarr; <strong>1510<\/strong><br \/>(-17 for losing)\n|raw|Jarl_jake's rating: 1587 &rarr; <strong>1604<\/strong><br \/>(+17 for winning)\n|l|\u2606Sullywully\n","uploadtime":1700338462,"views":22,"p1id":"sullywully","p2id":"jarljake","formatid":"gen9nationaldex","rating":1510,"private":0,"password":""}