{"id":"gen9nationaldex-1998524506","p1":"valeryku","p2":"Heroadrix","format":"[Gen 9] National Dex","log":"|html|<div class=\"broadcast-blue\"><strong>[Gen 9] National Dex is currently suspecting Sneasler! For information on how to participate check out the <a href=\"https:\/\/www.smogon.com\/forums\/threads\/sv-national-dex-suspect-8-just-dance.3731534\/\">suspect thread<\/a>.<\/strong><\/div>\n|j|\u2606valeryku\n|j|\u2606Heroadrix\n|t:|1700952156\n|gametype|singles\n|player|p1|valeryku|lady|1147\n|player|p2|Heroadrix|2|1193\n|teamsize|p1|6\n|teamsize|p2|6\n|gen|9\n|tier|[Gen 9] National Dex\n|rated|\n|rule|HP Percentage Mod: HP is shown in percentages\n|rule|Endless Battle Clause: Forcing endless battles is banned\n|rule|OHKO Clause: OHKO moves are banned\n|rule|Evasion Clause: Evasion abilities, items, and moves are banned\n|rule|Evasion Abilities Clause: Evasion abilities are banned\n|rule|Evasion Items Clause: Evasion items are banned\n|rule|Evasion Moves Clause: Evasion moves are banned\n|rule|Species Clause: Limit one of each Pok\u00e9mon\n|rule|Sleep Clause Mod: Limit one foe put to sleep\n|clearpoke\n|poke|p1|Glaceon, F|\n|poke|p1|Abomasnow, M|\n|poke|p1|Avalugg, M|\n|poke|p1|Regice|\n|poke|p1|Vanilluxe, M|\n|poke|p1|Frosmoth, F|\n|poke|p2|Primarina, M|\n|poke|p2|Ludicolo, M|\n|poke|p2|Politoed, F|\n|poke|p2|Lapras, F|\n|poke|p2|Seismitoad, F|\n|poke|p2|Quaquaval, M|\n|teampreview\n|inactive|Battle timer is ON: inactive players will automatically lose when time's up. (requested by Heroadrix)\n|\n|t:|1700952171\n|start\n|switch|p1a: Abomasnow|Abomasnow, M, shiny|100\/100\n|switch|p2a: Seismitoad|Seismitoad, F|100\/100\n|-weather|Snow|[from] ability: Snow Warning|[of] p1a: Abomasnow\n|turn|1\n|\n|t:|1700952178\n|-terastallize|p2a: Seismitoad|Poison\n|move|p2a: Seismitoad|Hyper Voice|p1a: Abomasnow\n|-damage|p1a: Abomasnow|84\/100\n|-enditem|p2a: Seismitoad|Throat Spray\n|-boost|p2a: Seismitoad|spa|1|[from] item: Throat Spray\n|move|p1a: Abomasnow|Aurora Veil|p1a: Abomasnow\n|-sidestart|p1: valeryku|move: Aurora Veil\n|\n|-weather|Snow|[upkeep]\n|-heal|p1a: Abomasnow|90\/100|[from] item: Leftovers\n|upkeep\n|turn|2\n|\n|t:|1700952197\n|switch|p1a: Frosmoth|Frosmoth, F|100\/100\n|move|p2a: Seismitoad|Sludge Wave|p1a: Frosmoth\n|-damage|p1a: Frosmoth|84\/100\n|\n|-weather|Snow|[upkeep]\n|-heal|p1a: Frosmoth|91\/100|[from] item: Leftovers\n|upkeep\n|turn|3\n|\n|t:|1700952206\n|switch|p2a: Politoed|Politoed, F|100\/100\n|-weather|RainDance|[from] ability: Drizzle|[of] p2a: Politoed\n|move|p1a: Frosmoth|Quiver Dance|p1a: Frosmoth\n|-boost|p1a: Frosmoth|spa|1\n|-boost|p1a: Frosmoth|spd|1\n|-boost|p1a: Frosmoth|spe|1\n|\n|-weather|RainDance|[upkeep]\n|-heal|p1a: Frosmoth|97\/100|[from] item: Leftovers\n|upkeep\n|turn|4\n|\n|t:|1700952216\n|move|p1a: Frosmoth|Quiver Dance|p1a: Frosmoth\n|-boost|p1a: Frosmoth|spa|1\n|-boost|p1a: Frosmoth|spd|1\n|-boost|p1a: Frosmoth|spe|1\n|move|p2a: Politoed|Haze|p2a: Politoed\n|-clearallboost\n|\n|-weather|RainDance|[upkeep]\n|-heal|p1a: Frosmoth|100\/100|[from] item: Leftovers\n|upkeep\n|turn|5\n|\n|t:|1700952229\n|switch|p1a: Glaceon|Glaceon, F, shiny|100\/100\n|move|p2a: Politoed|Toxic|p1a: Glaceon\n|-status|p1a: Glaceon|tox\n|\n|-weather|RainDance|[upkeep]\n|-damage|p1a: Glaceon|95\/100 tox|[from] psn\n|-sideend|p1: valeryku|move: Aurora Veil\n|upkeep\n|turn|6\n|\n|t:|1700952236\n|move|p2a: Politoed|Weather Ball|p1a: Glaceon\n|-damage|p1a: Glaceon|45\/100 tox\n|move|p1a: Glaceon|Toxic|p2a: Politoed\n|-status|p2a: Politoed|tox\n|\n|-weather|RainDance|[upkeep]\n|-damage|p2a: Politoed|94\/100 tox|[from] psn\n|-damage|p1a: Glaceon|33\/100 tox|[from] psn\n|upkeep\n|turn|7\n|\n|t:|1700952246\n|switch|p2a: Quaquaval|Quaquaval, M|100\/100\n|switch|p1a: Abomasnow|Abomasnow, M, shiny|90\/100\n|-weather|Snow|[from] ability: Snow Warning|[of] p1a: Abomasnow\n|\n|-weather|Snow|[upkeep]\n|-heal|p1a: Abomasnow|97\/100|[from] item: Leftovers\n|upkeep\n|turn|8\n|\n|t:|1700952256\n|move|p2a: Quaquaval|Close Combat|p1a: Abomasnow\n|-supereffective|p1a: Abomasnow\n|-damage|p1a: Abomasnow|7\/100\n|-unboost|p2a: Quaquaval|def|1\n|-unboost|p2a: Quaquaval|spd|1\n|move|p1a: Abomasnow|Aurora Veil|p1a: Abomasnow\n|-sidestart|p1: valeryku|move: Aurora Veil\n|\n|-weather|Snow|[upkeep]\n|-heal|p1a: Abomasnow|13\/100|[from] item: Leftovers\n|upkeep\n|turn|9\n|\n|t:|1700952269\n|switch|p1a: Avalugg|Avalugg, M|100\/100\n|move|p2a: Quaquaval|Aqua Step|p1a: Avalugg\n|-damage|p1a: Avalugg|95\/100\n|-boost|p2a: Quaquaval|spe|1\n|\n|-weather|Snow|[upkeep]\n|-heal|p1a: Avalugg|100\/100|[from] ability: Ice Body\n|upkeep\n|turn|10\n|\n|t:|1700952279\n|switch|p2a: Politoed|Politoed, F|94\/100 tox\n|-weather|RainDance|[from] ability: Drizzle|[of] p2a: Politoed\n|move|p1a: Avalugg|Body Press|p2a: Politoed\n|-damage|p2a: Politoed|61\/100 tox\n|\n|-weather|RainDance|[upkeep]\n|-damage|p2a: Politoed|55\/100 tox|[from] psn\n|upkeep\n|turn|11\n|\n|t:|1700952287\n|switch|p2a: Seismitoad|Seismitoad, F, tera:Poison|100\/100\n|switch|p1a: Glaceon|Glaceon, F, shiny|33\/100 tox\n|\n|-weather|RainDance|[upkeep]\n|-damage|p1a: Glaceon|27\/100 tox|[from] psn\n|upkeep\n|turn|12\n|\n|t:|1700952301\n|switch|p1a: Vanilluxe|Vanilluxe, M|100\/100\n|-weather|Snow|[from] ability: Snow Warning|[of] p1a: Vanilluxe\n|move|p2a: Seismitoad|Surf|p1a: Vanilluxe\n|-damage|p1a: Vanilluxe|80\/100\n|\n|-weather|Snow|[upkeep]\n|-sideend|p1: valeryku|move: Aurora Veil\n|upkeep\n|turn|13\n|\n|t:|1700952311\n|switch|p2a: Politoed|Politoed, F|55\/100 tox\n|-weather|RainDance|[from] ability: Drizzle|[of] p2a: Politoed\n|move|p1a: Vanilluxe|Ice Beam|p2a: Politoed\n|-resisted|p2a: Politoed\n|-damage|p2a: Politoed|35\/100 tox\n|\n|-weather|RainDance|[upkeep]\n|-damage|p2a: Politoed|29\/100 tox|[from] psn\n|upkeep\n|turn|14\n|\n|t:|1700952321\n|switch|p1a: Glaceon|Glaceon, F, shiny|27\/100 tox\n|switch|p2a: Lapras|Lapras, F|100\/100\n|\n|-weather|RainDance|[upkeep]\n|-damage|p1a: Glaceon|21\/100 tox|[from] psn\n|upkeep\n|turn|15\n|\n|t:|1700952328\n|switch|p2a: Seismitoad|Seismitoad, F, tera:Poison|100\/100\n|move|p1a: Glaceon|Toxic|p2a: Seismitoad|[miss]\n|-miss|p1a: Glaceon|p2a: Seismitoad\n|\n|-weather|RainDance|[upkeep]\n|-damage|p1a: Glaceon|9\/100 tox|[from] psn\n|upkeep\n|turn|16\n|\n|t:|1700952338\n|switch|p1a: Vanilluxe|Vanilluxe, M|80\/100\n|-weather|Snow|[from] ability: Snow Warning|[of] p1a: Vanilluxe\n|move|p2a: Seismitoad|Sludge Wave|p1a: Vanilluxe\n|-damage|p1a: Vanilluxe|37\/100\n|\n|-weather|Snow|[upkeep]\n|upkeep\n|turn|17\n|\n|t:|1700952346\n|move|p1a: Vanilluxe|Ice Beam|p2a: Seismitoad\n|-damage|p2a: Seismitoad|45\/100\n|move|p2a: Seismitoad|Sludge Wave|p1a: Vanilluxe\n|-damage|p1a: Vanilluxe|0 fnt\n|faint|p1a: Vanilluxe\n|\n|-weather|Snow|[upkeep]\n|upkeep\n|\n|t:|1700952353\n|switch|p1a: Frosmoth|Frosmoth, F|100\/100\n|turn|18\n|\n|t:|1700952361\n|switch|p2a: Politoed|Politoed, F|29\/100 tox\n|-weather|RainDance|[from] ability: Drizzle|[of] p2a: Politoed\n|move|p1a: Frosmoth|Quiver Dance|p1a: Frosmoth\n|-boost|p1a: Frosmoth|spa|1\n|-boost|p1a: Frosmoth|spd|1\n|-boost|p1a: Frosmoth|spe|1\n|\n|-weather|RainDance|[upkeep]\n|-damage|p2a: Politoed|23\/100 tox|[from] psn\n|upkeep\n|turn|19\n|\n|t:|1700952370\n|move|p1a: Frosmoth|Bug Buzz|p2a: Politoed\n|-damage|p2a: Politoed|0 fnt\n|faint|p2a: Politoed\n|\n|-weather|RainDance|[upkeep]\n|upkeep\n|\n|t:|1700952374\n|switch|p2a: Quaquaval|Quaquaval, M|100\/100\n|turn|20\n|\n|t:|1700952387\n|move|p1a: Frosmoth|Quiver Dance|p1a: Frosmoth\n|-boost|p1a: Frosmoth|spa|1\n|-boost|p1a: Frosmoth|spd|1\n|-boost|p1a: Frosmoth|spe|1\n|move|p2a: Quaquaval|Aqua Step|p1a: Frosmoth\n|-damage|p1a: Frosmoth|0 fnt\n|-boost|p2a: Quaquaval|spe|1\n|faint|p1a: Frosmoth\n|-ability|p2a: Quaquaval|Moxie|boost\n|-boost|p2a: Quaquaval|atk|1\n|\n|-weather|RainDance|[upkeep]\n|upkeep\n|\n|t:|1700952397\n|switch|p1a: Regice|Regice|100\/100\n|turn|21\n|\n|t:|1700952406\n|move|p2a: Quaquaval|Close Combat|p1a: Regice\n|-supereffective|p1a: Regice\n|-damage|p1a: Regice|0 fnt\n|-unboost|p2a: Quaquaval|def|1\n|-unboost|p2a: Quaquaval|spd|1\n|faint|p1a: Regice\n|-ability|p2a: Quaquaval|Moxie|boost\n|-boost|p2a: Quaquaval|atk|1\n|\n|-weather|RainDance|[upkeep]\n|upkeep\n|\n|t:|1700952414\n|switch|p1a: Avalugg|Avalugg, M|100\/100\n|turn|22\n|\n|t:|1700952417\n|move|p2a: Quaquaval|Close Combat|p1a: Avalugg\n|-supereffective|p1a: Avalugg\n|-damage|p1a: Avalugg|12\/100\n|-unboost|p2a: Quaquaval|def|1\n|-unboost|p2a: Quaquaval|spd|1\n|move|p1a: Avalugg|Body Press|p2a: Quaquaval\n|-damage|p2a: Quaquaval|2\/100\n|\n|-weather|RainDance|[upkeep]\n|-heal|p1a: Avalugg|18\/100|[from] item: Leftovers\n|upkeep\n|turn|23\n|\n|t:|1700952427\n|move|p2a: Quaquaval|Aqua Jet|p1a: Avalugg\n|-damage|p1a: Avalugg|0 fnt\n|faint|p1a: Avalugg\n|-ability|p2a: Quaquaval|Moxie|boost\n|-boost|p2a: Quaquaval|atk|1\n|\n|-weather|RainDance|[upkeep]\n|upkeep\n|-message|valeryku forfeited.\n|\n|win|Heroadrix\n|raw|valeryku's rating: 1147 &rarr; <strong>1127<\/strong><br \/>(-20 for losing)\n|raw|Heroadrix's rating: 1216 &rarr; <strong>1236<\/strong><br \/>(+20 for winning)\n|l|\u2606valeryku\n","uploadtime":1700952449,"views":7,"p1id":"valeryku","p2id":"heroadrix","formatid":"gen9nationaldex","rating":1127,"private":0,"password":""}