{"id":"gen9nationaldex-1996581976","p1":"wingstingz","p2":"Big Swids","format":"[Gen 9] National Dex","log":"|html|<div class=\"broadcast-blue\"><strong>[Gen 9] National Dex is currently suspecting Sneasler! For information on how to participate check out the <a href=\"https:\/\/www.smogon.com\/forums\/threads\/sv-national-dex-suspect-8-just-dance.3731534\/\">suspect thread<\/a>.<\/strong><\/div>\n|j|\u2606wingstingz\n|j|\u2606Big Swids\n|t:|1700696874\n|gametype|singles\n|player|p1|wingstingz|ingo-hisui|1152\n|player|p2|Big Swids|brycenman|1074\n|teamsize|p1|6\n|teamsize|p2|6\n|gen|9\n|tier|[Gen 9] National Dex\n|rated|\n|rule|HP Percentage Mod: HP is shown in percentages\n|rule|Endless Battle Clause: Forcing endless battles is banned\n|rule|OHKO Clause: OHKO moves are banned\n|rule|Evasion Clause: Evasion abilities, items, and moves are banned\n|rule|Evasion Abilities Clause: Evasion abilities are banned\n|rule|Evasion Items Clause: Evasion items are banned\n|rule|Evasion Moves Clause: Evasion moves are banned\n|rule|Species Clause: Limit one of each Pok\u00e9mon\n|rule|Sleep Clause Mod: Limit one foe put to sleep\n|clearpoke\n|poke|p1|Nidoking, M|\n|poke|p1|Tornadus-Therian, M|\n|poke|p1|Heatran, F|\n|poke|p1|Sneasler, M|\n|poke|p1|Gyarados, F|\n|poke|p1|Buzzwole|\n|poke|p2|Eiscue, M|\n|poke|p2|Swampert, M|\n|poke|p2|Pelipper, F|\n|poke|p2|Clodsire, F|\n|poke|p2|Rotom-Wash|\n|poke|p2|Luxray, F|\n|teampreview\n|\n|t:|1700696883\n|start\n|switch|p1a: Tornadus|Tornadus-Therian, M|100\/100\n|switch|p2a: :)|Clodsire, F|100\/100\n|turn|1\n|\n|t:|1700696890\n|move|p1a: Tornadus|Knock Off|p2a: :)\n|-damage|p2a: :)|80\/100\n|-damage|p1a: Tornadus|84\/100|[from] item: Rocky Helmet|[of] p2a: :)\n|-enditem|p2a: :)|Rocky Helmet|[from] move: Knock Off|[of] p1a: Tornadus\n|move|p2a: :)|Stealth Rock|p1a: Tornadus\n|-sidestart|p1: wingstingz|move: Stealth Rock\n|\n|upkeep\n|turn|2\n|\n|t:|1700696901\n|move|p1a: Tornadus|Defog|p2a: :)\n|-unboost|p2a: :)|evasion|1\n|-sideend|p1: wingstingz|Stealth Rock|[from] move: Defog|[of] p1a: Tornadus\n|move|p2a: :)|Curse|p2a: :)\n|-unboost|p2a: :)|spe|1\n|-boost|p2a: :)|atk|1\n|-boost|p2a: :)|def|1\n|\n|upkeep\n|turn|3\n|\n|t:|1700696908\n|move|p1a: Tornadus|U-turn|p2a: :)\n|-resisted|p2a: :)\n|-damage|p2a: :)|75\/100\n|\n|t:|1700696910\n|switch|p1a: Nidoking|Nidoking, M|100\/100|[from] U-turn\n|move|p2a: :)|Curse|p2a: :)\n|-unboost|p2a: :)|spe|1\n|-boost|p2a: :)|atk|1\n|-boost|p2a: :)|def|1\n|\n|upkeep\n|turn|4\n|\n|t:|1700696921\n|move|p1a: Nidoking|Ice Beam|p2a: :)\n|-supereffective|p2a: :)\n|-damage|p2a: :)|32\/100\n|move|p2a: :)|Body Press|p1a: Nidoking\n|-resisted|p1a: Nidoking\n|-damage|p1a: Nidoking|84\/100\n|\n|upkeep\n|turn|5\n|\n|t:|1700696932\n|move|p1a: Nidoking|Sludge Wave|p2a: :)\n|-resisted|p2a: :)\n|-damage|p2a: :)|23\/100\n|move|p2a: :)|Body Press|p1a: Nidoking\n|-resisted|p1a: Nidoking\n|-damage|p1a: Nidoking|66\/100\n|\n|upkeep\n|turn|6\n|\n|t:|1700696943\n|move|p1a: Nidoking|Earth Power|p2a: :)\n|-supereffective|p2a: :)\n|-damage|p2a: :)|0 fnt\n|faint|p2a: :)\n|\n|upkeep\n|\n|t:|1700696949\n|switch|p2a: Fatty|Pelipper, F|100\/100\n|-weather|RainDance|[from] ability: Drizzle|[of] p2a: Fatty\n|turn|7\n|\n|t:|1700696957\n|switch|p1a: Gyarados|Gyarados, F, shiny|100\/100\n|-ability|p1a: Gyarados|Intimidate|boost\n|-unboost|p2a: Fatty|atk|1\n|move|p2a: Fatty|Weather Ball|p1a: Gyarados\n|-resisted|p1a: Gyarados\n|-damage|p1a: Gyarados|73\/100\n|\n|-weather|RainDance|[upkeep]\n|upkeep\n|turn|8\n|\n|t:|1700696970\n|switch|p2a: Easy Wash|Rotom-Wash, shiny|100\/100\n|detailschange|p1a: Gyarados|Gyarados-Mega, F, shiny\n|-mega|p1a: Gyarados|Gyarados|Gyaradosite\n|-ability|p1a: Gyarados|Mold Breaker\n|move|p1a: Gyarados|Power Whip|p2a: Easy Wash\n|-supereffective|p2a: Easy Wash\n|-damage|p2a: Easy Wash|0 fnt\n|faint|p2a: Easy Wash\n|\n|-weather|RainDance|[upkeep]\n|upkeep\n|\n|t:|1700696979\n|switch|p2a: Simba|Luxray, F, shiny|100\/100\n|turn|9\n|\n|t:|1700696986\n|switch|p1a: Nidoking|Nidoking, M|66\/100\n|move|p2a: Simba|Wild Charge|p1a: Nidoking\n|-immune|p1a: Nidoking\n|\n|-weather|RainDance|[upkeep]\n|-status|p2a: Simba|brn|[from] item: Flame Orb\n|upkeep\n|turn|10\n|\n|t:|1700696996\n|move|p1a: Nidoking|Earth Power|p2a: Simba\n|-supereffective|p2a: Simba\n|-damage|p2a: Simba|0 fnt\n|faint|p2a: Simba\n|\n|-weather|RainDance|[upkeep]\n|upkeep\n|\n|t:|1700697002\n|switch|p2a: Ben 10|Swampert, M, shiny|100\/100\n|turn|11\n|\n|t:|1700697007\n|switch|p1a: Tornadus|Tornadus-Therian, M|100\/100\n|detailschange|p2a: Ben 10|Swampert-Mega, M, shiny\n|-mega|p2a: Ben 10|Swampert|Swampertite\n|move|p2a: Ben 10|Waterfall|p1a: Tornadus\n|-damage|p1a: Tornadus|8\/100\n|\n|-weather|none\n|upkeep\n|turn|12\n|\n|t:|1700697016\n|-zpower|p1a: Tornadus\n|move|p1a: Tornadus|Supersonic Skystrike|p2a: Ben 10|[zeffect]\n|-damage|p2a: Ben 10|49\/100\n|move|p2a: Ben 10|Waterfall|p1a: Tornadus\n|-damage|p1a: Tornadus|0 fnt\n|faint|p1a: Tornadus\n|\n|upkeep\n|\n|t:|1700697034\n|switch|p1a: Buzzwole|Buzzwole|100\/100\n|turn|13\n|\n|t:|1700697038\n|switch|p2a: Fatty|Pelipper, F|100\/100\n|-weather|RainDance|[from] ability: Drizzle|[of] p2a: Fatty\n|move|p1a: Buzzwole|Bulk Up|p1a: Buzzwole\n|-boost|p1a: Buzzwole|atk|1\n|-boost|p1a: Buzzwole|def|1\n|\n|-weather|RainDance|[upkeep]\n|upkeep\n|turn|14\n|\n|t:|1700697047\n|-terastallize|p1a: Buzzwole|Rock\n|move|p1a: Buzzwole|Ice Punch|p2a: Fatty\n|-damage|p2a: Fatty|56\/100\n|move|p2a: Fatty|Hurricane|p1a: Buzzwole\n|-resisted|p1a: Buzzwole\n|-damage|p1a: Buzzwole|65\/100\n|\n|-weather|RainDance|[upkeep]\n|upkeep\n|turn|15\n|\n|t:|1700697056\n|switch|p1a: Gyarados|Gyarados-Mega, F, shiny|73\/100\n|-ability|p1a: Gyarados|Mold Breaker\n|move|p2a: Fatty|Weather Ball|p1a: Gyarados\n|-resisted|p1a: Gyarados\n|-damage|p1a: Gyarados|48\/100\n|\n|-weather|RainDance|[upkeep]\n|upkeep\n|turn|16\n|\n|t:|1700697072\n|move|p1a: Gyarados|Thunder Wave|p2a: Fatty\n|-status|p2a: Fatty|par\n|move|p2a: Fatty|Hurricane|p1a: Gyarados\n|-damage|p1a: Gyarados|12\/100\n|\n|-weather|RainDance|[upkeep]\n|upkeep\n|turn|17\n|\n|t:|1700697085\n|move|p1a: Gyarados|Waterfall|p2a: Fatty\n|-resisted|p2a: Fatty\n|-crit|p2a: Fatty\n|-damage|p2a: Fatty|5\/100 par\n|move|p2a: Fatty|Hurricane|p1a: Gyarados\n|-damage|p1a: Gyarados|0 fnt\n|faint|p1a: Gyarados\n|\n|-weather|none\n|upkeep\n|\n|t:|1700697106\n|switch|p1a: Sneasler|Sneasler, M|100\/100\n|turn|18\n|\n|t:|1700697113\n|move|p1a: Sneasler|Dire Claw|p2a: Fatty\n|-damage|p2a: Fatty|0 fnt\n|faint|p2a: Fatty\n|\n|upkeep\n|\n|t:|1700697120\n|switch|p2a: Ben 10|Swampert-Mega, M, shiny|49\/100\n|turn|19\n|\n|t:|1700697127\n|move|p1a: Sneasler|Dire Claw|p2a: Ben 10\n|-resisted|p2a: Ben 10\n|-crit|p2a: Ben 10\n|-damage|p2a: Ben 10|22\/100\n|move|p2a: Ben 10|Outrage|p1a: Sneasler\n|-damage|p1a: Sneasler|16\/100\n|\n|upkeep\n|turn|20\n|\n|t:|1700697137\n|move|p1a: Sneasler|Dire Claw|p2a: Ben 10\n|-resisted|p2a: Ben 10\n|-damage|p2a: Ben 10|5\/100\n|-status|p2a: Ben 10|par\n|move|p2a: Ben 10|Outrage|p1a: Sneasler|[from]lockedmove\n|-damage|p1a: Sneasler|0 fnt\n|faint|p1a: Sneasler\n|-start|p2a: Ben 10|confusion|[fatigue]\n|\n|upkeep\n|\n|t:|1700697144\n|switch|p1a: Nidoking|Nidoking, M|66\/100\n|turn|21\n|\n|t:|1700697149\n|move|p1a: Nidoking|Sludge Wave|p2a: Ben 10\n|-resisted|p2a: Ben 10\n|-damage|p2a: Ben 10|0 fnt\n|faint|p2a: Ben 10\n|\n|upkeep\n|\n|t:|1700697153\n|switch|p2a: EyesQ|Eiscue, M, shiny|100\/100\n|turn|22\n|\n|t:|1700697157\n|move|p1a: Nidoking|Sludge Wave|p2a: EyesQ\n|-damage|p2a: EyesQ|34\/100\n|-enditem|p2a: EyesQ|Sitrus Berry|[eat]\n|-heal|p2a: EyesQ|59\/100|[from] item: Sitrus Berry\n|move|p2a: EyesQ|Substitute|p2a: EyesQ\n|-start|p2a: EyesQ|Substitute\n|-damage|p2a: EyesQ|34\/100\n|\n|upkeep\n|turn|23\n|\n|t:|1700697172\n|move|p1a: Nidoking|Sludge Wave|p2a: EyesQ\n|-end|p2a: EyesQ|Substitute\n|move|p2a: EyesQ|Icicle Crash|p1a: Nidoking|[miss]\n|-miss|p2a: EyesQ|p1a: Nidoking\n|\n|upkeep\n|turn|24\n|-message|Big Swids forfeited.\n|\n|win|wingstingz\n|raw|wingstingz's rating: 1152 &rarr; <strong>1171<\/strong><br \/>(+19 for winning)\n|raw|Big Swids's rating: 1074 &rarr; <strong>1058<\/strong><br \/>(-16 for losing)\n|l|\u2606Big Swids\n","uploadtime":1700697180,"views":1,"p1id":"wingstingz","p2id":"bigswids","formatid":"gen9nationaldex","rating":1058,"private":0,"password":""}