{"id":"gen9nationaldex-1998532277","p1":"Georgekittle4mvp","p2":"Keanmon","format":"[Gen 9] National Dex","log":"|html|<div class=\"broadcast-blue\"><strong>[Gen 9] National Dex is currently suspecting Sneasler! For information on how to participate check out the <a href=\"https:\/\/www.smogon.com\/forums\/threads\/sv-national-dex-suspect-8-just-dance.3731534\/\">suspect thread<\/a>.<\/strong><\/div>\n|j|\u2606Georgekittle4mvp\n|j|\u2606Keanmon\n|t:|1700953059\n|gametype|singles\n|player|p1|Georgekittle4mvp|lance|1120\n|player|p2|Keanmon|rood|1228\n|teamsize|p1|6\n|teamsize|p2|6\n|gen|9\n|tier|[Gen 9] National Dex\n|rated|\n|rule|HP Percentage Mod: HP is shown in percentages\n|rule|Endless Battle Clause: Forcing endless battles is banned\n|rule|OHKO Clause: OHKO moves are banned\n|rule|Evasion Clause: Evasion abilities, items, and moves are banned\n|rule|Evasion Abilities Clause: Evasion abilities are banned\n|rule|Evasion Items Clause: Evasion items are banned\n|rule|Evasion Moves Clause: Evasion moves are banned\n|rule|Species Clause: Limit one of each Pok\u00e9mon\n|rule|Sleep Clause Mod: Limit one foe put to sleep\n|clearpoke\n|poke|p1|Tyranitar, M|\n|poke|p1|Garchomp, M|\n|poke|p1|Venusaur, M|\n|poke|p1|Zamazenta-*|\n|poke|p1|Corviknight, F|\n|poke|p1|Ting-Lu|\n|poke|p2|Cloyster, M|\n|poke|p2|Forretress, M|\n|poke|p2|Solrock|\n|poke|p2|Glalie, M|\n|poke|p2|Ferrothorn, M|\n|poke|p2|Carbink|\n|teampreview\n|\n|t:|1700953069\n|start\n|switch|p1a: Zamazenta|Zamazenta|100\/100\n|switch|p2a: Cryosion|Glalie, M|100\/100\n|-ability|p1a: Zamazenta|Dauntless Shield|boost\n|-boost|p1a: Zamazenta|def|1\n|turn|1\n|\n|t:|1700953077\n|switch|p2a: Ironut|Forretress, M|100\/100\n|move|p1a: Zamazenta|Close Combat|p2a: Ironut\n|-damage|p2a: Ironut|65\/100\n|-unboost|p1a: Zamazenta|def|1\n|-unboost|p1a: Zamazenta|spd|1\n|\n|-heal|p2a: Ironut|71\/100|[from] item: Leftovers\n|upkeep\n|turn|2\n|\n|t:|1700953099\n|switch|p1a: Apophis|Tyranitar, M|100\/100\n|-weather|Sandstorm|[from] ability: Sand Stream|[of] p1a: Apophis\n|move|p2a: Ironut|Zap Cannon|p1a: Apophis\n|-damage|p1a: Apophis|89\/100\n|-status|p1a: Apophis|par\n|\n|-weather|Sandstorm|[upkeep]\n|-heal|p2a: Ironut|77\/100|[from] item: Leftovers\n|upkeep\n|turn|3\n|\n|t:|1700953111\n|move|p1a: Apophis|Dragon Dance|p1a: Apophis\n|-boost|p1a: Apophis|atk|1\n|-boost|p1a: Apophis|spe|1\n|move|p2a: Ironut|Stealth Rock|p1a: Apophis\n|-sidestart|p1: Georgekittle4mvp|move: Stealth Rock\n|\n|-weather|Sandstorm|[upkeep]\n|-heal|p2a: Ironut|83\/100|[from] item: Leftovers\n|upkeep\n|turn|4\n|\n|t:|1700953126\n|switch|p2a: Geoshine|Solrock|100\/100\n|move|p1a: Apophis|Dragon Dance|p1a: Apophis\n|-boost|p1a: Apophis|atk|1\n|-boost|p1a: Apophis|spe|1\n|\n|-weather|Sandstorm|[upkeep]\n|upkeep\n|turn|5\n|\n|t:|1700953135\n|move|p2a: Geoshine|Iron Head|p1a: Apophis\n|-supereffective|p1a: Apophis\n|-damage|p1a: Apophis|52\/100 par\n|cant|p1a: Apophis|flinch\n|\n|-weather|Sandstorm|[upkeep]\n|upkeep\n|turn|6\n|\n|t:|1700953143\n|move|p2a: Geoshine|Iron Head|p1a: Apophis\n|-supereffective|p1a: Apophis\n|-damage|p1a: Apophis|15\/100 par\n|move|p1a: Apophis|Dragon Dance|p1a: Apophis\n|-boost|p1a: Apophis|atk|1\n|-boost|p1a: Apophis|spe|1\n|\n|-weather|none\n|upkeep\n|turn|7\n|\n|t:|1700953151\n|move|p2a: Geoshine|Iron Head|p1a: Apophis\n|-supereffective|p1a: Apophis\n|-damage|p1a: Apophis|0 fnt\n|faint|p1a: Apophis\n|\n|upkeep\n|\n|t:|1700953158\n|switch|p1a: Volundr|Ting-Lu|100\/100\n|-damage|p1a: Volundr|94\/100|[from] Stealth Rock\n|-ability|p1a: Volundr|Vessel of Ruin\n|turn|8\n|\n|t:|1700953164\n|switch|p2a: Ironut|Forretress, M|83\/100\n|move|p1a: Volundr|Earthquake|p2a: Ironut\n|-damage|p2a: Ironut|57\/100\n|\n|-heal|p2a: Ironut|63\/100|[from] item: Leftovers\n|upkeep\n|turn|9\n|\n|t:|1700953180\n|move|p1a: Volundr|Stealth Rock|p2a: Ironut\n|-sidestart|p2: Keanmon|move: Stealth Rock\n|move|p2a: Ironut|Toxic Spikes|p1a: Volundr\n|-sidestart|p1: Georgekittle4mvp|move: Toxic Spikes\n|\n|-heal|p2a: Ironut|69\/100|[from] item: Leftovers\n|upkeep\n|turn|10\n|c|\u2606Georgekittle4mvp|Go fuck a goat\n|\n|t:|1700953194\n|move|p1a: Volundr|Earthquake|p2a: Ironut\n|-damage|p2a: Ironut|43\/100\n|move|p2a: Ironut|Rapid Spin|p1a: Volundr\n|-damage|p1a: Volundr|88\/100\n|-boost|p2a: Ironut|spe|1\n|-damage|p2a: Ironut|26\/100|[from] item: Rocky Helmet|[of] p1a: Volundr\n|-sideend|p2: Keanmon|Stealth Rock|[from] move: Rapid Spin|[of] p2a: Ironut\n|\n|-heal|p2a: Ironut|33\/100|[from] item: Leftovers\n|upkeep\n|turn|11\n|inactive|Battle timer is ON: inactive players will automatically lose when time's up. (requested by Georgekittle4mvp)\n|\n|t:|1700953206\n|move|p2a: Ironut|Rapid Spin|p1a: Volundr\n|-damage|p1a: Volundr|81\/100\n|-boost|p2a: Ironut|spe|1\n|-damage|p2a: Ironut|16\/100|[from] item: Rocky Helmet|[of] p1a: Volundr\n|move|p1a: Volundr|Earthquake|p2a: Ironut\n|-damage|p2a: Ironut|0 fnt\n|faint|p2a: Ironut\n|\n|upkeep\n|c|\u2606Keanmon|Why do you think i'm winning?\n|\n|t:|1700953227\n|switch|p2a: Cryosion|Glalie, M|100\/100\n|turn|12\n|\n|t:|1700953237\n|detailschange|p2a: Cryosion|Glalie-Mega, M\n|-mega|p2a: Cryosion|Glalie|Glalitite\n|move|p2a: Cryosion|Return|p1a: Volundr\n|-supereffective|p1a: Volundr\n|-damage|p1a: Volundr|0 fnt\n|-damage|p2a: Cryosion|84\/100|[from] item: Rocky Helmet|[of] p1a: Volundr\n|faint|p1a: Volundr\n|\n|upkeep\n|\n|t:|1700953248\n|switch|p1a: Zamazenta|Zamazenta|100\/100\n|-damage|p1a: Zamazenta|94\/100|[from] Stealth Rock\n|-status|p1a: Zamazenta|psn\n|turn|13\n|\n|t:|1700953253\n|switch|p2a: Geoshine|Solrock|100\/100\n|move|p1a: Zamazenta|Iron Head|p2a: Geoshine\n|-supereffective|p2a: Geoshine\n|-damage|p2a: Geoshine|48\/100\n|\n|-damage|p1a: Zamazenta|82\/100 psn|[from] psn\n|upkeep\n|turn|14\n|\n|t:|1700953266\n|switch|p2a: Whiplash|Ferrothorn, M|100\/100\n|-terastallize|p1a: Zamazenta|Psychic\n|move|p1a: Zamazenta|Iron Head|p2a: Whiplash\n|-resisted|p2a: Whiplash\n|-damage|p2a: Whiplash|91\/100\n|-damage|p1a: Zamazenta|70\/100 psn|[from] ability: Iron Barbs|[of] p2a: Whiplash\n|-damage|p1a: Zamazenta|53\/100 psn|[from] item: Rocky Helmet|[of] p2a: Whiplash\n|\n|-damage|p1a: Zamazenta|41\/100 psn|[from] psn\n|upkeep\n|turn|15\n|\n|t:|1700953279\n|move|p2a: Whiplash|Protect|p2a: Whiplash\n|-singleturn|p2a: Whiplash|Protect\n|move|p1a: Zamazenta|Close Combat|p2a: Whiplash\n|-activate|p2a: Whiplash|move: Protect\n|\n|-damage|p1a: Zamazenta|29\/100 psn|[from] psn\n|upkeep\n|turn|16\n|\n|t:|1700953287\n|switch|p2a: Geoshine|Solrock|48\/100\n|move|p1a: Zamazenta|Close Combat|p2a: Geoshine\n|-damage|p2a: Geoshine|0 fnt\n|-unboost|p1a: Zamazenta|def|1\n|-unboost|p1a: Zamazenta|spd|1\n|faint|p2a: Geoshine\n|\n|-damage|p1a: Zamazenta|16\/100 psn|[from] psn\n|upkeep\n|\n|t:|1700953299\n|switch|p2a: Cryosion|Glalie-Mega, M|84\/100\n|turn|17\n|\n|t:|1700953306\n|move|p2a: Cryosion|Ice Shard|p1a: Zamazenta\n|-damage|p1a: Zamazenta|0 fnt\n|faint|p1a: Zamazenta\n|\n|upkeep\n|\n|t:|1700953316\n|switch|p1a: Better skarmory|Corviknight, F, shiny|100\/100\n|-damage|p1a: Better skarmory|88\/100|[from] Stealth Rock\n|turn|18\n|\n|t:|1700953326\n|switch|p2a: Whiplash|Ferrothorn, M|91\/100\n|move|p1a: Better skarmory|Bulk Up|p1a: Better skarmory\n|-boost|p1a: Better skarmory|atk|1\n|-boost|p1a: Better skarmory|def|1\n|\n|-heal|p1a: Better skarmory|94\/100|[from] item: Leftovers\n|upkeep\n|turn|19\n|\n|t:|1700953336\n|move|p1a: Better skarmory|Defog|p2a: Whiplash\n|-unboost|p2a: Whiplash|evasion|1\n|-sideend|p1: Georgekittle4mvp|Toxic Spikes|[from] move: Defog|[of] p1a: Better skarmory\n|-sideend|p1: Georgekittle4mvp|Stealth Rock|[from] move: Defog|[of] p1a: Better skarmory\n|move|p2a: Whiplash|Leech Seed|p1a: Better skarmory\n|-start|p1a: Better skarmory|move: Leech Seed\n|\n|-heal|p1a: Better skarmory|100\/100|[from] item: Leftovers\n|-damage|p1a: Better skarmory|88\/100|[from] Leech Seed|[of] p2a: Whiplash\n|-heal|p2a: Whiplash|100\/100|[silent]\n|upkeep\n|turn|20\n|\n|t:|1700953348\n|move|p1a: Better skarmory|Bulk Up|p1a: Better skarmory\n|-boost|p1a: Better skarmory|atk|1\n|-boost|p1a: Better skarmory|def|1\n|move|p2a: Whiplash|Power Whip|p1a: Better skarmory\n|-resisted|p1a: Better skarmory\n|-damage|p1a: Better skarmory|84\/100\n|\n|-heal|p1a: Better skarmory|90\/100|[from] item: Leftovers\n|-damage|p1a: Better skarmory|78\/100|[from] Leech Seed|[of] p2a: Whiplash\n|upkeep\n|turn|21\n|\n|t:|1700953361\n|move|p2a: Whiplash|Protect|p2a: Whiplash\n|-singleturn|p2a: Whiplash|Protect\n|move|p1a: Better skarmory|Bulk Up|p1a: Better skarmory\n|-boost|p1a: Better skarmory|atk|1\n|-boost|p1a: Better skarmory|def|1\n|\n|-heal|p1a: Better skarmory|84\/100|[from] item: Leftovers\n|-damage|p1a: Better skarmory|71\/100|[from] Leech Seed|[of] p2a: Whiplash\n|upkeep\n|turn|22\n|\n|t:|1700953371\n|move|p1a: Better skarmory|Bulk Up|p1a: Better skarmory\n|-boost|p1a: Better skarmory|atk|1\n|-boost|p1a: Better skarmory|def|1\n|move|p2a: Whiplash|Power Whip|p1a: Better skarmory\n|-resisted|p1a: Better skarmory\n|-damage|p1a: Better skarmory|69\/100\n|\n|-heal|p1a: Better skarmory|75\/100|[from] item: Leftovers\n|-damage|p1a: Better skarmory|62\/100|[from] Leech Seed|[of] p2a: Whiplash\n|upkeep\n|turn|23\n|\n|t:|1700953382\n|move|p1a: Better skarmory|Roost|p1a: Better skarmory\n|-heal|p1a: Better skarmory|100\/100\n|-singleturn|p1a: Better skarmory|move: Roost\n|move|p2a: Whiplash|Power Whip|p1a: Better skarmory|[miss]\n|-miss|p2a: Whiplash|p1a: Better skarmory\n|\n|-damage|p1a: Better skarmory|88\/100|[from] Leech Seed|[of] p2a: Whiplash\n|upkeep\n|turn|24\n|\n|t:|1700953394\n|move|p1a: Better skarmory|U-turn|p2a: Whiplash\n|-damage|p2a: Whiplash|68\/100\n|-damage|p1a: Better skarmory|75\/100|[from] ability: Iron Barbs|[of] p2a: Whiplash\n|-damage|p1a: Better skarmory|59\/100|[from] item: Rocky Helmet|[of] p2a: Whiplash\n|\n|t:|1700953399\n|switch|p1a: Sahara|Garchomp, M|100\/100|[from] U-turn\n|move|p2a: Whiplash|Power Whip|p1a: Sahara\n|-damage|p1a: Sahara|61\/100\n|-damage|p2a: Whiplash|55\/100|[from] ability: Rough Skin|[of] p1a: Sahara\n|\n|upkeep\n|turn|25\n|\n|t:|1700953409\n|move|p2a: Whiplash|Protect|p2a: Whiplash\n|-singleturn|p2a: Whiplash|Protect\n|move|p1a: Sahara|Fire Fang|p2a: Whiplash\n|-activate|p2a: Whiplash|move: Protect\n|\n|upkeep\n|turn|26\n|\n|t:|1700953415\n|switch|p2a: Comastone|Carbink|100\/100\n|move|p1a: Sahara|Earthquake|p2a: Comastone\n|-supereffective|p2a: Comastone\n|-damage|p2a: Comastone|25\/100\n|-enditem|p2a: Comastone|Sitrus Berry|[eat]\n|-heal|p2a: Comastone|50\/100|[from] item: Sitrus Berry\n|\n|upkeep\n|turn|27\n|\n|t:|1700953424\n|move|p1a: Sahara|Earthquake|p2a: Comastone\n|-supereffective|p2a: Comastone\n|-damage|p2a: Comastone|0 fnt\n|faint|p2a: Comastone\n|\n|upkeep\n|\n|t:|1700953426\n|switch|p2a: Shellshocker|Cloyster, M|100\/100\n|turn|28\n|\n|t:|1700953434\n|move|p1a: Sahara|Earthquake|p2a: Shellshocker\n|-damage|p2a: Shellshocker|54\/100\n|move|p2a: Shellshocker|Shell Smash|p2a: Shellshocker\n|-unboost|p2a: Shellshocker|def|1\n|-unboost|p2a: Shellshocker|spd|1\n|-boost|p2a: Shellshocker|atk|2\n|-boost|p2a: Shellshocker|spa|2\n|-boost|p2a: Shellshocker|spe|2\n|\n|upkeep\n|turn|29\n|\n|t:|1700953445\n|move|p2a: Shellshocker|Icicle Spear|p1a: Sahara\n|-supereffective|p1a: Sahara\n|-damage|p1a: Sahara|0 fnt\n|faint|p1a: Sahara\n|-hitcount|p1: Sahara|1\n|\n|upkeep\n|\n|t:|1700953451\n|switch|p1a: Better skarmory|Corviknight, F, shiny|59\/100\n|turn|30\n|\n|t:|1700953455\n|move|p2a: Shellshocker|Icicle Spear|p1a: Better skarmory\n|-damage|p1a: Better skarmory|40\/100\n|-damage|p1a: Better skarmory|23\/100\n|-damage|p1a: Better skarmory|7\/100\n|-damage|p1a: Better skarmory|0 fnt\n|faint|p1a: Better skarmory\n|-hitcount|p1: Better skarmory|4\n|\n|upkeep\n|-message|Georgekittle4mvp forfeited.\n|\n|win|Keanmon\n|raw|Georgekittle4mvp's rating: 1120 &rarr; <strong>1103<\/strong><br \/>(-17 for losing)\n|raw|Keanmon's rating: 1228 &rarr; <strong>1245<\/strong><br \/>(+17 for winning)\n|l|\u2606Georgekittle4mvp\n","uploadtime":1700953192,"views":1,"p1id":"georgekittle4mvp","p2id":"keanmon","formatid":"gen9nationaldex","rating":1103,"private":0,"password":""}