{"id":"gen9nationaldex-1992790590","p1":"Calm Mind Arceus","p2":"godpartikle","format":"[Gen 9] National Dex","log":"|j|\u2606Calm Mind Arceus\n|j|\u2606godpartikle\n|inactive|Battle timer is ON: inactive players will automatically lose when time's up.\n|t:|1700235702\n|gametype|singles\n|player|p1|Calm Mind Arceus|skierf|\n|player|p2|godpartikle|roark|\n|teamsize|p1|6\n|teamsize|p2|6\n|gen|9\n|tier|[Gen 9] National Dex\n|rated|Tournament battle\n|rule|HP Percentage Mod: HP is shown in percentages\n|rule|Endless Battle Clause: Forcing endless battles is banned\n|rule|OHKO Clause: OHKO moves are banned\n|rule|Evasion Clause: Evasion abilities, items, and moves are banned\n|rule|Evasion Abilities Clause: Evasion abilities are banned\n|rule|Evasion Items Clause: Evasion items are banned\n|rule|Evasion Moves Clause: Evasion moves are banned\n|rule|Species Clause: Limit one of each Pok\u00e9mon\n|rule|Sleep Clause Mod: Limit one foe put to sleep\n|clearpoke\n|poke|p1|Alomomola, M|\n|poke|p1|Rotom-Wash|\n|poke|p1|Ting-Lu|\n|poke|p1|Zapdos|\n|poke|p1|Ferrothorn, F|\n|poke|p1|Latias, F|\n|poke|p2|Rillaboom, F|\n|poke|p2|Kartana|\n|poke|p2|Heatran, M|\n|poke|p2|Zapdos|\n|poke|p2|Garganacl, M|\n|poke|p2|Latios, M|\n|teampreview\n|inactive|Calm Mind Arceus also wants the timer to be on.\n|c|\u2606Calm Mind Arceus|glhf\n|j| altseed\n|c|\u2606godpartikle|glhf\n|j|+adem\n|l|+adem\n|\n|t:|1700235715\n|start\n|switch|p1a: Rotom|Rotom-Wash|100\/100\n|switch|p2a: Rillaboom|Rillaboom, F|100\/100\n|-fieldstart|move: Grassy Terrain|[from] ability: Grassy Surge|[of] p2a: Rillaboom\n|turn|1\n|\n|t:|1700235726\n|switch|p1a: Zapdos|Zapdos|100\/100\n|move|p2a: Rillaboom|U-turn|p1a: Zapdos\n|-resisted|p1a: Zapdos\n|-damage|p1a: Zapdos|86\/100\n|\n|t:|1700235730\n|switch|p2a: Heatran|Heatran, M|100\/100|[from] U-turn\n|\n|upkeep\n|turn|2\n|\n|t:|1700235737\n|switch|p1a: Rotom|Rotom-Wash|100\/100\n|move|p2a: Heatran|Toxic|p1a: Rotom\n|-status|p1a: Rotom|tox\n|\n|-damage|p1a: Rotom|95\/100 tox|[from] psn\n|upkeep\n|turn|3\n|inactive|godpartikle has 120 seconds left.\n|\n|t:|1700235790\n|switch|p2a: Latios|Latios, M|100\/100\n|move|p1a: Rotom|Toxic|p2a: Latios\n|-status|p2a: Latios|tox\n|\n|-damage|p2a: Latios|95\/100 tox|[from] psn\n|-damage|p1a: Rotom|83\/100 tox|[from] psn\n|upkeep\n|turn|4\n|l| altseed\n|\n|t:|1700235798\n|detailschange|p2a: Latios|Latios-Mega, M\n|-mega|p2a: Latios|Latios|Latiosite\n|move|p2a: Latios|Aura Sphere|p1a: Rotom\n|-damage|p1a: Rotom|57\/100 tox\n|move|p1a: Rotom|Volt Switch|p2a: Latios\n|-resisted|p2a: Latios\n|-damage|p2a: Latios|82\/100 tox\n|j| How To Beat Lance\n|\n|t:|1700235806\n|switch|p1a: Ting-Lu|Ting-Lu|100\/100|[from] Volt Switch\n|-ability|p1a: Ting-Lu|Vessel of Ruin\n|\n|-damage|p2a: Latios|70\/100 tox|[from] psn\n|upkeep\n|turn|5\n|inactive|godpartikle has 90 seconds left.\n|\n|t:|1700235838\n|switch|p2a: Rillaboom|Rillaboom, F|100\/100\n|move|p1a: Ting-Lu|Stealth Rock|p2a: Rillaboom\n|-sidestart|p2: godpartikle|move: Stealth Rock\n|\n|-fieldend|move: Grassy Terrain\n|upkeep\n|turn|6\n|\n|t:|1700235846\n|switch|p1a: Zapdos|Zapdos|86\/100\n|move|p2a: Rillaboom|Knock Off|p1a: Zapdos\n|-damage|p1a: Zapdos|48\/100\n|-enditem|p1a: Zapdos|Heavy-Duty Boots|[from] move: Knock Off|[of] p2a: Rillaboom\n|\n|upkeep\n|turn|7\n|\n|t:|1700235852\n|switch|p2a: Garganacl|Garganacl, M|100\/100\n|-damage|p2a: Garganacl|88\/100|[from] Stealth Rock\n|move|p1a: Zapdos|Roost|p1a: Zapdos\n|-heal|p1a: Zapdos|98\/100\n|-singleturn|p1a: Zapdos|move: Roost\n|\n|-heal|p2a: Garganacl|94\/100|[from] item: Leftovers\n|upkeep\n|turn|8\n|\n|t:|1700235857\n|move|p1a: Zapdos|U-turn|p2a: Garganacl\n|-damage|p2a: Garganacl|86\/100\n|\n|t:|1700235859\n|switch|p1a: Rotom|Rotom-Wash|57\/100 tox|[from] U-turn\n|move|p2a: Garganacl|Stealth Rock|p1a: Rotom\n|-sidestart|p1: Calm Mind Arceus|move: Stealth Rock\n|\n|-heal|p2a: Garganacl|92\/100|[from] item: Leftovers\n|-damage|p1a: Rotom|51\/100 tox|[from] psn\n|upkeep\n|turn|9\n|inactive|godpartikle has 120 seconds left.\n|\n|t:|1700235880\n|move|p1a: Rotom|Pain Split|p2a: Garganacl\n|-sethp|p2a: Garganacl|65\/100|[from] move: Pain Split|[silent]\n|-sethp|p1a: Rotom|86\/100 tox|[from] move: Pain Split\n|move|p2a: Garganacl|Salt Cure|p1a: Rotom\n|-damage|p1a: Rotom|72\/100 tox\n|\n|-heal|p2a: Garganacl|71\/100|[from] item: Leftovers\n|-damage|p1a: Rotom|61\/100 tox|[from] psn\n|upkeep\n|turn|10\n|\n|t:|1700235887\n|move|p2a: Garganacl|Protect|p2a: Garganacl\n|-singleturn|p2a: Garganacl|Protect\n|move|p1a: Rotom|Hydro Pump|p2a: Garganacl\n|-activate|p2a: Garganacl|move: Protect\n|\n|-heal|p2a: Garganacl|77\/100|[from] item: Leftovers\n|-damage|p1a: Rotom|43\/100 tox|[from] psn\n|upkeep\n|turn|11\n|inactive|godpartikle has 120 seconds left.\n|\n|t:|1700235895\n|move|p1a: Rotom|Pain Split|p2a: Garganacl\n|-sethp|p2a: Garganacl|55\/100|[from] move: Pain Split|[silent]\n|-sethp|p1a: Rotom|73\/100 tox|[from] move: Pain Split\n|move|p2a: Garganacl|Recover|p2a: Garganacl\n|-heal|p2a: Garganacl|100\/100\n|\n|-damage|p1a: Rotom|49\/100 tox|[from] psn\n|upkeep\n|turn|12\n|\n|t:|1700235901\n|switch|p1a: Ferrothorn|Ferrothorn, F|100\/100\n|-damage|p1a: Ferrothorn|95\/100|[from] Stealth Rock\n|move|p2a: Garganacl|Salt Cure|p1a: Ferrothorn\n|-resisted|p1a: Ferrothorn\n|-damage|p1a: Ferrothorn|89\/100\n|-start|p1a: Ferrothorn|Salt Cure\n|\n|-heal|p1a: Ferrothorn|95\/100|[from] item: Leftovers\n|-damage|p1a: Ferrothorn|70\/100|[from] Salt Cure\n|upkeep\n|turn|13\n|\n|t:|1700235908\n|switch|p2a: Heatran|Heatran, M|100\/100\n|-damage|p2a: Heatran|88\/100|[from] Stealth Rock\n|switch|p1a: Ting-Lu|Ting-Lu|100\/100\n|-damage|p1a: Ting-Lu|94\/100|[from] Stealth Rock\n|-ability|p1a: Ting-Lu|Vessel of Ruin\n|\n|-heal|p2a: Heatran|94\/100|[from] item: Leftovers\n|-heal|p1a: Ting-Lu|100\/100|[from] item: Leftovers\n|upkeep\n|turn|14\n|\n|t:|1700235918\n|move|p2a: Heatran|Toxic|p1a: Ting-Lu\n|-status|p1a: Ting-Lu|tox\n|move|p1a: Ting-Lu|Whirlwind|p2a: Heatran\n|drag|p2a: Rillaboom|Rillaboom, F|100\/100\n|-damage|p2a: Rillaboom|88\/100|[from] Stealth Rock\n|-fieldstart|move: Grassy Terrain|[from] ability: Grassy Surge|[of] p2a: Rillaboom\n|\n|-heal|p2a: Rillaboom|94\/100|[from] Grassy Terrain\n|-damage|p1a: Ting-Lu|94\/100 tox|[from] psn\n|upkeep\n|turn|15\n|\n|t:|1700235927\n|switch|p1a: Zapdos|Zapdos|98\/100\n|-damage|p1a: Zapdos|73\/100|[from] Stealth Rock\n|move|p2a: Rillaboom|U-turn|p1a: Zapdos\n|-resisted|p1a: Zapdos\n|-damage|p1a: Zapdos|59\/100\n|\n|t:|1700235934\n|switch|p2a: Heatran|Heatran, M|94\/100|[from] U-turn\n|-damage|p2a: Heatran|82\/100|[from] Stealth Rock\n|\n|-heal|p2a: Heatran|88\/100|[from] Grassy Terrain\n|-heal|p2a: Heatran|94\/100|[from] item: Leftovers\n|upkeep\n|turn|16\n|\n|t:|1700235944\n|move|p1a: Zapdos|U-turn|p2a: Heatran\n|-resisted|p2a: Heatran\n|-damage|p2a: Heatran|92\/100\n|\n|t:|1700235947\n|switch|p1a: Rotom|Rotom-Wash|49\/100 tox|[from] U-turn\n|-damage|p1a: Rotom|37\/100 tox|[from] Stealth Rock\n|move|p2a: Heatran|Magma Storm|p1a: Rotom\n|-resisted|p1a: Rotom\n|-damage|p1a: Rotom|20\/100 tox\n|-activate|p1a: Rotom|move: Magma Storm|[of] p2a: Heatran\n|\n|-heal|p2a: Heatran|98\/100|[from] Grassy Terrain\n|-heal|p2a: Heatran|100\/100|[from] item: Leftovers\n|-damage|p1a: Rotom|14\/100 tox|[from] psn\n|-damage|p1a: Rotom|1\/100 tox|[from] move: Magma Storm|[partiallytrapped]\n|upkeep\n|turn|17\n|inactive|godpartikle has 120 seconds left.\n|\n|t:|1700235978\n|switch|p2a: Garganacl|Garganacl, M|100\/100\n|-damage|p2a: Garganacl|88\/100|[from] Stealth Rock\n|move|p1a: Rotom|Hydro Pump|p2a: Garganacl|[miss]\n|-miss|p1a: Rotom|p2a: Garganacl\n|\n|-heal|p2a: Garganacl|94\/100|[from] Grassy Terrain\n|-heal|p2a: Garganacl|100\/100|[from] item: Leftovers\n|-damage|p1a: Rotom|0 fnt|[from] psn\n|faint|p1a: Rotom\n|upkeep\n|\n|t:|1700235989\n|switch|p1a: Ting-Lu|Ting-Lu|94\/100 tox\n|-damage|p1a: Ting-Lu|88\/100 tox|[from] Stealth Rock\n|-ability|p1a: Ting-Lu|Vessel of Ruin\n|turn|18\n|inactive|godpartikle has 120 seconds left.\n|\n|t:|1700236009\n|move|p1a: Ting-Lu|Ruination|p2a: Garganacl\n|-damage|p2a: Garganacl|50\/100\n|move|p2a: Garganacl|Salt Cure|p1a: Ting-Lu\n|-resisted|p1a: Ting-Lu\n|-damage|p1a: Ting-Lu|84\/100 tox\n|-start|p1a: Ting-Lu|Salt Cure\n|\n|-heal|p1a: Ting-Lu|90\/100 tox|[from] Grassy Terrain\n|-heal|p1a: Ting-Lu|96\/100 tox|[from] item: Leftovers\n|-heal|p2a: Garganacl|57\/100|[from] Grassy Terrain\n|-heal|p2a: Garganacl|63\/100|[from] item: Leftovers\n|-damage|p1a: Ting-Lu|90\/100 tox|[from] psn\n|-damage|p1a: Ting-Lu|78\/100 tox|[from] Salt Cure\n|-fieldend|move: Grassy Terrain\n|upkeep\n|turn|19\n|\n|t:|1700236020\n|switch|p1a: Alomomola|Alomomola, M|100\/100\n|-damage|p1a: Alomomola|88\/100|[from] Stealth Rock\n|move|p2a: Garganacl|Protect||[still]\n|-fail|p2a: Garganacl\n|\n|-heal|p2a: Garganacl|69\/100|[from] item: Leftovers\n|upkeep\n|turn|20\n|inactive|godpartikle has 120 seconds left.\n|\n|t:|1700236042\n|move|p1a: Alomomola|Knock Off|p2a: Garganacl\n|-damage|p2a: Garganacl|59\/100\n|-enditem|p2a: Garganacl|Leftovers|[from] move: Knock Off|[of] p1a: Alomomola\n|move|p2a: Garganacl|Salt Cure|p1a: Alomomola\n|-damage|p1a: Alomomola|81\/100\n|-start|p1a: Alomomola|Salt Cure\n|\n|-damage|p1a: Alomomola|56\/100|[from] Salt Cure\n|upkeep\n|turn|21\n|inactive|godpartikle has 120 seconds left.\n|\n|t:|1700236050\n|switch|p1a: Zapdos|Zapdos|59\/100\n|-damage|p1a: Zapdos|34\/100|[from] Stealth Rock\n|move|p2a: Garganacl|Recover|p2a: Garganacl\n|-heal|p2a: Garganacl|100\/100\n|\n|upkeep\n|turn|22\n|inactive|godpartikle has 120 seconds left.\n|inactive|godpartikle has 90 seconds left.\n|\n|t:|1700236094\n|move|p1a: Zapdos|Roost|p1a: Zapdos\n|-heal|p1a: Zapdos|84\/100\n|-singleturn|p1a: Zapdos|move: Roost\n|move|p2a: Garganacl|Salt Cure|p1a: Zapdos\n|-damage|p1a: Zapdos|74\/100\n|-start|p1a: Zapdos|Salt Cure\n|\n|-damage|p1a: Zapdos|62\/100|[from] Salt Cure\n|upkeep\n|turn|23\n|\n|t:|1700236100\n|switch|p1a: Alomomola|Alomomola, M|90\/100\n|-damage|p1a: Alomomola|77\/100|[from] Stealth Rock\n|move|p2a: Garganacl|Protect||[still]\n|-fail|p2a: Garganacl\n|\n|upkeep\n|turn|24\n|\n|t:|1700236110\n|move|p1a: Alomomola|Wish|p1a: Alomomola\n|move|p2a: Garganacl|Salt Cure|p1a: Alomomola\n|-damage|p1a: Alomomola|70\/100\n|-start|p1a: Alomomola|Salt Cure\n|\n|-damage|p1a: Alomomola|45\/100|[from] Salt Cure\n|upkeep\n|turn|25\n|inactive|godpartikle has 90 seconds left.\n|\n|t:|1700236151\n|switch|p1a: Ferrothorn|Ferrothorn, F|70\/100\n|-damage|p1a: Ferrothorn|64\/100|[from] Stealth Rock\n|move|p2a: Garganacl|Salt Cure|p1a: Ferrothorn\n|-resisted|p1a: Ferrothorn\n|-damage|p1a: Ferrothorn|59\/100\n|-start|p1a: Ferrothorn|Salt Cure\n|\n|-heal|p1a: Ferrothorn|100\/100|[from] move: Wish|[wisher] Alomomola\n|-damage|p1a: Ferrothorn|76\/100|[from] Salt Cure\n|upkeep\n|turn|26\n|\n|t:|1700236174\n|switch|p2a: Heatran|Heatran, M|100\/100\n|-damage|p2a: Heatran|88\/100|[from] Stealth Rock\n|move|p1a: Ferrothorn|Leech Seed|p2a: Heatran\n|-start|p2a: Heatran|move: Leech Seed\n|\n|-heal|p2a: Heatran|94\/100|[from] item: Leftovers\n|-heal|p1a: Ferrothorn|82\/100|[from] item: Leftovers\n|-damage|p2a: Heatran|82\/100|[from] Leech Seed|[of] p1a: Ferrothorn\n|-heal|p1a: Ferrothorn|95\/100|[silent]\n|-damage|p1a: Ferrothorn|71\/100|[from] Salt Cure\n|upkeep\n|turn|27\n|inactive|godpartikle has 90 seconds left.\n|\n|t:|1700236198\n|switch|p1a: Ting-Lu|Ting-Lu|78\/100 tox\n|-damage|p1a: Ting-Lu|72\/100 tox|[from] Stealth Rock\n|-ability|p1a: Ting-Lu|Vessel of Ruin\n|move|p2a: Heatran|Magma Storm|p1a: Ting-Lu|[miss]\n|-miss|p2a: Heatran|p1a: Ting-Lu\n|\n|-heal|p2a: Heatran|88\/100|[from] item: Leftovers\n|-heal|p1a: Ting-Lu|78\/100 tox|[from] item: Leftovers\n|-damage|p2a: Heatran|76\/100|[from] Leech Seed|[of] p1a: Ting-Lu\n|-heal|p1a: Ting-Lu|87\/100 tox|[silent]\n|-damage|p1a: Ting-Lu|81\/100 tox|[from] psn\n|upkeep\n|turn|28\n|\n|t:|1700236218\n|switch|p2a: Rillaboom|Rillaboom, F|94\/100\n|-damage|p2a: Rillaboom|82\/100|[from] Stealth Rock\n|-fieldstart|move: Grassy Terrain|[from] ability: Grassy Surge|[of] p2a: Rillaboom\n|move|p1a: Ting-Lu|Whirlwind|p2a: Rillaboom\n|drag|p2a: Zapdos|Zapdos|100\/100\n|\n|-heal|p1a: Ting-Lu|87\/100 tox|[from] Grassy Terrain\n|-heal|p1a: Ting-Lu|93\/100 tox|[from] item: Leftovers\n|-damage|p1a: Ting-Lu|81\/100 tox|[from] psn\n|upkeep\n|turn|29\n|\n|t:|1700236228\n|switch|p1a: Ferrothorn|Ferrothorn, F|71\/100\n|-damage|p1a: Ferrothorn|65\/100|[from] Stealth Rock\n|move|p2a: Zapdos|Hurricane|p1a: Ferrothorn\n|-damage|p1a: Ferrothorn|36\/100\n|\n|-heal|p1a: Ferrothorn|42\/100|[from] Grassy Terrain\n|-heal|p1a: Ferrothorn|48\/100|[from] item: Leftovers\n|upkeep\n|turn|30\n|\n|t:|1700236239\n|move|p2a: Zapdos|Hurricane|p1a: Ferrothorn\n|-damage|p1a: Ferrothorn|20\/100\n|move|p1a: Ferrothorn|Spikes|p2a: Zapdos\n|-sidestart|p2: godpartikle|Spikes\n|\n|-heal|p1a: Ferrothorn|26\/100|[from] Grassy Terrain\n|-heal|p1a: Ferrothorn|32\/100|[from] item: Leftovers\n|upkeep\n|turn|31\n|inactive|godpartikle has 90 seconds left.\n|\n|t:|1700236246\n|move|p2a: Zapdos|Defog|p1a: Ferrothorn\n|-unboost|p1a: Ferrothorn|evasion|1\n|-sideend|p1: Calm Mind Arceus|Stealth Rock|[from] move: Defog|[of] p2a: Zapdos\n|-sideend|p2: godpartikle|Spikes|[from] move: Defog|[of] p2a: Zapdos\n|-sideend|p2: godpartikle|Stealth Rock|[from] move: Defog|[of] p2a: Zapdos\n|-fieldend|move: Grassy Terrain\n|move|p1a: Ferrothorn|Leech Seed|p2a: Zapdos\n|-start|p2a: Zapdos|move: Leech Seed\n|\n|-heal|p1a: Ferrothorn|38\/100|[from] item: Leftovers\n|-damage|p2a: Zapdos|88\/100|[from] Leech Seed|[of] p1a: Ferrothorn\n|-heal|p1a: Ferrothorn|51\/100|[silent]\n|upkeep\n|turn|32\n|\n|t:|1700236250\n|move|p2a: Zapdos|Volt Switch|p1a: Ferrothorn\n|-resisted|p1a: Ferrothorn\n|-damage|p1a: Ferrothorn|42\/100\n|\n|t:|1700236255\n|switch|p2a: Heatran|Heatran, M|76\/100|[from] Volt Switch\n|move|p1a: Ferrothorn|Spikes|p2a: Heatran\n|-sidestart|p2: godpartikle|Spikes\n|\n|-heal|p2a: Heatran|82\/100|[from] item: Leftovers\n|-heal|p1a: Ferrothorn|48\/100|[from] item: Leftovers\n|upkeep\n|turn|33\n|\n|t:|1700236263\n|move|p1a: Ferrothorn|Protect|p1a: Ferrothorn\n|-singleturn|p1a: Ferrothorn|Protect\n|move|p2a: Heatran|Magma Storm|p1a: Ferrothorn\n|-activate|p1a: Ferrothorn|move: Protect\n|\n|-heal|p2a: Heatran|88\/100|[from] item: Leftovers\n|-heal|p1a: Ferrothorn|54\/100|[from] item: Leftovers\n|upkeep\n|turn|34\n|\n|t:|1700236267\n|switch|p1a: Ting-Lu|Ting-Lu|81\/100 tox\n|-ability|p1a: Ting-Lu|Vessel of Ruin\n|move|p2a: Heatran|Magma Storm|p1a: Ting-Lu|[miss]\n|-miss|p2a: Heatran|p1a: Ting-Lu\n|\n|-heal|p2a: Heatran|94\/100|[from] item: Leftovers\n|-heal|p1a: Ting-Lu|87\/100 tox|[from] item: Leftovers\n|-damage|p1a: Ting-Lu|81\/100 tox|[from] psn\n|upkeep\n|turn|35\n|inactive|godpartikle has 120 seconds left.\n|\n|t:|1700236296\n|-terastallize|p2a: Heatran|Grass\n|move|p2a: Heatran|Magma Storm|p1a: Ting-Lu|[miss]\n|-miss|p2a: Heatran|p1a: Ting-Lu\n|move|p1a: Ting-Lu|Stealth Rock|p2a: Heatran\n|-sidestart|p2: godpartikle|move: Stealth Rock\n|\n|-heal|p2a: Heatran|100\/100|[from] item: Leftovers\n|-heal|p1a: Ting-Lu|87\/100 tox|[from] item: Leftovers\n|-damage|p1a: Ting-Lu|75\/100 tox|[from] psn\n|upkeep\n|turn|36\n|\n|t:|1700236319\n|switch|p1a: Alomomola|Alomomola, M|79\/100\n|move|p2a: Heatran|Magma Storm|p1a: Alomomola\n|-resisted|p1a: Alomomola\n|-damage|p1a: Alomomola|54\/100\n|-activate|p1a: Alomomola|move: Magma Storm|[of] p2a: Heatran\n|\n|-damage|p1a: Alomomola|41\/100|[from] move: Magma Storm|[partiallytrapped]\n|upkeep\n|turn|37\n|\n|t:|1700236329\n|move|p2a: Heatran|Taunt|p1a: Alomomola\n|-start|p1a: Alomomola|move: Taunt\n|cant|p1a: Alomomola|move: Taunt|Wish\n|\n|-damage|p1a: Alomomola|29\/100|[from] move: Magma Storm|[partiallytrapped]\n|upkeep\n|turn|38\n|inactive|godpartikle has 120 seconds left.\n|\n|t:|1700236349\n|move|p2a: Heatran|Toxic|p1a: Alomomola\n|-status|p1a: Alomomola|tox\n|move|p1a: Alomomola|Knock Off|p2a: Heatran\n|-damage|p2a: Heatran|88\/100\n|-enditem|p2a: Heatran|Leftovers|[from] move: Knock Off|[of] p1a: Alomomola\n|\n|-damage|p1a: Alomomola|23\/100 tox|[from] psn\n|-damage|p1a: Alomomola|10\/100 tox|[from] move: Magma Storm|[partiallytrapped]\n|upkeep\n|turn|39\n|inactive|godpartikle has 120 seconds left.\n|\n|t:|1700236361\n|move|p2a: Heatran|Earth Power|p1a: Alomomola\n|-damage|p1a: Alomomola|0 fnt\n|faint|p1a: Alomomola\n|\n|upkeep\n|\n|t:|1700236377\n|switch|p1a: Latias|Latias, F|100\/100\n|turn|40\n|\n|t:|1700236387\n|switch|p2a: Garganacl|Garganacl, M|100\/100\n|-damage|p2a: Garganacl|88\/100|[from] Spikes\n|-damage|p2a: Garganacl|76\/100|[from] Stealth Rock\n|detailschange|p1a: Latias|Latias-Mega, F\n|-mega|p1a: Latias|Latias|Latiasite\n|move|p1a: Latias|Calm Mind|p1a: Latias\n|-boost|p1a: Latias|spa|1\n|-boost|p1a: Latias|spd|1\n|\n|upkeep\n|turn|41\n|\n|t:|1700236394\n|move|p1a: Latias|Calm Mind|p1a: Latias\n|-boost|p1a: Latias|spa|1\n|-boost|p1a: Latias|spd|1\n|move|p2a: Garganacl|Salt Cure|p1a: Latias\n|-damage|p1a: Latias|88\/100\n|-start|p1a: Latias|Salt Cure\n|\n|-damage|p1a: Latias|76\/100|[from] Salt Cure\n|upkeep\n|turn|42\n|inactive|godpartikle has 120 seconds left.\n|\n|t:|1700236427\n|switch|p1a: Ting-Lu|Ting-Lu|75\/100 tox\n|-ability|p1a: Ting-Lu|Vessel of Ruin\n|move|p2a: Garganacl|Recover|p2a: Garganacl\n|-heal|p2a: Garganacl|100\/100\n|\n|-heal|p1a: Ting-Lu|81\/100 tox|[from] item: Leftovers\n|-damage|p1a: Ting-Lu|75\/100 tox|[from] psn\n|upkeep\n|turn|43\n|\n|t:|1700236437\n|move|p1a: Ting-Lu|Earthquake|p2a: Garganacl\n|-supereffective|p2a: Garganacl\n|-damage|p2a: Garganacl|53\/100\n|move|p2a: Garganacl|Salt Cure|p1a: Ting-Lu\n|-resisted|p1a: Ting-Lu\n|-damage|p1a: Ting-Lu|71\/100 tox\n|-start|p1a: Ting-Lu|Salt Cure\n|\n|-heal|p1a: Ting-Lu|77\/100 tox|[from] item: Leftovers\n|-damage|p1a: Ting-Lu|64\/100 tox|[from] psn\n|-damage|p1a: Ting-Lu|52\/100 tox|[from] Salt Cure\n|upkeep\n|turn|44\n|\n|t:|1700236450\n|switch|p1a: Zapdos|Zapdos|62\/100\n|move|p2a: Garganacl|Salt Cure|p1a: Zapdos\n|-supereffective|p1a: Zapdos\n|-crit|p1a: Zapdos\n|-damage|p1a: Zapdos|32\/100\n|-start|p1a: Zapdos|Salt Cure\n|\n|-damage|p1a: Zapdos|19\/100|[from] Salt Cure\n|upkeep\n|turn|45\n|\n|t:|1700236456\n|move|p1a: Zapdos|Roost|p1a: Zapdos\n|-heal|p1a: Zapdos|69\/100\n|-singleturn|p1a: Zapdos|move: Roost\n|move|p2a: Garganacl|Stealth Rock|p1a: Zapdos\n|-sidestart|p1: Calm Mind Arceus|move: Stealth Rock\n|\n|-damage|p1a: Zapdos|57\/100|[from] Salt Cure\n|upkeep\n|turn|46\n|\n|t:|1700236465\n|move|p1a: Zapdos|Roost|p1a: Zapdos\n|-heal|p1a: Zapdos|100\/100\n|-singleturn|p1a: Zapdos|move: Roost\n|move|p2a: Garganacl|Recover|p2a: Garganacl\n|-heal|p2a: Garganacl|100\/100\n|\n|-damage|p1a: Zapdos|88\/100|[from] Salt Cure\n|upkeep\n|turn|47\n|\n|t:|1700236469\n|move|p1a: Zapdos|Thunderbolt|p2a: Garganacl\n|-damage|p2a: Garganacl|77\/100\n|move|p2a: Garganacl|Salt Cure|p1a: Zapdos\n|-supereffective|p1a: Zapdos\n|-damage|p1a: Zapdos|67\/100\n|\n|-damage|p1a: Zapdos|55\/100|[from] Salt Cure\n|upkeep\n|turn|48\n|\n|t:|1700236483\n|move|p2a: Garganacl|Protect|p2a: Garganacl\n|-singleturn|p2a: Garganacl|Protect\n|move|p1a: Zapdos|Roost|p1a: Zapdos\n|-heal|p1a: Zapdos|100\/100\n|-singleturn|p1a: Zapdos|move: Roost\n|\n|-damage|p1a: Zapdos|88\/100|[from] Salt Cure\n|upkeep\n|turn|49\n|\n|t:|1700236501\n|move|p1a: Zapdos|U-turn|p2a: Garganacl\n|-damage|p2a: Garganacl|68\/100\n|\n|t:|1700236504\n|switch|p1a: Ting-Lu|Ting-Lu|52\/100 tox|[from] U-turn\n|-damage|p1a: Ting-Lu|46\/100 tox|[from] Stealth Rock\n|-ability|p1a: Ting-Lu|Vessel of Ruin\n|move|p2a: Garganacl|Salt Cure|p1a: Ting-Lu\n|-resisted|p1a: Ting-Lu\n|-damage|p1a: Ting-Lu|42\/100 tox\n|-start|p1a: Ting-Lu|Salt Cure\n|\n|-heal|p1a: Ting-Lu|48\/100 tox|[from] item: Leftovers\n|-damage|p1a: Ting-Lu|42\/100 tox|[from] psn\n|-damage|p1a: Ting-Lu|29\/100 tox|[from] Salt Cure\n|upkeep\n|turn|50\n|\n|t:|1700236515\n|switch|p2a: Zapdos|Zapdos|88\/100\n|move|p1a: Ting-Lu|Whirlwind|p2a: Zapdos\n|drag|p2a: Heatran|Heatran, M, tera:Grass|88\/100\n|-damage|p2a: Heatran|75\/100|[from] Spikes\n|-damage|p2a: Heatran|63\/100|[from] Stealth Rock\n|\n|-heal|p1a: Ting-Lu|36\/100 tox|[from] item: Leftovers\n|-damage|p1a: Ting-Lu|23\/100 tox|[from] psn\n|-damage|p1a: Ting-Lu|11\/100 tox|[from] Salt Cure\n|upkeep\n|turn|51\n|\n|t:|1700236537\n|move|p2a: Heatran|Toxic|p1a: Ting-Lu\n|-fail|p1a: Ting-Lu|tox\n|move|p1a: Ting-Lu|Ruination|p2a: Heatran\n|-damage|p2a: Heatran|32\/100\n|\n|-heal|p1a: Ting-Lu|17\/100 tox|[from] item: Leftovers\n|-damage|p1a: Ting-Lu|0 fnt|[from] psn\n|faint|p1a: Ting-Lu\n|upkeep\n|\n|t:|1700236540\n|switch|p1a: Latias|Latias-Mega, F|76\/100\n|-damage|p1a: Latias|63\/100|[from] Stealth Rock\n|turn|52\n|\n|t:|1700236543\n|move|p1a: Latias|Ice Beam|p2a: Heatran\n|-supereffective|p2a: Heatran\n|-damage|p2a: Heatran|0 fnt\n|faint|p2a: Heatran\n|\n|upkeep\n|\n|t:|1700236571\n|switch|p2a: Garganacl|Garganacl, M|68\/100\n|-damage|p2a: Garganacl|55\/100|[from] Spikes\n|-damage|p2a: Garganacl|43\/100|[from] Stealth Rock\n|turn|53\n|\n|t:|1700236580\n|move|p1a: Latias|Calm Mind|p1a: Latias\n|-boost|p1a: Latias|spa|1\n|-boost|p1a: Latias|spd|1\n|move|p2a: Garganacl|Recover|p2a: Garganacl\n|-heal|p2a: Garganacl|93\/100\n|\n|upkeep\n|turn|54\n|\n|t:|1700236585\n|move|p1a: Latias|Recover|p1a: Latias\n|-heal|p1a: Latias|100\/100\n|move|p2a: Garganacl|Salt Cure|p1a: Latias\n|-damage|p1a: Latias|89\/100\n|-start|p1a: Latias|Salt Cure\n|\n|-damage|p1a: Latias|77\/100|[from] Salt Cure\n|upkeep\n|turn|55\n|\n|t:|1700236594\n|switch|p2a: Zapdos|Zapdos|88\/100\n|move|p1a: Latias|Ice Beam|p2a: Zapdos\n|-supereffective|p2a: Zapdos\n|-damage|p2a: Zapdos|2\/100\n|\n|-damage|p1a: Latias|65\/100|[from] Salt Cure\n|upkeep\n|turn|56\n|\n|t:|1700236604\n|switch|p2a: Latios|Latios-Mega, M|70\/100 tox\n|-damage|p2a: Latios|57\/100 tox|[from] Stealth Rock\n|move|p1a: Latias|Ice Beam|p2a: Latios\n|-supereffective|p2a: Latios\n|-damage|p2a: Latios|0 fnt\n|faint|p2a: Latios\n|\n|-damage|p1a: Latias|52\/100|[from] Salt Cure\n|upkeep\n|\n|t:|1700236607\n|switch|p2a: Kartana|Kartana|100\/100\n|-damage|p2a: Kartana|88\/100|[from] Spikes\n|-damage|p2a: Kartana|82\/100|[from] Stealth Rock\n|turn|57\n|\n|t:|1700236619\n|switch|p2a: Zapdos|Zapdos|2\/100\n|switch|p1a: Zapdos|Zapdos|88\/100\n|-damage|p1a: Zapdos|63\/100|[from] Stealth Rock\n|\n|upkeep\n|turn|58\n|\n|t:|1700236630\n|move|p2a: Zapdos|Defog|p1a: Zapdos\n|-unboost|p1a: Zapdos|evasion|1\n|-sideend|p1: Calm Mind Arceus|Stealth Rock|[from] move: Defog|[of] p2a: Zapdos\n|-sideend|p2: godpartikle|Spikes|[from] move: Defog|[of] p2a: Zapdos\n|-sideend|p2: godpartikle|Stealth Rock|[from] move: Defog|[of] p2a: Zapdos\n|move|p1a: Zapdos|Thunderbolt|p2a: Zapdos\n|-damage|p2a: Zapdos|0 fnt\n|faint|p2a: Zapdos\n|\n|upkeep\n|\n|t:|1700236641\n|switch|p2a: Garganacl|Garganacl, M|93\/100\n|turn|59\n|\n|t:|1700236645\n|move|p1a: Zapdos|U-turn|p2a: Garganacl\n|-damage|p2a: Garganacl|84\/100\n|\n|t:|1700236651\n|switch|p1a: Ferrothorn|Ferrothorn, F|54\/100|[from] U-turn\n|move|p2a: Garganacl|Salt Cure|p1a: Ferrothorn\n|-resisted|p1a: Ferrothorn\n|-damage|p1a: Ferrothorn|49\/100\n|-start|p1a: Ferrothorn|Salt Cure\n|\n|-heal|p1a: Ferrothorn|55\/100|[from] item: Leftovers\n|-damage|p1a: Ferrothorn|30\/100|[from] Salt Cure\n|upkeep\n|turn|60\n|\n|t:|1700236661\n|switch|p2a: Rillaboom|Rillaboom, F|82\/100\n|-fieldstart|move: Grassy Terrain|[from] ability: Grassy Surge|[of] p2a: Rillaboom\n|-terastallize|p1a: Ferrothorn|Dragon\n|move|p1a: Ferrothorn|Leech Seed|p2a: Rillaboom\n|-immune|p2a: Rillaboom\n|\n|-heal|p2a: Rillaboom|88\/100|[from] Grassy Terrain\n|-heal|p1a: Ferrothorn|36\/100|[from] Grassy Terrain\n|-heal|p1a: Ferrothorn|42\/100|[from] item: Leftovers\n|-damage|p1a: Ferrothorn|30\/100|[from] Salt Cure\n|upkeep\n|turn|61\n|\n|t:|1700236667\n|switch|p1a: Zapdos|Zapdos|63\/100\n|move|p2a: Rillaboom|Knock Off|p1a: Zapdos\n|-damage|p1a: Zapdos|37\/100\n|\n|-heal|p2a: Rillaboom|94\/100|[from] Grassy Terrain\n|upkeep\n|turn|62\n|\n|t:|1700236674\n|switch|p2a: Garganacl|Garganacl, M|84\/100\n|move|p1a: Zapdos|Roost|p1a: Zapdos\n|-heal|p1a: Zapdos|87\/100\n|-singleturn|p1a: Zapdos|move: Roost\n|\n|-heal|p1a: Zapdos|93\/100|[from] Grassy Terrain\n|-heal|p2a: Garganacl|91\/100|[from] Grassy Terrain\n|upkeep\n|turn|63\n|\n|t:|1700236683\n|move|p1a: Zapdos|Thunderbolt|p2a: Garganacl\n|-damage|p2a: Garganacl|65\/100\n|move|p2a: Garganacl|Salt Cure|p1a: Zapdos\n|-supereffective|p1a: Zapdos\n|-damage|p1a: Zapdos|72\/100\n|-start|p1a: Zapdos|Salt Cure\n|\n|-heal|p2a: Garganacl|71\/100|[from] Grassy Terrain\n|-damage|p1a: Zapdos|60\/100|[from] Salt Cure\n|upkeep\n|turn|64\n|\n|t:|1700236697\n|move|p1a: Zapdos|U-turn|p2a: Garganacl\n|-damage|p2a: Garganacl|62\/100\n|\n|t:|1700236699\n|switch|p1a: Latias|Latias-Mega, F|52\/100|[from] U-turn\n|move|p2a: Garganacl|Stealth Rock|p1a: Latias\n|-sidestart|p1: Calm Mind Arceus|move: Stealth Rock\n|\n|-heal|p2a: Garganacl|68\/100|[from] Grassy Terrain\n|-fieldend|move: Grassy Terrain\n|upkeep\n|turn|65\n|\n|t:|1700236705\n|move|p1a: Latias|Calm Mind|p1a: Latias\n|-boost|p1a: Latias|spa|1\n|-boost|p1a: Latias|spd|1\n|move|p2a: Garganacl|Salt Cure|p1a: Latias\n|-damage|p1a: Latias|41\/100\n|-start|p1a: Latias|Salt Cure\n|\n|-damage|p1a: Latias|28\/100|[from] Salt Cure\n|upkeep\n|turn|66\n|\n|t:|1700236709\n|switch|p2a: Kartana|Kartana|82\/100\n|move|p1a: Latias|Recover|p1a: Latias\n|-heal|p1a: Latias|78\/100\n|\n|-damage|p1a: Latias|66\/100|[from] Salt Cure\n|upkeep\n|turn|67\n|\n|t:|1700236717\n|move|p2a: Kartana|Knock Off|p1a: Latias\n|-supereffective|p1a: Latias\n|-damage|p1a: Latias|16\/100\n|move|p1a: Latias|Ice Beam|p2a: Kartana\n|-damage|p2a: Kartana|0 fnt\n|faint|p2a: Kartana\n|\n|-damage|p1a: Latias|4\/100|[from] Salt Cure\n|upkeep\n|\n|t:|1700236722\n|switch|p2a: Rillaboom|Rillaboom, F|94\/100\n|-fieldstart|move: Grassy Terrain|[from] ability: Grassy Surge|[of] p2a: Rillaboom\n|turn|68\n|\n|t:|1700236733\n|switch|p1a: Ferrothorn|Ferrothorn, F, tera:Dragon|30\/100\n|-damage|p1a: Ferrothorn|18\/100|[from] Stealth Rock\n|move|p2a: Rillaboom|Grassy Glide|p1a: Ferrothorn\n|-resisted|p1a: Ferrothorn\n|-damage|p1a: Ferrothorn|0 fnt\n|-damage|p2a: Rillaboom|82\/100|[from] ability: Iron Barbs|[of] p1a: Ferrothorn\n|faint|p1a: Ferrothorn\n|\n|-heal|p2a: Rillaboom|88\/100|[from] Grassy Terrain\n|upkeep\n|\n|t:|1700236736\n|switch|p1a: Zapdos|Zapdos|60\/100\n|-damage|p1a: Zapdos|35\/100|[from] Stealth Rock\n|turn|69\n|\n|t:|1700236743\n|switch|p2a: Garganacl|Garganacl, M|68\/100\n|move|p1a: Zapdos|Roost|p1a: Zapdos\n|-heal|p1a: Zapdos|85\/100\n|-singleturn|p1a: Zapdos|move: Roost\n|\n|-heal|p1a: Zapdos|91\/100|[from] Grassy Terrain\n|-heal|p2a: Garganacl|75\/100|[from] Grassy Terrain\n|upkeep\n|turn|70\n|\n|t:|1700236748\n|move|p1a: Zapdos|Defog|p2a: Garganacl\n|-unboost|p2a: Garganacl|evasion|1\n|-sideend|p1: Calm Mind Arceus|Stealth Rock|[from] move: Defog|[of] p1a: Zapdos\n|-fieldend|move: Grassy Terrain\n|move|p2a: Garganacl|Salt Cure|p1a: Zapdos\n|-supereffective|p1a: Zapdos\n|-damage|p1a: Zapdos|69\/100\n|-start|p1a: Zapdos|Salt Cure\n|\n|-damage|p1a: Zapdos|57\/100|[from] Salt Cure\n|upkeep\n|turn|71\n|\n|t:|1700236755\n|move|p1a: Zapdos|Thunderbolt|p2a: Garganacl\n|-damage|p2a: Garganacl|51\/100\n|move|p2a: Garganacl|Salt Cure|p1a: Zapdos\n|-supereffective|p1a: Zapdos\n|-damage|p1a: Zapdos|37\/100\n|\n|-damage|p1a: Zapdos|25\/100|[from] Salt Cure\n|upkeep\n|turn|72\n|\n|t:|1700236762\n|move|p1a: Zapdos|Roost|p1a: Zapdos\n|-heal|p1a: Zapdos|75\/100\n|-singleturn|p1a: Zapdos|move: Roost\n|move|p2a: Garganacl|Stealth Rock|p1a: Zapdos\n|-sidestart|p1: Calm Mind Arceus|move: Stealth Rock\n|\n|-damage|p1a: Zapdos|62\/100|[from] Salt Cure\n|upkeep\n|turn|73\n|\n|t:|1700236770\n|move|p1a: Zapdos|Defog|p2a: Garganacl\n|-unboost|p2a: Garganacl|evasion|1\n|-sideend|p1: Calm Mind Arceus|Stealth Rock|[from] move: Defog|[of] p1a: Zapdos\n|move|p2a: Garganacl|Recover|p2a: Garganacl\n|-heal|p2a: Garganacl|100\/100\n|\n|-damage|p1a: Zapdos|50\/100|[from] Salt Cure\n|upkeep\n|turn|74\n|\n|t:|1700236775\n|move|p1a: Zapdos|Thunderbolt|p2a: Garganacl\n|-damage|p2a: Garganacl|77\/100\n|move|p2a: Garganacl|Salt Cure|p1a: Zapdos\n|-supereffective|p1a: Zapdos\n|-damage|p1a: Zapdos|31\/100\n|\n|-damage|p1a: Zapdos|19\/100|[from] Salt Cure\n|upkeep\n|turn|75\n|\n|t:|1700236781\n|move|p1a: Zapdos|Thunderbolt|p2a: Garganacl\n|-damage|p2a: Garganacl|53\/100\n|move|p2a: Garganacl|Salt Cure|p1a: Zapdos\n|-supereffective|p1a: Zapdos\n|-damage|p1a: Zapdos|0 fnt\n|faint|p1a: Zapdos\n|\n|upkeep\n|\n|t:|1700236787\n|switch|p1a: Latias|Latias-Mega, F|4\/100\n|turn|76\n|\n|t:|1700236790\n|move|p1a: Latias|Recover|p1a: Latias\n|-heal|p1a: Latias|54\/100\n|move|p2a: Garganacl|Salt Cure|p1a: Latias\n|-damage|p1a: Latias|42\/100\n|-start|p1a: Latias|Salt Cure\n|\n|-damage|p1a: Latias|30\/100|[from] Salt Cure\n|upkeep\n|turn|77\n|\n|t:|1700236802\n|switch|p2a: Rillaboom|Rillaboom, F|88\/100\n|-fieldstart|move: Grassy Terrain|[from] ability: Grassy Surge|[of] p2a: Rillaboom\n|move|p1a: Latias|Recover|p1a: Latias\n|-heal|p1a: Latias|80\/100\n|\n|-heal|p2a: Rillaboom|94\/100|[from] Grassy Terrain\n|-damage|p1a: Latias|67\/100|[from] Salt Cure\n|upkeep\n|turn|78\n|\n|t:|1700236808\n|move|p1a: Latias|Ice Beam|p2a: Rillaboom\n|-supereffective|p2a: Rillaboom\n|-damage|p2a: Rillaboom|24\/100\n|move|p2a: Rillaboom|U-turn|p1a: Latias\n|-supereffective|p1a: Latias\n|-damage|p1a: Latias|8\/100\n|c|\u2606Calm Mind Arceus|gg\n|\n|t:|1700236814\n|switch|p2a: Garganacl|Garganacl, M|53\/100|[from] U-turn\n|\n|-heal|p2a: Garganacl|60\/100|[from] Grassy Terrain\n|-damage|p1a: Latias|0 fnt|[from] Salt Cure\n|faint|p1a: Latias\n|\n|win|godpartikle\n|upkeep\n|n|\u2606Calm Mind Arceus|calmmindarceus\n|n|\u2606godpartikle|godpartikle\n|n| How To Beat Lance|howtobeatlance\n|c|\u2606godpartikle|ggwp\n|c| How To Beat Lance|stall\n","uploadtime":1700236820,"views":6,"p1id":"calmmindarceus","p2id":"godpartikle","formatid":"gen9nationaldex","rating":0,"private":0,"password":""}