{"id":"gen9nationaldex-1999210800","p1":"Carlos Wagner","p2":"Z3R0Freeze","format":"[Gen 9] National Dex","log":"|html|<div class=\"broadcast-blue\"><strong>[Gen 9] National Dex is currently suspecting Sneasler! For information on how to participate check out the <a href=\"https:\/\/www.smogon.com\/forums\/threads\/sv-national-dex-suspect-8-just-dance.3731534\/\">suspect thread<\/a>.<\/strong><\/div>\n|j|\u2606Carlos Wagner\n|j|\u2606Z3R0Freeze\n|t:|1701045891\n|gametype|singles\n|player|p1|Carlos Wagner|266|1396\n|player|p2|Z3R0Freeze|crasherwake|1373\n|teamsize|p1|6\n|teamsize|p2|6\n|gen|9\n|tier|[Gen 9] National Dex\n|rated|\n|rule|HP Percentage Mod: HP is shown in percentages\n|rule|Endless Battle Clause: Forcing endless battles is banned\n|rule|OHKO Clause: OHKO moves are banned\n|rule|Evasion Clause: Evasion abilities, items, and moves are banned\n|rule|Evasion Abilities Clause: Evasion abilities are banned\n|rule|Evasion Items Clause: Evasion items are banned\n|rule|Evasion Moves Clause: Evasion moves are banned\n|rule|Species Clause: Limit one of each Pok\u00e9mon\n|rule|Sleep Clause Mod: Limit one foe put to sleep\n|clearpoke\n|poke|p1|Medicham, M|\n|poke|p1|Ferrothorn, F|\n|poke|p1|Tapu Koko|\n|poke|p1|Iron Moth|\n|poke|p1|Landorus-Therian, M|\n|poke|p1|Alomomola, L99, M|\n|poke|p2|Glalie, F|\n|poke|p2|Kyurem|\n|poke|p2|Garganacl, M|\n|poke|p2|Corviknight, M|\n|poke|p2|Alomomola, F|\n|poke|p2|Ting-Lu|\n|teampreview\n|inactive|Battle timer is ON: inactive players will automatically lose when time's up. (requested by Z3R0Freeze)\n|inactive|Carlos Wagner has 120 seconds left.\n|inactive|Carlos Wagner has 90 seconds left.\n|c|\u2606Z3R0Freeze|I suggest that we play.\n|inactive|Carlos Wagner has 60 seconds left.\n|\n|t:|1701045992\n|start\n|switch|p1a: Medicham|Medicham, M|100\/100\n|switch|p2a: \"BestFriend\"\ud83e\uddc2\ud83d\udcac|Garganacl, M, shiny|100\/100\n|turn|1\n|\n|t:|1701045998\n|switch|p2a: Thot Wife \ud83d\ude36\u200d\ud83c\udf2b\ufe0f\ud83d\udca8|Alomomola, F, shiny|100\/100\n|detailschange|p1a: Medicham|Medicham-Mega, M\n|-mega|p1a: Medicham|Medicham|Medichamite\n|move|p1a: Medicham|Fake Out|p2a: Thot Wife \ud83d\ude36\u200d\ud83c\udf2b\ufe0f\ud83d\udca8\n|-damage|p2a: Thot Wife \ud83d\ude36\u200d\ud83c\udf2b\ufe0f\ud83d\udca8|89\/100\n|\n|upkeep\n|turn|2\n|inactive|Carlos Wagner has 120 seconds left.\n|c|\u2606Carlos Wagner|I suggest you stop using this cringe mon called garganacl\n|\n|t:|1701046011\n|switch|p1a: Ferrothorn|Ferrothorn, F|100\/100\n|move|p2a: Thot Wife \ud83d\ude36\u200d\ud83c\udf2b\ufe0f\ud83d\udca8|Flip Turn|p1a: Ferrothorn\n|-resisted|p1a: Ferrothorn\n|-damage|p1a: Ferrothorn|96\/100\n|-damage|p2a: Thot Wife \ud83d\ude36\u200d\ud83c\udf2b\ufe0f\ud83d\udca8|76\/100|[from] ability: Iron Barbs|[of] p1a: Ferrothorn\n|\n|t:|1701046015\n|switch|p2a: \"BestFriend\"\ud83e\uddc2\ud83d\udcac|Garganacl, M, shiny|100\/100|[from] Flip Turn\n|\n|-heal|p1a: Ferrothorn|100\/100|[from] item: Leftovers\n|upkeep\n|turn|3\n|\n|t:|1701046020\n|move|p2a: \"BestFriend\"\ud83e\uddc2\ud83d\udcac|Salt Cure|p1a: Ferrothorn\n|-resisted|p1a: Ferrothorn\n|-damage|p1a: Ferrothorn|97\/100\n|-start|p1a: Ferrothorn|Salt Cure\n|move|p1a: Ferrothorn|Leech Seed|p2a: \"BestFriend\"\ud83e\uddc2\ud83d\udcac\n|-start|p2a: \"BestFriend\"\ud83e\uddc2\ud83d\udcac|move: Leech Seed\n|\n|-heal|p1a: Ferrothorn|100\/100|[from] item: Leftovers\n|-damage|p2a: \"BestFriend\"\ud83e\uddc2\ud83d\udcac|88\/100|[from] Leech Seed|[of] p1a: Ferrothorn\n|-damage|p1a: Ferrothorn|76\/100|[from] Salt Cure\n|upkeep\n|turn|4\n|\n|t:|1701046037\n|switch|p2a: Detective \ud83e\udd76\ud83c\udf43|Corviknight, M, shiny|100\/100\n|-ability|p2a: Detective \ud83e\udd76\ud83c\udf43|Pressure\n|switch|p1a: Tapu Koko|Tapu Koko|100\/100\n|-fieldstart|move: Electric Terrain|[from] ability: Electric Surge|[of] p1a: Tapu Koko\n|\n|upkeep\n|turn|5\n|c|\u2606Z3R0Freeze|Big baby.\n|\n|t:|1701046053\n|switch|p1a: Landorus|Landorus-Therian, M|100\/100\n|-ability|p1a: Landorus|Intimidate|boost\n|-unboost|p2a: Detective \ud83e\udd76\ud83c\udf43|atk|1\n|switch|p2a: \"BestFriend\"\ud83e\uddc2\ud83d\udcac|Garganacl, M, shiny|88\/100\n|\n|-heal|p2a: \"BestFriend\"\ud83e\uddc2\ud83d\udcac|94\/100|[from] item: Leftovers\n|upkeep\n|turn|6\n|\n|t:|1701046061\n|switch|p2a: Detective \ud83e\udd76\ud83c\udf43|Corviknight, M, shiny|100\/100\n|-ability|p2a: Detective \ud83e\udd76\ud83c\udf43|Pressure\n|move|p1a: Landorus|Taunt|p2a: Detective \ud83e\udd76\ud83c\udf43\n|-start|p2a: Detective \ud83e\udd76\ud83c\udf43|move: Taunt\n|\n|upkeep\n|turn|7\n|\n|t:|1701046065\n|switch|p2a: Thot Wife \ud83d\ude36\u200d\ud83c\udf2b\ufe0f\ud83d\udca8|Alomomola, F, shiny|100\/100\n|move|p1a: Landorus|Stealth Rock|p2a: Thot Wife \ud83d\ude36\u200d\ud83c\udf2b\ufe0f\ud83d\udca8\n|-sidestart|p2: Z3R0Freeze|move: Stealth Rock\n|\n|upkeep\n|turn|8\n|\n|t:|1701046075\n|switch|p1a: Alomomola|Alomomola, L99, M|100\/100\n|move|p2a: Thot Wife \ud83d\ude36\u200d\ud83c\udf2b\ufe0f\ud83d\udca8|Flip Turn|p1a: Alomomola\n|-resisted|p1a: Alomomola\n|-damage|p1a: Alomomola|95\/100\n|\n|t:|1701046083\n|switch|p2a: \"BestFriend\"\ud83e\uddc2\ud83d\udcac|Garganacl, M, shiny|94\/100|[from] Flip Turn\n|-damage|p2a: \"BestFriend\"\ud83e\uddc2\ud83d\udcac|82\/100|[from] Stealth Rock\n|\n|-heal|p2a: \"BestFriend\"\ud83e\uddc2\ud83d\udcac|88\/100|[from] item: Leftovers\n|-fieldend|move: Electric Terrain\n|upkeep\n|turn|9\n|\n|t:|1701046089\n|move|p1a: Alomomola|Flip Turn|p2a: \"BestFriend\"\ud83e\uddc2\ud83d\udcac\n|-supereffective|p2a: \"BestFriend\"\ud83e\uddc2\ud83d\udcac\n|-crit|p2a: \"BestFriend\"\ud83e\uddc2\ud83d\udcac\n|-damage|p2a: \"BestFriend\"\ud83e\uddc2\ud83d\udcac|53\/100\n|\n|t:|1701046094\n|switch|p1a: Tapu Koko|Tapu Koko|100\/100|[from] Flip Turn\n|-fieldstart|move: Electric Terrain|[from] ability: Electric Surge|[of] p1a: Tapu Koko\n|move|p2a: \"BestFriend\"\ud83e\uddc2\ud83d\udcac|Salt Cure|p1a: Tapu Koko\n|-damage|p1a: Tapu Koko|82\/100\n|-start|p1a: Tapu Koko|Salt Cure\n|\n|-heal|p2a: \"BestFriend\"\ud83e\uddc2\ud83d\udcac|60\/100|[from] item: Leftovers\n|-damage|p1a: Tapu Koko|70\/100|[from] Salt Cure\n|upkeep\n|turn|10\n|\n|t:|1701046099\n|move|p2a: \"BestFriend\"\ud83e\uddc2\ud83d\udcac|Protect|p2a: \"BestFriend\"\ud83e\uddc2\ud83d\udcac\n|-singleturn|p2a: \"BestFriend\"\ud83e\uddc2\ud83d\udcac|Protect\n|move|p1a: Tapu Koko|Thunderbolt|p2a: \"BestFriend\"\ud83e\uddc2\ud83d\udcac\n|-activate|p2a: \"BestFriend\"\ud83e\uddc2\ud83d\udcac|move: Protect\n|\n|-heal|p2a: \"BestFriend\"\ud83e\uddc2\ud83d\udcac|66\/100|[from] item: Leftovers\n|-damage|p1a: Tapu Koko|57\/100|[from] Salt Cure\n|upkeep\n|turn|11\n|\n|t:|1701046102\n|move|p1a: Tapu Koko|Thunderbolt|p2a: \"BestFriend\"\ud83e\uddc2\ud83d\udcac\n|-damage|p2a: \"BestFriend\"\ud83e\uddc2\ud83d\udcac|36\/100\n|move|p2a: \"BestFriend\"\ud83e\uddc2\ud83d\udcac|Recover|p2a: \"BestFriend\"\ud83e\uddc2\ud83d\udcac\n|-heal|p2a: \"BestFriend\"\ud83e\uddc2\ud83d\udcac|86\/100\n|\n|-heal|p2a: \"BestFriend\"\ud83e\uddc2\ud83d\udcac|92\/100|[from] item: Leftovers\n|-damage|p1a: Tapu Koko|45\/100|[from] Salt Cure\n|upkeep\n|turn|12\n|\n|t:|1701046110\n|move|p1a: Tapu Koko|Roost|p1a: Tapu Koko\n|-heal|p1a: Tapu Koko|95\/100\n|-singleturn|p1a: Tapu Koko|move: Roost\n|move|p2a: \"BestFriend\"\ud83e\uddc2\ud83d\udcac|Salt Cure|p1a: Tapu Koko\n|-damage|p1a: Tapu Koko|76\/100\n|\n|-heal|p2a: \"BestFriend\"\ud83e\uddc2\ud83d\udcac|99\/100|[from] item: Leftovers\n|-damage|p1a: Tapu Koko|63\/100|[from] Salt Cure\n|upkeep\n|turn|13\n|\n|t:|1701046113\n|move|p1a: Tapu Koko|Volt Switch|p2a: \"BestFriend\"\ud83e\uddc2\ud83d\udcac\n|-damage|p2a: \"BestFriend\"\ud83e\uddc2\ud83d\udcac|75\/100\n|\n|t:|1701046120\n|switch|p1a: Alomomola|Alomomola, L99, M|100\/100|[from] Volt Switch\n|move|p2a: \"BestFriend\"\ud83e\uddc2\ud83d\udcac|Stealth Rock|p1a: Alomomola\n|-sidestart|p1: Carlos Wagner|move: Stealth Rock\n|\n|-heal|p2a: \"BestFriend\"\ud83e\uddc2\ud83d\udcac|82\/100|[from] item: Leftovers\n|-fieldend|move: Electric Terrain\n|upkeep\n|turn|14\n|\n|t:|1701046126\n|move|p1a: Alomomola|Wish|p1a: Alomomola\n|move|p2a: \"BestFriend\"\ud83e\uddc2\ud83d\udcac|Salt Cure|p1a: Alomomola\n|-damage|p1a: Alomomola|91\/100\n|-start|p1a: Alomomola|Salt Cure\n|\n|-heal|p2a: \"BestFriend\"\ud83e\uddc2\ud83d\udcac|88\/100|[from] item: Leftovers\n|-damage|p1a: Alomomola|66\/100|[from] Salt Cure\n|upkeep\n|turn|15\n|\n|t:|1701046133\n|move|p2a: \"BestFriend\"\ud83e\uddc2\ud83d\udcac|Protect|p2a: \"BestFriend\"\ud83e\uddc2\ud83d\udcac\n|-singleturn|p2a: \"BestFriend\"\ud83e\uddc2\ud83d\udcac|Protect\n|move|p1a: Alomomola|Flip Turn|p2a: \"BestFriend\"\ud83e\uddc2\ud83d\udcac\n|-activate|p2a: \"BestFriend\"\ud83e\uddc2\ud83d\udcac|move: Protect\n|\n|-heal|p1a: Alomomola|100\/100|[from] move: Wish|[wisher] Alomomola\n|-heal|p2a: \"BestFriend\"\ud83e\uddc2\ud83d\udcac|94\/100|[from] item: Leftovers\n|-damage|p1a: Alomomola|76\/100|[from] Salt Cure\n|upkeep\n|turn|16\n|\n|t:|1701046140\n|move|p1a: Alomomola|Flip Turn|p2a: \"BestFriend\"\ud83e\uddc2\ud83d\udcac\n|-supereffective|p2a: \"BestFriend\"\ud83e\uddc2\ud83d\udcac\n|-damage|p2a: \"BestFriend\"\ud83e\uddc2\ud83d\udcac|72\/100\n|\n|t:|1701046143\n|switch|p1a: Landorus|Landorus-Therian, M|100\/100|[from] Flip Turn\n|-damage|p1a: Landorus|88\/100|[from] Stealth Rock\n|-ability|p1a: Landorus|Intimidate|boost\n|-unboost|p2a: \"BestFriend\"\ud83e\uddc2\ud83d\udcac|atk|1\n|move|p2a: \"BestFriend\"\ud83e\uddc2\ud83d\udcac|Salt Cure|p1a: Landorus\n|-damage|p1a: Landorus|81\/100\n|-start|p1a: Landorus|Salt Cure\n|\n|-heal|p2a: \"BestFriend\"\ud83e\uddc2\ud83d\udcac|78\/100|[from] item: Leftovers\n|-damage|p1a: Landorus|69\/100|[from] Salt Cure\n|upkeep\n|turn|17\n|\n|t:|1701046151\n|move|p2a: \"BestFriend\"\ud83e\uddc2\ud83d\udcac|Protect|p2a: \"BestFriend\"\ud83e\uddc2\ud83d\udcac\n|-singleturn|p2a: \"BestFriend\"\ud83e\uddc2\ud83d\udcac|Protect\n|move|p1a: Landorus|Earthquake|p2a: \"BestFriend\"\ud83e\uddc2\ud83d\udcac\n|-activate|p2a: \"BestFriend\"\ud83e\uddc2\ud83d\udcac|move: Protect\n|\n|-heal|p2a: \"BestFriend\"\ud83e\uddc2\ud83d\udcac|84\/100|[from] item: Leftovers\n|-damage|p1a: Landorus|56\/100|[from] Salt Cure\n|upkeep\n|turn|18\n|\n|t:|1701046158\n|switch|p2a: Detective \ud83e\udd76\ud83c\udf43|Corviknight, M, shiny|100\/100\n|-damage|p2a: Detective \ud83e\udd76\ud83c\udf43|88\/100|[from] Stealth Rock\n|-ability|p2a: Detective \ud83e\udd76\ud83c\udf43|Pressure\n|move|p1a: Landorus|U-turn|p2a: Detective \ud83e\udd76\ud83c\udf43\n|-resisted|p2a: Detective \ud83e\udd76\ud83c\udf43\n|-damage|p2a: Detective \ud83e\udd76\ud83c\udf43|85\/100\n|-damage|p1a: Landorus|40\/100|[from] item: Rocky Helmet|[of] p2a: Detective \ud83e\udd76\ud83c\udf43\n|\n|t:|1701046166\n|switch|p1a: Iron Moth|Iron Moth|100\/100|[from] U-turn\n|\n|upkeep\n|turn|19\n|\n|t:|1701046172\n|switch|p2a: Resting Lover \ud83d\ude1e\ud83d\udc94|Ting-Lu|100\/100\n|-damage|p2a: Resting Lover \ud83d\ude1e\ud83d\udc94|94\/100|[from] Stealth Rock\n|-ability|p2a: Resting Lover \ud83d\ude1e\ud83d\udc94|Vessel of Ruin\n|move|p1a: Iron Moth|Fiery Dance|p2a: Resting Lover \ud83d\ude1e\ud83d\udc94\n|-damage|p2a: Resting Lover \ud83d\ude1e\ud83d\udc94|76\/100\n|-boost|p1a: Iron Moth|spa|1\n|\n|-heal|p2a: Resting Lover \ud83d\ude1e\ud83d\udc94|82\/100|[from] item: Leftovers\n|upkeep\n|turn|20\n|\n|t:|1701046189\n|-end|p1a: Iron Moth|Quark Drive|[silent]\n|switch|p1a: Tapu Koko|Tapu Koko|63\/100\n|-fieldstart|move: Electric Terrain|[from] ability: Electric Surge|[of] p1a: Tapu Koko\n|move|p2a: Resting Lover \ud83d\ude1e\ud83d\udc94|Heavy Slam|p1a: Tapu Koko\n|-damage|p1a: Tapu Koko|23\/100\n|\n|-heal|p2a: Resting Lover \ud83d\ude1e\ud83d\udc94|89\/100|[from] item: Leftovers\n|upkeep\n|turn|21\n|\n|t:|1701046205\n|switch|p1a: Alomomola|Alomomola, L99, M|100\/100\n|move|p2a: Resting Lover \ud83d\ude1e\ud83d\udc94|Earthquake|p1a: Alomomola\n|-damage|p1a: Alomomola|76\/100\n|\n|-heal|p2a: Resting Lover \ud83d\ude1e\ud83d\udc94|95\/100|[from] item: Leftovers\n|upkeep\n|turn|22\n|\n|t:|1701046213\n|switch|p2a: \"BestFriend\"\ud83e\uddc2\ud83d\udcac|Garganacl, M, shiny|84\/100\n|-damage|p2a: \"BestFriend\"\ud83e\uddc2\ud83d\udcac|72\/100|[from] Stealth Rock\n|move|p1a: Alomomola|Toxic|p2a: \"BestFriend\"\ud83e\uddc2\ud83d\udcac\n|-immune|p2a: \"BestFriend\"\ud83e\uddc2\ud83d\udcac|[from] ability: Purifying Salt\n|\n|-heal|p2a: \"BestFriend\"\ud83e\uddc2\ud83d\udcac|78\/100|[from] item: Leftovers\n|upkeep\n|turn|23\n|\n|t:|1701046217\n|move|p1a: Alomomola|Wish|p1a: Alomomola\n|move|p2a: \"BestFriend\"\ud83e\uddc2\ud83d\udcac|Salt Cure|p1a: Alomomola\n|-damage|p1a: Alomomola|66\/100\n|-start|p1a: Alomomola|Salt Cure\n|\n|-heal|p2a: \"BestFriend\"\ud83e\uddc2\ud83d\udcac|84\/100|[from] item: Leftovers\n|-damage|p1a: Alomomola|41\/100|[from] Salt Cure\n|upkeep\n|turn|24\n|\n|t:|1701046222\n|switch|p1a: Landorus|Landorus-Therian, M|40\/100\n|-damage|p1a: Landorus|28\/100|[from] Stealth Rock\n|-ability|p1a: Landorus|Intimidate|boost\n|-unboost|p2a: \"BestFriend\"\ud83e\uddc2\ud83d\udcac|atk|1\n|move|p2a: \"BestFriend\"\ud83e\uddc2\ud83d\udcac|Protect||[still]\n|-fail|p2a: \"BestFriend\"\ud83e\uddc2\ud83d\udcac\n|\n|-heal|p1a: Landorus|89\/100|[from] move: Wish|[wisher] Alomomola\n|-heal|p2a: \"BestFriend\"\ud83e\uddc2\ud83d\udcac|90\/100|[from] item: Leftovers\n|-fieldend|move: Electric Terrain\n|upkeep\n|turn|25\n|\n|t:|1701046229\n|move|p2a: \"BestFriend\"\ud83e\uddc2\ud83d\udcac|Protect|p2a: \"BestFriend\"\ud83e\uddc2\ud83d\udcac\n|-singleturn|p2a: \"BestFriend\"\ud83e\uddc2\ud83d\udcac|Protect\n|move|p1a: Landorus|Taunt|p2a: \"BestFriend\"\ud83e\uddc2\ud83d\udcac\n|-activate|p2a: \"BestFriend\"\ud83e\uddc2\ud83d\udcac|move: Protect\n|\n|-heal|p2a: \"BestFriend\"\ud83e\uddc2\ud83d\udcac|97\/100|[from] item: Leftovers\n|upkeep\n|turn|26\n|\n|t:|1701046239\n|switch|p2a: Thot Wife \ud83d\ude36\u200d\ud83c\udf2b\ufe0f\ud83d\udca8|Alomomola, F, shiny|100\/100\n|move|p1a: Landorus|Taunt|p2a: Thot Wife \ud83d\ude36\u200d\ud83c\udf2b\ufe0f\ud83d\udca8\n|-start|p2a: Thot Wife \ud83d\ude36\u200d\ud83c\udf2b\ufe0f\ud83d\udca8|move: Taunt\n|\n|upkeep\n|turn|27\n|\n|t:|1701046243\n|switch|p1a: Ferrothorn|Ferrothorn, F|76\/100\n|-damage|p1a: Ferrothorn|70\/100|[from] Stealth Rock\n|move|p2a: Thot Wife \ud83d\ude36\u200d\ud83c\udf2b\ufe0f\ud83d\udca8|Flip Turn|p1a: Ferrothorn\n|-resisted|p1a: Ferrothorn\n|-damage|p1a: Ferrothorn|65\/100\n|-damage|p2a: Thot Wife \ud83d\ude36\u200d\ud83c\udf2b\ufe0f\ud83d\udca8|88\/100|[from] ability: Iron Barbs|[of] p1a: Ferrothorn\n|\n|t:|1701046253\n|switch|p2a: \"BestFriend\"\ud83e\uddc2\ud83d\udcac|Garganacl, M, shiny|97\/100|[from] Flip Turn\n|-damage|p2a: \"BestFriend\"\ud83e\uddc2\ud83d\udcac|84\/100|[from] Stealth Rock\n|\n|-heal|p2a: \"BestFriend\"\ud83e\uddc2\ud83d\udcac|90\/100|[from] item: Leftovers\n|-heal|p1a: Ferrothorn|71\/100|[from] item: Leftovers\n|upkeep\n|turn|28\n|inactive|Carlos Wagner has 120 seconds left.\n|c|\u2606Z3R0Freeze|Dont worry ill freeze you soon.\n|inactive|Carlos Wagner has 90 seconds left.\n|\n|t:|1701046314\n|move|p2a: \"BestFriend\"\ud83e\uddc2\ud83d\udcac|Salt Cure|p1a: Ferrothorn\n|-resisted|p1a: Ferrothorn\n|-damage|p1a: Ferrothorn|67\/100\n|-start|p1a: Ferrothorn|Salt Cure\n|move|p1a: Ferrothorn|Leech Seed|p2a: \"BestFriend\"\ud83e\uddc2\ud83d\udcac\n|-start|p2a: \"BestFriend\"\ud83e\uddc2\ud83d\udcac|move: Leech Seed\n|\n|-heal|p2a: \"BestFriend\"\ud83e\uddc2\ud83d\udcac|97\/100|[from] item: Leftovers\n|-heal|p1a: Ferrothorn|73\/100|[from] item: Leftovers\n|-damage|p2a: \"BestFriend\"\ud83e\uddc2\ud83d\udcac|84\/100|[from] Leech Seed|[of] p1a: Ferrothorn\n|-heal|p1a: Ferrothorn|87\/100|[silent]\n|-damage|p1a: Ferrothorn|62\/100|[from] Salt Cure\n|upkeep\n|turn|29\n|\n|t:|1701046320\n|switch|p2a: Thot Wife \ud83d\ude36\u200d\ud83c\udf2b\ufe0f\ud83d\udca8|Alomomola, F, shiny|100\/100\n|move|p1a: Ferrothorn|Knock Off|p2a: Thot Wife \ud83d\ude36\u200d\ud83c\udf2b\ufe0f\ud83d\udca8\n|-damage|p2a: Thot Wife \ud83d\ude36\u200d\ud83c\udf2b\ufe0f\ud83d\udca8|89\/100\n|-enditem|p2a: Thot Wife \ud83d\ude36\u200d\ud83c\udf2b\ufe0f\ud83d\udca8|Heavy-Duty Boots|[from] move: Knock Off|[of] p1a: Ferrothorn\n|\n|-heal|p1a: Ferrothorn|68\/100|[from] item: Leftovers\n|-damage|p1a: Ferrothorn|43\/100|[from] Salt Cure\n|upkeep\n|turn|30\n|\n|t:|1701046325\n|move|p2a: Thot Wife \ud83d\ude36\u200d\ud83c\udf2b\ufe0f\ud83d\udca8|Protect|p2a: Thot Wife \ud83d\ude36\u200d\ud83c\udf2b\ufe0f\ud83d\udca8\n|-singleturn|p2a: Thot Wife \ud83d\ude36\u200d\ud83c\udf2b\ufe0f\ud83d\udca8|Protect\n|move|p1a: Ferrothorn|Leech Seed|p2a: Thot Wife \ud83d\ude36\u200d\ud83c\udf2b\ufe0f\ud83d\udca8\n|-activate|p2a: Thot Wife \ud83d\ude36\u200d\ud83c\udf2b\ufe0f\ud83d\udca8|move: Protect\n|\n|-heal|p1a: Ferrothorn|49\/100|[from] item: Leftovers\n|-damage|p1a: Ferrothorn|24\/100|[from] Salt Cure\n|upkeep\n|turn|31\n|\n|t:|1701046334\n|switch|p1a: Alomomola|Alomomola, L99, M|75\/100\n|move|p2a: Thot Wife \ud83d\ude36\u200d\ud83c\udf2b\ufe0f\ud83d\udca8|Protect||[still]\n|-fail|p2a: Thot Wife \ud83d\ude36\u200d\ud83c\udf2b\ufe0f\ud83d\udca8\n|\n|upkeep\n|turn|32\n|inactive|Carlos Wagner has 120 seconds left.\n|c|\u2606Z3R0Freeze|\ud83d\ude2e\u200d\ud83d\udca8\ud83e\udef6\ud83c\udffe\ud83e\uddca\n|inactive|Carlos Wagner has 90 seconds left.\n|\n|t:|1701046398\n|switch|p2a: \"BestFriend\"\ud83e\uddc2\ud83d\udcac|Garganacl, M, shiny|84\/100\n|-damage|p2a: \"BestFriend\"\ud83e\uddc2\ud83d\udcac|72\/100|[from] Stealth Rock\n|move|p1a: Alomomola|Wish|p1a: Alomomola\n|\n|-heal|p2a: \"BestFriend\"\ud83e\uddc2\ud83d\udcac|78\/100|[from] item: Leftovers\n|upkeep\n|turn|33\n|\n|t:|1701046405\n|move|p1a: Alomomola|Flip Turn|p2a: \"BestFriend\"\ud83e\uddc2\ud83d\udcac\n|-supereffective|p2a: \"BestFriend\"\ud83e\uddc2\ud83d\udcac\n|-damage|p2a: \"BestFriend\"\ud83e\uddc2\ud83d\udcac|55\/100\n|\n|t:|1701046406\n|switch|p1a: Tapu Koko|Tapu Koko|23\/100|[from] Flip Turn\n|-fieldstart|move: Electric Terrain|[from] ability: Electric Surge|[of] p1a: Tapu Koko\n|move|p2a: \"BestFriend\"\ud83e\uddc2\ud83d\udcac|Salt Cure|p1a: Tapu Koko\n|-damage|p1a: Tapu Koko|4\/100\n|-start|p1a: Tapu Koko|Salt Cure\n|\n|-heal|p1a: Tapu Koko|87\/100|[from] move: Wish|[wisher] Alomomola\n|-heal|p2a: \"BestFriend\"\ud83e\uddc2\ud83d\udcac|61\/100|[from] item: Leftovers\n|-damage|p1a: Tapu Koko|75\/100|[from] Salt Cure\n|upkeep\n|turn|34\n|\n|t:|1701046417\n|move|p1a: Tapu Koko|Thunderbolt|p2a: \"BestFriend\"\ud83e\uddc2\ud83d\udcac\n|-damage|p2a: \"BestFriend\"\ud83e\uddc2\ud83d\udcac|27\/100\n|move|p2a: \"BestFriend\"\ud83e\uddc2\ud83d\udcac|Recover|p2a: \"BestFriend\"\ud83e\uddc2\ud83d\udcac\n|-heal|p2a: \"BestFriend\"\ud83e\uddc2\ud83d\udcac|77\/100\n|\n|-heal|p2a: \"BestFriend\"\ud83e\uddc2\ud83d\udcac|83\/100|[from] item: Leftovers\n|-damage|p1a: Tapu Koko|62\/100|[from] Salt Cure\n|upkeep\n|turn|35\n|\n|t:|1701046423\n|move|p2a: \"BestFriend\"\ud83e\uddc2\ud83d\udcac|Protect|p2a: \"BestFriend\"\ud83e\uddc2\ud83d\udcac\n|-singleturn|p2a: \"BestFriend\"\ud83e\uddc2\ud83d\udcac|Protect\n|move|p1a: Tapu Koko|Volt Switch|p2a: \"BestFriend\"\ud83e\uddc2\ud83d\udcac\n|-activate|p2a: \"BestFriend\"\ud83e\uddc2\ud83d\udcac|move: Protect\n|\n|-heal|p2a: \"BestFriend\"\ud83e\uddc2\ud83d\udcac|90\/100|[from] item: Leftovers\n|-damage|p1a: Tapu Koko|50\/100|[from] Salt Cure\n|upkeep\n|turn|36\n|\n|t:|1701046428\n|switch|p2a: Resting Lover \ud83d\ude1e\ud83d\udc94|Ting-Lu|95\/100\n|-damage|p2a: Resting Lover \ud83d\ude1e\ud83d\udc94|89\/100|[from] Stealth Rock\n|-ability|p2a: Resting Lover \ud83d\ude1e\ud83d\udc94|Vessel of Ruin\n|move|p1a: Tapu Koko|Roost|p1a: Tapu Koko\n|-heal|p1a: Tapu Koko|99\/100\n|-singleturn|p1a: Tapu Koko|move: Roost\n|\n|-heal|p2a: Resting Lover \ud83d\ude1e\ud83d\udc94|95\/100|[from] item: Leftovers\n|-damage|p1a: Tapu Koko|87\/100|[from] Salt Cure\n|upkeep\n|turn|37\n|\n|t:|1701046444\n|switch|p1a: Alomomola|Alomomola, L99, M|100\/100\n|switch|p2a: Cold Case \u274c\ufe0f\u2709\ufe0f|Kyurem, shiny|100\/100\n|-damage|p2a: Cold Case \u274c\ufe0f\u2709\ufe0f|76\/100|[from] Stealth Rock\n|-ability|p2a: Cold Case \u274c\ufe0f\u2709\ufe0f|Pressure\n|\n|-fieldend|move: Electric Terrain\n|upkeep\n|turn|38\n|\n|t:|1701046451\n|move|p2a: Cold Case \u274c\ufe0f\u2709\ufe0f|Freeze-Dry|p1a: Alomomola\n|-supereffective|p1a: Alomomola\n|-damage|p1a: Alomomola|11\/100\n|-status|p1a: Alomomola|frz\n|cant|p1a: Alomomola|frz\n|\n|upkeep\n|turn|39\n|inactive|Carlos Wagner has 120 seconds left.\n|c|\u2606Z3R0Freeze|See...?\n|c|\u2606Z3R0Freeze|\ud83e\udd26\ud83c\udffe\ud83e\uddca\ud83d\udca8\n|\n|t:|1701046477\n|switch|p1a: Iron Moth|Iron Moth|100\/100\n|move|p2a: Cold Case \u274c\ufe0f\u2709\ufe0f|Freeze-Dry|p1a: Iron Moth\n|-resisted|p1a: Iron Moth\n|-damage|p1a: Iron Moth|75\/100\n|-status|p1a: Iron Moth|frz\n|\n|upkeep\n|turn|40\n|inactive|Carlos Wagner has 120 seconds left.\n|inactive|Z3R0Freeze has 120 seconds left.\n|c|\u2606Z3R0Freeze|I just canttt stopppp\n|c|\u2606Z3R0Freeze|\ud83d\ude29\ud83e\uddca\ud83e\udd76\n|inactive|Z3R0Freeze has 90 seconds left.\n|\n|t:|1701046525\n|-end|p1a: Iron Moth|Quark Drive|[silent]\n|switch|p1a: Medicham|Medicham-Mega, M|100\/100\n|-damage|p1a: Medicham|94\/100|[from] Stealth Rock\n|switch|p2a: Thot Wife \ud83d\ude36\u200d\ud83c\udf2b\ufe0f\ud83d\udca8|Alomomola, F, shiny|100\/100\n|-damage|p2a: Thot Wife \ud83d\ude36\u200d\ud83c\udf2b\ufe0f\ud83d\udca8|88\/100|[from] Stealth Rock\n|\n|upkeep\n|turn|41\n|\n|t:|1701046542\n|move|p1a: Medicham|Fake Out|p2a: Thot Wife \ud83d\ude36\u200d\ud83c\udf2b\ufe0f\ud83d\udca8\n|-damage|p2a: Thot Wife \ud83d\ude36\u200d\ud83c\udf2b\ufe0f\ud83d\udca8|75\/100\n|cant|p2a: Thot Wife \ud83d\ude36\u200d\ud83c\udf2b\ufe0f\ud83d\udca8|flinch\n|\n|upkeep\n|turn|42\n|\n|t:|1701046547\n|switch|p1a: Alomomola|Alomomola, L99, M|44\/100 frz\n|move|p2a: Thot Wife \ud83d\ude36\u200d\ud83c\udf2b\ufe0f\ud83d\udca8|Flip Turn|p1a: Alomomola\n|-resisted|p1a: Alomomola\n|-damage|p1a: Alomomola|38\/100 frz\n|\n|t:|1701046566\n|switch|p2a: \"BestFriend\"\ud83e\uddc2\ud83d\udcac|Garganacl, M, shiny|90\/100|[from] Flip Turn\n|-damage|p2a: \"BestFriend\"\ud83e\uddc2\ud83d\udcac|77\/100|[from] Stealth Rock\n|\n|-heal|p2a: \"BestFriend\"\ud83e\uddc2\ud83d\udcac|83\/100|[from] item: Leftovers\n|upkeep\n|turn|43\n|\n|t:|1701046571\n|cant|p1a: Alomomola|frz\n|move|p2a: \"BestFriend\"\ud83e\uddc2\ud83d\udcac|Salt Cure|p1a: Alomomola\n|-damage|p1a: Alomomola|28\/100 frz\n|-start|p1a: Alomomola|Salt Cure\n|\n|-heal|p2a: \"BestFriend\"\ud83e\uddc2\ud83d\udcac|90\/100|[from] item: Leftovers\n|-damage|p1a: Alomomola|3\/100 frz|[from] Salt Cure\n|upkeep\n|turn|44\n|\n|t:|1701046576\n|switch|p1a: Medicham|Medicham-Mega, M|94\/100\n|-damage|p1a: Medicham|88\/100|[from] Stealth Rock\n|move|p2a: \"BestFriend\"\ud83e\uddc2\ud83d\udcac|Salt Cure|p1a: Medicham\n|-resisted|p1a: Medicham\n|-damage|p1a: Medicham|78\/100\n|-start|p1a: Medicham|Salt Cure\n|\n|-heal|p2a: \"BestFriend\"\ud83e\uddc2\ud83d\udcac|96\/100|[from] item: Leftovers\n|-damage|p1a: Medicham|66\/100|[from] Salt Cure\n|upkeep\n|turn|45\n|\n|t:|1701046579\n|move|p2a: \"BestFriend\"\ud83e\uddc2\ud83d\udcac|Protect|p2a: \"BestFriend\"\ud83e\uddc2\ud83d\udcac\n|-singleturn|p2a: \"BestFriend\"\ud83e\uddc2\ud83d\udcac|Protect\n|move|p1a: Medicham|Close Combat|p2a: \"BestFriend\"\ud83e\uddc2\ud83d\udcac\n|-activate|p2a: \"BestFriend\"\ud83e\uddc2\ud83d\udcac|move: Protect\n|\n|-heal|p2a: \"BestFriend\"\ud83e\uddc2\ud83d\udcac|100\/100|[from] item: Leftovers\n|-damage|p1a: Medicham|53\/100|[from] Salt Cure\n|upkeep\n|turn|46\n|\n|t:|1701046585\n|switch|p2a: Thot Wife \ud83d\ude36\u200d\ud83c\udf2b\ufe0f\ud83d\udca8|Alomomola, F, shiny|100\/100\n|-damage|p2a: Thot Wife \ud83d\ude36\u200d\ud83c\udf2b\ufe0f\ud83d\udca8|88\/100|[from] Stealth Rock\n|move|p1a: Medicham|Close Combat|p2a: Thot Wife \ud83d\ude36\u200d\ud83c\udf2b\ufe0f\ud83d\udca8\n|-damage|p2a: Thot Wife \ud83d\ude36\u200d\ud83c\udf2b\ufe0f\ud83d\udca8|35\/100\n|-unboost|p1a: Medicham|def|1\n|-unboost|p1a: Medicham|spd|1\n|\n|-damage|p1a: Medicham|41\/100|[from] Salt Cure\n|upkeep\n|turn|47\n|\n|t:|1701046593\n|switch|p1a: Ferrothorn|Ferrothorn, F|24\/100\n|-damage|p1a: Ferrothorn|18\/100|[from] Stealth Rock\n|move|p2a: Thot Wife \ud83d\ude36\u200d\ud83c\udf2b\ufe0f\ud83d\udca8|Protect||[still]\n|-fail|p2a: Thot Wife \ud83d\ude36\u200d\ud83c\udf2b\ufe0f\ud83d\udca8\n|\n|-heal|p1a: Ferrothorn|24\/100|[from] item: Leftovers\n|upkeep\n|turn|48\n|\n|t:|1701046598\n|switch|p2a: \"BestFriend\"\ud83e\uddc2\ud83d\udcac|Garganacl, M, shiny|100\/100\n|-damage|p2a: \"BestFriend\"\ud83e\uddc2\ud83d\udcac|88\/100|[from] Stealth Rock\n|move|p1a: Ferrothorn|Spikes|p2a: \"BestFriend\"\ud83e\uddc2\ud83d\udcac\n|-sidestart|p2: Z3R0Freeze|Spikes\n|\n|-heal|p2a: \"BestFriend\"\ud83e\uddc2\ud83d\udcac|94\/100|[from] item: Leftovers\n|-heal|p1a: Ferrothorn|30\/100|[from] item: Leftovers\n|upkeep\n|turn|49\n|\n|t:|1701046601\n|move|p2a: \"BestFriend\"\ud83e\uddc2\ud83d\udcac|Salt Cure|p1a: Ferrothorn\n|-resisted|p1a: Ferrothorn\n|-damage|p1a: Ferrothorn|26\/100\n|-start|p1a: Ferrothorn|Salt Cure\n|move|p1a: Ferrothorn|Leech Seed|p2a: \"BestFriend\"\ud83e\uddc2\ud83d\udcac\n|-start|p2a: \"BestFriend\"\ud83e\uddc2\ud83d\udcac|move: Leech Seed\n|\n|-heal|p2a: \"BestFriend\"\ud83e\uddc2\ud83d\udcac|100\/100|[from] item: Leftovers\n|-heal|p1a: Ferrothorn|32\/100|[from] item: Leftovers\n|-damage|p2a: \"BestFriend\"\ud83e\uddc2\ud83d\udcac|88\/100|[from] Leech Seed|[of] p1a: Ferrothorn\n|-heal|p1a: Ferrothorn|46\/100|[silent]\n|-damage|p1a: Ferrothorn|22\/100|[from] Salt Cure\n|upkeep\n|turn|50\n|\n|t:|1701046621\n|switch|p2a: Detective \ud83e\udd76\ud83c\udf43|Corviknight, M, shiny|85\/100\n|-damage|p2a: Detective \ud83e\udd76\ud83c\udf43|72\/100|[from] Stealth Rock\n|-ability|p2a: Detective \ud83e\udd76\ud83c\udf43|Pressure\n|switch|p1a: Alomomola|Alomomola, L99, M|37\/100 frz\n|\n|upkeep\n|turn|51\n|\n|t:|1701046634\n|switch|p1a: Iron Moth|Iron Moth|75\/100 frz\n|move|p2a: Detective \ud83e\udd76\ud83c\udf43|Defog|p1a: Iron Moth\n|-unboost|p1a: Iron Moth|evasion|1\n|-sideend|p1: Carlos Wagner|Stealth Rock|[from] move: Defog|[of] p2a: Detective \ud83e\udd76\ud83c\udf43\n|-sideend|p2: Z3R0Freeze|Spikes|[from] move: Defog|[of] p2a: Detective \ud83e\udd76\ud83c\udf43\n|-sideend|p2: Z3R0Freeze|Stealth Rock|[from] move: Defog|[of] p2a: Detective \ud83e\udd76\ud83c\udf43\n|\n|upkeep\n|turn|52\n|\n|t:|1701046645\n|switch|p2a: Resting Lover \ud83d\ude1e\ud83d\udc94|Ting-Lu|95\/100\n|-ability|p2a: Resting Lover \ud83d\ude1e\ud83d\udc94|Vessel of Ruin\n|-curestatus|p1a: Iron Moth|frz|[msg]\n|move|p1a: Iron Moth|Fiery Dance|p2a: Resting Lover \ud83d\ude1e\ud83d\udc94\n|-damage|p2a: Resting Lover \ud83d\ude1e\ud83d\udc94|78\/100\n|\n|-heal|p2a: Resting Lover \ud83d\ude1e\ud83d\udc94|85\/100|[from] item: Leftovers\n|upkeep\n|turn|53\n|\n|t:|1701046658\n|-end|p1a: Iron Moth|Quark Drive|[silent]\n|switch|p1a: Landorus|Landorus-Therian, M|89\/100\n|-ability|p1a: Landorus|Intimidate|boost\n|-unboost|p2a: Resting Lover \ud83d\ude1e\ud83d\udc94|atk|1\n|switch|p2a: Spiked Glass \ud83e\udd2b\ud83d\udcac|Glalie, F|100\/100\n|\n|upkeep\n|turn|54\n|\n|t:|1701046673\n|switch|p1a: Tapu Koko|Tapu Koko|87\/100\n|-fieldstart|move: Electric Terrain|[from] ability: Electric Surge|[of] p1a: Tapu Koko\n|detailschange|p2a: Spiked Glass \ud83e\udd2b\ud83d\udcac|Glalie-Mega, F\n|-mega|p2a: Spiked Glass \ud83e\udd2b\ud83d\udcac|Glalie|Glalitite\n|move|p2a: Spiked Glass \ud83e\udd2b\ud83d\udcac|Freeze-Dry|p1a: Tapu Koko\n|-damage|p1a: Tapu Koko|43\/100\n|\n|upkeep\n|turn|55\n|\n|t:|1701046681\n|switch|p2a: Resting Lover \ud83d\ude1e\ud83d\udc94|Ting-Lu|85\/100\n|-ability|p2a: Resting Lover \ud83d\ude1e\ud83d\udc94|Vessel of Ruin\n|move|p1a: Tapu Koko|Roost|p1a: Tapu Koko\n|-heal|p1a: Tapu Koko|93\/100\n|-singleturn|p1a: Tapu Koko|move: Roost\n|\n|-heal|p2a: Resting Lover \ud83d\ude1e\ud83d\udc94|91\/100|[from] item: Leftovers\n|upkeep\n|turn|56\n|\n|t:|1701046695\n|switch|p1a: Landorus|Landorus-Therian, M|89\/100\n|-ability|p1a: Landorus|Intimidate|boost\n|-unboost|p2a: Resting Lover \ud83d\ude1e\ud83d\udc94|atk|1\n|move|p2a: Resting Lover \ud83d\ude1e\ud83d\udc94|Earthquake|p1a: Landorus\n|-immune|p1a: Landorus\n|\n|-heal|p2a: Resting Lover \ud83d\ude1e\ud83d\udc94|97\/100|[from] item: Leftovers\n|upkeep\n|turn|57\n|inactive|Carlos Wagner has 120 seconds left.\n|\n|t:|1701046753\n|switch|p2a: Spiked Glass \ud83e\udd2b\ud83d\udcac|Glalie-Mega, F|100\/100\n|move|p1a: Landorus|Stealth Rock|p2a: Spiked Glass \ud83e\udd2b\ud83d\udcac\n|-sidestart|p2: Z3R0Freeze|move: Stealth Rock\n|\n|upkeep\n|turn|58\n|\n|t:|1701046761\n|switch|p1a: Tapu Koko|Tapu Koko|93\/100\n|move|p2a: Spiked Glass \ud83e\udd2b\ud83d\udcac|Frustration|p1a: Tapu Koko\n|-damage|p1a: Tapu Koko|9\/100\n|\n|-fieldend|move: Electric Terrain\n|upkeep\n|turn|59\n|\n|t:|1701046766\n|switch|p1a: Ferrothorn|Ferrothorn, F|22\/100\n|move|p2a: Spiked Glass \ud83e\udd2b\ud83d\udcac|Frustration|p1a: Ferrothorn\n|-damage|p1a: Ferrothorn|0 fnt\n|-damage|p2a: Spiked Glass \ud83e\udd2b\ud83d\udcac|88\/100|[from] ability: Iron Barbs|[of] p1a: Ferrothorn\n|faint|p1a: Ferrothorn\n|\n|upkeep\n|\n|t:|1701046768\n|switch|p1a: Tapu Koko|Tapu Koko|9\/100\n|-fieldstart|move: Electric Terrain|[from] ability: Electric Surge|[of] p1a: Tapu Koko\n|turn|60\n|\n|t:|1701046771\n|switch|p2a: Resting Lover \ud83d\ude1e\ud83d\udc94|Ting-Lu|97\/100\n|-damage|p2a: Resting Lover \ud83d\ude1e\ud83d\udc94|91\/100|[from] Stealth Rock\n|-ability|p2a: Resting Lover \ud83d\ude1e\ud83d\udc94|Vessel of Ruin\n|move|p1a: Tapu Koko|Thunderbolt|p2a: Resting Lover \ud83d\ude1e\ud83d\udc94\n|-immune|p2a: Resting Lover \ud83d\ude1e\ud83d\udc94\n|\n|-heal|p2a: Resting Lover \ud83d\ude1e\ud83d\udc94|97\/100|[from] item: Leftovers\n|upkeep\n|turn|61\n|\n|t:|1701046781\n|switch|p2a: Spiked Glass \ud83e\udd2b\ud83d\udcac|Glalie-Mega, F|88\/100\n|-damage|p2a: Spiked Glass \ud83e\udd2b\ud83d\udcac|63\/100|[from] Stealth Rock\n|move|p1a: Tapu Koko|Hidden Power|p2a: Spiked Glass \ud83e\udd2b\ud83d\udcac\n|-resisted|p2a: Spiked Glass \ud83e\udd2b\ud83d\udcac\n|-damage|p2a: Spiked Glass \ud83e\udd2b\ud83d\udcac|51\/100\n|\n|upkeep\n|turn|62\n|\n|t:|1701046786\n|switch|p2a: Resting Lover \ud83d\ude1e\ud83d\udc94|Ting-Lu|97\/100\n|-damage|p2a: Resting Lover \ud83d\ude1e\ud83d\udc94|91\/100|[from] Stealth Rock\n|-ability|p2a: Resting Lover \ud83d\ude1e\ud83d\udc94|Vessel of Ruin\n|move|p1a: Tapu Koko|Thunderbolt|p2a: Resting Lover \ud83d\ude1e\ud83d\udc94\n|-immune|p2a: Resting Lover \ud83d\ude1e\ud83d\udc94\n|\n|-heal|p2a: Resting Lover \ud83d\ude1e\ud83d\udc94|97\/100|[from] item: Leftovers\n|upkeep\n|turn|63\n|\n|t:|1701046791\n|switch|p2a: Spiked Glass \ud83e\udd2b\ud83d\udcac|Glalie-Mega, F|51\/100\n|-damage|p2a: Spiked Glass \ud83e\udd2b\ud83d\udcac|26\/100|[from] Stealth Rock\n|move|p1a: Tapu Koko|Hidden Power|p2a: Spiked Glass \ud83e\udd2b\ud83d\udcac\n|-resisted|p2a: Spiked Glass \ud83e\udd2b\ud83d\udcac\n|-damage|p2a: Spiked Glass \ud83e\udd2b\ud83d\udcac|15\/100\n|\n|upkeep\n|turn|64\n|c|\u2606Z3R0Freeze|Bruh\n|\n|t:|1701046800\n|switch|p2a: Resting Lover \ud83d\ude1e\ud83d\udc94|Ting-Lu|97\/100\n|-damage|p2a: Resting Lover \ud83d\ude1e\ud83d\udc94|91\/100|[from] Stealth Rock\n|-ability|p2a: Resting Lover \ud83d\ude1e\ud83d\udc94|Vessel of Ruin\n|move|p1a: Tapu Koko|Hidden Power|p2a: Resting Lover \ud83d\ude1e\ud83d\udc94\n|-supereffective|p2a: Resting Lover \ud83d\ude1e\ud83d\udc94\n|-damage|p2a: Resting Lover \ud83d\ude1e\ud83d\udc94|77\/100\n|\n|-heal|p2a: Resting Lover \ud83d\ude1e\ud83d\udc94|83\/100|[from] item: Leftovers\n|-fieldend|move: Electric Terrain\n|upkeep\n|turn|65\n|l|\u2606Z3R0Freeze\n|inactive|Z3R0Freeze disconnected and has a minute to reconnect!\n|player|p2|\n|j|\u2606Z3R0Freeze\n|inactive|Z3R0Freeze reconnected and has 120 seconds left.\n|player|p2|Z3R0Freeze|crasherwake\n|inactive|Z3R0Freeze has 90 seconds left.\n|\n|t:|1701046869\n|switch|p1a: Landorus|Landorus-Therian, M|89\/100\n|-ability|p1a: Landorus|Intimidate|boost\n|-unboost|p2a: Resting Lover \ud83d\ude1e\ud83d\udc94|atk|1\n|move|p2a: Resting Lover \ud83d\ude1e\ud83d\udc94|Heavy Slam|p1a: Landorus\n|-damage|p1a: Landorus|73\/100\n|-damage|p2a: Resting Lover \ud83d\ude1e\ud83d\udc94|66\/100|[from] item: Rocky Helmet|[of] p1a: Landorus\n|\n|-heal|p2a: Resting Lover \ud83d\ude1e\ud83d\udc94|73\/100|[from] item: Leftovers\n|upkeep\n|turn|66\n|\n|t:|1701046880\n|switch|p2a: Thot Wife \ud83d\ude36\u200d\ud83c\udf2b\ufe0f\ud83d\udca8|Alomomola, F, shiny|68\/100\n|-damage|p2a: Thot Wife \ud83d\ude36\u200d\ud83c\udf2b\ufe0f\ud83d\udca8|56\/100|[from] Stealth Rock\n|move|p1a: Landorus|Earthquake|p2a: Thot Wife \ud83d\ude36\u200d\ud83c\udf2b\ufe0f\ud83d\udca8\n|-damage|p2a: Thot Wife \ud83d\ude36\u200d\ud83c\udf2b\ufe0f\ud83d\udca8|29\/100\n|\n|upkeep\n|turn|67\n|\n|t:|1701046891\n|move|p1a: Landorus|Earthquake|p2a: Thot Wife \ud83d\ude36\u200d\ud83c\udf2b\ufe0f\ud83d\udca8\n|-damage|p2a: Thot Wife \ud83d\ude36\u200d\ud83c\udf2b\ufe0f\ud83d\udca8|4\/100\n|move|p2a: Thot Wife \ud83d\ude36\u200d\ud83c\udf2b\ufe0f\ud83d\udca8|Wish|p2a: Thot Wife \ud83d\ude36\u200d\ud83c\udf2b\ufe0f\ud83d\udca8\n|\n|upkeep\n|turn|68\n|\n|t:|1701046901\n|switch|p1a: Tapu Koko|Tapu Koko|9\/100\n|-fieldstart|move: Electric Terrain|[from] ability: Electric Surge|[of] p1a: Tapu Koko\n|switch|p2a: Resting Lover \ud83d\ude1e\ud83d\udc94|Ting-Lu|73\/100\n|-damage|p2a: Resting Lover \ud83d\ude1e\ud83d\udc94|66\/100|[from] Stealth Rock\n|-ability|p2a: Resting Lover \ud83d\ude1e\ud83d\udc94|Vessel of Ruin\n|\n|-heal|p2a: Resting Lover \ud83d\ude1e\ud83d\udc94|100\/100|[from] move: Wish|[wisher] Thot Wife \ud83d\ude36\u200d\ud83c\udf2b\ufe0f\ud83d\udca8\n|upkeep\n|turn|69\n|\n|t:|1701046913\n|switch|p1a: Landorus|Landorus-Therian, M|73\/100\n|-ability|p1a: Landorus|Intimidate|boost\n|-unboost|p2a: Resting Lover \ud83d\ude1e\ud83d\udc94|atk|1\n|move|p2a: Resting Lover \ud83d\ude1e\ud83d\udc94|Earthquake|p1a: Landorus\n|-immune|p1a: Landorus\n|\n|upkeep\n|turn|70\n|\n|t:|1701046918\n|switch|p2a: Detective \ud83e\udd76\ud83c\udf43|Corviknight, M, shiny|72\/100\n|-damage|p2a: Detective \ud83e\udd76\ud83c\udf43|60\/100|[from] Stealth Rock\n|-ability|p2a: Detective \ud83e\udd76\ud83c\udf43|Pressure\n|move|p1a: Landorus|U-turn|p2a: Detective \ud83e\udd76\ud83c\udf43\n|-resisted|p2a: Detective \ud83e\udd76\ud83c\udf43\n|-damage|p2a: Detective \ud83e\udd76\ud83c\udf43|57\/100\n|-damage|p1a: Landorus|57\/100|[from] item: Rocky Helmet|[of] p2a: Detective \ud83e\udd76\ud83c\udf43\n|\n|t:|1701046927\n|switch|p1a: Medicham|Medicham-Mega, M|41\/100|[from] U-turn\n|\n|upkeep\n|turn|71\n|inactive|Z3R0Freeze has 120 seconds left.\n|\n|t:|1701046959\n|-terastallize|p2a: Detective \ud83e\udd76\ud83c\udf43|Ghost\n|move|p1a: Medicham|Close Combat|p2a: Detective \ud83e\udd76\ud83c\udf43\n|-immune|p2a: Detective \ud83e\udd76\ud83c\udf43\n|move|p2a: Detective \ud83e\udd76\ud83c\udf43|Roost|p2a: Detective \ud83e\udd76\ud83c\udf43\n|-heal|p2a: Detective \ud83e\udd76\ud83c\udf43|100\/100\n|\n|upkeep\n|turn|72\n|\n|t:|1701046985\n|switch|p1a: Alomomola|Alomomola, L99, M|70\/100 frz\n|move|p2a: Detective \ud83e\udd76\ud83c\udf43|Defog|p1a: Alomomola\n|-unboost|p1a: Alomomola|evasion|1\n|-sideend|p2: Z3R0Freeze|Stealth Rock|[from] move: Defog|[of] p2a: Detective \ud83e\udd76\ud83c\udf43\n|-fieldend|move: Electric Terrain\n|\n|upkeep\n|turn|73\n|\n|t:|1701046990\n|switch|p2a: Thot Wife \ud83d\ude36\u200d\ud83c\udf2b\ufe0f\ud83d\udca8|Alomomola, F, shiny|37\/100\n|cant|p1a: Alomomola|frz\n|\n|upkeep\n|turn|74\n|\n|t:|1701046998\n|move|p2a: Thot Wife \ud83d\ude36\u200d\ud83c\udf2b\ufe0f\ud83d\udca8|Wish|p2a: Thot Wife \ud83d\ude36\u200d\ud83c\udf2b\ufe0f\ud83d\udca8\n|cant|p1a: Alomomola|frz\n|\n|upkeep\n|turn|75\n|\n|t:|1701047003\n|move|p2a: Thot Wife \ud83d\ude36\u200d\ud83c\udf2b\ufe0f\ud83d\udca8|Flip Turn|p1a: Alomomola\n|-resisted|p1a: Alomomola\n|-damage|p1a: Alomomola|64\/100 frz\n|\n|t:|1701047005\n|switch|p2a: Spiked Glass \ud83e\udd2b\ud83d\udcac|Glalie-Mega, F|15\/100|[from] Flip Turn\n|-curestatus|p1a: Alomomola|frz|[msg]\n|move|p1a: Alomomola|Wish|p1a: Alomomola\n|\n|-heal|p2a: Spiked Glass \ud83e\udd2b\ud83d\udcac|100\/100|[from] move: Wish|[wisher] Thot Wife \ud83d\ude36\u200d\ud83c\udf2b\ufe0f\ud83d\udca8\n|upkeep\n|turn|76\n|\n|t:|1701047021\n|switch|p1a: Iron Moth|Iron Moth|75\/100\n|move|p2a: Spiked Glass \ud83e\udd2b\ud83d\udcac|Earthquake|p1a: Iron Moth\n|-supereffective|p1a: Iron Moth\n|-damage|p1a: Iron Moth|0 fnt\n|faint|p1a: Iron Moth\n|-end|p1a: Iron Moth|Quark Drive|[silent]\n|\n|upkeep\n|\n|t:|1701047025\n|switch|p1a: Medicham|Medicham-Mega, M|41\/100\n|turn|77\n|\n|t:|1701047031\n|switch|p2a: Detective \ud83e\udd76\ud83c\udf43|Corviknight, M, shiny, tera:Ghost|100\/100\n|-ability|p2a: Detective \ud83e\udd76\ud83c\udf43|Pressure\n|move|p1a: Medicham|Fake Out|p2a: Detective \ud83e\udd76\ud83c\udf43\n|-immune|p2a: Detective \ud83e\udd76\ud83c\udf43\n|\n|upkeep\n|turn|78\n|-message|Carlos Wagner forfeited.\n|\n|win|Z3R0Freeze\n|raw|Carlos Wagner's rating: 1396 &rarr; <strong>1375<\/strong><br \/>(-21 for losing)\n|raw|Z3R0Freeze's rating: 1373 &rarr; <strong>1394<\/strong><br \/>(+21 for winning)\n|l|\u2606Carlos Wagner\n|c|\u2606Z3R0Freeze|Damn\n","uploadtime":1701047048,"views":1,"p1id":"carloswagner","p2id":"z3r0freeze","formatid":"gen9nationaldex","rating":1375,"private":0,"password":""}