{"id":"gen9nationaldex-1990158101","p1":"hair bucket","p2":"jiangzhi","format":"[Gen 9] National Dex","log":"|j|\u2606hair bucket\n|j|\u2606jiangzhi\n|t:|1699930965\n|gametype|singles\n|player|p1|hair bucket|eusine|1557\n|player|p2|jiangzhi|266|1560\n|teamsize|p1|6\n|teamsize|p2|6\n|gen|9\n|tier|[Gen 9] National Dex\n|rated|\n|rule|HP Percentage Mod: HP is shown in percentages\n|rule|Endless Battle Clause: Forcing endless battles is banned\n|rule|OHKO Clause: OHKO moves are banned\n|rule|Evasion Clause: Evasion abilities, items, and moves are banned\n|rule|Evasion Abilities Clause: Evasion abilities are banned\n|rule|Evasion Items Clause: Evasion items are banned\n|rule|Evasion Moves Clause: Evasion moves are banned\n|rule|Species Clause: Limit one of each Pok\u00e9mon\n|rule|Sleep Clause Mod: Limit one foe put to sleep\n|clearpoke\n|poke|p1|Charizard, F|\n|poke|p1|Mamoswine, F|\n|poke|p1|Samurott-Hisui, M|\n|poke|p1|Aegislash, M|\n|poke|p1|Garganacl, F|\n|poke|p1|Iron Valiant|\n|poke|p2|Nidoking, M|\n|poke|p2|Ceruledge, F|\n|poke|p2|Gliscor, F|\n|poke|p2|Tapu Fini|\n|poke|p2|Slowking-Galar, F|\n|poke|p2|Garchomp, F|\n|teampreview\n|\n|t:|1699930976\n|start\n|switch|p1a: Mamoswine|Mamoswine, F, shiny|100\/100\n|switch|p2a: Tapu Fini|Tapu Fini|100\/100\n|-fieldstart|move: Misty Terrain|[from] ability: Misty Surge|[of] p2a: Tapu Fini\n|turn|1\n|j| jejeuwjwjdjd\n|j| bhybhy\n|\n|t:|1699930986\n|switch|p1a: Charizard|Charizard, F, shiny|100\/100\n|move|p2a: Tapu Fini|Hydro Pump|p1a: Charizard|[miss]\n|-miss|p2a: Tapu Fini|p1a: Charizard\n|\n|upkeep\n|turn|2\n|\n|t:|1699930998\n|switch|p2a: Garchomp|Garchomp, F|100\/100\n|detailschange|p1a: Charizard|Charizard-Mega-Y, F, shiny\n|-mega|p1a: Charizard|Charizard|Charizardite Y\n|-weather|SunnyDay|[from] ability: Drought|[of] p1a: Charizard\n|move|p1a: Charizard|Solar Beam||[still]\n|-prepare|p1a: Charizard|Solar Beam\n|-anim|p1a: Charizard|Solar Beam|p2a: Garchomp\n|-damage|p2a: Garchomp|47\/100\n|\n|-weather|SunnyDay|[upkeep]\n|upkeep\n|turn|3\n|\n|t:|1699931009\n|switch|p1a: Mamoswine|Mamoswine, F, shiny|100\/100\n|move|p2a: Garchomp|Scale Shot|p1a: Mamoswine\n|-damage|p1a: Mamoswine|94\/100\n|-crit|p1a: Mamoswine\n|-damage|p1a: Mamoswine|82\/100\n|-damage|p1a: Mamoswine|74\/100\n|-damage|p1a: Mamoswine|66\/100\n|-damage|p1a: Mamoswine|59\/100\n|-hitcount|p1a: Mamoswine|5\n|-unboost|p2a: Garchomp|def|1\n|-boost|p2a: Garchomp|spe|1\n|\n|-weather|SunnyDay|[upkeep]\n|upkeep\n|turn|4\n|\n|t:|1699931026\n|switch|p2a: Ceruledge|Ceruledge, F|100\/100\n|move|p1a: Mamoswine|Ice Shard|p2a: Ceruledge\n|-resisted|p2a: Ceruledge\n|-damage|p2a: Ceruledge|85\/100\n|-ability|p2a: Ceruledge|Weak Armor|boost\n|-unboost|p2a: Ceruledge|def|1\n|-boost|p2a: Ceruledge|spe|2\n|\n|-weather|SunnyDay|[upkeep]\n|upkeep\n|turn|5\n|\n|t:|1699931037\n|switch|p1a: Garganacl|Garganacl, F, shiny|100\/100\n|move|p2a: Ceruledge|Bitter Blade|p1a: Garganacl\n|-resisted|p1a: Garganacl\n|-damage|p1a: Garganacl|77\/100\n|-heal|p2a: Ceruledge|100\/100|[from] drain|[of] p1a: Garganacl\n|\n|-weather|SunnyDay|[upkeep]\n|-heal|p1a: Garganacl|83\/100|[from] item: Leftovers\n|-fieldend|Misty Terrain\n|upkeep\n|turn|6\n|\n|t:|1699931047\n|move|p2a: Ceruledge|Swords Dance|p2a: Ceruledge\n|-boost|p2a: Ceruledge|atk|2\n|move|p1a: Garganacl|Salt Cure|p2a: Ceruledge\n|-supereffective|p2a: Ceruledge\n|-damage|p2a: Ceruledge|37\/100\n|-start|p2a: Ceruledge|Salt Cure\n|-ability|p2a: Ceruledge|Weak Armor|boost\n|-unboost|p2a: Ceruledge|def|1\n|-boost|p2a: Ceruledge|spe|2\n|\n|-weather|none\n|-heal|p1a: Garganacl|89\/100|[from] item: Leftovers\n|-damage|p2a: Ceruledge|24\/100|[from] Salt Cure\n|upkeep\n|turn|7\n|\n|t:|1699931054\n|move|p1a: Garganacl|Protect|p1a: Garganacl\n|-singleturn|p1a: Garganacl|Protect\n|move|p2a: Ceruledge|Close Combat|p1a: Garganacl\n|-activate|p1a: Garganacl|move: Protect\n|\n|-heal|p1a: Garganacl|95\/100|[from] item: Leftovers\n|-damage|p2a: Ceruledge|12\/100|[from] Salt Cure\n|upkeep\n|turn|8\n|\n|t:|1699931058\n|switch|p1a: Aegislash|Aegislash, M, shiny|100\/100\n|move|p2a: Ceruledge|Close Combat|p1a: Aegislash\n|-immune|p1a: Aegislash\n|\n|-damage|p2a: Ceruledge|0 fnt|[from] Salt Cure\n|faint|p2a: Ceruledge\n|upkeep\n|j| YJLF2\n|\n|t:|1699931062\n|switch|p2a: Gliscor|Gliscor, F|100\/100\n|turn|9\n|\n|t:|1699931066\n|move|p2a: Gliscor|Stealth Rock|p1a: Aegislash\n|-sidestart|p1: hair bucket|move: Stealth Rock\n|-zpower|p1a: Aegislash\n|-formechange|p1a: Aegislash|Aegislash-Blade||[from] ability: Stance Change\n|move|p1a: Aegislash|Never-Ending Nightmare|p2a: Gliscor|[zeffect]\n|-damage|p2a: Gliscor|14\/100\n|\n|-status|p2a: Gliscor|tox|[from] item: Toxic Orb\n|upkeep\n|turn|10\n|\n|t:|1699931077\n|move|p1a: Aegislash|Shadow Sneak|p2a: Gliscor\n|-damage|p2a: Gliscor|0 fnt\n|faint|p2a: Gliscor\n|\n|upkeep\n|\n|t:|1699931080\n|switch|p2a: Nidoking|Nidoking, M|100\/100\n|turn|11\n|\n|t:|1699931084\n|-formechange|p1a: Aegislash|Aegislash||[from] ability: Stance Change\n|move|p1a: Aegislash|King's Shield|p1a: Aegislash\n|-singleturn|p1a: Aegislash|Protect\n|move|p2a: Nidoking|Earth Power|p1a: Aegislash\n|-activate|p1a: Aegislash|move: Protect\n|\n|upkeep\n|turn|12\n|\n|t:|1699931097\n|switch|p1a: Charizard|Charizard-Mega-Y, F, shiny|100\/100\n|-damage|p1a: Charizard|51\/100|[from] Stealth Rock\n|-weather|SunnyDay|[from] ability: Drought|[of] p1a: Charizard\n|move|p2a: Nidoking|Sludge Wave|p1a: Charizard\n|-damage|p1a: Charizard|0 fnt\n|faint|p1a: Charizard\n|\n|-weather|SunnyDay|[upkeep]\n|upkeep\n|\n|t:|1699931113\n|switch|p1a: Garganacl|Garganacl, F, shiny|95\/100\n|-damage|p1a: Garganacl|83\/100|[from] Stealth Rock\n|turn|13\n|\n|t:|1699931119\n|-terastallize|p2a: Nidoking|Ground\n|-terastallize|p1a: Garganacl|Ghost\n|move|p2a: Nidoking|Earth Power|p1a: Garganacl\n|-damage|p1a: Garganacl|31\/100\n|move|p1a: Garganacl|Salt Cure|p2a: Nidoking\n|-resisted|p2a: Nidoking\n|-damage|p2a: Nidoking|91\/100\n|-start|p2a: Nidoking|Salt Cure\n|\n|-weather|SunnyDay|[upkeep]\n|-heal|p1a: Garganacl|38\/100|[from] item: Leftovers\n|-damage|p2a: Nidoking|79\/100|[from] Salt Cure\n|upkeep\n|turn|14\n|\n|t:|1699931124\n|move|p1a: Garganacl|Protect|p1a: Garganacl\n|-singleturn|p1a: Garganacl|Protect\n|move|p2a: Nidoking|Earth Power|p1a: Garganacl\n|-activate|p1a: Garganacl|move: Protect\n|\n|-weather|SunnyDay|[upkeep]\n|-heal|p1a: Garganacl|44\/100|[from] item: Leftovers\n|-damage|p2a: Nidoking|67\/100|[from] Salt Cure\n|upkeep\n|turn|15\n|\n|t:|1699931131\n|switch|p1a: Samurott|Samurott-Hisui, M, shiny|100\/100\n|-damage|p1a: Samurott|88\/100|[from] Stealth Rock\n|move|p2a: Nidoking|Earth Power|p1a: Samurott\n|-damage|p1a: Samurott|0 fnt\n|faint|p1a: Samurott\n|\n|-weather|SunnyDay|[upkeep]\n|-damage|p2a: Nidoking|54\/100|[from] Salt Cure\n|upkeep\n|\n|t:|1699931144\n|switch|p1a: Iron Valiant|Iron Valiant|100\/100\n|-damage|p1a: Iron Valiant|94\/100|[from] Stealth Rock\n|-enditem|p1a: Iron Valiant|Booster Energy\n|-activate|p1a: Iron Valiant|ability: Quark Drive|[fromitem]\n|-start|p1a: Iron Valiant|quarkdrivespe\n|turn|16\n|\n|t:|1699931149\n|switch|p2a: Slowking|Slowking-Galar, F|100\/100\n|move|p1a: Iron Valiant|Close Combat|p2a: Slowking\n|-resisted|p2a: Slowking\n|-damage|p2a: Slowking|85\/100\n|-unboost|p1a: Iron Valiant|def|1\n|-unboost|p1a: Iron Valiant|spd|1\n|\n|-weather|none\n|upkeep\n|turn|17\n|\n|t:|1699931156\n|move|p1a: Iron Valiant|Knock Off|p2a: Slowking\n|-supereffective|p2a: Slowking\n|-damage|p2a: Slowking|18\/100\n|-enditem|p2a: Slowking|Assault Vest|[from] move: Knock Off|[of] p1a: Iron Valiant\n|move|p2a: Slowking|Flamethrower|p1a: Iron Valiant\n|-damage|p1a: Iron Valiant|33\/100\n|\n|upkeep\n|turn|18\n|\n|t:|1699931163\n|move|p1a: Iron Valiant|Knock Off|p2a: Slowking\n|-supereffective|p2a: Slowking\n|-damage|p2a: Slowking|0 fnt\n|faint|p2a: Slowking\n|\n|upkeep\n|\n|t:|1699931166\n|switch|p2a: Tapu Fini|Tapu Fini|100\/100\n|-fieldstart|move: Misty Terrain|[from] ability: Misty Surge|[of] p2a: Tapu Fini\n|turn|19\n|\n|t:|1699931169\n|move|p1a: Iron Valiant|Knock Off|p2a: Tapu Fini\n|-resisted|p2a: Tapu Fini\n|-damage|p2a: Tapu Fini|86\/100\n|-enditem|p2a: Tapu Fini|Choice Scarf|[from] move: Knock Off|[of] p1a: Iron Valiant\n|move|p2a: Tapu Fini|Moonblast|p1a: Iron Valiant\n|-supereffective|p1a: Iron Valiant\n|-damage|p1a: Iron Valiant|0 fnt\n|faint|p1a: Iron Valiant\n|-end|p1a: Iron Valiant|Quark Drive|[silent]\n|\n|upkeep\n|\n|t:|1699931175\n|switch|p1a: Garganacl|Garganacl, F, shiny, tera:Ghost|44\/100\n|-damage|p1a: Garganacl|31\/100|[from] Stealth Rock\n|turn|20\n|\n|t:|1699931179\n|move|p2a: Tapu Fini|Hydro Pump|p1a: Garganacl\n|-crit|p1a: Garganacl\n|-damage|p1a: Garganacl|0 fnt\n|faint|p1a: Garganacl\n|\n|upkeep\n|\n|t:|1699931183\n|switch|p1a: Aegislash|Aegislash, M, shiny|100\/100\n|-damage|p1a: Aegislash|94\/100|[from] Stealth Rock\n|turn|21\n|\n|t:|1699931187\n|switch|p2a: Garchomp|Garchomp, F|47\/100\n|-formechange|p1a: Aegislash|Aegislash-Blade||[from] ability: Stance Change\n|move|p1a: Aegislash|Flash Cannon|p2a: Garchomp\n|-damage|p2a: Garchomp|0 fnt\n|faint|p2a: Garchomp\n|\n|upkeep\n|\n|t:|1699931193\n|switch|p2a: Nidoking|Nidoking, M, tera:Ground|54\/100\n|turn|22\n|l| bhybhy\n|\n|t:|1699931196\n|-formechange|p1a: Aegislash|Aegislash||[from] ability: Stance Change\n|move|p1a: Aegislash|King's Shield|p1a: Aegislash\n|-singleturn|p1a: Aegislash|Protect\n|move|p2a: Nidoking|Earth Power|p1a: Aegislash\n|-activate|p1a: Aegislash|move: Protect\n|\n|upkeep\n|turn|23\n|\n|t:|1699931200\n|move|p2a: Nidoking|Earth Power|p1a: Aegislash\n|-supereffective|p1a: Aegislash\n|-damage|p1a: Aegislash|0 fnt\n|faint|p1a: Aegislash\n|\n|-fieldend|Misty Terrain\n|upkeep\n|\n|t:|1699931203\n|switch|p1a: Mamoswine|Mamoswine, F, shiny|59\/100\n|-damage|p1a: Mamoswine|46\/100|[from] Stealth Rock\n|turn|24\n|\n|t:|1699931205\n|move|p1a: Mamoswine|Ice Shard|p2a: Nidoking\n|-supereffective|p2a: Nidoking\n|-damage|p2a: Nidoking|0 fnt\n|faint|p2a: Nidoking\n|\n|upkeep\n|\n|t:|1699931208\n|switch|p2a: Tapu Fini|Tapu Fini|86\/100\n|-fieldstart|move: Misty Terrain|[from] ability: Misty Surge|[of] p2a: Tapu Fini\n|turn|25\n|\n|t:|1699931210\n|move|p2a: Tapu Fini|Moonblast|p1a: Mamoswine\n|-damage|p1a: Mamoswine|0 fnt\n|faint|p1a: Mamoswine\n|\n|win|jiangzhi\n|raw|hair bucket's rating: 1557 &rarr; <strong>1537<\/strong><br \/>(-20 for losing)\n|raw|jiangzhi's rating: 1560 &rarr; <strong>1580<\/strong><br \/>(+20 for winning)\n|l|\u2606hair bucket\n","uploadtime":1699931216,"views":16,"p1id":"hairbucket","p2id":"jiangzhi","formatid":"gen9nationaldex","rating":1537,"private":0,"password":""}