{"id":"gen9nationaldex-1993716751","p1":"WAILORDPLAYSMUCH","p2":"JogadorCaro","format":"[Gen 9] National Dex","log":"|j|\u2606WAILORDPLAYSMUCH\n|j|\u2606JogadorCaro\n|t:|1700348900\n|gametype|singles\n|player|p1|WAILORDPLAYSMUCH|candice|1681\n|player|p2|JogadorCaro|tate|1815\n|teamsize|p1|6\n|teamsize|p2|6\n|gen|9\n|tier|[Gen 9] National Dex\n|rated|\n|rule|HP Percentage Mod: HP is shown in percentages\n|rule|Endless Battle Clause: Forcing endless battles is banned\n|rule|OHKO Clause: OHKO moves are banned\n|rule|Evasion Clause: Evasion abilities, items, and moves are banned\n|rule|Evasion Abilities Clause: Evasion abilities are banned\n|rule|Evasion Items Clause: Evasion items are banned\n|rule|Evasion Moves Clause: Evasion moves are banned\n|rule|Species Clause: Limit one of each Pok\u00e9mon\n|rule|Sleep Clause Mod: Limit one foe put to sleep\n|clearpoke\n|poke|p1|Aegislash, F|\n|poke|p1|Diancie|\n|poke|p1|Great Tusk|\n|poke|p1|Moltres|\n|poke|p1|Toxapex, M|\n|poke|p1|Rillaboom, M|\n|poke|p2|Garganacl, M|\n|poke|p2|Zamazenta-*|\n|poke|p2|Volcarona, F|\n|poke|p2|Hoopa-Unbound|\n|poke|p2|Dondozo, M|\n|poke|p2|Rotom-Wash|\n|teampreview\n|inactive|Battle timer is ON: inactive players will automatically lose when time's up. (requested by WAILORDPLAYSMUCH)\n|\n|t:|1700348906\n|start\n|switch|p1a: Aegislash|Aegislash, F|100\/100\n|switch|p2a: mulher|Rotom-Wash|100\/100\n|turn|1\n|\n|t:|1700348910\n|-formechange|p1a: Aegislash|Aegislash-Blade||[from] ability: Stance Change\n|move|p1a: Aegislash|Shadow Ball|p2a: mulher\n|-damage|p2a: mulher|47\/100\n|move|p2a: mulher|Hydro Pump|p1a: Aegislash\n|-damage|p1a: Aegislash|7\/100\n|\n|-heal|p2a: mulher|53\/100|[from] item: Leftovers\n|upkeep\n|turn|2\n|\n|t:|1700348929\n|switch|p2a: Agito|Hoopa-Unbound|100\/100\n|move|p1a: Aegislash|Shadow Ball|p2a: Agito\n|-damage|p2a: Agito|30\/100\n|-unboost|p2a: Agito|spd|1\n|\n|upkeep\n|turn|3\n|\n|t:|1700348942\n|switch|p1a: Great Tusk|Great Tusk|100\/100\n|move|p2a: Agito|Psychic|p1a: Great Tusk\n|-supereffective|p1a: Great Tusk\n|-damage|p1a: Great Tusk|0 fnt\n|faint|p1a: Great Tusk\n|-end|p1a: Great Tusk|Protosynthesis|[silent]\n|\n|upkeep\n|\n|t:|1700348947\n|switch|p1a: Diancie|Diancie|100\/100\n|turn|4\n|\n|t:|1700348957\n|switch|p2a: Bale\u00e3o|Dondozo, M|100\/100\n|detailschange|p1a: Diancie|Diancie-Mega\n|-mega|p1a: Diancie|Diancie|Diancite\n|move|p1a: Diancie|Moonblast|p2a: Bale\u00e3o\n|-damage|p2a: Bale\u00e3o|67\/100\n|-unboost|p2a: Bale\u00e3o|spa|1\n|\n|-heal|p2a: Bale\u00e3o|73\/100|[from] item: Leftovers\n|upkeep\n|turn|5\n|\n|t:|1700348965\n|move|p1a: Diancie|Moonblast|p2a: Bale\u00e3o\n|-damage|p2a: Bale\u00e3o|38\/100\n|move|p2a: Bale\u00e3o|Wave Crash|p1a: Diancie\n|-supereffective|p1a: Diancie\n|-damage|p1a: Diancie|0 fnt\n|faint|p1a: Diancie\n|-damage|p2a: Bale\u00e3o|22\/100|[from] Recoil\n|\n|-heal|p2a: Bale\u00e3o|28\/100|[from] item: Leftovers\n|upkeep\n|\n|t:|1700348971\n|switch|p1a: Aegislash|Aegislash, F|7\/100\n|turn|6\n|\n|t:|1700348983\n|-formechange|p1a: Aegislash|Aegislash-Blade||[from] ability: Stance Change\n|move|p1a: Aegislash|Shadow Ball|p2a: Bale\u00e3o\n|-damage|p2a: Bale\u00e3o|0 fnt\n|faint|p2a: Bale\u00e3o\n|\n|upkeep\n|\n|t:|1700348986\n|switch|p2a: Agito|Hoopa-Unbound|30\/100\n|turn|7\n|\n|t:|1700348993\n|move|p2a: Agito|Psychic|p1a: Aegislash\n|-resisted|p1a: Aegislash\n|-damage|p1a: Aegislash|0 fnt\n|faint|p1a: Aegislash\n|\n|upkeep\n|\n|t:|1700348994\n|switch|p1a: Rillaboom|Rillaboom, M|100\/100\n|-fieldstart|move: Grassy Terrain|[from] ability: Grassy Surge|[of] p1a: Rillaboom\n|turn|8\n|\n|t:|1700349000\n|switch|p2a: Endeavor|Volcarona, F|100\/100\n|move|p1a: Rillaboom|Knock Off|p2a: Endeavor\n|-damage|p2a: Endeavor|20\/100\n|-status|p1a: Rillaboom|brn|[from] ability: Flame Body|[of] p2a: Endeavor\n|-enditem|p2a: Endeavor|Heavy-Duty Boots|[from] move: Knock Off|[of] p1a: Rillaboom\n|\n|-heal|p2a: Endeavor|27\/100|[from] Grassy Terrain\n|-damage|p1a: Rillaboom|94\/100 brn|[from] brn\n|upkeep\n|turn|9\n|-message|WAILORDPLAYSMUCH forfeited.\n|\n|win|JogadorCaro\n|raw|WAILORDPLAYSMUCH's rating: 1681 &rarr; <strong>1668<\/strong><br \/>(-13 for losing)\n|raw|JogadorCaro's rating: 1815 &rarr; <strong>1828<\/strong><br \/>(+13 for winning)\n|l|\u2606WAILORDPLAYSMUCH\n","uploadtime":1700349009,"views":7,"p1id":"wailordplaysmuch","p2id":"jogadorcaro","formatid":"gen9nationaldex","rating":1668,"private":0,"password":""}