{"id":"gen9nationaldex-1990150800","p1":"Catnavi","p2":"bobobopig","format":"[Gen 9] National Dex","log":"|j|\u2606Catnavi\n|j|\u2606bobobopig\n|t:|1699930126\n|gametype|singles\n|player|p1|Catnavi|lass-gen4dp|1391\n|player|p2|bobobopig|youngcouple-gen4dp|1370\n|teamsize|p1|6\n|teamsize|p2|6\n|gen|9\n|tier|[Gen 9] National Dex\n|rated|\n|rule|HP Percentage Mod: HP is shown in percentages\n|rule|Endless Battle Clause: Forcing endless battles is banned\n|rule|OHKO Clause: OHKO moves are banned\n|rule|Evasion Clause: Evasion abilities, items, and moves are banned\n|rule|Evasion Abilities Clause: Evasion abilities are banned\n|rule|Evasion Items Clause: Evasion items are banned\n|rule|Evasion Moves Clause: Evasion moves are banned\n|rule|Species Clause: Limit one of each Pok\u00e9mon\n|rule|Sleep Clause Mod: Limit one foe put to sleep\n|clearpoke\n|poke|p1|Clawitzer, M|\n|poke|p1|Tapu Koko|\n|poke|p1|Thundurus, M|\n|poke|p1|Garchomp, M|\n|poke|p1|Scizor, M|\n|poke|p1|Iron Valiant|\n|poke|p2|Ninetales-Alola, F|\n|poke|p2|Toxapex, F|\n|poke|p2|Altaria, M|\n|poke|p2|Corviknight, M|\n|poke|p2|Garganacl, F|\n|poke|p2|Glimmora, M|\n|teampreview\n|\n|t:|1699930141\n|start\n|switch|p1a: Scizor|Scizor, M|100\/100\n|switch|p2a: Glimmora|Glimmora, M, shiny|100\/100\n|turn|1\n|inactive|Battle timer is ON: inactive players will automatically lose when time's up. (requested by Catnavi)\n|\n|t:|1699930150\n|detailschange|p1a: Scizor|Scizor-Mega, M\n|-mega|p1a: Scizor|Scizor|Scizorite\n|move|p1a: Scizor|Bullet Punch|p2a: Glimmora\n|-supereffective|p2a: Glimmora\n|-damage|p2a: Glimmora|11\/100\n|-activate|p2a: Glimmora|ability: Toxic Debris\n|-sidestart|p1: Catnavi|move: Toxic Spikes\n|move|p2a: Glimmora|Stealth Rock|p1a: Scizor\n|-sidestart|p1: Catnavi|move: Stealth Rock\n|\n|upkeep\n|turn|2\n|\n|t:|1699930159\n|switch|p2a: Corviknight|Corviknight, M, shiny|100\/100\n|move|p1a: Scizor|U-turn|p2a: Corviknight\n|-resisted|p2a: Corviknight\n|-damage|p2a: Corviknight|94\/100\n|-damage|p1a: Scizor|84\/100|[from] item: Rocky Helmet|[of] p2a: Corviknight\n|\n|t:|1699930165\n|switch|p1a: Thundurus|Thundurus, M|100\/100|[from] U-turn\n|-damage|p1a: Thundurus|76\/100|[from] Stealth Rock\n|\n|upkeep\n|turn|3\n|\n|t:|1699930174\n|switch|p2a: Garganacl|Garganacl, F, shiny|100\/100\n|move|p1a: Thundurus|Defog|p2a: Garganacl\n|-unboost|p2a: Garganacl|evasion|1\n|-sideend|p1: Catnavi|Toxic Spikes|[from] move: Defog|[of] p1a: Thundurus\n|-sideend|p1: Catnavi|Stealth Rock|[from] move: Defog|[of] p1a: Thundurus\n|\n|upkeep\n|turn|4\n|\n|t:|1699930182\n|move|p1a: Thundurus|Taunt|p2a: Garganacl\n|-start|p2a: Garganacl|move: Taunt\n|move|p2a: Garganacl|Salt Cure|p1a: Thundurus\n|-supereffective|p1a: Thundurus\n|-damage|p1a: Thundurus|41\/100\n|-start|p1a: Thundurus|Salt Cure\n|-enditem|p1a: Thundurus|Eject Button\n|\n|t:|1699930195\n|switch|p1a: Clawitzer|Clawitzer, M|100\/100\n|\n|upkeep\n|turn|5\n|inactive|bobobopig has 120 seconds left.\n|\n|t:|1699930226\n|move|p1a: Clawitzer|Water Pulse|p2a: Garganacl\n|-supereffective|p2a: Garganacl\n|-damage|p2a: Garganacl|38\/100\n|move|p2a: Garganacl|Salt Cure|p1a: Clawitzer\n|-damage|p1a: Clawitzer|85\/100\n|-start|p1a: Clawitzer|Salt Cure\n|\n|-heal|p2a: Garganacl|44\/100|[from] item: Leftovers\n|-damage|p1a: Clawitzer|60\/100|[from] Salt Cure\n|upkeep\n|turn|6\n|inactive|bobobopig has 120 seconds left.\n|\n|t:|1699930236\n|switch|p1a: Tapu Koko|Tapu Koko, shiny|100\/100\n|-fieldstart|move: Electric Terrain|[from] ability: Electric Surge|[of] p1a: Tapu Koko\n|switch|p2a: Toxapex|Toxapex, F, shiny|100\/100\n|\n|upkeep\n|turn|7\n|inactive|bobobopig has 120 seconds left.\n|\n|t:|1699930246\n|move|p1a: Tapu Koko|Taunt|p2a: Toxapex\n|-start|p2a: Toxapex|move: Taunt\n|cant|p2a: Toxapex|move: Taunt|Toxic\n|\n|upkeep\n|turn|8\n|\n|t:|1699930253\n|switch|p2a: Glimmora|Glimmora, M, shiny|11\/100\n|move|p1a: Tapu Koko|Volt Switch|p2a: Glimmora\n|-damage|p2a: Glimmora|0 fnt\n|faint|p2a: Glimmora\n|\n|t:|1699930260\n|switch|p1a: Iron Valiant|Iron Valiant, shiny|100\/100|[from] Volt Switch\n|-activate|p1a: Iron Valiant|ability: Quark Drive\n|-start|p1a: Iron Valiant|quarkdrivespe\n|\n|upkeep\n|inactive|bobobopig has 120 seconds left.\n|\n|t:|1699930277\n|switch|p2a: Toxapex|Toxapex, F, shiny|100\/100\n|turn|9\n|\n|t:|1699930281\n|-terastallize|p1a: Iron Valiant|Electric\n|move|p1a: Iron Valiant|Thunderbolt|p2a: Toxapex\n|-supereffective|p2a: Toxapex\n|-damage|p2a: Toxapex|8\/100\n|-damage|p1a: Iron Valiant|91\/100|[from] item: Life Orb\n|move|p2a: Toxapex|Toxic|p1a: Iron Valiant\n|-status|p1a: Iron Valiant|tox\n|\n|-heal|p2a: Toxapex|14\/100|[from] item: Black Sludge\n|-damage|p1a: Iron Valiant|85\/100 tox|[from] psn\n|upkeep\n|turn|10\n|\n|t:|1699930296\n|switch|p2a: Ninetales|Ninetales-Alola, F, shiny|100\/100\n|-weather|Snow|[from] ability: Snow Warning|[of] p2a: Ninetales\n|move|p1a: Iron Valiant|Thunderbolt|p2a: Ninetales\n|-damage|p2a: Ninetales|12\/100\n|-damage|p1a: Iron Valiant|75\/100 tox|[from] item: Life Orb\n|\n|-weather|Snow|[upkeep]\n|-damage|p1a: Iron Valiant|62\/100 tox|[from] psn\n|upkeep\n|turn|11\n|\n|t:|1699930308\n|move|p1a: Iron Valiant|Thunderbolt|p2a: Ninetales\n|-damage|p2a: Ninetales|0 fnt\n|faint|p2a: Ninetales\n|-damage|p1a: Iron Valiant|53\/100 tox|[from] item: Life Orb\n|\n|-weather|Snow|[upkeep]\n|-damage|p1a: Iron Valiant|34\/100 tox|[from] psn\n|upkeep\n|inactive|bobobopig has 120 seconds left.\n|\n|t:|1699930318\n|switch|p2a: Garganacl|Garganacl, F, shiny|44\/100\n|turn|12\n|\n|t:|1699930326\n|move|p1a: Iron Valiant|Thunderbolt|p2a: Garganacl\n|-damage|p2a: Garganacl|0 fnt\n|faint|p2a: Garganacl\n|-damage|p1a: Iron Valiant|24\/100 tox|[from] item: Life Orb\n|\n|-weather|Snow|[upkeep]\n|-damage|p1a: Iron Valiant|0 fnt|[from] psn\n|faint|p1a: Iron Valiant\n|-end|p1a: Iron Valiant|Quark Drive|[silent]\n|upkeep\n|\n|t:|1699930344\n|switch|p1a: Garchomp|Garchomp, M, shiny|100\/100\n|switch|p2a: Altaria|Altaria, M, shiny|100\/100\n|turn|13\n|\n|t:|1699930361\n|switch|p1a: Thundurus|Thundurus, M|41\/100\n|detailschange|p2a: Altaria|Altaria-Mega, M, shiny\n|-mega|p2a: Altaria|Altaria|Altarianite\n|move|p2a: Altaria|Dragon Dance|p2a: Altaria\n|-boost|p2a: Altaria|atk|1\n|-boost|p2a: Altaria|spe|1\n|\n|-weather|Snow|[upkeep]\n|-fieldend|move: Electric Terrain\n|upkeep\n|turn|14\n|\n|t:|1699930372\n|move|p1a: Thundurus|Thunder Wave|p2a: Altaria\n|-status|p2a: Altaria|par\n|cant|p2a: Altaria|par\n|\n|-weather|none\n|upkeep\n|turn|15\n|\n|t:|1699930379\n|switch|p1a: Scizor|Scizor-Mega, M|84\/100\n|cant|p2a: Altaria|par\n|\n|upkeep\n|turn|16\n|\n|t:|1699930385\n|move|p1a: Scizor|Bullet Punch|p2a: Altaria\n|-supereffective|p2a: Altaria\n|-damage|p2a: Altaria|36\/100 par\n|move|p2a: Altaria|Fire Blast|p1a: Scizor\n|-supereffective|p1a: Scizor\n|-damage|p1a: Scizor|0 fnt\n|faint|p1a: Scizor\n|\n|upkeep\n|c|\u2606Catnavi|\u9f99\u821e\u5927\u706b\uff1f\n|\n|t:|1699930403\n|switch|p1a: Tapu Koko|Tapu Koko, shiny|100\/100\n|-fieldstart|move: Electric Terrain|[from] ability: Electric Surge|[of] p1a: Tapu Koko\n|turn|17\n|\n|t:|1699930412\n|switch|p2a: Toxapex|Toxapex, F, shiny|48\/100\n|move|p1a: Tapu Koko|Dazzling Gleam|p2a: Toxapex\n|-resisted|p2a: Toxapex\n|-damage|p2a: Toxapex|36\/100\n|\n|-heal|p2a: Toxapex|43\/100|[from] item: Black Sludge\n|upkeep\n|turn|18\n|\n|t:|1699930421\n|move|p1a: Tapu Koko|Thunderbolt|p2a: Toxapex\n|-supereffective|p2a: Toxapex\n|-damage|p2a: Toxapex|0 fnt\n|faint|p2a: Toxapex\n|\n|upkeep\n|-message|bobobopig forfeited.\n|\n|win|Catnavi\n|raw|Catnavi's rating: 1391 &rarr; <strong>1410<\/strong><br \/>(+19 for winning)\n|raw|bobobopig's rating: 1370 &rarr; <strong>1351<\/strong><br \/>(-19 for losing)\n|l|\u2606bobobopig\n","uploadtime":1699930463,"views":11,"p1id":"catnavi","p2id":"bobobopig","formatid":"gen9nationaldex","rating":1351,"private":0,"password":""}