{"id":"gen9nationaldex-1991786828","p1":"AyyyJ","p2":"monkey kkk","format":"[Gen 9] National Dex","log":"|j|\u2606AyyyJ\n|j|\u2606monkey kkk\n|t:|1700117178\n|gametype|singles\n|player|p1|AyyyJ|ethan|1286\n|player|p2|monkey kkk|twins-gen4dp|1354\n|teamsize|p1|6\n|teamsize|p2|6\n|gen|9\n|tier|[Gen 9] National Dex\n|rated|\n|rule|HP Percentage Mod: HP is shown in percentages\n|rule|Endless Battle Clause: Forcing endless battles is banned\n|rule|OHKO Clause: OHKO moves are banned\n|rule|Evasion Clause: Evasion abilities, items, and moves are banned\n|rule|Evasion Abilities Clause: Evasion abilities are banned\n|rule|Evasion Items Clause: Evasion items are banned\n|rule|Evasion Moves Clause: Evasion moves are banned\n|rule|Species Clause: Limit one of each Pok\u00e9mon\n|rule|Sleep Clause Mod: Limit one foe put to sleep\n|clearpoke\n|poke|p1|Pelipper, F|\n|poke|p1|Ferrothorn, M|\n|poke|p1|Swampert, F|\n|poke|p1|Zapdos|\n|poke|p1|Urshifu-*, M|\n|poke|p1|Tapu Lele|\n|poke|p2|Hatterene, F|\n|poke|p2|Cresselia, F|\n|poke|p2|Porygon2|\n|poke|p2|Ursaluna, M|\n|poke|p2|Crawdaunt, F|\n|poke|p2|Mawile, M|\n|teampreview\n|inactive|Battle timer is ON: inactive players will automatically lose when time's up. (requested by monkey kkk)\n|c|\u2606AyyyJ|based trick room enjoyer\n|\n|t:|1700117214\n|start\n|switch|p1a: Ferrothorn|Ferrothorn, M|100\/100\n|switch|p2a: Hatterene|Hatterene, F|100\/100\n|turn|1\n|\n|t:|1700117237\n|switch|p2a: Ursaluna|Ursaluna, M|100\/100\n|move|p1a: Ferrothorn|Gyro Ball|p2a: Ursaluna\n|-damage|p2a: Ursaluna|86\/100\n|\n|-status|p2a: Ursaluna|brn|[from] item: Flame Orb\n|upkeep\n|turn|2\n|\n|t:|1700117245\n|switch|p1a: Pelipper|Pelipper, F|100\/100\n|-weather|RainDance|[from] ability: Drizzle|[of] p1a: Pelipper\n|move|p2a: Ursaluna|Fire Punch|p1a: Pelipper\n|-resisted|p1a: Pelipper\n|-damage|p1a: Pelipper|92\/100\n|\n|-weather|RainDance|[upkeep]\n|-damage|p2a: Ursaluna|80\/100 brn|[from] brn\n|upkeep\n|turn|3\n|\n|t:|1700117254\n|switch|p2a: Hatterene|Hatterene, F|100\/100\n|move|p1a: Pelipper|Hurricane|p2a: Hatterene\n|-damage|p2a: Hatterene|68\/100\n|\n|-weather|RainDance|[upkeep]\n|upkeep\n|turn|4\n|\n|t:|1700117261\n|move|p1a: Pelipper|U-turn|p2a: Hatterene\n|-damage|p2a: Hatterene|56\/100\n|\n|t:|1700117265\n|switch|p1a: Ferrothorn|Ferrothorn, M|100\/100|[from] U-turn\n|move|p2a: Hatterene|Trick Room|p2a: Hatterene\n|-fieldstart|move: Trick Room|[of] p2a: Hatterene\n|\n|-weather|RainDance|[upkeep]\n|upkeep\n|turn|5\n|inactive|AyyyJ has 120 seconds left.\n|\n|t:|1700117325\n|switch|p2a: Ursaluna|Ursaluna, M|80\/100 brn\n|move|p1a: Ferrothorn|Gyro Ball|p2a: Ursaluna\n|-damage|p2a: Ursaluna|66\/100 brn\n|\n|-weather|RainDance|[upkeep]\n|-damage|p2a: Ursaluna|60\/100 brn|[from] brn\n|upkeep\n|turn|6\n|inactive|AyyyJ has 90 seconds left.\n|\n|t:|1700117346\n|switch|p1a: Pelipper|Pelipper, F|92\/100\n|-terastallize|p2a: Ursaluna|Normal\n|move|p2a: Ursaluna|Facade|p1a: Pelipper\n|-damage|p1a: Pelipper|0 fnt\n|faint|p1a: Pelipper\n|\n|-weather|RainDance|[upkeep]\n|-damage|p2a: Ursaluna|53\/100 brn|[from] brn\n|upkeep\n|\n|t:|1700117361\n|switch|p1a: Ferrothorn|Ferrothorn, M|100\/100\n|turn|7\n|\n|t:|1700117364\n|move|p1a: Ferrothorn|Leech Seed|p2a: Ursaluna\n|-start|p2a: Ursaluna|move: Leech Seed\n|move|p2a: Ursaluna|Fire Punch|p1a: Ferrothorn\n|-supereffective|p1a: Ferrothorn\n|-damage|p1a: Ferrothorn|50\/100\n|-damage|p2a: Ursaluna|41\/100 brn|[from] ability: Iron Barbs|[of] p1a: Ferrothorn\n|-damage|p2a: Ursaluna|24\/100 brn|[from] item: Rocky Helmet|[of] p1a: Ferrothorn\n|\n|-weather|RainDance|[upkeep]\n|-damage|p2a: Ursaluna|12\/100 brn|[from] Leech Seed|[of] p1a: Ferrothorn\n|-heal|p1a: Ferrothorn|67\/100|[silent]\n|-damage|p2a: Ursaluna|5\/100 brn|[from] brn\n|upkeep\n|turn|8\n|inactive|AyyyJ has 90 seconds left.\n|\n|t:|1700117387\n|switch|p2a: Cresselia|Cresselia, F|100\/100\n|move|p1a: Ferrothorn|Stealth Rock|p2a: Cresselia\n|-sidestart|p2: monkey kkk|move: Stealth Rock\n|\n|-weather|RainDance|[upkeep]\n|-fieldend|move: Trick Room\n|upkeep\n|turn|9\n|inactive|AyyyJ has 90 seconds left.\n|\n|t:|1700117398\n|move|p2a: Cresselia|Ice Beam|p1a: Ferrothorn\n|-damage|p1a: Ferrothorn|54\/100\n|move|p1a: Ferrothorn|Leech Seed|p2a: Cresselia\n|-start|p2a: Cresselia|move: Leech Seed\n|\n|-weather|none\n|-damage|p2a: Cresselia|88\/100|[from] Leech Seed|[of] p1a: Ferrothorn\n|-heal|p1a: Ferrothorn|69\/100|[silent]\n|upkeep\n|turn|10\n|\n|t:|1700117409\n|switch|p2a: Hatterene|Hatterene, F|56\/100\n|-damage|p2a: Hatterene|44\/100|[from] Stealth Rock\n|move|p1a: Ferrothorn|Knock Off|p2a: Hatterene\n|-damage|p2a: Hatterene|16\/100\n|-enditem|p2a: Hatterene|Focus Sash|[from] move: Knock Off|[of] p1a: Ferrothorn\n|\n|upkeep\n|turn|11\n|\n|t:|1700117427\n|move|p1a: Ferrothorn|Gyro Ball|p2a: Hatterene\n|-supereffective|p2a: Hatterene\n|-damage|p2a: Hatterene|0 fnt\n|faint|p2a: Hatterene\n|\n|upkeep\n|\n|t:|1700117432\n|switch|p2a: Crawdaunt|Crawdaunt, F|100\/100\n|-damage|p2a: Crawdaunt|88\/100|[from] Stealth Rock\n|turn|12\n|\n|t:|1700117443\n|move|p2a: Crawdaunt|Knock Off|p1a: Ferrothorn\n|-damage|p1a: Ferrothorn|18\/100\n|-damage|p2a: Crawdaunt|76\/100|[from] ability: Iron Barbs|[of] p1a: Ferrothorn\n|-damage|p2a: Crawdaunt|59\/100|[from] item: Rocky Helmet|[of] p1a: Ferrothorn\n|-enditem|p1a: Ferrothorn|Rocky Helmet|[from] move: Knock Off|[of] p2a: Crawdaunt\n|-damage|p2a: Crawdaunt|49\/100|[from] item: Life Orb\n|move|p1a: Ferrothorn|Leech Seed|p2a: Crawdaunt\n|-start|p2a: Crawdaunt|move: Leech Seed\n|\n|-damage|p2a: Crawdaunt|37\/100|[from] Leech Seed|[of] p1a: Ferrothorn\n|-heal|p1a: Ferrothorn|30\/100|[silent]\n|upkeep\n|turn|13\n|inactive|AyyyJ has 120 seconds left.\n|\n|t:|1700117468\n|move|p2a: Crawdaunt|Crabhammer|p1a: Ferrothorn|[miss]\n|-miss|p2a: Crawdaunt|p1a: Ferrothorn\n|move|p1a: Ferrothorn|Knock Off|p2a: Crawdaunt\n|-resisted|p2a: Crawdaunt\n|-damage|p2a: Crawdaunt|24\/100\n|-enditem|p2a: Crawdaunt|Life Orb|[from] move: Knock Off|[of] p1a: Ferrothorn\n|\n|-damage|p2a: Crawdaunt|12\/100|[from] Leech Seed|[of] p1a: Ferrothorn\n|-heal|p1a: Ferrothorn|42\/100|[silent]\n|upkeep\n|turn|14\n|\n|t:|1700117481\n|switch|p2a: Cresselia|Cresselia, F|88\/100\n|-damage|p2a: Cresselia|76\/100|[from] Stealth Rock\n|move|p1a: Ferrothorn|Gyro Ball|p2a: Cresselia\n|-damage|p2a: Cresselia|58\/100\n|\n|upkeep\n|turn|15\n|\n|t:|1700117488\n|move|p1a: Ferrothorn|Leech Seed|p2a: Cresselia\n|-start|p2a: Cresselia|move: Leech Seed\n|move|p2a: Cresselia|Trick Room|p2a: Cresselia\n|-fieldstart|move: Trick Room|[of] p2a: Cresselia\n|\n|-damage|p2a: Cresselia|46\/100|[from] Leech Seed|[of] p1a: Ferrothorn\n|-heal|p1a: Ferrothorn|57\/100|[silent]\n|upkeep\n|turn|16\n|\n|t:|1700117494\n|move|p1a: Ferrothorn|Knock Off|p2a: Cresselia\n|-supereffective|p2a: Cresselia\n|-damage|p2a: Cresselia|22\/100\n|-enditem|p2a: Cresselia|Covert Cloak|[from] move: Knock Off|[of] p1a: Ferrothorn\n|move|p2a: Cresselia|Lunar Dance|p2a: Cresselia\n|faint|p2a: Cresselia\n|\n|upkeep\n|\n|t:|1700117500\n|switch|p2a: Ursaluna|Ursaluna, M, tera:Normal|5\/100 brn\n|-heal|p2a: Ursaluna|100\/100|[from] move: Lunar Dance\n|-damage|p2a: Ursaluna|88\/100|[from] Stealth Rock\n|turn|17\n|\n|t:|1700117507\n|switch|p1a: Swampert|Swampert, F|100\/100\n|move|p2a: Ursaluna|Close Combat|p1a: Swampert\n|-damage|p1a: Swampert|52\/100\n|-unboost|p2a: Ursaluna|def|1\n|-unboost|p2a: Ursaluna|spd|1\n|\n|-status|p2a: Ursaluna|brn|[from] item: Flame Orb\n|upkeep\n|turn|18\n|\n|t:|1700117520\n|detailschange|p1a: Swampert|Swampert-Mega, F\n|-mega|p1a: Swampert|Swampert|Swampertite\n|move|p2a: Ursaluna|Facade|p1a: Swampert\n|-damage|p1a: Swampert|0 fnt\n|faint|p1a: Swampert\n|\n|-damage|p2a: Ursaluna|82\/100 brn|[from] brn\n|upkeep\n|\n|t:|1700117527\n|switch|p1a: Ferrothorn|Ferrothorn, M|57\/100\n|turn|19\n|\n|t:|1700117543\n|switch|p1a: Urshifu|Urshifu-Rapid-Strike, M|100\/100\n|move|p2a: Ursaluna|Close Combat|p1a: Urshifu\n|-damage|p1a: Urshifu|28\/100\n|-unboost|p2a: Ursaluna|def|1\n|-unboost|p2a: Ursaluna|spd|1\n|\n|-damage|p2a: Ursaluna|75\/100 brn|[from] brn\n|-fieldend|move: Trick Room\n|upkeep\n|turn|20\n|\n|t:|1700117554\n|switch|p2a: Porygon2|Porygon2|100\/100\n|-damage|p2a: Porygon2|88\/100|[from] Stealth Rock\n|-ability|p2a: Porygon2|Unseen Fist|[from] ability: Trace|[of] p1a: Urshifu\n|move|p1a: Urshifu|Surging Strikes|p2a: Porygon2\n|-crit|p2a: Porygon2\n|-damage|p2a: Porygon2|77\/100\n|-crit|p2a: Porygon2\n|-damage|p2a: Porygon2|66\/100\n|-crit|p2a: Porygon2\n|-damage|p2a: Porygon2|56\/100\n|-hitcount|p2a: Porygon2|3\n|\n|upkeep\n|turn|21\n|\n|t:|1700117568\n|move|p1a: Urshifu|Drain Punch|p2a: Porygon2\n|-supereffective|p2a: Porygon2\n|-damage|p2a: Porygon2|14\/100\n|-heal|p1a: Urshifu|52\/100|[from] drain|[of] p2a: Porygon2\n|move|p2a: Porygon2|Recover|p2a: Porygon2\n|-heal|p2a: Porygon2|64\/100\n|\n|upkeep\n|turn|22\n|\n|t:|1700117577\n|move|p1a: Urshifu|Close Combat|p2a: Porygon2\n|-supereffective|p2a: Porygon2\n|-damage|p2a: Porygon2|3\/100\n|-unboost|p1a: Urshifu|def|1\n|-unboost|p1a: Urshifu|spd|1\n|move|p2a: Porygon2|Recover|p2a: Porygon2\n|-heal|p2a: Porygon2|53\/100\n|\n|upkeep\n|turn|23\n|\n|t:|1700117586\n|move|p1a: Urshifu|Close Combat|p2a: Porygon2\n|-supereffective|p2a: Porygon2\n|-damage|p2a: Porygon2|0 fnt\n|-unboost|p1a: Urshifu|def|1\n|-unboost|p1a: Urshifu|spd|1\n|faint|p2a: Porygon2\n|\n|upkeep\n|\n|t:|1700117590\n|switch|p2a: Mawile|Mawile, M|100\/100\n|-damage|p2a: Mawile|95\/100|[from] Stealth Rock\n|-ability|p2a: Mawile|Intimidate|boost\n|-unboost|p1a: Urshifu|atk|1\n|turn|24\n|\n|t:|1700117601\n|detailschange|p2a: Mawile|Mawile-Mega, M\n|-mega|p2a: Mawile|Mawile|Mawilite\n|move|p1a: Urshifu|Surging Strikes|p2a: Mawile\n|-crit|p2a: Mawile\n|-damage|p2a: Mawile|73\/100\n|-crit|p2a: Mawile\n|-damage|p2a: Mawile|53\/100\n|-crit|p2a: Mawile\n|-damage|p2a: Mawile|33\/100\n|-hitcount|p2a: Mawile|3\n|move|p2a: Mawile|Swords Dance|p2a: Mawile\n|-boost|p2a: Mawile|atk|2\n|\n|upkeep\n|turn|25\n|\n|t:|1700117612\n|move|p2a: Mawile|Sucker Punch|p1a: Urshifu\n|-resisted|p1a: Urshifu\n|-damage|p1a: Urshifu|0 fnt\n|faint|p1a: Urshifu\n|\n|upkeep\n|\n|t:|1700117617\n|switch|p1a: Ferrothorn|Ferrothorn, M|57\/100\n|turn|26\n|\n|t:|1700117623\n|move|p2a: Mawile|Iron Head|p1a: Ferrothorn\n|-resisted|p1a: Ferrothorn\n|-damage|p1a: Ferrothorn|12\/100\n|-damage|p2a: Mawile|21\/100|[from] ability: Iron Barbs|[of] p1a: Ferrothorn\n|cant|p1a: Ferrothorn|flinch\n|\n|upkeep\n|turn|27\n|\n|t:|1700117634\n|move|p2a: Mawile|Ice Punch|p1a: Ferrothorn\n|-damage|p1a: Ferrothorn|0 fnt\n|-damage|p2a: Mawile|8\/100|[from] ability: Iron Barbs|[of] p1a: Ferrothorn\n|faint|p1a: Ferrothorn\n|\n|upkeep\n|\n|t:|1700117641\n|switch|p1a: Tapu Lele|Tapu Lele|100\/100\n|-fieldstart|move: Psychic Terrain|[from] ability: Psychic Surge|[of] p1a: Tapu Lele\n|turn|28\n|\n|t:|1700117648\n|move|p1a: Tapu Lele|Moonblast|p2a: Mawile\n|-resisted|p2a: Mawile\n|-damage|p2a: Mawile|0 fnt\n|faint|p2a: Mawile\n|\n|upkeep\n|\n|t:|1700117651\n|switch|p2a: Ursaluna|Ursaluna, M, tera:Normal|75\/100 brn\n|-damage|p2a: Ursaluna|63\/100 brn|[from] Stealth Rock\n|turn|29\n|\n|t:|1700117658\n|switch|p1a: Zapdos|Zapdos|100\/100\n|move|p2a: Ursaluna|Facade|p1a: Zapdos\n|-damage|p1a: Zapdos|0 fnt\n|faint|p1a: Zapdos\n|\n|-damage|p2a: Ursaluna|57\/100 brn|[from] brn\n|upkeep\n|\n|t:|1700117666\n|switch|p1a: Tapu Lele|Tapu Lele|100\/100\n|turn|30\n|\n|t:|1700117672\n|move|p1a: Tapu Lele|Psychic|p2a: Ursaluna\n|-damage|p2a: Ursaluna|1\/100 brn\n|move|p2a: Ursaluna|Facade|p1a: Tapu Lele\n|-damage|p1a: Tapu Lele|0 fnt\n|faint|p1a: Tapu Lele\n|\n|win|monkey kkk\n|raw|AyyyJ's rating: 1286 &rarr; <strong>1266<\/strong><br \/>(-20 for losing)\n|raw|monkey kkk's rating: 1354 &rarr; <strong>1370<\/strong><br \/>(+16 for winning)\n","uploadtime":1700117677,"views":4,"p1id":"ayyyj","p2id":"monkeykkk","formatid":"gen9nationaldex","rating":1266,"private":0,"password":""}