{"id":"gen9nationaldex-2000498272","p1":"SNAK30PRA","p2":"adem","format":"[Gen 9] National Dex","log":"|html|<div class=\"broadcast-blue\"><strong>[Gen 9] National Dex is currently suspecting Sneasler! For information on how to participate check out the <a href=\"https:\/\/www.smogon.com\/forums\/threads\/sv-national-dex-suspect-8-just-dance.3731534\/\">suspect thread<\/a>.<\/strong><\/div>\n|j|\u2606SNAK30PRA\n|j|\u2606adem\n|t:|1701199853\n|gametype|singles\n|player|p1|SNAK30PRA|proton|\n|player|p2|adem|#adem|\n|teamsize|p1|6\n|teamsize|p2|6\n|gen|9\n|tier|[Gen 9] National Dex\n|rule|HP Percentage Mod: HP is shown in percentages\n|rule|Endless Battle Clause: Forcing endless battles is banned\n|rule|OHKO Clause: OHKO moves are banned\n|rule|Evasion Clause: Evasion abilities, items, and moves are banned\n|rule|Evasion Abilities Clause: Evasion abilities are banned\n|rule|Evasion Items Clause: Evasion items are banned\n|rule|Evasion Moves Clause: Evasion moves are banned\n|rule|Species Clause: Limit one of each Pok\u00e9mon\n|rule|Sleep Clause Mod: Limit one foe put to sleep\n|clearpoke\n|poke|p1|Shuckle, M|\n|poke|p1|Samurott-Hisui, F|\n|poke|p1|Serperior, F|\n|poke|p1|Manaphy|\n|poke|p1|Charizard, M|\n|poke|p1|Thundurus, M|\n|poke|p2|Alomomola, F|\n|poke|p2|Ursaluna, M|\n|poke|p2|Heatran, F|\n|poke|p2|Tornadus-Therian, M|\n|poke|p2|Zamazenta-*|\n|poke|p2|Slowking-Galar, F|\n|teampreview\n|c|\u2606adem|Hf\n|c|\u2606SNAK30PRA|u2\n|inactive|Battle timer is ON: inactive players will automatically lose when time's up. (requested by adem)\n|\n|t:|1701199875\n|start\n|switch|p1a: Samurai Shuckle|Samurott-Hisui, F|100\/100\n|switch|p2a: GOOD TIMES|Heatran, F|100\/100\n|turn|1\n|\n|t:|1701199882\n|switch|p2a: THE SKY|Alomomola, F|100\/100\n|move|p1a: Samurai Shuckle|Sacred Sword|p2a: THE SKY\n|-damage|p2a: THE SKY|75\/100\n|\n|upkeep\n|turn|2\n|\n|t:|1701199899\n|switch|p1a: Shuckle|Shuckle, M|100\/100\n|move|p2a: THE SKY|Flip Turn|p1a: Shuckle\n|-supereffective|p1a: Shuckle\n|-damage|p1a: Shuckle|81\/100\n|\n|t:|1701199906\n|switch|p2a: STRAWBERRY SWING|Ursaluna, M|100\/100|[from] Flip Turn\n|\n|-status|p2a: STRAWBERRY SWING|brn|[from] item: Flame Orb\n|upkeep\n|turn|3\n|inactive|adem has 270 seconds left.\n|\n|t:|1701199945\n|move|p2a: STRAWBERRY SWING|Swords Dance|p2a: STRAWBERRY SWING\n|-boost|p2a: STRAWBERRY SWING|atk|2\n|move|p1a: Shuckle|Sticky Web|p2a: STRAWBERRY SWING\n|-sidestart|p2: adem|move: Sticky Web\n|\n|-damage|p2a: STRAWBERRY SWING|94\/100 brn|[from] brn\n|upkeep\n|turn|4\n|inactive|adem has 270 seconds left.\n|\n|t:|1701199953\n|move|p2a: STRAWBERRY SWING|Headlong Rush|p1a: Shuckle\n|-damage|p1a: Shuckle|0 fnt\n|-unboost|p2a: STRAWBERRY SWING|def|1\n|-unboost|p2a: STRAWBERRY SWING|spd|1\n|faint|p1a: Shuckle\n|\n|-damage|p2a: STRAWBERRY SWING|88\/100 brn|[from] brn\n|upkeep\n|\n|t:|1701199982\n|switch|p1a: Samurai Shuckle|Samurott-Hisui, F|100\/100\n|turn|5\n|\n|t:|1701199988\n|move|p1a: Samurai Shuckle|Aqua Cutter|p2a: STRAWBERRY SWING\n|-supereffective|p2a: STRAWBERRY SWING\n|-damage|p2a: STRAWBERRY SWING|0 fnt\n|faint|p2a: STRAWBERRY SWING\n|\n|upkeep\n|\n|t:|1701200003\n|switch|p2a: THE SKY|Alomomola, F|100\/100\n|turn|6\n|\n|t:|1701200011\n|move|p1a: Samurai Shuckle|Ceaseless Edge|p2a: THE SKY\n|-damage|p2a: THE SKY|68\/100\n|-sidestart|p2: adem|Spikes\n|move|p2a: THE SKY|Flip Turn|p1a: Samurai Shuckle\n|-resisted|p1a: Samurai Shuckle\n|-damage|p1a: Samurai Shuckle|90\/100\n|\n|t:|1701200026\n|switch|p2a: COULD BE BLUE|Zamazenta|100\/100|[from] Flip Turn\n|-ability|p2a: COULD BE BLUE|Dauntless Shield|boost\n|-boost|p2a: COULD BE BLUE|def|1\n|\n|upkeep\n|turn|7\n|\n|t:|1701200038\n|move|p2a: COULD BE BLUE|Close Combat|p1a: Samurai Shuckle\n|-supereffective|p1a: Samurai Shuckle\n|-damage|p1a: Samurai Shuckle|0 fnt\n|-unboost|p2a: COULD BE BLUE|def|1\n|-unboost|p2a: COULD BE BLUE|spd|1\n|faint|p1a: Samurai Shuckle\n|\n|upkeep\n|c|\u2606adem|ok im ngl im a bit dukb\n|c|\u2606adem|dumb\n|\n|t:|1701200063\n|switch|p1a: Water Shuckle|Manaphy|100\/100\n|turn|8\n|inactive|SNAK30PRA has 270 seconds left.\n|\n|t:|1701200092\n|-terastallize|p2a: COULD BE BLUE|Fighting\n|-terastallize|p1a: Water Shuckle|Water\n|move|p2a: COULD BE BLUE|Close Combat|p1a: Water Shuckle\n|-damage|p1a: Water Shuckle|22\/100\n|-unboost|p2a: COULD BE BLUE|def|1\n|-unboost|p2a: COULD BE BLUE|spd|1\n|move|p1a: Water Shuckle|Surf|p2a: COULD BE BLUE\n|-damage|p2a: COULD BE BLUE|0 fnt\n|faint|p2a: COULD BE BLUE\n|\n|upkeep\n|c|\u2606adem|oh nah\n|c|\u2606SNAK30PRA|manaphy stronk\n|\n|t:|1701200121\n|switch|p2a: WASTE OF TIME|Slowking-Galar, F|100\/100\n|turn|9\n|inactive|SNAK30PRA has 270 seconds left.\n|c|\u2606adem|i might be dumb\n|c|\u2606adem|for doing that\n|c|\u2606adem|IM NGL.\n|\n|t:|1701200135\n|move|p1a: Water Shuckle|Surf|p2a: WASTE OF TIME\n|-damage|p2a: WASTE OF TIME|68\/100\n|move|p2a: WASTE OF TIME|Sludge Bomb|p1a: Water Shuckle\n|-damage|p1a: Water Shuckle|0 fnt\n|faint|p1a: Water Shuckle\n|\n|upkeep\n|\n|t:|1701200141\n|switch|p1a: Fire Shuckle|Charizard, M|100\/100\n|turn|10\n|inactive|SNAK30PRA has 270 seconds left.\n|\n|t:|1701200151\n|switch|p2a: THE SKY|Alomomola, F|100\/100\n|detailschange|p1a: Fire Shuckle|Charizard-Mega-X, M\n|-mega|p1a: Fire Shuckle|Charizard|Charizardite X\n|move|p1a: Fire Shuckle|Earthquake|p2a: THE SKY\n|-crit|p2a: THE SKY\n|-damage|p2a: THE SKY|68\/100\n|\n|upkeep\n|turn|11\n|inactive|SNAK30PRA has 270 seconds left.\n|\n|t:|1701200157\n|move|p1a: Fire Shuckle|Dragon Claw|p2a: THE SKY\n|-damage|p2a: THE SKY|36\/100\n|move|p2a: THE SKY|Toxic|p1a: Fire Shuckle\n|-status|p1a: Fire Shuckle|tox\n|\n|-damage|p1a: Fire Shuckle|94\/100 tox|[from] psn\n|upkeep\n|turn|12\n|c|\u2606SNAK30PRA|ngl\n|inactive|SNAK30PRA has 270 seconds left.\n|c|\u2606SNAK30PRA|i shouldve seen that coming\n|\n|t:|1701200171\n|move|p1a: Fire Shuckle|Dragon Dance|p1a: Fire Shuckle\n|-boost|p1a: Fire Shuckle|atk|1\n|-boost|p1a: Fire Shuckle|spe|1\n|move|p2a: THE SKY|Wish|p2a: THE SKY\n|\n|-damage|p1a: Fire Shuckle|82\/100 tox|[from] psn\n|upkeep\n|turn|13\n|\n|t:|1701200176\n|move|p2a: THE SKY|Protect|p2a: THE SKY\n|-singleturn|p2a: THE SKY|Protect\n|move|p1a: Fire Shuckle|Dragon Claw|p2a: THE SKY\n|-activate|p2a: THE SKY|move: Protect\n|\n|-heal|p2a: THE SKY|86\/100|[from] move: Wish|[wisher] THE SKY\n|-damage|p1a: Fire Shuckle|64\/100 tox|[from] psn\n|upkeep\n|turn|14\n|\n|t:|1701200180\n|move|p1a: Fire Shuckle|Dragon Claw|p2a: THE SKY\n|-damage|p2a: THE SKY|41\/100\n|move|p2a: THE SKY|Wish|p2a: THE SKY\n|\n|-damage|p1a: Fire Shuckle|40\/100 tox|[from] psn\n|upkeep\n|turn|15\n|\n|t:|1701200200\n|move|p2a: THE SKY|Protect|p2a: THE SKY\n|-singleturn|p2a: THE SKY|Protect\n|move|p1a: Fire Shuckle|Dragon Claw|p2a: THE SKY\n|-activate|p2a: THE SKY|move: Protect\n|\n|-heal|p2a: THE SKY|91\/100|[from] move: Wish|[wisher] THE SKY\n|-damage|p1a: Fire Shuckle|10\/100 tox|[from] psn\n|upkeep\n|turn|16\n|\n|t:|1701200212\n|move|p1a: Fire Shuckle|Earthquake|p2a: THE SKY\n|-damage|p2a: THE SKY|61\/100\n|move|p2a: THE SKY|Wish|p2a: THE SKY\n|\n|-damage|p1a: Fire Shuckle|0 fnt|[from] psn\n|faint|p1a: Fire Shuckle\n|upkeep\n|\n|t:|1701200220\n|switch|p1a: Grass Shuckle|Serperior, F, shiny|100\/100\n|turn|17\n|\n|t:|1701200227\n|switch|p2a: WASTE OF TIME|Slowking-Galar, F|100\/100\n|move|p1a: Grass Shuckle|Substitute|p1a: Grass Shuckle\n|-start|p1a: Grass Shuckle|Substitute\n|-damage|p1a: Grass Shuckle|76\/100\n|\n|-heal|p1a: Grass Shuckle|82\/100|[from] item: Leftovers\n|upkeep\n|turn|18\n|\n|t:|1701200231\n|move|p1a: Grass Shuckle|Glare|p2a: WASTE OF TIME\n|-status|p2a: WASTE OF TIME|par\n|cant|p2a: WASTE OF TIME|par\n|\n|-heal|p1a: Grass Shuckle|88\/100|[from] item: Leftovers\n|upkeep\n|turn|19\n|c|\u2606adem|oh nah\n|\n|t:|1701200255\n|move|p1a: Grass Shuckle|Leaf Storm|p2a: WASTE OF TIME\n|-resisted|p2a: WASTE OF TIME\n|-damage|p2a: WASTE OF TIME|87\/100 par\n|-boost|p1a: Grass Shuckle|spa|2\n|move|p2a: WASTE OF TIME|Sludge Bomb|p1a: Grass Shuckle\n|-supereffective|p1a: Grass Shuckle\n|-end|p1a: Grass Shuckle|Substitute\n|\n|-heal|p1a: Grass Shuckle|94\/100|[from] item: Leftovers\n|upkeep\n|turn|20\n|\n|t:|1701200261\n|move|p1a: Grass Shuckle|Substitute|p1a: Grass Shuckle\n|-start|p1a: Grass Shuckle|Substitute\n|-damage|p1a: Grass Shuckle|70\/100\n|move|p2a: WASTE OF TIME|Sludge Bomb|p1a: Grass Shuckle\n|-supereffective|p1a: Grass Shuckle\n|-end|p1a: Grass Shuckle|Substitute\n|\n|-heal|p1a: Grass Shuckle|76\/100|[from] item: Leftovers\n|upkeep\n|turn|21\n|\n|t:|1701200264\n|move|p1a: Grass Shuckle|Substitute|p1a: Grass Shuckle\n|-start|p1a: Grass Shuckle|Substitute\n|-damage|p1a: Grass Shuckle|51\/100\n|move|p2a: WASTE OF TIME|Sludge Bomb|p1a: Grass Shuckle\n|-supereffective|p1a: Grass Shuckle\n|-end|p1a: Grass Shuckle|Substitute\n|\n|-heal|p1a: Grass Shuckle|57\/100|[from] item: Leftovers\n|upkeep\n|turn|22\n|\n|t:|1701200280\n|move|p1a: Grass Shuckle|Leaf Storm|p2a: WASTE OF TIME|[miss]\n|-miss|p1a: Grass Shuckle|p2a: WASTE OF TIME\n|move|p2a: WASTE OF TIME|Sludge Bomb|p1a: Grass Shuckle\n|-supereffective|p1a: Grass Shuckle\n|-damage|p1a: Grass Shuckle|0 fnt\n|faint|p1a: Grass Shuckle\n|\n|upkeep\n|\n|t:|1701200284\n|switch|p1a: Electric Shuckle|Thundurus, M|100\/100\n|turn|23\n|c|\u2606SNAK30PRA|pls para\n|inactive|adem has 270 seconds left.\n|\n|t:|1701200338\n|move|p1a: Electric Shuckle|Nasty Plot|p1a: Electric Shuckle\n|-boost|p1a: Electric Shuckle|spa|2\n|cant|p2a: WASTE OF TIME|par\n|\n|upkeep\n|turn|24\n|c|\u2606SNAK30PRA|para again\n|\n|t:|1701200347\n|move|p1a: Electric Shuckle|Thunderbolt|p2a: WASTE OF TIME\n|-damage|p2a: WASTE OF TIME|33\/100 par\n|cant|p2a: WASTE OF TIME|par\n|\n|upkeep\n|turn|25\n|c|\u2606adem|Yo\n|c|\u2606SNAK30PRA|ty\n|\n|t:|1701200355\n|switch|p2a: THE SKY|Alomomola, F|94\/100\n|move|p1a: Electric Shuckle|Thunderbolt|p2a: THE SKY\n|-supereffective|p2a: THE SKY\n|-damage|p2a: THE SKY|0 fnt\n|faint|p2a: THE SKY\n|\n|upkeep\n|\n|t:|1701200360\n|switch|p2a: WASTE OF TIME|Slowking-Galar, F|66\/100 par\n|turn|26\n|\n|t:|1701200364\n|move|p1a: Electric Shuckle|Thunderbolt|p2a: WASTE OF TIME\n|-damage|p2a: WASTE OF TIME|15\/100 par\n|move|p2a: WASTE OF TIME|Future Sight|p1a: Electric Shuckle\n|-start|p2a: WASTE OF TIME|move: Future Sight\n|\n|upkeep\n|turn|27\n|\n|t:|1701200369\n|switch|p2a: GOOD TIMES|Heatran, F|100\/100\n|-activate|p2a: GOOD TIMES|move: Sticky Web\n|-unboost|p2a: GOOD TIMES|spe|1\n|-damage|p2a: GOOD TIMES|88\/100|[from] Spikes\n|move|p1a: Electric Shuckle|Thunderbolt|p2a: GOOD TIMES\n|-damage|p2a: GOOD TIMES|28\/100\n|-status|p2a: GOOD TIMES|par\n|\n|-heal|p2a: GOOD TIMES|34\/100 par|[from] item: Leftovers\n|upkeep\n|turn|28\n|\n|t:|1701200374\n|switch|p2a: WASTE OF TIME|Slowking-Galar, F|48\/100 par\n|move|p1a: Electric Shuckle|Thunderbolt|p2a: WASTE OF TIME\n|-damage|p2a: WASTE OF TIME|0 fnt\n|faint|p2a: WASTE OF TIME\n|\n|-end|p1a: Electric Shuckle|move: Future Sight\n|-damage|p1a: Electric Shuckle|35\/100\n|upkeep\n|\n|t:|1701200376\n|switch|p2a: SPACESHIPS|Tornadus-Therian, M|100\/100\n|turn|29\n|c|\u2606SNAK30PRA|rip\n|c|\u2606adem|ok gg\n|c|\u2606adem|wp\n|\n|t:|1701200387\n|-zpower|p2a: SPACESHIPS\n|move|p2a: SPACESHIPS|Supersonic Skystrike|p1a: Electric Shuckle|[zeffect]\n|-resisted|p1a: Electric Shuckle\n|-damage|p1a: Electric Shuckle|0 fnt\n|faint|p1a: Electric Shuckle\n|\n|win|adem\n|c|\u2606adem|i got so scared LOL\n|c|\u2606SNAK30PRA|LOL\n|c|\u2606SNAK30PRA|hack king\n","uploadtime":1701200394,"views":17,"p1id":"snak30pra","p2id":"adem","formatid":"gen9nationaldex","rating":0,"private":0,"password":""}