{"id":"gen9nationaldex-1998026342","p1":"0xyt0c1njunk1e","p2":"RemAndUrabeEnjoyer","format":"[Gen 9] National Dex","log":"|html|<div class=\"broadcast-blue\"><strong>[Gen 9] National Dex is currently suspecting Sneasler! For information on how to participate check out the <a href=\"https:\/\/www.smogon.com\/forums\/threads\/sv-national-dex-suspect-8-just-dance.3731534\/\">suspect thread<\/a>.<\/strong><\/div>\n|j|\u26060xyt0c1njunk1e\n|j|\u2606RemAndUrabeEnjoyer\n|t:|1700880628\n|gametype|singles\n|player|p1|0xyt0c1njunk1e|iris|1367\n|player|p2|RemAndUrabeEnjoyer|waitress|1362\n|teamsize|p1|6\n|teamsize|p2|6\n|gen|9\n|tier|[Gen 9] National Dex\n|rated|\n|rule|HP Percentage Mod: HP is shown in percentages\n|rule|Endless Battle Clause: Forcing endless battles is banned\n|rule|OHKO Clause: OHKO moves are banned\n|rule|Evasion Clause: Evasion abilities, items, and moves are banned\n|rule|Evasion Abilities Clause: Evasion abilities are banned\n|rule|Evasion Items Clause: Evasion items are banned\n|rule|Evasion Moves Clause: Evasion moves are banned\n|rule|Species Clause: Limit one of each Pok\u00e9mon\n|rule|Sleep Clause Mod: Limit one foe put to sleep\n|clearpoke\n|poke|p1|Clodsire, M|\n|poke|p1|Dondozo, F|\n|poke|p1|Alomomola, F|\n|poke|p1|Talonflame, M|\n|poke|p1|Toxapex, F|\n|poke|p1|Blissey, F|\n|poke|p2|Diancie|\n|poke|p2|Goodra-Hisui, M|\n|poke|p2|Glimmora, M|\n|poke|p2|Toxapex, M|\n|poke|p2|Corviknight, M|\n|poke|p2|Excadrill, F|\n|teampreview\n|inactive|Battle timer is ON: inactive players will automatically lose when time's up. (requested by RemAndUrabeEnjoyer)\n|inactive|0xyt0c1njunk1e also wants the timer to be on.\n|\n|t:|1700880631\n|start\n|switch|p1a: Alomomola|Alomomola, F|100\/100\n|switch|p2a: Glimmora|Glimmora, M|100\/100\n|turn|1\n|\n|t:|1700880640\n|switch|p2a: Goodra|Goodra-Hisui, M, shiny|100\/100\n|switch|p1a: Blissey|Blissey, F|100\/100\n|\n|upkeep\n|turn|2\n|\n|t:|1700880647\n|switch|p2a: Excadrill|Excadrill, F|100\/100\n|-ability|p2a: Excadrill|Mold Breaker\n|move|p1a: Blissey|Stealth Rock|p2a: Excadrill\n|-sidestart|p2: RemAndUrabeEnjoyer|move: Stealth Rock\n|\n|upkeep\n|turn|3\n|\n|t:|1700880651\n|switch|p1a: Alomomola|Alomomola, F|100\/100\n|move|p2a: Excadrill|Rapid Spin|p1a: Alomomola\n|-damage|p1a: Alomomola|88\/100\n|-boost|p2a: Excadrill|spe|1\n|-sideend|p2: RemAndUrabeEnjoyer|Stealth Rock|[from] move: Rapid Spin|[of] p2a: Excadrill\n|-damage|p2a: Excadrill|91\/100|[from] item: Life Orb\n|\n|upkeep\n|turn|4\n|\n|t:|1700880657\n|switch|p2a: Glimmora|Glimmora, M|100\/100\n|move|p1a: Alomomola|Whirlpool|p2a: Glimmora\n|-supereffective|p2a: Glimmora\n|-damage|p2a: Glimmora|83\/100\n|-activate|p2a: Glimmora|move: Whirlpool|[of] p1a: Alomomola\n|\n|-damage|p2a: Glimmora|71\/100|[from] move: Whirlpool|[partiallytrapped]\n|upkeep\n|turn|5\n|\n|t:|1700880662\n|switch|p1a: Blissey|Blissey, F|100\/100\n|move|p2a: Glimmora|Stealth Rock|p1a: Blissey\n|-sidestart|p1: 0xyt0c1njunk1e|move: Stealth Rock\n|\n|-end|p2a: Glimmora|Whirlpool|[partiallytrapped]|[silent]\n|upkeep\n|turn|6\n|\n|t:|1700880668\n|move|p2a: Glimmora|Mortal Spin|p1a: Blissey\n|-crit|p1a: Blissey\n|-damage|p1a: Blissey|80\/100\n|-status|p1a: Blissey|psn\n|move|p1a: Blissey|Stealth Rock|p2a: Glimmora\n|-sidestart|p2: RemAndUrabeEnjoyer|move: Stealth Rock\n|\n|-damage|p1a: Blissey|67\/100 psn|[from] psn\n|upkeep\n|turn|7\n|\n|t:|1700880673\n|switch|p2a: Excadrill|Excadrill, F|91\/100\n|-damage|p2a: Excadrill|87\/100|[from] Stealth Rock\n|-ability|p2a: Excadrill|Mold Breaker\n|move|p1a: Blissey|Seismic Toss|p2a: Excadrill\n|-damage|p2a: Excadrill|60\/100\n|\n|-damage|p1a: Blissey|55\/100 psn|[from] psn\n|upkeep\n|turn|8\n|\n|t:|1700880677\n|move|p2a: Excadrill|Rapid Spin|p1a: Blissey\n|-damage|p1a: Blissey|1\/100 psn\n|-boost|p2a: Excadrill|spe|1\n|-sideend|p2: RemAndUrabeEnjoyer|Stealth Rock|[from] move: Rapid Spin|[of] p2a: Excadrill\n|-damage|p2a: Excadrill|50\/100|[from] item: Life Orb\n|move|p1a: Blissey|Soft-Boiled|p1a: Blissey\n|-heal|p1a: Blissey|51\/100 psn\n|\n|-damage|p1a: Blissey|39\/100 psn|[from] psn\n|upkeep\n|turn|9\n|\n|t:|1700880682\n|-curestatus|p1a: Blissey|psn|[from] ability: Natural Cure\n|switch|p1a: Alomomola|Alomomola, F|100\/100\n|move|p2a: Excadrill|Swords Dance|p2a: Excadrill\n|-boost|p2a: Excadrill|atk|2\n|\n|upkeep\n|turn|10\n|\n|t:|1700880687\n|move|p2a: Excadrill|Iron Head|p1a: Alomomola\n|-resisted|p1a: Alomomola\n|-damage|p1a: Alomomola|70\/100\n|-damage|p2a: Excadrill|40\/100|[from] item: Life Orb\n|cant|p1a: Alomomola|flinch\n|\n|upkeep\n|turn|11\n|\n|t:|1700880693\n|move|p2a: Excadrill|Iron Head|p1a: Alomomola\n|-resisted|p1a: Alomomola\n|-damage|p1a: Alomomola|38\/100\n|-damage|p2a: Excadrill|30\/100|[from] item: Life Orb\n|cant|p1a: Alomomola|flinch\n|\n|upkeep\n|turn|12\n|\n|t:|1700880701\n|move|p2a: Excadrill|Iron Head|p1a: Alomomola\n|-resisted|p1a: Alomomola\n|-damage|p1a: Alomomola|5\/100\n|-damage|p2a: Excadrill|20\/100|[from] item: Life Orb\n|cant|p1a: Alomomola|flinch\n|\n|upkeep\n|turn|13\n|\n|t:|1700880708\n|switch|p1a: Dondozo|Dondozo, F|100\/100\n|move|p2a: Excadrill|Iron Head|p1a: Dondozo\n|-resisted|p1a: Dondozo\n|-damage|p1a: Dondozo|74\/100\n|-damage|p2a: Excadrill|10\/100|[from] item: Life Orb\n|\n|upkeep\n|turn|14\n|\n|t:|1700880717\n|switch|p2a: Glimmora|Glimmora, M|71\/100\n|move|p1a: Dondozo|Liquidation|p2a: Glimmora\n|-supereffective|p2a: Glimmora\n|-damage|p2a: Glimmora|0 fnt\n|-activate|p2a: Glimmora|ability: Toxic Debris\n|-sidestart|p1: 0xyt0c1njunk1e|move: Toxic Spikes\n|faint|p2a: Glimmora\n|\n|upkeep\n|\n|t:|1700880723\n|switch|p2a: Goodra|Goodra-Hisui, M, shiny|100\/100\n|turn|15\n|\n|t:|1700880726\n|move|p2a: Goodra|Thunder|p1a: Dondozo\n|-supereffective|p1a: Dondozo\n|-damage|p1a: Dondozo|7\/100\n|move|p1a: Dondozo|Body Press|p2a: Goodra\n|-supereffective|p2a: Goodra\n|-damage|p2a: Goodra|51\/100\n|\n|upkeep\n|turn|16\n|\n|t:|1700880731\n|switch|p1a: Clodsire|Clodsire, M|100\/100\n|-sideend|p1: 0xyt0c1njunk1e|move: Toxic Spikes|[of] p1a: Clodsire\n|move|p2a: Goodra|Flash Cannon|p1a: Clodsire\n|-damage|p1a: Clodsire|78\/100\n|\n|upkeep\n|turn|17\n|\n|t:|1700880737\n|switch|p2a: Corviknight|Corviknight, M, shiny|100\/100\n|switch|p1a: Alomomola|Alomomola, F|38\/100\n|\n|upkeep\n|turn|18\n|\n|t:|1700880742\n|move|p2a: Corviknight|Brave Bird|p1a: Alomomola\n|-damage|p1a: Alomomola|18\/100\n|-damage|p2a: Corviknight|92\/100|[from] Recoil\n|move|p1a: Alomomola|Wish|p1a: Alomomola\n|\n|upkeep\n|turn|19\n|\n|t:|1700880745\n|move|p1a: Alomomola|Protect|p1a: Alomomola\n|-singleturn|p1a: Alomomola|Protect\n|move|p2a: Corviknight|Brave Bird|p1a: Alomomola\n|-activate|p1a: Alomomola|move: Protect\n|\n|-heal|p1a: Alomomola|68\/100|[from] move: Wish|[wisher] Alomomola\n|upkeep\n|turn|20\n|\n|t:|1700880748\n|move|p2a: Corviknight|Brave Bird|p1a: Alomomola\n|-damage|p1a: Alomomola|50\/100\n|-damage|p2a: Corviknight|83\/100|[from] Recoil\n|move|p1a: Alomomola|Whirlpool|p2a: Corviknight\n|-damage|p2a: Corviknight|77\/100\n|-activate|p2a: Corviknight|move: Whirlpool|[of] p1a: Alomomola\n|\n|-damage|p2a: Corviknight|65\/100|[from] move: Whirlpool|[partiallytrapped]\n|upkeep\n|turn|21\n|\n|t:|1700880756\n|move|p2a: Corviknight|U-turn|p1a: Alomomola\n|-damage|p1a: Alomomola|42\/100\n|\n|t:|1700880762\n|switch|p2a: Toxapex|Toxapex, M, shiny|100\/100|[from] U-turn\n|move|p1a: Alomomola|Wish|p1a: Alomomola\n|\n|upkeep\n|turn|22\n|\n|t:|1700880769\n|move|p1a: Alomomola|Protect|p1a: Alomomola\n|-singleturn|p1a: Alomomola|Protect\n|move|p2a: Toxapex|Scald|p1a: Alomomola\n|-activate|p1a: Alomomola|move: Protect\n|\n|-heal|p1a: Alomomola|92\/100|[from] move: Wish|[wisher] Alomomola\n|upkeep\n|turn|23\n|\n|t:|1700880780\n|move|p1a: Alomomola|Whirlpool|p2a: Toxapex\n|-resisted|p2a: Toxapex\n|-damage|p2a: Toxapex|98\/100\n|-activate|p2a: Toxapex|move: Whirlpool|[of] p1a: Alomomola\n|move|p2a: Toxapex|Toxic|p1a: Alomomola\n|-status|p1a: Alomomola|tox\n|\n|-damage|p1a: Alomomola|86\/100 tox|[from] psn\n|-damage|p2a: Toxapex|86\/100|[from] move: Whirlpool|[partiallytrapped]\n|upkeep\n|turn|24\n|\n|t:|1700880790\n|move|p1a: Alomomola|Chilling Water|p2a: Toxapex\n|-resisted|p2a: Toxapex\n|-damage|p2a: Toxapex|82\/100\n|-unboost|p2a: Toxapex|atk|1\n|move|p2a: Toxapex|Scald|p1a: Alomomola\n|-resisted|p1a: Alomomola\n|-damage|p1a: Alomomola|69\/100 tox\n|\n|-damage|p1a: Alomomola|57\/100 tox|[from] psn\n|-damage|p2a: Toxapex|70\/100|[from] move: Whirlpool|[partiallytrapped]\n|upkeep\n|turn|25\n|\n|t:|1700880797\n|move|p1a: Alomomola|Wish|p1a: Alomomola\n|move|p2a: Toxapex|Scald|p1a: Alomomola\n|-resisted|p1a: Alomomola\n|-damage|p1a: Alomomola|41\/100 tox\n|\n|-damage|p1a: Alomomola|22\/100 tox|[from] psn\n|-damage|p2a: Toxapex|57\/100|[from] move: Whirlpool|[partiallytrapped]\n|upkeep\n|turn|26\n|\n|t:|1700880800\n|move|p1a: Alomomola|Protect|p1a: Alomomola\n|-singleturn|p1a: Alomomola|Protect\n|move|p2a: Toxapex|Recover|p2a: Toxapex\n|-heal|p2a: Toxapex|100\/100\n|\n|-heal|p1a: Alomomola|72\/100 tox|[from] move: Wish|[wisher] Alomomola\n|-damage|p1a: Alomomola|48\/100 tox|[from] psn\n|-damage|p2a: Toxapex|88\/100|[from] move: Whirlpool|[partiallytrapped]\n|upkeep\n|turn|27\n|\n|t:|1700880810\n|switch|p1a: Blissey|Blissey, F|39\/100\n|move|p2a: Toxapex|Scald|p1a: Blissey\n|-damage|p1a: Blissey|32\/100\n|\n|-end|p2a: Toxapex|Whirlpool|[partiallytrapped]|[silent]\n|upkeep\n|turn|28\n|\n|t:|1700880814\n|move|p1a: Blissey|Soft-Boiled|p1a: Blissey\n|-heal|p1a: Blissey|82\/100\n|move|p2a: Toxapex|Toxic|p1a: Blissey\n|-status|p1a: Blissey|tox\n|\n|-damage|p1a: Blissey|76\/100 tox|[from] psn\n|upkeep\n|turn|29\n|\n|t:|1700880818\n|switch|p2a: Excadrill|Excadrill, F|10\/100\n|-ability|p2a: Excadrill|Mold Breaker\n|move|p1a: Blissey|Stealth Rock|p2a: Excadrill\n|-sidestart|p2: RemAndUrabeEnjoyer|move: Stealth Rock\n|\n|-damage|p1a: Blissey|64\/100 tox|[from] psn\n|upkeep\n|turn|30\n|\n|t:|1700880824\n|-curestatus|p1a: Blissey|tox|[from] ability: Natural Cure\n|switch|p1a: Talonflame|Talonflame, M|100\/100\n|move|p2a: Excadrill|Rapid Spin|p1a: Talonflame\n|-damage|p1a: Talonflame|75\/100\n|-boost|p2a: Excadrill|spe|1\n|-sideend|p2: RemAndUrabeEnjoyer|Stealth Rock|[from] move: Rapid Spin|[of] p2a: Excadrill\n|-damage|p2a: Excadrill|0 fnt|[from] item: Life Orb\n|faint|p2a: Excadrill\n|\n|upkeep\n|\n|t:|1700880829\n|switch|p2a: Diancie|Diancie, shiny|100\/100\n|turn|31\n|\n|t:|1700880836\n|switch|p1a: Blissey|Blissey, F|64\/100\n|detailschange|p2a: Diancie|Diancie-Mega, shiny\n|-mega|p2a: Diancie|Diancie|Diancite\n|move|p2a: Diancie|Diamond Storm|p1a: Blissey|[miss]\n|-miss|p2a: Diancie|p1a: Blissey\n|\n|upkeep\n|turn|32\n|\n|t:|1700880844\n|move|p2a: Diancie|Diamond Storm|p1a: Blissey\n|-damage|p1a: Blissey|0 fnt\n|faint|p1a: Blissey\n|\n|upkeep\n|\n|t:|1700880849\n|switch|p1a: Alomomola|Alomomola, F|81\/100 tox\n|turn|33\n|\n|t:|1700880851\n|move|p2a: Diancie|Protect|p2a: Diancie\n|-singleturn|p2a: Diancie|Protect\n|move|p1a: Alomomola|Whirlpool|p2a: Diancie\n|-activate|p2a: Diancie|move: Protect\n|\n|-damage|p1a: Alomomola|75\/100 tox|[from] psn\n|upkeep\n|turn|34\n|\n|t:|1700880858\n|switch|p2a: Toxapex|Toxapex, M, shiny|100\/100\n|move|p1a: Alomomola|Whirlpool|p2a: Toxapex|[miss]\n|-miss|p1a: Alomomola|p2a: Toxapex\n|\n|-damage|p1a: Alomomola|62\/100 tox|[from] psn\n|upkeep\n|turn|35\n|\n|t:|1700880863\n|move|p1a: Alomomola|Wish|p1a: Alomomola\n|move|p2a: Toxapex|Scald|p1a: Alomomola\n|-resisted|p1a: Alomomola\n|-damage|p1a: Alomomola|47\/100 tox\n|\n|-damage|p1a: Alomomola|28\/100 tox|[from] psn\n|upkeep\n|turn|36\n|\n|t:|1700880869\n|switch|p1a: Dondozo|Dondozo, F|7\/100\n|move|p2a: Toxapex|Scald|p1a: Dondozo\n|-resisted|p1a: Dondozo\n|-damage|p1a: Dondozo|0 fnt\n|faint|p1a: Dondozo\n|\n|upkeep\n|\n|t:|1700880875\n|switch|p1a: Clodsire|Clodsire, M|78\/100\n|turn|37\n|\n|t:|1700880879\n|switch|p2a: Corviknight|Corviknight, M, shiny|65\/100\n|move|p1a: Clodsire|Earthquake|p2a: Corviknight\n|-immune|p2a: Corviknight\n|\n|upkeep\n|turn|38\n|\n|t:|1700880885\n|switch|p1a: Talonflame|Talonflame, M|75\/100\n|move|p2a: Corviknight|Brave Bird|p1a: Talonflame\n|-damage|p1a: Talonflame|42\/100\n|-status|p2a: Corviknight|brn|[from] ability: Flame Body|[of] p1a: Talonflame\n|-damage|p2a: Corviknight|55\/100 brn|[from] Recoil\n|\n|-damage|p2a: Corviknight|49\/100 brn|[from] brn\n|upkeep\n|turn|39\n|\n|t:|1700880892\n|move|p1a: Talonflame|Roost|p1a: Talonflame\n|-heal|p1a: Talonflame|92\/100\n|-singleturn|p1a: Talonflame|move: Roost\n|move|p2a: Corviknight|Brave Bird|p1a: Talonflame\n|-damage|p1a: Talonflame|73\/100\n|-damage|p2a: Corviknight|44\/100 brn|[from] Recoil\n|\n|-damage|p2a: Corviknight|38\/100 brn|[from] brn\n|upkeep\n|turn|40\n|\n|t:|1700880899\n|move|p1a: Talonflame|Flamethrower|p2a: Corviknight\n|-supereffective|p2a: Corviknight\n|-damage|p2a: Corviknight|0 fnt\n|faint|p2a: Corviknight\n|\n|upkeep\n|\n|t:|1700880902\n|switch|p2a: Diancie|Diancie-Mega, shiny|100\/100\n|turn|41\n|\n|t:|1700880908\n|switch|p1a: Alomomola|Alomomola, F|62\/100 tox\n|move|p2a: Diancie|Diamond Storm|p1a: Alomomola\n|-damage|p1a: Alomomola|32\/100 tox\n|\n|-damage|p1a: Alomomola|26\/100 tox|[from] psn\n|upkeep\n|turn|42\n|\n|t:|1700880914\n|move|p2a: Diancie|Protect|p2a: Diancie\n|-singleturn|p2a: Diancie|Protect\n|move|p1a: Alomomola|Chilling Water|p2a: Diancie\n|-activate|p2a: Diancie|move: Protect\n|\n|-damage|p1a: Alomomola|13\/100 tox|[from] psn\n|upkeep\n|turn|43\n|\n|t:|1700880920\n|switch|p1a: Toxapex|Toxapex, F|100\/100\n|move|p2a: Diancie|Moonblast|p1a: Toxapex\n|-resisted|p1a: Toxapex\n|-damage|p1a: Toxapex|77\/100\n|-unboost|p1a: Toxapex|spa|1\n|\n|upkeep\n|turn|44\n|\n|t:|1700880927\n|switch|p2a: Goodra|Goodra-Hisui, M, shiny|51\/100\n|move|p1a: Toxapex|Infestation|p2a: Goodra\n|-resisted|p2a: Goodra\n|-damage|p2a: Goodra|50\/100\n|-activate|p2a: Goodra|move: Infestation|[of] p1a: Toxapex\n|\n|-damage|p2a: Goodra|38\/100|[from] move: Infestation|[partiallytrapped]\n|upkeep\n|turn|45\n|\n|t:|1700880932\n|move|p2a: Goodra|Draco Meteor|p1a: Toxapex\n|-damage|p1a: Toxapex|19\/100\n|-unboost|p2a: Goodra|spa|2\n|move|p1a: Toxapex|Recover|p1a: Toxapex\n|-heal|p1a: Toxapex|69\/100\n|\n|-damage|p2a: Goodra|26\/100|[from] move: Infestation|[partiallytrapped]\n|upkeep\n|turn|46\n|\n|t:|1700880937\n|move|p2a: Goodra|Thunder|p1a: Toxapex\n|-supereffective|p1a: Toxapex\n|-damage|p1a: Toxapex|38\/100\n|-status|p1a: Toxapex|par\n|move|p1a: Toxapex|Recover|p1a: Toxapex\n|-heal|p1a: Toxapex|88\/100 par\n|\n|-damage|p2a: Goodra|13\/100|[from] move: Infestation|[partiallytrapped]\n|upkeep\n|turn|47\n|\n|t:|1700880946\n|move|p2a: Goodra|Thunder|p1a: Toxapex\n|-supereffective|p1a: Toxapex\n|-damage|p1a: Toxapex|56\/100 par\n|cant|p1a: Toxapex|par\n|\n|-damage|p2a: Goodra|1\/100|[from] move: Infestation|[partiallytrapped]\n|upkeep\n|turn|48\n|\n|t:|1700880949\n|move|p2a: Goodra|Thunder|p1a: Toxapex|[miss]\n|-miss|p2a: Goodra|p1a: Toxapex\n|move|p1a: Toxapex|Recover|p1a: Toxapex\n|-heal|p1a: Toxapex|100\/100 par\n|\n|-end|p2a: Goodra|Infestation|[partiallytrapped]\n|upkeep\n|turn|49\n|\n|t:|1700880953\n|move|p2a: Goodra|Thunder|p1a: Toxapex\n|-supereffective|p1a: Toxapex\n|-damage|p1a: Toxapex|69\/100 par\n|move|p1a: Toxapex|Infestation|p2a: Goodra\n|-resisted|p2a: Goodra\n|-damage|p2a: Goodra|0 fnt\n|faint|p2a: Goodra\n|\n|upkeep\n|\n|t:|1700880958\n|switch|p2a: Diancie|Diancie-Mega, shiny|100\/100\n|turn|50\n|\n|t:|1700880960\n|move|p2a: Diancie|Earth Power|p1a: Toxapex\n|-supereffective|p1a: Toxapex\n|-damage|p1a: Toxapex|16\/100 par\n|cant|p1a: Toxapex|par\n|\n|upkeep\n|turn|51\n|\n|t:|1700880965\n|move|p2a: Diancie|Diamond Storm|p1a: Toxapex|[miss]\n|-miss|p2a: Diancie|p1a: Toxapex\n|move|p1a: Toxapex|Recover|p1a: Toxapex\n|-heal|p1a: Toxapex|66\/100 par\n|\n|upkeep\n|turn|52\n|\n|t:|1700880968\n|move|p2a: Diancie|Earth Power|p1a: Toxapex\n|-supereffective|p1a: Toxapex\n|-damage|p1a: Toxapex|9\/100 par\n|move|p1a: Toxapex|Infestation|p2a: Diancie\n|-resisted|p2a: Diancie\n|-damage|p2a: Diancie|99\/100\n|-activate|p2a: Diancie|move: Infestation|[of] p1a: Toxapex\n|\n|-damage|p2a: Diancie|87\/100|[from] move: Infestation|[partiallytrapped]\n|upkeep\n|turn|53\n|\n|t:|1700880974\n|move|p2a: Diancie|Diamond Storm|p1a: Toxapex\n|-damage|p1a: Toxapex|0 fnt\n|faint|p1a: Toxapex\n|\n|-end|p2a: Diancie|Infestation|[partiallytrapped]|[silent]\n|upkeep\n|\n|t:|1700880978\n|switch|p1a: Clodsire|Clodsire, M|78\/100\n|turn|54\n|\n|t:|1700880981\n|move|p2a: Diancie|Earth Power|p1a: Clodsire\n|-supereffective|p1a: Clodsire\n|-damage|p1a: Clodsire|42\/100\n|move|p1a: Clodsire|Earthquake|p2a: Diancie\n|-supereffective|p2a: Diancie\n|-damage|p2a: Diancie|0 fnt\n|faint|p2a: Diancie\n|\n|upkeep\n|\n|t:|1700880984\n|switch|p2a: Toxapex|Toxapex, M, shiny|100\/100\n|turn|55\n|\n|t:|1700880989\n|-terastallize|p2a: Toxapex|Water\n|move|p2a: Toxapex|Scald|p1a: Clodsire\n|-supereffective|p1a: Clodsire\n|-crit|p1a: Clodsire\n|-damage|p1a: Clodsire|0 fnt\n|faint|p1a: Clodsire\n|\n|upkeep\n|\n|t:|1700881004\n|switch|p1a: Alomomola|Alomomola, F|47\/100 tox\n|turn|56\n|\n|t:|1700881009\n|move|p1a: Alomomola|Whirlpool|p2a: Toxapex\n|-resisted|p2a: Toxapex\n|-damage|p2a: Toxapex|98\/100\n|-activate|p2a: Toxapex|move: Whirlpool|[of] p1a: Alomomola\n|move|p2a: Toxapex|Scald|p1a: Alomomola\n|-resisted|p1a: Alomomola\n|-damage|p1a: Alomomola|27\/100 tox\n|\n|-damage|p1a: Alomomola|21\/100 tox|[from] psn\n|-damage|p2a: Toxapex|86\/100|[from] move: Whirlpool|[partiallytrapped]\n|upkeep\n|turn|57\n|\n|t:|1700881012\n|move|p1a: Alomomola|Wish|p1a: Alomomola\n|move|p2a: Toxapex|Scald|p1a: Alomomola\n|-resisted|p1a: Alomomola\n|-damage|p1a: Alomomola|2\/100 tox\n|\n|-damage|p1a: Alomomola|0 fnt|[from] psn\n|faint|p1a: Alomomola\n|-end|p2a: Toxapex|Whirlpool|[partiallytrapped]|[silent]\n|upkeep\n|\n|t:|1700881017\n|switch|p1a: Talonflame|Talonflame, M|73\/100\n|turn|58\n|\n|t:|1700881021\n|-terastallize|p1a: Talonflame|Ghost\n|move|p1a: Talonflame|Flamethrower|p2a: Toxapex\n|-resisted|p2a: Toxapex\n|-damage|p2a: Toxapex|74\/100\n|move|p2a: Toxapex|Scald|p1a: Talonflame\n|-damage|p1a: Talonflame|31\/100\n|-status|p1a: Talonflame|brn\n|\n|-heal|p1a: Talonflame|100\/100 brn|[from] move: Wish|[wisher] Alomomola\n|-damage|p1a: Talonflame|94\/100 brn|[from] brn\n|upkeep\n|turn|59\n|\n|t:|1700881029\n|move|p1a: Talonflame|Flamethrower|p2a: Toxapex\n|-resisted|p2a: Toxapex\n|-damage|p2a: Toxapex|64\/100\n|move|p2a: Toxapex|Scald|p1a: Talonflame\n|-damage|p1a: Talonflame|50\/100 brn\n|\n|-damage|p1a: Talonflame|44\/100 brn|[from] brn\n|upkeep\n|turn|60\n|-message|0xyt0c1njunk1e forfeited.\n|\n|win|RemAndUrabeEnjoyer\n|raw|0xyt0c1njunk1e's rating: 1367 &rarr; <strong>1347<\/strong><br \/>(-20 for losing)\n|raw|RemAndUrabeEnjoyer's rating: 1362 &rarr; <strong>1382<\/strong><br \/>(+20 for winning)\n|l|\u26060xyt0c1njunk1e\n","uploadtime":1700881054,"views":1,"p1id":"0xyt0c1njunk1e","p2id":"remandurabeenjoyer","formatid":"gen9nationaldex","rating":1347,"private":0,"password":""}