{"id":"gen9nationaldex-1998598480","p1":"PShine","p2":"ajk333","format":"[Gen 9] National Dex","log":"|html|<div class=\"broadcast-blue\"><strong>[Gen 9] National Dex is currently suspecting Sneasler! For information on how to participate check out the <a href=\"https:\/\/www.smogon.com\/forums\/threads\/sv-national-dex-suspect-8-just-dance.3731534\/\">suspect thread<\/a>.<\/strong><\/div>\n|j|\u2606PShine\n|j|\u2606ajk333\n|t:|1700961170\n|gametype|singles\n|player|p1|PShine|hilbert-wonderlauncher|1619\n|player|p2|ajk333|policeman|1621\n|teamsize|p1|6\n|teamsize|p2|6\n|gen|9\n|tier|[Gen 9] National Dex\n|rated|\n|rule|HP Percentage Mod: HP is shown in percentages\n|rule|Endless Battle Clause: Forcing endless battles is banned\n|rule|OHKO Clause: OHKO moves are banned\n|rule|Evasion Clause: Evasion abilities, items, and moves are banned\n|rule|Evasion Abilities Clause: Evasion abilities are banned\n|rule|Evasion Items Clause: Evasion items are banned\n|rule|Evasion Moves Clause: Evasion moves are banned\n|rule|Species Clause: Limit one of each Pok\u00e9mon\n|rule|Sleep Clause Mod: Limit one foe put to sleep\n|clearpoke\n|poke|p1|Diancie|\n|poke|p1|Rotom-Wash|\n|poke|p1|Meowscarada, M|\n|poke|p1|Gliscor, M|\n|poke|p1|Dragonite, F|\n|poke|p1|Heatran, M|\n|poke|p2|Mawile, F|\n|poke|p2|Iron Valiant|\n|poke|p2|Rotom-Wash|\n|poke|p2|Tapu Koko|\n|poke|p2|Heatran, F|\n|poke|p2|Landorus-Therian, M|\n|teampreview\n|inactive|Battle timer is ON: inactive players will automatically lose when time's up. (requested by PShine)\n|\n|t:|1700961180\n|start\n|switch|p1a: Rotom|Rotom-Wash|100\/100\n|switch|p2a: Rotom|Rotom-Wash|100\/100\n|turn|1\n|\n|t:|1700961188\n|move|p1a: Rotom|Volt Switch|p2a: Rotom\n|-damage|p2a: Rotom|72\/100\n|\n|t:|1700961191\n|switch|p1a: Meowscarada|Meowscarada, M|100\/100|[from] Volt Switch\n|move|p2a: Rotom|Will-O-Wisp|p1a: Meowscarada\n|-status|p1a: Meowscarada|brn\n|\n|-heal|p2a: Rotom|78\/100|[from] item: Leftovers\n|-damage|p1a: Meowscarada|94\/100 brn|[from] brn\n|upkeep\n|turn|2\n|\n|t:|1700961202\n|move|p1a: Meowscarada|Spikes|p2a: Rotom\n|-start|p1a: Meowscarada|typechange|Ground|[from] ability: Protean\n|-sidestart|p2: ajk333|Spikes\n|move|p2a: Rotom|Volt Switch|p1a: Meowscarada\n|-immune|p1a: Meowscarada\n|\n|-heal|p1a: Meowscarada|100\/100 brn|[from] item: Leftovers\n|-heal|p2a: Rotom|84\/100|[from] item: Leftovers\n|-damage|p1a: Meowscarada|94\/100 brn|[from] brn\n|upkeep\n|turn|3\n|\n|t:|1700961213\n|move|p1a: Meowscarada|U-turn|p2a: Rotom\n|-damage|p2a: Rotom|76\/100\n|\n|t:|1700961219\n|switch|p1a: Rotom|Rotom-Wash|100\/100|[from] U-turn\n|move|p2a: Rotom|Defog|p1a: Rotom\n|-unboost|p1a: Rotom|evasion|1\n|-sideend|p2: ajk333|Spikes|[from] move: Defog|[of] p2a: Rotom\n|\n|-heal|p2a: Rotom|82\/100|[from] item: Leftovers\n|upkeep\n|turn|4\n|\n|t:|1700961227\n|move|p2a: Rotom|Volt Switch|p1a: Rotom\n|-damage|p1a: Rotom|72\/100\n|\n|t:|1700961236\n|switch|p2a: Landorus|Landorus-Therian, M|100\/100|[from] Volt Switch\n|-ability|p2a: Landorus|Intimidate|boost\n|-unboost|p1a: Rotom|atk|1\n|move|p1a: Rotom|Volt Switch|p2a: Landorus\n|-immune|p2a: Landorus\n|\n|-heal|p1a: Rotom|78\/100|[from] item: Leftovers\n|upkeep\n|turn|5\n|\n|t:|1700961250\n|move|p2a: Landorus|U-turn|p1a: Rotom\n|-damage|p1a: Rotom|56\/100\n|\n|t:|1700961252\n|switch|p2a: Rotom|Rotom-Wash|82\/100|[from] U-turn\n|move|p1a: Rotom|Hydro Pump|p2a: Rotom\n|-resisted|p2a: Rotom\n|-damage|p2a: Rotom|63\/100\n|\n|-heal|p2a: Rotom|69\/100|[from] item: Leftovers\n|-heal|p1a: Rotom|63\/100|[from] item: Leftovers\n|upkeep\n|turn|6\n|\n|t:|1700961269\n|move|p1a: Rotom|Protect|p1a: Rotom\n|-singleturn|p1a: Rotom|Protect\n|move|p2a: Rotom|Will-O-Wisp|p1a: Rotom\n|-activate|p1a: Rotom|move: Protect\n|\n|-heal|p1a: Rotom|69\/100|[from] item: Leftovers\n|-heal|p2a: Rotom|75\/100|[from] item: Leftovers\n|upkeep\n|turn|7\n|\n|t:|1700961277\n|move|p1a: Rotom|Volt Switch|p2a: Rotom\n|-damage|p2a: Rotom|50\/100\n|\n|t:|1700961280\n|switch|p1a: Meowscarada|Meowscarada, M|94\/100 brn|[from] Volt Switch\n|move|p2a: Rotom|Volt Switch|p1a: Meowscarada\n|-resisted|p1a: Meowscarada\n|-damage|p1a: Meowscarada|76\/100 brn\n|\n|t:|1700961288\n|switch|p2a: Mawile|Mawile, F|100\/100|[from] Volt Switch\n|-ability|p2a: Mawile|Intimidate|boost\n|-unboost|p1a: Meowscarada|atk|1\n|\n|-heal|p1a: Meowscarada|82\/100 brn|[from] item: Leftovers\n|-damage|p1a: Meowscarada|76\/100 brn|[from] brn\n|upkeep\n|turn|8\n|\n|t:|1700961297\n|detailschange|p2a: Mawile|Mawile-Mega, F\n|-mega|p2a: Mawile|Mawile|Mawilite\n|move|p1a: Meowscarada|U-turn|p2a: Mawile\n|-start|p1a: Meowscarada|typechange|Bug|[from] ability: Protean\n|-resisted|p2a: Mawile\n|-damage|p2a: Mawile|98\/100\n|\n|t:|1700961303\n|switch|p1a: Heatran|Heatran, M|100\/100|[from] U-turn\n|move|p2a: Mawile|Knock Off|p1a: Heatran\n|-damage|p1a: Heatran|43\/100\n|-enditem|p1a: Heatran|Leftovers|[from] move: Knock Off|[of] p2a: Mawile\n|\n|upkeep\n|turn|9\n|\n|t:|1700961323\n|switch|p2a: Landorus|Landorus-Therian, M|100\/100\n|-ability|p2a: Landorus|Intimidate|boost\n|-unboost|p1a: Heatran|atk|1\n|move|p1a: Heatran|Magma Storm|p2a: Landorus\n|-damage|p2a: Landorus|66\/100\n|-activate|p2a: Landorus|move: Magma Storm|[of] p1a: Heatran\n|\n|-damage|p2a: Landorus|54\/100|[from] move: Magma Storm|[partiallytrapped]\n|upkeep\n|turn|10\n|\n|t:|1700961339\n|move|p1a: Heatran|Protect|p1a: Heatran\n|-singleturn|p1a: Heatran|Protect\n|move|p2a: Landorus|Knock Off|p1a: Heatran\n|-activate|p1a: Heatran|move: Protect\n|\n|-damage|p2a: Landorus|41\/100|[from] move: Magma Storm|[partiallytrapped]\n|upkeep\n|turn|11\n|\n|t:|1700961362\n|switch|p1a: Meowscarada|Meowscarada, M|76\/100 brn\n|move|p2a: Landorus|U-turn|p1a: Meowscarada\n|-supereffective|p1a: Meowscarada\n|-crit|p1a: Meowscarada\n|-damage|p1a: Meowscarada|0 fnt\n|faint|p1a: Meowscarada\n|\n|t:|1700961371\n|switch|p2a: Tapu Koko|Tapu Koko|100\/100|[from] U-turn\n|-fieldstart|move: Electric Terrain|[from] ability: Electric Surge|[of] p2a: Tapu Koko\n|\n|upkeep\n|\n|t:|1700961376\n|switch|p1a: Gliscor|Gliscor, M|100\/100\n|turn|12\n|\n|t:|1700961380\n|move|p2a: Tapu Koko|Hidden Power|p1a: Gliscor\n|-supereffective|p1a: Gliscor\n|-damage|p1a: Gliscor|32\/100\n|move|p1a: Gliscor|Toxic|p2a: Tapu Koko\n|-status|p2a: Tapu Koko|tox\n|\n|-damage|p2a: Tapu Koko|94\/100 tox|[from] psn\n|-status|p1a: Gliscor|tox|[from] item: Toxic Orb\n|upkeep\n|turn|13\n|j| NicksRokaya\n|\n|t:|1700961394\n|move|p1a: Gliscor|Protect|p1a: Gliscor\n|-singleturn|p1a: Gliscor|Protect\n|move|p2a: Tapu Koko|U-turn|p1a: Gliscor\n|-activate|p1a: Gliscor|move: Protect\n|\n|-damage|p2a: Tapu Koko|82\/100 tox|[from] psn\n|-heal|p1a: Gliscor|44\/100 tox|[from] ability: Poison Heal\n|upkeep\n|turn|14\n|l| NicksRokaya\n|\n|t:|1700961404\n|switch|p1a: Rotom|Rotom-Wash|69\/100\n|move|p2a: Tapu Koko|Hidden Power|p1a: Rotom\n|-resisted|p1a: Rotom\n|-damage|p1a: Rotom|62\/100\n|\n|-heal|p1a: Rotom|69\/100|[from] item: Leftovers\n|-damage|p2a: Tapu Koko|64\/100 tox|[from] psn\n|upkeep\n|turn|15\n|\n|t:|1700961413\n|move|p1a: Rotom|Protect|p1a: Rotom\n|-singleturn|p1a: Rotom|Protect\n|-zpower|p2a: Tapu Koko\n|move|p2a: Tapu Koko|Gigavolt Havoc|p1a: Rotom|[zeffect]\n|-zbroken|p1a: Rotom\n|-damage|p1a: Rotom|48\/100\n|\n|-heal|p1a: Rotom|54\/100|[from] item: Leftovers\n|-damage|p2a: Tapu Koko|40\/100 tox|[from] psn\n|-fieldend|move: Electric Terrain\n|upkeep\n|turn|16\n|\n|t:|1700961425\n|move|p2a: Tapu Koko|U-turn|p1a: Rotom\n|-crit|p1a: Rotom\n|-damage|p1a: Rotom|29\/100\n|\n|t:|1700961430\n|switch|p2a: Rotom|Rotom-Wash|50\/100|[from] U-turn\n|move|p1a: Rotom|Hydro Pump|p2a: Rotom|[miss]\n|-miss|p1a: Rotom|p2a: Rotom\n|\n|-heal|p1a: Rotom|36\/100|[from] item: Leftovers\n|-heal|p2a: Rotom|56\/100|[from] item: Leftovers\n|upkeep\n|turn|17\n|\n|t:|1700961439\n|move|p1a: Rotom|Protect|p1a: Rotom\n|-singleturn|p1a: Rotom|Protect\n|move|p2a: Rotom|Volt Switch|p1a: Rotom\n|-activate|p1a: Rotom|move: Protect\n|\n|-heal|p2a: Rotom|62\/100|[from] item: Leftovers\n|-heal|p1a: Rotom|42\/100|[from] item: Leftovers\n|upkeep\n|turn|18\n|\n|t:|1700961449\n|move|p1a: Rotom|Volt Switch|p2a: Rotom\n|-damage|p2a: Rotom|34\/100\n|\n|t:|1700961453\n|switch|p1a: Gliscor|Gliscor, M|44\/100 tox|[from] Volt Switch\n|move|p2a: Rotom|Hydro Pump|p1a: Gliscor\n|-supereffective|p1a: Gliscor\n|-damage|p1a: Gliscor|0 fnt\n|faint|p1a: Gliscor\n|\n|-heal|p2a: Rotom|41\/100|[from] item: Leftovers\n|upkeep\n|-message|PShine forfeited.\n|\n|win|ajk333\n|raw|PShine's rating: 1619 &rarr; <strong>1599<\/strong><br \/>(-20 for losing)\n|raw|ajk333's rating: 1621 &rarr; <strong>1641<\/strong><br \/>(+20 for winning)\n|l|\u2606PShine\n","uploadtime":1700961467,"views":2,"p1id":"pshine","p2id":"ajk333","formatid":"gen9nationaldex","rating":1599,"private":0,"password":""}