{"id":"gen9nationaldex-1988982488","p1":"FirstTimeNoobF","p2":"Dark Umbreon 08","format":"[Gen 9] National Dex","log":"|j|\u2606FirstTimeNoobF\n|j|\u2606Dark Umbreon 08\n|t:|1699798120\n|gametype|singles\n|player|p1|FirstTimeNoobF|hiker-gen4|1065\n|player|p2|Dark Umbreon 08|lass-gen4dp|1052\n|teamsize|p1|6\n|teamsize|p2|6\n|gen|9\n|tier|[Gen 9] National Dex\n|rated|\n|rule|HP Percentage Mod: HP is shown in percentages\n|rule|Endless Battle Clause: Forcing endless battles is banned\n|rule|OHKO Clause: OHKO moves are banned\n|rule|Evasion Clause: Evasion abilities, items, and moves are banned\n|rule|Evasion Abilities Clause: Evasion abilities are banned\n|rule|Evasion Items Clause: Evasion items are banned\n|rule|Evasion Moves Clause: Evasion moves are banned\n|rule|Species Clause: Limit one of each Pok\u00e9mon\n|rule|Sleep Clause Mod: Limit one foe put to sleep\n|clearpoke\n|poke|p1|Ninetales-Alola, F|\n|poke|p1|Kilowattrel, M|\n|poke|p1|Ferrothorn, F|\n|poke|p1|Crobat, M|\n|poke|p1|Clawitzer, M|\n|poke|p1|Chansey, F|\n|poke|p2|Xurkitree|\n|poke|p2|Blaziken, F|\n|poke|p2|Medicham, M|\n|poke|p2|Zamazenta-*|\n|poke|p2|Kartana|\n|poke|p2|Manaphy|\n|teampreview\n|inactive|Battle timer is ON: inactive players will automatically lose when time's up. (requested by Dark Umbreon 08)\n|\n|t:|1699798124\n|start\n|switch|p1a: Clawitzer|Clawitzer, M|100\/100\n|switch|p2a: Blaziken|Blaziken, F|100\/100\n|turn|1\n|\n|t:|1699798146\n|-terastallize|p2a: Blaziken|Flying\n|move|p2a: Blaziken|Swagger|p1a: Clawitzer\n|-boost|p1a: Clawitzer|atk|2\n|-enditem|p2a: Blaziken|Mirror Herb\n|-boost|p2a: Blaziken|atk|2|[from] item: Mirror Herb\n|-start|p1a: Clawitzer|confusion\n|-activate|p1a: Clawitzer|confusion\n|move|p1a: Clawitzer|Aura Sphere|p2a: Blaziken\n|-resisted|p2a: Blaziken\n|-damage|p2a: Blaziken|70\/100\n|\n|-ability|p2a: Blaziken|Speed Boost|boost\n|-boost|p2a: Blaziken|spe|1\n|upkeep\n|turn|2\n|\n|t:|1699798165\n|switch|p1a: Kilowattrel|Kilowattrel, M|100\/100\n|move|p2a: Blaziken|Focus Energy|p2a: Blaziken\n|-start|p2a: Blaziken|move: Focus Energy\n|\n|-ability|p2a: Blaziken|Speed Boost|boost\n|-boost|p2a: Blaziken|spe|1\n|upkeep\n|turn|3\n|\n|t:|1699798174\n|move|p2a: Blaziken|Blaze Kick|p1a: Kilowattrel\n|-crit|p1a: Kilowattrel\n|-damage|p1a: Kilowattrel|0 fnt\n|faint|p1a: Kilowattrel\n|\n|-ability|p2a: Blaziken|Speed Boost|boost\n|-boost|p2a: Blaziken|spe|1\n|upkeep\n|\n|t:|1699798185\n|switch|p1a: Clawitzer|Clawitzer, M|100\/100\n|turn|4\n|\n|t:|1699798210\n|move|p2a: Blaziken|Close Combat|p1a: Clawitzer\n|-damage|p1a: Clawitzer|0 fnt\n|-unboost|p2a: Blaziken|def|1\n|-unboost|p2a: Blaziken|spd|1\n|faint|p1a: Clawitzer\n|\n|-ability|p2a: Blaziken|Speed Boost|boost\n|-boost|p2a: Blaziken|spe|1\n|upkeep\n|\n|t:|1699798225\n|switch|p1a: Ferrothorn|Ferrothorn, F|100\/100\n|turn|5\n|\n|t:|1699798233\n|-terastallize|p1a: Ferrothorn|Ground\n|move|p2a: Blaziken|Blaze Kick|p1a: Ferrothorn\n|-crit|p1a: Ferrothorn\n|-damage|p1a: Ferrothorn|0 fnt\n|-damage|p2a: Blaziken|58\/100|[from] ability: Iron Barbs|[of] p1a: Ferrothorn\n|-damage|p2a: Blaziken|41\/100|[from] item: Rocky Helmet|[of] p1a: Ferrothorn\n|faint|p1a: Ferrothorn\n|\n|-ability|p2a: Blaziken|Speed Boost|boost\n|-boost|p2a: Blaziken|spe|1\n|upkeep\n|\n|t:|1699798245\n|switch|p1a: Crobat|Crobat, M|100\/100\n|turn|6\n|\n|t:|1699798251\n|move|p2a: Blaziken|Blaze Kick|p1a: Crobat\n|-crit|p1a: Crobat\n|-damage|p1a: Crobat|0 fnt\n|faint|p1a: Crobat\n|\n|-ability|p2a: Blaziken|Speed Boost|boost\n|-boost|p2a: Blaziken|spe|1\n|upkeep\n|\n|t:|1699798260\n|switch|p1a: Ninetales|Ninetales-Alola, F|100\/100\n|-weather|Snow|[from] ability: Snow Warning|[of] p1a: Ninetales\n|turn|7\n|\n|t:|1699798268\n|move|p2a: Blaziken|Blaze Kick|p1a: Ninetales\n|-supereffective|p1a: Ninetales\n|-crit|p1a: Ninetales\n|-damage|p1a: Ninetales|0 fnt\n|faint|p1a: Ninetales\n|\n|-weather|Snow|[upkeep]\n|upkeep\n|\n|t:|1699798275\n|switch|p1a: Chansey|Chansey, F|100\/100\n|turn|8\n|\n|t:|1699798278\n|move|p2a: Blaziken|Close Combat|p1a: Chansey\n|-supereffective|p1a: Chansey\n|-crit|p1a: Chansey\n|-damage|p1a: Chansey|0 fnt\n|-unboost|p2a: Blaziken|def|1\n|-unboost|p2a: Blaziken|spd|1\n|faint|p1a: Chansey\n|\n|win|Dark Umbreon 08\n|raw|FirstTimeNoobF's rating: 1065 &rarr; <strong>1043<\/strong><br \/>(-22 for losing)\n|raw|Dark Umbreon 08's rating: 1025 &rarr; <strong>1065<\/strong><br \/>(+40 for winning)\n","uploadtime":1699798287,"views":12,"p1id":"firsttimenoobf","p2id":"darkumbreon08","formatid":"gen9nationaldex","rating":1043,"private":0,"password":""}