{"id":"gen9nationaldex-1987192469","p1":"Shovel Florentine","p2":"Fallout 3 Enjoyer","format":"[Gen 9] National Dex","log":"|j|\u2606Shovel Florentine\n|j|\u2606Fallout 3 Enjoyer\n|t:|1699563939\n|gametype|singles\n|player|p1|Shovel Florentine|acetrainerf|1034\n|player|p2|Fallout 3 Enjoyer|caitlin|1074\n|teamsize|p1|6\n|teamsize|p2|6\n|gen|9\n|tier|[Gen 9] National Dex\n|rated|\n|rule|HP Percentage Mod: HP is shown in percentages\n|rule|Endless Battle Clause: Forcing endless battles is banned\n|rule|OHKO Clause: OHKO moves are banned\n|rule|Evasion Clause: Evasion abilities, items, and moves are banned\n|rule|Evasion Abilities Clause: Evasion abilities are banned\n|rule|Evasion Items Clause: Evasion items are banned\n|rule|Evasion Moves Clause: Evasion moves are banned\n|rule|Species Clause: Limit one of each Pok\u00e9mon\n|rule|Sleep Clause Mod: Limit one foe put to sleep\n|clearpoke\n|poke|p1|Scyther, M|\n|poke|p1|Ninetales, F|\n|poke|p1|Rapidash, F|\n|poke|p1|Ivysaur, M|\n|poke|p1|Machoke, M|\n|poke|p1|Articuno|\n|poke|p2|Clodsire, F|\n|poke|p2|Bellibolt, F|\n|poke|p2|Poliwrath, M|\n|poke|p2|Politoed, F|\n|poke|p2|Swampert, M|\n|poke|p2|Toxicroak, M|\n|teampreview\n|inactive|Battle timer is ON: inactive players will automatically lose when time's up. (requested by Fallout 3 Enjoyer)\n|c|\u2606Fallout 3 Enjoyer|gen 1 vs the frog squad\n|\n|t:|1699563958\n|start\n|switch|p1a: Arch One|Articuno|100\/100\n|switch|p2a: Rain Frog|Politoed, F, shiny|100\/100\n|-ability|p1a: Arch One|Pressure\n|-weather|RainDance|[from] ability: Drizzle|[of] p2a: Rain Frog\n|turn|1\n|\n|t:|1699563966\n|move|p1a: Arch One|Freeze-Dry|p2a: Rain Frog\n|-supereffective|p2a: Rain Frog\n|-damage|p2a: Rain Frog|59\/100\n|move|p2a: Rain Frog|Scald|p1a: Arch One\n|-crit|p1a: Arch One\n|-damage|p1a: Arch One|51\/100\n|-status|p1a: Arch One|brn\n|\n|-weather|RainDance|[upkeep]\n|-damage|p1a: Arch One|44\/100 brn|[from] brn\n|upkeep\n|turn|2\n|\n|t:|1699563975\n|switch|p1a: Pot Ash|Ninetales, F, shiny|100\/100\n|-weather|SunnyDay|[from] ability: Drought|[of] p1a: Pot Ash\n|move|p2a: Rain Frog|Scald|p1a: Pot Ash\n|-supereffective|p1a: Pot Ash\n|-damage|p1a: Pot Ash|71\/100\n|\n|-weather|SunnyDay|[upkeep]\n|upkeep\n|turn|3\n|\n|t:|1699563983\n|switch|p1a: Broody|Rapidash, F|100\/100\n|switch|p2a: Chunky Frog|Clodsire, F|100\/100\n|\n|-weather|SunnyDay|[upkeep]\n|upkeep\n|turn|4\n|\n|t:|1699563993\n|switch|p1a: Spuds|Ivysaur, M|100\/100\n|move|p2a: Chunky Frog|Curse|p2a: Chunky Frog\n|-unboost|p2a: Chunky Frog|spe|1\n|-boost|p2a: Chunky Frog|atk|1\n|-boost|p2a: Chunky Frog|def|1\n|\n|-weather|SunnyDay|[upkeep]\n|upkeep\n|turn|5\n|\n|t:|1699563997\n|move|p1a: Spuds|Growth|p1a: Spuds\n|-boost|p1a: Spuds|atk|2\n|-boost|p1a: Spuds|spa|2\n|move|p2a: Chunky Frog|Earthquake|p1a: Spuds\n|-damage|p1a: Spuds|57\/100\n|\n|-weather|SunnyDay|[upkeep]\n|upkeep\n|turn|6\n|\n|t:|1699564006\n|-terastallize|p2a: Chunky Frog|Poison\n|move|p1a: Spuds|Solar Beam||[still]\n|-prepare|p1a: Spuds|Solar Beam\n|-anim|p1a: Spuds|Solar Beam|p2a: Chunky Frog\n|-resisted|p2a: Chunky Frog\n|-damage|p2a: Chunky Frog|74\/100\n|move|p2a: Chunky Frog|Gunk Shot|p1a: Spuds\n|-damage|p1a: Spuds|0 fnt\n|faint|p1a: Spuds\n|\n|-weather|SunnyDay|[upkeep]\n|-heal|p2a: Chunky Frog|80\/100|[from] item: Black Sludge\n|upkeep\n|\n|t:|1699564019\n|switch|p1a: Broody|Rapidash, F|100\/100\n|turn|7\n|\n|t:|1699564028\n|move|p1a: Broody|Flame Charge|p2a: Chunky Frog\n|-crit|p2a: Chunky Frog\n|-damage|p2a: Chunky Frog|51\/100\n|-boost|p1a: Broody|spe|1\n|move|p2a: Chunky Frog|Earthquake|p1a: Broody\n|-supereffective|p1a: Broody\n|-damage|p1a: Broody|0 fnt\n|faint|p1a: Broody\n|\n|-weather|SunnyDay|[upkeep]\n|-heal|p2a: Chunky Frog|58\/100|[from] item: Black Sludge\n|upkeep\n|\n|t:|1699564038\n|switch|p1a: Donatello|Machoke, M, shiny|100\/100\n|turn|8\n|\n|t:|1699564041\n|move|p1a: Donatello|Dynamic Punch|p2a: Chunky Frog\n|-resisted|p2a: Chunky Frog\n|-damage|p2a: Chunky Frog|46\/100\n|-start|p2a: Chunky Frog|confusion\n|-activate|p2a: Chunky Frog|confusion\n|-damage|p2a: Chunky Frog|41\/100|[from] confusion\n|\n|-weather|SunnyDay|[upkeep]\n|-heal|p2a: Chunky Frog|47\/100|[from] item: Black Sludge\n|upkeep\n|turn|9\n|\n|t:|1699564047\n|move|p1a: Donatello|Mega Kick|p2a: Chunky Frog\n|-damage|p2a: Chunky Frog|28\/100\n|-activate|p2a: Chunky Frog|confusion\n|move|p2a: Chunky Frog|Gunk Shot|p1a: Donatello\n|-damage|p1a: Donatello|46\/100\n|-status|p1a: Donatello|psn\n|\n|-weather|none\n|-heal|p2a: Chunky Frog|34\/100|[from] item: Black Sludge\n|-damage|p1a: Donatello|34\/100 psn|[from] psn\n|upkeep\n|turn|10\n|\n|t:|1699564052\n|switch|p1a: Arch One|Articuno|44\/100 brn\n|-ability|p1a: Arch One|Pressure\n|-end|p2a: Chunky Frog|confusion\n|move|p2a: Chunky Frog|Earthquake|p1a: Arch One\n|-immune|p1a: Arch One\n|\n|-heal|p2a: Chunky Frog|41\/100|[from] item: Black Sludge\n|-damage|p1a: Arch One|38\/100 brn|[from] brn\n|upkeep\n|turn|11\n|\n|t:|1699564056\n|move|p1a: Arch One|Freeze-Dry|p2a: Chunky Frog\n|-damage|p2a: Chunky Frog|19\/100\n|move|p2a: Chunky Frog|Gunk Shot|p1a: Arch One|[miss]\n|-miss|p2a: Chunky Frog|p1a: Arch One\n|\n|-heal|p2a: Chunky Frog|25\/100|[from] item: Black Sludge\n|-damage|p1a: Arch One|32\/100 brn|[from] brn\n|upkeep\n|turn|12\n|\n|t:|1699564062\n|move|p1a: Arch One|Heal Bell|p1a: Arch One\n|-activate|p1a: Arch One|move: Heal Bell\n|-curestatus|p1a: Arch One|brn|[msg]\n|-curestatus|p1: Donatello|psn|[msg]\n|move|p2a: Chunky Frog|Gunk Shot|p1a: Arch One|[miss]\n|-miss|p2a: Chunky Frog|p1a: Arch One\n|\n|-heal|p2a: Chunky Frog|31\/100|[from] item: Black Sludge\n|upkeep\n|turn|13\n|\n|t:|1699564069\n|move|p1a: Arch One|Hurricane|p2a: Chunky Frog|[miss]\n|-miss|p1a: Arch One|p2a: Chunky Frog\n|move|p2a: Chunky Frog|Gunk Shot|p1a: Arch One\n|-damage|p1a: Arch One|0 fnt\n|faint|p1a: Arch One\n|\n|-heal|p2a: Chunky Frog|37\/100|[from] item: Black Sludge\n|upkeep\n|\n|t:|1699564073\n|switch|p1a: Donatello|Machoke, M, shiny|34\/100\n|turn|14\n|\n|t:|1699564096\n|move|p1a: Donatello|Dynamic Punch|p2a: Chunky Frog\n|-resisted|p2a: Chunky Frog\n|-damage|p2a: Chunky Frog|27\/100\n|-start|p2a: Chunky Frog|confusion\n|-activate|p2a: Chunky Frog|confusion\n|move|p2a: Chunky Frog|Earthquake|p1a: Donatello\n|-damage|p1a: Donatello|0 fnt\n|faint|p1a: Donatello\n|\n|-heal|p2a: Chunky Frog|33\/100|[from] item: Black Sludge\n|upkeep\n|\n|t:|1699564103\n|switch|p1a: Pot Ash|Ninetales, F, shiny|71\/100\n|-weather|SunnyDay|[from] ability: Drought|[of] p1a: Pot Ash\n|turn|15\n|\n|t:|1699564106\n|move|p1a: Pot Ash|Flamethrower|p2a: Chunky Frog\n|-damage|p2a: Chunky Frog|0 fnt\n|faint|p2a: Chunky Frog\n|\n|-weather|SunnyDay|[upkeep]\n|upkeep\n|\n|t:|1699564108\n|switch|p2a: Rain Frog|Politoed, F, shiny|59\/100\n|-weather|RainDance|[from] ability: Drizzle|[of] p2a: Rain Frog\n|turn|16\n|\n|t:|1699564117\n|switch|p1a: Knotch|Scyther, M, shiny|100\/100\n|move|p2a: Rain Frog|Scald|p1a: Knotch\n|-damage|p1a: Knotch|60\/100\n|\n|-weather|RainDance|[upkeep]\n|upkeep\n|turn|17\n|\n|t:|1699564123\n|switch|p1a: Pot Ash|Ninetales, F, shiny|71\/100\n|-weather|SunnyDay|[from] ability: Drought|[of] p1a: Pot Ash\n|move|p2a: Rain Frog|Ice Beam|p1a: Pot Ash\n|-resisted|p1a: Pot Ash\n|-damage|p1a: Pot Ash|60\/100\n|\n|-weather|SunnyDay|[upkeep]\n|upkeep\n|turn|18\n|\n|t:|1699564130\n|move|p1a: Pot Ash|Solar Beam||[still]\n|-prepare|p1a: Pot Ash|Solar Beam\n|-anim|p1a: Pot Ash|Solar Beam|p2a: Rain Frog\n|-supereffective|p2a: Rain Frog\n|-damage|p2a: Rain Frog|12\/100\n|move|p2a: Rain Frog|Earth Power|p1a: Pot Ash\n|-supereffective|p1a: Pot Ash\n|-damage|p1a: Pot Ash|17\/100\n|\n|-weather|SunnyDay|[upkeep]\n|upkeep\n|turn|19\n|\n|t:|1699564134\n|switch|p2a: Charge Frog|Bellibolt, F|100\/100\n|move|p1a: Pot Ash|Solar Beam||[still]\n|-prepare|p1a: Pot Ash|Solar Beam\n|-anim|p1a: Pot Ash|Solar Beam|p2a: Charge Frog\n|-damage|p2a: Charge Frog|72\/100\n|-start|p2a: Charge Frog|Charge|Solar Beam|[from] ability: Electromorphosis\n|\n|-weather|SunnyDay|[upkeep]\n|-heal|p2a: Charge Frog|78\/100|[from] item: Leftovers\n|upkeep\n|turn|20\n|\n|t:|1699564141\n|move|p1a: Pot Ash|Flamethrower|p2a: Charge Frog\n|-damage|p2a: Charge Frog|25\/100\n|-start|p2a: Charge Frog|Charge|Flamethrower|[from] ability: Electromorphosis\n|move|p2a: Charge Frog|Charge Beam|p1a: Pot Ash\n|-damage|p1a: Pot Ash|0 fnt\n|faint|p1a: Pot Ash\n|-end|p2a: Charge Frog|Charge|[silent]\n|\n|-weather|SunnyDay|[upkeep]\n|-heal|p2a: Charge Frog|31\/100|[from] item: Leftovers\n|upkeep\n|\n|t:|1699564147\n|switch|p1a: Knotch|Scyther, M, shiny|60\/100\n|turn|21\n|\n|t:|1699564150\n|-terastallize|p1a: Knotch|Steel\n|move|p1a: Knotch|Swords Dance|p1a: Knotch\n|-boost|p1a: Knotch|atk|2\n|move|p2a: Charge Frog|Charge Beam|p1a: Knotch\n|-damage|p1a: Knotch|42\/100\n|-boost|p2a: Charge Frog|spa|1\n|\n|-weather|SunnyDay|[upkeep]\n|-heal|p2a: Charge Frog|37\/100|[from] item: Leftovers\n|upkeep\n|turn|22\n|\n|t:|1699564157\n|move|p1a: Knotch|Trailblaze|p2a: Charge Frog\n|-damage|p2a: Charge Frog|11\/100\n|-boost|p1a: Knotch|spe|1\n|-start|p2a: Charge Frog|Charge|Trailblaze|[from] ability: Electromorphosis\n|move|p2a: Charge Frog|Parabolic Charge|p1a: Knotch\n|-damage|p1a: Knotch|0 fnt\n|-heal|p2a: Charge Frog|25\/100|[from] drain|[of] p1a: Knotch\n|faint|p1a: Knotch\n|-end|p2a: Charge Frog|Charge|[silent]\n|\n|win|Fallout 3 Enjoyer\n|raw|Shovel Florentine's rating: 1034 &rarr; <strong>1021<\/strong><br \/>(-13 for losing)\n|raw|Fallout 3 Enjoyer's rating: 1074 &rarr; <strong>1100<\/strong><br \/>(+26 for winning)\n|l|\u2606Shovel Florentine\n","uploadtime":1699564164,"views":4,"p1id":"shovelflorentine","p2id":"fallout3enjoyer","formatid":"gen9nationaldex","rating":1021,"private":0,"password":""}