{"id":"gen9nationaldex-1994769720","p1":"chl158981215","p2":"psng","format":"[Gen 9] National Dex","log":"|html|<div class=\"broadcast-blue\"><strong>[Gen 9] National Dex is currently suspecting Sneasler! For information on how to participate check out the <a href=\"https:\/\/www.smogon.com\/forums\/threads\/sv-national-dex-suspect-8-just-dance.3731534\/\">suspect thread<\/a>.<\/strong><\/div>\n|j|\u2606chl158981215\n|j|\u2606psng\n|t:|1700491005\n|gametype|singles\n|player|p1|chl158981215|brycen|1369\n|player|p2|psng|wallace|1469\n|teamsize|p1|6\n|teamsize|p2|6\n|gen|9\n|tier|[Gen 9] National Dex\n|rated|\n|rule|HP Percentage Mod: HP is shown in percentages\n|rule|Endless Battle Clause: Forcing endless battles is banned\n|rule|OHKO Clause: OHKO moves are banned\n|rule|Evasion Clause: Evasion abilities, items, and moves are banned\n|rule|Evasion Abilities Clause: Evasion abilities are banned\n|rule|Evasion Items Clause: Evasion items are banned\n|rule|Evasion Moves Clause: Evasion moves are banned\n|rule|Species Clause: Limit one of each Pok\u00e9mon\n|rule|Sleep Clause Mod: Limit one foe put to sleep\n|clearpoke\n|poke|p1|Landorus-Therian, M|\n|poke|p1|Tapu Koko|\n|poke|p1|Moltres|\n|poke|p1|Tapu Lele|\n|poke|p1|Scizor, M|\n|poke|p1|Samurott-Hisui, F|\n|poke|p2|Pelipper, F|\n|poke|p2|Tapu Lele|\n|poke|p2|Swampert, F|\n|poke|p2|Greninja-*, M|\n|poke|p2|Zapdos|\n|poke|p2|Ferrothorn, F|\n|teampreview\n|inactive|Battle timer is ON: inactive players will automatically lose when time's up. (requested by chl158981215)\n|inactive|psng also wants the timer to be on.\n|inactive|psng has 120 seconds left.\n|\n|t:|1700491037\n|start\n|switch|p1a: Tapu Koko|Tapu Koko, shiny|100\/100\n|switch|p2a: Pelipper|Pelipper, F, shiny|100\/100\n|-fieldstart|move: Electric Terrain|[from] ability: Electric Surge|[of] p1a: Tapu Koko\n|-weather|RainDance|[from] ability: Drizzle|[of] p2a: Pelipper\n|turn|1\n|\n|t:|1700491058\n|switch|p2a: Ferrothorn|Ferrothorn, F, shiny|100\/100\n|move|p1a: Tapu Koko|Reflect|p1a: Tapu Koko\n|-sidestart|p1: chl158981215|Reflect\n|\n|-weather|RainDance|[upkeep]\n|upkeep\n|turn|2\n|inactive|psng has 120 seconds left.\n|\n|t:|1700491096\n|move|p1a: Tapu Koko|Volt Switch|p2a: Ferrothorn\n|-resisted|p2a: Ferrothorn\n|-damage|p2a: Ferrothorn|89\/100\n|\n|t:|1700491103\n|switch|p1a: Scizor|Scizor, M|100\/100|[from] Volt Switch\n|move|p2a: Ferrothorn|Stealth Rock|p1a: Scizor\n|-sidestart|p1: chl158981215|move: Stealth Rock\n|\n|-weather|RainDance|[upkeep]\n|-heal|p2a: Ferrothorn|95\/100|[from] item: Leftovers\n|upkeep\n|turn|3\n|\n|t:|1700491113\n|detailschange|p1a: Scizor|Scizor-Mega, M\n|-mega|p1a: Scizor|Scizor|Scizorite\n|move|p1a: Scizor|Swords Dance|p1a: Scizor\n|-boost|p1a: Scizor|atk|2\n|move|p2a: Ferrothorn|Leech Seed|p1a: Scizor\n|-start|p1a: Scizor|move: Leech Seed\n|\n|-weather|RainDance|[upkeep]\n|-heal|p2a: Ferrothorn|100\/100|[from] item: Leftovers\n|-damage|p1a: Scizor|88\/100|[from] Leech Seed|[of] p2a: Ferrothorn\n|upkeep\n|turn|4\n|\n|t:|1700491128\n|switch|p2a: Zapdos|Zapdos, shiny|100\/100\n|move|p1a: Scizor|Swords Dance|p1a: Scizor\n|-boost|p1a: Scizor|atk|2\n|\n|-weather|RainDance|[upkeep]\n|-damage|p1a: Scizor|76\/100|[from] Leech Seed|[of] p2a: Zapdos\n|upkeep\n|turn|5\n|\n|t:|1700491139\n|move|p1a: Scizor|Bullet Punch|p2a: Zapdos\n|-resisted|p2a: Zapdos\n|-damage|p2a: Zapdos|63\/100\n|move|p2a: Zapdos|Hurricane|p1a: Scizor\n|-damage|p1a: Scizor|30\/100\n|-start|p1a: Scizor|confusion\n|\n|-weather|RainDance|[upkeep]\n|-damage|p1a: Scizor|17\/100|[from] Leech Seed|[of] p2a: Zapdos\n|-heal|p2a: Zapdos|73\/100|[silent]\n|-fieldend|move: Electric Terrain\n|upkeep\n|turn|6\n|\n|t:|1700491161\n|switch|p1a: Landorus|Landorus-Therian, M|100\/100\n|-damage|p1a: Landorus|88\/100|[from] Stealth Rock\n|-ability|p1a: Landorus|Intimidate|boost\n|-unboost|p2a: Zapdos|atk|1\n|move|p2a: Zapdos|Hurricane|p1a: Landorus\n|-damage|p1a: Landorus|45\/100\n|-start|p1a: Landorus|confusion\n|\n|-weather|RainDance|[upkeep]\n|upkeep\n|turn|7\n|\n|t:|1700491178\n|move|p2a: Zapdos|U-turn|p1a: Landorus\n|-resisted|p1a: Landorus\n|-damage|p1a: Landorus|44\/100\n|\n|t:|1700491181\n|switch|p2a: Swampert|Swampert, F, shiny|100\/100|[from] U-turn\n|-activate|p1a: Landorus|confusion\n|move|p1a: Landorus|Rock Slide|p2a: Swampert\n|-resisted|p2a: Swampert\n|-damage|p2a: Swampert|88\/100\n|\n|-weather|RainDance|[upkeep]\n|upkeep\n|turn|8\n|\n|t:|1700491201\n|switch|p1a: Scizor|Scizor-Mega, M|17\/100\n|-damage|p1a: Scizor|5\/100|[from] Stealth Rock\n|detailschange|p2a: Swampert|Swampert-Mega, F, shiny\n|-mega|p2a: Swampert|Swampert|Swampertite\n|move|p2a: Swampert|Liquidation|p1a: Scizor\n|-damage|p1a: Scizor|0 fnt\n|faint|p1a: Scizor\n|\n|-weather|none\n|-sideend|p1: chl158981215|Reflect\n|upkeep\n|\n|t:|1700491215\n|switch|p1a: Tapu Lele|Tapu Lele|100\/100\n|-damage|p1a: Tapu Lele|88\/100|[from] Stealth Rock\n|-fieldstart|move: Psychic Terrain|[from] ability: Psychic Surge|[of] p1a: Tapu Lele\n|turn|9\n|\n|t:|1700491224\n|switch|p2a: Ferrothorn|Ferrothorn, F, shiny|100\/100\n|move|p1a: Tapu Lele|Moonblast|p2a: Ferrothorn\n|-resisted|p2a: Ferrothorn\n|-crit|p2a: Ferrothorn\n|-damage|p2a: Ferrothorn|73\/100\n|-unboost|p2a: Ferrothorn|spa|1\n|\n|-heal|p2a: Ferrothorn|79\/100|[from] item: Leftovers\n|upkeep\n|turn|10\n|\n|t:|1700491236\n|switch|p1a: Moltres|Moltres, shiny|100\/100\n|move|p2a: Ferrothorn|Leech Seed|p1a: Moltres\n|-start|p1a: Moltres|move: Leech Seed\n|\n|-heal|p2a: Ferrothorn|85\/100|[from] item: Leftovers\n|-damage|p1a: Moltres|88\/100|[from] Leech Seed|[of] p2a: Ferrothorn\n|-heal|p2a: Ferrothorn|98\/100|[silent]\n|upkeep\n|turn|11\n|\n|t:|1700491254\n|switch|p2a: Pelipper|Pelipper, F, shiny|100\/100\n|-weather|RainDance|[from] ability: Drizzle|[of] p2a: Pelipper\n|move|p1a: Moltres|U-turn|p2a: Pelipper\n|-resisted|p2a: Pelipper\n|-damage|p2a: Pelipper|95\/100\n|\n|t:|1700491263\n|switch|p1a: Tapu Koko|Tapu Koko, shiny|100\/100|[from] U-turn\n|-damage|p1a: Tapu Koko|88\/100|[from] Stealth Rock\n|-fieldstart|move: Electric Terrain|[from] ability: Electric Surge|[of] p1a: Tapu Koko\n|\n|-weather|RainDance|[upkeep]\n|upkeep\n|turn|12\n|\n|t:|1700491274\n|switch|p2a: Swampert|Swampert-Mega, F, shiny|88\/100\n|move|p1a: Tapu Koko|Reflect|p1a: Tapu Koko\n|-sidestart|p1: chl158981215|Reflect\n|\n|-weather|RainDance|[upkeep]\n|upkeep\n|turn|13\n|\n|t:|1700491282\n|switch|p1a: Samurott|Samurott-Hisui, F|100\/100\n|-damage|p1a: Samurott|88\/100|[from] Stealth Rock\n|move|p2a: Swampert|Liquidation|p1a: Samurott\n|-resisted|p1a: Samurott\n|-damage|p1a: Samurott|65\/100\n|\n|-weather|RainDance|[upkeep]\n|upkeep\n|turn|14\n|\n|t:|1700491292\n|move|p2a: Swampert|Flip Turn|p1a: Samurott\n|-resisted|p1a: Samurott\n|-damage|p1a: Samurott|50\/100\n|\n|t:|1700491300\n|switch|p2a: Zapdos|Zapdos, shiny|73\/100|[from] Flip Turn\n|move|p1a: Samurott|Ceaseless Edge|p2a: Zapdos\n|-damage|p2a: Zapdos|40\/100\n|-sidestart|p2: psng|Spikes\n|\n|-weather|RainDance|[upkeep]\n|upkeep\n|turn|15\n|\n|t:|1700491328\n|-terastallize|p1a: Samurott|Water\n|move|p1a: Samurott|Aqua Jet|p2a: Zapdos\n|-damage|p2a: Zapdos|13\/100\n|move|p2a: Zapdos|Thunder|p1a: Samurott\n|-supereffective|p1a: Samurott\n|-damage|p1a: Samurott|0 fnt\n|faint|p1a: Samurott\n|\n|-weather|RainDance|[upkeep]\n|-fieldend|move: Electric Terrain\n|upkeep\n|-message|chl158981215 forfeited.\n|\n|win|psng\n|raw|chl158981215's rating: 1369 &rarr; <strong>1355<\/strong><br \/>(-14 for losing)\n|raw|psng's rating: 1469 &rarr; <strong>1483<\/strong><br \/>(+14 for winning)\n|l|\u2606chl158981215\n","uploadtime":1700491342,"views":1,"p1id":"chl158981215","p2id":"psng","formatid":"gen9nationaldex","rating":1355,"private":0,"password":""}