{"id":"gen9nationaldex-1995382186","p1":"red_texan","p2":"AlastorTheOverlord","format":"[Gen 9] National Dex","log":"|html|<div class=\"broadcast-blue\"><strong>[Gen 9] National Dex is currently suspecting Sneasler! For information on how to participate check out the <a href=\"https:\/\/www.smogon.com\/forums\/threads\/sv-national-dex-suspect-8-just-dance.3731534\/\">suspect thread<\/a>.<\/strong><\/div>\n|j|\u2606red_texan\n|j|\u2606AlastorTheOverlord\n|t:|1700563131\n|gametype|singles\n|player|p1|red_texan|hapu|1052\n|player|p2|AlastorTheOverlord|n|1072\n|teamsize|p1|6\n|teamsize|p2|6\n|gen|9\n|tier|[Gen 9] National Dex\n|rated|\n|rule|HP Percentage Mod: HP is shown in percentages\n|rule|Endless Battle Clause: Forcing endless battles is banned\n|rule|OHKO Clause: OHKO moves are banned\n|rule|Evasion Clause: Evasion abilities, items, and moves are banned\n|rule|Evasion Abilities Clause: Evasion abilities are banned\n|rule|Evasion Items Clause: Evasion items are banned\n|rule|Evasion Moves Clause: Evasion moves are banned\n|rule|Species Clause: Limit one of each Pok\u00e9mon\n|rule|Sleep Clause Mod: Limit one foe put to sleep\n|clearpoke\n|poke|p1|Munkidori, M|\n|poke|p1|Basculin, F|\n|poke|p1|Marowak-Alola, F|\n|poke|p1|Minior-Violet|\n|poke|p1|Ogerpon-Cornerstone, F|\n|poke|p1|Mawile, F|\n|poke|p2|Greninja-*, M|\n|poke|p2|Garchomp, M|\n|poke|p2|Chandelure, M|\n|poke|p2|Azumarill, M|\n|poke|p2|Aegislash, F|\n|poke|p2|Talonflame, M|\n|teampreview\n|inactive|Battle timer is ON: inactive players will automatically lose when time's up. (requested by AlastorTheOverlord)\n|\n|t:|1700563140\n|start\n|switch|p1a: Mawile|Mawile, F|100\/100\n|switch|p2a: Talonflame|Talonflame, M|100\/100\n|-ability|p1a: Mawile|Intimidate|boost\n|-unboost|p2a: Talonflame|atk|1\n|turn|1\n|\n|t:|1700563158\n|move|p2a: Talonflame|Flare Blitz|p1a: Mawile\n|-supereffective|p1a: Mawile\n|-damage|p1a: Mawile|15\/100\n|-damage|p2a: Talonflame|72\/100|[from] Recoil\n|move|p1a: Mawile|Swords Dance|p1a: Mawile\n|-boost|p1a: Mawile|atk|2\n|\n|upkeep\n|turn|2\n|\n|t:|1700563164\n|detailschange|p1a: Mawile|Mawile-Mega, F\n|-mega|p1a: Mawile|Mawile|Mawilite\n|move|p1a: Mawile|Sucker Punch|p2a: Talonflame\n|-damage|p2a: Talonflame|0 fnt\n|faint|p2a: Talonflame\n|\n|upkeep\n|\n|t:|1700563172\n|switch|p2a: Aegislash|Aegislash, F|100\/100\n|turn|3\n|\n|t:|1700563178\n|-formechange|p2a: Aegislash|Aegislash-Blade||[from] ability: Stance Change\n|move|p2a: Aegislash|Shadow Sneak|p1a: Mawile\n|-damage|p1a: Mawile|0 fnt\n|faint|p1a: Mawile\n|\n|upkeep\n|\n|t:|1700563188\n|switch|p1a: Minior|Minior-Violet|100\/100\n|-formechange|p1a: Minior|Minior-Meteor||[from] ability: Shields Down\n|turn|4\n|\n|t:|1700563195\n|move|p1a: Minior|Shell Smash|p1a: Minior\n|-unboost|p1a: Minior|def|1\n|-unboost|p1a: Minior|spd|1\n|-boost|p1a: Minior|atk|2\n|-boost|p1a: Minior|spa|2\n|-boost|p1a: Minior|spe|2\n|move|p2a: Aegislash|Swords Dance|p2a: Aegislash\n|-boost|p2a: Aegislash|atk|2\n|\n|upkeep\n|turn|5\n|\n|t:|1700563202\n|move|p2a: Aegislash|Shadow Sneak|p1a: Minior\n|-enditem|p1a: Minior|Focus Sash\n|-damage|p1a: Minior|1\/100\n|move|p1a: Minior|Shell Smash|p1a: Minior\n|-unboost|p1a: Minior|def|1\n|-unboost|p1a: Minior|spd|1\n|-boost|p1a: Minior|atk|2\n|-boost|p1a: Minior|spa|2\n|-boost|p1a: Minior|spe|2\n|\n|-formechange|p1a: Minior|Minior-Violet||[from] ability: Shields Down\n|upkeep\n|turn|6\n|\n|t:|1700563210\n|move|p2a: Aegislash|Shadow Sneak|p1a: Minior\n|-damage|p1a: Minior|0 fnt\n|faint|p1a: Minior\n|\n|upkeep\n|\n|t:|1700563214\n|switch|p1a: Basculin|Basculin, F|100\/100\n|turn|7\n|\n|t:|1700563217\n|move|p1a: Basculin|Wave Crash|p2a: Aegislash\n|-damage|p2a: Aegislash|0 fnt\n|faint|p2a: Aegislash\n|-damage|p1a: Basculin|62\/100|[from] Recoil\n|\n|upkeep\n|\n|t:|1700563225\n|switch|p2a: Azumarill|Azumarill, M|100\/100\n|turn|8\n|\n|t:|1700563229\n|switch|p1a: Munkidori|Munkidori, M|100\/100\n|move|p2a: Azumarill|Belly Drum|p2a: Azumarill\n|-damage|p2a: Azumarill|51\/100\n|-setboost|p2a: Azumarill|atk|6|[from] move: Belly Drum\n|\n|upkeep\n|turn|9\n|\n|t:|1700563233\n|move|p2a: Azumarill|Aqua Jet|p1a: Munkidori\n|-enditem|p1a: Munkidori|Focus Sash\n|-damage|p1a: Munkidori|1\/100\n|move|p1a: Munkidori|Sludge Bomb|p2a: Azumarill\n|-supereffective|p2a: Azumarill\n|-damage|p2a: Azumarill|0 fnt\n|faint|p2a: Azumarill\n|\n|upkeep\n|\n|t:|1700563239\n|switch|p2a: Chandelure|Chandelure, M|100\/100\n|turn|10\n|\n|t:|1700563244\n|move|p2a: Chandelure|Shadow Ball|p1a: Munkidori\n|-supereffective|p1a: Munkidori\n|-damage|p1a: Munkidori|0 fnt\n|faint|p1a: Munkidori\n|\n|upkeep\n|\n|t:|1700563248\n|switch|p1a: Basculin|Basculin, F|62\/100\n|turn|11\n|\n|t:|1700563251\n|move|p1a: Basculin|Flip Turn|p2a: Chandelure\n|-supereffective|p2a: Chandelure\n|-damage|p2a: Chandelure|10\/100\n|\n|t:|1700563258\n|switch|p1a: Ogerpon|Ogerpon-Cornerstone, F|100\/100|[from] Flip Turn\n|move|p2a: Chandelure|Shadow Ball|p1a: Ogerpon\n|-damage|p1a: Ogerpon|44\/100\n|\n|upkeep\n|turn|12\n|\n|t:|1700563265\n|-terastallize|p1a: Ogerpon|Rock\n|detailschange|p1a: Ogerpon|Ogerpon-Cornerstone-Tera, F, tera:Rock\n|-ability|p1a: Ogerpon|Embody Aspect (Cornerstone)|boost\n|-boost|p1a: Ogerpon|def|1\n|move|p2a: Chandelure|Shadow Ball|p1a: Ogerpon\n|-damage|p1a: Ogerpon|0 fnt\n|faint|p1a: Ogerpon\n|\n|upkeep\n|-message|red_texan forfeited.\n|\n|win|AlastorTheOverlord\n|raw|red_texan's rating: 1052 &rarr; <strong>1035<\/strong><br \/>(-17 for losing)\n|raw|AlastorTheOverlord's rating: 1072 &rarr; <strong>1100<\/strong><br \/>(+28 for winning)\n|l|\u2606red_texan\n","uploadtime":1700563274,"views":2,"p1id":"redtexan","p2id":"alastortheoverlord","formatid":"gen9nationaldex","rating":1035,"private":0,"password":""}