{"id":"gen9nationaldex-1994165187","p1":"Remy savage","p2":"IceBerryCoffee","format":"[Gen 9] National Dex","log":"|j|\u2606Remy savage\n|j|\u2606IceBerryCoffee\n|t:|1700414415\n|gametype|singles\n|player|p1|Remy savage|lusamine-nihilego|1218\n|player|p2|IceBerryCoffee|2|1210\n|teamsize|p1|6\n|teamsize|p2|6\n|gen|9\n|tier|[Gen 9] National Dex\n|rated|\n|rule|HP Percentage Mod: HP is shown in percentages\n|rule|Endless Battle Clause: Forcing endless battles is banned\n|rule|OHKO Clause: OHKO moves are banned\n|rule|Evasion Clause: Evasion abilities, items, and moves are banned\n|rule|Evasion Abilities Clause: Evasion abilities are banned\n|rule|Evasion Items Clause: Evasion items are banned\n|rule|Evasion Moves Clause: Evasion moves are banned\n|rule|Species Clause: Limit one of each Pok\u00e9mon\n|rule|Sleep Clause Mod: Limit one foe put to sleep\n|clearpoke\n|poke|p1|Zapdos|\n|poke|p1|Gastrodon-East, F|\n|poke|p1|Aegislash, M|\n|poke|p1|Ferrothorn, F|\n|poke|p1|Victini|\n|poke|p1|Typhlosion, M|\n|poke|p2|Torkoal, F|\n|poke|p2|Buzzwole|\n|poke|p2|Kartana|\n|poke|p2|Blacephalon|\n|poke|p2|Lopunny, F|\n|poke|p2|Krookodile, M|\n|teampreview\n|inactive|Battle timer is ON: inactive players will automatically lose when time's up. (requested by Remy savage)\n|\n|t:|1700414438\n|start\n|switch|p1a: Albatrozz|Zapdos|100\/100\n|switch|p2a: Torkoal|Torkoal, F|100\/100\n|-weather|SunnyDay|[from] ability: Drought|[of] p2a: Torkoal\n|turn|1\n|\n|t:|1700414446\n|move|p1a: Albatrozz|Rain Dance|p1a: Albatrozz\n|-weather|RainDance\n|move|p2a: Torkoal|Shell Smash|p2a: Torkoal\n|-unboost|p2a: Torkoal|def|1\n|-unboost|p2a: Torkoal|spd|1\n|-boost|p2a: Torkoal|atk|2\n|-boost|p2a: Torkoal|spa|2\n|-boost|p2a: Torkoal|spe|2\n|-enditem|p2a: Torkoal|Eject Pack\n|\n|t:|1700414452\n|switch|p2a: Lopunny|Lopunny, F|100\/100\n|\n|-weather|RainDance|[upkeep]\n|upkeep\n|turn|2\n|\n|t:|1700414465\n|move|p2a: Lopunny|Copycat|p2a: Lopunny\n|move|p2a: Lopunny|Shell Smash|p2a: Lopunny|[from]move: Copycat\n|-unboost|p2a: Lopunny|def|1\n|-unboost|p2a: Lopunny|spd|1\n|-boost|p2a: Lopunny|atk|2\n|-boost|p2a: Lopunny|spa|2\n|-boost|p2a: Lopunny|spe|2\n|move|p1a: Albatrozz|Hurricane|p2a: Lopunny\n|-damage|p2a: Lopunny|0 fnt\n|faint|p2a: Lopunny\n|\n|-weather|RainDance|[upkeep]\n|upkeep\n|\n|t:|1700414479\n|switch|p2a: Torkoal|Torkoal, F|100\/100\n|-weather|SunnyDay|[from] ability: Drought|[of] p2a: Torkoal\n|turn|3\n|\n|t:|1700414484\n|move|p1a: Albatrozz|Rain Dance|p1a: Albatrozz\n|-weather|RainDance\n|move|p2a: Torkoal|Shell Smash|p2a: Torkoal\n|-unboost|p2a: Torkoal|def|1\n|-unboost|p2a: Torkoal|spd|1\n|-boost|p2a: Torkoal|atk|2\n|-boost|p2a: Torkoal|spa|2\n|-boost|p2a: Torkoal|spe|2\n|\n|-weather|RainDance|[upkeep]\n|upkeep\n|turn|4\n|\n|t:|1700414494\n|move|p1a: Albatrozz|Hurricane|p2a: Torkoal\n|-damage|p2a: Torkoal|28\/100\n|move|p2a: Torkoal|Explosion|p1a: Albatrozz\n|-damage|p1a: Albatrozz|0 fnt\n|faint|p2a: Torkoal\n|faint|p1a: Albatrozz\n|\n|-weather|RainDance|[upkeep]\n|upkeep\n|\n|t:|1700414507\n|switch|p1a: Typhlosion|Typhlosion, M|100\/100\n|switch|p2a: Buzzwole|Buzzwole|100\/100\n|turn|5\n|\n|t:|1700414524\n|move|p2a: Buzzwole|Earthquake|p1a: Typhlosion\n|-supereffective|p1a: Typhlosion\n|-damage|p1a: Typhlosion|0 fnt\n|faint|p1a: Typhlosion\n|-ability|p2a: Buzzwole|Beast Boost|boost\n|-boost|p2a: Buzzwole|atk|1\n|\n|-weather|RainDance|[upkeep]\n|upkeep\n|\n|t:|1700414533\n|switch|p1a: Ambulance #3|Ferrothorn, F|100\/100\n|turn|6\n|\n|t:|1700414537\n|move|p2a: Buzzwole|Earthquake|p1a: Ambulance #3\n|-damage|p1a: Ambulance #3|64\/100\n|move|p1a: Ambulance #3|Curse|p1a: Ambulance #3\n|-unboost|p1a: Ambulance #3|spe|1\n|-boost|p1a: Ambulance #3|atk|1\n|-boost|p1a: Ambulance #3|def|1\n|\n|-weather|RainDance|[upkeep]\n|-heal|p1a: Ambulance #3|71\/100|[from] item: Leftovers\n|upkeep\n|turn|7\n|\n|t:|1700414548\n|switch|p2a: Blacephalon|Blacephalon|100\/100\n|move|p1a: Ambulance #3|Leech Seed|p2a: Blacephalon\n|-start|p2a: Blacephalon|move: Leech Seed\n|\n|-weather|RainDance|[upkeep]\n|-heal|p1a: Ambulance #3|77\/100|[from] item: Leftovers\n|-damage|p2a: Blacephalon|88\/100|[from] Leech Seed|[of] p1a: Ambulance #3\n|-heal|p1a: Ambulance #3|85\/100|[silent]\n|upkeep\n|turn|8\n|\n|t:|1700414559\n|-terastallize|p1a: Ambulance #3|Ghost\n|move|p2a: Blacephalon|Trick|p1a: Ambulance #3\n|-activate|p2a: Blacephalon|move: Trick|[of] p1a: Ambulance #3\n|-item|p1a: Ambulance #3|Choice Scarf|[from] move: Trick\n|-item|p2a: Blacephalon|Leftovers|[from] move: Trick\n|move|p1a: Ambulance #3|Gyro Ball|p2a: Blacephalon\n|-resisted|p2a: Blacephalon\n|-damage|p2a: Blacephalon|7\/100\n|\n|-weather|RainDance|[upkeep]\n|-heal|p2a: Blacephalon|13\/100|[from] item: Leftovers\n|-damage|p2a: Blacephalon|0 fnt|[from] Leech Seed|[of] p1a: Ambulance #3\n|-heal|p1a: Ambulance #3|94\/100|[silent]\n|faint|p2a: Blacephalon\n|upkeep\n|inactive|IceBerryCoffee has 120 seconds left.\n|\n|t:|1700414590\n|switch|p2a: Kartana|Kartana|100\/100\n|turn|9\n|\n|t:|1700414599\n|move|p2a: Kartana|Knock Off|p1a: Ambulance #3\n|-supereffective|p1a: Ambulance #3\n|-crit|p1a: Ambulance #3\n|-damage|p1a: Ambulance #3|13\/100\n|-damage|p2a: Kartana|88\/100|[from] ability: Iron Barbs|[of] p1a: Ambulance #3\n|-enditem|p1a: Ambulance #3|Choice Scarf|[from] move: Knock Off|[of] p2a: Kartana\n|move|p1a: Ambulance #3|Gyro Ball|p2a: Kartana\n|-resisted|p2a: Kartana\n|-damage|p2a: Kartana|50\/100\n|\n|-weather|RainDance|[upkeep]\n|upkeep\n|turn|10\n|\n|t:|1700414611\n|move|p1a: Ambulance #3|Protect|p1a: Ambulance #3\n|-singleturn|p1a: Ambulance #3|Protect\n|move|p2a: Kartana|Knock Off|p1a: Ambulance #3\n|-activate|p1a: Ambulance #3|move: Protect\n|\n|-weather|none\n|upkeep\n|turn|11\n|\n|t:|1700414622\n|move|p2a: Kartana|Knock Off|p1a: Ambulance #3\n|-supereffective|p1a: Ambulance #3\n|-damage|p1a: Ambulance #3|0 fnt\n|-damage|p2a: Kartana|38\/100|[from] ability: Iron Barbs|[of] p1a: Ambulance #3\n|faint|p1a: Ambulance #3\n|-ability|p2a: Kartana|Beast Boost|boost\n|-boost|p2a: Kartana|atk|1\n|\n|upkeep\n|\n|t:|1700414630\n|switch|p1a: Vengeance|Aegislash, M, shiny|100\/100\n|turn|12\n|\n|t:|1700414635\n|switch|p2a: Buzzwole|Buzzwole|100\/100\n|move|p1a: Vengeance|King's Shield||[still]\n|-fail|p1a: Vengeance\n|\n|upkeep\n|turn|13\n|\n|t:|1700414643\n|move|p2a: Buzzwole|Earthquake|p1a: Vengeance\n|-supereffective|p1a: Vengeance\n|-crit|p1a: Vengeance\n|-damage|p1a: Vengeance|12\/100\n|-enditem|p1a: Vengeance|Weakness Policy\n|-boost|p1a: Vengeance|atk|2|[from] item: Weakness Policy\n|-boost|p1a: Vengeance|spa|2|[from] item: Weakness Policy\n|-formechange|p1a: Vengeance|Aegislash-Blade||[from] ability: Stance Change\n|move|p1a: Vengeance|Iron Head|p2a: Buzzwole\n|-crit|p2a: Buzzwole\n|-damage|p2a: Buzzwole|0 fnt\n|faint|p2a: Buzzwole\n|\n|upkeep\n|\n|t:|1700414659\n|switch|p2a: Krookodile|Krookodile, M|100\/100\n|turn|14\n|\n|t:|1700414666\n|-terastallize|p2a: Krookodile|Ground\n|-formechange|p1a: Vengeance|Aegislash||[from] ability: Stance Change\n|move|p1a: Vengeance|King's Shield|p1a: Vengeance\n|-singleturn|p1a: Vengeance|Protect\n|move|p2a: Krookodile|Earthquake|p1a: Vengeance\n|-activate|p1a: Vengeance|move: Protect\n|\n|upkeep\n|turn|15\n|\n|t:|1700414676\n|-formechange|p1a: Vengeance|Aegislash-Blade||[from] ability: Stance Change\n|move|p1a: Vengeance|Shadow Sneak|p2a: Krookodile\n|-damage|p2a: Krookodile|39\/100\n|move|p2a: Krookodile|Earthquake|p1a: Vengeance\n|-supereffective|p1a: Vengeance\n|-damage|p1a: Vengeance|0 fnt\n|faint|p1a: Vengeance\n|-ability|p2a: Krookodile|Moxie|boost\n|-boost|p2a: Krookodile|atk|1\n|\n|upkeep\n|\n|t:|1700414687\n|switch|p1a: Slugma Savage|Gastrodon-East, F|100\/100\n|turn|16\n|\n|t:|1700414692\n|move|p2a: Krookodile|Earthquake|p1a: Slugma Savage\n|-damage|p1a: Slugma Savage|0 fnt\n|faint|p1a: Slugma Savage\n|-ability|p2a: Krookodile|Moxie|boost\n|-boost|p2a: Krookodile|atk|1\n|\n|upkeep\n|-message|Remy savage forfeited.\n|\n|win|IceBerryCoffee\n|raw|Remy savage's rating: 1218 &rarr; <strong>1192<\/strong><br \/>(-26 for losing)\n|raw|IceBerryCoffee's rating: 1210 &rarr; <strong>1236<\/strong><br \/>(+26 for winning)\n|l|\u2606Remy savage\n","uploadtime":1700414710,"views":5,"p1id":"remysavage","p2id":"iceberrycoffee","formatid":"gen9nationaldex","rating":1192,"private":0,"password":""}