{"id":"gen9nationaldex-1996691496","p1":"Maeby Mitenaut","p2":"GABRIEL_HU","format":"[Gen 9] National Dex","log":"|html|<div class=\"broadcast-blue\"><strong>[Gen 9] National Dex is currently suspecting Sneasler! For information on how to participate check out the <a href=\"https:\/\/www.smogon.com\/forums\/threads\/sv-national-dex-suspect-8-just-dance.3731534\/\">suspect thread<\/a>.<\/strong><\/div>\n|j|\u2606Maeby Mitenaut\n|j|\u2606GABRIEL_HU\n|t:|1700710311\n|gametype|singles\n|player|p1|Maeby Mitenaut|dahlia|1156\n|player|p2|GABRIEL_HU|guitarist|1240\n|teamsize|p1|6\n|teamsize|p2|6\n|gen|9\n|tier|[Gen 9] National Dex\n|rated|\n|rule|HP Percentage Mod: HP is shown in percentages\n|rule|Endless Battle Clause: Forcing endless battles is banned\n|rule|OHKO Clause: OHKO moves are banned\n|rule|Evasion Clause: Evasion abilities, items, and moves are banned\n|rule|Evasion Abilities Clause: Evasion abilities are banned\n|rule|Evasion Items Clause: Evasion items are banned\n|rule|Evasion Moves Clause: Evasion moves are banned\n|rule|Species Clause: Limit one of each Pok\u00e9mon\n|rule|Sleep Clause Mod: Limit one foe put to sleep\n|clearpoke\n|poke|p1|Raichu-Alola, F|\n|poke|p1|Clodsire, M|\n|poke|p1|Tapu Koko|\n|poke|p1|Arctozolt|\n|poke|p1|Iron Hands|\n|poke|p1|Ninetales-Alola, F|\n|poke|p2|Garganacl, M|\n|poke|p2|Greninja-*, M|\n|poke|p2|Zapdos|\n|poke|p2|Great Tusk|\n|poke|p2|Heatran, M|\n|poke|p2|Scizor, M|\n|teampreview\n|inactive|Battle timer is ON: inactive players will automatically lose when time's up. (requested by GABRIEL_HU)\n|\n|t:|1700710319\n|start\n|switch|p1a: Ice Spice|Ninetales-Alola, F, shiny|100\/100\n|switch|p2a: Heatran|Heatran, M|100\/100\n|-weather|Snow|[from] ability: Snow Warning|[of] p1a: Ice Spice\n|turn|1\n|\n|t:|1700710325\n|switch|p1a: Bluck Buck|Tapu Koko, shiny|100\/100\n|-fieldstart|move: Electric Terrain|[from] ability: Electric Surge|[of] p1a: Bluck Buck\n|move|p2a: Heatran|Magma Storm|p1a: Bluck Buck\n|-damage|p1a: Bluck Buck|44\/100\n|-activate|p1a: Bluck Buck|move: Magma Storm|[of] p2a: Heatran\n|\n|-weather|Snow|[upkeep]\n|-damage|p1a: Bluck Buck|31\/100|[from] move: Magma Storm|[partiallytrapped]\n|upkeep\n|turn|2\n|\n|t:|1700710336\n|move|p2a: Heatran|Protect|p2a: Heatran\n|-singleturn|p2a: Heatran|Protect\n|move|p1a: Bluck Buck|U-turn|p2a: Heatran\n|-activate|p2a: Heatran|move: Protect\n|\n|-weather|Snow|[upkeep]\n|-damage|p1a: Bluck Buck|19\/100|[from] move: Magma Storm|[partiallytrapped]\n|upkeep\n|turn|3\n|\n|t:|1700710342\n|move|p1a: Bluck Buck|U-turn|p2a: Heatran\n|-resisted|p2a: Heatran\n|-damage|p2a: Heatran|97\/100\n|-damage|p1a: Bluck Buck|2\/100|[from] item: Rocky Helmet|[of] p2a: Heatran\n|\n|t:|1700710346\n|switch|p1a: Big Pap\u00ed|Iron Hands|100\/100|[from] U-turn\n|-activate|p1a: Big Pap\u00ed|ability: Quark Drive\n|-start|p1a: Big Pap\u00ed|quarkdriveatk\n|move|p2a: Heatran|Stealth Rock|p1a: Big Pap\u00ed\n|-sidestart|p1: Maeby Mitenaut|move: Stealth Rock\n|\n|-weather|Snow|[upkeep]\n|upkeep\n|turn|4\n|\n|t:|1700710357\n|switch|p2a: Great Tusk|Great Tusk|100\/100\n|move|p1a: Big Pap\u00ed|Fire Punch|p2a: Great Tusk\n|-damage|p2a: Great Tusk|72\/100\n|\n|-weather|Snow|[upkeep]\n|upkeep\n|turn|5\n|\n|t:|1700710367\n|move|p2a: Great Tusk|Headlong Rush|p1a: Big Pap\u00ed\n|-supereffective|p1a: Big Pap\u00ed\n|-damage|p1a: Big Pap\u00ed|19\/100\n|-unboost|p2a: Great Tusk|def|1\n|-unboost|p2a: Great Tusk|spd|1\n|move|p1a: Big Pap\u00ed|Drain Punch|p2a: Great Tusk\n|-damage|p2a: Great Tusk|12\/100\n|-heal|p1a: Big Pap\u00ed|41\/100|[from] drain|[of] p2a: Great Tusk\n|\n|-weather|Snow|[upkeep]\n|upkeep\n|turn|6\n|\n|t:|1700710377\n|move|p2a: Great Tusk|Headlong Rush|p1a: Big Pap\u00ed\n|-supereffective|p1a: Big Pap\u00ed\n|-damage|p1a: Big Pap\u00ed|0 fnt\n|-unboost|p2a: Great Tusk|def|1\n|-unboost|p2a: Great Tusk|spd|1\n|faint|p1a: Big Pap\u00ed\n|-end|p1a: Big Pap\u00ed|Quark Drive|[silent]\n|\n|-weather|Snow|[upkeep]\n|upkeep\n|\n|t:|1700710387\n|switch|p1a: Ice Spice|Ninetales-Alola, F, shiny|100\/100\n|-damage|p1a: Ice Spice|76\/100|[from] Stealth Rock\n|turn|7\n|\n|t:|1700710394\n|-end|p2a: Great Tusk|Protosynthesis|[silent]\n|switch|p2a: Heatran|Heatran, M|97\/100\n|move|p1a: Ice Spice|Aurora Veil|p1a: Ice Spice\n|-sidestart|p1: Maeby Mitenaut|move: Aurora Veil\n|\n|-weather|Snow|[upkeep]\n|upkeep\n|turn|8\n|\n|t:|1700710419\n|move|p1a: Ice Spice|Moonblast|p2a: Heatran\n|-resisted|p2a: Heatran\n|-damage|p2a: Heatran|92\/100\n|move|p2a: Heatran|Magma Storm|p1a: Ice Spice|[miss]\n|-miss|p2a: Heatran|p1a: Ice Spice\n|\n|-weather|none\n|-fieldend|move: Electric Terrain\n|upkeep\n|turn|9\n|\n|t:|1700710429\n|switch|p1a: Bluck Buck|Tapu Koko, shiny|2\/100\n|-damage|p1a: Bluck Buck|0 fnt|[from] Stealth Rock\n|faint|p1a: Bluck Buck\n|move|p2a: Heatran|Magma Storm|p1: Bluck Buck|[notarget]\n|-fail|p2a: Heatran\n|\n|upkeep\n|\n|t:|1700710435\n|switch|p1a: Ice Spice|Ninetales-Alola, F, shiny|76\/100\n|-damage|p1a: Ice Spice|51\/100|[from] Stealth Rock\n|-weather|Snow|[from] ability: Snow Warning|[of] p1a: Ice Spice\n|turn|10\n|\n|t:|1700710441\n|switch|p1a: Gritty|Arctozolt, shiny|100\/100\n|-damage|p1a: Gritty|76\/100|[from] Stealth Rock\n|move|p2a: Heatran|Magma Storm|p1a: Gritty\n|-supereffective|p1a: Gritty\n|-damage|p1a: Gritty|27\/100\n|-activate|p1a: Gritty|move: Magma Storm|[of] p2a: Heatran\n|\n|-weather|Snow|[upkeep]\n|-damage|p1a: Gritty|15\/100|[from] move: Magma Storm|[partiallytrapped]\n|upkeep\n|-enditem|p1a: Gritty|Aguav Berry|[eat]\n|-heal|p1a: Gritty|48\/100|[from] item: Aguav Berry\n|turn|11\n|\n|t:|1700710452\n|move|p2a: Heatran|Protect|p2a: Heatran\n|-singleturn|p2a: Heatran|Protect\n|move|p1a: Gritty|Stomping Tantrum|p2a: Heatran\n|-activate|p2a: Heatran|move: Protect\n|\n|-weather|Snow|[upkeep]\n|-damage|p1a: Gritty|35\/100|[from] move: Magma Storm|[partiallytrapped]\n|-sideend|p1: Maeby Mitenaut|move: Aurora Veil\n|upkeep\n|turn|12\n|\n|t:|1700710459\n|switch|p2a: Zapdos|Zapdos|100\/100\n|move|p1a: Gritty|Stomping Tantrum|p2a: Zapdos\n|-immune|p2a: Zapdos\n|\n|-weather|Snow|[upkeep]\n|-end|p1a: Gritty|Magma Storm|[partiallytrapped]|[silent]\n|upkeep\n|turn|13\n|\n|t:|1700710466\n|switch|p2a: Heatran|Heatran, M|92\/100\n|move|p1a: Gritty|Blizzard|p2a: Heatran\n|-resisted|p2a: Heatran\n|-damage|p2a: Heatran|87\/100\n|\n|-weather|Snow|[upkeep]\n|upkeep\n|turn|14\n|\n|t:|1700710475\n|move|p2a: Heatran|Protect|p2a: Heatran\n|-singleturn|p2a: Heatran|Protect\n|move|p1a: Gritty|Blizzard|p2a: Heatran\n|-activate|p2a: Heatran|move: Protect\n|\n|-weather|Snow|[upkeep]\n|upkeep\n|turn|15\n|\n|t:|1700710483\n|switch|p2a: Zapdos|Zapdos|100\/100\n|move|p1a: Gritty|Blizzard|p2a: Zapdos\n|-supereffective|p2a: Zapdos\n|-damage|p2a: Zapdos|36\/100\n|\n|-weather|Snow|[upkeep]\n|upkeep\n|turn|16\n|\n|t:|1700710495\n|move|p1a: Gritty|Blizzard|p2a: Zapdos\n|-supereffective|p2a: Zapdos\n|-damage|p2a: Zapdos|0 fnt\n|faint|p2a: Zapdos\n|\n|-weather|Snow|[upkeep]\n|upkeep\n|\n|t:|1700710504\n|switch|p2a: Greninja|Greninja, M|100\/100\n|turn|17\n|\n|t:|1700710520\n|switch|p2a: Great Tusk|Great Tusk|12\/100\n|move|p1a: Gritty|Blizzard|p2a: Great Tusk\n|-supereffective|p2a: Great Tusk\n|-damage|p2a: Great Tusk|0 fnt\n|faint|p2a: Great Tusk\n|-end|p2a: Great Tusk|Protosynthesis|[silent]\n|\n|-weather|none\n|upkeep\n|\n|t:|1700710534\n|switch|p2a: Greninja|Greninja, M|100\/100\n|turn|18\n|\n|t:|1700710544\n|switch|p1a: Ice Spice|Ninetales-Alola, F, shiny|51\/100\n|-damage|p1a: Ice Spice|26\/100|[from] Stealth Rock\n|-weather|Snow|[from] ability: Snow Warning|[of] p1a: Ice Spice\n|move|p2a: Greninja|Water Shuriken|p1a: Ice Spice\n|-damage|p1a: Ice Spice|17\/100\n|-damage|p1a: Ice Spice|9\/100\n|-hitcount|p1a: Ice Spice|2\n|-damage|p2a: Greninja|91\/100|[from] item: Life Orb\n|\n|-weather|Snow|[upkeep]\n|upkeep\n|turn|19\n|\n|t:|1700710554\n|move|p2a: Greninja|Water Shuriken|p1a: Ice Spice\n|-damage|p1a: Ice Spice|1\/100\n|-damage|p1a: Ice Spice|0 fnt\n|faint|p1a: Ice Spice\n|-ability|p2a: Greninja|Battle Bond|boost\n|-boost|p2a: Greninja|atk|1\n|-boost|p2a: Greninja|spa|1\n|-boost|p2a: Greninja|spe|1\n|-activate|p2a: Greninja|ability: Battle Bond\n|-hitcount|p1: Ice Spice|2\n|-damage|p2a: Greninja|81\/100|[from] item: Life Orb\n|\n|-weather|Snow|[upkeep]\n|upkeep\n|\n|t:|1700710565\n|switch|p1a: Gritty|Arctozolt, shiny|35\/100\n|-damage|p1a: Gritty|11\/100|[from] Stealth Rock\n|turn|20\n|\n|t:|1700710574\n|move|p2a: Greninja|Water Shuriken|p1a: Gritty\n|-damage|p1a: Gritty|0 fnt\n|faint|p1a: Gritty\n|-hitcount|p1: Gritty|1\n|-damage|p2a: Greninja|71\/100|[from] item: Life Orb\n|\n|-weather|Snow|[upkeep]\n|upkeep\n|\n|t:|1700710581\n|switch|p1a: Aloha Broha|Raichu-Alola, F, shiny|100\/100\n|-damage|p1a: Aloha Broha|88\/100|[from] Stealth Rock\n|turn|21\n|\n|t:|1700710588\n|move|p2a: Greninja|Dark Pulse|p1a: Aloha Broha\n|-supereffective|p1a: Aloha Broha\n|-damage|p1a: Aloha Broha|0 fnt\n|faint|p1a: Aloha Broha\n|-damage|p2a: Greninja|61\/100|[from] item: Life Orb\n|\n|-weather|Snow|[upkeep]\n|upkeep\n|\n|t:|1700710595\n|switch|p1a: Muddy Buddy|Clodsire, M|100\/100\n|-damage|p1a: Muddy Buddy|94\/100|[from] Stealth Rock\n|turn|22\n|\n|t:|1700710599\n|move|p2a: Greninja|Water Shuriken|p1a: Muddy Buddy\n|-supereffective|p1a: Muddy Buddy\n|-damage|p1a: Muddy Buddy|84\/100\n|-supereffective|p1a: Muddy Buddy\n|-damage|p1a: Muddy Buddy|74\/100\n|-hitcount|p1a: Muddy Buddy|2\n|-damage|p2a: Greninja|51\/100|[from] item: Life Orb\n|move|p1a: Muddy Buddy|Toxic|p2a: Greninja\n|-status|p2a: Greninja|tox\n|\n|-weather|Snow|[upkeep]\n|-heal|p1a: Muddy Buddy|80\/100|[from] item: Leftovers\n|-damage|p2a: Greninja|45\/100 tox|[from] psn\n|upkeep\n|turn|23\n|inactive|Maeby Mitenaut has 120 seconds left.\n|\n|t:|1700710629\n|move|p2a: Greninja|Surf|p1a: Muddy Buddy\n|-supereffective|p1a: Muddy Buddy\n|-damage|p1a: Muddy Buddy|28\/100\n|-damage|p2a: Greninja|36\/100 tox|[from] item: Life Orb\n|move|p1a: Muddy Buddy|Stockpile|p1a: Muddy Buddy\n|-start|p1a: Muddy Buddy|stockpile1\n|-boost|p1a: Muddy Buddy|def|1\n|-boost|p1a: Muddy Buddy|spd|1\n|\n|-weather|Snow|[upkeep]\n|-heal|p1a: Muddy Buddy|34\/100|[from] item: Leftovers\n|-damage|p2a: Greninja|24\/100 tox|[from] psn\n|upkeep\n|turn|24\n|inactive|Maeby Mitenaut has 120 seconds left.\n|\n|t:|1700710641\n|-terastallize|p1a: Muddy Buddy|Flying\n|move|p2a: Greninja|Surf|p1a: Muddy Buddy\n|-damage|p1a: Muddy Buddy|15\/100\n|-damage|p2a: Greninja|14\/100 tox|[from] item: Life Orb\n|move|p1a: Muddy Buddy|Recover|p1a: Muddy Buddy\n|-heal|p1a: Muddy Buddy|65\/100\n|\n|-weather|Snow|[upkeep]\n|-heal|p1a: Muddy Buddy|71\/100|[from] item: Leftovers\n|-damage|p2a: Greninja|0 fnt|[from] psn\n|faint|p2a: Greninja\n|upkeep\n|\n|t:|1700710644\n|switch|p2a: Garganacl|Garganacl, M, shiny|100\/100\n|turn|25\n|\n|t:|1700710659\n|-terastallize|p2a: Garganacl|Water\n|move|p2a: Garganacl|Salt Cure|p1a: Muddy Buddy\n|-supereffective|p1a: Muddy Buddy\n|-damage|p1a: Muddy Buddy|51\/100\n|-start|p1a: Muddy Buddy|Salt Cure\n|move|p1a: Muddy Buddy|Stockpile|p1a: Muddy Buddy\n|-start|p1a: Muddy Buddy|stockpile2\n|-boost|p1a: Muddy Buddy|def|1\n|-boost|p1a: Muddy Buddy|spd|1\n|\n|-weather|none\n|-heal|p1a: Muddy Buddy|58\/100|[from] item: Leftovers\n|-damage|p1a: Muddy Buddy|45\/100|[from] Salt Cure\n|upkeep\n|turn|26\n|\n|t:|1700710671\n|switch|p2a: Scizor|Scizor, M|100\/100\n|move|p1a: Muddy Buddy|Toxic|p2a: Scizor\n|-immune|p2a: Scizor\n|\n|-heal|p1a: Muddy Buddy|51\/100|[from] item: Leftovers\n|-damage|p1a: Muddy Buddy|39\/100|[from] Salt Cure\n|upkeep\n|turn|27\n|\n|t:|1700710679\n|detailschange|p2a: Scizor|Scizor-Mega, M\n|-mega|p2a: Scizor|Scizor|Scizorite\n|move|p2a: Scizor|Bullet Punch|p1a: Muddy Buddy\n|-damage|p1a: Muddy Buddy|24\/100\n|move|p1a: Muddy Buddy|Recover|p1a: Muddy Buddy\n|-heal|p1a: Muddy Buddy|74\/100\n|\n|-heal|p1a: Muddy Buddy|80\/100|[from] item: Leftovers\n|-damage|p1a: Muddy Buddy|68\/100|[from] Salt Cure\n|upkeep\n|turn|28\n|\n|t:|1700710688\n|switch|p2a: Heatran|Heatran, M|87\/100\n|move|p1a: Muddy Buddy|Stockpile|p1a: Muddy Buddy\n|-start|p1a: Muddy Buddy|stockpile3\n|-boost|p1a: Muddy Buddy|def|1\n|-boost|p1a: Muddy Buddy|spd|1\n|\n|-heal|p1a: Muddy Buddy|74\/100|[from] item: Leftovers\n|-damage|p1a: Muddy Buddy|61\/100|[from] Salt Cure\n|upkeep\n|turn|29\n|\n|t:|1700710698\n|move|p2a: Heatran|Toxic|p1a: Muddy Buddy\n|-status|p1a: Muddy Buddy|tox\n|move|p1a: Muddy Buddy|Recover|p1a: Muddy Buddy\n|-heal|p1a: Muddy Buddy|100\/100 tox\n|\n|-damage|p1a: Muddy Buddy|94\/100 tox|[from] psn\n|-damage|p1a: Muddy Buddy|82\/100 tox|[from] Salt Cure\n|upkeep\n|turn|30\n|\n|t:|1700710708\n|move|p2a: Heatran|Magma Storm|p1a: Muddy Buddy\n|-damage|p1a: Muddy Buddy|72\/100 tox\n|-activate|p1a: Muddy Buddy|move: Magma Storm|[of] p2a: Heatran\n|move|p1a: Muddy Buddy|Body Press|p2a: Heatran\n|-supereffective|p2a: Heatran\n|-damage|p2a: Heatran|34\/100\n|-damage|p1a: Muddy Buddy|55\/100 tox|[from] item: Rocky Helmet|[of] p2a: Heatran\n|\n|-heal|p1a: Muddy Buddy|62\/100 tox|[from] item: Leftovers\n|-damage|p1a: Muddy Buddy|49\/100 tox|[from] psn\n|-damage|p1a: Muddy Buddy|37\/100 tox|[from] Salt Cure\n|-damage|p1a: Muddy Buddy|24\/100 tox|[from] move: Magma Storm|[partiallytrapped]\n|upkeep\n|turn|31\n|\n|t:|1700710721\n|move|p2a: Heatran|Protect|p2a: Heatran\n|-singleturn|p2a: Heatran|Protect\n|move|p1a: Muddy Buddy|Body Press|p2a: Heatran\n|-activate|p2a: Heatran|move: Protect\n|\n|-heal|p1a: Muddy Buddy|30\/100 tox|[from] item: Leftovers\n|-damage|p1a: Muddy Buddy|12\/100 tox|[from] psn\n|-damage|p1a: Muddy Buddy|0 fnt|[from] move: Magma Storm|[partiallytrapped]\n|faint|p1a: Muddy Buddy\n|\n|win|GABRIEL_HU\n|upkeep\n|raw|Maeby Mitenaut's rating: 1156 &rarr; <strong>1137<\/strong><br \/>(-19 for losing)\n|raw|GABRIEL_HU's rating: 1240 &rarr; <strong>1259<\/strong><br \/>(+19 for winning)\n","uploadtime":1700710731,"views":1,"p1id":"maebymitenaut","p2id":"gabrielhu","formatid":"gen9nationaldex","rating":1137,"private":0,"password":""}