{"id":"gen9nationaldex-1998013568","p1":"Sir_chronicles","p2":"Xander#8155","format":"[Gen 9] National Dex","log":"|html|<div class=\"broadcast-blue\"><strong>[Gen 9] National Dex is currently suspecting Sneasler! For information on how to participate check out the <a href=\"https:\/\/www.smogon.com\/forums\/threads\/sv-national-dex-suspect-8-just-dance.3731534\/\">suspect thread<\/a>.<\/strong><\/div>\n|j|\u2606Sir_chronicles\n|j|\u2606Xander#8155\n|t:|1700879002\n|gametype|singles\n|player|p1|Sir_chronicles|gambler|1210\n|player|p2|Xander#8155|grimsley|1142\n|teamsize|p1|6\n|teamsize|p2|6\n|gen|9\n|tier|[Gen 9] National Dex\n|rated|\n|rule|HP Percentage Mod: HP is shown in percentages\n|rule|Endless Battle Clause: Forcing endless battles is banned\n|rule|OHKO Clause: OHKO moves are banned\n|rule|Evasion Clause: Evasion abilities, items, and moves are banned\n|rule|Evasion Abilities Clause: Evasion abilities are banned\n|rule|Evasion Items Clause: Evasion items are banned\n|rule|Evasion Moves Clause: Evasion moves are banned\n|rule|Species Clause: Limit one of each Pok\u00e9mon\n|rule|Sleep Clause Mod: Limit one foe put to sleep\n|clearpoke\n|poke|p1|Inteleon, M|\n|poke|p1|Pelipper, F|\n|poke|p1|Ribombee, M|\n|poke|p1|Gliscor, M|\n|poke|p1|Grimmsnarl, M|\n|poke|p1|Chimecho, M|\n|poke|p2|Flygon, M|\n|poke|p2|Cacturne, M|\n|poke|p2|Hippowdon, M|\n|poke|p2|Miltank, F|\n|poke|p2|Excadrill, M|\n|poke|p2|Mudsdale, M|\n|teampreview\n|inactive|Battle timer is ON: inactive players will automatically lose when time's up. (requested by Sir_chronicles)\n|\n|t:|1700879017\n|start\n|switch|p1a: Chimecho|Chimecho, M|100\/100\n|switch|p2a: Hippowdon|Hippowdon, M|100\/100\n|-weather|Sandstorm|[from] ability: Sand Stream|[of] p2a: Hippowdon\n|turn|1\n|c|\u2606Sir_chronicles|Chimecho\n|\n|t:|1700879029\n|move|p1a: Chimecho|Reflect|p1a: Chimecho\n|-sidestart|p1: Sir_chronicles|Reflect\n|move|p2a: Hippowdon|Stealth Rock|p1a: Chimecho\n|-sidestart|p1: Sir_chronicles|move: Stealth Rock\n|\n|-weather|Sandstorm|[upkeep]\n|-damage|p1a: Chimecho|94\/100|[from] Sandstorm\n|-heal|p1a: Chimecho|100\/100|[from] item: Leftovers\n|upkeep\n|turn|2\n|\n|t:|1700879033\n|switch|p1a: Gliscor|Gliscor, M|100\/100\n|-damage|p1a: Gliscor|88\/100|[from] Stealth Rock\n|move|p2a: Hippowdon|Whirlwind|p1a: Gliscor\n|drag|p1a: Inteleon|Inteleon, M|100\/100\n|-damage|p1a: Inteleon|88\/100|[from] Stealth Rock\n|\n|-weather|Sandstorm|[upkeep]\n|-damage|p1a: Inteleon|82\/100|[from] Sandstorm\n|upkeep\n|turn|3\n|\n|t:|1700879046\n|switch|p2a: Cacturne|Cacturne, M|100\/100\n|move|p1a: Inteleon|Ice Beam|p2a: Cacturne\n|-supereffective|p2a: Cacturne\n|-damage|p2a: Cacturne|13\/100\n|\n|-weather|Sandstorm|[upkeep]\n|-damage|p1a: Inteleon|76\/100|[from] Sandstorm\n|-damage|p2a: Cacturne|7\/100|[from] Sandstorm\n|upkeep\n|turn|4\n|\n|t:|1700879056\n|switch|p2a: Miltank|Miltank, F|100\/100\n|move|p1a: Inteleon|Ice Beam|p2a: Miltank\n|-damage|p2a: Miltank|85\/100\n|\n|-weather|Sandstorm|[upkeep]\n|-damage|p1a: Inteleon|70\/100|[from] Sandstorm\n|-damage|p2a: Miltank|79\/100|[from] Sandstorm\n|-heal|p2a: Miltank|85\/100|[from] item: Leftovers\n|upkeep\n|turn|5\n|\n|t:|1700879066\n|switch|p1a: Gliscor|Gliscor, M|88\/100\n|-damage|p1a: Gliscor|76\/100|[from] Stealth Rock\n|move|p2a: Miltank|Body Slam|p1a: Gliscor\n|-damage|p1a: Gliscor|68\/100\n|\n|-weather|Sandstorm|[upkeep]\n|-damage|p2a: Miltank|79\/100|[from] Sandstorm\n|-heal|p2a: Miltank|85\/100|[from] item: Leftovers\n|-sideend|p1: Sir_chronicles|Reflect\n|-status|p1a: Gliscor|tox|[from] item: Toxic Orb\n|upkeep\n|turn|6\n|\n|t:|1700879085\n|switch|p2a: Mudsdale|Mudsdale, M|100\/100\n|move|p1a: Gliscor|Toxic|p2a: Mudsdale\n|-status|p2a: Mudsdale|tox\n|\n|-weather|Sandstorm|[upkeep]\n|-heal|p1a: Gliscor|80\/100 tox|[from] ability: Poison Heal\n|-damage|p2a: Mudsdale|94\/100 tox|[from] psn\n|upkeep\n|turn|7\n|\n|t:|1700879093\n|switch|p1a: Pelipper|Pelipper, F|100\/100\n|-damage|p1a: Pelipper|75\/100|[from] Stealth Rock\n|-weather|RainDance|[from] ability: Drizzle|[of] p1a: Pelipper\n|move|p2a: Mudsdale|Body Press|p1a: Pelipper\n|-resisted|p1a: Pelipper\n|-damage|p1a: Pelipper|66\/100\n|\n|-weather|RainDance|[upkeep]\n|-heal|p1a: Pelipper|72\/100|[from] item: Leftovers\n|-damage|p2a: Mudsdale|82\/100 tox|[from] psn\n|upkeep\n|turn|8\n|\n|t:|1700879105\n|switch|p2a: Cacturne|Cacturne, M|7\/100\n|move|p1a: Pelipper|Defog|p2a: Cacturne\n|-unboost|p2a: Cacturne|evasion|1\n|-sideend|p1: Sir_chronicles|Stealth Rock|[from] move: Defog|[of] p1a: Pelipper\n|\n|-weather|RainDance|[upkeep]\n|-heal|p1a: Pelipper|78\/100|[from] item: Leftovers\n|upkeep\n|turn|9\n|\n|t:|1700879119\n|switch|p2a: Hippowdon|Hippowdon, M|100\/100\n|-weather|Sandstorm|[from] ability: Sand Stream|[of] p2a: Hippowdon\n|move|p1a: Pelipper|Hurricane|p2a: Hippowdon\n|-damage|p2a: Hippowdon|58\/100\n|\n|-weather|Sandstorm|[upkeep]\n|-damage|p1a: Pelipper|72\/100|[from] Sandstorm\n|-heal|p1a: Pelipper|78\/100|[from] item: Leftovers\n|upkeep\n|turn|10\n|\n|t:|1700879134\n|switch|p2a: Cacturne|Cacturne, M|7\/100\n|move|p1a: Pelipper|Hurricane|p2a: Cacturne|[miss]\n|-miss|p1a: Pelipper|p2a: Cacturne\n|\n|-weather|Sandstorm|[upkeep]\n|-damage|p2a: Cacturne|1\/100|[from] Sandstorm\n|-damage|p1a: Pelipper|72\/100|[from] Sandstorm\n|-heal|p1a: Pelipper|78\/100|[from] item: Leftovers\n|upkeep\n|turn|11\n|\n|t:|1700879140\n|switch|p2a: Hippowdon|Hippowdon, M|58\/100\n|move|p1a: Pelipper|Hurricane|p2a: Hippowdon\n|-damage|p2a: Hippowdon|20\/100\n|\n|-weather|Sandstorm|[upkeep]\n|-damage|p1a: Pelipper|72\/100|[from] Sandstorm\n|-heal|p1a: Pelipper|78\/100|[from] item: Leftovers\n|upkeep\n|turn|12\n|\n|t:|1700879146\n|move|p1a: Pelipper|Surf|p2a: Hippowdon\n|-supereffective|p2a: Hippowdon\n|-damage|p2a: Hippowdon|0 fnt\n|faint|p2a: Hippowdon\n|\n|-weather|Sandstorm|[upkeep]\n|-damage|p1a: Pelipper|72\/100|[from] Sandstorm\n|-heal|p1a: Pelipper|78\/100|[from] item: Leftovers\n|upkeep\n|\n|t:|1700879159\n|switch|p2a: Flygon|Flygon, M|100\/100\n|turn|13\n|\n|t:|1700879175\n|switch|p1a: Gliscor|Gliscor, M|80\/100 tox\n|move|p2a: Flygon|Draco Meteor|p1a: Gliscor\n|-damage|p1a: Gliscor|0 fnt\n|-unboost|p2a: Flygon|spa|2\n|faint|p1a: Gliscor\n|\n|-weather|Sandstorm|[upkeep]\n|upkeep\n|\n|t:|1700879178\n|switch|p1a: Inteleon|Inteleon, M|70\/100\n|turn|14\n|\n|t:|1700879189\n|switch|p2a: Miltank|Miltank, F|85\/100\n|move|p1a: Inteleon|Swords Dance|p1a: Inteleon\n|-boost|p1a: Inteleon|atk|2\n|\n|-weather|Sandstorm|[upkeep]\n|-damage|p1a: Inteleon|64\/100|[from] Sandstorm\n|-damage|p2a: Miltank|79\/100|[from] Sandstorm\n|-heal|p2a: Miltank|85\/100|[from] item: Leftovers\n|upkeep\n|turn|15\n|\n|t:|1700879197\n|move|p1a: Inteleon|Ice Beam|p2a: Miltank\n|-damage|p2a: Miltank|71\/100\n|move|p2a: Miltank|Body Slam|p1a: Inteleon\n|-damage|p1a: Inteleon|25\/100\n|\n|-weather|Sandstorm|[upkeep]\n|-damage|p1a: Inteleon|19\/100|[from] Sandstorm\n|-damage|p2a: Miltank|65\/100|[from] Sandstorm\n|-heal|p2a: Miltank|71\/100|[from] item: Leftovers\n|upkeep\n|turn|16\n|\n|t:|1700879211\n|move|p1a: Inteleon|Aqua Jet|p2a: Miltank\n|-damage|p2a: Miltank|32\/100\n|move|p2a: Miltank|Body Slam|p1a: Inteleon\n|-damage|p1a: Inteleon|0 fnt\n|faint|p1a: Inteleon\n|\n|-weather|none\n|-heal|p2a: Miltank|39\/100|[from] item: Leftovers\n|upkeep\n|\n|t:|1700879217\n|switch|p1a: Pelipper|Pelipper, F|78\/100\n|-weather|RainDance|[from] ability: Drizzle|[of] p1a: Pelipper\n|turn|17\n|\n|t:|1700879224\n|move|p2a: Miltank|Milk Drink|p2a: Miltank\n|-heal|p2a: Miltank|89\/100\n|move|p1a: Pelipper|Hurricane|p2a: Miltank\n|-damage|p2a: Miltank|44\/100\n|\n|-weather|RainDance|[upkeep]\n|-heal|p2a: Miltank|50\/100|[from] item: Leftovers\n|-heal|p1a: Pelipper|84\/100|[from] item: Leftovers\n|upkeep\n|turn|18\n|\n|t:|1700879234\n|move|p2a: Miltank|Milk Drink|p2a: Miltank\n|-heal|p2a: Miltank|100\/100\n|move|p1a: Pelipper|Hurricane|p2a: Miltank\n|-damage|p2a: Miltank|62\/100\n|\n|-weather|RainDance|[upkeep]\n|-heal|p2a: Miltank|68\/100|[from] item: Leftovers\n|-heal|p1a: Pelipper|91\/100|[from] item: Leftovers\n|upkeep\n|turn|19\n|\n|t:|1700879252\n|move|p2a: Miltank|Body Slam|p1a: Pelipper\n|-damage|p1a: Pelipper|73\/100\n|move|p1a: Pelipper|Hurricane|p2a: Miltank\n|-damage|p2a: Miltank|25\/100\n|\n|-weather|RainDance|[upkeep]\n|-heal|p2a: Miltank|31\/100|[from] item: Leftovers\n|-heal|p1a: Pelipper|79\/100|[from] item: Leftovers\n|upkeep\n|turn|20\n|\n|t:|1700879257\n|move|p2a: Miltank|Milk Drink|p2a: Miltank\n|-heal|p2a: Miltank|81\/100\n|move|p1a: Pelipper|Hurricane|p2a: Miltank\n|-damage|p2a: Miltank|37\/100\n|\n|-weather|RainDance|[upkeep]\n|-heal|p2a: Miltank|43\/100|[from] item: Leftovers\n|-heal|p1a: Pelipper|85\/100|[from] item: Leftovers\n|upkeep\n|turn|21\n|\n|t:|1700879266\n|move|p2a: Miltank|Body Slam|p1a: Pelipper\n|-damage|p1a: Pelipper|68\/100\n|move|p1a: Pelipper|Surf|p2a: Miltank\n|-damage|p2a: Miltank|0 fnt\n|faint|p2a: Miltank\n|\n|-weather|none\n|-heal|p1a: Pelipper|74\/100|[from] item: Leftovers\n|upkeep\n|\n|t:|1700879283\n|switch|p2a: Cacturne|Cacturne, M|1\/100\n|turn|22\n|\n|t:|1700879286\n|move|p2a: Cacturne|Destiny Bond|p2a: Cacturne\n|-singlemove|p2a: Cacturne|Destiny Bond\n|move|p1a: Pelipper|Hurricane|p2a: Cacturne\n|-supereffective|p2a: Cacturne\n|-damage|p2a: Cacturne|0 fnt\n|faint|p2a: Cacturne\n|-activate|p2a: Cacturne|move: Destiny Bond\n|faint|p1a: Pelipper\n|\n|upkeep\n|\n|t:|1700879304\n|switch|p2a: Mudsdale|Mudsdale, M|82\/100 tox\n|switch|p1a: Grimmsnarl|Grimmsnarl, M|100\/100\n|turn|23\n|\n|t:|1700879309\n|move|p1a: Grimmsnarl|Reflect|p1a: Grimmsnarl\n|-sidestart|p1: Sir_chronicles|Reflect\n|move|p2a: Mudsdale|Body Press|p1a: Grimmsnarl\n|-damage|p1a: Grimmsnarl|88\/100\n|\n|-damage|p2a: Mudsdale|76\/100 tox|[from] psn\n|upkeep\n|turn|24\n|c|\u2606Sir_chronicles|Very cool team\n|\n|t:|1700879316\n|move|p1a: Grimmsnarl|Parting Shot|p2a: Mudsdale\n|-unboost|p2a: Mudsdale|atk|1\n|-unboost|p2a: Mudsdale|spa|1\n|\n|t:|1700879319\n|switch|p1a: Chimecho|Chimecho, M|100\/100|[from] Parting Shot\n|move|p2a: Mudsdale|Earthquake|p1a: Chimecho\n|-immune|p1a: Chimecho|[from] ability: Levitate\n|\n|-damage|p2a: Mudsdale|63\/100 tox|[from] psn\n|upkeep\n|turn|25\n|\n|t:|1700879328\n|move|p1a: Chimecho|Psywave|p2a: Mudsdale\n|-damage|p2a: Mudsdale|33\/100 tox\n|-ability|p2a: Mudsdale|Stamina|boost\n|-boost|p2a: Mudsdale|def|1\n|move|p2a: Mudsdale|Body Press|p1a: Chimecho\n|-resisted|p1a: Chimecho\n|-damage|p1a: Chimecho|93\/100\n|\n|-heal|p1a: Chimecho|99\/100|[from] item: Leftovers\n|-damage|p2a: Mudsdale|15\/100 tox|[from] psn\n|upkeep\n|turn|26\n|\n|t:|1700879336\n|move|p1a: Chimecho|Psywave|p2a: Mudsdale\n|-damage|p2a: Mudsdale|0 fnt\n|faint|p2a: Mudsdale\n|\n|-heal|p1a: Chimecho|100\/100|[from] item: Leftovers\n|upkeep\n|\n|t:|1700879338\n|switch|p2a: Excadrill|Excadrill, M|100\/100\n|turn|27\n|\n|t:|1700879348\n|move|p2a: Excadrill|Swords Dance|p2a: Excadrill\n|-boost|p2a: Excadrill|atk|2\n|move|p1a: Chimecho|Perish Song|p1a: Chimecho\n|-start|p1a: Chimecho|perish3|[silent]\n|-start|p2a: Excadrill|perish3|[silent]\n|-fieldactivate|move: Perish Song\n|\n|-start|p2a: Excadrill|perish3\n|-start|p1a: Chimecho|perish3\n|upkeep\n|turn|28\n|\n|t:|1700879363\n|move|p2a: Excadrill|Swords Dance|p2a: Excadrill\n|-boost|p2a: Excadrill|atk|2\n|move|p1a: Chimecho|Psywave|p2a: Excadrill\n|-damage|p2a: Excadrill|68\/100\n|\n|-start|p2a: Excadrill|perish2\n|-start|p1a: Chimecho|perish2\n|upkeep\n|turn|29\n|\n|t:|1700879376\n|move|p2a: Excadrill|Iron Head|p1a: Chimecho\n|-damage|p1a: Chimecho|41\/100\n|cant|p1a: Chimecho|flinch\n|\n|-heal|p1a: Chimecho|47\/100|[from] item: Leftovers\n|-start|p2a: Excadrill|perish1\n|-start|p1a: Chimecho|perish1\n|upkeep\n|turn|30\n|\n|t:|1700879386\n|switch|p2a: Flygon|Flygon, M|100\/100\n|move|p1a: Chimecho|Psywave|p2a: Flygon\n|-damage|p2a: Flygon|79\/100\n|\n|-heal|p1a: Chimecho|53\/100|[from] item: Leftovers\n|-start|p1a: Chimecho|perish0\n|-sideend|p1: Sir_chronicles|Reflect\n|upkeep\n|faint|p1a: Chimecho\n|\n|t:|1700879388\n|switch|p1a: Ribombee|Ribombee, M|100\/100\n|turn|31\n|\n|t:|1700879402\n|switch|p2a: Excadrill|Excadrill, M|68\/100\n|move|p1a: Ribombee|Moonblast|p2a: Excadrill\n|-resisted|p2a: Excadrill\n|-damage|p2a: Excadrill|41\/100\n|\n|upkeep\n|turn|32\n|\n|t:|1700879413\n|move|p1a: Ribombee|Moonblast|p2a: Excadrill\n|-resisted|p2a: Excadrill\n|-damage|p2a: Excadrill|15\/100\n|move|p2a: Excadrill|Rapid Spin|p1a: Ribombee\n|-damage|p1a: Ribombee|60\/100\n|-boost|p2a: Excadrill|spe|1\n|\n|upkeep\n|turn|33\n|\n|t:|1700879422\n|-terastallize|p1a: Ribombee|Ghost\n|move|p2a: Excadrill|Iron Head|p1a: Ribombee\n|-damage|p1a: Ribombee|0 fnt\n|faint|p1a: Ribombee\n|\n|upkeep\n|\n|t:|1700879423\n|switch|p1a: Grimmsnarl|Grimmsnarl, M|88\/100\n|turn|34\n|-message|Sir_chronicles forfeited.\n|\n|win|Xander#8155\n|raw|Sir_chronicles's rating: 1210 &rarr; <strong>1180<\/strong><br \/>(-30 for losing)\n|raw|Xander#8155's rating: 1142 &rarr; <strong>1172<\/strong><br \/>(+30 for winning)\n|l|\u2606Sir_chronicles\n","uploadtime":1700879438,"views":2,"p1id":"sirchronicles","p2id":"xander8155","formatid":"gen9nationaldex","rating":1172,"private":0,"password":""}