{"id":"gen9nationaldex-1991308522","p1":"Nemasilla","p2":"jkspuo","format":"[Gen 9] National Dex","log":"|j|\u2606Nemasilla\n|j|\u2606jkspuo\n|t:|1700066280\n|gametype|singles\n|player|p1|Nemasilla|irida|1120\n|player|p2|jkspuo|266|1063\n|teamsize|p1|6\n|teamsize|p2|6\n|gen|9\n|tier|[Gen 9] National Dex\n|rated|\n|rule|HP Percentage Mod: HP is shown in percentages\n|rule|Endless Battle Clause: Forcing endless battles is banned\n|rule|OHKO Clause: OHKO moves are banned\n|rule|Evasion Clause: Evasion abilities, items, and moves are banned\n|rule|Evasion Abilities Clause: Evasion abilities are banned\n|rule|Evasion Items Clause: Evasion items are banned\n|rule|Evasion Moves Clause: Evasion moves are banned\n|rule|Species Clause: Limit one of each Pok\u00e9mon\n|rule|Sleep Clause Mod: Limit one foe put to sleep\n|clearpoke\n|poke|p1|Ribombee, F|\n|poke|p1|Scizor, M|\n|poke|p1|Volcarona, M|\n|poke|p1|Beedrill, F|\n|poke|p1|Buzzwole|\n|poke|p1|Vikavolt, F|\n|poke|p2|Latias, F|\n|poke|p2|Heatran, M|\n|poke|p2|Clefable, M|\n|poke|p2|Skarmory, M|\n|poke|p2|Gastrodon, F|\n|poke|p2|Rotom-Wash|\n|teampreview\n|inactive|Battle timer is ON: inactive players will automatically lose when time's up. (requested by Nemasilla)\n|\n|t:|1700066289\n|start\n|switch|p1a: Ribombee|Ribombee, F, shiny|100\/100\n|switch|p2a: Heatran|Heatran, M|100\/100\n|turn|1\n|\n|t:|1700066306\n|move|p1a: Ribombee|Sticky Web|p2a: Heatran\n|-sidestart|p2: jkspuo|move: Sticky Web\n|move|p2a: Heatran|Earth Power|p1a: Ribombee\n|-resisted|p1a: Ribombee\n|-damage|p1a: Ribombee|78\/100\n|\n|upkeep\n|turn|2\n|\n|t:|1700066331\n|switch|p1a: Vikavolt|Vikavolt, F, shiny|100\/100\n|move|p2a: Heatran|Toxic|p1a: Vikavolt\n|-status|p1a: Vikavolt|tox\n|\n|-damage|p1a: Vikavolt|94\/100 tox|[from] psn\n|upkeep\n|turn|3\n|\n|t:|1700066339\n|-terastallize|p2a: Heatran|Fire\n|move|p2a: Heatran|Magma Storm|p1a: Vikavolt|[miss]\n|-miss|p2a: Heatran|p1a: Vikavolt\n|move|p1a: Vikavolt|Volt Switch|p2a: Heatran\n|-damage|p2a: Heatran|71\/100\n|inactive|Nemasilla has 120 seconds left.\n|\n|t:|1700066366\n|switch|p1a: Buzzwole|Buzzwole, shiny|100\/100|[from] Volt Switch\n|\n|-heal|p2a: Heatran|77\/100|[from] item: Leftovers\n|upkeep\n|turn|4\n|\n|t:|1700066373\n|move|p1a: Buzzwole|Earthquake|p2a: Heatran\n|-supereffective|p2a: Heatran\n|-damage|p2a: Heatran|10\/100\n|move|p2a: Heatran|Magma Storm|p1a: Buzzwole|[miss]\n|-miss|p2a: Heatran|p1a: Buzzwole\n|\n|-heal|p2a: Heatran|16\/100|[from] item: Leftovers\n|upkeep\n|turn|5\n|\n|t:|1700066388\n|move|p1a: Buzzwole|Earthquake|p2a: Heatran\n|-supereffective|p2a: Heatran\n|-damage|p2a: Heatran|0 fnt\n|faint|p2a: Heatran\n|-ability|p1a: Buzzwole|Beast Boost|boost\n|-boost|p1a: Buzzwole|atk|1\n|\n|upkeep\n|\n|t:|1700066394\n|switch|p2a: Latias|Latias, F|100\/100\n|turn|6\n|\n|t:|1700066405\n|switch|p1a: Vikavolt|Vikavolt, F, shiny|94\/100 tox\n|detailschange|p2a: Latias|Latias-Mega, F\n|-mega|p2a: Latias|Latias|Latiasite\n|move|p2a: Latias|Aura Sphere|p1a: Vikavolt\n|-resisted|p1a: Vikavolt\n|-damage|p1a: Vikavolt|87\/100 tox\n|\n|-damage|p1a: Vikavolt|80\/100 tox|[from] psn\n|upkeep\n|turn|7\n|\n|t:|1700066419\n|switch|p2a: Gastrodon|Gastrodon, F|100\/100\n|-activate|p2a: Gastrodon|move: Sticky Web\n|-unboost|p2a: Gastrodon|spe|1\n|move|p1a: Vikavolt|Volt Switch|p2a: Gastrodon\n|-immune|p2a: Gastrodon\n|\n|-damage|p1a: Vikavolt|68\/100 tox|[from] psn\n|upkeep\n|turn|8\n|\n|t:|1700066433\n|move|p1a: Vikavolt|Energy Ball|p2a: Gastrodon\n|-supereffective|p2a: Gastrodon\n|-damage|p2a: Gastrodon|14\/100\n|move|p2a: Gastrodon|Scald|p1a: Vikavolt\n|-damage|p1a: Vikavolt|53\/100 tox\n|\n|-heal|p2a: Gastrodon|20\/100|[from] item: Leftovers\n|-damage|p1a: Vikavolt|35\/100 tox|[from] psn\n|upkeep\n|turn|9\n|\n|t:|1700066447\n|switch|p2a: Rotom|Rotom-Wash|100\/100\n|move|p1a: Vikavolt|Energy Ball|p2a: Rotom\n|-supereffective|p2a: Rotom\n|-damage|p2a: Rotom|38\/100\n|\n|-damage|p1a: Vikavolt|10\/100 tox|[from] psn\n|upkeep\n|turn|10\n|\n|t:|1700066462\n|move|p2a: Rotom|Volt Switch|p1a: Vikavolt\n|-resisted|p1a: Vikavolt\n|-damage|p1a: Vikavolt|2\/100 tox\n|\n|t:|1700066470\n|switch|p2a: Clefable|Clefable, M|100\/100|[from] Volt Switch\n|-activate|p2a: Clefable|move: Sticky Web\n|-unboost|p2a: Clefable|spe|1\n|move|p1a: Vikavolt|Energy Ball|p2a: Clefable\n|-damage|p2a: Clefable|69\/100\n|\n|-damage|p1a: Vikavolt|0 fnt|[from] psn\n|faint|p1a: Vikavolt\n|upkeep\n|\n|t:|1700066477\n|switch|p1a: Scizor|Scizor, M|100\/100\n|turn|11\n|\n|t:|1700066483\n|switch|p2a: Skarmory|Skarmory, M|100\/100\n|move|p1a: Scizor|Bullet Punch|p2a: Skarmory\n|-resisted|p2a: Skarmory\n|-damage|p2a: Skarmory|92\/100\n|-damage|p1a: Scizor|84\/100|[from] item: Rocky Helmet|[of] p2a: Skarmory\n|\n|upkeep\n|turn|12\n|\n|t:|1700066495\n|switch|p1a: Ribombee|Ribombee, F, shiny|78\/100\n|move|p2a: Skarmory|Body Press|p1a: Ribombee\n|-resisted|p1a: Ribombee\n|-damage|p1a: Ribombee|65\/100\n|\n|upkeep\n|turn|13\n|\n|t:|1700066508\n|switch|p2a: Clefable|Clefable, M|69\/100\n|-activate|p2a: Clefable|move: Sticky Web\n|-unboost|p2a: Clefable|spe|1\n|move|p1a: Ribombee|Switcheroo|p2a: Clefable\n|-activate|p1a: Ribombee|move: Trick|[of] p2a: Clefable\n|-item|p2a: Clefable|Choice Specs|[from] move: Switcheroo\n|-item|p1a: Ribombee|Life Orb|[from] move: Switcheroo\n|\n|upkeep\n|turn|14\n|\n|t:|1700066518\n|move|p1a: Ribombee|Quiver Dance|p1a: Ribombee\n|-boost|p1a: Ribombee|spa|1\n|-boost|p1a: Ribombee|spd|1\n|-boost|p1a: Ribombee|spe|1\n|move|p2a: Clefable|Calm Mind|p2a: Clefable\n|-boost|p2a: Clefable|spa|1\n|-boost|p2a: Clefable|spd|1\n|\n|upkeep\n|turn|15\n|\n|t:|1700066529\n|switch|p2a: Gastrodon|Gastrodon, F|20\/100\n|-activate|p2a: Gastrodon|move: Sticky Web\n|-unboost|p2a: Gastrodon|spe|1\n|move|p1a: Ribombee|Quiver Dance|p1a: Ribombee\n|-boost|p1a: Ribombee|spa|1\n|-boost|p1a: Ribombee|spd|1\n|-boost|p1a: Ribombee|spe|1\n|\n|-heal|p2a: Gastrodon|26\/100|[from] item: Leftovers\n|upkeep\n|turn|16\n|\n|t:|1700066537\n|move|p1a: Ribombee|Moonblast|p2a: Gastrodon\n|-damage|p2a: Gastrodon|0 fnt\n|faint|p2a: Gastrodon\n|-damage|p1a: Ribombee|55\/100|[from] item: Life Orb\n|\n|upkeep\n|\n|t:|1700066541\n|switch|p2a: Rotom|Rotom-Wash|38\/100\n|turn|17\n|\n|t:|1700066546\n|move|p1a: Ribombee|Moonblast|p2a: Rotom\n|-damage|p2a: Rotom|0 fnt\n|faint|p2a: Rotom\n|-damage|p1a: Ribombee|45\/100|[from] item: Life Orb\n|\n|upkeep\n|\n|t:|1700066551\n|switch|p2a: Clefable|Clefable, M|69\/100\n|-activate|p2a: Clefable|move: Sticky Web\n|-unboost|p2a: Clefable|spe|1\n|turn|18\n|\n|t:|1700066560\n|move|p1a: Ribombee|Moonblast|p2a: Clefable\n|-damage|p2a: Clefable|0 fnt\n|faint|p2a: Clefable\n|-damage|p1a: Ribombee|35\/100|[from] item: Life Orb\n|\n|upkeep\n|-message|jkspuo forfeited.\n|\n|win|Nemasilla\n|raw|Nemasilla's rating: 1120 &rarr; <strong>1141<\/strong><br \/>(+21 for winning)\n|raw|jkspuo's rating: 1063 &rarr; <strong>1047<\/strong><br \/>(-16 for losing)\n|l|\u2606jkspuo\n","uploadtime":1700066572,"views":4,"p1id":"nemasilla","p2id":"jkspuo","formatid":"gen9nationaldex","rating":1047,"private":0,"password":""}