{"id":"gen9nationaldex-1989763247","p1":"zizhuzhaosheng","p2":"sactownzapdos","format":"[Gen 9] National Dex","log":"|j|\u2606zizhuzhaosheng\n|j|\u2606sactownzapdos\n|t:|1699893665\n|gametype|singles\n|player|p1|zizhuzhaosheng|2|1640\n|player|p2|sactownzapdos|archer|1694\n|teamsize|p1|6\n|teamsize|p2|6\n|gen|9\n|tier|[Gen 9] National Dex\n|rated|\n|rule|HP Percentage Mod: HP is shown in percentages\n|rule|Endless Battle Clause: Forcing endless battles is banned\n|rule|OHKO Clause: OHKO moves are banned\n|rule|Evasion Clause: Evasion abilities, items, and moves are banned\n|rule|Evasion Abilities Clause: Evasion abilities are banned\n|rule|Evasion Items Clause: Evasion items are banned\n|rule|Evasion Moves Clause: Evasion moves are banned\n|rule|Species Clause: Limit one of each Pok\u00e9mon\n|rule|Sleep Clause Mod: Limit one foe put to sleep\n|clearpoke\n|poke|p1|Medicham, F|\n|poke|p1|Zapdos|\n|poke|p1|Alomomola, F|\n|poke|p1|Landorus-Therian, M|\n|poke|p1|Urshifu-*, M|\n|poke|p1|Hoopa-Unbound|\n|poke|p2|Aerodactyl, M|\n|poke|p2|Heatran, F|\n|poke|p2|Dragonite, F|\n|poke|p2|Kommo-o, F|\n|poke|p2|Ting-Lu|\n|poke|p2|Rotom-Wash|\n|teampreview\n|inactive|Battle timer is ON: inactive players will automatically lose when time's up. (requested by zizhuzhaosheng)\n|\n|t:|1699893688\n|start\n|switch|p1a: Medicham|Medicham, F|100\/100\n|switch|p2a: Rotom|Rotom-Wash|100\/100\n|turn|1\n|\n|t:|1699893693\n|detailschange|p1a: Medicham|Medicham-Mega, F\n|-mega|p1a: Medicham|Medicham|Medichamite\n|move|p2a: Rotom|Volt Switch|p1a: Medicham\n|-damage|p1a: Medicham|46\/100\n|j| Aziz Le Bledart\n|\n|t:|1699893701\n|switch|p2a: Dragonite|Dragonite, F|100\/100|[from] Volt Switch\n|move|p1a: Medicham|Close Combat|p2a: Dragonite\n|-resisted|p2a: Dragonite\n|-damage|p2a: Dragonite|72\/100\n|-unboost|p1a: Medicham|def|1\n|-unboost|p1a: Medicham|spd|1\n|\n|upkeep\n|turn|2\n|\n|t:|1699893707\n|move|p2a: Dragonite|Extreme Speed|p1a: Medicham\n|-damage|p1a: Medicham|0 fnt\n|faint|p1a: Medicham\n|\n|upkeep\n|\n|t:|1699893712\n|switch|p1a: Hoopa|Hoopa-Unbound|100\/100\n|turn|3\n|\n|t:|1699893719\n|switch|p2a: Ting-Lu|Ting-Lu|100\/100\n|-ability|p2a: Ting-Lu|Vessel of Ruin\n|move|p1a: Hoopa|Energy Ball|p2a: Ting-Lu\n|-supereffective|p2a: Ting-Lu\n|-damage|p2a: Ting-Lu|24\/100\n|-unboost|p2a: Ting-Lu|spd|1\n|\n|-heal|p2a: Ting-Lu|30\/100|[from] item: Leftovers\n|upkeep\n|turn|4\n|\n|t:|1699893732\n|switch|p2a: Aerodactyl|Aerodactyl, M|100\/100\n|-ability|p2a: Aerodactyl|Pressure\n|move|p1a: Hoopa|Energy Ball|p2a: Aerodactyl\n|-damage|p2a: Aerodactyl|14\/100\n|\n|upkeep\n|turn|5\n|\n|t:|1699893739\n|switch|p1a: Alomomola|Alomomola, F|100\/100\n|detailschange|p2a: Aerodactyl|Aerodactyl-Mega, M\n|-mega|p2a: Aerodactyl|Aerodactyl|Aerodactylite\n|move|p2a: Aerodactyl|Dual Wingbeat|p1a: Alomomola\n|-damage|p1a: Alomomola|87\/100\n|-damage|p2a: Aerodactyl|0 fnt|[from] item: Rocky Helmet|[of] p1a: Alomomola\n|faint|p2a: Aerodactyl\n|-hitcount|p1a: Alomomola|1\n|\n|upkeep\n|j| khxng\n|\n|t:|1699893747\n|switch|p2a: Kommo-o|Kommo-o, F|100\/100\n|turn|6\n|\n|t:|1699893756\n|move|p1a: Alomomola|Protect|p1a: Alomomola\n|-singleturn|p1a: Alomomola|Protect\n|-zpower|p2a: Kommo-o\n|move|p2a: Kommo-o|Clangorous Soulblaze|p1a: Alomomola|[zeffect]\n|-zbroken|p1a: Alomomola\n|-damage|p1a: Alomomola|61\/100\n|-boost|p2a: Kommo-o|atk|1\n|-boost|p2a: Kommo-o|def|1\n|-boost|p2a: Kommo-o|spa|1\n|-boost|p2a: Kommo-o|spd|1\n|-boost|p2a: Kommo-o|spe|1\n|\n|upkeep\n|turn|7\n|\n|t:|1699893768\n|move|p2a: Kommo-o|Clanging Scales|p1a: Alomomola\n|-damage|p1a: Alomomola|0 fnt\n|faint|p1a: Alomomola\n|-unboost|p2a: Kommo-o|def|1\n|\n|upkeep\n|\n|t:|1699893774\n|switch|p1a: Hoopa|Hoopa-Unbound|100\/100\n|turn|8\n|\n|t:|1699893785\n|switch|p2a: Ting-Lu|Ting-Lu|30\/100\n|-ability|p2a: Ting-Lu|Vessel of Ruin\n|move|p1a: Hoopa|Psychic|p2a: Ting-Lu\n|-immune|p2a: Ting-Lu\n|\n|-heal|p2a: Ting-Lu|37\/100|[from] item: Leftovers\n|upkeep\n|turn|9\n|\n|t:|1699893794\n|switch|p1a: Urshifu|Urshifu-Rapid-Strike, M|100\/100\n|switch|p2a: Rotom|Rotom-Wash|100\/100\n|\n|upkeep\n|turn|10\n|\n|t:|1699893801\n|move|p1a: Urshifu|U-turn|p2a: Rotom\n|-damage|p2a: Rotom|65\/100\n|\n|t:|1699893804\n|switch|p1a: Landorus|Landorus-Therian, M|100\/100|[from] U-turn\n|-ability|p1a: Landorus|Intimidate|boost\n|-unboost|p2a: Rotom|atk|1\n|move|p2a: Rotom|Volt Switch|p1a: Landorus\n|-immune|p1a: Landorus\n|\n|upkeep\n|turn|11\n|\n|t:|1699893812\n|switch|p2a: Dragonite|Dragonite, F|72\/100\n|move|p1a: Landorus|Smack Down|p2a: Dragonite\n|-supereffective|p2a: Dragonite\n|-damage|p2a: Dragonite|42\/100\n|-start|p2a: Dragonite|Smack Down\n|\n|upkeep\n|turn|12\n|\n|t:|1699893817\n|-terastallize|p2a: Dragonite|Normal\n|move|p1a: Landorus|Hidden Power|p2a: Dragonite\n|-damage|p2a: Dragonite|29\/100\n|move|p2a: Dragonite|Ice Punch|p1a: Landorus\n|-supereffective|p1a: Landorus\n|-damage|p1a: Landorus|0 fnt\n|faint|p1a: Landorus\n|\n|upkeep\n|\n|t:|1699893826\n|switch|p1a: Urshifu|Urshifu-Rapid-Strike, M|100\/100\n|turn|13\n|\n|t:|1699893829\n|switch|p2a: Ting-Lu|Ting-Lu|37\/100\n|-ability|p2a: Ting-Lu|Vessel of Ruin\n|move|p1a: Urshifu|Close Combat|p2a: Ting-Lu\n|-supereffective|p2a: Ting-Lu\n|-damage|p2a: Ting-Lu|0 fnt\n|-unboost|p1a: Urshifu|def|1\n|-unboost|p1a: Urshifu|spd|1\n|faint|p2a: Ting-Lu\n|\n|upkeep\n|\n|t:|1699893836\n|switch|p2a: Rotom|Rotom-Wash|65\/100\n|turn|14\n|\n|t:|1699893838\n|move|p1a: Urshifu|Close Combat|p2a: Rotom\n|-damage|p2a: Rotom|0 fnt\n|-unboost|p1a: Urshifu|def|1\n|-unboost|p1a: Urshifu|spd|1\n|faint|p2a: Rotom\n|\n|upkeep\n|\n|t:|1699893842\n|switch|p2a: Dragonite|Dragonite, F, tera:Normal|29\/100\n|turn|15\n|\n|t:|1699893845\n|switch|p1a: Zapdos|Zapdos|100\/100\n|move|p2a: Dragonite|Extreme Speed|p1a: Zapdos\n|-damage|p1a: Zapdos|48\/100\n|-status|p2a: Dragonite|par|[from] ability: Static|[of] p1a: Zapdos\n|\n|upkeep\n|turn|16\n|\n|t:|1699893853\n|cant|p2a: Dragonite|par\n|move|p1a: Zapdos|Volt Switch|p2a: Dragonite\n|-damage|p2a: Dragonite|5\/100 par\n|\n|t:|1699893855\n|switch|p1a: Urshifu|Urshifu-Rapid-Strike, M|100\/100|[from] Volt Switch\n|\n|upkeep\n|turn|17\n|\n|t:|1699893863\n|switch|p2a: Kommo-o|Kommo-o, F|100\/100\n|move|p1a: Urshifu|U-turn|p2a: Kommo-o\n|-resisted|p2a: Kommo-o\n|-damage|p2a: Kommo-o|88\/100\n|\n|t:|1699893865\n|switch|p1a: Hoopa|Hoopa-Unbound|100\/100|[from] U-turn\n|\n|upkeep\n|turn|18\n|\n|t:|1699893871\n|switch|p2a: Heatran|Heatran, F|100\/100\n|move|p1a: Hoopa|Dark Pulse|p2a: Heatran\n|-damage|p2a: Heatran|45\/100\n|\n|-heal|p2a: Heatran|52\/100|[from] item: Leftovers\n|upkeep\n|turn|19\n|\n|t:|1699893876\n|switch|p1a: Urshifu|Urshifu-Rapid-Strike, M|100\/100\n|move|p2a: Heatran|Toxic|p1a: Urshifu\n|-status|p1a: Urshifu|tox\n|\n|-heal|p2a: Heatran|58\/100|[from] item: Leftovers\n|-damage|p1a: Urshifu|94\/100 tox|[from] psn\n|upkeep\n|turn|20\n|\n|t:|1699893884\n|move|p1a: Urshifu|Close Combat|p2a: Heatran\n|-supereffective|p2a: Heatran\n|-damage|p2a: Heatran|0 fnt\n|-unboost|p1a: Urshifu|def|1\n|-unboost|p1a: Urshifu|spd|1\n|faint|p2a: Heatran\n|\n|-damage|p1a: Urshifu|82\/100 tox|[from] psn\n|upkeep\n|\n|t:|1699893887\n|switch|p2a: Dragonite|Dragonite, F, tera:Normal|5\/100 par\n|turn|21\n|\n|t:|1699893890\n|switch|p1a: Zapdos|Zapdos|48\/100\n|cant|p2a: Dragonite|par\n|\n|upkeep\n|turn|22\n|\n|t:|1699893896\n|cant|p2a: Dragonite|par\n|move|p1a: Zapdos|Volt Switch|p2a: Dragonite\n|-damage|p2a: Dragonite|0 fnt\n|faint|p2a: Dragonite\n|\n|t:|1699893899\n|switch|p1a: Hoopa|Hoopa-Unbound|100\/100|[from] Volt Switch\n|\n|upkeep\n|c|\u2606sactownzapdos|gg\n|-message|sactownzapdos forfeited.\n|\n|win|zizhuzhaosheng\n|raw|zizhuzhaosheng's rating: 1640 &rarr; <strong>1663<\/strong><br \/>(+23 for winning)\n|raw|sactownzapdos's rating: 1694 &rarr; <strong>1671<\/strong><br \/>(-23 for losing)\n|l|\u2606sactownzapdos\n|l| Aziz Le Bledart\n","uploadtime":1699893916,"views":4,"p1id":"zizhuzhaosheng","p2id":"sactownzapdos","formatid":"gen9nationaldex","rating":1663,"private":0,"password":""}