{"id":"gen9nationaldex-1988053379","p1":"Chili D Dewd","p2":"Toxic Ariados","format":"[Gen 9] National Dex","log":"|j|\u2606Chili D Dewd\n|j|\u2606Toxic Ariados\n|t:|1699663826\n|gametype|singles\n|player|p1|Chili D Dewd|flint|1432\n|player|p2|Toxic Ariados|lucas|1639\n|teamsize|p1|6\n|teamsize|p2|6\n|gen|9\n|tier|[Gen 9] National Dex\n|rated|\n|rule|HP Percentage Mod: HP is shown in percentages\n|rule|Endless Battle Clause: Forcing endless battles is banned\n|rule|OHKO Clause: OHKO moves are banned\n|rule|Evasion Clause: Evasion abilities, items, and moves are banned\n|rule|Evasion Abilities Clause: Evasion abilities are banned\n|rule|Evasion Items Clause: Evasion items are banned\n|rule|Evasion Moves Clause: Evasion moves are banned\n|rule|Species Clause: Limit one of each Pok\u00e9mon\n|rule|Sleep Clause Mod: Limit one foe put to sleep\n|clearpoke\n|poke|p1|Dondozo, F|\n|poke|p1|Clodsire, F|\n|poke|p1|Skarmory, M|\n|poke|p1|Clefable, F|\n|poke|p1|Sableye, M|\n|poke|p1|Chansey, F|\n|poke|p2|Grimmsnarl, M|\n|poke|p2|Okidogi, M|\n|poke|p2|Volcarona, F|\n|poke|p2|Great Tusk|\n|poke|p2|Ogerpon-Cornerstone, F|\n|poke|p2|Jirachi|\n|teampreview\n|c|\u2606Toxic Ariados|oh boy\n|c|\u2606Toxic Ariados|well\n|c|\u2606Toxic Ariados|gl\n|\n|t:|1699663833\n|start\n|switch|p1a: Sableye|Sableye, M|100\/100\n|switch|p2a: Diablo|Grimmsnarl, M|100\/100\n|turn|1\n|inactive|Battle timer is ON: inactive players will automatically lose when time's up. (requested by Chili D Dewd)\n|\n|t:|1699663847\n|detailschange|p1a: Sableye|Sableye-Mega, M\n|-mega|p1a: Sableye|Sableye|Sablenite\n|move|p2a: Diablo|Spirit Break|p1a: Sableye\n|-supereffective|p1a: Sableye\n|-damage|p1a: Sableye|47\/100\n|-unboost|p1a: Sableye|spa|1\n|move|p1a: Sableye|Will-O-Wisp|p2a: Diablo|[miss]\n|-miss|p1a: Sableye|p2a: Diablo\n|\n|upkeep\n|turn|2\n|\n|t:|1699663854\n|switch|p1a: Clodsire|Clodsire, F|100\/100\n|move|p2a: Diablo|Spirit Break|p1a: Clodsire\n|-resisted|p1a: Clodsire\n|-damage|p1a: Clodsire|85\/100\n|-unboost|p1a: Clodsire|spa|1\n|\n|upkeep\n|turn|3\n|\n|t:|1699663860\n|switch|p1a: Sableye|Sableye-Mega, M|47\/100\n|move|p2a: Diablo|Reflect|p2a: Diablo\n|-sidestart|p2: Toxic Ariados|Reflect\n|\n|upkeep\n|turn|4\n|\n|t:|1699663863\n|switch|p1a: Clodsire|Clodsire, F|85\/100\n|move|p2a: Diablo|Spirit Break|p1a: Clodsire\n|-resisted|p1a: Clodsire\n|-damage|p1a: Clodsire|69\/100\n|-unboost|p1a: Clodsire|spa|1\n|\n|upkeep\n|turn|5\n|\n|t:|1699663866\n|switch|p2a: Stardust|Jirachi, shiny|100\/100\n|move|p1a: Clodsire|Stealth Rock|p2a: Stardust\n|-sidestart|p2: Toxic Ariados|move: Stealth Rock\n|\n|upkeep\n|turn|6\n|\n|t:|1699663878\n|switch|p1a: Chansey|Chansey, F|100\/100\n|move|p2a: Stardust|Calm Mind|p2a: Stardust\n|-boost|p2a: Stardust|spa|1\n|-boost|p2a: Stardust|spd|1\n|\n|upkeep\n|turn|7\n|\n|t:|1699663889\n|switch|p2a: Bedrock|Great Tusk|100\/100\n|move|p1a: Chansey|Seismic Toss|p2a: Bedrock\n|-damage|p2a: Bedrock|74\/100\n|\n|upkeep\n|turn|8\n|\n|t:|1699663894\n|switch|p1a: Sableye|Sableye-Mega, M|47\/100\n|move|p2a: Bedrock|Headlong Rush|p1a: Sableye\n|-damage|p1a: Sableye|0 fnt\n|-unboost|p2a: Bedrock|def|1\n|-unboost|p2a: Bedrock|spd|1\n|faint|p1a: Sableye\n|\n|upkeep\n|\n|t:|1699663903\n|switch|p1a: Skarmory|Skarmory, M|100\/100\n|turn|9\n|\n|t:|1699663905\n|-end|p2a: Bedrock|Protosynthesis|[silent]\n|switch|p2a: Solstice|Volcarona, F|100\/100\n|move|p1a: Skarmory|Spikes|p2a: Solstice\n|-sidestart|p2: Toxic Ariados|Spikes\n|\n|upkeep\n|turn|10\n|\n|t:|1699663909\n|switch|p2a: Bedrock|Great Tusk|74\/100\n|move|p1a: Skarmory|Spikes|p2a: Bedrock\n|-sidestart|p2: Toxic Ariados|Spikes\n|\n|-sideend|p2: Toxic Ariados|Reflect\n|upkeep\n|turn|11\n|\n|t:|1699663912\n|move|p2a: Bedrock|Rapid Spin|p1a: Skarmory\n|-resisted|p1a: Skarmory\n|-damage|p1a: Skarmory|93\/100\n|-boost|p2a: Bedrock|spe|1\n|-damage|p2a: Bedrock|57\/100|[from] item: Rocky Helmet|[of] p1a: Skarmory\n|-sideend|p2: Toxic Ariados|Spikes|[from] move: Rapid Spin|[of] p2a: Bedrock\n|-sideend|p2: Toxic Ariados|Stealth Rock|[from] move: Rapid Spin|[of] p2a: Bedrock\n|move|p1a: Skarmory|Spikes|p2a: Bedrock\n|-sidestart|p2: Toxic Ariados|Spikes\n|\n|upkeep\n|turn|12\n|\n|t:|1699663914\n|-end|p2a: Bedrock|Protosynthesis|[silent]\n|switch|p2a: Solstice|Volcarona, F|100\/100\n|move|p1a: Skarmory|Spikes|p2a: Solstice\n|-sidestart|p2: Toxic Ariados|Spikes\n|\n|upkeep\n|turn|13\n|\n|t:|1699663918\n|switch|p1a: Chansey|Chansey, F|100\/100\n|move|p2a: Solstice|Fiery Dance|p1a: Chansey\n|-damage|p1a: Chansey|86\/100\n|-boost|p2a: Solstice|spa|1\n|\n|upkeep\n|turn|14\n|\n|t:|1699663922\n|switch|p2a: Bedrock|Great Tusk|57\/100\n|move|p1a: Chansey|Toxic|p2a: Bedrock\n|-status|p2a: Bedrock|tox\n|\n|-damage|p2a: Bedrock|51\/100 tox|[from] psn\n|upkeep\n|turn|15\n|\n|t:|1699663930\n|switch|p1a: Skarmory|Skarmory, M|93\/100\n|move|p2a: Bedrock|Rapid Spin|p1a: Skarmory\n|-resisted|p1a: Skarmory\n|-damage|p1a: Skarmory|87\/100\n|-boost|p2a: Bedrock|spe|1\n|-damage|p2a: Bedrock|34\/100 tox|[from] item: Rocky Helmet|[of] p1a: Skarmory\n|-sideend|p2: Toxic Ariados|Spikes|[from] move: Rapid Spin|[of] p2a: Bedrock\n|\n|-damage|p2a: Bedrock|22\/100 tox|[from] psn\n|upkeep\n|turn|16\n|\n|t:|1699663934\n|-end|p2a: Bedrock|Protosynthesis|[silent]\n|switch|p2a: Diablo|Grimmsnarl, M|100\/100\n|move|p1a: Skarmory|Spikes|p2a: Diablo\n|-sidestart|p2: Toxic Ariados|Spikes\n|\n|upkeep\n|turn|17\n|\n|t:|1699663938\n|move|p2a: Diablo|Taunt|p1a: Skarmory\n|-start|p1a: Skarmory|move: Taunt\n|cant|p1a: Skarmory|move: Taunt|Spikes\n|\n|upkeep\n|turn|18\n|\n|t:|1699663941\n|switch|p1a: Clodsire|Clodsire, F|69\/100\n|move|p2a: Diablo|Reflect|p2a: Diablo\n|-sidestart|p2: Toxic Ariados|Reflect\n|\n|upkeep\n|turn|19\n|\n|t:|1699663947\n|move|p2a: Diablo|Taunt|p1a: Clodsire\n|-start|p1a: Clodsire|move: Taunt\n|move|p1a: Clodsire|Earthquake|p2a: Diablo\n|-damage|p2a: Diablo|87\/100\n|\n|upkeep\n|turn|20\n|\n|t:|1699663957\n|switch|p2a: Bedrock|Great Tusk|22\/100 tox\n|switch|p1a: Clefable|Clefable, F|100\/100\n|\n|-damage|p2a: Bedrock|16\/100 tox|[from] psn\n|upkeep\n|turn|21\n|\n|t:|1699663964\n|move|p2a: Bedrock|Rapid Spin|p1a: Clefable\n|-damage|p1a: Clefable|86\/100\n|-boost|p2a: Bedrock|spe|1\n|-sideend|p2: Toxic Ariados|Spikes|[from] move: Rapid Spin|[of] p2a: Bedrock\n|move|p1a: Clefable|Moonblast|p2a: Bedrock\n|-supereffective|p2a: Bedrock\n|-damage|p2a: Bedrock|0 fnt\n|faint|p2a: Bedrock\n|-end|p2a: Bedrock|Protosynthesis|[silent]\n|\n|-heal|p1a: Clefable|92\/100|[from] item: Leftovers\n|upkeep\n|\n|t:|1699663968\n|switch|p2a: Wrath|Okidogi, M|100\/100\n|turn|22\n|\n|t:|1699663971\n|switch|p1a: Skarmory|Skarmory, M|87\/100\n|move|p2a: Wrath|Poison Jab|p1a: Skarmory\n|-immune|p1a: Skarmory\n|\n|upkeep\n|turn|23\n|\n|t:|1699663974\n|move|p2a: Wrath|Bulk Up|p2a: Wrath\n|-boost|p2a: Wrath|atk|1\n|-boost|p2a: Wrath|def|1\n|move|p1a: Skarmory|Spikes|p2a: Wrath\n|-sidestart|p2: Toxic Ariados|Spikes\n|\n|upkeep\n|turn|24\n|\n|t:|1699663976\n|move|p2a: Wrath|Knock Off|p1a: Skarmory\n|-damage|p1a: Skarmory|48\/100\n|-damage|p2a: Wrath|84\/100|[from] item: Rocky Helmet|[of] p1a: Skarmory\n|-enditem|p1a: Skarmory|Rocky Helmet|[from] move: Knock Off|[of] p2a: Wrath\n|move|p1a: Skarmory|Iron Defense|p1a: Skarmory\n|-boost|p1a: Skarmory|def|2\n|\n|upkeep\n|turn|25\n|\n|t:|1699663978\n|move|p2a: Wrath|Bulk Up|p2a: Wrath\n|-boost|p2a: Wrath|atk|1\n|-boost|p2a: Wrath|def|1\n|move|p1a: Skarmory|Roost|p1a: Skarmory\n|-heal|p1a: Skarmory|98\/100\n|-singleturn|p1a: Skarmory|move: Roost\n|\n|-sideend|p2: Toxic Ariados|Reflect\n|upkeep\n|turn|26\n|\n|t:|1699663981\n|move|p2a: Wrath|Drain Punch|p1a: Skarmory\n|-damage|p1a: Skarmory|70\/100\n|-heal|p2a: Wrath|96\/100|[from] drain|[of] p1a: Skarmory\n|move|p1a: Skarmory|Iron Defense|p1a: Skarmory\n|-boost|p1a: Skarmory|def|2\n|\n|upkeep\n|turn|27\n|\n|t:|1699663986\n|switch|p2a: Solstice|Volcarona, F|100\/100\n|move|p1a: Skarmory|Roost|p1a: Skarmory\n|-heal|p1a: Skarmory|100\/100\n|-singleturn|p1a: Skarmory|move: Roost\n|\n|upkeep\n|turn|28\n|\n|t:|1699663990\n|switch|p1a: Chansey|Chansey, F|86\/100\n|move|p2a: Solstice|Fiery Dance|p1a: Chansey\n|-damage|p1a: Chansey|72\/100\n|-boost|p2a: Solstice|spa|1\n|\n|upkeep\n|turn|29\n|\n|t:|1699663995\n|switch|p2a: Wrath|Okidogi, M|96\/100\n|-damage|p2a: Wrath|84\/100|[from] Spikes\n|move|p1a: Chansey|Toxic|p2a: Wrath\n|-immune|p2a: Wrath\n|\n|upkeep\n|turn|30\n|\n|t:|1699664000\n|switch|p1a: Skarmory|Skarmory, M|100\/100\n|move|p2a: Wrath|Drain Punch|p1a: Skarmory\n|-damage|p1a: Skarmory|73\/100\n|-heal|p2a: Wrath|96\/100|[from] drain|[of] p1a: Skarmory\n|\n|upkeep\n|turn|31\n|\n|t:|1699664003\n|switch|p2a: Solstice|Volcarona, F|100\/100\n|move|p1a: Skarmory|Spikes|p2a: Solstice\n|-sidestart|p2: Toxic Ariados|Spikes\n|\n|upkeep\n|turn|32\n|\n|t:|1699664008\n|switch|p2a: Stardust|Jirachi, shiny|100\/100\n|-damage|p2a: Stardust|84\/100|[from] Spikes\n|switch|p1a: Clefable|Clefable, F|92\/100\n|\n|-heal|p1a: Clefable|98\/100|[from] item: Leftovers\n|upkeep\n|turn|33\n|\n|t:|1699664011\n|-zpower|p2a: Stardust\n|move|p2a: Stardust|Z-Happy Hour|p2a: Stardust|[anim]Happy Hour\n|-boost|p2a: Stardust|atk|1|[zeffect]\n|-boost|p2a: Stardust|def|1|[zeffect]\n|-boost|p2a: Stardust|spa|1|[zeffect]\n|-boost|p2a: Stardust|spd|1|[zeffect]\n|-boost|p2a: Stardust|spe|1|[zeffect]\n|move|p1a: Clefable|Knock Off|p2a: Stardust\n|-supereffective|p2a: Stardust\n|-damage|p2a: Stardust|70\/100\n|\n|-heal|p1a: Clefable|100\/100|[from] item: Leftovers\n|upkeep\n|turn|34\n|\n|t:|1699664016\n|switch|p1a: Clodsire|Clodsire, F|69\/100\n|move|p2a: Stardust|Iron Head|p1a: Clodsire\n|-damage|p1a: Clodsire|38\/100\n|\n|upkeep\n|turn|35\n|\n|t:|1699664020\n|-terastallize|p1a: Clodsire|Dark\n|move|p2a: Stardust|Iron Head|p1a: Clodsire\n|-damage|p1a: Clodsire|5\/100\n|cant|p1a: Clodsire|flinch\n|\n|upkeep\n|turn|36\n|-message|Chili D Dewd forfeited.\n|\n|win|Toxic Ariados\n|raw|Chili D Dewd's rating: 1432 &rarr; <strong>1423<\/strong><br \/>(-9 for losing)\n|raw|Toxic Ariados's rating: 1639 &rarr; <strong>1648<\/strong><br \/>(+9 for winning)\n|l|\u2606Chili D Dewd\n|c|\u2606Toxic Ariados|yeah that looked way too suspicious\n|c|\u2606Toxic Ariados|no one does that\n","uploadtime":1699664043,"views":4,"p1id":"chiliddewd","p2id":"toxicariados","formatid":"gen9nationaldex","rating":1423,"private":0,"password":""}