{"id":"gen9nationaldex-1988582686","p1":"Gamer00ooO","p2":"Sylveon(404)","format":"[Gen 9] National Dex","log":"|j|\u2606Gamer00ooO\n|j|\u2606Sylveon(404)\n|t:|1699738620\n|gametype|singles\n|player|p1|Gamer00ooO|hilbert|\n|player|p2|Sylveon(404)|serena|\n|teamsize|p1|6\n|teamsize|p2|6\n|gen|9\n|tier|[Gen 9] National Dex\n|rule|HP Percentage Mod: HP is shown in percentages\n|rule|Endless Battle Clause: Forcing endless battles is banned\n|rule|OHKO Clause: OHKO moves are banned\n|rule|Evasion Clause: Evasion abilities, items, and moves are banned\n|rule|Evasion Abilities Clause: Evasion abilities are banned\n|rule|Evasion Items Clause: Evasion items are banned\n|rule|Evasion Moves Clause: Evasion moves are banned\n|rule|Species Clause: Limit one of each Pok\u00e9mon\n|rule|Sleep Clause Mod: Limit one foe put to sleep\n|clearpoke\n|poke|p1|Diancie|\n|poke|p1|Venusaur, F|\n|poke|p1|Gliscor, M|\n|poke|p1|Dusclops, F|\n|poke|p1|Klefki, F|\n|poke|p1|Volcarona, M|\n|poke|p2|Minior-Violet|\n|poke|p2|Articuno-Galar|\n|poke|p2|Togekiss, M|\n|poke|p2|Corviknight, M|\n|poke|p2|Mandibuzz, F|\n|poke|p2|Latias, F|\n|teampreview\n|\n|t:|1699738626\n|start\n|switch|p1a: Llaveros|Klefki, F|100\/100\n|switch|p2a: cosmic|Minior-Violet|100\/100\n|-formechange|p2a: cosmic|Minior-Meteor||[from] ability: Shields Down\n|-item|p1a: Llaveros|Air Balloon\n|turn|1\n|\n|t:|1699738642\n|move|p1a: Llaveros|Thunder Wave|p2a: cosmic\n|-immune|p2a: cosmic|[from] ability: Shields Down\n|move|p2a: cosmic|Shell Smash|p2a: cosmic\n|-unboost|p2a: cosmic|def|1\n|-unboost|p2a: cosmic|spd|1\n|-boost|p2a: cosmic|atk|2\n|-boost|p2a: cosmic|spa|2\n|-boost|p2a: cosmic|spe|2\n|\n|upkeep\n|turn|2\n|l|\u2606Gamer00ooO\n|player|p1|\n|inactive|Battle timer is ON: inactive players will automatically lose when time's up. (requested by Sylveon(404))\n|inactive|Gamer00ooO has 270 seconds to reconnect!\n|inactive|Gamer00ooO has 240 seconds to reconnect!\n|j|\u2606Gamer00ooO\n|inactive|Gamer00ooO reconnected and has 300 seconds left.\n|player|p1|Gamer00ooO|hilbert\n|\n|t:|1699738770\n|switch|p1a: Venusaur|Venusaur, F|100\/100\n|move|p2a: cosmic|Shell Smash|p2a: cosmic\n|-unboost|p2a: cosmic|def|1\n|-unboost|p2a: cosmic|spd|1\n|-boost|p2a: cosmic|atk|2\n|-boost|p2a: cosmic|spa|2\n|-boost|p2a: cosmic|spe|2\n|\n|upkeep\n|turn|3\n|\n|t:|1699738783\n|detailschange|p1a: Venusaur|Venusaur-Mega, F\n|-mega|p1a: Venusaur|Venusaur|Venusaurite\n|-terastallize|p2a: cosmic|Ground\n|move|p2a: cosmic|Earthquake|p1a: Venusaur\n|-damage|p1a: Venusaur|21\/100\n|move|p1a: Venusaur|Giga Drain|p2a: cosmic\n|-supereffective|p2a: cosmic\n|-enditem|p2a: cosmic|Focus Sash\n|-damage|p2a: cosmic|1\/100\n|-heal|p1a: Venusaur|57\/100|[from] drain|[of] p2a: cosmic\n|\n|-formechange|p2a: cosmic|Minior-Violet||[from] ability: Shields Down\n|upkeep\n|turn|4\n|\n|t:|1699738796\n|move|p2a: cosmic|Earthquake|p1a: Venusaur\n|-damage|p1a: Venusaur|0 fnt\n|faint|p1a: Venusaur\n|\n|upkeep\n|\n|t:|1699738800\n|switch|p1a: Dusclops|Dusclops, F|100\/100\n|turn|5\n|\n|t:|1699738804\n|move|p1a: Dusclops|Shadow Sneak|p2a: cosmic\n|-damage|p2a: cosmic|0 fnt\n|faint|p2a: cosmic\n|\n|upkeep\n|\n|t:|1699738809\n|switch|p2a: ais mi ciela|Articuno-Galar|100\/100\n|turn|6\n|\n|t:|1699738814\n|move|p2a: ais mi ciela|Substitute|p2a: ais mi ciela\n|-start|p2a: ais mi ciela|Substitute\n|-damage|p2a: ais mi ciela|76\/100\n|move|p1a: Dusclops|Will-O-Wisp||[still]\n|-fail|p1a: Dusclops\n|\n|-heal|p2a: ais mi ciela|82\/100|[from] item: Leftovers\n|upkeep\n|turn|7\n|\n|t:|1699738828\n|switch|p1a: Diancie|Diancie|100\/100\n|move|p2a: ais mi ciela|Calm Mind|p2a: ais mi ciela\n|-boost|p2a: ais mi ciela|spa|1\n|-boost|p2a: ais mi ciela|spd|1\n|\n|-heal|p2a: ais mi ciela|88\/100|[from] item: Leftovers\n|upkeep\n|turn|8\n|\n|t:|1699738837\n|move|p2a: ais mi ciela|Calm Mind|p2a: ais mi ciela\n|-boost|p2a: ais mi ciela|spa|1\n|-boost|p2a: ais mi ciela|spd|1\n|move|p1a: Diancie|Diamond Storm|p2a: ais mi ciela\n|-supereffective|p2a: ais mi ciela\n|-end|p2a: ais mi ciela|Substitute\n|-boost|p1a: Diancie|def|2\n|\n|-heal|p2a: ais mi ciela|94\/100|[from] item: Leftovers\n|upkeep\n|turn|9\n|j| WSoldat\n|\n|t:|1699738848\n|move|p2a: ais mi ciela|Stored Power|p1a: Diancie\n|-damage|p1a: Diancie|25\/100\n|move|p1a: Diancie|Diamond Storm|p2a: ais mi ciela\n|-supereffective|p2a: ais mi ciela\n|-damage|p2a: ais mi ciela|26\/100\n|-boost|p1a: Diancie|def|2\n|\n|-heal|p2a: ais mi ciela|33\/100|[from] item: Leftovers\n|-heal|p1a: Diancie|31\/100|[from] item: Leftovers\n|upkeep\n|turn|10\n|\n|t:|1699738857\n|move|p2a: ais mi ciela|Stored Power|p1a: Diancie\n|-damage|p1a: Diancie|0 fnt\n|faint|p1a: Diancie\n|\n|-heal|p2a: ais mi ciela|39\/100|[from] item: Leftovers\n|upkeep\n|\n|t:|1699738868\n|switch|p1a: Volcarona|Volcarona, M|100\/100\n|turn|11\n|\n|t:|1699738880\n|move|p1a: Volcarona|Bug Buzz|p2a: ais mi ciela\n|-damage|p2a: ais mi ciela|19\/100\n|move|p2a: ais mi ciela|Air Slash|p1a: Volcarona\n|-supereffective|p1a: Volcarona\n|-enditem|p1a: Volcarona|Focus Sash\n|-damage|p1a: Volcarona|1\/100\n|\n|-heal|p2a: ais mi ciela|25\/100|[from] item: Leftovers\n|upkeep\n|turn|12\n|\n|t:|1699738897\n|move|p1a: Volcarona|Fiery Dance|p2a: ais mi ciela\n|-damage|p2a: ais mi ciela|7\/100\n|move|p2a: ais mi ciela|Stored Power|p1a: Volcarona\n|-damage|p1a: Volcarona|0 fnt\n|faint|p1a: Volcarona\n|\n|-heal|p2a: ais mi ciela|14\/100|[from] item: Leftovers\n|upkeep\n|\n|t:|1699738901\n|switch|p1a: Gliscor|Gliscor, M|100\/100\n|turn|13\n|\n|t:|1699738909\n|move|p1a: Gliscor|Facade|p2a: ais mi ciela\n|-damage|p2a: ais mi ciela|0 fnt\n|faint|p2a: ais mi ciela\n|\n|-status|p1a: Gliscor|tox|[from] item: Toxic Orb\n|upkeep\n|\n|t:|1699738915\n|switch|p2a: mega-carry|Latias, F|100\/100\n|turn|14\n|j| AjoFC\n|inactive|Sylveon(404) has 270 seconds left.\n|\n|t:|1699738945\n|detailschange|p2a: mega-carry|Latias-Mega, F\n|-mega|p2a: mega-carry|Latias|Latiasite\n|move|p2a: mega-carry|Ice Beam|p1a: Gliscor\n|-supereffective|p1a: Gliscor\n|-damage|p1a: Gliscor|0 fnt\n|faint|p1a: Gliscor\n|\n|upkeep\n|\n|t:|1699738951\n|switch|p1a: Dusclops|Dusclops, F|100\/100\n|-item|p2a: mega-carry|Latiasite|[from] ability: Frisk|[of] p1a: Dusclops|[identify]\n|turn|15\n|\n|t:|1699738956\n|move|p1a: Dusclops|Shadow Sneak|p2a: mega-carry\n|-supereffective|p2a: mega-carry\n|-damage|p2a: mega-carry|81\/100\n|move|p2a: mega-carry|Calm Mind|p2a: mega-carry\n|-boost|p2a: mega-carry|spa|1\n|-boost|p2a: mega-carry|spd|1\n|\n|upkeep\n|turn|16\n|\n|t:|1699738962\n|move|p2a: mega-carry|Calm Mind|p2a: mega-carry\n|-boost|p2a: mega-carry|spa|1\n|-boost|p2a: mega-carry|spd|1\n|move|p1a: Dusclops|Will-O-Wisp|p2a: mega-carry\n|-status|p2a: mega-carry|brn\n|\n|-damage|p2a: mega-carry|75\/100 brn|[from] brn\n|upkeep\n|turn|17\n|\n|t:|1699738970\n|move|p1a: Dusclops|Shadow Sneak|p2a: mega-carry\n|-supereffective|p2a: mega-carry\n|-damage|p2a: mega-carry|53\/100 brn\n|move|p2a: mega-carry|Calm Mind|p2a: mega-carry\n|-boost|p2a: mega-carry|spa|1\n|-boost|p2a: mega-carry|spd|1\n|\n|-damage|p2a: mega-carry|47\/100 brn|[from] brn\n|upkeep\n|turn|18\n|c| WSoldat|Mega tetass carreando\n|\n|t:|1699738976\n|move|p1a: Dusclops|Shadow Sneak|p2a: mega-carry\n|-supereffective|p2a: mega-carry\n|-damage|p2a: mega-carry|26\/100 brn\n|move|p2a: mega-carry|Recover|p2a: mega-carry\n|-heal|p2a: mega-carry|76\/100 brn\n|\n|-damage|p2a: mega-carry|70\/100 brn|[from] brn\n|upkeep\n|turn|19\n|j| KillerZodiac03\n|\n|t:|1699738992\n|move|p2a: mega-carry|Thunderbolt|p1a: Dusclops\n|-damage|p1a: Dusclops|40\/100\n|move|p1a: Dusclops|Haze|p1a: Dusclops\n|-clearallboost\n|\n|-damage|p2a: mega-carry|64\/100 brn|[from] brn\n|upkeep\n|turn|20\n|\n|t:|1699739000\n|move|p1a: Dusclops|Shadow Sneak|p2a: mega-carry\n|-supereffective|p2a: mega-carry\n|-damage|p2a: mega-carry|44\/100 brn\n|move|p2a: mega-carry|Thunderbolt|p1a: Dusclops\n|-damage|p1a: Dusclops|15\/100\n|\n|-damage|p2a: mega-carry|38\/100 brn|[from] brn\n|upkeep\n|turn|21\n|\n|t:|1699739007\n|move|p1a: Dusclops|Shadow Sneak|p2a: mega-carry\n|-supereffective|p2a: mega-carry\n|-damage|p2a: mega-carry|16\/100 brn\n|move|p2a: mega-carry|Recover|p2a: mega-carry\n|-heal|p2a: mega-carry|66\/100 brn\n|\n|-damage|p2a: mega-carry|60\/100 brn|[from] brn\n|upkeep\n|turn|22\n|\n|t:|1699739015\n|move|p1a: Dusclops|Shadow Sneak|p2a: mega-carry\n|-supereffective|p2a: mega-carry\n|-damage|p2a: mega-carry|41\/100 brn\n|move|p2a: mega-carry|Thunderbolt|p1a: Dusclops\n|-damage|p1a: Dusclops|0 fnt\n|faint|p1a: Dusclops\n|\n|-damage|p2a: mega-carry|35\/100 brn|[from] brn\n|upkeep\n|\n|t:|1699739021\n|switch|p1a: Llaveros|Klefki, F|100\/100\n|-item|p1a: Llaveros|Air Balloon\n|turn|23\n|\n|t:|1699739026\n|move|p1a: Llaveros|Light Screen|p1a: Llaveros\n|-sidestart|p1: Gamer00ooO|move: Light Screen\n|move|p2a: mega-carry|Thunderbolt|p1a: Llaveros\n|-damage|p1a: Llaveros|82\/100\n|-enditem|p1a: Llaveros|Air Balloon\n|\n|-damage|p2a: mega-carry|29\/100 brn|[from] brn\n|upkeep\n|turn|24\n|\n|t:|1699739034\n|move|p1a: Llaveros|Reflect|p1a: Llaveros\n|-sidestart|p1: Gamer00ooO|Reflect\n|move|p2a: mega-carry|Recover|p2a: mega-carry\n|-heal|p2a: mega-carry|80\/100 brn\n|\n|-damage|p2a: mega-carry|74\/100 brn|[from] brn\n|upkeep\n|turn|25\n|\n|t:|1699739045\n|move|p1a: Llaveros|Defog|p2a: mega-carry\n|-unboost|p2a: mega-carry|evasion|1\n|move|p2a: mega-carry|Calm Mind|p2a: mega-carry\n|-boost|p2a: mega-carry|spa|1\n|-boost|p2a: mega-carry|spd|1\n|\n|-damage|p2a: mega-carry|68\/100 brn|[from] brn\n|upkeep\n|turn|26\n|\n|t:|1699739053\n|move|p1a: Llaveros|Defog|p2a: mega-carry\n|-unboost|p2a: mega-carry|evasion|1\n|move|p2a: mega-carry|Thunderbolt|p1a: Llaveros\n|-damage|p1a: Llaveros|54\/100\n|-status|p1a: Llaveros|par\n|\n|-damage|p2a: mega-carry|62\/100 brn|[from] brn\n|upkeep\n|turn|27\n|c|\u2606Gamer00ooO|Ya ganaste\n|\n|t:|1699739066\n|move|p1a: Llaveros|Defog|p2a: mega-carry\n|-unboost|p2a: mega-carry|evasion|1\n|move|p2a: mega-carry|Calm Mind|p2a: mega-carry\n|-boost|p2a: mega-carry|spa|1\n|-boost|p2a: mega-carry|spd|1\n|\n|-damage|p2a: mega-carry|56\/100 brn|[from] brn\n|-sideend|p1: Gamer00ooO|move: Light Screen\n|upkeep\n|turn|28\n|\n|t:|1699739084\n|move|p1a: Llaveros|Light Screen|p1a: Llaveros\n|-sidestart|p1: Gamer00ooO|move: Light Screen\n|move|p2a: mega-carry|Thunderbolt|p1a: Llaveros\n|-damage|p1a: Llaveros|16\/100 par\n|\n|-damage|p2a: mega-carry|50\/100 brn|[from] brn\n|-sideend|p1: Gamer00ooO|Reflect\n|upkeep\n|turn|29\n|l| AjoFC\n|c|\u2606Sylveon(404)|gg ez\n|\n|t:|1699739107\n|move|p1a: Llaveros|Defog|p2a: mega-carry\n|-unboost|p2a: mega-carry|evasion|1\n|move|p2a: mega-carry|Thunderbolt|p1a: Llaveros\n|-damage|p1a: Llaveros|0 fnt\n|faint|p1a: Llaveros\n|\n|win|Sylveon(404)\n|c| WSoldat|Ez ganer\n|c|\u2606Sylveon(404)|bg\n|l|\u2606Sylveon(404)\n","uploadtime":1699739134,"views":5,"p1id":"gamer00ooo","p2id":"sylveon404","formatid":"gen9nationaldex","rating":0,"private":0,"password":""}