{"id":"gen9nationaldex-1989374989","p1":"fengfengzuikeai","p2":"Z4A4Z","format":"[Gen 9] National Dex","log":"|j|\u2606fengfengzuikeai\n|j|\u2606Z4A4Z\n|t:|1699842344\n|gametype|singles\n|player|p1|fengfengzuikeai|170|1804\n|player|p2|Z4A4Z|unknown|1781\n|teamsize|p1|6\n|teamsize|p2|6\n|gen|9\n|tier|[Gen 9] National Dex\n|rated|\n|rule|HP Percentage Mod: HP is shown in percentages\n|rule|Endless Battle Clause: Forcing endless battles is banned\n|rule|OHKO Clause: OHKO moves are banned\n|rule|Evasion Clause: Evasion abilities, items, and moves are banned\n|rule|Evasion Abilities Clause: Evasion abilities are banned\n|rule|Evasion Items Clause: Evasion items are banned\n|rule|Evasion Moves Clause: Evasion moves are banned\n|rule|Species Clause: Limit one of each Pok\u00e9mon\n|rule|Sleep Clause Mod: Limit one foe put to sleep\n|clearpoke\n|poke|p1|Urshifu-*, F|\n|poke|p1|Garchomp, M|\n|poke|p1|Zapdos|\n|poke|p1|Blaziken, M|\n|poke|p1|Rillaboom, M|\n|poke|p1|Slowking, M|\n|poke|p2|Charizard, F|\n|poke|p2|Blastoise, M|\n|poke|p2|Venusaur, F|\n|poke|p2|Dragonite, M|\n|poke|p2|Rhydon, M|\n|poke|p2|Chansey, F|\n|teampreview\n|inactive|Battle timer is ON: inactive players will automatically lose when time's up. (requested by Z4A4Z)\n|j| wnidiedie\n|\n|t:|1699842355\n|start\n|switch|p1a: Slowking|Slowking, M|100\/100\n|switch|p2a: MIKI|Charizard, F, shiny|100\/100\n|turn|1\n|\n|t:|1699842359\n|detailschange|p2a: MIKI|Charizard-Mega-Y, F, shiny\n|-mega|p2a: MIKI|Charizard|Charizardite Y\n|-weather|SunnyDay|[from] ability: Drought|[of] p2a: MIKI\n|move|p2a: MIKI|Will-O-Wisp|p1a: Slowking\n|-status|p1a: Slowking|brn\n|move|p1a: Slowking|Chilly Reception|p1a: Slowking\n|-weather|Snow\n|\n|t:|1699842378\n|switch|p1a: Urshifu|Urshifu-Rapid-Strike, F|100\/100|[from] Chilly Reception\n|\n|-weather|Snow|[upkeep]\n|upkeep\n|turn|2\n|j| KoKohs\n|\n|t:|1699842387\n|switch|p2a: MIS#NGN#|Blastoise, M, shiny|100\/100\n|-terastallize|p1a: Urshifu|Water\n|move|p1a: Urshifu|Surging Strikes|p2a: MIS#NGN#\n|-resisted|p2a: MIS#NGN#\n|-crit|p2a: MIS#NGN#\n|-damage|p2a: MIS#NGN#|91\/100\n|-resisted|p2a: MIS#NGN#\n|-crit|p2a: MIS#NGN#\n|-damage|p2a: MIS#NGN#|82\/100\n|-resisted|p2a: MIS#NGN#\n|-crit|p2a: MIS#NGN#\n|-damage|p2a: MIS#NGN#|73\/100\n|-hitcount|p2a: MIS#NGN#|3\n|\n|-weather|Snow|[upkeep]\n|-heal|p2a: MIS#NGN#|79\/100|[from] item: Leftovers\n|upkeep\n|turn|3\n|\n|t:|1699842400\n|switch|p1a: Slowking|Slowking, M|100\/100 brn\n|move|p2a: MIS#NGN#|Flip Turn|p1a: Slowking\n|-resisted|p1a: Slowking\n|-damage|p1a: Slowking|91\/100 brn\n|\n|t:|1699842406\n|switch|p2a: M#SINGN@|Venusaur, F, shiny|100\/100|[from] Flip Turn\n|\n|-weather|Snow|[upkeep]\n|-damage|p1a: Slowking|85\/100 brn|[from] brn\n|upkeep\n|turn|4\n|\n|t:|1699842414\n|move|p2a: M#SINGN@|Giga Drain|p1a: Slowking\n|-supereffective|p1a: Slowking\n|-damage|p1a: Slowking|56\/100 brn\n|move|p1a: Slowking|Chilly Reception|p1a: Slowking\n|\n|t:|1699842417\n|switch|p1a: Blaziken|Blaziken, M|100\/100|[from] Chilly Reception\n|\n|-weather|Snow|[upkeep]\n|upkeep\n|turn|5\n|\n|t:|1699842424\n|switch|p2a: Grou#on|Rhydon, M, shiny|100\/100\n|move|p1a: Blaziken|Flare Blitz|p2a: Grou#on\n|-resisted|p2a: Grou#on\n|-damage|p2a: Grou#on|88\/100\n|-status|p2a: Grou#on|brn\n|-damage|p1a: Blaziken|95\/100|[from] Recoil\n|\n|-weather|none\n|-damage|p2a: Grou#on|82\/100 brn|[from] brn\n|-ability|p1a: Blaziken|Speed Boost|boost\n|-boost|p1a: Blaziken|spe|1\n|upkeep\n|turn|6\n|\n|t:|1699842434\n|switch|p1a: Garchomp|Garchomp, M|100\/100\n|move|p2a: Grou#on|Stealth Rock|p1a: Garchomp\n|-sidestart|p1: fengfengzuikeai|move: Stealth Rock\n|\n|-damage|p2a: Grou#on|76\/100 brn|[from] brn\n|upkeep\n|turn|7\n|\n|t:|1699842452\n|detailschange|p1a: Garchomp|Garchomp-Mega, M\n|-mega|p1a: Garchomp|Garchomp|Garchompite\n|move|p1a: Garchomp|Stealth Rock|p2a: Grou#on\n|-sidestart|p2: Z4A4Z|move: Stealth Rock\n|move|p2a: Grou#on|Dragon Tail|p1a: Garchomp\n|-supereffective|p1a: Garchomp\n|-damage|p1a: Garchomp|90\/100\n|drag|p1a: Urshifu|Urshifu-Rapid-Strike, F, tera:Water|100\/100\n|-damage|p1a: Urshifu|88\/100|[from] Stealth Rock\n|\n|-damage|p2a: Grou#on|70\/100 brn|[from] brn\n|upkeep\n|turn|8\n|\n|t:|1699842462\n|-terastallize|p2a: Grou#on|Water\n|move|p1a: Urshifu|U-turn|p2a: Grou#on\n|-damage|p2a: Grou#on|62\/100 brn\n|\n|t:|1699842467\n|switch|p1a: Zapdos|Zapdos|100\/100|[from] U-turn\n|move|p2a: Grou#on|Earthquake|p1a: Zapdos\n|-immune|p1a: Zapdos\n|\n|-damage|p2a: Grou#on|56\/100 brn|[from] brn\n|upkeep\n|turn|9\n|\n|t:|1699842470\n|switch|p2a: Gira#tina|Chansey, F, shiny|100\/100\n|-damage|p2a: Gira#tina|88\/100|[from] Stealth Rock\n|move|p1a: Zapdos|Volt Switch|p2a: Gira#tina\n|-damage|p2a: Gira#tina|76\/100\n|\n|t:|1699842474\n|switch|p1a: Blaziken|Blaziken, M|95\/100|[from] Volt Switch\n|-damage|p1a: Blaziken|83\/100|[from] Stealth Rock\n|\n|upkeep\n|turn|10\n|\n|t:|1699842481\n|move|p1a: Blaziken|Close Combat|p2a: Gira#tina\n|-supereffective|p2a: Gira#tina\n|-damage|p2a: Gira#tina|0 fnt\n|-unboost|p1a: Blaziken|def|1\n|-unboost|p1a: Blaziken|spd|1\n|faint|p2a: Gira#tina\n|\n|-ability|p1a: Blaziken|Speed Boost|boost\n|-boost|p1a: Blaziken|spe|1\n|upkeep\n|\n|t:|1699842483\n|switch|p2a: MIS#NGN#|Blastoise, M, shiny|79\/100\n|-damage|p2a: MIS#NGN#|67\/100|[from] Stealth Rock\n|turn|11\n|\n|t:|1699842487\n|switch|p1a: Slowking|Slowking, M|89\/100 brn\n|move|p2a: MIS#NGN#|Rapid Spin|p1a: Slowking\n|-damage|p1a: Slowking|79\/100 brn\n|-boost|p2a: MIS#NGN#|spe|1\n|-sideend|p2: Z4A4Z|Stealth Rock|[from] move: Rapid Spin|[of] p2a: MIS#NGN#\n|\n|-heal|p2a: MIS#NGN#|73\/100|[from] item: Leftovers\n|-damage|p1a: Slowking|73\/100 brn|[from] brn\n|upkeep\n|turn|12\n|\n|t:|1699842494\n|move|p2a: MIS#NGN#|Flip Turn|p1a: Slowking\n|-resisted|p1a: Slowking\n|-damage|p1a: Slowking|64\/100 brn\n|\n|t:|1699842496\n|switch|p2a: Essence of Kanto|Dragonite, M|100\/100|[from] Flip Turn\n|move|p1a: Slowking|Chilly Reception|p1a: Slowking\n|-weather|Snow\n|\n|t:|1699842503\n|switch|p1a: Zapdos|Zapdos|100\/100|[from] Chilly Reception\n|\n|-weather|Snow|[upkeep]\n|upkeep\n|turn|13\n|\n|t:|1699842506\n|switch|p2a: M#SINGN@|Venusaur, F, shiny|100\/100\n|move|p1a: Zapdos|Toxic|p2a: M#SINGN@\n|-immune|p2a: M#SINGN@\n|\n|-weather|Snow|[upkeep]\n|upkeep\n|turn|14\n|\n|t:|1699842509\n|move|p1a: Zapdos|Volt Switch|p2a: M#SINGN@\n|-resisted|p2a: M#SINGN@\n|-damage|p2a: M#SINGN@|88\/100\n|\n|t:|1699842516\n|switch|p1a: Blaziken|Blaziken, M|83\/100|[from] Volt Switch\n|-damage|p1a: Blaziken|70\/100|[from] Stealth Rock\n|move|p2a: M#SINGN@|Toxic|p1a: Blaziken\n|-status|p1a: Blaziken|tox\n|\n|-weather|Snow|[upkeep]\n|-heal|p2a: M#SINGN@|94\/100|[from] item: Leftovers\n|-damage|p1a: Blaziken|64\/100 tox|[from] psn\n|upkeep\n|turn|15\n|\n|t:|1699842530\n|switch|p1a: Zapdos|Zapdos|100\/100\n|switch|p2a: Grou#on|Rhydon, M, shiny, tera:Water|56\/100 brn\n|\n|-weather|Snow|[upkeep]\n|-damage|p2a: Grou#on|50\/100 brn|[from] brn\n|upkeep\n|turn|16\n|\n|t:|1699842537\n|move|p1a: Zapdos|Volt Switch|p2a: Grou#on\n|-ability|p2a: Grou#on|Lightning Rod|boost\n|-boost|p2a: Grou#on|spa|1\n|move|p2a: Grou#on|Dragon Tail|p1a: Zapdos\n|-damage|p1a: Zapdos|92\/100\n|drag|p1a: Urshifu|Urshifu-Rapid-Strike, F, tera:Water|88\/100\n|-damage|p1a: Urshifu|76\/100|[from] Stealth Rock\n|\n|-weather|none\n|-damage|p2a: Grou#on|44\/100 brn|[from] brn\n|upkeep\n|turn|17\n|\n|t:|1699842543\n|move|p1a: Urshifu|U-turn|p2a: Grou#on\n|-damage|p2a: Grou#on|36\/100 brn\n|\n|t:|1699842547\n|switch|p1a: Rillaboom|Rillaboom, M|100\/100|[from] U-turn\n|-damage|p1a: Rillaboom|88\/100|[from] Stealth Rock\n|-fieldstart|move: Grassy Terrain|[from] ability: Grassy Surge|[of] p1a: Rillaboom\n|move|p2a: Grou#on|Dragon Tail|p1a: Rillaboom\n|-damage|p1a: Rillaboom|81\/100\n|drag|p1a: Garchomp|Garchomp-Mega, M|90\/100\n|-damage|p1a: Garchomp|84\/100|[from] Stealth Rock\n|\n|-heal|p1a: Garchomp|90\/100|[from] Grassy Terrain\n|-heal|p2a: Grou#on|42\/100 brn|[from] Grassy Terrain\n|-damage|p2a: Grou#on|36\/100 brn|[from] brn\n|upkeep\n|turn|18\n|\n|t:|1699842558\n|switch|p2a: MIKI|Charizard-Mega-Y, F, shiny|100\/100\n|-weather|SunnyDay|[from] ability: Drought|[of] p2a: MIKI\n|move|p1a: Garchomp|Stealth Rock|p2a: MIKI\n|-sidestart|p2: Z4A4Z|move: Stealth Rock\n|\n|-weather|SunnyDay|[upkeep]\n|-heal|p1a: Garchomp|97\/100|[from] Grassy Terrain\n|upkeep\n|turn|19\n|\n|t:|1699842564\n|move|p2a: MIKI|Defog|p1a: Garchomp\n|-unboost|p1a: Garchomp|evasion|1\n|-sideend|p1: fengfengzuikeai|Stealth Rock|[from] move: Defog|[of] p2a: MIKI\n|-sideend|p2: Z4A4Z|Stealth Rock|[from] move: Defog|[of] p2a: MIKI\n|-fieldend|move: Grassy Terrain\n|move|p1a: Garchomp|Draco Meteor|p2a: MIKI\n|-damage|p2a: MIKI|51\/100\n|-unboost|p1a: Garchomp|spa|2\n|\n|-weather|SunnyDay|[upkeep]\n|upkeep\n|turn|20\n|\n|t:|1699842572\n|switch|p1a: Slowking|Slowking, M|97\/100 brn\n|move|p2a: MIKI|Will-O-Wisp|p1a: Slowking|[miss]\n|-miss|p2a: MIKI|p1a: Slowking\n|\n|-weather|SunnyDay|[upkeep]\n|-damage|p1a: Slowking|91\/100 brn|[from] brn\n|upkeep\n|turn|21\n|\n|t:|1699842579\n|move|p2a: MIKI|Roost|p2a: MIKI\n|-heal|p2a: MIKI|100\/100\n|-singleturn|p2a: MIKI|move: Roost\n|move|p1a: Slowking|Chilly Reception|p1a: Slowking\n|-weather|Snow\n|\n|t:|1699842587\n|switch|p1a: Urshifu|Urshifu-Rapid-Strike, F, tera:Water|76\/100|[from] Chilly Reception\n|\n|-weather|Snow|[upkeep]\n|upkeep\n|turn|22\n|\n|t:|1699842598\n|switch|p2a: Grou#on|Rhydon, M, shiny, tera:Water|36\/100 brn\n|move|p1a: Urshifu|Ice Spinner|p2a: Grou#on\n|-resisted|p2a: Grou#on\n|-damage|p2a: Grou#on|30\/100 brn\n|\n|-weather|Snow|[upkeep]\n|-damage|p2a: Grou#on|24\/100 brn|[from] brn\n|upkeep\n|turn|23\n|\n|t:|1699842603\n|switch|p1a: Garchomp|Garchomp-Mega, M|97\/100\n|move|p2a: Grou#on|Stealth Rock|p1a: Garchomp\n|-sidestart|p1: fengfengzuikeai|move: Stealth Rock\n|\n|-weather|Snow|[upkeep]\n|-damage|p2a: Grou#on|18\/100 brn|[from] brn\n|upkeep\n|turn|24\n|\n|t:|1699842608\n|switch|p2a: M#SINGN@|Venusaur, F, shiny|94\/100\n|move|p1a: Garchomp|Stealth Rock|p2a: M#SINGN@\n|-sidestart|p2: Z4A4Z|move: Stealth Rock\n|\n|-weather|Snow|[upkeep]\n|-heal|p2a: M#SINGN@|100\/100|[from] item: Leftovers\n|upkeep\n|turn|25\n|\n|t:|1699842616\n|move|p1a: Garchomp|Fire Blast|p2a: M#SINGN@\n|-supereffective|p2a: M#SINGN@\n|-crit|p2a: M#SINGN@\n|-damage|p2a: M#SINGN@|37\/100\n|-status|p2a: M#SINGN@|brn\n|move|p2a: M#SINGN@|Leech Seed|p1a: Garchomp\n|-start|p1a: Garchomp|move: Leech Seed\n|\n|-weather|none\n|-heal|p2a: M#SINGN@|43\/100 brn|[from] item: Leftovers\n|-damage|p1a: Garchomp|84\/100|[from] Leech Seed|[of] p2a: M#SINGN@\n|-heal|p2a: M#SINGN@|57\/100 brn|[silent]\n|-damage|p2a: M#SINGN@|50\/100 brn|[from] brn\n|upkeep\n|turn|26\n|\n|t:|1699842630\n|move|p1a: Garchomp|Draco Meteor|p2a: M#SINGN@\n|-damage|p2a: M#SINGN@|10\/100 brn\n|-unboost|p1a: Garchomp|spa|2\n|move|p2a: M#SINGN@|Giga Drain|p1a: Garchomp\n|-damage|p1a: Garchomp|59\/100\n|-heal|p2a: M#SINGN@|23\/100 brn|[from] drain|[of] p1a: Garchomp\n|\n|-heal|p2a: M#SINGN@|29\/100 brn|[from] item: Leftovers\n|-damage|p1a: Garchomp|47\/100|[from] Leech Seed|[of] p2a: M#SINGN@\n|-heal|p2a: M#SINGN@|43\/100 brn|[silent]\n|-damage|p2a: M#SINGN@|36\/100 brn|[from] brn\n|upkeep\n|turn|27\n|\n|t:|1699842636\n|switch|p1a: Zapdos|Zapdos|92\/100\n|move|p2a: M#SINGN@|Giga Drain|p1a: Zapdos\n|-resisted|p1a: Zapdos\n|-damage|p1a: Zapdos|80\/100\n|-heal|p2a: M#SINGN@|43\/100 brn|[from] drain|[of] p1a: Zapdos\n|\n|-heal|p2a: M#SINGN@|49\/100 brn|[from] item: Leftovers\n|-damage|p2a: M#SINGN@|43\/100 brn|[from] brn\n|upkeep\n|turn|28\n|l| wnidiedie\n|\n|t:|1699842640\n|move|p1a: Zapdos|Volt Switch|p2a: M#SINGN@\n|-resisted|p2a: M#SINGN@\n|-damage|p2a: M#SINGN@|29\/100 brn\n|\n|t:|1699842643\n|switch|p1a: Garchomp|Garchomp-Mega, M|47\/100|[from] Volt Switch\n|-damage|p1a: Garchomp|41\/100|[from] Stealth Rock\n|move|p2a: M#SINGN@|Leech Seed|p1a: Garchomp\n|-start|p1a: Garchomp|move: Leech Seed\n|\n|-heal|p2a: M#SINGN@|35\/100 brn|[from] item: Leftovers\n|-damage|p1a: Garchomp|28\/100|[from] Leech Seed|[of] p2a: M#SINGN@\n|-heal|p2a: M#SINGN@|48\/100 brn|[silent]\n|-damage|p2a: M#SINGN@|42\/100 brn|[from] brn\n|upkeep\n|turn|29\n|\n|t:|1699842651\n|switch|p2a: Grou#on|Rhydon, M, shiny, tera:Water|18\/100 brn\n|-damage|p2a: Grou#on|6\/100 brn|[from] Stealth Rock\n|move|p1a: Garchomp|Fire Blast|p2a: Grou#on\n|-resisted|p2a: Grou#on\n|-damage|p2a: Grou#on|0 fnt\n|faint|p2a: Grou#on\n|\n|upkeep\n|j| kingambit player\n|\n|t:|1699842654\n|switch|p2a: MIS#NGN#|Blastoise, M, shiny|73\/100\n|-damage|p2a: MIS#NGN#|60\/100|[from] Stealth Rock\n|turn|30\n|\n|t:|1699842663\n|move|p2a: MIS#NGN#|Protect|p2a: MIS#NGN#\n|-singleturn|p2a: MIS#NGN#|Protect\n|move|p1a: Garchomp|Draco Meteor|p2a: MIS#NGN#\n|-activate|p2a: MIS#NGN#|move: Protect\n|\n|-heal|p2a: MIS#NGN#|66\/100|[from] item: Leftovers\n|-damage|p1a: Garchomp|16\/100|[from] Leech Seed|[of] p2a: MIS#NGN#\n|-heal|p2a: MIS#NGN#|80\/100|[silent]\n|upkeep\n|turn|31\n|\n|t:|1699842666\n|move|p1a: Garchomp|Draco Meteor|p2a: MIS#NGN#\n|-damage|p2a: MIS#NGN#|25\/100\n|-unboost|p1a: Garchomp|spa|2\n|move|p2a: MIS#NGN#|Rapid Spin|p1a: Garchomp\n|-damage|p1a: Garchomp|10\/100\n|-boost|p2a: MIS#NGN#|spe|1\n|-sideend|p2: Z4A4Z|Stealth Rock|[from] move: Rapid Spin|[of] p2a: MIS#NGN#\n|\n|-heal|p2a: MIS#NGN#|31\/100|[from] item: Leftovers\n|-damage|p1a: Garchomp|0 fnt|[from] Leech Seed|[of] p2a: MIS#NGN#\n|-heal|p2a: MIS#NGN#|41\/100|[silent]\n|faint|p1a: Garchomp\n|upkeep\n|j| YJLF2\n|\n|t:|1699842676\n|switch|p1a: Zapdos|Zapdos|80\/100\n|turn|32\n|l| kingambit player\n|\n|t:|1699842680\n|switch|p2a: M#SINGN@|Venusaur, F, shiny|42\/100 brn\n|move|p1a: Zapdos|Volt Switch|p2a: M#SINGN@\n|-resisted|p2a: M#SINGN@\n|-damage|p2a: M#SINGN@|30\/100 brn\n|\n|t:|1699842694\n|switch|p1a: Urshifu|Urshifu-Rapid-Strike, F, tera:Water|76\/100|[from] Volt Switch\n|-damage|p1a: Urshifu|64\/100|[from] Stealth Rock\n|\n|-heal|p2a: M#SINGN@|36\/100 brn|[from] item: Leftovers\n|-damage|p2a: M#SINGN@|30\/100 brn|[from] brn\n|upkeep\n|turn|33\n|\n|t:|1699842701\n|switch|p2a: MIS#NGN#|Blastoise, M, shiny|41\/100\n|move|p1a: Urshifu|Ice Spinner|p2a: MIS#NGN#\n|-resisted|p2a: MIS#NGN#\n|-damage|p2a: MIS#NGN#|31\/100\n|\n|-heal|p2a: MIS#NGN#|37\/100|[from] item: Leftovers\n|upkeep\n|turn|34\n|\n|t:|1699842706\n|switch|p1a: Zapdos|Zapdos|80\/100\n|move|p2a: MIS#NGN#|Flip Turn|p1a: Zapdos\n|-damage|p1a: Zapdos|63\/100\n|\n|t:|1699842708\n|switch|p2a: MIKI|Charizard-Mega-Y, F, shiny|100\/100|[from] Flip Turn\n|-weather|SunnyDay|[from] ability: Drought|[of] p2a: MIKI\n|\n|-weather|SunnyDay|[upkeep]\n|upkeep\n|turn|35\n|j| kun_power_\u9e21\u54e5\n|j| TAFALANDOCOMIGO?\n|\n|t:|1699842712\n|switch|p1a: Slowking|Slowking, M|100\/100 brn\n|move|p2a: MIKI|Overheat|p1a: Slowking\n|-resisted|p1a: Slowking\n|-damage|p1a: Slowking|69\/100 brn\n|-unboost|p2a: MIKI|spa|2\n|\n|-weather|SunnyDay|[upkeep]\n|-damage|p1a: Slowking|62\/100 brn|[from] brn\n|upkeep\n|turn|36\n|\n|t:|1699842716\n|switch|p2a: Essence of Kanto|Dragonite, M|100\/100\n|move|p1a: Slowking|Chilly Reception|p1a: Slowking\n|-weather|Snow\n|\n|t:|1699842721\n|switch|p1a: Zapdos|Zapdos|63\/100|[from] Chilly Reception\n|\n|-weather|Snow|[upkeep]\n|upkeep\n|turn|37\n|\n|t:|1699842729\n|move|p1a: Zapdos|Defog|p2a: Essence of Kanto\n|-unboost|p2a: Essence of Kanto|evasion|1\n|-sideend|p1: fengfengzuikeai|Stealth Rock|[from] move: Defog|[of] p1a: Zapdos\n|move|p2a: Essence of Kanto|Outrage|p1a: Zapdos\n|-damage|p1a: Zapdos|0 fnt\n|-status|p2a: Essence of Kanto|par|[from] ability: Static|[of] p1a: Zapdos\n|faint|p1a: Zapdos\n|\n|-weather|Snow|[upkeep]\n|upkeep\n|\n|t:|1699842737\n|switch|p1a: Urshifu|Urshifu-Rapid-Strike, F, tera:Water|64\/100\n|turn|38\n|\n|t:|1699842744\n|move|p1a: Urshifu|U-turn|p2a: Essence of Kanto\n|-resisted|p2a: Essence of Kanto\n|-damage|p2a: Essence of Kanto|95\/100 par\n|\n|t:|1699842754\n|switch|p1a: Rillaboom|Rillaboom, M|81\/100|[from] U-turn\n|-fieldstart|move: Grassy Terrain|[from] ability: Grassy Surge|[of] p1a: Rillaboom\n|cant|p2a: Essence of Kanto|par\n|\n|-weather|Snow|[upkeep]\n|-heal|p1a: Rillaboom|87\/100|[from] Grassy Terrain\n|-heal|p1a: Rillaboom|93\/100|[from] item: Leftovers\n|-start|p2a: Essence of Kanto|confusion|[fatigue]\n|upkeep\n|turn|39\n|\n|t:|1699842761\n|move|p1a: Rillaboom|Knock Off|p2a: Essence of Kanto\n|-damage|p2a: Essence of Kanto|63\/100 par\n|-enditem|p2a: Essence of Kanto|Choice Band|[from] move: Knock Off|[of] p1a: Rillaboom\n|-activate|p2a: Essence of Kanto|confusion\n|move|p2a: Essence of Kanto|Outrage|p1a: Rillaboom\n|-damage|p1a: Rillaboom|30\/100\n|\n|-weather|Snow|[upkeep]\n|-heal|p1a: Rillaboom|36\/100|[from] Grassy Terrain\n|-heal|p1a: Rillaboom|42\/100|[from] item: Leftovers\n|upkeep\n|turn|40\n|\n|t:|1699842782\n|move|p1a: Rillaboom|Knock Off|p2a: Essence of Kanto\n|-damage|p2a: Essence of Kanto|41\/100 par\n|-activate|p2a: Essence of Kanto|confusion\n|-damage|p2a: Essence of Kanto|27\/100 par|[from] confusion\n|\n|-weather|none\n|-heal|p1a: Rillaboom|48\/100|[from] Grassy Terrain\n|-heal|p1a: Rillaboom|54\/100|[from] item: Leftovers\n|upkeep\n|turn|41\n|\n|t:|1699842788\n|move|p1a: Rillaboom|Knock Off|p2a: Essence of Kanto\n|-damage|p2a: Essence of Kanto|5\/100 par\n|-activate|p2a: Essence of Kanto|confusion\n|-damage|p2a: Essence of Kanto|0 fnt|[from] confusion\n|faint|p2a: Essence of Kanto\n|\n|-heal|p1a: Rillaboom|61\/100|[from] Grassy Terrain\n|-heal|p1a: Rillaboom|67\/100|[from] item: Leftovers\n|upkeep\n|\n|t:|1699842792\n|switch|p2a: MIKI|Charizard-Mega-Y, F, shiny|100\/100\n|-weather|SunnyDay|[from] ability: Drought|[of] p2a: MIKI\n|turn|42\n|\n|t:|1699842800\n|switch|p2a: M#SINGN@|Venusaur, F, shiny|30\/100 brn\n|move|p1a: Rillaboom|U-turn|p2a: M#SINGN@\n|-damage|p2a: M#SINGN@|2\/100 brn\n|\n|t:|1699842806\n|switch|p1a: Blaziken|Blaziken, M|64\/100 tox|[from] U-turn\n|\n|-weather|SunnyDay|[upkeep]\n|-heal|p2a: M#SINGN@|8\/100 brn|[from] Grassy Terrain\n|-heal|p2a: M#SINGN@|15\/100 brn|[from] item: Leftovers\n|-heal|p1a: Blaziken|70\/100 tox|[from] Grassy Terrain\n|-damage|p1a: Blaziken|64\/100 tox|[from] psn\n|-damage|p2a: M#SINGN@|8\/100 brn|[from] brn\n|-fieldend|move: Grassy Terrain\n|upkeep\n|turn|43\n|\n|t:|1699842811\n|move|p2a: M#SINGN@|Sludge Bomb|p1a: Blaziken\n|-damage|p1a: Blaziken|21\/100 tox\n|move|p1a: Blaziken|Flare Blitz|p2a: M#SINGN@\n|-supereffective|p2a: M#SINGN@\n|-damage|p2a: M#SINGN@|0 fnt\n|faint|p2a: M#SINGN@\n|-damage|p1a: Blaziken|17\/100 tox|[from] Recoil\n|\n|-weather|SunnyDay|[upkeep]\n|-damage|p1a: Blaziken|5\/100 tox|[from] psn\n|-ability|p1a: Blaziken|Speed Boost|boost\n|-boost|p1a: Blaziken|spe|1\n|upkeep\n|\n|t:|1699842817\n|switch|p2a: MIKI|Charizard-Mega-Y, F, shiny|100\/100\n|turn|44\n|\n|t:|1699842820\n|-zpower|p1a: Blaziken\n|move|p1a: Blaziken|Inferno Overdrive|p2a: MIKI|[zeffect]\n|-resisted|p2a: MIKI\n|-damage|p2a: MIKI|36\/100\n|move|p2a: MIKI|Roost|p2a: MIKI\n|-heal|p2a: MIKI|86\/100\n|-singleturn|p2a: MIKI|move: Roost\n|\n|-weather|SunnyDay|[upkeep]\n|-damage|p1a: Blaziken|0 fnt|[from] psn\n|faint|p1a: Blaziken\n|upkeep\n|\n|t:|1699842826\n|switch|p1a: Slowking|Slowking, M|96\/100 brn\n|turn|45\n|\n|t:|1699842831\n|switch|p2a: MIS#NGN#|Blastoise, M, shiny|37\/100\n|move|p1a: Slowking|Chilly Reception|p1a: Slowking\n|-weather|Snow\n|\n|t:|1699842835\n|switch|p1a: Rillaboom|Rillaboom, M|67\/100|[from] Chilly Reception\n|-fieldstart|move: Grassy Terrain|[from] ability: Grassy Surge|[of] p1a: Rillaboom\n|\n|-weather|Snow|[upkeep]\n|-heal|p1a: Rillaboom|73\/100|[from] Grassy Terrain\n|-heal|p1a: Rillaboom|79\/100|[from] item: Leftovers\n|-heal|p2a: MIS#NGN#|43\/100|[from] Grassy Terrain\n|-heal|p2a: MIS#NGN#|49\/100|[from] item: Leftovers\n|upkeep\n|turn|46\n|\n|t:|1699842839\n|move|p2a: MIS#NGN#|Protect|p2a: MIS#NGN#\n|-singleturn|p2a: MIS#NGN#|Protect\n|move|p1a: Rillaboom|U-turn|p2a: MIS#NGN#\n|-activate|p2a: MIS#NGN#|move: Protect\n|\n|-weather|Snow|[upkeep]\n|-heal|p1a: Rillaboom|85\/100|[from] Grassy Terrain\n|-heal|p1a: Rillaboom|92\/100|[from] item: Leftovers\n|-heal|p2a: MIS#NGN#|55\/100|[from] Grassy Terrain\n|-heal|p2a: MIS#NGN#|61\/100|[from] item: Leftovers\n|upkeep\n|turn|47\n|\n|t:|1699842846\n|switch|p2a: MIKI|Charizard-Mega-Y, F, shiny|86\/100\n|-weather|SunnyDay|[from] ability: Drought|[of] p2a: MIKI\n|move|p1a: Rillaboom|Wood Hammer|p2a: MIKI\n|-resisted|p2a: MIKI\n|-damage|p2a: MIKI|70\/100\n|-damage|p1a: Rillaboom|87\/100|[from] Recoil\n|\n|-weather|SunnyDay|[upkeep]\n|-heal|p1a: Rillaboom|93\/100|[from] Grassy Terrain\n|-heal|p1a: Rillaboom|99\/100|[from] item: Leftovers\n|upkeep\n|turn|48\n|\n|t:|1699842853\n|switch|p2a: MIS#NGN#|Blastoise, M, shiny|61\/100\n|switch|p1a: Slowking|Slowking, M|100\/100 brn\n|\n|-weather|SunnyDay|[upkeep]\n|-heal|p2a: MIS#NGN#|67\/100|[from] Grassy Terrain\n|-heal|p2a: MIS#NGN#|73\/100|[from] item: Leftovers\n|-damage|p1a: Slowking|94\/100 brn|[from] brn\n|upkeep\n|turn|49\n|\n|t:|1699842857\n|move|p2a: MIS#NGN#|Protect|p2a: MIS#NGN#\n|-singleturn|p2a: MIS#NGN#|Protect\n|move|p1a: Slowking|Toxic|p2a: MIS#NGN#\n|-activate|p2a: MIS#NGN#|move: Protect\n|\n|-weather|SunnyDay|[upkeep]\n|-heal|p2a: MIS#NGN#|79\/100|[from] Grassy Terrain\n|-heal|p2a: MIS#NGN#|85\/100|[from] item: Leftovers\n|-heal|p1a: Slowking|100\/100 brn|[from] Grassy Terrain\n|-damage|p1a: Slowking|94\/100 brn|[from] brn\n|-fieldend|move: Grassy Terrain\n|upkeep\n|turn|50\n|\n|t:|1699842862\n|move|p2a: MIS#NGN#|Flip Turn|p1a: Slowking\n|-resisted|p1a: Slowking\n|-damage|p1a: Slowking|90\/100 brn\n|\n|t:|1699842864\n|switch|p2a: MIKI|Charizard-Mega-Y, F, shiny|70\/100|[from] Flip Turn\n|move|p1a: Slowking|Toxic|p2a: MIKI\n|-status|p2a: MIKI|tox\n|\n|-weather|SunnyDay|[upkeep]\n|-damage|p2a: MIKI|64\/100 tox|[from] psn\n|-damage|p1a: Slowking|84\/100 brn|[from] brn\n|upkeep\n|turn|51\n|\n|t:|1699842872\n|move|p2a: MIKI|Roost|p2a: MIKI\n|-heal|p2a: MIKI|100\/100 tox\n|-singleturn|p2a: MIKI|move: Roost\n|move|p1a: Slowking|Future Sight|p2a: MIKI\n|-start|p1a: Slowking|move: Future Sight\n|\n|-weather|none\n|-damage|p2a: MIKI|88\/100 tox|[from] psn\n|-damage|p1a: Slowking|78\/100 brn|[from] brn\n|upkeep\n|turn|52\n|\n|t:|1699842878\n|switch|p2a: MIS#NGN#|Blastoise, M, shiny|85\/100\n|move|p1a: Slowking|Toxic|p2a: MIS#NGN#\n|-status|p2a: MIS#NGN#|tox\n|\n|-heal|p2a: MIS#NGN#|91\/100 tox|[from] item: Leftovers\n|-damage|p2a: MIS#NGN#|85\/100 tox|[from] psn\n|-damage|p1a: Slowking|72\/100 brn|[from] brn\n|upkeep\n|turn|53\n|\n|t:|1699842882\n|move|p2a: MIS#NGN#|Flip Turn|p1a: Slowking\n|-resisted|p1a: Slowking\n|-damage|p1a: Slowking|62\/100 brn\n|\n|t:|1699842884\n|switch|p2a: MIKI|Charizard-Mega-Y, F, shiny|88\/100 tox|[from] Flip Turn\n|-weather|SunnyDay|[from] ability: Drought|[of] p2a: MIKI\n|move|p1a: Slowking|Future Sight||[still]\n|-fail|p1a: Slowking\n|\n|-weather|SunnyDay|[upkeep]\n|-end|p2a: MIKI|move: Future Sight\n|-damage|p2a: MIKI|54\/100 tox\n|-damage|p2a: MIKI|48\/100 tox|[from] psn\n|-damage|p1a: Slowking|56\/100 brn|[from] brn\n|upkeep\n|turn|54\n|j| kingambit player\n|\n|t:|1699842892\n|move|p2a: MIKI|Overheat|p1a: Slowking\n|-resisted|p1a: Slowking\n|-damage|p1a: Slowking|29\/100 brn\n|-unboost|p2a: MIKI|spa|2\n|move|p1a: Slowking|Chilly Reception|p1a: Slowking\n|-weather|Snow\n|l| kingambit player\n|\n|t:|1699842898\n|switch|p1a: Urshifu|Urshifu-Rapid-Strike, F, tera:Water|64\/100|[from] Chilly Reception\n|\n|-weather|Snow|[upkeep]\n|-damage|p2a: MIKI|35\/100 tox|[from] psn\n|upkeep\n|turn|55\n|\n|t:|1699842902\n|move|p1a: Urshifu|Close Combat|p2a: MIKI\n|-resisted|p2a: MIKI\n|-damage|p2a: MIKI|10\/100 tox\n|-unboost|p1a: Urshifu|def|1\n|-unboost|p1a: Urshifu|spd|1\n|move|p2a: MIKI|Will-O-Wisp|p1a: Urshifu\n|-status|p1a: Urshifu|brn\n|\n|-weather|Snow|[upkeep]\n|-damage|p2a: MIKI|0 fnt|[from] psn\n|faint|p2a: MIKI\n|-damage|p1a: Urshifu|58\/100 brn|[from] brn\n|upkeep\n|\n|t:|1699842905\n|switch|p2a: MIS#NGN#|Blastoise, M, shiny|85\/100 tox\n|turn|56\n|\n|t:|1699842907\n|switch|p1a: Slowking|Slowking, M|63\/100 brn\n|move|p2a: MIS#NGN#|Rapid Spin|p1a: Slowking\n|-damage|p1a: Slowking|53\/100 brn\n|-boost|p2a: MIS#NGN#|spe|1\n|\n|-weather|Snow|[upkeep]\n|-heal|p2a: MIS#NGN#|91\/100 tox|[from] item: Leftovers\n|-damage|p2a: MIS#NGN#|85\/100 tox|[from] psn\n|-damage|p1a: Slowking|46\/100 brn|[from] brn\n|upkeep\n|turn|57\n|\n|t:|1699842912\n|move|p2a: MIS#NGN#|Rapid Spin|p1a: Slowking\n|-damage|p1a: Slowking|36\/100 brn\n|-boost|p2a: MIS#NGN#|spe|1\n|move|p1a: Slowking|Chilly Reception|p1a: Slowking\n|\n|t:|1699842920\n|switch|p1a: Rillaboom|Rillaboom, M|99\/100|[from] Chilly Reception\n|-fieldstart|move: Grassy Terrain|[from] ability: Grassy Surge|[of] p1a: Rillaboom\n|\n|-weather|Snow|[upkeep]\n|-heal|p2a: MIS#NGN#|91\/100 tox|[from] Grassy Terrain\n|-heal|p2a: MIS#NGN#|97\/100 tox|[from] item: Leftovers\n|-heal|p1a: Rillaboom|100\/100|[from] Grassy Terrain\n|-damage|p2a: MIS#NGN#|85\/100 tox|[from] psn\n|upkeep\n|turn|58\n|\n|t:|1699842922\n|move|p1a: Rillaboom|Wood Hammer|p2a: MIS#NGN#\n|-supereffective|p2a: MIS#NGN#\n|-damage|p2a: MIS#NGN#|0 fnt\n|faint|p2a: MIS#NGN#\n|-damage|p1a: Rillaboom|75\/100|[from] Recoil\n|\n|win|fengfengzuikeai\n|raw|fengfengzuikeai's rating: 1804 &rarr; <strong>1823<\/strong><br \/>(+19 for winning)\n|raw|Z4A4Z's rating: 1781 &rarr; <strong>1762<\/strong><br \/>(-19 for losing)\n|c|\u2606Z4A4Z|Gg\n|c|\u2606fengfengzuikeai|gg\n|l| YJLF2\n","uploadtime":1699842937,"views":14,"p1id":"fengfengzuikeai","p2id":"z4a4z","formatid":"gen9nationaldex","rating":1762,"private":0,"password":""}