{"id":"gen9nationaldex-1990684375","p1":"CattMagle","p2":"testing a funni3","format":"[Gen 9] National Dex","log":"|j|\u2606CattMagle\n|j|\u2606testing a funni3\n|t:|1699991561\n|gametype|singles\n|player|p1|CattMagle|alder|1266\n|player|p2|testing a funni3|unknownf|1378\n|teamsize|p1|6\n|teamsize|p2|6\n|gen|9\n|tier|[Gen 9] National Dex\n|rated|\n|rule|HP Percentage Mod: HP is shown in percentages\n|rule|Endless Battle Clause: Forcing endless battles is banned\n|rule|OHKO Clause: OHKO moves are banned\n|rule|Evasion Clause: Evasion abilities, items, and moves are banned\n|rule|Evasion Abilities Clause: Evasion abilities are banned\n|rule|Evasion Items Clause: Evasion items are banned\n|rule|Evasion Moves Clause: Evasion moves are banned\n|rule|Species Clause: Limit one of each Pok\u00e9mon\n|rule|Sleep Clause Mod: Limit one foe put to sleep\n|clearpoke\n|poke|p1|Volcarona, F|\n|poke|p1|Venusaur, F|\n|poke|p1|Tyranitar, F|\n|poke|p1|Cloyster, F|\n|poke|p1|Ribombee, M|\n|poke|p1|Victini|\n|poke|p2|Hoopa-Unbound|\n|poke|p2|Tapu Bulu|\n|poke|p2|Volcanion|\n|poke|p2|Scizor, M|\n|poke|p2|Umbreon, M|\n|poke|p2|Zapdos|\n|teampreview\n|\n|t:|1699991575\n|start\n|switch|p1a: Ribombee|Ribombee, M|100\/100\n|switch|p2a: Zapdos|Zapdos|100\/100\n|turn|1\n|\n|t:|1699991585\n|move|p1a: Ribombee|Stun Spore|p2a: Zapdos|[miss]\n|-miss|p1a: Ribombee|p2a: Zapdos\n|move|p2a: Zapdos|Discharge|p1a: Ribombee\n|-damage|p1a: Ribombee|30\/100\n|\n|upkeep\n|turn|2\n|inactive|Battle timer is ON: inactive players will automatically lose when time's up. (requested by CattMagle)\n|\n|t:|1699991594\n|move|p1a: Ribombee|Sticky Web|p2a: Zapdos\n|-sidestart|p2: testing a funni3|move: Sticky Web\n|move|p2a: Zapdos|Discharge|p1a: Ribombee\n|-damage|p1a: Ribombee|0 fnt\n|faint|p1a: Ribombee\n|\n|upkeep\n|\n|t:|1699991605\n|switch|p1a: Victini|Victini|100\/100\n|turn|3\n|\n|t:|1699991617\n|-zpower|p1a: Victini\n|move|p1a: Victini|Z-Celebrate|p1a: Victini|[anim]Celebrate\n|-boost|p1a: Victini|atk|1|[zeffect]\n|-boost|p1a: Victini|def|1|[zeffect]\n|-boost|p1a: Victini|spa|1|[zeffect]\n|-boost|p1a: Victini|spd|1|[zeffect]\n|-boost|p1a: Victini|spe|1|[zeffect]\n|-activate|p1a: Victini|move: Celebrate\n|move|p2a: Zapdos|Roost||[still]\n|-fail|p2a: Zapdos|heal\n|\n|upkeep\n|turn|4\n|\n|t:|1699991629\n|move|p1a: Victini|Searing Shot|p2a: Zapdos\n|-damage|p2a: Zapdos|48\/100\n|-status|p2a: Zapdos|brn\n|move|p2a: Zapdos|Discharge|p1a: Victini\n|-damage|p1a: Victini|75\/100\n|-status|p1a: Victini|par\n|\n|-damage|p2a: Zapdos|42\/100 brn|[from] brn\n|upkeep\n|turn|5\n|\n|t:|1699991638\n|move|p1a: Victini|Searing Shot|p2a: Zapdos\n|-crit|p2a: Zapdos\n|-damage|p2a: Zapdos|0 fnt\n|faint|p2a: Zapdos\n|\n|upkeep\n|\n|t:|1699991645\n|switch|p2a: Hoopa|Hoopa-Unbound|100\/100\n|-activate|p2a: Hoopa|move: Sticky Web\n|-unboost|p2a: Hoopa|spe|1\n|turn|6\n|\n|t:|1699991652\n|move|p1a: Victini|Searing Shot|p2a: Hoopa\n|-damage|p2a: Hoopa|67\/100\n|move|p2a: Hoopa|Knock Off|p1a: Victini\n|-supereffective|p1a: Victini\n|-damage|p1a: Victini|13\/100 par\n|\n|upkeep\n|turn|7\n|\n|t:|1699991664\n|move|p1a: Victini|Focus Blast|p2a: Hoopa\n|-damage|p2a: Hoopa|40\/100\n|move|p2a: Hoopa|Knock Off|p1a: Victini\n|-supereffective|p1a: Victini\n|-damage|p1a: Victini|0 fnt\n|faint|p1a: Victini\n|\n|upkeep\n|\n|t:|1699991672\n|switch|p1a: Venusaur|Venusaur, F|100\/100\n|turn|8\n|\n|t:|1699991678\n|detailschange|p1a: Venusaur|Venusaur-Mega, F\n|-mega|p1a: Venusaur|Venusaur|Venusaurite\n|move|p1a: Venusaur|Toxic|p2a: Hoopa\n|-status|p2a: Hoopa|tox\n|move|p2a: Hoopa|Psychic|p1a: Venusaur\n|-supereffective|p1a: Venusaur\n|-damage|p1a: Venusaur|30\/100\n|\n|-damage|p2a: Hoopa|34\/100 tox|[from] psn\n|upkeep\n|turn|9\n|\n|t:|1699991688\n|switch|p1a: Tyranitar|Tyranitar, F|100\/100\n|-weather|Sandstorm|[from] ability: Sand Stream|[of] p1a: Tyranitar\n|switch|p2a: Scizor|Scizor, M|100\/100\n|-activate|p2a: Scizor|move: Sticky Web\n|-unboost|p2a: Scizor|spe|1\n|\n|-weather|Sandstorm|[upkeep]\n|upkeep\n|turn|10\n|\n|t:|1699991697\n|detailschange|p2a: Scizor|Scizor-Mega, M\n|-mega|p2a: Scizor|Scizor|Scizorite\n|move|p1a: Tyranitar|Thunder Wave|p2a: Scizor\n|-status|p2a: Scizor|par\n|move|p2a: Scizor|Defog|p1a: Tyranitar\n|-unboost|p1a: Tyranitar|evasion|1\n|-sideend|p2: testing a funni3|Sticky Web|[from] move: Defog|[of] p2a: Scizor\n|\n|-weather|Sandstorm|[upkeep]\n|upkeep\n|turn|11\n|\n|t:|1699991705\n|move|p1a: Tyranitar|Stealth Rock|p2a: Scizor\n|-sidestart|p2: testing a funni3|move: Stealth Rock\n|move|p2a: Scizor|U-turn|p1a: Tyranitar\n|-supereffective|p1a: Tyranitar\n|-damage|p1a: Tyranitar|51\/100\n|\n|t:|1699991715\n|switch|p2a: Umbreon|Umbreon, M|100\/100|[from] U-turn\n|-damage|p2a: Umbreon|88\/100|[from] Stealth Rock\n|\n|-weather|Sandstorm|[upkeep]\n|-damage|p2a: Umbreon|82\/100|[from] Sandstorm\n|-heal|p2a: Umbreon|88\/100|[from] item: Leftovers\n|-heal|p1a: Tyranitar|57\/100|[from] item: Leftovers\n|upkeep\n|turn|12\n|\n|t:|1699991727\n|move|p2a: Umbreon|Heal Bell|p2a: Umbreon\n|-activate|p2a: Umbreon|move: Heal Bell\n|-curestatus|p2: Hoopa|tox|[msg]\n|-curestatus|p2: Scizor|par|[msg]\n|move|p1a: Tyranitar|Thunder Wave|p2a: Umbreon\n|-status|p2a: Umbreon|par\n|-activate|p2a: Umbreon|ability: Synchronize\n|-status|p1a: Tyranitar|par\n|\n|-weather|Sandstorm|[upkeep]\n|-damage|p2a: Umbreon|82\/100 par|[from] Sandstorm\n|-heal|p2a: Umbreon|88\/100 par|[from] item: Leftovers\n|-heal|p1a: Tyranitar|63\/100 par|[from] item: Leftovers\n|upkeep\n|turn|13\n|\n|t:|1699991740\n|move|p2a: Umbreon|Heal Bell|p2a: Umbreon\n|-activate|p2a: Umbreon|move: Heal Bell\n|-curestatus|p2a: Umbreon|par|[msg]\n|move|p1a: Tyranitar|Rock Blast|p2a: Umbreon\n|-damage|p2a: Umbreon|80\/100\n|-damage|p2a: Umbreon|73\/100\n|-hitcount|p2a: Umbreon|2\n|\n|-weather|none\n|-heal|p2a: Umbreon|79\/100|[from] item: Leftovers\n|-heal|p1a: Tyranitar|70\/100 par|[from] item: Leftovers\n|upkeep\n|turn|14\n|\n|t:|1699991750\n|switch|p1a: Volcarona|Volcarona, F|100\/100\n|move|p2a: Umbreon|Wish|p2a: Umbreon\n|\n|-heal|p2a: Umbreon|86\/100|[from] item: Leftovers\n|upkeep\n|turn|15\n|\n|t:|1699991754\n|switch|p2a: Volcanion|Volcanion|100\/100\n|-damage|p2a: Volcanion|76\/100|[from] Stealth Rock\n|move|p1a: Volcarona|Quiver Dance|p1a: Volcarona\n|-boost|p1a: Volcarona|spa|1\n|-boost|p1a: Volcarona|spd|1\n|-boost|p1a: Volcarona|spe|1\n|\n|-heal|p2a: Volcanion|100\/100|[from] move: Wish|[wisher] Umbreon\n|upkeep\n|turn|16\n|\n|t:|1699991769\n|move|p1a: Volcarona|Quiver Dance|p1a: Volcarona\n|-boost|p1a: Volcarona|spa|1\n|-boost|p1a: Volcarona|spd|1\n|-boost|p1a: Volcarona|spe|1\n|move|p2a: Volcanion|Steam Eruption|p1a: Volcarona\n|-supereffective|p1a: Volcarona\n|-damage|p1a: Volcarona|46\/100\n|\n|-heal|p1a: Volcarona|52\/100|[from] item: Leftovers\n|upkeep\n|turn|17\n|\n|t:|1699991781\n|move|p1a: Volcarona|Bug Buzz|p2a: Volcanion\n|-resisted|p2a: Volcanion\n|-damage|p2a: Volcanion|73\/100\n|move|p2a: Volcanion|Steam Eruption|p1a: Volcarona\n|-supereffective|p1a: Volcarona\n|-damage|p1a: Volcarona|0 fnt\n|faint|p1a: Volcarona\n|\n|upkeep\n|\n|t:|1699991796\n|switch|p1a: Cloyster|Cloyster, F|100\/100\n|turn|18\n|\n|t:|1699991813\n|-terastallize|p1a: Cloyster|Water\n|move|p1a: Cloyster|Shell Smash|p1a: Cloyster\n|-unboost|p1a: Cloyster|def|1\n|-unboost|p1a: Cloyster|spd|1\n|-boost|p1a: Cloyster|atk|2\n|-boost|p1a: Cloyster|spa|2\n|-boost|p1a: Cloyster|spe|2\n|move|p2a: Volcanion|Sludge Bomb|p1a: Cloyster\n|-enditem|p1a: Cloyster|Focus Sash\n|-damage|p1a: Cloyster|1\/100\n|\n|upkeep\n|turn|19\n|\n|t:|1699991830\n|switch|p2a: Scizor|Scizor-Mega, M|100\/100\n|-damage|p2a: Scizor|88\/100|[from] Stealth Rock\n|move|p1a: Cloyster|Icicle Spear|p2a: Scizor\n|-resisted|p2a: Scizor\n|-damage|p2a: Scizor|82\/100\n|-resisted|p2a: Scizor\n|-damage|p2a: Scizor|75\/100\n|-resisted|p2a: Scizor\n|-damage|p2a: Scizor|70\/100\n|-resisted|p2a: Scizor\n|-damage|p2a: Scizor|64\/100\n|-resisted|p2a: Scizor\n|-damage|p2a: Scizor|58\/100\n|-hitcount|p2a: Scizor|5\n|\n|upkeep\n|turn|20\n|\n|t:|1699991842\n|move|p2a: Scizor|Bullet Punch|p1a: Cloyster\n|-resisted|p1a: Cloyster\n|-damage|p1a: Cloyster|0 fnt\n|faint|p1a: Cloyster\n|\n|upkeep\n|c|\u2606CattMagle|damn\n|-message|CattMagle forfeited.\n|\n|win|testing a funni3\n|raw|CattMagle's rating: 1266 &rarr; <strong>1249<\/strong><br \/>(-17 for losing)\n|raw|testing a funni3's rating: 1378 &rarr; <strong>1392<\/strong><br \/>(+14 for winning)\n|l|\u2606CattMagle\n","uploadtime":1699991858,"views":18,"p1id":"cattmagle","p2id":"testingafunni3","formatid":"gen9nationaldex","rating":1249,"private":0,"password":""}