{"id":"gen9nationaldex-1988035608","p1":"Drampa\u5927Raivoso","p2":"ArmyFriendsShip","format":"[Gen 9] National Dex","log":"|j|\u2606Drampa\u5927Raivoso\n|j|\u2606ArmyFriendsShip\n|inactive|Battle timer is ON: inactive players will automatically lose when time's up.\n|t:|1699661721\n|gametype|singles\n|player|p1|Drampa\u5927Raivoso|n-masters|\n|player|p2|ArmyFriendsShip|169|\n|teamsize|p1|6\n|teamsize|p2|6\n|gen|9\n|tier|[Gen 9] National Dex\n|rated|Tournament battle\n|rule|HP Percentage Mod: HP is shown in percentages\n|rule|Endless Battle Clause: Forcing endless battles is banned\n|rule|OHKO Clause: OHKO moves are banned\n|rule|Evasion Clause: Evasion abilities, items, and moves are banned\n|rule|Evasion Abilities Clause: Evasion abilities are banned\n|rule|Evasion Items Clause: Evasion items are banned\n|rule|Evasion Moves Clause: Evasion moves are banned\n|rule|Species Clause: Limit one of each Pok\u00e9mon\n|rule|Sleep Clause Mod: Limit one foe put to sleep\n|clearpoke\n|poke|p1|Rillaboom, M|\n|poke|p1|Sneasler, F|\n|poke|p1|Diancie|\n|poke|p1|Corviknight, M|\n|poke|p1|Landorus-Therian, M|\n|poke|p1|Rotom-Wash|\n|poke|p2|Sneasler, M|\n|poke|p2|Hatterene, F|\n|poke|p2|Cinderace, M|\n|poke|p2|Great Tusk|\n|poke|p2|Rotom-Wash|\n|poke|p2|Slowking-Galar, M|\n|teampreview\n|inactive|Drampa\u5927Raivoso also wants the timer to be on.\n|j| WanniM\n|c| WanniM|oi Drampa\u5927Raivoso\n|\n|t:|1699661749\n|start\n|switch|p1a: Brastemp|Rotom-Wash|100\/100\n|switch|p2a: Cinderace|Cinderace, M, shiny|100\/100\n|turn|1\n|c|\u2606ArmyFriendsShip|Affff\n|c|\u2606Drampa\u5927Raivoso|Ol\u00e1 Wannabo\n|\n|t:|1699661763\n|switch|p2a: Rotom|Rotom-Wash, shiny|100\/100\n|move|p1a: Brastemp|Hydro Pump|p2a: Rotom\n|-resisted|p2a: Rotom\n|-damage|p2a: Rotom|79\/100\n|\n|upkeep\n|turn|2\n|\n|t:|1699661785\n|move|p1a: Brastemp|Hydro Pump|p2a: Rotom\n|-resisted|p2a: Rotom\n|-damage|p2a: Rotom|59\/100\n|move|p2a: Rotom|Hydro Pump|p1a: Brastemp\n|-resisted|p1a: Brastemp\n|-damage|p1a: Brastemp|67\/100\n|\n|upkeep\n|turn|3\n|c|\u2606ArmyFriendsShip|Hm\n|c|\u2606ArmyFriendsShip|Tem chances de ser Band rotom\n|\n|t:|1699661808\n|switch|p1a: Kong|Rillaboom, M|100\/100\n|-fieldstart|move: Grassy Terrain|[from] ability: Grassy Surge|[of] p1a: Kong\n|move|p2a: Rotom|Volt Switch|p1a: Kong\n|-resisted|p1a: Kong\n|-damage|p1a: Kong|77\/100\n|\n|t:|1699661817\n|switch|p2a: Cinderace|Cinderace, M, shiny|100\/100|[from] Volt Switch\n|\n|-heal|p1a: Kong|83\/100|[from] Grassy Terrain\n|upkeep\n|turn|4\n|\n|t:|1699661824\n|switch|p1a: Brastemp|Rotom-Wash|67\/100\n|move|p2a: Cinderace|U-turn|p1a: Brastemp\n|-start|p2a: Cinderace|typechange|Bug|[from] ability: Libero\n|-damage|p1a: Brastemp|25\/100\n|j| PlasmaGruntTboltz\n|\n|t:|1699661828\n|switch|p2a: Sneasler|Sneasler, M, shiny|100\/100|[from] U-turn\n|\n|upkeep\n|turn|5\n|inactive|Drampa\u5927Raivoso has 120 seconds left.\n|inactive|Drampa\u5927Raivoso has 90 seconds left.\n|\n|t:|1699661899\n|move|p2a: Sneasler|Close Combat|p1a: Brastemp\n|-damage|p1a: Brastemp|0 fnt\n|-unboost|p2a: Sneasler|def|1\n|-unboost|p2a: Sneasler|spd|1\n|faint|p1a: Brastemp\n|\n|upkeep\n|\n|t:|1699661922\n|switch|p1a: X-23|Sneasler, F|100\/100\n|-enditem|p1a: X-23|Grassy Seed\n|-boost|p1a: X-23|def|1|[from] item: Grassy Seed\n|turn|6\n|\n|t:|1699661938\n|switch|p2a: Great Tusk|Great Tusk, shiny|100\/100\n|move|p1a: X-23|Swords Dance|p1a: X-23\n|-boost|p1a: X-23|atk|2\n|\n|upkeep\n|turn|7\n|l| PlasmaGruntTboltz\n|\n|t:|1699661956\n|-terastallize|p1a: X-23|Flying\n|move|p1a: X-23|Swords Dance|p1a: X-23\n|-boost|p1a: X-23|atk|2\n|move|p2a: Great Tusk|Close Combat|p1a: X-23\n|-resisted|p1a: X-23\n|-damage|p1a: X-23|58\/100\n|-unboost|p2a: Great Tusk|def|1\n|-unboost|p2a: Great Tusk|spd|1\n|\n|-fieldend|move: Grassy Terrain\n|upkeep\n|turn|8\n|\n|t:|1699661969\n|move|p1a: X-23|Acrobatics|p2a: Great Tusk\n|-supereffective|p2a: Great Tusk\n|-damage|p2a: Great Tusk|0 fnt\n|faint|p2a: Great Tusk\n|-end|p2a: Great Tusk|Protosynthesis|[silent]\n|\n|upkeep\n|j|+PedroGreg\n|inactive|ArmyFriendsShip has 120 seconds left.\n|\n|t:|1699661986\n|switch|p2a: Hatterene|Hatterene, F, shiny|100\/100\n|turn|9\n|\n|t:|1699661991\n|move|p1a: X-23|Acrobatics|p2a: Hatterene\n|-damage|p2a: Hatterene|0 fnt\n|-damage|p1a: X-23|41\/100|[from] item: Rocky Helmet|[of] p2a: Hatterene\n|faint|p2a: Hatterene\n|\n|upkeep\n|\n|t:|1699661994\n|switch|p2a: Sneasler|Sneasler, M, shiny|100\/100\n|turn|10\n|\n|t:|1699661999\n|move|p1a: X-23|Acrobatics|p2a: Sneasler\n|-supereffective|p2a: Sneasler\n|-damage|p2a: Sneasler|0 fnt\n|faint|p2a: Sneasler\n|\n|upkeep\n|\n|t:|1699662007\n|switch|p2a: Slowking|Slowking-Galar, M, shiny|100\/100\n|turn|11\n|\n|t:|1699662018\n|move|p1a: X-23|Acrobatics|p2a: Slowking\n|-damage|p2a: Slowking|0 fnt\n|faint|p2a: Slowking\n|\n|upkeep\n|\n|t:|1699662021\n|switch|p2a: Cinderace|Cinderace, M, shiny|100\/100\n|turn|12\n|-message|ArmyFriendsShip forfeited.\n|\n|win|Drampa\u5927Raivoso\n|n|\u2606Drampa\u5927Raivoso|dramparaivoso\n|n|\u2606ArmyFriendsShip|armyfriendsship\n|n| WanniM|wannim\n|n| PedroGreg|pedrogreg\n","uploadtime":1699662027,"views":4,"p1id":"dramparaivoso","p2id":"armyfriendsship","formatid":"gen9nationaldex","rating":0,"private":0,"password":""}