{"id":"gen9nationaldex-1995015549","p1":"dewotsita","p2":"hehehdh","format":"[Gen 9] National Dex","log":"|html|<div class=\"broadcast-blue\"><strong>[Gen 9] National Dex is currently suspecting Sneasler! For information on how to participate check out the <a href=\"https:\/\/www.smogon.com\/forums\/threads\/sv-national-dex-suspect-8-just-dance.3731534\/\">suspect thread<\/a>.<\/strong><\/div>\n|j|\u2606dewotsita\n|j|\u2606hehehdh\n|t:|1700513603\n|gametype|singles\n|player|p1|dewotsita|101|1093\n|player|p2|hehehdh|bugcatcher-gen4dp|1048\n|teamsize|p1|6\n|teamsize|p2|6\n|gen|9\n|tier|[Gen 9] National Dex\n|rated|\n|rule|HP Percentage Mod: HP is shown in percentages\n|rule|Endless Battle Clause: Forcing endless battles is banned\n|rule|OHKO Clause: OHKO moves are banned\n|rule|Evasion Clause: Evasion abilities, items, and moves are banned\n|rule|Evasion Abilities Clause: Evasion abilities are banned\n|rule|Evasion Items Clause: Evasion items are banned\n|rule|Evasion Moves Clause: Evasion moves are banned\n|rule|Species Clause: Limit one of each Pok\u00e9mon\n|rule|Sleep Clause Mod: Limit one foe put to sleep\n|clearpoke\n|poke|p1|Porygon2|\n|poke|p1|Jynx, F|\n|poke|p1|Whiscash, M|\n|poke|p1|Dragalge, M|\n|poke|p1|Passimian, M|\n|poke|p1|Pikachu, F|\n|poke|p2|Great Tusk|\n|poke|p2|Skarmory, F|\n|poke|p2|Chansey, F|\n|poke|p2|Skeledirge, M|\n|poke|p2|Sableye, F|\n|poke|p2|Alomomola, M|\n|teampreview\n|\n|t:|1700513621\n|start\n|switch|p1a: Whiscash|Whiscash, M|100\/100\n|switch|p2a: Sableye|Sableye, F|100\/100\n|turn|1\n|\n|t:|1700513632\n|detailschange|p2a: Sableye|Sableye-Mega, F\n|-mega|p2a: Sableye|Sableye|Sablenite\n|move|p1a: Whiscash|Earth Power|p2a: Sableye\n|-crit|p2a: Sableye\n|-damage|p2a: Sableye|75\/100\n|move|p2a: Sableye|Will-O-Wisp|p1a: Whiscash\n|-status|p1a: Whiscash|brn\n|\n|-damage|p1a: Whiscash|94\/100 brn|[from] brn\n|upkeep\n|turn|2\n|\n|t:|1700513640\n|move|p1a: Whiscash|Surf|p2a: Sableye\n|-damage|p2a: Sableye|57\/100\n|move|p2a: Sableye|Knock Off|p1a: Whiscash\n|-damage|p1a: Whiscash|72\/100 brn\n|-enditem|p1a: Whiscash|Heavy-Duty Boots|[from] move: Knock Off|[of] p2a: Sableye\n|\n|-damage|p1a: Whiscash|66\/100 brn|[from] brn\n|upkeep\n|turn|3\n|\n|t:|1700513647\n|move|p1a: Whiscash|Surf|p2a: Sableye\n|-damage|p2a: Sableye|38\/100\n|move|p2a: Sableye|Recover|p2a: Sableye\n|-heal|p2a: Sableye|89\/100\n|\n|-damage|p1a: Whiscash|59\/100 brn|[from] brn\n|upkeep\n|turn|4\n|\n|t:|1700513652\n|switch|p2a: Chansey|Chansey, F|100\/100\n|move|p1a: Whiscash|Earth Power|p2a: Chansey\n|-damage|p2a: Chansey|92\/100\n|\n|-damage|p1a: Whiscash|53\/100 brn|[from] brn\n|upkeep\n|turn|5\n|\n|t:|1700513662\n|move|p1a: Whiscash|Stealth Rock|p2a: Chansey\n|-sidestart|p2: hehehdh|move: Stealth Rock\n|move|p2a: Chansey|Seismic Toss|p1a: Whiscash\n|-damage|p1a: Whiscash|30\/100 brn\n|\n|-damage|p1a: Whiscash|23\/100 brn|[from] brn\n|upkeep\n|turn|6\n|\n|t:|1700513668\n|move|p1a: Whiscash|Toxic|p2a: Chansey\n|-status|p2a: Chansey|tox\n|move|p2a: Chansey|Seismic Toss|p1a: Whiscash\n|-damage|p1a: Whiscash|0 fnt\n|faint|p1a: Whiscash\n|\n|-damage|p2a: Chansey|86\/100 tox|[from] psn\n|upkeep\n|\n|t:|1700513674\n|switch|p1a: Passimian|Passimian, M|100\/100\n|turn|7\n|\n|t:|1700513682\n|-curestatus|p2a: Chansey|tox|[from] ability: Natural Cure\n|switch|p2a: Sableye|Sableye-Mega, F|89\/100\n|-damage|p2a: Sableye|76\/100|[from] Stealth Rock\n|move|p1a: Passimian|Knock Off|p2a: Sableye\n|-damage|p2a: Sableye|58\/100\n|\n|upkeep\n|turn|8\n|\n|t:|1700513694\n|switch|p1a: Dragalge|Dragalge, M|100\/100\n|move|p2a: Sableye|Will-O-Wisp|p1a: Dragalge\n|-status|p1a: Dragalge|brn\n|\n|-damage|p1a: Dragalge|95\/100 brn|[from] brn\n|upkeep\n|turn|9\n|\n|t:|1700513704\n|move|p1a: Dragalge|Flip Turn|p2a: Sableye\n|-damage|p2a: Sableye|53\/100\n|\n|t:|1700513709\n|switch|p1a: Pikachu|Pikachu, F|100\/100|[from] Flip Turn\n|move|p2a: Sableye|Recover|p2a: Sableye\n|-heal|p2a: Sableye|100\/100\n|\n|upkeep\n|turn|10\n|\n|t:|1700513718\n|move|p1a: Pikachu|Nuzzle|p2a: Sableye\n|-damage|p2a: Sableye|94\/100\n|-status|p2a: Sableye|par\n|move|p2a: Sableye|Knock Off|p1a: Pikachu\n|-damage|p1a: Pikachu|3\/100\n|-enditem|p1a: Pikachu|Light Ball|[from] move: Knock Off|[of] p2a: Sableye\n|\n|upkeep\n|turn|11\n|\n|t:|1700513729\n|switch|p2a: Skarmory|Skarmory, F|100\/100\n|-damage|p2a: Skarmory|88\/100|[from] Stealth Rock\n|move|p1a: Pikachu|Volt Switch|p2a: Skarmory\n|-supereffective|p2a: Skarmory\n|-damage|p2a: Skarmory|34\/100\n|\n|t:|1700513741\n|switch|p1a: Dragalge|Dragalge, M|95\/100 brn|[from] Volt Switch\n|\n|-heal|p1a: Dragalge|100\/100 brn|[from] item: Leftovers\n|-damage|p1a: Dragalge|95\/100 brn|[from] brn\n|upkeep\n|turn|12\n|\n|t:|1700513746\n|move|p2a: Skarmory|Spikes|p1a: Dragalge\n|-sidestart|p1: dewotsita|Spikes\n|move|p1a: Dragalge|Scald|p2a: Skarmory\n|-damage|p2a: Skarmory|0 fnt\n|faint|p2a: Skarmory\n|\n|-heal|p1a: Dragalge|100\/100 brn|[from] item: Leftovers\n|-damage|p1a: Dragalge|95\/100 brn|[from] brn\n|upkeep\n|\n|t:|1700513760\n|switch|p2a: Chansey|Chansey, F|86\/100\n|-damage|p2a: Chansey|74\/100|[from] Stealth Rock\n|turn|13\n|\n|t:|1700513771\n|move|p2a: Chansey|Seismic Toss|p1a: Dragalge\n|-damage|p1a: Dragalge|65\/100 brn\n|move|p1a: Dragalge|Flip Turn|p2a: Chansey\n|-damage|p2a: Chansey|71\/100\n|\n|t:|1700513785\n|switch|p1a: Passimian|Passimian, M|100\/100|[from] Flip Turn\n|-damage|p1a: Passimian|88\/100|[from] Spikes\n|\n|upkeep\n|turn|14\n|\n|t:|1700513801\n|move|p1a: Passimian|Drain Punch|p2a: Chansey\n|-supereffective|p2a: Chansey\n|-damage|p2a: Chansey|26\/100\n|-heal|p1a: Passimian|100\/100|[from] drain|[of] p2a: Chansey\n|move|p2a: Chansey|Toxic|p1a: Passimian\n|-status|p1a: Passimian|tox\n|\n|-damage|p1a: Passimian|94\/100 tox|[from] psn\n|upkeep\n|turn|15\n|\n|t:|1700513816\n|switch|p1a: Porygon2|Porygon2|100\/100\n|-damage|p1a: Porygon2|88\/100|[from] Spikes\n|-ability|p1a: Porygon2|Download|boost\n|-boost|p1a: Porygon2|atk|1\n|switch|p2a: Alomomola|Alomomola, M|100\/100\n|\n|upkeep\n|turn|16\n|\n|t:|1700513823\n|move|p1a: Porygon2|Tri Attack|p2a: Alomomola\n|-damage|p2a: Alomomola|75\/100\n|move|p2a: Alomomola|Wish|p2a: Alomomola\n|\n|upkeep\n|turn|17\n|\n|t:|1700513828\n|move|p1a: Porygon2|Tri Attack|p2a: Alomomola\n|-damage|p2a: Alomomola|50\/100\n|move|p2a: Alomomola|Flip Turn|p1a: Porygon2\n|-damage|p1a: Porygon2|78\/100\n|\n|t:|1700513837\n|switch|p2a: Chansey|Chansey, F|26\/100|[from] Flip Turn\n|-damage|p2a: Chansey|14\/100|[from] Stealth Rock\n|\n|-heal|p2a: Chansey|48\/100|[from] move: Wish|[wisher] Alomomola\n|upkeep\n|turn|18\n|\n|t:|1700513846\n|move|p1a: Porygon2|Substitute|p1a: Porygon2\n|-start|p1a: Porygon2|Substitute\n|-damage|p1a: Porygon2|53\/100\n|move|p2a: Chansey|Soft-Boiled|p2a: Chansey\n|-heal|p2a: Chansey|98\/100\n|\n|upkeep\n|turn|19\n|\n|t:|1700513852\n|move|p1a: Porygon2|Recover|p1a: Porygon2\n|-heal|p1a: Porygon2|100\/100\n|move|p2a: Chansey|Seismic Toss|p1a: Porygon2\n|-end|p1a: Porygon2|Substitute\n|\n|upkeep\n|turn|20\n|\n|t:|1700513866\n|switch|p2a: Skeledirge|Skeledirge, M|100\/100\n|move|p1a: Porygon2|Tri Attack|p2a: Skeledirge\n|-immune|p2a: Skeledirge\n|\n|upkeep\n|turn|21\n|\n|t:|1700513875\n|switch|p1a: Dragalge|Dragalge, M|65\/100 brn\n|-damage|p1a: Dragalge|52\/100 brn|[from] Spikes\n|move|p2a: Skeledirge|Torch Song|p1a: Dragalge\n|-resisted|p1a: Dragalge\n|-damage|p1a: Dragalge|39\/100 brn\n|-boost|p2a: Skeledirge|spa|1\n|\n|-heal|p1a: Dragalge|45\/100 brn|[from] item: Leftovers\n|-damage|p1a: Dragalge|39\/100 brn|[from] brn\n|upkeep\n|turn|22\n|\n|t:|1700513881\n|move|p2a: Skeledirge|Hex|p1a: Dragalge\n|-damage|p1a: Dragalge|0 fnt\n|faint|p1a: Dragalge\n|\n|upkeep\n|-message|dewotsita forfeited.\n|\n|win|hehehdh\n|raw|dewotsita's rating: 1093 &rarr; <strong>1066<\/strong><br \/>(-27 for losing)\n|raw|hehehdh's rating: 1048 &rarr; <strong>1085<\/strong><br \/>(+37 for winning)\n|l|\u2606dewotsita\n","uploadtime":1700513894,"views":16,"p1id":"dewotsita","p2id":"hehehdh","formatid":"gen9nationaldex","rating":1066,"private":0,"password":""}