{"id":"gen9nationaldex-1993408913","p1":"133268pwz","p2":"smallbaboon","format":"[Gen 9] National Dex","log":"|j|\u2606133268pwz\n|j|\u2606smallbaboon\n|t:|1700313919\n|gametype|singles\n|player|p1|133268pwz|1|\n|player|p2|smallbaboon|iono|\n|teamsize|p1|6\n|teamsize|p2|6\n|gen|9\n|tier|[Gen 9] National Dex\n|rule|HP Percentage Mod: HP is shown in percentages\n|rule|Endless Battle Clause: Forcing endless battles is banned\n|rule|OHKO Clause: OHKO moves are banned\n|rule|Evasion Clause: Evasion abilities, items, and moves are banned\n|rule|Evasion Abilities Clause: Evasion abilities are banned\n|rule|Evasion Items Clause: Evasion items are banned\n|rule|Evasion Moves Clause: Evasion moves are banned\n|rule|Species Clause: Limit one of each Pok\u00e9mon\n|rule|Sleep Clause Mod: Limit one foe put to sleep\n|clearpoke\n|poke|p1|Tyranitar, F|\n|poke|p1|Excadrill, F|\n|poke|p1|Garchomp, F|\n|poke|p1|Ferrothorn, F|\n|poke|p1|Landorus-Therian, M|\n|poke|p1|Hippowdon, F|\n|poke|p2|Tyranitar, M|\n|poke|p2|Landorus-Therian, M|\n|poke|p2|Skarmory, M|\n|poke|p2|Hydreigon, F|\n|poke|p2|Charizard, F|\n|poke|p2|Tapu Fini|\n|teampreview\n|\n|t:|1700313934\n|start\n|switch|p1a: Hippowdon|Hippowdon, F|100\/100\n|switch|p2a: \u53ea\u4f1a\u55b7\u706b|Charizard, F|100\/100\n|-weather|Sandstorm|[from] ability: Sand Stream|[of] p1a: Hippowdon\n|turn|1\n|\n|t:|1700313949\n|detailschange|p2a: \u53ea\u4f1a\u55b7\u706b|Charizard-Mega-Y, F\n|-mega|p2a: \u53ea\u4f1a\u55b7\u706b|Charizard|Charizardite Y\n|-weather|SunnyDay|[from] ability: Drought|[of] p2a: \u53ea\u4f1a\u55b7\u706b\n|move|p2a: \u53ea\u4f1a\u55b7\u706b|Solar Beam||[still]\n|-prepare|p2a: \u53ea\u4f1a\u55b7\u706b|Solar Beam\n|-anim|p2a: \u53ea\u4f1a\u55b7\u706b|Solar Beam|p1a: Hippowdon\n|-supereffective|p1a: Hippowdon\n|-damage|p1a: Hippowdon|32\/100\n|move|p1a: Hippowdon|Yawn|p2a: \u53ea\u4f1a\u55b7\u706b\n|-start|p2a: \u53ea\u4f1a\u55b7\u706b|move: Yawn|[of] p1a: Hippowdon\n|\n|-weather|SunnyDay|[upkeep]\n|upkeep\n|turn|2\n|\n|t:|1700313962\n|switch|p2a: \u6f02\u4eae\u59d0\u6709\u8f93\u51fa|Tapu Fini|100\/100\n|-fieldstart|move: Misty Terrain|[from] ability: Misty Surge|[of] p2a: \u6f02\u4eae\u59d0\u6709\u8f93\u51fa\n|switch|p1a: Tyranitar|Tyranitar, F|100\/100\n|-weather|Sandstorm|[from] ability: Sand Stream|[of] p1a: Tyranitar\n|\n|-weather|Sandstorm|[upkeep]\n|-damage|p2a: \u6f02\u4eae\u59d0\u6709\u8f93\u51fa|94\/100|[from] Sandstorm\n|upkeep\n|turn|3\n|\n|t:|1700313974\n|move|p2a: \u6f02\u4eae\u59d0\u6709\u8f93\u51fa|Nature's Madness|p1a: Tyranitar\n|-damage|p1a: Tyranitar|50\/100\n|move|p1a: Tyranitar|Knock Off|p2a: \u6f02\u4eae\u59d0\u6709\u8f93\u51fa\n|-resisted|p2a: \u6f02\u4eae\u59d0\u6709\u8f93\u51fa\n|-damage|p2a: \u6f02\u4eae\u59d0\u6709\u8f93\u51fa|78\/100\n|-damage|p1a: Tyranitar|34\/100|[from] item: Rocky Helmet|[of] p2a: \u6f02\u4eae\u59d0\u6709\u8f93\u51fa\n|-enditem|p2a: \u6f02\u4eae\u59d0\u6709\u8f93\u51fa|Rocky Helmet|[from] move: Knock Off|[of] p1a: Tyranitar\n|\n|-weather|Sandstorm|[upkeep]\n|-damage|p2a: \u6f02\u4eae\u59d0\u6709\u8f93\u51fa|71\/100|[from] Sandstorm\n|upkeep\n|turn|4\n|\n|t:|1700313993\n|switch|p1a: Ferrothorn|Ferrothorn, F|100\/100\n|move|p2a: \u6f02\u4eae\u59d0\u6709\u8f93\u51fa|Brine|p1a: Ferrothorn\n|-resisted|p1a: Ferrothorn\n|-damage|p1a: Ferrothorn|91\/100\n|\n|-weather|Sandstorm|[upkeep]\n|-damage|p2a: \u6f02\u4eae\u59d0\u6709\u8f93\u51fa|65\/100|[from] Sandstorm\n|-heal|p1a: Ferrothorn|97\/100|[from] item: Leftovers\n|upkeep\n|turn|5\n|\n|t:|1700314004\n|switch|p2a: \u53ea\u4f1a\u55b7\u706b|Charizard-Mega-Y, F|100\/100\n|-weather|SunnyDay|[from] ability: Drought|[of] p2a: \u53ea\u4f1a\u55b7\u706b\n|move|p1a: Ferrothorn|Leech Seed|p2a: \u53ea\u4f1a\u55b7\u706b\n|-start|p2a: \u53ea\u4f1a\u55b7\u706b|move: Leech Seed\n|\n|-weather|SunnyDay|[upkeep]\n|-heal|p1a: Ferrothorn|100\/100|[from] item: Leftovers\n|-damage|p2a: \u53ea\u4f1a\u55b7\u706b|88\/100|[from] Leech Seed|[of] p1a: Ferrothorn\n|upkeep\n|turn|6\n|\n|t:|1700314016\n|switch|p2a: \u4e09\u91cd\u653b\u51fb\uff01|Hydreigon, F|100\/100\n|switch|p1a: Hippowdon|Hippowdon, F|32\/100\n|-weather|Sandstorm|[from] ability: Sand Stream|[of] p1a: Hippowdon\n|\n|-weather|Sandstorm|[upkeep]\n|-damage|p2a: \u4e09\u91cd\u653b\u51fb\uff01|94\/100|[from] Sandstorm\n|-fieldend|Misty Terrain\n|upkeep\n|turn|7\n|\n|t:|1700314027\n|move|p2a: \u4e09\u91cd\u653b\u51fb\uff01|Crunch|p1a: Hippowdon\n|-damage|p1a: Hippowdon|3\/100\n|move|p1a: Hippowdon|Yawn|p2a: \u4e09\u91cd\u653b\u51fb\uff01\n|-start|p2a: \u4e09\u91cd\u653b\u51fb\uff01|move: Yawn|[of] p1a: Hippowdon\n|\n|-weather|Sandstorm|[upkeep]\n|-damage|p2a: \u4e09\u91cd\u653b\u51fb\uff01|88\/100|[from] Sandstorm\n|upkeep\n|turn|8\n|\n|t:|1700314045\n|switch|p2a: \u5929\u7a7a\u4e4b\u76fe|Skarmory, M|100\/100\n|switch|p1a: Landorus|Landorus-Therian, M|100\/100\n|-ability|p1a: Landorus|Intimidate|boost\n|-unboost|p2a: \u5929\u7a7a\u4e4b\u76fe|atk|1\n|\n|-weather|Sandstorm|[upkeep]\n|upkeep\n|turn|9\n|\n|t:|1700314056\n|switch|p2a: \u6f02\u4eae\u59d0\u6709\u8f93\u51fa|Tapu Fini|65\/100\n|-fieldstart|move: Misty Terrain|[from] ability: Misty Surge|[of] p2a: \u6f02\u4eae\u59d0\u6709\u8f93\u51fa\n|move|p1a: Landorus|Taunt|p2a: \u6f02\u4eae\u59d0\u6709\u8f93\u51fa\n|-start|p2a: \u6f02\u4eae\u59d0\u6709\u8f93\u51fa|move: Taunt\n|\n|-weather|Sandstorm|[upkeep]\n|-damage|p2a: \u6f02\u4eae\u59d0\u6709\u8f93\u51fa|59\/100|[from] Sandstorm\n|upkeep\n|turn|10\n|\n|t:|1700314068\n|move|p1a: Landorus|Stealth Rock|p2a: \u6f02\u4eae\u59d0\u6709\u8f93\u51fa\n|-sidestart|p2: smallbaboon|move: Stealth Rock\n|move|p2a: \u6f02\u4eae\u59d0\u6709\u8f93\u51fa|Knock Off|p1a: Landorus\n|-damage|p1a: Landorus|88\/100\n|-damage|p2a: \u6f02\u4eae\u59d0\u6709\u8f93\u51fa|43\/100|[from] item: Rocky Helmet|[of] p1a: Landorus\n|-enditem|p1a: Landorus|Rocky Helmet|[from] move: Knock Off|[of] p2a: \u6f02\u4eae\u59d0\u6709\u8f93\u51fa\n|\n|-weather|Sandstorm|[upkeep]\n|-damage|p2a: \u6f02\u4eae\u59d0\u6709\u8f93\u51fa|37\/100|[from] Sandstorm\n|upkeep\n|turn|11\n|\n|t:|1700314083\n|move|p1a: Landorus|U-turn|p2a: \u6f02\u4eae\u59d0\u6709\u8f93\u51fa\n|-resisted|p2a: \u6f02\u4eae\u59d0\u6709\u8f93\u51fa\n|-damage|p2a: \u6f02\u4eae\u59d0\u6709\u8f93\u51fa|30\/100\n|\n|t:|1700314087\n|switch|p1a: Excadrill|Excadrill, F|100\/100|[from] U-turn\n|move|p2a: \u6f02\u4eae\u59d0\u6709\u8f93\u51fa|Brine|p1a: Excadrill\n|-supereffective|p1a: Excadrill\n|-damage|p1a: Excadrill|48\/100\n|\n|-weather|Sandstorm|[upkeep]\n|-damage|p2a: \u6f02\u4eae\u59d0\u6709\u8f93\u51fa|23\/100|[from] Sandstorm\n|-end|p2a: \u6f02\u4eae\u59d0\u6709\u8f93\u51fa|move: Taunt\n|upkeep\n|turn|12\n|\n|t:|1700314112\n|switch|p2a: \u5929\u7a7a\u4e4b\u76fe|Skarmory, M|100\/100\n|-damage|p2a: \u5929\u7a7a\u4e4b\u76fe|88\/100|[from] Stealth Rock\n|move|p1a: Excadrill|Rock Slide|p2a: \u5929\u7a7a\u4e4b\u76fe\n|-damage|p2a: \u5929\u7a7a\u4e4b\u76fe|61\/100\n|-ability|p2a: \u5929\u7a7a\u4e4b\u76fe|Weak Armor|boost\n|-unboost|p2a: \u5929\u7a7a\u4e4b\u76fe|def|1\n|-boost|p2a: \u5929\u7a7a\u4e4b\u76fe|spe|2\n|-damage|p1a: Excadrill|38\/100|[from] item: Life Orb\n|\n|-weather|Sandstorm|[upkeep]\n|upkeep\n|turn|13\n|\n|t:|1700314125\n|switch|p1a: Landorus|Landorus-Therian, M|88\/100\n|-ability|p1a: Landorus|Intimidate|boost\n|-unboost|p2a: \u5929\u7a7a\u4e4b\u76fe|atk|1\n|move|p2a: \u5929\u7a7a\u4e4b\u76fe|Swords Dance|p2a: \u5929\u7a7a\u4e4b\u76fe\n|-boost|p2a: \u5929\u7a7a\u4e4b\u76fe|atk|2\n|\n|-weather|none\n|-fieldend|Misty Terrain\n|upkeep\n|turn|14\n|\n|t:|1700314135\n|move|p2a: \u5929\u7a7a\u4e4b\u76fe|Swords Dance|p2a: \u5929\u7a7a\u4e4b\u76fe\n|-boost|p2a: \u5929\u7a7a\u4e4b\u76fe|atk|2\n|move|p1a: Landorus|Taunt|p2a: \u5929\u7a7a\u4e4b\u76fe\n|-start|p2a: \u5929\u7a7a\u4e4b\u76fe|move: Taunt\n|\n|upkeep\n|turn|15\n|\n|t:|1700314142\n|move|p2a: \u5929\u7a7a\u4e4b\u76fe|Iron Head|p1a: Landorus\n|-damage|p1a: Landorus|23\/100\n|cant|p1a: Landorus|flinch\n|\n|upkeep\n|turn|16\n|\n|t:|1700314149\n|move|p2a: \u5929\u7a7a\u4e4b\u76fe|Brave Bird|p1a: Landorus\n|-damage|p1a: Landorus|0 fnt\n|faint|p1a: Landorus\n|-damage|p2a: \u5929\u7a7a\u4e4b\u76fe|52\/100|[from] Recoil\n|\n|upkeep\n|\n|t:|1700314157\n|switch|p1a: Ferrothorn|Ferrothorn, F|100\/100\n|turn|17\n|\n|t:|1700314162\n|move|p2a: \u5929\u7a7a\u4e4b\u76fe|Natural Gift|p1a: Ferrothorn\n|-supereffective|p1a: Ferrothorn\n|-damage|p1a: Ferrothorn|0 fnt\n|faint|p1a: Ferrothorn\n|\n|-end|p2a: \u5929\u7a7a\u4e4b\u76fe|move: Taunt\n|upkeep\n|\n|t:|1700314170\n|switch|p1a: Hippowdon|Hippowdon, F|3\/100\n|-weather|Sandstorm|[from] ability: Sand Stream|[of] p1a: Hippowdon\n|turn|18\n|\n|t:|1700314176\n|move|p2a: \u5929\u7a7a\u4e4b\u76fe|Iron Head|p1a: Hippowdon\n|-damage|p1a: Hippowdon|0 fnt\n|faint|p1a: Hippowdon\n|\n|-weather|Sandstorm|[upkeep]\n|upkeep\n|\n|t:|1700314182\n|switch|p1a: Tyranitar|Tyranitar, F|34\/100\n|turn|19\n|\n|t:|1700314186\n|move|p2a: \u5929\u7a7a\u4e4b\u76fe|Iron Head|p1a: Tyranitar\n|-supereffective|p1a: Tyranitar\n|-damage|p1a: Tyranitar|0 fnt\n|faint|p1a: Tyranitar\n|\n|-weather|Sandstorm|[upkeep]\n|upkeep\n|\n|t:|1700314192\n|switch|p1a: Garchomp|Garchomp, F|100\/100\n|turn|20\n|\n|t:|1700314206\n|move|p2a: \u5929\u7a7a\u4e4b\u76fe|Brave Bird|p1a: Garchomp\n|-damage|p1a: Garchomp|0 fnt\n|-damage|p2a: \u5929\u7a7a\u4e4b\u76fe|40\/100|[from] ability: Rough Skin|[of] p1a: Garchomp\n|faint|p1a: Garchomp\n|-damage|p2a: \u5929\u7a7a\u4e4b\u76fe|1\/100|[from] Recoil\n|\n|-weather|Sandstorm|[upkeep]\n|upkeep\n|\n|t:|1700314214\n|switch|p1a: Excadrill|Excadrill, F|38\/100\n|turn|21\n|\n|t:|1700314218\n|move|p1a: Excadrill|Rock Slide|p2a: \u5929\u7a7a\u4e4b\u76fe\n|-damage|p2a: \u5929\u7a7a\u4e4b\u76fe|0 fnt\n|faint|p2a: \u5929\u7a7a\u4e4b\u76fe\n|-damage|p1a: Excadrill|28\/100|[from] item: Life Orb\n|\n|-weather|Sandstorm|[upkeep]\n|upkeep\n|\n|t:|1700314222\n|switch|p2a: \u6211\u8d85\uff0c\u51b0\uff01|Landorus-Therian, M|100\/100\n|-damage|p2a: \u6211\u8d85\uff0c\u51b0\uff01|88\/100|[from] Stealth Rock\n|-ability|p2a: \u6211\u8d85\uff0c\u51b0\uff01|Intimidate|boost\n|-unboost|p1a: Excadrill|atk|1\n|turn|22\n|-message|133268pwz forfeited.\n|\n|win|smallbaboon\n|l|\u2606133268pwz\n","uploadtime":1700314233,"views":6,"p1id":"133268pwz","p2id":"smallbaboon","formatid":"gen9nationaldex","rating":0,"private":0,"password":""}