{"id":"gen9nationaldex-1994151598","p1":"Bokoblin_king","p2":"Azuma no torena","format":"[Gen 9] National Dex","log":"|j|\u203dBokoblin_king\n|j|\u2606Azuma no torena\n|t:|1700412872\n|gametype|singles\n|player|p1|Bokoblin_king|169|1040\n|player|p2|Azuma no torena|swimmerf-gen4dp|1137\n|teamsize|p1|6\n|teamsize|p2|6\n|gen|9\n|tier|[Gen 9] National Dex\n|rated|\n|rule|HP Percentage Mod: HP is shown in percentages\n|rule|Endless Battle Clause: Forcing endless battles is banned\n|rule|OHKO Clause: OHKO moves are banned\n|rule|Evasion Clause: Evasion abilities, items, and moves are banned\n|rule|Evasion Abilities Clause: Evasion abilities are banned\n|rule|Evasion Items Clause: Evasion items are banned\n|rule|Evasion Moves Clause: Evasion moves are banned\n|rule|Species Clause: Limit one of each Pok\u00e9mon\n|rule|Sleep Clause Mod: Limit one foe put to sleep\n|clearpoke\n|poke|p1|Polteageist-Antique|\n|poke|p1|Grapploct, M|\n|poke|p1|Pinsir, F|\n|poke|p1|Magnezone|\n|poke|p1|Zapdos-Galar|\n|poke|p1|Liepard, F|\n|poke|p2|Landorus-Therian, M|\n|poke|p2|Heatran, M|\n|poke|p2|Alomomola, F|\n|poke|p2|Latios, M|\n|poke|p2|Tapu Lele|\n|poke|p2|Hawlucha, M|\n|teampreview\n|inactive|Battle timer is ON: inactive players will automatically lose when time's up. (requested by Bokoblin_king)\n|inactive|Azuma no torena has 120 seconds left.\n|c|\u2606Azuma no torena|\u3068\u3066\u3082\u30af\u30fc\u30eb\u306a\u30c1\u30fc\u30e0\n|\n|t:|1700412911\n|start\n|switch|p1a: Liepard|Liepard, F|100\/100\n|switch|p2a: \u79d8\u5bc6\u3092\u5b88\u308b\u8005|Heatran, M|100\/100\n|turn|1\n|\n|t:|1700412922\n|move|p1a: Liepard|Taunt|p2a: \u79d8\u5bc6\u3092\u5b88\u308b\u8005\n|-start|p2a: \u79d8\u5bc6\u3092\u5b88\u308b\u8005|move: Taunt\n|move|p2a: \u79d8\u5bc6\u3092\u5b88\u308b\u8005|Magma Storm|p1a: Liepard\n|-damage|p1a: Liepard|8\/100\n|-activate|p1a: Liepard|move: Magma Storm|[of] p2a: \u79d8\u5bc6\u3092\u5b88\u308b\u8005\n|-enditem|p1a: Liepard|Red Card|[of] p2a: \u79d8\u5bc6\u3092\u5b88\u308b\u8005\n|drag|p2a: \u30b8\u30e3\u30c3\u30ad\u30fc\u30c1\u30a7\u30f3|Hawlucha, M, shiny|100\/100\n|\n|-end|p1a: Liepard|Magma Storm|[partiallytrapped]|[silent]\n|upkeep\n|turn|2\n|\n|t:|1700412937\n|switch|p2a: \u719f\u7df4\u306e\u6226\u58eb|Landorus-Therian, M|100\/100\n|-ability|p2a: \u719f\u7df4\u306e\u6226\u58eb|Intimidate|boost\n|-unboost|p1a: Liepard|atk|1\n|move|p1a: Liepard|Thunder Wave|p2a: \u719f\u7df4\u306e\u6226\u58eb\n|-immune|p2a: \u719f\u7df4\u306e\u6226\u58eb\n|\n|upkeep\n|turn|3\n|\n|t:|1700412971\n|move|p1a: Liepard|Taunt|p2a: \u719f\u7df4\u306e\u6226\u58eb\n|-start|p2a: \u719f\u7df4\u306e\u6226\u58eb|move: Taunt\n|cant|p2a: \u719f\u7df4\u306e\u6226\u58eb|move: Taunt|Stealth Rock\n|\n|upkeep\n|turn|4\n|\n|t:|1700412979\n|move|p1a: Liepard|Torment|p2a: \u719f\u7df4\u306e\u6226\u58eb\n|-start|p2a: \u719f\u7df4\u306e\u6226\u58eb|Torment\n|move|p2a: \u719f\u7df4\u306e\u6226\u58eb|U-turn|p1a: Liepard\n|-supereffective|p1a: Liepard\n|-damage|p1a: Liepard|0 fnt\n|faint|p1a: Liepard\n|\n|t:|1700412996\n|switch|p2a: OP\u89e3\u7981|Tapu Lele, shiny|100\/100|[from] U-turn\n|-fieldstart|move: Psychic Terrain|[from] ability: Psychic Surge|[of] p2a: OP\u89e3\u7981\n|\n|upkeep\n|\n|t:|1700413006\n|switch|p1a: Magnezone|Magnezone|100\/100\n|turn|5\n|\n|t:|1700413017\n|-terastallize|p2a: OP\u89e3\u7981|Psychic\n|move|p2a: OP\u89e3\u7981|Hidden Power|p1a: Magnezone\n|-supereffective|p1a: Magnezone\n|-damage|p1a: Magnezone|41\/100\n|move|p1a: Magnezone|Flash Cannon|p2a: OP\u89e3\u7981\n|-damage|p2a: OP\u89e3\u7981|32\/100\n|-unboost|p2a: OP\u89e3\u7981|spd|1\n|\n|-heal|p1a: Magnezone|47\/100|[from] item: Leftovers\n|upkeep\n|turn|6\n|\n|t:|1700413027\n|move|p1a: Magnezone|Protect|p1a: Magnezone\n|-singleturn|p1a: Magnezone|Protect\n|move|p2a: OP\u89e3\u7981|Hidden Power|p1a: Magnezone\n|-activate|p1a: Magnezone|move: Protect\n|\n|-heal|p1a: Magnezone|53\/100|[from] item: Leftovers\n|upkeep\n|turn|7\n|\n|t:|1700413035\n|move|p2a: OP\u89e3\u7981|Hidden Power|p1a: Magnezone\n|-supereffective|p1a: Magnezone\n|-damage|p1a: Magnezone|0 fnt\n|faint|p1a: Magnezone\n|\n|upkeep\n|\n|t:|1700413043\n|switch|p1a: Pinsir|Pinsir, F|100\/100\n|turn|8\n|\n|t:|1700413051\n|switch|p2a: \u719f\u7df4\u306e\u6226\u58eb|Landorus-Therian, M|100\/100\n|-ability|p2a: \u719f\u7df4\u306e\u6226\u58eb|Intimidate|boost\n|-unboost|p1a: Pinsir|atk|1\n|move|p1a: Pinsir|X-Scissor|p2a: \u719f\u7df4\u306e\u6226\u58eb\n|-resisted|p2a: \u719f\u7df4\u306e\u6226\u58eb\n|-damage|p2a: \u719f\u7df4\u306e\u6226\u58eb|84\/100\n|\n|-fieldend|move: Psychic Terrain\n|upkeep\n|turn|9\n|\n|t:|1700413058\n|detailschange|p1a: Pinsir|Pinsir-Mega, F\n|-mega|p1a: Pinsir|Pinsir|Pinsirite\n|move|p1a: Pinsir|Double-Edge|p2a: \u719f\u7df4\u306e\u6226\u58eb\n|-damage|p2a: \u719f\u7df4\u306e\u6226\u58eb|16\/100\n|-damage|p1a: Pinsir|74\/100|[from] Recoil\n|-zpower|p2a: \u719f\u7df4\u306e\u6226\u58eb\n|move|p2a: \u719f\u7df4\u306e\u6226\u58eb|Supersonic Skystrike|p1a: Pinsir|[zeffect]\n|-supereffective|p1a: Pinsir\n|-damage|p1a: Pinsir|0 fnt\n|faint|p1a: Pinsir\n|\n|upkeep\n|\n|t:|1700413067\n|switch|p1a: Zapdos|Zapdos-Galar|100\/100\n|turn|10\n|inactive|Azuma no torena has 120 seconds left.\n|\n|t:|1700413097\n|switch|p2a: \u30d0\u30c3\u30c8\u30de\u30f3|Latios, M|100\/100\n|move|p1a: Zapdos|Trailblaze|p2a: \u30d0\u30c3\u30c8\u30de\u30f3\n|-resisted|p2a: \u30d0\u30c3\u30c8\u30de\u30f3\n|-damage|p2a: \u30d0\u30c3\u30c8\u30de\u30f3|90\/100\n|-boost|p1a: Zapdos|spe|1\n|\n|upkeep\n|turn|11\n|\n|t:|1700413106\n|detailschange|p2a: \u30d0\u30c3\u30c8\u30de\u30f3|Latios-Mega, M\n|-mega|p2a: \u30d0\u30c3\u30c8\u30de\u30f3|Latios|Latiosite\n|move|p1a: Zapdos|Protect|p1a: Zapdos\n|-singleturn|p1a: Zapdos|Protect\n|move|p2a: \u30d0\u30c3\u30c8\u30de\u30f3|Psychic|p1a: Zapdos\n|-activate|p1a: Zapdos|move: Protect\n|\n|upkeep\n|turn|12\n|\n|t:|1700413120\n|move|p1a: Zapdos|Thunderous Kick|p2a: \u30d0\u30c3\u30c8\u30de\u30f3\n|-resisted|p2a: \u30d0\u30c3\u30c8\u30de\u30f3\n|-damage|p2a: \u30d0\u30c3\u30c8\u30de\u30f3|64\/100\n|-unboost|p2a: \u30d0\u30c3\u30c8\u30de\u30f3|def|1\n|move|p2a: \u30d0\u30c3\u30c8\u30de\u30f3|Psychic|p1a: Zapdos\n|-supereffective|p1a: Zapdos\n|-damage|p1a: Zapdos|0 fnt\n|faint|p1a: Zapdos\n|\n|upkeep\n|\n|t:|1700413126\n|switch|p1a: Polteageist|Polteageist-Antique|100\/100\n|turn|13\n|inactive|Azuma no torena has 120 seconds left.\n|\n|t:|1700413164\n|move|p2a: \u30d0\u30c3\u30c8\u30de\u30f3|Psychic|p1a: Polteageist\n|-damage|p1a: Polteageist|37\/100\n|move|p1a: Polteageist|Shell Smash|p1a: Polteageist\n|-unboost|p1a: Polteageist|def|1\n|-unboost|p1a: Polteageist|spd|1\n|-boost|p1a: Polteageist|atk|2\n|-boost|p1a: Polteageist|spa|2\n|-boost|p1a: Polteageist|spe|2\n|-enditem|p1a: Polteageist|White Herb\n|-clearnegativeboost|p1a: Polteageist|[silent]\n|\n|upkeep\n|turn|14\n|inactive|Azuma no torena has 120 seconds left.\n|\n|t:|1700413185\n|move|p1a: Polteageist|Shadow Ball|p2a: \u30d0\u30c3\u30c8\u30de\u30f3\n|-supereffective|p2a: \u30d0\u30c3\u30c8\u30de\u30f3\n|-damage|p2a: \u30d0\u30c3\u30c8\u30de\u30f3|0 fnt\n|faint|p2a: \u30d0\u30c3\u30c8\u30de\u30f3\n|\n|upkeep\n|\n|t:|1700413186\n|switch|p2a: \u79d8\u5bc6\u3092\u5b88\u308b\u8005|Heatran, M|100\/100\n|turn|15\n|\n|t:|1700413204\n|move|p1a: Polteageist|Shadow Ball|p2a: \u79d8\u5bc6\u3092\u5b88\u308b\u8005\n|-damage|p2a: \u79d8\u5bc6\u3092\u5b88\u308b\u8005|40\/100\n|move|p2a: \u79d8\u5bc6\u3092\u5b88\u308b\u8005|Earth Power|p1a: Polteageist\n|-damage|p1a: Polteageist|6\/100\n|\n|-heal|p2a: \u79d8\u5bc6\u3092\u5b88\u308b\u8005|46\/100|[from] item: Leftovers\n|upkeep\n|turn|16\n|\n|t:|1700413211\n|move|p2a: \u79d8\u5bc6\u3092\u5b88\u308b\u8005|Protect|p2a: \u79d8\u5bc6\u3092\u5b88\u308b\u8005\n|-singleturn|p2a: \u79d8\u5bc6\u3092\u5b88\u308b\u8005|Protect\n|move|p1a: Polteageist|Shadow Ball|p2a: \u79d8\u5bc6\u3092\u5b88\u308b\u8005\n|-activate|p2a: \u79d8\u5bc6\u3092\u5b88\u308b\u8005|move: Protect\n|\n|-heal|p2a: \u79d8\u5bc6\u3092\u5b88\u308b\u8005|52\/100|[from] item: Leftovers\n|upkeep\n|turn|17\n|\n|t:|1700413220\n|switch|p2a: \u30ec\u30ec\u306e\u53f3\u624b\u306e\u611a\u304b\u306a\u30a6\u30b5\u30ae|Alomomola, F, shiny|100\/100\n|move|p1a: Polteageist|Stored Power|p2a: \u30ec\u30ec\u306e\u53f3\u624b\u306e\u611a\u304b\u306a\u30a6\u30b5\u30ae\n|-damage|p2a: \u30ec\u30ec\u306e\u53f3\u624b\u306e\u611a\u304b\u306a\u30a6\u30b5\u30ae|20\/100\n|\n|-heal|p2a: \u30ec\u30ec\u306e\u53f3\u624b\u306e\u611a\u304b\u306a\u30a6\u30b5\u30ae|27\/100|[from] item: Leftovers\n|upkeep\n|turn|18\n|\n|t:|1700413224\n|move|p1a: Polteageist|Shadow Ball|p2a: \u30ec\u30ec\u306e\u53f3\u624b\u306e\u611a\u304b\u306a\u30a6\u30b5\u30ae\n|-damage|p2a: \u30ec\u30ec\u306e\u53f3\u624b\u306e\u611a\u304b\u306a\u30a6\u30b5\u30ae|0 fnt\n|faint|p2a: \u30ec\u30ec\u306e\u53f3\u624b\u306e\u611a\u304b\u306a\u30a6\u30b5\u30ae\n|\n|upkeep\n|\n|t:|1700413227\n|switch|p2a: \u79d8\u5bc6\u3092\u5b88\u308b\u8005|Heatran, M|52\/100\n|turn|19\n|\n|t:|1700413234\n|move|p1a: Polteageist|Shadow Ball|p2a: \u79d8\u5bc6\u3092\u5b88\u308b\u8005\n|-damage|p2a: \u79d8\u5bc6\u3092\u5b88\u308b\u8005|0 fnt\n|faint|p2a: \u79d8\u5bc6\u3092\u5b88\u308b\u8005\n|\n|upkeep\n|\n|t:|1700413239\n|switch|p2a: OP\u89e3\u7981|Tapu Lele, shiny, tera:Psychic|32\/100\n|-fieldstart|move: Psychic Terrain|[from] ability: Psychic Surge|[of] p2a: OP\u89e3\u7981\n|turn|20\n|\n|t:|1700413243\n|move|p1a: Polteageist|Shadow Ball|p2a: OP\u89e3\u7981\n|-supereffective|p2a: OP\u89e3\u7981\n|-damage|p2a: OP\u89e3\u7981|0 fnt\n|faint|p2a: OP\u89e3\u7981\n|\n|upkeep\n|\n|t:|1700413244\n|switch|p2a: \u30b8\u30e3\u30c3\u30ad\u30fc\u30c1\u30a7\u30f3|Hawlucha, M, shiny|100\/100\n|-enditem|p2a: \u30b8\u30e3\u30c3\u30ad\u30fc\u30c1\u30a7\u30f3|Psychic Seed\n|-boost|p2a: \u30b8\u30e3\u30c3\u30ad\u30fc\u30c1\u30a7\u30f3|spd|1|[from] item: Psychic Seed\n|turn|21\n|\n|t:|1700413248\n|move|p2a: \u30b8\u30e3\u30c3\u30ad\u30fc\u30c1\u30a7\u30f3|Acrobatics|p1a: Polteageist\n|-damage|p1a: Polteageist|0 fnt\n|faint|p1a: Polteageist\n|\n|upkeep\n|\n|t:|1700413255\n|switch|p1a: Grapploct|Grapploct, M|100\/100\n|turn|22\n|\n|t:|1700413273\n|move|p2a: \u30b8\u30e3\u30c3\u30ad\u30fc\u30c1\u30a7\u30f3|Acrobatics|p1a: Grapploct\n|-supereffective|p1a: Grapploct\n|-damage|p1a: Grapploct|15\/100\n|move|p1a: Grapploct|Close Combat|p2a: \u30b8\u30e3\u30c3\u30ad\u30fc\u30c1\u30a7\u30f3\n|-resisted|p2a: \u30b8\u30e3\u30c3\u30ad\u30fc\u30c1\u30a7\u30f3\n|-damage|p2a: \u30b8\u30e3\u30c3\u30ad\u30fc\u30c1\u30a7\u30f3|56\/100\n|-unboost|p1a: Grapploct|def|1\n|-unboost|p1a: Grapploct|spd|1\n|\n|upkeep\n|turn|23\n|\n|t:|1700413280\n|move|p2a: \u30b8\u30e3\u30c3\u30ad\u30fc\u30c1\u30a7\u30f3|Acrobatics|p1a: Grapploct\n|-supereffective|p1a: Grapploct\n|-damage|p1a: Grapploct|0 fnt\n|faint|p1a: Grapploct\n|\n|win|Azuma no torena\n|raw|Bokoblin_king's rating: 1040 &rarr; <strong>1028<\/strong><br \/>(-12 for losing)\n|raw|Azuma no torena's rating: 1137 &rarr; <strong>1155<\/strong><br \/>(+18 for winning)\n|l|\u203dBokoblin_king\n","uploadtime":1700413306,"views":14,"p1id":"bokoblinking","p2id":"azumanotorena","formatid":"gen9nationaldex","rating":1028,"private":0,"password":""}