{"id":"gen9nationaldex-1995149292","p1":"zerosakihitoshiki","p2":"FlyingSudowoodo","format":"[Gen 9] National Dex","log":"|html|<div class=\"broadcast-blue\"><strong>[Gen 9] National Dex is currently suspecting Sneasler! For information on how to participate check out the <a href=\"https:\/\/www.smogon.com\/forums\/threads\/sv-national-dex-suspect-8-just-dance.3731534\/\">suspect thread<\/a>.<\/strong><\/div>\n|j|\u2606zerosakihitoshiki\n|j|\u2606FlyingSudowoodo\n|t:|1700528074\n|gametype|singles\n|player|p1|zerosakihitoshiki|marley|1266\n|player|p2|FlyingSudowoodo|cheren|1379\n|teamsize|p1|6\n|teamsize|p2|6\n|gen|9\n|tier|[Gen 9] National Dex\n|rated|\n|rule|HP Percentage Mod: HP is shown in percentages\n|rule|Endless Battle Clause: Forcing endless battles is banned\n|rule|OHKO Clause: OHKO moves are banned\n|rule|Evasion Clause: Evasion abilities, items, and moves are banned\n|rule|Evasion Abilities Clause: Evasion abilities are banned\n|rule|Evasion Items Clause: Evasion items are banned\n|rule|Evasion Moves Clause: Evasion moves are banned\n|rule|Species Clause: Limit one of each Pok\u00e9mon\n|rule|Sleep Clause Mod: Limit one foe put to sleep\n|clearpoke\n|poke|p1|Cinderace, M|\n|poke|p1|Kommo-o, M|\n|poke|p1|Tapu Lele|\n|poke|p1|Rillaboom, M|\n|poke|p1|Diancie|\n|poke|p1|Manaphy|\n|poke|p2|Ribombee, F|\n|poke|p2|Glimmora, F|\n|poke|p2|Great Tusk|\n|poke|p2|Enamorus, F|\n|poke|p2|Samurott-Hisui, M|\n|poke|p2|Iron Moth|\n|teampreview\n|\n|t:|1700528082\n|start\n|switch|p1a: Kommo-o|Kommo-o, M|100\/100\n|switch|p2a: Ribombee|Ribombee, F|100\/100\n|turn|1\n|inactive|Battle timer is ON: inactive players will automatically lose when time's up. (requested by FlyingSudowoodo)\n|\n|t:|1700528094\n|-terastallize|p1a: Kommo-o|Steel\n|move|p2a: Ribombee|Sticky Web|p1a: Kommo-o\n|-sidestart|p1: zerosakihitoshiki|move: Sticky Web\n|move|p1a: Kommo-o|Clangorous Soul|p1a: Kommo-o\n|-boost|p1a: Kommo-o|atk|1\n|-boost|p1a: Kommo-o|def|1\n|-boost|p1a: Kommo-o|spa|1\n|-boost|p1a: Kommo-o|spd|1\n|-boost|p1a: Kommo-o|spe|1\n|-damage|p1a: Kommo-o|68\/100\n|-enditem|p1a: Kommo-o|Throat Spray\n|-boost|p1a: Kommo-o|spa|1|[from] item: Throat Spray\n|\n|upkeep\n|turn|2\n|\n|t:|1700528120\n|switch|p2a: Glimmora|Glimmora, F|100\/100\n|-item|p2a: Glimmora|Air Balloon\n|move|p1a: Kommo-o|Flamethrower|p2a: Glimmora\n|-resisted|p2a: Glimmora\n|-damage|p2a: Glimmora|65\/100\n|-enditem|p2a: Glimmora|Air Balloon\n|\n|upkeep\n|turn|3\n|\n|t:|1700528131\n|move|p1a: Kommo-o|Clanging Scales|p2a: Glimmora\n|-damage|p2a: Glimmora|0 fnt\n|faint|p2a: Glimmora\n|-unboost|p1a: Kommo-o|def|1\n|\n|upkeep\n|\n|t:|1700528140\n|switch|p2a: Enamorus|Enamorus, F|100\/100\n|turn|4\n|\n|t:|1700528161\n|move|p1a: Kommo-o|Flamethrower|p2a: Enamorus\n|-damage|p2a: Enamorus|13\/100\n|move|p2a: Enamorus|Mystical Fire|p1a: Kommo-o\n|-supereffective|p1a: Kommo-o\n|-damage|p1a: Kommo-o|25\/100\n|-unboost|p1a: Kommo-o|spa|1\n|\n|upkeep\n|turn|5\n|\n|t:|1700528170\n|switch|p2a: Samurott|Samurott-Hisui, M|100\/100\n|move|p1a: Kommo-o|Vacuum Wave|p2a: Samurott\n|-supereffective|p2a: Samurott\n|-damage|p2a: Samurott|12\/100\n|\n|upkeep\n|turn|6\n|\n|t:|1700528184\n|switch|p2a: Iron Moth|Iron Moth|100\/100\n|-enditem|p2a: Iron Moth|Booster Energy\n|-activate|p2a: Iron Moth|ability: Quark Drive|[fromitem]\n|-start|p2a: Iron Moth|quarkdrivespe\n|move|p1a: Kommo-o|Vacuum Wave|p2a: Iron Moth\n|-resisted|p2a: Iron Moth\n|-crit|p2a: Iron Moth\n|-damage|p2a: Iron Moth|79\/100\n|\n|upkeep\n|turn|7\n|\n|t:|1700528195\n|move|p2a: Iron Moth|Fire Blast|p1a: Kommo-o\n|-supereffective|p1a: Kommo-o\n|-damage|p1a: Kommo-o|0 fnt\n|faint|p1a: Kommo-o\n|\n|upkeep\n|\n|t:|1700528203\n|switch|p1a: Cinderace|Cinderace, M|100\/100\n|-activate|p1a: Cinderace|move: Sticky Web\n|-unboost|p1a: Cinderace|spe|1\n|turn|8\n|\n|t:|1700528209\n|move|p2a: Iron Moth|Sludge Wave|p1a: Cinderace\n|-damage|p1a: Cinderace|35\/100\n|move|p1a: Cinderace|Court Change|p1a: Cinderace\n|-start|p1a: Cinderace|typechange|Normal|[from] ability: Libero\n|-swapsideconditions\n|-activate|p1a: Cinderace|move: Court Change\n|\n|upkeep\n|turn|9\n|\n|t:|1700528217\n|switch|p1a: Manaphy|Manaphy|100\/100\n|move|p2a: Iron Moth|Sludge Wave|p1a: Manaphy\n|-damage|p1a: Manaphy|52\/100\n|-status|p1a: Manaphy|psn\n|\n|-damage|p1a: Manaphy|40\/100 psn|[from] psn\n|upkeep\n|turn|10\n|\n|t:|1700528229\n|move|p2a: Iron Moth|Sludge Wave|p1a: Manaphy\n|-damage|p1a: Manaphy|0 fnt\n|faint|p1a: Manaphy\n|\n|upkeep\n|\n|t:|1700528241\n|switch|p1a: Rillaboom|Rillaboom, M|100\/100\n|-fieldstart|move: Grassy Terrain|[from] ability: Grassy Surge|[of] p1a: Rillaboom\n|turn|11\n|\n|t:|1700528246\n|move|p1a: Rillaboom|Grassy Glide|p2a: Iron Moth\n|-resisted|p2a: Iron Moth\n|-damage|p2a: Iron Moth|62\/100\n|-damage|p1a: Rillaboom|91\/100|[from] item: Life Orb\n|move|p2a: Iron Moth|Sludge Wave|p1a: Rillaboom\n|-supereffective|p1a: Rillaboom\n|-damage|p1a: Rillaboom|0 fnt\n|faint|p1a: Rillaboom\n|\n|-heal|p2a: Iron Moth|68\/100|[from] Grassy Terrain\n|upkeep\n|\n|t:|1700528254\n|switch|p1a: Cinderace|Cinderace, M|35\/100\n|turn|12\n|\n|t:|1700528258\n|move|p1a: Cinderace|Sucker Punch|p2a: Iron Moth\n|-start|p1a: Cinderace|typechange|Dark|[from] ability: Libero\n|-damage|p2a: Iron Moth|18\/100\n|move|p2a: Iron Moth|Sludge Wave|p1a: Cinderace\n|-damage|p1a: Cinderace|0 fnt\n|faint|p1a: Cinderace\n|\n|-heal|p2a: Iron Moth|24\/100|[from] Grassy Terrain\n|upkeep\n|\n|t:|1700528264\n|switch|p1a: Diancie|Diancie|100\/100\n|turn|13\n|\n|t:|1700528270\n|detailschange|p1a: Diancie|Diancie-Mega\n|-mega|p1a: Diancie|Diancie|Diancite\n|-terastallize|p2a: Iron Moth|Grass\n|move|p2a: Iron Moth|Energy Ball|p1a: Diancie\n|-supereffective|p1a: Diancie\n|-damage|p1a: Diancie|0 fnt\n|faint|p1a: Diancie\n|\n|-heal|p2a: Iron Moth|30\/100|[from] Grassy Terrain\n|upkeep\n|\n|t:|1700528278\n|switch|p1a: Tapu Lele|Tapu Lele|100\/100\n|-fieldstart|move: Psychic Terrain|[from] ability: Psychic Surge|[of] p1a: Tapu Lele\n|turn|14\n|\n|t:|1700528286\n|move|p2a: Iron Moth|Fire Blast|p1a: Tapu Lele\n|-damage|p1a: Tapu Lele|37\/100\n|move|p1a: Tapu Lele|Psychic|p2a: Iron Moth\n|-crit|p2a: Iron Moth\n|-damage|p2a: Iron Moth|0 fnt\n|faint|p2a: Iron Moth\n|-end|p2a: Iron Moth|Quark Drive|[silent]\n|\n|upkeep\n|\n|t:|1700528301\n|switch|p2a: Ribombee|Ribombee, F|100\/100\n|-activate|p2a: Ribombee|move: Sticky Web\n|-unboost|p2a: Ribombee|spe|1\n|turn|15\n|\n|t:|1700528311\n|move|p1a: Tapu Lele|Psychic|p2a: Ribombee\n|-enditem|p2a: Ribombee|Focus Sash\n|-damage|p2a: Ribombee|1\/100\n|move|p2a: Ribombee|Tailwind|p2a: Ribombee\n|-sidestart|p2: FlyingSudowoodo|move: Tailwind\n|\n|upkeep\n|turn|16\n|\n|t:|1700528320\n|move|p2a: Ribombee|Moonblast|p1a: Tapu Lele\n|-damage|p1a: Tapu Lele|0 fnt\n|faint|p1a: Tapu Lele\n|\n|win|FlyingSudowoodo\n|raw|zerosakihitoshiki's rating: 1266 &rarr; <strong>1249<\/strong><br \/>(-17 for losing)\n|raw|FlyingSudowoodo's rating: 1379 &rarr; <strong>1393<\/strong><br \/>(+14 for winning)\n|l|\u2606zerosakihitoshiki\n","uploadtime":1700528327,"views":16,"p1id":"zerosakihitoshiki","p2id":"flyingsudowoodo","formatid":"gen9nationaldex","rating":1249,"private":0,"password":""}