{"id":"gen9nationaldex-1987726758","p1":"pangdunkabi","p2":"Micag576","format":"[Gen 9] National Dex","log":"|j|\u2606pangdunkabi\n|j|\u2606Micag576\n|t:|1699631363\n|gametype|singles\n|player|p1|pangdunkabi|rosa|1223\n|player|p2|Micag576|n|1151\n|teamsize|p1|6\n|teamsize|p2|6\n|gen|9\n|tier|[Gen 9] National Dex\n|rated|\n|rule|HP Percentage Mod: HP is shown in percentages\n|rule|Endless Battle Clause: Forcing endless battles is banned\n|rule|OHKO Clause: OHKO moves are banned\n|rule|Evasion Clause: Evasion abilities, items, and moves are banned\n|rule|Evasion Abilities Clause: Evasion abilities are banned\n|rule|Evasion Items Clause: Evasion items are banned\n|rule|Evasion Moves Clause: Evasion moves are banned\n|rule|Species Clause: Limit one of each Pok\u00e9mon\n|rule|Sleep Clause Mod: Limit one foe put to sleep\n|clearpoke\n|poke|p1|Volcarona, F|\n|poke|p1|Gliscor, M|\n|poke|p1|Snorlax, M|\n|poke|p1|Toxapex, M|\n|poke|p1|Rotom-Wash|\n|poke|p1|Dragonite, M|\n|poke|p2|Roserade, M|\n|poke|p2|Talonflame, M|\n|poke|p2|Azumarill, M|\n|poke|p2|Magnezone|\n|poke|p2|Garchomp, F|\n|poke|p2|Gallade, M|\n|teampreview\n|\n|t:|1699631369\n|start\n|switch|p1a: Rotom|Rotom-Wash|100\/100\n|switch|p2a: Magnezone|Magnezone|100\/100\n|-item|p2a: Magnezone|Air Balloon\n|turn|1\n|\n|t:|1699631382\n|switch|p1a: Gliscor|Gliscor, M|100\/100\n|switch|p2a: Roserade|Roserade, M|100\/100\n|\n|-status|p1a: Gliscor|tox|[from] item: Toxic Orb\n|upkeep\n|turn|2\n|\n|t:|1699631391\n|move|p2a: Roserade|Leech Seed|p1a: Gliscor\n|-start|p1a: Gliscor|move: Leech Seed\n|move|p1a: Gliscor|Knock Off|p2a: Roserade\n|-damage|p2a: Roserade|64\/100\n|-enditem|p2a: Roserade|Black Sludge|[from] move: Knock Off|[of] p1a: Gliscor\n|\n|-damage|p1a: Gliscor|88\/100 tox|[from] Leech Seed|[of] p2a: Roserade\n|-heal|p2a: Roserade|80\/100|[silent]\n|-heal|p1a: Gliscor|100\/100 tox|[from] ability: Poison Heal\n|upkeep\n|turn|3\n|\n|t:|1699631403\n|move|p2a: Roserade|Petal Blizzard|p1a: Gliscor\n|-damage|p1a: Gliscor|81\/100 tox\n|move|p1a: Gliscor|Earthquake|p2a: Roserade\n|-damage|p2a: Roserade|22\/100\n|\n|-damage|p1a: Gliscor|68\/100 tox|[from] Leech Seed|[of] p2a: Roserade\n|-heal|p2a: Roserade|38\/100|[silent]\n|-heal|p1a: Gliscor|81\/100 tox|[from] ability: Poison Heal\n|upkeep\n|turn|4\n|\n|t:|1699631416\n|switch|p2a: Magnezone|Magnezone|100\/100\n|-item|p2a: Magnezone|Air Balloon\n|move|p1a: Gliscor|Knock Off|p2a: Magnezone\n|-damage|p2a: Magnezone|82\/100\n|-enditem|p2a: Magnezone|Air Balloon\n|\n|-damage|p1a: Gliscor|68\/100 tox|[from] Leech Seed|[of] p2a: Magnezone\n|-heal|p2a: Magnezone|97\/100|[silent]\n|-heal|p1a: Gliscor|81\/100 tox|[from] ability: Poison Heal\n|upkeep\n|turn|5\n|\n|t:|1699631429\n|switch|p2a: Talonflame|Talonflame, M|100\/100\n|move|p1a: Gliscor|Earthquake|p2a: Talonflame\n|-immune|p2a: Talonflame\n|\n|-damage|p1a: Gliscor|68\/100 tox|[from] Leech Seed|[of] p2a: Talonflame\n|-heal|p1a: Gliscor|81\/100 tox|[from] ability: Poison Heal\n|upkeep\n|turn|6\n|\n|t:|1699631440\n|switch|p1a: Toxapex|Toxapex, M|100\/100\n|move|p2a: Talonflame|Tailwind|p2a: Talonflame\n|-sidestart|p2: Micag576|move: Tailwind\n|\n|upkeep\n|turn|7\n|inactive|Battle timer is ON: inactive players will automatically lose when time's up. (requested by pangdunkabi)\n|\n|t:|1699631452\n|switch|p2a: Magnezone|Magnezone|97\/100\n|switch|p1a: Gliscor|Gliscor, M|81\/100 tox\n|\n|-heal|p1a: Gliscor|93\/100 tox|[from] ability: Poison Heal\n|upkeep\n|turn|8\n|\n|t:|1699631461\n|switch|p2a: Azumarill|Azumarill, M|100\/100\n|move|p1a: Gliscor|Knock Off|p2a: Azumarill\n|-resisted|p2a: Azumarill\n|-damage|p2a: Azumarill|89\/100\n|-enditem|p2a: Azumarill|Assault Vest|[from] move: Knock Off|[of] p1a: Gliscor\n|\n|-heal|p1a: Gliscor|100\/100 tox|[from] ability: Poison Heal\n|upkeep\n|turn|9\n|\n|t:|1699631471\n|-terastallize|p2a: Azumarill|Water\n|move|p2a: Azumarill|Iron Tail|p1a: Gliscor\n|-damage|p1a: Gliscor|77\/100 tox\n|move|p1a: Gliscor|Toxic|p2a: Azumarill\n|-status|p2a: Azumarill|tox\n|\n|-damage|p2a: Azumarill|82\/100 tox|[from] psn\n|-heal|p1a: Gliscor|89\/100 tox|[from] ability: Poison Heal\n|-sideend|p2: Micag576|move: Tailwind\n|upkeep\n|turn|10\n|\n|t:|1699631487\n|move|p2a: Azumarill|Aqua Jet|p1a: Gliscor\n|-supereffective|p1a: Gliscor\n|-damage|p1a: Gliscor|53\/100 tox\n|move|p1a: Gliscor|Knock Off|p2a: Azumarill\n|-damage|p2a: Azumarill|66\/100 tox\n|\n|-heal|p1a: Gliscor|65\/100 tox|[from] ability: Poison Heal\n|-damage|p2a: Azumarill|54\/100 tox|[from] psn\n|upkeep\n|turn|11\n|\n|t:|1699631497\n|move|p1a: Gliscor|Roost|p1a: Gliscor\n|-heal|p1a: Gliscor|100\/100 tox\n|-singleturn|p1a: Gliscor|move: Roost\n|move|p2a: Azumarill|Aqua Tail|p1a: Gliscor\n|-supereffective|p1a: Gliscor\n|-damage|p1a: Gliscor|24\/100 tox\n|\n|-heal|p1a: Gliscor|36\/100 tox|[from] ability: Poison Heal\n|-damage|p2a: Azumarill|35\/100 tox|[from] psn\n|upkeep\n|turn|12\n|\n|t:|1699631509\n|-terastallize|p1a: Gliscor|Fairy\n|move|p1a: Gliscor|Roost|p1a: Gliscor\n|-heal|p1a: Gliscor|86\/100 tox\n|move|p2a: Azumarill|Aqua Tail|p1a: Gliscor|[miss]\n|-miss|p2a: Azumarill|p1a: Gliscor\n|\n|-heal|p1a: Gliscor|99\/100 tox|[from] ability: Poison Heal\n|-damage|p2a: Azumarill|11\/100 tox|[from] psn\n|upkeep\n|turn|13\n|\n|t:|1699631522\n|move|p1a: Gliscor|Knock Off|p2a: Azumarill\n|-damage|p2a: Azumarill|0 fnt\n|faint|p2a: Azumarill\n|\n|-heal|p1a: Gliscor|100\/100 tox|[from] ability: Poison Heal\n|upkeep\n|\n|t:|1699631526\n|switch|p2a: Magnezone|Magnezone|97\/100\n|turn|14\n|\n|t:|1699631533\n|move|p1a: Gliscor|Earthquake|p2a: Magnezone\n|-supereffective|p2a: Magnezone\n|-damage|p2a: Magnezone|0 fnt\n|faint|p2a: Magnezone\n|\n|upkeep\n|\n|t:|1699631537\n|switch|p2a: Talonflame|Talonflame, M|100\/100\n|turn|15\n|\n|t:|1699631541\n|move|p2a: Talonflame|Steel Wing|p1a: Gliscor\n|-supereffective|p1a: Gliscor\n|-damage|p1a: Gliscor|67\/100 tox\n|-damage|p2a: Talonflame|91\/100|[from] item: Life Orb\n|move|p1a: Gliscor|Knock Off|p2a: Talonflame\n|-damage|p2a: Talonflame|65\/100\n|-enditem|p2a: Talonflame|Life Orb|[from] move: Knock Off|[of] p1a: Gliscor\n|\n|-heal|p1a: Gliscor|80\/100 tox|[from] ability: Poison Heal\n|upkeep\n|turn|16\n|\n|t:|1699631559\n|switch|p1a: Rotom|Rotom-Wash|100\/100\n|move|p2a: Talonflame|Steel Wing|p1a: Rotom\n|-resisted|p1a: Rotom\n|-damage|p1a: Rotom|95\/100\n|\n|upkeep\n|turn|17\n|\n|t:|1699631570\n|move|p2a: Talonflame|Brave Bird|p1a: Rotom\n|-resisted|p1a: Rotom\n|-damage|p1a: Rotom|61\/100\n|-damage|p2a: Talonflame|56\/100|[from] Recoil\n|move|p1a: Rotom|Volt Switch|p2a: Talonflame\n|-supereffective|p2a: Talonflame\n|-damage|p2a: Talonflame|0 fnt\n|faint|p2a: Talonflame\n|\n|t:|1699631580\n|switch|p1a: Snorlax|Snorlax, M|100\/100|[from] Volt Switch\n|\n|upkeep\n|\n|t:|1699631582\n|switch|p2a: Gallade|Gallade, M|100\/100\n|turn|18\n|\n|t:|1699631590\n|detailschange|p2a: Gallade|Gallade-Mega, M\n|-mega|p2a: Gallade|Gallade|Galladite\n|move|p2a: Gallade|Swords Dance|p2a: Gallade\n|-boost|p2a: Gallade|atk|2\n|move|p1a: Snorlax|Heat Crash|p2a: Gallade\n|-damage|p2a: Gallade|48\/100\n|\n|upkeep\n|turn|19\n|\n|t:|1699631598\n|move|p2a: Gallade|Close Combat|p1a: Snorlax\n|-supereffective|p1a: Snorlax\n|-damage|p1a: Snorlax|0 fnt\n|-unboost|p2a: Gallade|def|1\n|-unboost|p2a: Gallade|spd|1\n|faint|p1a: Snorlax\n|\n|upkeep\n|\n|t:|1699631616\n|switch|p1a: Toxapex|Toxapex, M|100\/100\n|turn|20\n|\n|t:|1699631621\n|move|p2a: Gallade|Psycho Cut|p1a: Toxapex\n|-supereffective|p1a: Toxapex\n|-damage|p1a: Toxapex|0 fnt\n|faint|p1a: Toxapex\n|\n|upkeep\n|\n|t:|1699631627\n|switch|p1a: Rotom|Rotom-Wash|61\/100\n|turn|21\n|\n|t:|1699631635\n|move|p2a: Gallade|Leaf Blade|p1a: Rotom\n|-supereffective|p1a: Rotom\n|-crit|p1a: Rotom\n|-damage|p1a: Rotom|0 fnt\n|faint|p1a: Rotom\n|\n|upkeep\n|\n|t:|1699631643\n|switch|p1a: Gliscor|Gliscor, M, tera:Fairy|80\/100 tox\n|turn|22\n|\n|t:|1699631649\n|move|p2a: Gallade|Psycho Cut|p1a: Gliscor\n|-damage|p1a: Gliscor|14\/100 tox\n|move|p1a: Gliscor|Earthquake|p2a: Gallade\n|-damage|p2a: Gallade|0 fnt\n|faint|p2a: Gallade\n|\n|-heal|p1a: Gliscor|27\/100 tox|[from] ability: Poison Heal\n|upkeep\n|\n|t:|1699631652\n|switch|p2a: Garchomp|Garchomp, F|100\/100\n|turn|23\n|\n|t:|1699631668\n|switch|p1a: Dragonite|Dragonite, M|100\/100\n|move|p2a: Garchomp|Earthquake|p1a: Dragonite\n|-immune|p1a: Dragonite\n|\n|upkeep\n|turn|24\n|\n|t:|1699631675\n|move|p2a: Garchomp|Dragon Claw|p1a: Dragonite\n|-supereffective|p1a: Dragonite\n|-damage|p1a: Dragonite|52\/100\n|move|p1a: Dragonite|Dragon Dance|p1a: Dragonite\n|-boost|p1a: Dragonite|atk|1\n|-boost|p1a: Dragonite|spe|1\n|\n|upkeep\n|turn|25\n|\n|t:|1699631685\n|move|p1a: Dragonite|Earthquake|p2a: Garchomp\n|-damage|p2a: Garchomp|50\/100\n|move|p2a: Garchomp|Stone Edge|p1a: Dragonite\n|-supereffective|p1a: Dragonite\n|-damage|p1a: Dragonite|0 fnt\n|faint|p1a: Dragonite\n|\n|upkeep\n|\n|t:|1699631694\n|switch|p1a: Volcarona|Volcarona, F|100\/100\n|turn|26\n|\n|t:|1699631700\n|move|p1a: Volcarona|Giga Drain|p2a: Garchomp\n|-damage|p2a: Garchomp|18\/100\n|move|p2a: Garchomp|Stone Edge|p1a: Volcarona\n|-supereffective|p1a: Volcarona\n|-damage|p1a: Volcarona|0 fnt\n|faint|p1a: Volcarona\n|\n|upkeep\n|\n|t:|1699631708\n|switch|p1a: Gliscor|Gliscor, M, tera:Fairy|27\/100 tox\n|turn|27\n|\n|t:|1699631714\n|move|p2a: Garchomp|Earthquake|p1a: Gliscor\n|-damage|p1a: Gliscor|0 fnt\n|faint|p1a: Gliscor\n|\n|win|Micag576\n|raw|pangdunkabi's rating: 1223 &rarr; <strong>1193<\/strong><br \/>(-30 for losing)\n|raw|Micag576's rating: 1151 &rarr; <strong>1181<\/strong><br \/>(+30 for winning)\n|l|\u2606pangdunkabi\n","uploadtime":1699631731,"views":24,"p1id":"pangdunkabi","p2id":"micag576","formatid":"gen9nationaldex","rating":1181,"private":0,"password":""}