{"id":"gen9nationaldex-1994284514","p1":"elvisma2","p2":"Coreslice","format":"[Gen 9] National Dex","log":"|j|\u2606elvisma2\n|j|\u2606Coreslice\n|t:|1700426977\n|gametype|singles\n|player|p1|elvisma2|red-masters|1214\n|player|p2|Coreslice|workerice|1117\n|teamsize|p1|6\n|teamsize|p2|6\n|gen|9\n|tier|[Gen 9] National Dex\n|rated|\n|rule|HP Percentage Mod: HP is shown in percentages\n|rule|Endless Battle Clause: Forcing endless battles is banned\n|rule|OHKO Clause: OHKO moves are banned\n|rule|Evasion Clause: Evasion abilities, items, and moves are banned\n|rule|Evasion Abilities Clause: Evasion abilities are banned\n|rule|Evasion Items Clause: Evasion items are banned\n|rule|Evasion Moves Clause: Evasion moves are banned\n|rule|Species Clause: Limit one of each Pok\u00e9mon\n|rule|Sleep Clause Mod: Limit one foe put to sleep\n|clearpoke\n|poke|p1|Kartana|\n|poke|p1|Blacephalon|\n|poke|p1|Frosmoth, F|\n|poke|p1|Maushold|\n|poke|p1|Absol, F|\n|poke|p1|Grimmsnarl, M|\n|poke|p2|Beartic, M|\n|poke|p2|Mesprit|\n|poke|p2|Milotic, M|\n|poke|p2|Arcanine, F|\n|poke|p2|Slurpuff, F|\n|poke|p2|Rotom-Mow|\n|teampreview\n|\n|t:|1700426995\n|start\n|switch|p1a: Maushold|Maushold|100\/100\n|switch|p2a: He Shall Be Reborn|Rotom-Mow|100\/100\n|turn|1\n|\n|t:|1700427003\n|move|p1a: Maushold|Tidy Up|p1a: Maushold\n|-boost|p1a: Maushold|atk|1\n|-boost|p1a: Maushold|spe|1\n|move|p2a: He Shall Be Reborn|Thunder Wave|p1a: Maushold\n|-status|p1a: Maushold|par\n|\n|upkeep\n|turn|2\n|\n|t:|1700427013\n|move|p1a: Maushold|Tidy Up|p1a: Maushold\n|-boost|p1a: Maushold|atk|1\n|-boost|p1a: Maushold|spe|1\n|move|p2a: He Shall Be Reborn|Volt Switch|p1a: Maushold\n|-damage|p1a: Maushold|65\/100 par\n|\n|t:|1700427020\n|switch|p2a: Deepborn Dragon|Milotic, M, shiny|100\/100|[from] Volt Switch\n|\n|-status|p2a: Deepborn Dragon|brn|[from] item: Flame Orb\n|upkeep\n|turn|3\n|\n|t:|1700427024\n|move|p1a: Maushold|Population Bomb|p2a: Deepborn Dragon\n|-damage|p2a: Deepborn Dragon|90\/100 brn\n|-damage|p2a: Deepborn Dragon|79\/100 brn\n|-damage|p2a: Deepborn Dragon|68\/100 brn\n|-damage|p2a: Deepborn Dragon|58\/100 brn\n|-damage|p2a: Deepborn Dragon|47\/100 brn\n|-damage|p2a: Deepborn Dragon|36\/100 brn\n|-damage|p2a: Deepborn Dragon|25\/100 brn\n|-damage|p2a: Deepborn Dragon|15\/100 brn\n|-damage|p2a: Deepborn Dragon|5\/100 brn\n|-damage|p2a: Deepborn Dragon|0 fnt\n|faint|p2a: Deepborn Dragon\n|-hitcount|p2: Deepborn Dragon|10\n|\n|upkeep\n|\n|t:|1700427043\n|switch|p2a: Mage of Hyborea|Slurpuff, F|100\/100\n|turn|4\n|c|\u2606elvisma2|i swear to gawtt\n|\n|t:|1700427050\n|cant|p1a: Maushold|par\n|move|p2a: Mage of Hyborea|Sticky Web|p1a: Maushold\n|-sidestart|p1: elvisma2|move: Sticky Web\n|\n|upkeep\n|turn|5\n|c|\u2606elvisma2|mother\n|c|\u2606Coreslice|my exact reaction\n|\n|t:|1700427058\n|move|p1a: Maushold|Tidy Up|p1a: Maushold\n|-sideend|p1: elvisma2|Sticky Web\n|-activate|p1a: Maushold|move: Tidy Up\n|-boost|p1a: Maushold|atk|1\n|-boost|p1a: Maushold|spe|1\n|move|p2a: Mage of Hyborea|Draining Kiss|p1a: Maushold\n|-damage|p1a: Maushold|44\/100 par\n|\n|upkeep\n|turn|6\n|\n|t:|1700427062\n|move|p1a: Maushold|Population Bomb|p2a: Mage of Hyborea\n|-damage|p2a: Mage of Hyborea|76\/100\n|-damage|p2a: Mage of Hyborea|50\/100\n|-damage|p2a: Mage of Hyborea|27\/100\n|-damage|p2a: Mage of Hyborea|3\/100\n|-damage|p2a: Mage of Hyborea|0 fnt\n|faint|p2a: Mage of Hyborea\n|-hitcount|p2: Mage of Hyborea|5\n|\n|upkeep\n|\n|t:|1700427067\n|switch|p2a: He Shall Be Reborn|Rotom-Mow|100\/100\n|turn|7\n|\n|t:|1700427071\n|move|p1a: Maushold|Population Bomb|p2a: He Shall Be Reborn\n|-damage|p2a: He Shall Be Reborn|74\/100\n|-damage|p2a: He Shall Be Reborn|47\/100\n|-damage|p2a: He Shall Be Reborn|23\/100\n|-damage|p2a: He Shall Be Reborn|0 fnt\n|faint|p2a: He Shall Be Reborn\n|-hitcount|p2: He Shall Be Reborn|4\n|\n|upkeep\n|\n|t:|1700427077\n|switch|p2a: Vintreus Anten|Mesprit, shiny|100\/100\n|turn|8\n|\n|t:|1700427081\n|move|p1a: Maushold|Population Bomb|p2a: Vintreus Anten\n|-damage|p2a: Vintreus Anten|69\/100\n|-damage|p2a: Vintreus Anten|41\/100\n|-damage|p2a: Vintreus Anten|10\/100\n|-damage|p2a: Vintreus Anten|0 fnt\n|faint|p2a: Vintreus Anten\n|-hitcount|p2: Vintreus Anten|4\n|\n|upkeep\n|c|\u2606Coreslice|seems i'll be killing myself\n|\n|t:|1700427094\n|switch|p2a: Boria The Undying|Arcanine, F|100\/100\n|-ability|p2a: Boria The Undying|Intimidate|boost\n|-unboost|p1a: Maushold|atk|1\n|turn|9\n|\n|t:|1700427099\n|move|p1a: Maushold|Population Bomb|p2a: Boria The Undying\n|-damage|p2a: Boria The Undying|75\/100\n|-damage|p2a: Boria The Undying|50\/100\n|-damage|p2a: Boria The Undying|25\/100\n|-damage|p2a: Boria The Undying|3\/100\n|-damage|p2a: Boria The Undying|0 fnt\n|faint|p2a: Boria The Undying\n|-hitcount|p2: Boria The Undying|5\n|\n|upkeep\n|\n|t:|1700427103\n|switch|p2a: The Boreal Warden|Beartic, M, shiny|100\/100\n|turn|10\n|c|\u2606elvisma2|well dam\n|c|\u2606elvisma2|naw you can still come back\n|\n|t:|1700427116\n|move|p1a: Maushold|Tidy Up|p1a: Maushold\n|-boost|p1a: Maushold|atk|1\n|-boost|p1a: Maushold|spe|1\n|move|p2a: The Boreal Warden|Icicle Crash|p1a: Maushold|[miss]\n|-miss|p2a: The Boreal Warden|p1a: Maushold\n|\n|upkeep\n|turn|11\n|c|\u2606Coreslice|NAW\n|c|\u2606Coreslice|NAW\n|c|\u2606Coreslice|NAW\n|c|\u2606Coreslice|gg\n|\n|t:|1700427124\n|move|p1a: Maushold|Tidy Up|p1a: Maushold\n|-boost|p1a: Maushold|atk|1\n|-boost|p1a: Maushold|spe|1\n|move|p2a: The Boreal Warden|Icicle Crash|p1a: Maushold\n|-damage|p1a: Maushold|0 fnt\n|faint|p1a: Maushold\n|\n|upkeep\n|\n|t:|1700427129\n|switch|p1a: Grimmsnarl|Grimmsnarl, M, shiny|100\/100\n|turn|12\n|\n|t:|1700427133\n|move|p1a: Grimmsnarl|Thunder Wave|p2a: The Boreal Warden\n|-status|p2a: The Boreal Warden|par\n|move|p2a: The Boreal Warden|Icicle Crash|p1a: Grimmsnarl\n|-damage|p1a: Grimmsnarl|41\/100\n|\n|upkeep\n|turn|13\n|\n|t:|1700427149\n|move|p2a: The Boreal Warden|Icicle Crash|p1a: Grimmsnarl\n|-damage|p1a: Grimmsnarl|0 fnt\n|faint|p1a: Grimmsnarl\n|\n|upkeep\n|c|\u2606elvisma2|wait a second\n|c|\u2606elvisma2|is that scarfed\n|c|\u2606Coreslice|si\n|c|\u2606elvisma2|beartic\n|c|\u2606Coreslice|it is\n|\n|t:|1700427179\n|switch|p1a: Frosmoth|Frosmoth, F|100\/100\n|turn|14\n|c|\u2606elvisma2|alrightythen\n|c|\u2606elvisma2|time to cripple it\n|\n|t:|1700427197\n|move|p1a: Frosmoth|Ice Beam|p2a: The Boreal Warden\n|-resisted|p2a: The Boreal Warden\n|-damage|p2a: The Boreal Warden|74\/100 par\n|move|p2a: The Boreal Warden|Icicle Crash|p1a: Frosmoth\n|-resisted|p1a: Frosmoth\n|-damage|p1a: Frosmoth|59\/100\n|\n|-heal|p1a: Frosmoth|65\/100|[from] item: Leftovers\n|upkeep\n|turn|15\n|\n|t:|1700427203\n|move|p1a: Frosmoth|Giga Drain|p2a: The Boreal Warden\n|-damage|p2a: The Boreal Warden|41\/100 par\n|-heal|p1a: Frosmoth|85\/100|[from] drain|[of] p2a: The Boreal Warden\n|move|p2a: The Boreal Warden|Icicle Crash|p1a: Frosmoth|[miss]\n|-miss|p2a: The Boreal Warden|p1a: Frosmoth\n|\n|-heal|p1a: Frosmoth|91\/100|[from] item: Leftovers\n|upkeep\n|turn|16\n|\n|t:|1700427208\n|move|p1a: Frosmoth|Giga Drain|p2a: The Boreal Warden\n|-damage|p2a: The Boreal Warden|10\/100 par\n|-heal|p1a: Frosmoth|100\/100|[from] drain|[of] p2a: The Boreal Warden\n|cant|p2a: The Boreal Warden|par\n|\n|upkeep\n|turn|17\n|c|\u2606Coreslice|oh wow\n|\n|t:|1700427217\n|switch|p1a: Blacephalon|Blacephalon|100\/100\n|move|p2a: The Boreal Warden|Icicle Crash|p1a: Blacephalon\n|-resisted|p1a: Blacephalon\n|-damage|p1a: Blacephalon|45\/100\n|\n|upkeep\n|turn|18\n|c|\u2606Coreslice|gg\n|c|\u2606elvisma2|jesus\n|c|\u2606Coreslice|it would be so cool if you ran overheat and missed\n|c|\u2606Coreslice|<3\n|c|\u2606elvisma2|blacephalon is more paper thin the kartana\n|c|\u2606elvisma2|naw\n|c|\u2606elvisma2|HP ICE\n|\n|t:|1700427255\n|move|p1a: Blacephalon|Hidden Power|p2a: The Boreal Warden\n|-resisted|p2a: The Boreal Warden\n|-damage|p2a: The Boreal Warden|0 fnt\n|faint|p2a: The Boreal Warden\n|\n|win|elvisma2\n|raw|elvisma2's rating: 1214 &rarr; <strong>1232<\/strong><br \/>(+18 for winning)\n|raw|Coreslice's rating: 1117 &rarr; <strong>1099<\/strong><br \/>(-18 for losing)\n|c|\u2606elvisma2|gg\n|c|\u2606Coreslice|real\n","uploadtime":1700427262,"views":4,"p1id":"elvisma2","p2id":"coreslice","formatid":"gen9nationaldex","rating":1099,"private":0,"password":""}