{"id":"gen9nationaldex-1989397065","p1":"Briudssgcxz","p2":"sskool","format":"[Gen 9] National Dex","log":"|j|\u2606Briudssgcxz\n|j|\u2606sskool\n|t:|1699845026\n|gametype|singles\n|player|p1|Briudssgcxz|musician|1022\n|player|p2|sskool|265|1098\n|teamsize|p1|6\n|teamsize|p2|6\n|gen|9\n|tier|[Gen 9] National Dex\n|rated|\n|rule|HP Percentage Mod: HP is shown in percentages\n|rule|Endless Battle Clause: Forcing endless battles is banned\n|rule|OHKO Clause: OHKO moves are banned\n|rule|Evasion Clause: Evasion abilities, items, and moves are banned\n|rule|Evasion Abilities Clause: Evasion abilities are banned\n|rule|Evasion Items Clause: Evasion items are banned\n|rule|Evasion Moves Clause: Evasion moves are banned\n|rule|Species Clause: Limit one of each Pok\u00e9mon\n|rule|Sleep Clause Mod: Limit one foe put to sleep\n|clearpoke\n|poke|p1|Porygon2|\n|poke|p1|Scyther, M|\n|poke|p1|Piloswine, F|\n|poke|p1|Doublade, M|\n|poke|p1|Primeape, F|\n|poke|p1|Murkrow, F|\n|poke|p2|Ursaring, F|\n|poke|p2|Dragonite, M|\n|poke|p2|Conkeldurr, M|\n|poke|p2|Politoed, F|\n|poke|p2|Basculegion, M|\n|poke|p2|Hoopa-Unbound|\n|teampreview\n|\n|t:|1699845041\n|start\n|switch|p1a: Porygon2|Porygon2|100\/100\n|switch|p2a: Ursaring|Ursaring, F|100\/100\n|-ability|p1a: Porygon2|Download|boost\n|-boost|p1a: Porygon2|spa|1\n|turn|1\n|\n|t:|1699845051\n|-singleturn|p2a: Ursaring|move: Focus Punch\n|move|p1a: Porygon2|Tri Attack|p2a: Ursaring\n|-damage|p2a: Ursaring|52\/100\n|cant|p2a: Ursaring|Focus Punch|Focus Punch\n|\n|-status|p2a: Ursaring|tox|[from] item: Toxic Orb\n|upkeep\n|turn|2\n|\n|t:|1699845062\n|move|p1a: Porygon2|Tri Attack|p2a: Ursaring\n|-damage|p2a: Ursaring|4\/100 tox\n|move|p2a: Ursaring|Facade|p1a: Porygon2\n|-damage|p1a: Porygon2|26\/100\n|\n|-damage|p2a: Ursaring|0 fnt|[from] psn\n|faint|p2a: Ursaring\n|upkeep\n|\n|t:|1699845072\n|switch|p2a: Conkeldurr|Conkeldurr, M|100\/100\n|turn|3\n|\n|t:|1699845076\n|switch|p1a: Scyther|Scyther, M|100\/100\n|move|p2a: Conkeldurr|Mach Punch|p1a: Scyther\n|-resisted|p1a: Scyther\n|-damage|p1a: Scyther|95\/100\n|\n|upkeep\n|turn|4\n|\n|t:|1699845086\n|switch|p2a: Dragonite|Dragonite, M|100\/100\n|move|p1a: Scyther|Dual Wingbeat|p2a: Dragonite\n|-damage|p2a: Dragonite|86\/100\n|-damage|p2a: Dragonite|57\/100\n|-hitcount|p2a: Dragonite|2\n|\n|upkeep\n|turn|5\n|\n|t:|1699845096\n|switch|p1a: Piloswine|Piloswine, F|100\/100\n|-terastallize|p2a: Dragonite|Normal\n|move|p2a: Dragonite|Extreme Speed|p1a: Piloswine\n|-damage|p1a: Piloswine|51\/100\n|\n|upkeep\n|turn|6\n|\n|t:|1699845109\n|switch|p1a: Doublade|Doublade, M|100\/100\n|move|p2a: Dragonite|Extreme Speed|p1a: Doublade\n|-immune|p1a: Doublade\n|\n|upkeep\n|turn|7\n|\n|t:|1699845119\n|switch|p2a: Politoed|Politoed, F|100\/100\n|-weather|RainDance|[from] ability: Drizzle|[of] p2a: Politoed\n|move|p1a: Doublade|Close Combat|p2a: Politoed\n|-damage|p2a: Politoed|44\/100\n|-unboost|p1a: Doublade|def|1\n|-unboost|p1a: Doublade|spd|1\n|\n|-weather|RainDance|[upkeep]\n|upkeep\n|turn|8\n|\n|t:|1699845130\n|switch|p2a: Basculegion|Basculegion, M|100\/100\n|switch|p1a: Murkrow|Murkrow, F|100\/100\n|\n|-weather|RainDance|[upkeep]\n|upkeep\n|turn|9\n|\n|t:|1699845138\n|move|p1a: Murkrow|Thunder Wave|p2a: Basculegion\n|-status|p2a: Basculegion|par\n|move|p2a: Basculegion|Wave Crash|p1a: Murkrow\n|-damage|p1a: Murkrow|0 fnt\n|faint|p1a: Murkrow\n|-damage|p2a: Basculegion|72\/100 par|[from] Recoil\n|\n|-weather|RainDance|[upkeep]\n|upkeep\n|\n|t:|1699845156\n|switch|p1a: Doublade|Doublade, M|100\/100\n|turn|10\n|\n|t:|1699845179\n|move|p1a: Doublade|Shadow Sneak|p2a: Basculegion\n|-supereffective|p2a: Basculegion\n|-damage|p2a: Basculegion|20\/100 par\n|move|p2a: Basculegion|Wave Crash|p1a: Doublade\n|-damage|p1a: Doublade|32\/100\n|-damage|p2a: Basculegion|1\/100 par|[from] Recoil\n|\n|-weather|RainDance|[upkeep]\n|upkeep\n|turn|11\n|\n|t:|1699845190\n|switch|p2a: Politoed|Politoed, F|44\/100\n|move|p1a: Doublade|Shadow Sneak|p2a: Politoed\n|-damage|p2a: Politoed|17\/100\n|\n|-weather|none\n|upkeep\n|turn|12\n|\n|t:|1699845197\n|move|p1a: Doublade|Shadow Sneak|p2a: Politoed\n|-damage|p2a: Politoed|0 fnt\n|faint|p2a: Politoed\n|\n|upkeep\n|\n|t:|1699845209\n|switch|p2a: Conkeldurr|Conkeldurr, M|100\/100\n|turn|13\n|\n|t:|1699845223\n|switch|p1a: Piloswine|Piloswine, F|51\/100\n|move|p2a: Conkeldurr|Earthquake|p1a: Piloswine\n|-damage|p1a: Piloswine|26\/100\n|\n|upkeep\n|turn|14\n|\n|t:|1699845231\n|move|p2a: Conkeldurr|Mach Punch|p1a: Piloswine\n|-supereffective|p1a: Piloswine\n|-damage|p1a: Piloswine|0 fnt\n|faint|p1a: Piloswine\n|\n|upkeep\n|\n|t:|1699845236\n|switch|p1a: Scyther|Scyther, M|95\/100\n|turn|15\n|\n|t:|1699845246\n|switch|p2a: Basculegion|Basculegion, M|1\/100 par\n|move|p1a: Scyther|Dual Wingbeat|p2a: Basculegion\n|-damage|p2a: Basculegion|0 fnt\n|faint|p2a: Basculegion\n|-hitcount|p2: Basculegion|1\n|\n|upkeep\n|\n|t:|1699845255\n|switch|p2a: Dragonite|Dragonite, M, tera:Normal|57\/100\n|turn|16\n|\n|t:|1699845258\n|move|p2a: Dragonite|Extreme Speed|p1a: Scyther\n|-crit|p1a: Scyther\n|-damage|p1a: Scyther|0 fnt\n|faint|p1a: Scyther\n|\n|upkeep\n|\n|t:|1699845261\n|switch|p1a: Doublade|Doublade, M|32\/100\n|turn|17\n|\n|t:|1699845272\n|switch|p2a: Hoopa|Hoopa-Unbound|100\/100\n|move|p1a: Doublade|Iron Head|p2a: Hoopa\n|-damage|p2a: Hoopa|57\/100\n|\n|-heal|p2a: Hoopa|63\/100|[from] item: Leftovers\n|upkeep\n|turn|18\n|\n|t:|1699845281\n|switch|p1a: Porygon2|Porygon2|26\/100\n|-ability|p1a: Porygon2|Download|boost\n|-boost|p1a: Porygon2|atk|1\n|move|p2a: Hoopa|Shadow Ball|p1a: Porygon2\n|-immune|p1a: Porygon2\n|\n|-heal|p2a: Hoopa|69\/100|[from] item: Leftovers\n|upkeep\n|turn|19\n|\n|t:|1699845292\n|move|p2a: Hoopa|Psychic|p1a: Porygon2\n|-damage|p1a: Porygon2|2\/100\n|move|p1a: Porygon2|Tri Attack|p2a: Hoopa\n|-damage|p2a: Hoopa|41\/100\n|\n|-heal|p2a: Hoopa|47\/100|[from] item: Leftovers\n|upkeep\n|turn|20\n|\n|t:|1699845302\n|move|p2a: Hoopa|Psychic|p1a: Porygon2\n|-damage|p1a: Porygon2|0 fnt\n|faint|p1a: Porygon2\n|\n|-heal|p2a: Hoopa|53\/100|[from] item: Leftovers\n|upkeep\n|\n|t:|1699845304\n|switch|p1a: Primeape|Primeape, F|100\/100\n|turn|21\n|\n|t:|1699845314\n|-terastallize|p1a: Primeape|Ghost\n|move|p1a: Primeape|Rage Fist|p2a: Hoopa\n|-damage|p2a: Hoopa|19\/100\n|move|p2a: Hoopa|Psychic|p1a: Primeape\n|-damage|p1a: Primeape|48\/100\n|\n|-heal|p2a: Hoopa|25\/100|[from] item: Leftovers\n|upkeep\n|turn|22\n|\n|t:|1699845332\n|move|p1a: Primeape|Drain Punch|p2a: Hoopa\n|-damage|p2a: Hoopa|0 fnt\n|-heal|p1a: Primeape|60\/100|[from] drain|[of] p2a: Hoopa\n|faint|p2a: Hoopa\n|\n|upkeep\n|\n|t:|1699845342\n|switch|p2a: Conkeldurr|Conkeldurr, M|100\/100\n|turn|23\n|\n|t:|1699845351\n|move|p1a: Primeape|Drain Punch|p2a: Conkeldurr\n|-damage|p2a: Conkeldurr|67\/100\n|-heal|p1a: Primeape|81\/100|[from] drain|[of] p2a: Conkeldurr\n|move|p2a: Conkeldurr|Earthquake|p1a: Primeape\n|-damage|p1a: Primeape|40\/100\n|\n|upkeep\n|turn|24\n|\n|t:|1699845365\n|move|p1a: Primeape|Drain Punch|p2a: Conkeldurr\n|-damage|p2a: Conkeldurr|33\/100\n|-heal|p1a: Primeape|61\/100|[from] drain|[of] p2a: Conkeldurr\n|move|p2a: Conkeldurr|Earthquake|p1a: Primeape\n|-crit|p1a: Primeape\n|-damage|p1a: Primeape|0 fnt\n|faint|p1a: Primeape\n|\n|upkeep\n|c|\u2606Briudssgcxz|Come on\n|\n|t:|1699845380\n|switch|p1a: Doublade|Doublade, M|32\/100\n|turn|25\n|\n|t:|1699845386\n|move|p2a: Conkeldurr|Earthquake|p1a: Doublade\n|-supereffective|p1a: Doublade\n|-damage|p1a: Doublade|0 fnt\n|faint|p1a: Doublade\n|\n|win|sskool\n|raw|Briudssgcxz's rating: 1022 &rarr; <strong>1012<\/strong><br \/>(-10 for losing)\n|raw|sskool's rating: 1116 &rarr; <strong>1134<\/strong><br \/>(+18 for winning)\n|c|\u2606Briudssgcxz|BS\n","uploadtime":1699845393,"views":4,"p1id":"briudssgcxz","p2id":"sskool","formatid":"gen9nationaldex","rating":1012,"private":0,"password":""}