{"id":"gen9nationaldex-1997047585","p1":"mtyqjltz6","p2":"zik22","format":"[Gen 9] National Dex","log":"|html|<div class=\"broadcast-blue\"><strong>[Gen 9] National Dex is currently suspecting Sneasler! For information on how to participate check out the <a href=\"https:\/\/www.smogon.com\/forums\/threads\/sv-national-dex-suspect-8-just-dance.3731534\/\">suspect thread<\/a>.<\/strong><\/div>\n|j|\u2606mtyqjltz6\n|j|\u2606zik22\n|t:|1700759220\n|gametype|singles\n|player|p1|mtyqjltz6|elesa|1347\n|player|p2|zik22|101|1411\n|teamsize|p1|6\n|teamsize|p2|6\n|gen|9\n|tier|[Gen 9] National Dex\n|rated|\n|rule|HP Percentage Mod: HP is shown in percentages\n|rule|Endless Battle Clause: Forcing endless battles is banned\n|rule|OHKO Clause: OHKO moves are banned\n|rule|Evasion Clause: Evasion abilities, items, and moves are banned\n|rule|Evasion Abilities Clause: Evasion abilities are banned\n|rule|Evasion Items Clause: Evasion items are banned\n|rule|Evasion Moves Clause: Evasion moves are banned\n|rule|Species Clause: Limit one of each Pok\u00e9mon\n|rule|Sleep Clause Mod: Limit one foe put to sleep\n|clearpoke\n|poke|p1|Pidgeot, M|\n|poke|p1|Rotom-Wash|\n|poke|p1|Slowking-Galar, M|\n|poke|p1|Rillaboom, M|\n|poke|p1|Ceruledge, F|\n|poke|p1|Great Tusk|\n|poke|p2|Garganacl, M|\n|poke|p2|Scizor, M|\n|poke|p2|Kommo-o, M|\n|poke|p2|Iron Moth|\n|poke|p2|Ogerpon-Wellspring, F|\n|poke|p2|Dragonite, F|\n|teampreview\n|inactive|Battle timer is ON: inactive players will automatically lose when time's up. (requested by mtyqjltz6)\n|\n|t:|1700759242\n|start\n|switch|p1a: Pidgeot|Pidgeot, M, shiny|100\/100\n|switch|p2a: Dragonite|Dragonite, F|100\/100\n|turn|1\n|\n|t:|1700759258\n|detailschange|p1a: Pidgeot|Pidgeot-Mega, M, shiny\n|-mega|p1a: Pidgeot|Pidgeot|Pidgeotite\n|move|p1a: Pidgeot|U-turn|p2a: Dragonite\n|-resisted|p2a: Dragonite\n|-damage|p2a: Dragonite|98\/100\n|\n|t:|1700759270\n|switch|p1a: Rotom|Rotom-Wash, shiny|100\/100|[from] U-turn\n|move|p2a: Dragonite|Dragon Dance|p2a: Dragonite\n|-boost|p2a: Dragonite|atk|1\n|-boost|p2a: Dragonite|spe|1\n|\n|-heal|p2a: Dragonite|100\/100|[from] item: Leftovers\n|upkeep\n|turn|2\n|\n|t:|1700759284\n|-terastallize|p1a: Rotom|Fairy\n|move|p2a: Dragonite|Dragon Claw|p1a: Rotom\n|-immune|p1a: Rotom\n|move|p1a: Rotom|Will-O-Wisp|p2a: Dragonite\n|-status|p2a: Dragonite|brn\n|\n|-damage|p2a: Dragonite|94\/100 brn|[from] brn\n|upkeep\n|turn|3\n|\n|t:|1700759297\n|move|p2a: Dragonite|Extreme Speed|p1a: Rotom\n|-damage|p1a: Rotom|85\/100\n|move|p1a: Rotom|Volt Switch|p2a: Dragonite\n|-damage|p2a: Dragonite|70\/100 brn\n|inactive|mtyqjltz6 has 120 seconds left.\n|\n|t:|1700759331\n|switch|p1a: Great Tusk|Great Tusk|100\/100|[from] Volt Switch\n|\n|-heal|p2a: Dragonite|76\/100 brn|[from] item: Leftovers\n|-damage|p2a: Dragonite|70\/100 brn|[from] brn\n|upkeep\n|turn|4\n|\n|t:|1700759352\n|move|p1a: Great Tusk|Rapid Spin|p2a: Dragonite\n|-damage|p2a: Dragonite|53\/100 brn\n|-boost|p1a: Great Tusk|spe|1\n|move|p2a: Dragonite|Dragon Claw|p1a: Great Tusk\n|-damage|p1a: Great Tusk|79\/100\n|\n|-heal|p2a: Dragonite|60\/100 brn|[from] item: Leftovers\n|-damage|p2a: Dragonite|53\/100 brn|[from] brn\n|upkeep\n|turn|5\n|inactive|mtyqjltz6 has 90 seconds left.\n|\n|t:|1700759380\n|-zpower|p1a: Great Tusk\n|move|p1a: Great Tusk|Continental Crush|p2a: Dragonite|[zeffect]\n|-supereffective|p2a: Dragonite\n|-crit|p2a: Dragonite\n|-damage|p2a: Dragonite|0 fnt\n|faint|p2a: Dragonite\n|\n|upkeep\n|\n|t:|1700759392\n|switch|p2a: Ogerpon|Ogerpon-Wellspring, F|100\/100\n|turn|6\n|inactive|mtyqjltz6 has 90 seconds left.\n|\n|t:|1700759420\n|move|p1a: Great Tusk|Head Smash|p2a: Ogerpon\n|-damage|p2a: Ogerpon|31\/100\n|-damage|p1a: Great Tusk|50\/100|[from] Recoil\n|move|p2a: Ogerpon|Horn Leech|p1a: Great Tusk\n|-supereffective|p1a: Great Tusk\n|-damage|p1a: Great Tusk|0 fnt\n|-heal|p2a: Ogerpon|62\/100|[from] drain|[of] p1a: Great Tusk\n|faint|p1a: Great Tusk\n|-end|p1a: Great Tusk|Protosynthesis|[silent]\n|\n|upkeep\n|\n|t:|1700759430\n|switch|p1a: Pidgeot|Pidgeot-Mega, M, shiny|100\/100\n|turn|7\n|\n|t:|1700759435\n|move|p2a: Ogerpon|Spiky Shield|p2a: Ogerpon\n|-singleturn|p2a: Ogerpon|move: Protect\n|move|p1a: Pidgeot|Hurricane|p2a: Ogerpon\n|-activate|p2a: Ogerpon|move: Protect\n|\n|upkeep\n|turn|8\n|\n|t:|1700759450\n|switch|p2a: Iron Moth|Iron Moth|100\/100\n|-enditem|p2a: Iron Moth|Booster Energy\n|-activate|p2a: Iron Moth|ability: Quark Drive|[fromitem]\n|-start|p2a: Iron Moth|quarkdrivespa\n|move|p1a: Pidgeot|Hurricane|p2a: Iron Moth\n|-crit|p2a: Iron Moth\n|-damage|p2a: Iron Moth|4\/100\n|\n|upkeep\n|turn|9\n|inactive|mtyqjltz6 has 90 seconds left.\n|\n|t:|1700759461\n|switch|p1a: Ceruledge|Ceruledge, F|100\/100\n|move|p2a: Iron Moth|Fiery Dance|p1a: Ceruledge\n|-resisted|p1a: Ceruledge\n|-damage|p1a: Ceruledge|66\/100\n|-boost|p2a: Iron Moth|spa|1\n|\n|upkeep\n|turn|10\n|inactive|mtyqjltz6 has 90 seconds left.\n|inactive|zik22 has 120 seconds left.\n|\n|t:|1700759487\n|move|p1a: Ceruledge|Shadow Sneak|p2a: Iron Moth\n|-damage|p2a: Iron Moth|0 fnt\n|faint|p2a: Iron Moth\n|-end|p2a: Iron Moth|Quark Drive|[silent]\n|\n|upkeep\n|inactive|zik22 has 120 seconds left.\n|\n|t:|1700759494\n|switch|p2a: Ogerpon|Ogerpon-Wellspring, F|62\/100\n|turn|11\n|\n|t:|1700759499\n|switch|p1a: Rillaboom|Rillaboom, M|100\/100\n|-fieldstart|move: Grassy Terrain|[from] ability: Grassy Surge|[of] p1a: Rillaboom\n|move|p2a: Ogerpon|Ivy Cudgel|p1a: Rillaboom|[anim] Ivy Cudgel Water\n|-resisted|p1a: Rillaboom\n|-damage|p1a: Rillaboom|69\/100\n|\n|-heal|p2a: Ogerpon|68\/100|[from] Grassy Terrain\n|-heal|p1a: Rillaboom|75\/100|[from] Grassy Terrain\n|upkeep\n|turn|12\n|\n|t:|1700759511\n|switch|p2a: Scizor|Scizor, M|100\/100\n|move|p1a: Rillaboom|U-turn|p2a: Scizor\n|-resisted|p2a: Scizor\n|-damage|p2a: Scizor|83\/100\n|\n|t:|1700759523\n|switch|p1a: Pidgeot|Pidgeot-Mega, M, shiny|100\/100|[from] U-turn\n|\n|-heal|p2a: Scizor|89\/100|[from] Grassy Terrain\n|upkeep\n|turn|13\n|\n|t:|1700759530\n|detailschange|p2a: Scizor|Scizor-Mega, M\n|-mega|p2a: Scizor|Scizor|Scizorite\n|move|p1a: Pidgeot|Heat Wave|p2a: Scizor\n|-supereffective|p2a: Scizor\n|-damage|p2a: Scizor|0 fnt\n|faint|p2a: Scizor\n|\n|upkeep\n|\n|t:|1700759537\n|switch|p2a: Kommo-o|Kommo-o, M|100\/100\n|turn|14\n|\n|t:|1700759543\n|move|p1a: Pidgeot|Hurricane|p2a: Kommo-o\n|-supereffective|p2a: Kommo-o\n|-damage|p2a: Kommo-o|0 fnt\n|faint|p2a: Kommo-o\n|\n|upkeep\n|\n|t:|1700759551\n|switch|p2a: Ogerpon|Ogerpon-Wellspring, F|68\/100\n|turn|15\n|\n|t:|1700759557\n|-terastallize|p2a: Ogerpon|Water\n|detailschange|p2a: Ogerpon|Ogerpon-Wellspring-Tera, F, tera:Water\n|-ability|p2a: Ogerpon|Embody Aspect (Wellspring)|boost\n|-boost|p2a: Ogerpon|spd|1\n|move|p1a: Pidgeot|Hurricane|p2a: Ogerpon\n|-damage|p2a: Ogerpon|21\/100\n|move|p2a: Ogerpon|Ivy Cudgel|p1a: Pidgeot|[anim] Ivy Cudgel Water\n|-damage|p1a: Pidgeot|0 fnt\n|faint|p1a: Pidgeot\n|\n|-heal|p2a: Ogerpon|27\/100|[from] Grassy Terrain\n|-fieldend|move: Grassy Terrain\n|upkeep\n|\n|t:|1700759568\n|switch|p1a: Rillaboom|Rillaboom, M|75\/100\n|-fieldstart|move: Grassy Terrain|[from] ability: Grassy Surge|[of] p1a: Rillaboom\n|turn|16\n|\n|t:|1700759575\n|move|p2a: Ogerpon|Spiky Shield|p2a: Ogerpon\n|-singleturn|p2a: Ogerpon|move: Protect\n|move|p1a: Rillaboom|Grassy Glide|p2a: Ogerpon\n|-activate|p2a: Ogerpon|move: Protect\n|-damage|p1a: Rillaboom|63\/100|[from] Spiky Shield|[of] p2a: Ogerpon\n|\n|-heal|p2a: Ogerpon|33\/100|[from] Grassy Terrain\n|-heal|p1a: Rillaboom|69\/100|[from] Grassy Terrain\n|upkeep\n|turn|17\n|\n|t:|1700759588\n|switch|p2a: Garganacl|Garganacl, M|100\/100\n|move|p1a: Rillaboom|Grassy Glide|p2a: Garganacl\n|-supereffective|p2a: Garganacl\n|-damage|p2a: Garganacl|35\/100\n|\n|-heal|p1a: Rillaboom|75\/100|[from] Grassy Terrain\n|-heal|p2a: Garganacl|41\/100|[from] Grassy Terrain\n|-heal|p2a: Garganacl|47\/100|[from] item: Leftovers\n|upkeep\n|turn|18\n|\n|t:|1700759599\n|move|p1a: Rillaboom|Grassy Glide|p2a: Garganacl\n|-supereffective|p2a: Garganacl\n|-damage|p2a: Garganacl|0 fnt\n|faint|p2a: Garganacl\n|\n|-heal|p1a: Rillaboom|81\/100|[from] Grassy Terrain\n|upkeep\n|\n|t:|1700759607\n|switch|p2a: Ogerpon|Ogerpon-Wellspring-Tera, F, tera:Water|33\/100\n|-ability|p2a: Ogerpon|Embody Aspect (Wellspring)|boost\n|-boost|p2a: Ogerpon|spd|1\n|turn|19\n|\n|t:|1700759612\n|move|p2a: Ogerpon|Spiky Shield|p2a: Ogerpon\n|-singleturn|p2a: Ogerpon|move: Protect\n|move|p1a: Rillaboom|Grassy Glide|p2a: Ogerpon\n|-activate|p2a: Ogerpon|move: Protect\n|-damage|p1a: Rillaboom|69\/100|[from] Spiky Shield|[of] p2a: Ogerpon\n|\n|-heal|p2a: Ogerpon|39\/100|[from] Grassy Terrain\n|-heal|p1a: Rillaboom|75\/100|[from] Grassy Terrain\n|upkeep\n|turn|20\n|\n|t:|1700759623\n|move|p1a: Rillaboom|Grassy Glide|p2a: Ogerpon\n|-supereffective|p2a: Ogerpon\n|-damage|p2a: Ogerpon|0 fnt\n|faint|p2a: Ogerpon\n|\n|win|mtyqjltz6\n|raw|mtyqjltz6's rating: 1347 &rarr; <strong>1371<\/strong><br \/>(+24 for winning)\n|raw|zik22's rating: 1411 &rarr; <strong>1387<\/strong><br \/>(-24 for losing)\n|l|\u2606zik22\n","uploadtime":1700759635,"views":1,"p1id":"mtyqjltz6","p2id":"zik22","formatid":"gen9nationaldex","rating":1371,"private":0,"password":""}