{"id":"gen9nationaldex-1987873382","p1":"Gamer00ooO","p2":"Sylveon(404)","format":"[Gen 9] National Dex","log":"|j|\u2606Gamer00ooO\n|j|\u2606Sylveon(404)\n|t:|1699644735\n|gametype|singles\n|player|p1|Gamer00ooO|hilbert|\n|player|p2|Sylveon(404)|serena|\n|teamsize|p1|6\n|teamsize|p2|6\n|gen|9\n|tier|[Gen 9] National Dex\n|rule|HP Percentage Mod: HP is shown in percentages\n|rule|Endless Battle Clause: Forcing endless battles is banned\n|rule|OHKO Clause: OHKO moves are banned\n|rule|Evasion Clause: Evasion abilities, items, and moves are banned\n|rule|Evasion Abilities Clause: Evasion abilities are banned\n|rule|Evasion Items Clause: Evasion items are banned\n|rule|Evasion Moves Clause: Evasion moves are banned\n|rule|Species Clause: Limit one of each Pok\u00e9mon\n|rule|Sleep Clause Mod: Limit one foe put to sleep\n|clearpoke\n|poke|p1|Iron Valiant|\n|poke|p1|Weezing-Galar, M|\n|poke|p1|Diancie|\n|poke|p1|Gliscor, F|\n|poke|p1|Gardevoir, F|\n|poke|p1|Klefki, M|\n|poke|p2|Corviknight, M|\n|poke|p2|Dragonite, M|\n|poke|p2|Iron Jugulis|\n|poke|p2|Togekiss, M|\n|poke|p2|Mandibuzz, F|\n|poke|p2|Venusaur, F|\n|teampreview\n|l|\u2606Gamer00ooO\n|player|p1|\n|j|\u2606Gamer00ooO\n|player|p1|Gamer00ooO|hilbert\n|\n|t:|1699644783\n|start\n|switch|p1a: Llaveros|Klefki, M|100\/100\n|switch|p2a: rosita|Venusaur, F|100\/100\n|turn|1\n|\n|t:|1699644791\n|detailschange|p2a: rosita|Venusaur-Mega, F\n|-mega|p2a: rosita|Venusaur|Venusaurite\n|move|p1a: Llaveros|Thunder Wave|p2a: rosita\n|-status|p2a: rosita|par\n|move|p2a: rosita|Sleep Powder|p1a: Llaveros\n|-status|p1a: Llaveros|slp|[from] move: Sleep Powder\n|\n|upkeep\n|turn|2\n|\n|t:|1699644809\n|switch|p1a: Scorp corp|Gliscor, F|100\/100\n|switch|p2a: barni|Dragonite, M|100\/100\n|\n|-status|p1a: Scorp corp|tox|[from] item: Toxic Orb\n|upkeep\n|turn|3\n|j| xCookieBallx\n|inactive|Battle timer is ON: inactive players will automatically lose when time's up. (requested by Sylveon(404))\n|\n|t:|1699644913\n|switch|p2a: :0|Mandibuzz, F|100\/100\n|move|p1a: Scorp corp|Swords Dance|p1a: Scorp corp\n|-boost|p1a: Scorp corp|atk|2\n|\n|upkeep\n|turn|4\n|\n|t:|1699644920\n|move|p1a: Scorp corp|Facade|p2a: :0\n|-damage|p2a: :0|48\/100\n|-damage|p1a: Scorp corp|84\/100 tox|[from] item: Rocky Helmet|[of] p2a: :0\n|move|p2a: :0|Foul Play|p1a: Scorp corp\n|-damage|p1a: Scorp corp|4\/100 tox\n|\n|-heal|p1a: Scorp corp|17\/100 tox|[from] ability: Poison Heal\n|upkeep\n|turn|5\n|inactive|Gamer00ooO has 270 seconds left.\n|inactive|Gamer00ooO has 240 seconds left.\n|inactive|Gamer00ooO has 210 seconds left.\n|j| WSoldat\n|inactive|Gamer00ooO has 180 seconds left.\n|c| WSoldat|Dale sylveon demostra quien manda\n|c|\u2606Sylveon(404)|waos\n|c|\u2606Sylveon(404)|el gliscor muere igual\n|c|\u2606Sylveon(404)|por el casco\n|inactive|Gamer00ooO has 150 seconds left.\n|c|\u2606Sylveon(404)|o por el juego sucio\n|inactive|Gamer00ooO has 120 seconds left.\n|inactive|Gamer00ooO has 90 seconds left.\n|\n|t:|1699645140\n|move|p1a: Scorp corp|Facade|p2a: :0\n|-damage|p2a: :0|0 fnt\n|-damage|p1a: Scorp corp|0 fnt|[from] item: Rocky Helmet|[of] p2a: :0\n|faint|p2a: :0\n|faint|p1a: Scorp corp\n|\n|upkeep\n|inactive|Gamer00ooO has 90 seconds left.\n|\n|t:|1699645157\n|switch|p1a: Eco Eco|Gardevoir, F|100\/100\n|switch|p2a: barni|Dragonite, M|100\/100\n|-ability|p1a: Eco Eco|Multiscale|[from] ability: Trace|[of] p2a: barni\n|turn|6\n|\n|t:|1699645164\n|detailschange|p1a: Eco Eco|Gardevoir-Mega, F\n|-mega|p1a: Eco Eco|Gardevoir|Gardevoirite\n|move|p1a: Eco Eco|Aura Sphere|p2a: barni\n|-resisted|p2a: barni\n|-damage|p2a: barni|93\/100\n|move|p2a: barni|Dragon Dance|p2a: barni\n|-boost|p2a: barni|atk|1\n|-boost|p2a: barni|spe|1\n|\n|upkeep\n|turn|7\n|inactive|Gamer00ooO has 90 seconds left.\n|\n|t:|1699645172\n|-terastallize|p2a: barni|Normal\n|move|p2a: barni|Fire Punch|p1a: Eco Eco\n|-damage|p1a: Eco Eco|47\/100\n|move|p1a: Eco Eco|Hyper Voice|p2a: barni\n|-damage|p2a: barni|31\/100\n|\n|upkeep\n|turn|8\n|inactive|Gamer00ooO has 90 seconds left.\n|\n|t:|1699645191\n|move|p2a: barni|Extreme Speed|p1a: Eco Eco\n|-damage|p1a: Eco Eco|0 fnt\n|faint|p1a: Eco Eco\n|\n|upkeep\n|\n|t:|1699645195\n|switch|p1a: Sr de carb\u00f3n|Weezing-Galar, M|100\/100\n|-fieldstart|move: Misty Terrain|[from] ability: Misty Surge|[of] p1a: Sr de carb\u00f3n\n|turn|9\n|\n|t:|1699645200\n|move|p2a: barni|Extreme Speed|p1a: Sr de carb\u00f3n\n|-damage|p1a: Sr de carb\u00f3n|46\/100\n|move|p1a: Sr de carb\u00f3n|Clear Smog|p2a: barni\n|-damage|p2a: barni|15\/100\n|-clearboost|p2a: barni\n|\n|upkeep\n|turn|10\n|\n|t:|1699645212\n|move|p2a: barni|Extreme Speed|p1a: Sr de carb\u00f3n\n|-crit|p1a: Sr de carb\u00f3n\n|-damage|p1a: Sr de carb\u00f3n|0 fnt\n|faint|p1a: Sr de carb\u00f3n\n|\n|upkeep\n|\n|t:|1699645215\n|switch|p1a: Patriota de hierro|Iron Valiant|100\/100\n|turn|11\n|\n|t:|1699645219\n|move|p2a: barni|Extreme Speed|p1a: Patriota de hierro\n|-damage|p1a: Patriota de hierro|47\/100\n|move|p1a: Patriota de hierro|Aura Sphere|p2a: barni\n|-supereffective|p2a: barni\n|-damage|p2a: barni|0 fnt\n|faint|p2a: barni\n|\n|upkeep\n|\n|t:|1699645228\n|switch|p2a: ferro cuelludo|Iron Jugulis|100\/100\n|-enditem|p2a: ferro cuelludo|Booster Energy\n|-activate|p2a: ferro cuelludo|ability: Quark Drive|[fromitem]\n|-start|p2a: ferro cuelludo|quarkdrivespe\n|turn|12\n|\n|t:|1699645235\n|move|p2a: ferro cuelludo|Hurricane|p1a: Patriota de hierro\n|-supereffective|p1a: Patriota de hierro\n|-damage|p1a: Patriota de hierro|0 fnt\n|faint|p1a: Patriota de hierro\n|-end|p1a: Patriota de hierro|Quark Drive|[silent]\n|\n|upkeep\n|\n|t:|1699645238\n|switch|p1a: Steven|Diancie|100\/100\n|turn|13\n|\n|t:|1699645241\n|move|p2a: ferro cuelludo|Earth Power|p1a: Steven\n|-supereffective|p1a: Steven\n|-damage|p1a: Steven|59\/100\n|move|p1a: Steven|Diamond Storm|p2a: ferro cuelludo\n|-supereffective|p2a: ferro cuelludo\n|-damage|p2a: ferro cuelludo|26\/100\n|\n|-heal|p1a: Steven|65\/100|[from] item: Leftovers\n|-fieldend|Misty Terrain\n|upkeep\n|turn|14\n|\n|t:|1699645251\n|move|p2a: ferro cuelludo|Earth Power|p1a: Steven\n|-supereffective|p1a: Steven\n|-damage|p1a: Steven|24\/100\n|move|p1a: Steven|Diamond Storm|p2a: ferro cuelludo\n|-supereffective|p2a: ferro cuelludo\n|-damage|p2a: ferro cuelludo|0 fnt\n|-boost|p1a: Steven|def|2\n|faint|p2a: ferro cuelludo\n|-end|p2a: ferro cuelludo|Quark Drive|[silent]\n|\n|-heal|p1a: Steven|30\/100|[from] item: Leftovers\n|upkeep\n|\n|t:|1699645261\n|switch|p2a: rosita|Venusaur-Mega, F|100\/100 par\n|turn|15\n|inactive|Gamer00ooO has 150 seconds left.\n|j| Fabrizio8\n|\n|t:|1699645280\n|move|p1a: Steven|Body Press|p2a: rosita\n|-resisted|p2a: rosita\n|-damage|p2a: rosita|72\/100 par\n|move|p2a: rosita|Earth Power|p1a: Steven\n|-supereffective|p1a: Steven\n|-damage|p1a: Steven|0 fnt\n|faint|p1a: Steven\n|\n|upkeep\n|c| Fabrizio8|sylveon ganale perra\n|\n|t:|1699645287\n|switch|p1a: Llaveros|Klefki, M|100\/100 slp\n|turn|16\n|\n|t:|1699645291\n|cant|p1a: Llaveros|slp\n|move|p2a: rosita|Earth Power|p1a: Llaveros\n|-supereffective|p1a: Llaveros\n|-damage|p1a: Llaveros|36\/100 slp\n|\n|upkeep\n|turn|17\n|c|\u2606Sylveon(404)|gg ez\n|\n|t:|1699645297\n|cant|p1a: Llaveros|slp\n|cant|p2a: rosita|par\n|\n|upkeep\n|turn|18\n|c|\u2606Gamer00ooO|Gg\n|\n|t:|1699645302\n|cant|p1a: Llaveros|slp\n|move|p2a: rosita|Earth Power|p1a: Llaveros\n|-supereffective|p1a: Llaveros\n|-damage|p1a: Llaveros|0 fnt\n|faint|p1a: Llaveros\n|\n|win|Sylveon(404)\n","uploadtime":1699645311,"views":10,"p1id":"gamer00ooo","p2id":"sylveon404","formatid":"gen9nationaldex","rating":0,"private":0,"password":""}