{"id":"gen9nationaldex-1988770961","p1":"Leifthrasir","p2":"ITS EDOT BABY","format":"[Gen 9] National Dex","log":"|j|\u2606Leifthrasir\n|j|\u2606ITS EDOT BABY\n|t:|1699760962\n|gametype|singles\n|player|p1|Leifthrasir|lady-gen4|1443\n|player|p2|ITS EDOT BABY|lucas|1430\n|teamsize|p1|6\n|teamsize|p2|6\n|gen|9\n|tier|[Gen 9] National Dex\n|rated|\n|rule|HP Percentage Mod: HP is shown in percentages\n|rule|Endless Battle Clause: Forcing endless battles is banned\n|rule|OHKO Clause: OHKO moves are banned\n|rule|Evasion Clause: Evasion abilities, items, and moves are banned\n|rule|Evasion Abilities Clause: Evasion abilities are banned\n|rule|Evasion Items Clause: Evasion items are banned\n|rule|Evasion Moves Clause: Evasion moves are banned\n|rule|Species Clause: Limit one of each Pok\u00e9mon\n|rule|Sleep Clause Mod: Limit one foe put to sleep\n|clearpoke\n|poke|p1|Tapu Lele|\n|poke|p1|Armarouge, M|\n|poke|p1|Polteageist-Antique|\n|poke|p1|Ogerpon-Wellspring, F|\n|poke|p1|Moltres|\n|poke|p1|Sneasler, M|\n|poke|p2|Garchomp, F|\n|poke|p2|Garganacl, M|\n|poke|p2|Ogerpon-Wellspring, F|\n|poke|p2|Kyurem|\n|poke|p2|Aegislash, F|\n|poke|p2|Zapdos|\n|teampreview\n|inactive|Battle timer is ON: inactive players will automatically lose when time's up. (requested by Leifthrasir)\n|l|\u2606ITS EDOT BABY\n|inactive|ITS EDOT BABY disconnected and has a minute to reconnect!\n|player|p2|\n|j|\u2606ITS EDOT BABY\n|inactive|ITS EDOT BABY reconnected and has 140 seconds left.\n|player|p2|ITS EDOT BABY|lucas\n|inactive|ITS EDOT BABY has 120 seconds left.\n|inactive|ITS EDOT BABY has 90 seconds left.\n|inactive|ITS EDOT BABY has 60 seconds left.\n|\n|t:|1699761072\n|start\n|switch|p1a: \u773c\u955c\u5a18|Tapu Lele|100\/100\n|switch|p2a: Ogerpon|Ogerpon-Wellspring, F|100\/100\n|-fieldstart|move: Psychic Terrain|[from] ability: Psychic Surge|[of] p1a: \u773c\u955c\u5a18\n|turn|1\n|\n|t:|1699761086\n|switch|p2a: Aegislash|Aegislash, F|100\/100\n|move|p1a: \u773c\u955c\u5a18|Psychic|p2a: Aegislash\n|-resisted|p2a: Aegislash\n|-damage|p2a: Aegislash|78\/100\n|\n|-heal|p2a: Aegislash|84\/100|[from] item: Leftovers\n|upkeep\n|turn|2\n|\n|t:|1699761103\n|switch|p1a: \u5251\u821e\u8d77\u8349|Ogerpon-Wellspring, F|100\/100\n|switch|p2a: Garganacl|Garganacl, M|100\/100\n|\n|upkeep\n|turn|3\n|inactive|ITS EDOT BABY has 120 seconds left.\n|\n|t:|1699761112\n|move|p1a: \u5251\u821e\u8d77\u8349|Taunt|p2a: Garganacl\n|-start|p2a: Garganacl|move: Taunt\n|move|p2a: Garganacl|Salt Cure|p1a: \u5251\u821e\u8d77\u8349\n|-damage|p1a: \u5251\u821e\u8d77\u8349|81\/100\n|-start|p1a: \u5251\u821e\u8d77\u8349|Salt Cure\n|\n|-damage|p1a: \u5251\u821e\u8d77\u8349|56\/100|[from] Salt Cure\n|upkeep\n|turn|4\n|\n|t:|1699761120\n|switch|p2a: Ogerpon|Ogerpon-Wellspring, F|100\/100\n|move|p1a: \u5251\u821e\u8d77\u8349|Horn Leech|p2a: Ogerpon\n|-damage|p2a: Ogerpon|45\/100\n|-heal|p1a: \u5251\u821e\u8d77\u8349|84\/100|[from] drain|[of] p2a: Ogerpon\n|\n|-damage|p1a: \u5251\u821e\u8d77\u8349|59\/100|[from] Salt Cure\n|upkeep\n|turn|5\n|\n|t:|1699761128\n|switch|p2a: Zapdos|Zapdos|100\/100\n|move|p1a: \u5251\u821e\u8d77\u8349|Horn Leech|p2a: Zapdos\n|-resisted|p2a: Zapdos\n|-damage|p2a: Zapdos|86\/100\n|-heal|p1a: \u5251\u821e\u8d77\u8349|69\/100|[from] drain|[of] p2a: Zapdos\n|\n|-damage|p1a: \u5251\u821e\u8d77\u8349|44\/100|[from] Salt Cure\n|upkeep\n|turn|6\n|\n|t:|1699761135\n|switch|p1a: \u94c1\u7532\u5c0f\u5b9d|Armarouge, M|100\/100\n|move|p2a: Zapdos|Roost|p2a: Zapdos\n|-heal|p2a: Zapdos|100\/100\n|-singleturn|p2a: Zapdos|move: Roost\n|\n|upkeep\n|turn|7\n|\n|t:|1699761146\n|switch|p2a: Aegislash|Aegislash, F|84\/100\n|move|p1a: \u94c1\u7532\u5c0f\u5b9d|Expanding Force|p2a: Aegislash\n|-resisted|p2a: Aegislash\n|-damage|p2a: Aegislash|49\/100\n|\n|-heal|p2a: Aegislash|55\/100|[from] item: Leftovers\n|upkeep\n|turn|8\n|\n|t:|1699761151\n|move|p2a: Aegislash|King's Shield|p2a: Aegislash\n|-singleturn|p2a: Aegislash|Protect\n|move|p1a: \u94c1\u7532\u5c0f\u5b9d|Armor Cannon|p2a: Aegislash\n|-activate|p2a: Aegislash|move: Protect\n|\n|-heal|p2a: Aegislash|61\/100|[from] item: Leftovers\n|-fieldend|move: Psychic Terrain\n|upkeep\n|turn|9\n|\n|t:|1699761160\n|switch|p1a: \u773c\u955c\u5a18|Tapu Lele|100\/100\n|-fieldstart|move: Psychic Terrain|[from] ability: Psychic Surge|[of] p1a: \u773c\u955c\u5a18\n|switch|p2a: Garganacl|Garganacl, M|100\/100\n|\n|upkeep\n|turn|10\n|\n|t:|1699761164\n|switch|p1a: \u5251\u821e\u8d77\u8349|Ogerpon-Wellspring, F|44\/100\n|move|p2a: Garganacl|Stealth Rock|p1a: \u5251\u821e\u8d77\u8349\n|-sidestart|p1: Leifthrasir|move: Stealth Rock\n|\n|upkeep\n|turn|11\n|\n|t:|1699761170\n|switch|p2a: Zapdos|Zapdos|100\/100\n|move|p1a: \u5251\u821e\u8d77\u8349|Horn Leech|p2a: Zapdos\n|-resisted|p2a: Zapdos\n|-damage|p2a: Zapdos|84\/100\n|-heal|p1a: \u5251\u821e\u8d77\u8349|54\/100|[from] drain|[of] p2a: Zapdos\n|\n|upkeep\n|turn|12\n|\n|t:|1699761184\n|switch|p1a: XY\u6389\u5e27\u72c2\u9b54|Moltres|100\/100\n|move|p2a: Zapdos|Volt Switch|p1a: XY\u6389\u5e27\u72c2\u9b54\n|-supereffective|p1a: XY\u6389\u5e27\u72c2\u9b54\n|-damage|p1a: XY\u6389\u5e27\u72c2\u9b54|44\/100\n|\n|t:|1699761192\n|switch|p2a: Garchomp|Garchomp, F|100\/100|[from] Volt Switch\n|\n|upkeep\n|turn|13\n|\n|t:|1699761201\n|-zpower|p2a: Garchomp\n|move|p2a: Garchomp|Continental Crush|p1a: XY\u6389\u5e27\u72c2\u9b54|[zeffect]\n|-supereffective|p1a: XY\u6389\u5e27\u72c2\u9b54\n|-damage|p1a: XY\u6389\u5e27\u72c2\u9b54|0 fnt\n|faint|p1a: XY\u6389\u5e27\u72c2\u9b54\n|\n|upkeep\n|\n|t:|1699761207\n|switch|p1a: \u94c1\u7532\u5c0f\u5b9d|Armarouge, M|100\/100\n|-damage|p1a: \u94c1\u7532\u5c0f\u5b9d|76\/100|[from] Stealth Rock\n|turn|14\n|\n|t:|1699761233\n|move|p1a: \u94c1\u7532\u5c0f\u5b9d|Endure|p1a: \u94c1\u7532\u5c0f\u5b9d\n|-singleturn|p1a: \u94c1\u7532\u5c0f\u5b9d|move: Endure\n|move|p2a: Garchomp|Spikes|p1a: \u94c1\u7532\u5c0f\u5b9d\n|-sidestart|p1: Leifthrasir|Spikes\n|\n|upkeep\n|turn|15\n|\n|t:|1699761239\n|move|p2a: Garchomp|Earthquake|p1a: \u94c1\u7532\u5c0f\u5b9d\n|-supereffective|p1a: \u94c1\u7532\u5c0f\u5b9d\n|-damage|p1a: \u94c1\u7532\u5c0f\u5b9d|0 fnt\n|faint|p1a: \u94c1\u7532\u5c0f\u5b9d\n|\n|upkeep\n|\n|t:|1699761260\n|switch|p1a: \u4ec0\u4e48\u65f6\u5019BAN\uff1f|Sneasler, M|100\/100\n|-damage|p1a: \u4ec0\u4e48\u65f6\u5019BAN\uff1f|95\/100|[from] Stealth Rock\n|-damage|p1a: \u4ec0\u4e48\u65f6\u5019BAN\uff1f|82\/100|[from] Spikes\n|-enditem|p1a: \u4ec0\u4e48\u65f6\u5019BAN\uff1f|Psychic Seed\n|-boost|p1a: \u4ec0\u4e48\u65f6\u5019BAN\uff1f|spd|1|[from] item: Psychic Seed\n|turn|16\n|\n|t:|1699761270\n|-terastallize|p1a: \u4ec0\u4e48\u65f6\u5019BAN\uff1f|Flying\n|move|p1a: \u4ec0\u4e48\u65f6\u5019BAN\uff1f|Swords Dance|p1a: \u4ec0\u4e48\u65f6\u5019BAN\uff1f\n|-boost|p1a: \u4ec0\u4e48\u65f6\u5019BAN\uff1f|atk|2\n|move|p2a: Garchomp|Stone Edge|p1a: \u4ec0\u4e48\u65f6\u5019BAN\uff1f\n|-supereffective|p1a: \u4ec0\u4e48\u65f6\u5019BAN\uff1f\n|-damage|p1a: \u4ec0\u4e48\u65f6\u5019BAN\uff1f|0 fnt\n|faint|p1a: \u4ec0\u4e48\u65f6\u5019BAN\uff1f\n|\n|-fieldend|move: Psychic Terrain\n|upkeep\n|-message|Leifthrasir forfeited.\n|\n|win|ITS EDOT BABY\n|raw|Leifthrasir's rating: 1443 &rarr; <strong>1422<\/strong><br \/>(-21 for losing)\n|raw|ITS EDOT BABY's rating: 1430 &rarr; <strong>1451<\/strong><br \/>(+21 for winning)\n|l|\u2606Leifthrasir\n","uploadtime":1699761335,"views":4,"p1id":"leifthrasir","p2id":"itsedotbaby","formatid":"gen9nationaldex","rating":1422,"private":0,"password":""}