{"id":"gen9nationaldex-1991510980","p1":"Plush Candy","p2":"bugmonobestmono","format":"[Gen 9] National Dex","log":"|j|\u2606Plush Candy\n|j|\u2606bugmonobestmono\n|t:|1700083615\n|gametype|singles\n|player|p1|Plush Candy|blue-gen1two|\n|player|p2|bugmonobestmono|266|\n|teamsize|p1|6\n|teamsize|p2|6\n|gen|9\n|tier|[Gen 9] National Dex\n|rule|HP Percentage Mod: HP is shown in percentages\n|rule|Endless Battle Clause: Forcing endless battles is banned\n|rule|OHKO Clause: OHKO moves are banned\n|rule|Evasion Clause: Evasion abilities, items, and moves are banned\n|rule|Evasion Abilities Clause: Evasion abilities are banned\n|rule|Evasion Items Clause: Evasion items are banned\n|rule|Evasion Moves Clause: Evasion moves are banned\n|rule|Species Clause: Limit one of each Pok\u00e9mon\n|rule|Sleep Clause Mod: Limit one foe put to sleep\n|clearpoke\n|poke|p1|Ninetales-Alola, F|\n|poke|p1|Arctovish|\n|poke|p1|Avalugg-Hisui, M|\n|poke|p1|Kyurem|\n|poke|p1|Cloyster, M|\n|poke|p1|Sandslash-Alola, F|\n|poke|p2|Scizor, M|\n|poke|p2|Buzzwole|\n|poke|p2|Kleavor, M|\n|poke|p2|Golisopod, F|\n|poke|p2|Volcarona, M|\n|poke|p2|Ribombee, F|\n|teampreview\n|c|\u2606Plush Candy|Send the invite link to Crim\n|c|\u2606bugmonobestmono|k\n|c|\u2606bugmonobestmono|glhf\n|c|\u2606Plush Candy|Let us wait til our audience arrives\n|c|\u2606bugmonobestmono|k\n|j| I like bug alots\n|c| I like bug alots|Bug\n|c| I like bug alots|You must win\n|c|\u2606bugmonobestmono|k\n|c|\u2606Plush Candy|Did you give the invite to Crim?\n|c|\u2606bugmonobestmono|yes\n|c|\u2606bugmonobestmono|he's not responding tho\n|c|\u2606bugmonobestmono|Wanna just start?\n|c|\u2606Plush Candy|Sure ig\n|\n|t:|1700083931\n|start\n|switch|p1a: Ninetales|Ninetales-Alola, F|100\/100\n|switch|p2a: Ribombee|Ribombee, F|100\/100\n|-weather|Snow|[from] ability: Snow Warning|[of] p1a: Ninetales\n|turn|1\n|\n|t:|1700083941\n|switch|p1a: Sandslash|Sandslash-Alola, F, shiny|100\/100\n|move|p2a: Ribombee|Switcheroo|p1a: Sandslash\n|-activate|p2a: Ribombee|move: Trick|[of] p1a: Sandslash\n|-item|p1a: Sandslash|Focus Sash|[from] move: Switcheroo\n|-item|p2a: Ribombee|Flame Plate|[from] move: Switcheroo\n|\n|-weather|Snow|[upkeep]\n|upkeep\n|turn|2\n|\n|t:|1700083958\n|switch|p2a: Golisopod|Golisopod, F|100\/100\n|move|p1a: Sandslash|Swords Dance|p1a: Sandslash\n|-boost|p1a: Sandslash|atk|2\n|\n|-weather|Snow|[upkeep]\n|upkeep\n|turn|3\n|\n|t:|1700083971\n|-terastallize|p1a: Sandslash|Fire\n|move|p1a: Sandslash|Rock Slide|p2a: Golisopod\n|-supereffective|p2a: Golisopod\n|-damage|p2a: Golisopod|37\/100\n|-activate|p2a: Golisopod|ability: Emergency Exit\n|\n|t:|1700083990\n|switch|p2a: Kleavor|Kleavor, M|100\/100\n|\n|-weather|Snow|[upkeep]\n|upkeep\n|turn|4\n|inactive|Battle timer is ON: inactive players will automatically lose when time's up. (requested by bugmonobestmono)\n|\n|t:|1700084028\n|switch|p1a: Avalugg|Avalugg-Hisui, M|100\/100\n|-terastallize|p2a: Kleavor|Fighting\n|move|p2a: Kleavor|Stone Axe|p1a: Avalugg\n|-supereffective|p1a: Avalugg\n|-damage|p1a: Avalugg|62\/100\n|-sidestart|p1: Plush Candy|move: Stealth Rock\n|\n|-weather|Snow|[upkeep]\n|upkeep\n|turn|5\n|\n|t:|1700084038\n|switch|p2a: Golisopod|Golisopod, F|37\/100\n|move|p1a: Avalugg|Stealth Rock|p2a: Golisopod\n|-sidestart|p2: bugmonobestmono|move: Stealth Rock\n|\n|-weather|Snow|[upkeep]\n|upkeep\n|turn|6\n|\n|t:|1700084050\n|move|p2a: Golisopod|Close Combat|p1a: Avalugg\n|-supereffective|p1a: Avalugg\n|-damage|p1a: Avalugg|4\/100\n|-unboost|p2a: Golisopod|def|1\n|-unboost|p2a: Golisopod|spd|1\n|move|p1a: Avalugg|Recover|p1a: Avalugg\n|-heal|p1a: Avalugg|54\/100\n|\n|-weather|Snow|[upkeep]\n|upkeep\n|turn|7\n|\n|t:|1700084074\n|move|p2a: Golisopod|Close Combat|p1a: Avalugg\n|-supereffective|p1a: Avalugg\n|-damage|p1a: Avalugg|0 fnt\n|-unboost|p2a: Golisopod|def|1\n|-unboost|p2a: Golisopod|spd|1\n|faint|p1a: Avalugg\n|\n|-weather|Snow|[upkeep]\n|upkeep\n|\n|t:|1700084085\n|switch|p1a: Sandslash|Sandslash-Alola, F, shiny, tera:Fire|100\/100\n|-damage|p1a: Sandslash|76\/100|[from] Stealth Rock\n|turn|8\n|\n|t:|1700084094\n|move|p2a: Golisopod|Aqua Jet|p1a: Sandslash\n|-supereffective|p1a: Sandslash\n|-damage|p1a: Sandslash|30\/100\n|move|p1a: Sandslash|Rapid Spin|p2a: Golisopod\n|-damage|p2a: Golisopod|16\/100\n|-boost|p1a: Sandslash|spe|1\n|-damage|p1a: Sandslash|13\/100|[from] item: Rocky Helmet|[of] p2a: Golisopod\n|-sideend|p1: Plush Candy|Stealth Rock|[from] move: Rapid Spin|[of] p1a: Sandslash\n|\n|-weather|none\n|upkeep\n|turn|9\n|\n|t:|1700084102\n|switch|p1a: Ninetales|Ninetales-Alola, F|100\/100\n|-weather|Snow|[from] ability: Snow Warning|[of] p1a: Ninetales\n|move|p2a: Golisopod|Aqua Jet|p1a: Ninetales\n|-damage|p1a: Ninetales|81\/100\n|\n|-weather|Snow|[upkeep]\n|upkeep\n|turn|10\n|\n|t:|1700084114\n|move|p1a: Ninetales|Aurora Veil|p1a: Ninetales\n|-sidestart|p1: Plush Candy|move: Aurora Veil\n|move|p2a: Golisopod|Close Combat|p1a: Ninetales\n|-damage|p1a: Ninetales|62\/100\n|-unboost|p2a: Golisopod|def|1\n|-unboost|p2a: Golisopod|spd|1\n|\n|-weather|Snow|[upkeep]\n|upkeep\n|turn|11\n|\n|t:|1700084121\n|move|p1a: Ninetales|Freeze-Dry|p2a: Golisopod\n|-supereffective|p2a: Golisopod\n|-damage|p2a: Golisopod|0 fnt\n|faint|p2a: Golisopod\n|\n|-weather|Snow|[upkeep]\n|upkeep\n|\n|t:|1700084125\n|switch|p2a: Ribombee|Ribombee, F|100\/100\n|-damage|p2a: Ribombee|76\/100|[from] Stealth Rock\n|turn|12\n|\n|t:|1700084132\n|move|p2a: Ribombee|Sticky Web|p1a: Ninetales\n|-sidestart|p1: Plush Candy|move: Sticky Web\n|move|p1a: Ninetales|Hidden Power|p2a: Ribombee\n|-supereffective|p2a: Ribombee\n|-damage|p2a: Ribombee|36\/100\n|\n|-weather|Snow|[upkeep]\n|upkeep\n|turn|13\n|\n|t:|1700084140\n|move|p2a: Ribombee|Stun Spore|p1a: Ninetales|[miss]\n|-miss|p2a: Ribombee|p1a: Ninetales\n|move|p1a: Ninetales|Nasty Plot|p1a: Ninetales\n|-boost|p1a: Ninetales|spa|2\n|\n|-weather|Snow|[upkeep]\n|upkeep\n|turn|14\n|\n|t:|1700084152\n|move|p2a: Ribombee|Stun Spore|p1a: Ninetales\n|-status|p1a: Ninetales|par\n|cant|p1a: Ninetales|par\n|\n|-weather|Snow|[upkeep]\n|-sideend|p1: Plush Candy|move: Aurora Veil\n|upkeep\n|turn|15\n|\n|t:|1700084155\n|move|p2a: Ribombee|Switcheroo|p1a: Ninetales\n|-activate|p2a: Ribombee|move: Trick|[of] p1a: Ninetales\n|-item|p1a: Ninetales|Flame Plate|[from] move: Switcheroo\n|-item|p2a: Ribombee|Icy Rock|[from] move: Switcheroo\n|move|p1a: Ninetales|Hidden Power|p2a: Ribombee\n|-supereffective|p2a: Ribombee\n|-damage|p2a: Ribombee|0 fnt\n|faint|p2a: Ribombee\n|\n|-weather|Snow|[upkeep]\n|upkeep\n|\n|t:|1700084157\n|switch|p2a: Scizor|Scizor, M|100\/100\n|-damage|p2a: Scizor|88\/100|[from] Stealth Rock\n|turn|16\n|\n|t:|1700084171\n|switch|p1a: Cloyster|Cloyster, M|100\/100\n|-activate|p1a: Cloyster|move: Sticky Web\n|-unboost|p1a: Cloyster|spe|1\n|-enditem|p1a: Cloyster|White Herb\n|-clearnegativeboost|p1a: Cloyster|[silent]\n|detailschange|p2a: Scizor|Scizor-Mega, M\n|-mega|p2a: Scizor|Scizor|Scizorite\n|move|p2a: Scizor|Bullet Punch|p1a: Cloyster\n|-damage|p1a: Cloyster|83\/100\n|\n|-weather|none\n|upkeep\n|turn|17\n|\n|t:|1700084190\n|move|p1a: Cloyster|Shell Smash|p1a: Cloyster\n|-unboost|p1a: Cloyster|def|1\n|-unboost|p1a: Cloyster|spd|1\n|-boost|p1a: Cloyster|atk|2\n|-boost|p1a: Cloyster|spa|2\n|-boost|p1a: Cloyster|spe|2\n|move|p2a: Scizor|Swords Dance|p2a: Scizor\n|-boost|p2a: Scizor|atk|2\n|\n|upkeep\n|turn|18\n|\n|t:|1700084198\n|move|p2a: Scizor|Bullet Punch|p1a: Cloyster\n|-damage|p1a: Cloyster|8\/100\n|move|p1a: Cloyster|Rock Blast|p2a: Scizor\n|-damage|p2a: Scizor|81\/100\n|-damage|p2a: Scizor|72\/100\n|-crit|p2a: Scizor\n|-damage|p2a: Scizor|60\/100\n|-damage|p2a: Scizor|52\/100\n|-damage|p2a: Scizor|44\/100\n|-hitcount|p2a: Scizor|5\n|\n|upkeep\n|turn|19\n|\n|t:|1700084219\n|switch|p1a: Ninetales|Ninetales-Alola, F|62\/100 par\n|-activate|p1a: Ninetales|move: Sticky Web\n|-unboost|p1a: Ninetales|spe|1\n|-weather|Snow|[from] ability: Snow Warning|[of] p1a: Ninetales\n|move|p2a: Scizor|Roost|p2a: Scizor\n|-heal|p2a: Scizor|94\/100\n|-singleturn|p2a: Scizor|move: Roost\n|\n|-weather|Snow|[upkeep]\n|upkeep\n|turn|20\n|\n|t:|1700084227\n|move|p2a: Scizor|Bullet Punch|p1a: Ninetales\n|-supereffective|p1a: Ninetales\n|-damage|p1a: Ninetales|0 fnt\n|faint|p1a: Ninetales\n|\n|-weather|Snow|[upkeep]\n|upkeep\n|\n|t:|1700084235\n|switch|p1a: Kyurem|Kyurem, shiny|100\/100\n|-ability|p1a: Kyurem|Pressure\n|turn|21\n|\n|t:|1700084241\n|move|p2a: Scizor|Bullet Punch|p1a: Kyurem\n|-supereffective|p1a: Kyurem\n|-crit|p1a: Kyurem\n|-damage|p1a: Kyurem|0 fnt\n|faint|p1a: Kyurem\n|\n|-weather|Snow|[upkeep]\n|upkeep\n|c|\u2606bugmonobestmono|oof\n|c|\u2606Plush Candy|Bruh\n|c| I like bug alots|Lets go\n|c|\u2606bugmonobestmono|idk if the crit mattered tho\n|c|\u2606Plush Candy|It did\n|c|\u2606bugmonobestmono|unless you were super bulky kyurem\n|inactive|Plush Candy has 270 seconds left.\n|\n|t:|1700084267\n|switch|p1a: Sandslash|Sandslash-Alola, F, shiny, tera:Fire|13\/100\n|-activate|p1a: Sandslash|move: Sticky Web\n|-unboost|p1a: Sandslash|spe|1\n|turn|22\n|\n|t:|1700084270\n|move|p2a: Scizor|Bullet Punch|p1a: Sandslash\n|-resisted|p1a: Sandslash\n|-damage|p1a: Sandslash|0 fnt\n|faint|p1a: Sandslash\n|\n|-weather|Snow|[upkeep]\n|upkeep\n|\n|t:|1700084273\n|switch|p1a: Arctovish|Arctovish|100\/100\n|-activate|p1a: Arctovish|move: Sticky Web\n|-unboost|p1a: Arctovish|spe|1\n|turn|23\n|\n|t:|1700084279\n|move|p1a: Arctovish|Fishious Rend|p2a: Scizor\n|-damage|p2a: Scizor|49\/100\n|move|p2a: Scizor|Close Combat|p1a: Arctovish\n|-supereffective|p1a: Arctovish\n|-damage|p1a: Arctovish|0 fnt\n|-unboost|p2a: Scizor|def|1\n|-unboost|p2a: Scizor|spd|1\n|faint|p1a: Arctovish\n|\n|-weather|none\n|upkeep\n|\n|t:|1700084283\n|switch|p1a: Cloyster|Cloyster, M|8\/100\n|-activate|p1a: Cloyster|move: Sticky Web\n|-unboost|p1a: Cloyster|spe|1\n|turn|24\n|c|\u2606bugmonobestmono|gg\n|c|\u2606Plush Candy|Gg ig\n|c| I like bug alots|Wooooo\n|c|\u2606Plush Candy|Told you it's just one sided\n|inactive|Plush Candy has 270 seconds left.\n|\n|t:|1700084315\n|move|p2a: Scizor|Bullet Punch|p1a: Cloyster\n|-damage|p1a: Cloyster|0 fnt\n|faint|p1a: Cloyster\n|\n|win|bugmonobestmono\n","uploadtime":1700084319,"views":31,"p1id":"plushcandy","p2id":"bugmonobestmono","formatid":"gen9nationaldex","rating":0,"private":0,"password":""}