{"id":"gen9nationaldex-1996002658","p1":"jakeuhd","p2":"overlord2022","format":"[Gen 9] National Dex","log":"|html|<div class=\"broadcast-blue\"><strong>[Gen 9] National Dex is currently suspecting Sneasler! For information on how to participate check out the <a href=\"https:\/\/www.smogon.com\/forums\/threads\/sv-national-dex-suspect-8-just-dance.3731534\/\">suspect thread<\/a>.<\/strong><\/div>\n|j|\u2606jakeuhd\n|j|\u2606overlord2022\n|t:|1700627820\n|gametype|singles\n|player|p1|jakeuhd|giovanni|1003\n|player|p2|overlord2022|2|1020\n|teamsize|p1|2\n|teamsize|p2|6\n|gen|9\n|tier|[Gen 9] National Dex\n|rated|\n|rule|HP Percentage Mod: HP is shown in percentages\n|rule|Endless Battle Clause: Forcing endless battles is banned\n|rule|OHKO Clause: OHKO moves are banned\n|rule|Evasion Clause: Evasion abilities, items, and moves are banned\n|rule|Evasion Abilities Clause: Evasion abilities are banned\n|rule|Evasion Items Clause: Evasion items are banned\n|rule|Evasion Moves Clause: Evasion moves are banned\n|rule|Species Clause: Limit one of each Pok\u00e9mon\n|rule|Sleep Clause Mod: Limit one foe put to sleep\n|clearpoke\n|poke|p1|Garganacl, M|\n|poke|p1|Urshifu-*, M|\n|poke|p2|Flygon, M|\n|poke|p2|Toedscruel, M|\n|poke|p2|Staraptor, M|\n|poke|p2|Mamoswine, M|\n|poke|p2|Meowscarada, M|\n|poke|p2|Armarouge, M|\n|teampreview\n|\n|t:|1700627825\n|start\n|switch|p1a: Garganacl|Garganacl, M|100\/100\n|switch|p2a: Mamoswine|Mamoswine, M, shiny|100\/100\n|turn|1\n|\n|t:|1700627833\n|move|p2a: Mamoswine|Earthquake|p1a: Garganacl\n|-supereffective|p1a: Garganacl\n|-damage|p1a: Garganacl|44\/100\n|move|p1a: Garganacl|Salt Cure|p2a: Mamoswine\n|-damage|p2a: Mamoswine|89\/100\n|-start|p2a: Mamoswine|Salt Cure\n|\n|-heal|p2a: Mamoswine|96\/100|[from] item: Leftovers\n|-damage|p2a: Mamoswine|83\/100|[from] Salt Cure\n|upkeep\n|turn|2\n|\n|t:|1700627843\n|move|p1a: Garganacl|Protect|p1a: Garganacl\n|-singleturn|p1a: Garganacl|Protect\n|move|p2a: Mamoswine|Earthquake|p1a: Garganacl\n|-activate|p1a: Garganacl|move: Protect\n|\n|-heal|p2a: Mamoswine|89\/100|[from] item: Leftovers\n|-damage|p2a: Mamoswine|77\/100|[from] Salt Cure\n|upkeep\n|turn|3\n|\n|t:|1700627852\n|move|p2a: Mamoswine|Reflect|p2a: Mamoswine\n|-sidestart|p2: overlord2022|Reflect\n|move|p1a: Garganacl|Recover|p1a: Garganacl\n|-heal|p1a: Garganacl|94\/100\n|\n|-heal|p2a: Mamoswine|83\/100|[from] item: Leftovers\n|-damage|p2a: Mamoswine|70\/100|[from] Salt Cure\n|upkeep\n|turn|4\n|\n|t:|1700627861\n|move|p1a: Garganacl|Protect|p1a: Garganacl\n|-singleturn|p1a: Garganacl|Protect\n|move|p2a: Mamoswine|Ice Shard|p1a: Garganacl\n|-activate|p1a: Garganacl|move: Protect\n|\n|-heal|p2a: Mamoswine|76\/100|[from] item: Leftovers\n|-damage|p2a: Mamoswine|64\/100|[from] Salt Cure\n|upkeep\n|turn|5\n|\n|t:|1700627871\n|move|p2a: Mamoswine|Ice Shard|p1a: Garganacl\n|-damage|p1a: Garganacl|83\/100\n|move|p1a: Garganacl|Fire Punch|p2a: Mamoswine\n|-supereffective|p2a: Mamoswine\n|-damage|p2a: Mamoswine|48\/100\n|-status|p2a: Mamoswine|brn\n|\n|-heal|p2a: Mamoswine|54\/100 brn|[from] item: Leftovers\n|-damage|p2a: Mamoswine|48\/100 brn|[from] brn\n|-damage|p2a: Mamoswine|36\/100 brn|[from] Salt Cure\n|upkeep\n|turn|6\n|\n|t:|1700627883\n|move|p2a: Mamoswine|Earthquake|p1a: Garganacl\n|-supereffective|p1a: Garganacl\n|-damage|p1a: Garganacl|52\/100\n|move|p1a: Garganacl|Recover|p1a: Garganacl\n|-heal|p1a: Garganacl|100\/100\n|\n|-heal|p2a: Mamoswine|42\/100 brn|[from] item: Leftovers\n|-damage|p2a: Mamoswine|36\/100 brn|[from] brn\n|-damage|p2a: Mamoswine|23\/100 brn|[from] Salt Cure\n|upkeep\n|turn|7\n|\n|t:|1700627895\n|move|p1a: Garganacl|Protect|p1a: Garganacl\n|-singleturn|p1a: Garganacl|Protect\n|move|p2a: Mamoswine|Earthquake|p1a: Garganacl\n|-activate|p1a: Garganacl|move: Protect\n|\n|-heal|p2a: Mamoswine|29\/100 brn|[from] item: Leftovers\n|-damage|p2a: Mamoswine|23\/100 brn|[from] brn\n|-damage|p2a: Mamoswine|11\/100 brn|[from] Salt Cure\n|-sideend|p2: overlord2022|Reflect\n|upkeep\n|turn|8\n|\n|t:|1700627906\n|-terastallize|p2a: Mamoswine|Ice\n|move|p2a: Mamoswine|Ice Shard|p1a: Garganacl\n|-damage|p1a: Garganacl|93\/100\n|move|p1a: Garganacl|Recover|p1a: Garganacl\n|-heal|p1a: Garganacl|100\/100\n|\n|-heal|p2a: Mamoswine|17\/100 brn|[from] item: Leftovers\n|-damage|p2a: Mamoswine|11\/100 brn|[from] brn\n|-damage|p2a: Mamoswine|0 fnt|[from] Salt Cure\n|faint|p2a: Mamoswine\n|upkeep\n|\n|t:|1700627917\n|switch|p2a: Flygon|Flygon, M, shiny|100\/100\n|turn|9\n|\n|t:|1700627925\n|move|p2a: Flygon|Dragon Dance|p2a: Flygon\n|-boost|p2a: Flygon|atk|1\n|-boost|p2a: Flygon|spe|1\n|move|p1a: Garganacl|Salt Cure|p2a: Flygon\n|-resisted|p2a: Flygon\n|-damage|p2a: Flygon|91\/100\n|-start|p2a: Flygon|Salt Cure\n|\n|-damage|p2a: Flygon|79\/100|[from] Salt Cure\n|upkeep\n|turn|10\n|\n|t:|1700627935\n|move|p1a: Garganacl|Protect|p1a: Garganacl\n|-singleturn|p1a: Garganacl|Protect\n|move|p2a: Flygon|Dragon Dance|p2a: Flygon\n|-boost|p2a: Flygon|atk|1\n|-boost|p2a: Flygon|spe|1\n|\n|-damage|p2a: Flygon|67\/100|[from] Salt Cure\n|upkeep\n|turn|11\n|\n|t:|1700627945\n|move|p2a: Flygon|Dragon Dance|p2a: Flygon\n|-boost|p2a: Flygon|atk|1\n|-boost|p2a: Flygon|spe|1\n|move|p1a: Garganacl|Recover||[still]\n|-fail|p1a: Garganacl|heal\n|\n|-damage|p2a: Flygon|54\/100|[from] Salt Cure\n|upkeep\n|turn|12\n|\n|t:|1700627952\n|switch|p2a: Staraptor|Staraptor, M, shiny|100\/100\n|-ability|p2a: Staraptor|Intimidate|boost\n|-unboost|p1a: Garganacl|atk|1\n|move|p1a: Garganacl|Fire Punch|p2a: Staraptor\n|-damage|p2a: Staraptor|82\/100\n|\n|upkeep\n|turn|13\n|\n|t:|1700627962\n|move|p2a: Staraptor|Substitute|p2a: Staraptor\n|-start|p2a: Staraptor|Substitute\n|-damage|p2a: Staraptor|57\/100\n|move|p1a: Garganacl|Salt Cure|p2a: Staraptor\n|-supereffective|p2a: Staraptor\n|-end|p2a: Staraptor|Substitute\n|\n|upkeep\n|turn|14\n|\n|t:|1700627970\n|switch|p2a: Meowscarada|Meowscarada, M, shiny|100\/100\n|move|p1a: Garganacl|Salt Cure|p2a: Meowscarada\n|-damage|p2a: Meowscarada|87\/100\n|-start|p2a: Meowscarada|Salt Cure\n|\n|-damage|p2a: Meowscarada|75\/100|[from] Salt Cure\n|upkeep\n|turn|15\n|\n|t:|1700627978\n|move|p1a: Garganacl|Protect|p1a: Garganacl\n|-singleturn|p1a: Garganacl|Protect\n|move|p2a: Meowscarada|Knock Off|p1a: Garganacl\n|-start|p2a: Meowscarada|typechange|Dark|[from] ability: Protean\n|-activate|p1a: Garganacl|move: Protect\n|\n|-damage|p2a: Meowscarada|62\/100|[from] Salt Cure\n|upkeep\n|turn|16\n|\n|t:|1700627987\n|move|p2a: Meowscarada|Knock Off|p1a: Garganacl\n|-damage|p1a: Garganacl|69\/100\n|-enditem|p1a: Garganacl|Wiki Berry|[from] move: Knock Off|[of] p2a: Meowscarada\n|-damage|p2a: Meowscarada|53\/100|[from] item: Life Orb\n|move|p1a: Garganacl|Recover|p1a: Garganacl\n|-heal|p1a: Garganacl|100\/100\n|\n|-damage|p2a: Meowscarada|40\/100|[from] Salt Cure\n|upkeep\n|turn|17\n|\n|t:|1700627998\n|move|p1a: Garganacl|Protect|p1a: Garganacl\n|-singleturn|p1a: Garganacl|Protect\n|move|p2a: Meowscarada|Leafage|p1a: Garganacl\n|-activate|p1a: Garganacl|move: Protect\n|\n|-damage|p2a: Meowscarada|28\/100|[from] Salt Cure\n|upkeep\n|turn|18\n|\n|t:|1700628006\n|move|p2a: Meowscarada|Leafage|p1a: Garganacl\n|-supereffective|p1a: Garganacl\n|-damage|p1a: Garganacl|83\/100\n|-damage|p2a: Meowscarada|18\/100|[from] item: Life Orb\n|move|p1a: Garganacl|Fire Punch|p2a: Meowscarada\n|-damage|p2a: Meowscarada|1\/100\n|\n|-damage|p2a: Meowscarada|0 fnt|[from] Salt Cure\n|faint|p2a: Meowscarada\n|upkeep\n|\n|t:|1700628016\n|switch|p2a: Flygon|Flygon, M, shiny|54\/100\n|turn|19\n|\n|t:|1700628022\n|move|p2a: Flygon|Rest|p2a: Flygon\n|-status|p2a: Flygon|slp|[from] move: Rest\n|-heal|p2a: Flygon|100\/100 slp|[silent]\n|move|p1a: Garganacl|Salt Cure|p2a: Flygon\n|-resisted|p2a: Flygon\n|-damage|p2a: Flygon|94\/100 slp\n|-start|p2a: Flygon|Salt Cure\n|\n|-damage|p2a: Flygon|82\/100 slp|[from] Salt Cure\n|upkeep\n|turn|20\n|\n|t:|1700628032\n|switch|p2a: Armarouge|Armarouge, M, shiny|100\/100\n|move|p1a: Garganacl|Recover|p1a: Garganacl\n|-heal|p1a: Garganacl|100\/100\n|\n|upkeep\n|turn|21\n|\n|t:|1700628039\n|move|p2a: Armarouge|Armor Cannon|p1a: Garganacl\n|-resisted|p1a: Garganacl\n|-damage|p1a: Garganacl|74\/100\n|-unboost|p2a: Armarouge|def|1\n|-unboost|p2a: Armarouge|spd|1\n|move|p1a: Garganacl|Salt Cure|p2a: Armarouge\n|-supereffective|p2a: Armarouge\n|-damage|p2a: Armarouge|79\/100\n|-start|p2a: Armarouge|Salt Cure\n|\n|-damage|p2a: Armarouge|66\/100|[from] Salt Cure\n|upkeep\n|turn|22\n|\n|t:|1700628052\n|move|p1a: Garganacl|Recover|p1a: Garganacl\n|-heal|p1a: Garganacl|100\/100\n|move|p2a: Armarouge|Trick Room|p2a: Armarouge\n|-fieldstart|move: Trick Room|[of] p2a: Armarouge\n|\n|-damage|p2a: Armarouge|54\/100|[from] Salt Cure\n|upkeep\n|turn|23\n|\n|t:|1700628058\n|move|p1a: Garganacl|Protect|p1a: Garganacl\n|-singleturn|p1a: Garganacl|Protect\n|move|p2a: Armarouge|Dark Pulse|p1a: Garganacl\n|-activate|p1a: Garganacl|move: Protect\n|\n|-damage|p2a: Armarouge|42\/100|[from] Salt Cure\n|upkeep\n|turn|24\n|\n|t:|1700628067\n|move|p1a: Garganacl|Recover||[still]\n|-fail|p1a: Garganacl|heal\n|move|p2a: Armarouge|Armor Cannon|p1a: Garganacl\n|-resisted|p1a: Garganacl\n|-damage|p1a: Garganacl|75\/100\n|-unboost|p2a: Armarouge|def|1\n|-unboost|p2a: Armarouge|spd|1\n|-heal|p2a: Armarouge|46\/100|[from] item: Shell Bell|[of] p1a: Garganacl\n|\n|-damage|p2a: Armarouge|34\/100|[from] Salt Cure\n|upkeep\n|turn|25\n|\n|t:|1700628082\n|move|p1a: Garganacl|Fire Punch|p2a: Armarouge\n|-start|p2a: Armarouge|ability: Flash Fire\n|move|p2a: Armarouge|Aura Sphere|p1a: Garganacl\n|-supereffective|p1a: Garganacl\n|-damage|p1a: Garganacl|23\/100\n|-heal|p2a: Armarouge|42\/100|[from] item: Shell Bell|[of] p1a: Garganacl\n|\n|-damage|p2a: Armarouge|30\/100|[from] Salt Cure\n|upkeep\n|turn|26\n|\n|t:|1700628094\n|move|p1a: Garganacl|Protect|p1a: Garganacl\n|-singleturn|p1a: Garganacl|Protect\n|move|p2a: Armarouge|Armor Cannon|p1a: Garganacl\n|-activate|p1a: Garganacl|move: Protect\n|\n|-damage|p2a: Armarouge|18\/100|[from] Salt Cure\n|-fieldend|move: Trick Room\n|upkeep\n|turn|27\n|\n|t:|1700628102\n|move|p2a: Armarouge|Armor Cannon|p1a: Garganacl\n|-resisted|p1a: Garganacl\n|-damage|p1a: Garganacl|0 fnt\n|-unboost|p2a: Armarouge|def|1\n|-unboost|p2a: Armarouge|spd|1\n|faint|p1a: Garganacl\n|-heal|p2a: Armarouge|21\/100|[from] item: Shell Bell|[of] p1: Garganacl\n|\n|-damage|p2a: Armarouge|9\/100|[from] Salt Cure\n|upkeep\n|\n|t:|1700628111\n|switch|p1a: Urshifu|Urshifu-Rapid-Strike, M|100\/100\n|turn|28\n|\n|t:|1700628116\n|move|p1a: Urshifu|Liquidation|p2a: Armarouge\n|-supereffective|p2a: Armarouge\n|-damage|p2a: Armarouge|0 fnt\n|faint|p2a: Armarouge\n|\n|upkeep\n|\n|t:|1700628121\n|switch|p2a: Toedscruel|Toedscruel, M, shiny|100\/100\n|turn|29\n|\n|t:|1700628128\n|move|p1a: Urshifu|Acrobatics|p2a: Toedscruel\n|-supereffective|p2a: Toedscruel\n|-damage|p2a: Toedscruel|0 fnt\n|faint|p2a: Toedscruel\n|\n|upkeep\n|\n|t:|1700628136\n|switch|p2a: Staraptor|Staraptor, M, shiny|57\/100\n|-ability|p2a: Staraptor|Intimidate|boost\n|-unboost|p1a: Urshifu|atk|1\n|turn|30\n|\n|t:|1700628145\n|move|p2a: Staraptor|Brave Bird|p1a: Urshifu\n|-supereffective|p1a: Urshifu\n|-damage|p1a: Urshifu|11\/100\n|-damage|p2a: Staraptor|25\/100|[from] Recoil\n|move|p1a: Urshifu|Acrobatics|p2a: Staraptor\n|-damage|p2a: Staraptor|0 fnt\n|faint|p2a: Staraptor\n|\n|upkeep\n|\n|t:|1700628152\n|switch|p2a: Flygon|Flygon, M, shiny|82\/100 slp\n|turn|31\n|\n|t:|1700628157\n|cant|p2a: Flygon|slp\n|move|p1a: Urshifu|Acrobatics|p2a: Flygon\n|-damage|p2a: Flygon|50\/100 slp\n|\n|upkeep\n|turn|32\n|\n|t:|1700628163\n|cant|p2a: Flygon|slp\n|move|p1a: Urshifu|Liquidation|p2a: Flygon\n|-damage|p2a: Flygon|9\/100 slp\n|\n|upkeep\n|turn|33\n|\n|t:|1700628170\n|-curestatus|p2a: Flygon|slp|[msg]\n|move|p2a: Flygon|Rest|p2a: Flygon\n|-status|p2a: Flygon|slp|[from] move: Rest\n|-heal|p2a: Flygon|100\/100 slp|[silent]\n|move|p1a: Urshifu|Acrobatics|p2a: Flygon\n|-damage|p2a: Flygon|65\/100 slp\n|\n|upkeep\n|turn|34\n|\n|t:|1700628179\n|cant|p2a: Flygon|slp\n|move|p1a: Urshifu|Liquidation|p2a: Flygon\n|-damage|p2a: Flygon|26\/100 slp\n|\n|upkeep\n|turn|35\n|\n|t:|1700628186\n|cant|p2a: Flygon|slp\n|move|p1a: Urshifu|Acrobatics|p2a: Flygon\n|-damage|p2a: Flygon|0 fnt\n|faint|p2a: Flygon\n|\n|win|jakeuhd\n|raw|jakeuhd's rating: 1003 &rarr; <strong>1044<\/strong><br \/>(+41 for winning)\n|raw|overlord2022's rating: 1020 &rarr; <strong>1006<\/strong><br \/>(-14 for losing)\n|l|\u2606overlord2022\n","uploadtime":1700628214,"views":0,"p1id":"jakeuhd","p2id":"overlord2022","formatid":"gen9nationaldex","rating":1006,"private":0,"password":""}