{"id":"gen9nationaldex-1994585622","p1":"MermanMuah","p2":"JustADude10","format":"[Gen 9] National Dex","log":"|html|<div class=\"broadcast-blue\"><strong>[Gen 9] National Dex is currently suspecting Sneasler! For information on how to participate check out the <a href=\"https:\/\/www.smogon.com\/forums\/threads\/sv-national-dex-suspect-8-just-dance.3731534\/\">suspect thread<\/a>.<\/strong><\/div>\n|j|\u2606MermanMuah\n|j|\u2606JustADude10\n|t:|1700464531\n|gametype|singles\n|player|p1|MermanMuah|2|1072\n|player|p2|JustADude10|unknown|1066\n|teamsize|p1|6\n|teamsize|p2|6\n|gen|9\n|tier|[Gen 9] National Dex\n|rated|\n|rule|HP Percentage Mod: HP is shown in percentages\n|rule|Endless Battle Clause: Forcing endless battles is banned\n|rule|OHKO Clause: OHKO moves are banned\n|rule|Evasion Clause: Evasion abilities, items, and moves are banned\n|rule|Evasion Abilities Clause: Evasion abilities are banned\n|rule|Evasion Items Clause: Evasion items are banned\n|rule|Evasion Moves Clause: Evasion moves are banned\n|rule|Species Clause: Limit one of each Pok\u00e9mon\n|rule|Sleep Clause Mod: Limit one foe put to sleep\n|clearpoke\n|poke|p1|Comfey, M|\n|poke|p1|Polteageist|\n|poke|p1|Manaphy|\n|poke|p1|Milotic, M|\n|poke|p1|Mamoswine, M|\n|poke|p1|Vespiquen, F|\n|poke|p2|Stakataka|\n|poke|p2|Dusclops, M|\n|poke|p2|Moltres-Galar|\n|poke|p2|Tapu Fini|\n|poke|p2|Aerodactyl, F|\n|poke|p2|Avalugg, M|\n|teampreview\n|c|\u2606JustADude10|yo\n|c|\u2606JustADude10|glhf\n|inactive|Battle timer is ON: inactive players will automatically lose when time's up. (requested by MermanMuah)\n|j| AverageBidooflover\n|\n|t:|1700464548\n|start\n|switch|p1a: Milotic|Milotic, M|100\/100\n|switch|p2a: Moltres-Kanto|Moltres-Galar, shiny|100\/100\n|turn|1\n|\n|t:|1700464558\n|move|p2a: Moltres-Kanto|Nasty Plot|p2a: Moltres-Kanto\n|-boost|p2a: Moltres-Kanto|spa|2\n|move|p1a: Milotic|Dragon Dance|p1a: Milotic\n|-boost|p1a: Milotic|atk|1\n|-boost|p1a: Milotic|spe|1\n|\n|upkeep\n|turn|2\n|\n|t:|1700464572\n|move|p2a: Moltres-Kanto|Agility|p2a: Moltres-Kanto\n|-boost|p2a: Moltres-Kanto|spe|2\n|move|p1a: Milotic|Dragon Tail|p2a: Moltres-Kanto\n|-damage|p2a: Moltres-Kanto|71\/100\n|-damage|p1a: Milotic|91\/100|[from] item: Life Orb\n|drag|p2a: Bro fr a Clam|Tapu Fini|100\/100\n|-fieldstart|move: Misty Terrain|[from] ability: Misty Surge|[of] p2a: Bro fr a Clam\n|\n|upkeep\n|turn|3\n|c|\u2606JustADude10|calm\n|\n|t:|1700464590\n|move|p1a: Milotic|Dragon Dance|p1a: Milotic\n|-boost|p1a: Milotic|atk|1\n|-boost|p1a: Milotic|spe|1\n|move|p2a: Bro fr a Clam|Calm Mind|p2a: Bro fr a Clam\n|-boost|p2a: Bro fr a Clam|spa|1\n|-boost|p2a: Bro fr a Clam|spd|1\n|\n|upkeep\n|turn|4\n|\n|t:|1700464605\n|move|p1a: Milotic|Waterfall|p2a: Bro fr a Clam\n|-resisted|p2a: Bro fr a Clam\n|-damage|p2a: Bro fr a Clam|71\/100\n|-damage|p1a: Milotic|81\/100|[from] item: Life Orb\n|move|p2a: Bro fr a Clam|Draining Kiss|p1a: Milotic\n|-damage|p1a: Milotic|59\/100\n|-heal|p2a: Bro fr a Clam|90\/100|[from] drain|[of] p1a: Milotic\n|\n|upkeep\n|turn|5\n|c|\u2606JustADude10|mm\n|c|\u2606JustADude10|i'm stealing your HP\n|\n|t:|1700464618\n|move|p1a: Milotic|Flip Turn|p2a: Bro fr a Clam\n|-resisted|p2a: Bro fr a Clam\n|-damage|p2a: Bro fr a Clam|65\/100\n|-damage|p1a: Milotic|49\/100|[from] item: Life Orb\n|\n|t:|1700464626\n|switch|p1a: Comfey|Comfey, M|100\/100|[from] Flip Turn\n|move|p2a: Bro fr a Clam|Draining Kiss|p1a: Comfey\n|-damage|p1a: Comfey|71\/100\n|-heal|p2a: Bro fr a Clam|89\/100|[from] drain|[of] p1a: Comfey\n|\n|upkeep\n|turn|6\n|\n|t:|1700464638\n|move|p1a: Comfey|Giga Drain|p2a: Bro fr a Clam\n|-supereffective|p2a: Bro fr a Clam\n|-damage|p2a: Bro fr a Clam|70\/100\n|-heal|p1a: Comfey|83\/100|[from] drain|[of] p2a: Bro fr a Clam\n|move|p2a: Bro fr a Clam|Calm Mind|p2a: Bro fr a Clam\n|-boost|p2a: Bro fr a Clam|spa|1\n|-boost|p2a: Bro fr a Clam|spd|1\n|\n|upkeep\n|turn|7\n|c|\u2606JustADude10|calmm\n|\n|t:|1700464646\n|move|p1a: Comfey|Leech Seed|p2a: Bro fr a Clam\n|-start|p2a: Bro fr a Clam|move: Leech Seed\n|move|p2a: Bro fr a Clam|Calm Mind|p2a: Bro fr a Clam\n|-boost|p2a: Bro fr a Clam|spa|1\n|-boost|p2a: Bro fr a Clam|spd|1\n|\n|-damage|p2a: Bro fr a Clam|58\/100|[from] Leech Seed|[of] p1a: Comfey\n|-heal|p1a: Comfey|97\/100|[silent]\n|upkeep\n|turn|8\n|c|\u2606JustADude10|meditation\n|\n|t:|1700464662\n|move|p1a: Comfey|Giga Drain|p2a: Bro fr a Clam\n|-supereffective|p2a: Bro fr a Clam\n|-damage|p2a: Bro fr a Clam|46\/100\n|-heal|p1a: Comfey|100\/100|[from] drain|[of] p2a: Bro fr a Clam\n|move|p2a: Bro fr a Clam|Surf|p1a: Comfey\n|-damage|p1a: Comfey|17\/100\n|\n|-damage|p2a: Bro fr a Clam|33\/100|[from] Leech Seed|[of] p1a: Comfey\n|-heal|p1a: Comfey|32\/100|[silent]\n|upkeep\n|turn|9\n|c|\u2606JustADude10|reee\n|\n|t:|1700464671\n|move|p1a: Comfey|Giga Drain|p2a: Bro fr a Clam\n|-supereffective|p2a: Bro fr a Clam\n|-damage|p2a: Bro fr a Clam|20\/100\n|-heal|p1a: Comfey|39\/100|[from] drain|[of] p2a: Bro fr a Clam\n|move|p2a: Bro fr a Clam|Surf|p1a: Comfey\n|-damage|p1a: Comfey|0 fnt\n|faint|p1a: Comfey\n|\n|-fieldend|Misty Terrain\n|upkeep\n|inactive|MermanMuah has 120 seconds left.\n|\n|t:|1700464697\n|switch|p1a: Mamoswine|Mamoswine, M|100\/100\n|turn|10\n|\n|t:|1700464705\n|move|p1a: Mamoswine|Ice Shard|p2a: Bro fr a Clam\n|-resisted|p2a: Bro fr a Clam\n|-damage|p2a: Bro fr a Clam|12\/100\n|move|p2a: Bro fr a Clam|Draining Kiss|p1a: Mamoswine\n|-damage|p1a: Mamoswine|47\/100\n|-heal|p2a: Bro fr a Clam|73\/100|[from] drain|[of] p1a: Mamoswine\n|\n|-heal|p1a: Mamoswine|53\/100|[from] item: Leftovers\n|-damage|p2a: Bro fr a Clam|60\/100|[from] Leech Seed|[of] p1a: Mamoswine\n|-heal|p1a: Mamoswine|61\/100|[silent]\n|upkeep\n|turn|11\n|c|\u2606JustADude10|yay\n|inactive|MermanMuah has 120 seconds left.\n|c|\u2606JustADude10|free hp\n|\n|t:|1700464722\n|move|p1a: Mamoswine|Icicle Crash|p2a: Bro fr a Clam\n|-resisted|p2a: Bro fr a Clam\n|-damage|p2a: Bro fr a Clam|40\/100\n|move|p2a: Bro fr a Clam|Draining Kiss|p1a: Mamoswine\n|-damage|p1a: Mamoswine|8\/100\n|-heal|p2a: Bro fr a Clam|100\/100|[from] drain|[of] p1a: Mamoswine\n|\n|-heal|p1a: Mamoswine|14\/100|[from] item: Leftovers\n|-damage|p2a: Bro fr a Clam|88\/100|[from] Leech Seed|[of] p1a: Mamoswine\n|-heal|p1a: Mamoswine|22\/100|[silent]\n|upkeep\n|turn|12\n|inactive|MermanMuah has 120 seconds left.\n|\n|t:|1700464741\n|move|p1a: Mamoswine|Superpower|p2a: Bro fr a Clam\n|-resisted|p2a: Bro fr a Clam\n|-damage|p2a: Bro fr a Clam|69\/100\n|-unboost|p1a: Mamoswine|atk|1\n|-unboost|p1a: Mamoswine|def|1\n|move|p2a: Bro fr a Clam|Draining Kiss|p1a: Mamoswine\n|-damage|p1a: Mamoswine|0 fnt\n|-heal|p2a: Bro fr a Clam|94\/100|[from] drain|[of] p1a: Mamoswine\n|faint|p1a: Mamoswine\n|\n|upkeep\n|\n|t:|1700464757\n|switch|p1a: Milotic|Milotic, M|49\/100\n|turn|13\n|\n|t:|1700464761\n|move|p2a: Bro fr a Clam|Draining Kiss|p1a: Milotic\n|-damage|p1a: Milotic|12\/100\n|-heal|p2a: Bro fr a Clam|100\/100|[from] drain|[of] p1a: Milotic\n|move|p1a: Milotic|Dragon Tail|p2a: Bro fr a Clam\n|-immune|p2a: Bro fr a Clam\n|\n|-damage|p2a: Bro fr a Clam|88\/100|[from] Leech Seed|[of] p1a: Milotic\n|-heal|p1a: Milotic|23\/100|[silent]\n|upkeep\n|turn|14\n|inactive|MermanMuah has 120 seconds left.\n|\n|t:|1700464777\n|move|p1a: Milotic|Waterfall|p2a: Bro fr a Clam\n|-resisted|p2a: Bro fr a Clam\n|-damage|p2a: Bro fr a Clam|72\/100\n|-damage|p1a: Milotic|13\/100|[from] item: Life Orb\n|move|p2a: Bro fr a Clam|Draining Kiss|p1a: Milotic\n|-damage|p1a: Milotic|0 fnt\n|-heal|p2a: Bro fr a Clam|83\/100|[from] drain|[of] p1a: Milotic\n|faint|p1a: Milotic\n|\n|upkeep\n|\n|t:|1700464784\n|switch|p1a: Manaphy|Manaphy|100\/100\n|turn|15\n|\n|t:|1700464787\n|move|p1a: Manaphy|Tail Glow|p1a: Manaphy\n|-boost|p1a: Manaphy|spa|3\n|move|p2a: Bro fr a Clam|Draining Kiss|p1a: Manaphy\n|-damage|p1a: Manaphy|53\/100\n|-heal|p2a: Bro fr a Clam|100\/100|[from] drain|[of] p1a: Manaphy\n|\n|-damage|p2a: Bro fr a Clam|88\/100|[from] Leech Seed|[of] p1a: Manaphy\n|-heal|p1a: Manaphy|63\/100|[silent]\n|upkeep\n|turn|16\n|\n|t:|1700464796\n|move|p1a: Manaphy|Tail Glow|p1a: Manaphy\n|-boost|p1a: Manaphy|spa|3\n|move|p2a: Bro fr a Clam|Draining Kiss|p1a: Manaphy\n|-damage|p1a: Manaphy|20\/100\n|-heal|p2a: Bro fr a Clam|100\/100|[from] drain|[of] p1a: Manaphy\n|-enditem|p1a: Manaphy|Aguav Berry|[eat]\n|-heal|p1a: Manaphy|54\/100|[from] item: Aguav Berry\n|\n|-damage|p2a: Bro fr a Clam|88\/100|[from] Leech Seed|[of] p1a: Manaphy\n|-heal|p1a: Manaphy|64\/100|[silent]\n|upkeep\n|turn|17\n|\n|t:|1700464806\n|move|p1a: Manaphy|Psychic|p2a: Bro fr a Clam\n|-damage|p2a: Bro fr a Clam|55\/100\n|move|p2a: Bro fr a Clam|Draining Kiss|p1a: Manaphy\n|-damage|p1a: Manaphy|22\/100\n|-heal|p2a: Bro fr a Clam|93\/100|[from] drain|[of] p1a: Manaphy\n|\n|-damage|p2a: Bro fr a Clam|81\/100|[from] Leech Seed|[of] p1a: Manaphy\n|-heal|p1a: Manaphy|32\/100|[silent]\n|upkeep\n|turn|18\n|\n|t:|1700464819\n|-terastallize|p1a: Manaphy|Psychic\n|move|p1a: Manaphy|Psychic|p2a: Bro fr a Clam\n|-damage|p2a: Bro fr a Clam|35\/100\n|move|p2a: Bro fr a Clam|Draining Kiss|p1a: Manaphy\n|-damage|p1a: Manaphy|0 fnt\n|-heal|p2a: Bro fr a Clam|63\/100|[from] drain|[of] p1a: Manaphy\n|faint|p1a: Manaphy\n|\n|upkeep\n|\n|t:|1700464827\n|switch|p1a: Polteageist|Polteageist|100\/100\n|turn|19\n|\n|t:|1700464842\n|move|p1a: Polteageist|Shell Smash|p1a: Polteageist\n|-unboost|p1a: Polteageist|def|1\n|-unboost|p1a: Polteageist|spd|1\n|-boost|p1a: Polteageist|atk|2\n|-boost|p1a: Polteageist|spa|2\n|-boost|p1a: Polteageist|spe|2\n|move|p2a: Bro fr a Clam|Draining Kiss|p1a: Polteageist\n|-damage|p1a: Polteageist|24\/100\n|-heal|p2a: Bro fr a Clam|100\/100|[from] drain|[of] p1a: Polteageist\n|\n|-damage|p2a: Bro fr a Clam|88\/100|[from] Leech Seed|[of] p1a: Polteageist\n|-heal|p1a: Polteageist|38\/100|[silent]\n|upkeep\n|turn|20\n|\n|t:|1700464853\n|move|p1a: Polteageist|Giga Drain|p2a: Bro fr a Clam\n|-supereffective|p2a: Bro fr a Clam\n|-damage|p2a: Bro fr a Clam|48\/100\n|-heal|p1a: Polteageist|59\/100|[from] drain|[of] p2a: Bro fr a Clam\n|move|p2a: Bro fr a Clam|Draining Kiss|p1a: Polteageist\n|-damage|p1a: Polteageist|0 fnt\n|-heal|p2a: Bro fr a Clam|89\/100|[from] drain|[of] p1a: Polteageist\n|faint|p1a: Polteageist\n|\n|upkeep\n|-message|MermanMuah forfeited.\n|\n|win|JustADude10\n|raw|MermanMuah's rating: 1072 &rarr; <strong>1051<\/strong><br \/>(-21 for losing)\n|raw|JustADude10's rating: 1066 &rarr; <strong>1097<\/strong><br \/>(+31 for winning)\n|l|\u2606MermanMuah\n","uploadtime":1700464864,"views":17,"p1id":"mermanmuah","p2id":"justadude10","formatid":"gen9nationaldex","rating":1051,"private":0,"password":""}