{"id":"gen9nationaldex-1987494916","p1":"Mryo64","p2":"Nish the Great","format":"[Gen 9] National Dex","log":"|j|\u2606Mryo64\n|j|\u2606Nish the Great\n|t:|1699601286\n|gametype|singles\n|player|p1|Mryo64|1|1678\n|player|p2|Nish the Great|iris-masters|1881\n|teamsize|p1|6\n|teamsize|p2|6\n|gen|9\n|tier|[Gen 9] National Dex\n|rated|\n|rule|HP Percentage Mod: HP is shown in percentages\n|rule|Endless Battle Clause: Forcing endless battles is banned\n|rule|OHKO Clause: OHKO moves are banned\n|rule|Evasion Clause: Evasion abilities, items, and moves are banned\n|rule|Evasion Abilities Clause: Evasion abilities are banned\n|rule|Evasion Items Clause: Evasion items are banned\n|rule|Evasion Moves Clause: Evasion moves are banned\n|rule|Species Clause: Limit one of each Pok\u00e9mon\n|rule|Sleep Clause Mod: Limit one foe put to sleep\n|clearpoke\n|poke|p1|Kleavor, F|\n|poke|p1|Moltres|\n|poke|p1|Clodsire, F|\n|poke|p1|Diancie|\n|poke|p1|Ferrothorn, M|\n|poke|p1|Urshifu-*, F|\n|poke|p2|Diancie|\n|poke|p2|Dragonite, M|\n|poke|p2|Iron Valiant|\n|poke|p2|Iron Moth|\n|poke|p2|Kartana|\n|poke|p2|Urshifu-*, M|\n|teampreview\n|inactive|Battle timer is ON: inactive players will automatically lose when time's up. (requested by Mryo64)\n|\n|t:|1699601299\n|start\n|switch|p1a: Urshifu|Urshifu-Rapid-Strike, F|100\/100\n|switch|p2a: Urshifu|Urshifu-Rapid-Strike, M|100\/100\n|turn|1\n|\n|t:|1699601309\n|move|p1a: Urshifu|U-turn|p2a: Urshifu\n|-resisted|p2a: Urshifu\n|-damage|p2a: Urshifu|88\/100\n|\n|t:|1699601320\n|switch|p1a: Ferrothorn|Ferrothorn, M|100\/100|[from] U-turn\n|move|p2a: Urshifu|Close Combat|p1a: Ferrothorn\n|-supereffective|p1a: Ferrothorn\n|-damage|p1a: Ferrothorn|12\/100\n|-unboost|p2a: Urshifu|def|1\n|-unboost|p2a: Urshifu|spd|1\n|-damage|p2a: Urshifu|76\/100|[from] ability: Iron Barbs|[of] p1a: Ferrothorn\n|-damage|p2a: Urshifu|59\/100|[from] item: Rocky Helmet|[of] p1a: Ferrothorn\n|\n|upkeep\n|turn|2\n|\n|t:|1699601328\n|switch|p1a: Moltres|Moltres|100\/100\n|move|p2a: Urshifu|Surging Strikes|p1a: Moltres\n|-supereffective|p1a: Moltres\n|-crit|p1a: Moltres\n|-damage|p1a: Moltres|70\/100\n|-supereffective|p1a: Moltres\n|-crit|p1a: Moltres\n|-damage|p1a: Moltres|41\/100\n|-supereffective|p1a: Moltres\n|-crit|p1a: Moltres\n|-damage|p1a: Moltres|13\/100\n|-hitcount|p1a: Moltres|3\n|\n|upkeep\n|turn|3\n|j| ddddddabai\n|\n|t:|1699601336\n|move|p2a: Urshifu|Surging Strikes|p1a: Moltres\n|-supereffective|p1a: Moltres\n|-crit|p1a: Moltres\n|-damage|p1a: Moltres|0 fnt\n|faint|p1a: Moltres\n|-hitcount|p1: Moltres|1\n|\n|upkeep\n|\n|t:|1699601341\n|switch|p1a: Diancie|Diancie|100\/100\n|turn|4\n|\n|t:|1699601360\n|switch|p2a: Diancie|Diancie|100\/100\n|detailschange|p1a: Diancie|Diancie-Mega\n|-mega|p1a: Diancie|Diancie|Diancite\n|move|p1a: Diancie|Moonblast|p2a: Diancie\n|-damage|p2a: Diancie|57\/100\n|\n|upkeep\n|turn|5\n|\n|t:|1699601364\n|move|p1a: Diancie|Earth Power|p2a: Diancie\n|-supereffective|p2a: Diancie\n|-damage|p2a: Diancie|0 fnt\n|faint|p2a: Diancie\n|\n|upkeep\n|\n|t:|1699601370\n|switch|p2a: Dragonite|Dragonite, M|100\/100\n|turn|6\n|\n|t:|1699601375\n|switch|p1a: Ferrothorn|Ferrothorn, M|12\/100\n|move|p2a: Dragonite|Dragon Dance|p2a: Dragonite\n|-boost|p2a: Dragonite|atk|1\n|-boost|p2a: Dragonite|spe|1\n|\n|upkeep\n|turn|7\n|\n|t:|1699601380\n|move|p2a: Dragonite|Earthquake|p1a: Ferrothorn\n|-damage|p1a: Ferrothorn|0 fnt\n|faint|p1a: Ferrothorn\n|\n|upkeep\n|\n|t:|1699601383\n|switch|p1a: Kleavor|Kleavor, F|100\/100\n|turn|8\n|\n|t:|1699601387\n|move|p2a: Dragonite|Earthquake|p1a: Kleavor\n|-damage|p1a: Kleavor|31\/100\n|move|p1a: Kleavor|Stone Axe|p2a: Dragonite\n|-supereffective|p2a: Dragonite\n|-damage|p2a: Dragonite|35\/100\n|-sidestart|p2: Nish the Great|move: Stealth Rock\n|\n|upkeep\n|turn|9\n|\n|t:|1699601394\n|move|p2a: Dragonite|Earthquake|p1a: Kleavor\n|-damage|p1a: Kleavor|0 fnt\n|faint|p1a: Kleavor\n|\n|upkeep\n|\n|t:|1699601396\n|switch|p1a: Urshifu|Urshifu-Rapid-Strike, F|100\/100\n|turn|10\n|\n|t:|1699601407\n|move|p1a: Urshifu|Ice Spinner|p2a: Dragonite\n|-supereffective|p2a: Dragonite\n|-damage|p2a: Dragonite|0 fnt\n|faint|p2a: Dragonite\n|\n|upkeep\n|\n|t:|1699601411\n|switch|p2a: Kartana|Kartana|100\/100\n|-damage|p2a: Kartana|94\/100|[from] Stealth Rock\n|turn|11\n|\n|t:|1699601420\n|switch|p1a: Diancie|Diancie-Mega|100\/100\n|move|p2a: Kartana|Leaf Blade|p1a: Diancie\n|-supereffective|p1a: Diancie\n|-damage|p1a: Diancie|0 fnt\n|faint|p1a: Diancie\n|-ability|p2a: Kartana|Beast Boost|boost\n|-boost|p2a: Kartana|atk|1\n|\n|upkeep\n|\n|t:|1699601422\n|switch|p1a: Urshifu|Urshifu-Rapid-Strike, F|100\/100\n|turn|12\n|j| hainiunnn\n|l| hainiunnn\n|\n|t:|1699601437\n|move|p1a: Urshifu|Close Combat|p2a: Kartana\n|-supereffective|p2a: Kartana\n|-damage|p2a: Kartana|0 fnt\n|-unboost|p1a: Urshifu|def|1\n|-unboost|p1a: Urshifu|spd|1\n|faint|p2a: Kartana\n|\n|upkeep\n|\n|t:|1699601453\n|switch|p2a: Iron Moth|Iron Moth|100\/100\n|-damage|p2a: Iron Moth|76\/100|[from] Stealth Rock\n|-enditem|p2a: Iron Moth|Booster Energy\n|-activate|p2a: Iron Moth|ability: Quark Drive|[fromitem]\n|-start|p2a: Iron Moth|quarkdrivespe\n|turn|13\n|\n|t:|1699601455\n|switch|p1a: Clodsire|Clodsire, F|100\/100\n|move|p2a: Iron Moth|Sludge Wave|p1a: Clodsire\n|-resisted|p1a: Clodsire\n|-damage|p1a: Clodsire|94\/100\n|\n|-heal|p1a: Clodsire|100\/100|[from] item: Black Sludge\n|upkeep\n|turn|14\n|\n|t:|1699601464\n|-end|p2a: Iron Moth|Quark Drive|[silent]\n|switch|p2a: Urshifu|Urshifu-Rapid-Strike, M|59\/100\n|-damage|p2a: Urshifu|53\/100|[from] Stealth Rock\n|move|p1a: Clodsire|Earthquake|p2a: Urshifu\n|-damage|p2a: Urshifu|27\/100\n|\n|upkeep\n|turn|15\n|\n|t:|1699601472\n|switch|p1a: Urshifu|Urshifu-Rapid-Strike, F|100\/100\n|move|p2a: Urshifu|Surging Strikes|p1a: Urshifu\n|-resisted|p1a: Urshifu\n|-crit|p1a: Urshifu\n|-damage|p1a: Urshifu|90\/100\n|-resisted|p1a: Urshifu\n|-crit|p1a: Urshifu\n|-damage|p1a: Urshifu|80\/100\n|-resisted|p1a: Urshifu\n|-crit|p1a: Urshifu\n|-damage|p1a: Urshifu|70\/100\n|-hitcount|p1a: Urshifu|3\n|\n|upkeep\n|turn|16\n|\n|t:|1699601487\n|-terastallize|p1a: Urshifu|Water\n|move|p1a: Urshifu|Surging Strikes|p2a: Urshifu\n|-resisted|p2a: Urshifu\n|-crit|p2a: Urshifu\n|-damage|p2a: Urshifu|15\/100\n|-resisted|p2a: Urshifu\n|-crit|p2a: Urshifu\n|-damage|p2a: Urshifu|2\/100\n|-resisted|p2a: Urshifu\n|-crit|p2a: Urshifu\n|-damage|p2a: Urshifu|0 fnt\n|faint|p2a: Urshifu\n|-hitcount|p2: Urshifu|3\n|\n|upkeep\n|\n|t:|1699601491\n|switch|p2a: Iron Valiant|Iron Valiant|100\/100\n|-damage|p2a: Iron Valiant|94\/100|[from] Stealth Rock\n|-enditem|p2a: Iron Valiant|Booster Energy\n|-activate|p2a: Iron Valiant|ability: Quark Drive|[fromitem]\n|-start|p2a: Iron Valiant|quarkdrivespe\n|turn|17\n|\n|t:|1699601496\n|switch|p1a: Clodsire|Clodsire, F|100\/100\n|move|p2a: Iron Valiant|Moonblast|p1a: Clodsire\n|-resisted|p1a: Clodsire\n|-damage|p1a: Clodsire|88\/100\n|\n|-heal|p1a: Clodsire|94\/100|[from] item: Black Sludge\n|upkeep\n|turn|18\n|-message|Nish the Great forfeited.\n|\n|win|Mryo64\n|raw|Mryo64's rating: 1678 &rarr; <strong>1709<\/strong><br \/>(+31 for winning)\n|raw|Nish the Great's rating: 1881 &rarr; <strong>1850<\/strong><br \/>(-31 for losing)\n|l|\u2606Nish the Great\n","uploadtime":1699601592,"views":11,"p1id":"mryo64","p2id":"nishthegreat","formatid":"gen9nationaldex","rating":1709,"private":0,"password":""}