{"id":"gen9nationaldex-1995557729","p1":"mariousHex","p2":"nkjhgijoijhb","format":"[Gen 9] National Dex","log":"|html|<div class=\"broadcast-blue\"><strong>[Gen 9] National Dex is currently suspecting Sneasler! For information on how to participate check out the <a href=\"https:\/\/www.smogon.com\/forums\/threads\/sv-national-dex-suspect-8-just-dance.3731534\/\">suspect thread<\/a>.<\/strong><\/div>\n|j|\u2606mariousHex\n|j|\u2606nkjhgijoijhb\n|t:|1700582700\n|gametype|singles\n|player|p1|mariousHex|lillie-masters|1650\n|player|p2|nkjhgijoijhb|red|1765\n|teamsize|p1|6\n|teamsize|p2|6\n|gen|9\n|tier|[Gen 9] National Dex\n|rated|\n|rule|HP Percentage Mod: HP is shown in percentages\n|rule|Endless Battle Clause: Forcing endless battles is banned\n|rule|OHKO Clause: OHKO moves are banned\n|rule|Evasion Clause: Evasion abilities, items, and moves are banned\n|rule|Evasion Abilities Clause: Evasion abilities are banned\n|rule|Evasion Items Clause: Evasion items are banned\n|rule|Evasion Moves Clause: Evasion moves are banned\n|rule|Species Clause: Limit one of each Pok\u00e9mon\n|rule|Sleep Clause Mod: Limit one foe put to sleep\n|clearpoke\n|poke|p1|Gliscor, F|\n|poke|p1|Great Tusk|\n|poke|p1|Scizor, M|\n|poke|p1|Greninja-*, M|\n|poke|p1|Zapdos|\n|poke|p1|Heatran, M|\n|poke|p2|Diancie|\n|poke|p2|Blaziken, M|\n|poke|p2|Victini|\n|poke|p2|Ogerpon-Wellspring, F|\n|poke|p2|Iron Valiant|\n|poke|p2|Dragonite, F|\n|teampreview\n|inactive|Battle timer is ON: inactive players will automatically lose when time's up. (requested by nkjhgijoijhb)\n|\n|t:|1700582712\n|start\n|switch|p1a: Great Tusk|Great Tusk|100\/100\n|switch|p2a: Diancie|Diancie|100\/100\n|-enditem|p1a: Great Tusk|Booster Energy\n|-activate|p1a: Great Tusk|ability: Protosynthesis|[fromitem]\n|-start|p1a: Great Tusk|protosynthesisspe\n|turn|1\n|\n|t:|1700582738\n|detailschange|p2a: Diancie|Diancie-Mega\n|-mega|p2a: Diancie|Diancie|Diancite\n|-terastallize|p1a: Great Tusk|Poison\n|move|p1a: Great Tusk|Bulk Up|p1a: Great Tusk\n|-boost|p1a: Great Tusk|atk|1\n|-boost|p1a: Great Tusk|def|1\n|move|p2a: Diancie|Misty Explosion|p1a: Great Tusk\n|-resisted|p1a: Great Tusk\n|-damage|p1a: Great Tusk|68\/100\n|faint|p2a: Diancie\n|\n|upkeep\n|\n|t:|1700582750\n|switch|p2a: Iron Valiant|Iron Valiant|100\/100\n|-enditem|p2a: Iron Valiant|Booster Energy\n|-activate|p2a: Iron Valiant|ability: Quark Drive|[fromitem]\n|-start|p2a: Iron Valiant|quarkdrivespe\n|turn|2\n|\n|t:|1700582753\n|move|p2a: Iron Valiant|Encore|p1a: Great Tusk\n|-start|p1a: Great Tusk|Encore\n|move|p1a: Great Tusk|Bulk Up|p1a: Great Tusk\n|-boost|p1a: Great Tusk|atk|1\n|-boost|p1a: Great Tusk|def|1\n|\n|upkeep\n|turn|3\n|\n|t:|1700582767\n|-end|p1a: Great Tusk|Protosynthesis|[silent]\n|switch|p1a: Scizor|Scizor, M|100\/100\n|move|p2a: Iron Valiant|Knock Off|p1a: Scizor\n|-damage|p1a: Scizor|80\/100\n|\n|upkeep\n|turn|4\n|j| carlinss\n|\n|t:|1700582781\n|-end|p2a: Iron Valiant|Quark Drive|[silent]\n|switch|p2a: Victini|Victini|100\/100\n|switch|p1a: Zapdos|Zapdos|100\/100\n|\n|upkeep\n|turn|5\n|\n|t:|1700582795\n|-zpower|p2a: Victini\n|move|p2a: Victini|Z-Celebrate|p2a: Victini|[anim]Celebrate\n|-boost|p2a: Victini|atk|1|[zeffect]\n|-boost|p2a: Victini|def|1|[zeffect]\n|-boost|p2a: Victini|spa|1|[zeffect]\n|-boost|p2a: Victini|spd|1|[zeffect]\n|-boost|p2a: Victini|spe|1|[zeffect]\n|-activate|p2a: Victini|move: Celebrate\n|move|p1a: Zapdos|Volt Switch|p2a: Victini\n|-damage|p2a: Victini|79\/100\n|\n|t:|1700582801\n|switch|p1a: Heatran|Heatran, M|100\/100|[from] Volt Switch\n|\n|upkeep\n|turn|6\n|\n|t:|1700582804\n|move|p2a: Victini|Scorching Sands|p1a: Heatran\n|-supereffective|p1a: Heatran\n|-damage|p1a: Heatran|27\/100\n|move|p1a: Heatran|Stealth Rock|p2a: Victini\n|-sidestart|p2: nkjhgijoijhb|move: Stealth Rock\n|\n|-heal|p1a: Heatran|33\/100|[from] item: Leftovers\n|upkeep\n|turn|7\n|\n|t:|1700582810\n|switch|p1a: Gliscor|Gliscor, F|100\/100\n|move|p2a: Victini|Scorching Sands|p1a: Gliscor\n|-immune|p1a: Gliscor\n|\n|-status|p1a: Gliscor|tox|[from] item: Toxic Orb\n|upkeep\n|turn|8\n|\n|t:|1700582819\n|move|p2a: Victini|Stored Power|p1a: Gliscor\n|-damage|p1a: Gliscor|38\/100 tox\n|move|p1a: Gliscor|Toxic|p2a: Victini\n|-status|p2a: Victini|tox\n|\n|-damage|p2a: Victini|73\/100 tox|[from] psn\n|-heal|p1a: Gliscor|50\/100 tox|[from] ability: Poison Heal\n|upkeep\n|turn|9\n|\n|t:|1700582824\n|move|p1a: Gliscor|Protect|p1a: Gliscor\n|-singleturn|p1a: Gliscor|Protect\n|move|p2a: Victini|Fire Blast|p1a: Gliscor\n|-activate|p1a: Gliscor|move: Protect\n|\n|-damage|p2a: Victini|61\/100 tox|[from] psn\n|-heal|p1a: Gliscor|63\/100 tox|[from] ability: Poison Heal\n|upkeep\n|turn|10\n|inactive|mariousHex has 120 seconds left.\n|\n|t:|1700582859\n|switch|p1a: Scizor|Scizor, M|80\/100\n|move|p2a: Victini|Stored Power|p1a: Scizor\n|-resisted|p1a: Scizor\n|-damage|p1a: Scizor|48\/100\n|\n|-damage|p2a: Victini|42\/100 tox|[from] psn\n|upkeep\n|turn|11\n|inactive|mariousHex has 120 seconds left.\n|\n|t:|1700582871\n|detailschange|p1a: Scizor|Scizor-Mega, M\n|-mega|p1a: Scizor|Scizor|Scizorite\n|move|p2a: Victini|Fire Blast|p1a: Scizor|[miss]\n|-miss|p2a: Victini|p1a: Scizor\n|move|p1a: Scizor|Knock Off|p2a: Victini\n|-supereffective|p2a: Victini\n|-damage|p2a: Victini|13\/100 tox\n|\n|-damage|p2a: Victini|0 fnt|[from] psn\n|faint|p2a: Victini\n|upkeep\n|\n|t:|1700582896\n|switch|p2a: Blaziken|Blaziken, M|100\/100\n|-damage|p2a: Blaziken|88\/100|[from] Stealth Rock\n|turn|12\n|j| aaaapeng\n|inactive|mariousHex has 120 seconds left.\n|\n|t:|1700582924\n|move|p2a: Blaziken|Swords Dance|p2a: Blaziken\n|-boost|p2a: Blaziken|atk|2\n|move|p1a: Scizor|U-turn|p2a: Blaziken\n|-resisted|p2a: Blaziken\n|-damage|p2a: Blaziken|75\/100\n|\n|t:|1700582926\n|switch|p1a: Zapdos|Zapdos|100\/100|[from] U-turn\n|\n|-heal|p2a: Blaziken|81\/100|[from] item: Leftovers\n|-ability|p2a: Blaziken|Speed Boost|boost\n|-boost|p2a: Blaziken|spe|1\n|upkeep\n|turn|13\n|\n|t:|1700582932\n|move|p2a: Blaziken|Stone Edge|p1a: Zapdos\n|-supereffective|p1a: Zapdos\n|-damage|p1a: Zapdos|2\/100\n|move|p1a: Zapdos|Hurricane|p2a: Blaziken\n|-supereffective|p2a: Blaziken\n|-damage|p2a: Blaziken|0 fnt\n|faint|p2a: Blaziken\n|\n|upkeep\n|\n|t:|1700582958\n|switch|p2a: Iron Valiant|Iron Valiant|100\/100\n|-damage|p2a: Iron Valiant|94\/100|[from] Stealth Rock\n|turn|14\n|l| carlinss\n|\n|t:|1700582964\n|switch|p1a: Great Tusk|Great Tusk, tera:Poison|68\/100\n|move|p2a: Iron Valiant|Spirit Break|p1a: Great Tusk\n|-resisted|p1a: Great Tusk\n|-damage|p1a: Great Tusk|56\/100\n|-unboost|p1a: Great Tusk|spa|1\n|\n|upkeep\n|turn|15\n|\n|t:|1700582981\n|move|p2a: Iron Valiant|Close Combat|p1a: Great Tusk\n|-resisted|p1a: Great Tusk\n|-damage|p1a: Great Tusk|37\/100\n|-unboost|p2a: Iron Valiant|def|1\n|-unboost|p2a: Iron Valiant|spd|1\n|move|p1a: Great Tusk|Ice Spinner|p2a: Iron Valiant\n|-crit|p2a: Iron Valiant\n|-damage|p2a: Iron Valiant|30\/100\n|\n|upkeep\n|turn|16\n|\n|t:|1700582987\n|move|p2a: Iron Valiant|Close Combat|p1a: Great Tusk\n|-resisted|p1a: Great Tusk\n|-damage|p1a: Great Tusk|16\/100\n|-unboost|p2a: Iron Valiant|def|1\n|-unboost|p2a: Iron Valiant|spd|1\n|move|p1a: Great Tusk|Rapid Spin|p2a: Iron Valiant\n|-damage|p2a: Iron Valiant|0 fnt\n|-boost|p1a: Great Tusk|spe|1\n|faint|p2a: Iron Valiant\n|-end|p2a: Iron Valiant|Quark Drive|[silent]\n|\n|upkeep\n|\n|t:|1700582998\n|switch|p2a: Dragonite|Dragonite, F|100\/100\n|-damage|p2a: Dragonite|75\/100|[from] Stealth Rock\n|turn|17\n|\n|t:|1700583002\n|move|p2a: Dragonite|Extreme Speed|p1a: Great Tusk\n|-damage|p1a: Great Tusk|0 fnt\n|faint|p1a: Great Tusk\n|-end|p1a: Great Tusk|Protosynthesis|[silent]\n|\n|upkeep\n|\n|t:|1700583014\n|switch|p1a: Greninja|Greninja, M|100\/100\n|turn|18\n|\n|t:|1700583033\n|move|p2a: Dragonite|Extreme Speed|p1a: Greninja\n|-damage|p1a: Greninja|50\/100\n|move|p1a: Greninja|Dark Pulse|p2a: Dragonite\n|-damage|p2a: Dragonite|16\/100\n|\n|upkeep\n|turn|19\n|\n|t:|1700583042\n|switch|p1a: Scizor|Scizor-Mega, M|48\/100\n|move|p2a: Dragonite|Extreme Speed|p1a: Scizor\n|-resisted|p1a: Scizor\n|-damage|p1a: Scizor|36\/100\n|\n|upkeep\n|turn|20\n|\n|t:|1700583046\n|move|p1a: Scizor|Bullet Punch|p2a: Dragonite\n|-damage|p2a: Dragonite|0 fnt\n|faint|p2a: Dragonite\n|\n|upkeep\n|\n|t:|1700583049\n|switch|p2a: Ogerpon|Ogerpon-Wellspring, F|100\/100\n|-damage|p2a: Ogerpon|88\/100|[from] Stealth Rock\n|turn|21\n|\n|t:|1700583064\n|-terastallize|p2a: Ogerpon|Water\n|detailschange|p2a: Ogerpon|Ogerpon-Wellspring-Tera, F, tera:Water\n|-ability|p2a: Ogerpon|Embody Aspect (Wellspring)|boost\n|-boost|p2a: Ogerpon|spd|1\n|move|p2a: Ogerpon|Ivy Cudgel|p1a: Scizor|[anim] Ivy Cudgel Water\n|-damage|p1a: Scizor|0 fnt\n|faint|p1a: Scizor\n|\n|upkeep\n|\n|t:|1700583082\n|switch|p1a: Greninja|Greninja, M|50\/100\n|turn|22\n|\n|t:|1700583091\n|move|p1a: Greninja|Dark Pulse|p2a: Ogerpon\n|-damage|p2a: Ogerpon|45\/100\n|move|p2a: Ogerpon|Trailblaze|p1a: Greninja\n|-supereffective|p1a: Greninja\n|-damage|p1a: Greninja|0 fnt\n|-boost|p2a: Ogerpon|spe|1\n|faint|p1a: Greninja\n|\n|upkeep\n|c|\u2606nkjhgijoijhb|gg\n|\n|t:|1700583106\n|switch|p1a: Gliscor|Gliscor, F|63\/100 tox\n|turn|23\n|\n|t:|1700583111\n|move|p2a: Ogerpon|Ivy Cudgel|p1a: Gliscor|[anim] Ivy Cudgel Water\n|-supereffective|p1a: Gliscor\n|-damage|p1a: Gliscor|0 fnt\n|faint|p1a: Gliscor\n|\n|upkeep\n|-message|mariousHex forfeited.\n|\n|win|nkjhgijoijhb\n|raw|mariousHex's rating: 1650 &rarr; <strong>1636<\/strong><br \/>(-14 for losing)\n|raw|nkjhgijoijhb's rating: 1765 &rarr; <strong>1779<\/strong><br \/>(+14 for winning)\n|l|\u2606mariousHex\n|l|\u2606nkjhgijoijhb\n","uploadtime":1700583147,"views":0,"p1id":"marioushex","p2id":"nkjhgijoijhb","formatid":"gen9nationaldex","rating":1636,"private":0,"password":""}