{"id":"gen9nationaldex-1987424011","p1":"Vandall Flagg","p2":"From The T0p","format":"[Gen 9] National Dex","log":"|j|\u2606Vandall Flagg\n|j|\u2606From The T0p\n|t:|1699589536\n|gametype|singles\n|player|p1|Vandall Flagg|silver|1150\n|player|p2|From The T0p|wallace|1063\n|teamsize|p1|6\n|teamsize|p2|6\n|gen|9\n|tier|[Gen 9] National Dex\n|rated|\n|rule|HP Percentage Mod: HP is shown in percentages\n|rule|Endless Battle Clause: Forcing endless battles is banned\n|rule|OHKO Clause: OHKO moves are banned\n|rule|Evasion Clause: Evasion abilities, items, and moves are banned\n|rule|Evasion Abilities Clause: Evasion abilities are banned\n|rule|Evasion Items Clause: Evasion items are banned\n|rule|Evasion Moves Clause: Evasion moves are banned\n|rule|Species Clause: Limit one of each Pok\u00e9mon\n|rule|Sleep Clause Mod: Limit one foe put to sleep\n|clearpoke\n|poke|p1|Weavile, M|\n|poke|p1|Honchkrow, F|\n|poke|p1|Feraligatr, M|\n|poke|p1|Gyarados, F|\n|poke|p1|Ursaring, M|\n|poke|p1|Rhyperior, M|\n|poke|p2|Ribombee, M|\n|poke|p2|Gliscor, M|\n|poke|p2|Lopunny, F|\n|poke|p2|Volcarona, F|\n|poke|p2|Grimmsnarl, M|\n|poke|p2|Aegislash, M|\n|teampreview\n|inactive|Battle timer is ON: inactive players will automatically lose when time's up. (requested by From The T0p)\n|\n|t:|1699589545\n|start\n|switch|p1a: Rhyperior|Rhyperior, M|100\/100\n|switch|p2a: Ribombee|Ribombee, M|100\/100\n|turn|1\n|c|\u2606Vandall Flagg|good luck\n|\n|t:|1699589565\n|move|p2a: Ribombee|Sticky Web|p1a: Rhyperior\n|-sidestart|p1: Vandall Flagg|move: Sticky Web\n|move|p1a: Rhyperior|Rock Polish|p1a: Rhyperior\n|-boost|p1a: Rhyperior|spe|2\n|\n|upkeep\n|turn|2\n|\n|t:|1699589571\n|move|p2a: Ribombee|Stun Spore|p1a: Rhyperior\n|-status|p1a: Rhyperior|par\n|move|p1a: Rhyperior|Rock Slide|p2a: Ribombee\n|-supereffective|p2a: Ribombee\n|-enditem|p2a: Ribombee|Focus Sash\n|-damage|p2a: Ribombee|1\/100\n|\n|upkeep\n|turn|3\n|\n|t:|1699589578\n|move|p2a: Ribombee|Moonblast|p1a: Rhyperior\n|-damage|p1a: Rhyperior|38\/100 par\n|move|p1a: Rhyperior|Power-Up Punch|p2a: Ribombee\n|-resisted|p2a: Ribombee\n|-damage|p2a: Ribombee|0 fnt\n|-boost|p1a: Rhyperior|atk|1\n|faint|p2a: Ribombee\n|\n|upkeep\n|c|\u2606From The T0p|Good luck to you too\n|\n|t:|1699589589\n|switch|p2a: Gliscor|Gliscor, M|100\/100\n|turn|4\n|\n|t:|1699589594\n|move|p2a: Gliscor|Earthquake|p1a: Rhyperior\n|-supereffective|p1a: Rhyperior\n|-damage|p1a: Rhyperior|0 fnt\n|faint|p1a: Rhyperior\n|\n|-status|p2a: Gliscor|tox|[from] item: Toxic Orb\n|upkeep\n|\n|t:|1699589600\n|switch|p1a: Honchkrow|Honchkrow, F|100\/100\n|turn|5\n|\n|t:|1699589606\n|move|p2a: Gliscor|Swords Dance|p2a: Gliscor\n|-boost|p2a: Gliscor|atk|2\n|move|p1a: Honchkrow|Defog|p2a: Gliscor\n|-unboost|p2a: Gliscor|evasion|1\n|-sideend|p1: Vandall Flagg|Sticky Web|[from] move: Defog|[of] p1a: Honchkrow\n|\n|upkeep\n|turn|6\n|\n|t:|1699589612\n|move|p2a: Gliscor|Fling|p1a: Honchkrow\n|-resisted|p1a: Honchkrow\n|-damage|p1a: Honchkrow|87\/100\n|-status|p1a: Honchkrow|tox\n|-enditem|p2a: Gliscor|Toxic Orb|[from] move: Fling\n|move|p1a: Honchkrow|Tailwind|p1a: Honchkrow\n|-sidestart|p1: Vandall Flagg|move: Tailwind\n|\n|-damage|p1a: Honchkrow|81\/100 tox|[from] psn\n|upkeep\n|turn|7\n|\n|t:|1699589621\n|move|p1a: Honchkrow|Acrobatics|p2a: Gliscor\n|-damage|p2a: Gliscor|45\/100 tox\n|move|p2a: Gliscor|Swords Dance|p2a: Gliscor\n|-boost|p2a: Gliscor|atk|2\n|\n|-damage|p1a: Honchkrow|69\/100 tox|[from] psn\n|-heal|p2a: Gliscor|57\/100 tox|[from] ability: Poison Heal\n|upkeep\n|turn|8\n|\n|t:|1699589629\n|move|p1a: Honchkrow|Acrobatics|p2a: Gliscor\n|-crit|p2a: Gliscor\n|-damage|p2a: Gliscor|0 fnt\n|faint|p2a: Gliscor\n|-ability|p1a: Honchkrow|Moxie|boost\n|-boost|p1a: Honchkrow|atk|1\n|\n|-damage|p1a: Honchkrow|50\/100 tox|[from] psn\n|upkeep\n|\n|t:|1699589635\n|switch|p2a: Lopunny|Lopunny, F|100\/100\n|turn|9\n|\n|t:|1699589637\n|detailschange|p2a: Lopunny|Lopunny-Mega, F\n|-mega|p2a: Lopunny|Lopunny|Lopunnite\n|move|p2a: Lopunny|Fake Out|p1a: Honchkrow\n|-damage|p1a: Honchkrow|14\/100 tox\n|cant|p1a: Honchkrow|flinch\n|\n|-damage|p1a: Honchkrow|0 fnt|[from] psn\n|faint|p1a: Honchkrow\n|-sideend|p1: Vandall Flagg|move: Tailwind\n|upkeep\n|\n|t:|1699589645\n|switch|p1a: Gyarados|Gyarados, F, shiny|100\/100\n|turn|10\n|\n|t:|1699589650\n|move|p2a: Lopunny|Triple Axel|p1a: Gyarados\n|-damage|p1a: Gyarados|91\/100\n|-hitcount|p1a: Gyarados|1\n|move|p1a: Gyarados|Dragon Dance|p1a: Gyarados\n|-boost|p1a: Gyarados|atk|1\n|-boost|p1a: Gyarados|spe|1\n|\n|upkeep\n|turn|11\n|\n|t:|1699589662\n|move|p1a: Gyarados|Waterfall|p2a: Lopunny\n|-damage|p2a: Lopunny|20\/100\n|move|p2a: Lopunny|Play Rough|p1a: Gyarados\n|-damage|p1a: Gyarados|52\/100\n|\n|upkeep\n|turn|12\n|\n|t:|1699589668\n|switch|p2a: Aegislash|Aegislash, M|100\/100\n|move|p1a: Gyarados|Waterfall|p2a: Aegislash\n|-damage|p2a: Aegislash|48\/100\n|\n|upkeep\n|turn|13\n|\n|t:|1699589674\n|move|p2a: Aegislash|King's Shield|p2a: Aegislash\n|-singleturn|p2a: Aegislash|Protect\n|move|p1a: Gyarados|Dragon Dance|p1a: Gyarados\n|-boost|p1a: Gyarados|atk|1\n|-boost|p1a: Gyarados|spe|1\n|\n|upkeep\n|turn|14\n|-message|From The T0p forfeited.\n|\n|win|Vandall Flagg\n|raw|Vandall Flagg's rating: 1150 &rarr; <strong>1169<\/strong><br \/>(+19 for winning)\n|raw|From The T0p's rating: 1063 &rarr; <strong>1048<\/strong><br \/>(-15 for losing)\n|l|\u2606From The T0p\n","uploadtime":1699589686,"views":10,"p1id":"vandallflagg","p2id":"fromthet0p","formatid":"gen9nationaldex","rating":1048,"private":0,"password":""}