{"id":"gen9nationaldex-1997990900","p1":"mqcing","p2":"fart dealer","format":"[Gen 9] National Dex","log":"|html|<div class=\"broadcast-blue\"><strong>[Gen 9] National Dex is currently suspecting Sneasler! For information on how to participate check out the <a href=\"https:\/\/www.smogon.com\/forums\/threads\/sv-national-dex-suspect-8-just-dance.3731534\/\">suspect thread<\/a>.<\/strong><\/div>\n|j|\u2606mqcing\n|j|\u2606fart dealer\n|t:|1700876172\n|gametype|singles\n|player|p1|mqcing|gardenia|1339\n|player|p2|fart dealer|roxie|1390\n|teamsize|p1|6\n|teamsize|p2|6\n|gen|9\n|tier|[Gen 9] National Dex\n|rated|\n|rule|HP Percentage Mod: HP is shown in percentages\n|rule|Endless Battle Clause: Forcing endless battles is banned\n|rule|OHKO Clause: OHKO moves are banned\n|rule|Evasion Clause: Evasion abilities, items, and moves are banned\n|rule|Evasion Abilities Clause: Evasion abilities are banned\n|rule|Evasion Items Clause: Evasion items are banned\n|rule|Evasion Moves Clause: Evasion moves are banned\n|rule|Species Clause: Limit one of each Pok\u00e9mon\n|rule|Sleep Clause Mod: Limit one foe put to sleep\n|clearpoke\n|poke|p1|Lokix, M|\n|poke|p1|Mandibuzz, F|\n|poke|p1|Greninja-*, M|\n|poke|p1|Bisharp, M|\n|poke|p1|Iron Jugulis|\n|poke|p1|Muk-Alola, F|\n|poke|p2|Medicham, F|\n|poke|p2|Ogerpon-Wellspring, F|\n|poke|p2|Slowking-Galar, M|\n|poke|p2|Clefable, M|\n|poke|p2|Heatran, F|\n|poke|p2|Landorus-Therian, M|\n|teampreview\n|inactive|Battle timer is ON: inactive players will automatically lose when time's up. (requested by mqcing)\n|\n|t:|1700876187\n|start\n|switch|p1a: Bisharp|Bisharp, M|100\/100\n|switch|p2a: also dog.|Landorus-Therian, M|100\/100\n|-ability|p2a: also dog.|Intimidate|boost\n|-unboost|p1a: Bisharp|atk|1\n|-ability|p1a: Bisharp|Defiant|boost\n|-boost|p1a: Bisharp|atk|2\n|turn|1\n|\n|t:|1700876197\n|move|p2a: also dog.|Earthquake|p1a: Bisharp\n|-supereffective|p1a: Bisharp\n|-damage|p1a: Bisharp|32\/100\n|move|p1a: Bisharp|Iron Head|p2a: also dog.\n|-damage|p2a: also dog.|41\/100\n|\n|upkeep\n|turn|2\n|\n|t:|1700876206\n|switch|p2a: dog.|Heatran, F|100\/100\n|move|p1a: Bisharp|Sucker Punch||[still]\n|-fail|p1a: Bisharp\n|\n|upkeep\n|turn|3\n|\n|t:|1700876214\n|move|p2a: dog.|Stealth Rock|p1a: Bisharp\n|-sidestart|p1: mqcing|move: Stealth Rock\n|move|p1a: Bisharp|Low Kick|p2a: dog.\n|-supereffective|p2a: dog.\n|-damage|p2a: dog.|0 fnt\n|faint|p2a: dog.\n|\n|upkeep\n|\n|t:|1700876222\n|switch|p2a: Dhalsim|Medicham, F, shiny|100\/100\n|turn|4\n|\n|t:|1700876229\n|detailschange|p2a: Dhalsim|Medicham-Mega, F, shiny\n|-mega|p2a: Dhalsim|Medicham|Medichamite\n|move|p2a: Dhalsim|Fake Out|p1a: Bisharp\n|-resisted|p1a: Bisharp\n|-damage|p1a: Bisharp|24\/100\n|cant|p1a: Bisharp|flinch\n|\n|upkeep\n|turn|5\n|\n|t:|1700876238\n|move|p1a: Bisharp|Sucker Punch|p2a: Dhalsim\n|-damage|p2a: Dhalsim|20\/100\n|move|p2a: Dhalsim|Close Combat|p1a: Bisharp\n|-supereffective|p1a: Bisharp\n|-damage|p1a: Bisharp|0 fnt\n|-unboost|p2a: Dhalsim|def|1\n|-unboost|p2a: Dhalsim|spd|1\n|faint|p1a: Bisharp\n|\n|upkeep\n|\n|t:|1700876251\n|switch|p1a: Greninja|Greninja, M|100\/100\n|-damage|p1a: Greninja|88\/100|[from] Stealth Rock\n|turn|6\n|\n|t:|1700876264\n|switch|p2a: ballboy|Clefable, M|100\/100\n|move|p1a: Greninja|Dark Pulse|p2a: ballboy\n|-resisted|p2a: ballboy\n|-damage|p2a: ballboy|84\/100\n|\n|upkeep\n|turn|7\n|\n|t:|1700876274\n|switch|p1a: Mandibuzz|Mandibuzz, F, shiny|100\/100\n|move|p2a: ballboy|Moonblast|p1a: Mandibuzz\n|-supereffective|p1a: Mandibuzz\n|-damage|p1a: Mandibuzz|54\/100\n|\n|upkeep\n|turn|8\n|\n|t:|1700876290\n|-terastallize|p1a: Mandibuzz|Poison\n|move|p1a: Mandibuzz|Roost|p1a: Mandibuzz\n|-heal|p1a: Mandibuzz|100\/100\n|move|p2a: ballboy|Thunder Wave|p1a: Mandibuzz\n|-status|p1a: Mandibuzz|par\n|\n|upkeep\n|turn|9\n|\n|t:|1700876299\n|switch|p2a: also dog.|Landorus-Therian, M|41\/100\n|-ability|p2a: also dog.|Intimidate|boost\n|-unboost|p1a: Mandibuzz|atk|1\n|move|p1a: Mandibuzz|Defog|p2a: also dog.\n|-unboost|p2a: also dog.|evasion|1\n|-sideend|p1: mqcing|Stealth Rock|[from] move: Defog|[of] p1a: Mandibuzz\n|\n|upkeep\n|turn|10\n|\n|t:|1700876309\n|switch|p1a: Iron Jugulis|Iron Jugulis|100\/100\n|-enditem|p1a: Iron Jugulis|Booster Energy\n|-activate|p1a: Iron Jugulis|ability: Quark Drive|[fromitem]\n|-start|p1a: Iron Jugulis|quarkdrivespe\n|move|p2a: also dog.|U-turn|p1a: Iron Jugulis\n|-damage|p1a: Iron Jugulis|74\/100\n|\n|t:|1700876316\n|switch|p2a: Dhalsim|Medicham-Mega, F, shiny|20\/100|[from] U-turn\n|\n|upkeep\n|turn|11\n|\n|t:|1700876320\n|move|p2a: Dhalsim|Fake Out|p1a: Iron Jugulis\n|-damage|p1a: Iron Jugulis|47\/100\n|cant|p1a: Iron Jugulis|flinch\n|\n|upkeep\n|turn|12\n|\n|t:|1700876331\n|switch|p2a: she glow on my|Slowking-Galar, M|100\/100\n|move|p1a: Iron Jugulis|Dark Pulse|p2a: she glow on my\n|-supereffective|p2a: she glow on my\n|-damage|p2a: she glow on my|39\/100\n|\n|upkeep\n|turn|13\n|\n|t:|1700876341\n|switch|p2a: ballboy|Clefable, M|84\/100\n|move|p1a: Iron Jugulis|Dark Pulse|p2a: ballboy\n|-resisted|p2a: ballboy\n|-damage|p2a: ballboy|65\/100\n|\n|upkeep\n|turn|14\n|\n|t:|1700876347\n|move|p1a: Iron Jugulis|Hurricane|p2a: ballboy\n|-damage|p2a: ballboy|11\/100\n|-start|p2a: ballboy|confusion\n|-activate|p2a: ballboy|confusion\n|move|p2a: ballboy|Soft-Boiled|p2a: ballboy\n|-heal|p2a: ballboy|61\/100\n|\n|upkeep\n|turn|15\n|\n|t:|1700876375\n|switch|p2a: also dog.|Landorus-Therian, M|41\/100\n|-ability|p2a: also dog.|Intimidate|boost\n|-unboost|p1a: Iron Jugulis|atk|1\n|move|p1a: Iron Jugulis|Hurricane|p2a: also dog.|[miss]\n|-miss|p1a: Iron Jugulis|p2a: also dog.\n|\n|upkeep\n|turn|16\n|\n|t:|1700876384\n|move|p1a: Iron Jugulis|Dark Pulse|p2a: also dog.\n|-damage|p2a: also dog.|0 fnt\n|faint|p2a: also dog.\n|\n|upkeep\n|\n|t:|1700876389\n|switch|p2a: Dhalsim|Medicham-Mega, F, shiny|20\/100\n|turn|17\n|\n|t:|1700876392\n|move|p2a: Dhalsim|Fake Out|p1a: Iron Jugulis\n|-damage|p1a: Iron Jugulis|21\/100\n|cant|p1a: Iron Jugulis|flinch\n|\n|upkeep\n|turn|18\n|\n|t:|1700876397\n|move|p2a: Dhalsim|Bullet Punch|p1a: Iron Jugulis\n|-damage|p1a: Iron Jugulis|0 fnt\n|faint|p1a: Iron Jugulis\n|-end|p1a: Iron Jugulis|Quark Drive|[silent]\n|\n|upkeep\n|\n|t:|1700876400\n|switch|p1a: Greninja|Greninja, M|88\/100\n|turn|19\n|\n|t:|1700876410\n|switch|p2a: ballboy|Clefable, M|61\/100\n|move|p1a: Greninja|Dark Pulse|p2a: ballboy\n|-resisted|p2a: ballboy\n|-damage|p2a: ballboy|45\/100\n|\n|upkeep\n|turn|20\n|\n|t:|1700876416\n|switch|p1a: Mandibuzz|Mandibuzz, F, shiny, tera:Poison|100\/100 par\n|move|p2a: ballboy|Soft-Boiled|p2a: ballboy\n|-heal|p2a: ballboy|95\/100\n|\n|upkeep\n|turn|21\n|\n|t:|1700876425\n|move|p2a: ballboy|Knock Off|p1a: Mandibuzz\n|-damage|p1a: Mandibuzz|92\/100 par\n|-enditem|p1a: Mandibuzz|Heavy-Duty Boots|[from] move: Knock Off|[of] p2a: ballboy\n|move|p1a: Mandibuzz|Toxic|p2a: ballboy\n|-status|p2a: ballboy|tox\n|\n|upkeep\n|turn|22\n|\n|t:|1700876443\n|move|p2a: ballboy|Moonblast|p1a: Mandibuzz\n|-resisted|p1a: Mandibuzz\n|-damage|p1a: Mandibuzz|80\/100 par\n|cant|p1a: Mandibuzz|par\n|\n|upkeep\n|turn|23\n|\n|t:|1700876453\n|move|p2a: ballboy|Moonblast|p1a: Mandibuzz\n|-resisted|p1a: Mandibuzz\n|-damage|p1a: Mandibuzz|67\/100 par\n|-unboost|p1a: Mandibuzz|spa|1\n|move|p1a: Mandibuzz|Knock Off|p2a: ballboy\n|-resisted|p2a: ballboy\n|-damage|p2a: ballboy|86\/100 tox\n|-damage|p1a: Mandibuzz|50\/100 par|[from] item: Rocky Helmet|[of] p2a: ballboy\n|-enditem|p2a: ballboy|Rocky Helmet|[from] move: Knock Off|[of] p1a: Mandibuzz\n|\n|upkeep\n|turn|24\n|\n|t:|1700876463\n|switch|p2a: DftDMC\u2122s|Ogerpon-Wellspring, F|100\/100\n|cant|p1a: Mandibuzz|par\n|\n|upkeep\n|turn|25\n|\n|t:|1700876476\n|move|p2a: DftDMC\u2122s|Ivy Cudgel|p1a: Mandibuzz|[anim] Ivy Cudgel Water\n|-damage|p1a: Mandibuzz|14\/100 par\n|move|p1a: Mandibuzz|Toxic|p2a: DftDMC\u2122s\n|-status|p2a: DftDMC\u2122s|tox\n|\n|-damage|p2a: DftDMC\u2122s|95\/100 tox|[from] psn\n|upkeep\n|turn|26\n|\n|t:|1700876480\n|move|p2a: DftDMC\u2122s|Ivy Cudgel|p1a: Mandibuzz|[anim] Ivy Cudgel Water\n|-damage|p1a: Mandibuzz|0 fnt\n|faint|p1a: Mandibuzz\n|\n|-damage|p2a: DftDMC\u2122s|83\/100 tox|[from] psn\n|upkeep\n|\n|t:|1700876489\n|switch|p1a: Muk|Muk-Alola, F|100\/100\n|turn|27\n|\n|t:|1700876500\n|switch|p2a: ballboy|Clefable, M|86\/100 tox\n|move|p1a: Muk|Gunk Shot|p2a: ballboy\n|-supereffective|p2a: ballboy\n|-damage|p2a: ballboy|0 fnt\n|faint|p2a: ballboy\n|\n|upkeep\n|\n|t:|1700876509\n|switch|p2a: Dhalsim|Medicham-Mega, F, shiny|20\/100\n|turn|28\n|\n|t:|1700876515\n|move|p2a: Dhalsim|Fake Out|p1a: Muk\n|-damage|p1a: Muk|77\/100\n|cant|p1a: Muk|flinch\n|\n|upkeep\n|turn|29\n|\n|t:|1700876527\n|switch|p2a: she glow on my|Slowking-Galar, M|72\/100\n|move|p1a: Muk|Knock Off|p2a: she glow on my\n|-supereffective|p2a: she glow on my\n|-damage|p2a: she glow on my|7\/100\n|-enditem|p2a: she glow on my|Heavy-Duty Boots|[from] move: Knock Off|[of] p1a: Muk\n|\n|upkeep\n|turn|30\n|\n|t:|1700876533\n|switch|p2a: DftDMC\u2122s|Ogerpon-Wellspring, F|83\/100 tox\n|move|p1a: Muk|Power-Up Punch|p2a: DftDMC\u2122s\n|-damage|p2a: DftDMC\u2122s|66\/100 tox\n|-boost|p1a: Muk|atk|1\n|\n|-damage|p2a: DftDMC\u2122s|60\/100 tox|[from] psn\n|upkeep\n|turn|31\n|\n|t:|1700876553\n|move|p2a: DftDMC\u2122s|Encore|p1a: Muk\n|-start|p1a: Muk|Encore\n|move|p1a: Muk|Power-Up Punch|p2a: DftDMC\u2122s\n|-damage|p2a: DftDMC\u2122s|34\/100 tox\n|-boost|p1a: Muk|atk|1\n|\n|-damage|p2a: DftDMC\u2122s|22\/100 tox|[from] psn\n|upkeep\n|turn|32\n|\n|t:|1700876558\n|move|p2a: DftDMC\u2122s|Horn Leech|p1a: Muk\n|-resisted|p1a: Muk\n|-damage|p1a: Muk|55\/100\n|-heal|p2a: DftDMC\u2122s|38\/100 tox|[from] drain|[of] p1a: Muk\n|move|p1a: Muk|Power-Up Punch|p2a: DftDMC\u2122s\n|-damage|p2a: DftDMC\u2122s|1\/100 tox\n|-boost|p1a: Muk|atk|1\n|\n|-damage|p2a: DftDMC\u2122s|0 fnt|[from] psn\n|faint|p2a: DftDMC\u2122s\n|upkeep\n|\n|t:|1700876567\n|switch|p2a: she glow on my|Slowking-Galar, M|40\/100\n|turn|33\n|\n|t:|1700876573\n|move|p1a: Muk|Power-Up Punch|p2a: she glow on my\n|-resisted|p2a: she glow on my\n|-damage|p2a: she glow on my|34\/100\n|-boost|p1a: Muk|atk|1\n|move|p2a: she glow on my|Sludge Bomb|p1a: Muk\n|-resisted|p1a: Muk\n|-damage|p1a: Muk|46\/100\n|\n|-end|p1a: Muk|Encore\n|upkeep\n|turn|34\n|\n|t:|1700876583\n|move|p1a: Muk|Knock Off|p2a: she glow on my\n|-supereffective|p2a: she glow on my\n|-damage|p2a: she glow on my|0 fnt\n|faint|p2a: she glow on my\n|\n|upkeep\n|\n|t:|1700876585\n|switch|p2a: Dhalsim|Medicham-Mega, F, shiny|20\/100\n|turn|35\n|\n|t:|1700876587\n|move|p2a: Dhalsim|Fake Out|p1a: Muk\n|-damage|p1a: Muk|22\/100\n|cant|p1a: Muk|flinch\n|\n|upkeep\n|turn|36\n|\n|t:|1700876600\n|move|p2a: Dhalsim|Bullet Punch|p1a: Muk\n|-damage|p1a: Muk|0 fnt\n|faint|p1a: Muk\n|\n|upkeep\n|\n|t:|1700876602\n|switch|p1a: Greninja|Greninja, M|88\/100\n|turn|37\n|\n|t:|1700876605\n|move|p1a: Greninja|Water Shuriken|p2a: Dhalsim\n|-damage|p2a: Dhalsim|9\/100\n|-crit|p2a: Dhalsim\n|-damage|p2a: Dhalsim|0 fnt\n|faint|p2a: Dhalsim\n|-hitcount|p2: Dhalsim|2\n|\n|win|mqcing\n|raw|mqcing's rating: 1339 &rarr; <strong>1362<\/strong><br \/>(+23 for winning)\n|raw|fart dealer's rating: 1390 &rarr; <strong>1367<\/strong><br \/>(-23 for losing)\n|c|\u2606fart dealer|gg\n|l|\u2606fart dealer\n","uploadtime":1700876626,"views":5,"p1id":"mqcing","p2id":"fartdealer","formatid":"gen9nationaldex","rating":1362,"private":0,"password":""}