{"id":"gen9nationaldex-1989097115","p1":"Naranciass","p2":"JesusPizzaCrusher","format":"[Gen 9] National Dex","log":"|j|\u2606Naranciass\n|j|\u2606JesusPizzaCrusher\n|t:|1699811826\n|gametype|singles\n|player|p1|Naranciass|colress|\n|player|p2|JesusPizzaCrusher|hugh|\n|teamsize|p1|6\n|teamsize|p2|6\n|gen|9\n|tier|[Gen 9] National Dex\n|rule|HP Percentage Mod: HP is shown in percentages\n|rule|Endless Battle Clause: Forcing endless battles is banned\n|rule|OHKO Clause: OHKO moves are banned\n|rule|Evasion Clause: Evasion abilities, items, and moves are banned\n|rule|Evasion Abilities Clause: Evasion abilities are banned\n|rule|Evasion Items Clause: Evasion items are banned\n|rule|Evasion Moves Clause: Evasion moves are banned\n|rule|Species Clause: Limit one of each Pok\u00e9mon\n|rule|Sleep Clause Mod: Limit one foe put to sleep\n|clearpoke\n|poke|p1|Ferrothorn, M|\n|poke|p1|Rillaboom, M|\n|poke|p1|Serperior, F|\n|poke|p1|Kartana|\n|poke|p1|Venusaur, M|\n|poke|p1|Meowscarada, F|\n|poke|p2|Blaziken, F|\n|poke|p2|Samurott-Hisui, F|\n|poke|p2|Kartana|\n|poke|p2|Great Tusk|\n|poke|p2|Moltres|\n|poke|p2|Zapdos|\n|teampreview\n|\n|t:|1699811835\n|start\n|switch|p1a: 20th Century Boy|Ferrothorn, M|100\/100\n|switch|p2a: Ronin|Samurott-Hisui, F, shiny|100\/100\n|turn|1\n|\n|t:|1699811844\n|move|p2a: Ronin|Ceaseless Edge|p1a: 20th Century Boy\n|-damage|p1a: 20th Century Boy|56\/100\n|-damage|p2a: Ronin|88\/100|[from] ability: Iron Barbs|[of] p1a: 20th Century Boy\n|-damage|p2a: Ronin|72\/100|[from] item: Rocky Helmet|[of] p1a: 20th Century Boy\n|-sidestart|p1: Naranciass|Spikes\n|-damage|p2a: Ronin|62\/100|[from] item: Life Orb\n|move|p1a: 20th Century Boy|Leech Seed|p2a: Ronin\n|-start|p2a: Ronin|move: Leech Seed\n|\n|-damage|p2a: Ronin|49\/100|[from] Leech Seed|[of] p1a: 20th Century Boy\n|-heal|p1a: 20th Century Boy|69\/100|[silent]\n|upkeep\n|turn|2\n|\n|t:|1699811858\n|move|p2a: Ronin|Ceaseless Edge|p1a: 20th Century Boy\n|-damage|p1a: 20th Century Boy|26\/100\n|-damage|p2a: Ronin|37\/100|[from] ability: Iron Barbs|[of] p1a: 20th Century Boy\n|-damage|p2a: Ronin|20\/100|[from] item: Rocky Helmet|[of] p1a: 20th Century Boy\n|-sidestart|p1: Naranciass|Spikes\n|-damage|p2a: Ronin|10\/100|[from] item: Life Orb\n|move|p1a: 20th Century Boy|Stealth Rock|p2a: Ronin\n|-sidestart|p2: JesusPizzaCrusher|move: Stealth Rock\n|\n|-damage|p2a: Ronin|0 fnt|[from] Leech Seed|[of] p1a: 20th Century Boy\n|-heal|p1a: 20th Century Boy|37\/100|[silent]\n|faint|p2a: Ronin\n|upkeep\n|\n|t:|1699811876\n|switch|p2a: RULES OF NATUREEEE|Kartana, shiny|100\/100\n|-damage|p2a: RULES OF NATUREEEE|94\/100|[from] Stealth Rock\n|turn|3\n|\n|t:|1699811884\n|move|p2a: RULES OF NATUREEEE|Sacred Sword|p1a: 20th Century Boy\n|-supereffective|p1a: 20th Century Boy\n|-damage|p1a: 20th Century Boy|0 fnt\n|-damage|p2a: RULES OF NATUREEEE|82\/100|[from] ability: Iron Barbs|[of] p1a: 20th Century Boy\n|-damage|p2a: RULES OF NATUREEEE|65\/100|[from] item: Rocky Helmet|[of] p1a: 20th Century Boy\n|faint|p1a: 20th Century Boy\n|-ability|p2a: RULES OF NATUREEEE|Beast Boost|boost\n|-boost|p2a: RULES OF NATUREEEE|atk|1\n|\n|upkeep\n|\n|t:|1699811894\n|switch|p1a: Cut-Man|Kartana, shiny|100\/100\n|-damage|p1a: Cut-Man|84\/100|[from] Spikes\n|turn|4\n|c|\u2606JesusPizzaCrusher|LA PELEA MAS EPICA DEL 2000\n|\n|t:|1699811919\n|-terastallize|p2a: RULES OF NATUREEEE|Grass\n|move|p2a: RULES OF NATUREEEE|Sacred Sword|p1a: Cut-Man\n|-supereffective|p1a: Cut-Man\n|-damage|p1a: Cut-Man|0 fnt\n|faint|p1a: Cut-Man\n|-ability|p2a: RULES OF NATUREEEE|Beast Boost|boost\n|-boost|p2a: RULES OF NATUREEEE|atk|1\n|\n|upkeep\n|\n|t:|1699811929\n|switch|p1a: Supreme|Meowscarada, F, shiny|100\/100\n|-damage|p1a: Supreme|84\/100|[from] Spikes\n|turn|5\n|c|\u2606JesusPizzaCrusher|gano kartana, pense que ganaria kartana\n|\n|t:|1699811949\n|move|p1a: Supreme|Sucker Punch|p2a: RULES OF NATUREEEE\n|-start|p1a: Supreme|typechange|Dark|[from] ability: Protean\n|-damage|p2a: RULES OF NATUREEEE|24\/100\n|move|p2a: RULES OF NATUREEEE|Sacred Sword|p1a: Supreme\n|-supereffective|p1a: Supreme\n|-damage|p1a: Supreme|0 fnt\n|faint|p1a: Supreme\n|-ability|p2a: RULES OF NATUREEEE|Beast Boost|boost\n|-boost|p2a: RULES OF NATUREEEE|atk|1\n|\n|upkeep\n|\n|t:|1699811961\n|switch|p1a: Lechuga|Venusaur, M, shiny|100\/100\n|-damage|p1a: Lechuga|84\/100|[from] Spikes\n|turn|6\n|c|\u2606JesusPizzaCrusher|oke este papelito es oficialmente inmortal\n|\n|t:|1699811972\n|detailschange|p1a: Lechuga|Venusaur-Mega, M, shiny\n|-mega|p1a: Lechuga|Venusaur|Venusaurite\n|move|p2a: RULES OF NATUREEEE|Sacred Sword|p1a: Lechuga\n|-resisted|p1a: Lechuga\n|-damage|p1a: Lechuga|36\/100\n|move|p1a: Lechuga|Earth Power|p2a: RULES OF NATUREEEE\n|-resisted|p2a: RULES OF NATUREEEE\n|-damage|p2a: RULES OF NATUREEEE|0 fnt\n|faint|p2a: RULES OF NATUREEEE\n|\n|upkeep\n|c|\u2606JesusPizzaCrusher|retiro lo dicho\n|\n|t:|1699811997\n|switch|p2a: Paralyzyed|Zapdos, shiny|100\/100\n|-damage|p2a: Paralyzyed|76\/100|[from] Stealth Rock\n|turn|7\n|\n|t:|1699812007\n|-zpower|p2a: Paralyzyed\n|move|p2a: Paralyzyed|Supersonic Skystrike|p1a: Lechuga|[zeffect]\n|-supereffective|p1a: Lechuga\n|-damage|p1a: Lechuga|0 fnt\n|faint|p1a: Lechuga\n|\n|upkeep\n|\n|t:|1699812017\n|switch|p1a: Empress|Serperior, F|100\/100\n|-damage|p1a: Empress|84\/100|[from] Spikes\n|turn|8\n|\n|t:|1699812025\n|-terastallize|p1a: Empress|Dragon\n|move|p1a: Empress|Hidden Power|p2a: Paralyzyed\n|-supereffective|p2a: Paralyzyed\n|-damage|p2a: Paralyzyed|41\/100\n|move|p2a: Paralyzyed|Hurricane|p1a: Empress\n|-damage|p1a: Empress|7\/100\n|-start|p1a: Empress|confusion\n|\n|upkeep\n|turn|9\n|\n|t:|1699812039\n|-activate|p1a: Empress|confusion\n|-damage|p1a: Empress|0 fnt|[from] confusion\n|faint|p1a: Empress\n|move|p2a: Paralyzyed|Volt Switch|p1: Empress|[notarget]\n|-fail|p2a: Paralyzyed\n|\n|upkeep\n|\n|t:|1699812045\n|switch|p1a: Saitama|Rillaboom, M|100\/100\n|-damage|p1a: Saitama|84\/100|[from] Spikes\n|-fieldstart|move: Grassy Terrain|[from] ability: Grassy Surge|[of] p1a: Saitama\n|turn|10\n|\n|t:|1699812052\n|move|p1a: Saitama|Fake Out|p2a: Paralyzyed\n|-damage|p2a: Paralyzyed|23\/100\n|-damage|p1a: Saitama|74\/100|[from] item: Life Orb\n|cant|p2a: Paralyzyed|flinch\n|\n|-heal|p1a: Saitama|80\/100|[from] Grassy Terrain\n|upkeep\n|turn|11\n|\n|t:|1699812062\n|move|p1a: Saitama|Grassy Glide|p2a: Paralyzyed\n|-resisted|p2a: Paralyzyed\n|-damage|p2a: Paralyzyed|0 fnt\n|-status|p1a: Saitama|par|[from] ability: Static|[of] p2a: Paralyzyed\n|faint|p2a: Paralyzyed\n|-damage|p1a: Saitama|70\/100 par|[from] item: Life Orb\n|\n|-heal|p1a: Saitama|76\/100 par|[from] Grassy Terrain\n|upkeep\n|\n|t:|1699812072\n|switch|p2a: Runover|Great Tusk|100\/100\n|-damage|p2a: Runover|98\/100|[from] Stealth Rock\n|turn|12\n|\n|t:|1699812076\n|move|p1a: Saitama|Grassy Glide|p2a: Runover\n|-supereffective|p2a: Runover\n|-damage|p2a: Runover|25\/100\n|-damage|p1a: Saitama|66\/100 par|[from] item: Life Orb\n|move|p2a: Runover|Rapid Spin|p1a: Saitama\n|-damage|p1a: Saitama|48\/100 par\n|-boost|p2a: Runover|spe|1\n|-sideend|p2: JesusPizzaCrusher|Stealth Rock|[from] move: Rapid Spin|[of] p2a: Runover\n|\n|-heal|p2a: Runover|31\/100|[from] Grassy Terrain\n|-heal|p2a: Runover|38\/100|[from] item: Leftovers\n|-heal|p1a: Saitama|54\/100 par|[from] Grassy Terrain\n|upkeep\n|turn|13\n|\n|t:|1699812091\n|move|p1a: Saitama|Grassy Glide|p2a: Runover\n|-supereffective|p2a: Runover\n|-crit|p2a: Runover\n|-damage|p2a: Runover|0 fnt\n|faint|p2a: Runover\n|-end|p2a: Runover|Protosynthesis|[silent]\n|-damage|p1a: Saitama|44\/100 par|[from] item: Life Orb\n|\n|-heal|p1a: Saitama|50\/100 par|[from] Grassy Terrain\n|upkeep\n|\n|t:|1699812099\n|switch|p2a: Justice|Moltres|100\/100\n|turn|14\n|\n|t:|1699812103\n|move|p1a: Saitama|Grassy Glide|p2a: Justice\n|-resisted|p2a: Justice\n|-damage|p2a: Justice|87\/100\n|-damage|p1a: Saitama|40\/100 par|[from] item: Life Orb\n|move|p2a: Justice|Heat Wave|p1a: Saitama\n|-supereffective|p1a: Saitama\n|-damage|p1a: Saitama|0 fnt\n|faint|p1a: Saitama\n|\n|win|JesusPizzaCrusher\n|c|\u2606JesusPizzaCrusher|good game\n","uploadtime":1699812116,"views":27,"p1id":"naranciass","p2id":"jesuspizzacrusher","formatid":"gen9nationaldex","rating":0,"private":0,"password":""}