{"id":"gen9nationaldex-1992039087","p1":"southeast sirius","p2":"elvisma","format":"[Gen 9] National Dex","log":"|j|\u2606southeast sirius\n|j|\u2606elvisma\n|t:|1700149937\n|gametype|singles\n|player|p1|southeast sirius|swimmerf-gen6|1694\n|player|p2|elvisma|red-masters|1701\n|teamsize|p1|6\n|teamsize|p2|6\n|gen|9\n|tier|[Gen 9] National Dex\n|rated|\n|rule|HP Percentage Mod: HP is shown in percentages\n|rule|Endless Battle Clause: Forcing endless battles is banned\n|rule|OHKO Clause: OHKO moves are banned\n|rule|Evasion Clause: Evasion abilities, items, and moves are banned\n|rule|Evasion Abilities Clause: Evasion abilities are banned\n|rule|Evasion Items Clause: Evasion items are banned\n|rule|Evasion Moves Clause: Evasion moves are banned\n|rule|Species Clause: Limit one of each Pok\u00e9mon\n|rule|Sleep Clause Mod: Limit one foe put to sleep\n|clearpoke\n|poke|p1|Tapu Lele|\n|poke|p1|Armarouge, M|\n|poke|p1|Sneasler, M|\n|poke|p1|Samurott-Hisui, F|\n|poke|p1|Landorus-Therian, M|\n|poke|p1|Ferrothorn, F|\n|poke|p2|Azelf|\n|poke|p2|Charizard, M|\n|poke|p2|Ribombee, F|\n|poke|p2|Great Tusk|\n|poke|p2|Ogerpon-Wellspring, F|\n|poke|p2|Victini|\n|teampreview\n|\n|t:|1700149948\n|start\n|switch|p1a: Samurott|Samurott-Hisui, F|100\/100\n|switch|p2a: ZA BEE|Ribombee, F|100\/100\n|turn|1\n|\n|t:|1700149957\n|move|p2a: ZA BEE|Sticky Web|p1a: Samurott\n|-sidestart|p1: southeast sirius|move: Sticky Web\n|move|p1a: Samurott|Ceaseless Edge|p2a: ZA BEE\n|-resisted|p2a: ZA BEE\n|-damage|p2a: ZA BEE|58\/100\n|-sidestart|p2: elvisma|Spikes\n|\n|upkeep\n|turn|2\n|\n|t:|1700149961\n|move|p2a: ZA BEE|Moonblast|p1a: Samurott\n|-supereffective|p1a: Samurott\n|-enditem|p1a: Samurott|Focus Sash\n|-damage|p1a: Samurott|1\/100\n|move|p1a: Samurott|Ceaseless Edge|p2a: ZA BEE\n|-resisted|p2a: ZA BEE\n|-damage|p2a: ZA BEE|17\/100\n|-sidestart|p2: elvisma|Spikes\n|\n|upkeep\n|turn|3\n|\n|t:|1700149969\n|move|p1a: Samurott|Sucker Punch|p2a: ZA BEE\n|-resisted|p2a: ZA BEE\n|-damage|p2a: ZA BEE|0 fnt\n|faint|p2a: ZA BEE\n|\n|upkeep\n|\n|t:|1700149970\n|switch|p2a: TUSK SWEEP|Great Tusk|100\/100\n|-damage|p2a: TUSK SWEEP|84\/100|[from] Spikes\n|-enditem|p2a: TUSK SWEEP|Booster Energy\n|-activate|p2a: TUSK SWEEP|ability: Protosynthesis|[fromitem]\n|-start|p2a: TUSK SWEEP|protosynthesisatk\n|turn|4\n|\n|t:|1700149974\n|-terastallize|p1a: Samurott|Ghost\n|move|p2a: TUSK SWEEP|Ice Spinner|p1a: Samurott\n|-damage|p1a: Samurott|0 fnt\n|faint|p1a: Samurott\n|\n|upkeep\n|\n|t:|1700149979\n|switch|p1a: Tapu Lele|Tapu Lele|100\/100\n|-activate|p1a: Tapu Lele|move: Sticky Web\n|-unboost|p1a: Tapu Lele|spe|1\n|-fieldstart|move: Psychic Terrain|[from] ability: Psychic Surge|[of] p1a: Tapu Lele\n|turn|5\n|\n|t:|1700149986\n|-end|p2a: TUSK SWEEP|Protosynthesis|[silent]\n|switch|p2a: V create spam|Victini|100\/100\n|-damage|p2a: V create spam|84\/100|[from] Spikes\n|move|p1a: Tapu Lele|Psychic|p2a: V create spam\n|-resisted|p2a: V create spam\n|-crit|p2a: V create spam\n|-damage|p2a: V create spam|43\/100\n|\n|upkeep\n|turn|6\n|\n|t:|1700149995\n|switch|p1a: Landorus|Landorus-Therian, M|100\/100\n|-ability|p1a: Landorus|Intimidate|boost\n|-unboost|p2a: V create spam|atk|1\n|-zpower|p2a: V create spam\n|move|p2a: V create spam|Z-Celebrate|p2a: V create spam|[anim]Celebrate\n|-boost|p2a: V create spam|atk|1|[zeffect]\n|-boost|p2a: V create spam|def|1|[zeffect]\n|-boost|p2a: V create spam|spa|1|[zeffect]\n|-boost|p2a: V create spam|spd|1|[zeffect]\n|-boost|p2a: V create spam|spe|1|[zeffect]\n|-activate|p2a: V create spam|move: Celebrate\n|\n|upkeep\n|turn|7\n|\n|t:|1700150004\n|move|p2a: V create spam|Stored Power|p1a: Landorus\n|-damage|p1a: Landorus|14\/100\n|move|p1a: Landorus|Earthquake|p2a: V create spam\n|-supereffective|p2a: V create spam\n|-damage|p2a: V create spam|0 fnt\n|faint|p2a: V create spam\n|\n|upkeep\n|\n|t:|1700150009\n|switch|p2a: TUSK SWEEP|Great Tusk|84\/100\n|-damage|p2a: TUSK SWEEP|68\/100|[from] Spikes\n|turn|8\n|\n|t:|1700150017\n|move|p2a: TUSK SWEEP|Rapid Spin|p1a: Landorus\n|-damage|p1a: Landorus|0 fnt\n|-boost|p2a: TUSK SWEEP|spe|1\n|-damage|p2a: TUSK SWEEP|51\/100|[from] item: Rocky Helmet|[of] p1a: Landorus\n|-sideend|p2: elvisma|Spikes|[from] move: Rapid Spin|[of] p2a: TUSK SWEEP\n|faint|p1a: Landorus\n|\n|upkeep\n|\n|t:|1700150020\n|switch|p1a: Armarouge|Armarouge, M|100\/100\n|-activate|p1a: Armarouge|move: Sticky Web\n|-unboost|p1a: Armarouge|spe|1\n|turn|9\n|\n|t:|1700150023\n|move|p1a: Armarouge|Endure|p1a: Armarouge\n|-singleturn|p1a: Armarouge|move: Endure\n|move|p2a: TUSK SWEEP|Ice Spinner|p1a: Armarouge\n|-resisted|p1a: Armarouge\n|-damage|p1a: Armarouge|86\/100\n|-ability|p1a: Armarouge|Weak Armor|boost\n|-unboost|p1a: Armarouge|def|1\n|-boost|p1a: Armarouge|spe|2\n|-fieldend|move: Psychic Terrain\n|\n|upkeep\n|turn|10\n|\n|t:|1700150033\n|move|p1a: Armarouge|Endure||[still]\n|-fail|p1a: Armarouge\n|move|p2a: TUSK SWEEP|Headlong Rush|p1a: Armarouge\n|-supereffective|p1a: Armarouge\n|-damage|p1a: Armarouge|0 fnt\n|-unboost|p2a: TUSK SWEEP|def|1\n|-unboost|p2a: TUSK SWEEP|spd|1\n|faint|p1a: Armarouge\n|\n|upkeep\n|\n|t:|1700150036\n|switch|p1a: Tapu Lele|Tapu Lele|100\/100\n|-activate|p1a: Tapu Lele|move: Sticky Web\n|-unboost|p1a: Tapu Lele|spe|1\n|-fieldstart|move: Psychic Terrain|[from] ability: Psychic Surge|[of] p1a: Tapu Lele\n|turn|11\n|\n|t:|1700150047\n|move|p2a: TUSK SWEEP|Headlong Rush|p1a: Tapu Lele\n|-damage|p1a: Tapu Lele|3\/100\n|-unboost|p2a: TUSK SWEEP|def|1\n|-unboost|p2a: TUSK SWEEP|spd|1\n|move|p1a: Tapu Lele|Moonblast|p2a: TUSK SWEEP\n|-supereffective|p2a: TUSK SWEEP\n|-damage|p2a: TUSK SWEEP|0 fnt\n|faint|p2a: TUSK SWEEP\n|-end|p2a: TUSK SWEEP|Protosynthesis|[silent]\n|\n|upkeep\n|\n|t:|1700150051\n|switch|p2a: ampheros|Charizard, M|100\/100\n|turn|12\n|\n|t:|1700150053\n|move|p2a: ampheros|Dragon Dance|p2a: ampheros\n|-boost|p2a: ampheros|atk|1\n|-boost|p2a: ampheros|spe|1\n|move|p1a: Tapu Lele|Psychic|p2a: ampheros\n|-damage|p2a: ampheros|27\/100\n|-unboost|p2a: ampheros|spd|1\n|\n|upkeep\n|turn|13\n|\n|t:|1700150064\n|move|p2a: ampheros|Fire Punch|p1a: Tapu Lele\n|-damage|p1a: Tapu Lele|0 fnt\n|faint|p1a: Tapu Lele\n|\n|upkeep\n|\n|t:|1700150066\n|switch|p1a: Sneasler|Sneasler, M|100\/100\n|-activate|p1a: Sneasler|move: Sticky Web\n|-unboost|p1a: Sneasler|spe|1\n|-enditem|p1a: Sneasler|Psychic Seed\n|-boost|p1a: Sneasler|spd|1|[from] item: Psychic Seed\n|turn|14\n|\n|t:|1700150077\n|detailschange|p2a: ampheros|Charizard-Mega-X, M\n|-mega|p2a: ampheros|Charizard|Charizardite X\n|move|p2a: ampheros|Dragon Claw|p1a: Sneasler\n|-damage|p1a: Sneasler|0 fnt\n|faint|p1a: Sneasler\n|\n|upkeep\n|-message|southeast sirius forfeited.\n|\n|win|elvisma\n|raw|southeast sirius's rating: 1694 &rarr; <strong>1674<\/strong><br \/>(-20 for losing)\n|raw|elvisma's rating: 1701 &rarr; <strong>1721<\/strong><br \/>(+20 for winning)\n","uploadtime":1700150086,"views":4,"p1id":"southeastsirius","p2id":"elvisma","formatid":"gen9nationaldex","rating":1674,"private":0,"password":""}