{"id":"gen9nationaldex-1996512008","p1":"PikaTheRat","p2":"KaneWritez","format":"[Gen 9] National Dex","log":"|html|<div class=\"broadcast-blue\"><strong>[Gen 9] National Dex is currently suspecting Sneasler! For information on how to participate check out the <a href=\"https:\/\/www.smogon.com\/forums\/threads\/sv-national-dex-suspect-8-just-dance.3731534\/\">suspect thread<\/a>.<\/strong><\/div>\n|j|\u2606PikaTheRat\n|j|\u2606KaneWritez\n|t:|1700689253\n|gametype|singles\n|player|p1|PikaTheRat|lucas|\n|player|p2|KaneWritez|ethan|\n|teamsize|p1|4\n|teamsize|p2|5\n|gen|9\n|tier|[Gen 9] National Dex\n|rule|HP Percentage Mod: HP is shown in percentages\n|rule|Endless Battle Clause: Forcing endless battles is banned\n|rule|OHKO Clause: OHKO moves are banned\n|rule|Evasion Clause: Evasion abilities, items, and moves are banned\n|rule|Evasion Abilities Clause: Evasion abilities are banned\n|rule|Evasion Items Clause: Evasion items are banned\n|rule|Evasion Moves Clause: Evasion moves are banned\n|rule|Species Clause: Limit one of each Pok\u00e9mon\n|rule|Sleep Clause Mod: Limit one foe put to sleep\n|clearpoke\n|poke|p1|Camerupt, L45, F|\n|poke|p1|Houndoom, L42, M|\n|poke|p1|Oricorio, L42, M|\n|poke|p1|Torkoal, L42, F|\n|poke|p2|Sealeo, L42, M|\n|poke|p2|Vikavolt, L42, M|\n|poke|p2|Skrelp, L42, M|\n|poke|p2|Larvesta, L42, M|\n|poke|p2|Pupitar, L42, M|\n|teampreview\n|\n|t:|1700689271\n|start\n|switch|p1a: Torkoal|Torkoal, L42, F|100\/100\n|switch|p2a: Vikavolt|Vikavolt, L42, M|100\/100\n|-weather|SunnyDay|[from] ability: Drought|[of] p1a: Torkoal\n|turn|1\n|\n|t:|1700689279\n|move|p2a: Vikavolt|Thunderbolt|p1a: Torkoal\n|-damage|p1a: Torkoal|29\/100\n|move|p1a: Torkoal|Stealth Rock|p2a: Vikavolt\n|-sidestart|p2: KaneWritez|move: Stealth Rock\n|\n|-weather|SunnyDay|[upkeep]\n|upkeep\n|turn|2\n|\n|t:|1700689286\n|move|p1a: Torkoal|Protect|p1a: Torkoal\n|-singleturn|p1a: Torkoal|Protect\n|move|p2a: Vikavolt|Thunderbolt|p1a: Torkoal\n|-activate|p1a: Torkoal|move: Protect\n|\n|-weather|SunnyDay|[upkeep]\n|upkeep\n|turn|3\n|\n|t:|1700689295\n|move|p2a: Vikavolt|Thunderbolt|p1a: Torkoal\n|-damage|p1a: Torkoal|0 fnt\n|faint|p1a: Torkoal\n|\n|-weather|SunnyDay|[upkeep]\n|upkeep\n|\n|t:|1700689301\n|switch|p1a: Oricorio|Oricorio, L42, M|100\/100\n|turn|4\n|\n|t:|1700689305\n|move|p1a: Oricorio|Acrobatics|p2a: Vikavolt\n|-damage|p2a: Vikavolt|60\/100\n|move|p2a: Vikavolt|Thunderbolt|p1a: Oricorio\n|-supereffective|p1a: Oricorio\n|-damage|p1a: Oricorio|0 fnt\n|faint|p1a: Oricorio\n|\n|-weather|SunnyDay|[upkeep]\n|upkeep\n|\n|t:|1700689315\n|switch|p1a: Houndoom|Houndoom, L42, M|100\/100\n|turn|5\n|\n|t:|1700689323\n|move|p1a: Houndoom|Flamethrower|p2a: Vikavolt\n|-supereffective|p2a: Vikavolt\n|-damage|p2a: Vikavolt|0 fnt\n|faint|p2a: Vikavolt\n|\n|-weather|SunnyDay|[upkeep]\n|upkeep\n|\n|t:|1700689338\n|switch|p2a: Skrelp|Skrelp, L42, M|100\/100\n|-damage|p2a: Skrelp|88\/100|[from] Stealth Rock\n|turn|6\n|\n|t:|1700689346\n|move|p1a: Houndoom|Hidden Power|p2a: Skrelp\n|-damage|p2a: Skrelp|55\/100\n|move|p2a: Skrelp|Toxic|p1a: Houndoom\n|-status|p1a: Houndoom|tox\n|\n|-weather|SunnyDay|[upkeep]\n|-damage|p1a: Houndoom|95\/100 tox|[from] psn\n|upkeep\n|turn|7\n|\n|t:|1700689363\n|move|p1a: Houndoom|Dark Pulse|p2a: Skrelp\n|-damage|p2a: Skrelp|0 fnt\n|faint|p2a: Skrelp\n|\n|-weather|SunnyDay|[upkeep]\n|-damage|p1a: Houndoom|83\/100 tox|[from] psn\n|upkeep\n|\n|t:|1700689374\n|switch|p2a: Chrysus|Larvesta, L42, M, shiny|100\/100\n|-damage|p2a: Chrysus|51\/100|[from] Stealth Rock\n|turn|8\n|\n|t:|1700689384\n|move|p1a: Houndoom|Dark Pulse|p2a: Chrysus\n|-damage|p2a: Chrysus|0 fnt\n|faint|p2a: Chrysus\n|\n|-weather|none\n|-damage|p1a: Houndoom|65\/100 tox|[from] psn\n|upkeep\n|\n|t:|1700689390\n|switch|p2a: Sealeo|Sealeo, L42, M|100\/100\n|-damage|p2a: Sealeo|76\/100|[from] Stealth Rock\n|turn|9\n|\n|t:|1700689400\n|move|p1a: Houndoom|Hidden Power|p2a: Sealeo\n|-supereffective|p2a: Sealeo\n|-damage|p2a: Sealeo|21\/100\n|move|p2a: Sealeo|Brine|p1a: Houndoom\n|-supereffective|p1a: Houndoom\n|-damage|p1a: Houndoom|19\/100 tox\n|\n|-damage|p1a: Houndoom|0 fnt|[from] psn\n|faint|p1a: Houndoom\n|upkeep\n|\n|t:|1700689410\n|switch|p1a: Camerupt|Camerupt, L45, F|100\/100\n|turn|10\n|\n|t:|1700689415\n|detailschange|p1a: Camerupt|Camerupt-Mega, L45, F\n|-mega|p1a: Camerupt|Camerupt|Cameruptite\n|move|p2a: Sealeo|Brine|p1a: Camerupt\n|-supereffective|p1a: Camerupt\n|-damage|p1a: Camerupt|19\/100\n|move|p1a: Camerupt|Earth Power|p2a: Sealeo\n|-damage|p2a: Sealeo|0 fnt\n|faint|p2a: Sealeo\n|\n|upkeep\n|\n|t:|1700689423\n|switch|p2a: Pupitar|Pupitar, L42, M, shiny|100\/100\n|-damage|p2a: Pupitar|94\/100|[from] Stealth Rock\n|turn|11\n|\n|t:|1700689429\n|-terastallize|p2a: Pupitar|Rock\n|move|p2a: Pupitar|Earthquake|p1a: Camerupt\n|-supereffective|p1a: Camerupt\n|-damage|p1a: Camerupt|0 fnt\n|faint|p1a: Camerupt\n|\n|win|KaneWritez\n|l|\u2606KaneWritez\n","uploadtime":1700689449,"views":4,"p1id":"pikatherat","p2id":"kanewritez","formatid":"gen9nationaldex","rating":0,"private":0,"password":""}