{"id":"gen9nationaldex-1996370157","p1":"mrcool94","p2":"ghostkinggengar","format":"[Gen 9] National Dex","log":"|html|<div class=\"broadcast-blue\"><strong>[Gen 9] National Dex is currently suspecting Sneasler! For information on how to participate check out the <a href=\"https:\/\/www.smogon.com\/forums\/threads\/sv-national-dex-suspect-8-just-dance.3731534\/\">suspect thread<\/a>.<\/strong><\/div>\n|j|\u2606mrcool94\n|j|\u2606ghostkinggengar\n|t:|1700675549\n|gametype|singles\n|player|p1|mrcool94|ingo|1739\n|player|p2|ghostkinggengar|swimmerf|1770\n|teamsize|p1|6\n|teamsize|p2|6\n|gen|9\n|tier|[Gen 9] National Dex\n|rated|\n|rule|HP Percentage Mod: HP is shown in percentages\n|rule|Endless Battle Clause: Forcing endless battles is banned\n|rule|OHKO Clause: OHKO moves are banned\n|rule|Evasion Clause: Evasion abilities, items, and moves are banned\n|rule|Evasion Abilities Clause: Evasion abilities are banned\n|rule|Evasion Items Clause: Evasion items are banned\n|rule|Evasion Moves Clause: Evasion moves are banned\n|rule|Species Clause: Limit one of each Pok\u00e9mon\n|rule|Sleep Clause Mod: Limit one foe put to sleep\n|clearpoke\n|poke|p1|Dondozo, F|\n|poke|p1|Latios, M|\n|poke|p1|Ursaluna, F|\n|poke|p1|Aegislash, M|\n|poke|p1|Slowking-Galar, M|\n|poke|p1|Cinderace, F|\n|poke|p2|Slowbro, M|\n|poke|p2|Ursaluna, M|\n|poke|p2|Blacephalon|\n|poke|p2|Empoleon, M|\n|poke|p2|Garchomp, M|\n|poke|p2|Ferrothorn, F|\n|teampreview\n|inactive|Battle timer is ON: inactive players will automatically lose when time's up. (requested by ghostkinggengar)\n|\n|t:|1700675566\n|start\n|switch|p1a: Latios|Latios, M|100\/100\n|switch|p2a: Garchomp|Garchomp, M|100\/100\n|turn|1\n|j| Floppy_Bananas\n|\n|t:|1700675578\n|switch|p2a: Ferrothorn|Ferrothorn, F|100\/100\n|detailschange|p1a: Latios|Latios-Mega, M\n|-mega|p1a: Latios|Latios|Latiosite\n|move|p1a: Latios|Ice Beam|p2a: Ferrothorn\n|-damage|p2a: Ferrothorn|75\/100\n|-status|p2a: Ferrothorn|frz\n|\n|-heal|p2a: Ferrothorn|81\/100 frz|[from] item: Leftovers\n|upkeep\n|turn|2\n|\n|t:|1700675588\n|switch|p1a: Ursaluna|Ursaluna, F|100\/100\n|switch|p2a: Slowbro|Slowbro, M|100\/100\n|\n|upkeep\n|turn|3\n|\n|t:|1700675608\n|switch|p1a: Latios|Latios-Mega, M|100\/100\n|move|p2a: Slowbro|Scald|p1a: Latios\n|-resisted|p1a: Latios\n|-damage|p1a: Latios|86\/100\n|\n|upkeep\n|turn|4\n|\n|t:|1700675616\n|-terastallize|p2a: Slowbro|Fairy\n|move|p1a: Latios|Draco Meteor|p2a: Slowbro\n|-immune|p2a: Slowbro\n|move|p2a: Slowbro|Trick Room|p2a: Slowbro\n|-fieldstart|move: Trick Room|[of] p2a: Slowbro\n|\n|upkeep\n|turn|5\n|\n|t:|1700675627\n|switch|p1a: Ursaluna|Ursaluna, F|100\/100\n|move|p2a: Slowbro|Teleport|p2a: Slowbro\n|\n|t:|1700675631\n|switch|p2a: Ursaluna|Ursaluna, M|100\/100|[from] Teleport\n|\n|-status|p2a: Ursaluna|brn|[from] item: Flame Orb\n|upkeep\n|turn|6\n|\n|t:|1700675648\n|move|p2a: Ursaluna|Facade|p1a: Ursaluna\n|-damage|p1a: Ursaluna|0 fnt\n|faint|p1a: Ursaluna\n|\n|-damage|p2a: Ursaluna|94\/100 brn|[from] brn\n|upkeep\n|\n|t:|1700675659\n|switch|p1a: Dondozo|Dondozo, F|100\/100\n|turn|7\n|\n|t:|1700675665\n|move|p1a: Dondozo|Wave Crash|p2a: Ursaluna\n|-supereffective|p2a: Ursaluna\n|-damage|p2a: Ursaluna|36\/100 brn\n|-damage|p1a: Dondozo|84\/100|[from] Recoil\n|move|p2a: Ursaluna|Facade|p1a: Dondozo\n|-damage|p1a: Dondozo|28\/100\n|-damage|p2a: Ursaluna|20\/100 brn|[from] item: Rocky Helmet|[of] p1a: Dondozo\n|\n|-damage|p2a: Ursaluna|14\/100 brn|[from] brn\n|upkeep\n|turn|8\n|\n|t:|1700675684\n|switch|p2a: Slowbro|Slowbro, M, tera:Fairy|100\/100\n|move|p1a: Dondozo|Rest|p1a: Dondozo\n|-status|p1a: Dondozo|slp|[from] move: Rest\n|-heal|p1a: Dondozo|100\/100 slp|[silent]\n|\n|-fieldend|move: Trick Room\n|upkeep\n|turn|9\n|\n|t:|1700675691\n|switch|p1a: Latios|Latios-Mega, M|86\/100\n|move|p2a: Slowbro|Future Sight|p1a: Latios\n|-start|p2a: Slowbro|move: Future Sight\n|\n|upkeep\n|turn|10\n|\n|t:|1700675698\n|move|p1a: Latios|Ice Beam|p2a: Slowbro\n|-damage|p2a: Slowbro|63\/100\n|move|p2a: Slowbro|Trick Room|p2a: Slowbro\n|-fieldstart|move: Trick Room|[of] p2a: Slowbro\n|\n|upkeep\n|turn|11\n|\n|t:|1700675711\n|move|p1a: Latios|Ice Beam|p2a: Slowbro\n|-damage|p2a: Slowbro|22\/100\n|move|p2a: Slowbro|Teleport|p2a: Slowbro\n|\n|t:|1700675715\n|switch|p2a: Ursaluna|Ursaluna, M|14\/100 brn|[from] Teleport\n|\n|-end|p1a: Latios|move: Future Sight\n|-resisted|p1a: Latios\n|-damage|p1a: Latios|65\/100\n|-damage|p2a: Ursaluna|7\/100 brn|[from] brn\n|upkeep\n|turn|12\n|\n|t:|1700675742\n|switch|p1a: Dondozo|Dondozo, F|100\/100 slp\n|move|p2a: Ursaluna|Facade|p1a: Dondozo\n|-damage|p1a: Dondozo|46\/100 slp\n|-damage|p2a: Ursaluna|0 fnt|[from] item: Rocky Helmet|[of] p1a: Dondozo\n|faint|p2a: Ursaluna\n|\n|upkeep\n|\n|t:|1700675750\n|switch|p2a: Blacephalon|Blacephalon|100\/100\n|turn|13\n|\n|t:|1700675751\n|cant|p1a: Dondozo|slp\n|move|p1a: Dondozo|Sleep Talk|p1a: Dondozo\n|move|p1a: Dondozo|Rest||[from]move: Sleep Talk|[still]\n|-fail|p1a: Dondozo\n|move|p2a: Blacephalon|Shadow Ball|p1a: Dondozo\n|-damage|p1a: Dondozo|0 fnt\n|faint|p1a: Dondozo\n|-ability|p2a: Blacephalon|Beast Boost|boost\n|-boost|p2a: Blacephalon|spa|1\n|\n|upkeep\n|\n|t:|1700675755\n|switch|p1a: Aegislash|Aegislash, M|100\/100\n|turn|14\n|\n|t:|1700675762\n|switch|p2a: Empoleon|Empoleon, M|100\/100\n|-formechange|p1a: Aegislash|Aegislash-Blade||[from] ability: Stance Change\n|move|p1a: Aegislash|Shadow Ball|p2a: Empoleon\n|-damage|p2a: Empoleon|69\/100\n|\n|-heal|p2a: Empoleon|75\/100|[from] item: Leftovers\n|-fieldend|move: Trick Room\n|upkeep\n|turn|15\n|\n|t:|1700675768\n|switch|p1a: Latios|Latios-Mega, M|65\/100\n|move|p2a: Empoleon|Scald|p1a: Latios\n|-resisted|p1a: Latios\n|-crit|p1a: Latios\n|-damage|p1a: Latios|40\/100\n|\n|-heal|p2a: Empoleon|81\/100|[from] item: Leftovers\n|upkeep\n|turn|16\n|\n|t:|1700675774\n|move|p1a: Latios|Recover|p1a: Latios\n|-heal|p1a: Latios|90\/100\n|move|p2a: Empoleon|Flip Turn|p1a: Latios\n|-resisted|p1a: Latios\n|-damage|p1a: Latios|79\/100\n|\n|t:|1700675780\n|switch|p2a: Blacephalon|Blacephalon|100\/100|[from] Flip Turn\n|\n|upkeep\n|turn|17\n|\n|t:|1700675788\n|switch|p1a: Cinderace|Cinderace, F|100\/100\n|move|p2a: Blacephalon|Shadow Ball|p1a: Cinderace\n|-damage|p1a: Cinderace|35\/100\n|-unboost|p1a: Cinderace|spd|1\n|\n|upkeep\n|turn|18\n|\n|t:|1700675800\n|switch|p2a: Slowbro|Slowbro, M, tera:Fairy|55\/100\n|move|p1a: Cinderace|U-turn|p2a: Slowbro\n|-start|p1a: Cinderace|typechange|Bug|[from] ability: Libero\n|-resisted|p2a: Slowbro\n|-crit|p2a: Slowbro\n|-damage|p2a: Slowbro|40\/100\n|-damage|p1a: Cinderace|19\/100|[from] item: Rocky Helmet|[of] p2a: Slowbro\n|\n|t:|1700675809\n|switch|p1a: Latios|Latios-Mega, M|79\/100|[from] U-turn\n|\n|upkeep\n|turn|19\n|\n|t:|1700675814\n|move|p1a: Latios|Ice Beam|p2a: Slowbro\n|-damage|p2a: Slowbro|3\/100\n|move|p2a: Slowbro|Trick Room|p2a: Slowbro\n|-fieldstart|move: Trick Room|[of] p2a: Slowbro\n|\n|upkeep\n|turn|20\n|\n|t:|1700675819\n|move|p1a: Latios|Ice Beam|p2a: Slowbro\n|-damage|p2a: Slowbro|0 fnt\n|faint|p2a: Slowbro\n|\n|upkeep\n|\n|t:|1700675822\n|switch|p2a: Garchomp|Garchomp, M|100\/100\n|turn|21\n|\n|t:|1700675829\n|switch|p1a: Cinderace|Cinderace, F|19\/100\n|move|p2a: Garchomp|Stealth Rock|p1a: Cinderace\n|-sidestart|p1: mrcool94|move: Stealth Rock\n|\n|upkeep\n|turn|22\n|\n|t:|1700675833\n|move|p2a: Garchomp|Earthquake|p1a: Cinderace\n|-supereffective|p1a: Cinderace\n|-damage|p1a: Cinderace|0 fnt\n|faint|p1a: Cinderace\n|\n|upkeep\n|\n|t:|1700675840\n|switch|p1a: Latios|Latios-Mega, M|79\/100\n|-damage|p1a: Latios|67\/100|[from] Stealth Rock\n|turn|23\n|\n|t:|1700675845\n|-zpower|p2a: Garchomp\n|move|p2a: Garchomp|Devastating Drake|p1a: Latios|[zeffect]\n|-supereffective|p1a: Latios\n|-damage|p1a: Latios|0 fnt\n|faint|p1a: Latios\n|\n|-fieldend|move: Trick Room\n|upkeep\n|-message|mrcool94 forfeited.\n|\n|win|ghostkinggengar\n|raw|mrcool94's rating: 1739 &rarr; <strong>1721<\/strong><br \/>(-18 for losing)\n|raw|ghostkinggengar's rating: 1770 &rarr; <strong>1788<\/strong><br \/>(+18 for winning)\n|l|\u2606mrcool94\n","uploadtime":1700675853,"views":1,"p1id":"mrcool94","p2id":"ghostkinggengar","formatid":"gen9nationaldex","rating":1721,"private":0,"password":""}