{"id":"gen9nationaldex-1993589582","p1":"DeathRayKPK","p2":"etherlords","format":"[Gen 9] National Dex","log":"|j|\u2606DeathRayKPK\n|j|\u2606etherlords\n|t:|1700334984\n|gametype|singles\n|player|p1|DeathRayKPK|170|\n|player|p2|etherlords|gambler|\n|teamsize|p1|6\n|teamsize|p2|6\n|gen|9\n|tier|[Gen 9] National Dex\n|rule|HP Percentage Mod: HP is shown in percentages\n|rule|Endless Battle Clause: Forcing endless battles is banned\n|rule|OHKO Clause: OHKO moves are banned\n|rule|Evasion Clause: Evasion abilities, items, and moves are banned\n|rule|Evasion Abilities Clause: Evasion abilities are banned\n|rule|Evasion Items Clause: Evasion items are banned\n|rule|Evasion Moves Clause: Evasion moves are banned\n|rule|Species Clause: Limit one of each Pok\u00e9mon\n|rule|Sleep Clause Mod: Limit one foe put to sleep\n|clearpoke\n|poke|p1|Clefable, M|\n|poke|p1|Ogerpon-Wellspring, F|\n|poke|p1|Heatran, M|\n|poke|p1|Zapdos|\n|poke|p1|Volcarona, F|\n|poke|p1|Garganacl, M|\n|poke|p2|Zapdos-Galar|\n|poke|p2|Breloom, M|\n|poke|p2|Kommo-o, M|\n|poke|p2|Sneasler, F|\n|poke|p2|Great Tusk|\n|poke|p2|Iron Valiant|\n|teampreview\n|inactive|Battle timer is ON: inactive players will automatically lose when time's up. (requested by etherlords)\n|c|\u2606DeathRayKPK|glhf\n|c|\u2606etherlords|enjoy\n|c|\u2606DeathRayKPK|I don't like this but sure\n|\n|t:|1700335013\n|start\n|switch|p1a: Ogerpon|Ogerpon-Wellspring, F|100\/100\n|switch|p2a: Zapdos|Zapdos-Galar|100\/100\n|turn|1\n|j| DracoShivam\n|inactive|DeathRayKPK has 270 seconds left.\n|\n|t:|1700335054\n|switch|p1a: Zapdos|Zapdos|100\/100\n|move|p2a: Zapdos|U-turn|p1a: Zapdos\n|-resisted|p1a: Zapdos\n|-damage|p1a: Zapdos|90\/100\n|inactive|etherlords has 270 seconds left.\n|\n|t:|1700335087\n|switch|p2a: Great Tusk|Great Tusk|100\/100|[from] U-turn\n|\n|upkeep\n|turn|2\n|inactive|DeathRayKPK has 270 seconds left.\n|\n|t:|1700335092\n|move|p2a: Great Tusk|Ice Spinner|p1a: Zapdos\n|-supereffective|p1a: Zapdos\n|-damage|p1a: Zapdos|43\/100\n|move|p1a: Zapdos|Hurricane|p2a: Great Tusk|[miss]\n|-miss|p1a: Zapdos|p2a: Great Tusk\n|\n|upkeep\n|turn|3\n|inactive|DeathRayKPK has 270 seconds left.\n|inactive|etherlords has 270 seconds left.\n|c| DracoShivam|thats unfortunate\n|\n|t:|1700335113\n|switch|p1a: Clefable-Hisui|Clefable, M, shiny|100\/100\n|move|p2a: Great Tusk|Ice Spinner|p1a: Clefable-Hisui\n|-damage|p1a: Clefable-Hisui|80\/100\n|\n|-heal|p1a: Clefable-Hisui|87\/100|[from] item: Leftovers\n|upkeep\n|turn|4\n|inactive|etherlords has 270 seconds left.\n|\n|t:|1700335141\n|-end|p2a: Great Tusk|Protosynthesis|[silent]\n|switch|p2a: Kommo-o|Kommo-o, M|100\/100\n|move|p1a: Clefable-Hisui|Wish|p1a: Clefable-Hisui\n|\n|-heal|p1a: Clefable-Hisui|93\/100|[from] item: Leftovers\n|upkeep\n|turn|5\n|inactive|etherlords has 240 seconds left.\n|c|\u2606etherlords|what's with the name?\n|inactive|DeathRayKPK has 240 seconds left.\n|c|\u2606DeathRayKPK|it's a new one haven't you seen\n|\n|t:|1700335182\n|move|p2a: Kommo-o|Flash Cannon|p1a: Clefable-Hisui\n|-supereffective|p1a: Clefable-Hisui\n|-damage|p1a: Clefable-Hisui|47\/100\n|move|p1a: Clefable-Hisui|Moonblast|p2a: Kommo-o\n|-supereffective|p2a: Kommo-o\n|-damage|p2a: Kommo-o|0 fnt\n|faint|p2a: Kommo-o\n|\n|-heal|p1a: Clefable-Hisui|97\/100|[from] move: Wish|[wisher] Clefable-Hisui\n|-heal|p1a: Clefable-Hisui|100\/100|[from] item: Leftovers\n|upkeep\n|inactive|etherlords has 240 seconds left.\n|c|\u2606etherlords|oh just shiny\n|\n|t:|1700335216\n|switch|p2a: Sneasler|Sneasler, F|100\/100\n|turn|6\n|inactive|DeathRayKPK has 210 seconds left.\n|\n|t:|1700335271\n|switch|p1a: Zapdos|Zapdos|43\/100\n|move|p2a: Sneasler|Fake Out|p1a: Zapdos\n|-damage|p1a: Zapdos|31\/100\n|\n|upkeep\n|turn|7\n|\n|t:|1700335279\n|move|p2a: Sneasler|Dire Claw|p1a: Zapdos\n|-damage|p1a: Zapdos|0 fnt\n|faint|p1a: Zapdos\n|\n|upkeep\n|inactive|DeathRayKPK has 180 seconds left.\n|\n|t:|1700335303\n|switch|p1a: Volcarona|Volcarona, F|100\/100\n|turn|8\n|inactive|DeathRayKPK has 180 seconds left.\n|\n|t:|1700335315\n|move|p2a: Sneasler|U-turn|p1a: Volcarona\n|-resisted|p1a: Volcarona\n|-damage|p1a: Volcarona|90\/100\n|-status|p2a: Sneasler|brn|[from] ability: Flame Body|[of] p1a: Volcarona\n|c|\u2606DeathRayKPK|nice\n|c|\u2606etherlords|fml\n|\n|t:|1700335323\n|switch|p2a: Zapdos|Zapdos-Galar|100\/100|[from] U-turn\n|move|p1a: Volcarona|Psychic|p2a: Zapdos\n|-supereffective|p2a: Zapdos\n|-damage|p2a: Zapdos|38\/100\n|\n|upkeep\n|turn|9\n|c| DracoShivam|oof\n|inactive|DeathRayKPK has 180 seconds left.\n|c|\u2606etherlords|there goes my clef counter\n|\n|t:|1700335351\n|switch|p1a: Clefable-Hisui|Clefable, M, shiny|100\/100\n|move|p2a: Zapdos|Brave Bird|p1a: Clefable-Hisui\n|-damage|p1a: Clefable-Hisui|51\/100\n|-damage|p2a: Zapdos|18\/100|[from] Recoil\n|\n|-heal|p1a: Clefable-Hisui|57\/100|[from] item: Leftovers\n|upkeep\n|turn|10\n|\n|t:|1700335368\n|switch|p2a: Breloom|Breloom, M|100\/100\n|move|p1a: Clefable-Hisui|Protect||[still]\n|-fail|p1a: Clefable-Hisui\n|\n|-heal|p1a: Clefable-Hisui|63\/100|[from] item: Leftovers\n|upkeep\n|turn|11\n|inactive|DeathRayKPK has 150 seconds left.\n|\n|t:|1700335395\n|switch|p1a: Garganacl|Garganacl, M|100\/100\n|move|p2a: Breloom|Spore|p1a: Garganacl\n|-immune|p1a: Garganacl|[from] ability: Purifying Salt\n|\n|upkeep\n|turn|12\n|inactive|DeathRayKPK has 150 seconds left.\n|inactive|DeathRayKPK has 120 seconds left.\n|\n|t:|1700335453\n|-terastallize|p2a: Breloom|Grass\n|-terastallize|p1a: Garganacl|Dragon\n|move|p2a: Breloom|Bullet Seed|p1a: Garganacl\n|-resisted|p1a: Garganacl\n|-damage|p1a: Garganacl|92\/100\n|-resisted|p1a: Garganacl\n|-damage|p1a: Garganacl|84\/100\n|-resisted|p1a: Garganacl\n|-damage|p1a: Garganacl|75\/100\n|-hitcount|p1a: Garganacl|3\n|move|p1a: Garganacl|Iron Defense|p1a: Garganacl\n|-boost|p1a: Garganacl|def|2\n|\n|-heal|p1a: Garganacl|81\/100|[from] item: Leftovers\n|upkeep\n|turn|13\n|\n|t:|1700335469\n|switch|p2a: Iron Valiant|Iron Valiant|100\/100\n|move|p1a: Garganacl|Body Press|p2a: Iron Valiant\n|-resisted|p2a: Iron Valiant\n|-damage|p2a: Iron Valiant|69\/100\n|\n|-heal|p1a: Garganacl|87\/100|[from] item: Leftovers\n|upkeep\n|turn|14\n|\n|t:|1700335482\n|switch|p1a: Volcarona|Volcarona, F|90\/100\n|move|p2a: Iron Valiant|Aura Sphere|p1a: Volcarona\n|-resisted|p1a: Volcarona\n|-damage|p1a: Volcarona|66\/100\n|\n|upkeep\n|turn|15\n|\n|t:|1700335496\n|-end|p2a: Iron Valiant|Quark Drive|[silent]\n|switch|p2a: Sneasler|Sneasler, F|100\/100 brn\n|move|p1a: Volcarona|Roost|p1a: Volcarona\n|-heal|p1a: Volcarona|100\/100\n|-singleturn|p1a: Volcarona|move: Roost\n|\n|-damage|p2a: Sneasler|95\/100 brn|[from] brn\n|upkeep\n|turn|16\n|\n|t:|1700335508\n|move|p2a: Sneasler|Dire Claw|p1a: Volcarona\n|-damage|p1a: Volcarona|81\/100\n|-status|p1a: Volcarona|slp\n|cant|p1a: Volcarona|slp\n|\n|-damage|p2a: Sneasler|89\/100 brn|[from] brn\n|upkeep\n|turn|17\n|c|\u2606etherlords|that was clutch\n|\n|t:|1700335525\n|switch|p2a: Breloom|Breloom, M, tera:Grass|100\/100\n|cant|p1a: Volcarona|slp\n|\n|upkeep\n|turn|18\n|inactive|DeathRayKPK has 90 seconds left.\n|c| DracoShivam|dont forget timer bro\n|\n|t:|1700335565\n|switch|p1a: Garganacl|Garganacl, M, tera:Dragon|87\/100\n|move|p2a: Breloom|Rock Tomb|p1a: Garganacl\n|-damage|p1a: Garganacl|65\/100\n|-unboost|p1a: Garganacl|spe|1\n|\n|-heal|p1a: Garganacl|71\/100|[from] item: Leftovers\n|upkeep\n|turn|19\n|inactive|DeathRayKPK has 60 seconds left.\n|\n|t:|1700335594\n|switch|p2a: Iron Valiant|Iron Valiant|69\/100\n|move|p1a: Garganacl|Salt Cure|p2a: Iron Valiant\n|-resisted|p2a: Iron Valiant\n|-damage|p2a: Iron Valiant|60\/100\n|-start|p2a: Iron Valiant|Salt Cure\n|\n|-heal|p1a: Garganacl|77\/100|[from] item: Leftovers\n|-damage|p2a: Iron Valiant|48\/100|[from] Salt Cure\n|upkeep\n|turn|20\n|inactive|DeathRayKPK has 60 seconds left.\n|\n|t:|1700335613\n|switch|p1a: Volcarona|Volcarona, F|81\/100 slp\n|move|p2a: Iron Valiant|Moonblast|p1a: Volcarona\n|-resisted|p1a: Volcarona\n|-damage|p1a: Volcarona|48\/100 slp\n|\n|-damage|p2a: Iron Valiant|35\/100|[from] Salt Cure\n|upkeep\n|turn|21\n|inactive|DeathRayKPK has 60 seconds left.\n|\n|t:|1700335637\n|-end|p2a: Iron Valiant|Quark Drive|[silent]\n|switch|p2a: Great Tusk|Great Tusk|100\/100\n|cant|p1a: Volcarona|slp\n|\n|upkeep\n|turn|22\n|inactive|DeathRayKPK has 60 seconds left.\n|\n|t:|1700335650\n|switch|p1a: Clefable-Hisui|Clefable, M, shiny|63\/100\n|move|p2a: Great Tusk|Earthquake|p1a: Clefable-Hisui\n|-damage|p1a: Clefable-Hisui|25\/100\n|\n|-heal|p1a: Clefable-Hisui|31\/100|[from] item: Leftovers\n|upkeep\n|turn|23\n|inactive|DeathRayKPK has 60 seconds left.\n|\n|t:|1700335667\n|move|p1a: Clefable-Hisui|Protect|p1a: Clefable-Hisui\n|-singleturn|p1a: Clefable-Hisui|Protect\n|move|p2a: Great Tusk|Earthquake|p1a: Clefable-Hisui\n|-activate|p1a: Clefable-Hisui|move: Protect\n|\n|-heal|p1a: Clefable-Hisui|38\/100|[from] item: Leftovers\n|upkeep\n|turn|24\n|inactive|DeathRayKPK has 60 seconds left.\n|inactive|DeathRayKPK has 30 seconds left.\n|\n|t:|1700335710\n|move|p2a: Great Tusk|Earthquake|p1a: Clefable-Hisui\n|-damage|p1a: Clefable-Hisui|0 fnt\n|faint|p1a: Clefable-Hisui\n|\n|upkeep\n|inactive|DeathRayKPK has 30 seconds left this turn.\n|inactive|DeathRayKPK has 20 seconds left.\n|inactive|DeathRayKPK has 15 seconds left.\n|\n|t:|1700335726\n|switch|p1a: Ogerpon|Ogerpon-Wellspring, F|100\/100\n|turn|25\n|inactive|DeathRayKPK has 25 seconds left this turn.\n|inactive|DeathRayKPK has 20 seconds left.\n|\n|t:|1700335736\n|move|p1a: Ogerpon|Trailblaze|p2a: Great Tusk\n|-supereffective|p2a: Great Tusk\n|-damage|p2a: Great Tusk|55\/100\n|-boost|p1a: Ogerpon|spe|1\n|move|p2a: Great Tusk|Rapid Spin|p1a: Ogerpon\n|-damage|p1a: Ogerpon|78\/100\n|-boost|p2a: Great Tusk|spe|1\n|\n|-heal|p2a: Great Tusk|61\/100|[from] item: Leftovers\n|upkeep\n|turn|26\n|inactive|DeathRayKPK has 30 seconds left this turn.\n|inactive|DeathRayKPK has 20 seconds left.\n|\n|t:|1700335747\n|move|p1a: Ogerpon|Ivy Cudgel|p2a: Great Tusk|[anim] Ivy Cudgel Water\n|-supereffective|p2a: Great Tusk\n|-damage|p2a: Great Tusk|0 fnt\n|faint|p2a: Great Tusk\n|-end|p2a: Great Tusk|Protosynthesis|[silent]\n|\n|upkeep\n|inactive|DeathRayKPK has 25 seconds left this turn.\n|\n|t:|1700335754\n|switch|p2a: Sneasler|Sneasler, F|89\/100 brn\n|turn|27\n|c| DracoShivam|dont lose to timer bro\n|inactive|DeathRayKPK has 30 seconds left.\n|\n|t:|1700335765\n|move|p2a: Sneasler|Fake Out|p1a: Ogerpon\n|-damage|p1a: Ogerpon|69\/100\n|cant|p1a: Ogerpon|flinch\n|\n|-damage|p2a: Sneasler|83\/100 brn|[from] brn\n|upkeep\n|turn|28\n|inactive|DeathRayKPK has 30 seconds left.\n|\n|t:|1700335774\n|move|p1a: Ogerpon|Ivy Cudgel|p2a: Sneasler|[anim] Ivy Cudgel Water\n|-damage|p2a: Sneasler|0 fnt\n|faint|p2a: Sneasler\n|\n|upkeep\n|\n|t:|1700335779\n|switch|p2a: Breloom|Breloom, M, tera:Grass|100\/100\n|turn|29\n|c|\u2606DeathRayKPK|not this mofo\n|\n|t:|1700335792\n|switch|p1a: Garganacl|Garganacl, M, tera:Dragon|77\/100\n|move|p2a: Breloom|Bullet Seed|p1a: Garganacl\n|-resisted|p1a: Garganacl\n|-damage|p1a: Garganacl|68\/100\n|-resisted|p1a: Garganacl\n|-damage|p1a: Garganacl|60\/100\n|-hitcount|p1a: Garganacl|2\n|\n|-heal|p1a: Garganacl|66\/100|[from] item: Leftovers\n|upkeep\n|turn|30\n|inactive|DeathRayKPK has 30 seconds left.\n|inactive|DeathRayKPK has 20 seconds left.\n|\n|t:|1700335823\n|switch|p2a: Zapdos|Zapdos-Galar|18\/100\n|move|p1a: Garganacl|Salt Cure|p2a: Zapdos\n|-damage|p2a: Zapdos|2\/100\n|-start|p2a: Zapdos|Salt Cure\n|\n|-heal|p1a: Garganacl|72\/100|[from] item: Leftovers\n|-damage|p2a: Zapdos|0 fnt|[from] Salt Cure\n|faint|p2a: Zapdos\n|upkeep\n|inactive|DeathRayKPK has 25 seconds left this turn.\n|\n|t:|1700335827\n|switch|p2a: Iron Valiant|Iron Valiant|35\/100\n|turn|31\n|inactive|DeathRayKPK has 30 seconds left.\n|inactive|DeathRayKPK has 20 seconds left.\n|\n|t:|1700335847\n|switch|p1a: Volcarona|Volcarona, F|48\/100 slp\n|move|p2a: Iron Valiant|Thunderbolt|p1a: Volcarona\n|-damage|p1a: Volcarona|12\/100 slp\n|\n|upkeep\n|turn|32\n|inactive|DeathRayKPK has 30 seconds left this turn.\n|inactive|DeathRayKPK has 20 seconds left.\n|\n|t:|1700335859\n|move|p2a: Iron Valiant|Thunderbolt|p1a: Volcarona\n|-damage|p1a: Volcarona|0 fnt\n|faint|p1a: Volcarona\n|\n|upkeep\n|inactive|DeathRayKPK has 25 seconds left this turn.\n|inactive|DeathRayKPK has 20 seconds left.\n|inactive|DeathRayKPK has 15 seconds left.\n|\n|t:|1700335870\n|switch|p1a: Heatran|Heatran, M|100\/100\n|turn|33\n|inactive|DeathRayKPK has 25 seconds left this turn.\n|inactive|DeathRayKPK has 20 seconds left.\n|inactive|DeathRayKPK has 15 seconds left.\n|\n|t:|1700335880\n|-end|p2a: Iron Valiant|Quark Drive|[silent]\n|switch|p2a: Breloom|Breloom, M, tera:Grass|100\/100\n|move|p1a: Heatran|Earth Power|p2a: Breloom\n|-resisted|p2a: Breloom\n|-damage|p2a: Breloom|77\/100\n|\n|upkeep\n|turn|34\n|inactive|DeathRayKPK has 25 seconds left this turn.\n|inactive|DeathRayKPK has 20 seconds left.\n|inactive|DeathRayKPK has 15 seconds left.\n|c| DracoShivam|why\n|\n|t:|1700335895\n|switch|p1a: Garganacl|Garganacl, M, tera:Dragon|72\/100\n|move|p2a: Breloom|Spore|p1a: Garganacl\n|-immune|p1a: Garganacl|[from] ability: Purifying Salt\n|\n|-heal|p1a: Garganacl|78\/100|[from] item: Leftovers\n|upkeep\n|turn|35\n|inactive|DeathRayKPK has 25 seconds left this turn.\n|inactive|DeathRayKPK has 20 seconds left.\n|c|\u2606etherlords|specs\n|inactive|DeathRayKPK has 15 seconds left.\n|c| DracoShivam|no why earth power\n|\n|t:|1700335910\n|move|p2a: Breloom|Mach Punch|p1a: Garganacl\n|-damage|p1a: Garganacl|58\/100\n|move|p1a: Garganacl|Recover|p1a: Garganacl\n|-heal|p1a: Garganacl|100\/100\n|\n|upkeep\n|turn|36\n|inactive|DeathRayKPK has 25 seconds left this turn.\n|inactive|DeathRayKPK has 20 seconds left.\n|inactive|DeathRayKPK has 15 seconds left.\n|\n|t:|1700335921\n|move|p2a: Breloom|Mach Punch|p1a: Garganacl\n|-crit|p1a: Garganacl\n|-damage|p1a: Garganacl|70\/100\n|move|p1a: Garganacl|Salt Cure|p2a: Breloom\n|-damage|p2a: Breloom|53\/100\n|-start|p2a: Breloom|Salt Cure\n|\n|-heal|p1a: Garganacl|77\/100|[from] item: Leftovers\n|-damage|p2a: Breloom|41\/100|[from] Salt Cure\n|upkeep\n|turn|37\n|inactive|DeathRayKPK has 25 seconds left this turn.\n|c| DracoShivam|ig hes under pressure from timer\n|inactive|DeathRayKPK has 20 seconds left.\n|c|\u2606etherlords|gg\n|\n|t:|1700335931\n|move|p2a: Breloom|Mach Punch|p1a: Garganacl\n|-damage|p1a: Garganacl|56\/100\n|move|p1a: Garganacl|Body Press|p2a: Breloom\n|-damage|p2a: Breloom|4\/100\n|\n|-heal|p1a: Garganacl|62\/100|[from] item: Leftovers\n|-damage|p2a: Breloom|0 fnt|[from] Salt Cure\n|faint|p2a: Breloom\n|upkeep\n|inactive|DeathRayKPK has 25 seconds left this turn.\n|\n|t:|1700335934\n|switch|p2a: Iron Valiant|Iron Valiant|35\/100\n|turn|38\n|inactive|DeathRayKPK has 30 seconds left.\n|\n|t:|1700335945\n|move|p2a: Iron Valiant|Aura Sphere|p1a: Garganacl\n|-crit|p1a: Garganacl\n|-damage|p1a: Garganacl|7\/100\n|move|p1a: Garganacl|Salt Cure|p2a: Iron Valiant\n|-resisted|p2a: Iron Valiant\n|-damage|p2a: Iron Valiant|26\/100\n|-start|p2a: Iron Valiant|Salt Cure\n|\n|-heal|p1a: Garganacl|13\/100|[from] item: Leftovers\n|-damage|p2a: Iron Valiant|13\/100|[from] Salt Cure\n|upkeep\n|turn|39\n|c| DracoShivam|gg\n|inactive|DeathRayKPK has 30 seconds left.\n|\n|t:|1700335954\n|move|p2a: Iron Valiant|Aura Sphere|p1a: Garganacl\n|-damage|p1a: Garganacl|0 fnt\n|faint|p1a: Garganacl\n|\n|-damage|p2a: Iron Valiant|1\/100|[from] Salt Cure\n|upkeep\n|inactive|DeathRayKPK has 30 seconds left.\n|\n|t:|1700335960\n|switch|p1a: Heatran|Heatran, M|100\/100\n|turn|40\n|\n|t:|1700335963\n|move|p2a: Iron Valiant|Aura Sphere|p1a: Heatran\n|-supereffective|p1a: Heatran\n|-damage|p1a: Heatran|31\/100\n|move|p1a: Heatran|Magma Storm|p2a: Iron Valiant\n|-damage|p2a: Iron Valiant|0 fnt\n|faint|p2a: Iron Valiant\n|-end|p2a: Iron Valiant|Quark Drive|[silent]\n|\n|win|DeathRayKPK\n|c|\u2606DeathRayKPK|phew\n|c|\u2606DeathRayKPK|gg\n|c|\u2606DeathRayKPK|that was close\n|l|\u2606etherlords\n|l| DracoShivam\n","uploadtime":1700335977,"views":34,"p1id":"deathraykpk","p2id":"etherlords","formatid":"gen9nationaldex","rating":0,"private":0,"password":""}