{"id":"gen9nationaldex-1991075309","p1":"meimieya","p2":"lonely_small","format":"[Gen 9] National Dex","log":"|j|\u2606meimieya\n|j|\u2606lonely_small\n|t:|1700038894\n|gametype|singles\n|player|p1|meimieya|266|1337\n|player|p2|lonely_small|266|1425\n|teamsize|p1|6\n|teamsize|p2|6\n|gen|9\n|tier|[Gen 9] National Dex\n|rated|\n|rule|HP Percentage Mod: HP is shown in percentages\n|rule|Endless Battle Clause: Forcing endless battles is banned\n|rule|OHKO Clause: OHKO moves are banned\n|rule|Evasion Clause: Evasion abilities, items, and moves are banned\n|rule|Evasion Abilities Clause: Evasion abilities are banned\n|rule|Evasion Items Clause: Evasion items are banned\n|rule|Evasion Moves Clause: Evasion moves are banned\n|rule|Species Clause: Limit one of each Pok\u00e9mon\n|rule|Sleep Clause Mod: Limit one foe put to sleep\n|clearpoke\n|poke|p1|Pelipper, F|\n|poke|p1|Barraskewda, M|\n|poke|p1|Blaziken, M|\n|poke|p1|Swampert, F|\n|poke|p1|Moltres|\n|poke|p1|Kingdra, F|\n|poke|p2|Tyranitar, F|\n|poke|p2|Togedemaru, L1, F|\n|poke|p2|Diancie|\n|poke|p2|Corviknight, F|\n|poke|p2|Dracozolt|\n|poke|p2|Landorus-Therian, M|\n|teampreview\n|\n|t:|1700038911\n|start\n|switch|p1a: Blaziken|Blaziken, M|100\/100\n|switch|p2a: Togedemaru|Togedemaru, L1, F|100\/100\n|turn|1\n|\n|t:|1700038924\n|switch|p1a: Moltres|Moltres|100\/100\n|move|p2a: Togedemaru|Endeavor|p1a: Moltres\n|-damage|p1a: Moltres|4\/100\n|\n|upkeep\n|turn|2\n|\n|t:|1700038933\n|switch|p2a: Tyranitar|Tyranitar, F|100\/100\n|-weather|Sandstorm|[from] ability: Sand Stream|[of] p2a: Tyranitar\n|move|p1a: Moltres|Toxic|p2a: Tyranitar\n|-status|p2a: Tyranitar|tox\n|\n|-weather|Sandstorm|[upkeep]\n|-damage|p1a: Moltres|0 fnt|[from] Sandstorm\n|faint|p1a: Moltres\n|-damage|p2a: Tyranitar|94\/100 tox|[from] psn\n|upkeep\n|\n|t:|1700038942\n|switch|p1a: Blaziken|Blaziken, M|100\/100\n|turn|3\n|\n|t:|1700038955\n|switch|p2a: Landorus|Landorus-Therian, M|100\/100\n|-ability|p2a: Landorus|Intimidate|boost\n|-unboost|p1a: Blaziken|atk|1\n|move|p1a: Blaziken|Focus Energy|p1a: Blaziken\n|-start|p1a: Blaziken|move: Focus Energy\n|\n|-weather|Sandstorm|[upkeep]\n|-damage|p1a: Blaziken|95\/100|[from] Sandstorm\n|-ability|p1a: Blaziken|Speed Boost|boost\n|-boost|p1a: Blaziken|spe|1\n|upkeep\n|turn|4\n|\n|t:|1700038966\n|move|p1a: Blaziken|Overheat|p2a: Landorus\n|-crit|p2a: Landorus\n|-damage|p2a: Landorus|3\/100\n|-unboost|p1a: Blaziken|spa|2\n|-zpower|p2a: Landorus\n|move|p2a: Landorus|Supersonic Skystrike|p1a: Blaziken|[zeffect]\n|-supereffective|p1a: Blaziken\n|-damage|p1a: Blaziken|0 fnt\n|faint|p1a: Blaziken\n|\n|-weather|Sandstorm|[upkeep]\n|upkeep\n|\n|t:|1700038973\n|switch|p1a: Barraskewda|Barraskewda, M, shiny|100\/100\n|turn|5\n|\n|t:|1700038978\n|move|p1a: Barraskewda|Aqua Jet|p2a: Landorus\n|-supereffective|p2a: Landorus\n|-damage|p2a: Landorus|0 fnt\n|faint|p2a: Landorus\n|\n|-weather|Sandstorm|[upkeep]\n|-damage|p1a: Barraskewda|94\/100|[from] Sandstorm\n|upkeep\n|\n|t:|1700038984\n|switch|p2a: Togedemaru|Togedemaru, L1, F|100\/100\n|turn|6\n|\n|t:|1700038986\n|move|p1a: Barraskewda|Aqua Jet|p2a: Togedemaru\n|-ability|p2a: Togedemaru|Sturdy\n|-damage|p2a: Togedemaru|8\/100\n|move|p2a: Togedemaru|Endeavor|p1a: Barraskewda\n|-damage|p1a: Barraskewda|1\/100\n|-heal|p2a: Togedemaru|100\/100|[from] item: Shell Bell|[of] p1a: Barraskewda\n|\n|-weather|Sandstorm|[upkeep]\n|-damage|p1a: Barraskewda|0 fnt|[from] Sandstorm\n|faint|p1a: Barraskewda\n|upkeep\n|-message|meimieya forfeited.\n|\n|win|lonely_small\n|raw|meimieya's rating: 1337 &rarr; <strong>1322<\/strong><br \/>(-15 for losing)\n|raw|lonely_small's rating: 1425 &rarr; <strong>1440<\/strong><br \/>(+15 for winning)\n","uploadtime":1700039002,"views":6,"p1id":"meimieya","p2id":"lonelysmall","formatid":"gen9nationaldex","rating":1322,"private":0,"password":""}