{"id":"gen9nationaldex-1988980509","p1":"FantaShadowRYT","p2":"Motochorro","format":"[Gen 9] National Dex","log":"|j|\u2606FantaShadowRYT\n|j|\u2606Motochorro\n|t:|1699797837\n|gametype|singles\n|player|p1|FantaShadowRYT|wallace|1467\n|player|p2|Motochorro|biker|1626\n|teamsize|p1|6\n|teamsize|p2|6\n|gen|9\n|tier|[Gen 9] National Dex\n|rated|\n|rule|HP Percentage Mod: HP is shown in percentages\n|rule|Endless Battle Clause: Forcing endless battles is banned\n|rule|OHKO Clause: OHKO moves are banned\n|rule|Evasion Clause: Evasion abilities, items, and moves are banned\n|rule|Evasion Abilities Clause: Evasion abilities are banned\n|rule|Evasion Items Clause: Evasion items are banned\n|rule|Evasion Moves Clause: Evasion moves are banned\n|rule|Species Clause: Limit one of each Pok\u00e9mon\n|rule|Sleep Clause Mod: Limit one foe put to sleep\n|clearpoke\n|poke|p1|Blaziken, F|\n|poke|p1|Mantine, M|\n|poke|p1|Venusaur, M|\n|poke|p1|Tyranitar, M|\n|poke|p1|Scizor, M|\n|poke|p1|Nidoking, M|\n|poke|p2|Heatran, M|\n|poke|p2|Gliscor, M|\n|poke|p2|Toxapex, F|\n|poke|p2|Sylveon, F|\n|poke|p2|Corviknight, M|\n|poke|p2|Tangrowth, F|\n|teampreview\n|inactive|Battle timer is ON: inactive players will automatically lose when time's up. (requested by FantaShadowRYT)\n|j| Albion3569\n|c|\u2606FantaShadowRYT|glhf\n|\n|t:|1699797856\n|start\n|switch|p1a: Not Best Oldie|Nidoking, M|100\/100\n|switch|p2a: Heatran|Heatran, M|100\/100\n|turn|1\n|\n|t:|1699797865\n|move|p1a: Not Best Oldie|Thunderbolt|p2a: Heatran\n|-damage|p2a: Heatran|68\/100\n|move|p2a: Heatran|Eruption|p1a: Not Best Oldie\n|-damage|p1a: Not Best Oldie|23\/100\n|\n|upkeep\n|turn|2\n|\n|t:|1699797874\n|switch|p1a: Mega??|Tyranitar, M|100\/100\n|-weather|Sandstorm|[from] ability: Sand Stream|[of] p1a: Mega??\n|switch|p2a: Sylveon|Sylveon, F|100\/100\n|\n|-weather|Sandstorm|[upkeep]\n|-damage|p2a: Sylveon|94\/100|[from] Sandstorm\n|-heal|p2a: Sylveon|100\/100|[from] item: Leftovers\n|upkeep\n|turn|3\n|\n|t:|1699797879\n|move|p1a: Mega??|Knock Off|p2a: Sylveon\n|-resisted|p2a: Sylveon\n|-damage|p2a: Sylveon|73\/100\n|-enditem|p2a: Sylveon|Leftovers|[from] move: Knock Off|[of] p1a: Mega??\n|move|p2a: Sylveon|Hyper Voice|p1a: Mega??\n|-supereffective|p1a: Mega??\n|-damage|p1a: Mega??|66\/100\n|\n|-weather|Sandstorm|[upkeep]\n|-damage|p2a: Sylveon|66\/100|[from] Sandstorm\n|-heal|p1a: Mega??|72\/100|[from] item: Leftovers\n|upkeep\n|turn|4\n|\n|t:|1699797886\n|switch|p2a: Tangrowth|Tangrowth, F|100\/100\n|move|p1a: Mega??|Stealth Rock|p2a: Tangrowth\n|-sidestart|p2: Motochorro|move: Stealth Rock\n|\n|-weather|Sandstorm|[upkeep]\n|-damage|p2a: Tangrowth|94\/100|[from] Sandstorm\n|-heal|p1a: Mega??|78\/100|[from] item: Leftovers\n|upkeep\n|turn|5\n|\n|t:|1699797893\n|switch|p1a: Mega???|Scizor, M|100\/100\n|move|p2a: Tangrowth|Knock Off|p1a: Mega???\n|-damage|p1a: Mega???|90\/100\n|\n|-weather|Sandstorm|[upkeep]\n|-damage|p2a: Tangrowth|88\/100|[from] Sandstorm\n|upkeep\n|turn|6\n|\n|t:|1699797896\n|detailschange|p1a: Mega???|Scizor-Mega, M\n|-mega|p1a: Mega???|Scizor|Scizorite\n|move|p1a: Mega???|U-turn|p2a: Tangrowth\n|-supereffective|p2a: Tangrowth\n|-damage|p2a: Tangrowth|52\/100\n|-damage|p1a: Mega???|74\/100|[from] item: Rocky Helmet|[of] p2a: Tangrowth\n|\n|t:|1699797900\n|switch|p1a: Mega?|Venusaur, M|100\/100|[from] U-turn\n|move|p2a: Tangrowth|Leech Seed|p1a: Mega?\n|-immune|p1a: Mega?\n|\n|-weather|none\n|upkeep\n|turn|7\n|\n|t:|1699797905\n|switch|p2a: Corviknight|Corviknight, M|100\/100\n|-damage|p2a: Corviknight|88\/100|[from] Stealth Rock\n|-ability|p2a: Corviknight|Pressure\n|move|p1a: Mega?|Sleep Powder|p2a: Corviknight\n|-status|p2a: Corviknight|slp|[from] move: Sleep Powder\n|\n|-heal|p2a: Corviknight|94\/100 slp|[from] item: Leftovers\n|upkeep\n|turn|8\n|\n|t:|1699797913\n|switch|p1a: Not Mega|Blaziken, F|100\/100\n|cant|p2a: Corviknight|slp\n|\n|-heal|p2a: Corviknight|100\/100 slp|[from] item: Leftovers\n|upkeep\n|turn|9\n|\n|t:|1699797918\n|switch|p2a: Gliscor|Gliscor, M|100\/100\n|-damage|p2a: Gliscor|88\/100|[from] Stealth Rock\n|move|p1a: Not Mega|Swords Dance|p1a: Not Mega\n|-boost|p1a: Not Mega|atk|2\n|\n|-ability|p1a: Not Mega|Speed Boost|boost\n|-boost|p1a: Not Mega|spe|1\n|-status|p2a: Gliscor|tox|[from] item: Toxic Orb\n|upkeep\n|turn|10\n|\n|t:|1699797923\n|-terastallize|p1a: Not Mega|Grass\n|move|p1a: Not Mega|Swords Dance|p1a: Not Mega\n|-boost|p1a: Not Mega|atk|2\n|move|p2a: Gliscor|Earthquake|p1a: Not Mega\n|-resisted|p1a: Not Mega\n|-damage|p1a: Not Mega|78\/100\n|\n|-heal|p1a: Not Mega|84\/100|[from] item: Leftovers\n|-heal|p2a: Gliscor|100\/100 tox|[from] ability: Poison Heal\n|-ability|p1a: Not Mega|Speed Boost|boost\n|-boost|p1a: Not Mega|spe|1\n|upkeep\n|turn|11\n|\n|t:|1699797930\n|move|p1a: Not Mega|Flare Blitz|p2a: Gliscor\n|-damage|p2a: Gliscor|0 fnt\n|faint|p2a: Gliscor\n|-damage|p1a: Not Mega|45\/100|[from] Recoil\n|\n|-heal|p1a: Not Mega|51\/100|[from] item: Leftovers\n|-ability|p1a: Not Mega|Speed Boost|boost\n|-boost|p1a: Not Mega|spe|1\n|upkeep\n|\n|t:|1699797935\n|switch|p2a: Tangrowth|Tangrowth, F|86\/100\n|-damage|p2a: Tangrowth|73\/100|[from] Stealth Rock\n|turn|12\n|\n|t:|1699797944\n|move|p1a: Not Mega|Close Combat|p2a: Tangrowth\n|-damage|p2a: Tangrowth|0 fnt\n|-unboost|p1a: Not Mega|def|1\n|-unboost|p1a: Not Mega|spd|1\n|-damage|p1a: Not Mega|34\/100|[from] item: Rocky Helmet|[of] p2a: Tangrowth\n|faint|p2a: Tangrowth\n|\n|-heal|p1a: Not Mega|40\/100|[from] item: Leftovers\n|-ability|p1a: Not Mega|Speed Boost|boost\n|-boost|p1a: Not Mega|spe|1\n|upkeep\n|\n|t:|1699797951\n|switch|p2a: Toxapex|Toxapex, F|100\/100\n|-damage|p2a: Toxapex|88\/100|[from] Stealth Rock\n|turn|13\n|\n|t:|1699797953\n|move|p1a: Not Mega|Thunder Punch|p2a: Toxapex\n|-supereffective|p2a: Toxapex\n|-damage|p2a: Toxapex|0 fnt\n|faint|p2a: Toxapex\n|\n|-heal|p1a: Not Mega|46\/100|[from] item: Leftovers\n|-ability|p1a: Not Mega|Speed Boost|boost\n|-boost|p1a: Not Mega|spe|1\n|upkeep\n|-message|Motochorro forfeited.\n|\n|win|FantaShadowRYT\n|raw|FantaShadowRYT's rating: 1467 &rarr; <strong>1496<\/strong><br \/>(+29 for winning)\n|raw|Motochorro's rating: 1626 &rarr; <strong>1597<\/strong><br \/>(-29 for losing)\n|l|\u2606Motochorro\n|c|\u2606FantaShadowRYT|blaziken moment\n|l| Albion3569\n","uploadtime":1699797962,"views":9,"p1id":"fantashadowryt","p2id":"motochorro","formatid":"gen9nationaldex","rating":1496,"private":0,"password":""}