{"id":"gen9nationaldex-1996264295","p1":"Aesiro13","p2":"Feuertraene","format":"[Gen 9] National Dex","log":"|j|\u2606Aesiro13\n|j|\u2606Feuertraene\n|inactive|Battle timer is ON: inactive players will automatically lose when time's up.\n|t:|1700665412\n|gametype|singles\n|player|p1|Aesiro13|giacomo|\n|player|p2|Feuertraene|cynthia-gen4|\n|teamsize|p1|6\n|teamsize|p2|6\n|gen|9\n|tier|[Gen 9] National Dex\n|rated|Tournament battle\n|rule|HP Percentage Mod: HP is shown in percentages\n|rule|Endless Battle Clause: Forcing endless battles is banned\n|rule|OHKO Clause: OHKO moves are banned\n|rule|Evasion Clause: Evasion abilities, items, and moves are banned\n|rule|Evasion Abilities Clause: Evasion abilities are banned\n|rule|Evasion Items Clause: Evasion items are banned\n|rule|Evasion Moves Clause: Evasion moves are banned\n|rule|Species Clause: Limit one of each Pok\u00e9mon\n|rule|Sleep Clause Mod: Limit one foe put to sleep\n|clearpoke\n|poke|p1|Sneasler, M|\n|poke|p1|Samurott-Hisui, M|\n|poke|p1|Glimmora, M|\n|poke|p1|Iron Valiant|\n|poke|p1|Corviknight, M|\n|poke|p1|Volcarona, F|\n|poke|p2|Tapu Koko|\n|poke|p2|Pelipper, F|\n|poke|p2|Swampert, F|\n|poke|p2|Iron Bundle|\n|poke|p2|Ferrothorn, F|\n|poke|p2|Barraskewda, F|\n|teampreview\n|inactive|Feuertraene also wants the timer to be on.\n|inactive|Feuertraene has 120 seconds left.\n|j|+Avaritia~!\n|\n|t:|1700665450\n|start\n|switch|p1a: Iron Valiant|Iron Valiant, shiny|100\/100\n|switch|p2a: Swampert|Swampert, F|100\/100\n|turn|1\n|\n|t:|1700665459\n|switch|p2a: Ferrothorn|Ferrothorn, F|100\/100\n|move|p1a: Iron Valiant|Moonblast|p2a: Ferrothorn\n|-resisted|p2a: Ferrothorn\n|-damage|p2a: Ferrothorn|73\/100\n|-unboost|p2a: Ferrothorn|spa|1\n|\n|-heal|p2a: Ferrothorn|79\/100|[from] item: Leftovers\n|upkeep\n|turn|2\n|j| test account dl\n|l| test account dl\n|j|+sealoo\n|\n|t:|1700665487\n|-end|p1a: Iron Valiant|Quark Drive|[silent]\n|switch|p1a: Samurott|Samurott-Hisui, M, shiny|100\/100\n|move|p2a: Ferrothorn|Spikes|p1a: Samurott\n|-sidestart|p1: Aesiro13|Spikes\n|\n|-heal|p2a: Ferrothorn|85\/100|[from] item: Leftovers\n|upkeep\n|turn|3\n|j| test account dl\n|\n|t:|1700665492\n|move|p1a: Samurott|Sacred Sword|p2a: Ferrothorn\n|-supereffective|p2a: Ferrothorn\n|-damage|p2a: Ferrothorn|38\/100\n|-damage|p1a: Samurott|88\/100|[from] ability: Iron Barbs|[of] p2a: Ferrothorn\n|move|p2a: Ferrothorn|Iron Defense|p2a: Ferrothorn\n|-boost|p2a: Ferrothorn|def|2\n|\n|-heal|p2a: Ferrothorn|45\/100|[from] item: Leftovers\n|upkeep\n|turn|4\n|\n|t:|1700665505\n|switch|p2a: Pelipper|Pelipper, F|100\/100\n|-weather|RainDance|[from] ability: Drizzle|[of] p2a: Pelipper\n|move|p1a: Samurott|Sacred Sword|p2a: Pelipper\n|-resisted|p2a: Pelipper\n|-damage|p2a: Pelipper|84\/100\n|\n|-weather|RainDance|[upkeep]\n|upkeep\n|turn|5\n|\n|t:|1700665521\n|switch|p1a: Mine Shining|Corviknight, M, shiny|100\/100\n|move|p2a: Pelipper|U-turn|p1a: Mine Shining\n|-resisted|p1a: Mine Shining\n|-damage|p1a: Mine Shining|99\/100\n|\n|t:|1700665534\n|switch|p2a: Iron Bundle|Iron Bundle|100\/100|[from] U-turn\n|\n|-weather|RainDance|[upkeep]\n|-heal|p1a: Mine Shining|100\/100|[from] item: Leftovers\n|upkeep\n|turn|6\n|\n|t:|1700665558\n|move|p2a: Iron Bundle|Hydro Pump|p1a: Mine Shining\n|-damage|p1a: Mine Shining|0 fnt\n|faint|p1a: Mine Shining\n|\n|-weather|RainDance|[upkeep]\n|upkeep\n|\n|t:|1700665564\n|switch|p1a: discombobulate|Sneasler, M, shiny|100\/100\n|-damage|p1a: discombobulate|88\/100|[from] Spikes\n|turn|7\n|\n|t:|1700665574\n|-end|p2a: Iron Bundle|Quark Drive|[silent]\n|switch|p2a: Ferrothorn|Ferrothorn, F|45\/100\n|move|p1a: discombobulate|Fake Out|p2a: Ferrothorn\n|-enditem|p1a: discombobulate|Normal Gem|[from] gem\n|-resisted|p2a: Ferrothorn\n|-damage|p2a: Ferrothorn|39\/100\n|-damage|p1a: discombobulate|76\/100|[from] ability: Iron Barbs|[of] p2a: Ferrothorn\n|\n|-weather|RainDance|[upkeep]\n|-heal|p2a: Ferrothorn|45\/100|[from] item: Leftovers\n|upkeep\n|turn|8\n|\n|t:|1700665603\n|move|p1a: discombobulate|Close Combat|p2a: Ferrothorn\n|-supereffective|p2a: Ferrothorn\n|-damage|p2a: Ferrothorn|0 fnt\n|-unboost|p1a: discombobulate|def|1\n|-unboost|p1a: discombobulate|spd|1\n|-damage|p1a: discombobulate|64\/100|[from] ability: Iron Barbs|[of] p2a: Ferrothorn\n|faint|p2a: Ferrothorn\n|\n|-weather|RainDance|[upkeep]\n|upkeep\n|\n|t:|1700665606\n|switch|p2a: Barraskewda|Barraskewda, F|100\/100\n|turn|9\n|\n|t:|1700665616\n|-terastallize|p1a: discombobulate|Flying\n|move|p1a: discombobulate|Close Combat|p2a: Barraskewda\n|-damage|p2a: Barraskewda|0 fnt\n|-unboost|p1a: discombobulate|def|1\n|-unboost|p1a: discombobulate|spd|1\n|faint|p2a: Barraskewda\n|\n|-weather|RainDance|[upkeep]\n|upkeep\n|c|\u2606Aesiro13|huh\n|c|\u2606Feuertraene|you are jolly?\n|\n|t:|1700665640\n|switch|p2a: Pelipper|Pelipper, F|84\/100\n|turn|10\n|c|\u2606Aesiro13|yeah\n|\n|t:|1700665647\n|move|p1a: discombobulate|Acrobatics|p2a: Pelipper\n|-damage|p2a: Pelipper|43\/100\n|move|p2a: Pelipper|Scald|p1a: discombobulate\n|-damage|p1a: discombobulate|0 fnt\n|faint|p1a: discombobulate\n|\n|-weather|RainDance|[upkeep]\n|upkeep\n|c|\u2606Feuertraene|why though? You only outspeed adamant barraskewda\n|\n|t:|1700665661\n|switch|p1a: Iron Valiant|Iron Valiant, shiny|100\/100\n|-damage|p1a: Iron Valiant|88\/100|[from] Spikes\n|turn|11\n|c|\u2606Aesiro13|idk honestly\n|\n|t:|1700665680\n|switch|p2a: Iron Bundle|Iron Bundle|100\/100\n|move|p1a: Iron Valiant|Moonblast|p2a: Iron Bundle\n|-crit|p2a: Iron Bundle\n|-damage|p2a: Iron Bundle|0 fnt\n|faint|p2a: Iron Bundle\n|-end|p2a: Iron Bundle|Quark Drive|[silent]\n|\n|-weather|none\n|upkeep\n|\n|t:|1700665685\n|switch|p2a: Pelipper|Pelipper, F|43\/100\n|-weather|RainDance|[from] ability: Drizzle|[of] p2a: Pelipper\n|turn|12\n|\n|t:|1700665688\n|move|p1a: Iron Valiant|Moonblast|p2a: Pelipper\n|-damage|p2a: Pelipper|0 fnt\n|faint|p2a: Pelipper\n|\n|-weather|RainDance|[upkeep]\n|upkeep\n|\n|t:|1700665690\n|switch|p2a: Swampert|Swampert, F|100\/100\n|turn|13\n|\n|t:|1700665694\n|detailschange|p2a: Swampert|Swampert-Mega, F\n|-mega|p2a: Swampert|Swampert|Swampertite\n|move|p2a: Swampert|Liquidation|p1a: Iron Valiant\n|-damage|p1a: Iron Valiant|0 fnt\n|faint|p1a: Iron Valiant\n|-end|p1a: Iron Valiant|Quark Drive|[silent]\n|\n|-weather|RainDance|[upkeep]\n|upkeep\n|\n|t:|1700665706\n|switch|p1a: Glimmora|Glimmora, M|100\/100\n|-damage|p1a: Glimmora|88\/100|[from] Spikes\n|turn|14\n|\n|t:|1700665711\n|move|p1a: Glimmora|Spiky Shield|p1a: Glimmora\n|-singleturn|p1a: Glimmora|move: Protect\n|move|p2a: Swampert|Liquidation|p1a: Glimmora\n|-activate|p1a: Glimmora|move: Protect\n|-damage|p2a: Swampert|88\/100|[from] Spiky Shield|[of] p1a: Glimmora\n|\n|-weather|RainDance|[upkeep]\n|-heal|p1a: Glimmora|94\/100|[from] item: Leftovers\n|upkeep\n|turn|15\n|\n|t:|1700665716\n|move|p2a: Swampert|Liquidation|p1a: Glimmora\n|-supereffective|p1a: Glimmora\n|-damage|p1a: Glimmora|0 fnt\n|-activate|p1a: Glimmora|ability: Toxic Debris\n|-sidestart|p2: Feuertraene|move: Toxic Spikes\n|faint|p1a: Glimmora\n|\n|-weather|RainDance|[upkeep]\n|upkeep\n|\n|t:|1700665722\n|switch|p1a: Samurott|Samurott-Hisui, M, shiny|88\/100\n|-damage|p1a: Samurott|76\/100|[from] Spikes\n|turn|16\n|\n|t:|1700665731\n|move|p2a: Swampert|Earthquake|p1a: Samurott\n|-damage|p1a: Samurott|5\/100\n|move|p1a: Samurott|Razor Shell|p2a: Swampert\n|-damage|p2a: Swampert|14\/100\n|-unboost|p2a: Swampert|def|1\n|\n|-weather|RainDance|[upkeep]\n|upkeep\n|turn|17\n|\n|t:|1700665738\n|move|p2a: Swampert|Liquidation|p1a: Samurott\n|-resisted|p1a: Samurott\n|-damage|p1a: Samurott|0 fnt\n|faint|p1a: Samurott\n|\n|-weather|RainDance|[upkeep]\n|upkeep\n|\n|t:|1700665742\n|switch|p1a: Volcarona|Volcarona, F, shiny|100\/100\n|turn|18\n|c|\u2606Aesiro13|you did well man\n|c|\u2606Aesiro13|good game :D\n|\n|t:|1700665761\n|move|p2a: Swampert|Liquidation|p1a: Volcarona\n|-supereffective|p1a: Volcarona\n|-damage|p1a: Volcarona|0 fnt\n|-status|p2a: Swampert|brn|[from] ability: Flame Body|[of] p1a: Volcarona\n|faint|p1a: Volcarona\n|\n|win|Feuertraene\n|n|\u2606Aesiro13|aesiro13\n|n|\u2606Feuertraene|feuertraene\n|n|+Avaritia~!|avaritia\n|n| sealoo|sealoo\n|n| test account dl|testaccountdl\n","uploadtime":1700665762,"views":0,"p1id":"aesiro13","p2id":"feuertraene","formatid":"gen9nationaldex","rating":0,"private":0,"password":""}