{"id":"gen9nationaldex-1990314880","p1":"Magnezone42","p2":"DJRRRR","format":"[Gen 9] National Dex","log":"|j|\u2606Magnezone42\n|j|\u2606DJRRRR\n|t:|1699955430\n|gametype|singles\n|player|p1|Magnezone42|hiker-gen4|1240\n|player|p2|DJRRRR|roxie|1222\n|teamsize|p1|6\n|teamsize|p2|6\n|gen|9\n|tier|[Gen 9] National Dex\n|rated|\n|rule|HP Percentage Mod: HP is shown in percentages\n|rule|Endless Battle Clause: Forcing endless battles is banned\n|rule|OHKO Clause: OHKO moves are banned\n|rule|Evasion Clause: Evasion abilities, items, and moves are banned\n|rule|Evasion Abilities Clause: Evasion abilities are banned\n|rule|Evasion Items Clause: Evasion items are banned\n|rule|Evasion Moves Clause: Evasion moves are banned\n|rule|Species Clause: Limit one of each Pok\u00e9mon\n|rule|Sleep Clause Mod: Limit one foe put to sleep\n|clearpoke\n|poke|p1|Tapu Koko|\n|poke|p1|Iron Moth|\n|poke|p1|Iron Valiant|\n|poke|p1|Greninja-*, M|\n|poke|p1|Ferrothorn, M|\n|poke|p1|Scizor, M|\n|poke|p2|Zeraora|\n|poke|p2|Greninja-*, M|\n|poke|p2|Kartana|\n|poke|p2|Nidoking, M|\n|poke|p2|Dragonite, F|\n|poke|p2|Banette, F|\n|teampreview\n|inactive|Battle timer is ON: inactive players will automatically lose when time's up. (requested by DJRRRR)\n|\n|t:|1699955438\n|start\n|switch|p1a: Ferrothorn|Ferrothorn, M|100\/100\n|switch|p2a: Zeraora|Zeraora|100\/100\n|turn|1\n|\n|t:|1699955444\n|move|p2a: Zeraora|Taunt|p1a: Ferrothorn\n|-start|p1a: Ferrothorn|move: Taunt\n|cant|p1a: Ferrothorn|move: Taunt|Stealth Rock\n|\n|upkeep\n|turn|2\n|\n|t:|1699955462\n|switch|p2a: Kartana|Kartana|100\/100\n|switch|p1a: Scizor|Scizor, M|100\/100\n|\n|upkeep\n|turn|3\n|\n|t:|1699955477\n|detailschange|p1a: Scizor|Scizor-Mega, M\n|-mega|p1a: Scizor|Scizor|Scizorite\n|move|p2a: Kartana|Swords Dance|p2a: Kartana\n|-boost|p2a: Kartana|atk|2\n|move|p1a: Scizor|X-Scissor|p2a: Kartana\n|-damage|p2a: Kartana|46\/100\n|\n|upkeep\n|turn|4\n|\n|t:|1699955491\n|-zpower|p2a: Kartana\n|move|p2a: Kartana|Breakneck Blitz|p1a: Scizor|[zeffect]\n|-resisted|p1a: Scizor\n|-damage|p1a: Scizor|52\/100\n|move|p1a: Scizor|X-Scissor|p2a: Kartana\n|-damage|p2a: Kartana|0 fnt\n|faint|p2a: Kartana\n|\n|upkeep\n|inactive|DJRRRR has 120 seconds left.\n|\n|t:|1699955512\n|switch|p2a: Nidoking|Nidoking, M|100\/100\n|turn|5\n|inactive|DJRRRR has 120 seconds left.\n|\n|t:|1699955528\n|switch|p1a: Ferrothorn|Ferrothorn, M|100\/100\n|move|p2a: Nidoking|Flamethrower|p1a: Ferrothorn\n|-supereffective|p1a: Ferrothorn\n|-damage|p1a: Ferrothorn|0 fnt\n|faint|p1a: Ferrothorn\n|\n|upkeep\n|\n|t:|1699955535\n|switch|p1a: Iron Valiant|Iron Valiant|100\/100\n|turn|6\n|\n|t:|1699955543\n|move|p1a: Iron Valiant|Psycho Cut|p2a: Nidoking\n|-supereffective|p2a: Nidoking\n|-damage|p2a: Nidoking|36\/100\n|move|p2a: Nidoking|Sludge Wave|p1a: Iron Valiant\n|-supereffective|p1a: Iron Valiant\n|-enditem|p1a: Iron Valiant|Focus Sash\n|-damage|p1a: Iron Valiant|1\/100\n|\n|upkeep\n|turn|7\n|\n|t:|1699955550\n|switch|p2a: Greninja|Greninja, M|100\/100\n|move|p1a: Iron Valiant|Psycho Cut|p2a: Greninja\n|-immune|p2a: Greninja\n|\n|upkeep\n|turn|8\n|\n|t:|1699955562\n|-terastallize|p2a: Greninja|Water\n|move|p2a: Greninja|Surf|p1a: Iron Valiant\n|-damage|p1a: Iron Valiant|0 fnt\n|faint|p1a: Iron Valiant\n|-end|p1a: Iron Valiant|Quark Drive|[silent]\n|-ability|p2a: Greninja|Battle Bond|boost\n|-boost|p2a: Greninja|atk|1\n|-boost|p2a: Greninja|spa|1\n|-boost|p2a: Greninja|spe|1\n|-activate|p2a: Greninja|ability: Battle Bond\n|-damage|p2a: Greninja|91\/100|[from] item: Life Orb\n|\n|upkeep\n|\n|t:|1699955571\n|switch|p1a: Tapu Koko|Tapu Koko|100\/100\n|-fieldstart|move: Electric Terrain|[from] ability: Electric Surge|[of] p1a: Tapu Koko\n|turn|9\n|\n|t:|1699955587\n|move|p2a: Greninja|Surf|p1a: Tapu Koko\n|-damage|p1a: Tapu Koko|0 fnt\n|faint|p1a: Tapu Koko\n|-damage|p2a: Greninja|81\/100|[from] item: Life Orb\n|\n|upkeep\n|\n|t:|1699955594\n|switch|p1a: Iron Moth|Iron Moth|100\/100\n|-activate|p1a: Iron Moth|ability: Quark Drive\n|-start|p1a: Iron Moth|quarkdrivespa\n|turn|10\n|\n|t:|1699955603\n|-terastallize|p1a: Iron Moth|Flying\n|move|p2a: Greninja|Protect|p2a: Greninja\n|-singleturn|p2a: Greninja|Protect\n|move|p1a: Iron Moth|Energy Ball|p2a: Greninja\n|-activate|p2a: Greninja|move: Protect\n|\n|upkeep\n|turn|11\n|\n|t:|1699955612\n|move|p2a: Greninja|Surf|p1a: Iron Moth\n|-damage|p1a: Iron Moth|0 fnt\n|faint|p1a: Iron Moth\n|-end|p1a: Iron Moth|Quark Drive|[silent]\n|-damage|p2a: Greninja|71\/100|[from] item: Life Orb\n|\n|upkeep\n|-message|Magnezone42 forfeited.\n|\n|win|DJRRRR\n|raw|Magnezone42's rating: 1240 &rarr; <strong>1214<\/strong><br \/>(-26 for losing)\n|raw|DJRRRR's rating: 1222 &rarr; <strong>1248<\/strong><br \/>(+26 for winning)\n|l|\u2606Magnezone42\n","uploadtime":1699955623,"views":5,"p1id":"magnezone42","p2id":"djrrrr","formatid":"gen9nationaldex","rating":1214,"private":0,"password":""}