{"id":"gen9nationaldex-1999256518","p1":"monsterapper","p2":"susu uwu==-","format":"[Gen 9] National Dex","log":"|html|<div class=\"broadcast-blue\"><strong>[Gen 9] National Dex is currently suspecting Sneasler! For information on how to participate check out the <a href=\"https:\/\/www.smogon.com\/forums\/threads\/sv-national-dex-suspect-8-just-dance.3731534\/\">suspect thread<\/a>.<\/strong><\/div>\n|j|\u2606monsterapper\n|j|\u2606susu uwu==-\n|t:|1701051489\n|gametype|singles\n|player|p1|monsterapper|veteran|1315\n|player|p2|susu uwu==-|volkner|1300\n|teamsize|p1|6\n|teamsize|p2|6\n|gen|9\n|tier|[Gen 9] National Dex\n|rated|\n|rule|HP Percentage Mod: HP is shown in percentages\n|rule|Endless Battle Clause: Forcing endless battles is banned\n|rule|OHKO Clause: OHKO moves are banned\n|rule|Evasion Clause: Evasion abilities, items, and moves are banned\n|rule|Evasion Abilities Clause: Evasion abilities are banned\n|rule|Evasion Items Clause: Evasion items are banned\n|rule|Evasion Moves Clause: Evasion moves are banned\n|rule|Species Clause: Limit one of each Pok\u00e9mon\n|rule|Sleep Clause Mod: Limit one foe put to sleep\n|clearpoke\n|poke|p1|Lopunny, F|\n|poke|p1|Zoroark-Hisui, F|\n|poke|p1|Blissey, F|\n|poke|p1|Ditto|\n|poke|p1|Staraptor, F|\n|poke|p1|Ursaluna, M|\n|poke|p2|Ogerpon-Wellspring, F|\n|poke|p2|Garganacl, F|\n|poke|p2|Slowbro, M|\n|poke|p2|Ferrothorn, M|\n|poke|p2|Slither Wing|\n|poke|p2|Gliscor, F|\n|teampreview\n|inactive|Battle timer is ON: inactive players will automatically lose when time's up. (requested by susu uwu==-)\n|\n|t:|1701051519\n|start\n|switch|p1a: Shang Tsung|Ditto|100\/100\n|switch|p2a: Slither Wing|Slither Wing|100\/100\n|-transform|p1a: Shang Tsung|p2a: Slither Wing|[from] ability: Imposter\n|-enditem|p2a: Slither Wing|Booster Energy\n|-activate|p2a: Slither Wing|ability: Protosynthesis|[fromitem]\n|-start|p2a: Slither Wing|protosynthesisatk\n|turn|1\n|\n|t:|1701051536\n|move|p1a: Shang Tsung|First Impression|p2a: Slither Wing\n|-resisted|p2a: Slither Wing\n|-crit|p2a: Slither Wing\n|-damage|p2a: Slither Wing|55\/100\n|move|p2a: Slither Wing|Trailblaze|p1a: Shang Tsung\n|-resisted|p1a: Shang Tsung\n|-damage|p1a: Shang Tsung|84\/100\n|-boost|p2a: Slither Wing|spe|1\n|\n|upkeep\n|turn|2\n|\n|t:|1701051545\n|-end|p1a: Shang Tsung|Protosynthesis|[silent]\n|switch|p1a: DemonDice|Staraptor, F|100\/100\n|-ability|p1a: DemonDice|Intimidate|boost\n|-unboost|p2a: Slither Wing|atk|1\n|move|p2a: Slither Wing|Bulk Up|p2a: Slither Wing\n|-boost|p2a: Slither Wing|atk|1\n|-boost|p2a: Slither Wing|def|1\n|\n|upkeep\n|turn|3\n|\n|t:|1701051561\n|-end|p2a: Slither Wing|Protosynthesis|[silent]\n|switch|p2a: Slowbro|Slowbro, M|100\/100\n|move|p1a: DemonDice|U-turn|p2a: Slowbro\n|-supereffective|p2a: Slowbro\n|-damage|p2a: Slowbro|78\/100\n|\n|t:|1701051566\n|switch|p1a: Oliver|Ursaluna, M|100\/100|[from] U-turn\n|\n|-status|p1a: Oliver|brn|[from] item: Flame Orb\n|upkeep\n|turn|4\n|\n|t:|1701051578\n|detailschange|p2a: Slowbro|Slowbro-Mega, M\n|-mega|p2a: Slowbro|Slowbro|Slowbronite\n|move|p1a: Oliver|Facade|p2a: Slowbro\n|-damage|p2a: Slowbro|30\/100\n|move|p2a: Slowbro|Curse|p2a: Slowbro\n|-unboost|p2a: Slowbro|spe|1\n|-boost|p2a: Slowbro|atk|1\n|-boost|p2a: Slowbro|def|1\n|\n|-damage|p1a: Oliver|94\/100 brn|[from] brn\n|upkeep\n|turn|5\n|\n|t:|1701051587\n|move|p1a: Oliver|Facade|p2a: Slowbro\n|-damage|p2a: Slowbro|0 fnt\n|faint|p2a: Slowbro\n|\n|-damage|p1a: Oliver|88\/100 brn|[from] brn\n|upkeep\n|\n|t:|1701051595\n|switch|p2a: Slither Wing|Slither Wing|55\/100\n|turn|6\n|\n|t:|1701051599\n|switch|p1a: DemonDice|Staraptor, F|100\/100\n|-ability|p1a: DemonDice|Intimidate|boost\n|-unboost|p2a: Slither Wing|atk|1\n|move|p2a: Slither Wing|Close Combat|p1a: DemonDice\n|-damage|p1a: DemonDice|66\/100\n|-unboost|p2a: Slither Wing|def|1\n|-unboost|p2a: Slither Wing|spd|1\n|\n|upkeep\n|turn|7\n|\n|t:|1701051608\n|move|p2a: Slither Wing|Close Combat|p1a: DemonDice\n|-damage|p1a: DemonDice|33\/100\n|-unboost|p2a: Slither Wing|def|1\n|-unboost|p2a: Slither Wing|spd|1\n|move|p1a: DemonDice|U-turn|p2a: Slither Wing\n|-resisted|p2a: Slither Wing\n|-damage|p2a: Slither Wing|32\/100\n|\n|t:|1701051616\n|switch|p1a: Miruko|Lopunny, F|100\/100|[from] U-turn\n|\n|upkeep\n|turn|8\n|\n|t:|1701051622\n|-end|p2a: Slither Wing|Protosynthesis|[silent]\n|switch|p2a: Ferrothorn|Ferrothorn, M|100\/100\n|move|p1a: Miruko|Hyper Voice|p2a: Ferrothorn\n|-resisted|p2a: Ferrothorn\n|-crit|p2a: Ferrothorn\n|-damage|p2a: Ferrothorn|75\/100\n|\n|-heal|p2a: Ferrothorn|81\/100|[from] item: Leftovers\n|upkeep\n|turn|9\n|\n|t:|1701051629\n|move|p2a: Ferrothorn|Protect|p2a: Ferrothorn\n|-singleturn|p2a: Ferrothorn|Protect\n|move|p1a: Miruko|Flamethrower|p2a: Ferrothorn\n|-activate|p2a: Ferrothorn|move: Protect\n|\n|-heal|p2a: Ferrothorn|87\/100|[from] item: Leftovers\n|upkeep\n|turn|10\n|\n|t:|1701051636\n|switch|p2a: Garganacl|Garganacl, F|100\/100\n|move|p1a: Miruko|Flamethrower|p2a: Garganacl\n|-resisted|p2a: Garganacl\n|-damage|p2a: Garganacl|87\/100\n|\n|-heal|p2a: Garganacl|93\/100|[from] item: Leftovers\n|upkeep\n|turn|11\n|\n|t:|1701051646\n|switch|p1a: Tamago|Blissey, F|100\/100\n|move|p2a: Garganacl|Protect||[still]\n|-fail|p2a: Garganacl\n|\n|-heal|p2a: Garganacl|99\/100|[from] item: Leftovers\n|upkeep\n|turn|12\n|\n|t:|1701051652\n|move|p2a: Garganacl|Salt Cure|p1a: Tamago\n|-damage|p1a: Tamago|89\/100\n|-start|p1a: Tamago|Salt Cure\n|move|p1a: Tamago|Teleport|p1a: Tamago\n|\n|t:|1701051657\n|switch|p1a: Oliver|Ursaluna, M|88\/100 brn|[from] Teleport\n|\n|-heal|p2a: Garganacl|100\/100|[from] item: Leftovers\n|-damage|p1a: Oliver|82\/100 brn|[from] brn\n|upkeep\n|turn|13\n|\n|t:|1701051663\n|switch|p2a: Ferrothorn|Ferrothorn, M|87\/100\n|move|p1a: Oliver|Swords Dance|p1a: Oliver\n|-boost|p1a: Oliver|atk|2\n|\n|-heal|p2a: Ferrothorn|94\/100|[from] item: Leftovers\n|-damage|p1a: Oliver|75\/100 brn|[from] brn\n|upkeep\n|turn|14\n|\n|t:|1701051672\n|move|p2a: Ferrothorn|Protect|p2a: Ferrothorn\n|-singleturn|p2a: Ferrothorn|Protect\n|move|p1a: Oliver|Fire Punch|p2a: Ferrothorn\n|-activate|p2a: Ferrothorn|move: Protect\n|\n|-heal|p2a: Ferrothorn|99\/100|[from] item: Leftovers\n|-damage|p1a: Oliver|69\/100 brn|[from] brn\n|upkeep\n|turn|15\n|\n|t:|1701051679\n|switch|p2a: Slither Wing|Slither Wing|32\/100\n|move|p1a: Oliver|Facade|p2a: Slither Wing\n|-damage|p2a: Slither Wing|0 fnt\n|faint|p2a: Slither Wing\n|-end|p2a: Slither Wing|Protosynthesis|[silent]\n|\n|-damage|p1a: Oliver|63\/100 brn|[from] brn\n|upkeep\n|\n|t:|1701051682\n|switch|p2a: Ogerpon|Ogerpon-Wellspring, F|100\/100\n|turn|16\n|\n|t:|1701051689\n|-terastallize|p2a: Ogerpon|Water\n|detailschange|p2a: Ogerpon|Ogerpon-Wellspring-Tera, F, tera:Water\n|-ability|p2a: Ogerpon|Embody Aspect (Wellspring)|boost\n|-boost|p2a: Ogerpon|spd|1\n|-terastallize|p1a: Oliver|Grass\n|move|p2a: Ogerpon|Ivy Cudgel|p1a: Oliver|[anim] Ivy Cudgel Water\n|-resisted|p1a: Oliver\n|-damage|p1a: Oliver|36\/100 brn\n|move|p1a: Oliver|Facade|p2a: Ogerpon\n|-damage|p2a: Ogerpon|0 fnt\n|faint|p2a: Ogerpon\n|\n|-damage|p1a: Oliver|30\/100 brn|[from] brn\n|upkeep\n|-message|susu uwu==- forfeited.\n|\n|win|monsterapper\n|raw|monsterapper's rating: 1315 &rarr; <strong>1334<\/strong><br \/>(+19 for winning)\n|raw|susu uwu==-'s rating: 1300 &rarr; <strong>1276<\/strong><br \/>(-24 for losing)\n|l|\u2606susu uwu==-\n","uploadtime":1701051718,"views":2,"p1id":"monsterapper","p2id":"susuuwu","formatid":"gen9nationaldex","rating":1276,"private":0,"password":""}