{"id":"gen9nationaldex-1989265365","p1":"Oxxo_ntsm","p2":"JesusPizzaCrusher","format":"[Gen 9] National Dex","log":"|j|\u2606Oxxo_ntsm\n|j|\u2606JesusPizzaCrusher\n|t:|1699829639\n|gametype|singles\n|player|p1|Oxxo_ntsm|hilbert-wonderlauncher|\n|player|p2|JesusPizzaCrusher|hugh|\n|teamsize|p1|6\n|teamsize|p2|6\n|gen|9\n|tier|[Gen 9] National Dex\n|rule|HP Percentage Mod: HP is shown in percentages\n|rule|Endless Battle Clause: Forcing endless battles is banned\n|rule|OHKO Clause: OHKO moves are banned\n|rule|Evasion Clause: Evasion abilities, items, and moves are banned\n|rule|Evasion Abilities Clause: Evasion abilities are banned\n|rule|Evasion Items Clause: Evasion items are banned\n|rule|Evasion Moves Clause: Evasion moves are banned\n|rule|Species Clause: Limit one of each Pok\u00e9mon\n|rule|Sleep Clause Mod: Limit one foe put to sleep\n|clearpoke\n|poke|p1|Charizard, M|\n|poke|p1|Volcarona, F|\n|poke|p1|Victini|\n|poke|p1|Ceruledge, M|\n|poke|p1|Chandelure, F|\n|poke|p1|Flareon, M|\n|poke|p2|Scizor, F|\n|poke|p2|Volcarona, F|\n|poke|p2|Pinsir, F|\n|poke|p2|Lokix, F|\n|poke|p2|Galvantula, F|\n|poke|p2|Araquanid, F|\n|teampreview\n|inactive|Battle timer is ON: inactive players will automatically lose when time's up. (requested by Oxxo_ntsm)\n|\n|t:|1699829667\n|start\n|switch|p1a: Nacho|Flareon, M|100\/100\n|switch|p2a: Galvantula|Galvantula, F, shiny|100\/100\n|turn|1\n|j| Jor99fran\n|\n|t:|1699829680\n|move|p2a: Galvantula|Thunder Wave|p1a: Nacho\n|-status|p1a: Nacho|par\n|move|p1a: Nacho|Flare Blitz|p2a: Galvantula\n|-supereffective|p2a: Galvantula\n|-enditem|p2a: Galvantula|Focus Sash\n|-damage|p2a: Galvantula|1\/100\n|-damage|p1a: Nacho|73\/100 par|[from] Recoil\n|\n|-heal|p1a: Nacho|79\/100 par|[from] item: Leftovers\n|upkeep\n|turn|2\n|c| Jor99fran|hola\n|c|\u2606JesusPizzaCrusher|hola\n|\n|t:|1699829693\n|move|p2a: Galvantula|Sticky Web|p1a: Nacho\n|-sidestart|p1: Oxxo_ntsm|move: Sticky Web\n|cant|p1a: Nacho|par\n|\n|-heal|p1a: Nacho|85\/100 par|[from] item: Leftovers\n|upkeep\n|turn|3\n|\n|t:|1699829700\n|move|p2a: Galvantula|Bug Buzz|p1a: Nacho\n|-resisted|p1a: Nacho\n|-damage|p1a: Nacho|71\/100 par\n|move|p1a: Nacho|Return|p2a: Galvantula\n|-damage|p2a: Galvantula|0 fnt\n|faint|p2a: Galvantula\n|\n|-heal|p1a: Nacho|77\/100 par|[from] item: Leftovers\n|upkeep\n|\n|t:|1699829723\n|switch|p2a: Volcarona|Volcarona, F|100\/100\n|turn|4\n|\n|t:|1699829729\n|-terastallize|p2a: Volcarona|Fire\n|move|p2a: Volcarona|Quiver Dance|p2a: Volcarona\n|-boost|p2a: Volcarona|spa|1\n|-boost|p2a: Volcarona|spd|1\n|-boost|p2a: Volcarona|spe|1\n|move|p1a: Nacho|Toxic|p2a: Volcarona\n|-status|p2a: Volcarona|tox\n|\n|-heal|p1a: Nacho|83\/100 par|[from] item: Leftovers\n|-damage|p2a: Volcarona|94\/100 tox|[from] psn\n|upkeep\n|turn|5\n|c|\u2606JesusPizzaCrusher|A-\n|c| Jor99fran|pq no carga la musica?\n|\n|t:|1699829749\n|move|p2a: Volcarona|Bug Buzz|p1a: Nacho\n|-resisted|p1a: Nacho\n|-damage|p1a: Nacho|63\/100 par\n|move|p1a: Nacho|Wish|p1a: Nacho\n|\n|-heal|p1a: Nacho|69\/100 par|[from] item: Leftovers\n|-damage|p2a: Volcarona|82\/100 tox|[from] psn\n|upkeep\n|turn|6\n|\n|t:|1699829760\n|switch|p2a: Scizor|Scizor, F|100\/100\n|cant|p1a: Nacho|par\n|\n|-heal|p1a: Nacho|100\/100 par|[from] move: Wish|[wisher] Nacho\n|upkeep\n|turn|7\n|\n|t:|1699829773\n|move|p2a: Scizor|Dual Wingbeat|p1a: Nacho\n|-damage|p1a: Nacho|65\/100 par\n|-damage|p1a: Nacho|33\/100 par\n|-hitcount|p1a: Nacho|2\n|move|p1a: Nacho|Flare Blitz|p2a: Scizor\n|-supereffective|p2a: Scizor\n|-damage|p2a: Scizor|0 fnt\n|faint|p2a: Scizor\n|-damage|p1a: Nacho|0 fnt|[from] Recoil\n|faint|p1a: Nacho\n|\n|upkeep\n|\n|t:|1699829789\n|switch|p1a: Mothra|Volcarona, F|100\/100\n|switch|p2a: Araquanid|Araquanid, F, shiny|100\/100\n|turn|8\n|\n|t:|1699829813\n|move|p1a: Mothra|Bug Buzz|p2a: Araquanid\n|-damage|p2a: Araquanid|61\/100\n|-unboost|p2a: Araquanid|spd|1\n|move|p2a: Araquanid|Liquidation|p1a: Mothra\n|-supereffective|p1a: Mothra\n|-damage|p1a: Mothra|0 fnt\n|faint|p1a: Mothra\n|\n|upkeep\n|inactive|Oxxo_ntsm has 270 seconds left.\n|\n|t:|1699829824\n|switch|p1a: Vic|Victini|100\/100\n|-activate|p1a: Vic|move: Sticky Web\n|-unboost|p1a: Vic|spe|1\n|turn|9\n|\n|t:|1699829844\n|-terastallize|p1a: Vic|Electric\n|move|p1a: Vic|Fusion Bolt|p2a: Araquanid\n|-supereffective|p2a: Araquanid\n|-damage|p2a: Araquanid|0 fnt\n|faint|p2a: Araquanid\n|\n|upkeep\n|c|\u2606JesusPizzaCrusher|a esa tuvo buena\n|\n|t:|1699829857\n|switch|p2a: Kamen Rider|Lokix, F|100\/100\n|turn|10\n|\n|t:|1699829863\n|move|p2a: Kamen Rider|Sucker Punch|p1a: Vic\n|-damage|p1a: Vic|64\/100\n|-damage|p2a: Kamen Rider|91\/100|[from] item: Life Orb\n|move|p1a: Vic|Zen Headbutt|p2a: Kamen Rider\n|-immune|p2a: Kamen Rider\n|\n|upkeep\n|turn|11\n|c|\u2606Oxxo_ntsm|Chucha creia era lucha\n|c|\u2606JesusPizzaCrusher|xd\n|\n|t:|1699829883\n|move|p2a: Kamen Rider|Sucker Punch|p1a: Vic\n|-damage|p1a: Vic|31\/100\n|-damage|p2a: Kamen Rider|81\/100|[from] item: Life Orb\n|move|p1a: Vic|U-turn|p2a: Kamen Rider\n|-supereffective|p2a: Kamen Rider\n|-damage|p2a: Kamen Rider|18\/100\n|\n|t:|1699829892\n|switch|p1a: Anakin|Ceruledge, M|100\/100|[from] U-turn\n|-activate|p1a: Anakin|move: Sticky Web\n|-unboost|p1a: Anakin|spe|1\n|\n|upkeep\n|turn|12\n|\n|t:|1699829907\n|move|p2a: Kamen Rider|Sucker Punch||[still]\n|-fail|p2a: Kamen Rider\n|move|p1a: Anakin|Swords Dance|p1a: Anakin\n|-boost|p1a: Anakin|atk|2\n|\n|upkeep\n|turn|13\n|\n|t:|1699829914\n|move|p2a: Kamen Rider|Sucker Punch|p1a: Anakin\n|-supereffective|p1a: Anakin\n|-damage|p1a: Anakin|0 fnt\n|faint|p1a: Anakin\n|-damage|p2a: Kamen Rider|8\/100|[from] item: Life Orb\n|\n|upkeep\n|\n|t:|1699829926\n|switch|p1a: Vic|Victini, tera:Electric|31\/100\n|-activate|p1a: Vic|move: Sticky Web\n|-unboost|p1a: Vic|spe|1\n|turn|14\n|\n|t:|1699829933\n|move|p2a: Kamen Rider|Sucker Punch|p1a: Vic\n|-damage|p1a: Vic|0 fnt\n|faint|p1a: Vic\n|-damage|p2a: Kamen Rider|0 fnt|[from] item: Life Orb\n|faint|p2a: Kamen Rider\n|\n|upkeep\n|c| Jor99fran|oh no hermano\n|c| Jor99fran|es el tilin.exe\n|\n|t:|1699829946\n|switch|p2a: Volcarona|Volcarona, F, tera:Fire|82\/100 tox\n|switch|p1a: Shin Chan|Chandelure, F|100\/100\n|-activate|p1a: Shin Chan|move: Sticky Web\n|-unboost|p1a: Shin Chan|spe|1\n|turn|15\n|c|\u2606JesusPizzaCrusher|asi es soy jesus.exe\n|c|\u2606JesusPizzaCrusher|tengo los ojos sangrantes (?\n|\n|t:|1699829970\n|move|p2a: Volcarona|Quiver Dance|p2a: Volcarona\n|-boost|p2a: Volcarona|spa|1\n|-boost|p2a: Volcarona|spd|1\n|-boost|p2a: Volcarona|spe|1\n|move|p1a: Shin Chan|Calm Mind|p1a: Shin Chan\n|-boost|p1a: Shin Chan|spa|1\n|-boost|p1a: Shin Chan|spd|1\n|\n|-damage|p2a: Volcarona|76\/100 tox|[from] psn\n|upkeep\n|turn|16\n|c|\u2606Oxxo_ntsm|Y yo soy Megaman.EXE\n|\n|t:|1699829982\n|move|p2a: Volcarona|Quiver Dance|p2a: Volcarona\n|-boost|p2a: Volcarona|spa|1\n|-boost|p2a: Volcarona|spd|1\n|-boost|p2a: Volcarona|spe|1\n|move|p1a: Shin Chan|Shadow Ball|p2a: Volcarona\n|-damage|p2a: Volcarona|40\/100 tox\n|\n|-damage|p2a: Volcarona|28\/100 tox|[from] psn\n|upkeep\n|turn|17\n|\n|t:|1699829994\n|move|p2a: Volcarona|Bug Buzz|p1a: Shin Chan\n|-resisted|p1a: Shin Chan\n|-damage|p1a: Shin Chan|85\/100\n|-unboost|p1a: Shin Chan|spd|1\n|move|p1a: Shin Chan|Shadow Ball|p2a: Volcarona\n|-damage|p2a: Volcarona|0 fnt\n|faint|p2a: Volcarona\n|\n|-heal|p1a: Shin Chan|91\/100|[from] item: Leftovers\n|upkeep\n|c|\u2606JesusPizzaCrusher|ay\n|c|\u2606JesusPizzaCrusher|gg\n|\n|t:|1699830007\n|switch|p2a: Guilotine|Pinsir, F|100\/100\n|turn|18\n|\n|t:|1699830021\n|detailschange|p2a: Guilotine|Pinsir-Mega, F\n|-mega|p2a: Guilotine|Pinsir|Pinsirite\n|move|p2a: Guilotine|Body Slam|p1a: Shin Chan\n|-damage|p1a: Shin Chan|26\/100\n|-status|p1a: Shin Chan|par\n|cant|p1a: Shin Chan|par\n|\n|-heal|p1a: Shin Chan|32\/100 par|[from] item: Leftovers\n|upkeep\n|turn|19\n|c|\u2606JesusPizzaCrusher|DALEEEEEE\n|c|\u2606Oxxo_ntsm|Verga\n|c| Jor99fran|XD\n|inactive|JesusPizzaCrusher has 270 seconds left.\n|\n|t:|1699830050\n|move|p2a: Guilotine|Swords Dance|p2a: Guilotine\n|-boost|p2a: Guilotine|atk|2\n|move|p1a: Shin Chan|Will-O-Wisp|p2a: Guilotine\n|-status|p2a: Guilotine|brn\n|\n|-heal|p1a: Shin Chan|38\/100 par|[from] item: Leftovers\n|-damage|p2a: Guilotine|95\/100 brn|[from] brn\n|upkeep\n|turn|20\n|inactive|JesusPizzaCrusher has 270 seconds left.\n|c| Jor99fran|XDDD\n|\n|t:|1699830063\n|move|p2a: Guilotine|Quick Attack|p1a: Shin Chan\n|-damage|p1a: Shin Chan|4\/100 par\n|move|p1a: Shin Chan|Shadow Ball|p2a: Guilotine\n|-damage|p2a: Guilotine|0 fnt\n|faint|p2a: Guilotine\n|\n|win|Oxxo_ntsm\n|c| Jor99fran|GG\n|c|\u2606Oxxo_ntsm|gg\n|c|\u2606JesusPizzaCrusher|chale\n|c|\u2606JesusPizzaCrusher|good game\n|c|\u2606JesusPizzaCrusher|tuviste re-bien\n","uploadtime":1699830074,"views":6,"p1id":"oxxontsm","p2id":"jesuspizzacrusher","formatid":"gen9nationaldex","rating":0,"private":0,"password":""}