{"id":"gen9nationaldex-1988225553","p1":"UrinalHair","p2":"CanTotallyDunk","format":"[Gen 9] National Dex","log":"|j|\u2606UrinalHair\n|j|\u2606CanTotallyDunk\n|t:|1699689030\n|gametype|singles\n|player|p1|UrinalHair|265|1093\n|player|p2|CanTotallyDunk|pokemonranger-gen4|1019\n|teamsize|p1|6\n|teamsize|p2|6\n|gen|9\n|tier|[Gen 9] National Dex\n|rated|\n|rule|HP Percentage Mod: HP is shown in percentages\n|rule|Endless Battle Clause: Forcing endless battles is banned\n|rule|OHKO Clause: OHKO moves are banned\n|rule|Evasion Clause: Evasion abilities, items, and moves are banned\n|rule|Evasion Abilities Clause: Evasion abilities are banned\n|rule|Evasion Items Clause: Evasion items are banned\n|rule|Evasion Moves Clause: Evasion moves are banned\n|rule|Species Clause: Limit one of each Pok\u00e9mon\n|rule|Sleep Clause Mod: Limit one foe put to sleep\n|clearpoke\n|poke|p1|Tyranitar, M|\n|poke|p1|Excadrill, F|\n|poke|p1|Slowbro, M|\n|poke|p1|Gliscor, F|\n|poke|p1|Clefable, F|\n|poke|p1|Haxorus, F|\n|poke|p2|Ursaring, M|\n|poke|p2|Aggron, F|\n|poke|p2|Nidoking, M|\n|poke|p2|Skeledirge, M|\n|poke|p2|Krookodile, F|\n|poke|p2|Ferrothorn, M|\n|teampreview\n|\n|t:|1699689059\n|start\n|switch|p1a: Clefable|Clefable, F|100\/100\n|switch|p2a: Dinosore|Skeledirge, M|100\/100\n|turn|1\n|\n|t:|1699689069\n|move|p2a: Dinosore|Torch Song|p1a: Clefable\n|-damage|p1a: Clefable|65\/100\n|-boost|p2a: Dinosore|spa|1\n|move|p1a: Clefable|Stealth Rock|p2a: Dinosore\n|-sidestart|p2: CanTotallyDunk|move: Stealth Rock\n|\n|-heal|p1a: Clefable|71\/100|[from] item: Leftovers\n|upkeep\n|turn|2\n|inactive|Battle timer is ON: inactive players will automatically lose when time's up. (requested by CanTotallyDunk)\n|\n|t:|1699689111\n|switch|p1a: Tyranitar|Tyranitar, M|100\/100\n|-weather|Sandstorm|[from] ability: Sand Stream|[of] p1a: Tyranitar\n|move|p2a: Dinosore|Torch Song|p1a: Tyranitar\n|-resisted|p1a: Tyranitar\n|-damage|p1a: Tyranitar|81\/100\n|-boost|p2a: Dinosore|spa|1\n|\n|-weather|Sandstorm|[upkeep]\n|-damage|p2a: Dinosore|94\/100|[from] Sandstorm\n|upkeep\n|turn|3\n|\n|t:|1699689124\n|switch|p2a: Spike|Ferrothorn, M|100\/100\n|-damage|p2a: Spike|95\/100|[from] Stealth Rock\n|detailschange|p1a: Tyranitar|Tyranitar-Mega, M\n|-mega|p1a: Tyranitar|Tyranitar|Tyranitarite\n|move|p1a: Tyranitar|Dragon Dance|p1a: Tyranitar\n|-boost|p1a: Tyranitar|atk|1\n|-boost|p1a: Tyranitar|spe|1\n|\n|-weather|Sandstorm|[upkeep]\n|upkeep\n|turn|4\n|inactive|UrinalHair has 120 seconds left.\n|\n|t:|1699689168\n|switch|p1a: Excadrill|Excadrill, F|100\/100\n|move|p2a: Spike|Stealth Rock|p1a: Excadrill\n|-sidestart|p1: UrinalHair|move: Stealth Rock\n|\n|-weather|Sandstorm|[upkeep]\n|upkeep\n|turn|5\n|\n|t:|1699689175\n|move|p1a: Excadrill|Rapid Spin|p2a: Spike\n|-resisted|p2a: Spike\n|-damage|p2a: Spike|83\/100\n|-boost|p1a: Excadrill|spe|1\n|-damage|p1a: Excadrill|88\/100|[from] ability: Iron Barbs|[of] p2a: Spike\n|-damage|p1a: Excadrill|71\/100|[from] item: Rocky Helmet|[of] p2a: Spike\n|-sideend|p1: UrinalHair|Stealth Rock|[from] move: Rapid Spin|[of] p1a: Excadrill\n|move|p2a: Spike|Knock Off|p1a: Excadrill\n|-damage|p1a: Excadrill|36\/100\n|-enditem|p1a: Excadrill|Choice Band|[from] move: Knock Off|[of] p2a: Spike\n|\n|-weather|Sandstorm|[upkeep]\n|upkeep\n|turn|6\n|inactive|UrinalHair has 120 seconds left.\n|\n|t:|1699689186\n|move|p1a: Excadrill|Earthquake|p2a: Spike\n|-damage|p2a: Spike|43\/100\n|move|p2a: Spike|Stealth Rock|p1a: Excadrill\n|-sidestart|p1: UrinalHair|move: Stealth Rock\n|\n|-weather|none\n|upkeep\n|turn|7\n|inactive|UrinalHair has 120 seconds left.\n|\n|t:|1699689193\n|move|p1a: Excadrill|Earthquake|p2a: Spike\n|-damage|p2a: Spike|0 fnt\n|faint|p2a: Spike\n|\n|upkeep\n|\n|t:|1699689200\n|switch|p2a: Gang Croc|Krookodile, F|100\/100\n|-damage|p2a: Gang Croc|94\/100|[from] Stealth Rock\n|turn|8\n|inactive|UrinalHair has 120 seconds left.\n|\n|t:|1699689227\n|switch|p1a: Gliscor|Gliscor, F|100\/100\n|-damage|p1a: Gliscor|88\/100|[from] Stealth Rock\n|switch|p2a: Dinosore|Skeledirge, M|94\/100\n|-damage|p2a: Dinosore|70\/100|[from] Stealth Rock\n|\n|-status|p1a: Gliscor|tox|[from] item: Toxic Orb\n|upkeep\n|turn|9\n|\n|t:|1699689237\n|move|p1a: Gliscor|Swords Dance|p1a: Gliscor\n|-boost|p1a: Gliscor|atk|2\n|move|p2a: Dinosore|Curse|p1a: Gliscor\n|-start|p1a: Gliscor|Curse|[of] p2a: Dinosore\n|-damage|p2a: Dinosore|20\/100\n|\n|-heal|p1a: Gliscor|100\/100 tox|[from] ability: Poison Heal\n|-damage|p1a: Gliscor|76\/100 tox|[from] Curse\n|upkeep\n|turn|10\n|inactive|UrinalHair has 120 seconds left.\n|\n|t:|1699689247\n|move|p1a: Gliscor|Earthquake|p2a: Dinosore\n|-supereffective|p2a: Dinosore\n|-damage|p2a: Dinosore|0 fnt\n|faint|p2a: Dinosore\n|\n|-heal|p1a: Gliscor|88\/100 tox|[from] ability: Poison Heal\n|-damage|p1a: Gliscor|63\/100 tox|[from] Curse\n|upkeep\n|\n|t:|1699689260\n|switch|p2a: Gang Croc|Krookodile, F|94\/100\n|-damage|p2a: Gang Croc|88\/100|[from] Stealth Rock\n|turn|11\n|\n|t:|1699689274\n|switch|p1a: Clefable|Clefable, F|71\/100\n|move|p2a: Gang Croc|Smack Down|p1a: Clefable\n|-damage|p1a: Clefable|57\/100\n|\n|-heal|p1a: Clefable|63\/100|[from] item: Leftovers\n|upkeep\n|turn|12\n|\n|t:|1699689284\n|move|p2a: Gang Croc|Earthquake|p1a: Clefable\n|-damage|p1a: Clefable|28\/100\n|move|p1a: Clefable|Soft-Boiled|p1a: Clefable\n|-heal|p1a: Clefable|78\/100\n|\n|-heal|p1a: Clefable|84\/100|[from] item: Leftovers\n|upkeep\n|turn|13\n|\n|t:|1699689292\n|switch|p2a: Steeler's Wheel|Aggron, F|100\/100\n|-damage|p2a: Steeler's Wheel|94\/100|[from] Stealth Rock\n|move|p1a: Clefable|Soft-Boiled|p1a: Clefable\n|-heal|p1a: Clefable|100\/100\n|\n|upkeep\n|turn|14\n|\n|t:|1699689299\n|switch|p1a: Slowbro|Slowbro, M|100\/100\n|detailschange|p2a: Steeler's Wheel|Aggron-Mega, F\n|-mega|p2a: Steeler's Wheel|Aggron|Aggronite\n|move|p2a: Steeler's Wheel|Autotomize|p2a: Steeler's Wheel\n|-boost|p2a: Steeler's Wheel|spe|2\n|-start|p2a: Steeler's Wheel|Autotomize\n|\n|upkeep\n|turn|15\n|\n|t:|1699689308\n|move|p2a: Steeler's Wheel|Autotomize|p2a: Steeler's Wheel\n|-boost|p2a: Steeler's Wheel|spe|2\n|-start|p2a: Steeler's Wheel|Autotomize\n|move|p1a: Slowbro|Scald|p2a: Steeler's Wheel\n|-damage|p2a: Steeler's Wheel|64\/100\n|\n|upkeep\n|turn|16\n|\n|t:|1699689327\n|move|p2a: Steeler's Wheel|Iron Head|p1a: Slowbro\n|-resisted|p1a: Slowbro\n|-damage|p1a: Slowbro|87\/100\n|move|p1a: Slowbro|Scald|p2a: Steeler's Wheel\n|-damage|p2a: Steeler's Wheel|32\/100\n|\n|upkeep\n|turn|17\n|\n|t:|1699689336\n|move|p2a: Steeler's Wheel|Outrage|p1a: Slowbro\n|-damage|p1a: Slowbro|60\/100\n|move|p1a: Slowbro|Scald|p2a: Steeler's Wheel\n|-damage|p2a: Steeler's Wheel|0 fnt\n|faint|p2a: Steeler's Wheel\n|\n|upkeep\n|\n|t:|1699689347\n|switch|p2a: Unbearable|Ursaring, M|100\/100\n|-damage|p2a: Unbearable|88\/100|[from] Stealth Rock\n|turn|18\n|\n|t:|1699689354\n|move|p2a: Unbearable|Facade|p1a: Slowbro\n|-damage|p1a: Slowbro|35\/100\n|move|p1a: Slowbro|Future Sight|p2a: Unbearable\n|-start|p1a: Slowbro|move: Future Sight\n|\n|-status|p2a: Unbearable|tox|[from] item: Toxic Orb\n|upkeep\n|turn|19\n|\n|t:|1699689378\n|switch|p1a: Tyranitar|Tyranitar-Mega, M|81\/100\n|-damage|p1a: Tyranitar|69\/100|[from] Stealth Rock\n|-weather|Sandstorm|[from] ability: Sand Stream|[of] p1a: Tyranitar\n|move|p2a: Unbearable|Facade|p1a: Tyranitar\n|-resisted|p1a: Tyranitar\n|-damage|p1a: Tyranitar|28\/100\n|\n|-weather|Sandstorm|[upkeep]\n|-damage|p2a: Unbearable|82\/100 tox|[from] Sandstorm\n|-damage|p2a: Unbearable|76\/100 tox|[from] psn\n|upkeep\n|turn|20\n|\n|t:|1699689394\n|move|p1a: Tyranitar|Crunch|p2a: Unbearable\n|-crit|p2a: Unbearable\n|-damage|p2a: Unbearable|0 fnt\n|faint|p2a: Unbearable\n|\n|-weather|Sandstorm|[upkeep]\n|-hint|Future Sight did not hit because the target is fainted.\n|upkeep\n|\n|t:|1699689400\n|switch|p2a: Gang Croc|Krookodile, F|88\/100\n|-damage|p2a: Gang Croc|82\/100|[from] Stealth Rock\n|turn|21\n|\n|t:|1699689411\n|switch|p1a: Clefable|Clefable, F|100\/100\n|move|p2a: Gang Croc|Close Combat|p1a: Clefable\n|-resisted|p1a: Clefable\n|-damage|p1a: Clefable|86\/100\n|-unboost|p2a: Gang Croc|def|1\n|-unboost|p2a: Gang Croc|spd|1\n|\n|-weather|Sandstorm|[upkeep]\n|-heal|p1a: Clefable|92\/100|[from] item: Leftovers\n|upkeep\n|turn|22\n|\n|t:|1699689429\n|switch|p2a: Toxic Terrence|Nidoking, M|100\/100\n|-damage|p2a: Toxic Terrence|95\/100|[from] Stealth Rock\n|switch|p1a: Slowbro|Slowbro, M|69\/100\n|\n|-weather|Sandstorm|[upkeep]\n|-damage|p1a: Slowbro|62\/100|[from] Sandstorm\n|upkeep\n|turn|23\n|\n|t:|1699689440\n|move|p2a: Toxic Terrence|Sucker Punch|p1a: Slowbro\n|-supereffective|p1a: Slowbro\n|-damage|p1a: Slowbro|39\/100\n|move|p1a: Slowbro|Scald|p2a: Toxic Terrence\n|-supereffective|p2a: Toxic Terrence\n|-damage|p2a: Toxic Terrence|43\/100\n|\n|-weather|none\n|upkeep\n|turn|24\n|\n|t:|1699689450\n|move|p2a: Toxic Terrence|Body Slam|p1a: Slowbro\n|-damage|p1a: Slowbro|19\/100\n|move|p1a: Slowbro|Slack Off|p1a: Slowbro\n|-heal|p1a: Slowbro|69\/100\n|\n|upkeep\n|turn|25\n|\n|t:|1699689456\n|move|p2a: Toxic Terrence|Body Slam|p1a: Slowbro\n|-damage|p1a: Slowbro|50\/100\n|move|p1a: Slowbro|Scald|p2a: Toxic Terrence\n|-supereffective|p2a: Toxic Terrence\n|-damage|p2a: Toxic Terrence|0 fnt\n|faint|p2a: Toxic Terrence\n|\n|upkeep\n|c|\u2606CanTotallyDunk|boring ass team\n|-message|CanTotallyDunk forfeited.\n|\n|win|UrinalHair\n|raw|UrinalHair's rating: 1093 &rarr; <strong>1114<\/strong><br \/>(+21 for winning)\n|raw|CanTotallyDunk's rating: 1019 &rarr; <strong>1009<\/strong><br \/>(-10 for losing)\n|l|\u2606CanTotallyDunk\n","uploadtime":1699689476,"views":4,"p1id":"urinalhair","p2id":"cantotallydunk","formatid":"gen9nationaldex","rating":1009,"private":0,"password":""}