{"id":"gen9nationaldex-1991177828","p1":"shiyv","p2":"newinthegame","format":"[Gen 9] National Dex","log":"|j|\u2606shiyv\n|j|\u2606newinthegame\n|t:|1700053930\n|gametype|singles\n|player|p1|shiyv|wallace|1552\n|player|p2|newinthegame|cynthia-gen4|1633\n|teamsize|p1|6\n|teamsize|p2|6\n|gen|9\n|tier|[Gen 9] National Dex\n|rated|\n|rule|HP Percentage Mod: HP is shown in percentages\n|rule|Endless Battle Clause: Forcing endless battles is banned\n|rule|OHKO Clause: OHKO moves are banned\n|rule|Evasion Clause: Evasion abilities, items, and moves are banned\n|rule|Evasion Abilities Clause: Evasion abilities are banned\n|rule|Evasion Items Clause: Evasion items are banned\n|rule|Evasion Moves Clause: Evasion moves are banned\n|rule|Species Clause: Limit one of each Pok\u00e9mon\n|rule|Sleep Clause Mod: Limit one foe put to sleep\n|clearpoke\n|poke|p1|Iron Valiant|\n|poke|p1|Dragonite, M|\n|poke|p1|Tyranitar, F|\n|poke|p1|Moltres|\n|poke|p1|Volcanion|\n|poke|p1|Glimmora, F|\n|poke|p2|Pelipper, M|\n|poke|p2|Swampert, M|\n|poke|p2|Urshifu-*, M|\n|poke|p2|Clodsire, F|\n|poke|p2|Ferrothorn, M|\n|poke|p2|Kingdra, M|\n|teampreview\n|inactive|Battle timer is ON: inactive players will automatically lose when time's up. (requested by shiyv)\n|\n|t:|1700053938\n|start\n|switch|p1a: Glimmora|Glimmora, F|100\/100\n|switch|p2a: Urshifu|Urshifu-Rapid-Strike, M|100\/100\n|turn|1\n|\n|t:|1700053953\n|move|p2a: Urshifu|Surging Strikes|p1a: Glimmora\n|-supereffective|p1a: Glimmora\n|-crit|p1a: Glimmora\n|-damage|p1a: Glimmora|30\/100\n|-activate|p1a: Glimmora|ability: Toxic Debris\n|-sidestart|p2: newinthegame|move: Toxic Spikes\n|-supereffective|p1a: Glimmora\n|-crit|p1a: Glimmora\n|-damage|p1a: Glimmora|0 fnt\n|-activate|p1a: Glimmora|ability: Toxic Debris\n|-sidestart|p2: newinthegame|move: Toxic Spikes\n|faint|p1a: Glimmora\n|-hitcount|p1: Glimmora|2\n|\n|upkeep\n|\n|t:|1700053962\n|switch|p1a: Volcanion|Volcanion|100\/100\n|turn|2\n|\n|t:|1700053977\n|switch|p2a: Clodsire|Clodsire, F|100\/100\n|-sideend|p2: newinthegame|move: Toxic Spikes|[of] p2a: Clodsire\n|move|p1a: Volcanion|Steam Eruption|p2a: Clodsire\n|-immune|p2a: Clodsire|[from] ability: Water Absorb\n|\n|upkeep\n|turn|3\n|\n|t:|1700053987\n|switch|p1a: Tyranitar|Tyranitar, F|100\/100\n|-weather|Sandstorm|[from] ability: Sand Stream|[of] p1a: Tyranitar\n|move|p2a: Clodsire|Stealth Rock|p1a: Tyranitar\n|-sidestart|p1: shiyv|move: Stealth Rock\n|\n|-weather|Sandstorm|[upkeep]\n|upkeep\n|turn|4\n|\n|t:|1700053994\n|detailschange|p1a: Tyranitar|Tyranitar-Mega, F\n|-mega|p1a: Tyranitar|Tyranitar|Tyranitarite\n|move|p1a: Tyranitar|Knock Off|p2a: Clodsire\n|-damage|p2a: Clodsire|30\/100\n|-enditem|p2a: Clodsire|Black Sludge|[from] move: Knock Off|[of] p1a: Tyranitar\n|move|p2a: Clodsire|Earthquake|p1a: Tyranitar\n|-supereffective|p1a: Tyranitar\n|-damage|p1a: Tyranitar|62\/100\n|\n|-weather|Sandstorm|[upkeep]\n|upkeep\n|turn|5\n|\n|t:|1700054021\n|move|p1a: Tyranitar|Knock Off|p2a: Clodsire\n|-damage|p2a: Clodsire|0 fnt\n|faint|p2a: Clodsire\n|\n|-weather|Sandstorm|[upkeep]\n|upkeep\n|\n|t:|1700054024\n|switch|p2a: Urshifu|Urshifu-Rapid-Strike, M|100\/100\n|turn|6\n|\n|t:|1700054031\n|switch|p1a: Volcanion|Volcanion|100\/100\n|move|p2a: Urshifu|Surging Strikes|p1a: Volcanion\n|-immune|p1a: Volcanion|[from] ability: Water Absorb\n|\n|-weather|Sandstorm|[upkeep]\n|-damage|p2a: Urshifu|94\/100|[from] Sandstorm\n|-damage|p1a: Volcanion|94\/100|[from] Sandstorm\n|upkeep\n|turn|7\n|\n|t:|1700054037\n|switch|p2a: Pelipper|Pelipper, M|100\/100\n|-weather|RainDance|[from] ability: Drizzle|[of] p2a: Pelipper\n|move|p1a: Volcanion|Defog|p2a: Pelipper\n|-unboost|p2a: Pelipper|evasion|1\n|-sideend|p1: shiyv|Stealth Rock|[from] move: Defog|[of] p1a: Volcanion\n|\n|-weather|RainDance|[upkeep]\n|upkeep\n|turn|8\n|\n|t:|1700054047\n|switch|p2a: Swampert|Swampert, M|100\/100\n|move|p1a: Volcanion|Flamethrower|p2a: Swampert\n|-resisted|p2a: Swampert\n|-damage|p2a: Swampert|88\/100\n|\n|-weather|RainDance|[upkeep]\n|upkeep\n|turn|9\n|\n|t:|1700054060\n|detailschange|p2a: Swampert|Swampert-Mega, M\n|-mega|p2a: Swampert|Swampert|Swampertite\n|-terastallize|p1a: Volcanion|Grass\n|move|p2a: Swampert|Earthquake|p1a: Volcanion\n|-resisted|p1a: Volcanion\n|-damage|p1a: Volcanion|69\/100\n|move|p1a: Volcanion|Hidden Power|p2a: Swampert\n|-supereffective|p2a: Swampert\n|-damage|p2a: Swampert|0 fnt\n|faint|p2a: Swampert\n|\n|-weather|RainDance|[upkeep]\n|upkeep\n|\n|t:|1700054070\n|switch|p2a: Urshifu|Urshifu-Rapid-Strike, M|94\/100\n|turn|10\n|\n|t:|1700054076\n|move|p2a: Urshifu|Surging Strikes|p1a: Volcanion\n|-heal|p1a: Volcanion|94\/100|[from] ability: Water Absorb|[of] p2a: Urshifu\n|move|p1a: Volcanion|Hidden Power|p2a: Urshifu\n|-supereffective|p2a: Urshifu\n|-damage|p2a: Urshifu|0 fnt\n|faint|p2a: Urshifu\n|\n|-weather|RainDance|[upkeep]\n|upkeep\n|-message|newinthegame forfeited.\n|\n|win|shiyv\n|raw|shiyv's rating: 1552 &rarr; <strong>1577<\/strong><br \/>(+25 for winning)\n|raw|newinthegame's rating: 1633 &rarr; <strong>1608<\/strong><br \/>(-25 for losing)\n|l|\u2606newinthegame\n","uploadtime":1700054089,"views":6,"p1id":"shiyv","p2id":"newinthegame","formatid":"gen9nationaldex","rating":1577,"private":0,"password":""}