{"id":"gen9nationaldex-1998486171","p1":"chrisamato7","p2":"Ash Ketchum344","format":"[Gen 9] National Dex","log":"|html|<div class=\"broadcast-blue\"><strong>[Gen 9] National Dex is currently suspecting Sneasler! For information on how to participate check out the <a href=\"https:\/\/www.smogon.com\/forums\/threads\/sv-national-dex-suspect-8-just-dance.3731534\/\">suspect thread<\/a>.<\/strong><\/div>\n|j|\u2606chrisamato7\n|j|\u2606Ash Ketchum344\n|t:|1700947751\n|gametype|singles\n|player|p1|chrisamato7|ethan|1160\n|player|p2|Ash Ketchum344|ash|1065\n|teamsize|p1|6\n|teamsize|p2|6\n|gen|9\n|tier|[Gen 9] National Dex\n|rated|\n|rule|HP Percentage Mod: HP is shown in percentages\n|rule|Endless Battle Clause: Forcing endless battles is banned\n|rule|OHKO Clause: OHKO moves are banned\n|rule|Evasion Clause: Evasion abilities, items, and moves are banned\n|rule|Evasion Abilities Clause: Evasion abilities are banned\n|rule|Evasion Items Clause: Evasion items are banned\n|rule|Evasion Moves Clause: Evasion moves are banned\n|rule|Species Clause: Limit one of each Pok\u00e9mon\n|rule|Sleep Clause Mod: Limit one foe put to sleep\n|clearpoke\n|poke|p1|Typhlosion, M|\n|poke|p1|Raikou|\n|poke|p1|Dragonite, M|\n|poke|p1|Gyarados, M|\n|poke|p1|Donphan, M|\n|poke|p1|Machamp, M|\n|poke|p2|Lucario, M|\n|poke|p2|Sirfetch\u2019d, M|\n|poke|p2|Dragonite, M|\n|poke|p2|Gengar, F|\n|poke|p2|Pikachu, F|\n|poke|p2|Arctovish|\n|teampreview\n|\n|t:|1700947761\n|start\n|switch|p1a: Raikou|Raikou, shiny|100\/100\n|switch|p2a: Arctovish|Arctovish|100\/100\n|turn|1\n|inactive|Battle timer is ON: inactive players will automatically lose when time's up. (requested by Ash Ketchum344)\n|\n|t:|1700947768\n|move|p1a: Raikou|Volt Switch|p2a: Arctovish\n|-supereffective|p2a: Arctovish\n|-damage|p2a: Arctovish|27\/100\n|\n|t:|1700947774\n|switch|p1a: Gyarados|Gyarados, M, shiny|100\/100|[from] Volt Switch\n|-ability|p1a: Gyarados|Intimidate|boost\n|-unboost|p2a: Arctovish|atk|1\n|move|p2a: Arctovish|Fishious Rend|p1a: Gyarados\n|-resisted|p1a: Gyarados\n|-damage|p1a: Gyarados|71\/100\n|\n|upkeep\n|turn|2\n|\n|t:|1700947782\n|move|p2a: Arctovish|Fishious Rend|p1a: Gyarados\n|-resisted|p1a: Gyarados\n|-damage|p1a: Gyarados|42\/100\n|move|p1a: Gyarados|Dragon Dance|p1a: Gyarados\n|-boost|p1a: Gyarados|atk|1\n|-boost|p1a: Gyarados|spe|1\n|\n|upkeep\n|turn|3\n|\n|t:|1700947788\n|detailschange|p1a: Gyarados|Gyarados-Mega, M, shiny\n|-mega|p1a: Gyarados|Gyarados|Gyaradosite\n|-ability|p1a: Gyarados|Mold Breaker\n|move|p1a: Gyarados|Crunch|p2a: Arctovish\n|-damage|p2a: Arctovish|0 fnt\n|faint|p2a: Arctovish\n|\n|upkeep\n|\n|t:|1700947803\n|switch|p2a: Lucario|Lucario, M|100\/100\n|turn|4\n|\n|t:|1700947811\n|move|p1a: Gyarados|Waterfall|p2a: Lucario\n|-damage|p2a: Lucario|0 fnt\n|faint|p2a: Lucario\n|\n|upkeep\n|\n|t:|1700947824\n|switch|p2a: Pikachu|Pikachu, F|100\/100\n|turn|5\n|\n|t:|1700947828\n|move|p2a: Pikachu|Fake Out|p1a: Gyarados\n|-damage|p1a: Gyarados|27\/100\n|cant|p1a: Gyarados|flinch\n|\n|upkeep\n|turn|6\n|\n|t:|1700947831\n|move|p2a: Pikachu|Extreme Speed|p1a: Gyarados\n|-damage|p1a: Gyarados|0 fnt\n|faint|p1a: Gyarados\n|\n|upkeep\n|\n|t:|1700947835\n|switch|p1a: Donphan|Donphan, M, shiny|100\/100\n|turn|7\n|\n|t:|1700947838\n|move|p2a: Pikachu|Extreme Speed|p1a: Donphan\n|-damage|p1a: Donphan|75\/100\n|move|p1a: Donphan|Earthquake|p2a: Pikachu\n|-supereffective|p2a: Pikachu\n|-damage|p2a: Pikachu|0 fnt\n|faint|p2a: Pikachu\n|\n|upkeep\n|\n|t:|1700947842\n|switch|p2a: Sirfetch\u2019d|Sirfetch\u2019d, M|100\/100\n|turn|8\n|\n|t:|1700947846\n|switch|p1a: Typhlosion|Typhlosion, M, shiny|100\/100\n|move|p2a: Sirfetch\u2019d|Close Combat|p1a: Typhlosion\n|-damage|p1a: Typhlosion|0 fnt\n|-unboost|p2a: Sirfetch\u2019d|def|1\n|-unboost|p2a: Sirfetch\u2019d|spd|1\n|faint|p1a: Typhlosion\n|\n|upkeep\n|\n|t:|1700947853\n|switch|p1a: Raikou|Raikou, shiny|100\/100\n|turn|9\n|\n|t:|1700947858\n|-zpower|p1a: Raikou\n|move|p1a: Raikou|Hydro Vortex|p2a: Sirfetch\u2019d|[zeffect]\n|-damage|p2a: Sirfetch\u2019d|14\/100\n|move|p2a: Sirfetch\u2019d|Close Combat|p1a: Raikou\n|-damage|p1a: Raikou|0 fnt\n|-unboost|p2a: Sirfetch\u2019d|def|1\n|-unboost|p2a: Sirfetch\u2019d|spd|1\n|faint|p1a: Raikou\n|\n|upkeep\n|\n|t:|1700947866\n|switch|p1a: Machamp|Machamp, M|100\/100\n|turn|10\n|\n|t:|1700947871\n|move|p1a: Machamp|Bullet Punch|p2a: Sirfetch\u2019d\n|-damage|p2a: Sirfetch\u2019d|0 fnt\n|faint|p2a: Sirfetch\u2019d\n|\n|upkeep\n|\n|t:|1700947875\n|switch|p2a: Gengar|Gengar, F|100\/100\n|turn|11\n|\n|t:|1700947884\n|-terastallize|p2a: Gengar|Fairy\n|move|p2a: Gengar|Dazzling Gleam|p1a: Machamp\n|-supereffective|p1a: Machamp\n|-damage|p1a: Machamp|16\/100\n|move|p1a: Machamp|Ice Punch|p2a: Gengar\n|-damage|p2a: Gengar|40\/100\n|-start|p1a: Machamp|Disable|Ice Punch|[from] ability: Cursed Body|[of] p2a: Gengar\n|\n|upkeep\n|turn|12\n|\n|t:|1700947893\n|-terastallize|p1a: Machamp|Fairy\n|move|p1a: Machamp|Bullet Punch|p2a: Gengar\n|-supereffective|p2a: Gengar\n|-damage|p2a: Gengar|0 fnt\n|faint|p2a: Gengar\n|\n|upkeep\n|\n|t:|1700947897\n|switch|p2a: Dragonite|Dragonite, M|100\/100\n|turn|13\n|\n|t:|1700947904\n|move|p2a: Dragonite|Extreme Speed|p1a: Machamp\n|-crit|p1a: Machamp\n|-damage|p1a: Machamp|0 fnt\n|faint|p1a: Machamp\n|\n|upkeep\n|\n|t:|1700947906\n|switch|p1a: Donphan|Donphan, M, shiny|75\/100\n|turn|14\n|\n|t:|1700947911\n|move|p1a: Donphan|Ice Shard|p2a: Dragonite\n|-supereffective|p2a: Dragonite\n|-damage|p2a: Dragonite|69\/100\n|move|p2a: Dragonite|Dragon Dance|p2a: Dragonite\n|-boost|p2a: Dragonite|atk|1\n|-boost|p2a: Dragonite|spe|1\n|\n|upkeep\n|turn|15\n|\n|t:|1700947917\n|move|p1a: Donphan|Ice Shard|p2a: Dragonite\n|-supereffective|p2a: Dragonite\n|-damage|p2a: Dragonite|1\/100\n|move|p2a: Dragonite|Dragon Claw|p1a: Donphan\n|-damage|p1a: Donphan|17\/100\n|\n|upkeep\n|turn|16\n|\n|t:|1700947923\n|move|p2a: Dragonite|Extreme Speed|p1a: Donphan\n|-damage|p1a: Donphan|0 fnt\n|faint|p1a: Donphan\n|\n|upkeep\n|\n|t:|1700947925\n|switch|p1a: Dragonite|Dragonite, M|100\/100\n|turn|17\n|\n|t:|1700947929\n|move|p2a: Dragonite|Dragon Claw|p1a: Dragonite\n|-supereffective|p1a: Dragonite\n|-crit|p1a: Dragonite\n|-damage|p1a: Dragonite|0 fnt\n|faint|p1a: Dragonite\n|\n|win|Ash Ketchum344\n|raw|chrisamato7's rating: 1160 &rarr; <strong>1128<\/strong><br \/>(-32 for losing)\n|raw|Ash Ketchum344's rating: 1065 &rarr; <strong>1103<\/strong><br \/>(+38 for winning)\n|l|\u2606chrisamato7\n","uploadtime":1700947941,"views":1,"p1id":"chrisamato7","p2id":"ashketchum344","formatid":"gen9nationaldex","rating":1103,"private":0,"password":""}