{"id":"gen9nationaldex-1991102959","p1":"BRCQ","p2":"angzilovefansher","format":"[Gen 9] National Dex","log":"|j|\u2606BRCQ\n|j|\u2606angzilovefansher\n|t:|1700043317\n|gametype|singles\n|player|p1|BRCQ|flint|1391\n|player|p2|angzilovefansher|norman|1428\n|teamsize|p1|6\n|teamsize|p2|6\n|gen|9\n|tier|[Gen 9] National Dex\n|rated|\n|rule|HP Percentage Mod: HP is shown in percentages\n|rule|Endless Battle Clause: Forcing endless battles is banned\n|rule|OHKO Clause: OHKO moves are banned\n|rule|Evasion Clause: Evasion abilities, items, and moves are banned\n|rule|Evasion Abilities Clause: Evasion abilities are banned\n|rule|Evasion Items Clause: Evasion items are banned\n|rule|Evasion Moves Clause: Evasion moves are banned\n|rule|Species Clause: Limit one of each Pok\u00e9mon\n|rule|Sleep Clause Mod: Limit one foe put to sleep\n|clearpoke\n|poke|p1|Tapu Koko|\n|poke|p1|Garchomp, F|\n|poke|p1|Heatran, M|\n|poke|p1|Clodsire, M|\n|poke|p1|Gliscor, M|\n|poke|p1|Charizard, F|\n|poke|p2|Ursaluna, M|\n|poke|p2|Porygon2|\n|poke|p2|Exploud, F|\n|poke|p2|Ditto|\n|poke|p2|Audino, F|\n|poke|p2|Cinccino, M|\n|teampreview\n|\n|t:|1700043336\n|start\n|switch|p1a: Heatran|Heatran, M|100\/100\n|switch|p2a: Porygon2|Porygon2|100\/100\n|-ability|p2a: Porygon2|Flash Fire|[from] ability: Trace|[of] p1a: Heatran\n|turn|1\n|inactive|Battle timer is ON: inactive players will automatically lose when time's up. (requested by BRCQ)\n|\n|t:|1700043346\n|move|p2a: Porygon2|Magic Coat|p2a: Porygon2\n|-singleturn|p2a: Porygon2|move: Magic Coat\n|move|p1a: Heatran|Eruption|p2a: Porygon2\n|-start|p2a: Porygon2|ability: Flash Fire\n|\n|upkeep\n|turn|2\n|\n|t:|1700043351\n|move|p1a: Heatran|Eruption|p2a: Porygon2\n|-immune|p2a: Porygon2|[from] ability: Flash Fire\n|move|p2a: Porygon2|Trick Room|p2a: Porygon2\n|-fieldstart|move: Trick Room|[of] p2a: Porygon2\n|\n|upkeep\n|turn|3\n|\n|t:|1700043358\n|switch|p1a: Clodsire|Clodsire, M|100\/100\n|move|p2a: Porygon2|Teleport|p2a: Porygon2\n|\n|t:|1700043362\n|-end|p2a: Porygon2|ability: Flash Fire|[silent]\n|switch|p2a: Ursaluna|Ursaluna, M|100\/100|[from] Teleport\n|\n|-status|p2a: Ursaluna|brn|[from] item: Flame Orb\n|upkeep\n|turn|4\n|\n|t:|1700043372\n|switch|p1a: Gliscor|Gliscor, M|100\/100\n|move|p2a: Ursaluna|Facade|p1a: Gliscor\n|-crit|p1a: Gliscor\n|-damage|p1a: Gliscor|0 fnt\n|faint|p1a: Gliscor\n|\n|-damage|p2a: Ursaluna|94\/100 brn|[from] brn\n|upkeep\n|\n|t:|1700043391\n|switch|p1a: Heatran|Heatran, M|100\/100\n|turn|5\n|\n|t:|1700043403\n|-terastallize|p1a: Heatran|Flying\n|move|p2a: Ursaluna|Headlong Rush|p1a: Heatran\n|-immune|p1a: Heatran\n|move|p1a: Heatran|Eruption|p2a: Ursaluna\n|-damage|p2a: Ursaluna|27\/100 brn\n|\n|-damage|p2a: Ursaluna|21\/100 brn|[from] brn\n|upkeep\n|turn|6\n|\n|t:|1700043415\n|move|p2a: Ursaluna|Facade|p1a: Heatran\n|-damage|p1a: Heatran|0 fnt\n|faint|p1a: Heatran\n|\n|-damage|p2a: Ursaluna|15\/100 brn|[from] brn\n|-fieldend|move: Trick Room\n|upkeep\n|\n|t:|1700043423\n|switch|p1a: Garchomp|Garchomp, F|100\/100\n|turn|7\n|\n|t:|1700043449\n|switch|p2a: Porygon2|Porygon2|100\/100\n|-ability|p2a: Porygon2|Rough Skin|[from] ability: Trace|[of] p1a: Garchomp\n|move|p1a: Garchomp|Scale Shot|p2a: Porygon2\n|-damage|p2a: Porygon2|94\/100\n|-damage|p2a: Porygon2|87\/100\n|-damage|p2a: Porygon2|82\/100\n|-damage|p2a: Porygon2|75\/100\n|-damage|p2a: Porygon2|69\/100\n|-hitcount|p2a: Porygon2|5\n|-unboost|p1a: Garchomp|def|1\n|-boost|p1a: Garchomp|spe|1\n|\n|upkeep\n|turn|8\n|\n|t:|1700043464\n|move|p1a: Garchomp|Swords Dance|p1a: Garchomp\n|-boost|p1a: Garchomp|atk|2\n|move|p2a: Porygon2|Trick Room|p2a: Porygon2\n|-fieldstart|move: Trick Room|[of] p2a: Porygon2\n|\n|upkeep\n|turn|9\n|\n|t:|1700043470\n|move|p1a: Garchomp|Scale Shot|p2a: Porygon2\n|-damage|p2a: Porygon2|56\/100\n|-damage|p2a: Porygon2|45\/100\n|-damage|p2a: Porygon2|32\/100\n|-damage|p2a: Porygon2|19\/100\n|-damage|p2a: Porygon2|8\/100\n|-hitcount|p2a: Porygon2|5\n|-unboost|p1a: Garchomp|def|1\n|-boost|p1a: Garchomp|spe|1\n|move|p2a: Porygon2|Teleport|p2a: Porygon2\n|\n|t:|1700043476\n|switch|p2a: Ursaluna|Ursaluna, M|15\/100 brn|[from] Teleport\n|\n|-damage|p2a: Ursaluna|9\/100 brn|[from] brn\n|upkeep\n|turn|10\n|\n|t:|1700043493\n|switch|p1a: Clodsire|Clodsire, M|100\/100\n|move|p2a: Ursaluna|Facade|p1a: Clodsire\n|-damage|p1a: Clodsire|0 fnt\n|faint|p1a: Clodsire\n|\n|-damage|p2a: Ursaluna|3\/100 brn|[from] brn\n|upkeep\n|\n|t:|1700043503\n|switch|p1a: \u5de5\u5177\u4eba|Tapu Koko|100\/100\n|-fieldstart|move: Electric Terrain|[from] ability: Electric Surge|[of] p1a: \u5de5\u5177\u4eba\n|turn|11\n|inactive|angzilovefansher has 120 seconds left.\n|\n|t:|1700043543\n|switch|p1a: Charizard|Charizard, F|100\/100\n|move|p2a: Ursaluna|Facade|p1a: Charizard\n|-damage|p1a: Charizard|0 fnt\n|faint|p1a: Charizard\n|\n|-damage|p2a: Ursaluna|0 fnt|[from] brn\n|faint|p2a: Ursaluna\n|upkeep\n|\n|t:|1700043553\n|switch|p2a: Exploud|Exploud, F|100\/100\n|switch|p1a: \u5de5\u5177\u4eba|Tapu Koko|100\/100\n|turn|12\n|inactive|angzilovefansher has 120 seconds left.\n|\n|t:|1700043577\n|-terastallize|p2a: Exploud|Normal\n|move|p2a: Exploud|Boomburst|p1a: \u5de5\u5177\u4eba\n|-damage|p1a: \u5de5\u5177\u4eba|0 fnt\n|faint|p1a: \u5de5\u5177\u4eba\n|\n|-fieldend|move: Trick Room\n|upkeep\n|-message|BRCQ forfeited.\n|\n|win|angzilovefansher\n|raw|BRCQ's rating: 1391 &rarr; <strong>1373<\/strong><br \/>(-18 for losing)\n|raw|angzilovefansher's rating: 1428 &rarr; <strong>1446<\/strong><br \/>(+18 for winning)\n|l|\u2606BRCQ\n","uploadtime":1700043695,"views":4,"p1id":"brcq","p2id":"angzilovefansher","formatid":"gen9nationaldex","rating":1373,"private":0,"password":""}