{"id":"gen9nationaldex-1987298011","p1":"voltorbys","p2":"Smitty47401","format":"[Gen 9] National Dex","log":"|j|\u2606voltorbys\n|j|\u2606Smitty47401\n|t:|1699574605\n|gametype|singles\n|player|p1|voltorbys|170|\n|player|p2|Smitty47401|265|\n|teamsize|p1|6\n|teamsize|p2|6\n|gen|9\n|tier|[Gen 9] National Dex\n|rule|HP Percentage Mod: HP is shown in percentages\n|rule|Endless Battle Clause: Forcing endless battles is banned\n|rule|OHKO Clause: OHKO moves are banned\n|rule|Evasion Clause: Evasion abilities, items, and moves are banned\n|rule|Evasion Abilities Clause: Evasion abilities are banned\n|rule|Evasion Items Clause: Evasion items are banned\n|rule|Evasion Moves Clause: Evasion moves are banned\n|rule|Species Clause: Limit one of each Pok\u00e9mon\n|rule|Sleep Clause Mod: Limit one foe put to sleep\n|clearpoke\n|poke|p1|Swampert, M|\n|poke|p1|Breloom, F|\n|poke|p1|Volcanion|\n|poke|p1|Electrode-Hisui|\n|poke|p1|Dachsbun, F|\n|poke|p1|Toxtricity, M|\n|poke|p2|Ninetales-Alola, M|\n|poke|p2|Steelix, F|\n|poke|p2|Blissey, F|\n|poke|p2|Darmanitan, M|\n|poke|p2|Salazzle, F|\n|poke|p2|Mew|\n|teampreview\n|j| TEKNOTEKKK\n|l| TEKNOTEKKK\n|\n|t:|1699574674\n|start\n|switch|p1a: Uncle Iroh|Breloom, F|100\/100\n|switch|p2a: Your mom|Mew, shiny|100\/100\n|turn|1\n|\n|t:|1699574694\n|switch|p1a: Swamp Bender|Swampert, M|100\/100\n|move|p2a: Your mom|Flamethrower|p1a: Swamp Bender\n|-resisted|p1a: Swamp Bender\n|-damage|p1a: Swamp Bender|90\/100\n|\n|upkeep\n|turn|2\n|\n|t:|1699574702\n|detailschange|p1a: Swamp Bender|Swampert-Mega, M\n|-mega|p1a: Swamp Bender|Swampert|Swampertite\n|move|p2a: Your mom|Solar Beam||[still]\n|-prepare|p2a: Your mom|Solar Beam\n|-enditem|p2a: Your mom|Power Herb\n|-anim|p2a: Your mom|Solar Beam|p1a: Swamp Bender\n|-supereffective|p1a: Swamp Bender\n|-damage|p1a: Swamp Bender|0 fnt\n|faint|p1a: Swamp Bender\n|\n|upkeep\n|c|\u2606voltorbys|dang nice\n|\n|t:|1699574789\n|switch|p1a: Avatar Roshi|Volcanion|100\/100\n|turn|3\n|\n|t:|1699574819\n|move|p2a: Your mom|Solar Beam||[still]\n|-prepare|p2a: Your mom|Solar Beam\n|move|p1a: Avatar Roshi|Will-O-Wisp|p2a: Your mom|[miss]\n|-miss|p1a: Avatar Roshi|p2a: Your mom\n|\n|upkeep\n|turn|4\n|\n|t:|1699574844\n|move|p2a: Your mom|Solar Beam|p1a: Avatar Roshi|[from]lockedmove\n|-damage|p1a: Avatar Roshi|81\/100\n|move|p1a: Avatar Roshi|Steam Eruption|p2a: Your mom\n|-damage|p2a: Your mom|60\/100\n|-status|p2a: Your mom|brn\n|-activate|p2a: Your mom|ability: Synchronize\n|-immune|p1a: Avatar Roshi\n|\n|-damage|p2a: Your mom|54\/100 brn|[from] brn\n|upkeep\n|turn|5\n|\n|t:|1699574889\n|move|p2a: Your mom|Cross Poison|p1a: Avatar Roshi\n|-damage|p1a: Avatar Roshi|75\/100\n|move|p1a: Avatar Roshi|Steam Eruption|p2a: Your mom\n|-damage|p2a: Your mom|16\/100 brn\n|\n|-damage|p2a: Your mom|10\/100 brn|[from] brn\n|upkeep\n|turn|6\n|\n|t:|1699574908\n|switch|p2a: Chonky Tank|Blissey, F|100\/100\n|move|p1a: Avatar Roshi|Steam Eruption|p2a: Chonky Tank\n|-damage|p2a: Chonky Tank|83\/100\n|\n|-heal|p2a: Chonky Tank|89\/100|[from] item: Leftovers\n|upkeep\n|turn|7\n|\n|t:|1699574952\n|switch|p1a: Zuko|Toxtricity, M|100\/100\n|move|p2a: Chonky Tank|Counter||[still]\n|-fail|p2a: Chonky Tank\n|\n|-heal|p2a: Chonky Tank|96\/100|[from] item: Leftovers\n|upkeep\n|turn|8\n|\n|t:|1699574977\n|switch|p2a: Metal Bessie|Steelix, F, shiny|100\/100\n|move|p1a: Zuko|Toxic Spikes|p2a: Metal Bessie\n|-sidestart|p2: Smitty47401|move: Toxic Spikes\n|\n|upkeep\n|turn|9\n|\n|t:|1699575064\n|switch|p1a: Uncle Iroh|Breloom, F|100\/100\n|detailschange|p2a: Metal Bessie|Steelix-Mega, F, shiny\n|-mega|p2a: Metal Bessie|Steelix|Steelixite\n|move|p2a: Metal Bessie|Earthquake|p1a: Uncle Iroh\n|-resisted|p1a: Uncle Iroh\n|-damage|p1a: Uncle Iroh|58\/100\n|\n|upkeep\n|turn|10\n|\n|t:|1699575101\n|switch|p2a: Toxolizard|Salazzle, F, shiny|100\/100\n|-sideend|p2: Smitty47401|move: Toxic Spikes|[of] p2a: Toxolizard\n|move|p1a: Uncle Iroh|Close Combat|p2a: Toxolizard\n|-resisted|p2a: Toxolizard\n|-damage|p2a: Toxolizard|11\/100\n|-unboost|p1a: Uncle Iroh|def|1\n|-unboost|p1a: Uncle Iroh|spd|1\n|\n|upkeep\n|turn|11\n|\n|t:|1699575145\n|switch|p1a: Avatar Roshi|Volcanion|75\/100\n|move|p2a: Toxolizard|Sludge Wave|p1a: Avatar Roshi\n|-damage|p1a: Avatar Roshi|42\/100\n|-status|p1a: Avatar Roshi|psn\n|\n|-damage|p1a: Avatar Roshi|29\/100 psn|[from] psn\n|upkeep\n|turn|12\n|\n|t:|1699575174\n|switch|p1a: Zuko|Toxtricity, M|100\/100\n|move|p2a: Toxolizard|Hidden Power|p1a: Zuko\n|-resisted|p1a: Zuko\n|-crit|p1a: Zuko\n|-damage|p1a: Zuko|81\/100\n|\n|upkeep\n|turn|13\n|\n|t:|1699575197\n|switch|p2a: Metal Bessie|Steelix-Mega, F, shiny|100\/100\n|move|p1a: Zuko|Boomburst|p2a: Metal Bessie\n|-resisted|p2a: Metal Bessie\n|-damage|p2a: Metal Bessie|77\/100\n|\n|upkeep\n|turn|14\n|\n|t:|1699575270\n|switch|p1a: Aang|Electrode-Hisui|100\/100\n|move|p2a: Metal Bessie|Earthquake|p1a: Aang\n|-damage|p1a: Aang|0 fnt\n|faint|p1a: Aang\n|\n|upkeep\n|\n|t:|1699575288\n|switch|p1a: Uncle Iroh|Breloom, F|58\/100\n|turn|15\n|\n|t:|1699575315\n|switch|p2a: Fire Hulk|Darmanitan, M, shiny|100\/100\n|move|p1a: Uncle Iroh|Mach Punch|p2a: Fire Hulk\n|-damage|p2a: Fire Hulk|23\/100\n|\n|upkeep\n|turn|16\n|\n|t:|1699575344\n|move|p1a: Uncle Iroh|Mach Punch|p2a: Fire Hulk\n|-damage|p2a: Fire Hulk|0 fnt\n|faint|p2a: Fire Hulk\n|\n|upkeep\n|\n|t:|1699575375\n|switch|p2a: Metal Bessie|Steelix-Mega, F, shiny|77\/100\n|turn|17\n|\n|t:|1699575385\n|move|p1a: Uncle Iroh|Mach Punch|p2a: Metal Bessie\n|-supereffective|p2a: Metal Bessie\n|-damage|p2a: Metal Bessie|34\/100\n|move|p2a: Metal Bessie|Earthquake|p1a: Uncle Iroh\n|-resisted|p1a: Uncle Iroh\n|-damage|p1a: Uncle Iroh|15\/100\n|\n|upkeep\n|turn|18\n|\n|t:|1699575393\n|switch|p2a: Chonky Tank|Blissey, F|96\/100\n|move|p1a: Uncle Iroh|Mach Punch|p2a: Chonky Tank\n|-supereffective|p2a: Chonky Tank\n|-damage|p2a: Chonky Tank|9\/100\n|\n|-heal|p2a: Chonky Tank|15\/100|[from] item: Leftovers\n|upkeep\n|turn|19\n|\n|t:|1699575405\n|move|p1a: Uncle Iroh|Mach Punch|p2a: Chonky Tank\n|-supereffective|p2a: Chonky Tank\n|-damage|p2a: Chonky Tank|0 fnt\n|faint|p2a: Chonky Tank\n|\n|upkeep\n|\n|t:|1699575423\n|switch|p2a: Metal Bessie|Steelix-Mega, F, shiny|34\/100\n|turn|20\n|\n|t:|1699575453\n|move|p1a: Uncle Iroh|Mach Punch|p2a: Metal Bessie\n|-supereffective|p2a: Metal Bessie\n|-damage|p2a: Metal Bessie|0 fnt\n|faint|p2a: Metal Bessie\n|\n|upkeep\n|\n|t:|1699575458\n|switch|p2a: Your mom|Mew, shiny|10\/100 brn\n|turn|21\n|\n|t:|1699575463\n|move|p1a: Uncle Iroh|Mach Punch|p2a: Your mom\n|-resisted|p2a: Your mom\n|-damage|p2a: Your mom|0 fnt\n|faint|p2a: Your mom\n|\n|upkeep\n|\n|t:|1699575477\n|switch|p2a: Toxolizard|Salazzle, F, shiny|11\/100\n|turn|22\n|\n|t:|1699575484\n|move|p1a: Uncle Iroh|Mach Punch|p2a: Toxolizard\n|-resisted|p2a: Toxolizard\n|-damage|p2a: Toxolizard|0 fnt\n|faint|p2a: Toxolizard\n|\n|upkeep\n|\n|t:|1699575487\n|switch|p2a: Icy Death|Ninetales-Alola, M, shiny|100\/100\n|-weather|Snow|[from] ability: Snow Warning|[of] p2a: Icy Death\n|turn|23\n|\n|t:|1699575522\n|switch|p1a: Katara|Dachsbun, F|100\/100\n|move|p2a: Icy Death|Moonblast|p1a: Katara\n|-damage|p1a: Katara|55\/100\n|-unboost|p1a: Katara|spa|1\n|\n|-weather|Snow|[upkeep]\n|-heal|p1a: Katara|61\/100|[from] item: Leftovers\n|upkeep\n|turn|24\n|\n|t:|1699575541\n|move|p1a: Katara|Protect|p1a: Katara\n|-singleturn|p1a: Katara|Protect\n|move|p2a: Icy Death|Ice Beam|p1a: Katara\n|-activate|p1a: Katara|move: Protect\n|\n|-weather|Snow|[upkeep]\n|-heal|p1a: Katara|67\/100|[from] item: Leftovers\n|upkeep\n|turn|25\n|\n|t:|1699575598\n|move|p2a: Icy Death|Ice Beam|p1a: Katara\n|-damage|p1a: Katara|24\/100\n|move|p1a: Katara|Yawn|p2a: Icy Death\n|-start|p2a: Icy Death|move: Yawn|[of] p1a: Katara\n|\n|-weather|Snow|[upkeep]\n|-heal|p1a: Katara|30\/100|[from] item: Leftovers\n|upkeep\n|turn|26\n|\n|t:|1699575616\n|move|p1a: Katara|Protect|p1a: Katara\n|-singleturn|p1a: Katara|Protect\n|move|p2a: Icy Death|Ice Beam|p1a: Katara\n|-activate|p1a: Katara|move: Protect\n|\n|-weather|Snow|[upkeep]\n|-heal|p1a: Katara|36\/100|[from] item: Leftovers\n|-end|p2a: Icy Death|move: Yawn|[silent]\n|-status|p2a: Icy Death|slp\n|upkeep\n|turn|27\n|\n|t:|1699575640\n|switch|p1a: Zuko|Toxtricity, M|81\/100\n|cant|p2a: Icy Death|slp\n|\n|-weather|none\n|upkeep\n|turn|28\n|\n|t:|1699575647\n|cant|p2a: Icy Death|slp\n|move|p1a: Zuko|Sludge Wave|p2a: Icy Death\n|-supereffective|p2a: Icy Death\n|-enditem|p2a: Icy Death|Focus Sash\n|-damage|p2a: Icy Death|1\/100 slp\n|\n|upkeep\n|turn|29\n|\n|t:|1699575665\n|cant|p2a: Icy Death|slp\n|move|p1a: Zuko|Volt Switch|p2a: Icy Death\n|-damage|p2a: Icy Death|0 fnt\n|faint|p2a: Icy Death\n|\n|win|voltorbys\n|c|\u2606voltorbys|ggs bro\n|c|\u2606voltorbys|you gave me a heart attack\n","uploadtime":1699575685,"views":49,"p1id":"voltorbys","p2id":"smitty47401","formatid":"gen9nationaldex","rating":0,"private":0,"password":""}