{"id":"gen9nationaldex-1995446570","p1":"DJRRRR","p2":"Mr-Mongol","format":"[Gen 9] National Dex","log":"|html|<div class=\"broadcast-blue\"><strong>[Gen 9] National Dex is currently suspecting Sneasler! For information on how to participate check out the <a href=\"https:\/\/www.smogon.com\/forums\/threads\/sv-national-dex-suspect-8-just-dance.3731534\/\">suspect thread<\/a>.<\/strong><\/div>\n|j|\u2606DJRRRR\n|j|\u2606Mr-Mongol\n|t:|1700571780\n|gametype|singles\n|player|p1|DJRRRR|169|1359\n|player|p2|Mr-Mongol|dragontamer|1465\n|teamsize|p1|6\n|teamsize|p2|6\n|gen|9\n|tier|[Gen 9] National Dex\n|rated|\n|rule|HP Percentage Mod: HP is shown in percentages\n|rule|Endless Battle Clause: Forcing endless battles is banned\n|rule|OHKO Clause: OHKO moves are banned\n|rule|Evasion Clause: Evasion abilities, items, and moves are banned\n|rule|Evasion Abilities Clause: Evasion abilities are banned\n|rule|Evasion Items Clause: Evasion items are banned\n|rule|Evasion Moves Clause: Evasion moves are banned\n|rule|Species Clause: Limit one of each Pok\u00e9mon\n|rule|Sleep Clause Mod: Limit one foe put to sleep\n|clearpoke\n|poke|p1|Banette, F|\n|poke|p1|Dragonite, M|\n|poke|p1|Tapu Koko|\n|poke|p1|Iron Valiant|\n|poke|p1|Rillaboom, M|\n|poke|p1|Greninja-*, M|\n|poke|p2|Tapu Koko|\n|poke|p2|Iron Valiant|\n|poke|p2|Sneasler, F|\n|poke|p2|Iron Moth|\n|poke|p2|Landorus-Therian, M|\n|poke|p2|Scizor, M|\n|teampreview\n|\n|t:|1700571814\n|start\n|switch|p1a: Banette|Banette, F|100\/100\n|switch|p2a: Tapu Koko|Tapu Koko|100\/100\n|-fieldstart|move: Electric Terrain|[from] ability: Electric Surge|[of] p2a: Tapu Koko\n|turn|1\n|\n|t:|1700571829\n|switch|p1a: Rillaboom|Rillaboom, M|100\/100\n|-fieldstart|move: Grassy Terrain|[from] ability: Grassy Surge|[of] p1a: Rillaboom\n|move|p2a: Tapu Koko|Thunderbolt|p1a: Rillaboom\n|-resisted|p1a: Rillaboom\n|-damage|p1a: Rillaboom|75\/100\n|\n|-heal|p1a: Rillaboom|81\/100|[from] Grassy Terrain\n|upkeep\n|turn|2\n|\n|t:|1700571839\n|move|p2a: Tapu Koko|U-turn|p1a: Rillaboom\n|-supereffective|p1a: Rillaboom\n|-damage|p1a: Rillaboom|48\/100\n|inactive|Battle timer is ON: inactive players will automatically lose when time's up. (requested by DJRRRR)\n|\n|t:|1700571841\n|switch|p2a: Scizor|Scizor, M|100\/100|[from] U-turn\n|move|p1a: Rillaboom|U-turn|p2a: Scizor\n|-resisted|p2a: Scizor\n|-damage|p2a: Scizor|78\/100\n|\n|t:|1700571853\n|switch|p1a: Tapu Koko|Tapu Koko|100\/100|[from] U-turn\n|-fieldstart|move: Electric Terrain|[from] ability: Electric Surge|[of] p1a: Tapu Koko\n|\n|upkeep\n|turn|3\n|\n|t:|1700571868\n|switch|p1a: Greninja|Greninja, M|100\/100\n|switch|p2a: Landorus|Landorus-Therian, M|100\/100\n|-ability|p2a: Landorus|Intimidate|boost\n|-unboost|p1a: Greninja|atk|1\n|\n|upkeep\n|turn|4\n|\n|t:|1700571883\n|switch|p2a: Sneasler|Sneasler, F|100\/100\n|-enditem|p2a: Sneasler|Electric Seed\n|-boost|p2a: Sneasler|def|1|[from] item: Electric Seed\n|move|p1a: Greninja|Surf|p2a: Sneasler\n|-damage|p2a: Sneasler|34\/100\n|-damage|p1a: Greninja|91\/100|[from] item: Life Orb\n|\n|upkeep\n|turn|5\n|\n|t:|1700571892\n|move|p1a: Greninja|Water Shuriken|p2a: Sneasler\n|-damage|p2a: Sneasler|24\/100\n|-damage|p2a: Sneasler|11\/100\n|-damage|p2a: Sneasler|0 fnt\n|faint|p2a: Sneasler\n|-ability|p1a: Greninja|Battle Bond|boost\n|-boost|p1a: Greninja|atk|1\n|-boost|p1a: Greninja|spa|1\n|-boost|p1a: Greninja|spe|1\n|-activate|p1a: Greninja|ability: Battle Bond\n|-hitcount|p2: Sneasler|3\n|-damage|p1a: Greninja|81\/100|[from] item: Life Orb\n|\n|upkeep\n|\n|t:|1700571901\n|switch|p2a: Tapu Koko|Tapu Koko|100\/100\n|turn|6\n|\n|t:|1700571906\n|-terastallize|p1a: Greninja|Water\n|move|p1a: Greninja|Surf|p2a: Tapu Koko\n|-damage|p2a: Tapu Koko|0 fnt\n|faint|p2a: Tapu Koko\n|-damage|p1a: Greninja|71\/100|[from] item: Life Orb\n|\n|-fieldend|move: Electric Terrain\n|upkeep\n|\n|t:|1700571912\n|switch|p2a: Scizor|Scizor, M|78\/100\n|turn|7\n|\n|t:|1700571920\n|detailschange|p2a: Scizor|Scizor-Mega, M\n|-mega|p2a: Scizor|Scizor|Scizorite\n|move|p1a: Greninja|Surf|p2a: Scizor\n|-damage|p2a: Scizor|0 fnt\n|faint|p2a: Scizor\n|-damage|p1a: Greninja|61\/100|[from] item: Life Orb\n|\n|upkeep\n|-message|Mr-Mongol forfeited.\n|\n|win|DJRRRR\n|raw|DJRRRR's rating: 1359 &rarr; <strong>1385<\/strong><br \/>(+26 for winning)\n|raw|Mr-Mongol's rating: 1465 &rarr; <strong>1439<\/strong><br \/>(-26 for losing)\n|l|\u2606Mr-Mongol\n","uploadtime":1700571932,"views":4,"p1id":"djrrrr","p2id":"mrmongol","formatid":"gen9nationaldex","rating":1385,"private":0,"password":""}