{"id":"gen9nationaldex-1993802223","p1":"APBIOgod","p2":"As cheu","format":"[Gen 9] National Dex","log":"|j|\u2606APBIOgod\n|j|\u2606As cheu\n|t:|1700359045\n|gametype|singles\n|player|p1|APBIOgod|266|1561\n|player|p2|As cheu|officeworker|1587\n|teamsize|p1|6\n|teamsize|p2|6\n|gen|9\n|tier|[Gen 9] National Dex\n|rated|\n|rule|HP Percentage Mod: HP is shown in percentages\n|rule|Endless Battle Clause: Forcing endless battles is banned\n|rule|OHKO Clause: OHKO moves are banned\n|rule|Evasion Clause: Evasion abilities, items, and moves are banned\n|rule|Evasion Abilities Clause: Evasion abilities are banned\n|rule|Evasion Items Clause: Evasion items are banned\n|rule|Evasion Moves Clause: Evasion moves are banned\n|rule|Species Clause: Limit one of each Pok\u00e9mon\n|rule|Sleep Clause Mod: Limit one foe put to sleep\n|clearpoke\n|poke|p1|Clodsire, F|\n|poke|p1|Iron Valiant|\n|poke|p1|Corviknight, F|\n|poke|p1|Garganacl, M|\n|poke|p1|Lopunny, M|\n|poke|p1|Tapu Koko|\n|poke|p2|Cloyster, M|\n|poke|p2|Umbreon, F|\n|poke|p2|Gardevoir, F|\n|poke|p2|Forretress, M|\n|poke|p2|Thundurus-Therian, M|\n|poke|p2|Sneasler, M|\n|teampreview\n|\n|t:|1700359058\n|start\n|switch|p1a: Tapu Koko|Tapu Koko|100\/100\n|switch|p2a: Sneasler|Sneasler, M|100\/100\n|-fieldstart|move: Electric Terrain|[from] ability: Electric Surge|[of] p1a: Tapu Koko\n|turn|1\n|inactive|Battle timer is ON: inactive players will automatically lose when time's up. (requested by As cheu)\n|\n|t:|1700359075\n|move|p1a: Tapu Koko|Dazzling Gleam|p2a: Sneasler\n|-damage|p2a: Sneasler|58\/100\n|move|p2a: Sneasler|Dire Claw|p1a: Tapu Koko\n|-supereffective|p1a: Tapu Koko\n|-damage|p1a: Tapu Koko|0 fnt\n|faint|p1a: Tapu Koko\n|\n|upkeep\n|\n|t:|1700359099\n|switch|p1a: Iron Valiant|Iron Valiant|100\/100\n|-activate|p1a: Iron Valiant|ability: Quark Drive\n|-start|p1a: Iron Valiant|quarkdrivespe\n|turn|2\n|\n|t:|1700359108\n|move|p2a: Sneasler|Dire Claw|p1a: Iron Valiant\n|-supereffective|p1a: Iron Valiant\n|-damage|p1a: Iron Valiant|0 fnt\n|faint|p1a: Iron Valiant\n|-end|p1a: Iron Valiant|Quark Drive|[silent]\n|\n|upkeep\n|\n|t:|1700359114\n|switch|p1a: Garganacl|Garganacl, M|100\/100\n|turn|3\n|\n|t:|1700359127\n|switch|p2a: Forretress|Forretress, M|100\/100\n|move|p1a: Garganacl|Iron Defense|p1a: Garganacl\n|-boost|p1a: Garganacl|def|2\n|\n|upkeep\n|turn|4\n|\n|t:|1700359138\n|move|p2a: Forretress|Stealth Rock|p1a: Garganacl\n|-sidestart|p1: APBIOgod|move: Stealth Rock\n|move|p1a: Garganacl|Iron Defense|p1a: Garganacl\n|-boost|p1a: Garganacl|def|2\n|\n|upkeep\n|turn|5\n|\n|t:|1700359156\n|switch|p2a: Sneasler|Sneasler, M|58\/100\n|move|p1a: Garganacl|Iron Defense|p1a: Garganacl\n|-boost|p1a: Garganacl|def|2\n|\n|-fieldend|move: Electric Terrain\n|upkeep\n|turn|6\n|\n|t:|1700359165\n|move|p2a: Sneasler|Switcheroo|p1a: Garganacl\n|-activate|p2a: Sneasler|move: Trick|[of] p1a: Garganacl\n|-item|p1a: Garganacl|Choice Scarf|[from] move: Switcheroo\n|-item|p2a: Sneasler|Leftovers|[from] move: Switcheroo\n|move|p1a: Garganacl|Body Press|p2a: Sneasler\n|-resisted|p2a: Sneasler\n|-damage|p2a: Sneasler|0 fnt\n|faint|p2a: Sneasler\n|\n|upkeep\n|\n|t:|1700359173\n|switch|p2a: \u88d9\u4e0b\u4e4b\u81e3|Gardevoir, F, shiny|100\/100\n|-ability|p2a: \u88d9\u4e0b\u4e4b\u81e3|Purifying Salt|[from] ability: Trace|[of] p1a: Garganacl\n|turn|7\n|\n|t:|1700359178\n|detailschange|p2a: \u88d9\u4e0b\u4e4b\u81e3|Gardevoir-Mega, F, shiny\n|-mega|p2a: \u88d9\u4e0b\u4e4b\u81e3|Gardevoir|Gardevoirite\n|move|p2a: \u88d9\u4e0b\u4e4b\u81e3|Calm Mind|p2a: \u88d9\u4e0b\u4e4b\u81e3\n|-boost|p2a: \u88d9\u4e0b\u4e4b\u81e3|spa|1\n|-boost|p2a: \u88d9\u4e0b\u4e4b\u81e3|spd|1\n|move|p1a: Garganacl|Body Press|p2a: \u88d9\u4e0b\u4e4b\u81e3\n|-resisted|p2a: \u88d9\u4e0b\u4e4b\u81e3\n|-damage|p2a: \u88d9\u4e0b\u4e4b\u81e3|75\/100\n|\n|upkeep\n|turn|8\n|\n|t:|1700359187\n|move|p2a: \u88d9\u4e0b\u4e4b\u81e3|Hyper Voice|p1a: Garganacl\n|-damage|p1a: Garganacl|44\/100\n|move|p1a: Garganacl|Body Press|p2a: \u88d9\u4e0b\u4e4b\u81e3\n|-resisted|p2a: \u88d9\u4e0b\u4e4b\u81e3\n|-damage|p2a: \u88d9\u4e0b\u4e4b\u81e3|50\/100\n|\n|upkeep\n|turn|9\n|\n|t:|1700359198\n|switch|p1a: APBIOclod|Clodsire, F|100\/100\n|-damage|p1a: APBIOclod|94\/100|[from] Stealth Rock\n|move|p2a: \u88d9\u4e0b\u4e4b\u81e3|Hyper Voice|p1a: APBIOclod\n|-resisted|p1a: APBIOclod\n|-damage|p1a: APBIOclod|79\/100\n|\n|-heal|p1a: APBIOclod|85\/100|[from] item: Leftovers\n|upkeep\n|turn|10\n|\n|t:|1700359208\n|move|p2a: \u88d9\u4e0b\u4e4b\u81e3|Psyshock|p1a: APBIOclod\n|-supereffective|p1a: APBIOclod\n|-damage|p1a: APBIOclod|0 fnt\n|faint|p1a: APBIOclod\n|\n|upkeep\n|-message|APBIOgod forfeited.\n|\n|win|As cheu\n|raw|APBIOgod's rating: 1561 &rarr; <strong>1542<\/strong><br \/>(-19 for losing)\n|raw|As cheu's rating: 1587 &rarr; <strong>1606<\/strong><br \/>(+19 for winning)\n|l|\u2606APBIOgod\n","uploadtime":1700359222,"views":16,"p1id":"apbiogod","p2id":"ascheu","formatid":"gen9nationaldex","rating":1542,"private":0,"password":""}