{"id":"gen9nationaldex-1993689294","p1":"leafeon_ale","p2":"JasperSDx","format":"[Gen 9] National Dex","log":"|j|\u2606leafeon_ale\n|j|\u2606JasperSDx\n|t:|1700345834\n|gametype|singles\n|player|p1|leafeon_ale|265|\n|player|p2|JasperSDx|101|\n|teamsize|p1|6\n|teamsize|p2|6\n|gen|9\n|tier|[Gen 9] National Dex\n|rule|HP Percentage Mod: HP is shown in percentages\n|rule|Endless Battle Clause: Forcing endless battles is banned\n|rule|OHKO Clause: OHKO moves are banned\n|rule|Evasion Clause: Evasion abilities, items, and moves are banned\n|rule|Evasion Abilities Clause: Evasion abilities are banned\n|rule|Evasion Items Clause: Evasion items are banned\n|rule|Evasion Moves Clause: Evasion moves are banned\n|rule|Species Clause: Limit one of each Pok\u00e9mon\n|rule|Sleep Clause Mod: Limit one foe put to sleep\n|clearpoke\n|poke|p1|Maushold-Four|\n|poke|p1|Tinkaton, F|\n|poke|p1|Ting-Lu|\n|poke|p1|Garganacl, F|\n|poke|p1|Ogerpon-Wellspring, F|\n|poke|p1|Pawmo, F|\n|poke|p2|Tapu Bulu|\n|poke|p2|Charjabug, F|\n|poke|p2|Celesteela|\n|poke|p2|Palossand, F|\n|poke|p2|Necrozma|\n|poke|p2|Zeraora|\n|teampreview\n|\n|t:|1700345853\n|start\n|switch|p1a: Garganacl|Garganacl, F|100\/100\n|switch|p2a: Tapu Bulu|Tapu Bulu|100\/100\n|-fieldstart|move: Grassy Terrain|[from] ability: Grassy Surge|[of] p2a: Tapu Bulu\n|-item|p1a: Garganacl|Air Balloon\n|turn|1\n|\n|t:|1700345867\n|move|p2a: Tapu Bulu|Wood Hammer|p1a: Garganacl\n|-supereffective|p1a: Garganacl\n|-damage|p1a: Garganacl|0 fnt\n|-enditem|p1a: Garganacl|Air Balloon\n|faint|p1a: Garganacl\n|-damage|p2a: Tapu Bulu|53\/100|[from] Recoil\n|\n|-heal|p2a: Tapu Bulu|59\/100|[from] Grassy Terrain\n|upkeep\n|\n|t:|1700345877\n|switch|p1a: Tinkaton|Tinkaton, F|100\/100\n|-ability|p1a: Tinkaton|Mold Breaker\n|turn|2\n|\n|t:|1700345885\n|switch|p2a: Charjabug|Charjabug, F|100\/100\n|move|p1a: Tinkaton|Ice Hammer|p2a: Charjabug\n|-damage|p2a: Charjabug|87\/100\n|-unboost|p1a: Tinkaton|spe|1\n|\n|-heal|p2a: Charjabug|93\/100|[from] Grassy Terrain\n|upkeep\n|turn|3\n|\n|t:|1700345896\n|switch|p1a: Pawmo|Pawmo, F|100\/100\n|move|p2a: Charjabug|Sticky Web|p1a: Pawmo\n|-sidestart|p1: leafeon_ale|move: Sticky Web\n|\n|-heal|p2a: Charjabug|99\/100|[from] Grassy Terrain\n|upkeep\n|turn|4\n|\n|t:|1700345906\n|switch|p2a: Palossand|Palossand, F|100\/100\n|move|p1a: Pawmo|Fake Out|p2a: Palossand\n|-immune|p2a: Palossand\n|\n|upkeep\n|turn|5\n|\n|t:|1700345920\n|switch|p1a: Ting-Lu|Ting-Lu|100\/100\n|-activate|p1a: Ting-Lu|move: Sticky Web\n|-unboost|p1a: Ting-Lu|spe|1\n|-ability|p1a: Ting-Lu|Vessel of Ruin\n|move|p2a: Palossand|Stealth Rock|p1a: Ting-Lu\n|-sidestart|p1: leafeon_ale|move: Stealth Rock\n|\n|-fieldend|move: Grassy Terrain\n|upkeep\n|turn|6\n|\n|t:|1700345932\n|switch|p2a: Tapu Bulu|Tapu Bulu|59\/100\n|-fieldstart|move: Grassy Terrain|[from] ability: Grassy Surge|[of] p2a: Tapu Bulu\n|move|p1a: Ting-Lu|Stealth Rock|p2a: Tapu Bulu\n|-sidestart|p2: JasperSDx|move: Stealth Rock\n|\n|-heal|p2a: Tapu Bulu|65\/100|[from] Grassy Terrain\n|upkeep\n|turn|7\n|\n|t:|1700345948\n|switch|p1a: Tinkaton|Tinkaton, F|100\/100\n|-activate|p1a: Tinkaton|move: Sticky Web\n|-unboost|p1a: Tinkaton|spe|1\n|-damage|p1a: Tinkaton|94\/100|[from] Stealth Rock\n|-ability|p1a: Tinkaton|Mold Breaker\n|move|p2a: Tapu Bulu|Wood Hammer|p1a: Tinkaton\n|-resisted|p1a: Tinkaton\n|-damage|p1a: Tinkaton|11\/100\n|-damage|p2a: Tapu Bulu|35\/100|[from] Recoil\n|\n|-heal|p2a: Tapu Bulu|41\/100|[from] Grassy Terrain\n|-heal|p1a: Tinkaton|17\/100|[from] Grassy Terrain\n|upkeep\n|turn|8\n|\n|t:|1700345967\n|switch|p2a: Charjabug|Charjabug, F|99\/100\n|-damage|p2a: Charjabug|74\/100|[from] Stealth Rock\n|move|p1a: Tinkaton|Gigaton Hammer|p2a: Charjabug\n|-resisted|p2a: Charjabug\n|-damage|p2a: Charjabug|60\/100\n|\n|-heal|p1a: Tinkaton|23\/100|[from] Grassy Terrain\n|-heal|p2a: Charjabug|66\/100|[from] Grassy Terrain\n|upkeep\n|turn|9\n|\n|t:|1700345978\n|move|p1a: Tinkaton|Ice Hammer|p2a: Charjabug\n|-damage|p2a: Charjabug|52\/100\n|-unboost|p1a: Tinkaton|spe|1\n|move|p2a: Charjabug|Thunder Wave|p1a: Tinkaton\n|-status|p1a: Tinkaton|par\n|\n|-heal|p2a: Charjabug|58\/100|[from] Grassy Terrain\n|-heal|p1a: Tinkaton|29\/100 par|[from] Grassy Terrain\n|upkeep\n|turn|10\n|\n|t:|1700345989\n|move|p2a: Charjabug|Volt Switch|p1a: Tinkaton\n|-damage|p1a: Tinkaton|19\/100 par\n|\n|t:|1700345993\n|switch|p2a: Palossand|Palossand, F|100\/100|[from] Volt Switch\n|-damage|p2a: Palossand|94\/100|[from] Stealth Rock\n|move|p1a: Tinkaton|Gigaton Hammer|p2a: Palossand\n|-damage|p2a: Palossand|57\/100\n|\n|-heal|p2a: Palossand|63\/100|[from] Grassy Terrain\n|-heal|p1a: Tinkaton|25\/100 par|[from] Grassy Terrain\n|-fieldend|move: Grassy Terrain\n|upkeep\n|turn|11\n|\n|t:|1700346005\n|move|p2a: Palossand|Earth Power|p1a: Tinkaton\n|-supereffective|p1a: Tinkaton\n|-damage|p1a: Tinkaton|0 fnt\n|faint|p1a: Tinkaton\n|\n|upkeep\n|\n|t:|1700346016\n|switch|p1a: Ogerpon|Ogerpon-Wellspring, F|100\/100\n|-activate|p1a: Ogerpon|move: Sticky Web\n|-unboost|p1a: Ogerpon|spe|1\n|-damage|p1a: Ogerpon|88\/100|[from] Stealth Rock\n|turn|12\n|\n|t:|1700346024\n|-terastallize|p2a: Palossand|Water\n|move|p1a: Ogerpon|Knock Off|p2a: Palossand\n|-crit|p2a: Palossand\n|-damage|p2a: Palossand|26\/100\n|-damage|p1a: Ogerpon|72\/100|[from] item: Rocky Helmet|[of] p2a: Palossand\n|-enditem|p2a: Palossand|Rocky Helmet|[from] move: Knock Off|[of] p1a: Ogerpon\n|move|p2a: Palossand|Shadow Ball|p1a: Ogerpon\n|-damage|p1a: Ogerpon|36\/100\n|\n|upkeep\n|turn|13\n|\n|t:|1700346035\n|move|p1a: Ogerpon|Knock Off|p2a: Palossand\n|-damage|p2a: Palossand|10\/100\n|move|p2a: Palossand|Shadow Ball|p1a: Ogerpon\n|-damage|p1a: Ogerpon|1\/100\n|\n|upkeep\n|turn|14\n|\n|t:|1700346041\n|move|p1a: Ogerpon|Knock Off|p2a: Palossand\n|-damage|p2a: Palossand|0 fnt\n|faint|p2a: Palossand\n|\n|upkeep\n|\n|t:|1700346043\n|switch|p2a: Zeraora|Zeraora|100\/100\n|-damage|p2a: Zeraora|88\/100|[from] Stealth Rock\n|turn|15\n|\n|t:|1700346050\n|move|p2a: Zeraora|Knock Off|p1a: Ogerpon\n|-damage|p1a: Ogerpon|0 fnt\n|faint|p1a: Ogerpon\n|\n|upkeep\n|\n|t:|1700346054\n|switch|p1a: Maushold|Maushold-Four|100\/100\n|-activate|p1a: Maushold|move: Sticky Web\n|-unboost|p1a: Maushold|spe|1\n|-damage|p1a: Maushold|88\/100|[from] Stealth Rock\n|turn|16\n|\n|t:|1700346061\n|-terastallize|p1a: Maushold|Normal\n|move|p2a: Zeraora|Close Combat|p1a: Maushold\n|-supereffective|p1a: Maushold\n|-damage|p1a: Maushold|0 fnt\n|-unboost|p2a: Zeraora|def|1\n|-unboost|p2a: Zeraora|spd|1\n|faint|p1a: Maushold\n|\n|upkeep\n|\n|t:|1700346071\n|switch|p1a: Ting-Lu|Ting-Lu|100\/100\n|-activate|p1a: Ting-Lu|move: Sticky Web\n|-unboost|p1a: Ting-Lu|spe|1\n|-damage|p1a: Ting-Lu|94\/100|[from] Stealth Rock\n|-ability|p1a: Ting-Lu|Vessel of Ruin\n|turn|17\n|\n|t:|1700346080\n|switch|p2a: Tapu Bulu|Tapu Bulu|41\/100\n|-damage|p2a: Tapu Bulu|28\/100|[from] Stealth Rock\n|-fieldstart|move: Grassy Terrain|[from] ability: Grassy Surge|[of] p2a: Tapu Bulu\n|move|p1a: Ting-Lu|Stone Edge|p2a: Tapu Bulu\n|-damage|p2a: Tapu Bulu|0 fnt\n|faint|p2a: Tapu Bulu\n|\n|-heal|p1a: Ting-Lu|100\/100|[from] Grassy Terrain\n|upkeep\n|\n|t:|1700346088\n|switch|p2a: Celesteela|Celesteela|100\/100\n|-damage|p2a: Celesteela|88\/100|[from] Stealth Rock\n|turn|18\n|\n|t:|1700346094\n|move|p2a: Celesteela|Leech Seed|p1a: Ting-Lu\n|-start|p1a: Ting-Lu|move: Leech Seed\n|move|p1a: Ting-Lu|Stone Edge|p2a: Celesteela\n|-damage|p2a: Celesteela|62\/100\n|\n|-heal|p2a: Celesteela|68\/100|[from] item: Leftovers\n|-damage|p1a: Ting-Lu|88\/100|[from] Leech Seed|[of] p2a: Celesteela\n|-heal|p2a: Celesteela|84\/100|[silent]\n|upkeep\n|turn|19\n|\n|t:|1700346105\n|move|p2a: Celesteela|Heavy Slam|p1a: Ting-Lu\n|-damage|p1a: Ting-Lu|81\/100\n|-damage|p2a: Celesteela|68\/100|[from] item: Rocky Helmet|[of] p1a: Ting-Lu\n|move|p1a: Ting-Lu|Ruination|p2a: Celesteela\n|-damage|p2a: Celesteela|34\/100\n|\n|-heal|p2a: Celesteela|40\/100|[from] item: Leftovers\n|-heal|p1a: Ting-Lu|87\/100|[from] Grassy Terrain\n|-damage|p1a: Ting-Lu|75\/100|[from] Leech Seed|[of] p2a: Celesteela\n|-heal|p2a: Celesteela|56\/100|[silent]\n|upkeep\n|turn|20\n|\n|t:|1700346117\n|move|p2a: Celesteela|Flamethrower|p1a: Ting-Lu\n|-damage|p1a: Ting-Lu|62\/100\n|move|p1a: Ting-Lu|Ruination|p2a: Celesteela\n|-damage|p2a: Celesteela|28\/100\n|\n|-heal|p2a: Celesteela|34\/100|[from] item: Leftovers\n|-heal|p1a: Ting-Lu|68\/100|[from] Grassy Terrain\n|-damage|p1a: Ting-Lu|56\/100|[from] Leech Seed|[of] p2a: Celesteela\n|-heal|p2a: Celesteela|50\/100|[silent]\n|upkeep\n|turn|21\n|\n|t:|1700346126\n|move|p2a: Celesteela|Flamethrower|p1a: Ting-Lu\n|-damage|p1a: Ting-Lu|42\/100\n|move|p1a: Ting-Lu|Ruination|p2a: Celesteela\n|-damage|p2a: Celesteela|26\/100\n|\n|-heal|p2a: Celesteela|32\/100|[from] item: Leftovers\n|-heal|p1a: Ting-Lu|49\/100|[from] Grassy Terrain\n|-damage|p1a: Ting-Lu|36\/100|[from] Leech Seed|[of] p2a: Celesteela\n|-heal|p2a: Celesteela|48\/100|[silent]\n|-fieldend|move: Grassy Terrain\n|upkeep\n|turn|22\n|\n|t:|1700346138\n|move|p2a: Celesteela|Heavy Slam|p1a: Ting-Lu\n|-damage|p1a: Ting-Lu|29\/100\n|-damage|p2a: Celesteela|31\/100|[from] item: Rocky Helmet|[of] p1a: Ting-Lu\n|move|p1a: Ting-Lu|Stone Edge|p2a: Celesteela\n|-damage|p2a: Celesteela|2\/100\n|\n|-heal|p2a: Celesteela|8\/100|[from] item: Leftovers\n|-damage|p1a: Ting-Lu|16\/100|[from] Leech Seed|[of] p2a: Celesteela\n|-heal|p2a: Celesteela|24\/100|[silent]\n|upkeep\n|turn|23\n|\n|t:|1700346151\n|move|p2a: Celesteela|Protect|p2a: Celesteela\n|-singleturn|p2a: Celesteela|Protect\n|move|p1a: Ting-Lu|Stone Edge|p2a: Celesteela\n|-activate|p2a: Celesteela|move: Protect\n|\n|-heal|p2a: Celesteela|30\/100|[from] item: Leftovers\n|-damage|p1a: Ting-Lu|4\/100|[from] Leech Seed|[of] p2a: Celesteela\n|-heal|p2a: Celesteela|46\/100|[silent]\n|upkeep\n|turn|24\n|\n|t:|1700346160\n|switch|p2a: Necrozma|Necrozma|100\/100\n|-damage|p2a: Necrozma|88\/100|[from] Stealth Rock\n|move|p1a: Ting-Lu|Stone Edge|p2a: Necrozma|[miss]\n|-miss|p1a: Ting-Lu|p2a: Necrozma\n|\n|-damage|p1a: Ting-Lu|0 fnt|[from] Leech Seed|[of] p2a: Necrozma\n|-heal|p2a: Necrozma|92\/100|[silent]\n|faint|p1a: Ting-Lu\n|upkeep\n|\n|t:|1700346169\n|switch|p1a: Pawmo|Pawmo, F|100\/100\n|-activate|p1a: Pawmo|move: Sticky Web\n|-unboost|p1a: Pawmo|spe|1\n|-damage|p1a: Pawmo|94\/100|[from] Stealth Rock\n|turn|25\n|\n|t:|1700346176\n|move|p1a: Pawmo|Fake Out|p2a: Necrozma\n|-damage|p2a: Necrozma|84\/100\n|cant|p2a: Necrozma|flinch\n|\n|upkeep\n|turn|26\n|\n|t:|1700346182\n|move|p2a: Necrozma|Photon Geyser|p1a: Pawmo\n|-supereffective|p1a: Pawmo\n|-damage|p1a: Pawmo|0 fnt\n|faint|p1a: Pawmo\n|-damage|p2a: Necrozma|74\/100|[from] item: Life Orb\n|\n|win|JasperSDx\n","uploadtime":1700346193,"views":44,"p1id":"leafeonale","p2id":"jaspersdx","formatid":"gen9nationaldex","rating":0,"private":0,"password":""}