{"id":"gen9nationaldex-1993291912","p1":"DeathRayKPK","p2":"DracoShivam","format":"[Gen 9] National Dex","log":"|j|\u2606DeathRayKPK\n|j|\u2606DracoShivam\n|t:|1700291714\n|gametype|singles\n|player|p1|DeathRayKPK|170|\n|player|p2|DracoShivam|cynthia-gen4|\n|teamsize|p1|6\n|teamsize|p2|6\n|gen|9\n|tier|[Gen 9] National Dex\n|rule|HP Percentage Mod: HP is shown in percentages\n|rule|Endless Battle Clause: Forcing endless battles is banned\n|rule|OHKO Clause: OHKO moves are banned\n|rule|Evasion Clause: Evasion abilities, items, and moves are banned\n|rule|Evasion Abilities Clause: Evasion abilities are banned\n|rule|Evasion Items Clause: Evasion items are banned\n|rule|Evasion Moves Clause: Evasion moves are banned\n|rule|Species Clause: Limit one of each Pok\u00e9mon\n|rule|Sleep Clause Mod: Limit one foe put to sleep\n|clearpoke\n|poke|p1|Clefable, M|\n|poke|p1|Ogerpon-Wellspring, F|\n|poke|p1|Heatran, M|\n|poke|p1|Zapdos|\n|poke|p1|Volcarona, M|\n|poke|p1|Garganacl, M|\n|poke|p2|Charizard, M|\n|poke|p2|Kartana|\n|poke|p2|Garchomp, F|\n|poke|p2|Landorus-Therian, M|\n|poke|p2|Tapu Koko|\n|poke|p2|Greninja-*, M|\n|teampreview\n|\n|t:|1700291752\n|start\n|switch|p1a: Volcarona|Volcarona, M|100\/100\n|switch|p2a: Tapu Koko|Tapu Koko|100\/100\n|-fieldstart|move: Electric Terrain|[from] ability: Electric Surge|[of] p2a: Tapu Koko\n|turn|1\n|\n|t:|1700291769\n|move|p2a: Tapu Koko|Taunt|p1a: Volcarona\n|-start|p1a: Volcarona|move: Taunt\n|cant|p1a: Volcarona|move: Taunt|Quiver Dance\n|\n|upkeep\n|turn|2\n|\n|t:|1700291776\n|move|p2a: Tapu Koko|Volt Switch|p1a: Volcarona\n|-damage|p1a: Volcarona|66\/100\n|\n|t:|1700291787\n|switch|p2a: Greninja|Greninja, M|100\/100|[from] Volt Switch\n|move|p1a: Volcarona|Fiery Dance|p2a: Greninja\n|-resisted|p2a: Greninja\n|-damage|p2a: Greninja|71\/100\n|-boost|p1a: Volcarona|spa|1\n|\n|upkeep\n|turn|3\n|\n|t:|1700291838\n|switch|p2a: Charizard|Charizard, M|100\/100\n|-terastallize|p1a: Volcarona|Grass\n|move|p1a: Volcarona|Bug Buzz|p2a: Charizard\n|-resisted|p2a: Charizard\n|-damage|p2a: Charizard|85\/100\n|\n|-end|p1a: Volcarona|move: Taunt\n|upkeep\n|turn|4\n|c|\u2606DeathRayKPK|fk\n|\n|t:|1700291852\n|switch|p1a: Zapdos|Zapdos|100\/100\n|detailschange|p2a: Charizard|Charizard-Mega-Y, M\n|-mega|p2a: Charizard|Charizard|Charizardite Y\n|-weather|SunnyDay|[from] ability: Drought|[of] p2a: Charizard\n|move|p2a: Charizard|Air Slash|p1a: Zapdos\n|-resisted|p1a: Zapdos\n|-damage|p1a: Zapdos|75\/100\n|\n|-weather|SunnyDay|[upkeep]\n|upkeep\n|turn|5\n|\n|t:|1700291868\n|switch|p2a: Tapu Koko|Tapu Koko|100\/100\n|move|p1a: Zapdos|Volt Switch|p2a: Tapu Koko\n|-resisted|p2a: Tapu Koko\n|-damage|p2a: Tapu Koko|77\/100\n|\n|t:|1700291888\n|switch|p1a: Garganacl|Garganacl, M|100\/100|[from] Volt Switch\n|\n|-weather|SunnyDay|[upkeep]\n|-fieldend|move: Electric Terrain\n|upkeep\n|turn|6\n|\n|t:|1700291901\n|switch|p1a: Heatran|Heatran, M|100\/100\n|move|p2a: Tapu Koko|Volt Switch|p1a: Heatran\n|-damage|p1a: Heatran|81\/100\n|\n|t:|1700291907\n|switch|p2a: Landorus|Landorus-Therian, M|100\/100|[from] Volt Switch\n|-ability|p2a: Landorus|Intimidate|boost\n|-unboost|p1a: Heatran|atk|1\n|\n|-weather|SunnyDay|[upkeep]\n|-heal|p1a: Heatran|87\/100|[from] item: Leftovers\n|upkeep\n|turn|7\n|c|\u2606DeathRayKPK|thought I saw a grass knot there\n|\n|t:|1700291917\n|switch|p1a: Zapdos|Zapdos|75\/100\n|move|p2a: Landorus|Knock Off|p1a: Zapdos\n|-damage|p1a: Zapdos|48\/100\n|-enditem|p1a: Zapdos|Heavy-Duty Boots|[from] move: Knock Off|[of] p2a: Landorus\n|\n|-weather|SunnyDay|[upkeep]\n|upkeep\n|turn|8\n|c|\u2606DeathRayKPK|wait what hurricane's accuracy is lowered in sunny day?\n|c|\u2606DracoShivam|yes\n|\n|t:|1700291949\n|move|p2a: Landorus|Stealth Rock|p1a: Zapdos\n|-sidestart|p1: DeathRayKPK|move: Stealth Rock\n|move|p1a: Zapdos|Roost|p1a: Zapdos\n|-heal|p1a: Zapdos|98\/100\n|-singleturn|p1a: Zapdos|move: Roost\n|\n|-weather|none\n|upkeep\n|turn|9\n|\n|t:|1700291960\n|switch|p2a: Tapu Koko|Tapu Koko|77\/100\n|-fieldstart|move: Electric Terrain|[from] ability: Electric Surge|[of] p2a: Tapu Koko\n|move|p1a: Zapdos|Defog|p2a: Tapu Koko\n|-unboost|p2a: Tapu Koko|evasion|1\n|-sideend|p1: DeathRayKPK|Stealth Rock|[from] move: Defog|[of] p1a: Zapdos\n|-fieldend|move: Electric Terrain\n|\n|upkeep\n|turn|10\n|\n|t:|1700291982\n|move|p2a: Tapu Koko|Taunt|p1a: Zapdos\n|-start|p1a: Zapdos|move: Taunt\n|move|p1a: Zapdos|Volt Switch|p2a: Tapu Koko\n|-resisted|p2a: Tapu Koko\n|-damage|p2a: Tapu Koko|53\/100\n|inactive|Battle timer is ON: inactive players will automatically lose when time's up. (requested by DracoShivam)\n|\n|t:|1700292034\n|switch|p1a: Ogerpon|Ogerpon-Wellspring, F|100\/100|[from] Volt Switch\n|\n|upkeep\n|turn|11\n|\n|t:|1700292049\n|move|p2a: Tapu Koko|Volt Switch|p1a: Ogerpon\n|-damage|p1a: Ogerpon|63\/100\n|\n|t:|1700292053\n|switch|p2a: Charizard|Charizard-Mega-Y, M|85\/100|[from] Volt Switch\n|-weather|SunnyDay|[from] ability: Drought|[of] p2a: Charizard\n|move|p1a: Ogerpon|Swords Dance|p1a: Ogerpon\n|-boost|p1a: Ogerpon|atk|2\n|\n|-weather|SunnyDay|[upkeep]\n|upkeep\n|turn|12\n|\n|t:|1700292062\n|move|p1a: Ogerpon|Ivy Cudgel|p2a: Charizard|[anim] Ivy Cudgel Water\n|-supereffective|p2a: Charizard\n|-damage|p2a: Charizard|0 fnt\n|faint|p2a: Charizard\n|\n|-weather|SunnyDay|[upkeep]\n|upkeep\n|\n|t:|1700292073\n|switch|p2a: Garchomp|Garchomp, F|100\/100\n|turn|13\n|inactive|DeathRayKPK has 270 seconds left.\n|inactive|DeathRayKPK has 240 seconds left.\n|inactive|DracoShivam has 270 seconds left.\n|\n|t:|1700292148\n|move|p2a: Garchomp|Earthquake|p1a: Ogerpon\n|-resisted|p1a: Ogerpon\n|-damage|p1a: Ogerpon|26\/100\n|move|p1a: Ogerpon|Ivy Cudgel|p2a: Garchomp|[anim] Ivy Cudgel Water\n|-crit|p2a: Garchomp\n|-damage|p2a: Garchomp|5\/100\n|\n|-weather|SunnyDay|[upkeep]\n|upkeep\n|turn|14\n|inactive|DracoShivam has 270 seconds left.\n|\n|t:|1700292165\n|switch|p1a: Zapdos|Zapdos|98\/100\n|move|p2a: Garchomp|Earthquake|p1a: Zapdos\n|-immune|p1a: Zapdos\n|\n|-weather|SunnyDay|[upkeep]\n|upkeep\n|turn|15\n|inactive|DracoShivam has 270 seconds left.\n|\n|t:|1700292187\n|switch|p2a: Landorus|Landorus-Therian, M|100\/100\n|-ability|p2a: Landorus|Intimidate|boost\n|-unboost|p1a: Zapdos|atk|1\n|switch|p1a: Clefable-Hisui|Clefable, M, shiny|100\/100\n|\n|-weather|none\n|upkeep\n|turn|16\n|\n|t:|1700292203\n|move|p2a: Landorus|Knock Off|p1a: Clefable-Hisui\n|-resisted|p1a: Clefable-Hisui\n|-damage|p1a: Clefable-Hisui|87\/100\n|-enditem|p1a: Clefable-Hisui|Leftovers|[from] move: Knock Off|[of] p2a: Landorus\n|move|p1a: Clefable-Hisui|Wish|p1a: Clefable-Hisui\n|\n|upkeep\n|turn|17\n|inactive|DeathRayKPK has 210 seconds left.\n|inactive|DracoShivam has 270 seconds left.\n|\n|t:|1700292229\n|switch|p1a: Garganacl|Garganacl, M|100\/100\n|-zpower|p2a: Landorus\n|move|p2a: Landorus|Tectonic Rage|p1a: Garganacl|[zeffect]\n|-supereffective|p1a: Garganacl\n|-damage|p1a: Garganacl|0 fnt\n|faint|p1a: Garganacl\n|\n|upkeep\n|\n|t:|1700292242\n|switch|p1a: Ogerpon|Ogerpon-Wellspring, F|26\/100\n|turn|18\n|c|\u2606DeathRayKPK|you and your tectonic rages smh\n|\n|t:|1700292257\n|switch|p2a: Tapu Koko|Tapu Koko|53\/100\n|-fieldstart|move: Electric Terrain|[from] ability: Electric Surge|[of] p2a: Tapu Koko\n|move|p1a: Ogerpon|Ivy Cudgel|p2a: Tapu Koko|[anim] Ivy Cudgel Water\n|-damage|p2a: Tapu Koko|0 fnt\n|faint|p2a: Tapu Koko\n|\n|upkeep\n|\n|t:|1700292263\n|switch|p2a: Garchomp|Garchomp, F|5\/100\n|turn|19\n|inactive|DeathRayKPK has 210 seconds left.\n|inactive|DracoShivam has 270 seconds left.\n|\n|t:|1700292297\n|switch|p1a: Volcarona|Volcarona, M, tera:Grass|66\/100\n|move|p2a: Garchomp|Outrage|p1a: Volcarona\n|-damage|p1a: Volcarona|2\/100\n|-status|p2a: Garchomp|brn|[from] ability: Flame Body|[of] p1a: Volcarona\n|\n|-damage|p2a: Garchomp|0 fnt|[from] brn\n|faint|p2a: Garchomp\n|upkeep\n|c|\u2606DeathRayKPK|oof\n|\n|t:|1700292307\n|switch|p2a: Greninja|Greninja, M|71\/100\n|turn|20\n|inactive|DeathRayKPK has 180 seconds left.\n|inactive|DracoShivam has 270 seconds left.\n|\n|t:|1700292327\n|switch|p1a: Clefable-Hisui|Clefable, M, shiny|87\/100\n|move|p2a: Greninja|Ice Beam|p1a: Clefable-Hisui\n|-damage|p1a: Clefable-Hisui|62\/100\n|\n|upkeep\n|turn|21\n|inactive|DracoShivam has 270 seconds left.\n|\n|t:|1700292338\n|switch|p2a: Kartana|Kartana|100\/100\n|move|p1a: Clefable-Hisui|Wish|p1a: Clefable-Hisui\n|\n|upkeep\n|turn|22\n|inactive|DeathRayKPK has 180 seconds left.\n|\n|t:|1700292357\n|switch|p1a: Zapdos|Zapdos|98\/100\n|move|p2a: Kartana|Swords Dance|p2a: Kartana\n|-boost|p2a: Kartana|atk|2\n|\n|-heal|p1a: Zapdos|100\/100|[from] move: Wish|[wisher] Clefable-Hisui\n|-fieldend|move: Electric Terrain\n|upkeep\n|turn|23\n|inactive|DracoShivam has 270 seconds left.\n|\n|t:|1700292372\n|switch|p2a: Landorus|Landorus-Therian, M|100\/100\n|-ability|p2a: Landorus|Intimidate|boost\n|-unboost|p1a: Zapdos|atk|1\n|move|p1a: Zapdos|Hurricane|p2a: Landorus\n|-damage|p2a: Landorus|46\/100\n|-start|p2a: Landorus|confusion\n|\n|upkeep\n|turn|24\n|inactive|DeathRayKPK has 180 seconds left.\n|\n|t:|1700292394\n|-activate|p2a: Landorus|confusion\n|-damage|p2a: Landorus|28\/100|[from] confusion\n|move|p1a: Zapdos|Hurricane|p2a: Landorus\n|-damage|p2a: Landorus|0 fnt\n|faint|p2a: Landorus\n|\n|upkeep\n|\n|t:|1700292400\n|switch|p2a: Greninja|Greninja, M|71\/100\n|turn|25\n|inactive|DeathRayKPK has 180 seconds left.\n|\n|t:|1700292412\n|switch|p1a: Clefable-Hisui|Clefable, M, shiny|62\/100\n|move|p2a: Greninja|Surf|p1a: Clefable-Hisui\n|-damage|p1a: Clefable-Hisui|25\/100\n|\n|upkeep\n|turn|26\n|\n|t:|1700292424\n|switch|p1a: Ogerpon|Ogerpon-Wellspring, F|26\/100\n|move|p2a: Greninja|Dark Pulse|p1a: Ogerpon\n|-damage|p1a: Ogerpon|0 fnt\n|faint|p1a: Ogerpon\n|-ability|p2a: Greninja|Battle Bond|boost\n|-boost|p2a: Greninja|atk|1\n|-boost|p2a: Greninja|spa|1\n|-boost|p2a: Greninja|spe|1\n|-activate|p2a: Greninja|ability: Battle Bond\n|\n|upkeep\n|inactive|DeathRayKPK has 180 seconds left.\n|c|\u2606DeathRayKPK|gg\n|\n|t:|1700292444\n|switch|p1a: Zapdos|Zapdos|100\/100\n|turn|27\n|\n|t:|1700292450\n|-terastallize|p2a: Greninja|Water\n|move|p2a: Greninja|Surf|p1a: Zapdos\n|-damage|p1a: Zapdos|26\/100\n|move|p1a: Zapdos|Volt Switch|p2a: Greninja\n|-supereffective|p2a: Greninja\n|-damage|p2a: Greninja|0 fnt\n|faint|p2a: Greninja\n|inactive|DeathRayKPK has 180 seconds left.\n|c|\u2606DeathRayKPK|bruh you could have ice beamed no\n|c|\u2606DeathRayKPK|or did you just let me have that win\n|\n|t:|1700292475\n|switch|p1a: Heatran|Heatran, M|87\/100|[from] Volt Switch\n|\n|-heal|p1a: Heatran|94\/100|[from] item: Leftovers\n|upkeep\n|c|\u2606DracoShivam|you could tera\n|\n|t:|1700292483\n|switch|p2a: Kartana|Kartana|100\/100\n|turn|28\n|c|\u2606DeathRayKPK|I wasted my tera\n|c|\u2606DeathRayKPK|in turn 1\n|c|\u2606DracoShivam|oh yea\n|c|\u2606DracoShivam|forgor llol\n|c|\u2606DeathRayKPK|I'm also taking my chances here btw\n|inactive|DracoShivam has 270 seconds left.\n|\n|t:|1700292514\n|move|p2a: Kartana|Sacred Sword|p1a: Heatran\n|-supereffective|p1a: Heatran\n|-damage|p1a: Heatran|30\/100\n|move|p1a: Heatran|Magma Storm|p2a: Kartana\n|-supereffective|p2a: Kartana\n|-enditem|p2a: Kartana|Focus Sash\n|-damage|p2a: Kartana|1\/100\n|-activate|p2a: Kartana|move: Magma Storm|[of] p1a: Heatran\n|\n|-heal|p1a: Heatran|36\/100|[from] item: Leftovers\n|-damage|p2a: Kartana|0 fnt|[from] move: Magma Storm|[partiallytrapped]\n|faint|p2a: Kartana\n|\n|win|DeathRayKPK\n|upkeep\n|c|\u2606DeathRayKPK|gg\n|c|\u2606DracoShivam|gg\n","uploadtime":1700292533,"views":13,"p1id":"deathraykpk","p2id":"dracoshivam","formatid":"gen9nationaldex","rating":0,"private":0,"password":""}