{"id":"gen9nationaldex-1996431848","p1":"MP1024","p2":"PM4201","format":"[Gen 9] National Dex","log":"|html|<div class=\"broadcast-blue\"><strong>[Gen 9] National Dex is currently suspecting Sneasler! For information on how to participate check out the <a href=\"https:\/\/www.smogon.com\/forums\/threads\/sv-national-dex-suspect-8-just-dance.3731534\/\">suspect thread<\/a>.<\/strong><\/div>\n|j|\u2606MP1024\n|j|\u2606PM4201\n|t:|1700681413\n|gametype|singles\n|player|p1|MP1024|scientist|\n|player|p2|PM4201|pokemonranger-gen4|\n|teamsize|p1|6\n|teamsize|p2|6\n|gen|9\n|tier|[Gen 9] National Dex\n|rule|HP Percentage Mod: HP is shown in percentages\n|rule|Endless Battle Clause: Forcing endless battles is banned\n|rule|OHKO Clause: OHKO moves are banned\n|rule|Evasion Clause: Evasion abilities, items, and moves are banned\n|rule|Evasion Abilities Clause: Evasion abilities are banned\n|rule|Evasion Items Clause: Evasion items are banned\n|rule|Evasion Moves Clause: Evasion moves are banned\n|rule|Species Clause: Limit one of each Pok\u00e9mon\n|rule|Sleep Clause Mod: Limit one foe put to sleep\n|clearpoke\n|poke|p1|Mew|\n|poke|p1|Tyranitar, M|\n|poke|p1|Toucannon, M|\n|poke|p1|Golisopod, M|\n|poke|p1|Lycanroc-Dusk, M|\n|poke|p1|Mimikyu, M|\n|poke|p2|Houndoom, F|\n|poke|p2|Farigiraf, F|\n|poke|p2|Hitmontop, M|\n|poke|p2|Azumarill, M|\n|poke|p2|Magmortar, M|\n|poke|p2|Skarmory, M|\n|teampreview\n|inactive|Battle timer is ON: inactive players will automatically lose when time's up. (requested by MP1024)\n|\n|t:|1700681434\n|start\n|switch|p1a: Golisopod|Golisopod, M|100\/100\n|switch|p2a: Skarmory|Skarmory, M|100\/100\n|turn|1\n|\n|t:|1700681447\n|move|p1a: Golisopod|First Impression|p2a: Skarmory\n|-resisted|p2a: Skarmory\n|-damage|p2a: Skarmory|90\/100\n|move|p2a: Skarmory|Brave Bird|p1a: Golisopod\n|-supereffective|p1a: Golisopod\n|-damage|p1a: Golisopod|29\/100\n|-damage|p2a: Skarmory|65\/100|[from] Recoil\n|-activate|p1a: Golisopod|ability: Emergency Exit\n|\n|t:|1700681464\n|switch|p1a: Lycanroc|Lycanroc-Dusk, M|100\/100\n|\n|-heal|p2a: Skarmory|71\/100|[from] item: Leftovers\n|upkeep\n|turn|2\n|\n|t:|1700681471\n|move|p1a: Lycanroc|Accelerock|p2a: Skarmory\n|-damage|p2a: Skarmory|52\/100\n|move|p2a: Skarmory|Iron Head|p1a: Lycanroc\n|-supereffective|p1a: Lycanroc\n|-damage|p1a: Lycanroc|0 fnt\n|faint|p1a: Lycanroc\n|\n|-heal|p2a: Skarmory|58\/100|[from] item: Leftovers\n|upkeep\n|\n|t:|1700681478\n|switch|p1a: Toucannon|Toucannon, M|100\/100\n|turn|3\n|\n|t:|1700681484\n|move|p1a: Toucannon|Flame Charge|p2a: Skarmory\n|-supereffective|p2a: Skarmory\n|-damage|p2a: Skarmory|34\/100\n|-boost|p1a: Toucannon|spe|1\n|move|p2a: Skarmory|Brave Bird|p1a: Toucannon\n|-damage|p1a: Toucannon|33\/100\n|-damage|p2a: Skarmory|13\/100|[from] Recoil\n|\n|-heal|p2a: Skarmory|19\/100|[from] item: Leftovers\n|upkeep\n|turn|4\n|\n|t:|1700681502\n|-singleturn|p1a: Toucannon|move: Beak Blast\n|move|p2a: Skarmory|Brave Bird|p1a: Toucannon\n|-damage|p1a: Toucannon|0 fnt\n|-status|p2a: Skarmory|brn\n|faint|p1a: Toucannon\n|-damage|p2a: Skarmory|10\/100 brn|[from] Recoil\n|\n|-heal|p2a: Skarmory|16\/100 brn|[from] item: Leftovers\n|-damage|p2a: Skarmory|10\/100 brn|[from] brn\n|upkeep\n|\n|t:|1700681516\n|switch|p1a: Golisopod|Golisopod, M|29\/100\n|turn|5\n|\n|t:|1700681519\n|move|p1a: Golisopod|First Impression|p2a: Skarmory\n|-resisted|p2a: Skarmory\n|-damage|p2a: Skarmory|0 fnt\n|faint|p2a: Skarmory\n|\n|upkeep\n|\n|t:|1700681526\n|switch|p2a: Farigiraf|Farigiraf, F|100\/100\n|turn|6\n|\n|t:|1700681532\n|move|p2a: Farigiraf|Twin Beam|p1a: Golisopod\n|-damage|p1a: Golisopod|6\/100\n|-enditem|p1a: Golisopod|Iapapa Berry|[eat]\n|-heal|p1a: Golisopod|39\/100|[from] item: Iapapa Berry\n|-damage|p1a: Golisopod|19\/100\n|-hitcount|p1a: Golisopod|2\n|-activate|p1a: Golisopod|ability: Emergency Exit\n|\n|t:|1700681542\n|switch|p1a: Tyranitar|Tyranitar, M|100\/100\n|-ability|p1a: Tyranitar|Unnerve\n|\n|upkeep\n|turn|7\n|\n|t:|1700681549\n|detailschange|p1a: Tyranitar|Tyranitar-Mega, M\n|-mega|p1a: Tyranitar|Tyranitar|Tyranitarite\n|-weather|Sandstorm|[from] ability: Sand Stream|[of] p1a: Tyranitar\n|move|p1a: Tyranitar|Crunch|p2a: Farigiraf\n|-supereffective|p2a: Farigiraf\n|-damage|p2a: Farigiraf|0 fnt\n|faint|p2a: Farigiraf\n|\n|-weather|Sandstorm|[upkeep]\n|upkeep\n|\n|t:|1700681559\n|switch|p2a: Hitmontop|Hitmontop, M|100\/100\n|turn|8\n|\n|t:|1700681566\n|move|p2a: Hitmontop|Mach Punch|p1a: Tyranitar\n|-supereffective|p1a: Tyranitar\n|-damage|p1a: Tyranitar|29\/100\n|move|p1a: Tyranitar|Earthquake|p2a: Hitmontop\n|-damage|p2a: Hitmontop|50\/100\n|\n|-weather|Sandstorm|[upkeep]\n|-damage|p2a: Hitmontop|44\/100|[from] Sandstorm\n|upkeep\n|turn|9\n|\n|t:|1700681577\n|move|p2a: Hitmontop|Bullet Punch|p1a: Tyranitar\n|-supereffective|p1a: Tyranitar\n|-damage|p1a: Tyranitar|7\/100\n|move|p1a: Tyranitar|Earthquake|p2a: Hitmontop\n|-damage|p2a: Hitmontop|0 fnt\n|faint|p2a: Hitmontop\n|\n|-weather|Sandstorm|[upkeep]\n|upkeep\n|\n|t:|1700681590\n|switch|p2a: Houndoom|Houndoom, F|100\/100\n|-ability|p2a: Houndoom|Unnerve\n|turn|10\n|\n|t:|1700681597\n|detailschange|p2a: Houndoom|Houndoom-Mega, F\n|-mega|p2a: Houndoom|Houndoom|Houndoominite\n|move|p2a: Houndoom|Dark Pulse|p1a: Tyranitar\n|-resisted|p1a: Tyranitar\n|-damage|p1a: Tyranitar|0 fnt\n|faint|p1a: Tyranitar\n|\n|-weather|Sandstorm|[upkeep]\n|-damage|p2a: Houndoom|94\/100|[from] Sandstorm\n|upkeep\n|\n|t:|1700681610\n|switch|p1a: Golisopod|Golisopod, M|19\/100\n|turn|11\n|\n|t:|1700681616\n|-terastallize|p1a: Golisopod|Bug\n|move|p1a: Golisopod|First Impression|p2a: Houndoom\n|-damage|p2a: Houndoom|10\/100\n|move|p2a: Houndoom|Flamethrower|p1a: Golisopod\n|-supereffective|p1a: Golisopod\n|-damage|p1a: Golisopod|0 fnt\n|faint|p1a: Golisopod\n|\n|-weather|none\n|upkeep\n|\n|t:|1700681630\n|switch|p1a: Mimikyu|Mimikyu, M|100\/100\n|turn|12\n|\n|t:|1700681639\n|move|p1a: Mimikyu|Shadow Sneak|p2a: Houndoom\n|-resisted|p2a: Houndoom\n|-damage|p2a: Houndoom|0 fnt\n|faint|p2a: Houndoom\n|-damage|p1a: Mimikyu|91\/100|[from] item: Life Orb\n|\n|upkeep\n|\n|t:|1700681647\n|switch|p2a: Azumarill|Azumarill, M|100\/100\n|turn|13\n|\n|t:|1700681653\n|move|p1a: Mimikyu|Swords Dance|p1a: Mimikyu\n|-boost|p1a: Mimikyu|atk|2\n|move|p2a: Azumarill|Belly Drum|p2a: Azumarill\n|-damage|p2a: Azumarill|51\/100\n|-setboost|p2a: Azumarill|atk|6|[from] move: Belly Drum\n|\n|upkeep\n|turn|14\n|\n|t:|1700681662\n|move|p1a: Mimikyu|Shadow Sneak|p2a: Azumarill\n|-damage|p2a: Azumarill|9\/100\n|-damage|p1a: Mimikyu|81\/100|[from] item: Life Orb\n|move|p2a: Azumarill|Aqua Jet|p1a: Mimikyu\n|-activate|p1a: Mimikyu|ability: Disguise\n|-damage|p1a: Mimikyu|81\/100\n|detailschange|p1a: Mimikyu|Mimikyu-Busted, M\n|-damage|p1a: Mimikyu|68\/100|[from] pokemon: Mimikyu-Busted\n|-damage|p2a: Azumarill|0 fnt|[from] item: Life Orb\n|faint|p2a: Azumarill\n|\n|upkeep\n|\n|t:|1700681674\n|switch|p2a: Magmortar|Magmortar, M|100\/100\n|turn|15\n|\n|t:|1700681679\n|-terastallize|p2a: Magmortar|Fire\n|move|p1a: Mimikyu|Drain Punch|p2a: Magmortar\n|-damage|p2a: Magmortar|11\/100\n|-heal|p1a: Mimikyu|100\/100|[from] drain|[of] p2a: Magmortar\n|-status|p1a: Mimikyu|brn|[from] ability: Flame Body|[of] p2a: Magmortar\n|-damage|p1a: Mimikyu|91\/100 brn|[from] item: Life Orb\n|move|p2a: Magmortar|Heat Wave|p1a: Mimikyu\n|-damage|p1a: Mimikyu|0 fnt\n|faint|p1a: Mimikyu\n|\n|upkeep\n|\n|t:|1700681692\n|switch|p1a: Mew|Mew|100\/100\n|turn|16\n|\n|t:|1700681697\n|-zpower|p1a: Mew\n|move|p1a: Mew|Genesis Supernova|p2a: Magmortar|[zeffect]\n|-damage|p2a: Magmortar|0 fnt\n|-fieldstart|move: Psychic Terrain\n|faint|p2a: Magmortar\n|\n|win|MP1024\n","uploadtime":1700681713,"views":0,"p1id":"mp1024","p2id":"pm4201","formatid":"gen9nationaldex","rating":0,"private":0,"password":""}