{"id":"gen9nationaldex-1996123248","p1":"kimi777","p2":"princess zmx","format":"[Gen 9] National Dex","log":"|html|<div class=\"broadcast-blue\"><strong>[Gen 9] National Dex is currently suspecting Sneasler! For information on how to participate check out the <a href=\"https:\/\/www.smogon.com\/forums\/threads\/sv-national-dex-suspect-8-just-dance.3731534\/\">suspect thread<\/a>.<\/strong><\/div>\n|j|\u2606kimi777\n|j|\u2606princess zmx\n|t:|1700647677\n|gametype|singles\n|player|p1|kimi777|giovanni|1339\n|player|p2|princess zmx|102|1412\n|teamsize|p1|6\n|teamsize|p2|6\n|gen|9\n|tier|[Gen 9] National Dex\n|rated|\n|rule|HP Percentage Mod: HP is shown in percentages\n|rule|Endless Battle Clause: Forcing endless battles is banned\n|rule|OHKO Clause: OHKO moves are banned\n|rule|Evasion Clause: Evasion abilities, items, and moves are banned\n|rule|Evasion Abilities Clause: Evasion abilities are banned\n|rule|Evasion Items Clause: Evasion items are banned\n|rule|Evasion Moves Clause: Evasion moves are banned\n|rule|Species Clause: Limit one of each Pok\u00e9mon\n|rule|Sleep Clause Mod: Limit one foe put to sleep\n|clearpoke\n|poke|p1|Aegislash, F|\n|poke|p1|Alomomola, F|\n|poke|p1|Ting-Lu|\n|poke|p1|Rillaboom, F|\n|poke|p1|Zapdos|\n|poke|p1|Lopunny, M|\n|poke|p2|Landorus-Therian, M|\n|poke|p2|Banette, F|\n|poke|p2|Urshifu-*, F|\n|poke|p2|Garchomp, F|\n|poke|p2|Tapu Lele|\n|poke|p2|Heatran, M|\n|teampreview\n|inactive|Battle timer is ON: inactive players will automatically lose when time's up. (requested by kimi777)\n|\n|t:|1700647691\n|start\n|switch|p1a: \u672c\u4f53|Aegislash, F, shiny|100\/100\n|switch|p2a: Landorus|Landorus-Therian, M, shiny|100\/100\n|-ability|p2a: Landorus|Intimidate|boost\n|-unboost|p1a: \u672c\u4f53|atk|1\n|turn|1\n|\n|t:|1700647709\n|move|p1a: \u672c\u4f53|King's Shield|p1a: \u672c\u4f53\n|-singleturn|p1a: \u672c\u4f53|Protect\n|move|p2a: Landorus|U-turn|p1a: \u672c\u4f53\n|-activate|p1a: \u672c\u4f53|move: Protect\n|-unboost|p2a: Landorus|atk|1\n|\n|upkeep\n|turn|2\n|\n|t:|1700647723\n|switch|p1a: \u9ebb|Zapdos, shiny|100\/100\n|move|p2a: Landorus|U-turn|p1a: \u9ebb\n|-resisted|p1a: \u9ebb\n|-damage|p1a: \u9ebb|91\/100\n|-status|p2a: Landorus|par|[from] ability: Static|[of] p1a: \u9ebb\n|\n|t:|1700647730\n|switch|p2a: Heatran|Heatran, M|100\/100|[from] U-turn\n|-item|p2a: Heatran|Air Balloon\n|\n|upkeep\n|turn|3\n|\n|t:|1700647742\n|move|p1a: \u9ebb|Volt Switch|p2a: Heatran\n|-damage|p2a: Heatran|65\/100\n|-enditem|p2a: Heatran|Air Balloon\n|\n|t:|1700647745\n|switch|p1a: \u53ef\u9760\u7684\u80cc\u5f71|Alomomola, F, shiny|100\/100|[from] Volt Switch\n|move|p2a: Heatran|Toxic|p1a: \u53ef\u9760\u7684\u80cc\u5f71\n|-status|p1a: \u53ef\u9760\u7684\u80cc\u5f71|tox\n|\n|-damage|p1a: \u53ef\u9760\u7684\u80cc\u5f71|94\/100 tox|[from] psn\n|upkeep\n|turn|4\n|\n|t:|1700647757\n|move|p2a: Heatran|Magma Storm|p1a: \u53ef\u9760\u7684\u80cc\u5f71\n|-resisted|p1a: \u53ef\u9760\u7684\u80cc\u5f71\n|-damage|p1a: \u53ef\u9760\u7684\u80cc\u5f71|62\/100 tox\n|-activate|p1a: \u53ef\u9760\u7684\u80cc\u5f71|move: Magma Storm|[of] p2a: Heatran\n|move|p1a: \u53ef\u9760\u7684\u80cc\u5f71|Wish|p1a: \u53ef\u9760\u7684\u80cc\u5f71\n|\n|-damage|p1a: \u53ef\u9760\u7684\u80cc\u5f71|50\/100 tox|[from] psn\n|-damage|p1a: \u53ef\u9760\u7684\u80cc\u5f71|37\/100 tox|[from] move: Magma Storm|[partiallytrapped]\n|upkeep\n|turn|5\n|\n|t:|1700647780\n|move|p2a: Heatran|Eruption|p1a: \u53ef\u9760\u7684\u80cc\u5f71\n|-resisted|p1a: \u53ef\u9760\u7684\u80cc\u5f71\n|-crit|p1a: \u53ef\u9760\u7684\u80cc\u5f71\n|-damage|p1a: \u53ef\u9760\u7684\u80cc\u5f71|0 fnt\n|faint|p1a: \u53ef\u9760\u7684\u80cc\u5f71\n|\n|upkeep\n|\n|t:|1700647789\n|switch|p1a: \u8001\u5a46|Lopunny, M, shiny|100\/100\n|turn|6\n|\n|t:|1700647804\n|detailschange|p1a: \u8001\u5a46|Lopunny-Mega, M, shiny\n|-mega|p1a: \u8001\u5a46|Lopunny|Lopunnite\n|-terastallize|p2a: Heatran|Bug\n|move|p1a: \u8001\u5a46|Fake Out|p2a: Heatran\n|-damage|p2a: Heatran|48\/100\n|cant|p2a: Heatran|flinch\n|\n|upkeep\n|turn|7\n|\n|t:|1700647817\n|move|p1a: \u8001\u5a46|Return|p2a: Heatran\n|-damage|p2a: Heatran|2\/100\n|move|p2a: Heatran|Toxic|p1a: \u8001\u5a46\n|-status|p1a: \u8001\u5a46|tox\n|\n|-damage|p1a: \u8001\u5a46|95\/100 tox|[from] psn\n|upkeep\n|turn|8\n|\n|t:|1700647835\n|switch|p2a: Garchomp|Garchomp, F, shiny|100\/100\n|move|p1a: \u8001\u5a46|Return|p2a: Garchomp\n|-damage|p2a: Garchomp|47\/100\n|-damage|p1a: \u8001\u5a46|82\/100 tox|[from] ability: Rough Skin|[of] p2a: Garchomp\n|\n|-damage|p1a: \u8001\u5a46|71\/100 tox|[from] psn\n|upkeep\n|turn|9\n|inactive|princess zmx has 120 seconds left.\n|\n|t:|1700647862\n|switch|p2a: Urshifu|Urshifu-Rapid-Strike, F|100\/100\n|move|p1a: \u8001\u5a46|Return|p2a: Urshifu\n|-damage|p2a: Urshifu|47\/100\n|\n|-damage|p1a: \u8001\u5a46|53\/100 tox|[from] psn\n|upkeep\n|turn|10\n|c|\u2606kimi777|gy\uff1f\n|c|\u2606kimi777|\uff1f\n|c|\u2606kimi777|\uff1f\n|c|\u2606kimi777|gy\uff1f\n|l|\u2606kimi777\n|inactive|kimi777 disconnected and has a minute to reconnect!\n|player|p1|\n|l|\u2606princess zmx\n|inactive|princess zmx disconnected and has a minute to reconnect!\n|player|p2|\n|inactive|kimi777 has 30 seconds to reconnect!\n|j|\u2606kimi777\n|inactive|kimi777 reconnected and has 90 seconds left.\n|player|p1|kimi777|giovanni\n|j|\u2606princess zmx\n|inactive|princess zmx reconnected.\n|player|p2|princess zmx|102\n|\n|t:|1700647931\n|switch|p1a: \u5361\u666e\u7329\u7329|Rillaboom, F, shiny|100\/100\n|-fieldstart|move: Grassy Terrain|[from] ability: Grassy Surge|[of] p1a: \u5361\u666e\u7329\u7329\n|move|p2a: Urshifu|Aqua Jet|p1a: \u5361\u666e\u7329\u7329\n|-resisted|p1a: \u5361\u666e\u7329\u7329\n|-damage|p1a: \u5361\u666e\u7329\u7329|89\/100\n|\n|-heal|p2a: Urshifu|54\/100|[from] Grassy Terrain\n|-heal|p1a: \u5361\u666e\u7329\u7329|96\/100|[from] Grassy Terrain\n|upkeep\n|turn|11\n|c|\u2606princess zmx|a\n|inactive|kimi777 has 90 seconds left.\n|\n|t:|1700647946\n|switch|p2a: Heatran|Heatran, M, tera:Bug|2\/100\n|move|p1a: \u5361\u666e\u7329\u7329|Grassy Glide|p2a: Heatran\n|-resisted|p2a: Heatran\n|-damage|p2a: Heatran|0 fnt\n|faint|p2a: Heatran\n|\n|-heal|p1a: \u5361\u666e\u7329\u7329|100\/100|[from] Grassy Terrain\n|upkeep\n|c|\u2606princess zmx|\u6211\u8fde\u8f93\n|inactive|princess zmx has 120 seconds left.\n|c|\u2606kimi777|nb\n|c|\u2606princess zmx|\u90fd\u80fd\u78b0\u5230\u4f60\n|c|\u2606kimi777|xs\n|\n|t:|1700647963\n|switch|p2a: Landorus|Landorus-Therian, M, shiny|100\/100 par\n|-ability|p2a: Landorus|Intimidate|boost\n|-unboost|p1a: \u5361\u666e\u7329\u7329|atk|1\n|turn|12\n|inactive|kimi777 has 90 seconds left.\n|inactive|princess zmx has 120 seconds left.\n|c|\u2606kimi777|\u6211\u8fd9\u4e2a\u53f7\u5728\u73a9\u62bd\u8c61\u7684\u4e1c\u897f\n|c|\u2606princess zmx|\u6211\u73b0\u5728\u5fc3\u6001\u70b8\u4e86\n|c|\u2606princess zmx|\u8fde\u8f93\n|\n|t:|1700647988\n|-terastallize|p1a: \u5361\u666e\u7329\u7329|Grass\n|move|p1a: \u5361\u666e\u7329\u7329|Grassy Glide|p2a: Landorus\n|-damage|p2a: Landorus|45\/100 par\n|move|p2a: Landorus|U-turn|p1a: \u5361\u666e\u7329\u7329\n|-supereffective|p1a: \u5361\u666e\u7329\u7329\n|-damage|p1a: \u5361\u666e\u7329\u7329|45\/100\n|inactive|princess zmx has 90 seconds left.\n|\n|t:|1700648006\n|switch|p2a: Banette|Banette, F, shiny|100\/100|[from] U-turn\n|\n|-heal|p1a: \u5361\u666e\u7329\u7329|52\/100|[from] Grassy Terrain\n|upkeep\n|turn|13\n|c|\u2606kimi777|\u6211\u4e0d\u597d\u6253\u571f\u732b\n|\n|t:|1700648013\n|switch|p1a: \u4fdd\u9556|Ting-Lu|100\/100\n|-ability|p1a: \u4fdd\u9556|Vessel of Ruin\n|detailschange|p2a: Banette|Banette-Mega, F, shiny\n|-mega|p2a: Banette|Banette|Banettite\n|move|p2a: Banette|Destiny Bond|p2a: Banette\n|-singlemove|p2a: Banette|Destiny Bond\n|\n|upkeep\n|turn|14\n|inactive|kimi777 has 90 seconds left.\n|\n|t:|1700648026\n|switch|p2a: Garchomp|Garchomp, F, shiny|47\/100\n|move|p1a: \u4fdd\u9556|Spikes|p2a: Garchomp\n|-sidestart|p2: princess zmx|Spikes\n|\n|-heal|p2a: Garchomp|53\/100|[from] Grassy Terrain\n|-fieldend|move: Grassy Terrain\n|upkeep\n|turn|15\n|\n|t:|1700648036\n|move|p2a: Garchomp|Stealth Rock|p1a: \u4fdd\u9556\n|-sidestart|p1: kimi777|move: Stealth Rock\n|move|p1a: \u4fdd\u9556|Spikes|p2a: Garchomp\n|-sidestart|p2: princess zmx|Spikes\n|\n|upkeep\n|turn|16\n|\n|t:|1700648047\n|move|p2a: Garchomp|Toxic|p1a: \u4fdd\u9556\n|-status|p1a: \u4fdd\u9556|tox\n|move|p1a: \u4fdd\u9556|Spikes|p2a: Garchomp\n|-sidestart|p2: princess zmx|Spikes\n|\n|-damage|p1a: \u4fdd\u9556|94\/100 tox|[from] psn\n|upkeep\n|turn|17\n|\n|t:|1700648053\n|move|p2a: Garchomp|Earthquake|p1a: \u4fdd\u9556\n|-damage|p1a: \u4fdd\u9556|74\/100 tox\n|move|p1a: \u4fdd\u9556|Whirlwind|p2a: Garchomp\n|drag|p2a: Urshifu|Urshifu-Rapid-Strike, F|54\/100\n|-damage|p2a: Urshifu|29\/100|[from] Spikes\n|\n|-heal|p1a: \u4fdd\u9556|81\/100 tox|[from] item: Leftovers\n|-damage|p1a: \u4fdd\u9556|68\/100 tox|[from] psn\n|upkeep\n|turn|18\n|\n|t:|1700648064\n|switch|p1a: \u5361\u666e\u7329\u7329|Rillaboom, F, shiny, tera:Grass|52\/100\n|-damage|p1a: \u5361\u666e\u7329\u7329|39\/100|[from] Stealth Rock\n|-fieldstart|move: Grassy Terrain|[from] ability: Grassy Surge|[of] p1a: \u5361\u666e\u7329\u7329\n|move|p2a: Urshifu|Surging Strikes|p1a: \u5361\u666e\u7329\u7329\n|-resisted|p1a: \u5361\u666e\u7329\u7329\n|-crit|p1a: \u5361\u666e\u7329\u7329\n|-damage|p1a: \u5361\u666e\u7329\u7329|28\/100\n|-resisted|p1a: \u5361\u666e\u7329\u7329\n|-crit|p1a: \u5361\u666e\u7329\u7329\n|-damage|p1a: \u5361\u666e\u7329\u7329|15\/100\n|-resisted|p1a: \u5361\u666e\u7329\u7329\n|-crit|p1a: \u5361\u666e\u7329\u7329\n|-damage|p1a: \u5361\u666e\u7329\u7329|4\/100\n|-hitcount|p1a: \u5361\u666e\u7329\u7329|3\n|\n|-heal|p2a: Urshifu|35\/100|[from] Grassy Terrain\n|-heal|p1a: \u5361\u666e\u7329\u7329|10\/100|[from] Grassy Terrain\n|upkeep\n|turn|19\n|\n|t:|1700648075\n|move|p2a: Urshifu|Aqua Jet|p1a: \u5361\u666e\u7329\u7329\n|-resisted|p1a: \u5361\u666e\u7329\u7329\n|-damage|p1a: \u5361\u666e\u7329\u7329|0 fnt\n|faint|p1a: \u5361\u666e\u7329\u7329\n|\n|-heal|p2a: Urshifu|41\/100|[from] Grassy Terrain\n|upkeep\n|\n|t:|1700648080\n|switch|p1a: \u8001\u5a46|Lopunny-Mega, M, shiny|53\/100 tox\n|-damage|p1a: \u8001\u5a46|47\/100 tox|[from] Stealth Rock\n|turn|20\n|\n|t:|1700648088\n|switch|p2a: Landorus|Landorus-Therian, M, shiny|45\/100 par\n|-ability|p2a: Landorus|Intimidate|boost\n|-fail|p1a: \u8001\u5a46|unboost|Attack|[from] ability: Scrappy|[of] p1a: \u8001\u5a46\n|move|p1a: \u8001\u5a46|Fake Out|p2a: Landorus\n|-damage|p2a: Landorus|21\/100 par\n|\n|-heal|p1a: \u8001\u5a46|53\/100 tox|[from] Grassy Terrain\n|-damage|p1a: \u8001\u5a46|47\/100 tox|[from] psn\n|upkeep\n|turn|21\n|\n|t:|1700648097\n|move|p1a: \u8001\u5a46|Return|p2a: Landorus\n|-damage|p2a: Landorus|0 fnt\n|faint|p2a: Landorus\n|\n|-heal|p1a: \u8001\u5a46|53\/100 tox|[from] Grassy Terrain\n|-damage|p1a: \u8001\u5a46|41\/100 tox|[from] psn\n|upkeep\n|\n|t:|1700648106\n|switch|p2a: Tapu Lele|Tapu Lele, shiny|100\/100\n|-damage|p2a: Tapu Lele|76\/100|[from] Spikes\n|-fieldstart|move: Psychic Terrain|[from] ability: Psychic Surge|[of] p2a: Tapu Lele\n|turn|22\n|\n|t:|1700648117\n|switch|p1a: \u4fdd\u9556|Ting-Lu|68\/100 tox\n|-damage|p1a: \u4fdd\u9556|62\/100 tox|[from] Stealth Rock\n|-ability|p1a: \u4fdd\u9556|Vessel of Ruin\n|move|p2a: Tapu Lele|Moonblast|p1a: \u4fdd\u9556\n|-supereffective|p1a: \u4fdd\u9556\n|-damage|p1a: \u4fdd\u9556|6\/100 tox\n|\n|-heal|p1a: \u4fdd\u9556|12\/100 tox|[from] item: Leftovers\n|-damage|p1a: \u4fdd\u9556|6\/100 tox|[from] psn\n|upkeep\n|turn|23\n|\n|t:|1700648127\n|move|p2a: Tapu Lele|Moonblast|p1a: \u4fdd\u9556\n|-supereffective|p1a: \u4fdd\u9556\n|-damage|p1a: \u4fdd\u9556|0 fnt\n|faint|p1a: \u4fdd\u9556\n|\n|upkeep\n|\n|t:|1700648134\n|switch|p1a: \u672c\u4f53|Aegislash, F, shiny|100\/100\n|-damage|p1a: \u672c\u4f53|94\/100|[from] Stealth Rock\n|turn|24\n|\n|t:|1700648140\n|switch|p2a: Garchomp|Garchomp, F, shiny|53\/100\n|-damage|p2a: Garchomp|29\/100|[from] Spikes\n|move|p1a: \u672c\u4f53|Toxic|p2a: Garchomp\n|-status|p2a: Garchomp|tox\n|\n|-heal|p1a: \u672c\u4f53|100\/100|[from] item: Leftovers\n|-damage|p2a: Garchomp|22\/100 tox|[from] psn\n|upkeep\n|turn|25\n|c|\u2606kimi777|\u8981\u6253\u4e0d\u8fc7\u4e86\n|\n|t:|1700648161\n|move|p1a: \u672c\u4f53|King's Shield|p1a: \u672c\u4f53\n|-singleturn|p1a: \u672c\u4f53|Protect\n|move|p2a: Garchomp|Earthquake|p1a: \u672c\u4f53\n|-activate|p1a: \u672c\u4f53|move: Protect\n|\n|-damage|p2a: Garchomp|10\/100 tox|[from] psn\n|upkeep\n|turn|26\n|\n|t:|1700648170\n|switch|p1a: \u9ebb|Zapdos, shiny|91\/100\n|move|p2a: Garchomp|Earthquake|p1a: \u9ebb\n|-immune|p1a: \u9ebb\n|\n|-damage|p2a: Garchomp|0 fnt|[from] psn\n|faint|p2a: Garchomp\n|-fieldend|move: Psychic Terrain\n|upkeep\n|\n|t:|1700648190\n|switch|p2a: Tapu Lele|Tapu Lele, shiny|76\/100\n|-damage|p2a: Tapu Lele|51\/100|[from] Spikes\n|-fieldstart|move: Psychic Terrain|[from] ability: Psychic Surge|[of] p2a: Tapu Lele\n|turn|27\n|\n|t:|1700648202\n|move|p2a: Tapu Lele|Thunderbolt|p1a: \u9ebb\n|-damage|p1a: \u9ebb|61\/100\n|move|p1a: \u9ebb|Volt Switch|p2a: Tapu Lele\n|-damage|p2a: Tapu Lele|7\/100\n|\n|t:|1700648209\n|switch|p1a: \u672c\u4f53|Aegislash, F, shiny|100\/100|[from] Volt Switch\n|-damage|p1a: \u672c\u4f53|94\/100|[from] Stealth Rock\n|\n|-heal|p1a: \u672c\u4f53|100\/100|[from] item: Leftovers\n|upkeep\n|turn|28\n|inactive|princess zmx has 120 seconds left.\n|\n|t:|1700648243\n|move|p1a: \u672c\u4f53|King's Shield|p1a: \u672c\u4f53\n|-singleturn|p1a: \u672c\u4f53|Protect\n|move|p2a: Tapu Lele|Thunderbolt|p1a: \u672c\u4f53\n|-activate|p1a: \u672c\u4f53|move: Protect\n|\n|upkeep\n|turn|29\n|\n|t:|1700648264\n|move|p2a: Tapu Lele|Thunderbolt|p1a: \u672c\u4f53\n|-damage|p1a: \u672c\u4f53|82\/100\n|-formechange|p1a: \u672c\u4f53|Aegislash-Blade||[from] ability: Stance Change\n|move|p1a: \u672c\u4f53|Shadow Ball|p2a: Tapu Lele\n|-supereffective|p2a: Tapu Lele\n|-damage|p2a: Tapu Lele|0 fnt\n|faint|p2a: Tapu Lele\n|\n|-heal|p1a: \u672c\u4f53|88\/100|[from] item: Leftovers\n|upkeep\n|inactive|princess zmx has 120 seconds left.\n|\n|t:|1700648276\n|switch|p2a: Urshifu|Urshifu-Rapid-Strike, F|41\/100\n|-damage|p2a: Urshifu|16\/100|[from] Spikes\n|turn|30\n|\n|t:|1700648283\n|-formechange|p1a: \u672c\u4f53|Aegislash||[from] ability: Stance Change\n|move|p1a: \u672c\u4f53|King's Shield|p1a: \u672c\u4f53\n|-singleturn|p1a: \u672c\u4f53|Protect\n|move|p2a: Urshifu|Surging Strikes|p1a: \u672c\u4f53\n|-activate|p1a: \u672c\u4f53|move: Protect\n|\n|-heal|p1a: \u672c\u4f53|94\/100|[from] item: Leftovers\n|upkeep\n|turn|31\n|\n|t:|1700648307\n|switch|p1a: \u9ebb|Zapdos, shiny|61\/100\n|move|p2a: Urshifu|Surging Strikes|p1a: \u9ebb\n|-crit|p1a: \u9ebb\n|-damage|p1a: \u9ebb|40\/100\n|-crit|p1a: \u9ebb\n|-damage|p1a: \u9ebb|18\/100\n|-crit|p1a: \u9ebb\n|-damage|p1a: \u9ebb|0 fnt\n|faint|p1a: \u9ebb\n|-hitcount|p1: \u9ebb|3\n|\n|-fieldend|move: Psychic Terrain\n|upkeep\n|\n|t:|1700648315\n|switch|p1a: \u8001\u5a46|Lopunny-Mega, M, shiny|41\/100 tox\n|-damage|p1a: \u8001\u5a46|35\/100 tox|[from] Stealth Rock\n|turn|32\n|\n|t:|1700648328\n|switch|p2a: Banette|Banette-Mega, F, shiny|100\/100\n|-damage|p2a: Banette|75\/100|[from] Spikes\n|move|p1a: \u8001\u5a46|Fake Out|p2a: Banette\n|-damage|p2a: Banette|46\/100\n|\n|-damage|p1a: \u8001\u5a46|29\/100 tox|[from] psn\n|upkeep\n|turn|33\n|\n|t:|1700648335\n|move|p2a: Banette|Destiny Bond|p2a: Banette\n|-singlemove|p2a: Banette|Destiny Bond\n|move|p1a: \u8001\u5a46|Return|p2a: Banette\n|-damage|p2a: Banette|0 fnt\n|faint|p2a: Banette\n|-activate|p2a: Banette|move: Destiny Bond\n|faint|p1a: \u8001\u5a46\n|\n|upkeep\n|\n|t:|1700648341\n|switch|p1a: \u672c\u4f53|Aegislash, F, shiny|94\/100\n|switch|p2a: Urshifu|Urshifu-Rapid-Strike, F|16\/100\n|-damage|p2a: Urshifu|0 fnt|[from] Spikes\n|faint|p2a: Urshifu\n|\n|win|kimi777\n|raw|kimi777's rating: 1339 &rarr; <strong>1363<\/strong><br \/>(+24 for winning)\n|raw|princess zmx's rating: 1412 &rarr; <strong>1388<\/strong><br \/>(-24 for losing)\n|l|\u2606princess zmx\n","uploadtime":1700648349,"views":8,"p1id":"kimi777","p2id":"princesszmx","formatid":"gen9nationaldex","rating":1363,"private":0,"password":""}