{"id":"gen9nationaldex-1989495873","p1":"Assault Lady","p2":"An77","format":"[Gen 9] National Dex","log":"|j|\u2606Assault Lady\n|j|\u2606An77\n|t:|1699860446\n|gametype|singles\n|player|p1|Assault Lady|klara|1080\n|player|p2|An77|battlegirl-gen4|1088\n|teamsize|p1|6\n|teamsize|p2|6\n|gen|9\n|tier|[Gen 9] National Dex\n|rated|\n|rule|HP Percentage Mod: HP is shown in percentages\n|rule|Endless Battle Clause: Forcing endless battles is banned\n|rule|OHKO Clause: OHKO moves are banned\n|rule|Evasion Clause: Evasion abilities, items, and moves are banned\n|rule|Evasion Abilities Clause: Evasion abilities are banned\n|rule|Evasion Items Clause: Evasion items are banned\n|rule|Evasion Moves Clause: Evasion moves are banned\n|rule|Species Clause: Limit one of each Pok\u00e9mon\n|rule|Sleep Clause Mod: Limit one foe put to sleep\n|clearpoke\n|poke|p1|Pikachu, F|\n|poke|p1|Venusaur, F|\n|poke|p1|Charizard, F|\n|poke|p1|Blastoise, F|\n|poke|p1|Espeon, F|\n|poke|p1|Snorlax, F|\n|poke|p2|Sableye, F|\n|poke|p2|Clefable, F|\n|poke|p2|Chansey, F|\n|poke|p2|Gliscor, F|\n|poke|p2|Ferrothorn, M|\n|poke|p2|Garganacl, F|\n|teampreview\n|inactive|Battle timer is ON: inactive players will automatically lose when time's up. (requested by Assault Lady)\n|inactive|Assault Lady has 120 seconds left.\n|\n|t:|1699860501\n|start\n|switch|p1a: Wrath|Charizard, F|100\/100\n|switch|p2a: Sableye|Sableye, F|100\/100\n|turn|1\n|\n|t:|1699860510\n|detailschange|p1a: Wrath|Charizard-Mega-Y, F\n|-mega|p1a: Wrath|Charizard|Charizardite Y\n|-weather|SunnyDay|[from] ability: Drought|[of] p1a: Wrath\n|detailschange|p2a: Sableye|Sableye-Mega, F\n|-mega|p2a: Sableye|Sableye|Sablenite\n|move|p2a: Sableye|Protect|p2a: Sableye\n|-singleturn|p2a: Sableye|Protect\n|move|p1a: Wrath|Fire Blast|p2a: Sableye\n|-activate|p2a: Sableye|move: Protect\n|\n|-weather|SunnyDay|[upkeep]\n|upkeep\n|turn|2\n|\n|t:|1699860526\n|switch|p2a: Chansey|Chansey, F|100\/100\n|move|p1a: Wrath|Fire Blast|p2a: Chansey\n|-damage|p2a: Chansey|69\/100\n|\n|-weather|SunnyDay|[upkeep]\n|upkeep\n|turn|3\n|\n|t:|1699860535\n|switch|p1a: Envy|Espeon, F|100\/100\n|move|p2a: Chansey|Toxic|p1a: Envy\n|move|p1a: Envy|Toxic|p2a: Chansey|[from]ability: Magic Bounce\n|-status|p2a: Chansey|tox\n|\n|-weather|SunnyDay|[upkeep]\n|-damage|p2a: Chansey|63\/100 tox|[from] psn\n|upkeep\n|turn|4\n|\n|t:|1699860551\n|-curestatus|p2a: Chansey|tox|[from] ability: Natural Cure\n|switch|p2a: Gliscor|Gliscor, F|100\/100\n|-terastallize|p1a: Envy|Fire\n|move|p1a: Envy|Tera Blast|p2a: Gliscor|[anim] Tera Blast Fire\n|-damage|p2a: Gliscor|15\/100\n|\n|-weather|SunnyDay|[upkeep]\n|-status|p2a: Gliscor|tox|[from] item: Toxic Orb\n|upkeep\n|turn|5\n|l|\u2606An77\n|inactive|An77 disconnected and has a minute to reconnect!\n|player|p2|\n|j|\u2606An77\n|inactive|An77 reconnected and has 125 seconds left.\n|player|p2|An77|battlegirl-gen4\n|inactive|An77 has 120 seconds left.\n|\n|t:|1699860589\n|switch|p2a: Chansey|Chansey, F|63\/100\n|move|p1a: Envy|Tera Blast|p2a: Chansey|[anim] Tera Blast Fire\n|-damage|p2a: Chansey|32\/100\n|\n|-weather|none\n|upkeep\n|turn|6\n|\n|t:|1699860599\n|switch|p1a: Wrath|Charizard-Mega-Y, F|100\/100\n|-weather|SunnyDay|[from] ability: Drought|[of] p1a: Wrath\n|move|p2a: Chansey|Soft-Boiled|p2a: Chansey\n|-heal|p2a: Chansey|82\/100\n|\n|-weather|SunnyDay|[upkeep]\n|upkeep\n|turn|7\n|inactive|An77 has 120 seconds left.\n|\n|t:|1699860608\n|switch|p1a: Envy|Espeon, F, tera:Fire|100\/100\n|move|p2a: Chansey|Seismic Toss|p1a: Envy\n|-damage|p1a: Envy|64\/100\n|\n|-weather|SunnyDay|[upkeep]\n|upkeep\n|turn|8\n|inactive|An77 has 120 seconds left.\n|\n|t:|1699860619\n|move|p1a: Envy|Trick|p2a: Chansey\n|-activate|p1a: Envy|move: Trick|[of] p2a: Chansey\n|-item|p2a: Chansey|Choice Specs|[from] move: Trick\n|-item|p1a: Envy|Eviolite|[from] move: Trick\n|move|p2a: Chansey|Soft-Boiled|p2a: Chansey\n|-heal|p2a: Chansey|100\/100\n|\n|-weather|SunnyDay|[upkeep]\n|upkeep\n|turn|9\n|\n|t:|1699860628\n|switch|p2a: Sableye|Sableye-Mega, F|100\/100\n|move|p1a: Envy|Tera Blast|p2a: Sableye|[anim] Tera Blast Fire\n|-damage|p2a: Sableye|54\/100\n|\n|-weather|SunnyDay|[upkeep]\n|upkeep\n|turn|10\n|inactive|Assault Lady has 120 seconds left.\n|\n|t:|1699860665\n|move|p1a: Envy|Tera Blast|p2a: Sableye|[anim] Tera Blast Fire\n|-damage|p2a: Sableye|6\/100\n|move|p2a: Sableye|Knock Off|p1a: Envy\n|-damage|p1a: Envy|10\/100\n|-enditem|p1a: Envy|Eviolite|[from] move: Knock Off|[of] p2a: Sableye\n|\n|-weather|none\n|upkeep\n|turn|11\n|inactive|Assault Lady has 120 seconds left.\n|\n|t:|1699860683\n|move|p2a: Sableye|Protect|p2a: Sableye\n|-singleturn|p2a: Sableye|Protect\n|move|p1a: Envy|Tera Blast|p2a: Sableye|[anim] Tera Blast Fire\n|-activate|p2a: Sableye|move: Protect\n|\n|upkeep\n|turn|12\n|inactive|Assault Lady has 120 seconds left.\n|\n|t:|1699860692\n|switch|p2a: Garganacl|Garganacl, F|100\/100\n|move|p1a: Envy|Tera Blast|p2a: Garganacl|[anim] Tera Blast Fire\n|-resisted|p2a: Garganacl\n|-crit|p2a: Garganacl\n|-damage|p2a: Garganacl|81\/100\n|\n|-heal|p2a: Garganacl|87\/100|[from] item: Leftovers\n|upkeep\n|turn|13\n|inactive|Assault Lady has 120 seconds left.\n|inactive|Assault Lady has 90 seconds left.\n|inactive|Assault Lady has 60 seconds left.\n|\n|t:|1699860787\n|move|p1a: Envy|Trick|p2a: Garganacl\n|-activate|p1a: Envy|move: Trick|[of] p2a: Garganacl\n|-enditem|p2a: Garganacl|Leftovers|[silent]|[from] move: Trick\n|-item|p1a: Envy|Leftovers|[from] move: Trick\n|move|p2a: Garganacl|Salt Cure|p1a: Envy\n|-supereffective|p1a: Envy\n|-crit|p1a: Envy\n|-damage|p1a: Envy|0 fnt\n|faint|p1a: Envy\n|\n|upkeep\n|c|\u2606An77|What\n|inactive|Assault Lady has 30 seconds left.\n|\n|t:|1699860808\n|switch|p1a: Wrath|Charizard-Mega-Y, F|100\/100\n|-weather|SunnyDay|[from] ability: Drought|[of] p1a: Wrath\n|turn|14\n|c|\u2606An77|Why did you trick\n|inactive|Assault Lady has 30 seconds left.\n|\n|t:|1699860819\n|-terastallize|p2a: Garganacl|Water\n|move|p1a: Wrath|Focus Blast|p2a: Garganacl\n|-damage|p2a: Garganacl|56\/100\n|move|p2a: Garganacl|Salt Cure|p1a: Wrath\n|-supereffective|p1a: Wrath\n|-damage|p1a: Wrath|28\/100\n|-start|p1a: Wrath|Salt Cure\n|\n|-weather|SunnyDay|[upkeep]\n|-damage|p1a: Wrath|15\/100|[from] Salt Cure\n|upkeep\n|turn|15\n|inactive|Assault Lady has 30 seconds left.\n|inactive|Assault Lady has 20 seconds left.\n|inactive|Assault Lady has 15 seconds left.\n|inactive|Assault Lady has 10 seconds left.\n|inactive|Assault Lady has 5 seconds left.\n|\n|t:|1699860856\n|move|p1a: Wrath|Overheat|p2a: Garganacl\n|-resisted|p2a: Garganacl\n|-damage|p2a: Garganacl|17\/100\n|-unboost|p1a: Wrath|spa|2\n|move|p2a: Garganacl|Recover|p2a: Garganacl\n|-heal|p2a: Garganacl|67\/100\n|\n|-weather|SunnyDay|[upkeep]\n|-damage|p1a: Wrath|3\/100|[from] Salt Cure\n|upkeep\n|turn|16\n|inactive|Assault Lady has 15 seconds left this turn.\n|inactive|Assault Lady has 10 seconds left.\n|c|\u2606An77|Also don't use Pikachu\n|inactive|Assault Lady has 5 seconds left.\n|-message|Assault Lady lost due to inactivity.\n|\n|win|An77\n|raw|Assault Lady's rating: 1080 &rarr; <strong>1059<\/strong><br \/>(-21 for losing)\n|raw|An77's rating: 1088 &rarr; <strong>1114<\/strong><br \/>(+26 for winning)\n","uploadtime":1699860875,"views":4,"p1id":"assaultlady","p2id":"an77","formatid":"gen9nationaldex","rating":1059,"private":0,"password":""}