{"id":"gen9nationaldex-1987353715","p1":"bignutta","p2":"Bayern72915","format":"[Gen 9] National Dex","log":"|j|\u2606bignutta\n|j|\u2606Bayern72915\n|t:|1699580926\n|gametype|singles\n|player|p1|bignutta|brycenman|1165\n|player|p2|Bayern72915|cyrus|1262\n|teamsize|p1|6\n|teamsize|p2|6\n|gen|9\n|tier|[Gen 9] National Dex\n|rated|\n|rule|HP Percentage Mod: HP is shown in percentages\n|rule|Endless Battle Clause: Forcing endless battles is banned\n|rule|OHKO Clause: OHKO moves are banned\n|rule|Evasion Clause: Evasion abilities, items, and moves are banned\n|rule|Evasion Abilities Clause: Evasion abilities are banned\n|rule|Evasion Items Clause: Evasion items are banned\n|rule|Evasion Moves Clause: Evasion moves are banned\n|rule|Species Clause: Limit one of each Pok\u00e9mon\n|rule|Sleep Clause Mod: Limit one foe put to sleep\n|clearpoke\n|poke|p1|Cofagrigus, M|\n|poke|p1|Copperajah, F|\n|poke|p1|Chansey, F|\n|poke|p1|Buzzwole|\n|poke|p1|Pangoro, M|\n|poke|p1|Bellibolt, F|\n|poke|p2|Slowking-Galar, M|\n|poke|p2|Charizard, M|\n|poke|p2|Samurott-Hisui, M|\n|poke|p2|Hatterene, F|\n|poke|p2|Gliscor, M|\n|poke|p2|Rotom-Wash|\n|teampreview\n|inactive|Battle timer is ON: inactive players will automatically lose when time's up. (requested by bignutta)\n|\n|t:|1699580950\n|start\n|switch|p1a: Cofagrigus|Cofagrigus, M, shiny|100\/100\n|switch|p2a: Rotom|Rotom-Wash|100\/100\n|turn|1\n|\n|t:|1699580960\n|move|p2a: Rotom|Will-O-Wisp|p1a: Cofagrigus|[miss]\n|-miss|p2a: Rotom|p1a: Cofagrigus\n|move|p1a: Cofagrigus|Toxic Spikes|p2a: Rotom\n|-sidestart|p2: Bayern72915|move: Toxic Spikes\n|\n|upkeep\n|turn|2\n|\n|t:|1699580971\n|move|p2a: Rotom|Will-O-Wisp|p1a: Cofagrigus|[miss]\n|-miss|p2a: Rotom|p1a: Cofagrigus\n|move|p1a: Cofagrigus|Toxic Spikes|p2a: Rotom\n|-sidestart|p2: Bayern72915|move: Toxic Spikes\n|\n|upkeep\n|turn|3\n|\n|t:|1699580979\n|move|p2a: Rotom|Will-O-Wisp|p1a: Cofagrigus\n|-status|p1a: Cofagrigus|brn\n|move|p1a: Cofagrigus|Will-O-Wisp|p2a: Rotom\n|-status|p2a: Rotom|brn\n|\n|-damage|p2a: Rotom|94\/100 brn|[from] brn\n|-damage|p1a: Cofagrigus|94\/100 brn|[from] brn\n|upkeep\n|turn|4\n|\n|t:|1699580989\n|move|p2a: Rotom|Volt Switch|p1a: Cofagrigus\n|-damage|p1a: Cofagrigus|75\/100 brn\n|\n|t:|1699580993\n|switch|p2a: Gliscor|Gliscor, M|100\/100|[from] Volt Switch\n|move|p1a: Cofagrigus|Hex|p2a: Gliscor\n|-damage|p2a: Gliscor|82\/100\n|\n|-heal|p1a: Cofagrigus|81\/100 brn|[from] item: Leftovers\n|-damage|p1a: Cofagrigus|75\/100 brn|[from] brn\n|-status|p2a: Gliscor|tox|[from] item: Toxic Orb\n|upkeep\n|turn|5\n|\n|t:|1699581006\n|move|p2a: Gliscor|Defog|p1a: Cofagrigus\n|-unboost|p1a: Cofagrigus|evasion|1\n|-sideend|p2: Bayern72915|Toxic Spikes|[from] move: Defog|[of] p2a: Gliscor\n|move|p1a: Cofagrigus|Hex|p2a: Gliscor\n|-damage|p2a: Gliscor|43\/100 tox\n|\n|-heal|p1a: Cofagrigus|81\/100 brn|[from] item: Leftovers\n|-heal|p2a: Gliscor|55\/100 tox|[from] ability: Poison Heal\n|-damage|p1a: Cofagrigus|75\/100 brn|[from] brn\n|upkeep\n|turn|6\n|\n|t:|1699581024\n|move|p2a: Gliscor|Earthquake|p1a: Cofagrigus\n|-damage|p1a: Cofagrigus|48\/100 brn\n|move|p1a: Cofagrigus|Hex|p2a: Gliscor\n|-damage|p2a: Gliscor|20\/100 tox\n|\n|-heal|p1a: Cofagrigus|54\/100 brn|[from] item: Leftovers\n|-heal|p2a: Gliscor|33\/100 tox|[from] ability: Poison Heal\n|-damage|p1a: Cofagrigus|48\/100 brn|[from] brn\n|upkeep\n|turn|7\n|\n|t:|1699581035\n|move|p2a: Gliscor|Roost|p2a: Gliscor\n|-heal|p2a: Gliscor|83\/100 tox\n|-singleturn|p2a: Gliscor|move: Roost\n|move|p1a: Cofagrigus|Hex|p2a: Gliscor\n|-damage|p2a: Gliscor|46\/100 tox\n|\n|-heal|p1a: Cofagrigus|54\/100 brn|[from] item: Leftovers\n|-heal|p2a: Gliscor|58\/100 tox|[from] ability: Poison Heal\n|-damage|p1a: Cofagrigus|48\/100 brn|[from] brn\n|upkeep\n|turn|8\n|\n|t:|1699581048\n|move|p2a: Gliscor|Earthquake|p1a: Cofagrigus\n|-damage|p1a: Cofagrigus|24\/100 brn\n|move|p1a: Cofagrigus|Hex|p2a: Gliscor\n|-damage|p2a: Gliscor|22\/100 tox\n|\n|-heal|p1a: Cofagrigus|30\/100 brn|[from] item: Leftovers\n|-heal|p2a: Gliscor|34\/100 tox|[from] ability: Poison Heal\n|-damage|p1a: Cofagrigus|24\/100 brn|[from] brn\n|upkeep\n|turn|9\n|\n|t:|1699581059\n|move|p1a: Cofagrigus|Snatch|p1a: Cofagrigus\n|-singleturn|p1a: Cofagrigus|Snatch\n|move|p2a: Gliscor|Roost|p2a: Gliscor\n|-activate|p1a: Cofagrigus|move: Snatch|[of] p2a: Gliscor\n|move|p1a: Cofagrigus|Roost|p1a: Cofagrigus|[from]Snatch\n|-heal|p1a: Cofagrigus|74\/100 brn\n|-singleturn|p1a: Cofagrigus|move: Roost\n|\n|-heal|p1a: Cofagrigus|80\/100 brn|[from] item: Leftovers\n|-heal|p2a: Gliscor|47\/100 tox|[from] ability: Poison Heal\n|-damage|p1a: Cofagrigus|74\/100 brn|[from] brn\n|upkeep\n|turn|10\n|inactive|Bayern72915 has 120 seconds left.\n|inactive|Bayern72915 has 90 seconds left.\n|\n|t:|1699581119\n|move|p2a: Gliscor|U-turn|p1a: Cofagrigus\n|-resisted|p1a: Cofagrigus\n|-damage|p1a: Cofagrigus|68\/100 brn\n|-activate|p1a: Cofagrigus|ability: Mummy|Poison Heal|[of] p2a: Gliscor\n|inactive|Bayern72915 has 90 seconds left.\n|\n|t:|1699581136\n|switch|p2a: Samurott|Samurott-Hisui, M, shiny|100\/100|[from] U-turn\n|move|p1a: Cofagrigus|Hex|p2a: Samurott\n|-resisted|p2a: Samurott\n|-damage|p2a: Samurott|86\/100\n|\n|-heal|p1a: Cofagrigus|74\/100 brn|[from] item: Leftovers\n|-damage|p1a: Cofagrigus|68\/100 brn|[from] brn\n|upkeep\n|turn|11\n|\n|t:|1699581154\n|move|p2a: Samurott|Ceaseless Edge|p1a: Cofagrigus\n|-supereffective|p1a: Cofagrigus\n|-damage|p1a: Cofagrigus|2\/100 brn\n|-activate|p1a: Cofagrigus|ability: Mummy|Sharpness|[of] p2a: Samurott\n|-sidestart|p1: bignutta|Spikes\n|move|p1a: Cofagrigus|Will-O-Wisp|p2a: Samurott\n|-status|p2a: Samurott|brn\n|\n|-heal|p1a: Cofagrigus|8\/100 brn|[from] item: Leftovers\n|-damage|p2a: Samurott|79\/100 brn|[from] brn\n|-damage|p1a: Cofagrigus|2\/100 brn|[from] brn\n|upkeep\n|turn|12\n|\n|t:|1699581170\n|move|p2a: Samurott|Ceaseless Edge|p1a: Cofagrigus\n|-supereffective|p1a: Cofagrigus\n|-damage|p1a: Cofagrigus|0 fnt\n|-sidestart|p1: bignutta|Spikes\n|faint|p1a: Cofagrigus\n|\n|-damage|p2a: Samurott|73\/100 brn|[from] brn\n|upkeep\n|\n|t:|1699581180\n|switch|p1a: Bellibolt|Bellibolt, F|100\/100\n|-damage|p1a: Bellibolt|84\/100|[from] Spikes\n|turn|13\n|\n|t:|1699581185\n|move|p2a: Samurott|Ceaseless Edge|p1a: Bellibolt\n|-damage|p1a: Bellibolt|74\/100\n|-start|p1a: Bellibolt|Charge|Ceaseless Edge|[from] ability: Electromorphosis\n|-sidestart|p1: bignutta|Spikes\n|move|p1a: Bellibolt|Volt Switch|p2a: Samurott\n|-supereffective|p2a: Samurott\n|-damage|p2a: Samurott|0 fnt\n|faint|p2a: Samurott\n|-end|p1a: Bellibolt|Charge|[silent]\n|\n|t:|1699581196\n|switch|p1a: Chansey|Chansey, F, shiny|100\/100|[from] Volt Switch\n|-damage|p1a: Chansey|75\/100|[from] Spikes\n|\n|upkeep\n|inactive|Bayern72915 has 90 seconds left.\n|inactive|Bayern72915 has 60 seconds left.\n|\n|t:|1699581239\n|switch|p2a: Charizard|Charizard, M, shiny|100\/100\n|turn|14\n|inactive|Bayern72915 has 60 seconds left.\n|\n|t:|1699581262\n|detailschange|p2a: Charizard|Charizard-Mega-X, M, shiny\n|-mega|p2a: Charizard|Charizard|Charizardite X\n|move|p2a: Charizard|Dragon Dance|p2a: Charizard\n|-boost|p2a: Charizard|atk|1\n|-boost|p2a: Charizard|spe|1\n|move|p1a: Chansey|Seismic Toss|p2a: Charizard\n|-damage|p2a: Charizard|67\/100\n|\n|upkeep\n|turn|15\n|\n|t:|1699581289\n|move|p2a: Charizard|Dragon Dance|p2a: Charizard\n|-boost|p2a: Charizard|atk|1\n|-boost|p2a: Charizard|spe|1\n|move|p1a: Chansey|Seismic Toss|p2a: Charizard\n|-damage|p2a: Charizard|33\/100\n|\n|upkeep\n|turn|16\n|\n|t:|1699581297\n|move|p2a: Charizard|Dragon Claw|p1a: Chansey\n|-damage|p1a: Chansey|4\/100\n|move|p1a: Chansey|Seismic Toss|p2a: Charizard\n|-damage|p2a: Charizard|0 fnt\n|faint|p2a: Charizard\n|\n|upkeep\n|inactive|Bayern72915 has 30 seconds left.\n|\n|t:|1699581315\n|switch|p2a: Rotom|Rotom-Wash|94\/100 brn\n|turn|17\n|\n|t:|1699581320\n|move|p2a: Rotom|Volt Switch|p1a: Chansey\n|-damage|p1a: Chansey|0 fnt\n|faint|p1a: Chansey\n|inactive|Bayern72915 has 30 seconds left.\n|\n|t:|1699581337\n|switch|p2a: Slowking|Slowking-Galar, M|100\/100|[from] Volt Switch\n|\n|upkeep\n|\n|t:|1699581349\n|switch|p1a: Pangoro|Pangoro, M, shiny|100\/100\n|-damage|p1a: Pangoro|76\/100|[from] Spikes\n|-ability|p1a: Pangoro|Mold Breaker\n|turn|18\n|inactive|Bayern72915 has 30 seconds left.\n|\n|t:|1699581367\n|-terastallize|p2a: Slowking|Normal\n|-zpower|p1a: Pangoro\n|move|p1a: Pangoro|Black Hole Eclipse|p2a: Slowking|[zeffect]\n|-damage|p2a: Slowking|15\/100\n|move|p2a: Slowking|Sludge Bomb|p1a: Pangoro\n|-damage|p1a: Pangoro|30\/100\n|-status|p1a: Pangoro|psn\n|\n|-damage|p1a: Pangoro|18\/100 psn|[from] psn\n|upkeep\n|turn|19\n|inactive|Bayern72915 has 30 seconds left.\n|\n|t:|1699581385\n|switch|p2a: Gliscor|Gliscor, M|47\/100 tox\n|move|p1a: Pangoro|Drain Punch|p2a: Gliscor\n|-resisted|p2a: Gliscor\n|-damage|p2a: Gliscor|30\/100 tox\n|-heal|p1a: Pangoro|25\/100 psn|[from] drain|[of] p2a: Gliscor\n|\n|-heal|p2a: Gliscor|43\/100 tox|[from] ability: Poison Heal\n|-damage|p1a: Pangoro|13\/100 psn|[from] psn\n|upkeep\n|turn|20\n|inactive|Bayern72915 has 30 seconds left.\n|\n|t:|1699581397\n|move|p2a: Gliscor|Roost|p2a: Gliscor\n|-heal|p2a: Gliscor|93\/100 tox\n|-singleturn|p2a: Gliscor|move: Roost\n|move|p1a: Pangoro|Darkest Lariat|p2a: Gliscor\n|-damage|p2a: Gliscor|54\/100 tox\n|\n|-heal|p2a: Gliscor|67\/100 tox|[from] ability: Poison Heal\n|-damage|p1a: Pangoro|0 fnt|[from] psn\n|faint|p1a: Pangoro\n|upkeep\n|\n|t:|1699581411\n|switch|p1a: Buzzwole|Buzzwole, shiny|100\/100\n|-damage|p1a: Buzzwole|76\/100|[from] Spikes\n|turn|21\n|inactive|Bayern72915 has 30 seconds left.\n|\n|t:|1699581431\n|move|p2a: Gliscor|U-turn|p1a: Buzzwole\n|-resisted|p1a: Buzzwole\n|-damage|p1a: Buzzwole|71\/100\n|inactive|Bayern72915 has 30 seconds left.\n|\n|t:|1699581438\n|switch|p2a: Rotom|Rotom-Wash|94\/100 brn|[from] U-turn\n|move|p1a: Buzzwole|Ice Punch|p2a: Rotom\n|-resisted|p2a: Rotom\n|-damage|p2a: Rotom|82\/100 brn\n|\n|-heal|p2a: Rotom|89\/100 brn|[from] item: Leftovers\n|-damage|p2a: Rotom|82\/100 brn|[from] brn\n|upkeep\n|turn|22\n|-message|bignutta forfeited.\n|\n|win|Bayern72915\n|raw|bignutta's rating: 1165 &rarr; <strong>1147<\/strong><br \/>(-18 for losing)\n|raw|Bayern72915's rating: 1262 &rarr; <strong>1280<\/strong><br \/>(+18 for winning)\n|l|\u2606bignutta\n","uploadtime":1699581460,"views":5,"p1id":"bignutta","p2id":"bayern72915","formatid":"gen9nationaldex","rating":1147,"private":0,"password":""}