{"id":"gen9nationaldex-1993136043","p1":"BeykerGuerre","p2":"OffbeatSplash93","format":"[Gen 9] National Dex","log":"|j|\u2606BeykerGuerre\n|j|\u2606OffbeatSplash93\n|t:|1700269033\n|gametype|singles\n|player|p1|BeykerGuerre|102|1000\n|player|p2|OffbeatSplash93|2|1000\n|teamsize|p1|6\n|teamsize|p2|6\n|gen|9\n|tier|[Gen 9] National Dex\n|rated|\n|rule|HP Percentage Mod: HP is shown in percentages\n|rule|Endless Battle Clause: Forcing endless battles is banned\n|rule|OHKO Clause: OHKO moves are banned\n|rule|Evasion Clause: Evasion abilities, items, and moves are banned\n|rule|Evasion Abilities Clause: Evasion abilities are banned\n|rule|Evasion Items Clause: Evasion items are banned\n|rule|Evasion Moves Clause: Evasion moves are banned\n|rule|Species Clause: Limit one of each Pok\u00e9mon\n|rule|Sleep Clause Mod: Limit one foe put to sleep\n|clearpoke\n|poke|p1|Abomasnow, F|\n|poke|p1|Quagsire, F|\n|poke|p1|Umbreon, F|\n|poke|p1|Raboot, M|\n|poke|p1|Gabite, F|\n|poke|p1|Meganium, M|\n|poke|p2|Glimmora, F|\n|poke|p2|Charizard, M|\n|poke|p2|Sableye, F|\n|poke|p2|Corviknight, M|\n|poke|p2|Altaria, F|\n|poke|p2|Ting-Lu|\n|teampreview\n|inactive|Battle timer is ON: inactive players will automatically lose when time's up. (requested by OffbeatSplash93)\n|\n|t:|1700269057\n|start\n|switch|p1a: Quagsire|Quagsire, F|100\/100\n|switch|p2a: rock|Glimmora, F|100\/100\n|turn|1\n|\n|t:|1700269070\n|move|p2a: rock|Stealth Rock|p1a: Quagsire\n|-sidestart|p1: BeykerGuerre|move: Stealth Rock\n|move|p1a: Quagsire|Aqua Tail|p2a: rock\n|-supereffective|p2a: rock\n|-damage|p2a: rock|3\/100\n|-damage|p1a: Quagsire|84\/100|[from] item: Rocky Helmet|[of] p2a: rock\n|-activate|p2a: rock|ability: Toxic Debris\n|-sidestart|p1: BeykerGuerre|move: Toxic Spikes\n|\n|-heal|p1a: Quagsire|90\/100|[from] item: Leftovers\n|upkeep\n|turn|2\n|\n|t:|1700269083\n|move|p2a: rock|Spikes|p1a: Quagsire\n|-sidestart|p1: BeykerGuerre|Spikes\n|move|p1a: Quagsire|Avalanche|p2a: rock\n|-damage|p2a: rock|0 fnt\n|-damage|p1a: Quagsire|74\/100|[from] item: Rocky Helmet|[of] p2a: rock\n|-activate|p2a: rock|ability: Toxic Debris\n|-sidestart|p1: BeykerGuerre|move: Toxic Spikes\n|faint|p2a: rock\n|\n|-heal|p1a: Quagsire|80\/100|[from] item: Leftovers\n|upkeep\n|\n|t:|1700269086\n|switch|p2a: spooky|Sableye, F, shiny|100\/100\n|turn|3\n|\n|t:|1700269098\n|move|p2a: spooky|Light Screen|p2a: spooky\n|-sidestart|p2: OffbeatSplash93|move: Light Screen\n|move|p1a: Quagsire|Aqua Tail|p2a: spooky\n|-damage|p2a: spooky|57\/100\n|\n|-heal|p1a: Quagsire|86\/100|[from] item: Leftovers\n|upkeep\n|turn|4\n|\n|t:|1700269107\n|move|p2a: spooky|Reflect|p2a: spooky\n|-sidestart|p2: OffbeatSplash93|Reflect\n|move|p1a: Quagsire|Earthquake|p2a: spooky\n|-crit|p2a: spooky\n|-damage|p2a: spooky|0 fnt\n|faint|p2a: spooky\n|\n|-heal|p1a: Quagsire|92\/100|[from] item: Leftovers\n|upkeep\n|c|\u2606OffbeatSplash93|what is that team tho\n|\n|t:|1700269119\n|switch|p2a: bird|Corviknight, M|100\/100\n|turn|5\n|\n|t:|1700269127\n|move|p2a: bird|Tailwind|p2a: bird\n|-sidestart|p2: OffbeatSplash93|move: Tailwind\n|move|p1a: Quagsire|Avalanche|p2a: bird\n|-damage|p2a: bird|94\/100\n|\n|-heal|p1a: Quagsire|98\/100|[from] item: Leftovers\n|upkeep\n|turn|6\n|\n|t:|1700269137\n|move|p2a: bird|Brave Bird|p1a: Quagsire\n|-damage|p1a: Quagsire|45\/100\n|-damage|p2a: bird|77\/100|[from] Recoil\n|move|p1a: Quagsire|Aqua Tail|p2a: bird|[miss]\n|-miss|p1a: Quagsire|p2a: bird\n|\n|-heal|p1a: Quagsire|51\/100|[from] item: Leftovers\n|upkeep\n|turn|7\n|\n|t:|1700269149\n|move|p2a: bird|Brave Bird|p1a: Quagsire\n|-damage|p1a: Quagsire|3\/100\n|-damage|p2a: bird|61\/100|[from] Recoil\n|move|p1a: Quagsire|Avalanche|p2a: bird\n|-damage|p2a: bird|46\/100\n|\n|-heal|p1a: Quagsire|9\/100|[from] item: Leftovers\n|upkeep\n|turn|8\n|\n|t:|1700269161\n|move|p2a: bird|U-turn|p1a: Quagsire\n|-damage|p1a: Quagsire|0 fnt\n|faint|p1a: Quagsire\n|\n|t:|1700269165\n|switch|p2a: pot|Ting-Lu|100\/100|[from] U-turn\n|-ability|p2a: pot|Vessel of Ruin\n|\n|-sideend|p2: OffbeatSplash93|move: Tailwind\n|upkeep\n|\n|t:|1700269176\n|switch|p1a: Abomasnow|Abomasnow, F|100\/100\n|-damage|p1a: Abomasnow|76\/100|[from] Stealth Rock\n|-status|p1a: Abomasnow|tox\n|-damage|p1a: Abomasnow|63\/100 tox|[from] Spikes\n|-weather|Snow|[from] ability: Snow Warning|[of] p1a: Abomasnow\n|turn|9\n|\n|t:|1700269185\n|-terastallize|p2a: pot|Poison\n|move|p1a: Abomasnow|Earthquake|p2a: pot\n|-supereffective|p2a: pot\n|-damage|p2a: pot|80\/100\n|move|p2a: pot|Substitute|p2a: pot\n|-start|p2a: pot|Substitute\n|-damage|p2a: pot|55\/100\n|\n|-weather|Snow|[upkeep]\n|-heal|p2a: pot|62\/100|[from] item: Leftovers\n|-damage|p1a: Abomasnow|57\/100 tox|[from] psn\n|upkeep\n|turn|10\n|\n|t:|1700269199\n|move|p2a: pot|Protect|p2a: pot\n|-singleturn|p2a: pot|Protect\n|move|p1a: Abomasnow|Earthquake|p2a: pot\n|-activate|p2a: pot|move: Protect\n|\n|-weather|Snow|[upkeep]\n|-heal|p2a: pot|68\/100|[from] item: Leftovers\n|-damage|p1a: Abomasnow|45\/100 tox|[from] psn\n|-sideend|p2: OffbeatSplash93|move: Light Screen\n|upkeep\n|turn|11\n|\n|t:|1700269210\n|move|p1a: Abomasnow|Earthquake|p2a: pot\n|-supereffective|p2a: pot\n|-activate|p2a: pot|move: Substitute|[damage]\n|move|p2a: pot|Whirlwind|p1a: Abomasnow\n|drag|p1a: Umbreon|Umbreon, F|100\/100\n|-damage|p1a: Umbreon|88\/100|[from] Stealth Rock\n|-status|p1a: Umbreon|tox\n|-damage|p1a: Umbreon|76\/100 tox|[from] Spikes\n|\n|-weather|Snow|[upkeep]\n|-heal|p1a: Umbreon|82\/100 tox|[from] item: Leftovers\n|-heal|p2a: pot|74\/100|[from] item: Leftovers\n|-damage|p1a: Umbreon|76\/100 tox|[from] psn\n|-sideend|p2: OffbeatSplash93|Reflect\n|upkeep\n|turn|12\n|\n|t:|1700269229\n|move|p2a: pot|Protect|p2a: pot\n|-singleturn|p2a: pot|Protect\n|move|p1a: Umbreon|Psychic|p2a: pot\n|-activate|p2a: pot|move: Protect\n|\n|-weather|Snow|[upkeep]\n|-heal|p1a: Umbreon|82\/100 tox|[from] item: Leftovers\n|-heal|p2a: pot|80\/100|[from] item: Leftovers\n|-damage|p1a: Umbreon|70\/100 tox|[from] psn\n|upkeep\n|turn|13\n|\n|t:|1700269245\n|move|p1a: Umbreon|Psychic|p2a: pot\n|-supereffective|p2a: pot\n|-end|p2a: pot|Substitute\n|move|p2a: pot|Whirlwind|p1a: Umbreon\n|drag|p1a: Raboot|Raboot, M|100\/100\n|-damage|p1a: Raboot|76\/100|[from] Stealth Rock\n|-status|p1a: Raboot|tox\n|-damage|p1a: Raboot|64\/100 tox|[from] Spikes\n|\n|-weather|none\n|-heal|p1a: Raboot|70\/100 tox|[from] item: Leftovers\n|-heal|p2a: pot|86\/100|[from] item: Leftovers\n|-damage|p1a: Raboot|64\/100 tox|[from] psn\n|upkeep\n|turn|14\n|\n|t:|1700269264\n|move|p1a: Raboot|Flame Charge|p2a: pot\n|-damage|p2a: pot|78\/100\n|-boost|p1a: Raboot|spe|1\n|move|p2a: pot|Substitute|p2a: pot\n|-start|p2a: pot|Substitute\n|-damage|p2a: pot|53\/100\n|\n|-heal|p1a: Raboot|70\/100 tox|[from] item: Leftovers\n|-heal|p2a: pot|60\/100|[from] item: Leftovers\n|-damage|p1a: Raboot|58\/100 tox|[from] psn\n|upkeep\n|turn|15\n|\n|t:|1700269277\n|move|p2a: pot|Protect|p2a: pot\n|-singleturn|p2a: pot|Protect\n|move|p1a: Raboot|Flame Charge|p2a: pot\n|-activate|p2a: pot|move: Protect\n|\n|-heal|p1a: Raboot|64\/100 tox|[from] item: Leftovers\n|-heal|p2a: pot|66\/100|[from] item: Leftovers\n|-damage|p1a: Raboot|46\/100 tox|[from] psn\n|upkeep\n|turn|16\n|\n|t:|1700269290\n|move|p1a: Raboot|Flame Charge|p2a: pot\n|-activate|p2a: pot|move: Substitute|[damage]\n|-boost|p1a: Raboot|spe|1\n|move|p2a: pot|Earth Power|p1a: Raboot\n|-supereffective|p1a: Raboot\n|-damage|p1a: Raboot|0 fnt\n|faint|p1a: Raboot\n|\n|-heal|p2a: pot|72\/100|[from] item: Leftovers\n|upkeep\n|inactive|BeykerGuerre has 120 seconds left.\n|\n|t:|1700269302\n|switch|p1a: Abomasnow|Abomasnow, F|45\/100 tox\n|-damage|p1a: Abomasnow|21\/100 tox|[from] Stealth Rock\n|-damage|p1a: Abomasnow|8\/100 tox|[from] Spikes\n|-weather|Snow|[from] ability: Snow Warning|[of] p1a: Abomasnow\n|turn|17\n|\n|t:|1700269310\n|move|p2a: pot|Protect|p2a: pot\n|-singleturn|p2a: pot|Protect\n|move|p1a: Abomasnow|Earthquake|p2a: pot\n|-activate|p2a: pot|move: Protect\n|\n|-weather|Snow|[upkeep]\n|-heal|p2a: pot|78\/100|[from] item: Leftovers\n|-damage|p1a: Abomasnow|2\/100 tox|[from] psn\n|upkeep\n|turn|18\n|\n|t:|1700269321\n|move|p1a: Abomasnow|Earthquake|p2a: pot\n|-supereffective|p2a: pot\n|-end|p2a: pot|Substitute\n|move|p2a: pot|Whirlwind|p1a: Abomasnow\n|drag|p1a: Gabite|Gabite, F|100\/100\n|-damage|p1a: Gabite|94\/100|[from] Stealth Rock\n|-status|p1a: Gabite|tox\n|-damage|p1a: Gabite|82\/100 tox|[from] Spikes\n|\n|-weather|Snow|[upkeep]\n|-heal|p2a: pot|85\/100|[from] item: Leftovers\n|-damage|p1a: Gabite|76\/100 tox|[from] psn\n|upkeep\n|turn|19\n|inactive|BeykerGuerre has 120 seconds left.\n|\n|t:|1700269337\n|move|p1a: Gabite|Earth Power|p2a: pot\n|-supereffective|p2a: pot\n|-damage|p2a: pot|64\/100\n|move|p2a: pot|Substitute|p2a: pot\n|-start|p2a: pot|Substitute\n|-damage|p2a: pot|39\/100\n|\n|-weather|Snow|[upkeep]\n|-heal|p2a: pot|46\/100|[from] item: Leftovers\n|-damage|p1a: Gabite|64\/100 tox|[from] psn\n|upkeep\n|turn|20\n|inactive|BeykerGuerre has 120 seconds left.\n|\n|t:|1700269348\n|move|p2a: pot|Protect|p2a: pot\n|-singleturn|p2a: pot|Protect\n|move|p1a: Gabite|Earth Power|p2a: pot\n|-activate|p2a: pot|move: Protect\n|\n|-weather|Snow|[upkeep]\n|-heal|p2a: pot|52\/100|[from] item: Leftovers\n|-damage|p1a: Gabite|45\/100 tox|[from] psn\n|upkeep\n|turn|21\n|inactive|BeykerGuerre has 120 seconds left.\n|\n|t:|1700269359\n|move|p2a: pot|Protect||[still]\n|-fail|p2a: pot\n|move|p1a: Gabite|Earth Power|p2a: pot\n|-supereffective|p2a: pot\n|-activate|p2a: pot|move: Substitute|[damage]\n|\n|-weather|none\n|-heal|p2a: pot|58\/100|[from] item: Leftovers\n|-damage|p1a: Gabite|21\/100 tox|[from] psn\n|upkeep\n|turn|22\n|inactive|BeykerGuerre has 120 seconds left.\n|\n|t:|1700269370\n|move|p2a: pot|Protect|p2a: pot\n|-singleturn|p2a: pot|Protect\n|move|p1a: Gabite|Earth Power|p2a: pot\n|-activate|p2a: pot|move: Protect\n|\n|-heal|p2a: pot|64\/100|[from] item: Leftovers\n|-damage|p1a: Gabite|0 fnt|[from] psn\n|faint|p1a: Gabite\n|upkeep\n|inactive|BeykerGuerre has 120 seconds left.\n|\n|t:|1700269381\n|switch|p1a: Umbreon|Umbreon, F|70\/100 tox\n|-damage|p1a: Umbreon|57\/100 tox|[from] Stealth Rock\n|-damage|p1a: Umbreon|45\/100 tox|[from] Spikes\n|turn|23\n|inactive|BeykerGuerre has 120 seconds left.\n|\n|t:|1700269391\n|move|p1a: Umbreon|Moonlight|p1a: Umbreon\n|-heal|p1a: Umbreon|95\/100 tox\n|move|p2a: pot|Whirlwind|p1a: Umbreon\n|drag|p1a: Meganium|Meganium, M|100\/100\n|-damage|p1a: Meganium|88\/100|[from] Stealth Rock\n|-status|p1a: Meganium|tox\n|-damage|p1a: Meganium|76\/100 tox|[from] Spikes\n|\n|-heal|p1a: Meganium|82\/100 tox|[from] item: Leftovers\n|-heal|p2a: pot|71\/100|[from] item: Leftovers\n|-damage|p1a: Meganium|76\/100 tox|[from] psn\n|upkeep\n|turn|24\n|inactive|BeykerGuerre has 120 seconds left.\n|\n|t:|1700269408\n|move|p1a: Meganium|Earthquake|p2a: pot\n|-supereffective|p2a: pot\n|-end|p2a: pot|Substitute\n|move|p2a: pot|Whirlwind|p1a: Meganium\n|drag|p1a: Umbreon|Umbreon, F|95\/100 tox\n|-damage|p1a: Umbreon|82\/100 tox|[from] Stealth Rock\n|-damage|p1a: Umbreon|70\/100 tox|[from] Spikes\n|\n|-heal|p1a: Umbreon|76\/100 tox|[from] item: Leftovers\n|-heal|p2a: pot|77\/100|[from] item: Leftovers\n|-damage|p1a: Umbreon|70\/100 tox|[from] psn\n|upkeep\n|turn|25\n|\n|t:|1700269424\n|move|p1a: Umbreon|Psychic|p2a: pot\n|-supereffective|p2a: pot\n|-damage|p2a: pot|53\/100\n|move|p2a: pot|Substitute|p2a: pot\n|-start|p2a: pot|Substitute\n|-damage|p2a: pot|29\/100\n|\n|-heal|p1a: Umbreon|76\/100 tox|[from] item: Leftovers\n|-heal|p2a: pot|35\/100|[from] item: Leftovers\n|-damage|p1a: Umbreon|64\/100 tox|[from] psn\n|upkeep\n|turn|26\n|\n|t:|1700269436\n|move|p1a: Umbreon|Psychic|p2a: pot\n|-supereffective|p2a: pot\n|-activate|p2a: pot|move: Substitute|[damage]\n|move|p2a: pot|Earth Power|p1a: Umbreon\n|-damage|p1a: Umbreon|51\/100 tox\n|\n|-heal|p1a: Umbreon|57\/100 tox|[from] item: Leftovers\n|-heal|p2a: pot|41\/100|[from] item: Leftovers\n|-damage|p1a: Umbreon|39\/100 tox|[from] psn\n|upkeep\n|turn|27\n|\n|t:|1700269449\n|move|p2a: pot|Protect|p2a: pot\n|-singleturn|p2a: pot|Protect\n|move|p1a: Umbreon|Moonlight|p1a: Umbreon\n|-heal|p1a: Umbreon|89\/100 tox\n|\n|-heal|p1a: Umbreon|95\/100 tox|[from] item: Leftovers\n|-heal|p2a: pot|47\/100|[from] item: Leftovers\n|-damage|p1a: Umbreon|71\/100 tox|[from] psn\n|upkeep\n|turn|28\n|\n|t:|1700269463\n|move|p1a: Umbreon|Psychic|p2a: pot\n|-supereffective|p2a: pot\n|-end|p2a: pot|Substitute\n|move|p2a: pot|Whirlwind|p1a: Umbreon\n|drag|p1a: Abomasnow|Abomasnow, F|2\/100 tox\n|-damage|p1a: Abomasnow|0 fnt|[from] Stealth Rock\n|faint|p1a: Abomasnow\n|\n|-heal|p2a: pot|53\/100|[from] item: Leftovers\n|upkeep\n|\n|t:|1700269474\n|switch|p1a: Umbreon|Umbreon, F|71\/100 tox\n|-damage|p1a: Umbreon|58\/100 tox|[from] Stealth Rock\n|-damage|p1a: Umbreon|46\/100 tox|[from] Spikes\n|turn|29\n|\n|t:|1700269481\n|move|p1a: Umbreon|Psychic|p2a: pot\n|-supereffective|p2a: pot\n|-damage|p2a: pot|26\/100\n|move|p2a: pot|Whirlwind|p1a: Umbreon\n|drag|p1a: Meganium|Meganium, M|76\/100 tox\n|-damage|p1a: Meganium|64\/100 tox|[from] Stealth Rock\n|-damage|p1a: Meganium|51\/100 tox|[from] Spikes\n|\n|-heal|p1a: Meganium|57\/100 tox|[from] item: Leftovers\n|-heal|p2a: pot|32\/100|[from] item: Leftovers\n|-damage|p1a: Meganium|51\/100 tox|[from] psn\n|upkeep\n|turn|30\n|\n|t:|1700269495\n|move|p2a: pot|Protect|p2a: pot\n|-singleturn|p2a: pot|Protect\n|move|p1a: Meganium|Earthquake|p2a: pot\n|-activate|p2a: pot|move: Protect\n|\n|-heal|p1a: Meganium|57\/100 tox|[from] item: Leftovers\n|-heal|p2a: pot|39\/100|[from] item: Leftovers\n|-damage|p1a: Meganium|45\/100 tox|[from] psn\n|upkeep\n|turn|31\n|\n|t:|1700269507\n|move|p1a: Meganium|Earthquake|p2a: pot\n|-supereffective|p2a: pot\n|-damage|p2a: pot|23\/100\n|move|p2a: pot|Substitute|p2a: pot\n|-fail|p2a: pot|move: Substitute|[weak]\n|\n|-heal|p1a: Meganium|51\/100 tox|[from] item: Leftovers\n|-heal|p2a: pot|30\/100|[from] item: Leftovers\n|-damage|p1a: Meganium|33\/100 tox|[from] psn\n|upkeep\n|turn|32\n|\n|t:|1700269519\n|move|p1a: Meganium|Earthquake|p2a: pot\n|-supereffective|p2a: pot\n|-damage|p2a: pot|14\/100\n|move|p2a: pot|Whirlwind|p1a: Meganium\n|drag|p1a: Umbreon|Umbreon, F|46\/100 tox\n|-damage|p1a: Umbreon|33\/100 tox|[from] Stealth Rock\n|-damage|p1a: Umbreon|21\/100 tox|[from] Spikes\n|\n|-heal|p1a: Umbreon|27\/100 tox|[from] item: Leftovers\n|-heal|p2a: pot|20\/100|[from] item: Leftovers\n|-damage|p1a: Umbreon|21\/100 tox|[from] psn\n|upkeep\n|turn|33\n|\n|t:|1700269536\n|move|p1a: Umbreon|Psychic|p2a: pot\n|-supereffective|p2a: pot\n|-damage|p2a: pot|0 fnt\n|faint|p2a: pot\n|\n|-heal|p1a: Umbreon|27\/100 tox|[from] item: Leftovers\n|-damage|p1a: Umbreon|15\/100 tox|[from] psn\n|upkeep\n|\n|t:|1700269541\n|switch|p2a: bird|Corviknight, M|46\/100\n|turn|34\n|\n|t:|1700269546\n|move|p2a: bird|U-turn|p1a: Umbreon\n|-supereffective|p1a: Umbreon\n|-damage|p1a: Umbreon|0 fnt\n|faint|p1a: Umbreon\n|\n|t:|1700269551\n|switch|p2a: dargon|Charizard, M, shiny|100\/100|[from] U-turn\n|\n|upkeep\n|inactive|BeykerGuerre has 120 seconds left.\n|\n|t:|1700269557\n|switch|p1a: Meganium|Meganium, M|33\/100 tox\n|-damage|p1a: Meganium|21\/100 tox|[from] Stealth Rock\n|-damage|p1a: Meganium|9\/100 tox|[from] Spikes\n|turn|35\n|\n|t:|1700269567\n|move|p2a: dargon|Flamethrower|p1a: Meganium\n|-supereffective|p1a: Meganium\n|-crit|p1a: Meganium\n|-damage|p1a: Meganium|0 fnt\n|faint|p1a: Meganium\n|\n|win|OffbeatSplash93\n|raw|BeykerGuerre's rating: 1000 &rarr; <strong>1000<\/strong><br \/>(+0 for losing)\n|raw|OffbeatSplash93's rating: 1000 &rarr; <strong>1040<\/strong><br \/>(+40 for winning)\n|l|\u2606BeykerGuerre\n","uploadtime":1700269579,"views":7,"p1id":"beykerguerre","p2id":"offbeatsplash93","formatid":"gen9nationaldex","rating":1000,"private":0,"password":""}