{"id":"gen9nationaldex-1995922136","p1":"KingoftheTitans","p2":"wxwswj","format":"[Gen 9] National Dex","log":"|html|<div class=\"broadcast-blue\"><strong>[Gen 9] National Dex is currently suspecting Sneasler! For information on how to participate check out the <a href=\"https:\/\/www.smogon.com\/forums\/threads\/sv-national-dex-suspect-8-just-dance.3731534\/\">suspect thread<\/a>.<\/strong><\/div>\n|j|\u2606KingoftheTitans\n|j|\u2606wxwswj\n|t:|1700617737\n|gametype|singles\n|player|p1|KingoftheTitans|169|1265\n|player|p2|wxwswj|byron|1206\n|teamsize|p1|6\n|teamsize|p2|6\n|gen|9\n|tier|[Gen 9] National Dex\n|rated|\n|rule|HP Percentage Mod: HP is shown in percentages\n|rule|Endless Battle Clause: Forcing endless battles is banned\n|rule|OHKO Clause: OHKO moves are banned\n|rule|Evasion Clause: Evasion abilities, items, and moves are banned\n|rule|Evasion Abilities Clause: Evasion abilities are banned\n|rule|Evasion Items Clause: Evasion items are banned\n|rule|Evasion Moves Clause: Evasion moves are banned\n|rule|Species Clause: Limit one of each Pok\u00e9mon\n|rule|Sleep Clause Mod: Limit one foe put to sleep\n|clearpoke\n|poke|p1|Skeledirge, M|\n|poke|p1|Samurott-Hisui, M|\n|poke|p1|Abomasnow, M|\n|poke|p1|Arctovish|\n|poke|p1|Exploud, M|\n|poke|p1|Excadrill, M|\n|poke|p2|Ogerpon-Cornerstone, F|\n|poke|p2|Rillaboom, F|\n|poke|p2|Heatran, F|\n|poke|p2|Corviknight, F|\n|poke|p2|Tyranitar, F|\n|poke|p2|Clefable, M|\n|teampreview\n|\n|t:|1700617753\n|start\n|switch|p1a: Samurott|Samurott-Hisui, M|100\/100\n|switch|p2a: Tyranitar|Tyranitar, F, shiny|100\/100\n|-weather|Sandstorm|[from] ability: Sand Stream|[of] p2a: Tyranitar\n|turn|1\n|\n|t:|1700617767\n|switch|p2a: Corviknight|Corviknight, F, shiny|100\/100\n|move|p1a: Samurott|Sacred Sword|p2a: Corviknight\n|-damage|p2a: Corviknight|68\/100\n|-damage|p1a: Samurott|91\/100|[from] item: Life Orb\n|\n|-weather|Sandstorm|[upkeep]\n|-damage|p1a: Samurott|84\/100|[from] Sandstorm\n|-heal|p2a: Corviknight|74\/100|[from] item: Leftovers\n|upkeep\n|turn|2\n|\n|t:|1700617784\n|switch|p1a: Exploud|Exploud, M|100\/100\n|move|p2a: Corviknight|Iron Defense|p2a: Corviknight\n|-boost|p2a: Corviknight|def|2\n|\n|-weather|Sandstorm|[upkeep]\n|-damage|p1a: Exploud|94\/100|[from] Sandstorm\n|-heal|p2a: Corviknight|80\/100|[from] item: Leftovers\n|upkeep\n|turn|3\n|\n|t:|1700617795\n|switch|p2a: Heatran|Heatran, F, shiny|100\/100\n|move|p1a: Exploud|Fire Blast|p2a: Heatran\n|-start|p2a: Heatran|ability: Flash Fire\n|\n|-weather|Sandstorm|[upkeep]\n|-damage|p1a: Exploud|88\/100|[from] Sandstorm\n|upkeep\n|turn|4\n|\n|t:|1700617805\n|switch|p1a: Skeledirge|Skeledirge, M|100\/100\n|move|p2a: Heatran|Fire Blast|p1a: Skeledirge\n|-resisted|p1a: Skeledirge\n|-damage|p1a: Skeledirge|47\/100\n|\n|-weather|Sandstorm|[upkeep]\n|-damage|p1a: Skeledirge|41\/100|[from] Sandstorm\n|upkeep\n|turn|5\n|\n|t:|1700617818\n|move|p1a: Skeledirge|Earth Power|p2a: Heatran\n|-supereffective|p2a: Heatran\n|-damage|p2a: Heatran|11\/100\n|-unboost|p2a: Heatran|spd|1\n|move|p2a: Heatran|Earth Power|p1a: Skeledirge\n|-supereffective|p1a: Skeledirge\n|-damage|p1a: Skeledirge|0 fnt\n|faint|p1a: Skeledirge\n|\n|-weather|none\n|-heal|p2a: Heatran|17\/100|[from] item: Leftovers\n|upkeep\n|\n|t:|1700617828\n|switch|p1a: Samurott|Samurott-Hisui, M|84\/100\n|turn|6\n|\n|t:|1700617837\n|-end|p2a: Heatran|ability: Flash Fire|[silent]\n|switch|p2a: Clefable|Clefable, M, shiny|100\/100\n|move|p1a: Samurott|Ceaseless Edge|p2a: Clefable\n|-resisted|p2a: Clefable\n|-damage|p2a: Clefable|72\/100\n|-sidestart|p2: wxwswj|Spikes\n|-damage|p1a: Samurott|74\/100|[from] item: Life Orb\n|\n|-heal|p2a: Clefable|78\/100|[from] item: Leftovers\n|upkeep\n|turn|7\n|\n|t:|1700617848\n|switch|p1a: Excadrill|Excadrill, M|100\/100\n|-ability|p1a: Excadrill|Mold Breaker\n|move|p2a: Clefable|Protect||[still]\n|-fail|p2a: Clefable\n|\n|-heal|p2a: Clefable|84\/100|[from] item: Leftovers\n|upkeep\n|turn|8\n|\n|t:|1700617856\n|move|p1a: Excadrill|Iron Head|p2a: Clefable\n|-supereffective|p2a: Clefable\n|-damage|p2a: Clefable|0 fnt\n|faint|p2a: Clefable\n|\n|upkeep\n|\n|t:|1700617859\n|switch|p2a: Corviknight|Corviknight, F, shiny|80\/100\n|turn|9\n|\n|t:|1700617868\n|switch|p1a: Arctovish|Arctovish|100\/100\n|move|p2a: Corviknight|Defog|p1a: Arctovish\n|-unboost|p1a: Arctovish|evasion|1\n|-sideend|p2: wxwswj|Spikes|[from] move: Defog|[of] p2a: Corviknight\n|\n|-heal|p2a: Corviknight|86\/100|[from] item: Leftovers\n|upkeep\n|turn|10\n|\n|t:|1700617877\n|move|p1a: Arctovish|Fishious Rend|p2a: Corviknight\n|-damage|p2a: Corviknight|41\/100\n|move|p2a: Corviknight|Body Press|p1a: Arctovish\n|-supereffective|p1a: Arctovish\n|-damage|p1a: Arctovish|46\/100\n|\n|-heal|p2a: Corviknight|47\/100|[from] item: Leftovers\n|upkeep\n|turn|11\n|\n|t:|1700617894\n|switch|p2a: Rillaboom|Rillaboom, F|100\/100\n|-fieldstart|move: Grassy Terrain|[from] ability: Grassy Surge|[of] p2a: Rillaboom\n|move|p1a: Arctovish|Fishious Rend|p2a: Rillaboom\n|-resisted|p2a: Rillaboom\n|-damage|p2a: Rillaboom|71\/100\n|\n|-heal|p1a: Arctovish|53\/100|[from] Grassy Terrain\n|-heal|p2a: Rillaboom|77\/100|[from] Grassy Terrain\n|upkeep\n|turn|12\n|\n|t:|1700617910\n|switch|p1a: Abomasnow|Abomasnow, M|100\/100\n|-weather|Snow|[from] ability: Snow Warning|[of] p1a: Abomasnow\n|move|p2a: Rillaboom|Grassy Glide|p1a: Abomasnow\n|-resisted|p1a: Abomasnow\n|-damage|p1a: Abomasnow|79\/100\n|\n|-weather|Snow|[upkeep]\n|-heal|p2a: Rillaboom|83\/100|[from] Grassy Terrain\n|-heal|p1a: Abomasnow|85\/100|[from] Grassy Terrain\n|upkeep\n|turn|13\n|\n|t:|1700617922\n|switch|p2a: Corviknight|Corviknight, F, shiny|47\/100\n|detailschange|p1a: Abomasnow|Abomasnow-Mega, M\n|-mega|p1a: Abomasnow|Abomasnow|Abomasite\n|move|p1a: Abomasnow|Blizzard|p2a: Corviknight\n|-damage|p2a: Corviknight|0 fnt\n|faint|p2a: Corviknight\n|\n|-weather|Snow|[upkeep]\n|-heal|p1a: Abomasnow|91\/100|[from] Grassy Terrain\n|upkeep\n|\n|t:|1700617931\n|switch|p2a: Heatran|Heatran, F, shiny|17\/100\n|turn|14\n|\n|t:|1700617945\n|switch|p1a: Excadrill|Excadrill, M|100\/100\n|-ability|p1a: Excadrill|Mold Breaker\n|move|p2a: Heatran|Fire Blast|p1a: Excadrill\n|-supereffective|p1a: Excadrill\n|-enditem|p1a: Excadrill|Focus Sash\n|-damage|p1a: Excadrill|1\/100\n|\n|-weather|Snow|[upkeep]\n|-heal|p1a: Excadrill|7\/100|[from] Grassy Terrain\n|-heal|p2a: Heatran|23\/100|[from] Grassy Terrain\n|-heal|p2a: Heatran|29\/100|[from] item: Leftovers\n|upkeep\n|turn|15\n|c|\u2606KingoftheTitans|Wate\n|c|\u2606KingoftheTitans|Give me a sec\n|c|\u2606KingoftheTitans|Do not start timer\n|\n|t:|1700617958\n|move|p2a: Heatran|Protect|p2a: Heatran\n|-singleturn|p2a: Heatran|Protect\n|move|p1a: Excadrill|Earthquake|p2a: Heatran\n|-activate|p2a: Heatran|move: Protect\n|\n|-weather|Snow|[upkeep]\n|-heal|p1a: Excadrill|13\/100|[from] Grassy Terrain\n|-heal|p2a: Heatran|35\/100|[from] Grassy Terrain\n|-heal|p2a: Heatran|41\/100|[from] item: Leftovers\n|-fieldend|move: Grassy Terrain\n|upkeep\n|turn|16\n|\n|t:|1700618018\n|switch|p2a: Rillaboom|Rillaboom, F|83\/100\n|-fieldstart|move: Grassy Terrain|[from] ability: Grassy Surge|[of] p2a: Rillaboom\n|move|p1a: Excadrill|Earthquake|p2a: Rillaboom\n|-resisted|p2a: Rillaboom\n|-damage|p2a: Rillaboom|72\/100\n|\n|-weather|none\n|-heal|p1a: Excadrill|19\/100|[from] Grassy Terrain\n|-heal|p2a: Rillaboom|78\/100|[from] Grassy Terrain\n|upkeep\n|turn|17\n|\n|t:|1700618043\n|switch|p1a: Exploud|Exploud, M|88\/100\n|move|p2a: Rillaboom|High Horsepower|p1a: Exploud\n|-damage|p1a: Exploud|24\/100\n|\n|-heal|p2a: Rillaboom|84\/100|[from] Grassy Terrain\n|-heal|p1a: Exploud|30\/100|[from] Grassy Terrain\n|upkeep\n|turn|18\n|\n|t:|1700618050\n|switch|p2a: Heatran|Heatran, F, shiny|41\/100\n|move|p1a: Exploud|Boomburst|p2a: Heatran\n|-resisted|p2a: Heatran\n|-damage|p2a: Heatran|1\/100\n|\n|-heal|p2a: Heatran|7\/100|[from] Grassy Terrain\n|-heal|p2a: Heatran|14\/100|[from] item: Leftovers\n|-heal|p1a: Exploud|36\/100|[from] Grassy Terrain\n|upkeep\n|turn|19\n|\n|t:|1700618059\n|move|p2a: Heatran|Protect|p2a: Heatran\n|-singleturn|p2a: Heatran|Protect\n|move|p1a: Exploud|Boomburst|p2a: Heatran\n|-activate|p2a: Heatran|move: Protect\n|\n|-heal|p2a: Heatran|20\/100|[from] Grassy Terrain\n|-heal|p2a: Heatran|26\/100|[from] item: Leftovers\n|-heal|p1a: Exploud|42\/100|[from] Grassy Terrain\n|upkeep\n|turn|20\n|\n|t:|1700618074\n|switch|p2a: Tyranitar|Tyranitar, F, shiny|100\/100\n|-weather|Sandstorm|[from] ability: Sand Stream|[of] p2a: Tyranitar\n|move|p1a: Exploud|Boomburst|p2a: Tyranitar\n|-resisted|p2a: Tyranitar\n|-damage|p2a: Tyranitar|78\/100\n|\n|-weather|Sandstorm|[upkeep]\n|-damage|p1a: Exploud|36\/100|[from] Sandstorm\n|-heal|p1a: Exploud|42\/100|[from] Grassy Terrain\n|-heal|p2a: Tyranitar|84\/100|[from] Grassy Terrain\n|-fieldend|move: Grassy Terrain\n|upkeep\n|turn|21\n|\n|t:|1700618091\n|detailschange|p2a: Tyranitar|Tyranitar-Mega, F, shiny\n|-mega|p2a: Tyranitar|Tyranitar|Tyranitarite\n|move|p1a: Exploud|Boomburst|p2a: Tyranitar\n|-resisted|p2a: Tyranitar\n|-damage|p2a: Tyranitar|65\/100\n|move|p2a: Tyranitar|Stealth Rock|p1a: Exploud\n|-sidestart|p1: KingoftheTitans|move: Stealth Rock\n|\n|-weather|Sandstorm|[upkeep]\n|-damage|p1a: Exploud|36\/100|[from] Sandstorm\n|upkeep\n|turn|22\n|\n|t:|1700618099\n|move|p1a: Exploud|Boomburst|p2a: Tyranitar\n|-resisted|p2a: Tyranitar\n|-damage|p2a: Tyranitar|47\/100\n|move|p2a: Tyranitar|High Horsepower|p1a: Exploud\n|-damage|p1a: Exploud|0 fnt\n|faint|p1a: Exploud\n|\n|-weather|Sandstorm|[upkeep]\n|upkeep\n|\n|t:|1700618107\n|switch|p1a: Excadrill|Excadrill, M|19\/100\n|-damage|p1a: Excadrill|16\/100|[from] Stealth Rock\n|-ability|p1a: Excadrill|Mold Breaker\n|turn|23\n|\n|t:|1700618114\n|switch|p2a: Rillaboom|Rillaboom, F|84\/100\n|-fieldstart|move: Grassy Terrain|[from] ability: Grassy Surge|[of] p2a: Rillaboom\n|move|p1a: Excadrill|Iron Head|p2a: Rillaboom\n|-damage|p2a: Rillaboom|45\/100\n|\n|-weather|Sandstorm|[upkeep]\n|-damage|p2a: Rillaboom|39\/100|[from] Sandstorm\n|-heal|p1a: Excadrill|22\/100|[from] Grassy Terrain\n|-heal|p2a: Rillaboom|45\/100|[from] Grassy Terrain\n|upkeep\n|turn|24\n|\n|t:|1700618124\n|-terastallize|p2a: Rillaboom|Grass\n|move|p2a: Rillaboom|Grassy Glide|p1a: Excadrill\n|-damage|p1a: Excadrill|0 fnt\n|faint|p1a: Excadrill\n|\n|-weather|none\n|-heal|p2a: Rillaboom|51\/100|[from] Grassy Terrain\n|upkeep\n|\n|t:|1700618131\n|switch|p1a: Abomasnow|Abomasnow-Mega, M|91\/100\n|-damage|p1a: Abomasnow|66\/100|[from] Stealth Rock\n|-weather|Snow|[from] ability: Snow Warning|[of] p1a: Abomasnow\n|turn|25\n|\n|t:|1700618141\n|switch|p2a: Tyranitar|Tyranitar-Mega, F, shiny|47\/100\n|-weather|Sandstorm|[from] ability: Sand Stream|[of] p2a: Tyranitar\n|move|p1a: Abomasnow|Earth Power|p2a: Tyranitar\n|-supereffective|p2a: Tyranitar\n|-damage|p2a: Tyranitar|19\/100\n|\n|-weather|Sandstorm|[upkeep]\n|-damage|p1a: Abomasnow|60\/100|[from] Sandstorm\n|-heal|p2a: Tyranitar|26\/100|[from] Grassy Terrain\n|-heal|p1a: Abomasnow|66\/100|[from] Grassy Terrain\n|upkeep\n|turn|26\n|\n|t:|1700618152\n|move|p2a: Tyranitar|High Horsepower|p1a: Abomasnow\n|-resisted|p1a: Abomasnow\n|-crit|p1a: Abomasnow\n|-damage|p1a: Abomasnow|43\/100\n|move|p1a: Abomasnow|Giga Drain|p2a: Tyranitar\n|-supereffective|p2a: Tyranitar\n|-damage|p2a: Tyranitar|0 fnt\n|-heal|p1a: Abomasnow|56\/100|[from] drain|[of] p2a: Tyranitar\n|faint|p2a: Tyranitar\n|\n|-weather|Sandstorm|[upkeep]\n|-damage|p1a: Abomasnow|50\/100|[from] Sandstorm\n|-heal|p1a: Abomasnow|56\/100|[from] Grassy Terrain\n|upkeep\n|\n|t:|1700618159\n|switch|p2a: Heatran|Heatran, F, shiny|26\/100\n|turn|27\n|\n|t:|1700618168\n|switch|p1a: Samurott|Samurott-Hisui, M|74\/100\n|-damage|p1a: Samurott|62\/100|[from] Stealth Rock\n|move|p2a: Heatran|Toxic|p1a: Samurott\n|-status|p1a: Samurott|tox\n|\n|-weather|Sandstorm|[upkeep]\n|-damage|p1a: Samurott|56\/100 tox|[from] Sandstorm\n|-heal|p1a: Samurott|62\/100 tox|[from] Grassy Terrain\n|-heal|p2a: Heatran|32\/100|[from] Grassy Terrain\n|-heal|p2a: Heatran|38\/100|[from] item: Leftovers\n|-damage|p1a: Samurott|56\/100 tox|[from] psn\n|-fieldend|move: Grassy Terrain\n|upkeep\n|turn|28\n|\n|t:|1700618183\n|move|p2a: Heatran|Protect|p2a: Heatran\n|-singleturn|p2a: Heatran|Protect\n|move|p1a: Samurott|Aqua Cutter|p2a: Heatran\n|-activate|p2a: Heatran|move: Protect\n|\n|-weather|Sandstorm|[upkeep]\n|-damage|p1a: Samurott|49\/100 tox|[from] Sandstorm\n|-heal|p2a: Heatran|44\/100|[from] item: Leftovers\n|-damage|p1a: Samurott|37\/100 tox|[from] psn\n|upkeep\n|turn|29\n|\n|t:|1700618195\n|switch|p2a: Rillaboom|Rillaboom, F, tera:Grass|51\/100\n|-fieldstart|move: Grassy Terrain|[from] ability: Grassy Surge|[of] p2a: Rillaboom\n|-terastallize|p1a: Samurott|Fighting\n|move|p1a: Samurott|Sacred Sword|p2a: Rillaboom\n|-damage|p2a: Rillaboom|0 fnt\n|faint|p2a: Rillaboom\n|-damage|p1a: Samurott|27\/100 tox|[from] item: Life Orb\n|\n|-weather|none\n|-heal|p1a: Samurott|33\/100 tox|[from] Grassy Terrain\n|-damage|p1a: Samurott|15\/100 tox|[from] psn\n|upkeep\n|\n|t:|1700618199\n|switch|p2a: Heatran|Heatran, F, shiny|44\/100\n|turn|30\n|\n|t:|1700618213\n|switch|p1a: Abomasnow|Abomasnow-Mega, M|56\/100\n|-damage|p1a: Abomasnow|31\/100|[from] Stealth Rock\n|-weather|Snow|[from] ability: Snow Warning|[of] p1a: Abomasnow\n|move|p2a: Heatran|Protect||[still]\n|-fail|p2a: Heatran\n|\n|-weather|Snow|[upkeep]\n|-heal|p2a: Heatran|50\/100|[from] Grassy Terrain\n|-heal|p2a: Heatran|56\/100|[from] item: Leftovers\n|-heal|p1a: Abomasnow|37\/100|[from] Grassy Terrain\n|upkeep\n|turn|31\n|\n|t:|1700618224\n|move|p2a: Heatran|Fire Blast|p1a: Abomasnow\n|-supereffective|p1a: Abomasnow\n|-damage|p1a: Abomasnow|0 fnt\n|faint|p1a: Abomasnow\n|\n|-weather|Snow|[upkeep]\n|-heal|p2a: Heatran|62\/100|[from] Grassy Terrain\n|-heal|p2a: Heatran|68\/100|[from] item: Leftovers\n|upkeep\n|\n|t:|1700618232\n|switch|p1a: Arctovish|Arctovish|53\/100\n|-damage|p1a: Arctovish|28\/100|[from] Stealth Rock\n|turn|32\n|\n|t:|1700618236\n|move|p1a: Arctovish|Fishious Rend|p2a: Heatran\n|-supereffective|p2a: Heatran\n|-damage|p2a: Heatran|0 fnt\n|faint|p2a: Heatran\n|\n|-weather|Snow|[upkeep]\n|-heal|p1a: Arctovish|34\/100|[from] Grassy Terrain\n|upkeep\n|\n|t:|1700618239\n|switch|p2a: Ogerpon|Ogerpon-Cornerstone, F|100\/100\n|turn|33\n|\n|t:|1700618249\n|move|p1a: Arctovish|Fishious Rend|p2a: Ogerpon\n|-damage|p2a: Ogerpon|21\/100\n|move|p2a: Ogerpon|Horn Leech|p1a: Arctovish\n|-supereffective|p1a: Arctovish\n|-damage|p1a: Arctovish|0 fnt\n|-heal|p2a: Ogerpon|38\/100|[from] drain|[of] p1a: Arctovish\n|faint|p1a: Arctovish\n|\n|-weather|Snow|[upkeep]\n|-heal|p2a: Ogerpon|44\/100|[from] Grassy Terrain\n|-fieldend|move: Grassy Terrain\n|upkeep\n|c|\u2606KingoftheTitans|gg\n|\n|t:|1700618259\n|switch|p1a: Samurott|Samurott-Hisui, M, tera:Fighting|15\/100 tox\n|-damage|p1a: Samurott|8\/100 tox|[from] Stealth Rock\n|turn|34\n|\n|t:|1700618263\n|move|p2a: Ogerpon|Horn Leech|p1a: Samurott\n|-damage|p1a: Samurott|0 fnt\n|-heal|p2a: Ogerpon|48\/100|[from] drain|[of] p1a: Samurott\n|faint|p1a: Samurott\n|\n|win|wxwswj\n|raw|KingoftheTitans's rating: 1265 &rarr; <strong>1236<\/strong><br \/>(-29 for losing)\n|raw|wxwswj's rating: 1206 &rarr; <strong>1235<\/strong><br \/>(+29 for winning)\n|l|\u2606wxwswj\n","uploadtime":1700618269,"views":0,"p1id":"kingofthetitans","p2id":"wxwswj","formatid":"gen9nationaldex","rating":1235,"private":0,"password":""}