{"id":"gen9nationaldex-1994134296","p1":"Watertown","p2":"Donato Fallito","format":"[Gen 9] National Dex","log":"|j|\u2606Watertown\n|j|\u2606Donato Fallito\n|t:|1700410922\n|gametype|singles\n|player|p1|Watertown|grimsley|1249\n|player|p2|Donato Fallito|hiker-gen4|1332\n|teamsize|p1|6\n|teamsize|p2|6\n|gen|9\n|tier|[Gen 9] National Dex\n|rated|\n|rule|HP Percentage Mod: HP is shown in percentages\n|rule|Endless Battle Clause: Forcing endless battles is banned\n|rule|OHKO Clause: OHKO moves are banned\n|rule|Evasion Clause: Evasion abilities, items, and moves are banned\n|rule|Evasion Abilities Clause: Evasion abilities are banned\n|rule|Evasion Items Clause: Evasion items are banned\n|rule|Evasion Moves Clause: Evasion moves are banned\n|rule|Species Clause: Limit one of each Pok\u00e9mon\n|rule|Sleep Clause Mod: Limit one foe put to sleep\n|clearpoke\n|poke|p1|Ferrothorn, F|\n|poke|p1|Togedemaru, F|\n|poke|p1|Druddigon, F|\n|poke|p1|Sharpedo, M|\n|poke|p1|Garchomp, F|\n|poke|p1|Ferroseed, M|\n|poke|p2|Perrserker, M|\n|poke|p2|Keldeo-Resolute|\n|poke|p2|Azumarill, M|\n|poke|p2|Hoopa-Unbound|\n|poke|p2|Palossand, M|\n|poke|p2|Meowstic-F, F|\n|teampreview\n|\n|t:|1700410946\n|start\n|switch|p1a: Ferrothorn|Ferrothorn, F|100\/100\n|switch|p2a: Keldeo89racegymer|Keldeo-Resolute|100\/100\n|turn|1\n|\n|t:|1700410954\n|move|p2a: Keldeo89racegymer|Substitute|p2a: Keldeo89racegymer\n|-start|p2a: Keldeo89racegymer|Substitute\n|-damage|p2a: Keldeo89racegymer|76\/100\n|move|p1a: Ferrothorn|Stealth Rock|p2a: Keldeo89racegymer\n|-sidestart|p2: Donato Fallito|move: Stealth Rock\n|\n|-heal|p2a: Keldeo89racegymer|82\/100|[from] item: Leftovers\n|upkeep\n|turn|2\n|\n|t:|1700410960\n|move|p2a: Keldeo89racegymer|Calm Mind|p2a: Keldeo89racegymer\n|-boost|p2a: Keldeo89racegymer|spa|1\n|-boost|p2a: Keldeo89racegymer|spd|1\n|move|p1a: Ferrothorn|Gyro Ball|p2a: Keldeo89racegymer\n|-resisted|p2a: Keldeo89racegymer\n|-activate|p2a: Keldeo89racegymer|move: Substitute|[damage]\n|\n|-heal|p2a: Keldeo89racegymer|88\/100|[from] item: Leftovers\n|upkeep\n|turn|3\n|\n|t:|1700410968\n|move|p2a: Keldeo89racegymer|Secret Sword|p1a: Ferrothorn\n|-supereffective|p1a: Ferrothorn\n|-damage|p1a: Ferrothorn|20\/100\n|move|p1a: Ferrothorn|Gyro Ball|p2a: Keldeo89racegymer\n|-resisted|p2a: Keldeo89racegymer\n|-end|p2a: Keldeo89racegymer|Substitute\n|\n|-heal|p2a: Keldeo89racegymer|94\/100|[from] item: Leftovers\n|upkeep\n|turn|4\n|\n|t:|1700410981\n|switch|p1a: Garchomp|Garchomp, F|100\/100\n|move|p2a: Keldeo89racegymer|Substitute|p2a: Keldeo89racegymer\n|-start|p2a: Keldeo89racegymer|Substitute\n|-damage|p2a: Keldeo89racegymer|69\/100\n|\n|-heal|p2a: Keldeo89racegymer|76\/100|[from] item: Leftovers\n|upkeep\n|turn|5\n|\n|t:|1700410985\n|-terastallize|p1a: Garchomp|Dragon\n|move|p1a: Garchomp|Scale Shot|p2a: Keldeo89racegymer\n|-crit|p2a: Keldeo89racegymer\n|-end|p2a: Keldeo89racegymer|Substitute\n|-damage|p2a: Keldeo89racegymer|59\/100\n|-damage|p2a: Keldeo89racegymer|41\/100\n|-damage|p2a: Keldeo89racegymer|23\/100\n|-damage|p2a: Keldeo89racegymer|5\/100\n|-hitcount|p2a: Keldeo89racegymer|5\n|-unboost|p1a: Garchomp|def|1\n|-boost|p1a: Garchomp|spe|1\n|move|p2a: Keldeo89racegymer|Scald|p1a: Garchomp\n|-resisted|p1a: Garchomp\n|-damage|p1a: Garchomp|64\/100\n|\n|-heal|p2a: Keldeo89racegymer|11\/100|[from] item: Leftovers\n|upkeep\n|turn|6\n|\n|t:|1700411003\n|move|p1a: Garchomp|Brick Break|p2a: Keldeo89racegymer\n|-damage|p2a: Keldeo89racegymer|0 fnt\n|faint|p2a: Keldeo89racegymer\n|\n|upkeep\n|\n|t:|1700411012\n|switch|p2a: Springbonnie|Azumarill, M, shiny|100\/100\n|-damage|p2a: Springbonnie|88\/100|[from] Stealth Rock\n|turn|7\n|\n|t:|1700411015\n|move|p1a: Garchomp|Earthquake|p2a: Springbonnie\n|-damage|p2a: Springbonnie|34\/100\n|-enditem|p2a: Springbonnie|Sitrus Berry|[eat]\n|-heal|p2a: Springbonnie|59\/100|[from] item: Sitrus Berry\n|move|p2a: Springbonnie|Play Rough|p1a: Garchomp\n|-supereffective|p1a: Garchomp\n|-damage|p1a: Garchomp|0 fnt\n|-damage|p2a: Springbonnie|46\/100|[from] ability: Rough Skin|[of] p1a: Garchomp\n|faint|p1a: Garchomp\n|\n|upkeep\n|\n|t:|1700411023\n|switch|p1a: Togedemaru|Togedemaru, F|100\/100\n|turn|8\n|\n|t:|1700411030\n|switch|p2a: Paloswamp|Palossand, M, shiny|100\/100\n|-damage|p2a: Paloswamp|94\/100|[from] Stealth Rock\n|move|p1a: Togedemaru|Iron Head|p2a: Paloswamp\n|-damage|p2a: Paloswamp|73\/100\n|\n|-heal|p2a: Paloswamp|80\/100|[from] item: Leftovers\n|upkeep\n|turn|9\n|\n|t:|1700411038\n|switch|p1a: Ferrothorn|Ferrothorn, F|20\/100\n|move|p2a: Paloswamp|Earth Power|p1a: Ferrothorn\n|-damage|p1a: Ferrothorn|0 fnt\n|faint|p1a: Ferrothorn\n|\n|-heal|p2a: Paloswamp|86\/100|[from] item: Leftovers\n|upkeep\n|\n|t:|1700411042\n|switch|p1a: Sharpedo|Sharpedo, M|100\/100\n|turn|10\n|\n|t:|1700411048\n|-terastallize|p2a: Paloswamp|Grass\n|move|p1a: Sharpedo|Dark Pulse|p2a: Paloswamp\n|-damage|p2a: Paloswamp|29\/100\n|move|p2a: Paloswamp|Giga Drain|p1a: Sharpedo\n|-supereffective|p1a: Sharpedo\n|-damage|p1a: Sharpedo|0 fnt\n|-heal|p2a: Paloswamp|67\/100|[from] drain|[of] p1a: Sharpedo\n|faint|p1a: Sharpedo\n|\n|-heal|p2a: Paloswamp|73\/100|[from] item: Leftovers\n|upkeep\n|\n|t:|1700411055\n|switch|p1a: Druddigon|Druddigon, F|100\/100\n|turn|11\n|\n|t:|1700411064\n|move|p1a: Druddigon|Gunk Shot|p2a: Paloswamp|[miss]\n|-miss|p1a: Druddigon|p2a: Paloswamp\n|move|p2a: Paloswamp|Earth Power|p1a: Druddigon\n|-crit|p1a: Druddigon\n|-damage|p1a: Druddigon|51\/100\n|\n|-heal|p2a: Paloswamp|79\/100|[from] item: Leftovers\n|upkeep\n|turn|12\n|\n|t:|1700411072\n|switch|p2a: Gordon|Perrserker, M, shiny|100\/100\n|-damage|p2a: Gordon|94\/100|[from] Stealth Rock\n|move|p1a: Druddigon|Glare|p2a: Gordon\n|-status|p2a: Gordon|par\n|\n|upkeep\n|turn|13\n|\n|t:|1700411086\n|switch|p1a: Ferroseed|Ferroseed, M|100\/100\n|move|p2a: Gordon|Close Combat|p1a: Ferroseed\n|-supereffective|p1a: Ferroseed\n|-damage|p1a: Ferroseed|31\/100\n|-unboost|p2a: Gordon|def|1\n|-unboost|p2a: Gordon|spd|1\n|-damage|p2a: Gordon|82\/100 par|[from] ability: Iron Barbs|[of] p1a: Ferroseed\n|-damage|p2a: Gordon|72\/100 par|[from] item: Life Orb\n|\n|upkeep\n|turn|14\n|\n|t:|1700411093\n|switch|p1a: Druddigon|Druddigon, F|51\/100\n|move|p2a: Gordon|Close Combat|p1a: Druddigon\n|-damage|p1a: Druddigon|0 fnt\n|-unboost|p2a: Gordon|def|1\n|-unboost|p2a: Gordon|spd|1\n|-damage|p2a: Gordon|60\/100 par|[from] ability: Rough Skin|[of] p1a: Druddigon\n|-damage|p2a: Gordon|43\/100 par|[from] item: Rocky Helmet|[of] p1a: Druddigon\n|faint|p1a: Druddigon\n|-damage|p2a: Gordon|33\/100 par|[from] item: Life Orb\n|\n|upkeep\n|\n|t:|1700411102\n|switch|p1a: Togedemaru|Togedemaru, F|100\/100\n|turn|15\n|\n|t:|1700411104\n|move|p1a: Togedemaru|Zing Zap|p2a: Gordon\n|-damage|p2a: Gordon|0 fnt\n|faint|p2a: Gordon\n|\n|upkeep\n|\n|t:|1700411111\n|switch|p2a: Paloswamp|Palossand, M, shiny, tera:Grass|79\/100\n|-damage|p2a: Paloswamp|67\/100|[from] Stealth Rock\n|turn|16\n|\n|t:|1700411114\n|switch|p1a: Ferroseed|Ferroseed, M|31\/100\n|move|p2a: Paloswamp|Earth Power|p1a: Ferroseed\n|-damage|p1a: Ferroseed|5\/100\n|\n|-heal|p2a: Paloswamp|73\/100|[from] item: Leftovers\n|upkeep\n|turn|17\n|\n|t:|1700411119\n|move|p2a: Paloswamp|Earth Power|p1a: Ferroseed\n|-damage|p1a: Ferroseed|0 fnt\n|faint|p1a: Ferroseed\n|\n|-heal|p2a: Paloswamp|79\/100|[from] item: Leftovers\n|upkeep\n|\n|t:|1700411121\n|switch|p1a: Togedemaru|Togedemaru, F|100\/100\n|turn|18\n|\n|t:|1700411129\n|move|p1a: Togedemaru|Iron Head|p2a: Paloswamp\n|-damage|p2a: Paloswamp|58\/100\n|move|p2a: Paloswamp|Earth Power|p1a: Togedemaru\n|-supereffective|p1a: Togedemaru\n|-damage|p1a: Togedemaru|0 fnt\n|faint|p1a: Togedemaru\n|\n|win|Donato Fallito\n|raw|Watertown's rating: 1249 &rarr; <strong>1230<\/strong><br \/>(-19 for losing)\n|raw|Donato Fallito's rating: 1332 &rarr; <strong>1347<\/strong><br \/>(+15 for winning)\n|l|\u2606Watertown\n","uploadtime":1700411133,"views":6,"p1id":"watertown","p2id":"donatofallito","formatid":"gen9nationaldex","rating":1230,"private":0,"password":""}