{"id":"gen9nationaldex-1999308781","p1":"1hearth figment","p2":"RlP Pokemon Duel","format":"[Gen 9] National Dex","log":"|html|<div class=\"broadcast-blue\"><strong>[Gen 9] National Dex is currently suspecting Sneasler! For information on how to participate check out the <a href=\"https:\/\/www.smogon.com\/forums\/threads\/sv-national-dex-suspect-8-just-dance.3731534\/\">suspect thread<\/a>.<\/strong><\/div>\n|j|\u26061hearth figment\n|j|\u2606RlP Pokemon Duel\n|t:|1701058179\n|gametype|singles\n|player|p1|1hearth figment|265|1139\n|player|p2|RlP Pokemon Duel|worker-lgpe|1208\n|teamsize|p1|6\n|teamsize|p2|6\n|gen|9\n|tier|[Gen 9] National Dex\n|rated|\n|rule|HP Percentage Mod: HP is shown in percentages\n|rule|Endless Battle Clause: Forcing endless battles is banned\n|rule|OHKO Clause: OHKO moves are banned\n|rule|Evasion Clause: Evasion abilities, items, and moves are banned\n|rule|Evasion Abilities Clause: Evasion abilities are banned\n|rule|Evasion Items Clause: Evasion items are banned\n|rule|Evasion Moves Clause: Evasion moves are banned\n|rule|Species Clause: Limit one of each Pok\u00e9mon\n|rule|Sleep Clause Mod: Limit one foe put to sleep\n|clearpoke\n|poke|p1|Dondozo, F|\n|poke|p1|Gliscor, M|\n|poke|p1|Toxapex, M|\n|poke|p1|Corviknight, F|\n|poke|p1|Clefable, F|\n|poke|p1|Blissey, F|\n|poke|p2|Chatot, F|\n|poke|p2|Cramorant, M|\n|poke|p2|Crawdaunt, M|\n|poke|p2|Maushold|\n|poke|p2|Plusle, F|\n|poke|p2|Simipour, F|\n|teampreview\n|\n|t:|1701058192\n|start\n|switch|p1a: Gliscor|Gliscor, M|100\/100\n|switch|p2a: BIG MEATY CLAWS|Crawdaunt, M|100\/100\n|turn|1\n|\n|t:|1701058198\n|move|p1a: Gliscor|Protect|p1a: Gliscor\n|-singleturn|p1a: Gliscor|Protect\n|move|p2a: BIG MEATY CLAWS|Crabhammer|p1a: Gliscor\n|-activate|p1a: Gliscor|move: Protect\n|\n|-status|p1a: Gliscor|tox|[from] item: Toxic Orb\n|upkeep\n|turn|2\n|\n|t:|1701058202\n|switch|p1a: Toxapex|Toxapex, M|100\/100\n|move|p2a: BIG MEATY CLAWS|Crabhammer|p1a: Toxapex\n|-resisted|p1a: Toxapex\n|-damage|p1a: Toxapex|73\/100\n|-damage|p2a: BIG MEATY CLAWS|91\/100|[from] item: Life Orb\n|\n|upkeep\n|turn|3\n|\n|t:|1701058211\n|switch|p2a: Plusle The Mighty|Plusle, F|100\/100\n|move|p1a: Toxapex|Baneful Bunker||[still]\n|-fail|p1a: Toxapex\n|\n|upkeep\n|turn|4\n|\n|t:|1701058223\n|switch|p2a: BIG MEATY CLAWS|Crawdaunt, M|91\/100\n|move|p1a: Toxapex|Toxic|p2a: BIG MEATY CLAWS\n|-status|p2a: BIG MEATY CLAWS|tox\n|\n|-damage|p2a: BIG MEATY CLAWS|85\/100 tox|[from] psn\n|upkeep\n|turn|5\n|\n|t:|1701058229\n|move|p1a: Toxapex|Baneful Bunker|p1a: Toxapex\n|-singleturn|p1a: Toxapex|move: Protect\n|move|p2a: BIG MEATY CLAWS|Dragon Dance|p2a: BIG MEATY CLAWS\n|-boost|p2a: BIG MEATY CLAWS|atk|1\n|-boost|p2a: BIG MEATY CLAWS|spe|1\n|\n|-damage|p2a: BIG MEATY CLAWS|73\/100 tox|[from] psn\n|upkeep\n|turn|6\n|\n|t:|1701058234\n|switch|p1a: Gliscor|Gliscor, M|100\/100 tox\n|move|p2a: BIG MEATY CLAWS|Knock Off|p1a: Gliscor\n|-damage|p1a: Gliscor|26\/100 tox\n|-enditem|p1a: Gliscor|Toxic Orb|[from] move: Knock Off|[of] p2a: BIG MEATY CLAWS\n|-damage|p2a: BIG MEATY CLAWS|63\/100 tox|[from] item: Life Orb\n|\n|-damage|p2a: BIG MEATY CLAWS|45\/100 tox|[from] psn\n|-heal|p1a: Gliscor|38\/100 tox|[from] ability: Poison Heal\n|upkeep\n|turn|7\n|\n|t:|1701058242\n|switch|p2a: Smile and Wave|Simipour, F|100\/100\n|move|p1a: Gliscor|Protect||[still]\n|-fail|p1a: Gliscor\n|\n|-heal|p1a: Gliscor|50\/100 tox|[from] ability: Poison Heal\n|upkeep\n|turn|8\n|\n|t:|1701058247\n|move|p1a: Gliscor|Protect|p1a: Gliscor\n|-singleturn|p1a: Gliscor|Protect\n|move|p2a: Smile and Wave|Ice Punch|p1a: Gliscor\n|-activate|p1a: Gliscor|move: Protect\n|\n|-heal|p1a: Gliscor|63\/100 tox|[from] ability: Poison Heal\n|upkeep\n|turn|9\n|\n|t:|1701058257\n|switch|p2a: He's adopted|Maushold|100\/100\n|switch|p1a: Clefable|Clefable, F|100\/100\n|\n|upkeep\n|turn|10\n|\n|t:|1701058263\n|move|p2a: He's adopted|Population Bomb|p1a: Clefable\n|-damage|p1a: Clefable|92\/100\n|-damage|p1a: Clefable|84\/100\n|-damage|p1a: Clefable|76\/100\n|-damage|p1a: Clefable|67\/100\n|-damage|p1a: Clefable|59\/100\n|-damage|p1a: Clefable|49\/100\n|-damage|p1a: Clefable|41\/100\n|-damage|p1a: Clefable|33\/100\n|-damage|p1a: Clefable|25\/100\n|-damage|p1a: Clefable|17\/100\n|-hitcount|p1a: Clefable|10\n|move|p1a: Clefable|Moonblast|p2a: He's adopted\n|-damage|p2a: He's adopted|57\/100\n|\n|upkeep\n|turn|11\n|\n|t:|1701058272\n|move|p2a: He's adopted|Population Bomb|p1a: Clefable\n|-damage|p1a: Clefable|9\/100\n|-damage|p1a: Clefable|0 fnt\n|faint|p1a: Clefable\n|-hitcount|p1: Clefable|2\n|\n|upkeep\n|\n|t:|1701058274\n|switch|p1a: Corviknight|Corviknight, F|100\/100\n|-ability|p1a: Corviknight|Pressure\n|turn|12\n|\n|t:|1701058277\n|move|p2a: He's adopted|Population Bomb|p1a: Corviknight\n|-resisted|p1a: Corviknight\n|-damage|p1a: Corviknight|96\/100\n|-resisted|p1a: Corviknight\n|-damage|p1a: Corviknight|92\/100\n|-resisted|p1a: Corviknight\n|-damage|p1a: Corviknight|87\/100\n|-resisted|p1a: Corviknight\n|-damage|p1a: Corviknight|83\/100\n|-resisted|p1a: Corviknight\n|-damage|p1a: Corviknight|79\/100\n|-resisted|p1a: Corviknight\n|-damage|p1a: Corviknight|74\/100\n|-resisted|p1a: Corviknight\n|-damage|p1a: Corviknight|70\/100\n|-resisted|p1a: Corviknight\n|-damage|p1a: Corviknight|65\/100\n|-resisted|p1a: Corviknight\n|-damage|p1a: Corviknight|61\/100\n|-resisted|p1a: Corviknight\n|-damage|p1a: Corviknight|56\/100\n|-hitcount|p1a: Corviknight|10\n|move|p1a: Corviknight|Iron Head|p2a: He's adopted\n|-damage|p2a: He's adopted|16\/100\n|\n|-heal|p1a: Corviknight|62\/100|[from] item: Leftovers\n|upkeep\n|turn|13\n|\n|t:|1701058283\n|move|p2a: He's adopted|Population Bomb|p1a: Corviknight\n|-resisted|p1a: Corviknight\n|-damage|p1a: Corviknight|58\/100\n|-resisted|p1a: Corviknight\n|-damage|p1a: Corviknight|53\/100\n|-resisted|p1a: Corviknight\n|-damage|p1a: Corviknight|49\/100\n|-resisted|p1a: Corviknight\n|-damage|p1a: Corviknight|45\/100\n|-resisted|p1a: Corviknight\n|-damage|p1a: Corviknight|40\/100\n|-resisted|p1a: Corviknight\n|-damage|p1a: Corviknight|36\/100\n|-resisted|p1a: Corviknight\n|-damage|p1a: Corviknight|31\/100\n|-resisted|p1a: Corviknight\n|-damage|p1a: Corviknight|27\/100\n|-resisted|p1a: Corviknight\n|-damage|p1a: Corviknight|22\/100\n|-resisted|p1a: Corviknight\n|-damage|p1a: Corviknight|18\/100\n|-hitcount|p1a: Corviknight|10\n|move|p1a: Corviknight|Iron Head|p2a: He's adopted\n|-damage|p2a: He's adopted|0 fnt\n|faint|p2a: He's adopted\n|\n|-heal|p1a: Corviknight|24\/100|[from] item: Leftovers\n|upkeep\n|\n|t:|1701058286\n|switch|p2a: BIG MEATY CLAWS|Crawdaunt, M|45\/100 tox\n|turn|14\n|\n|t:|1701058291\n|move|p1a: Corviknight|Protect|p1a: Corviknight\n|-singleturn|p1a: Corviknight|Protect\n|move|p2a: BIG MEATY CLAWS|Aqua Jet|p1a: Corviknight\n|-activate|p1a: Corviknight|move: Protect\n|\n|-heal|p1a: Corviknight|30\/100|[from] item: Leftovers\n|-damage|p2a: BIG MEATY CLAWS|39\/100 tox|[from] psn\n|upkeep\n|turn|15\n|\n|t:|1701058295\n|move|p2a: BIG MEATY CLAWS|Crabhammer|p1a: Corviknight\n|-damage|p1a: Corviknight|0 fnt\n|faint|p1a: Corviknight\n|-damage|p2a: BIG MEATY CLAWS|30\/100 tox|[from] item: Life Orb\n|\n|-damage|p2a: BIG MEATY CLAWS|18\/100 tox|[from] psn\n|upkeep\n|\n|t:|1701058298\n|switch|p1a: Toxapex|Toxapex, M|100\/100\n|turn|16\n|\n|t:|1701058307\n|move|p1a: Toxapex|Baneful Bunker|p1a: Toxapex\n|-singleturn|p1a: Toxapex|move: Protect\n|move|p2a: BIG MEATY CLAWS|Knock Off|p1a: Toxapex\n|-activate|p1a: Toxapex|move: Protect\n|\n|-damage|p2a: BIG MEATY CLAWS|0 fnt|[from] psn\n|faint|p2a: BIG MEATY CLAWS\n|upkeep\n|\n|t:|1701058310\n|switch|p2a: Plusle The Mighty|Plusle, F|100\/100\n|turn|17\n|\n|t:|1701058314\n|move|p2a: Plusle The Mighty|Thunder|p1a: Toxapex|[miss]\n|-miss|p2a: Plusle The Mighty|p1a: Toxapex\n|move|p1a: Toxapex|Toxic|p2a: Plusle The Mighty\n|-status|p2a: Plusle The Mighty|tox\n|\n|-damage|p2a: Plusle The Mighty|94\/100 tox|[from] psn\n|upkeep\n|turn|18\n|\n|t:|1701058317\n|switch|p1a: Gliscor|Gliscor, M|63\/100 tox\n|move|p2a: Plusle The Mighty|Nasty Plot|p2a: Plusle The Mighty\n|-boost|p2a: Plusle The Mighty|spa|2\n|\n|-damage|p2a: Plusle The Mighty|82\/100 tox|[from] psn\n|-heal|p1a: Gliscor|75\/100 tox|[from] ability: Poison Heal\n|upkeep\n|turn|19\n|\n|t:|1701058320\n|move|p1a: Gliscor|Protect|p1a: Gliscor\n|-singleturn|p1a: Gliscor|Protect\n|move|p2a: Plusle The Mighty|Grass Knot|p1a: Gliscor\n|-activate|p1a: Gliscor|move: Protect\n|\n|-damage|p2a: Plusle The Mighty|64\/100 tox|[from] psn\n|-heal|p1a: Gliscor|88\/100 tox|[from] ability: Poison Heal\n|upkeep\n|turn|20\n|\n|t:|1701058323\n|move|p2a: Plusle The Mighty|Grass Knot|p1a: Gliscor\n|-damage|p1a: Gliscor|40\/100 tox\n|-damage|p2a: Plusle The Mighty|54\/100 tox|[from] item: Life Orb\n|move|p1a: Gliscor|Earthquake|p2a: Plusle The Mighty\n|-supereffective|p2a: Plusle The Mighty\n|-damage|p2a: Plusle The Mighty|0 fnt\n|faint|p2a: Plusle The Mighty\n|\n|-heal|p1a: Gliscor|52\/100 tox|[from] ability: Poison Heal\n|upkeep\n|\n|t:|1701058331\n|switch|p2a: AAAAAAAAAAAAAAAA|Chatot, F|100\/100\n|turn|21\n|\n|t:|1701058344\n|move|p2a: AAAAAAAAAAAAAAAA|Substitute|p2a: AAAAAAAAAAAAAAAA\n|-start|p2a: AAAAAAAAAAAAAAAA|Substitute\n|-damage|p2a: AAAAAAAAAAAAAAAA|76\/100\n|move|p1a: Gliscor|Toxic||[still]\n|-fail|p1a: Gliscor\n|\n|-heal|p1a: Gliscor|65\/100 tox|[from] ability: Poison Heal\n|upkeep\n|turn|22\n|\n|t:|1701058350\n|switch|p1a: Blissey|Blissey, F|100\/100\n|move|p2a: AAAAAAAAAAAAAAAA|Chatter|p1a: Blissey\n|-damage|p1a: Blissey|93\/100\n|-start|p1a: Blissey|confusion\n|-enditem|p2a: AAAAAAAAAAAAAAAA|Throat Spray\n|-boost|p2a: AAAAAAAAAAAAAAAA|spa|1|[from] item: Throat Spray\n|\n|upkeep\n|turn|23\n|\n|t:|1701058356\n|-terastallize|p2a: AAAAAAAAAAAAAAAA|Normal\n|move|p2a: AAAAAAAAAAAAAAAA|Boomburst|p1a: Blissey\n|-damage|p1a: Blissey|58\/100\n|-activate|p1a: Blissey|confusion\n|move|p1a: Blissey|Seismic Toss|p2a: AAAAAAAAAAAAAAAA\n|-end|p2a: AAAAAAAAAAAAAAAA|Substitute\n|\n|upkeep\n|turn|24\n|\n|t:|1701058363\n|switch|p1a: Toxapex|Toxapex, M|100\/100\n|move|p2a: AAAAAAAAAAAAAAAA|Boomburst|p1a: Toxapex\n|-damage|p1a: Toxapex|20\/100\n|\n|upkeep\n|turn|25\n|\n|t:|1701058369\n|move|p2a: AAAAAAAAAAAAAAAA|Substitute|p2a: AAAAAAAAAAAAAAAA\n|-start|p2a: AAAAAAAAAAAAAAAA|Substitute\n|-damage|p2a: AAAAAAAAAAAAAAAA|51\/100\n|move|p1a: Toxapex|Toxic||[still]\n|-fail|p1a: Toxapex\n|\n|upkeep\n|turn|26\n|\n|t:|1701058374\n|move|p2a: AAAAAAAAAAAAAAAA|Boomburst|p1a: Toxapex\n|-damage|p1a: Toxapex|0 fnt\n|faint|p1a: Toxapex\n|\n|upkeep\n|\n|t:|1701058375\n|switch|p1a: Blissey|Blissey, F|58\/100\n|turn|27\n|\n|t:|1701058377\n|move|p2a: AAAAAAAAAAAAAAAA|Chatter|p1a: Blissey\n|-damage|p1a: Blissey|46\/100\n|-start|p1a: Blissey|confusion\n|-activate|p1a: Blissey|confusion\n|-damage|p1a: Blissey|45\/100|[from] confusion\n|\n|upkeep\n|turn|28\n|\n|t:|1701058383\n|move|p2a: AAAAAAAAAAAAAAAA|Boomburst|p1a: Blissey\n|-damage|p1a: Blissey|11\/100\n|-end|p1a: Blissey|confusion\n|move|p1a: Blissey|Soft-Boiled|p1a: Blissey\n|-heal|p1a: Blissey|61\/100\n|\n|upkeep\n|turn|29\n|\n|t:|1701058389\n|move|p2a: AAAAAAAAAAAAAAAA|Chatter|p1a: Blissey\n|-damage|p1a: Blissey|50\/100\n|-start|p1a: Blissey|confusion\n|-activate|p1a: Blissey|confusion\n|move|p1a: Blissey|Soft-Boiled|p1a: Blissey\n|-heal|p1a: Blissey|99\/100\n|\n|upkeep\n|turn|30\n|\n|t:|1701058392\n|move|p2a: AAAAAAAAAAAAAAAA|Boomburst|p1a: Blissey\n|-damage|p1a: Blissey|71\/100\n|-activate|p1a: Blissey|confusion\n|-damage|p1a: Blissey|69\/100|[from] confusion\n|\n|upkeep\n|turn|31\n|\n|t:|1701058395\n|move|p2a: AAAAAAAAAAAAAAAA|Boomburst|p1a: Blissey\n|-damage|p1a: Blissey|35\/100\n|-activate|p1a: Blissey|confusion\n|-damage|p1a: Blissey|34\/100|[from] confusion\n|\n|upkeep\n|turn|32\n|\n|t:|1701058400\n|move|p2a: AAAAAAAAAAAAAAAA|Boomburst|p1a: Blissey\n|-damage|p1a: Blissey|0 fnt\n|faint|p1a: Blissey\n|\n|upkeep\n|-message|1hearth figment forfeited.\n|\n|win|RlP Pokemon Duel\n|raw|1hearth figment's rating: 1139 &rarr; <strong>1119<\/strong><br \/>(-20 for losing)\n|raw|RlP Pokemon Duel's rating: 1208 &rarr; <strong>1228<\/strong><br \/>(+20 for winning)\n|l|\u26061hearth figment\n","uploadtime":1701058412,"views":2,"p1id":"1hearthfigment","p2id":"rlppokemonduel","formatid":"gen9nationaldex","rating":1119,"private":0,"password":""}