{"id":"gen9nationaldex-1992693729","p1":"feast festival","p2":"johim","format":"[Gen 9] National Dex","log":"|j|\u2606feast festival\n|j|\u2606johim\n|t:|1700226031\n|gametype|singles\n|player|p1|feast festival|1|1072\n|player|p2|johim|riley|1120\n|teamsize|p1|6\n|teamsize|p2|6\n|gen|9\n|tier|[Gen 9] National Dex\n|rated|\n|rule|HP Percentage Mod: HP is shown in percentages\n|rule|Endless Battle Clause: Forcing endless battles is banned\n|rule|OHKO Clause: OHKO moves are banned\n|rule|Evasion Clause: Evasion abilities, items, and moves are banned\n|rule|Evasion Abilities Clause: Evasion abilities are banned\n|rule|Evasion Items Clause: Evasion items are banned\n|rule|Evasion Moves Clause: Evasion moves are banned\n|rule|Species Clause: Limit one of each Pok\u00e9mon\n|rule|Sleep Clause Mod: Limit one foe put to sleep\n|clearpoke\n|poke|p1|Braviary-Hisui, M|\n|poke|p1|Tropius, F|\n|poke|p1|Conkeldurr, M|\n|poke|p1|Sandaconda, M|\n|poke|p1|Persian-Alola, M|\n|poke|p1|Kingler, F|\n|poke|p2|Charizard, M|\n|poke|p2|Rhydon, M|\n|poke|p2|Cloyster, M|\n|poke|p2|Crobat, M|\n|poke|p2|Magneton|\n|poke|p2|Hitmonlee, M|\n|teampreview\n|\n|t:|1700226050\n|start\n|switch|p1a: Braviary|Braviary-Hisui, M|100\/100\n|switch|p2a: Magneton|Magneton|100\/100\n|turn|1\n|\n|t:|1700226059\n|switch|p1a: Sandaconda|Sandaconda, M|100\/100\n|move|p2a: Magneton|Thunderbolt|p1a: Sandaconda\n|-immune|p1a: Sandaconda\n|\n|upkeep\n|turn|2\n|\n|t:|1700226069\n|switch|p2a: Charizard|Charizard, M|100\/100\n|move|p1a: Sandaconda|Coil|p1a: Sandaconda\n|-boost|p1a: Sandaconda|atk|1\n|-boost|p1a: Sandaconda|def|1\n|-boost|p1a: Sandaconda|accuracy|1\n|\n|upkeep\n|turn|3\n|\n|t:|1700226076\n|detailschange|p2a: Charizard|Charizard-Mega-Y, M\n|-mega|p2a: Charizard|Charizard|Charizardite Y\n|-weather|SunnyDay|[from] ability: Drought|[of] p2a: Charizard\n|move|p2a: Charizard|Solar Beam||[still]\n|-prepare|p2a: Charizard|Solar Beam\n|-anim|p2a: Charizard|Solar Beam|p1a: Sandaconda\n|-supereffective|p1a: Sandaconda\n|-damage|p1a: Sandaconda|0 fnt\n|faint|p1a: Sandaconda\n|\n|-weather|SunnyDay|[upkeep]\n|upkeep\n|\n|t:|1700226098\n|switch|p1a: Persian|Persian-Alola, M|100\/100\n|turn|4\n|inactive|Battle timer is ON: inactive players will automatically lose when time's up. (requested by feast festival)\n|\n|t:|1700226141\n|move|p1a: Persian|Fake Out|p2a: Charizard\n|-damage|p2a: Charizard|84\/100\n|cant|p2a: Charizard|flinch\n|\n|-weather|SunnyDay|[upkeep]\n|upkeep\n|turn|5\n|\n|t:|1700226148\n|move|p1a: Persian|Hypnosis|p2a: Charizard\n|-status|p2a: Charizard|slp|[from] move: Hypnosis\n|cant|p2a: Charizard|slp\n|\n|-weather|SunnyDay|[upkeep]\n|upkeep\n|turn|6\n|\n|t:|1700226154\n|move|p1a: Persian|Parting Shot|p2a: Charizard\n|-unboost|p2a: Charizard|atk|1\n|-unboost|p2a: Charizard|spa|1\n|\n|t:|1700226158\n|switch|p1a: Kingler|Kingler, F|100\/100|[from] Parting Shot\n|cant|p2a: Charizard|slp\n|\n|-weather|SunnyDay|[upkeep]\n|upkeep\n|turn|7\n|\n|t:|1700226165\n|switch|p2a: Cloyster|Cloyster, M|100\/100\n|move|p1a: Kingler|Agility|p1a: Kingler\n|-boost|p1a: Kingler|spe|2\n|\n|-weather|none\n|upkeep\n|turn|8\n|\n|t:|1700226174\n|move|p1a: Kingler|Superpower|p2a: Cloyster\n|-supereffective|p2a: Cloyster\n|-damage|p2a: Cloyster|31\/100\n|-unboost|p1a: Kingler|atk|1\n|-unboost|p1a: Kingler|def|1\n|move|p2a: Cloyster|Shell Smash|p2a: Cloyster\n|-unboost|p2a: Cloyster|def|1\n|-unboost|p2a: Cloyster|spd|1\n|-boost|p2a: Cloyster|atk|2\n|-boost|p2a: Cloyster|spa|2\n|-boost|p2a: Cloyster|spe|2\n|\n|upkeep\n|turn|9\n|\n|t:|1700226188\n|-terastallize|p2a: Cloyster|Ghost\n|move|p1a: Kingler|Superpower|p2a: Cloyster\n|-immune|p2a: Cloyster\n|move|p2a: Cloyster|Shell Smash|p2a: Cloyster\n|-unboost|p2a: Cloyster|def|1\n|-unboost|p2a: Cloyster|spd|1\n|-boost|p2a: Cloyster|atk|2\n|-boost|p2a: Cloyster|spa|2\n|-boost|p2a: Cloyster|spe|2\n|\n|upkeep\n|turn|10\n|\n|t:|1700226205\n|switch|p1a: Persian|Persian-Alola, M|100\/100\n|move|p2a: Cloyster|Rock Blast|p1a: Persian\n|-damage|p1a: Persian|59\/100\n|-damage|p1a: Persian|21\/100\n|-damage|p1a: Persian|0 fnt\n|faint|p1a: Persian\n|-hitcount|p1: Persian|3\n|\n|upkeep\n|inactive|feast festival has 120 seconds left.\n|\n|t:|1700226229\n|switch|p1a: Kingler|Kingler, F|100\/100\n|turn|11\n|\n|t:|1700226233\n|move|p2a: Cloyster|Rock Blast|p1a: Kingler\n|-damage|p1a: Kingler|74\/100\n|-damage|p1a: Kingler|49\/100\n|-damage|p1a: Kingler|23\/100\n|-damage|p1a: Kingler|0 fnt\n|faint|p1a: Kingler\n|-hitcount|p1: Kingler|4\n|\n|upkeep\n|\n|t:|1700226242\n|switch|p1a: Braviary|Braviary-Hisui, M|100\/100\n|turn|12\n|\n|t:|1700226248\n|-terastallize|p1a: Braviary|Psychic\n|move|p2a: Cloyster|Icicle Spear|p1a: Braviary\n|-damage|p1a: Braviary|67\/100\n|-damage|p1a: Braviary|32\/100\n|-damage|p1a: Braviary|0 fnt\n|faint|p1a: Braviary\n|-hitcount|p1: Braviary|3\n|\n|upkeep\n|\n|t:|1700226257\n|switch|p1a: Tropius|Tropius, F|100\/100\n|turn|13\n|\n|t:|1700226260\n|move|p2a: Cloyster|Icicle Spear|p1a: Tropius\n|-supereffective|p1a: Tropius\n|-damage|p1a: Tropius|0 fnt\n|faint|p1a: Tropius\n|-hitcount|p1: Tropius|1\n|\n|upkeep\n|-message|feast festival forfeited.\n|\n|win|johim\n|raw|feast festival's rating: 1072 &rarr; <strong>1054<\/strong><br \/>(-18 for losing)\n|raw|johim's rating: 1120 &rarr; <strong>1142<\/strong><br \/>(+22 for winning)\n|l|\u2606feast festival\n","uploadtime":1700226272,"views":7,"p1id":"feastfestival","p2id":"johim","formatid":"gen9nationaldex","rating":1054,"private":0,"password":""}