{"id":"gen9nationaldex-1995568070","p1":"A wild Chili","p2":"Szynszylosky","format":"[Gen 9] National Dex","log":"|html|<div class=\"broadcast-blue\"><strong>[Gen 9] National Dex is currently suspecting Sneasler! For information on how to participate check out the <a href=\"https:\/\/www.smogon.com\/forums\/threads\/sv-national-dex-suspect-8-just-dance.3731534\/\">suspect thread<\/a>.<\/strong><\/div>\n|j|\u2606A wild Chili\n|j|\u2606Szynszylosky\n|t:|1700583607\n|gametype|singles\n|player|p1|A wild Chili|flint|1094\n|player|p2|Szynszylosky|red|1020\n|teamsize|p1|6\n|teamsize|p2|6\n|gen|9\n|tier|[Gen 9] National Dex\n|rated|\n|rule|HP Percentage Mod: HP is shown in percentages\n|rule|Endless Battle Clause: Forcing endless battles is banned\n|rule|OHKO Clause: OHKO moves are banned\n|rule|Evasion Clause: Evasion abilities, items, and moves are banned\n|rule|Evasion Abilities Clause: Evasion abilities are banned\n|rule|Evasion Items Clause: Evasion items are banned\n|rule|Evasion Moves Clause: Evasion moves are banned\n|rule|Species Clause: Limit one of each Pok\u00e9mon\n|rule|Sleep Clause Mod: Limit one foe put to sleep\n|clearpoke\n|poke|p1|Meganium, M|\n|poke|p1|Magnezone|\n|poke|p1|Zapdos-Galar|\n|poke|p1|Ribombee, F|\n|poke|p1|Diancie|\n|poke|p1|Hoopa-Unbound|\n|poke|p2|Clodsire, F|\n|poke|p2|Zoroark-Hisui, M|\n|poke|p2|Typhlosion-Hisui, F|\n|poke|p2|Garchomp, M|\n|poke|p2|Meowscarada, M|\n|poke|p2|Krookodile, M|\n|teampreview\n|\n|t:|1700583614\n|start\n|switch|p1a: Ribombee|Ribombee, F|100\/100\n|switch|p2a: Clodsire|Clodsire, F, shiny|100\/100\n|turn|1\n|inactive|Battle timer is ON: inactive players will automatically lose when time's up. (requested by A wild Chili)\n|\n|t:|1700583620\n|move|p1a: Ribombee|Sticky Web|p2a: Clodsire\n|-sidestart|p2: Szynszylosky|move: Sticky Web\n|move|p2a: Clodsire|Sludge Bomb|p1a: Ribombee\n|-supereffective|p1a: Ribombee\n|-damage|p1a: Ribombee|52\/100\n|\n|upkeep\n|turn|2\n|\n|t:|1700583627\n|move|p1a: Ribombee|Stun Spore|p2a: Clodsire\n|-status|p2a: Clodsire|par\n|cant|p2a: Clodsire|par\n|\n|upkeep\n|turn|3\n|\n|t:|1700583632\n|move|p1a: Ribombee|Skill Swap|p2a: Clodsire\n|-activate|p1a: Ribombee|move: Skill Swap|Water Absorb|Shield Dust|[of] p2a: Clodsire\n|move|p2a: Clodsire|Sludge Bomb|p1a: Ribombee\n|-supereffective|p1a: Ribombee\n|-damage|p1a: Ribombee|7\/100\n|-status|p1a: Ribombee|psn\n|\n|-damage|p1a: Ribombee|0 fnt|[from] psn\n|faint|p1a: Ribombee\n|upkeep\n|\n|t:|1700583637\n|switch|p1a: Meganium|Meganium, M|100\/100\n|turn|4\n|\n|t:|1700583652\n|move|p1a: Meganium|Swords Dance|p1a: Meganium\n|-boost|p1a: Meganium|atk|2\n|move|p2a: Clodsire|Sludge Bomb|p1a: Meganium\n|-supereffective|p1a: Meganium\n|-damage|p1a: Meganium|61\/100\n|\n|upkeep\n|turn|5\n|\n|t:|1700583659\n|move|p1a: Meganium|Earthquake|p2a: Clodsire\n|-supereffective|p2a: Clodsire\n|-damage|p2a: Clodsire|0 fnt\n|faint|p2a: Clodsire\n|-damage|p1a: Meganium|51\/100|[from] item: Life Orb\n|\n|upkeep\n|\n|t:|1700583665\n|switch|p2a: Krookodile|Krookodile, M|100\/100\n|-activate|p2a: Krookodile|move: Sticky Web\n|-unboost|p2a: Krookodile|spe|1\n|turn|6\n|\n|t:|1700583673\n|switch|p1a: Zapdos|Zapdos-Galar|100\/100\n|move|p2a: Krookodile|Flamethrower|p1a: Zapdos\n|-damage|p1a: Zapdos|70\/100\n|\n|upkeep\n|turn|7\n|\n|t:|1700583683\n|move|p1a: Zapdos|Bulk Up|p1a: Zapdos\n|-boost|p1a: Zapdos|atk|1\n|-boost|p1a: Zapdos|def|1\n|move|p2a: Krookodile|Hyper Voice|p1a: Zapdos\n|-damage|p1a: Zapdos|30\/100\n|-enditem|p2a: Krookodile|Throat Spray\n|-boost|p2a: Krookodile|spa|1|[from] item: Throat Spray\n|\n|upkeep\n|turn|8\n|\n|t:|1700583691\n|-zpower|p1a: Zapdos\n|move|p1a: Zapdos|Supersonic Skystrike|p2a: Krookodile|[zeffect]\n|-damage|p2a: Krookodile|0 fnt\n|replace|p2a: Zoroark|Zoroark-Hisui, M, shiny\n|-end|p2a: Zoroark|Illusion\n|faint|p2a: Zoroark\n|\n|upkeep\n|\n|t:|1700583701\n|switch|p2a: Krookodile|Krookodile, M|100\/100\n|turn|9\n|\n|t:|1700583707\n|move|p1a: Zapdos|Thunderous Kick|p2a: Krookodile\n|-supereffective|p2a: Krookodile\n|-damage|p2a: Krookodile|0 fnt\n|faint|p2a: Krookodile\n|\n|upkeep\n|\n|t:|1700583714\n|switch|p2a: Garchomp|Garchomp, M|100\/100\n|-activate|p2a: Garchomp|move: Sticky Web\n|-unboost|p2a: Garchomp|spe|1\n|turn|10\n|\n|t:|1700583722\n|move|p1a: Zapdos|Thunderous Kick|p2a: Garchomp\n|-damage|p2a: Garchomp|39\/100\n|-unboost|p2a: Garchomp|def|1\n|-damage|p1a: Zapdos|18\/100|[from] ability: Rough Skin|[of] p2a: Garchomp\n|-zpower|p2a: Garchomp\n|move|p2a: Garchomp|Continental Crush|p1a: Zapdos|[zeffect]\n|-damage|p1a: Zapdos|0 fnt\n|faint|p1a: Zapdos\n|\n|upkeep\n|\n|t:|1700583727\n|switch|p1a: Meganium|Meganium, M|51\/100\n|turn|11\n|\n|t:|1700583746\n|switch|p2a: Typhlosion|Typhlosion-Hisui, F|100\/100\n|-activate|p2a: Typhlosion|move: Sticky Web\n|-unboost|p2a: Typhlosion|spe|1\n|move|p1a: Meganium|Petal Blizzard|p2a: Typhlosion\n|-resisted|p2a: Typhlosion\n|-damage|p2a: Typhlosion|73\/100\n|-damage|p1a: Meganium|41\/100|[from] item: Life Orb\n|\n|upkeep\n|turn|12\n|\n|t:|1700583755\n|switch|p1a: Hoopa|Hoopa-Unbound|100\/100\n|move|p2a: Typhlosion|Flare Blitz|p1a: Hoopa\n|-damage|p1a: Hoopa|12\/100\n|-damage|p2a: Typhlosion|48\/100|[from] Recoil\n|\n|upkeep\n|turn|13\n|\n|t:|1700583763\n|move|p1a: Hoopa|Hyperspace Fury|p2a: Typhlosion\n|-supereffective|p2a: Typhlosion\n|-damage|p2a: Typhlosion|0 fnt\n|-unboost|p1a: Hoopa|def|1\n|faint|p2a: Typhlosion\n|\n|upkeep\n|\n|t:|1700583770\n|switch|p2a: Garchomp|Garchomp, M|39\/100\n|-activate|p2a: Garchomp|move: Sticky Web\n|-unboost|p2a: Garchomp|spe|1\n|turn|14\n|\n|t:|1700583776\n|switch|p2a: Meowscarada|Meowscarada, M|100\/100\n|move|p1a: Hoopa|Hyperspace Fury|p2a: Meowscarada\n|-resisted|p2a: Meowscarada\n|-damage|p2a: Meowscarada|32\/100\n|-unboost|p1a: Hoopa|def|1\n|\n|upkeep\n|turn|15\n|\n|t:|1700583784\n|move|p2a: Meowscarada|Knock Off|p1a: Hoopa\n|-start|p2a: Meowscarada|typechange|Dark|[from] ability: Protean\n|-damage|p1a: Hoopa|0 fnt\n|-enditem|p1a: Hoopa|Choice Band|[from] move: Knock Off|[of] p2a: Meowscarada\n|faint|p1a: Hoopa\n|\n|upkeep\n|\n|t:|1700583788\n|switch|p1a: Meganium|Meganium, M|41\/100\n|turn|16\n|\n|t:|1700583808\n|move|p1a: Meganium|Petal Blizzard|p2a: Meowscarada\n|-damage|p2a: Meowscarada|0 fnt\n|faint|p2a: Meowscarada\n|-damage|p1a: Meganium|31\/100|[from] item: Life Orb\n|\n|upkeep\n|\n|t:|1700583815\n|switch|p2a: Garchomp|Garchomp, M|39\/100\n|-activate|p2a: Garchomp|move: Sticky Web\n|-unboost|p2a: Garchomp|spe|1\n|turn|17\n|\n|t:|1700583821\n|-terastallize|p1a: Meganium|Ground\n|move|p1a: Meganium|Earthquake|p2a: Garchomp\n|-damage|p2a: Garchomp|0 fnt\n|faint|p2a: Garchomp\n|-damage|p1a: Meganium|21\/100|[from] item: Life Orb\n|\n|win|A wild Chili\n|raw|A wild Chili's rating: 1094 &rarr; <strong>1114<\/strong><br \/>(+20 for winning)\n|raw|Szynszylosky's rating: 1020 &rarr; <strong>1010<\/strong><br \/>(-10 for losing)\n|l|\u2606Szynszylosky\n","uploadtime":1700583842,"views":0,"p1id":"awildchili","p2id":"szynszylosky","formatid":"gen9nationaldex","rating":1010,"private":0,"password":""}