{"id":"gen9nationaldex-1999974065","p1":"Garry97","p2":"drossito pambisito","format":"[Gen 9] National Dex","log":"|html|<div class=\"broadcast-blue\"><strong>[Gen 9] National Dex is currently suspecting Sneasler! For information on how to participate check out the <a href=\"https:\/\/www.smogon.com\/forums\/threads\/sv-national-dex-suspect-8-just-dance.3731534\/\">suspect thread<\/a>.<\/strong><\/div>\n|j|\u2606Garry97\n|j|\u2606drossito pambisito\n|t:|1701136438\n|gametype|singles\n|player|p1|Garry97|eri|1551\n|player|p2|drossito pambisito|102|1618\n|teamsize|p1|6\n|teamsize|p2|6\n|gen|9\n|tier|[Gen 9] National Dex\n|rated|\n|rule|HP Percentage Mod: HP is shown in percentages\n|rule|Endless Battle Clause: Forcing endless battles is banned\n|rule|OHKO Clause: OHKO moves are banned\n|rule|Evasion Clause: Evasion abilities, items, and moves are banned\n|rule|Evasion Abilities Clause: Evasion abilities are banned\n|rule|Evasion Items Clause: Evasion items are banned\n|rule|Evasion Moves Clause: Evasion moves are banned\n|rule|Species Clause: Limit one of each Pok\u00e9mon\n|rule|Sleep Clause Mod: Limit one foe put to sleep\n|clearpoke\n|poke|p1|Lucario, M|\n|poke|p1|Blaziken, M|\n|poke|p1|Aggron, M|\n|poke|p1|Gardevoir, F|\n|poke|p1|Milotic, F|\n|poke|p1|Salamence, M|\n|poke|p2|Blacephalon|\n|poke|p2|Tapu Lele|\n|poke|p2|Sneasler, F|\n|poke|p2|Samurott-Hisui, M|\n|poke|p2|Kyurem|\n|poke|p2|Manectric, F|\n|teampreview\n|inactive|Battle timer is ON: inactive players will automatically lose when time's up. (requested by Garry97)\n|\n|t:|1701136452\n|start\n|switch|p1a: Reinhardt|Aggron, M|100\/100\n|switch|p2a: Manectric|Manectric, F|100\/100\n|turn|1\n|j| NDSNE zooted\n|\n|t:|1701136472\n|switch|p1a: Elena FDEZ|Gardevoir, F|100\/100\n|-ability|p1a: Elena FDEZ|Lightning Rod|[from] ability: Trace|[of] p2a: Manectric\n|detailschange|p2a: Manectric|Manectric-Mega, F\n|-mega|p2a: Manectric|Manectric|Manectite\n|-ability|p2a: Manectric|Intimidate|boost\n|-unboost|p1a: Elena FDEZ|atk|1\n|move|p2a: Manectric|Volt Switch|p1a: Elena FDEZ\n|-ability|p1a: Elena FDEZ|Lightning Rod|boost\n|-boost|p1a: Elena FDEZ|spa|1\n|\n|upkeep\n|turn|2\n|\n|t:|1701136484\n|switch|p2a: Samurott|Samurott-Hisui, M|100\/100\n|move|p1a: Elena FDEZ|Moonblast|p2a: Samurott\n|-supereffective|p2a: Samurott\n|-damage|p2a: Samurott|0 fnt\n|faint|p2a: Samurott\n|\n|upkeep\n|\n|t:|1701136494\n|switch|p2a: Blacephalon|Blacephalon|100\/100\n|turn|3\n|j| greenle\n|\n|t:|1701136500\n|switch|p1a: Ogopogo|Milotic, F|100\/100\n|-zpower|p2a: Blacephalon\n|move|p2a: Blacephalon|Z-Hypnosis|p1a: Ogopogo|[anim]Hypnosis\n|-boost|p2a: Blacephalon|spe|1|[zeffect]\n|-status|p1a: Ogopogo|slp|[from] move: Hypnosis\n|\n|upkeep\n|turn|4\n|\n|t:|1701136513\n|move|p2a: Blacephalon|Shadow Ball|p1a: Ogopogo\n|-damage|p1a: Ogopogo|77\/100 slp\n|cant|p1a: Ogopogo|slp\n|\n|-heal|p1a: Ogopogo|83\/100 slp|[from] item: Leftovers\n|upkeep\n|turn|5\n|\n|t:|1701136523\n|move|p2a: Blacephalon|Shadow Ball|p1a: Ogopogo\n|-damage|p1a: Ogopogo|56\/100 slp\n|cant|p1a: Ogopogo|slp\n|\n|-heal|p1a: Ogopogo|63\/100 slp|[from] item: Leftovers\n|upkeep\n|turn|6\n|\n|t:|1701136535\n|move|p2a: Blacephalon|Shadow Ball|p1a: Ogopogo\n|-damage|p1a: Ogopogo|37\/100 slp\n|-curestatus|p1a: Ogopogo|slp|[msg]\n|move|p1a: Ogopogo|Recover|p1a: Ogopogo\n|-heal|p1a: Ogopogo|87\/100\n|\n|-heal|p1a: Ogopogo|93\/100|[from] item: Leftovers\n|upkeep\n|turn|7\n|\n|t:|1701136545\n|move|p2a: Blacephalon|Hypnosis|p1a: Ogopogo|[miss]\n|-miss|p2a: Blacephalon|p1a: Ogopogo\n|move|p1a: Ogopogo|Toxic|p2a: Blacephalon\n|-status|p2a: Blacephalon|tox\n|\n|-heal|p1a: Ogopogo|99\/100|[from] item: Leftovers\n|-damage|p2a: Blacephalon|94\/100 tox|[from] psn\n|upkeep\n|turn|8\n|\n|t:|1701136554\n|switch|p2a: Manectric|Manectric-Mega, F|100\/100\n|-ability|p2a: Manectric|Intimidate|boost\n|-unboost|p1a: Ogopogo|atk|1\n|-ability|p1a: Ogopogo|Competitive|boost\n|-boost|p1a: Ogopogo|spa|2\n|move|p1a: Ogopogo|Toxic|p2a: Manectric\n|-status|p2a: Manectric|tox\n|\n|-heal|p1a: Ogopogo|100\/100|[from] item: Leftovers\n|-damage|p2a: Manectric|94\/100 tox|[from] psn\n|upkeep\n|turn|9\n|\n|t:|1701136581\n|-terastallize|p1a: Ogopogo|Dragon\n|move|p2a: Manectric|Volt Switch|p1a: Ogopogo\n|-resisted|p1a: Ogopogo\n|-damage|p1a: Ogopogo|91\/100\n|\n|t:|1701136587\n|switch|p2a: Tapu Lele|Tapu Lele|100\/100|[from] Volt Switch\n|-fieldstart|move: Psychic Terrain|[from] ability: Psychic Surge|[of] p2a: Tapu Lele\n|move|p1a: Ogopogo|Surf|p2a: Tapu Lele\n|-damage|p2a: Tapu Lele|32\/100\n|\n|-heal|p1a: Ogopogo|97\/100|[from] item: Leftovers\n|upkeep\n|turn|10\n|\n|t:|1701136606\n|move|p2a: Tapu Lele|Moonblast|p1a: Ogopogo\n|-supereffective|p1a: Ogopogo\n|-damage|p1a: Ogopogo|14\/100\n|-unboost|p1a: Ogopogo|spa|1\n|-ability|p1a: Ogopogo|Competitive|boost\n|-boost|p1a: Ogopogo|spa|2\n|move|p1a: Ogopogo|Surf|p2a: Tapu Lele\n|-damage|p2a: Tapu Lele|0 fnt\n|faint|p2a: Tapu Lele\n|\n|-heal|p1a: Ogopogo|20\/100|[from] item: Leftovers\n|upkeep\n|\n|t:|1701136610\n|switch|p2a: Sneasler|Sneasler, F|100\/100\n|-enditem|p2a: Sneasler|Psychic Seed\n|-boost|p2a: Sneasler|spd|1|[from] item: Psychic Seed\n|turn|11\n|\n|t:|1701136621\n|move|p2a: Sneasler|Low Kick|p1a: Ogopogo\n|-damage|p1a: Ogopogo|0 fnt\n|faint|p1a: Ogopogo\n|\n|upkeep\n|\n|t:|1701136627\n|switch|p1a: Dracule Mihawk|Salamence, M|100\/100\n|-ability|p1a: Dracule Mihawk|Intimidate|boost\n|-unboost|p2a: Sneasler|atk|1\n|turn|12\n|\n|t:|1701136643\n|-terastallize|p2a: Sneasler|Flying\n|move|p2a: Sneasler|Swords Dance|p2a: Sneasler\n|-boost|p2a: Sneasler|atk|2\n|move|p1a: Dracule Mihawk|Dragon Pulse|p2a: Sneasler\n|-damage|p2a: Sneasler|59\/100\n|\n|upkeep\n|turn|13\n|\n|t:|1701136652\n|switch|p1a: Reinhardt|Aggron, M|100\/100\n|move|p2a: Sneasler|Acrobatics|p1a: Reinhardt\n|-resisted|p1a: Reinhardt\n|-damage|p1a: Reinhardt|89\/100\n|\n|-fieldend|move: Psychic Terrain\n|upkeep\n|turn|14\n|\n|t:|1701136666\n|detailschange|p1a: Reinhardt|Aggron-Mega, M\n|-mega|p1a: Reinhardt|Aggron|Aggronite\n|move|p2a: Sneasler|Low Kick|p1a: Reinhardt\n|-supereffective|p1a: Reinhardt\n|-damage|p1a: Reinhardt|31\/100\n|move|p1a: Reinhardt|Avalanche|p2a: Sneasler\n|-supereffective|p2a: Sneasler\n|-damage|p2a: Sneasler|0 fnt\n|faint|p2a: Sneasler\n|\n|upkeep\n|\n|t:|1701136675\n|switch|p2a: Blacephalon|Blacephalon|94\/100 tox\n|turn|15\n|\n|t:|1701136683\n|move|p2a: Blacephalon|Flamethrower|p1a: Reinhardt\n|-supereffective|p1a: Reinhardt\n|-damage|p1a: Reinhardt|0 fnt\n|faint|p1a: Reinhardt\n|-ability|p2a: Blacephalon|Beast Boost|boost\n|-boost|p2a: Blacephalon|spa|1\n|\n|-damage|p2a: Blacephalon|88\/100 tox|[from] psn\n|upkeep\n|\n|t:|1701136692\n|switch|p1a: Pollo Hermano|Blaziken, M|100\/100\n|turn|16\n|\n|t:|1701136700\n|move|p1a: Pollo Hermano|Protect|p1a: Pollo Hermano\n|-singleturn|p1a: Pollo Hermano|Protect\n|move|p2a: Blacephalon|Hypnosis|p1a: Pollo Hermano\n|-activate|p1a: Pollo Hermano|move: Protect\n|\n|-damage|p2a: Blacephalon|76\/100 tox|[from] psn\n|-ability|p1a: Pollo Hermano|Speed Boost|boost\n|-boost|p1a: Pollo Hermano|spe|1\n|upkeep\n|turn|17\n|l| greenle\n|\n|t:|1701136710\n|move|p1a: Pollo Hermano|Stone Edge|p2a: Blacephalon\n|-supereffective|p2a: Blacephalon\n|-crit|p2a: Blacephalon\n|-damage|p2a: Blacephalon|0 fnt\n|faint|p2a: Blacephalon\n|-damage|p1a: Pollo Hermano|91\/100|[from] item: Life Orb\n|\n|-ability|p1a: Pollo Hermano|Speed Boost|boost\n|-boost|p1a: Pollo Hermano|spe|1\n|upkeep\n|\n|t:|1701136714\n|switch|p2a: Manectric|Manectric-Mega, F|94\/100 tox\n|-ability|p2a: Manectric|Intimidate|boost\n|-unboost|p1a: Pollo Hermano|atk|1\n|turn|18\n|\n|t:|1701136727\n|move|p1a: Pollo Hermano|Protect|p1a: Pollo Hermano\n|-singleturn|p1a: Pollo Hermano|Protect\n|move|p2a: Manectric|Discharge|p1a: Pollo Hermano\n|-activate|p1a: Pollo Hermano|move: Protect\n|\n|-damage|p2a: Manectric|88\/100 tox|[from] psn\n|-ability|p1a: Pollo Hermano|Speed Boost|boost\n|-boost|p1a: Pollo Hermano|spe|1\n|upkeep\n|turn|19\n|\n|t:|1701136741\n|move|p1a: Pollo Hermano|Close Combat|p2a: Manectric\n|-damage|p2a: Manectric|18\/100 tox\n|-unboost|p1a: Pollo Hermano|def|1\n|-unboost|p1a: Pollo Hermano|spd|1\n|-damage|p1a: Pollo Hermano|81\/100|[from] item: Life Orb\n|move|p2a: Manectric|Discharge|p1a: Pollo Hermano\n|-damage|p1a: Pollo Hermano|0 fnt\n|faint|p1a: Pollo Hermano\n|\n|-damage|p2a: Manectric|5\/100 tox|[from] psn\n|upkeep\n|c|\u2606Garry97|gg\n|\n|t:|1701136754\n|switch|p1a: Elena FDEZ|Gardevoir, F|100\/100\n|-ability|p1a: Elena FDEZ|Intimidate|boost\n|-unboost|p2a: Manectric|atk|1\n|-ability|p1a: Elena FDEZ|Intimidate|[from] ability: Trace|[of] p2a: Manectric\n|turn|20\n|\n|t:|1701136759\n|move|p1a: Elena FDEZ|Moonblast|p2a: Manectric\n|-damage|p2a: Manectric|0 fnt\n|faint|p2a: Manectric\n|\n|upkeep\n|\n|t:|1701136762\n|switch|p2a: Kyurem|Kyurem|100\/100\n|-ability|p2a: Kyurem|Pressure\n|turn|21\n|\n|t:|1701136767\n|move|p1a: Elena FDEZ|Moonblast|p2a: Kyurem\n|-supereffective|p2a: Kyurem\n|-damage|p2a: Kyurem|3\/100\n|move|p2a: Kyurem|Dragon Dance|p2a: Kyurem\n|-boost|p2a: Kyurem|atk|1\n|-boost|p2a: Kyurem|spe|1\n|\n|upkeep\n|turn|22\n|inactive|drossito pambisito has 120 seconds left.\n|\n|t:|1701136810\n|move|p2a: Kyurem|Icicle Spear|p1a: Elena FDEZ\n|-damage|p1a: Elena FDEZ|65\/100\n|-damage|p1a: Elena FDEZ|29\/100\n|-damage|p1a: Elena FDEZ|0 fnt\n|faint|p1a: Elena FDEZ\n|-hitcount|p1: Elena FDEZ|3\n|\n|upkeep\n|\n|t:|1701136817\n|switch|p1a: Lord Beerus|Lucario, M|100\/100\n|turn|23\n|inactive|drossito pambisito has 120 seconds left.\n|\n|t:|1701136847\n|move|p1a: Lord Beerus|Extreme Speed|p2a: Kyurem\n|-damage|p2a: Kyurem|0 fnt\n|faint|p2a: Kyurem\n|\n|win|Garry97\n|raw|Garry97's rating: 1551 &rarr; <strong>1575<\/strong><br \/>(+24 for winning)\n|raw|drossito pambisito's rating: 1618 &rarr; <strong>1594<\/strong><br \/>(-24 for losing)\n","uploadtime":1701136860,"views":15,"p1id":"garry97","p2id":"drossitopambisito","formatid":"gen9nationaldex","rating":1575,"private":0,"password":""}