{"id":"gen9nationaldex-1992717669","p1":"XYStarshone.\u661f\u8000","p2":"wyhhhe","format":"[Gen 9] National Dex","log":"|j|\u2606XYStarshone.\u661f\u8000\n|j|\u2606wyhhhe\n|t:|1700228678\n|gametype|singles\n|player|p1|XYStarshone.\u661f\u8000|psychic-lgpe|1557\n|player|p2|wyhhhe|265|1559\n|teamsize|p1|6\n|teamsize|p2|6\n|gen|9\n|tier|[Gen 9] National Dex\n|rated|\n|rule|HP Percentage Mod: HP is shown in percentages\n|rule|Endless Battle Clause: Forcing endless battles is banned\n|rule|OHKO Clause: OHKO moves are banned\n|rule|Evasion Clause: Evasion abilities, items, and moves are banned\n|rule|Evasion Abilities Clause: Evasion abilities are banned\n|rule|Evasion Items Clause: Evasion items are banned\n|rule|Evasion Moves Clause: Evasion moves are banned\n|rule|Species Clause: Limit one of each Pok\u00e9mon\n|rule|Sleep Clause Mod: Limit one foe put to sleep\n|clearpoke\n|poke|p1|Ceruledge, F|\n|poke|p1|Great Tusk|\n|poke|p1|Iron Valiant|\n|poke|p1|Banette, M|\n|poke|p1|Volcanion|\n|poke|p1|Serperior, F|\n|poke|p2|Mawile, M|\n|poke|p2|Zamazenta-*|\n|poke|p2|Cresselia, F|\n|poke|p2|Zapdos|\n|poke|p2|Zoroark-Hisui, M|\n|poke|p2|Rillaboom, F|\n|teampreview\n|\n|t:|1700228702\n|start\n|switch|p1a: Volcanion|Volcanion|100\/100\n|switch|p2a: Mawile|Mawile, M|100\/100\n|-ability|p2a: Mawile|Intimidate|boost\n|-unboost|p1a: Volcanion|atk|1\n|turn|1\n|\n|t:|1700228724\n|switch|p2a: Cresselia|Cresselia, F|100\/100\n|move|p1a: Volcanion|Flamethrower|p2a: Cresselia\n|-damage|p2a: Cresselia|76\/100\n|\n|upkeep\n|turn|2\n|\n|t:|1700228739\n|move|p1a: Volcanion|Taunt|p2a: Cresselia\n|-start|p2a: Cresselia|move: Taunt\n|cant|p2a: Cresselia|move: Taunt|Calm Mind\n|\n|upkeep\n|turn|3\n|\n|t:|1700228746\n|switch|p2a: Zamazenta|Zamazenta|100\/100\n|-ability|p2a: Zamazenta|Dauntless Shield|boost\n|-boost|p2a: Zamazenta|def|1\n|move|p1a: Volcanion|Steam Eruption|p2a: Zamazenta\n|-damage|p2a: Zamazenta|40\/100\n|\n|upkeep\n|turn|4\n|\n|t:|1700228756\n|move|p2a: Zamazenta|Stone Edge|p1a: Volcanion\n|-supereffective|p1a: Volcanion\n|-damage|p1a: Volcanion|10\/100\n|move|p1a: Volcanion|Steam Eruption|p2a: Zamazenta\n|-damage|p2a: Zamazenta|0 fnt\n|faint|p2a: Zamazenta\n|\n|upkeep\n|\n|t:|1700228773\n|switch|p2a: Rillaboom|Rillaboom, F|100\/100\n|-fieldstart|move: Grassy Terrain|[from] ability: Grassy Surge|[of] p2a: Rillaboom\n|turn|5\n|\n|t:|1700228789\n|switch|p1a: Serperior|Serperior, F, shiny|100\/100\n|move|p2a: Rillaboom|Grassy Glide|p1a: Serperior\n|-resisted|p1a: Serperior\n|-damage|p1a: Serperior|68\/100\n|\n|-heal|p1a: Serperior|74\/100|[from] Grassy Terrain\n|-heal|p1a: Serperior|80\/100|[from] item: Leftovers\n|upkeep\n|turn|6\n|\n|t:|1700228814\n|switch|p2a: Mawile|Mawile, M|100\/100\n|-terastallize|p1a: Serperior|Fire\n|move|p1a: Serperior|Substitute|p1a: Serperior\n|-start|p1a: Serperior|Substitute\n|-damage|p1a: Serperior|55\/100\n|\n|-heal|p1a: Serperior|61\/100|[from] Grassy Terrain\n|-heal|p1a: Serperior|68\/100|[from] item: Leftovers\n|upkeep\n|turn|7\n|\n|t:|1700228832\n|move|p1a: Serperior|Hidden Power|p2a: Mawile\n|-damage|p2a: Mawile|57\/100\n|replace|p2a: Zoroark|Zoroark-Hisui, M\n|-end|p2a: Zoroark|Illusion\n|move|p2a: Zoroark|Nasty Plot|p2a: Zoroark\n|-boost|p2a: Zoroark|spa|2\n|\n|-heal|p1a: Serperior|74\/100|[from] Grassy Terrain\n|-heal|p1a: Serperior|80\/100|[from] item: Leftovers\n|-heal|p2a: Zoroark|63\/100|[from] Grassy Terrain\n|upkeep\n|turn|8\n|\n|t:|1700228840\n|move|p1a: Serperior|Leaf Storm|p2a: Zoroark\n|-damage|p2a: Zoroark|0 fnt\n|-boost|p1a: Serperior|spa|2\n|faint|p2a: Zoroark\n|\n|-heal|p1a: Serperior|86\/100|[from] Grassy Terrain\n|-heal|p1a: Serperior|92\/100|[from] item: Leftovers\n|upkeep\n|\n|t:|1700228847\n|switch|p2a: Cresselia|Cresselia, F|76\/100\n|turn|9\n|\n|t:|1700228852\n|-terastallize|p2a: Cresselia|Poison\n|move|p1a: Serperior|Leaf Storm|p2a: Cresselia\n|-resisted|p2a: Cresselia\n|-damage|p2a: Cresselia|48\/100\n|-boost|p1a: Serperior|spa|2\n|move|p2a: Cresselia|Calm Mind|p2a: Cresselia\n|-boost|p2a: Cresselia|spa|1\n|-boost|p2a: Cresselia|spd|1\n|\n|-heal|p1a: Serperior|98\/100|[from] Grassy Terrain\n|-heal|p1a: Serperior|100\/100|[from] item: Leftovers\n|-fieldend|move: Grassy Terrain\n|upkeep\n|turn|10\n|\n|t:|1700228859\n|move|p1a: Serperior|Glare|p2a: Cresselia\n|-status|p2a: Cresselia|par\n|move|p2a: Cresselia|Moonlight|p2a: Cresselia\n|-heal|p2a: Cresselia|98\/100 par\n|\n|upkeep\n|turn|11\n|\n|t:|1700228862\n|switch|p1a: Iron Valiant|Iron Valiant, shiny|100\/100\n|-enditem|p1a: Iron Valiant|Booster Energy\n|-activate|p1a: Iron Valiant|ability: Quark Drive|[fromitem]\n|-start|p1a: Iron Valiant|quarkdrivespe\n|move|p2a: Cresselia|Calm Mind|p2a: Cresselia\n|-boost|p2a: Cresselia|spa|1\n|-boost|p2a: Cresselia|spd|1\n|\n|upkeep\n|turn|12\n|\n|t:|1700228868\n|move|p1a: Iron Valiant|Encore|p2a: Cresselia\n|-start|p2a: Cresselia|Encore\n|cant|p2a: Cresselia|par\n|\n|upkeep\n|turn|13\n|\n|t:|1700228873\n|move|p1a: Iron Valiant|Swords Dance|p1a: Iron Valiant\n|-boost|p1a: Iron Valiant|atk|2\n|cant|p2a: Cresselia|par\n|\n|upkeep\n|turn|14\n|\n|t:|1700228881\n|switch|p2a: Rillaboom|Rillaboom, F|100\/100\n|-fieldstart|move: Grassy Terrain|[from] ability: Grassy Surge|[of] p2a: Rillaboom\n|move|p1a: Iron Valiant|Swords Dance|p1a: Iron Valiant\n|-boost|p1a: Iron Valiant|atk|2\n|\n|upkeep\n|turn|15\n|\n|t:|1700228889\n|move|p2a: Rillaboom|Grassy Glide|p1a: Iron Valiant\n|-damage|p1a: Iron Valiant|36\/100\n|move|p1a: Iron Valiant|Close Combat|p2a: Rillaboom\n|-damage|p2a: Rillaboom|0 fnt\n|-unboost|p1a: Iron Valiant|def|1\n|-unboost|p1a: Iron Valiant|spd|1\n|faint|p2a: Rillaboom\n|\n|-heal|p1a: Iron Valiant|42\/100|[from] Grassy Terrain\n|upkeep\n|\n|t:|1700228898\n|switch|p2a: Zapdos|Zapdos, shiny|100\/100\n|turn|16\n|\n|t:|1700228904\n|move|p1a: Iron Valiant|Knock Off|p2a: Zapdos\n|-damage|p2a: Zapdos|25\/100\n|-status|p1a: Iron Valiant|par|[from] ability: Static|[of] p2a: Zapdos\n|-enditem|p2a: Zapdos|Heavy-Duty Boots|[from] move: Knock Off|[of] p1a: Iron Valiant\n|move|p2a: Zapdos|Hurricane|p1a: Iron Valiant\n|-supereffective|p1a: Iron Valiant\n|-damage|p1a: Iron Valiant|0 fnt\n|faint|p1a: Iron Valiant\n|-end|p1a: Iron Valiant|Quark Drive|[silent]\n|\n|upkeep\n|\n|t:|1700228910\n|switch|p1a: Serperior|Serperior, F, shiny, tera:Fire|100\/100\n|turn|17\n|\n|t:|1700228914\n|move|p1a: Serperior|Leaf Storm|p2a: Zapdos\n|-resisted|p2a: Zapdos\n|-damage|p2a: Zapdos|0 fnt\n|-boost|p1a: Serperior|spa|2\n|faint|p2a: Zapdos\n|\n|upkeep\n|\n|t:|1700228917\n|switch|p2a: Cresselia|Cresselia, F, tera:Poison|98\/100 par\n|turn|18\n|\n|t:|1700228921\n|move|p1a: Serperior|Leaf Storm|p2a: Cresselia\n|-resisted|p2a: Cresselia\n|-damage|p2a: Cresselia|66\/100 par\n|-boost|p1a: Serperior|spa|2\n|move|p2a: Cresselia|Calm Mind|p2a: Cresselia\n|-boost|p2a: Cresselia|spa|1\n|-boost|p2a: Cresselia|spd|1\n|\n|-fieldend|move: Grassy Terrain\n|upkeep\n|turn|19\n|\n|t:|1700228927\n|switch|p1a: Banette|Banette, M, shiny|100\/100\n|-item|p2a: Cresselia|Covert Cloak|[from] ability: Frisk|[of] p1a: Banette|[identify]\n|move|p2a: Cresselia|Calm Mind|p2a: Cresselia\n|-boost|p2a: Cresselia|spa|1\n|-boost|p2a: Cresselia|spd|1\n|\n|upkeep\n|turn|20\n|\n|t:|1700228935\n|detailschange|p1a: Banette|Banette-Mega, M, shiny\n|-mega|p1a: Banette|Banette|Banettite\n|move|p1a: Banette|Encore|p2a: Cresselia\n|-start|p2a: Cresselia|Encore\n|cant|p2a: Cresselia|par\n|\n|upkeep\n|turn|21\n|\n|t:|1700228942\n|switch|p2a: Mawile|Mawile, M|100\/100\n|-ability|p2a: Mawile|Intimidate|boost\n|-unboost|p1a: Banette|atk|1\n|move|p1a: Banette|Poltergeist|p2a: Mawile\n|-activate|p2a: Mawile|move: Poltergeist|Mawilite\n|-damage|p2a: Mawile|40\/100\n|\n|upkeep\n|turn|22\n|\n|t:|1700228955\n|switch|p1a: Great Tusk|Great Tusk|100\/100\n|-enditem|p1a: Great Tusk|Booster Energy\n|-activate|p1a: Great Tusk|ability: Protosynthesis|[fromitem]\n|-start|p1a: Great Tusk|protosynthesisspe\n|detailschange|p2a: Mawile|Mawile-Mega, M\n|-mega|p2a: Mawile|Mawile|Mawilite\n|move|p2a: Mawile|Play Rough|p1a: Great Tusk\n|-supereffective|p1a: Great Tusk\n|-damage|p1a: Great Tusk|0 fnt\n|faint|p1a: Great Tusk\n|-end|p1a: Great Tusk|Protosynthesis|[silent]\n|\n|upkeep\n|\n|t:|1700228967\n|switch|p1a: Serperior|Serperior, F, shiny, tera:Fire|100\/100\n|turn|23\n|\n|t:|1700228972\n|switch|p2a: Cresselia|Cresselia, F, tera:Poison|66\/100 par\n|move|p1a: Serperior|Hidden Power|p2a: Cresselia\n|-damage|p2a: Cresselia|55\/100 par\n|\n|upkeep\n|turn|24\n|\n|t:|1700228980\n|switch|p1a: Volcanion|Volcanion|10\/100\n|cant|p2a: Cresselia|par\n|\n|upkeep\n|turn|25\n|\n|t:|1700228985\n|move|p1a: Volcanion|Steam Eruption|p2a: Cresselia\n|-damage|p2a: Cresselia|27\/100 par\n|move|p2a: Cresselia|Moonlight|p2a: Cresselia\n|-heal|p2a: Cresselia|77\/100 par\n|\n|upkeep\n|turn|26\n|\n|t:|1700228997\n|move|p1a: Volcanion|Steam Eruption|p2a: Cresselia\n|-damage|p2a: Cresselia|47\/100 par\n|move|p2a: Cresselia|Calm Mind|p2a: Cresselia\n|-boost|p2a: Cresselia|spa|1\n|-boost|p2a: Cresselia|spd|1\n|\n|upkeep\n|turn|27\n|\n|t:|1700229009\n|move|p1a: Volcanion|Taunt|p2a: Cresselia\n|-start|p2a: Cresselia|move: Taunt\n|cant|p2a: Cresselia|move: Taunt|Moonlight\n|\n|upkeep\n|turn|28\n|\n|t:|1700229018\n|move|p1a: Volcanion|Steam Eruption|p2a: Cresselia\n|-damage|p2a: Cresselia|28\/100 par\n|move|p2a: Cresselia|Dazzling Gleam|p1a: Volcanion\n|-resisted|p1a: Volcanion\n|-damage|p1a: Volcanion|0 fnt\n|faint|p1a: Volcanion\n|\n|upkeep\n|\n|t:|1700229022\n|switch|p1a: Banette|Banette-Mega, M, shiny|100\/100\n|turn|29\n|\n|t:|1700229029\n|move|p1a: Banette|Poltergeist|p2a: Cresselia\n|-activate|p2a: Cresselia|move: Poltergeist|Covert Cloak\n|-damage|p2a: Cresselia|0 fnt\n|faint|p2a: Cresselia\n|\n|upkeep\n|\n|t:|1700229034\n|switch|p2a: Mawile|Mawile-Mega, M|40\/100\n|turn|30\n|\n|t:|1700229041\n|move|p1a: Banette|Destiny Bond|p1a: Banette\n|-singlemove|p1a: Banette|Destiny Bond\n|move|p2a: Mawile|Sucker Punch||[still]\n|-fail|p2a: Mawile\n|\n|upkeep\n|turn|31\n|\n|t:|1700229060\n|move|p1a: Banette|Encore|p2a: Mawile\n|-start|p2a: Mawile|Encore\n|move|p2a: Mawile|Sucker Punch||[still]\n|-fail|p2a: Mawile\n|\n|upkeep\n|turn|32\n|-message|wyhhhe forfeited.\n|\n|win|XYStarshone.\u661f\u8000\n|raw|XYStarshone.\u661f\u8000's rating: 1557 &rarr; <strong>1577<\/strong><br \/>(+20 for winning)\n|raw|wyhhhe's rating: 1559 &rarr; <strong>1539<\/strong><br \/>(-20 for losing)\n|l|\u2606wyhhhe\n","uploadtime":1700229091,"views":5,"p1id":"xystarshone","p2id":"wyhhhe","formatid":"gen9nationaldex","rating":1539,"private":0,"password":""}