{"id":"gen9nationaldex-1989259320","p1":"N3ROZ3RO","p2":"Oxxo_ntsm","format":"[Gen 9] National Dex","log":"|j|\u2606N3ROZ3RO\n|j|\u2606Oxxo_ntsm\n|t:|1699828988\n|gametype|singles\n|player|p1|N3ROZ3RO|fisherman-gen4|\n|player|p2|Oxxo_ntsm|hilbert-wonderlauncher|\n|teamsize|p1|6\n|teamsize|p2|6\n|gen|9\n|tier|[Gen 9] National Dex\n|rule|HP Percentage Mod: HP is shown in percentages\n|rule|Endless Battle Clause: Forcing endless battles is banned\n|rule|OHKO Clause: OHKO moves are banned\n|rule|Evasion Clause: Evasion abilities, items, and moves are banned\n|rule|Evasion Abilities Clause: Evasion abilities are banned\n|rule|Evasion Items Clause: Evasion items are banned\n|rule|Evasion Moves Clause: Evasion moves are banned\n|rule|Species Clause: Limit one of each Pok\u00e9mon\n|rule|Sleep Clause Mod: Limit one foe put to sleep\n|clearpoke\n|poke|p1|Pelipper, M|\n|poke|p1|Swampert, M|\n|poke|p1|Barraskewda, F|\n|poke|p1|Kingdra, M|\n|poke|p1|Ludicolo, F|\n|poke|p1|Politoed, F|\n|poke|p2|Charizard, M|\n|poke|p2|Volcarona, F|\n|poke|p2|Victini|\n|poke|p2|Ceruledge, M|\n|poke|p2|Chandelure, F|\n|poke|p2|Flareon, M|\n|teampreview\n|inactive|Battle timer is ON: inactive players will automatically lose when time's up. (requested by Oxxo_ntsm)\n|j| Jor99fran\n|c| Jor99fran|hola\n|c|\u2606Oxxo_ntsm|Buena suerte\n|\n|t:|1699829006\n|start\n|switch|p1a: Politoed|Politoed, F|100\/100\n|switch|p2a: Vic|Victini|100\/100\n|-weather|RainDance|[from] ability: Drizzle|[of] p1a: Politoed\n|turn|1\n|c| Jor99fran|oxxo no me robes al chandelure\n|c|\u2606Oxxo_ntsm|Ya lo usaba antes que tu xd\n|\n|t:|1699829025\n|switch|p1a: Swampert|Swampert, M|100\/100\n|-terastallize|p2a: Vic|Electric\n|move|p2a: Vic|Fusion Bolt|p1a: Swampert\n|-immune|p1a: Swampert\n|\n|-weather|RainDance|[upkeep]\n|upkeep\n|turn|2\n|c| Jor99fran|xd\n|\n|t:|1699829045\n|switch|p2a: Destripachorizo|Charizard, M, shiny|100\/100\n|detailschange|p1a: Swampert|Swampert-Mega, M\n|-mega|p1a: Swampert|Swampert|Swampertite\n|move|p1a: Swampert|Waterfall|p2a: Destripachorizo\n|-supereffective|p2a: Destripachorizo\n|-damage|p2a: Destripachorizo|0 fnt\n|faint|p2a: Destripachorizo\n|\n|-weather|RainDance|[upkeep]\n|upkeep\n|c| Jor99fran|pendejo no dura nada\n|inactive|Oxxo_ntsm has 270 seconds left.\n|c|\u2606Oxxo_ntsm|Y se fue mi unica oportunidad de hanar xd\n|c| Jor99fran|ganar*\n|\n|t:|1699829081\n|switch|p2a: Nacho|Flareon, M|100\/100\n|turn|3\n|c| Jor99fran|denada NERO\n|c| Jor99fran|poe recomendarte a kingdra\n|\n|t:|1699829100\n|move|p1a: Swampert|Earthquake|p2a: Nacho\n|-supereffective|p2a: Nacho\n|-damage|p2a: Nacho|0 fnt\n|faint|p2a: Nacho\n|\n|-weather|RainDance|[upkeep]\n|upkeep\n|c| Jor99fran|xd\n|c| Jor99fran|por*\n|inactive|Oxxo_ntsm has 240 seconds left.\n|\n|t:|1699829110\n|switch|p2a: Mothra|Volcarona, F|100\/100\n|turn|4\n|\n|t:|1699829120\n|move|p1a: Swampert|Waterfall|p2a: Mothra\n|-supereffective|p2a: Mothra\n|-damage|p2a: Mothra|0 fnt\n|-status|p1a: Swampert|brn|[from] ability: Flame Body|[of] p2a: Mothra\n|faint|p2a: Mothra\n|\n|-weather|RainDance|[upkeep]\n|-damage|p1a: Swampert|94\/100 brn|[from] brn\n|upkeep\n|inactive|Oxxo_ntsm has 240 seconds left.\n|\n|t:|1699829132\n|switch|p2a: Anakin|Ceruledge, M|100\/100\n|turn|5\n|\n|t:|1699829137\n|move|p1a: Swampert|Waterfall|p2a: Anakin\n|-supereffective|p2a: Anakin\n|-crit|p2a: Anakin\n|-damage|p2a: Anakin|0 fnt\n|faint|p2a: Anakin\n|\n|-weather|RainDance|[upkeep]\n|-damage|p1a: Swampert|88\/100 brn|[from] brn\n|upkeep\n|c|\u2606Oxxo_ntsm|gg\n|inactive|Oxxo_ntsm has 240 seconds left.\n|c|\u2606Oxxo_ntsm|Esta ya no gano xd\n|\n|t:|1699829150\n|switch|p2a: Shin Chan|Chandelure, F|100\/100\n|turn|6\n|\n|t:|1699829154\n|move|p1a: Swampert|Flip Turn|p2a: Shin Chan\n|-supereffective|p2a: Shin Chan\n|-damage|p2a: Shin Chan|28\/100\n|\n|t:|1699829162\n|switch|p1a: Ludicolo|Ludicolo, F|100\/100|[from] Flip Turn\n|move|p2a: Shin Chan|Shadow Ball|p1a: Ludicolo\n|-damage|p1a: Ludicolo|42\/100\n|\n|-weather|RainDance|[upkeep]\n|-heal|p2a: Shin Chan|34\/100|[from] item: Leftovers\n|upkeep\n|turn|7\n|\n|t:|1699829174\n|-terastallize|p1a: Ludicolo|Water\n|move|p1a: Ludicolo|Scald|p2a: Shin Chan\n|-supereffective|p2a: Shin Chan\n|-damage|p2a: Shin Chan|0 fnt\n|faint|p2a: Shin Chan\n|-damage|p1a: Ludicolo|32\/100|[from] item: Life Orb\n|\n|-weather|RainDance|[upkeep]\n|upkeep\n|\n|t:|1699829184\n|switch|p2a: Vic|Victini, tera:Electric|100\/100\n|turn|8\n|\n|t:|1699829188\n|switch|p1a: Swampert|Swampert-Mega, M|88\/100 brn\n|move|p2a: Vic|Zen Headbutt|p1a: Swampert\n|-damage|p1a: Swampert|54\/100 brn\n|\n|-weather|none\n|-damage|p1a: Swampert|47\/100 brn|[from] brn\n|upkeep\n|turn|9\n|inactive|Oxxo_ntsm has 270 seconds left.\n|\n|t:|1699829196\n|move|p2a: Vic|Zen Headbutt|p1a: Swampert\n|-damage|p1a: Swampert|11\/100 brn\n|cant|p1a: Swampert|flinch\n|\n|-damage|p1a: Swampert|5\/100 brn|[from] brn\n|upkeep\n|turn|10\n|\n|t:|1699829204\n|switch|p1a: Pelipper|Pelipper, M|100\/100\n|-weather|RainDance|[from] ability: Drizzle|[of] p1a: Pelipper\n|move|p2a: Vic|Zen Headbutt|p1a: Pelipper\n|-damage|p1a: Pelipper|73\/100\n|\n|-weather|RainDance|[upkeep]\n|upkeep\n|turn|11\n|\n|t:|1699829218\n|switch|p1a: Kingdra|Kingdra, M|100\/100\n|move|p2a: Vic|Zen Headbutt|p1a: Kingdra\n|-damage|p1a: Kingdra|54\/100\n|\n|-weather|RainDance|[upkeep]\n|upkeep\n|turn|12\n|\n|t:|1699829228\n|move|p1a: Kingdra|Draco Meteor|p2a: Vic\n|-damage|p2a: Vic|48\/100\n|-unboost|p1a: Kingdra|spa|2\n|move|p2a: Vic|Zen Headbutt|p1a: Kingdra\n|-damage|p1a: Kingdra|8\/100\n|\n|-weather|RainDance|[upkeep]\n|upkeep\n|turn|13\n|\n|t:|1699829244\n|switch|p1a: Politoed|Politoed, F|100\/100\n|move|p2a: Vic|Zen Headbutt|p1a: Politoed\n|-damage|p1a: Politoed|69\/100\n|\n|-weather|RainDance|[upkeep]\n|upkeep\n|turn|14\n|\n|t:|1699829251\n|move|p2a: Vic|Fusion Bolt|p1a: Politoed\n|-supereffective|p1a: Politoed\n|-damage|p1a: Politoed|0 fnt\n|faint|p1a: Politoed\n|\n|-weather|none\n|upkeep\n|\n|t:|1699829259\n|switch|p1a: Pelipper|Pelipper, M|73\/100\n|-weather|RainDance|[from] ability: Drizzle|[of] p1a: Pelipper\n|turn|15\n|\n|t:|1699829263\n|switch|p1a: Kingdra|Kingdra, M|8\/100\n|move|p2a: Vic|Fusion Bolt|p1a: Kingdra\n|-damage|p1a: Kingdra|0 fnt\n|faint|p1a: Kingdra\n|\n|-weather|RainDance|[upkeep]\n|upkeep\n|\n|t:|1699829268\n|switch|p1a: Swampert|Swampert-Mega, M|5\/100 brn\n|turn|16\n|c| Jor99fran|ojo\n|\n|t:|1699829274\n|move|p1a: Swampert|Earthquake|p2a: Vic\n|-supereffective|p2a: Vic\n|-damage|p2a: Vic|0 fnt\n|faint|p2a: Vic\n|\n|win|N3ROZ3RO\n|c| Jor99fran|remontada?\n|c| Jor99fran|a\n|c| Jor99fran|F\n|c|\u2606Oxxo_ntsm|gg\n|l|\u2606Oxxo_ntsm\n|l| Jor99fran\n","uploadtime":1699829281,"views":9,"p1id":"n3roz3ro","p2id":"oxxontsm","formatid":"gen9nationaldex","rating":0,"private":0,"password":""}