{"id":"gen9nationaldex-1986966421","p1":"Syxt_Ofishal","p2":"EvelynIsBased","format":"[Gen 9] National Dex","log":"|j|\u2606Syxt_Ofishal\n|j|\u2606EvelynIsBased\n|t:|1699545123\n|gametype|singles\n|player|p1|Syxt_Ofishal|beauty|1181\n|player|p2|EvelynIsBased|guitarist|1174\n|teamsize|p1|6\n|teamsize|p2|6\n|gen|9\n|tier|[Gen 9] National Dex\n|rated|\n|rule|HP Percentage Mod: HP is shown in percentages\n|rule|Endless Battle Clause: Forcing endless battles is banned\n|rule|OHKO Clause: OHKO moves are banned\n|rule|Evasion Clause: Evasion abilities, items, and moves are banned\n|rule|Evasion Abilities Clause: Evasion abilities are banned\n|rule|Evasion Items Clause: Evasion items are banned\n|rule|Evasion Moves Clause: Evasion moves are banned\n|rule|Species Clause: Limit one of each Pok\u00e9mon\n|rule|Sleep Clause Mod: Limit one foe put to sleep\n|clearpoke\n|poke|p1|Banette, F|\n|poke|p1|Sneasler, F|\n|poke|p1|Ursaluna-Bloodmoon, M|\n|poke|p1|Ogerpon-Wellspring, F|\n|poke|p1|Aegislash, M|\n|poke|p1|Baxcalibur, M|\n|poke|p2|Hippowdon, M|\n|poke|p2|Bisharp, M|\n|poke|p2|Aegislash, M|\n|poke|p2|Great Tusk|\n|poke|p2|Greninja-*, M|\n|poke|p2|Gliscor, F|\n|teampreview\n|inactive|Battle timer is ON: inactive players will automatically lose when time's up. (requested by Syxt_Ofishal)\n|\n|t:|1699545132\n|start\n|switch|p1a: Ogerpon|Ogerpon-Wellspring, F|100\/100\n|switch|p2a: Hippowdon|Hippowdon, M|100\/100\n|turn|1\n|\n|t:|1699545136\n|move|p1a: Ogerpon|Swords Dance|p1a: Ogerpon\n|-boost|p1a: Ogerpon|atk|2\n|move|p2a: Hippowdon|Stealth Rock|p1a: Ogerpon\n|-sidestart|p1: Syxt_Ofishal|move: Stealth Rock\n|\n|upkeep\n|turn|2\n|\n|t:|1699545140\n|move|p1a: Ogerpon|Ivy Cudgel|p2a: Hippowdon\n|-supereffective|p2a: Hippowdon\n|-crit|p2a: Hippowdon\n|-damage|p2a: Hippowdon|0 fnt\n|faint|p2a: Hippowdon\n|\n|upkeep\n|\n|t:|1699545146\n|switch|p2a: Great Tusk|Great Tusk|100\/100\n|turn|3\n|\n|t:|1699545151\n|-terastallize|p2a: Great Tusk|Ghost\n|move|p1a: Ogerpon|Ivy Cudgel|p2a: Great Tusk\n|-damage|p2a: Great Tusk|47\/100\n|move|p2a: Great Tusk|Roar|p1a: Ogerpon\n|drag|p1a: Banette|Banette, F|100\/100\n|-damage|p1a: Banette|88\/100|[from] Stealth Rock\n|-item|p2a: Great Tusk|Leftovers|[from] ability: Frisk|[of] p1a: Banette|[identify]\n|\n|-heal|p2a: Great Tusk|53\/100|[from] item: Leftovers\n|upkeep\n|turn|4\n|\n|t:|1699545167\n|-end|p2a: Great Tusk|Protosynthesis|[silent]\n|switch|p2a: Bisharp|Bisharp, M|100\/100\n|detailschange|p1a: Banette|Banette-Mega, F\n|-mega|p1a: Banette|Banette|Banettite\n|move|p1a: Banette|Poltergeist|p2a: Bisharp\n|-activate|p2a: Bisharp|move: Poltergeist|Assault Vest\n|-resisted|p2a: Bisharp\n|-damage|p2a: Bisharp|58\/100\n|\n|upkeep\n|turn|5\n|\n|t:|1699545173\n|move|p1a: Banette|Swords Dance|p1a: Banette\n|-boost|p1a: Banette|atk|2\n|move|p2a: Bisharp|Knock Off|p1a: Banette\n|-supereffective|p1a: Banette\n|-damage|p1a: Banette|0 fnt\n|faint|p1a: Banette\n|\n|upkeep\n|\n|t:|1699545179\n|switch|p1a: Aegislash|Aegislash, M|100\/100\n|-damage|p1a: Aegislash|94\/100|[from] Stealth Rock\n|turn|6\n|\n|t:|1699545187\n|switch|p2a: Gliscor|Gliscor, F|100\/100\n|-formechange|p1a: Aegislash|Aegislash-Blade||[from] ability: Stance Change\n|move|p1a: Aegislash|Sacred Sword|p2a: Gliscor\n|-resisted|p2a: Gliscor\n|-damage|p2a: Gliscor|85\/100\n|\n|-heal|p1a: Aegislash|100\/100|[from] item: Leftovers\n|-status|p2a: Gliscor|tox|[from] item: Toxic Orb\n|upkeep\n|turn|7\n|\n|t:|1699545201\n|switch|p1a: Baxcalibur|Baxcalibur, M|100\/100\n|-damage|p1a: Baxcalibur|76\/100|[from] Stealth Rock\n|move|p2a: Gliscor|Spikes|p1a: Baxcalibur\n|-sidestart|p1: Syxt_Ofishal|Spikes\n|\n|-heal|p2a: Gliscor|98\/100 tox|[from] ability: Poison Heal\n|upkeep\n|turn|8\n|\n|t:|1699545213\n|move|p1a: Baxcalibur|Dragon Dance|p1a: Baxcalibur\n|-boost|p1a: Baxcalibur|atk|1\n|-boost|p1a: Baxcalibur|spe|1\n|move|p2a: Gliscor|Spikes|p1a: Baxcalibur\n|-sidestart|p1: Syxt_Ofishal|Spikes\n|\n|-heal|p2a: Gliscor|100\/100 tox|[from] ability: Poison Heal\n|upkeep\n|turn|9\n|\n|t:|1699545216\n|move|p1a: Baxcalibur|Icicle Spear|p2a: Gliscor\n|-supereffective|p2a: Gliscor\n|-damage|p2a: Gliscor|23\/100 tox\n|-supereffective|p2a: Gliscor\n|-damage|p2a: Gliscor|0 fnt\n|faint|p2a: Gliscor\n|-hitcount|p2: Gliscor|2\n|\n|upkeep\n|\n|t:|1699545223\n|switch|p2a: Aegislash|Aegislash, M|100\/100\n|-item|p2a: Aegislash|Air Balloon\n|turn|10\n|\n|t:|1699545232\n|switch|p1a: Ursaluna|Ursaluna-Bloodmoon, M|100\/100\n|-damage|p1a: Ursaluna|94\/100|[from] Stealth Rock\n|-damage|p1a: Ursaluna|78\/100|[from] Spikes\n|-formechange|p2a: Aegislash|Aegislash-Blade||[from] ability: Stance Change\n|move|p2a: Aegislash|Gyro Ball|p1a: Ursaluna\n|-damage|p1a: Ursaluna|65\/100\n|\n|-heal|p1a: Ursaluna|71\/100|[from] item: Leftovers\n|upkeep\n|turn|11\n|\n|t:|1699545241\n|move|p1a: Ursaluna|Earth Power|p2a: Aegislash\n|-immune|p2a: Aegislash\n|move|p2a: Aegislash|Close Combat|p1a: Ursaluna\n|-supereffective|p1a: Ursaluna\n|-damage|p1a: Ursaluna|5\/100\n|-unboost|p2a: Aegislash|def|1\n|-unboost|p2a: Aegislash|spd|1\n|\n|-heal|p1a: Ursaluna|11\/100|[from] item: Leftovers\n|upkeep\n|turn|12\n|\n|t:|1699545254\n|switch|p1a: Ogerpon|Ogerpon-Wellspring, F|100\/100\n|-damage|p1a: Ogerpon|88\/100|[from] Stealth Rock\n|-damage|p1a: Ogerpon|72\/100|[from] Spikes\n|-formechange|p2a: Aegislash|Aegislash||[from] ability: Stance Change\n|move|p2a: Aegislash|King's Shield||[still]\n|-fail|p2a: Aegislash\n|\n|upkeep\n|turn|13\n|\n|t:|1699545261\n|move|p1a: Ogerpon|Spiky Shield|p1a: Ogerpon\n|-singleturn|p1a: Ogerpon|move: Protect\n|-formechange|p2a: Aegislash|Aegislash-Blade||[from] ability: Stance Change\n|move|p2a: Aegislash|Gyro Ball|p1a: Ogerpon\n|-activate|p1a: Ogerpon|move: Protect\n|-damage|p2a: Aegislash|88\/100|[from] Spiky Shield|[of] p1a: Ogerpon\n|\n|upkeep\n|turn|14\n|\n|t:|1699545274\n|-terastallize|p1a: Ogerpon|Water\n|detailschange|p1a: Ogerpon|Ogerpon-Wellspring-Tera, F, tera:Water\n|-ability|p1a: Ogerpon|Embody Aspect (Wellspring)|boost\n|-boost|p1a: Ogerpon|spd|1\n|move|p2a: Aegislash|Shadow Sneak|p1a: Ogerpon\n|-damage|p1a: Ogerpon|39\/100\n|move|p1a: Ogerpon|Ivy Cudgel|p2a: Aegislash\n|-damage|p2a: Aegislash|0 fnt\n|-enditem|p2a: Aegislash|Air Balloon\n|faint|p2a: Aegislash\n|\n|upkeep\n|\n|t:|1699545289\n|switch|p2a: Bisharp|Bisharp, M|58\/100\n|turn|15\n|\n|t:|1699545292\n|move|p2a: Bisharp|Sucker Punch|p1a: Ogerpon\n|-damage|p1a: Ogerpon|0 fnt\n|faint|p1a: Ogerpon\n|\n|upkeep\n|\n|t:|1699545295\n|switch|p1a: Sneasler|Sneasler, F, shiny|100\/100\n|-damage|p1a: Sneasler|95\/100|[from] Stealth Rock\n|-damage|p1a: Sneasler|78\/100|[from] Spikes\n|turn|16\n|\n|t:|1699545302\n|switch|p2a: Great Tusk|Great Tusk, tera:Ghost|53\/100\n|move|p1a: Sneasler|Dire Claw|p2a: Great Tusk\n|-resisted|p2a: Great Tusk\n|-damage|p2a: Great Tusk|41\/100\n|\n|-heal|p2a: Great Tusk|47\/100|[from] item: Leftovers\n|upkeep\n|turn|17\n|\n|t:|1699545310\n|move|p1a: Sneasler|Dire Claw|p2a: Great Tusk\n|-resisted|p2a: Great Tusk\n|-damage|p2a: Great Tusk|36\/100\n|move|p2a: Great Tusk|Roar|p1a: Sneasler\n|drag|p1a: Baxcalibur|Baxcalibur, M|76\/100\n|-damage|p1a: Baxcalibur|51\/100|[from] Stealth Rock\n|-damage|p1a: Baxcalibur|34\/100|[from] Spikes\n|\n|-heal|p2a: Great Tusk|42\/100|[from] item: Leftovers\n|upkeep\n|turn|18\n|\n|t:|1699545325\n|move|p1a: Baxcalibur|Icicle Spear|p2a: Great Tusk\n|-damage|p2a: Great Tusk|35\/100\n|-damage|p2a: Great Tusk|28\/100\n|-damage|p2a: Great Tusk|21\/100\n|-damage|p2a: Great Tusk|13\/100\n|-damage|p2a: Great Tusk|6\/100\n|-hitcount|p2a: Great Tusk|5\n|move|p2a: Great Tusk|Roar|p1a: Baxcalibur\n|drag|p1a: Sneasler|Sneasler, F, shiny|78\/100\n|-damage|p1a: Sneasler|72\/100|[from] Stealth Rock\n|-damage|p1a: Sneasler|55\/100|[from] Spikes\n|\n|-heal|p2a: Great Tusk|12\/100|[from] item: Leftovers\n|upkeep\n|turn|19\n|\n|t:|1699545346\n|move|p1a: Sneasler|Acrobatics|p2a: Great Tusk\n|-damage|p2a: Great Tusk|2\/100\n|move|p2a: Great Tusk|Roar|p1a: Sneasler\n|drag|p1a: Ursaluna|Ursaluna-Bloodmoon, M|11\/100\n|-damage|p1a: Ursaluna|5\/100|[from] Stealth Rock\n|-damage|p1a: Ursaluna|0 fnt|[from] Spikes\n|faint|p1a: Ursaluna\n|\n|-heal|p2a: Great Tusk|8\/100|[from] item: Leftovers\n|upkeep\n|\n|t:|1699545356\n|switch|p1a: Baxcalibur|Baxcalibur, M|34\/100\n|-damage|p1a: Baxcalibur|10\/100|[from] Stealth Rock\n|-damage|p1a: Baxcalibur|0 fnt|[from] Spikes\n|faint|p1a: Baxcalibur\n|\n|t:|1699545359\n|switch|p1a: Aegislash|Aegislash, M|100\/100\n|-damage|p1a: Aegislash|94\/100|[from] Stealth Rock\n|-damage|p1a: Aegislash|78\/100|[from] Spikes\n|turn|20\n|\n|t:|1699545368\n|move|p2a: Great Tusk|Knock Off|p1a: Aegislash\n|-supereffective|p1a: Aegislash\n|-damage|p1a: Aegislash|30\/100\n|-enditem|p1a: Aegislash|Leftovers|[from] move: Knock Off|[of] p2a: Great Tusk\n|-formechange|p1a: Aegislash|Aegislash-Blade||[from] ability: Stance Change\n|move|p1a: Aegislash|Iron Head|p2a: Great Tusk\n|-damage|p2a: Great Tusk|0 fnt\n|faint|p2a: Great Tusk\n|-end|p2a: Great Tusk|Protosynthesis|[silent]\n|\n|upkeep\n|\n|t:|1699545378\n|switch|p2a: Greninja|Greninja, M|100\/100\n|turn|21\n|\n|t:|1699545381\n|-formechange|p1a: Aegislash|Aegislash||[from] ability: Stance Change\n|move|p1a: Aegislash|King's Shield|p1a: Aegislash\n|-singleturn|p1a: Aegislash|Protect\n|move|p2a: Greninja|Dark Pulse|p1a: Aegislash\n|-activate|p1a: Aegislash|move: Protect\n|\n|upkeep\n|turn|22\n|\n|t:|1699545388\n|move|p2a: Greninja|Dark Pulse|p1a: Aegislash\n|-supereffective|p1a: Aegislash\n|-damage|p1a: Aegislash|0 fnt\n|faint|p1a: Aegislash\n|-ability|p2a: Greninja|Battle Bond|boost\n|-boost|p2a: Greninja|atk|1\n|-boost|p2a: Greninja|spa|1\n|-boost|p2a: Greninja|spe|1\n|-activate|p2a: Greninja|ability: Battle Bond\n|\n|upkeep\n|\n|t:|1699545391\n|switch|p1a: Sneasler|Sneasler, F, shiny|55\/100\n|-damage|p1a: Sneasler|49\/100|[from] Stealth Rock\n|-damage|p1a: Sneasler|33\/100|[from] Spikes\n|turn|23\n|\n|t:|1699545398\n|move|p1a: Sneasler|Fake Out|p2a: Greninja\n|-enditem|p1a: Sneasler|Normal Gem|[from] gem\n|-damage|p2a: Greninja|69\/100\n|cant|p2a: Greninja|flinch\n|\n|upkeep\n|turn|24\n|\n|t:|1699545405\n|move|p1a: Sneasler|Close Combat|p2a: Greninja\n|-supereffective|p2a: Greninja\n|-damage|p2a: Greninja|0 fnt\n|-unboost|p1a: Sneasler|def|1\n|-unboost|p1a: Sneasler|spd|1\n|faint|p2a: Greninja\n|\n|upkeep\n|\n|t:|1699545408\n|switch|p2a: Bisharp|Bisharp, M|58\/100\n|turn|25\n|\n|t:|1699545410\n|move|p2a: Bisharp|Sucker Punch|p1a: Sneasler\n|-resisted|p1a: Sneasler\n|-damage|p1a: Sneasler|0 fnt\n|faint|p1a: Sneasler\n|\n|win|EvelynIsBased\n|raw|Syxt_Ofishal's rating: 1181 &rarr; <strong>1155<\/strong><br \/>(-26 for losing)\n|raw|EvelynIsBased's rating: 1174 &rarr; <strong>1200<\/strong><br \/>(+26 for winning)\n","uploadtime":1699545413,"views":4,"p1id":"syxtofishal","p2id":"evelynisbased","formatid":"gen9nationaldex","rating":1155,"private":0,"password":""}