{"id":"gen9nationaldex-1993640270","p1":"MrLukis","p2":"Torrente777","format":"[Gen 9] National Dex","log":"|j|\u2606MrLukis\n|j|\u2606Torrente777\n|t:|1700340468\n|gametype|singles\n|player|p1|MrLukis|hugh|\n|player|p2|Torrente777|biker-gen4|\n|teamsize|p1|6\n|teamsize|p2|6\n|gen|9\n|tier|[Gen 9] National Dex\n|rule|HP Percentage Mod: HP is shown in percentages\n|rule|Endless Battle Clause: Forcing endless battles is banned\n|rule|OHKO Clause: OHKO moves are banned\n|rule|Evasion Clause: Evasion abilities, items, and moves are banned\n|rule|Evasion Abilities Clause: Evasion abilities are banned\n|rule|Evasion Items Clause: Evasion items are banned\n|rule|Evasion Moves Clause: Evasion moves are banned\n|rule|Species Clause: Limit one of each Pok\u00e9mon\n|rule|Sleep Clause Mod: Limit one foe put to sleep\n|clearpoke\n|poke|p1|Typhlosion, M|\n|poke|p1|Ampharos, M|\n|poke|p1|Alomomola, F|\n|poke|p1|Gliscor, M|\n|poke|p1|Sliggoo-Hisui, M|\n|poke|p1|Ferrothorn, M|\n|poke|p2|Sableye, M|\n|poke|p2|Garchomp, F|\n|poke|p2|Iron Hands|\n|poke|p2|Araquanid, M|\n|poke|p2|Slowking-Galar, M|\n|poke|p2|Cloyster, F|\n|teampreview\n|inactive|Battle timer is ON: inactive players will automatically lose when time's up. (requested by MrLukis)\n|inactive|MrLukis has 270 seconds left.\n|\n|t:|1700340507\n|start\n|switch|p1a: Chocoflakes|Ferrothorn, M, shiny|100\/100\n|switch|p2a: Araquanid|Araquanid, M|100\/100\n|turn|1\n|\n|t:|1700340521\n|move|p2a: Araquanid|Sticky Web|p1a: Chocoflakes\n|-sidestart|p1: MrLukis|move: Sticky Web\n|move|p1a: Chocoflakes|Stealth Rock|p2a: Araquanid\n|-sidestart|p2: Torrente777|move: Stealth Rock\n|\n|upkeep\n|turn|2\n|\n|t:|1700340535\n|switch|p2a: Sableye|Sableye, M|100\/100\n|-damage|p2a: Sableye|88\/100|[from] Stealth Rock\n|move|p1a: Chocoflakes|Spikes|p2a: Sableye\n|-sidestart|p2: Torrente777|Spikes\n|\n|-heal|p2a: Sableye|94\/100|[from] item: Leftovers\n|upkeep\n|turn|3\n|\n|t:|1700340546\n|move|p2a: Sableye|Will-O-Wisp|p1a: Chocoflakes\n|-status|p1a: Chocoflakes|brn\n|move|p1a: Chocoflakes|Toxic|p2a: Sableye\n|-status|p2a: Sableye|tox\n|\n|-heal|p2a: Sableye|100\/100 tox|[from] item: Leftovers\n|-damage|p2a: Sableye|94\/100 tox|[from] psn\n|-damage|p1a: Chocoflakes|95\/100 brn|[from] brn\n|upkeep\n|turn|4\n|\n|t:|1700340555\n|move|p2a: Sableye|Light Screen|p2a: Sableye\n|-sidestart|p2: Torrente777|move: Light Screen\n|move|p1a: Chocoflakes|Spikes|p2a: Sableye\n|-sidestart|p2: Torrente777|Spikes\n|\n|-heal|p2a: Sableye|100\/100 tox|[from] item: Leftovers\n|-heal|p1a: Chocoflakes|100\/100 brn|[from] item: Leftovers\n|-damage|p2a: Sableye|88\/100 tox|[from] psn\n|-damage|p1a: Chocoflakes|95\/100 brn|[from] brn\n|upkeep\n|turn|5\n|\n|t:|1700340565\n|switch|p2a: Slowking|Slowking-Galar, M|100\/100\n|-damage|p2a: Slowking|88\/100|[from] Stealth Rock\n|-damage|p2a: Slowking|72\/100|[from] Spikes\n|move|p1a: Chocoflakes|Spikes|p2a: Slowking\n|-sidestart|p2: Torrente777|Spikes\n|\n|-heal|p1a: Chocoflakes|100\/100 brn|[from] item: Leftovers\n|-damage|p1a: Chocoflakes|95\/100 brn|[from] brn\n|upkeep\n|turn|6\n|\n|t:|1700340586\n|switch|p1a: Pok\u00e9mon que mola|Alomomola, F, shiny|100\/100\n|-activate|p1a: Pok\u00e9mon que mola|move: Sticky Web\n|-unboost|p1a: Pok\u00e9mon que mola|spe|1\n|-terastallize|p2a: Slowking|Fire\n|move|p2a: Slowking|Flamethrower|p1a: Pok\u00e9mon que mola\n|-resisted|p1a: Pok\u00e9mon que mola\n|-damage|p1a: Pok\u00e9mon que mola|79\/100\n|-status|p1a: Pok\u00e9mon que mola|brn\n|\n|-heal|p1a: Pok\u00e9mon que mola|85\/100 brn|[from] item: Leftovers\n|-damage|p1a: Pok\u00e9mon que mola|79\/100 brn|[from] brn\n|upkeep\n|turn|7\n|\n|t:|1700340604\n|switch|p2a: Cloyster|Cloyster, F|100\/100\n|-damage|p2a: Cloyster|76\/100|[from] Stealth Rock\n|-damage|p2a: Cloyster|51\/100|[from] Spikes\n|move|p1a: Pok\u00e9mon que mola|Waterfall|p2a: Cloyster\n|-resisted|p2a: Cloyster\n|-damage|p2a: Cloyster|47\/100\n|\n|-heal|p1a: Pok\u00e9mon que mola|85\/100 brn|[from] item: Leftovers\n|-damage|p1a: Pok\u00e9mon que mola|79\/100 brn|[from] brn\n|upkeep\n|turn|8\n|\n|t:|1700340615\n|move|p2a: Cloyster|Shell Smash|p2a: Cloyster\n|-unboost|p2a: Cloyster|def|1\n|-unboost|p2a: Cloyster|spd|1\n|-boost|p2a: Cloyster|atk|2\n|-boost|p2a: Cloyster|spa|2\n|-boost|p2a: Cloyster|spe|2\n|move|p1a: Pok\u00e9mon que mola|Wish|p1a: Pok\u00e9mon que mola\n|\n|-heal|p1a: Pok\u00e9mon que mola|85\/100 brn|[from] item: Leftovers\n|-damage|p1a: Pok\u00e9mon que mola|79\/100 brn|[from] brn\n|-sideend|p2: Torrente777|move: Light Screen\n|upkeep\n|turn|9\n|\n|t:|1700340626\n|move|p2a: Cloyster|Shell Smash|p2a: Cloyster\n|-unboost|p2a: Cloyster|def|1\n|-unboost|p2a: Cloyster|spd|1\n|-boost|p2a: Cloyster|atk|2\n|-boost|p2a: Cloyster|spa|2\n|-boost|p2a: Cloyster|spe|2\n|move|p1a: Pok\u00e9mon que mola|Flip Turn|p2a: Cloyster\n|-resisted|p2a: Cloyster\n|-crit|p2a: Cloyster\n|-damage|p2a: Cloyster|37\/100\n|\n|t:|1700340638\n|switch|p1a: Dise\u00f1o Ins\u00edpido|Typhlosion, M|100\/100|[from] Flip Turn\n|-activate|p1a: Dise\u00f1o Ins\u00edpido|move: Sticky Web\n|-unboost|p1a: Dise\u00f1o Ins\u00edpido|spe|1\n|\n|upkeep\n|turn|10\n|\n|t:|1700340646\n|move|p2a: Cloyster|Poison Jab|p1a: Dise\u00f1o Ins\u00edpido\n|-damage|p1a: Dise\u00f1o Ins\u00edpido|8\/100\n|move|p1a: Dise\u00f1o Ins\u00edpido|Eruption|p2a: Cloyster\n|-damage|p2a: Cloyster|8\/100\n|\n|upkeep\n|turn|11\n|\n|t:|1700340656\n|switch|p1a: Pok\u00e9mon que mola|Alomomola, F, shiny|100\/100 brn\n|-activate|p1a: Pok\u00e9mon que mola|move: Sticky Web\n|-unboost|p1a: Pok\u00e9mon que mola|spe|1\n|move|p2a: Cloyster|Poison Jab|p1a: Pok\u00e9mon que mola\n|-damage|p1a: Pok\u00e9mon que mola|68\/100 brn\n|\n|-heal|p1a: Pok\u00e9mon que mola|74\/100 brn|[from] item: Leftovers\n|-damage|p1a: Pok\u00e9mon que mola|68\/100 brn|[from] brn\n|upkeep\n|turn|12\n|\n|t:|1700340667\n|move|p2a: Cloyster|Icicle Spear|p1a: Pok\u00e9mon que mola\n|-resisted|p1a: Pok\u00e9mon que mola\n|-damage|p1a: Pok\u00e9mon que mola|59\/100 brn\n|-resisted|p1a: Pok\u00e9mon que mola\n|-damage|p1a: Pok\u00e9mon que mola|50\/100 brn\n|-resisted|p1a: Pok\u00e9mon que mola\n|-damage|p1a: Pok\u00e9mon que mola|42\/100 brn\n|-resisted|p1a: Pok\u00e9mon que mola\n|-damage|p1a: Pok\u00e9mon que mola|33\/100 brn\n|-resisted|p1a: Pok\u00e9mon que mola\n|-damage|p1a: Pok\u00e9mon que mola|24\/100 brn\n|-hitcount|p1a: Pok\u00e9mon que mola|5\n|move|p1a: Pok\u00e9mon que mola|Wish|p1a: Pok\u00e9mon que mola\n|\n|-heal|p1a: Pok\u00e9mon que mola|30\/100 brn|[from] item: Leftovers\n|-damage|p1a: Pok\u00e9mon que mola|24\/100 brn|[from] brn\n|upkeep\n|turn|13\n|\n|t:|1700340683\n|move|p1a: Pok\u00e9mon que mola|Protect|p1a: Pok\u00e9mon que mola\n|-singleturn|p1a: Pok\u00e9mon que mola|Protect\n|move|p2a: Cloyster|Explosion|p1a: Pok\u00e9mon que mola\n|-activate|p1a: Pok\u00e9mon que mola|move: Protect\n|faint|p2a: Cloyster\n|\n|-heal|p1a: Pok\u00e9mon que mola|74\/100 brn|[from] move: Wish|[wisher] Pok\u00e9mon que mola\n|-heal|p1a: Pok\u00e9mon que mola|80\/100 brn|[from] item: Leftovers\n|-damage|p1a: Pok\u00e9mon que mola|74\/100 brn|[from] brn\n|upkeep\n|inactive|Torrente777 has 270 seconds left.\n|\n|t:|1700340706\n|switch|p2a: Garchomp|Garchomp, F|100\/100\n|-damage|p2a: Garchomp|94\/100|[from] Stealth Rock\n|-damage|p2a: Garchomp|69\/100|[from] Spikes\n|turn|14\n|\n|t:|1700340711\n|move|p2a: Garchomp|Swords Dance|p2a: Garchomp\n|-boost|p2a: Garchomp|atk|2\n|move|p1a: Pok\u00e9mon que mola|Wish|p1a: Pok\u00e9mon que mola\n|\n|-heal|p1a: Pok\u00e9mon que mola|80\/100 brn|[from] item: Leftovers\n|-damage|p1a: Pok\u00e9mon que mola|74\/100 brn|[from] brn\n|upkeep\n|turn|15\n|\n|t:|1700340718\n|move|p2a: Garchomp|Swords Dance|p2a: Garchomp\n|-boost|p2a: Garchomp|atk|2\n|move|p1a: Pok\u00e9mon que mola|Flip Turn|p2a: Garchomp\n|-damage|p2a: Garchomp|62\/100\n|-damage|p1a: Pok\u00e9mon que mola|62\/100 brn|[from] ability: Rough Skin|[of] p2a: Garchomp\n|\n|t:|1700340726\n|switch|p1a: Dise\u00f1o Ins\u00edpido|Typhlosion, M|8\/100|[from] Flip Turn\n|-activate|p1a: Dise\u00f1o Ins\u00edpido|move: Sticky Web\n|-unboost|p1a: Dise\u00f1o Ins\u00edpido|spe|1\n|\n|-heal|p1a: Dise\u00f1o Ins\u00edpido|98\/100|[from] move: Wish|[wisher] Pok\u00e9mon que mola\n|upkeep\n|turn|16\n|\n|t:|1700340738\n|move|p2a: Garchomp|Earthquake|p1a: Dise\u00f1o Ins\u00edpido\n|-supereffective|p1a: Dise\u00f1o Ins\u00edpido\n|-damage|p1a: Dise\u00f1o Ins\u00edpido|0 fnt\n|faint|p1a: Dise\u00f1o Ins\u00edpido\n|\n|upkeep\n|\n|t:|1700340740\n|switch|p1a: Baneado de OU|Gliscor, M, shiny|100\/100\n|turn|17\n|\n|t:|1700340748\n|switch|p1a: el caracolillo|Sliggoo-Hisui, M, shiny|100\/100\n|-activate|p1a: el caracolillo|move: Sticky Web\n|-unboost|p1a: el caracolillo|spe|1\n|move|p2a: Garchomp|Dragon Claw|p1a: el caracolillo\n|-damage|p1a: el caracolillo|7\/100\n|\n|upkeep\n|turn|18\n|\n|t:|1700340760\n|move|p2a: Garchomp|Dragon Claw|p1a: el caracolillo\n|-damage|p1a: el caracolillo|0 fnt\n|faint|p1a: el caracolillo\n|\n|upkeep\n|\n|t:|1700340766\n|switch|p1a: Chocoflakes|Ferrothorn, M, shiny|95\/100 brn\n|-activate|p1a: Chocoflakes|move: Sticky Web\n|-unboost|p1a: Chocoflakes|spe|1\n|turn|19\n|\n|t:|1700340771\n|move|p2a: Garchomp|Earthquake|p1a: Chocoflakes\n|-damage|p1a: Chocoflakes|12\/100 brn\n|move|p1a: Chocoflakes|Toxic|p2a: Garchomp|[miss]\n|-miss|p1a: Chocoflakes|p2a: Garchomp\n|\n|-heal|p1a: Chocoflakes|18\/100 brn|[from] item: Leftovers\n|-damage|p1a: Chocoflakes|12\/100 brn|[from] brn\n|upkeep\n|turn|20\n|\n|t:|1700340781\n|move|p2a: Garchomp|Dragon Claw|p1a: Chocoflakes\n|-resisted|p1a: Chocoflakes\n|-damage|p1a: Chocoflakes|0 fnt\n|-damage|p2a: Garchomp|50\/100|[from] ability: Iron Barbs|[of] p1a: Chocoflakes\n|faint|p1a: Chocoflakes\n|\n|upkeep\n|\n|t:|1700340788\n|switch|p1a: Pok\u00e9mon que mola|Alomomola, F, shiny|95\/100 brn\n|-activate|p1a: Pok\u00e9mon que mola|move: Sticky Web\n|-unboost|p1a: Pok\u00e9mon que mola|spe|1\n|turn|21\n|\n|t:|1700340794\n|move|p2a: Garchomp|Dragon Claw|p1a: Pok\u00e9mon que mola\n|-damage|p1a: Pok\u00e9mon que mola|34\/100 brn\n|move|p1a: Pok\u00e9mon que mola|Flip Turn|p2a: Garchomp\n|-damage|p2a: Garchomp|42\/100\n|-damage|p1a: Pok\u00e9mon que mola|21\/100 brn|[from] ability: Rough Skin|[of] p2a: Garchomp\n|\n|t:|1700340799\n|switch|p1a: Baneado de OU|Gliscor, M, shiny|100\/100|[from] Flip Turn\n|\n|-status|p1a: Baneado de OU|tox|[from] item: Toxic Orb\n|upkeep\n|turn|22\n|\n|t:|1700340805\n|move|p2a: Garchomp|Dragon Claw|p1a: Baneado de OU\n|-damage|p1a: Baneado de OU|24\/100 tox\n|move|p1a: Baneado de OU|Dual Wingbeat|p2a: Garchomp\n|-damage|p2a: Garchomp|24\/100\n|-damage|p1a: Baneado de OU|11\/100 tox|[from] ability: Rough Skin|[of] p2a: Garchomp\n|-crit|p2a: Garchomp\n|-damage|p2a: Garchomp|0 fnt\n|-damage|p1a: Baneado de OU|0 fnt|[from] ability: Rough Skin|[of] p2a: Garchomp\n|faint|p2a: Garchomp\n|faint|p1a: Baneado de OU\n|-hitcount|p2: Garchomp|2\n|\n|upkeep\n|\n|t:|1700340822\n|switch|p2a: Iron Hands|Iron Hands|100\/100\n|switch|p1a: Oveja Mallorquina|Ampharos, M, shiny|100\/100\n|-damage|p2a: Iron Hands|94\/100|[from] Stealth Rock\n|-damage|p2a: Iron Hands|69\/100|[from] Spikes\n|-activate|p1a: Oveja Mallorquina|move: Sticky Web\n|-unboost|p1a: Oveja Mallorquina|spe|1\n|-enditem|p2a: Iron Hands|Booster Energy\n|-activate|p2a: Iron Hands|ability: Quark Drive|[fromitem]\n|-start|p2a: Iron Hands|quarkdriveatk\n|turn|23\n|\n|t:|1700340836\n|detailschange|p1a: Oveja Mallorquina|Ampharos-Mega, M, shiny\n|-mega|p1a: Oveja Mallorquina|Ampharos|Ampharosite\n|-ability|p1a: Oveja Mallorquina|Mold Breaker\n|move|p2a: Iron Hands|Close Combat|p1a: Oveja Mallorquina\n|-damage|p1a: Oveja Mallorquina|15\/100\n|-unboost|p2a: Iron Hands|def|1\n|-unboost|p2a: Iron Hands|spd|1\n|move|p1a: Oveja Mallorquina|Dazzling Gleam|p2a: Iron Hands\n|-supereffective|p2a: Iron Hands\n|-damage|p2a: Iron Hands|0 fnt\n|faint|p2a: Iron Hands\n|-end|p2a: Iron Hands|Quark Drive|[silent]\n|\n|upkeep\n|\n|t:|1700340854\n|switch|p2a: Slowking|Slowking-Galar, M, tera:Fire|100\/100\n|-damage|p2a: Slowking|76\/100|[from] Stealth Rock\n|-damage|p2a: Slowking|51\/100|[from] Spikes\n|turn|24\n|\n|t:|1700340866\n|switch|p1a: Pok\u00e9mon que mola|Alomomola, F, shiny|55\/100 brn\n|-activate|p1a: Pok\u00e9mon que mola|move: Sticky Web\n|-unboost|p1a: Pok\u00e9mon que mola|spe|1\n|move|p2a: Slowking|Sludge Bomb|p1a: Pok\u00e9mon que mola\n|-damage|p1a: Pok\u00e9mon que mola|12\/100 brn\n|\n|-heal|p1a: Pok\u00e9mon que mola|18\/100 brn|[from] item: Leftovers\n|-damage|p1a: Pok\u00e9mon que mola|12\/100 brn|[from] brn\n|upkeep\n|turn|25\n|\n|t:|1700340875\n|move|p2a: Slowking|Sludge Bomb|p1a: Pok\u00e9mon que mola\n|-damage|p1a: Pok\u00e9mon que mola|0 fnt\n|faint|p1a: Pok\u00e9mon que mola\n|\n|upkeep\n|-message|MrLukis forfeited.\n|\n|win|Torrente777\n|l|\u2606MrLukis\n|player|p2|Torrente777|biker-gen4\n","uploadtime":1700340916,"views":8,"p1id":"mrlukis","p2id":"torrente777","formatid":"gen9nationaldex","rating":0,"private":0,"password":""}