{"id":"gen9nationaldex-1991593886","p1":"Tank Tests","p2":"addosd","format":"[Gen 9] National Dex","log":"|j|\u2606Tank Tests\n|j|\u2606addosd\n|t:|1700092074\n|gametype|singles\n|player|p1|Tank Tests|266|1379\n|player|p2|addosd|101|1356\n|teamsize|p1|6\n|teamsize|p2|6\n|gen|9\n|tier|[Gen 9] National Dex\n|rated|\n|rule|HP Percentage Mod: HP is shown in percentages\n|rule|Endless Battle Clause: Forcing endless battles is banned\n|rule|OHKO Clause: OHKO moves are banned\n|rule|Evasion Clause: Evasion abilities, items, and moves are banned\n|rule|Evasion Abilities Clause: Evasion abilities are banned\n|rule|Evasion Items Clause: Evasion items are banned\n|rule|Evasion Moves Clause: Evasion moves are banned\n|rule|Species Clause: Limit one of each Pok\u00e9mon\n|rule|Sleep Clause Mod: Limit one foe put to sleep\n|clearpoke\n|poke|p1|Pawmot, M|\n|poke|p1|Rabsca, M|\n|poke|p1|Banette, F|\n|poke|p1|Victini|\n|poke|p1|Dragonite, F|\n|poke|p1|Forretress, M|\n|poke|p2|Corviknight, F|\n|poke|p2|Torterra, M|\n|poke|p2|Zapdos-Galar|\n|poke|p2|Terrakion|\n|poke|p2|Chandelure, M|\n|poke|p2|Ribombee, F|\n|teampreview\n|inactive|Battle timer is ON: inactive players will automatically lose when time's up. (requested by addosd)\n|\n|t:|1700092084\n|start\n|switch|p1a: Forretress|Forretress, M|100\/100\n|switch|p2a: Chandelure|Chandelure, M|100\/100\n|turn|1\n|\n|t:|1700092098\n|move|p2a: Chandelure|Trick|p1a: Forretress\n|-activate|p2a: Chandelure|move: Trick|[of] p1a: Forretress\n|-item|p1a: Forretress|Choice Scarf|[from] move: Trick\n|-item|p2a: Chandelure|Heavy-Duty Boots|[from] move: Trick\n|move|p1a: Forretress|Thunder Wave|p2a: Chandelure\n|-status|p2a: Chandelure|par\n|\n|upkeep\n|turn|2\n|\n|t:|1700092107\n|switch|p1a: Dragonite|Dragonite, F|100\/100\n|cant|p2a: Chandelure|par\n|\n|upkeep\n|turn|3\n|\n|t:|1700092112\n|move|p1a: Dragonite|Dragon Dance|p1a: Dragonite\n|-boost|p1a: Dragonite|atk|1\n|-boost|p1a: Dragonite|spe|1\n|cant|p2a: Chandelure|par\n|\n|upkeep\n|turn|4\n|\n|t:|1700092117\n|move|p1a: Dragonite|Earthquake|p2a: Chandelure\n|-supereffective|p2a: Chandelure\n|-damage|p2a: Chandelure|0 fnt\n|faint|p2a: Chandelure\n|\n|upkeep\n|\n|t:|1700092128\n|switch|p2a: Ribombee|Ribombee, F|100\/100\n|turn|5\n|\n|t:|1700092136\n|move|p1a: Dragonite|Extreme Speed|p2a: Ribombee\n|-damage|p2a: Ribombee|5\/100\n|move|p2a: Ribombee|Moonblast|p1a: Dragonite\n|-supereffective|p1a: Dragonite\n|-damage|p1a: Dragonite|61\/100\n|-enditem|p1a: Dragonite|Weakness Policy\n|-boost|p1a: Dragonite|atk|2|[from] item: Weakness Policy\n|-boost|p1a: Dragonite|spa|2|[from] item: Weakness Policy\n|\n|upkeep\n|turn|6\n|\n|t:|1700092141\n|switch|p2a: Corviknight|Corviknight, F|100\/100\n|-ability|p2a: Corviknight|Pressure\n|move|p1a: Dragonite|Extreme Speed|p2a: Corviknight\n|-resisted|p2a: Corviknight\n|-damage|p2a: Corviknight|78\/100\n|-damage|p1a: Dragonite|45\/100|[from] item: Rocky Helmet|[of] p2a: Corviknight\n|\n|upkeep\n|turn|7\n|\n|t:|1700092152\n|move|p1a: Dragonite|Dragon Claw|p2a: Corviknight\n|-resisted|p2a: Corviknight\n|-damage|p2a: Corviknight|42\/100\n|-damage|p1a: Dragonite|29\/100|[from] item: Rocky Helmet|[of] p2a: Corviknight\n|move|p2a: Corviknight|U-turn|p1a: Dragonite\n|-resisted|p1a: Dragonite\n|-damage|p1a: Dragonite|21\/100\n|\n|t:|1700092165\n|switch|p2a: Terrakion|Terrakion|100\/100|[from] U-turn\n|\n|upkeep\n|turn|8\n|\n|t:|1700092168\n|switch|p2a: Corviknight|Corviknight, F|42\/100\n|-ability|p2a: Corviknight|Pressure\n|move|p1a: Dragonite|Earthquake|p2a: Corviknight\n|-immune|p2a: Corviknight\n|\n|upkeep\n|turn|9\n|\n|t:|1700092172\n|move|p1a: Dragonite|Dragon Claw|p2a: Corviknight\n|-resisted|p2a: Corviknight\n|-damage|p2a: Corviknight|6\/100\n|-damage|p1a: Dragonite|4\/100|[from] item: Rocky Helmet|[of] p2a: Corviknight\n|move|p2a: Corviknight|Roost|p2a: Corviknight\n|-heal|p2a: Corviknight|57\/100\n|-singleturn|p2a: Corviknight|move: Roost\n|\n|upkeep\n|turn|10\n|\n|t:|1700092180\n|move|p1a: Dragonite|Dragon Dance|p1a: Dragonite\n|-boost|p1a: Dragonite|atk|1\n|-boost|p1a: Dragonite|spe|1\n|move|p2a: Corviknight|Roost|p2a: Corviknight\n|-heal|p2a: Corviknight|100\/100\n|-singleturn|p2a: Corviknight|move: Roost\n|\n|upkeep\n|turn|11\n|\n|t:|1700092183\n|move|p1a: Dragonite|Dragon Claw|p2a: Corviknight\n|-resisted|p2a: Corviknight\n|-damage|p2a: Corviknight|60\/100\n|-damage|p1a: Dragonite|0 fnt|[from] item: Rocky Helmet|[of] p2a: Corviknight\n|faint|p1a: Dragonite\n|move|p2a: Corviknight|U-turn|p1: Dragonite|[notarget]\n|-fail|p2a: Corviknight\n|\n|upkeep\n|\n|t:|1700092187\n|switch|p1a: Victini|Victini|100\/100\n|turn|12\n|inactive|addosd has 120 seconds left.\n|\n|t:|1700092235\n|move|p1a: Victini|V-create|p2a: Corviknight\n|-supereffective|p2a: Corviknight\n|-damage|p2a: Corviknight|0 fnt\n|-unboost|p1a: Victini|spe|1\n|-unboost|p1a: Victini|def|1\n|-unboost|p1a: Victini|spd|1\n|-damage|p1a: Victini|84\/100|[from] item: Rocky Helmet|[of] p2a: Corviknight\n|faint|p2a: Corviknight\n|\n|upkeep\n|\n|t:|1700092245\n|switch|p2a: Ribombee|Ribombee, F|5\/100\n|turn|13\n|\n|t:|1700092250\n|switch|p1a: Forretress|Forretress, M|100\/100\n|move|p2a: Ribombee|Sticky Web|p1a: Forretress\n|-sidestart|p1: Tank Tests|move: Sticky Web\n|\n|upkeep\n|turn|14\n|inactive|addosd has 120 seconds left.\n|\n|t:|1700092263\n|switch|p2a: Torterra|Torterra, M|100\/100\n|move|p1a: Forretress|Rapid Spin|p2a: Torterra\n|-damage|p2a: Torterra|90\/100\n|-boost|p1a: Forretress|spe|1\n|-sideend|p1: Tank Tests|Sticky Web|[from] move: Rapid Spin|[of] p1a: Forretress\n|\n|upkeep\n|turn|15\n|\n|t:|1700092271\n|switch|p1a: Banette|Banette, F|100\/100\n|move|p2a: Torterra|Shell Smash|p2a: Torterra\n|-unboost|p2a: Torterra|def|1\n|-unboost|p2a: Torterra|spd|1\n|-boost|p2a: Torterra|atk|2\n|-boost|p2a: Torterra|spa|2\n|-boost|p2a: Torterra|spe|2\n|-enditem|p2a: Torterra|White Herb\n|-clearnegativeboost|p2a: Torterra|[silent]\n|\n|upkeep\n|turn|16\n|\n|t:|1700092277\n|detailschange|p1a: Banette|Banette-Mega, F\n|-mega|p1a: Banette|Banette|Banettite\n|move|p1a: Banette|Encore|p2a: Torterra\n|-start|p2a: Torterra|Encore\n|move|p2a: Torterra|Shell Smash|p2a: Torterra\n|-unboost|p2a: Torterra|def|1\n|-unboost|p2a: Torterra|spd|1\n|-boost|p2a: Torterra|atk|2\n|-boost|p2a: Torterra|spa|2\n|-boost|p2a: Torterra|spe|2\n|\n|upkeep\n|turn|17\n|\n|t:|1700092286\n|switch|p2a: Terrakion|Terrakion|100\/100\n|switch|p1a: Forretress|Forretress, M|100\/100\n|\n|upkeep\n|turn|18\n|\n|t:|1700092294\n|move|p2a: Terrakion|Stone Edge|p1a: Forretress\n|-damage|p1a: Forretress|40\/100\n|move|p1a: Forretress|Thunder Wave|p2a: Terrakion\n|-status|p2a: Terrakion|par\n|\n|upkeep\n|turn|19\n|\n|t:|1700092299\n|move|p1a: Forretress|Thunder Wave|p2a: Terrakion\n|-fail|p2a: Terrakion|par\n|move|p2a: Terrakion|Stone Edge|p1a: Forretress\n|-damage|p1a: Forretress|0 fnt\n|faint|p1a: Forretress\n|\n|upkeep\n|\n|t:|1700092305\n|switch|p1a: Pawmot|Pawmot, M|100\/100\n|turn|20\n|\n|t:|1700092318\n|switch|p2a: Torterra|Torterra, M|90\/100\n|move|p1a: Pawmot|Close Combat|p2a: Torterra\n|-damage|p2a: Torterra|31\/100\n|-unboost|p1a: Pawmot|def|1\n|-unboost|p1a: Pawmot|spd|1\n|\n|upkeep\n|turn|21\n|\n|t:|1700092325\n|move|p1a: Pawmot|Close Combat|p2a: Torterra\n|-damage|p2a: Torterra|0 fnt\n|-unboost|p1a: Pawmot|def|1\n|-unboost|p1a: Pawmot|spd|1\n|faint|p2a: Torterra\n|\n|upkeep\n|\n|t:|1700092331\n|switch|p2a: Zapdos|Zapdos-Galar|100\/100\n|turn|22\n|\n|t:|1700092336\n|move|p1a: Pawmot|Double Shock|p2a: Zapdos\n|-supereffective|p2a: Zapdos\n|-damage|p2a: Zapdos|0 fnt\n|-start|p1a: Pawmot|typechange|???\/Fighting|[from] move: Double Shock\n|faint|p2a: Zapdos\n|\n|upkeep\n|-message|addosd forfeited.\n|\n|win|Tank Tests\n|raw|Tank Tests's rating: 1379 &rarr; <strong>1398<\/strong><br \/>(+19 for winning)\n|raw|addosd's rating: 1356 &rarr; <strong>1337<\/strong><br \/>(-19 for losing)\n|l|\u2606addosd\n","uploadtime":1700092345,"views":10,"p1id":"tanktests","p2id":"addosd","formatid":"gen9nationaldex","rating":1337,"private":0,"password":""}