{"id":"gen9nationaldex-1988950599","p1":"ryan_farhan","p2":"ArrozDoce01","format":"[Gen 9] National Dex","log":"|j|\u2606ryan_farhan\n|j|\u2606ArrozDoce01\n|t:|1699793321\n|gametype|singles\n|player|p1|ryan_farhan|101|1132\n|player|p2|ArrozDoce01|acetrainer-gen4dp|1154\n|teamsize|p1|6\n|teamsize|p2|6\n|gen|9\n|tier|[Gen 9] National Dex\n|rated|\n|rule|HP Percentage Mod: HP is shown in percentages\n|rule|Endless Battle Clause: Forcing endless battles is banned\n|rule|OHKO Clause: OHKO moves are banned\n|rule|Evasion Clause: Evasion abilities, items, and moves are banned\n|rule|Evasion Abilities Clause: Evasion abilities are banned\n|rule|Evasion Items Clause: Evasion items are banned\n|rule|Evasion Moves Clause: Evasion moves are banned\n|rule|Species Clause: Limit one of each Pok\u00e9mon\n|rule|Sleep Clause Mod: Limit one foe put to sleep\n|clearpoke\n|poke|p1|Pikachu, M|\n|poke|p1|Bulbasaur, M|\n|poke|p1|Squirtle, M|\n|poke|p1|Charizard, M|\n|poke|p1|Lapras, M|\n|poke|p1|Snorlax, M|\n|poke|p2|Lokix, M|\n|poke|p2|Charizard, F|\n|poke|p2|Kommo-o, M|\n|poke|p2|Clodsire, M|\n|poke|p2|Dunsparce, M|\n|poke|p2|Rillaboom, F|\n|teampreview\n|\n|t:|1699793329\n|start\n|switch|p1a: Squirtle|Squirtle, M|100\/100\n|switch|p2a: GOD|Dunsparce, M|100\/100\n|turn|1\n|inactive|Battle timer is ON: inactive players will automatically lose when time's up. (requested by ryan_farhan)\n|\n|t:|1699793343\n|switch|p1a: Bulbasaur|Bulbasaur, M|100\/100\n|move|p2a: GOD|Body Slam|p1a: Bulbasaur\n|-damage|p1a: Bulbasaur|69\/100\n|\n|upkeep\n|turn|2\n|\n|t:|1699793349\n|move|p1a: Bulbasaur|Leech Seed|p2a: GOD\n|-start|p2a: GOD|move: Leech Seed\n|move|p2a: GOD|Ancient Power|p1a: Bulbasaur\n|-damage|p1a: Bulbasaur|58\/100\n|\n|-damage|p2a: GOD|88\/100|[from] Leech Seed|[of] p1a: Bulbasaur\n|-heal|p1a: Bulbasaur|75\/100|[silent]\n|upkeep\n|turn|3\n|\n|t:|1699793357\n|switch|p2a: Gafanhoto|Lokix, M, shiny|100\/100\n|move|p1a: Bulbasaur|Giga Drain|p2a: Gafanhoto\n|-resisted|p2a: Gafanhoto\n|-damage|p2a: Gafanhoto|80\/100\n|-heal|p1a: Bulbasaur|87\/100|[from] drain|[of] p2a: Gafanhoto\n|\n|upkeep\n|turn|4\n|\n|t:|1699793365\n|move|p2a: Gafanhoto|First Impression|p1a: Bulbasaur\n|-damage|p1a: Bulbasaur|2\/100\n|move|p1a: Bulbasaur|Sludge Bomb|p2a: Gafanhoto\n|-damage|p2a: Gafanhoto|26\/100\n|-status|p2a: Gafanhoto|psn\n|\n|-damage|p2a: Gafanhoto|14\/100 psn|[from] psn\n|upkeep\n|turn|5\n|\n|t:|1699793377\n|switch|p2a: Monke|Rillaboom, F, shiny|100\/100\n|-fieldstart|move: Grassy Terrain|[from] ability: Grassy Surge|[of] p2a: Monke\n|-enditem|p2a: Monke|Grassy Seed\n|-boost|p2a: Monke|def|1|[from] item: Grassy Seed\n|move|p1a: Bulbasaur|Hidden Power|p2a: Monke\n|-supereffective|p2a: Monke\n|-damage|p2a: Monke|67\/100\n|\n|-heal|p2a: Monke|73\/100|[from] Grassy Terrain\n|-heal|p1a: Bulbasaur|8\/100|[from] Grassy Terrain\n|upkeep\n|turn|6\n|\n|t:|1699793389\n|move|p2a: Monke|Fake Out|p1a: Bulbasaur\n|-damage|p1a: Bulbasaur|0 fnt\n|faint|p1a: Bulbasaur\n|\n|-heal|p2a: Monke|79\/100|[from] Grassy Terrain\n|upkeep\n|\n|t:|1699793396\n|switch|p1a: Squirtle|Squirtle, M|100\/100\n|turn|7\n|\n|t:|1699793399\n|move|p2a: Monke|Grassy Glide|p1a: Squirtle\n|-supereffective|p1a: Squirtle\n|-damage|p1a: Squirtle|50\/100\n|move|p1a: Squirtle|Counter|p2a: Monke\n|-damage|p2a: Monke|0 fnt\n|faint|p2a: Monke\n|\n|-heal|p1a: Squirtle|57\/100|[from] Grassy Terrain\n|upkeep\n|\n|t:|1699793406\n|switch|p2a: Gafanhoto|Lokix, M, shiny|14\/100 psn\n|turn|8\n|\n|t:|1699793413\n|move|p2a: Gafanhoto|First Impression|p1a: Squirtle\n|-damage|p1a: Squirtle|8\/100\n|move|p1a: Squirtle|Seismic Toss|p2a: Gafanhoto\n|-damage|p2a: Gafanhoto|0 fnt\n|faint|p2a: Gafanhoto\n|\n|-heal|p1a: Squirtle|14\/100|[from] Grassy Terrain\n|upkeep\n|\n|t:|1699793423\n|switch|p2a: GOD|Dunsparce, M|88\/100\n|turn|9\n|\n|t:|1699793428\n|move|p2a: GOD|Ancient Power|p1a: Squirtle\n|-damage|p1a: Squirtle|4\/100\n|-boost|p2a: GOD|atk|1\n|-boost|p2a: GOD|def|1\n|-boost|p2a: GOD|spa|1\n|-boost|p2a: GOD|spd|1\n|-boost|p2a: GOD|spe|1\n|move|p1a: Squirtle|Seismic Toss|p2a: GOD\n|-damage|p2a: GOD|63\/100\n|\n|-heal|p2a: GOD|70\/100|[from] Grassy Terrain\n|-heal|p1a: Squirtle|10\/100|[from] Grassy Terrain\n|-fieldend|move: Grassy Terrain\n|upkeep\n|turn|10\n|\n|t:|1699793440\n|move|p2a: GOD|Ancient Power|p1a: Squirtle\n|-crit|p1a: Squirtle\n|-damage|p1a: Squirtle|0 fnt\n|-boost|p2a: GOD|atk|1\n|-boost|p2a: GOD|def|1\n|-boost|p2a: GOD|spa|1\n|-boost|p2a: GOD|spd|1\n|-boost|p2a: GOD|spe|1\n|faint|p1a: Squirtle\n|\n|upkeep\n|\n|t:|1699793449\n|switch|p1a: Lapras|Lapras, M|100\/100\n|turn|11\n|\n|t:|1699793458\n|-terastallize|p1a: Lapras|Poison\n|move|p2a: GOD|Body Slam|p1a: Lapras\n|-damage|p1a: Lapras|71\/100\n|move|p1a: Lapras|Perish Song|p1a: Lapras\n|-start|p1a: Lapras|perish3|[silent]\n|-start|p2a: GOD|perish3|[silent]\n|-fieldactivate|move: Perish Song\n|\n|-heal|p1a: Lapras|77\/100|[from] item: Leftovers\n|-start|p2a: GOD|perish3\n|-start|p1a: Lapras|perish3\n|upkeep\n|turn|12\n|\n|t:|1699793469\n|move|p2a: GOD|Coil|p2a: GOD\n|-boost|p2a: GOD|atk|1\n|-boost|p2a: GOD|def|1\n|-boost|p2a: GOD|accuracy|1\n|move|p1a: Lapras|Whirlpool|p2a: GOD\n|-damage|p2a: GOD|66\/100\n|-activate|p2a: GOD|move: Whirlpool|[of] p1a: Lapras\n|\n|-heal|p1a: Lapras|83\/100|[from] item: Leftovers\n|-damage|p2a: GOD|53\/100|[from] move: Whirlpool|[partiallytrapped]\n|-start|p2a: GOD|perish2\n|-start|p1a: Lapras|perish2\n|upkeep\n|turn|13\n|\n|t:|1699793482\n|move|p1a: Lapras|Protect|p1a: Lapras\n|-singleturn|p1a: Lapras|Protect\n|move|p2a: GOD|Body Slam|p1a: Lapras\n|-activate|p1a: Lapras|move: Protect\n|\n|-heal|p1a: Lapras|90\/100|[from] item: Leftovers\n|-damage|p2a: GOD|41\/100|[from] move: Whirlpool|[partiallytrapped]\n|-start|p2a: GOD|perish1\n|-start|p1a: Lapras|perish1\n|upkeep\n|turn|14\n|\n|t:|1699793494\n|switch|p1a: Pikachu|Pikachu, M|100\/100\n|move|p2a: GOD|Ancient Power|p1a: Pikachu\n|-damage|p1a: Pikachu|50\/100\n|\n|-end|p2a: GOD|Whirlpool|[partiallytrapped]|[silent]\n|-start|p2a: GOD|perish0\n|upkeep\n|faint|p2a: GOD\n|\n|t:|1699793500\n|switch|p2a: Rawr|Charizard, F, shiny|100\/100\n|turn|15\n|\n|t:|1699793505\n|switch|p2a: Laminha|Clodsire, M, shiny|100\/100\n|move|p1a: Pikachu|Nuzzle|p2a: Laminha\n|-immune|p2a: Laminha\n|\n|upkeep\n|turn|16\n|\n|t:|1699793512\n|switch|p1a: Charizard|Charizard, M|100\/100\n|move|p2a: Laminha|Stealth Rock|p1a: Charizard\n|-sidestart|p1: ryan_farhan|move: Stealth Rock\n|\n|upkeep\n|turn|17\n|\n|t:|1699793519\n|detailschange|p1a: Charizard|Charizard-Mega-X, M\n|-mega|p1a: Charizard|Charizard|Charizardite X\n|move|p1a: Charizard|Earthquake|p2a: Laminha\n|-supereffective|p2a: Laminha\n|-damage|p2a: Laminha|34\/100\n|move|p2a: Laminha|Toxic|p1a: Charizard\n|-status|p1a: Charizard|tox\n|\n|-heal|p2a: Laminha|40\/100|[from] item: Black Sludge\n|-damage|p1a: Charizard|94\/100 tox|[from] psn\n|upkeep\n|turn|18\n|\n|t:|1699793531\n|switch|p2a: Rawr|Charizard, F, shiny|100\/100\n|move|p1a: Charizard|Flare Blitz|p2a: Rawr\n|-resisted|p2a: Rawr\n|-damage|p2a: Rawr|43\/100\n|-damage|p1a: Charizard|76\/100 tox|[from] Recoil\n|\n|-damage|p1a: Charizard|64\/100 tox|[from] psn\n|upkeep\n|turn|19\n|\n|t:|1699793545\n|switch|p2a: Laminha|Clodsire, M, shiny|40\/100\n|move|p1a: Charizard|Flare Blitz|p2a: Laminha\n|-damage|p2a: Laminha|0 fnt\n|faint|p2a: Laminha\n|-damage|p1a: Charizard|43\/100 tox|[from] Recoil\n|\n|-damage|p1a: Charizard|25\/100 tox|[from] psn\n|upkeep\n|\n|t:|1699793552\n|switch|p2a: Rawr|Charizard, F, shiny|43\/100\n|turn|20\n|\n|t:|1699793557\n|detailschange|p2a: Rawr|Charizard-Mega-Y, F, shiny\n|-mega|p2a: Rawr|Charizard|Charizardite Y\n|-weather|SunnyDay|[from] ability: Drought|[of] p2a: Rawr\n|move|p2a: Rawr|Ancient Power|p1a: Charizard\n|-supereffective|p1a: Charizard\n|-damage|p1a: Charizard|0 fnt\n|faint|p1a: Charizard\n|\n|-weather|SunnyDay|[upkeep]\n|upkeep\n|\n|t:|1699793580\n|switch|p1a: Lapras|Lapras, M, tera:Poison|90\/100\n|-damage|p1a: Lapras|77\/100|[from] Stealth Rock\n|turn|21\n|\n|t:|1699793590\n|move|p2a: Rawr|Flamethrower|p1a: Lapras\n|-damage|p1a: Lapras|5\/100\n|move|p1a: Lapras|Whirlpool|p2a: Rawr\n|-supereffective|p2a: Rawr\n|-damage|p2a: Rawr|32\/100\n|-activate|p2a: Rawr|move: Whirlpool|[of] p1a: Lapras\n|\n|-weather|SunnyDay|[upkeep]\n|-heal|p1a: Lapras|11\/100|[from] item: Leftovers\n|-damage|p2a: Rawr|20\/100|[from] move: Whirlpool|[partiallytrapped]\n|upkeep\n|turn|22\n|\n|t:|1699793612\n|move|p1a: Lapras|Protect|p1a: Lapras\n|-singleturn|p1a: Lapras|Protect\n|move|p2a: Rawr|Ancient Power|p1a: Lapras\n|-activate|p1a: Lapras|move: Protect\n|\n|-weather|SunnyDay|[upkeep]\n|-heal|p1a: Lapras|17\/100|[from] item: Leftovers\n|-damage|p2a: Rawr|8\/100|[from] move: Whirlpool|[partiallytrapped]\n|upkeep\n|turn|23\n|\n|t:|1699793621\n|move|p1a: Lapras|Protect|p1a: Lapras\n|-singleturn|p1a: Lapras|Protect\n|move|p2a: Rawr|Flamethrower|p1a: Lapras\n|-activate|p1a: Lapras|move: Protect\n|\n|-weather|SunnyDay|[upkeep]\n|-heal|p1a: Lapras|23\/100|[from] item: Leftovers\n|-damage|p2a: Rawr|0 fnt|[from] move: Whirlpool|[partiallytrapped]\n|faint|p2a: Rawr\n|upkeep\n|\n|t:|1699793623\n|switch|p2a: AAAAH|Kommo-o, M|100\/100\n|turn|24\n|\n|t:|1699793634\n|move|p2a: AAAAH|Clangorous Soul|p2a: AAAAH\n|-boost|p2a: AAAAH|atk|1\n|-boost|p2a: AAAAH|def|1\n|-boost|p2a: AAAAH|spa|1\n|-boost|p2a: AAAAH|spd|1\n|-boost|p2a: AAAAH|spe|1\n|-damage|p2a: AAAAH|68\/100\n|-enditem|p2a: AAAAH|Throat Spray\n|-boost|p2a: AAAAH|spa|1|[from] item: Throat Spray\n|move|p1a: Lapras|Perish Song|p1a: Lapras\n|-start|p1a: Lapras|perish3|[silent]\n|-start|p2a: AAAAH|perish3|[silent]\n|-fieldactivate|move: Perish Song\n|\n|-weather|none\n|-heal|p1a: Lapras|30\/100|[from] item: Leftovers\n|-start|p2a: AAAAH|perish3\n|-start|p1a: Lapras|perish3\n|upkeep\n|turn|25\n|\n|t:|1699793649\n|-terastallize|p2a: AAAAH|Fire\n|move|p1a: Lapras|Protect|p1a: Lapras\n|-singleturn|p1a: Lapras|Protect\n|move|p2a: AAAAH|Flamethrower|p1a: Lapras\n|-activate|p1a: Lapras|move: Protect\n|\n|-heal|p1a: Lapras|36\/100|[from] item: Leftovers\n|-start|p2a: AAAAH|perish2\n|-start|p1a: Lapras|perish2\n|upkeep\n|turn|26\n|\n|t:|1699793661\n|move|p1a: Lapras|Protect||[still]\n|-fail|p1a: Lapras\n|move|p2a: AAAAH|Flamethrower|p1a: Lapras\n|-damage|p1a: Lapras|0 fnt\n|faint|p1a: Lapras\n|\n|-start|p2a: AAAAH|perish1\n|upkeep\n|-message|ArrozDoce01 forfeited.\n|\n|win|ryan_farhan\n|raw|ryan_farhan's rating: 1132 &rarr; <strong>1159<\/strong><br \/>(+27 for winning)\n|raw|ArrozDoce01's rating: 1154 &rarr; <strong>1127<\/strong><br \/>(-27 for losing)\n|l|\u2606ArrozDoce01\n|l|\u2606ryan_farhan\n|j|\u2606ryan_farhan\n|player|p1|ryan_farhan|101\n","uploadtime":1699793679,"views":9,"p1id":"ryanfarhan","p2id":"arrozdoce01","formatid":"gen9nationaldex","rating":1127,"private":0,"password":""}