{"id":"gen9nationaldex-2000062566","p1":"knife12138","p2":"qrerawa","format":"[Gen 9] National Dex","log":"|html|<div class=\"broadcast-blue\"><strong>[Gen 9] National Dex is currently suspecting Sneasler! For information on how to participate check out the <a href=\"https:\/\/www.smogon.com\/forums\/threads\/sv-national-dex-suspect-8-just-dance.3731534\/\">suspect thread<\/a>.<\/strong><\/div>\n|j|\u2606knife12138\n|j|\u2606qrerawa\n|t:|1701148094\n|gametype|singles\n|player|p1|knife12138|burglar|1357\n|player|p2|qrerawa|2|1301\n|teamsize|p1|6\n|teamsize|p2|6\n|gen|9\n|tier|[Gen 9] National Dex\n|rated|\n|rule|HP Percentage Mod: HP is shown in percentages\n|rule|Endless Battle Clause: Forcing endless battles is banned\n|rule|OHKO Clause: OHKO moves are banned\n|rule|Evasion Clause: Evasion abilities, items, and moves are banned\n|rule|Evasion Abilities Clause: Evasion abilities are banned\n|rule|Evasion Items Clause: Evasion items are banned\n|rule|Evasion Moves Clause: Evasion moves are banned\n|rule|Species Clause: Limit one of each Pok\u00e9mon\n|rule|Sleep Clause Mod: Limit one foe put to sleep\n|clearpoke\n|poke|p1|Lucario, M|\n|poke|p1|Doublade, F|\n|poke|p1|Sirfetch\u2019d, M|\n|poke|p1|Espeon, M|\n|poke|p1|Shaymin|\n|poke|p1|Beedrill, M|\n|poke|p2|Mawile, M|\n|poke|p2|Marowak-Alola, F|\n|poke|p2|Hatterene, F|\n|poke|p2|Cresselia, F|\n|poke|p2|Porygon2|\n|poke|p2|Ursaluna, F|\n|teampreview\n|\n|t:|1701148112\n|start\n|switch|p1a: \u201c\u6c89\u9ed8\u201d\u6cd5\u5e08 \u772f|Espeon, M|100\/100\n|switch|p2a: Porygon2|Porygon2|100\/100\n|-ability|p2a: Porygon2|Magic Bounce|[from] ability: Trace|[of] p1a: \u201c\u6c89\u9ed8\u201d\u6cd5\u5e08 \u772f\n|turn|1\n|\n|t:|1701148120\n|move|p1a: \u201c\u6c89\u9ed8\u201d\u6cd5\u5e08 \u772f|Trick|p2a: Porygon2\n|-activate|p1a: \u201c\u6c89\u9ed8\u201d\u6cd5\u5e08 \u772f|move: Trick|[of] p2a: Porygon2\n|-item|p2a: Porygon2|Choice Specs|[from] move: Trick\n|-item|p1a: \u201c\u6c89\u9ed8\u201d\u6cd5\u5e08 \u772f|Eviolite|[from] move: Trick\n|move|p2a: Porygon2|Trick Room|p2a: Porygon2\n|-fieldstart|move: Trick Room|[of] p2a: Porygon2\n|\n|upkeep\n|turn|2\n|\n|t:|1701148136\n|switch|p2a: Mawile|Mawile, M|100\/100\n|-ability|p2a: Mawile|Intimidate|boost\n|-unboost|p1a: \u201c\u6c89\u9ed8\u201d\u6cd5\u5e08 \u772f|atk|1\n|move|p1a: \u201c\u6c89\u9ed8\u201d\u6cd5\u5e08 \u772f|Future Sight|p2a: Mawile\n|-start|p1a: \u201c\u6c89\u9ed8\u201d\u6cd5\u5e08 \u772f|move: Future Sight\n|\n|upkeep\n|turn|3\n|inactive|Battle timer is ON: inactive players will automatically lose when time's up. (requested by knife12138)\n|\n|t:|1701148146\n|switch|p1a: Doublade|Doublade, F|100\/100\n|detailschange|p2a: Mawile|Mawile-Mega, M\n|-mega|p2a: Mawile|Mawile|Mawilite\n|move|p2a: Mawile|Play Rough|p1a: Doublade\n|-resisted|p1a: Doublade\n|-damage|p1a: Doublade|79\/100\n|\n|upkeep\n|turn|4\n|\n|t:|1701148168\n|move|p1a: Doublade|Shadow Claw|p2a: Mawile\n|-damage|p2a: Mawile|65\/100\n|move|p2a: Mawile|Fire Fang|p1a: Doublade\n|-supereffective|p1a: Doublade\n|-damage|p1a: Doublade|37\/100\n|\n|-end|p2a: Mawile|move: Future Sight\n|-resisted|p2a: Mawile\n|-damage|p2a: Mawile|30\/100\n|upkeep\n|turn|5\n|\n|t:|1701148182\n|move|p1a: Doublade|Shadow Claw|p2a: Mawile\n|-damage|p2a: Mawile|0 fnt\n|faint|p2a: Mawile\n|\n|-fieldend|move: Trick Room\n|upkeep\n|\n|t:|1701148199\n|switch|p2a: Porygon2|Porygon2|100\/100\n|-ability|p2a: Porygon2|No Guard|[from] ability: Trace|[of] p1a: Doublade\n|turn|6\n|\n|t:|1701148212\n|move|p1a: Doublade|Close Combat|p2a: Porygon2\n|-supereffective|p2a: Porygon2\n|-damage|p2a: Porygon2|35\/100\n|-unboost|p1a: Doublade|def|1\n|-unboost|p1a: Doublade|spd|1\n|move|p2a: Porygon2|Trick Room|p2a: Porygon2\n|-fieldstart|move: Trick Room|[of] p2a: Porygon2\n|\n|upkeep\n|turn|7\n|\n|t:|1701148228\n|switch|p2a: Ursaluna|Ursaluna, F|100\/100\n|move|p1a: Doublade|Shadow Claw|p2a: Ursaluna\n|-immune|p2a: Ursaluna\n|\n|-status|p2a: Ursaluna|brn|[from] item: Flame Orb\n|upkeep\n|turn|8\n|\n|t:|1701148243\n|switch|p1a: \u201c\u6c89\u9ed8\u201d\u6cd5\u5e08 \u772f|Espeon, M|100\/100\n|move|p2a: Ursaluna|Earthquake|p1a: \u201c\u6c89\u9ed8\u201d\u6cd5\u5e08 \u772f\n|-damage|p1a: \u201c\u6c89\u9ed8\u201d\u6cd5\u5e08 \u772f|0 fnt\n|faint|p1a: \u201c\u6c89\u9ed8\u201d\u6cd5\u5e08 \u772f\n|\n|-damage|p2a: Ursaluna|94\/100 brn|[from] brn\n|upkeep\n|\n|t:|1701148248\n|switch|p1a: \u201c\u7edd\u5883\u52c7\u8005\u201d\u72d7\u6d6a|Lucario, M|100\/100\n|turn|9\n|\n|t:|1701148255\n|move|p2a: Ursaluna|Earthquake|p1a: \u201c\u7edd\u5883\u52c7\u8005\u201d\u72d7\u6d6a\n|-supereffective|p1a: \u201c\u7edd\u5883\u52c7\u8005\u201d\u72d7\u6d6a\n|-enditem|p1a: \u201c\u7edd\u5883\u52c7\u8005\u201d\u72d7\u6d6a|Focus Sash\n|-damage|p1a: \u201c\u7edd\u5883\u52c7\u8005\u201d\u72d7\u6d6a|1\/100\n|move|p1a: \u201c\u7edd\u5883\u52c7\u8005\u201d\u72d7\u6d6a|Counter|p2a: Ursaluna\n|-damage|p2a: Ursaluna|0 fnt\n|faint|p2a: Ursaluna\n|\n|upkeep\n|\n|t:|1701148264\n|switch|p2a: Marowak|Marowak-Alola, F|100\/100\n|turn|10\n|\n|t:|1701148272\n|move|p1a: \u201c\u7edd\u5883\u52c7\u8005\u201d\u72d7\u6d6a|Bullet Punch|p2a: Marowak\n|-resisted|p2a: Marowak\n|-damage|p2a: Marowak|91\/100\n|move|p2a: Marowak|Flare Blitz|p1a: \u201c\u7edd\u5883\u52c7\u8005\u201d\u72d7\u6d6a\n|-supereffective|p1a: \u201c\u7edd\u5883\u52c7\u8005\u201d\u72d7\u6d6a\n|-crit|p1a: \u201c\u7edd\u5883\u52c7\u8005\u201d\u72d7\u6d6a\n|-damage|p1a: \u201c\u7edd\u5883\u52c7\u8005\u201d\u72d7\u6d6a|0 fnt\n|faint|p1a: \u201c\u7edd\u5883\u52c7\u8005\u201d\u72d7\u6d6a\n|\n|-fieldend|move: Trick Room\n|upkeep\n|\n|t:|1701148289\n|switch|p1a: \u201c\u5927\u98ce\u8f66\u201d\u5510\u9e2d\u53ef\u5fb7|Sirfetch\u2019d, M, shiny|100\/100\n|turn|11\n|\n|t:|1701148297\n|switch|p2a: Porygon2|Porygon2|35\/100\n|-ability|p2a: Porygon2|Scrappy|[from] ability: Trace|[of] p1a: \u201c\u5927\u98ce\u8f66\u201d\u5510\u9e2d\u53ef\u5fb7\n|move|p1a: \u201c\u5927\u98ce\u8f66\u201d\u5510\u9e2d\u53ef\u5fb7|Knock Off|p2a: Porygon2\n|-crit|p2a: Porygon2\n|-damage|p2a: Porygon2|0 fnt\n|-enditem|p2a: Porygon2|Choice Specs|[from] move: Knock Off|[of] p1a: \u201c\u5927\u98ce\u8f66\u201d\u5510\u9e2d\u53ef\u5fb7\n|faint|p2a: Porygon2\n|\n|upkeep\n|\n|t:|1701148306\n|switch|p2a: Cresselia|Cresselia, F|100\/100\n|turn|12\n|\n|t:|1701148313\n|move|p1a: \u201c\u5927\u98ce\u8f66\u201d\u5510\u9e2d\u53ef\u5fb7|Knock Off|p2a: Cresselia\n|-supereffective|p2a: Cresselia\n|-enditem|p2a: Cresselia|Colbur Berry|[eat]\n|-enditem|p2a: Cresselia|Colbur Berry|[weaken]\n|-damage|p2a: Cresselia|82\/100\n|move|p2a: Cresselia|Trick Room|p2a: Cresselia\n|-fieldstart|move: Trick Room|[of] p2a: Cresselia\n|\n|upkeep\n|turn|13\n|\n|t:|1701148326\n|switch|p1a: \u201c\u4e00\u6839\u7b4b\u201d\u624e\u57fa\u4e9a|Beedrill, M|100\/100\n|move|p2a: Cresselia|Psychic|p1a: \u201c\u4e00\u6839\u7b4b\u201d\u624e\u57fa\u4e9a\n|-supereffective|p1a: \u201c\u4e00\u6839\u7b4b\u201d\u624e\u57fa\u4e9a\n|-damage|p1a: \u201c\u4e00\u6839\u7b4b\u201d\u624e\u57fa\u4e9a|24\/100\n|\n|upkeep\n|turn|14\n|\n|t:|1701148334\n|detailschange|p1a: \u201c\u4e00\u6839\u7b4b\u201d\u624e\u57fa\u4e9a|Beedrill-Mega, M\n|-mega|p1a: \u201c\u4e00\u6839\u7b4b\u201d\u624e\u57fa\u4e9a|Beedrill|Beedrillite\n|move|p2a: Cresselia|Psychic|p1a: \u201c\u4e00\u6839\u7b4b\u201d\u624e\u57fa\u4e9a\n|-supereffective|p1a: \u201c\u4e00\u6839\u7b4b\u201d\u624e\u57fa\u4e9a\n|-damage|p1a: \u201c\u4e00\u6839\u7b4b\u201d\u624e\u57fa\u4e9a|0 fnt\n|faint|p1a: \u201c\u4e00\u6839\u7b4b\u201d\u624e\u57fa\u4e9a\n|\n|upkeep\n|\n|t:|1701148347\n|switch|p1a: \u201c\u5927\u98ce\u8f66\u201d\u5510\u9e2d\u53ef\u5fb7|Sirfetch\u2019d, M, shiny|100\/100\n|turn|15\n|\n|t:|1701148366\n|-terastallize|p1a: \u201c\u5927\u98ce\u8f66\u201d\u5510\u9e2d\u53ef\u5fb7|Steel\n|move|p1a: \u201c\u5927\u98ce\u8f66\u201d\u5510\u9e2d\u53ef\u5fb7|First Impression|p2a: Cresselia\n|-supereffective|p2a: Cresselia\n|-crit|p2a: Cresselia\n|-damage|p2a: Cresselia|31\/100\n|move|p2a: Cresselia|Psychic|p1a: \u201c\u5927\u98ce\u8f66\u201d\u5510\u9e2d\u53ef\u5fb7\n|-resisted|p1a: \u201c\u5927\u98ce\u8f66\u201d\u5510\u9e2d\u53ef\u5fb7\n|-damage|p1a: \u201c\u5927\u98ce\u8f66\u201d\u5510\u9e2d\u53ef\u5fb7|85\/100\n|\n|upkeep\n|turn|16\n|\n|t:|1701148381\n|switch|p2a: Hatterene|Hatterene, F|100\/100\n|move|p1a: \u201c\u5927\u98ce\u8f66\u201d\u5510\u9e2d\u53ef\u5fb7|Knock Off|p2a: Hatterene\n|-damage|p2a: Hatterene|60\/100\n|-enditem|p2a: Hatterene|Focus Sash|[from] move: Knock Off|[of] p1a: \u201c\u5927\u98ce\u8f66\u201d\u5510\u9e2d\u53ef\u5fb7\n|\n|-fieldend|move: Trick Room\n|upkeep\n|turn|17\n|\n|t:|1701148389\n|move|p1a: \u201c\u5927\u98ce\u8f66\u201d\u5510\u9e2d\u53ef\u5fb7|Sky Attack||[still]\n|-prepare|p1a: \u201c\u5927\u98ce\u8f66\u201d\u5510\u9e2d\u53ef\u5fb7|Sky Attack\n|move|p2a: Hatterene|Trick Room|p2a: Hatterene\n|-fieldstart|move: Trick Room|[of] p2a: Hatterene\n|\n|upkeep\n|turn|18\n|\n|t:|1701148395\n|move|p2a: Hatterene|Mystical Fire|p1a: \u201c\u5927\u98ce\u8f66\u201d\u5510\u9e2d\u53ef\u5fb7\n|-supereffective|p1a: \u201c\u5927\u98ce\u8f66\u201d\u5510\u9e2d\u53ef\u5fb7\n|-damage|p1a: \u201c\u5927\u98ce\u8f66\u201d\u5510\u9e2d\u53ef\u5fb7|8\/100\n|-unboost|p1a: \u201c\u5927\u98ce\u8f66\u201d\u5510\u9e2d\u53ef\u5fb7|spa|1\n|move|p1a: \u201c\u5927\u98ce\u8f66\u201d\u5510\u9e2d\u53ef\u5fb7|Sky Attack|p2a: Hatterene|[from]lockedmove\n|-crit|p2a: Hatterene\n|-damage|p2a: Hatterene|0 fnt\n|faint|p2a: Hatterene\n|\n|upkeep\n|\n|t:|1701148404\n|switch|p2a: Marowak|Marowak-Alola, F|91\/100\n|turn|19\n|\n|t:|1701148411\n|switch|p1a: Doublade|Doublade, F|37\/100\n|move|p2a: Marowak|Flare Blitz|p1a: Doublade\n|-supereffective|p1a: Doublade\n|-damage|p1a: Doublade|0 fnt\n|faint|p1a: Doublade\n|\n|upkeep\n|\n|t:|1701148421\n|switch|p1a: \u201c\u6625\u98ce\u201d\u8c22\u7c73|Shaymin|100\/100\n|turn|20\n|\n|t:|1701148429\n|move|p2a: Marowak|Flare Blitz|p1a: \u201c\u6625\u98ce\u201d\u8c22\u7c73\n|-supereffective|p1a: \u201c\u6625\u98ce\u201d\u8c22\u7c73\n|-damage|p1a: \u201c\u6625\u98ce\u201d\u8c22\u7c73|0 fnt\n|faint|p1a: \u201c\u6625\u98ce\u201d\u8c22\u7c73\n|\n|upkeep\n|\n|t:|1701148432\n|switch|p1a: \u201c\u5927\u98ce\u8f66\u201d\u5510\u9e2d\u53ef\u5fb7|Sirfetch\u2019d, M, shiny, tera:Steel|8\/100\n|turn|21\n|-message|knife12138 forfeited.\n|\n|win|qrerawa\n|raw|knife12138's rating: 1357 &rarr; <strong>1334<\/strong><br \/>(-23 for losing)\n|raw|qrerawa's rating: 1301 &rarr; <strong>1324<\/strong><br \/>(+23 for winning)\n|l|\u2606knife12138\n|c|\u2606qrerawa|ggwp\n","uploadtime":1701148442,"views":1,"p1id":"knife12138","p2id":"qrerawa","formatid":"gen9nationaldex","rating":1324,"private":0,"password":""}