{"id":"gen9nationaldex-1988787324","p1":"jiangzhi","p2":"not_kastadiva","format":"[Gen 9] National Dex","log":"|j|\u2606jiangzhi\n|j|\u2606not_kastadiva\n|t:|1699763130\n|gametype|singles\n|player|p1|jiangzhi|170|1463\n|player|p2|not_kastadiva|102|1417\n|teamsize|p1|6\n|teamsize|p2|6\n|gen|9\n|tier|[Gen 9] National Dex\n|rated|\n|rule|HP Percentage Mod: HP is shown in percentages\n|rule|Endless Battle Clause: Forcing endless battles is banned\n|rule|OHKO Clause: OHKO moves are banned\n|rule|Evasion Clause: Evasion abilities, items, and moves are banned\n|rule|Evasion Abilities Clause: Evasion abilities are banned\n|rule|Evasion Items Clause: Evasion items are banned\n|rule|Evasion Moves Clause: Evasion moves are banned\n|rule|Species Clause: Limit one of each Pok\u00e9mon\n|rule|Sleep Clause Mod: Limit one foe put to sleep\n|clearpoke\n|poke|p1|Mew|\n|poke|p1|Flamigo, M|\n|poke|p1|Enamorus, F|\n|poke|p1|Slowking, M|\n|poke|p1|Alomomola, M|\n|poke|p1|Diancie|\n|poke|p2|Ursaluna, M|\n|poke|p2|Hatterene, F|\n|poke|p2|Hoopa-Unbound|\n|poke|p2|Sinistcha-Masterpiece|\n|poke|p2|Iron Hands|\n|poke|p2|Stakataka|\n|teampreview\n|inactive|Battle timer is ON: inactive players will automatically lose when time's up. (requested by not_kastadiva)\n|\n|t:|1699763139\n|start\n|switch|p1a: Diancie|Diancie|100\/100\n|switch|p2a: Hatterene|Hatterene, F|100\/100\n|turn|1\n|\n|t:|1699763143\n|detailschange|p1a: Diancie|Diancie-Mega\n|-mega|p1a: Diancie|Diancie|Diancite\n|move|p1a: Diancie|Substitute|p1a: Diancie\n|-start|p1a: Diancie|Substitute\n|-damage|p1a: Diancie|76\/100\n|move|p2a: Hatterene|Trick Room|p2a: Hatterene\n|-fieldstart|move: Trick Room|[of] p2a: Hatterene\n|\n|upkeep\n|turn|2\n|\n|t:|1699763151\n|move|p2a: Hatterene|Dazzling Gleam|p1a: Diancie\n|-crit|p1a: Diancie\n|-end|p1a: Diancie|Substitute\n|move|p1a: Diancie|Substitute|p1a: Diancie\n|-start|p1a: Diancie|Substitute\n|-damage|p1a: Diancie|51\/100\n|\n|upkeep\n|turn|3\n|\n|t:|1699763156\n|move|p2a: Hatterene|Dazzling Gleam|p1a: Diancie\n|-end|p1a: Diancie|Substitute\n|move|p1a: Diancie|Substitute|p1a: Diancie\n|-start|p1a: Diancie|Substitute\n|-damage|p1a: Diancie|26\/100\n|\n|upkeep\n|turn|4\n|\n|t:|1699763169\n|move|p2a: Hatterene|Dazzling Gleam|p1a: Diancie\n|-end|p1a: Diancie|Substitute\n|move|p1a: Diancie|Substitute|p1a: Diancie\n|-start|p1a: Diancie|Substitute\n|-damage|p1a: Diancie|1\/100\n|\n|upkeep\n|turn|5\n|\n|t:|1699763175\n|move|p2a: Hatterene|Dazzling Gleam|p1a: Diancie\n|-end|p1a: Diancie|Substitute\n|move|p1a: Diancie|Diamond Storm|p2a: Hatterene\n|-damage|p2a: Hatterene|47\/100\n|-boost|p1a: Diancie|def|2\n|\n|-fieldend|move: Trick Room\n|upkeep\n|turn|6\n|\n|t:|1699763184\n|switch|p2a: Sinistcha|Sinistcha-Masterpiece|100\/100\n|move|p1a: Diancie|Diamond Storm|p2a: Sinistcha\n|-damage|p2a: Sinistcha|65\/100\n|-boost|p1a: Diancie|def|2\n|\n|upkeep\n|turn|7\n|\n|t:|1699763191\n|move|p1a: Diancie|Moonblast|p2a: Sinistcha\n|-damage|p2a: Sinistcha|0 fnt\n|faint|p2a: Sinistcha\n|\n|upkeep\n|\n|t:|1699763196\n|switch|p2a: Hoopa|Hoopa-Unbound|100\/100\n|turn|8\n|\n|t:|1699763203\n|move|p1a: Diancie|Moonblast|p2a: Hoopa\n|-supereffective|p2a: Hoopa\n|-damage|p2a: Hoopa|25\/100\n|-unboost|p2a: Hoopa|spa|1\n|-enditem|p2a: Hoopa|Eject Pack\n|\n|t:|1699763209\n|switch|p2a: Stakataka|Stakataka|100\/100\n|\n|upkeep\n|turn|9\n|\n|t:|1699763217\n|move|p1a: Diancie|Earth Power|p2a: Stakataka\n|-supereffective|p2a: Stakataka\n|-damage|p2a: Stakataka|0 fnt\n|faint|p2a: Stakataka\n|\n|upkeep\n|\n|t:|1699763232\n|switch|p2a: Hatterene|Hatterene, F|47\/100\n|turn|10\n|\n|t:|1699763236\n|move|p1a: Diancie|Diamond Storm|p2a: Hatterene|[miss]\n|-miss|p1a: Diancie|p2a: Hatterene\n|move|p2a: Hatterene|Trick Room|p2a: Hatterene\n|-fieldstart|move: Trick Room|[of] p2a: Hatterene\n|\n|upkeep\n|turn|11\n|\n|t:|1699763243\n|switch|p1a: Slowking|Slowking, M|100\/100\n|move|p2a: Hatterene|Healing Wish|p2a: Hatterene\n|faint|p2a: Hatterene\n|\n|upkeep\n|c|\u2606not_kastadiva|F uck u\n|\n|t:|1699763248\n|switch|p2a: Iron Hands|Iron Hands|100\/100\n|-enditem|p2a: Iron Hands|Booster Energy\n|-activate|p2a: Iron Hands|ability: Quark Drive|[fromitem]\n|-start|p2a: Iron Hands|quarkdriveatk\n|turn|12\n|\n|t:|1699763260\n|switch|p1a: Mew|Mew|100\/100\n|move|p2a: Iron Hands|Swords Dance|p2a: Iron Hands\n|-boost|p2a: Iron Hands|atk|2\n|\n|upkeep\n|turn|13\n|\n|t:|1699763267\n|move|p2a: Iron Hands|Wild Charge|p1a: Mew\n|-damage|p1a: Mew|0 fnt\n|faint|p1a: Mew\n|-damage|p2a: Iron Hands|84\/100|[from] Recoil\n|\n|upkeep\n|\n|t:|1699763272\n|switch|p1a: Enamorus|Enamorus, F|100\/100\n|turn|14\n|\n|t:|1699763283\n|-terastallize|p1a: Enamorus|Ground\n|move|p2a: Iron Hands|Wild Charge|p1a: Enamorus\n|-immune|p1a: Enamorus\n|move|p1a: Enamorus|Earth Power|p2a: Iron Hands\n|-supereffective|p2a: Iron Hands\n|-damage|p2a: Iron Hands|0 fnt\n|faint|p2a: Iron Hands\n|-end|p2a: Iron Hands|Quark Drive|[silent]\n|\n|-fieldend|move: Trick Room\n|upkeep\n|\n|t:|1699763293\n|switch|p2a: Hoopa|Hoopa-Unbound|25\/100\n|-heal|p2a: Hoopa|100\/100|[from] move: Healing Wish\n|turn|15\n|\n|t:|1699763296\n|move|p1a: Enamorus|Moonblast|p2a: Hoopa\n|-supereffective|p2a: Hoopa\n|-damage|p2a: Hoopa|32\/100\n|-unboost|p2a: Hoopa|spa|1\n|move|p2a: Hoopa|Trick Room|p2a: Hoopa\n|-fieldstart|move: Trick Room|[of] p2a: Hoopa\n|\n|upkeep\n|turn|16\n|\n|t:|1699763311\n|switch|p1a: Diancie|Diancie-Mega|1\/100\n|move|p2a: Hoopa|Hyperspace Fury|p1a: Diancie\n|-resisted|p1a: Diancie\n|-damage|p1a: Diancie|0 fnt\n|-unboost|p2a: Hoopa|def|1\n|faint|p1a: Diancie\n|\n|upkeep\n|\n|t:|1699763317\n|switch|p1a: Alomomola|Alomomola, M|100\/100\n|turn|17\n|\n|t:|1699763322\n|switch|p2a: Ursaluna|Ursaluna, M|100\/100\n|move|p1a: Alomomola|Flip Turn|p2a: Ursaluna\n|-supereffective|p2a: Ursaluna\n|-crit|p2a: Ursaluna\n|-damage|p2a: Ursaluna|66\/100\n|\n|t:|1699763330\n|switch|p1a: Flamigo|Flamigo, M|100\/100|[from] Flip Turn\n|\n|-status|p2a: Ursaluna|brn|[from] item: Flame Orb\n|upkeep\n|turn|18\n|\n|t:|1699763337\n|switch|p1a: Slowking|Slowking, M|100\/100\n|move|p2a: Ursaluna|Facade|p1a: Slowking\n|-crit|p1a: Slowking\n|-damage|p1a: Slowking|0 fnt\n|faint|p1a: Slowking\n|\n|-damage|p2a: Ursaluna|59\/100 brn|[from] brn\n|upkeep\n|\n|t:|1699763342\n|switch|p1a: Alomomola|Alomomola, M|100\/100\n|turn|19\n|\n|t:|1699763346\n|move|p2a: Ursaluna|Swords Dance|p2a: Ursaluna\n|-boost|p2a: Ursaluna|atk|2\n|move|p1a: Alomomola|Flip Turn|p2a: Ursaluna\n|-supereffective|p2a: Ursaluna\n|-damage|p2a: Ursaluna|36\/100 brn\n|\n|t:|1699763354\n|switch|p1a: Flamigo|Flamigo, M|100\/100|[from] Flip Turn\n|\n|-damage|p2a: Ursaluna|30\/100 brn|[from] brn\n|-fieldend|move: Trick Room\n|upkeep\n|turn|20\n|\n|t:|1699763363\n|move|p1a: Flamigo|Close Combat|p2a: Ursaluna\n|-supereffective|p2a: Ursaluna\n|-damage|p2a: Ursaluna|0 fnt\n|-unboost|p1a: Flamigo|def|1\n|-unboost|p1a: Flamigo|spd|1\n|faint|p2a: Ursaluna\n|\n|upkeep\n|\n|t:|1699763366\n|switch|p2a: Hoopa|Hoopa-Unbound|32\/100\n|turn|21\n|\n|t:|1699763370\n|-terastallize|p2a: Hoopa|Poison\n|move|p1a: Flamigo|Close Combat|p2a: Hoopa\n|-resisted|p2a: Hoopa\n|-damage|p2a: Hoopa|0 fnt\n|-unboost|p1a: Flamigo|def|1\n|-unboost|p1a: Flamigo|spd|1\n|faint|p2a: Hoopa\n|\n|win|jiangzhi\n|raw|jiangzhi's rating: 1446 &rarr; <strong>1464<\/strong><br \/>(+18 for winning)\n|raw|not_kastadiva's rating: 1417 &rarr; <strong>1399<\/strong><br \/>(-18 for losing)\n","uploadtime":1699763247,"views":4,"p1id":"jiangzhi","p2id":"notkastadiva","formatid":"gen9nationaldex","rating":1399,"private":0,"password":""}