{"id":"gen9nationaldex-1993029408","p1":"Sl33py_Atlas","p2":"ShowdownSaga","format":"[Gen 9] National Dex","log":"|j|\u2606Sl33py_Atlas\n|j|\u2606ShowdownSaga\n|t:|1700257077\n|gametype|singles\n|player|p1|Sl33py_Atlas|hilda-wonderlauncher|1176\n|player|p2|ShowdownSaga|volo|1253\n|teamsize|p1|6\n|teamsize|p2|6\n|gen|9\n|tier|[Gen 9] National Dex\n|rated|\n|rule|HP Percentage Mod: HP is shown in percentages\n|rule|Endless Battle Clause: Forcing endless battles is banned\n|rule|OHKO Clause: OHKO moves are banned\n|rule|Evasion Clause: Evasion abilities, items, and moves are banned\n|rule|Evasion Abilities Clause: Evasion abilities are banned\n|rule|Evasion Items Clause: Evasion items are banned\n|rule|Evasion Moves Clause: Evasion moves are banned\n|rule|Species Clause: Limit one of each Pok\u00e9mon\n|rule|Sleep Clause Mod: Limit one foe put to sleep\n|clearpoke\n|poke|p1|Volcarona, F|\n|poke|p1|Rotom-Wash|\n|poke|p1|Ninetales-Alola, M|\n|poke|p1|Corviknight, F|\n|poke|p1|Garchomp, F|\n|poke|p1|Meowscarada, F|\n|poke|p2|Swampert, M|\n|poke|p2|Zapdos|\n|poke|p2|Urshifu-*, M|\n|poke|p2|Tapu Koko|\n|poke|p2|Pelipper, F|\n|poke|p2|Ribombee, M|\n|teampreview\n|inactive|Battle timer is ON: inactive players will automatically lose when time's up. (requested by ShowdownSaga)\n|\n|t:|1700257104\n|start\n|switch|p1a: Chimp chomp|Garchomp, F|100\/100\n|switch|p2a: Bee|Ribombee, M, shiny|100\/100\n|turn|1\n|\n|t:|1700257114\n|switch|p1a: Teacup|Volcarona, F|100\/100\n|move|p2a: Bee|Sticky Web|p1a: Teacup\n|-sidestart|p1: Sl33py_Atlas|move: Sticky Web\n|\n|upkeep\n|turn|2\n|\n|t:|1700257123\n|move|p2a: Bee|Tailwind|p2a: Bee\n|-sidestart|p2: ShowdownSaga|move: Tailwind\n|move|p1a: Teacup|Fiery Dance|p2a: Bee\n|-supereffective|p2a: Bee\n|-enditem|p2a: Bee|Focus Sash\n|-damage|p2a: Bee|1\/100\n|\n|upkeep\n|turn|3\n|\n|t:|1700257134\n|move|p2a: Bee|Bug Buzz|p1a: Teacup\n|-resisted|p1a: Teacup\n|-damage|p1a: Teacup|80\/100\n|move|p1a: Teacup|Fiery Dance|p2a: Bee\n|-supereffective|p2a: Bee\n|-damage|p2a: Bee|0 fnt\n|-boost|p1a: Teacup|spa|1\n|faint|p2a: Bee\n|\n|upkeep\n|\n|t:|1700257139\n|switch|p2a: Peri|Pelipper, F, shiny|100\/100\n|-weather|RainDance|[from] ability: Drizzle|[of] p2a: Peri\n|turn|4\n|\n|t:|1700257150\n|switch|p1a: Samsung|Rotom-Wash, shiny|100\/100\n|move|p2a: Peri|U-turn|p1a: Samsung\n|-damage|p1a: Samsung|87\/100\n|\n|t:|1700257173\n|switch|p2a: Uberfu|Urshifu-Rapid-Strike, M|100\/100|[from] U-turn\n|\n|-weather|RainDance|[upkeep]\n|upkeep\n|turn|5\n|\n|t:|1700257187\n|move|p2a: Uberfu|Drain Punch|p1a: Samsung\n|-damage|p1a: Samsung|26\/100\n|move|p1a: Samsung|Volt Switch|p2a: Uberfu\n|-supereffective|p2a: Uberfu\n|-damage|p2a: Uberfu|0 fnt\n|faint|p2a: Uberfu\n|\n|t:|1700257195\n|switch|p1a: Biggest bird|Corviknight, F, shiny|100\/100|[from] Volt Switch\n|\n|-weather|RainDance|[upkeep]\n|-sideend|p2: ShowdownSaga|move: Tailwind\n|upkeep\n|\n|t:|1700257203\n|switch|p2a: Bird|Zapdos, shiny|100\/100\n|turn|6\n|\n|t:|1700257225\n|switch|p1a: Boreal|Ninetales-Alola, M|100\/100\n|-activate|p1a: Boreal|move: Sticky Web\n|-unboost|p1a: Boreal|spe|1\n|-weather|Snow|[from] ability: Snow Warning|[of] p1a: Boreal\n|move|p2a: Bird|Thunder|p1a: Boreal\n|-damage|p1a: Boreal|37\/100\n|-status|p1a: Boreal|par\n|\n|-weather|Snow|[upkeep]\n|upkeep\n|turn|7\n|\n|t:|1700257237\n|switch|p2a: Peri|Pelipper, F, shiny|100\/100\n|-weather|RainDance|[from] ability: Drizzle|[of] p2a: Peri\n|move|p1a: Boreal|Blizzard|p2a: Peri\n|-damage|p2a: Peri|45\/100\n|-status|p2a: Peri|frz\n|\n|-weather|RainDance|[upkeep]\n|upkeep\n|turn|8\n|\n|t:|1700257252\n|cant|p2a: Peri|frz\n|cant|p1a: Boreal|par\n|\n|-weather|RainDance|[upkeep]\n|upkeep\n|turn|9\n|\n|t:|1700257262\n|switch|p2a: KokeKo|Tapu Koko, shiny|100\/100\n|-fieldstart|move: Electric Terrain|[from] ability: Electric Surge|[of] p2a: KokeKo\n|move|p1a: Boreal|Blizzard|p2a: KokeKo|[miss]\n|-miss|p1a: Boreal|p2a: KokeKo\n|\n|-weather|RainDance|[upkeep]\n|upkeep\n|turn|10\n|\n|t:|1700257276\n|switch|p1a: Chimp chomp|Garchomp, F|100\/100\n|-activate|p1a: Chimp chomp|move: Sticky Web\n|-unboost|p1a: Chimp chomp|spe|1\n|move|p2a: KokeKo|Volt Switch|p1a: Chimp chomp\n|-immune|p1a: Chimp chomp\n|\n|-weather|RainDance|[upkeep]\n|upkeep\n|turn|11\n|\n|t:|1700257287\n|-zpower|p2a: KokeKo\n|move|p2a: KokeKo|Guardian of Alola|p1a: Chimp chomp|[zeffect]\n|-damage|p1a: Chimp chomp|26\/100\n|move|p1a: Chimp chomp|Earthquake|p2a: KokeKo\n|-supereffective|p2a: KokeKo\n|-damage|p2a: KokeKo|0 fnt\n|faint|p2a: KokeKo\n|\n|-weather|RainDance|[upkeep]\n|upkeep\n|\n|t:|1700257298\n|switch|p2a: U Like Mudkip?|Swampert, M, shiny|100\/100\n|turn|12\n|\n|t:|1700257308\n|switch|p1a: Blazin\u2019|Meowscarada, F|100\/100\n|-activate|p1a: Blazin\u2019|move: Sticky Web\n|-unboost|p1a: Blazin\u2019|spe|1\n|detailschange|p2a: U Like Mudkip?|Swampert-Mega, M, shiny\n|-mega|p2a: U Like Mudkip?|Swampert|Swampertite\n|move|p2a: U Like Mudkip?|Flip Turn|p1a: Blazin\u2019\n|-resisted|p1a: Blazin\u2019\n|-damage|p1a: Blazin\u2019|58\/100\n|\n|t:|1700257312\n|switch|p2a: Bird|Zapdos, shiny|100\/100|[from] Flip Turn\n|\n|-weather|RainDance|[upkeep]\n|upkeep\n|turn|13\n|\n|t:|1700257330\n|move|p2a: Bird|Hurricane|p1a: Blazin\u2019\n|-supereffective|p1a: Blazin\u2019\n|-crit|p1a: Blazin\u2019\n|-damage|p1a: Blazin\u2019|0 fnt\n|faint|p1a: Blazin\u2019\n|\n|-weather|RainDance|[upkeep]\n|-fieldend|move: Electric Terrain\n|upkeep\n|\n|t:|1700257349\n|switch|p1a: Samsung|Rotom-Wash, shiny|26\/100\n|turn|14\n|\n|t:|1700257359\n|move|p1a: Samsung|Volt Switch|p2a: Bird\n|-damage|p2a: Bird|63\/100\n|\n|t:|1700257365\n|switch|p1a: Boreal|Ninetales-Alola, M|37\/100 par|[from] Volt Switch\n|-activate|p1a: Boreal|move: Sticky Web\n|-unboost|p1a: Boreal|spe|1\n|-weather|Snow|[from] ability: Snow Warning|[of] p1a: Boreal\n|move|p2a: Bird|Thunder|p1a: Boreal\n|-damage|p1a: Boreal|0 fnt\n|faint|p1a: Boreal\n|\n|-weather|Snow|[upkeep]\n|upkeep\n|\n|t:|1700257379\n|switch|p1a: Biggest bird|Corviknight, F, shiny|100\/100\n|turn|15\n|\n|t:|1700257394\n|-terastallize|p2a: Bird|Electric\n|move|p2a: Bird|Thunder|p1a: Biggest bird\n|-supereffective|p1a: Biggest bird\n|-damage|p1a: Biggest bird|0 fnt\n|faint|p1a: Biggest bird\n|\n|-weather|Snow|[upkeep]\n|upkeep\n|\n|t:|1700257408\n|switch|p1a: Chimp chomp|Garchomp, F|26\/100\n|-activate|p1a: Chimp chomp|move: Sticky Web\n|-unboost|p1a: Chimp chomp|spe|1\n|turn|16\n|\n|t:|1700257416\n|move|p2a: Bird|Weather Ball|p1a: Chimp chomp\n|-supereffective|p1a: Chimp chomp\n|-damage|p1a: Chimp chomp|0 fnt\n|faint|p1a: Chimp chomp\n|\n|-weather|Snow|[upkeep]\n|upkeep\n|\n|t:|1700257424\n|switch|p1a: Teacup|Volcarona, F|80\/100\n|turn|17\n|\n|t:|1700257428\n|switch|p2a: Peri|Pelipper, F, shiny|45\/100 frz\n|-weather|RainDance|[from] ability: Drizzle|[of] p2a: Peri\n|move|p1a: Teacup|Giga Drain|p2a: Peri\n|-damage|p2a: Peri|10\/100 frz\n|-heal|p1a: Teacup|99\/100|[from] drain|[of] p2a: Peri\n|\n|-weather|RainDance|[upkeep]\n|upkeep\n|turn|18\n|\n|t:|1700257442\n|move|p1a: Teacup|Giga Drain|p2a: Peri\n|-damage|p2a: Peri|0 fnt\n|-heal|p1a: Teacup|100\/100|[from] drain|[of] p2a: Peri\n|faint|p2a: Peri\n|\n|-weather|RainDance|[upkeep]\n|upkeep\n|\n|t:|1700257447\n|switch|p2a: Bird|Zapdos, shiny, tera:Electric|63\/100\n|turn|19\n|\n|t:|1700257451\n|move|p2a: Bird|Hurricane|p1a: Teacup\n|-supereffective|p1a: Teacup\n|-damage|p1a: Teacup|0 fnt\n|faint|p1a: Teacup\n|\n|-weather|RainDance|[upkeep]\n|upkeep\n|\n|t:|1700257458\n|switch|p1a: Samsung|Rotom-Wash, shiny|26\/100\n|turn|20\n|\n|t:|1700257463\n|move|p1a: Samsung|Thunderbolt|p2a: Bird\n|-resisted|p2a: Bird\n|-damage|p2a: Bird|38\/100\n|move|p2a: Bird|Thunder|p1a: Samsung\n|-damage|p1a: Samsung|0 fnt\n|faint|p1a: Samsung\n|\n|win|ShowdownSaga\n|raw|Sl33py_Atlas's rating: 1176 &rarr; <strong>1156<\/strong><br \/>(-20 for losing)\n|raw|ShowdownSaga's rating: 1253 &rarr; <strong>1273<\/strong><br \/>(+20 for winning)\n|l|\u2606Sl33py_Atlas\n","uploadtime":1700257483,"views":7,"p1id":"sl33pyatlas","p2id":"showdownsaga","formatid":"gen9nationaldex","rating":1156,"private":0,"password":""}