{"id":"gen9nationaldex-1996444331","p1":"eileenr","p2":"fajpar","format":"[Gen 9] National Dex","log":"|html|<div class=\"broadcast-blue\"><strong>[Gen 9] National Dex is currently suspecting Sneasler! For information on how to participate check out the <a href=\"https:\/\/www.smogon.com\/forums\/threads\/sv-national-dex-suspect-8-just-dance.3731534\/\">suspect thread<\/a>.<\/strong><\/div>\n|j|\u2606eileenr\n|j|\u2606fajpar\n|t:|1700682606\n|gametype|singles\n|player|p1|eileenr|maid|1107\n|player|p2|fajpar|nessa|1074\n|teamsize|p1|6\n|teamsize|p2|6\n|gen|9\n|tier|[Gen 9] National Dex\n|rated|\n|rule|HP Percentage Mod: HP is shown in percentages\n|rule|Endless Battle Clause: Forcing endless battles is banned\n|rule|OHKO Clause: OHKO moves are banned\n|rule|Evasion Clause: Evasion abilities, items, and moves are banned\n|rule|Evasion Abilities Clause: Evasion abilities are banned\n|rule|Evasion Items Clause: Evasion items are banned\n|rule|Evasion Moves Clause: Evasion moves are banned\n|rule|Species Clause: Limit one of each Pok\u00e9mon\n|rule|Sleep Clause Mod: Limit one foe put to sleep\n|clearpoke\n|poke|p1|Dhelmise|\n|poke|p1|Druddigon, M|\n|poke|p1|Stunfisk, M|\n|poke|p1|Crawdaunt, F|\n|poke|p1|Espeon, M|\n|poke|p1|Noivern, F|\n|poke|p2|Mr. Mime, M|\n|poke|p2|Grapploct, M|\n|poke|p2|Hawlucha, F|\n|poke|p2|Brambleghast, M|\n|poke|p2|Gyarados, F|\n|poke|p2|Gengar, M|\n|teampreview\n|inactive|Battle timer is ON: inactive players will automatically lose when time's up. (requested by eileenr)\n|\n|t:|1700682610\n|start\n|switch|p1a: Druddigon|Druddigon, M|100\/100\n|switch|p2a: Mr. Mime|Mr. Mime, M|100\/100\n|turn|1\n|\n|t:|1700682617\n|move|p2a: Mr. Mime|Trick|p1a: Druddigon\n|-activate|p2a: Mr. Mime|move: Trick|[of] p1a: Druddigon\n|-item|p1a: Druddigon|Flame Orb|[from] move: Trick\n|-item|p2a: Mr. Mime|Rocky Helmet|[from] move: Trick\n|move|p1a: Druddigon|Stealth Rock|p2a: Mr. Mime\n|-sidestart|p2: fajpar|move: Stealth Rock\n|\n|-status|p1a: Druddigon|brn|[from] item: Flame Orb\n|upkeep\n|turn|2\n|\n|t:|1700682628\n|move|p2a: Mr. Mime|Teeter Dance|p1a: Druddigon\n|-start|p1a: Druddigon|confusion\n|-activate|p1a: Druddigon|confusion\n|-damage|p1a: Druddigon|87\/100 brn|[from] confusion\n|\n|-damage|p1a: Druddigon|81\/100 brn|[from] brn\n|upkeep\n|turn|3\n|\n|t:|1700682633\n|move|p2a: Mr. Mime|Taunt|p1a: Druddigon\n|-start|p1a: Druddigon|move: Taunt\n|-activate|p1a: Druddigon|confusion\n|-damage|p1a: Druddigon|67\/100 brn|[from] confusion\n|\n|-damage|p1a: Druddigon|61\/100 brn|[from] brn\n|upkeep\n|turn|4\n|\n|t:|1700682640\n|move|p2a: Mr. Mime|Teeter Dance||[still]\n|-fail|p2a: Mr. Mime\n|-end|p1a: Druddigon|confusion\n|move|p1a: Druddigon|Earthquake|p2a: Mr. Mime\n|-damage|p2a: Mr. Mime|72\/100\n|\n|-damage|p1a: Druddigon|55\/100 brn|[from] brn\n|upkeep\n|turn|5\n|c|\u2606eileenr|damn\n|\n|t:|1700682647\n|move|p2a: Mr. Mime|Teeter Dance|p1a: Druddigon\n|-start|p1a: Druddigon|confusion\n|-activate|p1a: Druddigon|confusion\n|move|p1a: Druddigon|Earthquake|p2a: Mr. Mime\n|-crit|p2a: Mr. Mime\n|-damage|p2a: Mr. Mime|29\/100\n|\n|-damage|p1a: Druddigon|49\/100 brn|[from] brn\n|-end|p1a: Druddigon|move: Taunt\n|upkeep\n|turn|6\n|\n|t:|1700682656\n|switch|p2a: Hawlucha|Hawlucha, F|100\/100\n|-damage|p2a: Hawlucha|88\/100|[from] Stealth Rock\n|-activate|p1a: Druddigon|confusion\n|-damage|p1a: Druddigon|36\/100 brn|[from] confusion\n|\n|-damage|p1a: Druddigon|30\/100 brn|[from] brn\n|upkeep\n|turn|7\n|\n|t:|1700682659\n|move|p2a: Hawlucha|Defog|p1a: Druddigon\n|-unboost|p1a: Druddigon|evasion|1\n|-sideend|p2: fajpar|Stealth Rock|[from] move: Defog|[of] p2a: Hawlucha\n|-activate|p1a: Druddigon|confusion\n|move|p1a: Druddigon|Dragon Tail|p2a: Hawlucha\n|-damage|p2a: Hawlucha|68\/100\n|drag|p2a: Gyarados|Gyarados, F|100\/100\n|-ability|p2a: Gyarados|Intimidate|boost\n|-unboost|p1a: Druddigon|atk|1\n|\n|-damage|p1a: Druddigon|24\/100 brn|[from] brn\n|upkeep\n|turn|8\n|\n|t:|1700682667\n|move|p2a: Gyarados|Ice Fang|p1a: Druddigon\n|-supereffective|p1a: Druddigon\n|-damage|p1a: Druddigon|0 fnt\n|faint|p1a: Druddigon\n|\n|upkeep\n|\n|t:|1700682675\n|switch|p1a: Crawdaunt|Crawdaunt, F|100\/100\n|turn|9\n|\n|t:|1700682683\n|move|p2a: Gyarados|Dragon Dance|p2a: Gyarados\n|-boost|p2a: Gyarados|atk|1\n|-boost|p2a: Gyarados|spe|1\n|move|p1a: Crawdaunt|Crunch|p2a: Gyarados\n|-damage|p2a: Gyarados|32\/100\n|\n|-heal|p2a: Gyarados|38\/100|[from] item: Leftovers\n|upkeep\n|turn|10\n|\n|t:|1700682692\n|move|p2a: Gyarados|Earthquake|p1a: Crawdaunt\n|-damage|p1a: Crawdaunt|18\/100\n|move|p1a: Crawdaunt|Crunch|p2a: Gyarados\n|-damage|p2a: Gyarados|0 fnt\n|faint|p2a: Gyarados\n|\n|upkeep\n|\n|t:|1700682698\n|switch|p2a: Hawlucha|Hawlucha, F|68\/100\n|turn|11\n|\n|t:|1700682702\n|move|p2a: Hawlucha|Close Combat|p1a: Crawdaunt\n|-supereffective|p1a: Crawdaunt\n|-damage|p1a: Crawdaunt|0 fnt\n|-unboost|p2a: Hawlucha|def|1\n|-unboost|p2a: Hawlucha|spd|1\n|-enditem|p2a: Hawlucha|White Herb\n|-clearnegativeboost|p2a: Hawlucha|[silent]\n|faint|p1a: Crawdaunt\n|\n|upkeep\n|\n|t:|1700682708\n|switch|p1a: Stunfisk|Stunfisk, M|100\/100\n|turn|12\n|\n|t:|1700682716\n|move|p2a: Hawlucha|Close Combat|p1a: Stunfisk\n|-damage|p1a: Stunfisk|60\/100\n|-unboost|p2a: Hawlucha|def|1\n|-unboost|p2a: Hawlucha|spd|1\n|-enditem|p1a: Stunfisk|Kee Berry|[eat]\n|-boost|p1a: Stunfisk|def|1|[from] item: Kee Berry\n|move|p1a: Stunfisk|Discharge|p2a: Hawlucha\n|-supereffective|p2a: Hawlucha\n|-crit|p2a: Hawlucha\n|-damage|p2a: Hawlucha|0 fnt\n|faint|p2a: Hawlucha\n|\n|upkeep\n|\n|t:|1700682730\n|switch|p2a: Grapploct|Grapploct, M|100\/100\n|turn|13\n|\n|t:|1700682735\n|move|p2a: Grapploct|Octolock|p1a: Stunfisk\n|-start|p1a: Stunfisk|move: Octolock|[of] p2a: Grapploct\n|move|p1a: Stunfisk|Mud-Slap|p2a: Grapploct\n|-damage|p2a: Grapploct|91\/100\n|-unboost|p2a: Grapploct|accuracy|1\n|\n|-heal|p2a: Grapploct|97\/100|[from] item: Leftovers\n|-unboost|p1a: Stunfisk|def|1\n|-unboost|p1a: Stunfisk|spd|1\n|upkeep\n|turn|14\n|\n|t:|1700682743\n|move|p2a: Grapploct|Soak|p1a: Stunfisk\n|-start|p1a: Stunfisk|typechange|Water\n|move|p1a: Stunfisk|Mud-Slap|p2a: Grapploct\n|-damage|p2a: Grapploct|91\/100\n|-unboost|p2a: Grapploct|accuracy|1\n|\n|-heal|p2a: Grapploct|97\/100|[from] item: Leftovers\n|-unboost|p1a: Stunfisk|def|1\n|-unboost|p1a: Stunfisk|spd|1\n|upkeep\n|turn|15\n|\n|t:|1700682751\n|move|p2a: Grapploct|Detect|p2a: Grapploct\n|-singleturn|p2a: Grapploct|Protect\n|move|p1a: Stunfisk|Mud-Slap|p2a: Grapploct\n|-activate|p2a: Grapploct|move: Protect\n|\n|-heal|p2a: Grapploct|100\/100|[from] item: Leftovers\n|-unboost|p1a: Stunfisk|def|1\n|-unboost|p1a: Stunfisk|spd|1\n|upkeep\n|turn|16\n|\n|t:|1700682758\n|move|p2a: Grapploct|Drain Punch|p1a: Stunfisk\n|-damage|p1a: Stunfisk|13\/100\n|move|p1a: Stunfisk|Mud-Slap|p2a: Grapploct\n|-damage|p2a: Grapploct|94\/100\n|-unboost|p2a: Grapploct|accuracy|1\n|\n|-heal|p2a: Grapploct|100\/100|[from] item: Leftovers\n|-unboost|p1a: Stunfisk|def|1\n|-unboost|p1a: Stunfisk|spd|1\n|upkeep\n|turn|17\n|\n|t:|1700682765\n|move|p2a: Grapploct|Detect|p2a: Grapploct\n|-singleturn|p2a: Grapploct|Protect\n|move|p1a: Stunfisk|Discharge|p2a: Grapploct\n|-activate|p2a: Grapploct|move: Protect\n|\n|-unboost|p1a: Stunfisk|def|1\n|-unboost|p1a: Stunfisk|spd|1\n|upkeep\n|turn|18\n|\n|t:|1700682769\n|move|p2a: Grapploct|Drain Punch|p1a: Stunfisk|[miss]\n|-miss|p2a: Grapploct|p1a: Stunfisk\n|move|p1a: Stunfisk|Discharge|p2a: Grapploct\n|-damage|p2a: Grapploct|79\/100\n|\n|-heal|p2a: Grapploct|85\/100|[from] item: Leftovers\n|-unboost|p1a: Stunfisk|def|1\n|-unboost|p1a: Stunfisk|spd|1\n|upkeep\n|turn|19\n|\n|t:|1700682777\n|move|p2a: Grapploct|Drain Punch|p1a: Stunfisk\n|-damage|p1a: Stunfisk|0 fnt\n|-heal|p2a: Grapploct|92\/100|[from] drain|[of] p1a: Stunfisk\n|faint|p1a: Stunfisk\n|\n|-heal|p2a: Grapploct|98\/100|[from] item: Leftovers\n|upkeep\n|\n|t:|1700682781\n|switch|p1a: Espeon|Espeon, M|100\/100\n|turn|20\n|\n|t:|1700682796\n|switch|p2a: Mr. Mime|Mr. Mime, M|29\/100\n|move|p1a: Espeon|Psychic|p2a: Mr. Mime\n|-resisted|p2a: Mr. Mime\n|-damage|p2a: Mr. Mime|0 fnt\n|faint|p2a: Mr. Mime\n|\n|upkeep\n|\n|t:|1700682804\n|switch|p2a: Brambleghast|Brambleghast, M|100\/100\n|turn|21\n|\n|t:|1700682808\n|switch|p1a: Dhelmise|Dhelmise|100\/100\n|move|p2a: Brambleghast|Infestation|p1a: Dhelmise\n|-damage|p1a: Dhelmise|97\/100\n|-activate|p1a: Dhelmise|move: Infestation|[of] p2a: Brambleghast\n|\n|-damage|p1a: Dhelmise|84\/100|[from] move: Infestation|[partiallytrapped]\n|upkeep\n|turn|22\n|\n|t:|1700682816\n|move|p2a: Brambleghast|Phantom Force||[still]\n|-prepare|p2a: Brambleghast|Phantom Force\n|-zpower|p1a: Dhelmise\n|move|p1a: Dhelmise|Corkscrew Crash|p2a: Brambleghast|[zeffect]|[miss]\n|-miss|p1a: Dhelmise|p2a: Brambleghast\n|\n|-damage|p1a: Dhelmise|72\/100|[from] move: Infestation|[partiallytrapped]\n|upkeep\n|turn|23\n|c|\u2606eileenr|fiiine\n|\n|t:|1700682828\n|move|p2a: Brambleghast|Phantom Force|p1a: Dhelmise|[from]lockedmove\n|-supereffective|p1a: Dhelmise\n|-damage|p1a: Dhelmise|7\/100\n|move|p1a: Dhelmise|Poltergeist|p2a: Brambleghast\n|-activate|p2a: Brambleghast|move: Poltergeist|Leftovers\n|-supereffective|p2a: Brambleghast\n|-damage|p2a: Brambleghast|0 fnt\n|faint|p2a: Brambleghast\n|\n|-end|p1a: Dhelmise|Infestation|[partiallytrapped]|[silent]\n|upkeep\n|\n|t:|1700682834\n|switch|p2a: Gengar|Gengar, M|100\/100\n|turn|24\n|\n|t:|1700682837\n|move|p2a: Gengar|Shadow Ball|p1a: Dhelmise\n|-supereffective|p1a: Dhelmise\n|-damage|p1a: Dhelmise|0 fnt\n|faint|p1a: Dhelmise\n|\n|upkeep\n|\n|t:|1700682842\n|switch|p1a: Noivern|Noivern, F|100\/100\n|turn|25\n|\n|t:|1700682848\n|switch|p2a: Grapploct|Grapploct, M|98\/100\n|-terastallize|p1a: Noivern|Normal\n|move|p1a: Noivern|Shadow Ball|p2a: Grapploct\n|-damage|p2a: Grapploct|52\/100\n|\n|-heal|p2a: Grapploct|58\/100|[from] item: Leftovers\n|upkeep\n|turn|26\n|\n|t:|1700682857\n|switch|p1a: Espeon|Espeon, M|100\/100\n|move|p2a: Grapploct|Detect||[still]\n|-fail|p2a: Grapploct\n|\n|-heal|p2a: Grapploct|65\/100|[from] item: Leftovers\n|upkeep\n|turn|27\n|\n|t:|1700682862\n|move|p1a: Espeon|Psychic|p2a: Grapploct\n|-supereffective|p2a: Grapploct\n|-damage|p2a: Grapploct|0 fnt\n|faint|p2a: Grapploct\n|\n|upkeep\n|\n|t:|1700682865\n|switch|p2a: Gengar|Gengar, M|100\/100\n|turn|28\n|\n|t:|1700682870\n|move|p2a: Gengar|Shadow Ball|p1a: Espeon\n|-supereffective|p1a: Espeon\n|-damage|p1a: Espeon|0 fnt\n|faint|p1a: Espeon\n|\n|upkeep\n|\n|t:|1700682874\n|switch|p1a: Noivern|Noivern, F, tera:Normal|100\/100\n|turn|29\n|\n|t:|1700682881\n|move|p2a: Gengar|Shadow Ball|p1a: Noivern\n|-immune|p1a: Noivern\n|move|p1a: Noivern|Shadow Ball|p2a: Gengar\n|-supereffective|p2a: Gengar\n|-damage|p2a: Gengar|0 fnt\n|-start|p1a: Noivern|Disable|Shadow Ball|[from] ability: Cursed Body|[of] p2a: Gengar\n|faint|p2a: Gengar\n|\n|win|eileenr\n|raw|eileenr's rating: 1107 &rarr; <strong>1130<\/strong><br \/>(+23 for winning)\n|raw|fajpar's rating: 1074 &rarr; <strong>1055<\/strong><br \/>(-19 for losing)\n|l|\u2606fajpar\n","uploadtime":1700682894,"views":6,"p1id":"eileenr","p2id":"fajpar","formatid":"gen9nationaldex","rating":1055,"private":0,"password":""}