{"id":"gen9nationaldex-1992688175","p1":"bubulangte","p2":"Manisj","format":"[Gen 9] National Dex","log":"|j|\u2606bubulangte\n|j|\u2606Manisj\n|t:|1700225398\n|gametype|singles\n|player|p1|bubulangte|clair|1540\n|player|p2|Manisj|dawn|1516\n|teamsize|p1|6\n|teamsize|p2|6\n|gen|9\n|tier|[Gen 9] National Dex\n|rated|\n|rule|HP Percentage Mod: HP is shown in percentages\n|rule|Endless Battle Clause: Forcing endless battles is banned\n|rule|OHKO Clause: OHKO moves are banned\n|rule|Evasion Clause: Evasion abilities, items, and moves are banned\n|rule|Evasion Abilities Clause: Evasion abilities are banned\n|rule|Evasion Items Clause: Evasion items are banned\n|rule|Evasion Moves Clause: Evasion moves are banned\n|rule|Species Clause: Limit one of each Pok\u00e9mon\n|rule|Sleep Clause Mod: Limit one foe put to sleep\n|clearpoke\n|poke|p1|Greninja-*, M|\n|poke|p1|Weavile, F|\n|poke|p1|Sneasler, M|\n|poke|p1|Rillaboom, F|\n|poke|p1|Landorus-Therian, M|\n|poke|p1|Banette, F|\n|poke|p2|Scizor, M|\n|poke|p2|Landorus-Therian, M|\n|poke|p2|Toxapex, M|\n|poke|p2|Iron Valiant|\n|poke|p2|Skeledirge, M|\n|poke|p2|Zapdos|\n|teampreview\n|inactive|Battle timer is ON: inactive players will automatically lose when time's up. (requested by bubulangte)\n|\n|t:|1700225423\n|start\n|switch|p1a: Weavile|Weavile, F|100\/100\n|switch|p2a: Iron Valiant|Iron Valiant|100\/100\n|turn|1\n|\n|t:|1700225434\n|move|p1a: Weavile|Triple Axel|p2a: Iron Valiant\n|-crit|p2a: Iron Valiant\n|-damage|p2a: Iron Valiant|70\/100\n|-damage|p2a: Iron Valiant|34\/100\n|-damage|p2a: Iron Valiant|0 fnt\n|faint|p2a: Iron Valiant\n|-end|p2a: Iron Valiant|Quark Drive|[silent]\n|-hitcount|p2: Iron Valiant|3\n|\n|upkeep\n|\n|t:|1700225446\n|switch|p2a: Scizor|Scizor, M|100\/100\n|turn|2\n|\n|t:|1700225452\n|switch|p1a: Landorus|Landorus-Therian, M|100\/100\n|-ability|p1a: Landorus|Intimidate|boost\n|-unboost|p2a: Scizor|atk|1\n|detailschange|p2a: Scizor|Scizor-Mega, M\n|-mega|p2a: Scizor|Scizor|Scizorite\n|move|p2a: Scizor|U-turn|p1a: Landorus\n|-resisted|p1a: Landorus\n|-damage|p1a: Landorus|92\/100\n|\n|t:|1700225460\n|switch|p2a: Zapdos|Zapdos|100\/100|[from] U-turn\n|\n|-heal|p1a: Landorus|98\/100|[from] item: Leftovers\n|upkeep\n|turn|3\n|\n|t:|1700225473\n|-zpower|p2a: Zapdos\n|move|p2a: Zapdos|Supersonic Skystrike|p1a: Landorus|[zeffect]\n|-damage|p1a: Landorus|1\/100\n|move|p1a: Landorus|U-turn|p2a: Zapdos\n|-resisted|p2a: Zapdos\n|-damage|p2a: Zapdos|88\/100\n|-status|p1a: Landorus|par|[from] ability: Static|[of] p2a: Zapdos\n|\n|t:|1700225479\n|switch|p1a: Weavile|Weavile, F|100\/100|[from] U-turn\n|\n|upkeep\n|turn|4\n|\n|t:|1700225494\n|switch|p2a: Scizor|Scizor-Mega, M|100\/100\n|-terastallize|p1a: Weavile|Dark\n|move|p1a: Weavile|Beat Up|p2a: Scizor\n|-damage|p2a: Scizor|89\/100\n|-damage|p2a: Scizor|81\/100\n|-damage|p2a: Scizor|68\/100\n|-damage|p2a: Scizor|58\/100\n|-damage|p2a: Scizor|47\/100\n|-hitcount|p2a: Scizor|5\n|\n|upkeep\n|turn|5\n|l|\u2606bubulangte\n|inactive|bubulangte disconnected and has a minute to reconnect!\n|player|p1|\n|inactive|bubulangte has 30 seconds to reconnect!\n|j|\u2606bubulangte\n|inactive|bubulangte reconnected and has 115 seconds left.\n|player|p1|bubulangte|clair\n|\n|t:|1700225544\n|move|p1a: Weavile|Beat Up|p2a: Scizor\n|-damage|p2a: Scizor|36\/100\n|-damage|p2a: Scizor|28\/100\n|-damage|p2a: Scizor|17\/100\n|-damage|p2a: Scizor|5\/100\n|-damage|p2a: Scizor|0 fnt\n|faint|p2a: Scizor\n|-hitcount|p2: Scizor|5\n|\n|upkeep\n|inactive|Manisj has 120 seconds left.\n|\n|t:|1700225574\n|switch|p2a: Landorus|Landorus-Therian, M|100\/100\n|-ability|p2a: Landorus|Intimidate|boost\n|-unboost|p1a: Weavile|atk|1\n|turn|6\n|\n|t:|1700225583\n|switch|p1a: Landorus|Landorus-Therian, M|1\/100 par\n|-ability|p1a: Landorus|Intimidate|boost\n|-unboost|p2a: Landorus|atk|1\n|move|p2a: Landorus|U-turn|p1a: Landorus\n|-resisted|p1a: Landorus\n|-damage|p1a: Landorus|0 fnt\n|faint|p1a: Landorus\n|inactive|Manisj has 120 seconds left.\n|\n|t:|1700225602\n|switch|p2a: Skeledirge|Skeledirge, M|100\/100|[from] U-turn\n|\n|upkeep\n|\n|t:|1700225614\n|switch|p1a: Weavile|Weavile, F, tera:Dark|100\/100\n|turn|7\n|\n|t:|1700225620\n|-terastallize|p2a: Skeledirge|Fairy\n|move|p1a: Weavile|Beat Up|p2a: Skeledirge\n|-resisted|p2a: Skeledirge\n|-damage|p2a: Skeledirge|94\/100\n|-resisted|p2a: Skeledirge\n|-damage|p2a: Skeledirge|89\/100\n|-resisted|p2a: Skeledirge\n|-damage|p2a: Skeledirge|82\/100\n|-resisted|p2a: Skeledirge\n|-damage|p2a: Skeledirge|76\/100\n|-resisted|p2a: Skeledirge\n|-damage|p2a: Skeledirge|70\/100\n|-hitcount|p2a: Skeledirge|5\n|move|p2a: Skeledirge|Torch Song|p1a: Weavile\n|-damage|p1a: Weavile|60\/100\n|-boost|p2a: Skeledirge|spa|1\n|\n|upkeep\n|turn|8\n|inactive|bubulangte has 120 seconds left.\n|inactive|Manisj has 120 seconds left.\n|\n|t:|1700225643\n|switch|p1a: Greninja|Greninja, M|100\/100\n|move|p2a: Skeledirge|Torch Song|p1a: Greninja\n|-resisted|p1a: Greninja\n|-damage|p1a: Greninja|63\/100\n|-boost|p2a: Skeledirge|spa|1\n|\n|upkeep\n|turn|9\n|inactive|Manisj has 120 seconds left.\n|\n|t:|1700225657\n|-zpower|p1a: Greninja\n|move|p1a: Greninja|Hydro Vortex|p2a: Skeledirge|[zeffect]\n|-damage|p2a: Skeledirge|2\/100\n|move|p2a: Skeledirge|Slack Off|p2a: Skeledirge\n|-heal|p2a: Skeledirge|52\/100\n|\n|upkeep\n|turn|10\n|inactive|Manisj has 120 seconds left.\n|\n|t:|1700225668\n|move|p1a: Greninja|Hydro Pump|p2a: Skeledirge|[miss]\n|-miss|p1a: Greninja|p2a: Skeledirge\n|move|p2a: Skeledirge|Slack Off|p2a: Skeledirge\n|-heal|p2a: Skeledirge|100\/100\n|\n|upkeep\n|turn|11\n|inactive|Manisj has 120 seconds left.\n|\n|t:|1700225678\n|move|p1a: Greninja|Hydro Pump|p2a: Skeledirge\n|-damage|p2a: Skeledirge|62\/100\n|move|p2a: Skeledirge|Earth Power|p1a: Greninja\n|-damage|p1a: Greninja|0 fnt\n|faint|p1a: Greninja\n|\n|upkeep\n|\n|t:|1700225684\n|switch|p1a: Banette|Banette, F|100\/100\n|turn|12\n|\n|t:|1700225688\n|detailschange|p1a: Banette|Banette-Mega, F\n|-mega|p1a: Banette|Banette|Banettite\n|move|p1a: Banette|Destiny Bond|p1a: Banette\n|-singlemove|p1a: Banette|Destiny Bond\n|move|p2a: Skeledirge|Hex|p1a: Banette\n|-supereffective|p1a: Banette\n|-crit|p1a: Banette\n|-damage|p1a: Banette|0 fnt\n|faint|p1a: Banette\n|-activate|p1a: Banette|move: Destiny Bond\n|faint|p2a: Skeledirge\n|\n|upkeep\n|\n|t:|1700225701\n|switch|p1a: Weavile|Weavile, F, tera:Dark|60\/100\n|switch|p2a: Landorus|Landorus-Therian, M|100\/100\n|-ability|p2a: Landorus|Intimidate|boost\n|-unboost|p1a: Weavile|atk|1\n|turn|13\n|\n|t:|1700225708\n|move|p2a: Landorus|U-turn|p1a: Weavile\n|-supereffective|p1a: Weavile\n|-crit|p1a: Weavile\n|-damage|p1a: Weavile|0 fnt\n|faint|p1a: Weavile\n|\n|t:|1700225714\n|switch|p2a: Toxapex|Toxapex, M|100\/100|[from] U-turn\n|\n|upkeep\n|\n|t:|1700225717\n|switch|p1a: Rillaboom|Rillaboom, F|100\/100\n|-fieldstart|move: Grassy Terrain|[from] ability: Grassy Surge|[of] p1a: Rillaboom\n|turn|14\n|\n|t:|1700225722\n|move|p1a: Rillaboom|Wood Hammer|p2a: Toxapex\n|-damage|p2a: Toxapex|21\/100\n|-damage|p1a: Rillaboom|81\/100|[from] Recoil\n|move|p2a: Toxapex|Scald|p1a: Rillaboom\n|-resisted|p1a: Rillaboom\n|-damage|p1a: Rillaboom|71\/100\n|\n|-heal|p1a: Rillaboom|77\/100|[from] Grassy Terrain\n|-heal|p2a: Toxapex|27\/100|[from] Grassy Terrain\n|upkeep\n|turn|15\n|\n|t:|1700225735\n|switch|p2a: Zapdos|Zapdos|88\/100\n|move|p1a: Rillaboom|Wood Hammer|p2a: Zapdos\n|-resisted|p2a: Zapdos\n|-damage|p2a: Zapdos|8\/100\n|-damage|p1a: Rillaboom|56\/100|[from] Recoil\n|\n|-heal|p1a: Rillaboom|62\/100|[from] Grassy Terrain\n|upkeep\n|turn|16\n|\n|t:|1700225758\n|move|p2a: Zapdos|Hurricane|p1a: Rillaboom\n|-supereffective|p1a: Rillaboom\n|-crit|p1a: Rillaboom\n|-damage|p1a: Rillaboom|0 fnt\n|faint|p1a: Rillaboom\n|\n|upkeep\n|\n|t:|1700225761\n|switch|p1a: Sneasler|Sneasler, M|100\/100\n|-enditem|p1a: Sneasler|Grassy Seed\n|-boost|p1a: Sneasler|def|1|[from] item: Grassy Seed\n|turn|17\n|\n|t:|1700225767\n|move|p1a: Sneasler|Dire Claw|p2a: Zapdos\n|-damage|p2a: Zapdos|0 fnt\n|faint|p2a: Zapdos\n|\n|upkeep\n|\n|t:|1700225779\n|switch|p2a: Landorus|Landorus-Therian, M|100\/100\n|-ability|p2a: Landorus|Intimidate|boost\n|-unboost|p1a: Sneasler|atk|1\n|turn|18\n|\n|t:|1700225784\n|move|p1a: Sneasler|Dire Claw|p2a: Landorus\n|-resisted|p2a: Landorus\n|-damage|p2a: Landorus|85\/100\n|-status|p2a: Landorus|slp\n|cant|p2a: Landorus|slp\n|\n|-fieldend|move: Grassy Terrain\n|upkeep\n|turn|19\n|\n|t:|1700225792\n|switch|p2a: Toxapex|Toxapex, M|61\/100\n|move|p1a: Sneasler|Swords Dance|p1a: Sneasler\n|-boost|p1a: Sneasler|atk|2\n|\n|upkeep\n|turn|20\n|\n|t:|1700225799\n|move|p1a: Sneasler|Acrobatics|p2a: Toxapex\n|-damage|p2a: Toxapex|23\/100\n|move|p2a: Toxapex|Haze|p2a: Toxapex\n|-clearallboost\n|\n|upkeep\n|turn|21\n|\n|t:|1700225805\n|switch|p2a: Landorus|Landorus-Therian, M|85\/100 slp\n|-ability|p2a: Landorus|Intimidate|boost\n|-unboost|p1a: Sneasler|atk|1\n|move|p1a: Sneasler|Acrobatics|p2a: Landorus\n|-damage|p2a: Landorus|56\/100 slp\n|\n|upkeep\n|turn|22\n|\n|t:|1700225814\n|move|p1a: Sneasler|Acrobatics|p2a: Landorus\n|-damage|p2a: Landorus|26\/100 slp\n|cant|p2a: Landorus|slp\n|\n|upkeep\n|turn|23\n|\n|t:|1700225820\n|switch|p2a: Toxapex|Toxapex, M|57\/100\n|move|p1a: Sneasler|Acrobatics|p2a: Toxapex\n|-damage|p2a: Toxapex|42\/100\n|\n|upkeep\n|turn|24\n|\n|t:|1700225825\n|move|p1a: Sneasler|Acrobatics|p2a: Toxapex\n|-crit|p2a: Toxapex\n|-damage|p2a: Toxapex|7\/100\n|move|p2a: Toxapex|Recover|p2a: Toxapex\n|-heal|p2a: Toxapex|57\/100\n|\n|upkeep\n|turn|25\n|\n|t:|1700225832\n|switch|p2a: Landorus|Landorus-Therian, M|26\/100 slp\n|-ability|p2a: Landorus|Intimidate|boost\n|-unboost|p1a: Sneasler|atk|1\n|move|p1a: Sneasler|Swords Dance|p1a: Sneasler\n|-boost|p1a: Sneasler|atk|2\n|\n|upkeep\n|turn|26\n|\n|t:|1700225839\n|move|p1a: Sneasler|Swords Dance|p1a: Sneasler\n|-boost|p1a: Sneasler|atk|2\n|-curestatus|p2a: Landorus|slp|[msg]\n|move|p2a: Landorus|Earthquake|p1a: Sneasler\n|-supereffective|p1a: Sneasler\n|-damage|p1a: Sneasler|0 fnt\n|faint|p1a: Sneasler\n|\n|win|Manisj\n|raw|bubulangte's rating: 1540 &rarr; <strong>1519<\/strong><br \/>(-21 for losing)\n|raw|Manisj's rating: 1516 &rarr; <strong>1537<\/strong><br \/>(+21 for winning)\n|l|\u2606bubulangte\n","uploadtime":1700225852,"views":27,"p1id":"bubulangte","p2id":"manisj","formatid":"gen9nationaldex","rating":1519,"private":0,"password":""}