{"id":"gen9nationaldex-1995204687","p1":"PenguinLover3000","p2":"Francoise Fat","format":"[Gen 9] National Dex","log":"|html|<div class=\"broadcast-blue\"><strong>[Gen 9] National Dex is currently suspecting Sneasler! For information on how to participate check out the <a href=\"https:\/\/www.smogon.com\/forums\/threads\/sv-national-dex-suspect-8-just-dance.3731534\/\">suspect thread<\/a>.<\/strong><\/div>\n|j|\u2606PenguinLover3000\n|j|\u2606Francoise Fat\n|t:|1700534351\n|gametype|singles\n|player|p1|PenguinLover3000|brycen|1077\n|player|p2|Francoise Fat|101|1140\n|teamsize|p1|6\n|teamsize|p2|6\n|gen|9\n|tier|[Gen 9] National Dex\n|rated|\n|rule|HP Percentage Mod: HP is shown in percentages\n|rule|Endless Battle Clause: Forcing endless battles is banned\n|rule|OHKO Clause: OHKO moves are banned\n|rule|Evasion Clause: Evasion abilities, items, and moves are banned\n|rule|Evasion Abilities Clause: Evasion abilities are banned\n|rule|Evasion Items Clause: Evasion items are banned\n|rule|Evasion Moves Clause: Evasion moves are banned\n|rule|Species Clause: Limit one of each Pok\u00e9mon\n|rule|Sleep Clause Mod: Limit one foe put to sleep\n|clearpoke\n|poke|p1|Vivillon-Fancy, M|\n|poke|p1|Pinsir, M|\n|poke|p1|Illumise, F|\n|poke|p1|Kleavor, M|\n|poke|p1|Buzzwole|\n|poke|p1|Galvantula, F|\n|poke|p2|Garchomp, F|\n|poke|p2|Dracozolt|\n|poke|p2|Excadrill, F|\n|poke|p2|Tyranitar, M|\n|poke|p2|Houndstone, M|\n|poke|p2|Aggron, F|\n|teampreview\n|\n|t:|1700534397\n|start\n|switch|p1a: Kleavor|Kleavor, M|100\/100\n|switch|p2a: Excadrill|Excadrill, F|100\/100\n|turn|1\n|\n|t:|1700534403\n|move|p2a: Excadrill|Rapid Spin|p1a: Kleavor\n|-resisted|p1a: Kleavor\n|-damage|p1a: Kleavor|89\/100\n|-boost|p2a: Excadrill|spe|1\n|move|p1a: Kleavor|Knock Off|p2a: Excadrill\n|-damage|p2a: Excadrill|67\/100\n|\n|-heal|p1a: Kleavor|96\/100|[from] item: Leftovers\n|upkeep\n|turn|2\n|\n|t:|1700534411\n|move|p2a: Excadrill|Iron Head|p1a: Kleavor\n|-supereffective|p1a: Kleavor\n|-damage|p1a: Kleavor|0 fnt\n|faint|p1a: Kleavor\n|\n|upkeep\n|\n|t:|1700534429\n|switch|p1a: Galvantula|Galvantula, F|100\/100\n|turn|3\n|\n|t:|1700534463\n|move|p1a: Galvantula|Giga Drain|p2a: Excadrill\n|-damage|p2a: Excadrill|37\/100\n|move|p2a: Excadrill|Rock Slide|p1a: Galvantula\n|-supereffective|p1a: Galvantula\n|-crit|p1a: Galvantula\n|-damage|p1a: Galvantula|0 fnt\n|faint|p1a: Galvantula\n|\n|upkeep\n|\n|t:|1700534478\n|switch|p1a: Vivillon|Vivillon-Fancy, M|100\/100\n|turn|4\n|\n|t:|1700534483\n|move|p2a: Excadrill|Rock Slide|p1a: Vivillon\n|-supereffective|p1a: Vivillon\n|-damage|p1a: Vivillon|0 fnt\n|faint|p1a: Vivillon\n|\n|upkeep\n|\n|t:|1700534490\n|switch|p1a: Buzzwole|Buzzwole|100\/100\n|turn|5\n|\n|t:|1700534501\n|switch|p2a: Houndstone|Houndstone, M|100\/100\n|-terastallize|p1a: Buzzwole|Fairy\n|move|p1a: Buzzwole|Earthquake|p2a: Houndstone\n|-damage|p2a: Houndstone|60\/100\n|-enditem|p2a: Houndstone|Eject Button\n|\n|t:|1700534508\n|switch|p2a: Oceano|Aggron, F, shiny|100\/100\n|\n|upkeep\n|turn|6\n|\n|t:|1700534513\n|move|p1a: Buzzwole|Drain Punch|p2a: Oceano\n|-supereffective|p2a: Oceano\n|-ability|p2a: Oceano|Sturdy\n|-damage|p2a: Oceano|1\/100\n|move|p2a: Oceano|Metal Burst|p1a: Buzzwole\n|-damage|p1a: Buzzwole|0 fnt\n|faint|p1a: Buzzwole\n|\n|upkeep\n|\n|t:|1700534518\n|switch|p1a: Illumise|Illumise, F|100\/100\n|turn|7\n|-enditem|p2a: Oceano|Custap Berry|[eat]\n|-activate|p2a: Oceano|item: Custap Berry|[consumed]\n|\n|t:|1700534523\n|move|p2a: Oceano|Endeavor|p1a: Illumise\n|-damage|p1a: Illumise|1\/100\n|move|p1a: Illumise|Bug Buzz|p2a: Oceano\n|-resisted|p2a: Oceano\n|-damage|p2a: Oceano|0 fnt\n|faint|p2a: Oceano\n|\n|upkeep\n|\n|t:|1700534529\n|switch|p2a: Tyranitar|Tyranitar, M, shiny|100\/100\n|-weather|Sandstorm|[from] ability: Sand Stream|[of] p2a: Tyranitar\n|turn|8\n|\n|t:|1700534533\n|move|p1a: Illumise|Toxic|p2a: Tyranitar\n|-hint|Since gen 7, Dark is immune to Prankster moves.\n|-immune|p2a: Tyranitar\n|move|p2a: Tyranitar|Pursuit|p1a: Illumise\n|-damage|p1a: Illumise|0 fnt\n|faint|p1a: Illumise\n|\n|-weather|Sandstorm|[upkeep]\n|upkeep\n|\n|t:|1700534537\n|switch|p1a: Pinsir|Pinsir, M|100\/100\n|turn|9\n|\n|t:|1700534540\n|detailschange|p1a: Pinsir|Pinsir-Mega, M\n|-mega|p1a: Pinsir|Pinsir|Pinsirite\n|move|p1a: Pinsir|Brick Break|p2a: Tyranitar\n|-supereffective|p2a: Tyranitar\n|-damage|p2a: Tyranitar|3\/100\n|move|p2a: Tyranitar|Stone Edge|p1a: Pinsir\n|-supereffective|p1a: Pinsir\n|-damage|p1a: Pinsir|0 fnt\n|faint|p1a: Pinsir\n|\n|win|Francoise Fat\n|raw|PenguinLover3000's rating: 1077 &rarr; <strong>1059<\/strong><br \/>(-18 for losing)\n|raw|Francoise Fat's rating: 1140 &rarr; <strong>1161<\/strong><br \/>(+21 for winning)\n","uploadtime":1700534553,"views":1,"p1id":"penguinlover3000","p2id":"francoisefat","formatid":"gen9nationaldex","rating":1059,"private":0,"password":""}