{"id":"gen9nationaldex-2000095019","p1":"mergency\u4e71\u821e","p2":"WZKASH","format":"[Gen 9] National Dex","log":"|html|<div class=\"broadcast-blue\"><strong>[Gen 9] National Dex is currently suspecting Sneasler! For information on how to participate check out the <a href=\"https:\/\/www.smogon.com\/forums\/threads\/sv-national-dex-suspect-8-just-dance.3731534\/\">suspect thread<\/a>.<\/strong><\/div>\n|j|\u2606mergency\u4e71\u821e\n|j|\u2606WZKASH\n|t:|1701153803\n|gametype|singles\n|player|p1|mergency\u4e71\u821e|policeman-gen4|1326\n|player|p2|WZKASH|266|1277\n|teamsize|p1|6\n|teamsize|p2|6\n|gen|9\n|tier|[Gen 9] National Dex\n|rated|\n|rule|HP Percentage Mod: HP is shown in percentages\n|rule|Endless Battle Clause: Forcing endless battles is banned\n|rule|OHKO Clause: OHKO moves are banned\n|rule|Evasion Clause: Evasion abilities, items, and moves are banned\n|rule|Evasion Abilities Clause: Evasion abilities are banned\n|rule|Evasion Items Clause: Evasion items are banned\n|rule|Evasion Moves Clause: Evasion moves are banned\n|rule|Species Clause: Limit one of each Pok\u00e9mon\n|rule|Sleep Clause Mod: Limit one foe put to sleep\n|clearpoke\n|poke|p1|Alomomola, M|\n|poke|p1|Aegislash, M|\n|poke|p1|Lopunny, F|\n|poke|p1|Skeledirge, F|\n|poke|p1|Clodsire, M|\n|poke|p1|Bisharp, M|\n|poke|p2|Excadrill, M|\n|poke|p2|Latias, F|\n|poke|p2|Aegislash, F|\n|poke|p2|Tyranitar, F|\n|poke|p2|Ferrothorn, F|\n|poke|p2|Mantine, F|\n|teampreview\n|\n|t:|1701153816\n|start\n|switch|p1a: Bisharp|Bisharp, M, shiny|100\/100\n|switch|p2a: Latias|Latias, F|100\/100\n|turn|1\n|inactive|Battle timer is ON: inactive players will automatically lose when time's up. (requested by WZKASH)\n|inactive|mergency\u4e71\u821e also wants the timer to be on.\n|\n|t:|1701153829\n|switch|p2a: Ferrothorn|Ferrothorn, F|100\/100\n|move|p1a: Bisharp|Knock Off|p2a: Ferrothorn\n|-damage|p2a: Ferrothorn|72\/100\n|-damage|p1a: Bisharp|88\/100|[from] ability: Iron Barbs|[of] p2a: Ferrothorn\n|-enditem|p2a: Ferrothorn|Leftovers|[from] move: Knock Off|[of] p1a: Bisharp\n|\n|upkeep\n|turn|2\n|\n|t:|1701153838\n|switch|p1a: Skeledirge|Skeledirge, F|100\/100\n|move|p2a: Ferrothorn|Body Press|p1a: Skeledirge\n|-immune|p1a: Skeledirge\n|\n|upkeep\n|turn|3\n|\n|t:|1701153843\n|switch|p2a: Tyranitar|Tyranitar, F|100\/100\n|-weather|Sandstorm|[from] ability: Sand Stream|[of] p2a: Tyranitar\n|move|p1a: Skeledirge|Torch Song|p2a: Tyranitar\n|-resisted|p2a: Tyranitar\n|-damage|p2a: Tyranitar|90\/100\n|-boost|p1a: Skeledirge|spa|1\n|\n|-weather|Sandstorm|[upkeep]\n|-damage|p1a: Skeledirge|94\/100|[from] Sandstorm\n|-heal|p1a: Skeledirge|100\/100|[from] item: Leftovers\n|upkeep\n|turn|4\n|\n|t:|1701153856\n|-activate|p1a: Skeledirge|move: Pursuit\n|move|p2a: Tyranitar|Pursuit|p1a: Skeledirge|[from]Pursuit\n|-supereffective|p1a: Skeledirge\n|-damage|p1a: Skeledirge|0 fnt\n|faint|p1a: Skeledirge\n|-hint|A Pokemon can't switch between when it runs out of HP and when it faints\n|\n|-weather|Sandstorm|[upkeep]\n|upkeep\n|\n|t:|1701153859\n|switch|p1a: Lopunny|Lopunny, F, shiny|100\/100\n|turn|5\n|c|\u2606WZKASH|\u7ec8\u4e8e\u8bfb\u5bf9\u4e00\u6b21\u4e86\n|\n|t:|1701153879\n|switch|p2a: Mantine|Mantine, F|100\/100\n|detailschange|p1a: Lopunny|Lopunny-Mega, F, shiny\n|-mega|p1a: Lopunny|Lopunny|Lopunnite\n|move|p1a: Lopunny|Close Combat|p2a: Mantine\n|-resisted|p2a: Mantine\n|-damage|p2a: Mantine|74\/100\n|-unboost|p1a: Lopunny|def|1\n|-unboost|p1a: Lopunny|spd|1\n|\n|-weather|Sandstorm|[upkeep]\n|-damage|p1a: Lopunny|94\/100|[from] Sandstorm\n|-damage|p2a: Mantine|68\/100|[from] Sandstorm\n|upkeep\n|turn|6\n|\n|t:|1701153886\n|move|p1a: Lopunny|U-turn|p2a: Mantine\n|-resisted|p2a: Mantine\n|-damage|p2a: Mantine|59\/100\n|\n|t:|1701153898\n|switch|p1a: Clodsire|Clodsire, M|100\/100|[from] U-turn\n|move|p2a: Mantine|Roost|p2a: Mantine\n|-heal|p2a: Mantine|100\/100\n|-singleturn|p2a: Mantine|move: Roost\n|\n|-weather|Sandstorm|[upkeep]\n|-damage|p2a: Mantine|94\/100|[from] Sandstorm\n|upkeep\n|turn|7\n|\n|t:|1701153903\n|switch|p2a: Excadrill|Excadrill, M|100\/100\n|move|p1a: Clodsire|Yawn|p2a: Excadrill\n|-start|p2a: Excadrill|move: Yawn|[of] p1a: Clodsire\n|\n|-weather|none\n|upkeep\n|turn|8\n|\n|t:|1701153913\n|switch|p2a: Ferrothorn|Ferrothorn, F|72\/100\n|switch|p1a: Alomomola|Alomomola, M|100\/100\n|\n|upkeep\n|turn|9\n|\n|t:|1701153921\n|move|p1a: Alomomola|Flip Turn|p2a: Ferrothorn\n|-resisted|p2a: Ferrothorn\n|-damage|p2a: Ferrothorn|67\/100\n|-damage|p1a: Alomomola|88\/100|[from] ability: Iron Barbs|[of] p2a: Ferrothorn\n|\n|t:|1701153926\n|switch|p1a: Lopunny|Lopunny-Mega, F, shiny|94\/100|[from] Flip Turn\n|move|p2a: Ferrothorn|Leech Seed|p1a: Lopunny\n|-start|p1a: Lopunny|move: Leech Seed\n|\n|-damage|p1a: Lopunny|82\/100|[from] Leech Seed|[of] p2a: Ferrothorn\n|-heal|p2a: Ferrothorn|77\/100|[silent]\n|upkeep\n|turn|10\n|\n|t:|1701153935\n|switch|p2a: Mantine|Mantine, F|94\/100\n|move|p1a: Lopunny|U-turn|p2a: Mantine\n|-resisted|p2a: Mantine\n|-damage|p2a: Mantine|84\/100\n|\n|t:|1701153940\n|switch|p1a: Bisharp|Bisharp, M, shiny|88\/100|[from] U-turn\n|\n|upkeep\n|turn|11\n|\n|t:|1701153949\n|switch|p2a: Ferrothorn|Ferrothorn, F|77\/100\n|move|p1a: Bisharp|Swords Dance|p1a: Bisharp\n|-boost|p1a: Bisharp|atk|2\n|\n|upkeep\n|turn|12\n|\n|t:|1701153963\n|move|p1a: Bisharp|Iron Head|p2a: Ferrothorn\n|-resisted|p2a: Ferrothorn\n|-damage|p2a: Ferrothorn|52\/100\n|-damage|p1a: Bisharp|76\/100|[from] ability: Iron Barbs|[of] p2a: Ferrothorn\n|move|p2a: Ferrothorn|Body Press|p1a: Bisharp\n|-supereffective|p1a: Bisharp\n|-damage|p1a: Bisharp|0 fnt\n|faint|p1a: Bisharp\n|\n|upkeep\n|l|\u2606mergency\u4e71\u821e\n|inactive|mergency\u4e71\u821e disconnected and has a minute to reconnect!\n|player|p1|\n|inactive|mergency\u4e71\u821e has 30 seconds to reconnect!\n|inactive|mergency\u4e71\u821e has 20 seconds to reconnect!\n|inactive|mergency\u4e71\u821e has 15 seconds to reconnect!\n|inactive|mergency\u4e71\u821e has 10 seconds to reconnect!\n|inactive|mergency\u4e71\u821e has 5 seconds to reconnect!\n|-message|mergency\u4e71\u821e lost due to inactivity.\n|\n|win|WZKASH\n|raw|mergency\u4e71\u821e's rating: 1326 &rarr; <strong>1303<\/strong><br \/>(-23 for losing)\n|raw|WZKASH's rating: 1277 &rarr; <strong>1306<\/strong><br \/>(+29 for winning)\n","uploadtime":1701154042,"views":2,"p1id":"mergency","p2id":"wzkash","formatid":"gen9nationaldex","rating":1303,"private":0,"password":""}