{"id":"gen9nationaldex-1999218921","p1":"spoofly","p2":"SleepSm0king\u4e01\u771f\u4fa0","format":"[Gen 9] National Dex","log":"|html|<div class=\"broadcast-blue\"><strong>[Gen 9] National Dex is currently suspecting Sneasler! For information on how to participate check out the <a href=\"https:\/\/www.smogon.com\/forums\/threads\/sv-national-dex-suspect-8-just-dance.3731534\/\">suspect thread<\/a>.<\/strong><\/div>\n|j|\u2606spoofly\n|j|\u2606SleepSm0king\u4e01\u771f\u4fa0\n|t:|1701046901\n|gametype|singles\n|player|p1|spoofly|1|1576\n|player|p2|SleepSm0king\u4e01\u771f\u4fa0|penny|1606\n|teamsize|p1|6\n|teamsize|p2|6\n|gen|9\n|tier|[Gen 9] National Dex\n|rated|\n|rule|HP Percentage Mod: HP is shown in percentages\n|rule|Endless Battle Clause: Forcing endless battles is banned\n|rule|OHKO Clause: OHKO moves are banned\n|rule|Evasion Clause: Evasion abilities, items, and moves are banned\n|rule|Evasion Abilities Clause: Evasion abilities are banned\n|rule|Evasion Items Clause: Evasion items are banned\n|rule|Evasion Moves Clause: Evasion moves are banned\n|rule|Species Clause: Limit one of each Pok\u00e9mon\n|rule|Sleep Clause Mod: Limit one foe put to sleep\n|clearpoke\n|poke|p1|Tapu Koko|\n|poke|p1|Iron Valiant|\n|poke|p1|Hawlucha, F|\n|poke|p1|Iron Moth|\n|poke|p1|Landorus-Therian, M|\n|poke|p1|Scizor, M|\n|poke|p2|Zamazenta-*|\n|poke|p2|Zapdos|\n|poke|p2|Ceruledge, M|\n|poke|p2|Ogerpon-Wellspring, F|\n|poke|p2|Banette, M|\n|poke|p2|Hatterene, F|\n|teampreview\n|inactive|Battle timer is ON: inactive players will automatically lose when time's up. (requested by spoofly)\n|\n|t:|1701046913\n|start\n|switch|p1a: Tapu Koko|Tapu Koko|100\/100\n|switch|p2a: Banette|Banette, M|100\/100\n|-fieldstart|move: Electric Terrain|[from] ability: Electric Surge|[of] p1a: Tapu Koko\n|-item|p1a: Tapu Koko|Terrain Extender|[from] ability: Frisk|[of] p2a: Banette|[identify]\n|turn|1\n|\n|t:|1701046923\n|detailschange|p2a: Banette|Banette-Mega, M\n|-mega|p2a: Banette|Banette|Banettite\n|move|p1a: Tapu Koko|U-turn|p2a: Banette\n|-resisted|p2a: Banette\n|-damage|p2a: Banette|90\/100\n|\n|t:|1701046931\n|switch|p1a: Landorus|Landorus-Therian, M|100\/100|[from] U-turn\n|-ability|p1a: Landorus|Intimidate|boost\n|-unboost|p2a: Banette|atk|1\n|move|p2a: Banette|Poltergeist|p1a: Landorus\n|-activate|p1a: Landorus|move: Poltergeist|Eject Button\n|-damage|p1a: Landorus|57\/100\n|-enditem|p1a: Landorus|Eject Button\n|\n|t:|1701046939\n|switch|p1a: Iron Valiant|Iron Valiant|100\/100\n|-activate|p1a: Iron Valiant|ability: Quark Drive\n|-start|p1a: Iron Valiant|quarkdrivespe\n|\n|upkeep\n|turn|2\n|\n|t:|1701046948\n|move|p2a: Banette|Destiny Bond|p2a: Banette\n|-singlemove|p2a: Banette|Destiny Bond\n|move|p1a: Iron Valiant|Psyshock|p2a: Banette\n|-damage|p2a: Banette|47\/100\n|-damage|p1a: Iron Valiant|91\/100|[from] item: Life Orb\n|\n|upkeep\n|turn|3\n|\n|t:|1701046956\n|-end|p1a: Iron Valiant|Quark Drive|[silent]\n|switch|p1a: Landorus|Landorus-Therian, M|57\/100\n|-ability|p1a: Landorus|Intimidate|boost\n|-unboost|p2a: Banette|atk|1\n|move|p2a: Banette|Poltergeist||[still]\n|-fail|p2a: Banette\n|\n|upkeep\n|turn|4\n|\n|t:|1701046965\n|move|p2a: Banette|Will-O-Wisp|p1a: Landorus\n|-status|p1a: Landorus|brn\n|move|p1a: Landorus|U-turn|p2a: Banette\n|-resisted|p2a: Banette\n|-damage|p2a: Banette|40\/100\n|\n|t:|1701046971\n|switch|p1a: Scizor|Scizor, M|100\/100|[from] U-turn\n|\n|upkeep\n|turn|5\n|\n|t:|1701046976\n|detailschange|p1a: Scizor|Scizor-Mega, M\n|-mega|p1a: Scizor|Scizor|Scizorite\n|move|p1a: Scizor|Bullet Punch|p2a: Banette\n|-damage|p2a: Banette|0 fnt\n|faint|p2a: Banette\n|\n|upkeep\n|\n|t:|1701046985\n|switch|p2a: Zapdos|Zapdos, shiny|100\/100\n|turn|6\n|\n|t:|1701046989\n|switch|p1a: Landorus|Landorus-Therian, M|57\/100 brn\n|-ability|p1a: Landorus|Intimidate|boost\n|-unboost|p2a: Zapdos|atk|1\n|move|p2a: Zapdos|Volt Switch|p1a: Landorus\n|-immune|p1a: Landorus\n|\n|-damage|p1a: Landorus|51\/100 brn|[from] brn\n|upkeep\n|turn|7\n|\n|t:|1701046994\n|move|p1a: Landorus|Stealth Rock|p2a: Zapdos\n|-sidestart|p2: SleepSm0king\u4e01\u771f\u4fa0|move: Stealth Rock\n|move|p2a: Zapdos|Defog|p1a: Landorus\n|-unboost|p1a: Landorus|evasion|1\n|-sideend|p2: SleepSm0king\u4e01\u771f\u4fa0|Stealth Rock|[from] move: Defog|[of] p2a: Zapdos\n|-fieldend|move: Electric Terrain\n|\n|-damage|p1a: Landorus|45\/100 brn|[from] brn\n|upkeep\n|turn|8\n|\n|t:|1701047001\n|move|p1a: Landorus|U-turn|p2a: Zapdos\n|-resisted|p2a: Zapdos\n|-damage|p2a: Zapdos|97\/100\n|\n|t:|1701047004\n|switch|p1a: Tapu Koko|Tapu Koko|100\/100|[from] U-turn\n|-fieldstart|move: Electric Terrain|[from] ability: Electric Surge|[of] p1a: Tapu Koko\n|move|p2a: Zapdos|Hurricane|p1a: Tapu Koko\n|-resisted|p1a: Tapu Koko\n|-damage|p1a: Tapu Koko|65\/100\n|\n|upkeep\n|turn|9\n|\n|t:|1701047009\n|move|p1a: Tapu Koko|Thunderbolt|p2a: Zapdos\n|-damage|p2a: Zapdos|46\/100\n|move|p2a: Zapdos|Volt Switch|p1a: Tapu Koko\n|-resisted|p1a: Tapu Koko\n|-damage|p1a: Tapu Koko|43\/100\n|\n|t:|1701047017\n|switch|p2a: Hatterene|Hatterene, F, shiny|100\/100|[from] Volt Switch\n|\n|upkeep\n|turn|10\n|\n|t:|1701047024\n|move|p1a: Tapu Koko|U-turn|p2a: Hatterene\n|-damage|p2a: Hatterene|88\/100\n|\n|t:|1701047027\n|switch|p1a: Scizor|Scizor-Mega, M|100\/100|[from] U-turn\n|move|p2a: Hatterene|Draining Kiss|p1a: Scizor\n|-resisted|p1a: Scizor\n|-damage|p1a: Scizor|87\/100\n|-heal|p2a: Hatterene|97\/100|[from] drain|[of] p1a: Scizor\n|\n|-heal|p2a: Hatterene|100\/100|[from] item: Leftovers\n|upkeep\n|turn|11\n|\n|t:|1701047036\n|move|p1a: Scizor|Swords Dance|p1a: Scizor\n|-boost|p1a: Scizor|atk|2\n|move|p2a: Hatterene|Mystical Fire|p1a: Scizor\n|-supereffective|p1a: Scizor\n|-damage|p1a: Scizor|0 fnt\n|faint|p1a: Scizor\n|\n|upkeep\n|\n|t:|1701047040\n|switch|p1a: Iron Moth|Iron Moth|100\/100\n|-activate|p1a: Iron Moth|ability: Quark Drive\n|-start|p1a: Iron Moth|quarkdrivespe\n|turn|12\n|\n|t:|1701047053\n|move|p1a: Iron Moth|Sludge Wave|p2a: Hatterene\n|-supereffective|p2a: Hatterene\n|-damage|p2a: Hatterene|2\/100\n|move|p2a: Hatterene|Psyshock|p1a: Iron Moth\n|-supereffective|p1a: Iron Moth\n|-damage|p1a: Iron Moth|0 fnt\n|faint|p1a: Iron Moth\n|-end|p1a: Iron Moth|Quark Drive|[silent]\n|\n|-heal|p2a: Hatterene|8\/100|[from] item: Leftovers\n|upkeep\n|\n|t:|1701047064\n|switch|p1a: Tapu Koko|Tapu Koko|43\/100\n|turn|13\n|c|\u2606SleepSm0king\u4e01\u771f\u4fa0|yesssssssssss\n|\n|t:|1701047069\n|move|p1a: Tapu Koko|U-turn|p2a: Hatterene\n|-damage|p2a: Hatterene|0 fnt\n|faint|p2a: Hatterene\n|inactive|spoofly has 120 seconds left.\n|\n|t:|1701047101\n|switch|p1a: Landorus|Landorus-Therian, M|45\/100 brn|[from] U-turn\n|\n|-damage|p1a: Landorus|39\/100 brn|[from] brn\n|upkeep\n|\n|t:|1701047107\n|switch|p2a: Ogerpon|Ogerpon-Wellspring, F|100\/100\n|turn|14\n|\n|t:|1701047111\n|move|p2a: Ogerpon|Ivy Cudgel|p1a: Landorus|[anim] Ivy Cudgel Water\n|-supereffective|p1a: Landorus\n|-damage|p1a: Landorus|0 fnt\n|faint|p1a: Landorus\n|\n|upkeep\n|\n|t:|1701047117\n|switch|p1a: Hawlucha|Hawlucha, F|100\/100\n|-enditem|p1a: Hawlucha|Electric Seed\n|-boost|p1a: Hawlucha|def|1|[from] item: Electric Seed\n|turn|15\n|\n|t:|1701047123\n|move|p1a: Hawlucha|Swords Dance|p1a: Hawlucha\n|-boost|p1a: Hawlucha|atk|2\n|move|p2a: Ogerpon|Ivy Cudgel|p1a: Hawlucha|[anim] Ivy Cudgel Water\n|-damage|p1a: Hawlucha|46\/100\n|\n|-fieldend|move: Electric Terrain\n|upkeep\n|turn|16\n|\n|t:|1701047129\n|move|p1a: Hawlucha|Acrobatics|p2a: Ogerpon\n|-supereffective|p2a: Ogerpon\n|-damage|p2a: Ogerpon|0 fnt\n|faint|p2a: Ogerpon\n|\n|upkeep\n|\n|t:|1701047131\n|switch|p2a: Zapdos|Zapdos, shiny|46\/100\n|turn|17\n|\n|t:|1701047143\n|move|p1a: Hawlucha|Close Combat|p2a: Zapdos\n|-resisted|p2a: Zapdos\n|-damage|p2a: Zapdos|9\/100\n|-unboost|p1a: Hawlucha|def|1\n|-unboost|p1a: Hawlucha|spd|1\n|-status|p1a: Hawlucha|par|[from] ability: Static|[of] p2a: Zapdos\n|move|p2a: Zapdos|Roost|p2a: Zapdos\n|-heal|p2a: Zapdos|59\/100\n|-singleturn|p2a: Zapdos|move: Roost\n|\n|upkeep\n|turn|18\n|\n|t:|1701047151\n|move|p1a: Hawlucha|Swords Dance|p1a: Hawlucha\n|-boost|p1a: Hawlucha|atk|2\n|move|p2a: Zapdos|Roost|p2a: Zapdos\n|-heal|p2a: Zapdos|100\/100\n|-singleturn|p2a: Zapdos|move: Roost\n|\n|upkeep\n|turn|19\n|\n|t:|1701047156\n|switch|p2a: Ceruledge|Ceruledge, M|100\/100\n|cant|p1a: Hawlucha|par\n|\n|upkeep\n|turn|20\n|\n|t:|1701047163\n|move|p1a: Hawlucha|Acrobatics|p2a: Ceruledge\n|-enditem|p2a: Ceruledge|Focus Sash\n|-damage|p2a: Ceruledge|1\/100\n|-ability|p2a: Ceruledge|Weak Armor|boost\n|-unboost|p2a: Ceruledge|def|1\n|-boost|p2a: Ceruledge|spe|2\n|move|p2a: Ceruledge|Swords Dance|p2a: Ceruledge\n|-boost|p2a: Ceruledge|atk|2\n|\n|upkeep\n|turn|21\n|\n|t:|1701047169\n|move|p2a: Ceruledge|Bitter Blade|p1a: Hawlucha\n|-damage|p1a: Hawlucha|0 fnt\n|-heal|p2a: Ceruledge|26\/100|[from] drain|[of] p1a: Hawlucha\n|faint|p1a: Hawlucha\n|\n|upkeep\n|\n|t:|1701047174\n|switch|p1a: Tapu Koko|Tapu Koko|43\/100\n|-fieldstart|move: Electric Terrain|[from] ability: Electric Surge|[of] p1a: Tapu Koko\n|turn|22\n|c|\u2606SleepSm0king\u4e01\u771f\u4fa0|gg\n|\n|t:|1701047184\n|move|p2a: Ceruledge|Bitter Blade|p1a: Tapu Koko\n|-damage|p1a: Tapu Koko|0 fnt\n|-heal|p2a: Ceruledge|47\/100|[from] drain|[of] p1a: Tapu Koko\n|faint|p1a: Tapu Koko\n|\n|upkeep\n|\n|t:|1701047187\n|switch|p1a: Iron Valiant|Iron Valiant|91\/100\n|-activate|p1a: Iron Valiant|ability: Quark Drive\n|-start|p1a: Iron Valiant|quarkdrivespe\n|turn|23\n|\n|t:|1701047194\n|move|p2a: Ceruledge|Poltergeist|p1a: Iron Valiant\n|-activate|p1a: Iron Valiant|move: Poltergeist|Life Orb\n|-damage|p1a: Iron Valiant|0 fnt\n|faint|p1a: Iron Valiant\n|-end|p1a: Iron Valiant|Quark Drive|[silent]\n|\n|win|SleepSm0king\u4e01\u771f\u4fa0\n|raw|spoofly's rating: 1576 &rarr; <strong>1558<\/strong><br \/>(-18 for losing)\n|raw|SleepSm0king\u4e01\u771f\u4fa0's rating: 1606 &rarr; <strong>1624<\/strong><br \/>(+18 for winning)\n|l|\u2606spoofly\n","uploadtime":1701047201,"views":2,"p1id":"spoofly","p2id":"sleepsm0king","formatid":"gen9nationaldex","rating":1558,"private":0,"password":""}