{"id":"gen9nationaldex-1990985849","p1":"burpsicles","p2":"FORDISCRAZYATMATH","format":"[Gen 9] National Dex","log":"|j|\u2606burpsicles\n|j|\u2606FORDISCRAZYATMATH\n|t:|1700023564\n|gametype|singles\n|player|p1|burpsicles|steven-masters3|\n|player|p2|FORDISCRAZYATMATH|lucas|\n|teamsize|p1|6\n|teamsize|p2|6\n|gen|9\n|tier|[Gen 9] National Dex\n|rule|HP Percentage Mod: HP is shown in percentages\n|rule|Endless Battle Clause: Forcing endless battles is banned\n|rule|OHKO Clause: OHKO moves are banned\n|rule|Evasion Clause: Evasion abilities, items, and moves are banned\n|rule|Evasion Abilities Clause: Evasion abilities are banned\n|rule|Evasion Items Clause: Evasion items are banned\n|rule|Evasion Moves Clause: Evasion moves are banned\n|rule|Species Clause: Limit one of each Pok\u00e9mon\n|rule|Sleep Clause Mod: Limit one foe put to sleep\n|clearpoke\n|poke|p1|Greninja-*, M|\n|poke|p1|Kartana|\n|poke|p1|Scizor, F|\n|poke|p1|Cinderace, F|\n|poke|p1|Zapdos|\n|poke|p1|Slowking-Galar, M|\n|poke|p2|Pelipper, F|\n|poke|p2|Cinderace, M|\n|poke|p2|Gliscor, M|\n|poke|p2|Scizor, M|\n|poke|p2|Urshifu-*, F|\n|poke|p2|Ninetales-Alola, F|\n|teampreview\n|inactive|Battle timer is ON: inactive players will automatically lose when time's up. (requested by burpsicles)\n|inactiveoff|Battle timer is now OFF.\n|\n|t:|1700023583\n|start\n|switch|p1a: Zapdos|Zapdos|100\/100\n|switch|p2a: Urshifu|Urshifu-Rapid-Strike, F|100\/100\n|turn|1\n|\n|t:|1700023596\n|switch|p2a: Gliscor|Gliscor, M|100\/100\n|move|p1a: Zapdos|Hurricane|p2a: Gliscor\n|-damage|p2a: Gliscor|18\/100\n|\n|upkeep\n|turn|2\n|c|\u2606burpsicles|are you new to showdown?\n|\n|t:|1700023620\n|move|p2a: Gliscor|Poison Jab|p1a: Zapdos\n|-damage|p1a: Zapdos|84\/100\n|move|p1a: Zapdos|Hurricane|p2a: Gliscor\n|-damage|p2a: Gliscor|0 fnt\n|faint|p2a: Gliscor\n|\n|upkeep\n|\n|t:|1700023627\n|switch|p2a: Ninetales|Ninetales-Alola, F|100\/100\n|-weather|Snow|[from] ability: Snow Warning|[of] p2a: Ninetales\n|turn|3\n|\n|t:|1700023634\n|switch|p1a: Slowking|Slowking-Galar, M|100\/100\n|move|p2a: Ninetales|Dazzling Gleam|p1a: Slowking\n|-resisted|p1a: Slowking\n|-damage|p1a: Slowking|91\/100\n|\n|-weather|Snow|[upkeep]\n|upkeep\n|turn|4\n|\n|t:|1700023648\n|switch|p2a: Cinderace|Cinderace, M|100\/100\n|move|p1a: Slowking|Thunder Wave|p2a: Cinderace\n|-status|p2a: Cinderace|par\n|\n|-weather|Snow|[upkeep]\n|upkeep\n|turn|5\n|\n|t:|1700023653\n|move|p2a: Cinderace|Shadow Ball|p1a: Slowking\n|-start|p2a: Cinderace|typechange|Ghost|[from] ability: Libero\n|-supereffective|p1a: Slowking\n|-damage|p1a: Slowking|70\/100\n|move|p1a: Slowking|Future Sight|p2a: Cinderace\n|-start|p1a: Slowking|move: Future Sight\n|\n|-weather|Snow|[upkeep]\n|upkeep\n|turn|6\n|\n|t:|1700023664\n|cant|p2a: Cinderace|par\n|move|p1a: Slowking|Chilly Reception|p1a: Slowking\n|\n|t:|1700023667\n|switch|p1a: Greninja|Greninja, M|100\/100|[from] Chilly Reception\n|\n|-weather|Snow|[upkeep]\n|upkeep\n|turn|7\n|\n|t:|1700023683\n|move|p1a: Greninja|Dark Pulse|p2a: Cinderace\n|-supereffective|p2a: Cinderace\n|-damage|p2a: Cinderace|4\/100 par\n|move|p2a: Cinderace|Bulk Up|p2a: Cinderace\n|-boost|p2a: Cinderace|atk|1\n|-boost|p2a: Cinderace|def|1\n|\n|-weather|none\n|-end|p2a: Cinderace|move: Future Sight\n|-damage|p2a: Cinderace|0 fnt\n|faint|p2a: Cinderace\n|upkeep\n|\n|t:|1700023688\n|switch|p2a: Urshifu|Urshifu-Rapid-Strike, F|100\/100\n|turn|8\n|\n|t:|1700023693\n|switch|p1a: Zapdos|Zapdos|84\/100\n|move|p2a: Urshifu|Aura Sphere|p1a: Zapdos\n|-resisted|p1a: Zapdos\n|-damage|p1a: Zapdos|75\/100\n|\n|upkeep\n|turn|9\n|\n|t:|1700023704\n|switch|p2a: Ninetales|Ninetales-Alola, F|100\/100\n|-weather|Snow|[from] ability: Snow Warning|[of] p2a: Ninetales\n|move|p1a: Zapdos|Volt Switch|p2a: Ninetales\n|-damage|p2a: Ninetales|67\/100\n|\n|t:|1700023709\n|switch|p1a: Cinderace|Cinderace, F|100\/100|[from] Volt Switch\n|\n|-weather|Snow|[upkeep]\n|-heal|p2a: Ninetales|73\/100|[from] item: Leftovers\n|upkeep\n|turn|10\n|\n|t:|1700023720\n|switch|p2a: Pelipper|Pelipper, F|100\/100\n|-weather|RainDance|[from] ability: Drizzle|[of] p2a: Pelipper\n|move|p1a: Cinderace|Pyro Ball|p2a: Pelipper\n|-resisted|p2a: Pelipper\n|-damage|p2a: Pelipper|88\/100\n|\n|-weather|RainDance|[upkeep]\n|upkeep\n|turn|11\n|\n|t:|1700023723\n|move|p1a: Cinderace|U-turn|p2a: Pelipper\n|-resisted|p2a: Pelipper\n|-damage|p2a: Pelipper|78\/100\n|\n|t:|1700023726\n|switch|p1a: Slowking|Slowking-Galar, M|100\/100|[from] U-turn\n|move|p2a: Pelipper|Hydro Pump|p1a: Slowking|[miss]\n|-miss|p2a: Pelipper|p1a: Slowking\n|\n|-weather|RainDance|[upkeep]\n|upkeep\n|turn|12\n|\n|t:|1700023739\n|move|p2a: Pelipper|Hydro Pump|p1a: Slowking\n|-damage|p1a: Slowking|53\/100\n|move|p1a: Slowking|Chilly Reception|p1a: Slowking\n|-weather|Snow\n|\n|t:|1700023747\n|switch|p1a: Zapdos|Zapdos|75\/100|[from] Chilly Reception\n|\n|-weather|Snow|[upkeep]\n|upkeep\n|turn|13\n|\n|t:|1700023755\n|switch|p2a: Ninetales|Ninetales-Alola, F|73\/100\n|move|p1a: Zapdos|Volt Switch|p2a: Ninetales\n|-damage|p2a: Ninetales|41\/100\n|\n|t:|1700023762\n|switch|p1a: Scizor|Scizor, F|100\/100|[from] Volt Switch\n|\n|-weather|Snow|[upkeep]\n|-heal|p2a: Ninetales|47\/100|[from] item: Leftovers\n|upkeep\n|turn|14\n|\n|t:|1700023777\n|switch|p2a: Pelipper|Pelipper, F|78\/100\n|-weather|RainDance|[from] ability: Drizzle|[of] p2a: Pelipper\n|move|p1a: Scizor|Bullet Punch|p2a: Pelipper\n|-resisted|p2a: Pelipper\n|-damage|p2a: Pelipper|61\/100\n|\n|-weather|RainDance|[upkeep]\n|upkeep\n|turn|15\n|\n|t:|1700023786\n|detailschange|p1a: Scizor|Scizor-Mega, F\n|-mega|p1a: Scizor|Scizor|Scizorite\n|move|p1a: Scizor|Knock Off|p2a: Pelipper\n|-damage|p2a: Pelipper|21\/100\n|-enditem|p2a: Pelipper|Expert Belt|[from] move: Knock Off|[of] p1a: Scizor\n|move|p2a: Pelipper|Brave Bird|p1a: Scizor\n|-damage|p1a: Scizor|84\/100\n|-damage|p2a: Pelipper|15\/100|[from] Recoil\n|\n|-weather|RainDance|[upkeep]\n|upkeep\n|turn|16\n|\n|t:|1700023798\n|move|p1a: Scizor|Knock Off|p2a: Pelipper\n|-damage|p2a: Pelipper|0 fnt\n|faint|p2a: Pelipper\n|\n|-weather|RainDance|[upkeep]\n|upkeep\n|\n|t:|1700023802\n|switch|p2a: Urshifu|Urshifu-Rapid-Strike, F|100\/100\n|turn|17\n|\n|t:|1700023808\n|move|p2a: Urshifu|Aura Sphere|p1a: Scizor\n|-damage|p1a: Scizor|65\/100\n|move|p1a: Scizor|Knock Off|p2a: Urshifu\n|-resisted|p2a: Urshifu\n|-damage|p2a: Urshifu|78\/100\n|-enditem|p2a: Urshifu|Choice Band|[from] move: Knock Off|[of] p1a: Scizor\n|\n|-weather|RainDance|[upkeep]\n|upkeep\n|turn|18\n|\n|t:|1700023819\n|switch|p1a: Zapdos|Zapdos|75\/100\n|move|p2a: Urshifu|Aqua Jet|p1a: Zapdos\n|-damage|p1a: Zapdos|48\/100\n|\n|-weather|none\n|upkeep\n|turn|19\n|\n|t:|1700023824\n|switch|p2a: Ninetales|Ninetales-Alola, F|47\/100\n|-weather|Snow|[from] ability: Snow Warning|[of] p2a: Ninetales\n|move|p1a: Zapdos|Volt Switch|p2a: Ninetales\n|-damage|p2a: Ninetales|15\/100\n|\n|t:|1700023827\n|switch|p1a: Cinderace|Cinderace, F|100\/100|[from] Volt Switch\n|\n|-weather|Snow|[upkeep]\n|-heal|p2a: Ninetales|21\/100|[from] item: Leftovers\n|upkeep\n|turn|20\n|\n|t:|1700023839\n|switch|p2a: Urshifu|Urshifu-Rapid-Strike, F|78\/100\n|move|p1a: Cinderace|Pyro Ball|p2a: Urshifu\n|-resisted|p2a: Urshifu\n|-crit|p2a: Urshifu\n|-damage|p2a: Urshifu|42\/100\n|\n|-weather|Snow|[upkeep]\n|upkeep\n|turn|21\n|\n|t:|1700023844\n|move|p2a: Urshifu|Aqua Jet|p1a: Cinderace\n|-supereffective|p1a: Cinderace\n|-damage|p1a: Cinderace|53\/100\n|move|p1a: Cinderace|U-turn|p2a: Urshifu\n|-resisted|p2a: Urshifu\n|-damage|p2a: Urshifu|33\/100\n|\n|t:|1700023850\n|switch|p1a: Kartana|Kartana|100\/100|[from] U-turn\n|\n|-weather|Snow|[upkeep]\n|upkeep\n|turn|22\n|\n|t:|1700023864\n|switch|p2a: Scizor|Scizor, M|100\/100\n|move|p1a: Kartana|Leaf Blade|p2a: Scizor\n|-resisted|p2a: Scizor\n|-damage|p2a: Scizor|90\/100\n|\n|-weather|Snow|[upkeep]\n|upkeep\n|turn|23\n|\n|t:|1700023877\n|switch|p1a: Zapdos|Zapdos|48\/100\n|move|p2a: Scizor|Air Slash|p1a: Zapdos\n|-resisted|p1a: Zapdos\n|-damage|p1a: Zapdos|42\/100\n|\n|-weather|none\n|upkeep\n|turn|24\n|\n|t:|1700023896\n|detailschange|p2a: Scizor|Scizor-Mega, M\n|-mega|p2a: Scizor|Scizor|Scizorite\n|move|p2a: Scizor|Bullet Punch|p1a: Zapdos\n|-resisted|p1a: Zapdos\n|-damage|p1a: Zapdos|29\/100\n|-status|p2a: Scizor|par|[from] ability: Static|[of] p1a: Zapdos\n|move|p1a: Zapdos|Roost|p1a: Zapdos\n|-heal|p1a: Zapdos|79\/100\n|-singleturn|p1a: Zapdos|move: Roost\n|\n|upkeep\n|turn|25\n|\n|t:|1700023910\n|switch|p2a: Ninetales|Ninetales-Alola, F|21\/100\n|-weather|Snow|[from] ability: Snow Warning|[of] p2a: Ninetales\n|move|p1a: Zapdos|Hurricane|p2a: Ninetales\n|-damage|p2a: Ninetales|0 fnt\n|faint|p2a: Ninetales\n|\n|-weather|Snow|[upkeep]\n|upkeep\n|\n|t:|1700023912\n|switch|p2a: Urshifu|Urshifu-Rapid-Strike, F|33\/100\n|turn|26\n|\n|t:|1700023916\n|move|p2a: Urshifu|Aqua Jet|p1a: Zapdos\n|-damage|p1a: Zapdos|62\/100\n|move|p1a: Zapdos|Volt Switch|p2a: Urshifu\n|-supereffective|p2a: Urshifu\n|-damage|p2a: Urshifu|0 fnt\n|faint|p2a: Urshifu\n|\n|t:|1700023922\n|switch|p1a: Cinderace|Cinderace, F|53\/100|[from] Volt Switch\n|\n|-weather|Snow|[upkeep]\n|upkeep\n|\n|t:|1700023926\n|switch|p2a: Scizor|Scizor-Mega, M|90\/100 par\n|turn|27\n|\n|t:|1700023931\n|move|p1a: Cinderace|Pyro Ball|p2a: Scizor\n|-supereffective|p2a: Scizor\n|-damage|p2a: Scizor|0 fnt\n|faint|p2a: Scizor\n|\n|win|burpsicles\n","uploadtime":1700023938,"views":12,"p1id":"burpsicles","p2id":"fordiscrazyatmath","formatid":"gen9nationaldex","rating":0,"private":0,"password":""}