{"id":"gen9nationaldex-1996511396","p1":"Mitsunara3","p2":"Corazonmorado27","format":"[Gen 9] National Dex","log":"|html|<div class=\"broadcast-blue\"><strong>[Gen 9] National Dex is currently suspecting Sneasler! For information on how to participate check out the <a href=\"https:\/\/www.smogon.com\/forums\/threads\/sv-national-dex-suspect-8-just-dance.3731534\/\">suspect thread<\/a>.<\/strong><\/div>\n|j|\u2606Mitsunara3\n|j|\u2606Corazonmorado27\n|t:|1700689192\n|gametype|singles\n|player|p1|Mitsunara3|ingo|\n|player|p2|Corazonmorado27|parasollady|\n|teamsize|p1|6\n|teamsize|p2|6\n|gen|9\n|tier|[Gen 9] National Dex\n|rule|HP Percentage Mod: HP is shown in percentages\n|rule|Endless Battle Clause: Forcing endless battles is banned\n|rule|OHKO Clause: OHKO moves are banned\n|rule|Evasion Clause: Evasion abilities, items, and moves are banned\n|rule|Evasion Abilities Clause: Evasion abilities are banned\n|rule|Evasion Items Clause: Evasion items are banned\n|rule|Evasion Moves Clause: Evasion moves are banned\n|rule|Species Clause: Limit one of each Pok\u00e9mon\n|rule|Sleep Clause Mod: Limit one foe put to sleep\n|clearpoke\n|poke|p1|Staraptor, M|\n|poke|p1|Garchomp, F|\n|poke|p1|Infernape, F|\n|poke|p1|Gastrodon, M|\n|poke|p1|Lucario, M|\n|poke|p1|Roserade, M|\n|poke|p2|Delphox, M|\n|poke|p2|Blastoise, M|\n|poke|p2|Gogoat, F|\n|poke|p2|Gardevoir, F|\n|poke|p2|Raichu, M|\n|poke|p2|Lucario, M|\n|teampreview\n|c|\u2606Corazonmorado27|ahora si, suerte\n|c|\u2606Corazonmorado27|dejame veo si paso el link yo XD\n|j| TeamGardevoir123\n|c|\u2606Mitsunara3|Mismo inicio\n|inactive|Battle timer is ON: inactive players will automatically lose when time's up. (requested by Mitsunara3)\n|\n|t:|1700689271\n|start\n|switch|p1a: Infernape|Infernape, F|100\/100\n|switch|p2a: Mr. Delphox|Delphox, M|100\/100\n|turn|1\n|c|\u2606Corazonmorado27|yep\n|\n|t:|1700689281\n|move|p1a: Infernape|Fake Out|p2a: Mr. Delphox\n|-damage|p2a: Mr. Delphox|84\/100\n|cant|p2a: Mr. Delphox|flinch\n|\n|upkeep\n|turn|2\n|\n|t:|1700689287\n|switch|p1a: Gastrodon|Gastrodon, M|100\/100\n|move|p2a: Mr. Delphox|Psychic|p1a: Gastrodon\n|-damage|p1a: Gastrodon|57\/100\n|\n|-heal|p1a: Gastrodon|63\/100|[from] item: Leftovers\n|upkeep\n|turn|3\n|\n|t:|1700689300\n|switch|p2a: Miss. Gardevoir|Gardevoir, F|100\/100\n|-ability|p2a: Miss. Gardevoir|Storm Drain|[from] ability: Trace|[of] p1a: Gastrodon\n|move|p1a: Gastrodon|Recover|p1a: Gastrodon\n|-heal|p1a: Gastrodon|100\/100\n|\n|upkeep\n|turn|4\n|\n|t:|1700689311\n|detailschange|p2a: Miss. Gardevoir|Gardevoir-Mega, F\n|-mega|p2a: Miss. Gardevoir|Gardevoir|Gardevoirite\n|move|p2a: Miss. Gardevoir|Hyper Voice|p1a: Gastrodon\n|-damage|p1a: Gastrodon|47\/100\n|move|p1a: Gastrodon|Scald|p2a: Miss. Gardevoir\n|-damage|p2a: Miss. Gardevoir|74\/100\n|-status|p2a: Miss. Gardevoir|brn\n|\n|-heal|p1a: Gastrodon|53\/100|[from] item: Leftovers\n|-damage|p2a: Miss. Gardevoir|68\/100 brn|[from] brn\n|upkeep\n|turn|5\n|\n|t:|1700689329\n|switch|p1a: Roserade|Roserade, M|100\/100\n|move|p2a: Miss. Gardevoir|Psychic|p1a: Roserade\n|-supereffective|p1a: Roserade\n|-damage|p1a: Roserade|0 fnt\n|faint|p1a: Roserade\n|\n|-damage|p2a: Miss. Gardevoir|62\/100 brn|[from] brn\n|upkeep\n|\n|t:|1700689344\n|switch|p1a: Staraptor|Staraptor, M|100\/100\n|-ability|p1a: Staraptor|Intimidate|boost\n|-unboost|p2a: Miss. Gardevoir|atk|1\n|turn|6\n|\n|t:|1700689363\n|switch|p2a: Mr. Blastoise|Blastoise, M|100\/100\n|move|p1a: Staraptor|Brave Bird|p2a: Mr. Blastoise\n|-damage|p2a: Mr. Blastoise|41\/100\n|-damage|p1a: Staraptor|82\/100|[from] Recoil\n|-damage|p1a: Staraptor|72\/100|[from] item: Life Orb\n|\n|upkeep\n|turn|7\n|\n|t:|1700689374\n|move|p1a: Staraptor|Brave Bird|p2a: Mr. Blastoise\n|-damage|p2a: Mr. Blastoise|0 fnt\n|faint|p2a: Mr. Blastoise\n|-damage|p1a: Staraptor|59\/100|[from] Recoil\n|-damage|p1a: Staraptor|49\/100|[from] item: Life Orb\n|\n|upkeep\n|\n|t:|1700689390\n|switch|p2a: Mr. Delphox|Delphox, M|84\/100\n|turn|8\n|\n|t:|1700689403\n|move|p2a: Mr. Delphox|Psychic|p1a: Staraptor\n|-damage|p1a: Staraptor|0 fnt\n|faint|p1a: Staraptor\n|\n|upkeep\n|\n|t:|1700689409\n|switch|p1a: Gastrodon|Gastrodon, M|53\/100\n|turn|9\n|\n|t:|1700689432\n|switch|p2a: Miss. Gogoat|Gogoat, F|100\/100\n|move|p1a: Gastrodon|Recover|p1a: Gastrodon\n|-heal|p1a: Gastrodon|100\/100\n|\n|upkeep\n|turn|10\n|\n|t:|1700689439\n|switch|p1a: Infernape|Infernape, F|100\/100\n|move|p2a: Miss. Gogoat|Bulk Up|p2a: Miss. Gogoat\n|-boost|p2a: Miss. Gogoat|atk|1\n|-boost|p2a: Miss. Gogoat|def|1\n|\n|upkeep\n|turn|11\n|\n|t:|1700689455\n|-terastallize|p2a: Miss. Gogoat|Water\n|move|p1a: Infernape|Fake Out|p2a: Miss. Gogoat\n|-damage|p2a: Miss. Gogoat|93\/100\n|cant|p2a: Miss. Gogoat|flinch\n|\n|-heal|p2a: Miss. Gogoat|99\/100|[from] item: Leftovers\n|upkeep\n|turn|12\n|\n|t:|1700689470\n|move|p1a: Infernape|Thunder Punch|p2a: Miss. Gogoat\n|-supereffective|p2a: Miss. Gogoat\n|-damage|p2a: Miss. Gogoat|58\/100\n|move|p2a: Miss. Gogoat|Earthquake|p1a: Infernape\n|-supereffective|p1a: Infernape\n|-damage|p1a: Infernape|24\/100\n|\n|-heal|p2a: Miss. Gogoat|64\/100|[from] item: Leftovers\n|upkeep\n|turn|13\n|\n|t:|1700689480\n|move|p1a: Infernape|Thunder Punch|p2a: Miss. Gogoat\n|-supereffective|p2a: Miss. Gogoat\n|-damage|p2a: Miss. Gogoat|27\/100\n|move|p2a: Miss. Gogoat|Milk Drink|p2a: Miss. Gogoat\n|-heal|p2a: Miss. Gogoat|77\/100\n|\n|-heal|p2a: Miss. Gogoat|83\/100|[from] item: Leftovers\n|upkeep\n|turn|14\n|\n|t:|1700689490\n|move|p1a: Infernape|Thunder Punch|p2a: Miss. Gogoat\n|-supereffective|p2a: Miss. Gogoat\n|-damage|p2a: Miss. Gogoat|48\/100\n|move|p2a: Miss. Gogoat|Bulk Up|p2a: Miss. Gogoat\n|-boost|p2a: Miss. Gogoat|atk|1\n|-boost|p2a: Miss. Gogoat|def|1\n|\n|-heal|p2a: Miss. Gogoat|55\/100|[from] item: Leftovers\n|upkeep\n|turn|15\n|\n|t:|1700689498\n|move|p1a: Infernape|Thunder Punch|p2a: Miss. Gogoat\n|-supereffective|p2a: Miss. Gogoat\n|-damage|p2a: Miss. Gogoat|28\/100\n|move|p2a: Miss. Gogoat|Milk Drink|p2a: Miss. Gogoat\n|-heal|p2a: Miss. Gogoat|78\/100\n|\n|-heal|p2a: Miss. Gogoat|84\/100|[from] item: Leftovers\n|upkeep\n|turn|16\n|\n|t:|1700689507\n|move|p1a: Infernape|Thunder Punch|p2a: Miss. Gogoat\n|-supereffective|p2a: Miss. Gogoat\n|-damage|p2a: Miss. Gogoat|54\/100\n|move|p2a: Miss. Gogoat|Bulk Up|p2a: Miss. Gogoat\n|-boost|p2a: Miss. Gogoat|atk|1\n|-boost|p2a: Miss. Gogoat|def|1\n|\n|-heal|p2a: Miss. Gogoat|61\/100|[from] item: Leftovers\n|upkeep\n|turn|17\n|\n|t:|1700689516\n|move|p1a: Infernape|Thunder Punch|p2a: Miss. Gogoat\n|-supereffective|p2a: Miss. Gogoat\n|-damage|p2a: Miss. Gogoat|38\/100\n|move|p2a: Miss. Gogoat|Milk Drink|p2a: Miss. Gogoat\n|-heal|p2a: Miss. Gogoat|88\/100\n|\n|-heal|p2a: Miss. Gogoat|95\/100|[from] item: Leftovers\n|upkeep\n|turn|18\n|\n|t:|1700689527\n|move|p1a: Infernape|Thunder Punch|p2a: Miss. Gogoat\n|-supereffective|p2a: Miss. Gogoat\n|-damage|p2a: Miss. Gogoat|73\/100\n|move|p2a: Miss. Gogoat|Horn Leech|p1a: Infernape\n|-resisted|p1a: Infernape\n|-damage|p1a: Infernape|0 fnt\n|-heal|p2a: Miss. Gogoat|82\/100|[from] drain|[of] p1a: Infernape\n|faint|p1a: Infernape\n|\n|-heal|p2a: Miss. Gogoat|88\/100|[from] item: Leftovers\n|upkeep\n|c| TeamGardevoir123|Cora se la anda jugando a que no le salga un critic\u00f3\n|\n|t:|1700689534\n|switch|p1a: Lucario|Lucario, M|100\/100\n|-item|p1a: Lucario|Air Balloon\n|turn|19\n|c|\u2606Corazonmorado27|sis\n|\n|t:|1700689540\n|-terastallize|p1a: Lucario|Ghost\n|move|p1a: Lucario|Tera Blast|p2a: Miss. Gogoat|[anim] Tera Blast Ghost\n|-damage|p2a: Miss. Gogoat|67\/100\n|move|p2a: Miss. Gogoat|Horn Leech|p1a: Lucario\n|-damage|p1a: Lucario|25\/100\n|-heal|p2a: Miss. Gogoat|94\/100|[from] drain|[of] p1a: Lucario\n|-enditem|p1a: Lucario|Air Balloon\n|\n|-heal|p2a: Miss. Gogoat|99\/100|[from] item: Leftovers\n|upkeep\n|turn|20\n|c|\u2606Corazonmorado27|dios, esta do\u00f1a setteada es god\n|c|\u2606Corazonmorado27|XDXD\n|inactive|Mitsunara3 has 270 seconds left.\n|c|\u2606Mitsunara3|No puedo creer ni una vez paraliso\n|c|\u2606Mitsunara3|Que suerte\n|\n|t:|1700689578\n|move|p1a: Lucario|Flash Cannon|p2a: Miss. Gogoat\n|-resisted|p2a: Miss. Gogoat\n|-damage|p2a: Miss. Gogoat|90\/100\n|move|p2a: Miss. Gogoat|Horn Leech|p1a: Lucario\n|-damage|p1a: Lucario|0 fnt\n|-heal|p2a: Miss. Gogoat|98\/100|[from] drain|[of] p1a: Lucario\n|faint|p1a: Lucario\n|\n|-heal|p2a: Miss. Gogoat|100\/100|[from] item: Leftovers\n|upkeep\n|c|\u2606Corazonmorado27|la predict a la roserade fue buena\n|\n|t:|1700689588\n|switch|p1a: Gastrodon|Gastrodon, M|100\/100\n|turn|21\n|\n|t:|1700689591\n|move|p2a: Miss. Gogoat|Horn Leech|p1a: Gastrodon\n|-supereffective|p1a: Gastrodon\n|-damage|p1a: Gastrodon|0 fnt\n|faint|p1a: Gastrodon\n|\n|upkeep\n|\n|t:|1700689596\n|switch|p1a: Garchomp|Garchomp, F|100\/100\n|turn|22\n|\n|t:|1700689600\n|move|p1a: Garchomp|Scale Shot|p2a: Miss. Gogoat\n|-damage|p2a: Miss. Gogoat|94\/100\n|-damage|p2a: Miss. Gogoat|89\/100\n|-damage|p2a: Miss. Gogoat|83\/100\n|-hitcount|p2a: Miss. Gogoat|3\n|-unboost|p1a: Garchomp|def|1\n|-boost|p1a: Garchomp|spe|1\n|move|p2a: Miss. Gogoat|Earthquake|p1a: Garchomp\n|-damage|p1a: Garchomp|39\/100\n|\n|-heal|p2a: Miss. Gogoat|89\/100|[from] item: Leftovers\n|upkeep\n|turn|23\n|c|\u2606Mitsunara3|No fue predic\n|c|\u2606Mitsunara3|Lo vend\u00ed\n|c|\u2606Mitsunara3|Xddd\n|c|\u2606Corazonmorado27|lol\n|c|\u2606Corazonmorado27|pude tirar hyper voice\n|c|\u2606Corazonmorado27|XD\n|inactive|Corazonmorado27 has 270 seconds left.\n|\n|t:|1700689632\n|move|p1a: Garchomp|Scale Shot|p2a: Miss. Gogoat\n|-crit|p2a: Miss. Gogoat\n|-damage|p2a: Miss. Gogoat|70\/100\n|-damage|p2a: Miss. Gogoat|64\/100\n|-crit|p2a: Miss. Gogoat\n|-damage|p2a: Miss. Gogoat|43\/100\n|-hitcount|p2a: Miss. Gogoat|3\n|-unboost|p1a: Garchomp|def|1\n|-boost|p1a: Garchomp|spe|1\n|move|p2a: Miss. Gogoat|Horn Leech|p1a: Garchomp\n|-damage|p1a: Garchomp|0 fnt\n|-heal|p2a: Miss. Gogoat|59\/100|[from] drain|[of] p1a: Garchomp\n|-damage|p2a: Miss. Gogoat|47\/100|[from] ability: Rough Skin|[of] p1a: Garchomp\n|-damage|p2a: Miss. Gogoat|30\/100|[from] item: Rocky Helmet|[of] p1a: Garchomp\n|faint|p1a: Garchomp\n|\n|win|Corazonmorado27\n|c|\u2606Mitsunara3|Eras m\u00e1s r\u00e1pido\n|c|\u2606Mitsunara3|No pod\u00eda vender\n|c|\u2606Corazonmorado27|no es scarf?\n|c|\u2606Mitsunara3|Si pero\n|c|\u2606Mitsunara3|No ten\u00eda nada\n|c|\u2606Mitsunara3|Adem\u00e1s\n|c|\u2606Corazonmorado27|ya\n|c|\u2606Mitsunara3|Mucho conter\n|c|\u2606Mitsunara3|Xd\n|c|\u2606Corazonmorado27|ekisde\n|c|\u2606Mitsunara3|Gg\n|c|\u2606Corazonmorado27|yo as\u00ed llevo los sets\n|l| TeamGardevoir123\n|c|\u2606Corazonmorado27|mucho da\u00f1o al blastoise XD\n","uploadtime":1700689691,"views":11,"p1id":"mitsunara3","p2id":"corazonmorado27","formatid":"gen9nationaldex","rating":0,"private":0,"password":""}