{"id":"gen9nationaldex-1998352911","p1":"830r","p2":"mgunga","format":"[Gen 9] National Dex","log":"|html|<div class=\"broadcast-blue\"><strong>[Gen 9] National Dex is currently suspecting Sneasler! For information on how to participate check out the <a href=\"https:\/\/www.smogon.com\/forums\/threads\/sv-national-dex-suspect-8-just-dance.3731534\/\">suspect thread<\/a>.<\/strong><\/div>\n|j|\u2606830r\n|j|\u2606mgunga\n|t:|1700932804\n|gametype|singles\n|player|p1|830r|veteran|1277\n|player|p2|mgunga|265|1236\n|teamsize|p1|6\n|teamsize|p2|6\n|gen|9\n|tier|[Gen 9] National Dex\n|rated|\n|rule|HP Percentage Mod: HP is shown in percentages\n|rule|Endless Battle Clause: Forcing endless battles is banned\n|rule|OHKO Clause: OHKO moves are banned\n|rule|Evasion Clause: Evasion abilities, items, and moves are banned\n|rule|Evasion Abilities Clause: Evasion abilities are banned\n|rule|Evasion Items Clause: Evasion items are banned\n|rule|Evasion Moves Clause: Evasion moves are banned\n|rule|Species Clause: Limit one of each Pok\u00e9mon\n|rule|Sleep Clause Mod: Limit one foe put to sleep\n|clearpoke\n|poke|p1|Toxapex, F|\n|poke|p1|Celesteela|\n|poke|p1|Garganacl, F|\n|poke|p1|Scizor, F|\n|poke|p1|Gliscor, F|\n|poke|p1|Clodsire, F|\n|poke|p2|Kommo-o, F|\n|poke|p2|Sneasler, M|\n|poke|p2|Ferrothorn, M|\n|poke|p2|Skeledirge, M|\n|poke|p2|Ogerpon-Wellspring, F|\n|poke|p2|Lopunny, M|\n|teampreview\n|inactive|Battle timer is ON: inactive players will automatically lose when time's up. (requested by mgunga)\n|inactive|830r also wants the timer to be on.\n|\n|t:|1700932812\n|start\n|switch|p1a: Garganacl|Garganacl, F|100\/100\n|switch|p2a: Lopunny|Lopunny, M|100\/100\n|turn|1\n|\n|t:|1700932817\n|detailschange|p2a: Lopunny|Lopunny-Mega, M\n|-mega|p2a: Lopunny|Lopunny|Lopunnite\n|-terastallize|p1a: Garganacl|Ghost\n|move|p2a: Lopunny|Fake Out|p1a: Garganacl\n|-crit|p1a: Garganacl\n|-damage|p1a: Garganacl|79\/100\n|cant|p1a: Garganacl|flinch\n|\n|-heal|p1a: Garganacl|85\/100|[from] item: Leftovers\n|upkeep\n|turn|2\n|c|\u2606mgunga|idiot\n|\n|t:|1700932827\n|move|p2a: Lopunny|Return|p1a: Garganacl\n|-damage|p1a: Garganacl|49\/100\n|move|p1a: Garganacl|Salt Cure|p2a: Lopunny\n|-resisted|p2a: Lopunny\n|-damage|p2a: Lopunny|92\/100\n|-start|p2a: Lopunny|Salt Cure\n|\n|-heal|p1a: Garganacl|55\/100|[from] item: Leftovers\n|-damage|p2a: Lopunny|79\/100|[from] Salt Cure\n|upkeep\n|turn|3\n|c|\u2606830r|I don\u2019t want cc dumbass\n|\n|t:|1700932845\n|move|p2a: Lopunny|Close Combat|p1a: Garganacl\n|-damage|p1a: Garganacl|14\/100\n|-unboost|p2a: Lopunny|def|1\n|-unboost|p2a: Lopunny|spd|1\n|move|p1a: Garganacl|Recover|p1a: Garganacl\n|-heal|p1a: Garganacl|64\/100\n|\n|-heal|p1a: Garganacl|70\/100|[from] item: Leftovers\n|-damage|p2a: Lopunny|67\/100|[from] Salt Cure\n|upkeep\n|turn|4\n|c|\u2606830r|Idiot\n|\n|t:|1700932855\n|switch|p2a: Ferrothorn|Ferrothorn, M|100\/100\n|move|p1a: Garganacl|Recover|p1a: Garganacl\n|-heal|p1a: Garganacl|100\/100\n|\n|upkeep\n|turn|5\n|c|\u2606mgunga|ur using stall in national dex\n|\n|t:|1700932865\n|move|p1a: Garganacl|Substitute|p1a: Garganacl\n|-start|p1a: Garganacl|Substitute\n|-damage|p1a: Garganacl|75\/100\n|move|p2a: Ferrothorn|Knock Off|p1a: Garganacl\n|-supereffective|p1a: Garganacl\n|-end|p1a: Garganacl|Substitute\n|\n|-heal|p1a: Garganacl|82\/100|[from] item: Leftovers\n|upkeep\n|turn|6\n|c|\u2606830r|Yea\n|\n|t:|1700932873\n|move|p1a: Garganacl|Recover|p1a: Garganacl\n|-heal|p1a: Garganacl|100\/100\n|move|p2a: Ferrothorn|Knock Off|p1a: Garganacl\n|-supereffective|p1a: Garganacl\n|-damage|p1a: Garganacl|72\/100\n|-enditem|p1a: Garganacl|Leftovers|[from] move: Knock Off|[of] p2a: Ferrothorn\n|\n|upkeep\n|turn|7\n|c|\u2606830r|And you\u2019ll lose to it\n|\n|t:|1700932884\n|move|p1a: Garganacl|Block|p2a: Ferrothorn\n|-activate|p2a: Ferrothorn|trapped\n|move|p2a: Ferrothorn|Knock Off|p1a: Garganacl\n|-supereffective|p1a: Garganacl\n|-damage|p1a: Garganacl|51\/100\n|\n|upkeep\n|turn|8\n|c|\u2606mgunga|embarssing\n|\n|t:|1700932889\n|move|p1a: Garganacl|Recover|p1a: Garganacl\n|-heal|p1a: Garganacl|100\/100\n|move|p2a: Ferrothorn|Knock Off|p1a: Garganacl\n|-supereffective|p1a: Garganacl\n|-damage|p1a: Garganacl|82\/100\n|\n|upkeep\n|turn|9\n|\n|t:|1700932893\n|move|p1a: Garganacl|Salt Cure|p2a: Ferrothorn\n|-resisted|p2a: Ferrothorn\n|-damage|p2a: Ferrothorn|96\/100\n|-start|p2a: Ferrothorn|Salt Cure\n|move|p2a: Ferrothorn|Knock Off|p1a: Garganacl\n|-supereffective|p1a: Garganacl\n|-damage|p1a: Garganacl|62\/100\n|\n|-damage|p2a: Ferrothorn|71\/100|[from] Salt Cure\n|upkeep\n|turn|10\n|\n|t:|1700932897\n|move|p1a: Garganacl|Recover|p1a: Garganacl\n|-heal|p1a: Garganacl|100\/100\n|move|p2a: Ferrothorn|Leech Seed|p1a: Garganacl|[miss]\n|-miss|p2a: Ferrothorn|p1a: Garganacl\n|\n|-damage|p2a: Ferrothorn|46\/100|[from] Salt Cure\n|upkeep\n|turn|11\n|\n|t:|1700932900\n|move|p1a: Garganacl|Substitute|p1a: Garganacl\n|-start|p1a: Garganacl|Substitute\n|-damage|p1a: Garganacl|75\/100\n|move|p2a: Ferrothorn|Knock Off|p1a: Garganacl\n|-supereffective|p1a: Garganacl\n|-activate|p1a: Garganacl|move: Substitute|[damage]\n|\n|-damage|p2a: Ferrothorn|21\/100|[from] Salt Cure\n|upkeep\n|turn|12\n|c|\u2606mgunga|ofc\n|c|\u2606mgunga|love that im missing\n|\n|t:|1700932912\n|move|p1a: Garganacl|Recover|p1a: Garganacl\n|-heal|p1a: Garganacl|100\/100\n|move|p2a: Ferrothorn|Knock Off|p1a: Garganacl\n|-supereffective|p1a: Garganacl\n|-end|p1a: Garganacl|Substitute\n|\n|-damage|p2a: Ferrothorn|0 fnt|[from] Salt Cure\n|faint|p2a: Ferrothorn\n|upkeep\n|\n|t:|1700932935\n|switch|p2a: Ogerpon|Ogerpon-Wellspring, F|100\/100\n|turn|13\n|\n|t:|1700932947\n|move|p2a: Ogerpon|Swords Dance|p2a: Ogerpon\n|-boost|p2a: Ogerpon|atk|2\n|move|p1a: Garganacl|Salt Cure|p2a: Ogerpon\n|-damage|p2a: Ogerpon|81\/100\n|-start|p2a: Ogerpon|Salt Cure\n|\n|-damage|p2a: Ogerpon|56\/100|[from] Salt Cure\n|upkeep\n|turn|14\n|\n|t:|1700932955\n|switch|p1a: Toxapex|Toxapex, F, shiny|100\/100\n|move|p2a: Ogerpon|Ivy Cudgel|p1a: Toxapex|[anim] Ivy Cudgel Water\n|-resisted|p1a: Toxapex\n|-damage|p1a: Toxapex|58\/100\n|\n|-heal|p1a: Toxapex|64\/100|[from] item: Black Sludge\n|-damage|p2a: Ogerpon|31\/100|[from] Salt Cure\n|upkeep\n|turn|15\n|\n|t:|1700932965\n|move|p1a: Toxapex|Baneful Bunker|p1a: Toxapex\n|-singleturn|p1a: Toxapex|move: Protect\n|move|p2a: Ogerpon|Horn Leech|p1a: Toxapex\n|-activate|p1a: Toxapex|move: Protect\n|-status|p2a: Ogerpon|psn\n|\n|-heal|p1a: Toxapex|70\/100|[from] item: Black Sludge\n|-damage|p2a: Ogerpon|19\/100 psn|[from] psn\n|-damage|p2a: Ogerpon|0 fnt|[from] Salt Cure\n|faint|p2a: Ogerpon\n|upkeep\n|c|\u2606830r|Idiit\n|\n|t:|1700932975\n|switch|p2a: Kommo-o|Kommo-o, F|100\/100\n|turn|16\n|c|\u2606830r|idiot\n|\n|t:|1700932984\n|switch|p1a: Celesteela|Celesteela|100\/100\n|-zpower|p2a: Kommo-o\n|move|p2a: Kommo-o|Clangorous Soulblaze|p1a: Celesteela|[zeffect]\n|-resisted|p1a: Celesteela\n|-damage|p1a: Celesteela|73\/100\n|-boost|p2a: Kommo-o|atk|1\n|-boost|p2a: Kommo-o|def|1\n|-boost|p2a: Kommo-o|spa|1\n|-boost|p2a: Kommo-o|spd|1\n|-boost|p2a: Kommo-o|spe|1\n|\n|-heal|p1a: Celesteela|79\/100|[from] item: Leftovers\n|upkeep\n|turn|17\n|c|\u2606mgunga|ima win\n|\n|t:|1700932994\n|move|p2a: Kommo-o|Flamethrower|p1a: Celesteela\n|-supereffective|p1a: Celesteela\n|-damage|p1a: Celesteela|23\/100\n|move|p1a: Celesteela|Toxic|p2a: Kommo-o|[miss]\n|-miss|p1a: Celesteela|p2a: Kommo-o\n|\n|-heal|p1a: Celesteela|29\/100|[from] item: Leftovers\n|upkeep\n|turn|18\n|c|\u2606830r|K\n|\n|t:|1700932999\n|switch|p1a: Toxapex|Toxapex, F, shiny|100\/100\n|move|p2a: Kommo-o|Flamethrower|p1a: Toxapex\n|-resisted|p1a: Toxapex\n|-damage|p1a: Toxapex|86\/100\n|\n|-heal|p1a: Toxapex|92\/100|[from] item: Black Sludge\n|upkeep\n|turn|19\n|c|\u2606mgunga|deserved\n|\n|t:|1700933006\n|move|p2a: Kommo-o|Clanging Scales|p1a: Toxapex\n|-damage|p1a: Toxapex|39\/100\n|-unboost|p2a: Kommo-o|def|1\n|move|p1a: Toxapex|Toxic|p2a: Kommo-o\n|-status|p2a: Kommo-o|tox\n|\n|-heal|p1a: Toxapex|45\/100|[from] item: Black Sludge\n|-damage|p2a: Kommo-o|94\/100 tox|[from] psn\n|upkeep\n|turn|20\n|\n|t:|1700933011\n|move|p1a: Toxapex|Baneful Bunker|p1a: Toxapex\n|-singleturn|p1a: Toxapex|move: Protect\n|move|p2a: Kommo-o|Clanging Scales|p1a: Toxapex\n|-activate|p1a: Toxapex|move: Protect\n|\n|-heal|p1a: Toxapex|51\/100|[from] item: Black Sludge\n|-damage|p2a: Kommo-o|82\/100 tox|[from] psn\n|upkeep\n|turn|21\n|c|\u2606mgunga|nvm im leaving ur a f@rg\n|-message|mgunga forfeited.\n|\n|win|830r\n|raw|830r's rating: 1277 &rarr; <strong>1299<\/strong><br \/>(+22 for winning)\n|raw|mgunga's rating: 1236 &rarr; <strong>1214<\/strong><br \/>(-22 for losing)\n|l|\u2606mgunga\n","uploadtime":1700933031,"views":6,"p1id":"830r","p2id":"mgunga","formatid":"gen9nationaldex","rating":1214,"private":0,"password":""}