{"id":"gen9nationaldex-1996938053","p1":"csac\u2211fwceexze","p2":"DDC2","format":"[Gen 9] National Dex","log":"|html|<div class=\"broadcast-blue\"><strong>[Gen 9] National Dex is currently suspecting Sneasler! For information on how to participate check out the <a href=\"https:\/\/www.smogon.com\/forums\/threads\/sv-national-dex-suspect-8-just-dance.3731534\/\">suspect thread<\/a>.<\/strong><\/div>\n|j|\u2606csac\u2211fwceexze\n|j|\u2606DDC2\n|t:|1700747178\n|gametype|singles\n|player|p1|csac\u2211fwceexze|170|1060\n|player|p2|DDC2|101|1176\n|teamsize|p1|6\n|teamsize|p2|4\n|gen|9\n|tier|[Gen 9] National Dex\n|rated|\n|rule|HP Percentage Mod: HP is shown in percentages\n|rule|Endless Battle Clause: Forcing endless battles is banned\n|rule|OHKO Clause: OHKO moves are banned\n|rule|Evasion Clause: Evasion abilities, items, and moves are banned\n|rule|Evasion Abilities Clause: Evasion abilities are banned\n|rule|Evasion Items Clause: Evasion items are banned\n|rule|Evasion Moves Clause: Evasion moves are banned\n|rule|Species Clause: Limit one of each Pok\u00e9mon\n|rule|Sleep Clause Mod: Limit one foe put to sleep\n|clearpoke\n|poke|p1|Milotic, F|\n|poke|p1|Froslass, F|\n|poke|p1|Ninetales-Alola, F|\n|poke|p1|Gardevoir, F|\n|poke|p1|Primarina, F|\n|poke|p1|Tsareena, F|\n|poke|p2|Hatterene, F|\n|poke|p2|Ninetales-Alola, F|\n|poke|p2|Alomomola, M|\n|poke|p2|Hoopa-Unbound|\n|teampreview\n|\n|t:|1700747191\n|start\n|switch|p1a: Primarina|Primarina, F|100\/100\n|switch|p2a: Ninetales|Ninetales-Alola, F|100\/100\n|-weather|Snow|[from] ability: Snow Warning|[of] p2a: Ninetales\n|turn|1\n|\n|t:|1700747201\n|move|p2a: Ninetales|Aurora Veil|p2a: Ninetales\n|-sidestart|p2: DDC2|move: Aurora Veil\n|move|p1a: Primarina|Sing|p2a: Ninetales|[miss]\n|-miss|p1a: Primarina|p2a: Ninetales\n|\n|-weather|Snow|[upkeep]\n|upkeep\n|turn|2\n|inactive|Battle timer is ON: inactive players will automatically lose when time's up. (requested by csac\u2211fwceexze)\n|\n|t:|1700747221\n|move|p2a: Ninetales|Encore|p1a: Primarina\n|-start|p1a: Primarina|Encore\n|move|p1a: Primarina|Sing|p2a: Ninetales\n|-status|p2a: Ninetales|slp|[from] move: Sing\n|\n|-weather|Snow|[upkeep]\n|upkeep\n|turn|3\n|\n|t:|1700747244\n|switch|p2a: Hatterene|Hatterene, F|100\/100\n|switch|p1a: Gardevoir|Gardevoir, F|100\/100\n|\n|-weather|Snow|[upkeep]\n|upkeep\n|turn|4\n|\n|t:|1700747252\n|move|p1a: Gardevoir|Mystical Fire|p2a: Hatterene\n|-damage|p2a: Hatterene|87\/100\n|-unboost|p2a: Hatterene|spa|1\n|move|p2a: Hatterene|Trick Room|p2a: Hatterene\n|-fieldstart|move: Trick Room|[of] p2a: Hatterene\n|\n|-weather|Snow|[upkeep]\n|upkeep\n|turn|5\n|\n|t:|1700747266\n|switch|p2a: Hoopa|Hoopa-Unbound|100\/100\n|switch|p1a: Primarina|Primarina, F|100\/100\n|\n|-weather|none\n|upkeep\n|turn|6\n|\n|t:|1700747278\n|move|p1a: Primarina|Sing|p2a: Hoopa\n|-message|Sleep Clause Mod activated.\n|-hint|Sleep Clause Mod prevents players from putting more than one of their opponent's Pok\u00e9mon to sleep at a time\n|move|p2a: Hoopa|Energy Ball|p1a: Primarina\n|-supereffective|p1a: Primarina\n|-damage|p1a: Primarina|0 fnt\n|faint|p1a: Primarina\n|\n|upkeep\n|\n|t:|1700747286\n|switch|p1a: Ninetales|Ninetales-Alola, F|100\/100\n|-weather|Snow|[from] ability: Snow Warning|[of] p1a: Ninetales\n|turn|7\n|\n|t:|1700747295\n|move|p2a: Hoopa|Energy Ball|p1a: Ninetales\n|-damage|p1a: Ninetales|28\/100\n|move|p1a: Ninetales|Draining Kiss|p2a: Hoopa\n|-supereffective|p2a: Hoopa\n|-damage|p2a: Hoopa|87\/100\n|-heal|p1a: Ninetales|41\/100|[from] drain|[of] p2a: Hoopa\n|\n|-weather|Snow|[upkeep]\n|upkeep\n|turn|8\n|\n|t:|1700747308\n|-terastallize|p1a: Ninetales|Ice\n|move|p2a: Hoopa|Energy Ball|p1a: Ninetales\n|-damage|p1a: Ninetales|0 fnt\n|faint|p1a: Ninetales\n|\n|-weather|Snow|[upkeep]\n|-sideend|p2: DDC2|move: Aurora Veil\n|-fieldend|move: Trick Room\n|upkeep\n|\n|t:|1700747317\n|switch|p1a: Milotic|Milotic, F|100\/100\n|turn|9\n|\n|t:|1700747334\n|switch|p2a: Ninetales|Ninetales-Alola, F|100\/100 slp\n|move|p1a: Milotic|Aqua Tail|p2a: Ninetales\n|-damage|p2a: Ninetales|84\/100 slp\n|\n|-weather|Snow|[upkeep]\n|upkeep\n|turn|10\n|\n|t:|1700747347\n|switch|p1a: Froslass|Froslass, F|100\/100\n|cant|p2a: Ninetales|slp\n|\n|-weather|Snow|[upkeep]\n|upkeep\n|turn|11\n|\n|t:|1700747356\n|move|p1a: Froslass|Triple Axel|p2a: Ninetales\n|-resisted|p2a: Ninetales\n|-damage|p2a: Ninetales|81\/100 slp\n|-resisted|p2a: Ninetales\n|-damage|p2a: Ninetales|76\/100 slp\n|-hitcount|p2a: Ninetales|2\n|cant|p2a: Ninetales|slp\n|\n|-weather|none\n|upkeep\n|turn|12\n|\n|t:|1700747363\n|switch|p2a: Alomomola|Alomomola, M|100\/100\n|move|p1a: Froslass|Shadow Ball|p2a: Alomomola\n|-crit|p2a: Alomomola\n|-damage|p2a: Alomomola|46\/100\n|\n|upkeep\n|turn|13\n|\n|t:|1700747371\n|switch|p2a: Ninetales|Ninetales-Alola, F|76\/100 slp\n|-weather|Snow|[from] ability: Snow Warning|[of] p2a: Ninetales\n|move|p1a: Froslass|Shadow Ball|p2a: Ninetales\n|-damage|p2a: Ninetales|48\/100 slp\n|\n|-weather|Snow|[upkeep]\n|upkeep\n|turn|14\n|\n|t:|1700747380\n|move|p1a: Froslass|Shadow Ball|p2a: Ninetales\n|-damage|p2a: Ninetales|16\/100 slp\n|-unboost|p2a: Ninetales|spd|1\n|cant|p2a: Ninetales|slp\n|\n|-weather|Snow|[upkeep]\n|upkeep\n|turn|15\n|\n|t:|1700747390\n|switch|p2a: Hoopa|Hoopa-Unbound|87\/100\n|move|p1a: Froslass|Shadow Ball|p2a: Hoopa\n|-damage|p2a: Hoopa|66\/100\n|-unboost|p2a: Hoopa|spd|1\n|\n|-weather|Snow|[upkeep]\n|upkeep\n|turn|16\n|\n|t:|1700747401\n|move|p1a: Froslass|Triple Axel|p2a: Hoopa\n|-damage|p2a: Hoopa|58\/100\n|-damage|p2a: Hoopa|41\/100\n|-damage|p2a: Hoopa|16\/100\n|-hitcount|p2a: Hoopa|3\n|move|p2a: Hoopa|Shadow Ball|p1a: Froslass\n|-supereffective|p1a: Froslass\n|-enditem|p1a: Froslass|Focus Sash\n|-damage|p1a: Froslass|1\/100\n|\n|-weather|Snow|[upkeep]\n|upkeep\n|turn|17\n|\n|t:|1700747412\n|switch|p2a: Alomomola|Alomomola, M|80\/100\n|move|p1a: Froslass|Triple Axel|p2a: Alomomola\n|-resisted|p2a: Alomomola\n|-damage|p2a: Alomomola|78\/100\n|-damage|p1a: Froslass|0 fnt|[from] item: Rocky Helmet|[of] p2a: Alomomola\n|faint|p1a: Froslass\n|-hitcount|p2a: Alomomola|1\n|\n|-weather|none\n|upkeep\n|\n|t:|1700747422\n|switch|p1a: Tsareena|Tsareena, F|100\/100\n|turn|18\n|\n|t:|1700747429\n|move|p2a: Alomomola|Wish|p2a: Alomomola\n|move|p1a: Tsareena|Power Whip|p2a: Alomomola\n|-supereffective|p2a: Alomomola\n|-damage|p2a: Alomomola|9\/100\n|-damage|p1a: Tsareena|84\/100|[from] item: Rocky Helmet|[of] p2a: Alomomola\n|\n|upkeep\n|turn|19\n|\n|t:|1700747447\n|move|p2a: Alomomola|Protect|p2a: Alomomola\n|-singleturn|p2a: Alomomola|Protect\n|move|p1a: Tsareena|Power Whip|p2a: Alomomola\n|-activate|p2a: Alomomola|move: Protect\n|\n|-heal|p2a: Alomomola|59\/100|[from] move: Wish|[wisher] Alomomola\n|upkeep\n|turn|20\n|\n|t:|1700747458\n|move|p2a: Alomomola|Flip Turn|p1a: Tsareena\n|-resisted|p1a: Tsareena\n|-damage|p1a: Tsareena|75\/100\n|\n|t:|1700747462\n|switch|p2a: Ninetales|Ninetales-Alola, F|16\/100 slp|[from] Flip Turn\n|-weather|Snow|[from] ability: Snow Warning|[of] p2a: Ninetales\n|move|p1a: Tsareena|Power Whip|p2a: Ninetales\n|-damage|p2a: Ninetales|0 fnt\n|faint|p2a: Ninetales\n|\n|-weather|Snow|[upkeep]\n|upkeep\n|\n|t:|1700747485\n|switch|p2a: Hatterene|Hatterene, F|87\/100\n|turn|21\n|\n|t:|1700747496\n|move|p1a: Tsareena|Triple Axel|p2a: Hatterene\n|-damage|p2a: Hatterene|78\/100\n|-damage|p2a: Hatterene|63\/100\n|-damage|p2a: Hatterene|40\/100\n|-hitcount|p2a: Hatterene|3\n|move|p2a: Hatterene|Trick Room|p2a: Hatterene\n|-fieldstart|move: Trick Room|[of] p2a: Hatterene\n|\n|-weather|Snow|[upkeep]\n|upkeep\n|turn|22\n|inactive|DDC2 has 120 seconds left.\n|\n|t:|1700747523\n|move|p2a: Hatterene|Healing Wish|p2a: Hatterene\n|faint|p2a: Hatterene\n|move|p1a: Tsareena|Triple Axel|p2: Hatterene|[notarget]\n|-fail|p1a: Tsareena\n|\n|-weather|Snow|[upkeep]\n|upkeep\n|\n|t:|1700747529\n|switch|p2a: Hoopa|Hoopa-Unbound|16\/100\n|-heal|p2a: Hoopa|100\/100|[from] move: Healing Wish\n|turn|23\n|\n|t:|1700747545\n|move|p1a: Tsareena|Draining Kiss|p2a: Hoopa\n|-supereffective|p2a: Hoopa\n|-damage|p2a: Hoopa|90\/100\n|-heal|p1a: Tsareena|84\/100|[from] drain|[of] p2a: Hoopa\n|move|p2a: Hoopa|Dark Pulse|p1a: Tsareena\n|-damage|p1a: Tsareena|0 fnt\n|faint|p1a: Tsareena\n|\n|-weather|Snow|[upkeep]\n|upkeep\n|\n|t:|1700747551\n|switch|p1a: Gardevoir|Gardevoir, F|100\/100\n|turn|24\n|\n|t:|1700747560\n|detailschange|p1a: Gardevoir|Gardevoir-Mega, F\n|-mega|p1a: Gardevoir|Gardevoir|Gardevoirite\n|-terastallize|p2a: Hoopa|Psychic\n|move|p2a: Hoopa|Dark Pulse|p1a: Gardevoir\n|-damage|p1a: Gardevoir|17\/100\n|move|p1a: Gardevoir|Expanding Force|p2a: Hoopa\n|-resisted|p2a: Hoopa\n|-damage|p2a: Hoopa|70\/100\n|\n|-weather|none\n|upkeep\n|turn|25\n|inactive|DDC2 has 120 seconds left.\n|\n|t:|1700747571\n|move|p2a: Hoopa|Dark Pulse|p1a: Gardevoir\n|-damage|p1a: Gardevoir|0 fnt\n|faint|p1a: Gardevoir\n|\n|-fieldend|move: Trick Room\n|upkeep\n|\n|t:|1700747573\n|switch|p1a: Milotic|Milotic, F|100\/100\n|turn|26\n|\n|t:|1700747579\n|move|p1a: Milotic|Surf|p2a: Hoopa\n|-damage|p2a: Hoopa|38\/100\n|move|p2a: Hoopa|Dark Pulse|p1a: Milotic\n|-damage|p1a: Milotic|27\/100\n|\n|upkeep\n|turn|27\n|\n|t:|1700747583\n|switch|p2a: Alomomola|Alomomola, M|93\/100\n|move|p1a: Milotic|Surf|p2a: Alomomola\n|-resisted|p2a: Alomomola\n|-damage|p2a: Alomomola|71\/100\n|\n|upkeep\n|turn|28\n|-message|csac\u2211fwceexze forfeited.\n|\n|win|DDC2\n|raw|csac\u2211fwceexze's rating: 1060 &rarr; <strong>1047<\/strong><br \/>(-13 for losing)\n|raw|DDC2's rating: 1176 &rarr; <strong>1193<\/strong><br \/>(+17 for winning)\n|l|\u2606csac\u2211fwceexze\n","uploadtime":1700747596,"views":4,"p1id":"csacfwceexze","p2id":"ddc2","formatid":"gen9nationaldex","rating":1047,"private":0,"password":""}