{"id":"gen9nationaldex-1994474915","p1":"chaoticgem","p2":"Sweepandsupports","format":"[Gen 9] National Dex","log":"|j|\u2606chaoticgem\n|j|\u2606Sweepandsupports\n|t:|1700448178\n|gametype|singles\n|player|p1|chaoticgem|265|1127\n|player|p2|Sweepandsupports|ryuki|1000\n|teamsize|p1|6\n|teamsize|p2|6\n|gen|9\n|tier|[Gen 9] National Dex\n|rated|\n|rule|HP Percentage Mod: HP is shown in percentages\n|rule|Endless Battle Clause: Forcing endless battles is banned\n|rule|OHKO Clause: OHKO moves are banned\n|rule|Evasion Clause: Evasion abilities, items, and moves are banned\n|rule|Evasion Abilities Clause: Evasion abilities are banned\n|rule|Evasion Items Clause: Evasion items are banned\n|rule|Evasion Moves Clause: Evasion moves are banned\n|rule|Species Clause: Limit one of each Pok\u00e9mon\n|rule|Sleep Clause Mod: Limit one foe put to sleep\n|clearpoke\n|poke|p1|Minior|\n|poke|p1|Greninja-*, M|\n|poke|p1|Jirachi|\n|poke|p1|Charizard, M|\n|poke|p1|Togekiss, M|\n|poke|p1|Kartana|\n|poke|p2|Tapu Koko|\n|poke|p2|Scizor, M|\n|poke|p2|Alomomola, F|\n|poke|p2|Iron Valiant|\n|poke|p2|Gliscor, F|\n|poke|p2|Blacephalon|\n|teampreview\n|inactive|Battle timer is ON: inactive players will automatically lose when time's up. (requested by Sweepandsupports)\n|\n|t:|1700448183\n|start\n|switch|p1a: Minior|Minior|100\/100\n|switch|p2a: Tapu Koko|Tapu Koko|100\/100\n|-fieldstart|move: Electric Terrain|[from] ability: Electric Surge|[of] p2a: Tapu Koko\n|-formechange|p1a: Minior|Minior-Meteor||[from] ability: Shields Down\n|turn|1\n|\n|t:|1700448190\n|move|p2a: Tapu Koko|Thunderbolt|p1a: Minior\n|-supereffective|p1a: Minior\n|-enditem|p1a: Minior|Focus Sash\n|-damage|p1a: Minior|1\/100\n|move|p1a: Minior|Shell Smash|p1a: Minior\n|-unboost|p1a: Minior|def|1\n|-unboost|p1a: Minior|spd|1\n|-boost|p1a: Minior|atk|2\n|-boost|p1a: Minior|spa|2\n|-boost|p1a: Minior|spe|2\n|\n|-formechange|p1a: Minior|Minior||[from] ability: Shields Down\n|upkeep\n|turn|2\n|\n|t:|1700448199\n|switch|p2a: Scizor|Scizor, M|100\/100\n|move|p1a: Minior|Earthquake|p2a: Scizor\n|-damage|p2a: Scizor|50\/100\n|\n|upkeep\n|turn|3\n|\n|t:|1700448206\n|detailschange|p2a: Scizor|Scizor-Mega, M\n|-mega|p2a: Scizor|Scizor|Scizorite\n|move|p2a: Scizor|Bullet Punch|p1a: Minior\n|-supereffective|p1a: Minior\n|-damage|p1a: Minior|0 fnt\n|faint|p1a: Minior\n|\n|upkeep\n|\n|t:|1700448214\n|switch|p1a: Charizard|Charizard, M|100\/100\n|turn|4\n|\n|t:|1700448218\n|switch|p2a: Alomomola|Alomomola, F|100\/100\n|detailschange|p1a: Charizard|Charizard-Mega-X, M\n|-mega|p1a: Charizard|Charizard|Charizardite X\n|move|p1a: Charizard|Flare Blitz|p2a: Alomomola\n|-resisted|p2a: Alomomola\n|-damage|p2a: Alomomola|76\/100\n|-status|p2a: Alomomola|brn\n|-damage|p1a: Charizard|87\/100|[from] Recoil\n|\n|-damage|p2a: Alomomola|70\/100 brn|[from] brn\n|upkeep\n|turn|5\n|\n|t:|1700448226\n|switch|p1a: Kartana|Kartana|100\/100\n|move|p2a: Alomomola|Toxic|p1a: Kartana\n|-immune|p1a: Kartana\n|\n|-damage|p2a: Alomomola|63\/100 brn|[from] brn\n|-fieldend|move: Electric Terrain\n|upkeep\n|turn|6\n|\n|t:|1700448231\n|move|p2a: Alomomola|Protect|p2a: Alomomola\n|-singleturn|p2a: Alomomola|Protect\n|move|p1a: Kartana|Leaf Blade|p2a: Alomomola\n|-activate|p2a: Alomomola|move: Protect\n|\n|-damage|p2a: Alomomola|57\/100 brn|[from] brn\n|upkeep\n|turn|7\n|\n|t:|1700448237\n|switch|p2a: Blacephalon|Blacephalon|100\/100\n|move|p1a: Kartana|Leaf Blade|p2a: Blacephalon\n|-resisted|p2a: Blacephalon\n|-damage|p2a: Blacephalon|30\/100\n|\n|upkeep\n|turn|8\n|\n|t:|1700448245\n|switch|p1a: Greninja|Greninja, M|100\/100\n|move|p2a: Blacephalon|Psychic|p1a: Greninja\n|-immune|p1a: Greninja\n|\n|upkeep\n|turn|9\n|-message|Sweepandsupports forfeited.\n|\n|win|chaoticgem\n|raw|chaoticgem's rating: 1127 &rarr; <strong>1143<\/strong><br \/>(+16 for winning)\n|raw|Sweepandsupports's rating: 1000 &rarr; <strong>1000<\/strong><br \/>(+0 for losing)\n|l|\u2606Sweepandsupports\n","uploadtime":1700448258,"views":7,"p1id":"chaoticgem","p2id":"sweepandsupports","formatid":"gen9nationaldex","rating":1000,"private":0,"password":""}