{"id":"gen9nationaldex-1995548377","p1":"Mr. 475","p2":"RandoTestAccount","format":"[Gen 9] National Dex","log":"|html|<div class=\"broadcast-blue\"><strong>[Gen 9] National Dex is currently suspecting Sneasler! For information on how to participate check out the <a href=\"https:\/\/www.smogon.com\/forums\/threads\/sv-national-dex-suspect-8-just-dance.3731534\/\">suspect thread<\/a>.<\/strong><\/div>\n|j|\u2606Mr. 475\n|j|\u2606RandoTestAccount\n|t:|1700581868\n|gametype|singles\n|player|p1|Mr. 475|blackbelt-gen2|1313\n|player|p2|RandoTestAccount|pokemonrangerf|1293\n|teamsize|p1|6\n|teamsize|p2|6\n|gen|9\n|tier|[Gen 9] National Dex\n|rated|\n|rule|HP Percentage Mod: HP is shown in percentages\n|rule|Endless Battle Clause: Forcing endless battles is banned\n|rule|OHKO Clause: OHKO moves are banned\n|rule|Evasion Clause: Evasion abilities, items, and moves are banned\n|rule|Evasion Abilities Clause: Evasion abilities are banned\n|rule|Evasion Items Clause: Evasion items are banned\n|rule|Evasion Moves Clause: Evasion moves are banned\n|rule|Species Clause: Limit one of each Pok\u00e9mon\n|rule|Sleep Clause Mod: Limit one foe put to sleep\n|clearpoke\n|poke|p1|Gallade, M|\n|poke|p1|Zapdos-Galar|\n|poke|p1|Toxicroak, M|\n|poke|p1|Quaquaval, F|\n|poke|p1|Kommo-o, M|\n|poke|p1|Iron Valiant|\n|poke|p2|Umbreon, F|\n|poke|p2|Excadrill, F|\n|poke|p2|Corviknight, F|\n|poke|p2|Sableye, F|\n|poke|p2|Tapu Fini|\n|poke|p2|Dragalge, F|\n|teampreview\n|inactive|Battle timer is ON: inactive players will automatically lose when time's up. (requested by Mr. 475)\n|j| pyro36\n|\n|t:|1700581883\n|start\n|switch|p1a: Alex Jones|Toxicroak, M|100\/100\n|switch|p2a: The Droplet Tear|Tapu Fini, shiny|100\/100\n|-fieldstart|move: Misty Terrain|[from] ability: Misty Surge|[of] p2a: The Droplet Tear\n|turn|1\n|\n|t:|1700581908\n|switch|p2a: Spectre of Emerald|Sableye, F, shiny|100\/100\n|move|p1a: Alex Jones|Fake Out|p2a: Spectre of Emerald\n|-immune|p2a: Spectre of Emerald\n|\n|upkeep\n|turn|2\n|\n|t:|1700581916\n|move|p2a: Spectre of Emerald|Calm Mind|p2a: Spectre of Emerald\n|-boost|p2a: Spectre of Emerald|spa|1\n|-boost|p2a: Spectre of Emerald|spd|1\n|move|p1a: Alex Jones|Toxic|p2a: Spectre of Emerald\n|-activate|p2a: Spectre of Emerald|move: Misty Terrain\n|\n|upkeep\n|turn|3\n|\n|t:|1700581926\n|move|p2a: Spectre of Emerald|Calm Mind|p2a: Spectre of Emerald\n|-boost|p2a: Spectre of Emerald|spa|1\n|-boost|p2a: Spectre of Emerald|spd|1\n|move|p1a: Alex Jones|Poison Jab|p2a: Spectre of Emerald\n|-resisted|p2a: Spectre of Emerald\n|-damage|p2a: Spectre of Emerald|80\/100\n|\n|upkeep\n|turn|4\n|\n|t:|1700581935\n|move|p2a: Spectre of Emerald|Calm Mind|p2a: Spectre of Emerald\n|-boost|p2a: Spectre of Emerald|spa|1\n|-boost|p2a: Spectre of Emerald|spd|1\n|move|p1a: Alex Jones|Poison Jab|p2a: Spectre of Emerald\n|-resisted|p2a: Spectre of Emerald\n|-crit|p2a: Spectre of Emerald\n|-damage|p2a: Spectre of Emerald|50\/100\n|\n|upkeep\n|turn|5\n|\n|t:|1700581942\n|move|p2a: Spectre of Emerald|Recover|p2a: Spectre of Emerald\n|-heal|p2a: Spectre of Emerald|99\/100\n|move|p1a: Alex Jones|Poison Jab|p2a: Spectre of Emerald\n|-resisted|p2a: Spectre of Emerald\n|-damage|p2a: Spectre of Emerald|78\/100\n|\n|-fieldend|Misty Terrain\n|upkeep\n|turn|6\n|\n|t:|1700581953\n|move|p2a: Spectre of Emerald|Will-O-Wisp|p1a: Alex Jones\n|-status|p1a: Alex Jones|brn\n|move|p1a: Alex Jones|Toxic|p2a: Spectre of Emerald\n|-status|p2a: Spectre of Emerald|tox\n|\n|-damage|p2a: Spectre of Emerald|72\/100 tox|[from] psn\n|-damage|p1a: Alex Jones|94\/100 brn|[from] brn\n|upkeep\n|turn|7\n|\n|t:|1700581963\n|switch|p2a: Nika Reanukko|Umbreon, F, shiny|100\/100\n|move|p1a: Alex Jones|Poison Jab|p2a: Nika Reanukko\n|-damage|p2a: Nika Reanukko|86\/100\n|\n|-heal|p2a: Nika Reanukko|92\/100|[from] item: Leftovers\n|-damage|p1a: Alex Jones|88\/100 brn|[from] brn\n|upkeep\n|turn|8\n|\n|t:|1700581973\n|move|p1a: Alex Jones|Toxic||[still]\n|-status|p2a: Nika Reanukko|tox\n|-activate|p2a: Nika Reanukko|ability: Synchronize\n|-fail|p2a: Nika Reanukko\n|move|p2a: Nika Reanukko|Heal Bell|p2a: Nika Reanukko\n|-activate|p2a: Nika Reanukko|move: Heal Bell\n|-curestatus|p2a: Nika Reanukko|tox|[msg]\n|-curestatus|p2: Spectre of Emerald|tox|[msg]\n|\n|-heal|p2a: Nika Reanukko|98\/100|[from] item: Leftovers\n|-damage|p1a: Alex Jones|82\/100 brn|[from] brn\n|upkeep\n|turn|9\n|\n|t:|1700581985\n|switch|p2a: Agony Steelheart|Dragalge, F, shiny|100\/100\n|move|p1a: Alex Jones|Toxic|p2a: Agony Steelheart\n|-immune|p2a: Agony Steelheart\n|\n|-damage|p1a: Alex Jones|76\/100 brn|[from] brn\n|upkeep\n|turn|10\n|l| pyro36\n|inactive|RandoTestAccount has 120 seconds left.\n|\n|t:|1700582017\n|switch|p1a: Anime Hero|Gallade, M, shiny|100\/100\n|move|p2a: Agony Steelheart|Acid Spray|p1a: Anime Hero\n|-damage|p1a: Anime Hero|82\/100\n|-unboost|p1a: Anime Hero|spd|2\n|\n|upkeep\n|turn|11\n|\n|t:|1700582026\n|switch|p2a: Spectre of Emerald|Sableye, F, shiny|72\/100\n|detailschange|p1a: Anime Hero|Gallade-Mega, M, shiny\n|-mega|p1a: Anime Hero|Gallade|Galladite\n|move|p1a: Anime Hero|Swords Dance|p1a: Anime Hero\n|-boost|p1a: Anime Hero|atk|2\n|\n|upkeep\n|turn|12\n|\n|t:|1700582036\n|move|p1a: Anime Hero|Shadow Sneak|p2a: Spectre of Emerald\n|-damage|p2a: Spectre of Emerald|38\/100\n|move|p2a: Spectre of Emerald|Will-O-Wisp|p1a: Anime Hero|[miss]\n|-miss|p2a: Spectre of Emerald|p1a: Anime Hero\n|\n|upkeep\n|turn|13\n|\n|t:|1700582046\n|switch|p1a: Alex Jones|Toxicroak, M|76\/100 brn\n|move|p2a: Spectre of Emerald|Recover|p2a: Spectre of Emerald\n|-heal|p2a: Spectre of Emerald|88\/100\n|\n|-damage|p1a: Alex Jones|70\/100 brn|[from] brn\n|upkeep\n|turn|14\n|inactive|RandoTestAccount has 120 seconds left.\n|\n|t:|1700582081\n|switch|p1a: Anime Hero|Gallade-Mega, M, shiny|82\/100\n|switch|p2a: The Droplet Tear|Tapu Fini, shiny|100\/100\n|-fieldstart|move: Misty Terrain|[from] ability: Misty Surge|[of] p2a: The Droplet Tear\n|\n|upkeep\n|turn|15\n|inactive|RandoTestAccount has 120 seconds left.\n|\n|t:|1700582090\n|move|p1a: Anime Hero|Psycho Cut|p2a: The Droplet Tear\n|-damage|p2a: The Droplet Tear|66\/100\n|move|p2a: The Droplet Tear|Calm Mind|p2a: The Droplet Tear\n|-boost|p2a: The Droplet Tear|spa|1\n|-boost|p2a: The Droplet Tear|spd|1\n|\n|-heal|p2a: The Droplet Tear|72\/100|[from] item: Leftovers\n|upkeep\n|turn|16\n|\n|t:|1700582098\n|move|p1a: Anime Hero|Swords Dance|p1a: Anime Hero\n|-boost|p1a: Anime Hero|atk|2\n|move|p2a: The Droplet Tear|Moonblast|p1a: Anime Hero\n|-supereffective|p1a: Anime Hero\n|-damage|p1a: Anime Hero|0 fnt\n|faint|p1a: Anime Hero\n|\n|-heal|p2a: The Droplet Tear|78\/100|[from] item: Leftovers\n|upkeep\n|\n|t:|1700582116\n|switch|p1a: Iron Valiant|Iron Valiant|100\/100\n|-enditem|p1a: Iron Valiant|Booster Energy\n|-activate|p1a: Iron Valiant|ability: Quark Drive|[fromitem]\n|-start|p1a: Iron Valiant|quarkdrivespe\n|turn|17\n|\n|t:|1700582122\n|-terastallize|p1a: Iron Valiant|Steel\n|move|p1a: Iron Valiant|Swords Dance|p1a: Iron Valiant\n|-boost|p1a: Iron Valiant|atk|2\n|move|p2a: The Droplet Tear|Moonblast|p1a: Iron Valiant\n|-resisted|p1a: Iron Valiant\n|-damage|p1a: Iron Valiant|60\/100\n|\n|-heal|p2a: The Droplet Tear|84\/100|[from] item: Leftovers\n|upkeep\n|turn|18\n|inactive|RandoTestAccount has 120 seconds left.\n|\n|t:|1700582153\n|move|p1a: Iron Valiant|Spirit Break|p2a: The Droplet Tear\n|-damage|p2a: The Droplet Tear|27\/100\n|-unboost|p2a: The Droplet Tear|spa|1\n|move|p2a: The Droplet Tear|Scald|p1a: Iron Valiant\n|-damage|p1a: Iron Valiant|16\/100\n|\n|-heal|p2a: The Droplet Tear|33\/100|[from] item: Leftovers\n|-fieldend|Misty Terrain\n|upkeep\n|turn|19\n|inactive|RandoTestAccount has 120 seconds left.\n|\n|t:|1700582186\n|switch|p2a: Ephialtes Keeper|Corviknight, F, shiny|100\/100\n|-ability|p2a: Ephialtes Keeper|Pressure\n|move|p1a: Iron Valiant|Spirit Break|p2a: Ephialtes Keeper\n|-resisted|p2a: Ephialtes Keeper\n|-damage|p2a: Ephialtes Keeper|70\/100\n|-unboost|p2a: Ephialtes Keeper|spa|1\n|-damage|p1a: Iron Valiant|0 fnt|[from] item: Rocky Helmet|[of] p2a: Ephialtes Keeper\n|faint|p1a: Iron Valiant\n|-end|p1a: Iron Valiant|Quark Drive|[silent]\n|\n|upkeep\n|\n|t:|1700582198\n|switch|p1a: Terror Bird|Zapdos-Galar|100\/100\n|turn|20\n|\n|t:|1700582202\n|move|p1a: Terror Bird|Substitute|p1a: Terror Bird\n|-start|p1a: Terror Bird|Substitute\n|-damage|p1a: Terror Bird|76\/100\n|move|p2a: Ephialtes Keeper|Brave Bird|p1a: Terror Bird\n|-supereffective|p1a: Terror Bird\n|-end|p1a: Terror Bird|Substitute\n|-damage|p2a: Ephialtes Keeper|62\/100|[from] Recoil|[of] p1a: Terror Bird\n|\n|-heal|p1a: Terror Bird|82\/100|[from] item: Leftovers\n|upkeep\n|turn|21\n|\n|t:|1700582210\n|move|p1a: Terror Bird|Substitute|p1a: Terror Bird\n|-start|p1a: Terror Bird|Substitute\n|-damage|p1a: Terror Bird|57\/100\n|move|p2a: Ephialtes Keeper|Brave Bird|p1a: Terror Bird\n|-supereffective|p1a: Terror Bird\n|-end|p1a: Terror Bird|Substitute\n|-damage|p2a: Ephialtes Keeper|54\/100|[from] Recoil|[of] p1a: Terror Bird\n|\n|-heal|p1a: Terror Bird|63\/100|[from] item: Leftovers\n|upkeep\n|turn|22\n|\n|t:|1700582219\n|move|p1a: Terror Bird|Substitute|p1a: Terror Bird\n|-start|p1a: Terror Bird|Substitute\n|-damage|p1a: Terror Bird|38\/100\n|move|p2a: Ephialtes Keeper|Brave Bird|p1a: Terror Bird\n|-supereffective|p1a: Terror Bird\n|-end|p1a: Terror Bird|Substitute\n|-damage|p2a: Ephialtes Keeper|47\/100|[from] Recoil|[of] p1a: Terror Bird\n|\n|-heal|p1a: Terror Bird|45\/100|[from] item: Leftovers\n|upkeep\n|turn|23\n|\n|t:|1700582236\n|move|p1a: Terror Bird|Substitute|p1a: Terror Bird\n|-start|p1a: Terror Bird|Substitute\n|-damage|p1a: Terror Bird|20\/100\n|move|p2a: Ephialtes Keeper|Roost|p2a: Ephialtes Keeper\n|-heal|p2a: Ephialtes Keeper|97\/100\n|-singleturn|p2a: Ephialtes Keeper|move: Roost\n|\n|-heal|p1a: Terror Bird|26\/100|[from] item: Leftovers\n|upkeep\n|turn|24\n|\n|t:|1700582245\n|move|p1a: Terror Bird|Bulk Up|p1a: Terror Bird\n|-boost|p1a: Terror Bird|atk|1\n|-boost|p1a: Terror Bird|def|1\n|move|p2a: Ephialtes Keeper|Brave Bird|p1a: Terror Bird\n|-supereffective|p1a: Terror Bird\n|-end|p1a: Terror Bird|Substitute\n|-damage|p2a: Ephialtes Keeper|89\/100|[from] Recoil|[of] p1a: Terror Bird\n|\n|-heal|p1a: Terror Bird|32\/100|[from] item: Leftovers\n|upkeep\n|turn|25\n|\n|t:|1700582268\n|move|p1a: Terror Bird|Thunderous Kick|p2a: Ephialtes Keeper\n|-damage|p2a: Ephialtes Keeper|37\/100\n|-unboost|p2a: Ephialtes Keeper|def|1\n|-damage|p1a: Terror Bird|16\/100|[from] item: Rocky Helmet|[of] p2a: Ephialtes Keeper\n|move|p2a: Ephialtes Keeper|Brave Bird|p1a: Terror Bird\n|-supereffective|p1a: Terror Bird\n|-damage|p1a: Terror Bird|0 fnt\n|faint|p1a: Terror Bird\n|-damage|p2a: Ephialtes Keeper|33\/100|[from] Recoil\n|\n|upkeep\n|\n|t:|1700582287\n|switch|p1a: The Drip King|Kommo-o, M|100\/100\n|turn|26\n|\n|t:|1700582296\n|switch|p2a: The Droplet Tear|Tapu Fini, shiny|33\/100\n|-fieldstart|move: Misty Terrain|[from] ability: Misty Surge|[of] p2a: The Droplet Tear\n|-zpower|p1a: The Drip King\n|move|p1a: The Drip King|Clangorous Soulblaze|p2a: The Droplet Tear|[zeffect]\n|-immune|p2a: The Droplet Tear\n|\n|-heal|p2a: The Droplet Tear|39\/100|[from] item: Leftovers\n|upkeep\n|turn|27\n|\n|t:|1700582309\n|move|p1a: The Drip King|Earthquake|p2a: The Droplet Tear\n|-damage|p2a: The Droplet Tear|12\/100\n|move|p2a: The Droplet Tear|Moonblast|p1a: The Drip King\n|-supereffective|p1a: The Drip King\n|-damage|p1a: The Drip King|0 fnt\n|faint|p1a: The Drip King\n|\n|-heal|p2a: The Droplet Tear|18\/100|[from] item: Leftovers\n|upkeep\n|\n|t:|1700582317\n|switch|p1a: Mexican Drumsticks|Quaquaval, F|100\/100\n|turn|28\n|\n|t:|1700582326\n|switch|p2a: Agony Steelheart|Dragalge, F, shiny|100\/100\n|move|p1a: Mexican Drumsticks|Aqua Step|p2a: Agony Steelheart\n|-resisted|p2a: Agony Steelheart\n|-damage|p2a: Agony Steelheart|78\/100\n|-boost|p1a: Mexican Drumsticks|spe|1\n|\n|-heal|p2a: Agony Steelheart|84\/100|[from] item: Black Sludge\n|upkeep\n|turn|29\n|\n|t:|1700582335\n|move|p1a: Mexican Drumsticks|Ice Spinner|p2a: Agony Steelheart\n|-supereffective|p2a: Agony Steelheart\n|-damage|p2a: Agony Steelheart|23\/100\n|-fieldend|Misty Terrain\n|move|p2a: Agony Steelheart|Acid Spray|p1a: Mexican Drumsticks\n|-damage|p1a: Mexican Drumsticks|73\/100\n|-unboost|p1a: Mexican Drumsticks|spd|2\n|\n|-heal|p1a: Mexican Drumsticks|79\/100|[from] item: Leftovers\n|-heal|p2a: Agony Steelheart|29\/100|[from] item: Black Sludge\n|upkeep\n|turn|30\n|\n|t:|1700582346\n|switch|p2a: Spectre of Emerald|Sableye, F, shiny|88\/100\n|move|p1a: Mexican Drumsticks|Ice Spinner|p2a: Spectre of Emerald\n|-damage|p2a: Spectre of Emerald|58\/100\n|\n|-heal|p1a: Mexican Drumsticks|85\/100|[from] item: Leftovers\n|upkeep\n|turn|31\n|\n|t:|1700582353\n|move|p2a: Spectre of Emerald|Will-O-Wisp|p1a: Mexican Drumsticks\n|-status|p1a: Mexican Drumsticks|brn\n|move|p1a: Mexican Drumsticks|Aqua Step|p2a: Spectre of Emerald\n|-damage|p2a: Spectre of Emerald|36\/100\n|-boost|p1a: Mexican Drumsticks|spe|1\n|\n|-heal|p1a: Mexican Drumsticks|91\/100 brn|[from] item: Leftovers\n|-damage|p1a: Mexican Drumsticks|85\/100 brn|[from] brn\n|upkeep\n|turn|32\n|\n|t:|1700582366\n|detailschange|p2a: Spectre of Emerald|Sableye-Mega, F, shiny\n|-mega|p2a: Spectre of Emerald|Sableye|Sablenite\n|move|p1a: Mexican Drumsticks|Aqua Step|p2a: Spectre of Emerald\n|-damage|p2a: Spectre of Emerald|21\/100\n|-boost|p1a: Mexican Drumsticks|spe|1\n|move|p2a: Spectre of Emerald|Recover|p2a: Spectre of Emerald\n|-heal|p2a: Spectre of Emerald|71\/100\n|\n|-heal|p1a: Mexican Drumsticks|91\/100 brn|[from] item: Leftovers\n|-damage|p1a: Mexican Drumsticks|85\/100 brn|[from] brn\n|upkeep\n|turn|33\n|-message|Mr. 475 forfeited.\n|\n|win|RandoTestAccount\n|raw|Mr. 475's rating: 1313 &rarr; <strong>1292<\/strong><br \/>(-21 for losing)\n|raw|RandoTestAccount's rating: 1293 &rarr; <strong>1319<\/strong><br \/>(+26 for winning)\n|l|\u2606Mr. 475\n","uploadtime":1700582398,"views":0,"p1id":"mr475","p2id":"randotestaccount","formatid":"gen9nationaldex","rating":1292,"private":0,"password":""}