{"id":"gen9nationaldex-1990802369","p1":"bpf99","p2":"PureCompany","format":"[Gen 9] National Dex","log":"|j|\u2606bpf99\n|j|\u2606PureCompany\n|t:|1700002319\n|gametype|singles\n|player|p1|bpf99|serena-masters3|1305\n|player|p2|PureCompany|170|1360\n|teamsize|p1|6\n|teamsize|p2|6\n|gen|9\n|tier|[Gen 9] National Dex\n|rated|\n|rule|HP Percentage Mod: HP is shown in percentages\n|rule|Endless Battle Clause: Forcing endless battles is banned\n|rule|OHKO Clause: OHKO moves are banned\n|rule|Evasion Clause: Evasion abilities, items, and moves are banned\n|rule|Evasion Abilities Clause: Evasion abilities are banned\n|rule|Evasion Items Clause: Evasion items are banned\n|rule|Evasion Moves Clause: Evasion moves are banned\n|rule|Species Clause: Limit one of each Pok\u00e9mon\n|rule|Sleep Clause Mod: Limit one foe put to sleep\n|clearpoke\n|poke|p1|Umbreon, M|\n|poke|p1|Talonflame, M|\n|poke|p1|Samurott-Hisui, F|\n|poke|p1|Espeon, F|\n|poke|p1|Meowscarada, F|\n|poke|p1|Slowking-Galar, F|\n|poke|p2|Pelipper, M|\n|poke|p2|Tapu Koko|\n|poke|p2|Greninja-*, M|\n|poke|p2|Barraskewda, F|\n|poke|p2|Swampert, M|\n|poke|p2|Rillaboom, M|\n|teampreview\n|inactive|Battle timer is ON: inactive players will automatically lose when time's up. (requested by bpf99)\n|\n|t:|1700002341\n|start\n|switch|p1a: seal|Samurott-Hisui, F|100\/100\n|switch|p2a: Pelipper|Pelipper, M|100\/100\n|-weather|RainDance|[from] ability: Drizzle|[of] p2a: Pelipper\n|turn|1\n|\n|t:|1700002347\n|move|p1a: seal|Knock Off|p2a: Pelipper\n|-damage|p2a: Pelipper|65\/100\n|-enditem|p2a: Pelipper|Damp Rock|[from] move: Knock Off|[of] p1a: seal\n|move|p2a: Pelipper|U-turn|p1a: seal\n|-supereffective|p1a: seal\n|-damage|p1a: seal|78\/100\n|\n|t:|1700002352\n|switch|p2a: Tapu Koko|Tapu Koko|100\/100|[from] U-turn\n|-fieldstart|move: Electric Terrain|[from] ability: Electric Surge|[of] p2a: Tapu Koko\n|\n|-weather|RainDance|[upkeep]\n|upkeep\n|turn|2\n|\n|t:|1700002358\n|switch|p1a: Slowking|Slowking-Galar, F|100\/100\n|move|p2a: Tapu Koko|Thunder|p1a: Slowking\n|-damage|p1a: Slowking|76\/100\n|-status|p1a: Slowking|par\n|\n|-weather|RainDance|[upkeep]\n|upkeep\n|turn|3\n|\n|t:|1700002363\n|move|p2a: Tapu Koko|U-turn|p1a: Slowking\n|-damage|p1a: Slowking|60\/100 par\n|\n|t:|1700002365\n|switch|p2a: Swampert|Swampert, M|100\/100|[from] U-turn\n|move|p1a: Slowking|Sludge Bomb|p2a: Swampert\n|-resisted|p2a: Swampert\n|-damage|p2a: Swampert|83\/100\n|\n|-weather|RainDance|[upkeep]\n|upkeep\n|turn|4\n|\n|t:|1700002374\n|switch|p1a: SQUAWK|Talonflame, M|100\/100\n|detailschange|p2a: Swampert|Swampert-Mega, M\n|-mega|p2a: Swampert|Swampert|Swampertite\n|move|p2a: Swampert|Flip Turn|p1a: SQUAWK\n|-supereffective|p1a: SQUAWK\n|-damage|p1a: SQUAWK|0 fnt\n|faint|p1a: SQUAWK\n|\n|t:|1700002384\n|switch|p2a: Barraskewda|Barraskewda, F|100\/100|[from] Flip Turn\n|\n|-weather|RainDance|[upkeep]\n|upkeep\n|\n|t:|1700002405\n|switch|p1a: dusk|Umbreon, M, shiny|100\/100\n|turn|5\n|\n|t:|1700002412\n|move|p1a: dusk|Protect|p1a: dusk\n|-singleturn|p1a: dusk|Protect\n|move|p2a: Barraskewda|Liquidation|p1a: dusk\n|-activate|p1a: dusk|move: Protect\n|\n|-weather|RainDance|[upkeep]\n|-fieldend|move: Electric Terrain\n|upkeep\n|turn|6\n|\n|t:|1700002417\n|-terastallize|p2a: Barraskewda|Water\n|move|p2a: Barraskewda|Liquidation|p1a: dusk\n|-damage|p1a: dusk|14\/100\n|move|p1a: dusk|Foul Play|p2a: Barraskewda\n|-damage|p2a: Barraskewda|0 fnt\n|faint|p2a: Barraskewda\n|\n|-weather|RainDance|[upkeep]\n|-heal|p1a: dusk|20\/100|[from] item: Leftovers\n|upkeep\n|\n|t:|1700002423\n|switch|p2a: Tapu Koko|Tapu Koko|100\/100\n|-fieldstart|move: Electric Terrain|[from] ability: Electric Surge|[of] p2a: Tapu Koko\n|turn|7\n|\n|t:|1700002430\n|move|p1a: dusk|Protect|p1a: dusk\n|-singleturn|p1a: dusk|Protect\n|move|p2a: Tapu Koko|Thunder|p1a: dusk\n|-activate|p1a: dusk|move: Protect\n|\n|-weather|RainDance|[upkeep]\n|-heal|p1a: dusk|26\/100|[from] item: Leftovers\n|upkeep\n|turn|8\n|\n|t:|1700002436\n|switch|p1a: Slowking|Slowking-Galar, F|93\/100 par\n|move|p2a: Tapu Koko|Thunder|p1a: Slowking\n|-damage|p1a: Slowking|70\/100 par\n|\n|-weather|none\n|upkeep\n|turn|9\n|\n|t:|1700002444\n|move|p2a: Tapu Koko|U-turn|p1a: Slowking\n|-damage|p1a: Slowking|54\/100 par\n|\n|t:|1700002447\n|switch|p2a: Swampert|Swampert-Mega, M|83\/100|[from] U-turn\n|move|p1a: Slowking|Future Sight|p2a: Swampert\n|-start|p1a: Slowking|move: Future Sight\n|\n|upkeep\n|turn|10\n|\n|t:|1700002455\n|switch|p1a: riposte!|Meowscarada, F|100\/100\n|move|p2a: Swampert|Flip Turn|p1a: riposte!\n|-resisted|p1a: riposte!\n|-damage|p1a: riposte!|71\/100\n|\n|t:|1700002461\n|switch|p2a: Pelipper|Pelipper, M|65\/100|[from] Flip Turn\n|-weather|RainDance|[from] ability: Drizzle|[of] p2a: Pelipper\n|\n|-weather|RainDance|[upkeep]\n|upkeep\n|turn|11\n|\n|t:|1700002472\n|move|p1a: riposte!|U-turn|p2a: Pelipper\n|-start|p1a: riposte!|typechange|Bug|[from] ability: Protean\n|-resisted|p2a: Pelipper\n|-damage|p2a: Pelipper|53\/100\n|\n|t:|1700002474\n|switch|p1a: Slowking|Slowking-Galar, F|88\/100 par|[from] U-turn\n|move|p2a: Pelipper|U-turn|p1a: Slowking\n|-damage|p1a: Slowking|80\/100 par\n|\n|t:|1700002482\n|switch|p2a: Greninja|Greninja, M|100\/100|[from] U-turn\n|\n|-weather|RainDance|[upkeep]\n|-end|p2a: Greninja|move: Future Sight\n|-immune|p2a: Greninja\n|-fieldend|move: Electric Terrain\n|upkeep\n|turn|12\n|\n|t:|1700002490\n|move|p2a: Greninja|Dark Pulse|p1a: Slowking\n|-supereffective|p1a: Slowking\n|-damage|p1a: Slowking|46\/100 par\n|-damage|p2a: Greninja|91\/100|[from] item: Life Orb\n|move|p1a: Slowking|Sludge Bomb|p2a: Greninja\n|-damage|p2a: Greninja|41\/100\n|-status|p2a: Greninja|psn\n|\n|-weather|RainDance|[upkeep]\n|-damage|p2a: Greninja|29\/100 psn|[from] psn\n|upkeep\n|turn|13\n|\n|t:|1700002509\n|switch|p1a: dusk|Umbreon, M, shiny|26\/100\n|move|p2a: Greninja|Hydro Pump|p1a: dusk|[miss]\n|-miss|p2a: Greninja|p1a: dusk\n|\n|-weather|RainDance|[upkeep]\n|-heal|p1a: dusk|32\/100|[from] item: Leftovers\n|-damage|p2a: Greninja|16\/100 psn|[from] psn\n|upkeep\n|turn|14\n|\n|t:|1700002514\n|move|p1a: dusk|Protect|p1a: dusk\n|-singleturn|p1a: dusk|Protect\n|move|p2a: Greninja|Hydro Pump|p1a: dusk\n|-activate|p1a: dusk|move: Protect\n|\n|-weather|none\n|-heal|p1a: dusk|38\/100|[from] item: Leftovers\n|-damage|p2a: Greninja|4\/100 psn|[from] psn\n|upkeep\n|turn|15\n|\n|t:|1700002519\n|switch|p1a: Slowking|Slowking-Galar, F|79\/100 par\n|move|p2a: Greninja|Dark Pulse|p1a: Slowking\n|-supereffective|p1a: Slowking\n|-damage|p1a: Slowking|41\/100 par\n|-damage|p2a: Greninja|0 fnt|[from] item: Life Orb\n|faint|p2a: Greninja\n|\n|upkeep\n|\n|t:|1700002528\n|switch|p2a: Swampert|Swampert-Mega, M|83\/100\n|turn|16\n|\n|t:|1700002536\n|move|p2a: Swampert|Earthquake|p1a: Slowking\n|-supereffective|p1a: Slowking\n|-damage|p1a: Slowking|0 fnt\n|faint|p1a: Slowking\n|\n|upkeep\n|\n|t:|1700002544\n|switch|p1a: riposte!|Meowscarada, F|71\/100\n|turn|17\n|\n|t:|1700002548\n|switch|p2a: Pelipper|Pelipper, M|53\/100\n|-weather|RainDance|[from] ability: Drizzle|[of] p2a: Pelipper\n|move|p1a: riposte!|Flower Trick|p2a: Pelipper\n|-start|p1a: riposte!|typechange|Grass|[from] ability: Protean\n|-crit|p2a: Pelipper\n|-damage|p2a: Pelipper|18\/100\n|\n|-weather|RainDance|[upkeep]\n|upkeep\n|turn|18\n|\n|t:|1700002556\n|move|p1a: riposte!|Flower Trick|p2a: Pelipper\n|-crit|p2a: Pelipper\n|-damage|p2a: Pelipper|0 fnt\n|faint|p2a: Pelipper\n|\n|-weather|RainDance|[upkeep]\n|upkeep\n|\n|t:|1700002563\n|switch|p2a: Swampert|Swampert-Mega, M|83\/100\n|turn|19\n|\n|t:|1700002569\n|-terastallize|p1a: riposte!|Dark\n|move|p2a: Swampert|Ice Punch|p1a: riposte!\n|-damage|p1a: riposte!|22\/100\n|move|p1a: riposte!|Flower Trick|p2a: Swampert\n|-supereffective|p2a: Swampert\n|-crit|p2a: Swampert\n|-damage|p2a: Swampert|0 fnt\n|faint|p2a: Swampert\n|\n|-weather|RainDance|[upkeep]\n|upkeep\n|\n|t:|1700002576\n|switch|p2a: Tapu Koko|Tapu Koko|100\/100\n|-fieldstart|move: Electric Terrain|[from] ability: Electric Surge|[of] p2a: Tapu Koko\n|turn|20\n|inactive|bpf99 has 120 seconds left.\n|\n|t:|1700002623\n|move|p1a: riposte!|Sucker Punch|p2a: Tapu Koko\n|-resisted|p2a: Tapu Koko\n|-damage|p2a: Tapu Koko|76\/100\n|move|p2a: Tapu Koko|Dazzling Gleam|p1a: riposte!\n|-supereffective|p1a: riposte!\n|-damage|p1a: riposte!|0 fnt\n|faint|p1a: riposte!\n|\n|-weather|RainDance|[upkeep]\n|upkeep\n|\n|t:|1700002633\n|switch|p1a: seal|Samurott-Hisui, F|78\/100\n|turn|21\n|\n|t:|1700002638\n|move|p1a: seal|Razor Shell|p2a: Tapu Koko\n|-damage|p2a: Tapu Koko|0 fnt\n|faint|p2a: Tapu Koko\n|\n|-weather|none\n|upkeep\n|\n|t:|1700002642\n|switch|p2a: Rillaboom|Rillaboom, M|100\/100\n|-fieldstart|move: Grassy Terrain|[from] ability: Grassy Surge|[of] p2a: Rillaboom\n|turn|22\n|\n|t:|1700002646\n|move|p2a: Rillaboom|Grassy Glide|p1a: seal\n|-supereffective|p1a: seal\n|-damage|p1a: seal|0 fnt\n|faint|p1a: seal\n|\n|upkeep\n|\n|t:|1700002650\n|switch|p1a: <3|Espeon, F|100\/100\n|turn|23\n|\n|t:|1700002654\n|move|p2a: Rillaboom|Grassy Glide|p1a: <3\n|-damage|p1a: <3|0 fnt\n|faint|p1a: <3\n|\n|upkeep\n|\n|t:|1700002657\n|switch|p1a: dusk|Umbreon, M, shiny|38\/100\n|turn|24\n|\n|t:|1700002660\n|move|p1a: dusk|Protect|p1a: dusk\n|-singleturn|p1a: dusk|Protect\n|move|p2a: Rillaboom|Grassy Glide|p1a: dusk\n|-activate|p1a: dusk|move: Protect\n|\n|-heal|p1a: dusk|44\/100|[from] Grassy Terrain\n|-heal|p1a: dusk|50\/100|[from] item: Leftovers\n|upkeep\n|turn|25\n|\n|t:|1700002667\n|move|p2a: Rillaboom|Grassy Glide|p1a: dusk\n|-damage|p1a: dusk|16\/100\n|move|p1a: dusk|Wish|p1a: dusk\n|\n|-heal|p1a: dusk|22\/100|[from] Grassy Terrain\n|-heal|p1a: dusk|28\/100|[from] item: Leftovers\n|upkeep\n|turn|26\n|\n|t:|1700002672\n|move|p1a: dusk|Protect|p1a: dusk\n|-singleturn|p1a: dusk|Protect\n|move|p2a: Rillaboom|Grassy Glide|p1a: dusk\n|-activate|p1a: dusk|move: Protect\n|\n|-heal|p1a: dusk|78\/100|[from] move: Wish|[wisher] dusk\n|-heal|p1a: dusk|84\/100|[from] Grassy Terrain\n|-heal|p1a: dusk|90\/100|[from] item: Leftovers\n|-fieldend|move: Grassy Terrain\n|upkeep\n|turn|27\n|\n|t:|1700002675\n|move|p2a: Rillaboom|Grassy Glide|p1a: dusk\n|-damage|p1a: dusk|64\/100\n|move|p1a: dusk|Toxic|p2a: Rillaboom\n|-status|p2a: Rillaboom|tox\n|\n|-heal|p1a: dusk|70\/100|[from] item: Leftovers\n|-damage|p2a: Rillaboom|94\/100 tox|[from] psn\n|upkeep\n|turn|28\n|\n|t:|1700002680\n|move|p2a: Rillaboom|Grassy Glide|p1a: dusk\n|-damage|p1a: dusk|44\/100\n|move|p1a: dusk|Wish|p1a: dusk\n|\n|-heal|p1a: dusk|50\/100|[from] item: Leftovers\n|-damage|p2a: Rillaboom|82\/100 tox|[from] psn\n|upkeep\n|turn|29\n|\n|t:|1700002683\n|move|p1a: dusk|Protect|p1a: dusk\n|-singleturn|p1a: dusk|Protect\n|move|p2a: Rillaboom|Grassy Glide|p1a: dusk\n|-activate|p1a: dusk|move: Protect\n|\n|-heal|p1a: dusk|100\/100|[from] move: Wish|[wisher] dusk\n|-damage|p2a: Rillaboom|64\/100 tox|[from] psn\n|upkeep\n|turn|30\n|\n|t:|1700002688\n|move|p2a: Rillaboom|Grassy Glide|p1a: dusk\n|-damage|p1a: dusk|71\/100\n|move|p1a: dusk|Foul Play|p2a: Rillaboom\n|-damage|p2a: Rillaboom|14\/100 tox\n|\n|-heal|p1a: dusk|77\/100|[from] item: Leftovers\n|-damage|p2a: Rillaboom|0 fnt|[from] psn\n|faint|p2a: Rillaboom\n|\n|win|bpf99\n|upkeep\n|raw|bpf99's rating: 1305 &rarr; <strong>1328<\/strong><br \/>(+23 for winning)\n|raw|PureCompany's rating: 1360 &rarr; <strong>1337<\/strong><br \/>(-23 for losing)\n|c|\u2606bpf99|gg\n|l|\u2606PureCompany\n","uploadtime":1700002762,"views":14,"p1id":"bpf99","p2id":"purecompany","formatid":"gen9nationaldex","rating":1328,"private":0,"password":""}