{"id":"gen9nationaldex-1988806050","p1":"YinGsJ","p2":"ResidentCraft","format":"[Gen 9] National Dex","log":"|j|\u2606YinGsJ\n|j|\u2606ResidentCraft\n|t:|1699765815\n|gametype|singles\n|player|p1|YinGsJ|red-masters|\n|player|p2|ResidentCraft|red|\n|teamsize|p1|6\n|teamsize|p2|6\n|gen|9\n|tier|[Gen 9] National Dex\n|rule|HP Percentage Mod: HP is shown in percentages\n|rule|Endless Battle Clause: Forcing endless battles is banned\n|rule|OHKO Clause: OHKO moves are banned\n|rule|Evasion Clause: Evasion abilities, items, and moves are banned\n|rule|Evasion Abilities Clause: Evasion abilities are banned\n|rule|Evasion Items Clause: Evasion items are banned\n|rule|Evasion Moves Clause: Evasion moves are banned\n|rule|Species Clause: Limit one of each Pok\u00e9mon\n|rule|Sleep Clause Mod: Limit one foe put to sleep\n|clearpoke\n|poke|p1|Medicham, M|\n|poke|p1|Tapu Fini|\n|poke|p1|Zapdos|\n|poke|p1|Glimmora, F|\n|poke|p1|Dragonite, F|\n|poke|p1|Samurott-Hisui, M|\n|poke|p2|Corsola-Galar, F|\n|poke|p2|Garchomp, M|\n|poke|p2|Chansey, F|\n|poke|p2|Scizor, M|\n|poke|p2|Tapu Koko|\n|poke|p2|Rotom-Wash|\n|teampreview\n|inactive|Battle timer is ON: inactive players will automatically lose when time's up. (requested by ResidentCraft)\n|\n|t:|1699765827\n|start\n|switch|p1a: Medicham|Medicham, M|100\/100\n|switch|p2a: Tapu Koko|Tapu Koko, shiny|100\/100\n|-fieldstart|move: Electric Terrain|[from] ability: Electric Surge|[of] p2a: Tapu Koko\n|turn|1\n|\n|t:|1699765830\n|detailschange|p1a: Medicham|Medicham-Mega, M\n|-mega|p1a: Medicham|Medicham|Medichamite\n|move|p1a: Medicham|Fake Out|p2a: Tapu Koko\n|-crit|p2a: Tapu Koko\n|-damage|p2a: Tapu Koko|49\/100\n|cant|p2a: Tapu Koko|flinch\n|\n|upkeep\n|turn|2\n|\n|t:|1699765841\n|switch|p1a: Zapdos|Zapdos|100\/100\n|move|p2a: Tapu Koko|Volt Switch|p1a: Zapdos\n|-damage|p1a: Zapdos|68\/100\n|-damage|p2a: Tapu Koko|39\/100|[from] item: Life Orb\n|\n|t:|1699765850\n|switch|p2a: Rotom|Rotom-Wash|100\/100|[from] Volt Switch\n|\n|upkeep\n|turn|3\n|\n|t:|1699765855\n|move|p2a: Rotom|Volt Switch|p1a: Zapdos\n|-damage|p1a: Zapdos|46\/100\n|\n|t:|1699765859\n|switch|p2a: Chansey|Chansey, F|100\/100|[from] Volt Switch\n|move|p1a: Zapdos|Roost|p1a: Zapdos\n|-heal|p1a: Zapdos|97\/100\n|-singleturn|p1a: Zapdos|move: Roost\n|\n|upkeep\n|turn|4\n|\n|t:|1699765864\n|move|p1a: Zapdos|Volt Switch|p2a: Chansey\n|-damage|p2a: Chansey|91\/100\n|\n|t:|1699765866\n|switch|p1a: Glimmora|Glimmora, F|100\/100|[from] Volt Switch\n|move|p2a: Chansey|Toxic|p1a: Glimmora\n|-immune|p1a: Glimmora\n|\n|upkeep\n|turn|5\n|\n|t:|1699765871\n|move|p1a: Glimmora|Stealth Rock|p2a: Chansey\n|-sidestart|p2: ResidentCraft|move: Stealth Rock\n|move|p2a: Chansey|Teleport|p2a: Chansey\n|\n|t:|1699765874\n|switch|p2a: Rotom|Rotom-Wash|100\/100|[from] Teleport\n|-damage|p2a: Rotom|88\/100|[from] Stealth Rock\n|\n|-fieldend|move: Electric Terrain\n|upkeep\n|turn|6\n|\n|t:|1699765883\n|move|p2a: Rotom|Trick|p1a: Glimmora\n|-activate|p2a: Rotom|move: Trick|[of] p1a: Glimmora\n|-item|p1a: Glimmora|Choice Scarf|[from] move: Trick\n|-item|p2a: Rotom|Focus Sash|[from] move: Trick\n|move|p1a: Glimmora|Energy Ball|p2a: Rotom\n|-supereffective|p2a: Rotom\n|-damage|p2a: Rotom|2\/100\n|\n|upkeep\n|turn|7\n|\n|t:|1699765890\n|move|p1a: Glimmora|Energy Ball|p2a: Rotom\n|-supereffective|p2a: Rotom\n|-damage|p2a: Rotom|0 fnt\n|faint|p2a: Rotom\n|\n|upkeep\n|\n|t:|1699765898\n|switch|p2a: Scizor|Scizor, M|100\/100\n|-damage|p2a: Scizor|88\/100|[from] Stealth Rock\n|turn|8\n|\n|t:|1699765905\n|switch|p1a: Zapdos|Zapdos|97\/100\n|detailschange|p2a: Scizor|Scizor-Mega, M\n|-mega|p2a: Scizor|Scizor|Scizorite\n|move|p2a: Scizor|Swords Dance|p2a: Scizor\n|-boost|p2a: Scizor|atk|2\n|\n|upkeep\n|turn|9\n|\n|t:|1699765909\n|switch|p2a: Chansey|Chansey, F|91\/100\n|-damage|p2a: Chansey|78\/100|[from] Stealth Rock\n|move|p1a: Zapdos|Heat Wave|p2a: Chansey\n|-damage|p2a: Chansey|70\/100\n|\n|upkeep\n|turn|10\n|\n|t:|1699765916\n|move|p1a: Zapdos|Hidden Power|p2a: Chansey\n|-damage|p2a: Chansey|65\/100\n|move|p2a: Chansey|Teleport|p2a: Chansey\n|\n|t:|1699765919\n|switch|p2a: Garchomp|Garchomp, M|100\/100|[from] Teleport\n|-damage|p2a: Garchomp|94\/100|[from] Stealth Rock\n|\n|-heal|p2a: Garchomp|100\/100|[from] item: Leftovers\n|upkeep\n|turn|11\n|\n|t:|1699765926\n|-terastallize|p2a: Garchomp|Fairy\n|move|p2a: Garchomp|Substitute|p2a: Garchomp\n|-start|p2a: Garchomp|Substitute\n|-damage|p2a: Garchomp|76\/100\n|move|p1a: Zapdos|Hidden Power|p2a: Garchomp\n|-activate|p2a: Garchomp|move: Substitute|[damage]\n|\n|-heal|p2a: Garchomp|82\/100|[from] item: Leftovers\n|upkeep\n|turn|12\n|\n|t:|1699765933\n|move|p2a: Garchomp|Swords Dance|p2a: Garchomp\n|-boost|p2a: Garchomp|atk|2\n|move|p1a: Zapdos|Volt Switch|p2a: Garchomp\n|-crit|p2a: Garchomp\n|-end|p2a: Garchomp|Substitute\n|\n|t:|1699765936\n|switch|p1a: Tapu Fini|Tapu Fini|100\/100|[from] Volt Switch\n|-fieldstart|move: Misty Terrain|[from] ability: Misty Surge|[of] p1a: Tapu Fini\n|\n|-heal|p2a: Garchomp|88\/100|[from] item: Leftovers\n|upkeep\n|turn|13\n|\n|t:|1699765942\n|move|p2a: Garchomp|Earthquake|p1a: Tapu Fini\n|-damage|p1a: Tapu Fini|15\/100\n|move|p1a: Tapu Fini|Moonblast|p2a: Garchomp\n|-damage|p2a: Garchomp|54\/100\n|\n|-heal|p2a: Garchomp|60\/100|[from] item: Leftovers\n|-heal|p1a: Tapu Fini|21\/100|[from] item: Leftovers\n|upkeep\n|turn|14\n|\n|t:|1699765948\n|move|p2a: Garchomp|Earthquake|p1a: Tapu Fini\n|-damage|p1a: Tapu Fini|0 fnt\n|faint|p1a: Tapu Fini\n|\n|-heal|p2a: Garchomp|66\/100|[from] item: Leftovers\n|upkeep\n|\n|t:|1699765952\n|switch|p1a: Medicham|Medicham-Mega, M|100\/100\n|turn|15\n|\n|t:|1699765956\n|move|p1a: Medicham|Fake Out|p2a: Garchomp\n|-damage|p2a: Garchomp|43\/100\n|-damage|p1a: Medicham|88\/100|[from] ability: Rough Skin|[of] p2a: Garchomp\n|cant|p2a: Garchomp|flinch\n|\n|-heal|p2a: Garchomp|49\/100|[from] item: Leftovers\n|upkeep\n|turn|16\n|\n|t:|1699765964\n|switch|p1a: Glimmora|Glimmora, F|100\/100\n|move|p2a: Garchomp|Earthquake|p1a: Glimmora\n|-supereffective|p1a: Glimmora\n|-damage|p1a: Glimmora|0 fnt\n|-activate|p1a: Glimmora|ability: Toxic Debris\n|-sidestart|p2: ResidentCraft|move: Toxic Spikes\n|faint|p1a: Glimmora\n|\n|-heal|p2a: Garchomp|55\/100|[from] item: Leftovers\n|-fieldend|Misty Terrain\n|upkeep\n|\n|t:|1699765968\n|switch|p1a: Medicham|Medicham-Mega, M|88\/100\n|turn|17\n|\n|t:|1699765970\n|move|p1a: Medicham|Fake Out|p2a: Garchomp\n|-damage|p2a: Garchomp|33\/100\n|-damage|p1a: Medicham|76\/100|[from] ability: Rough Skin|[of] p2a: Garchomp\n|cant|p2a: Garchomp|flinch\n|\n|-heal|p2a: Garchomp|39\/100|[from] item: Leftovers\n|upkeep\n|turn|18\n|\n|t:|1699765974\n|move|p2a: Garchomp|Earthquake|p1a: Medicham\n|-damage|p1a: Medicham|0 fnt\n|faint|p1a: Medicham\n|\n|-heal|p2a: Garchomp|45\/100|[from] item: Leftovers\n|upkeep\n|\n|t:|1699765979\n|switch|p1a: Zapdos|Zapdos|97\/100\n|turn|19\n|\n|t:|1699765985\n|move|p2a: Garchomp|Dragon Claw|p1a: Zapdos\n|-damage|p1a: Zapdos|6\/100\n|move|p1a: Zapdos|Volt Switch|p2a: Garchomp\n|-damage|p2a: Garchomp|11\/100\n|\n|t:|1699765989\n|switch|p1a: Samurott|Samurott-Hisui, M|100\/100|[from] Volt Switch\n|\n|-heal|p2a: Garchomp|17\/100|[from] item: Leftovers\n|upkeep\n|turn|20\n|\n|t:|1699765995\n|move|p1a: Samurott|Aqua Cutter|p2a: Garchomp\n|-damage|p2a: Garchomp|0 fnt\n|faint|p2a: Garchomp\n|\n|upkeep\n|\n|t:|1699765998\n|switch|p2a: Corsola|Corsola-Galar, F|100\/100\n|-damage|p2a: Corsola|88\/100|[from] Stealth Rock\n|-status|p2a: Corsola|psn\n|turn|21\n|\n|t:|1699766002\n|switch|p1a: Zapdos|Zapdos|6\/100\n|move|p2a: Corsola|Whirlpool|p1a: Zapdos\n|-damage|p1a: Zapdos|2\/100\n|-activate|p1a: Zapdos|move: Whirlpool|[of] p2a: Corsola\n|\n|-damage|p2a: Corsola|76\/100 psn|[from] psn\n|-damage|p1a: Zapdos|0 fnt|[from] move: Whirlpool|[partiallytrapped]\n|faint|p1a: Zapdos\n|upkeep\n|\n|t:|1699766004\n|switch|p1a: Dragonite|Dragonite, F|100\/100\n|turn|22\n|\n|t:|1699766014\n|move|p1a: Dragonite|Dragon Dance|p1a: Dragonite\n|-boost|p1a: Dragonite|atk|1\n|-boost|p1a: Dragonite|spe|1\n|move|p2a: Corsola|Will-O-Wisp|p1a: Dragonite\n|-status|p1a: Dragonite|brn\n|\n|-damage|p2a: Corsola|63\/100 psn|[from] psn\n|-damage|p1a: Dragonite|94\/100 brn|[from] brn\n|upkeep\n|turn|23\n|\n|t:|1699766018\n|move|p1a: Dragonite|Dragon Dance|p1a: Dragonite\n|-boost|p1a: Dragonite|atk|1\n|-boost|p1a: Dragonite|spe|1\n|move|p2a: Corsola|Strength Sap|p1a: Dragonite\n|-unboost|p1a: Dragonite|atk|1\n|-heal|p2a: Corsola|100\/100 psn\n|\n|-heal|p1a: Dragonite|100\/100 brn|[from] item: Leftovers\n|-damage|p2a: Corsola|88\/100 psn|[from] psn\n|-damage|p1a: Dragonite|94\/100 brn|[from] brn\n|upkeep\n|turn|24\n|\n|t:|1699766021\n|move|p1a: Dragonite|Dragon Dance|p1a: Dragonite\n|-boost|p1a: Dragonite|atk|1\n|-boost|p1a: Dragonite|spe|1\n|move|p2a: Corsola|Strength Sap|p1a: Dragonite\n|-unboost|p1a: Dragonite|atk|1\n|-heal|p2a: Corsola|100\/100 psn\n|\n|-heal|p1a: Dragonite|100\/100 brn|[from] item: Leftovers\n|-damage|p2a: Corsola|88\/100 psn|[from] psn\n|-damage|p1a: Dragonite|94\/100 brn|[from] brn\n|upkeep\n|turn|25\n|\n|t:|1699766024\n|move|p1a: Dragonite|Dragon Dance|p1a: Dragonite\n|-boost|p1a: Dragonite|atk|1\n|-boost|p1a: Dragonite|spe|1\n|move|p2a: Corsola|Whirlpool|p1a: Dragonite\n|-resisted|p1a: Dragonite\n|-damage|p1a: Dragonite|92\/100 brn\n|-activate|p1a: Dragonite|move: Whirlpool|[of] p2a: Corsola\n|\n|-heal|p1a: Dragonite|98\/100 brn|[from] item: Leftovers\n|-damage|p2a: Corsola|76\/100 psn|[from] psn\n|-damage|p1a: Dragonite|92\/100 brn|[from] brn\n|-damage|p1a: Dragonite|79\/100 brn|[from] move: Whirlpool|[partiallytrapped]\n|upkeep\n|turn|26\n|\n|t:|1699766027\n|move|p1a: Dragonite|Dragon Dance|p1a: Dragonite\n|-boost|p1a: Dragonite|atk|1\n|-boost|p1a: Dragonite|spe|1\n|move|p2a: Corsola|Strength Sap|p1a: Dragonite\n|-unboost|p1a: Dragonite|atk|1\n|-heal|p2a: Corsola|100\/100 psn\n|\n|-heal|p1a: Dragonite|85\/100 brn|[from] item: Leftovers\n|-damage|p2a: Corsola|88\/100 psn|[from] psn\n|-damage|p1a: Dragonite|79\/100 brn|[from] brn\n|-damage|p1a: Dragonite|67\/100 brn|[from] move: Whirlpool|[partiallytrapped]\n|upkeep\n|turn|27\n|\n|t:|1699766030\n|move|p1a: Dragonite|Dragon Claw|p2a: Corsola\n|-damage|p2a: Corsola|64\/100 psn\n|move|p2a: Corsola|Strength Sap|p1a: Dragonite\n|-unboost|p1a: Dragonite|atk|1\n|-heal|p2a: Corsola|100\/100 psn\n|\n|-heal|p1a: Dragonite|73\/100 brn|[from] item: Leftovers\n|-damage|p2a: Corsola|88\/100 psn|[from] psn\n|-damage|p1a: Dragonite|67\/100 brn|[from] brn\n|-damage|p1a: Dragonite|55\/100 brn|[from] move: Whirlpool|[partiallytrapped]\n|upkeep\n|turn|28\n|\n|t:|1699766036\n|move|p1a: Dragonite|Dragon Dance|p1a: Dragonite\n|-boost|p1a: Dragonite|atk|1\n|-boost|p1a: Dragonite|spe|1\n|move|p2a: Corsola|Strength Sap|p1a: Dragonite\n|-unboost|p1a: Dragonite|atk|1\n|-heal|p2a: Corsola|100\/100 psn\n|\n|-heal|p1a: Dragonite|61\/100 brn|[from] item: Leftovers\n|-damage|p2a: Corsola|88\/100 psn|[from] psn\n|-damage|p1a: Dragonite|55\/100 brn|[from] brn\n|-damage|p1a: Dragonite|42\/100 brn|[from] move: Whirlpool|[partiallytrapped]\n|upkeep\n|turn|29\n|\n|t:|1699766039\n|move|p1a: Dragonite|Dual Wingbeat|p2a: Corsola|[miss]\n|-miss|p1a: Dragonite|p2a: Corsola\n|move|p2a: Corsola|Strength Sap|p1a: Dragonite\n|-unboost|p1a: Dragonite|atk|1\n|-heal|p2a: Corsola|100\/100 psn\n|\n|-heal|p1a: Dragonite|48\/100 brn|[from] item: Leftovers\n|-damage|p2a: Corsola|88\/100 psn|[from] psn\n|-damage|p1a: Dragonite|42\/100 brn|[from] brn\n|-damage|p1a: Dragonite|30\/100 brn|[from] move: Whirlpool|[partiallytrapped]\n|upkeep\n|turn|30\n|-message|YinGsJ forfeited.\n|\n|win|ResidentCraft\n|l|\u2606YinGsJ\n","uploadtime":1699766049,"views":9,"p1id":"yingsj","p2id":"residentcraft","formatid":"gen9nationaldex","rating":0,"private":0,"password":""}