{"id":"gen9nationaldex-1990819118","p1":"Jarl_jake","p2":"guaclover26","format":"[Gen 9] National Dex","log":"|j|\u2606Jarl_jake\n|j|\u2606guaclover26\n|t:|1700004060\n|gametype|singles\n|player|p1|Jarl_jake|red|1383\n|player|p2|guaclover26|blackbelt-gen4dp|1416\n|teamsize|p1|6\n|teamsize|p2|6\n|gen|9\n|tier|[Gen 9] National Dex\n|rated|\n|rule|HP Percentage Mod: HP is shown in percentages\n|rule|Endless Battle Clause: Forcing endless battles is banned\n|rule|OHKO Clause: OHKO moves are banned\n|rule|Evasion Clause: Evasion abilities, items, and moves are banned\n|rule|Evasion Abilities Clause: Evasion abilities are banned\n|rule|Evasion Items Clause: Evasion items are banned\n|rule|Evasion Moves Clause: Evasion moves are banned\n|rule|Species Clause: Limit one of each Pok\u00e9mon\n|rule|Sleep Clause Mod: Limit one foe put to sleep\n|clearpoke\n|poke|p1|Ninetales-Alola, F|\n|poke|p1|Serperior, F|\n|poke|p1|Salamence, M|\n|poke|p1|Blaziken, M|\n|poke|p1|Blastoise, F|\n|poke|p1|Grimmsnarl, M|\n|poke|p2|Tapu Koko|\n|poke|p2|Xurkitree|\n|poke|p2|Klefki, M|\n|poke|p2|Shuckle, M|\n|poke|p2|Slowking-Galar, M|\n|poke|p2|Gliscor, M|\n|teampreview\n|\n|t:|1700004077\n|start\n|switch|p1a: Lady Oscar|Serperior, F, shiny|100\/100\n|switch|p2a: Shuckle|Shuckle, M|100\/100\n|turn|1\n|inactive|Battle timer is ON: inactive players will automatically lose when time's up. (requested by guaclover26)\n|\n|t:|1700004083\n|move|p1a: Lady Oscar|Leaf Storm|p2a: Shuckle\n|-damage|p2a: Shuckle|68\/100\n|-boost|p1a: Lady Oscar|spa|2\n|-damage|p1a: Lady Oscar|91\/100|[from] item: Life Orb\n|move|p2a: Shuckle|Sticky Web|p1a: Lady Oscar\n|-sidestart|p1: Jarl_jake|move: Sticky Web\n|\n|upkeep\n|turn|2\n|\n|t:|1700004092\n|move|p1a: Lady Oscar|Leaf Storm|p2a: Shuckle\n|-damage|p2a: Shuckle|0 fnt\n|-boost|p1a: Lady Oscar|spa|2\n|faint|p2a: Shuckle\n|-damage|p1a: Lady Oscar|81\/100|[from] item: Life Orb\n|\n|upkeep\n|\n|t:|1700004121\n|switch|p2a: Tapu Koko|Tapu Koko|100\/100\n|-fieldstart|move: Electric Terrain|[from] ability: Electric Surge|[of] p2a: Tapu Koko\n|turn|3\n|\n|t:|1700004131\n|move|p2a: Tapu Koko|Brave Bird|p1a: Lady Oscar\n|-supereffective|p1a: Lady Oscar\n|-damage|p1a: Lady Oscar|0 fnt\n|faint|p1a: Lady Oscar\n|-damage|p2a: Tapu Koko|74\/100|[from] Recoil\n|\n|upkeep\n|\n|t:|1700004142\n|switch|p1a: Paarthurnax|Salamence, M, shiny|100\/100\n|turn|4\n|\n|t:|1700004151\n|-terastallize|p1a: Paarthurnax|Ground\n|move|p2a: Tapu Koko|Thunder Punch|p1a: Paarthurnax\n|-immune|p1a: Paarthurnax\n|move|p1a: Paarthurnax|Earthquake|p2a: Tapu Koko\n|-supereffective|p2a: Tapu Koko\n|-damage|p2a: Tapu Koko|0 fnt\n|faint|p2a: Tapu Koko\n|-ability|p1a: Paarthurnax|Moxie|boost\n|-boost|p1a: Paarthurnax|atk|1\n|\n|upkeep\n|\n|t:|1700004154\n|switch|p2a: Xurkitree|Xurkitree|100\/100\n|turn|5\n|\n|t:|1700004164\n|-terastallize|p2a: Xurkitree|Grass\n|move|p2a: Xurkitree|Energy Ball|p1a: Paarthurnax\n|-supereffective|p1a: Paarthurnax\n|-damage|p1a: Paarthurnax|0 fnt\n|faint|p1a: Paarthurnax\n|-ability|p2a: Xurkitree|Beast Boost|boost\n|-boost|p2a: Xurkitree|spa|1\n|\n|upkeep\n|\n|t:|1700004177\n|switch|p1a: Grendel|Grimmsnarl, M, shiny|100\/100\n|-activate|p1a: Grendel|move: Sticky Web\n|-unboost|p1a: Grendel|spe|1\n|turn|6\n|\n|t:|1700004181\n|move|p1a: Grendel|Thunder Wave|p2a: Xurkitree\n|-status|p2a: Xurkitree|par\n|move|p2a: Xurkitree|Energy Ball|p1a: Grendel\n|-damage|p1a: Grendel|0 fnt\n|faint|p1a: Grendel\n|-ability|p2a: Xurkitree|Beast Boost|boost\n|-boost|p2a: Xurkitree|spa|1\n|\n|upkeep\n|\n|t:|1700004198\n|switch|p1a: Chicharron|Blaziken, M, shiny|100\/100\n|-activate|p1a: Chicharron|move: Sticky Web\n|-unboost|p1a: Chicharron|spe|1\n|turn|7\n|inactive|guaclover26 has 120 seconds left.\n|\n|t:|1700004250\n|switch|p2a: Gliscor|Gliscor, M|100\/100\n|move|p1a: Chicharron|Swords Dance|p1a: Chicharron\n|-boost|p1a: Chicharron|atk|2\n|\n|-status|p2a: Gliscor|tox|[from] item: Toxic Orb\n|-ability|p1a: Chicharron|Speed Boost|boost\n|-boost|p1a: Chicharron|spe|1\n|upkeep\n|turn|8\n|\n|t:|1700004259\n|move|p1a: Chicharron|Blaze Kick|p2a: Gliscor\n|-damage|p2a: Gliscor|39\/100 tox\n|move|p2a: Gliscor|Earthquake|p1a: Chicharron\n|-supereffective|p1a: Chicharron\n|-enditem|p1a: Chicharron|Focus Sash\n|-damage|p1a: Chicharron|1\/100\n|\n|-heal|p2a: Gliscor|52\/100 tox|[from] ability: Poison Heal\n|-ability|p1a: Chicharron|Speed Boost|boost\n|-boost|p1a: Chicharron|spe|1\n|upkeep\n|turn|9\n|inactive|guaclover26 has 90 seconds left.\n|inactive|guaclover26 has 60 seconds left.\n|\n|t:|1700004316\n|move|p2a: Gliscor|Protect|p2a: Gliscor\n|-singleturn|p2a: Gliscor|Protect\n|move|p1a: Chicharron|Blaze Kick|p2a: Gliscor\n|-activate|p2a: Gliscor|move: Protect\n|\n|-heal|p2a: Gliscor|64\/100 tox|[from] ability: Poison Heal\n|-ability|p1a: Chicharron|Speed Boost|boost\n|-boost|p1a: Chicharron|spe|1\n|upkeep\n|turn|10\n|\n|t:|1700004326\n|move|p1a: Chicharron|Blaze Kick|p2a: Gliscor\n|-crit|p2a: Gliscor\n|-damage|p2a: Gliscor|0 fnt\n|faint|p2a: Gliscor\n|\n|-fieldend|move: Electric Terrain\n|-ability|p1a: Chicharron|Speed Boost|boost\n|-boost|p1a: Chicharron|spe|1\n|upkeep\n|\n|t:|1700004332\n|switch|p2a: Slowking|Slowking-Galar, M|100\/100\n|turn|11\n|\n|t:|1700004337\n|move|p1a: Chicharron|Blaze Kick|p2a: Slowking\n|-damage|p2a: Slowking|10\/100\n|move|p2a: Slowking|Scald|p1a: Chicharron\n|-supereffective|p1a: Chicharron\n|-damage|p1a: Chicharron|0 fnt\n|faint|p1a: Chicharron\n|\n|upkeep\n|\n|t:|1700004346\n|switch|p1a: Fat Girl|Blastoise, F, shiny|100\/100\n|turn|12\n|\n|t:|1700004351\n|move|p1a: Fat Girl|Shell Smash|p1a: Fat Girl\n|-unboost|p1a: Fat Girl|def|1\n|-unboost|p1a: Fat Girl|spd|1\n|-boost|p1a: Fat Girl|atk|2\n|-boost|p1a: Fat Girl|spa|2\n|-boost|p1a: Fat Girl|spe|2\n|move|p2a: Slowking|Future Sight|p1a: Fat Girl\n|-start|p2a: Slowking|move: Future Sight\n|\n|upkeep\n|turn|13\n|\n|t:|1700004362\n|move|p1a: Fat Girl|Scald|p2a: Slowking\n|-damage|p2a: Slowking|0 fnt\n|faint|p2a: Slowking\n|\n|upkeep\n|\n|t:|1700004372\n|switch|p2a: Klefki|Klefki, M|100\/100\n|turn|14\n|\n|t:|1700004376\n|move|p1a: Fat Girl|Scald|p2a: Klefki\n|-damage|p2a: Klefki|12\/100\n|-status|p2a: Klefki|brn\n|move|p2a: Klefki|Trick Room|p2a: Klefki\n|-fieldstart|move: Trick Room|[of] p2a: Klefki\n|\n|-end|p1a: Fat Girl|move: Future Sight\n|-damage|p1a: Fat Girl|29\/100\n|-damage|p2a: Klefki|6\/100 brn|[from] brn\n|upkeep\n|turn|15\n|\n|t:|1700004394\n|move|p2a: Klefki|Foul Play|p1a: Fat Girl\n|-damage|p1a: Fat Girl|5\/100\n|move|p1a: Fat Girl|Scald|p2a: Klefki\n|-damage|p2a: Klefki|0 fnt\n|faint|p2a: Klefki\n|\n|upkeep\n|\n|t:|1700004398\n|switch|p2a: Xurkitree|Xurkitree, tera:Grass|100\/100 par\n|turn|16\n|\n|t:|1700004409\n|move|p2a: Xurkitree|Energy Ball|p1a: Fat Girl\n|-supereffective|p1a: Fat Girl\n|-damage|p1a: Fat Girl|0 fnt\n|faint|p1a: Fat Girl\n|-ability|p2a: Xurkitree|Beast Boost|boost\n|-boost|p2a: Xurkitree|spa|1\n|\n|upkeep\n|\n|t:|1700004416\n|switch|p1a: Kurama|Ninetales-Alola, F, shiny|100\/100\n|-activate|p1a: Kurama|move: Sticky Web\n|-unboost|p1a: Kurama|spe|1\n|-weather|Snow|[from] ability: Snow Warning|[of] p1a: Kurama\n|turn|17\n|\n|t:|1700004425\n|cant|p2a: Xurkitree|par\n|move|p1a: Kurama|Blizzard|p2a: Xurkitree\n|-supereffective|p2a: Xurkitree\n|-damage|p2a: Xurkitree|0 fnt\n|faint|p2a: Xurkitree\n|\n|win|Jarl_jake\n|raw|Jarl_jake's rating: 1383 &rarr; <strong>1405<\/strong><br \/>(+22 for winning)\n|raw|guaclover26's rating: 1416 &rarr; <strong>1394<\/strong><br \/>(-22 for losing)\n|l|\u2606guaclover26\n","uploadtime":1700004435,"views":8,"p1id":"jarljake","p2id":"guaclover26","formatid":"gen9nationaldex","rating":1394,"private":0,"password":""}