{"id":"gen9nationaldex-1987094068","p1":"YukiHaruk1","p2":"GunGalione","format":"[Gen 9] National Dex","log":"|j|\u2606YukiHaruk1\n|j|\u2606GunGalione\n|t:|1699555553\n|gametype|singles\n|player|p1|YukiHaruk1|170|1043\n|player|p2|GunGalione|pokemonranger-gen4|1104\n|teamsize|p1|6\n|teamsize|p2|6\n|gen|9\n|tier|[Gen 9] National Dex\n|rated|\n|rule|HP Percentage Mod: HP is shown in percentages\n|rule|Endless Battle Clause: Forcing endless battles is banned\n|rule|OHKO Clause: OHKO moves are banned\n|rule|Evasion Clause: Evasion abilities, items, and moves are banned\n|rule|Evasion Abilities Clause: Evasion abilities are banned\n|rule|Evasion Items Clause: Evasion items are banned\n|rule|Evasion Moves Clause: Evasion moves are banned\n|rule|Species Clause: Limit one of each Pok\u00e9mon\n|rule|Sleep Clause Mod: Limit one foe put to sleep\n|clearpoke\n|poke|p1|Cyclizar, F|\n|poke|p1|Klawf, F|\n|poke|p1|Mienshao, M|\n|poke|p1|Alomomola, F|\n|poke|p1|Toxapex, F|\n|poke|p1|Tornadus-Therian, M|\n|poke|p2|Aurorus, F|\n|poke|p2|Tapu Fini|\n|poke|p2|Slurpuff, M|\n|poke|p2|Grimmsnarl, M|\n|poke|p2|Ribombee, M|\n|poke|p2|Mawile, M|\n|teampreview\n|\n|t:|1699555565\n|start\n|switch|p1a: Klawf|Klawf, F|100\/100\n|switch|p2a: Ribombee|Ribombee, M, shiny|100\/100\n|turn|1\n|\n|t:|1699555575\n|move|p2a: Ribombee|Sticky Web|p1a: Klawf\n|-sidestart|p1: YukiHaruk1|move: Sticky Web\n|move|p1a: Klawf|Stealth Rock|p2a: Ribombee\n|-sidestart|p2: GunGalione|move: Stealth Rock\n|\n|upkeep\n|turn|2\n|\n|t:|1699555582\n|move|p2a: Ribombee|Reflect|p2a: Ribombee\n|-sidestart|p2: GunGalione|Reflect\n|move|p1a: Klawf|Stone Edge|p2a: Ribombee\n|-supereffective|p2a: Ribombee\n|-damage|p2a: Ribombee|11\/100\n|-damage|p1a: Klawf|90\/100|[from] item: Life Orb\n|\n|upkeep\n|turn|3\n|\n|t:|1699555593\n|move|p2a: Ribombee|Moonblast|p1a: Klawf\n|-damage|p1a: Klawf|51\/100\n|move|p1a: Klawf|Crabhammer|p2a: Ribombee\n|-crit|p2a: Ribombee\n|-damage|p2a: Ribombee|0 fnt\n|faint|p2a: Ribombee\n|-damage|p1a: Klawf|41\/100|[from] item: Life Orb\n|\n|upkeep\n|\n|t:|1699555610\n|switch|p2a: Tapu Fini|Tapu Fini|100\/100\n|-damage|p2a: Tapu Fini|88\/100|[from] Stealth Rock\n|-fieldstart|move: Misty Terrain|[from] ability: Misty Surge|[of] p2a: Tapu Fini\n|turn|4\n|\n|t:|1699555618\n|switch|p1a: Alomomola|Alomomola, F|100\/100\n|-activate|p1a: Alomomola|move: Sticky Web\n|-unboost|p1a: Alomomola|spe|1\n|move|p2a: Tapu Fini|Calm Mind|p2a: Tapu Fini\n|-boost|p2a: Tapu Fini|spa|1\n|-boost|p2a: Tapu Fini|spd|1\n|\n|upkeep\n|turn|5\n|\n|t:|1699555634\n|move|p2a: Tapu Fini|Calm Mind|p2a: Tapu Fini\n|-boost|p2a: Tapu Fini|spa|1\n|-boost|p2a: Tapu Fini|spd|1\n|move|p1a: Alomomola|Flip Turn|p2a: Tapu Fini\n|-resisted|p2a: Tapu Fini\n|-damage|p2a: Tapu Fini|85\/100\n|\n|t:|1699555636\n|switch|p1a: Toxapex|Toxapex, F|100\/100|[from] Flip Turn\n|-activate|p1a: Toxapex|move: Sticky Web\n|-unboost|p1a: Toxapex|spe|1\n|\n|upkeep\n|turn|6\n|\n|t:|1699555650\n|move|p2a: Tapu Fini|Draining Kiss|p1a: Toxapex\n|-resisted|p1a: Toxapex\n|-damage|p1a: Toxapex|76\/100\n|-heal|p2a: Tapu Fini|100\/100|[from] drain|[of] p1a: Toxapex\n|-damage|p2a: Tapu Fini|91\/100|[from] item: Life Orb\n|move|p1a: Toxapex|Poison Jab|p2a: Tapu Fini\n|-supereffective|p2a: Tapu Fini\n|-damage|p2a: Tapu Fini|69\/100\n|-damage|p1a: Toxapex|66\/100|[from] item: Life Orb\n|\n|-sideend|p2: GunGalione|Reflect\n|upkeep\n|turn|7\n|\n|t:|1699555658\n|-terastallize|p2a: Tapu Fini|Water\n|move|p2a: Tapu Fini|Hydro Pump|p1a: Toxapex|[miss]\n|-miss|p2a: Tapu Fini|p1a: Toxapex\n|move|p1a: Toxapex|Poison Jab|p2a: Tapu Fini\n|-damage|p2a: Tapu Fini|45\/100\n|-damage|p1a: Toxapex|56\/100|[from] item: Life Orb\n|\n|upkeep\n|turn|8\n|\n|t:|1699555677\n|move|p2a: Tapu Fini|Hydro Pump|p1a: Toxapex\n|-resisted|p1a: Toxapex\n|-damage|p1a: Toxapex|0 fnt\n|faint|p1a: Toxapex\n|-damage|p2a: Tapu Fini|35\/100|[from] item: Life Orb\n|\n|-fieldend|Misty Terrain\n|upkeep\n|\n|t:|1699555687\n|switch|p1a: Alomomola|Alomomola, F|100\/100\n|-activate|p1a: Alomomola|move: Sticky Web\n|-unboost|p1a: Alomomola|spe|1\n|turn|9\n|\n|t:|1699555690\n|move|p2a: Tapu Fini|Draining Kiss|p1a: Alomomola\n|-damage|p1a: Alomomola|42\/100\n|-heal|p2a: Tapu Fini|100\/100|[from] drain|[of] p1a: Alomomola\n|-damage|p2a: Tapu Fini|91\/100|[from] item: Life Orb\n|move|p1a: Alomomola|Wish|p1a: Alomomola\n|\n|-heal|p1a: Alomomola|48\/100|[from] item: Leftovers\n|upkeep\n|turn|10\n|\n|t:|1699555706\n|switch|p1a: Mienshao|Mienshao, M|100\/100\n|-activate|p1a: Mienshao|move: Sticky Web\n|-unboost|p1a: Mienshao|spe|1\n|move|p2a: Tapu Fini|Calm Mind|p2a: Tapu Fini\n|-boost|p2a: Tapu Fini|spa|1\n|-boost|p2a: Tapu Fini|spd|1\n|\n|upkeep\n|turn|11\n|\n|t:|1699555720\n|move|p2a: Tapu Fini|Draining Kiss|p1a: Mienshao\n|-supereffective|p1a: Mienshao\n|-damage|p1a: Mienshao|0 fnt\n|-heal|p2a: Tapu Fini|100\/100|[from] drain|[of] p1a: Mienshao\n|faint|p1a: Mienshao\n|-damage|p2a: Tapu Fini|91\/100|[from] item: Life Orb\n|\n|upkeep\n|-message|YukiHaruk1 forfeited.\n|\n|win|GunGalione\n|raw|YukiHaruk1's rating: 1043 &rarr; <strong>1029<\/strong><br \/>(-14 for losing)\n|raw|GunGalione's rating: 1104 &rarr; <strong>1125<\/strong><br \/>(+21 for winning)\n|l|\u2606YukiHaruk1\n","uploadtime":1699555726,"views":4,"p1id":"yukiharuk1","p2id":"gungalione","formatid":"gen9nationaldex","rating":1029,"private":0,"password":""}