{"id":"gen9nationaldex-1987257649","p1":"HitmonGimmeTop","p2":"JogadorCaro","format":"[Gen 9] National Dex","log":"|j|\u2606HitmonGimmeTop\n|j|\u2606JogadorCaro\n|t:|1699570204\n|gametype|singles\n|player|p1|HitmonGimmeTop|koga|1597\n|player|p2|JogadorCaro|tate|1809\n|teamsize|p1|6\n|teamsize|p2|6\n|gen|9\n|tier|[Gen 9] National Dex\n|rated|\n|rule|HP Percentage Mod: HP is shown in percentages\n|rule|Endless Battle Clause: Forcing endless battles is banned\n|rule|OHKO Clause: OHKO moves are banned\n|rule|Evasion Clause: Evasion abilities, items, and moves are banned\n|rule|Evasion Abilities Clause: Evasion abilities are banned\n|rule|Evasion Items Clause: Evasion items are banned\n|rule|Evasion Moves Clause: Evasion moves are banned\n|rule|Species Clause: Limit one of each Pok\u00e9mon\n|rule|Sleep Clause Mod: Limit one foe put to sleep\n|clearpoke\n|poke|p1|Keldeo-Resolute|\n|poke|p1|Kartana|\n|poke|p1|Beedrill, M|\n|poke|p1|Landorus-Therian, M|\n|poke|p1|Kyurem|\n|poke|p1|Zapdos|\n|poke|p2|Garganacl, M|\n|poke|p2|Zamazenta-*|\n|poke|p2|Volcarona, F|\n|poke|p2|Hoopa-Unbound|\n|poke|p2|Dondozo, M|\n|poke|p2|Rotom-Wash|\n|teampreview\n|\n|t:|1699570213\n|start\n|switch|p1a: Sling|Beedrill, M|100\/100\n|switch|p2a: mulher|Rotom-Wash|100\/100\n|turn|1\n|\n|t:|1699570217\n|switch|p2a: Endeavor|Volcarona, F|100\/100\n|detailschange|p1a: Sling|Beedrill-Mega, M\n|-mega|p1a: Sling|Beedrill|Beedrillite\n|move|p1a: Sling|U-turn|p2a: Endeavor\n|-resisted|p2a: Endeavor\n|-damage|p2a: Endeavor|56\/100\n|\n|t:|1699570223\n|switch|p1a: A$AP|Keldeo-Resolute|100\/100|[from] U-turn\n|\n|upkeep\n|turn|2\n|\n|t:|1699570230\n|switch|p2a: Bale\u00e3o|Dondozo, M|100\/100\n|-terastallize|p1a: A$AP|Water\n|move|p1a: A$AP|Hydro Pump|p2a: Bale\u00e3o\n|-resisted|p2a: Bale\u00e3o\n|-crit|p2a: Bale\u00e3o\n|-damage|p2a: Bale\u00e3o|47\/100\n|\n|-heal|p2a: Bale\u00e3o|53\/100|[from] item: Leftovers\n|upkeep\n|turn|3\n|\n|t:|1699570242\n|switch|p1a: Inevitable|Kartana|100\/100\n|move|p2a: Bale\u00e3o|Rest|p2a: Bale\u00e3o\n|-status|p2a: Bale\u00e3o|slp|[from] move: Rest\n|-heal|p2a: Bale\u00e3o|100\/100 slp|[silent]\n|\n|upkeep\n|turn|4\n|\n|t:|1699570247\n|switch|p2a: Endeavor|Volcarona, F|56\/100\n|move|p1a: Inevitable|Swords Dance|p1a: Inevitable\n|-boost|p1a: Inevitable|atk|2\n|\n|upkeep\n|turn|5\n|\n|t:|1699570252\n|move|p1a: Inevitable|Knock Off|p2a: Endeavor\n|-damage|p2a: Endeavor|0 fnt\n|-enditem|p2a: Endeavor|Heavy-Duty Boots|[from] move: Knock Off|[of] p1a: Inevitable\n|faint|p2a: Endeavor\n|-ability|p1a: Inevitable|Beast Boost|boost\n|-boost|p1a: Inevitable|atk|1\n|-damage|p1a: Inevitable|91\/100|[from] item: Life Orb\n|\n|upkeep\n|\n|t:|1699570258\n|switch|p2a: Toji|Zamazenta|100\/100\n|-ability|p2a: Toji|Dauntless Shield|boost\n|-boost|p2a: Toji|def|1\n|turn|6\n|\n|t:|1699570261\n|switch|p1a: Enten|Landorus-Therian, M|100\/100\n|-ability|p1a: Enten|Intimidate|boost\n|-unboost|p2a: Toji|atk|1\n|move|p2a: Toji|Close Combat|p1a: Enten\n|-resisted|p1a: Enten\n|-damage|p1a: Enten|74\/100\n|-unboost|p2a: Toji|def|1\n|-unboost|p2a: Toji|spd|1\n|-damage|p2a: Toji|84\/100|[from] item: Rocky Helmet|[of] p1a: Enten\n|\n|upkeep\n|turn|7\n|c|\u2606HitmonGimmeTop|toji my goat\n|\n|t:|1699570276\n|switch|p2a: mulher|Rotom-Wash|100\/100\n|move|p1a: Enten|Knock Off|p2a: mulher\n|-damage|p2a: mulher|66\/100\n|-enditem|p2a: mulher|Leftovers|[from] move: Knock Off|[of] p1a: Enten\n|\n|upkeep\n|turn|8\n|\n|t:|1699570299\n|move|p2a: mulher|Hydro Pump|p1a: Enten\n|-supereffective|p1a: Enten\n|-crit|p1a: Enten\n|-damage|p1a: Enten|0 fnt\n|faint|p1a: Enten\n|\n|upkeep\n|\n|t:|1699570305\n|switch|p1a: Drago|Kyurem|100\/100\n|-ability|p1a: Drago|Pressure\n|turn|9\n|c|\u2606JogadorCaro|i see a man of culture\n|\n|t:|1699570309\n|move|p1a: Drago|Freeze-Dry|p2a: mulher\n|-supereffective|p2a: mulher\n|-damage|p2a: mulher|12\/100\n|move|p2a: mulher|Volt Switch|p1a: Drago\n|-resisted|p1a: Drago\n|-damage|p1a: Drago|90\/100\n|\n|t:|1699570315\n|switch|p2a: Agito|Hoopa-Unbound|100\/100|[from] Volt Switch\n|\n|upkeep\n|turn|10\n|\n|t:|1699570318\n|switch|p1a: Luck|Zapdos|100\/100\n|move|p2a: Agito|Focus Blast|p1a: Luck\n|-resisted|p1a: Luck\n|-damage|p1a: Luck|62\/100\n|\n|upkeep\n|turn|11\n|c|\u2606HitmonGimmeTop|we stay cultured out here\n|\n|t:|1699570339\n|switch|p2a: mulher|Rotom-Wash|12\/100\n|move|p1a: Luck|Discharge|p2a: mulher\n|-damage|p2a: mulher|0 fnt\n|faint|p2a: mulher\n|\n|upkeep\n|\n|t:|1699570361\n|switch|p2a: Agito|Hoopa-Unbound|100\/100\n|turn|12\n|\n|t:|1699570379\n|switch|p1a: A$AP|Keldeo-Resolute, tera:Water|100\/100\n|move|p2a: Agito|Psychic|p1a: A$AP\n|-damage|p1a: A$AP|0 fnt\n|faint|p1a: A$AP\n|\n|upkeep\n|\n|t:|1699570383\n|switch|p1a: Sling|Beedrill-Mega, M|100\/100\n|turn|13\n|\n|t:|1699570388\n|switch|p2a: Mahoraga|Garganacl, M|100\/100\n|move|p1a: Sling|U-turn|p2a: Mahoraga\n|-damage|p2a: Mahoraga|72\/100\n|\n|t:|1699570396\n|switch|p1a: Inevitable|Kartana|91\/100|[from] U-turn\n|\n|-heal|p2a: Mahoraga|78\/100|[from] item: Leftovers\n|upkeep\n|turn|14\n|\n|t:|1699570401\n|-terastallize|p2a: Mahoraga|Ghost\n|move|p1a: Inevitable|Leaf Blade|p2a: Mahoraga\n|-damage|p2a: Mahoraga|40\/100\n|-damage|p1a: Inevitable|81\/100|[from] item: Life Orb\n|move|p2a: Mahoraga|Iron Defense|p2a: Mahoraga\n|-boost|p2a: Mahoraga|def|2\n|\n|-heal|p2a: Mahoraga|46\/100|[from] item: Leftovers\n|upkeep\n|turn|15\n|\n|t:|1699570412\n|move|p1a: Inevitable|Swords Dance|p1a: Inevitable\n|-boost|p1a: Inevitable|atk|2\n|move|p2a: Mahoraga|Body Press|p1a: Inevitable\n|-supereffective|p1a: Inevitable\n|-damage|p1a: Inevitable|0 fnt\n|faint|p1a: Inevitable\n|\n|-heal|p2a: Mahoraga|52\/100|[from] item: Leftovers\n|upkeep\n|\n|t:|1699570423\n|switch|p1a: Drago|Kyurem|90\/100\n|-ability|p1a: Drago|Pressure\n|turn|16\n|\n|t:|1699570425\n|move|p1a: Drago|Draco Meteor|p2a: Mahoraga|[miss]\n|-miss|p1a: Drago|p2a: Mahoraga\n|move|p2a: Mahoraga|Body Press|p1a: Drago\n|-supereffective|p1a: Drago\n|-crit|p1a: Drago\n|-damage|p1a: Drago|0 fnt\n|faint|p1a: Drago\n|\n|-heal|p2a: Mahoraga|58\/100|[from] item: Leftovers\n|upkeep\n|\n|t:|1699570433\n|switch|p1a: Sling|Beedrill-Mega, M|100\/100\n|turn|17\n|c|\u2606JogadorCaro|if not 100%\n|c|\u2606JogadorCaro|is 50%\n|c|\u2606HitmonGimmeTop|real asf\n|c|\u2606JogadorCaro|dont trust in moves under 100% accuracy\n|c|\u2606JogadorCaro|they always miss in clutch times\n|\n|t:|1699570456\n|move|p1a: Sling|Knock Off|p2a: Mahoraga\n|-supereffective|p2a: Mahoraga\n|-damage|p2a: Mahoraga|39\/100\n|-enditem|p2a: Mahoraga|Leftovers|[from] move: Knock Off|[of] p1a: Sling\n|move|p2a: Mahoraga|Salt Cure|p1a: Sling\n|-supereffective|p1a: Sling\n|-damage|p1a: Sling|27\/100\n|-start|p1a: Sling|Salt Cure\n|\n|-damage|p1a: Sling|15\/100|[from] Salt Cure\n|upkeep\n|turn|18\n|c|\u2606HitmonGimmeTop|WHY AM I MATCHED WITH SOMEONE AT 1800 LMAOO\n|\n|t:|1699570475\n|move|p1a: Sling|Knock Off|p2a: Mahoraga\n|-supereffective|p2a: Mahoraga\n|-damage|p2a: Mahoraga|25\/100\n|move|p2a: Mahoraga|Recover|p2a: Mahoraga\n|-heal|p2a: Mahoraga|75\/100\n|\n|-damage|p1a: Sling|3\/100|[from] Salt Cure\n|upkeep\n|turn|19\n|c|\u2606JogadorCaro|i dont know to\n|c|\u2606HitmonGimmeTop|gg dawg\n|c|\u2606JogadorCaro|trust in me\n|c|\u2606JogadorCaro|i dont know\n|\n|t:|1699570496\n|move|p1a: Sling|Knock Off|p2a: Mahoraga\n|-supereffective|p2a: Mahoraga\n|-damage|p2a: Mahoraga|62\/100\n|move|p2a: Mahoraga|Body Press|p1a: Sling\n|-resisted|p1a: Sling\n|-damage|p1a: Sling|0 fnt\n|faint|p1a: Sling\n|\n|upkeep\n|\n|t:|1699570499\n|switch|p1a: Luck|Zapdos|62\/100\n|turn|20\n|\n|t:|1699570505\n|move|p1a: Luck|Discharge|p2a: Mahoraga\n|-damage|p2a: Mahoraga|32\/100\n|move|p2a: Mahoraga|Salt Cure|p1a: Luck\n|-supereffective|p1a: Luck\n|-damage|p1a: Luck|41\/100\n|-start|p1a: Luck|Salt Cure\n|\n|-damage|p1a: Luck|29\/100|[from] Salt Cure\n|upkeep\n|turn|21\n|c|\u2606HitmonGimmeTop|ive been winning a lot but not that much\n|c|\u2606HitmonGimmeTop|jesus\n|\n|t:|1699570518\n|move|p1a: Luck|Discharge|p2a: Mahoraga\n|-damage|p2a: Mahoraga|0 fnt\n|faint|p2a: Mahoraga\n|\n|-damage|p1a: Luck|16\/100|[from] Salt Cure\n|upkeep\n|\n|t:|1699570525\n|switch|p2a: Agito|Hoopa-Unbound|100\/100\n|turn|22\n|\n|t:|1699570527\n|move|p2a: Agito|Psychic|p1a: Luck\n|-damage|p1a: Luck|0 fnt\n|faint|p1a: Luck\n|\n|win|JogadorCaro\n|raw|HitmonGimmeTop's rating: 1597 &rarr; <strong>1588<\/strong><br \/>(-9 for losing)\n|raw|JogadorCaro's rating: 1809 &rarr; <strong>1818<\/strong><br \/>(+9 for winning)\n|c|\u2606JogadorCaro|be pride\n|c|\u2606JogadorCaro|you are strong\n|c|\u2606HitmonGimmeTop|appreciate it homie\n|c|\u2606JogadorCaro|good luck\n|c|\u2606HitmonGimmeTop|you too\n|j| asfnejans\n","uploadtime":1699570580,"views":6,"p1id":"hitmongimmetop","p2id":"jogadorcaro","formatid":"gen9nationaldex","rating":1588,"private":0,"password":""}