{"id":"gen9nationaldex-1999921755","p1":"Corsola is op","p2":"Starving fartist","format":"[Gen 9] National Dex","log":"|html|<div class=\"broadcast-blue\"><strong>[Gen 9] National Dex is currently suspecting Sneasler! For information on how to participate check out the <a href=\"https:\/\/www.smogon.com\/forums\/threads\/sv-national-dex-suspect-8-just-dance.3731534\/\">suspect thread<\/a>.<\/strong><\/div>\n|j|\u2606Corsola is op\n|j|\u2606Starving fartist\n|t:|1701130361\n|gametype|singles\n|player|p1|Corsola is op|1|1145\n|player|p2|Starving fartist|mina|1200\n|teamsize|p1|6\n|teamsize|p2|6\n|gen|9\n|tier|[Gen 9] National Dex\n|rated|\n|rule|HP Percentage Mod: HP is shown in percentages\n|rule|Endless Battle Clause: Forcing endless battles is banned\n|rule|OHKO Clause: OHKO moves are banned\n|rule|Evasion Clause: Evasion abilities, items, and moves are banned\n|rule|Evasion Abilities Clause: Evasion abilities are banned\n|rule|Evasion Items Clause: Evasion items are banned\n|rule|Evasion Moves Clause: Evasion moves are banned\n|rule|Species Clause: Limit one of each Pok\u00e9mon\n|rule|Sleep Clause Mod: Limit one foe put to sleep\n|clearpoke\n|poke|p1|Banette, F|\n|poke|p1|Ninetales-Alola, F|\n|poke|p1|Tapu Lele|\n|poke|p1|Great Tusk|\n|poke|p1|Garchomp, F|\n|poke|p1|Urshifu-*, M|\n|poke|p2|Samurott-Hisui, F|\n|poke|p2|Kleavor, M|\n|poke|p2|Zapdos|\n|poke|p2|Sneasler, F|\n|poke|p2|Banette, F|\n|poke|p2|Smeargle, M|\n|teampreview\n|inactive|Battle timer is ON: inactive players will automatically lose when time's up. (requested by Starving fartist)\n|\n|t:|1701130380\n|start\n|switch|p1a: Ninetales|Ninetales-Alola, F|100\/100\n|switch|p2a: Kleavor|Kleavor, M|100\/100\n|-weather|Snow|[from] ability: Snow Warning|[of] p1a: Ninetales\n|turn|1\n|\n|t:|1701130387\n|move|p2a: Kleavor|Stone Axe|p1a: Ninetales\n|-supereffective|p1a: Ninetales\n|-damage|p1a: Ninetales|0 fnt\n|-sidestart|p1: Corsola is op|move: Stealth Rock\n|faint|p1a: Ninetales\n|\n|-weather|Snow|[upkeep]\n|upkeep\n|\n|t:|1701130392\n|switch|p1a: Great Tusk|Great Tusk|100\/100\n|-damage|p1a: Great Tusk|98\/100|[from] Stealth Rock\n|turn|2\n|\n|t:|1701130399\n|switch|p2a: Zapdos|Zapdos|100\/100\n|-ability|p2a: Zapdos|Pressure\n|move|p1a: Great Tusk|Headlong Rush|p2a: Zapdos\n|-immune|p2a: Zapdos\n|\n|-weather|Snow|[upkeep]\n|upkeep\n|turn|3\n|\n|t:|1701130406\n|move|p2a: Zapdos|Heat Wave|p1a: Great Tusk\n|-damage|p1a: Great Tusk|68\/100\n|move|p1a: Great Tusk|Rapid Spin|p2a: Zapdos\n|-damage|p2a: Zapdos|83\/100\n|-boost|p1a: Great Tusk|spe|1\n|-sideend|p1: Corsola is op|Stealth Rock|[from] move: Rapid Spin|[of] p1a: Great Tusk\n|\n|-weather|Snow|[upkeep]\n|-heal|p2a: Zapdos|89\/100|[from] item: Leftovers\n|upkeep\n|turn|4\n|\n|t:|1701130422\n|-end|p1a: Great Tusk|Protosynthesis|[silent]\n|switch|p1a: Garchomp|Garchomp, F|100\/100\n|move|p2a: Zapdos|Heat Wave|p1a: Garchomp\n|-resisted|p1a: Garchomp\n|-damage|p1a: Garchomp|82\/100\n|\n|-weather|Snow|[upkeep]\n|-heal|p2a: Zapdos|95\/100|[from] item: Leftovers\n|upkeep\n|turn|5\n|\n|t:|1701130427\n|switch|p2a: Samurott|Samurott-Hisui, F|100\/100\n|move|p1a: Garchomp|Swords Dance|p1a: Garchomp\n|-boost|p1a: Garchomp|atk|2\n|\n|-weather|none\n|upkeep\n|turn|6\n|\n|t:|1701130435\n|-terastallize|p1a: Garchomp|Water\n|move|p1a: Garchomp|Scale Shot|p2a: Samurott\n|-crit|p2a: Samurott\n|-damage|p2a: Samurott|55\/100\n|-damage|p2a: Samurott|19\/100\n|-damage|p2a: Samurott|0 fnt\n|faint|p2a: Samurott\n|-hitcount|p2: Samurott|3\n|-unboost|p1a: Garchomp|def|1\n|-boost|p1a: Garchomp|spe|1\n|\n|upkeep\n|\n|t:|1701130457\n|switch|p2a: Banette|Banette, F|100\/100\n|turn|7\n|\n|t:|1701130462\n|detailschange|p2a: Banette|Banette-Mega, F\n|-mega|p2a: Banette|Banette|Banettite\n|move|p2a: Banette|Destiny Bond|p2a: Banette\n|-singlemove|p2a: Banette|Destiny Bond\n|move|p1a: Garchomp|Stealth Rock|p2a: Banette\n|-sidestart|p2: Starving fartist|move: Stealth Rock\n|\n|upkeep\n|turn|8\n|\n|t:|1701130469\n|switch|p1a: Great Tusk|Great Tusk|68\/100\n|move|p2a: Banette|Encore||[still]\n|-fail|p2a: Banette\n|\n|upkeep\n|turn|9\n|\n|t:|1701130480\n|move|p2a: Banette|Destiny Bond|p2a: Banette\n|-singlemove|p2a: Banette|Destiny Bond\n|move|p1a: Great Tusk|Knock Off|p2a: Banette\n|-supereffective|p2a: Banette\n|-damage|p2a: Banette|26\/100\n|\n|upkeep\n|turn|10\n|-message|Starving fartist forfeited.\n|\n|win|Corsola is op\n|raw|Corsola is op's rating: 1145 &rarr; <strong>1174<\/strong><br \/>(+29 for winning)\n|raw|Starving fartist's rating: 1200 &rarr; <strong>1171<\/strong><br \/>(-29 for losing)\n|l|\u2606Starving fartist\n","uploadtime":1701130488,"views":10,"p1id":"corsolaisop","p2id":"starvingfartist","formatid":"gen9nationaldex","rating":1171,"private":0,"password":""}