{"id":"gen9nationaldex-1995793039","p1":"NewHoovybeast05","p2":"loch2009","format":"[Gen 9] National Dex","log":"|html|<div class=\"broadcast-blue\"><strong>[Gen 9] National Dex is currently suspecting Sneasler! For information on how to participate check out the <a href=\"https:\/\/www.smogon.com\/forums\/threads\/sv-national-dex-suspect-8-just-dance.3731534\/\">suspect thread<\/a>.<\/strong><\/div>\n|j|\u2606NewHoovybeast05\n|j|\u2606loch2009\n|t:|1700603686\n|gametype|singles\n|player|p1|NewHoovybeast05|palmer|1255\n|player|p2|loch2009|lance-gen3|1223\n|teamsize|p1|6\n|teamsize|p2|6\n|gen|9\n|tier|[Gen 9] National Dex\n|rated|\n|rule|HP Percentage Mod: HP is shown in percentages\n|rule|Endless Battle Clause: Forcing endless battles is banned\n|rule|OHKO Clause: OHKO moves are banned\n|rule|Evasion Clause: Evasion abilities, items, and moves are banned\n|rule|Evasion Abilities Clause: Evasion abilities are banned\n|rule|Evasion Items Clause: Evasion items are banned\n|rule|Evasion Moves Clause: Evasion moves are banned\n|rule|Species Clause: Limit one of each Pok\u00e9mon\n|rule|Sleep Clause Mod: Limit one foe put to sleep\n|clearpoke\n|poke|p1|Glimmora, M|\n|poke|p1|Lopunny, F|\n|poke|p1|Clodsire, F|\n|poke|p1|Zapdos|\n|poke|p1|Great Tusk|\n|poke|p1|Volcarona, M|\n|poke|p2|Blaziken, F|\n|poke|p2|Tornadus-Therian, M|\n|poke|p2|Slowbro, F|\n|poke|p2|Ampharos, M|\n|poke|p2|Corviknight, F|\n|poke|p2|Zeraora|\n|teampreview\n|c|\u2606loch2009|glhf\n|c|\u2606NewHoovybeast05|u2\n|\n|t:|1700603705\n|start\n|switch|p1a: Glimmora|Glimmora, M|100\/100\n|switch|p2a: Blaziken|Blaziken, F|100\/100\n|turn|1\n|\n|t:|1700603712\n|move|p1a: Glimmora|Power Gem|p2a: Blaziken\n|-damage|p2a: Blaziken|33\/100\n|move|p2a: Blaziken|Substitute|p2a: Blaziken\n|-start|p2a: Blaziken|Substitute\n|-damage|p2a: Blaziken|8\/100\n|\n|-heal|p2a: Blaziken|14\/100|[from] item: Leftovers\n|-ability|p2a: Blaziken|Speed Boost|boost\n|-boost|p2a: Blaziken|spe|1\n|upkeep\n|turn|2\n|\n|t:|1700603718\n|move|p2a: Blaziken|Close Combat|p1a: Glimmora\n|-damage|p1a: Glimmora|20\/100\n|-unboost|p2a: Blaziken|def|1\n|-unboost|p2a: Blaziken|spd|1\n|-activate|p1a: Glimmora|ability: Toxic Debris\n|-sidestart|p2: loch2009|move: Toxic Spikes\n|move|p1a: Glimmora|Power Gem|p2a: Blaziken\n|-end|p2a: Blaziken|Substitute\n|\n|-heal|p2a: Blaziken|20\/100|[from] item: Leftovers\n|-ability|p2a: Blaziken|Speed Boost|boost\n|-boost|p2a: Blaziken|spe|1\n|upkeep\n|turn|3\n|\n|t:|1700603730\n|move|p2a: Blaziken|Blaze Kick|p1a: Glimmora\n|-resisted|p1a: Glimmora\n|-damage|p1a: Glimmora|0 fnt\n|-activate|p1a: Glimmora|ability: Toxic Debris\n|-sidestart|p2: loch2009|move: Toxic Spikes\n|faint|p1a: Glimmora\n|\n|-heal|p2a: Blaziken|26\/100|[from] item: Leftovers\n|-ability|p2a: Blaziken|Speed Boost|boost\n|-boost|p2a: Blaziken|spe|1\n|upkeep\n|\n|t:|1700603733\n|switch|p1a: Lopunny|Lopunny, F|100\/100\n|turn|4\n|\n|t:|1700603739\n|detailschange|p1a: Lopunny|Lopunny-Mega, F\n|-mega|p1a: Lopunny|Lopunny|Lopunnite\n|move|p1a: Lopunny|Fake Out|p2a: Blaziken\n|-damage|p2a: Blaziken|0 fnt\n|faint|p2a: Blaziken\n|\n|upkeep\n|\n|t:|1700603747\n|switch|p2a: Corviknight|Corviknight, F|100\/100\n|turn|5\n|\n|t:|1700603752\n|switch|p1a: Zapdos|Zapdos|100\/100\n|move|p2a: Corviknight|Agility|p2a: Corviknight\n|-boost|p2a: Corviknight|spe|2\n|\n|upkeep\n|turn|6\n|\n|t:|1700603758\n|move|p2a: Corviknight|Bulk Up|p2a: Corviknight\n|-boost|p2a: Corviknight|atk|1\n|-boost|p2a: Corviknight|def|1\n|move|p1a: Zapdos|Volt Switch|p2a: Corviknight\n|-supereffective|p2a: Corviknight\n|-damage|p2a: Corviknight|43\/100\n|-enditem|p2a: Corviknight|Weakness Policy\n|-boost|p2a: Corviknight|atk|2|[from] item: Weakness Policy\n|-boost|p2a: Corviknight|spa|2|[from] item: Weakness Policy\n|c|\u2606loch2009|boosts\n|c|\u2606loch2009|so many boosts\n|\n|t:|1700603790\n|switch|p1a: Volcarona|Volcarona, M|100\/100|[from] Volt Switch\n|\n|upkeep\n|turn|7\n|\n|t:|1700603796\n|move|p2a: Corviknight|Power Trip|p1a: Volcarona\n|-damage|p1a: Volcarona|0 fnt\n|faint|p1a: Volcarona\n|\n|upkeep\n|c|\u2606loch2009|no burn\n|\n|t:|1700603799\n|switch|p1a: Lopunny|Lopunny-Mega, F|100\/100\n|turn|8\n|\n|t:|1700603804\n|move|p1a: Lopunny|Fake Out|p2a: Corviknight\n|-resisted|p2a: Corviknight\n|-damage|p2a: Corviknight|37\/100\n|cant|p2a: Corviknight|flinch\n|\n|upkeep\n|turn|9\n|c|\u2606NewHoovybeast05|very cool\n|\n|t:|1700603812\n|move|p2a: Corviknight|Bulk Up|p2a: Corviknight\n|-boost|p2a: Corviknight|atk|1\n|-boost|p2a: Corviknight|def|1\n|move|p1a: Lopunny|Close Combat|p2a: Corviknight\n|-damage|p2a: Corviknight|9\/100\n|-unboost|p1a: Lopunny|def|1\n|-unboost|p1a: Lopunny|spd|1\n|\n|upkeep\n|turn|10\n|\n|t:|1700603818\n|move|p2a: Corviknight|Roost|p2a: Corviknight\n|-heal|p2a: Corviknight|59\/100\n|-singleturn|p2a: Corviknight|move: Roost\n|move|p1a: Lopunny|Close Combat|p2a: Corviknight\n|-supereffective|p2a: Corviknight\n|-damage|p2a: Corviknight|6\/100\n|-unboost|p1a: Lopunny|def|1\n|-unboost|p1a: Lopunny|spd|1\n|\n|upkeep\n|turn|11\n|\n|t:|1700603825\n|move|p2a: Corviknight|Power Trip|p1a: Lopunny\n|-resisted|p1a: Lopunny\n|-damage|p1a: Lopunny|0 fnt\n|faint|p1a: Lopunny\n|\n|upkeep\n|c|\u2606loch2009|forgot\n|\n|t:|1700603828\n|switch|p1a: Zapdos|Zapdos|100\/100\n|turn|12\n|\n|t:|1700603836\n|move|p2a: Corviknight|Power Trip|p1a: Zapdos\n|-damage|p1a: Zapdos|0 fnt\n|-status|p2a: Corviknight|par|[from] ability: Static|[of] p1a: Zapdos\n|faint|p1a: Zapdos\n|\n|upkeep\n|c|\u2606NewHoovybeast05|well gg\n|c|\u2606loch2009|oh\n|\n|t:|1700603844\n|switch|p1a: Great Tusk|Great Tusk|100\/100\n|turn|13\n|c|\u2606loch2009|the para\n|\n|t:|1700603851\n|move|p1a: Great Tusk|Ice Spinner|p2a: Corviknight\n|-damage|p2a: Corviknight|0 fnt\n|faint|p2a: Corviknight\n|\n|upkeep\n|c|\u2606NewHoovybeast05|dude\n|c|\u2606NewHoovybeast05|shut up\n|c|\u2606loch2009|why\n|\n|t:|1700603867\n|switch|p2a: Tornadus|Tornadus-Therian, M|100\/100\n|turn|14\n|c|\u2606NewHoovybeast05|im tryna think not read\n|\n|t:|1700603875\n|-end|p1a: Great Tusk|Protosynthesis|[silent]\n|switch|p1a: Clodsire|Clodsire, F|100\/100\n|move|p2a: Tornadus|Hurricane|p1a: Clodsire|[miss]\n|-miss|p2a: Tornadus|p1a: Clodsire\n|\n|upkeep\n|turn|15\n|c|\u2606loch2009|but\n|c|\u2606NewHoovybeast05|idc\n|c|\u2606loch2009|reading is good for you\n|\n|t:|1700603887\n|move|p2a: Tornadus|Substitute|p2a: Tornadus\n|-start|p2a: Tornadus|Substitute\n|-damage|p2a: Tornadus|76\/100\n|move|p1a: Clodsire|Toxic||[still]\n|-fail|p1a: Clodsire\n|\n|upkeep\n|turn|16\n|c|\u2606NewHoovybeast05|idc\n|j| ndsnez lo\n|c|\u2606loch2009|still\n|l| ndsnez lo\n|c|\u2606loch2009|reading makes you smart\n|c|\u2606NewHoovybeast05|ur whole strat is just boost sweeping\n|c|\u2606loch2009|yes\n|c|\u2606NewHoovybeast05|well gg\n|c|\u2606loch2009|gg\n|-message|NewHoovybeast05 forfeited.\n|\n|win|loch2009\n|raw|NewHoovybeast05's rating: 1255 &rarr; <strong>1228<\/strong><br \/>(-27 for losing)\n|raw|loch2009's rating: 1223 &rarr; <strong>1250<\/strong><br \/>(+27 for winning)\n|l|\u2606NewHoovybeast05\n|c|\u2606loch2009|i only have 1 ou mon\n","uploadtime":1700603938,"views":0,"p1id":"newhoovybeast05","p2id":"loch2009","formatid":"gen9nationaldex","rating":1228,"private":0,"password":""}