{"id":"gen9nationaldex-1995666364","p1":"Shay ObsidianEW","p2":"ghostkinggengar","format":"[Gen 9] National Dex","log":"|html|<div class=\"broadcast-blue\"><strong>[Gen 9] National Dex is currently suspecting Sneasler! For information on how to participate check out the <a href=\"https:\/\/www.smogon.com\/forums\/threads\/sv-national-dex-suspect-8-just-dance.3731534\/\">suspect thread<\/a>.<\/strong><\/div>\n|j|\u2606Shay ObsidianEW\n|j|\u2606ghostkinggengar\n|t:|1700592166\n|gametype|singles\n|player|p1|Shay ObsidianEW|n|1578\n|player|p2|ghostkinggengar|swimmerf|1682\n|teamsize|p1|6\n|teamsize|p2|6\n|gen|9\n|tier|[Gen 9] National Dex\n|rated|\n|rule|HP Percentage Mod: HP is shown in percentages\n|rule|Endless Battle Clause: Forcing endless battles is banned\n|rule|OHKO Clause: OHKO moves are banned\n|rule|Evasion Clause: Evasion abilities, items, and moves are banned\n|rule|Evasion Abilities Clause: Evasion abilities are banned\n|rule|Evasion Items Clause: Evasion items are banned\n|rule|Evasion Moves Clause: Evasion moves are banned\n|rule|Species Clause: Limit one of each Pok\u00e9mon\n|rule|Sleep Clause Mod: Limit one foe put to sleep\n|clearpoke\n|poke|p1|Rillaboom, F|\n|poke|p1|Urshifu-*, F|\n|poke|p1|Nidoking, M|\n|poke|p1|Lokix, F|\n|poke|p1|Volcarona, F|\n|poke|p1|Diancie|\n|poke|p2|Slowbro, M|\n|poke|p2|Ursaluna, M|\n|poke|p2|Blacephalon|\n|poke|p2|Gyarados, F|\n|poke|p2|Empoleon, F|\n|poke|p2|Garchomp, M|\n|teampreview\n|inactive|Battle timer is ON: inactive players will automatically lose when time's up. (requested by Shay ObsidianEW)\n|\n|t:|1700592192\n|start\n|switch|p1a: Lokix|Lokix, F|100\/100\n|switch|p2a: Garchomp|Garchomp, M|100\/100\n|turn|1\n|\n|t:|1700592201\n|-zpower|p2a: Garchomp\n|move|p2a: Garchomp|Devastating Drake|p1a: Lokix|[zeffect]\n|-damage|p1a: Lokix|0 fnt\n|faint|p1a: Lokix\n|\n|upkeep\n|\n|t:|1700592204\n|switch|p1a: Diancie|Diancie|100\/100\n|turn|2\n|\n|t:|1700592207\n|switch|p2a: Empoleon|Empoleon, F|100\/100\n|detailschange|p1a: Diancie|Diancie-Mega\n|-mega|p1a: Diancie|Diancie|Diancite\n|move|p1a: Diancie|Moonblast|p2a: Empoleon\n|-resisted|p2a: Empoleon\n|-damage|p2a: Empoleon|82\/100\n|\n|-heal|p2a: Empoleon|89\/100|[from] item: Leftovers\n|upkeep\n|turn|3\n|\n|t:|1700592218\n|move|p1a: Diancie|Earth Power|p2a: Empoleon\n|-supereffective|p2a: Empoleon\n|-damage|p2a: Empoleon|42\/100\n|move|p2a: Empoleon|Scald|p1a: Diancie\n|-supereffective|p1a: Diancie\n|-damage|p1a: Diancie|18\/100\n|\n|-heal|p2a: Empoleon|48\/100|[from] item: Leftovers\n|upkeep\n|turn|4\n|\n|t:|1700592227\n|move|p1a: Diancie|Earth Power|p2a: Empoleon\n|-supereffective|p2a: Empoleon\n|-damage|p2a: Empoleon|7\/100\n|move|p2a: Empoleon|Flip Turn|p1a: Diancie\n|-supereffective|p1a: Diancie\n|-damage|p1a: Diancie|0 fnt\n|faint|p1a: Diancie\n|\n|t:|1700592236\n|switch|p2a: Garchomp|Garchomp, M|100\/100|[from] Flip Turn\n|\n|upkeep\n|\n|t:|1700592250\n|switch|p1a: Urshifu|Urshifu-Rapid-Strike, F|100\/100\n|turn|5\n|\n|t:|1700592255\n|switch|p2a: Slowbro|Slowbro, M|100\/100\n|move|p1a: Urshifu|Ice Spinner|p2a: Slowbro\n|-resisted|p2a: Slowbro\n|-damage|p2a: Slowbro|92\/100\n|-damage|p1a: Urshifu|84\/100|[from] item: Rocky Helmet|[of] p2a: Slowbro\n|\n|upkeep\n|turn|6\n|\n|t:|1700592269\n|switch|p1a: Rillaboom|Rillaboom, F|100\/100\n|-fieldstart|move: Grassy Terrain|[from] ability: Grassy Surge|[of] p1a: Rillaboom\n|move|p2a: Slowbro|Trick Room|p2a: Slowbro\n|-fieldstart|move: Trick Room|[of] p2a: Slowbro\n|\n|-heal|p2a: Slowbro|98\/100|[from] Grassy Terrain\n|upkeep\n|turn|7\n|\n|t:|1700592276\n|switch|p2a: Empoleon|Empoleon, F|7\/100\n|move|p1a: Rillaboom|U-turn|p2a: Empoleon\n|-resisted|p2a: Empoleon\n|-damage|p2a: Empoleon|0 fnt\n|faint|p2a: Empoleon\n|\n|t:|1700592282\n|switch|p1a: Nidoking|Nidoking, M|100\/100|[from] U-turn\n|\n|upkeep\n|\n|t:|1700592286\n|switch|p2a: Ursaluna|Ursaluna, M|100\/100\n|turn|8\n|\n|t:|1700592289\n|move|p2a: Ursaluna|Headlong Rush|p1a: Nidoking\n|-supereffective|p1a: Nidoking\n|-damage|p1a: Nidoking|0 fnt\n|-unboost|p2a: Ursaluna|def|1\n|-unboost|p2a: Ursaluna|spd|1\n|faint|p1a: Nidoking\n|\n|-status|p2a: Ursaluna|brn|[from] item: Flame Orb\n|upkeep\n|\n|t:|1700592293\n|switch|p1a: Rillaboom|Rillaboom, F|100\/100\n|turn|9\n|\n|t:|1700592301\n|-terastallize|p2a: Ursaluna|Normal\n|move|p1a: Rillaboom|Grassy Glide|p2a: Ursaluna\n|-damage|p2a: Ursaluna|29\/100 brn\n|move|p2a: Ursaluna|Facade|p1a: Rillaboom\n|-damage|p1a: Rillaboom|0 fnt\n|faint|p1a: Rillaboom\n|\n|-heal|p2a: Ursaluna|35\/100 brn|[from] Grassy Terrain\n|-damage|p2a: Ursaluna|29\/100 brn|[from] brn\n|upkeep\n|\n|t:|1700592304\n|switch|p1a: Urshifu|Urshifu-Rapid-Strike, F|84\/100\n|turn|10\n|\n|t:|1700592308\n|move|p2a: Ursaluna|Facade|p1a: Urshifu\n|-crit|p1a: Urshifu\n|-damage|p1a: Urshifu|0 fnt\n|faint|p1a: Urshifu\n|\n|-heal|p2a: Ursaluna|35\/100 brn|[from] Grassy Terrain\n|-damage|p2a: Ursaluna|29\/100 brn|[from] brn\n|-fieldend|move: Trick Room\n|-fieldend|move: Grassy Terrain\n|upkeep\n|\n|t:|1700592310\n|switch|p1a: Volcarona|Volcarona, F|100\/100\n|turn|11\n|\n|t:|1700592315\n|move|p1a: Volcarona|Flamethrower|p2a: Ursaluna\n|-damage|p2a: Ursaluna|0 fnt\n|faint|p2a: Ursaluna\n|\n|upkeep\n|\n|t:|1700592331\n|switch|p2a: Blacephalon|Blacephalon|100\/100\n|turn|12\n|\n|t:|1700592333\n|move|p2a: Blacephalon|Trick|p1a: Volcarona\n|-activate|p2a: Blacephalon|move: Trick|[of] p1a: Volcarona\n|-item|p1a: Volcarona|Choice Scarf|[from] move: Trick\n|-item|p2a: Blacephalon|Heavy-Duty Boots|[from] move: Trick\n|move|p1a: Volcarona|Quiver Dance|p1a: Volcarona\n|-boost|p1a: Volcarona|spa|1\n|-boost|p1a: Volcarona|spd|1\n|-boost|p1a: Volcarona|spe|1\n|\n|upkeep\n|turn|13\n|-message|Shay ObsidianEW forfeited.\n|\n|win|ghostkinggengar\n|raw|Shay ObsidianEW's rating: 1578 &rarr; <strong>1564<\/strong><br \/>(-14 for losing)\n|raw|ghostkinggengar's rating: 1682 &rarr; <strong>1696<\/strong><br \/>(+14 for winning)\n|l|\u2606Shay ObsidianEW\n","uploadtime":1700592343,"views":0,"p1id":"shayobsidianew","p2id":"ghostkinggengar","formatid":"gen9nationaldex","rating":1564,"private":0,"password":""}