{"id":"gen9nationaldex-1995396691","p1":"bluenecdream","p2":"kingsy12","format":"[Gen 9] National Dex","log":"|html|<div class=\"broadcast-blue\"><strong>[Gen 9] National Dex is currently suspecting Sneasler! For information on how to participate check out the <a href=\"https:\/\/www.smogon.com\/forums\/threads\/sv-national-dex-suspect-8-just-dance.3731534\/\">suspect thread<\/a>.<\/strong><\/div>\n|j|\u2606bluenecdream\n|j|\u2606kingsy12\n|t:|1700565273\n|gametype|singles\n|player|p1|bluenecdream|idol|1315\n|player|p2|kingsy12|bugsy|1286\n|teamsize|p1|6\n|teamsize|p2|6\n|gen|9\n|tier|[Gen 9] National Dex\n|rated|\n|rule|HP Percentage Mod: HP is shown in percentages\n|rule|Endless Battle Clause: Forcing endless battles is banned\n|rule|OHKO Clause: OHKO moves are banned\n|rule|Evasion Clause: Evasion abilities, items, and moves are banned\n|rule|Evasion Abilities Clause: Evasion abilities are banned\n|rule|Evasion Items Clause: Evasion items are banned\n|rule|Evasion Moves Clause: Evasion moves are banned\n|rule|Species Clause: Limit one of each Pok\u00e9mon\n|rule|Sleep Clause Mod: Limit one foe put to sleep\n|clearpoke\n|poke|p1|Ninetales-Alola, F|\n|poke|p1|Glalie, F|\n|poke|p1|Slowking-Galar, M|\n|poke|p1|Deoxys-Defense|\n|poke|p1|Glastrier|\n|poke|p1|Meowscarada, M|\n|poke|p2|Tapu Koko|\n|poke|p2|Iron Valiant|\n|poke|p2|Iron Treads|\n|poke|p2|Iron Hands|\n|poke|p2|Iron Thorns|\n|poke|p2|Iron Jugulis|\n|teampreview\n|inactive|Battle timer is ON: inactive players will automatically lose when time's up. (requested by bluenecdream)\n|\n|t:|1700565284\n|start\n|switch|p1a: Ninetales|Ninetales-Alola, F, shiny|100\/100\n|switch|p2a: Iron Treads|Iron Treads|100\/100\n|-weather|Snow|[from] ability: Snow Warning|[of] p1a: Ninetales\n|turn|1\n|\n|t:|1700565295\n|switch|p1a: Deoxys|Deoxys-Defense|100\/100\n|-ability|p1a: Deoxys|Pressure\n|move|p2a: Iron Treads|Iron Head|p1a: Deoxys\n|-damage|p1a: Deoxys|77\/100\n|-damage|p2a: Iron Treads|84\/100|[from] item: Rocky Helmet|[of] p1a: Deoxys\n|\n|-weather|Snow|[upkeep]\n|upkeep\n|turn|2\n|\n|t:|1700565306\n|move|p2a: Iron Treads|Stealth Rock|p1a: Deoxys\n|-sidestart|p1: bluenecdream|move: Stealth Rock\n|move|p1a: Deoxys|Stealth Rock|p2a: Iron Treads\n|-sidestart|p2: kingsy12|move: Stealth Rock\n|\n|-weather|Snow|[upkeep]\n|upkeep\n|turn|3\n|\n|t:|1700565312\n|move|p2a: Iron Treads|Rapid Spin|p1a: Deoxys\n|-damage|p1a: Deoxys|68\/100\n|-boost|p2a: Iron Treads|spe|1\n|-damage|p2a: Iron Treads|68\/100|[from] item: Rocky Helmet|[of] p1a: Deoxys\n|-sideend|p2: kingsy12|Stealth Rock|[from] move: Rapid Spin|[of] p2a: Iron Treads\n|move|p1a: Deoxys|Taunt|p2a: Iron Treads\n|-start|p2a: Iron Treads|move: Taunt\n|\n|-weather|Snow|[upkeep]\n|upkeep\n|turn|4\n|\n|t:|1700565324\n|move|p2a: Iron Treads|Volt Switch|p1a: Deoxys\n|-damage|p1a: Deoxys|60\/100\n|\n|t:|1700565327\n|-end|p2a: Iron Treads|Quark Drive|[silent]\n|switch|p2a: Tapu Koko|Tapu Koko|100\/100|[from] Volt Switch\n|-fieldstart|move: Electric Terrain|[from] ability: Electric Surge|[of] p2a: Tapu Koko\n|move|p1a: Deoxys|Psycho Boost|p2a: Tapu Koko\n|-damage|p2a: Tapu Koko|45\/100\n|-unboost|p1a: Deoxys|spa|2\n|\n|-weather|Snow|[upkeep]\n|upkeep\n|turn|5\n|\n|t:|1700565340\n|switch|p1a: Glastrier|Glastrier|100\/100\n|-damage|p1a: Glastrier|75\/100|[from] Stealth Rock\n|move|p2a: Tapu Koko|U-turn|p1a: Glastrier\n|-damage|p1a: Glastrier|66\/100\n|\n|t:|1700565351\n|switch|p2a: Iron Treads|Iron Treads|68\/100|[from] U-turn\n|-activate|p2a: Iron Treads|ability: Quark Drive\n|-start|p2a: Iron Treads|quarkdrivespe\n|\n|-weather|none\n|upkeep\n|turn|6\n|\n|t:|1700565360\n|-terastallize|p1a: Glastrier|Ground\n|move|p2a: Iron Treads|Iron Head|p1a: Glastrier\n|-damage|p1a: Glastrier|42\/100\n|move|p1a: Glastrier|High Horsepower|p2a: Iron Treads\n|-supereffective|p2a: Iron Treads\n|-damage|p2a: Iron Treads|0 fnt\n|faint|p2a: Iron Treads\n|-end|p2a: Iron Treads|Quark Drive|[silent]\n|-ability|p1a: Glastrier|Chilling Neigh|boost\n|-boost|p1a: Glastrier|atk|1\n|\n|upkeep\n|\n|t:|1700565372\n|switch|p2a: Iron Thorns|Iron Thorns|100\/100\n|-activate|p2a: Iron Thorns|ability: Quark Drive\n|-start|p2a: Iron Thorns|quarkdriveatk\n|turn|7\n|\n|t:|1700565379\n|-terastallize|p2a: Iron Thorns|Bug\n|move|p2a: Iron Thorns|Dragon Dance|p2a: Iron Thorns\n|-boost|p2a: Iron Thorns|atk|1\n|-boost|p2a: Iron Thorns|spe|1\n|move|p1a: Glastrier|High Horsepower|p2a: Iron Thorns\n|-resisted|p2a: Iron Thorns\n|-damage|p2a: Iron Thorns|60\/100\n|\n|upkeep\n|turn|8\n|\n|t:|1700565389\n|move|p2a: Iron Thorns|Pin Missile|p1a: Glastrier\n|-damage|p1a: Glastrier|26\/100\n|-damage|p1a: Glastrier|9\/100\n|-damage|p1a: Glastrier|0 fnt\n|faint|p1a: Glastrier\n|-hitcount|p1: Glastrier|3\n|\n|-fieldend|move: Electric Terrain\n|-end|p2a: Iron Thorns|Quark Drive\n|upkeep\n|\n|t:|1700565404\n|switch|p1a: Ninetales|Ninetales-Alola, F, shiny|100\/100\n|-damage|p1a: Ninetales|76\/100|[from] Stealth Rock\n|-weather|Snow|[from] ability: Snow Warning|[of] p1a: Ninetales\n|turn|9\n|\n|t:|1700565412\n|move|p2a: Iron Thorns|Rock Blast|p1a: Ninetales\n|-supereffective|p1a: Ninetales\n|-damage|p1a: Ninetales|41\/100\n|-supereffective|p1a: Ninetales\n|-damage|p1a: Ninetales|10\/100\n|-supereffective|p1a: Ninetales\n|-damage|p1a: Ninetales|0 fnt\n|faint|p1a: Ninetales\n|-hitcount|p1: Ninetales|3\n|\n|-weather|Snow|[upkeep]\n|upkeep\n|\n|t:|1700565428\n|switch|p1a: Meowscarada|Meowscarada, M|100\/100\n|-damage|p1a: Meowscarada|88\/100|[from] Stealth Rock\n|turn|10\n|\n|t:|1700565441\n|move|p1a: Meowscarada|Sucker Punch|p2a: Iron Thorns\n|-start|p1a: Meowscarada|typechange|Dark|[from] ability: Protean\n|-damage|p2a: Iron Thorns|18\/100\n|move|p2a: Iron Thorns|Pin Missile|p1a: Meowscarada\n|-supereffective|p1a: Meowscarada\n|-damage|p1a: Meowscarada|21\/100\n|-supereffective|p1a: Meowscarada\n|-damage|p1a: Meowscarada|0 fnt\n|faint|p1a: Meowscarada\n|-hitcount|p1: Meowscarada|2\n|\n|-weather|Snow|[upkeep]\n|upkeep\n|\n|t:|1700565454\n|switch|p1a: Deoxys|Deoxys-Defense|60\/100\n|-damage|p1a: Deoxys|47\/100|[from] Stealth Rock\n|-ability|p1a: Deoxys|Pressure\n|turn|11\n|\n|t:|1700565460\n|move|p2a: Iron Thorns|Pin Missile|p1a: Deoxys\n|-supereffective|p1a: Deoxys\n|-damage|p1a: Deoxys|22\/100\n|-supereffective|p1a: Deoxys\n|-damage|p1a: Deoxys|0 fnt\n|faint|p1a: Deoxys\n|-hitcount|p1: Deoxys|2\n|\n|-weather|Snow|[upkeep]\n|upkeep\n|\n|t:|1700565467\n|switch|p1a: Slowking|Slowking-Galar, M|100\/100\n|-damage|p1a: Slowking|88\/100|[from] Stealth Rock\n|turn|12\n|\n|t:|1700565472\n|move|p2a: Iron Thorns|Pin Missile|p1a: Slowking\n|-damage|p1a: Slowking|66\/100\n|-damage|p1a: Slowking|46\/100\n|-damage|p1a: Slowking|27\/100\n|-damage|p1a: Slowking|5\/100\n|-damage|p1a: Slowking|0 fnt\n|faint|p1a: Slowking\n|-hitcount|p1: Slowking|5\n|\n|-weather|Snow|[upkeep]\n|upkeep\n|-message|bluenecdream forfeited.\n|\n|win|kingsy12\n|raw|bluenecdream's rating: 1315 &rarr; <strong>1293<\/strong><br \/>(-22 for losing)\n|raw|kingsy12's rating: 1286 &rarr; <strong>1313<\/strong><br \/>(+27 for winning)\n|l|\u2606bluenecdream\n","uploadtime":1700565488,"views":2,"p1id":"bluenecdream","p2id":"kingsy12","formatid":"gen9nationaldex","rating":1293,"private":0,"password":""}