{"id":"gen9nationaldex-1993937453","p1":"guess my avatar","p2":"hell20","format":"[Gen 9] National Dex","log":"|j|\u2606guess my avatar\n|j|\u2606hell20\n|t:|1700378749\n|gametype|singles\n|player|p1|guess my avatar|brendan-masters|\n|player|p2|hell20|ash|\n|teamsize|p1|6\n|teamsize|p2|6\n|gen|9\n|tier|[Gen 9] National Dex\n|rule|HP Percentage Mod: HP is shown in percentages\n|rule|Endless Battle Clause: Forcing endless battles is banned\n|rule|OHKO Clause: OHKO moves are banned\n|rule|Evasion Clause: Evasion abilities, items, and moves are banned\n|rule|Evasion Abilities Clause: Evasion abilities are banned\n|rule|Evasion Items Clause: Evasion items are banned\n|rule|Evasion Moves Clause: Evasion moves are banned\n|rule|Species Clause: Limit one of each Pok\u00e9mon\n|rule|Sleep Clause Mod: Limit one foe put to sleep\n|clearpoke\n|poke|p1|Tapu Lele|\n|poke|p1|Xurkitree|\n|poke|p1|Scizor, F|\n|poke|p1|Weavile, F|\n|poke|p1|Great Tusk|\n|poke|p1|Sneasler, F|\n|poke|p2|Moltres-Galar|\n|poke|p2|Tapu Koko|\n|poke|p2|Gyarados, F|\n|poke|p2|Iron Valiant|\n|poke|p2|Scizor, F|\n|poke|p2|Sneasler, M|\n|teampreview\n|inactive|Battle timer is ON: inactive players will automatically lose when time's up. (requested by hell20)\n|inactive|guess my avatar also wants the timer to be on.\n|c|\u2606guess my avatar|thank god its not that dump birb\n|inactive|guess my avatar has 270 seconds left.\n|c|\u2606guess my avatar|glhf\n|\n|t:|1700378788\n|start\n|switch|p1a: IDK|Great Tusk|100\/100\n|switch|p2a: Scizor|Scizor, F|100\/100\n|turn|1\n|c|\u2606hell20|u2\n|\n|t:|1700378794\n|move|p1a: IDK|Stealth Rock|p2a: Scizor\n|-sidestart|p2: hell20|move: Stealth Rock\n|move|p2a: Scizor|Swords Dance|p2a: Scizor\n|-boost|p2a: Scizor|atk|2\n|\n|upkeep\n|turn|2\n|\n|t:|1700378802\n|move|p1a: IDK|Headlong Rush|p2a: Scizor\n|-damage|p2a: Scizor|26\/100\n|-unboost|p1a: IDK|def|1\n|-unboost|p1a: IDK|spd|1\n|move|p2a: Scizor|Knock Off|p1a: IDK\n|-resisted|p1a: IDK\n|-damage|p1a: IDK|60\/100\n|-enditem|p1a: IDK|Leftovers|[from] move: Knock Off|[of] p2a: Scizor\n|\n|upkeep\n|turn|3\n|\n|t:|1700378821\n|detailschange|p2a: Scizor|Scizor-Mega, F\n|-mega|p2a: Scizor|Scizor|Scizorite\n|move|p2a: Scizor|Bullet Punch|p1a: IDK\n|-damage|p1a: IDK|0 fnt\n|faint|p1a: IDK\n|-end|p1a: IDK|Protosynthesis|[silent]\n|\n|upkeep\n|\n|t:|1700378827\n|switch|p1a: gotta go fast|Scizor, F|100\/100\n|turn|4\n|\n|t:|1700378832\n|detailschange|p1a: gotta go fast|Scizor-Mega, F\n|-mega|p1a: gotta go fast|Scizor|Scizorite\n|move|p2a: Scizor|Bullet Punch|p1a: gotta go fast\n|-resisted|p1a: gotta go fast\n|-damage|p1a: gotta go fast|74\/100\n|move|p1a: gotta go fast|Swords Dance|p1a: gotta go fast\n|-boost|p1a: gotta go fast|atk|2\n|\n|upkeep\n|turn|5\n|\n|t:|1700378838\n|move|p2a: Scizor|Close Combat|p1a: gotta go fast\n|-damage|p1a: gotta go fast|0 fnt\n|-unboost|p2a: Scizor|def|1\n|-unboost|p2a: Scizor|spd|1\n|faint|p1a: gotta go fast\n|\n|upkeep\n|c|\u2606guess my avatar|dint expect that\n|\n|t:|1700378852\n|switch|p1a: Theif|Weavile, F, shiny|100\/100\n|turn|6\n|\n|t:|1700378856\n|move|p2a: Scizor|Bullet Punch|p1a: Theif\n|-supereffective|p1a: Theif\n|-enditem|p1a: Theif|Focus Sash\n|-damage|p1a: Theif|1\/100\n|move|p1a: Theif|Knock Off|p2a: Scizor\n|-damage|p2a: Scizor|0 fnt\n|faint|p2a: Scizor\n|\n|upkeep\n|\n|t:|1700378867\n|switch|p2a: Gyarados|Gyarados, F|100\/100\n|-damage|p2a: Gyarados|76\/100|[from] Stealth Rock\n|-ability|p2a: Gyarados|Intimidate|boost\n|-unboost|p1a: Theif|atk|1\n|turn|7\n|inactive|hell20 has 270 seconds left.\n|c|\u2606guess my avatar|hmm what is ur item\n|inactive|hell20 has 240 seconds left.\n|\n|t:|1700378956\n|move|p1a: Theif|Knock Off|p2a: Gyarados\n|-damage|p2a: Gyarados|50\/100\n|move|p2a: Gyarados|Dragon Dance|p2a: Gyarados\n|-boost|p2a: Gyarados|atk|1\n|-boost|p2a: Gyarados|spe|1\n|\n|upkeep\n|turn|8\n|c|\u2606guess my avatar|wait flying z move crystal?\n|\n|t:|1700378980\n|move|p1a: Theif|Ice Shard|p2a: Gyarados\n|-damage|p2a: Gyarados|35\/100\n|move|p2a: Gyarados|Waterfall|p1a: Theif\n|-damage|p1a: Theif|0 fnt\n|faint|p1a: Theif\n|\n|upkeep\n|\n|t:|1700378988\n|switch|p1a: Im not worst tapu|Tapu Lele, shiny|100\/100\n|-fieldstart|move: Psychic Terrain|[from] ability: Psychic Surge|[of] p1a: Im not worst tapu\n|turn|9\n|inactive|hell20 has 210 seconds left.\n|c|\u2606guess my avatar|am i correct?\n|c|\u2606hell20|yea\n|c|\u2606guess my avatar|cuse i also love guessing\n|\n|t:|1700379045\n|move|p2a: Gyarados|Waterfall|p1a: Im not worst tapu\n|-damage|p1a: Im not worst tapu|1\/100\n|cant|p1a: Im not worst tapu|flinch\n|\n|upkeep\n|turn|10\n|c|\u2606guess my avatar|wut\n|c|\u2606guess my avatar|why\n|inactive|hell20 has 180 seconds left.\n|c|\u2606guess my avatar|stupid tapu\n|c|\u2606guess my avatar|atleast hes no the worst\n|inactive|hell20 has 150 seconds left.\n|\n|t:|1700379117\n|switch|p1a: Sweep incoming|Xurkitree|100\/100\n|move|p2a: Gyarados|Waterfall|p1a: Sweep incoming\n|-damage|p1a: Sweep incoming|16\/100\n|\n|upkeep\n|turn|11\n|\n|t:|1700379129\n|move|p2a: Gyarados|Waterfall|p1a: Sweep incoming\n|-damage|p1a: Sweep incoming|0 fnt\n|faint|p1a: Sweep incoming\n|\n|upkeep\n|\n|t:|1700379133\n|switch|p1a: CLAWS JAWSBTBETTER|Sneasler, F|100\/100\n|-enditem|p1a: CLAWS JAWSBTBETTER|Psychic Seed\n|-boost|p1a: CLAWS JAWSBTBETTER|spd|1|[from] item: Psychic Seed\n|turn|12\n|inactive|hell20 has 120 seconds left.\n|inactive|hell20 has 90 seconds left.\n|inactive|hell20 no longer wants the timer on, but the timer is staying on because guessmyavatar still does.\n|c|\u2606hell20|brb\n|\n|t:|1700379198\n|move|p1a: CLAWS JAWSBTBETTER|Acrobatics|p2a: Gyarados\n|-damage|p2a: Gyarados|0 fnt\n|faint|p2a: Gyarados\n|\n|upkeep\n|inactive|hell20 has 90 seconds left.\n|\n|t:|1700379209\n|switch|p2a: Moltres|Moltres-Galar|100\/100\n|turn|13\n|c|\u2606guess my avatar|!math 430*1.5\n|c| guess my avatar|\/raw <div class=\"infobox\">430*1.5<br \/>= <strong>645<\/strong><\/div>\n|\n|t:|1700379220\n|-terastallize|p1a: CLAWS JAWSBTBETTER|Flying\n|move|p1a: CLAWS JAWSBTBETTER|Swords Dance|p1a: CLAWS JAWSBTBETTER\n|-boost|p1a: CLAWS JAWSBTBETTER|atk|2\n|move|p2a: Moltres|Hurricane|p1a: CLAWS JAWSBTBETTER\n|-damage|p1a: CLAWS JAWSBTBETTER|54\/100\n|\n|-fieldend|move: Psychic Terrain\n|upkeep\n|turn|14\n|\n|t:|1700379229\n|move|p1a: CLAWS JAWSBTBETTER|Acrobatics|p2a: Moltres\n|-damage|p2a: Moltres|0 fnt\n|faint|p2a: Moltres\n|\n|upkeep\n|c|\u2606guess my avatar|sweep incoming?\n|inactive|hell20 has 90 seconds left.\n|\n|t:|1700379258\n|switch|p2a: Tapu Koko|Tapu Koko|100\/100\n|-damage|p2a: Tapu Koko|88\/100|[from] Stealth Rock\n|-fieldstart|move: Electric Terrain|[from] ability: Electric Surge|[of] p2a: Tapu Koko\n|turn|15\n|\n|t:|1700379266\n|move|p1a: CLAWS JAWSBTBETTER|Dire Claw|p2a: Tapu Koko\n|-supereffective|p2a: Tapu Koko\n|-crit|p2a: Tapu Koko\n|-damage|p2a: Tapu Koko|0 fnt\n|faint|p2a: Tapu Koko\n|\n|upkeep\n|inactive|hell20 has 90 seconds left.\n|\n|t:|1700379274\n|switch|p2a: Sneasler|Sneasler, M|100\/100\n|-damage|p2a: Sneasler|95\/100|[from] Stealth Rock\n|-enditem|p2a: Sneasler|Electric Seed\n|-boost|p2a: Sneasler|def|1|[from] item: Electric Seed\n|turn|16\n|c|\u2606guess my avatar|com on pls outspeed\n|inactive|hell20 has 90 seconds left.\n|c|\u2606guess my avatar|if no i lose\n|\n|t:|1700379297\n|-terastallize|p2a: Sneasler|Flying\n|move|p2a: Sneasler|Acrobatics|p1a: CLAWS JAWSBTBETTER\n|-damage|p1a: CLAWS JAWSBTBETTER|0 fnt\n|faint|p1a: CLAWS JAWSBTBETTER\n|\n|upkeep\n|c|\u2606guess my avatar|aah\n|c|\u2606hell20|im dumb ass\n|c|\u2606guess my avatar|ggs\n|c|\u2606hell20|didnt see ur calc\n|c|\u2606guess my avatar|?\n|c|\u2606guess my avatar|what calc\n|inactive|guess my avatar has 270 seconds left.\n|c|\u2606hell20|\u2606guess my avatar: !math 430*1.5\n|\n|t:|1700379325\n|switch|p1a: Im not worst tapu|Tapu Lele, shiny|1\/100\n|-fieldstart|move: Psychic Terrain|[from] ability: Psychic Surge|[of] p1a: Im not worst tapu\n|turn|17\n|inactive|hell20 has 90 seconds left.\n|c|\u2606guess my avatar|oh that was\n|inactive|guess my avatar has 270 seconds left.\n|c|\u2606guess my avatar|if the gyara was scarf\n|c|\u2606guess my avatar|will it outspeed\n|c|\u2606guess my avatar|ggs\n|inactive|hell20 has 60 seconds left.\n|\n|t:|1700379370\n|move|p2a: Sneasler|Dire Claw|p1a: Im not worst tapu\n|-supereffective|p1a: Im not worst tapu\n|-damage|p1a: Im not worst tapu|0 fnt\n|faint|p1a: Im not worst tapu\n|\n|win|hell20\n|c|\u2606hell20|gg\n","uploadtime":1700379376,"views":8,"p1id":"guessmyavatar","p2id":"hell20","formatid":"gen9nationaldex","rating":0,"private":0,"password":""}