{"id":"gen9nationaldex-1991201189","p1":"akxhdwy","p2":"elvisma","format":"[Gen 9] National Dex","log":"|j|\u2606akxhdwy\n|j|\u2606elvisma\n|t:|1700056535\n|gametype|singles\n|player|p1|akxhdwy|170|1691\n|player|p2|elvisma|red-masters|1734\n|teamsize|p1|6\n|teamsize|p2|6\n|gen|9\n|tier|[Gen 9] National Dex\n|rated|\n|rule|HP Percentage Mod: HP is shown in percentages\n|rule|Endless Battle Clause: Forcing endless battles is banned\n|rule|OHKO Clause: OHKO moves are banned\n|rule|Evasion Clause: Evasion abilities, items, and moves are banned\n|rule|Evasion Abilities Clause: Evasion abilities are banned\n|rule|Evasion Items Clause: Evasion items are banned\n|rule|Evasion Moves Clause: Evasion moves are banned\n|rule|Species Clause: Limit one of each Pok\u00e9mon\n|rule|Sleep Clause Mod: Limit one foe put to sleep\n|clearpoke\n|poke|p1|Urshifu-*, M|\n|poke|p1|Tapu Bulu|\n|poke|p1|Great Tusk|\n|poke|p1|Cresselia, F|\n|poke|p1|Bisharp, M|\n|poke|p1|Zapdos|\n|poke|p2|Azelf|\n|poke|p2|Charizard, F|\n|poke|p2|Ribombee, F|\n|poke|p2|Great Tusk|\n|poke|p2|Ogerpon-Wellspring, F|\n|poke|p2|Victini|\n|teampreview\n|inactive|Battle timer is ON: inactive players will automatically lose when time's up. (requested by akxhdwy)\n|c|\u2606elvisma|oh god\n|\n|t:|1700056557\n|start\n|switch|p1a: Urshifu|Urshifu-Rapid-Strike, M|100\/100\n|switch|p2a: ZA BEE|Ribombee, F|100\/100\n|turn|1\n|\n|t:|1700056563\n|switch|p2a: touchgrassdrinkH2O|Ogerpon-Wellspring, F|100\/100\n|move|p1a: Urshifu|Surging Strikes|p2a: touchgrassdrinkH2O\n|-immune|p2a: touchgrassdrinkH2O|[from] ability: Water Absorb\n|\n|upkeep\n|turn|2\n|\n|t:|1700056569\n|switch|p1a: Tapu Bulu|Tapu Bulu|100\/100\n|-fieldstart|move: Grassy Terrain|[from] ability: Grassy Surge|[of] p1a: Tapu Bulu\n|move|p2a: touchgrassdrinkH2O|Swords Dance|p2a: touchgrassdrinkH2O\n|-boost|p2a: touchgrassdrinkH2O|atk|2\n|\n|upkeep\n|turn|3\n|\n|t:|1700056580\n|move|p2a: touchgrassdrinkH2O|Play Rough|p1a: Tapu Bulu|[miss]\n|-miss|p2a: touchgrassdrinkH2O|p1a: Tapu Bulu\n|move|p1a: Tapu Bulu|Horn Leech|p2a: touchgrassdrinkH2O\n|-damage|p2a: touchgrassdrinkH2O|32\/100\n|\n|-heal|p2a: touchgrassdrinkH2O|38\/100|[from] Grassy Terrain\n|upkeep\n|turn|4\n|c|\u2606elvisma|bruh\n|\n|t:|1700056590\n|switch|p2a: V create spam|Victini|100\/100\n|move|p1a: Tapu Bulu|Stone Edge|p2a: V create spam\n|-supereffective|p2a: V create spam\n|-damage|p2a: V create spam|30\/100\n|\n|-heal|p2a: V create spam|36\/100|[from] Grassy Terrain\n|upkeep\n|turn|5\n|\n|t:|1700056597\n|switch|p1a: Zapdos|Zapdos|100\/100\n|move|p2a: V create spam|Searing Shot|p1a: Zapdos\n|-damage|p1a: Zapdos|55\/100\n|\n|-heal|p2a: V create spam|42\/100|[from] Grassy Terrain\n|upkeep\n|turn|6\n|\n|t:|1700056603\n|-zpower|p2a: V create spam\n|move|p2a: V create spam|Z-Celebrate|p2a: V create spam|[anim]Celebrate\n|-boost|p2a: V create spam|atk|1|[zeffect]\n|-boost|p2a: V create spam|def|1|[zeffect]\n|-boost|p2a: V create spam|spa|1|[zeffect]\n|-boost|p2a: V create spam|spd|1|[zeffect]\n|-boost|p2a: V create spam|spe|1|[zeffect]\n|-activate|p2a: V create spam|move: Celebrate\n|move|p1a: Zapdos|Roost|p1a: Zapdos\n|-heal|p1a: Zapdos|100\/100\n|-singleturn|p1a: Zapdos|move: Roost\n|\n|-heal|p2a: V create spam|49\/100|[from] Grassy Terrain\n|-fieldend|move: Grassy Terrain\n|upkeep\n|turn|7\n|\n|t:|1700056616\n|move|p2a: V create spam|Searing Shot|p1a: Zapdos\n|-damage|p1a: Zapdos|35\/100\n|-zpower|p1a: Zapdos\n|move|p1a: Zapdos|Supersonic Skystrike|p2a: V create spam|[zeffect]\n|-damage|p2a: V create spam|0 fnt\n|faint|p2a: V create spam\n|\n|upkeep\n|\n|t:|1700056621\n|switch|p2a: ampheros|Charizard, F|100\/100\n|turn|8\n|\n|t:|1700056631\n|switch|p1a: Urshifu|Urshifu-Rapid-Strike, M|100\/100\n|detailschange|p2a: ampheros|Charizard-Mega-X, F\n|-mega|p2a: ampheros|Charizard|Charizardite X\n|move|p2a: ampheros|Dragon Dance|p2a: ampheros\n|-boost|p2a: ampheros|atk|1\n|-boost|p2a: ampheros|spe|1\n|\n|upkeep\n|turn|9\n|\n|t:|1700056647\n|move|p2a: ampheros|Fire Punch|p1a: Urshifu\n|-resisted|p1a: Urshifu\n|-damage|p1a: Urshifu|63\/100\n|move|p1a: Urshifu|Close Combat|p2a: ampheros\n|-damage|p2a: ampheros|30\/100\n|-unboost|p1a: Urshifu|def|1\n|-unboost|p1a: Urshifu|spd|1\n|\n|upkeep\n|turn|10\n|\n|t:|1700056654\n|switch|p1a: Zapdos|Zapdos|35\/100\n|move|p2a: ampheros|Dragon Claw|p1a: Zapdos\n|-damage|p1a: Zapdos|0 fnt\n|faint|p1a: Zapdos\n|\n|upkeep\n|\n|t:|1700056661\n|switch|p1a: Bisharp|Bisharp, M|100\/100\n|turn|11\n|\n|t:|1700056667\n|move|p1a: Bisharp|Sucker Punch|p2a: ampheros\n|-damage|p2a: ampheros|0 fnt\n|faint|p2a: ampheros\n|\n|upkeep\n|\n|t:|1700056669\n|switch|p2a: TUSK SWEEP|Great Tusk|100\/100\n|-enditem|p2a: TUSK SWEEP|Booster Energy\n|-activate|p2a: TUSK SWEEP|ability: Protosynthesis|[fromitem]\n|-start|p2a: TUSK SWEEP|protosynthesisatk\n|turn|12\n|\n|t:|1700056680\n|switch|p1a: Tapu Bulu|Tapu Bulu|100\/100\n|-fieldstart|move: Grassy Terrain|[from] ability: Grassy Surge|[of] p1a: Tapu Bulu\n|move|p2a: TUSK SWEEP|Rapid Spin|p1a: Tapu Bulu\n|-damage|p1a: Tapu Bulu|77\/100\n|-boost|p2a: TUSK SWEEP|spe|1\n|\n|-heal|p1a: Tapu Bulu|83\/100|[from] Grassy Terrain\n|-heal|p1a: Tapu Bulu|89\/100|[from] item: Leftovers\n|upkeep\n|turn|13\n|\n|t:|1700056696\n|-terastallize|p2a: TUSK SWEEP|Ice\n|move|p2a: TUSK SWEEP|Rapid Spin|p1a: Tapu Bulu\n|-damage|p1a: Tapu Bulu|66\/100\n|-boost|p2a: TUSK SWEEP|spe|1\n|move|p1a: Tapu Bulu|Horn Leech|p2a: TUSK SWEEP\n|-damage|p2a: TUSK SWEEP|58\/100\n|-heal|p1a: Tapu Bulu|93\/100|[from] drain|[of] p2a: TUSK SWEEP\n|\n|-heal|p2a: TUSK SWEEP|64\/100|[from] Grassy Terrain\n|-heal|p1a: Tapu Bulu|99\/100|[from] Grassy Terrain\n|-heal|p1a: Tapu Bulu|100\/100|[from] item: Leftovers\n|upkeep\n|turn|14\n|\n|t:|1700056708\n|move|p2a: TUSK SWEEP|Ice Spinner|p1a: Tapu Bulu\n|-supereffective|p1a: Tapu Bulu\n|-damage|p1a: Tapu Bulu|0 fnt\n|-fieldend|move: Grassy Terrain\n|faint|p1a: Tapu Bulu\n|\n|upkeep\n|\n|t:|1700056725\n|switch|p1a: Bisharp|Bisharp, M|100\/100\n|turn|15\n|inactive|elvisma has 120 seconds left.\n|\n|t:|1700056777\n|move|p1a: Bisharp|Sucker Punch|p2a: TUSK SWEEP\n|-crit|p2a: TUSK SWEEP\n|-damage|p2a: TUSK SWEEP|20\/100\n|move|p2a: TUSK SWEEP|Close Combat|p1a: Bisharp\n|-supereffective|p1a: Bisharp\n|-damage|p1a: Bisharp|0 fnt\n|-unboost|p2a: TUSK SWEEP|def|1\n|-unboost|p2a: TUSK SWEEP|spd|1\n|faint|p1a: Bisharp\n|\n|upkeep\n|\n|t:|1700056790\n|switch|p1a: Great Tusk|Great Tusk|100\/100\n|turn|16\n|\n|t:|1700056798\n|move|p2a: TUSK SWEEP|Ice Spinner|p1a: Great Tusk\n|-supereffective|p1a: Great Tusk\n|-damage|p1a: Great Tusk|21\/100\n|move|p1a: Great Tusk|Headlong Rush|p2a: TUSK SWEEP\n|-damage|p2a: TUSK SWEEP|0 fnt\n|-unboost|p1a: Great Tusk|def|1\n|-unboost|p1a: Great Tusk|spd|1\n|faint|p2a: TUSK SWEEP\n|-end|p2a: TUSK SWEEP|Protosynthesis|[silent]\n|\n|-heal|p1a: Great Tusk|27\/100|[from] item: Leftovers\n|upkeep\n|\n|t:|1700056802\n|switch|p2a: pls dont u-turn|Azelf|100\/100\n|turn|17\n|\n|t:|1700056806\n|move|p2a: pls dont u-turn|Mystical Power|p1a: Great Tusk\n|-supereffective|p1a: Great Tusk\n|-damage|p1a: Great Tusk|0 fnt\n|-boost|p2a: pls dont u-turn|spa|1\n|faint|p1a: Great Tusk\n|-end|p1a: Great Tusk|Protosynthesis|[silent]\n|\n|upkeep\n|\n|t:|1700056811\n|switch|p1a: Cresselia|Cresselia, F|100\/100\n|turn|18\n|\n|t:|1700056816\n|-terastallize|p1a: Cresselia|Poison\n|move|p2a: pls dont u-turn|Mystical Power|p1a: Cresselia\n|-supereffective|p1a: Cresselia\n|-damage|p1a: Cresselia|33\/100\n|-boost|p2a: pls dont u-turn|spa|1\n|move|p1a: Cresselia|Calm Mind|p1a: Cresselia\n|-boost|p1a: Cresselia|spa|1\n|-boost|p1a: Cresselia|spd|1\n|\n|upkeep\n|turn|19\n|\n|t:|1700056821\n|move|p2a: pls dont u-turn|Mystical Power|p1a: Cresselia\n|-supereffective|p1a: Cresselia\n|-damage|p1a: Cresselia|0 fnt\n|-boost|p2a: pls dont u-turn|spa|1\n|faint|p1a: Cresselia\n|\n|upkeep\n|-message|akxhdwy forfeited.\n|\n|win|elvisma\n|raw|akxhdwy's rating: 1691 &rarr; <strong>1673<\/strong><br \/>(-18 for losing)\n|raw|elvisma's rating: 1734 &rarr; <strong>1752<\/strong><br \/>(+18 for winning)\n|l|\u2606akxhdwy\n","uploadtime":1700056832,"views":3,"p1id":"akxhdwy","p2id":"elvisma","formatid":"gen9nationaldex","rating":1673,"private":0,"password":""}