{"id":"gen9nationaldex-1994347270","p1":"kunkeingege","p2":"T_in_a_Cup","format":"[Gen 9] National Dex","log":"|j|\u2606kunkeingege\n|j|\u2606T_in_a_Cup\n|t:|1700433642\n|gametype|singles\n|player|p1|kunkeingege|ghetsis|1134\n|player|p2|T_in_a_Cup|ninjaboy|1134\n|teamsize|p1|6\n|teamsize|p2|6\n|gen|9\n|tier|[Gen 9] National Dex\n|rated|\n|rule|HP Percentage Mod: HP is shown in percentages\n|rule|Endless Battle Clause: Forcing endless battles is banned\n|rule|OHKO Clause: OHKO moves are banned\n|rule|Evasion Clause: Evasion abilities, items, and moves are banned\n|rule|Evasion Abilities Clause: Evasion abilities are banned\n|rule|Evasion Items Clause: Evasion items are banned\n|rule|Evasion Moves Clause: Evasion moves are banned\n|rule|Species Clause: Limit one of each Pok\u00e9mon\n|rule|Sleep Clause Mod: Limit one foe put to sleep\n|clearpoke\n|poke|p1|Glastrier|\n|poke|p1|Cresselia, F|\n|poke|p1|Banette, F|\n|poke|p1|Marowak-Alola, F|\n|poke|p1|Hatterene, F|\n|poke|p1|Sneasler, M|\n|poke|p2|Golisopod, F|\n|poke|p2|Grafaiai, F|\n|poke|p2|Rotom-Heat|\n|poke|p2|Breloom, M|\n|poke|p2|Houndstone, F|\n|poke|p2|Garganacl, F|\n|teampreview\n|\n|t:|1700433657\n|start\n|switch|p1a: \u8857\u6e9c\u5b50|Sneasler, M, shiny|100\/100\n|switch|p2a: Houndstone|Houndstone, F|100\/100\n|turn|1\n|\n|t:|1700433672\n|move|p1a: \u8857\u6e9c\u5b50|U-turn|p2a: Houndstone\n|-resisted|p2a: Houndstone\n|-damage|p2a: Houndstone|96\/100\n|\n|t:|1700433684\n|switch|p1a: \u4e0d\u8bb2\u6b66\u5fb7|Banette, F, shiny|100\/100|[from] U-turn\n|-item|p2a: Houndstone|Leftovers|[from] ability: Frisk|[of] p1a: \u4e0d\u8bb2\u6b66\u5fb7|[identify]\n|move|p2a: Houndstone|Stomping Tantrum|p1a: \u4e0d\u8bb2\u6b66\u5fb7\n|-damage|p1a: \u4e0d\u8bb2\u6b66\u5fb7|75\/100\n|\n|-heal|p2a: Houndstone|100\/100|[from] item: Leftovers\n|upkeep\n|turn|2\n|\n|t:|1700433696\n|detailschange|p1a: \u4e0d\u8bb2\u6b66\u5fb7|Banette-Mega, F, shiny\n|-mega|p1a: \u4e0d\u8bb2\u6b66\u5fb7|Banette|Banettite\n|move|p2a: Houndstone|Shadow Sneak|p1a: \u4e0d\u8bb2\u6b66\u5fb7\n|-supereffective|p1a: \u4e0d\u8bb2\u6b66\u5fb7\n|-damage|p1a: \u4e0d\u8bb2\u6b66\u5fb7|35\/100\n|move|p1a: \u4e0d\u8bb2\u6b66\u5fb7|Poltergeist|p2a: Houndstone\n|-activate|p2a: Houndstone|move: Poltergeist|Leftovers\n|-supereffective|p2a: Houndstone\n|-damage|p2a: Houndstone|0 fnt\n|faint|p2a: Houndstone\n|\n|upkeep\n|\n|t:|1700433708\n|switch|p2a: Rotom|Rotom-Heat|100\/100\n|turn|3\n|\n|t:|1700433712\n|move|p1a: \u4e0d\u8bb2\u6b66\u5fb7|Destiny Bond|p1a: \u4e0d\u8bb2\u6b66\u5fb7\n|-singlemove|p1a: \u4e0d\u8bb2\u6b66\u5fb7|Destiny Bond\n|move|p2a: Rotom|Hex|p1a: \u4e0d\u8bb2\u6b66\u5fb7\n|-supereffective|p1a: \u4e0d\u8bb2\u6b66\u5fb7\n|-damage|p1a: \u4e0d\u8bb2\u6b66\u5fb7|0 fnt\n|faint|p1a: \u4e0d\u8bb2\u6b66\u5fb7\n|-activate|p1a: \u4e0d\u8bb2\u6b66\u5fb7|move: Destiny Bond\n|faint|p2a: Rotom\n|\n|upkeep\n|\n|t:|1700433722\n|switch|p2a: Breloom|Breloom, M|100\/100\n|switch|p1a: \u8857\u6e9c\u5b50|Sneasler, M, shiny|100\/100\n|turn|4\n|\n|t:|1700433729\n|move|p1a: \u8857\u6e9c\u5b50|Fake Out|p2a: Breloom\n|-damage|p2a: Breloom|77\/100\n|cant|p2a: Breloom|flinch\n|\n|upkeep\n|turn|5\n|\n|t:|1700433736\n|move|p1a: \u8857\u6e9c\u5b50|Dire Claw|p2a: Breloom\n|-supereffective|p2a: Breloom\n|-damage|p2a: Breloom|0 fnt\n|faint|p2a: Breloom\n|\n|upkeep\n|\n|t:|1700433742\n|switch|p2a: Grafaiai|Grafaiai, F|100\/100\n|turn|6\n|\n|t:|1700433747\n|move|p2a: Grafaiai|Knock Off|p1a: \u8857\u6e9c\u5b50\n|-resisted|p1a: \u8857\u6e9c\u5b50\n|-damage|p1a: \u8857\u6e9c\u5b50|78\/100\n|-enditem|p1a: \u8857\u6e9c\u5b50|Weakness Policy|[from] move: Knock Off|[of] p2a: Grafaiai\n|move|p1a: \u8857\u6e9c\u5b50|U-turn|p2a: Grafaiai\n|-resisted|p2a: Grafaiai\n|-damage|p2a: Grafaiai|75\/100\n|\n|t:|1700433759\n|switch|p1a: \u7f8e\u5973|Cresselia, F|100\/100|[from] U-turn\n|\n|upkeep\n|turn|7\n|\n|t:|1700433766\n|move|p2a: Grafaiai|Knock Off|p1a: \u7f8e\u5973\n|-supereffective|p1a: \u7f8e\u5973\n|-damage|p1a: \u7f8e\u5973|64\/100\n|-enditem|p1a: \u7f8e\u5973|Leftovers|[from] move: Knock Off|[of] p2a: Grafaiai\n|move|p1a: \u7f8e\u5973|Future Sight|p2a: Grafaiai\n|-start|p1a: \u7f8e\u5973|move: Future Sight\n|\n|upkeep\n|turn|8\n|\n|t:|1700433773\n|move|p2a: Grafaiai|U-turn|p1a: \u7f8e\u5973\n|-supereffective|p1a: \u7f8e\u5973\n|-damage|p1a: \u7f8e\u5973|34\/100\n|\n|t:|1700433775\n|switch|p2a: Golisopod|Golisopod, F|100\/100|[from] U-turn\n|move|p1a: \u7f8e\u5973|Trick Room|p1a: \u7f8e\u5973\n|-fieldstart|move: Trick Room|[of] p1a: \u7f8e\u5973\n|\n|upkeep\n|turn|9\n|\n|t:|1700433782\n|move|p2a: Golisopod|Leech Life|p1a: \u7f8e\u5973\n|-supereffective|p1a: \u7f8e\u5973\n|-damage|p1a: \u7f8e\u5973|0 fnt\n|faint|p1a: \u7f8e\u5973\n|\n|-end|p2a: Golisopod|move: Future Sight\n|-crit|p2a: Golisopod\n|-damage|p2a: Golisopod|54\/100\n|upkeep\n|\n|t:|1700433791\n|switch|p1a: \u529b\u5ea6\u600e\u4e48\u6837|Marowak-Alola, F, shiny|100\/100\n|turn|10\n|\n|t:|1700433796\n|move|p2a: Golisopod|Sucker Punch|p1a: \u529b\u5ea6\u600e\u4e48\u6837\n|-supereffective|p1a: \u529b\u5ea6\u600e\u4e48\u6837\n|-damage|p1a: \u529b\u5ea6\u600e\u4e48\u6837|51\/100\n|move|p1a: \u529b\u5ea6\u600e\u4e48\u6837|Flare Blitz|p2a: Golisopod\n|-damage|p2a: Golisopod|0 fnt\n|faint|p2a: Golisopod\n|\n|upkeep\n|\n|t:|1700433803\n|switch|p2a: Garganacl|Garganacl, F|100\/100\n|turn|11\n|\n|t:|1700433812\n|move|p2a: Garganacl|Salt Cure|p1a: \u529b\u5ea6\u600e\u4e48\u6837\n|-supereffective|p1a: \u529b\u5ea6\u600e\u4e48\u6837\n|-damage|p1a: \u529b\u5ea6\u600e\u4e48\u6837|21\/100\n|-start|p1a: \u529b\u5ea6\u600e\u4e48\u6837|Salt Cure\n|move|p1a: \u529b\u5ea6\u600e\u4e48\u6837|Flare Blitz|p2a: Garganacl\n|-resisted|p2a: Garganacl\n|-damage|p2a: Garganacl|75\/100\n|\n|-heal|p2a: Garganacl|81\/100|[from] item: Leftovers\n|-damage|p1a: \u529b\u5ea6\u600e\u4e48\u6837|9\/100|[from] Salt Cure\n|upkeep\n|turn|12\n|\n|t:|1700433824\n|move|p2a: Garganacl|Salt Cure|p1a: \u529b\u5ea6\u600e\u4e48\u6837\n|-supereffective|p1a: \u529b\u5ea6\u600e\u4e48\u6837\n|-damage|p1a: \u529b\u5ea6\u600e\u4e48\u6837|0 fnt\n|faint|p1a: \u529b\u5ea6\u600e\u4e48\u6837\n|\n|-heal|p2a: Garganacl|88\/100|[from] item: Leftovers\n|-fieldend|move: Trick Room\n|upkeep\n|\n|t:|1700433834\n|switch|p1a: \u8857\u6e9c\u5b50|Sneasler, M, shiny|78\/100\n|turn|13\n|\n|t:|1700433837\n|move|p1a: \u8857\u6e9c\u5b50|Fake Out|p2a: Garganacl\n|-resisted|p2a: Garganacl\n|-crit|p2a: Garganacl\n|-damage|p2a: Garganacl|82\/100\n|cant|p2a: Garganacl|flinch\n|\n|-heal|p2a: Garganacl|88\/100|[from] item: Leftovers\n|upkeep\n|turn|14\n|\n|t:|1700433846\n|move|p1a: \u8857\u6e9c\u5b50|Close Combat|p2a: Garganacl\n|-supereffective|p2a: Garganacl\n|-damage|p2a: Garganacl|25\/100\n|-unboost|p1a: \u8857\u6e9c\u5b50|def|1\n|-unboost|p1a: \u8857\u6e9c\u5b50|spd|1\n|move|p2a: Garganacl|Salt Cure|p1a: \u8857\u6e9c\u5b50\n|-resisted|p1a: \u8857\u6e9c\u5b50\n|-damage|p1a: \u8857\u6e9c\u5b50|60\/100\n|-start|p1a: \u8857\u6e9c\u5b50|Salt Cure\n|\n|-heal|p2a: Garganacl|31\/100|[from] item: Leftovers\n|-damage|p1a: \u8857\u6e9c\u5b50|48\/100|[from] Salt Cure\n|upkeep\n|turn|15\n|\n|t:|1700433865\n|move|p1a: \u8857\u6e9c\u5b50|U-turn|p2a: Garganacl\n|-damage|p2a: Garganacl|18\/100\n|\n|t:|1700433869\n|switch|p1a: \u70ae\u7070\u4e00\u59d0|Hatterene, F, shiny|100\/100|[from] U-turn\n|move|p2a: Garganacl|Salt Cure|p1a: \u70ae\u7070\u4e00\u59d0\n|-damage|p1a: \u70ae\u7070\u4e00\u59d0|84\/100\n|-start|p1a: \u70ae\u7070\u4e00\u59d0|Salt Cure\n|\n|-heal|p2a: Garganacl|24\/100|[from] item: Leftovers\n|-heal|p1a: \u70ae\u7070\u4e00\u59d0|90\/100|[from] item: Leftovers\n|-damage|p1a: \u70ae\u7070\u4e00\u59d0|78\/100|[from] Salt Cure\n|upkeep\n|turn|16\n|\n|t:|1700433883\n|move|p2a: Garganacl|Recover|p2a: Garganacl\n|-heal|p2a: Garganacl|74\/100\n|move|p1a: \u70ae\u7070\u4e00\u59d0|Psychic|p2a: Garganacl\n|-damage|p2a: Garganacl|29\/100\n|\n|-heal|p2a: Garganacl|35\/100|[from] item: Leftovers\n|-heal|p1a: \u70ae\u7070\u4e00\u59d0|84\/100|[from] item: Leftovers\n|-damage|p1a: \u70ae\u7070\u4e00\u59d0|72\/100|[from] Salt Cure\n|upkeep\n|turn|17\n|\n|t:|1700433893\n|move|p2a: Garganacl|Recover|p2a: Garganacl\n|-heal|p2a: Garganacl|85\/100\n|move|p1a: \u70ae\u7070\u4e00\u59d0|Psychic|p2a: Garganacl\n|-damage|p2a: Garganacl|36\/100\n|\n|-heal|p2a: Garganacl|43\/100|[from] item: Leftovers\n|-heal|p1a: \u70ae\u7070\u4e00\u59d0|78\/100|[from] item: Leftovers\n|-damage|p1a: \u70ae\u7070\u4e00\u59d0|66\/100|[from] Salt Cure\n|upkeep\n|turn|18\n|\n|t:|1700433904\n|move|p2a: Garganacl|Recover|p2a: Garganacl\n|-heal|p2a: Garganacl|93\/100\n|move|p1a: \u70ae\u7070\u4e00\u59d0|Psychic|p2a: Garganacl\n|-damage|p2a: Garganacl|43\/100\n|\n|-heal|p2a: Garganacl|49\/100|[from] item: Leftovers\n|-heal|p1a: \u70ae\u7070\u4e00\u59d0|72\/100|[from] item: Leftovers\n|-damage|p1a: \u70ae\u7070\u4e00\u59d0|59\/100|[from] Salt Cure\n|upkeep\n|turn|19\n|\n|t:|1700433914\n|move|p2a: Garganacl|Recover|p2a: Garganacl\n|-heal|p2a: Garganacl|99\/100\n|move|p1a: \u70ae\u7070\u4e00\u59d0|Psychic|p2a: Garganacl\n|-damage|p2a: Garganacl|45\/100\n|\n|-heal|p2a: Garganacl|51\/100|[from] item: Leftovers\n|-heal|p1a: \u70ae\u7070\u4e00\u59d0|65\/100|[from] item: Leftovers\n|-damage|p1a: \u70ae\u7070\u4e00\u59d0|53\/100|[from] Salt Cure\n|upkeep\n|turn|20\n|\n|t:|1700433927\n|move|p2a: Garganacl|Recover|p2a: Garganacl\n|-heal|p2a: Garganacl|100\/100\n|move|p1a: \u70ae\u7070\u4e00\u59d0|Psychic|p2a: Garganacl\n|-damage|p2a: Garganacl|54\/100\n|\n|-heal|p2a: Garganacl|60\/100|[from] item: Leftovers\n|-heal|p1a: \u70ae\u7070\u4e00\u59d0|59\/100|[from] item: Leftovers\n|-damage|p1a: \u70ae\u7070\u4e00\u59d0|47\/100|[from] Salt Cure\n|upkeep\n|turn|21\n|\n|t:|1700433938\n|move|p2a: Garganacl|Recover|p2a: Garganacl\n|-heal|p2a: Garganacl|100\/100\n|move|p1a: \u70ae\u7070\u4e00\u59d0|Trick Room|p1a: \u70ae\u7070\u4e00\u59d0\n|-fieldstart|move: Trick Room|[of] p1a: \u70ae\u7070\u4e00\u59d0\n|\n|-heal|p1a: \u70ae\u7070\u4e00\u59d0|53\/100|[from] item: Leftovers\n|-damage|p1a: \u70ae\u7070\u4e00\u59d0|40\/100|[from] Salt Cure\n|upkeep\n|turn|22\n|\n|t:|1700433950\n|move|p1a: \u70ae\u7070\u4e00\u59d0|Healing Wish|p1a: \u70ae\u7070\u4e00\u59d0\n|faint|p1a: \u70ae\u7070\u4e00\u59d0\n|move|p2a: Garganacl|Salt Cure|p1: \u70ae\u7070\u4e00\u59d0|[notarget]\n|-fail|p2a: Garganacl\n|\n|upkeep\n|\n|t:|1700433956\n|switch|p1a: \u6551\u573a\u4e00\u54e5|Glastrier|100\/100\n|turn|23\n|\n|t:|1700433962\n|move|p1a: \u6551\u573a\u4e00\u54e5|Icicle Crash|p2a: Garganacl\n|-damage|p2a: Garganacl|63\/100\n|-damage|p1a: \u6551\u573a\u4e00\u54e5|91\/100|[from] item: Life Orb\n|move|p2a: Garganacl|Body Press|p1a: \u6551\u573a\u4e00\u54e5\n|-supereffective|p1a: \u6551\u573a\u4e00\u54e5\n|-damage|p1a: \u6551\u573a\u4e00\u54e5|46\/100\n|\n|-heal|p2a: Garganacl|69\/100|[from] item: Leftovers\n|upkeep\n|turn|24\n|\n|t:|1700433975\n|move|p1a: \u6551\u573a\u4e00\u54e5|Icicle Crash|p2a: Garganacl\n|-damage|p2a: Garganacl|33\/100\n|-damage|p1a: \u6551\u573a\u4e00\u54e5|36\/100|[from] item: Life Orb\n|move|p2a: Garganacl|Body Press|p1a: \u6551\u573a\u4e00\u54e5\n|-supereffective|p1a: \u6551\u573a\u4e00\u54e5\n|-damage|p1a: \u6551\u573a\u4e00\u54e5|0 fnt\n|faint|p1a: \u6551\u573a\u4e00\u54e5\n|\n|-heal|p2a: Garganacl|40\/100|[from] item: Leftovers\n|upkeep\n|\n|t:|1700433988\n|switch|p1a: \u8857\u6e9c\u5b50|Sneasler, M, shiny|48\/100\n|-heal|p1a: \u8857\u6e9c\u5b50|100\/100|[from] move: Healing Wish\n|turn|25\n|\n|t:|1700433993\n|move|p1a: \u8857\u6e9c\u5b50|Fake Out|p2a: Garganacl\n|-resisted|p2a: Garganacl\n|-damage|p2a: Garganacl|36\/100\n|cant|p2a: Garganacl|flinch\n|\n|-heal|p2a: Garganacl|42\/100|[from] item: Leftovers\n|-fieldend|move: Trick Room\n|upkeep\n|turn|26\n|\n|t:|1700434006\n|move|p1a: \u8857\u6e9c\u5b50|Close Combat|p2a: Garganacl\n|-supereffective|p2a: Garganacl\n|-damage|p2a: Garganacl|0 fnt\n|-unboost|p1a: \u8857\u6e9c\u5b50|def|1\n|-unboost|p1a: \u8857\u6e9c\u5b50|spd|1\n|faint|p2a: Garganacl\n|\n|upkeep\n|\n|t:|1700434013\n|switch|p2a: Grafaiai|Grafaiai, F|75\/100\n|turn|27\n|\n|t:|1700434018\n|move|p2a: Grafaiai|Substitute|p2a: Grafaiai\n|-start|p2a: Grafaiai|Substitute\n|-damage|p2a: Grafaiai|51\/100\n|move|p1a: \u8857\u6e9c\u5b50|Close Combat|p2a: Grafaiai\n|-end|p2a: Grafaiai|Substitute\n|-unboost|p1a: \u8857\u6e9c\u5b50|def|1\n|-unboost|p1a: \u8857\u6e9c\u5b50|spd|1\n|\n|upkeep\n|turn|28\n|\n|t:|1700434026\n|move|p2a: Grafaiai|Substitute|p2a: Grafaiai\n|-start|p2a: Grafaiai|Substitute\n|-damage|p2a: Grafaiai|26\/100\n|move|p1a: \u8857\u6e9c\u5b50|Close Combat|p2a: Grafaiai\n|-end|p2a: Grafaiai|Substitute\n|-unboost|p1a: \u8857\u6e9c\u5b50|def|1\n|-unboost|p1a: \u8857\u6e9c\u5b50|spd|1\n|\n|upkeep\n|turn|29\n|\n|t:|1700434035\n|move|p2a: Grafaiai|Gunk Shot|p1a: \u8857\u6e9c\u5b50\n|-resisted|p1a: \u8857\u6e9c\u5b50\n|-damage|p1a: \u8857\u6e9c\u5b50|0 fnt\n|faint|p1a: \u8857\u6e9c\u5b50\n|\n|win|T_in_a_Cup\n|raw|kunkeingege's rating: 1134 &rarr; <strong>1109<\/strong><br \/>(-25 for losing)\n|raw|T_in_a_Cup's rating: 1134 &rarr; <strong>1159<\/strong><br \/>(+25 for winning)\n|c|\u2606T_in_a_Cup|gg\n|l|\u2606kunkeingege\n","uploadtime":1700434054,"views":7,"p1id":"kunkeingege","p2id":"tinacup","formatid":"gen9nationaldex","rating":1109,"private":0,"password":""}