{"id":"gen9nationaldex-2000164493","p1":"Celestia Ion","p2":"who come","format":"[Gen 9] National Dex","log":"|html|<div class=\"broadcast-blue\"><strong>[Gen 9] National Dex is currently suspecting Sneasler! For information on how to participate check out the <a href=\"https:\/\/www.smogon.com\/forums\/threads\/sv-national-dex-suspect-8-just-dance.3731534\/\">suspect thread<\/a>.<\/strong><\/div>\n|j|\u203dCelestia Ion\n|j|\u2606who come\n|t:|1701165812\n|gametype|singles\n|player|p1|Celestia Ion|koga-lgpe|1173\n|player|p2|who come|cynthia|1149\n|teamsize|p1|6\n|teamsize|p2|6\n|gen|9\n|tier|[Gen 9] National Dex\n|rated|\n|rule|HP Percentage Mod: HP is shown in percentages\n|rule|Endless Battle Clause: Forcing endless battles is banned\n|rule|OHKO Clause: OHKO moves are banned\n|rule|Evasion Clause: Evasion abilities, items, and moves are banned\n|rule|Evasion Abilities Clause: Evasion abilities are banned\n|rule|Evasion Items Clause: Evasion items are banned\n|rule|Evasion Moves Clause: Evasion moves are banned\n|rule|Species Clause: Limit one of each Pok\u00e9mon\n|rule|Sleep Clause Mod: Limit one foe put to sleep\n|clearpoke\n|poke|p1|Corviknight, M|\n|poke|p1|Garchomp, M|\n|poke|p1|Kommo-o, F|\n|poke|p1|Swellow, M|\n|poke|p1|Togekiss, F|\n|poke|p1|Ursaluna, M|\n|poke|p2|Sneasler, F|\n|poke|p2|Heatran, M|\n|poke|p2|Landorus-Therian, M|\n|poke|p2|Alomomola, F|\n|poke|p2|Ninetales-Alola, F|\n|poke|p2|Chansey, F|\n|teampreview\n|inactive|Battle timer is ON: inactive players will automatically lose when time's up. (requested by who come)\n|\n|t:|1701165827\n|start\n|switch|p1a: Swellow|Swellow, M|100\/100\n|switch|p2a: Ninetales|Ninetales-Alola, F, shiny|100\/100\n|-weather|Snow|[from] ability: Snow Warning|[of] p2a: Ninetales\n|turn|1\n|\n|t:|1701165834\n|move|p1a: Swellow|Heat Wave|p2a: Ninetales\n|-supereffective|p2a: Ninetales\n|-damage|p2a: Ninetales|30\/100\n|move|p2a: Ninetales|Freeze-Dry|p1a: Swellow\n|-supereffective|p1a: Swellow\n|-damage|p1a: Swellow|1\/100\n|\n|-weather|Snow|[upkeep]\n|upkeep\n|turn|2\n|\n|t:|1701165845\n|switch|p2a: Alomomola|Alomomola, F, shiny|100\/100\n|move|p1a: Swellow|Heat Wave|p2a: Alomomola|[miss]\n|-miss|p1a: Swellow|p2a: Alomomola\n|\n|-weather|Snow|[upkeep]\n|upkeep\n|turn|3\n|\n|t:|1701165852\n|switch|p1a: Togekiss|Togekiss, F, shiny|100\/100\n|move|p2a: Alomomola|Toxic|p1a: Togekiss|[miss]\n|-miss|p2a: Alomomola|p1a: Togekiss\n|\n|-weather|Snow|[upkeep]\n|upkeep\n|turn|4\n|\n|t:|1701165862\n|switch|p2a: Chansey|Chansey, F, shiny|100\/100\n|move|p1a: Togekiss|Air Slash|p2a: Chansey\n|-damage|p2a: Chansey|92\/100\n|\n|-weather|Snow|[upkeep]\n|upkeep\n|turn|5\n|\n|t:|1701165871\n|switch|p1a: Swellow|Swellow, M|1\/100\n|move|p2a: Chansey|Toxic|p1a: Swellow\n|-status|p1a: Swellow|tox\n|\n|-weather|none\n|-damage|p1a: Swellow|0 fnt|[from] psn\n|faint|p1a: Swellow\n|upkeep\n|\n|t:|1701165880\n|switch|p1a: Kommo-o|Kommo-o, F, shiny|100\/100\n|turn|6\n|\n|t:|1701165886\n|switch|p2a: Landorus|Landorus-Therian, M|100\/100\n|-ability|p2a: Landorus|Intimidate|boost\n|-unboost|p1a: Kommo-o|atk|1\n|move|p1a: Kommo-o|Hidden Power|p2a: Landorus\n|-damage|p2a: Landorus|80\/100\n|\n|upkeep\n|turn|7\n|\n|t:|1701165899\n|move|p2a: Landorus|Earthquake|p1a: Kommo-o\n|-damage|p1a: Kommo-o|49\/100\n|-zpower|p1a: Kommo-o\n|move|p1a: Kommo-o|Clangorous Soulblaze|p2a: Landorus|[zeffect]\n|-damage|p2a: Landorus|0 fnt\n|faint|p2a: Landorus\n|-boost|p1a: Kommo-o|atk|1\n|-boost|p1a: Kommo-o|def|1\n|-boost|p1a: Kommo-o|spa|1\n|-boost|p1a: Kommo-o|spd|1\n|-boost|p1a: Kommo-o|spe|1\n|\n|upkeep\n|\n|t:|1701165914\n|switch|p2a: Sneasler|Sneasler, F|100\/100\n|turn|8\n|\n|t:|1701165922\n|move|p2a: Sneasler|Fake Out|p1a: Kommo-o\n|-enditem|p2a: Sneasler|Normal Gem|[from] gem\n|-damage|p1a: Kommo-o|36\/100\n|cant|p1a: Kommo-o|flinch\n|\n|upkeep\n|turn|9\n|\n|t:|1701165935\n|-terastallize|p2a: Sneasler|Grass\n|move|p2a: Sneasler|Close Combat|p1a: Kommo-o\n|-damage|p1a: Kommo-o|0 fnt\n|-unboost|p2a: Sneasler|def|1\n|-unboost|p2a: Sneasler|spd|1\n|faint|p1a: Kommo-o\n|\n|upkeep\n|\n|t:|1701165941\n|switch|p1a: Togekiss|Togekiss, F, shiny|100\/100\n|turn|10\n|\n|t:|1701165945\n|move|p2a: Sneasler|Dire Claw|p1a: Togekiss\n|-supereffective|p1a: Togekiss\n|-damage|p1a: Togekiss|2\/100\n|move|p1a: Togekiss|Air Slash|p2a: Sneasler\n|-supereffective|p2a: Sneasler\n|-damage|p2a: Sneasler|0 fnt\n|faint|p2a: Sneasler\n|\n|upkeep\n|\n|t:|1701165957\n|switch|p2a: Heatran|Heatran, M|100\/100\n|turn|11\n|\n|t:|1701165961\n|switch|p1a: Ursaluna|Ursaluna, M|100\/100\n|move|p2a: Heatran|Eruption|p1a: Ursaluna\n|-damage|p1a: Ursaluna|24\/100\n|\n|-status|p1a: Ursaluna|brn|[from] item: Flame Orb\n|upkeep\n|turn|12\n|\n|t:|1701165968\n|move|p2a: Heatran|Eruption|p1a: Ursaluna\n|-damage|p1a: Ursaluna|0 fnt\n|faint|p1a: Ursaluna\n|\n|upkeep\n|\n|t:|1701165973\n|switch|p1a: Garchomp|Garchomp, M, shiny|100\/100\n|turn|13\n|\n|t:|1701165983\n|switch|p2a: Alomomola|Alomomola, F, shiny|100\/100\n|move|p1a: Garchomp|Swords Dance|p1a: Garchomp\n|-boost|p1a: Garchomp|atk|2\n|\n|upkeep\n|turn|14\n|\n|t:|1701165989\n|detailschange|p1a: Garchomp|Garchomp-Mega, M, shiny\n|-mega|p1a: Garchomp|Garchomp|Garchompite\n|move|p1a: Garchomp|Scale Shot|p2a: Alomomola\n|-damage|p2a: Alomomola|85\/100\n|-damage|p2a: Alomomola|67\/100\n|-hitcount|p2a: Alomomola|2\n|-unboost|p1a: Garchomp|def|1\n|-boost|p1a: Garchomp|spe|1\n|move|p2a: Alomomola|Toxic|p1a: Garchomp\n|-status|p1a: Garchomp|tox\n|\n|-damage|p1a: Garchomp|94\/100 tox|[from] psn\n|upkeep\n|turn|15\n|\n|t:|1701166002\n|move|p2a: Alomomola|Wish|p2a: Alomomola\n|move|p1a: Garchomp|Dragon Tail|p2a: Alomomola\n|-damage|p2a: Alomomola|28\/100\n|-damage|p1a: Garchomp|78\/100 tox|[from] item: Rocky Helmet|[of] p2a: Alomomola\n|drag|p2a: Ninetales|Ninetales-Alola, F, shiny|30\/100\n|-weather|Snow|[from] ability: Snow Warning|[of] p2a: Ninetales\n|\n|-weather|Snow|[upkeep]\n|-damage|p1a: Garchomp|65\/100 tox|[from] psn\n|upkeep\n|turn|16\n|\n|t:|1701166017\n|move|p1a: Garchomp|Iron Head|p2a: Ninetales\n|-supereffective|p2a: Ninetales\n|-damage|p2a: Ninetales|0 fnt\n|faint|p2a: Ninetales\n|\n|-weather|Snow|[upkeep]\n|-damage|p1a: Garchomp|47\/100 tox|[from] psn\n|upkeep\n|\n|t:|1701166028\n|switch|p2a: Alomomola|Alomomola, F, shiny|62\/100\n|turn|17\n|\n|t:|1701166035\n|move|p2a: Alomomola|Wish|p2a: Alomomola\n|move|p1a: Garchomp|Dragon Tail|p2a: Alomomola\n|-damage|p2a: Alomomola|23\/100\n|-damage|p1a: Garchomp|30\/100 tox|[from] item: Rocky Helmet|[of] p2a: Alomomola\n|drag|p2a: Chansey|Chansey, F, shiny|92\/100\n|\n|-weather|Snow|[upkeep]\n|-damage|p1a: Garchomp|6\/100 tox|[from] psn\n|upkeep\n|turn|18\n|\n|t:|1701166044\n|move|p2a: Chansey|Protect|p2a: Chansey\n|-singleturn|p2a: Chansey|Protect\n|move|p1a: Garchomp|Scale Shot|p2a: Chansey\n|-activate|p2a: Chansey|move: Protect\n|\n|-weather|Snow|[upkeep]\n|-heal|p2a: Chansey|100\/100|[from] move: Wish|[wisher] Alomomola\n|-damage|p1a: Garchomp|0 fnt|[from] psn\n|faint|p1a: Garchomp\n|upkeep\n|\n|t:|1701166049\n|switch|p1a: Corviknight|Corviknight, M, shiny|100\/100\n|turn|19\n|\n|t:|1701166058\n|switch|p2a: Alomomola|Alomomola, F, shiny|56\/100\n|move|p1a: Corviknight|Iron Defense|p1a: Corviknight\n|-boost|p1a: Corviknight|def|2\n|\n|-weather|none\n|upkeep\n|turn|20\n|\n|t:|1701166065\n|move|p2a: Alomomola|Wish|p2a: Alomomola\n|move|p1a: Corviknight|Iron Defense|p1a: Corviknight\n|-boost|p1a: Corviknight|def|2\n|\n|upkeep\n|turn|21\n|\n|t:|1701166075\n|move|p2a: Alomomola|Flip Turn|p1a: Corviknight\n|-damage|p1a: Corviknight|96\/100\n|\n|t:|1701166079\n|switch|p2a: Heatran|Heatran, M|100\/100|[from] Flip Turn\n|move|p1a: Corviknight|Iron Defense|p1a: Corviknight\n|-boost|p1a: Corviknight|def|2\n|\n|-heal|p1a: Corviknight|100\/100|[from] item: Leftovers\n|upkeep\n|turn|22\n|inactive|Celestia Ion has 120 seconds left.\n|c|\u2606who come|gg\n|\n|t:|1701166118\n|-terastallize|p1a: Corviknight|Ground\n|move|p2a: Heatran|Eruption|p1a: Corviknight\n|-damage|p1a: Corviknight|29\/100\n|move|p1a: Corviknight|Nasty Plot|p1a: Corviknight\n|-boost|p1a: Corviknight|spa|2\n|\n|-heal|p1a: Corviknight|35\/100|[from] item: Leftovers\n|upkeep\n|turn|23\n|inactive|Celestia Ion has 120 seconds left.\n|\n|t:|1701166127\n|move|p2a: Heatran|Eruption|p1a: Corviknight\n|-damage|p1a: Corviknight|0 fnt\n|faint|p1a: Corviknight\n|\n|upkeep\n|\n|t:|1701166131\n|switch|p1a: Togekiss|Togekiss, F, shiny|2\/100\n|turn|24\n|\n|t:|1701166134\n|move|p1a: Togekiss|Air Slash|p2a: Heatran\n|-resisted|p2a: Heatran\n|-damage|p2a: Heatran|82\/100\n|cant|p2a: Heatran|flinch\n|\n|upkeep\n|turn|25\n|\n|t:|1701166139\n|move|p1a: Togekiss|Air Slash|p2a: Heatran\n|-resisted|p2a: Heatran\n|-damage|p2a: Heatran|63\/100\n|cant|p2a: Heatran|flinch\n|\n|upkeep\n|turn|26\n|\n|t:|1701166145\n|move|p1a: Togekiss|Air Slash|p2a: Heatran\n|-resisted|p2a: Heatran\n|-damage|p2a: Heatran|46\/100\n|move|p2a: Heatran|Eruption|p1a: Togekiss\n|-damage|p1a: Togekiss|0 fnt\n|faint|p1a: Togekiss\n|\n|win|who come\n|raw|Celestia Ion's rating: 1173 &rarr; <strong>1146<\/strong><br \/>(-27 for losing)\n|raw|who come's rating: 1149 &rarr; <strong>1176<\/strong><br \/>(+27 for winning)\n|l|\u2606who come\n","uploadtime":1701166158,"views":1,"p1id":"celestiaion","p2id":"whocome","formatid":"gen9nationaldex","rating":1146,"private":0,"password":""}