{"id":"gen9nationaldex-1991608985","p1":"FirstStageofGrief","p2":"wolfgang Ni","format":"[Gen 9] National Dex","log":"|j|\u2606FirstStageofGrief\n|j|\u2606wolfgang Ni\n|t:|1700093786\n|gametype|singles\n|player|p1|FirstStageofGrief|shelly|1155\n|player|p2|wolfgang Ni|biker-gen4|1143\n|teamsize|p1|6\n|teamsize|p2|6\n|gen|9\n|tier|[Gen 9] National Dex\n|rated|\n|rule|HP Percentage Mod: HP is shown in percentages\n|rule|Endless Battle Clause: Forcing endless battles is banned\n|rule|OHKO Clause: OHKO moves are banned\n|rule|Evasion Clause: Evasion abilities, items, and moves are banned\n|rule|Evasion Abilities Clause: Evasion abilities are banned\n|rule|Evasion Items Clause: Evasion items are banned\n|rule|Evasion Moves Clause: Evasion moves are banned\n|rule|Species Clause: Limit one of each Pok\u00e9mon\n|rule|Sleep Clause Mod: Limit one foe put to sleep\n|clearpoke\n|poke|p1|Arcanine, F|\n|poke|p1|Empoleon, M|\n|poke|p1|Lucario, M|\n|poke|p1|Dragonite, F|\n|poke|p1|Audino, F|\n|poke|p1|Alcremie, F|\n|poke|p2|Kingdra, F|\n|poke|p2|Cradily, F|\n|poke|p2|Aegislash, F|\n|poke|p2|Talonflame, F|\n|poke|p2|Eelektross, M|\n|poke|p2|Gallade, M|\n|teampreview\n|\n|t:|1700093813\n|start\n|switch|p1a: Arcanine|Arcanine, F|100\/100\n|switch|p2a: Cradily|Cradily, F, shiny|100\/100\n|turn|1\n|\n|t:|1700093865\n|move|p1a: Arcanine|Flame Charge|p2a: Cradily\n|-damage|p2a: Cradily|82\/100\n|-boost|p1a: Arcanine|spe|1\n|move|p2a: Cradily|Stealth Rock|p1a: Arcanine\n|-sidestart|p1: FirstStageofGrief|move: Stealth Rock\n|\n|upkeep\n|turn|2\n|\n|t:|1700093873\n|move|p1a: Arcanine|Body Slam|p2a: Cradily\n|-resisted|p2a: Cradily\n|-crit|p2a: Cradily\n|-damage|p2a: Cradily|67\/100\n|move|p2a: Cradily|Toxic|p1a: Arcanine\n|-status|p1a: Arcanine|tox\n|\n|-damage|p1a: Arcanine|94\/100 tox|[from] psn\n|upkeep\n|turn|3\n|\n|t:|1700093919\n|move|p1a: Arcanine|Raging Fury|p2a: Cradily\n|-damage|p2a: Cradily|22\/100\n|move|p2a: Cradily|Leech Seed|p1a: Arcanine\n|-start|p1a: Arcanine|move: Leech Seed\n|\n|-damage|p1a: Arcanine|82\/100 tox|[from] Leech Seed|[of] p2a: Cradily\n|-heal|p2a: Cradily|37\/100|[silent]\n|-damage|p1a: Arcanine|69\/100 tox|[from] psn\n|upkeep\n|turn|4\n|\n|t:|1700093945\n|switch|p2a: Kingdra|Kingdra, F|100\/100\n|move|p1a: Arcanine|Raging Fury|p2a: Kingdra|[from]lockedmove\n|-resisted|p2a: Kingdra\n|-damage|p2a: Kingdra|84\/100\n|\n|-damage|p1a: Arcanine|57\/100 tox|[from] Leech Seed|[of] p2a: Kingdra\n|-heal|p2a: Kingdra|98\/100|[silent]\n|-damage|p1a: Arcanine|38\/100 tox|[from] psn\n|upkeep\n|turn|5\n|\n|t:|1700093956\n|move|p1a: Arcanine|Raging Fury|p2a: Kingdra|[from]lockedmove\n|-resisted|p2a: Kingdra\n|-damage|p2a: Kingdra|83\/100\n|-start|p1a: Arcanine|confusion|[fatigue]\n|move|p2a: Kingdra|Dragon Dance|p2a: Kingdra\n|-boost|p2a: Kingdra|atk|1\n|-boost|p2a: Kingdra|spe|1\n|\n|-damage|p1a: Arcanine|26\/100 tox|[from] Leech Seed|[of] p2a: Kingdra\n|-heal|p2a: Kingdra|96\/100|[silent]\n|-damage|p1a: Arcanine|1\/100 tox|[from] psn\n|upkeep\n|turn|6\n|\n|t:|1700093969\n|-activate|p1a: Arcanine|confusion\n|-damage|p1a: Arcanine|0 fnt|[from] confusion\n|faint|p1a: Arcanine\n|move|p2a: Kingdra|Dragon Dance|p2a: Kingdra\n|-boost|p2a: Kingdra|atk|1\n|-boost|p2a: Kingdra|spe|1\n|\n|upkeep\n|\n|t:|1700093979\n|switch|p1a: Empoleon|Empoleon, M|100\/100\n|-damage|p1a: Empoleon|94\/100|[from] Stealth Rock\n|turn|7\n|\n|t:|1700094003\n|move|p2a: Kingdra|Dragon Dance|p2a: Kingdra\n|-boost|p2a: Kingdra|atk|1\n|-boost|p2a: Kingdra|spe|1\n|move|p1a: Empoleon|Iron Defense|p1a: Empoleon\n|-boost|p1a: Empoleon|def|2\n|\n|upkeep\n|turn|8\n|\n|t:|1700094034\n|move|p2a: Kingdra|Dragon Dance|p2a: Kingdra\n|-boost|p2a: Kingdra|atk|1\n|-boost|p2a: Kingdra|spe|1\n|move|p1a: Empoleon|Iron Defense|p1a: Empoleon\n|-boost|p1a: Empoleon|def|2\n|\n|upkeep\n|turn|9\n|\n|t:|1700094047\n|move|p2a: Kingdra|Breaking Swipe|p1a: Empoleon\n|-resisted|p1a: Empoleon\n|-damage|p1a: Empoleon|82\/100\n|-unboost|p1a: Empoleon|atk|1\n|-ability|p1a: Empoleon|Competitive|boost\n|-boost|p1a: Empoleon|spa|2\n|move|p1a: Empoleon|Flash Cannon|p2a: Kingdra\n|-resisted|p2a: Kingdra\n|-damage|p2a: Kingdra|47\/100\n|\n|upkeep\n|turn|10\n|\n|t:|1700094078\n|-terastallize|p2a: Kingdra|Water\n|move|p2a: Kingdra|Liquidation|p1a: Empoleon\n|-resisted|p1a: Empoleon\n|-damage|p1a: Empoleon|57\/100\n|move|p1a: Empoleon|Flash Cannon|p2a: Kingdra\n|-resisted|p2a: Kingdra\n|-damage|p2a: Kingdra|2\/100\n|\n|upkeep\n|turn|11\n|\n|t:|1700094088\n|move|p2a: Kingdra|Ice Beam|p1a: Empoleon\n|-resisted|p1a: Empoleon\n|-damage|p1a: Empoleon|53\/100\n|move|p1a: Empoleon|Flash Cannon|p2a: Kingdra\n|-resisted|p2a: Kingdra\n|-damage|p2a: Kingdra|0 fnt\n|faint|p2a: Kingdra\n|\n|upkeep\n|\n|t:|1700094096\n|switch|p2a: Cradily|Cradily, F, shiny|37\/100\n|turn|12\n|\n|t:|1700094118\n|move|p1a: Empoleon|Flash Cannon|p2a: Cradily\n|-supereffective|p2a: Cradily\n|-damage|p2a: Cradily|0 fnt\n|faint|p2a: Cradily\n|\n|upkeep\n|\n|t:|1700094126\n|switch|p2a: Eelektross|Eelektross, M|100\/100\n|turn|13\n|\n|t:|1700094138\n|move|p1a: Empoleon|Surf|p2a: Eelektross\n|-crit|p2a: Eelektross\n|-damage|p2a: Eelektross|0 fnt\n|faint|p2a: Eelektross\n|\n|upkeep\n|\n|t:|1700094150\n|switch|p2a: Gallade|Gallade, M|100\/100\n|turn|14\n|\n|t:|1700094175\n|detailschange|p2a: Gallade|Gallade-Mega, M\n|-mega|p2a: Gallade|Gallade|Galladite\n|move|p2a: Gallade|Drain Punch|p1a: Empoleon\n|-supereffective|p1a: Empoleon\n|-damage|p1a: Empoleon|23\/100\n|-enditem|p1a: Empoleon|Weakness Policy\n|-boost|p1a: Empoleon|atk|2|[from] item: Weakness Policy\n|-boost|p1a: Empoleon|spa|2|[from] item: Weakness Policy\n|move|p1a: Empoleon|Surf|p2a: Gallade\n|-damage|p2a: Gallade|0 fnt\n|faint|p2a: Gallade\n|\n|upkeep\n|\n|t:|1700094187\n|switch|p2a: Aegislash|Aegislash, F|100\/100\n|turn|15\n|\n|t:|1700094195\n|move|p2a: Aegislash|King's Shield|p2a: Aegislash\n|-singleturn|p2a: Aegislash|Protect\n|move|p1a: Empoleon|Surf|p2a: Aegislash\n|-activate|p2a: Aegislash|move: Protect\n|\n|upkeep\n|turn|16\n|\n|t:|1700094202\n|-formechange|p2a: Aegislash|Aegislash-Blade||[from] ability: Stance Change\n|move|p2a: Aegislash|Brick Break|p1a: Empoleon\n|-supereffective|p1a: Empoleon\n|-damage|p1a: Empoleon|7\/100\n|move|p1a: Empoleon|Surf|p2a: Aegislash\n|-damage|p2a: Aegislash|0 fnt\n|faint|p2a: Aegislash\n|\n|upkeep\n|\n|t:|1700094211\n|switch|p2a: Talonflame|Talonflame, F|100\/100\n|turn|17\n|\n|t:|1700094214\n|move|p2a: Talonflame|Acrobatics|p1a: Empoleon\n|-resisted|p1a: Empoleon\n|-damage|p1a: Empoleon|1\/100\n|move|p1a: Empoleon|Surf|p2a: Talonflame\n|-supereffective|p2a: Talonflame\n|-damage|p2a: Talonflame|0 fnt\n|faint|p2a: Talonflame\n|\n|win|FirstStageofGrief\n|raw|FirstStageofGrief's rating: 1155 &rarr; <strong>1179<\/strong><br \/>(+24 for winning)\n|raw|wolfgang Ni's rating: 1143 &rarr; <strong>1119<\/strong><br \/>(-24 for losing)\n|c|\u2606FirstStageofGrief|gg\n","uploadtime":1700094225,"views":5,"p1id":"firststageofgrief","p2id":"wolfgangni","formatid":"gen9nationaldex","rating":1119,"private":0,"password":""}