{"id":"gen9nationaldex-1995497691","p1":"austinsemple","p2":"NotGeeta101","format":"[Gen 9] National Dex","log":"|html|<div class=\"broadcast-blue\"><strong>[Gen 9] National Dex is currently suspecting Sneasler! For information on how to participate check out the <a href=\"https:\/\/www.smogon.com\/forums\/threads\/sv-national-dex-suspect-8-just-dance.3731534\/\">suspect thread<\/a>.<\/strong><\/div>\n|j|\u2606austinsemple\n|j|\u2606NotGeeta101\n|t:|1700577221\n|gametype|singles\n|player|p1|austinsemple|blackbelt-gen4dp|\n|player|p2|NotGeeta101|101|\n|teamsize|p1|6\n|teamsize|p2|6\n|gen|9\n|tier|[Gen 9] National Dex\n|rule|HP Percentage Mod: HP is shown in percentages\n|rule|Endless Battle Clause: Forcing endless battles is banned\n|rule|OHKO Clause: OHKO moves are banned\n|rule|Evasion Clause: Evasion abilities, items, and moves are banned\n|rule|Evasion Abilities Clause: Evasion abilities are banned\n|rule|Evasion Items Clause: Evasion items are banned\n|rule|Evasion Moves Clause: Evasion moves are banned\n|rule|Species Clause: Limit one of each Pok\u00e9mon\n|rule|Sleep Clause Mod: Limit one foe put to sleep\n|clearpoke\n|poke|p1|Drednaw, M|\n|poke|p1|Garganacl, F|\n|poke|p1|Cradily, M|\n|poke|p1|Tyranitar, F|\n|poke|p1|Diancie|\n|poke|p1|Glimmora, M|\n|poke|p2|Scizor, F|\n|poke|p2|Urshifu-*, M|\n|poke|p2|Dachsbun, M|\n|poke|p2|Cinderace, F|\n|poke|p2|Glimmora, M|\n|poke|p2|Hydreigon, M|\n|teampreview\n|inactive|Battle timer is ON: inactive players will automatically lose when time's up. (requested by austinsemple)\n|\n|t:|1700577235\n|start\n|switch|p1a: Glimmora|Glimmora, M|100\/100\n|switch|p2a: Scizor|Scizor, F, shiny|100\/100\n|turn|1\n|\n|t:|1700577243\n|switch|p1a: Garganacl|Garganacl, F|100\/100\n|move|p2a: Scizor|Swords Dance|p2a: Scizor\n|-boost|p2a: Scizor|atk|2\n|\n|upkeep\n|turn|2\n|\n|t:|1700577248\n|detailschange|p2a: Scizor|Scizor-Mega, F, shiny\n|-mega|p2a: Scizor|Scizor|Scizorite\n|move|p2a: Scizor|Bullet Punch|p1a: Garganacl\n|-supereffective|p1a: Garganacl\n|-damage|p1a: Garganacl|0 fnt\n|faint|p1a: Garganacl\n|\n|upkeep\n|\n|t:|1700577254\n|switch|p1a: Tyranitar|Tyranitar, F|100\/100\n|-weather|Sandstorm|[from] ability: Sand Stream|[of] p1a: Tyranitar\n|turn|3\n|\n|t:|1700577262\n|detailschange|p1a: Tyranitar|Tyranitar-Mega, F\n|-mega|p1a: Tyranitar|Tyranitar|Tyranitarite\n|move|p1a: Tyranitar|Stone Edge|p2a: Scizor|[miss]\n|-miss|p1a: Tyranitar|p2a: Scizor\n|move|p2a: Scizor|Close Combat|p1a: Tyranitar\n|-supereffective|p1a: Tyranitar\n|-damage|p1a: Tyranitar|0 fnt\n|-unboost|p2a: Scizor|def|1\n|-unboost|p2a: Scizor|spd|1\n|faint|p1a: Tyranitar\n|\n|-weather|Sandstorm|[upkeep]\n|upkeep\n|\n|t:|1700577285\n|switch|p1a: Diancie|Diancie|100\/100\n|turn|4\n|\n|t:|1700577290\n|move|p2a: Scizor|Bullet Punch|p1a: Diancie\n|-supereffective|p1a: Diancie\n|-damage|p1a: Diancie|0 fnt\n|faint|p1a: Diancie\n|\n|-weather|Sandstorm|[upkeep]\n|upkeep\n|\n|t:|1700577292\n|switch|p1a: Drednaw|Drednaw, M|100\/100\n|turn|5\n|\n|t:|1700577297\n|move|p1a: Drednaw|Shell Smash|p1a: Drednaw\n|-unboost|p1a: Drednaw|def|1\n|-unboost|p1a: Drednaw|spd|1\n|-boost|p1a: Drednaw|atk|2\n|-boost|p1a: Drednaw|spa|2\n|-boost|p1a: Drednaw|spe|2\n|-enditem|p1a: Drednaw|White Herb\n|-clearnegativeboost|p1a: Drednaw|[silent]\n|move|p2a: Scizor|Close Combat|p1a: Drednaw\n|-supereffective|p1a: Drednaw\n|-damage|p1a: Drednaw|0 fnt\n|-unboost|p2a: Scizor|def|1\n|-unboost|p2a: Scizor|spd|1\n|faint|p1a: Drednaw\n|\n|-weather|Sandstorm|[upkeep]\n|upkeep\n|\n|t:|1700577301\n|switch|p1a: Cradily|Cradily, M|100\/100\n|turn|6\n|\n|t:|1700577306\n|-terastallize|p1a: Cradily|Fire\n|move|p2a: Scizor|Bullet Punch|p1a: Cradily\n|-resisted|p1a: Cradily\n|-damage|p1a: Cradily|74\/100\n|move|p1a: Cradily|Leech Seed|p2a: Scizor\n|-start|p2a: Scizor|move: Leech Seed\n|\n|-weather|Sandstorm|[upkeep]\n|-damage|p1a: Cradily|67\/100|[from] Sandstorm\n|-heal|p1a: Cradily|74\/100|[from] item: Leftovers\n|-damage|p2a: Scizor|88\/100|[from] Leech Seed|[of] p1a: Cradily\n|-heal|p1a: Cradily|85\/100|[silent]\n|upkeep\n|turn|7\n|\n|t:|1700577321\n|switch|p2a: Hydreigon|Hydreigon, M, shiny|100\/100\n|move|p1a: Cradily|Toxic|p2a: Hydreigon\n|-status|p2a: Hydreigon|tox\n|\n|-weather|none\n|-heal|p1a: Cradily|91\/100|[from] item: Leftovers\n|-damage|p2a: Hydreigon|94\/100 tox|[from] psn\n|upkeep\n|turn|8\n|\n|t:|1700577325\n|switch|p1a: Glimmora|Glimmora, M|100\/100\n|move|p2a: Hydreigon|Nasty Plot|p2a: Hydreigon\n|-boost|p2a: Hydreigon|spa|2\n|\n|-damage|p2a: Hydreigon|82\/100 tox|[from] psn\n|upkeep\n|turn|9\n|\n|t:|1700577330\n|move|p1a: Glimmora|Dazzling Gleam|p2a: Hydreigon\n|-supereffective|p2a: Hydreigon\n|-damage|p2a: Hydreigon|0 fnt\n|faint|p2a: Hydreigon\n|\n|upkeep\n|\n|t:|1700577334\n|switch|p2a: Scizor|Scizor-Mega, F, shiny|88\/100\n|turn|10\n|\n|t:|1700577338\n|move|p2a: Scizor|Bullet Punch|p1a: Glimmora\n|-supereffective|p1a: Glimmora\n|-damage|p1a: Glimmora|9\/100\n|-activate|p1a: Glimmora|ability: Toxic Debris\n|-sidestart|p2: NotGeeta101|move: Toxic Spikes\n|move|p1a: Glimmora|Dazzling Gleam|p2a: Scizor\n|-resisted|p2a: Scizor\n|-damage|p2a: Scizor|74\/100\n|\n|upkeep\n|turn|11\n|\n|t:|1700577340\n|move|p2a: Scizor|Bullet Punch|p1a: Glimmora\n|-supereffective|p1a: Glimmora\n|-damage|p1a: Glimmora|0 fnt\n|-activate|p1a: Glimmora|ability: Toxic Debris\n|-sidestart|p2: NotGeeta101|move: Toxic Spikes\n|faint|p1a: Glimmora\n|\n|upkeep\n|\n|t:|1700577342\n|switch|p1a: Cradily|Cradily, M, tera:Fire|91\/100\n|turn|12\n|\n|t:|1700577351\n|switch|p2a: Dachsbun|Dachsbun, M, shiny|100\/100\n|-status|p2a: Dachsbun|tox\n|move|p1a: Cradily|Leech Seed|p2a: Dachsbun\n|-start|p2a: Dachsbun|move: Leech Seed\n|\n|-heal|p1a: Cradily|97\/100|[from] item: Leftovers\n|-damage|p2a: Dachsbun|88\/100 tox|[from] Leech Seed|[of] p1a: Cradily\n|-heal|p1a: Cradily|100\/100|[silent]\n|-damage|p2a: Dachsbun|82\/100 tox|[from] psn\n|upkeep\n|turn|13\n|\n|t:|1700577356\n|move|p2a: Dachsbun|Yawn|p1a: Cradily\n|-start|p1a: Cradily|move: Yawn|[of] p2a: Dachsbun\n|move|p1a: Cradily|Recover||[still]\n|-fail|p1a: Cradily|heal\n|\n|-heal|p2a: Dachsbun|88\/100 tox|[from] item: Leftovers\n|-damage|p2a: Dachsbun|76\/100 tox|[from] Leech Seed|[of] p1a: Cradily\n|-damage|p2a: Dachsbun|64\/100 tox|[from] psn\n|upkeep\n|turn|14\n|\n|t:|1700577368\n|switch|p2a: Cinderace|Cinderace, F, shiny|100\/100\n|move|p1a: Cradily|Giga Drain|p2a: Cinderace\n|-resisted|p2a: Cinderace\n|-damage|p2a: Cinderace|85\/100\n|\n|-end|p1a: Cradily|move: Yawn|[silent]\n|-status|p1a: Cradily|slp\n|upkeep\n|turn|15\n|\n|t:|1700577373\n|move|p2a: Cinderace|Court Change|p2a: Cinderace\n|-start|p2a: Cinderace|typechange|Normal|[from] ability: Libero\n|-swapsideconditions\n|-activate|p2a: Cinderace|move: Court Change\n|cant|p1a: Cradily|slp\n|\n|upkeep\n|turn|16\n|\n|t:|1700577379\n|move|p2a: Cinderace|U-turn|p1a: Cradily\n|-resisted|p1a: Cradily\n|-damage|p1a: Cradily|92\/100 slp\n|\n|t:|1700577383\n|switch|p2a: Urshifu|Urshifu-Rapid-Strike, M|100\/100|[from] U-turn\n|-curestatus|p1a: Cradily|slp|[msg]\n|move|p1a: Cradily|Leech Seed|p2a: Urshifu\n|-start|p2a: Urshifu|move: Leech Seed\n|\n|-heal|p1a: Cradily|98\/100|[from] item: Leftovers\n|-damage|p2a: Urshifu|88\/100|[from] Leech Seed|[of] p1a: Cradily\n|-heal|p1a: Cradily|100\/100|[silent]\n|upkeep\n|turn|17\n|\n|t:|1700577391\n|move|p2a: Urshifu|Close Combat|p1a: Cradily\n|-damage|p1a: Cradily|52\/100\n|-unboost|p2a: Urshifu|def|1\n|-unboost|p2a: Urshifu|spd|1\n|move|p1a: Cradily|Giga Drain|p2a: Urshifu\n|-supereffective|p2a: Urshifu\n|-damage|p2a: Urshifu|0 fnt\n|-heal|p1a: Cradily|92\/100|[from] drain|[of] p2a: Urshifu\n|faint|p2a: Urshifu\n|\n|-heal|p1a: Cradily|99\/100|[from] item: Leftovers\n|upkeep\n|\n|t:|1700577398\n|switch|p2a: Glimmora|Glimmora, M, shiny|100\/100\n|turn|18\n|\n|t:|1700577401\n|move|p2a: Glimmora|Earth Power|p1a: Cradily\n|-supereffective|p1a: Cradily\n|-damage|p1a: Cradily|56\/100\n|move|p1a: Cradily|Leech Seed|p2a: Glimmora\n|-start|p2a: Glimmora|move: Leech Seed\n|\n|-heal|p1a: Cradily|62\/100|[from] item: Leftovers\n|-damage|p2a: Glimmora|88\/100|[from] Leech Seed|[of] p1a: Cradily\n|-heal|p1a: Cradily|72\/100|[silent]\n|upkeep\n|turn|19\n|\n|t:|1700577406\n|move|p2a: Glimmora|Mortal Spin|p1a: Cradily\n|-damage|p1a: Cradily|65\/100\n|-status|p1a: Cradily|psn\n|-end|p2a: Glimmora|Leech Seed|[from] move: Mortal Spin|[of] p2a: Glimmora\n|move|p1a: Cradily|Giga Drain|p2a: Glimmora\n|-damage|p2a: Glimmora|56\/100\n|-heal|p1a: Cradily|78\/100 psn|[from] drain|[of] p2a: Glimmora\n|\n|-heal|p1a: Cradily|84\/100 psn|[from] item: Leftovers\n|-damage|p1a: Cradily|72\/100 psn|[from] psn\n|upkeep\n|turn|20\n|\n|t:|1700577410\n|move|p2a: Glimmora|Earth Power|p1a: Cradily\n|-supereffective|p1a: Cradily\n|-damage|p1a: Cradily|35\/100 psn\n|move|p1a: Cradily|Leech Seed|p2a: Glimmora\n|-start|p2a: Glimmora|move: Leech Seed\n|\n|-heal|p1a: Cradily|42\/100 psn|[from] item: Leftovers\n|-damage|p2a: Glimmora|43\/100|[from] Leech Seed|[of] p1a: Cradily\n|-heal|p1a: Cradily|52\/100 psn|[silent]\n|-damage|p1a: Cradily|39\/100 psn|[from] psn\n|upkeep\n|turn|21\n|\n|t:|1700577416\n|move|p2a: Glimmora|Earth Power|p1a: Cradily\n|-supereffective|p1a: Cradily\n|-damage|p1a: Cradily|3\/100 psn\n|move|p1a: Cradily|Giga Drain|p2a: Glimmora\n|-damage|p2a: Glimmora|14\/100\n|-heal|p1a: Cradily|15\/100 psn|[from] drain|[of] p2a: Glimmora\n|\n|-heal|p1a: Cradily|22\/100 psn|[from] item: Leftovers\n|-damage|p2a: Glimmora|1\/100|[from] Leech Seed|[of] p1a: Cradily\n|-heal|p1a: Cradily|32\/100 psn|[silent]\n|-damage|p1a: Cradily|19\/100 psn|[from] psn\n|upkeep\n|turn|22\n|\n|t:|1700577422\n|move|p2a: Glimmora|Earth Power|p1a: Cradily\n|-supereffective|p1a: Cradily\n|-damage|p1a: Cradily|0 fnt\n|faint|p1a: Cradily\n|\n|win|NotGeeta101\n","uploadtime":1700577425,"views":19,"p1id":"austinsemple","p2id":"notgeeta101","formatid":"gen9nationaldex","rating":0,"private":0,"password":""}