{"id":"gen9nationaldex-1991636281","p1":"Sencopion","p2":"Jarl_jake","format":"[Gen 9] National Dex","log":"|j|\u2606Sencopion\n|j|\u2606Jarl_jake\n|t:|1700096865\n|gametype|singles\n|player|p1|Sencopion|roxie|1442\n|player|p2|Jarl_jake|red|1490\n|teamsize|p1|6\n|teamsize|p2|6\n|gen|9\n|tier|[Gen 9] National Dex\n|rated|\n|rule|HP Percentage Mod: HP is shown in percentages\n|rule|Endless Battle Clause: Forcing endless battles is banned\n|rule|OHKO Clause: OHKO moves are banned\n|rule|Evasion Clause: Evasion abilities, items, and moves are banned\n|rule|Evasion Abilities Clause: Evasion abilities are banned\n|rule|Evasion Items Clause: Evasion items are banned\n|rule|Evasion Moves Clause: Evasion moves are banned\n|rule|Species Clause: Limit one of each Pok\u00e9mon\n|rule|Sleep Clause Mod: Limit one foe put to sleep\n|clearpoke\n|poke|p1|Volcanion|\n|poke|p1|Greninja-*, M|\n|poke|p1|Maushold|\n|poke|p1|Garchomp, F|\n|poke|p1|Heatran, M|\n|poke|p1|Corviknight, F|\n|poke|p2|Ninetales-Alola, F|\n|poke|p2|Serperior, F|\n|poke|p2|Salamence, M|\n|poke|p2|Blaziken, M|\n|poke|p2|Blastoise, F|\n|poke|p2|Grimmsnarl, M|\n|teampreview\n|inactive|Battle timer is ON: inactive players will automatically lose when time's up. (requested by Sencopion)\n|\n|t:|1700096880\n|start\n|switch|p1a: Maushold|Maushold|100\/100\n|switch|p2a: Grendel|Grimmsnarl, M, shiny|100\/100\n|turn|1\n|\n|t:|1700096887\n|move|p2a: Grendel|Thunder Wave|p1a: Maushold\n|-status|p1a: Maushold|par\n|move|p1a: Maushold|Encore|p2a: Grendel\n|-start|p2a: Grendel|Encore\n|\n|upkeep\n|turn|2\n|\n|t:|1700096909\n|switch|p2a: Paarthurnax|Salamence, M, shiny|100\/100\n|move|p1a: Maushold|Population Bomb|p2a: Paarthurnax\n|-damage|p2a: Paarthurnax|88\/100\n|-damage|p2a: Paarthurnax|73\/100\n|-damage|p2a: Paarthurnax|59\/100\n|-damage|p2a: Paarthurnax|46\/100\n|-damage|p2a: Paarthurnax|31\/100\n|-damage|p2a: Paarthurnax|18\/100\n|-damage|p2a: Paarthurnax|5\/100\n|-damage|p2a: Paarthurnax|0 fnt\n|faint|p2a: Paarthurnax\n|-hitcount|p2: Paarthurnax|8\n|\n|upkeep\n|\n|t:|1700096926\n|switch|p2a: Chicharron|Blaziken, M, shiny|100\/100\n|turn|3\n|\n|t:|1700096934\n|move|p2a: Chicharron|Close Combat|p1a: Maushold\n|-supereffective|p1a: Maushold\n|-damage|p1a: Maushold|0 fnt\n|-unboost|p2a: Chicharron|def|1\n|-unboost|p2a: Chicharron|spd|1\n|faint|p1a: Maushold\n|\n|-ability|p2a: Chicharron|Speed Boost|boost\n|-boost|p2a: Chicharron|spe|1\n|upkeep\n|\n|t:|1700096944\n|switch|p1a: Greninja|Greninja, M|100\/100\n|turn|4\n|\n|t:|1700096957\n|switch|p2a: Kurama|Ninetales-Alola, F, shiny|100\/100\n|-weather|Snow|[from] ability: Snow Warning|[of] p2a: Kurama\n|-terastallize|p1a: Greninja|Water\n|move|p1a: Greninja|Water Shuriken|p2a: Kurama\n|-damage|p2a: Kurama|85\/100\n|-damage|p2a: Kurama|70\/100\n|-hitcount|p2a: Kurama|2\n|-damage|p1a: Greninja|91\/100|[from] item: Life Orb\n|\n|-weather|Snow|[upkeep]\n|upkeep\n|turn|5\n|\n|t:|1700096971\n|switch|p1a: Heatran|Heatran, M|100\/100\n|move|p2a: Kurama|Aurora Veil|p2a: Kurama\n|-sidestart|p2: Jarl_jake|move: Aurora Veil\n|\n|-weather|Snow|[upkeep]\n|upkeep\n|turn|6\n|\n|t:|1700096979\n|switch|p2a: Fat Girl|Blastoise, F, shiny|100\/100\n|move|p1a: Heatran|Magma Storm|p2a: Fat Girl|[miss]\n|-miss|p1a: Heatran|p2a: Fat Girl\n|\n|-weather|Snow|[upkeep]\n|upkeep\n|turn|7\n|\n|t:|1700096988\n|move|p2a: Fat Girl|Shell Smash|p2a: Fat Girl\n|-unboost|p2a: Fat Girl|def|1\n|-unboost|p2a: Fat Girl|spd|1\n|-boost|p2a: Fat Girl|atk|2\n|-boost|p2a: Fat Girl|spa|2\n|-boost|p2a: Fat Girl|spe|2\n|move|p1a: Heatran|Taunt|p2a: Fat Girl\n|-start|p2a: Fat Girl|move: Taunt\n|\n|-weather|Snow|[upkeep]\n|upkeep\n|turn|8\n|\n|t:|1700097000\n|move|p2a: Fat Girl|Dark Pulse|p1a: Heatran\n|-damage|p1a: Heatran|70\/100\n|move|p1a: Heatran|Magma Storm|p2a: Fat Girl|[miss]\n|-miss|p1a: Heatran|p2a: Fat Girl\n|\n|-weather|none\n|-heal|p1a: Heatran|77\/100|[from] item: Leftovers\n|upkeep\n|turn|9\n|\n|t:|1700097009\n|move|p2a: Fat Girl|Scald|p1a: Heatran\n|-supereffective|p1a: Heatran\n|-damage|p1a: Heatran|0 fnt\n|faint|p1a: Heatran\n|\n|upkeep\n|\n|t:|1700097028\n|switch|p1a: Volcanion|Volcanion|100\/100\n|turn|10\n|\n|t:|1700097032\n|move|p2a: Fat Girl|Dark Pulse|p1a: Volcanion\n|-damage|p1a: Volcanion|49\/100\n|move|p1a: Volcanion|Earth Power|p2a: Fat Girl\n|-damage|p2a: Fat Girl|61\/100\n|\n|-end|p2a: Fat Girl|move: Taunt\n|upkeep\n|turn|11\n|\n|t:|1700097044\n|move|p2a: Fat Girl|Dark Pulse|p1a: Volcanion\n|-damage|p1a: Volcanion|0 fnt\n|faint|p1a: Volcanion\n|\n|upkeep\n|\n|t:|1700097053\n|switch|p1a: Corviknight|Corviknight, F|100\/100\n|-ability|p1a: Corviknight|Pressure\n|turn|12\n|\n|t:|1700097062\n|-terastallize|p2a: Fat Girl|Water\n|move|p2a: Fat Girl|Scald|p1a: Corviknight\n|-damage|p1a: Corviknight|23\/100\n|move|p1a: Corviknight|Brave Bird|p2a: Fat Girl\n|-crit|p2a: Fat Girl\n|-damage|p2a: Fat Girl|0 fnt\n|faint|p2a: Fat Girl\n|-damage|p1a: Corviknight|6\/100|[from] Recoil\n|\n|-sideend|p2: Jarl_jake|move: Aurora Veil\n|upkeep\n|\n|t:|1700097081\n|switch|p2a: Lady Oscar|Serperior, F, shiny|100\/100\n|turn|13\n|\n|t:|1700097088\n|move|p2a: Lady Oscar|Leaf Storm|p1a: Corviknight\n|-resisted|p1a: Corviknight\n|-crit|p1a: Corviknight\n|-damage|p1a: Corviknight|0 fnt\n|-boost|p2a: Lady Oscar|spa|2\n|faint|p1a: Corviknight\n|-damage|p2a: Lady Oscar|91\/100|[from] item: Life Orb\n|\n|upkeep\n|\n|t:|1700097106\n|switch|p1a: Garchomp|Garchomp, F|100\/100\n|turn|14\n|\n|t:|1700097112\n|detailschange|p1a: Garchomp|Garchomp-Mega, F\n|-mega|p1a: Garchomp|Garchomp|Garchompite\n|move|p2a: Lady Oscar|Dragon Pulse|p1a: Garchomp\n|-supereffective|p1a: Garchomp\n|-damage|p1a: Garchomp|0 fnt\n|faint|p1a: Garchomp\n|-damage|p2a: Lady Oscar|81\/100|[from] item: Life Orb\n|\n|upkeep\n|\n|t:|1700097116\n|switch|p1a: Greninja|Greninja, M, tera:Water|91\/100\n|turn|15\n|\n|t:|1700097123\n|move|p1a: Greninja|Ice Beam|p2a: Lady Oscar\n|-supereffective|p2a: Lady Oscar\n|-damage|p2a: Lady Oscar|0 fnt\n|faint|p2a: Lady Oscar\n|-ability|p1a: Greninja|Battle Bond|boost\n|-boost|p1a: Greninja|atk|1\n|-boost|p1a: Greninja|spa|1\n|-boost|p1a: Greninja|spe|1\n|-activate|p1a: Greninja|ability: Battle Bond\n|-damage|p1a: Greninja|81\/100|[from] item: Life Orb\n|\n|upkeep\n|\n|t:|1700097136\n|switch|p2a: Grendel|Grimmsnarl, M, shiny|100\/100\n|turn|16\n|\n|t:|1700097140\n|move|p2a: Grendel|Thunder Wave|p1a: Greninja\n|-status|p1a: Greninja|par\n|cant|p1a: Greninja|par\n|\n|upkeep\n|turn|17\n|\n|t:|1700097148\n|-zpower|p2a: Grendel\n|move|p2a: Grendel|Z-Parting Shot|p1a: Greninja|[anim]Parting Shot\n|-activate|p2a: Grendel|healreplacement\n|-unboost|p1a: Greninja|atk|1\n|-unboost|p1a: Greninja|spa|1\n|\n|t:|1700097154\n|switch|p2a: Kurama|Ninetales-Alola, F, shiny|70\/100|[from] Parting Shot\n|-heal|p2a: Kurama|100\/100|[from] move: Parting Shot|[zeffect]\n|-weather|Snow|[from] ability: Snow Warning|[of] p2a: Kurama\n|move|p1a: Greninja|Surf|p2a: Kurama\n|-damage|p2a: Kurama|20\/100\n|-damage|p1a: Greninja|71\/100 par|[from] item: Life Orb\n|\n|-weather|Snow|[upkeep]\n|upkeep\n|turn|18\n|\n|t:|1700097170\n|move|p1a: Greninja|Water Shuriken|p2a: Kurama\n|-damage|p2a: Kurama|5\/100\n|-damage|p2a: Kurama|0 fnt\n|faint|p2a: Kurama\n|-hitcount|p2: Kurama|2\n|-damage|p1a: Greninja|61\/100 par|[from] item: Life Orb\n|\n|-weather|Snow|[upkeep]\n|upkeep\n|\n|t:|1700097179\n|switch|p2a: Grendel|Grimmsnarl, M, shiny|100\/100\n|turn|19\n|\n|t:|1700097192\n|move|p1a: Greninja|Surf|p2a: Grendel\n|-damage|p2a: Grendel|28\/100\n|-damage|p1a: Greninja|51\/100 par|[from] item: Life Orb\n|move|p2a: Grendel|Spirit Break|p1a: Greninja\n|-crit|p1a: Greninja\n|-damage|p1a: Greninja|0 fnt\n|faint|p1a: Greninja\n|\n|win|Jarl_jake\n|raw|Sencopion's rating: 1442 &rarr; <strong>1425<\/strong><br \/>(-17 for losing)\n|raw|Jarl_jake's rating: 1490 &rarr; <strong>1507<\/strong><br \/>(+17 for winning)\n|l|\u2606Sencopion\n","uploadtime":1700097205,"views":23,"p1id":"sencopion","p2id":"jarljake","formatid":"gen9nationaldex","rating":1425,"private":0,"password":""}