{"id":"gen9nationaldex-1999100955","p1":"mannmilk","p2":"Kazuya1043","format":"[Gen 9] National Dex","log":"|html|<div class=\"broadcast-blue\"><strong>[Gen 9] National Dex is currently suspecting Sneasler! For information on how to participate check out the <a href=\"https:\/\/www.smogon.com\/forums\/threads\/sv-national-dex-suspect-8-just-dance.3731534\/\">suspect thread<\/a>.<\/strong><\/div>\n|j|\u2606mannmilk\n|j|\u2606Kazuya1043\n|t:|1701033224\n|gametype|singles\n|player|p1|mannmilk|clown|1100\n|player|p2|Kazuya1043|swimmerf-gen4|1143\n|teamsize|p1|6\n|teamsize|p2|6\n|gen|9\n|tier|[Gen 9] National Dex\n|rated|\n|rule|HP Percentage Mod: HP is shown in percentages\n|rule|Endless Battle Clause: Forcing endless battles is banned\n|rule|OHKO Clause: OHKO moves are banned\n|rule|Evasion Clause: Evasion abilities, items, and moves are banned\n|rule|Evasion Abilities Clause: Evasion abilities are banned\n|rule|Evasion Items Clause: Evasion items are banned\n|rule|Evasion Moves Clause: Evasion moves are banned\n|rule|Species Clause: Limit one of each Pok\u00e9mon\n|rule|Sleep Clause Mod: Limit one foe put to sleep\n|clearpoke\n|poke|p1|Smeargle, F|\n|poke|p1|Tapu Lele|\n|poke|p1|Vivillon-Fancy, F|\n|poke|p1|Slowking-Galar, M|\n|poke|p1|Mr. Rime, F|\n|poke|p1|Abomasnow, M|\n|poke|p2|Salamence, F|\n|poke|p2|Braviary-Hisui, M|\n|poke|p2|Glimmora, M|\n|poke|p2|Hatterene, F|\n|poke|p2|Charizard, F|\n|poke|p2|Zapdos-Galar|\n|teampreview\n|\n|t:|1701033233\n|start\n|switch|p1a: Mr. Rime|Mr. Rime, F|100\/100\n|switch|p2a: Salamence|Salamence, F|100\/100\n|turn|1\n|\n|t:|1701033237\n|move|p2a: Salamence|Dragon Dance|p2a: Salamence\n|-boost|p2a: Salamence|atk|1\n|-boost|p2a: Salamence|spe|1\n|move|p1a: Mr. Rime|Freeze-Dry|p2a: Salamence\n|-supereffective|p2a: Salamence\n|-enditem|p2a: Salamence|Focus Sash\n|-damage|p2a: Salamence|1\/100\n|\n|upkeep\n|turn|2\n|\n|t:|1701033248\n|move|p2a: Salamence|Earthquake|p1a: Mr. Rime\n|-damage|p1a: Mr. Rime|27\/100\n|move|p1a: Mr. Rime|Freeze-Dry|p2a: Salamence\n|-supereffective|p2a: Salamence\n|-damage|p2a: Salamence|0 fnt\n|faint|p2a: Salamence\n|\n|upkeep\n|\n|t:|1701033253\n|switch|p2a: Charizard|Charizard, F, shiny|100\/100\n|turn|3\n|\n|t:|1701033271\n|switch|p1a: Tapu Lele|Tapu Lele|100\/100\n|-fieldstart|move: Psychic Terrain|[from] ability: Psychic Surge|[of] p1a: Tapu Lele\n|detailschange|p2a: Charizard|Charizard-Mega-Y, F, shiny\n|-mega|p2a: Charizard|Charizard|Charizardite Y\n|-weather|SunnyDay|[from] ability: Drought|[of] p2a: Charizard\n|move|p2a: Charizard|Fire Blast|p1a: Tapu Lele\n|-damage|p1a: Tapu Lele|0 fnt\n|faint|p1a: Tapu Lele\n|\n|-weather|SunnyDay|[upkeep]\n|upkeep\n|\n|t:|1701033280\n|switch|p1a: Smeargle|Smeargle, F|100\/100\n|turn|4\n|\n|t:|1701033285\n|move|p2a: Charizard|Fire Blast|p1a: Smeargle\n|-enditem|p1a: Smeargle|Focus Sash\n|-damage|p1a: Smeargle|1\/100\n|move|p1a: Smeargle|Spore|p2a: Charizard\n|-status|p2a: Charizard|slp|[from] move: Spore\n|\n|-weather|SunnyDay|[upkeep]\n|upkeep\n|turn|5\n|\n|t:|1701033290\n|switch|p2a: Hatterene|Hatterene, F|100\/100\n|move|p1a: Smeargle|Shell Smash|p1a: Smeargle\n|-unboost|p1a: Smeargle|def|1\n|-unboost|p1a: Smeargle|spd|1\n|-boost|p1a: Smeargle|atk|2\n|-boost|p1a: Smeargle|spa|2\n|-boost|p1a: Smeargle|spe|2\n|\n|-weather|SunnyDay|[upkeep]\n|upkeep\n|turn|6\n|\n|t:|1701033300\n|move|p1a: Smeargle|Destiny Bond|p1a: Smeargle\n|-singlemove|p1a: Smeargle|Destiny Bond\n|move|p2a: Hatterene|Thunder Wave|p1a: Smeargle\n|-status|p1a: Smeargle|par\n|\n|-weather|SunnyDay|[upkeep]\n|upkeep\n|turn|7\n|\n|t:|1701033307\n|move|p1a: Smeargle|Shell Smash|p1a: Smeargle\n|-unboost|p1a: Smeargle|def|1\n|-unboost|p1a: Smeargle|spd|1\n|-boost|p1a: Smeargle|atk|2\n|-boost|p1a: Smeargle|spa|2\n|-boost|p1a: Smeargle|spe|2\n|move|p2a: Hatterene|Light Screen|p2a: Hatterene\n|-sidestart|p2: Kazuya1043|move: Light Screen\n|\n|-weather|none\n|upkeep\n|turn|8\n|\n|t:|1701033313\n|move|p1a: Smeargle|Stored Power|p2a: Hatterene\n|-resisted|p2a: Hatterene\n|-damage|p2a: Hatterene|61\/100\n|move|p2a: Hatterene|Reflect|p2a: Hatterene\n|-sidestart|p2: Kazuya1043|Reflect\n|\n|upkeep\n|turn|9\n|\n|t:|1701033320\n|switch|p2a: Glimmora|Glimmora, M|100\/100\n|move|p1a: Smeargle|Stored Power|p2a: Glimmora\n|-supereffective|p2a: Glimmora\n|-enditem|p2a: Glimmora|Focus Sash\n|-damage|p2a: Glimmora|1\/100\n|\n|upkeep\n|turn|10\n|\n|t:|1701033328\n|move|p1a: Smeargle|Stored Power|p2a: Glimmora\n|-supereffective|p2a: Glimmora\n|-damage|p2a: Glimmora|0 fnt\n|faint|p2a: Glimmora\n|\n|-fieldend|move: Psychic Terrain\n|upkeep\n|\n|t:|1701033340\n|switch|p2a: Zapdos|Zapdos-Galar, shiny|100\/100\n|turn|11\n|\n|t:|1701033346\n|move|p1a: Smeargle|Stored Power|p2a: Zapdos\n|-supereffective|p2a: Zapdos\n|-damage|p2a: Zapdos|0 fnt\n|faint|p2a: Zapdos\n|\n|upkeep\n|-message|Kazuya1043 forfeited.\n|\n|win|mannmilk\n|raw|mannmilk's rating: 1100 &rarr; <strong>1128<\/strong><br \/>(+28 for winning)\n|raw|Kazuya1043's rating: 1143 &rarr; <strong>1115<\/strong><br \/>(-28 for losing)\n|l|\u2606Kazuya1043\n","uploadtime":1701033355,"views":1,"p1id":"mannmilk","p2id":"kazuya1043","formatid":"gen9nationaldex","rating":1115,"private":0,"password":""}