{"id":"gen9nationaldex-1994947826","p1":"jdjfnfjgkgkgn","p2":"Wehoo12000","format":"[Gen 9] National Dex","log":"|html|<div class=\"broadcast-blue\"><strong>[Gen 9] National Dex is currently suspecting Sneasler! For information on how to participate check out the <a href=\"https:\/\/www.smogon.com\/forums\/threads\/sv-national-dex-suspect-8-just-dance.3731534\/\">suspect thread<\/a>.<\/strong><\/div>\n|j|\u2606jdjfnfjgkgkgn\n|j|\u2606Wehoo12000\n|t:|1700507191\n|gametype|singles\n|player|p1|jdjfnfjgkgkgn|drayden|1040\n|player|p2|Wehoo12000|pokemaniac|1142\n|teamsize|p1|6\n|teamsize|p2|6\n|gen|9\n|tier|[Gen 9] National Dex\n|rated|\n|rule|HP Percentage Mod: HP is shown in percentages\n|rule|Endless Battle Clause: Forcing endless battles is banned\n|rule|OHKO Clause: OHKO moves are banned\n|rule|Evasion Clause: Evasion abilities, items, and moves are banned\n|rule|Evasion Abilities Clause: Evasion abilities are banned\n|rule|Evasion Items Clause: Evasion items are banned\n|rule|Evasion Moves Clause: Evasion moves are banned\n|rule|Species Clause: Limit one of each Pok\u00e9mon\n|rule|Sleep Clause Mod: Limit one foe put to sleep\n|clearpoke\n|poke|p1|Kommo-o, M|\n|poke|p1|Raichu-Alola, M|\n|poke|p1|Tapu Koko|\n|poke|p1|Celesteela|\n|poke|p1|Dhelmise|\n|poke|p1|Muk-Alola, M|\n|poke|p2|Meowscarada, F|\n|poke|p2|Porygon-Z|\n|poke|p2|Jirachi|\n|poke|p2|Great Tusk|\n|poke|p2|Diancie|\n|poke|p2|Dondozo, M|\n|teampreview\n|\n|t:|1700507202\n|start\n|switch|p1a: Tapu Koko|Tapu Koko|100\/100\n|switch|p2a: Pink diamond|Diancie|100\/100\n|-fieldstart|move: Electric Terrain|[from] ability: Electric Surge|[of] p1a: Tapu Koko\n|turn|1\n|\n|t:|1700507209\n|detailschange|p2a: Pink diamond|Diancie-Mega\n|-mega|p2a: Pink diamond|Diancie|Diancite\n|move|p1a: Tapu Koko|Thunderbolt|p2a: Pink diamond\n|-damage|p2a: Pink diamond|0 fnt\n|faint|p2a: Pink diamond\n|\n|upkeep\n|\n|t:|1700507214\n|switch|p2a: Mastobate|Great Tusk|100\/100\n|turn|2\n|\n|t:|1700507224\n|switch|p1a: Dhelmise|Dhelmise|100\/100\n|-terastallize|p2a: Mastobate|Ground\n|move|p2a: Mastobate|Rapid Spin|p1a: Dhelmise\n|-immune|p1a: Dhelmise\n|\n|upkeep\n|turn|3\n|\n|t:|1700507242\n|-end|p2a: Mastobate|Protosynthesis|[silent]\n|switch|p2a: Green catulon|Meowscarada, F, shiny|100\/100\n|move|p1a: Dhelmise|Anchor Shot|p2a: Green catulon\n|-damage|p2a: Green catulon|21\/100\n|-activate|p2a: Green catulon|trapped\n|\n|upkeep\n|turn|4\n|\n|t:|1700507249\n|move|p2a: Green catulon|Knock Off|p1a: Dhelmise\n|-start|p2a: Green catulon|typechange|Dark|[from] ability: Protean\n|-supereffective|p1a: Dhelmise\n|-damage|p1a: Dhelmise|23\/100\n|-enditem|p1a: Dhelmise|Choice Band|[from] move: Knock Off|[of] p2a: Green catulon\n|-damage|p2a: Green catulon|11\/100|[from] item: Life Orb\n|move|p1a: Dhelmise|Anchor Shot|p2a: Green catulon\n|-damage|p2a: Green catulon|0 fnt\n|faint|p2a: Green catulon\n|\n|upkeep\n|\n|t:|1700507256\n|switch|p2a: Stewie Griffin|Jirachi|100\/100\n|turn|5\n|\n|t:|1700507262\n|switch|p1a: Raichu|Raichu-Alola, M|100\/100\n|move|p2a: Stewie Griffin|Iron Defense|p2a: Stewie Griffin\n|-boost|p2a: Stewie Griffin|def|2\n|\n|-fieldend|move: Electric Terrain\n|upkeep\n|turn|6\n|\n|t:|1700507294\n|switch|p1a: Tapu Koko|Tapu Koko|100\/100\n|-fieldstart|move: Electric Terrain|[from] ability: Electric Surge|[of] p1a: Tapu Koko\n|move|p2a: Stewie Griffin|Ancient Power|p1a: Tapu Koko\n|-damage|p1a: Tapu Koko|81\/100\n|\n|upkeep\n|turn|7\n|\n|t:|1700507303\n|move|p1a: Tapu Koko|U-turn|p2a: Stewie Griffin\n|-damage|p2a: Stewie Griffin|93\/100\n|\n|t:|1700507306\n|switch|p1a: Dhelmise|Dhelmise|23\/100|[from] U-turn\n|move|p2a: Stewie Griffin|Ancient Power|p1a: Dhelmise\n|-damage|p1a: Dhelmise|10\/100\n|\n|upkeep\n|turn|8\n|\n|t:|1700507311\n|move|p2a: Stewie Griffin|Ancient Power|p1a: Dhelmise\n|-damage|p1a: Dhelmise|0 fnt\n|faint|p1a: Dhelmise\n|\n|upkeep\n|\n|t:|1700507314\n|switch|p1a: Raichu|Raichu-Alola, M|100\/100\n|turn|9\n|\n|t:|1700507320\n|-terastallize|p1a: Raichu|Electric\n|move|p1a: Raichu|Rising Voltage|p2a: Stewie Griffin\n|-hint|Rising Voltage's BP doubled on grounded target.\n|-damage|p2a: Stewie Griffin|10\/100\n|-damage|p1a: Raichu|91\/100|[from] item: Life Orb\n|move|p2a: Stewie Griffin|Ancient Power|p1a: Raichu\n|-damage|p1a: Raichu|73\/100\n|-boost|p2a: Stewie Griffin|atk|1\n|-boost|p2a: Stewie Griffin|def|1\n|-boost|p2a: Stewie Griffin|spa|1\n|-boost|p2a: Stewie Griffin|spd|1\n|-boost|p2a: Stewie Griffin|spe|1\n|\n|upkeep\n|turn|10\n|\n|t:|1700507331\n|move|p1a: Raichu|Rising Voltage|p2a: Stewie Griffin\n|-hint|Rising Voltage's BP doubled on grounded target.\n|-damage|p2a: Stewie Griffin|0 fnt\n|faint|p2a: Stewie Griffin\n|-damage|p1a: Raichu|63\/100|[from] item: Life Orb\n|\n|-fieldend|move: Electric Terrain\n|upkeep\n|\n|t:|1700507336\n|switch|p2a: Rose toy|Porygon-Z|100\/100\n|-ability|p2a: Rose toy|Download|boost\n|-boost|p2a: Rose toy|atk|1\n|turn|11\n|\n|t:|1700507340\n|switch|p1a: Tapu Koko|Tapu Koko|81\/100\n|-fieldstart|move: Electric Terrain|[from] ability: Electric Surge|[of] p1a: Tapu Koko\n|-zpower|p2a: Rose toy\n|move|p2a: Rose toy|Z-Conversion|p2a: Rose toy|[anim]Conversion\n|-boost|p2a: Rose toy|atk|1|[zeffect]\n|-boost|p2a: Rose toy|def|1|[zeffect]\n|-boost|p2a: Rose toy|spa|1|[zeffect]\n|-boost|p2a: Rose toy|spd|1|[zeffect]\n|-boost|p2a: Rose toy|spe|1|[zeffect]\n|-start|p2a: Rose toy|typechange|Electric\n|\n|upkeep\n|turn|12\n|\n|t:|1700507345\n|switch|p1a: Muk|Muk-Alola, M|100\/100\n|move|p2a: Rose toy|Tri Attack|p1a: Muk\n|-damage|p1a: Muk|78\/100\n|\n|upkeep\n|turn|13\n|\n|t:|1700507349\n|move|p2a: Rose toy|Tri Attack|p1a: Muk\n|-damage|p1a: Muk|54\/100\n|move|p1a: Muk|Gunk Shot|p2a: Rose toy\n|-damage|p2a: Rose toy|38\/100\n|\n|upkeep\n|turn|14\n|\n|t:|1700507354\n|move|p2a: Rose toy|Conversion 2|p1a: Muk\n|-start|p2a: Rose toy|typechange|Ground\n|move|p1a: Muk|Knock Off|p2a: Rose toy\n|-damage|p2a: Rose toy|7\/100\n|\n|upkeep\n|turn|15\n|\n|t:|1700507359\n|move|p1a: Muk|Shadow Sneak|p2a: Rose toy\n|-damage|p2a: Rose toy|0 fnt\n|faint|p2a: Rose toy\n|\n|-fieldend|move: Electric Terrain\n|upkeep\n|\n|t:|1700507364\n|switch|p2a: Mastobate|Great Tusk, tera:Ground|100\/100\n|turn|16\n|\n|t:|1700507372\n|switch|p1a: Celesteela|Celesteela|100\/100\n|move|p2a: Mastobate|Earthquake|p1a: Celesteela\n|-immune|p1a: Celesteela\n|\n|upkeep\n|turn|17\n|-message|Wehoo12000 forfeited.\n|\n|win|jdjfnfjgkgkgn\n|raw|jdjfnfjgkgkgn's rating: 1040 &rarr; <strong>1084<\/strong><br \/>(+44 for winning)\n|raw|Wehoo12000's rating: 1142 &rarr; <strong>1110<\/strong><br \/>(-32 for losing)\n|l|\u2606Wehoo12000\n","uploadtime":1700507384,"views":4,"p1id":"jdjfnfjgkgkgn","p2id":"wehoo12000","formatid":"gen9nationaldex","rating":1084,"private":0,"password":""}