{"id":"gen9nationaldex-1993191464","p1":"iamthepidgeongod","p2":"tdd20070515\u5179\u4f0f\u5947\u5927\u543e","format":"[Gen 9] National Dex","log":"|j|\u2606iamthepidgeongod\n|j|\u2606tdd20070515\u5179\u4f0f\u5947\u5927\u543e\n|t:|1700276034\n|gametype|singles\n|player|p1|iamthepidgeongod|winona|1298\n|player|p2|tdd20070515\u5179\u4f0f\u5947\u5927\u543e|steven|1392\n|teamsize|p1|6\n|teamsize|p2|6\n|gen|9\n|tier|[Gen 9] National Dex\n|rated|\n|rule|HP Percentage Mod: HP is shown in percentages\n|rule|Endless Battle Clause: Forcing endless battles is banned\n|rule|OHKO Clause: OHKO moves are banned\n|rule|Evasion Clause: Evasion abilities, items, and moves are banned\n|rule|Evasion Abilities Clause: Evasion abilities are banned\n|rule|Evasion Items Clause: Evasion items are banned\n|rule|Evasion Moves Clause: Evasion moves are banned\n|rule|Species Clause: Limit one of each Pok\u00e9mon\n|rule|Sleep Clause Mod: Limit one foe put to sleep\n|clearpoke\n|poke|p1|Ogerpon-Wellspring, F|\n|poke|p1|Heatran, F|\n|poke|p1|Grimmsnarl, M|\n|poke|p1|Gliscor, M|\n|poke|p1|Zoroark-Hisui, M|\n|poke|p1|Latias, F|\n|poke|p2|Tapu Lele|\n|poke|p2|Hawlucha, M|\n|poke|p2|Chansey, F|\n|poke|p2|Cinderace, F|\n|poke|p2|Polteageist-Antique|\n|poke|p2|Armarouge, M|\n|teampreview\n|\n|t:|1700276043\n|start\n|switch|p1a: Grimmsnarl|Grimmsnarl, M|100\/100\n|switch|p2a: Tapu Lele|Tapu Lele|100\/100\n|-fieldstart|move: Psychic Terrain|[from] ability: Psychic Surge|[of] p2a: Tapu Lele\n|turn|1\n|\n|t:|1700276051\n|move|p1a: Grimmsnarl|Light Screen|p1a: Grimmsnarl\n|-sidestart|p1: iamthepidgeongod|move: Light Screen\n|move|p2a: Tapu Lele|Focus Blast|p1a: Grimmsnarl\n|-damage|p1a: Grimmsnarl|76\/100\n|\n|upkeep\n|turn|2\n|\n|t:|1700276055\n|switch|p2a: Cinderace|Cinderace, F|100\/100\n|move|p1a: Grimmsnarl|Darkest Lariat|p2a: Cinderace\n|-damage|p2a: Cinderace|39\/100\n|\n|upkeep\n|turn|3\n|\n|t:|1700276060\n|move|p1a: Grimmsnarl|Reflect|p1a: Grimmsnarl\n|-sidestart|p1: iamthepidgeongod|Reflect\n|move|p2a: Cinderace|Court Change|p2a: Cinderace\n|-start|p2a: Cinderace|typechange|Normal|[from] ability: Libero\n|-swapsideconditions\n|-activate|p2a: Cinderace|move: Court Change\n|\n|upkeep\n|turn|4\n|\n|t:|1700276066\n|move|p2a: Cinderace|U-turn|p1a: Grimmsnarl\n|-damage|p1a: Grimmsnarl|50\/100\n|\n|t:|1700276068\n|switch|p2a: Armarouge|Armarouge, M|100\/100|[from] U-turn\n|move|p1a: Grimmsnarl|Darkest Lariat|p2a: Armarouge\n|-supereffective|p2a: Armarouge\n|-damage|p2a: Armarouge|46\/100\n|-ability|p2a: Armarouge|Weak Armor|boost\n|-unboost|p2a: Armarouge|def|1\n|-boost|p2a: Armarouge|spe|2\n|-enditem|p2a: Armarouge|Weakness Policy\n|-boost|p2a: Armarouge|atk|2|[from] item: Weakness Policy\n|-boost|p2a: Armarouge|spa|2|[from] item: Weakness Policy\n|\n|upkeep\n|turn|5\n|\n|t:|1700276075\n|move|p2a: Armarouge|Endure|p2a: Armarouge\n|-singleturn|p2a: Armarouge|move: Endure\n|move|p1a: Grimmsnarl|Light Screen|p1a: Grimmsnarl\n|-sidestart|p1: iamthepidgeongod|move: Light Screen\n|\n|upkeep\n|turn|6\n|\n|t:|1700276080\n|move|p1a: Grimmsnarl|Reflect|p1a: Grimmsnarl\n|-sidestart|p1: iamthepidgeongod|Reflect\n|move|p2a: Armarouge|Expanding Force|p1a: Grimmsnarl\n|-immune|p1a: Grimmsnarl\n|\n|upkeep\n|turn|7\n|\n|t:|1700276083\n|move|p2a: Armarouge|Armor Cannon|p1a: Grimmsnarl\n|-damage|p1a: Grimmsnarl|0 fnt\n|-unboost|p2a: Armarouge|def|1\n|-unboost|p2a: Armarouge|spd|1\n|faint|p1a: Grimmsnarl\n|\n|upkeep\n|\n|t:|1700276094\n|switch|p1a: Heatran|Heatran, F|100\/100\n|-item|p1a: Heatran|Air Balloon\n|turn|8\n|\n|t:|1700276101\n|move|p2a: Armarouge|Destiny Bond|p2a: Armarouge\n|-singlemove|p2a: Armarouge|Destiny Bond\n|move|p1a: Heatran|Shadow Ball|p2a: Armarouge\n|-supereffective|p2a: Armarouge\n|-damage|p2a: Armarouge|0 fnt\n|faint|p2a: Armarouge\n|-activate|p2a: Armarouge|move: Destiny Bond\n|faint|p1a: Heatran\n|\n|-sideend|p2: tdd20070515\u5179\u4f0f\u5947\u5927\u543e|move: Light Screen\n|-fieldend|move: Psychic Terrain\n|upkeep\n|\n|t:|1700276112\n|switch|p1a: Gliscor|Gliscor, M|100\/100\n|switch|p2a: Tapu Lele|Tapu Lele|100\/100\n|-fieldstart|move: Psychic Terrain|[from] ability: Psychic Surge|[of] p2a: Tapu Lele\n|turn|9\n|\n|t:|1700276118\n|move|p2a: Tapu Lele|Taunt|p1a: Gliscor\n|-start|p1a: Gliscor|move: Taunt\n|move|p1a: Gliscor|Earthquake|p2a: Tapu Lele\n|-damage|p2a: Tapu Lele|70\/100\n|\n|-status|p1a: Gliscor|tox|[from] item: Toxic Orb\n|upkeep\n|turn|10\n|\n|t:|1700276123\n|move|p2a: Tapu Lele|Future Sight|p1a: Gliscor\n|-start|p2a: Tapu Lele|move: Future Sight\n|move|p1a: Gliscor|Earthquake|p2a: Tapu Lele\n|-damage|p2a: Tapu Lele|43\/100\n|\n|-sideend|p2: tdd20070515\u5179\u4f0f\u5947\u5927\u543e|Reflect\n|upkeep\n|turn|11\n|\n|t:|1700276126\n|switch|p2a: Hawlucha|Hawlucha, M, shiny|100\/100\n|-enditem|p2a: Hawlucha|Psychic Seed\n|-boost|p2a: Hawlucha|spd|1|[from] item: Psychic Seed\n|move|p1a: Gliscor|U-turn|p2a: Hawlucha\n|-resisted|p2a: Hawlucha\n|-damage|p2a: Hawlucha|92\/100\n|\n|t:|1700276135\n|switch|p1a: Latias|Latias, F|100\/100|[from] U-turn\n|\n|upkeep\n|turn|12\n|\n|t:|1700276141\n|detailschange|p1a: Latias|Latias-Mega, F\n|-mega|p1a: Latias|Latias|Latiasite\n|move|p2a: Hawlucha|Acrobatics|p1a: Latias\n|-crit|p1a: Latias\n|-damage|p1a: Latias|36\/100\n|move|p1a: Latias|Psyshock|p2a: Hawlucha\n|-supereffective|p2a: Hawlucha\n|-damage|p2a: Hawlucha|0 fnt\n|faint|p2a: Hawlucha\n|\n|-end|p1a: Latias|move: Future Sight\n|-resisted|p1a: Latias\n|-damage|p1a: Latias|17\/100\n|-sideend|p1: iamthepidgeongod|move: Light Screen\n|upkeep\n|\n|t:|1700276146\n|switch|p2a: Cinderace|Cinderace, F|39\/100\n|turn|13\n|\n|t:|1700276152\n|move|p2a: Cinderace|U-turn|p1a: Latias\n|-start|p2a: Cinderace|typechange|Bug|[from] ability: Libero\n|-supereffective|p1a: Latias\n|-damage|p1a: Latias|0 fnt\n|faint|p1a: Latias\n|\n|t:|1700276156\n|switch|p2a: Polteageist|Polteageist-Antique|100\/100|[from] U-turn\n|\n|-sideend|p1: iamthepidgeongod|Reflect\n|upkeep\n|\n|t:|1700276169\n|switch|p1a: Ogerpon|Ogerpon-Wellspring, F|100\/100\n|turn|14\n|\n|t:|1700276172\n|move|p1a: Ogerpon|Ivy Cudgel|p2a: Polteageist|[anim] Ivy Cudgel Water\n|-enditem|p2a: Polteageist|Focus Sash\n|-damage|p2a: Polteageist|1\/100\n|-ability|p2a: Polteageist|Weak Armor|boost\n|-unboost|p2a: Polteageist|def|1\n|-boost|p2a: Polteageist|spe|2\n|move|p2a: Polteageist|Shell Smash|p2a: Polteageist\n|-unboost|p2a: Polteageist|def|1\n|-unboost|p2a: Polteageist|spd|1\n|-boost|p2a: Polteageist|atk|2\n|-boost|p2a: Polteageist|spa|2\n|-boost|p2a: Polteageist|spe|2\n|\n|upkeep\n|turn|15\n|\n|t:|1700276175\n|move|p1a: Ogerpon|Spiky Shield|p1a: Ogerpon\n|-singleturn|p1a: Ogerpon|move: Protect\n|move|p2a: Polteageist|Stored Power|p1a: Ogerpon\n|-activate|p1a: Ogerpon|move: Protect\n|\n|upkeep\n|turn|16\n|\n|t:|1700276184\n|move|p2a: Polteageist|Stored Power|p1a: Ogerpon\n|-damage|p1a: Ogerpon|0 fnt\n|faint|p1a: Ogerpon\n|\n|-fieldend|move: Psychic Terrain\n|upkeep\n|\n|t:|1700276186\n|switch|p1a: Heatran|Heatran, F|100\/100\n|-item|p1a: Heatran|Air Balloon\n|turn|17\n|\n|t:|1700276191\n|move|p2a: Polteageist|Stored Power|p1a: Heatran\n|-resisted|p1a: Heatran\n|-damage|p1a: Heatran|34\/100\n|-enditem|p1a: Heatran|Air Balloon\n|move|p1a: Heatran|Flash Cannon|p2a: Polteageist\n|-crit|p2a: Polteageist\n|-damage|p2a: Polteageist|0 fnt\n|faint|p2a: Polteageist\n|\n|upkeep\n|\n|t:|1700276198\n|switch|p2a: Cinderace|Cinderace, F|39\/100\n|turn|18\n|\n|t:|1700276207\n|-terastallize|p1a: Heatran|Flying\n|move|p2a: Cinderace|Low Kick|p1a: Heatran\n|-start|p2a: Cinderace|typechange|Fighting|[from] ability: Libero\n|-resisted|p1a: Heatran\n|-damage|p1a: Heatran|10\/100\n|move|p1a: Heatran|Tera Blast|p2a: Cinderace|[anim] Tera Blast Flying\n|-supereffective|p2a: Cinderace\n|-damage|p2a: Cinderace|0 fnt\n|faint|p2a: Cinderace\n|\n|upkeep\n|\n|t:|1700276213\n|switch|p2a: Tapu Lele|Tapu Lele|43\/100\n|-fieldstart|move: Psychic Terrain|[from] ability: Psychic Surge|[of] p2a: Tapu Lele\n|turn|19\n|\n|t:|1700276225\n|move|p2a: Tapu Lele|Moonblast|p1a: Heatran\n|-damage|p1a: Heatran|0 fnt\n|faint|p1a: Heatran\n|\n|upkeep\n|\n|t:|1700276229\n|switch|p1a: Gliscor|Gliscor, M|100\/100 tox\n|turn|20\n|\n|t:|1700276237\n|move|p2a: Tapu Lele|Future Sight|p1a: Gliscor\n|-start|p2a: Tapu Lele|move: Future Sight\n|move|p1a: Gliscor|Earthquake|p2a: Tapu Lele\n|-damage|p2a: Tapu Lele|0 fnt\n|faint|p2a: Tapu Lele\n|\n|upkeep\n|\n|t:|1700276242\n|switch|p2a: Chansey|Chansey, F|100\/100\n|turn|21\n|\n|t:|1700276247\n|move|p1a: Gliscor|Protect|p1a: Gliscor\n|-singleturn|p1a: Gliscor|Protect\n|move|p2a: Chansey|Counter||[still]\n|-fail|p2a: Chansey\n|\n|upkeep\n|turn|22\n|\n|t:|1700276253\n|move|p1a: Gliscor|Earthquake|p2a: Chansey\n|-damage|p2a: Chansey|70\/100\n|move|p2a: Chansey|Counter|p1a: Gliscor\n|-damage|p1a: Gliscor|0 fnt\n|faint|p1a: Gliscor\n|\n|win|tdd20070515\u5179\u4f0f\u5947\u5927\u543e\n|raw|iamthepidgeongod's rating: 1298 &rarr; <strong>1280<\/strong><br \/>(-18 for losing)\n|raw|tdd20070515\u5179\u4f0f\u5947\u5927\u543e's rating: 1392 &rarr; <strong>1407<\/strong><br \/>(+15 for winning)\n|l|\u2606iamthepidgeongod\n","uploadtime":1700276284,"views":10,"p1id":"iamthepidgeongod","p2id":"tdd20070515","formatid":"gen9nationaldex","rating":1280,"private":0,"password":""}