{"id":"gen9nationaldex-1993790523","p1":"mengxingzhu","p2":"Yalpur","format":"[Gen 9] National Dex","log":"|j|\u2606mengxingzhu\n|j|\u2606Yalpur\n|t:|1700357613\n|gametype|singles\n|player|p1|mengxingzhu|wallace|1576\n|player|p2|Yalpur|169|1765\n|teamsize|p1|6\n|teamsize|p2|6\n|gen|9\n|tier|[Gen 9] National Dex\n|rated|\n|rule|HP Percentage Mod: HP is shown in percentages\n|rule|Endless Battle Clause: Forcing endless battles is banned\n|rule|OHKO Clause: OHKO moves are banned\n|rule|Evasion Clause: Evasion abilities, items, and moves are banned\n|rule|Evasion Abilities Clause: Evasion abilities are banned\n|rule|Evasion Items Clause: Evasion items are banned\n|rule|Evasion Moves Clause: Evasion moves are banned\n|rule|Species Clause: Limit one of each Pok\u00e9mon\n|rule|Sleep Clause Mod: Limit one foe put to sleep\n|clearpoke\n|poke|p1|Araquanid, F|\n|poke|p1|Banette, M|\n|poke|p1|Landorus-Therian, M|\n|poke|p1|Urshifu-*, F|\n|poke|p1|Heatran, F|\n|poke|p1|Tapu Koko|\n|poke|p2|Tapu Koko|\n|poke|p2|Iron Hands|\n|poke|p2|Iron Valiant|\n|poke|p2|Hatterene, F|\n|poke|p2|Medicham, F|\n|poke|p2|Raichu-Alola, M|\n|teampreview\n|inactive|Battle timer is ON: inactive players will automatically lose when time's up. (requested by mengxingzhu)\n|\n|t:|1700357631\n|start\n|switch|p1a: Banette|Banette, M|100\/100\n|switch|p2a: Tapu Koko|Tapu Koko|100\/100\n|-fieldstart|move: Electric Terrain|[from] ability: Electric Surge|[of] p2a: Tapu Koko\n|-item|p2a: Tapu Koko|Terrain Extender|[from] ability: Frisk|[of] p1a: Banette|[identify]\n|turn|1\n|\n|t:|1700357648\n|detailschange|p1a: Banette|Banette-Mega, M\n|-mega|p1a: Banette|Banette|Banettite\n|move|p2a: Tapu Koko|Wild Charge|p1a: Banette\n|-damage|p1a: Banette|19\/100\n|-damage|p2a: Tapu Koko|79\/100|[from] Recoil\n|move|p1a: Banette|Poltergeist|p2a: Tapu Koko\n|-activate|p2a: Tapu Koko|move: Poltergeist|Terrain Extender\n|-damage|p2a: Tapu Koko|0 fnt\n|faint|p2a: Tapu Koko\n|\n|upkeep\n|inactive|Yalpur has 120 seconds left.\n|\n|t:|1700357696\n|switch|p2a: Medicham|Medicham, F|100\/100\n|turn|2\n|\n|t:|1700357706\n|detailschange|p2a: Medicham|Medicham-Mega, F\n|-mega|p2a: Medicham|Medicham|Medichamite\n|move|p1a: Banette|Destiny Bond|p1a: Banette\n|-singlemove|p1a: Banette|Destiny Bond\n|move|p2a: Medicham|Ice Punch|p1a: Banette\n|-damage|p1a: Banette|0 fnt\n|faint|p1a: Banette\n|-activate|p1a: Banette|move: Destiny Bond\n|faint|p2a: Medicham\n|\n|upkeep\n|\n|t:|1700357719\n|switch|p2a: Raichu|Raichu-Alola, M|100\/100\n|switch|p1a: Araquanid|Araquanid, F|100\/100\n|turn|3\n|\n|t:|1700357736\n|switch|p1a: Landorus|Landorus-Therian, M|100\/100\n|-ability|p1a: Landorus|Intimidate|boost\n|-unboost|p2a: Raichu|atk|1\n|move|p2a: Raichu|Rising Voltage|p1a: Landorus\n|-immune|p1a: Landorus\n|\n|upkeep\n|turn|4\n|\n|t:|1700357740\n|move|p2a: Raichu|Hidden Power|p1a: Landorus\n|-supereffective|p1a: Landorus\n|-damage|p1a: Landorus|0 fnt\n|faint|p1a: Landorus\n|-damage|p2a: Raichu|91\/100|[from] item: Life Orb\n|\n|upkeep\n|\n|t:|1700357748\n|switch|p1a: \u6211\u7684\u795e|Heatran, F, shiny|100\/100\n|turn|5\n|inactive|Yalpur has 120 seconds left.\n|\n|t:|1700357755\n|-terastallize|p2a: Raichu|Electric\n|move|p2a: Raichu|Rising Voltage|p1a: \u6211\u7684\u795e\n|-hint|Rising Voltage's BP doubled on grounded target.\n|-damage|p1a: \u6211\u7684\u795e|3\/100\n|-damage|p2a: Raichu|81\/100|[from] item: Life Orb\n|move|p1a: \u6211\u7684\u795e|Earth Power|p2a: Raichu\n|-supereffective|p2a: Raichu\n|-damage|p2a: Raichu|12\/100\n|\n|-heal|p1a: \u6211\u7684\u795e|10\/100|[from] item: Leftovers\n|upkeep\n|turn|6\n|inactive|Yalpur has 120 seconds left.\n|\n|t:|1700357765\n|move|p1a: \u6211\u7684\u795e|Protect|p1a: \u6211\u7684\u795e\n|-singleturn|p1a: \u6211\u7684\u795e|Protect\n|move|p2a: Raichu|Rising Voltage|p1a: \u6211\u7684\u795e\n|-activate|p1a: \u6211\u7684\u795e|move: Protect\n|\n|-heal|p1a: \u6211\u7684\u795e|16\/100|[from] item: Leftovers\n|upkeep\n|turn|7\n|\n|t:|1700357767\n|move|p2a: Raichu|Rising Voltage|p1a: \u6211\u7684\u795e\n|-hint|Rising Voltage's BP doubled on grounded target.\n|-damage|p1a: \u6211\u7684\u795e|0 fnt\n|faint|p1a: \u6211\u7684\u795e\n|-damage|p2a: Raichu|2\/100|[from] item: Life Orb\n|\n|upkeep\n|\n|t:|1700357771\n|switch|p1a: Urshifu|Urshifu-Rapid-Strike, F|100\/100\n|turn|8\n|\n|t:|1700357775\n|move|p1a: Urshifu|Aqua Jet|p2a: Raichu\n|-damage|p2a: Raichu|0 fnt\n|faint|p2a: Raichu\n|\n|-fieldend|move: Electric Terrain\n|upkeep\n|\n|t:|1700357784\n|switch|p2a: Iron Valiant|Iron Valiant|100\/100\n|turn|9\n|\n|t:|1700357789\n|switch|p1a: Araquanid|Araquanid, F|100\/100\n|move|p2a: Iron Valiant|Moonblast|p1a: Araquanid\n|-damage|p1a: Araquanid|38\/100\n|-damage|p2a: Iron Valiant|91\/100|[from] item: Life Orb\n|\n|upkeep\n|turn|10\n|\n|t:|1700357795\n|move|p2a: Iron Valiant|Moonblast|p1a: Araquanid\n|-damage|p1a: Araquanid|0 fnt\n|faint|p1a: Araquanid\n|-damage|p2a: Iron Valiant|81\/100|[from] item: Life Orb\n|\n|upkeep\n|\n|t:|1700357799\n|switch|p1a: Tapu Koko|Tapu Koko|100\/100\n|-fieldstart|move: Electric Terrain|[from] ability: Electric Surge|[of] p1a: Tapu Koko\n|-activate|p2a: Iron Valiant|ability: Quark Drive\n|-start|p2a: Iron Valiant|quarkdrivespe\n|turn|11\n|\n|t:|1700357813\n|-end|p2a: Iron Valiant|Quark Drive|[silent]\n|switch|p2a: Hatterene|Hatterene, F|100\/100\n|move|p1a: Tapu Koko|Dazzling Gleam|p2a: Hatterene\n|-damage|p2a: Hatterene|62\/100\n|-enditem|p2a: Hatterene|Eject Button\n|\n|t:|1700357831\n|switch|p2a: Iron Hands|Iron Hands|100\/100\n|-activate|p2a: Iron Hands|ability: Quark Drive\n|-start|p2a: Iron Hands|quarkdriveatk\n|\n|upkeep\n|turn|12\n|\n|t:|1700357838\n|move|p1a: Tapu Koko|Dazzling Gleam|p2a: Iron Hands\n|-supereffective|p2a: Iron Hands\n|-damage|p2a: Iron Hands|30\/100\n|-zpower|p2a: Iron Hands\n|move|p2a: Iron Hands|Gigavolt Havoc|p1a: Tapu Koko|[zeffect]\n|-resisted|p1a: Tapu Koko\n|-damage|p1a: Tapu Koko|0 fnt\n|faint|p1a: Tapu Koko\n|\n|upkeep\n|\n|t:|1700357846\n|switch|p1a: Urshifu|Urshifu-Rapid-Strike, F|100\/100\n|turn|13\n|\n|t:|1700357849\n|move|p1a: Urshifu|Surging Strikes|p2a: Iron Hands\n|-crit|p2a: Iron Hands\n|-damage|p2a: Iron Hands|11\/100\n|-crit|p2a: Iron Hands\n|-damage|p2a: Iron Hands|0 fnt\n|faint|p2a: Iron Hands\n|-end|p2a: Iron Hands|Quark Drive|[silent]\n|-hitcount|p2: Iron Hands|2\n|\n|upkeep\n|\n|t:|1700357852\n|switch|p2a: Iron Valiant|Iron Valiant|81\/100\n|-activate|p2a: Iron Valiant|ability: Quark Drive\n|-start|p2a: Iron Valiant|quarkdrivespe\n|turn|14\n|\n|t:|1700357857\n|-terastallize|p1a: Urshifu|Fighting\n|move|p2a: Iron Valiant|Moonblast|p1a: Urshifu\n|-supereffective|p1a: Urshifu\n|-damage|p1a: Urshifu|0 fnt\n|faint|p1a: Urshifu\n|-damage|p2a: Iron Valiant|71\/100|[from] item: Life Orb\n|\n|win|Yalpur\n|raw|mengxingzhu's rating: 1576 &rarr; <strong>1566<\/strong><br \/>(-10 for losing)\n|raw|Yalpur's rating: 1765 &rarr; <strong>1775<\/strong><br \/>(+10 for winning)\n","uploadtime":1700357869,"views":7,"p1id":"mengxingzhu","p2id":"yalpur","formatid":"gen9nationaldex","rating":1566,"private":0,"password":""}