{"id":"gen9nationaldex-1991615939","p1":"Satellarish","p2":"Kuzwa","format":"[Gen 9] National Dex","log":"|j|\u2606Satellarish\n|j|\u2606Kuzwa\n|t:|1700094573\n|gametype|singles\n|player|p1|Satellarish|pokemonranger-gen4|1272\n|player|p2|Kuzwa|parasollady|1336\n|teamsize|p1|6\n|teamsize|p2|6\n|gen|9\n|tier|[Gen 9] National Dex\n|rated|\n|rule|HP Percentage Mod: HP is shown in percentages\n|rule|Endless Battle Clause: Forcing endless battles is banned\n|rule|OHKO Clause: OHKO moves are banned\n|rule|Evasion Clause: Evasion abilities, items, and moves are banned\n|rule|Evasion Abilities Clause: Evasion abilities are banned\n|rule|Evasion Items Clause: Evasion items are banned\n|rule|Evasion Moves Clause: Evasion moves are banned\n|rule|Species Clause: Limit one of each Pok\u00e9mon\n|rule|Sleep Clause Mod: Limit one foe put to sleep\n|clearpoke\n|poke|p1|Skeledirge, M|\n|poke|p1|Rotom-Mow|\n|poke|p1|Glimmora, F|\n|poke|p1|Great Tusk|\n|poke|p1|Zarude-Dada|\n|poke|p1|Clodsire, F|\n|poke|p2|Kartana|\n|poke|p2|Weavile, M|\n|poke|p2|Ogerpon-Wellspring, F|\n|poke|p2|Zeraora|\n|poke|p2|Glimmora, M|\n|poke|p2|Blaziken, M|\n|teampreview\n|\n|t:|1700094581\n|start\n|switch|p1a: Clodsire|Clodsire, F|100\/100\n|switch|p2a: thing|Glimmora, M|100\/100\n|-item|p2a: thing|Air Balloon\n|turn|1\n|\n|t:|1700094590\n|move|p2a: thing|Earth Power|p1a: Clodsire\n|-supereffective|p1a: Clodsire\n|-damage|p1a: Clodsire|51\/100\n|move|p1a: Clodsire|Stealth Rock|p2a: thing\n|-sidestart|p2: Kuzwa|move: Stealth Rock\n|\n|-heal|p1a: Clodsire|58\/100|[from] item: Black Sludge\n|upkeep\n|turn|2\n|\n|t:|1700094603\n|switch|p1a: Glimmora|Glimmora, F|100\/100\n|move|p2a: thing|Earth Power|p1a: Glimmora\n|-supereffective|p1a: Glimmora\n|-damage|p1a: Glimmora|0 fnt\n|faint|p1a: Glimmora\n|\n|upkeep\n|\n|t:|1700094611\n|switch|p1a: Rotom|Rotom-Mow|100\/100\n|turn|3\n|\n|t:|1700094617\n|switch|p1a: Clodsire|Clodsire, F|58\/100\n|move|p2a: thing|Sludge Wave|p1a: Clodsire\n|-resisted|p1a: Clodsire\n|-damage|p1a: Clodsire|48\/100\n|\n|-heal|p1a: Clodsire|55\/100|[from] item: Black Sludge\n|upkeep\n|turn|4\n|\n|t:|1700094626\n|switch|p1a: Rotom|Rotom-Mow|100\/100\n|move|p2a: thing|Earth Power|p1a: Rotom\n|-immune|p1a: Rotom|[from] ability: Levitate\n|\n|upkeep\n|turn|5\n|\n|t:|1700094636\n|move|p1a: Rotom|Volt Switch|p2a: thing\n|-damage|p2a: thing|67\/100\n|-enditem|p2a: thing|Air Balloon\n|\n|t:|1700094642\n|switch|p1a: Clodsire|Clodsire, F|55\/100|[from] Volt Switch\n|move|p2a: thing|Mortal Spin|p1a: Clodsire\n|-resisted|p1a: Clodsire\n|-damage|p1a: Clodsire|54\/100\n|-sideend|p2: Kuzwa|Stealth Rock|[from] move: Mortal Spin|[of] p2a: thing\n|\n|-heal|p1a: Clodsire|60\/100|[from] item: Black Sludge\n|upkeep\n|turn|6\n|\n|t:|1700094661\n|switch|p1a: Zarude|Zarude-Dada|100\/100\n|move|p2a: thing|Earth Power|p1a: Zarude\n|-resisted|p1a: Zarude\n|-damage|p1a: Zarude|89\/100\n|\n|-heal|p1a: Zarude|95\/100|[from] item: Leftovers\n|upkeep\n|turn|7\n|inactive|Battle timer is ON: inactive players will automatically lose when time's up. (requested by Kuzwa)\n|\n|t:|1700094686\n|switch|p1a: Rotom|Rotom-Mow|100\/100\n|move|p2a: thing|Sludge Wave|p1a: Rotom\n|-supereffective|p1a: Rotom\n|-damage|p1a: Rotom|0 fnt\n|faint|p1a: Rotom\n|\n|upkeep\n|\n|t:|1700094697\n|switch|p1a: Great Tusk|Great Tusk|100\/100\n|turn|8\n|\n|t:|1700094705\n|move|p1a: Great Tusk|Headlong Rush|p2a: thing\n|-supereffective|p2a: thing\n|-damage|p2a: thing|0 fnt\n|-unboost|p1a: Great Tusk|def|1\n|-unboost|p1a: Great Tusk|spd|1\n|-activate|p2a: thing|ability: Toxic Debris\n|-sidestart|p1: Satellarish|move: Toxic Spikes\n|faint|p2a: thing\n|\n|upkeep\n|\n|t:|1700094711\n|switch|p2a: Junpei Iori|Weavile, M, shiny|100\/100\n|turn|9\n|\n|t:|1700094717\n|-end|p1a: Great Tusk|Protosynthesis|[silent]\n|switch|p1a: Clodsire|Clodsire, F|60\/100\n|-sideend|p1: Satellarish|move: Toxic Spikes|[of] p1a: Clodsire\n|move|p2a: Junpei Iori|Ice Spinner|p1a: Clodsire\n|-supereffective|p1a: Clodsire\n|-damage|p1a: Clodsire|0 fnt\n|faint|p1a: Clodsire\n|\n|upkeep\n|\n|t:|1700094732\n|switch|p1a: Skeledirge|Skeledirge, M|100\/100\n|turn|10\n|\n|t:|1700094737\n|-terastallize|p1a: Skeledirge|Water\n|move|p2a: Junpei Iori|Knock Off|p1a: Skeledirge\n|-damage|p1a: Skeledirge|62\/100\n|-enditem|p1a: Skeledirge|Leftovers|[from] move: Knock Off|[of] p2a: Junpei Iori\n|move|p1a: Skeledirge|Torch Song|p2a: Junpei Iori\n|-supereffective|p2a: Junpei Iori\n|-damage|p2a: Junpei Iori|17\/100\n|-boost|p1a: Skeledirge|spa|1\n|\n|upkeep\n|turn|11\n|\n|t:|1700094751\n|move|p2a: Junpei Iori|Psycho Cut|p1a: Skeledirge\n|-damage|p1a: Skeledirge|42\/100\n|move|p1a: Skeledirge|Torch Song|p2a: Junpei Iori\n|-supereffective|p2a: Junpei Iori\n|-damage|p2a: Junpei Iori|0 fnt\n|-boost|p1a: Skeledirge|spa|1\n|faint|p2a: Junpei Iori\n|\n|upkeep\n|\n|t:|1700094756\n|switch|p2a: Makoto Yuki|Kartana, shiny|100\/100\n|turn|12\n|\n|t:|1700094766\n|switch|p1a: Zarude|Zarude-Dada|95\/100\n|move|p2a: Makoto Yuki|Leaf Blade|p1a: Zarude\n|-resisted|p1a: Zarude\n|-damage|p1a: Zarude|71\/100\n|\n|-heal|p1a: Zarude|77\/100|[from] item: Leftovers\n|upkeep\n|turn|13\n|\n|t:|1700094781\n|switch|p1a: Great Tusk|Great Tusk|100\/100\n|move|p2a: Makoto Yuki|Sacred Sword|p1a: Great Tusk\n|-damage|p1a: Great Tusk|70\/100\n|\n|upkeep\n|turn|14\n|\n|t:|1700094792\n|move|p2a: Makoto Yuki|Leaf Blade|p1a: Great Tusk\n|-supereffective|p1a: Great Tusk\n|-damage|p1a: Great Tusk|0 fnt\n|faint|p1a: Great Tusk\n|-end|p1a: Great Tusk|Protosynthesis|[silent]\n|-ability|p2a: Makoto Yuki|Beast Boost|boost\n|-boost|p2a: Makoto Yuki|atk|1\n|\n|upkeep\n|-message|Satellarish forfeited.\n|\n|win|Kuzwa\n|raw|Satellarish's rating: 1272 &rarr; <strong>1252<\/strong><br \/>(-20 for losing)\n|raw|Kuzwa's rating: 1336 &rarr; <strong>1352<\/strong><br \/>(+16 for winning)\n|l|\u2606Satellarish\n","uploadtime":1700094802,"views":4,"p1id":"satellarish","p2id":"kuzwa","formatid":"gen9nationaldex","rating":1252,"private":0,"password":""}