{"id":"gen9nationaldex-1990980438","p1":"milton00110011","p2":"Shelmett","format":"[Gen 9] National Dex","log":"|j|\u2606milton00110011\n|j|\u2606Shelmett\n|t:|1700022784\n|gametype|singles\n|player|p1|milton00110011|265|1181\n|player|p2|Shelmett|roxie|1112\n|teamsize|p1|6\n|teamsize|p2|6\n|gen|9\n|tier|[Gen 9] National Dex\n|rated|\n|rule|HP Percentage Mod: HP is shown in percentages\n|rule|Endless Battle Clause: Forcing endless battles is banned\n|rule|OHKO Clause: OHKO moves are banned\n|rule|Evasion Clause: Evasion abilities, items, and moves are banned\n|rule|Evasion Abilities Clause: Evasion abilities are banned\n|rule|Evasion Items Clause: Evasion items are banned\n|rule|Evasion Moves Clause: Evasion moves are banned\n|rule|Species Clause: Limit one of each Pok\u00e9mon\n|rule|Sleep Clause Mod: Limit one foe put to sleep\n|clearpoke\n|poke|p1|Moltres|\n|poke|p1|Rillaboom, F|\n|poke|p1|Cinderace, F|\n|poke|p1|Mawile, M|\n|poke|p1|Dondozo, M|\n|poke|p1|Landorus-Therian, M|\n|poke|p2|Great Tusk|\n|poke|p2|Kartana|\n|poke|p2|Skeledirge, F|\n|poke|p2|Pidgeot, F|\n|poke|p2|Rotom-Wash|\n|poke|p2|Alomomola, M|\n|teampreview\n|\n|t:|1700022800\n|start\n|switch|p1a: Moltres|Moltres|100\/100\n|switch|p2a: Alomomola|Alomomola, M|100\/100\n|turn|1\n|\n|t:|1700022808\n|switch|p1a: Rillaboom|Rillaboom, F|100\/100\n|-fieldstart|move: Grassy Terrain|[from] ability: Grassy Surge|[of] p1a: Rillaboom\n|move|p2a: Alomomola|Swagger|p1a: Rillaboom\n|-boost|p1a: Rillaboom|atk|2\n|-enditem|p2a: Alomomola|Mirror Herb\n|-boost|p2a: Alomomola|atk|2|[from] item: Mirror Herb\n|-start|p1a: Rillaboom|confusion\n|\n|upkeep\n|turn|2\n|\n|t:|1700022818\n|-terastallize|p2a: Alomomola|Flying\n|-activate|p1a: Rillaboom|confusion\n|move|p1a: Rillaboom|Grassy Glide|p2a: Alomomola\n|-resisted|p2a: Alomomola\n|-damage|p2a: Alomomola|66\/100\n|-damage|p1a: Rillaboom|91\/100|[from] item: Life Orb\n|move|p2a: Alomomola|Acrobatics|p1a: Rillaboom\n|-supereffective|p1a: Rillaboom\n|-damage|p1a: Rillaboom|0 fnt\n|faint|p1a: Rillaboom\n|\n|upkeep\n|\n|t:|1700022841\n|switch|p1a: Moltres|Moltres|100\/100\n|turn|3\n|\n|t:|1700022852\n|-terastallize|p1a: Moltres|Fire\n|move|p1a: Moltres|Burn Up|p2a: Alomomola\n|-damage|p2a: Alomomola|0 fnt\n|-start|p1a: Moltres|typechange|Fire|[from] move: Burn Up\n|faint|p2a: Alomomola\n|-damage|p1a: Moltres|91\/100|[from] item: Life Orb\n|\n|-heal|p1a: Moltres|97\/100|[from] Grassy Terrain\n|upkeep\n|\n|t:|1700022876\n|switch|p2a: Rotom|Rotom-Wash|100\/100\n|turn|4\n|\n|t:|1700022893\n|switch|p1a: Mawile|Mawile, M|100\/100\n|move|p2a: Rotom|Volt Switch|p1a: Mawile\n|-damage|p1a: Mawile|44\/100\n|\n|t:|1700022906\n|switch|p2a: Pidgeot|Pidgeot, F|100\/100|[from] Volt Switch\n|\n|-heal|p1a: Mawile|51\/100|[from] Grassy Terrain\n|upkeep\n|turn|5\n|\n|t:|1700022915\n|detailschange|p2a: Pidgeot|Pidgeot-Mega, F\n|-mega|p2a: Pidgeot|Pidgeot|Pidgeotite\n|detailschange|p1a: Mawile|Mawile-Mega, M\n|-mega|p1a: Mawile|Mawile|Mawilite\n|move|p1a: Mawile|Sucker Punch|p2a: Pidgeot\n|-damage|p2a: Pidgeot|43\/100\n|move|p2a: Pidgeot|Heat Wave|p1a: Mawile\n|-supereffective|p1a: Mawile\n|-damage|p1a: Mawile|0 fnt\n|faint|p1a: Mawile\n|\n|-fieldend|move: Grassy Terrain\n|upkeep\n|\n|t:|1700022942\n|switch|p1a: Moltres|Moltres, tera:Fire|97\/100\n|turn|6\n|\n|t:|1700022946\n|move|p2a: Pidgeot|Hurricane|p1a: Moltres\n|-damage|p1a: Moltres|25\/100\n|move|p1a: Moltres|Agility|p1a: Moltres\n|-boost|p1a: Moltres|spe|2\n|\n|upkeep\n|turn|7\n|\n|t:|1700022959\n|move|p2a: Pidgeot|Quick Attack|p1a: Moltres\n|-damage|p1a: Moltres|13\/100\n|move|p1a: Moltres|Burn Up|p2a: Pidgeot\n|-damage|p2a: Pidgeot|0 fnt\n|-start|p1a: Moltres|typechange|Fire|[from] move: Burn Up\n|faint|p2a: Pidgeot\n|-damage|p1a: Moltres|3\/100|[from] item: Life Orb\n|\n|upkeep\n|\n|t:|1700022975\n|switch|p2a: Rotom|Rotom-Wash|100\/100\n|turn|8\n|\n|t:|1700022987\n|move|p1a: Moltres|Roost|p1a: Moltres\n|-heal|p1a: Moltres|53\/100\n|move|p2a: Rotom|Thunder Wave|p1a: Moltres\n|-status|p1a: Moltres|par\n|\n|upkeep\n|turn|9\n|\n|t:|1700022995\n|move|p1a: Moltres|Burn Up|p2a: Rotom\n|-resisted|p2a: Rotom\n|-damage|p2a: Rotom|20\/100\n|-start|p1a: Moltres|typechange|Fire|[from] move: Burn Up\n|-damage|p1a: Moltres|43\/100 par|[from] item: Life Orb\n|move|p2a: Rotom|Hydro Pump|p1a: Moltres\n|-supereffective|p1a: Moltres\n|-damage|p1a: Moltres|0 fnt\n|faint|p1a: Moltres\n|\n|-heal|p2a: Rotom|27\/100|[from] item: Leftovers\n|upkeep\n|\n|t:|1700023009\n|switch|p1a: Cinderace|Cinderace, F|100\/100\n|turn|10\n|\n|t:|1700023016\n|move|p1a: Cinderace|U-turn|p2a: Rotom\n|-start|p1a: Cinderace|typechange|Bug|[from] ability: Libero\n|-damage|p2a: Rotom|0 fnt\n|faint|p2a: Rotom\n|\n|t:|1700023022\n|switch|p1a: Landorus|Landorus-Therian, M|100\/100|[from] U-turn\n|\n|upkeep\n|\n|t:|1700023026\n|switch|p2a: Great Tusk|Great Tusk|100\/100\n|turn|11\n|\n|t:|1700023032\n|move|p1a: Landorus|Fly||[still]\n|-prepare|p1a: Landorus|Fly\n|move|p2a: Great Tusk|Rapid Spin|p1a: Landorus|[miss]\n|-miss|p2a: Great Tusk|p1a: Landorus\n|\n|upkeep\n|turn|12\n|\n|t:|1700023050\n|-end|p2a: Great Tusk|Protosynthesis|[silent]\n|switch|p2a: Skeledirge|Skeledirge, F|100\/100\n|move|p1a: Landorus|Fly|p2a: Skeledirge|[from]lockedmove\n|-damage|p2a: Skeledirge|57\/100\n|\n|-heal|p2a: Skeledirge|63\/100|[from] item: Leftovers\n|upkeep\n|turn|13\n|\n|t:|1700023066\n|move|p1a: Landorus|Earthquake|p2a: Skeledirge\n|-supereffective|p2a: Skeledirge\n|-damage|p2a: Skeledirge|0 fnt\n|faint|p2a: Skeledirge\n|\n|upkeep\n|\n|t:|1700023068\n|switch|p2a: Great Tusk|Great Tusk|100\/100\n|turn|14\n|\n|t:|1700023085\n|-zpower|p1a: Landorus\n|move|p1a: Landorus|Supersonic Skystrike|p2a: Great Tusk|[zeffect]\n|-supereffective|p2a: Great Tusk\n|-crit|p2a: Great Tusk\n|-damage|p2a: Great Tusk|0 fnt\n|faint|p2a: Great Tusk\n|-end|p2a: Great Tusk|Protosynthesis|[silent]\n|\n|upkeep\n|\n|t:|1700023087\n|switch|p2a: Kartana|Kartana|100\/100\n|turn|15\n|\n|t:|1700023096\n|move|p2a: Kartana|Leaf Blade|p1a: Landorus\n|-damage|p1a: Landorus|28\/100\n|move|p1a: Landorus|Earthquake|p2a: Kartana\n|-damage|p2a: Kartana|40\/100\n|\n|upkeep\n|turn|16\n|\n|t:|1700023107\n|move|p2a: Kartana|Leaf Blade|p1a: Landorus\n|-damage|p1a: Landorus|0 fnt\n|faint|p1a: Landorus\n|-ability|p2a: Kartana|Beast Boost|boost\n|-boost|p2a: Kartana|atk|1\n|\n|upkeep\n|\n|t:|1700023112\n|switch|p1a: Cinderace|Cinderace, F|100\/100\n|turn|17\n|\n|t:|1700023115\n|move|p2a: Kartana|Leaf Blade|p1a: Cinderace\n|-resisted|p1a: Cinderace\n|-damage|p1a: Cinderace|40\/100\n|move|p1a: Cinderace|Pyro Ball|p2a: Kartana\n|-supereffective|p2a: Kartana\n|-damage|p2a: Kartana|0 fnt\n|faint|p2a: Kartana\n|\n|win|milton00110011\n|raw|milton00110011's rating: 1181 &rarr; <strong>1201<\/strong><br \/>(+20 for winning)\n|raw|Shelmett's rating: 1112 &rarr; <strong>1092<\/strong><br \/>(-20 for losing)\n|l|\u2606milton00110011\n","uploadtime":1700023127,"views":4,"p1id":"milton00110011","p2id":"shelmett","formatid":"gen9nationaldex","rating":1092,"private":0,"password":""}