{"id":"gen9nationaldex-1992712087","p1":"sithred8","p2":"creampiedforfun","format":"[Gen 9] National Dex","log":"|j|\u2606sithred8\n|j|\u2606creampiedforfun\n|t:|1700228078\n|gametype|singles\n|player|p1|sithred8|265|1480\n|player|p2|creampiedforfun|101|1450\n|teamsize|p1|6\n|teamsize|p2|6\n|gen|9\n|tier|[Gen 9] National Dex\n|rated|\n|rule|HP Percentage Mod: HP is shown in percentages\n|rule|Endless Battle Clause: Forcing endless battles is banned\n|rule|OHKO Clause: OHKO moves are banned\n|rule|Evasion Clause: Evasion abilities, items, and moves are banned\n|rule|Evasion Abilities Clause: Evasion abilities are banned\n|rule|Evasion Items Clause: Evasion items are banned\n|rule|Evasion Moves Clause: Evasion moves are banned\n|rule|Species Clause: Limit one of each Pok\u00e9mon\n|rule|Sleep Clause Mod: Limit one foe put to sleep\n|clearpoke\n|poke|p1|Garchomp, M|\n|poke|p1|Scizor, M|\n|poke|p1|Dragonite, F|\n|poke|p1|Thundurus-Therian, M|\n|poke|p1|Cloyster, F|\n|poke|p1|Whimsicott, M|\n|poke|p2|Mawile, M|\n|poke|p2|Blaziken, M|\n|poke|p2|Corviknight, M|\n|poke|p2|Chansey, F|\n|poke|p2|Mamoswine, F|\n|poke|p2|Landorus-Therian, M|\n|teampreview\n|\n|t:|1700228090\n|start\n|switch|p1a: Thundurus|Thundurus-Therian, M|100\/100\n|switch|p2a: Landorus|Landorus-Therian, M|100\/100\n|-ability|p2a: Landorus|Intimidate|boost\n|-unboost|p1a: Thundurus|atk|1\n|turn|1\n|\n|t:|1700228094\n|move|p2a: Landorus|Rock Slide|p1a: Thundurus\n|-supereffective|p1a: Thundurus\n|-enditem|p1a: Thundurus|Charti Berry|[eat]\n|-enditem|p1a: Thundurus|Charti Berry|[weaken]\n|-damage|p1a: Thundurus|53\/100\n|cant|p1a: Thundurus|flinch\n|\n|upkeep\n|turn|2\n|\n|t:|1700228106\n|switch|p1a: Garchomp|Garchomp, M, shiny|100\/100\n|move|p2a: Landorus|Rock Slide|p1a: Garchomp\n|-resisted|p1a: Garchomp\n|-damage|p1a: Garchomp|86\/100\n|\n|upkeep\n|turn|3\n|\n|t:|1700228110\n|switch|p2a: Corviknight|Corviknight, M|100\/100\n|move|p1a: Garchomp|Stealth Rock|p2a: Corviknight\n|-sidestart|p2: creampiedforfun|move: Stealth Rock\n|\n|upkeep\n|turn|4\n|\n|t:|1700228116\n|switch|p1a: Thundurus|Thundurus-Therian, M|53\/100\n|move|p2a: Corviknight|Iron Defense|p2a: Corviknight\n|-boost|p2a: Corviknight|def|2\n|\n|upkeep\n|turn|5\n|\n|t:|1700228121\n|switch|p2a: Mamoswine|Mamoswine, F|100\/100\n|-damage|p2a: Mamoswine|88\/100|[from] Stealth Rock\n|move|p1a: Thundurus|Nasty Plot|p1a: Thundurus\n|-boost|p1a: Thundurus|spa|2\n|\n|upkeep\n|turn|6\n|\n|t:|1700228128\n|move|p2a: Mamoswine|Ice Shard|p1a: Thundurus\n|-supereffective|p1a: Thundurus\n|-damage|p1a: Thundurus|0 fnt\n|faint|p1a: Thundurus\n|\n|upkeep\n|\n|t:|1700228135\n|switch|p1a: Cloyster|Cloyster, F|100\/100\n|turn|7\n|\n|t:|1700228140\n|move|p1a: Cloyster|Shell Smash|p1a: Cloyster\n|-unboost|p1a: Cloyster|def|1\n|-unboost|p1a: Cloyster|spd|1\n|-boost|p1a: Cloyster|atk|2\n|-boost|p1a: Cloyster|spa|2\n|-boost|p1a: Cloyster|spe|2\n|move|p2a: Mamoswine|Earthquake|p1a: Cloyster\n|-damage|p1a: Cloyster|44\/100\n|\n|upkeep\n|turn|8\n|\n|t:|1700228150\n|move|p1a: Cloyster|Liquidation|p2a: Mamoswine\n|-supereffective|p2a: Mamoswine\n|-damage|p2a: Mamoswine|0 fnt\n|faint|p2a: Mamoswine\n|\n|upkeep\n|\n|t:|1700228155\n|switch|p2a: Corviknight|Corviknight, M|100\/100\n|-damage|p2a: Corviknight|88\/100|[from] Stealth Rock\n|turn|9\n|\n|t:|1700228165\n|move|p1a: Cloyster|Icicle Spear|p2a: Corviknight\n|-damage|p2a: Corviknight|74\/100\n|-damage|p2a: Corviknight|60\/100\n|-damage|p2a: Corviknight|47\/100\n|-damage|p2a: Corviknight|34\/100\n|-damage|p2a: Corviknight|19\/100\n|-hitcount|p2a: Corviknight|5\n|move|p2a: Corviknight|Body Press|p1a: Cloyster\n|-supereffective|p1a: Cloyster\n|-damage|p1a: Cloyster|0 fnt\n|faint|p1a: Cloyster\n|\n|upkeep\n|\n|t:|1700228178\n|switch|p1a: Scizor|Scizor, M|100\/100\n|turn|10\n|\n|t:|1700228182\n|detailschange|p1a: Scizor|Scizor-Mega, M\n|-mega|p1a: Scizor|Scizor|Scizorite\n|move|p1a: Scizor|Swords Dance|p1a: Scizor\n|-boost|p1a: Scizor|atk|2\n|move|p2a: Corviknight|Roost|p2a: Corviknight\n|-heal|p2a: Corviknight|69\/100\n|-singleturn|p2a: Corviknight|move: Roost\n|\n|upkeep\n|turn|11\n|\n|t:|1700228195\n|move|p1a: Scizor|Bullet Punch|p2a: Corviknight\n|-resisted|p2a: Corviknight\n|-damage|p2a: Corviknight|52\/100\n|-damage|p1a: Scizor|84\/100|[from] item: Rocky Helmet|[of] p2a: Corviknight\n|move|p2a: Corviknight|Iron Defense|p2a: Corviknight\n|-boost|p2a: Corviknight|def|2\n|\n|upkeep\n|turn|12\n|\n|t:|1700228201\n|switch|p1a: Whimsicott|Whimsicott, M|100\/100\n|move|p2a: Corviknight|Roost|p2a: Corviknight\n|-heal|p2a: Corviknight|100\/100\n|-singleturn|p2a: Corviknight|move: Roost\n|\n|upkeep\n|turn|13\n|\n|t:|1700228204\n|move|p1a: Whimsicott|Encore|p2a: Corviknight\n|-start|p2a: Corviknight|Encore\n|move|p2a: Corviknight|Roost||[still]\n|-fail|p2a: Corviknight|heal\n|\n|upkeep\n|turn|14\n|\n|t:|1700228213\n|switch|p1a: Garchomp|Garchomp, M, shiny|86\/100\n|switch|p2a: Landorus|Landorus-Therian, M|100\/100\n|-damage|p2a: Landorus|88\/100|[from] Stealth Rock\n|-ability|p2a: Landorus|Intimidate|boost\n|-unboost|p1a: Garchomp|atk|1\n|\n|upkeep\n|turn|15\n|\n|t:|1700228218\n|move|p2a: Landorus|Earthquake|p1a: Garchomp\n|-crit|p1a: Garchomp\n|-damage|p1a: Garchomp|0 fnt\n|faint|p1a: Garchomp\n|\n|upkeep\n|\n|t:|1700228227\n|switch|p1a: Dragonite|Dragonite, F|100\/100\n|turn|16\n|\n|t:|1700228232\n|switch|p2a: Corviknight|Corviknight, M|100\/100\n|-damage|p2a: Corviknight|88\/100|[from] Stealth Rock\n|move|p1a: Dragonite|Curse|p1a: Dragonite\n|-unboost|p1a: Dragonite|spe|1\n|-boost|p1a: Dragonite|atk|1\n|-boost|p1a: Dragonite|def|1\n|\n|upkeep\n|turn|17\n|\n|t:|1700228245\n|move|p2a: Corviknight|Iron Defense|p2a: Corviknight\n|-boost|p2a: Corviknight|def|2\n|move|p1a: Dragonite|Curse|p1a: Dragonite\n|-unboost|p1a: Dragonite|spe|1\n|-boost|p1a: Dragonite|atk|1\n|-boost|p1a: Dragonite|def|1\n|\n|upkeep\n|turn|18\n|\n|t:|1700228251\n|move|p1a: Dragonite|Extreme Speed|p2a: Corviknight\n|-resisted|p2a: Corviknight\n|-damage|p2a: Corviknight|79\/100\n|-damage|p1a: Dragonite|84\/100|[from] item: Rocky Helmet|[of] p2a: Corviknight\n|move|p2a: Corviknight|Body Press|p1a: Dragonite\n|-resisted|p1a: Dragonite\n|-damage|p1a: Dragonite|73\/100\n|\n|upkeep\n|turn|19\n|-message|sithred8 forfeited.\n|\n|win|creampiedforfun\n|raw|sithred8's rating: 1480 &rarr; <strong>1458<\/strong><br \/>(-22 for losing)\n|raw|creampiedforfun's rating: 1450 &rarr; <strong>1472<\/strong><br \/>(+22 for winning)\n|l|\u2606creampiedforfun\n","uploadtime":1700228862,"views":6,"p1id":"sithred8","p2id":"creampiedforfun","formatid":"gen9nationaldex","rating":1458,"private":0,"password":""}