{"id":"gen9nationaldex-1991978415","p1":"sithred8","p2":"aaso","format":"[Gen 9] National Dex","log":"|j|\u2606sithred8\n|j|\u2606aaso\n|t:|1700144533\n|gametype|singles\n|player|p1|sithred8|169|1465\n|player|p2|aaso|265|1355\n|teamsize|p1|6\n|teamsize|p2|6\n|gen|9\n|tier|[Gen 9] National Dex\n|rated|\n|rule|HP Percentage Mod: HP is shown in percentages\n|rule|Endless Battle Clause: Forcing endless battles is banned\n|rule|OHKO Clause: OHKO moves are banned\n|rule|Evasion Clause: Evasion abilities, items, and moves are banned\n|rule|Evasion Abilities Clause: Evasion abilities are banned\n|rule|Evasion Items Clause: Evasion items are banned\n|rule|Evasion Moves Clause: Evasion moves are banned\n|rule|Species Clause: Limit one of each Pok\u00e9mon\n|rule|Sleep Clause Mod: Limit one foe put to sleep\n|clearpoke\n|poke|p1|Garchomp, M|\n|poke|p1|Scizor, M|\n|poke|p1|Dragonite, M|\n|poke|p1|Thundurus-Therian, M|\n|poke|p1|Ogerpon, F|\n|poke|p1|Cloyster, F|\n|poke|p2|Togekiss, F|\n|poke|p2|Slowking, M|\n|poke|p2|Dragonite, M|\n|poke|p2|Magnezone|\n|poke|p2|Ursaluna, M|\n|poke|p2|Garganacl, M|\n|teampreview\n|c|\u2606sithred8|2023-11-16 22:22:15\n|c|\u2606aaso|what\n|\n|t:|1700144576\n|start\n|switch|p1a: Cloyster|Cloyster, F|100\/100\n|switch|p2a: Slowking|Slowking, M|100\/100\n|turn|1\n|\n|t:|1700144584\n|move|p1a: Cloyster|Shell Smash|p1a: Cloyster\n|-unboost|p1a: Cloyster|def|1\n|-unboost|p1a: Cloyster|spd|1\n|-boost|p1a: Cloyster|atk|2\n|-boost|p1a: Cloyster|spa|2\n|-boost|p1a: Cloyster|spe|2\n|move|p2a: Slowking|Trick Room|p2a: Slowking\n|-fieldstart|move: Trick Room|[of] p2a: Slowking\n|\n|upkeep\n|turn|2\n|\n|t:|1700144598\n|move|p2a: Slowking|Scald|p1a: Cloyster\n|-resisted|p1a: Cloyster\n|-damage|p1a: Cloyster|44\/100\n|-status|p1a: Cloyster|brn\n|move|p1a: Cloyster|Shell Smash|p1a: Cloyster\n|-unboost|p1a: Cloyster|def|1\n|-unboost|p1a: Cloyster|spd|1\n|-boost|p1a: Cloyster|atk|2\n|-boost|p1a: Cloyster|spa|2\n|-boost|p1a: Cloyster|spe|2\n|\n|-damage|p1a: Cloyster|38\/100 brn|[from] brn\n|upkeep\n|turn|3\n|\n|t:|1700144605\n|move|p1a: Cloyster|Ice Shard|p2a: Slowking\n|-resisted|p2a: Slowking\n|-damage|p2a: Slowking|87\/100\n|move|p2a: Slowking|Scald|p1a: Cloyster\n|-resisted|p1a: Cloyster\n|-damage|p1a: Cloyster|0 fnt\n|faint|p1a: Cloyster\n|\n|-heal|p2a: Slowking|93\/100|[from] item: Leftovers\n|upkeep\n|\n|t:|1700144610\n|switch|p1a: Dragonite|Dragonite, M|100\/100\n|turn|4\n|inactive|Battle timer is ON: inactive players will automatically lose when time's up. (requested by aaso)\n|\n|t:|1700144623\n|move|p1a: Dragonite|Curse|p1a: Dragonite\n|-unboost|p1a: Dragonite|spe|1\n|-boost|p1a: Dragonite|atk|1\n|-boost|p1a: Dragonite|def|1\n|move|p2a: Slowking|Teleport|p2a: Slowking\n|\n|t:|1700144626\n|switch|p2a: Ursaluna|Ursaluna, M|100\/100|[from] Teleport\n|\n|upkeep\n|turn|5\n|\n|t:|1700144635\n|move|p2a: Ursaluna|Ice Punch|p1a: Dragonite\n|-supereffective|p1a: Dragonite\n|-damage|p1a: Dragonite|51\/100\n|move|p1a: Dragonite|Curse|p1a: Dragonite\n|-unboost|p1a: Dragonite|spe|1\n|-boost|p1a: Dragonite|atk|1\n|-boost|p1a: Dragonite|def|1\n|\n|-fieldend|move: Trick Room\n|upkeep\n|turn|6\n|\n|t:|1700144645\n|-terastallize|p1a: Dragonite|Normal\n|move|p1a: Dragonite|Extreme Speed|p2a: Ursaluna\n|-crit|p2a: Ursaluna\n|-damage|p2a: Ursaluna|10\/100\n|move|p2a: Ursaluna|Ice Punch|p1a: Dragonite\n|-damage|p1a: Dragonite|34\/100\n|\n|upkeep\n|turn|7\n|c|\u2606sithred8|no guts\n|\n|t:|1700144655\n|move|p1a: Dragonite|Extreme Speed|p2a: Ursaluna\n|-damage|p2a: Ursaluna|0 fnt\n|faint|p2a: Ursaluna\n|\n|upkeep\n|\n|t:|1700144658\n|switch|p2a: Magnezone|Magnezone|100\/100\n|turn|8\n|\n|t:|1700144663\n|move|p2a: Magnezone|Thunderbolt|p1a: Dragonite\n|-damage|p1a: Dragonite|0 fnt\n|faint|p1a: Dragonite\n|\n|upkeep\n|\n|t:|1700144668\n|switch|p1a: Garchomp|Garchomp, M, shiny|100\/100\n|turn|9\n|c|\u2606aaso|nah hes banded\n|\n|t:|1700144680\n|switch|p2a: Togekiss|Togekiss, F|100\/100\n|move|p1a: Garchomp|Stealth Rock|p2a: Togekiss\n|-sidestart|p2: aaso|move: Stealth Rock\n|\n|upkeep\n|turn|10\n|\n|t:|1700144688\n|switch|p1a: Scizor|Scizor, M|100\/100\n|move|p2a: Togekiss|Air Slash|p1a: Scizor\n|-damage|p1a: Scizor|59\/100\n|\n|upkeep\n|turn|11\n|\n|t:|1700144701\n|switch|p2a: Dragonite|Dragonite, M|100\/100\n|detailschange|p1a: Scizor|Scizor-Mega, M\n|-mega|p1a: Scizor|Scizor|Scizorite\n|move|p1a: Scizor|Bullet Punch|p2a: Dragonite\n|-damage|p2a: Dragonite|84\/100\n|\n|upkeep\n|turn|12\n|\n|t:|1700144712\n|move|p1a: Scizor|Bullet Punch|p2a: Dragonite\n|-damage|p2a: Dragonite|51\/100\n|move|p2a: Dragonite|Dragon Dance|p2a: Dragonite\n|-boost|p2a: Dragonite|atk|1\n|-boost|p2a: Dragonite|spe|1\n|\n|upkeep\n|turn|13\n|\n|t:|1700144722\n|move|p1a: Scizor|Bullet Punch|p2a: Dragonite\n|-damage|p2a: Dragonite|16\/100\n|move|p2a: Dragonite|Dual Wingbeat|p1a: Scizor\n|-damage|p1a: Scizor|40\/100\n|-damage|p1a: Scizor|20\/100\n|-hitcount|p1a: Scizor|2\n|\n|upkeep\n|turn|14\n|\n|t:|1700144730\n|-terastallize|p2a: Dragonite|Normal\n|move|p2a: Dragonite|Extreme Speed|p1a: Scizor\n|-resisted|p1a: Scizor\n|-damage|p1a: Scizor|3\/100\n|move|p1a: Scizor|Bullet Punch|p2a: Dragonite\n|-damage|p2a: Dragonite|0 fnt\n|faint|p2a: Dragonite\n|\n|upkeep\n|\n|t:|1700144751\n|switch|p2a: Magnezone|Magnezone|100\/100\n|-damage|p2a: Magnezone|94\/100|[from] Stealth Rock\n|turn|15\n|\n|t:|1700144761\n|move|p1a: Scizor|Roost|p1a: Scizor\n|-heal|p1a: Scizor|53\/100\n|-singleturn|p1a: Scizor|move: Roost\n|move|p2a: Magnezone|Flash Cannon|p1a: Scizor\n|-resisted|p1a: Scizor\n|-damage|p1a: Scizor|23\/100\n|\n|upkeep\n|turn|16\n|\n|t:|1700144772\n|move|p1a: Scizor|Roost|p1a: Scizor\n|-heal|p1a: Scizor|73\/100\n|-singleturn|p1a: Scizor|move: Roost\n|move|p2a: Magnezone|Flash Cannon|p1a: Scizor\n|-resisted|p1a: Scizor\n|-damage|p1a: Scizor|40\/100\n|\n|upkeep\n|turn|17\n|\n|t:|1700144777\n|move|p1a: Scizor|Roost|p1a: Scizor\n|-heal|p1a: Scizor|90\/100\n|-singleturn|p1a: Scizor|move: Roost\n|move|p2a: Magnezone|Flash Cannon|p1a: Scizor\n|-resisted|p1a: Scizor\n|-damage|p1a: Scizor|55\/100\n|\n|upkeep\n|turn|18\n|\n|t:|1700144782\n|move|p1a: Scizor|Swords Dance|p1a: Scizor\n|-boost|p1a: Scizor|atk|2\n|move|p2a: Magnezone|Flash Cannon|p1a: Scizor\n|-resisted|p1a: Scizor\n|-damage|p1a: Scizor|24\/100\n|\n|upkeep\n|turn|19\n|\n|t:|1700144787\n|switch|p2a: Slowking|Slowking, M|100\/100\n|-damage|p2a: Slowking|88\/100|[from] Stealth Rock\n|move|p1a: Scizor|U-turn|p2a: Slowking\n|-supereffective|p2a: Slowking\n|-damage|p2a: Slowking|0 fnt\n|faint|p2a: Slowking\n|\n|t:|1700144800\n|switch|p1a: Ogerpon|Ogerpon, F|100\/100|[from] U-turn\n|\n|upkeep\n|\n|t:|1700144803\n|switch|p2a: Togekiss|Togekiss, F|100\/100\n|-damage|p2a: Togekiss|76\/100|[from] Stealth Rock\n|turn|20\n|\n|t:|1700144809\n|switch|p1a: Thundurus|Thundurus-Therian, M|100\/100\n|move|p2a: Togekiss|Air Slash|p1a: Thundurus|[miss]\n|-miss|p2a: Togekiss|p1a: Thundurus\n|\n|upkeep\n|turn|21\n|\n|t:|1700144815\n|switch|p2a: Magnezone|Magnezone|94\/100\n|-damage|p2a: Magnezone|88\/100|[from] Stealth Rock\n|move|p1a: Thundurus|Nasty Plot|p1a: Thundurus\n|-boost|p1a: Thundurus|spa|2\n|\n|upkeep\n|turn|22\n|\n|t:|1700144821\n|move|p1a: Thundurus|Focus Blast|p2a: Magnezone\n|-supereffective|p2a: Magnezone\n|-damage|p2a: Magnezone|0 fnt\n|faint|p2a: Magnezone\n|\n|upkeep\n|-message|aaso forfeited.\n|\n|win|sithred8\n|raw|sithred8's rating: 1465 &rarr; <strong>1479<\/strong><br \/>(+14 for winning)\n|raw|aaso's rating: 1355 &rarr; <strong>1341<\/strong><br \/>(-14 for losing)\n|l|\u2606aaso\n|c|\u2606sithred8|2023-11-16 22:27:07\n","uploadtime":1700145958,"views":4,"p1id":"sithred8","p2id":"aaso","formatid":"gen9nationaldex","rating":1341,"private":0,"password":""}