{"id":"gen9nationaldex-1991173382","p1":"Ribbit Mania","p2":"Liu11","format":"[Gen 9] National Dex","log":"|j|\u2606Ribbit Mania\n|j|\u2606Liu11\n|t:|1700053411\n|gametype|singles\n|player|p1|Ribbit Mania|skierf|1089\n|player|p2|Liu11|dragontamer|1027\n|teamsize|p1|6\n|teamsize|p2|6\n|gen|9\n|tier|[Gen 9] National Dex\n|rated|\n|rule|HP Percentage Mod: HP is shown in percentages\n|rule|Endless Battle Clause: Forcing endless battles is banned\n|rule|OHKO Clause: OHKO moves are banned\n|rule|Evasion Clause: Evasion abilities, items, and moves are banned\n|rule|Evasion Abilities Clause: Evasion abilities are banned\n|rule|Evasion Items Clause: Evasion items are banned\n|rule|Evasion Moves Clause: Evasion moves are banned\n|rule|Species Clause: Limit one of each Pok\u00e9mon\n|rule|Sleep Clause Mod: Limit one foe put to sleep\n|clearpoke\n|poke|p1|Maushold|\n|poke|p1|Cloyster, F|\n|poke|p1|Cinccino, F|\n|poke|p1|Gliscor, M|\n|poke|p1|Blaziken, F|\n|poke|p1|Beedrill, F|\n|poke|p2|Garganacl, M|\n|poke|p2|Gliscor, F|\n|poke|p2|Greninja-*, M|\n|poke|p2|Charizard, M|\n|poke|p2|Kartana|\n|poke|p2|Iron Hands|\n|teampreview\n|inactive|Battle timer is ON: inactive players will automatically lose when time's up. (requested by Ribbit Mania)\n|inactive|Liu11 has 120 seconds left.\n|\n|t:|1700053456\n|start\n|switch|p1a: Euphemism|Cloyster, F|100\/100\n|switch|p2a: Charizard|Charizard, M, shiny|100\/100\n|turn|1\n|\n|t:|1700053471\n|detailschange|p2a: Charizard|Charizard-Mega-Y, M, shiny\n|-mega|p2a: Charizard|Charizard|Charizardite Y\n|-weather|SunnyDay|[from] ability: Drought|[of] p2a: Charizard\n|move|p2a: Charizard|Focus Blast|p1a: Euphemism\n|-supereffective|p1a: Euphemism\n|-enditem|p1a: Euphemism|Focus Sash\n|-damage|p1a: Euphemism|1\/100\n|move|p1a: Euphemism|Shell Smash|p1a: Euphemism\n|-unboost|p1a: Euphemism|def|1\n|-unboost|p1a: Euphemism|spd|1\n|-boost|p1a: Euphemism|atk|2\n|-boost|p1a: Euphemism|spa|2\n|-boost|p1a: Euphemism|spe|2\n|\n|-weather|SunnyDay|[upkeep]\n|upkeep\n|turn|2\n|\n|t:|1700053488\n|move|p1a: Euphemism|Icicle Spear|p2a: Charizard\n|-damage|p2a: Charizard|70\/100\n|-damage|p2a: Charizard|40\/100\n|-damage|p2a: Charizard|4\/100\n|-damage|p2a: Charizard|0 fnt\n|faint|p2a: Charizard\n|-hitcount|p2: Charizard|4\n|\n|-weather|SunnyDay|[upkeep]\n|upkeep\n|\n|t:|1700053497\n|switch|p2a: Greninja|Greninja, M|100\/100\n|turn|3\n|\n|t:|1700053510\n|move|p1a: Euphemism|Protect|p1a: Euphemism\n|-singleturn|p1a: Euphemism|Protect\n|move|p2a: Greninja|Brick Break|p1a: Euphemism\n|-activate|p1a: Euphemism|move: Protect\n|\n|-weather|SunnyDay|[upkeep]\n|upkeep\n|turn|4\n|\n|t:|1700053513\n|move|p1a: Euphemism|Icicle Spear|p2a: Greninja\n|-resisted|p2a: Greninja\n|-damage|p2a: Greninja|82\/100\n|-resisted|p2a: Greninja\n|-damage|p2a: Greninja|63\/100\n|-resisted|p2a: Greninja\n|-damage|p2a: Greninja|43\/100\n|-resisted|p2a: Greninja\n|-damage|p2a: Greninja|24\/100\n|-resisted|p2a: Greninja\n|-damage|p2a: Greninja|4\/100\n|-hitcount|p2a: Greninja|5\n|move|p2a: Greninja|Brick Break|p1a: Euphemism\n|-supereffective|p1a: Euphemism\n|-damage|p1a: Euphemism|0 fnt\n|faint|p1a: Euphemism\n|-ability|p2a: Greninja|Battle Bond|boost\n|-boost|p2a: Greninja|atk|1\n|-boost|p2a: Greninja|spa|1\n|-boost|p2a: Greninja|spe|1\n|-activate|p2a: Greninja|ability: Battle Bond\n|\n|-weather|SunnyDay|[upkeep]\n|upkeep\n|\n|t:|1700053526\n|switch|p1a: The Rapper|Beedrill, F|100\/100\n|turn|5\n|\n|t:|1700053550\n|detailschange|p1a: The Rapper|Beedrill-Mega, F\n|-mega|p1a: The Rapper|Beedrill|Beedrillite\n|-terastallize|p2a: Greninja|Water\n|move|p2a: Greninja|Liquidation|p1a: The Rapper\n|-damage|p1a: The Rapper|13\/100\n|move|p1a: The Rapper|Fell Stinger|p2a: Greninja\n|-damage|p2a: Greninja|0 fnt\n|faint|p2a: Greninja\n|-boost|p1a: The Rapper|atk|3\n|\n|-weather|none\n|upkeep\n|\n|t:|1700053560\n|switch|p2a: Kartana|Kartana|100\/100\n|turn|6\n|\n|t:|1700053573\n|move|p1a: The Rapper|Pin Missile|p2a: Kartana\n|-damage|p2a: Kartana|53\/100\n|-damage|p2a: Kartana|2\/100\n|-hitcount|p2a: Kartana|2\n|move|p2a: Kartana|Swords Dance|p2a: Kartana\n|-boost|p2a: Kartana|atk|2\n|\n|upkeep\n|turn|7\n|\n|t:|1700053581\n|move|p1a: The Rapper|Fell Stinger|p2a: Kartana\n|-damage|p2a: Kartana|0 fnt\n|faint|p2a: Kartana\n|-boost|p1a: The Rapper|atk|3\n|\n|upkeep\n|\n|t:|1700053584\n|switch|p2a: Garganacl|Garganacl, M|100\/100\n|turn|8\n|\n|t:|1700053590\n|move|p1a: The Rapper|Pin Missile|p2a: Garganacl\n|-damage|p2a: Garganacl|64\/100\n|-damage|p2a: Garganacl|28\/100\n|-damage|p2a: Garganacl|0 fnt\n|faint|p2a: Garganacl\n|-hitcount|p2: Garganacl|3\n|\n|upkeep\n|\n|t:|1700053598\n|switch|p2a: Gliscor|Gliscor, F|100\/100\n|turn|9\n|\n|t:|1700053602\n|move|p1a: The Rapper|Pin Missile|p2a: Gliscor\n|-resisted|p2a: Gliscor\n|-damage|p2a: Gliscor|61\/100\n|-resisted|p2a: Gliscor\n|-damage|p2a: Gliscor|20\/100\n|-hitcount|p2a: Gliscor|2\n|move|p2a: Gliscor|Dual Wingbeat|p1a: The Rapper\n|-supereffective|p1a: The Rapper\n|-damage|p1a: The Rapper|0 fnt\n|faint|p1a: The Rapper\n|-hitcount|p1: The Rapper|1\n|\n|-status|p2a: Gliscor|tox|[from] item: Toxic Orb\n|upkeep\n|\n|t:|1700053611\n|switch|p1a: Miles Prower|Cinccino, F, shiny|100\/100\n|turn|10\n|inactive|Liu11 has 120 seconds left.\n|\n|t:|1700053643\n|move|p1a: Miles Prower|Triple Axel|p2a: Gliscor\n|-supereffective|p2a: Gliscor\n|-damage|p2a: Gliscor|0 fnt\n|faint|p2a: Gliscor\n|-hitcount|p2: Gliscor|1\n|-damage|p1a: Miles Prower|91\/100|[from] item: Life Orb\n|\n|upkeep\n|\n|t:|1700053646\n|switch|p2a: Iron Hands|Iron Hands|100\/100\n|-enditem|p2a: Iron Hands|Booster Energy\n|-activate|p2a: Iron Hands|ability: Quark Drive|[fromitem]\n|-start|p2a: Iron Hands|quarkdriveatk\n|turn|11\n|\n|t:|1700053657\n|move|p1a: Miles Prower|Bullet Seed|p2a: Iron Hands\n|-damage|p2a: Iron Hands|93\/100\n|-damage|p2a: Iron Hands|85\/100\n|-damage|p2a: Iron Hands|77\/100\n|-damage|p2a: Iron Hands|70\/100\n|-damage|p2a: Iron Hands|63\/100\n|-hitcount|p2a: Iron Hands|5\n|-damage|p1a: Miles Prower|81\/100|[from] item: Life Orb\n|move|p2a: Iron Hands|Drain Punch|p1a: Miles Prower\n|-supereffective|p1a: Miles Prower\n|-damage|p1a: Miles Prower|0 fnt\n|-heal|p2a: Iron Hands|89\/100|[from] drain|[of] p1a: Miles Prower\n|faint|p1a: Miles Prower\n|\n|upkeep\n|\n|t:|1700053660\n|switch|p1a: MUDAMUDAMUDAMUDA|Maushold|100\/100\n|turn|12\n|\n|t:|1700053667\n|-terastallize|p1a: MUDAMUDAMUDAMUDA|Ghost\n|move|p1a: MUDAMUDAMUDAMUDA|Tidy Up|p1a: MUDAMUDAMUDAMUDA\n|-boost|p1a: MUDAMUDAMUDAMUDA|atk|1\n|-boost|p1a: MUDAMUDAMUDAMUDA|spe|1\n|move|p2a: Iron Hands|Drain Punch|p1a: MUDAMUDAMUDAMUDA\n|-immune|p1a: MUDAMUDAMUDAMUDA\n|\n|upkeep\n|turn|13\n|\n|t:|1700053676\n|move|p1a: MUDAMUDAMUDAMUDA|Population Bomb|p2a: Iron Hands\n|-damage|p2a: Iron Hands|77\/100\n|-damage|p2a: Iron Hands|65\/100\n|-damage|p2a: Iron Hands|53\/100\n|-damage|p2a: Iron Hands|41\/100\n|-damage|p2a: Iron Hands|30\/100\n|-damage|p2a: Iron Hands|18\/100\n|-damage|p2a: Iron Hands|7\/100\n|-damage|p2a: Iron Hands|0 fnt\n|faint|p2a: Iron Hands\n|-end|p2a: Iron Hands|Quark Drive|[silent]\n|-hitcount|p2: Iron Hands|8\n|\n|win|Ribbit Mania\n|raw|Ribbit Mania's rating: 1089 &rarr; <strong>1111<\/strong><br \/>(+22 for winning)\n|raw|Liu11's rating: 1027 &rarr; <strong>1015<\/strong><br \/>(-12 for losing)\n|c|\u2606Ribbit Mania|Gg\n|l|\u2606Liu11\n","uploadtime":1700053849,"views":20,"p1id":"ribbitmania","p2id":"liu11","formatid":"gen9nationaldex","rating":1015,"private":0,"password":""}