{"id":"gen9nationaldex-1993826816","p1":"CarnateRiseXD136","p2":"Shinyxk","format":"[Gen 9] National Dex","log":"|j|\u2606CarnateRiseXD136\n|j|\u2606Shinyxk\n|t:|1700362125\n|gametype|singles\n|player|p1|CarnateRiseXD136|cynthia|1066\n|player|p2|Shinyxk|youngster-gen8|1010\n|teamsize|p1|6\n|teamsize|p2|2\n|gen|9\n|tier|[Gen 9] National Dex\n|rated|\n|rule|HP Percentage Mod: HP is shown in percentages\n|rule|Endless Battle Clause: Forcing endless battles is banned\n|rule|OHKO Clause: OHKO moves are banned\n|rule|Evasion Clause: Evasion abilities, items, and moves are banned\n|rule|Evasion Abilities Clause: Evasion abilities are banned\n|rule|Evasion Items Clause: Evasion items are banned\n|rule|Evasion Moves Clause: Evasion moves are banned\n|rule|Species Clause: Limit one of each Pok\u00e9mon\n|rule|Sleep Clause Mod: Limit one foe put to sleep\n|clearpoke\n|poke|p1|Arbok, F|\n|poke|p1|Xurkitree|\n|poke|p1|Grimmsnarl, M|\n|poke|p1|Shuckle, M|\n|poke|p1|Gyarados, M|\n|poke|p1|Landorus-Therian, M|\n|poke|p2|Latios, M|\n|poke|p2|Lapras, M|\n|teampreview\n|inactive|Battle timer is ON: inactive players will automatically lose when time's up. (requested by Shinyxk)\n|c|\u2606CarnateRiseXD136|oooo\n|\n|t:|1700362135\n|start\n|switch|p1a: Grimmsnarl|Grimmsnarl, M, shiny|100\/100\n|switch|p2a: Latios|Latios, M|100\/100\n|turn|1\n|\n|t:|1700362143\n|move|p1a: Grimmsnarl|Trick|p2a: Latios\n|-activate|p1a: Grimmsnarl|move: Trick|[of] p2a: Latios\n|-item|p2a: Latios|Lagging Tail|[from] move: Trick\n|-item|p1a: Grimmsnarl|Damp Rock|[from] move: Trick\n|move|p2a: Latios|Reflect|p2a: Latios\n|-sidestart|p2: Shinyxk|Reflect\n|\n|upkeep\n|turn|2\n|\n|t:|1700362157\n|move|p1a: Grimmsnarl|Reflect|p1a: Grimmsnarl\n|-sidestart|p1: CarnateRiseXD136|Reflect\n|move|p2a: Latios|Light Screen|p2a: Latios\n|-sidestart|p2: Shinyxk|move: Light Screen\n|\n|upkeep\n|turn|3\n|\n|t:|1700362161\n|move|p1a: Grimmsnarl|Light Screen|p1a: Grimmsnarl\n|-sidestart|p1: CarnateRiseXD136|move: Light Screen\n|move|p2a: Latios|Rain Dance|p2a: Latios\n|-weather|RainDance\n|\n|-weather|RainDance|[upkeep]\n|upkeep\n|turn|4\n|\n|t:|1700362167\n|switch|p1a: Xurkitree|Xurkitree, shiny|100\/100\n|move|p2a: Latios|Memento|p1a: Xurkitree\n|-unboost|p1a: Xurkitree|atk|2\n|-unboost|p1a: Xurkitree|spa|2\n|faint|p2a: Latios\n|\n|-weather|RainDance|[upkeep]\n|upkeep\n|\n|t:|1700362176\n|switch|p2a: Lapras|Lapras, M|100\/100\n|turn|5\n|c|\u2606CarnateRiseXD136|i better se the greatest sweep from that lapras\n|c|\u2606CarnateRiseXD136|see*\n|inactive|Shinyxk has 120 seconds left.\n|\n|t:|1700362214\n|move|p1a: Xurkitree|Tail Glow|p1a: Xurkitree\n|-boost|p1a: Xurkitree|spa|3\n|move|p2a: Lapras|Dragon Dance|p2a: Lapras\n|-boost|p2a: Lapras|atk|1\n|-boost|p2a: Lapras|spe|1\n|\n|-weather|RainDance|[upkeep]\n|-sideend|p2: Shinyxk|Reflect\n|upkeep\n|turn|6\n|\n|t:|1700362224\n|move|p2a: Lapras|Dragon Dance|p2a: Lapras\n|-boost|p2a: Lapras|atk|1\n|-boost|p2a: Lapras|spe|1\n|move|p1a: Xurkitree|Thunder|p2a: Lapras\n|-supereffective|p2a: Lapras\n|-damage|p2a: Lapras|11\/100\n|-enditem|p2a: Lapras|Weakness Policy\n|-boost|p2a: Lapras|atk|2|[from] item: Weakness Policy\n|-boost|p2a: Lapras|spa|2|[from] item: Weakness Policy\n|\n|-weather|RainDance|[upkeep]\n|-sideend|p1: CarnateRiseXD136|Reflect\n|-sideend|p2: Shinyxk|move: Light Screen\n|upkeep\n|turn|7\n|\n|t:|1700362237\n|-terastallize|p2a: Lapras|Water\n|move|p2a: Lapras|Liquidation|p1a: Xurkitree\n|-damage|p1a: Xurkitree|0 fnt\n|faint|p1a: Xurkitree\n|\n|-weather|none\n|-sideend|p1: CarnateRiseXD136|move: Light Screen\n|upkeep\n|\n|t:|1700362242\n|switch|p1a: Shuckle|Shuckle, M, shiny|100\/100\n|turn|8\n|\n|t:|1700362248\n|move|p2a: Lapras|Liquidation|p1a: Shuckle\n|-supereffective|p1a: Shuckle\n|-ability|p1a: Shuckle|Sturdy\n|-damage|p1a: Shuckle|1\/100\n|move|p1a: Shuckle|Knock Off|p2a: Lapras\n|-damage|p2a: Lapras|3\/100\n|\n|-heal|p1a: Shuckle|7\/100|[from] item: Leftovers\n|upkeep\n|turn|9\n|c|\u2606Shinyxk|ggwp u win\n|c|\u2606Shinyxk|damn\n|\n|t:|1700362255\n|move|p2a: Lapras|Ice Shard|p1a: Shuckle\n|-damage|p1a: Shuckle|0 fnt\n|faint|p1a: Shuckle\n|\n|upkeep\n|c|\u2606CarnateRiseXD136|shuckle is weak af\n|\n|t:|1700362274\n|switch|p1a: Gyarados|Gyarados, M, shiny|100\/100\n|-ability|p1a: Gyarados|Intimidate|boost\n|-unboost|p2a: Lapras|atk|1\n|turn|10\n|\n|t:|1700362281\n|move|p2a: Lapras|Liquidation|p1a: Gyarados\n|-resisted|p1a: Gyarados\n|-damage|p1a: Gyarados|19\/100\n|-unboost|p1a: Gyarados|def|1\n|move|p1a: Gyarados|Earthquake|p2a: Lapras\n|-damage|p2a: Lapras|0 fnt\n|faint|p2a: Lapras\n|\n|win|CarnateRiseXD136\n|raw|CarnateRiseXD136's rating: 1066 &rarr; <strong>1090<\/strong><br \/>(+24 for winning)\n|raw|Shinyxk's rating: 1000 &rarr; <strong>1000<\/strong><br \/>(+0 for losing)\n|c|\u2606Shinyxk|gg\n|c|\u2606CarnateRiseXD136|alr ggs\n|l|\u2606Shinyxk\n","uploadtime":1700362290,"views":17,"p1id":"carnaterisexd136","p2id":"shinyxk","formatid":"gen9nationaldex","rating":1000,"private":0,"password":""}