{"id":"gen9nationaldex-1993718652","p1":"Pigelet","p2":"FTC_kona","format":"[Gen 9] National Dex","log":"|j|\u2606Pigelet\n|j|\u2606FTC_kona\n|t:|1700349123\n|gametype|singles\n|player|p1|Pigelet|1|1102\n|player|p2|FTC_kona|lance|1091\n|teamsize|p1|6\n|teamsize|p2|6\n|gen|9\n|tier|[Gen 9] National Dex\n|rated|\n|rule|HP Percentage Mod: HP is shown in percentages\n|rule|Endless Battle Clause: Forcing endless battles is banned\n|rule|OHKO Clause: OHKO moves are banned\n|rule|Evasion Clause: Evasion abilities, items, and moves are banned\n|rule|Evasion Abilities Clause: Evasion abilities are banned\n|rule|Evasion Items Clause: Evasion items are banned\n|rule|Evasion Moves Clause: Evasion moves are banned\n|rule|Species Clause: Limit one of each Pok\u00e9mon\n|rule|Sleep Clause Mod: Limit one foe put to sleep\n|clearpoke\n|poke|p1|Gliscor, F|\n|poke|p1|Clodsire, M|\n|poke|p1|Garchomp, F|\n|poke|p1|Landorus-Therian, M|\n|poke|p1|Great Tusk|\n|poke|p1|Swampert, F|\n|poke|p2|Pelipper, M|\n|poke|p2|Basculegion, M|\n|poke|p2|Kilowattrel, M|\n|poke|p2|Amoonguss, M|\n|poke|p2|Floatzel, F|\n|poke|p2|Iron Hands|\n|teampreview\n|\n|t:|1700349142\n|start\n|switch|p1a: Swampert|Swampert, F|100\/100\n|switch|p2a: Pelipper|Pelipper, M|100\/100\n|-weather|RainDance|[from] ability: Drizzle|[of] p2a: Pelipper\n|turn|1\n|\n|t:|1700349163\n|detailschange|p1a: Swampert|Swampert-Mega, F\n|-mega|p1a: Swampert|Swampert|Swampertite\n|move|p1a: Swampert|Ice Punch|p2a: Pelipper\n|-damage|p2a: Pelipper|59\/100\n|move|p2a: Pelipper|Tailwind|p2a: Pelipper\n|-sidestart|p2: FTC_kona|move: Tailwind\n|\n|-weather|RainDance|[upkeep]\n|upkeep\n|turn|2\n|\n|t:|1700349184\n|switch|p2a: Basculegion|Basculegion, M|100\/100\n|move|p1a: Swampert|Ice Punch|p2a: Basculegion\n|-resisted|p2a: Basculegion\n|-damage|p2a: Basculegion|80\/100\n|\n|-weather|RainDance|[upkeep]\n|upkeep\n|turn|3\n|\n|t:|1700349192\n|move|p2a: Basculegion|Wave Crash|p1a: Swampert\n|-damage|p1a: Swampert|0 fnt\n|faint|p1a: Swampert\n|-damage|p2a: Basculegion|50\/100|[from] Recoil\n|\n|-weather|RainDance|[upkeep]\n|upkeep\n|\n|t:|1700349208\n|switch|p1a: Garchomp|Garchomp, F|100\/100\n|turn|4\n|\n|t:|1700349222\n|-terastallize|p1a: Garchomp|Dragon\n|move|p2a: Basculegion|Wave Crash|p1a: Garchomp\n|-resisted|p1a: Garchomp\n|-damage|p1a: Garchomp|34\/100\n|-damage|p2a: Basculegion|38\/100|[from] ability: Rough Skin|[of] p1a: Garchomp\n|-damage|p2a: Basculegion|21\/100|[from] item: Rocky Helmet|[of] p1a: Garchomp\n|-damage|p2a: Basculegion|1\/100|[from] Recoil\n|move|p1a: Garchomp|Outrage|p2a: Basculegion\n|-damage|p2a: Basculegion|0 fnt\n|faint|p2a: Basculegion\n|\n|-weather|RainDance|[upkeep]\n|-sideend|p2: FTC_kona|move: Tailwind\n|upkeep\n|\n|t:|1700349239\n|switch|p2a: Floatzel|Floatzel, F|100\/100\n|turn|5\n|\n|t:|1700349245\n|move|p2a: Floatzel|Ice Spinner|p1a: Garchomp\n|-supereffective|p1a: Garchomp\n|-damage|p1a: Garchomp|0 fnt\n|-damage|p2a: Floatzel|88\/100|[from] ability: Rough Skin|[of] p1a: Garchomp\n|-damage|p2a: Floatzel|71\/100|[from] item: Rocky Helmet|[of] p1a: Garchomp\n|faint|p1a: Garchomp\n|\n|-weather|RainDance|[upkeep]\n|upkeep\n|inactive|Battle timer is ON: inactive players will automatically lose when time's up. (requested by FTC_kona)\n|\n|t:|1700349287\n|switch|p1a: Great Tusk|Great Tusk|100\/100\n|turn|6\n|\n|t:|1700349301\n|switch|p2a: Amoonguss|Amoonguss, M|100\/100\n|move|p1a: Great Tusk|Close Combat|p2a: Amoonguss\n|-resisted|p2a: Amoonguss\n|-damage|p2a: Amoonguss|79\/100\n|-unboost|p1a: Great Tusk|def|1\n|-unboost|p1a: Great Tusk|spd|1\n|\n|-weather|RainDance|[upkeep]\n|-heal|p2a: Amoonguss|85\/100|[from] item: Black Sludge\n|upkeep\n|turn|7\n|\n|t:|1700349312\n|move|p1a: Great Tusk|Ice Spinner|p2a: Amoonguss\n|-supereffective|p2a: Amoonguss\n|-damage|p2a: Amoonguss|45\/100\n|move|p2a: Amoonguss|Spore|p1a: Great Tusk\n|-status|p1a: Great Tusk|slp|[from] move: Spore\n|\n|-weather|RainDance|[upkeep]\n|-heal|p2a: Amoonguss|52\/100|[from] item: Black Sludge\n|upkeep\n|turn|8\n|\n|t:|1700349321\n|cant|p1a: Great Tusk|slp\n|move|p2a: Amoonguss|Energy Ball|p1a: Great Tusk\n|-supereffective|p1a: Great Tusk\n|-damage|p1a: Great Tusk|52\/100 slp\n|\n|-weather|none\n|-heal|p2a: Amoonguss|58\/100|[from] item: Black Sludge\n|upkeep\n|turn|9\n|\n|t:|1700349328\n|cant|p1a: Great Tusk|slp\n|move|p2a: Amoonguss|Energy Ball|p1a: Great Tusk\n|-supereffective|p1a: Great Tusk\n|-crit|p1a: Great Tusk\n|-damage|p1a: Great Tusk|0 fnt\n|faint|p1a: Great Tusk\n|-end|p1a: Great Tusk|Protosynthesis|[silent]\n|\n|-heal|p2a: Amoonguss|64\/100|[from] item: Black Sludge\n|upkeep\n|\n|t:|1700349330\n|switch|p1a: Clodsire|Clodsire, M|100\/100\n|turn|10\n|\n|t:|1700349346\n|move|p2a: Amoonguss|Spore|p1a: Clodsire\n|-status|p1a: Clodsire|slp|[from] move: Spore\n|cant|p1a: Clodsire|slp\n|\n|-heal|p2a: Amoonguss|70\/100|[from] item: Black Sludge\n|upkeep\n|turn|11\n|\n|t:|1700349352\n|-terastallize|p2a: Amoonguss|Grass\n|move|p2a: Amoonguss|Energy Ball|p1a: Clodsire\n|-damage|p1a: Clodsire|82\/100 slp\n|cant|p1a: Clodsire|slp\n|\n|-damage|p2a: Amoonguss|58\/100|[from] item: Black Sludge\n|-heal|p1a: Clodsire|89\/100 slp|[from] item: Black Sludge\n|upkeep\n|turn|12\n|\n|t:|1700349376\n|move|p2a: Amoonguss|Sludge Bomb|p1a: Clodsire\n|-resisted|p1a: Clodsire\n|-damage|p1a: Clodsire|85\/100 slp\n|-curestatus|p1a: Clodsire|slp|[msg]\n|move|p1a: Clodsire|Gunk Shot|p2a: Amoonguss\n|-supereffective|p2a: Amoonguss\n|-damage|p2a: Amoonguss|7\/100\n|-status|p2a: Amoonguss|psn\n|\n|-damage|p2a: Amoonguss|0 fnt|[from] item: Black Sludge\n|faint|p2a: Amoonguss\n|-heal|p1a: Clodsire|92\/100|[from] item: Black Sludge\n|upkeep\n|\n|t:|1700349389\n|switch|p2a: Pelipper|Pelipper, M|59\/100\n|-weather|RainDance|[from] ability: Drizzle|[of] p2a: Pelipper\n|turn|13\n|\n|t:|1700349396\n|move|p2a: Pelipper|Tailwind|p2a: Pelipper\n|-sidestart|p2: FTC_kona|move: Tailwind\n|move|p1a: Clodsire|Stockpile|p1a: Clodsire\n|-start|p1a: Clodsire|stockpile1\n|-boost|p1a: Clodsire|def|1\n|-boost|p1a: Clodsire|spd|1\n|\n|-weather|RainDance|[upkeep]\n|-heal|p1a: Clodsire|98\/100|[from] item: Black Sludge\n|upkeep\n|turn|14\n|\n|t:|1700349404\n|switch|p2a: Iron Hands|Iron Hands|100\/100\n|-enditem|p2a: Iron Hands|Booster Energy\n|-activate|p2a: Iron Hands|ability: Quark Drive|[fromitem]\n|-start|p2a: Iron Hands|quarkdriveatk\n|move|p1a: Clodsire|Stockpile|p1a: Clodsire\n|-start|p1a: Clodsire|stockpile2\n|-boost|p1a: Clodsire|def|1\n|-boost|p1a: Clodsire|spd|1\n|\n|-weather|RainDance|[upkeep]\n|-heal|p1a: Clodsire|100\/100|[from] item: Black Sludge\n|upkeep\n|turn|15\n|\n|t:|1700349416\n|move|p2a: Iron Hands|Drain Punch|p1a: Clodsire\n|-resisted|p1a: Clodsire\n|-damage|p1a: Clodsire|85\/100\n|move|p1a: Clodsire|Stockpile|p1a: Clodsire\n|-start|p1a: Clodsire|stockpile3\n|-boost|p1a: Clodsire|def|1\n|-boost|p1a: Clodsire|spd|1\n|\n|-weather|RainDance|[upkeep]\n|-heal|p1a: Clodsire|91\/100|[from] item: Black Sludge\n|upkeep\n|turn|16\n|\n|t:|1700349429\n|move|p2a: Iron Hands|Drain Punch|p1a: Clodsire\n|-resisted|p1a: Clodsire\n|-damage|p1a: Clodsire|78\/100\n|move|p1a: Clodsire|Earthquake|p2a: Iron Hands\n|-supereffective|p2a: Iron Hands\n|-damage|p2a: Iron Hands|64\/100\n|\n|-weather|RainDance|[upkeep]\n|-heal|p1a: Clodsire|84\/100|[from] item: Black Sludge\n|-sideend|p2: FTC_kona|move: Tailwind\n|upkeep\n|turn|17\n|\n|t:|1700349437\n|move|p2a: Iron Hands|Drain Punch|p1a: Clodsire\n|-resisted|p1a: Clodsire\n|-damage|p1a: Clodsire|70\/100\n|-heal|p2a: Iron Hands|70\/100|[from] drain|[of] p1a: Clodsire\n|move|p1a: Clodsire|Earthquake|p2a: Iron Hands\n|-supereffective|p2a: Iron Hands\n|-damage|p2a: Iron Hands|39\/100\n|\n|-weather|RainDance|[upkeep]\n|-heal|p1a: Clodsire|76\/100|[from] item: Black Sludge\n|upkeep\n|turn|18\n|\n|t:|1700349447\n|move|p2a: Iron Hands|Drain Punch|p1a: Clodsire\n|-resisted|p1a: Clodsire\n|-damage|p1a: Clodsire|63\/100\n|-heal|p2a: Iron Hands|45\/100|[from] drain|[of] p1a: Clodsire\n|move|p1a: Clodsire|Gunk Shot|p2a: Iron Hands\n|-damage|p2a: Iron Hands|25\/100\n|-status|p2a: Iron Hands|psn\n|\n|-weather|RainDance|[upkeep]\n|-heal|p1a: Clodsire|69\/100|[from] item: Black Sludge\n|-damage|p2a: Iron Hands|13\/100 psn|[from] psn\n|upkeep\n|turn|19\n|\n|t:|1700349459\n|move|p2a: Iron Hands|Drain Punch|p1a: Clodsire\n|-resisted|p1a: Clodsire\n|-damage|p1a: Clodsire|55\/100\n|-heal|p2a: Iron Hands|19\/100 psn|[from] drain|[of] p1a: Clodsire\n|move|p1a: Clodsire|Earthquake|p2a: Iron Hands\n|-supereffective|p2a: Iron Hands\n|-damage|p2a: Iron Hands|0 fnt\n|faint|p2a: Iron Hands\n|-end|p2a: Iron Hands|Quark Drive|[silent]\n|\n|-weather|RainDance|[upkeep]\n|-heal|p1a: Clodsire|61\/100|[from] item: Black Sludge\n|upkeep\n|\n|t:|1700349470\n|switch|p2a: Kilowattrel|Kilowattrel, M|100\/100\n|turn|20\n|\n|t:|1700349479\n|move|p2a: Kilowattrel|Hurricane|p1a: Clodsire\n|-damage|p1a: Clodsire|48\/100\n|-start|p1a: Clodsire|confusion\n|-activate|p1a: Clodsire|confusion\n|move|p1a: Clodsire|Recover|p1a: Clodsire\n|-heal|p1a: Clodsire|98\/100\n|\n|-weather|none\n|-heal|p1a: Clodsire|100\/100|[from] item: Black Sludge\n|upkeep\n|turn|21\n|\n|t:|1700349488\n|move|p2a: Kilowattrel|Hurricane|p1a: Clodsire|[miss]\n|-miss|p2a: Kilowattrel|p1a: Clodsire\n|-end|p1a: Clodsire|confusion\n|move|p1a: Clodsire|Gunk Shot|p2a: Kilowattrel|[miss]\n|-miss|p1a: Clodsire|p2a: Kilowattrel\n|\n|upkeep\n|turn|22\n|\n|t:|1700349497\n|move|p2a: Kilowattrel|Hurricane|p1a: Clodsire\n|-damage|p1a: Clodsire|89\/100\n|move|p1a: Clodsire|Gunk Shot|p2a: Kilowattrel\n|-damage|p2a: Kilowattrel|36\/100\n|\n|-heal|p1a: Clodsire|95\/100|[from] item: Black Sludge\n|upkeep\n|turn|23\n|\n|t:|1700349504\n|move|p2a: Kilowattrel|Roost|p2a: Kilowattrel\n|-heal|p2a: Kilowattrel|87\/100\n|-singleturn|p2a: Kilowattrel|move: Roost\n|move|p1a: Clodsire|Gunk Shot|p2a: Kilowattrel\n|-damage|p2a: Kilowattrel|24\/100\n|\n|-heal|p1a: Clodsire|100\/100|[from] item: Black Sludge\n|upkeep\n|turn|24\n|\n|t:|1700349520\n|move|p2a: Kilowattrel|Hurricane|p1a: Clodsire\n|-damage|p1a: Clodsire|89\/100\n|-start|p1a: Clodsire|confusion\n|-activate|p1a: Clodsire|confusion\n|-damage|p1a: Clodsire|86\/100|[from] confusion\n|\n|-heal|p1a: Clodsire|92\/100|[from] item: Black Sludge\n|upkeep\n|turn|25\n|\n|t:|1700349529\n|move|p2a: Kilowattrel|Hurricane|p1a: Clodsire\n|-damage|p1a: Clodsire|81\/100\n|-end|p1a: Clodsire|confusion\n|move|p1a: Clodsire|Earthquake|p2a: Kilowattrel\n|-immune|p2a: Kilowattrel\n|\n|-heal|p1a: Clodsire|87\/100|[from] item: Black Sludge\n|upkeep\n|turn|26\n|\n|t:|1700349539\n|move|p2a: Kilowattrel|Weather Ball|p1a: Clodsire\n|-damage|p1a: Clodsire|83\/100\n|move|p1a: Clodsire|Gunk Shot|p2a: Kilowattrel|[miss]\n|-miss|p1a: Clodsire|p2a: Kilowattrel\n|\n|-heal|p1a: Clodsire|90\/100|[from] item: Black Sludge\n|upkeep\n|turn|27\n|\n|t:|1700349558\n|switch|p1a: Landorus|Landorus-Therian, M|100\/100\n|-ability|p1a: Landorus|Intimidate|boost\n|-unboost|p2a: Kilowattrel|atk|1\n|move|p2a: Kilowattrel|Hurricane|p1a: Landorus\n|-damage|p1a: Landorus|59\/100\n|-start|p1a: Landorus|confusion\n|\n|-heal|p1a: Landorus|65\/100|[from] item: Leftovers\n|upkeep\n|turn|28\n|\n|t:|1700349567\n|move|p2a: Kilowattrel|Roost|p2a: Kilowattrel\n|-heal|p2a: Kilowattrel|75\/100\n|-singleturn|p2a: Kilowattrel|move: Roost\n|-activate|p1a: Landorus|confusion\n|-damage|p1a: Landorus|51\/100|[from] confusion\n|\n|-heal|p1a: Landorus|57\/100|[from] item: Leftovers\n|upkeep\n|turn|29\n|\n|t:|1700349575\n|move|p2a: Kilowattrel|Hurricane|p1a: Landorus\n|-damage|p1a: Landorus|14\/100\n|-end|p1a: Landorus|confusion\n|move|p1a: Landorus|Knock Off|p2a: Kilowattrel\n|-damage|p2a: Kilowattrel|11\/100\n|-enditem|p2a: Kilowattrel|Heavy-Duty Boots|[from] move: Knock Off|[of] p1a: Landorus\n|\n|-heal|p1a: Landorus|20\/100|[from] item: Leftovers\n|upkeep\n|turn|30\n|\n|t:|1700349586\n|switch|p1a: Gliscor|Gliscor, F|100\/100\n|move|p2a: Kilowattrel|Hurricane|p1a: Gliscor\n|-damage|p1a: Gliscor|34\/100\n|\n|-status|p1a: Gliscor|tox|[from] item: Toxic Orb\n|upkeep\n|turn|31\n|\n|t:|1700349594\n|switch|p1a: Clodsire|Clodsire, M|90\/100\n|move|p2a: Kilowattrel|Hurricane|p1a: Clodsire\n|-damage|p1a: Clodsire|61\/100\n|-start|p1a: Clodsire|confusion\n|\n|-heal|p1a: Clodsire|67\/100|[from] item: Black Sludge\n|upkeep\n|turn|32\n|\n|t:|1700349601\n|move|p2a: Kilowattrel|Hurricane|p1a: Clodsire\n|-damage|p1a: Clodsire|41\/100\n|-activate|p1a: Clodsire|confusion\n|move|p1a: Clodsire|Stockpile|p1a: Clodsire\n|-start|p1a: Clodsire|stockpile1\n|-boost|p1a: Clodsire|def|1\n|-boost|p1a: Clodsire|spd|1\n|\n|-heal|p1a: Clodsire|47\/100|[from] item: Black Sludge\n|upkeep\n|turn|33\n|\n|t:|1700349610\n|move|p2a: Kilowattrel|Hurricane|p1a: Clodsire|[miss]\n|-miss|p2a: Kilowattrel|p1a: Clodsire\n|-activate|p1a: Clodsire|confusion\n|move|p1a: Clodsire|Recover|p1a: Clodsire\n|-heal|p1a: Clodsire|97\/100\n|\n|-heal|p1a: Clodsire|100\/100|[from] item: Black Sludge\n|upkeep\n|turn|34\n|\n|t:|1700349618\n|switch|p2a: Pelipper|Pelipper, M|59\/100\n|-weather|RainDance|[from] ability: Drizzle|[of] p2a: Pelipper\n|-activate|p1a: Clodsire|confusion\n|-damage|p1a: Clodsire|95\/100|[from] confusion\n|\n|-weather|RainDance|[upkeep]\n|-heal|p1a: Clodsire|100\/100|[from] item: Black Sludge\n|upkeep\n|turn|35\n|\n|t:|1700349626\n|switch|p2a: Floatzel|Floatzel, F|71\/100\n|-activate|p1a: Clodsire|confusion\n|move|p1a: Clodsire|Stockpile|p1a: Clodsire\n|-start|p1a: Clodsire|stockpile2\n|-boost|p1a: Clodsire|def|1\n|-boost|p1a: Clodsire|spd|1\n|\n|-weather|RainDance|[upkeep]\n|upkeep\n|turn|36\n|\n|t:|1700349637\n|move|p2a: Floatzel|Ice Spinner|p1a: Clodsire\n|-supereffective|p1a: Clodsire\n|-damage|p1a: Clodsire|54\/100\n|-end|p1a: Clodsire|confusion\n|move|p1a: Clodsire|Earthquake|p2a: Floatzel\n|-damage|p2a: Floatzel|20\/100\n|\n|-weather|RainDance|[upkeep]\n|-heal|p1a: Clodsire|60\/100|[from] item: Black Sludge\n|upkeep\n|turn|37\n|\n|t:|1700349646\n|move|p2a: Floatzel|Ice Spinner|p1a: Clodsire\n|-supereffective|p1a: Clodsire\n|-damage|p1a: Clodsire|18\/100\n|move|p1a: Clodsire|Earthquake|p2a: Floatzel\n|-damage|p2a: Floatzel|0 fnt\n|faint|p2a: Floatzel\n|\n|-weather|RainDance|[upkeep]\n|-heal|p1a: Clodsire|24\/100|[from] item: Black Sludge\n|upkeep\n|\n|t:|1700349654\n|switch|p2a: Kilowattrel|Kilowattrel, M|11\/100\n|turn|38\n|\n|t:|1700349660\n|move|p2a: Kilowattrel|Hurricane|p1a: Clodsire\n|-damage|p1a: Clodsire|9\/100\n|move|p1a: Clodsire|Gunk Shot|p2a: Kilowattrel\n|-damage|p2a: Kilowattrel|0 fnt\n|faint|p2a: Kilowattrel\n|\n|-weather|RainDance|[upkeep]\n|-heal|p1a: Clodsire|15\/100|[from] item: Black Sludge\n|upkeep\n|\n|t:|1700349668\n|switch|p2a: Pelipper|Pelipper, M|59\/100\n|turn|39\n|\n|t:|1700349672\n|move|p2a: Pelipper|Hurricane|p1a: Clodsire\n|-damage|p1a: Clodsire|2\/100\n|move|p1a: Clodsire|Gunk Shot|p2a: Pelipper\n|-damage|p2a: Pelipper|15\/100\n|-status|p2a: Pelipper|psn\n|\n|-weather|RainDance|[upkeep]\n|-heal|p1a: Clodsire|8\/100|[from] item: Black Sludge\n|-damage|p2a: Pelipper|3\/100 psn|[from] psn\n|upkeep\n|turn|40\n|c|\u2606Pigelet|gg\n|\n|t:|1700349684\n|move|p2a: Pelipper|Roost|p2a: Pelipper\n|-heal|p2a: Pelipper|53\/100 psn\n|-singleturn|p2a: Pelipper|move: Roost\n|move|p1a: Clodsire|Recover|p1a: Clodsire\n|-heal|p1a: Clodsire|58\/100\n|\n|-weather|RainDance|[upkeep]\n|-heal|p1a: Clodsire|65\/100|[from] item: Black Sludge\n|-damage|p2a: Pelipper|41\/100 psn|[from] psn\n|upkeep\n|turn|41\n|\n|t:|1700349693\n|move|p2a: Pelipper|Hurricane|p1a: Clodsire\n|-damage|p1a: Clodsire|52\/100\n|move|p1a: Clodsire|Stockpile|p1a: Clodsire\n|-start|p1a: Clodsire|stockpile3\n|-boost|p1a: Clodsire|def|1\n|-boost|p1a: Clodsire|spd|1\n|\n|-weather|none\n|-heal|p1a: Clodsire|58\/100|[from] item: Black Sludge\n|-damage|p2a: Pelipper|28\/100 psn|[from] psn\n|upkeep\n|turn|42\n|-message|FTC_kona forfeited.\n|\n|win|Pigelet\n|raw|Pigelet's rating: 1102 &rarr; <strong>1126<\/strong><br \/>(+24 for winning)\n|raw|FTC_kona's rating: 1091 &rarr; <strong>1068<\/strong><br \/>(-23 for losing)\n|l|\u2606FTC_kona\n","uploadtime":1700349704,"views":9,"p1id":"pigelet","p2id":"ftckona","formatid":"gen9nationaldex","rating":1068,"private":0,"password":""}