{"id":"gen9nationaldex-1987983802","p1":"Vvbttij","p2":"aangel250697","format":"[Gen 9] National Dex","log":"|j|\u2606Vvbttij\n|j|\u2606aangel250697\n|t:|1699655891\n|gametype|singles\n|player|p1|Vvbttij|red|1097\n|player|p2|aangel250697|red|1074\n|teamsize|p1|6\n|teamsize|p2|6\n|gen|9\n|tier|[Gen 9] National Dex\n|rated|\n|rule|HP Percentage Mod: HP is shown in percentages\n|rule|Endless Battle Clause: Forcing endless battles is banned\n|rule|OHKO Clause: OHKO moves are banned\n|rule|Evasion Clause: Evasion abilities, items, and moves are banned\n|rule|Evasion Abilities Clause: Evasion abilities are banned\n|rule|Evasion Items Clause: Evasion items are banned\n|rule|Evasion Moves Clause: Evasion moves are banned\n|rule|Species Clause: Limit one of each Pok\u00e9mon\n|rule|Sleep Clause Mod: Limit one foe put to sleep\n|clearpoke\n|poke|p1|Charizard, M|\n|poke|p1|Blastoise, F|\n|poke|p1|Venusaur, M|\n|poke|p1|Snorlax, M|\n|poke|p1|Lapras, F|\n|poke|p1|Pikachu, M|\n|poke|p2|Cradily, F|\n|poke|p2|Clodsire, M|\n|poke|p2|Dachsbun, F|\n|poke|p2|Cetitan, F|\n|poke|p2|Iron Moth|\n|poke|p2|Gyarados, M|\n|teampreview\n|\n|t:|1699655909\n|start\n|switch|p1a: Lapras|Lapras, F|100\/100\n|switch|p2a: Dachsbun|Dachsbun, F|100\/100\n|turn|1\n|\n|t:|1699655918\n|switch|p2a: Cetitan|Cetitan, F|100\/100\n|move|p1a: Lapras|Dragon Dance|p1a: Lapras\n|-boost|p1a: Lapras|atk|1\n|-boost|p1a: Lapras|spe|1\n|\n|upkeep\n|turn|2\n|\n|t:|1699655925\n|move|p1a: Lapras|Waterfall|p2a: Cetitan\n|-damage|p2a: Cetitan|65\/100\n|cant|p2a: Cetitan|flinch\n|\n|-heal|p2a: Cetitan|71\/100|[from] item: Leftovers\n|upkeep\n|turn|3\n|\n|t:|1699655931\n|move|p1a: Lapras|Waterfall|p2a: Cetitan\n|-damage|p2a: Cetitan|38\/100\n|move|p2a: Cetitan|Yawn|p1a: Lapras\n|-start|p1a: Lapras|move: Yawn|[of] p2a: Cetitan\n|\n|-heal|p2a: Cetitan|44\/100|[from] item: Leftovers\n|upkeep\n|turn|4\n|\n|t:|1699655936\n|move|p1a: Lapras|Waterfall|p2a: Cetitan\n|-damage|p2a: Cetitan|10\/100\n|move|p2a: Cetitan|Knock Off|p1a: Lapras\n|-damage|p1a: Lapras|72\/100\n|-enditem|p1a: Lapras|Mystic Water|[from] move: Knock Off|[of] p2a: Cetitan\n|\n|-heal|p2a: Cetitan|16\/100|[from] item: Leftovers\n|-end|p1a: Lapras|move: Yawn|[silent]\n|-status|p1a: Lapras|slp\n|upkeep\n|turn|5\n|\n|t:|1699655941\n|switch|p2a: Gyarados|Gyarados, M|100\/100\n|-ability|p2a: Gyarados|Intimidate|boost\n|-unboost|p1a: Lapras|atk|1\n|cant|p1a: Lapras|slp\n|\n|upkeep\n|turn|6\n|\n|t:|1699655943\n|move|p2a: Gyarados|Dragon Dance|p2a: Gyarados\n|-boost|p2a: Gyarados|atk|1\n|-boost|p2a: Gyarados|spe|1\n|cant|p1a: Lapras|slp\n|\n|upkeep\n|turn|7\n|\n|t:|1699655948\n|detailschange|p2a: Gyarados|Gyarados-Mega, M\n|-mega|p2a: Gyarados|Gyarados|Gyaradosite\n|-ability|p2a: Gyarados|Mold Breaker\n|move|p2a: Gyarados|Crunch|p1a: Lapras\n|-damage|p1a: Lapras|0 fnt\n|faint|p1a: Lapras\n|\n|upkeep\n|\n|t:|1699655957\n|switch|p1a: Pikachu|Pikachu, M|100\/100\n|turn|8\n|\n|t:|1699655961\n|move|p1a: Pikachu|Endure|p1a: Pikachu\n|-singleturn|p1a: Pikachu|move: Endure\n|move|p2a: Gyarados|Earthquake|p1a: Pikachu\n|-supereffective|p1a: Pikachu\n|-activate|p1a: Pikachu|move: Endure\n|-damage|p1a: Pikachu|1\/100\n|-enditem|p1a: Pikachu|Salac Berry|[eat]\n|-boost|p1a: Pikachu|spe|1|[from] item: Salac Berry\n|\n|upkeep\n|turn|9\n|\n|t:|1699655971\n|switch|p1a: Charizard|Charizard, M|100\/100\n|move|p2a: Gyarados|Earthquake|p1a: Charizard\n|-immune|p1a: Charizard\n|\n|upkeep\n|turn|10\n|\n|t:|1699655980\n|move|p1a: Charizard|Endure|p1a: Charizard\n|-singleturn|p1a: Charizard|move: Endure\n|move|p2a: Gyarados|Waterfall|p1a: Charizard\n|-supereffective|p1a: Charizard\n|-activate|p1a: Charizard|move: Endure\n|-damage|p1a: Charizard|1\/100\n|-enditem|p1a: Charizard|Salac Berry|[eat]\n|-boost|p1a: Charizard|spe|1|[from] item: Salac Berry\n|\n|upkeep\n|turn|11\n|inactive|Battle timer is ON: inactive players will automatically lose when time's up. (requested by aangel250697)\n|\n|t:|1699655990\n|move|p1a: Charizard|Dual Wingbeat|p2a: Gyarados\n|-damage|p2a: Gyarados|85\/100\n|-damage|p2a: Gyarados|69\/100\n|-hitcount|p2a: Gyarados|2\n|move|p2a: Gyarados|Waterfall|p1a: Charizard\n|-supereffective|p1a: Charizard\n|-damage|p1a: Charizard|0 fnt\n|faint|p1a: Charizard\n|\n|upkeep\n|\n|t:|1699655995\n|switch|p1a: Blastoise|Blastoise, F|100\/100\n|turn|12\n|\n|t:|1699656001\n|move|p2a: Gyarados|Crunch|p1a: Blastoise\n|-damage|p1a: Blastoise|14\/100\n|-unboost|p1a: Blastoise|def|1\n|move|p1a: Blastoise|Shell Smash|p1a: Blastoise\n|-unboost|p1a: Blastoise|def|1\n|-unboost|p1a: Blastoise|spd|1\n|-boost|p1a: Blastoise|atk|2\n|-boost|p1a: Blastoise|spa|2\n|-boost|p1a: Blastoise|spe|2\n|\n|upkeep\n|turn|13\n|\n|t:|1699656007\n|move|p1a: Blastoise|Focus Blast|p2a: Gyarados\n|-supereffective|p2a: Gyarados\n|-damage|p2a: Gyarados|0 fnt\n|faint|p2a: Gyarados\n|\n|upkeep\n|\n|t:|1699656012\n|switch|p2a: Cetitan|Cetitan, F|16\/100\n|turn|14\n|\n|t:|1699656016\n|move|p2a: Cetitan|Ice Shard|p1a: Blastoise\n|-resisted|p1a: Blastoise\n|-damage|p1a: Blastoise|0 fnt\n|faint|p1a: Blastoise\n|\n|-heal|p2a: Cetitan|22\/100|[from] item: Leftovers\n|upkeep\n|\n|t:|1699656019\n|switch|p1a: Snorlax|Snorlax, M, shiny|100\/100\n|turn|15\n|\n|t:|1699656027\n|move|p2a: Cetitan|Knock Off|p1a: Snorlax\n|-damage|p1a: Snorlax|79\/100\n|-enditem|p1a: Snorlax|Chesto Berry|[from] move: Knock Off|[of] p2a: Cetitan\n|move|p1a: Snorlax|Earthquake|p2a: Cetitan\n|-damage|p2a: Cetitan|1\/100\n|\n|-heal|p2a: Cetitan|7\/100|[from] item: Leftovers\n|upkeep\n|turn|16\n|\n|t:|1699656036\n|move|p2a: Cetitan|Yawn|p1a: Snorlax\n|-start|p1a: Snorlax|move: Yawn|[of] p2a: Cetitan\n|move|p1a: Snorlax|Belly Drum|p1a: Snorlax\n|-damage|p1a: Snorlax|29\/100\n|-setboost|p1a: Snorlax|atk|6|[from] move: Belly Drum\n|\n|-heal|p2a: Cetitan|14\/100|[from] item: Leftovers\n|upkeep\n|turn|17\n|\n|t:|1699656043\n|move|p1a: Snorlax|Rest|p1a: Snorlax\n|-status|p1a: Snorlax|slp|[from] move: Rest\n|-heal|p1a: Snorlax|100\/100 slp|[silent]\n|move|p2a: Cetitan|Avalanche|p1a: Snorlax\n|-damage|p1a: Snorlax|78\/100 slp\n|\n|-heal|p2a: Cetitan|20\/100|[from] item: Leftovers\n|-end|p1a: Snorlax|move: Yawn|[silent]\n|upkeep\n|turn|18\n|\n|t:|1699656050\n|cant|p1a: Snorlax|slp\n|move|p2a: Cetitan|Avalanche|p1a: Snorlax\n|-damage|p1a: Snorlax|57\/100 slp\n|\n|-heal|p2a: Cetitan|26\/100|[from] item: Leftovers\n|upkeep\n|turn|19\n|\n|t:|1699656056\n|cant|p1a: Snorlax|slp\n|move|p2a: Cetitan|Avalanche|p1a: Snorlax\n|-damage|p1a: Snorlax|37\/100 slp\n|\n|-heal|p2a: Cetitan|32\/100|[from] item: Leftovers\n|upkeep\n|turn|20\n|\n|t:|1699656059\n|-curestatus|p1a: Snorlax|slp|[msg]\n|move|p1a: Snorlax|Rest|p1a: Snorlax\n|-status|p1a: Snorlax|slp|[from] move: Rest\n|-heal|p1a: Snorlax|100\/100 slp|[silent]\n|move|p2a: Cetitan|Avalanche|p1a: Snorlax\n|-damage|p1a: Snorlax|80\/100 slp\n|\n|-heal|p2a: Cetitan|39\/100|[from] item: Leftovers\n|upkeep\n|turn|21\n|\n|t:|1699656073\n|switch|p2a: Cradily|Cradily, F|100\/100\n|cant|p1a: Snorlax|slp\n|\n|upkeep\n|turn|22\n|\n|t:|1699656079\n|move|p2a: Cradily|Leech Seed|p1a: Snorlax\n|-start|p1a: Snorlax|move: Leech Seed\n|cant|p1a: Snorlax|slp\n|\n|-damage|p1a: Snorlax|67\/100 slp|[from] Leech Seed|[of] p2a: Cradily\n|upkeep\n|turn|23\n|\n|t:|1699656085\n|-terastallize|p2a: Cradily|Flying\n|move|p2a: Cradily|Meteor Beam||[still]\n|-prepare|p2a: Cradily|Meteor Beam\n|-boost|p2a: Cradily|spa|1\n|-curestatus|p1a: Snorlax|slp|[msg]\n|move|p1a: Snorlax|Ice Punch|p2a: Cradily\n|-supereffective|p2a: Cradily\n|-damage|p2a: Cradily|0 fnt\n|faint|p2a: Cradily\n|\n|upkeep\n|\n|t:|1699656094\n|switch|p2a: Iron Moth|Iron Moth|100\/100\n|-enditem|p2a: Iron Moth|Booster Energy\n|-activate|p2a: Iron Moth|ability: Quark Drive|[fromitem]\n|-start|p2a: Iron Moth|quarkdrivespa\n|turn|24\n|\n|t:|1699656100\n|move|p2a: Iron Moth|Sludge Wave|p1a: Snorlax\n|-damage|p1a: Snorlax|21\/100\n|move|p1a: Snorlax|Earthquake|p2a: Iron Moth\n|-supereffective|p2a: Iron Moth\n|-damage|p2a: Iron Moth|0 fnt\n|faint|p2a: Iron Moth\n|-end|p2a: Iron Moth|Quark Drive|[silent]\n|\n|upkeep\n|\n|t:|1699656109\n|switch|p2a: Clodsire|Clodsire, M|100\/100\n|turn|25\n|\n|t:|1699656112\n|move|p1a: Snorlax|Earthquake|p2a: Clodsire\n|-supereffective|p2a: Clodsire\n|-damage|p2a: Clodsire|0 fnt\n|faint|p2a: Clodsire\n|\n|upkeep\n|\n|t:|1699656115\n|switch|p2a: Dachsbun|Dachsbun, F|100\/100\n|turn|26\n|\n|t:|1699656121\n|move|p2a: Dachsbun|Play Rough|p1a: Snorlax\n|-damage|p1a: Snorlax|0 fnt\n|faint|p1a: Snorlax\n|\n|upkeep\n|\n|t:|1699656143\n|switch|p1a: Pikachu|Pikachu, M|1\/100\n|turn|27\n|\n|t:|1699656147\n|move|p1a: Pikachu|Endeavor|p2a: Dachsbun\n|-damage|p2a: Dachsbun|1\/100\n|move|p2a: Dachsbun|Stomping Tantrum|p1a: Pikachu\n|-supereffective|p1a: Pikachu\n|-damage|p1a: Pikachu|0 fnt\n|faint|p1a: Pikachu\n|\n|upkeep\n|\n|t:|1699656150\n|switch|p1a: Venusaur|Venusaur, M|100\/100\n|turn|28\n|\n|t:|1699656155\n|move|p2a: Dachsbun|Fire Fang|p1a: Venusaur\n|-supereffective|p1a: Venusaur\n|-damage|p1a: Venusaur|67\/100\n|move|p1a: Venusaur|Curse|p1a: Venusaur\n|-unboost|p1a: Venusaur|spe|1\n|-boost|p1a: Venusaur|atk|1\n|-boost|p1a: Venusaur|def|1\n|\n|upkeep\n|turn|29\n|\n|t:|1699656162\n|detailschange|p1a: Venusaur|Venusaur-Mega, M\n|-mega|p1a: Venusaur|Venusaur|Venusaurite\n|move|p2a: Dachsbun|Fire Fang|p1a: Venusaur\n|-supereffective|p1a: Venusaur\n|-damage|p1a: Venusaur|58\/100\n|move|p1a: Venusaur|Curse|p1a: Venusaur\n|-unboost|p1a: Venusaur|spe|1\n|-boost|p1a: Venusaur|atk|1\n|-boost|p1a: Venusaur|def|1\n|\n|upkeep\n|turn|30\n|\n|t:|1699656170\n|switch|p2a: Cetitan|Cetitan, F|39\/100\n|move|p1a: Venusaur|Synthesis|p1a: Venusaur\n|-heal|p1a: Venusaur|100\/100\n|\n|-heal|p2a: Cetitan|45\/100|[from] item: Leftovers\n|upkeep\n|turn|31\n|\n|t:|1699656176\n|move|p2a: Cetitan|Yawn|p1a: Venusaur\n|-start|p1a: Venusaur|move: Yawn|[of] p2a: Cetitan\n|move|p1a: Venusaur|Toxic|p2a: Cetitan\n|-status|p2a: Cetitan|tox\n|\n|-heal|p2a: Cetitan|51\/100 tox|[from] item: Leftovers\n|-damage|p2a: Cetitan|45\/100 tox|[from] psn\n|upkeep\n|turn|32\n|\n|t:|1699656185\n|move|p1a: Venusaur|Curse|p1a: Venusaur\n|-unboost|p1a: Venusaur|spe|1\n|-boost|p1a: Venusaur|atk|1\n|-boost|p1a: Venusaur|def|1\n|move|p2a: Cetitan|Avalanche|p1a: Venusaur\n|-supereffective|p1a: Venusaur\n|-damage|p1a: Venusaur|95\/100\n|\n|-heal|p2a: Cetitan|51\/100 tox|[from] item: Leftovers\n|-damage|p2a: Cetitan|39\/100 tox|[from] psn\n|-end|p1a: Venusaur|move: Yawn|[silent]\n|-status|p1a: Venusaur|slp\n|upkeep\n|turn|33\n|\n|t:|1699656192\n|cant|p1a: Venusaur|slp\n|move|p2a: Cetitan|Avalanche|p1a: Venusaur\n|-supereffective|p1a: Venusaur\n|-damage|p1a: Venusaur|90\/100 slp\n|\n|-heal|p2a: Cetitan|45\/100 tox|[from] item: Leftovers\n|-damage|p2a: Cetitan|26\/100 tox|[from] psn\n|upkeep\n|turn|34\n|\n|t:|1699656198\n|switch|p2a: Dachsbun|Dachsbun, F|1\/100\n|-curestatus|p1a: Venusaur|slp|[msg]\n|move|p1a: Venusaur|Earth Power|p2a: Dachsbun\n|-damage|p2a: Dachsbun|0 fnt\n|faint|p2a: Dachsbun\n|\n|upkeep\n|\n|t:|1699656208\n|switch|p2a: Cetitan|Cetitan, F|26\/100 tox\n|turn|35\n|c|\u2606Vvbttij|Gg\n|\n|t:|1699656214\n|move|p2a: Cetitan|Yawn|p1a: Venusaur\n|-start|p1a: Venusaur|move: Yawn|[of] p2a: Cetitan\n|move|p1a: Venusaur|Earth Power|p2a: Cetitan\n|-damage|p2a: Cetitan|0 fnt\n|faint|p2a: Cetitan\n|\n|win|Vvbttij\n|raw|Vvbttij's rating: 1097 &rarr; <strong>1121<\/strong><br \/>(+24 for winning)\n|raw|aangel250697's rating: 1074 &rarr; <strong>1054<\/strong><br \/>(-20 for losing)\n|l|\u2606aangel250697\n","uploadtime":1699656220,"views":4,"p1id":"vvbttij","p2id":"aangel250697","formatid":"gen9nationaldex","rating":1054,"private":0,"password":""}