{"id":"gen9nationaldex-1993103812","p1":"finnawinbruh","p2":"nano jump","format":"[Gen 9] National Dex","log":"|j|\u2606finnawinbruh\n|j|\u2606nano jump\n|t:|1700265174\n|gametype|singles\n|player|p1|finnawinbruh|volkner|1329\n|player|p2|nano jump|steven-masters|1384\n|teamsize|p1|6\n|teamsize|p2|6\n|gen|9\n|tier|[Gen 9] National Dex\n|rated|\n|rule|HP Percentage Mod: HP is shown in percentages\n|rule|Endless Battle Clause: Forcing endless battles is banned\n|rule|OHKO Clause: OHKO moves are banned\n|rule|Evasion Clause: Evasion abilities, items, and moves are banned\n|rule|Evasion Abilities Clause: Evasion abilities are banned\n|rule|Evasion Items Clause: Evasion items are banned\n|rule|Evasion Moves Clause: Evasion moves are banned\n|rule|Species Clause: Limit one of each Pok\u00e9mon\n|rule|Sleep Clause Mod: Limit one foe put to sleep\n|clearpoke\n|poke|p1|Zamazenta-*|\n|poke|p1|Whimsicott, M|\n|poke|p1|Garganacl, M|\n|poke|p1|Hoopa-Unbound|\n|poke|p1|Dondozo, M|\n|poke|p1|Gigalith, M|\n|poke|p2|Ogerpon-Wellspring, F|\n|poke|p2|Volcarona, M|\n|poke|p2|Garchomp, M|\n|poke|p2|Mawile, F|\n|poke|p2|Zapdos|\n|poke|p2|Chansey, F|\n|teampreview\n|inactive|Battle timer is ON: inactive players will automatically lose when time's up. (requested by finnawinbruh)\n|\n|t:|1700265200\n|start\n|switch|p1a: Garganacl|Garganacl, M|100\/100\n|switch|p2a: Ogerpon|Ogerpon-Wellspring, F|100\/100\n|turn|1\n|\n|t:|1700265220\n|-terastallize|p1a: Garganacl|Psychic\n|move|p2a: Ogerpon|U-turn|p1a: Garganacl\n|-supereffective|p1a: Garganacl\n|-damage|p1a: Garganacl|61\/100\n|\n|t:|1700265226\n|switch|p2a: Chansey|Chansey, F|100\/100|[from] U-turn\n|move|p1a: Garganacl|Salt Cure|p2a: Chansey\n|-damage|p2a: Chansey|91\/100\n|-start|p2a: Chansey|Salt Cure\n|\n|-heal|p1a: Garganacl|67\/100|[from] item: Leftovers\n|-damage|p2a: Chansey|79\/100|[from] Salt Cure\n|upkeep\n|turn|2\n|\n|t:|1700265230\n|move|p1a: Garganacl|Recover|p1a: Garganacl\n|-heal|p1a: Garganacl|100\/100\n|move|p2a: Chansey|Teleport|p2a: Chansey\n|\n|t:|1700265231\n|switch|p2a: Ogerpon|Ogerpon-Wellspring, F|100\/100|[from] Teleport\n|\n|upkeep\n|turn|3\n|\n|t:|1700265238\n|switch|p1a: Whimsicott|Whimsicott, M|100\/100\n|move|p2a: Ogerpon|Encore||[still]\n|-fail|p2a: Ogerpon\n|\n|upkeep\n|turn|4\n|\n|t:|1700265241\n|move|p1a: Whimsicott|Toxic|p2a: Ogerpon\n|-status|p2a: Ogerpon|tox\n|move|p2a: Ogerpon|U-turn|p1a: Whimsicott\n|-damage|p1a: Whimsicott|66\/100\n|\n|t:|1700265246\n|switch|p2a: Mawile|Mawile, F|100\/100|[from] U-turn\n|-ability|p2a: Mawile|Intimidate|boost\n|-unboost|p1a: Whimsicott|atk|1\n|\n|-heal|p1a: Whimsicott|72\/100|[from] item: Leftovers\n|upkeep\n|turn|5\n|\n|t:|1700265250\n|switch|p1a: Dondozo|Dondozo, M|100\/100\n|detailschange|p2a: Mawile|Mawile-Mega, F\n|-mega|p2a: Mawile|Mawile|Mawilite\n|move|p2a: Mawile|Play Rough|p1a: Dondozo\n|-damage|p1a: Dondozo|51\/100\n|\n|upkeep\n|turn|6\n|\n|t:|1700265253\n|move|p2a: Mawile|Thunder Punch|p1a: Dondozo\n|-supereffective|p1a: Dondozo\n|-damage|p1a: Dondozo|0 fnt\n|faint|p1a: Dondozo\n|\n|upkeep\n|\n|t:|1700265272\n|switch|p1a: Zamazenta|Zamazenta|100\/100\n|-ability|p1a: Zamazenta|Dauntless Shield|boost\n|-boost|p1a: Zamazenta|def|1\n|turn|7\n|\n|t:|1700265276\n|switch|p2a: Zapdos|Zapdos, shiny|100\/100\n|move|p1a: Zamazenta|Iron Defense|p1a: Zamazenta\n|-boost|p1a: Zamazenta|def|2\n|\n|upkeep\n|turn|8\n|\n|t:|1700265278\n|move|p1a: Zamazenta|Stone Edge|p2a: Zapdos\n|-supereffective|p2a: Zapdos\n|-damage|p2a: Zapdos|56\/100\n|move|p2a: Zapdos|Hurricane|p1a: Zamazenta\n|-supereffective|p1a: Zamazenta\n|-damage|p1a: Zamazenta|26\/100\n|\n|-heal|p1a: Zamazenta|32\/100|[from] item: Leftovers\n|upkeep\n|turn|9\n|\n|t:|1700265285\n|move|p1a: Zamazenta|Stone Edge|p2a: Zapdos\n|-supereffective|p2a: Zapdos\n|-crit|p2a: Zapdos\n|-damage|p2a: Zapdos|0 fnt\n|faint|p2a: Zapdos\n|\n|-heal|p1a: Zamazenta|38\/100|[from] item: Leftovers\n|upkeep\n|\n|t:|1700265302\n|switch|p2a: Ogerpon|Ogerpon-Wellspring, F|100\/100 tox\n|turn|10\n|\n|t:|1700265306\n|move|p1a: Zamazenta|Body Press|p2a: Ogerpon\n|-crit|p2a: Ogerpon\n|-damage|p2a: Ogerpon|0 fnt\n|faint|p2a: Ogerpon\n|\n|-heal|p1a: Zamazenta|44\/100|[from] item: Leftovers\n|upkeep\n|c|\u2606nano jump|bro\n|n|!finnawinbruh|finnawinbruh\n|\n|t:|1700265319\n|switch|p2a: Mawile|Mawile-Mega, F|100\/100\n|turn|11\n|\n|t:|1700265322\n|move|p1a: Zamazenta|Body Press|p2a: Mawile\n|-damage|p2a: Mawile|15\/100\n|move|p2a: Mawile|Play Rough|p1a: Zamazenta\n|-supereffective|p1a: Zamazenta\n|-damage|p1a: Zamazenta|0 fnt\n|faint|p1a: Zamazenta\n|\n|upkeep\n|inactive|finnawinbruh has 120 seconds left.\n|\n|t:|1700265362\n|switch|p1a: Hoopa|Hoopa-Unbound|100\/100\n|turn|12\n|\n|t:|1700265371\n|switch|p2a: Garchomp|Garchomp, M|100\/100\n|move|p1a: Hoopa|Dark Pulse|p2a: Garchomp\n|-damage|p2a: Garchomp|15\/100\n|\n|upkeep\n|turn|13\n|\n|t:|1700265384\n|switch|p2a: Chansey|Chansey, F|79\/100\n|move|p1a: Hoopa|Dark Pulse|p2a: Chansey\n|-damage|p2a: Chansey|52\/100\n|\n|upkeep\n|turn|14\n|\n|t:|1700265389\n|switch|p1a: Garganacl|Garganacl, M, tera:Psychic|100\/100\n|move|p2a: Chansey|Thunder Wave|p1a: Garganacl\n|-immune|p1a: Garganacl|[from] ability: Purifying Salt\n|\n|upkeep\n|turn|15\n|\n|t:|1700265394\n|move|p2a: Chansey|Soft-Boiled|p2a: Chansey\n|-heal|p2a: Chansey|100\/100\n|move|p1a: Garganacl|Iron Defense|p1a: Garganacl\n|-boost|p1a: Garganacl|def|2\n|\n|upkeep\n|turn|16\n|\n|t:|1700265398\n|move|p1a: Garganacl|Iron Defense|p1a: Garganacl\n|-boost|p1a: Garganacl|def|2\n|move|p2a: Chansey|Teleport|p2a: Chansey\n|\n|t:|1700265400\n|switch|p2a: Volcarona|Volcarona, M, shiny|100\/100|[from] Teleport\n|\n|upkeep\n|turn|17\n|\n|t:|1700265404\n|-terastallize|p2a: Volcarona|Steel\n|move|p2a: Volcarona|Quiver Dance|p2a: Volcarona\n|-boost|p2a: Volcarona|spa|1\n|-boost|p2a: Volcarona|spd|1\n|-boost|p2a: Volcarona|spe|1\n|move|p1a: Garganacl|Salt Cure|p2a: Volcarona\n|-resisted|p2a: Volcarona\n|-damage|p2a: Volcarona|93\/100\n|-start|p2a: Volcarona|Salt Cure\n|\n|-damage|p2a: Volcarona|68\/100|[from] Salt Cure\n|upkeep\n|turn|18\n|\n|t:|1700265419\n|switch|p1a: Gigalith|Gigalith, M|100\/100\n|-weather|Sandstorm|[from] ability: Sand Stream|[of] p1a: Gigalith\n|move|p2a: Volcarona|Bug Buzz|p1a: Gigalith\n|-damage|p1a: Gigalith|76\/100\n|\n|-weather|Sandstorm|[upkeep]\n|-damage|p2a: Volcarona|43\/100|[from] Salt Cure\n|upkeep\n|turn|19\n|\n|t:|1700265429\n|move|p2a: Volcarona|Roost|p2a: Volcarona\n|-heal|p2a: Volcarona|93\/100\n|move|p1a: Gigalith|Earthquake|p2a: Volcarona\n|-supereffective|p2a: Volcarona\n|-damage|p2a: Volcarona|18\/100\n|\n|-weather|Sandstorm|[upkeep]\n|-damage|p2a: Volcarona|0 fnt|[from] Salt Cure\n|faint|p2a: Volcarona\n|upkeep\n|\n|t:|1700265433\n|switch|p2a: Garchomp|Garchomp, M|15\/100\n|turn|20\n|\n|t:|1700265436\n|move|p2a: Garchomp|Earthquake|p1a: Gigalith\n|-supereffective|p1a: Gigalith\n|-damage|p1a: Gigalith|0 fnt\n|faint|p1a: Gigalith\n|\n|-weather|Sandstorm|[upkeep]\n|upkeep\n|\n|t:|1700265442\n|switch|p1a: Whimsicott|Whimsicott, M|72\/100\n|turn|21\n|\n|t:|1700265444\n|switch|p2a: Chansey|Chansey, F|100\/100\n|move|p1a: Whimsicott|Leech Seed|p2a: Chansey|[miss]\n|-miss|p1a: Whimsicott|p2a: Chansey\n|\n|-weather|Sandstorm|[upkeep]\n|-damage|p1a: Whimsicott|66\/100|[from] Sandstorm\n|-damage|p2a: Chansey|94\/100|[from] Sandstorm\n|-heal|p1a: Whimsicott|72\/100|[from] item: Leftovers\n|upkeep\n|turn|22\n|\n|t:|1700265448\n|move|p1a: Whimsicott|Toxic|p2a: Chansey\n|-status|p2a: Chansey|tox\n|move|p2a: Chansey|Seismic Toss|p1a: Whimsicott\n|-damage|p1a: Whimsicott|41\/100\n|\n|-weather|none\n|-heal|p1a: Whimsicott|47\/100|[from] item: Leftovers\n|-damage|p2a: Chansey|88\/100 tox|[from] psn\n|upkeep\n|turn|23\n|\n|t:|1700265452\n|move|p1a: Whimsicott|Leech Seed|p2a: Chansey\n|-start|p2a: Chansey|move: Leech Seed\n|move|p2a: Chansey|Teleport|p2a: Chansey\n|\n|t:|1700265455\n|-curestatus|p2a: Chansey|tox|[from] ability: Natural Cure\n|switch|p2a: Mawile|Mawile-Mega, F|15\/100|[from] Teleport\n|\n|-heal|p1a: Whimsicott|53\/100|[from] item: Leftovers\n|upkeep\n|turn|24\n|\n|t:|1700265458\n|switch|p2a: Chansey|Chansey, F|88\/100\n|move|p1a: Whimsicott|Leech Seed|p2a: Chansey\n|-start|p2a: Chansey|move: Leech Seed\n|\n|-heal|p1a: Whimsicott|59\/100|[from] item: Leftovers\n|-damage|p2a: Chansey|76\/100|[from] Leech Seed|[of] p1a: Whimsicott\n|-heal|p1a: Whimsicott|86\/100|[silent]\n|upkeep\n|turn|25\n|\n|t:|1700265461\n|move|p1a: Whimsicott|Substitute|p1a: Whimsicott\n|-start|p1a: Whimsicott|Substitute\n|-damage|p1a: Whimsicott|61\/100\n|move|p2a: Chansey|Seismic Toss|p1a: Whimsicott\n|-end|p1a: Whimsicott|Substitute\n|\n|-heal|p1a: Whimsicott|67\/100|[from] item: Leftovers\n|-damage|p2a: Chansey|64\/100|[from] Leech Seed|[of] p1a: Whimsicott\n|-heal|p1a: Whimsicott|94\/100|[silent]\n|upkeep\n|turn|26\n|\n|t:|1700265465\n|move|p1a: Whimsicott|Substitute|p1a: Whimsicott\n|-start|p1a: Whimsicott|Substitute\n|-damage|p1a: Whimsicott|69\/100\n|move|p2a: Chansey|Seismic Toss|p1a: Whimsicott\n|-end|p1a: Whimsicott|Substitute\n|\n|-heal|p1a: Whimsicott|75\/100|[from] item: Leftovers\n|-damage|p2a: Chansey|51\/100|[from] Leech Seed|[of] p1a: Whimsicott\n|-heal|p1a: Whimsicott|100\/100|[silent]\n|upkeep\n|turn|27\n|\n|t:|1700265468\n|move|p1a: Whimsicott|Substitute|p1a: Whimsicott\n|-start|p1a: Whimsicott|Substitute\n|-damage|p1a: Whimsicott|75\/100\n|move|p2a: Chansey|Soft-Boiled|p2a: Chansey\n|-heal|p2a: Chansey|100\/100\n|\n|-heal|p1a: Whimsicott|82\/100|[from] item: Leftovers\n|-damage|p2a: Chansey|88\/100|[from] Leech Seed|[of] p1a: Whimsicott\n|-heal|p1a: Whimsicott|100\/100|[silent]\n|upkeep\n|turn|28\n|\n|t:|1700265472\n|move|p1a: Whimsicott|Toxic|p2a: Chansey\n|-status|p2a: Chansey|tox\n|move|p2a: Chansey|Seismic Toss|p1a: Whimsicott\n|-end|p1a: Whimsicott|Substitute\n|\n|-damage|p2a: Chansey|76\/100 tox|[from] Leech Seed|[of] p1a: Whimsicott\n|-damage|p2a: Chansey|70\/100 tox|[from] psn\n|upkeep\n|turn|29\n|\n|t:|1700265475\n|move|p1a: Whimsicott|Substitute|p1a: Whimsicott\n|-start|p1a: Whimsicott|Substitute\n|-damage|p1a: Whimsicott|75\/100\n|move|p2a: Chansey|Teleport|p2a: Chansey\n|\n|t:|1700265477\n|-curestatus|p2a: Chansey|tox|[from] ability: Natural Cure\n|switch|p2a: Garchomp|Garchomp, M|15\/100|[from] Teleport\n|\n|-heal|p1a: Whimsicott|82\/100|[from] item: Leftovers\n|upkeep\n|turn|30\n|c|\u2606nano jump|this is definitely up there for corniest teams of all time\n|\n|t:|1700265491\n|move|p1a: Whimsicott|Leech Seed|p2a: Garchomp\n|-start|p2a: Garchomp|move: Leech Seed\n|move|p2a: Garchomp|Earthquake|p1a: Whimsicott\n|-resisted|p1a: Whimsicott\n|-crit|p1a: Whimsicott\n|-end|p1a: Whimsicott|Substitute\n|\n|-heal|p1a: Whimsicott|88\/100|[from] item: Leftovers\n|-damage|p2a: Garchomp|2\/100|[from] Leech Seed|[of] p1a: Whimsicott\n|-heal|p1a: Whimsicott|100\/100|[silent]\n|upkeep\n|turn|31\n|\n|t:|1700265506\n|switch|p2a: Mawile|Mawile-Mega, F|15\/100\n|move|p1a: Whimsicott|Substitute|p1a: Whimsicott\n|-start|p1a: Whimsicott|Substitute\n|-damage|p1a: Whimsicott|75\/100\n|\n|-heal|p1a: Whimsicott|82\/100|[from] item: Leftovers\n|upkeep\n|turn|32\n|\n|t:|1700265508\n|move|p1a: Whimsicott|Leech Seed|p2a: Mawile\n|-start|p2a: Mawile|move: Leech Seed\n|move|p2a: Mawile|Knock Off|p1a: Whimsicott\n|-resisted|p1a: Whimsicott\n|-end|p1a: Whimsicott|Substitute\n|\n|-heal|p1a: Whimsicott|88\/100|[from] item: Leftovers\n|-damage|p2a: Mawile|3\/100|[from] Leech Seed|[of] p1a: Whimsicott\n|-heal|p1a: Whimsicott|98\/100|[silent]\n|upkeep\n|turn|33\n|\n|t:|1700265513\n|switch|p2a: Garchomp|Garchomp, M|2\/100\n|move|p1a: Whimsicott|Substitute|p1a: Whimsicott\n|-start|p1a: Whimsicott|Substitute\n|-damage|p1a: Whimsicott|73\/100\n|\n|-heal|p1a: Whimsicott|79\/100|[from] item: Leftovers\n|upkeep\n|turn|34\n|-message|nano jump forfeited.\n|\n|win|finnawinbruh\n|raw|finnawinbruh's rating: 1329 &rarr; <strong>1352<\/strong><br \/>(+23 for winning)\n|raw|nano jump's rating: 1384 &rarr; <strong>1361<\/strong><br \/>(-23 for losing)\n","uploadtime":1700265319,"views":6,"p1id":"finnawinbruh","p2id":"nanojump","formatid":"gen9nationaldex","rating":1352,"private":0,"password":""}