{"id":"gen9nationaldex-1989684111","p1":"BigG5","p2":"OuoouoouO","format":"[Gen 9] National Dex","log":"|j|\u2606BigG5\n|j|\u2606OuoouoouO\n|t:|1699886606\n|gametype|singles\n|player|p1|BigG5|1|1458\n|player|p2|OuoouoouO|elesa|1538\n|teamsize|p1|6\n|teamsize|p2|6\n|gen|9\n|tier|[Gen 9] National Dex\n|rated|\n|rule|HP Percentage Mod: HP is shown in percentages\n|rule|Endless Battle Clause: Forcing endless battles is banned\n|rule|OHKO Clause: OHKO moves are banned\n|rule|Evasion Clause: Evasion abilities, items, and moves are banned\n|rule|Evasion Abilities Clause: Evasion abilities are banned\n|rule|Evasion Items Clause: Evasion items are banned\n|rule|Evasion Moves Clause: Evasion moves are banned\n|rule|Species Clause: Limit one of each Pok\u00e9mon\n|rule|Sleep Clause Mod: Limit one foe put to sleep\n|clearpoke\n|poke|p1|Banette, F|\n|poke|p1|Aegislash, M|\n|poke|p1|Landorus-Therian, M|\n|poke|p1|Empoleon, F|\n|poke|p1|Zamazenta-*|\n|poke|p1|Hoopa-Unbound|\n|poke|p2|Ampharos, M|\n|poke|p2|Victini|\n|poke|p2|Iron Valiant|\n|poke|p2|Alakazam, F|\n|poke|p2|Jirachi|\n|poke|p2|Salamence, F|\n|teampreview\n|inactive|Battle timer is ON: inactive players will automatically lose when time's up. (requested by OuoouoouO)\n|\n|t:|1699886621\n|start\n|switch|p1a: Banette|Banette, F|100\/100\n|switch|p2a: Iron Valiant|Iron Valiant|100\/100\n|-item|p2a: Iron Valiant|Booster Energy|[from] ability: Frisk|[of] p1a: Banette|[identify]\n|-enditem|p2a: Iron Valiant|Booster Energy\n|-activate|p2a: Iron Valiant|ability: Quark Drive|[fromitem]\n|-start|p2a: Iron Valiant|quarkdrivespe\n|turn|1\n|\n|t:|1699886632\n|detailschange|p1a: Banette|Banette-Mega, F\n|-mega|p1a: Banette|Banette|Banettite\n|move|p1a: Banette|Destiny Bond|p1a: Banette\n|-singlemove|p1a: Banette|Destiny Bond\n|move|p2a: Iron Valiant|Hypnosis|p1a: Banette\n|-status|p1a: Banette|slp|[from] move: Hypnosis\n|\n|upkeep\n|turn|2\n|\n|t:|1699886643\n|move|p2a: Iron Valiant|Psycho Cut|p1a: Banette\n|-damage|p1a: Banette|69\/100 slp\n|cant|p1a: Banette|slp\n|\n|upkeep\n|turn|3\n|\n|t:|1699886651\n|cant|p1a: Banette|slp\n|move|p2a: Iron Valiant|Swords Dance|p2a: Iron Valiant\n|-boost|p2a: Iron Valiant|atk|2\n|\n|upkeep\n|turn|4\n|\n|t:|1699886656\n|cant|p1a: Banette|slp\n|move|p2a: Iron Valiant|Psycho Cut|p1a: Banette\n|-damage|p1a: Banette|3\/100 slp\n|\n|upkeep\n|turn|5\n|\n|t:|1699886662\n|-curestatus|p1a: Banette|slp|[msg]\n|move|p1a: Banette|Destiny Bond|p1a: Banette\n|-singlemove|p1a: Banette|Destiny Bond\n|move|p2a: Iron Valiant|Hypnosis|p1a: Banette\n|-status|p1a: Banette|slp|[from] move: Hypnosis\n|\n|upkeep\n|turn|6\n|\n|t:|1699886675\n|move|p2a: Iron Valiant|Swords Dance|p2a: Iron Valiant\n|-boost|p2a: Iron Valiant|atk|2\n|cant|p1a: Banette|slp\n|\n|upkeep\n|turn|7\n|j| Sniper3322 1\n|j| jzhuc1841\n|inactive|OuoouoouO has 120 seconds left.\n|\n|t:|1699886707\n|cant|p1a: Banette|slp\n|move|p2a: Iron Valiant|Psycho Cut|p1a: Banette\n|-damage|p1a: Banette|0 fnt\n|faint|p1a: Banette\n|\n|upkeep\n|\n|t:|1699886720\n|switch|p1a: Aegislash|Aegislash, M|100\/100\n|-item|p1a: Aegislash|Air Balloon\n|turn|8\n|\n|t:|1699886724\n|move|p2a: Iron Valiant|Hypnosis|p1a: Aegislash|[miss]\n|-miss|p2a: Iron Valiant|p1a: Aegislash\n|move|p1a: Aegislash|Swords Dance|p1a: Aegislash\n|-boost|p1a: Aegislash|atk|2\n|\n|upkeep\n|turn|9\n|\n|t:|1699886734\n|move|p2a: Iron Valiant|Hypnosis|p1a: Aegislash|[miss]\n|-miss|p2a: Iron Valiant|p1a: Aegislash\n|move|p1a: Aegislash|Swords Dance|p1a: Aegislash\n|-boost|p1a: Aegislash|atk|2\n|\n|upkeep\n|turn|10\n|c| jzhuc1841|\u5636\n|\n|t:|1699886742\n|-formechange|p1a: Aegislash|Aegislash-Blade||[from] ability: Stance Change\n|move|p1a: Aegislash|Shadow Sneak|p2a: Iron Valiant\n|-damage|p2a: Iron Valiant|4\/100\n|move|p2a: Iron Valiant|Hypnosis|p1a: Aegislash\n|-status|p1a: Aegislash|slp|[from] move: Hypnosis\n|\n|upkeep\n|turn|11\n|\n|t:|1699886751\n|-end|p2a: Iron Valiant|Quark Drive|[silent]\n|switch|p2a: Salamence|Salamence, F|100\/100\n|-ability|p2a: Salamence|Intimidate|boost\n|-unboost|p1a: Aegislash|atk|1\n|cant|p1a: Aegislash|slp\n|\n|upkeep\n|turn|12\n|c| jzhuc1841|\u4f60\u4e5f\u6ca1\u6280\u80fd\u52a8\u9b3c\u5251\n|\n|t:|1699886765\n|cant|p1a: Aegislash|slp\n|move|p2a: Salamence|Fire Blast|p1a: Aegislash\n|-supereffective|p1a: Aegislash\n|-damage|p1a: Aegislash|0 fnt\n|-enditem|p1a: Aegislash|Air Balloon\n|faint|p1a: Aegislash\n|\n|upkeep\n|\n|t:|1699886784\n|switch|p1a: Landorus|Landorus-Therian, M|100\/100\n|-ability|p1a: Landorus|Intimidate|boost\n|-unboost|p2a: Salamence|atk|1\n|turn|13\n|\n|t:|1699886788\n|switch|p2a: Iron Valiant|Iron Valiant|4\/100\n|move|p1a: Landorus|Smack Down|p2a: Iron Valiant\n|-resisted|p2a: Iron Valiant\n|-damage|p2a: Iron Valiant|0 fnt\n|faint|p2a: Iron Valiant\n|-end|p2a: Iron Valiant|Quark Drive|[silent]\n|\n|upkeep\n|\n|t:|1699886791\n|switch|p2a: Salamence|Salamence, F|100\/100\n|-ability|p2a: Salamence|Intimidate|boost\n|-unboost|p1a: Landorus|atk|1\n|turn|14\n|\n|t:|1699886799\n|move|p2a: Salamence|Hydro Pump|p1a: Landorus\n|-supereffective|p1a: Landorus\n|-damage|p1a: Landorus|0 fnt\n|faint|p1a: Landorus\n|\n|upkeep\n|\n|t:|1699886809\n|switch|p1a: Empoleon|Empoleon, F|100\/100\n|turn|15\n|\n|t:|1699886821\n|switch|p2a: Ampharos|Ampharos, M|100\/100\n|move|p1a: Empoleon|Toxic|p2a: Ampharos|[miss]\n|-miss|p1a: Empoleon|p2a: Ampharos\n|\n|upkeep\n|turn|16\n|\n|t:|1699886843\n|detailschange|p2a: Ampharos|Ampharos-Mega, M\n|-mega|p2a: Ampharos|Ampharos|Ampharosite\n|-ability|p2a: Ampharos|Mold Breaker\n|-terastallize|p1a: Empoleon|Fairy\n|move|p1a: Empoleon|Toxic|p2a: Ampharos\n|-status|p2a: Ampharos|tox\n|move|p2a: Ampharos|Zap Cannon|p1a: Empoleon\n|-damage|p1a: Empoleon|50\/100\n|-status|p1a: Empoleon|par\n|\n|-heal|p1a: Empoleon|57\/100 par|[from] item: Leftovers\n|-damage|p2a: Ampharos|94\/100 tox|[from] psn\n|upkeep\n|turn|17\n|\n|t:|1699886855\n|move|p2a: Ampharos|Volt Switch|p1a: Empoleon\n|-damage|p1a: Empoleon|26\/100 par\n|\n|t:|1699886861\n|switch|p2a: Victini|Victini|100\/100|[from] Volt Switch\n|move|p1a: Empoleon|Roost|p1a: Empoleon\n|-heal|p1a: Empoleon|76\/100 par\n|\n|-heal|p1a: Empoleon|82\/100 par|[from] item: Leftovers\n|upkeep\n|turn|18\n|c| jzhuc1841|\u7535\u78c1\u70ae\u5c45\u7136\u80fd\u4e2d\n|\n|t:|1699886878\n|-zpower|p2a: Victini\n|move|p2a: Victini|Z-Celebrate|p2a: Victini|[anim]Celebrate\n|-boost|p2a: Victini|atk|1|[zeffect]\n|-boost|p2a: Victini|def|1|[zeffect]\n|-boost|p2a: Victini|spa|1|[zeffect]\n|-boost|p2a: Victini|spd|1|[zeffect]\n|-boost|p2a: Victini|spe|1|[zeffect]\n|-activate|p2a: Victini|move: Celebrate\n|cant|p1a: Empoleon|par\n|\n|-heal|p1a: Empoleon|88\/100 par|[from] item: Leftovers\n|upkeep\n|turn|19\n|c|\u2606OuoouoouO|\u81ea\u4fe1\n|\n|t:|1699886888\n|move|p2a: Victini|Stored Power|p1a: Empoleon\n|-damage|p1a: Empoleon|39\/100 par\n|cant|p1a: Empoleon|par\n|\n|-heal|p1a: Empoleon|45\/100 par|[from] item: Leftovers\n|upkeep\n|turn|20\n|\n|t:|1699886895\n|move|p2a: Victini|Stored Power|p1a: Empoleon\n|-damage|p1a: Empoleon|0 fnt\n|faint|p1a: Empoleon\n|\n|upkeep\n|\n|t:|1699886898\n|switch|p1a: Hoopa|Hoopa-Unbound|100\/100\n|turn|21\n|\n|t:|1699886903\n|move|p2a: Victini|Inferno|p1a: Hoopa|[miss]\n|-miss|p2a: Victini|p1a: Hoopa\n|move|p1a: Hoopa|Hyperspace Fury|p2a: Victini\n|-supereffective|p2a: Victini\n|-crit|p2a: Victini\n|-damage|p2a: Victini|0 fnt\n|-unboost|p1a: Hoopa|def|1\n|faint|p2a: Victini\n|\n|upkeep\n|c|\u2606OuoouoouO|\ud83d\ude21\n|\n|t:|1699886910\n|switch|p2a: Ampharos|Ampharos-Mega, M|94\/100 tox\n|-ability|p2a: Ampharos|Mold Breaker\n|turn|22\n|\n|t:|1699886916\n|move|p1a: Hoopa|Hyperspace Fury|p2a: Ampharos\n|-damage|p2a: Ampharos|11\/100 tox\n|-unboost|p1a: Hoopa|def|1\n|move|p2a: Ampharos|Zap Cannon|p1a: Hoopa|[miss]\n|-miss|p2a: Ampharos|p1a: Hoopa\n|\n|-damage|p2a: Ampharos|5\/100 tox|[from] psn\n|upkeep\n|turn|23\n|\n|t:|1699886924\n|move|p1a: Hoopa|Hyperspace Fury|p2a: Ampharos\n|-damage|p2a: Ampharos|0 fnt\n|-unboost|p1a: Hoopa|def|1\n|faint|p2a: Ampharos\n|\n|upkeep\n|c|\u2606OuoouoouO|\u53e0buff\n|\n|t:|1699886930\n|switch|p2a: Salamence|Salamence, F|100\/100\n|-ability|p2a: Salamence|Intimidate|boost\n|-unboost|p1a: Hoopa|atk|1\n|turn|24\n|\n|t:|1699886939\n|move|p2a: Salamence|Hurricane|p1a: Hoopa|[miss]\n|-miss|p2a: Salamence|p1a: Hoopa\n|move|p1a: Hoopa|Hyperspace Fury|p2a: Salamence\n|-damage|p2a: Salamence|30\/100\n|-unboost|p1a: Hoopa|def|1\n|\n|upkeep\n|turn|25\n|c|\u2606OuoouoouO|\ud83d\ude21\n|\n|t:|1699886947\n|move|p2a: Salamence|Hurricane|p1a: Hoopa|[miss]\n|-miss|p2a: Salamence|p1a: Hoopa\n|move|p1a: Hoopa|Hyperspace Fury|p2a: Salamence\n|-damage|p2a: Salamence|0 fnt\n|-unboost|p1a: Hoopa|def|1\n|faint|p2a: Salamence\n|\n|upkeep\n|c|\u2606OuoouoouO|\ud83d\ude21\n|c| jzhuc1841|\u8fd9\u624d\u6b63\u5e38\n|\n|t:|1699886955\n|switch|p2a: Jirachi|Jirachi|100\/100\n|turn|26\n|\n|t:|1699886958\n|move|p2a: Jirachi|Iron Head|p1a: Hoopa\n|-damage|p1a: Hoopa|0 fnt\n|faint|p1a: Hoopa\n|\n|upkeep\n|\n|t:|1699886962\n|switch|p1a: Zamazenta|Zamazenta|100\/100\n|-ability|p1a: Zamazenta|Dauntless Shield|boost\n|-boost|p1a: Zamazenta|def|1\n|turn|27\n|\n|t:|1699886972\n|move|p1a: Zamazenta|Iron Defense|p1a: Zamazenta\n|-boost|p1a: Zamazenta|def|2\n|move|p2a: Jirachi|Ancient Power|p1a: Zamazenta\n|-resisted|p1a: Zamazenta\n|-damage|p1a: Zamazenta|95\/100\n|\n|-heal|p1a: Zamazenta|100\/100|[from] item: Leftovers\n|upkeep\n|turn|28\n|\n|t:|1699886980\n|move|p1a: Zamazenta|Iron Defense|p1a: Zamazenta\n|-boost|p1a: Zamazenta|def|2\n|move|p2a: Jirachi|Ancient Power|p1a: Zamazenta\n|-resisted|p1a: Zamazenta\n|-damage|p1a: Zamazenta|95\/100\n|\n|-heal|p1a: Zamazenta|100\/100|[from] item: Leftovers\n|upkeep\n|turn|29\n|c|\u2606OuoouoouO|\u4e0d\u6025\n|\n|t:|1699886987\n|move|p1a: Zamazenta|Body Press|p2a: Jirachi\n|-damage|p2a: Jirachi|0 fnt\n|faint|p2a: Jirachi\n|\n|upkeep\n|\n|t:|1699886990\n|switch|p2a: Alakazam|Alakazam, F|100\/100\n|turn|30\n|c| jzhuc1841|\u80e1\u5927\u5e08\n|\n|t:|1699886995\n|move|p1a: Zamazenta|Crunch|p2a: Alakazam\n|-supereffective|p2a: Alakazam\n|-damage|p2a: Alakazam|0 fnt\n|faint|p2a: Alakazam\n|\n|win|BigG5\n|raw|BigG5's rating: 1458 &rarr; <strong>1483<\/strong><br \/>(+25 for winning)\n|raw|OuoouoouO's rating: 1538 &rarr; <strong>1513<\/strong><br \/>(-25 for losing)\n|c| jzhuc1841|\uff1f\n|c|\u2606OuoouoouO|\u554a?\n|c| jzhuc1841|\u4f60\u8fd9\u4e0d\u662f\u56f4\u5dfe\u80e1\u5927\u5e08\u5417\uff1f\n|c|\u2606OuoouoouO|\u6781\u901f\u76fe\u72d7?\n|c|\u2606OuoouoouO|\ud83d\ude2d\n|c| jzhuc1841|\u6211\u8fd8\u4ee5\u4e3a\u662f\u56f4\u5dfe\u7684\n","uploadtime":1699887007,"views":6,"p1id":"bigg5","p2id":"ouoouoouo","formatid":"gen9nationaldex","rating":1483,"private":0,"password":""}