{"id":"gen9nationaldex-1998647694","p1":"baigu2","p2":"gnome_attack","format":"[Gen 9] National Dex","log":"|html|<div class=\"broadcast-blue\"><strong>[Gen 9] National Dex is currently suspecting Sneasler! For information on how to participate check out the <a href=\"https:\/\/www.smogon.com\/forums\/threads\/sv-national-dex-suspect-8-just-dance.3731534\/\">suspect thread<\/a>.<\/strong><\/div>\n|j|\u2606baigu2\n|j|\u2606gnome_attack\n|t:|1700967283\n|gametype|singles\n|player|p1|baigu2|170|1724\n|player|p2|gnome_attack|kris-gen2|1550\n|teamsize|p1|6\n|teamsize|p2|6\n|gen|9\n|tier|[Gen 9] National Dex\n|rated|\n|rule|HP Percentage Mod: HP is shown in percentages\n|rule|Endless Battle Clause: Forcing endless battles is banned\n|rule|OHKO Clause: OHKO moves are banned\n|rule|Evasion Clause: Evasion abilities, items, and moves are banned\n|rule|Evasion Abilities Clause: Evasion abilities are banned\n|rule|Evasion Items Clause: Evasion items are banned\n|rule|Evasion Moves Clause: Evasion moves are banned\n|rule|Species Clause: Limit one of each Pok\u00e9mon\n|rule|Sleep Clause Mod: Limit one foe put to sleep\n|clearpoke\n|poke|p1|Ursaluna, F|\n|poke|p1|Slowking, M|\n|poke|p1|Corviknight, F|\n|poke|p1|Hoopa-Unbound|\n|poke|p1|Dragonite, M|\n|poke|p1|Tapu Koko|\n|poke|p2|Ogerpon-Wellspring, F|\n|poke|p2|Landorus-Therian, M|\n|poke|p2|Tapu Lele|\n|poke|p2|Zamazenta-*|\n|poke|p2|Heatran, M|\n|poke|p2|Slowking-Galar, M|\n|teampreview\n|\n|t:|1700967296\n|start\n|switch|p1a: Tapu Koko|Tapu Koko|100\/100\n|switch|p2a: Heatran|Heatran, M|100\/100\n|-fieldstart|move: Electric Terrain|[from] ability: Electric Surge|[of] p1a: Tapu Koko\n|turn|1\n|\n|t:|1700967302\n|move|p1a: Tapu Koko|U-turn|p2a: Heatran\n|-resisted|p2a: Heatran\n|-damage|p2a: Heatran|97\/100\n|\n|t:|1700967304\n|switch|p1a: Slowking|Slowking, M|100\/100|[from] U-turn\n|move|p2a: Heatran|Magma Storm|p1a: Slowking\n|-resisted|p1a: Slowking\n|-damage|p1a: Slowking|87\/100\n|-activate|p1a: Slowking|move: Magma Storm|[of] p2a: Heatran\n|\n|-heal|p2a: Heatran|100\/100|[from] item: Leftovers\n|-damage|p1a: Slowking|75\/100|[from] move: Magma Storm|[partiallytrapped]\n|upkeep\n|turn|2\n|\n|t:|1700967325\n|move|p2a: Heatran|Stealth Rock|p1a: Slowking\n|-sidestart|p1: baigu2|move: Stealth Rock\n|move|p1a: Slowking|Scald|p2a: Heatran\n|-supereffective|p2a: Heatran\n|-damage|p2a: Heatran|65\/100\n|\n|-heal|p2a: Heatran|71\/100|[from] item: Leftovers\n|-damage|p1a: Slowking|62\/100|[from] move: Magma Storm|[partiallytrapped]\n|upkeep\n|turn|3\n|\n|t:|1700967356\n|move|p2a: Heatran|Taunt|p1a: Slowking\n|-start|p1a: Slowking|move: Taunt\n|cant|p1a: Slowking|move: Taunt|Trick Room\n|\n|-heal|p2a: Heatran|77\/100|[from] item: Leftovers\n|-damage|p1a: Slowking|50\/100|[from] move: Magma Storm|[partiallytrapped]\n|upkeep\n|turn|4\n|\n|t:|1700967367\n|move|p2a: Heatran|Earth Power|p1a: Slowking\n|-damage|p1a: Slowking|33\/100\n|move|p1a: Slowking|Scald|p2a: Heatran\n|-supereffective|p2a: Heatran\n|-damage|p2a: Heatran|43\/100\n|\n|-heal|p2a: Heatran|49\/100|[from] item: Leftovers\n|-damage|p1a: Slowking|21\/100|[from] move: Magma Storm|[partiallytrapped]\n|upkeep\n|turn|5\n|\n|t:|1700967373\n|move|p2a: Heatran|Earth Power|p1a: Slowking\n|-damage|p1a: Slowking|5\/100\n|move|p1a: Slowking|Scald|p2a: Heatran\n|-supereffective|p2a: Heatran\n|-damage|p2a: Heatran|10\/100\n|\n|-heal|p2a: Heatran|17\/100|[from] item: Leftovers\n|-damage|p1a: Slowking|0 fnt|[from] move: Magma Storm|[partiallytrapped]\n|faint|p1a: Slowking\n|-fieldend|move: Electric Terrain\n|upkeep\n|\n|t:|1700967382\n|switch|p1a: \u718a\u5927|Ursaluna, F|100\/100\n|-damage|p1a: \u718a\u5927|94\/100|[from] Stealth Rock\n|turn|6\n|\n|t:|1700967387\n|switch|p2a: Landorus|Landorus-Therian, M|100\/100\n|-ability|p2a: Landorus|Intimidate|boost\n|-unboost|p1a: \u718a\u5927|atk|1\n|move|p1a: \u718a\u5927|Facade|p2a: Landorus\n|-damage|p2a: Landorus|82\/100\n|-damage|p1a: \u718a\u5927|78\/100|[from] item: Rocky Helmet|[of] p2a: Landorus\n|\n|-status|p1a: \u718a\u5927|brn|[from] item: Flame Orb\n|upkeep\n|turn|7\n|\n|t:|1700967394\n|switch|p1a: Corviknight|Corviknight, F|100\/100\n|-damage|p1a: Corviknight|88\/100|[from] Stealth Rock\n|-ability|p1a: Corviknight|Pressure\n|move|p2a: Landorus|Earthquake|p1a: Corviknight\n|-immune|p1a: Corviknight\n|\n|upkeep\n|turn|8\n|\n|t:|1700967409\n|switch|p2a: Slowking|Slowking-Galar, M|100\/100\n|move|p1a: Corviknight|Defog|p2a: Slowking\n|-unboost|p2a: Slowking|evasion|1\n|-sideend|p1: baigu2|Stealth Rock|[from] move: Defog|[of] p1a: Corviknight\n|\n|upkeep\n|turn|9\n|\n|t:|1700967416\n|move|p1a: Corviknight|U-turn|p2a: Slowking\n|-damage|p2a: Slowking|91\/100\n|\n|t:|1700967418\n|switch|p1a: \u718a\u5927|Ursaluna, F|78\/100 brn|[from] U-turn\n|move|p2a: Slowking|Thunder Wave|p1a: \u718a\u5927\n|-immune|p1a: \u718a\u5927\n|\n|-damage|p1a: \u718a\u5927|72\/100 brn|[from] brn\n|upkeep\n|turn|10\n|\n|t:|1700967422\n|switch|p2a: Landorus|Landorus-Therian, M|82\/100\n|-ability|p2a: Landorus|Intimidate|boost\n|-unboost|p1a: \u718a\u5927|atk|1\n|-terastallize|p1a: \u718a\u5927|Normal\n|move|p1a: \u718a\u5927|Facade|p2a: Landorus\n|-damage|p2a: Landorus|0 fnt\n|-damage|p1a: \u718a\u5927|55\/100 brn|[from] item: Rocky Helmet|[of] p2a: Landorus\n|faint|p2a: Landorus\n|\n|-damage|p1a: \u718a\u5927|49\/100 brn|[from] brn\n|upkeep\n|\n|t:|1700967427\n|switch|p2a: Zamazenta|Zamazenta|100\/100\n|-ability|p2a: Zamazenta|Dauntless Shield|boost\n|-boost|p2a: Zamazenta|def|1\n|turn|11\n|\n|t:|1700967431\n|switch|p1a: Corviknight|Corviknight, F|88\/100\n|-ability|p1a: Corviknight|Pressure\n|move|p2a: Zamazenta|Close Combat|p1a: Corviknight\n|-damage|p1a: Corviknight|52\/100\n|-unboost|p2a: Zamazenta|def|1\n|-unboost|p2a: Zamazenta|spd|1\n|-damage|p2a: Zamazenta|84\/100|[from] item: Rocky Helmet|[of] p1a: Corviknight\n|\n|upkeep\n|turn|12\n|\n|t:|1700967441\n|-terastallize|p2a: Zamazenta|Fighting\n|move|p2a: Zamazenta|Close Combat|p1a: Corviknight\n|-damage|p1a: Corviknight|5\/100\n|-unboost|p2a: Zamazenta|def|1\n|-unboost|p2a: Zamazenta|spd|1\n|-damage|p2a: Zamazenta|67\/100|[from] item: Rocky Helmet|[of] p1a: Corviknight\n|move|p1a: Corviknight|Roost|p1a: Corviknight\n|-heal|p1a: Corviknight|55\/100\n|-singleturn|p1a: Corviknight|move: Roost\n|\n|upkeep\n|turn|13\n|\n|t:|1700967452\n|switch|p2a: Heatran|Heatran, M|17\/100\n|move|p1a: Corviknight|Roost|p1a: Corviknight\n|-heal|p1a: Corviknight|100\/100\n|-singleturn|p1a: Corviknight|move: Roost\n|\n|-heal|p2a: Heatran|23\/100|[from] item: Leftovers\n|upkeep\n|turn|14\n|\n|t:|1700967456\n|switch|p1a: Hoopa|Hoopa-Unbound|100\/100\n|move|p2a: Heatran|Magma Storm|p1a: Hoopa|[miss]\n|-miss|p2a: Heatran|p1a: Hoopa\n|\n|-heal|p2a: Heatran|29\/100|[from] item: Leftovers\n|upkeep\n|turn|15\n|\n|t:|1700967462\n|switch|p2a: Tapu Lele|Tapu Lele|100\/100\n|-fieldstart|move: Psychic Terrain|[from] ability: Psychic Surge|[of] p2a: Tapu Lele\n|move|p1a: Hoopa|Dark Pulse|p2a: Tapu Lele\n|-damage|p2a: Tapu Lele|46\/100\n|\n|upkeep\n|turn|16\n|\n|t:|1700967467\n|switch|p1a: Corviknight|Corviknight, F|100\/100\n|-ability|p1a: Corviknight|Pressure\n|move|p2a: Tapu Lele|Moonblast|p1a: Corviknight\n|-resisted|p1a: Corviknight\n|-damage|p1a: Corviknight|78\/100\n|\n|upkeep\n|turn|17\n|\n|t:|1700967471\n|switch|p2a: Heatran|Heatran, M|29\/100\n|move|p1a: Corviknight|U-turn|p2a: Heatran\n|-resisted|p2a: Heatran\n|-crit|p2a: Heatran\n|-damage|p2a: Heatran|24\/100\n|\n|t:|1700967474\n|switch|p1a: Hoopa|Hoopa-Unbound|100\/100|[from] U-turn\n|\n|-heal|p2a: Heatran|30\/100|[from] item: Leftovers\n|upkeep\n|turn|18\n|\n|t:|1700967477\n|move|p1a: Hoopa|Dark Pulse|p2a: Heatran\n|-damage|p2a: Heatran|0 fnt\n|faint|p2a: Heatran\n|\n|upkeep\n|-message|gnome_attack forfeited.\n|\n|win|baigu2\n|raw|baigu2's rating: 1724 &rarr; <strong>1735<\/strong><br \/>(+11 for winning)\n|raw|gnome_attack's rating: 1550 &rarr; <strong>1539<\/strong><br \/>(-11 for losing)\n|l|\u2606gnome_attack\n","uploadtime":1700967485,"views":3,"p1id":"baigu2","p2id":"gnomeattack","formatid":"gen9nationaldex","rating":1539,"private":0,"password":""}