{"id":"gen9nationaldex-1993833032","p1":"TheGrassKing1","p2":"Mr.checkmate\u65e0\u5fc3\u65e0\u68a6","format":"[Gen 9] National Dex","log":"|j|\u2606TheGrassKing1\n|j|\u2606Mr.checkmate\u65e0\u5fc3\u65e0\u68a6\n|t:|1700362901\n|gametype|singles\n|player|p1|TheGrassKing1|morty-masters2|1705\n|player|p2|Mr.checkmate\u65e0\u5fc3\u65e0\u68a6|marnie-masters3|1746\n|teamsize|p1|6\n|teamsize|p2|6\n|gen|9\n|tier|[Gen 9] National Dex\n|rated|\n|rule|HP Percentage Mod: HP is shown in percentages\n|rule|Endless Battle Clause: Forcing endless battles is banned\n|rule|OHKO Clause: OHKO moves are banned\n|rule|Evasion Clause: Evasion abilities, items, and moves are banned\n|rule|Evasion Abilities Clause: Evasion abilities are banned\n|rule|Evasion Items Clause: Evasion items are banned\n|rule|Evasion Moves Clause: Evasion moves are banned\n|rule|Species Clause: Limit one of each Pok\u00e9mon\n|rule|Sleep Clause Mod: Limit one foe put to sleep\n|clearpoke\n|poke|p1|Torkoal, M|\n|poke|p1|Kartana|\n|poke|p1|Heatran, F|\n|poke|p1|Dragonite, F|\n|poke|p1|Aegislash, F|\n|poke|p1|Landorus-Therian, M|\n|poke|p2|Diancie|\n|poke|p2|Ogerpon-Cornerstone, F|\n|poke|p2|Landorus-Therian, M|\n|poke|p2|Dragonite, M|\n|poke|p2|Great Tusk|\n|poke|p2|Tapu Lele|\n|teampreview\n|inactive|Battle timer is ON: inactive players will automatically lose when time's up. (requested by Mr.checkmate\u65e0\u5fc3\u65e0\u68a6)\n|inactive|TheGrassKing1 has 120 seconds left.\n|\n|t:|1700362932\n|start\n|switch|p1a: Kartana|Kartana|100\/100\n|switch|p2a: \u6211\u8001\u5a46|Diancie|100\/100\n|turn|1\n|\n|t:|1700362947\n|detailschange|p2a: \u6211\u8001\u5a46|Diancie-Mega\n|-mega|p2a: \u6211\u8001\u5a46|Diancie|Diancite\n|move|p2a: \u6211\u8001\u5a46|Protect|p2a: \u6211\u8001\u5a46\n|-singleturn|p2a: \u6211\u8001\u5a46|Protect\n|move|p1a: Kartana|Leaf Blade|p2a: \u6211\u8001\u5a46\n|-activate|p2a: \u6211\u8001\u5a46|move: Protect\n|\n|upkeep\n|turn|2\n|\n|t:|1700362955\n|switch|p2a: Landorus|Landorus-Therian, M|100\/100\n|-ability|p2a: Landorus|Intimidate|boost\n|-unboost|p1a: Kartana|atk|1\n|move|p1a: Kartana|Leaf Blade|p2a: Landorus\n|-damage|p2a: Landorus|52\/100\n|\n|upkeep\n|turn|3\n|\n|t:|1700362960\n|switch|p1a: Landorus|Landorus-Therian, M|100\/100\n|-ability|p1a: Landorus|Intimidate|boost\n|-unboost|p2a: Landorus|atk|1\n|move|p2a: Landorus|U-turn|p1a: Landorus\n|-resisted|p1a: Landorus\n|-damage|p1a: Landorus|92\/100\n|-enditem|p1a: Landorus|Eject Button\n|\n|t:|1700362966\n|switch|p1a: Kartana|Kartana|100\/100\n|\n|upkeep\n|turn|4\n|\n|t:|1700362972\n|switch|p2a: Dragonite|Dragonite, M|100\/100\n|move|p1a: Kartana|Leaf Blade|p2a: Dragonite\n|-resisted|p2a: Dragonite\n|-damage|p2a: Dragonite|94\/100\n|\n|upkeep\n|turn|5\n|\n|t:|1700362991\n|switch|p1a: Landorus|Landorus-Therian, M|92\/100\n|-ability|p1a: Landorus|Intimidate|boost\n|-unboost|p2a: Dragonite|atk|1\n|switch|p2a: Landorus|Landorus-Therian, M|52\/100\n|-ability|p2a: Landorus|Intimidate|boost\n|-unboost|p1a: Landorus|atk|1\n|\n|upkeep\n|turn|6\n|\n|t:|1700362994\n|move|p2a: Landorus|Explosion|p1a: Landorus\n|-damage|p1a: Landorus|4\/100\n|faint|p2a: Landorus\n|move|p1a: Landorus|Toxic|p2: Landorus|[notarget]\n|-fail|p1a: Landorus\n|\n|upkeep\n|\n|t:|1700363002\n|switch|p2a: Great Tusk|Great Tusk|100\/100\n|turn|7\n|\n|t:|1700363011\n|move|p1a: Landorus|Toxic|p2a: Great Tusk\n|-status|p2a: Great Tusk|tox\n|move|p2a: Great Tusk|Rapid Spin|p1a: Landorus\n|-damage|p1a: Landorus|0 fnt\n|-boost|p2a: Great Tusk|spe|1\n|faint|p1a: Landorus\n|\n|-damage|p2a: Great Tusk|94\/100 tox|[from] psn\n|upkeep\n|\n|t:|1700363014\n|switch|p1a: Kartana|Kartana|100\/100\n|turn|8\n|\n|t:|1700363030\n|switch|p1a: Aegislash|Aegislash, F|100\/100\n|move|p2a: Great Tusk|Close Combat|p1a: Aegislash\n|-immune|p1a: Aegislash\n|\n|-damage|p2a: Great Tusk|82\/100 tox|[from] psn\n|upkeep\n|turn|9\n|\n|t:|1700363047\n|move|p2a: Great Tusk|Headlong Rush|p1a: Aegislash\n|-supereffective|p1a: Aegislash\n|-damage|p1a: Aegislash|0 fnt\n|-unboost|p2a: Great Tusk|def|1\n|-unboost|p2a: Great Tusk|spd|1\n|faint|p1a: Aegislash\n|\n|-damage|p2a: Great Tusk|63\/100 tox|[from] psn\n|upkeep\n|\n|t:|1700363051\n|switch|p1a: Kartana|Kartana|100\/100\n|turn|10\n|\n|t:|1700363056\n|move|p1a: Kartana|Leaf Blade|p2a: Great Tusk\n|-supereffective|p2a: Great Tusk\n|-damage|p2a: Great Tusk|0 fnt\n|faint|p2a: Great Tusk\n|-end|p2a: Great Tusk|Protosynthesis|[silent]\n|-ability|p1a: Kartana|Beast Boost|boost\n|-boost|p1a: Kartana|atk|1\n|\n|upkeep\n|\n|t:|1700363059\n|switch|p2a: Dragonite|Dragonite, M|94\/100\n|turn|11\n|\n|t:|1700363063\n|switch|p1a: Torkoal|Torkoal, M|100\/100\n|-weather|SunnyDay|[from] ability: Drought|[of] p1a: Torkoal\n|move|p2a: Dragonite|Curse|p2a: Dragonite\n|-unboost|p2a: Dragonite|spe|1\n|-boost|p2a: Dragonite|atk|1\n|-boost|p2a: Dragonite|def|1\n|\n|-weather|SunnyDay|[upkeep]\n|upkeep\n|turn|12\n|\n|t:|1700363068\n|move|p2a: Dragonite|Earthquake|p1a: Torkoal\n|-supereffective|p1a: Torkoal\n|-damage|p1a: Torkoal|17\/100\n|move|p1a: Torkoal|Toxic|p2a: Dragonite|[miss]\n|-miss|p1a: Torkoal|p2a: Dragonite\n|\n|-weather|SunnyDay|[upkeep]\n|upkeep\n|turn|13\n|\n|t:|1700363074\n|switch|p1a: Heatran|Heatran, F|100\/100\n|-item|p1a: Heatran|Air Balloon\n|move|p2a: Dragonite|Earthquake|p1a: Heatran\n|-immune|p1a: Heatran\n|\n|-weather|SunnyDay|[upkeep]\n|upkeep\n|turn|14\n|\n|t:|1700363079\n|move|p2a: Dragonite|Extreme Speed|p1a: Heatran\n|-resisted|p1a: Heatran\n|-damage|p1a: Heatran|75\/100\n|-enditem|p1a: Heatran|Air Balloon\n|move|p1a: Heatran|Toxic|p2a: Dragonite\n|-status|p2a: Dragonite|tox\n|\n|-weather|SunnyDay|[upkeep]\n|-damage|p2a: Dragonite|88\/100 tox|[from] psn\n|upkeep\n|turn|15\n|\n|t:|1700363097\n|switch|p1a: Dragonite|Dragonite, F|100\/100\n|switch|p2a: \u6211\u8001\u5a46|Diancie-Mega|100\/100\n|\n|-weather|SunnyDay|[upkeep]\n|upkeep\n|turn|16\n|\n|t:|1700363111\n|move|p2a: \u6211\u8001\u5a46|Stealth Rock|p1a: Dragonite\n|-sidestart|p1: TheGrassKing1|move: Stealth Rock\n|move|p1a: Dragonite|Earthquake|p2a: \u6211\u8001\u5a46\n|-supereffective|p2a: \u6211\u8001\u5a46\n|-damage|p2a: \u6211\u8001\u5a46|27\/100\n|\n|-weather|SunnyDay|[upkeep]\n|upkeep\n|turn|17\n|inactive|TheGrassKing1 has 120 seconds left.\n|inactive|TheGrassKing1 has 90 seconds left.\n|inactive|TheGrassKing1 has 60 seconds left.\n|\n|t:|1700363207\n|switch|p1a: Torkoal|Torkoal, M|17\/100\n|-damage|p1a: Torkoal|0 fnt|[from] Stealth Rock\n|faint|p1a: Torkoal\n|move|p2a: \u6211\u8001\u5a46|Moonblast|p1: Torkoal|[notarget]\n|-fail|p2a: \u6211\u8001\u5a46\n|\n|-weather|SunnyDay|[upkeep]\n|upkeep\n|\n|t:|1700363210\n|switch|p1a: Kartana|Kartana|100\/100\n|-damage|p1a: Kartana|94\/100|[from] Stealth Rock\n|turn|18\n|inactive|TheGrassKing1 has 60 seconds left.\n|\n|t:|1700363221\n|move|p2a: \u6211\u8001\u5a46|Protect|p2a: \u6211\u8001\u5a46\n|-singleturn|p2a: \u6211\u8001\u5a46|Protect\n|move|p1a: Kartana|Leaf Blade|p2a: \u6211\u8001\u5a46\n|-activate|p2a: \u6211\u8001\u5a46|move: Protect\n|\n|-weather|none\n|upkeep\n|turn|19\n|\n|t:|1700363230\n|switch|p2a: Dragonite|Dragonite, M|88\/100 tox\n|move|p1a: Kartana|Leaf Blade|p2a: Dragonite\n|-resisted|p2a: Dragonite\n|-damage|p2a: Dragonite|74\/100 tox\n|\n|-damage|p2a: Dragonite|68\/100 tox|[from] psn\n|upkeep\n|turn|20\n|\n|t:|1700363238\n|switch|p1a: Dragonite|Dragonite, F|100\/100\n|move|p2a: Dragonite|Roost|p2a: Dragonite\n|-heal|p2a: Dragonite|100\/100 tox\n|-singleturn|p2a: Dragonite|move: Roost\n|\n|-damage|p2a: Dragonite|88\/100 tox|[from] psn\n|upkeep\n|turn|21\n|\n|t:|1700363249\n|move|p2a: Dragonite|Extreme Speed|p1a: Dragonite\n|-damage|p1a: Dragonite|82\/100\n|move|p1a: Dragonite|Dragon Dance|p1a: Dragonite\n|-boost|p1a: Dragonite|atk|1\n|-boost|p1a: Dragonite|spe|1\n|\n|-damage|p2a: Dragonite|69\/100 tox|[from] psn\n|upkeep\n|turn|22\n|\n|t:|1700363262\n|switch|p2a: Tapu Lele|Tapu Lele|100\/100\n|-fieldstart|move: Psychic Terrain|[from] ability: Psychic Surge|[of] p2a: Tapu Lele\n|move|p1a: Dragonite|Ice Spinner|p2a: Tapu Lele\n|-damage|p2a: Tapu Lele|32\/100\n|-fieldend|move: Psychic Terrain\n|\n|upkeep\n|turn|23\n|\n|t:|1700363274\n|move|p1a: Dragonite|Extreme Speed|p2a: Tapu Lele\n|-damage|p2a: Tapu Lele|0 fnt\n|faint|p2a: Tapu Lele\n|\n|upkeep\n|\n|t:|1700363277\n|switch|p2a: Ogerpon|Ogerpon-Cornerstone, F|100\/100\n|turn|24\n|\n|t:|1700363291\n|-terastallize|p1a: Dragonite|Normal\n|move|p1a: Dragonite|Ice Spinner|p2a: Ogerpon\n|-supereffective|p2a: Ogerpon\n|-crit|p2a: Ogerpon\n|-ability|p2a: Ogerpon|Sturdy\n|-damage|p2a: Ogerpon|1\/100\n|move|p2a: Ogerpon|Ivy Cudgel|p1a: Dragonite|[anim] Ivy Cudgel Rock\n|-damage|p1a: Dragonite|15\/100\n|\n|upkeep\n|turn|25\n|\n|t:|1700363306\n|move|p1a: Dragonite|Extreme Speed|p2a: Ogerpon\n|-resisted|p2a: Ogerpon\n|-damage|p2a: Ogerpon|0 fnt\n|faint|p2a: Ogerpon\n|\n|upkeep\n|\n|t:|1700363311\n|switch|p2a: Dragonite|Dragonite, M|69\/100 tox\n|turn|26\n|\n|t:|1700363313\n|move|p1a: Dragonite|Extreme Speed|p2a: Dragonite\n|-crit|p2a: Dragonite\n|-damage|p2a: Dragonite|0 fnt\n|faint|p2a: Dragonite\n|\n|upkeep\n|-message|Mr.checkmate\u65e0\u5fc3\u65e0\u68a6 forfeited.\n|\n|win|TheGrassKing1\n|raw|TheGrassKing1's rating: 1705 &rarr; <strong>1727<\/strong><br \/>(+22 for winning)\n|raw|Mr.checkmate\u65e0\u5fc3\u65e0\u68a6's rating: 1746 &rarr; <strong>1724<\/strong><br \/>(-22 for losing)\n|l|\u2606Mr.checkmate\u65e0\u5fc3\u65e0\u68a6\n","uploadtime":1700364521,"views":14,"p1id":"thegrassking1","p2id":"mrcheckmate","formatid":"gen9nationaldex","rating":1724,"private":0,"password":""}