{"id":"gen9nationaldex-1998938600","p1":"US Temmie","p2":"finestsalt","format":"[Gen 9] National Dex","log":"|html|<div class=\"broadcast-blue\"><strong>[Gen 9] National Dex is currently suspecting Sneasler! For information on how to participate check out the <a href=\"https:\/\/www.smogon.com\/forums\/threads\/sv-national-dex-suspect-8-just-dance.3731534\/\">suspect thread<\/a>.<\/strong><\/div>\n|j|\u2606US Temmie\n|j|\u2606finestsalt\n|t:|1701015436\n|gametype|singles\n|player|p1|US Temmie|n|\n|player|p2|finestsalt|102|\n|teamsize|p1|6\n|teamsize|p2|6\n|gen|9\n|tier|[Gen 9] National Dex\n|rule|HP Percentage Mod: HP is shown in percentages\n|rule|Endless Battle Clause: Forcing endless battles is banned\n|rule|OHKO Clause: OHKO moves are banned\n|rule|Evasion Clause: Evasion abilities, items, and moves are banned\n|rule|Evasion Abilities Clause: Evasion abilities are banned\n|rule|Evasion Items Clause: Evasion items are banned\n|rule|Evasion Moves Clause: Evasion moves are banned\n|rule|Species Clause: Limit one of each Pok\u00e9mon\n|rule|Sleep Clause Mod: Limit one foe put to sleep\n|clearpoke\n|poke|p1|Xatu, M|\n|poke|p1|Volcarona, M|\n|poke|p1|Great Tusk|\n|poke|p1|Diancie|\n|poke|p1|Ninetales, M|\n|poke|p1|Hatterene, F|\n|poke|p2|Ferrothorn, F|\n|poke|p2|Toxapex, F|\n|poke|p2|Gliscor, F|\n|poke|p2|Corviknight, M|\n|poke|p2|Zapdos|\n|poke|p2|Latias, F|\n|teampreview\n|\n|t:|1701015454\n|start\n|switch|p1a: Diancie|Diancie|100\/100\n|switch|p2a: Whar|Latias, F|100\/100\n|turn|1\n|\n|t:|1701015466\n|detailschange|p2a: Whar|Latias-Mega, F\n|-mega|p2a: Whar|Latias|Latiasite\n|detailschange|p1a: Diancie|Diancie-Mega\n|-mega|p1a: Diancie|Diancie|Diancite\n|move|p1a: Diancie|Calm Mind|p1a: Diancie\n|-boost|p1a: Diancie|spa|1\n|-boost|p1a: Diancie|spd|1\n|move|p2a: Whar|Toxic|p1a: Diancie\n|move|p1a: Diancie|Toxic|p2a: Whar|[from]ability: Magic Bounce\n|-status|p2a: Whar|tox\n|\n|-damage|p2a: Whar|94\/100 tox|[from] psn\n|upkeep\n|turn|2\n|\n|t:|1701015494\n|move|p1a: Diancie|Calm Mind|p1a: Diancie\n|-boost|p1a: Diancie|spa|1\n|-boost|p1a: Diancie|spd|1\n|move|p2a: Whar|Roar|p1a: Diancie\n|move|p1a: Diancie|Roar|p2a: Whar|[from]ability: Magic Bounce\n|drag|p2a: I dont like this|Gliscor, F|100\/100\n|\n|-status|p2a: I dont like this|tox|[from] item: Toxic Orb\n|upkeep\n|turn|3\n|\n|t:|1701015516\n|move|p1a: Diancie|Moonblast|p2a: I dont like this\n|-damage|p2a: I dont like this|0 fnt\n|faint|p2a: I dont like this\n|\n|upkeep\n|\n|t:|1701015523\n|switch|p2a: PEX MY BELOVED|Toxapex, F|100\/100\n|turn|4\n|\n|t:|1701015535\n|move|p1a: Diancie|Calm Mind|p1a: Diancie\n|-boost|p1a: Diancie|spa|1\n|-boost|p1a: Diancie|spd|1\n|move|p2a: PEX MY BELOVED|Scald|p1a: Diancie\n|-supereffective|p1a: Diancie\n|-damage|p1a: Diancie|82\/100\n|-status|p1a: Diancie|brn\n|\n|-damage|p1a: Diancie|76\/100 brn|[from] brn\n|upkeep\n|turn|5\n|\n|t:|1701015543\n|move|p1a: Diancie|Calm Mind|p1a: Diancie\n|-boost|p1a: Diancie|spa|1\n|-boost|p1a: Diancie|spd|1\n|move|p2a: PEX MY BELOVED|Haze|p2a: PEX MY BELOVED\n|-clearallboost\n|\n|-damage|p1a: Diancie|70\/100 brn|[from] brn\n|upkeep\n|turn|6\n|\n|t:|1701015580\n|move|p1a: Diancie|Power Gem|p2a: PEX MY BELOVED\n|-crit|p2a: PEX MY BELOVED\n|-damage|p2a: PEX MY BELOVED|53\/100\n|move|p2a: PEX MY BELOVED|Scald|p1a: Diancie\n|-supereffective|p1a: Diancie\n|-damage|p1a: Diancie|25\/100 brn\n|\n|-heal|p2a: PEX MY BELOVED|59\/100|[from] item: Leftovers\n|-damage|p1a: Diancie|19\/100 brn|[from] brn\n|upkeep\n|turn|7\n|\n|t:|1701015598\n|switch|p1a: Ninetales|Ninetales, M|100\/100\n|move|p2a: PEX MY BELOVED|Recover|p2a: PEX MY BELOVED\n|-heal|p2a: PEX MY BELOVED|100\/100\n|\n|upkeep\n|turn|8\n|\n|t:|1701015634\n|move|p1a: Ninetales|Calm Mind|p1a: Ninetales\n|-boost|p1a: Ninetales|spa|1\n|-boost|p1a: Ninetales|spd|1\n|move|p2a: PEX MY BELOVED|Toxic Spikes|p1a: Ninetales\n|-sidestart|p1: US Temmie|move: Toxic Spikes\n|\n|upkeep\n|turn|9\n|\n|t:|1701015641\n|move|p1a: Ninetales|Stored Power|p2a: PEX MY BELOVED\n|-supereffective|p2a: PEX MY BELOVED\n|-damage|p2a: PEX MY BELOVED|73\/100\n|move|p2a: PEX MY BELOVED|Haze|p2a: PEX MY BELOVED\n|-clearallboost\n|\n|-heal|p2a: PEX MY BELOVED|79\/100|[from] item: Leftovers\n|upkeep\n|turn|10\n|\n|t:|1701015662\n|switch|p1a: Xatu|Xatu, M|100\/100\n|move|p2a: PEX MY BELOVED|Scald|p1a: Xatu\n|-damage|p1a: Xatu|79\/100\n|\n|-heal|p2a: PEX MY BELOVED|85\/100|[from] item: Leftovers\n|upkeep\n|turn|11\n|\n|t:|1701015690\n|switch|p2a: Cheecken|Zapdos|100\/100\n|move|p1a: Xatu|U-turn|p2a: Cheecken\n|-resisted|p2a: Cheecken\n|-damage|p2a: Cheecken|94\/100\n|-status|p1a: Xatu|par|[from] ability: Static|[of] p2a: Cheecken\n|\n|t:|1701015734\n|switch|p1a: Volcarona|Volcarona, M|100\/100|[from] U-turn\n|\n|upkeep\n|turn|12\n|\n|t:|1701015747\n|move|p1a: Volcarona|Substitute|p1a: Volcarona\n|-start|p1a: Volcarona|Substitute\n|-damage|p1a: Volcarona|76\/100\n|move|p2a: Cheecken|Thunder Wave||[still]\n|-fail|p2a: Cheecken\n|\n|upkeep\n|turn|13\n|\n|t:|1701015756\n|move|p2a: Cheecken|Volt Switch|p1a: Volcarona\n|-crit|p1a: Volcarona\n|-end|p1a: Volcarona|Substitute\n|\n|t:|1701015761\n|switch|p2a: PEX MY BELOVED|Toxapex, F|100\/100|[from] Volt Switch\n|move|p1a: Volcarona|Fiery Dance|p2a: PEX MY BELOVED\n|-resisted|p2a: PEX MY BELOVED\n|-damage|p2a: PEX MY BELOVED|87\/100\n|\n|-heal|p2a: PEX MY BELOVED|93\/100|[from] item: Leftovers\n|upkeep\n|turn|14\n|\n|t:|1701015772\n|switch|p1a: Great Tusk|Great Tusk|100\/100\n|move|p2a: PEX MY BELOVED|Scald|p1a: Great Tusk\n|-supereffective|p1a: Great Tusk\n|-damage|p1a: Great Tusk|47\/100\n|-status|p1a: Great Tusk|brn\n|\n|-heal|p2a: PEX MY BELOVED|99\/100|[from] item: Leftovers\n|-damage|p1a: Great Tusk|40\/100 brn|[from] brn\n|upkeep\n|turn|15\n|\n|t:|1701015795\n|move|p1a: Great Tusk|Headlong Rush|p2a: PEX MY BELOVED\n|-supereffective|p2a: PEX MY BELOVED\n|-damage|p2a: PEX MY BELOVED|50\/100\n|-unboost|p1a: Great Tusk|def|1\n|-unboost|p1a: Great Tusk|spd|1\n|move|p2a: PEX MY BELOVED|Toxic Spikes|p1a: Great Tusk\n|-sidestart|p1: US Temmie|move: Toxic Spikes\n|\n|-heal|p2a: PEX MY BELOVED|56\/100|[from] item: Leftovers\n|-damage|p1a: Great Tusk|34\/100 brn|[from] brn\n|upkeep\n|turn|16\n|\n|t:|1701015811\n|move|p1a: Great Tusk|Rapid Spin|p2a: PEX MY BELOVED\n|-damage|p2a: PEX MY BELOVED|49\/100\n|-boost|p1a: Great Tusk|spe|1\n|-sideend|p1: US Temmie|Toxic Spikes|[from] move: Rapid Spin|[of] p1a: Great Tusk\n|move|p2a: PEX MY BELOVED|Recover|p2a: PEX MY BELOVED\n|-heal|p2a: PEX MY BELOVED|99\/100\n|\n|-heal|p2a: PEX MY BELOVED|100\/100|[from] item: Leftovers\n|-damage|p1a: Great Tusk|28\/100 brn|[from] brn\n|upkeep\n|turn|17\n|\n|t:|1701015830\n|-end|p1a: Great Tusk|Protosynthesis|[silent]\n|switch|p1a: Xatu|Xatu, M|79\/100 par\n|move|p2a: PEX MY BELOVED|Toxic Spikes|p1a: Xatu\n|move|p1a: Xatu|Toxic Spikes|p2a: PEX MY BELOVED|[from]ability: Magic Bounce\n|-sidestart|p2: finestsalt|move: Toxic Spikes\n|\n|upkeep\n|turn|18\n|\n|t:|1701015845\n|cant|p1a: Xatu|par\n|move|p2a: PEX MY BELOVED|Scald|p1a: Xatu\n|-damage|p1a: Xatu|54\/100 par\n|\n|upkeep\n|turn|19\n|\n|t:|1701015882\n|cant|p1a: Xatu|par\n|move|p2a: PEX MY BELOVED|Scald|p1a: Xatu\n|-damage|p1a: Xatu|32\/100 par\n|\n|upkeep\n|turn|20\n|\n|t:|1701015911\n|move|p1a: Xatu|Hidden Power|p2a: PEX MY BELOVED\n|-resisted|p2a: PEX MY BELOVED\n|-damage|p2a: PEX MY BELOVED|97\/100\n|move|p2a: PEX MY BELOVED|Scald|p1a: Xatu\n|-damage|p1a: Xatu|8\/100 par\n|\n|-heal|p2a: PEX MY BELOVED|100\/100|[from] item: Leftovers\n|upkeep\n|turn|21\n|\n|t:|1701015921\n|move|p1a: Xatu|Hidden Power|p2a: PEX MY BELOVED\n|-resisted|p2a: PEX MY BELOVED\n|-damage|p2a: PEX MY BELOVED|96\/100\n|move|p2a: PEX MY BELOVED|Scald|p1a: Xatu\n|-damage|p1a: Xatu|0 fnt\n|faint|p1a: Xatu\n|\n|-heal|p2a: PEX MY BELOVED|100\/100|[from] item: Leftovers\n|upkeep\n|\n|t:|1701015931\n|switch|p1a: Hatterene|Hatterene, F|100\/100\n|turn|22\n|\n|t:|1701015941\n|switch|p2a: HOMOPHOBE|Ferrothorn, F|100\/100\n|move|p1a: Hatterene|Aromatherapy|p1a: Hatterene\n|-activate|p1a: Hatterene|move: Aromatherapy\n|-curestatus|p1: Great Tusk|brn|[msg]\n|-curestatus|p1: Diancie|brn|[msg]\n|\n|upkeep\n|turn|23\n|\n|t:|1701015948\n|move|p2a: HOMOPHOBE|Protect|p2a: HOMOPHOBE\n|-singleturn|p2a: HOMOPHOBE|Protect\n|move|p1a: Hatterene|Nuzzle|p2a: HOMOPHOBE\n|-activate|p2a: HOMOPHOBE|move: Protect\n|\n|upkeep\n|turn|24\n|\n|t:|1701015954\n|switch|p2a: Cheecken|Zapdos|94\/100\n|move|p1a: Hatterene|Nuzzle|p2a: Cheecken\n|-damage|p2a: Cheecken|88\/100\n|\n|upkeep\n|turn|25\n|\n|t:|1701015964\n|move|p2a: Cheecken|Heat Wave|p1a: Hatterene\n|-damage|p1a: Hatterene|76\/100\n|-enditem|p1a: Hatterene|Eject Button\n|\n|t:|1701016001\n|switch|p1a: Great Tusk|Great Tusk|28\/100\n|\n|upkeep\n|turn|26\n|\n|t:|1701016012\n|move|p2a: Cheecken|Heat Wave|p1a: Great Tusk|[miss]\n|-miss|p2a: Cheecken|p1a: Great Tusk\n|move|p1a: Great Tusk|Ice Spinner|p2a: Cheecken\n|-supereffective|p2a: Cheecken\n|-damage|p2a: Cheecken|21\/100\n|\n|upkeep\n|turn|27\n|\n|t:|1701016026\n|move|p2a: Cheecken|Roost|p2a: Cheecken\n|-heal|p2a: Cheecken|72\/100\n|-singleturn|p2a: Cheecken|move: Roost\n|move|p1a: Great Tusk|Ice Spinner|p2a: Cheecken\n|-damage|p2a: Cheecken|39\/100\n|\n|upkeep\n|turn|28\n|\n|t:|1701016036\n|move|p2a: Cheecken|Roost|p2a: Cheecken\n|-heal|p2a: Cheecken|90\/100\n|-singleturn|p2a: Cheecken|move: Roost\n|move|p1a: Great Tusk|Ice Spinner|p2a: Cheecken\n|-damage|p2a: Cheecken|57\/100\n|-status|p1a: Great Tusk|par|[from] ability: Static|[of] p2a: Cheecken\n|\n|upkeep\n|turn|29\n|\n|t:|1701016046\n|-end|p1a: Great Tusk|Protosynthesis|[silent]\n|switch|p1a: Hatterene|Hatterene, F|76\/100\n|move|p2a: Cheecken|Roost|p2a: Cheecken\n|-heal|p2a: Cheecken|100\/100\n|-singleturn|p2a: Cheecken|move: Roost\n|\n|upkeep\n|turn|30\n|\n|t:|1701016053\n|move|p2a: Cheecken|Heat Wave|p1a: Hatterene\n|-crit|p1a: Hatterene\n|-damage|p1a: Hatterene|41\/100\n|move|p1a: Hatterene|Aromatherapy|p1a: Hatterene\n|-activate|p1a: Hatterene|move: Aromatherapy\n|-curestatus|p1: Great Tusk|par|[msg]\n|\n|upkeep\n|turn|31\n|\n|t:|1701016059\n|switch|p1a: Ninetales|Ninetales, M|100\/100\n|move|p2a: Cheecken|Heat Wave|p1a: Ninetales\n|-start|p1a: Ninetales|ability: Flash Fire\n|\n|upkeep\n|turn|32\n|\n|t:|1701016068\n|move|p1a: Ninetales|Calm Mind|p1a: Ninetales\n|-boost|p1a: Ninetales|spa|1\n|-boost|p1a: Ninetales|spd|1\n|move|p2a: Cheecken|Thunder Wave|p1a: Ninetales\n|-status|p1a: Ninetales|par\n|\n|upkeep\n|turn|33\n|\n|t:|1701016074\n|switch|p2a: PEX MY BELOVED|Toxapex, F|100\/100\n|-sideend|p2: finestsalt|move: Toxic Spikes|[of] p2a: PEX MY BELOVED\n|move|p1a: Ninetales|Calm Mind|p1a: Ninetales\n|-boost|p1a: Ninetales|spa|1\n|-boost|p1a: Ninetales|spd|1\n|\n|upkeep\n|turn|34\n|\n|t:|1701016082\n|-terastallize|p1a: Ninetales|Psychic\n|move|p1a: Ninetales|Stored Power|p2a: PEX MY BELOVED\n|-supereffective|p2a: PEX MY BELOVED\n|-damage|p2a: PEX MY BELOVED|8\/100\n|move|p2a: PEX MY BELOVED|Haze|p2a: PEX MY BELOVED\n|-clearallboost\n|\n|-heal|p2a: PEX MY BELOVED|14\/100|[from] item: Leftovers\n|upkeep\n|turn|35\n|\n|t:|1701016103\n|switch|p2a: Cheecken|Zapdos|100\/100\n|cant|p1a: Ninetales|par\n|\n|upkeep\n|turn|36\n|\n|t:|1701016112\n|move|p2a: Cheecken|Volt Switch|p1a: Ninetales\n|-damage|p1a: Ninetales|59\/100 par\n|\n|t:|1701016120\n|switch|p2a: Whar|Latias-Mega, F|94\/100 tox|[from] Volt Switch\n|cant|p1a: Ninetales|par\n|\n|-damage|p2a: Whar|88\/100 tox|[from] psn\n|upkeep\n|turn|37\n|\n|t:|1701016134\n|move|p1a: Ninetales|Calm Mind|p1a: Ninetales\n|-boost|p1a: Ninetales|spa|1\n|-boost|p1a: Ninetales|spd|1\n|move|p2a: Whar|Roar|p1a: Ninetales\n|-end|p1a: Ninetales|ability: Flash Fire|[silent]\n|drag|p1a: Volcarona|Volcarona, M|76\/100\n|\n|-damage|p2a: Whar|76\/100 tox|[from] psn\n|upkeep\n|turn|38\n|\n|t:|1701016146\n|switch|p1a: Diancie|Diancie-Mega|19\/100\n|move|p2a: Whar|Future Sight|p1a: Diancie\n|-start|p2a: Whar|move: Future Sight\n|\n|-damage|p2a: Whar|58\/100 tox|[from] psn\n|upkeep\n|turn|39\n|\n|t:|1701016161\n|switch|p2a: PEX MY BELOVED|Toxapex, F|47\/100\n|move|p1a: Diancie|Moonblast|p2a: PEX MY BELOVED\n|-resisted|p2a: PEX MY BELOVED\n|-damage|p2a: PEX MY BELOVED|27\/100\n|-unboost|p2a: PEX MY BELOVED|spa|1\n|\n|-heal|p2a: PEX MY BELOVED|34\/100|[from] item: Leftovers\n|upkeep\n|turn|40\n|\n|t:|1701016183\n|switch|p1a: Hatterene|Hatterene, F|41\/100\n|switch|p2a: HOMOPHOBE|Ferrothorn, F|100\/100\n|\n|-end|p1a: Hatterene|move: Future Sight\n|-resisted|p1a: Hatterene\n|-damage|p1a: Hatterene|19\/100\n|upkeep\n|turn|41\n|\n|t:|1701016191\n|switch|p2a: Cheecken|Zapdos|100\/100\n|move|p1a: Hatterene|Aromatherapy|p1a: Hatterene\n|-activate|p1a: Hatterene|move: Aromatherapy\n|-curestatus|p1: Ninetales|par|[msg]\n|\n|upkeep\n|turn|42\n|\n|t:|1701016198\n|move|p2a: Cheecken|Heat Wave|p1a: Hatterene\n|-damage|p1a: Hatterene|0 fnt\n|faint|p1a: Hatterene\n|\n|upkeep\n|\n|t:|1701016206\n|switch|p1a: Ninetales|Ninetales, M, tera:Psychic|59\/100\n|turn|43\n|\n|t:|1701016211\n|move|p1a: Ninetales|Substitute|p1a: Ninetales\n|-start|p1a: Ninetales|Substitute\n|-damage|p1a: Ninetales|34\/100\n|move|p2a: Cheecken|Thunder Wave||[still]\n|-fail|p2a: Cheecken\n|\n|upkeep\n|turn|44\n|\n|t:|1701016214\n|move|p2a: Cheecken|Volt Switch|p1a: Ninetales\n|-end|p1a: Ninetales|Substitute\n|\n|t:|1701016220\n|switch|p2a: Whar|Latias-Mega, F|58\/100 tox|[from] Volt Switch\n|move|p1a: Ninetales|Calm Mind|p1a: Ninetales\n|-boost|p1a: Ninetales|spa|1\n|-boost|p1a: Ninetales|spd|1\n|\n|-damage|p2a: Whar|52\/100 tox|[from] psn\n|upkeep\n|turn|45\n|\n|t:|1701016228\n|move|p1a: Ninetales|Stored Power|p2a: Whar\n|-resisted|p2a: Whar\n|-damage|p2a: Whar|43\/100 tox\n|move|p2a: Whar|Roar|p1a: Ninetales\n|drag|p1a: Volcarona|Volcarona, M|76\/100\n|\n|-damage|p2a: Whar|31\/100 tox|[from] psn\n|upkeep\n|turn|46\n|\n|t:|1701016247\n|move|p1a: Volcarona|Substitute|p1a: Volcarona\n|-start|p1a: Volcarona|Substitute\n|-damage|p1a: Volcarona|51\/100\n|move|p2a: Whar|Toxic||[still]\n|-fail|p2a: Whar\n|\n|-damage|p2a: Whar|13\/100 tox|[from] psn\n|upkeep\n|turn|47\n|\n|t:|1701016255\n|move|p1a: Volcarona|Bug Buzz|p2a: Whar\n|-supereffective|p2a: Whar\n|-damage|p2a: Whar|0 fnt\n|faint|p2a: Whar\n|\n|upkeep\n|\n|t:|1701016259\n|switch|p2a: Cheecken|Zapdos|100\/100\n|turn|48\n|\n|t:|1701016266\n|move|p2a: Cheecken|Heat Wave|p1a: Volcarona\n|-end|p1a: Volcarona|Substitute\n|move|p1a: Volcarona|Quiver Dance|p1a: Volcarona\n|-boost|p1a: Volcarona|spa|1\n|-boost|p1a: Volcarona|spd|1\n|-boost|p1a: Volcarona|spe|1\n|\n|upkeep\n|turn|49\n|\n|t:|1701016282\n|move|p1a: Volcarona|Quiver Dance|p1a: Volcarona\n|-boost|p1a: Volcarona|spa|1\n|-boost|p1a: Volcarona|spd|1\n|-boost|p1a: Volcarona|spe|1\n|move|p2a: Cheecken|Thunder Wave|p1a: Volcarona\n|-status|p1a: Volcarona|par\n|\n|upkeep\n|turn|50\n|\n|t:|1701016296\n|move|p1a: Volcarona|Fiery Dance|p2a: Cheecken\n|-damage|p2a: Cheecken|0 fnt\n|-boost|p1a: Volcarona|spa|1\n|faint|p2a: Cheecken\n|\n|upkeep\n|\n|t:|1701016305\n|switch|p2a: PEX MY BELOVED|Toxapex, F|67\/100\n|turn|51\n|\n|t:|1701016325\n|move|p1a: Volcarona|Fiery Dance|p2a: PEX MY BELOVED\n|-resisted|p2a: PEX MY BELOVED\n|-damage|p2a: PEX MY BELOVED|36\/100\n|move|p2a: PEX MY BELOVED|Haze|p2a: PEX MY BELOVED\n|-clearallboost\n|\n|-heal|p2a: PEX MY BELOVED|42\/100|[from] item: Leftovers\n|upkeep\n|turn|52\n|\n|t:|1701016358\n|switch|p1a: Great Tusk|Great Tusk|28\/100\n|move|p2a: PEX MY BELOVED|Recover|p2a: PEX MY BELOVED\n|-heal|p2a: PEX MY BELOVED|92\/100\n|\n|-heal|p2a: PEX MY BELOVED|99\/100|[from] item: Leftovers\n|upkeep\n|turn|53\n|\n|t:|1701016367\n|-terastallize|p2a: PEX MY BELOVED|Dragon\n|move|p1a: Great Tusk|Headlong Rush|p2a: PEX MY BELOVED\n|-damage|p2a: PEX MY BELOVED|49\/100\n|-unboost|p1a: Great Tusk|def|1\n|-unboost|p1a: Great Tusk|spd|1\n|move|p2a: PEX MY BELOVED|Scald|p1a: Great Tusk\n|-supereffective|p1a: Great Tusk\n|-crit|p1a: Great Tusk\n|-damage|p1a: Great Tusk|0 fnt\n|faint|p1a: Great Tusk\n|-end|p1a: Great Tusk|Protosynthesis|[silent]\n|\n|-heal|p2a: PEX MY BELOVED|55\/100|[from] item: Leftovers\n|upkeep\n|\n|t:|1701016376\n|switch|p1a: Diancie|Diancie-Mega|19\/100\n|turn|54\n|\n|t:|1701016382\n|switch|p2a: HOMOPHOBE|Ferrothorn, F|100\/100\n|move|p1a: Diancie|Moonblast|p2a: HOMOPHOBE\n|-resisted|p2a: HOMOPHOBE\n|-damage|p2a: HOMOPHOBE|73\/100\n|-unboost|p2a: HOMOPHOBE|spa|1\n|\n|-heal|p2a: HOMOPHOBE|79\/100|[from] item: Leftovers\n|upkeep\n|turn|55\n|\n|t:|1701016394\n|move|p1a: Diancie|Moonblast|p2a: HOMOPHOBE\n|-resisted|p2a: HOMOPHOBE\n|-damage|p2a: HOMOPHOBE|51\/100\n|-unboost|p2a: HOMOPHOBE|spa|1\n|move|p2a: HOMOPHOBE|Body Press|p1a: Diancie\n|-damage|p1a: Diancie|0 fnt\n|faint|p1a: Diancie\n|\n|-heal|p2a: HOMOPHOBE|57\/100|[from] item: Leftovers\n|upkeep\n|\n|t:|1701016403\n|switch|p1a: Volcarona|Volcarona, M|51\/100 par\n|turn|56\n|\n|t:|1701016412\n|move|p1a: Volcarona|Fiery Dance|p2a: HOMOPHOBE\n|-supereffective|p2a: HOMOPHOBE\n|-damage|p2a: HOMOPHOBE|0 fnt\n|-boost|p1a: Volcarona|spa|1\n|faint|p2a: HOMOPHOBE\n|\n|upkeep\n|\n|t:|1701016415\n|switch|p2a: PEX MY BELOVED|Toxapex, F, tera:Dragon|89\/100\n|turn|57\n|\n|t:|1701016421\n|cant|p1a: Volcarona|par\n|move|p2a: PEX MY BELOVED|Scald|p1a: Volcarona\n|-supereffective|p1a: Volcarona\n|-damage|p1a: Volcarona|16\/100 par\n|\n|-heal|p2a: PEX MY BELOVED|95\/100|[from] item: Leftovers\n|upkeep\n|turn|58\n|\n|t:|1701016428\n|move|p1a: Volcarona|Bug Buzz|p2a: PEX MY BELOVED\n|-damage|p2a: PEX MY BELOVED|48\/100\n|move|p2a: PEX MY BELOVED|Scald|p1a: Volcarona\n|-supereffective|p1a: Volcarona\n|-damage|p1a: Volcarona|0 fnt\n|faint|p1a: Volcarona\n|\n|-heal|p2a: PEX MY BELOVED|54\/100|[from] item: Leftovers\n|upkeep\n|\n|t:|1701016432\n|switch|p1a: Ninetales|Ninetales, M, tera:Psychic|34\/100\n|turn|59\n|\n|t:|1701016447\n|move|p1a: Ninetales|Calm Mind|p1a: Ninetales\n|-boost|p1a: Ninetales|spa|1\n|-boost|p1a: Ninetales|spd|1\n|move|p2a: PEX MY BELOVED|Recover|p2a: PEX MY BELOVED\n|-heal|p2a: PEX MY BELOVED|100\/100\n|\n|upkeep\n|turn|60\n|\n|t:|1701016477\n|move|p1a: Ninetales|Substitute|p1a: Ninetales\n|-start|p1a: Ninetales|Substitute\n|-damage|p1a: Ninetales|9\/100\n|move|p2a: PEX MY BELOVED|Haze|p2a: PEX MY BELOVED\n|-clearallboost\n|\n|upkeep\n|turn|61\n|\n|t:|1701016483\n|move|p1a: Ninetales|Calm Mind|p1a: Ninetales\n|-boost|p1a: Ninetales|spa|1\n|-boost|p1a: Ninetales|spd|1\n|move|p2a: PEX MY BELOVED|Scald|p1a: Ninetales\n|-activate|p1a: Ninetales|move: Substitute|[damage]\n|\n|upkeep\n|turn|62\n|\n|t:|1701016490\n|move|p1a: Ninetales|Stored Power|p2a: PEX MY BELOVED\n|-damage|p2a: PEX MY BELOVED|77\/100\n|move|p2a: PEX MY BELOVED|Scald|p1a: Ninetales\n|-end|p1a: Ninetales|Substitute\n|\n|-heal|p2a: PEX MY BELOVED|84\/100|[from] item: Leftovers\n|upkeep\n|turn|63\n|\n|t:|1701016496\n|move|p1a: Ninetales|Stored Power|p2a: PEX MY BELOVED\n|-damage|p2a: PEX MY BELOVED|62\/100\n|move|p2a: PEX MY BELOVED|Scald|p1a: Ninetales\n|-damage|p1a: Ninetales|0 fnt\n|faint|p1a: Ninetales\n|\n|win|finestsalt\n|l|\u2606finestsalt\n|j|\u2606finestsalt\n|player|p2|finestsalt|102\n","uploadtime":1701016590,"views":9,"p1id":"ustemmie","p2id":"finestsalt","formatid":"gen9nationaldex","rating":0,"private":0,"password":""}