{"id":"gen9nationaldex-1995720176","p1":"Blake-Mamba","p2":"CharonsFerry596","format":"[Gen 9] National Dex","log":"|html|<div class=\"broadcast-blue\"><strong>[Gen 9] National Dex is currently suspecting Sneasler! For information on how to participate check out the <a href=\"https:\/\/www.smogon.com\/forums\/threads\/sv-national-dex-suspect-8-just-dance.3731534\/\">suspect thread<\/a>.<\/strong><\/div>\n|j|\u2606Blake-Mamba\n|j|\u2606CharonsFerry596\n|t:|1700596893\n|gametype|singles\n|player|p1|Blake-Mamba|juan|1461\n|player|p2|CharonsFerry596|veteran|1481\n|teamsize|p1|6\n|teamsize|p2|6\n|gen|9\n|tier|[Gen 9] National Dex\n|rated|\n|rule|HP Percentage Mod: HP is shown in percentages\n|rule|Endless Battle Clause: Forcing endless battles is banned\n|rule|OHKO Clause: OHKO moves are banned\n|rule|Evasion Clause: Evasion abilities, items, and moves are banned\n|rule|Evasion Abilities Clause: Evasion abilities are banned\n|rule|Evasion Items Clause: Evasion items are banned\n|rule|Evasion Moves Clause: Evasion moves are banned\n|rule|Species Clause: Limit one of each Pok\u00e9mon\n|rule|Sleep Clause Mod: Limit one foe put to sleep\n|clearpoke\n|poke|p1|Tyrantrum, M|\n|poke|p1|Aurorus, M|\n|poke|p1|Omastar, F|\n|poke|p1|Aerodactyl, F|\n|poke|p1|Rampardos, M|\n|poke|p1|Cradily, M|\n|poke|p2|Toxapex, M|\n|poke|p2|Ferrothorn, M|\n|poke|p2|Hydreigon, M|\n|poke|p2|Barraskewda, F|\n|poke|p2|Chandelure, M|\n|poke|p2|Great Tusk|\n|teampreview\n|inactive|Battle timer is ON: inactive players will automatically lose when time's up. (requested by Blake-Mamba)\n|\n|t:|1700596905\n|start\n|switch|p1a: Omastar|Omastar, F|100\/100\n|switch|p2a: Javelina|Barraskewda, F|100\/100\n|turn|1\n|\n|t:|1700596918\n|move|p2a: Javelina|Close Combat|p1a: Omastar\n|-supereffective|p1a: Omastar\n|-enditem|p1a: Omastar|Focus Sash\n|-damage|p1a: Omastar|1\/100\n|-unboost|p2a: Javelina|def|1\n|-unboost|p2a: Javelina|spd|1\n|-ability|p1a: Omastar|Weak Armor|boost\n|-unboost|p1a: Omastar|def|1\n|-boost|p1a: Omastar|spe|2\n|move|p1a: Omastar|Shell Smash|p1a: Omastar\n|-unboost|p1a: Omastar|def|1\n|-unboost|p1a: Omastar|spd|1\n|-boost|p1a: Omastar|atk|2\n|-boost|p1a: Omastar|spa|2\n|-boost|p1a: Omastar|spe|2\n|\n|upkeep\n|turn|2\n|\n|t:|1700596932\n|switch|p2a: Dingus|Ferrothorn, M|100\/100\n|move|p1a: Omastar|Ancient Power|p2a: Dingus\n|-resisted|p2a: Dingus\n|-damage|p2a: Dingus|73\/100\n|-boost|p1a: Omastar|atk|1\n|-boost|p1a: Omastar|def|1\n|-boost|p1a: Omastar|spa|1\n|-boost|p1a: Omastar|spd|1\n|-boost|p1a: Omastar|spe|1\n|\n|upkeep\n|turn|3\n|\n|t:|1700596941\n|move|p1a: Omastar|Ice Beam|p2a: Dingus\n|-damage|p2a: Dingus|8\/100\n|move|p2a: Dingus|Knock Off|p1a: Omastar\n|-damage|p1a: Omastar|0 fnt\n|faint|p1a: Omastar\n|\n|upkeep\n|\n|t:|1700596953\n|switch|p1a: Tyrantrum|Tyrantrum, M|100\/100\n|turn|4\n|\n|t:|1700596958\n|move|p1a: Tyrantrum|Dragon Dance|p1a: Tyrantrum\n|-boost|p1a: Tyrantrum|atk|1\n|-boost|p1a: Tyrantrum|spe|1\n|move|p2a: Dingus|Power Whip|p1a: Tyrantrum\n|-damage|p1a: Tyrantrum|63\/100\n|\n|upkeep\n|turn|5\n|\n|t:|1700596966\n|move|p1a: Tyrantrum|Dragon Dance|p1a: Tyrantrum\n|-boost|p1a: Tyrantrum|atk|1\n|-boost|p1a: Tyrantrum|spe|1\n|move|p2a: Dingus|Knock Off|p1a: Tyrantrum\n|-damage|p1a: Tyrantrum|41\/100\n|-enditem|p1a: Tyrantrum|Weakness Policy|[from] move: Knock Off|[of] p2a: Dingus\n|\n|upkeep\n|turn|6\n|\n|t:|1700596973\n|move|p1a: Tyrantrum|Earthquake|p2a: Dingus\n|-damage|p2a: Dingus|0 fnt\n|faint|p2a: Dingus\n|\n|upkeep\n|\n|t:|1700596977\n|switch|p2a: The Unstoppable|Great Tusk|100\/100\n|turn|7\n|\n|t:|1700596988\n|move|p1a: Tyrantrum|Outrage|p2a: The Unstoppable\n|-damage|p2a: The Unstoppable|12\/100\n|move|p2a: The Unstoppable|Headlong Rush|p1a: Tyrantrum\n|-supereffective|p1a: Tyrantrum\n|-damage|p1a: Tyrantrum|0 fnt\n|-unboost|p2a: The Unstoppable|def|1\n|-unboost|p2a: The Unstoppable|spd|1\n|faint|p1a: Tyrantrum\n|\n|-heal|p2a: The Unstoppable|18\/100|[from] item: Leftovers\n|upkeep\n|\n|t:|1700596999\n|switch|p1a: Aerodactyl|Aerodactyl, F|100\/100\n|-ability|p1a: Aerodactyl|Unnerve\n|turn|8\n|\n|t:|1700597007\n|move|p1a: Aerodactyl|Hone Claws|p1a: Aerodactyl\n|-boost|p1a: Aerodactyl|atk|1\n|-boost|p1a: Aerodactyl|accuracy|1\n|move|p2a: The Unstoppable|Ice Spinner|p1a: Aerodactyl\n|-supereffective|p1a: Aerodactyl\n|-damage|p1a: Aerodactyl|11\/100\n|\n|-heal|p2a: The Unstoppable|24\/100|[from] item: Leftovers\n|upkeep\n|turn|9\n|\n|t:|1700597016\n|-end|p2a: The Unstoppable|Protosynthesis|[silent]\n|switch|p2a: Piton|Toxapex, M|100\/100\n|move|p1a: Aerodactyl|Stone Edge|p2a: Piton\n|-damage|p2a: Piton|42\/100\n|-damage|p1a: Aerodactyl|1\/100|[from] item: Life Orb\n|\n|upkeep\n|turn|10\n|\n|t:|1700597025\n|move|p1a: Aerodactyl|Earthquake|p2a: Piton\n|-supereffective|p2a: Piton\n|-damage|p2a: Piton|0 fnt\n|faint|p2a: Piton\n|-damage|p1a: Aerodactyl|0 fnt|[from] item: Life Orb\n|faint|p1a: Aerodactyl\n|\n|upkeep\n|\n|t:|1700597034\n|switch|p1a: Cradily|Cradily, M|100\/100\n|switch|p2a: Javelina|Barraskewda, F|100\/100\n|turn|11\n|\n|t:|1700597041\n|move|p2a: Javelina|Close Combat|p1a: Cradily\n|-supereffective|p1a: Cradily\n|-damage|p1a: Cradily|11\/100\n|-unboost|p2a: Javelina|def|1\n|-unboost|p2a: Javelina|spd|1\n|move|p1a: Cradily|Leech Seed|p2a: Javelina\n|-start|p2a: Javelina|move: Leech Seed\n|\n|-heal|p1a: Cradily|17\/100|[from] item: Leftovers\n|-damage|p2a: Javelina|88\/100|[from] Leech Seed|[of] p1a: Cradily\n|-heal|p1a: Cradily|26\/100|[silent]\n|upkeep\n|turn|12\n|\n|t:|1700597053\n|-terastallize|p1a: Cradily|Ghost\n|move|p2a: Javelina|Close Combat|p1a: Cradily\n|-immune|p1a: Cradily\n|move|p1a: Cradily|Recover|p1a: Cradily\n|-heal|p1a: Cradily|76\/100\n|\n|-heal|p1a: Cradily|82\/100|[from] item: Leftovers\n|-damage|p2a: Javelina|76\/100|[from] Leech Seed|[of] p1a: Cradily\n|-heal|p1a: Cradily|90\/100|[silent]\n|upkeep\n|turn|13\n|\n|t:|1700597066\n|switch|p2a: Kevin|Hydreigon, M|100\/100\n|move|p1a: Cradily|Ancient Power|p2a: Kevin\n|-crit|p2a: Kevin\n|-damage|p2a: Kevin|78\/100\n|\n|-heal|p2a: Kevin|84\/100|[from] item: Leftovers\n|-heal|p1a: Cradily|97\/100|[from] item: Leftovers\n|upkeep\n|turn|14\n|\n|t:|1700597079\n|switch|p1a: Aurorus|Aurorus, M|100\/100\n|move|p2a: Kevin|Dark Pulse|p1a: Aurorus\n|-damage|p1a: Aurorus|66\/100\n|\n|-heal|p2a: Kevin|90\/100|[from] item: Leftovers\n|upkeep\n|turn|15\n|\n|t:|1700597087\n|move|p2a: Kevin|U-turn|p1a: Aurorus\n|-damage|p1a: Aurorus|48\/100\n|\n|t:|1700597090\n|switch|p2a: Crisp|Chandelure, M|100\/100|[from] U-turn\n|move|p1a: Aurorus|Rock Polish|p1a: Aurorus\n|-boost|p1a: Aurorus|spe|2\n|\n|upkeep\n|turn|16\n|\n|t:|1700597112\n|move|p1a: Aurorus|Meteor Beam||[still]\n|-prepare|p1a: Aurorus|Meteor Beam\n|-boost|p1a: Aurorus|spa|1\n|-enditem|p1a: Aurorus|Power Herb\n|-anim|p1a: Aurorus|Meteor Beam|p2a: Crisp\n|-supereffective|p2a: Crisp\n|-damage|p2a: Crisp|0 fnt\n|faint|p2a: Crisp\n|\n|upkeep\n|\n|t:|1700597123\n|switch|p2a: Kevin|Hydreigon, M|90\/100\n|turn|17\n|\n|t:|1700597127\n|move|p1a: Aurorus|Blizzard|p2a: Kevin\n|-supereffective|p2a: Kevin\n|-damage|p2a: Kevin|0 fnt\n|faint|p2a: Kevin\n|\n|upkeep\n|\n|t:|1700597135\n|switch|p2a: The Unstoppable|Great Tusk|24\/100\n|turn|18\n|\n|t:|1700597141\n|move|p1a: Aurorus|Blizzard|p2a: The Unstoppable|[miss]\n|-miss|p1a: Aurorus|p2a: The Unstoppable\n|move|p2a: The Unstoppable|Headlong Rush|p1a: Aurorus\n|-supereffective|p1a: Aurorus\n|-damage|p1a: Aurorus|0 fnt\n|-unboost|p2a: The Unstoppable|def|1\n|-unboost|p2a: The Unstoppable|spd|1\n|faint|p1a: Aurorus\n|\n|-heal|p2a: The Unstoppable|31\/100|[from] item: Leftovers\n|upkeep\n|c|\u2606CharonsFerry596|why blizzard\n|\n|t:|1700597153\n|switch|p1a: Cradily|Cradily, M, tera:Ghost|97\/100\n|turn|19\n|c|\u2606CharonsFerry596|especially w\/o snow\n|\n|t:|1700597162\n|move|p2a: The Unstoppable|Knock Off|p1a: Cradily\n|-supereffective|p1a: Cradily\n|-damage|p1a: Cradily|47\/100\n|-enditem|p1a: Cradily|Leftovers|[from] move: Knock Off|[of] p2a: The Unstoppable\n|move|p1a: Cradily|Giga Drain|p2a: The Unstoppable\n|-supereffective|p2a: The Unstoppable\n|-damage|p2a: The Unstoppable|0 fnt\n|-heal|p1a: Cradily|61\/100|[from] drain|[of] p2a: The Unstoppable\n|faint|p2a: The Unstoppable\n|-end|p2a: The Unstoppable|Protosynthesis|[silent]\n|\n|upkeep\n|\n|t:|1700597165\n|switch|p2a: Javelina|Barraskewda, F|76\/100\n|turn|20\n|\n|t:|1700597174\n|move|p2a: Javelina|Ice Fang|p1a: Cradily\n|-damage|p1a: Cradily|35\/100\n|move|p1a: Cradily|Giga Drain|p2a: Javelina\n|-supereffective|p2a: Javelina\n|-damage|p2a: Javelina|0 fnt\n|-heal|p1a: Cradily|62\/100|[from] drain|[of] p2a: Javelina\n|faint|p2a: Javelina\n|\n|win|Blake-Mamba\n|raw|Blake-Mamba's rating: 1461 &rarr; <strong>1482<\/strong><br \/>(+21 for winning)\n|raw|CharonsFerry596's rating: 1481 &rarr; <strong>1460<\/strong><br \/>(-21 for losing)\n|l|\u2606CharonsFerry596\n|c|\u2606Blake-Mamba|Gg\n","uploadtime":1700597190,"views":6,"p1id":"blakemamba","p2id":"charonsferry596","formatid":"gen9nationaldex","rating":1460,"private":0,"password":""}