{"id":"gen9nationaldex-1986997739","p1":"Fra02","p2":"Nemasilla","format":"[Gen 9] National Dex","log":"|j|\u2606Fra02\n|j|\u2606Nemasilla\n|t:|1699547738\n|gametype|singles\n|player|p1|Fra02|steven|1116\n|player|p2|Nemasilla|irida|1021\n|teamsize|p1|6\n|teamsize|p2|6\n|gen|9\n|tier|[Gen 9] National Dex\n|rated|\n|rule|HP Percentage Mod: HP is shown in percentages\n|rule|Endless Battle Clause: Forcing endless battles is banned\n|rule|OHKO Clause: OHKO moves are banned\n|rule|Evasion Clause: Evasion abilities, items, and moves are banned\n|rule|Evasion Abilities Clause: Evasion abilities are banned\n|rule|Evasion Items Clause: Evasion items are banned\n|rule|Evasion Moves Clause: Evasion moves are banned\n|rule|Species Clause: Limit one of each Pok\u00e9mon\n|rule|Sleep Clause Mod: Limit one foe put to sleep\n|clearpoke\n|poke|p1|Ceruledge, F|\n|poke|p1|Quaquaval, F|\n|poke|p1|Baxcalibur, F|\n|poke|p1|Pawmot, M|\n|poke|p1|Tinkaton, F|\n|poke|p1|Clodsire, F|\n|poke|p2|Ribombee, F|\n|poke|p2|Kleavor, F|\n|poke|p2|Scizor, M|\n|poke|p2|Volcarona, F|\n|poke|p2|Beedrill, M|\n|poke|p2|Golisopod, F|\n|teampreview\n|inactive|Battle timer is ON: inactive players will automatically lose when time's up. (requested by Nemasilla)\n|\n|t:|1699547754\n|start\n|switch|p1a: Ceruledge|Ceruledge, F|100\/100\n|switch|p2a: Golisopod|Golisopod, F|100\/100\n|turn|1\n|\n|t:|1699547766\n|switch|p1a: Clodsire|Clodsire, F|100\/100\n|move|p2a: Golisopod|Aqua Jet|p1a: Clodsire\n|-immune|p1a: Clodsire|[from] ability: Water Absorb\n|\n|upkeep\n|turn|2\n|\n|t:|1699547776\n|move|p2a: Golisopod|Knock Off|p1a: Clodsire\n|-damage|p1a: Clodsire|63\/100\n|-damage|p2a: Golisopod|84\/100|[from] item: Rocky Helmet|[of] p1a: Clodsire\n|-enditem|p1a: Clodsire|Rocky Helmet|[from] move: Knock Off|[of] p2a: Golisopod\n|move|p1a: Clodsire|Toxic Spikes|p2a: Golisopod\n|-sidestart|p2: Nemasilla|move: Toxic Spikes\n|\n|-heal|p2a: Golisopod|90\/100|[from] item: Leftovers\n|upkeep\n|turn|3\n|\n|t:|1699547788\n|move|p2a: Golisopod|Leech Life|p1a: Clodsire\n|-resisted|p1a: Clodsire\n|-damage|p1a: Clodsire|40\/100\n|-heal|p2a: Golisopod|100\/100|[from] drain|[of] p1a: Clodsire\n|move|p1a: Clodsire|Stealth Rock|p2a: Golisopod\n|-sidestart|p2: Nemasilla|move: Stealth Rock\n|\n|upkeep\n|turn|4\n|\n|t:|1699547799\n|move|p2a: Golisopod|Leech Life|p1a: Clodsire\n|-resisted|p1a: Clodsire\n|-damage|p1a: Clodsire|17\/100\n|move|p1a: Clodsire|Earthquake|p2a: Golisopod\n|-resisted|p2a: Golisopod\n|-damage|p2a: Golisopod|88\/100\n|\n|-heal|p2a: Golisopod|94\/100|[from] item: Leftovers\n|upkeep\n|turn|5\n|\n|t:|1699547817\n|switch|p1a: Ceruledge|Ceruledge, F|100\/100\n|move|p2a: Golisopod|Leech Life|p1a: Ceruledge\n|-resisted|p1a: Ceruledge\n|-damage|p1a: Ceruledge|87\/100\n|-heal|p2a: Golisopod|99\/100|[from] drain|[of] p1a: Ceruledge\n|\n|-heal|p2a: Golisopod|100\/100|[from] item: Leftovers\n|upkeep\n|turn|6\n|\n|t:|1699547826\n|move|p2a: Golisopod|Aqua Jet|p1a: Ceruledge\n|-supereffective|p1a: Ceruledge\n|-damage|p1a: Ceruledge|29\/100\n|move|p1a: Ceruledge|Bitter Blade|p2a: Golisopod\n|-damage|p2a: Golisopod|73\/100\n|-heal|p1a: Ceruledge|44\/100|[from] drain|[of] p2a: Golisopod\n|\n|-heal|p2a: Golisopod|79\/100|[from] item: Leftovers\n|upkeep\n|turn|7\n|\n|t:|1699547839\n|switch|p1a: Clodsire|Clodsire, F|17\/100\n|move|p2a: Golisopod|Aqua Jet|p1a: Clodsire\n|-heal|p1a: Clodsire|42\/100|[from] ability: Water Absorb|[of] p2a: Golisopod\n|\n|-heal|p2a: Golisopod|85\/100|[from] item: Leftovers\n|upkeep\n|turn|8\n|\n|t:|1699547860\n|switch|p1a: Baxcalibur|Baxcalibur, F|100\/100\n|move|p2a: Golisopod|Leech Life|p1a: Baxcalibur\n|-damage|p1a: Baxcalibur|61\/100\n|-heal|p2a: Golisopod|100\/100|[from] drain|[of] p1a: Baxcalibur\n|\n|upkeep\n|turn|9\n|\n|t:|1699547869\n|move|p1a: Baxcalibur|Glaive Rush|p2a: Golisopod\n|-damage|p2a: Golisopod|59\/100\n|-singlemove|p1a: Baxcalibur|Glaive Rush|[silent]\n|move|p2a: Golisopod|Knock Off|p1a: Baxcalibur\n|-damage|p1a: Baxcalibur|0 fnt\n|-enditem|p1a: Baxcalibur|Clear Amulet|[from] move: Knock Off|[of] p2a: Golisopod\n|faint|p1a: Baxcalibur\n|\n|-heal|p2a: Golisopod|65\/100|[from] item: Leftovers\n|upkeep\n|\n|t:|1699547878\n|switch|p1a: Quaquaval|Quaquaval, F|100\/100\n|turn|10\n|\n|t:|1699547887\n|move|p1a: Quaquaval|Brick Break|p2a: Golisopod\n|-resisted|p2a: Golisopod\n|-damage|p2a: Golisopod|52\/100\n|move|p2a: Golisopod|Leech Life|p1a: Quaquaval\n|-resisted|p1a: Quaquaval\n|-damage|p1a: Quaquaval|76\/100\n|-heal|p2a: Golisopod|64\/100|[from] drain|[of] p1a: Quaquaval\n|\n|-heal|p2a: Golisopod|70\/100|[from] item: Leftovers\n|upkeep\n|turn|11\n|\n|t:|1699547894\n|move|p1a: Quaquaval|Ice Spinner|p2a: Golisopod\n|-resisted|p2a: Golisopod\n|-damage|p2a: Golisopod|61\/100\n|move|p2a: Golisopod|Leech Life|p1a: Quaquaval\n|-resisted|p1a: Quaquaval\n|-damage|p1a: Quaquaval|55\/100\n|-heal|p2a: Golisopod|72\/100|[from] drain|[of] p1a: Quaquaval\n|\n|-heal|p2a: Golisopod|78\/100|[from] item: Leftovers\n|upkeep\n|turn|12\n|\n|t:|1699547903\n|switch|p1a: Tinkaton|Tinkaton, F|100\/100\n|-ability|p1a: Tinkaton|Mold Breaker\n|move|p2a: Golisopod|Knock Off|p1a: Tinkaton\n|-resisted|p1a: Tinkaton\n|-damage|p1a: Tinkaton|82\/100\n|-enditem|p1a: Tinkaton|Sitrus Berry|[from] move: Knock Off|[of] p2a: Golisopod\n|\n|-heal|p2a: Golisopod|84\/100|[from] item: Leftovers\n|upkeep\n|turn|13\n|\n|t:|1699547917\n|move|p1a: Tinkaton|Knock Off|p2a: Golisopod\n|-damage|p2a: Golisopod|67\/100\n|-enditem|p2a: Golisopod|Leftovers|[from] move: Knock Off|[of] p1a: Tinkaton\n|move|p2a: Golisopod|Leech Life|p1a: Tinkaton\n|-resisted|p1a: Tinkaton\n|-damage|p1a: Tinkaton|71\/100\n|-heal|p2a: Golisopod|73\/100|[from] drain|[of] p1a: Tinkaton\n|\n|upkeep\n|turn|14\n|\n|t:|1699547927\n|move|p1a: Tinkaton|Play Rough|p2a: Golisopod\n|-damage|p2a: Golisopod|47\/100\n|-activate|p2a: Golisopod|ability: Emergency Exit\n|\n|t:|1699547937\n|switch|p2a: Volcarona|Volcarona, F|100\/100\n|\n|upkeep\n|turn|15\n|\n|t:|1699547947\n|move|p2a: Volcarona|Fiery Dance|p1a: Tinkaton\n|-supereffective|p1a: Tinkaton\n|-damage|p1a: Tinkaton|0 fnt\n|faint|p1a: Tinkaton\n|\n|upkeep\n|\n|t:|1699547950\n|switch|p1a: Clodsire|Clodsire, F|42\/100\n|turn|16\n|\n|t:|1699547962\n|move|p2a: Volcarona|Defog|p1a: Clodsire\n|-unboost|p1a: Clodsire|evasion|1\n|-sideend|p2: Nemasilla|Toxic Spikes|[from] move: Defog|[of] p2a: Volcarona\n|-sideend|p2: Nemasilla|Stealth Rock|[from] move: Defog|[of] p2a: Volcarona\n|move|p1a: Clodsire|Earthquake|p2a: Volcarona\n|-damage|p2a: Volcarona|64\/100\n|\n|upkeep\n|turn|17\n|\n|t:|1699547972\n|move|p2a: Volcarona|Bug Buzz|p1a: Clodsire\n|-resisted|p1a: Clodsire\n|-damage|p1a: Clodsire|25\/100\n|move|p1a: Clodsire|Stealth Rock|p2a: Volcarona\n|-sidestart|p2: Nemasilla|move: Stealth Rock\n|\n|upkeep\n|turn|18\n|\n|t:|1699547981\n|move|p2a: Volcarona|Bug Buzz|p1a: Clodsire\n|-resisted|p1a: Clodsire\n|-damage|p1a: Clodsire|8\/100\n|move|p1a: Clodsire|Poison Jab|p2a: Volcarona\n|-damage|p2a: Volcarona|36\/100\n|\n|upkeep\n|turn|19\n|\n|t:|1699547988\n|move|p2a: Volcarona|Defog|p1a: Clodsire\n|-unboost|p1a: Clodsire|evasion|1\n|-sideend|p2: Nemasilla|Stealth Rock|[from] move: Defog|[of] p2a: Volcarona\n|move|p1a: Clodsire|Poison Jab|p2a: Volcarona\n|-damage|p2a: Volcarona|9\/100\n|-status|p2a: Volcarona|psn\n|\n|-damage|p2a: Volcarona|0 fnt|[from] psn\n|faint|p2a: Volcarona\n|upkeep\n|\n|t:|1699547999\n|switch|p2a: Beedrill|Beedrill, M|100\/100\n|turn|20\n|\n|t:|1699548004\n|detailschange|p2a: Beedrill|Beedrill-Mega, M\n|-mega|p2a: Beedrill|Beedrill|Beedrillite\n|move|p2a: Beedrill|Fell Stinger|p1a: Clodsire\n|-resisted|p1a: Clodsire\n|-damage|p1a: Clodsire|0 fnt\n|faint|p1a: Clodsire\n|-boost|p2a: Beedrill|atk|3\n|\n|upkeep\n|\n|t:|1699548013\n|switch|p1a: Ceruledge|Ceruledge, F|44\/100\n|turn|21\n|\n|t:|1699548019\n|move|p2a: Beedrill|Drill Run|p1a: Ceruledge\n|-supereffective|p1a: Ceruledge\n|-damage|p1a: Ceruledge|0 fnt\n|faint|p1a: Ceruledge\n|\n|upkeep\n|\n|t:|1699548023\n|switch|p1a: Quaquaval|Quaquaval, F|55\/100\n|turn|22\n|\n|t:|1699548027\n|move|p2a: Beedrill|Poison Jab|p1a: Quaquaval\n|-crit|p1a: Quaquaval\n|-damage|p1a: Quaquaval|0 fnt\n|faint|p1a: Quaquaval\n|\n|upkeep\n|\n|t:|1699548031\n|switch|p1a: Pawmot|Pawmot, M|100\/100\n|-item|p1a: Pawmot|Air Balloon\n|turn|23\n|\n|t:|1699548036\n|move|p1a: Pawmot|Mach Punch|p2a: Beedrill\n|-resisted|p2a: Beedrill\n|-damage|p2a: Beedrill|87\/100\n|move|p2a: Beedrill|Poison Jab|p1a: Pawmot\n|-damage|p1a: Pawmot|0 fnt\n|-enditem|p1a: Pawmot|Air Balloon\n|faint|p1a: Pawmot\n|\n|win|Nemasilla\n|raw|Fra02's rating: 1116 &rarr; <strong>1084<\/strong><br \/>(-32 for losing)\n|raw|Nemasilla's rating: 1021 &rarr; <strong>1068<\/strong><br \/>(+47 for winning)\n|l|\u2606Fra02\n","uploadtime":1699548044,"views":4,"p1id":"fra02","p2id":"nemasilla","formatid":"gen9nationaldex","rating":1068,"private":0,"password":""}