{"id":"gen9nationaldex-1993987701","p1":"Denzqqq","p2":"devious fearvg","format":"[Gen 9] National Dex","log":"|j|\u2606Denzqqq\n|j|\u2606devious fearvg\n|t:|1700388835\n|gametype|singles\n|player|p1|Denzqqq|gentleman-gen4|\n|player|p2|devious fearvg|alec-anime|\n|teamsize|p1|6\n|teamsize|p2|6\n|gen|9\n|tier|[Gen 9] National Dex\n|rule|HP Percentage Mod: HP is shown in percentages\n|rule|Endless Battle Clause: Forcing endless battles is banned\n|rule|OHKO Clause: OHKO moves are banned\n|rule|Evasion Clause: Evasion abilities, items, and moves are banned\n|rule|Evasion Abilities Clause: Evasion abilities are banned\n|rule|Evasion Items Clause: Evasion items are banned\n|rule|Evasion Moves Clause: Evasion moves are banned\n|rule|Species Clause: Limit one of each Pok\u00e9mon\n|rule|Sleep Clause Mod: Limit one foe put to sleep\n|clearpoke\n|poke|p1|Sneasler, F|\n|poke|p1|Hydreigon, F|\n|poke|p1|Iron Treads|\n|poke|p1|Rillaboom, M|\n|poke|p1|Mew|\n|poke|p1|Feraligatr, M|\n|poke|p2|Manaphy|\n|poke|p2|Skeledirge, M|\n|poke|p2|Iron Treads|\n|poke|p2|Pidgeot, F|\n|poke|p2|Gallade, M|\n|poke|p2|Sableye, F|\n|teampreview\n|inactive|Battle timer is ON: inactive players will automatically lose when time's up. (requested by Denzqqq)\n|c|\u2606Denzqqq|Glhf\n|c|\u2606devious fearvg|I almost brought your team\n|c|\u2606devious fearvg|skul\n|j| hattorivt\n|c|\u2606devious fearvg|have fun\n|c| hattorivt|insaneo\n|inactive|devious fearvg has 270 seconds left.\n|\n|t:|1700388887\n|start\n|switch|p1a: We spin brrr|Iron Treads|100\/100\n|switch|p2a: Iron Treads|Iron Treads|100\/100\n|-enditem|p1a: We spin brrr|Booster Energy\n|-activate|p1a: We spin brrr|ability: Quark Drive|[fromitem]\n|-start|p1a: We spin brrr|quarkdrivedef\n|turn|1\n|c|\u2606devious fearvg|treads vs treads\n|c|\u2606Denzqqq|True..\n|\n|t:|1700388916\n|move|p2a: Iron Treads|Earth Power|p1a: We spin brrr\n|-supereffective|p1a: We spin brrr\n|-damage|p1a: We spin brrr|23\/100\n|-unboost|p1a: We spin brrr|spd|1\n|move|p1a: We spin brrr|Body Press|p2a: Iron Treads\n|-supereffective|p2a: Iron Treads\n|-damage|p2a: Iron Treads|51\/100\n|\n|upkeep\n|turn|2\n|c|\u2606Denzqqq|Thay did\n|c|\u2606Denzqqq|Way too much\n|inactive|devious fearvg has 270 seconds left.\n|c|\u2606devious fearvg|lmao\n|inactive|Denzqqq has 270 seconds left.\n|\n|t:|1700388950\n|-end|p1a: We spin brrr|Quark Drive|[silent]\n|switch|p1a: Three headed|Hydreigon, F|100\/100\n|move|p2a: Iron Treads|Volt Switch|p1a: Three headed\n|-resisted|p1a: Three headed\n|-damage|p1a: Three headed|91\/100\n|inactive|devious fearvg has 240 seconds left.\n|c|\u2606Denzqqq|Also I realized I put wrong item on treads\n|\n|t:|1700388991\n|-end|p2a: Iron Treads|Quark Drive|[silent]\n|switch|p2a: Gallade|Gallade, M|100\/100|[from] Volt Switch\n|\n|upkeep\n|turn|3\n|c|\u2606devious fearvg|you're booster energy\n|c|\u2606devious fearvg|which was weird\n|c| hattorivt|bro was meant to be av thats crazy\n|c|\u2606Denzqqq|Ye\n|\n|t:|1700389014\n|-terastallize|p1a: Three headed|Fairy\n|move|p1a: Three headed|Tera Blast|p2a: Gallade|[anim] Tera Blast Fairy\n|-supereffective|p2a: Gallade\n|-damage|p2a: Gallade|1\/100\n|move|p2a: Gallade|Sacred Sword|p1a: Three headed\n|-resisted|p1a: Three headed\n|-damage|p1a: Three headed|53\/100\n|\n|upkeep\n|turn|4\n|c|\u2606devious fearvg|insane 1hp\n|c|\u2606Denzqqq|1 ho\n|c|\u2606Denzqqq|Hp\n|inactive|Denzqqq has 270 seconds left.\n|inactive|devious fearvg has 210 seconds left.\n|c|\u2606Denzqqq|Bruh\n|\n|t:|1700389037\n|switch|p2a: Iron Treads|Iron Treads|51\/100\n|move|p1a: Three headed|Tera Blast|p2a: Iron Treads|[anim] Tera Blast Fairy\n|-resisted|p2a: Iron Treads\n|-crit|p2a: Iron Treads\n|-damage|p2a: Iron Treads|17\/100\n|\n|upkeep\n|turn|5\n|inactive|Denzqqq has 270 seconds left.\n|inactive|devious fearvg has 210 seconds left.\n|\n|t:|1700389060\n|switch|p1a: We spin brrr|Iron Treads|23\/100\n|move|p2a: Iron Treads|Knock Off|p1a: We spin brrr\n|-damage|p1a: We spin brrr|11\/100\n|\n|upkeep\n|turn|6\n|inactive|devious fearvg has 210 seconds left.\n|\n|t:|1700389078\n|move|p2a: Iron Treads|Ice Spinner|p1a: We spin brrr\n|-damage|p1a: We spin brrr|0 fnt\n|faint|p1a: We spin brrr\n|-end|p1a: We spin brrr|Quark Drive|[silent]\n|\n|upkeep\n|inactive|Denzqqq has 240 seconds left.\n|\n|t:|1700389101\n|switch|p1a: Maow|Mew|100\/100\n|turn|7\n|inactive|devious fearvg has 210 seconds left.\n|inactive|Denzqqq has 240 seconds left.\n|c|\u2606devious fearvg|to be accurate gallade has 0.4% hp\n|\n|t:|1700389115\n|move|p2a: Iron Treads|Knock Off|p1a: Maow\n|-supereffective|p1a: Maow\n|-damage|p1a: Maow|53\/100\n|-enditem|p1a: Maow|Lum Berry|[from] move: Knock Off|[of] p2a: Iron Treads\n|move|p1a: Maow|Dragon Dance|p1a: Maow\n|-boost|p1a: Maow|atk|1\n|-boost|p1a: Maow|spe|1\n|\n|upkeep\n|turn|8\n|inactive|devious fearvg has 210 seconds left.\n|inactive|Denzqqq has 240 seconds left.\n|\n|t:|1700389128\n|-end|p2a: Iron Treads|Quark Drive|[silent]\n|switch|p2a: Sableye|Sableye, F|100\/100\n|move|p1a: Maow|Drain Punch|p2a: Sableye\n|-immune|p2a: Sableye\n|\n|upkeep\n|turn|9\n|inactive|devious fearvg has 210 seconds left.\n|\n|t:|1700389134\n|move|p2a: Sableye|Encore|p1a: Maow\n|-start|p1a: Maow|Encore\n|move|p1a: Maow|Drain Punch|p2a: Sableye\n|-immune|p2a: Sableye\n|\n|upkeep\n|turn|10\n|inactive|devious fearvg has 210 seconds left.\n|\n|t:|1700389159\n|switch|p1a: FearTheMuncher|Feraligatr, M|100\/100\n|move|p2a: Sableye|Knock Off|p1a: FearTheMuncher\n|-damage|p1a: FearTheMuncher|69\/100\n|-enditem|p1a: FearTheMuncher|Life Orb|[from] move: Knock Off|[of] p2a: Sableye\n|\n|upkeep\n|turn|11\n|c|\u2606devious fearvg|omg its da me\n|c|\u2606Denzqqq|U hit yourself\n|c|\u2606devious fearvg|OH NOES\n|\n|t:|1700389181\n|move|p2a: Sableye|Will-O-Wisp|p1a: FearTheMuncher\n|-status|p1a: FearTheMuncher|brn\n|move|p1a: FearTheMuncher|Liquidation|p2a: Sableye\n|-damage|p2a: Sableye|62\/100\n|\n|-heal|p2a: Sableye|68\/100|[from] item: Leftovers\n|-damage|p1a: FearTheMuncher|63\/100 brn|[from] brn\n|upkeep\n|turn|12\n|c|\u2606devious fearvg|AM SORRY ME\n|inactive|devious fearvg has 180 seconds left.\n|\n|t:|1700389200\n|switch|p2a: Manaphy|Manaphy|100\/100\n|move|p1a: FearTheMuncher|Dragon Dance|p1a: FearTheMuncher\n|-boost|p1a: FearTheMuncher|atk|1\n|-boost|p1a: FearTheMuncher|spe|1\n|\n|-damage|p1a: FearTheMuncher|57\/100 brn|[from] brn\n|upkeep\n|turn|13\n|\n|t:|1700389206\n|move|p1a: FearTheMuncher|Dragon Dance|p1a: FearTheMuncher\n|-boost|p1a: FearTheMuncher|atk|1\n|-boost|p1a: FearTheMuncher|spe|1\n|move|p2a: Manaphy|Take Heart|p2a: Manaphy\n|-boost|p2a: Manaphy|spa|1\n|-boost|p2a: Manaphy|spd|1\n|\n|-damage|p1a: FearTheMuncher|51\/100 brn|[from] brn\n|upkeep\n|turn|14\n|\n|t:|1700389213\n|move|p1a: FearTheMuncher|Liquidation|p2a: Manaphy\n|-resisted|p2a: Manaphy\n|-damage|p2a: Manaphy|79\/100\n|move|p2a: Manaphy|Acid Armor|p2a: Manaphy\n|-boost|p2a: Manaphy|def|2\n|\n|-heal|p2a: Manaphy|85\/100|[from] item: Leftovers\n|-damage|p1a: FearTheMuncher|45\/100 brn|[from] brn\n|upkeep\n|turn|15\n|\n|t:|1700389221\n|move|p1a: FearTheMuncher|Liquidation|p2a: Manaphy\n|-resisted|p2a: Manaphy\n|-damage|p2a: Manaphy|74\/100\n|move|p2a: Manaphy|Take Heart|p2a: Manaphy\n|-boost|p2a: Manaphy|spa|1\n|-boost|p2a: Manaphy|spd|1\n|\n|-heal|p2a: Manaphy|80\/100|[from] item: Leftovers\n|-damage|p1a: FearTheMuncher|39\/100 brn|[from] brn\n|upkeep\n|turn|16\n|\n|t:|1700389224\n|move|p1a: FearTheMuncher|Liquidation|p2a: Manaphy\n|-resisted|p2a: Manaphy\n|-damage|p2a: Manaphy|69\/100\n|move|p2a: Manaphy|Acid Armor|p2a: Manaphy\n|-boost|p2a: Manaphy|def|2\n|\n|-heal|p2a: Manaphy|75\/100|[from] item: Leftovers\n|-damage|p1a: FearTheMuncher|33\/100 brn|[from] brn\n|upkeep\n|turn|17\n|c| hattorivt|its joeover\n|\n|t:|1700389233\n|move|p1a: FearTheMuncher|Liquidation|p2a: Manaphy\n|-resisted|p2a: Manaphy\n|-damage|p2a: Manaphy|68\/100\n|move|p2a: Manaphy|Take Heart|p2a: Manaphy\n|-boost|p2a: Manaphy|spa|1\n|-boost|p2a: Manaphy|spd|1\n|\n|-heal|p2a: Manaphy|74\/100|[from] item: Leftovers\n|-damage|p1a: FearTheMuncher|27\/100 brn|[from] brn\n|upkeep\n|turn|18\n|c| hattorivt|its denzover\n|\n|t:|1700389237\n|move|p1a: FearTheMuncher|Liquidation|p2a: Manaphy\n|-resisted|p2a: Manaphy\n|-damage|p2a: Manaphy|66\/100\n|move|p2a: Manaphy|Acid Armor|p2a: Manaphy\n|-boost|p2a: Manaphy|def|2\n|\n|-heal|p2a: Manaphy|73\/100|[from] item: Leftovers\n|-damage|p1a: FearTheMuncher|20\/100 brn|[from] brn\n|upkeep\n|turn|19\n|\n|t:|1700389242\n|move|p1a: FearTheMuncher|Liquidation|p2a: Manaphy\n|-resisted|p2a: Manaphy\n|-damage|p2a: Manaphy|68\/100\n|move|p2a: Manaphy|Acid Armor|p2a: Manaphy\n|-boost|p2a: Manaphy|def|0\n|\n|-heal|p2a: Manaphy|74\/100|[from] item: Leftovers\n|-damage|p1a: FearTheMuncher|14\/100 brn|[from] brn\n|upkeep\n|turn|20\n|\n|t:|1700389246\n|move|p1a: FearTheMuncher|Liquidation|p2a: Manaphy\n|-resisted|p2a: Manaphy\n|-damage|p2a: Manaphy|68\/100\n|move|p2a: Manaphy|Take Heart|p2a: Manaphy\n|-boost|p2a: Manaphy|spa|1\n|-boost|p2a: Manaphy|spd|1\n|\n|-heal|p2a: Manaphy|74\/100|[from] item: Leftovers\n|-damage|p1a: FearTheMuncher|8\/100 brn|[from] brn\n|upkeep\n|turn|21\n|\n|t:|1700389254\n|move|p1a: FearTheMuncher|Liquidation|p2a: Manaphy\n|-resisted|p2a: Manaphy\n|-damage|p2a: Manaphy|69\/100\n|move|p2a: Manaphy|Take Heart|p2a: Manaphy\n|-boost|p2a: Manaphy|spa|1\n|-boost|p2a: Manaphy|spd|1\n|\n|-heal|p2a: Manaphy|75\/100|[from] item: Leftovers\n|-damage|p1a: FearTheMuncher|2\/100 brn|[from] brn\n|upkeep\n|turn|22\n|\n|t:|1700389259\n|move|p1a: FearTheMuncher|Liquidation|p2a: Manaphy\n|-resisted|p2a: Manaphy\n|-damage|p2a: Manaphy|69\/100\n|move|p2a: Manaphy|Take Heart|p2a: Manaphy\n|-boost|p2a: Manaphy|spa|1\n|-boost|p2a: Manaphy|spd|1\n|\n|-heal|p2a: Manaphy|76\/100|[from] item: Leftovers\n|-damage|p1a: FearTheMuncher|0 fnt|[from] brn\n|faint|p1a: FearTheMuncher\n|upkeep\n|\n|t:|1700389264\n|switch|p1a: Ban Dire claw|Sneasler, F|100\/100\n|turn|23\n|c|\u2606devious fearvg|its denzover\n|\n|t:|1700389272\n|move|p1a: Ban Dire claw|Dire Claw|p2a: Manaphy\n|-damage|p2a: Manaphy|68\/100\n|-status|p2a: Manaphy|psn\n|move|p2a: Manaphy|Stored Power|p1a: Ban Dire claw\n|-supereffective|p1a: Ban Dire claw\n|-damage|p1a: Ban Dire claw|0 fnt\n|faint|p1a: Ban Dire claw\n|\n|-heal|p2a: Manaphy|74\/100 psn|[from] item: Leftovers\n|-damage|p2a: Manaphy|61\/100 psn|[from] psn\n|upkeep\n|\n|t:|1700389284\n|switch|p1a: Monke boom|Rillaboom, M|100\/100\n|-fieldstart|move: Grassy Terrain|[from] ability: Grassy Surge|[of] p1a: Monke boom\n|turn|24\n|inactive|devious fearvg has 270 seconds left.\n|\n|t:|1700389291\n|-terastallize|p2a: Manaphy|Steel\n|move|p1a: Monke boom|Fake Out|p2a: Manaphy\n|-resisted|p2a: Manaphy\n|-damage|p2a: Manaphy|59\/100 psn\n|-damage|p1a: Monke boom|91\/100|[from] item: Life Orb\n|cant|p2a: Manaphy|flinch\n|\n|-heal|p2a: Manaphy|65\/100 psn|[from] Grassy Terrain\n|-heal|p2a: Manaphy|72\/100 psn|[from] item: Leftovers\n|-heal|p1a: Monke boom|97\/100|[from] Grassy Terrain\n|-damage|p2a: Manaphy|59\/100 psn|[from] psn\n|upkeep\n|turn|25\n|\n|t:|1700389304\n|move|p2a: Manaphy|Take Heart|p2a: Manaphy\n|-boost|p2a: Manaphy|spa|0\n|-boost|p2a: Manaphy|spd|0\n|-curestatus|p2a: Manaphy|psn|[msg]\n|move|p1a: Monke boom|Drain Punch|p2a: Manaphy\n|-supereffective|p2a: Manaphy\n|-damage|p2a: Manaphy|44\/100\n|-heal|p1a: Monke boom|100\/100|[from] drain|[of] p2a: Manaphy\n|-damage|p1a: Monke boom|91\/100|[from] item: Life Orb\n|\n|-heal|p2a: Manaphy|50\/100|[from] Grassy Terrain\n|-heal|p2a: Manaphy|56\/100|[from] item: Leftovers\n|-heal|p1a: Monke boom|97\/100|[from] Grassy Terrain\n|upkeep\n|turn|26\n|\n|t:|1700389313\n|move|p2a: Manaphy|Stored Power|p1a: Monke boom\n|-damage|p1a: Monke boom|0 fnt\n|faint|p1a: Monke boom\n|\n|-heal|p2a: Manaphy|62\/100|[from] Grassy Terrain\n|-heal|p2a: Manaphy|69\/100|[from] item: Leftovers\n|upkeep\n|c|\u2606Denzqqq|Top 10 reasons why manaphy should dissapear\n|c|\u2606devious fearvg|this is the first time I used that set btw\n|c|\u2606devious fearvg|for the tourney\n|-message|Denzqqq forfeited.\n|\n|win|devious fearvg\n|l|\u2606Denzqqq\n|c|\u2606devious fearvg|ggs\n","uploadtime":1700389350,"views":7,"p1id":"denzqqq","p2id":"deviousfearvg","formatid":"gen9nationaldex","rating":0,"private":0,"password":""}