{"id":"gen9nationaldex-1995941687","p1":"Sirrawrz","p2":"221savage","format":"[Gen 9] National Dex","log":"|html|<div class=\"broadcast-blue\"><strong>[Gen 9] National Dex is currently suspecting Sneasler! For information on how to participate check out the <a href=\"https:\/\/www.smogon.com\/forums\/threads\/sv-national-dex-suspect-8-just-dance.3731534\/\">suspect thread<\/a>.<\/strong><\/div>\n|j|\u2606Sirrawrz\n|j|\u2606221savage\n|t:|1700620021\n|gametype|singles\n|player|p1|Sirrawrz|emmet|1475\n|player|p2|221savage|101|1462\n|teamsize|p1|6\n|teamsize|p2|6\n|gen|9\n|tier|[Gen 9] National Dex\n|rated|\n|rule|HP Percentage Mod: HP is shown in percentages\n|rule|Endless Battle Clause: Forcing endless battles is banned\n|rule|OHKO Clause: OHKO moves are banned\n|rule|Evasion Clause: Evasion abilities, items, and moves are banned\n|rule|Evasion Abilities Clause: Evasion abilities are banned\n|rule|Evasion Items Clause: Evasion items are banned\n|rule|Evasion Moves Clause: Evasion moves are banned\n|rule|Species Clause: Limit one of each Pok\u00e9mon\n|rule|Sleep Clause Mod: Limit one foe put to sleep\n|clearpoke\n|poke|p1|Ninetales, M|\n|poke|p1|Venusaur, M|\n|poke|p1|Jolteon, M|\n|poke|p1|Blastoise, M|\n|poke|p1|Rhydon, F|\n|poke|p1|Scyther, M|\n|poke|p2|Blastoise, M|\n|poke|p2|Banette, F|\n|poke|p2|Machamp, F|\n|poke|p2|Darmanitan, M|\n|poke|p2|Tsareena, F|\n|poke|p2|Toxtricity, M|\n|teampreview\n|c|\u2606Sirrawrz|Blastoise :D\n|c|\u2606Sirrawrz|and machamp :O\n|c|\u2606221savage|Blastoise :D\n|\n|t:|1700620040\n|start\n|switch|p1a: Scyther|Scyther, M, shiny|100\/100\n|switch|p2a: Blastoise|Blastoise, M|100\/100\n|turn|1\n|c|\u2606221savage|rhydon :D\n|\n|t:|1700620056\n|move|p1a: Scyther|U-turn|p2a: Blastoise\n|-damage|p2a: Blastoise|45\/100\n|c|\u2606221savage|rhypherior :(\n|\n|t:|1700620073\n|switch|p1a: Jolteon|Jolteon, M, shiny|100\/100|[from] U-turn\n|move|p2a: Blastoise|Shell Smash|p2a: Blastoise\n|-unboost|p2a: Blastoise|def|1\n|-unboost|p2a: Blastoise|spd|1\n|-boost|p2a: Blastoise|atk|2\n|-boost|p2a: Blastoise|spa|2\n|-boost|p2a: Blastoise|spe|2\n|\n|-status|p1a: Jolteon|brn|[from] item: Flame Orb\n|upkeep\n|turn|2\n|\n|t:|1700620085\n|switch|p2a: Tsareena|Tsareena, F|100\/100\n|move|p1a: Jolteon|Volt Switch|p2a: Tsareena\n|-resisted|p2a: Tsareena\n|-damage|p2a: Tsareena|88\/100\n|\n|t:|1700620090\n|switch|p1a: Scyther|Scyther, M, shiny|100\/100|[from] Volt Switch\n|\n|upkeep\n|turn|3\n|\n|t:|1700620108\n|switch|p2a: Banette|Banette, F|100\/100\n|move|p1a: Scyther|U-turn|p2a: Banette\n|-resisted|p2a: Banette\n|-damage|p2a: Banette|65\/100\n|-start|p1a: Scyther|Disable|U-turn|[from] ability: Cursed Body|[of] p2a: Banette\n|\n|t:|1700620133\n|switch|p1a: Rhydon|Rhydon, F, shiny|100\/100|[from] U-turn\n|\n|upkeep\n|turn|4\n|\n|t:|1700620142\n|detailschange|p2a: Banette|Banette-Mega, F\n|-mega|p2a: Banette|Banette|Banettite\n|move|p2a: Banette|Poltergeist|p1a: Rhydon\n|-activate|p1a: Rhydon|move: Poltergeist|Eviolite\n|-damage|p1a: Rhydon|62\/100\n|move|p1a: Rhydon|Earthquake|p2a: Banette\n|-damage|p2a: Banette|0 fnt\n|faint|p2a: Banette\n|\n|upkeep\n|\n|t:|1700620150\n|switch|p2a: Tsareena|Tsareena, F|88\/100\n|turn|5\n|\n|t:|1700620155\n|switch|p1a: Venusaur|Venusaur, M, shiny|100\/100\n|move|p2a: Tsareena|Triple Axel|p1a: Venusaur\n|-supereffective|p1a: Venusaur\n|-damage|p1a: Venusaur|81\/100\n|-hitcount|p1a: Venusaur|1\n|\n|upkeep\n|turn|6\n|c|\u2606Sirrawrz|o_O\n|\n|t:|1700620165\n|switch|p2a: Darmanitan|Darmanitan, M|100\/100\n|-terastallize|p1a: Venusaur|Fire\n|move|p1a: Venusaur|Sludge Bomb|p2a: Darmanitan\n|-damage|p2a: Darmanitan|15\/100\n|-damage|p1a: Venusaur|71\/100|[from] item: Life Orb\n|\n|upkeep\n|turn|7\n|c|\u2606Sirrawrz|O-O\n|c|\u2606Sirrawrz|I mean\n|c|\u2606Sirrawrz|I was scared\n|\n|t:|1700620175\n|switch|p1a: Blastoise|Blastoise, M, shiny|100\/100\n|move|p2a: Darmanitan|Rock Slide|p1a: Blastoise\n|-damage|p1a: Blastoise|75\/100\n|\n|upkeep\n|turn|8\n|\n|t:|1700620182\n|switch|p2a: Tsareena|Tsareena, F|88\/100\n|move|p1a: Blastoise|Flip Turn|p2a: Tsareena\n|-resisted|p2a: Tsareena\n|-damage|p2a: Tsareena|78\/100\n|\n|t:|1700620184\n|switch|p1a: Scyther|Scyther, M, shiny|100\/100|[from] Flip Turn\n|\n|upkeep\n|turn|9\n|\n|t:|1700620210\n|switch|p2a: Toxtricity|Toxtricity, M|100\/100\n|move|p1a: Scyther|U-turn|p2a: Toxtricity\n|-resisted|p2a: Toxtricity\n|-damage|p2a: Toxtricity|70\/100\n|\n|t:|1700620215\n|switch|p1a: Ninetales|Ninetales, M, shiny|100\/100|[from] U-turn\n|-weather|SunnyDay|[from] ability: Drought|[of] p1a: Ninetales\n|\n|-weather|SunnyDay|[upkeep]\n|upkeep\n|turn|10\n|\n|t:|1700620229\n|move|p1a: Ninetales|Weather Ball|p2a: Toxtricity\n|-damage|p2a: Toxtricity|0 fnt\n|faint|p2a: Toxtricity\n|\n|-weather|SunnyDay|[upkeep]\n|upkeep\n|\n|t:|1700620237\n|switch|p2a: Machamp|Machamp, F|100\/100\n|turn|11\n|\n|t:|1700620240\n|switch|p1a: Scyther|Scyther, M, shiny|100\/100\n|-terastallize|p2a: Machamp|Rock\n|move|p2a: Machamp|Stone Edge|p1a: Scyther\n|-supereffective|p1a: Scyther\n|-damage|p1a: Scyther|0 fnt\n|faint|p1a: Scyther\n|-damage|p2a: Machamp|91\/100|[from] item: Life Orb\n|\n|-weather|SunnyDay|[upkeep]\n|upkeep\n|\n|t:|1700620246\n|switch|p1a: Venusaur|Venusaur, M, shiny, tera:Fire|71\/100\n|turn|12\n|\n|t:|1700620263\n|move|p2a: Machamp|Bullet Punch|p1a: Venusaur\n|-resisted|p1a: Venusaur\n|-damage|p1a: Venusaur|57\/100\n|-damage|p2a: Machamp|81\/100|[from] item: Life Orb\n|move|p1a: Venusaur|Giga Drain|p2a: Machamp\n|-supereffective|p2a: Machamp\n|-damage|p2a: Machamp|0 fnt\n|-heal|p1a: Venusaur|100\/100|[from] drain|[of] p2a: Machamp\n|faint|p2a: Machamp\n|-damage|p1a: Venusaur|91\/100|[from] item: Life Orb\n|\n|-weather|SunnyDay|[upkeep]\n|upkeep\n|c|\u2606221savage|gg\n|c|\u2606Sirrawrz|gg\n|-message|221savage forfeited.\n|\n|win|Sirrawrz\n|raw|Sirrawrz's rating: 1475 &rarr; <strong>1494<\/strong><br \/>(+19 for winning)\n|raw|221savage's rating: 1462 &rarr; <strong>1443<\/strong><br \/>(-19 for losing)\n|l|\u2606221savage\n|c|\u2606Sirrawrz|see you blastoise buddy\n","uploadtime":1700620284,"views":0,"p1id":"sirrawrz","p2id":"221savage","formatid":"gen9nationaldex","rating":1443,"private":0,"password":""}