{"id":"gen9nationaldex-1993182887","p1":"Cosmic Geyser","p2":"CuriousStraightGuy","format":"[Gen 9] National Dex","log":"|j|\u2606Cosmic Geyser\n|j|\u2606CuriousStraightGuy\n|t:|1700274946\n|gametype|singles\n|player|p1|Cosmic Geyser|steven|\n|player|p2|CuriousStraightGuy|may|\n|teamsize|p1|6\n|teamsize|p2|6\n|gen|9\n|tier|[Gen 9] National Dex\n|rule|HP Percentage Mod: HP is shown in percentages\n|rule|Endless Battle Clause: Forcing endless battles is banned\n|rule|OHKO Clause: OHKO moves are banned\n|rule|Evasion Clause: Evasion abilities, items, and moves are banned\n|rule|Evasion Abilities Clause: Evasion abilities are banned\n|rule|Evasion Items Clause: Evasion items are banned\n|rule|Evasion Moves Clause: Evasion moves are banned\n|rule|Species Clause: Limit one of each Pok\u00e9mon\n|rule|Sleep Clause Mod: Limit one foe put to sleep\n|clearpoke\n|poke|p1|Ting-Lu|\n|poke|p1|Pawmot, M|\n|poke|p1|Tapu Lele|\n|poke|p1|Alomomola, M|\n|poke|p1|Volcarona, F|\n|poke|p1|Latias, F|\n|poke|p2|Tapu Lele|\n|poke|p2|Starmie|\n|poke|p2|Gliscor, F|\n|poke|p2|Aggron, M|\n|poke|p2|Blissey, F|\n|poke|p2|Zamazenta-*|\n|teampreview\n|c|\u2606CuriousStraightGuy|Okay so\n|c|\u2606CuriousStraightGuy|should i go over my team or fight first\n|c|\u2606Cosmic Geyser|right off the bat aggron is weak\n|c|\u2606Cosmic Geyser|u should not go over\n|c|\u2606CuriousStraightGuy|its mega aggron\n|c|\u2606Cosmic Geyser|oh nvm then\n|\n|t:|1700274984\n|start\n|switch|p1a: Dark Moose Man|Ting-Lu|100\/100\n|switch|p2a: H.E.R|Starmie|100\/100\n|-ability|p1a: Dark Moose Man|Vessel of Ruin\n|turn|1\n|\n|t:|1700274994\n|move|p2a: H.E.R|Trick|p1a: Dark Moose Man\n|-activate|p2a: H.E.R|move: Trick|[of] p1a: Dark Moose Man\n|-item|p1a: Dark Moose Man|Choice Specs|[from] move: Trick\n|-item|p2a: H.E.R|Leftovers|[from] move: Trick\n|move|p1a: Dark Moose Man|Payback|p2a: H.E.R\n|-supereffective|p2a: H.E.R\n|-damage|p2a: H.E.R|0 fnt\n|faint|p2a: H.E.R\n|\n|upkeep\n|c|\u2606Cosmic Geyser|boom\n|c|\u2606CuriousStraightGuy|oop\n|c|\u2606Cosmic Geyser|actual payback\n|c|\u2606CuriousStraightGuy|thats my ace right there\n|\n|t:|1700275009\n|switch|p2a: WHY!?|Aggron, M|100\/100\n|turn|2\n|\n|t:|1700275015\n|detailschange|p2a: WHY!?|Aggron-Mega, M\n|-mega|p2a: WHY!?|Aggron|Aggronite\n|move|p2a: WHY!?|Stealth Rock|p1a: Dark Moose Man\n|-sidestart|p1: Cosmic Geyser|move: Stealth Rock\n|move|p1a: Dark Moose Man|Payback|p2a: WHY!?\n|-damage|p2a: WHY!?|85\/100\n|\n|upkeep\n|turn|3\n|c|\u2606CuriousStraightGuy|team started with lele and starmie with expanding force and analytic\n|\n|t:|1700275033\n|move|p2a: WHY!?|Body Press|p1a: Dark Moose Man\n|-supereffective|p1a: Dark Moose Man\n|-damage|p1a: Dark Moose Man|49\/100\n|move|p1a: Dark Moose Man|Payback|p2a: WHY!?\n|-damage|p2a: WHY!?|69\/100\n|\n|upkeep\n|turn|4\n|c|\u2606Cosmic Geyser|expanding force exists?\n|\n|t:|1700275055\n|switch|p1a: Independant Tapu|Tapu Lele|100\/100\n|-damage|p1a: Independant Tapu|88\/100|[from] Stealth Rock\n|-fieldstart|move: Psychic Terrain|[from] ability: Psychic Surge|[of] p1a: Independant Tapu\n|move|p2a: WHY!?|Body Press|p1a: Independant Tapu\n|-resisted|p1a: Independant Tapu\n|-damage|p1a: Independant Tapu|69\/100\n|\n|upkeep\n|turn|5\n|c|\u2606Cosmic Geyser|I thought it was only gen 8\n|\n|t:|1700275100\n|switch|p1a: Legendary|Volcarona, F|100\/100\n|switch|p2a: Egg Woman ()|Blissey, F|100\/100\n|\n|upkeep\n|turn|6\n|c|\u2606Cosmic Geyser|good predict\n|\n|t:|1700275112\n|switch|p1a: Luvdisc Evolution|Alomomola, M|100\/100\n|-damage|p1a: Luvdisc Evolution|88\/100|[from] Stealth Rock\n|move|p2a: Egg Woman ()|Toxic|p1a: Luvdisc Evolution\n|-status|p1a: Luvdisc Evolution|tox\n|\n|-heal|p1a: Luvdisc Evolution|94\/100 tox|[from] item: Leftovers\n|-damage|p1a: Luvdisc Evolution|88\/100 tox|[from] psn\n|upkeep\n|turn|7\n|\n|t:|1700275121\n|move|p1a: Luvdisc Evolution|Knock Off|p2a: Egg Woman ()\n|-damage|p2a: Egg Woman ()|85\/100\n|-enditem|p2a: Egg Woman ()|Heavy-Duty Boots|[from] move: Knock Off|[of] p1a: Luvdisc Evolution\n|move|p2a: Egg Woman ()|Wish|p2a: Egg Woman ()\n|\n|-heal|p1a: Luvdisc Evolution|94\/100 tox|[from] item: Leftovers\n|-damage|p1a: Luvdisc Evolution|82\/100 tox|[from] psn\n|upkeep\n|turn|8\n|\n|t:|1700275124\n|switch|p2a: WHY!?|Aggron-Mega, M|69\/100\n|move|p1a: Luvdisc Evolution|Wish|p1a: Luvdisc Evolution\n|\n|-heal|p2a: WHY!?|100\/100|[from] move: Wish|[wisher] Egg Woman ()\n|-heal|p1a: Luvdisc Evolution|88\/100 tox|[from] item: Leftovers\n|-damage|p1a: Luvdisc Evolution|70\/100 tox|[from] psn\n|-fieldend|move: Psychic Terrain\n|upkeep\n|turn|9\n|\n|t:|1700275135\n|switch|p1a: Dark Moose Man|Ting-Lu|49\/100\n|-damage|p1a: Dark Moose Man|43\/100|[from] Stealth Rock\n|-ability|p1a: Dark Moose Man|Vessel of Ruin\n|move|p2a: WHY!?|Heavy Slam|p1a: Dark Moose Man\n|-damage|p1a: Dark Moose Man|33\/100\n|\n|-heal|p1a: Dark Moose Man|90\/100|[from] move: Wish|[wisher] Luvdisc Evolution\n|upkeep\n|turn|10\n|c|\u2606Cosmic Geyser|blissey learns wish?\n|\n|t:|1700275143\n|switch|p2a: Cringe 2.0|Gliscor, F|100\/100\n|move|p1a: Dark Moose Man|Earthquake|p2a: Cringe 2.0\n|-immune|p2a: Cringe 2.0\n|\n|-status|p2a: Cringe 2.0|tox|[from] item: Toxic Orb\n|upkeep\n|turn|11\n|c|\u2606CuriousStraightGuy|yeah\n|c|\u2606Cosmic Geyser|thats gotta be the most broken thing\n|c|\u2606CuriousStraightGuy|i like the pawmot\n|\n|t:|1700275163\n|switch|p1a: Mega Unexpected|Latias, F|100\/100\n|-damage|p1a: Mega Unexpected|88\/100|[from] Stealth Rock\n|move|p2a: Cringe 2.0|Toxic|p1a: Mega Unexpected\n|-status|p1a: Mega Unexpected|tox\n|\n|-damage|p1a: Mega Unexpected|82\/100 tox|[from] psn\n|upkeep\n|turn|12\n|\n|t:|1700275169\n|switch|p2a: Egg Woman ()|Blissey, F|85\/100\n|detailschange|p1a: Mega Unexpected|Latias-Mega, F\n|-mega|p1a: Mega Unexpected|Latias|Latiasite\n|move|p1a: Mega Unexpected|Draco Meteor|p2a: Egg Woman ()\n|-damage|p2a: Egg Woman ()|58\/100\n|-unboost|p1a: Mega Unexpected|spa|2\n|\n|-damage|p1a: Mega Unexpected|70\/100 tox|[from] psn\n|upkeep\n|turn|13\n|\n|t:|1700275175\n|move|p1a: Mega Unexpected|Psyshock|p2a: Egg Woman ()\n|-damage|p2a: Egg Woman ()|39\/100\n|move|p2a: Egg Woman ()|Soft-Boiled|p2a: Egg Woman ()\n|-heal|p2a: Egg Woman ()|89\/100\n|\n|-damage|p1a: Mega Unexpected|52\/100 tox|[from] psn\n|upkeep\n|turn|14\n|\n|t:|1700275181\n|switch|p1a: 1000 steps|Pawmot, M|100\/100\n|-damage|p1a: 1000 steps|94\/100|[from] Stealth Rock\n|move|p2a: Egg Woman ()|Wish|p2a: Egg Woman ()\n|\n|upkeep\n|turn|15\n|\n|t:|1700275190\n|switch|p2a: \"SwiftPoke\"|Tapu Lele|100\/100\n|-fieldstart|move: Psychic Terrain|[from] ability: Psychic Surge|[of] p2a: \"SwiftPoke\"\n|move|p1a: 1000 steps|Nuzzle|p2a: \"SwiftPoke\"\n|-damage|p2a: \"SwiftPoke\"|87\/100\n|-status|p2a: \"SwiftPoke\"|par\n|\n|-heal|p2a: \"SwiftPoke\"|100\/100 par|[from] move: Wish|[wisher] Egg Woman ()\n|upkeep\n|turn|16\n|\n|t:|1700275199\n|switch|p1a: Independant Tapu|Tapu Lele|69\/100\n|-damage|p1a: Independant Tapu|56\/100|[from] Stealth Rock\n|move|p2a: \"SwiftPoke\"|Moonblast|p1a: Independant Tapu\n|-damage|p1a: Independant Tapu|4\/100\n|-unboost|p1a: Independant Tapu|spa|1\n|\n|upkeep\n|turn|17\n|\n|t:|1700275204\n|switch|p2a: Egg Woman ()|Blissey, F|89\/100\n|move|p1a: Independant Tapu|Psychic|p2a: Egg Woman ()\n|-damage|p2a: Egg Woman ()|74\/100\n|\n|upkeep\n|turn|18\n|\n|t:|1700275211\n|move|p1a: Independant Tapu|Psychic|p2a: Egg Woman ()\n|-damage|p2a: Egg Woman ()|59\/100\n|move|p2a: Egg Woman ()|Seismic Toss|p1a: Independant Tapu\n|-damage|p1a: Independant Tapu|0 fnt\n|faint|p1a: Independant Tapu\n|\n|upkeep\n|c|\u2606Cosmic Geyser|yeah honestly blissey is kinda annoying\n|\n|t:|1700275226\n|switch|p1a: Luvdisc Evolution|Alomomola, M|100\/100 tox\n|-damage|p1a: Luvdisc Evolution|88\/100 tox|[from] Stealth Rock\n|turn|19\n|c|\u2606CuriousStraightGuy|blissey has wish since gen 7 i think\n|\n|t:|1700275233\n|move|p1a: Luvdisc Evolution|Wish|p1a: Luvdisc Evolution\n|move|p2a: Egg Woman ()|Soft-Boiled|p2a: Egg Woman ()\n|-heal|p2a: Egg Woman ()|100\/100\n|\n|-heal|p1a: Luvdisc Evolution|94\/100 tox|[from] item: Leftovers\n|-damage|p1a: Luvdisc Evolution|88\/100 tox|[from] psn\n|-fieldend|move: Psychic Terrain\n|upkeep\n|turn|20\n|\n|t:|1700275243\n|move|p1a: Luvdisc Evolution|Flip Turn|p2a: Egg Woman ()\n|-damage|p2a: Egg Woman ()|86\/100\n|\n|t:|1700275247\n|switch|p1a: Mega Unexpected|Latias-Mega, F|52\/100 tox|[from] Flip Turn\n|-damage|p1a: Mega Unexpected|40\/100 tox|[from] Stealth Rock\n|move|p2a: Egg Woman ()|Seismic Toss|p1a: Mega Unexpected\n|-damage|p1a: Mega Unexpected|7\/100 tox\n|\n|-heal|p1a: Mega Unexpected|96\/100 tox|[from] move: Wish|[wisher] Luvdisc Evolution\n|-damage|p1a: Mega Unexpected|90\/100 tox|[from] psn\n|upkeep\n|turn|21\n|\n|t:|1700275252\n|move|p1a: Mega Unexpected|Psyshock|p2a: Egg Woman ()\n|-damage|p2a: Egg Woman ()|50\/100\n|move|p2a: Egg Woman ()|Wish|p2a: Egg Woman ()\n|\n|-damage|p1a: Mega Unexpected|78\/100 tox|[from] psn\n|upkeep\n|turn|22\n|c|\u2606Cosmic Geyser|u are max def?\n|c|\u2606CuriousStraightGuy|yes\n|c|\u2606CuriousStraightGuy|bol\n|c|\u2606CuriousStraightGuy|bold\n|\n|t:|1700275269\n|switch|p1a: 1000 steps|Pawmot, M|94\/100\n|-damage|p1a: 1000 steps|88\/100|[from] Stealth Rock\n|move|p2a: Egg Woman ()|Soft-Boiled|p2a: Egg Woman ()\n|-heal|p2a: Egg Woman ()|99\/100\n|\n|-heal|p2a: Egg Woman ()|100\/100|[from] move: Wish|[wisher] Egg Woman ()\n|upkeep\n|turn|23\n|c|\u2606CuriousStraightGuy|max def\n|\n|t:|1700275276\n|switch|p2a: Cringe 2.0|Gliscor, F|100\/100 tox\n|move|p1a: 1000 steps|Fake Out|p2a: Cringe 2.0\n|-damage|p2a: Cringe 2.0|91\/100 tox\n|\n|-heal|p2a: Cringe 2.0|100\/100 tox|[from] ability: Poison Heal\n|upkeep\n|turn|24\n|c|\u2606Cosmic Geyser|this is actually an annoying team\n|c|\u2606CuriousStraightGuy|im having a hard time breaking through\n|c|\u2606Cosmic Geyser|I fucking hate you for this\n|c|\u2606CuriousStraightGuy|without starmie\n|\n|t:|1700275302\n|switch|p1a: Mega Unexpected|Latias-Mega, F|78\/100 tox\n|-damage|p1a: Mega Unexpected|65\/100 tox|[from] Stealth Rock\n|move|p2a: Cringe 2.0|Earthquake|p1a: Mega Unexpected\n|-immune|p1a: Mega Unexpected|[from] ability: Levitate\n|\n|-damage|p1a: Mega Unexpected|59\/100 tox|[from] psn\n|upkeep\n|turn|25\n|\n|t:|1700275308\n|switch|p1a: 1000 steps|Pawmot, M|88\/100\n|-damage|p1a: 1000 steps|82\/100|[from] Stealth Rock\n|move|p2a: Cringe 2.0|Roost||[still]\n|-fail|p2a: Cringe 2.0|heal\n|\n|upkeep\n|turn|26\n|\n|t:|1700275314\n|move|p1a: 1000 steps|Fake Out|p2a: Cringe 2.0\n|-damage|p2a: Cringe 2.0|91\/100 tox\n|cant|p2a: Cringe 2.0|flinch\n|\n|-heal|p2a: Cringe 2.0|100\/100 tox|[from] ability: Poison Heal\n|upkeep\n|turn|27\n|\n|t:|1700275317\n|move|p1a: 1000 steps|Revival Blessing|p1a: 1000 steps\n|-enditem|p1a: 1000 steps|Leppa Berry|[eat]\n|-activate|p1a: 1000 steps|item: Leppa Berry|Revival Blessing|[consumed]\n|\n|t:|1700275320\n|-heal|p1: Independant Tapu|50\/100|[from] move: Revival Blessing\n|move|p2a: Cringe 2.0|Earthquake|p1a: 1000 steps\n|-supereffective|p1a: 1000 steps\n|-damage|p1a: 1000 steps|0 fnt\n|faint|p1a: 1000 steps\n|\n|upkeep\n|\n|t:|1700275322\n|switch|p1a: Mega Unexpected|Latias-Mega, F|59\/100 tox\n|-damage|p1a: Mega Unexpected|47\/100 tox|[from] Stealth Rock\n|turn|28\n|\n|t:|1700275333\n|-terastallize|p2a: Cringe 2.0|Fairy\n|move|p1a: Mega Unexpected|Draco Meteor|p2a: Cringe 2.0\n|-immune|p2a: Cringe 2.0\n|move|p2a: Cringe 2.0|Roost||[still]\n|-fail|p2a: Cringe 2.0|heal\n|\n|-damage|p1a: Mega Unexpected|41\/100 tox|[from] psn\n|upkeep\n|turn|29\n|c|\u2606Cosmic Geyser|...\n|\n|t:|1700275342\n|switch|p1a: Luvdisc Evolution|Alomomola, M|100\/100 tox\n|-damage|p1a: Luvdisc Evolution|88\/100 tox|[from] Stealth Rock\n|move|p2a: Cringe 2.0|Earthquake|p1a: Luvdisc Evolution\n|-damage|p1a: Luvdisc Evolution|69\/100 tox\n|\n|-heal|p1a: Luvdisc Evolution|76\/100 tox|[from] item: Leftovers\n|-damage|p1a: Luvdisc Evolution|69\/100 tox|[from] psn\n|upkeep\n|turn|30\n|\n|t:|1700275348\n|move|p2a: Cringe 2.0|Earthquake|p1a: Luvdisc Evolution\n|-damage|p1a: Luvdisc Evolution|49\/100 tox\n|move|p1a: Luvdisc Evolution|Wish|p1a: Luvdisc Evolution\n|\n|-heal|p1a: Luvdisc Evolution|55\/100 tox|[from] item: Leftovers\n|-damage|p1a: Luvdisc Evolution|42\/100 tox|[from] psn\n|upkeep\n|turn|31\n|c|\u2606Cosmic Geyser|why\n|\n|t:|1700275357\n|switch|p2a: Egg Woman ()|Blissey, F|100\/100\n|switch|p1a: Mega Unexpected|Latias-Mega, F|41\/100 tox\n|-damage|p1a: Mega Unexpected|29\/100 tox|[from] Stealth Rock\n|\n|-heal|p1a: Mega Unexpected|100\/100 tox|[from] move: Wish|[wisher] Luvdisc Evolution\n|-damage|p1a: Mega Unexpected|95\/100 tox|[from] psn\n|upkeep\n|turn|32\n|\n|t:|1700275361\n|switch|p1a: Dark Moose Man|Ting-Lu|90\/100\n|-damage|p1a: Dark Moose Man|84\/100|[from] Stealth Rock\n|-ability|p1a: Dark Moose Man|Vessel of Ruin\n|move|p2a: Egg Woman ()|Seismic Toss|p1a: Dark Moose Man\n|-damage|p1a: Dark Moose Man|62\/100\n|\n|upkeep\n|turn|33\n|\n|t:|1700275368\n|move|p2a: Egg Woman ()|Wish|p2a: Egg Woman ()\n|move|p1a: Dark Moose Man|Spikes|p2a: Egg Woman ()\n|-sidestart|p2: CuriousStraightGuy|Spikes\n|\n|upkeep\n|turn|34\n|\n|t:|1700275373\n|switch|p2a: Amaterasu|Zamazenta|100\/100\n|-damage|p2a: Amaterasu|88\/100|[from] Spikes\n|-ability|p2a: Amaterasu|Dauntless Shield|boost\n|-boost|p2a: Amaterasu|def|1\n|move|p1a: Dark Moose Man|Spikes|p2a: Amaterasu\n|-sidestart|p2: CuriousStraightGuy|Spikes\n|\n|-heal|p2a: Amaterasu|100\/100|[from] move: Wish|[wisher] Egg Woman ()\n|upkeep\n|turn|35\n|\n|t:|1700275376\n|move|p2a: Amaterasu|Substitute|p2a: Amaterasu\n|-start|p2a: Amaterasu|Substitute\n|-damage|p2a: Amaterasu|76\/100\n|move|p1a: Dark Moose Man|Spikes|p2a: Amaterasu\n|-sidestart|p2: CuriousStraightGuy|Spikes\n|\n|upkeep\n|turn|36\n|\n|t:|1700275379\n|switch|p1a: Independant Tapu|Tapu Lele|50\/100\n|-damage|p1a: Independant Tapu|38\/100|[from] Stealth Rock\n|-fieldstart|move: Psychic Terrain|[from] ability: Psychic Surge|[of] p1a: Independant Tapu\n|move|p2a: Amaterasu|Iron Defense|p2a: Amaterasu\n|-boost|p2a: Amaterasu|def|2\n|\n|upkeep\n|turn|37\n|\n|t:|1700275383\n|move|p1a: Independant Tapu|Psychic|p2a: Amaterasu\n|-supereffective|p2a: Amaterasu\n|-end|p2a: Amaterasu|Substitute\n|move|p2a: Amaterasu|Heavy Slam|p1a: Independant Tapu\n|-supereffective|p1a: Independant Tapu\n|-damage|p1a: Independant Tapu|0 fnt\n|faint|p1a: Independant Tapu\n|\n|upkeep\n|\n|t:|1700275386\n|switch|p1a: Legendary|Volcarona, F|100\/100\n|turn|38\n|\n|t:|1700275392\n|switch|p2a: Egg Woman ()|Blissey, F|100\/100\n|-damage|p2a: Egg Woman ()|76\/100|[from] Spikes\n|move|p1a: Legendary|Psychic|p2a: Egg Woman ()\n|-damage|p2a: Egg Woman ()|59\/100\n|\n|upkeep\n|turn|39\n|\n|t:|1700275400\n|switch|p1a: Luvdisc Evolution|Alomomola, M|76\/100 tox\n|-damage|p1a: Luvdisc Evolution|63\/100 tox|[from] Stealth Rock\n|move|p2a: Egg Woman ()|Toxic|p1a: Luvdisc Evolution\n|-fail|p1a: Luvdisc Evolution|tox\n|\n|-heal|p1a: Luvdisc Evolution|70\/100 tox|[from] item: Leftovers\n|-damage|p1a: Luvdisc Evolution|63\/100 tox|[from] psn\n|upkeep\n|turn|40\n|\n|t:|1700275404\n|move|p1a: Luvdisc Evolution|Wish|p1a: Luvdisc Evolution\n|move|p2a: Egg Woman ()|Wish|p2a: Egg Woman ()\n|\n|-heal|p1a: Luvdisc Evolution|70\/100 tox|[from] item: Leftovers\n|-damage|p1a: Luvdisc Evolution|57\/100 tox|[from] psn\n|-fieldend|move: Psychic Terrain\n|upkeep\n|turn|41\n|\n|t:|1700275410\n|switch|p1a: Dark Moose Man|Ting-Lu|62\/100\n|-damage|p1a: Dark Moose Man|56\/100|[from] Stealth Rock\n|-ability|p1a: Dark Moose Man|Vessel of Ruin\n|move|p2a: Egg Woman ()|Seismic Toss|p1a: Dark Moose Man\n|-damage|p1a: Dark Moose Man|35\/100\n|\n|-heal|p1a: Dark Moose Man|92\/100|[from] move: Wish|[wisher] Luvdisc Evolution\n|-heal|p2a: Egg Woman ()|100\/100|[from] move: Wish|[wisher] Egg Woman ()\n|upkeep\n|turn|42\n|\n|t:|1700275416\n|switch|p2a: Cringe 2.0|Gliscor, F, tera:Fairy|100\/100 tox\n|-damage|p2a: Cringe 2.0|75\/100 tox|[from] Spikes\n|move|p1a: Dark Moose Man|Stealth Rock|p2a: Cringe 2.0\n|-sidestart|p2: CuriousStraightGuy|move: Stealth Rock\n|\n|-heal|p2a: Cringe 2.0|88\/100 tox|[from] ability: Poison Heal\n|upkeep\n|turn|43\n|c|\u2606Cosmic Geyser|you want hazards well ok\n|\n|t:|1700275433\n|switch|p1a: Luvdisc Evolution|Alomomola, M|91\/100 tox\n|-damage|p1a: Luvdisc Evolution|78\/100 tox|[from] Stealth Rock\n|move|p2a: Cringe 2.0|Defog|p1a: Luvdisc Evolution\n|-unboost|p1a: Luvdisc Evolution|evasion|1\n|-sideend|p1: Cosmic Geyser|Stealth Rock|[from] move: Defog|[of] p2a: Cringe 2.0\n|-sideend|p2: CuriousStraightGuy|Spikes|[from] move: Defog|[of] p2a: Cringe 2.0\n|-sideend|p2: CuriousStraightGuy|Stealth Rock|[from] move: Defog|[of] p2a: Cringe 2.0\n|\n|-heal|p1a: Luvdisc Evolution|84\/100 tox|[from] item: Leftovers\n|-heal|p2a: Cringe 2.0|100\/100 tox|[from] ability: Poison Heal\n|-damage|p1a: Luvdisc Evolution|78\/100 tox|[from] psn\n|upkeep\n|turn|44\n|c|\u2606Cosmic Geyser|man wtf\n|c|\u2606Cosmic Geyser|this is actually stupid\n|c|\u2606Cosmic Geyser|defog rocks?\n|c|\u2606CuriousStraightGuy|lmao\n|c|\u2606CuriousStraightGuy|why\n|\n|t:|1700275456\n|switch|p2a: WHY!?|Aggron-Mega, M|100\/100\n|move|p1a: Luvdisc Evolution|Wish|p1a: Luvdisc Evolution\n|\n|-heal|p1a: Luvdisc Evolution|84\/100 tox|[from] item: Leftovers\n|-damage|p1a: Luvdisc Evolution|72\/100 tox|[from] psn\n|upkeep\n|turn|45\n|\n|t:|1700275467\n|switch|p1a: Legendary|Volcarona, F|100\/100\n|move|p2a: WHY!?|Stealth Rock|p1a: Legendary\n|-sidestart|p1: Cosmic Geyser|move: Stealth Rock\n|\n|upkeep\n|turn|46\n|\n|t:|1700275474\n|switch|p1a: Dark Moose Man|Ting-Lu|92\/100\n|-damage|p1a: Dark Moose Man|85\/100|[from] Stealth Rock\n|-ability|p1a: Dark Moose Man|Vessel of Ruin\n|switch|p2a: Egg Woman ()|Blissey, F|100\/100\n|\n|upkeep\n|turn|47\n|\n|t:|1700275482\n|switch|p2a: WHY!?|Aggron-Mega, M|100\/100\n|move|p1a: Dark Moose Man|Spikes|p2a: WHY!?\n|-sidestart|p2: CuriousStraightGuy|Spikes\n|\n|upkeep\n|turn|48\n|\n|t:|1700275485\n|move|p2a: WHY!?|Body Press|p1a: Dark Moose Man\n|-supereffective|p1a: Dark Moose Man\n|-damage|p1a: Dark Moose Man|38\/100\n|move|p1a: Dark Moose Man|Spikes|p2a: WHY!?\n|-sidestart|p2: CuriousStraightGuy|Spikes\n|\n|upkeep\n|turn|49\n|\n|t:|1700275489\n|switch|p1a: Legendary|Volcarona, F|100\/100\n|move|p2a: WHY!?|Body Press|p1a: Legendary\n|-resisted|p1a: Legendary\n|-damage|p1a: Legendary|64\/100\n|-status|p2a: WHY!?|brn|[from] ability: Flame Body|[of] p1a: Legendary\n|\n|-damage|p2a: WHY!?|94\/100 brn|[from] brn\n|upkeep\n|turn|50\n|\n|t:|1700275495\n|switch|p2a: Egg Woman ()|Blissey, F|100\/100\n|-damage|p2a: Egg Woman ()|84\/100|[from] Spikes\n|move|p1a: Legendary|Quiver Dance|p1a: Legendary\n|-boost|p1a: Legendary|spa|1\n|-boost|p1a: Legendary|spd|1\n|-boost|p1a: Legendary|spe|1\n|\n|upkeep\n|turn|51\n|c|\u2606Cosmic Geyser|breaking through blissey is impossible\n|\n|t:|1700275516\n|switch|p1a: Luvdisc Evolution|Alomomola, M|100\/100 tox\n|-damage|p1a: Luvdisc Evolution|88\/100 tox|[from] Stealth Rock\n|move|p2a: Egg Woman ()|Toxic|p1a: Luvdisc Evolution|[miss]\n|-miss|p2a: Egg Woman ()|p1a: Luvdisc Evolution\n|\n|-heal|p1a: Luvdisc Evolution|94\/100 tox|[from] item: Leftovers\n|-damage|p1a: Luvdisc Evolution|88\/100 tox|[from] psn\n|upkeep\n|turn|52\n|\n|t:|1700275528\n|switch|p2a: Cringe 2.0|Gliscor, F, tera:Fairy|100\/100 tox\n|-damage|p2a: Cringe 2.0|84\/100 tox|[from] Spikes\n|move|p1a: Luvdisc Evolution|Wish|p1a: Luvdisc Evolution\n|\n|-heal|p1a: Luvdisc Evolution|94\/100 tox|[from] item: Leftovers\n|-heal|p2a: Cringe 2.0|97\/100 tox|[from] ability: Poison Heal\n|-damage|p1a: Luvdisc Evolution|82\/100 tox|[from] psn\n|upkeep\n|turn|53\n|\n|t:|1700275538\n|move|p2a: Cringe 2.0|Defog|p1a: Luvdisc Evolution\n|-unboost|p1a: Luvdisc Evolution|evasion|1\n|-sideend|p1: Cosmic Geyser|Stealth Rock|[from] move: Defog|[of] p2a: Cringe 2.0\n|-sideend|p2: CuriousStraightGuy|Spikes|[from] move: Defog|[of] p2a: Cringe 2.0\n|move|p1a: Luvdisc Evolution|Flip Turn|p2a: Cringe 2.0\n|-damage|p2a: Cringe 2.0|83\/100 tox\n|\n|t:|1700275542\n|switch|p1a: Dark Moose Man|Ting-Lu|38\/100|[from] Flip Turn\n|-ability|p1a: Dark Moose Man|Vessel of Ruin\n|\n|-heal|p1a: Dark Moose Man|95\/100|[from] move: Wish|[wisher] Luvdisc Evolution\n|-heal|p2a: Cringe 2.0|95\/100 tox|[from] ability: Poison Heal\n|upkeep\n|turn|54\n|\n|t:|1700275548\n|move|p2a: Cringe 2.0|Toxic|p1a: Dark Moose Man\n|-status|p1a: Dark Moose Man|tox\n|move|p1a: Dark Moose Man|Earthquake|p2a: Cringe 2.0\n|-damage|p2a: Cringe 2.0|63\/100 tox\n|\n|-heal|p2a: Cringe 2.0|75\/100 tox|[from] ability: Poison Heal\n|-damage|p1a: Dark Moose Man|88\/100 tox|[from] psn\n|upkeep\n|turn|55\n|\n|t:|1700275554\n|move|p2a: Cringe 2.0|Earthquake|p1a: Dark Moose Man\n|-damage|p1a: Dark Moose Man|73\/100 tox\n|move|p1a: Dark Moose Man|Earthquake|p2a: Cringe 2.0\n|-damage|p2a: Cringe 2.0|45\/100 tox\n|\n|-heal|p2a: Cringe 2.0|58\/100 tox|[from] ability: Poison Heal\n|-damage|p1a: Dark Moose Man|61\/100 tox|[from] psn\n|upkeep\n|turn|56\n|\n|t:|1700275557\n|move|p2a: Cringe 2.0|Roost|p2a: Cringe 2.0\n|-heal|p2a: Cringe 2.0|100\/100 tox\n|move|p1a: Dark Moose Man|Earthquake|p2a: Cringe 2.0\n|-damage|p2a: Cringe 2.0|71\/100 tox\n|\n|-heal|p2a: Cringe 2.0|84\/100 tox|[from] ability: Poison Heal\n|-damage|p1a: Dark Moose Man|42\/100 tox|[from] psn\n|upkeep\n|turn|57\n|\n|t:|1700275565\n|switch|p1a: Mega Unexpected|Latias-Mega, F|95\/100 tox\n|move|p2a: Cringe 2.0|Earthquake|p1a: Mega Unexpected\n|-immune|p1a: Mega Unexpected|[from] ability: Levitate\n|\n|-damage|p1a: Mega Unexpected|89\/100 tox|[from] psn\n|-heal|p2a: Cringe 2.0|96\/100 tox|[from] ability: Poison Heal\n|upkeep\n|turn|58\n|\n|t:|1700275574\n|move|p1a: Mega Unexpected|Psyshock|p2a: Cringe 2.0\n|-damage|p2a: Cringe 2.0|63\/100 tox\n|move|p2a: Cringe 2.0|Defog|p1a: Mega Unexpected\n|-unboost|p1a: Mega Unexpected|evasion|1\n|\n|-damage|p1a: Mega Unexpected|77\/100 tox|[from] psn\n|-heal|p2a: Cringe 2.0|75\/100 tox|[from] ability: Poison Heal\n|upkeep\n|turn|59\n|\n|t:|1700275580\n|move|p1a: Mega Unexpected|Draco Meteor|p2a: Cringe 2.0\n|-immune|p2a: Cringe 2.0\n|move|p2a: Cringe 2.0|Toxic|p1a: Mega Unexpected\n|-fail|p1a: Mega Unexpected|tox\n|\n|-damage|p1a: Mega Unexpected|59\/100 tox|[from] psn\n|-heal|p2a: Cringe 2.0|88\/100 tox|[from] ability: Poison Heal\n|upkeep\n|turn|60\n|\n|t:|1700275587\n|move|p1a: Mega Unexpected|Psyshock|p2a: Cringe 2.0\n|-damage|p2a: Cringe 2.0|50\/100 tox\n|move|p2a: Cringe 2.0|Earthquake|p1a: Mega Unexpected\n|-immune|p1a: Mega Unexpected|[from] ability: Levitate\n|\n|-damage|p1a: Mega Unexpected|35\/100 tox|[from] psn\n|-heal|p2a: Cringe 2.0|62\/100 tox|[from] ability: Poison Heal\n|upkeep\n|turn|61\n|\n|t:|1700275600\n|switch|p1a: Dark Moose Man|Ting-Lu|42\/100 tox\n|-ability|p1a: Dark Moose Man|Vessel of Ruin\n|switch|p2a: \"SwiftPoke\"|Tapu Lele|100\/100 par\n|-fieldstart|move: Psychic Terrain|[from] ability: Psychic Surge|[of] p2a: \"SwiftPoke\"\n|\n|-damage|p1a: Dark Moose Man|36\/100 tox|[from] psn\n|upkeep\n|turn|62\n|\n|t:|1700275611\n|switch|p1a: Luvdisc Evolution|Alomomola, M|100\/100 tox\n|move|p2a: \"SwiftPoke\"|Moonblast|p1a: Luvdisc Evolution\n|-damage|p1a: Luvdisc Evolution|56\/100 tox\n|\n|-heal|p1a: Luvdisc Evolution|63\/100 tox|[from] item: Leftovers\n|-damage|p1a: Luvdisc Evolution|56\/100 tox|[from] psn\n|upkeep\n|turn|63\n|c|\u2606Cosmic Geyser|this is so annoying\n|\n|t:|1700275621\n|move|p2a: \"SwiftPoke\"|Moonblast|p1a: Luvdisc Evolution\n|-damage|p1a: Luvdisc Evolution|8\/100 tox\n|-unboost|p1a: Luvdisc Evolution|spa|1\n|move|p1a: Luvdisc Evolution|Wish|p1a: Luvdisc Evolution\n|\n|-heal|p1a: Luvdisc Evolution|14\/100 tox|[from] item: Leftovers\n|-damage|p1a: Luvdisc Evolution|2\/100 tox|[from] psn\n|upkeep\n|turn|64\n|\n|t:|1700275627\n|switch|p1a: Legendary|Volcarona, F|64\/100\n|cant|p2a: \"SwiftPoke\"|par\n|\n|-heal|p1a: Legendary|100\/100|[from] move: Wish|[wisher] Luvdisc Evolution\n|upkeep\n|turn|65\n|\n|t:|1700275633\n|switch|p2a: Egg Woman ()|Blissey, F|84\/100\n|move|p1a: Legendary|Psychic|p2a: Egg Woman ()\n|-damage|p2a: Egg Woman ()|68\/100\n|\n|-fieldend|move: Psychic Terrain\n|upkeep\n|turn|66\n|\n|t:|1700275639\n|move|p1a: Legendary|Psychic|p2a: Egg Woman ()\n|-damage|p2a: Egg Woman ()|57\/100\n|move|p2a: Egg Woman ()|Toxic|p1a: Legendary\n|-status|p1a: Legendary|tox\n|\n|-damage|p1a: Legendary|94\/100 tox|[from] psn\n|upkeep\n|turn|67\n|\n|t:|1700275643\n|move|p1a: Legendary|Psychic|p2a: Egg Woman ()\n|-damage|p2a: Egg Woman ()|45\/100\n|move|p2a: Egg Woman ()|Soft-Boiled|p2a: Egg Woman ()\n|-heal|p2a: Egg Woman ()|95\/100\n|\n|-damage|p1a: Legendary|82\/100 tox|[from] psn\n|upkeep\n|turn|68\n|\n|t:|1700275647\n|move|p1a: Legendary|Psychic|p2a: Egg Woman ()\n|-damage|p2a: Egg Woman ()|83\/100\n|move|p2a: Egg Woman ()|Wish|p2a: Egg Woman ()\n|\n|-damage|p1a: Legendary|64\/100 tox|[from] psn\n|upkeep\n|turn|69\n|\n|t:|1700275657\n|move|p1a: Legendary|Psychic|p2a: Egg Woman ()\n|-damage|p2a: Egg Woman ()|70\/100\n|move|p2a: Egg Woman ()|Seismic Toss|p1a: Legendary\n|-damage|p1a: Legendary|32\/100 tox\n|-status|p2a: Egg Woman ()|brn|[from] ability: Flame Body|[of] p1a: Legendary\n|\n|-heal|p2a: Egg Woman ()|100\/100 brn|[from] move: Wish|[wisher] Egg Woman ()\n|-damage|p1a: Legendary|7\/100 tox|[from] psn\n|-damage|p2a: Egg Woman ()|94\/100 brn|[from] brn\n|upkeep\n|turn|70\n|\n|t:|1700275671\n|move|p1a: Legendary|Fiery Dance|p2a: Egg Woman ()\n|-damage|p2a: Egg Woman ()|79\/100 brn\n|move|p2a: Egg Woman ()|Wish|p2a: Egg Woman ()\n|\n|-damage|p1a: Legendary|0 fnt|[from] psn\n|faint|p1a: Legendary\n|-damage|p2a: Egg Woman ()|73\/100 brn|[from] brn\n|upkeep\n|\n|t:|1700275674\n|switch|p1a: Dark Moose Man|Ting-Lu|36\/100 tox\n|-ability|p1a: Dark Moose Man|Vessel of Ruin\n|turn|71\n|\n|t:|1700275689\n|-curestatus|p2a: Egg Woman ()|brn|[from] ability: Natural Cure\n|switch|p2a: WHY!?|Aggron-Mega, M|94\/100 brn\n|move|p1a: Dark Moose Man|Earthquake|p2a: WHY!?\n|-supereffective|p2a: WHY!?\n|-damage|p2a: WHY!?|71\/100 brn\n|\n|-heal|p2a: WHY!?|100\/100 brn|[from] move: Wish|[wisher] Egg Woman ()\n|-damage|p1a: Dark Moose Man|30\/100 tox|[from] psn\n|-damage|p2a: WHY!?|94\/100 brn|[from] brn\n|upkeep\n|turn|72\n|\n|t:|1700275703\n|-terastallize|p1a: Dark Moose Man|Ghost\n|move|p2a: WHY!?|Heavy Slam|p1a: Dark Moose Man\n|-damage|p1a: Dark Moose Man|25\/100 tox\n|move|p1a: Dark Moose Man|Earthquake|p2a: WHY!?\n|-supereffective|p2a: WHY!?\n|-damage|p2a: WHY!?|71\/100 brn\n|\n|-damage|p1a: Dark Moose Man|12\/100 tox|[from] psn\n|-damage|p2a: WHY!?|65\/100 brn|[from] brn\n|upkeep\n|turn|73\n|\n|t:|1700275711\n|move|p2a: WHY!?|Stealth Rock|p1a: Dark Moose Man\n|-sidestart|p1: Cosmic Geyser|move: Stealth Rock\n|move|p1a: Dark Moose Man|Earthquake|p2a: WHY!?\n|-supereffective|p2a: WHY!?\n|-damage|p2a: WHY!?|40\/100 brn\n|\n|-damage|p1a: Dark Moose Man|0 fnt|[from] psn\n|faint|p1a: Dark Moose Man\n|-damage|p2a: WHY!?|34\/100 brn|[from] brn\n|upkeep\n|\n|t:|1700275715\n|switch|p1a: Luvdisc Evolution|Alomomola, M|35\/100 tox\n|-damage|p1a: Luvdisc Evolution|23\/100 tox|[from] Stealth Rock\n|turn|74\n|\n|t:|1700275723\n|move|p1a: Luvdisc Evolution|Wish|p1a: Luvdisc Evolution\n|move|p2a: WHY!?|Body Press|p1a: Luvdisc Evolution\n|-damage|p1a: Luvdisc Evolution|7\/100 tox\n|\n|-heal|p1a: Luvdisc Evolution|14\/100 tox|[from] item: Leftovers\n|-damage|p1a: Luvdisc Evolution|7\/100 tox|[from] psn\n|-damage|p2a: WHY!?|28\/100 brn|[from] brn\n|upkeep\n|turn|75\n|\n|t:|1700275729\n|switch|p2a: Cringe 2.0|Gliscor, F, tera:Fairy|62\/100 tox\n|move|p1a: Luvdisc Evolution|Flip Turn|p2a: Cringe 2.0\n|-damage|p2a: Cringe 2.0|50\/100 tox\n|\n|t:|1700275732\n|switch|p1a: Mega Unexpected|Latias-Mega, F|35\/100 tox|[from] Flip Turn\n|-damage|p1a: Mega Unexpected|22\/100 tox|[from] Stealth Rock\n|\n|-heal|p1a: Mega Unexpected|100\/100 tox|[from] move: Wish|[wisher] Luvdisc Evolution\n|-damage|p1a: Mega Unexpected|95\/100 tox|[from] psn\n|-heal|p2a: Cringe 2.0|62\/100 tox|[from] ability: Poison Heal\n|upkeep\n|turn|76\n|\n|t:|1700275738\n|move|p1a: Mega Unexpected|Energy Ball|p2a: Cringe 2.0\n|-damage|p2a: Cringe 2.0|35\/100 tox\n|move|p2a: Cringe 2.0|Roost|p2a: Cringe 2.0\n|-heal|p2a: Cringe 2.0|85\/100 tox\n|\n|-damage|p1a: Mega Unexpected|83\/100 tox|[from] psn\n|-heal|p2a: Cringe 2.0|98\/100 tox|[from] ability: Poison Heal\n|upkeep\n|turn|77\n|\n|t:|1700275755\n|move|p1a: Mega Unexpected|Energy Ball|p2a: Cringe 2.0\n|-damage|p2a: Cringe 2.0|68\/100 tox\n|move|p2a: Cringe 2.0|Toxic|p1a: Mega Unexpected\n|-fail|p1a: Mega Unexpected|tox\n|\n|-damage|p1a: Mega Unexpected|65\/100 tox|[from] psn\n|-heal|p2a: Cringe 2.0|80\/100 tox|[from] ability: Poison Heal\n|upkeep\n|turn|78\n|\n|t:|1700275764\n|move|p1a: Mega Unexpected|Energy Ball|p2a: Cringe 2.0\n|-damage|p2a: Cringe 2.0|54\/100 tox\n|move|p2a: Cringe 2.0|Toxic|p1a: Mega Unexpected\n|-fail|p1a: Mega Unexpected|tox\n|\n|-damage|p1a: Mega Unexpected|41\/100 tox|[from] psn\n|-heal|p2a: Cringe 2.0|66\/100 tox|[from] ability: Poison Heal\n|upkeep\n|turn|79\n|c|\u2606CuriousStraightGuy|this wasnt supposed to be stall\n|c|\u2606CuriousStraightGuy|wth\n|c|\u2606Cosmic Geyser|this is stall\n|c|\u2606CuriousStraightGuy|its suppose to be starmie offense\n|\n|t:|1700275791\n|switch|p1a: Luvdisc Evolution|Alomomola, M|41\/100 tox\n|-damage|p1a: Luvdisc Evolution|28\/100 tox|[from] Stealth Rock\n|move|p2a: Cringe 2.0|Roost|p2a: Cringe 2.0\n|-heal|p2a: Cringe 2.0|100\/100 tox\n|\n|-heal|p1a: Luvdisc Evolution|35\/100 tox|[from] item: Leftovers\n|-damage|p1a: Luvdisc Evolution|28\/100 tox|[from] psn\n|upkeep\n|turn|80\n|c|\u2606Cosmic Geyser|I fucked ur starmie tho so no starmie offense\n|\n|t:|1700275804\n|move|p2a: Cringe 2.0|Earthquake|p1a: Luvdisc Evolution\n|-crit|p1a: Luvdisc Evolution\n|-damage|p1a: Luvdisc Evolution|0 fnt\n|faint|p1a: Luvdisc Evolution\n|\n|upkeep\n|\n|t:|1700275806\n|switch|p1a: Mega Unexpected|Latias-Mega, F|41\/100 tox\n|-damage|p1a: Mega Unexpected|28\/100 tox|[from] Stealth Rock\n|turn|81\n|c|\u2606CuriousStraightGuy|right\n|\n|t:|1700275811\n|move|p1a: Mega Unexpected|Energy Ball|p2a: Cringe 2.0\n|-damage|p2a: Cringe 2.0|74\/100 tox\n|move|p2a: Cringe 2.0|Roost|p2a: Cringe 2.0\n|-heal|p2a: Cringe 2.0|100\/100 tox\n|\n|-damage|p1a: Mega Unexpected|22\/100 tox|[from] psn\n|upkeep\n|turn|82\n|\n|t:|1700275817\n|move|p1a: Mega Unexpected|Energy Ball|p2a: Cringe 2.0\n|-damage|p2a: Cringe 2.0|72\/100 tox\n|-unboost|p2a: Cringe 2.0|spd|1\n|move|p2a: Cringe 2.0|Roost|p2a: Cringe 2.0\n|-heal|p2a: Cringe 2.0|100\/100 tox\n|\n|-damage|p1a: Mega Unexpected|10\/100 tox|[from] psn\n|upkeep\n|turn|83\n|c|\u2606CuriousStraightGuy|succumb to poison\n|\n|t:|1700275826\n|move|p1a: Mega Unexpected|Energy Ball|p2a: Cringe 2.0\n|-damage|p2a: Cringe 2.0|62\/100 tox\n|move|p2a: Cringe 2.0|Roost|p2a: Cringe 2.0\n|-heal|p2a: Cringe 2.0|100\/100 tox\n|\n|-damage|p1a: Mega Unexpected|0 fnt|[from] psn\n|faint|p1a: Mega Unexpected\n|\n|win|CuriousStraightGuy\n|upkeep\n|c|\u2606Cosmic Geyser|I got a better strat\n|l|\u2606Cosmic Geyser\n","uploadtime":1700275840,"views":7,"p1id":"cosmicgeyser","p2id":"curiousstraightguy","formatid":"gen9nationaldex","rating":0,"private":0,"password":""}