{"id":"gen9nationaldex-1997936458","p1":"WSoldat","p2":"insipido","format":"[Gen 9] National Dex","log":"|html|<div class=\"broadcast-blue\"><strong>[Gen 9] National Dex is currently suspecting Sneasler! For information on how to participate check out the <a href=\"https:\/\/www.smogon.com\/forums\/threads\/sv-national-dex-suspect-8-just-dance.3731534\/\">suspect thread<\/a>.<\/strong><\/div>\n|j|\u2606WSoldat\n|j|\u2606insipido\n|t:|1700869485\n|gametype|singles\n|player|p1|WSoldat|n|\n|player|p2|insipido|n|\n|teamsize|p1|6\n|teamsize|p2|6\n|gen|9\n|tier|[Gen 9] National Dex\n|rule|HP Percentage Mod: HP is shown in percentages\n|rule|Endless Battle Clause: Forcing endless battles is banned\n|rule|OHKO Clause: OHKO moves are banned\n|rule|Evasion Clause: Evasion abilities, items, and moves are banned\n|rule|Evasion Abilities Clause: Evasion abilities are banned\n|rule|Evasion Items Clause: Evasion items are banned\n|rule|Evasion Moves Clause: Evasion moves are banned\n|rule|Species Clause: Limit one of each Pok\u00e9mon\n|rule|Sleep Clause Mod: Limit one foe put to sleep\n|clearpoke\n|poke|p1|Dragonite, F|\n|poke|p1|Hydreigon, M|\n|poke|p1|Garchomp, M|\n|poke|p1|Goodra-Hisui, M|\n|poke|p1|Corviknight, M|\n|poke|p1|Duraludon, M|\n|poke|p2|Pelipper, M|\n|poke|p2|Swampert, F|\n|poke|p2|Zapdos|\n|poke|p2|Barraskewda, F|\n|poke|p2|Dragonite, F|\n|poke|p2|Greninja-*, M|\n|teampreview\n|c|\u2606insipido|Sale nukear Smogon despu\u00e9s?\n|c|\u2606WSoldat|Seh\n|c|\u2606WSoldat|Pero primero\n|c|\u2606insipido|A Sai\n|c|\u2606WSoldat|Vayamos al fondo del asunto, dime, por que tu peleas\n|c|\u2606insipido|XD\n|c|\u2606WSoldat|Responde carajo\n|c|\u2606insipido|Para hacerme F\u00fcrer\n|c|\u2606insipido|Quiero un mundo sin Furrosni Otakus (?\n|c|\u2606WSoldat|Bien, entoces saca a la luz lo que has estado renegando\n|\n|t:|1700869605\n|start\n|switch|p1a: HoraDeGarchar|Garchomp, M, shiny|100\/100\n|switch|p2a: WC|Pelipper, M|100\/100\n|-weather|RainDance|[from] ability: Drizzle|[of] p2a: WC\n|turn|1\n|\n|t:|1700869619\n|move|p1a: HoraDeGarchar|Stealth Rock|p2a: WC\n|-sidestart|p2: insipido|move: Stealth Rock\n|move|p2a: WC|U-turn|p1a: HoraDeGarchar\n|-damage|p1a: HoraDeGarchar|95\/100\n|-damage|p2a: WC|88\/100|[from] ability: Rough Skin|[of] p1a: HoraDeGarchar\n|-damage|p2a: WC|72\/100|[from] item: Rocky Helmet|[of] p1a: HoraDeGarchar\n|\n|t:|1700869625\n|switch|p2a: Pinches furros|Swampert, F|100\/100|[from] U-turn\n|-damage|p2a: Pinches furros|94\/100|[from] Stealth Rock\n|\n|-weather|RainDance|[upkeep]\n|upkeep\n|turn|2\n|\n|t:|1700869639\n|detailschange|p2a: Pinches furros|Swampert-Mega, F\n|-mega|p2a: Pinches furros|Swampert|Swampertite\n|move|p2a: Pinches furros|Ice Punch|p1a: HoraDeGarchar\n|-supereffective|p1a: HoraDeGarchar\n|-damage|p1a: HoraDeGarchar|23\/100\n|-damage|p2a: Pinches furros|82\/100|[from] ability: Rough Skin|[of] p1a: HoraDeGarchar\n|-damage|p2a: Pinches furros|66\/100|[from] item: Rocky Helmet|[of] p1a: HoraDeGarchar\n|move|p1a: HoraDeGarchar|Spikes|p2a: Pinches furros\n|-sidestart|p2: insipido|Spikes\n|\n|-weather|RainDance|[upkeep]\n|upkeep\n|turn|3\n|\n|t:|1700869651\n|move|p2a: Pinches furros|Liquidation|p1a: HoraDeGarchar\n|-damage|p1a: HoraDeGarchar|0 fnt\n|-damage|p2a: Pinches furros|53\/100|[from] ability: Rough Skin|[of] p1a: HoraDeGarchar\n|-damage|p2a: Pinches furros|37\/100|[from] item: Rocky Helmet|[of] p1a: HoraDeGarchar\n|faint|p1a: HoraDeGarchar\n|\n|-weather|RainDance|[upkeep]\n|upkeep\n|c|\u2606WSoldat|XD\n|\n|t:|1700869665\n|switch|p1a: Carlos Emanuel III|Corviknight, M, shiny|100\/100\n|turn|4\n|c|\u2606insipido|Garchomp hijo de la Omocat\n|\n|t:|1700869676\n|move|p2a: Pinches furros|Liquidation|p1a: Carlos Emanuel III\n|-damage|p1a: Carlos Emanuel III|58\/100\n|-damage|p2a: Pinches furros|20\/100|[from] item: Rocky Helmet|[of] p1a: Carlos Emanuel III\n|move|p1a: Carlos Emanuel III|Body Press|p2a: Pinches furros\n|-damage|p2a: Pinches furros|0 fnt\n|faint|p2a: Pinches furros\n|\n|-weather|RainDance|[upkeep]\n|upkeep\n|\n|t:|1700869679\n|switch|p2a: Zapato|Zapdos|100\/100\n|-damage|p2a: Zapato|76\/100|[from] Stealth Rock\n|turn|5\n|\n|t:|1700869692\n|switch|p1a: Babo SA .Inc|Goodra-Hisui, M, shiny|100\/100\n|move|p2a: Zapato|Volt Switch|p1a: Babo SA .Inc\n|-resisted|p1a: Babo SA .Inc\n|-damage|p1a: Babo SA .Inc|86\/100\n|\n|t:|1700869700\n|switch|p2a: Diego Maradona|Barraskewda, F|100\/100|[from] Volt Switch\n|-damage|p2a: Diego Maradona|88\/100|[from] Stealth Rock\n|-damage|p2a: Diego Maradona|76\/100|[from] Spikes\n|\n|-weather|RainDance|[upkeep]\n|-heal|p1a: Babo SA .Inc|92\/100|[from] item: Leftovers\n|upkeep\n|turn|6\n|\n|t:|1700869714\n|switch|p1a: Carlos Emanuel III|Corviknight, M, shiny|58\/100\n|move|p2a: Diego Maradona|Close Combat|p1a: Carlos Emanuel III\n|-damage|p1a: Carlos Emanuel III|21\/100\n|-unboost|p2a: Diego Maradona|def|1\n|-unboost|p2a: Diego Maradona|spd|1\n|-damage|p2a: Diego Maradona|60\/100|[from] item: Rocky Helmet|[of] p1a: Carlos Emanuel III\n|\n|-weather|RainDance|[upkeep]\n|upkeep\n|turn|7\n|\n|t:|1700869738\n|move|p2a: Diego Maradona|Close Combat|p1a: Carlos Emanuel III\n|-damage|p1a: Carlos Emanuel III|0 fnt\n|-unboost|p2a: Diego Maradona|def|1\n|-unboost|p2a: Diego Maradona|spd|1\n|-damage|p2a: Diego Maradona|43\/100|[from] item: Rocky Helmet|[of] p1a: Carlos Emanuel III\n|faint|p1a: Carlos Emanuel III\n|\n|-weather|RainDance|[upkeep]\n|upkeep\n|\n|t:|1700869747\n|switch|p1a: Barney|Dragonite, F, shiny|100\/100\n|turn|8\n|\n|t:|1700869761\n|switch|p2a: Zapato|Zapdos|76\/100\n|-damage|p2a: Zapato|51\/100|[from] Stealth Rock\n|-terastallize|p1a: Barney|Normal\n|move|p1a: Barney|Dragon Dance|p1a: Barney\n|-boost|p1a: Barney|atk|1\n|-boost|p1a: Barney|spe|1\n|\n|-weather|none\n|upkeep\n|turn|9\n|\n|t:|1700869772\n|move|p1a: Barney|Ice Spinner|p2a: Zapato\n|-supereffective|p2a: Zapato\n|-damage|p2a: Zapato|0 fnt\n|-status|p1a: Barney|par|[from] ability: Static|[of] p2a: Zapato\n|faint|p2a: Zapato\n|\n|upkeep\n|\n|t:|1700869776\n|switch|p2a: WC|Pelipper, M|72\/100\n|-damage|p2a: WC|47\/100|[from] Stealth Rock\n|-weather|RainDance|[from] ability: Drizzle|[of] p2a: WC\n|turn|10\n|\n|t:|1700869785\n|cant|p1a: Barney|par\n|move|p2a: WC|Defog|p1a: Barney\n|-unboost|p1a: Barney|evasion|1\n|-sideend|p2: insipido|Spikes|[from] move: Defog|[of] p2a: WC\n|-sideend|p2: insipido|Stealth Rock|[from] move: Defog|[of] p2a: WC\n|\n|-weather|RainDance|[upkeep]\n|upkeep\n|turn|11\n|\n|t:|1700869793\n|move|p1a: Barney|Extreme Speed|p2a: WC\n|-damage|p2a: WC|0 fnt\n|faint|p2a: WC\n|\n|-weather|RainDance|[upkeep]\n|upkeep\n|\n|t:|1700869796\n|switch|p2a: Clan C\u00f3smic|Greninja, M|100\/100\n|turn|12\n|\n|t:|1700869803\n|move|p1a: Barney|Extreme Speed|p2a: Clan C\u00f3smic\n|-damage|p2a: Clan C\u00f3smic|0 fnt\n|faint|p2a: Clan C\u00f3smic\n|\n|-weather|RainDance|[upkeep]\n|upkeep\n|\n|t:|1700869807\n|switch|p2a: Mucha paja|Dragonite, F|100\/100\n|turn|13\n|\n|t:|1700869813\n|-terastallize|p2a: Mucha paja|Normal\n|move|p2a: Mucha paja|Dragon Dance|p2a: Mucha paja\n|-boost|p2a: Mucha paja|atk|1\n|-boost|p2a: Mucha paja|spe|1\n|move|p1a: Barney|Ice Spinner|p2a: Mucha paja\n|-damage|p2a: Mucha paja|77\/100\n|\n|-weather|RainDance|[upkeep]\n|upkeep\n|turn|14\n|\n|t:|1700869827\n|move|p2a: Mucha paja|Extreme Speed|p1a: Barney\n|-damage|p1a: Barney|52\/100 par\n|cant|p1a: Barney|par\n|\n|-weather|RainDance|[upkeep]\n|upkeep\n|turn|15\n|\n|t:|1700869838\n|switch|p1a: Babo SA .Inc|Goodra-Hisui, M, shiny|92\/100\n|move|p2a: Mucha paja|Extreme Speed|p1a: Babo SA .Inc\n|-resisted|p1a: Babo SA .Inc\n|-damage|p1a: Babo SA .Inc|51\/100\n|-ability|p1a: Babo SA .Inc|Gooey\n|-unboost|p2a: Mucha paja|spe|1\n|\n|-weather|RainDance|[upkeep]\n|-heal|p1a: Babo SA .Inc|57\/100|[from] item: Leftovers\n|upkeep\n|turn|16\n|\n|t:|1700869855\n|move|p2a: Mucha paja|Earthquake|p1a: Babo SA .Inc\n|-supereffective|p1a: Babo SA .Inc\n|-damage|p1a: Babo SA .Inc|0 fnt\n|faint|p1a: Babo SA .Inc\n|\n|-weather|RainDance|[upkeep]\n|upkeep\n|\n|t:|1700869862\n|switch|p1a: DuraNalgon|Duraludon, M|100\/100\n|turn|17\n|\n|t:|1700869870\n|move|p1a: DuraNalgon|Draco Meteor|p2a: Mucha paja\n|-damage|p2a: Mucha paja|9\/100\n|-unboost|p1a: DuraNalgon|spa|2\n|move|p2a: Mucha paja|Earthquake|p1a: DuraNalgon\n|-supereffective|p1a: DuraNalgon\n|-damage|p1a: DuraNalgon|0 fnt\n|faint|p1a: DuraNalgon\n|\n|-weather|none\n|upkeep\n|\n|t:|1700869881\n|switch|p1a: Lernea|Hydreigon, M, shiny|100\/100\n|turn|18\n|\n|t:|1700869895\n|move|p2a: Mucha paja|Extreme Speed|p1a: Lernea\n|-damage|p1a: Lernea|0 fnt\n|faint|p1a: Lernea\n|\n|upkeep\n|\n|t:|1700869901\n|switch|p1a: Barney|Dragonite, F, shiny, tera:Normal|52\/100 par\n|turn|19\n|c|\u2606insipido|50\/50\n|c|\u2606insipido|Lpm\n|\n|t:|1700869907\n|move|p2a: Mucha paja|Extreme Speed|p1a: Barney\n|-damage|p1a: Barney|0 fnt\n|faint|p1a: Barney\n|\n|win|insipido\n|c|\u2606WSoldat|Gg\n|c|\u2606insipido|Wp\n","uploadtime":1700869917,"views":14,"p1id":"wsoldat","p2id":"insipido","formatid":"gen9nationaldex","rating":0,"private":0,"password":""}