{"id":"gen9nationaldex-1990317905","p1":"qualitysalt","p2":"DJRRRR","format":"[Gen 9] National Dex","log":"|j|\u2606qualitysalt\n|j|\u2606DJRRRR\n|t:|1699955892\n|gametype|singles\n|player|p1|qualitysalt|266|1274\n|player|p2|DJRRRR|roxie|1198\n|teamsize|p1|6\n|teamsize|p2|6\n|gen|9\n|tier|[Gen 9] National Dex\n|rated|\n|rule|HP Percentage Mod: HP is shown in percentages\n|rule|Endless Battle Clause: Forcing endless battles is banned\n|rule|OHKO Clause: OHKO moves are banned\n|rule|Evasion Clause: Evasion abilities, items, and moves are banned\n|rule|Evasion Abilities Clause: Evasion abilities are banned\n|rule|Evasion Items Clause: Evasion items are banned\n|rule|Evasion Moves Clause: Evasion moves are banned\n|rule|Species Clause: Limit one of each Pok\u00e9mon\n|rule|Sleep Clause Mod: Limit one foe put to sleep\n|clearpoke\n|poke|p1|Metagross|\n|poke|p1|Lilligant-Hisui, F|\n|poke|p1|Garchomp, M|\n|poke|p1|Zapdos|\n|poke|p1|Garganacl, M|\n|poke|p1|Iron Valiant|\n|poke|p2|Zeraora|\n|poke|p2|Greninja-*, M|\n|poke|p2|Kartana|\n|poke|p2|Nidoking, M|\n|poke|p2|Dragonite, F|\n|poke|p2|Banette, F|\n|teampreview\n|inactive|Battle timer is ON: inactive players will automatically lose when time's up. (requested by qualitysalt)\n|inactive|DJRRRR has 120 seconds left.\n|\n|t:|1699955932\n|start\n|switch|p1a: Ass-Blaster|Metagross|100\/100\n|switch|p2a: Zeraora|Zeraora|100\/100\n|turn|1\n|\n|t:|1699955938\n|move|p2a: Zeraora|Taunt|p1a: Ass-Blaster\n|-start|p1a: Ass-Blaster|move: Taunt\n|move|p1a: Ass-Blaster|Earthquake|p2a: Zeraora\n|-supereffective|p2a: Zeraora\n|-enditem|p2a: Zeraora|Focus Sash\n|-damage|p2a: Zeraora|1\/100\n|\n|upkeep\n|turn|2\n|\n|t:|1699955945\n|move|p2a: Zeraora|Endeavor|p1a: Ass-Blaster\n|-damage|p1a: Ass-Blaster|1\/100\n|move|p1a: Ass-Blaster|Earthquake|p2a: Zeraora\n|-supereffective|p2a: Zeraora\n|-damage|p2a: Zeraora|0 fnt\n|faint|p2a: Zeraora\n|\n|upkeep\n|\n|t:|1699955953\n|switch|p2a: Kartana|Kartana|100\/100\n|turn|3\n|\n|t:|1699955964\n|switch|p1a: Zapdos|Zapdos|100\/100\n|move|p2a: Kartana|Swords Dance|p2a: Kartana\n|-boost|p2a: Kartana|atk|2\n|\n|upkeep\n|turn|4\n|\n|t:|1699955969\n|-zpower|p2a: Kartana\n|move|p2a: Kartana|Breakneck Blitz|p1a: Zapdos|[zeffect]\n|-damage|p1a: Zapdos|0 fnt\n|faint|p1a: Zapdos\n|-ability|p2a: Kartana|Beast Boost|boost\n|-boost|p2a: Kartana|atk|1\n|\n|upkeep\n|\n|t:|1699955977\n|switch|p1a: Iron Valiant|Iron Valiant|100\/100\n|-enditem|p1a: Iron Valiant|Booster Energy\n|-activate|p1a: Iron Valiant|ability: Quark Drive|[fromitem]\n|-start|p1a: Iron Valiant|quarkdrivespe\n|turn|5\n|\n|t:|1699955997\n|switch|p2a: Banette|Banette, F|100\/100\n|move|p1a: Iron Valiant|Focus Blast|p2a: Banette\n|-immune|p2a: Banette\n|\n|upkeep\n|turn|6\n|\n|t:|1699956002\n|detailschange|p2a: Banette|Banette-Mega, F\n|-mega|p2a: Banette|Banette|Banettite\n|move|p2a: Banette|Destiny Bond|p2a: Banette\n|-singlemove|p2a: Banette|Destiny Bond\n|move|p1a: Iron Valiant|Calm Mind|p1a: Iron Valiant\n|-boost|p1a: Iron Valiant|spa|1\n|-boost|p1a: Iron Valiant|spd|1\n|\n|upkeep\n|turn|7\n|\n|t:|1699956008\n|move|p2a: Banette|Encore|p1a: Iron Valiant\n|-start|p1a: Iron Valiant|Encore\n|move|p1a: Iron Valiant|Calm Mind|p1a: Iron Valiant\n|-boost|p1a: Iron Valiant|spa|1\n|-boost|p1a: Iron Valiant|spd|1\n|\n|upkeep\n|turn|8\n|\n|t:|1699956012\n|move|p1a: Iron Valiant|Calm Mind|p1a: Iron Valiant\n|-boost|p1a: Iron Valiant|spa|1\n|-boost|p1a: Iron Valiant|spd|1\n|move|p2a: Banette|Poltergeist||[still]\n|-fail|p2a: Banette\n|\n|upkeep\n|turn|9\n|\n|t:|1699956027\n|move|p1a: Iron Valiant|Calm Mind|p1a: Iron Valiant\n|-boost|p1a: Iron Valiant|spa|1\n|-boost|p1a: Iron Valiant|spd|1\n|move|p2a: Banette|Poltergeist||[still]\n|-fail|p2a: Banette\n|\n|-end|p1a: Iron Valiant|Encore\n|upkeep\n|turn|10\n|\n|t:|1699956035\n|move|p2a: Banette|Encore|p1a: Iron Valiant\n|-start|p1a: Iron Valiant|Encore\n|move|p1a: Iron Valiant|Calm Mind|p1a: Iron Valiant\n|-boost|p1a: Iron Valiant|spa|1\n|-boost|p1a: Iron Valiant|spd|1\n|\n|upkeep\n|turn|11\n|\n|t:|1699956041\n|switch|p2a: Kartana|Kartana|100\/100\n|move|p1a: Iron Valiant|Calm Mind|p1a: Iron Valiant\n|-boost|p1a: Iron Valiant|spa|1\n|-boost|p1a: Iron Valiant|spd|1\n|\n|upkeep\n|turn|12\n|\n|t:|1699956053\n|-end|p1a: Iron Valiant|Quark Drive|[silent]\n|switch|p1a: Lilligant|Lilligant-Hisui, F|100\/100\n|move|p2a: Kartana|Leaf Blade|p1a: Lilligant\n|-resisted|p1a: Lilligant\n|-damage|p1a: Lilligant|56\/100\n|\n|upkeep\n|turn|13\n|\n|t:|1699956071\n|switch|p2a: Banette|Banette-Mega, F|100\/100\n|move|p1a: Lilligant|Natural Gift|p2a: Banette\n|-damage|p2a: Banette|40\/100\n|\n|upkeep\n|turn|14\n|inactive|DJRRRR has 120 seconds left.\n|\n|t:|1699956098\n|move|p2a: Banette|Destiny Bond|p2a: Banette\n|-singlemove|p2a: Banette|Destiny Bond\n|move|p1a: Lilligant|Victory Dance|p1a: Lilligant\n|-boost|p1a: Lilligant|atk|1\n|-boost|p1a: Lilligant|def|1\n|-boost|p1a: Lilligant|spe|1\n|\n|upkeep\n|turn|15\n|\n|t:|1699956107\n|move|p2a: Banette|Encore|p1a: Lilligant\n|-start|p1a: Lilligant|Encore\n|move|p1a: Lilligant|Victory Dance|p1a: Lilligant\n|-boost|p1a: Lilligant|atk|1\n|-boost|p1a: Lilligant|def|1\n|-boost|p1a: Lilligant|spe|1\n|\n|upkeep\n|turn|16\n|\n|t:|1699956110\n|move|p1a: Lilligant|Victory Dance|p1a: Lilligant\n|-boost|p1a: Lilligant|atk|1\n|-boost|p1a: Lilligant|def|1\n|-boost|p1a: Lilligant|spe|1\n|move|p2a: Banette|Poltergeist||[still]\n|-fail|p2a: Banette\n|\n|upkeep\n|turn|17\n|\n|t:|1699956126\n|move|p2a: Banette|Destiny Bond|p2a: Banette\n|-singlemove|p2a: Banette|Destiny Bond\n|move|p1a: Lilligant|Victory Dance|p1a: Lilligant\n|-boost|p1a: Lilligant|atk|1\n|-boost|p1a: Lilligant|def|1\n|-boost|p1a: Lilligant|spe|1\n|\n|-end|p1a: Lilligant|Encore\n|upkeep\n|turn|18\n|\n|t:|1699956137\n|move|p2a: Banette|Encore|p1a: Lilligant\n|-start|p1a: Lilligant|Encore\n|move|p1a: Lilligant|Victory Dance|p1a: Lilligant\n|-boost|p1a: Lilligant|atk|1\n|-boost|p1a: Lilligant|def|1\n|-boost|p1a: Lilligant|spe|1\n|\n|upkeep\n|turn|19\n|\n|t:|1699956148\n|switch|p2a: Nidoking|Nidoking, M|100\/100\n|move|p1a: Lilligant|Victory Dance|p1a: Lilligant\n|-boost|p1a: Lilligant|atk|1\n|-boost|p1a: Lilligant|def|1\n|-boost|p1a: Lilligant|spe|1\n|\n|upkeep\n|turn|20\n|\n|t:|1699956162\n|-terastallize|p1a: Lilligant|Steel\n|move|p1a: Lilligant|Victory Dance|p1a: Lilligant\n|-boost|p1a: Lilligant|atk|0\n|-boost|p1a: Lilligant|def|0\n|-boost|p1a: Lilligant|spe|0\n|move|p2a: Nidoking|Flamethrower|p1a: Lilligant\n|-supereffective|p1a: Lilligant\n|-damage|p1a: Lilligant|0 fnt\n|faint|p1a: Lilligant\n|\n|upkeep\n|\n|t:|1699956170\n|switch|p1a: Garchomp|Garchomp, M|100\/100\n|turn|21\n|\n|t:|1699956190\n|detailschange|p1a: Garchomp|Garchomp-Mega, M\n|-mega|p1a: Garchomp|Garchomp|Garchompite\n|move|p1a: Garchomp|Scale Shot|p2a: Nidoking\n|-damage|p2a: Nidoking|79\/100\n|-damage|p2a: Nidoking|55\/100\n|-hitcount|p2a: Nidoking|2\n|-unboost|p1a: Garchomp|def|1\n|-boost|p1a: Garchomp|spe|1\n|move|p2a: Nidoking|Ice Beam|p1a: Garchomp\n|-supereffective|p1a: Garchomp\n|-damage|p1a: Garchomp|0 fnt\n|faint|p1a: Garchomp\n|\n|upkeep\n|\n|t:|1699956200\n|switch|p1a: Iron Valiant|Iron Valiant|100\/100\n|turn|22\n|\n|t:|1699956209\n|-terastallize|p2a: Nidoking|Fire\n|move|p1a: Iron Valiant|Focus Blast|p2a: Nidoking\n|-damage|p2a: Nidoking|0 fnt\n|faint|p2a: Nidoking\n|\n|upkeep\n|\n|t:|1699956215\n|switch|p2a: Banette|Banette-Mega, F|40\/100\n|turn|23\n|\n|t:|1699956227\n|move|p2a: Banette|Encore|p1a: Iron Valiant\n|-start|p1a: Iron Valiant|Encore\n|move|p1a: Iron Valiant|Focus Blast|p2a: Banette\n|-immune|p2a: Banette\n|\n|upkeep\n|turn|24\n|\n|t:|1699956238\n|switch|p2a: Dragonite|Dragonite, F|100\/100\n|move|p1a: Iron Valiant|Focus Blast|p2a: Dragonite|[miss]\n|-miss|p1a: Iron Valiant|p2a: Dragonite\n|\n|upkeep\n|turn|25\n|\n|t:|1699956245\n|-end|p1a: Iron Valiant|Quark Drive|[silent]\n|switch|p1a: Garga Deez Nuts|Garganacl, M|100\/100\n|switch|p2a: Banette|Banette-Mega, F|40\/100\n|\n|upkeep\n|turn|26\n|\n|t:|1699956252\n|switch|p2a: Kartana|Kartana|100\/100\n|move|p1a: Garga Deez Nuts|Stealth Rock|p2a: Kartana\n|-sidestart|p2: DJRRRR|move: Stealth Rock\n|\n|upkeep\n|turn|27\n|\n|t:|1699956263\n|switch|p2a: Greninja|Greninja, M|100\/100\n|-damage|p2a: Greninja|88\/100|[from] Stealth Rock\n|move|p1a: Garga Deez Nuts|Salt Cure|p2a: Greninja\n|-damage|p2a: Greninja|65\/100\n|-start|p2a: Greninja|Salt Cure\n|\n|-damage|p2a: Greninja|40\/100|[from] Salt Cure\n|upkeep\n|turn|28\n|\n|t:|1699956270\n|move|p1a: Garga Deez Nuts|Protect|p1a: Garga Deez Nuts\n|-singleturn|p1a: Garga Deez Nuts|Protect\n|move|p2a: Greninja|Surf|p1a: Garga Deez Nuts\n|-activate|p1a: Garga Deez Nuts|move: Protect\n|\n|-damage|p2a: Greninja|15\/100|[from] Salt Cure\n|upkeep\n|turn|29\n|\n|t:|1699956278\n|move|p2a: Greninja|Surf|p1a: Garga Deez Nuts\n|-supereffective|p1a: Garga Deez Nuts\n|-damage|p1a: Garga Deez Nuts|37\/100\n|-damage|p2a: Greninja|5\/100|[from] item: Life Orb\n|move|p1a: Garga Deez Nuts|Recover|p1a: Garga Deez Nuts\n|-heal|p1a: Garga Deez Nuts|87\/100\n|\n|-heal|p1a: Garga Deez Nuts|93\/100|[from] item: Leftovers\n|-damage|p2a: Greninja|0 fnt|[from] Salt Cure\n|faint|p2a: Greninja\n|upkeep\n|\n|t:|1699956283\n|switch|p2a: Kartana|Kartana|100\/100\n|-damage|p2a: Kartana|94\/100|[from] Stealth Rock\n|turn|30\n|\n|t:|1699956289\n|move|p2a: Kartana|Leaf Blade|p1a: Garga Deez Nuts\n|-supereffective|p1a: Garga Deez Nuts\n|-damage|p1a: Garga Deez Nuts|17\/100\n|move|p1a: Garga Deez Nuts|Salt Cure|p2a: Kartana\n|-resisted|p2a: Kartana\n|-damage|p2a: Kartana|87\/100\n|-start|p2a: Kartana|Salt Cure\n|\n|-heal|p1a: Garga Deez Nuts|23\/100|[from] item: Leftovers\n|-damage|p2a: Kartana|62\/100|[from] Salt Cure\n|upkeep\n|turn|31\n|\n|t:|1699956294\n|move|p1a: Garga Deez Nuts|Protect|p1a: Garga Deez Nuts\n|-singleturn|p1a: Garga Deez Nuts|Protect\n|move|p2a: Kartana|Swords Dance|p2a: Kartana\n|-boost|p2a: Kartana|atk|2\n|\n|-heal|p1a: Garga Deez Nuts|29\/100|[from] item: Leftovers\n|-damage|p2a: Kartana|38\/100|[from] Salt Cure\n|upkeep\n|turn|32\n|\n|t:|1699956298\n|move|p1a: Garga Deez Nuts|Protect||[still]\n|-fail|p1a: Garga Deez Nuts\n|move|p2a: Kartana|Leaf Blade|p1a: Garga Deez Nuts\n|-supereffective|p1a: Garga Deez Nuts\n|-damage|p1a: Garga Deez Nuts|0 fnt\n|faint|p1a: Garga Deez Nuts\n|-ability|p2a: Kartana|Beast Boost|boost\n|-boost|p2a: Kartana|atk|1\n|\n|-damage|p2a: Kartana|13\/100|[from] Salt Cure\n|upkeep\n|\n|t:|1699956304\n|switch|p1a: Ass-Blaster|Metagross|1\/100\n|turn|33\n|\n|t:|1699956309\n|move|p1a: Ass-Blaster|Bullet Punch|p2a: Kartana\n|-resisted|p2a: Kartana\n|-damage|p2a: Kartana|0 fnt\n|faint|p2a: Kartana\n|\n|upkeep\n|\n|t:|1699956314\n|switch|p2a: Banette|Banette-Mega, F|40\/100\n|-damage|p2a: Banette|28\/100|[from] Stealth Rock\n|turn|34\n|\n|t:|1699956318\n|move|p2a: Banette|Sucker Punch|p1a: Ass-Blaster\n|-supereffective|p1a: Ass-Blaster\n|-damage|p1a: Ass-Blaster|0 fnt\n|faint|p1a: Ass-Blaster\n|\n|upkeep\n|\n|t:|1699956321\n|switch|p1a: Iron Valiant|Iron Valiant|100\/100\n|turn|35\n|\n|t:|1699956325\n|move|p2a: Banette|Destiny Bond|p2a: Banette\n|-singlemove|p2a: Banette|Destiny Bond\n|move|p1a: Iron Valiant|Moonblast|p2a: Banette\n|-damage|p2a: Banette|0 fnt\n|faint|p2a: Banette\n|-activate|p2a: Banette|move: Destiny Bond\n|faint|p1a: Iron Valiant\n|-end|p1a: Iron Valiant|Quark Drive|[silent]\n|\n|win|DJRRRR\n|raw|qualitysalt's rating: 1274 &rarr; <strong>1244<\/strong><br \/>(-30 for losing)\n|raw|DJRRRR's rating: 1198 &rarr; <strong>1228<\/strong><br \/>(+30 for winning)\n|l|\u2606qualitysalt\n","uploadtime":1699956353,"views":5,"p1id":"qualitysalt","p2id":"djrrrr","formatid":"gen9nationaldex","rating":1228,"private":0,"password":""}