{"id":"gen9nationaldex-1995171064","p1":"Sirrawrz","p2":"PureCompany","format":"[Gen 9] National Dex","log":"|html|<div class=\"broadcast-blue\"><strong>[Gen 9] National Dex is currently suspecting Sneasler! For information on how to participate check out the <a href=\"https:\/\/www.smogon.com\/forums\/threads\/sv-national-dex-suspect-8-just-dance.3731534\/\">suspect thread<\/a>.<\/strong><\/div>\n|j|\u2606Sirrawrz\n|j|\u2606PureCompany\n|t:|1700530532\n|gametype|singles\n|player|p1|Sirrawrz|emmet|1522\n|player|p2|PureCompany|169|1446\n|teamsize|p1|6\n|teamsize|p2|6\n|gen|9\n|tier|[Gen 9] National Dex\n|rated|\n|rule|HP Percentage Mod: HP is shown in percentages\n|rule|Endless Battle Clause: Forcing endless battles is banned\n|rule|OHKO Clause: OHKO moves are banned\n|rule|Evasion Clause: Evasion abilities, items, and moves are banned\n|rule|Evasion Abilities Clause: Evasion abilities are banned\n|rule|Evasion Items Clause: Evasion items are banned\n|rule|Evasion Moves Clause: Evasion moves are banned\n|rule|Species Clause: Limit one of each Pok\u00e9mon\n|rule|Sleep Clause Mod: Limit one foe put to sleep\n|clearpoke\n|poke|p1|Ninetales, M|\n|poke|p1|Venusaur, M|\n|poke|p1|Jolteon, F|\n|poke|p1|Blastoise, F|\n|poke|p1|Rhydon, M|\n|poke|p1|Scyther, F|\n|poke|p2|Pelipper, F|\n|poke|p2|Tapu Koko|\n|poke|p2|Greninja-*, M|\n|poke|p2|Barraskewda, F|\n|poke|p2|Swampert, F|\n|poke|p2|Rillaboom, M|\n|teampreview\n|c|\u2606Sirrawrz|Rain :D\n|c|\u2606Sirrawrz|Glhf\n|\n|t:|1700530556\n|start\n|switch|p1a: Jolteon|Jolteon, F, shiny|100\/100\n|switch|p2a: Pelipper|Pelipper, F|100\/100\n|-weather|RainDance|[from] ability: Drizzle|[of] p2a: Pelipper\n|turn|1\n|\n|t:|1700530564\n|switch|p2a: Swampert|Swampert, F|100\/100\n|move|p1a: Jolteon|Weather Ball|p2a: Swampert\n|-crit|p2a: Swampert\n|-damage|p2a: Swampert|33\/100\n|\n|-weather|RainDance|[upkeep]\n|-status|p1a: Jolteon|brn|[from] item: Flame Orb\n|upkeep\n|turn|2\n|\n|t:|1700530575\n|switch|p2a: Tapu Koko|Tapu Koko|100\/100\n|-fieldstart|move: Electric Terrain|[from] ability: Electric Surge|[of] p2a: Tapu Koko\n|move|p1a: Jolteon|Weather Ball|p2a: Tapu Koko\n|-damage|p2a: Tapu Koko|32\/100\n|\n|-weather|RainDance|[upkeep]\n|-damage|p1a: Jolteon|94\/100 brn|[from] brn\n|upkeep\n|turn|3\n|\n|t:|1700530578\n|move|p1a: Jolteon|Weather Ball|p2a: Tapu Koko\n|-damage|p2a: Tapu Koko|0 fnt\n|faint|p2a: Tapu Koko\n|\n|-weather|RainDance|[upkeep]\n|-damage|p1a: Jolteon|88\/100 brn|[from] brn\n|upkeep\n|\n|t:|1700530582\n|switch|p2a: Rillaboom|Rillaboom, M|100\/100\n|-fieldstart|move: Grassy Terrain|[from] ability: Grassy Surge|[of] p2a: Rillaboom\n|turn|4\n|\n|t:|1700530589\n|switch|p1a: Venusaur|Venusaur, M, shiny|100\/100\n|move|p2a: Rillaboom|Grassy Glide|p1a: Venusaur\n|-resisted|p1a: Venusaur\n|-damage|p1a: Venusaur|81\/100\n|\n|-weather|RainDance|[upkeep]\n|-heal|p1a: Venusaur|87\/100|[from] Grassy Terrain\n|upkeep\n|turn|5\n|\n|t:|1700530598\n|switch|p2a: Swampert|Swampert, F|33\/100\n|move|p1a: Venusaur|Sludge Bomb|p2a: Swampert\n|-resisted|p2a: Swampert\n|-damage|p2a: Swampert|7\/100\n|-damage|p1a: Venusaur|77\/100|[from] item: Life Orb\n|\n|-weather|RainDance|[upkeep]\n|-heal|p1a: Venusaur|83\/100|[from] Grassy Terrain\n|-heal|p2a: Swampert|13\/100|[from] Grassy Terrain\n|upkeep\n|turn|6\n|\n|t:|1700530604\n|switch|p1a: Scyther|Scyther, F, shiny|100\/100\n|detailschange|p2a: Swampert|Swampert-Mega, F\n|-mega|p2a: Swampert|Swampert|Swampertite\n|move|p2a: Swampert|Ice Punch|p1a: Scyther\n|-supereffective|p1a: Scyther\n|-damage|p1a: Scyther|3\/100\n|\n|-weather|RainDance|[upkeep]\n|-heal|p2a: Swampert|19\/100|[from] Grassy Terrain\n|upkeep\n|turn|7\n|\n|t:|1700530622\n|move|p1a: Scyther|Quick Attack|p2a: Swampert\n|-damage|p2a: Swampert|0 fnt\n|faint|p2a: Swampert\n|\n|-weather|RainDance|[upkeep]\n|upkeep\n|\n|t:|1700530626\n|switch|p2a: Greninja|Greninja, M|100\/100\n|turn|8\n|\n|t:|1700530632\n|switch|p1a: Blastoise|Blastoise, F, shiny|100\/100\n|move|p2a: Greninja|Water Shuriken|p1a: Blastoise\n|-resisted|p1a: Blastoise\n|-damage|p1a: Blastoise|97\/100\n|-resisted|p1a: Blastoise\n|-damage|p1a: Blastoise|92\/100\n|-resisted|p1a: Blastoise\n|-damage|p1a: Blastoise|88\/100\n|-resisted|p1a: Blastoise\n|-damage|p1a: Blastoise|84\/100\n|-resisted|p1a: Blastoise\n|-damage|p1a: Blastoise|80\/100\n|-hitcount|p1a: Blastoise|5\n|-damage|p2a: Greninja|91\/100|[from] item: Life Orb\n|\n|-weather|none\n|-heal|p2a: Greninja|97\/100|[from] Grassy Terrain\n|-heal|p1a: Blastoise|86\/100|[from] Grassy Terrain\n|-fieldend|move: Grassy Terrain\n|upkeep\n|turn|9\n|\n|t:|1700530636\n|move|p2a: Greninja|Dark Pulse|p1a: Blastoise\n|-damage|p1a: Blastoise|59\/100\n|-damage|p2a: Greninja|87\/100|[from] item: Life Orb\n|cant|p1a: Blastoise|flinch\n|\n|upkeep\n|turn|10\n|c|\u2606Sirrawrz|works everytime\n|\n|t:|1700530648\n|move|p2a: Greninja|Dark Pulse|p1a: Blastoise\n|-damage|p1a: Blastoise|30\/100\n|-damage|p2a: Greninja|77\/100|[from] item: Life Orb\n|move|p1a: Blastoise|Body Press|p2a: Greninja\n|-supereffective|p2a: Greninja\n|-damage|p2a: Greninja|0 fnt\n|faint|p2a: Greninja\n|\n|upkeep\n|\n|t:|1700530658\n|switch|p2a: Pelipper|Pelipper, F|100\/100\n|-weather|RainDance|[from] ability: Drizzle|[of] p2a: Pelipper\n|turn|11\n|\n|t:|1700530660\n|move|p1a: Blastoise|Flip Turn|p2a: Pelipper\n|-resisted|p2a: Pelipper\n|-damage|p2a: Pelipper|89\/100\n|\n|t:|1700530662\n|switch|p1a: Ninetales|Ninetales, M, shiny|100\/100|[from] Flip Turn\n|-weather|SunnyDay|[from] ability: Drought|[of] p1a: Ninetales\n|move|p2a: Pelipper|U-turn|p1a: Ninetales\n|-resisted|p1a: Ninetales\n|-damage|p1a: Ninetales|95\/100\n|\n|t:|1700530670\n|switch|p2a: Barraskewda|Barraskewda, F|100\/100|[from] U-turn\n|\n|-weather|SunnyDay|[upkeep]\n|upkeep\n|turn|12\n|\n|t:|1700530684\n|switch|p1a: Blastoise|Blastoise, F, shiny|30\/100\n|-terastallize|p2a: Barraskewda|Water\n|move|p2a: Barraskewda|Liquidation|p1a: Blastoise\n|-resisted|p1a: Blastoise\n|-damage|p1a: Blastoise|15\/100\n|\n|-weather|SunnyDay|[upkeep]\n|upkeep\n|turn|13\n|\n|t:|1700530697\n|move|p2a: Barraskewda|Liquidation|p1a: Blastoise\n|-resisted|p1a: Blastoise\n|-damage|p1a: Blastoise|0 fnt\n|faint|p1a: Blastoise\n|\n|-weather|SunnyDay|[upkeep]\n|upkeep\n|\n|t:|1700530701\n|switch|p1a: Jolteon|Jolteon, F, shiny|88\/100 brn\n|turn|14\n|\n|t:|1700530709\n|switch|p2a: Rillaboom|Rillaboom, M|100\/100\n|-fieldstart|move: Grassy Terrain|[from] ability: Grassy Surge|[of] p2a: Rillaboom\n|move|p1a: Jolteon|Weather Ball|p2a: Rillaboom\n|-supereffective|p2a: Rillaboom\n|-damage|p2a: Rillaboom|1\/100\n|\n|-weather|SunnyDay|[upkeep]\n|-heal|p1a: Jolteon|94\/100 brn|[from] Grassy Terrain\n|-heal|p2a: Rillaboom|7\/100|[from] Grassy Terrain\n|-damage|p1a: Jolteon|88\/100 brn|[from] brn\n|upkeep\n|turn|15\n|\n|t:|1700530721\n|switch|p1a: Venusaur|Venusaur, M, shiny|83\/100\n|move|p2a: Rillaboom|Grassy Glide|p1a: Venusaur\n|-resisted|p1a: Venusaur\n|-damage|p1a: Venusaur|64\/100\n|\n|-weather|none\n|-heal|p1a: Venusaur|70\/100|[from] Grassy Terrain\n|-heal|p2a: Rillaboom|14\/100|[from] Grassy Terrain\n|upkeep\n|turn|16\n|\n|t:|1700530734\n|switch|p2a: Pelipper|Pelipper, F|89\/100\n|-weather|RainDance|[from] ability: Drizzle|[of] p2a: Pelipper\n|move|p1a: Venusaur|Sludge Bomb|p2a: Pelipper\n|-damage|p2a: Pelipper|16\/100\n|-damage|p1a: Venusaur|60\/100|[from] item: Life Orb\n|\n|-weather|RainDance|[upkeep]\n|-heal|p1a: Venusaur|66\/100|[from] Grassy Terrain\n|upkeep\n|turn|17\n|\n|t:|1700530744\n|switch|p2a: Rillaboom|Rillaboom, M|14\/100\n|move|p1a: Venusaur|Giga Drain|p2a: Rillaboom\n|-resisted|p2a: Rillaboom\n|-damage|p2a: Rillaboom|0 fnt\n|-heal|p1a: Venusaur|74\/100|[from] drain|[of] p2a: Rillaboom\n|faint|p2a: Rillaboom\n|-damage|p1a: Venusaur|64\/100|[from] item: Life Orb\n|\n|-weather|RainDance|[upkeep]\n|-heal|p1a: Venusaur|70\/100|[from] Grassy Terrain\n|upkeep\n|\n|t:|1700530746\n|switch|p2a: Barraskewda|Barraskewda, F, tera:Water|100\/100\n|turn|18\n|\n|t:|1700530754\n|switch|p1a: Scyther|Scyther, F, shiny|3\/100\n|move|p2a: Barraskewda|Liquidation|p1a: Scyther\n|-damage|p1a: Scyther|0 fnt\n|faint|p1a: Scyther\n|\n|-weather|RainDance|[upkeep]\n|-fieldend|move: Grassy Terrain\n|upkeep\n|\n|t:|1700530756\n|switch|p1a: Ninetales|Ninetales, M, shiny|95\/100\n|-weather|SunnyDay|[from] ability: Drought|[of] p1a: Ninetales\n|turn|19\n|\n|t:|1700530760\n|switch|p1a: Venusaur|Venusaur, M, shiny|70\/100\n|move|p2a: Barraskewda|Liquidation|p1a: Venusaur\n|-resisted|p1a: Venusaur\n|-damage|p1a: Venusaur|38\/100\n|\n|-weather|SunnyDay|[upkeep]\n|upkeep\n|turn|20\n|\n|t:|1700530774\n|switch|p2a: Pelipper|Pelipper, F|16\/100\n|-weather|RainDance|[from] ability: Drizzle|[of] p2a: Pelipper\n|move|p1a: Venusaur|Giga Drain|p2a: Pelipper\n|-damage|p2a: Pelipper|0 fnt\n|-heal|p1a: Venusaur|47\/100|[from] drain|[of] p2a: Pelipper\n|faint|p2a: Pelipper\n|-damage|p1a: Venusaur|37\/100|[from] item: Life Orb\n|\n|-weather|RainDance|[upkeep]\n|upkeep\n|\n|t:|1700530776\n|switch|p2a: Barraskewda|Barraskewda, F, tera:Water|100\/100\n|turn|21\n|\n|t:|1700530784\n|switch|p1a: Ninetales|Ninetales, M, shiny|95\/100\n|-weather|SunnyDay|[from] ability: Drought|[of] p1a: Ninetales\n|move|p2a: Barraskewda|Liquidation|p1a: Ninetales\n|-supereffective|p1a: Ninetales\n|-damage|p1a: Ninetales|0 fnt\n|faint|p1a: Ninetales\n|\n|-weather|SunnyDay|[upkeep]\n|upkeep\n|\n|t:|1700530786\n|switch|p1a: Jolteon|Jolteon, F, shiny|88\/100 brn\n|turn|22\n|\n|t:|1700530789\n|move|p1a: Jolteon|Volt Switch|p2a: Barraskewda\n|-supereffective|p2a: Barraskewda\n|-damage|p2a: Barraskewda|0 fnt\n|faint|p2a: Barraskewda\n|\n|win|Sirrawrz\n|raw|Sirrawrz's rating: 1522 &rarr; <strong>1538<\/strong><br \/>(+16 for winning)\n|raw|PureCompany's rating: 1446 &rarr; <strong>1430<\/strong><br \/>(-16 for losing)\n|l|\u2606PureCompany\n","uploadtime":1700530804,"views":1,"p1id":"sirrawrz","p2id":"purecompany","formatid":"gen9nationaldex","rating":1430,"private":0,"password":""}