{"id":"gen9nationaldex-1993194703","p1":"guess 19","p2":"DayBlood","format":"[Gen 9] National Dex","log":"|j|\u2606guess 19\n|j|\u2606DayBlood\n|t:|1700276446\n|gametype|singles\n|player|p1|guess 19|brock|1413\n|player|p2|DayBlood|gambler|1323\n|teamsize|p1|6\n|teamsize|p2|6\n|gen|9\n|tier|[Gen 9] National Dex\n|rated|\n|rule|HP Percentage Mod: HP is shown in percentages\n|rule|Endless Battle Clause: Forcing endless battles is banned\n|rule|OHKO Clause: OHKO moves are banned\n|rule|Evasion Clause: Evasion abilities, items, and moves are banned\n|rule|Evasion Abilities Clause: Evasion abilities are banned\n|rule|Evasion Items Clause: Evasion items are banned\n|rule|Evasion Moves Clause: Evasion moves are banned\n|rule|Species Clause: Limit one of each Pok\u00e9mon\n|rule|Sleep Clause Mod: Limit one foe put to sleep\n|clearpoke\n|poke|p1|Steelix, M|\n|poke|p1|Yanmega, F|\n|poke|p1|Spiritomb, F|\n|poke|p1|Infernape, M|\n|poke|p1|Cloyster, M|\n|poke|p1|Galvantula, M|\n|poke|p2|Typhlosion, M|\n|poke|p2|Meowscarada, M|\n|poke|p2|Togekiss, F|\n|poke|p2|Gyarados, M|\n|poke|p2|Lucario, M|\n|poke|p2|Nidoking, M|\n|teampreview\n|\n|t:|1700276462\n|start\n|switch|p1a: Cloyster|Cloyster, M|100\/100\n|switch|p2a: Red Sea|Gyarados, M, shiny|100\/100\n|-ability|p2a: Red Sea|Intimidate|boost\n|-unboost|p1a: Cloyster|atk|1\n|turn|1\n|\n|t:|1700276470\n|switch|p1a: Spiritomb|Spiritomb, F|100\/100\n|detailschange|p2a: Red Sea|Gyarados-Mega, M, shiny\n|-mega|p2a: Red Sea|Gyarados|Gyaradosite\n|-ability|p2a: Red Sea|Mold Breaker\n|move|p2a: Red Sea|Dragon Dance|p2a: Red Sea\n|-boost|p2a: Red Sea|atk|1\n|-boost|p2a: Red Sea|spe|1\n|\n|upkeep\n|turn|2\n|\n|t:|1700276479\n|move|p2a: Red Sea|Crunch|p1a: Spiritomb\n|-damage|p1a: Spiritomb|43\/100\n|move|p1a: Spiritomb|Will-O-Wisp|p2a: Red Sea\n|-status|p2a: Red Sea|brn\n|\n|-heal|p1a: Spiritomb|49\/100|[from] item: Leftovers\n|-damage|p2a: Red Sea|94\/100 brn|[from] brn\n|upkeep\n|turn|3\n|\n|t:|1700276500\n|switch|p2a: EggShell|Togekiss, F|100\/100\n|move|p1a: Spiritomb|Pain Split|p2a: EggShell\n|-sethp|p2a: EggShell|74\/100|[from] move: Pain Split|[silent]\n|-sethp|p1a: Spiritomb|76\/100|[from] move: Pain Split\n|\n|-heal|p2a: EggShell|80\/100|[from] item: Leftovers\n|-heal|p1a: Spiritomb|82\/100|[from] item: Leftovers\n|upkeep\n|turn|4\n|\n|t:|1700276510\n|switch|p1a: Steelix|Steelix, M|100\/100\n|move|p2a: EggShell|Dazzling Gleam|p1a: Steelix\n|-resisted|p1a: Steelix\n|-damage|p1a: Steelix|81\/100\n|\n|-heal|p2a: EggShell|86\/100|[from] item: Leftovers\n|upkeep\n|turn|5\n|\n|t:|1700276518\n|move|p2a: EggShell|Aura Sphere|p1a: Steelix\n|-supereffective|p1a: Steelix\n|-damage|p1a: Steelix|31\/100\n|move|p1a: Steelix|Stealth Rock|p2a: EggShell\n|-sidestart|p2: DayBlood|move: Stealth Rock\n|\n|-heal|p2a: EggShell|92\/100|[from] item: Leftovers\n|upkeep\n|turn|6\n|inactive|Battle timer is ON: inactive players will automatically lose when time's up. (requested by DayBlood)\n|\n|t:|1700276549\n|switch|p1a: Spiritomb|Spiritomb, F|82\/100\n|move|p2a: EggShell|Aura Sphere|p1a: Spiritomb\n|-immune|p1a: Spiritomb\n|\n|-heal|p2a: EggShell|99\/100|[from] item: Leftovers\n|-heal|p1a: Spiritomb|88\/100|[from] item: Leftovers\n|upkeep\n|turn|7\n|\n|t:|1700276564\n|switch|p1a: Galvantula|Galvantula, M|100\/100\n|move|p2a: EggShell|Dazzling Gleam|p1a: Galvantula\n|-damage|p1a: Galvantula|21\/100\n|\n|-heal|p2a: EggShell|100\/100|[from] item: Leftovers\n|upkeep\n|turn|8\n|\n|t:|1700276575\n|move|p1a: Galvantula|Thunder|p2a: EggShell\n|-supereffective|p2a: EggShell\n|-damage|p2a: EggShell|23\/100\n|move|p2a: EggShell|Dazzling Gleam|p1a: Galvantula\n|-damage|p1a: Galvantula|0 fnt\n|faint|p1a: Galvantula\n|\n|-heal|p2a: EggShell|29\/100|[from] item: Leftovers\n|upkeep\n|\n|t:|1700276581\n|switch|p1a: Cloyster|Cloyster, M|100\/100\n|turn|9\n|\n|t:|1700276587\n|move|p1a: Cloyster|Icicle Spear|p2a: EggShell\n|-supereffective|p2a: EggShell\n|-damage|p2a: EggShell|4\/100\n|-supereffective|p2a: EggShell\n|-damage|p2a: EggShell|0 fnt\n|faint|p2a: EggShell\n|-hitcount|p2: EggShell|2\n|\n|upkeep\n|\n|t:|1700276599\n|switch|p2a: Goku|Lucario, M|100\/100\n|-damage|p2a: Goku|98\/100|[from] Stealth Rock\n|turn|10\n|\n|t:|1700276612\n|switch|p1a: Spiritomb|Spiritomb, F|88\/100\n|move|p2a: Goku|Aura Sphere|p1a: Spiritomb\n|-immune|p1a: Spiritomb\n|\n|-heal|p1a: Spiritomb|95\/100|[from] item: Leftovers\n|upkeep\n|turn|11\n|\n|t:|1700276624\n|switch|p2a: Tux|Meowscarada, M|100\/100\n|-damage|p2a: Tux|88\/100|[from] Stealth Rock\n|move|p1a: Spiritomb|Will-O-Wisp|p2a: Tux\n|-status|p2a: Tux|brn\n|\n|-heal|p1a: Spiritomb|100\/100|[from] item: Leftovers\n|-damage|p2a: Tux|82\/100 brn|[from] brn\n|upkeep\n|turn|12\n|\n|t:|1700276638\n|move|p2a: Tux|Knock Off|p1a: Spiritomb\n|-start|p2a: Tux|typechange|Dark|[from] ability: Protean\n|-damage|p1a: Spiritomb|83\/100\n|-enditem|p1a: Spiritomb|Leftovers|[from] move: Knock Off|[of] p2a: Tux\n|move|p1a: Spiritomb|Pain Split|p2a: Tux\n|-sethp|p2a: Tux|84\/100 brn|[from] move: Pain Split|[silent]\n|-sethp|p1a: Spiritomb|81\/100|[from] move: Pain Split\n|\n|-damage|p2a: Tux|78\/100 brn|[from] brn\n|upkeep\n|turn|13\n|\n|t:|1700276650\n|switch|p2a: Goku|Lucario, M|98\/100\n|-damage|p2a: Goku|95\/100|[from] Stealth Rock\n|move|p1a: Spiritomb|Hex|p2a: Goku\n|-damage|p2a: Goku|60\/100\n|\n|upkeep\n|turn|14\n|\n|t:|1700276657\n|move|p2a: Goku|Dark Pulse|p1a: Spiritomb\n|-damage|p1a: Spiritomb|50\/100\n|move|p1a: Spiritomb|Will-O-Wisp|p2a: Goku\n|-status|p2a: Goku|brn\n|\n|-damage|p2a: Goku|54\/100 brn|[from] brn\n|upkeep\n|turn|15\n|\n|t:|1700276667\n|move|p2a: Goku|Dark Pulse|p1a: Spiritomb\n|-damage|p1a: Spiritomb|21\/100\n|move|p1a: Spiritomb|Pain Split|p2a: Goku\n|-sethp|p2a: Goku|38\/100 brn|[from] move: Pain Split|[silent]\n|-sethp|p1a: Spiritomb|36\/100|[from] move: Pain Split\n|\n|-damage|p2a: Goku|32\/100 brn|[from] brn\n|upkeep\n|turn|16\n|\n|t:|1700276676\n|move|p2a: Goku|Dark Pulse|p1a: Spiritomb\n|-damage|p1a: Spiritomb|7\/100\n|move|p1a: Spiritomb|Hex|p2a: Goku\n|-damage|p2a: Goku|0 fnt\n|faint|p2a: Goku\n|\n|upkeep\n|\n|t:|1700276683\n|switch|p2a: Taylon|Typhlosion, M|100\/100\n|-damage|p2a: Taylon|76\/100|[from] Stealth Rock\n|turn|17\n|\n|t:|1700276690\n|-terastallize|p2a: Taylon|Fire\n|move|p2a: Taylon|Flamethrower|p1a: Spiritomb\n|-damage|p1a: Spiritomb|0 fnt\n|faint|p1a: Spiritomb\n|\n|upkeep\n|\n|t:|1700276697\n|switch|p1a: Cloyster|Cloyster, M|100\/100\n|turn|18\n|\n|t:|1700276708\n|switch|p2a: Red Sea|Gyarados-Mega, M, shiny|94\/100 brn\n|-damage|p2a: Red Sea|82\/100 brn|[from] Stealth Rock\n|-ability|p2a: Red Sea|Mold Breaker\n|move|p1a: Cloyster|Rock Blast|p2a: Red Sea\n|-damage|p2a: Red Sea|75\/100 brn\n|-damage|p2a: Red Sea|69\/100 brn\n|-damage|p2a: Red Sea|62\/100 brn\n|-damage|p2a: Red Sea|55\/100 brn\n|-damage|p2a: Red Sea|48\/100 brn\n|-hitcount|p2a: Red Sea|5\n|\n|-damage|p2a: Red Sea|42\/100 brn|[from] brn\n|upkeep\n|turn|19\n|inactive|guess 19 has 120 seconds left.\n|\n|t:|1700276741\n|move|p1a: Cloyster|Rock Blast|p2a: Red Sea\n|-damage|p2a: Red Sea|36\/100 brn\n|-damage|p2a: Red Sea|30\/100 brn\n|-damage|p2a: Red Sea|22\/100 brn\n|-damage|p2a: Red Sea|16\/100 brn\n|-damage|p2a: Red Sea|9\/100 brn\n|-hitcount|p2a: Red Sea|5\n|move|p2a: Red Sea|Crunch|p1a: Cloyster\n|-damage|p1a: Cloyster|80\/100\n|\n|-damage|p2a: Red Sea|3\/100 brn|[from] brn\n|upkeep\n|turn|20\n|inactive|guess 19 has 120 seconds left.\n|\n|t:|1700276756\n|move|p1a: Cloyster|Rock Blast|p2a: Red Sea\n|-damage|p2a: Red Sea|0 fnt\n|faint|p2a: Red Sea\n|-hitcount|p2: Red Sea|1\n|\n|upkeep\n|\n|t:|1700276769\n|switch|p2a: Kahuna|Nidoking, M|100\/100\n|-damage|p2a: Kahuna|95\/100|[from] Stealth Rock\n|turn|21\n|\n|t:|1700276778\n|switch|p1a: Steelix|Steelix, M|31\/100\n|move|p2a: Kahuna|Sludge Wave|p1a: Steelix\n|-immune|p1a: Steelix\n|\n|upkeep\n|turn|22\n|\n|t:|1700276787\n|move|p2a: Kahuna|Earth Power|p1a: Steelix\n|-supereffective|p1a: Steelix\n|-damage|p1a: Steelix|0 fnt\n|faint|p1a: Steelix\n|\n|upkeep\n|\n|t:|1700276792\n|switch|p1a: Cloyster|Cloyster, M|80\/100\n|turn|23\n|\n|t:|1700276795\n|move|p1a: Cloyster|Icicle Spear|p2a: Kahuna\n|-supereffective|p2a: Kahuna\n|-damage|p2a: Kahuna|66\/100\n|-supereffective|p2a: Kahuna\n|-damage|p2a: Kahuna|36\/100\n|-supereffective|p2a: Kahuna\n|-damage|p2a: Kahuna|5\/100\n|-supereffective|p2a: Kahuna\n|-damage|p2a: Kahuna|0 fnt\n|faint|p2a: Kahuna\n|-hitcount|p2: Kahuna|4\n|\n|upkeep\n|\n|t:|1700276806\n|switch|p2a: Taylon|Typhlosion, M, tera:Fire|76\/100\n|-damage|p2a: Taylon|51\/100|[from] Stealth Rock\n|turn|24\n|\n|t:|1700276812\n|move|p1a: Cloyster|Icicle Spear|p2a: Taylon\n|-resisted|p2a: Taylon\n|-crit|p2a: Taylon\n|-damage|p2a: Taylon|40\/100\n|-resisted|p2a: Taylon\n|-damage|p2a: Taylon|32\/100\n|-resisted|p2a: Taylon\n|-damage|p2a: Taylon|25\/100\n|-resisted|p2a: Taylon\n|-damage|p2a: Taylon|18\/100\n|-resisted|p2a: Taylon\n|-damage|p2a: Taylon|10\/100\n|-hitcount|p2a: Taylon|5\n|move|p2a: Taylon|Focus Blast|p1a: Cloyster\n|-supereffective|p1a: Cloyster\n|-damage|p1a: Cloyster|0 fnt\n|faint|p1a: Cloyster\n|\n|upkeep\n|\n|t:|1700276826\n|switch|p1a: Infernape|Infernape, M|100\/100\n|turn|25\n|\n|t:|1700276840\n|move|p1a: Infernape|Mach Punch|p2a: Taylon\n|-damage|p2a: Taylon|0 fnt\n|faint|p2a: Taylon\n|-damage|p1a: Infernape|91\/100|[from] item: Life Orb\n|\n|upkeep\n|\n|t:|1700276845\n|switch|p2a: Tux|Meowscarada, M|78\/100 brn\n|-damage|p2a: Tux|66\/100 brn|[from] Stealth Rock\n|turn|26\n|\n|t:|1700276852\n|move|p1a: Infernape|Mach Punch|p2a: Tux\n|-supereffective|p2a: Tux\n|-damage|p2a: Tux|0 fnt\n|faint|p2a: Tux\n|-damage|p1a: Infernape|81\/100|[from] item: Life Orb\n|\n|win|guess 19\n|raw|guess 19's rating: 1413 &rarr; <strong>1428<\/strong><br \/>(+15 for winning)\n|raw|DayBlood's rating: 1323 &rarr; <strong>1308<\/strong><br \/>(-15 for losing)\n|c|\u2606DayBlood|gg\n|l|\u2606DayBlood\n","uploadtime":1700276892,"views":6,"p1id":"guess19","p2id":"dayblood","formatid":"gen9nationaldex","rating":1308,"private":0,"password":""}