{"id":"gen9nationaldex-1987282790","p1":"GunGalione","p2":"Canubrio","format":"[Gen 9] National Dex","log":"|j|\u2606GunGalione\n|j|\u2606Canubrio\n|t:|1699572905\n|gametype|singles\n|player|p1|GunGalione|pokemonranger-gen4|1095\n|player|p2|Canubrio|elesa|1153\n|teamsize|p1|6\n|teamsize|p2|6\n|gen|9\n|tier|[Gen 9] National Dex\n|rated|\n|rule|HP Percentage Mod: HP is shown in percentages\n|rule|Endless Battle Clause: Forcing endless battles is banned\n|rule|OHKO Clause: OHKO moves are banned\n|rule|Evasion Clause: Evasion abilities, items, and moves are banned\n|rule|Evasion Abilities Clause: Evasion abilities are banned\n|rule|Evasion Items Clause: Evasion items are banned\n|rule|Evasion Moves Clause: Evasion moves are banned\n|rule|Species Clause: Limit one of each Pok\u00e9mon\n|rule|Sleep Clause Mod: Limit one foe put to sleep\n|clearpoke\n|poke|p1|Tapu Fini|\n|poke|p1|Grimmsnarl, M|\n|poke|p1|Ribombee, F|\n|poke|p1|Ninetales-Alola, M|\n|poke|p1|Togekiss, M|\n|poke|p1|Diancie|\n|poke|p2|Farfetch\u2019d, M|\n|poke|p2|Persian, M|\n|poke|p2|Slaking, M|\n|poke|p2|Breloom, F|\n|poke|p2|Cramorant, F|\n|poke|p2|Steelix, F|\n|teampreview\n|\n|t:|1699572921\n|start\n|switch|p1a: Grimmsnarl|Grimmsnarl, M|100\/100\n|switch|p2a: Persian|Persian, M|100\/100\n|turn|1\n|\n|t:|1699572928\n|move|p1a: Grimmsnarl|Trick|p2a: Persian\n|-activate|p1a: Grimmsnarl|move: Trick|[of] p2a: Persian\n|-item|p2a: Persian|Lagging Tail|[from] move: Trick\n|-item|p1a: Grimmsnarl|Choice Specs|[from] move: Trick\n|move|p2a: Persian|Hyper Voice|p1a: Grimmsnarl\n|-damage|p1a: Grimmsnarl|70\/100\n|\n|upkeep\n|turn|2\n|\n|t:|1699572938\n|move|p1a: Grimmsnarl|Parting Shot|p2a: Persian\n|-unboost|p2a: Persian|atk|1\n|-unboost|p2a: Persian|spa|1\n|\n|t:|1699572948\n|switch|p1a: Togekiss|Togekiss, M|100\/100|[from] Parting Shot\n|move|p2a: Persian|Hyper Voice|p1a: Togekiss\n|-damage|p1a: Togekiss|80\/100\n|\n|upkeep\n|turn|3\n|\n|t:|1699572959\n|switch|p2a: Farfetch\u2019d|Farfetch\u2019d, M|100\/100\n|move|p1a: Togekiss|Nasty Plot|p1a: Togekiss\n|-boost|p1a: Togekiss|spa|2\n|\n|upkeep\n|turn|4\n|\n|t:|1699572971\n|move|p1a: Togekiss|Ancient Power|p2a: Farfetch\u2019d\n|-supereffective|p2a: Farfetch\u2019d\n|-enditem|p2a: Farfetch\u2019d|Focus Sash\n|-damage|p2a: Farfetch\u2019d|1\/100\n|move|p2a: Farfetch\u2019d|Agility|p2a: Farfetch\u2019d\n|-boost|p2a: Farfetch\u2019d|spe|2\n|\n|upkeep\n|turn|5\n|\n|t:|1699572980\n|move|p2a: Farfetch\u2019d|Return|p1a: Togekiss\n|-damage|p1a: Togekiss|45\/100\n|-enditem|p1a: Togekiss|Sitrus Berry|[eat]\n|-heal|p1a: Togekiss|70\/100|[from] item: Sitrus Berry\n|move|p1a: Togekiss|Ancient Power|p2a: Farfetch\u2019d\n|-supereffective|p2a: Farfetch\u2019d\n|-crit|p2a: Farfetch\u2019d\n|-damage|p2a: Farfetch\u2019d|0 fnt\n|faint|p2a: Farfetch\u2019d\n|\n|upkeep\n|\n|t:|1699573008\n|switch|p2a: Slaking|Slaking, M|100\/100\n|turn|6\n|\n|t:|1699573017\n|move|p2a: Slaking|Facade|p1a: Togekiss\n|-damage|p1a: Togekiss|16\/100\n|move|p1a: Togekiss|Air Slash|p2a: Slaking|[miss]\n|-miss|p1a: Togekiss|p2a: Slaking\n|\n|upkeep\n|turn|7\n|\n|t:|1699573056\n|cant|p2a: Slaking|ability: Truant\n|move|p1a: Togekiss|Air Slash|p2a: Slaking\n|-damage|p2a: Slaking|26\/100\n|\n|upkeep\n|turn|8\n|\n|t:|1699573070\n|switch|p1a: Ribombee|Ribombee, F, shiny|100\/100\n|move|p2a: Slaking|Facade|p1a: Ribombee\n|-enditem|p1a: Ribombee|Focus Sash\n|-damage|p1a: Ribombee|1\/100\n|\n|upkeep\n|turn|9\n|\n|t:|1699573081\n|switch|p2a: Cramorant|Cramorant, F|100\/100\n|move|p1a: Ribombee|Sticky Web|p2a: Cramorant\n|-sidestart|p2: Canubrio|move: Sticky Web\n|\n|upkeep\n|turn|10\n|\n|t:|1699573087\n|move|p1a: Ribombee|Reflect|p1a: Ribombee\n|-sidestart|p1: GunGalione|Reflect\n|move|p2a: Cramorant|Surf|p1a: Ribombee\n|-formechange|p2a: Cramorant|Cramorant-Gulping|\n|-damage|p1a: Ribombee|0 fnt\n|faint|p1a: Ribombee\n|-damage|p2a: Cramorant|91\/100|[from] item: Life Orb\n|\n|upkeep\n|\n|t:|1699573091\n|switch|p1a: Ninetales|Ninetales-Alola, M|100\/100\n|-weather|Snow|[from] ability: Snow Warning|[of] p1a: Ninetales\n|turn|11\n|\n|t:|1699573097\n|move|p2a: Cramorant|Surf|p1a: Ninetales\n|-damage|p1a: Ninetales|54\/100\n|-damage|p2a: Cramorant|81\/100|[from] item: Life Orb\n|move|p1a: Ninetales|Aurora Veil|p1a: Ninetales\n|-sidestart|p1: GunGalione|move: Aurora Veil\n|\n|-weather|Snow|[upkeep]\n|upkeep\n|turn|12\n|\n|t:|1699573104\n|move|p2a: Cramorant|Surf|p1a: Ninetales\n|-damage|p1a: Ninetales|31\/100\n|-damage|p2a: Cramorant|71\/100|[from] item: Life Orb\n|move|p1a: Ninetales|Nasty Plot|p1a: Ninetales\n|-boost|p1a: Ninetales|spa|2\n|\n|-weather|Snow|[upkeep]\n|upkeep\n|turn|13\n|\n|t:|1699573112\n|move|p2a: Cramorant|Surf|p1a: Ninetales\n|-damage|p1a: Ninetales|7\/100\n|-damage|p2a: Cramorant|61\/100|[from] item: Life Orb\n|move|p1a: Ninetales|Blizzard|p2a: Cramorant\n|-damage|p2a: Cramorant|0 fnt\n|-damage|p1a: Ninetales|0 fnt|[from] ability: Gulp Missile|[of] p2a: Cramorant\n|-formechange|p2a: Cramorant|Cramorant|\n|faint|p2a: Cramorant\n|faint|p1a: Ninetales\n|\n|-weather|Snow|[upkeep]\n|upkeep\n|\n|t:|1699573126\n|switch|p2a: Persian|Persian, M|100\/100\n|switch|p1a: Diancie|Diancie|100\/100\n|-activate|p2a: Persian|move: Sticky Web\n|-unboost|p2a: Persian|spe|1\n|turn|14\n|\n|t:|1699573131\n|detailschange|p1a: Diancie|Diancie-Mega\n|-mega|p1a: Diancie|Diancie|Diancite\n|move|p1a: Diancie|Calm Mind|p1a: Diancie\n|-boost|p1a: Diancie|spa|1\n|-boost|p1a: Diancie|spd|1\n|move|p2a: Persian|Thunderbolt|p1a: Diancie\n|-damage|p1a: Diancie|94\/100\n|\n|-weather|Snow|[upkeep]\n|-sideend|p1: GunGalione|Reflect\n|upkeep\n|turn|15\n|\n|t:|1699573135\n|move|p1a: Diancie|Calm Mind|p1a: Diancie\n|-boost|p1a: Diancie|spa|1\n|-boost|p1a: Diancie|spd|1\n|move|p2a: Persian|Thunderbolt|p1a: Diancie\n|-damage|p1a: Diancie|88\/100\n|\n|-weather|none\n|-sideend|p1: GunGalione|move: Aurora Veil\n|upkeep\n|turn|16\n|\n|t:|1699573139\n|move|p1a: Diancie|Body Press|p2a: Persian\n|-supereffective|p2a: Persian\n|-damage|p2a: Persian|0 fnt\n|faint|p2a: Persian\n|\n|upkeep\n|\n|t:|1699573144\n|switch|p2a: Slaking|Slaking, M|26\/100\n|-activate|p2a: Slaking|move: Sticky Web\n|-unboost|p2a: Slaking|spe|1\n|turn|17\n|\n|t:|1699573153\n|move|p1a: Diancie|Body Press|p2a: Slaking\n|-supereffective|p2a: Slaking\n|-damage|p2a: Slaking|0 fnt\n|faint|p2a: Slaking\n|\n|upkeep\n|\n|t:|1699573156\n|switch|p2a: Steelix|Steelix, F|100\/100\n|-activate|p2a: Steelix|move: Sticky Web\n|-unboost|p2a: Steelix|spe|1\n|turn|18\n|\n|t:|1699573161\n|detailschange|p2a: Steelix|Steelix-Mega, F\n|-mega|p2a: Steelix|Steelix|Steelixite\n|move|p1a: Diancie|Mystical Fire|p2a: Steelix\n|-supereffective|p2a: Steelix\n|-damage|p2a: Steelix|0 fnt\n|faint|p2a: Steelix\n|\n|upkeep\n|\n|t:|1699573166\n|switch|p2a: Breloom|Breloom, F|100\/100\n|-activate|p2a: Breloom|move: Sticky Web\n|-unboost|p2a: Breloom|spe|1\n|turn|19\n|\n|t:|1699573170\n|move|p1a: Diancie|Mystical Fire|p2a: Breloom\n|-supereffective|p2a: Breloom\n|-damage|p2a: Breloom|0 fnt\n|faint|p2a: Breloom\n|\n|win|GunGalione\n|raw|GunGalione's rating: 1095 &rarr; <strong>1125<\/strong><br \/>(+30 for winning)\n|raw|Canubrio's rating: 1153 &rarr; <strong>1124<\/strong><br \/>(-29 for losing)\n|c|\u2606Canubrio|gg\n","uploadtime":1699573173,"views":4,"p1id":"gungalione","p2id":"canubrio","formatid":"gen9nationaldex","rating":1124,"private":0,"password":""}