{"id":"gen9nationaldex-1996913944","p1":"shiwaluo","p2":"Amber-acid","format":"[Gen 9] National Dex","log":"|html|<div class=\"broadcast-blue\"><strong>[Gen 9] National Dex is currently suspecting Sneasler! For information on how to participate check out the <a href=\"https:\/\/www.smogon.com\/forums\/threads\/sv-national-dex-suspect-8-just-dance.3731534\/\">suspect thread<\/a>.<\/strong><\/div>\n|j|\u2606shiwaluo\n|j|\u2606Amber-acid\n|t:|1700744119\n|gametype|singles\n|player|p1|shiwaluo|steven|1377\n|player|p2|Amber-acid|crasherwake|1494\n|teamsize|p1|6\n|teamsize|p2|6\n|gen|9\n|tier|[Gen 9] National Dex\n|rated|\n|rule|HP Percentage Mod: HP is shown in percentages\n|rule|Endless Battle Clause: Forcing endless battles is banned\n|rule|OHKO Clause: OHKO moves are banned\n|rule|Evasion Clause: Evasion abilities, items, and moves are banned\n|rule|Evasion Abilities Clause: Evasion abilities are banned\n|rule|Evasion Items Clause: Evasion items are banned\n|rule|Evasion Moves Clause: Evasion moves are banned\n|rule|Species Clause: Limit one of each Pok\u00e9mon\n|rule|Sleep Clause Mod: Limit one foe put to sleep\n|clearpoke\n|poke|p1|Arcanine-Hisui, M|\n|poke|p1|Zamazenta-*|\n|poke|p1|Chansey, F|\n|poke|p1|Jirachi|\n|poke|p1|Banette, M|\n|poke|p1|Gliscor, M|\n|poke|p2|Pelipper, M|\n|poke|p2|Barraskewda, M|\n|poke|p2|Swampert, F|\n|poke|p2|Kingdra, F|\n|poke|p2|Zapdos|\n|poke|p2|Ferrothorn, F|\n|teampreview\n|inactive|Battle timer is ON: inactive players will automatically lose when time's up. (requested by Amber-acid)\n|\n|t:|1700744147\n|start\n|switch|p1a: Arcanine|Arcanine-Hisui, M|100\/100\n|switch|p2a: \u6c57\u6d41\u6d43\u80ccxty|Pelipper, M|100\/100\n|-weather|RainDance|[from] ability: Drizzle|[of] p2a: \u6c57\u6d41\u6d43\u80ccxty\n|turn|1\n|\n|t:|1700744168\n|switch|p2a: \u5927\u809a\u809a\ud83d\udd77\ud83d\udc3b|Swampert, F|100\/100\n|move|p1a: Arcanine|Head Smash|p2a: \u5927\u809a\u809a\ud83d\udd77\ud83d\udc3b\n|-resisted|p2a: \u5927\u809a\u809a\ud83d\udd77\ud83d\udc3b\n|-damage|p2a: \u5927\u809a\u809a\ud83d\udd77\ud83d\udc3b|40\/100\n|\n|-weather|RainDance|[upkeep]\n|upkeep\n|turn|2\n|\n|t:|1700744181\n|switch|p1a: Gliscor|Gliscor, M|100\/100\n|detailschange|p2a: \u5927\u809a\u809a\ud83d\udd77\ud83d\udc3b|Swampert-Mega, F\n|-mega|p2a: \u5927\u809a\u809a\ud83d\udd77\ud83d\udc3b|Swampert|Swampertite\n|move|p2a: \u5927\u809a\u809a\ud83d\udd77\ud83d\udc3b|Liquidation|p1a: Gliscor\n|-supereffective|p1a: Gliscor\n|-damage|p1a: Gliscor|5\/100\n|\n|-weather|RainDance|[upkeep]\n|-status|p1a: Gliscor|tox|[from] item: Toxic Orb\n|upkeep\n|turn|3\n|\n|t:|1700744191\n|move|p1a: Gliscor|Protect|p1a: Gliscor\n|-singleturn|p1a: Gliscor|Protect\n|move|p2a: \u5927\u809a\u809a\ud83d\udd77\ud83d\udc3b|Liquidation|p1a: Gliscor\n|-activate|p1a: Gliscor|move: Protect\n|\n|-weather|RainDance|[upkeep]\n|-heal|p1a: Gliscor|17\/100 tox|[from] ability: Poison Heal\n|upkeep\n|turn|4\n|\n|t:|1700744202\n|switch|p1a: Zamazenta|Zamazenta|100\/100\n|-ability|p1a: Zamazenta|Dauntless Shield|boost\n|-boost|p1a: Zamazenta|def|1\n|move|p2a: \u5927\u809a\u809a\ud83d\udd77\ud83d\udc3b|Liquidation|p1a: Zamazenta\n|-damage|p1a: Zamazenta|65\/100\n|\n|-weather|RainDance|[upkeep]\n|-heal|p1a: Zamazenta|71\/100|[from] item: Leftovers\n|upkeep\n|turn|5\n|\n|t:|1700744216\n|move|p2a: \u5927\u809a\u809a\ud83d\udd77\ud83d\udc3b|Liquidation|p1a: Zamazenta\n|-damage|p1a: Zamazenta|32\/100\n|move|p1a: Zamazenta|Substitute|p1a: Zamazenta\n|-start|p1a: Zamazenta|Substitute\n|-damage|p1a: Zamazenta|7\/100\n|\n|-weather|RainDance|[upkeep]\n|-heal|p1a: Zamazenta|13\/100|[from] item: Leftovers\n|upkeep\n|turn|6\n|\n|t:|1700744227\n|move|p2a: \u5927\u809a\u809a\ud83d\udd77\ud83d\udc3b|Liquidation|p1a: Zamazenta\n|-end|p1a: Zamazenta|Substitute\n|move|p1a: Zamazenta|Body Press|p2a: \u5927\u809a\u809a\ud83d\udd77\ud83d\udc3b\n|-damage|p2a: \u5927\u809a\u809a\ud83d\udd77\ud83d\udc3b|0 fnt\n|faint|p2a: \u5927\u809a\u809a\ud83d\udd77\ud83d\udc3b\n|\n|-weather|RainDance|[upkeep]\n|-heal|p1a: Zamazenta|20\/100|[from] item: Leftovers\n|upkeep\n|\n|t:|1700744236\n|switch|p2a: \u6602\u523a\u9c7c\u4ed9\ud83c\udf6c\ud83d\udc3a|Barraskewda, M, shiny|100\/100\n|turn|7\n|\n|t:|1700744253\n|switch|p1a: Arcanine|Arcanine-Hisui, M|100\/100\n|-terastallize|p2a: \u6602\u523a\u9c7c\u4ed9\ud83c\udf6c\ud83d\udc3a|Water\n|move|p2a: \u6602\u523a\u9c7c\u4ed9\ud83c\udf6c\ud83d\udc3a|Liquidation|p1a: Arcanine\n|-supereffective|p1a: Arcanine\n|-damage|p1a: Arcanine|0 fnt\n|faint|p1a: Arcanine\n|\n|-weather|RainDance|[upkeep]\n|upkeep\n|l|\u2606shiwaluo\n|inactive|shiwaluo disconnected and has a minute to reconnect!\n|player|p1|\n|j|\u2606shiwaluo\n|inactive|shiwaluo reconnected and has 125 seconds left.\n|player|p1|shiwaluo|steven\n|inactive|shiwaluo has 120 seconds left.\n|\n|t:|1700744273\n|switch|p1a: Banette|Banette, M|100\/100\n|-item|p2a: \u6602\u523a\u9c7c\u4ed9\ud83c\udf6c\ud83d\udc3a|Choice Band|[from] ability: Frisk|[of] p1a: Banette|[identify]\n|turn|8\n|inactive|shiwaluo has 120 seconds left.\n|inactive|Amber-acid has 120 seconds left.\n|\n|t:|1700744304\n|detailschange|p1a: Banette|Banette-Mega, M\n|-mega|p1a: Banette|Banette|Banettite\n|move|p1a: Banette|Destiny Bond|p1a: Banette\n|-singlemove|p1a: Banette|Destiny Bond\n|move|p2a: \u6602\u523a\u9c7c\u4ed9\ud83c\udf6c\ud83d\udc3a|Liquidation|p1a: Banette\n|-damage|p1a: Banette|0 fnt\n|faint|p1a: Banette\n|-activate|p1a: Banette|move: Destiny Bond\n|faint|p2a: \u6602\u523a\u9c7c\u4ed9\ud83c\udf6c\ud83d\udc3a\n|\n|-weather|none\n|upkeep\n|inactive|shiwaluo has 120 seconds left.\n|\n|t:|1700744314\n|switch|p2a: \u6c57\u6d41\u6d43\u80ccxty|Pelipper, M|100\/100\n|switch|p1a: Jirachi|Jirachi, shiny|100\/100\n|-weather|RainDance|[from] ability: Drizzle|[of] p2a: \u6c57\u6d41\u6d43\u80ccxty\n|turn|9\n|\n|t:|1700744322\n|-zpower|p1a: Jirachi\n|move|p1a: Jirachi|Z-Happy Hour|p1a: Jirachi|[anim]Happy Hour\n|-boost|p1a: Jirachi|atk|1|[zeffect]\n|-boost|p1a: Jirachi|def|1|[zeffect]\n|-boost|p1a: Jirachi|spa|1|[zeffect]\n|-boost|p1a: Jirachi|spd|1|[zeffect]\n|-boost|p1a: Jirachi|spe|1|[zeffect]\n|move|p2a: \u6c57\u6d41\u6d43\u80ccxty|U-turn|p1a: Jirachi\n|-damage|p1a: Jirachi|95\/100\n|\n|t:|1700744331\n|switch|p2a: \u51b2\u6d6a\u4ed9\u4ebadingding|Kingdra, F|100\/100|[from] U-turn\n|\n|-weather|RainDance|[upkeep]\n|upkeep\n|turn|10\n|\n|t:|1700744341\n|move|p2a: \u51b2\u6d6a\u4ed9\u4ebadingding|Surf|p1a: Jirachi\n|-damage|p1a: Jirachi|42\/100\n|move|p1a: Jirachi|Wish|p1a: Jirachi\n|\n|-weather|RainDance|[upkeep]\n|upkeep\n|turn|11\n|\n|t:|1700744354\n|move|p2a: \u51b2\u6d6a\u4ed9\u4ebadingding|Surf|p1a: Jirachi\n|-damage|p1a: Jirachi|0 fnt\n|faint|p1a: Jirachi\n|\n|-weather|RainDance|[upkeep]\n|upkeep\n|\n|t:|1700744356\n|switch|p1a: Chansey|Chansey, F|100\/100\n|turn|12\n|\n|t:|1700744366\n|switch|p2a: \u523a\u523a\u725b\u5b50\u806a\u806a|Ferrothorn, F|100\/100\n|move|p1a: Chansey|Toxic|p2a: \u523a\u523a\u725b\u5b50\u806a\u806a\n|-immune|p2a: \u523a\u523a\u725b\u5b50\u806a\u806a\n|\n|-weather|RainDance|[upkeep]\n|upkeep\n|turn|13\n|\n|t:|1700744372\n|move|p2a: \u523a\u523a\u725b\u5b50\u806a\u806a|Stealth Rock|p1a: Chansey\n|-sidestart|p1: shiwaluo|move: Stealth Rock\n|move|p1a: Chansey|Teleport|p1a: Chansey\n|\n|t:|1700744379\n|switch|p1a: Gliscor|Gliscor, M|17\/100 tox|[from] Teleport\n|-damage|p1a: Gliscor|5\/100 tox|[from] Stealth Rock\n|\n|-weather|RainDance|[upkeep]\n|-heal|p1a: Gliscor|17\/100 tox|[from] ability: Poison Heal\n|upkeep\n|turn|14\n|\n|t:|1700744396\n|move|p1a: Gliscor|Protect|p1a: Gliscor\n|-singleturn|p1a: Gliscor|Protect\n|move|p2a: \u523a\u523a\u725b\u5b50\u806a\u806a|Power Whip|p1a: Gliscor\n|-activate|p1a: Gliscor|move: Protect\n|\n|-weather|RainDance|[upkeep]\n|-heal|p1a: Gliscor|30\/100 tox|[from] ability: Poison Heal\n|upkeep\n|turn|15\n|\n|t:|1700744406\n|move|p1a: Gliscor|Protect||[still]\n|-fail|p1a: Gliscor\n|move|p2a: \u523a\u523a\u725b\u5b50\u806a\u806a|Power Whip|p1a: Gliscor\n|-damage|p1a: Gliscor|7\/100 tox\n|\n|-weather|RainDance|[upkeep]\n|-heal|p1a: Gliscor|19\/100 tox|[from] ability: Poison Heal\n|upkeep\n|turn|16\n|\n|t:|1700744419\n|move|p1a: Gliscor|Earthquake|p2a: \u523a\u523a\u725b\u5b50\u806a\u806a\n|-damage|p2a: \u523a\u523a\u725b\u5b50\u806a\u806a|81\/100\n|move|p2a: \u523a\u523a\u725b\u5b50\u806a\u806a|Leech Seed|p1a: Gliscor\n|-start|p1a: Gliscor|move: Leech Seed\n|\n|-weather|none\n|-damage|p1a: Gliscor|7\/100 tox|[from] Leech Seed|[of] p2a: \u523a\u523a\u725b\u5b50\u806a\u806a\n|-heal|p2a: \u523a\u523a\u725b\u5b50\u806a\u806a|93\/100|[silent]\n|-heal|p1a: Gliscor|19\/100 tox|[from] ability: Poison Heal\n|upkeep\n|turn|17\n|\n|t:|1700744429\n|switch|p1a: Zamazenta|Zamazenta|20\/100\n|-damage|p1a: Zamazenta|13\/100|[from] Stealth Rock\n|move|p2a: \u523a\u523a\u725b\u5b50\u806a\u806a|Gyro Ball|p1a: Zamazenta\n|-damage|p1a: Zamazenta|0 fnt\n|faint|p1a: Zamazenta\n|\n|upkeep\n|\n|t:|1700744431\n|switch|p1a: Chansey|Chansey, F|100\/100\n|-damage|p1a: Chansey|88\/100|[from] Stealth Rock\n|turn|18\n|\n|t:|1700744440\n|move|p1a: Chansey|Soft-Boiled|p1a: Chansey\n|-heal|p1a: Chansey|100\/100\n|move|p2a: \u523a\u523a\u725b\u5b50\u806a\u806a|Leech Seed|p1a: Chansey\n|-start|p1a: Chansey|move: Leech Seed\n|\n|-damage|p1a: Chansey|88\/100|[from] Leech Seed|[of] p2a: \u523a\u523a\u725b\u5b50\u806a\u806a\n|-heal|p2a: \u523a\u523a\u725b\u5b50\u806a\u806a|100\/100|[silent]\n|upkeep\n|turn|19\n|\n|t:|1700744447\n|switch|p1a: Gliscor|Gliscor, M|19\/100 tox\n|-damage|p1a: Gliscor|7\/100 tox|[from] Stealth Rock\n|switch|p2a: \u6c57\u6d41\u6d43\u80ccxty|Pelipper, M|100\/100\n|-weather|RainDance|[from] ability: Drizzle|[of] p2a: \u6c57\u6d41\u6d43\u80ccxty\n|\n|-weather|RainDance|[upkeep]\n|-heal|p1a: Gliscor|19\/100 tox|[from] ability: Poison Heal\n|upkeep\n|turn|20\n|\n|t:|1700744458\n|move|p1a: Gliscor|Toxic|p2a: \u6c57\u6d41\u6d43\u80ccxty\n|-status|p2a: \u6c57\u6d41\u6d43\u80ccxty|tox\n|move|p2a: \u6c57\u6d41\u6d43\u80ccxty|Hurricane|p1a: Gliscor\n|-damage|p1a: Gliscor|0 fnt\n|faint|p1a: Gliscor\n|\n|-weather|RainDance|[upkeep]\n|-damage|p2a: \u6c57\u6d41\u6d43\u80ccxty|94\/100 tox|[from] psn\n|upkeep\n|\n|t:|1700744462\n|switch|p1a: Chansey|Chansey, F|88\/100\n|-damage|p1a: Chansey|75\/100|[from] Stealth Rock\n|turn|21\n|\n|t:|1700744474\n|switch|p2a: \u523a\u523a\u725b\u5b50\u806a\u806a|Ferrothorn, F|100\/100\n|move|p1a: Chansey|Soft-Boiled|p1a: Chansey\n|-heal|p1a: Chansey|100\/100\n|\n|-weather|RainDance|[upkeep]\n|upkeep\n|turn|22\n|-message|shiwaluo forfeited.\n|\n|win|Amber-acid\n|raw|shiwaluo's rating: 1377 &rarr; <strong>1363<\/strong><br \/>(-14 for losing)\n|raw|Amber-acid's rating: 1494 &rarr; <strong>1508<\/strong><br \/>(+14 for winning)\n|l|\u2606shiwaluo\n","uploadtime":1700744554,"views":2,"p1id":"shiwaluo","p2id":"amberacid","formatid":"gen9nationaldex","rating":1363,"private":0,"password":""}