{"id":"gen9nationaldex-1988177862","p1":"AerBlaziken","p2":"geisie","format":"[Gen 9] National Dex","log":"|j|\u2606AerBlaziken\n|j|\u2606geisie\n|t:|1699680118\n|gametype|singles\n|player|p1|AerBlaziken|hexmaniac-gen6|1256\n|player|p2|geisie|swimmerf-gen4dp|1320\n|teamsize|p1|6\n|teamsize|p2|6\n|gen|9\n|tier|[Gen 9] National Dex\n|rated|\n|rule|HP Percentage Mod: HP is shown in percentages\n|rule|Endless Battle Clause: Forcing endless battles is banned\n|rule|OHKO Clause: OHKO moves are banned\n|rule|Evasion Clause: Evasion abilities, items, and moves are banned\n|rule|Evasion Abilities Clause: Evasion abilities are banned\n|rule|Evasion Items Clause: Evasion items are banned\n|rule|Evasion Moves Clause: Evasion moves are banned\n|rule|Species Clause: Limit one of each Pok\u00e9mon\n|rule|Sleep Clause Mod: Limit one foe put to sleep\n|clearpoke\n|poke|p1|Ogerpon-Wellspring, F|\n|poke|p1|Jirachi|\n|poke|p1|Cinderace, M|\n|poke|p1|Banette, M|\n|poke|p1|Thundurus-Therian, M|\n|poke|p1|Ninetales-Alola, F|\n|poke|p2|Pelipper, F|\n|poke|p2|Barraskewda, M|\n|poke|p2|Tapu Lele|\n|poke|p2|Swampert, F|\n|poke|p2|Moltres|\n|poke|p2|Urshifu-*, M|\n|teampreview\n|\n|t:|1699680133\n|start\n|switch|p1a: zeus\u2026ZEUS!|Thundurus-Therian, M, shiny|100\/100\n|switch|p2a: Tapu Lele|Tapu Lele|100\/100\n|-fieldstart|move: Psychic Terrain|[from] ability: Psychic Surge|[of] p2a: Tapu Lele\n|turn|1\n|\n|t:|1699680141\n|move|p1a: zeus\u2026ZEUS!|Thunderbolt|p2a: Tapu Lele\n|-damage|p2a: Tapu Lele|34\/100\n|-status|p2a: Tapu Lele|par\n|move|p2a: Tapu Lele|Psychic|p1a: zeus\u2026ZEUS!\n|-crit|p1a: zeus\u2026ZEUS!\n|-damage|p1a: zeus\u2026ZEUS!|0 fnt\n|faint|p1a: zeus\u2026ZEUS!\n|\n|upkeep\n|inactive|Battle timer is ON: inactive players will automatically lose when time's up. (requested by geisie)\n|\n|t:|1699680165\n|switch|p1a: Naboo|Ogerpon-Wellspring, F|100\/100\n|turn|2\n|\n|t:|1699680171\n|switch|p2a: Pelipper|Pelipper, F|100\/100\n|-weather|RainDance|[from] ability: Drizzle|[of] p2a: Pelipper\n|move|p1a: Naboo|Trailblaze|p2a: Pelipper\n|-damage|p2a: Pelipper|78\/100\n|-boost|p1a: Naboo|spe|1\n|\n|-weather|RainDance|[upkeep]\n|upkeep\n|turn|3\n|\n|t:|1699680180\n|switch|p1a: Kiriko|Ninetales-Alola, F, shiny|100\/100\n|-weather|Snow|[from] ability: Snow Warning|[of] p1a: Kiriko\n|move|p2a: Pelipper|U-turn|p1a: Kiriko\n|-resisted|p1a: Kiriko\n|-damage|p1a: Kiriko|96\/100\n|\n|t:|1699680190\n|switch|p2a: Moltres|Moltres|100\/100|[from] U-turn\n|\n|-weather|Snow|[upkeep]\n|upkeep\n|turn|4\n|\n|t:|1699680196\n|switch|p2a: Pelipper|Pelipper, F|78\/100\n|-weather|RainDance|[from] ability: Drizzle|[of] p2a: Pelipper\n|move|p1a: Kiriko|Freeze-Dry|p2a: Pelipper\n|-supereffective|p2a: Pelipper\n|-damage|p2a: Pelipper|0 fnt\n|faint|p2a: Pelipper\n|\n|-weather|RainDance|[upkeep]\n|upkeep\n|\n|t:|1699680202\n|switch|p2a: Urshifu|Urshifu-Rapid-Strike, M|100\/100\n|turn|5\n|\n|t:|1699680211\n|-terastallize|p2a: Urshifu|Water\n|move|p2a: Urshifu|Surging Strikes|p1a: Kiriko\n|-crit|p1a: Kiriko\n|-damage|p1a: Kiriko|41\/100\n|-crit|p1a: Kiriko\n|-damage|p1a: Kiriko|0 fnt\n|faint|p1a: Kiriko\n|-hitcount|p1: Kiriko|2\n|\n|-weather|RainDance|[upkeep]\n|-fieldend|move: Psychic Terrain\n|upkeep\n|\n|t:|1699680223\n|switch|p1a: Naboo|Ogerpon-Wellspring, F|100\/100\n|turn|6\n|\n|t:|1699680250\n|switch|p2a: Moltres|Moltres|100\/100\n|move|p1a: Naboo|Swords Dance|p1a: Naboo\n|-boost|p1a: Naboo|atk|2\n|\n|-weather|RainDance|[upkeep]\n|upkeep\n|turn|7\n|\n|t:|1699680255\n|move|p1a: Naboo|Ivy Cudgel|p2a: Moltres\n|-supereffective|p2a: Moltres\n|-damage|p2a: Moltres|0 fnt\n|faint|p2a: Moltres\n|\n|-weather|RainDance|[upkeep]\n|upkeep\n|\n|t:|1699680262\n|switch|p2a: Barraskewda|Barraskewda, M, shiny|100\/100\n|turn|8\n|\n|t:|1699680275\n|-terastallize|p1a: Naboo|Water\n|detailschange|p1a: Naboo|Ogerpon-Wellspring-Tera, F, tera:Water\n|-ability|p1a: Naboo|Embody Aspect (Wellspring)|boost\n|-boost|p1a: Naboo|spd|1\n|move|p2a: Barraskewda|Close Combat|p1a: Naboo\n|-damage|p1a: Naboo|11\/100\n|-unboost|p2a: Barraskewda|def|1\n|-unboost|p2a: Barraskewda|spd|1\n|move|p1a: Naboo|Trailblaze|p2a: Barraskewda\n|-supereffective|p2a: Barraskewda\n|-damage|p2a: Barraskewda|0 fnt\n|-boost|p1a: Naboo|spe|1\n|faint|p2a: Barraskewda\n|\n|-weather|RainDance|[upkeep]\n|upkeep\n|\n|t:|1699680283\n|switch|p2a: Swampert|Swampert, F|100\/100\n|turn|9\n|\n|t:|1699680293\n|detailschange|p2a: Swampert|Swampert-Mega, F\n|-mega|p2a: Swampert|Swampert|Swampertite\n|move|p1a: Naboo|Trailblaze|p2a: Swampert\n|-supereffective|p2a: Swampert\n|-crit|p2a: Swampert\n|-damage|p2a: Swampert|0 fnt\n|-boost|p1a: Naboo|spe|1\n|faint|p2a: Swampert\n|\n|-weather|RainDance|[upkeep]\n|upkeep\n|\n|t:|1699680297\n|switch|p2a: Urshifu|Urshifu-Rapid-Strike, M, tera:Water|100\/100\n|turn|10\n|\n|t:|1699680306\n|move|p1a: Naboo|Trailblaze|p2a: Urshifu\n|-supereffective|p2a: Urshifu\n|-damage|p2a: Urshifu|0 fnt\n|-boost|p1a: Naboo|spe|1\n|faint|p2a: Urshifu\n|\n|-weather|RainDance|[upkeep]\n|upkeep\n|-message|geisie forfeited.\n|\n|win|AerBlaziken\n|raw|AerBlaziken's rating: 1256 &rarr; <strong>1286<\/strong><br \/>(+30 for winning)\n|raw|geisie's rating: 1320 &rarr; <strong>1296<\/strong><br \/>(-24 for losing)\n|l|\u2606geisie\n","uploadtime":1699680316,"views":5,"p1id":"aerblaziken","p2id":"geisie","formatid":"gen9nationaldex","rating":1286,"private":0,"password":""}