{"id":"gen9nationaldex-1993284819","p1":"IceBerryCoffee","p2":"HumanPersonThing","format":"[Gen 9] National Dex","log":"|j|\u2606IceBerryCoffee\n|j|\u2606HumanPersonThing\n|t:|1700290255\n|gametype|singles\n|player|p1|IceBerryCoffee|170|1315\n|player|p2|HumanPersonThing|ninjaboy|1304\n|teamsize|p1|6\n|teamsize|p2|6\n|gen|9\n|tier|[Gen 9] National Dex\n|rated|\n|rule|HP Percentage Mod: HP is shown in percentages\n|rule|Endless Battle Clause: Forcing endless battles is banned\n|rule|OHKO Clause: OHKO moves are banned\n|rule|Evasion Clause: Evasion abilities, items, and moves are banned\n|rule|Evasion Abilities Clause: Evasion abilities are banned\n|rule|Evasion Items Clause: Evasion items are banned\n|rule|Evasion Moves Clause: Evasion moves are banned\n|rule|Species Clause: Limit one of each Pok\u00e9mon\n|rule|Sleep Clause Mod: Limit one foe put to sleep\n|clearpoke\n|poke|p1|Torkoal, M|\n|poke|p1|Sylveon, M|\n|poke|p1|Drifblim, M|\n|poke|p1|Boltund, F|\n|poke|p1|Buzzwole|\n|poke|p1|Chandelure, F|\n|poke|p2|Armarouge, M|\n|poke|p2|Azumarill, F|\n|poke|p2|Mawile, M|\n|poke|p2|Galvantula, F|\n|poke|p2|Lilligant-Hisui, F|\n|poke|p2|Aegislash, F|\n|teampreview\n|inactive|Battle timer is ON: inactive players will automatically lose when time's up. (requested by HumanPersonThing)\n|\n|t:|1700290262\n|start\n|switch|p1a: Torkoal|Torkoal, M|100\/100\n|switch|p2a: I can\u2019t see|Lilligant-Hisui, F|100\/100\n|-weather|SunnyDay|[from] ability: Drought|[of] p1a: Torkoal\n|turn|1\n|\n|t:|1700290271\n|move|p2a: I can\u2019t see|Close Combat|p1a: Torkoal\n|-damage|p1a: Torkoal|59\/100\n|-unboost|p2a: I can\u2019t see|def|1\n|-unboost|p2a: I can\u2019t see|spd|1\n|move|p1a: Torkoal|Shell Smash|p1a: Torkoal\n|-unboost|p1a: Torkoal|def|1\n|-unboost|p1a: Torkoal|spd|1\n|-boost|p1a: Torkoal|atk|2\n|-boost|p1a: Torkoal|spa|2\n|-boost|p1a: Torkoal|spe|2\n|-enditem|p1a: Torkoal|Eject Pack\n|\n|t:|1700290280\n|switch|p1a: Sylveon|Sylveon, M|100\/100\n|\n|-weather|SunnyDay|[upkeep]\n|upkeep\n|turn|2\n|\n|t:|1700290286\n|move|p2a: I can\u2019t see|Leaf Blade|p1a: Sylveon\n|-crit|p1a: Sylveon\n|-damage|p1a: Sylveon|20\/100\n|move|p1a: Sylveon|Copycat|p1a: Sylveon\n|move|p1a: Sylveon|Leaf Blade|p2a: I can\u2019t see|[from]move: Copycat\n|-resisted|p2a: I can\u2019t see\n|-damage|p2a: I can\u2019t see|81\/100\n|-damage|p1a: Sylveon|10\/100|[from] item: Life Orb\n|\n|-weather|SunnyDay|[upkeep]\n|upkeep\n|turn|3\n|\n|t:|1700290297\n|move|p2a: I can\u2019t see|Leaf Blade|p1a: Sylveon\n|-crit|p1a: Sylveon\n|-damage|p1a: Sylveon|0 fnt\n|faint|p1a: Sylveon\n|\n|-weather|SunnyDay|[upkeep]\n|upkeep\n|\n|t:|1700290302\n|switch|p1a: Chandelure|Chandelure, F|100\/100\n|turn|4\n|\n|t:|1700290310\n|move|p2a: I can\u2019t see|Victory Dance|p2a: I can\u2019t see\n|-boost|p2a: I can\u2019t see|atk|1\n|-boost|p2a: I can\u2019t see|def|1\n|-boost|p2a: I can\u2019t see|spe|1\n|move|p1a: Chandelure|Flamethrower|p2a: I can\u2019t see\n|-supereffective|p2a: I can\u2019t see\n|-damage|p2a: I can\u2019t see|0 fnt\n|faint|p2a: I can\u2019t see\n|\n|-weather|SunnyDay|[upkeep]\n|upkeep\n|\n|t:|1700290314\n|switch|p2a: Aegislash|Aegislash, F|100\/100\n|turn|5\n|\n|t:|1700290323\n|move|p2a: Aegislash|King's Shield|p2a: Aegislash\n|-singleturn|p2a: Aegislash|Protect\n|move|p1a: Chandelure|Flamethrower|p2a: Aegislash\n|-activate|p2a: Aegislash|move: Protect\n|\n|-weather|none\n|upkeep\n|turn|6\n|\n|t:|1700290333\n|switch|p2a: Gun|Armarouge, M|100\/100\n|move|p1a: Chandelure|Flamethrower|p2a: Gun\n|-start|p2a: Gun|ability: Flash Fire\n|\n|upkeep\n|turn|7\n|\n|t:|1700290345\n|switch|p1a: Drifblim|Drifblim, M|100\/100\n|move|p2a: Gun|Psychic|p1a: Drifblim\n|-damage|p1a: Drifblim|46\/100\n|\n|upkeep\n|turn|8\n|\n|t:|1700290351\n|move|p1a: Drifblim|Strength Sap|p2a: Gun\n|-unboost|p2a: Gun|atk|1\n|-heal|p1a: Drifblim|68\/100\n|move|p2a: Gun|Psychic|p1a: Drifblim\n|-damage|p1a: Drifblim|13\/100\n|\n|upkeep\n|turn|9\n|\n|t:|1700290360\n|move|p1a: Drifblim|Hex|p2a: Gun\n|-supereffective|p2a: Gun\n|-damage|p2a: Gun|52\/100\n|move|p2a: Gun|Armor Cannon|p1a: Drifblim\n|-damage|p1a: Drifblim|0 fnt\n|-unboost|p2a: Gun|def|1\n|-unboost|p2a: Gun|spd|1\n|faint|p1a: Drifblim\n|\n|upkeep\n|\n|t:|1700290381\n|switch|p1a: Buzzwole|Buzzwole|100\/100\n|turn|10\n|\n|t:|1700290385\n|move|p1a: Buzzwole|Earthquake|p2a: Gun\n|-supereffective|p2a: Gun\n|-damage|p2a: Gun|0 fnt\n|faint|p2a: Gun\n|-ability|p1a: Buzzwole|Beast Boost|boost\n|-boost|p1a: Buzzwole|atk|1\n|\n|upkeep\n|\n|t:|1700290389\n|switch|p2a: Galvantula|Galvantula, F|100\/100\n|turn|11\n|\n|t:|1700290397\n|move|p1a: Buzzwole|Earthquake|p2a: Galvantula\n|-enditem|p2a: Galvantula|Focus Sash\n|-damage|p2a: Galvantula|1\/100\n|move|p2a: Galvantula|Thunder Wave|p1a: Buzzwole\n|-status|p1a: Buzzwole|par\n|\n|upkeep\n|turn|12\n|\n|t:|1700290403\n|move|p2a: Galvantula|Thunder|p1a: Buzzwole\n|-damage|p1a: Buzzwole|32\/100 par\n|move|p1a: Buzzwole|Earthquake|p2a: Galvantula\n|-damage|p2a: Galvantula|0 fnt\n|faint|p2a: Galvantula\n|-ability|p1a: Buzzwole|Beast Boost|boost\n|-boost|p1a: Buzzwole|atk|1\n|\n|upkeep\n|\n|t:|1700290423\n|switch|p2a: Aegislash|Aegislash, F|100\/100\n|turn|13\n|\n|t:|1700290427\n|move|p1a: Buzzwole|Earthquake|p2a: Aegislash\n|-supereffective|p2a: Aegislash\n|-damage|p2a: Aegislash|0 fnt\n|faint|p2a: Aegislash\n|-ability|p1a: Buzzwole|Beast Boost|boost\n|-boost|p1a: Buzzwole|atk|1\n|\n|upkeep\n|\n|t:|1700290430\n|switch|p2a: Azumarill|Azumarill, F, shiny|100\/100\n|turn|14\n|\n|t:|1700290433\n|move|p2a: Azumarill|Aqua Jet|p1a: Buzzwole\n|-damage|p1a: Buzzwole|13\/100 par\n|move|p1a: Buzzwole|Earthquake|p2a: Azumarill\n|-damage|p2a: Azumarill|1\/100\n|-enditem|p2a: Azumarill|Sitrus Berry|[eat]\n|-heal|p2a: Azumarill|26\/100|[from] item: Sitrus Berry\n|\n|upkeep\n|turn|15\n|\n|t:|1700290441\n|move|p2a: Azumarill|Aqua Jet|p1a: Buzzwole\n|-damage|p1a: Buzzwole|0 fnt\n|faint|p1a: Buzzwole\n|\n|upkeep\n|\n|t:|1700290447\n|switch|p1a: Torkoal|Torkoal, M|59\/100\n|-weather|SunnyDay|[from] ability: Drought|[of] p1a: Torkoal\n|turn|16\n|\n|t:|1700290451\n|move|p2a: Azumarill|Liquidation|p1a: Torkoal\n|-supereffective|p1a: Torkoal\n|-damage|p1a: Torkoal|22\/100\n|-unboost|p1a: Torkoal|def|1\n|move|p1a: Torkoal|Explosion|p2a: Azumarill\n|-damage|p2a: Azumarill|0 fnt\n|faint|p1a: Torkoal\n|faint|p2a: Azumarill\n|\n|-weather|SunnyDay|[upkeep]\n|upkeep\n|\n|t:|1700290466\n|switch|p2a: Mawile|Mawile, M, shiny|100\/100\n|switch|p1a: Chandelure|Chandelure, F|100\/100\n|turn|17\n|\n|t:|1700290474\n|detailschange|p2a: Mawile|Mawile-Mega, M, shiny\n|-mega|p2a: Mawile|Mawile|Mawilite\n|-terastallize|p1a: Chandelure|Grass\n|move|p2a: Mawile|Sucker Punch|p1a: Chandelure\n|-damage|p1a: Chandelure|32\/100\n|move|p1a: Chandelure|Flamethrower|p2a: Mawile\n|-supereffective|p2a: Mawile\n|-damage|p2a: Mawile|0 fnt\n|faint|p2a: Mawile\n|\n|win|IceBerryCoffee\n|raw|IceBerryCoffee's rating: 1315 &rarr; <strong>1334<\/strong><br \/>(+19 for winning)\n|raw|HumanPersonThing's rating: 1304 &rarr; <strong>1285<\/strong><br \/>(-19 for losing)\n|l|\u2606HumanPersonThing\n","uploadtime":1700290485,"views":6,"p1id":"iceberrycoffee","p2id":"humanpersonthing","formatid":"gen9nationaldex","rating":1285,"private":0,"password":""}