{"id":"gen9nationaldex-1990073159","p1":"KillerZodiac03","p2":"matu 1402","format":"[Gen 9] National Dex","log":"|j|\u2606KillerZodiac03\n|j|\u2606matu 1402\n|t:|1699921641\n|gametype|singles\n|player|p1|KillerZodiac03|ghetsis-gen5bw|\n|player|p2|matu 1402|cheren-gen5bw2|\n|teamsize|p1|6\n|teamsize|p2|6\n|gen|9\n|tier|[Gen 9] National Dex\n|rule|HP Percentage Mod: HP is shown in percentages\n|rule|Endless Battle Clause: Forcing endless battles is banned\n|rule|OHKO Clause: OHKO moves are banned\n|rule|Evasion Clause: Evasion abilities, items, and moves are banned\n|rule|Evasion Abilities Clause: Evasion abilities are banned\n|rule|Evasion Items Clause: Evasion items are banned\n|rule|Evasion Moves Clause: Evasion moves are banned\n|rule|Species Clause: Limit one of each Pok\u00e9mon\n|rule|Sleep Clause Mod: Limit one foe put to sleep\n|clearpoke\n|poke|p1|Metagross|\n|poke|p1|Garganacl, M|\n|poke|p1|Urshifu-*, M|\n|poke|p1|Kartana|\n|poke|p1|Grimmsnarl, M|\n|poke|p1|Serperior, M|\n|poke|p2|Blacephalon|\n|poke|p2|Polteageist|\n|poke|p2|Jellicent, M|\n|poke|p2|Great Tusk|\n|poke|p2|Mimikyu, F|\n|poke|p2|Corsola-Galar, F|\n|teampreview\n|inactive|Battle timer is ON: inactive players will automatically lose when time's up. (requested by matu 1402)\n|c|\u2606matu 1402|Ahora si\n|\n|t:|1699921669\n|start\n|switch|p1a: Grimmsnarl|Grimmsnarl, M|100\/100\n|switch|p2a: Mimikyu|Mimikyu, F, shiny|100\/100\n|turn|1\n|\n|t:|1699921675\n|move|p1a: Grimmsnarl|Thunder Wave|p2a: Mimikyu|[miss]\n|-miss|p1a: Grimmsnarl|p2a: Mimikyu\n|move|p2a: Mimikyu|Swords Dance|p2a: Mimikyu\n|-boost|p2a: Mimikyu|atk|2\n|\n|upkeep\n|turn|2\n|\n|t:|1699921691\n|move|p1a: Grimmsnarl|Thunder Wave|p2a: Mimikyu\n|-status|p2a: Mimikyu|par\n|-zpower|p2a: Mimikyu\n|move|p2a: Mimikyu|Let's Snuggle Forever|p1a: Grimmsnarl|[zeffect]\n|-supereffective|p1a: Grimmsnarl\n|-damage|p1a: Grimmsnarl|0 fnt\n|faint|p1a: Grimmsnarl\n|\n|upkeep\n|\n|t:|1699921702\n|switch|p1a: Garganacl|Garganacl, M, shiny|100\/100\n|turn|3\n|\n|t:|1699921706\n|cant|p2a: Mimikyu|par\n|move|p1a: Garganacl|Iron Defense|p1a: Garganacl\n|-boost|p1a: Garganacl|def|2\n|\n|upkeep\n|turn|4\n|\n|t:|1699921712\n|cant|p2a: Mimikyu|par\n|move|p1a: Garganacl|Salt Cure|p2a: Mimikyu\n|-activate|p2a: Mimikyu|ability: Disguise\n|-damage|p2a: Mimikyu|100\/100 par\n|-start|p2a: Mimikyu|Salt Cure\n|detailschange|p2a: Mimikyu|Mimikyu-Busted, F, shiny\n|-damage|p2a: Mimikyu|88\/100 par|[from] pokemon: Mimikyu-Busted\n|\n|-damage|p2a: Mimikyu|76\/100 par|[from] Salt Cure\n|upkeep\n|turn|5\n|\n|t:|1699921722\n|move|p2a: Mimikyu|Swords Dance|p2a: Mimikyu\n|-boost|p2a: Mimikyu|atk|2\n|move|p1a: Garganacl|Iron Defense|p1a: Garganacl\n|-boost|p1a: Garganacl|def|2\n|\n|-damage|p2a: Mimikyu|63\/100 par|[from] Salt Cure\n|upkeep\n|turn|6\n|\n|t:|1699921731\n|move|p2a: Mimikyu|Trailblaze|p1a: Garganacl\n|-supereffective|p1a: Garganacl\n|-crit|p1a: Garganacl\n|-damage|p1a: Garganacl|22\/100\n|-boost|p2a: Mimikyu|spe|1\n|move|p1a: Garganacl|Iron Defense|p1a: Garganacl\n|-boost|p1a: Garganacl|def|2\n|\n|-heal|p1a: Garganacl|28\/100|[from] item: Leftovers\n|-damage|p2a: Mimikyu|51\/100 par|[from] Salt Cure\n|upkeep\n|turn|7\n|\n|t:|1699921743\n|move|p2a: Mimikyu|Play Rough|p1a: Garganacl\n|-damage|p1a: Garganacl|10\/100\n|move|p1a: Garganacl|Recover|p1a: Garganacl\n|-heal|p1a: Garganacl|60\/100\n|\n|-heal|p1a: Garganacl|66\/100|[from] item: Leftovers\n|-damage|p2a: Mimikyu|39\/100 par|[from] Salt Cure\n|upkeep\n|turn|8\n|\n|t:|1699921751\n|move|p2a: Mimikyu|Swords Dance|p2a: Mimikyu\n|-boost|p2a: Mimikyu|atk|2\n|move|p1a: Garganacl|Recover|p1a: Garganacl\n|-heal|p1a: Garganacl|100\/100\n|\n|-damage|p2a: Mimikyu|26\/100 par|[from] Salt Cure\n|upkeep\n|turn|9\n|\n|t:|1699921762\n|move|p2a: Mimikyu|Trailblaze|p1a: Garganacl\n|-supereffective|p1a: Garganacl\n|-damage|p1a: Garganacl|81\/100\n|-boost|p2a: Mimikyu|spe|1\n|move|p1a: Garganacl|Salt Cure|p2a: Mimikyu\n|-damage|p2a: Mimikyu|2\/100 par\n|\n|-heal|p1a: Garganacl|87\/100|[from] item: Leftovers\n|-damage|p2a: Mimikyu|0 fnt|[from] Salt Cure\n|faint|p2a: Mimikyu\n|upkeep\n|\n|t:|1699921772\n|switch|p2a: Polteageist|Polteageist|100\/100\n|turn|10\n|\n|t:|1699921776\n|move|p2a: Polteageist|Shell Smash|p2a: Polteageist\n|-unboost|p2a: Polteageist|def|1\n|-unboost|p2a: Polteageist|spd|1\n|-boost|p2a: Polteageist|atk|2\n|-boost|p2a: Polteageist|spa|2\n|-boost|p2a: Polteageist|spe|2\n|move|p1a: Garganacl|Salt Cure|p2a: Polteageist\n|-damage|p2a: Polteageist|60\/100\n|-start|p2a: Polteageist|Salt Cure\n|-ability|p2a: Polteageist|Weak Armor|boost\n|-unboost|p2a: Polteageist|def|1\n|-boost|p2a: Polteageist|spe|2\n|\n|-heal|p1a: Garganacl|93\/100|[from] item: Leftovers\n|-damage|p2a: Polteageist|48\/100|[from] Salt Cure\n|upkeep\n|turn|11\n|\n|t:|1699921789\n|-terastallize|p2a: Polteageist|Psychic\n|move|p2a: Polteageist|Stored Power|p1a: Garganacl\n|-damage|p1a: Garganacl|0 fnt\n|faint|p1a: Garganacl\n|\n|-damage|p2a: Polteageist|35\/100|[from] Salt Cure\n|upkeep\n|inactive|KillerZodiac03 has 270 seconds left.\n|\n|t:|1699921833\n|switch|p1a: Metagross|Metagross, shiny|100\/100\n|turn|12\n|\n|t:|1699921840\n|-terastallize|p1a: Metagross|Steel\n|move|p2a: Polteageist|Strength Sap|p1a: Metagross\n|-fail|p1a: Metagross|unboost|[from] ability: Clear Body|[of] p1a: Metagross\n|-heal|p2a: Polteageist|100\/100\n|move|p1a: Metagross|Meteor Mash|p2a: Polteageist\n|-enditem|p2a: Polteageist|Focus Sash\n|-damage|p2a: Polteageist|1\/100\n|-ability|p2a: Polteageist|Weak Armor|boost\n|-unboost|p2a: Polteageist|def|1\n|-boost|p2a: Polteageist|spe|2\n|\n|-damage|p2a: Polteageist|0 fnt|[from] Salt Cure\n|faint|p2a: Polteageist\n|upkeep\n|\n|t:|1699921854\n|switch|p2a: Dil2 de Pep|Corsola-Galar, F|100\/100\n|turn|13\n|\n|t:|1699921860\n|move|p1a: Metagross|Zen Headbutt|p2a: Dil2 de Pep\n|-crit|p2a: Dil2 de Pep\n|-damage|p2a: Dil2 de Pep|67\/100\n|move|p2a: Dil2 de Pep|Stealth Rock|p1a: Metagross\n|-sidestart|p1: KillerZodiac03|move: Stealth Rock\n|\n|upkeep\n|turn|14\n|\n|t:|1699921867\n|move|p1a: Metagross|Rock Polish|p1a: Metagross\n|-boost|p1a: Metagross|spe|2\n|move|p2a: Dil2 de Pep|Will-O-Wisp|p1a: Metagross\n|-status|p1a: Metagross|brn\n|\n|-damage|p1a: Metagross|95\/100 brn|[from] brn\n|upkeep\n|turn|15\n|\n|t:|1699921876\n|switch|p1a: Serperior|Serperior, M|100\/100\n|-damage|p1a: Serperior|88\/100|[from] Stealth Rock\n|move|p2a: Dil2 de Pep|Strength Sap|p1a: Serperior\n|-boost|p1a: Serperior|atk|1\n|-heal|p2a: Dil2 de Pep|100\/100\n|\n|upkeep\n|turn|16\n|\n|t:|1699921885\n|switch|p2a: Blacephalon|Blacephalon|100\/100\n|move|p1a: Serperior|Leaf Storm|p2a: Blacephalon|[miss]\n|-miss|p1a: Serperior|p2a: Blacephalon\n|\n|upkeep\n|turn|17\n|\n|t:|1699921892\n|switch|p1a: Metagross|Metagross, shiny, tera:Steel|95\/100 brn\n|-damage|p1a: Metagross|89\/100 brn|[from] Stealth Rock\n|move|p2a: Blacephalon|Flamethrower|p1a: Metagross\n|-supereffective|p1a: Metagross\n|-damage|p1a: Metagross|0 fnt\n|faint|p1a: Metagross\n|-ability|p2a: Blacephalon|Beast Boost|boost\n|-boost|p2a: Blacephalon|spa|1\n|\n|upkeep\n|\n|t:|1699921902\n|switch|p1a: Urshifu|Urshifu-Rapid-Strike, M|100\/100\n|-damage|p1a: Urshifu|94\/100|[from] Stealth Rock\n|turn|18\n|\n|t:|1699921907\n|switch|p2a: Dil2 de Pep|Corsola-Galar, F|100\/100\n|move|p1a: Urshifu|Thunder Punch|p2a: Dil2 de Pep\n|-damage|p2a: Dil2 de Pep|88\/100\n|\n|upkeep\n|turn|19\n|\n|t:|1699921917\n|switch|p1a: Serperior|Serperior, M|88\/100\n|-damage|p1a: Serperior|76\/100|[from] Stealth Rock\n|move|p2a: Dil2 de Pep|Night Shade|p1a: Serperior\n|-damage|p1a: Serperior|41\/100\n|\n|upkeep\n|turn|20\n|\n|t:|1699921925\n|move|p1a: Serperior|Leaf Storm|p2a: Dil2 de Pep\n|-damage|p2a: Dil2 de Pep|42\/100\n|-boost|p1a: Serperior|spa|2\n|-start|p1a: Serperior|Disable|Leaf Storm|[from] ability: Cursed Body|[of] p2a: Dil2 de Pep\n|-damage|p1a: Serperior|31\/100|[from] item: Life Orb\n|move|p2a: Dil2 de Pep|Night Shade|p1a: Serperior\n|-damage|p1a: Serperior|0 fnt\n|faint|p1a: Serperior\n|\n|upkeep\n|\n|t:|1699921938\n|switch|p1a: Urshifu|Urshifu-Rapid-Strike, M|94\/100\n|-damage|p1a: Urshifu|88\/100|[from] Stealth Rock\n|turn|21\n|j| Arlo Ghost\n|\n|t:|1699921960\n|move|p1a: Urshifu|Surging Strikes|p2a: Dil2 de Pep\n|-crit|p2a: Dil2 de Pep\n|-damage|p2a: Dil2 de Pep|31\/100\n|-crit|p2a: Dil2 de Pep\n|-damage|p2a: Dil2 de Pep|20\/100\n|-crit|p2a: Dil2 de Pep\n|-damage|p2a: Dil2 de Pep|11\/100\n|-hitcount|p2a: Dil2 de Pep|3\n|move|p2a: Dil2 de Pep|Strength Sap|p1a: Urshifu\n|-unboost|p1a: Urshifu|atk|1\n|-heal|p2a: Dil2 de Pep|100\/100\n|\n|upkeep\n|turn|22\n|\n|t:|1699921981\n|switch|p1a: Kartana|Kartana|100\/100\n|-damage|p1a: Kartana|94\/100|[from] Stealth Rock\n|move|p2a: Dil2 de Pep|Will-O-Wisp|p1a: Kartana\n|-status|p1a: Kartana|brn\n|\n|-damage|p1a: Kartana|88\/100 brn|[from] brn\n|upkeep\n|turn|23\n|c| Arlo Ghost|entro y lo primero que veo\n|c| Arlo Ghost|es como humillan a un urshifu\n|c| Arlo Ghost|valio la pena despertarme\n|inactive|KillerZodiac03 has 270 seconds left.\n|c|\u2606matu 1402|Xd\n|\n|t:|1699922003\n|switch|p2a: Blacephalon|Blacephalon|100\/100\n|move|p1a: Kartana|Leaf Blade|p2a: Blacephalon\n|-resisted|p2a: Blacephalon\n|-crit|p2a: Blacephalon\n|-damage|p2a: Blacephalon|19\/100\n|\n|-damage|p1a: Kartana|82\/100 brn|[from] brn\n|upkeep\n|turn|24\n|inactive|KillerZodiac03 has 270 seconds left.\n|\n|t:|1699922011\n|move|p2a: Blacephalon|Flamethrower|p1a: Kartana\n|-supereffective|p1a: Kartana\n|-damage|p1a: Kartana|0 fnt\n|faint|p1a: Kartana\n|-ability|p2a: Blacephalon|Beast Boost|boost\n|-boost|p2a: Blacephalon|spa|1\n|\n|upkeep\n|inactive|KillerZodiac03 has 270 seconds left.\n|\n|t:|1699922018\n|switch|p1a: Urshifu|Urshifu-Rapid-Strike, M|88\/100\n|-damage|p1a: Urshifu|82\/100|[from] Stealth Rock\n|turn|25\n|c| Arlo Ghost|oye matu\n|\n|t:|1699922024\n|switch|p2a: Jellicent|Jellicent, M, shiny|100\/100\n|move|p1a: Urshifu|Surging Strikes|p2a: Jellicent\n|-immune|p2a: Jellicent|[from] ability: Water Absorb\n|\n|upkeep\n|turn|26\n|c| Arlo Ghost|sab\u00edas que puedes hacer que blacephalon se bostee la velocidad?\n|c|\u2606KillerZodiac03|gg\n|c|\u2606matu 1402|Si E\n|c|\u2606matu 1402|Pero no me gusta\n|inactive|KillerZodiac03 has 270 seconds left.\n|c| Arlo Ghost|yaveo yaveo\n|c|\u2606KillerZodiac03|no puedo harce nada\n|\n|t:|1699922053\n|move|p1a: Urshifu|Surging Strikes|p2a: Jellicent\n|-immune|p2a: Jellicent|[from] ability: Water Absorb\n|move|p2a: Jellicent|Toxic|p1a: Urshifu\n|-status|p1a: Urshifu|tox\n|\n|-damage|p1a: Urshifu|76\/100 tox|[from] psn\n|upkeep\n|turn|27\n|inactive|KillerZodiac03 has 270 seconds left.\n|c|\u2606matu 1402|Retirate entonces\n|-message|KillerZodiac03 forfeited.\n|\n|win|matu 1402\n|l|\u2606KillerZodiac03\n|c|\u2606matu 1402|Buen combate\n|l| Arlo Ghost\n","uploadtime":1699922076,"views":9,"p1id":"killerzodiac03","p2id":"matu1402","formatid":"gen9nationaldex","rating":0,"private":0,"password":""}