{"id":"gen9nationaldex-1996821657","p1":"biezouhaoma","p2":"GAGA233","format":"[Gen 9] National Dex","log":"|html|<div class=\"broadcast-blue\"><strong>[Gen 9] National Dex is currently suspecting Sneasler! For information on how to participate check out the <a href=\"https:\/\/www.smogon.com\/forums\/threads\/sv-national-dex-suspect-8-just-dance.3731534\/\">suspect thread<\/a>.<\/strong><\/div>\n|j|\u203dbiezouhaoma\n|j|\u2606GAGA233\n|t:|1700730859\n|gametype|singles\n|player|p1|biezouhaoma|bugcatcher-gen4dp|1687\n|player|p2|GAGA233|170|1648\n|teamsize|p1|6\n|teamsize|p2|6\n|gen|9\n|tier|[Gen 9] National Dex\n|rated|\n|rule|HP Percentage Mod: HP is shown in percentages\n|rule|Endless Battle Clause: Forcing endless battles is banned\n|rule|OHKO Clause: OHKO moves are banned\n|rule|Evasion Clause: Evasion abilities, items, and moves are banned\n|rule|Evasion Abilities Clause: Evasion abilities are banned\n|rule|Evasion Items Clause: Evasion items are banned\n|rule|Evasion Moves Clause: Evasion moves are banned\n|rule|Species Clause: Limit one of each Pok\u00e9mon\n|rule|Sleep Clause Mod: Limit one foe put to sleep\n|clearpoke\n|poke|p1|Pelipper, F|\n|poke|p1|Barraskewda, M|\n|poke|p1|Garganacl, M|\n|poke|p1|Scizor, F|\n|poke|p1|Volcanion|\n|poke|p1|Iron Treads|\n|poke|p2|Ogerpon, F|\n|poke|p2|Corviknight, F|\n|poke|p2|Clodsire, F|\n|poke|p2|Tyranitar, M|\n|poke|p2|Tapu Fini|\n|poke|p2|Banette, M|\n|teampreview\n|inactive|Battle timer is ON: inactive players will automatically lose when time's up. (requested by biezouhaoma)\n|\n|t:|1700730871\n|start\n|switch|p1a: Iron Treads|Iron Treads|100\/100\n|switch|p2a: Clodsire|Clodsire, F|100\/100\n|turn|1\n|\n|t:|1700730877\n|switch|p2a: Corviknight|Corviknight, F|100\/100\n|-ability|p2a: Corviknight|Pressure\n|move|p1a: Iron Treads|Stealth Rock|p2a: Corviknight\n|-sidestart|p2: GAGA233|move: Stealth Rock\n|\n|upkeep\n|turn|2\n|\n|t:|1700730880\n|-end|p1a: Iron Treads|Quark Drive|[silent]\n|switch|p1a: Pelipper|Pelipper, F|100\/100\n|-weather|RainDance|[from] ability: Drizzle|[of] p1a: Pelipper\n|move|p2a: Corviknight|Body Press|p1a: Pelipper\n|-resisted|p1a: Pelipper\n|-damage|p1a: Pelipper|90\/100\n|\n|-weather|RainDance|[upkeep]\n|upkeep\n|turn|3\n|\n|t:|1700730884\n|switch|p2a: Clodsire|Clodsire, F|100\/100\n|-damage|p2a: Clodsire|94\/100|[from] Stealth Rock\n|move|p1a: Pelipper|U-turn|p2a: Clodsire\n|-resisted|p2a: Clodsire\n|-damage|p2a: Clodsire|89\/100\n|\n|t:|1700730888\n|switch|p1a: Iron Treads|Iron Treads|100\/100|[from] U-turn\n|\n|-weather|RainDance|[upkeep]\n|-heal|p2a: Clodsire|96\/100|[from] item: Leftovers\n|upkeep\n|turn|4\n|\n|t:|1700730895\n|-end|p1a: Iron Treads|Quark Drive|[silent]\n|switch|p1a: Volcanion|Volcanion|100\/100\n|switch|p2a: Corviknight|Corviknight, F|100\/100\n|-damage|p2a: Corviknight|88\/100|[from] Stealth Rock\n|-ability|p2a: Corviknight|Pressure\n|\n|-weather|RainDance|[upkeep]\n|upkeep\n|turn|5\n|\n|t:|1700730900\n|switch|p2a: Clodsire|Clodsire, F|96\/100\n|-damage|p2a: Clodsire|89\/100|[from] Stealth Rock\n|move|p1a: Volcanion|Steam Eruption|p2a: Clodsire\n|-heal|p2a: Clodsire|100\/100|[from] ability: Water Absorb|[of] p1a: Volcanion\n|\n|-weather|RainDance|[upkeep]\n|upkeep\n|turn|6\n|\n|t:|1700730904\n|switch|p1a: Iron Treads|Iron Treads|100\/100\n|move|p2a: Clodsire|Stealth Rock|p1a: Iron Treads\n|-sidestart|p1: biezouhaoma|move: Stealth Rock\n|\n|-weather|RainDance|[upkeep]\n|upkeep\n|turn|7\n|\n|t:|1700730907\n|switch|p2a: Banette|Banette, M|100\/100\n|-damage|p2a: Banette|88\/100|[from] Stealth Rock\n|-item|p1a: Iron Treads|Icium Z|[from] ability: Frisk|[of] p2a: Banette|[identify]\n|move|p1a: Iron Treads|Rapid Spin|p2a: Banette\n|-immune|p2a: Banette\n|\n|-weather|RainDance|[upkeep]\n|upkeep\n|turn|8\n|\n|t:|1700730919\n|detailschange|p2a: Banette|Banette-Mega, M\n|-mega|p2a: Banette|Banette|Banettite\n|move|p2a: Banette|Destiny Bond|p2a: Banette\n|-singlemove|p2a: Banette|Destiny Bond\n|-zpower|p1a: Iron Treads\n|move|p1a: Iron Treads|Subzero Slammer|p2a: Banette|[zeffect]\n|-damage|p2a: Banette|20\/100\n|\n|-weather|RainDance|[upkeep]\n|upkeep\n|turn|9\n|\n|t:|1700730926\n|move|p2a: Banette|Encore||[still]\n|-fail|p2a: Banette\n|move|p1a: Iron Treads|Earthquake|p2a: Banette\n|-damage|p2a: Banette|0 fnt\n|faint|p2a: Banette\n|\n|-weather|none\n|upkeep\n|\n|t:|1700730934\n|switch|p2a: Ogerpon|Ogerpon, F|100\/100\n|turn|10\n|\n|t:|1700730938\n|-terastallize|p2a: Ogerpon|Grass\n|detailschange|p2a: Ogerpon|Ogerpon-Teal-Tera, F, tera:Grass\n|-ability|p2a: Ogerpon|Embody Aspect (Teal)|boost\n|-boost|p2a: Ogerpon|spe|1\n|move|p2a: Ogerpon|Superpower|p1a: Iron Treads\n|-supereffective|p1a: Iron Treads\n|-damage|p1a: Iron Treads|30\/100\n|-unboost|p2a: Ogerpon|atk|1\n|-unboost|p2a: Ogerpon|def|1\n|move|p1a: Iron Treads|Rapid Spin|p2a: Ogerpon\n|-damage|p2a: Ogerpon|74\/100\n|-boost|p1a: Iron Treads|spe|1\n|-sideend|p1: biezouhaoma|Stealth Rock|[from] move: Rapid Spin|[of] p1a: Iron Treads\n|\n|upkeep\n|turn|11\n|\n|t:|1700730946\n|move|p2a: Ogerpon|Ivy Cudgel|p1a: Iron Treads\n|-damage|p1a: Iron Treads|0 fnt\n|faint|p1a: Iron Treads\n|-end|p1a: Iron Treads|Quark Drive|[silent]\n|\n|upkeep\n|\n|t:|1700730950\n|switch|p1a: Scizor|Scizor, F|100\/100\n|turn|12\n|\n|t:|1700730952\n|switch|p2a: Corviknight|Corviknight, F|88\/100\n|-damage|p2a: Corviknight|75\/100|[from] Stealth Rock\n|-ability|p2a: Corviknight|Pressure\n|detailschange|p1a: Scizor|Scizor-Mega, F\n|-mega|p1a: Scizor|Scizor|Scizorite\n|move|p1a: Scizor|U-turn|p2a: Corviknight\n|-resisted|p2a: Corviknight\n|-damage|p2a: Corviknight|70\/100\n|\n|t:|1700730955\n|switch|p1a: Volcanion|Volcanion|100\/100|[from] U-turn\n|\n|upkeep\n|turn|13\n|\n|t:|1700730959\n|switch|p2a: Clodsire|Clodsire, F|100\/100\n|-damage|p2a: Clodsire|94\/100|[from] Stealth Rock\n|move|p1a: Volcanion|Steam Eruption|p2a: Clodsire\n|-heal|p2a: Clodsire|100\/100|[from] ability: Water Absorb|[of] p1a: Volcanion\n|\n|upkeep\n|turn|14\n|\n|t:|1700730963\n|switch|p1a: Scizor|Scizor-Mega, F|100\/100\n|move|p2a: Clodsire|Stealth Rock|p1a: Scizor\n|-sidestart|p1: biezouhaoma|move: Stealth Rock\n|\n|upkeep\n|turn|15\n|\n|t:|1700730969\n|move|p1a: Scizor|Defog|p2a: Clodsire\n|-unboost|p2a: Clodsire|evasion|1\n|-sideend|p2: GAGA233|Stealth Rock|[from] move: Defog|[of] p1a: Scizor\n|-sideend|p1: biezouhaoma|Stealth Rock|[from] move: Defog|[of] p1a: Scizor\n|move|p2a: Clodsire|Earthquake|p1a: Scizor\n|-damage|p1a: Scizor|82\/100\n|\n|upkeep\n|turn|16\n|\n|t:|1700730972\n|switch|p2a: Corviknight|Corviknight, F|70\/100\n|-ability|p2a: Corviknight|Pressure\n|move|p1a: Scizor|U-turn|p2a: Corviknight\n|-resisted|p2a: Corviknight\n|-damage|p2a: Corviknight|65\/100\n|\n|t:|1700730975\n|switch|p1a: Garganacl|Garganacl, M|100\/100|[from] U-turn\n|\n|upkeep\n|turn|17\n|\n|t:|1700730984\n|move|p2a: Corviknight|Iron Defense|p2a: Corviknight\n|-boost|p2a: Corviknight|def|2\n|move|p1a: Garganacl|Salt Cure|p2a: Corviknight\n|-damage|p2a: Corviknight|61\/100\n|\n|upkeep\n|turn|18\n|-message|biezouhaoma forfeited.\n|\n|win|GAGA233\n|raw|biezouhaoma's rating: 1687 &rarr; <strong>1665<\/strong><br \/>(-22 for losing)\n|raw|GAGA233's rating: 1648 &rarr; <strong>1670<\/strong><br \/>(+22 for winning)\n|l|\u203dbiezouhaoma\n","uploadtime":1700730995,"views":3,"p1id":"biezouhaoma","p2id":"gaga233","formatid":"gen9nationaldex","rating":1665,"private":0,"password":""}