{"id":"gen9nationaldex-1998168718","p1":"daybreak wave5","p2":"D10th","format":"[Gen 9] National Dex","log":"|html|<div class=\"broadcast-blue\"><strong>[Gen 9] National Dex is currently suspecting Sneasler! For information on how to participate check out the <a href=\"https:\/\/www.smogon.com\/forums\/threads\/sv-national-dex-suspect-8-just-dance.3731534\/\">suspect thread<\/a>.<\/strong><\/div>\n|j|\u2606daybreak wave5\n|j|\u2606D10th\n|t:|1700905121\n|gametype|singles\n|player|p1|daybreak wave5|lillie-masters2|1000\n|player|p2|D10th|schoolkid-gen4|1175\n|teamsize|p1|6\n|teamsize|p2|6\n|gen|9\n|tier|[Gen 9] National Dex\n|rated|\n|rule|HP Percentage Mod: HP is shown in percentages\n|rule|Endless Battle Clause: Forcing endless battles is banned\n|rule|OHKO Clause: OHKO moves are banned\n|rule|Evasion Clause: Evasion abilities, items, and moves are banned\n|rule|Evasion Abilities Clause: Evasion abilities are banned\n|rule|Evasion Items Clause: Evasion items are banned\n|rule|Evasion Moves Clause: Evasion moves are banned\n|rule|Species Clause: Limit one of each Pok\u00e9mon\n|rule|Sleep Clause Mod: Limit one foe put to sleep\n|clearpoke\n|poke|p1|Iron Jugulis|\n|poke|p1|Pelipper, M|\n|poke|p1|Urshifu-*, M|\n|poke|p1|Clodsire, F|\n|poke|p1|Ferrothorn, F|\n|poke|p1|Diancie|\n|poke|p2|Ogerpon, F|\n|poke|p2|Victini|\n|poke|p2|Xurkitree|\n|poke|p2|Minior|\n|poke|p2|Altaria, M|\n|poke|p2|Goodra-Hisui, M|\n|teampreview\n|\n|t:|1700905147\n|start\n|switch|p1a: Diancie|Diancie|100\/100\n|switch|p2a: Xurkitree|Xurkitree|100\/100\n|turn|1\n|\n|t:|1700905163\n|move|p2a: Xurkitree|Energy Ball|p1a: Diancie\n|-supereffective|p1a: Diancie\n|-damage|p1a: Diancie|13\/100\n|move|p1a: Diancie|Stealth Rock|p2a: Xurkitree\n|-sidestart|p2: D10th|move: Stealth Rock\n|\n|upkeep\n|turn|2\n|\n|t:|1700905177\n|detailschange|p1a: Diancie|Diancie-Mega\n|-mega|p1a: Diancie|Diancie|Diancite\n|move|p2a: Xurkitree|Energy Ball|p1a: Diancie\n|-supereffective|p1a: Diancie\n|-damage|p1a: Diancie|0 fnt\n|faint|p1a: Diancie\n|-ability|p2a: Xurkitree|Beast Boost|boost\n|-boost|p2a: Xurkitree|spa|1\n|\n|upkeep\n|\n|t:|1700905202\n|switch|p1a: Clodsire|Clodsire, F|100\/100\n|turn|3\n|\n|t:|1700905209\n|switch|p2a: Minior|Minior|100\/100\n|-damage|p2a: Minior|76\/100|[from] Stealth Rock\n|-formechange|p2a: Minior|Minior-Meteor||[from] ability: Shields Down\n|move|p1a: Clodsire|Earthquake|p2a: Minior\n|-immune|p2a: Minior\n|\n|upkeep\n|turn|4\n|\n|t:|1700905216\n|move|p2a: Minior|Shell Smash|p2a: Minior\n|-unboost|p2a: Minior|def|1\n|-unboost|p2a: Minior|spd|1\n|-boost|p2a: Minior|atk|2\n|-boost|p2a: Minior|spa|2\n|-boost|p2a: Minior|spe|2\n|-enditem|p2a: Minior|White Herb\n|-clearnegativeboost|p2a: Minior|[silent]\n|move|p1a: Clodsire|Toxic|p2a: Minior\n|-immune|p2a: Minior|[from] ability: Shields Down\n|\n|upkeep\n|turn|5\n|\n|t:|1700905230\n|switch|p1a: Ferrothorn|Ferrothorn, F|100\/100\n|move|p2a: Minior|Earthquake|p1a: Ferrothorn\n|-damage|p1a: Ferrothorn|72\/100\n|\n|-heal|p1a: Ferrothorn|79\/100|[from] item: Leftovers\n|upkeep\n|turn|6\n|\n|t:|1700905257\n|-terastallize|p2a: Minior|Flying\n|move|p2a: Minior|Acrobatics|p1a: Ferrothorn\n|-damage|p1a: Ferrothorn|22\/100\n|-damage|p2a: Minior|63\/100|[from] ability: Iron Barbs|[of] p1a: Ferrothorn\n|move|p1a: Ferrothorn|Gyro Ball|p2a: Minior\n|-damage|p2a: Minior|0 fnt\n|faint|p2a: Minior\n|\n|-heal|p1a: Ferrothorn|28\/100|[from] item: Leftovers\n|upkeep\n|\n|t:|1700905271\n|switch|p2a: Victini|Victini|100\/100\n|-damage|p2a: Victini|75\/100|[from] Stealth Rock\n|turn|7\n|\n|t:|1700905287\n|move|p2a: Victini|V-create|p1a: Ferrothorn\n|-supereffective|p1a: Ferrothorn\n|-damage|p1a: Ferrothorn|0 fnt\n|-unboost|p2a: Victini|spe|1\n|-unboost|p2a: Victini|def|1\n|-unboost|p2a: Victini|spd|1\n|-damage|p2a: Victini|63\/100|[from] ability: Iron Barbs|[of] p1a: Ferrothorn\n|faint|p1a: Ferrothorn\n|-damage|p2a: Victini|53\/100|[from] item: Life Orb\n|\n|upkeep\n|\n|t:|1700905299\n|switch|p1a: Urshifu|Urshifu-Rapid-Strike, M|100\/100\n|turn|8\n|\n|t:|1700905307\n|switch|p2a: Goodra|Goodra-Hisui, M|100\/100\n|-damage|p2a: Goodra|95\/100|[from] Stealth Rock\n|move|p1a: Urshifu|Close Combat|p2a: Goodra\n|-supereffective|p2a: Goodra\n|-damage|p2a: Goodra|0 fnt\n|-unboost|p1a: Urshifu|def|1\n|-unboost|p1a: Urshifu|spd|1\n|-ability|p2a: Goodra|Gooey\n|-unboost|p1a: Urshifu|spe|1\n|faint|p2a: Goodra\n|\n|upkeep\n|\n|t:|1700905316\n|switch|p2a: Ogerpon|Ogerpon, F|100\/100\n|-damage|p2a: Ogerpon|88\/100|[from] Stealth Rock\n|turn|9\n|\n|t:|1700905329\n|switch|p1a: Pelipper|Pelipper, M|100\/100\n|-weather|RainDance|[from] ability: Drizzle|[of] p1a: Pelipper\n|move|p2a: Ogerpon|Swords Dance|p2a: Ogerpon\n|-boost|p2a: Ogerpon|atk|2\n|\n|-weather|RainDance|[upkeep]\n|upkeep\n|turn|10\n|\n|t:|1700905338\n|move|p2a: Ogerpon|Ivy Cudgel|p1a: Pelipper\n|-crit|p1a: Pelipper\n|-damage|p1a: Pelipper|0 fnt\n|faint|p1a: Pelipper\n|\n|-weather|RainDance|[upkeep]\n|upkeep\n|\n|t:|1700905343\n|switch|p1a: Iron Jugulis|Iron Jugulis|100\/100\n|-enditem|p1a: Iron Jugulis|Booster Energy\n|-activate|p1a: Iron Jugulis|ability: Quark Drive|[fromitem]\n|-start|p1a: Iron Jugulis|quarkdrivespe\n|turn|11\n|\n|t:|1700905358\n|move|p1a: Iron Jugulis|Hurricane|p2a: Ogerpon\n|-supereffective|p2a: Ogerpon\n|-damage|p2a: Ogerpon|0 fnt\n|faint|p2a: Ogerpon\n|\n|-weather|RainDance|[upkeep]\n|upkeep\n|\n|t:|1700905360\n|switch|p2a: Xurkitree|Xurkitree|100\/100\n|-damage|p2a: Xurkitree|88\/100|[from] Stealth Rock\n|turn|12\n|\n|t:|1700905373\n|move|p1a: Iron Jugulis|Earth Power|p2a: Xurkitree\n|-supereffective|p2a: Xurkitree\n|-damage|p2a: Xurkitree|0 fnt\n|faint|p2a: Xurkitree\n|\n|-weather|RainDance|[upkeep]\n|upkeep\n|\n|t:|1700905378\n|switch|p2a: Altaria|Altaria, M|100\/100\n|-damage|p2a: Altaria|76\/100|[from] Stealth Rock\n|-ability|p2a: Altaria|Cloud Nine\n|turn|13\n|\n|t:|1700905388\n|detailschange|p2a: Altaria|Altaria-Mega, M\n|-mega|p2a: Altaria|Altaria|Altarianite\n|move|p1a: Iron Jugulis|Hurricane|p2a: Altaria\n|-damage|p2a: Altaria|11\/100\n|move|p2a: Altaria|Agility|p2a: Altaria\n|-boost|p2a: Altaria|spe|2\n|\n|-weather|RainDance|[upkeep]\n|upkeep\n|turn|14\n|\n|t:|1700905405\n|move|p1a: Iron Jugulis|Hurricane|p2a: Altaria\n|-damage|p2a: Altaria|0 fnt\n|faint|p2a: Altaria\n|\n|-weather|RainDance|[upkeep]\n|upkeep\n|\n|t:|1700905408\n|switch|p2a: Victini|Victini|53\/100\n|-damage|p2a: Victini|28\/100|[from] Stealth Rock\n|turn|15\n|\n|t:|1700905411\n|move|p1a: Iron Jugulis|Hurricane|p2a: Victini\n|-damage|p2a: Victini|0 fnt\n|faint|p2a: Victini\n|\n|win|daybreak wave5\n|raw|daybreak wave5's rating: 1000 &rarr; <strong>1059<\/strong><br \/>(+59 for winning)\n|raw|D10th's rating: 1175 &rarr; <strong>1138<\/strong><br \/>(-37 for losing)\n|l|\u2606D10th\n","uploadtime":1700905418,"views":8,"p1id":"daybreakwave5","p2id":"d10th","formatid":"gen9nationaldex","rating":1059,"private":0,"password":""}