{"id":"gen9nationaldex-1992439509","p1":"hackilla15","p2":"qwerttyh","format":"[Gen 9] National Dex","log":"|j|\u2606hackilla15\n|j|\u2606qwerttyh\n|t:|1700187751\n|gametype|singles\n|player|p1|hackilla15|ethan|1183\n|player|p2|qwerttyh|169|1083\n|teamsize|p1|6\n|teamsize|p2|6\n|gen|9\n|tier|[Gen 9] National Dex\n|rated|\n|rule|HP Percentage Mod: HP is shown in percentages\n|rule|Endless Battle Clause: Forcing endless battles is banned\n|rule|OHKO Clause: OHKO moves are banned\n|rule|Evasion Clause: Evasion abilities, items, and moves are banned\n|rule|Evasion Abilities Clause: Evasion abilities are banned\n|rule|Evasion Items Clause: Evasion items are banned\n|rule|Evasion Moves Clause: Evasion moves are banned\n|rule|Species Clause: Limit one of each Pok\u00e9mon\n|rule|Sleep Clause Mod: Limit one foe put to sleep\n|clearpoke\n|poke|p1|Zoroark-Hisui, F|\n|poke|p1|Venusaur, F|\n|poke|p1|Ceruledge, M|\n|poke|p1|Krookodile, M|\n|poke|p1|Corviknight, F|\n|poke|p1|Dragonite, M|\n|poke|p2|Garchomp, F|\n|poke|p2|Sylveon, F|\n|poke|p2|Metagross|\n|poke|p2|Absol, M|\n|poke|p2|Volcarona, M|\n|poke|p2|Chandelure, F|\n|teampreview\n|\n|t:|1700187776\n|start\n|switch|p1a: Krookodile|Krookodile, M, shiny|100\/100\n|switch|p2a: Metagross|Metagross|100\/100\n|turn|1\n|\n|t:|1700187796\n|move|p1a: Krookodile|Hone Claws|p1a: Krookodile\n|-boost|p1a: Krookodile|atk|1\n|-boost|p1a: Krookodile|accuracy|1\n|move|p2a: Metagross|Ice Punch|p1a: Krookodile\n|-supereffective|p1a: Krookodile\n|-damage|p1a: Krookodile|27\/100\n|\n|upkeep\n|turn|2\n|\n|t:|1700187808\n|-terastallize|p2a: Metagross|Steel\n|move|p2a: Metagross|Bullet Punch|p1a: Krookodile\n|-damage|p1a: Krookodile|0 fnt\n|faint|p1a: Krookodile\n|\n|upkeep\n|\n|t:|1700187816\n|switch|p1a: Ceruledge|Ceruledge, M, shiny|100\/100\n|turn|3\n|\n|t:|1700187827\n|switch|p2a: Chandelure|Chandelure, F|100\/100\n|move|p1a: Ceruledge|Swords Dance|p1a: Ceruledge\n|-boost|p1a: Ceruledge|atk|2\n|\n|upkeep\n|turn|4\n|\n|t:|1700187834\n|move|p2a: Chandelure|Shadow Ball|p1a: Ceruledge\n|-supereffective|p1a: Ceruledge\n|-enditem|p1a: Ceruledge|Focus Sash\n|-damage|p1a: Ceruledge|1\/100\n|move|p1a: Ceruledge|Shadow Claw|p2a: Chandelure\n|-supereffective|p2a: Chandelure\n|-damage|p2a: Chandelure|0 fnt\n|faint|p2a: Chandelure\n|\n|upkeep\n|\n|t:|1700187839\n|switch|p2a: Metagross|Metagross, tera:Steel|100\/100\n|turn|5\n|\n|t:|1700187845\n|move|p2a: Metagross|Bullet Punch|p1a: Ceruledge\n|-resisted|p1a: Ceruledge\n|-damage|p1a: Ceruledge|0 fnt\n|faint|p1a: Ceruledge\n|\n|upkeep\n|\n|t:|1700187850\n|switch|p1a: Dragonite|Dragonite, M|100\/100\n|turn|6\n|\n|t:|1700187854\n|move|p1a: Dragonite|Flamethrower|p2a: Metagross\n|-supereffective|p2a: Metagross\n|-damage|p2a: Metagross|37\/100\n|move|p2a: Metagross|Ice Punch|p1a: Dragonite\n|-damage|p1a: Dragonite|36\/100\n|-status|p1a: Dragonite|frz\n|replace|p1a: Zoroark|Zoroark-Hisui, F, shiny\n|-end|p1a: Zoroark|Illusion\n|\n|-heal|p2a: Metagross|43\/100|[from] item: Leftovers\n|upkeep\n|turn|7\n|\n|t:|1700187866\n|move|p2a: Metagross|Bullet Punch|p1a: Zoroark\n|-damage|p1a: Zoroark|0 fnt\n|faint|p1a: Zoroark\n|\n|-heal|p2a: Metagross|49\/100|[from] item: Leftovers\n|upkeep\n|\n|t:|1700187871\n|switch|p1a: Venusaur|Venusaur, F, shiny|100\/100\n|turn|8\n|\n|t:|1700187877\n|detailschange|p1a: Venusaur|Venusaur-Mega, F, shiny\n|-mega|p1a: Venusaur|Venusaur|Venusaurite\n|move|p1a: Venusaur|Earth Power|p2a: Metagross\n|-supereffective|p2a: Metagross\n|-damage|p2a: Metagross|0 fnt\n|faint|p2a: Metagross\n|\n|upkeep\n|\n|t:|1700187888\n|switch|p2a: Volcarona|Volcarona, M|100\/100\n|turn|9\n|\n|t:|1700187892\n|move|p2a: Volcarona|Quiver Dance|p2a: Volcarona\n|-boost|p2a: Volcarona|spa|1\n|-boost|p2a: Volcarona|spd|1\n|-boost|p2a: Volcarona|spe|1\n|move|p1a: Venusaur|Sludge Bomb|p2a: Volcarona\n|-damage|p2a: Volcarona|72\/100\n|\n|upkeep\n|turn|10\n|\n|t:|1700187901\n|move|p2a: Volcarona|Fiery Dance|p1a: Venusaur\n|-supereffective|p1a: Venusaur\n|-damage|p1a: Venusaur|47\/100\n|move|p1a: Venusaur|Sludge Bomb|p2a: Volcarona\n|-damage|p2a: Volcarona|41\/100\n|\n|upkeep\n|turn|11\n|\n|t:|1700187910\n|move|p2a: Volcarona|Quiver Dance|p2a: Volcarona\n|-boost|p2a: Volcarona|spa|1\n|-boost|p2a: Volcarona|spd|1\n|-boost|p2a: Volcarona|spe|1\n|move|p1a: Venusaur|Sludge Bomb|p2a: Volcarona\n|-damage|p2a: Volcarona|21\/100\n|\n|upkeep\n|turn|12\n|\n|t:|1700187912\n|move|p2a: Volcarona|Fiery Dance|p1a: Venusaur\n|-supereffective|p1a: Venusaur\n|-damage|p1a: Venusaur|0 fnt\n|-boost|p2a: Volcarona|spa|1\n|faint|p1a: Venusaur\n|\n|upkeep\n|\n|t:|1700187918\n|switch|p1a: Dragonite|Dragonite, M|100\/100\n|turn|13\n|\n|t:|1700187927\n|-terastallize|p1a: Dragonite|Normal\n|move|p1a: Dragonite|Extreme Speed|p2a: Volcarona\n|-damage|p2a: Volcarona|0 fnt\n|faint|p2a: Volcarona\n|\n|upkeep\n|inactive|Battle timer is ON: inactive players will automatically lose when time's up. (requested by hackilla15)\n|\n|t:|1700187939\n|switch|p2a: Absol|Absol, M|100\/100\n|turn|14\n|\n|t:|1700187946\n|detailschange|p2a: Absol|Absol-Mega, M\n|-mega|p2a: Absol|Absol|Absolite\n|move|p2a: Absol|Close Combat|p1a: Dragonite\n|-supereffective|p1a: Dragonite\n|-damage|p1a: Dragonite|56\/100\n|-unboost|p2a: Absol|def|1\n|-unboost|p2a: Absol|spd|1\n|-enditem|p1a: Dragonite|Weakness Policy\n|-boost|p1a: Dragonite|atk|2|[from] item: Weakness Policy\n|-boost|p1a: Dragonite|spa|2|[from] item: Weakness Policy\n|move|p1a: Dragonite|Curse|p1a: Dragonite\n|-unboost|p1a: Dragonite|spe|1\n|-boost|p1a: Dragonite|atk|1\n|-boost|p1a: Dragonite|def|1\n|\n|upkeep\n|turn|15\n|\n|t:|1700187964\n|move|p1a: Dragonite|Extreme Speed|p2a: Absol\n|-damage|p2a: Absol|0 fnt\n|faint|p2a: Absol\n|\n|upkeep\n|\n|t:|1700187970\n|switch|p2a: Garchomp|Garchomp, F|100\/100\n|turn|16\n|\n|t:|1700187976\n|move|p1a: Dragonite|Extreme Speed|p2a: Garchomp\n|-damage|p2a: Garchomp|17\/100\n|-damage|p1a: Dragonite|44\/100|[from] ability: Rough Skin|[of] p2a: Garchomp\n|-damage|p1a: Dragonite|27\/100|[from] item: Rocky Helmet|[of] p2a: Garchomp\n|move|p2a: Garchomp|Iron Head|p1a: Dragonite\n|-damage|p1a: Dragonite|11\/100\n|\n|upkeep\n|turn|17\n|\n|t:|1700188003\n|move|p1a: Dragonite|Extreme Speed|p2a: Garchomp\n|-damage|p2a: Garchomp|0 fnt\n|-damage|p1a: Dragonite|0 fnt|[from] ability: Rough Skin|[of] p2a: Garchomp\n|faint|p2a: Garchomp\n|faint|p1a: Dragonite\n|\n|upkeep\n|\n|t:|1700188008\n|switch|p2a: Sylveon|Sylveon, F|100\/100\n|switch|p1a: Corviknight|Corviknight, F, shiny|100\/100\n|turn|18\n|\n|t:|1700188017\n|move|p1a: Corviknight|Light Screen|p1a: Corviknight\n|-sidestart|p1: hackilla15|move: Light Screen\n|move|p2a: Sylveon|Hidden Power|p1a: Corviknight\n|-damage|p1a: Corviknight|89\/100\n|\n|upkeep\n|turn|19\n|\n|t:|1700188026\n|move|p1a: Corviknight|Iron Head|p2a: Sylveon\n|-supereffective|p2a: Sylveon\n|-damage|p2a: Sylveon|26\/100\n|move|p2a: Sylveon|Hyper Voice|p1a: Corviknight\n|-resisted|p1a: Corviknight\n|-damage|p1a: Corviknight|75\/100\n|\n|upkeep\n|turn|20\n|\n|t:|1700188033\n|move|p1a: Corviknight|Iron Head|p2a: Sylveon\n|-supereffective|p2a: Sylveon\n|-damage|p2a: Sylveon|0 fnt\n|faint|p2a: Sylveon\n|\n|win|hackilla15\n|raw|hackilla15's rating: 1183 &rarr; <strong>1201<\/strong><br \/>(+18 for winning)\n|raw|qwerttyh's rating: 1083 &rarr; <strong>1067<\/strong><br \/>(-16 for losing)\n|l|\u2606qwerttyh\n","uploadtime":1700188060,"views":7,"p1id":"hackilla15","p2id":"qwerttyh","formatid":"gen9nationaldex","rating":1067,"private":0,"password":""}