{"id":"gen9nationaldex-1990274714","p1":"Foulest","p2":"Amber-acid","format":"[Gen 9] National Dex","log":"|j|\u2606Foulest\n|j|\u2606Amber-acid\n|t:|1699948961\n|gametype|singles\n|player|p1|Foulest|265|1332\n|player|p2|Amber-acid|170|1337\n|teamsize|p1|6\n|teamsize|p2|6\n|gen|9\n|tier|[Gen 9] National Dex\n|rated|\n|rule|HP Percentage Mod: HP is shown in percentages\n|rule|Endless Battle Clause: Forcing endless battles is banned\n|rule|OHKO Clause: OHKO moves are banned\n|rule|Evasion Clause: Evasion abilities, items, and moves are banned\n|rule|Evasion Abilities Clause: Evasion abilities are banned\n|rule|Evasion Items Clause: Evasion items are banned\n|rule|Evasion Moves Clause: Evasion moves are banned\n|rule|Species Clause: Limit one of each Pok\u00e9mon\n|rule|Sleep Clause Mod: Limit one foe put to sleep\n|clearpoke\n|poke|p1|Azelf|\n|poke|p1|Ferrothorn, M|\n|poke|p1|Linoone, F|\n|poke|p1|Aerodactyl, F|\n|poke|p1|Volcanion|\n|poke|p1|Swampert, F|\n|poke|p2|Pelipper, F|\n|poke|p2|Barraskewda, M|\n|poke|p2|Swampert, M|\n|poke|p2|Moltres|\n|poke|p2|Ferrothorn, M|\n|poke|p2|Kingdra, F|\n|teampreview\n|inactive|Battle timer is ON: inactive players will automatically lose when time's up. (requested by Foulest)\n|\n|t:|1699948985\n|start\n|switch|p1a: Ferrothorn|Ferrothorn, M, shiny|100\/100\n|switch|p2a: Pelipper|Pelipper, F|100\/100\n|-weather|RainDance|[from] ability: Drizzle|[of] p2a: Pelipper\n|turn|1\n|\n|t:|1699949007\n|switch|p2a: Ferrothorn|Ferrothorn, M|100\/100\n|move|p1a: Ferrothorn|Power Whip|p2a: Ferrothorn\n|-resisted|p2a: Ferrothorn\n|-damage|p2a: Ferrothorn|94\/100\n|-damage|p1a: Ferrothorn|88\/100|[from] ability: Iron Barbs|[of] p2a: Ferrothorn\n|-damage|p1a: Ferrothorn|72\/100|[from] item: Rocky Helmet|[of] p2a: Ferrothorn\n|\n|-weather|RainDance|[upkeep]\n|-heal|p1a: Ferrothorn|78\/100|[from] item: Leftovers\n|upkeep\n|turn|2\n|inactive|Foulest has 120 seconds left.\n|\n|t:|1699949037\n|switch|p1a: Volcanion|Volcanion|100\/100\n|move|p2a: Ferrothorn|Stealth Rock|p1a: Volcanion\n|-sidestart|p1: Foulest|move: Stealth Rock\n|\n|-weather|RainDance|[upkeep]\n|upkeep\n|turn|3\n|inactive|Foulest has 120 seconds left.\n|\n|t:|1699949053\n|switch|p2a: Kingdra|Kingdra, F|100\/100\n|-terastallize|p1a: Volcanion|Fire\n|move|p1a: Volcanion|Fire Blast|p2a: Kingdra\n|-resisted|p2a: Kingdra\n|-damage|p2a: Kingdra|87\/100\n|\n|-weather|RainDance|[upkeep]\n|upkeep\n|turn|4\n|\n|t:|1699949065\n|move|p2a: Kingdra|Hurricane|p1a: Volcanion\n|-damage|p1a: Volcanion|69\/100\n|-damage|p2a: Kingdra|77\/100|[from] item: Life Orb\n|move|p1a: Volcanion|Earth Power|p2a: Kingdra\n|-damage|p2a: Kingdra|36\/100\n|\n|-weather|RainDance|[upkeep]\n|upkeep\n|turn|5\n|\n|t:|1699949075\n|switch|p2a: Swampert|Swampert, M|100\/100\n|move|p1a: Volcanion|Earth Power|p2a: Swampert\n|-damage|p2a: Swampert|61\/100\n|\n|-weather|RainDance|[upkeep]\n|upkeep\n|turn|6\n|\n|t:|1699949085\n|detailschange|p2a: Swampert|Swampert-Mega, M\n|-mega|p2a: Swampert|Swampert|Swampertite\n|move|p2a: Swampert|Earthquake|p1a: Volcanion\n|-supereffective|p1a: Volcanion\n|-damage|p1a: Volcanion|0 fnt\n|faint|p1a: Volcanion\n|\n|-weather|RainDance|[upkeep]\n|upkeep\n|\n|t:|1699949091\n|switch|p1a: Azelf|Azelf, shiny|100\/100\n|-damage|p1a: Azelf|88\/100|[from] Stealth Rock\n|turn|7\n|\n|t:|1699949097\n|move|p2a: Swampert|Liquidation|p1a: Azelf\n|-damage|p1a: Azelf|0 fnt\n|faint|p1a: Azelf\n|\n|-weather|RainDance|[upkeep]\n|upkeep\n|\n|t:|1699949100\n|switch|p1a: Ferrothorn|Ferrothorn, M, shiny|78\/100\n|-damage|p1a: Ferrothorn|72\/100|[from] Stealth Rock\n|turn|8\n|\n|t:|1699949109\n|move|p2a: Swampert|Earthquake|p1a: Ferrothorn\n|-damage|p1a: Ferrothorn|26\/100\n|move|p1a: Ferrothorn|Power Whip|p2a: Swampert\n|-supereffective|p2a: Swampert\n|-damage|p2a: Swampert|0 fnt\n|faint|p2a: Swampert\n|\n|-weather|none\n|-heal|p1a: Ferrothorn|32\/100|[from] item: Leftovers\n|upkeep\n|\n|t:|1699949118\n|switch|p2a: Pelipper|Pelipper, F|100\/100\n|-weather|RainDance|[from] ability: Drizzle|[of] p2a: Pelipper\n|turn|9\n|\n|t:|1699949131\n|switch|p1a: Swampert|Swampert, F|100\/100\n|-damage|p1a: Swampert|94\/100|[from] Stealth Rock\n|move|p2a: Pelipper|U-turn|p1a: Swampert\n|-damage|p1a: Swampert|85\/100\n|\n|t:|1699949138\n|switch|p2a: Kingdra|Kingdra, F|36\/100|[from] U-turn\n|\n|-weather|RainDance|[upkeep]\n|upkeep\n|turn|10\n|\n|t:|1699949146\n|detailschange|p1a: Swampert|Swampert-Mega, F\n|-mega|p1a: Swampert|Swampert|Swampertite\n|-terastallize|p2a: Kingdra|Water\n|move|p2a: Kingdra|Surf|p1a: Swampert\n|-damage|p1a: Swampert|3\/100\n|-damage|p2a: Kingdra|27\/100|[from] item: Life Orb\n|move|p1a: Swampert|Earthquake|p2a: Kingdra\n|-damage|p2a: Kingdra|0 fnt\n|faint|p2a: Kingdra\n|\n|-weather|RainDance|[upkeep]\n|upkeep\n|\n|t:|1699949156\n|switch|p2a: Barraskewda|Barraskewda, M, shiny|100\/100\n|turn|11\n|\n|t:|1699949161\n|move|p2a: Barraskewda|Flip Turn|p1a: Swampert\n|-damage|p1a: Swampert|0 fnt\n|faint|p1a: Swampert\n|\n|t:|1699949167\n|switch|p2a: Moltres|Moltres|100\/100|[from] Flip Turn\n|\n|-weather|RainDance|[upkeep]\n|upkeep\n|\n|t:|1699949173\n|switch|p1a: Aerodactyl|Aerodactyl, F|100\/100\n|-damage|p1a: Aerodactyl|76\/100|[from] Stealth Rock\n|turn|12\n|\n|t:|1699949181\n|switch|p2a: Ferrothorn|Ferrothorn, M|94\/100\n|move|p1a: Aerodactyl|Stone Edge|p2a: Ferrothorn\n|-resisted|p2a: Ferrothorn\n|-damage|p2a: Ferrothorn|73\/100\n|-damage|p1a: Aerodactyl|66\/100|[from] item: Life Orb\n|\n|-weather|RainDance|[upkeep]\n|upkeep\n|turn|13\n|-message|Foulest forfeited.\n|\n|win|Amber-acid\n|raw|Foulest's rating: 1332 &rarr; <strong>1312<\/strong><br \/>(-20 for losing)\n|raw|Amber-acid's rating: 1337 &rarr; <strong>1357<\/strong><br \/>(+20 for winning)\n|l|\u2606Foulest\n","uploadtime":1699949190,"views":6,"p1id":"foulest","p2id":"amberacid","formatid":"gen9nationaldex","rating":1312,"private":0,"password":""}