{"id":"gen9nationaldex-1999731088","p1":"ibis29","p2":"elvisma","format":"[Gen 9] National Dex","log":"|html|<div class=\"broadcast-blue\"><strong>[Gen 9] National Dex is currently suspecting Sneasler! For information on how to participate check out the <a href=\"https:\/\/www.smogon.com\/forums\/threads\/sv-national-dex-suspect-8-just-dance.3731534\/\">suspect thread<\/a>.<\/strong><\/div>\n|j|\u2606ibis29\n|j|\u2606elvisma\n|t:|1701111702\n|gametype|singles\n|player|p1|ibis29|workerice|1622\n|player|p2|elvisma|red-masters|1698\n|teamsize|p1|6\n|teamsize|p2|6\n|gen|9\n|tier|[Gen 9] National Dex\n|rated|\n|rule|HP Percentage Mod: HP is shown in percentages\n|rule|Endless Battle Clause: Forcing endless battles is banned\n|rule|OHKO Clause: OHKO moves are banned\n|rule|Evasion Clause: Evasion abilities, items, and moves are banned\n|rule|Evasion Abilities Clause: Evasion abilities are banned\n|rule|Evasion Items Clause: Evasion items are banned\n|rule|Evasion Moves Clause: Evasion moves are banned\n|rule|Species Clause: Limit one of each Pok\u00e9mon\n|rule|Sleep Clause Mod: Limit one foe put to sleep\n|clearpoke\n|poke|p1|Gastrodon-East, M|\n|poke|p1|Nidoking, M|\n|poke|p1|Mamoswine, F|\n|poke|p1|Landorus-Therian, M|\n|poke|p1|Sandy Shocks|\n|poke|p1|Garchomp, M|\n|poke|p2|Azelf|\n|poke|p2|Charizard, M|\n|poke|p2|Ribombee, F|\n|poke|p2|Great Tusk|\n|poke|p2|Ogerpon-Wellspring, F|\n|poke|p2|Victini|\n|teampreview\n|\n|t:|1701111716\n|start\n|switch|p1a: Nidoking|Nidoking, M|100\/100\n|switch|p2a: touchgrassdrinkH2O|Ogerpon-Wellspring, F|100\/100\n|turn|1\n|c|\u2606elvisma|i swear your either scarf or sashed\n|\n|t:|1701111737\n|switch|p1a: Unn|Gastrodon-East, M|100\/100\n|move|p2a: touchgrassdrinkH2O|Ivy Cudgel|p1a: Unn|[anim] Ivy Cudgel Water\n|-ability|p1a: Unn|Storm Drain|boost\n|-boost|p1a: Unn|spa|1\n|\n|upkeep\n|turn|2\n|c|\u2606elvisma|nvm\n|\n|t:|1701111749\n|switch|p1a: Simb|Landorus-Therian, M|100\/100\n|-ability|p1a: Simb|Intimidate|boost\n|-unboost|p2a: touchgrassdrinkH2O|atk|1\n|move|p2a: touchgrassdrinkH2O|Swords Dance|p2a: touchgrassdrinkH2O\n|-boost|p2a: touchgrassdrinkH2O|atk|2\n|\n|upkeep\n|turn|3\n|\n|t:|1701111753\n|move|p1a: Simb|U-turn|p2a: touchgrassdrinkH2O\n|-supereffective|p2a: touchgrassdrinkH2O\n|-damage|p2a: touchgrassdrinkH2O|33\/100\n|\n|t:|1701111758\n|switch|p1a: Unn|Gastrodon-East, M|100\/100|[from] U-turn\n|move|p2a: touchgrassdrinkH2O|Swords Dance|p2a: touchgrassdrinkH2O\n|-boost|p2a: touchgrassdrinkH2O|atk|2\n|\n|upkeep\n|turn|4\n|\n|t:|1701111763\n|switch|p1a: Simb|Landorus-Therian, M|100\/100\n|-ability|p1a: Simb|Intimidate|boost\n|-unboost|p2a: touchgrassdrinkH2O|atk|1\n|move|p2a: touchgrassdrinkH2O|Horn Leech|p1a: Simb\n|-damage|p1a: Simb|5\/100\n|-heal|p2a: touchgrassdrinkH2O|83\/100|[from] drain|[of] p1a: Simb\n|\n|upkeep\n|turn|5\n|\n|t:|1701111767\n|move|p1a: Simb|U-turn|p2a: touchgrassdrinkH2O\n|-supereffective|p2a: touchgrassdrinkH2O\n|-damage|p2a: touchgrassdrinkH2O|15\/100\n|\n|t:|1701111771\n|switch|p1a: Garchomp|Garchomp, M|100\/100|[from] U-turn\n|move|p2a: touchgrassdrinkH2O|Horn Leech|p1a: Garchomp\n|-damage|p1a: Garchomp|17\/100\n|-heal|p2a: touchgrassdrinkH2O|65\/100|[from] drain|[of] p1a: Garchomp\n|-damage|p2a: touchgrassdrinkH2O|53\/100|[from] ability: Rough Skin|[of] p1a: Garchomp\n|\n|upkeep\n|turn|6\n|\n|t:|1701111775\n|move|p2a: touchgrassdrinkH2O|Horn Leech|p1a: Garchomp\n|-damage|p1a: Garchomp|0 fnt\n|-heal|p2a: touchgrassdrinkH2O|63\/100|[from] drain|[of] p1a: Garchomp\n|-damage|p2a: touchgrassdrinkH2O|50\/100|[from] ability: Rough Skin|[of] p1a: Garchomp\n|faint|p1a: Garchomp\n|\n|upkeep\n|\n|t:|1701111780\n|switch|p1a: Simb|Landorus-Therian, M|5\/100\n|-ability|p1a: Simb|Intimidate|boost\n|-unboost|p2a: touchgrassdrinkH2O|atk|1\n|turn|7\n|\n|t:|1701111788\n|-terastallize|p2a: touchgrassdrinkH2O|Water\n|detailschange|p2a: touchgrassdrinkH2O|Ogerpon-Wellspring-Tera, F, tera:Water\n|-ability|p2a: touchgrassdrinkH2O|Embody Aspect (Wellspring)|boost\n|-boost|p2a: touchgrassdrinkH2O|spd|1\n|move|p1a: Simb|U-turn|p2a: touchgrassdrinkH2O\n|-damage|p2a: touchgrassdrinkH2O|18\/100\n|\n|t:|1701111799\n|switch|p1a: Unn|Gastrodon-East, M|100\/100|[from] U-turn\n|move|p2a: touchgrassdrinkH2O|Horn Leech|p1a: Unn\n|-supereffective|p1a: Unn\n|-damage|p1a: Unn|0 fnt\n|-heal|p2a: touchgrassdrinkH2O|89\/100|[from] drain|[of] p1a: Unn\n|faint|p1a: Unn\n|\n|upkeep\n|\n|t:|1701111802\n|switch|p1a: Sandy Shocks|Sandy Shocks|100\/100\n|-enditem|p1a: Sandy Shocks|Booster Energy\n|-activate|p1a: Sandy Shocks|ability: Protosynthesis|[fromitem]\n|-start|p1a: Sandy Shocks|protosynthesisspe\n|turn|8\n|c|\u2606elvisma|aint no waay bro got a mono ground team to 1600\n|\n|t:|1701111817\n|-terastallize|p1a: Sandy Shocks|Ice\n|move|p1a: Sandy Shocks|Thunderbolt|p2a: touchgrassdrinkH2O\n|-supereffective|p2a: touchgrassdrinkH2O\n|-damage|p2a: touchgrassdrinkH2O|17\/100\n|move|p2a: touchgrassdrinkH2O|Horn Leech|p1a: Sandy Shocks\n|-damage|p1a: Sandy Shocks|25\/100\n|-heal|p2a: touchgrassdrinkH2O|57\/100|[from] drain|[of] p1a: Sandy Shocks\n|\n|upkeep\n|turn|9\n|\n|t:|1701111832\n|switch|p2a: pls dont u-turn|Azelf|100\/100\n|move|p1a: Sandy Shocks|Thunderbolt|p2a: pls dont u-turn\n|-damage|p2a: pls dont u-turn|57\/100\n|\n|upkeep\n|turn|10\n|\n|t:|1701111850\n|move|p1a: Sandy Shocks|Thunderbolt|p2a: pls dont u-turn\n|-damage|p2a: pls dont u-turn|10\/100\n|move|p2a: pls dont u-turn|Mystical Power|p1a: Sandy Shocks\n|-damage|p1a: Sandy Shocks|0 fnt\n|-boost|p2a: pls dont u-turn|spa|1\n|faint|p1a: Sandy Shocks\n|-end|p1a: Sandy Shocks|Protosynthesis|[silent]\n|\n|upkeep\n|\n|t:|1701111858\n|switch|p1a: Simb|Landorus-Therian, M|5\/100\n|-ability|p1a: Simb|Intimidate|boost\n|-unboost|p2a: pls dont u-turn|atk|1\n|turn|11\n|\n|t:|1701111862\n|move|p1a: Simb|U-turn|p2a: pls dont u-turn\n|-supereffective|p2a: pls dont u-turn\n|-damage|p2a: pls dont u-turn|0 fnt\n|faint|p2a: pls dont u-turn\n|\n|t:|1701111869\n|switch|p1a: Nidoking|Nidoking, M|100\/100|[from] U-turn\n|\n|upkeep\n|\n|t:|1701111872\n|switch|p2a: touchgrassdrinkH2O|Ogerpon-Wellspring-Tera, F, tera:Water|57\/100\n|-ability|p2a: touchgrassdrinkH2O|Embody Aspect (Wellspring)|boost\n|-boost|p2a: touchgrassdrinkH2O|spd|1\n|turn|12\n|\n|t:|1701111875\n|move|p2a: touchgrassdrinkH2O|Ivy Cudgel|p1a: Nidoking|[anim] Ivy Cudgel Water\n|-supereffective|p1a: Nidoking\n|-damage|p1a: Nidoking|0 fnt\n|faint|p1a: Nidoking\n|\n|upkeep\n|\n|t:|1701111879\n|switch|p1a: Simb|Landorus-Therian, M|5\/100\n|-ability|p1a: Simb|Intimidate|boost\n|-unboost|p2a: touchgrassdrinkH2O|atk|1\n|turn|13\n|\n|t:|1701111882\n|switch|p2a: ampheros|Charizard, M|100\/100\n|move|p1a: Simb|Earthquake|p2a: ampheros\n|-immune|p2a: ampheros\n|\n|upkeep\n|turn|14\n|\n|t:|1701111886\n|move|p1a: Simb|Earthquake|p2a: ampheros\n|-immune|p2a: ampheros\n|move|p2a: ampheros|Dragon Dance|p2a: ampheros\n|-boost|p2a: ampheros|atk|1\n|-boost|p2a: ampheros|spe|1\n|\n|upkeep\n|turn|15\n|\n|t:|1701111889\n|move|p2a: ampheros|Dragon Dance|p2a: ampheros\n|-boost|p2a: ampheros|atk|1\n|-boost|p2a: ampheros|spe|1\n|move|p1a: Simb|Earthquake|p2a: ampheros\n|-immune|p2a: ampheros\n|\n|upkeep\n|turn|16\n|\n|t:|1701111891\n|move|p2a: ampheros|Dragon Dance|p2a: ampheros\n|-boost|p2a: ampheros|atk|1\n|-boost|p2a: ampheros|spe|1\n|move|p1a: Simb|Earthquake|p2a: ampheros\n|-immune|p2a: ampheros\n|\n|upkeep\n|turn|17\n|\n|t:|1701111894\n|move|p2a: ampheros|Dragon Dance|p2a: ampheros\n|-boost|p2a: ampheros|atk|1\n|-boost|p2a: ampheros|spe|1\n|move|p1a: Simb|Earthquake|p2a: ampheros\n|-immune|p2a: ampheros\n|\n|upkeep\n|turn|18\n|\n|t:|1701111897\n|move|p2a: ampheros|Dragon Dance|p2a: ampheros\n|-boost|p2a: ampheros|atk|1\n|-boost|p2a: ampheros|spe|1\n|move|p1a: Simb|Earthquake|p2a: ampheros\n|-immune|p2a: ampheros\n|\n|upkeep\n|turn|19\n|c|\u2606ibis29|Bruh\n|\n|t:|1701111905\n|move|p2a: ampheros|Dragon Claw|p1a: Simb\n|-damage|p1a: Simb|0 fnt\n|faint|p1a: Simb\n|\n|upkeep\n|c|\u2606elvisma|now alll i gotta do\n|\n|t:|1701111906\n|switch|p1a: Maniek|Mamoswine, F|100\/100\n|turn|20\n|c|\u2606elvisma|is live a ice shard\n|\n|t:|1701111914\n|detailschange|p2a: ampheros|Charizard-Mega-X, M\n|-mega|p2a: ampheros|Charizard|Charizardite X\n|move|p1a: Maniek|Ice Shard|p2a: ampheros\n|-damage|p2a: ampheros|63\/100\n|move|p2a: ampheros|Fire Punch|p1a: Maniek\n|-supereffective|p1a: Maniek\n|-damage|p1a: Maniek|0 fnt\n|faint|p1a: Maniek\n|\n|win|elvisma\n|raw|ibis29's rating: 1622 &rarr; <strong>1606<\/strong><br \/>(-16 for losing)\n|raw|elvisma's rating: 1698 &rarr; <strong>1714<\/strong><br \/>(+16 for winning)\n|c|\u2606ibis29|I know\n|c|\u2606elvisma|gg\n","uploadtime":1701111921,"views":1,"p1id":"ibis29","p2id":"elvisma","formatid":"gen9nationaldex","rating":1606,"private":0,"password":""}