{"id":"gen9nationaldex-1989299017","p1":"potw13 Never Lucky","p2":"FRIDGES_RUNNING","format":"[Gen 9] National Dex","log":"|j|\u2606potw13 Never Lucky\n|j|\u2606FRIDGES_RUNNING\n|t:|1699833497\n|gametype|singles\n|player|p1|potw13 Never Lucky|steven|1308\n|player|p2|FRIDGES_RUNNING|266|1193\n|teamsize|p1|6\n|teamsize|p2|6\n|gen|9\n|tier|[Gen 9] National Dex\n|rated|\n|rule|HP Percentage Mod: HP is shown in percentages\n|rule|Endless Battle Clause: Forcing endless battles is banned\n|rule|OHKO Clause: OHKO moves are banned\n|rule|Evasion Clause: Evasion abilities, items, and moves are banned\n|rule|Evasion Abilities Clause: Evasion abilities are banned\n|rule|Evasion Items Clause: Evasion items are banned\n|rule|Evasion Moves Clause: Evasion moves are banned\n|rule|Species Clause: Limit one of each Pok\u00e9mon\n|rule|Sleep Clause Mod: Limit one foe put to sleep\n|clearpoke\n|poke|p1|Ogerpon-Cornerstone, F|\n|poke|p1|Perrserker, F|\n|poke|p1|Kommo-o, F|\n|poke|p1|Rotom-Wash|\n|poke|p1|Scizor, F|\n|poke|p1|Blacephalon|\n|poke|p2|Greninja-*, M|\n|poke|p2|Forretress, M|\n|poke|p2|Liepard, M|\n|poke|p2|Chimecho, M|\n|poke|p2|Rotom-Heat|\n|poke|p2|Gliscor, F|\n|teampreview\n|inactive|Battle timer is ON: inactive players will automatically lose when time's up. (requested by FRIDGES_RUNNING)\n|\n|t:|1699833510\n|start\n|switch|p1a: Rotom|Rotom-Wash|100\/100\n|switch|p2a: Gliscor|Gliscor, F, shiny|100\/100\n|turn|1\n|\n|t:|1699833516\n|move|p2a: Gliscor|Protect|p2a: Gliscor\n|-singleturn|p2a: Gliscor|Protect\n|move|p1a: Rotom|Hydro Pump|p2a: Gliscor\n|-activate|p2a: Gliscor|move: Protect\n|\n|-status|p2a: Gliscor|tox|[from] item: Toxic Orb\n|upkeep\n|turn|2\n|\n|t:|1699833525\n|switch|p2a: Forretress|Forretress, M, shiny|100\/100\n|move|p1a: Rotom|Hydro Pump|p2a: Forretress|[miss]\n|-miss|p1a: Rotom|p2a: Forretress\n|\n|upkeep\n|turn|3\n|\n|t:|1699833530\n|move|p1a: Rotom|Volt Switch|p2a: Forretress\n|-damage|p2a: Forretress|69\/100\n|\n|t:|1699833532\n|switch|p1a: Blacephalon|Blacephalon|100\/100|[from] Volt Switch\n|move|p2a: Forretress|Spikes|p1a: Blacephalon\n|-sidestart|p1: potw13 Never Lucky|Spikes\n|\n|-heal|p2a: Forretress|75\/100|[from] item: Leftovers\n|upkeep\n|turn|4\n|\n|t:|1699833537\n|switch|p2a: Gliscor|Gliscor, F, shiny|100\/100 tox\n|move|p1a: Blacephalon|Shadow Ball|p2a: Gliscor\n|-damage|p2a: Gliscor|55\/100 tox\n|\n|-heal|p2a: Gliscor|68\/100 tox|[from] ability: Poison Heal\n|upkeep\n|turn|5\n|\n|t:|1699833540\n|switch|p1a: Rotom|Rotom-Wash|100\/100\n|move|p2a: Gliscor|Substitute|p2a: Gliscor\n|-start|p2a: Gliscor|Substitute\n|-damage|p2a: Gliscor|43\/100 tox\n|\n|-heal|p2a: Gliscor|55\/100 tox|[from] ability: Poison Heal\n|upkeep\n|turn|6\n|\n|t:|1699833544\n|move|p2a: Gliscor|Toxic|p1a: Rotom\n|-status|p1a: Rotom|tox\n|move|p1a: Rotom|Defog|p2a: Gliscor\n|-sideend|p1: potw13 Never Lucky|Spikes|[from] move: Defog|[of] p1a: Rotom\n|\n|-heal|p2a: Gliscor|68\/100 tox|[from] ability: Poison Heal\n|-damage|p1a: Rotom|95\/100 tox|[from] psn\n|upkeep\n|turn|7\n|\n|t:|1699833552\n|move|p2a: Gliscor|Protect|p2a: Gliscor\n|-singleturn|p2a: Gliscor|Protect\n|move|p1a: Rotom|Hydro Pump|p2a: Gliscor\n|-activate|p2a: Gliscor|move: Protect\n|\n|-heal|p1a: Rotom|100\/100 tox|[from] item: Leftovers\n|-heal|p2a: Gliscor|80\/100 tox|[from] ability: Poison Heal\n|-damage|p1a: Rotom|89\/100 tox|[from] psn\n|upkeep\n|turn|8\n|\n|t:|1699833560\n|switch|p1a: Scizor|Scizor, F|100\/100\n|move|p2a: Gliscor|Toxic|p1a: Scizor\n|-immune|p1a: Scizor\n|\n|-heal|p2a: Gliscor|93\/100 tox|[from] ability: Poison Heal\n|upkeep\n|turn|9\n|\n|t:|1699833563\n|detailschange|p1a: Scizor|Scizor-Mega, F\n|-mega|p1a: Scizor|Scizor|Scizorite\n|move|p2a: Gliscor|Earthquake|p1a: Scizor\n|-damage|p1a: Scizor|79\/100\n|move|p1a: Scizor|Swords Dance|p1a: Scizor\n|-boost|p1a: Scizor|atk|2\n|\n|-heal|p2a: Gliscor|100\/100 tox|[from] ability: Poison Heal\n|upkeep\n|turn|10\n|\n|t:|1699833570\n|switch|p2a: Rotom|Rotom-Heat, shiny|100\/100\n|move|p1a: Scizor|Bullet Punch|p2a: Rotom\n|-resisted|p2a: Rotom\n|-damage|p2a: Rotom|85\/100\n|\n|-heal|p2a: Rotom|92\/100|[from] item: Leftovers\n|upkeep\n|turn|11\n|\n|t:|1699833573\n|switch|p1a: Rotom|Rotom-Wash|89\/100 tox\n|move|p2a: Rotom|Will-O-Wisp||[still]\n|-fail|p2a: Rotom\n|\n|-heal|p2a: Rotom|98\/100|[from] item: Leftovers\n|-heal|p1a: Rotom|95\/100 tox|[from] item: Leftovers\n|-damage|p1a: Rotom|89\/100 tox|[from] psn\n|upkeep\n|turn|12\n|\n|t:|1699833581\n|switch|p2a: Forretress|Forretress, M, shiny|75\/100\n|move|p1a: Rotom|Volt Switch|p2a: Forretress\n|-damage|p2a: Forretress|47\/100\n|\n|t:|1699833592\n|switch|p1a: Kommo-o|Kommo-o, F|100\/100|[from] Volt Switch\n|\n|-heal|p2a: Forretress|53\/100|[from] item: Leftovers\n|upkeep\n|turn|13\n|\n|t:|1699833600\n|-zpower|p1a: Kommo-o\n|move|p1a: Kommo-o|Clangorous Soulblaze|p2a: Forretress|[zeffect]\n|-resisted|p2a: Forretress\n|-damage|p2a: Forretress|7\/100\n|-boost|p1a: Kommo-o|atk|1\n|-boost|p1a: Kommo-o|def|1\n|-boost|p1a: Kommo-o|spa|1\n|-boost|p1a: Kommo-o|spd|1\n|-boost|p1a: Kommo-o|spe|1\n|move|p2a: Forretress|Explosion|p1a: Kommo-o\n|-damage|p1a: Kommo-o|65\/100\n|faint|p2a: Forretress\n|\n|upkeep\n|\n|t:|1699833607\n|switch|p2a: Chimecho|Chimecho, M, shiny|100\/100\n|turn|14\n|\n|t:|1699833610\n|move|p1a: Kommo-o|Clanging Scales|p2a: Chimecho\n|-damage|p2a: Chimecho|31\/100\n|-unboost|p1a: Kommo-o|def|1\n|move|p2a: Chimecho|Dazzling Gleam|p1a: Kommo-o\n|-supereffective|p1a: Kommo-o\n|-damage|p1a: Kommo-o|0 fnt\n|faint|p1a: Kommo-o\n|\n|-heal|p2a: Chimecho|37\/100|[from] item: Leftovers\n|upkeep\n|\n|t:|1699833614\n|switch|p1a: Blacephalon|Blacephalon|100\/100\n|turn|15\n|\n|t:|1699833622\n|switch|p2a: Liepard|Liepard, M, shiny|100\/100\n|-terastallize|p1a: Blacephalon|Ghost\n|move|p1a: Blacephalon|Shadow Ball|p2a: Liepard\n|-resisted|p2a: Liepard\n|-damage|p2a: Liepard|49\/100\n|\n|upkeep\n|turn|16\n|\n|t:|1699833652\n|switch|p1a: Rotom|Rotom-Wash|89\/100 tox\n|switch|p2a: Greninja|Greninja, M, shiny|100\/100\n|\n|-heal|p1a: Rotom|95\/100 tox|[from] item: Leftovers\n|-damage|p1a: Rotom|89\/100 tox|[from] psn\n|upkeep\n|turn|17\n|\n|t:|1699833658\n|move|p2a: Greninja|Spikes|p1a: Rotom\n|-start|p2a: Greninja|typechange|Ground|[from] ability: Protean\n|-sidestart|p1: potw13 Never Lucky|Spikes\n|move|p1a: Rotom|Volt Switch|p2a: Greninja\n|-immune|p2a: Greninja\n|\n|-heal|p1a: Rotom|95\/100 tox|[from] item: Leftovers\n|-damage|p1a: Rotom|83\/100 tox|[from] psn\n|upkeep\n|turn|18\n|\n|t:|1699833675\n|switch|p2a: Liepard|Liepard, M, shiny|49\/100\n|move|p1a: Rotom|Defog|p2a: Liepard\n|-unboost|p2a: Liepard|evasion|1\n|-sideend|p1: potw13 Never Lucky|Spikes|[from] move: Defog|[of] p1a: Rotom\n|\n|-heal|p1a: Rotom|89\/100 tox|[from] item: Leftovers\n|-damage|p1a: Rotom|71\/100 tox|[from] psn\n|upkeep\n|turn|19\n|\n|t:|1699833680\n|switch|p1a: Perrserker|Perrserker, F|100\/100\n|move|p2a: Liepard|Encore||[still]\n|-fail|p2a: Liepard\n|\n|upkeep\n|turn|20\n|\n|t:|1699833687\n|move|p2a: Liepard|Yawn|p1a: Perrserker\n|-start|p1a: Perrserker|move: Yawn|[of] p2a: Liepard\n|move|p1a: Perrserker|U-turn|p2a: Liepard\n|-supereffective|p2a: Liepard\n|-damage|p2a: Liepard|0 fnt\n|faint|p2a: Liepard\n|\n|t:|1699833699\n|switch|p1a: Ogerpon|Ogerpon-Cornerstone, F|100\/100|[from] U-turn\n|\n|upkeep\n|\n|t:|1699833706\n|switch|p2a: Rotom|Rotom-Heat, shiny|98\/100\n|turn|21\n|\n|t:|1699833708\n|move|p1a: Ogerpon|Ivy Cudgel|p2a: Rotom\n|-supereffective|p2a: Rotom\n|-damage|p2a: Rotom|0 fnt\n|faint|p2a: Rotom\n|\n|upkeep\n|\n|t:|1699833725\n|switch|p2a: Gliscor|Gliscor, F, shiny|100\/100 tox\n|turn|22\n|\n|t:|1699833728\n|-terastallize|p2a: Gliscor|Water\n|move|p1a: Ogerpon|Swords Dance|p1a: Ogerpon\n|-boost|p1a: Ogerpon|atk|2\n|move|p2a: Gliscor|Substitute|p2a: Gliscor\n|-start|p2a: Gliscor|Substitute\n|-damage|p2a: Gliscor|76\/100 tox\n|\n|-heal|p2a: Gliscor|88\/100 tox|[from] ability: Poison Heal\n|upkeep\n|turn|23\n|\n|t:|1699833732\n|move|p1a: Ogerpon|Horn Leech|p2a: Gliscor\n|-supereffective|p2a: Gliscor\n|-end|p2a: Gliscor|Substitute\n|move|p2a: Gliscor|Toxic|p1a: Ogerpon\n|-status|p1a: Ogerpon|tox\n|\n|-damage|p1a: Ogerpon|95\/100 tox|[from] psn\n|-heal|p2a: Gliscor|100\/100 tox|[from] ability: Poison Heal\n|upkeep\n|turn|24\n|\n|t:|1699833735\n|move|p2a: Gliscor|Protect|p2a: Gliscor\n|-singleturn|p2a: Gliscor|Protect\n|move|p1a: Ogerpon|Horn Leech|p2a: Gliscor\n|-activate|p2a: Gliscor|move: Protect\n|\n|-damage|p1a: Ogerpon|83\/100 tox|[from] psn\n|upkeep\n|turn|25\n|\n|t:|1699833741\n|switch|p2a: Chimecho|Chimecho, M, shiny|37\/100\n|move|p1a: Ogerpon|Horn Leech|p2a: Chimecho\n|-damage|p2a: Chimecho|0 fnt\n|-heal|p1a: Ogerpon|100\/100 tox|[from] drain|[of] p2a: Chimecho\n|faint|p2a: Chimecho\n|\n|-damage|p1a: Ogerpon|83\/100 tox|[from] psn\n|upkeep\n|\n|t:|1699833745\n|switch|p2a: Greninja|Greninja, M, shiny|100\/100\n|turn|26\n|\n|t:|1699833751\n|move|p2a: Greninja|Toxic Spikes|p1a: Ogerpon\n|-start|p2a: Greninja|typechange|Poison|[from] ability: Protean\n|-sidestart|p1: potw13 Never Lucky|move: Toxic Spikes\n|move|p1a: Ogerpon|Horn Leech|p2a: Greninja\n|-resisted|p2a: Greninja\n|-damage|p2a: Greninja|29\/100\n|-heal|p1a: Ogerpon|100\/100 tox|[from] drain|[of] p2a: Greninja\n|\n|-damage|p1a: Ogerpon|77\/100 tox|[from] psn\n|upkeep\n|turn|27\n|\n|t:|1699833759\n|move|p2a: Greninja|Scald|p1a: Ogerpon\n|-damage|p1a: Ogerpon|48\/100 tox\n|move|p1a: Ogerpon|Horn Leech|p2a: Greninja\n|-resisted|p2a: Greninja\n|-damage|p2a: Greninja|0 fnt\n|-heal|p1a: Ogerpon|62\/100 tox|[from] drain|[of] p2a: Greninja\n|faint|p2a: Greninja\n|\n|-damage|p1a: Ogerpon|32\/100 tox|[from] psn\n|upkeep\n|\n|t:|1699833764\n|switch|p2a: Gliscor|Gliscor, F, shiny, tera:Water|100\/100 tox\n|turn|28\n|\n|t:|1699833766\n|switch|p1a: Rotom|Rotom-Wash|71\/100 tox\n|move|p2a: Gliscor|Protect||[still]\n|-fail|p2a: Gliscor\n|\n|-heal|p1a: Rotom|77\/100 tox|[from] item: Leftovers\n|-damage|p1a: Rotom|71\/100 tox|[from] psn\n|upkeep\n|turn|29\n|\n|t:|1699833768\n|move|p2a: Gliscor|Substitute|p2a: Gliscor\n|-start|p2a: Gliscor|Substitute\n|-damage|p2a: Gliscor|76\/100 tox\n|move|p1a: Rotom|Defog|p2a: Gliscor\n|-sideend|p1: potw13 Never Lucky|Toxic Spikes|[from] move: Defog|[of] p1a: Rotom\n|\n|-heal|p1a: Rotom|77\/100 tox|[from] item: Leftovers\n|-heal|p2a: Gliscor|88\/100 tox|[from] ability: Poison Heal\n|-damage|p1a: Rotom|65\/100 tox|[from] psn\n|upkeep\n|turn|30\n|\n|t:|1699833774\n|move|p2a: Gliscor|Earthquake|p1a: Rotom\n|-immune|p1a: Rotom|[from] ability: Levitate\n|move|p1a: Rotom|Volt Switch|p2a: Gliscor\n|-supereffective|p2a: Gliscor\n|-end|p2a: Gliscor|Substitute\n|\n|t:|1699833776\n|switch|p1a: Scizor|Scizor-Mega, F|79\/100|[from] Volt Switch\n|\n|-heal|p2a: Gliscor|100\/100 tox|[from] ability: Poison Heal\n|upkeep\n|turn|31\n|\n|t:|1699833780\n|move|p2a: Gliscor|Earthquake|p1a: Scizor\n|-damage|p1a: Scizor|54\/100\n|move|p1a: Scizor|Swords Dance|p1a: Scizor\n|-boost|p1a: Scizor|atk|2\n|\n|upkeep\n|turn|32\n|\n|t:|1699833782\n|move|p2a: Gliscor|Earthquake|p1a: Scizor\n|-damage|p1a: Scizor|30\/100\n|move|p1a: Scizor|Roost|p1a: Scizor\n|-heal|p1a: Scizor|80\/100\n|-singleturn|p1a: Scizor|move: Roost\n|\n|upkeep\n|turn|33\n|\n|t:|1699833786\n|move|p2a: Gliscor|Earthquake|p1a: Scizor\n|-damage|p1a: Scizor|59\/100\n|move|p1a: Scizor|Swords Dance|p1a: Scizor\n|-boost|p1a: Scizor|atk|2\n|\n|upkeep\n|turn|34\n|\n|t:|1699833788\n|move|p2a: Gliscor|Earthquake|p1a: Scizor\n|-damage|p1a: Scizor|35\/100\n|move|p1a: Scizor|Roost|p1a: Scizor\n|-heal|p1a: Scizor|85\/100\n|-singleturn|p1a: Scizor|move: Roost\n|\n|upkeep\n|turn|35\n|\n|t:|1699833790\n|move|p1a: Scizor|Bullet Punch|p2a: Gliscor\n|-resisted|p2a: Gliscor\n|-damage|p2a: Gliscor|70\/100 tox\n|move|p2a: Gliscor|Substitute|p2a: Gliscor\n|-start|p2a: Gliscor|Substitute\n|-damage|p2a: Gliscor|45\/100 tox\n|\n|-heal|p2a: Gliscor|57\/100 tox|[from] ability: Poison Heal\n|upkeep\n|turn|36\n|\n|t:|1699833793\n|move|p1a: Scizor|Bullet Punch|p2a: Gliscor\n|-resisted|p2a: Gliscor\n|-end|p2a: Gliscor|Substitute\n|move|p2a: Gliscor|Earthquake|p1a: Scizor\n|-damage|p1a: Scizor|63\/100\n|\n|-heal|p2a: Gliscor|70\/100 tox|[from] ability: Poison Heal\n|upkeep\n|turn|37\n|\n|t:|1699833796\n|move|p2a: Gliscor|Protect|p2a: Gliscor\n|-singleturn|p2a: Gliscor|Protect\n|move|p1a: Scizor|U-turn|p2a: Gliscor\n|-activate|p2a: Gliscor|move: Protect\n|\n|-heal|p2a: Gliscor|82\/100 tox|[from] ability: Poison Heal\n|upkeep\n|turn|38\n|\n|t:|1699833797\n|move|p2a: Gliscor|Earthquake|p1a: Scizor\n|-damage|p1a: Scizor|38\/100\n|move|p1a: Scizor|U-turn|p2a: Gliscor\n|-damage|p2a: Gliscor|11\/100 tox\n|\n|t:|1699833800\n|switch|p1a: Blacephalon|Blacephalon, tera:Ghost|100\/100|[from] U-turn\n|\n|-heal|p2a: Gliscor|23\/100 tox|[from] ability: Poison Heal\n|upkeep\n|turn|39\n|\n|t:|1699833807\n|move|p2a: Gliscor|Protect|p2a: Gliscor\n|-singleturn|p2a: Gliscor|Protect\n|move|p1a: Blacephalon|Shadow Ball|p2a: Gliscor\n|-activate|p2a: Gliscor|move: Protect\n|\n|-heal|p2a: Gliscor|36\/100 tox|[from] ability: Poison Heal\n|upkeep\n|turn|40\n|\n|t:|1699833810\n|move|p1a: Blacephalon|Shadow Ball|p2a: Gliscor\n|-damage|p2a: Gliscor|0 fnt\n|faint|p2a: Gliscor\n|\n|win|potw13 Never Lucky\n|raw|potw13 Never Lucky's rating: 1308 &rarr; <strong>1322<\/strong><br \/>(+14 for winning)\n|raw|FRIDGES_RUNNING's rating: 1193 &rarr; <strong>1176<\/strong><br \/>(-17 for losing)\n|l|\u2606FRIDGES_RUNNING\n","uploadtime":1699833814,"views":11,"p1id":"potw13neverlucky","p2id":"fridgesrunning","formatid":"gen9nationaldex","rating":1176,"private":0,"password":""}