{"id":"gen9nationaldex-1998010872","p1":"yueyue12345","p2":"NDSNEZ pikakip379","format":"[Gen 9] National Dex","log":"|html|<div class=\"broadcast-blue\"><strong>[Gen 9] National Dex is currently suspecting Sneasler! For information on how to participate check out the <a href=\"https:\/\/www.smogon.com\/forums\/threads\/sv-national-dex-suspect-8-just-dance.3731534\/\">suspect thread<\/a>.<\/strong><\/div>\n|j|\u2606yueyue12345\n|j|\u2606NDSNEZ pikakip379\n|t:|1700878661\n|gametype|singles\n|player|p1|yueyue12345|lucas|1342\n|player|p2|NDSNEZ pikakip379|ninjaboy-gen3|1384\n|teamsize|p1|6\n|teamsize|p2|6\n|gen|9\n|tier|[Gen 9] National Dex\n|rated|\n|rule|HP Percentage Mod: HP is shown in percentages\n|rule|Endless Battle Clause: Forcing endless battles is banned\n|rule|OHKO Clause: OHKO moves are banned\n|rule|Evasion Clause: Evasion abilities, items, and moves are banned\n|rule|Evasion Abilities Clause: Evasion abilities are banned\n|rule|Evasion Items Clause: Evasion items are banned\n|rule|Evasion Moves Clause: Evasion moves are banned\n|rule|Species Clause: Limit one of each Pok\u00e9mon\n|rule|Sleep Clause Mod: Limit one foe put to sleep\n|clearpoke\n|poke|p1|Banette, F|\n|poke|p1|Sneasler, M|\n|poke|p1|Tapu Lele|\n|poke|p1|Zoroark-Hisui, M|\n|poke|p1|Blacephalon|\n|poke|p1|Grimmsnarl, M|\n|poke|p2|Excadrill, F|\n|poke|p2|Medicham, M|\n|poke|p2|Rotom-Wash|\n|poke|p2|Volcarona, F|\n|poke|p2|Kommo-o, M|\n|poke|p2|Landorus-Therian, M|\n|teampreview\n|inactive|Battle timer is ON: inactive players will automatically lose when time's up. (requested by yueyue12345)\n|c|\u2606NDSNEZ pikakip379|lol Banette\n|\n|t:|1700878692\n|start\n|switch|p1a: \u4f60\u6709\u672c\u4e8b\u7834\u5899|Grimmsnarl, M|100\/100\n|switch|p2a: Mothra|Volcarona, F|100\/100\n|turn|1\n|\n|t:|1700878700\n|replace|p1a: rick roll|Zoroark-Hisui, M\n|-end|p1a: rick roll|Illusion\n|-zpower|p1a: rick roll\n|move|p1a: rick roll|Breakneck Blitz|p2a: Mothra|[zeffect]\n|-damage|p2a: Mothra|7\/100\n|move|p2a: Mothra|Quiver Dance|p2a: Mothra\n|-boost|p2a: Mothra|spa|1\n|-boost|p2a: Mothra|spd|1\n|-boost|p2a: Mothra|spe|1\n|\n|upkeep\n|turn|2\n|\n|t:|1700878707\n|move|p2a: Mothra|Roost|p2a: Mothra\n|-heal|p2a: Mothra|57\/100\n|-singleturn|p2a: Mothra|move: Roost\n|move|p1a: rick roll|Shadow Ball|p2a: Mothra\n|-damage|p2a: Mothra|31\/100\n|\n|upkeep\n|turn|3\n|\n|t:|1700878714\n|move|p2a: Mothra|Roost|p2a: Mothra\n|-heal|p2a: Mothra|81\/100\n|-singleturn|p2a: Mothra|move: Roost\n|move|p1a: rick roll|Hyper Beam|p2a: Mothra|[miss]\n|-miss|p1a: rick roll|p2a: Mothra\n|\n|upkeep\n|turn|4\n|\n|t:|1700878722\n|move|p2a: Mothra|Flamethrower|p1a: rick roll\n|-damage|p1a: rick roll|0 fnt\n|faint|p1a: rick roll\n|\n|upkeep\n|\n|t:|1700878731\n|switch|p1a: \u4f60\u6709\u672c\u4e8b\u7834\u5899|Grimmsnarl, M|100\/100\n|turn|5\n|\n|t:|1700878738\n|move|p2a: Mothra|Quiver Dance|p2a: Mothra\n|-boost|p2a: Mothra|spa|1\n|-boost|p2a: Mothra|spd|1\n|-boost|p2a: Mothra|spe|1\n|move|p1a: \u4f60\u6709\u672c\u4e8b\u7834\u5899|Darkest Lariat|p2a: Mothra\n|-damage|p2a: Mothra|17\/100\n|-status|p1a: \u4f60\u6709\u672c\u4e8b\u7834\u5899|brn|[from] ability: Flame Body|[of] p2a: Mothra\n|-damage|p1a: \u4f60\u6709\u672c\u4e8b\u7834\u5899|91\/100 brn|[from] item: Life Orb\n|\n|-damage|p1a: \u4f60\u6709\u672c\u4e8b\u7834\u5899|85\/100 brn|[from] brn\n|upkeep\n|turn|6\n|\n|t:|1700878745\n|move|p2a: Mothra|Roost|p2a: Mothra\n|-heal|p2a: Mothra|67\/100\n|-singleturn|p2a: Mothra|move: Roost\n|move|p1a: \u4f60\u6709\u672c\u4e8b\u7834\u5899|Darkest Lariat|p2a: Mothra\n|-damage|p2a: Mothra|34\/100\n|-damage|p1a: \u4f60\u6709\u672c\u4e8b\u7834\u5899|75\/100 brn|[from] item: Life Orb\n|\n|-damage|p1a: \u4f60\u6709\u672c\u4e8b\u7834\u5899|69\/100 brn|[from] brn\n|upkeep\n|turn|7\n|c|\u2606NDSNEZ pikakip379|lol??\n|\n|t:|1700878752\n|move|p1a: \u4f60\u6709\u672c\u4e8b\u7834\u5899|Sucker Punch||[still]\n|-fail|p1a: \u4f60\u6709\u672c\u4e8b\u7834\u5899\n|move|p2a: Mothra|Roost|p2a: Mothra\n|-heal|p2a: Mothra|84\/100\n|-singleturn|p2a: Mothra|move: Roost\n|\n|-damage|p1a: \u4f60\u6709\u672c\u4e8b\u7834\u5899|62\/100 brn|[from] brn\n|upkeep\n|turn|8\n|\n|t:|1700878755\n|move|p2a: Mothra|Quiver Dance|p2a: Mothra\n|-boost|p2a: Mothra|spa|1\n|-boost|p2a: Mothra|spd|1\n|-boost|p2a: Mothra|spe|1\n|move|p1a: \u4f60\u6709\u672c\u4e8b\u7834\u5899|Darkest Lariat|p2a: Mothra\n|-damage|p2a: Mothra|52\/100\n|-damage|p1a: \u4f60\u6709\u672c\u4e8b\u7834\u5899|53\/100 brn|[from] item: Life Orb\n|\n|-damage|p1a: \u4f60\u6709\u672c\u4e8b\u7834\u5899|46\/100 brn|[from] brn\n|upkeep\n|turn|9\n|\n|t:|1700878760\n|move|p2a: Mothra|Quiver Dance|p2a: Mothra\n|-boost|p2a: Mothra|spa|1\n|-boost|p2a: Mothra|spd|1\n|-boost|p2a: Mothra|spe|1\n|move|p1a: \u4f60\u6709\u672c\u4e8b\u7834\u5899|Darkest Lariat|p2a: Mothra\n|-damage|p2a: Mothra|23\/100\n|-damage|p1a: \u4f60\u6709\u672c\u4e8b\u7834\u5899|37\/100 brn|[from] item: Life Orb\n|\n|-damage|p1a: \u4f60\u6709\u672c\u4e8b\u7834\u5899|30\/100 brn|[from] brn\n|upkeep\n|turn|10\n|\n|t:|1700878764\n|move|p2a: Mothra|Roost|p2a: Mothra\n|-heal|p2a: Mothra|73\/100\n|-singleturn|p2a: Mothra|move: Roost\n|move|p1a: \u4f60\u6709\u672c\u4e8b\u7834\u5899|Darkest Lariat|p2a: Mothra\n|-damage|p2a: Mothra|45\/100\n|-damage|p1a: \u4f60\u6709\u672c\u4e8b\u7834\u5899|21\/100 brn|[from] item: Life Orb\n|\n|-damage|p1a: \u4f60\u6709\u672c\u4e8b\u7834\u5899|14\/100 brn|[from] brn\n|upkeep\n|turn|11\n|\n|t:|1700878773\n|move|p2a: Mothra|Roost|p2a: Mothra\n|-heal|p2a: Mothra|95\/100\n|-singleturn|p2a: Mothra|move: Roost\n|move|p1a: \u4f60\u6709\u672c\u4e8b\u7834\u5899|Thunder Punch|p2a: Mothra\n|-damage|p2a: Mothra|79\/100\n|-status|p2a: Mothra|par\n|-damage|p1a: \u4f60\u6709\u672c\u4e8b\u7834\u5899|5\/100 brn|[from] item: Life Orb\n|\n|-damage|p1a: \u4f60\u6709\u672c\u4e8b\u7834\u5899|0 fnt|[from] brn\n|faint|p1a: \u4f60\u6709\u672c\u4e8b\u7834\u5899\n|upkeep\n|\n|t:|1700878776\n|switch|p1a: Banette|Banette, F|100\/100\n|-item|p2a: Mothra|Heavy-Duty Boots|[from] ability: Frisk|[of] p1a: Banette|[identify]\n|turn|12\n|\n|t:|1700878781\n|detailschange|p1a: Banette|Banette-Mega, F\n|-mega|p1a: Banette|Banette|Banettite\n|move|p1a: Banette|Destiny Bond|p1a: Banette\n|-singlemove|p1a: Banette|Destiny Bond\n|move|p2a: Mothra|Quiver Dance|p2a: Mothra\n|-boost|p2a: Mothra|spa|1\n|-boost|p2a: Mothra|spd|1\n|-boost|p2a: Mothra|spe|1\n|\n|upkeep\n|turn|13\n|\n|t:|1700878788\n|cant|p2a: Mothra|par\n|move|p1a: Banette|Poltergeist|p2a: Mothra\n|-activate|p2a: Mothra|move: Poltergeist|Heavy-Duty Boots\n|-damage|p2a: Mothra|18\/100 par\n|\n|upkeep\n|turn|14\n|\n|t:|1700878796\n|move|p1a: Banette|Destiny Bond|p1a: Banette\n|-singlemove|p1a: Banette|Destiny Bond\n|cant|p2a: Mothra|par\n|\n|upkeep\n|turn|15\n|\n|t:|1700878803\n|move|p2a: Mothra|Roost|p2a: Mothra\n|-heal|p2a: Mothra|69\/100 par\n|-singleturn|p2a: Mothra|move: Roost\n|move|p1a: Banette|Poltergeist|p2a: Mothra\n|-activate|p2a: Mothra|move: Poltergeist|Heavy-Duty Boots\n|-damage|p2a: Mothra|2\/100 par\n|\n|upkeep\n|turn|16\n|\n|t:|1700878810\n|move|p1a: Banette|Destiny Bond|p1a: Banette\n|-singlemove|p1a: Banette|Destiny Bond\n|move|p2a: Mothra|Flamethrower|p1a: Banette\n|-damage|p1a: Banette|0 fnt\n|faint|p1a: Banette\n|-activate|p1a: Banette|move: Destiny Bond\n|faint|p2a: Mothra\n|\n|upkeep\n|\n|t:|1700878822\n|switch|p2a: DA MOLL!!|Excadrill, F, shiny|100\/100\n|switch|p1a: \u56f4\u5dfe\u662f\u795e|Blacephalon|100\/100\n|-ability|p2a: DA MOLL!!|Mold Breaker\n|turn|17\n|\n|t:|1700878827\n|switch|p2a: Antonblast|Kommo-o, M|100\/100\n|move|p1a: \u56f4\u5dfe\u662f\u795e|Flamethrower|p2a: Antonblast\n|-resisted|p2a: Antonblast\n|-damage|p2a: Antonblast|66\/100\n|-status|p2a: Antonblast|brn\n|\n|-damage|p2a: Antonblast|60\/100 brn|[from] brn\n|upkeep\n|turn|18\n|\n|t:|1700878836\n|move|p1a: \u56f4\u5dfe\u662f\u795e|Flamethrower|p2a: Antonblast\n|-resisted|p2a: Antonblast\n|-damage|p2a: Antonblast|27\/100 brn\n|move|p2a: Antonblast|Flash Cannon|p1a: \u56f4\u5dfe\u662f\u795e\n|-resisted|p1a: \u56f4\u5dfe\u662f\u795e\n|-damage|p1a: \u56f4\u5dfe\u662f\u795e|81\/100\n|\n|-damage|p2a: Antonblast|20\/100 brn|[from] brn\n|upkeep\n|turn|19\n|\n|t:|1700878843\n|switch|p2a: Super Soaker|Rotom-Wash, shiny|100\/100\n|move|p1a: \u56f4\u5dfe\u662f\u795e|Flamethrower|p2a: Super Soaker\n|-resisted|p2a: Super Soaker\n|-damage|p2a: Super Soaker|74\/100\n|\n|-heal|p2a: Super Soaker|80\/100|[from] item: Leftovers\n|upkeep\n|turn|20\n|\n|t:|1700878852\n|switch|p1a: \u4e0d\u5e26\u6597Z\u548c\u54b8\u9c7c\u6709\u4ec0\u4e48\u533a\u522b|Tapu Lele|100\/100\n|-fieldstart|move: Psychic Terrain|[from] ability: Psychic Surge|[of] p1a: \u4e0d\u5e26\u6597Z\u548c\u54b8\u9c7c\u6709\u4ec0\u4e48\u533a\u522b\n|move|p2a: Super Soaker|Hydro Pump|p1a: \u4e0d\u5e26\u6597Z\u548c\u54b8\u9c7c\u6709\u4ec0\u4e48\u533a\u522b\n|-crit|p1a: \u4e0d\u5e26\u6597Z\u548c\u54b8\u9c7c\u6709\u4ec0\u4e48\u533a\u522b\n|-damage|p1a: \u4e0d\u5e26\u6597Z\u548c\u54b8\u9c7c\u6709\u4ec0\u4e48\u533a\u522b|39\/100\n|\n|-heal|p2a: Super Soaker|86\/100|[from] item: Leftovers\n|upkeep\n|turn|21\n|\n|t:|1700878859\n|switch|p2a: Antonblast|Kommo-o, M|20\/100 brn\n|move|p1a: \u4e0d\u5e26\u6597Z\u548c\u54b8\u9c7c\u6709\u4ec0\u4e48\u533a\u522b|Energy Ball|p2a: Antonblast\n|-immune|p2a: Antonblast|[from] ability: Bulletproof\n|\n|-damage|p2a: Antonblast|14\/100 brn|[from] brn\n|upkeep\n|turn|22\n|\n|t:|1700878867\n|switch|p1a: \u56f4\u5dfe\u662f\u795e|Blacephalon|81\/100\n|move|p2a: Antonblast|Flash Cannon|p1a: \u56f4\u5dfe\u662f\u795e\n|-resisted|p1a: \u56f4\u5dfe\u662f\u795e\n|-damage|p1a: \u56f4\u5dfe\u662f\u795e|63\/100\n|\n|-damage|p2a: Antonblast|8\/100 brn|[from] brn\n|upkeep\n|turn|23\n|c|\u2606NDSNEZ pikakip379|lol\n|\n|t:|1700878874\n|move|p1a: \u56f4\u5dfe\u662f\u795e|Flamethrower|p2a: Antonblast\n|-resisted|p2a: Antonblast\n|-damage|p2a: Antonblast|0 fnt\n|faint|p2a: Antonblast\n|-ability|p1a: \u56f4\u5dfe\u662f\u795e|Beast Boost|boost\n|-boost|p1a: \u56f4\u5dfe\u662f\u795e|spa|1\n|\n|upkeep\n|\n|t:|1700878879\n|switch|p2a: Super Soaker|Rotom-Wash, shiny|86\/100\n|turn|24\n|\n|t:|1700878892\n|move|p1a: \u56f4\u5dfe\u662f\u795e|Shadow Ball|p2a: Super Soaker\n|-damage|p2a: Super Soaker|8\/100\n|move|p2a: Super Soaker|Hydro Pump|p1a: \u56f4\u5dfe\u662f\u795e\n|-supereffective|p1a: \u56f4\u5dfe\u662f\u795e\n|-damage|p1a: \u56f4\u5dfe\u662f\u795e|0 fnt\n|faint|p1a: \u56f4\u5dfe\u662f\u795e\n|\n|-heal|p2a: Super Soaker|14\/100|[from] item: Leftovers\n|-fieldend|move: Psychic Terrain\n|upkeep\n|\n|t:|1700878898\n|switch|p1a: \u4e0d\u5e26\u6597Z\u548c\u54b8\u9c7c\u6709\u4ec0\u4e48\u533a\u522b|Tapu Lele|39\/100\n|-fieldstart|move: Psychic Terrain|[from] ability: Psychic Surge|[of] p1a: \u4e0d\u5e26\u6597Z\u548c\u54b8\u9c7c\u6709\u4ec0\u4e48\u533a\u522b\n|turn|25\n|\n|t:|1700878902\n|move|p1a: \u4e0d\u5e26\u6597Z\u548c\u54b8\u9c7c\u6709\u4ec0\u4e48\u533a\u522b|Psychic|p2a: Super Soaker\n|-damage|p2a: Super Soaker|0 fnt\n|faint|p2a: Super Soaker\n|\n|upkeep\n|\n|t:|1700878906\n|switch|p2a: DA MOLL!!|Excadrill, F, shiny|100\/100\n|-ability|p2a: DA MOLL!!|Mold Breaker\n|turn|26\n|\n|t:|1700878909\n|move|p1a: \u4e0d\u5e26\u6597Z\u548c\u54b8\u9c7c\u6709\u4ec0\u4e48\u533a\u522b|Psychic|p2a: DA MOLL!!\n|-resisted|p2a: DA MOLL!!\n|-damage|p2a: DA MOLL!!|65\/100\n|move|p2a: DA MOLL!!|Rapid Spin|p1a: \u4e0d\u5e26\u6597Z\u548c\u54b8\u9c7c\u6709\u4ec0\u4e48\u533a\u522b\n|-damage|p1a: \u4e0d\u5e26\u6597Z\u548c\u54b8\u9c7c\u6709\u4ec0\u4e48\u533a\u522b|16\/100\n|-boost|p2a: DA MOLL!!|spe|1\n|\n|-heal|p2a: DA MOLL!!|71\/100|[from] item: Leftovers\n|upkeep\n|turn|27\n|\n|t:|1700878914\n|move|p2a: DA MOLL!!|Earthquake|p1a: \u4e0d\u5e26\u6597Z\u548c\u54b8\u9c7c\u6709\u4ec0\u4e48\u533a\u522b\n|-damage|p1a: \u4e0d\u5e26\u6597Z\u548c\u54b8\u9c7c\u6709\u4ec0\u4e48\u533a\u522b|0 fnt\n|faint|p1a: \u4e0d\u5e26\u6597Z\u548c\u54b8\u9c7c\u6709\u4ec0\u4e48\u533a\u522b\n|\n|-heal|p2a: DA MOLL!!|77\/100|[from] item: Leftovers\n|upkeep\n|\n|t:|1700878916\n|switch|p1a: Sneasler|Sneasler, M|100\/100\n|-enditem|p1a: Sneasler|Psychic Seed\n|-boost|p1a: Sneasler|spd|1|[from] item: Psychic Seed\n|turn|28\n|\n|t:|1700878921\n|-terastallize|p1a: Sneasler|Flying\n|-terastallize|p2a: DA MOLL!!|Ghost\n|move|p1a: Sneasler|Swords Dance|p1a: Sneasler\n|-boost|p1a: Sneasler|atk|2\n|move|p2a: DA MOLL!!|Earthquake|p1a: Sneasler\n|-immune|p1a: Sneasler\n|\n|-heal|p2a: DA MOLL!!|83\/100|[from] item: Leftovers\n|upkeep\n|turn|29\n|\n|t:|1700878928\n|move|p1a: Sneasler|Acrobatics|p2a: DA MOLL!!\n|-damage|p2a: DA MOLL!!|0 fnt\n|faint|p2a: DA MOLL!!\n|\n|-fieldend|move: Psychic Terrain\n|upkeep\n|\n|t:|1700878931\n|switch|p2a: Smogon Himself|Landorus-Therian, M|100\/100\n|-ability|p2a: Smogon Himself|Intimidate|boost\n|-unboost|p1a: Sneasler|atk|1\n|turn|30\n|\n|t:|1700878937\n|move|p1a: Sneasler|Acrobatics|p2a: Smogon Himself\n|-damage|p2a: Smogon Himself|0 fnt\n|faint|p2a: Smogon Himself\n|\n|upkeep\n|\n|t:|1700878940\n|switch|p2a: Medichud|Medicham, M|100\/100\n|turn|31\n|\n|t:|1700878944\n|detailschange|p2a: Medichud|Medicham-Mega, M\n|-mega|p2a: Medichud|Medicham|Medichamite\n|move|p2a: Medichud|Fake Out|p1a: Sneasler\n|-damage|p1a: Sneasler|61\/100\n|cant|p1a: Sneasler|flinch\n|\n|upkeep\n|turn|32\n|\n|t:|1700878949\n|move|p2a: Medichud|Bullet Punch|p1a: Sneasler\n|-damage|p1a: Sneasler|21\/100\n|move|p1a: Sneasler|Acrobatics|p2a: Medichud\n|-supereffective|p2a: Medichud\n|-crit|p2a: Medichud\n|-damage|p2a: Medichud|0 fnt\n|faint|p2a: Medichud\n|\n|win|yueyue12345\n|raw|yueyue12345's rating: 1342 &rarr; <strong>1364<\/strong><br \/>(+22 for winning)\n|raw|NDSNEZ pikakip379's rating: 1384 &rarr; <strong>1362<\/strong><br \/>(-22 for losing)\n|c|\u2606NDSNEZ pikakip379|ggs\n|l|\u2606NDSNEZ pikakip379\n","uploadtime":1700878958,"views":1,"p1id":"yueyue12345","p2id":"ndsnezpikakip379","formatid":"gen9nationaldex","rating":1362,"private":0,"password":""}