{"id":"gen9nationaldex-1999512364","p1":"AesirEcho","p2":"ttheus","format":"[Gen 9] National Dex","log":"|html|<div class=\"broadcast-blue\"><strong>[Gen 9] National Dex is currently suspecting Sneasler! For information on how to participate check out the <a href=\"https:\/\/www.smogon.com\/forums\/threads\/sv-national-dex-suspect-8-just-dance.3731534\/\">suspect thread<\/a>.<\/strong><\/div>\n|j|\u2606AesirEcho\n|j|\u2606ttheus\n|t:|1701091021\n|gametype|singles\n|player|p1|AesirEcho|ethan-masters|\n|player|p2|ttheus|1|\n|teamsize|p1|6\n|teamsize|p2|6\n|gen|9\n|tier|[Gen 9] National Dex\n|rule|HP Percentage Mod: HP is shown in percentages\n|rule|Endless Battle Clause: Forcing endless battles is banned\n|rule|OHKO Clause: OHKO moves are banned\n|rule|Evasion Clause: Evasion abilities, items, and moves are banned\n|rule|Evasion Abilities Clause: Evasion abilities are banned\n|rule|Evasion Items Clause: Evasion items are banned\n|rule|Evasion Moves Clause: Evasion moves are banned\n|rule|Species Clause: Limit one of each Pok\u00e9mon\n|rule|Sleep Clause Mod: Limit one foe put to sleep\n|clearpoke\n|poke|p1|Dragonite, M|\n|poke|p1|Iron Valiant|\n|poke|p1|Samurott-Hisui, F|\n|poke|p1|Garchomp, F|\n|poke|p1|Heatran, M|\n|poke|p1|Rotom-Wash|\n|poke|p2|Garchomp, F|\n|poke|p2|Charizard, M|\n|poke|p2|Gigalith, F|\n|poke|p2|Dracozolt|\n|poke|p2|Gliscor, M|\n|poke|p2|Ogerpon-Wellspring, F|\n|teampreview\n|\n|t:|1701091033\n|start\n|switch|p1a: Victor Mare|Samurott-Hisui, F|100\/100\n|switch|p2a: Gigalith|Gigalith, F, shiny|100\/100\n|-weather|Sandstorm|[from] ability: Sand Stream|[of] p2a: Gigalith\n|turn|1\n|\n|t:|1701091038\n|move|p1a: Victor Mare|Razor Shell|p2a: Gigalith\n|-supereffective|p2a: Gigalith\n|-damage|p2a: Gigalith|32\/100\n|-unboost|p2a: Gigalith|def|1\n|move|p2a: Gigalith|Toxic|p1a: Victor Mare\n|-status|p1a: Victor Mare|tox\n|\n|-weather|Sandstorm|[upkeep]\n|-damage|p1a: Victor Mare|94\/100 tox|[from] Sandstorm\n|-heal|p2a: Gigalith|38\/100|[from] item: Leftovers\n|-damage|p1a: Victor Mare|88\/100 tox|[from] psn\n|upkeep\n|turn|2\n|\n|t:|1701091051\n|switch|p2a: Ogerpon|Ogerpon-Wellspring, F|100\/100\n|move|p1a: Victor Mare|Razor Shell|p2a: Ogerpon\n|-immune|p2a: Ogerpon|[from] ability: Water Absorb\n|\n|-weather|Sandstorm|[upkeep]\n|-damage|p1a: Victor Mare|82\/100 tox|[from] Sandstorm\n|-damage|p2a: Ogerpon|95\/100|[from] Sandstorm\n|-damage|p1a: Victor Mare|69\/100 tox|[from] psn\n|upkeep\n|turn|3\n|\n|t:|1701091059\n|switch|p1a: Dominus Petrae|Garchomp, F|100\/100\n|move|p2a: Ogerpon|Swords Dance|p2a: Ogerpon\n|-boost|p2a: Ogerpon|atk|2\n|\n|-weather|Sandstorm|[upkeep]\n|-damage|p2a: Ogerpon|89\/100|[from] Sandstorm\n|upkeep\n|turn|4\n|\n|t:|1701091065\n|move|p2a: Ogerpon|Ivy Cudgel|p1a: Dominus Petrae|[anim] Ivy Cudgel Water\n|-damage|p1a: Dominus Petrae|0 fnt\n|faint|p1a: Dominus Petrae\n|\n|-weather|Sandstorm|[upkeep]\n|-damage|p2a: Ogerpon|83\/100|[from] Sandstorm\n|upkeep\n|\n|t:|1701091077\n|switch|p1a: Victor Mare|Samurott-Hisui, F|69\/100 tox\n|turn|5\n|\n|t:|1701091081\n|move|p1a: Victor Mare|Sacred Sword|p2a: Ogerpon\n|-damage|p2a: Ogerpon|25\/100\n|move|p2a: Ogerpon|Power Whip|p1a: Victor Mare\n|-supereffective|p1a: Victor Mare\n|-damage|p1a: Victor Mare|0 fnt\n|faint|p1a: Victor Mare\n|\n|-weather|none\n|upkeep\n|\n|t:|1701091085\n|switch|p1a: Fulgur Imperatoris|Dragonite, M|100\/100\n|turn|6\n|\n|t:|1701091089\n|move|p1a: Fulgur Imperatoris|Extreme Speed|p2a: Ogerpon\n|-crit|p2a: Ogerpon\n|-damage|p2a: Ogerpon|0 fnt\n|faint|p2a: Ogerpon\n|\n|upkeep\n|\n|t:|1701091094\n|switch|p2a: Gigalith|Gigalith, F, shiny|38\/100\n|-weather|Sandstorm|[from] ability: Sand Stream|[of] p2a: Gigalith\n|turn|7\n|\n|t:|1701091101\n|move|p1a: Fulgur Imperatoris|Earthquake|p2a: Gigalith\n|-supereffective|p2a: Gigalith\n|-damage|p2a: Gigalith|0 fnt\n|faint|p2a: Gigalith\n|\n|-weather|Sandstorm|[upkeep]\n|-damage|p1a: Fulgur Imperatoris|94\/100|[from] Sandstorm\n|upkeep\n|\n|t:|1701091108\n|switch|p2a: Garchomp|Garchomp, F|100\/100\n|turn|8\n|\n|t:|1701091122\n|-terastallize|p2a: Garchomp|Steel\n|-terastallize|p1a: Fulgur Imperatoris|Normal\n|move|p2a: Garchomp|Swords Dance|p2a: Garchomp\n|-boost|p2a: Garchomp|atk|2\n|move|p1a: Fulgur Imperatoris|Ice Spinner|p2a: Garchomp\n|-resisted|p2a: Garchomp\n|-damage|p2a: Garchomp|84\/100\n|-damage|p1a: Fulgur Imperatoris|82\/100|[from] ability: Rough Skin|[of] p2a: Garchomp\n|\n|-weather|Sandstorm|[upkeep]\n|-damage|p1a: Fulgur Imperatoris|76\/100|[from] Sandstorm\n|upkeep\n|turn|9\n|\n|t:|1701091132\n|move|p2a: Garchomp|Scale Shot|p1a: Fulgur Imperatoris\n|-damage|p1a: Fulgur Imperatoris|48\/100\n|-damage|p1a: Fulgur Imperatoris|16\/100\n|-damage|p1a: Fulgur Imperatoris|0 fnt\n|faint|p1a: Fulgur Imperatoris\n|-hitcount|p1: Fulgur Imperatoris|3\n|-unboost|p2a: Garchomp|def|1\n|-boost|p2a: Garchomp|spe|1\n|\n|-weather|Sandstorm|[upkeep]\n|upkeep\n|\n|t:|1701091136\n|switch|p1a: Imperatrix Umbrosa|Iron Valiant|100\/100\n|-enditem|p1a: Imperatrix Umbrosa|Booster Energy\n|-activate|p1a: Imperatrix Umbrosa|ability: Quark Drive|[fromitem]\n|-start|p1a: Imperatrix Umbrosa|quarkdrivespe\n|turn|10\n|\n|t:|1701091141\n|move|p1a: Imperatrix Umbrosa|Moonblast|p2a: Garchomp\n|-resisted|p2a: Garchomp\n|-damage|p2a: Garchomp|58\/100\n|-unboost|p2a: Garchomp|spa|1\n|move|p2a: Garchomp|Fire Fang|p1a: Imperatrix Umbrosa\n|-damage|p1a: Imperatrix Umbrosa|44\/100\n|-status|p1a: Imperatrix Umbrosa|brn\n|\n|-weather|Sandstorm|[upkeep]\n|-damage|p1a: Imperatrix Umbrosa|38\/100 brn|[from] Sandstorm\n|-damage|p1a: Imperatrix Umbrosa|31\/100 brn|[from] brn\n|upkeep\n|turn|11\n|\n|t:|1701091146\n|move|p1a: Imperatrix Umbrosa|Focus Blast|p2a: Garchomp\n|-supereffective|p2a: Garchomp\n|-damage|p2a: Garchomp|0 fnt\n|faint|p2a: Garchomp\n|\n|-weather|none\n|-damage|p1a: Imperatrix Umbrosa|25\/100 brn|[from] brn\n|upkeep\n|\n|t:|1701091151\n|switch|p2a: Charizard|Charizard, M|100\/100\n|turn|12\n|\n|t:|1701091160\n|move|p1a: Imperatrix Umbrosa|Thunderbolt|p2a: Charizard\n|-supereffective|p2a: Charizard\n|-damage|p2a: Charizard|16\/100\n|move|p2a: Charizard|Flare Blitz|p1a: Imperatrix Umbrosa\n|-damage|p1a: Imperatrix Umbrosa|0 fnt\n|faint|p1a: Imperatrix Umbrosa\n|-end|p1a: Imperatrix Umbrosa|Quark Drive|[silent]\n|-damage|p2a: Charizard|8\/100|[from] Recoil\n|\n|upkeep\n|\n|t:|1701091164\n|switch|p1a: Mantichora|Heatran, M|100\/100\n|turn|13\n|\n|t:|1701091172\n|move|p2a: Charizard|Dragon Dance|p2a: Charizard\n|-boost|p2a: Charizard|atk|1\n|-boost|p2a: Charizard|spe|1\n|move|p1a: Mantichora|Magma Storm|p2a: Charizard\n|-resisted|p2a: Charizard\n|-damage|p2a: Charizard|0 fnt\n|faint|p2a: Charizard\n|\n|upkeep\n|\n|t:|1701091177\n|switch|p2a: H\u00f3rus|Gliscor, M, shiny|100\/100\n|turn|14\n|\n|t:|1701091183\n|switch|p1a: Miles Tonitrui|Rotom-Wash|100\/100\n|move|p2a: H\u00f3rus|Swords Dance|p2a: H\u00f3rus\n|-boost|p2a: H\u00f3rus|atk|2\n|\n|-status|p2a: H\u00f3rus|tox|[from] item: Toxic Orb\n|upkeep\n|turn|15\n|\n|t:|1701091188\n|move|p2a: H\u00f3rus|Facade|p1a: Miles Tonitrui\n|-damage|p1a: Miles Tonitrui|32\/100\n|move|p1a: Miles Tonitrui|Hydro Pump|p2a: H\u00f3rus\n|-supereffective|p2a: H\u00f3rus\n|-damage|p2a: H\u00f3rus|0 fnt\n|faint|p2a: H\u00f3rus\n|\n|-heal|p1a: Miles Tonitrui|38\/100|[from] item: Leftovers\n|upkeep\n|\n|t:|1701091196\n|switch|p2a: Dracozolt|Dracozolt|100\/100\n|turn|16\n|\n|t:|1701091202\n|move|p2a: Dracozolt|Rock Tomb|p1a: Miles Tonitrui\n|-damage|p1a: Miles Tonitrui|25\/100\n|-unboost|p1a: Miles Tonitrui|spe|1\n|move|p1a: Miles Tonitrui|Will-O-Wisp|p2a: Dracozolt\n|-status|p2a: Dracozolt|brn\n|\n|-heal|p1a: Miles Tonitrui|31\/100|[from] item: Leftovers\n|-damage|p2a: Dracozolt|94\/100 brn|[from] brn\n|upkeep\n|turn|17\n|\n|t:|1701091210\n|move|p2a: Dracozolt|Rock Tomb|p1a: Miles Tonitrui\n|-damage|p1a: Miles Tonitrui|25\/100\n|-unboost|p1a: Miles Tonitrui|spe|1\n|move|p1a: Miles Tonitrui|Hydro Pump|p2a: Dracozolt\n|-resisted|p2a: Dracozolt\n|-damage|p2a: Dracozolt|67\/100 brn\n|\n|-heal|p1a: Miles Tonitrui|31\/100|[from] item: Leftovers\n|-damage|p2a: Dracozolt|60\/100 brn|[from] brn\n|upkeep\n|turn|18\n|\n|t:|1701091216\n|move|p2a: Dracozolt|Rock Tomb|p1a: Miles Tonitrui\n|-damage|p1a: Miles Tonitrui|24\/100\n|-unboost|p1a: Miles Tonitrui|spe|1\n|move|p1a: Miles Tonitrui|Hydro Pump|p2a: Dracozolt\n|-resisted|p2a: Dracozolt\n|-damage|p2a: Dracozolt|30\/100 brn\n|\n|-heal|p1a: Miles Tonitrui|30\/100|[from] item: Leftovers\n|-damage|p2a: Dracozolt|24\/100 brn|[from] brn\n|upkeep\n|turn|19\n|\n|t:|1701091222\n|move|p2a: Dracozolt|Rock Tomb|p1a: Miles Tonitrui\n|-damage|p1a: Miles Tonitrui|24\/100\n|-unboost|p1a: Miles Tonitrui|spe|1\n|move|p1a: Miles Tonitrui|Hydro Pump|p2a: Dracozolt|[miss]\n|-miss|p1a: Miles Tonitrui|p2a: Dracozolt\n|\n|-heal|p1a: Miles Tonitrui|30\/100|[from] item: Leftovers\n|-damage|p2a: Dracozolt|18\/100 brn|[from] brn\n|upkeep\n|turn|20\n|\n|t:|1701091228\n|move|p2a: Dracozolt|Rock Tomb|p1a: Miles Tonitrui\n|-damage|p1a: Miles Tonitrui|23\/100\n|-unboost|p1a: Miles Tonitrui|spe|1\n|move|p1a: Miles Tonitrui|Hydro Pump|p2a: Dracozolt|[miss]\n|-miss|p1a: Miles Tonitrui|p2a: Dracozolt\n|\n|-heal|p1a: Miles Tonitrui|29\/100|[from] item: Leftovers\n|-damage|p2a: Dracozolt|11\/100 brn|[from] brn\n|upkeep\n|turn|21\n|\n|t:|1701091233\n|move|p2a: Dracozolt|Rock Tomb|p1a: Miles Tonitrui\n|-damage|p1a: Miles Tonitrui|22\/100\n|-unboost|p1a: Miles Tonitrui|spe|1\n|move|p1a: Miles Tonitrui|Hydro Pump|p2a: Dracozolt|[miss]\n|-miss|p1a: Miles Tonitrui|p2a: Dracozolt\n|\n|-heal|p1a: Miles Tonitrui|28\/100|[from] item: Leftovers\n|-damage|p2a: Dracozolt|5\/100 brn|[from] brn\n|upkeep\n|turn|22\n|\n|t:|1701091238\n|move|p2a: Dracozolt|Rock Tomb|p1a: Miles Tonitrui\n|-damage|p1a: Miles Tonitrui|22\/100\n|move|p1a: Miles Tonitrui|Hydro Pump|p2a: Dracozolt\n|-resisted|p2a: Dracozolt\n|-damage|p2a: Dracozolt|0 fnt\n|faint|p2a: Dracozolt\n|\n|win|AesirEcho\n","uploadtime":1701091242,"views":1,"p1id":"aesirecho","p2id":"ttheus","formatid":"gen9nationaldex","rating":0,"private":0,"password":""}