{"id":"gen9nationaldex-1988281515","p1":"Aynoxx","p2":"mcelong","format":"[Gen 9] National Dex","log":"|j|\u2606Aynoxx\n|j|\u2606mcelong\n|t:|1699700966\n|gametype|singles\n|player|p1|Aynoxx|169|1220\n|player|p2|mcelong|winona|1252\n|teamsize|p1|6\n|teamsize|p2|6\n|gen|9\n|tier|[Gen 9] National Dex\n|rated|\n|rule|HP Percentage Mod: HP is shown in percentages\n|rule|Endless Battle Clause: Forcing endless battles is banned\n|rule|OHKO Clause: OHKO moves are banned\n|rule|Evasion Clause: Evasion abilities, items, and moves are banned\n|rule|Evasion Abilities Clause: Evasion abilities are banned\n|rule|Evasion Items Clause: Evasion items are banned\n|rule|Evasion Moves Clause: Evasion moves are banned\n|rule|Species Clause: Limit one of each Pok\u00e9mon\n|rule|Sleep Clause Mod: Limit one foe put to sleep\n|clearpoke\n|poke|p1|Xurkitree|\n|poke|p1|Iron Valiant|\n|poke|p1|Steelix, F|\n|poke|p1|Great Tusk|\n|poke|p1|Zapdos-Galar|\n|poke|p1|Blacephalon|\n|poke|p2|Charizard, M|\n|poke|p2|Urshifu-*, M|\n|poke|p2|Ogerpon-Cornerstone, F|\n|poke|p2|Great Tusk|\n|poke|p2|Alomomola, M|\n|poke|p2|Toxapex, F|\n|teampreview\n|inactive|Battle timer is ON: inactive players will automatically lose when time's up. (requested by mcelong)\n|c|\u2606Aynoxx|Ca me casse les couilles le stall\n|\n|t:|1699700988\n|start\n|switch|p1a: Steelix|Steelix, F|100\/100\n|switch|p2a: Urshifu|Urshifu-Rapid-Strike, M|100\/100\n|turn|1\n|\n|t:|1699701002\n|detailschange|p1a: Steelix|Steelix-Mega, F\n|-mega|p1a: Steelix|Steelix|Steelixite\n|-terastallize|p2a: Urshifu|Water\n|move|p2a: Urshifu|Surging Strikes|p1a: Steelix\n|-supereffective|p1a: Steelix\n|-crit|p1a: Steelix\n|-damage|p1a: Steelix|76\/100\n|-supereffective|p1a: Steelix\n|-crit|p1a: Steelix\n|-damage|p1a: Steelix|51\/100\n|-supereffective|p1a: Steelix\n|-crit|p1a: Steelix\n|-damage|p1a: Steelix|24\/100\n|-hitcount|p1a: Steelix|3\n|move|p1a: Steelix|Gyro Ball|p2a: Urshifu\n|-resisted|p2a: Urshifu\n|-damage|p2a: Urshifu|71\/100\n|\n|upkeep\n|turn|2\n|\n|t:|1699701018\n|move|p2a: Urshifu|Surging Strikes|p1a: Steelix\n|-supereffective|p1a: Steelix\n|-crit|p1a: Steelix\n|-damage|p1a: Steelix|0 fnt\n|faint|p1a: Steelix\n|-hitcount|p1: Steelix|1\n|\n|upkeep\n|\n|t:|1699701023\n|switch|p1a: Xurkitree|Xurkitree, shiny|100\/100\n|turn|3\n|\n|t:|1699701034\n|move|p2a: Urshifu|Surging Strikes|p1a: Xurkitree\n|-crit|p1a: Xurkitree\n|-damage|p1a: Xurkitree|60\/100\n|-crit|p1a: Xurkitree\n|-damage|p1a: Xurkitree|24\/100\n|-crit|p1a: Xurkitree\n|-damage|p1a: Xurkitree|0 fnt\n|faint|p1a: Xurkitree\n|-hitcount|p1: Xurkitree|3\n|\n|upkeep\n|\n|t:|1699701044\n|switch|p1a: Blacephalon|Blacephalon|100\/100\n|turn|4\n|\n|t:|1699701066\n|move|p2a: Urshifu|Surging Strikes|p1a: Blacephalon\n|-supereffective|p1a: Blacephalon\n|-crit|p1a: Blacephalon\n|-damage|p1a: Blacephalon|0 fnt\n|faint|p1a: Blacephalon\n|-hitcount|p1: Blacephalon|1\n|\n|upkeep\n|\n|t:|1699701069\n|switch|p1a: Iron Valiant|Iron Valiant, shiny|100\/100\n|-enditem|p1a: Iron Valiant|Booster Energy\n|-activate|p1a: Iron Valiant|ability: Quark Drive|[fromitem]\n|-start|p1a: Iron Valiant|quarkdrivespe\n|turn|5\n|\n|t:|1699701094\n|switch|p2a: Toxapex|Toxapex, F, shiny|100\/100\n|move|p1a: Iron Valiant|Moonblast|p2a: Toxapex\n|-resisted|p2a: Toxapex\n|-damage|p2a: Toxapex|86\/100\n|-unboost|p2a: Toxapex|spa|1\n|\n|-heal|p2a: Toxapex|93\/100|[from] item: Leftovers\n|upkeep\n|turn|6\n|\n|t:|1699701105\n|-end|p1a: Iron Valiant|Quark Drive|[silent]\n|switch|p1a: Great Tusk|Great Tusk, shiny|100\/100\n|-enditem|p1a: Great Tusk|Booster Energy\n|-activate|p1a: Great Tusk|ability: Protosynthesis|[fromitem]\n|-start|p1a: Great Tusk|protosynthesisdef\n|move|p2a: Toxapex|Toxic|p1a: Great Tusk\n|-status|p1a: Great Tusk|tox\n|\n|-heal|p2a: Toxapex|99\/100|[from] item: Leftovers\n|-damage|p1a: Great Tusk|94\/100 tox|[from] psn\n|upkeep\n|turn|7\n|\n|t:|1699701115\n|move|p1a: Great Tusk|Rapid Spin|p2a: Toxapex\n|-damage|p2a: Toxapex|88\/100\n|-boost|p1a: Great Tusk|spe|1\n|move|p2a: Toxapex|Scald|p1a: Great Tusk\n|-supereffective|p1a: Great Tusk\n|-damage|p1a: Great Tusk|58\/100 tox\n|\n|-heal|p2a: Toxapex|94\/100|[from] item: Leftovers\n|-damage|p1a: Great Tusk|46\/100 tox|[from] psn\n|upkeep\n|turn|8\n|\n|t:|1699701123\n|move|p1a: Great Tusk|Earthquake|p2a: Toxapex\n|-supereffective|p2a: Toxapex\n|-crit|p2a: Toxapex\n|-damage|p2a: Toxapex|0 fnt\n|faint|p2a: Toxapex\n|\n|-damage|p1a: Great Tusk|27\/100 tox|[from] psn\n|upkeep\n|\n|t:|1699701134\n|switch|p2a: Urshifu|Urshifu-Rapid-Strike, M, tera:Water|71\/100\n|turn|9\n|\n|t:|1699701148\n|move|p2a: Urshifu|Surging Strikes|p1a: Great Tusk\n|-supereffective|p1a: Great Tusk\n|-crit|p1a: Great Tusk\n|-damage|p1a: Great Tusk|0 fnt\n|faint|p1a: Great Tusk\n|-end|p1a: Great Tusk|Protosynthesis|[silent]\n|-hitcount|p1: Great Tusk|1\n|\n|upkeep\n|\n|t:|1699701155\n|switch|p1a: Zapdos|Zapdos-Galar|100\/100\n|turn|10\n|\n|t:|1699701168\n|move|p1a: Zapdos|Close Combat|p2a: Urshifu\n|-damage|p2a: Urshifu|9\/100\n|-unboost|p1a: Zapdos|def|1\n|-unboost|p1a: Zapdos|spd|1\n|move|p2a: Urshifu|Surging Strikes|p1a: Zapdos\n|-crit|p1a: Zapdos\n|-damage|p1a: Zapdos|51\/100\n|-crit|p1a: Zapdos\n|-damage|p1a: Zapdos|3\/100\n|-crit|p1a: Zapdos\n|-damage|p1a: Zapdos|0 fnt\n|faint|p1a: Zapdos\n|-hitcount|p1: Zapdos|3\n|\n|upkeep\n|\n|t:|1699701171\n|switch|p1a: Iron Valiant|Iron Valiant, shiny|100\/100\n|turn|11\n|\n|t:|1699701178\n|move|p2a: Urshifu|Surging Strikes|p1a: Iron Valiant\n|-crit|p1a: Iron Valiant\n|-damage|p1a: Iron Valiant|67\/100\n|-crit|p1a: Iron Valiant\n|-damage|p1a: Iron Valiant|29\/100\n|-crit|p1a: Iron Valiant\n|-damage|p1a: Iron Valiant|0 fnt\n|faint|p1a: Iron Valiant\n|-end|p1a: Iron Valiant|Quark Drive|[silent]\n|-hitcount|p1: Iron Valiant|3\n|\n|win|mcelong\n|raw|Aynoxx's rating: 1220 &rarr; <strong>1197<\/strong><br \/>(-23 for losing)\n|raw|mcelong's rating: 1252 &rarr; <strong>1275<\/strong><br \/>(+23 for winning)\n|l|\u2606Aynoxx\n","uploadtime":1699701185,"views":11,"p1id":"aynoxx","p2id":"mcelong","formatid":"gen9nationaldex","rating":1197,"private":0,"password":""}