{"id":"gen9nationaldex-1988292204","p1":"baigu","p2":"PlasmaGruntTboltz","format":"[Gen 9] National Dex","log":"|j|\u2606baigu\n|j|\u2606PlasmaGruntTboltz\n|t:|1699703018\n|gametype|singles\n|player|p1|baigu|dawn|1599\n|player|p2|PlasmaGruntTboltz|guzma|1685\n|teamsize|p1|6\n|teamsize|p2|6\n|gen|9\n|tier|[Gen 9] National Dex\n|rated|\n|rule|HP Percentage Mod: HP is shown in percentages\n|rule|Endless Battle Clause: Forcing endless battles is banned\n|rule|OHKO Clause: OHKO moves are banned\n|rule|Evasion Clause: Evasion abilities, items, and moves are banned\n|rule|Evasion Abilities Clause: Evasion abilities are banned\n|rule|Evasion Items Clause: Evasion items are banned\n|rule|Evasion Moves Clause: Evasion moves are banned\n|rule|Species Clause: Limit one of each Pok\u00e9mon\n|rule|Sleep Clause Mod: Limit one foe put to sleep\n|clearpoke\n|poke|p1|Ursaluna, M|\n|poke|p1|Slowking, F|\n|poke|p1|Tapu Koko|\n|poke|p1|Banette, F|\n|poke|p1|Corviknight, F|\n|poke|p1|Tapu Lele|\n|poke|p2|Haxorus, M|\n|poke|p2|Hatterene, F|\n|poke|p2|Ogerpon-Cornerstone, F|\n|poke|p2|Aegislash, M|\n|poke|p2|Urshifu-*, M|\n|poke|p2|Charizard, M|\n|teampreview\n|inactive|Battle timer is ON: inactive players will automatically lose when time's up. (requested by PlasmaGruntTboltz)\n|\n|t:|1699703028\n|start\n|switch|p1a: Tapu Koko|Tapu Koko|100\/100\n|switch|p2a: Aegislash|Aegislash, M|100\/100\n|-fieldstart|move: Electric Terrain|[from] ability: Electric Surge|[of] p1a: Tapu Koko\n|turn|1\n|\n|t:|1699703033\n|-terastallize|p1a: Tapu Koko|Electric\n|move|p1a: Tapu Koko|Thunderbolt|p2a: Aegislash\n|-damage|p2a: Aegislash|27\/100\n|-formechange|p2a: Aegislash|Aegislash-Blade||[from] ability: Stance Change\n|move|p2a: Aegislash|Shadow Ball|p1a: Tapu Koko\n|-damage|p1a: Tapu Koko|26\/100\n|-unboost|p1a: Tapu Koko|spd|1\n|\n|upkeep\n|turn|2\n|j| KoKohs\n|\n|t:|1699703043\n|move|p2a: Aegislash|Shadow Sneak|p1a: Tapu Koko\n|-damage|p1a: Tapu Koko|2\/100\n|move|p1a: Tapu Koko|Thunderbolt|p2a: Aegislash\n|-damage|p2a: Aegislash|0 fnt\n|faint|p2a: Aegislash\n|\n|upkeep\n|\n|t:|1699703050\n|switch|p2a: Raiden|Haxorus, M, shiny|100\/100\n|-ability|p2a: Raiden|Mold Breaker\n|turn|3\n|\n|t:|1699703055\n|switch|p1a: Corviknight|Corviknight, F|100\/100\n|-ability|p1a: Corviknight|Pressure\n|move|p2a: Raiden|Dragon Dance|p2a: Raiden\n|-boost|p2a: Raiden|atk|1\n|-boost|p2a: Raiden|spe|1\n|\n|upkeep\n|turn|4\n|\n|t:|1699703060\n|move|p2a: Raiden|Dragon Dance|p2a: Raiden\n|-boost|p2a: Raiden|atk|1\n|-boost|p2a: Raiden|spe|1\n|move|p1a: Corviknight|U-turn|p2a: Raiden\n|-damage|p2a: Raiden|81\/100\n|\n|t:|1699703063\n|switch|p1a: Banette|Banette, F|100\/100|[from] U-turn\n|\n|upkeep\n|turn|5\n|\n|t:|1699703067\n|switch|p2a: Charizard|Charizard, M|100\/100\n|detailschange|p1a: Banette|Banette-Mega, F\n|-mega|p1a: Banette|Banette|Banettite\n|move|p1a: Banette|Encore||[still]\n|-fail|p1a: Banette\n|\n|-fieldend|move: Electric Terrain\n|upkeep\n|turn|6\n|\n|t:|1699703070\n|switch|p1a: Slowking|Slowking, F|100\/100\n|detailschange|p2a: Charizard|Charizard-Mega-Y, M\n|-mega|p2a: Charizard|Charizard|Charizardite Y\n|-weather|SunnyDay|[from] ability: Drought|[of] p2a: Charizard\n|move|p2a: Charizard|Fire Blast|p1a: Slowking\n|-resisted|p1a: Slowking\n|-crit|p1a: Slowking\n|-damage|p1a: Slowking|53\/100\n|-status|p1a: Slowking|brn\n|\n|-weather|SunnyDay|[upkeep]\n|-damage|p1a: Slowking|46\/100 brn|[from] brn\n|upkeep\n|turn|7\n|\n|t:|1699703090\n|switch|p1a: Corviknight|Corviknight, F|100\/100\n|-ability|p1a: Corviknight|Pressure\n|move|p2a: Charizard|Solar Beam||[still]\n|-prepare|p2a: Charizard|Solar Beam\n|-anim|p2a: Charizard|Solar Beam|p1a: Corviknight\n|-resisted|p1a: Corviknight\n|-damage|p1a: Corviknight|88\/100\n|\n|-weather|SunnyDay|[upkeep]\n|upkeep\n|turn|8\n|\n|t:|1699703096\n|switch|p1a: Slowking|Slowking, F|80\/100 brn\n|move|p2a: Charizard|Fire Blast|p1a: Slowking\n|-resisted|p1a: Slowking\n|-crit|p1a: Slowking\n|-damage|p1a: Slowking|32\/100 brn\n|\n|-weather|SunnyDay|[upkeep]\n|-damage|p1a: Slowking|26\/100 brn|[from] brn\n|upkeep\n|turn|9\n|c|\u2606PlasmaGruntTboltz|Are u rlly into this right\n|c|\u2606PlasmaGruntTboltz|HAXorus is at my side today e.e\n|\n|t:|1699703126\n|switch|p1a: Tapu Lele|Tapu Lele|100\/100\n|-fieldstart|move: Psychic Terrain|[from] ability: Psychic Surge|[of] p1a: Tapu Lele\n|move|p2a: Charizard|Fire Blast|p1a: Tapu Lele\n|-damage|p1a: Tapu Lele|0 fnt\n|faint|p1a: Tapu Lele\n|\n|-weather|SunnyDay|[upkeep]\n|upkeep\n|\n|t:|1699703132\n|switch|p1a: Tapu Koko|Tapu Koko, tera:Electric|2\/100\n|-fieldstart|move: Electric Terrain|[from] ability: Electric Surge|[of] p1a: Tapu Koko\n|turn|10\n|\n|t:|1699703137\n|switch|p2a: Ogerpon|Ogerpon-Cornerstone, F|100\/100\n|move|p1a: Tapu Koko|Volt Switch|p2a: Ogerpon\n|-resisted|p2a: Ogerpon\n|-damage|p2a: Ogerpon|58\/100\n|\n|t:|1699703146\n|switch|p1a: Corviknight|Corviknight, F|88\/100|[from] Volt Switch\n|-ability|p1a: Corviknight|Pressure\n|\n|-weather|none\n|upkeep\n|turn|11\n|\n|t:|1699703148\n|move|p2a: Ogerpon|Swords Dance|p2a: Ogerpon\n|-boost|p2a: Ogerpon|atk|2\n|move|p1a: Corviknight|U-turn|p2a: Ogerpon\n|-supereffective|p2a: Ogerpon\n|-damage|p2a: Ogerpon|23\/100\n|\n|t:|1699703152\n|switch|p1a: Banette|Banette-Mega, F|100\/100|[from] U-turn\n|\n|upkeep\n|turn|12\n|\n|t:|1699703157\n|move|p2a: Ogerpon|Knock Off|p1a: Banette\n|-supereffective|p1a: Banette\n|-damage|p1a: Banette|0 fnt\n|faint|p1a: Banette\n|\n|upkeep\n|\n|t:|1699703161\n|switch|p1a: Tapu Koko|Tapu Koko, tera:Electric|2\/100\n|turn|13\n|c|\u2606PlasmaGruntTboltz|Use a decent mega evol sir...\n|\n|t:|1699703172\n|move|p1a: Tapu Koko|Volt Switch|p2a: Ogerpon\n|-resisted|p2a: Ogerpon\n|-damage|p2a: Ogerpon|0 fnt\n|faint|p2a: Ogerpon\n|\n|t:|1699703183\n|switch|p1a: Slowking|Slowking, F|60\/100 brn|[from] Volt Switch\n|\n|-damage|p1a: Slowking|54\/100 brn|[from] brn\n|upkeep\n|\n|t:|1699703188\n|switch|p2a: Charizard|Charizard-Mega-Y, M|100\/100\n|-weather|SunnyDay|[from] ability: Drought|[of] p2a: Charizard\n|turn|14\n|\n|t:|1699703193\n|move|p2a: Charizard|Solar Beam||[still]\n|-prepare|p2a: Charizard|Solar Beam\n|-anim|p2a: Charizard|Solar Beam|p1a: Slowking\n|-supereffective|p1a: Slowking\n|-damage|p1a: Slowking|0 fnt\n|faint|p1a: Slowking\n|\n|-weather|SunnyDay|[upkeep]\n|-fieldend|move: Electric Terrain\n|upkeep\n|\n|t:|1699703198\n|switch|p1a: Tapu Koko|Tapu Koko, tera:Electric|2\/100\n|-fieldstart|move: Electric Terrain|[from] ability: Electric Surge|[of] p1a: Tapu Koko\n|turn|15\n|\n|t:|1699703209\n|switch|p2a: Hatterene|Hatterene, F|100\/100\n|move|p1a: Tapu Koko|Volt Switch|p2a: Hatterene\n|-damage|p2a: Hatterene|16\/100\n|\n|t:|1699703215\n|switch|p1a: Ursaluna|Ursaluna, M|100\/100|[from] Volt Switch\n|\n|-weather|SunnyDay|[upkeep]\n|-heal|p2a: Hatterene|22\/100|[from] item: Leftovers\n|-status|p1a: Ursaluna|brn|[from] item: Flame Orb\n|upkeep\n|turn|16\n|\n|t:|1699703221\n|move|p1a: Ursaluna|Facade|p2a: Hatterene\n|-crit|p2a: Hatterene\n|-damage|p2a: Hatterene|0 fnt\n|faint|p2a: Hatterene\n|\n|-weather|SunnyDay|[upkeep]\n|-damage|p1a: Ursaluna|94\/100 brn|[from] brn\n|upkeep\n|\n|t:|1699703224\n|switch|p2a: Raiden|Haxorus, M, shiny|81\/100\n|-ability|p2a: Raiden|Mold Breaker\n|turn|17\n|\n|t:|1699703227\n|move|p2a: Raiden|Close Combat|p1a: Ursaluna\n|-supereffective|p1a: Ursaluna\n|-damage|p1a: Ursaluna|18\/100 brn\n|-unboost|p2a: Raiden|def|1\n|-unboost|p2a: Raiden|spd|1\n|move|p1a: Ursaluna|Facade|p2a: Raiden\n|-damage|p2a: Raiden|0 fnt\n|faint|p2a: Raiden\n|\n|-weather|SunnyDay|[upkeep]\n|-damage|p1a: Ursaluna|12\/100 brn|[from] brn\n|upkeep\n|\n|t:|1699703231\n|switch|p2a: Urshifu|Urshifu-Rapid-Strike, M|100\/100\n|turn|18\n|\n|t:|1699703235\n|move|p2a: Urshifu|Surging Strikes|p1a: Ursaluna\n|-supereffective|p1a: Ursaluna\n|-crit|p1a: Ursaluna\n|-damage|p1a: Ursaluna|0 fnt\n|faint|p1a: Ursaluna\n|-hitcount|p1: Ursaluna|1\n|\n|-weather|none\n|upkeep\n|\n|t:|1699703241\n|switch|p1a: Corviknight|Corviknight, F|88\/100\n|-ability|p1a: Corviknight|Pressure\n|turn|19\n|\n|t:|1699703248\n|-terastallize|p2a: Urshifu|Water\n|move|p2a: Urshifu|Surging Strikes|p1a: Corviknight\n|-crit|p1a: Corviknight\n|-damage|p1a: Corviknight|73\/100\n|-damage|p2a: Urshifu|84\/100|[from] item: Rocky Helmet|[of] p1a: Corviknight\n|-crit|p1a: Corviknight\n|-damage|p1a: Corviknight|55\/100\n|-damage|p2a: Urshifu|68\/100|[from] item: Rocky Helmet|[of] p1a: Corviknight\n|-crit|p1a: Corviknight\n|-damage|p1a: Corviknight|39\/100\n|-damage|p2a: Urshifu|51\/100|[from] item: Rocky Helmet|[of] p1a: Corviknight\n|-hitcount|p1a: Corviknight|3\n|move|p1a: Corviknight|U-turn|p2a: Urshifu\n|-damage|p2a: Urshifu|38\/100\n|\n|t:|1699703261\n|switch|p1a: Tapu Koko|Tapu Koko, tera:Electric|2\/100|[from] U-turn\n|\n|-fieldend|move: Electric Terrain\n|upkeep\n|turn|20\n|\n|t:|1699703265\n|switch|p1a: Corviknight|Corviknight, F|39\/100\n|-ability|p1a: Corviknight|Pressure\n|move|p2a: Urshifu|Surging Strikes|p1a: Corviknight\n|-crit|p1a: Corviknight\n|-damage|p1a: Corviknight|22\/100\n|-damage|p2a: Urshifu|21\/100|[from] item: Rocky Helmet|[of] p1a: Corviknight\n|-crit|p1a: Corviknight\n|-damage|p1a: Corviknight|5\/100\n|-damage|p2a: Urshifu|5\/100|[from] item: Rocky Helmet|[of] p1a: Corviknight\n|-crit|p1a: Corviknight\n|-damage|p1a: Corviknight|0 fnt\n|-damage|p2a: Urshifu|0 fnt|[from] item: Rocky Helmet|[of] p1a: Corviknight\n|faint|p1a: Corviknight\n|faint|p2a: Urshifu\n|-hitcount|p1: Corviknight|3\n|\n|upkeep\n|\n|t:|1699703275\n|switch|p2a: Charizard|Charizard-Mega-Y, M|100\/100\n|switch|p1a: Tapu Koko|Tapu Koko, tera:Electric|2\/100\n|-fieldstart|move: Electric Terrain|[from] ability: Electric Surge|[of] p1a: Tapu Koko\n|-weather|SunnyDay|[from] ability: Drought|[of] p2a: Charizard\n|turn|21\n|\n|t:|1699703278\n|move|p1a: Tapu Koko|Thunderbolt|p2a: Charizard\n|-supereffective|p2a: Charizard\n|-damage|p2a: Charizard|0 fnt\n|faint|p2a: Charizard\n|\n|win|baigu\n|raw|baigu's rating: 1599 &rarr; <strong>1624<\/strong><br \/>(+25 for winning)\n|raw|PlasmaGruntTboltz's rating: 1685 &rarr; <strong>1660<\/strong><br \/>(-25 for losing)\n","uploadtime":1699703281,"views":5,"p1id":"baigu","p2id":"plasmagrunttboltz","formatid":"gen9nationaldex","rating":1624,"private":0,"password":""}