{"id":"gen9nationaldex-1999445607","p1":"randomguyforlife","p2":"0d000721","format":"[Gen 9] National Dex","log":"|html|<div class=\"broadcast-blue\"><strong>[Gen 9] National Dex is currently suspecting Sneasler! For information on how to participate check out the <a href=\"https:\/\/www.smogon.com\/forums\/threads\/sv-national-dex-suspect-8-just-dance.3731534\/\">suspect thread<\/a>.<\/strong><\/div>\n|j|\u2606randomguyforlife\n|j|\u26060d000721\n|t:|1701081718\n|gametype|singles\n|player|p1|randomguyforlife|169|1602\n|player|p2|0d000721|serena-masters3|1586\n|teamsize|p1|6\n|teamsize|p2|6\n|gen|9\n|tier|[Gen 9] National Dex\n|rated|\n|rule|HP Percentage Mod: HP is shown in percentages\n|rule|Endless Battle Clause: Forcing endless battles is banned\n|rule|OHKO Clause: OHKO moves are banned\n|rule|Evasion Clause: Evasion abilities, items, and moves are banned\n|rule|Evasion Abilities Clause: Evasion abilities are banned\n|rule|Evasion Items Clause: Evasion items are banned\n|rule|Evasion Moves Clause: Evasion moves are banned\n|rule|Species Clause: Limit one of each Pok\u00e9mon\n|rule|Sleep Clause Mod: Limit one foe put to sleep\n|clearpoke\n|poke|p1|Altaria, F|\n|poke|p1|Magnezone|\n|poke|p1|Blissey, F|\n|poke|p1|Tapu Lele|\n|poke|p1|Dragonite, F|\n|poke|p1|Landorus-Therian, M|\n|poke|p2|Glimmora, M|\n|poke|p2|Greninja-*, M|\n|poke|p2|Dragonite, M|\n|poke|p2|Heatran, M|\n|poke|p2|Great Tusk|\n|poke|p2|Banette, M|\n|teampreview\n|inactive|Battle timer is ON: inactive players will automatically lose when time's up. (requested by 0d000721)\n|\n|t:|1701081729\n|start\n|switch|p1a: Tapu Lele|Tapu Lele|100\/100\n|switch|p2a: Glimmora|Glimmora, M|100\/100\n|-fieldstart|move: Psychic Terrain|[from] ability: Psychic Surge|[of] p1a: Tapu Lele\n|turn|1\n|\n|t:|1701081734\n|move|p1a: Tapu Lele|Psychic|p2a: Glimmora\n|-supereffective|p2a: Glimmora\n|-enditem|p2a: Glimmora|Focus Sash\n|-damage|p2a: Glimmora|1\/100\n|move|p2a: Glimmora|Stealth Rock|p1a: Tapu Lele\n|-sidestart|p1: randomguyforlife|move: Stealth Rock\n|\n|upkeep\n|turn|2\n|\n|t:|1701081738\n|move|p1a: Tapu Lele|Psychic|p2a: Glimmora\n|-supereffective|p2a: Glimmora\n|-damage|p2a: Glimmora|0 fnt\n|faint|p2a: Glimmora\n|\n|upkeep\n|\n|t:|1701081743\n|switch|p2a: Greninja|Greninja, M|100\/100\n|turn|3\n|\n|t:|1701081747\n|switch|p2a: Great Tusk|Great Tusk|100\/100\n|switch|p1a: Blissey|Blissey, F|100\/100\n|\n|upkeep\n|turn|4\n|\n|t:|1701081751\n|switch|p1a: Landorus|Landorus-Therian, M|100\/100\n|-damage|p1a: Landorus|88\/100|[from] Stealth Rock\n|-ability|p1a: Landorus|Intimidate|boost\n|-unboost|p2a: Great Tusk|atk|1\n|move|p2a: Great Tusk|Ice Spinner|p1a: Landorus\n|-supereffective|p1a: Landorus\n|-damage|p1a: Landorus|0 fnt\n|-fieldend|move: Psychic Terrain\n|faint|p1a: Landorus\n|\n|upkeep\n|\n|t:|1701081764\n|switch|p1a: Tapu Lele|Tapu Lele|100\/100\n|-damage|p1a: Tapu Lele|88\/100|[from] Stealth Rock\n|-fieldstart|move: Psychic Terrain|[from] ability: Psychic Surge|[of] p1a: Tapu Lele\n|turn|5\n|\n|t:|1701081777\n|-end|p2a: Great Tusk|Protosynthesis|[silent]\n|switch|p2a: Heatran|Heatran, M|100\/100\n|move|p1a: Tapu Lele|Moonblast|p2a: Heatran\n|-resisted|p2a: Heatran\n|-damage|p2a: Heatran|81\/100\n|\n|upkeep\n|turn|6\n|\n|t:|1701081786\n|switch|p1a: Magnezone|Magnezone|100\/100\n|-damage|p1a: Magnezone|94\/100|[from] Stealth Rock\n|move|p2a: Heatran|Magma Storm|p1a: Magnezone\n|-supereffective|p1a: Magnezone\n|-damage|p1a: Magnezone|0 fnt\n|faint|p1a: Magnezone\n|\n|upkeep\n|\n|t:|1701081796\n|switch|p1a: Blissey|Blissey, F|100\/100\n|turn|7\n|\n|t:|1701081807\n|switch|p2a: Great Tusk|Great Tusk|100\/100\n|move|p1a: Blissey|Stealth Rock|p2a: Great Tusk\n|-sidestart|p2: 0d000721|move: Stealth Rock\n|\n|upkeep\n|turn|8\n|\n|t:|1701081812\n|move|p2a: Great Tusk|Rapid Spin|p1a: Blissey\n|-damage|p1a: Blissey|85\/100\n|-boost|p2a: Great Tusk|spe|1\n|-sideend|p2: 0d000721|Stealth Rock|[from] move: Rapid Spin|[of] p2a: Great Tusk\n|move|p1a: Blissey|Teleport|p1a: Blissey\n|\n|t:|1701081816\n|switch|p1a: Dragonite|Dragonite, F|100\/100|[from] Teleport\n|\n|upkeep\n|turn|9\n|\n|t:|1701081822\n|move|p2a: Great Tusk|Rapid Spin|p1a: Dragonite\n|-damage|p1a: Dragonite|91\/100\n|-boost|p2a: Great Tusk|spe|1\n|move|p1a: Dragonite|Dragon Dance|p1a: Dragonite\n|-boost|p1a: Dragonite|atk|1\n|-boost|p1a: Dragonite|spe|1\n|\n|-fieldend|move: Psychic Terrain\n|upkeep\n|turn|10\n|\n|t:|1701081825\n|move|p2a: Great Tusk|Ice Spinner|p1a: Dragonite\n|-supereffective|p1a: Dragonite\n|-damage|p1a: Dragonite|0 fnt\n|faint|p1a: Dragonite\n|\n|upkeep\n|-message|randomguyforlife forfeited.\n|\n|win|0d000721\n|raw|randomguyforlife's rating: 1602 &rarr; <strong>1581<\/strong><br \/>(-21 for losing)\n|raw|0d000721's rating: 1586 &rarr; <strong>1607<\/strong><br \/>(+21 for winning)\n|l|\u2606randomguyforlife\n","uploadtime":1701081927,"views":5,"p1id":"randomguyforlife","p2id":"0d000721","formatid":"gen9nationaldex","rating":1581,"private":0,"password":""}