{"id":"gen9nationaldex-1992923346","p1":"EchoSwanko","p2":"the6cats","format":"[Gen 9] National Dex","log":"|j|\u2606EchoSwanko\n|j|\u2606the6cats\n|t:|1700247187\n|gametype|singles\n|player|p1|EchoSwanko|102|1093\n|player|p2|the6cats|caitlin|1134\n|teamsize|p1|6\n|teamsize|p2|6\n|gen|9\n|tier|[Gen 9] National Dex\n|rated|\n|rule|HP Percentage Mod: HP is shown in percentages\n|rule|Endless Battle Clause: Forcing endless battles is banned\n|rule|OHKO Clause: OHKO moves are banned\n|rule|Evasion Clause: Evasion abilities, items, and moves are banned\n|rule|Evasion Abilities Clause: Evasion abilities are banned\n|rule|Evasion Items Clause: Evasion items are banned\n|rule|Evasion Moves Clause: Evasion moves are banned\n|rule|Species Clause: Limit one of each Pok\u00e9mon\n|rule|Sleep Clause Mod: Limit one foe put to sleep\n|clearpoke\n|poke|p1|Swampert, M|\n|poke|p1|Kartana|\n|poke|p1|Iron Valiant|\n|poke|p1|Samurott-Hisui, F|\n|poke|p1|Zapdos|\n|poke|p1|Moltres|\n|poke|p2|Umbreon, F|\n|poke|p2|Gliscor, M|\n|poke|p2|Iron Valiant|\n|poke|p2|Reuniclus, M|\n|poke|p2|Scizor, M|\n|poke|p2|Feraligatr, F|\n|teampreview\n|\n|t:|1700247194\n|start\n|switch|p1a: Zapdos|Zapdos|100\/100\n|switch|p2a: Feraligatr|Feraligatr, F|100\/100\n|turn|1\n|\n|t:|1700247199\n|-terastallize|p2a: Feraligatr|Steel\n|move|p1a: Zapdos|Discharge|p2a: Feraligatr\n|-damage|p2a: Feraligatr|64\/100\n|move|p2a: Feraligatr|Dragon Dance|p2a: Feraligatr\n|-boost|p2a: Feraligatr|atk|1\n|-boost|p2a: Feraligatr|spe|1\n|\n|upkeep\n|turn|2\n|\n|t:|1700247208\n|move|p2a: Feraligatr|Ice Punch|p1a: Zapdos\n|-supereffective|p1a: Zapdos\n|-crit|p1a: Zapdos\n|-damage|p1a: Zapdos|0 fnt\n|faint|p1a: Zapdos\n|\n|upkeep\n|\n|t:|1700247213\n|switch|p1a: Samurott|Samurott-Hisui, F|100\/100\n|turn|3\n|\n|t:|1700247219\n|move|p2a: Feraligatr|Liquidation|p1a: Samurott\n|-resisted|p1a: Samurott\n|-crit|p1a: Samurott\n|-damage|p1a: Samurott|4\/100\n|-damage|p2a: Feraligatr|47\/100|[from] item: Rocky Helmet|[of] p1a: Samurott\n|move|p1a: Samurott|Lash Out|p2a: Feraligatr\n|-damage|p2a: Feraligatr|12\/100\n|\n|upkeep\n|turn|4\n|\n|t:|1700247229\n|move|p2a: Feraligatr|Liquidation|p1a: Samurott\n|-resisted|p1a: Samurott\n|-damage|p1a: Samurott|0 fnt\n|-damage|p2a: Feraligatr|0 fnt|[from] item: Rocky Helmet|[of] p1a: Samurott\n|faint|p1a: Samurott\n|faint|p2a: Feraligatr\n|\n|upkeep\n|\n|t:|1700247236\n|switch|p1a: Moltres|Moltres|100\/100\n|switch|p2a: Scizor|Scizor, M|100\/100\n|turn|5\n|\n|t:|1700247240\n|switch|p2a: Reuniclus|Reuniclus, M|100\/100\n|move|p1a: Moltres|Overheat|p2a: Reuniclus\n|-damage|p2a: Reuniclus|48\/100\n|-unboost|p1a: Moltres|spa|2\n|\n|upkeep\n|turn|6\n|\n|t:|1700247247\n|move|p1a: Moltres|Hurricane|p2a: Reuniclus|[miss]\n|-miss|p1a: Moltres|p2a: Reuniclus\n|move|p2a: Reuniclus|Recover|p2a: Reuniclus\n|-heal|p2a: Reuniclus|98\/100\n|\n|upkeep\n|turn|7\n|\n|t:|1700247253\n|move|p1a: Moltres|Hurricane|p2a: Reuniclus|[miss]\n|-miss|p1a: Moltres|p2a: Reuniclus\n|move|p2a: Reuniclus|Calm Mind|p2a: Reuniclus\n|-boost|p2a: Reuniclus|spa|1\n|-boost|p2a: Reuniclus|spd|1\n|\n|upkeep\n|turn|8\n|\n|t:|1700247261\n|-terastallize|p1a: Moltres|Fire\n|move|p1a: Moltres|Flare Blitz|p2a: Reuniclus\n|-damage|p2a: Reuniclus|40\/100\n|-damage|p1a: Moltres|77\/100|[from] Recoil\n|move|p2a: Reuniclus|Psychic|p1a: Moltres\n|-damage|p1a: Moltres|0 fnt\n|faint|p1a: Moltres\n|\n|upkeep\n|\n|t:|1700247270\n|switch|p1a: Swampert|Swampert, M|100\/100\n|turn|9\n|\n|t:|1700247274\n|detailschange|p1a: Swampert|Swampert-Mega, M\n|-mega|p1a: Swampert|Swampert|Swampertite\n|move|p1a: Swampert|Surf|p2a: Reuniclus\n|-damage|p2a: Reuniclus|23\/100\n|move|p2a: Reuniclus|Psychic|p1a: Swampert\n|-damage|p1a: Swampert|55\/100\n|-unboost|p1a: Swampert|spd|1\n|\n|upkeep\n|turn|10\n|\n|t:|1700247282\n|move|p1a: Swampert|Earthquake|p2a: Reuniclus\n|-damage|p2a: Reuniclus|0 fnt\n|faint|p2a: Reuniclus\n|\n|upkeep\n|\n|t:|1700247286\n|switch|p2a: Scizor|Scizor, M|100\/100\n|turn|11\n|\n|t:|1700247292\n|detailschange|p2a: Scizor|Scizor-Mega, M\n|-mega|p2a: Scizor|Scizor|Scizorite\n|move|p2a: Scizor|Swords Dance|p2a: Scizor\n|-boost|p2a: Scizor|atk|2\n|move|p1a: Swampert|Earthquake|p2a: Scizor\n|-damage|p2a: Scizor|57\/100\n|\n|upkeep\n|turn|12\n|\n|t:|1700247299\n|move|p2a: Scizor|Trailblaze|p1a: Swampert\n|-supereffective|p1a: Swampert\n|-damage|p1a: Swampert|0 fnt\n|-boost|p2a: Scizor|spe|1\n|faint|p1a: Swampert\n|\n|upkeep\n|\n|t:|1700247306\n|switch|p1a: Kartana|Kartana|100\/100\n|turn|13\n|\n|t:|1700247321\n|move|p2a: Scizor|Close Combat|p1a: Kartana\n|-supereffective|p1a: Kartana\n|-damage|p1a: Kartana|0 fnt\n|-unboost|p2a: Scizor|def|1\n|-unboost|p2a: Scizor|spd|1\n|faint|p1a: Kartana\n|\n|upkeep\n|\n|t:|1700247327\n|switch|p1a: Iron Valiant|Iron Valiant|100\/100\n|turn|14\n|\n|t:|1700247330\n|move|p2a: Scizor|Bullet Punch|p1a: Iron Valiant\n|-supereffective|p1a: Iron Valiant\n|-damage|p1a: Iron Valiant|0 fnt\n|faint|p1a: Iron Valiant\n|-end|p1a: Iron Valiant|Quark Drive|[silent]\n|\n|win|the6cats\n|raw|EchoSwanko's rating: 1093 &rarr; <strong>1072<\/strong><br \/>(-21 for losing)\n|raw|the6cats's rating: 1134 &rarr; <strong>1156<\/strong><br \/>(+22 for winning)\n|c|\u2606EchoSwanko|gg\n|l|\u2606EchoSwanko\n","uploadtime":1700247340,"views":6,"p1id":"echoswanko","p2id":"the6cats","formatid":"gen9nationaldex","rating":1072,"private":0,"password":""}