{"id":"gen9nationaldex-1992703650","p1":"testing a funni3","p2":"chillimillio","format":"[Gen 9] National Dex","log":"|j|\u2606testing a funni3\n|j|\u2606chillimillio\n|t:|1700227162\n|gametype|singles\n|player|p1|testing a funni3|unknownf|1495\n|player|p2|chillimillio|1|1403\n|teamsize|p1|6\n|teamsize|p2|6\n|gen|9\n|tier|[Gen 9] National Dex\n|rated|\n|rule|HP Percentage Mod: HP is shown in percentages\n|rule|Endless Battle Clause: Forcing endless battles is banned\n|rule|OHKO Clause: OHKO moves are banned\n|rule|Evasion Clause: Evasion abilities, items, and moves are banned\n|rule|Evasion Abilities Clause: Evasion abilities are banned\n|rule|Evasion Items Clause: Evasion items are banned\n|rule|Evasion Moves Clause: Evasion moves are banned\n|rule|Species Clause: Limit one of each Pok\u00e9mon\n|rule|Sleep Clause Mod: Limit one foe put to sleep\n|clearpoke\n|poke|p1|Latios, M|\n|poke|p1|Buzzwole|\n|poke|p1|Gliscor, F|\n|poke|p1|Weavile, F|\n|poke|p1|Heatran, F|\n|poke|p1|Ogerpon-Wellspring, F|\n|poke|p2|Dragonite, F|\n|poke|p2|Torkoal, F|\n|poke|p2|Venusaur, F|\n|poke|p2|Ferrothorn, M|\n|poke|p2|Great Tusk|\n|poke|p2|Lilligant-Hisui, F|\n|teampreview\n|\n|t:|1700227179\n|start\n|switch|p1a: Heatran|Heatran, F|100\/100\n|switch|p2a: Dragonite|Dragonite, F|100\/100\n|turn|1\n|\n|t:|1700227188\n|switch|p1a: Gliscor|Gliscor, F|100\/100\n|move|p2a: Dragonite|Substitute|p2a: Dragonite\n|-start|p2a: Dragonite|Substitute\n|-damage|p2a: Dragonite|76\/100\n|\n|-heal|p2a: Dragonite|82\/100|[from] item: Leftovers\n|-status|p1a: Gliscor|tox|[from] item: Toxic Orb\n|upkeep\n|turn|2\n|\n|t:|1700227200\n|switch|p1a: Buzzwole|Buzzwole|100\/100\n|move|p2a: Dragonite|Dragon Dance|p2a: Dragonite\n|-boost|p2a: Dragonite|atk|1\n|-boost|p2a: Dragonite|spe|1\n|\n|-heal|p2a: Dragonite|88\/100|[from] item: Leftovers\n|upkeep\n|turn|3\n|\n|t:|1700227210\n|move|p2a: Dragonite|Fire Punch|p1a: Buzzwole\n|-supereffective|p1a: Buzzwole\n|-damage|p1a: Buzzwole|61\/100\n|move|p1a: Buzzwole|Ice Punch|p2a: Dragonite\n|-supereffective|p2a: Dragonite\n|-end|p2a: Dragonite|Substitute\n|\n|-heal|p2a: Dragonite|94\/100|[from] item: Leftovers\n|upkeep\n|turn|4\n|\n|t:|1700227233\n|-terastallize|p2a: Dragonite|Normal\n|move|p2a: Dragonite|Dragon Dance|p2a: Dragonite\n|-boost|p2a: Dragonite|atk|1\n|-boost|p2a: Dragonite|spe|1\n|move|p1a: Buzzwole|Bulk Up|p1a: Buzzwole\n|-boost|p1a: Buzzwole|atk|1\n|-boost|p1a: Buzzwole|def|1\n|\n|-heal|p2a: Dragonite|100\/100|[from] item: Leftovers\n|upkeep\n|turn|5\n|\n|t:|1700227244\n|move|p2a: Dragonite|Fire Punch|p1a: Buzzwole\n|-supereffective|p1a: Buzzwole\n|-damage|p1a: Buzzwole|26\/100\n|move|p1a: Buzzwole|Drain Punch|p2a: Dragonite\n|-supereffective|p2a: Dragonite\n|-damage|p2a: Dragonite|54\/100\n|-heal|p1a: Buzzwole|48\/100|[from] drain|[of] p2a: Dragonite\n|\n|-heal|p2a: Dragonite|60\/100|[from] item: Leftovers\n|upkeep\n|turn|6\n|\n|t:|1700227259\n|move|p2a: Dragonite|Fire Punch|p1a: Buzzwole\n|-supereffective|p1a: Buzzwole\n|-damage|p1a: Buzzwole|10\/100\n|move|p1a: Buzzwole|Drain Punch|p2a: Dragonite\n|-supereffective|p2a: Dragonite\n|-damage|p2a: Dragonite|0 fnt\n|-heal|p1a: Buzzwole|37\/100|[from] drain|[of] p2a: Dragonite\n|faint|p2a: Dragonite\n|-ability|p1a: Buzzwole|Beast Boost|boost\n|-boost|p1a: Buzzwole|def|1\n|\n|upkeep\n|\n|t:|1700227271\n|switch|p2a: Torkoal|Torkoal, F|100\/100\n|-weather|SunnyDay|[from] ability: Drought|[of] p2a: Torkoal\n|turn|7\n|\n|t:|1700227279\n|switch|p1a: Heatran|Heatran, F|100\/100\n|move|p2a: Torkoal|Stealth Rock|p1a: Heatran\n|-sidestart|p1: testing a funni3|move: Stealth Rock\n|\n|-weather|SunnyDay|[upkeep]\n|upkeep\n|turn|8\n|\n|t:|1700227286\n|move|p1a: Heatran|Magma Storm|p2a: Torkoal|[miss]\n|-miss|p1a: Heatran|p2a: Torkoal\n|move|p2a: Torkoal|Yawn|p1a: Heatran\n|-start|p1a: Heatran|move: Yawn|[of] p2a: Torkoal\n|\n|-weather|SunnyDay|[upkeep]\n|upkeep\n|turn|9\n|\n|t:|1700227311\n|switch|p1a: Gliscor|Gliscor, F|100\/100 tox\n|-damage|p1a: Gliscor|88\/100 tox|[from] Stealth Rock\n|switch|p2a: Great Tusk|Great Tusk|100\/100\n|-activate|p2a: Great Tusk|ability: Protosynthesis\n|-start|p2a: Great Tusk|protosynthesisdef\n|\n|-weather|SunnyDay|[upkeep]\n|-heal|p1a: Gliscor|100\/100 tox|[from] ability: Poison Heal\n|upkeep\n|turn|10\n|inactive|Battle timer is ON: inactive players will automatically lose when time's up. (requested by testing a funni3)\n|\n|t:|1700227331\n|-end|p2a: Great Tusk|Protosynthesis|[silent]\n|switch|p2a: Venusaur|Venusaur, F|100\/100\n|move|p1a: Gliscor|Toxic|p2a: Venusaur\n|-immune|p2a: Venusaur\n|\n|-weather|SunnyDay|[upkeep]\n|upkeep\n|turn|11\n|\n|t:|1700227349\n|switch|p2a: Lilligant|Lilligant-Hisui, F|100\/100\n|move|p1a: Gliscor|Defog|p2a: Lilligant\n|-unboost|p2a: Lilligant|evasion|1\n|-sideend|p1: testing a funni3|Stealth Rock|[from] move: Defog|[of] p1a: Gliscor\n|\n|-weather|SunnyDay|[upkeep]\n|upkeep\n|turn|12\n|\n|t:|1700227360\n|move|p2a: Lilligant|Swords Dance|p2a: Lilligant\n|-boost|p2a: Lilligant|atk|2\n|move|p1a: Gliscor|Toxic|p2a: Lilligant\n|-status|p2a: Lilligant|tox\n|\n|-weather|SunnyDay|[upkeep]\n|-damage|p2a: Lilligant|94\/100 tox|[from] psn\n|upkeep\n|turn|13\n|\n|t:|1700227371\n|move|p2a: Lilligant|Ice Spinner|p1a: Gliscor\n|-supereffective|p1a: Gliscor\n|-damage|p1a: Gliscor|0 fnt\n|faint|p1a: Gliscor\n|\n|-weather|SunnyDay|[upkeep]\n|-damage|p2a: Lilligant|82\/100 tox|[from] psn\n|upkeep\n|\n|t:|1700227379\n|switch|p1a: Buzzwole|Buzzwole|37\/100\n|turn|14\n|\n|t:|1700227388\n|move|p2a: Lilligant|Ice Spinner|p1a: Buzzwole\n|-damage|p1a: Buzzwole|17\/100\n|move|p1a: Buzzwole|Roost|p1a: Buzzwole\n|-heal|p1a: Buzzwole|67\/100\n|-singleturn|p1a: Buzzwole|move: Roost\n|\n|-weather|none\n|-damage|p2a: Lilligant|64\/100 tox|[from] psn\n|upkeep\n|turn|15\n|\n|t:|1700227397\n|move|p2a: Lilligant|Close Combat|p1a: Buzzwole\n|-resisted|p1a: Buzzwole\n|-damage|p1a: Buzzwole|40\/100\n|-unboost|p2a: Lilligant|def|1\n|-unboost|p2a: Lilligant|spd|1\n|move|p1a: Buzzwole|Bulk Up|p1a: Buzzwole\n|-boost|p1a: Buzzwole|atk|1\n|-boost|p1a: Buzzwole|def|1\n|\n|-damage|p2a: Lilligant|40\/100 tox|[from] psn\n|upkeep\n|turn|16\n|\n|t:|1700227410\n|switch|p2a: Torkoal|Torkoal, F|100\/100\n|-weather|SunnyDay|[from] ability: Drought|[of] p2a: Torkoal\n|move|p1a: Buzzwole|Roost|p1a: Buzzwole\n|-heal|p1a: Buzzwole|90\/100\n|-singleturn|p1a: Buzzwole|move: Roost\n|\n|-weather|SunnyDay|[upkeep]\n|upkeep\n|turn|17\n|\n|t:|1700227420\n|move|p1a: Buzzwole|Drain Punch|p2a: Torkoal\n|-damage|p2a: Torkoal|67\/100\n|-heal|p1a: Buzzwole|100\/100|[from] drain|[of] p2a: Torkoal\n|move|p2a: Torkoal|Yawn|p1a: Buzzwole\n|-start|p1a: Buzzwole|move: Yawn|[of] p2a: Torkoal\n|\n|-weather|SunnyDay|[upkeep]\n|upkeep\n|turn|18\n|\n|t:|1700227434\n|switch|p1a: Latios|Latios, M|100\/100\n|switch|p2a: Great Tusk|Great Tusk|100\/100\n|-activate|p2a: Great Tusk|ability: Protosynthesis\n|-start|p2a: Great Tusk|protosynthesisdef\n|\n|-weather|SunnyDay|[upkeep]\n|upkeep\n|turn|19\n|\n|t:|1700227449\n|-end|p2a: Great Tusk|Protosynthesis|[silent]\n|switch|p2a: Ferrothorn|Ferrothorn, M|100\/100\n|detailschange|p1a: Latios|Latios-Mega, M\n|-mega|p1a: Latios|Latios|Latiosite\n|move|p1a: Latios|Psychic|p2a: Ferrothorn\n|-resisted|p2a: Ferrothorn\n|-damage|p2a: Ferrothorn|83\/100\n|\n|-weather|SunnyDay|[upkeep]\n|upkeep\n|turn|20\n|\n|t:|1700227465\n|move|p1a: Latios|Mystical Fire|p2a: Ferrothorn\n|-supereffective|p2a: Ferrothorn\n|-damage|p2a: Ferrothorn|0 fnt\n|faint|p2a: Ferrothorn\n|\n|-weather|SunnyDay|[upkeep]\n|upkeep\n|-message|chillimillio forfeited.\n|\n|win|testing a funni3\n|raw|testing a funni3's rating: 1495 &rarr; <strong>1510<\/strong><br \/>(+15 for winning)\n|raw|chillimillio's rating: 1403 &rarr; <strong>1388<\/strong><br \/>(-15 for losing)\n|l|\u2606chillimillio\n","uploadtime":1700227475,"views":7,"p1id":"testingafunni3","p2id":"chillimillio","formatid":"gen9nationaldex","rating":1388,"private":0,"password":""}