{"id":"gen9nationaldex-1988821638","p1":"Yuanshen61\u6211\u8981\u73a9\u539f\u795e","p2":"smallbaboon","format":"[Gen 9] National Dex","log":"|j|\u2606Yuanshen61\u6211\u8981\u73a9\u539f\u795e\n|j|\u2606smallbaboon\n|t:|1699768256\n|gametype|singles\n|player|p1|Yuanshen61\u6211\u8981\u73a9\u539f\u795e|dawn-contest|1324\n|player|p2|smallbaboon|iono|1351\n|teamsize|p1|6\n|teamsize|p2|6\n|gen|9\n|tier|[Gen 9] National Dex\n|rated|\n|rule|HP Percentage Mod: HP is shown in percentages\n|rule|Endless Battle Clause: Forcing endless battles is banned\n|rule|OHKO Clause: OHKO moves are banned\n|rule|Evasion Clause: Evasion abilities, items, and moves are banned\n|rule|Evasion Abilities Clause: Evasion abilities are banned\n|rule|Evasion Items Clause: Evasion items are banned\n|rule|Evasion Moves Clause: Evasion moves are banned\n|rule|Species Clause: Limit one of each Pok\u00e9mon\n|rule|Sleep Clause Mod: Limit one foe put to sleep\n|clearpoke\n|poke|p1|Kyurem|\n|poke|p1|Dondozo, F|\n|poke|p1|Hoopa-Unbound|\n|poke|p1|Jirachi|\n|poke|p1|Glimmora, F|\n|poke|p1|Garganacl, F|\n|poke|p2|Grimmsnarl, M|\n|poke|p2|Armarouge, F|\n|poke|p2|Aerodactyl, F|\n|poke|p2|Urshifu-*, M|\n|poke|p2|Jellicent, F|\n|poke|p2|Hitmonlee, M|\n|teampreview\n|inactive|Battle timer is ON: inactive players will automatically lose when time's up. (requested by Yuanshen61\u6211\u8981\u73a9\u539f\u795e)\n|\n|t:|1699768264\n|start\n|switch|p1a: \u8bfa\u827e\u5c14|Glimmora, F, shiny|100\/100\n|switch|p2a: Urshifu|Urshifu-Rapid-Strike, M|100\/100\n|turn|1\n|\n|t:|1699768269\n|move|p2a: Urshifu|Surging Strikes|p1a: \u8bfa\u827e\u5c14\n|-supereffective|p1a: \u8bfa\u827e\u5c14\n|-crit|p1a: \u8bfa\u827e\u5c14\n|-damage|p1a: \u8bfa\u827e\u5c14|46\/100\n|-activate|p1a: \u8bfa\u827e\u5c14|ability: Toxic Debris\n|-sidestart|p2: smallbaboon|move: Toxic Spikes\n|-supereffective|p1a: \u8bfa\u827e\u5c14\n|-crit|p1a: \u8bfa\u827e\u5c14\n|-damage|p1a: \u8bfa\u827e\u5c14|0 fnt\n|-activate|p1a: \u8bfa\u827e\u5c14|ability: Toxic Debris\n|-sidestart|p2: smallbaboon|move: Toxic Spikes\n|faint|p1a: \u8bfa\u827e\u5c14\n|-hitcount|p1: \u8bfa\u827e\u5c14|2\n|\n|upkeep\n|\n|t:|1699768273\n|switch|p1a: \u541e\u661f\u4e4b\u9cb8|Dondozo, F, shiny|100\/100\n|turn|2\n|\n|t:|1699768279\n|switch|p2a: Aerodactyl|Aerodactyl, F|100\/100\n|-ability|p2a: Aerodactyl|Pressure\n|move|p1a: \u541e\u661f\u4e4b\u9cb8|Wave Crash|p2a: Aerodactyl\n|-supereffective|p2a: Aerodactyl\n|-damage|p2a: Aerodactyl|0 fnt\n|faint|p2a: Aerodactyl\n|-damage|p1a: \u541e\u661f\u4e4b\u9cb8|81\/100|[from] Recoil\n|\n|upkeep\n|\n|t:|1699768288\n|switch|p2a: Jellicent|Jellicent, F, shiny|100\/100\n|-status|p2a: Jellicent|tox\n|turn|3\n|\n|t:|1699768294\n|switch|p1a: \u6797\u5c3c|Hoopa-Unbound|100\/100\n|move|p2a: Jellicent|Toxic|p1a: \u6797\u5c3c|[miss]\n|-miss|p2a: Jellicent|p1a: \u6797\u5c3c\n|\n|-damage|p2a: Jellicent|94\/100 tox|[from] psn\n|upkeep\n|turn|4\n|\n|t:|1699768299\n|switch|p2a: Grimmsnarl|Grimmsnarl, M|100\/100\n|-status|p2a: Grimmsnarl|tox\n|move|p1a: \u6797\u5c3c|Dark Pulse|p2a: Grimmsnarl\n|-resisted|p2a: Grimmsnarl\n|-damage|p2a: Grimmsnarl|85\/100 tox\n|\n|-damage|p2a: Grimmsnarl|79\/100 tox|[from] psn\n|upkeep\n|turn|5\n|\n|t:|1699768310\n|switch|p1a: \u541e\u661f\u4e4b\u9cb8|Dondozo, F, shiny|81\/100\n|move|p2a: Grimmsnarl|Reflect|p2a: Grimmsnarl\n|-sidestart|p2: smallbaboon|Reflect\n|\n|-damage|p2a: Grimmsnarl|67\/100 tox|[from] psn\n|upkeep\n|turn|6\n|\n|t:|1699768313\n|move|p2a: Grimmsnarl|Light Screen|p2a: Grimmsnarl\n|-sidestart|p2: smallbaboon|move: Light Screen\n|move|p1a: \u541e\u661f\u4e4b\u9cb8|Wave Crash|p2a: Grimmsnarl\n|-damage|p2a: Grimmsnarl|15\/100 tox\n|-damage|p1a: \u541e\u661f\u4e4b\u9cb8|67\/100|[from] Recoil\n|\n|-damage|p2a: Grimmsnarl|0 fnt|[from] psn\n|faint|p2a: Grimmsnarl\n|upkeep\n|\n|t:|1699768318\n|switch|p2a: Urshifu|Urshifu-Rapid-Strike, M|100\/100\n|-status|p2a: Urshifu|tox\n|turn|7\n|\n|t:|1699768321\n|move|p2a: Urshifu|Swords Dance|p2a: Urshifu\n|-boost|p2a: Urshifu|atk|2\n|move|p1a: \u541e\u661f\u4e4b\u9cb8|Wave Crash|p2a: Urshifu\n|-resisted|p2a: Urshifu\n|-crit|p2a: Urshifu\n|-damage|p2a: Urshifu|36\/100 tox\n|-damage|p1a: \u541e\u661f\u4e4b\u9cb8|53\/100|[from] Recoil\n|\n|-damage|p2a: Urshifu|30\/100 tox|[from] psn\n|upkeep\n|turn|8\n|\n|t:|1699768324\n|move|p2a: Urshifu|Drain Punch|p1a: \u541e\u661f\u4e4b\u9cb8\n|-damage|p1a: \u541e\u661f\u4e4b\u9cb8|29\/100\n|-heal|p2a: Urshifu|48\/100 tox|[from] drain|[of] p1a: \u541e\u661f\u4e4b\u9cb8\n|move|p1a: \u541e\u661f\u4e4b\u9cb8|Wave Crash|p2a: Urshifu\n|-resisted|p2a: Urshifu\n|-damage|p2a: Urshifu|26\/100 tox\n|-damage|p1a: \u541e\u661f\u4e4b\u9cb8|24\/100|[from] Recoil\n|\n|-damage|p2a: Urshifu|13\/100 tox|[from] psn\n|upkeep\n|turn|9\n|\n|t:|1699768333\n|move|p2a: Urshifu|Drain Punch|p1a: \u541e\u661f\u4e4b\u9cb8\n|-damage|p1a: \u541e\u661f\u4e4b\u9cb8|0 fnt\n|-heal|p2a: Urshifu|31\/100 tox|[from] drain|[of] p1a: \u541e\u661f\u4e4b\u9cb8\n|faint|p1a: \u541e\u661f\u4e4b\u9cb8\n|\n|-damage|p2a: Urshifu|13\/100 tox|[from] psn\n|upkeep\n|\n|t:|1699768339\n|switch|p1a: \u85ff\u85ff|Jirachi, shiny|100\/100\n|turn|10\n|\n|t:|1699768345\n|move|p1a: \u85ff\u85ff|Iron Head|p2a: Urshifu\n|-resisted|p2a: Urshifu\n|-damage|p2a: Urshifu|5\/100 tox\n|cant|p2a: Urshifu|flinch\n|\n|-damage|p2a: Urshifu|0 fnt|[from] psn\n|faint|p2a: Urshifu\n|upkeep\n|\n|t:|1699768353\n|switch|p2a: Armarouge|Armarouge, F|100\/100\n|-status|p2a: Armarouge|tox\n|turn|11\n|\n|t:|1699768357\n|switch|p1a: \u6797\u5c3c|Hoopa-Unbound|100\/100\n|move|p2a: Armarouge|Armor Cannon|p1a: \u6797\u5c3c\n|-damage|p1a: \u6797\u5c3c|43\/100\n|-unboost|p2a: Armarouge|def|1\n|-unboost|p2a: Armarouge|spd|1\n|\n|-damage|p2a: Armarouge|94\/100 tox|[from] psn\n|upkeep\n|turn|12\n|\n|t:|1699768363\n|switch|p2a: Jellicent|Jellicent, F, shiny|94\/100 tox\n|move|p1a: \u6797\u5c3c|Dark Pulse|p2a: Jellicent\n|-supereffective|p2a: Jellicent\n|-damage|p2a: Jellicent|40\/100 tox\n|\n|-heal|p2a: Jellicent|46\/100 tox|[from] item: Leftovers\n|-damage|p2a: Jellicent|40\/100 tox|[from] psn\n|-sideend|p2: smallbaboon|Reflect\n|upkeep\n|turn|13\n|\n|t:|1699768366\n|move|p1a: \u6797\u5c3c|Dark Pulse|p2a: Jellicent\n|-supereffective|p2a: Jellicent\n|-damage|p2a: Jellicent|0 fnt\n|faint|p2a: Jellicent\n|\n|-sideend|p2: smallbaboon|move: Light Screen\n|upkeep\n|\n|t:|1699768368\n|switch|p2a: Hitmonlee|Hitmonlee, M|100\/100\n|-status|p2a: Hitmonlee|tox\n|turn|14\n|\n|t:|1699768372\n|switch|p1a: \u5362\u5361|Garganacl, F, shiny|100\/100\n|move|p2a: Hitmonlee|Swagger|p1a: \u5362\u5361\n|-boost|p1a: \u5362\u5361|atk|2\n|-enditem|p2a: Hitmonlee|Mirror Herb\n|-boost|p2a: Hitmonlee|atk|2|[from] item: Mirror Herb\n|-start|p1a: \u5362\u5361|confusion\n|\n|-damage|p2a: Hitmonlee|94\/100 tox|[from] psn\n|upkeep\n|turn|15\n|\n|t:|1699768376\n|move|p2a: Hitmonlee|Rolling Kick|p1a: \u5362\u5361\n|-supereffective|p1a: \u5362\u5361\n|-damage|p1a: \u5362\u5361|7\/100\n|cant|p1a: \u5362\u5361|flinch\n|\n|-damage|p2a: Hitmonlee|82\/100 tox|[from] psn\n|upkeep\n|turn|16\n|\n|t:|1699768379\n|move|p2a: Hitmonlee|Mach Punch|p1a: \u5362\u5361\n|-supereffective|p1a: \u5362\u5361\n|-damage|p1a: \u5362\u5361|0 fnt\n|faint|p1a: \u5362\u5361\n|\n|-damage|p2a: Hitmonlee|63\/100 tox|[from] psn\n|upkeep\n|\n|t:|1699768389\n|switch|p1a: \u85ff\u85ff|Jirachi, shiny|100\/100\n|turn|17\n|\n|t:|1699768391\n|move|p2a: Hitmonlee|Knock Off|p1a: \u85ff\u85ff\n|-supereffective|p1a: \u85ff\u85ff\n|-crit|p1a: \u85ff\u85ff\n|-damage|p1a: \u85ff\u85ff|0 fnt\n|faint|p1a: \u85ff\u85ff\n|\n|-damage|p2a: Hitmonlee|38\/100 tox|[from] psn\n|upkeep\n|\n|t:|1699768394\n|switch|p1a: \u5c71\u91cc\u7075\u6d3b|Kyurem, shiny|100\/100\n|-ability|p1a: \u5c71\u91cc\u7075\u6d3b|Pressure\n|turn|18\n|\n|t:|1699768402\n|move|p2a: Hitmonlee|Rolling Kick|p1a: \u5c71\u91cc\u7075\u6d3b\n|-supereffective|p1a: \u5c71\u91cc\u7075\u6d3b\n|-damage|p1a: \u5c71\u91cc\u7075\u6d3b|0 fnt\n|faint|p1a: \u5c71\u91cc\u7075\u6d3b\n|\n|-damage|p2a: Hitmonlee|7\/100 tox|[from] psn\n|upkeep\n|\n|t:|1699768407\n|switch|p1a: \u6797\u5c3c|Hoopa-Unbound|43\/100\n|turn|19\n|\n|t:|1699768409\n|move|p2a: Hitmonlee|Knock Off|p1a: \u6797\u5c3c\n|-damage|p1a: \u6797\u5c3c|0 fnt\n|-enditem|p1a: \u6797\u5c3c|Choice Specs|[from] move: Knock Off|[of] p2a: Hitmonlee\n|faint|p1a: \u6797\u5c3c\n|\n|win|smallbaboon\n|raw|Yuanshen61\u6211\u8981\u73a9\u539f\u795e's rating: 1324 &rarr; <strong>1306<\/strong><br \/>(-18 for losing)\n|raw|smallbaboon's rating: 1351 &rarr; <strong>1369<\/strong><br \/>(+18 for winning)\n|l|\u2606Yuanshen61\u6211\u8981\u73a9\u539f\u795e\n","uploadtime":1699768415,"views":4,"p1id":"yuanshen61","p2id":"smallbaboon","formatid":"gen9nationaldex","rating":1306,"private":0,"password":""}