{"id":"gen9nationaldex-1996948472","p1":"DDC2","p2":"thejesurion","format":"[Gen 9] National Dex","log":"|html|<div class=\"broadcast-blue\"><strong>[Gen 9] National Dex is currently suspecting Sneasler! For information on how to participate check out the <a href=\"https:\/\/www.smogon.com\/forums\/threads\/sv-national-dex-suspect-8-just-dance.3731534\/\">suspect thread<\/a>.<\/strong><\/div>\n|j|\u2606DDC2\n|j|\u2606thejesurion\n|t:|1700748454\n|gametype|singles\n|player|p1|DDC2|101|1193\n|player|p2|thejesurion|102|1195\n|teamsize|p1|5\n|teamsize|p2|6\n|gen|9\n|tier|[Gen 9] National Dex\n|rated|\n|rule|HP Percentage Mod: HP is shown in percentages\n|rule|Endless Battle Clause: Forcing endless battles is banned\n|rule|OHKO Clause: OHKO moves are banned\n|rule|Evasion Clause: Evasion abilities, items, and moves are banned\n|rule|Evasion Abilities Clause: Evasion abilities are banned\n|rule|Evasion Items Clause: Evasion items are banned\n|rule|Evasion Moves Clause: Evasion moves are banned\n|rule|Species Clause: Limit one of each Pok\u00e9mon\n|rule|Sleep Clause Mod: Limit one foe put to sleep\n|clearpoke\n|poke|p1|Hatterene, F|\n|poke|p1|Ninetales-Alola, F|\n|poke|p1|Alomomola, F|\n|poke|p1|Hoopa-Unbound|\n|poke|p1|Sylveon, F|\n|poke|p2|Lapras, M|\n|poke|p2|Snorlax, M|\n|poke|p2|Rhydon, M|\n|poke|p2|Dragonite, F|\n|poke|p2|Jolteon, M|\n|poke|p2|Alakazam, F|\n|teampreview\n|\n|t:|1700748468\n|start\n|switch|p1a: Ninetales|Ninetales-Alola, F|100\/100\n|switch|p2a: Dragonite|Dragonite, F|100\/100\n|-weather|Snow|[from] ability: Snow Warning|[of] p1a: Ninetales\n|turn|1\n|\n|t:|1700748482\n|-terastallize|p1a: Ninetales|Steel\n|-terastallize|p2a: Dragonite|Dragon\n|move|p1a: Ninetales|Aurora Veil|p1a: Ninetales\n|-sidestart|p1: DDC2|move: Aurora Veil\n|move|p2a: Dragonite|Iron Head|p1a: Ninetales\n|-resisted|p1a: Ninetales\n|-damage|p1a: Ninetales|87\/100\n|\n|-weather|Snow|[upkeep]\n|upkeep\n|turn|2\n|\n|t:|1700748496\n|switch|p2a: Rhydon|Rhydon, M|100\/100\n|move|p1a: Ninetales|Blizzard|p2a: Rhydon\n|-supereffective|p2a: Rhydon\n|-damage|p2a: Rhydon|29\/100\n|\n|-weather|Snow|[upkeep]\n|upkeep\n|turn|3\n|\n|t:|1700748518\n|move|p1a: Ninetales|Blizzard|p2a: Rhydon\n|-supereffective|p2a: Rhydon\n|-damage|p2a: Rhydon|0 fnt\n|faint|p2a: Rhydon\n|\n|-weather|Snow|[upkeep]\n|upkeep\n|\n|t:|1700748525\n|switch|p2a: Lapras|Lapras, M|100\/100\n|turn|4\n|\n|t:|1700748535\n|switch|p1a: Hatterene|Hatterene, F|100\/100\n|move|p2a: Lapras|Hydro Pump|p1a: Hatterene|[miss]\n|-miss|p2a: Lapras|p1a: Hatterene\n|\n|-weather|Snow|[upkeep]\n|upkeep\n|turn|5\n|\n|t:|1700748546\n|move|p2a: Lapras|Future Sight|p1a: Hatterene\n|-start|p2a: Lapras|move: Future Sight\n|move|p1a: Hatterene|Trick Room|p1a: Hatterene\n|-fieldstart|move: Trick Room|[of] p1a: Hatterene\n|\n|-weather|none\n|upkeep\n|turn|6\n|\n|t:|1700748565\n|switch|p1a: Hoopa|Hoopa-Unbound|100\/100\n|move|p2a: Lapras|Hydro Pump|p1a: Hoopa\n|-damage|p1a: Hoopa|82\/100\n|\n|upkeep\n|turn|7\n|\n|t:|1700748578\n|switch|p2a: Dragonite|Dragonite, F, tera:Dragon|100\/100\n|move|p1a: Hoopa|Energy Ball|p2a: Dragonite\n|-resisted|p2a: Dragonite\n|-damage|p2a: Dragonite|84\/100\n|\n|-end|p1a: Hoopa|move: Future Sight\n|-immune|p1a: Hoopa\n|upkeep\n|turn|8\n|inactive|Battle timer is ON: inactive players will automatically lose when time's up. (requested by thejesurion)\n|\n|t:|1700748598\n|switch|p1a: Alomomola|Alomomola, F|100\/100\n|move|p2a: Dragonite|Earthquake|p1a: Alomomola\n|-damage|p1a: Alomomola|85\/100\n|\n|-sideend|p1: DDC2|move: Aurora Veil\n|upkeep\n|turn|9\n|\n|t:|1700748608\n|switch|p2a: Lapras|Lapras, M|100\/100\n|move|p1a: Alomomola|Toxic|p2a: Lapras\n|-status|p2a: Lapras|tox\n|\n|-damage|p2a: Lapras|94\/100 tox|[from] psn\n|-fieldend|move: Trick Room\n|upkeep\n|turn|10\n|\n|t:|1700748633\n|switch|p1a: Ninetales|Ninetales-Alola, F, tera:Steel|87\/100\n|-weather|Snow|[from] ability: Snow Warning|[of] p1a: Ninetales\n|move|p2a: Lapras|Thunderbolt|p1a: Ninetales\n|-damage|p1a: Ninetales|62\/100\n|\n|-weather|Snow|[upkeep]\n|-damage|p2a: Lapras|82\/100 tox|[from] psn\n|upkeep\n|turn|11\n|\n|t:|1700748646\n|switch|p2a: Jolteon|Jolteon, M|100\/100\n|move|p1a: Ninetales|Aurora Veil|p1a: Ninetales\n|-sidestart|p1: DDC2|move: Aurora Veil\n|\n|-weather|Snow|[upkeep]\n|upkeep\n|turn|12\n|\n|t:|1700748657\n|switch|p1a: Sylveon|Sylveon, F|100\/100\n|move|p2a: Jolteon|Shadow Ball|p1a: Sylveon\n|-damage|p1a: Sylveon|87\/100\n|\n|-weather|Snow|[upkeep]\n|-status|p1a: Sylveon|brn|[from] item: Flame Orb\n|upkeep\n|turn|13\n|\n|t:|1700748668\n|switch|p2a: Snorlax|Snorlax, M|100\/100\n|move|p1a: Sylveon|Curse|p1a: Sylveon\n|-unboost|p1a: Sylveon|spe|1\n|-boost|p1a: Sylveon|atk|1\n|-boost|p1a: Sylveon|def|1\n|\n|-weather|Snow|[upkeep]\n|-damage|p1a: Sylveon|81\/100 brn|[from] brn\n|upkeep\n|turn|14\n|\n|t:|1700748682\n|move|p1a: Sylveon|Facade|p2a: Snorlax\n|-damage|p2a: Snorlax|17\/100\n|move|p2a: Snorlax|Body Slam|p1a: Sylveon\n|-damage|p1a: Sylveon|67\/100 brn\n|\n|-weather|none\n|-heal|p2a: Snorlax|24\/100|[from] item: Leftovers\n|-damage|p1a: Sylveon|61\/100 brn|[from] brn\n|upkeep\n|turn|15\n|\n|t:|1700748693\n|move|p1a: Sylveon|Wish|p1a: Sylveon\n|move|p2a: Snorlax|Rest|p2a: Snorlax\n|-status|p2a: Snorlax|slp|[from] move: Rest\n|-heal|p2a: Snorlax|100\/100 slp|[silent]\n|\n|-damage|p1a: Sylveon|55\/100 brn|[from] brn\n|upkeep\n|turn|16\n|-message|thejesurion forfeited.\n|\n|win|DDC2\n|raw|DDC2's rating: 1193 &rarr; <strong>1218<\/strong><br \/>(+25 for winning)\n|raw|thejesurion's rating: 1195 &rarr; <strong>1170<\/strong><br \/>(-25 for losing)\n|l|\u2606thejesurion\n","uploadtime":1700748710,"views":0,"p1id":"ddc2","p2id":"thejesurion","formatid":"gen9nationaldex","rating":1170,"private":0,"password":""}