{"id":"gen9nationaldex-1994719071","p1":"Douglas169","p2":"Houmura","format":"[Gen 9] National Dex","log":"|html|<div class=\"broadcast-blue\"><strong>[Gen 9] National Dex is currently suspecting Sneasler! For information on how to participate check out the <a href=\"https:\/\/www.smogon.com\/forums\/threads\/sv-national-dex-suspect-8-just-dance.3731534\/\">suspect thread<\/a>.<\/strong><\/div>\n|j|\u2606Douglas169\n|j|\u2606Houmura\n|t:|1700485342\n|gametype|singles\n|player|p1|Douglas169|lance|1011\n|player|p2|Houmura|266|1054\n|teamsize|p1|6\n|teamsize|p2|6\n|gen|9\n|tier|[Gen 9] National Dex\n|rated|\n|rule|HP Percentage Mod: HP is shown in percentages\n|rule|Endless Battle Clause: Forcing endless battles is banned\n|rule|OHKO Clause: OHKO moves are banned\n|rule|Evasion Clause: Evasion abilities, items, and moves are banned\n|rule|Evasion Abilities Clause: Evasion abilities are banned\n|rule|Evasion Items Clause: Evasion items are banned\n|rule|Evasion Moves Clause: Evasion moves are banned\n|rule|Species Clause: Limit one of each Pok\u00e9mon\n|rule|Sleep Clause Mod: Limit one foe put to sleep\n|clearpoke\n|poke|p1|Pyukumuku, M|\n|poke|p1|Skarmory, F|\n|poke|p1|Flygon, F|\n|poke|p1|Nidoking, M|\n|poke|p1|Greninja-*, M|\n|poke|p1|Swampert, M|\n|poke|p2|Tapu Koko|\n|poke|p2|Iron Valiant|\n|poke|p2|Hawlucha, F|\n|poke|p2|Iron Moth|\n|poke|p2|Landorus-Therian, M|\n|poke|p2|Scizor, M|\n|teampreview\n|\n|t:|1700485353\n|start\n|switch|p1a: Pyukumuku|Pyukumuku, M|100\/100\n|switch|p2a: Scizor|Scizor, M|100\/100\n|turn|1\n|inactive|Battle timer is ON: inactive players will automatically lose when time's up. (requested by Houmura)\n|\n|t:|1700485362\n|detailschange|p2a: Scizor|Scizor-Mega, M\n|-mega|p2a: Scizor|Scizor|Scizorite\n|move|p2a: Scizor|Swords Dance|p2a: Scizor\n|-boost|p2a: Scizor|atk|2\n|move|p1a: Pyukumuku|Toxic|p2a: Scizor|[miss]\n|-miss|p1a: Pyukumuku|p2a: Scizor\n|\n|upkeep\n|turn|2\n|j| SyriuszGrem\n|\n|t:|1700485372\n|move|p2a: Scizor|Swords Dance|p2a: Scizor\n|-boost|p2a: Scizor|atk|2\n|move|p1a: Pyukumuku|Taunt|p2a: Scizor\n|-start|p2a: Scizor|move: Taunt\n|\n|upkeep\n|turn|3\n|\n|t:|1700485379\n|move|p1a: Pyukumuku|Protect|p1a: Pyukumuku\n|-singleturn|p1a: Pyukumuku|Protect\n|move|p2a: Scizor|Trailblaze|p1a: Pyukumuku\n|-activate|p1a: Pyukumuku|move: Protect\n|\n|upkeep\n|turn|4\n|\n|t:|1700485387\n|move|p2a: Scizor|Trailblaze|p1a: Pyukumuku\n|-supereffective|p1a: Pyukumuku\n|-damage|p1a: Pyukumuku|57\/100\n|-boost|p2a: Scizor|spe|1\n|move|p1a: Pyukumuku|Toxic|p2a: Scizor\n|-immune|p2a: Scizor\n|\n|-heal|p1a: Pyukumuku|63\/100|[from] item: Leftovers\n|upkeep\n|turn|5\n|\n|t:|1700485401\n|switch|p1a: Flygon|Flygon, F|100\/100\n|move|p2a: Scizor|Trailblaze|p1a: Flygon\n|-damage|p1a: Flygon|0 fnt\n|-boost|p2a: Scizor|spe|1\n|faint|p1a: Flygon\n|\n|-end|p2a: Scizor|move: Taunt\n|upkeep\n|\n|t:|1700485412\n|switch|p1a: Swampert|Swampert, M|100\/100\n|turn|6\n|\n|t:|1700485421\n|move|p2a: Scizor|Trailblaze|p1a: Swampert\n|-supereffective|p1a: Swampert\n|-enditem|p1a: Swampert|Focus Sash\n|-damage|p1a: Swampert|1\/100\n|-boost|p2a: Scizor|spe|1\n|move|p1a: Swampert|Earthquake|p2a: Scizor\n|-crit|p2a: Scizor\n|-damage|p2a: Scizor|59\/100\n|\n|upkeep\n|turn|7\n|\n|t:|1700485432\n|move|p2a: Scizor|Bullet Punch|p1a: Swampert\n|-resisted|p1a: Swampert\n|-damage|p1a: Swampert|0 fnt\n|faint|p1a: Swampert\n|\n|upkeep\n|\n|t:|1700485438\n|switch|p1a: Greninja|Greninja, M|100\/100\n|turn|8\n|\n|t:|1700485453\n|move|p2a: Scizor|Close Combat|p1a: Greninja\n|-supereffective|p1a: Greninja\n|-damage|p1a: Greninja|0 fnt\n|-unboost|p2a: Scizor|def|1\n|-unboost|p2a: Scizor|spd|1\n|faint|p1a: Greninja\n|\n|upkeep\n|\n|t:|1700485461\n|switch|p1a: Skarmory|Skarmory, F|100\/100\n|turn|9\n|\n|t:|1700485466\n|move|p2a: Scizor|Close Combat|p1a: Skarmory\n|-damage|p1a: Skarmory|15\/100\n|-unboost|p2a: Scizor|def|1\n|-unboost|p2a: Scizor|spd|1\n|-damage|p2a: Scizor|42\/100|[from] item: Rocky Helmet|[of] p1a: Skarmory\n|move|p1a: Skarmory|Toxic|p2a: Scizor\n|-immune|p2a: Scizor\n|\n|upkeep\n|turn|10\n|\n|t:|1700485478\n|move|p2a: Scizor|Bullet Punch|p1a: Skarmory\n|-resisted|p1a: Skarmory\n|-damage|p1a: Skarmory|0 fnt\n|-damage|p2a: Scizor|26\/100|[from] item: Rocky Helmet|[of] p1a: Skarmory\n|faint|p1a: Skarmory\n|\n|upkeep\n|\n|t:|1700485485\n|switch|p1a: Nidoking|Nidoking, M|100\/100\n|turn|11\n|\n|t:|1700485507\n|move|p2a: Scizor|Bullet Punch|p1a: Nidoking\n|-damage|p1a: Nidoking|0 fnt\n|faint|p1a: Nidoking\n|\n|upkeep\n|\n|t:|1700485513\n|switch|p1a: Pyukumuku|Pyukumuku, M|63\/100\n|turn|12\n|\n|t:|1700485517\n|move|p2a: Scizor|Trailblaze|p1a: Pyukumuku\n|-supereffective|p1a: Pyukumuku\n|-damage|p1a: Pyukumuku|17\/100\n|-boost|p2a: Scizor|spe|1\n|move|p1a: Pyukumuku|Taunt|p2a: Scizor\n|-start|p2a: Scizor|move: Taunt\n|\n|-heal|p1a: Pyukumuku|23\/100|[from] item: Leftovers\n|upkeep\n|turn|13\n|\n|t:|1700485533\n|move|p2a: Scizor|Bullet Punch|p1a: Pyukumuku\n|-resisted|p1a: Pyukumuku\n|-damage|p1a: Pyukumuku|10\/100\n|move|p1a: Pyukumuku|Taunt||[still]\n|-fail|p1a: Pyukumuku\n|\n|-heal|p1a: Pyukumuku|16\/100|[from] item: Leftovers\n|upkeep\n|turn|14\n|\n|t:|1700485543\n|move|p2a: Scizor|Trailblaze|p1a: Pyukumuku\n|-supereffective|p1a: Pyukumuku\n|-damage|p1a: Pyukumuku|0 fnt\n|-boost|p2a: Scizor|spe|1\n|faint|p1a: Pyukumuku\n|\n|win|Houmura\n|raw|Douglas169's rating: 1011 &rarr; <strong>1001<\/strong><br \/>(-10 for losing)\n|raw|Houmura's rating: 1054 &rarr; <strong>1082<\/strong><br \/>(+28 for winning)\n|l|\u2606Douglas169\n","uploadtime":1700485551,"views":2,"p1id":"douglas169","p2id":"houmura","formatid":"gen9nationaldex","rating":1001,"private":0,"password":""}