{"id":"gen9nationaldex-1989847007","p1":"SpecsGastr0","p2":"Algi73thereal1lmao","format":"[Gen 9] National Dex","log":"|j|\u2606SpecsGastr0\n|j|\u2606Algi73thereal1lmao\n|t:|1699900669\n|gametype|singles\n|player|p1|SpecsGastr0|colress|1114\n|player|p2|Algi73thereal1lmao|ingo|1006\n|teamsize|p1|6\n|teamsize|p2|6\n|gen|9\n|tier|[Gen 9] National Dex\n|rated|\n|rule|HP Percentage Mod: HP is shown in percentages\n|rule|Endless Battle Clause: Forcing endless battles is banned\n|rule|OHKO Clause: OHKO moves are banned\n|rule|Evasion Clause: Evasion abilities, items, and moves are banned\n|rule|Evasion Abilities Clause: Evasion abilities are banned\n|rule|Evasion Items Clause: Evasion items are banned\n|rule|Evasion Moves Clause: Evasion moves are banned\n|rule|Species Clause: Limit one of each Pok\u00e9mon\n|rule|Sleep Clause Mod: Limit one foe put to sleep\n|clearpoke\n|poke|p1|Golisopod, M|\n|poke|p1|Conkeldurr, M|\n|poke|p1|Lucario, M|\n|poke|p1|Hitmontop, M|\n|poke|p1|Obstagoon, M|\n|poke|p1|Torterra, M|\n|poke|p2|Decidueye-Hisui, F|\n|poke|p2|Cinderace, M|\n|poke|p2|Torterra, M|\n|poke|p2|Scizor, M|\n|poke|p2|Noivern, M|\n|poke|p2|Greninja-*, M|\n|teampreview\n|\n|t:|1699900689\n|start\n|switch|p1a: Sensei's Divining|Hitmontop, M|100\/100\n|switch|p2a: Decidueye|Decidueye-Hisui, F|100\/100\n|-ability|p1a: Sensei's Divining|Intimidate|boost\n|-unboost|p2a: Decidueye|atk|1\n|turn|1\n|inactive|Battle timer is ON: inactive players will automatically lose when time's up. (requested by Algi73thereal1lmao)\n|\n|t:|1699900704\n|move|p1a: Sensei's Divining|Fake Out|p2a: Decidueye\n|-damage|p2a: Decidueye|87\/100\n|cant|p2a: Decidueye|flinch\n|\n|upkeep\n|turn|2\n|\n|t:|1699900713\n|move|p2a: Decidueye|Shadow Sneak|p1a: Sensei's Divining\n|-damage|p1a: Sensei's Divining|90\/100\n|move|p1a: Sensei's Divining|Triple Axel|p2a: Decidueye\n|-supereffective|p2a: Decidueye\n|-damage|p2a: Decidueye|73\/100\n|-supereffective|p2a: Decidueye\n|-crit|p2a: Decidueye\n|-damage|p2a: Decidueye|29\/100\n|-supereffective|p2a: Decidueye\n|-damage|p2a: Decidueye|0 fnt\n|faint|p2a: Decidueye\n|-hitcount|p2: Decidueye|3\n|\n|upkeep\n|\n|t:|1699900724\n|switch|p2a: Noivern|Noivern, M|100\/100\n|turn|3\n|inactive|SpecsGastr0 has 120 seconds left.\n|\n|t:|1699900763\n|move|p2a: Noivern|Air Slash|p1a: Sensei's Divining\n|-supereffective|p1a: Sensei's Divining\n|-damage|p1a: Sensei's Divining|13\/100\n|move|p1a: Sensei's Divining|Triple Axel|p2a: Noivern\n|-supereffective|p2a: Noivern\n|-damage|p2a: Noivern|67\/100\n|-supereffective|p2a: Noivern\n|-damage|p2a: Noivern|6\/100\n|-supereffective|p2a: Noivern\n|-damage|p2a: Noivern|0 fnt\n|faint|p2a: Noivern\n|-hitcount|p2: Noivern|3\n|\n|upkeep\n|\n|t:|1699900774\n|switch|p2a: Cinderace|Cinderace, M|100\/100\n|turn|4\n|\n|t:|1699900781\n|switch|p1a: Wild Cherry|Obstagoon, M, shiny|100\/100\n|move|p2a: Cinderace|Fire Pledge|p1a: Wild Cherry\n|-damage|p1a: Wild Cherry|67\/100\n|\n|-status|p1a: Wild Cherry|brn|[from] item: Flame Orb\n|upkeep\n|turn|5\n|\n|t:|1699900797\n|switch|p2a: Scizor|Scizor, M|100\/100\n|move|p1a: Wild Cherry|Knock Off|p2a: Scizor\n|-damage|p2a: Scizor|62\/100\n|\n|-damage|p1a: Wild Cherry|61\/100 brn|[from] brn\n|upkeep\n|turn|6\n|\n|t:|1699900814\n|switch|p1a: Allegations|Lucario, M|100\/100\n|detailschange|p2a: Scizor|Scizor-Mega, M\n|-mega|p2a: Scizor|Scizor|Scizorite\n|move|p2a: Scizor|Bug Buzz|p1a: Allegations\n|-resisted|p1a: Allegations\n|-damage|p1a: Allegations|93\/100\n|\n|upkeep\n|turn|7\n|\n|t:|1699900822\n|switch|p2a: Torterra|Torterra, M|100\/100\n|move|p1a: Allegations|Nasty Plot|p1a: Allegations\n|-boost|p1a: Allegations|spa|2\n|\n|upkeep\n|turn|8\n|\n|t:|1699900838\n|-terastallize|p1a: Allegations|Water\n|move|p1a: Allegations|Aura Sphere|p2a: Torterra\n|-damage|p2a: Torterra|18\/100\n|-enditem|p2a: Torterra|Wiki Berry|[eat]\n|-heal|p2a: Torterra|52\/100|[from] item: Wiki Berry\n|move|p2a: Torterra|Headlong Rush|p1a: Allegations\n|-damage|p1a: Allegations|2\/100\n|-unboost|p2a: Torterra|def|1\n|-unboost|p2a: Torterra|spd|1\n|\n|upkeep\n|turn|9\n|\n|t:|1699900848\n|move|p1a: Allegations|Aura Sphere|p2a: Torterra\n|-damage|p2a: Torterra|0 fnt\n|faint|p2a: Torterra\n|\n|upkeep\n|\n|t:|1699900855\n|switch|p2a: Scizor|Scizor-Mega, M|62\/100\n|turn|10\n|\n|t:|1699900866\n|switch|p1a: Capricorn|Conkeldurr, M|100\/100\n|move|p2a: Scizor|Bullet Punch|p1a: Capricorn\n|-damage|p1a: Capricorn|70\/100\n|\n|upkeep\n|turn|11\n|\n|t:|1699900874\n|switch|p2a: Cinderace|Cinderace, M|100\/100\n|move|p1a: Capricorn|Drain Punch|p2a: Cinderace\n|-damage|p2a: Cinderace|9\/100\n|-heal|p1a: Capricorn|100\/100|[from] drain|[of] p2a: Cinderace\n|\n|upkeep\n|turn|12\n|-message|Algi73thereal1lmao forfeited.\n|\n|win|SpecsGastr0\n|raw|SpecsGastr0's rating: 1114 &rarr; <strong>1131<\/strong><br \/>(+17 for winning)\n|raw|Algi73thereal1lmao's rating: 1006 &rarr; <strong>1000<\/strong><br \/>(-6 for losing)\n|l|\u2606Algi73thereal1lmao\n","uploadtime":1699900885,"views":10,"p1id":"specsgastr0","p2id":"algi73thereal1lmao","formatid":"gen9nationaldex","rating":1000,"private":0,"password":""}