{"id":"gen9nationaldex-1996367116","p1":"Toon B.D.G.","p2":"LNewsom88","format":"[Gen 9] National Dex","log":"|html|<div class=\"broadcast-blue\"><strong>[Gen 9] National Dex is currently suspecting Sneasler! For information on how to participate check out the <a href=\"https:\/\/www.smogon.com\/forums\/threads\/sv-national-dex-suspect-8-just-dance.3731534\/\">suspect thread<\/a>.<\/strong><\/div>\n|j|\u2606Toon B.D.G.\n|j|\u2606LNewsom88\n|t:|1700675261\n|gametype|singles\n|player|p1|Toon B.D.G.|ash|1170\n|player|p2|LNewsom88|101|1125\n|teamsize|p1|6\n|teamsize|p2|6\n|gen|9\n|tier|[Gen 9] National Dex\n|rated|\n|rule|HP Percentage Mod: HP is shown in percentages\n|rule|Endless Battle Clause: Forcing endless battles is banned\n|rule|OHKO Clause: OHKO moves are banned\n|rule|Evasion Clause: Evasion abilities, items, and moves are banned\n|rule|Evasion Abilities Clause: Evasion abilities are banned\n|rule|Evasion Items Clause: Evasion items are banned\n|rule|Evasion Moves Clause: Evasion moves are banned\n|rule|Species Clause: Limit one of each Pok\u00e9mon\n|rule|Sleep Clause Mod: Limit one foe put to sleep\n|clearpoke\n|poke|p1|Greninja-*, M|\n|poke|p1|Barraskewda, M|\n|poke|p1|Toxapex, M|\n|poke|p1|Quaquaval, F|\n|poke|p1|Pelipper, M|\n|poke|p1|Lanturn, F|\n|poke|p2|Ferrothorn, M|\n|poke|p2|Sharpedo, M|\n|poke|p2|Skeledirge, M|\n|poke|p2|Iron Hands|\n|poke|p2|Alakazam, M|\n|poke|p2|Salamence, F|\n|teampreview\n|\n|t:|1700675276\n|start\n|switch|p1a: Pelipper|Pelipper, M|100\/100\n|switch|p2a: Ferrothorn|Ferrothorn, M|100\/100\n|-weather|RainDance|[from] ability: Drizzle|[of] p1a: Pelipper\n|turn|1\n|inactive|Battle timer is ON: inactive players will automatically lose when time's up. (requested by LNewsom88)\n|\n|t:|1700675285\n|move|p1a: Pelipper|Scald|p2a: Ferrothorn\n|-resisted|p2a: Ferrothorn\n|-damage|p2a: Ferrothorn|83\/100\n|-status|p2a: Ferrothorn|brn\n|move|p2a: Ferrothorn|Stealth Rock|p1a: Pelipper\n|-sidestart|p1: Toon B.D.G.|move: Stealth Rock\n|\n|-weather|RainDance|[upkeep]\n|-heal|p2a: Ferrothorn|89\/100 brn|[from] item: Leftovers\n|-damage|p2a: Ferrothorn|83\/100 brn|[from] brn\n|upkeep\n|turn|2\n|\n|t:|1700675296\n|move|p1a: Pelipper|Hurricane|p2a: Ferrothorn\n|-damage|p2a: Ferrothorn|54\/100 brn\n|-start|p2a: Ferrothorn|confusion\n|-activate|p2a: Ferrothorn|confusion\n|move|p2a: Ferrothorn|Toxic|p1a: Pelipper\n|-status|p1a: Pelipper|tox\n|\n|-weather|RainDance|[upkeep]\n|-heal|p2a: Ferrothorn|60\/100 brn|[from] item: Leftovers\n|-damage|p1a: Pelipper|94\/100 tox|[from] psn\n|-damage|p2a: Ferrothorn|54\/100 brn|[from] brn\n|upkeep\n|turn|3\n|\n|t:|1700675309\n|move|p1a: Pelipper|Defog|p2a: Ferrothorn\n|-unboost|p2a: Ferrothorn|evasion|1\n|-sideend|p1: Toon B.D.G.|Stealth Rock|[from] move: Defog|[of] p1a: Pelipper\n|-end|p2a: Ferrothorn|confusion\n|move|p2a: Ferrothorn|Stealth Rock|p1a: Pelipper\n|-sidestart|p1: Toon B.D.G.|move: Stealth Rock\n|\n|-weather|RainDance|[upkeep]\n|-heal|p2a: Ferrothorn|60\/100 brn|[from] item: Leftovers\n|-damage|p1a: Pelipper|82\/100 tox|[from] psn\n|-damage|p2a: Ferrothorn|54\/100 brn|[from] brn\n|upkeep\n|turn|4\n|\n|t:|1700675324\n|move|p1a: Pelipper|Hurricane|p2a: Ferrothorn\n|-damage|p2a: Ferrothorn|24\/100 brn\n|move|p2a: Ferrothorn|Giga Drain|p1a: Pelipper\n|-damage|p1a: Pelipper|66\/100 tox\n|-heal|p2a: Ferrothorn|31\/100 brn|[from] drain|[of] p1a: Pelipper\n|\n|-weather|RainDance|[upkeep]\n|-heal|p2a: Ferrothorn|38\/100 brn|[from] item: Leftovers\n|-damage|p1a: Pelipper|47\/100 tox|[from] psn\n|-damage|p2a: Ferrothorn|31\/100 brn|[from] brn\n|upkeep\n|turn|5\n|\n|t:|1700675337\n|move|p1a: Pelipper|Hurricane|p2a: Ferrothorn\n|-damage|p2a: Ferrothorn|3\/100 brn\n|-start|p2a: Ferrothorn|confusion\n|-activate|p2a: Ferrothorn|confusion\n|move|p2a: Ferrothorn|Gyro Ball|p1a: Pelipper\n|-resisted|p1a: Pelipper\n|-crit|p1a: Pelipper\n|-damage|p1a: Pelipper|35\/100 tox\n|\n|-weather|RainDance|[upkeep]\n|-heal|p2a: Ferrothorn|9\/100 brn|[from] item: Leftovers\n|-damage|p1a: Pelipper|10\/100 tox|[from] psn\n|-damage|p2a: Ferrothorn|3\/100 brn|[from] brn\n|upkeep\n|turn|6\n|\n|t:|1700675351\n|move|p1a: Pelipper|Defog|p2a: Ferrothorn\n|-unboost|p2a: Ferrothorn|evasion|1\n|-sideend|p1: Toon B.D.G.|Stealth Rock|[from] move: Defog|[of] p1a: Pelipper\n|-end|p2a: Ferrothorn|confusion\n|move|p2a: Ferrothorn|Stealth Rock|p1a: Pelipper\n|-sidestart|p1: Toon B.D.G.|move: Stealth Rock\n|\n|-weather|RainDance|[upkeep]\n|-heal|p2a: Ferrothorn|9\/100 brn|[from] item: Leftovers\n|-damage|p1a: Pelipper|0 fnt|[from] psn\n|faint|p1a: Pelipper\n|-damage|p2a: Ferrothorn|3\/100 brn|[from] brn\n|upkeep\n|\n|t:|1700675358\n|switch|p1a: Greninja|Greninja, M|100\/100\n|-damage|p1a: Greninja|88\/100|[from] Stealth Rock\n|turn|7\n|\n|t:|1700675367\n|move|p1a: Greninja|Water Shuriken|p2a: Ferrothorn\n|-resisted|p2a: Ferrothorn\n|-damage|p2a: Ferrothorn|0 fnt\n|faint|p2a: Ferrothorn\n|-ability|p1a: Greninja|Battle Bond|boost\n|-boost|p1a: Greninja|atk|1\n|-boost|p1a: Greninja|spa|1\n|-boost|p1a: Greninja|spe|1\n|-activate|p1a: Greninja|ability: Battle Bond\n|-hitcount|p2: Ferrothorn|1\n|\n|-weather|RainDance|[upkeep]\n|upkeep\n|\n|t:|1700675383\n|switch|p2a: Sharpedo|Sharpedo, M|100\/100\n|turn|8\n|\n|t:|1700675389\n|move|p2a: Sharpedo|Protect|p2a: Sharpedo\n|-singleturn|p2a: Sharpedo|Protect\n|move|p1a: Greninja|Dark Pulse|p2a: Sharpedo\n|-activate|p2a: Sharpedo|move: Protect\n|\n|-weather|none\n|-ability|p2a: Sharpedo|Speed Boost|boost\n|-boost|p2a: Sharpedo|spe|1\n|upkeep\n|turn|9\n|c|\u2606Toon B.D.G.|Ok\n|\n|t:|1700675402\n|detailschange|p2a: Sharpedo|Sharpedo-Mega, M\n|-mega|p2a: Sharpedo|Sharpedo|Sharpedonite\n|-zpower|p1a: Greninja\n|move|p1a: Greninja|Black Hole Eclipse|p2a: Sharpedo|[zeffect]\n|-resisted|p2a: Sharpedo\n|-damage|p2a: Sharpedo|6\/100\n|move|p2a: Sharpedo|Crunch|p1a: Greninja\n|-resisted|p1a: Greninja\n|-damage|p1a: Greninja|28\/100\n|\n|upkeep\n|turn|10\n|\n|t:|1700675415\n|move|p2a: Sharpedo|Protect|p2a: Sharpedo\n|-singleturn|p2a: Sharpedo|Protect\n|move|p1a: Greninja|Water Shuriken|p2a: Sharpedo\n|-activate|p2a: Sharpedo|move: Protect\n|\n|upkeep\n|turn|11\n|\n|t:|1700675423\n|move|p1a: Greninja|Water Shuriken|p2a: Sharpedo\n|-resisted|p2a: Sharpedo\n|-damage|p2a: Sharpedo|0 fnt\n|faint|p2a: Sharpedo\n|-hitcount|p2: Sharpedo|1\n|\n|upkeep\n|\n|t:|1700675429\n|switch|p2a: Alakazam|Alakazam, M|100\/100\n|turn|12\n|\n|t:|1700675432\n|move|p1a: Greninja|Dark Pulse|p2a: Alakazam\n|-supereffective|p2a: Alakazam\n|-enditem|p2a: Alakazam|Focus Sash\n|-damage|p2a: Alakazam|1\/100\n|move|p2a: Alakazam|Thunder Wave|p1a: Greninja\n|-status|p1a: Greninja|par\n|\n|upkeep\n|turn|13\n|\n|t:|1700675442\n|cant|p1a: Greninja|par\n|move|p2a: Alakazam|Psychic|p1a: Greninja\n|-immune|p1a: Greninja\n|\n|upkeep\n|turn|14\n|\n|t:|1700675448\n|move|p1a: Greninja|Water Shuriken|p2a: Alakazam\n|-crit|p2a: Alakazam\n|-damage|p2a: Alakazam|0 fnt\n|faint|p2a: Alakazam\n|-hitcount|p2: Alakazam|1\n|\n|upkeep\n|\n|t:|1700675458\n|switch|p2a: Skeledirge|Skeledirge, M|100\/100\n|turn|15\n|\n|t:|1700675463\n|move|p1a: Greninja|Water Shuriken|p2a: Skeledirge\n|-supereffective|p2a: Skeledirge\n|-crit|p2a: Skeledirge\n|-damage|p2a: Skeledirge|85\/100\n|-supereffective|p2a: Skeledirge\n|-damage|p2a: Skeledirge|74\/100\n|-supereffective|p2a: Skeledirge\n|-crit|p2a: Skeledirge\n|-damage|p2a: Skeledirge|56\/100\n|-supereffective|p2a: Skeledirge\n|-damage|p2a: Skeledirge|46\/100\n|-hitcount|p2a: Skeledirge|4\n|move|p2a: Skeledirge|Torch Song|p1a: Greninja\n|-resisted|p1a: Greninja\n|-damage|p1a: Greninja|5\/100 par\n|-boost|p2a: Skeledirge|spa|1\n|\n|upkeep\n|turn|16\n|\n|t:|1700675477\n|move|p1a: Greninja|Dark Pulse|p2a: Skeledirge\n|-supereffective|p2a: Skeledirge\n|-damage|p2a: Skeledirge|0 fnt\n|faint|p2a: Skeledirge\n|\n|upkeep\n|\n|t:|1700675483\n|switch|p2a: Iron Hands|Iron Hands, shiny|100\/100\n|-enditem|p2a: Iron Hands|Booster Energy\n|-activate|p2a: Iron Hands|ability: Quark Drive|[fromitem]\n|-start|p2a: Iron Hands|quarkdriveatk\n|turn|17\n|\n|t:|1700675488\n|move|p1a: Greninja|Scald|p2a: Iron Hands\n|-damage|p2a: Iron Hands|50\/100\n|move|p2a: Iron Hands|Belly Drum||[still]\n|-fail|p2a: Iron Hands\n|\n|upkeep\n|turn|18\n|\n|t:|1700675496\n|cant|p1a: Greninja|par\n|move|p2a: Iron Hands|Drain Punch|p1a: Greninja\n|-supereffective|p1a: Greninja\n|-damage|p1a: Greninja|0 fnt\n|-heal|p2a: Iron Hands|51\/100|[from] drain|[of] p1a: Greninja\n|faint|p1a: Greninja\n|\n|upkeep\n|\n|t:|1700675508\n|switch|p1a: Quaquaval|Quaquaval, F|100\/100\n|-damage|p1a: Quaquaval|94\/100|[from] Stealth Rock\n|turn|19\n|\n|t:|1700675514\n|-terastallize|p1a: Quaquaval|Water\n|move|p1a: Quaquaval|Aqua Step|p2a: Iron Hands\n|-damage|p2a: Iron Hands|13\/100\n|-boost|p1a: Quaquaval|spe|1\n|move|p2a: Iron Hands|Wild Charge|p1a: Quaquaval\n|-supereffective|p1a: Quaquaval\n|-damage|p1a: Quaquaval|0 fnt\n|faint|p1a: Quaquaval\n|-damage|p2a: Iron Hands|0 fnt|[from] Recoil\n|faint|p2a: Iron Hands\n|-end|p2a: Iron Hands|Quark Drive|[silent]\n|\n|upkeep\n|\n|t:|1700675528\n|switch|p1a: Lanturn|Lanturn, F|100\/100\n|switch|p2a: Salamence|Salamence, F|100\/100\n|-damage|p1a: Lanturn|88\/100|[from] Stealth Rock\n|turn|20\n|\n|t:|1700675534\n|move|p2a: Salamence|Dragon Dance|p2a: Salamence\n|-boost|p2a: Salamence|atk|1\n|-boost|p2a: Salamence|spe|1\n|move|p1a: Lanturn|Thunder Wave|p2a: Salamence\n|-status|p2a: Salamence|par\n|\n|-heal|p1a: Lanturn|94\/100|[from] item: Leftovers\n|upkeep\n|turn|21\n|c|\u2606Toon B.D.G.|Useless vs Salamnace\n|\n|t:|1700675548\n|move|p2a: Salamence|Outrage|p1a: Lanturn\n|-damage|p1a: Lanturn|0 fnt\n|faint|p1a: Lanturn\n|-ability|p2a: Salamence|Moxie|boost\n|-boost|p2a: Salamence|atk|1\n|\n|upkeep\n|\n|t:|1700675553\n|switch|p1a: Toxapex|Toxapex, M|100\/100\n|-damage|p1a: Toxapex|88\/100|[from] Stealth Rock\n|turn|22\n|\n|t:|1700675559\n|move|p1a: Toxapex|Baneful Bunker|p1a: Toxapex\n|-singleturn|p1a: Toxapex|move: Protect\n|move|p2a: Salamence|Outrage|p1a: Toxapex|[from]lockedmove\n|-activate|p1a: Toxapex|move: Protect\n|\n|-heal|p1a: Toxapex|94\/100|[from] item: Black Sludge\n|upkeep\n|turn|23\n|\n|t:|1700675571\n|move|p2a: Salamence|Earthquake|p1a: Toxapex\n|-supereffective|p1a: Toxapex\n|-damage|p1a: Toxapex|8\/100\n|move|p1a: Toxapex|Sludge Bomb|p2a: Salamence\n|-damage|p2a: Salamence|76\/100 par\n|\n|-heal|p1a: Toxapex|14\/100|[from] item: Black Sludge\n|upkeep\n|turn|24\n|\n|t:|1700675580\n|move|p1a: Toxapex|Baneful Bunker|p1a: Toxapex\n|-singleturn|p1a: Toxapex|move: Protect\n|move|p2a: Salamence|Earthquake|p1a: Toxapex\n|-activate|p1a: Toxapex|move: Protect\n|\n|-heal|p1a: Toxapex|20\/100|[from] item: Black Sludge\n|upkeep\n|turn|25\n|\n|t:|1700675589\n|move|p2a: Salamence|Earthquake|p1a: Toxapex\n|-supereffective|p1a: Toxapex\n|-damage|p1a: Toxapex|0 fnt\n|faint|p1a: Toxapex\n|-ability|p2a: Salamence|Moxie|boost\n|-boost|p2a: Salamence|atk|1\n|\n|upkeep\n|\n|t:|1700675591\n|switch|p1a: Barraskewda|Barraskewda, M|100\/100\n|-damage|p1a: Barraskewda|88\/100|[from] Stealth Rock\n|turn|26\n|\n|t:|1700675599\n|move|p1a: Barraskewda|Liquidation|p2a: Salamence\n|-resisted|p2a: Salamence\n|-damage|p2a: Salamence|38\/100 par\n|-damage|p1a: Barraskewda|78\/100|[from] item: Life Orb\n|move|p2a: Salamence|Outrage|p1a: Barraskewda\n|-damage|p1a: Barraskewda|0 fnt\n|faint|p1a: Barraskewda\n|\n|win|LNewsom88\n|raw|Toon B.D.G.'s rating: 1170 &rarr; <strong>1142<\/strong><br \/>(-28 for losing)\n|raw|LNewsom88's rating: 1125 &rarr; <strong>1153<\/strong><br \/>(+28 for winning)\n|l|\u2606Toon B.D.G.\n","uploadtime":1700675636,"views":16,"p1id":"toonbdg","p2id":"lnewsom88","formatid":"gen9nationaldex","rating":1142,"private":0,"password":""}