{"id":"gen9nationaldex-1988967834","p1":"holdsmac","p2":"AlastorTheOverlord","format":"[Gen 9] National Dex","log":"|j|\u2606holdsmac\n|j|\u2606AlastorTheOverlord\n|t:|1699795997\n|gametype|singles\n|player|p1|holdsmac|ethan|1177\n|player|p2|AlastorTheOverlord|n|1222\n|teamsize|p1|6\n|teamsize|p2|6\n|gen|9\n|tier|[Gen 9] National Dex\n|rated|\n|rule|HP Percentage Mod: HP is shown in percentages\n|rule|Endless Battle Clause: Forcing endless battles is banned\n|rule|OHKO Clause: OHKO moves are banned\n|rule|Evasion Clause: Evasion abilities, items, and moves are banned\n|rule|Evasion Abilities Clause: Evasion abilities are banned\n|rule|Evasion Items Clause: Evasion items are banned\n|rule|Evasion Moves Clause: Evasion moves are banned\n|rule|Species Clause: Limit one of each Pok\u00e9mon\n|rule|Sleep Clause Mod: Limit one foe put to sleep\n|clearpoke\n|poke|p1|Blaziken, M|\n|poke|p1|Tapu Koko|\n|poke|p1|Iron Valiant|\n|poke|p1|Gliscor, F|\n|poke|p1|Ferrothorn, F|\n|poke|p1|Zoroark-Hisui, F|\n|poke|p2|Greninja-*, M|\n|poke|p2|Garchomp, M|\n|poke|p2|Chandelure, M|\n|poke|p2|Azumarill, M|\n|poke|p2|Aegislash, F|\n|poke|p2|Talonflame, F|\n|teampreview\n|inactive|Battle timer is ON: inactive players will automatically lose when time's up. (requested by AlastorTheOverlord)\n|\n|t:|1699796008\n|start\n|switch|p1a: Gliscor|Gliscor, F|100\/100\n|switch|p2a: Talonflame|Talonflame, F|100\/100\n|turn|1\n|\n|t:|1699796015\n|move|p2a: Talonflame|Brave Bird|p1a: Gliscor\n|-damage|p1a: Gliscor|64\/100\n|-damage|p2a: Talonflame|86\/100|[from] Recoil\n|move|p1a: Gliscor|Stealth Rock|p2a: Talonflame\n|-sidestart|p2: AlastorTheOverlord|move: Stealth Rock\n|\n|-status|p1a: Gliscor|tox|[from] item: Toxic Orb\n|upkeep\n|turn|2\n|\n|t:|1699796020\n|move|p2a: Talonflame|Brave Bird|p1a: Gliscor\n|-damage|p1a: Gliscor|30\/100 tox\n|-damage|p2a: Talonflame|73\/100|[from] Recoil\n|move|p1a: Gliscor|Roost|p1a: Gliscor\n|-heal|p1a: Gliscor|80\/100 tox\n|-singleturn|p1a: Gliscor|move: Roost\n|\n|-heal|p1a: Gliscor|92\/100 tox|[from] ability: Poison Heal\n|upkeep\n|turn|3\n|\n|t:|1699796027\n|move|p2a: Talonflame|U-turn|p1a: Gliscor\n|-resisted|p1a: Gliscor\n|-damage|p1a: Gliscor|86\/100 tox\n|\n|t:|1699796055\n|switch|p2a: Greninja|Greninja, M|100\/100|[from] U-turn\n|-damage|p2a: Greninja|88\/100|[from] Stealth Rock\n|move|p1a: Gliscor|U-turn|p2a: Greninja\n|-supereffective|p2a: Greninja\n|-damage|p2a: Greninja|39\/100\n|\n|t:|1699796067\n|switch|p1a: Ferrothorn|Ferrothorn, F|100\/100|[from] U-turn\n|\n|upkeep\n|turn|4\n|\n|t:|1699796080\n|move|p2a: Greninja|Surf|p1a: Ferrothorn\n|-start|p2a: Greninja|typechange|Water|[from] ability: Protean\n|-damage|p1a: Ferrothorn|0 fnt\n|replace|p1a: Zoroark|Zoroark-Hisui, F\n|-end|p1a: Zoroark|Illusion\n|faint|p1a: Zoroark\n|-damage|p2a: Greninja|30\/100|[from] item: Life Orb\n|\n|upkeep\n|\n|t:|1699796092\n|switch|p1a: Tapu Koko|Tapu Koko|100\/100\n|-fieldstart|move: Electric Terrain|[from] ability: Electric Surge|[of] p1a: Tapu Koko\n|turn|5\n|\n|t:|1699796102\n|move|p1a: Tapu Koko|Grass Knot|p2a: Greninja\n|-supereffective|p2a: Greninja\n|-damage|p2a: Greninja|0 fnt\n|faint|p2a: Greninja\n|\n|upkeep\n|l|\u2606AlastorTheOverlord\n|inactive|AlastorTheOverlord disconnected and has a minute to reconnect!\n|player|p2|\n|j|\u2606AlastorTheOverlord\n|inactive|AlastorTheOverlord reconnected and has 130 seconds left.\n|player|p2|AlastorTheOverlord|n\n|\n|t:|1699796124\n|switch|p2a: Talonflame|Talonflame, F|73\/100\n|turn|6\n|\n|t:|1699796129\n|move|p1a: Tapu Koko|Thunderbolt|p2a: Talonflame\n|-supereffective|p2a: Talonflame\n|-damage|p2a: Talonflame|0 fnt\n|faint|p2a: Talonflame\n|\n|upkeep\n|\n|t:|1699796139\n|switch|p2a: Chandelure|Chandelure, M|100\/100\n|-damage|p2a: Chandelure|76\/100|[from] Stealth Rock\n|turn|7\n|\n|t:|1699796148\n|move|p2a: Chandelure|Shadow Ball|p1a: Tapu Koko\n|-damage|p1a: Tapu Koko|33\/100\n|move|p1a: Tapu Koko|Thunderbolt|p2a: Chandelure\n|-damage|p2a: Chandelure|8\/100\n|\n|upkeep\n|turn|8\n|\n|t:|1699796159\n|move|p2a: Chandelure|Shadow Ball|p1a: Tapu Koko\n|-damage|p1a: Tapu Koko|0 fnt\n|faint|p1a: Tapu Koko\n|\n|upkeep\n|\n|t:|1699796161\n|switch|p1a: Iron Valiant|Iron Valiant|100\/100\n|-activate|p1a: Iron Valiant|ability: Quark Drive\n|-start|p1a: Iron Valiant|quarkdrivespe\n|turn|9\n|\n|t:|1699796173\n|move|p1a: Iron Valiant|Moonblast|p2a: Chandelure\n|-resisted|p2a: Chandelure\n|-damage|p2a: Chandelure|0 fnt\n|faint|p2a: Chandelure\n|\n|-fieldend|move: Electric Terrain\n|-end|p1a: Iron Valiant|Quark Drive\n|upkeep\n|\n|t:|1699796189\n|switch|p2a: Aegislash|Aegislash, F|100\/100\n|-damage|p2a: Aegislash|94\/100|[from] Stealth Rock\n|turn|10\n|\n|t:|1699796198\n|-end|p1a: Iron Valiant|Quark Drive|[silent]\n|switch|p1a: Gliscor|Gliscor, F|86\/100 tox\n|move|p2a: Aegislash|Swords Dance|p2a: Aegislash\n|-boost|p2a: Aegislash|atk|2\n|\n|-heal|p2a: Aegislash|100\/100|[from] item: Leftovers\n|-heal|p1a: Gliscor|98\/100 tox|[from] ability: Poison Heal\n|upkeep\n|turn|11\n|\n|t:|1699796204\n|move|p1a: Gliscor|Earthquake|p2a: Aegislash\n|-supereffective|p2a: Aegislash\n|-damage|p2a: Aegislash|47\/100\n|-formechange|p2a: Aegislash|Aegislash-Blade||[from] ability: Stance Change\n|move|p2a: Aegislash|Iron Head|p1a: Gliscor\n|-damage|p1a: Gliscor|18\/100 tox\n|\n|-heal|p2a: Aegislash|53\/100|[from] item: Leftovers\n|-heal|p1a: Gliscor|30\/100 tox|[from] ability: Poison Heal\n|upkeep\n|turn|12\n|\n|t:|1699796208\n|move|p2a: Aegislash|Shadow Sneak|p1a: Gliscor\n|-damage|p1a: Gliscor|0 fnt\n|faint|p1a: Gliscor\n|\n|-heal|p2a: Aegislash|59\/100|[from] item: Leftovers\n|upkeep\n|\n|t:|1699796211\n|switch|p1a: Blaziken|Blaziken, M|100\/100\n|turn|13\n|\n|t:|1699796218\n|move|p2a: Aegislash|Shadow Sneak|p1a: Blaziken\n|-damage|p1a: Blaziken|23\/100\n|move|p1a: Blaziken|Swords Dance|p1a: Blaziken\n|-boost|p1a: Blaziken|atk|2\n|\n|-heal|p2a: Aegislash|65\/100|[from] item: Leftovers\n|-ability|p1a: Blaziken|Speed Boost|boost\n|-boost|p1a: Blaziken|spe|1\n|upkeep\n|turn|14\n|\n|t:|1699796222\n|move|p2a: Aegislash|Shadow Sneak|p1a: Blaziken\n|-damage|p1a: Blaziken|0 fnt\n|faint|p1a: Blaziken\n|\n|-heal|p2a: Aegislash|71\/100|[from] item: Leftovers\n|upkeep\n|\n|t:|1699796225\n|switch|p1a: Ferrothorn|Ferrothorn, F|100\/100\n|turn|15\n|\n|t:|1699796233\n|move|p2a: Aegislash|Swords Dance|p2a: Aegislash\n|-boost|p2a: Aegislash|atk|2\n|move|p1a: Ferrothorn|Leech Seed|p2a: Aegislash|[miss]\n|-miss|p1a: Ferrothorn|p2a: Aegislash\n|\n|-heal|p2a: Aegislash|78\/100|[from] item: Leftovers\n|upkeep\n|turn|16\n|\n|t:|1699796240\n|move|p2a: Aegislash|Sacred Sword|p1a: Ferrothorn\n|-supereffective|p1a: Ferrothorn\n|-damage|p1a: Ferrothorn|0 fnt\n|-damage|p2a: Aegislash|65\/100|[from] ability: Iron Barbs|[of] p1a: Ferrothorn\n|faint|p1a: Ferrothorn\n|\n|-heal|p2a: Aegislash|71\/100|[from] item: Leftovers\n|upkeep\n|\n|t:|1699796243\n|switch|p1a: Iron Valiant|Iron Valiant|100\/100\n|turn|17\n|\n|t:|1699796253\n|move|p2a: Aegislash|Shadow Sneak|p1a: Iron Valiant\n|-damage|p1a: Iron Valiant|10\/100\n|move|p1a: Iron Valiant|Moonblast|p2a: Aegislash\n|-resisted|p2a: Aegislash\n|-damage|p2a: Aegislash|10\/100\n|-unboost|p2a: Aegislash|spa|1\n|\n|-heal|p2a: Aegislash|16\/100|[from] item: Leftovers\n|upkeep\n|turn|18\n|\n|t:|1699796257\n|move|p2a: Aegislash|Shadow Sneak|p1a: Iron Valiant\n|-damage|p1a: Iron Valiant|0 fnt\n|faint|p1a: Iron Valiant\n|-end|p1a: Iron Valiant|Quark Drive|[silent]\n|\n|win|AlastorTheOverlord\n|raw|holdsmac's rating: 1177 &rarr; <strong>1155<\/strong><br \/>(-22 for losing)\n|raw|AlastorTheOverlord's rating: 1222 &rarr; <strong>1244<\/strong><br \/>(+22 for winning)\n|l|\u2606holdsmac\n","uploadtime":1699796262,"views":9,"p1id":"holdsmac","p2id":"alastortheoverlord","formatid":"gen9nationaldex","rating":1155,"private":0,"password":""}