{"id":"gen9nationaldex-1989211451","p1":"Cjbrake","p2":"Kuzwa","format":"[Gen 9] National Dex","log":"|j|\u2606Cjbrake\n|j|\u2606Kuzwa\n|t:|1699823891\n|gametype|singles\n|player|p1|Cjbrake|silver|1283\n|player|p2|Kuzwa|parasollady|1350\n|teamsize|p1|6\n|teamsize|p2|6\n|gen|9\n|tier|[Gen 9] National Dex\n|rated|\n|rule|HP Percentage Mod: HP is shown in percentages\n|rule|Endless Battle Clause: Forcing endless battles is banned\n|rule|OHKO Clause: OHKO moves are banned\n|rule|Evasion Clause: Evasion abilities, items, and moves are banned\n|rule|Evasion Abilities Clause: Evasion abilities are banned\n|rule|Evasion Items Clause: Evasion items are banned\n|rule|Evasion Moves Clause: Evasion moves are banned\n|rule|Species Clause: Limit one of each Pok\u00e9mon\n|rule|Sleep Clause Mod: Limit one foe put to sleep\n|clearpoke\n|poke|p1|Torkoal, M|\n|poke|p1|Charizard, M|\n|poke|p1|Heatran, F|\n|poke|p1|Great Tusk|\n|poke|p1|Heliolisk, M|\n|poke|p1|Typhlosion, M|\n|poke|p2|Gallade, M|\n|poke|p2|Garchomp, M|\n|poke|p2|Kartana|\n|poke|p2|Scizor, M|\n|poke|p2|Weavile, M|\n|poke|p2|Quaquaval, M|\n|teampreview\n|\n|t:|1699823897\n|start\n|switch|p1a: Torkoal|Torkoal, M|100\/100\n|switch|p2a: ???|Quaquaval, M|100\/100\n|-weather|SunnyDay|[from] ability: Drought|[of] p1a: Torkoal\n|turn|1\n|\n|t:|1699823904\n|move|p2a: ???|Aqua Step|p1a: Torkoal\n|-supereffective|p1a: Torkoal\n|-damage|p1a: Torkoal|71\/100\n|-boost|p2a: ???|spe|1\n|move|p1a: Torkoal|Will-O-Wisp|p2a: ???\n|-status|p2a: ???|brn\n|\n|-weather|SunnyDay|[upkeep]\n|-damage|p2a: ???|94\/100 brn|[from] brn\n|upkeep\n|turn|2\n|\n|t:|1699823911\n|switch|p1a: Heliolisk|Heliolisk, M|100\/100\n|move|p2a: ???|Aqua Step|p1a: Heliolisk\n|-immune|p1a: Heliolisk|[from] ability: Dry Skin\n|\n|-weather|SunnyDay|[upkeep]\n|-damage|p1a: Heliolisk|88\/100|[from] ability: Dry Skin|[of] p1a: Heliolisk\n|-damage|p2a: ???|88\/100 brn|[from] brn\n|upkeep\n|turn|3\n|\n|t:|1699823917\n|move|p2a: ???|Brick Break|p1a: Heliolisk\n|-supereffective|p1a: Heliolisk\n|-damage|p1a: Heliolisk|4\/100\n|move|p1a: Heliolisk|Thunderbolt|p2a: ???\n|-supereffective|p2a: ???\n|-damage|p2a: ???|0 fnt\n|faint|p2a: ???\n|\n|-weather|SunnyDay|[upkeep]\n|-damage|p1a: Heliolisk|0 fnt|[from] ability: Dry Skin|[of] p1a: Heliolisk\n|faint|p1a: Heliolisk\n|upkeep\n|\n|t:|1699823927\n|switch|p1a: Typhlosion|Typhlosion, M|100\/100\n|switch|p2a: Akihiko Sanada|Garchomp, M|100\/100\n|turn|4\n|\n|t:|1699823932\n|move|p1a: Typhlosion|Hidden Power|p2a: Akihiko Sanada\n|-supereffective|p2a: Akihiko Sanada\n|-damage|p2a: Akihiko Sanada|21\/100\n|move|p2a: Akihiko Sanada|Earthquake|p1a: Typhlosion\n|-supereffective|p1a: Typhlosion\n|-damage|p1a: Typhlosion|0 fnt\n|faint|p1a: Typhlosion\n|\n|-weather|SunnyDay|[upkeep]\n|upkeep\n|\n|t:|1699823942\n|switch|p1a: Charizard|Charizard, M, shiny|100\/100\n|turn|5\n|\n|t:|1699823945\n|detailschange|p1a: Charizard|Charizard-Mega-Y, M, shiny\n|-mega|p1a: Charizard|Charizard|Charizardite Y\n|move|p2a: Akihiko Sanada|Outrage|p1a: Charizard\n|-damage|p1a: Charizard|7\/100\n|move|p1a: Charizard|Solar Beam||[still]\n|-prepare|p1a: Charizard|Solar Beam\n|-anim|p1a: Charizard|Solar Beam|p2a: Akihiko Sanada\n|-damage|p2a: Akihiko Sanada|0 fnt\n|faint|p2a: Akihiko Sanada\n|\n|-weather|SunnyDay|[upkeep]\n|upkeep\n|\n|t:|1699823958\n|switch|p2a: Makoto Yuki|Kartana, shiny|100\/100\n|turn|6\n|\n|t:|1699823965\n|switch|p1a: Heatran|Heatran, F|100\/100\n|move|p2a: Makoto Yuki|Smart Strike|p1a: Heatran\n|-resisted|p1a: Heatran\n|-damage|p1a: Heatran|90\/100\n|\n|-weather|SunnyDay|[upkeep]\n|upkeep\n|turn|7\n|\n|t:|1699823971\n|move|p2a: Makoto Yuki|Sacred Sword|p1a: Heatran\n|-supereffective|p1a: Heatran\n|-damage|p1a: Heatran|21\/100\n|move|p1a: Heatran|Magma Storm|p2a: Makoto Yuki\n|-supereffective|p2a: Makoto Yuki\n|-crit|p2a: Makoto Yuki\n|-enditem|p2a: Makoto Yuki|Focus Sash\n|-damage|p2a: Makoto Yuki|1\/100\n|-activate|p2a: Makoto Yuki|move: Magma Storm|[of] p1a: Heatran\n|\n|-weather|SunnyDay|[upkeep]\n|-damage|p2a: Makoto Yuki|0 fnt|[from] move: Magma Storm|[partiallytrapped]\n|faint|p2a: Makoto Yuki\n|upkeep\n|\n|t:|1699823976\n|switch|p2a: Ryoji Mochizuki|Gallade, M, shiny|100\/100\n|turn|8\n|\n|t:|1699823983\n|switch|p1a: Great Tusk|Great Tusk|100\/100\n|-activate|p1a: Great Tusk|ability: Protosynthesis\n|-start|p1a: Great Tusk|protosynthesisdef\n|detailschange|p2a: Ryoji Mochizuki|Gallade-Mega, M, shiny\n|-mega|p2a: Ryoji Mochizuki|Gallade|Galladite\n|move|p2a: Ryoji Mochizuki|Sacred Sword|p1a: Great Tusk\n|-damage|p1a: Great Tusk|80\/100\n|\n|-weather|none\n|-end|p1a: Great Tusk|Protosynthesis\n|-heal|p1a: Great Tusk|87\/100|[from] item: Leftovers\n|upkeep\n|turn|9\n|\n|t:|1699823999\n|-terastallize|p1a: Great Tusk|Water\n|move|p2a: Ryoji Mochizuki|Psycho Cut|p1a: Great Tusk\n|-damage|p1a: Great Tusk|65\/100\n|move|p1a: Great Tusk|Earthquake|p2a: Ryoji Mochizuki\n|-damage|p2a: Ryoji Mochizuki|46\/100\n|\n|-heal|p1a: Great Tusk|71\/100|[from] item: Leftovers\n|upkeep\n|turn|10\n|\n|t:|1699824004\n|move|p2a: Ryoji Mochizuki|Sacred Sword|p1a: Great Tusk\n|-damage|p1a: Great Tusk|41\/100\n|move|p1a: Great Tusk|Earthquake|p2a: Ryoji Mochizuki\n|-damage|p2a: Ryoji Mochizuki|0 fnt\n|faint|p2a: Ryoji Mochizuki\n|\n|-heal|p1a: Great Tusk|47\/100|[from] item: Leftovers\n|upkeep\n|\n|t:|1699824009\n|switch|p2a: Ken Amada|Scizor, M|100\/100\n|turn|11\n|\n|t:|1699824012\n|-end|p1a: Great Tusk|Protosynthesis|[silent]\n|switch|p1a: Torkoal|Torkoal, M|71\/100\n|-weather|SunnyDay|[from] ability: Drought|[of] p1a: Torkoal\n|move|p2a: Ken Amada|Swords Dance|p2a: Ken Amada\n|-boost|p2a: Ken Amada|atk|2\n|\n|-weather|SunnyDay|[upkeep]\n|upkeep\n|turn|12\n|\n|t:|1699824017\n|move|p2a: Ken Amada|Acrobatics|p1a: Torkoal\n|-damage|p1a: Torkoal|24\/100\n|move|p1a: Torkoal|Will-O-Wisp|p2a: Ken Amada\n|-status|p2a: Ken Amada|brn\n|\n|-weather|SunnyDay|[upkeep]\n|-damage|p2a: Ken Amada|94\/100 brn|[from] brn\n|upkeep\n|turn|13\n|\n|t:|1699824027\n|move|p2a: Ken Amada|Acrobatics|p1a: Torkoal\n|-damage|p1a: Torkoal|1\/100\n|move|p1a: Torkoal|Weather Ball|p2a: Ken Amada\n|-supereffective|p2a: Ken Amada\n|-damage|p2a: Ken Amada|0 fnt\n|faint|p2a: Ken Amada\n|\n|-weather|SunnyDay|[upkeep]\n|upkeep\n|\n|t:|1699824030\n|switch|p2a: Junpei Iori|Weavile, M, shiny|100\/100\n|turn|14\n|\n|t:|1699824035\n|move|p2a: Junpei Iori|Ice Spinner|p1a: Torkoal\n|-resisted|p1a: Torkoal\n|-damage|p1a: Torkoal|0 fnt\n|faint|p1a: Torkoal\n|\n|-weather|SunnyDay|[upkeep]\n|upkeep\n|\n|t:|1699824040\n|switch|p1a: Great Tusk|Great Tusk, tera:Water|47\/100\n|-activate|p1a: Great Tusk|ability: Protosynthesis\n|-start|p1a: Great Tusk|protosynthesisdef\n|turn|15\n|\n|t:|1699824044\n|-terastallize|p2a: Junpei Iori|Ghost\n|move|p2a: Junpei Iori|Swords Dance|p2a: Junpei Iori\n|-boost|p2a: Junpei Iori|atk|2\n|move|p1a: Great Tusk|Body Press|p2a: Junpei Iori\n|-immune|p2a: Junpei Iori\n|\n|-weather|SunnyDay|[upkeep]\n|-heal|p1a: Great Tusk|53\/100|[from] item: Leftovers\n|upkeep\n|turn|16\n|\n|t:|1699824050\n|move|p2a: Junpei Iori|Throat Chop|p1a: Great Tusk\n|-damage|p1a: Great Tusk|22\/100\n|-start|p1a: Great Tusk|Throat Chop|[silent]\n|move|p1a: Great Tusk|Earthquake|p2a: Junpei Iori\n|-damage|p2a: Junpei Iori|24\/100\n|\n|-weather|SunnyDay|[upkeep]\n|-heal|p1a: Great Tusk|28\/100|[from] item: Leftovers\n|upkeep\n|turn|17\n|\n|t:|1699824053\n|move|p2a: Junpei Iori|Throat Chop|p1a: Great Tusk\n|-damage|p1a: Great Tusk|0 fnt\n|faint|p1a: Great Tusk\n|-end|p1a: Great Tusk|Protosynthesis|[silent]\n|\n|-weather|SunnyDay|[upkeep]\n|upkeep\n|\n|t:|1699824058\n|switch|p1a: Heatran|Heatran, F|21\/100\n|turn|18\n|\n|t:|1699824062\n|move|p2a: Junpei Iori|Throat Chop|p1a: Heatran\n|-damage|p1a: Heatran|0 fnt\n|faint|p1a: Heatran\n|\n|-weather|none\n|upkeep\n|\n|t:|1699824064\n|switch|p1a: Charizard|Charizard-Mega-Y, M, shiny|7\/100\n|-weather|SunnyDay|[from] ability: Drought|[of] p1a: Charizard\n|turn|19\n|\n|t:|1699824067\n|move|p2a: Junpei Iori|Ice Spinner|p1a: Charizard\n|-damage|p1a: Charizard|0 fnt\n|faint|p1a: Charizard\n|\n|win|Kuzwa\n|raw|Cjbrake's rating: 1283 &rarr; <strong>1263<\/strong><br \/>(-20 for losing)\n|raw|Kuzwa's rating: 1350 &rarr; <strong>1366<\/strong><br \/>(+16 for winning)\n","uploadtime":1699824070,"views":4,"p1id":"cjbrake","p2id":"kuzwa","formatid":"gen9nationaldex","rating":1263,"private":0,"password":""}