{"id":"gen9nationaldex-1990107919","p1":"DrippyDreams","p2":"Yubel644","format":"[Gen 9] National Dex","log":"|j|\u2606DrippyDreams\n|j|\u2606Yubel644\n|t:|1699925363\n|gametype|singles\n|player|p1|DrippyDreams|266|1359\n|player|p2|Yubel644|emmet|1298\n|teamsize|p1|6\n|teamsize|p2|6\n|gen|9\n|tier|[Gen 9] National Dex\n|rated|\n|rule|HP Percentage Mod: HP is shown in percentages\n|rule|Endless Battle Clause: Forcing endless battles is banned\n|rule|OHKO Clause: OHKO moves are banned\n|rule|Evasion Clause: Evasion abilities, items, and moves are banned\n|rule|Evasion Abilities Clause: Evasion abilities are banned\n|rule|Evasion Items Clause: Evasion items are banned\n|rule|Evasion Moves Clause: Evasion moves are banned\n|rule|Species Clause: Limit one of each Pok\u00e9mon\n|rule|Sleep Clause Mod: Limit one foe put to sleep\n|clearpoke\n|poke|p1|Kartana|\n|poke|p1|Landorus-Therian, M|\n|poke|p1|Iron Valiant|\n|poke|p1|Tapu Koko|\n|poke|p1|Toxapex, M|\n|poke|p1|Scizor, F|\n|poke|p2|Armarouge, F|\n|poke|p2|Gliscor, M|\n|poke|p2|Regice|\n|poke|p2|Forretress, M|\n|poke|p2|Tauros-Paldea-Aqua, M|\n|poke|p2|Banette, M|\n|teampreview\n|inactive|Battle timer is ON: inactive players will automatically lose when time's up. (requested by DrippyDreams)\n|\n|t:|1699925373\n|start\n|switch|p1a: Landorus|Landorus-Therian, M|100\/100\n|switch|p2a: El Se\u00f1or DlaNoche|Gliscor, M|100\/100\n|-ability|p1a: Landorus|Intimidate|boost\n|-unboost|p2a: El Se\u00f1or DlaNoche|atk|1\n|turn|1\n|\n|t:|1699925378\n|switch|p2a: Rogal Dorn|Forretress, M, shiny|100\/100\n|move|p1a: Landorus|Stealth Rock|p2a: Rogal Dorn\n|-sidestart|p2: Yubel644|move: Stealth Rock\n|\n|upkeep\n|turn|2\n|\n|t:|1699925386\n|move|p1a: Landorus|Earthquake|p2a: Rogal Dorn\n|-damage|p2a: Rogal Dorn|73\/100\n|move|p2a: Rogal Dorn|Stealth Rock|p1a: Landorus\n|-sidestart|p1: DrippyDreams|move: Stealth Rock\n|\n|upkeep\n|turn|3\n|\n|t:|1699925393\n|move|p1a: Landorus|Earthquake|p2a: Rogal Dorn\n|-damage|p2a: Rogal Dorn|46\/100\n|move|p2a: Rogal Dorn|Counter|p1a: Landorus\n|-damage|p1a: Landorus|50\/100\n|\n|-heal|p1a: Landorus|56\/100|[from] item: Leftovers\n|upkeep\n|turn|4\n|\n|t:|1699925401\n|move|p1a: Landorus|U-turn|p2a: Rogal Dorn\n|-resisted|p2a: Rogal Dorn\n|-damage|p2a: Rogal Dorn|39\/100\n|-damage|p1a: Landorus|39\/100|[from] item: Rocky Helmet|[of] p2a: Rogal Dorn\n|\n|t:|1699925422\n|switch|p1a: Scizor|Scizor, F|100\/100|[from] U-turn\n|-damage|p1a: Scizor|88\/100|[from] Stealth Rock\n|move|p2a: Rogal Dorn|Rapid Spin|p1a: Scizor\n|-resisted|p1a: Scizor\n|-damage|p1a: Scizor|83\/100\n|-boost|p2a: Rogal Dorn|spe|1\n|-sideend|p2: Yubel644|Stealth Rock|[from] move: Rapid Spin|[of] p2a: Rogal Dorn\n|\n|upkeep\n|turn|5\n|\n|t:|1699925429\n|switch|p2a: El Se\u00f1or DlaNoche|Gliscor, M|100\/100\n|detailschange|p1a: Scizor|Scizor-Mega, F\n|-mega|p1a: Scizor|Scizor|Scizorite\n|move|p1a: Scizor|Knock Off|p2a: El Se\u00f1or DlaNoche\n|-damage|p2a: El Se\u00f1or DlaNoche|83\/100\n|-enditem|p2a: El Se\u00f1or DlaNoche|Toxic Orb|[from] move: Knock Off|[of] p1a: Scizor\n|\n|upkeep\n|turn|6\n|\n|t:|1699925442\n|move|p2a: El Se\u00f1or DlaNoche|U-turn|p1a: Scizor\n|-resisted|p1a: Scizor\n|-damage|p1a: Scizor|78\/100\n|\n|t:|1699925445\n|switch|p2a: Asterion Moloc|Tauros-Paldea-Aqua, M|100\/100|[from] U-turn\n|-ability|p2a: Asterion Moloc|Intimidate|boost\n|-unboost|p1a: Scizor|atk|1\n|move|p1a: Scizor|Defog|p2a: Asterion Moloc\n|-unboost|p2a: Asterion Moloc|evasion|1\n|-sideend|p1: DrippyDreams|Stealth Rock|[from] move: Defog|[of] p1a: Scizor\n|\n|upkeep\n|turn|7\n|\n|t:|1699925460\n|switch|p1a: Tapu Koko|Tapu Koko|100\/100\n|-fieldstart|move: Electric Terrain|[from] ability: Electric Surge|[of] p1a: Tapu Koko\n|move|p2a: Asterion Moloc|Raging Bull|p1a: Tapu Koko\n|-damage|p1a: Tapu Koko|35\/100\n|\n|upkeep\n|turn|8\n|\n|t:|1699925472\n|switch|p2a: Brother ice|Regice, shiny|100\/100\n|move|p1a: Tapu Koko|Volt Switch|p2a: Brother ice\n|-crit|p2a: Brother ice\n|-damage|p2a: Brother ice|81\/100\n|\n|t:|1699925483\n|switch|p1a: Kartana|Kartana|100\/100|[from] Volt Switch\n|\n|upkeep\n|turn|9\n|\n|t:|1699925489\n|switch|p2a: Rogal Dorn|Forretress, M, shiny|39\/100\n|move|p1a: Kartana|Sacred Sword|p2a: Rogal Dorn\n|-damage|p2a: Rogal Dorn|17\/100\n|\n|upkeep\n|turn|10\n|\n|t:|1699925498\n|move|p1a: Kartana|Sacred Sword|p2a: Rogal Dorn\n|-damage|p2a: Rogal Dorn|0 fnt\n|faint|p2a: Rogal Dorn\n|-ability|p1a: Kartana|Beast Boost|boost\n|-boost|p1a: Kartana|atk|1\n|\n|upkeep\n|\n|t:|1699925503\n|switch|p2a: Korpsman|Banette, M|100\/100\n|-item|p1a: Kartana|Protective Pads|[from] ability: Frisk|[of] p2a: Korpsman|[identify]\n|turn|11\n|\n|t:|1699925514\n|detailschange|p2a: Korpsman|Banette-Mega, M\n|-mega|p2a: Korpsman|Banette|Banettite\n|move|p2a: Korpsman|Destiny Bond|p2a: Korpsman\n|-singlemove|p2a: Korpsman|Destiny Bond\n|move|p1a: Kartana|Knock Off|p2a: Korpsman\n|-supereffective|p2a: Korpsman\n|-damage|p2a: Korpsman|0 fnt\n|faint|p2a: Korpsman\n|-activate|p2a: Korpsman|move: Destiny Bond\n|faint|p1a: Kartana\n|\n|-fieldend|move: Electric Terrain\n|upkeep\n|\n|t:|1699925532\n|switch|p1a: Landorus|Landorus-Therian, M|39\/100\n|switch|p2a: El Se\u00f1or DlaNoche|Gliscor, M|83\/100\n|-ability|p1a: Landorus|Intimidate|boost\n|-unboost|p2a: El Se\u00f1or DlaNoche|atk|1\n|turn|12\n|\n|t:|1699925543\n|move|p2a: El Se\u00f1or DlaNoche|Toxic|p1a: Landorus\n|-status|p1a: Landorus|tox\n|move|p1a: Landorus|Stealth Rock|p2a: El Se\u00f1or DlaNoche\n|-sidestart|p2: Yubel644|move: Stealth Rock\n|\n|-heal|p1a: Landorus|45\/100 tox|[from] item: Leftovers\n|-damage|p1a: Landorus|39\/100 tox|[from] psn\n|upkeep\n|turn|13\n|\n|t:|1699925548\n|move|p2a: El Se\u00f1or DlaNoche|Defog|p1a: Landorus\n|-unboost|p1a: Landorus|evasion|1\n|-sideend|p2: Yubel644|Stealth Rock|[from] move: Defog|[of] p2a: El Se\u00f1or DlaNoche\n|move|p1a: Landorus|U-turn|p2a: El Se\u00f1or DlaNoche\n|-resisted|p2a: El Se\u00f1or DlaNoche\n|-damage|p2a: El Se\u00f1or DlaNoche|76\/100\n|\n|t:|1699925557\n|switch|p1a: Scizor|Scizor-Mega, F|78\/100|[from] U-turn\n|\n|upkeep\n|turn|14\n|\n|t:|1699925578\n|move|p1a: Scizor|Bullet Punch|p2a: El Se\u00f1or DlaNoche\n|-damage|p2a: El Se\u00f1or DlaNoche|58\/100\n|move|p2a: El Se\u00f1or DlaNoche|U-turn|p1a: Scizor\n|-resisted|p1a: Scizor\n|-damage|p1a: Scizor|74\/100\n|\n|t:|1699925580\n|switch|p2a: Asterion Moloc|Tauros-Paldea-Aqua, M|100\/100|[from] U-turn\n|-ability|p2a: Asterion Moloc|Intimidate|boost\n|-unboost|p1a: Scizor|atk|1\n|\n|upkeep\n|turn|15\n|\n|t:|1699925590\n|switch|p1a: Toxapex|Toxapex, M|100\/100\n|move|p2a: Asterion Moloc|Raging Bull|p1a: Toxapex\n|-resisted|p1a: Toxapex\n|-damage|p1a: Toxapex|86\/100\n|\n|-heal|p1a: Toxapex|92\/100|[from] item: Leftovers\n|upkeep\n|turn|16\n|\n|t:|1699925599\n|switch|p2a: El Se\u00f1or DlaNoche|Gliscor, M|58\/100\n|move|p1a: Toxapex|Scald|p2a: El Se\u00f1or DlaNoche\n|-supereffective|p2a: El Se\u00f1or DlaNoche\n|-damage|p2a: El Se\u00f1or DlaNoche|15\/100\n|-status|p2a: El Se\u00f1or DlaNoche|brn\n|\n|-heal|p1a: Toxapex|98\/100|[from] item: Leftovers\n|-damage|p2a: El Se\u00f1or DlaNoche|9\/100 brn|[from] brn\n|upkeep\n|turn|17\n|\n|t:|1699925606\n|move|p2a: El Se\u00f1or DlaNoche|Earthquake|p1a: Toxapex\n|-supereffective|p1a: Toxapex\n|-damage|p1a: Toxapex|75\/100\n|move|p1a: Toxapex|Scald|p2a: El Se\u00f1or DlaNoche\n|-supereffective|p2a: El Se\u00f1or DlaNoche\n|-damage|p2a: El Se\u00f1or DlaNoche|0 fnt\n|faint|p2a: El Se\u00f1or DlaNoche\n|\n|-heal|p1a: Toxapex|81\/100|[from] item: Leftovers\n|upkeep\n|inactive|Yubel644 has 120 seconds left.\n|\n|t:|1699925640\n|switch|p2a: Magnis|Armarouge, F|100\/100\n|turn|18\n|\n|t:|1699925645\n|move|p2a: Magnis|Psychic|p1a: Toxapex\n|-supereffective|p1a: Toxapex\n|-damage|p1a: Toxapex|14\/100\n|-unboost|p1a: Toxapex|spd|1\n|move|p1a: Toxapex|Toxic|p2a: Magnis\n|-status|p2a: Magnis|tox\n|\n|-heal|p1a: Toxapex|20\/100|[from] item: Leftovers\n|-damage|p2a: Magnis|94\/100 tox|[from] psn\n|upkeep\n|turn|19\n|inactive|DrippyDreams has 120 seconds left.\n|inactive|DrippyDreams has 90 seconds left.\n|\n|t:|1699925708\n|switch|p1a: Scizor|Scizor-Mega, F|74\/100\n|move|p2a: Magnis|Psychic|p1a: Scizor\n|-resisted|p1a: Scizor\n|-damage|p1a: Scizor|59\/100\n|-unboost|p1a: Scizor|spd|1\n|\n|-damage|p2a: Magnis|82\/100 tox|[from] psn\n|upkeep\n|turn|20\n|\n|t:|1699925713\n|switch|p2a: Asterion Moloc|Tauros-Paldea-Aqua, M|100\/100\n|-ability|p2a: Asterion Moloc|Intimidate|boost\n|-unboost|p1a: Scizor|atk|1\n|switch|p1a: Toxapex|Toxapex, M|53\/100\n|\n|-heal|p1a: Toxapex|59\/100|[from] item: Leftovers\n|upkeep\n|turn|21\n|\n|t:|1699925734\n|switch|p2a: Brother ice|Regice, shiny|81\/100\n|move|p1a: Toxapex|Recover|p1a: Toxapex\n|-heal|p1a: Toxapex|100\/100\n|\n|upkeep\n|turn|22\n|\n|t:|1699925741\n|-terastallize|p2a: Brother ice|Electric\n|move|p2a: Brother ice|Charge Beam|p1a: Toxapex\n|-supereffective|p1a: Toxapex\n|-damage|p1a: Toxapex|57\/100\n|-boost|p2a: Brother ice|spa|1\n|move|p1a: Toxapex|Toxic|p2a: Brother ice\n|-status|p2a: Brother ice|tox\n|\n|-heal|p1a: Toxapex|63\/100|[from] item: Leftovers\n|-damage|p2a: Brother ice|75\/100 tox|[from] psn\n|upkeep\n|turn|23\n|\n|t:|1699925751\n|move|p2a: Brother ice|Thunderbolt|p1a: Toxapex\n|-supereffective|p1a: Toxapex\n|-damage|p1a: Toxapex|0 fnt\n|faint|p1a: Toxapex\n|\n|-damage|p2a: Brother ice|63\/100 tox|[from] psn\n|upkeep\n|\n|t:|1699925763\n|switch|p1a: Landorus|Landorus-Therian, M|39\/100 tox\n|-ability|p1a: Landorus|Intimidate|boost\n|-fail|p2a: Brother ice|unboost|[from] ability: Clear Body|[of] p2a: Brother ice\n|turn|24\n|\n|t:|1699925769\n|switch|p2a: Asterion Moloc|Tauros-Paldea-Aqua, M|100\/100\n|-ability|p2a: Asterion Moloc|Intimidate|boost\n|-unboost|p1a: Landorus|atk|1\n|move|p1a: Landorus|Earthquake|p2a: Asterion Moloc\n|-damage|p2a: Asterion Moloc|63\/100\n|\n|-heal|p1a: Landorus|45\/100 tox|[from] item: Leftovers\n|-damage|p1a: Landorus|39\/100 tox|[from] psn\n|upkeep\n|turn|25\n|inactive|DrippyDreams has 120 seconds left.\n|\n|t:|1699925789\n|switch|p1a: Scizor|Scizor-Mega, F|59\/100\n|move|p2a: Asterion Moloc|Raging Bull|p1a: Scizor\n|-damage|p1a: Scizor|23\/100\n|\n|upkeep\n|turn|26\n|\n|t:|1699925796\n|move|p1a: Scizor|Bullet Punch|p2a: Asterion Moloc\n|-resisted|p2a: Asterion Moloc\n|-damage|p2a: Asterion Moloc|47\/100\n|move|p2a: Asterion Moloc|Raging Bull|p1a: Scizor\n|-damage|p1a: Scizor|0 fnt\n|faint|p1a: Scizor\n|\n|upkeep\n|inactive|DrippyDreams has 120 seconds left.\n|\n|t:|1699925812\n|switch|p1a: Tapu Koko|Tapu Koko|35\/100\n|-fieldstart|move: Electric Terrain|[from] ability: Electric Surge|[of] p1a: Tapu Koko\n|turn|27\n|\n|t:|1699925822\n|switch|p2a: Brother ice|Regice, shiny, tera:Electric|63\/100 tox\n|move|p1a: Tapu Koko|Volt Switch|p2a: Brother ice\n|-resisted|p2a: Brother ice\n|-damage|p2a: Brother ice|56\/100 tox\n|inactive|DrippyDreams has 120 seconds left.\n|\n|t:|1699925835\n|switch|p1a: Landorus|Landorus-Therian, M|39\/100 tox|[from] Volt Switch\n|-ability|p1a: Landorus|Intimidate|boost\n|-fail|p2a: Brother ice|unboost|[from] ability: Clear Body|[of] p2a: Brother ice\n|\n|-heal|p1a: Landorus|45\/100 tox|[from] item: Leftovers\n|-damage|p1a: Landorus|39\/100 tox|[from] psn\n|-damage|p2a: Brother ice|50\/100 tox|[from] psn\n|upkeep\n|turn|28\n|inactive|Yubel644 has 120 seconds left.\n|\n|t:|1699925868\n|move|p1a: Landorus|Earthquake|p2a: Brother ice\n|-supereffective|p2a: Brother ice\n|-damage|p2a: Brother ice|0 fnt\n|faint|p2a: Brother ice\n|\n|-heal|p1a: Landorus|45\/100 tox|[from] item: Leftovers\n|-damage|p1a: Landorus|33\/100 tox|[from] psn\n|upkeep\n|\n|t:|1699925871\n|switch|p2a: Asterion Moloc|Tauros-Paldea-Aqua, M|47\/100\n|-ability|p2a: Asterion Moloc|Intimidate|boost\n|-unboost|p1a: Landorus|atk|1\n|turn|29\n|\n|t:|1699925880\n|move|p2a: Asterion Moloc|Bulk Up|p2a: Asterion Moloc\n|-boost|p2a: Asterion Moloc|atk|1\n|-boost|p2a: Asterion Moloc|def|1\n|move|p1a: Landorus|Earthquake|p2a: Asterion Moloc\n|-damage|p2a: Asterion Moloc|23\/100\n|\n|-heal|p1a: Landorus|39\/100 tox|[from] item: Leftovers\n|-damage|p1a: Landorus|21\/100 tox|[from] psn\n|upkeep\n|turn|30\n|\n|t:|1699925891\n|move|p2a: Asterion Moloc|Aqua Jet|p1a: Landorus\n|-supereffective|p1a: Landorus\n|-damage|p1a: Landorus|0 fnt\n|faint|p1a: Landorus\n|\n|upkeep\n|\n|t:|1699925898\n|switch|p1a: Tapu Koko|Tapu Koko|35\/100\n|turn|31\n|\n|t:|1699925900\n|move|p2a: Asterion Moloc|Aqua Jet|p1a: Tapu Koko\n|-damage|p1a: Tapu Koko|0 fnt\n|faint|p1a: Tapu Koko\n|\n|-fieldend|move: Electric Terrain\n|upkeep\n|\n|t:|1699925914\n|switch|p1a: Iron Valiant|Iron Valiant|100\/100\n|turn|32\n|\n|t:|1699925921\n|move|p2a: Asterion Moloc|Aqua Jet|p1a: Iron Valiant\n|-damage|p1a: Iron Valiant|59\/100\n|move|p1a: Iron Valiant|Thunderbolt|p2a: Asterion Moloc\n|-supereffective|p2a: Asterion Moloc\n|-damage|p2a: Asterion Moloc|0 fnt\n|faint|p2a: Asterion Moloc\n|\n|upkeep\n|\n|t:|1699925926\n|switch|p2a: Magnis|Armarouge, F|82\/100 tox\n|turn|33\n|\n|t:|1699925940\n|move|p2a: Magnis|Armor Cannon|p1a: Iron Valiant\n|-damage|p1a: Iron Valiant|0 fnt\n|-unboost|p2a: Magnis|def|1\n|-unboost|p2a: Magnis|spd|1\n|faint|p1a: Iron Valiant\n|-end|p1a: Iron Valiant|Quark Drive|[silent]\n|\n|win|Yubel644\n|raw|DrippyDreams's rating: 1359 &rarr; <strong>1336<\/strong><br \/>(-23 for losing)\n|raw|Yubel644's rating: 1298 &rarr; <strong>1327<\/strong><br \/>(+29 for winning)\n|l|\u2606DrippyDreams\n|c|\u2606Yubel644|Gg wp\n","uploadtime":1699925954,"views":10,"p1id":"drippydreams","p2id":"yubel644","formatid":"gen9nationaldex","rating":1327,"private":0,"password":""}