{"id":"gen9nationaldex-1987004315","p1":"Leshen13","p2":"Tripb85","format":"[Gen 9] National Dex","log":"|j|\u2606Leshen13\n|j|\u2606Tripb85\n|t:|1699548267\n|gametype|singles\n|player|p1|Leshen13|burglar|1070\n|player|p2|Tripb85|silver-masters|1119\n|teamsize|p1|6\n|teamsize|p2|6\n|gen|9\n|tier|[Gen 9] National Dex\n|rated|\n|rule|HP Percentage Mod: HP is shown in percentages\n|rule|Endless Battle Clause: Forcing endless battles is banned\n|rule|OHKO Clause: OHKO moves are banned\n|rule|Evasion Clause: Evasion abilities, items, and moves are banned\n|rule|Evasion Abilities Clause: Evasion abilities are banned\n|rule|Evasion Items Clause: Evasion items are banned\n|rule|Evasion Moves Clause: Evasion moves are banned\n|rule|Species Clause: Limit one of each Pok\u00e9mon\n|rule|Sleep Clause Mod: Limit one foe put to sleep\n|clearpoke\n|poke|p1|Mew|\n|poke|p1|Snorlax, F|\n|poke|p1|Beheeyem, F|\n|poke|p1|Tyranitar, M|\n|poke|p1|Volcarona, F|\n|poke|p1|Jirachi|\n|poke|p2|Grimmsnarl, M|\n|poke|p2|Volcarona, F|\n|poke|p2|Great Tusk|\n|poke|p2|Hatterene, F|\n|poke|p2|Blaziken, M|\n|poke|p2|Mimikyu, F|\n|teampreview\n|\n|t:|1699548293\n|start\n|switch|p1a: Mew|Mew|100\/100\n|switch|p2a: Gremlin|Grimmsnarl, M|100\/100\n|turn|1\n|\n|t:|1699548316\n|move|p2a: Gremlin|Taunt|p1a: Mew\n|-start|p1a: Mew|move: Taunt\n|cant|p1a: Mew|move: Taunt|Cosmic Power\n|\n|upkeep\n|turn|2\n|\n|t:|1699548325\n|move|p2a: Gremlin|Light Screen|p2a: Gremlin\n|-sidestart|p2: Tripb85|move: Light Screen\n|move|p1a: Mew|Stored Power|p2a: Gremlin\n|-immune|p2a: Gremlin\n|\n|upkeep\n|turn|3\n|\n|t:|1699548334\n|switch|p1a: Snorlax|Snorlax, F|100\/100\n|move|p2a: Gremlin|Reflect|p2a: Gremlin\n|-sidestart|p2: Tripb85|Reflect\n|\n|upkeep\n|turn|4\n|\n|t:|1699548357\n|move|p2a: Gremlin|Parting Shot|p1a: Snorlax\n|-unboost|p1a: Snorlax|atk|1\n|-unboost|p1a: Snorlax|spa|1\n|\n|t:|1699548361\n|switch|p2a: Heartless|Mimikyu, F|100\/100|[from] Parting Shot\n|move|p1a: Snorlax|Curse|p1a: Snorlax\n|-unboost|p1a: Snorlax|spe|1\n|-boost|p1a: Snorlax|atk|1\n|-boost|p1a: Snorlax|def|1\n|\n|upkeep\n|turn|5\n|\n|t:|1699548368\n|move|p2a: Heartless|Swords Dance|p2a: Heartless\n|-boost|p2a: Heartless|atk|2\n|move|p1a: Snorlax|Curse|p1a: Snorlax\n|-unboost|p1a: Snorlax|spe|1\n|-boost|p1a: Snorlax|atk|1\n|-boost|p1a: Snorlax|def|1\n|\n|upkeep\n|turn|6\n|\n|t:|1699548372\n|move|p2a: Heartless|Swords Dance|p2a: Heartless\n|-boost|p2a: Heartless|atk|2\n|move|p1a: Snorlax|Curse|p1a: Snorlax\n|-unboost|p1a: Snorlax|spe|1\n|-boost|p1a: Snorlax|atk|1\n|-boost|p1a: Snorlax|def|1\n|\n|upkeep\n|turn|7\n|\n|t:|1699548375\n|move|p2a: Heartless|Swords Dance|p2a: Heartless\n|-boost|p2a: Heartless|atk|2\n|move|p1a: Snorlax|Curse|p1a: Snorlax\n|-unboost|p1a: Snorlax|spe|1\n|-boost|p1a: Snorlax|atk|1\n|-boost|p1a: Snorlax|def|1\n|\n|upkeep\n|turn|8\n|\n|t:|1699548378\n|move|p2a: Heartless|Play Rough|p1a: Snorlax\n|-damage|p1a: Snorlax|68\/100\n|move|p1a: Snorlax|Curse|p1a: Snorlax\n|-unboost|p1a: Snorlax|spe|1\n|-boost|p1a: Snorlax|atk|1\n|-boost|p1a: Snorlax|def|1\n|\n|upkeep\n|turn|9\n|\n|t:|1699548385\n|move|p2a: Heartless|Play Rough|p1a: Snorlax\n|-damage|p1a: Snorlax|38\/100\n|move|p1a: Snorlax|Curse|p1a: Snorlax\n|-unboost|p1a: Snorlax|spe|1\n|-boost|p1a: Snorlax|atk|1\n|-boost|p1a: Snorlax|def|1\n|\n|-sideend|p2: Tripb85|move: Light Screen\n|upkeep\n|turn|10\n|\n|t:|1699548391\n|move|p2a: Heartless|Play Rough|p1a: Snorlax\n|-damage|p1a: Snorlax|15\/100\n|move|p1a: Snorlax|Rest|p1a: Snorlax\n|-status|p1a: Snorlax|slp|[from] move: Rest\n|-enditem|p1a: Snorlax|Lum Berry|[eat]\n|-curestatus|p1a: Snorlax|slp|[msg]\n|-heal|p1a: Snorlax|100\/100|[silent]\n|\n|-sideend|p2: Tripb85|Reflect\n|upkeep\n|turn|11\n|\n|t:|1699548398\n|move|p2a: Heartless|Play Rough|p1a: Snorlax\n|-damage|p1a: Snorlax|73\/100\n|move|p1a: Snorlax|Giga Impact|p2a: Heartless\n|-immune|p2a: Heartless\n|\n|upkeep\n|turn|12\n|\n|t:|1699548405\n|move|p2a: Heartless|Play Rough|p1a: Snorlax\n|-damage|p1a: Snorlax|49\/100\n|move|p1a: Snorlax|Giga Impact|p2a: Heartless\n|-immune|p2a: Heartless\n|\n|upkeep\n|turn|13\n|c|\u2606Tripb85|LOL\n|\n|t:|1699548415\n|move|p2a: Heartless|Play Rough|p1a: Snorlax\n|-damage|p1a: Snorlax|25\/100\n|move|p1a: Snorlax|Giga Impact|p2a: Heartless\n|-immune|p2a: Heartless\n|\n|upkeep\n|turn|14\n|\n|t:|1699548424\n|switch|p1a: Volcarona|Volcarona, F|100\/100\n|move|p2a: Heartless|Play Rough|p1a: Volcarona\n|-resisted|p1a: Volcarona\n|-damage|p1a: Volcarona|19\/100\n|\n|-heal|p1a: Volcarona|25\/100|[from] item: Leftovers\n|upkeep\n|turn|15\n|-message|Leshen13 forfeited.\n|\n|win|Tripb85\n|raw|Leshen13's rating: 1070 &rarr; <strong>1052<\/strong><br \/>(-18 for losing)\n|raw|Tripb85's rating: 1119 &rarr; <strong>1140<\/strong><br \/>(+21 for winning)\n|l|\u2606Leshen13\n|j| THEGOLDENLEG\n|l| THEGOLDENLEG\n|j| koopa003\n|l| koopa003\n|j| whatazachattack\n|l| whatazachattack\n|j| doubledgedsword\n|l| doubledgedsword\n|j| hell20\n|j| Animemer\n|l| Animemer\n","uploadtime":1699548922,"views":13,"p1id":"leshen13","p2id":"tripb85","formatid":"gen9nationaldex","rating":1052,"private":0,"password":""}