{"id":"gen9nationaldex-1988645329","p1":"Allahsmh","p2":"female charizard","format":"[Gen 9] National Dex","log":"|j|\u2606Allahsmh\n|j|\u2606female charizard\n|t:|1699745674\n|gametype|singles\n|player|p1|Allahsmh|hilbert|1267\n|player|p2|female charizard|170|1214\n|teamsize|p1|6\n|teamsize|p2|6\n|gen|9\n|tier|[Gen 9] National Dex\n|rated|\n|rule|HP Percentage Mod: HP is shown in percentages\n|rule|Endless Battle Clause: Forcing endless battles is banned\n|rule|OHKO Clause: OHKO moves are banned\n|rule|Evasion Clause: Evasion abilities, items, and moves are banned\n|rule|Evasion Abilities Clause: Evasion abilities are banned\n|rule|Evasion Items Clause: Evasion items are banned\n|rule|Evasion Moves Clause: Evasion moves are banned\n|rule|Species Clause: Limit one of each Pok\u00e9mon\n|rule|Sleep Clause Mod: Limit one foe put to sleep\n|clearpoke\n|poke|p1|Arcanine-Hisui, F|\n|poke|p1|Scizor, M|\n|poke|p1|Sneasler, M|\n|poke|p1|Tapu Koko|\n|poke|p1|Greninja-*, F|\n|poke|p1|Great Tusk|\n|poke|p2|Kyurem|\n|poke|p2|Abomasnow, F|\n|poke|p2|Breloom, F|\n|poke|p2|Rhyperior, F|\n|poke|p2|Ogerpon-Wellspring, F|\n|poke|p2|Arbok, F|\n|teampreview\n|\n|t:|1699745683\n|start\n|switch|p1a: Scizor|Scizor, M|100\/100\n|switch|p2a: mods annoy me|Ogerpon-Wellspring, F|100\/100\n|turn|1\n|\n|t:|1699745691\n|detailschange|p1a: Scizor|Scizor-Mega, M\n|-mega|p1a: Scizor|Scizor|Scizorite\n|move|p2a: mods annoy me|Ivy Cudgel|p1a: Scizor\n|-damage|p1a: Scizor|52\/100\n|move|p1a: Scizor|Trailblaze|p2a: mods annoy me\n|-damage|p2a: mods annoy me|57\/100\n|-boost|p1a: Scizor|spe|1\n|\n|upkeep\n|turn|2\n|\n|t:|1699745707\n|move|p1a: Scizor|Bullet Punch|p2a: mods annoy me\n|-resisted|p2a: mods annoy me\n|-damage|p2a: mods annoy me|30\/100\n|move|p2a: mods annoy me|Encore|p1a: Scizor\n|-start|p1a: Scizor|Encore\n|\n|upkeep\n|turn|3\n|j| mistahmerrikuu\n|\n|t:|1699745713\n|move|p1a: Scizor|Bullet Punch|p2a: mods annoy me\n|-resisted|p2a: mods annoy me\n|-damage|p2a: mods annoy me|4\/100\n|move|p2a: mods annoy me|Ivy Cudgel|p1a: Scizor\n|-damage|p1a: Scizor|9\/100\n|\n|upkeep\n|turn|4\n|\n|t:|1699745718\n|move|p1a: Scizor|Bullet Punch|p2a: mods annoy me\n|-resisted|p2a: mods annoy me\n|-damage|p2a: mods annoy me|0 fnt\n|faint|p2a: mods annoy me\n|\n|upkeep\n|\n|t:|1699745723\n|switch|p2a: at last|Arbok, F|100\/100\n|-ability|p2a: at last|Intimidate|boost\n|-unboost|p1a: Scizor|atk|1\n|turn|5\n|\n|t:|1699745734\n|switch|p1a: Great Tusk|Great Tusk|100\/100\n|-enditem|p1a: Great Tusk|Booster Energy\n|-activate|p1a: Great Tusk|ability: Protosynthesis|[fromitem]\n|-start|p1a: Great Tusk|protosynthesisatk\n|move|p2a: at last|Coil|p2a: at last\n|-boost|p2a: at last|atk|1\n|-boost|p2a: at last|def|1\n|-boost|p2a: at last|accuracy|1\n|\n|upkeep\n|turn|6\n|\n|t:|1699745758\n|-terastallize|p2a: at last|Dragon\n|move|p1a: Great Tusk|Earthquake|p2a: at last\n|-damage|p2a: at last|13\/100\n|move|p2a: at last|Scale Shot|p1a: Great Tusk\n|-damage|p1a: Great Tusk|89\/100\n|-damage|p1a: Great Tusk|77\/100\n|-damage|p1a: Great Tusk|66\/100\n|-damage|p1a: Great Tusk|55\/100\n|-hitcount|p1a: Great Tusk|4\n|-unboost|p2a: at last|def|1\n|-boost|p2a: at last|spe|1\n|\n|upkeep\n|turn|7\n|l|\u2606Allahsmh\n|player|p1|\n|j|\u2606Allahsmh\n|player|p1|Allahsmh|hilbert\n|\n|t:|1699745776\n|move|p2a: at last|Scale Shot|p1a: Great Tusk\n|-damage|p1a: Great Tusk|42\/100\n|-damage|p1a: Great Tusk|31\/100\n|-damage|p1a: Great Tusk|19\/100\n|-damage|p1a: Great Tusk|7\/100\n|-damage|p1a: Great Tusk|0 fnt\n|faint|p1a: Great Tusk\n|-end|p1a: Great Tusk|Protosynthesis|[silent]\n|-hitcount|p1: Great Tusk|5\n|-unboost|p2a: at last|def|1\n|-boost|p2a: at last|spe|1\n|\n|upkeep\n|j| kung fu pokechu\n|\n|t:|1699745788\n|switch|p1a: Tapu Koko|Tapu Koko|100\/100\n|-fieldstart|move: Electric Terrain|[from] ability: Electric Surge|[of] p1a: Tapu Koko\n|turn|8\n|\n|t:|1699745793\n|move|p2a: at last|Earthquake|p1a: Tapu Koko\n|-supereffective|p1a: Tapu Koko\n|-damage|p1a: Tapu Koko|0 fnt\n|faint|p1a: Tapu Koko\n|\n|upkeep\n|\n|t:|1699745798\n|switch|p1a: Sneasler|Sneasler, M|100\/100\n|-enditem|p1a: Sneasler|Electric Seed\n|-boost|p1a: Sneasler|def|1|[from] item: Electric Seed\n|turn|9\n|\n|t:|1699745804\n|move|p1a: Sneasler|Dire Claw|p2a: at last\n|-crit|p2a: at last\n|-damage|p2a: at last|0 fnt\n|faint|p2a: at last\n|\n|upkeep\n|\n|t:|1699745816\n|switch|p2a: SOLID SUGGESTER|Rhyperior, F|100\/100\n|turn|10\n|\n|t:|1699745825\n|-terastallize|p1a: Sneasler|Fighting\n|move|p1a: Sneasler|Close Combat|p2a: SOLID SUGGESTER\n|-supereffective|p2a: SOLID SUGGESTER\n|-damage|p2a: SOLID SUGGESTER|10\/100\n|-unboost|p1a: Sneasler|def|1\n|-unboost|p1a: Sneasler|spd|1\n|-enditem|p2a: SOLID SUGGESTER|Weakness Policy\n|-boost|p2a: SOLID SUGGESTER|atk|2|[from] item: Weakness Policy\n|-boost|p2a: SOLID SUGGESTER|spa|2|[from] item: Weakness Policy\n|move|p2a: SOLID SUGGESTER|Earthquake|p1a: Sneasler\n|-damage|p1a: Sneasler|0 fnt\n|faint|p1a: Sneasler\n|\n|upkeep\n|c|\u2606Allahsmh|holy tak\n|\n|t:|1699745841\n|switch|p1a: Scizor|Scizor-Mega, M|9\/100\n|turn|11\n|\n|t:|1699745848\n|move|p2a: SOLID SUGGESTER|Fire Punch|p1a: Scizor\n|-supereffective|p1a: Scizor\n|-damage|p1a: Scizor|0 fnt\n|faint|p1a: Scizor\n|\n|upkeep\n|c|\u2606Allahsmh|i pressed the wrong shit i actually threw\n|\n|t:|1699745867\n|switch|p1a: Arcanine|Arcanine-Hisui, F|100\/100\n|turn|12\n|\n|t:|1699745871\n|move|p1a: Arcanine|Flare Blitz|p2a: SOLID SUGGESTER\n|-resisted|p2a: SOLID SUGGESTER\n|-damage|p2a: SOLID SUGGESTER|0 fnt\n|faint|p2a: SOLID SUGGESTER\n|\n|-fieldend|move: Electric Terrain\n|upkeep\n|\n|t:|1699745879\n|switch|p2a: A subtle joke|Abomasnow, F|100\/100\n|-weather|Snow|[from] ability: Snow Warning|[of] p2a: A subtle joke\n|turn|13\n|\n|t:|1699745886\n|move|p1a: Arcanine|Flare Blitz|p2a: A subtle joke\n|-supereffective|p2a: A subtle joke\n|-damage|p2a: A subtle joke|0 fnt\n|faint|p2a: A subtle joke\n|\n|-weather|Snow|[upkeep]\n|upkeep\n|\n|t:|1699745891\n|switch|p2a: bisexual|Breloom, F|100\/100\n|turn|14\n|\n|t:|1699745898\n|move|p2a: bisexual|Mach Punch|p1a: Arcanine\n|-supereffective|p1a: Arcanine\n|-damage|p1a: Arcanine|22\/100\n|move|p1a: Arcanine|Flare Blitz|p2a: bisexual\n|-supereffective|p2a: bisexual\n|-damage|p2a: bisexual|0 fnt\n|faint|p2a: bisexual\n|\n|-weather|Snow|[upkeep]\n|upkeep\n|\n|t:|1699745900\n|switch|p2a: pressure friends|Kyurem|100\/100\n|-ability|p2a: pressure friends|Pressure\n|turn|15\n|inactive|Battle timer is ON: inactive players will automatically lose when time's up. (requested by female charizard)\n|\n|t:|1699745929\n|move|p2a: pressure friends|Substitute|p2a: pressure friends\n|-start|p2a: pressure friends|Substitute\n|-damage|p2a: pressure friends|76\/100\n|move|p1a: Arcanine|Flare Blitz|p2a: pressure friends\n|-end|p2a: pressure friends|Substitute\n|\n|-weather|Snow|[upkeep]\n|-heal|p2a: pressure friends|82\/100|[from] item: Leftovers\n|upkeep\n|turn|16\n|\n|t:|1699745939\n|move|p2a: pressure friends|Substitute|p2a: pressure friends\n|-start|p2a: pressure friends|Substitute\n|-damage|p2a: pressure friends|57\/100\n|move|p1a: Arcanine|Flare Blitz|p2a: pressure friends\n|-end|p2a: pressure friends|Substitute\n|\n|-weather|Snow|[upkeep]\n|-heal|p2a: pressure friends|63\/100|[from] item: Leftovers\n|upkeep\n|turn|17\n|\n|t:|1699745947\n|move|p2a: pressure friends|Roost|p2a: pressure friends\n|-heal|p2a: pressure friends|100\/100\n|-singleturn|p2a: pressure friends|move: Roost\n|move|p1a: Arcanine|Flare Blitz|p2a: pressure friends\n|-damage|p2a: pressure friends|49\/100\n|\n|-weather|none\n|-heal|p2a: pressure friends|55\/100|[from] item: Leftovers\n|upkeep\n|turn|18\n|\n|t:|1699745954\n|move|p2a: pressure friends|Protect|p2a: pressure friends\n|-singleturn|p2a: pressure friends|Protect\n|move|p1a: Arcanine|Flare Blitz|p2a: pressure friends\n|-activate|p2a: pressure friends|move: Protect\n|\n|-heal|p2a: pressure friends|62\/100|[from] item: Leftovers\n|upkeep\n|turn|19\n|\n|t:|1699745961\n|move|p2a: pressure friends|Roost|p2a: pressure friends\n|-heal|p2a: pressure friends|100\/100\n|-singleturn|p2a: pressure friends|move: Roost\n|move|p1a: Arcanine|Flare Blitz|p2a: pressure friends\n|-damage|p2a: pressure friends|32\/100\n|\n|-heal|p2a: pressure friends|38\/100|[from] item: Leftovers\n|upkeep\n|turn|20\n|\n|t:|1699745974\n|move|p2a: pressure friends|Protect|p2a: pressure friends\n|-singleturn|p2a: pressure friends|Protect\n|move|p1a: Arcanine|Flare Blitz|p2a: pressure friends\n|-activate|p2a: pressure friends|move: Protect\n|\n|-heal|p2a: pressure friends|44\/100|[from] item: Leftovers\n|upkeep\n|turn|21\n|\n|t:|1699745998\n|switch|p1a: Greninja|Greninja, F|100\/100\n|move|p2a: pressure friends|Roost|p2a: pressure friends\n|-heal|p2a: pressure friends|94\/100\n|-singleturn|p2a: pressure friends|move: Roost\n|\n|-heal|p2a: pressure friends|99\/100|[from] item: Leftovers\n|upkeep\n|turn|22\n|l|\u2606Allahsmh\n|inactive|Allahsmh disconnected and has a minute to reconnect!\n|player|p1|\n|j|\u2606Allahsmh\n|inactive|Allahsmh reconnected and has 110 seconds left.\n|player|p1|Allahsmh|hilbert\n|\n|t:|1699746034\n|move|p1a: Greninja|Dark Pulse|p2a: pressure friends\n|-start|p1a: Greninja|typechange|Dark|[from] ability: Protean\n|-damage|p2a: pressure friends|70\/100\n|move|p2a: pressure friends|Freeze-Dry|p1a: Greninja\n|-damage|p1a: Greninja|49\/100\n|\n|-heal|p2a: pressure friends|76\/100|[from] item: Leftovers\n|upkeep\n|turn|23\n|\n|t:|1699746045\n|move|p2a: pressure friends|Protect|p2a: pressure friends\n|-singleturn|p2a: pressure friends|Protect\n|move|p1a: Greninja|Dark Pulse|p2a: pressure friends\n|-activate|p2a: pressure friends|move: Protect\n|\n|-heal|p2a: pressure friends|82\/100|[from] item: Leftovers\n|upkeep\n|turn|24\n|\n|t:|1699746052\n|move|p1a: Greninja|Dark Pulse|p2a: pressure friends\n|-damage|p2a: pressure friends|51\/100\n|move|p2a: pressure friends|Substitute|p2a: pressure friends\n|-start|p2a: pressure friends|Substitute\n|-damage|p2a: pressure friends|26\/100\n|\n|-heal|p2a: pressure friends|32\/100|[from] item: Leftovers\n|upkeep\n|turn|25\n|\n|t:|1699746060\n|move|p2a: pressure friends|Protect|p2a: pressure friends\n|-singleturn|p2a: pressure friends|Protect\n|move|p1a: Greninja|Dark Pulse|p2a: pressure friends\n|-activate|p2a: pressure friends|move: Protect\n|\n|-heal|p2a: pressure friends|38\/100|[from] item: Leftovers\n|upkeep\n|turn|26\n|inactive|Allahsmh has 120 seconds left.\n|\n|t:|1699746087\n|move|p1a: Greninja|Dark Pulse|p2a: pressure friends\n|-end|p2a: pressure friends|Substitute\n|move|p2a: pressure friends|Roost|p2a: pressure friends\n|-heal|p2a: pressure friends|89\/100\n|-singleturn|p2a: pressure friends|move: Roost\n|\n|-heal|p2a: pressure friends|95\/100|[from] item: Leftovers\n|upkeep\n|turn|27\n|\n|t:|1699746097\n|move|p1a: Greninja|Dark Pulse|p2a: pressure friends\n|-damage|p2a: pressure friends|66\/100\n|move|p2a: pressure friends|Substitute|p2a: pressure friends\n|-start|p2a: pressure friends|Substitute\n|-damage|p2a: pressure friends|41\/100\n|\n|-heal|p2a: pressure friends|47\/100|[from] item: Leftovers\n|upkeep\n|turn|28\n|inactive|Allahsmh has 120 seconds left.\n|l|\u2606Allahsmh\n|inactive|Allahsmh disconnected and has a minute to reconnect!\n|player|p1|\n|j|\u2606Allahsmh\n|inactive|Allahsmh reconnected and has 105 seconds left.\n|player|p1|Allahsmh|hilbert\n|inactive|Allahsmh has 90 seconds left.\n|l|\u2606Allahsmh\n|inactive|Allahsmh disconnected and has a minute to reconnect!\n|player|p1|\n|j|\u2606Allahsmh\n|inactive|Allahsmh reconnected and has 85 seconds left.\n|player|p1|Allahsmh|hilbert\n|\n|t:|1699746154\n|move|p2a: pressure friends|Protect|p2a: pressure friends\n|-singleturn|p2a: pressure friends|Protect\n|move|p1a: Greninja|Dark Pulse|p2a: pressure friends\n|-activate|p2a: pressure friends|move: Protect\n|\n|-heal|p2a: pressure friends|53\/100|[from] item: Leftovers\n|upkeep\n|turn|29\n|c|\u2606Allahsmh|we're in the 1200's its not the world finals man holy god\n|inactive|Allahsmh has 60 seconds left.\n|\n|t:|1699746185\n|move|p1a: Greninja|Dark Pulse|p2a: pressure friends\n|-end|p2a: pressure friends|Substitute\n|move|p2a: pressure friends|Roost|p2a: pressure friends\n|-heal|p2a: pressure friends|100\/100\n|-singleturn|p2a: pressure friends|move: Roost\n|\n|upkeep\n|turn|30\n|\n|t:|1699746193\n|move|p1a: Greninja|Dark Pulse|p2a: pressure friends\n|-damage|p2a: pressure friends|70\/100\n|cant|p2a: pressure friends|flinch\n|\n|-heal|p2a: pressure friends|76\/100|[from] item: Leftovers\n|upkeep\n|turn|31\n|\n|t:|1699746219\n|move|p2a: pressure friends|Protect|p2a: pressure friends\n|-singleturn|p2a: pressure friends|Protect\n|move|p1a: Greninja|Dark Pulse|p2a: pressure friends\n|-activate|p2a: pressure friends|move: Protect\n|\n|-heal|p2a: pressure friends|82\/100|[from] item: Leftovers\n|upkeep\n|turn|32\n|\n|t:|1699746227\n|move|p1a: Greninja|Dark Pulse|p2a: pressure friends\n|-damage|p2a: pressure friends|52\/100\n|move|p2a: pressure friends|Substitute|p2a: pressure friends\n|-start|p2a: pressure friends|Substitute\n|-damage|p2a: pressure friends|27\/100\n|\n|-heal|p2a: pressure friends|33\/100|[from] item: Leftovers\n|upkeep\n|turn|33\n|\n|t:|1699746234\n|move|p2a: pressure friends|Protect|p2a: pressure friends\n|-singleturn|p2a: pressure friends|Protect\n|move|p1a: Greninja|Dark Pulse|p2a: pressure friends\n|-activate|p2a: pressure friends|move: Protect\n|\n|-heal|p2a: pressure friends|39\/100|[from] item: Leftovers\n|upkeep\n|turn|34\n|\n|t:|1699746249\n|move|p1a: Greninja|Surf|p2a: pressure friends\n|-resisted|p2a: pressure friends\n|-activate|p2a: pressure friends|move: Substitute|[damage]\n|move|p2a: pressure friends|Roost|p2a: pressure friends\n|-heal|p2a: pressure friends|89\/100\n|-singleturn|p2a: pressure friends|move: Roost\n|\n|-heal|p2a: pressure friends|96\/100|[from] item: Leftovers\n|upkeep\n|turn|35\n|inactive|female charizard has 120 seconds left.\n|\n|t:|1699746281\n|move|p2a: pressure friends|Protect|p2a: pressure friends\n|-singleturn|p2a: pressure friends|Protect\n|move|p1a: Greninja|Gunk Shot|p2a: pressure friends\n|-activate|p2a: pressure friends|move: Protect\n|\n|-heal|p2a: pressure friends|100\/100|[from] item: Leftovers\n|upkeep\n|turn|36\n|\n|t:|1699746290\n|move|p1a: Greninja|Gunk Shot|p2a: pressure friends\n|-end|p2a: pressure friends|Substitute\n|move|p2a: pressure friends|Freeze-Dry|p1a: Greninja\n|-damage|p1a: Greninja|0 fnt\n|faint|p1a: Greninja\n|\n|upkeep\n|\n|t:|1699746296\n|switch|p1a: Arcanine|Arcanine-Hisui, F|22\/100\n|turn|37\n|\n|t:|1699746305\n|move|p2a: pressure friends|Substitute|p2a: pressure friends\n|-start|p2a: pressure friends|Substitute\n|-damage|p2a: pressure friends|76\/100\n|move|p1a: Arcanine|Flare Blitz|p2a: pressure friends\n|-end|p2a: pressure friends|Substitute\n|\n|-heal|p2a: pressure friends|82\/100|[from] item: Leftovers\n|upkeep\n|turn|38\n|\n|t:|1699746313\n|move|p2a: pressure friends|Protect|p2a: pressure friends\n|-singleturn|p2a: pressure friends|Protect\n|move|p1a: Arcanine|Flare Blitz|p2a: pressure friends\n|-activate|p2a: pressure friends|move: Protect\n|\n|-heal|p2a: pressure friends|88\/100|[from] item: Leftovers\n|upkeep\n|turn|39\n|\n|t:|1699746321\n|move|p2a: pressure friends|Substitute|p2a: pressure friends\n|-start|p2a: pressure friends|Substitute\n|-damage|p2a: pressure friends|63\/100\n|move|p1a: Arcanine|Flare Blitz|p2a: pressure friends\n|-end|p2a: pressure friends|Substitute\n|\n|-heal|p2a: pressure friends|69\/100|[from] item: Leftovers\n|upkeep\n|turn|40\n|\n|t:|1699746328\n|move|p2a: pressure friends|Protect|p2a: pressure friends\n|-singleturn|p2a: pressure friends|Protect\n|move|p1a: Arcanine|Flare Blitz|p2a: pressure friends\n|-activate|p2a: pressure friends|move: Protect\n|\n|-heal|p2a: pressure friends|75\/100|[from] item: Leftovers\n|upkeep\n|turn|41\n|\n|t:|1699746336\n|move|p2a: pressure friends|Substitute|p2a: pressure friends\n|-start|p2a: pressure friends|Substitute\n|-damage|p2a: pressure friends|50\/100\n|move|p1a: Arcanine|Flare Blitz|p2a: pressure friends\n|-end|p2a: pressure friends|Substitute\n|\n|-heal|p2a: pressure friends|57\/100|[from] item: Leftovers\n|upkeep\n|turn|42\n|inactive|Allahsmh has 120 seconds left.\n|c|\u2606Allahsmh|dude you have got to go outside\n|\n|t:|1699746349\n|move|p2a: pressure friends|Roost|p2a: pressure friends\n|-heal|p2a: pressure friends|100\/100\n|-singleturn|p2a: pressure friends|move: Roost\n|-activate|p1a: Arcanine|move: Struggle\n|move|p1a: Arcanine|Struggle|p2a: pressure friends\n|-damage|p2a: pressure friends|82\/100\n|-damage|p1a: Arcanine|0 fnt|[from] recoil\n|faint|p1a: Arcanine\n|\n|win|female charizard\n|raw|Allahsmh's rating: 1267 &rarr; <strong>1238<\/strong><br \/>(-29 for losing)\n|raw|female charizard's rating: 1211 &rarr; <strong>1240<\/strong><br \/>(+29 for winning)\n|c|\u2606female charizard|that was the only way i could win\n","uploadtime":1699746369,"views":4,"p1id":"allahsmh","p2id":"femalecharizard","formatid":"gen9nationaldex","rating":1238,"private":0,"password":""}