{"id":"gen9nationaldex-1992543323","p1":"GL Lukas","p2":"NeonLikeBurritos","format":"[Gen 9] National Dex","log":"|j|\u2606GL Lukas\n|j|\u2606NeonLikeBurritos\n|t:|1700202753\n|gametype|singles\n|player|p1|GL Lukas|volkner|1373\n|player|p2|NeonLikeBurritos|hilbert-wonderlauncher|1289\n|teamsize|p1|6\n|teamsize|p2|6\n|gen|9\n|tier|[Gen 9] National Dex\n|rated|\n|rule|HP Percentage Mod: HP is shown in percentages\n|rule|Endless Battle Clause: Forcing endless battles is banned\n|rule|OHKO Clause: OHKO moves are banned\n|rule|Evasion Clause: Evasion abilities, items, and moves are banned\n|rule|Evasion Abilities Clause: Evasion abilities are banned\n|rule|Evasion Items Clause: Evasion items are banned\n|rule|Evasion Moves Clause: Evasion moves are banned\n|rule|Species Clause: Limit one of each Pok\u00e9mon\n|rule|Sleep Clause Mod: Limit one foe put to sleep\n|clearpoke\n|poke|p1|Klefki, F|\n|poke|p1|Mimikyu, M|\n|poke|p1|Weezing-Galar, M|\n|poke|p1|Grimmsnarl, M|\n|poke|p1|Mawile, F|\n|poke|p1|Iron Valiant|\n|poke|p2|Charizard, F|\n|poke|p2|Tornadus-Therian, M|\n|poke|p2|Grimmsnarl, M|\n|poke|p2|Kartana|\n|poke|p2|Weavile, M|\n|poke|p2|Excadrill, M|\n|teampreview\n|\n|t:|1700202769\n|start\n|switch|p1a: Weezing|Weezing-Galar, M|100\/100\n|switch|p2a: Grimmsnarl|Grimmsnarl, M|100\/100\n|turn|1\n|\n|t:|1700202776\n|move|p2a: Grimmsnarl|Taunt|p1a: Weezing\n|-start|p1a: Weezing|move: Taunt\n|move|p1a: Weezing|Sludge Bomb|p2a: Grimmsnarl\n|-supereffective|p2a: Grimmsnarl\n|-damage|p2a: Grimmsnarl|61\/100\n|\n|upkeep\n|turn|2\n|\n|t:|1700202784\n|-terastallize|p2a: Grimmsnarl|Steel\n|move|p2a: Grimmsnarl|Light Screen|p2a: Grimmsnarl\n|-sidestart|p2: NeonLikeBurritos|move: Light Screen\n|move|p1a: Weezing|Sludge Bomb|p2a: Grimmsnarl\n|-immune|p2a: Grimmsnarl\n|\n|upkeep\n|turn|3\n|\n|t:|1700202801\n|switch|p1a: Klefki|Klefki, F|100\/100\n|move|p2a: Grimmsnarl|Reflect|p2a: Grimmsnarl\n|-sidestart|p2: NeonLikeBurritos|Reflect\n|\n|upkeep\n|turn|4\n|\n|t:|1700202808\n|move|p1a: Klefki|Reflect|p1a: Klefki\n|-sidestart|p1: GL Lukas|Reflect\n|move|p2a: Grimmsnarl|Taunt|p1a: Klefki\n|-start|p1a: Klefki|move: Taunt\n|\n|upkeep\n|turn|5\n|inactive|Battle timer is ON: inactive players will automatically lose when time's up. (requested by NeonLikeBurritos)\n|\n|t:|1700202837\n|switch|p1a: Mimikyu|Mimikyu, M|100\/100\n|switch|p2a: Excadrill|Excadrill, M|100\/100\n|-ability|p2a: Excadrill|Mold Breaker\n|-item|p2a: Excadrill|Air Balloon\n|\n|upkeep\n|turn|6\n|\n|t:|1700202844\n|move|p1a: Mimikyu|Swords Dance|p1a: Mimikyu\n|-boost|p1a: Mimikyu|atk|2\n|move|p2a: Excadrill|Stealth Rock|p1a: Mimikyu\n|-sidestart|p1: GL Lukas|move: Stealth Rock\n|\n|upkeep\n|turn|7\n|\n|t:|1700202850\n|move|p1a: Mimikyu|Swords Dance|p1a: Mimikyu\n|-boost|p1a: Mimikyu|atk|2\n|move|p2a: Excadrill|Iron Head|p1a: Mimikyu\n|-supereffective|p1a: Mimikyu\n|-damage|p1a: Mimikyu|31\/100\n|\n|upkeep\n|turn|8\n|\n|t:|1700202858\n|-zpower|p1a: Mimikyu\n|move|p1a: Mimikyu|Let's Snuggle Forever|p2a: Excadrill|[zeffect]\n|-resisted|p2a: Excadrill\n|-damage|p2a: Excadrill|14\/100\n|-enditem|p2a: Excadrill|Air Balloon\n|move|p2a: Excadrill|Iron Head|p1a: Mimikyu\n|-supereffective|p1a: Mimikyu\n|-damage|p1a: Mimikyu|0 fnt\n|faint|p1a: Mimikyu\n|\n|upkeep\n|\n|t:|1700202865\n|switch|p1a: Weezing|Weezing-Galar, M|100\/100\n|-damage|p1a: Weezing|88\/100|[from] Stealth Rock\n|turn|9\n|\n|t:|1700202875\n|move|p2a: Excadrill|Iron Head|p1a: Weezing\n|-supereffective|p1a: Weezing\n|-damage|p1a: Weezing|60\/100\n|cant|p1a: Weezing|flinch\n|\n|-heal|p1a: Weezing|66\/100|[from] item: Black Sludge\n|-sideend|p2: NeonLikeBurritos|move: Light Screen\n|upkeep\n|turn|10\n|\n|t:|1700202881\n|move|p2a: Excadrill|Iron Head|p1a: Weezing\n|-supereffective|p1a: Weezing\n|-damage|p1a: Weezing|40\/100\n|move|p1a: Weezing|Defog|p2a: Excadrill\n|-unboost|p2a: Excadrill|evasion|1\n|-sideend|p2: NeonLikeBurritos|Reflect\n|-sideend|p1: GL Lukas|Stealth Rock|[from] move: Defog|[of] p1a: Weezing\n|\n|-heal|p1a: Weezing|46\/100|[from] item: Black Sludge\n|upkeep\n|turn|11\n|\n|t:|1700202888\n|move|p2a: Excadrill|Stealth Rock|p1a: Weezing\n|-sidestart|p1: GL Lukas|move: Stealth Rock\n|move|p1a: Weezing|Strange Steam|p2a: Excadrill\n|-resisted|p2a: Excadrill\n|-damage|p2a: Excadrill|0 fnt\n|faint|p2a: Excadrill\n|\n|-heal|p1a: Weezing|52\/100|[from] item: Black Sludge\n|-sideend|p1: GL Lukas|Reflect\n|upkeep\n|\n|t:|1700202906\n|switch|p2a: Kartana|Kartana|100\/100\n|turn|12\n|\n|t:|1700202909\n|move|p2a: Kartana|Swords Dance|p2a: Kartana\n|-boost|p2a: Kartana|atk|2\n|move|p1a: Weezing|Will-O-Wisp|p2a: Kartana\n|-status|p2a: Kartana|brn\n|\n|-heal|p1a: Weezing|58\/100|[from] item: Black Sludge\n|-damage|p2a: Kartana|94\/100 brn|[from] brn\n|upkeep\n|turn|13\n|\n|t:|1700202924\n|move|p2a: Kartana|Knock Off|p1a: Weezing\n|-resisted|p1a: Weezing\n|-damage|p1a: Weezing|45\/100\n|-enditem|p1a: Weezing|Black Sludge|[from] move: Knock Off|[of] p2a: Kartana\n|move|p1a: Weezing|Strange Steam|p2a: Kartana\n|-resisted|p2a: Kartana\n|-damage|p2a: Kartana|52\/100 brn\n|\n|-damage|p2a: Kartana|46\/100 brn|[from] brn\n|upkeep\n|turn|14\n|\n|t:|1700202936\n|-zpower|p2a: Kartana\n|move|p2a: Kartana|All-Out Pummeling|p1a: Weezing|[zeffect]\n|-resisted|p1a: Weezing\n|-damage|p1a: Weezing|33\/100\n|move|p1a: Weezing|Defog|p2a: Kartana\n|-unboost|p2a: Kartana|evasion|1\n|-sideend|p1: GL Lukas|Stealth Rock|[from] move: Defog|[of] p1a: Weezing\n|\n|-damage|p2a: Kartana|39\/100 brn|[from] brn\n|upkeep\n|turn|15\n|\n|t:|1700202950\n|move|p2a: Kartana|Leaf Blade|p1a: Weezing\n|-resisted|p1a: Weezing\n|-damage|p1a: Weezing|13\/100\n|move|p1a: Weezing|Strange Steam|p2a: Kartana\n|-resisted|p2a: Kartana\n|-damage|p2a: Kartana|0 fnt\n|faint|p2a: Kartana\n|\n|upkeep\n|\n|t:|1700202957\n|switch|p2a: Grimmsnarl|Grimmsnarl, M, tera:Steel|61\/100\n|turn|16\n|\n|t:|1700202961\n|switch|p1a: Iron Valiant|Iron Valiant|100\/100\n|-enditem|p1a: Iron Valiant|Booster Energy\n|-activate|p1a: Iron Valiant|ability: Quark Drive|[fromitem]\n|-start|p1a: Iron Valiant|quarkdrivespe\n|move|p2a: Grimmsnarl|Light Screen|p2a: Grimmsnarl\n|-sidestart|p2: NeonLikeBurritos|move: Light Screen\n|\n|upkeep\n|turn|17\n|\n|t:|1700202966\n|move|p2a: Grimmsnarl|Reflect|p2a: Grimmsnarl\n|-sidestart|p2: NeonLikeBurritos|Reflect\n|move|p1a: Iron Valiant|Aura Sphere|p2a: Grimmsnarl\n|-supereffective|p2a: Grimmsnarl\n|-damage|p2a: Grimmsnarl|30\/100\n|\n|upkeep\n|turn|18\n|\n|t:|1700202982\n|switch|p2a: Tornadus|Tornadus-Therian, M|100\/100\n|move|p1a: Iron Valiant|Calm Mind|p1a: Iron Valiant\n|-boost|p1a: Iron Valiant|spa|1\n|-boost|p1a: Iron Valiant|spd|1\n|\n|upkeep\n|turn|19\n|\n|t:|1700202993\n|move|p1a: Iron Valiant|Moonblast|p2a: Tornadus\n|-damage|p2a: Tornadus|67\/100\n|move|p2a: Tornadus|Hurricane|p1a: Iron Valiant\n|-supereffective|p1a: Iron Valiant\n|-damage|p1a: Iron Valiant|5\/100\n|\n|upkeep\n|turn|20\n|\n|t:|1700202999\n|move|p1a: Iron Valiant|Moonblast|p2a: Tornadus\n|-damage|p2a: Tornadus|33\/100\n|move|p2a: Tornadus|Knock Off|p1a: Iron Valiant\n|-resisted|p1a: Iron Valiant\n|-damage|p1a: Iron Valiant|0 fnt\n|faint|p1a: Iron Valiant\n|-end|p1a: Iron Valiant|Quark Drive|[silent]\n|\n|upkeep\n|\n|t:|1700203004\n|switch|p1a: Grimmsnarl|Grimmsnarl, M|100\/100\n|turn|21\n|\n|t:|1700203007\n|move|p1a: Grimmsnarl|Bulk Up|p1a: Grimmsnarl\n|-boost|p1a: Grimmsnarl|atk|1\n|-boost|p1a: Grimmsnarl|def|1\n|move|p2a: Tornadus|U-turn|p1a: Grimmsnarl\n|-damage|p1a: Grimmsnarl|87\/100\n|\n|t:|1700203010\n|switch|p2a: Charizard|Charizard, F|100\/100|[from] U-turn\n|\n|-heal|p1a: Grimmsnarl|93\/100|[from] item: Leftovers\n|upkeep\n|turn|22\n|\n|t:|1700203014\n|detailschange|p2a: Charizard|Charizard-Mega-X, F\n|-mega|p2a: Charizard|Charizard|Charizardite X\n|move|p1a: Grimmsnarl|Bulk Up|p1a: Grimmsnarl\n|-boost|p1a: Grimmsnarl|atk|1\n|-boost|p1a: Grimmsnarl|def|1\n|move|p2a: Charizard|Dragon Dance|p2a: Charizard\n|-boost|p2a: Charizard|atk|1\n|-boost|p2a: Charizard|spe|1\n|\n|-heal|p1a: Grimmsnarl|99\/100|[from] item: Leftovers\n|upkeep\n|turn|23\n|\n|t:|1700203021\n|move|p1a: Grimmsnarl|Bulk Up|p1a: Grimmsnarl\n|-boost|p1a: Grimmsnarl|atk|1\n|-boost|p1a: Grimmsnarl|def|1\n|move|p2a: Charizard|Dragon Dance|p2a: Charizard\n|-boost|p2a: Charizard|atk|1\n|-boost|p2a: Charizard|spe|1\n|\n|-heal|p1a: Grimmsnarl|100\/100|[from] item: Leftovers\n|-sideend|p2: NeonLikeBurritos|move: Light Screen\n|upkeep\n|turn|24\n|\n|t:|1700203034\n|move|p1a: Grimmsnarl|Bulk Up|p1a: Grimmsnarl\n|-boost|p1a: Grimmsnarl|atk|1\n|-boost|p1a: Grimmsnarl|def|1\n|move|p2a: Charizard|Flare Blitz|p1a: Grimmsnarl\n|-damage|p1a: Grimmsnarl|28\/100\n|-damage|p2a: Charizard|69\/100|[from] Recoil\n|\n|-heal|p1a: Grimmsnarl|34\/100|[from] item: Leftovers\n|-sideend|p2: NeonLikeBurritos|Reflect\n|upkeep\n|turn|25\n|\n|t:|1700203041\n|-terastallize|p1a: Grimmsnarl|Dark\n|move|p1a: Grimmsnarl|Sucker Punch|p2a: Charizard\n|-damage|p2a: Charizard|0 fnt\n|faint|p2a: Charizard\n|\n|-heal|p1a: Grimmsnarl|40\/100|[from] item: Leftovers\n|upkeep\n|\n|t:|1700203057\n|switch|p2a: Tornadus|Tornadus-Therian, M|66\/100\n|turn|26\n|\n|t:|1700203060\n|move|p1a: Grimmsnarl|Sucker Punch|p2a: Tornadus\n|-damage|p2a: Tornadus|0 fnt\n|faint|p2a: Tornadus\n|\n|-heal|p1a: Grimmsnarl|46\/100|[from] item: Leftovers\n|upkeep\n|\n|t:|1700203064\n|switch|p2a: Grimmsnarl|Grimmsnarl, M, tera:Steel|30\/100\n|turn|27\n|\n|t:|1700203068\n|move|p2a: Grimmsnarl|Reflect|p2a: Grimmsnarl\n|-sidestart|p2: NeonLikeBurritos|Reflect\n|move|p1a: Grimmsnarl|Drain Punch|p2a: Grimmsnarl\n|-supereffective|p2a: Grimmsnarl\n|-damage|p2a: Grimmsnarl|0 fnt\n|-heal|p1a: Grimmsnarl|61\/100|[from] drain|[of] p2a: Grimmsnarl\n|faint|p2a: Grimmsnarl\n|\n|-heal|p1a: Grimmsnarl|67\/100|[from] item: Leftovers\n|upkeep\n|\n|t:|1700203071\n|switch|p2a: Weavile|Weavile, M|100\/100\n|-ability|p2a: Weavile|Pressure\n|turn|28\n|\n|t:|1700203079\n|move|p2a: Weavile|Triple Axel|p1a: Grimmsnarl\n|-damage|p1a: Grimmsnarl|60\/100\n|-damage|p1a: Grimmsnarl|47\/100\n|-damage|p1a: Grimmsnarl|28\/100\n|-hitcount|p1a: Grimmsnarl|3\n|move|p1a: Grimmsnarl|Drain Punch|p2a: Weavile\n|-supereffective|p2a: Weavile\n|-damage|p2a: Weavile|0 fnt\n|-heal|p1a: Grimmsnarl|63\/100|[from] drain|[of] p2a: Weavile\n|faint|p2a: Weavile\n|\n|win|GL Lukas\n|raw|GL Lukas's rating: 1373 &rarr; <strong>1388<\/strong><br \/>(+15 for winning)\n|raw|NeonLikeBurritos's rating: 1289 &rarr; <strong>1270<\/strong><br \/>(-19 for losing)\n|l|\u2606NeonLikeBurritos\n","uploadtime":1700203130,"views":10,"p1id":"gllukas","p2id":"neonlikeburritos","formatid":"gen9nationaldex","rating":1270,"private":0,"password":""}