{"id":"gen9nationaldex-1998446632","p1":"MissRoseSlays","p2":"bxmb!","format":"[Gen 9] National Dex","log":"|html|<div class=\"broadcast-blue\"><strong>[Gen 9] National Dex is currently suspecting Sneasler! For information on how to participate check out the <a href=\"https:\/\/www.smogon.com\/forums\/threads\/sv-national-dex-suspect-8-just-dance.3731534\/\">suspect thread<\/a>.<\/strong><\/div>\n|j|\u2606MissRoseSlays\n|j|\u2606bxmb!\n|t:|1700943270\n|gametype|singles\n|player|p1|MissRoseSlays|pokemonrangerf|\n|player|p2|bxmb!|n|\n|teamsize|p1|6\n|teamsize|p2|6\n|gen|9\n|tier|[Gen 9] National Dex\n|rule|HP Percentage Mod: HP is shown in percentages\n|rule|Endless Battle Clause: Forcing endless battles is banned\n|rule|OHKO Clause: OHKO moves are banned\n|rule|Evasion Clause: Evasion abilities, items, and moves are banned\n|rule|Evasion Abilities Clause: Evasion abilities are banned\n|rule|Evasion Items Clause: Evasion items are banned\n|rule|Evasion Moves Clause: Evasion moves are banned\n|rule|Species Clause: Limit one of each Pok\u00e9mon\n|rule|Sleep Clause Mod: Limit one foe put to sleep\n|clearpoke\n|poke|p1|Primarina, M|\n|poke|p1|Lopunny, F|\n|poke|p1|Florges, F|\n|poke|p1|Oricorio-Pa'u, M|\n|poke|p1|Salazzle, F|\n|poke|p1|Tsareena, F|\n|poke|p2|Swampert, M|\n|poke|p2|Sylveon, F|\n|poke|p2|Bisharp, F|\n|poke|p2|Mienshao, F|\n|poke|p2|Raichu-Alola, M|\n|poke|p2|Decidueye, M|\n|teampreview\n|\n|t:|1700943292\n|start\n|switch|p1a: BoogieMaster|Oricorio-Pa'u, M|100\/100\n|switch|p2a: Dingus|Swampert, M|100\/100\n|turn|1\n|\n|t:|1700943304\n|move|p1a: BoogieMaster|Quiver Dance|p1a: BoogieMaster\n|-boost|p1a: BoogieMaster|spa|1\n|-boost|p1a: BoogieMaster|spd|1\n|-boost|p1a: BoogieMaster|spe|1\n|move|p2a: Dingus|Yawn|p1a: BoogieMaster\n|-start|p1a: BoogieMaster|move: Yawn|[of] p2a: Dingus\n|\n|upkeep\n|turn|2\n|\n|t:|1700943313\n|move|p1a: BoogieMaster|Air Slash|p2a: Dingus\n|-damage|p2a: Dingus|42\/100\n|-enditem|p2a: Dingus|Sitrus Berry|[eat]\n|-heal|p2a: Dingus|67\/100|[from] item: Sitrus Berry\n|-damage|p1a: BoogieMaster|91\/100|[from] item: Life Orb\n|cant|p2a: Dingus|flinch\n|\n|-end|p1a: BoogieMaster|move: Yawn|[silent]\n|-status|p1a: BoogieMaster|slp\n|upkeep\n|turn|3\n|\n|t:|1700943323\n|cant|p1a: BoogieMaster|slp\n|move|p2a: Dingus|Stealth Rock|p1a: BoogieMaster\n|-sidestart|p1: MissRoseSlays|move: Stealth Rock\n|\n|upkeep\n|turn|4\n|\n|t:|1700943331\n|cant|p1a: BoogieMaster|slp\n|move|p2a: Dingus|Flip Turn|p1a: BoogieMaster\n|-damage|p1a: BoogieMaster|56\/100 slp\n|\n|t:|1700943338\n|switch|p2a: Sorbet|Raichu-Alola, M|100\/100|[from] Flip Turn\n|\n|upkeep\n|turn|5\n|\n|t:|1700943345\n|switch|p1a: Majesty|Tsareena, F|100\/100\n|move|p2a: Sorbet|Rising Voltage|p1a: Majesty\n|-resisted|p1a: Majesty\n|-damage|p1a: Majesty|81\/100\n|-damage|p2a: Sorbet|91\/100|[from] item: Life Orb\n|\n|upkeep\n|turn|6\n|\n|t:|1700943361\n|move|p2a: Sorbet|Psychic|p1a: Majesty\n|-damage|p1a: Majesty|31\/100\n|-damage|p2a: Sorbet|81\/100|[from] item: Life Orb\n|move|p1a: Majesty|Rapid Spin|p2a: Sorbet\n|-damage|p2a: Sorbet|37\/100\n|-boost|p1a: Majesty|spe|1\n|-sideend|p1: MissRoseSlays|Stealth Rock|[from] move: Rapid Spin|[of] p1a: Majesty\n|\n|upkeep\n|turn|7\n|\n|t:|1700943370\n|move|p2a: Sorbet|Psychic|p1a: Majesty\n|-damage|p1a: Majesty|0 fnt\n|faint|p1a: Majesty\n|-damage|p2a: Sorbet|27\/100|[from] item: Life Orb\n|\n|upkeep\n|\n|t:|1700943377\n|switch|p1a: Coco|Lopunny, F|100\/100\n|turn|8\n|\n|t:|1700943381\n|detailschange|p1a: Coco|Lopunny-Mega, F\n|-mega|p1a: Coco|Lopunny|Lopunnite\n|move|p1a: Coco|Fake Out|p2a: Sorbet\n|-damage|p2a: Sorbet|0 fnt\n|faint|p2a: Sorbet\n|\n|upkeep\n|\n|t:|1700943388\n|switch|p2a: Cherry|Mienshao, F, shiny|100\/100\n|turn|9\n|\n|t:|1700943393\n|move|p2a: Cherry|Close Combat|p1a: Coco\n|-supereffective|p1a: Coco\n|-damage|p1a: Coco|0 fnt\n|-unboost|p2a: Cherry|def|1\n|-unboost|p2a: Cherry|spd|1\n|faint|p1a: Coco\n|\n|upkeep\n|\n|t:|1700943400\n|switch|p1a: BoogieMaster|Oricorio-Pa'u, M|56\/100 slp\n|turn|10\n|\n|t:|1700943404\n|move|p2a: Cherry|Close Combat|p1a: BoogieMaster\n|-resisted|p1a: BoogieMaster\n|-damage|p1a: BoogieMaster|33\/100 slp\n|-unboost|p2a: Cherry|def|1\n|-unboost|p2a: Cherry|spd|1\n|-curestatus|p1a: BoogieMaster|slp|[msg]\n|move|p1a: BoogieMaster|Revelation Dance|p2a: Cherry\n|-supereffective|p2a: Cherry\n|-damage|p2a: Cherry|0 fnt\n|faint|p2a: Cherry\n|-damage|p1a: BoogieMaster|24\/100|[from] item: Life Orb\n|\n|upkeep\n|\n|t:|1700943443\n|switch|p2a: Dingus|Swampert, M|67\/100\n|turn|11\n|\n|t:|1700943464\n|move|p1a: BoogieMaster|Roost|p1a: BoogieMaster\n|-heal|p1a: BoogieMaster|74\/100\n|-singleturn|p1a: BoogieMaster|move: Roost\n|move|p2a: Dingus|Yawn|p1a: BoogieMaster\n|-start|p1a: BoogieMaster|move: Yawn|[of] p2a: Dingus\n|\n|upkeep\n|turn|12\n|\n|t:|1700943472\n|switch|p1a: Madam LaPain|Florges, F|100\/100\n|move|p2a: Dingus|Stealth Rock|p1a: Madam LaPain\n|-sidestart|p1: MissRoseSlays|move: Stealth Rock\n|\n|upkeep\n|turn|13\n|\n|t:|1700943489\n|switch|p2a: Pizza Cutter|Bisharp, F|100\/100\n|move|p1a: Madam LaPain|Giga Drain|p2a: Pizza Cutter\n|-resisted|p2a: Pizza Cutter\n|-damage|p2a: Pizza Cutter|78\/100\n|\n|upkeep\n|turn|14\n|\n|t:|1700943505\n|move|p2a: Pizza Cutter|Iron Head|p1a: Madam LaPain\n|-supereffective|p1a: Madam LaPain\n|-damage|p1a: Madam LaPain|0 fnt\n|faint|p1a: Madam LaPain\n|\n|upkeep\n|\n|t:|1700943508\n|switch|p1a: Venom|Salazzle, F|100\/100\n|-damage|p1a: Venom|76\/100|[from] Stealth Rock\n|-item|p1a: Venom|Air Balloon\n|turn|15\n|\n|t:|1700943522\n|move|p1a: Venom|Flamethrower|p2a: Pizza Cutter\n|-supereffective|p2a: Pizza Cutter\n|-enditem|p2a: Pizza Cutter|Occa Berry|[eat]\n|-enditem|p2a: Pizza Cutter|Occa Berry|[weaken]\n|-damage|p2a: Pizza Cutter|12\/100\n|move|p2a: Pizza Cutter|Swords Dance|p2a: Pizza Cutter\n|-boost|p2a: Pizza Cutter|atk|2\n|\n|upkeep\n|turn|16\n|\n|t:|1700943531\n|move|p2a: Pizza Cutter|Sucker Punch|p1a: Venom\n|-crit|p1a: Venom\n|-damage|p1a: Venom|0 fnt\n|-enditem|p1a: Venom|Air Balloon\n|faint|p1a: Venom\n|\n|upkeep\n|\n|t:|1700943535\n|switch|p1a: BoogieMaster|Oricorio-Pa'u, M|74\/100\n|-damage|p1a: BoogieMaster|49\/100|[from] Stealth Rock\n|turn|17\n|\n|t:|1700943542\n|move|p1a: BoogieMaster|Roost|p1a: BoogieMaster\n|-heal|p1a: BoogieMaster|99\/100\n|-singleturn|p1a: BoogieMaster|move: Roost\n|move|p2a: Pizza Cutter|Iron Head|p1a: BoogieMaster\n|-damage|p1a: BoogieMaster|0 fnt\n|faint|p1a: BoogieMaster\n|\n|upkeep\n|\n|t:|1700943549\n|switch|p1a: Bubbles|Primarina, M|100\/100\n|-damage|p1a: Bubbles|88\/100|[from] Stealth Rock\n|turn|18\n|\n|t:|1700943555\n|move|p2a: Pizza Cutter|Iron Head|p1a: Bubbles\n|-damage|p1a: Bubbles|0 fnt\n|faint|p1a: Bubbles\n|\n|win|bxmb!\n|l|\u2606MissRoseSlays\n","uploadtime":1700943562,"views":1,"p1id":"missroseslays","p2id":"bxmb","formatid":"gen9nationaldex","rating":0,"private":0,"password":""}