{"id":"gen9nationaldex-1990121712","p1":"BigBenClockTower","p2":"marknutt343","format":"[Gen 9] National Dex","log":"|j|\u2606BigBenClockTower\n|j|\u2606marknutt343\n|t:|1699926866\n|gametype|singles\n|player|p1|BigBenClockTower|acetrainer-gen6xy|1219\n|player|p2|marknutt343|265|1136\n|teamsize|p1|6\n|teamsize|p2|6\n|gen|9\n|tier|[Gen 9] National Dex\n|rated|\n|rule|HP Percentage Mod: HP is shown in percentages\n|rule|Endless Battle Clause: Forcing endless battles is banned\n|rule|OHKO Clause: OHKO moves are banned\n|rule|Evasion Clause: Evasion abilities, items, and moves are banned\n|rule|Evasion Abilities Clause: Evasion abilities are banned\n|rule|Evasion Items Clause: Evasion items are banned\n|rule|Evasion Moves Clause: Evasion moves are banned\n|rule|Species Clause: Limit one of each Pok\u00e9mon\n|rule|Sleep Clause Mod: Limit one foe put to sleep\n|clearpoke\n|poke|p1|Mawile, F|\n|poke|p1|Ferrothorn, M|\n|poke|p1|Spidops, M|\n|poke|p1|Tapu Fini|\n|poke|p1|Chandelure, F|\n|poke|p1|Vanilluxe, M|\n|poke|p2|Feraligatr, M|\n|poke|p2|Xatu, M|\n|poke|p2|Skarmory, M|\n|poke|p2|Donphan, M|\n|poke|p2|Ampharos, F|\n|poke|p2|Houndoom, M|\n|teampreview\n|\n|t:|1699926880\n|start\n|switch|p1a: Spidops|Spidops, M|100\/100\n|switch|p2a: Skarmory|Skarmory, M|100\/100\n|turn|1\n|\n|t:|1699926888\n|move|p2a: Skarmory|Stealth Rock|p1a: Spidops\n|-sidestart|p1: BigBenClockTower|move: Stealth Rock\n|move|p1a: Spidops|Spikes|p2a: Skarmory\n|-sidestart|p2: marknutt343|Spikes\n|\n|upkeep\n|turn|2\n|\n|t:|1699926895\n|switch|p2a: Donphan|Donphan, M|100\/100\n|-damage|p2a: Donphan|88\/100|[from] Spikes\n|move|p1a: Spidops|Knock Off|p2a: Donphan\n|-damage|p2a: Donphan|59\/100\n|-enditem|p2a: Donphan|Custap Berry|[from] move: Knock Off|[of] p1a: Spidops\n|\n|upkeep\n|turn|3\n|\n|t:|1699926905\n|move|p2a: Donphan|Knock Off|p1a: Spidops\n|-damage|p1a: Spidops|71\/100\n|-enditem|p1a: Spidops|Red Card|[from] move: Knock Off|[of] p2a: Donphan\n|move|p1a: Spidops|Spikes|p2a: Donphan\n|-sidestart|p2: marknutt343|Spikes\n|\n|upkeep\n|turn|4\n|\n|t:|1699926911\n|move|p2a: Donphan|Rapid Spin|p1a: Spidops\n|-damage|p1a: Spidops|57\/100\n|-boost|p2a: Donphan|spe|1\n|-sideend|p2: marknutt343|Spikes|[from] move: Rapid Spin|[of] p2a: Donphan\n|move|p1a: Spidops|Circle Throw|p2a: Donphan|[miss]\n|-miss|p1a: Spidops|p2a: Donphan\n|\n|upkeep\n|turn|5\n|\n|t:|1699926925\n|switch|p1a: Ferrothorn|Ferrothorn, M|100\/100\n|-damage|p1a: Ferrothorn|95\/100|[from] Stealth Rock\n|move|p2a: Donphan|Rapid Spin|p1a: Ferrothorn\n|-resisted|p1a: Ferrothorn\n|-damage|p1a: Ferrothorn|89\/100\n|-boost|p2a: Donphan|spe|1\n|-damage|p2a: Donphan|46\/100|[from] ability: Iron Barbs|[of] p1a: Ferrothorn\n|-damage|p2a: Donphan|30\/100|[from] item: Rocky Helmet|[of] p1a: Ferrothorn\n|\n|upkeep\n|turn|6\n|\n|t:|1699926935\n|switch|p2a: Xatu|Xatu, M|100\/100\n|move|p1a: Ferrothorn|Stealth Rock|p2a: Xatu\n|move|p2a: Xatu|Stealth Rock||[from]ability: Magic Bounce|[still]\n|-fail|p2a: Xatu\n|\n|upkeep\n|turn|7\n|\n|t:|1699926944\n|move|p2a: Xatu|Psychic|p1a: Ferrothorn\n|-resisted|p1a: Ferrothorn\n|-damage|p1a: Ferrothorn|75\/100\n|move|p1a: Ferrothorn|Gyro Ball|p2a: Xatu\n|-damage|p2a: Xatu|61\/100\n|\n|upkeep\n|turn|8\n|\n|t:|1699926950\n|move|p2a: Xatu|Reflect|p2a: Xatu\n|-sidestart|p2: marknutt343|Reflect\n|move|p1a: Ferrothorn|Gyro Ball|p2a: Xatu\n|-damage|p2a: Xatu|38\/100\n|\n|upkeep\n|turn|9\n|inactive|Battle timer is ON: inactive players will automatically lose when time's up. (requested by marknutt343)\n|\n|t:|1699927028\n|move|p2a: Xatu|Light Screen|p2a: Xatu\n|-sidestart|p2: marknutt343|move: Light Screen\n|move|p1a: Ferrothorn|Stealth Rock|p2a: Xatu\n|move|p2a: Xatu|Stealth Rock||[from]ability: Magic Bounce|[still]\n|-fail|p2a: Xatu\n|\n|upkeep\n|turn|10\n|\n|t:|1699927040\n|switch|p2a: Houndoom|Houndoom, M|100\/100\n|move|p1a: Ferrothorn|Stealth Rock|p2a: Houndoom\n|-sidestart|p2: marknutt343|move: Stealth Rock\n|\n|upkeep\n|turn|11\n|\n|t:|1699927048\n|-terastallize|p1a: Ferrothorn|Water\n|move|p2a: Houndoom|Nasty Plot|p2a: Houndoom\n|-boost|p2a: Houndoom|spa|2\n|move|p1a: Ferrothorn|Leech Seed|p2a: Houndoom\n|-start|p2a: Houndoom|move: Leech Seed\n|\n|-damage|p2a: Houndoom|88\/100|[from] Leech Seed|[of] p1a: Ferrothorn\n|-heal|p1a: Ferrothorn|85\/100|[silent]\n|upkeep\n|turn|12\n|\n|t:|1699927060\n|move|p2a: Houndoom|Nasty Plot|p2a: Houndoom\n|-boost|p2a: Houndoom|spa|2\n|move|p1a: Ferrothorn|Power Whip|p2a: Houndoom\n|-resisted|p2a: Houndoom\n|-damage|p2a: Houndoom|69\/100\n|\n|-damage|p2a: Houndoom|56\/100|[from] Leech Seed|[of] p1a: Ferrothorn\n|-heal|p1a: Ferrothorn|96\/100|[silent]\n|upkeep\n|turn|13\n|\n|t:|1699927071\n|move|p2a: Houndoom|Dark Pulse|p1a: Ferrothorn\n|-damage|p1a: Ferrothorn|0 fnt\n|faint|p1a: Ferrothorn\n|\n|upkeep\n|\n|t:|1699927076\n|switch|p1a: Chandelure|Chandelure, F|100\/100\n|-damage|p1a: Chandelure|76\/100|[from] Stealth Rock\n|turn|14\n|\n|t:|1699927084\n|move|p1a: Chandelure|Hidden Power|p2a: Houndoom\n|-supereffective|p2a: Houndoom\n|-damage|p2a: Houndoom|26\/100\n|move|p2a: Houndoom|Dark Pulse|p1a: Chandelure\n|-supereffective|p1a: Chandelure\n|-damage|p1a: Chandelure|0 fnt\n|faint|p1a: Chandelure\n|\n|upkeep\n|\n|t:|1699927092\n|switch|p1a: Spidops|Spidops, M|57\/100\n|-damage|p1a: Spidops|32\/100|[from] Stealth Rock\n|turn|15\n|\n|t:|1699927098\n|move|p1a: Spidops|First Impression|p2a: Houndoom\n|-damage|p2a: Houndoom|0 fnt\n|faint|p2a: Houndoom\n|\n|-sideend|p2: marknutt343|Reflect\n|upkeep\n|\n|t:|1699927103\n|switch|p2a: Donphan|Donphan, M|30\/100\n|-damage|p2a: Donphan|23\/100|[from] Stealth Rock\n|turn|16\n|\n|t:|1699927110\n|switch|p1a: Mawile|Mawile, F|100\/100\n|-damage|p1a: Mawile|95\/100|[from] Stealth Rock\n|-ability|p1a: Mawile|Intimidate|boost\n|-unboost|p2a: Donphan|atk|1\n|move|p2a: Donphan|Rapid Spin|p1a: Mawile\n|-resisted|p1a: Mawile\n|-damage|p1a: Mawile|86\/100\n|-boost|p2a: Donphan|spe|1\n|-sideend|p2: marknutt343|Stealth Rock|[from] move: Rapid Spin|[of] p2a: Donphan\n|\n|-sideend|p2: marknutt343|move: Light Screen\n|upkeep\n|turn|17\n|inactive|marknutt343 has 120 seconds left.\n|inactive|marknutt343 has 90 seconds left.\n|\n|t:|1699927174\n|detailschange|p1a: Mawile|Mawile-Mega, F\n|-mega|p1a: Mawile|Mawile|Mawilite\n|move|p2a: Donphan|Earthquake|p1a: Mawile\n|-supereffective|p1a: Mawile\n|-damage|p1a: Mawile|18\/100\n|move|p1a: Mawile|Power-Up Punch|p2a: Donphan\n|-damage|p2a: Donphan|5\/100\n|-boost|p1a: Mawile|atk|1\n|\n|upkeep\n|turn|18\n|\n|t:|1699927182\n|move|p1a: Mawile|Sucker Punch|p2a: Donphan\n|-damage|p2a: Donphan|0 fnt\n|faint|p2a: Donphan\n|\n|upkeep\n|inactive|marknutt343 has 90 seconds left.\n|\n|t:|1699927197\n|switch|p2a: Xatu|Xatu, M|38\/100\n|turn|19\n|\n|t:|1699927201\n|move|p2a: Xatu|Reflect|p2a: Xatu\n|-sidestart|p2: marknutt343|Reflect\n|move|p1a: Mawile|Power-Up Punch|p2a: Xatu\n|-resisted|p2a: Xatu\n|-damage|p2a: Xatu|34\/100\n|-boost|p1a: Mawile|atk|1\n|\n|upkeep\n|turn|20\n|\n|t:|1699927209\n|move|p2a: Xatu|Light Screen|p2a: Xatu\n|-sidestart|p2: marknutt343|move: Light Screen\n|move|p1a: Mawile|Power-Up Punch|p2a: Xatu\n|-resisted|p2a: Xatu\n|-damage|p2a: Xatu|28\/100\n|-boost|p1a: Mawile|atk|1\n|\n|upkeep\n|turn|21\n|\n|t:|1699927218\n|switch|p2a: Ampharos|Ampharos, F, shiny|100\/100\n|move|p1a: Mawile|Power-Up Punch|p2a: Ampharos\n|-damage|p2a: Ampharos|64\/100\n|-boost|p1a: Mawile|atk|1\n|-status|p1a: Mawile|par|[from] ability: Static|[of] p2a: Ampharos\n|\n|upkeep\n|turn|22\n|\n|t:|1699927229\n|detailschange|p2a: Ampharos|Ampharos-Mega, F, shiny\n|-mega|p2a: Ampharos|Ampharos|Ampharosite\n|-ability|p2a: Ampharos|Mold Breaker\n|move|p1a: Mawile|Sucker Punch|p2a: Ampharos\n|-damage|p2a: Ampharos|0 fnt\n|faint|p2a: Ampharos\n|\n|upkeep\n|\n|t:|1699927235\n|switch|p2a: Feraligatr|Feraligatr, M|100\/100\n|turn|23\n|\n|t:|1699927238\n|move|p1a: Mawile|Sucker Punch||[still]\n|-fail|p1a: Mawile\n|move|p2a: Feraligatr|Dragon Dance|p2a: Feraligatr\n|-boost|p2a: Feraligatr|atk|1\n|-boost|p2a: Feraligatr|spe|1\n|\n|upkeep\n|turn|24\n|\n|t:|1699927244\n|move|p1a: Mawile|Sucker Punch||[still]\n|-fail|p1a: Mawile\n|move|p2a: Feraligatr|Dragon Dance|p2a: Feraligatr\n|-boost|p2a: Feraligatr|atk|1\n|-boost|p2a: Feraligatr|spe|1\n|\n|upkeep\n|turn|25\n|\n|t:|1699927249\n|move|p2a: Feraligatr|Dragon Dance|p2a: Feraligatr\n|-boost|p2a: Feraligatr|atk|1\n|-boost|p2a: Feraligatr|spe|1\n|move|p1a: Mawile|Play Rough|p2a: Feraligatr\n|-damage|p2a: Feraligatr|0 fnt\n|faint|p2a: Feraligatr\n|\n|upkeep\n|\n|t:|1699927256\n|switch|p2a: Skarmory|Skarmory, M|100\/100\n|turn|26\n|\n|t:|1699927266\n|move|p2a: Skarmory|Body Press|p1a: Mawile\n|-damage|p1a: Mawile|0 fnt\n|faint|p1a: Mawile\n|\n|-sideend|p2: marknutt343|Reflect\n|upkeep\n|\n|t:|1699927284\n|switch|p1a: Tapu Fini|Tapu Fini|100\/100\n|-damage|p1a: Tapu Fini|88\/100|[from] Stealth Rock\n|-fieldstart|move: Misty Terrain|[from] ability: Misty Surge|[of] p1a: Tapu Fini\n|turn|27\n|inactive|marknutt343 has 120 seconds left.\n|inactive|marknutt343 has 90 seconds left.\n|inactive|marknutt343 has 60 seconds left.\n|inactive|marknutt343 has 30 seconds left.\n|inactive|marknutt343 has 20 seconds left.\n|inactive|marknutt343 has 15 seconds left.\n|inactive|marknutt343 has 10 seconds left.\n|inactive|marknutt343 has 5 seconds left.\n|-message|marknutt343 lost due to inactivity.\n|\n|win|BigBenClockTower\n|raw|BigBenClockTower's rating: 1219 &rarr; <strong>1238<\/strong><br \/>(+19 for winning)\n|raw|marknutt343's rating: 1136 &rarr; <strong>1117<\/strong><br \/>(-19 for losing)\n","uploadtime":1699927454,"views":8,"p1id":"bigbenclocktower","p2id":"marknutt343","formatid":"gen9nationaldex","rating":1117,"private":0,"password":""}