{"id":"gen9nationaldex-1993802182","p1":"Nimezin","p2":"RandoTestAccount","format":"[Gen 9] National Dex","log":"|j|\u2606Nimezin\n|j|\u2606RandoTestAccount\n|t:|1700359040\n|gametype|singles\n|player|p1|Nimezin|pokemonbreederf-gen4|1159\n|player|p2|RandoTestAccount|pokemonrangerf|1252\n|teamsize|p1|6\n|teamsize|p2|6\n|gen|9\n|tier|[Gen 9] National Dex\n|rated|\n|rule|HP Percentage Mod: HP is shown in percentages\n|rule|Endless Battle Clause: Forcing endless battles is banned\n|rule|OHKO Clause: OHKO moves are banned\n|rule|Evasion Clause: Evasion abilities, items, and moves are banned\n|rule|Evasion Abilities Clause: Evasion abilities are banned\n|rule|Evasion Items Clause: Evasion items are banned\n|rule|Evasion Moves Clause: Evasion moves are banned\n|rule|Species Clause: Limit one of each Pok\u00e9mon\n|rule|Sleep Clause Mod: Limit one foe put to sleep\n|clearpoke\n|poke|p1|Lycanroc-Dusk, F|\n|poke|p1|Cinderace, F|\n|poke|p1|Greninja-*, M|\n|poke|p1|Meowscarada, F|\n|poke|p1|Gallade, M|\n|poke|p1|Ditto|\n|poke|p2|Umbreon, F|\n|poke|p2|Excadrill, F|\n|poke|p2|Corviknight, F|\n|poke|p2|Sableye, F|\n|poke|p2|Tapu Fini|\n|poke|p2|Dragalge, F|\n|teampreview\n|inactive|Battle timer is ON: inactive players will automatically lose when time's up. (requested by RandoTestAccount)\n|\n|t:|1700359056\n|start\n|switch|p1a: Meowscarada|Meowscarada, F|100\/100\n|switch|p2a: Spectre of Emerald|Sableye, F, shiny|100\/100\n|turn|1\n|\n|t:|1700359077\n|detailschange|p2a: Spectre of Emerald|Sableye-Mega, F, shiny\n|-mega|p2a: Spectre of Emerald|Sableye|Sablenite\n|move|p1a: Meowscarada|Flower Trick|p2a: Spectre of Emerald\n|-start|p1a: Meowscarada|typechange|Grass|[from] ability: Protean\n|-crit|p2a: Spectre of Emerald\n|-damage|p2a: Spectre of Emerald|65\/100\n|move|p2a: Spectre of Emerald|Will-O-Wisp|p1a: Meowscarada\n|-status|p1a: Meowscarada|brn\n|\n|-damage|p1a: Meowscarada|94\/100 brn|[from] brn\n|upkeep\n|turn|2\n|\n|t:|1700359091\n|move|p1a: Meowscarada|Flower Trick|p2a: Spectre of Emerald\n|-crit|p2a: Spectre of Emerald\n|-damage|p2a: Spectre of Emerald|47\/100\n|move|p2a: Spectre of Emerald|Calm Mind|p2a: Spectre of Emerald\n|-boost|p2a: Spectre of Emerald|spa|1\n|-boost|p2a: Spectre of Emerald|spd|1\n|\n|-damage|p1a: Meowscarada|88\/100 brn|[from] brn\n|upkeep\n|turn|3\n|\n|t:|1700359100\n|move|p1a: Meowscarada|Flower Trick|p2a: Spectre of Emerald\n|-crit|p2a: Spectre of Emerald\n|-damage|p2a: Spectre of Emerald|31\/100\n|move|p2a: Spectre of Emerald|Recover|p2a: Spectre of Emerald\n|-heal|p2a: Spectre of Emerald|81\/100\n|\n|-damage|p1a: Meowscarada|82\/100 brn|[from] brn\n|upkeep\n|turn|4\n|inactive|RandoTestAccount has 120 seconds left.\n|\n|t:|1700359135\n|switch|p2a: Ephialtes Keeper|Corviknight, F, shiny|100\/100\n|-ability|p2a: Ephialtes Keeper|Pressure\n|move|p1a: Meowscarada|Thunder Punch|p2a: Ephialtes Keeper\n|-supereffective|p2a: Ephialtes Keeper\n|-damage|p2a: Ephialtes Keeper|79\/100\n|-damage|p1a: Meowscarada|65\/100 brn|[from] item: Rocky Helmet|[of] p2a: Ephialtes Keeper\n|\n|-damage|p1a: Meowscarada|59\/100 brn|[from] brn\n|upkeep\n|turn|5\n|\n|t:|1700359147\n|move|p1a: Meowscarada|Thunder Punch|p2a: Ephialtes Keeper\n|-supereffective|p2a: Ephialtes Keeper\n|-damage|p2a: Ephialtes Keeper|57\/100\n|-damage|p1a: Meowscarada|43\/100 brn|[from] item: Rocky Helmet|[of] p2a: Ephialtes Keeper\n|move|p2a: Ephialtes Keeper|U-turn|p1a: Meowscarada\n|-supereffective|p1a: Meowscarada\n|-damage|p1a: Meowscarada|0 fnt\n|faint|p1a: Meowscarada\n|inactive|RandoTestAccount has 120 seconds left.\n|c|\u2606Nimezin|Com'on\n|\n|t:|1700359174\n|switch|p2a: Agony Steelheart|Dragalge, F, shiny|100\/100|[from] U-turn\n|\n|upkeep\n|\n|t:|1700359185\n|switch|p1a: Gallade|Gallade, M|100\/100\n|turn|6\n|c|\u2606RandoTestAccount|I understand.\n|\n|t:|1700359190\n|switch|p2a: Spectre of Emerald|Sableye-Mega, F, shiny|81\/100\n|detailschange|p1a: Gallade|Gallade-Mega, M\n|-mega|p1a: Gallade|Gallade|Galladite\n|move|p1a: Gallade|Swords Dance|p1a: Gallade\n|-boost|p1a: Gallade|atk|2\n|\n|upkeep\n|turn|7\n|\n|t:|1700359211\n|switch|p1a: Cinderace|Cinderace, F|100\/100\n|move|p2a: Spectre of Emerald|Will-O-Wisp|p1a: Cinderace\n|-immune|p1a: Cinderace\n|\n|upkeep\n|turn|8\n|inactive|Nimezin has 120 seconds left.\n|\n|t:|1700359226\n|switch|p2a: Agony Steelheart|Dragalge, F, shiny|100\/100\n|move|p1a: Cinderace|U-turn|p2a: Agony Steelheart\n|-start|p1a: Cinderace|typechange|Bug|[from] ability: Libero\n|-resisted|p2a: Agony Steelheart\n|-damage|p2a: Agony Steelheart|83\/100\n|inactive|Nimezin has 120 seconds left.\n|\n|t:|1700359251\n|switch|p1a: Ditto|Ditto|100\/100|[from] U-turn\n|-transform|p1a: Ditto|p2a: Agony Steelheart|[from] ability: Imposter\n|\n|-heal|p2a: Agony Steelheart|89\/100|[from] item: Black Sludge\n|upkeep\n|turn|9\n|\n|t:|1700359274\n|move|p1a: Ditto|Toxic|p2a: Agony Steelheart\n|-immune|p2a: Agony Steelheart\n|move|p2a: Agony Steelheart|Acid Spray|p1a: Ditto\n|-resisted|p1a: Ditto\n|-damage|p1a: Ditto|94\/100\n|-unboost|p1a: Ditto|spd|2\n|\n|-heal|p2a: Agony Steelheart|95\/100|[from] item: Black Sludge\n|upkeep\n|turn|10\n|\n|t:|1700359284\n|switch|p1a: Lycanroc|Lycanroc-Dusk, F|100\/100\n|move|p2a: Agony Steelheart|Dragon Pulse|p1a: Lycanroc\n|-damage|p1a: Lycanroc|41\/100\n|\n|-heal|p2a: Agony Steelheart|100\/100|[from] item: Black Sludge\n|upkeep\n|turn|11\n|\n|t:|1700359302\n|switch|p2a: Spectre of Emerald|Sableye-Mega, F, shiny|81\/100\n|-zpower|p1a: Lycanroc\n|move|p1a: Lycanroc|Splintered Stormshards|p2a: Spectre of Emerald|[zeffect]\n|-damage|p2a: Spectre of Emerald|17\/100\n|\n|upkeep\n|turn|12\n|inactive|Nimezin has 90 seconds left.\n|\n|t:|1700359333\n|switch|p2a: Ephialtes Keeper|Corviknight, F, shiny|57\/100\n|-ability|p2a: Ephialtes Keeper|Pressure\n|move|p1a: Lycanroc|Accelerock|p2a: Ephialtes Keeper\n|-crit|p2a: Ephialtes Keeper\n|-damage|p2a: Ephialtes Keeper|28\/100\n|-damage|p1a: Lycanroc|24\/100|[from] item: Rocky Helmet|[of] p2a: Ephialtes Keeper\n|\n|upkeep\n|turn|13\n|\n|t:|1700359353\n|move|p1a: Lycanroc|Accelerock|p2a: Ephialtes Keeper\n|-damage|p2a: Ephialtes Keeper|6\/100\n|-damage|p1a: Lycanroc|8\/100|[from] item: Rocky Helmet|[of] p2a: Ephialtes Keeper\n|move|p2a: Ephialtes Keeper|Roost|p2a: Ephialtes Keeper\n|-heal|p2a: Ephialtes Keeper|56\/100\n|-singleturn|p2a: Ephialtes Keeper|move: Roost\n|\n|upkeep\n|turn|14\n|\n|t:|1700359362\n|move|p1a: Lycanroc|Stone Edge|p2a: Ephialtes Keeper\n|-damage|p2a: Ephialtes Keeper|22\/100\n|move|p2a: Ephialtes Keeper|Roost|p2a: Ephialtes Keeper\n|-heal|p2a: Ephialtes Keeper|72\/100\n|-singleturn|p2a: Ephialtes Keeper|move: Roost\n|\n|upkeep\n|turn|15\n|\n|t:|1700359371\n|move|p1a: Lycanroc|Stone Edge|p2a: Ephialtes Keeper\n|-damage|p2a: Ephialtes Keeper|33\/100\n|move|p2a: Ephialtes Keeper|U-turn|p1a: Lycanroc\n|-damage|p1a: Lycanroc|0 fnt\n|faint|p1a: Lycanroc\n|\n|t:|1700359378\n|switch|p2a: Agony Steelheart|Dragalge, F, shiny|100\/100|[from] U-turn\n|\n|upkeep\n|\n|t:|1700359389\n|switch|p1a: Greninja|Greninja, M|100\/100\n|turn|16\n|\n|t:|1700359401\n|move|p1a: Greninja|Ice Beam|p2a: Agony Steelheart\n|-supereffective|p2a: Agony Steelheart\n|-damage|p2a: Agony Steelheart|66\/100\n|move|p2a: Agony Steelheart|Toxic|p1a: Greninja\n|-status|p1a: Greninja|tox\n|\n|-heal|p2a: Agony Steelheart|72\/100|[from] item: Black Sludge\n|-damage|p1a: Greninja|95\/100 tox|[from] psn\n|upkeep\n|turn|17\n|\n|t:|1700359414\n|switch|p2a: The Droplet Tear|Tapu Fini, shiny|100\/100\n|-fieldstart|move: Misty Terrain|[from] ability: Misty Surge|[of] p2a: The Droplet Tear\n|move|p1a: Greninja|Ice Beam|p2a: The Droplet Tear\n|-resisted|p2a: The Droplet Tear\n|-damage|p2a: The Droplet Tear|91\/100\n|\n|-heal|p2a: The Droplet Tear|97\/100|[from] item: Leftovers\n|-damage|p1a: Greninja|83\/100 tox|[from] psn\n|upkeep\n|turn|18\n|\n|t:|1700359421\n|move|p1a: Greninja|Ice Beam|p2a: The Droplet Tear\n|-resisted|p2a: The Droplet Tear\n|-damage|p2a: The Droplet Tear|87\/100\n|move|p2a: The Droplet Tear|Substitute|p2a: The Droplet Tear\n|-start|p2a: The Droplet Tear|Substitute\n|-damage|p2a: The Droplet Tear|62\/100\n|\n|-heal|p2a: The Droplet Tear|68\/100|[from] item: Leftovers\n|-damage|p1a: Greninja|65\/100 tox|[from] psn\n|upkeep\n|turn|19\n|inactive|Nimezin has 90 seconds left.\n|\n|t:|1700359435\n|move|p1a: Greninja|Surf|p2a: The Droplet Tear\n|-resisted|p2a: The Droplet Tear\n|-activate|p2a: The Droplet Tear|move: Substitute|[damage]\n|move|p2a: The Droplet Tear|Calm Mind|p2a: The Droplet Tear\n|-boost|p2a: The Droplet Tear|spa|1\n|-boost|p2a: The Droplet Tear|spd|1\n|\n|-heal|p2a: The Droplet Tear|74\/100|[from] item: Leftovers\n|-damage|p1a: Greninja|41\/100 tox|[from] psn\n|upkeep\n|turn|20\n|inactive|Nimezin has 90 seconds left.\n|\n|t:|1700359447\n|move|p1a: Greninja|Surf|p2a: The Droplet Tear\n|-resisted|p2a: The Droplet Tear\n|-end|p2a: The Droplet Tear|Substitute\n|move|p2a: The Droplet Tear|Calm Mind|p2a: The Droplet Tear\n|-boost|p2a: The Droplet Tear|spa|1\n|-boost|p2a: The Droplet Tear|spd|1\n|\n|-heal|p2a: The Droplet Tear|80\/100|[from] item: Leftovers\n|-damage|p1a: Greninja|11\/100 tox|[from] psn\n|upkeep\n|turn|21\n|inactive|Nimezin has 90 seconds left.\n|\n|t:|1700359457\n|move|p1a: Greninja|Surf|p2a: The Droplet Tear\n|-resisted|p2a: The Droplet Tear\n|-damage|p2a: The Droplet Tear|73\/100\n|move|p2a: The Droplet Tear|Substitute|p2a: The Droplet Tear\n|-start|p2a: The Droplet Tear|Substitute\n|-damage|p2a: The Droplet Tear|48\/100\n|\n|-heal|p2a: The Droplet Tear|54\/100|[from] item: Leftovers\n|-damage|p1a: Greninja|0 fnt|[from] psn\n|faint|p1a: Greninja\n|-fieldend|Misty Terrain\n|upkeep\n|\n|t:|1700359472\n|switch|p1a: Cinderace|Cinderace, F|100\/100\n|turn|22\n|\n|t:|1700359481\n|move|p1a: Cinderace|Iron Head|p2a: The Droplet Tear\n|-start|p1a: Cinderace|typechange|Steel|[from] ability: Libero\n|-end|p2a: The Droplet Tear|Substitute\n|move|p2a: The Droplet Tear|Scald|p1a: Cinderace\n|-damage|p1a: Cinderace|28\/100\n|-status|p1a: Cinderace|brn\n|\n|-heal|p2a: The Droplet Tear|60\/100|[from] item: Leftovers\n|-damage|p1a: Cinderace|22\/100 brn|[from] brn\n|upkeep\n|turn|23\n|inactive|Nimezin has 90 seconds left.\n|\n|t:|1700359494\n|move|p1a: Cinderace|Iron Head|p2a: The Droplet Tear\n|-damage|p2a: The Droplet Tear|45\/100\n|cant|p2a: The Droplet Tear|flinch\n|\n|-heal|p2a: The Droplet Tear|51\/100|[from] item: Leftovers\n|-damage|p1a: Cinderace|16\/100 brn|[from] brn\n|upkeep\n|turn|24\n|\n|t:|1700359503\n|move|p1a: Cinderace|Iron Head|p2a: The Droplet Tear\n|-damage|p2a: The Droplet Tear|36\/100\n|move|p2a: The Droplet Tear|Substitute|p2a: The Droplet Tear\n|-start|p2a: The Droplet Tear|Substitute\n|-damage|p2a: The Droplet Tear|11\/100\n|\n|-heal|p2a: The Droplet Tear|17\/100|[from] item: Leftovers\n|-damage|p1a: Cinderace|10\/100 brn|[from] brn\n|upkeep\n|turn|25\n|\n|t:|1700359513\n|move|p1a: Cinderace|Iron Head|p2a: The Droplet Tear\n|-activate|p2a: The Droplet Tear|move: Substitute|[damage]\n|move|p2a: The Droplet Tear|Moonblast|p1a: Cinderace\n|-resisted|p1a: Cinderace\n|-damage|p1a: Cinderace|0 fnt\n|faint|p1a: Cinderace\n|\n|-heal|p2a: The Droplet Tear|23\/100|[from] item: Leftovers\n|upkeep\n|inactive|Nimezin has 90 seconds left.\n|\n|t:|1700359530\n|switch|p1a: Ditto|Ditto|94\/100\n|turn|26\n|\n|t:|1700359537\n|switch|p1a: Gallade|Gallade-Mega, M|100\/100\n|move|p2a: The Droplet Tear|Moonblast|p1a: Gallade\n|-supereffective|p1a: Gallade\n|-damage|p1a: Gallade|0 fnt\n|faint|p1a: Gallade\n|\n|-heal|p2a: The Droplet Tear|29\/100|[from] item: Leftovers\n|upkeep\n|\n|t:|1700359545\n|switch|p1a: Ditto|Ditto|94\/100\n|turn|27\n|c|\u2606Nimezin|Good battle\n|c|\u2606Nimezin|Good luck bro\n|\n|t:|1700359555\n|move|p1a: Ditto|Transform||[still]\n|-fail|p1a: Ditto\n|move|p2a: The Droplet Tear|Moonblast|p1a: Ditto\n|-damage|p1a: Ditto|0 fnt\n|faint|p1a: Ditto\n|\n|win|RandoTestAccount\n|raw|Nimezin's rating: 1159 &rarr; <strong>1141<\/strong><br \/>(-18 for losing)\n|raw|RandoTestAccount's rating: 1252 &rarr; <strong>1270<\/strong><br \/>(+18 for winning)\n|c|\u2606RandoTestAccount|Thank you, and same to you.\n|c|\u2606Nimezin|God bless\n|c|\u2606RandoTestAccount|You got an awesome team.\n|c|\u2606RandoTestAccount|Be blessed, brotha.\n|l|\u2606RandoTestAccount\n|j|\u2606RandoTestAccount\n|player|p2|RandoTestAccount|pokemonrangerf\n","uploadtime":1700359562,"views":7,"p1id":"nimezin","p2id":"randotestaccount","formatid":"gen9nationaldex","rating":1141,"private":0,"password":""}