{"id":"gen9nationaldex-1988796883","p1":"Top Lampent Fan","p2":"gamerfunny","format":"[Gen 9] National Dex","log":"|j|\u2606Top Lampent Fan\n|j|\u2606gamerfunny\n|t:|1699764479\n|gametype|singles\n|player|p1|Top Lampent Fan|shauntal|1233\n|player|p2|gamerfunny|marlon|1253\n|teamsize|p1|6\n|teamsize|p2|6\n|gen|9\n|tier|[Gen 9] National Dex\n|rated|\n|rule|HP Percentage Mod: HP is shown in percentages\n|rule|Endless Battle Clause: Forcing endless battles is banned\n|rule|OHKO Clause: OHKO moves are banned\n|rule|Evasion Clause: Evasion abilities, items, and moves are banned\n|rule|Evasion Abilities Clause: Evasion abilities are banned\n|rule|Evasion Items Clause: Evasion items are banned\n|rule|Evasion Moves Clause: Evasion moves are banned\n|rule|Species Clause: Limit one of each Pok\u00e9mon\n|rule|Sleep Clause Mod: Limit one foe put to sleep\n|clearpoke\n|poke|p1|Crawdaunt, M|\n|poke|p1|Ninetales-Alola, M|\n|poke|p1|Arctozolt|\n|poke|p1|Slowking-Galar, M|\n|poke|p1|Zapdos|\n|poke|p1|Volcarona, M|\n|poke|p2|Snorlax, M|\n|poke|p2|Steelix, M|\n|poke|p2|Politoed, F|\n|poke|p2|Grimmsnarl, M|\n|poke|p2|Thundurus-Therian, M|\n|poke|p2|Volcarona, F|\n|teampreview\n|\n|t:|1699764489\n|start\n|switch|p1a: Ninetales|Ninetales-Alola, M|100\/100\n|switch|p2a: Gremlin|Grimmsnarl, M|100\/100\n|-weather|Snow|[from] ability: Snow Warning|[of] p1a: Ninetales\n|turn|1\n|\n|t:|1699764495\n|move|p2a: Gremlin|Trick|p1a: Ninetales\n|-activate|p2a: Gremlin|move: Trick|[of] p1a: Ninetales\n|-item|p1a: Ninetales|Lagging Tail|[from] move: Trick\n|-item|p2a: Gremlin|Light Clay|[from] move: Trick\n|move|p1a: Ninetales|Aurora Veil|p1a: Ninetales\n|-sidestart|p1: Top Lampent Fan|move: Aurora Veil\n|\n|-weather|Snow|[upkeep]\n|upkeep\n|turn|2\n|\n|t:|1699764503\n|switch|p1a: Crawdaunt|Crawdaunt, M|100\/100\n|move|p2a: Gremlin|Light Screen|p2a: Gremlin\n|-sidestart|p2: gamerfunny|move: Light Screen\n|\n|-weather|Snow|[upkeep]\n|upkeep\n|turn|3\n|\n|t:|1699764507\n|move|p2a: Gremlin|Reflect|p2a: Gremlin\n|-sidestart|p2: gamerfunny|Reflect\n|move|p1a: Crawdaunt|Dragon Dance|p1a: Crawdaunt\n|-boost|p1a: Crawdaunt|atk|1\n|-boost|p1a: Crawdaunt|spe|1\n|\n|-weather|Snow|[upkeep]\n|upkeep\n|turn|4\n|\n|t:|1699764512\n|move|p1a: Crawdaunt|Crabhammer|p2a: Gremlin\n|-damage|p2a: Gremlin|51\/100\n|move|p2a: Gremlin|Spirit Break|p1a: Crawdaunt\n|-supereffective|p1a: Crawdaunt\n|-damage|p1a: Crawdaunt|54\/100\n|-unboost|p1a: Crawdaunt|spa|1\n|\n|-weather|Snow|[upkeep]\n|upkeep\n|turn|5\n|\n|t:|1699764520\n|-terastallize|p1a: Crawdaunt|Rock\n|move|p1a: Crawdaunt|Crabhammer|p2a: Gremlin\n|-crit|p2a: Gremlin\n|-damage|p2a: Gremlin|0 fnt\n|faint|p2a: Gremlin\n|\n|-weather|none\n|-sideend|p1: Top Lampent Fan|move: Aurora Veil\n|upkeep\n|\n|t:|1699764538\n|switch|p2a: Queentoed|Politoed, F|100\/100\n|-weather|RainDance|[from] ability: Drizzle|[of] p2a: Queentoed\n|turn|6\n|\n|t:|1699764543\n|move|p1a: Crawdaunt|Crabhammer|p2a: Queentoed\n|-resisted|p2a: Queentoed\n|-crit|p2a: Queentoed\n|-damage|p2a: Queentoed|0 fnt\n|faint|p2a: Queentoed\n|\n|-weather|RainDance|[upkeep]\n|upkeep\n|\n|t:|1699764548\n|switch|p2a: Storm|Thundurus-Therian, M|100\/100\n|turn|7\n|\n|t:|1699764550\n|move|p1a: Crawdaunt|Tera Blast|p2a: Storm|[anim] Tera Blast Rock\n|-supereffective|p2a: Storm\n|-damage|p2a: Storm|0 fnt\n|faint|p2a: Storm\n|\n|-weather|RainDance|[upkeep]\n|upkeep\n|\n|t:|1699764557\n|switch|p2a: Steel|Steelix, M, shiny|100\/100\n|turn|8\n|\n|t:|1699764559\n|move|p1a: Crawdaunt|Crabhammer|p2a: Steel\n|-supereffective|p2a: Steel\n|-crit|p2a: Steel\n|-damage|p2a: Steel|0 fnt\n|faint|p2a: Steel\n|\n|-weather|RainDance|[upkeep]\n|upkeep\n|\n|t:|1699764567\n|switch|p2a: chubby boy|Snorlax, M, shiny|100\/100\n|turn|9\n|\n|t:|1699764570\n|move|p1a: Crawdaunt|Crabhammer|p2a: chubby boy\n|-damage|p2a: chubby boy|54\/100\n|move|p2a: chubby boy|Earthquake|p1a: Crawdaunt\n|-supereffective|p1a: Crawdaunt\n|-damage|p1a: Crawdaunt|0 fnt\n|faint|p1a: Crawdaunt\n|\n|-weather|RainDance|[upkeep]\n|-sideend|p2: gamerfunny|move: Light Screen\n|upkeep\n|-message|gamerfunny forfeited.\n|\n|win|Top Lampent Fan\n|raw|Top Lampent Fan's rating: 1233 &rarr; <strong>1259<\/strong><br \/>(+26 for winning)\n|raw|gamerfunny's rating: 1253 &rarr; <strong>1227<\/strong><br \/>(-26 for losing)\n|l|\u2606gamerfunny\n","uploadtime":1699764577,"views":5,"p1id":"toplampentfan","p2id":"gamerfunny","formatid":"gen9nationaldex","rating":1227,"private":0,"password":""}