{"id":"gen9nationaldex-1988771358","p1":"zcy41611","p2":"langke222","format":"[Gen 9] National Dex","log":"|j|\u2606zcy41611\n|j|\u2606langke222\n|t:|1699761013\n|gametype|singles\n|player|p1|zcy41611|lady-gen4|1399\n|player|p2|langke222|1|1489\n|teamsize|p1|6\n|teamsize|p2|6\n|gen|9\n|tier|[Gen 9] National Dex\n|rated|\n|rule|HP Percentage Mod: HP is shown in percentages\n|rule|Endless Battle Clause: Forcing endless battles is banned\n|rule|OHKO Clause: OHKO moves are banned\n|rule|Evasion Clause: Evasion abilities, items, and moves are banned\n|rule|Evasion Abilities Clause: Evasion abilities are banned\n|rule|Evasion Items Clause: Evasion items are banned\n|rule|Evasion Moves Clause: Evasion moves are banned\n|rule|Species Clause: Limit one of each Pok\u00e9mon\n|rule|Sleep Clause Mod: Limit one foe put to sleep\n|clearpoke\n|poke|p1|Glimmora, M|\n|poke|p1|Dragonite, M|\n|poke|p1|Garganacl, F|\n|poke|p1|Venusaur, M|\n|poke|p1|Latios, M|\n|poke|p1|Zapdos|\n|poke|p2|Alomomola, M|\n|poke|p2|Clodsire, M|\n|poke|p2|Garganacl, M|\n|poke|p2|Banette, M|\n|poke|p2|Ferrothorn, M|\n|poke|p2|Corviknight, M|\n|teampreview\n|inactive|Battle timer is ON: inactive players will automatically lose when time's up. (requested by langke222)\n|inactive|zcy41611 has 120 seconds left.\n|inactive|langke222 has 120 seconds left.\n|inactive|zcy41611 has 90 seconds left.\n|inactive|zcy41611 has 60 seconds left.\n|\n|t:|1699761133\n|start\n|switch|p1a: Venusaur|Venusaur, M|100\/100\n|switch|p2a: Clodsire|Clodsire, M|100\/100\n|turn|1\n|inactive|zcy41611 has 90 seconds left.\n|inactive|zcy41611 has 60 seconds left.\n|inactive|zcy41611 has 30 seconds left.\n|inactive|zcy41611 has 20 seconds left.\n|\n|t:|1699761220\n|detailschange|p1a: Venusaur|Venusaur-Mega, M\n|-mega|p1a: Venusaur|Venusaur|Venusaurite\n|move|p1a: Venusaur|Earth Power|p2a: Clodsire\n|-supereffective|p2a: Clodsire\n|-damage|p2a: Clodsire|69\/100\n|move|p2a: Clodsire|Spikes|p1a: Venusaur\n|-sidestart|p1: zcy41611|Spikes\n|\n|upkeep\n|turn|2\n|inactive|zcy41611 has 30 seconds left this turn.\n|inactive|zcy41611 has 20 seconds left.\n|inactive|langke222 has 120 seconds left.\n|\n|t:|1699761240\n|switch|p2a: Corviknight|Corviknight, M|100\/100\n|-ability|p2a: Corviknight|Pressure\n|move|p1a: Venusaur|Earth Power|p2a: Corviknight\n|-immune|p2a: Corviknight\n|\n|upkeep\n|turn|3\n|inactive|zcy41611 has 30 seconds left this turn.\n|\n|t:|1699761246\n|switch|p1a: Zapdos|Zapdos|100\/100\n|move|p2a: Corviknight|U-turn|p1a: Zapdos\n|-resisted|p1a: Zapdos\n|-damage|p1a: Zapdos|93\/100\n|-status|p2a: Corviknight|par|[from] ability: Static|[of] p1a: Zapdos\n|inactive|zcy41611 has 30 seconds left this turn.\n|\n|t:|1699761258\n|switch|p2a: Ferrothorn|Ferrothorn, M|100\/100|[from] U-turn\n|\n|upkeep\n|turn|4\n|\n|t:|1699761263\n|move|p1a: Zapdos|Heat Wave|p2a: Ferrothorn\n|-supereffective|p2a: Ferrothorn\n|-damage|p2a: Ferrothorn|16\/100\n|move|p2a: Ferrothorn|Toxic|p1a: Zapdos\n|-status|p1a: Zapdos|tox\n|\n|-heal|p2a: Ferrothorn|23\/100|[from] item: Leftovers\n|-damage|p1a: Zapdos|87\/100 tox|[from] psn\n|upkeep\n|turn|5\n|\n|t:|1699761283\n|switch|p2a: Clodsire|Clodsire, M|69\/100\n|move|p1a: Zapdos|Extrasensory|p2a: Clodsire\n|-supereffective|p2a: Clodsire\n|-damage|p2a: Clodsire|39\/100\n|\n|-damage|p1a: Zapdos|75\/100 tox|[from] psn\n|upkeep\n|turn|6\n|\n|t:|1699761294\n|switch|p1a: Venusaur|Venusaur-Mega, M|100\/100\n|-damage|p1a: Venusaur|88\/100|[from] Spikes\n|move|p2a: Clodsire|Recover|p2a: Clodsire\n|-heal|p2a: Clodsire|89\/100\n|\n|upkeep\n|turn|7\n|\n|t:|1699761310\n|move|p1a: Venusaur|Earth Power|p2a: Clodsire\n|-supereffective|p2a: Clodsire\n|-damage|p2a: Clodsire|59\/100\n|move|p2a: Clodsire|Spikes|p1a: Venusaur\n|-sidestart|p1: zcy41611|Spikes\n|\n|upkeep\n|turn|8\n|inactive|langke222 has 120 seconds left.\n|\n|t:|1699761331\n|move|p1a: Venusaur|Earth Power|p2a: Clodsire\n|-supereffective|p2a: Clodsire\n|-damage|p2a: Clodsire|30\/100\n|move|p2a: Clodsire|Spikes|p1a: Venusaur\n|-sidestart|p1: zcy41611|Spikes\n|\n|upkeep\n|turn|9\n|\n|t:|1699761341\n|switch|p2a: Corviknight|Corviknight, M|100\/100 par\n|-ability|p2a: Corviknight|Pressure\n|move|p1a: Venusaur|Earth Power|p2a: Corviknight\n|-immune|p2a: Corviknight\n|\n|upkeep\n|turn|10\n|inactive|langke222 has 120 seconds left.\n|\n|t:|1699761372\n|switch|p1a: Zapdos|Zapdos|75\/100 tox\n|move|p2a: Corviknight|U-turn|p1a: Zapdos\n|-resisted|p1a: Zapdos\n|-damage|p1a: Zapdos|67\/100 tox\n|\n|t:|1699761378\n|switch|p2a: Clodsire|Clodsire, M|30\/100|[from] U-turn\n|\n|-damage|p1a: Zapdos|61\/100 tox|[from] psn\n|upkeep\n|turn|11\n|\n|t:|1699761388\n|move|p1a: Zapdos|Extrasensory|p2a: Clodsire\n|-supereffective|p2a: Clodsire\n|-damage|p2a: Clodsire|2\/100\n|move|p2a: Clodsire|Recover|p2a: Clodsire\n|-heal|p2a: Clodsire|52\/100\n|\n|-damage|p1a: Zapdos|48\/100 tox|[from] psn\n|upkeep\n|turn|12\n|\n|t:|1699761399\n|move|p1a: Zapdos|Roost|p1a: Zapdos\n|-heal|p1a: Zapdos|98\/100 tox\n|-singleturn|p1a: Zapdos|move: Roost\n|move|p2a: Clodsire|Recover|p2a: Clodsire\n|-heal|p2a: Clodsire|100\/100\n|\n|-damage|p1a: Zapdos|80\/100 tox|[from] psn\n|upkeep\n|turn|13\n|\n|t:|1699761415\n|switch|p1a: Glimmora|Glimmora, M|100\/100\n|-item|p1a: Glimmora|Air Balloon\n|move|p2a: Clodsire|Spikes||[still]\n|-fail|p2a: Clodsire\n|\n|upkeep\n|turn|14\n|\n|t:|1699761422\n|switch|p2a: Corviknight|Corviknight, M|100\/100 par\n|-ability|p2a: Corviknight|Pressure\n|move|p1a: Glimmora|Mortal Spin|p2a: Corviknight\n|-immune|p2a: Corviknight\n|\n|upkeep\n|turn|15\n|inactive|zcy41611 has 60 seconds left.\n|\n|t:|1699761428\n|move|p1a: Glimmora|Power Gem|p2a: Corviknight\n|-damage|p2a: Corviknight|65\/100 par\n|cant|p2a: Corviknight|par\n|\n|upkeep\n|turn|16\n|\n|t:|1699761442\n|switch|p1a: Zapdos|Zapdos|80\/100 tox\n|move|p2a: Corviknight|U-turn|p1a: Zapdos\n|-resisted|p1a: Zapdos\n|-damage|p1a: Zapdos|72\/100 tox\n|\n|t:|1699761450\n|switch|p2a: Clodsire|Clodsire, M|100\/100|[from] U-turn\n|\n|-damage|p1a: Zapdos|66\/100 tox|[from] psn\n|upkeep\n|turn|17\n|\n|t:|1699761455\n|move|p1a: Zapdos|Extrasensory|p2a: Clodsire\n|-supereffective|p2a: Clodsire\n|-damage|p2a: Clodsire|69\/100\n|move|p2a: Clodsire|Spikes||[still]\n|-fail|p2a: Clodsire\n|\n|-damage|p1a: Zapdos|54\/100 tox|[from] psn\n|upkeep\n|turn|18\n|\n|t:|1699761476\n|switch|p1a: Glimmora|Glimmora, M|100\/100\n|-item|p1a: Glimmora|Air Balloon\n|move|p2a: Clodsire|Recover|p2a: Clodsire\n|-heal|p2a: Clodsire|100\/100\n|\n|upkeep\n|turn|19\n|\n|t:|1699761492\n|switch|p2a: Corviknight|Corviknight, M|65\/100 par\n|-ability|p2a: Corviknight|Pressure\n|move|p1a: Glimmora|Power Gem|p2a: Corviknight\n|-damage|p2a: Corviknight|27\/100 par\n|\n|upkeep\n|turn|20\n|\n|t:|1699761510\n|switch|p2a: Garganacl|Garganacl, M|100\/100\n|move|p1a: Glimmora|Mortal Spin|p2a: Garganacl\n|-resisted|p2a: Garganacl\n|-damage|p2a: Garganacl|99\/100\n|-sideend|p1: zcy41611|Spikes|[from] move: Mortal Spin|[of] p1a: Glimmora\n|\n|-heal|p2a: Garganacl|100\/100|[from] item: Leftovers\n|upkeep\n|turn|21\n|inactive|zcy41611 has 90 seconds left.\n|\n|t:|1699761520\n|switch|p1a: Venusaur|Venusaur-Mega, M|88\/100\n|move|p2a: Garganacl|Salt Cure|p1a: Venusaur\n|-damage|p1a: Venusaur|77\/100\n|-start|p1a: Venusaur|Salt Cure\n|\n|-damage|p1a: Venusaur|64\/100|[from] Salt Cure\n|upkeep\n|turn|22\n|\n|t:|1699761524\n|move|p1a: Venusaur|Giga Drain|p2a: Garganacl\n|-supereffective|p2a: Garganacl\n|-damage|p2a: Garganacl|57\/100\n|-heal|p1a: Venusaur|90\/100|[from] drain|[of] p2a: Garganacl\n|move|p2a: Garganacl|Stealth Rock|p1a: Venusaur\n|-sidestart|p1: zcy41611|move: Stealth Rock\n|\n|-heal|p2a: Garganacl|63\/100|[from] item: Leftovers\n|-damage|p1a: Venusaur|77\/100|[from] Salt Cure\n|upkeep\n|turn|23\n|\n|t:|1699761535\n|move|p1a: Venusaur|Giga Drain|p2a: Garganacl\n|-supereffective|p2a: Garganacl\n|-damage|p2a: Garganacl|19\/100\n|-heal|p1a: Venusaur|100\/100|[from] drain|[of] p2a: Garganacl\n|move|p2a: Garganacl|Recover|p2a: Garganacl\n|-heal|p2a: Garganacl|69\/100\n|\n|-heal|p2a: Garganacl|76\/100|[from] item: Leftovers\n|-damage|p1a: Venusaur|88\/100|[from] Salt Cure\n|upkeep\n|turn|24\n|\n|t:|1699761557\n|switch|p2a: Corviknight|Corviknight, M|27\/100 par\n|-ability|p2a: Corviknight|Pressure\n|move|p1a: Venusaur|Giga Drain|p2a: Corviknight\n|-resisted|p2a: Corviknight\n|-damage|p2a: Corviknight|20\/100 par\n|-heal|p1a: Venusaur|92\/100|[from] drain|[of] p2a: Corviknight\n|\n|-damage|p1a: Venusaur|80\/100|[from] Salt Cure\n|upkeep\n|turn|25\n|\n|t:|1699761568\n|switch|p1a: Glimmora|Glimmora, M|100\/100\n|-damage|p1a: Glimmora|88\/100|[from] Stealth Rock\n|-item|p1a: Glimmora|Air Balloon\n|cant|p2a: Corviknight|par\n|\n|upkeep\n|turn|26\n|\n|t:|1699761576\n|switch|p2a: Alomomola|Alomomola, M|100\/100\n|move|p1a: Glimmora|Power Gem|p2a: Alomomola\n|-damage|p2a: Alomomola|54\/100\n|\n|upkeep\n|turn|27\n|inactive|zcy41611 has 120 seconds left.\n|\n|t:|1699761586\n|switch|p2a: Clodsire|Clodsire, M|100\/100\n|move|p1a: Glimmora|Mortal Spin|p2a: Clodsire\n|-resisted|p2a: Clodsire\n|-damage|p2a: Clodsire|99\/100\n|-sideend|p1: zcy41611|Stealth Rock|[from] move: Mortal Spin|[of] p1a: Glimmora\n|\n|upkeep\n|turn|28\n|\n|t:|1699761593\n|move|p1a: Glimmora|Earth Power|p2a: Clodsire\n|-supereffective|p2a: Clodsire\n|-damage|p2a: Clodsire|63\/100\n|move|p2a: Clodsire|Spikes|p1a: Glimmora\n|-sidestart|p1: zcy41611|Spikes\n|\n|upkeep\n|turn|29\n|\n|t:|1699761601\n|move|p1a: Glimmora|Earth Power|p2a: Clodsire\n|-supereffective|p2a: Clodsire\n|-damage|p2a: Clodsire|28\/100\n|move|p2a: Clodsire|Recover|p2a: Clodsire\n|-heal|p2a: Clodsire|78\/100\n|\n|upkeep\n|turn|30\n|\n|t:|1699761614\n|switch|p2a: Alomomola|Alomomola, M|87\/100\n|move|p1a: Glimmora|Earth Power|p2a: Alomomola\n|-damage|p2a: Alomomola|53\/100\n|\n|upkeep\n|turn|31\n|\n|t:|1699761622\n|move|p1a: Glimmora|Mortal Spin|p2a: Alomomola\n|-damage|p2a: Alomomola|50\/100\n|-status|p2a: Alomomola|psn\n|-sideend|p1: zcy41611|Spikes|[from] move: Mortal Spin|[of] p1a: Glimmora\n|move|p2a: Alomomola|Flip Turn|p1a: Glimmora\n|-supereffective|p1a: Glimmora\n|-damage|p1a: Glimmora|50\/100\n|-activate|p1a: Glimmora|ability: Toxic Debris\n|-sidestart|p2: langke222|move: Toxic Spikes\n|-enditem|p1a: Glimmora|Air Balloon\n|\n|t:|1699761629\n|switch|p2a: Garganacl|Garganacl, M|76\/100|[from] Flip Turn\n|\n|-heal|p2a: Garganacl|82\/100|[from] item: Leftovers\n|upkeep\n|turn|32\n|\n|t:|1699761634\n|move|p1a: Glimmora|Earth Power|p2a: Garganacl\n|-supereffective|p2a: Garganacl\n|-damage|p2a: Garganacl|42\/100\n|move|p2a: Garganacl|Stealth Rock|p1a: Glimmora\n|-sidestart|p1: zcy41611|move: Stealth Rock\n|\n|-heal|p2a: Garganacl|48\/100|[from] item: Leftovers\n|upkeep\n|turn|33\n|\n|t:|1699761640\n|move|p2a: Garganacl|Protect|p2a: Garganacl\n|-singleturn|p2a: Garganacl|Protect\n|move|p1a: Glimmora|Mortal Spin|p2a: Garganacl\n|-activate|p2a: Garganacl|move: Protect\n|\n|-heal|p2a: Garganacl|54\/100|[from] item: Leftovers\n|upkeep\n|turn|34\n|\n|t:|1699761643\n|move|p1a: Glimmora|Mortal Spin|p2a: Garganacl\n|-resisted|p2a: Garganacl\n|-damage|p2a: Garganacl|52\/100\n|-sideend|p1: zcy41611|Stealth Rock|[from] move: Mortal Spin|[of] p1a: Glimmora\n|move|p2a: Garganacl|Recover|p2a: Garganacl\n|-heal|p2a: Garganacl|100\/100\n|\n|upkeep\n|turn|35\n|\n|t:|1699761647\n|switch|p1a: Venusaur|Venusaur-Mega, M|80\/100\n|move|p2a: Garganacl|Salt Cure|p1a: Venusaur\n|-damage|p1a: Venusaur|70\/100\n|-start|p1a: Venusaur|Salt Cure\n|\n|-damage|p1a: Venusaur|57\/100|[from] Salt Cure\n|upkeep\n|turn|36\n|\n|t:|1699761654\n|switch|p1a: Glimmora|Glimmora, M|50\/100\n|move|p2a: Garganacl|Protect||[still]\n|-fail|p2a: Garganacl\n|\n|upkeep\n|turn|37\n|\n|t:|1699761660\n|move|p1a: Glimmora|Earth Power|p2a: Garganacl\n|-supereffective|p2a: Garganacl\n|-damage|p2a: Garganacl|56\/100\n|move|p2a: Garganacl|Salt Cure|p1a: Glimmora\n|-damage|p1a: Glimmora|34\/100\n|-start|p1a: Glimmora|Salt Cure\n|-activate|p1a: Glimmora|ability: Toxic Debris\n|-sidestart|p2: langke222|move: Toxic Spikes\n|\n|-heal|p2a: Garganacl|62\/100|[from] item: Leftovers\n|-damage|p1a: Glimmora|22\/100|[from] Salt Cure\n|upkeep\n|turn|38\n|\n|t:|1699761667\n|switch|p1a: Zapdos|Zapdos|54\/100 tox\n|move|p2a: Garganacl|Recover|p2a: Garganacl\n|-heal|p2a: Garganacl|100\/100\n|\n|-damage|p1a: Zapdos|48\/100 tox|[from] psn\n|upkeep\n|turn|39\n|\n|t:|1699761671\n|move|p1a: Zapdos|Roost|p1a: Zapdos\n|-heal|p1a: Zapdos|98\/100 tox\n|-singleturn|p1a: Zapdos|move: Roost\n|move|p2a: Garganacl|Salt Cure|p1a: Zapdos\n|-damage|p1a: Zapdos|83\/100 tox\n|-start|p1a: Zapdos|Salt Cure\n|\n|-damage|p1a: Zapdos|70\/100 tox|[from] psn\n|-damage|p1a: Zapdos|58\/100 tox|[from] Salt Cure\n|upkeep\n|turn|40\n|\n|t:|1699761679\n|switch|p1a: Garganacl|Garganacl, F|100\/100\n|move|p2a: Garganacl|Salt Cure|p1a: Garganacl\n|-crit|p1a: Garganacl\n|-damage|p1a: Garganacl|88\/100\n|-start|p1a: Garganacl|Salt Cure\n|\n|-heal|p1a: Garganacl|94\/100|[from] item: Leftovers\n|-damage|p1a: Garganacl|82\/100|[from] Salt Cure\n|upkeep\n|turn|41\n|\n|t:|1699761699\n|move|p2a: Garganacl|Protect|p2a: Garganacl\n|-singleturn|p2a: Garganacl|Protect\n|move|p1a: Garganacl|Salt Cure|p2a: Garganacl\n|-activate|p2a: Garganacl|move: Protect\n|\n|-heal|p1a: Garganacl|88\/100|[from] item: Leftovers\n|-damage|p1a: Garganacl|75\/100|[from] Salt Cure\n|upkeep\n|turn|42\n|\n|t:|1699761719\n|move|p2a: Garganacl|Salt Cure|p1a: Garganacl\n|-damage|p1a: Garganacl|66\/100\n|move|p1a: Garganacl|Salt Cure|p2a: Garganacl\n|-damage|p2a: Garganacl|91\/100\n|-start|p2a: Garganacl|Salt Cure\n|\n|-heal|p2a: Garganacl|98\/100|[from] item: Leftovers\n|-heal|p1a: Garganacl|72\/100|[from] item: Leftovers\n|-damage|p2a: Garganacl|85\/100|[from] Salt Cure\n|-damage|p1a: Garganacl|60\/100|[from] Salt Cure\n|upkeep\n|turn|43\n|\n|t:|1699761733\n|switch|p2a: Alomomola|Alomomola, M|83\/100 psn\n|move|p1a: Garganacl|Salt Cure|p2a: Alomomola\n|-damage|p2a: Alomomola|76\/100 psn\n|-start|p2a: Alomomola|Salt Cure\n|\n|-heal|p1a: Garganacl|66\/100|[from] item: Leftovers\n|-damage|p2a: Alomomola|63\/100 psn|[from] psn\n|-damage|p2a: Alomomola|38\/100 psn|[from] Salt Cure\n|-damage|p1a: Garganacl|53\/100|[from] Salt Cure\n|upkeep\n|turn|44\n|\n|t:|1699761744\n|move|p2a: Alomomola|Wish|p2a: Alomomola\n|move|p1a: Garganacl|Recover|p1a: Garganacl\n|-heal|p1a: Garganacl|100\/100\n|\n|-damage|p2a: Alomomola|26\/100 psn|[from] psn\n|-damage|p2a: Alomomola|1\/100 psn|[from] Salt Cure\n|-damage|p1a: Garganacl|88\/100|[from] Salt Cure\n|upkeep\n|turn|45\n|\n|t:|1699761753\n|switch|p2a: Corviknight|Corviknight, M|20\/100 par\n|-ability|p2a: Corviknight|Pressure\n|move|p1a: Garganacl|Salt Cure|p2a: Corviknight\n|-damage|p2a: Corviknight|11\/100 par\n|-start|p2a: Corviknight|Salt Cure\n|\n|-heal|p2a: Corviknight|80\/100 par|[from] move: Wish|[wisher] Alomomola\n|-heal|p1a: Garganacl|94\/100|[from] item: Leftovers\n|-damage|p1a: Garganacl|82\/100|[from] Salt Cure\n|-damage|p2a: Corviknight|55\/100 par|[from] Salt Cure\n|upkeep\n|turn|46\n|\n|t:|1699761768\n|switch|p1a: Glimmora|Glimmora, M|22\/100\n|move|p2a: Corviknight|U-turn|p1a: Glimmora\n|-resisted|p1a: Glimmora\n|-damage|p1a: Glimmora|13\/100\n|\n|t:|1699761773\n|switch|p2a: Alomomola|Alomomola, M|34\/100 psn|[from] U-turn\n|\n|-damage|p2a: Alomomola|22\/100 psn|[from] psn\n|upkeep\n|turn|47\n|\n|t:|1699761783\n|switch|p2a: Clodsire|Clodsire, M|78\/100\n|-sideend|p2: langke222|move: Toxic Spikes|[of] p2a: Clodsire\n|move|p1a: Glimmora|Sludge Wave|p2a: Clodsire\n|-resisted|p2a: Clodsire\n|-damage|p2a: Clodsire|72\/100\n|\n|upkeep\n|turn|48\n|\n|t:|1699761794\n|switch|p1a: Garganacl|Garganacl, F|82\/100\n|move|p2a: Clodsire|Spikes|p1a: Garganacl\n|-sidestart|p1: zcy41611|Spikes\n|\n|-heal|p1a: Garganacl|88\/100|[from] item: Leftovers\n|upkeep\n|turn|49\n|\n|t:|1699761799\n|move|p1a: Garganacl|Salt Cure|p2a: Clodsire\n|-resisted|p2a: Clodsire\n|-damage|p2a: Clodsire|64\/100\n|-start|p2a: Clodsire|Salt Cure\n|move|p2a: Clodsire|Spikes|p1a: Garganacl\n|-sidestart|p1: zcy41611|Spikes\n|\n|-heal|p1a: Garganacl|94\/100|[from] item: Leftovers\n|-damage|p2a: Clodsire|52\/100|[from] Salt Cure\n|upkeep\n|turn|50\n|\n|t:|1699761810\n|move|p1a: Garganacl|Salt Cure|p2a: Clodsire\n|-resisted|p2a: Clodsire\n|-damage|p2a: Clodsire|44\/100\n|move|p2a: Clodsire|Recover|p2a: Clodsire\n|-heal|p2a: Clodsire|94\/100\n|\n|-heal|p1a: Garganacl|100\/100|[from] item: Leftovers\n|-damage|p2a: Clodsire|82\/100|[from] Salt Cure\n|upkeep\n|turn|51\n|\n|t:|1699761823\n|move|p2a: Clodsire|Spikes|p1a: Garganacl\n|-sidestart|p1: zcy41611|Spikes\n|move|p1a: Garganacl|Avalanche|p2a: Clodsire\n|-supereffective|p2a: Clodsire\n|-damage|p2a: Clodsire|50\/100\n|\n|-damage|p2a: Clodsire|37\/100|[from] Salt Cure\n|upkeep\n|turn|52\n|\n|t:|1699761846\n|move|p1a: Garganacl|Salt Cure|p2a: Clodsire\n|-resisted|p2a: Clodsire\n|-damage|p2a: Clodsire|29\/100\n|move|p2a: Clodsire|Recover|p2a: Clodsire\n|-heal|p2a: Clodsire|79\/100\n|\n|-damage|p2a: Clodsire|67\/100|[from] Salt Cure\n|upkeep\n|turn|53\n|\n|t:|1699761858\n|switch|p2a: Alomomola|Alomomola, M|55\/100 psn\n|move|p1a: Garganacl|Avalanche|p2a: Alomomola\n|-resisted|p2a: Alomomola\n|-damage|p2a: Alomomola|51\/100 psn\n|\n|-damage|p2a: Alomomola|39\/100 psn|[from] psn\n|upkeep\n|turn|54\n|\n|t:|1699761861\n|move|p2a: Alomomola|Wish|p2a: Alomomola\n|move|p1a: Garganacl|Salt Cure|p2a: Alomomola\n|-damage|p2a: Alomomola|31\/100 psn\n|-start|p2a: Alomomola|Salt Cure\n|\n|-damage|p2a: Alomomola|19\/100 psn|[from] psn\n|-damage|p2a: Alomomola|0 fnt|[from] Salt Cure\n|faint|p2a: Alomomola\n|upkeep\n|\n|t:|1699761865\n|switch|p2a: Ferrothorn|Ferrothorn, M|23\/100\n|turn|55\n|\n|t:|1699761868\n|move|p1a: Garganacl|Salt Cure|p2a: Ferrothorn\n|-resisted|p2a: Ferrothorn\n|-damage|p2a: Ferrothorn|18\/100\n|-start|p2a: Ferrothorn|Salt Cure\n|move|p2a: Ferrothorn|Leech Seed|p1a: Garganacl\n|-start|p1a: Garganacl|move: Leech Seed\n|\n|-heal|p2a: Ferrothorn|94\/100|[from] move: Wish|[wisher] Alomomola\n|-heal|p2a: Ferrothorn|99\/100|[from] item: Leftovers\n|-damage|p1a: Garganacl|88\/100|[from] Leech Seed|[of] p2a: Ferrothorn\n|-heal|p2a: Ferrothorn|100\/100|[silent]\n|-damage|p2a: Ferrothorn|75\/100|[from] Salt Cure\n|upkeep\n|turn|56\n|\n|t:|1699761881\n|switch|p1a: Zapdos|Zapdos|58\/100 tox\n|-terastallize|p2a: Ferrothorn|Ghost\n|move|p2a: Ferrothorn|Knock Off|p1a: Zapdos\n|-damage|p1a: Zapdos|33\/100 tox\n|-status|p2a: Ferrothorn|par|[from] ability: Static|[of] p1a: Zapdos\n|-enditem|p1a: Zapdos|Heavy-Duty Boots|[from] move: Knock Off|[of] p2a: Ferrothorn\n|\n|-heal|p2a: Ferrothorn|82\/100 par|[from] item: Leftovers\n|-damage|p1a: Zapdos|27\/100 tox|[from] psn\n|-damage|p2a: Ferrothorn|69\/100 par|[from] Salt Cure\n|upkeep\n|turn|57\n|\n|t:|1699761901\n|switch|p2a: Clodsire|Clodsire, M|67\/100\n|move|p1a: Zapdos|Discharge|p2a: Clodsire\n|-immune|p2a: Clodsire\n|\n|-damage|p1a: Zapdos|15\/100 tox|[from] psn\n|upkeep\n|turn|58\n|\n|t:|1699761908\n|move|p1a: Zapdos|Roost|p1a: Zapdos\n|-heal|p1a: Zapdos|65\/100 tox\n|-singleturn|p1a: Zapdos|move: Roost\n|move|p2a: Clodsire|Spikes||[still]\n|-fail|p2a: Clodsire\n|\n|-damage|p1a: Zapdos|46\/100 tox|[from] psn\n|upkeep\n|turn|59\n|inactive|zcy41611 has 120 seconds left.\n|\n|t:|1699761951\n|move|p1a: Zapdos|Extrasensory|p2a: Clodsire\n|-supereffective|p2a: Clodsire\n|-damage|p2a: Clodsire|37\/100\n|move|p2a: Clodsire|Earthquake|p1a: Zapdos\n|-immune|p1a: Zapdos\n|\n|-damage|p1a: Zapdos|21\/100 tox|[from] psn\n|upkeep\n|turn|60\n|\n|t:|1699761971\n|switch|p1a: Latios|Latios, M|100\/100\n|move|p2a: Clodsire|Recover|p2a: Clodsire\n|-heal|p2a: Clodsire|87\/100\n|\n|upkeep\n|turn|61\n|\n|t:|1699761981\n|switch|p2a: Corviknight|Corviknight, M|55\/100 par\n|-ability|p2a: Corviknight|Pressure\n|move|p1a: Latios|Psychic|p2a: Corviknight\n|-resisted|p2a: Corviknight\n|-damage|p2a: Corviknight|33\/100 par\n|\n|upkeep\n|turn|62\n|\n|t:|1699761993\n|move|p1a: Latios|Mystical Fire|p2a: Corviknight\n|-supereffective|p2a: Corviknight\n|-damage|p2a: Corviknight|0 fnt\n|faint|p2a: Corviknight\n|\n|upkeep\n|\n|t:|1699762019\n|switch|p2a: Ferrothorn|Ferrothorn, M, tera:Ghost|69\/100 par\n|turn|63\n|inactive|zcy41611 has 120 seconds left.\n|\n|t:|1699762052\n|switch|p1a: Venusaur|Venusaur-Mega, M|57\/100\n|-damage|p1a: Venusaur|32\/100|[from] Spikes\n|cant|p2a: Ferrothorn|par\n|\n|-heal|p2a: Ferrothorn|75\/100 par|[from] item: Leftovers\n|upkeep\n|turn|64\n|\n|t:|1699762066\n|move|p1a: Venusaur|Synthesis|p1a: Venusaur\n|-heal|p1a: Venusaur|82\/100\n|move|p2a: Ferrothorn|Gyro Ball|p1a: Venusaur\n|-damage|p1a: Venusaur|42\/100\n|\n|-heal|p2a: Ferrothorn|82\/100 par|[from] item: Leftovers\n|upkeep\n|turn|65\n|\n|t:|1699762072\n|move|p1a: Venusaur|Giga Drain|p2a: Ferrothorn\n|-damage|p2a: Ferrothorn|57\/100 par\n|-heal|p1a: Venusaur|55\/100|[from] drain|[of] p2a: Ferrothorn\n|cant|p2a: Ferrothorn|par\n|\n|-heal|p2a: Ferrothorn|63\/100 par|[from] item: Leftovers\n|upkeep\n|turn|66\n|\n|t:|1699762077\n|move|p1a: Venusaur|Giga Drain|p2a: Ferrothorn\n|-damage|p2a: Ferrothorn|36\/100 par\n|-heal|p1a: Venusaur|69\/100|[from] drain|[of] p2a: Ferrothorn\n|move|p2a: Ferrothorn|Gyro Ball|p1a: Venusaur\n|-damage|p1a: Venusaur|31\/100\n|\n|-heal|p2a: Ferrothorn|42\/100 par|[from] item: Leftovers\n|upkeep\n|turn|67\n|\n|t:|1699762083\n|move|p1a: Venusaur|Synthesis|p1a: Venusaur\n|-heal|p1a: Venusaur|81\/100\n|move|p2a: Ferrothorn|Gyro Ball|p1a: Venusaur\n|-damage|p1a: Venusaur|41\/100\n|\n|-heal|p2a: Ferrothorn|49\/100 par|[from] item: Leftovers\n|upkeep\n|turn|68\n|\n|t:|1699762087\n|move|p1a: Venusaur|Synthesis|p1a: Venusaur\n|-heal|p1a: Venusaur|90\/100\n|cant|p2a: Ferrothorn|par\n|\n|-heal|p2a: Ferrothorn|55\/100 par|[from] item: Leftovers\n|upkeep\n|turn|69\n|\n|t:|1699762090\n|move|p1a: Venusaur|Giga Drain|p2a: Ferrothorn\n|-damage|p2a: Ferrothorn|31\/100 par\n|-heal|p1a: Venusaur|100\/100|[from] drain|[of] p2a: Ferrothorn\n|move|p2a: Ferrothorn|Gyro Ball|p1a: Venusaur\n|-damage|p1a: Venusaur|61\/100\n|\n|-heal|p2a: Ferrothorn|37\/100 par|[from] item: Leftovers\n|upkeep\n|turn|70\n|\n|t:|1699762093\n|switch|p2a: Clodsire|Clodsire, M|87\/100\n|move|p1a: Venusaur|Giga Drain|p2a: Clodsire\n|-damage|p2a: Clodsire|69\/100\n|-heal|p1a: Venusaur|73\/100|[from] drain|[of] p2a: Clodsire\n|\n|upkeep\n|turn|71\n|\n|t:|1699762097\n|move|p1a: Venusaur|Earth Power|p2a: Clodsire\n|-supereffective|p2a: Clodsire\n|-damage|p2a: Clodsire|39\/100\n|move|p2a: Clodsire|Earthquake|p1a: Venusaur\n|-damage|p1a: Venusaur|53\/100\n|\n|upkeep\n|turn|72\n|-message|langke222 forfeited.\n|\n|win|zcy41611\n|raw|zcy41611's rating: 1377 &rarr; <strong>1404<\/strong><br \/>(+27 for winning)\n|raw|langke222's rating: 1505 &rarr; <strong>1478<\/strong><br \/>(-27 for losing)\n|l|\u2606langke222\n","uploadtime":1699762112,"views":4,"p1id":"zcy41611","p2id":"langke222","formatid":"gen9nationaldex","rating":1404,"private":0,"password":""}