{"id":"gen9nationaldex-1991354709","p1":"saigomm","p2":"V_m00nLover","format":"[Gen 9] National Dex","log":"|j|\u2606saigomm\n|j|\u2606V_m00nLover\n|t:|1700070181\n|gametype|singles\n|player|p1|saigomm|erika-masters|1377\n|player|p2|V_m00nLover|janine|1508\n|teamsize|p1|6\n|teamsize|p2|6\n|gen|9\n|tier|[Gen 9] National Dex\n|rated|\n|rule|HP Percentage Mod: HP is shown in percentages\n|rule|Endless Battle Clause: Forcing endless battles is banned\n|rule|OHKO Clause: OHKO moves are banned\n|rule|Evasion Clause: Evasion abilities, items, and moves are banned\n|rule|Evasion Abilities Clause: Evasion abilities are banned\n|rule|Evasion Items Clause: Evasion items are banned\n|rule|Evasion Moves Clause: Evasion moves are banned\n|rule|Species Clause: Limit one of each Pok\u00e9mon\n|rule|Sleep Clause Mod: Limit one foe put to sleep\n|clearpoke\n|poke|p1|Pawmot, M|\n|poke|p1|Banette, F|\n|poke|p1|Rabsca, F|\n|poke|p1|Hatterene, F|\n|poke|p1|Nidoking, M|\n|poke|p1|Crawdaunt, M|\n|poke|p2|Lopunny, F|\n|poke|p2|Ditto|\n|poke|p2|Hatterene, F|\n|poke|p2|Dondozo, M|\n|poke|p2|Corviknight, M|\n|poke|p2|Chansey, F|\n|teampreview\n|inactive|Battle timer is ON: inactive players will automatically lose when time's up. (requested by saigomm)\n|\n|t:|1700070198\n|start\n|switch|p1a: \u6253\u6211\u8bd5\u8bd5\uff1f|Banette, F|100\/100\n|switch|p2a: Lola|Lopunny, F, shiny|100\/100\n|-item|p2a: Lola|Lopunnite|[from] ability: Frisk|[of] p1a: \u6253\u6211\u8bd5\u8bd5\uff1f|[identify]\n|turn|1\n|\n|t:|1700070203\n|detailschange|p2a: Lola|Lopunny-Mega, F, shiny\n|-mega|p2a: Lola|Lopunny|Lopunnite\n|detailschange|p1a: \u6253\u6211\u8bd5\u8bd5\uff1f|Banette-Mega, F\n|-mega|p1a: \u6253\u6211\u8bd5\u8bd5\uff1f|Banette|Banettite\n|move|p2a: Lola|Fake Out|p1a: \u6253\u6211\u8bd5\u8bd5\uff1f\n|-damage|p1a: \u6253\u6211\u8bd5\u8bd5\uff1f|73\/100\n|cant|p1a: \u6253\u6211\u8bd5\u8bd5\uff1f|flinch\n|\n|upkeep\n|turn|2\n|\n|t:|1700070211\n|move|p1a: \u6253\u6211\u8bd5\u8bd5\uff1f|Encore|p2a: Lola\n|-start|p2a: Lola|Encore\n|move|p2a: Lola|Fake Out||[still]\n|-hint|Fake Out only works on your first turn out.\n|-fail|p2a: Lola\n|\n|upkeep\n|turn|3\n|\n|t:|1700070217\n|switch|p2a: Skar|Corviknight, M, shiny|100\/100\n|-ability|p2a: Skar|Pressure\n|move|p1a: \u6253\u6211\u8bd5\u8bd5\uff1f|Poltergeist|p2a: Skar\n|-activate|p2a: Skar|move: Poltergeist|Rocky Helmet\n|-damage|p2a: Skar|54\/100\n|\n|upkeep\n|turn|4\n|\n|t:|1700070225\n|move|p2a: Skar|Roost|p2a: Skar\n|-heal|p2a: Skar|100\/100\n|-singleturn|p2a: Skar|move: Roost\n|move|p1a: \u6253\u6211\u8bd5\u8bd5\uff1f|Poltergeist|p2a: Skar\n|-activate|p2a: Skar|move: Poltergeist|Rocky Helmet\n|-damage|p2a: Skar|56\/100\n|\n|upkeep\n|turn|5\n|\n|t:|1700070230\n|move|p1a: \u6253\u6211\u8bd5\u8bd5\uff1f|Encore|p2a: Skar\n|-start|p2a: Skar|Encore\n|move|p2a: Skar|Roost|p2a: Skar\n|-heal|p2a: Skar|100\/100\n|-singleturn|p2a: Skar|move: Roost\n|\n|upkeep\n|turn|6\n|\n|t:|1700070237\n|switch|p2a: Lola|Lopunny-Mega, F, shiny|100\/100\n|move|p1a: \u6253\u6211\u8bd5\u8bd5\uff1f|Knock Off|p2a: Lola\n|-resisted|p2a: Lola\n|-damage|p2a: Lola|80\/100\n|\n|upkeep\n|turn|7\n|\n|t:|1700070246\n|move|p2a: Lola|Fake Out|p1a: \u6253\u6211\u8bd5\u8bd5\uff1f\n|-damage|p1a: \u6253\u6211\u8bd5\u8bd5\uff1f|42\/100\n|cant|p1a: \u6253\u6211\u8bd5\u8bd5\uff1f|flinch\n|\n|upkeep\n|turn|8\n|\n|t:|1700070254\n|move|p2a: Lola|U-turn|p1a: \u6253\u6211\u8bd5\u8bd5\uff1f\n|-resisted|p1a: \u6253\u6211\u8bd5\u8bd5\uff1f\n|-damage|p1a: \u6253\u6211\u8bd5\u8bd5\uff1f|25\/100\n|\n|t:|1700070257\n|switch|p2a: Reah|Chansey, F|100\/100|[from] U-turn\n|move|p1a: \u6253\u6211\u8bd5\u8bd5\uff1f|Knock Off|p2a: Reah\n|-damage|p2a: Reah|72\/100\n|-enditem|p2a: Reah|Eviolite|[from] move: Knock Off|[of] p1a: \u6253\u6211\u8bd5\u8bd5\uff1f\n|\n|upkeep\n|turn|9\n|\n|t:|1700070265\n|switch|p1a: \u5e03\u59d0|Hatterene, F|100\/100\n|switch|p2a: Lola|Lopunny-Mega, F, shiny|80\/100\n|\n|upkeep\n|turn|10\n|\n|t:|1700070274\n|move|p2a: Lola|Fake Out|p1a: \u5e03\u59d0\n|-damage|p1a: \u5e03\u59d0|75\/100\n|cant|p1a: \u5e03\u59d0|flinch\n|\n|upkeep\n|turn|11\n|\n|t:|1700070278\n|move|p2a: Lola|U-turn|p1a: \u5e03\u59d0\n|-damage|p1a: \u5e03\u59d0|48\/100\n|\n|t:|1700070284\n|switch|p2a: Reah|Chansey, F|72\/100|[from] U-turn\n|move|p1a: \u5e03\u59d0|Trick Room|p1a: \u5e03\u59d0\n|-fieldstart|move: Trick Room|[of] p1a: \u5e03\u59d0\n|\n|upkeep\n|turn|12\n|\n|t:|1700070295\n|move|p1a: \u5e03\u59d0|Psychic|p2a: Reah\n|-damage|p2a: Reah|45\/100\n|move|p2a: Reah|Wish|p2a: Reah\n|\n|upkeep\n|turn|13\n|\n|t:|1700070313\n|move|p1a: \u5e03\u59d0|Healing Wish|p1a: \u5e03\u59d0\n|faint|p1a: \u5e03\u59d0\n|move|p2a: Reah|Seismic Toss|p1: \u5e03\u59d0|[notarget]\n|-fail|p2a: Reah\n|\n|-heal|p2a: Reah|95\/100|[from] move: Wish|[wisher] Reah\n|upkeep\n|\n|t:|1700070317\n|switch|p1a: \u5c0f\u9f99\u867e|Crawdaunt, M|100\/100\n|turn|14\n|\n|t:|1700070335\n|switch|p2a: Skar|Corviknight, M, shiny|100\/100\n|-ability|p2a: Skar|Pressure\n|move|p1a: \u5c0f\u9f99\u867e|Swords Dance|p1a: \u5c0f\u9f99\u867e\n|-boost|p1a: \u5c0f\u9f99\u867e|atk|2\n|\n|upkeep\n|turn|15\n|\n|t:|1700070344\n|move|p1a: \u5c0f\u9f99\u867e|Knock Off|p2a: Skar\n|-damage|p2a: Skar|0 fnt\n|-damage|p1a: \u5c0f\u9f99\u867e|84\/100|[from] item: Rocky Helmet|[of] p2a: Skar\n|-enditem|p2a: Skar|Rocky Helmet|[from] move: Knock Off|[of] p1a: \u5c0f\u9f99\u867e\n|faint|p2a: Skar\n|-damage|p1a: \u5c0f\u9f99\u867e|74\/100|[from] item: Life Orb\n|\n|-fieldend|move: Trick Room\n|upkeep\n|\n|t:|1700070349\n|switch|p2a: Mirror|Ditto, shiny|100\/100\n|-transform|p2a: Mirror|p1a: \u5c0f\u9f99\u867e|[from] ability: Imposter\n|turn|16\n|\n|t:|1700070361\n|move|p2a: Mirror|Crabhammer|p1a: \u5c0f\u9f99\u867e\n|-resisted|p1a: \u5c0f\u9f99\u867e\n|-damage|p1a: \u5c0f\u9f99\u867e|0 fnt\n|faint|p1a: \u5c0f\u9f99\u867e\n|\n|upkeep\n|\n|t:|1700070367\n|switch|p1a: \u7267\u5e08|Pawmot, M|100\/100\n|turn|17\n|\n|t:|1700070374\n|move|p1a: \u7267\u5e08|Double Shock|p2a: Mirror\n|-supereffective|p2a: Mirror\n|-damage|p2a: Mirror|0 fnt\n|-start|p1a: \u7267\u5e08|typechange|???\/Fighting|[from] move: Double Shock\n|faint|p2a: Mirror\n|\n|upkeep\n|\n|t:|1700070388\n|switch|p2a: Hatt|Hatterene, F, shiny|100\/100\n|turn|18\n|\n|t:|1700070397\n|switch|p1a: \u6253\u6211\u8bd5\u8bd5\uff1f|Banette-Mega, F|25\/100\n|-heal|p1a: \u6253\u6211\u8bd5\u8bd5\uff1f|100\/100|[from] move: Healing Wish\n|move|p2a: Hatt|Psyshock|p1a: \u6253\u6211\u8bd5\u8bd5\uff1f\n|-damage|p1a: \u6253\u6211\u8bd5\u8bd5\uff1f|54\/100\n|\n|upkeep\n|turn|19\n|\n|t:|1700070406\n|switch|p2a: Lola|Lopunny-Mega, F, shiny|80\/100\n|move|p1a: \u6253\u6211\u8bd5\u8bd5\uff1f|Encore||[still]\n|-fail|p1a: \u6253\u6211\u8bd5\u8bd5\uff1f\n|\n|upkeep\n|turn|20\n|\n|t:|1700070418\n|move|p2a: Lola|Close Combat|p1a: \u6253\u6211\u8bd5\u8bd5\uff1f\n|-damage|p1a: \u6253\u6211\u8bd5\u8bd5\uff1f|0 fnt\n|-unboost|p2a: Lola|def|1\n|-unboost|p2a: Lola|spd|1\n|faint|p1a: \u6253\u6211\u8bd5\u8bd5\uff1f\n|\n|upkeep\n|\n|t:|1700070426\n|switch|p1a: \u7267\u5e08|Pawmot, M|100\/100\n|turn|21\n|\n|t:|1700070438\n|switch|p2a: Fish|Dondozo, M|100\/100\n|-terastallize|p1a: \u7267\u5e08|Electric\n|move|p1a: \u7267\u5e08|Double Shock|p2a: Fish\n|-supereffective|p2a: Fish\n|-damage|p2a: Fish|5\/100\n|-start|p1a: \u7267\u5e08|typechange|Electric|[from] move: Double Shock\n|\n|-heal|p2a: Fish|11\/100|[from] item: Leftovers\n|upkeep\n|turn|22\n|\n|t:|1700070454\n|move|p1a: \u7267\u5e08|Double Shock|p2a: Fish\n|-supereffective|p2a: Fish\n|-damage|p2a: Fish|0 fnt\n|-start|p1a: \u7267\u5e08|typechange|Electric|[from] move: Double Shock\n|faint|p2a: Fish\n|\n|upkeep\n|inactive|V_m00nLover has 120 seconds left.\n|l|\u2606V_m00nLover\n|inactive|V_m00nLover disconnected and has a minute to reconnect!\n|player|p2|\n|j|\u2606V_m00nLover\n|inactive|V_m00nLover reconnected and has 110 seconds left.\n|player|p2|V_m00nLover|janine\n|\n|t:|1700070489\n|switch|p2a: Lola|Lopunny-Mega, F, shiny|80\/100\n|turn|23\n|\n|t:|1700070492\n|switch|p1a: \u533b\u751f|Rabsca, F|100\/100\n|move|p2a: Lola|Fake Out|p1a: \u533b\u751f\n|-damage|p1a: \u533b\u751f|83\/100\n|\n|upkeep\n|turn|24\n|inactive|V_m00nLover has 120 seconds left.\n|\n|t:|1700070498\n|move|p2a: Lola|Triple Axel|p1a: \u533b\u751f\n|-damage|p1a: \u533b\u751f|77\/100\n|-hitcount|p1a: \u533b\u751f|1\n|move|p1a: \u533b\u751f|Trick Room|p1a: \u533b\u751f\n|-fieldstart|move: Trick Room|[of] p1a: \u533b\u751f\n|\n|upkeep\n|turn|25\n|\n|t:|1700070506\n|move|p1a: \u533b\u751f|Revival Blessing|p1a: \u533b\u751f\n|\n|t:|1700070513\n|-heal|p1: \u5c0f\u9f99\u867e|50\/100|[from] move: Revival Blessing\n|move|p2a: Lola|U-turn|p1a: \u533b\u751f\n|-supereffective|p1a: \u533b\u751f\n|-damage|p1a: \u533b\u751f|40\/100\n|\n|t:|1700070519\n|switch|p2a: Hatt|Hatterene, F, shiny|100\/100|[from] U-turn\n|\n|upkeep\n|turn|26\n|\n|t:|1700070526\n|move|p2a: Hatt|Calm Mind|p2a: Hatt\n|-boost|p2a: Hatt|spa|1\n|-boost|p2a: Hatt|spd|1\n|-zpower|p1a: \u533b\u751f\n|move|p1a: \u533b\u751f|Z-Memento|p2a: Hatt|[anim]Memento\n|-activate|p1a: \u533b\u751f|healreplacement\n|-unboost|p2a: Hatt|atk|2\n|-unboost|p2a: Hatt|spa|2\n|faint|p1a: \u533b\u751f\n|\n|upkeep\n|\n|t:|1700070529\n|switch|p1a: \u5c0f\u9f99\u867e|Crawdaunt, M|50\/100\n|-heal|p1a: \u5c0f\u9f99\u867e|100\/100|[from] move: Memento|[zeffect]\n|turn|27\n|\n|t:|1700070551\n|-terastallize|p2a: Hatt|Fighting\n|move|p2a: Hatt|Draining Kiss|p1a: \u5c0f\u9f99\u867e\n|-supereffective|p1a: \u5c0f\u9f99\u867e\n|-damage|p1a: \u5c0f\u9f99\u867e|53\/100\n|move|p1a: \u5c0f\u9f99\u867e|Crabhammer|p2a: Hatt\n|-damage|p2a: Hatt|27\/100\n|-damage|p1a: \u5c0f\u9f99\u867e|43\/100|[from] item: Life Orb\n|\n|-heal|p2a: Hatt|33\/100|[from] item: Leftovers\n|upkeep\n|turn|28\n|\n|t:|1700070562\n|move|p1a: \u5c0f\u9f99\u867e|Aqua Jet|p2a: Hatt\n|-damage|p2a: Hatt|3\/100\n|-damage|p1a: \u5c0f\u9f99\u867e|33\/100|[from] item: Life Orb\n|move|p2a: Hatt|Draining Kiss|p1a: \u5c0f\u9f99\u867e\n|-supereffective|p1a: \u5c0f\u9f99\u867e\n|-damage|p1a: \u5c0f\u9f99\u867e|0 fnt\n|-heal|p2a: Hatt|28\/100|[from] drain|[of] p1a: \u5c0f\u9f99\u867e\n|faint|p1a: \u5c0f\u9f99\u867e\n|\n|-heal|p2a: Hatt|34\/100|[from] item: Leftovers\n|-fieldend|move: Trick Room\n|upkeep\n|\n|t:|1700070568\n|switch|p1a: \u6253\u624b|Nidoking, M|100\/100\n|turn|29\n|\n|t:|1700070573\n|switch|p2a: Reah|Chansey, F|95\/100\n|move|p1a: \u6253\u624b|Earth Power|p2a: Reah\n|-damage|p2a: Reah|68\/100\n|\n|upkeep\n|turn|30\n|\n|t:|1700070580\n|switch|p1a: \u7267\u5e08|Pawmot, M, tera:Electric|100\/100\n|move|p2a: Reah|Wish|p2a: Reah\n|\n|upkeep\n|turn|31\n|\n|t:|1700070588\n|move|p1a: \u7267\u5e08|Close Combat|p2a: Reah\n|-supereffective|p2a: Reah\n|-damage|p2a: Reah|0 fnt\n|-unboost|p1a: \u7267\u5e08|def|1\n|-unboost|p1a: \u7267\u5e08|spd|1\n|faint|p2a: Reah\n|\n|upkeep\n|\n|t:|1700070591\n|switch|p2a: Lola|Lopunny-Mega, F, shiny|80\/100\n|turn|32\n|\n|t:|1700070595\n|switch|p1a: \u6253\u624b|Nidoking, M|100\/100\n|move|p2a: Lola|Close Combat|p1a: \u6253\u624b\n|-resisted|p1a: \u6253\u624b\n|-damage|p1a: \u6253\u624b|58\/100\n|-unboost|p2a: Lola|def|1\n|-unboost|p2a: Lola|spd|1\n|\n|upkeep\n|turn|33\n|\n|t:|1700070599\n|move|p2a: Lola|Triple Axel|p1a: \u6253\u624b\n|-supereffective|p1a: \u6253\u624b\n|-crit|p1a: \u6253\u624b\n|-damage|p1a: \u6253\u624b|29\/100\n|-supereffective|p1a: \u6253\u624b\n|-damage|p1a: \u6253\u624b|0 fnt\n|faint|p1a: \u6253\u624b\n|-hitcount|p1: \u6253\u624b|2\n|\n|upkeep\n|\n|t:|1700070602\n|switch|p1a: \u7267\u5e08|Pawmot, M, tera:Electric|100\/100\n|turn|34\n|\n|t:|1700070607\n|switch|p2a: Hatt|Hatterene, F, shiny, tera:Fighting|34\/100\n|move|p1a: \u7267\u5e08|Double Shock|p2a: Hatt\n|-damage|p2a: Hatt|0 fnt\n|-start|p1a: \u7267\u5e08|typechange|Electric|[from] move: Double Shock\n|faint|p2a: Hatt\n|\n|upkeep\n|\n|t:|1700070612\n|switch|p2a: Lola|Lopunny-Mega, F, shiny|80\/100\n|turn|35\n|\n|t:|1700070618\n|move|p2a: Lola|Fake Out|p1a: \u7267\u5e08\n|-damage|p1a: \u7267\u5e08|63\/100\n|cant|p1a: \u7267\u5e08|flinch\n|\n|upkeep\n|turn|36\n|\n|t:|1700070622\n|move|p2a: Lola|Close Combat|p1a: \u7267\u5e08\n|-damage|p1a: \u7267\u5e08|0 fnt\n|-unboost|p2a: Lola|def|1\n|-unboost|p2a: Lola|spd|1\n|faint|p1a: \u7267\u5e08\n|\n|win|V_m00nLover\n|raw|saigomm's rating: 1377 &rarr; <strong>1364<\/strong><br \/>(-13 for losing)\n|raw|V_m00nLover's rating: 1508 &rarr; <strong>1521<\/strong><br \/>(+13 for winning)\n|l|\u2606saigomm\n|c|\u2606V_m00nLover|ggwp\n","uploadtime":1700070658,"views":11,"p1id":"saigomm","p2id":"vm00nlover","formatid":"gen9nationaldex","rating":1364,"private":0,"password":""}