{"id":"gen9nationaldex-1998785666","p1":"ThePowerofElectric","p2":"The power of ROCK","format":"[Gen 9] National Dex","log":"|html|<div class=\"broadcast-blue\"><strong>[Gen 9] National Dex is currently suspecting Sneasler! For information on how to participate check out the <a href=\"https:\/\/www.smogon.com\/forums\/threads\/sv-national-dex-suspect-8-just-dance.3731534\/\">suspect thread<\/a>.<\/strong><\/div>\n|j|\u2606ThePowerofElectric\n|j|\u2606The power of ROCK\n|t:|1700990469\n|gametype|singles\n|player|p1|ThePowerofElectric|wattson|\n|player|p2|The power of ROCK|roark|\n|teamsize|p1|6\n|teamsize|p2|6\n|gen|9\n|tier|[Gen 9] National Dex\n|rule|HP Percentage Mod: HP is shown in percentages\n|rule|Endless Battle Clause: Forcing endless battles is banned\n|rule|OHKO Clause: OHKO moves are banned\n|rule|Evasion Clause: Evasion abilities, items, and moves are banned\n|rule|Evasion Abilities Clause: Evasion abilities are banned\n|rule|Evasion Items Clause: Evasion items are banned\n|rule|Evasion Moves Clause: Evasion moves are banned\n|rule|Species Clause: Limit one of each Pok\u00e9mon\n|rule|Sleep Clause Mod: Limit one foe put to sleep\n|clearpoke\n|poke|p1|Zapdos|\n|poke|p1|Rotom-Wash|\n|poke|p1|Magnezone|\n|poke|p1|Iron Hands|\n|poke|p1|Tapu Koko|\n|poke|p1|Xurkitree|\n|poke|p2|Tyranitar, F|\n|poke|p2|Garganacl, F|\n|poke|p2|Aggron, F|\n|poke|p2|Glimmora, M|\n|poke|p2|Stakataka|\n|poke|p2|Rampardos, M|\n|teampreview\n|c|\u2606The power of ROCK|Welcome to the ROCK gym\n|c|\u2606ThePowerofElectric|Welcome to the ELECTRIC gym\n|\n|t:|1700990486\n|start\n|switch|p1a: Xurkitree|Xurkitree|100\/100\n|switch|p2a: Tyranitar|Tyranitar, F|100\/100\n|-weather|Sandstorm|[from] ability: Sand Stream|[of] p2a: Tyranitar\n|turn|1\n|\n|t:|1700990492\n|move|p1a: Xurkitree|Volt Switch|p2a: Tyranitar\n|-damage|p2a: Tyranitar|88\/100\n|\n|t:|1700990496\n|switch|p1a: Rotom|Rotom-Wash|100\/100|[from] Volt Switch\n|move|p2a: Tyranitar|Knock Off|p1a: Rotom\n|-damage|p1a: Rotom|65\/100\n|-enditem|p1a: Rotom|Leftovers|[from] move: Knock Off|[of] p2a: Tyranitar\n|\n|-weather|Sandstorm|[upkeep]\n|-damage|p1a: Rotom|59\/100|[from] Sandstorm\n|upkeep\n|turn|2\n|\n|t:|1700990509\n|move|p1a: Rotom|Volt Switch|p2a: Tyranitar\n|-damage|p2a: Tyranitar|81\/100\n|\n|t:|1700990513\n|switch|p1a: Iron Hands|Iron Hands|100\/100|[from] Volt Switch\n|move|p2a: Tyranitar|Knock Off|p1a: Iron Hands\n|-resisted|p1a: Iron Hands\n|-damage|p1a: Iron Hands|84\/100\n|-enditem|p1a: Iron Hands|Punching Glove|[from] move: Knock Off|[of] p2a: Tyranitar\n|\n|-weather|Sandstorm|[upkeep]\n|-damage|p1a: Iron Hands|78\/100|[from] Sandstorm\n|upkeep\n|turn|3\n|\n|t:|1700990524\n|switch|p2a: Glimmora|Glimmora, M|100\/100\n|move|p1a: Iron Hands|Drain Punch|p2a: Glimmora\n|-damage|p2a: Glimmora|44\/100\n|-heal|p1a: Iron Hands|97\/100|[from] drain|[of] p2a: Glimmora\n|-activate|p2a: Glimmora|ability: Toxic Debris\n|-sidestart|p1: ThePowerofElectric|move: Toxic Spikes\n|\n|-weather|Sandstorm|[upkeep]\n|-damage|p1a: Iron Hands|91\/100|[from] Sandstorm\n|upkeep\n|turn|4\n|\n|t:|1700990530\n|move|p2a: Glimmora|Earth Power|p1a: Iron Hands\n|-supereffective|p1a: Iron Hands\n|-damage|p1a: Iron Hands|24\/100\n|move|p1a: Iron Hands|Drain Punch|p2a: Glimmora\n|-damage|p2a: Glimmora|0 fnt\n|-heal|p1a: Iron Hands|38\/100|[from] drain|[of] p2a: Glimmora\n|-activate|p2a: Glimmora|ability: Toxic Debris\n|-sidestart|p1: ThePowerofElectric|move: Toxic Spikes\n|faint|p2a: Glimmora\n|\n|-weather|Sandstorm|[upkeep]\n|-damage|p1a: Iron Hands|32\/100|[from] Sandstorm\n|upkeep\n|\n|t:|1700990533\n|switch|p2a: Garganacl|Garganacl, F|100\/100\n|turn|5\n|\n|t:|1700990544\n|-end|p1a: Iron Hands|Quark Drive|[silent]\n|switch|p1a: Zapdos|Zapdos|100\/100\n|-terastallize|p2a: Garganacl|Ghost\n|move|p2a: Garganacl|Iron Defense|p2a: Garganacl\n|-boost|p2a: Garganacl|def|2\n|\n|-weather|none\n|upkeep\n|turn|6\n|\n|t:|1700990564\n|move|p1a: Zapdos|Discharge|p2a: Garganacl\n|-damage|p2a: Garganacl|79\/100\n|-enditem|p2a: Garganacl|Maranga Berry|[eat]\n|-boost|p2a: Garganacl|spd|1|[from] item: Maranga Berry\n|move|p2a: Garganacl|Iron Defense|p2a: Garganacl\n|-boost|p2a: Garganacl|def|2\n|\n|upkeep\n|turn|7\n|\n|t:|1700990571\n|move|p1a: Zapdos|Defog|p2a: Garganacl\n|-unboost|p2a: Garganacl|evasion|1\n|-sideend|p1: ThePowerofElectric|Toxic Spikes|[from] move: Defog|[of] p1a: Zapdos\n|move|p2a: Garganacl|Iron Defense|p2a: Garganacl\n|-boost|p2a: Garganacl|def|2\n|\n|upkeep\n|turn|8\n|\n|t:|1700990576\n|move|p1a: Zapdos|Discharge|p2a: Garganacl\n|-damage|p2a: Garganacl|64\/100\n|move|p2a: Garganacl|Recover|p2a: Garganacl\n|-heal|p2a: Garganacl|100\/100\n|\n|upkeep\n|turn|9\n|\n|t:|1700990593\n|move|p1a: Zapdos|Discharge|p2a: Garganacl\n|-damage|p2a: Garganacl|86\/100\n|move|p2a: Garganacl|Salt Cure|p1a: Zapdos\n|-supereffective|p1a: Zapdos\n|-damage|p1a: Zapdos|80\/100\n|-start|p1a: Zapdos|Salt Cure\n|-enditem|p1a: Zapdos|Red Card|[of] p2a: Garganacl\n|drag|p2a: Rampardos|Rampardos, M|100\/100\n|-ability|p2a: Rampardos|Mold Breaker\n|\n|-damage|p1a: Zapdos|68\/100|[from] Salt Cure\n|upkeep\n|turn|10\n|\n|t:|1700990604\n|move|p1a: Zapdos|Discharge|p2a: Rampardos\n|-damage|p2a: Rampardos|42\/100\n|move|p2a: Rampardos|Substitute|p2a: Rampardos\n|-start|p2a: Rampardos|Substitute\n|-damage|p2a: Rampardos|17\/100\n|\n|-damage|p1a: Zapdos|56\/100|[from] Salt Cure\n|upkeep\n|turn|11\n|\n|t:|1700990609\n|move|p1a: Zapdos|Discharge|p2a: Rampardos\n|-end|p2a: Rampardos|Substitute\n|-zpower|p2a: Rampardos\n|move|p2a: Rampardos|Continental Crush|p1a: Zapdos|[zeffect]\n|-supereffective|p1a: Zapdos\n|-damage|p1a: Zapdos|0 fnt\n|faint|p1a: Zapdos\n|\n|upkeep\n|\n|t:|1700990613\n|switch|p1a: Xurkitree|Xurkitree|100\/100\n|turn|12\n|\n|t:|1700990616\n|move|p1a: Xurkitree|Volt Switch|p2a: Rampardos\n|-damage|p2a: Rampardos|0 fnt\n|faint|p2a: Rampardos\n|-ability|p1a: Xurkitree|Beast Boost|boost\n|-boost|p1a: Xurkitree|spa|1\n|\n|t:|1700990628\n|switch|p1a: Iron Hands|Iron Hands|32\/100|[from] Volt Switch\n|\n|upkeep\n|\n|t:|1700990637\n|switch|p2a: Garganacl|Garganacl, F, tera:Ghost|86\/100\n|turn|13\n|\n|t:|1700990644\n|-end|p1a: Iron Hands|Quark Drive|[silent]\n|switch|p1a: Tapu Koko|Tapu Koko|100\/100\n|-fieldstart|move: Electric Terrain|[from] ability: Electric Surge|[of] p1a: Tapu Koko\n|move|p2a: Garganacl|Iron Defense|p2a: Garganacl\n|-boost|p2a: Garganacl|def|2\n|\n|upkeep\n|turn|14\n|\n|t:|1700990650\n|move|p1a: Tapu Koko|Thunderbolt|p2a: Garganacl\n|-damage|p2a: Garganacl|53\/100\n|move|p2a: Garganacl|Salt Cure|p1a: Tapu Koko\n|-damage|p1a: Tapu Koko|82\/100\n|-start|p1a: Tapu Koko|Salt Cure\n|\n|-damage|p1a: Tapu Koko|70\/100|[from] Salt Cure\n|upkeep\n|turn|15\n|\n|t:|1700990653\n|move|p1a: Tapu Koko|U-turn|p2a: Garganacl\n|-resisted|p2a: Garganacl\n|-damage|p2a: Garganacl|50\/100\n|\n|t:|1700990656\n|switch|p1a: Xurkitree|Xurkitree|100\/100|[from] U-turn\n|move|p2a: Garganacl|Recover|p2a: Garganacl\n|-heal|p2a: Garganacl|99\/100\n|\n|upkeep\n|turn|16\n|\n|t:|1700990676\n|switch|p2a: Aggron|Aggron, F|100\/100\n|-terastallize|p1a: Xurkitree|Electric\n|move|p1a: Xurkitree|Rising Voltage|p2a: Aggron\n|-hint|Rising Voltage's BP doubled on grounded target.\n|-ability|p2a: Aggron|Sturdy\n|-damage|p2a: Aggron|1\/100\n|\n|upkeep\n|turn|17\n|\n|t:|1700990687\n|switch|p1a: Rotom|Rotom-Wash|59\/100\n|detailschange|p2a: Aggron|Aggron-Mega, F\n|-mega|p2a: Aggron|Aggron|Aggronite\n|move|p2a: Aggron|Rest||[still]\n|-activate|p2a: Aggron|move: Electric Terrain\n|-fail|p2a: Aggron\n|\n|-fieldend|move: Electric Terrain\n|upkeep\n|turn|18\n|\n|t:|1700990703\n|move|p1a: Rotom|Volt Switch|p2a: Aggron\n|-damage|p2a: Aggron|0 fnt\n|faint|p2a: Aggron\n|\n|t:|1700990710\n|switch|p1a: Tapu Koko|Tapu Koko|70\/100|[from] Volt Switch\n|-fieldstart|move: Electric Terrain|[from] ability: Electric Surge|[of] p1a: Tapu Koko\n|\n|upkeep\n|\n|t:|1700990720\n|switch|p2a: Tyranitar|Tyranitar, F|81\/100\n|-weather|Sandstorm|[from] ability: Sand Stream|[of] p2a: Tyranitar\n|turn|19\n|\n|t:|1700990747\n|move|p1a: Tapu Koko|U-turn|p2a: Tyranitar\n|-supereffective|p2a: Tyranitar\n|-damage|p2a: Tyranitar|49\/100\n|\n|t:|1700990751\n|switch|p1a: Magnezone|Magnezone|100\/100|[from] U-turn\n|move|p2a: Tyranitar|Rock Blast|p1a: Magnezone\n|-resisted|p1a: Magnezone\n|-damage|p1a: Magnezone|95\/100\n|-resisted|p1a: Magnezone\n|-damage|p1a: Magnezone|89\/100\n|-hitcount|p1a: Magnezone|2\n|\n|-weather|Sandstorm|[upkeep]\n|upkeep\n|turn|20\n|\n|t:|1700990762\n|move|p1a: Magnezone|Volt Switch|p2a: Tyranitar\n|-damage|p2a: Tyranitar|34\/100\n|\n|t:|1700990767\n|switch|p1a: Iron Hands|Iron Hands|32\/100|[from] Volt Switch\n|-activate|p1a: Iron Hands|ability: Quark Drive\n|-start|p1a: Iron Hands|quarkdriveatk\n|move|p2a: Tyranitar|Knock Off|p1a: Iron Hands\n|-resisted|p1a: Iron Hands\n|-damage|p1a: Iron Hands|23\/100\n|\n|-weather|Sandstorm|[upkeep]\n|-damage|p1a: Iron Hands|16\/100|[from] Sandstorm\n|upkeep\n|turn|21\n|\n|t:|1700990772\n|switch|p2a: Garganacl|Garganacl, F, tera:Ghost|99\/100\n|move|p1a: Iron Hands|Thunder Punch|p2a: Garganacl\n|-damage|p2a: Garganacl|47\/100\n|\n|-weather|Sandstorm|[upkeep]\n|-damage|p1a: Iron Hands|10\/100|[from] Sandstorm\n|-damage|p2a: Garganacl|41\/100|[from] Sandstorm\n|upkeep\n|turn|22\n|\n|t:|1700990782\n|switch|p2a: Tyranitar|Tyranitar, F|34\/100\n|move|p1a: Iron Hands|Thunder Punch|p2a: Tyranitar\n|-damage|p2a: Tyranitar|0 fnt\n|faint|p2a: Tyranitar\n|\n|-weather|Sandstorm|[upkeep]\n|-damage|p1a: Iron Hands|4\/100|[from] Sandstorm\n|-fieldend|move: Electric Terrain\n|-end|p1a: Iron Hands|Quark Drive\n|upkeep\n|\n|t:|1700990784\n|switch|p2a: Stakataka|Stakataka|100\/100\n|turn|23\n|\n|t:|1700990792\n|switch|p2a: Garganacl|Garganacl, F, tera:Ghost|41\/100\n|move|p1a: Iron Hands|Drain Punch|p2a: Garganacl\n|-immune|p2a: Garganacl\n|\n|-weather|none\n|upkeep\n|turn|24\n|\n|t:|1700990796\n|move|p1a: Iron Hands|Swords Dance|p1a: Iron Hands\n|-boost|p1a: Iron Hands|atk|2\n|move|p2a: Garganacl|Recover|p2a: Garganacl\n|-heal|p2a: Garganacl|91\/100\n|\n|upkeep\n|turn|25\n|\n|t:|1700990802\n|move|p1a: Iron Hands|Thunder Punch|p2a: Garganacl\n|-damage|p2a: Garganacl|25\/100\n|move|p2a: Garganacl|Iron Defense|p2a: Garganacl\n|-boost|p2a: Garganacl|def|2\n|\n|upkeep\n|turn|26\n|\n|t:|1700990806\n|move|p1a: Iron Hands|Thunder Punch|p2a: Garganacl\n|-damage|p2a: Garganacl|0 fnt\n|faint|p2a: Garganacl\n|\n|upkeep\n|c|\u2606The power of ROCK|oh no\n|\n|t:|1700990809\n|switch|p2a: Stakataka|Stakataka|100\/100\n|turn|27\n|\n|t:|1700990815\n|move|p1a: Iron Hands|Drain Punch|p2a: Stakataka\n|-supereffective|p2a: Stakataka\n|-enditem|p2a: Stakataka|Focus Sash\n|-damage|p2a: Stakataka|1\/100\n|-heal|p1a: Iron Hands|39\/100|[from] drain|[of] p2a: Stakataka\n|move|p2a: Stakataka|Trick Room|p2a: Stakataka\n|-fieldstart|move: Trick Room|[of] p2a: Stakataka\n|\n|upkeep\n|turn|28\n|\n|t:|1700990823\n|-end|p1a: Iron Hands|Quark Drive|[silent]\n|switch|p1a: Rotom|Rotom-Wash|59\/100\n|move|p2a: Stakataka|Earthquake|p1a: Rotom\n|-immune|p1a: Rotom|[from] ability: Levitate\n|\n|upkeep\n|turn|29\n|\n|t:|1700990828\n|move|p1a: Rotom|Protect|p1a: Rotom\n|-singleturn|p1a: Rotom|Protect\n|move|p2a: Stakataka|Gyro Ball|p1a: Rotom\n|-activate|p1a: Rotom|move: Protect\n|\n|upkeep\n|turn|30\n|\n|t:|1700990832\n|move|p2a: Stakataka|Gyro Ball|p1a: Rotom\n|-resisted|p1a: Rotom\n|-damage|p1a: Rotom|41\/100\n|move|p1a: Rotom|Volt Switch|p2a: Stakataka\n|-damage|p2a: Stakataka|0 fnt\n|faint|p2a: Stakataka\n|\n|win|ThePowerofElectric\n|c|\u2606The power of ROCK|gg lol\n|c|\u2606ThePowerofElectric|gg\n|l|\u2606The power of ROCK\n","uploadtime":1700990854,"views":2,"p1id":"thepowerofelectric","p2id":"thepowerofrock","formatid":"gen9nationaldex","rating":0,"private":0,"password":""}