{"id":"gen9nationaldex-1998566350","p1":"venusrafa","p2":"Maeby Mitenaut","format":"[Gen 9] National Dex","log":"|html|<div class=\"broadcast-blue\"><strong>[Gen 9] National Dex is currently suspecting Sneasler! For information on how to participate check out the <a href=\"https:\/\/www.smogon.com\/forums\/threads\/sv-national-dex-suspect-8-just-dance.3731534\/\">suspect thread<\/a>.<\/strong><\/div>\n|j|\u2606venusrafa\n|j|\u2606Maeby Mitenaut\n|t:|1700957161\n|gametype|singles\n|player|p1|venusrafa|pokemonbreeder|1214\n|player|p2|Maeby Mitenaut|dahlia|1223\n|teamsize|p1|6\n|teamsize|p2|6\n|gen|9\n|tier|[Gen 9] National Dex\n|rated|\n|rule|HP Percentage Mod: HP is shown in percentages\n|rule|Endless Battle Clause: Forcing endless battles is banned\n|rule|OHKO Clause: OHKO moves are banned\n|rule|Evasion Clause: Evasion abilities, items, and moves are banned\n|rule|Evasion Abilities Clause: Evasion abilities are banned\n|rule|Evasion Items Clause: Evasion items are banned\n|rule|Evasion Moves Clause: Evasion moves are banned\n|rule|Species Clause: Limit one of each Pok\u00e9mon\n|rule|Sleep Clause Mod: Limit one foe put to sleep\n|clearpoke\n|poke|p1|Vikavolt, F|\n|poke|p1|Golisopod, M|\n|poke|p1|Ribombee, F|\n|poke|p1|Beedrill, F|\n|poke|p1|Scizor, M|\n|poke|p1|Lurantis, F|\n|poke|p2|Raichu-Alola, F|\n|poke|p2|Clodsire, M|\n|poke|p2|Tapu Koko|\n|poke|p2|Arctozolt|\n|poke|p2|Iron Hands|\n|poke|p2|Ninetales-Alola, M|\n|teampreview\n|c|\u2606Maeby Mitenaut|buggyyy booiiiii\n|inactive|Battle timer is ON: inactive players will automatically lose when time's up. (requested by Maeby Mitenaut)\n|\n|t:|1700957197\n|start\n|switch|p1a: Avispa|Beedrill, F|100\/100\n|switch|p2a: Bluck Buck|Tapu Koko, shiny|100\/100\n|-fieldstart|move: Electric Terrain|[from] ability: Electric Surge|[of] p2a: Bluck Buck\n|turn|1\n|c|\u2606venusrafa|yassssss\n|\n|t:|1700957204\n|detailschange|p1a: Avispa|Beedrill-Mega, F\n|-mega|p1a: Avispa|Beedrill|Beedrillite\n|move|p1a: Avispa|Drill Run|p2a: Bluck Buck\n|-supereffective|p2a: Bluck Buck\n|-damage|p2a: Bluck Buck|30\/100\n|move|p2a: Bluck Buck|Taunt|p1a: Avispa\n|-start|p1a: Avispa|move: Taunt\n|\n|upkeep\n|turn|2\n|\n|t:|1700957211\n|move|p1a: Avispa|Drill Run|p2a: Bluck Buck\n|-supereffective|p2a: Bluck Buck\n|-damage|p2a: Bluck Buck|0 fnt\n|faint|p2a: Bluck Buck\n|\n|upkeep\n|\n|t:|1700957216\n|switch|p2a: Ice Spice|Ninetales-Alola, M, shiny|100\/100\n|-weather|Snow|[from] ability: Snow Warning|[of] p2a: Ice Spice\n|turn|3\n|c|\u2606venusrafa|bugi ugi\n|\n|t:|1700957224\n|move|p1a: Avispa|Poison Jab|p2a: Ice Spice\n|-supereffective|p2a: Ice Spice\n|-crit|p2a: Ice Spice\n|-damage|p2a: Ice Spice|0 fnt\n|faint|p2a: Ice Spice\n|\n|-weather|Snow|[upkeep]\n|upkeep\n|\n|t:|1700957239\n|switch|p2a: Big Pap\u00ed|Iron Hands|100\/100\n|-activate|p2a: Big Pap\u00ed|ability: Quark Drive\n|-start|p2a: Big Pap\u00ed|quarkdriveatk\n|turn|4\n|\n|t:|1700957246\n|move|p1a: Avispa|Drill Run|p2a: Big Pap\u00ed\n|-supereffective|p2a: Big Pap\u00ed\n|-damage|p2a: Big Pap\u00ed|60\/100\n|move|p2a: Big Pap\u00ed|Fire Punch|p1a: Avispa\n|-supereffective|p1a: Avispa\n|-damage|p1a: Avispa|0 fnt\n|faint|p1a: Avispa\n|\n|-weather|Snow|[upkeep]\n|upkeep\n|c|\u2606Maeby Mitenaut|i dig ittt\n|\n|t:|1700957272\n|switch|p1a: Venumusa|Lurantis, F, shiny|100\/100\n|turn|5\n|\n|t:|1700957285\n|-terastallize|p1a: Venumusa|Ground\n|move|p1a: Venumusa|Superpower|p2a: Big Pap\u00ed\n|-crit|p2a: Big Pap\u00ed\n|-damage|p2a: Big Pap\u00ed|20\/100\n|-boost|p1a: Venumusa|atk|1\n|-boost|p1a: Venumusa|def|1\n|move|p2a: Big Pap\u00ed|Fire Punch|p1a: Venumusa\n|-damage|p1a: Venumusa|69\/100\n|\n|-weather|Snow|[upkeep]\n|-heal|p1a: Venumusa|75\/100|[from] item: Leftovers\n|upkeep\n|turn|6\n|\n|t:|1700957300\n|move|p1a: Venumusa|Superpower|p2a: Big Pap\u00ed\n|-damage|p2a: Big Pap\u00ed|0 fnt\n|-boost|p1a: Venumusa|atk|1\n|-boost|p1a: Venumusa|def|1\n|faint|p2a: Big Pap\u00ed\n|-end|p2a: Big Pap\u00ed|Quark Drive|[silent]\n|\n|-weather|Snow|[upkeep]\n|-heal|p1a: Venumusa|82\/100|[from] item: Leftovers\n|upkeep\n|\n|t:|1700957308\n|switch|p2a: Gritty|Arctozolt, shiny|100\/100\n|turn|7\n|inactive|venusrafa has 120 seconds left.\n|\n|t:|1700957336\n|move|p2a: Gritty|Blizzard|p1a: Venumusa\n|-supereffective|p1a: Venumusa\n|-damage|p1a: Venumusa|8\/100\n|move|p1a: Venumusa|Superpower|p2a: Gritty\n|-supereffective|p2a: Gritty\n|-damage|p2a: Gritty|0 fnt\n|-boost|p1a: Venumusa|atk|1\n|-boost|p1a: Venumusa|def|1\n|faint|p2a: Gritty\n|\n|-weather|Snow|[upkeep]\n|-heal|p1a: Venumusa|14\/100|[from] item: Leftovers\n|upkeep\n|\n|t:|1700957347\n|switch|p2a: Aloha Broha|Raichu-Alola, F, shiny|100\/100\n|turn|8\n|\n|t:|1700957357\n|move|p2a: Aloha Broha|Surf|p1a: Venumusa\n|-supereffective|p1a: Venumusa\n|-damage|p1a: Venumusa|0 fnt\n|faint|p1a: Venumusa\n|\n|-weather|Snow|[upkeep]\n|-fieldend|move: Electric Terrain\n|upkeep\n|\n|t:|1700957363\n|switch|p1a: Coquito|Scizor, M|100\/100\n|turn|9\n|\n|t:|1700957381\n|move|p1a: Coquito|Bullet Punch|p2a: Aloha Broha\n|-resisted|p2a: Aloha Broha\n|-damage|p2a: Aloha Broha|73\/100\n|-zpower|p2a: Aloha Broha\n|move|p2a: Aloha Broha|Stoked Sparksurfer|p1a: Coquito|[zeffect]\n|-damage|p1a: Coquito|13\/100\n|-status|p1a: Coquito|par\n|\n|-weather|Snow|[upkeep]\n|upkeep\n|turn|10\n|\n|t:|1700957402\n|move|p2a: Aloha Broha|Surf|p1a: Coquito\n|-damage|p1a: Coquito|0 fnt\n|faint|p1a: Coquito\n|\n|-weather|none\n|upkeep\n|\n|t:|1700957410\n|switch|p1a: Pegon|Vikavolt, F|100\/100\n|turn|11\n|\n|t:|1700957429\n|move|p2a: Aloha Broha|Psychic|p1a: Pegon\n|-damage|p1a: Pegon|55\/100\n|move|p1a: Pegon|Bug Buzz|p2a: Aloha Broha\n|-supereffective|p2a: Aloha Broha\n|-damage|p2a: Aloha Broha|0 fnt\n|faint|p2a: Aloha Broha\n|\n|-heal|p1a: Pegon|61\/100|[from] item: Leftovers\n|upkeep\n|\n|t:|1700957437\n|switch|p2a: Muddy Buddy|Clodsire, M|100\/100\n|turn|12\n|c|\u2606venusrafa|toco soportar\n|\n|t:|1700957453\n|move|p1a: Pegon|Energy Ball|p2a: Muddy Buddy\n|-damage|p2a: Muddy Buddy|81\/100\n|move|p2a: Muddy Buddy|Toxic|p1a: Pegon\n|-status|p1a: Pegon|tox\n|\n|-heal|p1a: Pegon|68\/100 tox|[from] item: Leftovers\n|-heal|p2a: Muddy Buddy|87\/100|[from] item: Leftovers\n|-damage|p1a: Pegon|61\/100 tox|[from] psn\n|upkeep\n|turn|13\n|\n|t:|1700957475\n|move|p1a: Pegon|Energy Ball|p2a: Muddy Buddy\n|-damage|p2a: Muddy Buddy|67\/100\n|move|p2a: Muddy Buddy|Stockpile|p2a: Muddy Buddy\n|-start|p2a: Muddy Buddy|stockpile1\n|-boost|p2a: Muddy Buddy|def|1\n|-boost|p2a: Muddy Buddy|spd|1\n|\n|-heal|p1a: Pegon|68\/100 tox|[from] item: Leftovers\n|-heal|p2a: Muddy Buddy|74\/100|[from] item: Leftovers\n|-damage|p1a: Pegon|55\/100 tox|[from] psn\n|upkeep\n|turn|14\n|\n|t:|1700957485\n|move|p1a: Pegon|Bug Buzz|p2a: Muddy Buddy\n|-resisted|p2a: Muddy Buddy\n|-damage|p2a: Muddy Buddy|64\/100\n|move|p2a: Muddy Buddy|Stockpile|p2a: Muddy Buddy\n|-start|p2a: Muddy Buddy|stockpile2\n|-boost|p2a: Muddy Buddy|def|1\n|-boost|p2a: Muddy Buddy|spd|1\n|\n|-heal|p1a: Pegon|61\/100 tox|[from] item: Leftovers\n|-heal|p2a: Muddy Buddy|70\/100|[from] item: Leftovers\n|-damage|p1a: Pegon|43\/100 tox|[from] psn\n|upkeep\n|turn|15\n|\n|t:|1700957494\n|move|p1a: Pegon|Energy Ball|p2a: Muddy Buddy\n|-damage|p2a: Muddy Buddy|60\/100\n|move|p2a: Muddy Buddy|Stockpile|p2a: Muddy Buddy\n|-start|p2a: Muddy Buddy|stockpile3\n|-boost|p2a: Muddy Buddy|def|1\n|-boost|p2a: Muddy Buddy|spd|1\n|\n|-heal|p1a: Pegon|49\/100 tox|[from] item: Leftovers\n|-heal|p2a: Muddy Buddy|66\/100|[from] item: Leftovers\n|-damage|p1a: Pegon|25\/100 tox|[from] psn\n|upkeep\n|turn|16\n|inactive|venusrafa has 120 seconds left.\n|\n|t:|1700957527\n|move|p1a: Pegon|Energy Ball|p2a: Muddy Buddy\n|-damage|p2a: Muddy Buddy|58\/100\n|move|p2a: Muddy Buddy|Recover|p2a: Muddy Buddy\n|-heal|p2a: Muddy Buddy|100\/100\n|\n|-heal|p1a: Pegon|31\/100 tox|[from] item: Leftovers\n|-damage|p1a: Pegon|0 fnt|[from] psn\n|faint|p1a: Pegon\n|upkeep\n|inactive|venusrafa has 120 seconds left.\n|\n|t:|1700957535\n|switch|p1a: Chiripa|Golisopod, M|100\/100\n|turn|17\n|\n|t:|1700957539\n|move|p1a: Chiripa|First Impression|p2a: Muddy Buddy\n|-resisted|p2a: Muddy Buddy\n|-damage|p2a: Muddy Buddy|91\/100\n|move|p2a: Muddy Buddy|Toxic|p1a: Chiripa\n|-status|p1a: Chiripa|tox\n|\n|-heal|p2a: Muddy Buddy|97\/100|[from] item: Leftovers\n|-damage|p1a: Chiripa|94\/100 tox|[from] psn\n|upkeep\n|turn|18\n|\n|t:|1700957547\n|move|p1a: Chiripa|Liquidation|p2a: Muddy Buddy\n|-supereffective|p2a: Muddy Buddy\n|-damage|p2a: Muddy Buddy|60\/100\n|-unboost|p2a: Muddy Buddy|def|1\n|move|p2a: Muddy Buddy|Body Press|p1a: Chiripa\n|-resisted|p1a: Chiripa\n|-damage|p1a: Chiripa|87\/100 tox\n|\n|-heal|p2a: Muddy Buddy|67\/100|[from] item: Leftovers\n|-damage|p1a: Chiripa|74\/100 tox|[from] psn\n|upkeep\n|turn|19\n|\n|t:|1700957557\n|move|p1a: Chiripa|Liquidation|p2a: Muddy Buddy\n|-supereffective|p2a: Muddy Buddy\n|-damage|p2a: Muddy Buddy|22\/100\n|move|p2a: Muddy Buddy|Recover|p2a: Muddy Buddy\n|-heal|p2a: Muddy Buddy|72\/100\n|\n|-heal|p2a: Muddy Buddy|79\/100|[from] item: Leftovers\n|-damage|p1a: Chiripa|56\/100 tox|[from] psn\n|upkeep\n|turn|20\n|\n|t:|1700957570\n|-terastallize|p2a: Muddy Buddy|Flying\n|move|p1a: Chiripa|Liquidation|p2a: Muddy Buddy\n|-crit|p2a: Muddy Buddy\n|-damage|p2a: Muddy Buddy|11\/100\n|-unboost|p2a: Muddy Buddy|def|1\n|move|p2a: Muddy Buddy|Recover|p2a: Muddy Buddy\n|-heal|p2a: Muddy Buddy|61\/100\n|\n|-heal|p2a: Muddy Buddy|67\/100|[from] item: Leftovers\n|-damage|p1a: Chiripa|31\/100 tox|[from] psn\n|upkeep\n|-activate|p1a: Chiripa|ability: Emergency Exit\n|\n|t:|1700957578\n|switch|p1a: Mosca|Ribombee, F|100\/100\n|turn|21\n|\n|t:|1700957584\n|move|p1a: Mosca|Psychic|p2a: Muddy Buddy\n|-damage|p2a: Muddy Buddy|61\/100\n|move|p2a: Muddy Buddy|Toxic|p1a: Mosca\n|-status|p1a: Mosca|tox\n|\n|-heal|p2a: Muddy Buddy|67\/100|[from] item: Leftovers\n|-damage|p1a: Mosca|94\/100 tox|[from] psn\n|upkeep\n|turn|22\n|\n|t:|1700957592\n|move|p1a: Mosca|Quiver Dance|p1a: Mosca\n|-boost|p1a: Mosca|spa|1\n|-boost|p1a: Mosca|spd|1\n|-boost|p1a: Mosca|spe|1\n|move|p2a: Muddy Buddy|Recover|p2a: Muddy Buddy\n|-heal|p2a: Muddy Buddy|100\/100\n|\n|-damage|p1a: Mosca|82\/100 tox|[from] psn\n|upkeep\n|turn|23\n|\n|t:|1700957599\n|move|p1a: Mosca|Moonblast|p2a: Muddy Buddy\n|-damage|p2a: Muddy Buddy|91\/100\n|-unboost|p2a: Muddy Buddy|spa|1\n|move|p2a: Muddy Buddy|Body Press|p1a: Mosca\n|-resisted|p1a: Mosca\n|-damage|p1a: Mosca|73\/100 tox\n|\n|-heal|p2a: Muddy Buddy|98\/100|[from] item: Leftovers\n|-damage|p1a: Mosca|55\/100 tox|[from] psn\n|upkeep\n|turn|24\n|\n|t:|1700957610\n|move|p1a: Mosca|Bug Buzz|p2a: Muddy Buddy\n|-resisted|p2a: Muddy Buddy\n|-damage|p2a: Muddy Buddy|93\/100\n|move|p2a: Muddy Buddy|Body Press|p1a: Mosca\n|-resisted|p1a: Mosca\n|-damage|p1a: Mosca|46\/100 tox\n|\n|-heal|p2a: Muddy Buddy|99\/100|[from] item: Leftovers\n|-damage|p1a: Mosca|21\/100 tox|[from] psn\n|upkeep\n|turn|25\n|\n|t:|1700957619\n|move|p1a: Mosca|Moonblast|p2a: Muddy Buddy\n|-damage|p2a: Muddy Buddy|89\/100\n|move|p2a: Muddy Buddy|Body Press|p1a: Mosca\n|-resisted|p1a: Mosca\n|-damage|p1a: Mosca|12\/100 tox\n|\n|-heal|p2a: Muddy Buddy|95\/100|[from] item: Leftovers\n|-damage|p1a: Mosca|0 fnt|[from] psn\n|faint|p1a: Mosca\n|upkeep\n|\n|t:|1700957628\n|switch|p1a: Chiripa|Golisopod, M|31\/100 tox\n|turn|26\n|c|\u2606Maeby Mitenaut|my clodsire is unaware b t dubz\n|\n|t:|1700957632\n|move|p1a: Chiripa|Liquidation|p2a: Muddy Buddy\n|-damage|p2a: Muddy Buddy|66\/100\n|move|p2a: Muddy Buddy|Body Press|p1a: Chiripa\n|-resisted|p1a: Chiripa\n|-damage|p1a: Chiripa|25\/100 tox\n|\n|-heal|p2a: Muddy Buddy|72\/100|[from] item: Leftovers\n|-damage|p1a: Chiripa|19\/100 tox|[from] psn\n|upkeep\n|turn|27\n|c|\u2606Maeby Mitenaut|ggz\n|\n|t:|1700957643\n|move|p1a: Chiripa|Liquidation|p2a: Muddy Buddy\n|-damage|p2a: Muddy Buddy|41\/100\n|move|p2a: Muddy Buddy|Recover|p2a: Muddy Buddy\n|-heal|p2a: Muddy Buddy|91\/100\n|\n|-heal|p2a: Muddy Buddy|97\/100|[from] item: Leftovers\n|-damage|p1a: Chiripa|7\/100 tox|[from] psn\n|upkeep\n|turn|28\n|c|\u2606venusrafa|clodsire es un pokemon muy roto\n|\n|t:|1700957656\n|move|p1a: Chiripa|Liquidation|p2a: Muddy Buddy\n|-crit|p2a: Muddy Buddy\n|-damage|p2a: Muddy Buddy|35\/100\n|-unboost|p2a: Muddy Buddy|def|1\n|move|p2a: Muddy Buddy|Body Press|p1a: Chiripa\n|-resisted|p1a: Chiripa\n|-damage|p1a: Chiripa|3\/100 tox\n|\n|-heal|p2a: Muddy Buddy|41\/100|[from] item: Leftovers\n|-damage|p1a: Chiripa|0 fnt|[from] psn\n|faint|p1a: Chiripa\n|\n|win|Maeby Mitenaut\n|upkeep\n|raw|venusrafa's rating: 1214 &rarr; <strong>1190<\/strong><br \/>(-24 for losing)\n|raw|Maeby Mitenaut's rating: 1223 &rarr; <strong>1247<\/strong><br \/>(+24 for winning)\n|c|\u2606Maeby Mitenaut|idk what that means but yeah he fucks hard\n|c|\u2606Maeby Mitenaut|gg\n|c|\u2606venusrafa|gg\n|l|\u2606venusrafa\n","uploadtime":1700957699,"views":4,"p1id":"venusrafa","p2id":"maebymitenaut","formatid":"gen9nationaldex","rating":1190,"private":0,"password":""}