{"id":"gen9nationaldex-1988731390","p1":"Fallout 3 Enjoyer","p2":"33jgr33","format":"[Gen 9] National Dex","log":"|j|\u2606Fallout 3 Enjoyer\n|j|\u260633jgr33\n|t:|1699756001\n|gametype|singles\n|player|p1|Fallout 3 Enjoyer|caitlin|1283\n|player|p2|33jgr33|acetrainersnow|1351\n|teamsize|p1|6\n|teamsize|p2|6\n|gen|9\n|tier|[Gen 9] National Dex\n|rated|\n|rule|HP Percentage Mod: HP is shown in percentages\n|rule|Endless Battle Clause: Forcing endless battles is banned\n|rule|OHKO Clause: OHKO moves are banned\n|rule|Evasion Clause: Evasion abilities, items, and moves are banned\n|rule|Evasion Abilities Clause: Evasion abilities are banned\n|rule|Evasion Items Clause: Evasion items are banned\n|rule|Evasion Moves Clause: Evasion moves are banned\n|rule|Species Clause: Limit one of each Pok\u00e9mon\n|rule|Sleep Clause Mod: Limit one foe put to sleep\n|clearpoke\n|poke|p1|Clodsire, F|\n|poke|p1|Bellibolt, F|\n|poke|p1|Politoed, F|\n|poke|p1|Poliwrath, M|\n|poke|p1|Swampert, M|\n|poke|p1|Toxicroak, M|\n|poke|p2|Politoed, F|\n|poke|p2|Kingdra, F|\n|poke|p2|Corviknight, F|\n|poke|p2|Jolteon, M|\n|poke|p2|Goodra, F|\n|poke|p2|Toxicroak, F|\n|teampreview\n|inactive|Battle timer is ON: inactive players will automatically lose when time's up. (requested by Fallout 3 Enjoyer)\n|\n|t:|1699756024\n|start\n|switch|p1a: Wet Frog|Politoed, F, shiny|100\/100\n|switch|p2a: Toxicroak|Toxicroak, F|100\/100\n|-weather|RainDance|[from] ability: Drizzle|[of] p1a: Wet Frog\n|turn|1\n|\n|t:|1699756030\n|move|p2a: Toxicroak|Substitute|p2a: Toxicroak\n|-start|p2a: Toxicroak|Substitute\n|-damage|p2a: Toxicroak|75\/100\n|move|p1a: Wet Frog|Earth Power|p2a: Toxicroak\n|-supereffective|p2a: Toxicroak\n|-end|p2a: Toxicroak|Substitute\n|\n|-weather|RainDance|[upkeep]\n|-heal|p2a: Toxicroak|88\/100|[from] ability: Dry Skin\n|-heal|p2a: Toxicroak|94\/100|[from] item: Black Sludge\n|upkeep\n|turn|2\n|\n|t:|1699756041\n|move|p2a: Toxicroak|Swords Dance|p2a: Toxicroak\n|-boost|p2a: Toxicroak|atk|2\n|move|p1a: Wet Frog|Earth Power|p2a: Toxicroak\n|-supereffective|p2a: Toxicroak\n|-damage|p2a: Toxicroak|23\/100\n|-unboost|p2a: Toxicroak|spd|1\n|\n|-weather|RainDance|[upkeep]\n|-heal|p2a: Toxicroak|36\/100|[from] ability: Dry Skin\n|-heal|p2a: Toxicroak|42\/100|[from] item: Black Sludge\n|upkeep\n|turn|3\n|\n|t:|1699756051\n|move|p2a: Toxicroak|Drain Punch|p1a: Wet Frog\n|-damage|p1a: Wet Frog|20\/100\n|-heal|p2a: Toxicroak|92\/100|[from] drain|[of] p1a: Wet Frog\n|move|p1a: Wet Frog|Earth Power|p2a: Toxicroak\n|-supereffective|p2a: Toxicroak\n|-damage|p2a: Toxicroak|0 fnt\n|faint|p2a: Toxicroak\n|\n|-weather|RainDance|[upkeep]\n|upkeep\n|\n|t:|1699756068\n|switch|p2a: Goodra|Goodra, F|100\/100\n|turn|4\n|\n|t:|1699756076\n|switch|p1a: Dart Frog|Toxicroak, M|100\/100\n|move|p2a: Goodra|Toxic|p1a: Dart Frog\n|-immune|p1a: Dart Frog\n|\n|-weather|RainDance|[upkeep]\n|upkeep\n|turn|5\n|\n|t:|1699756083\n|move|p1a: Dart Frog|Fake Out|p2a: Goodra\n|-damage|p2a: Goodra|85\/100\n|-damage|p1a: Dart Frog|84\/100|[from] item: Rocky Helmet|[of] p2a: Goodra\n|cant|p2a: Goodra|flinch\n|\n|-weather|RainDance|[upkeep]\n|-heal|p1a: Dart Frog|96\/100|[from] ability: Dry Skin\n|upkeep\n|turn|6\n|\n|t:|1699756091\n|move|p1a: Dart Frog|Ice Punch|p2a: Goodra\n|-supereffective|p2a: Goodra\n|-damage|p2a: Goodra|32\/100\n|-damage|p1a: Dart Frog|80\/100|[from] item: Rocky Helmet|[of] p2a: Goodra\n|move|p2a: Goodra|Draco Meteor|p1a: Dart Frog\n|-damage|p1a: Dart Frog|0 fnt\n|-unboost|p2a: Goodra|spa|2\n|faint|p1a: Dart Frog\n|\n|-weather|RainDance|[upkeep]\n|upkeep\n|\n|t:|1699756098\n|switch|p1a: Roid Frog|Swampert, M|100\/100\n|turn|7\n|\n|t:|1699756102\n|detailschange|p1a: Roid Frog|Swampert-Mega, M\n|-mega|p1a: Roid Frog|Swampert|Swampertite\n|move|p1a: Roid Frog|Ice Punch|p2a: Goodra\n|-supereffective|p2a: Goodra\n|-damage|p2a: Goodra|0 fnt\n|-damage|p1a: Roid Frog|84\/100|[from] item: Rocky Helmet|[of] p2a: Goodra\n|faint|p2a: Goodra\n|\n|-weather|RainDance|[upkeep]\n|upkeep\n|\n|t:|1699756113\n|switch|p2a: Kingdra|Kingdra, F|100\/100\n|turn|8\n|c|\u2606Fallout 3 Enjoyer|it's your turn to set up rain next time\n|\n|t:|1699756130\n|move|p2a: Kingdra|Flip Turn|p1a: Roid Frog\n|-damage|p1a: Roid Frog|30\/100\n|\n|t:|1699756144\n|switch|p2a: Corviknight|Corviknight, F|100\/100|[from] Flip Turn\n|move|p1a: Roid Frog|Earthquake|p2a: Corviknight\n|-immune|p2a: Corviknight\n|\n|-weather|none\n|upkeep\n|turn|9\n|\n|t:|1699756162\n|switch|p1a: Charge Frog|Bellibolt, F|100\/100\n|move|p2a: Corviknight|Brave Bird|p1a: Charge Frog\n|-resisted|p1a: Charge Frog\n|-damage|p1a: Charge Frog|88\/100\n|-start|p1a: Charge Frog|Charge|Brave Bird|[from] ability: Electromorphosis\n|-damage|p2a: Corviknight|95\/100|[from] Recoil\n|\n|-heal|p2a: Corviknight|100\/100|[from] item: Leftovers\n|-heal|p1a: Charge Frog|94\/100|[from] item: Leftovers\n|upkeep\n|turn|10\n|\n|t:|1699756175\n|switch|p2a: Jolteon|Jolteon, M|100\/100\n|move|p1a: Charge Frog|Charge Beam|p2a: Jolteon\n|-immune|p2a: Jolteon|[from] ability: Volt Absorb\n|-end|p1a: Charge Frog|Charge|[silent]\n|\n|-heal|p1a: Charge Frog|100\/100|[from] item: Leftovers\n|upkeep\n|turn|11\n|\n|t:|1699756185\n|move|p2a: Jolteon|Hidden Power|p1a: Charge Frog\n|-damage|p1a: Charge Frog|75\/100\n|-start|p1a: Charge Frog|Charge|Hidden Power|[from] ability: Electromorphosis\n|move|p1a: Charge Frog|Muddy Water|p2a: Jolteon\n|-damage|p2a: Jolteon|74\/100\n|\n|-heal|p1a: Charge Frog|81\/100|[from] item: Leftovers\n|upkeep\n|turn|12\n|\n|t:|1699756194\n|switch|p2a: Corviknight|Corviknight, F|100\/100\n|move|p1a: Charge Frog|Muddy Water|p2a: Corviknight|[miss]\n|-miss|p1a: Charge Frog|p2a: Corviknight\n|\n|-heal|p1a: Charge Frog|87\/100|[from] item: Leftovers\n|upkeep\n|turn|13\n|\n|t:|1699756203\n|switch|p2a: Jolteon|Jolteon, M|74\/100\n|move|p1a: Charge Frog|Muddy Water|p2a: Jolteon|[miss]\n|-miss|p1a: Charge Frog|p2a: Jolteon\n|\n|-heal|p1a: Charge Frog|93\/100|[from] item: Leftovers\n|upkeep\n|turn|14\n|\n|t:|1699756210\n|move|p2a: Jolteon|Shadow Ball|p1a: Charge Frog\n|-damage|p1a: Charge Frog|58\/100\n|-start|p1a: Charge Frog|Charge|Shadow Ball|[from] ability: Electromorphosis\n|move|p1a: Charge Frog|Muddy Water|p2a: Jolteon|[miss]\n|-miss|p1a: Charge Frog|p2a: Jolteon\n|\n|-heal|p1a: Charge Frog|64\/100|[from] item: Leftovers\n|upkeep\n|turn|15\n|\n|t:|1699756218\n|move|p2a: Jolteon|Shadow Ball|p1a: Charge Frog\n|-damage|p1a: Charge Frog|31\/100\n|-start|p1a: Charge Frog|Charge|Shadow Ball|[from] ability: Electromorphosis\n|move|p1a: Charge Frog|Muddy Water|p2a: Jolteon\n|-damage|p2a: Jolteon|47\/100\n|\n|-heal|p1a: Charge Frog|37\/100|[from] item: Leftovers\n|upkeep\n|turn|16\n|\n|t:|1699756227\n|move|p2a: Jolteon|Shadow Ball|p1a: Charge Frog\n|-damage|p1a: Charge Frog|1\/100\n|-start|p1a: Charge Frog|Charge|Shadow Ball|[from] ability: Electromorphosis\n|move|p1a: Charge Frog|Muddy Water|p2a: Jolteon\n|-damage|p2a: Jolteon|19\/100\n|\n|-heal|p1a: Charge Frog|8\/100|[from] item: Leftovers\n|upkeep\n|turn|17\n|\n|t:|1699756236\n|move|p2a: Jolteon|Shadow Ball|p1a: Charge Frog\n|-damage|p1a: Charge Frog|0 fnt\n|faint|p1a: Charge Frog\n|\n|upkeep\n|\n|t:|1699756239\n|switch|p1a: Wet Frog|Politoed, F, shiny|20\/100\n|-weather|RainDance|[from] ability: Drizzle|[of] p1a: Wet Frog\n|turn|18\n|\n|t:|1699756245\n|move|p2a: Jolteon|Shadow Ball|p1a: Wet Frog\n|-damage|p1a: Wet Frog|0 fnt\n|faint|p1a: Wet Frog\n|\n|-weather|RainDance|[upkeep]\n|upkeep\n|\n|t:|1699756249\n|switch|p1a: Roid Frog|Swampert-Mega, M|30\/100\n|turn|19\n|\n|t:|1699756254\n|switch|p2a: Corviknight|Corviknight, F|100\/100\n|move|p1a: Roid Frog|Liquidation|p2a: Corviknight\n|-damage|p2a: Corviknight|36\/100\n|\n|-weather|RainDance|[upkeep]\n|-heal|p2a: Corviknight|43\/100|[from] item: Leftovers\n|upkeep\n|turn|20\n|\n|t:|1699756261\n|move|p1a: Roid Frog|Liquidation|p2a: Corviknight\n|-damage|p2a: Corviknight|0 fnt\n|faint|p2a: Corviknight\n|\n|-weather|RainDance|[upkeep]\n|upkeep\n|\n|t:|1699756266\n|switch|p2a: Kingdra|Kingdra, F|100\/100\n|turn|21\n|\n|t:|1699756272\n|move|p2a: Kingdra|Outrage|p1a: Roid Frog\n|-damage|p1a: Roid Frog|0 fnt\n|faint|p1a: Roid Frog\n|\n|-weather|RainDance|[upkeep]\n|upkeep\n|\n|t:|1699756279\n|switch|p1a: Fisty Frog|Poliwrath, M|100\/100\n|turn|22\n|\n|t:|1699756282\n|move|p2a: Kingdra|Outrage|p1a: Fisty Frog|[from]lockedmove\n|-damage|p1a: Fisty Frog|3\/100\n|move|p1a: Fisty Frog|Drain Punch|p2a: Kingdra\n|-damage|p2a: Kingdra|39\/100\n|-heal|p1a: Fisty Frog|31\/100|[from] drain|[of] p2a: Kingdra\n|\n|-weather|RainDance|[upkeep]\n|upkeep\n|turn|23\n|\n|t:|1699756290\n|move|p2a: Kingdra|Outrage|p1a: Fisty Frog|[from]lockedmove\n|-damage|p1a: Fisty Frog|0 fnt\n|faint|p1a: Fisty Frog\n|-start|p2a: Kingdra|confusion|[fatigue]\n|\n|-weather|RainDance|[upkeep]\n|upkeep\n|\n|t:|1699756294\n|switch|p1a: Chunky Frog|Clodsire, F|100\/100\n|turn|24\n|\n|t:|1699756299\n|switch|p2a: Jolteon|Jolteon, M|19\/100\n|move|p1a: Chunky Frog|Curse|p1a: Chunky Frog\n|-unboost|p1a: Chunky Frog|spe|1\n|-boost|p1a: Chunky Frog|atk|1\n|-boost|p1a: Chunky Frog|def|1\n|\n|-weather|RainDance|[upkeep]\n|upkeep\n|turn|25\n|\n|t:|1699756306\n|move|p2a: Jolteon|Hidden Power|p1a: Chunky Frog\n|-supereffective|p1a: Chunky Frog\n|-damage|p1a: Chunky Frog|57\/100\n|move|p1a: Chunky Frog|Earthquake|p2a: Jolteon\n|-supereffective|p2a: Jolteon\n|-damage|p2a: Jolteon|0 fnt\n|faint|p2a: Jolteon\n|\n|-weather|none\n|-heal|p1a: Chunky Frog|63\/100|[from] item: Black Sludge\n|upkeep\n|\n|t:|1699756316\n|switch|p2a: Kingdra|Kingdra, F|39\/100\n|turn|26\n|\n|t:|1699756319\n|move|p2a: Kingdra|Outrage|p1a: Chunky Frog\n|-damage|p1a: Chunky Frog|24\/100\n|move|p1a: Chunky Frog|Earthquake|p2a: Kingdra\n|-damage|p2a: Kingdra|0 fnt\n|faint|p2a: Kingdra\n|\n|-heal|p1a: Chunky Frog|30\/100|[from] item: Black Sludge\n|upkeep\n|\n|t:|1699756327\n|switch|p2a: Politoed|Politoed, F|100\/100\n|-weather|RainDance|[from] ability: Drizzle|[of] p2a: Politoed\n|turn|27\n|\n|t:|1699756331\n|-terastallize|p1a: Chunky Frog|Poison\n|move|p2a: Politoed|Ice Beam|p1a: Chunky Frog\n|-damage|p1a: Chunky Frog|13\/100\n|move|p1a: Chunky Frog|Gunk Shot|p2a: Politoed\n|-damage|p2a: Politoed|35\/100\n|-status|p2a: Politoed|psn\n|\n|-weather|RainDance|[upkeep]\n|-heal|p1a: Chunky Frog|20\/100|[from] item: Black Sludge\n|-damage|p2a: Politoed|23\/100 psn|[from] psn\n|upkeep\n|turn|28\n|\n|t:|1699756345\n|move|p2a: Politoed|Ice Beam|p1a: Chunky Frog\n|-damage|p1a: Chunky Frog|2\/100\n|move|p1a: Chunky Frog|Earthquake|p2a: Politoed\n|-damage|p2a: Politoed|0 fnt\n|faint|p2a: Politoed\n|\n|win|Fallout 3 Enjoyer\n|raw|Fallout 3 Enjoyer's rating: 1283 &rarr; <strong>1313<\/strong><br \/>(+30 for winning)\n|raw|33jgr33's rating: 1351 &rarr; <strong>1327<\/strong><br \/>(-24 for losing)\n|c|\u2606Fallout 3 Enjoyer|gg\n|l|\u260633jgr33\n","uploadtime":1699756352,"views":6,"p1id":"fallout3enjoyer","p2id":"33jgr33","formatid":"gen9nationaldex","rating":1313,"private":0,"password":""}