{"id":"gen9nationaldex-1997581296","p1":"eadd\u5185\u8499\u53e4\u306e\u6df1\u6d77\u5927\u9c7f\u9c7c","p2":"JoaKingDex(SW)","format":"[Gen 9] National Dex","log":"|html|<div class=\"broadcast-blue\"><strong>[Gen 9] National Dex is currently suspecting Sneasler! For information on how to participate check out the <a href=\"https:\/\/www.smogon.com\/forums\/threads\/sv-national-dex-suspect-8-just-dance.3731534\/\">suspect thread<\/a>.<\/strong><\/div>\n|j|\u2606eadd\u5185\u8499\u53e4\u306e\u6df1\u6d77\u5927\u9c7f\u9c7c\n|j|\u2606JoaKingDex(SW)\n|t:|1700828688\n|gametype|singles\n|player|p1|eadd\u5185\u8499\u53e4\u306e\u6df1\u6d77\u5927\u9c7f\u9c7c|rosa|1177\n|player|p2|JoaKingDex(SW)|red-masters|1187\n|teamsize|p1|6\n|teamsize|p2|6\n|gen|9\n|tier|[Gen 9] National Dex\n|rated|\n|rule|HP Percentage Mod: HP is shown in percentages\n|rule|Endless Battle Clause: Forcing endless battles is banned\n|rule|OHKO Clause: OHKO moves are banned\n|rule|Evasion Clause: Evasion abilities, items, and moves are banned\n|rule|Evasion Abilities Clause: Evasion abilities are banned\n|rule|Evasion Items Clause: Evasion items are banned\n|rule|Evasion Moves Clause: Evasion moves are banned\n|rule|Species Clause: Limit one of each Pok\u00e9mon\n|rule|Sleep Clause Mod: Limit one foe put to sleep\n|clearpoke\n|poke|p1|Pelipper, M|\n|poke|p1|Swampert, M|\n|poke|p1|Kingdra, M|\n|poke|p1|Rillaboom, M|\n|poke|p1|Samurott-Hisui, F|\n|poke|p1|Grimmsnarl, M|\n|poke|p2|Swampert, M|\n|poke|p2|Klefki, F|\n|poke|p2|Iron Valiant|\n|poke|p2|Zapdos|\n|poke|p2|Slowking-Galar, M|\n|poke|p2|Kartana|\n|teampreview\n|\n|t:|1700828701\n|start\n|switch|p1a: Grimmsnarl|Grimmsnarl, M|100\/100\n|switch|p2a: Slowking|Slowking-Galar, M|100\/100\n|turn|1\n|inactive|Battle timer is ON: inactive players will automatically lose when time's up. (requested by JoaKingDex(SW))\n|\n|t:|1700828728\n|-terastallize|p1a: Grimmsnarl|Steel\n|move|p1a: Grimmsnarl|Reflect|p1a: Grimmsnarl\n|-sidestart|p1: eadd\u5185\u8499\u53e4\u306e\u6df1\u6d77\u5927\u9c7f\u9c7c|Reflect\n|move|p2a: Slowking|Sludge Bomb|p1a: Grimmsnarl\n|-immune|p1a: Grimmsnarl\n|\n|upkeep\n|turn|2\n|\n|t:|1700828736\n|move|p1a: Grimmsnarl|Light Screen|p1a: Grimmsnarl\n|-sidestart|p1: eadd\u5185\u8499\u53e4\u306e\u6df1\u6d77\u5927\u9c7f\u9c7c|move: Light Screen\n|move|p2a: Slowking|Scald|p1a: Grimmsnarl\n|-damage|p1a: Grimmsnarl|89\/100\n|\n|upkeep\n|turn|3\n|\n|t:|1700828751\n|move|p1a: Grimmsnarl|Parting Shot|p2a: Slowking\n|-unboost|p2a: Slowking|atk|1\n|-unboost|p2a: Slowking|spa|1\n|\n|t:|1700828756\n|switch|p1a: Samurott|Samurott-Hisui, F|100\/100|[from] Parting Shot\n|move|p2a: Slowking|Future Sight|p1a: Samurott\n|-start|p2a: Slowking|move: Future Sight\n|\n|upkeep\n|turn|4\n|\n|t:|1700828765\n|switch|p2a: Zapdos|Zapdos|100\/100\n|move|p1a: Samurott|Ceaseless Edge|p2a: Zapdos\n|-damage|p2a: Zapdos|69\/100\n|-status|p1a: Samurott|par|[from] ability: Static|[of] p2a: Zapdos\n|-sidestart|p2: JoaKingDex(SW)|Spikes\n|\n|upkeep\n|turn|5\n|\n|t:|1700828777\n|move|p2a: Zapdos|Defog|p1a: Samurott\n|-unboost|p1a: Samurott|evasion|1\n|-sideend|p1: eadd\u5185\u8499\u53e4\u306e\u6df1\u6d77\u5927\u9c7f\u9c7c|Reflect\n|-sideend|p1: eadd\u5185\u8499\u53e4\u306e\u6df1\u6d77\u5927\u9c7f\u9c7c|move: Light Screen\n|-sideend|p2: JoaKingDex(SW)|Spikes|[from] move: Defog|[of] p2a: Zapdos\n|move|p1a: Samurott|Knock Off|p2a: Zapdos\n|-damage|p2a: Zapdos|35\/100\n|-enditem|p2a: Zapdos|Heavy-Duty Boots|[from] move: Knock Off|[of] p1a: Samurott\n|\n|-end|p1a: Samurott|move: Future Sight\n|-immune|p1a: Samurott\n|upkeep\n|turn|6\n|\n|t:|1700828792\n|switch|p1a: Rillaboom|Rillaboom, M|100\/100\n|move|p2a: Zapdos|Volt Switch|p1a: Rillaboom\n|-resisted|p1a: Rillaboom\n|-damage|p1a: Rillaboom|82\/100\n|\n|t:|1700828810\n|switch|p2a: Kartana|Kartana|100\/100|[from] Volt Switch\n|\n|upkeep\n|turn|7\n|\n|t:|1700828817\n|move|p2a: Kartana|Swords Dance|p2a: Kartana\n|-boost|p2a: Kartana|atk|2\n|move|p1a: Rillaboom|Earthquake|p2a: Kartana\n|-damage|p2a: Kartana|39\/100\n|\n|upkeep\n|turn|8\n|\n|t:|1700828825\n|switch|p1a: Pelipper|Pelipper, M|100\/100\n|-weather|RainDance|[from] ability: Drizzle|[of] p1a: Pelipper\n|move|p2a: Kartana|Smart Strike|p1a: Pelipper\n|-resisted|p1a: Pelipper\n|-damage|p1a: Pelipper|34\/100\n|-damage|p2a: Kartana|29\/100|[from] item: Life Orb\n|\n|-weather|RainDance|[upkeep]\n|upkeep\n|turn|9\n|\n|t:|1700828846\n|switch|p1a: Swampert|Swampert, M|100\/100\n|move|p2a: Kartana|Leaf Blade|p1a: Swampert\n|-supereffective|p1a: Swampert\n|-damage|p1a: Swampert|0 fnt\n|faint|p1a: Swampert\n|-ability|p2a: Kartana|Beast Boost|boost\n|-boost|p2a: Kartana|atk|1\n|-damage|p2a: Kartana|19\/100|[from] item: Life Orb\n|\n|-weather|RainDance|[upkeep]\n|upkeep\n|\n|t:|1700828857\n|switch|p1a: Kingdra|Kingdra, M|100\/100\n|turn|10\n|\n|t:|1700828865\n|move|p1a: Kingdra|Hydro Pump|p2a: Kartana|[miss]\n|-miss|p1a: Kingdra|p2a: Kartana\n|move|p2a: Kartana|Leaf Blade|p1a: Kingdra\n|-damage|p1a: Kingdra|0 fnt\n|faint|p1a: Kingdra\n|-ability|p2a: Kartana|Beast Boost|boost\n|-boost|p2a: Kartana|atk|1\n|-damage|p2a: Kartana|9\/100|[from] item: Life Orb\n|\n|-weather|RainDance|[upkeep]\n|upkeep\n|-message|eadd\u5185\u8499\u53e4\u306e\u6df1\u6d77\u5927\u9c7f\u9c7c forfeited.\n|\n|win|JoaKingDex(SW)\n|raw|eadd\u5185\u8499\u53e4\u306e\u6df1\u6d77\u5927\u9c7f\u9c7c's rating: 1177 &rarr; <strong>1153<\/strong><br \/>(-24 for losing)\n|raw|JoaKingDex(SW)'s rating: 1187 &rarr; <strong>1211<\/strong><br \/>(+24 for winning)\n|l|\u2606eadd\u5185\u8499\u53e4\u306e\u6df1\u6d77\u5927\u9c7f\u9c7c\n","uploadtime":1700828883,"views":3,"p1id":"eadd","p2id":"joakingdexsw","formatid":"gen9nationaldex","rating":1153,"private":0,"password":""}