{"id":"gen9nationaldex-1996593253","p1":"KingoftheTitans","p2":"iashbdiasnd","format":"[Gen 9] National Dex","log":"|html|<div class=\"broadcast-blue\"><strong>[Gen 9] National Dex is currently suspecting Sneasler! For information on how to participate check out the <a href=\"https:\/\/www.smogon.com\/forums\/threads\/sv-national-dex-suspect-8-just-dance.3731534\/\">suspect thread<\/a>.<\/strong><\/div>\n|j|\u2606KingoftheTitans\n|j|\u2606iashbdiasnd\n|t:|1700698234\n|gametype|singles\n|player|p1|KingoftheTitans|2|1173\n|player|p2|iashbdiasnd|unknownf|1143\n|teamsize|p1|6\n|teamsize|p2|6\n|gen|9\n|tier|[Gen 9] National Dex\n|rated|\n|rule|HP Percentage Mod: HP is shown in percentages\n|rule|Endless Battle Clause: Forcing endless battles is banned\n|rule|OHKO Clause: OHKO moves are banned\n|rule|Evasion Clause: Evasion abilities, items, and moves are banned\n|rule|Evasion Abilities Clause: Evasion abilities are banned\n|rule|Evasion Items Clause: Evasion items are banned\n|rule|Evasion Moves Clause: Evasion moves are banned\n|rule|Species Clause: Limit one of each Pok\u00e9mon\n|rule|Sleep Clause Mod: Limit one foe put to sleep\n|clearpoke\n|poke|p1|Diancie|\n|poke|p1|Volcarona, F|\n|poke|p1|Ursaluna, M|\n|poke|p1|Dragonite, M|\n|poke|p1|Ogerpon-Wellspring, F|\n|poke|p1|Raikou|\n|poke|p2|Garganacl, M|\n|poke|p2|Volcarona, F|\n|poke|p2|Meowscarada, M|\n|poke|p2|Goodra-Hisui, M|\n|poke|p2|Mimikyu, M|\n|poke|p2|Ursaluna, F|\n|teampreview\n|\n|t:|1700698252\n|start\n|switch|p1a: Diancie|Diancie|100\/100\n|switch|p2a: Goodra|Goodra-Hisui, M|100\/100\n|turn|1\n|\n|t:|1700698259\n|detailschange|p1a: Diancie|Diancie-Mega\n|-mega|p1a: Diancie|Diancie|Diancite\n|move|p1a: Diancie|Stealth Rock|p2a: Goodra\n|-sidestart|p2: iashbdiasnd|move: Stealth Rock\n|move|p2a: Goodra|Flash Cannon|p1a: Diancie\n|-supereffective|p1a: Diancie\n|-damage|p1a: Diancie|0 fnt\n|faint|p1a: Diancie\n|\n|upkeep\n|\n|t:|1700698285\n|switch|p1a: Dragonite|Dragonite, M|100\/100\n|turn|2\n|\n|t:|1700698305\n|move|p1a: Dragonite|Dragon Dance|p1a: Dragonite\n|-boost|p1a: Dragonite|atk|1\n|-boost|p1a: Dragonite|spe|1\n|move|p2a: Goodra|Flash Cannon|p1a: Dragonite\n|-damage|p1a: Dragonite|81\/100\n|\n|-heal|p1a: Dragonite|87\/100|[from] item: Leftovers\n|upkeep\n|turn|3\n|\n|t:|1700698312\n|move|p1a: Dragonite|Earthquake|p2a: Goodra\n|-supereffective|p2a: Goodra\n|-damage|p2a: Goodra|0 fnt\n|faint|p2a: Goodra\n|\n|-heal|p1a: Dragonite|93\/100|[from] item: Leftovers\n|upkeep\n|\n|t:|1700698315\n|switch|p2a: Mimikyu|Mimikyu, M, shiny|100\/100\n|-damage|p2a: Mimikyu|88\/100|[from] Stealth Rock\n|turn|4\n|\n|t:|1700698322\n|move|p1a: Dragonite|Dual Wingbeat|p2a: Mimikyu\n|-activate|p2a: Mimikyu|ability: Disguise\n|-damage|p2a: Mimikyu|88\/100\n|detailschange|p2a: Mimikyu|Mimikyu-Busted, M, shiny\n|-damage|p2a: Mimikyu|76\/100|[from] pokemon: Mimikyu-Busted\n|-crit|p2a: Mimikyu\n|-damage|p2a: Mimikyu|14\/100\n|-hitcount|p2a: Mimikyu|2\n|move|p2a: Mimikyu|Will-O-Wisp|p1a: Dragonite\n|-status|p1a: Dragonite|brn\n|\n|-heal|p1a: Dragonite|99\/100 brn|[from] item: Leftovers\n|-heal|p2a: Mimikyu|20\/100|[from] item: Leftovers\n|-damage|p1a: Dragonite|93\/100 brn|[from] brn\n|upkeep\n|turn|5\n|\n|t:|1700698335\n|move|p2a: Mimikyu|Shadow Sneak|p1a: Dragonite\n|-damage|p1a: Dragonite|75\/100 brn\n|move|p1a: Dragonite|Dual Wingbeat|p2a: Mimikyu\n|-damage|p2a: Mimikyu|0 fnt\n|faint|p2a: Mimikyu\n|-hitcount|p2: Mimikyu|1\n|\n|-heal|p1a: Dragonite|81\/100 brn|[from] item: Leftovers\n|-damage|p1a: Dragonite|75\/100 brn|[from] brn\n|upkeep\n|\n|t:|1700698348\n|switch|p2a: Volcarona|Volcarona, F|100\/100\n|turn|6\n|\n|t:|1700698352\n|-terastallize|p2a: Volcarona|Water\n|move|p1a: Dragonite|Dual Wingbeat|p2a: Volcarona\n|-damage|p2a: Volcarona|77\/100\n|-damage|p2a: Volcarona|50\/100\n|-hitcount|p2a: Volcarona|2\n|move|p2a: Volcarona|Quiver Dance|p2a: Volcarona\n|-boost|p2a: Volcarona|spa|1\n|-boost|p2a: Volcarona|spd|1\n|-boost|p2a: Volcarona|spe|1\n|\n|-heal|p1a: Dragonite|81\/100 brn|[from] item: Leftovers\n|-damage|p1a: Dragonite|75\/100 brn|[from] brn\n|upkeep\n|turn|7\n|\n|t:|1700698363\n|move|p2a: Volcarona|Fiery Dance|p1a: Dragonite\n|-resisted|p1a: Dragonite\n|-damage|p1a: Dragonite|40\/100 brn\n|-boost|p2a: Volcarona|spa|1\n|move|p1a: Dragonite|Dual Wingbeat|p2a: Volcarona|[miss]\n|-miss|p1a: Dragonite|p2a: Volcarona\n|\n|-heal|p1a: Dragonite|46\/100 brn|[from] item: Leftovers\n|-damage|p1a: Dragonite|40\/100 brn|[from] brn\n|upkeep\n|turn|8\n|\n|t:|1700698375\n|move|p1a: Dragonite|Extreme Speed|p2a: Volcarona\n|-damage|p2a: Volcarona|18\/100\n|move|p2a: Volcarona|Fiery Dance|p1a: Dragonite\n|-resisted|p1a: Dragonite\n|-damage|p1a: Dragonite|0 fnt\n|faint|p1a: Dragonite\n|\n|upkeep\n|\n|t:|1700698387\n|switch|p1a: Volcarona|Volcarona, F|100\/100\n|turn|9\n|\n|t:|1700698398\n|move|p2a: Volcarona|Tera Blast|p1a: Volcarona|[anim] Tera Blast Water\n|-supereffective|p1a: Volcarona\n|-damage|p1a: Volcarona|0 fnt\n|faint|p1a: Volcarona\n|\n|upkeep\n|\n|t:|1700698402\n|switch|p1a: Raikou|Raikou|100\/100\n|turn|10\n|\n|t:|1700698418\n|-terastallize|p1a: Raikou|Fire\n|move|p2a: Volcarona|Giga Drain|p1a: Raikou\n|-resisted|p1a: Raikou\n|-damage|p1a: Raikou|70\/100\n|-heal|p2a: Volcarona|34\/100|[from] drain|[of] p1a: Raikou\n|move|p1a: Raikou|Thunderbolt|p2a: Volcarona\n|-supereffective|p2a: Volcarona\n|-damage|p2a: Volcarona|0 fnt\n|faint|p2a: Volcarona\n|\n|upkeep\n|\n|t:|1700698426\n|switch|p2a: Garganacl|Garganacl, M|100\/100\n|-damage|p2a: Garganacl|88\/100|[from] Stealth Rock\n|turn|11\n|\n|t:|1700698430\n|move|p1a: Raikou|Scald|p2a: Garganacl\n|-supereffective|p2a: Garganacl\n|-damage|p2a: Garganacl|53\/100\n|move|p2a: Garganacl|Iron Defense|p2a: Garganacl\n|-boost|p2a: Garganacl|def|2\n|\n|-heal|p2a: Garganacl|60\/100|[from] item: Leftovers\n|upkeep\n|turn|12\n|\n|t:|1700698452\n|move|p1a: Raikou|Calm Mind|p1a: Raikou\n|-boost|p1a: Raikou|spa|1\n|-boost|p1a: Raikou|spd|1\n|move|p2a: Garganacl|Iron Defense|p2a: Garganacl\n|-boost|p2a: Garganacl|def|2\n|\n|-heal|p2a: Garganacl|66\/100|[from] item: Leftovers\n|upkeep\n|turn|13\n|\n|t:|1700698459\n|move|p1a: Raikou|Scald|p2a: Garganacl\n|-supereffective|p2a: Garganacl\n|-damage|p2a: Garganacl|13\/100\n|move|p2a: Garganacl|Body Press|p1a: Raikou\n|-damage|p1a: Raikou|0 fnt\n|faint|p1a: Raikou\n|\n|-heal|p2a: Garganacl|19\/100|[from] item: Leftovers\n|upkeep\n|\n|t:|1700698471\n|switch|p1a: Ogerpon|Ogerpon-Wellspring, F|100\/100\n|turn|14\n|\n|t:|1700698488\n|move|p1a: Ogerpon|Ivy Cudgel|p2a: Garganacl|[anim] Ivy Cudgel Water\n|-supereffective|p2a: Garganacl\n|-damage|p2a: Garganacl|0 fnt\n|faint|p2a: Garganacl\n|\n|upkeep\n|\n|t:|1700698494\n|switch|p2a: Meowscarada|Meowscarada, M|100\/100\n|-damage|p2a: Meowscarada|88\/100|[from] Stealth Rock\n|turn|15\n|\n|t:|1700698499\n|move|p2a: Meowscarada|U-turn|p1a: Ogerpon\n|-start|p2a: Meowscarada|typechange|Bug|[from] ability: Protean\n|-supereffective|p1a: Ogerpon\n|-damage|p1a: Ogerpon|0 fnt\n|faint|p1a: Ogerpon\n|-damage|p2a: Meowscarada|78\/100|[from] item: Life Orb\n|\n|t:|1700698515\n|switch|p2a: Ursaluna|Ursaluna, F|100\/100|[from] U-turn\n|-damage|p2a: Ursaluna|94\/100|[from] Stealth Rock\n|\n|-status|p2a: Ursaluna|brn|[from] item: Flame Orb\n|upkeep\n|\n|t:|1700698521\n|switch|p1a: Ursaluna|Ursaluna, M|100\/100\n|turn|16\n|\n|t:|1700698538\n|move|p2a: Ursaluna|Drain Punch|p1a: Ursaluna\n|-supereffective|p1a: Ursaluna\n|-damage|p1a: Ursaluna|36\/100\n|-heal|p2a: Ursaluna|100\/100 brn|[from] drain|[of] p1a: Ursaluna\n|move|p1a: Ursaluna|Headlong Rush|p2a: Ursaluna\n|-damage|p2a: Ursaluna|52\/100 brn\n|-unboost|p1a: Ursaluna|def|1\n|-unboost|p1a: Ursaluna|spd|1\n|\n|-damage|p2a: Ursaluna|46\/100 brn|[from] brn\n|-status|p1a: Ursaluna|brn|[from] item: Flame Orb\n|upkeep\n|turn|17\n|\n|t:|1700698548\n|move|p2a: Ursaluna|Drain Punch|p1a: Ursaluna\n|-supereffective|p1a: Ursaluna\n|-damage|p1a: Ursaluna|0 fnt\n|-heal|p2a: Ursaluna|63\/100 brn|[from] drain|[of] p1a: Ursaluna\n|faint|p1a: Ursaluna\n|\n|win|iashbdiasnd\n|raw|KingoftheTitans's rating: 1173 &rarr; <strong>1146<\/strong><br \/>(-27 for losing)\n|raw|iashbdiasnd's rating: 1143 &rarr; <strong>1170<\/strong><br \/>(+27 for winning)\n|c|\u2606KingoftheTitans|gg\n","uploadtime":1700698561,"views":1,"p1id":"kingofthetitans","p2id":"iashbdiasnd","formatid":"gen9nationaldex","rating":1146,"private":0,"password":""}