{"id":"gen9nationaldex-1998674229","p1":"herobrinennn","p2":"yueyue12345","format":"[Gen 9] National Dex","log":"|html|<div class=\"broadcast-blue\"><strong>[Gen 9] National Dex is currently suspecting Sneasler! For information on how to participate check out the <a href=\"https:\/\/www.smogon.com\/forums\/threads\/sv-national-dex-suspect-8-just-dance.3731534\/\">suspect thread<\/a>.<\/strong><\/div>\n|j|\u2606herobrinennn\n|j|\u2606yueyue12345\n|t:|1700970773\n|gametype|singles\n|player|p1|herobrinennn|swimmer-gen4dp|1236\n|player|p2|yueyue12345|lucas|1322\n|teamsize|p1|6\n|teamsize|p2|6\n|gen|9\n|tier|[Gen 9] National Dex\n|rated|\n|rule|HP Percentage Mod: HP is shown in percentages\n|rule|Endless Battle Clause: Forcing endless battles is banned\n|rule|OHKO Clause: OHKO moves are banned\n|rule|Evasion Clause: Evasion abilities, items, and moves are banned\n|rule|Evasion Abilities Clause: Evasion abilities are banned\n|rule|Evasion Items Clause: Evasion items are banned\n|rule|Evasion Moves Clause: Evasion moves are banned\n|rule|Species Clause: Limit one of each Pok\u00e9mon\n|rule|Sleep Clause Mod: Limit one foe put to sleep\n|clearpoke\n|poke|p1|Aegislash, M|\n|poke|p1|Hydreigon, M|\n|poke|p1|Lopunny, F|\n|poke|p1|Ogerpon-Cornerstone, F|\n|poke|p1|Landorus-Therian, M|\n|poke|p1|Moltres|\n|poke|p2|Alomomola, F|\n|poke|p2|Hoopa-Unbound|\n|poke|p2|Heatran, M|\n|poke|p2|Hatterene, F|\n|poke|p2|Greninja-*, M|\n|poke|p2|Ribombee, F|\n|teampreview\n|\n|t:|1700970784\n|start\n|switch|p1a: Lopunny|Lopunny, F|100\/100\n|switch|p2a: Ribombee|Ribombee, F|100\/100\n|turn|1\n|\n|t:|1700970795\n|switch|p2a: Hatterene|Hatterene, F|100\/100\n|detailschange|p1a: Lopunny|Lopunny-Mega, F\n|-mega|p1a: Lopunny|Lopunny|Lopunnite\n|move|p1a: Lopunny|Fake Out|p2a: Hatterene\n|-damage|p2a: Hatterene|75\/100\n|-enditem|p2a: Hatterene|Eject Button\n|\n|t:|1700970802\n|switch|p2a: Ribombee|Ribombee, F|100\/100\n|\n|upkeep\n|turn|2\n|inactive|Battle timer is ON: inactive players will automatically lose when time's up. (requested by yueyue12345)\n|\n|t:|1700970821\n|switch|p1a: Moltres|Moltres|100\/100\n|move|p2a: Ribombee|Sticky Web|p1a: Moltres\n|-sidestart|p1: herobrinennn|move: Sticky Web\n|\n|upkeep\n|turn|3\n|\n|t:|1700970826\n|switch|p2a: Heatran|Heatran, M|100\/100\n|move|p1a: Moltres|Heat Wave|p2a: Heatran\n|-start|p2a: Heatran|ability: Flash Fire\n|\n|upkeep\n|turn|4\n|\n|t:|1700970838\n|move|p2a: Heatran|Power Gem|p1a: Moltres\n|-supereffective|p1a: Moltres\n|-damage|p1a: Moltres|0 fnt\n|faint|p1a: Moltres\n|\n|upkeep\n|\n|t:|1700970846\n|switch|p1a: Landorus|Landorus-Therian, M|100\/100\n|-ability|p1a: Landorus|Intimidate|boost\n|-unboost|p2a: Heatran|atk|1\n|turn|5\n|\n|t:|1700970856\n|-end|p2a: Heatran|ability: Flash Fire|[silent]\n|switch|p2a: Ribombee|Ribombee, F|100\/100\n|move|p1a: Landorus|Toxic|p2a: Ribombee|[miss]\n|-miss|p1a: Landorus|p2a: Ribombee\n|\n|upkeep\n|turn|6\n|\n|t:|1700970863\n|move|p2a: Ribombee|Moonblast|p1a: Landorus\n|-damage|p1a: Landorus|68\/100\n|move|p1a: Landorus|Toxic|p2a: Ribombee\n|-status|p2a: Ribombee|tox\n|\n|-damage|p2a: Ribombee|94\/100 tox|[from] psn\n|upkeep\n|turn|7\n|\n|t:|1700970873\n|switch|p2a: Hatterene|Hatterene, F|75\/100\n|switch|p1a: \u5251\u95e8|Aegislash, M, shiny|100\/100\n|-activate|p1a: \u5251\u95e8|move: Sticky Web\n|-unboost|p1a: \u5251\u95e8|spe|1\n|\n|upkeep\n|turn|8\n|\n|t:|1700970891\n|move|p2a: Hatterene|Mystical Fire|p1a: \u5251\u95e8\n|-supereffective|p1a: \u5251\u95e8\n|-damage|p1a: \u5251\u95e8|55\/100\n|-unboost|p1a: \u5251\u95e8|spa|1\n|-formechange|p1a: \u5251\u95e8|Aegislash-Blade||[from] ability: Stance Change\n|move|p1a: \u5251\u95e8|Gyro Ball|p2a: Hatterene\n|-supereffective|p2a: Hatterene\n|-damage|p2a: Hatterene|36\/100\n|\n|-heal|p1a: \u5251\u95e8|62\/100|[from] item: Leftovers\n|upkeep\n|turn|9\n|\n|t:|1700970904\n|-formechange|p1a: \u5251\u95e8|Aegislash||[from] ability: Stance Change\n|move|p1a: \u5251\u95e8|King's Shield|p1a: \u5251\u95e8\n|-singleturn|p1a: \u5251\u95e8|Protect\n|move|p2a: Hatterene|Mystical Fire|p1a: \u5251\u95e8\n|-activate|p1a: \u5251\u95e8|move: Protect\n|\n|-heal|p1a: \u5251\u95e8|68\/100|[from] item: Leftovers\n|upkeep\n|turn|10\n|\n|t:|1700970915\n|switch|p2a: Alomomola|Alomomola, F|100\/100\n|-formechange|p1a: \u5251\u95e8|Aegislash-Blade||[from] ability: Stance Change\n|move|p1a: \u5251\u95e8|Gyro Ball|p2a: Alomomola\n|-resisted|p2a: Alomomola\n|-crit|p2a: Alomomola\n|-damage|p2a: Alomomola|88\/100\n|\n|-heal|p2a: Alomomola|94\/100|[from] item: Leftovers\n|-heal|p1a: \u5251\u95e8|74\/100|[from] item: Leftovers\n|upkeep\n|turn|11\n|\n|t:|1700970924\n|switch|p1a: Hydreigon|Hydreigon, M|100\/100\n|move|p2a: Alomomola|Wish|p2a: Alomomola\n|\n|-heal|p2a: Alomomola|99\/100|[from] item: Leftovers\n|upkeep\n|turn|12\n|\n|t:|1700970933\n|switch|p2a: Hatterene|Hatterene, F|36\/100\n|move|p1a: Hydreigon|Substitute|p1a: Hydreigon\n|-start|p1a: Hydreigon|Substitute\n|-damage|p1a: Hydreigon|76\/100\n|\n|-heal|p2a: Hatterene|100\/100|[from] move: Wish|[wisher] Alomomola\n|-heal|p1a: Hydreigon|82\/100|[from] item: Leftovers\n|upkeep\n|turn|13\n|\n|t:|1700970952\n|-terastallize|p1a: Hydreigon|Poison\n|move|p1a: Hydreigon|Nasty Plot|p1a: Hydreigon\n|-boost|p1a: Hydreigon|spa|2\n|move|p2a: Hatterene|Mystical Fire|p1a: Hydreigon\n|-end|p1a: Hydreigon|Substitute\n|\n|-heal|p1a: Hydreigon|88\/100|[from] item: Leftovers\n|upkeep\n|turn|14\n|\n|t:|1700970970\n|move|p1a: Hydreigon|Dark Pulse|p2a: Hatterene\n|-damage|p2a: Hatterene|14\/100\n|move|p2a: Hatterene|Nuzzle|p1a: Hydreigon\n|-damage|p1a: Hydreigon|83\/100\n|-status|p1a: Hydreigon|par\n|\n|-heal|p1a: Hydreigon|89\/100 par|[from] item: Leftovers\n|upkeep\n|turn|15\n|\n|t:|1700970984\n|move|p1a: Hydreigon|Dark Pulse|p2a: Hatterene\n|-damage|p2a: Hatterene|0 fnt\n|faint|p2a: Hatterene\n|\n|-heal|p1a: Hydreigon|95\/100 par|[from] item: Leftovers\n|upkeep\n|\n|t:|1700970997\n|switch|p2a: Heatran|Heatran, M|100\/100\n|turn|16\n|\n|t:|1700971008\n|move|p2a: Heatran|Eruption|p1a: Hydreigon\n|-damage|p1a: Hydreigon|0 fnt\n|faint|p1a: Hydreigon\n|\n|upkeep\n|\n|t:|1700971021\n|switch|p1a: Landorus|Landorus-Therian, M|68\/100\n|-ability|p1a: Landorus|Intimidate|boost\n|-unboost|p2a: Heatran|atk|1\n|turn|17\n|\n|t:|1700971031\n|switch|p2a: Ribombee|Ribombee, F|94\/100 tox\n|move|p1a: Landorus|Earthquake|p2a: Ribombee\n|-resisted|p2a: Ribombee\n|-damage|p2a: Ribombee|59\/100 tox\n|\n|-damage|p2a: Ribombee|53\/100 tox|[from] psn\n|upkeep\n|turn|18\n|\n|t:|1700971035\n|move|p2a: Ribombee|Moonblast|p1a: Landorus\n|-damage|p1a: Landorus|37\/100\n|-unboost|p1a: Landorus|spa|1\n|move|p1a: Landorus|Stealth Rock|p2a: Ribombee\n|-sidestart|p2: yueyue12345|move: Stealth Rock\n|\n|-damage|p2a: Ribombee|40\/100 tox|[from] psn\n|upkeep\n|turn|19\n|\n|t:|1700971050\n|switch|p1a: \u5251\u95e8|Aegislash, M, shiny|74\/100\n|-activate|p1a: \u5251\u95e8|move: Sticky Web\n|-unboost|p1a: \u5251\u95e8|spe|1\n|move|p2a: Ribombee|Defog|p1a: \u5251\u95e8\n|-unboost|p1a: \u5251\u95e8|evasion|1\n|-sideend|p1: herobrinennn|Sticky Web|[from] move: Defog|[of] p2a: Ribombee\n|-sideend|p2: yueyue12345|Stealth Rock|[from] move: Defog|[of] p2a: Ribombee\n|\n|-heal|p1a: \u5251\u95e8|80\/100|[from] item: Leftovers\n|-damage|p2a: Ribombee|22\/100 tox|[from] psn\n|upkeep\n|turn|20\n|\n|t:|1700971063\n|move|p2a: Ribombee|Tailwind|p2a: Ribombee\n|-sidestart|p2: yueyue12345|move: Tailwind\n|-formechange|p1a: \u5251\u95e8|Aegislash-Blade||[from] ability: Stance Change\n|move|p1a: \u5251\u95e8|Close Combat|p2a: Ribombee\n|-resisted|p2a: Ribombee\n|-damage|p2a: Ribombee|4\/100 tox\n|-unboost|p1a: \u5251\u95e8|def|1\n|-unboost|p1a: \u5251\u95e8|spd|1\n|\n|-heal|p1a: \u5251\u95e8|86\/100|[from] item: Leftovers\n|-damage|p2a: Ribombee|0 fnt|[from] psn\n|faint|p2a: Ribombee\n|upkeep\n|\n|t:|1700971068\n|switch|p2a: Heatran|Heatran, M|100\/100\n|turn|21\n|\n|t:|1700971083\n|-formechange|p1a: \u5251\u95e8|Aegislash||[from] ability: Stance Change\n|move|p1a: \u5251\u95e8|King's Shield|p1a: \u5251\u95e8\n|-singleturn|p1a: \u5251\u95e8|Protect\n|move|p2a: Heatran|Eruption|p1a: \u5251\u95e8\n|-activate|p1a: \u5251\u95e8|move: Protect\n|\n|-heal|p1a: \u5251\u95e8|92\/100|[from] item: Leftovers\n|upkeep\n|turn|22\n|\n|t:|1700971090\n|switch|p1a: Landorus|Landorus-Therian, M|37\/100\n|-ability|p1a: Landorus|Intimidate|boost\n|-unboost|p2a: Heatran|atk|1\n|move|p2a: Heatran|Eruption|p1a: Landorus\n|-damage|p1a: Landorus|0 fnt\n|faint|p1a: Landorus\n|\n|upkeep\n|\n|t:|1700971097\n|switch|p1a: Lopunny|Lopunny-Mega, F|100\/100\n|turn|23\n|\n|t:|1700971120\n|switch|p2a: Alomomola|Alomomola, F|100\/100\n|move|p1a: Lopunny|Close Combat|p2a: Alomomola\n|-damage|p2a: Alomomola|65\/100\n|-unboost|p1a: Lopunny|def|1\n|-unboost|p1a: Lopunny|spd|1\n|\n|-heal|p2a: Alomomola|71\/100|[from] item: Leftovers\n|-sideend|p2: yueyue12345|move: Tailwind\n|upkeep\n|turn|24\n|\n|t:|1700971147\n|switch|p1a: Ogerpon|Ogerpon-Cornerstone, F|100\/100\n|move|p2a: Alomomola|Toxic|p1a: Ogerpon\n|-status|p1a: Ogerpon|tox\n|\n|-heal|p2a: Alomomola|77\/100|[from] item: Leftovers\n|-damage|p1a: Ogerpon|95\/100 tox|[from] psn\n|upkeep\n|turn|25\n|\n|t:|1700971155\n|move|p2a: Alomomola|Protect|p2a: Alomomola\n|-singleturn|p2a: Alomomola|Protect\n|move|p1a: Ogerpon|Horn Leech|p2a: Alomomola\n|-activate|p2a: Alomomola|move: Protect\n|\n|-heal|p2a: Alomomola|83\/100|[from] item: Leftovers\n|-damage|p1a: Ogerpon|83\/100 tox|[from] psn\n|upkeep\n|turn|26\n|-message|herobrinennn forfeited.\n|\n|win|yueyue12345\n|raw|herobrinennn's rating: 1236 &rarr; <strong>1217<\/strong><br \/>(-19 for losing)\n|raw|yueyue12345's rating: 1322 &rarr; <strong>1337<\/strong><br \/>(+15 for winning)\n|l|\u2606herobrinennn\n","uploadtime":1700971178,"views":1,"p1id":"herobrinennn","p2id":"yueyue12345","formatid":"gen9nationaldex","rating":1217,"private":0,"password":""}