{"id":"gen9nationaldex-1998940780","p1":"Rmpemeta","p2":"Radical1233","format":"[Gen 9] National Dex","log":"|html|<div class=\"broadcast-blue\"><strong>[Gen 9] National Dex is currently suspecting Sneasler! For information on how to participate check out the <a href=\"https:\/\/www.smogon.com\/forums\/threads\/sv-national-dex-suspect-8-just-dance.3731534\/\">suspect thread<\/a>.<\/strong><\/div>\n|j|\u2606Rmpemeta\n|j|\u2606Radical1233\n|t:|1701015695\n|gametype|singles\n|player|p1|Rmpemeta|2|1465\n|player|p2|Radical1233|youngster-gen4dp|1471\n|teamsize|p1|6\n|teamsize|p2|6\n|gen|9\n|tier|[Gen 9] National Dex\n|rated|\n|rule|HP Percentage Mod: HP is shown in percentages\n|rule|Endless Battle Clause: Forcing endless battles is banned\n|rule|OHKO Clause: OHKO moves are banned\n|rule|Evasion Clause: Evasion abilities, items, and moves are banned\n|rule|Evasion Abilities Clause: Evasion abilities are banned\n|rule|Evasion Items Clause: Evasion items are banned\n|rule|Evasion Moves Clause: Evasion moves are banned\n|rule|Species Clause: Limit one of each Pok\u00e9mon\n|rule|Sleep Clause Mod: Limit one foe put to sleep\n|clearpoke\n|poke|p1|Cresselia, F|\n|poke|p1|Mawile, F|\n|poke|p1|Ursaluna, F|\n|poke|p1|Porygon2|\n|poke|p1|Tapu Lele|\n|poke|p1|Garchomp, M|\n|poke|p2|Tyranitar, F|\n|poke|p2|Aegislash, M|\n|poke|p2|Tornadus-Therian, M|\n|poke|p2|Scizor, F|\n|poke|p2|Iron Valiant|\n|poke|p2|Gastrodon, F|\n|teampreview\n|c|\u2606Radical1233|whats with so much tr\n|c|\u2606Radical1233|like hoooooly\n|j| Ada(n)gio\n|c|\u2606Radical1233|i have seen like\n|\n|t:|1701015727\n|start\n|switch|p1a: Garchomp|Garchomp, M|100\/100\n|switch|p2a: Aegislash|Aegislash, M|100\/100\n|turn|1\n|c|\u2606Radical1233|3 today\n|\n|t:|1701015733\n|switch|p2a: Iron Valiant|Iron Valiant|100\/100\n|move|p1a: Garchomp|Substitute|p1a: Garchomp\n|-start|p1a: Garchomp|Substitute\n|-damage|p1a: Garchomp|76\/100\n|\n|upkeep\n|turn|2\n|\n|t:|1701015739\n|move|p2a: Iron Valiant|Moonblast|p1a: Garchomp\n|-supereffective|p1a: Garchomp\n|-end|p1a: Garchomp|Substitute\n|move|p1a: Garchomp|Earthquake|p2a: Iron Valiant\n|-damage|p2a: Iron Valiant|37\/100\n|\n|upkeep\n|turn|3\n|c| Ada(n)gio|dijo\n|c| Ada(n)gio|porque tanto tr\n|c| Ada(n)gio|porque les gusta tanto?\n|\n|t:|1701015754\n|switch|p1a: Cresselia|Cresselia, F|100\/100\n|move|p2a: Iron Valiant|Moonblast|p1a: Cresselia\n|-damage|p1a: Cresselia|77\/100\n|\n|upkeep\n|turn|4\n|c| Ada(n)gio|vi como 3 hoy\n|c|\u2606Rmpemeta|nosotros lo estamos popularizando\n|c|\u2606Rmpemeta|ademas esto no es tr\n|c|\u2606Rmpemeta|xd\n|\n|t:|1701015769\n|-end|p2a: Iron Valiant|Quark Drive|[silent]\n|switch|p2a: Aegislash|Aegislash, M|100\/100\n|move|p1a: Cresselia|Trick Room|p1a: Cresselia\n|-fieldstart|move: Trick Room|[of] p1a: Cresselia\n|\n|upkeep\n|turn|5\n|c| Ada(n)gio|we are popularizing it\n|c|\u2606Radical1233|aw\n|c|\u2606Radical1233|i hate tr\n|\n|t:|1701015790\n|switch|p1a: Ursaluna|Ursaluna, F|100\/100\n|move|p2a: Aegislash|Substitute|p2a: Aegislash\n|-start|p2a: Aegislash|Substitute\n|-damage|p2a: Aegislash|75\/100\n|\n|-heal|p2a: Aegislash|82\/100|[from] item: Leftovers\n|-status|p1a: Ursaluna|brn|[from] item: Flame Orb\n|upkeep\n|turn|6\n|c| Ada(n)gio|tr time\n|c| Ada(n)gio|dijo\n|c| Ada(n)gio|q odia los tr\n|c| Ada(n)gio|xd\n|\n|t:|1701015801\n|move|p2a: Aegislash|King's Shield|p2a: Aegislash\n|-singleturn|p2a: Aegislash|Protect\n|move|p1a: Ursaluna|Headlong Rush|p2a: Aegislash\n|-activate|p2a: Aegislash|move: Protect\n|-unboost|p1a: Ursaluna|atk|1\n|\n|-heal|p2a: Aegislash|88\/100|[from] item: Leftovers\n|-damage|p1a: Ursaluna|94\/100 brn|[from] brn\n|upkeep\n|turn|7\n|\n|t:|1701015810\n|move|p1a: Ursaluna|Headlong Rush|p2a: Aegislash\n|-supereffective|p2a: Aegislash\n|-end|p2a: Aegislash|Substitute\n|-unboost|p1a: Ursaluna|def|1\n|-unboost|p1a: Ursaluna|spd|1\n|move|p2a: Aegislash|Substitute|p2a: Aegislash\n|-start|p2a: Aegislash|Substitute\n|-damage|p2a: Aegislash|63\/100\n|\n|-heal|p2a: Aegislash|69\/100|[from] item: Leftovers\n|-damage|p1a: Ursaluna|88\/100 brn|[from] brn\n|upkeep\n|turn|8\n|c| Ada(n)gio|no me di cuenta\n|c|\u2606Radical1233|dis set do be annnnoyning to tr tho\n|c| Ada(n)gio|q era sub\n|\n|t:|1701015823\n|switch|p1a: Garchomp|Garchomp, M|76\/100\n|-formechange|p2a: Aegislash|Aegislash-Blade||[from] ability: Stance Change\n|move|p2a: Aegislash|Close Combat|p1a: Garchomp\n|-damage|p1a: Garchomp|37\/100\n|-unboost|p2a: Aegislash|def|1\n|-unboost|p2a: Aegislash|spd|1\n|-damage|p2a: Aegislash|57\/100|[from] ability: Rough Skin|[of] p1a: Garchomp\n|\n|-heal|p2a: Aegislash|63\/100|[from] item: Leftovers\n|-fieldend|move: Trick Room\n|upkeep\n|turn|9\n|\n|t:|1701015835\n|move|p1a: Garchomp|Earthquake|p2a: Aegislash\n|-supereffective|p2a: Aegislash\n|-end|p2a: Aegislash|Substitute\n|move|p2a: Aegislash|Shadow Ball|p1a: Garchomp\n|-damage|p1a: Garchomp|0 fnt\n|faint|p1a: Garchomp\n|\n|-heal|p2a: Aegislash|69\/100|[from] item: Leftovers\n|upkeep\n|\n|t:|1701015850\n|switch|p1a: Mawile|Mawile, F, shiny|100\/100\n|-ability|p1a: Mawile|Intimidate|boost\n|-unboost|p2a: Aegislash|atk|1\n|turn|10\n|\n|t:|1701015861\n|switch|p2a: Tornadus|Tornadus-Therian, M|100\/100\n|detailschange|p1a: Mawile|Mawile-Mega, F, shiny\n|-mega|p1a: Mawile|Mawile|Mawilite\n|move|p1a: Mawile|Swords Dance|p1a: Mawile\n|-boost|p1a: Mawile|atk|2\n|\n|upkeep\n|turn|11\n|\n|t:|1701015869\n|move|p2a: Tornadus|Heat Wave|p1a: Mawile\n|-supereffective|p1a: Mawile\n|-damage|p1a: Mawile|45\/100\n|move|p1a: Mawile|Iron Head|p2a: Tornadus\n|-damage|p2a: Tornadus|0 fnt\n|faint|p2a: Tornadus\n|\n|upkeep\n|\n|t:|1701015872\n|switch|p2a: Tyranitar|Tyranitar, F|100\/100\n|-weather|Sandstorm|[from] ability: Sand Stream|[of] p2a: Tyranitar\n|turn|12\n|\n|t:|1701015882\n|switch|p1a: Porygon2|Porygon2|100\/100\n|-ability|p1a: Porygon2|Sand Stream|[from] ability: Trace|[of] p2a: Tyranitar\n|detailschange|p2a: Tyranitar|Tyranitar-Mega, F\n|-mega|p2a: Tyranitar|Tyranitar|Tyranitarite\n|move|p2a: Tyranitar|Knock Off|p1a: Porygon2\n|-damage|p1a: Porygon2|69\/100\n|-enditem|p1a: Porygon2|Eviolite|[from] move: Knock Off|[of] p2a: Tyranitar\n|\n|-weather|Sandstorm|[upkeep]\n|-damage|p1a: Porygon2|63\/100|[from] Sandstorm\n|upkeep\n|turn|13\n|c|\u2606Radical1233|gottem\n|\n|t:|1701015893\n|move|p2a: Tyranitar|Stone Edge|p1a: Porygon2\n|-damage|p1a: Porygon2|6\/100\n|move|p1a: Porygon2|Trick Room|p1a: Porygon2\n|-fieldstart|move: Trick Room|[of] p1a: Porygon2\n|\n|-weather|Sandstorm|[upkeep]\n|-damage|p1a: Porygon2|0 fnt|[from] Sandstorm\n|faint|p1a: Porygon2\n|upkeep\n|c| Ada(n)gio|toma eso\n|c| Ada(n)gio|dijo\n|c|\u2606Radical1233|nnvm\n|\n|t:|1701015904\n|switch|p1a: Ursaluna|Ursaluna, F|88\/100 brn\n|turn|14\n|c|\u2606Radical1233|that helped u mmore than it did me\n|c|\u2606Radical1233|lol\n|\n|t:|1701015912\n|switch|p2a: Scizor|Scizor, F|100\/100\n|move|p1a: Ursaluna|Swords Dance|p1a: Ursaluna\n|-boost|p1a: Ursaluna|atk|2\n|\n|-weather|Sandstorm|[upkeep]\n|-damage|p1a: Ursaluna|82\/100 brn|[from] brn\n|upkeep\n|turn|15\n|\n|t:|1701015923\n|switch|p2a: Gastrodon|Gastrodon, F|100\/100\n|-terastallize|p1a: Ursaluna|Normal\n|move|p1a: Ursaluna|Facade|p2a: Gastrodon\n|-damage|p2a: Gastrodon|0 fnt\n|faint|p2a: Gastrodon\n|\n|-weather|Sandstorm|[upkeep]\n|-damage|p1a: Ursaluna|76\/100 brn|[from] Sandstorm\n|-damage|p1a: Ursaluna|70\/100 brn|[from] brn\n|upkeep\n|\n|t:|1701015940\n|switch|p2a: Iron Valiant|Iron Valiant|37\/100\n|turn|16\n|\n|t:|1701015945\n|move|p1a: Ursaluna|Headlong Rush|p2a: Iron Valiant\n|-damage|p2a: Iron Valiant|0 fnt\n|-unboost|p1a: Ursaluna|def|1\n|-unboost|p1a: Ursaluna|spd|1\n|faint|p2a: Iron Valiant\n|-end|p2a: Iron Valiant|Quark Drive|[silent]\n|\n|-weather|none\n|-damage|p1a: Ursaluna|64\/100 brn|[from] brn\n|upkeep\n|\n|t:|1701015948\n|switch|p2a: Aegislash|Aegislash, M|69\/100\n|turn|17\n|\n|t:|1701015955\n|switch|p1a: Cresselia|Cresselia, F|77\/100\n|move|p2a: Aegislash|King's Shield||[still]\n|-fail|p2a: Aegislash\n|\n|-heal|p2a: Aegislash|75\/100|[from] item: Leftovers\n|-fieldend|move: Trick Room\n|upkeep\n|turn|18\n|\n|t:|1701015962\n|move|p1a: Cresselia|Shadow Ball|p2a: Aegislash\n|-supereffective|p2a: Aegislash\n|-damage|p2a: Aegislash|54\/100\n|move|p2a: Aegislash|Substitute|p2a: Aegislash\n|-start|p2a: Aegislash|Substitute\n|-damage|p2a: Aegislash|29\/100\n|\n|-heal|p2a: Aegislash|35\/100|[from] item: Leftovers\n|upkeep\n|turn|19\n|c|\u2606Radical1233|oh uh\n|\n|t:|1701015971\n|move|p2a: Aegislash|King's Shield|p2a: Aegislash\n|-singleturn|p2a: Aegislash|Protect\n|move|p1a: Cresselia|Trick Room|p1a: Cresselia\n|-fieldstart|move: Trick Room|[of] p1a: Cresselia\n|\n|-heal|p2a: Aegislash|41\/100|[from] item: Leftovers\n|upkeep\n|turn|20\n|\n|t:|1701015977\n|-formechange|p2a: Aegislash|Aegislash-Blade||[from] ability: Stance Change\n|move|p2a: Aegislash|Shadow Ball|p1a: Cresselia\n|-supereffective|p1a: Cresselia\n|-damage|p1a: Cresselia|24\/100\n|move|p1a: Cresselia|Shadow Ball|p2a: Aegislash\n|-supereffective|p2a: Aegislash\n|-end|p2a: Aegislash|Substitute\n|\n|-heal|p2a: Aegislash|47\/100|[from] item: Leftovers\n|upkeep\n|turn|21\n|\n|t:|1701015991\n|move|p2a: Aegislash|Substitute|p2a: Aegislash\n|-start|p2a: Aegislash|Substitute\n|-damage|p2a: Aegislash|22\/100\n|move|p1a: Cresselia|Shadow Ball|p2a: Aegislash\n|-supereffective|p2a: Aegislash\n|-end|p2a: Aegislash|Substitute\n|\n|-heal|p2a: Aegislash|28\/100|[from] item: Leftovers\n|upkeep\n|turn|22\n|\n|t:|1701015999\n|move|p2a: Aegislash|Shadow Ball|p1a: Cresselia\n|-supereffective|p1a: Cresselia\n|-damage|p1a: Cresselia|0 fnt\n|faint|p1a: Cresselia\n|\n|-heal|p2a: Aegislash|34\/100|[from] item: Leftovers\n|upkeep\n|c|\u2606Radical1233|mmmm\n|\n|t:|1701016018\n|switch|p1a: Tapu Lele|Tapu Lele|100\/100\n|-fieldstart|move: Psychic Terrain|[from] ability: Psychic Surge|[of] p1a: Tapu Lele\n|turn|23\n|\n|t:|1701016036\n|switch|p1a: Mawile|Mawile-Mega, F, shiny|45\/100\n|move|p2a: Aegislash|Shadow Ball|p1a: Mawile\n|-damage|p1a: Mawile|0 fnt\n|faint|p1a: Mawile\n|\n|-heal|p2a: Aegislash|41\/100|[from] item: Leftovers\n|-fieldend|move: Trick Room\n|upkeep\n|\n|t:|1701016045\n|switch|p1a: Ursaluna|Ursaluna, F, tera:Normal|64\/100 brn\n|turn|24\n|\n|t:|1701016048\n|move|p2a: Aegislash|Close Combat|p1a: Ursaluna\n|-supereffective|p1a: Ursaluna\n|-damage|p1a: Ursaluna|12\/100 brn\n|-unboost|p2a: Aegislash|def|1\n|-unboost|p2a: Aegislash|spd|1\n|move|p1a: Ursaluna|Swords Dance|p1a: Ursaluna\n|-boost|p1a: Ursaluna|atk|2\n|\n|-heal|p2a: Aegislash|47\/100|[from] item: Leftovers\n|-damage|p1a: Ursaluna|6\/100 brn|[from] brn\n|upkeep\n|turn|25\n|c|\u2606Radical1233|uh oh\n|\n|t:|1701016059\n|move|p2a: Aegislash|Close Combat|p1a: Ursaluna\n|-supereffective|p1a: Ursaluna\n|-damage|p1a: Ursaluna|0 fnt\n|-unboost|p2a: Aegislash|def|1\n|-unboost|p2a: Aegislash|spd|1\n|faint|p1a: Ursaluna\n|\n|-heal|p2a: Aegislash|53\/100|[from] item: Leftovers\n|upkeep\n|\n|t:|1701016066\n|switch|p1a: Tapu Lele|Tapu Lele|100\/100\n|turn|26\n|\n|t:|1701016071\n|-formechange|p2a: Aegislash|Aegislash||[from] ability: Stance Change\n|move|p2a: Aegislash|King's Shield|p2a: Aegislash\n|-singleturn|p2a: Aegislash|Protect\n|move|p1a: Tapu Lele|Moonblast|p2a: Aegislash\n|-activate|p2a: Aegislash|move: Protect\n|\n|-heal|p2a: Aegislash|59\/100|[from] item: Leftovers\n|upkeep\n|turn|27\n|\n|t:|1701016079\n|switch|p2a: Scizor|Scizor, F|100\/100\n|move|p1a: Tapu Lele|Moonblast|p2a: Scizor\n|-resisted|p2a: Scizor\n|-damage|p2a: Scizor|72\/100\n|\n|-fieldend|move: Psychic Terrain\n|upkeep\n|turn|28\n|-message|Rmpemeta forfeited.\n|\n|win|Radical1233\n|raw|Rmpemeta's rating: 1465 &rarr; <strong>1444<\/strong><br \/>(-21 for losing)\n|raw|Radical1233's rating: 1449 &rarr; <strong>1470<\/strong><br \/>(+21 for winning)\n|l|\u2606Rmpemeta\n|l| Ada(n)gio\n","uploadtime":1701016091,"views":5,"p1id":"rmpemeta","p2id":"radical1233","formatid":"gen9nationaldex","rating":1444,"private":0,"password":""}