{"id":"gen9nationaldex-1992436724","p1":"hackilla15","p2":"6AwA9","format":"[Gen 9] National Dex","log":"|j|\u2606hackilla15\n|j|\u26066AwA9\n|t:|1700187423\n|gametype|singles\n|player|p1|hackilla15|ethan|1152\n|player|p2|6AwA9|266|1238\n|teamsize|p1|6\n|teamsize|p2|6\n|gen|9\n|tier|[Gen 9] National Dex\n|rated|\n|rule|HP Percentage Mod: HP is shown in percentages\n|rule|Endless Battle Clause: Forcing endless battles is banned\n|rule|OHKO Clause: OHKO moves are banned\n|rule|Evasion Clause: Evasion abilities, items, and moves are banned\n|rule|Evasion Abilities Clause: Evasion abilities are banned\n|rule|Evasion Items Clause: Evasion items are banned\n|rule|Evasion Moves Clause: Evasion moves are banned\n|rule|Species Clause: Limit one of each Pok\u00e9mon\n|rule|Sleep Clause Mod: Limit one foe put to sleep\n|clearpoke\n|poke|p1|Zoroark-Hisui, F|\n|poke|p1|Venusaur, F|\n|poke|p1|Ceruledge, M|\n|poke|p1|Krookodile, M|\n|poke|p1|Corviknight, F|\n|poke|p1|Dragonite, M|\n|poke|p2|Tapu Koko|\n|poke|p2|Pincurchin, F|\n|poke|p2|Thundurus-Therian, M|\n|poke|p2|Hawlucha, F|\n|poke|p2|Iron Moth|\n|poke|p2|Scizor, F|\n|teampreview\n|inactive|Battle timer is ON: inactive players will automatically lose when time's up. (requested by 6AwA9)\n|\n|t:|1700187463\n|start\n|switch|p1a: Venusaur|Venusaur, F, shiny|100\/100\n|switch|p2a: Pincurchin|Pincurchin, F|100\/100\n|-fieldstart|move: Electric Terrain|[from] ability: Electric Surge|[of] p2a: Pincurchin\n|turn|1\n|\n|t:|1700187484\n|detailschange|p1a: Venusaur|Venusaur-Mega, F, shiny\n|-mega|p1a: Venusaur|Venusaur|Venusaurite\n|move|p1a: Venusaur|Earth Power|p2a: Pincurchin\n|-supereffective|p2a: Pincurchin\n|-damage|p2a: Pincurchin|30\/100\n|-unboost|p2a: Pincurchin|spd|1\n|move|p2a: Pincurchin|Self-Destruct|p1a: Venusaur\n|-damage|p1a: Venusaur|55\/100\n|faint|p2a: Pincurchin\n|\n|upkeep\n|\n|t:|1700187495\n|switch|p2a: Hawlucha|Hawlucha, F|100\/100\n|-enditem|p2a: Hawlucha|Electric Seed\n|-boost|p2a: Hawlucha|def|1|[from] item: Electric Seed\n|turn|2\n|\n|t:|1700187501\n|switch|p1a: Krookodile|Krookodile, M, shiny|100\/100\n|move|p2a: Hawlucha|Acrobatics|p1a: Krookodile\n|-damage|p1a: Krookodile|0 fnt\n|replace|p1a: Zoroark|Zoroark-Hisui, F, shiny\n|-end|p1a: Zoroark|Illusion\n|faint|p1a: Zoroark\n|\n|upkeep\n|\n|t:|1700187510\n|switch|p1a: Dragonite|Dragonite, M|100\/100\n|turn|3\n|inactive|6AwA9 has 120 seconds left.\n|\n|t:|1700187560\n|move|p2a: Hawlucha|Swords Dance|p2a: Hawlucha\n|-boost|p2a: Hawlucha|atk|2\n|move|p1a: Dragonite|Curse|p1a: Dragonite\n|-unboost|p1a: Dragonite|spe|1\n|-boost|p1a: Dragonite|atk|1\n|-boost|p1a: Dragonite|def|1\n|\n|upkeep\n|turn|4\n|\n|t:|1700187568\n|move|p2a: Hawlucha|Acrobatics|p1a: Dragonite\n|-damage|p1a: Dragonite|70\/100\n|move|p1a: Dragonite|Curse|p1a: Dragonite\n|-unboost|p1a: Dragonite|spe|1\n|-boost|p1a: Dragonite|atk|1\n|-boost|p1a: Dragonite|def|1\n|\n|upkeep\n|turn|5\n|inactive|6AwA9 has 90 seconds left.\n|\n|t:|1700187609\n|switch|p2a: Thundurus|Thundurus-Therian, M|100\/100\n|move|p1a: Dragonite|Extreme Speed|p2a: Thundurus\n|-damage|p2a: Thundurus|16\/100\n|\n|upkeep\n|turn|6\n|\n|t:|1700187618\n|move|p1a: Dragonite|Extreme Speed|p2a: Thundurus\n|-damage|p2a: Thundurus|0 fnt\n|faint|p2a: Thundurus\n|\n|upkeep\n|inactive|6AwA9 has 90 seconds left.\n|\n|t:|1700187628\n|switch|p2a: Iron Moth|Iron Moth|100\/100\n|-activate|p2a: Iron Moth|ability: Quark Drive\n|-start|p2a: Iron Moth|quarkdrivespe\n|turn|7\n|\n|t:|1700187633\n|move|p2a: Iron Moth|Fiery Dance|p1a: Dragonite\n|-resisted|p1a: Dragonite\n|-damage|p1a: Dragonite|53\/100\n|move|p1a: Dragonite|Earthquake|p2a: Iron Moth\n|-supereffective|p2a: Iron Moth\n|-damage|p2a: Iron Moth|0 fnt\n|faint|p2a: Iron Moth\n|-end|p2a: Iron Moth|Quark Drive|[silent]\n|\n|upkeep\n|\n|t:|1700187636\n|switch|p2a: Tapu Koko|Tapu Koko, shiny|100\/100\n|turn|8\n|\n|t:|1700187641\n|move|p1a: Dragonite|Extreme Speed|p2a: Tapu Koko\n|-damage|p2a: Tapu Koko|33\/100\n|move|p2a: Tapu Koko|Dazzling Gleam|p1a: Dragonite\n|-supereffective|p1a: Dragonite\n|-damage|p1a: Dragonite|0 fnt\n|faint|p1a: Dragonite\n|\n|-fieldend|move: Electric Terrain\n|upkeep\n|\n|t:|1700187649\n|switch|p1a: Krookodile|Krookodile, M, shiny|100\/100\n|turn|9\n|inactive|6AwA9 has 120 seconds left.\n|\n|t:|1700187677\n|switch|p1a: Venusaur|Venusaur-Mega, F, shiny|55\/100\n|move|p2a: Tapu Koko|Dazzling Gleam|p1a: Venusaur\n|-resisted|p1a: Venusaur\n|-damage|p1a: Venusaur|42\/100\n|\n|upkeep\n|turn|10\n|\n|t:|1700187685\n|move|p2a: Tapu Koko|Volt Switch|p1a: Venusaur\n|-resisted|p1a: Venusaur\n|-damage|p1a: Venusaur|30\/100\n|\n|t:|1700187691\n|switch|p2a: Scizor|Scizor, F|100\/100|[from] Volt Switch\n|move|p1a: Venusaur|Giga Drain|p2a: Scizor\n|-resisted|p2a: Scizor\n|-damage|p2a: Scizor|88\/100\n|-heal|p1a: Venusaur|35\/100|[from] drain|[of] p2a: Scizor\n|\n|upkeep\n|turn|11\n|\n|t:|1700187697\n|detailschange|p2a: Scizor|Scizor-Mega, F\n|-mega|p2a: Scizor|Scizor|Scizorite\n|move|p2a: Scizor|Bullet Punch|p1a: Venusaur\n|-damage|p1a: Venusaur|10\/100\n|move|p1a: Venusaur|Leech Seed|p2a: Scizor\n|-start|p2a: Scizor|move: Leech Seed\n|\n|-damage|p2a: Scizor|76\/100|[from] Leech Seed|[of] p1a: Venusaur\n|-heal|p1a: Venusaur|20\/100|[silent]\n|upkeep\n|turn|12\n|\n|t:|1700187701\n|move|p2a: Scizor|Bullet Punch|p1a: Venusaur\n|-damage|p1a: Venusaur|0 fnt\n|faint|p1a: Venusaur\n|\n|upkeep\n|\n|t:|1700187703\n|switch|p1a: Ceruledge|Ceruledge, M, shiny|100\/100\n|turn|13\n|\n|t:|1700187709\n|switch|p2a: Tapu Koko|Tapu Koko, shiny|33\/100\n|-fieldstart|move: Electric Terrain|[from] ability: Electric Surge|[of] p2a: Tapu Koko\n|move|p1a: Ceruledge|Bitter Blade|p2a: Tapu Koko\n|-damage|p2a: Tapu Koko|0 fnt\n|faint|p2a: Tapu Koko\n|\n|upkeep\n|\n|t:|1700187712\n|switch|p2a: Hawlucha|Hawlucha, F|100\/100\n|turn|14\n|\n|t:|1700187715\n|move|p2a: Hawlucha|Acrobatics|p1a: Ceruledge\n|-damage|p1a: Ceruledge|32\/100\n|-ability|p1a: Ceruledge|Weak Armor|boost\n|-unboost|p1a: Ceruledge|def|1\n|-boost|p1a: Ceruledge|spe|2\n|move|p1a: Ceruledge|Swords Dance|p1a: Ceruledge\n|-boost|p1a: Ceruledge|atk|2\n|\n|upkeep\n|turn|15\n|\n|t:|1700187720\n|move|p1a: Ceruledge|Bitter Blade|p2a: Hawlucha\n|-damage|p2a: Hawlucha|0 fnt\n|-heal|p1a: Ceruledge|87\/100|[from] drain|[of] p2a: Hawlucha\n|faint|p2a: Hawlucha\n|\n|upkeep\n|\n|t:|1700187724\n|switch|p2a: Scizor|Scizor-Mega, F|76\/100\n|turn|16\n|\n|t:|1700187728\n|move|p2a: Scizor|Bullet Punch|p1a: Ceruledge\n|-resisted|p1a: Ceruledge\n|-damage|p1a: Ceruledge|48\/100\n|-ability|p1a: Ceruledge|Weak Armor|boost\n|-unboost|p1a: Ceruledge|def|1\n|-boost|p1a: Ceruledge|spe|2\n|move|p1a: Ceruledge|Bitter Blade|p2a: Scizor\n|-supereffective|p2a: Scizor\n|-damage|p2a: Scizor|0 fnt\n|-heal|p1a: Ceruledge|87\/100|[from] drain|[of] p2a: Scizor\n|faint|p2a: Scizor\n|\n|win|hackilla15\n|raw|hackilla15's rating: 1152 &rarr; <strong>1183<\/strong><br \/>(+31 for winning)\n|raw|6AwA9's rating: 1238 &rarr; <strong>1207<\/strong><br \/>(-31 for losing)\n|l|\u26066AwA9\n","uploadtime":1700187732,"views":11,"p1id":"hackilla15","p2id":"6awa9","formatid":"gen9nationaldex","rating":1183,"private":0,"password":""}