{"id":"gen9nationaldex-1988772479","p1":"StrikeV22","p2":"Moomslayer","format":"[Gen 9] National Dex","log":"|j|\u2606StrikeV22\n|j|\u2606Moomslayer\n|t:|1699761160\n|gametype|singles\n|player|p1|StrikeV22|2|1285\n|player|p2|Moomslayer|ghetsis-gen5bw|1267\n|teamsize|p1|6\n|teamsize|p2|6\n|gen|9\n|tier|[Gen 9] National Dex\n|rated|\n|rule|HP Percentage Mod: HP is shown in percentages\n|rule|Endless Battle Clause: Forcing endless battles is banned\n|rule|OHKO Clause: OHKO moves are banned\n|rule|Evasion Clause: Evasion abilities, items, and moves are banned\n|rule|Evasion Abilities Clause: Evasion abilities are banned\n|rule|Evasion Items Clause: Evasion items are banned\n|rule|Evasion Moves Clause: Evasion moves are banned\n|rule|Species Clause: Limit one of each Pok\u00e9mon\n|rule|Sleep Clause Mod: Limit one foe put to sleep\n|clearpoke\n|poke|p1|Ogerpon-Wellspring, F|\n|poke|p1|Heatran, M|\n|poke|p1|Ursaluna, F|\n|poke|p1|Tornadus-Therian, M|\n|poke|p1|Iron Valiant|\n|poke|p1|Weavile, M|\n|poke|p2|Aerodactyl, F|\n|poke|p2|Aurorus, M|\n|poke|p2|Omastar, F|\n|poke|p2|Kabutops, F|\n|poke|p2|Rampardos, M|\n|poke|p2|Arctovish|\n|teampreview\n|inactive|Battle timer is ON: inactive players will automatically lose when time's up. (requested by StrikeV22)\n|\n|t:|1699761164\n|start\n|switch|p1a: Ursaluna|Ursaluna, F|100\/100\n|switch|p2a: Aerodactyl|Aerodactyl, F|100\/100\n|turn|1\n|\n|t:|1699761168\n|detailschange|p2a: Aerodactyl|Aerodactyl-Mega, F\n|-mega|p2a: Aerodactyl|Aerodactyl|Aerodactylite\n|move|p2a: Aerodactyl|Stealth Rock|p1a: Ursaluna\n|-sidestart|p1: StrikeV22|move: Stealth Rock\n|move|p1a: Ursaluna|Belly Drum|p1a: Ursaluna\n|-damage|p1a: Ursaluna|50\/100\n|-setboost|p1a: Ursaluna|atk|6|[from] move: Belly Drum\n|-enditem|p1a: Ursaluna|Sitrus Berry|[eat]\n|-heal|p1a: Ursaluna|75\/100|[from] item: Sitrus Berry\n|\n|upkeep\n|turn|2\n|\n|t:|1699761175\n|move|p2a: Aerodactyl|Dual Wingbeat|p1a: Ursaluna\n|-crit|p1a: Ursaluna\n|-damage|p1a: Ursaluna|52\/100\n|-damage|p1a: Ursaluna|38\/100\n|-hitcount|p1a: Ursaluna|2\n|move|p1a: Ursaluna|Drain Punch|p2a: Aerodactyl\n|-damage|p2a: Aerodactyl|0 fnt\n|-heal|p1a: Ursaluna|71\/100|[from] drain|[of] p2a: Aerodactyl\n|faint|p2a: Aerodactyl\n|\n|upkeep\n|\n|t:|1699761188\n|switch|p2a: Rampardos|Rampardos, M|100\/100\n|turn|3\n|\n|t:|1699761194\n|move|p2a: Rampardos|Iron Head|p1a: Ursaluna\n|-damage|p1a: Ursaluna|47\/100\n|move|p1a: Ursaluna|Drain Punch|p2a: Rampardos\n|-supereffective|p2a: Rampardos\n|-damage|p2a: Rampardos|0 fnt\n|-heal|p1a: Ursaluna|83\/100|[from] drain|[of] p2a: Rampardos\n|faint|p2a: Rampardos\n|\n|upkeep\n|\n|t:|1699761199\n|switch|p2a: Aurorus|Aurorus, M|100\/100\n|-weather|Snow|[from] ability: Snow Warning|[of] p2a: Aurorus\n|turn|4\n|\n|t:|1699761203\n|-terastallize|p1a: Ursaluna|Normal\n|move|p2a: Aurorus|Blizzard|p1a: Ursaluna\n|-damage|p1a: Ursaluna|40\/100\n|move|p1a: Ursaluna|Drain Punch|p2a: Aurorus\n|-supereffective|p2a: Aurorus\n|-damage|p2a: Aurorus|0 fnt\n|-heal|p1a: Ursaluna|89\/100|[from] drain|[of] p2a: Aurorus\n|faint|p2a: Aurorus\n|\n|-weather|Snow|[upkeep]\n|upkeep\n|\n|t:|1699761211\n|switch|p2a: Arctovish|Arctovish|100\/100\n|turn|5\n|\n|t:|1699761217\n|-terastallize|p2a: Arctovish|Water\n|move|p2a: Arctovish|Fishious Rend|p1a: Ursaluna\n|-damage|p1a: Ursaluna|45\/100\n|move|p1a: Ursaluna|Facade|p2a: Arctovish\n|-damage|p2a: Arctovish|0 fnt\n|faint|p2a: Arctovish\n|\n|-weather|Snow|[upkeep]\n|upkeep\n|\n|t:|1699761222\n|switch|p2a: Omastar|Omastar, F|100\/100\n|turn|6\n|\n|t:|1699761225\n|move|p2a: Omastar|Scald|p1a: Ursaluna\n|-damage|p1a: Ursaluna|7\/100\n|move|p1a: Ursaluna|Drain Punch|p2a: Omastar\n|-supereffective|p2a: Omastar\n|-damage|p2a: Omastar|0 fnt\n|-heal|p1a: Ursaluna|38\/100|[from] drain|[of] p2a: Omastar\n|faint|p2a: Omastar\n|\n|-weather|Snow|[upkeep]\n|upkeep\n|\n|t:|1699761230\n|switch|p2a: Kabutops|Kabutops, F|100\/100\n|turn|7\n|inactive|StrikeV22 has 120 seconds left.\n|\n|t:|1699761267\n|move|p2a: Kabutops|Liquidation|p1a: Ursaluna\n|-damage|p1a: Ursaluna|16\/100\n|move|p1a: Ursaluna|Drain Punch|p2a: Kabutops\n|-supereffective|p2a: Kabutops\n|-crit|p2a: Kabutops\n|-damage|p2a: Kabutops|0 fnt\n|-heal|p1a: Ursaluna|44\/100|[from] drain|[of] p2a: Kabutops\n|faint|p2a: Kabutops\n|\n|win|StrikeV22\n|raw|StrikeV22's rating: 1285 &rarr; <strong>1309<\/strong><br \/>(+24 for winning)\n|raw|Moomslayer's rating: 1267 &rarr; <strong>1243<\/strong><br \/>(-24 for losing)\n","uploadtime":1699761270,"views":8,"p1id":"strikev22","p2id":"moomslayer","formatid":"gen9nationaldex","rating":1243,"private":0,"password":""}