{"id":"gen9nationaldex-1990145064","p1":"Delreynan","p2":"Vaniliteuwu","format":"[Gen 9] National Dex","log":"|j|\u2606Delreynan\n|j|\u2606Vaniliteuwu\n|t:|1699929463\n|gametype|singles\n|player|p1|Delreynan|cynthia-gen4|1084\n|player|p2|Vaniliteuwu|dawn-gen4pt|1067\n|teamsize|p1|6\n|teamsize|p2|6\n|gen|9\n|tier|[Gen 9] National Dex\n|rated|\n|rule|HP Percentage Mod: HP is shown in percentages\n|rule|Endless Battle Clause: Forcing endless battles is banned\n|rule|OHKO Clause: OHKO moves are banned\n|rule|Evasion Clause: Evasion abilities, items, and moves are banned\n|rule|Evasion Abilities Clause: Evasion abilities are banned\n|rule|Evasion Items Clause: Evasion items are banned\n|rule|Evasion Moves Clause: Evasion moves are banned\n|rule|Species Clause: Limit one of each Pok\u00e9mon\n|rule|Sleep Clause Mod: Limit one foe put to sleep\n|clearpoke\n|poke|p1|Arbok, F|\n|poke|p1|Serperior, F|\n|poke|p1|Milotic, F|\n|poke|p1|Sandaconda, F|\n|poke|p1|Steelix, F|\n|poke|p1|Seviper, M|\n|poke|p2|Alcremie, F|\n|poke|p2|Azumarill, F|\n|poke|p2|Shiinotic, M|\n|poke|p2|Mawile, M|\n|poke|p2|Togekiss, F|\n|poke|p2|Rapidash-Galar, M|\n|teampreview\n|inactive|Battle timer is ON: inactive players will automatically lose when time's up. (requested by Vaniliteuwu)\n|\n|t:|1699929477\n|start\n|switch|p1a: Seviper|Seviper, M|100\/100\n|switch|p2a: Rapidash|Rapidash-Galar, M|100\/100\n|turn|1\n|inactive|Delreynan has 120 seconds left.\n|\n|t:|1699929517\n|move|p1a: Seviper|Switcheroo|p2a: Rapidash\n|-activate|p1a: Seviper|move: Trick|[of] p2a: Rapidash\n|-item|p2a: Rapidash|Choice Scarf|[from] move: Switcheroo\n|-item|p1a: Seviper|Leftovers|[from] move: Switcheroo\n|move|p2a: Rapidash|Calm Mind|p2a: Rapidash\n|-boost|p2a: Rapidash|spa|1\n|-boost|p2a: Rapidash|spd|1\n|\n|upkeep\n|turn|2\n|inactive|Delreynan has 120 seconds left.\n|\n|t:|1699929531\n|move|p2a: Rapidash|Calm Mind|p2a: Rapidash\n|-boost|p2a: Rapidash|spa|1\n|-boost|p2a: Rapidash|spd|1\n|move|p1a: Seviper|Flamethrower|p2a: Rapidash\n|-damage|p2a: Rapidash|82\/100\n|\n|upkeep\n|turn|3\n|inactive|Delreynan has 120 seconds left.\n|\n|t:|1699929545\n|switch|p1a: Sandaconda|Sandaconda, F|100\/100\n|move|p2a: Rapidash|Calm Mind|p2a: Rapidash\n|-boost|p2a: Rapidash|spa|1\n|-boost|p2a: Rapidash|spd|1\n|\n|upkeep\n|turn|4\n|\n|t:|1699929549\n|move|p2a: Rapidash|Calm Mind|p2a: Rapidash\n|-boost|p2a: Rapidash|spa|1\n|-boost|p2a: Rapidash|spd|1\n|move|p1a: Sandaconda|Stealth Rock|p2a: Rapidash\n|-sidestart|p2: Vaniliteuwu|move: Stealth Rock\n|\n|upkeep\n|turn|5\n|\n|t:|1699929561\n|move|p2a: Rapidash|Calm Mind|p2a: Rapidash\n|-boost|p2a: Rapidash|spa|1\n|-boost|p2a: Rapidash|spd|1\n|move|p1a: Sandaconda|Coil|p1a: Sandaconda\n|-boost|p1a: Sandaconda|atk|1\n|-boost|p1a: Sandaconda|def|1\n|-boost|p1a: Sandaconda|accuracy|1\n|\n|upkeep\n|turn|6\n|\n|t:|1699929565\n|move|p2a: Rapidash|Calm Mind|p2a: Rapidash\n|-boost|p2a: Rapidash|spa|1\n|-boost|p2a: Rapidash|spd|1\n|move|p1a: Sandaconda|Coil|p1a: Sandaconda\n|-boost|p1a: Sandaconda|atk|1\n|-boost|p1a: Sandaconda|def|1\n|-boost|p1a: Sandaconda|accuracy|1\n|\n|upkeep\n|turn|7\n|\n|t:|1699929578\n|move|p2a: Rapidash|Calm Mind|p2a: Rapidash\n|-boost|p2a: Rapidash|spa|0\n|-boost|p2a: Rapidash|spd|0\n|move|p1a: Sandaconda|Coil|p1a: Sandaconda\n|-boost|p1a: Sandaconda|atk|1\n|-boost|p1a: Sandaconda|def|1\n|-boost|p1a: Sandaconda|accuracy|1\n|\n|upkeep\n|turn|8\n|\n|t:|1699929594\n|move|p2a: Rapidash|Calm Mind|p2a: Rapidash\n|-boost|p2a: Rapidash|spa|0\n|-boost|p2a: Rapidash|spd|0\n|move|p1a: Sandaconda|Coil|p1a: Sandaconda\n|-boost|p1a: Sandaconda|atk|1\n|-boost|p1a: Sandaconda|def|1\n|-boost|p1a: Sandaconda|accuracy|1\n|\n|upkeep\n|turn|9\n|-message|Vaniliteuwu forfeited.\n|\n|win|Delreynan\n|raw|Delreynan's rating: 1121 &rarr; <strong>1142<\/strong><br \/>(+21 for winning)\n|raw|Vaniliteuwu's rating: 1067 &rarr; <strong>1050<\/strong><br \/>(-17 for losing)\n|l|\u2606Vaniliteuwu\n","uploadtime":1699929651,"views":4,"p1id":"delreynan","p2id":"vaniliteuwu","formatid":"gen9nationaldex","rating":1050,"private":0,"password":""}