{"id":"gen9nationaldex-1989204540","p1":"Kuzwa","p2":"Magiquaza","format":"[Gen 9] National Dex","log":"|j|\u2606Kuzwa\n|j|\u2606Magiquaza\n|t:|1699823160\n|gametype|singles\n|player|p1|Kuzwa|parasollady|1323\n|player|p2|Magiquaza|morty-masters|1303\n|teamsize|p1|6\n|teamsize|p2|6\n|gen|9\n|tier|[Gen 9] National Dex\n|rated|\n|rule|HP Percentage Mod: HP is shown in percentages\n|rule|Endless Battle Clause: Forcing endless battles is banned\n|rule|OHKO Clause: OHKO moves are banned\n|rule|Evasion Clause: Evasion abilities, items, and moves are banned\n|rule|Evasion Abilities Clause: Evasion abilities are banned\n|rule|Evasion Items Clause: Evasion items are banned\n|rule|Evasion Moves Clause: Evasion moves are banned\n|rule|Species Clause: Limit one of each Pok\u00e9mon\n|rule|Sleep Clause Mod: Limit one foe put to sleep\n|clearpoke\n|poke|p1|Gallade, M|\n|poke|p1|Garchomp, M|\n|poke|p1|Kartana|\n|poke|p1|Scizor, M|\n|poke|p1|Weavile, M|\n|poke|p1|Quaquaval, M|\n|poke|p2|Samurott-Hisui, F|\n|poke|p2|Sharpedo, M|\n|poke|p2|Dhelmise|\n|poke|p2|Garganacl, M|\n|poke|p2|Toxapex, M|\n|poke|p2|Squawkabilly-Blue, F|\n|teampreview\n|inactive|Battle timer is ON: inactive players will automatically lose when time's up. (requested by Magiquaza)\n|inactive|Magiquaza has 120 seconds left.\n|\n|t:|1699823211\n|start\n|switch|p1a: ???|Quaquaval, M|100\/100\n|switch|p2a: Squawkabilly|Squawkabilly-Blue, F|100\/100\n|turn|1\n|\n|t:|1699823220\n|move|p2a: Squawkabilly|Final Gambit|p1a: ???\n|-damage|p1a: ???|0 fnt\n|faint|p2a: Squawkabilly\n|faint|p1a: ???\n|\n|upkeep\n|c|\u2606Magiquaza|guess I should have just bbd\n|\n|t:|1699823239\n|switch|p1a: Makoto Yuki|Kartana, shiny|100\/100\n|switch|p2a: Samurott|Samurott-Hisui, F|100\/100\n|turn|2\n|\n|t:|1699823254\n|-terastallize|p2a: Samurott|Fighting\n|move|p1a: Makoto Yuki|Leaf Blade|p2a: Samurott\n|-damage|p2a: Samurott|21\/100\n|move|p2a: Samurott|Sacred Sword|p1a: Makoto Yuki\n|-supereffective|p1a: Makoto Yuki\n|-enditem|p1a: Makoto Yuki|Focus Sash\n|-damage|p1a: Makoto Yuki|1\/100\n|\n|upkeep\n|turn|3\n|\n|t:|1699823261\n|switch|p2a: Dhelmise|Dhelmise|100\/100\n|move|p1a: Makoto Yuki|Leaf Blade|p2a: Dhelmise\n|-resisted|p2a: Dhelmise\n|-damage|p2a: Dhelmise|72\/100\n|\n|-heal|p2a: Dhelmise|78\/100|[from] item: Leftovers\n|upkeep\n|turn|4\n|\n|t:|1699823265\n|move|p1a: Makoto Yuki|Smart Strike|p2a: Dhelmise\n|-damage|p2a: Dhelmise|28\/100\n|move|p2a: Dhelmise|Rapid Spin|p1a: Makoto Yuki\n|-resisted|p1a: Makoto Yuki\n|-damage|p1a: Makoto Yuki|0 fnt\n|-boost|p2a: Dhelmise|spe|1\n|faint|p1a: Makoto Yuki\n|\n|-heal|p2a: Dhelmise|34\/100|[from] item: Leftovers\n|upkeep\n|\n|t:|1699823271\n|switch|p1a: Junpei Iori|Weavile, M, shiny|100\/100\n|turn|5\n|\n|t:|1699823276\n|move|p1a: Junpei Iori|Throat Chop|p2a: Dhelmise\n|-supereffective|p2a: Dhelmise\n|-damage|p2a: Dhelmise|0 fnt\n|faint|p2a: Dhelmise\n|\n|upkeep\n|\n|t:|1699823283\n|switch|p2a: Sharpedo|Sharpedo, M|100\/100\n|turn|6\n|\n|t:|1699823287\n|switch|p1a: Akihiko Sanada|Garchomp, M|100\/100\n|move|p2a: Sharpedo|Protect||[still]\n|-fail|p2a: Sharpedo\n|\n|-ability|p2a: Sharpedo|Speed Boost|boost\n|-boost|p2a: Sharpedo|spe|1\n|upkeep\n|turn|7\n|\n|t:|1699823292\n|move|p2a: Sharpedo|Protect|p2a: Sharpedo\n|-singleturn|p2a: Sharpedo|Protect\n|move|p1a: Akihiko Sanada|Outrage|p2a: Sharpedo\n|-activate|p2a: Sharpedo|move: Protect\n|\n|-ability|p2a: Sharpedo|Speed Boost|boost\n|-boost|p2a: Sharpedo|spe|1\n|upkeep\n|turn|8\n|\n|t:|1699823305\n|switch|p2a: Samurott|Samurott-Hisui, F, tera:Fighting|21\/100\n|move|p1a: Akihiko Sanada|Outrage|p2a: Samurott\n|-damage|p2a: Samurott|0 fnt\n|faint|p2a: Samurott\n|\n|upkeep\n|\n|t:|1699823311\n|switch|p2a: Garganacl|Garganacl, M|100\/100\n|turn|9\n|\n|t:|1699823313\n|move|p1a: Akihiko Sanada|Outrage|p2a: Garganacl|[from]lockedmove\n|-damage|p2a: Garganacl|56\/100\n|move|p2a: Garganacl|Iron Defense|p2a: Garganacl\n|-boost|p2a: Garganacl|def|2\n|\n|-heal|p2a: Garganacl|62\/100|[from] item: Leftovers\n|upkeep\n|turn|10\n|\n|t:|1699823321\n|move|p1a: Akihiko Sanada|Outrage|p2a: Garganacl|[from]lockedmove\n|-damage|p2a: Garganacl|42\/100\n|-start|p1a: Akihiko Sanada|confusion|[fatigue]\n|move|p2a: Garganacl|Recover|p2a: Garganacl\n|-heal|p2a: Garganacl|92\/100\n|\n|-heal|p2a: Garganacl|99\/100|[from] item: Leftovers\n|upkeep\n|turn|11\n|\n|t:|1699823324\n|-activate|p1a: Akihiko Sanada|confusion\n|move|p1a: Akihiko Sanada|Swords Dance|p1a: Akihiko Sanada\n|-boost|p1a: Akihiko Sanada|atk|2\n|move|p2a: Garganacl|Iron Defense|p2a: Garganacl\n|-boost|p2a: Garganacl|def|2\n|\n|-heal|p2a: Garganacl|100\/100|[from] item: Leftovers\n|upkeep\n|turn|12\n|\n|t:|1699823327\n|-activate|p1a: Akihiko Sanada|confusion\n|move|p1a: Akihiko Sanada|Swords Dance|p1a: Akihiko Sanada\n|-boost|p1a: Akihiko Sanada|atk|2\n|move|p2a: Garganacl|Iron Defense|p2a: Garganacl\n|-boost|p2a: Garganacl|def|2\n|\n|upkeep\n|turn|13\n|\n|t:|1699823331\n|-activate|p1a: Akihiko Sanada|confusion\n|move|p1a: Akihiko Sanada|Swords Dance|p1a: Akihiko Sanada\n|-boost|p1a: Akihiko Sanada|atk|2\n|move|p2a: Garganacl|Body Press|p1a: Akihiko Sanada\n|-damage|p1a: Akihiko Sanada|6\/100\n|-damage|p2a: Garganacl|88\/100|[from] ability: Rough Skin|[of] p1a: Akihiko Sanada\n|\n|-heal|p2a: Garganacl|94\/100|[from] item: Leftovers\n|upkeep\n|turn|14\n|\n|t:|1699823338\n|-end|p1a: Akihiko Sanada|confusion\n|move|p1a: Akihiko Sanada|Iron Head|p2a: Garganacl\n|-supereffective|p2a: Garganacl\n|-crit|p2a: Garganacl\n|-damage|p2a: Garganacl|0 fnt\n|faint|p2a: Garganacl\n|\n|upkeep\n|inactive|Magiquaza has 120 seconds left.\n|\n|t:|1699823384\n|switch|p2a: Sharpedo|Sharpedo, M|100\/100\n|turn|15\n|\n|t:|1699823387\n|move|p2a: Sharpedo|Protect|p2a: Sharpedo\n|-singleturn|p2a: Sharpedo|Protect\n|move|p1a: Akihiko Sanada|Outrage|p2a: Sharpedo\n|-activate|p2a: Sharpedo|move: Protect\n|\n|-ability|p2a: Sharpedo|Speed Boost|boost\n|-boost|p2a: Sharpedo|spe|1\n|upkeep\n|turn|16\n|inactive|Magiquaza has 120 seconds left.\n|\n|t:|1699823392\n|move|p2a: Sharpedo|Waterfall|p1a: Akihiko Sanada\n|-damage|p1a: Akihiko Sanada|0 fnt\n|-damage|p2a: Sharpedo|88\/100|[from] ability: Rough Skin|[of] p1a: Akihiko Sanada\n|faint|p1a: Akihiko Sanada\n|\n|-ability|p2a: Sharpedo|Speed Boost|boost\n|-boost|p2a: Sharpedo|spe|1\n|upkeep\n|\n|t:|1699823397\n|switch|p1a: Ken Amada|Scizor, M|100\/100\n|turn|17\n|\n|t:|1699823404\n|switch|p2a: Toxapex|Toxapex, M|100\/100\n|move|p1a: Ken Amada|Fury Cutter|p2a: Toxapex\n|-resisted|p2a: Toxapex\n|-damage|p2a: Toxapex|91\/100\n|\n|-heal|p2a: Toxapex|97\/100|[from] item: Black Sludge\n|upkeep\n|turn|18\n|\n|t:|1699823412\n|move|p1a: Ken Amada|Swords Dance|p1a: Ken Amada\n|-boost|p1a: Ken Amada|atk|2\n|move|p2a: Toxapex|Chilling Water|p1a: Ken Amada\n|-damage|p1a: Ken Amada|89\/100\n|-unboost|p1a: Ken Amada|atk|1\n|\n|-heal|p2a: Toxapex|100\/100|[from] item: Black Sludge\n|upkeep\n|turn|19\n|\n|t:|1699823422\n|move|p1a: Ken Amada|Swords Dance|p1a: Ken Amada\n|-boost|p1a: Ken Amada|atk|2\n|move|p2a: Toxapex|Chilling Water|p1a: Ken Amada\n|-damage|p1a: Ken Amada|77\/100\n|-unboost|p1a: Ken Amada|atk|1\n|\n|upkeep\n|turn|20\n|c|\u2606Magiquaza|naur\n|\n|t:|1699823426\n|move|p1a: Ken Amada|Swords Dance|p1a: Ken Amada\n|-boost|p1a: Ken Amada|atk|2\n|move|p2a: Toxapex|Chilling Water|p1a: Ken Amada\n|-damage|p1a: Ken Amada|65\/100\n|-unboost|p1a: Ken Amada|atk|1\n|\n|upkeep\n|turn|21\n|\n|t:|1699823428\n|move|p1a: Ken Amada|Swords Dance|p1a: Ken Amada\n|-boost|p1a: Ken Amada|atk|2\n|move|p2a: Toxapex|Chilling Water|p1a: Ken Amada\n|-damage|p1a: Ken Amada|52\/100\n|-unboost|p1a: Ken Amada|atk|1\n|\n|upkeep\n|turn|22\n|\n|t:|1699823431\n|move|p1a: Ken Amada|Swords Dance|p1a: Ken Amada\n|-boost|p1a: Ken Amada|atk|2\n|move|p2a: Toxapex|Chilling Water|p1a: Ken Amada\n|-damage|p1a: Ken Amada|39\/100\n|-unboost|p1a: Ken Amada|atk|1\n|\n|upkeep\n|turn|23\n|\n|t:|1699823435\n|detailschange|p1a: Ken Amada|Scizor-Mega, M\n|-mega|p1a: Ken Amada|Scizor|Scizorite\n|move|p2a: Toxapex|Baneful Bunker|p2a: Toxapex\n|-singleturn|p2a: Toxapex|move: Protect\n|move|p1a: Ken Amada|Acrobatics|p2a: Toxapex\n|-activate|p2a: Toxapex|move: Protect\n|\n|upkeep\n|turn|24\n|\n|t:|1699823439\n|move|p1a: Ken Amada|Acrobatics|p2a: Toxapex\n|-damage|p2a: Toxapex|29\/100\n|move|p2a: Toxapex|Chilling Water|p1a: Ken Amada\n|-damage|p1a: Ken Amada|28\/100\n|-unboost|p1a: Ken Amada|atk|1\n|\n|-heal|p2a: Toxapex|36\/100|[from] item: Black Sludge\n|upkeep\n|turn|25\n|\n|t:|1699823446\n|move|p1a: Ken Amada|Acrobatics|p2a: Toxapex\n|-damage|p2a: Toxapex|0 fnt\n|faint|p2a: Toxapex\n|\n|upkeep\n|\n|t:|1699823447\n|switch|p2a: Sharpedo|Sharpedo, M|88\/100\n|turn|26\n|\n|t:|1699823449\n|move|p2a: Sharpedo|Protect|p2a: Sharpedo\n|-singleturn|p2a: Sharpedo|Protect\n|move|p1a: Ken Amada|Swords Dance|p1a: Ken Amada\n|-boost|p1a: Ken Amada|atk|2\n|\n|-ability|p2a: Sharpedo|Speed Boost|boost\n|-boost|p2a: Sharpedo|spe|1\n|upkeep\n|turn|27\n|\n|t:|1699823452\n|detailschange|p2a: Sharpedo|Sharpedo-Mega, M\n|-mega|p2a: Sharpedo|Sharpedo|Sharpedonite\n|move|p1a: Ken Amada|Bullet Punch|p2a: Sharpedo\n|-resisted|p2a: Sharpedo\n|-damage|p2a: Sharpedo|0 fnt\n|faint|p2a: Sharpedo\n|\n|win|Kuzwa\n|raw|Kuzwa's rating: 1323 &rarr; <strong>1342<\/strong><br \/>(+19 for winning)\n|raw|Magiquaza's rating: 1303 &rarr; <strong>1284<\/strong><br \/>(-19 for losing)\n|l|\u2606Magiquaza\n","uploadtime":1699823458,"views":4,"p1id":"kuzwa","p2id":"magiquaza","formatid":"gen9nationaldex","rating":1284,"private":0,"password":""}