{"id":"gen9nationaldex-1994965115","p1":"ianwhoismissing","p2":"Graeterrr","format":"[Gen 9] National Dex","log":"|html|<div class=\"broadcast-blue\"><strong>[Gen 9] National Dex is currently suspecting Sneasler! For information on how to participate check out the <a href=\"https:\/\/www.smogon.com\/forums\/threads\/sv-national-dex-suspect-8-just-dance.3731534\/\">suspect thread<\/a>.<\/strong><\/div>\n|j|\u2606ianwhoismissing\n|j|\u2606Graeterrr\n|t:|1700508691\n|gametype|singles\n|player|p1|ianwhoismissing|101|1073\n|player|p2|Graeterrr|crasherwake|1143\n|teamsize|p1|6\n|teamsize|p2|6\n|gen|9\n|tier|[Gen 9] National Dex\n|rated|\n|rule|HP Percentage Mod: HP is shown in percentages\n|rule|Endless Battle Clause: Forcing endless battles is banned\n|rule|OHKO Clause: OHKO moves are banned\n|rule|Evasion Clause: Evasion abilities, items, and moves are banned\n|rule|Evasion Abilities Clause: Evasion abilities are banned\n|rule|Evasion Items Clause: Evasion items are banned\n|rule|Evasion Moves Clause: Evasion moves are banned\n|rule|Species Clause: Limit one of each Pok\u00e9mon\n|rule|Sleep Clause Mod: Limit one foe put to sleep\n|clearpoke\n|poke|p1|Okidogi, M|\n|poke|p1|Galvantula, M|\n|poke|p1|Iron Valiant|\n|poke|p1|Tapu Koko|\n|poke|p1|Dragonite, F|\n|poke|p1|Aegislash, F|\n|poke|p2|Scizor, F|\n|poke|p2|Landorus-Therian, M|\n|poke|p2|Blaziken, M|\n|poke|p2|Quaquaval, F|\n|poke|p2|Lilligant-Hisui, F|\n|poke|p2|Great Tusk|\n|teampreview\n|inactive|Battle timer is ON: inactive players will automatically lose when time's up. (requested by Graeterrr)\n|\n|t:|1700508699\n|start\n|switch|p1a: Galvantula|Galvantula, M|100\/100\n|switch|p2a: Landorus|Landorus-Therian, M|100\/100\n|-ability|p2a: Landorus|Intimidate|boost\n|-unboost|p1a: Galvantula|atk|1\n|turn|1\n|\n|t:|1700508706\n|move|p1a: Galvantula|Sticky Web|p2a: Landorus\n|-sidestart|p2: Graeterrr|move: Sticky Web\n|move|p2a: Landorus|Earthquake|p1a: Galvantula\n|-enditem|p1a: Galvantula|Focus Sash\n|-damage|p1a: Galvantula|1\/100\n|\n|upkeep\n|turn|2\n|\n|t:|1700508709\n|move|p1a: Galvantula|Hidden Power|p2a: Landorus\n|-supereffective|p2a: Landorus\n|-damage|p2a: Landorus|6\/100\n|move|p2a: Landorus|Stealth Rock|p1a: Galvantula\n|-sidestart|p1: ianwhoismissing|move: Stealth Rock\n|\n|-heal|p2a: Landorus|12\/100|[from] item: Leftovers\n|upkeep\n|turn|3\n|\n|t:|1700508714\n|move|p1a: Galvantula|Hidden Power|p2a: Landorus\n|-supereffective|p2a: Landorus\n|-damage|p2a: Landorus|0 fnt\n|faint|p2a: Landorus\n|\n|upkeep\n|\n|t:|1700508716\n|switch|p2a: Scizor|Scizor, F|100\/100\n|-activate|p2a: Scizor|move: Sticky Web\n|-unboost|p2a: Scizor|spe|1\n|turn|4\n|\n|t:|1700508720\n|detailschange|p2a: Scizor|Scizor-Mega, F\n|-mega|p2a: Scizor|Scizor|Scizorite\n|move|p2a: Scizor|Bullet Punch|p1a: Galvantula\n|-resisted|p1a: Galvantula\n|-damage|p1a: Galvantula|0 fnt\n|faint|p1a: Galvantula\n|\n|upkeep\n|\n|t:|1700508730\n|switch|p1a: Okidogi|Okidogi, M|100\/100\n|-damage|p1a: Okidogi|95\/100|[from] Stealth Rock\n|turn|5\n|\n|t:|1700508735\n|move|p1a: Okidogi|Close Combat|p2a: Scizor\n|-damage|p2a: Scizor|55\/100\n|-unboost|p1a: Okidogi|def|1\n|-unboost|p1a: Okidogi|spd|1\n|move|p2a: Scizor|Pounce|p1a: Okidogi\n|-resisted|p1a: Okidogi\n|-damage|p1a: Okidogi|77\/100\n|-unboost|p1a: Okidogi|spe|1\n|\n|upkeep\n|turn|6\n|\n|t:|1700508739\n|move|p2a: Scizor|Bullet Punch|p1a: Okidogi\n|-damage|p1a: Okidogi|24\/100\n|move|p1a: Okidogi|Close Combat|p2a: Scizor\n|-damage|p2a: Scizor|12\/100\n|-unboost|p1a: Okidogi|def|1\n|-unboost|p1a: Okidogi|spd|1\n|\n|upkeep\n|turn|7\n|\n|t:|1700508742\n|move|p2a: Scizor|Bullet Punch|p1a: Okidogi\n|-damage|p1a: Okidogi|0 fnt\n|faint|p1a: Okidogi\n|\n|upkeep\n|\n|t:|1700508744\n|switch|p1a: Dragonite|Dragonite, F|100\/100\n|turn|8\n|\n|t:|1700508747\n|move|p2a: Scizor|Bullet Punch|p1a: Dragonite\n|-damage|p1a: Dragonite|81\/100\n|move|p1a: Dragonite|Dragon Dance|p1a: Dragonite\n|-boost|p1a: Dragonite|atk|1\n|-boost|p1a: Dragonite|spe|1\n|\n|upkeep\n|turn|9\n|\n|t:|1700508755\n|move|p1a: Dragonite|Extreme Speed|p2a: Scizor\n|-resisted|p2a: Scizor\n|-damage|p2a: Scizor|0 fnt\n|faint|p2a: Scizor\n|\n|upkeep\n|\n|t:|1700508759\n|switch|p2a: Great Tusk|Great Tusk|100\/100\n|-activate|p2a: Great Tusk|move: Sticky Web\n|-unboost|p2a: Great Tusk|spe|1\n|-enditem|p2a: Great Tusk|White Herb\n|-clearnegativeboost|p2a: Great Tusk|[silent]\n|turn|10\n|\n|t:|1700508767\n|-terastallize|p1a: Dragonite|Normal\n|move|p1a: Dragonite|Dragon Dance|p1a: Dragonite\n|-boost|p1a: Dragonite|atk|1\n|-boost|p1a: Dragonite|spe|1\n|move|p2a: Great Tusk|Rapid Spin|p1a: Dragonite\n|-damage|p1a: Dragonite|60\/100\n|-boost|p2a: Great Tusk|spe|1\n|-sideend|p2: Graeterrr|Sticky Web|[from] move: Rapid Spin|[of] p2a: Great Tusk\n|\n|upkeep\n|turn|11\n|\n|t:|1700508777\n|move|p1a: Dragonite|Extreme Speed|p2a: Great Tusk\n|-damage|p2a: Great Tusk|34\/100\n|move|p2a: Great Tusk|Close Combat|p1a: Dragonite\n|-supereffective|p1a: Dragonite\n|-damage|p1a: Dragonite|0 fnt\n|-unboost|p2a: Great Tusk|def|1\n|-unboost|p2a: Great Tusk|spd|1\n|faint|p1a: Dragonite\n|\n|upkeep\n|\n|t:|1700508782\n|switch|p1a: Tapu Koko|Tapu Koko|100\/100\n|-damage|p1a: Tapu Koko|88\/100|[from] Stealth Rock\n|-fieldstart|move: Electric Terrain|[from] ability: Electric Surge|[of] p1a: Tapu Koko\n|turn|12\n|\n|t:|1700508799\n|switch|p1a: Aegislash|Aegislash, F|100\/100\n|-damage|p1a: Aegislash|94\/100|[from] Stealth Rock\n|-item|p1a: Aegislash|Air Balloon\n|move|p2a: Great Tusk|Headlong Rush|p1a: Aegislash\n|-immune|p1a: Aegislash\n|\n|upkeep\n|turn|13\n|\n|t:|1700508804\n|move|p2a: Great Tusk|Knock Off|p1a: Aegislash\n|-supereffective|p1a: Aegislash\n|-damage|p1a: Aegislash|36\/100\n|-enditem|p1a: Aegislash|Air Balloon\n|move|p1a: Aegislash|Swords Dance|p1a: Aegislash\n|-boost|p1a: Aegislash|atk|2\n|\n|upkeep\n|turn|14\n|\n|t:|1700508807\n|-formechange|p1a: Aegislash|Aegislash-Blade||[from] ability: Stance Change\n|move|p1a: Aegislash|Shadow Sneak|p2a: Great Tusk\n|-damage|p2a: Great Tusk|0 fnt\n|faint|p2a: Great Tusk\n|-end|p2a: Great Tusk|Protosynthesis|[silent]\n|\n|upkeep\n|\n|t:|1700508815\n|switch|p2a: Blaziken|Blaziken, M|100\/100\n|turn|15\n|\n|t:|1700508821\n|move|p1a: Aegislash|Shadow Sneak|p2a: Blaziken\n|-damage|p2a: Blaziken|32\/100\n|move|p2a: Blaziken|Fire Punch|p1a: Aegislash\n|-supereffective|p1a: Aegislash\n|-damage|p1a: Aegislash|0 fnt\n|faint|p1a: Aegislash\n|\n|-ability|p2a: Blaziken|Speed Boost|boost\n|-boost|p2a: Blaziken|spe|1\n|upkeep\n|\n|t:|1700508830\n|switch|p1a: Iron Valiant|Iron Valiant|100\/100\n|-damage|p1a: Iron Valiant|94\/100|[from] Stealth Rock\n|-activate|p1a: Iron Valiant|ability: Quark Drive\n|-start|p1a: Iron Valiant|quarkdrivespe\n|turn|16\n|\n|t:|1700508837\n|move|p2a: Blaziken|Protect|p2a: Blaziken\n|-singleturn|p2a: Blaziken|Protect\n|move|p1a: Iron Valiant|Moonblast|p2a: Blaziken\n|-activate|p2a: Blaziken|move: Protect\n|\n|-ability|p2a: Blaziken|Speed Boost|boost\n|-boost|p2a: Blaziken|spe|1\n|upkeep\n|turn|17\n|\n|t:|1700508844\n|move|p1a: Iron Valiant|Moonblast|p2a: Blaziken\n|-crit|p2a: Blaziken\n|-damage|p2a: Blaziken|0 fnt\n|faint|p2a: Blaziken\n|-damage|p1a: Iron Valiant|85\/100|[from] item: Life Orb\n|\n|upkeep\n|\n|t:|1700508849\n|switch|p2a: Lilligant|Lilligant-Hisui, F|100\/100\n|turn|18\n|\n|t:|1700508853\n|move|p1a: Iron Valiant|Psyshock|p2a: Lilligant\n|-supereffective|p2a: Lilligant\n|-damage|p2a: Lilligant|2\/100\n|-damage|p1a: Iron Valiant|75\/100|[from] item: Life Orb\n|move|p2a: Lilligant|Victory Dance|p2a: Lilligant\n|-boost|p2a: Lilligant|atk|1\n|-boost|p2a: Lilligant|def|1\n|-boost|p2a: Lilligant|spe|1\n|\n|-heal|p2a: Lilligant|8\/100|[from] item: Leftovers\n|upkeep\n|turn|19\n|\n|t:|1700508856\n|-terastallize|p2a: Lilligant|Grass\n|move|p1a: Iron Valiant|Psyshock|p2a: Lilligant\n|-damage|p2a: Lilligant|0 fnt\n|faint|p2a: Lilligant\n|-damage|p1a: Iron Valiant|65\/100|[from] item: Life Orb\n|\n|-fieldend|move: Electric Terrain\n|-end|p1a: Iron Valiant|Quark Drive\n|upkeep\n|\n|t:|1700508861\n|switch|p2a: Quaquaval|Quaquaval, F|100\/100\n|turn|20\n|\n|t:|1700508869\n|move|p1a: Iron Valiant|Moonblast|p2a: Quaquaval\n|-supereffective|p2a: Quaquaval\n|-damage|p2a: Quaquaval|0 fnt\n|faint|p2a: Quaquaval\n|-damage|p1a: Iron Valiant|56\/100|[from] item: Life Orb\n|\n|win|ianwhoismissing\n|raw|ianwhoismissing's rating: 1073 &rarr; <strong>1108<\/strong><br \/>(+35 for winning)\n|raw|Graeterrr's rating: 1143 &rarr; <strong>1113<\/strong><br \/>(-30 for losing)\n|c|\u2606ianwhoismissing|gg\n|l|\u2606Graeterrr\n","uploadtime":1700508877,"views":2,"p1id":"ianwhoismissing","p2id":"graeterrr","formatid":"gen9nationaldex","rating":1108,"private":0,"password":""}