{"id":"gen9nationaldex-1998711129","p1":"oreoman129934","p2":"BYPPCloudy","format":"[Gen 9] National Dex","log":"|html|<div class=\"broadcast-blue\"><strong>[Gen 9] National Dex is currently suspecting Sneasler! For information on how to participate check out the <a href=\"https:\/\/www.smogon.com\/forums\/threads\/sv-national-dex-suspect-8-just-dance.3731534\/\">suspect thread<\/a>.<\/strong><\/div>\n|j|\u2606oreoman129934\n|j|\u2606BYPPCloudy\n|t:|1700976142\n|gametype|singles\n|player|p1|oreoman129934|skier|1423\n|player|p2|BYPPCloudy|leon|1327\n|teamsize|p1|6\n|teamsize|p2|6\n|gen|9\n|tier|[Gen 9] National Dex\n|rated|\n|rule|HP Percentage Mod: HP is shown in percentages\n|rule|Endless Battle Clause: Forcing endless battles is banned\n|rule|OHKO Clause: OHKO moves are banned\n|rule|Evasion Clause: Evasion abilities, items, and moves are banned\n|rule|Evasion Abilities Clause: Evasion abilities are banned\n|rule|Evasion Items Clause: Evasion items are banned\n|rule|Evasion Moves Clause: Evasion moves are banned\n|rule|Species Clause: Limit one of each Pok\u00e9mon\n|rule|Sleep Clause Mod: Limit one foe put to sleep\n|clearpoke\n|poke|p1|Tapu Koko|\n|poke|p1|Iron Moth|\n|poke|p1|Gliscor, F|\n|poke|p1|Sneasler, F|\n|poke|p1|Gyarados, F|\n|poke|p1|Garganacl, F|\n|poke|p2|Medicham, M|\n|poke|p2|Iron Valiant|\n|poke|p2|Rotom-Wash|\n|poke|p2|Tapu Koko|\n|poke|p2|Heatran, F|\n|poke|p2|Landorus-Therian, M|\n|teampreview\n|inactive|Battle timer is ON: inactive players will automatically lose when time's up. (requested by oreoman129934)\n|\n|t:|1700976153\n|start\n|switch|p1a: Gliscor|Gliscor, F|100\/100\n|switch|p2a: Medicham|Medicham, M|100\/100\n|turn|1\n|\n|t:|1700976158\n|detailschange|p2a: Medicham|Medicham-Mega, M\n|-mega|p2a: Medicham|Medicham|Medichamite\n|move|p1a: Gliscor|Protect|p1a: Gliscor\n|-singleturn|p1a: Gliscor|Protect\n|move|p2a: Medicham|Fake Out|p1a: Gliscor\n|-activate|p1a: Gliscor|move: Protect\n|\n|-status|p1a: Gliscor|tox|[from] item: Toxic Orb\n|upkeep\n|turn|2\n|\n|t:|1700976163\n|-terastallize|p1a: Gliscor|Water\n|move|p2a: Medicham|Ice Punch|p1a: Gliscor\n|-resisted|p1a: Gliscor\n|-damage|p1a: Gliscor|85\/100 tox\n|move|p1a: Gliscor|Toxic|p2a: Medicham\n|-status|p2a: Medicham|tox\n|\n|-damage|p2a: Medicham|94\/100 tox|[from] psn\n|-heal|p1a: Gliscor|98\/100 tox|[from] ability: Poison Heal\n|upkeep\n|turn|3\n|\n|t:|1700976181\n|switch|p2a: Rotom|Rotom-Wash|100\/100\n|move|p1a: Gliscor|Earthquake|p2a: Rotom\n|-immune|p2a: Rotom|[from] ability: Levitate\n|\n|-heal|p1a: Gliscor|100\/100 tox|[from] ability: Poison Heal\n|upkeep\n|turn|4\n|\n|t:|1700976194\n|switch|p2a: Landorus|Landorus-Therian, M, shiny|100\/100\n|-ability|p2a: Landorus|Intimidate|boost\n|-unboost|p1a: Gliscor|atk|1\n|move|p1a: Gliscor|Toxic|p2a: Landorus\n|-status|p2a: Landorus|tox\n|\n|-damage|p2a: Landorus|94\/100 tox|[from] psn\n|upkeep\n|turn|5\n|\n|t:|1700976201\n|switch|p2a: Tapu Koko|Tapu Koko|100\/100\n|-fieldstart|move: Electric Terrain|[from] ability: Electric Surge|[of] p2a: Tapu Koko\n|move|p1a: Gliscor|Defog|p2a: Tapu Koko\n|-unboost|p2a: Tapu Koko|evasion|1\n|-fieldend|move: Electric Terrain\n|\n|upkeep\n|turn|6\n|\n|t:|1700976214\n|move|p1a: Gliscor|Protect|p1a: Gliscor\n|-singleturn|p1a: Gliscor|Protect\n|move|p2a: Tapu Koko|Wild Charge|p1a: Gliscor\n|-activate|p1a: Gliscor|move: Protect\n|\n|upkeep\n|turn|7\n|\n|t:|1700976221\n|switch|p1a: Tapu Koko|Tapu Koko|100\/100\n|-fieldstart|move: Electric Terrain|[from] ability: Electric Surge|[of] p1a: Tapu Koko\n|move|p2a: Tapu Koko|Wild Charge|p1a: Tapu Koko\n|-resisted|p1a: Tapu Koko\n|-damage|p1a: Tapu Koko|61\/100\n|-damage|p2a: Tapu Koko|91\/100|[from] Recoil\n|\n|upkeep\n|turn|8\n|\n|t:|1700976234\n|-zpower|p2a: Tapu Koko\n|move|p2a: Tapu Koko|Gigavolt Havoc|p1a: Tapu Koko|[zeffect]\n|-resisted|p1a: Tapu Koko\n|-damage|p1a: Tapu Koko|0 fnt\n|faint|p1a: Tapu Koko\n|\n|upkeep\n|\n|t:|1700976239\n|switch|p1a: Sneasler|Sneasler, F|100\/100\n|-enditem|p1a: Sneasler|Electric Seed\n|-boost|p1a: Sneasler|def|1|[from] item: Electric Seed\n|turn|9\n|\n|t:|1700976244\n|move|p1a: Sneasler|Dire Claw|p2a: Tapu Koko\n|-supereffective|p2a: Tapu Koko\n|-damage|p2a: Tapu Koko|0 fnt\n|faint|p2a: Tapu Koko\n|\n|upkeep\n|\n|t:|1700976263\n|switch|p2a: Medicham|Medicham-Mega, M|94\/100 tox\n|turn|10\n|\n|t:|1700976267\n|move|p2a: Medicham|Fake Out|p1a: Sneasler\n|-damage|p1a: Sneasler|70\/100\n|cant|p1a: Sneasler|flinch\n|\n|-damage|p2a: Medicham|88\/100 tox|[from] psn\n|upkeep\n|turn|11\n|\n|t:|1700976275\n|switch|p2a: Heatran|Heatran, F|100\/100\n|move|p1a: Sneasler|Acrobatics|p2a: Heatran\n|-resisted|p2a: Heatran\n|-damage|p2a: Heatran|83\/100\n|\n|-heal|p2a: Heatran|89\/100|[from] item: Leftovers\n|-fieldend|move: Electric Terrain\n|upkeep\n|turn|12\n|\n|t:|1700976290\n|-terastallize|p2a: Heatran|Bug\n|move|p1a: Sneasler|Close Combat|p2a: Heatran\n|-resisted|p2a: Heatran\n|-damage|p2a: Heatran|62\/100\n|-unboost|p1a: Sneasler|def|1\n|-unboost|p1a: Sneasler|spd|1\n|move|p2a: Heatran|Earth Power|p1a: Sneasler\n|-supereffective|p1a: Sneasler\n|-damage|p1a: Sneasler|0 fnt\n|faint|p1a: Sneasler\n|\n|-heal|p2a: Heatran|68\/100|[from] item: Leftovers\n|upkeep\n|\n|t:|1700976298\n|switch|p1a: Gliscor|Gliscor, F, tera:Water|100\/100 tox\n|turn|13\n|\n|t:|1700976306\n|move|p1a: Gliscor|Toxic|p2a: Heatran|[miss]\n|-miss|p1a: Gliscor|p2a: Heatran\n|move|p2a: Heatran|Stealth Rock|p1a: Gliscor\n|-sidestart|p1: oreoman129934|move: Stealth Rock\n|\n|-heal|p2a: Heatran|75\/100|[from] item: Leftovers\n|upkeep\n|turn|14\n|c|\u2606oreoman129934|tera bug\n|c|\u2606oreoman129934|based\n|\n|t:|1700976318\n|switch|p2a: Medicham|Medicham-Mega, M|88\/100 tox\n|move|p1a: Gliscor|Defog|p2a: Medicham\n|-unboost|p2a: Medicham|evasion|1\n|-sideend|p1: oreoman129934|Stealth Rock|[from] move: Defog|[of] p1a: Gliscor\n|\n|-damage|p2a: Medicham|82\/100 tox|[from] psn\n|upkeep\n|turn|15\n|\n|t:|1700976330\n|move|p1a: Gliscor|Protect|p1a: Gliscor\n|-singleturn|p1a: Gliscor|Protect\n|move|p2a: Medicham|Fake Out|p1a: Gliscor\n|-activate|p1a: Gliscor|move: Protect\n|\n|-damage|p2a: Medicham|70\/100 tox|[from] psn\n|upkeep\n|turn|16\n|\n|t:|1700976336\n|move|p2a: Medicham|Drain Punch|p1a: Gliscor\n|-damage|p1a: Gliscor|57\/100 tox\n|-heal|p2a: Medicham|99\/100 tox|[from] drain|[of] p1a: Gliscor\n|move|p1a: Gliscor|Toxic|p2a: Medicham\n|-fail|p2a: Medicham|tox\n|\n|-damage|p2a: Medicham|81\/100 tox|[from] psn\n|-heal|p1a: Gliscor|70\/100 tox|[from] ability: Poison Heal\n|upkeep\n|turn|17\n|\n|t:|1700976343\n|move|p1a: Gliscor|Protect|p1a: Gliscor\n|-singleturn|p1a: Gliscor|Protect\n|move|p2a: Medicham|Drain Punch|p1a: Gliscor\n|-activate|p1a: Gliscor|move: Protect\n|\n|-damage|p2a: Medicham|57\/100 tox|[from] psn\n|-heal|p1a: Gliscor|82\/100 tox|[from] ability: Poison Heal\n|upkeep\n|turn|18\n|\n|t:|1700976351\n|switch|p2a: Landorus|Landorus-Therian, M, shiny|94\/100 tox\n|-ability|p2a: Landorus|Intimidate|boost\n|-unboost|p1a: Gliscor|atk|1\n|switch|p1a: Gyarados|Gyarados, F|100\/100\n|-ability|p1a: Gyarados|Intimidate|boost\n|-unboost|p2a: Landorus|atk|1\n|\n|-damage|p2a: Landorus|88\/100 tox|[from] psn\n|upkeep\n|turn|19\n|\n|t:|1700976361\n|move|p1a: Gyarados|Dragon Dance|p1a: Gyarados\n|-boost|p1a: Gyarados|atk|1\n|-boost|p1a: Gyarados|spe|1\n|move|p2a: Landorus|Smack Down|p1a: Gyarados\n|-supereffective|p1a: Gyarados\n|-crit|p1a: Gyarados\n|-damage|p1a: Gyarados|31\/100\n|-start|p1a: Gyarados|Smack Down\n|\n|-damage|p2a: Landorus|76\/100 tox|[from] psn\n|upkeep\n|turn|20\n|\n|t:|1700976386\n|switch|p2a: Heatran|Heatran, F, tera:Bug|75\/100\n|detailschange|p1a: Gyarados|Gyarados-Mega, F\n|-mega|p1a: Gyarados|Gyarados|Gyaradosite\n|-ability|p1a: Gyarados|Mold Breaker\n|move|p1a: Gyarados|Waterfall|p2a: Heatran\n|-damage|p2a: Heatran|4\/100\n|\n|-heal|p2a: Heatran|11\/100|[from] item: Leftovers\n|upkeep\n|turn|21\n|\n|t:|1700976393\n|move|p1a: Gyarados|Waterfall|p2a: Heatran\n|-damage|p2a: Heatran|0 fnt\n|faint|p2a: Heatran\n|\n|upkeep\n|\n|t:|1700976396\n|switch|p2a: Medicham|Medicham-Mega, M|57\/100 tox\n|turn|22\n|\n|t:|1700976403\n|switch|p1a: Gliscor|Gliscor, F, tera:Water|82\/100 tox\n|move|p2a: Medicham|Fake Out|p1a: Gliscor\n|-damage|p1a: Gliscor|66\/100 tox\n|\n|-damage|p2a: Medicham|50\/100 tox|[from] psn\n|-heal|p1a: Gliscor|79\/100 tox|[from] ability: Poison Heal\n|upkeep\n|turn|23\n|\n|t:|1700976412\n|switch|p2a: Landorus|Landorus-Therian, M, shiny|76\/100 tox\n|-ability|p2a: Landorus|Intimidate|boost\n|-unboost|p1a: Gliscor|atk|1\n|move|p1a: Gliscor|Toxic|p2a: Landorus\n|-fail|p2a: Landorus|tox\n|\n|-heal|p1a: Gliscor|91\/100 tox|[from] ability: Poison Heal\n|-damage|p2a: Landorus|70\/100 tox|[from] psn\n|upkeep\n|turn|24\n|\n|t:|1700976419\n|switch|p2a: Iron Valiant|Iron Valiant|100\/100\n|move|p1a: Gliscor|Toxic|p2a: Iron Valiant\n|-status|p2a: Iron Valiant|tox\n|\n|-damage|p2a: Iron Valiant|94\/100 tox|[from] psn\n|-heal|p1a: Gliscor|100\/100 tox|[from] ability: Poison Heal\n|upkeep\n|turn|25\n|\n|t:|1700976428\n|move|p2a: Iron Valiant|Thunderbolt|p1a: Gliscor\n|-supereffective|p1a: Gliscor\n|-damage|p1a: Gliscor|0 fnt\n|faint|p1a: Gliscor\n|\n|-damage|p2a: Iron Valiant|82\/100 tox|[from] psn\n|upkeep\n|\n|t:|1700976439\n|switch|p1a: Iron Moth|Iron Moth|100\/100\n|-item|p1a: Iron Moth|Air Balloon\n|turn|26\n|\n|t:|1700976465\n|move|p1a: Iron Moth|Fiery Dance|p2a: Iron Valiant\n|-damage|p2a: Iron Valiant|4\/100 tox\n|-boost|p1a: Iron Moth|spa|1\n|move|p2a: Iron Valiant|Thunderbolt|p1a: Iron Moth\n|-damage|p1a: Iron Moth|52\/100\n|-enditem|p1a: Iron Moth|Air Balloon\n|\n|-damage|p2a: Iron Valiant|0 fnt|[from] psn\n|faint|p2a: Iron Valiant\n|-end|p2a: Iron Valiant|Quark Drive|[silent]\n|upkeep\n|\n|t:|1700976472\n|switch|p2a: Rotom|Rotom-Wash|100\/100\n|turn|27\n|\n|t:|1700976479\n|move|p1a: Iron Moth|Energy Ball|p2a: Rotom\n|-supereffective|p2a: Rotom\n|-damage|p2a: Rotom|0 fnt\n|faint|p2a: Rotom\n|\n|upkeep\n|\n|t:|1700976484\n|switch|p2a: Medicham|Medicham-Mega, M|50\/100 tox\n|turn|28\n|\n|t:|1700976489\n|move|p2a: Medicham|Fake Out|p1a: Iron Moth\n|-damage|p1a: Iron Moth|7\/100\n|cant|p1a: Iron Moth|flinch\n|\n|-damage|p2a: Medicham|44\/100 tox|[from] psn\n|upkeep\n|turn|29\n|\n|t:|1700976493\n|move|p2a: Medicham|Bullet Punch|p1a: Iron Moth\n|-resisted|p1a: Iron Moth\n|-damage|p1a: Iron Moth|0 fnt\n|faint|p1a: Iron Moth\n|-end|p1a: Iron Moth|Quark Drive|[silent]\n|\n|-damage|p2a: Medicham|32\/100 tox|[from] psn\n|upkeep\n|\n|t:|1700976497\n|switch|p1a: Garganacl|Garganacl, F|100\/100\n|turn|30\n|\n|t:|1700976502\n|switch|p2a: Landorus|Landorus-Therian, M, shiny|70\/100 tox\n|-ability|p2a: Landorus|Intimidate|boost\n|-unboost|p1a: Garganacl|atk|1\n|move|p1a: Garganacl|Salt Cure|p2a: Landorus\n|-damage|p2a: Landorus|61\/100 tox\n|-start|p2a: Landorus|Salt Cure\n|\n|-damage|p2a: Landorus|55\/100 tox|[from] psn\n|-damage|p2a: Landorus|43\/100 tox|[from] Salt Cure\n|upkeep\n|turn|31\n|\n|t:|1700976506\n|move|p2a: Landorus|Earthquake|p1a: Garganacl\n|-supereffective|p1a: Garganacl\n|-damage|p1a: Garganacl|35\/100\n|move|p1a: Garganacl|Curse|p1a: Garganacl\n|-unboost|p1a: Garganacl|spe|1\n|-boost|p1a: Garganacl|atk|1\n|-boost|p1a: Garganacl|def|1\n|\n|-heal|p1a: Garganacl|41\/100|[from] item: Leftovers\n|-damage|p2a: Landorus|31\/100 tox|[from] psn\n|-damage|p2a: Landorus|19\/100 tox|[from] Salt Cure\n|upkeep\n|turn|32\n|\n|t:|1700976510\n|move|p2a: Landorus|Earthquake|p1a: Garganacl\n|-supereffective|p1a: Garganacl\n|-damage|p1a: Garganacl|0 fnt\n|faint|p1a: Garganacl\n|\n|-damage|p2a: Landorus|1\/100 tox|[from] psn\n|-damage|p2a: Landorus|0 fnt|[from] Salt Cure\n|faint|p2a: Landorus\n|upkeep\n|\n|t:|1700976514\n|switch|p2a: Medicham|Medicham-Mega, M|32\/100 tox\n|switch|p1a: Gyarados|Gyarados-Mega, F|31\/100\n|-ability|p1a: Gyarados|Mold Breaker\n|turn|33\n|\n|t:|1700976518\n|move|p2a: Medicham|Fake Out|p1a: Gyarados\n|-damage|p1a: Gyarados|5\/100\n|cant|p1a: Gyarados|flinch\n|\n|-damage|p2a: Medicham|26\/100 tox|[from] psn\n|upkeep\n|turn|34\n|\n|t:|1700976522\n|move|p2a: Medicham|Bullet Punch|p1a: Gyarados\n|-resisted|p1a: Gyarados\n|-damage|p1a: Gyarados|0 fnt\n|faint|p1a: Gyarados\n|\n|win|BYPPCloudy\n|raw|oreoman129934's rating: 1423 &rarr; <strong>1398<\/strong><br \/>(-25 for losing)\n|raw|BYPPCloudy's rating: 1327 &rarr; <strong>1352<\/strong><br \/>(+25 for winning)\n|c|\u2606oreoman129934|gg\n|l|\u2606oreoman129934\n|c|\u2606BYPPCloudy|\u3002\n|c|\u2606BYPPCloudy|gg\n","uploadtime":1700976867,"views":1,"p1id":"oreoman129934","p2id":"byppcloudy","formatid":"gen9nationaldex","rating":1352,"private":0,"password":""}