{"id":"gen9nationaldex-1999229716","p1":"Schplorth","p2":"Just Typical","format":"[Gen 9] National Dex","log":"|html|<div class=\"broadcast-blue\"><strong>[Gen 9] National Dex is currently suspecting Sneasler! For information on how to participate check out the <a href=\"https:\/\/www.smogon.com\/forums\/threads\/sv-national-dex-suspect-8-just-dance.3731534\/\">suspect thread<\/a>.<\/strong><\/div>\n|j|\u2606Schplorth\n|j|\u2606Just Typical\n|t:|1701048237\n|gametype|singles\n|player|p1|Schplorth|169|1398\n|player|p2|Just Typical|brawly|1440\n|teamsize|p1|6\n|teamsize|p2|6\n|gen|9\n|tier|[Gen 9] National Dex\n|rated|\n|rule|HP Percentage Mod: HP is shown in percentages\n|rule|Endless Battle Clause: Forcing endless battles is banned\n|rule|OHKO Clause: OHKO moves are banned\n|rule|Evasion Clause: Evasion abilities, items, and moves are banned\n|rule|Evasion Abilities Clause: Evasion abilities are banned\n|rule|Evasion Items Clause: Evasion items are banned\n|rule|Evasion Moves Clause: Evasion moves are banned\n|rule|Species Clause: Limit one of each Pok\u00e9mon\n|rule|Sleep Clause Mod: Limit one foe put to sleep\n|clearpoke\n|poke|p1|Rotom-Heat|\n|poke|p1|Whimsicott, F|\n|poke|p1|Espeon, F|\n|poke|p1|Golisopod, M|\n|poke|p1|Hawlucha, M|\n|poke|p1|Barraskewda, M|\n|poke|p2|Garchomp, M|\n|poke|p2|Araquanid, F|\n|poke|p2|Rotom-Heat|\n|poke|p2|Enamorus, F|\n|poke|p2|Heatran, M|\n|poke|p2|Medicham, F|\n|teampreview\n|\n|t:|1701048251\n|start\n|switch|p1a: Rotom|Rotom-Heat|100\/100\n|switch|p2a: OPEN FRENZY|Garchomp, M|100\/100\n|turn|1\n|\n|t:|1701048260\n|switch|p1a: Espeon|Espeon, F|100\/100\n|move|p2a: OPEN FRENZY|Stealth Rock|p1a: Espeon\n|move|p1a: Espeon|Stealth Rock|p2a: OPEN FRENZY|[from]ability: Magic Bounce\n|-sidestart|p2: Just Typical|move: Stealth Rock\n|\n|upkeep\n|turn|2\n|\n|t:|1701048271\n|move|p1a: Espeon|Psychic|p2a: OPEN FRENZY\n|-damage|p2a: OPEN FRENZY|59\/100\n|move|p2a: OPEN FRENZY|Earthquake|p1a: Espeon\n|-damage|p1a: Espeon|19\/100\n|\n|upkeep\n|turn|3\n|\n|t:|1701048281\n|switch|p1a: Rotom|Rotom-Heat|100\/100\n|move|p2a: OPEN FRENZY|Earthquake|p1a: Rotom\n|-immune|p1a: Rotom|[from] ability: Levitate\n|\n|upkeep\n|turn|4\n|\n|t:|1701048294\n|switch|p1a: Espeon|Espeon, F|19\/100\n|move|p2a: OPEN FRENZY|Stealth Rock|p1a: Espeon\n|move|p1a: Espeon|Stealth Rock||[from]ability: Magic Bounce|[still]\n|-fail|p1a: Espeon\n|\n|upkeep\n|turn|5\n|\n|t:|1701048299\n|switch|p1a: Rotom|Rotom-Heat|100\/100\n|move|p2a: OPEN FRENZY|Earthquake|p1a: Rotom\n|-immune|p1a: Rotom|[from] ability: Levitate\n|\n|upkeep\n|turn|6\n|\n|t:|1701048312\n|move|p2a: OPEN FRENZY|Stealth Rock|p1a: Rotom\n|-sidestart|p1: Schplorth|move: Stealth Rock\n|move|p1a: Rotom|Overheat|p2a: OPEN FRENZY\n|-resisted|p2a: OPEN FRENZY\n|-damage|p2a: OPEN FRENZY|30\/100\n|-unboost|p1a: Rotom|spa|2\n|-enditem|p1a: Rotom|Eject Pack\n|\n|t:|1701048321\n|switch|p1a: Espeon|Espeon, F|19\/100\n|-damage|p1a: Espeon|6\/100|[from] Stealth Rock\n|\n|upkeep\n|turn|7\n|\n|t:|1701048324\n|move|p1a: Espeon|Psychic|p2a: OPEN FRENZY\n|-damage|p2a: OPEN FRENZY|0 fnt\n|faint|p2a: OPEN FRENZY\n|\n|upkeep\n|\n|t:|1701048329\n|switch|p2a: RUDE BUSTER|Araquanid, F|100\/100\n|turn|8\n|\n|t:|1701048335\n|move|p1a: Espeon|Power Gem|p2a: RUDE BUSTER\n|-supereffective|p2a: RUDE BUSTER\n|-damage|p2a: RUDE BUSTER|66\/100\n|move|p2a: RUDE BUSTER|Liquidation|p1a: Espeon\n|-damage|p1a: Espeon|0 fnt\n|faint|p1a: Espeon\n|\n|upkeep\n|\n|t:|1701048343\n|switch|p1a: Hawlucha|Hawlucha, M|100\/100\n|-damage|p1a: Hawlucha|88\/100|[from] Stealth Rock\n|turn|9\n|\n|t:|1701048348\n|switch|p2a: Y O U R LOVE|Rotom-Heat, shiny|100\/100\n|move|p1a: Hawlucha|Swagger|p2a: Y O U R LOVE\n|-boost|p2a: Y O U R LOVE|atk|2\n|-enditem|p1a: Hawlucha|Mirror Herb\n|-boost|p1a: Hawlucha|atk|2|[from] item: Mirror Herb\n|-start|p2a: Y O U R LOVE|confusion\n|\n|upkeep\n|turn|10\n|\n|t:|1701048357\n|move|p1a: Hawlucha|Stone Edge|p2a: Y O U R LOVE\n|-supereffective|p2a: Y O U R LOVE\n|-crit|p2a: Y O U R LOVE\n|-damage|p2a: Y O U R LOVE|0 fnt\n|faint|p2a: Y O U R LOVE\n|\n|upkeep\n|\n|t:|1701048363\n|switch|p2a: HELLFIRE|Heatran, M|100\/100\n|-damage|p2a: HELLFIRE|88\/100|[from] Stealth Rock\n|turn|11\n|\n|t:|1701048368\n|move|p1a: Hawlucha|High Jump Kick|p2a: HELLFIRE\n|-supereffective|p2a: HELLFIRE\n|-damage|p2a: HELLFIRE|0 fnt\n|faint|p2a: HELLFIRE\n|\n|upkeep\n|\n|t:|1701048372\n|switch|p2a: SWEET TALK|Enamorus, F|100\/100\n|-damage|p2a: SWEET TALK|76\/100|[from] Stealth Rock\n|turn|12\n|\n|t:|1701048379\n|move|p1a: Hawlucha|Stone Edge|p2a: SWEET TALK\n|-supereffective|p2a: SWEET TALK\n|-damage|p2a: SWEET TALK|0 fnt\n|faint|p2a: SWEET TALK\n|\n|upkeep\n|\n|t:|1701048381\n|switch|p2a: WOODKID|Medicham, F|100\/100\n|-damage|p2a: WOODKID|94\/100|[from] Stealth Rock\n|turn|13\n|\n|t:|1701048386\n|detailschange|p2a: WOODKID|Medicham-Mega, F\n|-mega|p2a: WOODKID|Medicham|Medichamite\n|move|p1a: Hawlucha|Acrobatics|p2a: WOODKID\n|-supereffective|p2a: WOODKID\n|-damage|p2a: WOODKID|0 fnt\n|faint|p2a: WOODKID\n|\n|upkeep\n|-message|Just Typical forfeited.\n|\n|win|Schplorth\n|raw|Schplorth's rating: 1398 &rarr; <strong>1420<\/strong><br \/>(+22 for winning)\n|raw|Just Typical's rating: 1440 &rarr; <strong>1418<\/strong><br \/>(-22 for losing)\n|l|\u2606Just Typical\n|l|\u2606Schplorth\n|j|\u2606Schplorth\n|player|p1|Schplorth|169\n","uploadtime":1701048837,"views":8,"p1id":"schplorth","p2id":"justtypical","formatid":"gen9nationaldex","rating":1418,"private":0,"password":""}