{"id":"gen9nationaldex-1996547609","p1":"SrPorquet","p2":"cesarmiguez","format":"[Gen 9] National Dex","log":"|html|<div class=\"broadcast-blue\"><strong>[Gen 9] National Dex is currently suspecting Sneasler! For information on how to participate check out the <a href=\"https:\/\/www.smogon.com\/forums\/threads\/sv-national-dex-suspect-8-just-dance.3731534\/\">suspect thread<\/a>.<\/strong><\/div>\n|j|\u203dSrPorquet\n|j|\u2606cesarmiguez\n|t:|1700692959\n|gametype|singles\n|player|p1|SrPorquet|falkner|1359\n|player|p2|cesarmiguez|n|1326\n|teamsize|p1|6\n|teamsize|p2|6\n|gen|9\n|tier|[Gen 9] National Dex\n|rated|\n|rule|HP Percentage Mod: HP is shown in percentages\n|rule|Endless Battle Clause: Forcing endless battles is banned\n|rule|OHKO Clause: OHKO moves are banned\n|rule|Evasion Clause: Evasion abilities, items, and moves are banned\n|rule|Evasion Abilities Clause: Evasion abilities are banned\n|rule|Evasion Items Clause: Evasion items are banned\n|rule|Evasion Moves Clause: Evasion moves are banned\n|rule|Species Clause: Limit one of each Pok\u00e9mon\n|rule|Sleep Clause Mod: Limit one foe put to sleep\n|clearpoke\n|poke|p1|Pidgeot, M|\n|poke|p1|Magmortar, M|\n|poke|p1|Raichu, F|\n|poke|p1|Clefable, M|\n|poke|p1|Vileplume, M|\n|poke|p1|Politoed, M|\n|poke|p2|Blaziken, M|\n|poke|p2|Grimmsnarl, M|\n|poke|p2|Garchomp, M|\n|poke|p2|Aegislash, M|\n|poke|p2|Azumarill, F|\n|poke|p2|Alakazam, M|\n|teampreview\n|\n|t:|1700692965\n|start\n|switch|p1a: Raichu|Raichu, F|100\/100\n|switch|p2a: Garchomp|Garchomp, M|100\/100\n|turn|1\n|\n|t:|1700692971\n|move|p1a: Raichu|Play Rough|p2a: Garchomp\n|-supereffective|p2a: Garchomp\n|-damage|p2a: Garchomp|39\/100\n|-damage|p1a: Raichu|88\/100|[from] ability: Rough Skin|[of] p2a: Garchomp\n|-damage|p1a: Raichu|78\/100|[from] item: Life Orb\n|move|p2a: Garchomp|Scale Shot|p1a: Raichu\n|-damage|p1a: Raichu|54\/100\n|-damage|p1a: Raichu|28\/100\n|-hitcount|p1a: Raichu|2\n|-unboost|p2a: Garchomp|def|1\n|-boost|p2a: Garchomp|spe|1\n|\n|upkeep\n|turn|2\n|\n|t:|1700692975\n|move|p1a: Raichu|Extreme Speed|p2a: Garchomp\n|-damage|p2a: Garchomp|0 fnt\n|-damage|p1a: Raichu|16\/100|[from] ability: Rough Skin|[of] p2a: Garchomp\n|faint|p2a: Garchomp\n|-damage|p1a: Raichu|6\/100|[from] item: Life Orb\n|\n|upkeep\n|\n|t:|1700692979\n|switch|p2a: Grimmsnarl|Grimmsnarl, M|100\/100\n|turn|3\n|\n|t:|1700692984\n|move|p2a: Grimmsnarl|Reflect|p2a: Grimmsnarl\n|-sidestart|p2: cesarmiguez|Reflect\n|move|p1a: Raichu|Nuzzle|p2a: Grimmsnarl\n|-damage|p2a: Grimmsnarl|94\/100\n|-status|p2a: Grimmsnarl|par\n|-damage|p1a: Raichu|0 fnt|[from] item: Life Orb\n|faint|p1a: Raichu\n|\n|upkeep\n|\n|t:|1700692987\n|switch|p1a: Vileplume|Vileplume, M|100\/100\n|turn|4\n|\n|t:|1700692991\n|move|p2a: Grimmsnarl|Parting Shot|p1a: Vileplume\n|-unboost|p1a: Vileplume|atk|1\n|-unboost|p1a: Vileplume|spa|1\n|\n|t:|1700692995\n|switch|p2a: Aegislash|Aegislash, M|100\/100|[from] Parting Shot\n|move|p1a: Vileplume|Sludge Bomb|p2a: Aegislash\n|-immune|p2a: Aegislash\n|\n|upkeep\n|turn|5\n|\n|t:|1700693002\n|switch|p1a: Magmortar|Magmortar, M|100\/100\n|-formechange|p2a: Aegislash|Aegislash-Blade||[from] ability: Stance Change\n|move|p2a: Aegislash|Shadow Ball|p1a: Magmortar\n|-damage|p1a: Magmortar|39\/100\n|\n|upkeep\n|turn|6\n|\n|t:|1700693008\n|switch|p2a: Azumarill|Azumarill, F|100\/100\n|move|p1a: Magmortar|Thunderbolt|p2a: Azumarill\n|-supereffective|p2a: Azumarill\n|-damage|p2a: Azumarill|38\/100\n|-enditem|p2a: Azumarill|Sitrus Berry|[eat]\n|-heal|p2a: Azumarill|63\/100|[from] item: Sitrus Berry\n|\n|upkeep\n|turn|7\n|\n|t:|1700693016\n|move|p2a: Azumarill|Aqua Jet|p1a: Magmortar\n|-supereffective|p1a: Magmortar\n|-damage|p1a: Magmortar|0 fnt\n|faint|p1a: Magmortar\n|\n|upkeep\n|\n|t:|1700693024\n|switch|p1a: Vileplume|Vileplume, M|100\/100\n|turn|8\n|\n|t:|1700693029\n|move|p1a: Vileplume|Sludge Bomb|p2a: Azumarill\n|-supereffective|p2a: Azumarill\n|-damage|p2a: Azumarill|0 fnt\n|faint|p2a: Azumarill\n|\n|upkeep\n|\n|t:|1700693032\n|switch|p2a: Alakazam|Alakazam, M|100\/100\n|turn|9\n|\n|t:|1700693038\n|-terastallize|p1a: Vileplume|Steel\n|move|p2a: Alakazam|Nasty Plot|p2a: Alakazam\n|-boost|p2a: Alakazam|spa|2\n|move|p1a: Vileplume|Sludge Bomb|p2a: Alakazam\n|-damage|p2a: Alakazam|46\/100\n|-status|p2a: Alakazam|psn\n|\n|upkeep\n|turn|10\n|\n|t:|1700693043\n|move|p2a: Alakazam|Focus Blast|p1a: Vileplume\n|-supereffective|p1a: Vileplume\n|-damage|p1a: Vileplume|0 fnt\n|faint|p1a: Vileplume\n|\n|-sideend|p2: cesarmiguez|Reflect\n|upkeep\n|\n|t:|1700693049\n|switch|p1a: Pidgeot|Pidgeot, M|100\/100\n|turn|11\n|\n|t:|1700693053\n|detailschange|p1a: Pidgeot|Pidgeot-Mega, M\n|-mega|p1a: Pidgeot|Pidgeot|Pidgeotite\n|move|p1a: Pidgeot|Ominous Wind|p2a: Alakazam\n|-supereffective|p2a: Alakazam\n|-damage|p2a: Alakazam|0 fnt\n|faint|p2a: Alakazam\n|\n|upkeep\n|\n|t:|1700693060\n|switch|p2a: Blaziken|Blaziken, M|100\/100\n|turn|12\n|\n|t:|1700693063\n|-terastallize|p2a: Blaziken|Fire\n|move|p1a: Pidgeot|Hurricane|p2a: Blaziken\n|-damage|p2a: Blaziken|11\/100\n|-start|p2a: Blaziken|confusion\n|-activate|p2a: Blaziken|confusion\n|move|p2a: Blaziken|Swords Dance|p2a: Blaziken\n|-boost|p2a: Blaziken|atk|2\n|\n|-ability|p2a: Blaziken|Speed Boost|boost\n|-boost|p2a: Blaziken|spe|1\n|upkeep\n|turn|13\n|\n|t:|1700693071\n|-activate|p2a: Blaziken|confusion\n|move|p2a: Blaziken|Blaze Kick|p1a: Pidgeot\n|-damage|p1a: Pidgeot|0 fnt\n|faint|p1a: Pidgeot\n|-damage|p2a: Blaziken|1\/100|[from] item: Life Orb\n|\n|-ability|p2a: Blaziken|Speed Boost|boost\n|-boost|p2a: Blaziken|spe|1\n|upkeep\n|\n|t:|1700693077\n|switch|p1a: Politoed|Politoed, M|100\/100\n|turn|14\n|\n|t:|1700693080\n|-end|p2a: Blaziken|confusion\n|move|p2a: Blaziken|Close Combat|p1a: Politoed\n|-damage|p1a: Politoed|0 fnt\n|-unboost|p2a: Blaziken|def|1\n|-unboost|p2a: Blaziken|spd|1\n|faint|p1a: Politoed\n|-damage|p2a: Blaziken|0 fnt|[from] item: Life Orb\n|faint|p2a: Blaziken\n|\n|upkeep\n|\n|t:|1700693089\n|switch|p2a: Aegislash|Aegislash, M|100\/100\n|switch|p1a: Clefable|Clefable, M|100\/100\n|turn|15\n|\n|t:|1700693095\n|move|p1a: Clefable|Calm Mind|p1a: Clefable\n|-boost|p1a: Clefable|spa|1\n|-boost|p1a: Clefable|spd|1\n|-formechange|p2a: Aegislash|Aegislash-Blade||[from] ability: Stance Change\n|move|p2a: Aegislash|Flash Cannon|p1a: Clefable\n|-supereffective|p1a: Clefable\n|-damage|p1a: Clefable|37\/100\n|-unboost|p1a: Clefable|spd|1\n|\n|upkeep\n|turn|16\n|\n|t:|1700693099\n|move|p1a: Clefable|Flamethrower|p2a: Aegislash\n|-supereffective|p2a: Aegislash\n|-crit|p2a: Aegislash\n|-damage|p2a: Aegislash|0 fnt\n|faint|p2a: Aegislash\n|\n|upkeep\n|\n|t:|1700693104\n|switch|p2a: Grimmsnarl|Grimmsnarl, M|94\/100 par\n|turn|17\n|\n|t:|1700693106\n|move|p1a: Clefable|Soft-Boiled|p1a: Clefable\n|-heal|p1a: Clefable|88\/100\n|move|p2a: Grimmsnarl|Spirit Break|p1a: Clefable\n|-damage|p1a: Clefable|59\/100\n|-unboost|p1a: Clefable|spa|1\n|\n|upkeep\n|turn|18\n|\n|t:|1700693111\n|move|p1a: Clefable|Moonblast|p2a: Grimmsnarl\n|-supereffective|p2a: Grimmsnarl\n|-damage|p2a: Grimmsnarl|24\/100 par\n|move|p2a: Grimmsnarl|Spirit Break|p1a: Clefable\n|-crit|p1a: Clefable\n|-damage|p1a: Clefable|18\/100\n|-unboost|p1a: Clefable|spa|1\n|\n|upkeep\n|turn|19\n|-message|cesarmiguez forfeited.\n|\n|win|SrPorquet\n|raw|SrPorquet's rating: 1359 &rarr; <strong>1377<\/strong><br \/>(+18 for winning)\n|raw|cesarmiguez's rating: 1326 &rarr; <strong>1308<\/strong><br \/>(-18 for losing)\n|l|\u2606cesarmiguez\n","uploadtime":1700693122,"views":2,"p1id":"srporquet","p2id":"cesarmiguez","formatid":"gen9nationaldex","rating":1308,"private":0,"password":""}