{"id":"gen9nationaldex-1993323756","p1":"The power of ROCK","p2":"guess my avatar","format":"[Gen 9] National Dex","log":"|j|\u2606The power of ROCK\n|j|\u2606guess my avatar\n|inactive|Battle timer is ON: inactive players will automatically lose when time's up.\n|t:|1700298358\n|gametype|singles\n|player|p1|The power of ROCK|roark|\n|player|p2|guess my avatar|brendan-masters|\n|teamsize|p1|6\n|teamsize|p2|6\n|gen|9\n|tier|[Gen 9] National Dex\n|rated|Tournament battle\n|rule|HP Percentage Mod: HP is shown in percentages\n|rule|Endless Battle Clause: Forcing endless battles is banned\n|rule|OHKO Clause: OHKO moves are banned\n|rule|Evasion Clause: Evasion abilities, items, and moves are banned\n|rule|Evasion Abilities Clause: Evasion abilities are banned\n|rule|Evasion Items Clause: Evasion items are banned\n|rule|Evasion Moves Clause: Evasion moves are banned\n|rule|Species Clause: Limit one of each Pok\u00e9mon\n|rule|Sleep Clause Mod: Limit one foe put to sleep\n|clearpoke\n|poke|p1|Tyranitar, F|\n|poke|p1|Garganacl, F|\n|poke|p1|Aggron, M|\n|poke|p1|Cradily, M|\n|poke|p1|Glimmora, F|\n|poke|p1|Avalugg-Hisui, M|\n|poke|p2|Tapu Lele|\n|poke|p2|Xurkitree|\n|poke|p2|Scizor, F|\n|poke|p2|Weavile, M|\n|poke|p2|Volcarona, F|\n|poke|p2|Sneasler, M|\n|teampreview\n|inactive|guess my avatar also wants the timer to be on.\n|j| Anandnairanand\n|c|\u2606The power of ROCK|Welcome to the ROCK gym\n|c|\u2606guess my avatar|glhf\n|j| Loserest Test\n|l| Anandnairanand\n|j| LucksmanDMormon\n|c|\u2606guess my avatar|hmm interesting\n|j| DoctorFiraga\n|j| walpurgisnuit\n|c| DoctorFiraga|I LOVE MINERALS\n|inactive|The power of ROCK has 120 seconds left.\n|inactive|guess my avatar has 120 seconds left.\n|c|\u2606guess my avatar|eat salt\n|c| LucksmanDMormon|Win this to get the rock badge\n|c| DoctorFiraga|I LOVE AGGREGATIONS OF INORGANIC ATOMS\n|\n|t:|1700298413\n|start\n|switch|p1a: Glimmora|Glimmora, F|100\/100\n|switch|p2a: Sweep incoming|Xurkitree|100\/100\n|turn|1\n|c|\u2606guess my avatar|do u have a name for the badge?\n|c|\u2606The power of ROCK|the ROCK badge\n|c| LucksmanDMormon|The Power badge\n|c|\u2606guess my avatar|like mineral badge?\n|\n|t:|1700298434\n|move|p1a: Glimmora|Earth Power|p2a: Sweep incoming\n|-supereffective|p2a: Sweep incoming\n|-damage|p2a: Sweep incoming|4\/100\n|-zpower|p2a: Sweep incoming\n|move|p2a: Sweep incoming|Z-Hypnosis|p1a: Glimmora|[anim]Hypnosis|[miss]\n|-boost|p2a: Sweep incoming|spe|1|[zeffect]\n|-miss|p2a: Sweep incoming|p1a: Glimmora\n|\n|upkeep\n|turn|2\n|\n|t:|1700298443\n|switch|p1a: Tyranitar|Tyranitar, F|100\/100\n|-weather|Sandstorm|[from] ability: Sand Stream|[of] p1a: Tyranitar\n|move|p2a: Sweep incoming|Thunderbolt|p1a: Tyranitar\n|-damage|p1a: Tyranitar|83\/100\n|-status|p1a: Tyranitar|par\n|\n|-weather|Sandstorm|[upkeep]\n|-damage|p2a: Sweep incoming|0 fnt|[from] Sandstorm\n|faint|p2a: Sweep incoming\n|upkeep\n|c| DoctorFiraga|Unlucky\n|c| LucksmanDMormon|In what alternate reality do z-moves miss\n|c|\u2606guess my avatar|in this reality\n|inactive|guess my avatar has 120 seconds left.\n|\n|t:|1700298463\n|switch|p2a: Theif|Weavile, M, shiny|100\/100\n|turn|3\n|c| DoctorFiraga|I think it has like 10% miss\n|\n|t:|1700298473\n|switch|p1a: Cradily|Cradily, M|100\/100\n|move|p2a: Theif|Low Kick|p1a: Cradily\n|-supereffective|p1a: Cradily\n|-crit|p1a: Cradily\n|-damage|p1a: Cradily|48\/100\n|\n|-weather|Sandstorm|[upkeep]\n|-damage|p2a: Theif|94\/100|[from] Sandstorm\n|upkeep\n|turn|4\n|c|\u2606guess my avatar|nah 40% to miss\n|c|\u2606The power of ROCK|i mean a para and a crit\n|c|\u2606The power of ROCK|is good justice\n|c|\u2606The power of ROCK|if u ask me\n|c|\u2606guess my avatar|yup\n|inactive|The power of ROCK has 120 seconds left.\n|\n|t:|1700298503\n|move|p2a: Theif|Ice Spinner|p1a: Cradily\n|-supereffective|p1a: Cradily\n|-damage|p1a: Cradily|0 fnt\n|faint|p1a: Cradily\n|\n|-weather|Sandstorm|[upkeep]\n|-damage|p2a: Theif|88\/100|[from] Sandstorm\n|upkeep\n|inactive|The power of ROCK has 120 seconds left.\n|\n|t:|1700298513\n|switch|p1a: Aggron|Aggron, M|100\/100\n|turn|5\n|c|\u2606guess my avatar|wait why is every one here\n|\n|t:|1700298521\n|detailschange|p1a: Aggron|Aggron-Mega, M\n|-mega|p1a: Aggron|Aggron|Aggronite\n|move|p2a: Theif|Low Kick|p1a: Aggron\n|-supereffective|p1a: Aggron\n|-damage|p1a: Aggron|78\/100\n|move|p1a: Aggron|Body Press|p2a: Theif\n|-supereffective|p2a: Theif\n|-damage|p2a: Theif|0 fnt\n|faint|p2a: Theif\n|\n|-weather|Sandstorm|[upkeep]\n|upkeep\n|c|\u2606guess my avatar|no\n|c| LucksmanDMormon|Because it's the power of freaking rock dude\n|c|\u2606guess my avatar|thats my worst nitemare\n|c| DoctorFiraga|Do you say \"time to get hard\" when you mega evolve aggron or send out garg\n|\n|t:|1700298538\n|switch|p2a: Im not worst tapu|Tapu Lele, shiny|100\/100\n|-fieldstart|move: Psychic Terrain|[from] ability: Psychic Surge|[of] p2a: Im not worst tapu\n|turn|6\n|c|\u2606guess my avatar|filter\n|inactive|The power of ROCK has 120 seconds left.\n|\n|t:|1700298562\n|switch|p1a: Garganacl|Garganacl, F|100\/100\n|move|p2a: Im not worst tapu|Focus Blast|p1a: Garganacl\n|-supereffective|p1a: Garganacl\n|-damage|p1a: Garganacl|57\/100\n|-enditem|p1a: Garganacl|Maranga Berry|[eat]\n|-boost|p1a: Garganacl|spd|1|[from] item: Maranga Berry\n|\n|-weather|none\n|upkeep\n|turn|7\n|\n|t:|1700298571\n|switch|p2a: CLAWS JAWSBTBETTER|Sneasler, M|100\/100\n|-enditem|p2a: CLAWS JAWSBTBETTER|Psychic Seed\n|-boost|p2a: CLAWS JAWSBTBETTER|spd|1|[from] item: Psychic Seed\n|-terastallize|p1a: Garganacl|Ghost\n|move|p1a: Garganacl|Recover|p1a: Garganacl\n|-heal|p1a: Garganacl|100\/100\n|\n|upkeep\n|turn|8\n|\n|t:|1700298582\n|move|p2a: CLAWS JAWSBTBETTER|Swords Dance|p2a: CLAWS JAWSBTBETTER\n|-boost|p2a: CLAWS JAWSBTBETTER|atk|2\n|move|p1a: Garganacl|Iron Defense|p1a: Garganacl\n|-boost|p1a: Garganacl|def|2\n|\n|upkeep\n|turn|9\n|\n|t:|1700298588\n|move|p2a: CLAWS JAWSBTBETTER|Swords Dance|p2a: CLAWS JAWSBTBETTER\n|-boost|p2a: CLAWS JAWSBTBETTER|atk|2\n|move|p1a: Garganacl|Iron Defense|p1a: Garganacl\n|-boost|p1a: Garganacl|def|2\n|\n|upkeep\n|turn|10\n|c|\u2606guess my avatar|wait\n|c|\u2606guess my avatar|no\n|c|\u2606The power of ROCK|wut\n|\n|t:|1700298596\n|move|p2a: CLAWS JAWSBTBETTER|Dire Claw|p1a: Garganacl\n|-resisted|p1a: Garganacl\n|-damage|p1a: Garganacl|86\/100\n|move|p1a: Garganacl|Iron Defense|p1a: Garganacl\n|-boost|p1a: Garganacl|def|2\n|\n|-fieldend|move: Psychic Terrain\n|upkeep\n|turn|11\n|\n|t:|1700298602\n|move|p2a: CLAWS JAWSBTBETTER|Dire Claw|p1a: Garganacl\n|-resisted|p1a: Garganacl\n|-damage|p1a: Garganacl|74\/100\n|move|p1a: Garganacl|Salt Cure|p2a: CLAWS JAWSBTBETTER\n|-resisted|p2a: CLAWS JAWSBTBETTER\n|-damage|p2a: CLAWS JAWSBTBETTER|88\/100\n|-start|p2a: CLAWS JAWSBTBETTER|Salt Cure\n|\n|-damage|p2a: CLAWS JAWSBTBETTER|75\/100|[from] Salt Cure\n|upkeep\n|turn|12\n|c| DoctorFiraga|Gg\n|\n|t:|1700298609\n|move|p2a: CLAWS JAWSBTBETTER|Dire Claw|p1a: Garganacl\n|-resisted|p1a: Garganacl\n|-damage|p1a: Garganacl|64\/100\n|move|p1a: Garganacl|Recover|p1a: Garganacl\n|-heal|p1a: Garganacl|100\/100\n|\n|-damage|p2a: CLAWS JAWSBTBETTER|63\/100|[from] Salt Cure\n|upkeep\n|turn|13\n|c| LucksmanDMormon|Everybody is watching you blunder your Sneasler in real time\n|\n|t:|1700298615\n|move|p2a: CLAWS JAWSBTBETTER|Dire Claw|p1a: Garganacl\n|-resisted|p1a: Garganacl\n|-damage|p1a: Garganacl|89\/100\n|move|p1a: Garganacl|Body Press|p2a: CLAWS JAWSBTBETTER\n|-resisted|p2a: CLAWS JAWSBTBETTER\n|-damage|p2a: CLAWS JAWSBTBETTER|0 fnt\n|faint|p2a: CLAWS JAWSBTBETTER\n|\n|upkeep\n|c|\u2606guess my avatar|50%0 and not none got it\n|\n|t:|1700298639\n|switch|p2a: Gerald|Volcarona, F, shiny|100\/100\n|turn|14\n|c|\u2606The power of ROCK|!dt purifying salt\n|raw|<ul class=\"utilichart\"><li class=\"result\"><span class=\"col namecol\"><a href=\"https:\/\/dex.pokemonshowdown.com\/abilities\/purifyingsalt\">Purifying Salt<\/a><\/span> <span class=\"col abilitydesccol\">Ghost damage to this Pokemon dealt with a halved offensive stat; can't be statused.<\/span> <\/li><li style=\"clear:both\"><\/li><\/ul>\n|raw|<font size=\"1\"><font color=\"#686868\">Gen:<\/font> 9&nbsp;|&ThickSpace;&#10003; Ignored by Mold Breaker<\/font>\n\n|c|\u2606The power of ROCK|you cant status me\n|c|\u2606The power of ROCK|that 50% went to 0%\n|inactive|guess my avatar has 120 seconds left.\n|c|\u2606guess my avatar|oh thats an ability i forgor\n|\n|t:|1700298664\n|move|p2a: Gerald|Quiver Dance|p2a: Gerald\n|-boost|p2a: Gerald|spa|1\n|-boost|p2a: Gerald|spd|1\n|-boost|p2a: Gerald|spe|1\n|move|p1a: Garganacl|Salt Cure|p2a: Gerald\n|-supereffective|p2a: Gerald\n|-damage|p2a: Gerald|8\/100\n|-start|p2a: Gerald|Salt Cure\n|\n|-damage|p2a: Gerald|0 fnt|[from] Salt Cure\n|faint|p2a: Gerald\n|upkeep\n|c| DoctorFiraga|Rip bozo if\n|inactive|guess my avatar has 120 seconds left.\n|c| walpurgisnuit|why can nobody beat garg\n|\n|t:|1700298674\n|switch|p2a: Im not worst tapu|Tapu Lele, shiny|100\/100\n|-fieldstart|move: Psychic Terrain|[from] ability: Psychic Surge|[of] p2a: Im not worst tapu\n|turn|15\n|c|\u2606guess my avatar|idk\n|inactive|guess my avatar has 120 seconds left.\n|\n|t:|1700298682\n|move|p2a: Im not worst tapu|Psychic|p1a: Garganacl\n|-damage|p1a: Garganacl|60\/100\n|move|p1a: Garganacl|Recover|p1a: Garganacl\n|-heal|p1a: Garganacl|100\/100\n|\n|upkeep\n|turn|16\n|\n|t:|1700298688\n|move|p2a: Im not worst tapu|Psychic|p1a: Garganacl\n|-damage|p1a: Garganacl|72\/100\n|move|p1a: Garganacl|Salt Cure|p2a: Im not worst tapu\n|-damage|p2a: Im not worst tapu|78\/100\n|-start|p2a: Im not worst tapu|Salt Cure\n|\n|-damage|p2a: Im not worst tapu|66\/100|[from] Salt Cure\n|upkeep\n|turn|17\n|\n|t:|1700298694\n|move|p2a: Im not worst tapu|Psychic|p1a: Garganacl\n|-damage|p1a: Garganacl|47\/100\n|move|p1a: Garganacl|Recover|p1a: Garganacl\n|-heal|p1a: Garganacl|97\/100\n|\n|-damage|p2a: Im not worst tapu|53\/100|[from] Salt Cure\n|upkeep\n|turn|18\n|\n|t:|1700298699\n|move|p2a: Im not worst tapu|Psychic|p1a: Garganacl\n|-damage|p1a: Garganacl|68\/100\n|move|p1a: Garganacl|Body Press|p2a: Im not worst tapu\n|-resisted|p2a: Im not worst tapu\n|-damage|p2a: Im not worst tapu|21\/100\n|\n|-damage|p2a: Im not worst tapu|8\/100|[from] Salt Cure\n|upkeep\n|turn|19\n|c| LucksmanDMormon|Remind me how Garg got a SpDef boost\n|c|\u2606guess my avatar|petition for garg  to be banned\n|c|\u2606The power of ROCK|!dt maranga berry\n|raw|<ul class=\"utilichart\"><li class=\"result\"><span class=\"col itemiconcol\"><psicon item=\"marangaberry\"><\/span> <span class=\"col namecol\"><a href=\"https:\/\/dex.pokemonshowdown.com\/items\/marangaberry\">Maranga Berry<\/a><\/span> <span class=\"col itemdesccol\">Raises holder's Sp. Def by 1 stage after it is hit by a special attack. Single use.<\/span> <\/li><li style=\"clear:both\"><\/li><\/ul>\n|raw|<font size=\"1\"><font color=\"#686868\">Gen:<\/font> 6&nbsp;|&ThickSpace;<font color=\"#686868\">Fling Base Power:<\/font> 10&nbsp;|&ThickSpace;<font color=\"#686868\">Fling Effect:<\/font> Activates the Berry's effect on the target.&nbsp;|&ThickSpace;<font color=\"#686868\">Natural Gift Type:<\/font> Dark&nbsp;|&ThickSpace;<font color=\"#686868\">Natural Gift Base Power:<\/font> 100<\/font>\n\n|\n|t:|1700298713\n|move|p2a: Im not worst tapu|Psychic|p1a: Garganacl\n|-damage|p1a: Garganacl|43\/100\n|-unboost|p1a: Garganacl|spd|1\n|move|p1a: Garganacl|Recover|p1a: Garganacl\n|-heal|p1a: Garganacl|93\/100\n|\n|-damage|p2a: Im not worst tapu|0 fnt|[from] Salt Cure\n|faint|p2a: Im not worst tapu\n|-fieldend|move: Psychic Terrain\n|upkeep\n|\n|t:|1700298720\n|switch|p2a: gotta go fast|Scizor, F|100\/100\n|turn|20\n|\n|t:|1700298726\n|detailschange|p2a: gotta go fast|Scizor-Mega, F\n|-mega|p2a: gotta go fast|Scizor|Scizorite\n|move|p2a: gotta go fast|Swords Dance|p2a: gotta go fast\n|-boost|p2a: gotta go fast|atk|2\n|move|p1a: Garganacl|Salt Cure|p2a: gotta go fast\n|-damage|p2a: gotta go fast|90\/100\n|-start|p2a: gotta go fast|Salt Cure\n|\n|-damage|p2a: gotta go fast|65\/100|[from] Salt Cure\n|upkeep\n|turn|21\n|l| walpurgisnuit\n|\n|t:|1700298734\n|move|p2a: gotta go fast|Swords Dance|p2a: gotta go fast\n|-boost|p2a: gotta go fast|atk|2\n|move|p1a: Garganacl|Body Press|p2a: gotta go fast\n|-damage|p2a: gotta go fast|3\/100\n|\n|-damage|p2a: gotta go fast|0 fnt|[from] Salt Cure\n|faint|p2a: gotta go fast\n|\n|win|The power of ROCK\n|upkeep\n|n|\u2606The power of ROCK|thepowerofrock\n|n|\u2606guess my avatar|guessmyavatar\n|n| Loserest Test|loseresttest\n|n| LucksmanDMormon|lucksmandmormon\n|n| DoctorFiraga|doctorfiraga\n|c|\u2606The power of ROCK|gg : )\n|c|\u2606guess my avatar|gg\n|l|\u2606guess my avatar\n|c| LucksmanDMormon|You did not win the Power badge\n|c|\u2606The power of ROCK|ROCK badge*\n","uploadtime":1700298739,"views":8,"p1id":"thepowerofrock","p2id":"guessmyavatar","formatid":"gen9nationaldex","rating":0,"private":0,"password":""}