{"id":"gen9nationaldex-1987446834","p1":"Square K","p2":"innerlake520","format":"[Gen 9] National Dex","log":"|j|\u2606Square K\n|j|\u2606innerlake520\n|t:|1699592847\n|gametype|singles\n|player|p1|Square K|chuck|1442\n|player|p2|innerlake520|steven|1315\n|teamsize|p1|6\n|teamsize|p2|6\n|gen|9\n|tier|[Gen 9] National Dex\n|rated|\n|rule|HP Percentage Mod: HP is shown in percentages\n|rule|Endless Battle Clause: Forcing endless battles is banned\n|rule|OHKO Clause: OHKO moves are banned\n|rule|Evasion Clause: Evasion abilities, items, and moves are banned\n|rule|Evasion Abilities Clause: Evasion abilities are banned\n|rule|Evasion Items Clause: Evasion items are banned\n|rule|Evasion Moves Clause: Evasion moves are banned\n|rule|Species Clause: Limit one of each Pok\u00e9mon\n|rule|Sleep Clause Mod: Limit one foe put to sleep\n|clearpoke\n|poke|p1|Landorus-Therian, M|\n|poke|p1|Heatran, F|\n|poke|p1|Clodsire, F|\n|poke|p1|Lopunny, F|\n|poke|p1|Urshifu-*, F|\n|poke|p1|Corviknight, F|\n|poke|p2|Excadrill, M|\n|poke|p2|Hippowdon, F|\n|poke|p2|Tyranitar, F|\n|poke|p2|Gastrodon, F|\n|poke|p2|Heatran, M|\n|poke|p2|Ogerpon-Cornerstone, F|\n|teampreview\n|inactive|Battle timer is ON: inactive players will automatically lose when time's up. (requested by innerlake520)\n|\n|t:|1699592854\n|start\n|switch|p1a: \u95ea\u5149\u7684\u5f17\u83b1\u4ec0|Lopunny, F, shiny|100\/100\n|switch|p2a: Hippowdon|Hippowdon, F|100\/100\n|-weather|Sandstorm|[from] ability: Sand Stream|[of] p2a: Hippowdon\n|turn|1\n|\n|t:|1699592860\n|detailschange|p1a: \u95ea\u5149\u7684\u5f17\u83b1\u4ec0|Lopunny-Mega, F, shiny\n|-mega|p1a: \u95ea\u5149\u7684\u5f17\u83b1\u4ec0|Lopunny|Lopunnite\n|move|p1a: \u95ea\u5149\u7684\u5f17\u83b1\u4ec0|Fake Out|p2a: Hippowdon\n|-damage|p2a: Hippowdon|88\/100\n|cant|p2a: Hippowdon|flinch\n|\n|-weather|Sandstorm|[upkeep]\n|-damage|p1a: \u95ea\u5149\u7684\u5f17\u83b1\u4ec0|95\/100|[from] Sandstorm\n|upkeep\n|turn|2\n|j| ShakenJacob3\n|\n|t:|1699592872\n|move|p1a: \u95ea\u5149\u7684\u5f17\u83b1\u4ec0|U-turn|p2a: Hippowdon\n|-damage|p2a: Hippowdon|73\/100\n|\n|t:|1699592875\n|switch|p1a: king|Landorus-Therian, M|100\/100|[from] U-turn\n|-ability|p1a: king|Intimidate|boost\n|-unboost|p2a: Hippowdon|atk|1\n|move|p2a: Hippowdon|Stealth Rock|p1a: king\n|-sidestart|p1: Square K|move: Stealth Rock\n|\n|-weather|Sandstorm|[upkeep]\n|upkeep\n|turn|3\n|\n|t:|1699592885\n|move|p1a: king|Knock Off|p2a: Hippowdon\n|-damage|p2a: Hippowdon|52\/100\n|-enditem|p2a: Hippowdon|Smooth Rock|[from] move: Knock Off|[of] p1a: king\n|move|p2a: Hippowdon|Toxic|p1a: king\n|-status|p1a: king|tox\n|\n|-weather|Sandstorm|[upkeep]\n|-damage|p1a: king|94\/100 tox|[from] psn\n|upkeep\n|turn|4\n|\n|t:|1699592892\n|move|p1a: king|Earthquake|p2a: Hippowdon\n|-damage|p2a: Hippowdon|20\/100\n|move|p2a: Hippowdon|Slack Off|p2a: Hippowdon\n|-heal|p2a: Hippowdon|70\/100\n|\n|-weather|Sandstorm|[upkeep]\n|-damage|p1a: king|82\/100 tox|[from] psn\n|upkeep\n|turn|5\n|\n|t:|1699592898\n|move|p1a: king|Earthquake|p2a: Hippowdon\n|-damage|p2a: Hippowdon|35\/100\n|move|p2a: Hippowdon|Slack Off|p2a: Hippowdon\n|-heal|p2a: Hippowdon|85\/100\n|\n|-weather|Sandstorm|[upkeep]\n|-damage|p1a: king|64\/100 tox|[from] psn\n|upkeep\n|turn|6\n|\n|t:|1699592903\n|move|p1a: king|U-turn|p2a: Hippowdon\n|-damage|p2a: Hippowdon|69\/100\n|l| ShakenJacob3\n|\n|t:|1699592909\n|switch|p1a: \u94f6\u8272\u7360\u7259|Urshifu-Rapid-Strike, F|100\/100|[from] U-turn\n|-damage|p1a: \u94f6\u8272\u7360\u7259|94\/100|[from] Stealth Rock\n|move|p2a: Hippowdon|Slack Off|p2a: Hippowdon\n|-heal|p2a: Hippowdon|100\/100\n|\n|-weather|Sandstorm|[upkeep]\n|-damage|p1a: \u94f6\u8272\u7360\u7259|88\/100|[from] Sandstorm\n|upkeep\n|turn|7\n|\n|t:|1699592917\n|switch|p2a: Gastrodon|Gastrodon, F|100\/100\n|move|p1a: \u94f6\u8272\u7360\u7259|U-turn|p2a: Gastrodon\n|-damage|p2a: Gastrodon|75\/100\n|\n|t:|1699592922\n|switch|p1a: \u91d1\u5c5e\u9a91\u58eb|Heatran, F|100\/100|[from] U-turn\n|-damage|p1a: \u91d1\u5c5e\u9a91\u58eb|88\/100|[from] Stealth Rock\n|\n|-weather|Sandstorm|[upkeep]\n|-heal|p1a: \u91d1\u5c5e\u9a91\u58eb|94\/100|[from] item: Leftovers\n|upkeep\n|turn|8\n|\n|t:|1699592938\n|-terastallize|p1a: \u91d1\u5c5e\u9a91\u58eb|Grass\n|-terastallize|p2a: Gastrodon|Fire\n|move|p1a: \u91d1\u5c5e\u9a91\u58eb|Tera Blast|p2a: Gastrodon|[anim] Tera Blast Grass\n|-resisted|p2a: Gastrodon\n|-damage|p2a: Gastrodon|54\/100\n|move|p2a: Gastrodon|Hydro Pump|p1a: \u91d1\u5c5e\u9a91\u58eb\n|-resisted|p1a: \u91d1\u5c5e\u9a91\u58eb\n|-damage|p1a: \u91d1\u5c5e\u9a91\u58eb|66\/100\n|\n|-weather|none\n|-heal|p1a: \u91d1\u5c5e\u9a91\u58eb|72\/100|[from] item: Leftovers\n|upkeep\n|turn|9\n|\n|t:|1699592947\n|switch|p2a: Hippowdon|Hippowdon, F|100\/100\n|-weather|Sandstorm|[from] ability: Sand Stream|[of] p2a: Hippowdon\n|move|p1a: \u91d1\u5c5e\u9a91\u58eb|Earth Power|p2a: Hippowdon\n|-damage|p2a: Hippowdon|67\/100\n|\n|-weather|Sandstorm|[upkeep]\n|-damage|p1a: \u91d1\u5c5e\u9a91\u58eb|66\/100|[from] Sandstorm\n|-heal|p1a: \u91d1\u5c5e\u9a91\u58eb|72\/100|[from] item: Leftovers\n|upkeep\n|turn|10\n|\n|t:|1699592960\n|switch|p2a: Excadrill|Excadrill, M|100\/100\n|move|p1a: \u91d1\u5c5e\u9a91\u58eb|Tera Blast|p2a: Excadrill|[anim] Tera Blast Grass\n|-damage|p2a: Excadrill|41\/100\n|\n|-weather|Sandstorm|[upkeep]\n|-damage|p1a: \u91d1\u5c5e\u9a91\u58eb|66\/100|[from] Sandstorm\n|-heal|p1a: \u91d1\u5c5e\u9a91\u58eb|72\/100|[from] item: Leftovers\n|upkeep\n|turn|11\n|\n|t:|1699592967\n|move|p2a: Excadrill|Iron Head|p1a: \u91d1\u5c5e\u9a91\u58eb\n|-damage|p1a: \u91d1\u5c5e\u9a91\u58eb|23\/100\n|-damage|p2a: Excadrill|31\/100|[from] item: Life Orb\n|move|p1a: \u91d1\u5c5e\u9a91\u58eb|Earth Power|p2a: Excadrill\n|-supereffective|p2a: Excadrill\n|-damage|p2a: Excadrill|0 fnt\n|faint|p2a: Excadrill\n|\n|-weather|Sandstorm|[upkeep]\n|-damage|p1a: \u91d1\u5c5e\u9a91\u58eb|17\/100|[from] Sandstorm\n|-heal|p1a: \u91d1\u5c5e\u9a91\u58eb|23\/100|[from] item: Leftovers\n|upkeep\n|\n|t:|1699592975\n|switch|p2a: Heatran|Heatran, M|100\/100\n|turn|12\n|\n|t:|1699592979\n|move|p2a: Heatran|Protect|p2a: Heatran\n|-singleturn|p2a: Heatran|Protect\n|move|p1a: \u91d1\u5c5e\u9a91\u58eb|Earth Power|p2a: Heatran\n|-activate|p2a: Heatran|move: Protect\n|\n|-weather|Sandstorm|[upkeep]\n|-damage|p1a: \u91d1\u5c5e\u9a91\u58eb|17\/100|[from] Sandstorm\n|-heal|p1a: \u91d1\u5c5e\u9a91\u58eb|23\/100|[from] item: Leftovers\n|upkeep\n|turn|13\n|\n|t:|1699592988\n|switch|p2a: Ogerpon|Ogerpon-Cornerstone, F|100\/100\n|move|p1a: \u91d1\u5c5e\u9a91\u58eb|Earth Power|p2a: Ogerpon\n|-damage|p2a: Ogerpon|74\/100\n|\n|-weather|none\n|-heal|p1a: \u91d1\u5c5e\u9a91\u58eb|29\/100|[from] item: Leftovers\n|upkeep\n|turn|14\n|\n|t:|1699593002\n|switch|p1a: \u95ea\u5149\u7684\u5f17\u83b1\u4ec0|Lopunny-Mega, F, shiny|95\/100\n|-damage|p1a: \u95ea\u5149\u7684\u5f17\u83b1\u4ec0|89\/100|[from] Stealth Rock\n|move|p2a: Ogerpon|U-turn|p1a: \u95ea\u5149\u7684\u5f17\u83b1\u4ec0\n|-resisted|p1a: \u95ea\u5149\u7684\u5f17\u83b1\u4ec0\n|-damage|p1a: \u95ea\u5149\u7684\u5f17\u83b1\u4ec0|72\/100\n|\n|t:|1699593009\n|switch|p2a: Hippowdon|Hippowdon, F|67\/100|[from] U-turn\n|-weather|Sandstorm|[from] ability: Sand Stream|[of] p2a: Hippowdon\n|\n|-weather|Sandstorm|[upkeep]\n|-damage|p1a: \u95ea\u5149\u7684\u5f17\u83b1\u4ec0|66\/100|[from] Sandstorm\n|upkeep\n|turn|15\n|\n|t:|1699593016\n|move|p1a: \u95ea\u5149\u7684\u5f17\u83b1\u4ec0|Fake Out|p2a: Hippowdon\n|-damage|p2a: Hippowdon|53\/100\n|cant|p2a: Hippowdon|flinch\n|\n|-weather|Sandstorm|[upkeep]\n|-damage|p1a: \u95ea\u5149\u7684\u5f17\u83b1\u4ec0|60\/100|[from] Sandstorm\n|upkeep\n|turn|16\n|\n|t:|1699593022\n|move|p1a: \u95ea\u5149\u7684\u5f17\u83b1\u4ec0|Close Combat|p2a: Hippowdon\n|-damage|p2a: Hippowdon|13\/100\n|-unboost|p1a: \u95ea\u5149\u7684\u5f17\u83b1\u4ec0|def|1\n|-unboost|p1a: \u95ea\u5149\u7684\u5f17\u83b1\u4ec0|spd|1\n|move|p2a: Hippowdon|Slack Off|p2a: Hippowdon\n|-heal|p2a: Hippowdon|63\/100\n|\n|-weather|Sandstorm|[upkeep]\n|-damage|p1a: \u95ea\u5149\u7684\u5f17\u83b1\u4ec0|54\/100|[from] Sandstorm\n|upkeep\n|turn|17\n|\n|t:|1699593029\n|move|p1a: \u95ea\u5149\u7684\u5f17\u83b1\u4ec0|U-turn|p2a: Hippowdon\n|-damage|p2a: Hippowdon|48\/100\n|\n|t:|1699593033\n|switch|p1a: \u6b7b\u4ea1\u6539\u9020\u4eba|Corviknight, F|100\/100|[from] U-turn\n|-damage|p1a: \u6b7b\u4ea1\u6539\u9020\u4eba|88\/100|[from] Stealth Rock\n|move|p2a: Hippowdon|Toxic|p1a: \u6b7b\u4ea1\u6539\u9020\u4eba\n|-immune|p1a: \u6b7b\u4ea1\u6539\u9020\u4eba\n|\n|-weather|Sandstorm|[upkeep]\n|upkeep\n|turn|18\n|\n|t:|1699593043\n|switch|p2a: Ogerpon|Ogerpon-Cornerstone, F|74\/100\n|move|p1a: \u6b7b\u4ea1\u6539\u9020\u4eba|Iron Defense|p1a: \u6b7b\u4ea1\u6539\u9020\u4eba\n|-boost|p1a: \u6b7b\u4ea1\u6539\u9020\u4eba|def|2\n|\n|-weather|none\n|upkeep\n|turn|19\n|\n|t:|1699593051\n|move|p2a: Ogerpon|U-turn|p1a: \u6b7b\u4ea1\u6539\u9020\u4eba\n|-resisted|p1a: \u6b7b\u4ea1\u6539\u9020\u4eba\n|-damage|p1a: \u6b7b\u4ea1\u6539\u9020\u4eba|86\/100\n|-damage|p2a: Ogerpon|57\/100|[from] item: Rocky Helmet|[of] p1a: \u6b7b\u4ea1\u6539\u9020\u4eba\n|\n|t:|1699593055\n|switch|p2a: Heatran|Heatran, M|100\/100|[from] U-turn\n|move|p1a: \u6b7b\u4ea1\u6539\u9020\u4eba|Body Press|p2a: Heatran\n|-supereffective|p2a: Heatran\n|-damage|p2a: Heatran|12\/100\n|\n|-heal|p2a: Heatran|19\/100|[from] item: Leftovers\n|upkeep\n|turn|20\n|\n|t:|1699593062\n|move|p2a: Heatran|Magma Storm|p1a: \u6b7b\u4ea1\u6539\u9020\u4eba\n|-supereffective|p1a: \u6b7b\u4ea1\u6539\u9020\u4eba\n|-damage|p1a: \u6b7b\u4ea1\u6539\u9020\u4eba|5\/100\n|-activate|p1a: \u6b7b\u4ea1\u6539\u9020\u4eba|move: Magma Storm|[of] p2a: Heatran\n|move|p1a: \u6b7b\u4ea1\u6539\u9020\u4eba|Body Press|p2a: Heatran\n|-supereffective|p2a: Heatran\n|-damage|p2a: Heatran|0 fnt\n|faint|p2a: Heatran\n|\n|-end|p1a: \u6b7b\u4ea1\u6539\u9020\u4eba|Magma Storm|[partiallytrapped]|[silent]\n|upkeep\n|\n|t:|1699593067\n|switch|p2a: Tyranitar|Tyranitar, F|100\/100\n|-weather|Sandstorm|[from] ability: Sand Stream|[of] p2a: Tyranitar\n|turn|21\n|\n|t:|1699593073\n|detailschange|p2a: Tyranitar|Tyranitar-Mega, F\n|-mega|p2a: Tyranitar|Tyranitar|Tyranitarite\n|move|p2a: Tyranitar|Knock Off|p1a: \u6b7b\u4ea1\u6539\u9020\u4eba\n|-damage|p1a: \u6b7b\u4ea1\u6539\u9020\u4eba|0 fnt\n|-damage|p2a: Tyranitar|84\/100|[from] item: Rocky Helmet|[of] p1a: \u6b7b\u4ea1\u6539\u9020\u4eba\n|-enditem|p1a: \u6b7b\u4ea1\u6539\u9020\u4eba|Rocky Helmet|[from] move: Knock Off|[of] p2a: Tyranitar\n|faint|p1a: \u6b7b\u4ea1\u6539\u9020\u4eba\n|\n|-weather|Sandstorm|[upkeep]\n|upkeep\n|\n|t:|1699593079\n|switch|p1a: \u95ea\u5149\u7684\u5f17\u83b1\u4ec0|Lopunny-Mega, F, shiny|54\/100\n|-damage|p1a: \u95ea\u5149\u7684\u5f17\u83b1\u4ec0|48\/100|[from] Stealth Rock\n|turn|22\n|\n|t:|1699593092\n|switch|p2a: Hippowdon|Hippowdon, F|48\/100\n|move|p1a: \u95ea\u5149\u7684\u5f17\u83b1\u4ec0|Fake Out|p2a: Hippowdon\n|-damage|p2a: Hippowdon|35\/100\n|\n|-weather|Sandstorm|[upkeep]\n|-damage|p1a: \u95ea\u5149\u7684\u5f17\u83b1\u4ec0|42\/100|[from] Sandstorm\n|upkeep\n|turn|23\n|\n|t:|1699593098\n|move|p1a: \u95ea\u5149\u7684\u5f17\u83b1\u4ec0|Close Combat|p2a: Hippowdon\n|-damage|p2a: Hippowdon|0 fnt\n|-unboost|p1a: \u95ea\u5149\u7684\u5f17\u83b1\u4ec0|def|1\n|-unboost|p1a: \u95ea\u5149\u7684\u5f17\u83b1\u4ec0|spd|1\n|faint|p2a: Hippowdon\n|\n|-weather|Sandstorm|[upkeep]\n|-damage|p1a: \u95ea\u5149\u7684\u5f17\u83b1\u4ec0|36\/100|[from] Sandstorm\n|upkeep\n|\n|t:|1699593103\n|switch|p2a: Ogerpon|Ogerpon-Cornerstone, F|57\/100\n|turn|24\n|\n|t:|1699593111\n|switch|p1a: king|Landorus-Therian, M|64\/100 tox\n|-damage|p1a: king|52\/100 tox|[from] Stealth Rock\n|-ability|p1a: king|Intimidate|boost\n|-unboost|p2a: Ogerpon|atk|1\n|move|p2a: Ogerpon|Horn Leech|p1a: king\n|-damage|p1a: king|25\/100 tox\n|-heal|p2a: Ogerpon|75\/100|[from] drain|[of] p1a: king\n|\n|-weather|Sandstorm|[upkeep]\n|-damage|p1a: king|19\/100 tox|[from] psn\n|upkeep\n|turn|25\n|\n|t:|1699593122\n|move|p2a: Ogerpon|Horn Leech|p1a: king\n|-damage|p1a: king|0 fnt\n|-heal|p2a: Ogerpon|86\/100|[from] drain|[of] p1a: king\n|faint|p1a: king\n|\n|-weather|none\n|upkeep\n|\n|t:|1699593126\n|switch|p1a: \u95ea\u5149\u7684\u5f17\u83b1\u4ec0|Lopunny-Mega, F, shiny|36\/100\n|-damage|p1a: \u95ea\u5149\u7684\u5f17\u83b1\u4ec0|30\/100|[from] Stealth Rock\n|turn|26\n|\n|t:|1699593133\n|move|p1a: \u95ea\u5149\u7684\u5f17\u83b1\u4ec0|Fake Out|p2a: Ogerpon\n|-resisted|p2a: Ogerpon\n|-damage|p2a: Ogerpon|70\/100\n|cant|p2a: Ogerpon|flinch\n|\n|upkeep\n|turn|27\n|\n|t:|1699593137\n|move|p1a: \u95ea\u5149\u7684\u5f17\u83b1\u4ec0|Close Combat|p2a: Ogerpon\n|-supereffective|p2a: Ogerpon\n|-damage|p2a: Ogerpon|0 fnt\n|-unboost|p1a: \u95ea\u5149\u7684\u5f17\u83b1\u4ec0|def|1\n|-unboost|p1a: \u95ea\u5149\u7684\u5f17\u83b1\u4ec0|spd|1\n|faint|p2a: Ogerpon\n|\n|upkeep\n|\n|t:|1699593142\n|switch|p2a: Tyranitar|Tyranitar-Mega, F|84\/100\n|-weather|Sandstorm|[from] ability: Sand Stream|[of] p2a: Tyranitar\n|turn|28\n|\n|t:|1699593147\n|move|p1a: \u95ea\u5149\u7684\u5f17\u83b1\u4ec0|Close Combat|p2a: Tyranitar\n|-supereffective|p2a: Tyranitar\n|-damage|p2a: Tyranitar|0 fnt\n|-unboost|p1a: \u95ea\u5149\u7684\u5f17\u83b1\u4ec0|def|1\n|-unboost|p1a: \u95ea\u5149\u7684\u5f17\u83b1\u4ec0|spd|1\n|faint|p2a: Tyranitar\n|\n|-weather|Sandstorm|[upkeep]\n|-damage|p1a: \u95ea\u5149\u7684\u5f17\u83b1\u4ec0|24\/100|[from] Sandstorm\n|upkeep\n|\n|t:|1699593150\n|switch|p2a: Gastrodon|Gastrodon, F, tera:Fire|54\/100\n|turn|29\n|\n|t:|1699593160\n|move|p1a: \u95ea\u5149\u7684\u5f17\u83b1\u4ec0|U-turn|p2a: Gastrodon\n|-resisted|p2a: Gastrodon\n|-damage|p2a: Gastrodon|39\/100\n|\n|t:|1699593164\n|switch|p1a: \u732a\u795e|Clodsire, F|100\/100|[from] U-turn\n|-damage|p1a: \u732a\u795e|94\/100|[from] Stealth Rock\n|move|p2a: Gastrodon|Ice Beam|p1a: \u732a\u795e\n|-supereffective|p1a: \u732a\u795e\n|-damage|p1a: \u732a\u795e|52\/100\n|\n|-weather|Sandstorm|[upkeep]\n|-damage|p2a: Gastrodon|33\/100|[from] Sandstorm\n|-heal|p1a: \u732a\u795e|58\/100|[from] item: Black Sludge\n|upkeep\n|turn|30\n|\n|t:|1699593171\n|move|p2a: Gastrodon|Ice Beam|p1a: \u732a\u795e\n|-supereffective|p1a: \u732a\u795e\n|-damage|p1a: \u732a\u795e|13\/100\n|move|p1a: \u732a\u795e|Earthquake|p2a: Gastrodon\n|-supereffective|p2a: Gastrodon\n|-damage|p2a: Gastrodon|0 fnt\n|faint|p2a: Gastrodon\n|\n|win|Square K\n|raw|Square K's rating: 1442 &rarr; <strong>1455<\/strong><br \/>(+13 for winning)\n|raw|innerlake520's rating: 1315 &rarr; <strong>1302<\/strong><br \/>(-13 for losing)\n|l|\u2606innerlake520\n","uploadtime":1699593176,"views":6,"p1id":"squarek","p2id":"innerlake520","formatid":"gen9nationaldex","rating":1302,"private":0,"password":""}