{"id":"gen9nationaldex-1994825707","p1":"hcgfgch","p2":"GaykoTheMaid","format":"[Gen 9] National Dex","log":"|html|<div class=\"broadcast-blue\"><strong>[Gen 9] National Dex is currently suspecting Sneasler! For information on how to participate check out the <a href=\"https:\/\/www.smogon.com\/forums\/threads\/sv-national-dex-suspect-8-just-dance.3731534\/\">suspect thread<\/a>.<\/strong><\/div>\n|j|\u2606hcgfgch\n|j|\u2606GaykoTheMaid\n|t:|1700496321\n|gametype|singles\n|player|p1|hcgfgch|lady|1096\n|player|p2|GaykoTheMaid|marley|1010\n|teamsize|p1|6\n|teamsize|p2|6\n|gen|9\n|tier|[Gen 9] National Dex\n|rated|\n|rule|HP Percentage Mod: HP is shown in percentages\n|rule|Endless Battle Clause: Forcing endless battles is banned\n|rule|OHKO Clause: OHKO moves are banned\n|rule|Evasion Clause: Evasion abilities, items, and moves are banned\n|rule|Evasion Abilities Clause: Evasion abilities are banned\n|rule|Evasion Items Clause: Evasion items are banned\n|rule|Evasion Moves Clause: Evasion moves are banned\n|rule|Species Clause: Limit one of each Pok\u00e9mon\n|rule|Sleep Clause Mod: Limit one foe put to sleep\n|clearpoke\n|poke|p1|Jolteon, M|\n|poke|p1|Haxorus, M|\n|poke|p1|Gyarados, M|\n|poke|p1|Volcarona, M|\n|poke|p1|Whimsicott, L1, F|\n|poke|p1|Hippowdon, F|\n|poke|p2|Purugly, M|\n|poke|p2|Meganium, F|\n|poke|p2|Banette, F|\n|poke|p2|Grafaiai, M|\n|poke|p2|Hitmonchan, M|\n|poke|p2|Beautifly, M|\n|teampreview\n|\n|t:|1700496334\n|start\n|switch|p1a: Jolteon|Jolteon, M|100\/100\n|switch|p2a: De Vinkey|Grafaiai, M|100\/100\n|turn|1\n|inactive|Battle timer is ON: inactive players will automatically lose when time's up. (requested by hcgfgch)\n|\n|t:|1700496357\n|move|p2a: De Vinkey|Parting Shot|p1a: Jolteon\n|-unboost|p1a: Jolteon|atk|1\n|-unboost|p1a: Jolteon|spa|1\n|c|\u2606hcgfgch|glhf!\n|\n|t:|1700496375\n|switch|p2a: Churrasco|Purugly, M|100\/100|[from] Parting Shot\n|move|p1a: Jolteon|Thunderbolt|p2a: Churrasco\n|-damage|p2a: Churrasco|36\/100\n|\n|upkeep\n|turn|2\n|c|\u2606GaykoTheMaid|I'll certainly try\n|\n|t:|1700496382\n|move|p2a: Churrasco|Fake Out|p1a: Jolteon\n|-damage|p1a: Jolteon|62\/100\n|cant|p1a: Jolteon|flinch\n|\n|upkeep\n|turn|3\n|\n|t:|1700496387\n|move|p2a: Churrasco|Sucker Punch|p1a: Jolteon\n|-damage|p1a: Jolteon|29\/100\n|move|p1a: Jolteon|Thunderbolt|p2a: Churrasco\n|-damage|p2a: Churrasco|0 fnt\n|faint|p2a: Churrasco\n|\n|upkeep\n|\n|t:|1700496412\n|switch|p2a: De Vinkey|Grafaiai, M|100\/100\n|turn|4\n|\n|t:|1700496431\n|switch|p1a: Hippowdon|Hippowdon, F|100\/100\n|move|p2a: De Vinkey|Parting Shot|p1a: Hippowdon\n|-unboost|p1a: Hippowdon|atk|1\n|-unboost|p1a: Hippowdon|spa|1\n|\n|t:|1700496438\n|switch|p2a: Tytanna|Meganium, F|100\/100|[from] Parting Shot\n|\n|upkeep\n|turn|5\n|\n|t:|1700496448\n|switch|p1a: Volcarona|Volcarona, M|100\/100\n|move|p2a: Tytanna|Body Slam|p1a: Volcarona\n|-damage|p1a: Volcarona|75\/100\n|\n|upkeep\n|turn|6\n|\n|t:|1700496454\n|move|p1a: Volcarona|Quiver Dance|p1a: Volcarona\n|-boost|p1a: Volcarona|spa|1\n|-boost|p1a: Volcarona|spd|1\n|-boost|p1a: Volcarona|spe|1\n|move|p2a: Tytanna|Light Screen|p2a: Tytanna\n|-sidestart|p2: GaykoTheMaid|move: Light Screen\n|\n|upkeep\n|turn|7\n|\n|t:|1700496459\n|move|p1a: Volcarona|Fiery Dance|p2a: Tytanna\n|-supereffective|p2a: Tytanna\n|-crit|p2a: Tytanna\n|-damage|p2a: Tytanna|0 fnt\n|faint|p2a: Tytanna\n|\n|upkeep\n|\n|t:|1700496472\n|switch|p2a: De Vinkey|Grafaiai, M|100\/100\n|turn|8\n|\n|t:|1700496480\n|move|p2a: De Vinkey|Parting Shot|p1a: Volcarona\n|-unboost|p1a: Volcarona|atk|1\n|-unboost|p1a: Volcarona|spa|1\n|\n|t:|1700496487\n|switch|p2a: Zero|Hitmonchan, M|100\/100|[from] Parting Shot\n|move|p1a: Volcarona|Quiver Dance|p1a: Volcarona\n|-boost|p1a: Volcarona|spa|1\n|-boost|p1a: Volcarona|spd|1\n|-boost|p1a: Volcarona|spe|1\n|\n|upkeep\n|turn|9\n|\n|t:|1700496495\n|move|p1a: Volcarona|Fiery Dance|p2a: Zero\n|-damage|p2a: Zero|58\/100\n|-boost|p1a: Volcarona|spa|1\n|move|p2a: Zero|Power-Up Punch|p1a: Volcarona\n|-resisted|p1a: Volcarona\n|-damage|p1a: Volcarona|57\/100\n|-boost|p2a: Zero|atk|1\n|\n|upkeep\n|turn|10\n|\n|t:|1700496505\n|move|p1a: Volcarona|Fiery Dance|p2a: Zero\n|-crit|p2a: Zero\n|-damage|p2a: Zero|0 fnt\n|-boost|p1a: Volcarona|spa|1\n|faint|p2a: Zero\n|\n|-sideend|p2: GaykoTheMaid|move: Light Screen\n|upkeep\n|\n|t:|1700496512\n|switch|p2a: Mimicha|Banette, F|100\/100\n|-item|p1a: Volcarona|Heavy-Duty Boots|[from] ability: Frisk|[of] p2a: Mimicha|[identify]\n|turn|11\n|c|\u2606hcgfgch|i love   meganium too!\n|\n|t:|1700496521\n|detailschange|p2a: Mimicha|Banette-Mega, F\n|-mega|p2a: Mimicha|Banette|Banettite\n|move|p2a: Mimicha|Thunder Wave|p1a: Volcarona\n|-status|p1a: Volcarona|par\n|move|p1a: Volcarona|Giga Drain|p2a: Mimicha\n|-damage|p2a: Mimicha|8\/100\n|-heal|p1a: Volcarona|100\/100 par|[from] drain|[of] p2a: Mimicha\n|\n|upkeep\n|turn|12\n|\n|t:|1700496529\n|move|p1a: Volcarona|Fiery Dance|p2a: Mimicha\n|-damage|p2a: Mimicha|0 fnt\n|faint|p2a: Mimicha\n|\n|upkeep\n|\n|t:|1700496534\n|switch|p2a: Gabri|Beautifly, M|100\/100\n|turn|13\n|c|\u2606hcgfgch|do you also tend to use your faves\n|\n|t:|1700496546\n|move|p1a: Volcarona|Fiery Dance|p2a: Gabri\n|-supereffective|p2a: Gabri\n|-enditem|p2a: Gabri|Focus Sash\n|-damage|p2a: Gabri|1\/100\n|-boost|p1a: Volcarona|spa|1\n|move|p2a: Gabri|Bug Buzz|p1a: Volcarona\n|-resisted|p1a: Volcarona\n|-damage|p1a: Volcarona|85\/100 par\n|\n|upkeep\n|turn|14\n|c|\u2606GaykoTheMaid|No, this was a theme team\n|c|\u2606hcgfgch|Ooo\n|c|\u2606hcgfgch|What   theme ?\n|\n|t:|1700496569\n|cant|p1a: Volcarona|par\n|move|p2a: Gabri|Bug Buzz|p1a: Volcarona\n|-resisted|p1a: Volcarona\n|-crit|p1a: Volcarona\n|-damage|p1a: Volcarona|37\/100 par\n|\n|upkeep\n|turn|15\n|c|\u2606GaykoTheMaid|Just an OC i have\n|c|\u2606GaykoTheMaid|These would be the Pokemon she'd use\n|c|\u2606hcgfgch|oh  I  have  OC teams too\n|\n|t:|1700496586\n|move|p1a: Volcarona|Fiery Dance|p2a: Gabri\n|-supereffective|p2a: Gabri\n|-crit|p2a: Gabri\n|-damage|p2a: Gabri|0 fnt\n|faint|p2a: Gabri\n|\n|upkeep\n|c|\u2606GaykoTheMaid|Nice\n|\n|t:|1700496594\n|switch|p2a: De Vinkey|Grafaiai, M|100\/100\n|turn|16\n|c|\u2606hcgfgch|we should do a rematch with our OCs sometime haha\n|\n|t:|1700496602\n|move|p2a: De Vinkey|Knock Off|p1a: Volcarona\n|-damage|p1a: Volcarona|0 fnt\n|-enditem|p1a: Volcarona|Heavy-Duty Boots|[from] move: Knock Off|[of] p2a: De Vinkey\n|faint|p1a: Volcarona\n|\n|upkeep\n|c|\u2606GaykoTheMaid|Maybe, yeah\n|\n|t:|1700496609\n|switch|p1a: Haxorus|Haxorus, M, shiny|100\/100\n|-ability|p1a: Haxorus|Mold Breaker\n|turn|17\n|\n|t:|1700496616\n|move|p2a: De Vinkey|Knock Off|p1a: Haxorus\n|-damage|p1a: Haxorus|70\/100\n|-enditem|p1a: Haxorus|Focus Sash|[from] move: Knock Off|[of] p2a: De Vinkey\n|move|p1a: Haxorus|Dragon Dance|p1a: Haxorus\n|-boost|p1a: Haxorus|atk|1\n|-boost|p1a: Haxorus|spe|1\n|\n|upkeep\n|turn|18\n|\n|t:|1700496622\n|-terastallize|p1a: Haxorus|Dragon\n|move|p2a: De Vinkey|Encore|p1a: Haxorus\n|-start|p1a: Haxorus|Encore\n|move|p1a: Haxorus|Dragon Dance|p1a: Haxorus\n|-boost|p1a: Haxorus|atk|1\n|-boost|p1a: Haxorus|spe|1\n|\n|upkeep\n|turn|19\n|\n|t:|1700496630\n|switch|p1a: Gyarados|Gyarados, M|100\/100\n|-ability|p1a: Gyarados|Intimidate|boost\n|-unboost|p2a: De Vinkey|atk|1\n|move|p2a: De Vinkey|Low Kick|p1a: Gyarados\n|-resisted|p1a: Gyarados\n|-damage|p1a: Gyarados|88\/100\n|\n|upkeep\n|turn|20\n|\n|t:|1700496637\n|detailschange|p1a: Gyarados|Gyarados-Mega, M\n|-mega|p1a: Gyarados|Gyarados|Gyaradosite\n|-ability|p1a: Gyarados|Mold Breaker\n|move|p2a: De Vinkey|Knock Off|p1a: Gyarados\n|-resisted|p1a: Gyarados\n|-damage|p1a: Gyarados|82\/100\n|move|p1a: Gyarados|Earthquake|p2a: De Vinkey\n|-supereffective|p2a: De Vinkey\n|-damage|p2a: De Vinkey|0 fnt\n|faint|p2a: De Vinkey\n|\n|win|hcgfgch\n|raw|hcgfgch's rating: 1096 &rarr; <strong>1115<\/strong><br \/>(+19 for winning)\n|raw|GaykoTheMaid's rating: 1010 &rarr; <strong>1001<\/strong><br \/>(-9 for losing)\n|c|\u2606hcgfgch|gg!\n|c|\u2606GaykoTheMaid|gg!\n","uploadtime":1700496651,"views":2,"p1id":"hcgfgch","p2id":"gaykothemaid","formatid":"gen9nationaldex","rating":1001,"private":0,"password":""}