{"id":"gen9nationaldex-1988239248","p1":"AbattaMondialBeton","p2":"holmesxu","format":"[Gen 9] National Dex","log":"|j|\u2606AbattaMondialBeton\n|j|\u2606holmesxu\n|t:|1699692014\n|gametype|singles\n|player|p1|AbattaMondialBeton|lady-gen4|1698\n|player|p2|holmesxu|unknown|1706\n|teamsize|p1|6\n|teamsize|p2|6\n|gen|9\n|tier|[Gen 9] National Dex\n|rated|\n|rule|HP Percentage Mod: HP is shown in percentages\n|rule|Endless Battle Clause: Forcing endless battles is banned\n|rule|OHKO Clause: OHKO moves are banned\n|rule|Evasion Clause: Evasion abilities, items, and moves are banned\n|rule|Evasion Abilities Clause: Evasion abilities are banned\n|rule|Evasion Items Clause: Evasion items are banned\n|rule|Evasion Moves Clause: Evasion moves are banned\n|rule|Species Clause: Limit one of each Pok\u00e9mon\n|rule|Sleep Clause Mod: Limit one foe put to sleep\n|clearpoke\n|poke|p1|Azumarill, M|\n|poke|p1|Greninja-*, M|\n|poke|p1|Cresselia, F|\n|poke|p1|Diancie|\n|poke|p1|Garchomp, M|\n|poke|p1|Dondozo, M|\n|poke|p2|Greninja-*, M|\n|poke|p2|Swampert, M|\n|poke|p2|Pelipper, M|\n|poke|p2|Ferrothorn, M|\n|poke|p2|Tapu Lele|\n|poke|p2|Zapdos|\n|teampreview\n|inactive|Battle timer is ON: inactive players will automatically lose when time's up. (requested by AbattaMondialBeton)\n|\n|t:|1699692080\n|start\n|switch|p1a: Greninja|Greninja, M|100\/100\n|switch|p2a: Ferrothorn|Ferrothorn, M|100\/100\n|turn|1\n|\n|t:|1699692104\n|switch|p1a: Dondozo|Dondozo, M|100\/100\n|move|p2a: Ferrothorn|Stealth Rock|p1a: Dondozo\n|-sidestart|p1: AbattaMondialBeton|move: Stealth Rock\n|\n|upkeep\n|turn|2\n|\n|t:|1699692111\n|switch|p1a: Diancie|Diancie|100\/100\n|-damage|p1a: Diancie|88\/100|[from] Stealth Rock\n|move|p2a: Ferrothorn|Leech Seed|p1a: Diancie\n|-start|p1a: Diancie|move: Leech Seed\n|\n|-damage|p1a: Diancie|76\/100|[from] Leech Seed|[of] p2a: Ferrothorn\n|upkeep\n|turn|3\n|\n|t:|1699692121\n|switch|p1a: Garchomp|Garchomp, M|100\/100\n|-damage|p1a: Garchomp|94\/100|[from] Stealth Rock\n|move|p2a: Ferrothorn|Gyro Ball|p1a: Garchomp\n|-damage|p1a: Garchomp|43\/100\n|-damage|p2a: Ferrothorn|88\/100|[from] ability: Rough Skin|[of] p1a: Garchomp\n|\n|-heal|p2a: Ferrothorn|94\/100|[from] item: Leftovers\n|upkeep\n|turn|4\n|\n|t:|1699692132\n|move|p1a: Garchomp|Stealth Rock|p2a: Ferrothorn\n|-sidestart|p2: holmesxu|move: Stealth Rock\n|move|p2a: Ferrothorn|Gyro Ball|p1a: Garchomp\n|-damage|p1a: Garchomp|0 fnt\n|-damage|p2a: Ferrothorn|82\/100|[from] ability: Rough Skin|[of] p1a: Garchomp\n|faint|p1a: Garchomp\n|\n|-heal|p2a: Ferrothorn|88\/100|[from] item: Leftovers\n|upkeep\n|\n|t:|1699692146\n|switch|p1a: Cresselia|Cresselia, F|100\/100\n|-damage|p1a: Cresselia|88\/100|[from] Stealth Rock\n|turn|5\n|\n|t:|1699692164\n|switch|p2a: Pelipper|Pelipper, M|100\/100\n|-damage|p2a: Pelipper|76\/100|[from] Stealth Rock\n|-weather|RainDance|[from] ability: Drizzle|[of] p2a: Pelipper\n|move|p1a: Cresselia|Substitute|p1a: Cresselia\n|-start|p1a: Cresselia|Substitute\n|-damage|p1a: Cresselia|63\/100\n|\n|-weather|RainDance|[upkeep]\n|upkeep\n|turn|6\n|\n|t:|1699692174\n|move|p1a: Cresselia|Calm Mind|p1a: Cresselia\n|-boost|p1a: Cresselia|spa|1\n|-boost|p1a: Cresselia|spd|1\n|move|p2a: Pelipper|U-turn|p1a: Cresselia\n|-supereffective|p1a: Cresselia\n|-activate|p1a: Cresselia|move: Substitute|[damage]\n|\n|t:|1699692177\n|switch|p2a: Swampert|Swampert, M|100\/100|[from] U-turn\n|-damage|p2a: Swampert|94\/100|[from] Stealth Rock\n|\n|-weather|RainDance|[upkeep]\n|upkeep\n|turn|7\n|\n|t:|1699692186\n|detailschange|p2a: Swampert|Swampert-Mega, M\n|-mega|p2a: Swampert|Swampert|Swampertite\n|move|p2a: Swampert|Waterfall|p1a: Cresselia\n|-end|p1a: Cresselia|Substitute\n|move|p1a: Cresselia|Psyshock|p2a: Swampert\n|-damage|p2a: Swampert|64\/100\n|\n|-weather|RainDance|[upkeep]\n|upkeep\n|turn|8\n|\n|t:|1699692198\n|move|p2a: Swampert|Waterfall|p1a: Cresselia\n|-damage|p1a: Cresselia|29\/100\n|-damage|p2a: Swampert|47\/100|[from] item: Rocky Helmet|[of] p1a: Cresselia\n|cant|p1a: Cresselia|flinch\n|\n|-weather|RainDance|[upkeep]\n|upkeep\n|turn|9\n|\n|t:|1699692206\n|move|p2a: Swampert|Waterfall|p1a: Cresselia\n|-damage|p1a: Cresselia|0 fnt\n|-damage|p2a: Swampert|31\/100|[from] item: Rocky Helmet|[of] p1a: Cresselia\n|faint|p1a: Cresselia\n|\n|-weather|RainDance|[upkeep]\n|upkeep\n|\n|t:|1699692213\n|switch|p1a: Azumarill|Azumarill, M|100\/100\n|-damage|p1a: Azumarill|88\/100|[from] Stealth Rock\n|turn|10\n|\n|t:|1699692218\n|switch|p2a: Tapu Lele|Tapu Lele, shiny|100\/100\n|-damage|p2a: Tapu Lele|88\/100|[from] Stealth Rock\n|-fieldstart|move: Psychic Terrain|[from] ability: Psychic Surge|[of] p2a: Tapu Lele\n|move|p1a: Azumarill|Liquidation|p2a: Tapu Lele\n|-damage|p2a: Tapu Lele|0 fnt\n|faint|p2a: Tapu Lele\n|\n|-weather|RainDance|[upkeep]\n|upkeep\n|\n|t:|1699692223\n|switch|p2a: Ferrothorn|Ferrothorn, M|88\/100\n|-damage|p2a: Ferrothorn|82\/100|[from] Stealth Rock\n|turn|11\n|\n|t:|1699692232\n|move|p1a: Azumarill|Liquidation|p2a: Ferrothorn\n|-resisted|p2a: Ferrothorn\n|-damage|p2a: Ferrothorn|44\/100\n|-damage|p1a: Azumarill|76\/100|[from] ability: Iron Barbs|[of] p2a: Ferrothorn\n|move|p2a: Ferrothorn|Leech Seed|p1a: Azumarill\n|-start|p1a: Azumarill|move: Leech Seed\n|\n|-weather|RainDance|[upkeep]\n|-heal|p2a: Ferrothorn|50\/100|[from] item: Leftovers\n|-damage|p1a: Azumarill|64\/100|[from] Leech Seed|[of] p2a: Ferrothorn\n|-heal|p2a: Ferrothorn|62\/100|[silent]\n|upkeep\n|turn|12\n|\n|t:|1699692244\n|move|p1a: Azumarill|Liquidation|p2a: Ferrothorn\n|-resisted|p2a: Ferrothorn\n|-damage|p2a: Ferrothorn|25\/100\n|-damage|p1a: Azumarill|51\/100|[from] ability: Iron Barbs|[of] p2a: Ferrothorn\n|move|p2a: Ferrothorn|Gyro Ball|p1a: Azumarill\n|-damage|p1a: Azumarill|4\/100\n|\n|-weather|none\n|-heal|p2a: Ferrothorn|31\/100|[from] item: Leftovers\n|-damage|p1a: Azumarill|0 fnt|[from] Leech Seed|[of] p2a: Ferrothorn\n|-heal|p2a: Ferrothorn|34\/100|[silent]\n|faint|p1a: Azumarill\n|upkeep\n|\n|t:|1699692257\n|switch|p1a: Greninja|Greninja, M|100\/100\n|-damage|p1a: Greninja|88\/100|[from] Stealth Rock\n|turn|13\n|\n|t:|1699692263\n|switch|p2a: Greninja|Greninja, M|100\/100\n|-damage|p2a: Greninja|88\/100|[from] Stealth Rock\n|move|p1a: Greninja|Dark Pulse|p2a: Greninja\n|-resisted|p2a: Greninja\n|-damage|p2a: Greninja|46\/100\n|\n|upkeep\n|turn|14\n|\n|t:|1699692280\n|switch|p1a: Dondozo|Dondozo, M|100\/100\n|-damage|p1a: Dondozo|88\/100|[from] Stealth Rock\n|move|p2a: Greninja|Hydro Pump|p1a: Dondozo\n|-resisted|p1a: Dondozo\n|-damage|p1a: Dondozo|67\/100\n|-damage|p2a: Greninja|36\/100|[from] item: Life Orb\n|\n|-heal|p1a: Dondozo|73\/100|[from] item: Leftovers\n|-fieldend|move: Psychic Terrain\n|upkeep\n|turn|15\n|\n|t:|1699692294\n|move|p2a: Greninja|Grass Knot|p1a: Dondozo\n|-supereffective|p1a: Dondozo\n|-damage|p1a: Dondozo|3\/100\n|-damage|p2a: Greninja|26\/100|[from] item: Life Orb\n|move|p1a: Dondozo|Curse|p1a: Dondozo\n|-unboost|p1a: Dondozo|spe|1\n|-boost|p1a: Dondozo|atk|1\n|-boost|p1a: Dondozo|def|1\n|\n|-heal|p1a: Dondozo|9\/100|[from] item: Leftovers\n|upkeep\n|turn|16\n|\n|t:|1699692322\n|move|p2a: Greninja|Grass Knot|p1a: Dondozo\n|-supereffective|p1a: Dondozo\n|-damage|p1a: Dondozo|0 fnt\n|faint|p1a: Dondozo\n|-ability|p2a: Greninja|Battle Bond|boost\n|-boost|p2a: Greninja|atk|1\n|-boost|p2a: Greninja|spa|1\n|-boost|p2a: Greninja|spe|1\n|-activate|p2a: Greninja|ability: Battle Bond\n|-damage|p2a: Greninja|17\/100|[from] item: Life Orb\n|\n|upkeep\n|\n|t:|1699692331\n|switch|p1a: Greninja|Greninja, M|88\/100\n|-damage|p1a: Greninja|76\/100|[from] Stealth Rock\n|turn|17\n|\n|t:|1699692342\n|move|p1a: Greninja|Water Shuriken|p2a: Greninja\n|-resisted|p2a: Greninja\n|-damage|p2a: Greninja|9\/100\n|-resisted|p2a: Greninja\n|-damage|p2a: Greninja|0 fnt\n|faint|p2a: Greninja\n|-ability|p1a: Greninja|Battle Bond|boost\n|-boost|p1a: Greninja|atk|1\n|-boost|p1a: Greninja|spa|1\n|-boost|p1a: Greninja|spe|1\n|-activate|p1a: Greninja|ability: Battle Bond\n|-hitcount|p2: Greninja|2\n|\n|upkeep\n|\n|t:|1699692352\n|switch|p2a: Zapdos|Zapdos|100\/100\n|turn|18\n|\n|t:|1699692363\n|switch|p1a: Diancie|Diancie|76\/100\n|-damage|p1a: Diancie|63\/100|[from] Stealth Rock\n|move|p2a: Zapdos|Volt Switch|p1a: Diancie\n|-damage|p1a: Diancie|31\/100\n|\n|t:|1699692366\n|switch|p2a: Pelipper|Pelipper, M|76\/100|[from] Volt Switch\n|-damage|p2a: Pelipper|51\/100|[from] Stealth Rock\n|-weather|RainDance|[from] ability: Drizzle|[of] p2a: Pelipper\n|\n|-weather|RainDance|[upkeep]\n|upkeep\n|turn|19\n|\n|t:|1699692378\n|detailschange|p1a: Diancie|Diancie-Mega\n|-mega|p1a: Diancie|Diancie|Diancite\n|move|p1a: Diancie|Moonblast|p2a: Pelipper\n|-damage|p2a: Pelipper|0 fnt\n|faint|p2a: Pelipper\n|\n|-weather|RainDance|[upkeep]\n|upkeep\n|\n|t:|1699692381\n|switch|p2a: Swampert|Swampert-Mega, M|31\/100\n|-damage|p2a: Swampert|25\/100|[from] Stealth Rock\n|turn|20\n|\n|t:|1699692391\n|move|p2a: Swampert|Waterfall|p1a: Diancie\n|-supereffective|p1a: Diancie\n|-damage|p1a: Diancie|0 fnt\n|faint|p1a: Diancie\n|\n|-weather|RainDance|[upkeep]\n|upkeep\n|\n|t:|1699692398\n|switch|p1a: Greninja|Greninja, M|76\/100\n|-damage|p1a: Greninja|64\/100|[from] Stealth Rock\n|turn|21\n|\n|t:|1699692406\n|-terastallize|p1a: Greninja|Water\n|move|p1a: Greninja|Water Shuriken|p2a: Swampert\n|-damage|p2a: Swampert|4\/100\n|-damage|p2a: Swampert|0 fnt\n|faint|p2a: Swampert\n|-hitcount|p2: Swampert|2\n|\n|-weather|RainDance|[upkeep]\n|upkeep\n|\n|t:|1699692409\n|switch|p2a: Ferrothorn|Ferrothorn, M|34\/100\n|-damage|p2a: Ferrothorn|28\/100|[from] Stealth Rock\n|turn|22\n|\n|t:|1699692418\n|move|p1a: Greninja|Water Shuriken|p2a: Ferrothorn\n|-resisted|p2a: Ferrothorn\n|-damage|p2a: Ferrothorn|19\/100\n|-resisted|p2a: Ferrothorn\n|-damage|p2a: Ferrothorn|9\/100\n|-resisted|p2a: Ferrothorn\n|-damage|p2a: Ferrothorn|0 fnt\n|faint|p2a: Ferrothorn\n|-hitcount|p2: Ferrothorn|3\n|\n|-weather|RainDance|[upkeep]\n|upkeep\n|\n|t:|1699692421\n|switch|p2a: Zapdos|Zapdos|100\/100\n|turn|23\n|\n|t:|1699692430\n|move|p1a: Greninja|Water Shuriken|p2a: Zapdos\n|-damage|p2a: Zapdos|76\/100\n|-damage|p2a: Zapdos|52\/100\n|-crit|p2a: Zapdos\n|-damage|p2a: Zapdos|13\/100\n|-damage|p2a: Zapdos|0 fnt\n|faint|p2a: Zapdos\n|-hitcount|p2: Zapdos|4\n|\n|win|AbattaMondialBeton\n|raw|AbattaMondialBeton's rating: 1698 &rarr; <strong>1718<\/strong><br \/>(+20 for winning)\n|raw|holmesxu's rating: 1706 &rarr; <strong>1686<\/strong><br \/>(-20 for losing)\n","uploadtime":1699692442,"views":4,"p1id":"abattamondialbeton","p2id":"holmesxu","formatid":"gen9nationaldex","rating":1686,"private":0,"password":""}