{"id":"gen9nationaldex-1999018441","p1":"Sstivii","p2":"BuccaneerTPDPurge","format":"[Gen 9] National Dex","log":"|html|<div class=\"broadcast-blue\"><strong>[Gen 9] National Dex is currently suspecting Sneasler! For information on how to participate check out the <a href=\"https:\/\/www.smogon.com\/forums\/threads\/sv-national-dex-suspect-8-just-dance.3731534\/\">suspect thread<\/a>.<\/strong><\/div>\n|j|\u2606Sstivii\n|j|\u2606BuccaneerTPDPurge\n|t:|1701024425\n|gametype|singles\n|player|p1|Sstivii|n|1301\n|player|p2|BuccaneerTPDPurge|artist|1335\n|teamsize|p1|5\n|teamsize|p2|6\n|gen|9\n|tier|[Gen 9] National Dex\n|rated|\n|rule|HP Percentage Mod: HP is shown in percentages\n|rule|Endless Battle Clause: Forcing endless battles is banned\n|rule|OHKO Clause: OHKO moves are banned\n|rule|Evasion Clause: Evasion abilities, items, and moves are banned\n|rule|Evasion Abilities Clause: Evasion abilities are banned\n|rule|Evasion Items Clause: Evasion items are banned\n|rule|Evasion Moves Clause: Evasion moves are banned\n|rule|Species Clause: Limit one of each Pok\u00e9mon\n|rule|Sleep Clause Mod: Limit one foe put to sleep\n|clearpoke\n|poke|p1|Moltres|\n|poke|p1|Aegislash, M|\n|poke|p1|Clodsire, M|\n|poke|p1|Politoed, F|\n|poke|p1|Ogerpon, F|\n|poke|p2|Beedrill, M|\n|poke|p2|Sneasler, M|\n|poke|p2|Munkidori, M|\n|poke|p2|Nidoking, M|\n|poke|p2|Glimmora, M|\n|poke|p2|Drapion, M|\n|teampreview\n|inactive|Battle timer is ON: inactive players will automatically lose when time's up. (requested by Sstivii)\n|c|\u2606BuccaneerTPDPurge|i see.... was there no need for five?\n|inactive|Sstivii has 120 seconds left.\n|c|\u2606BuccaneerTPDPurge|sixth i mean\n|inactive|Sstivii has 90 seconds left.\n|c|\u2606BuccaneerTPDPurge|i feel like you should try drapion for the final spot\n|inactive|Sstivii has 60 seconds left.\n|c|\u2606BuccaneerTPDPurge|but is there like only physical atckers\n|inactive|Sstivii has 30 seconds left.\n|c|\u2606BuccaneerTPDPurge|moltres, poli, aegi could be special though\n|\n|t:|1701024555\n|start\n|switch|p1a: Moltres|Moltres|100\/100\n|switch|p2a: GlimaticoPurge|Glimmora, M|100\/100\n|-item|p2a: GlimaticoPurge|Air Balloon\n|turn|1\n|inactive|Sstivii has 90 seconds left.\n|\n|t:|1701024567\n|move|p2a: GlimaticoPurge|Stealth Rock|p1a: Moltres\n|-sidestart|p1: Sstivii|move: Stealth Rock\n|move|p1a: Moltres|U-turn|p2a: GlimaticoPurge\n|-resisted|p2a: GlimaticoPurge\n|-damage|p2a: GlimaticoPurge|93\/100\n|-activate|p2a: GlimaticoPurge|ability: Toxic Debris\n|-sidestart|p1: Sstivii|move: Toxic Spikes\n|-enditem|p2a: GlimaticoPurge|Air Balloon\n|c|\u2606BuccaneerTPDPurge|is it special then lets see\n|\n|t:|1701024575\n|switch|p1a: Clodsire|Clodsire, M|100\/100|[from] U-turn\n|-damage|p1a: Clodsire|94\/100|[from] Stealth Rock\n|-sideend|p1: Sstivii|move: Toxic Spikes|[of] p1a: Clodsire\n|\n|-heal|p1a: Clodsire|100\/100|[from] item: Black Sludge\n|upkeep\n|turn|2\n|inactive|Sstivii has 90 seconds left.\n|\n|t:|1701024582\n|switch|p2a: SimpVonPurge|Munkidori, M|100\/100\n|-item|p1a: Clodsire|Black Sludge|[from] ability: Frisk|[of] p2a: SimpVonPurge|[identify]\n|move|p1a: Clodsire|Stealth Rock|p2a: SimpVonPurge\n|-sidestart|p2: BuccaneerTPDPurge|move: Stealth Rock\n|\n|upkeep\n|turn|3\n|\n|t:|1701024590\n|switch|p1a: Aegislash|Aegislash, M|100\/100\n|-damage|p1a: Aegislash|94\/100|[from] Stealth Rock\n|move|p2a: SimpVonPurge|Trick|p1a: Aegislash\n|-activate|p2a: SimpVonPurge|move: Trick|[of] p1a: Aegislash\n|-item|p1a: Aegislash|Choice Scarf|[from] move: Trick\n|-item|p2a: SimpVonPurge|Leftovers|[from] move: Trick\n|\n|upkeep\n|turn|4\n|\n|t:|1701024601\n|-terastallize|p2a: SimpVonPurge|Fire\n|move|p2a: SimpVonPurge|Tera Blast|p1a: Aegislash|[anim] Tera Blast Fire\n|-supereffective|p1a: Aegislash\n|-damage|p1a: Aegislash|25\/100\n|-formechange|p1a: Aegislash|Aegislash-Blade||[from] ability: Stance Change\n|move|p1a: Aegislash|Flash Cannon|p2a: SimpVonPurge\n|-resisted|p2a: SimpVonPurge\n|-damage|p2a: SimpVonPurge|74\/100\n|\n|-heal|p2a: SimpVonPurge|80\/100|[from] item: Leftovers\n|upkeep\n|turn|5\n|c|\u2606BuccaneerTPDPurge|hmmm\n|\n|t:|1701024608\n|move|p2a: SimpVonPurge|Psychic|p1a: Aegislash\n|-resisted|p1a: Aegislash\n|-damage|p1a: Aegislash|0 fnt\n|faint|p1a: Aegislash\n|\n|-heal|p2a: SimpVonPurge|86\/100|[from] item: Leftovers\n|upkeep\n|\n|t:|1701024611\n|switch|p1a: Moltres|Moltres|100\/100\n|turn|6\n|\n|t:|1701024619\n|move|p2a: SimpVonPurge|Psychic|p1a: Moltres\n|-damage|p1a: Moltres|61\/100\n|move|p1a: Moltres|Scorching Sands|p2a: SimpVonPurge\n|-supereffective|p2a: SimpVonPurge\n|-damage|p2a: SimpVonPurge|42\/100\n|\n|-heal|p2a: SimpVonPurge|48\/100|[from] item: Leftovers\n|upkeep\n|turn|7\n|c|\u2606BuccaneerTPDPurge|so aegi was special\n|c|\u2606BuccaneerTPDPurge|and also moltres\n|\n|t:|1701024639\n|move|p2a: SimpVonPurge|Psychic|p1a: Moltres\n|-damage|p1a: Moltres|24\/100\n|move|p1a: Moltres|Mystical Fire|p2a: SimpVonPurge\n|-resisted|p2a: SimpVonPurge\n|-damage|p2a: SimpVonPurge|30\/100\n|-unboost|p2a: SimpVonPurge|spa|1\n|\n|-heal|p2a: SimpVonPurge|36\/100|[from] item: Leftovers\n|upkeep\n|turn|8\n|inactive|Sstivii has 120 seconds left.\n|c|\u2606BuccaneerTPDPurge|is this specs then?\n|\n|t:|1701024648\n|move|p2a: SimpVonPurge|Psychic|p1a: Moltres\n|-damage|p1a: Moltres|0 fnt\n|faint|p1a: Moltres\n|\n|-heal|p2a: SimpVonPurge|42\/100|[from] item: Leftovers\n|upkeep\n|c|\u2606BuccaneerTPDPurge|no\n|inactive|Sstivii has 120 seconds left.\n|\n|t:|1701024655\n|switch|p1a: Ogerpon|Ogerpon, F|100\/100\n|-damage|p1a: Ogerpon|88\/100|[from] Stealth Rock\n|turn|9\n|c|\u2606BuccaneerTPDPurge|it is not\n|j| Twintail_Fetish\n|\n|t:|1701024661\n|move|p1a: Ogerpon|Swords Dance|p1a: Ogerpon\n|-boost|p1a: Ogerpon|atk|2\n|move|p2a: SimpVonPurge|Tera Blast|p1a: Ogerpon|[anim] Tera Blast Fire\n|-supereffective|p1a: Ogerpon\n|-damage|p1a: Ogerpon|22\/100\n|\n|-heal|p2a: SimpVonPurge|48\/100|[from] item: Leftovers\n|upkeep\n|turn|10\n|\n|t:|1701024669\n|-terastallize|p1a: Ogerpon|Grass\n|detailschange|p1a: Ogerpon|Ogerpon-Teal-Tera, F, tera:Grass\n|-ability|p1a: Ogerpon|Embody Aspect (Teal)|boost\n|-boost|p1a: Ogerpon|spe|1\n|move|p1a: Ogerpon|Ivy Cudgel|p2a: SimpVonPurge\n|-resisted|p2a: SimpVonPurge\n|-crit|p2a: SimpVonPurge\n|-damage|p2a: SimpVonPurge|0 fnt\n|faint|p2a: SimpVonPurge\n|\n|upkeep\n|c|\u2606BuccaneerTPDPurge|hmmm\n|\n|t:|1701024681\n|switch|p2a: DrapGangPurger|Drapion, M, shiny|100\/100\n|-damage|p2a: DrapGangPurger|88\/100|[from] Stealth Rock\n|turn|11\n|\n|t:|1701024686\n|move|p1a: Ogerpon|Spiky Shield|p1a: Ogerpon\n|-singleturn|p1a: Ogerpon|move: Protect\n|move|p2a: DrapGangPurger|Knock Off|p1a: Ogerpon\n|-activate|p1a: Ogerpon|move: Protect\n|-damage|p2a: DrapGangPurger|76\/100|[from] Spiky Shield|[of] p1a: Ogerpon\n|\n|upkeep\n|turn|12\n|\n|t:|1701024690\n|move|p1a: Ogerpon|Ivy Cudgel|p2a: DrapGangPurger\n|-resisted|p2a: DrapGangPurger\n|-damage|p2a: DrapGangPurger|24\/100\n|move|p2a: DrapGangPurger|Knock Off|p1a: Ogerpon\n|-crit|p1a: Ogerpon\n|-damage|p1a: Ogerpon|0 fnt\n|-enditem|p1a: Ogerpon|Scope Lens|[from] move: Knock Off|[of] p2a: DrapGangPurger\n|faint|p1a: Ogerpon\n|\n|upkeep\n|\n|t:|1701024697\n|switch|p1a: Politoed|Politoed, F|100\/100\n|-damage|p1a: Politoed|88\/100|[from] Stealth Rock\n|-weather|RainDance|[from] ability: Drizzle|[of] p1a: Politoed\n|turn|13\n|\n|t:|1701024702\n|move|p2a: DrapGangPurger|Knock Off|p1a: Politoed\n|-damage|p1a: Politoed|62\/100\n|-enditem|p1a: Politoed|Wide Lens|[from] move: Knock Off|[of] p2a: DrapGangPurger\n|move|p1a: Politoed|Whirlpool|p2a: DrapGangPurger|[miss]\n|-miss|p1a: Politoed|p2a: DrapGangPurger\n|\n|-weather|RainDance|[upkeep]\n|upkeep\n|turn|14\n|c|\u2606BuccaneerTPDPurge|oh sorry\n|\n|t:|1701024713\n|move|p2a: DrapGangPurger|Taunt|p1a: Politoed\n|-start|p1a: Politoed|move: Taunt\n|move|p1a: Politoed|Whirlpool|p2a: DrapGangPurger\n|-damage|p2a: DrapGangPurger|3\/100\n|-activate|p2a: DrapGangPurger|move: Whirlpool|[of] p1a: Politoed\n|\n|-weather|RainDance|[upkeep]\n|-damage|p2a: DrapGangPurger|0 fnt|[from] move: Whirlpool|[partiallytrapped]\n|faint|p2a: DrapGangPurger\n|upkeep\n|\n|t:|1701024721\n|switch|p2a: GlimaticoPurge|Glimmora, M|93\/100\n|-damage|p2a: GlimaticoPurge|81\/100|[from] Stealth Rock\n|turn|15\n|\n|t:|1701024724\n|move|p2a: GlimaticoPurge|Mortal Spin|p1a: Politoed\n|-damage|p1a: Politoed|58\/100\n|-status|p1a: Politoed|psn\n|-sideend|p2: BuccaneerTPDPurge|Stealth Rock|[from] move: Mortal Spin|[of] p2a: GlimaticoPurge\n|move|p1a: Politoed|Whirlpool|p2a: GlimaticoPurge|[miss]\n|-miss|p1a: Politoed|p2a: GlimaticoPurge\n|\n|-weather|RainDance|[upkeep]\n|-damage|p1a: Politoed|45\/100 psn|[from] psn\n|upkeep\n|turn|16\n|\n|t:|1701024729\n|move|p2a: GlimaticoPurge|Dazzling Gleam|p1a: Politoed\n|-crit|p1a: Politoed\n|-damage|p1a: Politoed|10\/100 psn\n|move|p1a: Politoed|Whirlpool|p2a: GlimaticoPurge\n|-supereffective|p2a: GlimaticoPurge\n|-damage|p2a: GlimaticoPurge|50\/100\n|-activate|p2a: GlimaticoPurge|move: Whirlpool|[of] p1a: Politoed\n|\n|-weather|RainDance|[upkeep]\n|-damage|p1a: Politoed|0 fnt|[from] psn\n|faint|p1a: Politoed\n|-end|p2a: GlimaticoPurge|Whirlpool|[partiallytrapped]|[silent]\n|upkeep\n|\n|t:|1701024736\n|switch|p1a: Clodsire|Clodsire, M|100\/100\n|-damage|p1a: Clodsire|94\/100|[from] Stealth Rock\n|turn|17\n|\n|t:|1701024741\n|move|p2a: GlimaticoPurge|Spiky Shield|p2a: GlimaticoPurge\n|-singleturn|p2a: GlimaticoPurge|move: Protect\n|move|p1a: Clodsire|Earthquake|p2a: GlimaticoPurge\n|-activate|p2a: GlimaticoPurge|move: Protect\n|\n|-weather|none\n|-heal|p1a: Clodsire|100\/100|[from] item: Black Sludge\n|upkeep\n|turn|18\n|\n|t:|1701024747\n|move|p2a: GlimaticoPurge|Dazzling Gleam|p1a: Clodsire\n|-resisted|p1a: Clodsire\n|-damage|p1a: Clodsire|92\/100\n|move|p1a: Clodsire|Earthquake|p2a: GlimaticoPurge\n|-supereffective|p2a: GlimaticoPurge\n|-damage|p2a: GlimaticoPurge|0 fnt\n|-activate|p2a: GlimaticoPurge|ability: Toxic Debris\n|-sidestart|p1: Sstivii|move: Toxic Spikes\n|faint|p2a: GlimaticoPurge\n|\n|-heal|p1a: Clodsire|99\/100|[from] item: Black Sludge\n|upkeep\n|\n|t:|1701024754\n|switch|p2a: Neko Von Purger|Nidoking, M, shiny|100\/100\n|turn|19\n|c|\u2606BuccaneerTPDPurge|i really don't get the strat\n|\n|t:|1701024784\n|move|p2a: Neko Von Purger|Ice Beam|p1a: Clodsire\n|-supereffective|p1a: Clodsire\n|-damage|p1a: Clodsire|45\/100\n|move|p1a: Clodsire|Stealth Rock|p2a: Neko Von Purger\n|-sidestart|p2: BuccaneerTPDPurge|move: Stealth Rock\n|\n|-heal|p1a: Clodsire|52\/100|[from] item: Black Sludge\n|upkeep\n|turn|20\n|\n|t:|1701024791\n|move|p2a: Neko Von Purger|Ice Beam|p1a: Clodsire\n|-supereffective|p1a: Clodsire\n|-damage|p1a: Clodsire|0 fnt\n|faint|p1a: Clodsire\n|\n|win|BuccaneerTPDPurge\n|raw|Sstivii's rating: 1301 &rarr; <strong>1283<\/strong><br \/>(-18 for losing)\n|raw|BuccaneerTPDPurge's rating: 1335 &rarr; <strong>1353<\/strong><br \/>(+18 for winning)\n","uploadtime":1701024796,"views":2,"p1id":"sstivii","p2id":"buccaneertpdpurge","formatid":"gen9nationaldex","rating":1283,"private":0,"password":""}