{"id":"gen9nationaldex-1988116772","p1":"FakeDragon","p2":"Rinoss","format":"[Gen 9] National Dex","log":"|j|\u2606FakeDragon\n|j|\u2606Rinoss\n|t:|1699671597\n|gametype|singles\n|player|p1|FakeDragon|blaine|1321\n|player|p2|Rinoss|veteranf|1310\n|teamsize|p1|6\n|teamsize|p2|6\n|gen|9\n|tier|[Gen 9] National Dex\n|rated|\n|rule|HP Percentage Mod: HP is shown in percentages\n|rule|Endless Battle Clause: Forcing endless battles is banned\n|rule|OHKO Clause: OHKO moves are banned\n|rule|Evasion Clause: Evasion abilities, items, and moves are banned\n|rule|Evasion Abilities Clause: Evasion abilities are banned\n|rule|Evasion Items Clause: Evasion items are banned\n|rule|Evasion Moves Clause: Evasion moves are banned\n|rule|Species Clause: Limit one of each Pok\u00e9mon\n|rule|Sleep Clause Mod: Limit one foe put to sleep\n|clearpoke\n|poke|p1|Ceruledge, F|\n|poke|p1|Alomomola, M|\n|poke|p1|Ferrothorn, M|\n|poke|p1|Gliscor, M|\n|poke|p1|Hatterene, F|\n|poke|p1|Tornadus-Therian, M|\n|poke|p2|Scizor, F|\n|poke|p2|Urshifu-*, F|\n|poke|p2|Heatran, M|\n|poke|p2|Rillaboom, F|\n|poke|p2|Iron Valiant|\n|poke|p2|Gliscor, M|\n|teampreview\n|inactive|Battle timer is ON: inactive players will automatically lose when time's up. (requested by FakeDragon)\n|\n|t:|1699671605\n|start\n|switch|p1a: Tornadus|Tornadus-Therian, M|100\/100\n|switch|p2a: Gliscor|Gliscor, M|100\/100\n|turn|1\n|\n|t:|1699671621\n|move|p1a: Tornadus|Knock Off|p2a: Gliscor\n|-damage|p2a: Gliscor|85\/100\n|-enditem|p2a: Gliscor|Toxic Orb|[from] move: Knock Off|[of] p1a: Tornadus\n|move|p2a: Gliscor|U-turn|p1a: Tornadus\n|-resisted|p1a: Tornadus\n|-damage|p1a: Tornadus|92\/100\n|\n|t:|1699671634\n|switch|p2a: Iron Valiant|Iron Valiant|100\/100|[from] U-turn\n|\n|upkeep\n|turn|2\n|\n|t:|1699671639\n|move|p1a: Tornadus|Bleakwind Storm|p2a: Iron Valiant|[miss]\n|-miss|p1a: Tornadus|p2a: Iron Valiant\n|move|p2a: Iron Valiant|Thunderbolt|p1a: Tornadus\n|-supereffective|p1a: Tornadus\n|-damage|p1a: Tornadus|26\/100\n|\n|upkeep\n|turn|3\n|\n|t:|1699671649\n|-end|p2a: Iron Valiant|Quark Drive|[silent]\n|switch|p2a: Heatran|Heatran, M|100\/100\n|move|p1a: Tornadus|Bleakwind Storm|p2a: Heatran\n|-resisted|p2a: Heatran\n|-damage|p2a: Heatran|88\/100\n|-unboost|p2a: Heatran|spe|1\n|\n|-heal|p2a: Heatran|94\/100|[from] item: Leftovers\n|upkeep\n|turn|4\n|\n|t:|1699671658\n|move|p1a: Tornadus|U-turn|p2a: Heatran\n|-resisted|p2a: Heatran\n|-damage|p2a: Heatran|91\/100\n|\n|t:|1699671660\n|switch|p1a: Gliscor|Gliscor, M|100\/100|[from] U-turn\n|move|p2a: Heatran|Stealth Rock|p1a: Gliscor\n|-sidestart|p1: FakeDragon|move: Stealth Rock\n|\n|-heal|p2a: Heatran|98\/100|[from] item: Leftovers\n|-status|p1a: Gliscor|tox|[from] item: Toxic Orb\n|upkeep\n|turn|5\n|\n|t:|1699671682\n|-terastallize|p2a: Heatran|Grass\n|move|p1a: Gliscor|U-turn|p2a: Heatran\n|-supereffective|p2a: Heatran\n|-damage|p2a: Heatran|71\/100\n|\n|t:|1699671705\n|switch|p1a: Alomomola|Alomomola, M|100\/100|[from] U-turn\n|-damage|p1a: Alomomola|88\/100|[from] Stealth Rock\n|move|p2a: Heatran|Magma Storm|p1a: Alomomola\n|-resisted|p1a: Alomomola\n|-damage|p1a: Alomomola|70\/100\n|-activate|p1a: Alomomola|move: Magma Storm|[of] p2a: Heatran\n|\n|-heal|p2a: Heatran|77\/100|[from] item: Leftovers\n|-damage|p1a: Alomomola|58\/100|[from] move: Magma Storm|[partiallytrapped]\n|upkeep\n|turn|6\n|\n|t:|1699671719\n|move|p1a: Alomomola|Toxic|p2a: Heatran|[miss]\n|-miss|p1a: Alomomola|p2a: Heatran\n|move|p2a: Heatran|Taunt|p1a: Alomomola\n|-start|p1a: Alomomola|move: Taunt\n|\n|-heal|p2a: Heatran|84\/100|[from] item: Leftovers\n|-damage|p1a: Alomomola|45\/100|[from] move: Magma Storm|[partiallytrapped]\n|upkeep\n|turn|7\n|\n|t:|1699671731\n|move|p1a: Alomomola|Scald|p2a: Heatran\n|-resisted|p2a: Heatran\n|-crit|p2a: Heatran\n|-damage|p2a: Heatran|77\/100\n|move|p2a: Heatran|Earth Power|p1a: Alomomola\n|-damage|p1a: Alomomola|21\/100\n|\n|-heal|p2a: Heatran|84\/100|[from] item: Leftovers\n|-damage|p1a: Alomomola|9\/100|[from] move: Magma Storm|[partiallytrapped]\n|upkeep\n|turn|8\n|c|\u2606FakeDragon|fuck\n|\n|t:|1699671737\n|move|p1a: Alomomola|Scald|p2a: Heatran\n|-resisted|p2a: Heatran\n|-damage|p2a: Heatran|79\/100\n|-status|p2a: Heatran|brn\n|move|p2a: Heatran|Earth Power|p1a: Alomomola\n|-damage|p1a: Alomomola|0 fnt\n|faint|p1a: Alomomola\n|\n|-heal|p2a: Heatran|85\/100 brn|[from] item: Leftovers\n|-damage|p2a: Heatran|79\/100 brn|[from] brn\n|upkeep\n|\n|t:|1699671743\n|switch|p1a: Tornadus|Tornadus-Therian, M|59\/100\n|turn|9\n|\n|t:|1699671758\n|switch|p2a: Scizor|Scizor, F|100\/100\n|move|p1a: Tornadus|Defog|p2a: Scizor\n|-unboost|p2a: Scizor|evasion|1\n|-sideend|p1: FakeDragon|Stealth Rock|[from] move: Defog|[of] p1a: Tornadus\n|\n|upkeep\n|turn|10\n|\n|t:|1699671773\n|detailschange|p2a: Scizor|Scizor-Mega, F\n|-mega|p2a: Scizor|Scizor|Scizorite\n|move|p1a: Tornadus|U-turn|p2a: Scizor\n|-resisted|p2a: Scizor\n|-damage|p2a: Scizor|96\/100\n|\n|t:|1699671776\n|switch|p1a: Gliscor|Gliscor, M|100\/100 tox|[from] U-turn\n|move|p2a: Scizor|Swords Dance|p2a: Scizor\n|-boost|p2a: Scizor|atk|2\n|\n|upkeep\n|turn|11\n|\n|t:|1699671782\n|move|p1a: Gliscor|U-turn|p2a: Scizor\n|-resisted|p2a: Scizor\n|-damage|p2a: Scizor|91\/100\n|\n|t:|1699671784\n|switch|p1a: Ferrothorn|Ferrothorn, M|100\/100|[from] U-turn\n|move|p2a: Scizor|Swords Dance|p2a: Scizor\n|-boost|p2a: Scizor|atk|2\n|\n|upkeep\n|turn|12\n|\n|t:|1699671789\n|move|p2a: Scizor|Swords Dance|p2a: Scizor\n|-boost|p2a: Scizor|atk|2\n|move|p1a: Ferrothorn|Leech Seed|p2a: Scizor\n|-start|p2a: Scizor|move: Leech Seed\n|\n|-damage|p2a: Scizor|79\/100|[from] Leech Seed|[of] p1a: Ferrothorn\n|upkeep\n|turn|13\n|\n|t:|1699671797\n|move|p2a: Scizor|Bullet Punch|p1a: Ferrothorn\n|-resisted|p1a: Ferrothorn\n|-damage|p1a: Ferrothorn|69\/100\n|-damage|p2a: Scizor|67\/100|[from] ability: Iron Barbs|[of] p1a: Ferrothorn\n|move|p1a: Ferrothorn|Stealth Rock|p2a: Scizor\n|-sidestart|p2: Rinoss|move: Stealth Rock\n|\n|-heal|p1a: Ferrothorn|75\/100|[from] item: Leftovers\n|-damage|p2a: Scizor|55\/100|[from] Leech Seed|[of] p1a: Ferrothorn\n|-heal|p1a: Ferrothorn|87\/100|[silent]\n|upkeep\n|turn|14\n|\n|t:|1699671805\n|move|p2a: Scizor|U-turn|p1a: Ferrothorn\n|-damage|p1a: Ferrothorn|14\/100\n|-damage|p2a: Scizor|42\/100|[from] ability: Iron Barbs|[of] p1a: Ferrothorn\n|\n|t:|1699671812\n|switch|p2a: Gliscor|Gliscor, M|85\/100|[from] U-turn\n|-damage|p2a: Gliscor|73\/100|[from] Stealth Rock\n|move|p1a: Ferrothorn|Knock Off|p2a: Gliscor\n|-damage|p2a: Gliscor|61\/100\n|\n|-heal|p1a: Ferrothorn|20\/100|[from] item: Leftovers\n|upkeep\n|turn|15\n|\n|t:|1699671824\n|switch|p1a: Gliscor|Gliscor, M|100\/100 tox\n|move|p2a: Gliscor|Defog|p1a: Gliscor\n|-unboost|p1a: Gliscor|evasion|1\n|-sideend|p2: Rinoss|Stealth Rock|[from] move: Defog|[of] p2a: Gliscor\n|\n|upkeep\n|turn|16\n|\n|t:|1699671845\n|move|p1a: Gliscor|U-turn|p2a: Gliscor\n|-resisted|p2a: Gliscor\n|-damage|p2a: Gliscor|55\/100\n|\n|t:|1699671849\n|switch|p1a: Tornadus|Tornadus-Therian, M|92\/100|[from] U-turn\n|move|p2a: Gliscor|U-turn|p1a: Tornadus\n|-resisted|p1a: Tornadus\n|-damage|p1a: Tornadus|84\/100\n|inactive|Rinoss has 120 seconds left.\n|\n|t:|1699671879\n|switch|p2a: Scizor|Scizor-Mega, F|42\/100|[from] U-turn\n|\n|upkeep\n|turn|17\n|\n|t:|1699671885\n|move|p1a: Tornadus|Bleakwind Storm|p2a: Scizor\n|-damage|p2a: Scizor|7\/100\n|move|p2a: Scizor|Roost|p2a: Scizor\n|-heal|p2a: Scizor|57\/100\n|-singleturn|p2a: Scizor|move: Roost\n|\n|upkeep\n|turn|18\n|\n|t:|1699671900\n|move|p1a: Tornadus|U-turn|p2a: Scizor\n|-resisted|p2a: Scizor\n|-damage|p2a: Scizor|52\/100\n|inactive|FakeDragon has 120 seconds left.\n|\n|t:|1699671939\n|switch|p1a: Ceruledge|Ceruledge, F|100\/100|[from] U-turn\n|move|p2a: Scizor|Roost|p2a: Scizor\n|-heal|p2a: Scizor|100\/100\n|-singleturn|p2a: Scizor|move: Roost\n|\n|upkeep\n|turn|19\n|inactive|FakeDragon has 120 seconds left.\n|\n|t:|1699671949\n|switch|p2a: Heatran|Heatran, M, tera:Grass|79\/100 brn\n|move|p1a: Ceruledge|Swords Dance|p1a: Ceruledge\n|-boost|p1a: Ceruledge|atk|2\n|\n|-heal|p2a: Heatran|85\/100 brn|[from] item: Leftovers\n|-damage|p2a: Heatran|79\/100 brn|[from] brn\n|upkeep\n|turn|20\n|\n|t:|1699671953\n|move|p1a: Ceruledge|Close Combat|p2a: Heatran\n|-damage|p2a: Heatran|1\/100 brn\n|-unboost|p1a: Ceruledge|def|1\n|-unboost|p1a: Ceruledge|spd|1\n|move|p2a: Heatran|Taunt|p1a: Ceruledge\n|-start|p1a: Ceruledge|move: Taunt\n|\n|-heal|p2a: Heatran|7\/100 brn|[from] item: Leftovers\n|-damage|p2a: Heatran|1\/100 brn|[from] brn\n|upkeep\n|turn|21\n|\n|t:|1699671962\n|move|p1a: Ceruledge|Shadow Sneak|p2a: Heatran\n|-damage|p2a: Heatran|0 fnt\n|faint|p2a: Heatran\n|\n|upkeep\n|\n|t:|1699671967\n|switch|p2a: Gliscor|Gliscor, M|55\/100\n|turn|22\n|\n|t:|1699671972\n|move|p1a: Ceruledge|Bitter Blade|p2a: Gliscor\n|-damage|p2a: Gliscor|0 fnt\n|faint|p2a: Gliscor\n|\n|upkeep\n|\n|t:|1699671979\n|switch|p2a: Urshifu|Urshifu-Rapid-Strike, F|100\/100\n|turn|23\n|inactive|FakeDragon has 120 seconds left.\n|\n|t:|1699672037\n|switch|p1a: Hatterene|Hatterene, F|100\/100\n|move|p2a: Urshifu|Trailblaze|p1a: Hatterene\n|-damage|p1a: Hatterene|85\/100\n|-boost|p2a: Urshifu|spe|1\n|\n|-heal|p1a: Hatterene|91\/100|[from] item: Leftovers\n|upkeep\n|turn|24\n|inactive|FakeDragon has 90 seconds left.\n|\n|t:|1699672058\n|move|p2a: Urshifu|Swords Dance|p2a: Urshifu\n|-boost|p2a: Urshifu|atk|2\n|move|p1a: Hatterene|Draining Kiss|p2a: Urshifu\n|-supereffective|p2a: Urshifu\n|-damage|p2a: Urshifu|37\/100\n|-heal|p1a: Hatterene|100\/100|[from] drain|[of] p2a: Urshifu\n|\n|upkeep\n|turn|25\n|inactive|FakeDragon has 90 seconds left.\n|\n|t:|1699672066\n|-terastallize|p1a: Hatterene|Water\n|move|p2a: Urshifu|Surging Strikes|p1a: Hatterene\n|-resisted|p1a: Hatterene\n|-crit|p1a: Hatterene\n|-damage|p1a: Hatterene|84\/100\n|-resisted|p1a: Hatterene\n|-crit|p1a: Hatterene\n|-damage|p1a: Hatterene|66\/100\n|-resisted|p1a: Hatterene\n|-crit|p1a: Hatterene\n|-damage|p1a: Hatterene|48\/100\n|-hitcount|p1a: Hatterene|3\n|move|p1a: Hatterene|Draining Kiss|p2a: Urshifu\n|-supereffective|p2a: Urshifu\n|-damage|p2a: Urshifu|0 fnt\n|-heal|p1a: Hatterene|81\/100|[from] drain|[of] p2a: Urshifu\n|faint|p2a: Urshifu\n|\n|-heal|p1a: Hatterene|87\/100|[from] item: Leftovers\n|upkeep\n|\n|t:|1699672074\n|switch|p2a: Iron Valiant|Iron Valiant|100\/100\n|turn|26\n|inactive|FakeDragon has 90 seconds left.\n|\n|t:|1699672103\n|switch|p1a: Gliscor|Gliscor, M|100\/100 tox\n|move|p2a: Iron Valiant|Thunderbolt|p1a: Gliscor\n|-immune|p1a: Gliscor\n|\n|upkeep\n|turn|27\n|\n|t:|1699672112\n|move|p2a: Iron Valiant|Moonblast|p1a: Gliscor\n|-damage|p1a: Gliscor|61\/100 tox\n|move|p1a: Gliscor|U-turn|p2a: Iron Valiant\n|-resisted|p2a: Iron Valiant\n|-damage|p2a: Iron Valiant|96\/100\n|\n|t:|1699672117\n|switch|p1a: Tornadus|Tornadus-Therian, M|100\/100|[from] U-turn\n|\n|upkeep\n|turn|28\n|inactive|FakeDragon has 90 seconds left.\n|\n|t:|1699672125\n|-end|p2a: Iron Valiant|Quark Drive|[silent]\n|switch|p2a: Scizor|Scizor-Mega, F|100\/100\n|move|p1a: Tornadus|U-turn|p2a: Scizor\n|-resisted|p2a: Scizor\n|-damage|p2a: Scizor|96\/100\n|\n|t:|1699672127\n|switch|p1a: Ceruledge|Ceruledge, F|100\/100|[from] U-turn\n|\n|upkeep\n|turn|29\n|\n|t:|1699672134\n|move|p1a: Ceruledge|Bitter Blade|p2a: Scizor\n|-supereffective|p2a: Scizor\n|-damage|p2a: Scizor|0 fnt\n|faint|p2a: Scizor\n|\n|upkeep\n|\n|t:|1699672137\n|switch|p2a: Iron Valiant|Iron Valiant|96\/100\n|turn|30\n|\n|t:|1699672148\n|move|p2a: Iron Valiant|Moonblast|p1a: Ceruledge\n|-resisted|p1a: Ceruledge\n|-damage|p1a: Ceruledge|76\/100\n|move|p1a: Ceruledge|Bitter Blade|p2a: Iron Valiant\n|-damage|p2a: Iron Valiant|30\/100\n|-heal|p1a: Ceruledge|100\/100|[from] drain|[of] p2a: Iron Valiant\n|\n|upkeep\n|turn|31\n|\n|t:|1699672155\n|move|p2a: Iron Valiant|Thunderbolt|p1a: Ceruledge\n|-damage|p1a: Ceruledge|65\/100\n|move|p1a: Ceruledge|Swords Dance|p1a: Ceruledge\n|-boost|p1a: Ceruledge|atk|2\n|\n|upkeep\n|turn|32\n|\n|t:|1699672160\n|move|p1a: Ceruledge|Shadow Sneak|p2a: Iron Valiant\n|-crit|p2a: Iron Valiant\n|-damage|p2a: Iron Valiant|0 fnt\n|faint|p2a: Iron Valiant\n|-end|p2a: Iron Valiant|Quark Drive|[silent]\n|\n|upkeep\n|-message|Rinoss forfeited.\n|\n|win|FakeDragon\n|raw|FakeDragon's rating: 1321 &rarr; <strong>1340<\/strong><br \/>(+19 for winning)\n|raw|Rinoss's rating: 1310 &rarr; <strong>1291<\/strong><br \/>(-19 for losing)\n|l|\u2606Rinoss\n|c|\u2606FakeDragon|gg\n","uploadtime":1699672180,"views":4,"p1id":"fakedragon","p2id":"rinoss","formatid":"gen9nationaldex","rating":1291,"private":0,"password":""}