{"id":"gen9nationaldex-1988627768","p1":"Abrar83","p2":"Nakuy","format":"[Gen 9] National Dex","log":"|j|\u2606Abrar83\n|j|\u2606Nakuy\n|t:|1699743651\n|gametype|singles\n|player|p1|Abrar83|nobunaga-conquest|\n|player|p2|Nakuy|byron|\n|teamsize|p1|6\n|teamsize|p2|6\n|gen|9\n|tier|[Gen 9] National Dex\n|rule|HP Percentage Mod: HP is shown in percentages\n|rule|Endless Battle Clause: Forcing endless battles is banned\n|rule|OHKO Clause: OHKO moves are banned\n|rule|Evasion Clause: Evasion abilities, items, and moves are banned\n|rule|Evasion Abilities Clause: Evasion abilities are banned\n|rule|Evasion Items Clause: Evasion items are banned\n|rule|Evasion Moves Clause: Evasion moves are banned\n|rule|Species Clause: Limit one of each Pok\u00e9mon\n|rule|Sleep Clause Mod: Limit one foe put to sleep\n|clearpoke\n|poke|p1|Great Tusk|\n|poke|p1|Iron Valiant|\n|poke|p1|Urshifu-*, F|\n|poke|p1|Kommo-o, M|\n|poke|p1|Lilligant-Hisui, F|\n|poke|p1|Machamp, F|\n|poke|p2|Pelipper, F|\n|poke|p2|Zapdos|\n|poke|p2|Urshifu-*, M|\n|poke|p2|Swampert, M|\n|poke|p2|Ferrothorn, F|\n|poke|p2|Jirachi|\n|teampreview\n|\n|t:|1699743684\n|start\n|switch|p1a: Kahuna|Great Tusk|100\/100\n|switch|p2a: Pelipper|Pelipper, F|100\/100\n|-weather|RainDance|[from] ability: Drizzle|[of] p2a: Pelipper\n|-enditem|p1a: Kahuna|Booster Energy\n|-activate|p1a: Kahuna|ability: Protosynthesis|[fromitem]\n|-start|p1a: Kahuna|protosynthesisatk\n|turn|1\n|\n|t:|1699743700\n|move|p1a: Kahuna|Ice Spinner|p2a: Pelipper\n|-damage|p2a: Pelipper|71\/100\n|move|p2a: Pelipper|Hurricane|p1a: Kahuna\n|-supereffective|p1a: Kahuna\n|-damage|p1a: Kahuna|0 fnt\n|faint|p1a: Kahuna\n|-end|p1a: Kahuna|Protosynthesis|[silent]\n|\n|-weather|RainDance|[upkeep]\n|upkeep\n|\n|t:|1699743717\n|switch|p1a: Goat|Machamp, F|100\/100\n|turn|2\n|\n|t:|1699743721\n|move|p1a: Goat|Stone Edge|p2a: Pelipper\n|-supereffective|p2a: Pelipper\n|-damage|p2a: Pelipper|22\/100\n|move|p2a: Pelipper|Hurricane|p1a: Goat\n|-supereffective|p1a: Goat\n|-damage|p1a: Goat|13\/100\n|\n|-weather|RainDance|[upkeep]\n|upkeep\n|turn|3\n|\n|t:|1699743760\n|switch|p2a: Swampert|Swampert, M|100\/100\n|move|p1a: Goat|Stone Edge|p2a: Swampert\n|-resisted|p2a: Swampert\n|-damage|p2a: Swampert|86\/100\n|\n|-weather|RainDance|[upkeep]\n|upkeep\n|turn|4\n|\n|t:|1699743778\n|detailschange|p2a: Swampert|Swampert-Mega, M\n|-mega|p2a: Swampert|Swampert|Swampertite\n|move|p2a: Swampert|Liquidation|p1a: Goat\n|-damage|p1a: Goat|0 fnt\n|faint|p1a: Goat\n|\n|-weather|RainDance|[upkeep]\n|upkeep\n|\n|t:|1699743785\n|switch|p1a: Sagiri|Iron Valiant|100\/100\n|-enditem|p1a: Sagiri|Booster Energy\n|-activate|p1a: Sagiri|ability: Quark Drive|[fromitem]\n|-start|p1a: Sagiri|quarkdrivespe\n|turn|5\n|\n|t:|1699743807\n|move|p1a: Sagiri|Energy Ball|p2a: Swampert\n|-supereffective|p2a: Swampert\n|-damage|p2a: Swampert|0 fnt\n|faint|p2a: Swampert\n|\n|-weather|RainDance|[upkeep]\n|upkeep\n|\n|t:|1699743847\n|switch|p2a: Jirachi|Jirachi|100\/100\n|turn|6\n|\n|t:|1699743868\n|move|p1a: Sagiri|Aura Sphere|p2a: Jirachi\n|-damage|p2a: Jirachi|78\/100\n|move|p2a: Jirachi|Iron Head|p1a: Sagiri\n|-supereffective|p1a: Sagiri\n|-damage|p1a: Sagiri|28\/100\n|\n|-weather|RainDance|[upkeep]\n|-heal|p2a: Jirachi|84\/100|[from] item: Leftovers\n|upkeep\n|turn|7\n|\n|t:|1699743876\n|move|p1a: Sagiri|Destiny Bond|p1a: Sagiri\n|-singlemove|p1a: Sagiri|Destiny Bond\n|move|p2a: Jirachi|Cosmic Power|p2a: Jirachi\n|-boost|p2a: Jirachi|def|1\n|-boost|p2a: Jirachi|spd|1\n|\n|-weather|RainDance|[upkeep]\n|-heal|p2a: Jirachi|90\/100|[from] item: Leftovers\n|upkeep\n|turn|8\n|\n|t:|1699743909\n|-end|p1a: Sagiri|Quark Drive|[silent]\n|switch|p1a: Dance|Kommo-o, M|100\/100\n|move|p2a: Jirachi|Iron Head|p1a: Dance\n|-damage|p1a: Dance|72\/100\n|\n|-weather|none\n|-heal|p2a: Jirachi|97\/100|[from] item: Leftovers\n|upkeep\n|turn|9\n|\n|t:|1699743927\n|-zpower|p1a: Dance\n|move|p1a: Dance|Clangorous Soulblaze|p2a: Jirachi|[zeffect]\n|-resisted|p2a: Jirachi\n|-damage|p2a: Jirachi|79\/100\n|-boost|p1a: Dance|atk|1\n|-boost|p1a: Dance|def|1\n|-boost|p1a: Dance|spa|1\n|-boost|p1a: Dance|spd|1\n|-boost|p1a: Dance|spe|1\n|move|p2a: Jirachi|Iron Head|p1a: Dance\n|-damage|p1a: Dance|54\/100\n|\n|-heal|p2a: Jirachi|85\/100|[from] item: Leftovers\n|upkeep\n|turn|10\n|\n|t:|1699743949\n|move|p1a: Dance|Drain Punch|p2a: Jirachi\n|-damage|p2a: Jirachi|64\/100\n|-heal|p1a: Dance|69\/100|[from] drain|[of] p2a: Jirachi\n|move|p2a: Jirachi|Cosmic Power|p2a: Jirachi\n|-boost|p2a: Jirachi|def|1\n|-boost|p2a: Jirachi|spd|1\n|\n|-heal|p2a: Jirachi|70\/100|[from] item: Leftovers\n|upkeep\n|turn|11\n|\n|t:|1699743965\n|move|p1a: Dance|Drain Punch|p2a: Jirachi\n|-damage|p2a: Jirachi|55\/100\n|-heal|p1a: Dance|79\/100|[from] drain|[of] p2a: Jirachi\n|move|p2a: Jirachi|Cosmic Power|p2a: Jirachi\n|-boost|p2a: Jirachi|def|1\n|-boost|p2a: Jirachi|spd|1\n|\n|-heal|p2a: Jirachi|61\/100|[from] item: Leftovers\n|upkeep\n|turn|12\n|\n|t:|1699743974\n|move|p1a: Dance|Aura Sphere|p2a: Jirachi\n|-damage|p2a: Jirachi|48\/100\n|move|p2a: Jirachi|Wish|p2a: Jirachi\n|\n|-heal|p2a: Jirachi|54\/100|[from] item: Leftovers\n|upkeep\n|turn|13\n|\n|t:|1699743986\n|move|p1a: Dance|Aura Sphere|p2a: Jirachi\n|-damage|p2a: Jirachi|41\/100\n|move|p2a: Jirachi|Drain Punch|p1a: Dance\n|-damage|p1a: Dance|68\/100\n|-heal|p2a: Jirachi|45\/100|[from] drain|[of] p1a: Dance\n|\n|-heal|p2a: Jirachi|95\/100|[from] move: Wish|[wisher] Jirachi\n|-heal|p2a: Jirachi|100\/100|[from] item: Leftovers\n|upkeep\n|turn|14\n|\n|t:|1699744011\n|switch|p1a: Mango|Urshifu-Rapid-Strike, F|100\/100\n|move|p2a: Jirachi|Cosmic Power|p2a: Jirachi\n|-boost|p2a: Jirachi|def|1\n|-boost|p2a: Jirachi|spd|1\n|\n|upkeep\n|turn|15\n|\n|t:|1699744030\n|move|p1a: Mango|Surging Strikes|p2a: Jirachi\n|-crit|p2a: Jirachi\n|-damage|p2a: Jirachi|83\/100\n|-crit|p2a: Jirachi\n|-damage|p2a: Jirachi|68\/100\n|-crit|p2a: Jirachi\n|-damage|p2a: Jirachi|50\/100\n|-hitcount|p2a: Jirachi|3\n|move|p2a: Jirachi|Iron Head|p1a: Mango\n|-resisted|p1a: Mango\n|-damage|p1a: Mango|88\/100\n|\n|-heal|p2a: Jirachi|57\/100|[from] item: Leftovers\n|upkeep\n|turn|16\n|\n|t:|1699744044\n|move|p1a: Mango|Trailblaze|p2a: Jirachi\n|-resisted|p2a: Jirachi\n|-damage|p2a: Jirachi|54\/100\n|-boost|p1a: Mango|spe|1\n|move|p2a: Jirachi|Wish|p2a: Jirachi\n|\n|-heal|p2a: Jirachi|60\/100|[from] item: Leftovers\n|upkeep\n|turn|17\n|\n|t:|1699744072\n|-terastallize|p1a: Mango|Water\n|move|p1a: Mango|Surging Strikes|p2a: Jirachi\n|-crit|p2a: Jirachi\n|-damage|p2a: Jirachi|37\/100\n|-crit|p2a: Jirachi\n|-damage|p2a: Jirachi|15\/100\n|-crit|p2a: Jirachi\n|-damage|p2a: Jirachi|0 fnt\n|faint|p2a: Jirachi\n|-hitcount|p2: Jirachi|3\n|\n|upkeep\n|\n|t:|1699744085\n|switch|p2a: Pelipper|Pelipper, F|22\/100\n|-weather|RainDance|[from] ability: Drizzle|[of] p2a: Pelipper\n|turn|18\n|\n|t:|1699744133\n|move|p1a: Mango|Surging Strikes|p2a: Pelipper\n|-resisted|p2a: Pelipper\n|-crit|p2a: Pelipper\n|-damage|p2a: Pelipper|5\/100\n|-resisted|p2a: Pelipper\n|-crit|p2a: Pelipper\n|-damage|p2a: Pelipper|0 fnt\n|faint|p2a: Pelipper\n|-hitcount|p2: Pelipper|2\n|\n|-weather|RainDance|[upkeep]\n|upkeep\n|\n|t:|1699744192\n|switch|p2a: Ferrothorn|Ferrothorn, F|100\/100\n|turn|19\n|\n|t:|1699744233\n|move|p1a: Mango|Surging Strikes|p2a: Ferrothorn\n|-resisted|p2a: Ferrothorn\n|-crit|p2a: Ferrothorn\n|-damage|p2a: Ferrothorn|90\/100\n|-damage|p1a: Mango|76\/100|[from] ability: Iron Barbs|[of] p2a: Ferrothorn\n|-damage|p1a: Mango|59\/100|[from] item: Rocky Helmet|[of] p2a: Ferrothorn\n|-resisted|p2a: Ferrothorn\n|-crit|p2a: Ferrothorn\n|-damage|p2a: Ferrothorn|79\/100\n|-damage|p1a: Mango|47\/100|[from] ability: Iron Barbs|[of] p2a: Ferrothorn\n|-damage|p1a: Mango|30\/100|[from] item: Rocky Helmet|[of] p2a: Ferrothorn\n|-resisted|p2a: Ferrothorn\n|-crit|p2a: Ferrothorn\n|-damage|p2a: Ferrothorn|67\/100\n|-damage|p1a: Mango|18\/100|[from] ability: Iron Barbs|[of] p2a: Ferrothorn\n|-damage|p1a: Mango|2\/100|[from] item: Rocky Helmet|[of] p2a: Ferrothorn\n|-hitcount|p2a: Ferrothorn|3\n|move|p2a: Ferrothorn|Body Press|p1a: Mango\n|-damage|p1a: Mango|0 fnt\n|faint|p1a: Mango\n|\n|-weather|RainDance|[upkeep]\n|upkeep\n|\n|t:|1699744278\n|switch|p1a: Dia|Lilligant-Hisui, F|100\/100\n|turn|20\n|\n|t:|1699744292\n|switch|p2a: Zapdos|Zapdos|100\/100\n|move|p1a: Dia|Sunny Day|p1a: Dia\n|-weather|SunnyDay\n|\n|-weather|SunnyDay|[upkeep]\n|upkeep\n|turn|21\n|\n|t:|1699744329\n|switch|p1a: Dance|Kommo-o, M|68\/100\n|-zpower|p2a: Zapdos\n|move|p2a: Zapdos|Supersonic Skystrike|p1a: Dance|[zeffect]\n|-supereffective|p1a: Dance\n|-crit|p1a: Dance\n|-damage|p1a: Dance|0 fnt\n|faint|p1a: Dance\n|\n|-weather|SunnyDay|[upkeep]\n|upkeep\n|\n|t:|1699744336\n|switch|p1a: Sagiri|Iron Valiant|28\/100\n|turn|22\n|\n|t:|1699744351\n|move|p1a: Sagiri|Destiny Bond|p1a: Sagiri\n|-singlemove|p1a: Sagiri|Destiny Bond\n|move|p2a: Zapdos|Heat Wave|p1a: Sagiri\n|-damage|p1a: Sagiri|0 fnt\n|faint|p1a: Sagiri\n|-activate|p1a: Sagiri|move: Destiny Bond\n|-end|p1a: Sagiri|Quark Drive|[silent]\n|faint|p2a: Zapdos\n|\n|-weather|SunnyDay|[upkeep]\n|upkeep\n|\n|t:|1699744375\n|switch|p1a: Dia|Lilligant-Hisui, F|100\/100\n|switch|p2a: Ferrothorn|Ferrothorn, F|67\/100\n|turn|23\n|\n|t:|1699744387\n|-terastallize|p2a: Ferrothorn|Ghost\n|move|p1a: Dia|Close Combat|p2a: Ferrothorn\n|-immune|p2a: Ferrothorn\n|move|p2a: Ferrothorn|Curse|p1a: Dia\n|-start|p1a: Dia|Curse|[of] p2a: Ferrothorn\n|-damage|p2a: Ferrothorn|18\/100\n|\n|-weather|SunnyDay|[upkeep]\n|-damage|p1a: Dia|76\/100|[from] Curse\n|upkeep\n|turn|24\n|\n|t:|1699744406\n|move|p1a: Dia|Sunny Day||[still]\n|-fail|p1a: Dia\n|move|p2a: Ferrothorn|Leech Seed|p1a: Dia\n|-immune|p1a: Dia\n|\n|-weather|none\n|-damage|p1a: Dia|51\/100|[from] Curse\n|upkeep\n|turn|25\n|\n|t:|1699744418\n|move|p1a: Dia|Sunny Day|p1a: Dia\n|-weather|SunnyDay\n|move|p2a: Ferrothorn|Gyro Ball|p1a: Dia\n|-damage|p1a: Dia|0 fnt\n|faint|p1a: Dia\n|\n|win|Nakuy\n|l|\u2606Abrar83\n","uploadtime":1699744435,"views":4,"p1id":"abrar83","p2id":"nakuy","formatid":"gen9nationaldex","rating":0,"private":0,"password":""}