{"id":"gen9nationaldex-1995490110","p1":"sowa_limez","p2":"Zippybud5","format":"[Gen 9] National Dex","log":"|html|<div class=\"broadcast-blue\"><strong>[Gen 9] National Dex is currently suspecting Sneasler! For information on how to participate check out the <a href=\"https:\/\/www.smogon.com\/forums\/threads\/sv-national-dex-suspect-8-just-dance.3731534\/\">suspect thread<\/a>.<\/strong><\/div>\n|j|\u2606sowa_limez\n|j|\u203dZippybud5\n|t:|1700576476\n|gametype|singles\n|player|p1|sowa_limez|blue-gen1champion|1082\n|player|p2|Zippybud5|170|1011\n|teamsize|p1|6\n|teamsize|p2|6\n|gen|9\n|tier|[Gen 9] National Dex\n|rated|\n|rule|HP Percentage Mod: HP is shown in percentages\n|rule|Endless Battle Clause: Forcing endless battles is banned\n|rule|OHKO Clause: OHKO moves are banned\n|rule|Evasion Clause: Evasion abilities, items, and moves are banned\n|rule|Evasion Abilities Clause: Evasion abilities are banned\n|rule|Evasion Items Clause: Evasion items are banned\n|rule|Evasion Moves Clause: Evasion moves are banned\n|rule|Species Clause: Limit one of each Pok\u00e9mon\n|rule|Sleep Clause Mod: Limit one foe put to sleep\n|clearpoke\n|poke|p1|Conkeldurr, F|\n|poke|p1|Primeape, M|\n|poke|p1|Sirfetch\u2019d, F|\n|poke|p1|Decidueye-Hisui, M|\n|poke|p1|Sneasler, M|\n|poke|p1|Pangoro, M|\n|poke|p2|Quaxly, M|\n|poke|p2|Gallade, M|\n|poke|p2|Armarouge, M|\n|poke|p2|Electivire, M|\n|poke|p2|Haxorus, F|\n|poke|p2|Entei|\n|teampreview\n|\n|t:|1700576496\n|start\n|switch|p1a: Sirfetch\u2019d|Sirfetch\u2019d, F|100\/100\n|switch|p2a: Electivire|Electivire, M|100\/100\n|turn|1\n|\n|t:|1700576525\n|move|p2a: Electivire|Power-Up Punch|p1a: Sirfetch\u2019d\n|-damage|p1a: Sirfetch\u2019d|88\/100\n|-boost|p2a: Electivire|atk|1\n|move|p1a: Sirfetch\u2019d|Meteor Assault|p2a: Electivire\n|-crit|p2a: Electivire\n|-damage|p2a: Electivire|0 fnt\n|-mustrecharge|p1a: Sirfetch\u2019d\n|faint|p2a: Electivire\n|\n|upkeep\n|\n|t:|1700576547\n|switch|p2a: Quaxly|Quaxly, M|100\/100\n|turn|2\n|\n|t:|1700576556\n|cant|p1a: Sirfetch\u2019d|recharge\n|move|p2a: Quaxly|Growl|p1a: Sirfetch\u2019d\n|-unboost|p1a: Sirfetch\u2019d|atk|1\n|\n|upkeep\n|turn|3\n|\n|t:|1700576563\n|switch|p1a: Decidueye|Decidueye-Hisui, M|100\/100\n|move|p2a: Quaxly|Growl|p1a: Decidueye\n|-unboost|p1a: Decidueye|atk|1\n|\n|upkeep\n|turn|4\n|\n|t:|1700576573\n|move|p1a: Decidueye|Swords Dance|p1a: Decidueye\n|-boost|p1a: Decidueye|atk|2\n|move|p2a: Quaxly|Growl|p1a: Decidueye\n|-unboost|p1a: Decidueye|atk|1\n|\n|upkeep\n|turn|5\n|\n|t:|1700576581\n|switch|p2a: Armarouge|Armarouge, M|100\/100\n|move|p1a: Decidueye|Swords Dance|p1a: Decidueye\n|-boost|p1a: Decidueye|atk|2\n|\n|upkeep\n|turn|6\n|\n|t:|1700576588\n|move|p2a: Armarouge|Psyshock|p1a: Decidueye\n|-supereffective|p1a: Decidueye\n|-enditem|p1a: Decidueye|Focus Sash\n|-damage|p1a: Decidueye|1\/100\n|move|p1a: Decidueye|Trailblaze|p2a: Armarouge\n|-resisted|p2a: Armarouge\n|-damage|p2a: Armarouge|77\/100\n|-boost|p1a: Decidueye|spe|1\n|-ability|p2a: Armarouge|Weak Armor|boost\n|-unboost|p2a: Armarouge|def|1\n|-boost|p2a: Armarouge|spe|2\n|\n|upkeep\n|turn|7\n|\n|t:|1700576605\n|move|p2a: Armarouge|Aura Sphere|p1a: Decidueye\n|-damage|p1a: Decidueye|0 fnt\n|faint|p1a: Decidueye\n|\n|upkeep\n|\n|t:|1700576611\n|switch|p1a: Sneasler|Sneasler, M|100\/100\n|turn|8\n|\n|t:|1700576620\n|move|p1a: Sneasler|Endure|p1a: Sneasler\n|-singleturn|p1a: Sneasler|move: Endure\n|move|p2a: Armarouge|Psyshock|p1a: Sneasler\n|-supereffective|p1a: Sneasler\n|-activate|p1a: Sneasler|move: Endure\n|-damage|p1a: Sneasler|1\/100\n|-enditem|p1a: Sneasler|Weakness Policy\n|-boost|p1a: Sneasler|atk|2|[from] item: Weakness Policy\n|-boost|p1a: Sneasler|spa|2|[from] item: Weakness Policy\n|\n|upkeep\n|turn|9\n|\n|t:|1700576632\n|move|p1a: Sneasler|Acrobatics|p2a: Armarouge\n|-damage|p2a: Armarouge|0 fnt\n|faint|p2a: Armarouge\n|\n|upkeep\n|\n|t:|1700576638\n|switch|p2a: Entei|Entei|100\/100\n|-ability|p2a: Entei|Pressure\n|turn|10\n|\n|t:|1700576644\n|move|p2a: Entei|Extreme Speed|p1a: Sneasler\n|-damage|p1a: Sneasler|0 fnt\n|faint|p1a: Sneasler\n|-damage|p2a: Entei|91\/100|[from] item: Life Orb\n|\n|upkeep\n|\n|t:|1700576650\n|switch|p1a: Conkeldurr|Conkeldurr, F|100\/100\n|turn|11\n|\n|t:|1700576663\n|-terastallize|p2a: Entei|Fire\n|move|p2a: Entei|Curse|p2a: Entei\n|-unboost|p2a: Entei|spe|1\n|-boost|p2a: Entei|atk|1\n|-boost|p2a: Entei|def|1\n|move|p1a: Conkeldurr|Earthquake|p2a: Entei\n|-supereffective|p2a: Entei\n|-damage|p2a: Entei|47\/100\n|\n|-status|p1a: Conkeldurr|brn|[from] item: Flame Orb\n|upkeep\n|turn|12\n|\n|t:|1700576674\n|-terastallize|p1a: Conkeldurr|Normal\n|move|p2a: Entei|Sacred Fire|p1a: Conkeldurr\n|-damage|p1a: Conkeldurr|0 fnt\n|faint|p1a: Conkeldurr\n|-damage|p2a: Entei|37\/100|[from] item: Life Orb\n|\n|upkeep\n|-message|sowa_limez forfeited.\n|\n|win|Zippybud5\n|raw|sowa_limez's rating: 1082 &rarr; <strong>1055<\/strong><br \/>(-27 for losing)\n|raw|Zippybud5's rating: 1011 &rarr; <strong>1057<\/strong><br \/>(+46 for winning)\n|l|\u2606sowa_limez\n","uploadtime":1700576697,"views":0,"p1id":"sowalimez","p2id":"zippybud5","formatid":"gen9nationaldex","rating":1055,"private":0,"password":""}