{"id":"gen9nationaldex-1994975193","p1":"Rothcore","p2":"PocoLeToxic","format":"[Gen 9] National Dex","log":"|html|<div class=\"broadcast-blue\"><strong>[Gen 9] National Dex is currently suspecting Sneasler! For information on how to participate check out the <a href=\"https:\/\/www.smogon.com\/forums\/threads\/sv-national-dex-suspect-8-just-dance.3731534\/\">suspect thread<\/a>.<\/strong><\/div>\n|j|\u2606Rothcore\n|j|\u2606PocoLeToxic\n|t:|1700509608\n|gametype|singles\n|player|p1|Rothcore|larry|1285\n|player|p2|PocoLeToxic|red-gen1|1384\n|teamsize|p1|6\n|teamsize|p2|6\n|gen|9\n|tier|[Gen 9] National Dex\n|rated|\n|rule|HP Percentage Mod: HP is shown in percentages\n|rule|Endless Battle Clause: Forcing endless battles is banned\n|rule|OHKO Clause: OHKO moves are banned\n|rule|Evasion Clause: Evasion abilities, items, and moves are banned\n|rule|Evasion Abilities Clause: Evasion abilities are banned\n|rule|Evasion Items Clause: Evasion items are banned\n|rule|Evasion Moves Clause: Evasion moves are banned\n|rule|Species Clause: Limit one of each Pok\u00e9mon\n|rule|Sleep Clause Mod: Limit one foe put to sleep\n|clearpoke\n|poke|p1|Ribombee, F|\n|poke|p1|Azumarill, M|\n|poke|p1|Scizor, F|\n|poke|p1|Kommo-o, F|\n|poke|p1|Dondozo, F|\n|poke|p1|Skeledirge, F|\n|poke|p2|Diancie|\n|poke|p2|Volcarona, M|\n|poke|p2|Bisharp, M|\n|poke|p2|Landorus-Therian, M|\n|poke|p2|Manaphy|\n|poke|p2|Serperior, M|\n|teampreview\n|\n|t:|1700509632\n|start\n|switch|p1a: Ribombee|Ribombee, F|100\/100\n|switch|p2a: Diancie|Diancie, shiny|100\/100\n|turn|1\n|\n|t:|1700509643\n|detailschange|p2a: Diancie|Diancie-Mega, shiny\n|-mega|p2a: Diancie|Diancie|Diancite\n|move|p1a: Ribombee|Stun Spore|p2a: Diancie\n|move|p2a: Diancie|Stun Spore|p1a: Ribombee|[from]ability: Magic Bounce\n|-status|p1a: Ribombee|par\n|move|p2a: Diancie|Mystical Fire|p1a: Ribombee\n|-supereffective|p1a: Ribombee\n|-enditem|p1a: Ribombee|Focus Sash\n|-damage|p1a: Ribombee|1\/100 par\n|\n|upkeep\n|turn|2\n|c|\u2606Rothcore|im so good at pokemon fr fr\n|\n|t:|1700509663\n|switch|p1a: Scizor|Scizor, F|100\/100\n|move|p2a: Diancie|Moonblast|p1a: Scizor\n|-resisted|p1a: Scizor\n|-damage|p1a: Scizor|69\/100\n|-unboost|p1a: Scizor|spa|1\n|\n|upkeep\n|turn|3\n|\n|t:|1700509675\n|switch|p2a: Landorus|Landorus-Therian, M, shiny|100\/100\n|-ability|p2a: Landorus|Intimidate|boost\n|-unboost|p1a: Scizor|atk|1\n|detailschange|p1a: Scizor|Scizor-Mega, F\n|-mega|p1a: Scizor|Scizor|Scizorite\n|move|p1a: Scizor|Bullet Punch|p2a: Landorus\n|-damage|p2a: Landorus|75\/100\n|\n|upkeep\n|turn|4\n|\n|t:|1700509686\n|move|p2a: Landorus|Stealth Rock|p1a: Scizor\n|-sidestart|p1: Rothcore|move: Stealth Rock\n|move|p1a: Scizor|U-turn|p2a: Landorus\n|-resisted|p2a: Landorus\n|-damage|p2a: Landorus|60\/100\n|\n|t:|1700509692\n|switch|p1a: Kommo-o|Kommo-o, F|100\/100|[from] U-turn\n|-damage|p1a: Kommo-o|94\/100|[from] Stealth Rock\n|\n|upkeep\n|turn|5\n|\n|t:|1700509701\n|switch|p2a: Diancie|Diancie-Mega, shiny|100\/100\n|move|p1a: Kommo-o|Clangorous Soul|p1a: Kommo-o\n|-boost|p1a: Kommo-o|atk|1\n|-boost|p1a: Kommo-o|def|1\n|-boost|p1a: Kommo-o|spa|1\n|-boost|p1a: Kommo-o|spd|1\n|-boost|p1a: Kommo-o|spe|1\n|-damage|p1a: Kommo-o|61\/100\n|-enditem|p1a: Kommo-o|Throat Spray\n|-boost|p1a: Kommo-o|spa|1|[from] item: Throat Spray\n|\n|upkeep\n|turn|6\n|\n|t:|1700509711\n|move|p1a: Kommo-o|Boomburst|p2a: Diancie\n|-resisted|p2a: Diancie\n|-damage|p2a: Diancie|47\/100\n|move|p2a: Diancie|Moonblast|p1a: Kommo-o\n|-supereffective|p1a: Kommo-o\n|-damage|p1a: Kommo-o|0 fnt\n|faint|p1a: Kommo-o\n|\n|upkeep\n|c|\u2606Rothcore|aight ggg\n|\n|t:|1700509729\n|switch|p1a: Scizor|Scizor-Mega, F|69\/100\n|-damage|p1a: Scizor|56\/100|[from] Stealth Rock\n|turn|7\n|c|\u2606Rothcore|I lose here\n|\n|t:|1700509739\n|switch|p2a: Landorus|Landorus-Therian, M, shiny|60\/100\n|-ability|p2a: Landorus|Intimidate|boost\n|-unboost|p1a: Scizor|atk|1\n|move|p1a: Scizor|Swords Dance|p1a: Scizor\n|-boost|p1a: Scizor|atk|2\n|\n|upkeep\n|turn|8\n|\n|t:|1700509748\n|move|p2a: Landorus|Earthquake|p1a: Scizor\n|-damage|p1a: Scizor|22\/100\n|move|p1a: Scizor|Roost|p1a: Scizor\n|-heal|p1a: Scizor|72\/100\n|-singleturn|p1a: Scizor|move: Roost\n|\n|upkeep\n|turn|9\n|\n|t:|1700509757\n|move|p2a: Landorus|Rock Tomb|p1a: Scizor\n|-damage|p1a: Scizor|57\/100\n|-unboost|p1a: Scizor|spe|1\n|move|p1a: Scizor|Swords Dance|p1a: Scizor\n|-boost|p1a: Scizor|atk|2\n|\n|upkeep\n|turn|10\n|\n|t:|1700509775\n|move|p2a: Landorus|Earthquake|p1a: Scizor\n|-damage|p1a: Scizor|22\/100\n|move|p1a: Scizor|Roost|p1a: Scizor\n|-heal|p1a: Scizor|72\/100\n|-singleturn|p1a: Scizor|move: Roost\n|\n|upkeep\n|turn|11\n|\n|t:|1700509787\n|move|p1a: Scizor|Bullet Punch|p2a: Landorus\n|-damage|p2a: Landorus|0 fnt\n|faint|p2a: Landorus\n|\n|upkeep\n|\n|t:|1700509791\n|switch|p2a: Volcarona|Volcarona, M, shiny|100\/100\n|turn|12\n|\n|t:|1700509799\n|move|p1a: Scizor|Bullet Punch|p2a: Volcarona\n|-resisted|p2a: Volcarona\n|-damage|p2a: Volcarona|44\/100\n|move|p2a: Volcarona|Flamethrower|p1a: Scizor\n|-supereffective|p1a: Scizor\n|-damage|p1a: Scizor|0 fnt\n|faint|p1a: Scizor\n|\n|upkeep\n|\n|t:|1700509808\n|switch|p1a: Skeledirge|Skeledirge, F|100\/100\n|-damage|p1a: Skeledirge|75\/100|[from] Stealth Rock\n|turn|13\n|\n|t:|1700509836\n|-terastallize|p2a: Volcarona|Ground\n|move|p2a: Volcarona|Tera Blast|p1a: Skeledirge|[anim] Tera Blast Ground\n|-supereffective|p1a: Skeledirge\n|-damage|p1a: Skeledirge|3\/100\n|move|p1a: Skeledirge|Torch Song|p2a: Volcarona\n|-damage|p2a: Volcarona|6\/100\n|-boost|p1a: Skeledirge|spa|1\n|\n|-heal|p1a: Skeledirge|9\/100|[from] item: Leftovers\n|upkeep\n|turn|14\n|\n|t:|1700509860\n|move|p2a: Volcarona|Tera Blast|p1a: Skeledirge|[anim] Tera Blast Ground\n|-supereffective|p1a: Skeledirge\n|-damage|p1a: Skeledirge|0 fnt\n|faint|p1a: Skeledirge\n|\n|upkeep\n|\n|t:|1700509866\n|switch|p1a: Azumarill|Azumarill, M|100\/100\n|-damage|p1a: Azumarill|88\/100|[from] Stealth Rock\n|turn|15\n|\n|t:|1700509877\n|move|p1a: Azumarill|Aqua Jet|p2a: Volcarona\n|-supereffective|p2a: Volcarona\n|-damage|p2a: Volcarona|0 fnt\n|faint|p2a: Volcarona\n|\n|upkeep\n|l|\u2606Rothcore\n|player|p1|\n|\n|t:|1700509884\n|switch|p2a: Serperior|Serperior, M, shiny|100\/100\n|turn|16\n|inactive|Battle timer is ON: inactive players will automatically lose when time's up. (requested by PocoLeToxic)\n|inactive|Rothcore has 30 seconds to reconnect!\n|inactive|Rothcore has 20 seconds to reconnect!\n|inactive|Rothcore has 15 seconds to reconnect!\n|inactive|Rothcore has 10 seconds to reconnect!\n|inactive|Rothcore has 5 seconds to reconnect!\n|-message|Rothcore lost due to inactivity.\n|\n|win|PocoLeToxic\n|raw|Rothcore's rating: 1285 &rarr; <strong>1267<\/strong><br \/>(-18 for losing)\n|raw|PocoLeToxic's rating: 1384 &rarr; <strong>1398<\/strong><br \/>(+14 for winning)\n","uploadtime":1700509979,"views":2,"p1id":"rothcore","p2id":"pocoletoxic","formatid":"gen9nationaldex","rating":1267,"private":0,"password":""}