{"id":"gen9nationaldex-1988821408","p1":"namechooserofnames","p2":"Daniel1307","format":"[Gen 9] National Dex","log":"|j|\u2606namechooserofnames\n|j|\u2606Daniel1307\n|t:|1699768223\n|gametype|singles\n|player|p1|namechooserofnames|flint|1127\n|player|p2|Daniel1307|265|1044\n|teamsize|p1|6\n|teamsize|p2|6\n|gen|9\n|tier|[Gen 9] National Dex\n|rated|\n|rule|HP Percentage Mod: HP is shown in percentages\n|rule|Endless Battle Clause: Forcing endless battles is banned\n|rule|OHKO Clause: OHKO moves are banned\n|rule|Evasion Clause: Evasion abilities, items, and moves are banned\n|rule|Evasion Abilities Clause: Evasion abilities are banned\n|rule|Evasion Items Clause: Evasion items are banned\n|rule|Evasion Moves Clause: Evasion moves are banned\n|rule|Species Clause: Limit one of each Pok\u00e9mon\n|rule|Sleep Clause Mod: Limit one foe put to sleep\n|clearpoke\n|poke|p1|Slowbro-Galar, M|\n|poke|p1|Clefable, F|\n|poke|p1|Porygon-Z|\n|poke|p1|Shuckle, M|\n|poke|p1|Tangrowth, M|\n|poke|p1|Sableye, M|\n|poke|p2|Nidoking, M|\n|poke|p2|Umbreon, M|\n|poke|p2|Quaquaval, M|\n|poke|p2|Gyarados, M|\n|poke|p2|Dragonite, M|\n|poke|p2|Hoopa-Unbound|\n|teampreview\n|\n|t:|1699768273\n|start\n|switch|p1a: Bongo|Shuckle, M, shiny|100\/100\n|switch|p2a: Nidoking|Nidoking, M|100\/100\n|turn|1\n|\n|t:|1699768369\n|move|p2a: Nidoking|Sludge Wave|p1a: Bongo\n|-resisted|p1a: Bongo\n|-crit|p1a: Bongo\n|-damage|p1a: Bongo|70\/100\n|move|p1a: Bongo|Stealth Rock|p2a: Nidoking\n|-sidestart|p2: Daniel1307|move: Stealth Rock\n|\n|-heal|p1a: Bongo|76\/100|[from] item: Leftovers\n|upkeep\n|turn|2\n|\n|t:|1699768383\n|move|p2a: Nidoking|Earth Power|p1a: Bongo\n|-damage|p1a: Bongo|37\/100\n|move|p1a: Bongo|Sticky Web|p2a: Nidoking\n|-sidestart|p2: Daniel1307|move: Sticky Web\n|\n|-heal|p1a: Bongo|44\/100|[from] item: Leftovers\n|upkeep\n|turn|3\n|\n|t:|1699768396\n|switch|p1a: Tangrowth|Tangrowth, M|100\/100\n|move|p2a: Nidoking|Earth Power|p1a: Tangrowth\n|-resisted|p1a: Tangrowth\n|-damage|p1a: Tangrowth|73\/100\n|\n|-heal|p1a: Tangrowth|79\/100|[from] item: Leftovers\n|upkeep\n|turn|4\n|\n|t:|1699768406\n|move|p2a: Nidoking|Sludge Wave|p1a: Tangrowth\n|-supereffective|p1a: Tangrowth\n|-damage|p1a: Tangrowth|0 fnt\n|faint|p1a: Tangrowth\n|\n|upkeep\n|\n|t:|1699768412\n|switch|p1a: Brian|Slowbro-Galar, M|100\/100\n|turn|5\n|\n|t:|1699768419\n|-terastallize|p1a: Brian|Water\n|move|p2a: Nidoking|Earth Power|p1a: Brian\n|-damage|p1a: Brian|31\/100\n|move|p1a: Brian|Calm Mind|p1a: Brian\n|-boost|p1a: Brian|spa|1\n|-boost|p1a: Brian|spd|1\n|\n|upkeep\n|turn|6\n|\n|t:|1699768429\n|move|p2a: Nidoking|Sludge Wave|p1a: Brian\n|-damage|p1a: Brian|0 fnt\n|faint|p1a: Brian\n|\n|upkeep\n|\n|t:|1699768433\n|switch|p1a: Porygon-Z|Porygon-Z|100\/100\n|turn|7\n|\n|t:|1699768440\n|-zpower|p1a: Porygon-Z\n|move|p1a: Porygon-Z|Breakneck Blitz|p2a: Nidoking|[zeffect]\n|-damage|p2a: Nidoking|0 fnt\n|faint|p2a: Nidoking\n|\n|upkeep\n|\n|t:|1699768454\n|switch|p2a: Quaquaval|Quaquaval, M|100\/100\n|-damage|p2a: Quaquaval|94\/100|[from] Stealth Rock\n|-activate|p2a: Quaquaval|move: Sticky Web\n|-unboost|p2a: Quaquaval|spe|1\n|turn|8\n|\n|t:|1699768484\n|move|p1a: Porygon-Z|Nasty Plot|p1a: Porygon-Z\n|-boost|p1a: Porygon-Z|spa|2\n|move|p2a: Quaquaval|Rapid Spin|p1a: Porygon-Z\n|-damage|p1a: Porygon-Z|74\/100\n|-boost|p2a: Quaquaval|spe|1\n|-sideend|p2: Daniel1307|Stealth Rock|[from] move: Rapid Spin|[of] p2a: Quaquaval\n|-sideend|p2: Daniel1307|Sticky Web|[from] move: Rapid Spin|[of] p2a: Quaquaval\n|\n|upkeep\n|turn|9\n|\n|t:|1699768501\n|move|p1a: Porygon-Z|Thunderbolt|p2a: Quaquaval\n|-supereffective|p2a: Quaquaval\n|-damage|p2a: Quaquaval|0 fnt\n|faint|p2a: Quaquaval\n|\n|upkeep\n|\n|t:|1699768507\n|switch|p2a: Hoopa|Hoopa-Unbound|100\/100\n|turn|10\n|\n|t:|1699768523\n|move|p2a: Hoopa|Psychic|p1a: Porygon-Z\n|-damage|p1a: Porygon-Z|0 fnt\n|faint|p1a: Porygon-Z\n|\n|upkeep\n|\n|t:|1699768532\n|switch|p1a: Sableye|Sableye, M|100\/100\n|turn|11\n|\n|t:|1699768536\n|switch|p2a: Umbreon|Umbreon, M|100\/100\n|detailschange|p1a: Sableye|Sableye-Mega, M\n|-mega|p1a: Sableye|Sableye|Sablenite\n|move|p1a: Sableye|Protect||[still]\n|-fail|p1a: Sableye\n|\n|upkeep\n|turn|12\n|\n|t:|1699768545\n|move|p2a: Umbreon|Foul Play|p1a: Sableye\n|-damage|p1a: Sableye|72\/100\n|move|p1a: Sableye|Will-O-Wisp|p2a: Umbreon\n|-status|p2a: Umbreon|brn\n|-activate|p2a: Umbreon|ability: Synchronize\n|-status|p1a: Sableye|brn\n|\n|-damage|p2a: Umbreon|94\/100 brn|[from] brn\n|-damage|p1a: Sableye|67\/100 brn|[from] brn\n|upkeep\n|turn|13\n|\n|t:|1699768556\n|switch|p1a: Helga|Clefable, F, shiny|100\/100\n|move|p2a: Umbreon|Foul Play|p1a: Helga\n|-resisted|p1a: Helga\n|-damage|p1a: Helga|97\/100\n|\n|-heal|p1a: Helga|100\/100|[from] item: Leftovers\n|-damage|p2a: Umbreon|88\/100 brn|[from] brn\n|upkeep\n|turn|14\n|\n|t:|1699768568\n|move|p2a: Umbreon|Yawn|p1a: Helga\n|-start|p1a: Helga|move: Yawn|[of] p2a: Umbreon\n|move|p1a: Helga|Heal Bell|p1a: Helga\n|-activate|p1a: Helga|move: Heal Bell\n|-curestatus|p1: Sableye|brn|[msg]\n|\n|-damage|p2a: Umbreon|82\/100 brn|[from] brn\n|upkeep\n|turn|15\n|\n|t:|1699768595\n|switch|p2a: Hoopa|Hoopa-Unbound|100\/100\n|switch|p1a: Sableye|Sableye-Mega, M|67\/100\n|\n|upkeep\n|turn|16\n|\n|t:|1699768608\n|move|p1a: Sableye|Protect|p1a: Sableye\n|-singleturn|p1a: Sableye|Protect\n|move|p2a: Hoopa|Thunderbolt|p1a: Sableye\n|-activate|p1a: Sableye|move: Protect\n|\n|upkeep\n|turn|17\n|\n|t:|1699768614\n|move|p2a: Hoopa|Thunderbolt|p1a: Sableye\n|-damage|p1a: Sableye|29\/100\n|move|p1a: Sableye|Will-O-Wisp|p2a: Hoopa\n|-status|p2a: Hoopa|brn\n|\n|-damage|p2a: Hoopa|95\/100 brn|[from] brn\n|upkeep\n|turn|18\n|\n|t:|1699768623\n|move|p2a: Hoopa|Thunderbolt|p1a: Sableye\n|-damage|p1a: Sableye|0 fnt\n|faint|p1a: Sableye\n|\n|-damage|p2a: Hoopa|89\/100 brn|[from] brn\n|upkeep\n|-message|namechooserofnames forfeited.\n|\n|win|Daniel1307\n|raw|namechooserofnames's rating: 1127 &rarr; <strong>1096<\/strong><br \/>(-31 for losing)\n|raw|Daniel1307's rating: 1044 &rarr; <strong>1085<\/strong><br \/>(+41 for winning)\n|l|\u2606namechooserofnames\n","uploadtime":1699768633,"views":16,"p1id":"namechooserofnames","p2id":"daniel1307","formatid":"gen9nationaldex","rating":1085,"private":0,"password":""}