{"id":"gen9nationaldex-1996552461","p1":"KonichiwaMegumin","p2":"buxet00","format":"[Gen 9] National Dex","log":"|html|<div class=\"broadcast-blue\"><strong>[Gen 9] National Dex is currently suspecting Sneasler! For information on how to participate check out the <a href=\"https:\/\/www.smogon.com\/forums\/threads\/sv-national-dex-suspect-8-just-dance.3731534\/\">suspect thread<\/a>.<\/strong><\/div>\n|j|\u2606KonichiwaMegumin\n|j|\u2606buxet00\n|t:|1700693497\n|gametype|singles\n|player|p1|KonichiwaMegumin|169|1000\n|player|p2|buxet00|steven|1067\n|teamsize|p1|6\n|teamsize|p2|2\n|gen|9\n|tier|[Gen 9] National Dex\n|rated|\n|rule|HP Percentage Mod: HP is shown in percentages\n|rule|Endless Battle Clause: Forcing endless battles is banned\n|rule|OHKO Clause: OHKO moves are banned\n|rule|Evasion Clause: Evasion abilities, items, and moves are banned\n|rule|Evasion Abilities Clause: Evasion abilities are banned\n|rule|Evasion Items Clause: Evasion items are banned\n|rule|Evasion Moves Clause: Evasion moves are banned\n|rule|Species Clause: Limit one of each Pok\u00e9mon\n|rule|Sleep Clause Mod: Limit one foe put to sleep\n|clearpoke\n|poke|p1|Polteageist|\n|poke|p1|Lycanroc-Dusk, M|\n|poke|p1|Charizard, F|\n|poke|p1|Malamar, F|\n|poke|p1|Clodsire, M|\n|poke|p1|Skarmory, M|\n|poke|p2|Zeraora|\n|poke|p2|Maushold-Four|\n|teampreview\n|\n|t:|1700693505\n|start\n|switch|p1a: Malamar|Malamar, F|100\/100\n|switch|p2a: Maushold|Maushold-Four|100\/100\n|turn|1\n|\n|t:|1700693511\n|move|p2a: Maushold|Thunder Wave|p1a: Malamar\n|-status|p1a: Malamar|par\n|cant|p1a: Malamar|par\n|\n|upkeep\n|turn|2\n|\n|t:|1700693518\n|move|p2a: Maushold|Tidy Up|p2a: Maushold\n|-boost|p2a: Maushold|atk|1\n|-boost|p2a: Maushold|spe|1\n|move|p1a: Malamar|Hypnosis|p2a: Maushold|[miss]\n|-miss|p1a: Malamar|p2a: Maushold\n|\n|upkeep\n|turn|3\n|\n|t:|1700693523\n|move|p2a: Maushold|Population Bomb|p1a: Malamar\n|-damage|p1a: Malamar|79\/100 par\n|-damage|p1a: Malamar|57\/100 par\n|-damage|p1a: Malamar|35\/100 par\n|-damage|p1a: Malamar|13\/100 par\n|-damage|p1a: Malamar|0 fnt\n|faint|p1a: Malamar\n|-hitcount|p1: Malamar|5\n|\n|upkeep\n|\n|t:|1700693536\n|switch|p1a: Charizard|Charizard, F|100\/100\n|turn|4\n|\n|t:|1700693540\n|move|p2a: Maushold|Population Bomb|p1a: Charizard\n|-damage|p1a: Charizard|76\/100\n|-damage|p1a: Charizard|53\/100\n|-damage|p1a: Charizard|30\/100\n|-damage|p1a: Charizard|3\/100\n|-enditem|p1a: Charizard|Salac Berry|[eat]\n|-boost|p1a: Charizard|spe|1|[from] item: Salac Berry\n|-damage|p1a: Charizard|0 fnt\n|faint|p1a: Charizard\n|-hitcount|p1: Charizard|5\n|\n|upkeep\n|\n|t:|1700693546\n|switch|p1a: Lycanroc|Lycanroc-Dusk, M|100\/100\n|turn|5\n|\n|t:|1700693552\n|-terastallize|p1a: Lycanroc|Fighting\n|move|p2a: Maushold|Population Bomb|p1a: Lycanroc\n|-damage|p1a: Lycanroc|69\/100\n|-damage|p1a: Lycanroc|37\/100\n|-damage|p1a: Lycanroc|6\/100\n|-damage|p1a: Lycanroc|0 fnt\n|faint|p1a: Lycanroc\n|-hitcount|p1: Lycanroc|4\n|\n|upkeep\n|\n|t:|1700693562\n|switch|p1a: Skarmory|Skarmory, M|100\/100\n|turn|6\n|\n|t:|1700693569\n|move|p2a: Maushold|Population Bomb|p1a: Skarmory\n|-resisted|p1a: Skarmory\n|-damage|p1a: Skarmory|92\/100\n|-resisted|p1a: Skarmory\n|-damage|p1a: Skarmory|84\/100\n|-resisted|p1a: Skarmory\n|-damage|p1a: Skarmory|76\/100\n|-resisted|p1a: Skarmory\n|-damage|p1a: Skarmory|67\/100\n|-resisted|p1a: Skarmory\n|-damage|p1a: Skarmory|58\/100\n|-resisted|p1a: Skarmory\n|-crit|p1a: Skarmory\n|-damage|p1a: Skarmory|45\/100\n|-resisted|p1a: Skarmory\n|-damage|p1a: Skarmory|36\/100\n|-resisted|p1a: Skarmory\n|-damage|p1a: Skarmory|28\/100\n|-resisted|p1a: Skarmory\n|-damage|p1a: Skarmory|20\/100\n|-resisted|p1a: Skarmory\n|-damage|p1a: Skarmory|12\/100\n|-hitcount|p1a: Skarmory|10\n|move|p1a: Skarmory|Steel Beam|p2a: Maushold\n|-damage|p2a: Maushold|68\/100\n|-damage|p1a: Skarmory|0 fnt|[from] steelbeam\n|faint|p1a: Skarmory\n|\n|upkeep\n|\n|t:|1700693571\n|switch|p1a: Clodsire|Clodsire, M|100\/100\n|turn|7\n|\n|t:|1700693590\n|move|p2a: Maushold|Population Bomb|p1a: Clodsire\n|-damage|p1a: Clodsire|81\/100\n|-crit|p1a: Clodsire\n|-damage|p1a: Clodsire|51\/100\n|-damage|p1a: Clodsire|30\/100\n|-damage|p1a: Clodsire|10\/100\n|-status|p2a: Maushold|psn|[from] ability: Poison Point|[of] p1a: Clodsire\n|-enditem|p1a: Clodsire|Salac Berry|[eat]\n|-boost|p1a: Clodsire|spe|1|[from] item: Salac Berry\n|-damage|p1a: Clodsire|0 fnt\n|faint|p1a: Clodsire\n|-hitcount|p1: Clodsire|5\n|\n|-damage|p2a: Maushold|56\/100 psn|[from] psn\n|upkeep\n|\n|t:|1700693592\n|switch|p1a: Polteageist|Polteageist, shiny|100\/100\n|turn|8\n|\n|t:|1700693606\n|move|p2a: Maushold|Thunder Wave|p1a: Polteageist\n|-status|p1a: Polteageist|par\n|move|p1a: Polteageist|Shell Smash|p1a: Polteageist\n|-unboost|p1a: Polteageist|def|1\n|-unboost|p1a: Polteageist|spd|1\n|-boost|p1a: Polteageist|atk|2\n|-boost|p1a: Polteageist|spa|2\n|-boost|p1a: Polteageist|spe|2\n|-enditem|p1a: Polteageist|White Herb\n|-clearnegativeboost|p1a: Polteageist|[silent]\n|\n|-damage|p2a: Maushold|43\/100 psn|[from] psn\n|upkeep\n|turn|9\n|\n|t:|1700693621\n|switch|p2a: Zeraora|Zeraora|100\/100\n|move|p1a: Polteageist|Dark Pulse|p2a: Zeraora\n|-damage|p2a: Zeraora|18\/100\n|\n|upkeep\n|turn|10\n|\n|t:|1700693627\n|move|p2a: Zeraora|Plasma Fists|p1a: Polteageist\n|-damage|p1a: Polteageist|0 fnt\n|-fieldactivate|move: Ion Deluge\n|-hint|Normal-type moves become Electric-type after using Plasma Fists.\n|-start|p2a: Zeraora|Disable|Plasma Fists|[from] ability: Cursed Body|[of] p1a: Polteageist\n|faint|p1a: Polteageist\n|-damage|p2a: Zeraora|8\/100|[from] item: Life Orb\n|\n|win|buxet00\n|raw|KonichiwaMegumin's rating: 1000 &rarr; <strong>1000<\/strong><br \/>(+0 for losing)\n|raw|buxet00's rating: 1067 &rarr; <strong>1091<\/strong><br \/>(+24 for winning)\n","uploadtime":1700693636,"views":4,"p1id":"konichiwamegumin","p2id":"buxet00","formatid":"gen9nationaldex","rating":1000,"private":0,"password":""}