{"id":"gen9nationaldex-1989651148","p1":"dreggy draco","p2":"Audric206 dhd","format":"[Gen 9] National Dex","log":"|j|\u203ddreggy draco\n|j|\u2606Audric206 dhd\n|t:|1699883294\n|gametype|singles\n|player|p1|dreggy draco|shauntal|1000\n|player|p2|Audric206 dhd|cynthia|1055\n|teamsize|p1|6\n|teamsize|p2|6\n|gen|9\n|tier|[Gen 9] National Dex\n|rated|\n|rule|HP Percentage Mod: HP is shown in percentages\n|rule|Endless Battle Clause: Forcing endless battles is banned\n|rule|OHKO Clause: OHKO moves are banned\n|rule|Evasion Clause: Evasion abilities, items, and moves are banned\n|rule|Evasion Abilities Clause: Evasion abilities are banned\n|rule|Evasion Items Clause: Evasion items are banned\n|rule|Evasion Moves Clause: Evasion moves are banned\n|rule|Species Clause: Limit one of each Pok\u00e9mon\n|rule|Sleep Clause Mod: Limit one foe put to sleep\n|clearpoke\n|poke|p1|Charizard, M|\n|poke|p1|Moltres-Galar|\n|poke|p1|Zoroark, M|\n|poke|p1|Aegislash, M|\n|poke|p1|Meowstic-F, F|\n|poke|p1|Lycanroc-Dusk, M|\n|poke|p2|Hatterene, F|\n|poke|p2|Alakazam, F|\n|poke|p2|Exeggutor, M|\n|poke|p2|Houndoom, F|\n|poke|p2|Rhyperior, F|\n|poke|p2|Golduck, F|\n|teampreview\n|\n|t:|1699883329\n|start\n|switch|p1a: Charizard|Charizard, M, shiny|100\/100\n|switch|p2a: Alakazam|Alakazam, F|100\/100\n|turn|1\n|\n|t:|1699883336\n|move|p2a: Alakazam|Shadow Ball|p1a: Charizard\n|-resisted|p1a: Charizard\n|-damage|p1a: Charizard|70\/100\n|replace|p1a: Zoroark|Zoroark, M, shiny\n|-end|p1a: Zoroark|Illusion\n|move|p1a: Zoroark|Calm Mind|p1a: Zoroark\n|-boost|p1a: Zoroark|spa|1\n|-boost|p1a: Zoroark|spd|1\n|\n|-heal|p1a: Zoroark|76\/100|[from] item: Leftovers\n|upkeep\n|turn|2\n|\n|t:|1699883353\n|-terastallize|p1a: Zoroark|Dark\n|move|p1a: Zoroark|Sucker Punch|p2a: Alakazam\n|-supereffective|p2a: Alakazam\n|-damage|p2a: Alakazam|0 fnt\n|faint|p2a: Alakazam\n|\n|-heal|p1a: Zoroark|82\/100|[from] item: Leftovers\n|upkeep\n|\n|t:|1699883361\n|switch|p2a: Golduck|Golduck, F|100\/100\n|turn|3\n|\n|t:|1699883366\n|move|p1a: Zoroark|Calm Mind|p1a: Zoroark\n|-boost|p1a: Zoroark|spa|1\n|-boost|p1a: Zoroark|spd|1\n|move|p2a: Golduck|Fling|p1a: Zoroark\n|-resisted|p1a: Zoroark\n|-damage|p1a: Zoroark|74\/100\n|-status|p1a: Zoroark|tox\n|-enditem|p2a: Golduck|Toxic Orb|[from] move: Fling\n|\n|-heal|p1a: Zoroark|81\/100 tox|[from] item: Leftovers\n|-damage|p1a: Zoroark|74\/100 tox|[from] psn\n|upkeep\n|turn|4\n|\n|t:|1699883381\n|move|p1a: Zoroark|Toxic|p2a: Golduck\n|-status|p2a: Golduck|tox\n|move|p2a: Golduck|Cross Chop|p1a: Zoroark\n|-supereffective|p1a: Zoroark\n|-crit|p1a: Zoroark\n|-damage|p1a: Zoroark|0 fnt\n|faint|p1a: Zoroark\n|\n|-damage|p2a: Golduck|95\/100 tox|[from] psn\n|upkeep\n|\n|t:|1699883395\n|switch|p1a: Meowstic|Meowstic-F, F|100\/100\n|turn|5\n|\n|t:|1699883444\n|move|p1a: Meowstic|Fake Out|p2a: Golduck\n|-damage|p2a: Golduck|87\/100 tox\n|cant|p2a: Golduck|flinch\n|\n|-damage|p2a: Golduck|75\/100 tox|[from] psn\n|upkeep\n|turn|6\n|\n|t:|1699883454\n|move|p1a: Meowstic|Light Screen|p1a: Meowstic\n|-sidestart|p1: dreggy draco|move: Light Screen\n|move|p2a: Golduck|Flip Turn|p1a: Meowstic\n|-damage|p1a: Meowstic|59\/100\n|\n|t:|1699883459\n|switch|p2a: Houndoom|Houndoom, F|100\/100|[from] Flip Turn\n|-ability|p2a: Houndoom|Unnerve\n|\n|-heal|p1a: Meowstic|65\/100|[from] item: Leftovers\n|upkeep\n|turn|7\n|\n|t:|1699883477\n|switch|p1a: Charizard|Charizard, M, shiny|100\/100\n|move|p2a: Houndoom|Dark Pulse|p1a: Charizard\n|-damage|p1a: Charizard|76\/100\n|\n|upkeep\n|turn|8\n|\n|t:|1699883494\n|detailschange|p1a: Charizard|Charizard-Mega-Y, M, shiny\n|-mega|p1a: Charizard|Charizard|Charizardite Y\n|-weather|SunnyDay|[from] ability: Drought|[of] p1a: Charizard\n|move|p2a: Houndoom|Comeuppance||[still]\n|-fail|p2a: Houndoom\n|move|p1a: Charizard|Flamethrower|p2a: Houndoom\n|-resisted|p2a: Houndoom\n|-damage|p2a: Houndoom|42\/100\n|\n|-weather|SunnyDay|[upkeep]\n|upkeep\n|turn|9\n|\n|t:|1699883503\n|move|p2a: Houndoom|Comeuppance||[still]\n|-fail|p2a: Houndoom\n|move|p1a: Charizard|Flamethrower|p2a: Houndoom\n|-resisted|p2a: Houndoom\n|-damage|p2a: Houndoom|0 fnt\n|faint|p2a: Houndoom\n|\n|-weather|SunnyDay|[upkeep]\n|upkeep\n|\n|t:|1699883508\n|switch|p2a: Golduck|Golduck, F|75\/100 tox\n|turn|10\n|\n|t:|1699883517\n|move|p1a: Charizard|Ancient Power|p2a: Golduck\n|-damage|p2a: Golduck|37\/100 tox\n|move|p2a: Golduck|Waterfall|p1a: Charizard\n|-supereffective|p1a: Charizard\n|-damage|p1a: Charizard|29\/100\n|\n|-weather|SunnyDay|[upkeep]\n|-damage|p2a: Golduck|31\/100 tox|[from] psn\n|-sideend|p1: dreggy draco|move: Light Screen\n|upkeep\n|turn|11\n|\n|t:|1699883524\n|move|p1a: Charizard|Ancient Power|p2a: Golduck\n|-damage|p2a: Golduck|0 fnt\n|faint|p2a: Golduck\n|\n|-weather|SunnyDay|[upkeep]\n|upkeep\n|\n|t:|1699883543\n|switch|p2a: Exeggutor|Exeggutor, M|100\/100\n|turn|12\n|\n|t:|1699883550\n|move|p1a: Charizard|Flamethrower|p2a: Exeggutor\n|-supereffective|p2a: Exeggutor\n|-damage|p2a: Exeggutor|0 fnt\n|faint|p2a: Exeggutor\n|\n|-weather|none\n|upkeep\n|\n|t:|1699883552\n|switch|p2a: Rhyperior|Rhyperior, F|100\/100\n|turn|13\n|\n|t:|1699883564\n|switch|p1a: Aegislash|Aegislash, M|100\/100\n|move|p2a: Rhyperior|Ancient Power|p1a: Aegislash\n|-resisted|p1a: Aegislash\n|-damage|p1a: Aegislash|95\/100\n|\n|upkeep\n|turn|14\n|\n|t:|1699883581\n|move|p1a: Aegislash|Autotomize|p1a: Aegislash\n|-boost|p1a: Aegislash|spe|2\n|-start|p1a: Aegislash|Autotomize\n|move|p2a: Rhyperior|Flamethrower|p1a: Aegislash\n|-supereffective|p1a: Aegislash\n|-damage|p1a: Aegislash|72\/100\n|\n|upkeep\n|turn|15\n|\n|t:|1699883617\n|move|p1a: Aegislash|Iron Defense|p1a: Aegislash\n|-boost|p1a: Aegislash|def|2\n|move|p2a: Rhyperior|Flamethrower|p1a: Aegislash\n|-supereffective|p1a: Aegislash\n|-damage|p1a: Aegislash|48\/100\n|\n|upkeep\n|turn|16\n|\n|t:|1699883623\n|-formechange|p1a: Aegislash|Aegislash-Blade||[from] ability: Stance Change\n|move|p1a: Aegislash|Sacred Sword|p2a: Rhyperior\n|-supereffective|p2a: Rhyperior\n|-damage|p2a: Rhyperior|67\/100\n|move|p2a: Rhyperior|Flamethrower|p1a: Aegislash\n|-supereffective|p1a: Aegislash\n|-damage|p1a: Aegislash|1\/100\n|\n|upkeep\n|turn|17\n|\n|t:|1699883632\n|-formechange|p1a: Aegislash|Aegislash||[from] ability: Stance Change\n|move|p1a: Aegislash|King's Shield|p1a: Aegislash\n|-singleturn|p1a: Aegislash|Protect\n|move|p2a: Rhyperior|Ancient Power|p1a: Aegislash\n|-activate|p1a: Aegislash|move: Protect\n|\n|upkeep\n|turn|18\n|\n|t:|1699883642\n|-formechange|p1a: Aegislash|Aegislash-Blade||[from] ability: Stance Change\n|move|p1a: Aegislash|Sacred Sword|p2a: Rhyperior\n|-supereffective|p2a: Rhyperior\n|-damage|p2a: Rhyperior|32\/100\n|move|p2a: Rhyperior|Ancient Power|p1a: Aegislash\n|-resisted|p1a: Aegislash\n|-damage|p1a: Aegislash|0 fnt\n|-boost|p2a: Rhyperior|atk|1\n|-boost|p2a: Rhyperior|def|1\n|-boost|p2a: Rhyperior|spa|1\n|-boost|p2a: Rhyperior|spd|1\n|-boost|p2a: Rhyperior|spe|1\n|faint|p1a: Aegislash\n|\n|upkeep\n|\n|t:|1699883654\n|switch|p1a: Lycanroc|Lycanroc-Dusk, M|100\/100\n|turn|19\n|\n|t:|1699883657\n|-zpower|p1a: Lycanroc\n|move|p1a: Lycanroc|Splintered Stormshards|p2a: Rhyperior|[zeffect]\n|-resisted|p2a: Rhyperior\n|-damage|p2a: Rhyperior|12\/100\n|move|p2a: Rhyperior|Surf|p1a: Lycanroc\n|-supereffective|p1a: Lycanroc\n|-damage|p1a: Lycanroc|0 fnt\n|faint|p1a: Lycanroc\n|\n|upkeep\n|\n|t:|1699883675\n|switch|p1a: Moltres|Moltres-Galar, shiny|100\/100\n|turn|20\n|\n|t:|1699883684\n|move|p1a: Moltres|U-turn|p2a: Rhyperior\n|-damage|p2a: Rhyperior|6\/100\n|\n|t:|1699883688\n|switch|p1a: Meowstic|Meowstic-F, F|65\/100|[from] U-turn\n|move|p2a: Rhyperior|Thunderbolt|p1a: Meowstic\n|-damage|p1a: Meowstic|25\/100\n|\n|-heal|p1a: Meowstic|31\/100|[from] item: Leftovers\n|upkeep\n|turn|21\n|\n|t:|1699883694\n|move|p1a: Meowstic|Psyshock|p2a: Rhyperior\n|-damage|p2a: Rhyperior|0 fnt\n|faint|p2a: Rhyperior\n|\n|-heal|p1a: Meowstic|37\/100|[from] item: Leftovers\n|upkeep\n|\n|t:|1699883697\n|switch|p2a: Hatterene|Hatterene, F|100\/100\n|turn|22\n|\n|t:|1699883705\n|move|p1a: Meowstic|Fake Out||[still]\n|-hint|Fake Out only works on your first turn out.\n|-fail|p1a: Meowstic\n|move|p2a: Hatterene|Trick Room|p2a: Hatterene\n|-fieldstart|move: Trick Room|[of] p2a: Hatterene\n|\n|-heal|p1a: Meowstic|43\/100|[from] item: Leftovers\n|upkeep\n|turn|23\n|\n|t:|1699883715\n|move|p2a: Hatterene|Nuzzle|p1a: Meowstic\n|-damage|p1a: Meowstic|36\/100\n|-status|p1a: Meowstic|par\n|cant|p1a: Meowstic|par\n|\n|-heal|p1a: Meowstic|42\/100 par|[from] item: Leftovers\n|upkeep\n|turn|24\n|\n|t:|1699883722\n|move|p2a: Hatterene|Psychic|p1a: Meowstic\n|-resisted|p1a: Meowstic\n|-damage|p1a: Meowstic|6\/100 par\n|move|p1a: Meowstic|Psyshock|p2a: Hatterene\n|-resisted|p2a: Hatterene\n|-damage|p2a: Hatterene|84\/100\n|\n|-heal|p2a: Hatterene|90\/100|[from] item: Leftovers\n|-heal|p1a: Meowstic|12\/100 par|[from] item: Leftovers\n|upkeep\n|turn|25\n|\n|t:|1699883732\n|move|p2a: Hatterene|Psychic|p1a: Meowstic\n|-resisted|p1a: Meowstic\n|-damage|p1a: Meowstic|0 fnt\n|faint|p1a: Meowstic\n|\n|-heal|p2a: Hatterene|96\/100|[from] item: Leftovers\n|upkeep\n|\n|t:|1699883739\n|switch|p1a: Moltres|Moltres-Galar, shiny|100\/100\n|turn|26\n|\n|t:|1699883743\n|move|p2a: Hatterene|Nuzzle|p1a: Moltres\n|-supereffective|p1a: Moltres\n|-damage|p1a: Moltres|89\/100\n|-status|p1a: Moltres|par\n|cant|p1a: Moltres|par\n|\n|-heal|p2a: Hatterene|100\/100|[from] item: Leftovers\n|-fieldend|move: Trick Room\n|upkeep\n|turn|27\n|\n|t:|1699883751\n|move|p1a: Moltres|Fiery Wrath|p2a: Hatterene\n|-damage|p2a: Hatterene|54\/100\n|move|p2a: Hatterene|Trick Room|p2a: Hatterene\n|-fieldstart|move: Trick Room|[of] p2a: Hatterene\n|\n|-heal|p2a: Hatterene|60\/100|[from] item: Leftovers\n|upkeep\n|turn|28\n|\n|t:|1699883758\n|move|p2a: Hatterene|Giga Drain|p1a: Moltres\n|-resisted|p1a: Moltres\n|-damage|p1a: Moltres|77\/100 par\n|-heal|p2a: Hatterene|67\/100|[from] drain|[of] p1a: Moltres\n|move|p1a: Moltres|Fiery Wrath|p2a: Hatterene\n|-damage|p2a: Hatterene|19\/100\n|\n|-heal|p2a: Hatterene|25\/100|[from] item: Leftovers\n|upkeep\n|turn|29\n|\n|t:|1699883766\n|move|p2a: Hatterene|Giga Drain|p1a: Moltres\n|-resisted|p1a: Moltres\n|-damage|p1a: Moltres|63\/100 par\n|-heal|p2a: Hatterene|32\/100|[from] drain|[of] p1a: Moltres\n|move|p1a: Moltres|Fiery Wrath|p2a: Hatterene\n|-damage|p2a: Hatterene|0 fnt\n|faint|p2a: Hatterene\n|\n|win|dreggy draco\n|raw|dreggy draco's rating: 1000 &rarr; <strong>1046<\/strong><br \/>(+46 for winning)\n|raw|Audric206 dhd's rating: 1055 &rarr; <strong>1034<\/strong><br \/>(-21 for losing)\n|l|\u2606Audric206 dhd\n","uploadtime":1699883785,"views":12,"p1id":"dreggydraco","p2id":"audric206dhd","formatid":"gen9nationaldex","rating":1034,"private":0,"password":""}