{"id":"gen9nationaldex-1993990526","p1":"Denzqqq","p2":"devious fearvg","format":"[Gen 9] National Dex","log":"|j|\u2606Denzqqq\n|j|\u2606devious fearvg\n|t:|1700389382\n|gametype|singles\n|player|p1|Denzqqq|gentleman-gen4|\n|player|p2|devious fearvg|alec-anime|\n|teamsize|p1|6\n|teamsize|p2|6\n|gen|9\n|tier|[Gen 9] National Dex\n|rule|HP Percentage Mod: HP is shown in percentages\n|rule|Endless Battle Clause: Forcing endless battles is banned\n|rule|OHKO Clause: OHKO moves are banned\n|rule|Evasion Clause: Evasion abilities, items, and moves are banned\n|rule|Evasion Abilities Clause: Evasion abilities are banned\n|rule|Evasion Items Clause: Evasion items are banned\n|rule|Evasion Moves Clause: Evasion moves are banned\n|rule|Species Clause: Limit one of each Pok\u00e9mon\n|rule|Sleep Clause Mod: Limit one foe put to sleep\n|clearpoke\n|poke|p1|Sneasler, F|\n|poke|p1|Hydreigon, F|\n|poke|p1|Iron Treads|\n|poke|p1|Rillaboom, F|\n|poke|p1|Mew|\n|poke|p1|Feraligatr, M|\n|poke|p2|Manaphy|\n|poke|p2|Skeledirge, M|\n|poke|p2|Iron Treads|\n|poke|p2|Pidgeot, F|\n|poke|p2|Gallade, M|\n|poke|p2|Sableye, M|\n|teampreview\n|inactive|Battle timer is ON: inactive players will automatically lose when time's up. (requested by Denzqqq)\n|c|\u2606devious fearvg|oh boi\n|\n|t:|1700389412\n|start\n|switch|p1a: We spin brrr|Iron Treads|100\/100\n|switch|p2a: Gallade|Gallade, M|100\/100\n|turn|1\n|j| hattorivt\n|\n|t:|1700389432\n|-end|p1a: We spin brrr|Quark Drive|[silent]\n|switch|p1a: Maow|Mew|100\/100\n|move|p2a: Gallade|Sacred Sword|p1a: Maow\n|-resisted|p1a: Maow\n|-damage|p1a: Maow|69\/100\n|\n|upkeep\n|turn|2\n|c|\u2606devious fearvg|maow\n|\n|t:|1700389445\n|switch|p2a: Sableye|Sableye, M|100\/100\n|move|p1a: Maow|Poltergeist|p2a: Sableye\n|-activate|p2a: Sableye|move: Poltergeist|Leftovers\n|-damage|p2a: Sableye|57\/100\n|\n|-heal|p2a: Sableye|64\/100|[from] item: Leftovers\n|upkeep\n|turn|3\n|\n|t:|1700389466\n|move|p1a: Maow|Play Rough|p2a: Sableye\n|-supereffective|p2a: Sableye\n|-damage|p2a: Sableye|0 fnt\n|faint|p2a: Sableye\n|\n|upkeep\n|inactive|devious fearvg has 270 seconds left.\n|c|\u2606Denzqqq|Delululu\n|inactive|devious fearvg has 240 seconds left.\n|inactive|devious fearvg has 210 seconds left.\n|\n|t:|1700389564\n|switch|p2a: Manaphy|Manaphy|100\/100\n|turn|4\n|\n|t:|1700389574\n|switch|p1a: Monke boom|Rillaboom, F|100\/100\n|-fieldstart|move: Grassy Terrain|[from] ability: Grassy Surge|[of] p1a: Monke boom\n|move|p2a: Manaphy|Acid Armor|p2a: Manaphy\n|-boost|p2a: Manaphy|def|2\n|\n|upkeep\n|turn|5\n|\n|t:|1700389597\n|switch|p2a: Pidgeot|Pidgeot, F|100\/100\n|move|p1a: Monke boom|Grassy Glide|p2a: Pidgeot\n|-resisted|p2a: Pidgeot\n|-damage|p2a: Pidgeot|66\/100\n|-damage|p1a: Monke boom|91\/100|[from] item: Life Orb\n|\n|-heal|p1a: Monke boom|97\/100|[from] Grassy Terrain\n|upkeep\n|turn|6\n|inactive|devious fearvg has 180 seconds left.\n|\n|t:|1700389612\n|switch|p1a: We spin brrr|Iron Treads|100\/100\n|detailschange|p2a: Pidgeot|Pidgeot-Mega, F\n|-mega|p2a: Pidgeot|Pidgeot|Pidgeotite\n|move|p2a: Pidgeot|Hurricane|p1a: We spin brrr\n|-resisted|p1a: We spin brrr\n|-damage|p1a: We spin brrr|77\/100\n|\n|-heal|p1a: We spin brrr|83\/100|[from] Grassy Terrain\n|upkeep\n|turn|7\n|inactive|devious fearvg has 180 seconds left.\n|\n|t:|1700389629\n|move|p2a: Pidgeot|U-turn|p1a: We spin brrr\n|-resisted|p1a: We spin brrr\n|-damage|p1a: We spin brrr|79\/100\n|\n|t:|1700389636\n|switch|p2a: Gallade|Gallade, M|100\/100|[from] U-turn\n|move|p1a: We spin brrr|Volt Switch|p2a: Gallade\n|-damage|p2a: Gallade|89\/100\n|\n|t:|1700389643\n|-end|p1a: We spin brrr|Quark Drive|[silent]\n|switch|p1a: Ban Dire claw|Sneasler, F|100\/100|[from] Volt Switch\n|-enditem|p1a: Ban Dire claw|Grassy Seed\n|-boost|p1a: Ban Dire claw|def|1|[from] item: Grassy Seed\n|\n|-heal|p2a: Gallade|95\/100|[from] Grassy Terrain\n|upkeep\n|turn|8\n|inactive|devious fearvg has 180 seconds left.\n|\n|t:|1700389658\n|move|p1a: Ban Dire claw|Acrobatics|p2a: Gallade\n|-supereffective|p2a: Gallade\n|-damage|p2a: Gallade|0 fnt\n|faint|p2a: Gallade\n|\n|-fieldend|move: Grassy Terrain\n|upkeep\n|inactive|devious fearvg has 180 seconds left.\n|\n|t:|1700389664\n|switch|p2a: Skeledirge|Skeledirge, M|100\/100\n|turn|9\n|\n|t:|1700389686\n|switch|p1a: Three headed|Hydreigon, F|100\/100\n|move|p2a: Skeledirge|Yawn|p1a: Three headed\n|-start|p1a: Three headed|move: Yawn|[of] p2a: Skeledirge\n|\n|upkeep\n|turn|10\n|inactive|devious fearvg has 180 seconds left.\n|c|\u2606Denzqqq|No way bro run yawn over will o\n|inactive|Denzqqq has 270 seconds left.\n|\n|t:|1700389728\n|switch|p1a: FearTheMuncher|Feraligatr, M|100\/100\n|move|p2a: Skeledirge|Shadow Ball|p1a: FearTheMuncher\n|-damage|p1a: FearTheMuncher|63\/100\n|\n|upkeep\n|turn|11\n|\n|t:|1700389737\n|switch|p2a: Manaphy|Manaphy|100\/100\n|move|p1a: FearTheMuncher|Liquidation|p2a: Manaphy\n|-resisted|p2a: Manaphy\n|-damage|p2a: Manaphy|73\/100\n|\n|-heal|p2a: Manaphy|79\/100|[from] item: Leftovers\n|upkeep\n|turn|12\n|inactive|devious fearvg has 150 seconds left.\n|\n|t:|1700389758\n|switch|p1a: Monke boom|Rillaboom, F|97\/100\n|-fieldstart|move: Grassy Terrain|[from] ability: Grassy Surge|[of] p1a: Monke boom\n|move|p2a: Manaphy|Take Heart|p2a: Manaphy\n|-boost|p2a: Manaphy|spa|1\n|-boost|p2a: Manaphy|spd|1\n|\n|-heal|p2a: Manaphy|86\/100|[from] Grassy Terrain\n|-heal|p2a: Manaphy|92\/100|[from] item: Leftovers\n|-heal|p1a: Monke boom|100\/100|[from] Grassy Terrain\n|upkeep\n|turn|13\n|inactive|devious fearvg has 150 seconds left.\n|inactive|Denzqqq has 270 seconds left.\n|\n|t:|1700389774\n|-terastallize|p2a: Manaphy|Steel\n|move|p1a: Monke boom|Grassy Glide|p2a: Manaphy\n|-resisted|p2a: Manaphy\n|-damage|p2a: Manaphy|72\/100\n|-damage|p1a: Monke boom|91\/100|[from] item: Life Orb\n|move|p2a: Manaphy|Acid Armor|p2a: Manaphy\n|-boost|p2a: Manaphy|def|2\n|\n|-heal|p2a: Manaphy|78\/100|[from] Grassy Terrain\n|-heal|p2a: Manaphy|84\/100|[from] item: Leftovers\n|-heal|p1a: Monke boom|97\/100|[from] Grassy Terrain\n|upkeep\n|turn|14\n|\n|t:|1700389783\n|switch|p1a: Three headed|Hydreigon, F|100\/100\n|move|p2a: Manaphy|Take Heart|p2a: Manaphy\n|-boost|p2a: Manaphy|spa|1\n|-boost|p2a: Manaphy|spd|1\n|\n|-heal|p2a: Manaphy|90\/100|[from] Grassy Terrain\n|-heal|p2a: Manaphy|96\/100|[from] item: Leftovers\n|upkeep\n|turn|15\n|\n|t:|1700389788\n|move|p1a: Three headed|Focus Blast|p2a: Manaphy\n|-supereffective|p2a: Manaphy\n|-damage|p2a: Manaphy|60\/100\n|move|p2a: Manaphy|Dazzling Gleam|p1a: Three headed\n|-supereffective|p1a: Three headed\n|-damage|p1a: Three headed|0 fnt\n|faint|p1a: Three headed\n|\n|-heal|p2a: Manaphy|66\/100|[from] Grassy Terrain\n|-heal|p2a: Manaphy|72\/100|[from] item: Leftovers\n|upkeep\n|c|\u2606devious fearvg|manaphy is so stupid\n|\n|t:|1700389805\n|switch|p1a: Ban Dire claw|Sneasler, F|100\/100\n|turn|16\n|\n|t:|1700389812\n|move|p1a: Ban Dire claw|Close Combat|p2a: Manaphy\n|-supereffective|p2a: Manaphy\n|-damage|p2a: Manaphy|22\/100\n|-unboost|p1a: Ban Dire claw|def|1\n|-unboost|p1a: Ban Dire claw|spd|1\n|move|p2a: Manaphy|Stored Power|p1a: Ban Dire claw\n|-supereffective|p1a: Ban Dire claw\n|-damage|p1a: Ban Dire claw|0 fnt\n|faint|p1a: Ban Dire claw\n|\n|-heal|p2a: Manaphy|28\/100|[from] Grassy Terrain\n|-heal|p2a: Manaphy|34\/100|[from] item: Leftovers\n|-fieldend|move: Grassy Terrain\n|upkeep\n|\n|t:|1700389826\n|switch|p1a: We spin brrr|Iron Treads|79\/100\n|turn|17\n|inactive|devious fearvg has 180 seconds left.\n|c|\u2606Denzqqq|Whoever created manaphy deserves painful death\n|c|\u2606devious fearvg|however made take heart\n|c|\u2606devious fearvg|that is\n|\n|t:|1700389859\n|move|p2a: Manaphy|Stored Power|p1a: We spin brrr\n|-resisted|p1a: We spin brrr\n|-damage|p1a: We spin brrr|52\/100\n|move|p1a: We spin brrr|Body Press|p2a: Manaphy\n|-supereffective|p2a: Manaphy\n|-damage|p2a: Manaphy|15\/100\n|\n|-heal|p2a: Manaphy|21\/100|[from] item: Leftovers\n|upkeep\n|turn|18\n|\n|t:|1700389872\n|move|p2a: Manaphy|Acid Armor|p2a: Manaphy\n|-boost|p2a: Manaphy|def|2\n|move|p1a: We spin brrr|Body Press|p2a: Manaphy\n|-supereffective|p2a: Manaphy\n|-damage|p2a: Manaphy|8\/100\n|\n|-heal|p2a: Manaphy|14\/100|[from] item: Leftovers\n|upkeep\n|turn|19\n|\n|t:|1700389878\n|move|p2a: Manaphy|Stored Power|p1a: We spin brrr\n|-resisted|p1a: We spin brrr\n|-damage|p1a: We spin brrr|21\/100\n|move|p1a: We spin brrr|Body Press|p2a: Manaphy\n|-supereffective|p2a: Manaphy\n|-damage|p2a: Manaphy|0 fnt\n|faint|p2a: Manaphy\n|\n|upkeep\n|inactive|devious fearvg has 150 seconds left.\n|c|\u2606Denzqqq|I needed 3 mons to take out manaphy\n|c|\u2606Denzqqq|Such a balanced mon\n|c|\u2606devious fearvg|fr\n|inactive|devious fearvg has 120 seconds left.\n|\n|t:|1700389928\n|switch|p2a: Pidgeot|Pidgeot-Mega, F|66\/100\n|turn|20\n|\n|t:|1700389933\n|move|p2a: Pidgeot|Heat Wave|p1a: We spin brrr\n|-supereffective|p1a: We spin brrr\n|-damage|p1a: We spin brrr|0 fnt\n|faint|p1a: We spin brrr\n|-end|p1a: We spin brrr|Quark Drive|[silent]\n|\n|upkeep\n|\n|t:|1700389956\n|switch|p1a: Maow|Mew|69\/100\n|turn|21\n|\n|t:|1700389972\n|move|p2a: Pidgeot|Hurricane|p1a: Maow\n|-damage|p1a: Maow|9\/100\n|-start|p1a: Maow|confusion\n|-enditem|p1a: Maow|Lum Berry|[eat]\n|-end|p1a: Maow|confusion\n|move|p1a: Maow|Dragon Dance|p1a: Maow\n|-boost|p1a: Maow|atk|1\n|-boost|p1a: Maow|spe|1\n|\n|upkeep\n|turn|22\n|inactive|Denzqqq has 270 seconds left.\n|\n|t:|1700389992\n|switch|p2a: Skeledirge|Skeledirge, M|100\/100\n|move|p1a: Maow|Play Rough|p2a: Skeledirge|[miss]\n|-miss|p1a: Maow|p2a: Skeledirge\n|\n|upkeep\n|turn|23\n|inactive|Denzqqq has 270 seconds left.\n|c|\u2606devious fearvg|very unfort\n|\n|t:|1700390013\n|-terastallize|p1a: Maow|Ghost\n|move|p1a: Maow|Poltergeist|p2a: Skeledirge\n|-activate|p2a: Skeledirge|move: Poltergeist|Heavy-Duty Boots\n|-supereffective|p2a: Skeledirge\n|-damage|p2a: Skeledirge|30\/100\n|move|p2a: Skeledirge|Shadow Ball|p1a: Maow\n|-supereffective|p1a: Maow\n|-damage|p1a: Maow|0 fnt\n|faint|p1a: Maow\n|\n|upkeep\n|c| hattorivt|now it doesn't ko with polte\n|c| hattorivt|thats so unfortunate\n|c|\u2606devious fearvg|skeli is a fat croco\n|inactive|Denzqqq has 240 seconds left.\n|\n|t:|1700390040\n|switch|p1a: Monke boom|Rillaboom, F|97\/100\n|-fieldstart|move: Grassy Terrain|[from] ability: Grassy Surge|[of] p1a: Monke boom\n|turn|24\n|inactive|Denzqqq has 240 seconds left.\n|\n|t:|1700390052\n|move|p1a: Monke boom|Knock Off|p2a: Skeledirge\n|-supereffective|p2a: Skeledirge\n|-damage|p2a: Skeledirge|0 fnt\n|-enditem|p2a: Skeledirge|Heavy-Duty Boots|[from] move: Knock Off|[of] p1a: Monke boom\n|faint|p2a: Skeledirge\n|-damage|p1a: Monke boom|87\/100|[from] item: Life Orb\n|\n|-heal|p1a: Monke boom|93\/100|[from] Grassy Terrain\n|upkeep\n|\n|t:|1700390056\n|switch|p2a: Pidgeot|Pidgeot-Mega, F|66\/100\n|turn|25\n|\n|t:|1700390068\n|move|p1a: Monke boom|Grassy Glide|p2a: Pidgeot\n|-resisted|p2a: Pidgeot\n|-damage|p2a: Pidgeot|33\/100\n|-damage|p1a: Monke boom|83\/100|[from] item: Life Orb\n|move|p2a: Pidgeot|Hurricane|p1a: Monke boom\n|-supereffective|p1a: Monke boom\n|-damage|p1a: Monke boom|0 fnt\n|faint|p1a: Monke boom\n|\n|upkeep\n|\n|t:|1700390072\n|switch|p1a: FearTheMuncher|Feraligatr, M|63\/100\n|turn|26\n|\n|t:|1700390082\n|move|p1a: FearTheMuncher|Aqua Jet|p2a: Pidgeot\n|-damage|p2a: Pidgeot|0 fnt\n|faint|p2a: Pidgeot\n|-damage|p1a: FearTheMuncher|53\/100|[from] item: Life Orb\n|\n|-heal|p1a: FearTheMuncher|59\/100|[from] Grassy Terrain\n|upkeep\n|c|\u2606devious fearvg|man ggs\n|inactive|devious fearvg has 150 seconds left.\n|c|\u2606devious fearvg|u has a 37% chance to ohko\n|\n|t:|1700390107\n|switch|p2a: Iron Treads|Iron Treads|100\/100\n|turn|27\n|\n|t:|1700390115\n|move|p2a: Iron Treads|Earth Power|p1a: FearTheMuncher\n|-crit|p1a: FearTheMuncher\n|-damage|p1a: FearTheMuncher|0 fnt\n|faint|p1a: FearTheMuncher\n|\n|win|devious fearvg\n|c|\u2606devious fearvg|WHAT\n|c|\u2606Denzqqq|Mhm\n|c| hattorivt|wild\n|c|\u2606devious fearvg|THAT CRIT\n|c|\u2606Denzqqq|We love rng\n|c|\u2606devious fearvg|THAT'S FOUL\n|c|\u2606Denzqqq|Sighhhh\n|c|\u2606Denzqqq|Ggs\n|c|\u2606devious fearvg|Nah you should've won\n|c|\u2606Denzqqq|Ban manaphy\n|l|\u2606Denzqqq\n|c|\u2606devious fearvg|Ong\n","uploadtime":1700390153,"views":7,"p1id":"denzqqq","p2id":"deviousfearvg","formatid":"gen9nationaldex","rating":0,"private":0,"password":""}