{"id":"gen9nationaldex-1994157354","p1":"plshelpmeboi","p2":"FeioNando","format":"[Gen 9] National Dex","log":"|j|\u2606plshelpmeboi\n|j|\u2606FeioNando\n|t:|1700413534\n|gametype|singles\n|player|p1|plshelpmeboi|youngcouple-gen4dp|1057\n|player|p2|FeioNando|serena-anime|1008\n|teamsize|p1|6\n|teamsize|p2|6\n|gen|9\n|tier|[Gen 9] National Dex\n|rated|\n|rule|HP Percentage Mod: HP is shown in percentages\n|rule|Endless Battle Clause: Forcing endless battles is banned\n|rule|OHKO Clause: OHKO moves are banned\n|rule|Evasion Clause: Evasion abilities, items, and moves are banned\n|rule|Evasion Abilities Clause: Evasion abilities are banned\n|rule|Evasion Items Clause: Evasion items are banned\n|rule|Evasion Moves Clause: Evasion moves are banned\n|rule|Species Clause: Limit one of each Pok\u00e9mon\n|rule|Sleep Clause Mod: Limit one foe put to sleep\n|clearpoke\n|poke|p1|Mimikyu, F|\n|poke|p1|Emolga, F|\n|poke|p1|Morpeko, M|\n|poke|p1|Dedenne, F|\n|poke|p1|Pikachu, F|\n|poke|p1|Pachirisu, F|\n|poke|p2|Emboar, F|\n|poke|p2|Scovillain, F|\n|poke|p2|Rapidash, F|\n|poke|p2|Marowak-Alola, M|\n|poke|p2|Talonflame, M|\n|poke|p2|Chandelure, F|\n|teampreview\n|\n|t:|1700413547\n|start\n|switch|p1a: Hangry Boi|Morpeko, M|100\/100\n|switch|p2a: Talonflame|Talonflame, M|100\/100\n|turn|1\n|\n|t:|1700413554\n|move|p2a: Talonflame|Tailwind|p2a: Talonflame\n|-sidestart|p2: FeioNando|move: Tailwind\n|move|p1a: Hangry Boi|Aura Wheel|p2a: Talonflame\n|-supereffective|p2a: Talonflame\n|-damage|p2a: Talonflame|0 fnt\n|-boost|p1a: Hangry Boi|spe|1\n|faint|p2a: Talonflame\n|-damage|p1a: Hangry Boi|91\/100|[from] item: Life Orb\n|\n|-formechange|p1a: Hangry Boi|Morpeko-Hangry||[from] ability: Hunger Switch\n|upkeep\n|\n|t:|1700413563\n|switch|p2a: Marowak|Marowak-Alola, M|100\/100\n|turn|2\n|\n|t:|1700413568\n|move|p1a: Hangry Boi|Aura Wheel|p2a: Marowak\n|-supereffective|p2a: Marowak\n|-damage|p2a: Marowak|0 fnt\n|-boost|p1a: Hangry Boi|spe|1\n|faint|p2a: Marowak\n|-damage|p1a: Hangry Boi|81\/100|[from] item: Life Orb\n|\n|-formechange|p1a: Hangry Boi|Morpeko||[from] ability: Hunger Switch\n|upkeep\n|\n|t:|1700413577\n|switch|p2a: Scovillain|Scovillain, F|100\/100\n|turn|3\n|\n|t:|1700413586\n|move|p1a: Hangry Boi|Protect|p1a: Hangry Boi\n|-singleturn|p1a: Hangry Boi|Protect\n|move|p2a: Scovillain|Stomping Tantrum|p1a: Hangry Boi\n|-activate|p1a: Hangry Boi|move: Protect\n|\n|-formechange|p1a: Hangry Boi|Morpeko-Hangry||[from] ability: Hunger Switch\n|upkeep\n|turn|4\n|\n|t:|1700413603\n|-terastallize|p1a: Hangry Boi|Flying\n|move|p1a: Hangry Boi|Aura Wheel|p2a: Scovillain\n|-damage|p2a: Scovillain|19\/100\n|-boost|p1a: Hangry Boi|spe|1\n|-damage|p1a: Hangry Boi|71\/100|[from] item: Life Orb\n|move|p2a: Scovillain|Super Fang|p1a: Hangry Boi\n|-damage|p1a: Hangry Boi|36\/100\n|\n|-sideend|p2: FeioNando|move: Tailwind\n|upkeep\n|turn|5\n|\n|t:|1700413621\n|move|p1a: Hangry Boi|Aura Wheel|p2a: Scovillain\n|-damage|p2a: Scovillain|0 fnt\n|-boost|p1a: Hangry Boi|spe|1\n|faint|p2a: Scovillain\n|-damage|p1a: Hangry Boi|26\/100|[from] item: Life Orb\n|\n|upkeep\n|\n|t:|1700413630\n|switch|p2a: Chandelure|Chandelure, F|100\/100\n|turn|6\n|\n|t:|1700413636\n|move|p1a: Hangry Boi|Knock Off|p2a: Chandelure\n|-supereffective|p2a: Chandelure\n|-damage|p2a: Chandelure|0 fnt\n|-enditem|p2a: Chandelure|Sitrus Berry|[from] move: Knock Off|[of] p1a: Hangry Boi\n|faint|p2a: Chandelure\n|-damage|p1a: Hangry Boi|16\/100|[from] item: Life Orb\n|\n|upkeep\n|\n|t:|1700413643\n|switch|p2a: Emboar|Emboar, F|100\/100\n|turn|7\n|\n|t:|1700413648\n|move|p1a: Hangry Boi|Knock Off|p2a: Emboar\n|-resisted|p2a: Emboar\n|-damage|p2a: Emboar|76\/100\n|-enditem|p2a: Emboar|Assault Vest|[from] move: Knock Off|[of] p1a: Hangry Boi\n|-damage|p1a: Hangry Boi|7\/100|[from] item: Life Orb\n|move|p2a: Emboar|Flame Charge|p1a: Hangry Boi\n|-damage|p1a: Hangry Boi|0 fnt\n|-boost|p2a: Emboar|spe|1\n|faint|p1a: Hangry Boi\n|\n|upkeep\n|\n|t:|1700413667\n|switch|p1a: Scary Squirrel|Pachirisu, F|100\/100\n|turn|8\n|\n|t:|1700413674\n|move|p2a: Emboar|Scald|p1a: Scary Squirrel\n|-damage|p1a: Scary Squirrel|78\/100\n|move|p1a: Scary Squirrel|Toxic|p2a: Emboar\n|-status|p2a: Emboar|tox\n|\n|-heal|p1a: Scary Squirrel|84\/100|[from] item: Leftovers\n|-damage|p2a: Emboar|69\/100 tox|[from] psn\n|upkeep\n|turn|9\n|\n|t:|1700413685\n|move|p1a: Scary Squirrel|Protect|p1a: Scary Squirrel\n|-singleturn|p1a: Scary Squirrel|Protect\n|move|p2a: Emboar|Work Up|p2a: Emboar\n|-boost|p2a: Emboar|atk|1\n|-boost|p2a: Emboar|spa|1\n|\n|-heal|p1a: Scary Squirrel|90\/100|[from] item: Leftovers\n|-damage|p2a: Emboar|57\/100 tox|[from] psn\n|upkeep\n|turn|10\n|\n|t:|1700413693\n|move|p2a: Emboar|Scald|p1a: Scary Squirrel\n|-crit|p1a: Scary Squirrel\n|-damage|p1a: Scary Squirrel|41\/100\n|move|p1a: Scary Squirrel|Volt Switch|p2a: Emboar\n|-damage|p2a: Emboar|40\/100 tox\n|\n|t:|1700413704\n|switch|p1a: Ratty Princess|Pikachu, F|100\/100|[from] Volt Switch\n|\n|-damage|p2a: Emboar|22\/100 tox|[from] psn\n|upkeep\n|turn|11\n|\n|t:|1700413712\n|move|p1a: Ratty Princess|Fake Out|p2a: Emboar\n|-crit|p2a: Emboar\n|-damage|p2a: Emboar|8\/100 tox\n|cant|p2a: Emboar|flinch\n|\n|-damage|p2a: Emboar|0 fnt|[from] psn\n|faint|p2a: Emboar\n|upkeep\n|\n|t:|1700413719\n|switch|p2a: Rapidash|Rapidash, F|100\/100\n|turn|12\n|\n|t:|1700413723\n|move|p2a: Rapidash|Hypnosis|p1a: Ratty Princess\n|-status|p1a: Ratty Princess|slp|[from] move: Hypnosis\n|cant|p1a: Ratty Princess|slp\n|\n|upkeep\n|turn|13\n|\n|t:|1700413731\n|move|p2a: Rapidash|High Horsepower|p1a: Ratty Princess\n|-supereffective|p1a: Ratty Princess\n|-damage|p1a: Ratty Princess|0 fnt\n|faint|p1a: Ratty Princess\n|\n|upkeep\n|\n|t:|1700413739\n|switch|p1a: Flying Squirrel|Emolga, F|100\/100\n|turn|14\n|\n|t:|1700413742\n|move|p2a: Rapidash|Hypnosis|p1a: Flying Squirrel\n|-status|p1a: Flying Squirrel|slp|[from] move: Hypnosis\n|cant|p1a: Flying Squirrel|slp\n|\n|upkeep\n|turn|15\n|\n|t:|1700413747\n|move|p2a: Rapidash|Poison Jab|p1a: Flying Squirrel\n|-damage|p1a: Flying Squirrel|55\/100 slp\n|cant|p1a: Flying Squirrel|slp\n|\n|upkeep\n|turn|16\n|\n|t:|1700413752\n|move|p2a: Rapidash|Poison Jab|p1a: Flying Squirrel\n|-damage|p1a: Flying Squirrel|8\/100 slp\n|-curestatus|p1a: Flying Squirrel|slp|[msg]\n|move|p1a: Flying Squirrel|Discharge|p2a: Rapidash\n|-damage|p2a: Rapidash|44\/100\n|-damage|p1a: Flying Squirrel|0 fnt|[from] item: Life Orb\n|faint|p1a: Flying Squirrel\n|\n|upkeep\n|\n|t:|1700413756\n|switch|p1a: Ratty Queen|Dedenne, F|100\/100\n|turn|17\n|\n|t:|1700413766\n|move|p2a: Rapidash|Poison Jab|p1a: Ratty Queen\n|-supereffective|p1a: Ratty Queen\n|-damage|p1a: Ratty Queen|7\/100\n|-enditem|p1a: Ratty Queen|Sitrus Berry|[eat]\n|-heal|p1a: Ratty Queen|31\/100|[from] item: Sitrus Berry\n|-heal|p1a: Ratty Queen|64\/100|[from] ability: Cheek Pouch\n|move|p1a: Ratty Queen|Nuzzle|p2a: Rapidash\n|-damage|p2a: Rapidash|37\/100\n|-status|p2a: Rapidash|par\n|\n|upkeep\n|turn|18\n|-message|FeioNando forfeited.\n|\n|win|plshelpmeboi\n|raw|plshelpmeboi's rating: 1057 &rarr; <strong>1084<\/strong><br \/>(+27 for winning)\n|raw|FeioNando's rating: 1008 &rarr; <strong>1000<\/strong><br \/>(-8 for losing)\n|l|\u2606FeioNando\n","uploadtime":1700413783,"views":7,"p1id":"plshelpmeboi","p2id":"feionando","formatid":"gen9nationaldex","rating":1000,"private":0,"password":""}