{"id":"gen9nationaldex-1994241090","p1":"Marty1010","p2":"Pokegenius30","format":"[Gen 9] National Dex","log":"|j|\u2606Marty1010\n|j|\u2606Pokegenius30\n|t:|1700422491\n|gametype|singles\n|player|p1|Marty1010|crasherwake|1199\n|player|p2|Pokegenius30|acetrainersnow|1317\n|teamsize|p1|6\n|teamsize|p2|6\n|gen|9\n|tier|[Gen 9] National Dex\n|rated|\n|rule|HP Percentage Mod: HP is shown in percentages\n|rule|Endless Battle Clause: Forcing endless battles is banned\n|rule|OHKO Clause: OHKO moves are banned\n|rule|Evasion Clause: Evasion abilities, items, and moves are banned\n|rule|Evasion Abilities Clause: Evasion abilities are banned\n|rule|Evasion Items Clause: Evasion items are banned\n|rule|Evasion Moves Clause: Evasion moves are banned\n|rule|Species Clause: Limit one of each Pok\u00e9mon\n|rule|Sleep Clause Mod: Limit one foe put to sleep\n|clearpoke\n|poke|p1|Charizard, F|\n|poke|p1|Leafeon, M|\n|poke|p1|Ferrothorn, M|\n|poke|p1|Corviknight, F|\n|poke|p1|Garganacl, M|\n|poke|p1|Toxapex, F|\n|poke|p2|Hydreigon, M|\n|poke|p2|Hoopa-Unbound|\n|poke|p2|Lokix, M|\n|poke|p2|Greninja-*, M|\n|poke|p2|Muk-Alola, M|\n|poke|p2|Incineroar, M|\n|teampreview\n|inactive|Battle timer is ON: inactive players will automatically lose when time's up. (requested by Pokegenius30)\n|\n|t:|1700422501\n|start\n|switch|p1a: Poison|Toxapex, F|100\/100\n|switch|p2a: Greninja|Greninja, M|100\/100\n|turn|1\n|\n|t:|1700422508\n|move|p2a: Greninja|Extrasensory|p1a: Poison\n|-start|p2a: Greninja|typechange|Psychic|[from] ability: Protean\n|-supereffective|p1a: Poison\n|-damage|p1a: Poison|41\/100\n|move|p1a: Poison|Toxic Spikes|p2a: Greninja\n|-sidestart|p2: Pokegenius30|move: Toxic Spikes\n|\n|-heal|p1a: Poison|48\/100|[from] item: Black Sludge\n|upkeep\n|turn|2\n|\n|t:|1700422519\n|switch|p2a: Muk|Muk-Alola, M|100\/100\n|-sideend|p2: Pokegenius30|move: Toxic Spikes|[of] p2a: Muk\n|move|p1a: Poison|Baneful Bunker||[still]\n|-fail|p1a: Poison\n|\n|-heal|p1a: Poison|54\/100|[from] item: Black Sludge\n|upkeep\n|turn|3\n|\n|t:|1700422528\n|move|p2a: Muk|Curse|p2a: Muk\n|-unboost|p2a: Muk|spe|1\n|-boost|p2a: Muk|atk|1\n|-boost|p2a: Muk|def|1\n|move|p1a: Poison|Toxic Spikes|p2a: Muk\n|-sidestart|p2: Pokegenius30|move: Toxic Spikes\n|\n|-heal|p1a: Poison|60\/100|[from] item: Black Sludge\n|upkeep\n|turn|4\n|\n|t:|1700422537\n|move|p1a: Poison|Toxic Spikes|p2a: Muk\n|-sidestart|p2: Pokegenius30|move: Toxic Spikes\n|move|p2a: Muk|Curse|p2a: Muk\n|-unboost|p2a: Muk|spe|1\n|-boost|p2a: Muk|atk|1\n|-boost|p2a: Muk|def|1\n|\n|-heal|p1a: Poison|66\/100|[from] item: Black Sludge\n|upkeep\n|turn|5\n|\n|t:|1700422546\n|move|p1a: Poison|Haze|p1a: Poison\n|-clearallboost\n|move|p2a: Muk|Knock Off|p1a: Poison\n|-damage|p1a: Poison|46\/100\n|-enditem|p1a: Poison|Black Sludge|[from] move: Knock Off|[of] p2a: Muk\n|\n|upkeep\n|turn|6\n|\n|t:|1700422554\n|switch|p2a: Hydreigon|Hydreigon, M|100\/100\n|switch|p1a: Garganacl|Garganacl, M|100\/100\n|\n|upkeep\n|turn|7\n|\n|t:|1700422563\n|move|p2a: Hydreigon|Stealth Rock|p1a: Garganacl\n|-sidestart|p1: Marty1010|move: Stealth Rock\n|move|p1a: Garganacl|Rock Polish|p1a: Garganacl\n|-boost|p1a: Garganacl|spe|2\n|\n|upkeep\n|turn|8\n|\n|t:|1700422569\n|switch|p2a: Muk|Muk-Alola, M|100\/100\n|-sideend|p2: Pokegenius30|move: Toxic Spikes|[of] p2a: Muk\n|move|p1a: Garganacl|Salt Cure|p2a: Muk\n|-damage|p2a: Muk|78\/100\n|-start|p2a: Muk|Salt Cure\n|-damage|p1a: Garganacl|91\/100|[from] item: Life Orb\n|\n|-damage|p2a: Muk|66\/100|[from] Salt Cure\n|upkeep\n|turn|9\n|\n|t:|1700422592\n|-terastallize|p2a: Muk|Ghost\n|move|p1a: Garganacl|Earthquake|p2a: Muk\n|-damage|p2a: Muk|29\/100\n|-damage|p1a: Garganacl|81\/100|[from] item: Life Orb\n|move|p2a: Muk|Knock Off|p1a: Garganacl\n|-damage|p1a: Garganacl|52\/100\n|-enditem|p1a: Garganacl|Life Orb|[from] move: Knock Off|[of] p2a: Muk\n|\n|-damage|p2a: Muk|17\/100|[from] Salt Cure\n|upkeep\n|turn|10\n|-enditem|p2a: Muk|Custap Berry|[eat]\n|-activate|p2a: Muk|item: Custap Berry|[consumed]\n|\n|t:|1700422605\n|move|p2a: Muk|Rest|p2a: Muk\n|-status|p2a: Muk|slp|[from] move: Rest\n|-heal|p2a: Muk|100\/100 slp|[silent]\n|move|p1a: Garganacl|Rock Polish|p1a: Garganacl\n|-boost|p1a: Garganacl|spe|2\n|\n|-damage|p2a: Muk|88\/100 slp|[from] Salt Cure\n|upkeep\n|turn|11\n|\n|t:|1700422616\n|move|p1a: Garganacl|Rock Polish|p1a: Garganacl\n|-boost|p1a: Garganacl|spe|2\n|cant|p2a: Muk|slp\n|move|p2a: Muk|Sleep Talk|p2a: Muk\n|move|p2a: Muk|Knock Off|p1a: Garganacl|[from]move: Sleep Talk\n|-damage|p1a: Garganacl|34\/100\n|\n|-damage|p2a: Muk|75\/100 slp|[from] Salt Cure\n|upkeep\n|turn|12\n|\n|t:|1700422630\n|move|p1a: Garganacl|Stone Edge|p2a: Muk|[miss]\n|-miss|p1a: Garganacl|p2a: Muk\n|cant|p2a: Muk|slp\n|move|p2a: Muk|Sleep Talk|p2a: Muk\n|move|p2a: Muk|Curse|p1a: Garganacl|[from]move: Sleep Talk\n|-start|p1a: Garganacl|Curse|[of] p2a: Muk\n|-damage|p2a: Muk|25\/100 slp\n|\n|-damage|p1a: Garganacl|9\/100|[from] Curse\n|-damage|p2a: Muk|13\/100 slp|[from] Salt Cure\n|upkeep\n|turn|13\n|\n|t:|1700422644\n|move|p1a: Garganacl|Stone Edge|p2a: Muk\n|-damage|p2a: Muk|0 fnt\n|faint|p2a: Muk\n|\n|-damage|p1a: Garganacl|0 fnt|[from] Curse\n|faint|p1a: Garganacl\n|upkeep\n|\n|t:|1700422654\n|switch|p1a: Poison|Toxapex, F|79\/100\n|switch|p2a: Hydreigon|Hydreigon, M|100\/100\n|-damage|p1a: Poison|67\/100|[from] Stealth Rock\n|turn|14\n|\n|t:|1700422661\n|move|p2a: Hydreigon|Charge Beam|p1a: Poison\n|-supereffective|p1a: Poison\n|-damage|p1a: Poison|35\/100\n|-boost|p2a: Hydreigon|spa|1\n|move|p1a: Poison|Toxic Spikes|p2a: Hydreigon\n|-sidestart|p2: Pokegenius30|move: Toxic Spikes\n|\n|upkeep\n|turn|15\n|\n|t:|1700422668\n|move|p1a: Poison|Baneful Bunker|p1a: Poison\n|-singleturn|p1a: Poison|move: Protect\n|move|p2a: Hydreigon|Charge Beam|p1a: Poison\n|-activate|p1a: Poison|move: Protect\n|\n|upkeep\n|turn|16\n|\n|t:|1700422674\n|switch|p1a: Spikey|Ferrothorn, M|100\/100\n|-damage|p1a: Spikey|95\/100|[from] Stealth Rock\n|move|p2a: Hydreigon|Charge Beam|p1a: Spikey\n|-resisted|p1a: Spikey\n|-damage|p1a: Spikey|83\/100\n|-boost|p2a: Hydreigon|spa|1\n|\n|-heal|p1a: Spikey|89\/100|[from] item: Leftovers\n|upkeep\n|turn|17\n|\n|t:|1700422685\n|move|p2a: Hydreigon|Fire Blast|p1a: Spikey\n|-supereffective|p1a: Spikey\n|-damage|p1a: Spikey|0 fnt\n|faint|p1a: Spikey\n|\n|upkeep\n|\n|t:|1700422695\n|switch|p1a: Charli|Charizard, F|100\/100\n|-damage|p1a: Charli|51\/100|[from] Stealth Rock\n|turn|18\n|\n|t:|1700422702\n|switch|p2a: Incineroar|Incineroar, M|100\/100\n|-status|p2a: Incineroar|psn\n|-ability|p2a: Incineroar|Intimidate|boost\n|-unboost|p1a: Charli|atk|1\n|detailschange|p1a: Charli|Charizard-Mega-Y, F\n|-mega|p1a: Charli|Charizard|Charizardite Y\n|-weather|SunnyDay|[from] ability: Drought|[of] p1a: Charli\n|move|p1a: Charli|Weather Ball|p2a: Incineroar\n|-resisted|p2a: Incineroar\n|-damage|p2a: Incineroar|46\/100 psn\n|\n|-weather|SunnyDay|[upkeep]\n|-damage|p2a: Incineroar|34\/100 psn|[from] psn\n|upkeep\n|turn|19\n|\n|t:|1700422717\n|move|p1a: Charli|Ancient Power|p2a: Incineroar\n|-supereffective|p2a: Incineroar\n|-damage|p2a: Incineroar|0 fnt\n|faint|p2a: Incineroar\n|\n|-weather|SunnyDay|[upkeep]\n|upkeep\n|\n|t:|1700422731\n|switch|p2a: Hoopa|Hoopa-Unbound|100\/100\n|-status|p2a: Hoopa|psn\n|turn|20\n|\n|t:|1700422737\n|move|p1a: Charli|Weather Ball|p2a: Hoopa\n|-damage|p2a: Hoopa|51\/100 psn\n|move|p2a: Hoopa|Psychic|p1a: Charli\n|-damage|p1a: Charli|0 fnt\n|faint|p1a: Charli\n|\n|-weather|SunnyDay|[upkeep]\n|-damage|p2a: Hoopa|39\/100 psn|[from] psn\n|upkeep\n|\n|t:|1700422745\n|switch|p1a: Leon|Leafeon, M|100\/100\n|-damage|p1a: Leon|88\/100|[from] Stealth Rock\n|turn|21\n|\n|t:|1700422752\n|move|p1a: Leon|Knock Off|p2a: Hoopa\n|-damage|p2a: Hoopa|0 fnt\n|-enditem|p2a: Hoopa|Assault Vest|[from] move: Knock Off|[of] p1a: Leon\n|faint|p2a: Hoopa\n|\n|-weather|SunnyDay|[upkeep]\n|upkeep\n|\n|t:|1700422760\n|switch|p2a: Lokix|Lokix, M|100\/100\n|-status|p2a: Lokix|psn\n|turn|22\n|\n|t:|1700422764\n|move|p2a: Lokix|First Impression|p1a: Leon\n|-supereffective|p1a: Leon\n|-damage|p1a: Leon|0 fnt\n|faint|p1a: Leon\n|\n|-weather|none\n|-damage|p2a: Lokix|88\/100 psn|[from] psn\n|upkeep\n|\n|t:|1700422771\n|switch|p1a: Corviknight|Corviknight, F|100\/100\n|-ability|p1a: Corviknight|Pressure\n|turn|23\n|\n|t:|1700422779\n|switch|p2a: Hydreigon|Hydreigon, M|100\/100\n|move|p1a: Corviknight|Iron Defense|p1a: Corviknight\n|-boost|p1a: Corviknight|def|2\n|\n|upkeep\n|turn|24\n|\n|t:|1700422789\n|-terastallize|p1a: Corviknight|Fighting\n|move|p2a: Hydreigon|Fire Blast|p1a: Corviknight\n|-damage|p1a: Corviknight|71\/100\n|move|p1a: Corviknight|Iron Defense|p1a: Corviknight\n|-boost|p1a: Corviknight|def|2\n|\n|upkeep\n|turn|25\n|\n|t:|1700422800\n|move|p2a: Hydreigon|Charge Beam|p1a: Corviknight\n|-damage|p1a: Corviknight|59\/100\n|-boost|p2a: Hydreigon|spa|1\n|move|p1a: Corviknight|Body Press|p2a: Hydreigon\n|-supereffective|p2a: Hydreigon\n|-damage|p2a: Hydreigon|0 fnt\n|faint|p2a: Hydreigon\n|\n|upkeep\n|\n|t:|1700422809\n|switch|p2a: Greninja|Greninja, M|100\/100\n|-status|p2a: Greninja|psn\n|turn|26\n|\n|t:|1700422814\n|move|p2a: Greninja|Extrasensory|p1a: Corviknight\n|-start|p2a: Greninja|typechange|Psychic|[from] ability: Protean\n|-supereffective|p1a: Corviknight\n|-damage|p1a: Corviknight|12\/100\n|move|p1a: Corviknight|Roost|p1a: Corviknight\n|-heal|p1a: Corviknight|62\/100\n|\n|-damage|p2a: Greninja|88\/100 psn|[from] psn\n|upkeep\n|turn|27\n|\n|t:|1700422824\n|move|p2a: Greninja|Extrasensory|p1a: Corviknight\n|-supereffective|p1a: Corviknight\n|-damage|p1a: Corviknight|14\/100\n|move|p1a: Corviknight|Roost|p1a: Corviknight\n|-heal|p1a: Corviknight|64\/100\n|\n|-damage|p2a: Greninja|76\/100 psn|[from] psn\n|upkeep\n|turn|28\n|c|\u2606Pokegenius30|Zzz\n|\n|t:|1700422835\n|move|p2a: Greninja|Extrasensory|p1a: Corviknight\n|-supereffective|p1a: Corviknight\n|-damage|p1a: Corviknight|16\/100\n|move|p1a: Corviknight|Roost|p1a: Corviknight\n|-heal|p1a: Corviknight|66\/100\n|\n|-damage|p2a: Greninja|64\/100 psn|[from] psn\n|upkeep\n|turn|29\n|\n|t:|1700422844\n|move|p2a: Greninja|Extrasensory|p1a: Corviknight\n|-supereffective|p1a: Corviknight\n|-damage|p1a: Corviknight|17\/100\n|move|p1a: Corviknight|Roost|p1a: Corviknight\n|-heal|p1a: Corviknight|67\/100\n|\n|-damage|p2a: Greninja|51\/100 psn|[from] psn\n|upkeep\n|turn|30\n|\n|t:|1700422853\n|move|p2a: Greninja|Extrasensory|p1a: Corviknight\n|-supereffective|p1a: Corviknight\n|-damage|p1a: Corviknight|19\/100\n|move|p1a: Corviknight|Roost|p1a: Corviknight\n|-heal|p1a: Corviknight|69\/100\n|\n|-damage|p2a: Greninja|39\/100 psn|[from] psn\n|upkeep\n|turn|31\n|\n|t:|1700422863\n|move|p2a: Greninja|Extrasensory|p1a: Corviknight\n|-supereffective|p1a: Corviknight\n|-damage|p1a: Corviknight|25\/100\n|move|p1a: Corviknight|Roost|p1a: Corviknight\n|-heal|p1a: Corviknight|75\/100\n|\n|-damage|p2a: Greninja|27\/100 psn|[from] psn\n|upkeep\n|turn|32\n|\n|t:|1700422871\n|move|p2a: Greninja|Extrasensory|p1a: Corviknight\n|-supereffective|p1a: Corviknight\n|-damage|p1a: Corviknight|25\/100\n|move|p1a: Corviknight|Roost|p1a: Corviknight\n|-heal|p1a: Corviknight|75\/100\n|\n|-damage|p2a: Greninja|15\/100 psn|[from] psn\n|upkeep\n|turn|33\n|\n|t:|1700422880\n|move|p2a: Greninja|Extrasensory|p1a: Corviknight\n|-supereffective|p1a: Corviknight\n|-damage|p1a: Corviknight|30\/100\n|move|p1a: Corviknight|Roost|p1a: Corviknight\n|-heal|p1a: Corviknight|80\/100\n|\n|-damage|p2a: Greninja|2\/100 psn|[from] psn\n|upkeep\n|turn|34\n|\n|t:|1700422889\n|move|p2a: Greninja|Extrasensory|p1a: Corviknight\n|-supereffective|p1a: Corviknight\n|-damage|p1a: Corviknight|35\/100\n|move|p1a: Corviknight|Body Press|p2a: Greninja\n|-resisted|p2a: Greninja\n|-damage|p2a: Greninja|0 fnt\n|faint|p2a: Greninja\n|\n|upkeep\n|\n|t:|1700422898\n|switch|p2a: Lokix|Lokix, M|88\/100 psn\n|turn|35\n|\n|t:|1700422906\n|switch|p1a: Poison|Toxapex, F|68\/100\n|-damage|p1a: Poison|55\/100|[from] Stealth Rock\n|move|p2a: Lokix|Axe Kick|p1a: Poison\n|-resisted|p1a: Poison\n|-damage|p1a: Poison|19\/100\n|-start|p1a: Poison|confusion\n|\n|-damage|p2a: Lokix|76\/100 psn|[from] psn\n|upkeep\n|turn|36\n|\n|t:|1700422916\n|switch|p1a: Corviknight|Corviknight, F, tera:Fighting|35\/100\n|-ability|p1a: Corviknight|Pressure\n|move|p2a: Lokix|Axe Kick|p1a: Corviknight\n|-damage|p1a: Corviknight|0 fnt\n|faint|p1a: Corviknight\n|\n|-damage|p2a: Lokix|63\/100 psn|[from] psn\n|upkeep\n|\n|t:|1700422925\n|switch|p1a: Poison|Toxapex, F|52\/100\n|-damage|p1a: Poison|39\/100|[from] Stealth Rock\n|turn|37\n|\n|t:|1700422930\n|move|p1a: Poison|Baneful Bunker|p1a: Poison\n|-singleturn|p1a: Poison|move: Protect\n|move|p2a: Lokix|Axe Kick|p1a: Poison\n|-activate|p1a: Poison|move: Protect\n|-damage|p2a: Lokix|14\/100 psn|[from] highjumpkick\n|\n|-damage|p2a: Lokix|1\/100 psn|[from] psn\n|upkeep\n|turn|38\n|\n|t:|1700422940\n|move|p1a: Poison|Baneful Bunker|p1a: Poison\n|-singleturn|p1a: Poison|move: Protect\n|move|p2a: Lokix|Axe Kick|p1a: Poison\n|-activate|p1a: Poison|move: Protect\n|-damage|p2a: Lokix|0 fnt|[from] highjumpkick\n|faint|p2a: Lokix\n|\n|win|Marty1010\n|raw|Marty1010's rating: 1199 &rarr; <strong>1232<\/strong><br \/>(+33 for winning)\n|raw|Pokegenius30's rating: 1317 &rarr; <strong>1290<\/strong><br \/>(-27 for losing)\n|l|\u2606Pokegenius30\n|c|\u2606Marty1010|gg\n","uploadtime":1700422980,"views":10,"p1id":"marty1010","p2id":"pokegenius30","formatid":"gen9nationaldex","rating":1232,"private":0,"password":""}