{"id":"gen9nationaldex-1998303155","p1":"shaggysoloo","p2":"1nfuseddd","format":"[Gen 9] National Dex","log":"|html|<div class=\"broadcast-blue\"><strong>[Gen 9] National Dex is currently suspecting Sneasler! For information on how to participate check out the <a href=\"https:\/\/www.smogon.com\/forums\/threads\/sv-national-dex-suspect-8-just-dance.3731534\/\">suspect thread<\/a>.<\/strong><\/div>\n|j|\u2606shaggysoloo\n|j|\u26061nfuseddd\n|t:|1700926982\n|gametype|singles\n|player|p1|shaggysoloo|101|\n|player|p2|1nfuseddd|hilda-wonderlauncher|\n|teamsize|p1|6\n|teamsize|p2|6\n|gen|9\n|tier|[Gen 9] National Dex\n|rule|HP Percentage Mod: HP is shown in percentages\n|rule|Endless Battle Clause: Forcing endless battles is banned\n|rule|OHKO Clause: OHKO moves are banned\n|rule|Evasion Clause: Evasion abilities, items, and moves are banned\n|rule|Evasion Abilities Clause: Evasion abilities are banned\n|rule|Evasion Items Clause: Evasion items are banned\n|rule|Evasion Moves Clause: Evasion moves are banned\n|rule|Species Clause: Limit one of each Pok\u00e9mon\n|rule|Sleep Clause Mod: Limit one foe put to sleep\n|clearpoke\n|poke|p1|Garchomp, F|\n|poke|p1|Swampert, M|\n|poke|p1|Golurk|\n|poke|p1|Flygon, F|\n|poke|p1|Seismitoad, M|\n|poke|p1|Torterra, F|\n|poke|p2|Delphox, F|\n|poke|p2|Blaziken, M|\n|poke|p2|Charizard, M|\n|poke|p2|Ceruledge, F|\n|poke|p2|Talonflame, F|\n|poke|p2|Iron Moth|\n|teampreview\n|\n|t:|1700926988\n|start\n|switch|p1a: Seismitoad|Seismitoad, M|100\/100\n|switch|p2a: Blaziken|Blaziken, M|100\/100\n|turn|1\n|\n|t:|1700926995\n|move|p2a: Blaziken|Swords Dance|p2a: Blaziken\n|-boost|p2a: Blaziken|atk|2\n|move|p1a: Seismitoad|Hydro Pump|p2a: Blaziken|[miss]\n|-miss|p1a: Seismitoad|p2a: Blaziken\n|\n|-ability|p2a: Blaziken|Speed Boost|boost\n|-boost|p2a: Blaziken|spe|1\n|upkeep\n|turn|2\n|\n|t:|1700927004\n|-terastallize|p1a: Seismitoad|Water\n|move|p2a: Blaziken|Low Kick|p1a: Seismitoad\n|-damage|p1a: Seismitoad|9\/100\n|move|p1a: Seismitoad|Hydro Pump|p2a: Blaziken|[miss]\n|-miss|p1a: Seismitoad|p2a: Blaziken\n|\n|-ability|p2a: Blaziken|Speed Boost|boost\n|-boost|p2a: Blaziken|spe|1\n|upkeep\n|turn|3\n|\n|t:|1700927016\n|move|p2a: Blaziken|Low Kick|p1a: Seismitoad\n|-damage|p1a: Seismitoad|0 fnt\n|faint|p1a: Seismitoad\n|\n|-ability|p2a: Blaziken|Speed Boost|boost\n|-boost|p2a: Blaziken|spe|1\n|upkeep\n|\n|t:|1700927026\n|switch|p1a: Swampert|Swampert, M|100\/100\n|turn|4\n|\n|t:|1700927030\n|move|p2a: Blaziken|Low Kick|p1a: Swampert\n|-damage|p1a: Swampert|20\/100\n|move|p1a: Swampert|Hydro Pump|p2a: Blaziken\n|-supereffective|p2a: Blaziken\n|-damage|p2a: Blaziken|0 fnt\n|faint|p2a: Blaziken\n|-damage|p1a: Swampert|10\/100|[from] item: Life Orb\n|\n|upkeep\n|\n|t:|1700927041\n|switch|p2a: Ceruledge|Ceruledge, F|100\/100\n|turn|5\n|\n|t:|1700927047\n|move|p2a: Ceruledge|Swords Dance|p2a: Ceruledge\n|-boost|p2a: Ceruledge|atk|2\n|move|p1a: Swampert|Aqua Tail|p2a: Ceruledge\n|-supereffective|p2a: Ceruledge\n|-damage|p2a: Ceruledge|0 fnt\n|faint|p2a: Ceruledge\n|-damage|p1a: Swampert|0 fnt|[from] item: Life Orb\n|faint|p1a: Swampert\n|\n|upkeep\n|\n|t:|1700927059\n|switch|p2a: Charizard|Charizard, M|100\/100\n|switch|p1a: Flygon|Flygon, F|100\/100\n|turn|6\n|\n|t:|1700927066\n|detailschange|p2a: Charizard|Charizard-Mega-X, M\n|-mega|p2a: Charizard|Charizard|Charizardite X\n|move|p2a: Charizard|Dragon Claw|p1a: Flygon\n|-supereffective|p1a: Flygon\n|-damage|p1a: Flygon|0 fnt\n|faint|p1a: Flygon\n|\n|upkeep\n|\n|t:|1700927076\n|switch|p1a: Golurk|Golurk|100\/100\n|turn|7\n|\n|t:|1700927080\n|move|p2a: Charizard|Dragon Claw|p1a: Golurk\n|-damage|p1a: Golurk|45\/100\n|move|p1a: Golurk|Thunder Punch|p2a: Charizard\n|-resisted|p2a: Charizard\n|-damage|p2a: Charizard|87\/100\n|\n|upkeep\n|turn|8\n|\n|t:|1700927088\n|move|p2a: Charizard|Dragon Claw|p1a: Golurk\n|-damage|p1a: Golurk|0 fnt\n|faint|p1a: Golurk\n|\n|upkeep\n|\n|t:|1700927098\n|switch|p1a: Garchomp|Garchomp, F|100\/100\n|turn|9\n|\n|t:|1700927101\n|detailschange|p1a: Garchomp|Garchomp-Mega, F\n|-mega|p1a: Garchomp|Garchomp|Garchompite\n|move|p2a: Charizard|Dragon Claw|p1a: Garchomp\n|-supereffective|p1a: Garchomp\n|-damage|p1a: Garchomp|23\/100\n|move|p1a: Garchomp|Draco Meteor|p2a: Charizard\n|-supereffective|p2a: Charizard\n|-damage|p2a: Charizard|0 fnt\n|-unboost|p1a: Garchomp|spa|2\n|faint|p2a: Charizard\n|\n|upkeep\n|\n|t:|1700927113\n|switch|p2a: Talonflame|Talonflame, F|100\/100\n|turn|10\n|\n|t:|1700927119\n|move|p2a: Talonflame|Brave Bird|p1a: Garchomp\n|-damage|p1a: Garchomp|0 fnt\n|faint|p1a: Garchomp\n|-damage|p2a: Talonflame|90\/100|[from] Recoil\n|\n|upkeep\n|\n|t:|1700927125\n|switch|p1a: Torterra|Torterra, F|100\/100\n|turn|11\n|\n|t:|1700927134\n|move|p2a: Talonflame|Flare Blitz|p1a: Torterra\n|-supereffective|p1a: Torterra\n|-damage|p1a: Torterra|19\/100\n|-enditem|p1a: Torterra|Iapapa Berry|[eat]\n|-heal|p1a: Torterra|52\/100|[from] item: Iapapa Berry\n|-damage|p2a: Talonflame|58\/100|[from] Recoil\n|move|p1a: Torterra|Crunch|p2a: Talonflame\n|-damage|p2a: Talonflame|27\/100\n|\n|upkeep\n|turn|12\n|\n|t:|1700927144\n|move|p2a: Talonflame|Flare Blitz|p1a: Torterra\n|-supereffective|p1a: Torterra\n|-crit|p1a: Torterra\n|-damage|p1a: Torterra|0 fnt\n|faint|p1a: Torterra\n|-damage|p2a: Talonflame|7\/100|[from] Recoil\n|\n|win|1nfuseddd\n","uploadtime":1700927155,"views":1,"p1id":"shaggysoloo","p2id":"1nfuseddd","formatid":"gen9nationaldex","rating":0,"private":0,"password":""}