{"id":"gen9nationaldex-1996630593","p1":"Phantomnized","p2":"trucosmic101","format":"[Gen 9] National Dex","log":"|html|<div class=\"broadcast-blue\"><strong>[Gen 9] National Dex is currently suspecting Sneasler! For information on how to participate check out the <a href=\"https:\/\/www.smogon.com\/forums\/threads\/sv-national-dex-suspect-8-just-dance.3731534\/\">suspect thread<\/a>.<\/strong><\/div>\n|j|\u2606Phantomnized\n|j|\u2606trucosmic101\n|t:|1700702757\n|gametype|singles\n|player|p1|Phantomnized|acetrainersnow|\n|player|p2|trucosmic101|cynthia-gen4|\n|teamsize|p1|6\n|teamsize|p2|6\n|gen|9\n|tier|[Gen 9] National Dex\n|rule|HP Percentage Mod: HP is shown in percentages\n|rule|Endless Battle Clause: Forcing endless battles is banned\n|rule|OHKO Clause: OHKO moves are banned\n|rule|Evasion Clause: Evasion abilities, items, and moves are banned\n|rule|Evasion Abilities Clause: Evasion abilities are banned\n|rule|Evasion Items Clause: Evasion items are banned\n|rule|Evasion Moves Clause: Evasion moves are banned\n|rule|Species Clause: Limit one of each Pok\u00e9mon\n|rule|Sleep Clause Mod: Limit one foe put to sleep\n|clearpoke\n|poke|p1|Banette, M|\n|poke|p1|Gliscor, F|\n|poke|p1|Weavile, M|\n|poke|p1|Garganacl, M|\n|poke|p1|Zapdos|\n|poke|p1|Hatterene, F|\n|poke|p2|Ceruledge, F|\n|poke|p2|Galvantula, M|\n|poke|p2|Grimmsnarl, M|\n|poke|p2|Vileplume, F|\n|poke|p2|Talonflame, F|\n|poke|p2|Great Tusk|\n|teampreview\n|c|\u2606Phantomnized|How tf u gonna have\n|c|\u2606trucosmic101|u finna lose\n|c|\u2606Phantomnized|grimmsnarl\n|c|\u2606Phantomnized|and webs\n|c|\u2606trucosmic101|cuz im like dat\n|c|\u2606Phantomnized|tf u on\n|\n|t:|1700702785\n|start\n|switch|p1a: Hatterene|Hatterene, F|100\/100\n|switch|p2a: Ceruledge|Ceruledge, F|100\/100\n|turn|1\n|c|\u2606Phantomnized|U ain\u2019t ready\n|\n|t:|1700702794\n|move|p2a: Ceruledge|Destiny Bond|p2a: Ceruledge\n|-singlemove|p2a: Ceruledge|Destiny Bond\n|move|p1a: Hatterene|Substitute|p1a: Hatterene\n|-start|p1a: Hatterene|Substitute\n|-damage|p1a: Hatterene|76\/100\n|\n|-heal|p1a: Hatterene|82\/100|[from] item: Leftovers\n|upkeep\n|turn|2\n|c|\u2606Phantomnized|Dumbahh\n|c|\u2606trucosmic101|i am\n|\n|t:|1700702814\n|move|p2a: Ceruledge|Bitter Blade|p1a: Hatterene\n|-end|p1a: Hatterene|Substitute\n|move|p1a: Hatterene|Agility|p1a: Hatterene\n|-boost|p1a: Hatterene|spe|2\n|\n|-heal|p1a: Hatterene|88\/100|[from] item: Leftovers\n|upkeep\n|turn|3\n|c|\u2606trucosmic101|un lke dat watch\n|\n|t:|1700702830\n|move|p1a: Hatterene|Psychic|p2a: Ceruledge\n|-damage|p2a: Ceruledge|47\/100\n|move|p2a: Ceruledge|Flame Charge|p1a: Hatterene\n|-damage|p1a: Hatterene|49\/100\n|-boost|p2a: Ceruledge|spe|1\n|\n|-heal|p1a: Hatterene|55\/100|[from] item: Leftovers\n|upkeep\n|turn|4\n|\n|t:|1700702840\n|move|p1a: Hatterene|Agility|p1a: Hatterene\n|-boost|p1a: Hatterene|spe|2\n|move|p2a: Ceruledge|Destiny Bond|p2a: Ceruledge\n|-singlemove|p2a: Ceruledge|Destiny Bond\n|\n|-heal|p1a: Hatterene|60\/100|[from] item: Leftovers\n|upkeep\n|turn|5\n|c|\u2606Phantomnized|Flame charge\n|c|\u2606Phantomnized|u dumbass\n|\n|t:|1700702849\n|move|p1a: Hatterene|Substitute|p1a: Hatterene\n|-start|p1a: Hatterene|Substitute\n|-damage|p1a: Hatterene|36\/100\n|move|p2a: Ceruledge|Close Combat|p1a: Hatterene\n|-resisted|p1a: Hatterene\n|-crit|p1a: Hatterene\n|-activate|p1a: Hatterene|move: Substitute|[damage]\n|-unboost|p2a: Ceruledge|def|1\n|-unboost|p2a: Ceruledge|spd|1\n|\n|-heal|p1a: Hatterene|42\/100|[from] item: Leftovers\n|upkeep\n|turn|6\n|c|\u2606Phantomnized|Bro did not prepare thyself\n|\n|t:|1700702859\n|move|p1a: Hatterene|Psychic|p2a: Ceruledge\n|-damage|p2a: Ceruledge|0 fnt\n|faint|p2a: Ceruledge\n|\n|-heal|p1a: Hatterene|48\/100|[from] item: Leftovers\n|upkeep\n|\n|t:|1700702869\n|switch|p2a: Grimmsnarl|Grimmsnarl, M|100\/100\n|turn|7\n|\n|t:|1700702875\n|move|p1a: Hatterene|Dazzling Gleam|p2a: Grimmsnarl\n|-supereffective|p2a: Grimmsnarl\n|-damage|p2a: Grimmsnarl|0 fnt\n|faint|p2a: Grimmsnarl\n|\n|-heal|p1a: Hatterene|53\/100|[from] item: Leftovers\n|upkeep\n|c|\u2606Phantomnized|Did u pray today\n|c|\u2606trucosmic101|LOL\n|c|\u2606trucosmic101|WTH\n|\n|t:|1700702887\n|switch|p2a: Galvantula|Galvantula, M|100\/100\n|turn|8\n|\n|t:|1700702892\n|move|p1a: Hatterene|Psychic|p2a: Galvantula\n|-damage|p2a: Galvantula|7\/100\n|move|p2a: Galvantula|Sticky Web|p1a: Hatterene\n|move|p1a: Hatterene|Sticky Web|p2a: Galvantula|[from]ability: Magic Bounce\n|-sidestart|p2: trucosmic101|move: Sticky Web\n|\n|-heal|p1a: Hatterene|59\/100|[from] item: Leftovers\n|upkeep\n|turn|9\n|c|\u2606Phantomnized|Ain\u2019t no way\n|c|\u2606Phantomnized|:skull:\n|c|\u2606trucosmic101|oh mah god\n|\n|t:|1700702909\n|move|p1a: Hatterene|Psychic|p2a: Galvantula\n|-damage|p2a: Galvantula|0 fnt\n|faint|p2a: Galvantula\n|\n|-heal|p1a: Hatterene|65\/100|[from] item: Leftovers\n|upkeep\n|c|\u2606Phantomnized|Do u not have a poison move\n|\n|t:|1700702917\n|switch|p2a: Talonflame|Talonflame, F|100\/100\n|turn|10\n|c|\u2606trucosmic101|no :sob:\n|\n|t:|1700702924\n|move|p1a: Hatterene|Psychic|p2a: Talonflame\n|-damage|p2a: Talonflame|19\/100\n|-unboost|p2a: Talonflame|spd|1\n|move|p2a: Talonflame|Brave Bird|p1a: Hatterene\n|-end|p1a: Hatterene|Substitute\n|-damage|p2a: Talonflame|18\/100|[from] Recoil|[of] p1a: Hatterene\n|\n|-heal|p1a: Hatterene|71\/100|[from] item: Leftovers\n|upkeep\n|turn|11\n|c|\u2606Phantomnized|U fucking\n|c|\u2606Phantomnized|dawg\n|\n|t:|1700702949\n|move|p1a: Hatterene|Psychic|p2a: Talonflame\n|-damage|p2a: Talonflame|0 fnt\n|faint|p2a: Talonflame\n|\n|-heal|p1a: Hatterene|77\/100|[from] item: Leftovers\n|upkeep\n|\n|t:|1700702955\n|switch|p2a: Vileplume|Vileplume, F|100\/100\n|-activate|p2a: Vileplume|move: Sticky Web\n|-unboost|p2a: Vileplume|spe|1\n|turn|12\n|c|\u2606Phantomnized|Nah id win\n|\n|t:|1700702965\n|move|p1a: Hatterene|Psychic|p2a: Vileplume\n|-supereffective|p2a: Vileplume\n|-damage|p2a: Vileplume|9\/100\n|move|p2a: Vileplume|Sleep Powder|p1a: Hatterene\n|move|p1a: Hatterene|Sleep Powder|p2a: Vileplume|[from]ability: Magic Bounce\n|-immune|p2a: Vileplume\n|\n|-heal|p1a: Hatterene|83\/100|[from] item: Leftovers\n|upkeep\n|turn|13\n|c|\u2606trucosmic101|sadly yes\n|c|\u2606Phantomnized|U could have gone for\n|c|\u2606Phantomnized|any poison move\n|\n|t:|1700702980\n|move|p1a: Hatterene|Psychic|p2a: Vileplume\n|-supereffective|p2a: Vileplume\n|-damage|p2a: Vileplume|0 fnt\n|faint|p2a: Vileplume\n|\n|-heal|p1a: Hatterene|89\/100|[from] item: Leftovers\n|upkeep\n|c|\u2606trucosmic101|I DIDNT HAVE ANY\n|\n|t:|1700702986\n|switch|p2a: Great Tusk|Great Tusk|100\/100\n|-activate|p2a: Great Tusk|move: Sticky Web\n|-unboost|p2a: Great Tusk|spe|1\n|turn|14\n|c|\u2606Phantomnized|WHY TF NOT\n|\n|t:|1700702996\n|move|p1a: Hatterene|Dazzling Gleam|p2a: Great Tusk\n|-supereffective|p2a: Great Tusk\n|-enditem|p2a: Great Tusk|Focus Sash\n|-damage|p2a: Great Tusk|1\/100\n|move|p2a: Great Tusk|Earth Power|p1a: Hatterene\n|-damage|p1a: Hatterene|65\/100\n|\n|-heal|p1a: Hatterene|71\/100|[from] item: Leftovers\n|upkeep\n|turn|15\n|c|\u2606trucosmic101|this isnt my og team ok\n|c|\u2606trucosmic101|my og one was rejected\n|\n|t:|1700703007\n|move|p1a: Hatterene|Psychic|p2a: Great Tusk\n|-supereffective|p2a: Great Tusk\n|-damage|p2a: Great Tusk|0 fnt\n|faint|p2a: Great Tusk\n|-end|p2a: Great Tusk|Protosynthesis|[silent]\n|\n|win|Phantomnized\n|c|\u2606Phantomnized|:skull:\n|c|\u2606Phantomnized|uber carried smh\n","uploadtime":1700703022,"views":9,"p1id":"phantomnized","p2id":"trucosmic101","formatid":"gen9nationaldex","rating":0,"private":0,"password":""}