{"id":"gen9nationaldex-1992904622","p1":"Requiemformylife","p2":"king d1","format":"[Gen 9] National Dex","log":"|j|\u2606Requiemformylife\n|j|\u2606king d1\n|t:|1700245538\n|gametype|singles\n|player|p1|Requiemformylife|pokemonranger-gen4|1402\n|player|p2|king d1|red|1441\n|teamsize|p1|6\n|teamsize|p2|6\n|gen|9\n|tier|[Gen 9] National Dex\n|rated|\n|rule|HP Percentage Mod: HP is shown in percentages\n|rule|Endless Battle Clause: Forcing endless battles is banned\n|rule|OHKO Clause: OHKO moves are banned\n|rule|Evasion Clause: Evasion abilities, items, and moves are banned\n|rule|Evasion Abilities Clause: Evasion abilities are banned\n|rule|Evasion Items Clause: Evasion items are banned\n|rule|Evasion Moves Clause: Evasion moves are banned\n|rule|Species Clause: Limit one of each Pok\u00e9mon\n|rule|Sleep Clause Mod: Limit one foe put to sleep\n|clearpoke\n|poke|p1|Starmie|\n|poke|p1|Alomomola, M|\n|poke|p1|Dragonite, M|\n|poke|p1|Rillaboom, M|\n|poke|p1|Pinsir, F|\n|poke|p1|Glimmora, F|\n|poke|p2|Ribombee, F|\n|poke|p2|Jirachi|\n|poke|p2|Xurkitree|\n|poke|p2|Great Tusk|\n|poke|p2|Volcarona, M|\n|poke|p2|Pinsir, M|\n|teampreview\n|inactive|Battle timer is ON: inactive players will automatically lose when time's up. (requested by king d1)\n|\n|t:|1700245543\n|start\n|switch|p1a: Glimmora|Glimmora, F|100\/100\n|switch|p2a: Ribombee|Ribombee, F|100\/100\n|turn|1\n|\n|t:|1700245548\n|move|p2a: Ribombee|Sticky Web|p1a: Glimmora\n|-sidestart|p1: Requiemformylife|move: Sticky Web\n|move|p1a: Glimmora|Stealth Rock|p2a: Ribombee\n|-sidestart|p2: king d1|move: Stealth Rock\n|\n|upkeep\n|turn|2\n|\n|t:|1700245550\n|switch|p2a: Jirachi|Jirachi, shiny|100\/100\n|-damage|p2a: Jirachi|94\/100|[from] Stealth Rock\n|move|p1a: Glimmora|Spikes|p2a: Jirachi\n|-sidestart|p2: king d1|Spikes\n|\n|-heal|p2a: Jirachi|100\/100|[from] item: Leftovers\n|upkeep\n|turn|3\n|\n|t:|1700245554\n|move|p1a: Glimmora|Spikes|p2a: Jirachi\n|-sidestart|p2: king d1|Spikes\n|move|p2a: Jirachi|Calm Mind|p2a: Jirachi\n|-boost|p2a: Jirachi|spa|1\n|-boost|p2a: Jirachi|spd|1\n|\n|upkeep\n|turn|4\n|\n|t:|1700245556\n|move|p1a: Glimmora|Spikes|p2a: Jirachi\n|-sidestart|p2: king d1|Spikes\n|move|p2a: Jirachi|Psychic|p1a: Glimmora\n|-supereffective|p1a: Glimmora\n|-enditem|p1a: Glimmora|Focus Sash\n|-damage|p1a: Glimmora|1\/100\n|\n|upkeep\n|turn|5\n|\n|t:|1700245560\n|move|p1a: Glimmora|Memento|p2a: Jirachi\n|-unboost|p2a: Jirachi|atk|2\n|-unboost|p2a: Jirachi|spa|2\n|faint|p1a: Glimmora\n|move|p2a: Jirachi|Flash Cannon|p1: Glimmora|[notarget]\n|-fail|p2a: Jirachi\n|\n|upkeep\n|\n|t:|1700245571\n|switch|p1a: Rillaboom|Rillaboom, M|100\/100\n|-activate|p1a: Rillaboom|move: Sticky Web\n|-unboost|p1a: Rillaboom|spe|1\n|-fieldstart|move: Grassy Terrain|[from] ability: Grassy Surge|[of] p1a: Rillaboom\n|turn|6\n|\n|t:|1700245577\n|move|p2a: Jirachi|Psychic|p1a: Rillaboom\n|-damage|p1a: Rillaboom|59\/100\n|move|p1a: Rillaboom|Knock Off|p2a: Jirachi\n|-supereffective|p2a: Jirachi\n|-damage|p2a: Jirachi|16\/100\n|-enditem|p2a: Jirachi|Leftovers|[from] move: Knock Off|[of] p1a: Rillaboom\n|\n|-heal|p2a: Jirachi|22\/100|[from] Grassy Terrain\n|-heal|p1a: Rillaboom|65\/100|[from] Grassy Terrain\n|upkeep\n|turn|7\n|\n|t:|1700245584\n|move|p2a: Jirachi|Psychic|p1a: Rillaboom\n|-damage|p1a: Rillaboom|25\/100\n|-unboost|p1a: Rillaboom|spd|1\n|move|p1a: Rillaboom|Knock Off|p2a: Jirachi\n|-supereffective|p2a: Jirachi\n|-damage|p2a: Jirachi|0 fnt\n|faint|p2a: Jirachi\n|\n|-heal|p1a: Rillaboom|31\/100|[from] Grassy Terrain\n|upkeep\n|\n|t:|1700245595\n|switch|p2a: Great Tusk|Great Tusk|100\/100\n|turn|8\n|\n|t:|1700245602\n|switch|p1a: Pinsir|Pinsir, F|100\/100\n|-activate|p1a: Pinsir|move: Sticky Web\n|-unboost|p1a: Pinsir|spe|1\n|move|p2a: Great Tusk|Rapid Spin|p1a: Pinsir\n|-damage|p1a: Pinsir|79\/100\n|-boost|p2a: Great Tusk|spe|1\n|-sideend|p2: king d1|Spikes|[from] move: Rapid Spin|[of] p2a: Great Tusk\n|-sideend|p2: king d1|Stealth Rock|[from] move: Rapid Spin|[of] p2a: Great Tusk\n|\n|-heal|p1a: Pinsir|85\/100|[from] Grassy Terrain\n|upkeep\n|turn|9\n|\n|t:|1700245608\n|detailschange|p1a: Pinsir|Pinsir-Mega, F\n|-mega|p1a: Pinsir|Pinsir|Pinsirite\n|move|p2a: Great Tusk|Knock Off|p1a: Pinsir\n|-damage|p1a: Pinsir|60\/100\n|move|p1a: Pinsir|Return|p2a: Great Tusk\n|-supereffective|p2a: Great Tusk\n|-crit|p2a: Great Tusk\n|-damage|p2a: Great Tusk|0 fnt\n|faint|p2a: Great Tusk\n|-end|p2a: Great Tusk|Protosynthesis|[silent]\n|\n|upkeep\n|\n|t:|1700245616\n|switch|p2a: Ribombee|Ribombee, F|100\/100\n|turn|10\n|\n|t:|1700245633\n|move|p2a: Ribombee|Stun Spore|p1a: Pinsir|[miss]\n|-miss|p2a: Ribombee|p1a: Pinsir\n|move|p1a: Pinsir|Return|p2a: Ribombee\n|-supereffective|p2a: Ribombee\n|-enditem|p2a: Ribombee|Focus Sash\n|-damage|p2a: Ribombee|1\/100\n|\n|-heal|p2a: Ribombee|7\/100|[from] Grassy Terrain\n|-fieldend|move: Grassy Terrain\n|upkeep\n|turn|11\n|\n|t:|1700245641\n|move|p1a: Pinsir|Quick Attack|p2a: Ribombee\n|-supereffective|p2a: Ribombee\n|-damage|p2a: Ribombee|0 fnt\n|faint|p2a: Ribombee\n|\n|upkeep\n|\n|t:|1700245648\n|switch|p2a: Xurkitree|Xurkitree|100\/100\n|turn|12\n|\n|t:|1700245661\n|move|p2a: Xurkitree|Tail Glow|p2a: Xurkitree\n|-boost|p2a: Xurkitree|spa|3\n|move|p1a: Pinsir|Earthquake|p2a: Xurkitree\n|-supereffective|p2a: Xurkitree\n|-damage|p2a: Xurkitree|0 fnt\n|faint|p2a: Xurkitree\n|\n|upkeep\n|\n|t:|1700245673\n|switch|p2a: Pinsir|Pinsir, M|100\/100\n|turn|13\n|\n|t:|1700245678\n|detailschange|p2a: Pinsir|Pinsir-Mega, M\n|-mega|p2a: Pinsir|Pinsir|Pinsirite\n|move|p2a: Pinsir|Quick Attack|p1a: Pinsir\n|-supereffective|p1a: Pinsir\n|-damage|p1a: Pinsir|0 fnt\n|faint|p1a: Pinsir\n|\n|upkeep\n|\n|t:|1700245687\n|switch|p1a: Alomomola|Alomomola, M|100\/100\n|-activate|p1a: Alomomola|move: Sticky Web\n|-unboost|p1a: Alomomola|spe|1\n|turn|14\n|\n|t:|1700245689\n|move|p2a: Pinsir|Swords Dance|p2a: Pinsir\n|-boost|p2a: Pinsir|atk|2\n|move|p1a: Alomomola|Wish|p1a: Alomomola\n|\n|upkeep\n|turn|15\n|\n|t:|1700245693\n|move|p2a: Pinsir|Swords Dance|p2a: Pinsir\n|-boost|p2a: Pinsir|atk|2\n|move|p1a: Alomomola|Toxic|p2a: Pinsir\n|-status|p2a: Pinsir|tox\n|\n|-damage|p2a: Pinsir|95\/100 tox|[from] psn\n|upkeep\n|turn|16\n|\n|t:|1700245696\n|move|p2a: Pinsir|Return|p1a: Alomomola\n|-crit|p1a: Alomomola\n|-damage|p1a: Alomomola|0 fnt\n|faint|p1a: Alomomola\n|\n|-damage|p2a: Pinsir|83\/100 tox|[from] psn\n|upkeep\n|\n|t:|1700245703\n|switch|p1a: Dragonite|Dragonite, M|100\/100\n|turn|17\n|\n|t:|1700245707\n|move|p2a: Pinsir|Return|p1a: Dragonite\n|-damage|p1a: Dragonite|0 fnt\n|faint|p1a: Dragonite\n|\n|-damage|p2a: Pinsir|65\/100 tox|[from] psn\n|upkeep\n|\n|t:|1700245710\n|switch|p1a: Rillaboom|Rillaboom, M|31\/100\n|-activate|p1a: Rillaboom|move: Sticky Web\n|-unboost|p1a: Rillaboom|spe|1\n|-fieldstart|move: Grassy Terrain|[from] ability: Grassy Surge|[of] p1a: Rillaboom\n|turn|18\n|\n|t:|1700245714\n|-terastallize|p1a: Rillaboom|Grass\n|move|p2a: Pinsir|Quick Attack|p1a: Rillaboom\n|-supereffective|p1a: Rillaboom\n|-damage|p1a: Rillaboom|0 fnt\n|faint|p1a: Rillaboom\n|\n|-damage|p2a: Pinsir|41\/100 tox|[from] psn\n|upkeep\n|\n|t:|1700245718\n|switch|p1a: Starmie|Starmie|100\/100\n|-activate|p1a: Starmie|move: Sticky Web\n|-unboost|p1a: Starmie|spe|1\n|turn|19\n|\n|t:|1700245723\n|move|p2a: Pinsir|X-Scissor|p1a: Starmie\n|-supereffective|p1a: Starmie\n|-damage|p1a: Starmie|0 fnt\n|faint|p1a: Starmie\n|\n|win|king d1\n|raw|Requiemformylife's rating: 1402 &rarr; <strong>1384<\/strong><br \/>(-18 for losing)\n|raw|king d1's rating: 1441 &rarr; <strong>1459<\/strong><br \/>(+18 for winning)\n|l|\u2606Requiemformylife\n","uploadtime":1700245744,"views":9,"p1id":"requiemformylife","p2id":"kingd1","formatid":"gen9nationaldex","rating":1384,"private":0,"password":""}