{"id":"gen9nationaldex-1991013827","p1":"knightgem","p2":"meimieya","format":"[Gen 9] National Dex","log":"|j|\u2606knightgem\n|j|\u203dmeimieya\n|t:|1700028057\n|gametype|singles\n|player|p1|knightgem|#knightgem|1386\n|player|p2|meimieya|1|1297\n|teamsize|p1|6\n|teamsize|p2|6\n|gen|9\n|tier|[Gen 9] National Dex\n|rated|\n|rule|HP Percentage Mod: HP is shown in percentages\n|rule|Endless Battle Clause: Forcing endless battles is banned\n|rule|OHKO Clause: OHKO moves are banned\n|rule|Evasion Clause: Evasion abilities, items, and moves are banned\n|rule|Evasion Abilities Clause: Evasion abilities are banned\n|rule|Evasion Items Clause: Evasion items are banned\n|rule|Evasion Moves Clause: Evasion moves are banned\n|rule|Species Clause: Limit one of each Pok\u00e9mon\n|rule|Sleep Clause Mod: Limit one foe put to sleep\n|clearpoke\n|poke|p1|Primarina, F|\n|poke|p1|Skeledirge, M|\n|poke|p1|Rillaboom, M|\n|poke|p1|Toxtricity, M|\n|poke|p1|Obstagoon, M|\n|poke|p1|Altaria, F|\n|poke|p2|Pelipper, F|\n|poke|p2|Barraskewda, M|\n|poke|p2|Blaziken, M|\n|poke|p2|Swampert, M|\n|poke|p2|Moltres|\n|poke|p2|Kingdra, F|\n|teampreview\n|inactive|Battle timer is ON: inactive players will automatically lose when time's up. (requested by knightgem)\n|\n|t:|1700028069\n|start\n|switch|p1a: Sopria|Primarina, F|100\/100\n|switch|p2a: Blaziken|Blaziken, M|100\/100\n|turn|1\n|\n|t:|1700028084\n|switch|p1a: Tenorch|Skeledirge, M|100\/100\n|-terastallize|p2a: Blaziken|Grass\n|move|p2a: Blaziken|Hidden Power|p1a: Tenorch\n|-resisted|p1a: Tenorch\n|-damage|p1a: Tenorch|87\/100\n|\n|-heal|p1a: Tenorch|93\/100|[from] item: Leftovers\n|-ability|p2a: Blaziken|Speed Boost|boost\n|-boost|p2a: Blaziken|spe|1\n|upkeep\n|turn|2\n|\n|t:|1700028087\n|move|p2a: Blaziken|Focus Energy|p2a: Blaziken\n|-start|p2a: Blaziken|move: Focus Energy\n|move|p1a: Tenorch|Torch Song|p2a: Blaziken\n|-supereffective|p2a: Blaziken\n|-damage|p2a: Blaziken|6\/100\n|-boost|p1a: Tenorch|spa|1\n|\n|-heal|p1a: Tenorch|99\/100|[from] item: Leftovers\n|-ability|p2a: Blaziken|Speed Boost|boost\n|-boost|p2a: Blaziken|spe|1\n|upkeep\n|turn|3\n|\n|t:|1700028094\n|move|p2a: Blaziken|Overheat|p1a: Tenorch\n|-resisted|p1a: Tenorch\n|-crit|p1a: Tenorch\n|-damage|p1a: Tenorch|53\/100\n|-unboost|p2a: Blaziken|spa|2\n|move|p1a: Tenorch|Torch Song|p2a: Blaziken\n|-supereffective|p2a: Blaziken\n|-damage|p2a: Blaziken|0 fnt\n|-boost|p1a: Tenorch|spa|1\n|faint|p2a: Blaziken\n|\n|-heal|p1a: Tenorch|59\/100|[from] item: Leftovers\n|upkeep\n|\n|t:|1700028103\n|switch|p2a: Swampert|Swampert, M|100\/100\n|turn|4\n|\n|t:|1700028108\n|switch|p1a: Bongorilla|Rillaboom, M|100\/100\n|-fieldstart|move: Grassy Terrain|[from] ability: Grassy Surge|[of] p1a: Bongorilla\n|-enditem|p1a: Bongorilla|Grassy Seed\n|-boost|p1a: Bongorilla|def|1|[from] item: Grassy Seed\n|detailschange|p2a: Swampert|Swampert-Mega, M\n|-mega|p2a: Swampert|Swampert|Swampertite\n|move|p2a: Swampert|Stealth Rock|p1a: Bongorilla\n|-sidestart|p1: knightgem|move: Stealth Rock\n|\n|upkeep\n|turn|5\n|\n|t:|1700028113\n|switch|p2a: Moltres|Moltres|100\/100\n|move|p1a: Bongorilla|Swords Dance|p1a: Bongorilla\n|-boost|p1a: Bongorilla|atk|2\n|\n|upkeep\n|turn|6\n|\n|t:|1700028118\n|switch|p1a: Rappart|Obstagoon, M, shiny|100\/100\n|-damage|p1a: Rappart|88\/100|[from] Stealth Rock\n|move|p2a: Moltres|Hurricane|p1a: Rappart\n|-damage|p1a: Rappart|31\/100\n|\n|-heal|p1a: Rappart|37\/100|[from] Grassy Terrain\n|upkeep\n|turn|7\n|\n|t:|1700028121\n|move|p1a: Rappart|Switcheroo|p2a: Moltres\n|-activate|p1a: Rappart|move: Trick|[of] p2a: Moltres\n|-item|p2a: Moltres|Choice Scarf|[from] move: Switcheroo\n|-item|p1a: Rappart|Heavy-Duty Boots|[from] move: Switcheroo\n|move|p2a: Moltres|Hurricane|p1a: Rappart\n|-damage|p1a: Rappart|0 fnt\n|faint|p1a: Rappart\n|\n|upkeep\n|\n|t:|1700028125\n|switch|p1a: Gunkitar|Toxtricity, M|100\/100\n|-damage|p1a: Gunkitar|88\/100|[from] Stealth Rock\n|turn|8\n|\n|t:|1700028130\n|move|p2a: Moltres|Hurricane|p1a: Gunkitar|[miss]\n|-miss|p2a: Moltres|p1a: Gunkitar\n|move|p1a: Gunkitar|Shift Gear|p1a: Gunkitar\n|-boost|p1a: Gunkitar|spe|2\n|-boost|p1a: Gunkitar|atk|1\n|\n|-heal|p1a: Gunkitar|94\/100|[from] Grassy Terrain\n|-fieldend|move: Grassy Terrain\n|upkeep\n|turn|9\n|\n|t:|1700028133\n|move|p1a: Gunkitar|Shift Gear|p1a: Gunkitar\n|-boost|p1a: Gunkitar|spe|2\n|-boost|p1a: Gunkitar|atk|1\n|move|p2a: Moltres|Hurricane|p1a: Gunkitar|[miss]\n|-miss|p2a: Moltres|p1a: Gunkitar\n|\n|upkeep\n|turn|10\n|\n|t:|1700028142\n|switch|p2a: Pelipper|Pelipper, F|100\/100\n|-weather|RainDance|[from] ability: Drizzle|[of] p2a: Pelipper\n|move|p1a: Gunkitar|Shift Gear|p1a: Gunkitar\n|-boost|p1a: Gunkitar|spe|2\n|-boost|p1a: Gunkitar|atk|1\n|\n|-weather|RainDance|[upkeep]\n|upkeep\n|turn|11\n|\n|t:|1700028144\n|switch|p2a: Swampert|Swampert-Mega, M|100\/100\n|-terastallize|p1a: Gunkitar|Normal\n|move|p1a: Gunkitar|Boomburst|p2a: Swampert\n|-damage|p2a: Swampert|9\/100\n|-enditem|p1a: Gunkitar|Throat Spray\n|-boost|p1a: Gunkitar|spa|1|[from] item: Throat Spray\n|\n|-weather|RainDance|[upkeep]\n|upkeep\n|turn|12\n|\n|t:|1700028152\n|move|p1a: Gunkitar|Boomburst|p2a: Swampert\n|-damage|p2a: Swampert|0 fnt\n|faint|p2a: Swampert\n|\n|-weather|RainDance|[upkeep]\n|upkeep\n|\n|t:|1700028159\n|switch|p2a: Kingdra|Kingdra, F|100\/100\n|turn|13\n|\n|t:|1700028163\n|move|p1a: Gunkitar|Boomburst|p2a: Kingdra\n|-damage|p2a: Kingdra|0 fnt\n|faint|p2a: Kingdra\n|\n|-weather|RainDance|[upkeep]\n|upkeep\n|\n|t:|1700028167\n|switch|p2a: Barraskewda|Barraskewda, M, shiny|100\/100\n|turn|14\n|\n|t:|1700028168\n|move|p1a: Gunkitar|Boomburst|p2a: Barraskewda\n|-damage|p2a: Barraskewda|0 fnt\n|faint|p2a: Barraskewda\n|\n|-weather|RainDance|[upkeep]\n|upkeep\n|-message|meimieya forfeited.\n|\n|win|knightgem\n|raw|knightgem's rating: 1386 &rarr; <strong>1401<\/strong><br \/>(+15 for winning)\n|raw|meimieya's rating: 1297 &rarr; <strong>1278<\/strong><br \/>(-19 for losing)\n|l|\u203dmeimieya\n","uploadtime":1700028180,"views":4,"p1id":"knightgem","p2id":"meimieya","formatid":"gen9nationaldex","rating":1278,"private":0,"password":""}