{"id":"gen9nationaldex-1991772589","p1":"Lu Lu Zhu","p2":"megawayneee","format":"[Gen 9] National Dex","log":"|j|\u2606Lu Lu Zhu\n|j|\u2606megawayneee\n|t:|1700114581\n|gametype|singles\n|player|p1|Lu Lu Zhu|elesa|1698\n|player|p2|megawayneee|102|1647\n|teamsize|p1|6\n|teamsize|p2|6\n|gen|9\n|tier|[Gen 9] National Dex\n|rated|\n|rule|HP Percentage Mod: HP is shown in percentages\n|rule|Endless Battle Clause: Forcing endless battles is banned\n|rule|OHKO Clause: OHKO moves are banned\n|rule|Evasion Clause: Evasion abilities, items, and moves are banned\n|rule|Evasion Abilities Clause: Evasion abilities are banned\n|rule|Evasion Items Clause: Evasion items are banned\n|rule|Evasion Moves Clause: Evasion moves are banned\n|rule|Species Clause: Limit one of each Pok\u00e9mon\n|rule|Sleep Clause Mod: Limit one foe put to sleep\n|clearpoke\n|poke|p1|Scizor, M|\n|poke|p1|Iron Valiant|\n|poke|p1|Sneasler, M|\n|poke|p1|Ceruledge, F|\n|poke|p1|Gliscor, M|\n|poke|p1|Tapu Koko|\n|poke|p2|Latios, M|\n|poke|p2|Azumarill, M|\n|poke|p2|Moltres|\n|poke|p2|Landorus-Therian, M|\n|poke|p2|Clodsire, M|\n|poke|p2|Bisharp, F|\n|teampreview\n|inactive|Battle timer is ON: inactive players will automatically lose when time's up. (requested by Lu Lu Zhu)\n|\n|t:|1700114596\n|start\n|switch|p1a: Tapu Koko|Tapu Koko|100\/100\n|switch|p2a: Landorus|Landorus-Therian, M|100\/100\n|-ability|p2a: Landorus|Intimidate|boost\n|-unboost|p1a: Tapu Koko|atk|1\n|-fieldstart|move: Electric Terrain|[from] ability: Electric Surge|[of] p1a: Tapu Koko\n|turn|1\n|\n|t:|1700114604\n|move|p2a: Landorus|Earthquake|p1a: Tapu Koko\n|-supereffective|p1a: Tapu Koko\n|-damage|p1a: Tapu Koko|0 fnt\n|faint|p1a: Tapu Koko\n|\n|upkeep\n|\n|t:|1700114616\n|switch|p1a: Gliscor|Gliscor, M|100\/100\n|turn|2\n|\n|t:|1700114626\n|switch|p2a: Clodsire|Clodsire, M|100\/100\n|move|p1a: Gliscor|Stealth Rock|p2a: Clodsire\n|-sidestart|p2: megawayneee|move: Stealth Rock\n|\n|-status|p1a: Gliscor|tox|[from] item: Toxic Orb\n|upkeep\n|turn|3\n|\n|t:|1700114631\n|switch|p2a: Latios|Latios, M|100\/100\n|-damage|p2a: Latios|88\/100|[from] Stealth Rock\n|move|p1a: Gliscor|Earthquake|p2a: Latios\n|-immune|p2a: Latios|[from] ability: Levitate\n|\n|upkeep\n|turn|4\n|j| xiezhouqun\n|\n|t:|1700114641\n|switch|p1a: Ceruledge|Ceruledge, F|100\/100\n|move|p2a: Latios|Ice Beam|p1a: Ceruledge\n|-resisted|p1a: Ceruledge\n|-damage|p1a: Ceruledge|83\/100\n|\n|upkeep\n|turn|5\n|\n|t:|1700114655\n|switch|p2a: Moltres|Moltres|100\/100\n|switch|p1a: Sneasler|Sneasler, M|100\/100\n|-enditem|p1a: Sneasler|Electric Seed\n|-boost|p1a: Sneasler|def|1|[from] item: Electric Seed\n|\n|-fieldend|move: Electric Terrain\n|upkeep\n|turn|6\n|\n|t:|1700114661\n|move|p1a: Sneasler|Swords Dance|p1a: Sneasler\n|-boost|p1a: Sneasler|atk|2\n|move|p2a: Moltres|Flamethrower|p1a: Sneasler\n|-damage|p1a: Sneasler|44\/100\n|\n|upkeep\n|turn|7\n|\n|t:|1700114666\n|move|p1a: Sneasler|Dire Claw|p2a: Moltres\n|-damage|p2a: Moltres|39\/100\n|-status|p1a: Sneasler|brn|[from] ability: Flame Body|[of] p2a: Moltres\n|move|p2a: Moltres|Flamethrower|p1a: Sneasler\n|-damage|p1a: Sneasler|0 fnt\n|faint|p1a: Sneasler\n|\n|upkeep\n|\n|t:|1700114673\n|switch|p1a: Iron Valiant|Iron Valiant|100\/100\n|turn|8\n|j| YJLF\n|\n|t:|1700114681\n|switch|p2a: Clodsire|Clodsire, M|100\/100\n|-damage|p2a: Clodsire|94\/100|[from] Stealth Rock\n|move|p1a: Iron Valiant|Psyshock|p2a: Clodsire\n|-supereffective|p2a: Clodsire\n|-damage|p2a: Clodsire|1\/100\n|\n|-heal|p2a: Clodsire|7\/100|[from] item: Black Sludge\n|upkeep\n|turn|9\n|j| xsk123\n|\n|t:|1700114697\n|-end|p1a: Iron Valiant|Quark Drive|[silent]\n|switch|p1a: Gliscor|Gliscor, M|100\/100 tox\n|switch|p2a: Bisharp|Bisharp, F|100\/100\n|-damage|p2a: Bisharp|95\/100|[from] Stealth Rock\n|\n|upkeep\n|turn|10\n|\n|t:|1700114702\n|switch|p2a: Moltres|Moltres|39\/100\n|move|p1a: Gliscor|Earthquake|p2a: Moltres\n|-immune|p2a: Moltres\n|\n|upkeep\n|turn|11\n|\n|t:|1700114711\n|move|p1a: Gliscor|Earthquake|p2a: Moltres\n|-immune|p2a: Moltres\n|move|p2a: Moltres|Defog|p1a: Gliscor\n|-unboost|p1a: Gliscor|evasion|1\n|-sideend|p2: megawayneee|Stealth Rock|[from] move: Defog|[of] p2a: Moltres\n|\n|upkeep\n|turn|12\n|\n|t:|1700114717\n|move|p1a: Gliscor|Stealth Rock|p2a: Moltres\n|-sidestart|p2: megawayneee|move: Stealth Rock\n|move|p2a: Moltres|Roost|p2a: Moltres\n|-heal|p2a: Moltres|89\/100\n|-singleturn|p2a: Moltres|move: Roost\n|\n|upkeep\n|turn|13\n|\n|t:|1700114721\n|switch|p1a: Ceruledge|Ceruledge, F|83\/100\n|move|p2a: Moltres|Defog|p1a: Ceruledge\n|-unboost|p1a: Ceruledge|evasion|1\n|-sideend|p2: megawayneee|Stealth Rock|[from] move: Defog|[of] p2a: Moltres\n|\n|upkeep\n|turn|14\n|\n|t:|1700114729\n|switch|p2a: Clodsire|Clodsire, M|7\/100\n|move|p1a: Ceruledge|Bulk Up|p1a: Ceruledge\n|-boost|p1a: Ceruledge|atk|1\n|-boost|p1a: Ceruledge|def|1\n|\n|-heal|p2a: Clodsire|13\/100|[from] item: Black Sludge\n|upkeep\n|turn|15\n|\n|t:|1700114746\n|move|p1a: Ceruledge|Bitter Blade|p2a: Clodsire\n|-damage|p2a: Clodsire|0 fnt\n|-heal|p1a: Ceruledge|92\/100|[from] drain|[of] p2a: Clodsire\n|faint|p2a: Clodsire\n|\n|upkeep\n|\n|t:|1700114752\n|switch|p2a: Latios|Latios, M|88\/100\n|turn|16\n|\n|t:|1700114758\n|move|p2a: Latios|Draco Meteor|p1a: Ceruledge\n|-crit|p1a: Ceruledge\n|-damage|p1a: Ceruledge|0 fnt\n|-unboost|p2a: Latios|spa|2\n|faint|p1a: Ceruledge\n|\n|upkeep\n|\n|t:|1700114771\n|switch|p1a: Iron Valiant|Iron Valiant|100\/100\n|turn|17\n|\n|t:|1700114777\n|switch|p2a: Bisharp|Bisharp, F|95\/100\n|move|p1a: Iron Valiant|Thunderbolt|p2a: Bisharp\n|-damage|p2a: Bisharp|53\/100\n|\n|upkeep\n|turn|18\n|\n|t:|1700114782\n|-end|p1a: Iron Valiant|Quark Drive|[silent]\n|switch|p1a: Gliscor|Gliscor, M|100\/100 tox\n|move|p2a: Bisharp|Iron Head|p1a: Gliscor\n|-damage|p1a: Gliscor|71\/100 tox\n|\n|-heal|p1a: Gliscor|84\/100 tox|[from] ability: Poison Heal\n|upkeep\n|turn|19\n|\n|t:|1700114789\n|switch|p1a: Scizor|Scizor, M|100\/100\n|switch|p2a: Moltres|Moltres|89\/100\n|\n|upkeep\n|turn|20\n|\n|t:|1700114795\n|switch|p1a: Gliscor|Gliscor, M|84\/100 tox\n|move|p2a: Moltres|U-turn|p1a: Gliscor\n|-resisted|p1a: Gliscor\n|-damage|p1a: Gliscor|79\/100 tox\n|\n|t:|1700114801\n|switch|p2a: Latios|Latios, M|88\/100|[from] U-turn\n|\n|-heal|p1a: Gliscor|91\/100 tox|[from] ability: Poison Heal\n|upkeep\n|turn|21\n|\n|t:|1700114807\n|move|p2a: Latios|Mystical Fire|p1a: Gliscor\n|-damage|p1a: Gliscor|51\/100 tox\n|-unboost|p1a: Gliscor|spa|1\n|move|p1a: Gliscor|Stealth Rock|p2a: Latios\n|-sidestart|p2: megawayneee|move: Stealth Rock\n|\n|-heal|p1a: Gliscor|64\/100 tox|[from] ability: Poison Heal\n|upkeep\n|turn|22\n|\n|t:|1700114811\n|switch|p2a: Moltres|Moltres|89\/100\n|move|p1a: Gliscor|Roost|p1a: Gliscor\n|-heal|p1a: Gliscor|100\/100 tox\n|-singleturn|p1a: Gliscor|move: Roost\n|\n|upkeep\n|turn|23\n|\n|t:|1700114815\n|switch|p1a: Iron Valiant|Iron Valiant|100\/100\n|move|p2a: Moltres|Defog|p1a: Iron Valiant\n|-unboost|p1a: Iron Valiant|evasion|1\n|-sideend|p2: megawayneee|Stealth Rock|[from] move: Defog|[of] p2a: Moltres\n|\n|upkeep\n|turn|24\n|\n|t:|1700114824\n|switch|p2a: Azumarill|Azumarill, M|100\/100\n|-terastallize|p1a: Iron Valiant|Fairy\n|move|p1a: Iron Valiant|Moonblast|p2a: Azumarill\n|-damage|p2a: Azumarill|0 fnt\n|faint|p2a: Azumarill\n|\n|upkeep\n|\n|t:|1700114833\n|switch|p2a: Bisharp|Bisharp, F|53\/100\n|turn|25\n|\n|t:|1700114836\n|move|p1a: Iron Valiant|Moonblast|p2a: Bisharp\n|-damage|p2a: Bisharp|0 fnt\n|faint|p2a: Bisharp\n|\n|upkeep\n|\n|t:|1700114842\n|switch|p2a: Landorus|Landorus-Therian, M|100\/100\n|-ability|p2a: Landorus|Intimidate|boost\n|-unboost|p1a: Iron Valiant|atk|1\n|turn|26\n|\n|t:|1700114858\n|-end|p1a: Iron Valiant|Quark Drive|[silent]\n|switch|p1a: Scizor|Scizor, M|100\/100\n|move|p2a: Landorus|U-turn|p1a: Scizor\n|-resisted|p1a: Scizor\n|-damage|p1a: Scizor|89\/100\n|\n|t:|1700114865\n|switch|p2a: Latios|Latios, M|88\/100|[from] U-turn\n|\n|upkeep\n|turn|27\n|\n|t:|1700114874\n|switch|p1a: Gliscor|Gliscor, M|100\/100 tox\n|move|p2a: Latios|Ice Beam|p1a: Gliscor\n|-supereffective|p1a: Gliscor\n|-damage|p1a: Gliscor|0 fnt\n|faint|p1a: Gliscor\n|\n|upkeep\n|\n|t:|1700114878\n|switch|p1a: Iron Valiant|Iron Valiant, tera:Fairy|100\/100\n|turn|28\n|j| KoKohs\n|\n|t:|1700114886\n|switch|p2a: Moltres|Moltres|89\/100\n|move|p1a: Iron Valiant|Thunderbolt|p2a: Moltres\n|-supereffective|p2a: Moltres\n|-damage|p2a: Moltres|2\/100\n|\n|upkeep\n|turn|29\n|\n|t:|1700114895\n|move|p1a: Iron Valiant|Thunderbolt|p2a: Moltres\n|-supereffective|p2a: Moltres\n|-damage|p2a: Moltres|0 fnt\n|faint|p2a: Moltres\n|\n|upkeep\n|\n|t:|1700114899\n|switch|p2a: Landorus|Landorus-Therian, M|100\/100\n|-ability|p2a: Landorus|Intimidate|boost\n|-unboost|p1a: Iron Valiant|atk|1\n|turn|30\n|\n|t:|1700114903\n|-end|p1a: Iron Valiant|Quark Drive|[silent]\n|switch|p1a: Scizor|Scizor, M|89\/100\n|move|p2a: Landorus|Earthquake|p1a: Scizor\n|-damage|p1a: Scizor|45\/100\n|\n|upkeep\n|turn|31\n|\n|t:|1700114914\n|detailschange|p1a: Scizor|Scizor-Mega, M\n|-mega|p1a: Scizor|Scizor|Scizorite\n|move|p2a: Landorus|Earthquake|p1a: Scizor\n|-damage|p1a: Scizor|11\/100\n|move|p1a: Scizor|U-turn|p2a: Landorus\n|-resisted|p2a: Landorus\n|-damage|p2a: Landorus|81\/100\n|\n|t:|1700114917\n|switch|p1a: Iron Valiant|Iron Valiant, tera:Fairy|100\/100|[from] U-turn\n|\n|upkeep\n|turn|32\n|\n|t:|1700114920\n|move|p2a: Landorus|Earthquake|p1a: Iron Valiant\n|-damage|p1a: Iron Valiant|26\/100\n|move|p1a: Iron Valiant|Moonblast|p2a: Landorus\n|-damage|p2a: Landorus|0 fnt\n|faint|p2a: Landorus\n|\n|upkeep\n|\n|t:|1700114923\n|switch|p2a: Latios|Latios, M|88\/100\n|turn|33\n|\n|t:|1700114930\n|-terastallize|p2a: Latios|Ice\n|move|p1a: Iron Valiant|Moonblast|p2a: Latios\n|-damage|p2a: Latios|0 fnt\n|faint|p2a: Latios\n|\n|win|Lu Lu Zhu\n|raw|Lu Lu Zhu's rating: 1698 &rarr; <strong>1715<\/strong><br \/>(+17 for winning)\n|raw|megawayneee's rating: 1647 &rarr; <strong>1630<\/strong><br \/>(-17 for losing)\n|l|\u2606megawayneee\n","uploadtime":1700114936,"views":5,"p1id":"luluzhu","p2id":"megawayneee","formatid":"gen9nationaldex","rating":1630,"private":0,"password":""}