{"id":"gen9nationaldex-1988407616","p1":"JeanPoche","p2":"multidriod","format":"[Gen 9] National Dex","log":"|j|\u2606JeanPoche\n|j|\u2606multidriod\n|t:|1699719578\n|gametype|singles\n|player|p1|JeanPoche|266|1266\n|player|p2|multidriod|benga|1322\n|teamsize|p1|6\n|teamsize|p2|6\n|gen|9\n|tier|[Gen 9] National Dex\n|rated|\n|rule|HP Percentage Mod: HP is shown in percentages\n|rule|Endless Battle Clause: Forcing endless battles is banned\n|rule|OHKO Clause: OHKO moves are banned\n|rule|Evasion Clause: Evasion abilities, items, and moves are banned\n|rule|Evasion Abilities Clause: Evasion abilities are banned\n|rule|Evasion Items Clause: Evasion items are banned\n|rule|Evasion Moves Clause: Evasion moves are banned\n|rule|Species Clause: Limit one of each Pok\u00e9mon\n|rule|Sleep Clause Mod: Limit one foe put to sleep\n|clearpoke\n|poke|p1|Gastrodon-East, F|\n|poke|p1|Corviknight, F|\n|poke|p1|Rhyperior, M|\n|poke|p1|Mimikyu, F|\n|poke|p1|Goodra-Hisui, F|\n|poke|p1|Tapu Koko|\n|poke|p2|Ting-Lu|\n|poke|p2|Meowscarada, F|\n|poke|p2|Iron Jugulis|\n|poke|p2|Muk-Alola, F|\n|poke|p2|Mandibuzz, F|\n|poke|p2|Sableye, F|\n|teampreview\n|inactive|Battle timer is ON: inactive players will automatically lose when time's up. (requested by multidriod)\n|\n|t:|1699719586\n|start\n|switch|p1a: Rhyperior|Rhyperior, M|100\/100\n|switch|p2a: Sableye|Sableye, F|100\/100\n|turn|1\n|\n|t:|1699719591\n|move|p2a: Sableye|Will-O-Wisp|p1a: Rhyperior\n|-status|p1a: Rhyperior|brn\n|move|p1a: Rhyperior|Stone Edge|p2a: Sableye\n|-damage|p2a: Sableye|60\/100\n|\n|-damage|p1a: Rhyperior|94\/100 brn|[from] brn\n|upkeep\n|turn|2\n|\n|t:|1699719596\n|switch|p1a: Tapu Koko|Tapu Koko|100\/100\n|-fieldstart|move: Electric Terrain|[from] ability: Electric Surge|[of] p1a: Tapu Koko\n|detailschange|p2a: Sableye|Sableye-Mega, F\n|-mega|p2a: Sableye|Sableye|Sablenite\n|move|p2a: Sableye|Recover|p2a: Sableye\n|-heal|p2a: Sableye|100\/100\n|\n|upkeep\n|turn|3\n|\n|t:|1699719602\n|move|p1a: Tapu Koko|Dazzling Gleam|p2a: Sableye\n|-supereffective|p2a: Sableye\n|-damage|p2a: Sableye|29\/100\n|move|p2a: Sableye|Metal Burst|p1a: Tapu Koko\n|-damage|p1a: Tapu Koko|0 fnt\n|faint|p1a: Tapu Koko\n|\n|upkeep\n|\n|t:|1699719614\n|switch|p1a: Mimikyu|Mimikyu, F|100\/100\n|turn|4\n|\n|t:|1699719617\n|move|p1a: Mimikyu|Play Rough|p2a: Sableye\n|-supereffective|p2a: Sableye\n|-damage|p2a: Sableye|0 fnt\n|faint|p2a: Sableye\n|\n|upkeep\n|\n|t:|1699719623\n|switch|p2a: Meowscarada|Meowscarada, F|100\/100\n|turn|5\n|\n|t:|1699719627\n|switch|p1a: Corviknight|Corviknight, F|100\/100\n|move|p2a: Meowscarada|U-turn|p1a: Corviknight\n|-start|p2a: Meowscarada|typechange|Bug|[from] ability: Protean\n|-resisted|p1a: Corviknight\n|-damage|p1a: Corviknight|95\/100\n|-damage|p2a: Meowscarada|84\/100|[from] item: Rocky Helmet|[of] p1a: Corviknight\n|\n|t:|1699719634\n|switch|p2a: Iron Jugulis|Iron Jugulis|100\/100|[from] U-turn\n|-activate|p2a: Iron Jugulis|ability: Quark Drive\n|-start|p2a: Iron Jugulis|quarkdrivespe\n|\n|upkeep\n|turn|6\n|\n|t:|1699719639\n|move|p2a: Iron Jugulis|Flamethrower|p1a: Corviknight\n|-supereffective|p1a: Corviknight\n|-damage|p1a: Corviknight|36\/100\n|move|p1a: Corviknight|U-turn|p2a: Iron Jugulis\n|-crit|p2a: Iron Jugulis\n|-damage|p2a: Iron Jugulis|77\/100\n|\n|t:|1699719645\n|switch|p1a: Goodra|Goodra-Hisui, F|100\/100|[from] U-turn\n|\n|-fieldend|move: Electric Terrain\n|-end|p2a: Iron Jugulis|Quark Drive\n|upkeep\n|turn|7\n|\n|t:|1699719651\n|-end|p2a: Iron Jugulis|Quark Drive|[silent]\n|switch|p2a: Ting-Lu|Ting-Lu|100\/100\n|-ability|p2a: Ting-Lu|Vessel of Ruin\n|move|p1a: Goodra|Draco Meteor|p2a: Ting-Lu\n|-damage|p2a: Ting-Lu|78\/100\n|-unboost|p1a: Goodra|spa|2\n|\n|upkeep\n|turn|8\n|\n|t:|1699719659\n|switch|p1a: Rhyperior|Rhyperior, M|94\/100 brn\n|switch|p2a: Iron Jugulis|Iron Jugulis|77\/100\n|\n|-damage|p1a: Rhyperior|88\/100 brn|[from] brn\n|upkeep\n|turn|9\n|\n|t:|1699719665\n|move|p2a: Iron Jugulis|Hydro Pump|p1a: Rhyperior|[miss]\n|-miss|p2a: Iron Jugulis|p1a: Rhyperior\n|move|p1a: Rhyperior|Avalanche|p2a: Iron Jugulis\n|-supereffective|p2a: Iron Jugulis\n|-damage|p2a: Iron Jugulis|50\/100\n|\n|-damage|p1a: Rhyperior|82\/100 brn|[from] brn\n|upkeep\n|turn|10\n|\n|t:|1699719670\n|-end|p2a: Iron Jugulis|Quark Drive|[silent]\n|switch|p2a: Meowscarada|Meowscarada, F|84\/100\n|switch|p1a: Gastrodon|Gastrodon-East, F|100\/100\n|\n|upkeep\n|turn|11\n|\n|t:|1699719677\n|switch|p1a: Goodra|Goodra-Hisui, F|100\/100\n|move|p2a: Meowscarada|Flower Trick|p1a: Goodra\n|-start|p2a: Meowscarada|typechange|Grass|[from] ability: Protean\n|-ability|p1a: Goodra|Sap Sipper|boost\n|-boost|p1a: Goodra|atk|1\n|\n|upkeep\n|turn|12\n|\n|t:|1699719687\n|switch|p2a: Muk|Muk-Alola, F|100\/100\n|move|p1a: Goodra|Draco Meteor|p2a: Muk\n|-damage|p2a: Muk|65\/100\n|-unboost|p1a: Goodra|spa|2\n|\n|upkeep\n|turn|13\n|\n|t:|1699719692\n|switch|p1a: Rhyperior|Rhyperior, M|82\/100 brn\n|move|p2a: Muk|Knock Off|p1a: Rhyperior\n|-damage|p1a: Rhyperior|50\/100 brn\n|-enditem|p1a: Rhyperior|Weakness Policy|[from] move: Knock Off|[of] p2a: Muk\n|\n|-damage|p1a: Rhyperior|44\/100 brn|[from] brn\n|upkeep\n|turn|14\n|\n|t:|1699719700\n|move|p2a: Muk|Drain Punch|p1a: Rhyperior\n|-supereffective|p1a: Rhyperior\n|-damage|p1a: Rhyperior|17\/100 brn\n|-heal|p2a: Muk|78\/100|[from] drain|[of] p1a: Rhyperior\n|move|p1a: Rhyperior|Stone Edge|p2a: Muk\n|-damage|p2a: Muk|46\/100\n|\n|-damage|p1a: Rhyperior|11\/100 brn|[from] brn\n|upkeep\n|turn|15\n|\n|t:|1699719706\n|move|p2a: Muk|Pursuit|p1a: Rhyperior\n|-damage|p1a: Rhyperior|0 fnt\n|faint|p1a: Rhyperior\n|\n|upkeep\n|\n|t:|1699719714\n|switch|p1a: Goodra|Goodra-Hisui, F|100\/100\n|turn|16\n|\n|t:|1699719717\n|move|p1a: Goodra|Draco Meteor|p2a: Muk\n|-damage|p2a: Muk|10\/100\n|-unboost|p1a: Goodra|spa|2\n|move|p2a: Muk|Drain Punch|p1a: Goodra\n|-supereffective|p1a: Goodra\n|-damage|p1a: Goodra|55\/100\n|-heal|p2a: Muk|30\/100|[from] drain|[of] p1a: Goodra\n|\n|-heal|p1a: Goodra|61\/100|[from] item: Leftovers\n|upkeep\n|turn|17\n|\n|t:|1699719721\n|switch|p1a: Corviknight|Corviknight, F|36\/100\n|move|p2a: Muk|Drain Punch|p1a: Corviknight\n|-damage|p1a: Corviknight|20\/100\n|-heal|p2a: Muk|38\/100|[from] drain|[of] p1a: Corviknight\n|-damage|p2a: Muk|21\/100|[from] item: Rocky Helmet|[of] p1a: Corviknight\n|\n|upkeep\n|turn|18\n|\n|t:|1699719730\n|move|p1a: Corviknight|Roost|p1a: Corviknight\n|-heal|p1a: Corviknight|70\/100\n|-singleturn|p1a: Corviknight|move: Roost\n|move|p2a: Muk|Knock Off|p1a: Corviknight\n|-damage|p1a: Corviknight|39\/100\n|-damage|p2a: Muk|4\/100|[from] item: Rocky Helmet|[of] p1a: Corviknight\n|-enditem|p1a: Corviknight|Rocky Helmet|[from] move: Knock Off|[of] p2a: Muk\n|\n|upkeep\n|turn|19\n|\n|t:|1699719735\n|move|p1a: Corviknight|Roost|p1a: Corviknight\n|-heal|p1a: Corviknight|89\/100\n|-singleturn|p1a: Corviknight|move: Roost\n|move|p2a: Muk|Drain Punch|p1a: Corviknight\n|-supereffective|p1a: Corviknight\n|-damage|p1a: Corviknight|60\/100\n|-heal|p2a: Muk|18\/100|[from] drain|[of] p1a: Corviknight\n|\n|upkeep\n|turn|20\n|\n|t:|1699719738\n|move|p1a: Corviknight|U-turn|p2a: Muk\n|-damage|p2a: Muk|6\/100\n|\n|t:|1699719742\n|switch|p1a: Mimikyu|Mimikyu, F|100\/100|[from] U-turn\n|move|p2a: Muk|Drain Punch|p1a: Mimikyu\n|-immune|p1a: Mimikyu\n|\n|upkeep\n|turn|21\n|\n|t:|1699719748\n|move|p1a: Mimikyu|Play Rough|p2a: Muk\n|-damage|p2a: Muk|0 fnt\n|faint|p2a: Muk\n|\n|upkeep\n|\n|t:|1699719753\n|switch|p2a: Meowscarada|Meowscarada, F|84\/100\n|turn|22\n|\n|t:|1699719756\n|move|p2a: Meowscarada|U-turn|p1a: Mimikyu\n|-start|p2a: Meowscarada|typechange|Bug|[from] ability: Protean\n|-activate|p1a: Mimikyu|ability: Disguise\n|-damage|p1a: Mimikyu|100\/100\n|detailschange|p1a: Mimikyu|Mimikyu-Busted, F\n|-damage|p1a: Mimikyu|88\/100|[from] pokemon: Mimikyu-Busted\n|\n|t:|1699719759\n|switch|p2a: Mandibuzz|Mandibuzz, F|100\/100|[from] U-turn\n|move|p1a: Mimikyu|Play Rough|p2a: Mandibuzz\n|-supereffective|p2a: Mandibuzz\n|-damage|p2a: Mandibuzz|62\/100\n|\n|upkeep\n|turn|23\n|\n|t:|1699719764\n|move|p1a: Mimikyu|Swords Dance|p1a: Mimikyu\n|-boost|p1a: Mimikyu|atk|2\n|move|p2a: Mandibuzz|U-turn|p1a: Mimikyu\n|-resisted|p1a: Mimikyu\n|-damage|p1a: Mimikyu|83\/100\n|\n|t:|1699719772\n|switch|p2a: Meowscarada|Meowscarada, F|84\/100|[from] U-turn\n|\n|upkeep\n|turn|24\n|\n|t:|1699719774\n|move|p2a: Meowscarada|Flower Trick|p1a: Mimikyu\n|-start|p2a: Meowscarada|typechange|Grass|[from] ability: Protean\n|-crit|p1a: Mimikyu\n|-damage|p1a: Mimikyu|6\/100\n|move|p1a: Mimikyu|Play Rough|p2a: Meowscarada\n|-damage|p2a: Meowscarada|0 fnt\n|faint|p2a: Meowscarada\n|\n|upkeep\n|\n|t:|1699719781\n|switch|p2a: Iron Jugulis|Iron Jugulis|50\/100\n|turn|25\n|\n|t:|1699719792\n|switch|p1a: Goodra|Goodra-Hisui, F|61\/100\n|move|p2a: Iron Jugulis|Flamethrower|p1a: Goodra\n|-damage|p1a: Goodra|43\/100\n|\n|-heal|p1a: Goodra|50\/100|[from] item: Leftovers\n|upkeep\n|turn|26\n|\n|t:|1699719799\n|-end|p2a: Iron Jugulis|Quark Drive|[silent]\n|switch|p2a: Ting-Lu|Ting-Lu|78\/100\n|-ability|p2a: Ting-Lu|Vessel of Ruin\n|move|p1a: Goodra|Ice Beam|p2a: Ting-Lu\n|-supereffective|p2a: Ting-Lu\n|-damage|p2a: Ting-Lu|57\/100\n|\n|-heal|p1a: Goodra|56\/100|[from] item: Leftovers\n|upkeep\n|turn|27\n|\n|t:|1699719805\n|switch|p1a: Gastrodon|Gastrodon-East, F|100\/100\n|move|p2a: Ting-Lu|Earthquake|p1a: Gastrodon\n|-damage|p1a: Gastrodon|64\/100\n|\n|upkeep\n|turn|28\n|\n|t:|1699719811\n|switch|p2a: Mandibuzz|Mandibuzz, F|62\/100\n|move|p1a: Gastrodon|Recover|p1a: Gastrodon\n|-heal|p1a: Gastrodon|100\/100\n|\n|upkeep\n|turn|29\n|\n|t:|1699719813\n|move|p2a: Mandibuzz|Roost|p2a: Mandibuzz\n|-heal|p2a: Mandibuzz|100\/100\n|-singleturn|p2a: Mandibuzz|move: Roost\n|move|p1a: Gastrodon|Stealth Rock|p2a: Mandibuzz\n|-sidestart|p2: multidriod|move: Stealth Rock\n|\n|upkeep\n|turn|30\n|\n|t:|1699719817\n|move|p2a: Mandibuzz|Defog|p1a: Gastrodon\n|-unboost|p1a: Gastrodon|evasion|1\n|-sideend|p2: multidriod|Stealth Rock|[from] move: Defog|[of] p2a: Mandibuzz\n|move|p1a: Gastrodon|Toxic|p2a: Mandibuzz\n|-status|p2a: Mandibuzz|tox\n|\n|-damage|p2a: Mandibuzz|94\/100 tox|[from] psn\n|upkeep\n|turn|31\n|\n|t:|1699719819\n|move|p2a: Mandibuzz|U-turn|p1a: Gastrodon\n|-damage|p1a: Gastrodon|92\/100\n|\n|t:|1699719822\n|switch|p2a: Ting-Lu|Ting-Lu|57\/100|[from] U-turn\n|-ability|p2a: Ting-Lu|Vessel of Ruin\n|move|p1a: Gastrodon|Stealth Rock|p2a: Ting-Lu\n|-sidestart|p2: multidriod|move: Stealth Rock\n|\n|upkeep\n|turn|32\n|\n|t:|1699719826\n|move|p2a: Ting-Lu|Heavy Slam|p1a: Gastrodon\n|-resisted|p1a: Gastrodon\n|-damage|p1a: Gastrodon|77\/100\n|move|p1a: Gastrodon|Scald|p2a: Ting-Lu\n|-supereffective|p2a: Ting-Lu\n|-damage|p2a: Ting-Lu|36\/100\n|-status|p2a: Ting-Lu|brn\n|\n|-damage|p2a: Ting-Lu|30\/100 brn|[from] brn\n|upkeep\n|turn|33\n|-message|multidriod forfeited.\n|\n|win|JeanPoche\n|raw|JeanPoche's rating: 1266 &rarr; <strong>1295<\/strong><br \/>(+29 for winning)\n|raw|multidriod's rating: 1322 &rarr; <strong>1299<\/strong><br \/>(-23 for losing)\n|l|\u2606multidriod\n","uploadtime":1699719836,"views":4,"p1id":"jeanpoche","p2id":"multidriod","formatid":"gen9nationaldex","rating":1295,"private":0,"password":""}