{"id":"gen9nationaldex-1994894195","p1":"Elite four lai","p2":"Quik_pl","format":"[Gen 9] National Dex","log":"|html|<div class=\"broadcast-blue\"><strong>[Gen 9] National Dex is currently suspecting Sneasler! For information on how to participate check out the <a href=\"https:\/\/www.smogon.com\/forums\/threads\/sv-national-dex-suspect-8-just-dance.3731534\/\">suspect thread<\/a>.<\/strong><\/div>\n|j|\u2606Elite four lai\n|j|\u2606Quik_pl\n|t:|1700502435\n|gametype|singles\n|player|p1|Elite four lai|lady|\n|player|p2|Quik_pl|guitarist-gen4|\n|teamsize|p1|6\n|teamsize|p2|6\n|gen|9\n|tier|[Gen 9] National Dex\n|rule|HP Percentage Mod: HP is shown in percentages\n|rule|Endless Battle Clause: Forcing endless battles is banned\n|rule|OHKO Clause: OHKO moves are banned\n|rule|Evasion Clause: Evasion abilities, items, and moves are banned\n|rule|Evasion Abilities Clause: Evasion abilities are banned\n|rule|Evasion Items Clause: Evasion items are banned\n|rule|Evasion Moves Clause: Evasion moves are banned\n|rule|Species Clause: Limit one of each Pok\u00e9mon\n|rule|Sleep Clause Mod: Limit one foe put to sleep\n|clearpoke\n|poke|p1|Chatot, M|\n|poke|p1|Spiritomb, M|\n|poke|p1|Carnivine, M|\n|poke|p1|Rotom-Wash|\n|poke|p1|Pachirisu, F|\n|poke|p1|Mesprit|\n|poke|p2|Blaziken, F|\n|poke|p2|Skeledirge, M|\n|poke|p2|Feraligatr, M|\n|poke|p2|Samurott-Hisui, F|\n|poke|p2|Venusaur, M|\n|poke|p2|Rillaboom, M|\n|teampreview\n|\n|t:|1700502471\n|start\n|switch|p1a: Chatot|Chatot, M, shiny|100\/100\n|switch|p2a: Samurott|Samurott-Hisui, F|100\/100\n|turn|1\n|\n|t:|1700502488\n|move|p1a: Chatot|Chatter|p2a: Samurott\n|-damage|p2a: Samurott|59\/100\n|-start|p2a: Samurott|confusion\n|-activate|p2a: Samurott|confusion\n|-damage|p2a: Samurott|43\/100|[from] confusion\n|\n|upkeep\n|turn|2\n|\n|t:|1700502507\n|move|p1a: Chatot|Boomburst|p2a: Samurott\n|-damage|p2a: Samurott|0 fnt\n|faint|p2a: Samurott\n|\n|upkeep\n|\n|t:|1700502519\n|switch|p2a: Feraligatr|Feraligatr, M|100\/100\n|turn|3\n|\n|t:|1700502551\n|move|p1a: Chatot|Chatter|p2a: Feraligatr\n|-damage|p2a: Feraligatr|65\/100\n|-start|p2a: Feraligatr|confusion\n|-activate|p2a: Feraligatr|confusion\n|move|p2a: Feraligatr|Dragon Dance|p2a: Feraligatr\n|-boost|p2a: Feraligatr|atk|1\n|-boost|p2a: Feraligatr|spe|1\n|\n|upkeep\n|turn|4\n|inactive|Battle timer is ON: inactive players will automatically lose when time's up. (requested by Quik_pl)\n|\n|t:|1700502560\n|-activate|p2a: Feraligatr|confusion\n|-damage|p2a: Feraligatr|44\/100|[from] confusion\n|move|p1a: Chatot|Boomburst|p2a: Feraligatr\n|-damage|p2a: Feraligatr|0 fnt\n|faint|p2a: Feraligatr\n|\n|upkeep\n|\n|t:|1700502569\n|switch|p2a: Skeledirge|Skeledirge, M|100\/100\n|turn|5\n|inactive|Elite four lai has 270 seconds left.\n|\n|t:|1700502604\n|-terastallize|p2a: Skeledirge|Steel\n|move|p1a: Chatot|Chatter|p2a: Skeledirge\n|-resisted|p2a: Skeledirge\n|-damage|p2a: Skeledirge|85\/100\n|-start|p2a: Skeledirge|confusion\n|-activate|p2a: Skeledirge|confusion\n|-damage|p2a: Skeledirge|82\/100|[from] confusion\n|\n|upkeep\n|turn|6\n|\n|t:|1700502613\n|move|p1a: Chatot|Heat Wave|p2a: Skeledirge\n|-supereffective|p2a: Skeledirge\n|-damage|p2a: Skeledirge|29\/100\n|-activate|p2a: Skeledirge|confusion\n|-damage|p2a: Skeledirge|25\/100|[from] confusion\n|\n|upkeep\n|turn|7\n|c|\u2606Elite four lai|Chatot robi oro\n|\n|t:|1700502621\n|move|p1a: Chatot|Heat Wave|p2a: Skeledirge\n|-supereffective|p2a: Skeledirge\n|-damage|p2a: Skeledirge|0 fnt\n|faint|p2a: Skeledirge\n|\n|upkeep\n|\n|t:|1700502629\n|switch|p2a: Venusaur|Venusaur, M|100\/100\n|turn|8\n|inactive|Elite four lai has 270 seconds left.\n|\n|t:|1700502657\n|detailschange|p2a: Venusaur|Venusaur-Mega, M\n|-mega|p2a: Venusaur|Venusaur|Venusaurite\n|move|p1a: Chatot|Chatter|p2a: Venusaur\n|-supereffective|p2a: Venusaur\n|-damage|p2a: Venusaur|64\/100\n|-start|p2a: Venusaur|confusion\n|-activate|p2a: Venusaur|confusion\n|-damage|p2a: Venusaur|58\/100|[from] confusion\n|\n|upkeep\n|turn|9\n|c|\u2606Quik_pl|KURWA\n|c|\u2606Quik_pl|ZAJEBI\u0104 T\u0104 ZASRAN\u0104 PAPUG\u0118\n|inactive|Quik_pl has 270 seconds left.\n|\n|t:|1700502687\n|move|p1a: Chatot|Chatter|p2a: Venusaur\n|-supereffective|p2a: Venusaur\n|-damage|p2a: Venusaur|23\/100\n|-activate|p2a: Venusaur|confusion\n|move|p2a: Venusaur|Leech Seed|p1a: Chatot\n|-start|p1a: Chatot|move: Leech Seed\n|\n|-damage|p1a: Chatot|88\/100|[from] Leech Seed|[of] p2a: Venusaur\n|-heal|p2a: Venusaur|33\/100|[silent]\n|upkeep\n|turn|10\n|inactive|Elite four lai has 270 seconds left.\n|\n|t:|1700502702\n|move|p1a: Chatot|Chatter|p2a: Venusaur\n|-supereffective|p2a: Venusaur\n|-crit|p2a: Venusaur\n|-damage|p2a: Venusaur|0 fnt\n|faint|p2a: Venusaur\n|\n|upkeep\n|inactive|Quik_pl has 270 seconds left.\n|\n|t:|1700502713\n|switch|p2a: Blaziken|Blaziken, F, shiny|100\/100\n|turn|11\n|\n|t:|1700502719\n|move|p1a: Chatot|Chatter|p2a: Blaziken\n|-supereffective|p2a: Blaziken\n|-damage|p2a: Blaziken|25\/100\n|-start|p2a: Blaziken|confusion\n|-activate|p2a: Blaziken|confusion\n|move|p2a: Blaziken|Hone Claws|p2a: Blaziken\n|-boost|p2a: Blaziken|atk|1\n|-boost|p2a: Blaziken|accuracy|1\n|\n|-damage|p1a: Chatot|76\/100|[from] Leech Seed|[of] p2a: Blaziken\n|-heal|p2a: Blaziken|37\/100|[silent]\n|-ability|p2a: Blaziken|Speed Boost|boost\n|-boost|p2a: Blaziken|spe|1\n|upkeep\n|turn|12\n|\n|t:|1700502738\n|-activate|p2a: Blaziken|confusion\n|-damage|p2a: Blaziken|5\/100|[from] confusion\n|move|p1a: Chatot|Chatter|p2a: Blaziken\n|-supereffective|p2a: Blaziken\n|-damage|p2a: Blaziken|0 fnt\n|faint|p2a: Blaziken\n|\n|upkeep\n|c|\u2606Quik_pl|KURWA\n|inactive|Quik_pl has 270 seconds left.\n|c|\u2606Quik_pl|!dt chatter\n|raw|<ul class=\"utilichart\"><li class=\"result\"><span class=\"col movenamecol\"><a href=\"https:\/\/dex.pokemonshowdown.com\/moves\/chatter\">Chatter<\/a><\/span> <span class=\"col typecol\"><img src=\"\/\/play.pokemonshowdown.com\/sprites\/types\/Flying.png\" alt=\"Flying\" width=\"32\" height=\"14\"><img src=\"\/\/play.pokemonshowdown.com\/sprites\/categories\/Special.png\" alt=\"Special\" width=\"32\" height=\"14\"><\/span> <span class=\"col labelcol\"><em>Power<\/em><br>65<\/span> <span class=\"col widelabelcol\"><em>Accuracy<\/em><br>100%<\/span> <span class=\"col pplabelcol\"><em>PP<\/em><br>32<\/span> <span class=\"col movedesccol\">100% chance to confuse the target.<\/span> <\/li><li style=\"clear:both\"><\/li><\/ul>\n|raw|<font size=\"1\"><font color=\"#686868\">Priority:<\/font> 0&nbsp;|&ThickSpace;<font color=\"#686868\">Gen:<\/font> 4&nbsp;|&ThickSpace;&#10007; Past Gens Only&nbsp;|&ThickSpace;&#10003; Boosted by Sheer Force&nbsp;|&ThickSpace;&#10003; Sound&nbsp;|&ThickSpace;&#10003; Bypasses Substitutes&nbsp;|&ThickSpace;<font color=\"#686868\">Z-Power:<\/font> 120&nbsp;|&ThickSpace;<font color=\"#686868\">Dynamax Power:<\/font> 120&nbsp;|&ThickSpace;<font color=\"#686868\">Target:<\/font> Any Pok\u00e9mon<\/font>\n\n|\n|t:|1700502756\n|switch|p2a: Rillaboom|Rillaboom, M|100\/100\n|-fieldstart|move: Grassy Terrain|[from] ability: Grassy Surge|[of] p2a: Rillaboom\n|turn|13\n|inactive|Quik_pl has 270 seconds left.\n|\n|t:|1700502762\n|move|p2a: Rillaboom|Grassy Glide|p1a: Chatot\n|-resisted|p1a: Chatot\n|-damage|p1a: Chatot|24\/100\n|-damage|p2a: Rillaboom|91\/100|[from] item: Life Orb\n|move|p1a: Chatot|Chatter|p2a: Rillaboom\n|-supereffective|p2a: Rillaboom\n|-damage|p2a: Rillaboom|15\/100\n|-start|p2a: Rillaboom|confusion\n|\n|-heal|p2a: Rillaboom|21\/100|[from] Grassy Terrain\n|-damage|p1a: Chatot|11\/100|[from] Leech Seed|[of] p2a: Rillaboom\n|-heal|p2a: Rillaboom|32\/100|[silent]\n|upkeep\n|turn|14\n|\n|t:|1700502766\n|-activate|p2a: Rillaboom|confusion\n|move|p2a: Rillaboom|Grassy Glide|p1a: Chatot\n|-resisted|p1a: Chatot\n|-damage|p1a: Chatot|0 fnt\n|faint|p1a: Chatot\n|-damage|p2a: Rillaboom|22\/100|[from] item: Life Orb\n|\n|-heal|p2a: Rillaboom|28\/100|[from] Grassy Terrain\n|upkeep\n|\n|t:|1700502774\n|switch|p1a: Mesprit|Mesprit, shiny|100\/100\n|turn|15\n|\n|t:|1700502792\n|-end|p2a: Rillaboom|confusion\n|move|p2a: Rillaboom|U-turn|p1a: Mesprit\n|-supereffective|p1a: Mesprit\n|-damage|p1a: Mesprit|35\/100\n|-damage|p2a: Rillaboom|18\/100|[from] item: Life Orb\n|move|p1a: Mesprit|Ice Beam|p2a: Rillaboom\n|-supereffective|p2a: Rillaboom\n|-damage|p2a: Rillaboom|0 fnt\n|faint|p2a: Rillaboom\n|\n|win|Elite four lai\n","uploadtime":1700502797,"views":9,"p1id":"elitefourlai","p2id":"quikpl","formatid":"gen9nationaldex","rating":0,"private":0,"password":""}