{"id":"gen9nationaldex-1997568821","p1":"congpizza","p2":"Much4536","format":"[Gen 9] National Dex","log":"|html|<div class=\"broadcast-blue\"><strong>[Gen 9] National Dex is currently suspecting Sneasler! For information on how to participate check out the <a href=\"https:\/\/www.smogon.com\/forums\/threads\/sv-national-dex-suspect-8-just-dance.3731534\/\">suspect thread<\/a>.<\/strong><\/div>\n|j|\u2606congpizza\n|j|\u2606Much4536\n|t:|1700826836\n|gametype|singles\n|player|p1|congpizza|hilbert|1347\n|player|p2|Much4536|n|1406\n|teamsize|p1|6\n|teamsize|p2|6\n|gen|9\n|tier|[Gen 9] National Dex\n|rated|\n|rule|HP Percentage Mod: HP is shown in percentages\n|rule|Endless Battle Clause: Forcing endless battles is banned\n|rule|OHKO Clause: OHKO moves are banned\n|rule|Evasion Clause: Evasion abilities, items, and moves are banned\n|rule|Evasion Abilities Clause: Evasion abilities are banned\n|rule|Evasion Items Clause: Evasion items are banned\n|rule|Evasion Moves Clause: Evasion moves are banned\n|rule|Species Clause: Limit one of each Pok\u00e9mon\n|rule|Sleep Clause Mod: Limit one foe put to sleep\n|clearpoke\n|poke|p1|Pelipper, F|\n|poke|p1|Greninja-*, M|\n|poke|p1|Swampert, F|\n|poke|p1|Ferrothorn, F|\n|poke|p1|Zapdos|\n|poke|p1|Ogerpon-Wellspring, F|\n|poke|p2|Glimmora, M|\n|poke|p2|Crobat, M|\n|poke|p2|Pyukumuku, M|\n|poke|p2|Toxapex, F|\n|poke|p2|Chansey, F|\n|poke|p2|Sableye, F|\n|teampreview\n|inactive|Battle timer is ON: inactive players will automatically lose when time's up. (requested by congpizza)\n|\n|t:|1700826855\n|start\n|switch|p1a: \u8349\u94a2|Ferrothorn, F|100\/100\n|switch|p2a: Glimmora|Glimmora, M|100\/100\n|turn|1\n|\n|t:|1700826864\n|move|p2a: Glimmora|Toxic|p1a: \u8349\u94a2\n|-status|p1a: \u8349\u94a2|tox\n|move|p1a: \u8349\u94a2|Stealth Rock|p2a: Glimmora\n|-sidestart|p2: Much4536|move: Stealth Rock\n|\n|-damage|p1a: \u8349\u94a2|94\/100 tox|[from] psn\n|upkeep\n|turn|2\n|\n|t:|1700826872\n|move|p2a: Glimmora|Stealth Rock|p1a: \u8349\u94a2\n|-sidestart|p1: congpizza|move: Stealth Rock\n|move|p1a: \u8349\u94a2|Gyro Ball|p2a: Glimmora\n|-supereffective|p2a: Glimmora\n|-damage|p2a: Glimmora|19\/100\n|\n|-damage|p1a: \u8349\u94a2|82\/100 tox|[from] psn\n|upkeep\n|turn|3\n|\n|t:|1700826880\n|move|p2a: Glimmora|Toxic Spikes|p1a: \u8349\u94a2\n|-sidestart|p1: congpizza|move: Toxic Spikes\n|move|p1a: \u8349\u94a2|Body Press|p2a: Glimmora\n|-damage|p2a: Glimmora|0 fnt\n|faint|p2a: Glimmora\n|\n|-damage|p1a: \u8349\u94a2|63\/100 tox|[from] psn\n|upkeep\n|\n|t:|1700826890\n|switch|p2a: Toxapex|Toxapex, F|100\/100\n|-damage|p2a: Toxapex|88\/100|[from] Stealth Rock\n|turn|4\n|\n|t:|1700826898\n|move|p2a: Toxapex|Toxic Spikes|p1a: \u8349\u94a2\n|-sidestart|p1: congpizza|move: Toxic Spikes\n|move|p1a: \u8349\u94a2|Gyro Ball|p2a: Toxapex\n|-resisted|p2a: Toxapex\n|-damage|p2a: Toxapex|81\/100\n|\n|-heal|p2a: Toxapex|87\/100|[from] item: Black Sludge\n|-damage|p1a: \u8349\u94a2|38\/100 tox|[from] psn\n|upkeep\n|turn|5\n|\n|t:|1700826913\n|switch|p2a: Chansey|Chansey, F|100\/100\n|-damage|p2a: Chansey|88\/100|[from] Stealth Rock\n|switch|p1a: \u6253\u96f7\u4f55\u65f6\u80fd\u4e2d|Zapdos|100\/100\n|\n|upkeep\n|turn|6\n|\n|t:|1700826923\n|move|p1a: \u6253\u96f7\u4f55\u65f6\u80fd\u4e2d|Thunderbolt|p2a: Chansey\n|-damage|p2a: Chansey|73\/100\n|move|p2a: Chansey|Toxic|p1a: \u6253\u96f7\u4f55\u65f6\u80fd\u4e2d\n|-status|p1a: \u6253\u96f7\u4f55\u65f6\u80fd\u4e2d|tox\n|\n|-damage|p1a: \u6253\u96f7\u4f55\u65f6\u80fd\u4e2d|94\/100 tox|[from] psn\n|upkeep\n|turn|7\n|\n|t:|1700826932\n|move|p1a: \u6253\u96f7\u4f55\u65f6\u80fd\u4e2d|Defog|p2a: Chansey\n|-unboost|p2a: Chansey|evasion|1\n|-sideend|p2: Much4536|Stealth Rock|[from] move: Defog|[of] p1a: \u6253\u96f7\u4f55\u65f6\u80fd\u4e2d\n|-sideend|p1: congpizza|Toxic Spikes|[from] move: Defog|[of] p1a: \u6253\u96f7\u4f55\u65f6\u80fd\u4e2d\n|-sideend|p1: congpizza|Stealth Rock|[from] move: Defog|[of] p1a: \u6253\u96f7\u4f55\u65f6\u80fd\u4e2d\n|move|p2a: Chansey|Soft-Boiled|p2a: Chansey\n|-heal|p2a: Chansey|100\/100\n|\n|-damage|p1a: \u6253\u96f7\u4f55\u65f6\u80fd\u4e2d|82\/100 tox|[from] psn\n|upkeep\n|turn|8\n|\n|t:|1700826945\n|switch|p1a: \u76d6\u9e25\u5361|Pelipper, F|100\/100\n|-weather|RainDance|[from] ability: Drizzle|[of] p1a: \u76d6\u9e25\u5361\n|switch|p2a: Crobat|Crobat, M|100\/100\n|\n|-weather|RainDance|[upkeep]\n|upkeep\n|turn|9\n|\n|t:|1700826954\n|move|p2a: Crobat|Toxic|p1a: \u76d6\u9e25\u5361\n|-status|p1a: \u76d6\u9e25\u5361|tox\n|move|p1a: \u76d6\u9e25\u5361|U-turn|p2a: Crobat\n|-resisted|p2a: Crobat\n|-damage|p2a: Crobat|98\/100\n|\n|t:|1700826962\n|switch|p1a: \u9a6c\u5676\u5de8\u6cbc\u602a|Swampert, F|100\/100|[from] U-turn\n|\n|-weather|RainDance|[upkeep]\n|upkeep\n|turn|10\n|\n|t:|1700826967\n|detailschange|p1a: \u9a6c\u5676\u5de8\u6cbc\u602a|Swampert-Mega, F\n|-mega|p1a: \u9a6c\u5676\u5de8\u6cbc\u602a|Swampert|Swampertite\n|move|p1a: \u9a6c\u5676\u5de8\u6cbc\u602a|Waterfall|p2a: Crobat\n|-damage|p2a: Crobat|13\/100\n|move|p2a: Crobat|Toxic|p1a: \u9a6c\u5676\u5de8\u6cbc\u602a\n|-status|p1a: \u9a6c\u5676\u5de8\u6cbc\u602a|tox\n|\n|-weather|RainDance|[upkeep]\n|-damage|p1a: \u9a6c\u5676\u5de8\u6cbc\u602a|94\/100 tox|[from] psn\n|upkeep\n|turn|11\n|\n|t:|1700826977\n|move|p1a: \u9a6c\u5676\u5de8\u6cbc\u602a|Flip Turn|p2a: Crobat\n|-damage|p2a: Crobat|0 fnt\n|faint|p2a: Crobat\n|\n|t:|1700826989\n|switch|p1a: \u6253\u96f7\u4f55\u65f6\u80fd\u4e2d|Zapdos|82\/100 tox|[from] Flip Turn\n|\n|-weather|RainDance|[upkeep]\n|-damage|p1a: \u6253\u96f7\u4f55\u65f6\u80fd\u4e2d|76\/100 tox|[from] psn\n|upkeep\n|\n|t:|1700826998\n|switch|p2a: Chansey|Chansey, F|100\/100\n|turn|12\n|\n|t:|1700827008\n|switch|p1a: \u8349\u94a2|Ferrothorn, F|38\/100 tox\n|move|p2a: Chansey|Seismic Toss|p1a: \u8349\u94a2\n|-damage|p1a: \u8349\u94a2|4\/100 tox\n|-damage|p2a: Chansey|88\/100|[from] ability: Iron Barbs|[of] p1a: \u8349\u94a2\n|\n|-weather|RainDance|[upkeep]\n|-damage|p1a: \u8349\u94a2|0 fnt|[from] psn\n|faint|p1a: \u8349\u94a2\n|upkeep\n|\n|t:|1700827017\n|switch|p1a: Ogerpon|Ogerpon-Wellspring, F|100\/100\n|turn|13\n|\n|t:|1700827029\n|-terastallize|p1a: Ogerpon|Water\n|detailschange|p1a: Ogerpon|Ogerpon-Wellspring-Tera, F, tera:Water\n|-ability|p1a: Ogerpon|Embody Aspect (Wellspring)|boost\n|-boost|p1a: Ogerpon|spd|1\n|move|p1a: Ogerpon|Ivy Cudgel|p2a: Chansey|[anim] Ivy Cudgel Water\n|-damage|p2a: Chansey|4\/100\n|move|p2a: Chansey|Toxic|p1a: Ogerpon\n|-status|p1a: Ogerpon|tox\n|\n|-weather|RainDance|[upkeep]\n|-damage|p1a: Ogerpon|95\/100 tox|[from] psn\n|upkeep\n|turn|14\n|\n|t:|1700827042\n|switch|p2a: Toxapex|Toxapex, F|100\/100\n|move|p1a: Ogerpon|Horn Leech|p2a: Toxapex\n|-damage|p2a: Toxapex|68\/100\n|-heal|p1a: Ogerpon|100\/100 tox|[from] drain|[of] p2a: Toxapex\n|\n|-weather|RainDance|[upkeep]\n|-heal|p2a: Toxapex|74\/100|[from] item: Black Sludge\n|-damage|p1a: Ogerpon|89\/100 tox|[from] psn\n|upkeep\n|turn|15\n|\n|t:|1700827053\n|move|p1a: Ogerpon|Swords Dance|p1a: Ogerpon\n|-boost|p1a: Ogerpon|atk|2\n|move|p2a: Toxapex|Recover|p2a: Toxapex\n|-heal|p2a: Toxapex|100\/100\n|\n|-weather|none\n|-damage|p1a: Ogerpon|71\/100 tox|[from] psn\n|upkeep\n|turn|16\n|\n|t:|1700827062\n|move|p1a: Ogerpon|Horn Leech|p2a: Toxapex\n|-damage|p2a: Toxapex|40\/100\n|-heal|p1a: Ogerpon|100\/100 tox|[from] drain|[of] p2a: Toxapex\n|move|p2a: Toxapex|Haze|p2a: Toxapex\n|-clearallboost\n|\n|-heal|p2a: Toxapex|47\/100|[from] item: Black Sludge\n|-damage|p1a: Ogerpon|77\/100 tox|[from] psn\n|upkeep\n|turn|17\n|\n|t:|1700827072\n|switch|p1a: \u76d6\u9e25\u5361|Pelipper, F|100\/100 tox\n|-weather|RainDance|[from] ability: Drizzle|[of] p1a: \u76d6\u9e25\u5361\n|move|p2a: Toxapex|Recover|p2a: Toxapex\n|-heal|p2a: Toxapex|97\/100\n|\n|-weather|RainDance|[upkeep]\n|-heal|p2a: Toxapex|100\/100|[from] item: Black Sludge\n|-damage|p1a: \u76d6\u9e25\u5361|94\/100 tox|[from] psn\n|upkeep\n|turn|18\n|\n|t:|1700827084\n|move|p1a: \u76d6\u9e25\u5361|Hurricane|p2a: Toxapex\n|-damage|p2a: Toxapex|65\/100\n|move|p2a: Toxapex|Toxic Spikes|p1a: \u76d6\u9e25\u5361\n|-sidestart|p1: congpizza|move: Toxic Spikes\n|\n|-weather|RainDance|[upkeep]\n|-heal|p2a: Toxapex|71\/100|[from] item: Black Sludge\n|-damage|p1a: \u76d6\u9e25\u5361|82\/100 tox|[from] psn\n|upkeep\n|turn|19\n|\n|t:|1700827094\n|switch|p1a: \u6253\u96f7\u4f55\u65f6\u80fd\u4e2d|Zapdos|76\/100 tox\n|move|p2a: Toxapex|Toxic Spikes|p1a: \u6253\u96f7\u4f55\u65f6\u80fd\u4e2d\n|-sidestart|p1: congpizza|move: Toxic Spikes\n|\n|-weather|RainDance|[upkeep]\n|-heal|p2a: Toxapex|77\/100|[from] item: Black Sludge\n|-damage|p1a: \u6253\u96f7\u4f55\u65f6\u80fd\u4e2d|69\/100 tox|[from] psn\n|upkeep\n|turn|20\n|\n|t:|1700827104\n|switch|p2a: Sableye|Sableye, F|100\/100\n|move|p1a: \u6253\u96f7\u4f55\u65f6\u80fd\u4e2d|Defog|p2a: Sableye\n|-unboost|p2a: Sableye|evasion|1\n|-sideend|p1: congpizza|Toxic Spikes|[from] move: Defog|[of] p1a: \u6253\u96f7\u4f55\u65f6\u80fd\u4e2d\n|\n|-weather|RainDance|[upkeep]\n|-damage|p1a: \u6253\u96f7\u4f55\u65f6\u80fd\u4e2d|57\/100 tox|[from] psn\n|upkeep\n|turn|21\n|\n|t:|1700827116\n|switch|p1a: \u9a6c\u5676\u5de8\u6cbc\u602a|Swampert-Mega, F|94\/100 tox\n|detailschange|p2a: Sableye|Sableye-Mega, F\n|-mega|p2a: Sableye|Sableye|Sablenite\n|move|p2a: Sableye|Protect||[still]\n|-fail|p2a: Sableye\n|\n|-weather|RainDance|[upkeep]\n|-damage|p1a: \u9a6c\u5676\u5de8\u6cbc\u602a|88\/100 tox|[from] psn\n|upkeep\n|turn|22\n|\n|t:|1700827127\n|switch|p2a: Toxapex|Toxapex, F|100\/100\n|move|p1a: \u9a6c\u5676\u5de8\u6cbc\u602a|Waterfall|p2a: Toxapex\n|-resisted|p2a: Toxapex\n|-damage|p2a: Toxapex|73\/100\n|\n|-weather|RainDance|[upkeep]\n|-heal|p2a: Toxapex|79\/100|[from] item: Black Sludge\n|-damage|p1a: \u9a6c\u5676\u5de8\u6cbc\u602a|76\/100 tox|[from] psn\n|upkeep\n|turn|23\n|\n|t:|1700827138\n|switch|p2a: Chansey|Chansey, F|4\/100\n|move|p1a: \u9a6c\u5676\u5de8\u6cbc\u602a|Earthquake|p2a: Chansey\n|-damage|p2a: Chansey|0 fnt\n|faint|p2a: Chansey\n|\n|-weather|RainDance|[upkeep]\n|-damage|p1a: \u9a6c\u5676\u5de8\u6cbc\u602a|58\/100 tox|[from] psn\n|upkeep\n|\n|t:|1700827154\n|switch|p2a: Toxapex|Toxapex, F|100\/100\n|turn|24\n|\n|t:|1700827163\n|-terastallize|p2a: Toxapex|Grass\n|move|p1a: \u9a6c\u5676\u5de8\u6cbc\u602a|Flip Turn|p2a: Toxapex\n|-resisted|p2a: Toxapex\n|-damage|p2a: Toxapex|80\/100\n|\n|t:|1700827172\n|switch|p1a: \u6253\u96f7\u4f55\u65f6\u80fd\u4e2d|Zapdos|57\/100 tox|[from] Flip Turn\n|move|p2a: Toxapex|Toxic Spikes|p1a: \u6253\u96f7\u4f55\u65f6\u80fd\u4e2d\n|-sidestart|p1: congpizza|move: Toxic Spikes\n|\n|-weather|none\n|-damage|p2a: Toxapex|68\/100|[from] item: Black Sludge\n|-damage|p1a: \u6253\u96f7\u4f55\u65f6\u80fd\u4e2d|51\/100 tox|[from] psn\n|upkeep\n|turn|25\n|\n|t:|1700827183\n|switch|p2a: Sableye|Sableye-Mega, F|100\/100\n|move|p1a: \u6253\u96f7\u4f55\u65f6\u80fd\u4e2d|Hurricane|p2a: Sableye\n|-damage|p2a: Sableye|45\/100\n|\n|-damage|p1a: \u6253\u96f7\u4f55\u65f6\u80fd\u4e2d|38\/100 tox|[from] psn\n|upkeep\n|turn|26\n|\n|t:|1700827194\n|move|p1a: \u6253\u96f7\u4f55\u65f6\u80fd\u4e2d|Hurricane|p2a: Sableye\n|-damage|p2a: Sableye|0 fnt\n|faint|p2a: Sableye\n|\n|-damage|p1a: \u6253\u96f7\u4f55\u65f6\u80fd\u4e2d|20\/100 tox|[from] psn\n|upkeep\n|\n|t:|1700827201\n|switch|p2a: Pyukumuku|Pyukumuku, M|100\/100\n|turn|27\n|\n|t:|1700827209\n|move|p1a: \u6253\u96f7\u4f55\u65f6\u80fd\u4e2d|Roost|p1a: \u6253\u96f7\u4f55\u65f6\u80fd\u4e2d\n|-heal|p1a: \u6253\u96f7\u4f55\u65f6\u80fd\u4e2d|70\/100 tox\n|-singleturn|p1a: \u6253\u96f7\u4f55\u65f6\u80fd\u4e2d|move: Roost\n|move|p2a: Pyukumuku|Recover||[still]\n|-fail|p2a: Pyukumuku|heal\n|\n|-damage|p1a: \u6253\u96f7\u4f55\u65f6\u80fd\u4e2d|45\/100 tox|[from] psn\n|upkeep\n|turn|28\n|\n|t:|1700827219\n|move|p1a: \u6253\u96f7\u4f55\u65f6\u80fd\u4e2d|Thunderbolt|p2a: Pyukumuku\n|-supereffective|p2a: Pyukumuku\n|-damage|p2a: Pyukumuku|18\/100\n|move|p2a: Pyukumuku|Recover|p2a: Pyukumuku\n|-heal|p2a: Pyukumuku|68\/100\n|\n|-heal|p2a: Pyukumuku|74\/100|[from] item: Leftovers\n|-damage|p1a: \u6253\u96f7\u4f55\u65f6\u80fd\u4e2d|14\/100 tox|[from] psn\n|upkeep\n|turn|29\n|\n|t:|1700827229\n|switch|p2a: Toxapex|Toxapex, F, tera:Grass|100\/100\n|move|p1a: \u6253\u96f7\u4f55\u65f6\u80fd\u4e2d|Thunderbolt|p2a: Toxapex\n|-resisted|p2a: Toxapex\n|-crit|p2a: Toxapex\n|-damage|p2a: Toxapex|74\/100\n|\n|-damage|p2a: Toxapex|61\/100|[from] item: Black Sludge\n|-damage|p1a: \u6253\u96f7\u4f55\u65f6\u80fd\u4e2d|0 fnt|[from] psn\n|faint|p1a: \u6253\u96f7\u4f55\u65f6\u80fd\u4e2d\n|upkeep\n|\n|t:|1700827234\n|switch|p1a: \u76d6\u9e25\u5361|Pelipper, F|82\/100 tox\n|-weather|RainDance|[from] ability: Drizzle|[of] p1a: \u76d6\u9e25\u5361\n|turn|30\n|\n|t:|1700827249\n|switch|p2a: Pyukumuku|Pyukumuku, M|74\/100\n|move|p1a: \u76d6\u9e25\u5361|Hurricane|p2a: Pyukumuku\n|-damage|p2a: Pyukumuku|31\/100\n|\n|-weather|RainDance|[upkeep]\n|-heal|p2a: Pyukumuku|37\/100|[from] item: Leftovers\n|-damage|p1a: \u76d6\u9e25\u5361|76\/100 tox|[from] psn\n|upkeep\n|turn|31\n|\n|t:|1700827260\n|move|p1a: \u76d6\u9e25\u5361|U-turn|p2a: Pyukumuku\n|-damage|p2a: Pyukumuku|31\/100\n|\n|t:|1700827267\n|switch|p1a: Ogerpon|Ogerpon-Wellspring-Tera, F, tera:Water|77\/100 tox|[from] U-turn\n|-ability|p1a: Ogerpon|Embody Aspect (Wellspring)|boost\n|-boost|p1a: Ogerpon|spd|1\n|move|p2a: Pyukumuku|Recover|p2a: Pyukumuku\n|-heal|p2a: Pyukumuku|81\/100\n|\n|-weather|RainDance|[upkeep]\n|-heal|p2a: Pyukumuku|87\/100|[from] item: Leftovers\n|-damage|p1a: Ogerpon|71\/100 tox|[from] psn\n|upkeep\n|turn|32\n|\n|t:|1700827279\n|switch|p2a: Toxapex|Toxapex, F, tera:Grass|94\/100\n|move|p1a: Ogerpon|Horn Leech|p2a: Toxapex\n|-resisted|p2a: Toxapex\n|-damage|p2a: Toxapex|79\/100\n|-heal|p1a: Ogerpon|79\/100 tox|[from] drain|[of] p2a: Toxapex\n|\n|-weather|RainDance|[upkeep]\n|-damage|p2a: Toxapex|66\/100|[from] item: Black Sludge\n|-damage|p1a: Ogerpon|67\/100 tox|[from] psn\n|upkeep\n|turn|33\n|-message|Much4536 forfeited.\n|\n|win|congpizza\n|raw|congpizza's rating: 1347 &rarr; <strong>1370<\/strong><br \/>(+23 for winning)\n|raw|Much4536's rating: 1406 &rarr; <strong>1383<\/strong><br \/>(-23 for losing)\n|l|\u2606Much4536\n","uploadtime":1700827293,"views":4,"p1id":"congpizza","p2id":"much4536","formatid":"gen9nationaldex","rating":1370,"private":0,"password":""}