{"id":"gen9nationaldex-1992429288","p1":"daniel241595","p2":"mtyqjltz5","format":"[Gen 9] National Dex","log":"|j|\u2606daniel241595\n|j|\u2606mtyqjltz5\n|t:|1700186537\n|gametype|singles\n|player|p1|daniel241595|gambler|1502\n|player|p2|mtyqjltz5|elesa|1383\n|teamsize|p1|6\n|teamsize|p2|6\n|gen|9\n|tier|[Gen 9] National Dex\n|rated|\n|rule|HP Percentage Mod: HP is shown in percentages\n|rule|Endless Battle Clause: Forcing endless battles is banned\n|rule|OHKO Clause: OHKO moves are banned\n|rule|Evasion Clause: Evasion abilities, items, and moves are banned\n|rule|Evasion Abilities Clause: Evasion abilities are banned\n|rule|Evasion Items Clause: Evasion items are banned\n|rule|Evasion Moves Clause: Evasion moves are banned\n|rule|Species Clause: Limit one of each Pok\u00e9mon\n|rule|Sleep Clause Mod: Limit one foe put to sleep\n|clearpoke\n|poke|p1|Arcanine, M|\n|poke|p1|Flygon, F|\n|poke|p1|Empoleon, M|\n|poke|p1|Eelektross, F|\n|poke|p1|Florges, F|\n|poke|p1|Kleavor, M|\n|poke|p2|Pidgeot, M|\n|poke|p2|Rotom-Wash|\n|poke|p2|Slowking-Galar, M|\n|poke|p2|Rillaboom, M|\n|poke|p2|Blaziken, M|\n|poke|p2|Hydreigon, M|\n|teampreview\n|inactive|Battle timer is ON: inactive players will automatically lose when time's up. (requested by daniel241595)\n|\n|t:|1700186548\n|start\n|switch|p1a: Eelektross|Eelektross, F|100\/100\n|switch|p2a: Rotom|Rotom-Wash, shiny|100\/100\n|turn|1\n|\n|t:|1700186562\n|move|p2a: Rotom|Volt Switch|p1a: Eelektross\n|-resisted|p1a: Eelektross\n|-damage|p1a: Eelektross|91\/100\n|\n|t:|1700186570\n|switch|p2a: Slowking|Slowking-Galar, M, shiny|100\/100|[from] Volt Switch\n|move|p1a: Eelektross|Giga Drain|p2a: Slowking\n|-resisted|p2a: Slowking\n|-damage|p2a: Slowking|93\/100\n|-heal|p1a: Eelektross|95\/100|[from] drain|[of] p2a: Slowking\n|\n|upkeep\n|turn|2\n|\n|t:|1700186580\n|move|p2a: Slowking|Future Sight|p1a: Eelektross\n|-start|p2a: Slowking|move: Future Sight\n|move|p1a: Eelektross|Dragon Tail|p2a: Slowking\n|-damage|p2a: Slowking|77\/100\n|drag|p2a: Rotom|Rotom-Wash, shiny|100\/100\n|\n|upkeep\n|turn|3\n|\n|t:|1700186593\n|move|p2a: Rotom|Hydro Pump|p1a: Eelektross\n|-damage|p1a: Eelektross|64\/100\n|move|p1a: Eelektross|Volt Switch|p2a: Rotom\n|-damage|p2a: Rotom|63\/100\n|\n|t:|1700186599\n|switch|p1a: Florges|Florges, F|100\/100|[from] Volt Switch\n|\n|-heal|p2a: Rotom|69\/100|[from] item: Leftovers\n|upkeep\n|turn|4\n|\n|t:|1700186604\n|switch|p2a: Slowking|Slowking-Galar, M, shiny|100\/100\n|move|p1a: Florges|Moonblast|p2a: Slowking\n|-resisted|p2a: Slowking\n|-damage|p2a: Slowking|90\/100\n|-unboost|p2a: Slowking|spa|1\n|\n|-end|p1a: Florges|move: Future Sight\n|-damage|p1a: Florges|81\/100\n|-heal|p1a: Florges|87\/100|[from] item: Leftovers\n|upkeep\n|turn|5\n|\n|t:|1700186612\n|move|p1a: Florges|Wish|p1a: Florges\n|move|p2a: Slowking|Thunder Wave|p1a: Florges\n|-status|p1a: Florges|par\n|\n|-heal|p1a: Florges|94\/100 par|[from] item: Leftovers\n|upkeep\n|turn|6\n|\n|t:|1700186625\n|switch|p1a: Eelektross|Eelektross, F|64\/100\n|move|p2a: Slowking|Future Sight|p1a: Eelektross\n|-start|p2a: Slowking|move: Future Sight\n|\n|-heal|p1a: Eelektross|100\/100|[from] move: Wish|[wisher] Florges\n|upkeep\n|turn|7\n|\n|t:|1700186631\n|move|p1a: Eelektross|Volt Switch|p2a: Slowking\n|-damage|p2a: Slowking|71\/100\n|\n|t:|1700186634\n|switch|p1a: Flygon|Flygon, F|100\/100|[from] Volt Switch\n|move|p2a: Slowking|Sludge Bomb|p1a: Flygon\n|-resisted|p1a: Flygon\n|-damage|p1a: Flygon|86\/100\n|-status|p1a: Flygon|psn\n|\n|-damage|p1a: Flygon|73\/100 psn|[from] psn\n|upkeep\n|turn|8\n|\n|t:|1700186640\n|switch|p1a: Florges|Florges, F|94\/100 par\n|switch|p2a: Rotom|Rotom-Wash, shiny|69\/100\n|\n|-end|p1a: Florges|move: Future Sight\n|-damage|p1a: Florges|62\/100 par\n|-heal|p2a: Rotom|75\/100|[from] item: Leftovers\n|-heal|p1a: Florges|68\/100 par|[from] item: Leftovers\n|upkeep\n|turn|9\n|\n|t:|1700186649\n|move|p2a: Rotom|Volt Switch|p1a: Florges\n|-damage|p1a: Florges|53\/100 par\n|\n|t:|1700186653\n|switch|p2a: Slowking|Slowking-Galar, M, shiny|100\/100|[from] Volt Switch\n|move|p1a: Florges|Aromatherapy|p1a: Florges\n|-activate|p1a: Florges|move: Aromatherapy\n|-curestatus|p1a: Florges|par|[msg]\n|-curestatus|p1: Flygon|psn|[msg]\n|\n|-heal|p1a: Florges|60\/100|[from] item: Leftovers\n|upkeep\n|turn|10\n|\n|t:|1700186678\n|switch|p1a: Kleavor|Kleavor, M|100\/100\n|move|p2a: Slowking|Future Sight|p1a: Kleavor\n|-start|p2a: Slowking|move: Future Sight\n|\n|upkeep\n|turn|11\n|\n|t:|1700186703\n|switch|p2a: Rotom|Rotom-Wash, shiny|75\/100\n|move|p1a: Kleavor|Stone Axe|p2a: Rotom\n|-damage|p2a: Rotom|37\/100\n|-sidestart|p2: mtyqjltz5|move: Stealth Rock\n|\n|-heal|p2a: Rotom|43\/100|[from] item: Leftovers\n|upkeep\n|turn|12\n|\n|t:|1700186716\n|switch|p1a: Empoleon|Empoleon, M|100\/100\n|move|p2a: Rotom|Hydro Pump|p1a: Empoleon\n|-resisted|p1a: Empoleon\n|-crit|p1a: Empoleon\n|-damage|p1a: Empoleon|76\/100\n|\n|-end|p1a: Empoleon|move: Future Sight\n|-resisted|p1a: Empoleon\n|-damage|p1a: Empoleon|57\/100\n|-heal|p2a: Rotom|50\/100|[from] item: Leftovers\n|upkeep\n|turn|13\n|\n|t:|1700186730\n|switch|p1a: Eelektross|Eelektross, F|100\/100\n|move|p2a: Rotom|Volt Switch|p1a: Eelektross\n|-resisted|p1a: Eelektross\n|-damage|p1a: Eelektross|92\/100\n|\n|t:|1700186753\n|switch|p2a: Rillaboom|Rillaboom, M|100\/100|[from] Volt Switch\n|-damage|p2a: Rillaboom|88\/100|[from] Stealth Rock\n|-fieldstart|move: Grassy Terrain|[from] ability: Grassy Surge|[of] p2a: Rillaboom\n|\n|-heal|p2a: Rillaboom|94\/100|[from] Grassy Terrain\n|upkeep\n|turn|14\n|\n|t:|1700186765\n|move|p2a: Rillaboom|Knock Off|p1a: Eelektross\n|-damage|p1a: Eelektross|34\/100\n|-enditem|p1a: Eelektross|Assault Vest|[from] move: Knock Off|[of] p2a: Rillaboom\n|move|p1a: Eelektross|Flamethrower|p2a: Rillaboom\n|-supereffective|p2a: Rillaboom\n|-damage|p2a: Rillaboom|16\/100\n|\n|-heal|p2a: Rillaboom|22\/100|[from] Grassy Terrain\n|upkeep\n|turn|15\n|\n|t:|1700186787\n|move|p2a: Rillaboom|Knock Off|p1a: Eelektross\n|-damage|p1a: Eelektross|0 fnt\n|faint|p1a: Eelektross\n|\n|-heal|p2a: Rillaboom|28\/100|[from] Grassy Terrain\n|upkeep\n|\n|t:|1700186801\n|switch|p1a: Kleavor|Kleavor, M|100\/100\n|turn|16\n|\n|t:|1700186815\n|move|p1a: Kleavor|U-turn|p2a: Rillaboom\n|-supereffective|p2a: Rillaboom\n|-damage|p2a: Rillaboom|0 fnt\n|faint|p2a: Rillaboom\n|\n|t:|1700186833\n|switch|p1a: Empoleon|Empoleon, M|57\/100|[from] U-turn\n|\n|-heal|p1a: Empoleon|63\/100|[from] Grassy Terrain\n|upkeep\n|\n|t:|1700186837\n|switch|p2a: Rotom|Rotom-Wash, shiny|50\/100\n|-damage|p2a: Rotom|37\/100|[from] Stealth Rock\n|turn|17\n|\n|t:|1700186852\n|switch|p1a: Florges|Florges, F|60\/100\n|move|p2a: Rotom|Defog|p1a: Florges\n|-unboost|p1a: Florges|evasion|1\n|-sideend|p2: mtyqjltz5|Stealth Rock|[from] move: Defog|[of] p2a: Rotom\n|-fieldend|move: Grassy Terrain\n|\n|-heal|p2a: Rotom|43\/100|[from] item: Leftovers\n|-heal|p1a: Florges|66\/100|[from] item: Leftovers\n|upkeep\n|turn|18\n|\n|t:|1700186858\n|move|p2a: Rotom|Volt Switch|p1a: Florges\n|-damage|p1a: Florges|49\/100\n|\n|t:|1700186871\n|switch|p2a: Blaziken|Blaziken, M|100\/100|[from] Volt Switch\n|move|p1a: Florges|Wish|p1a: Florges\n|\n|-heal|p1a: Florges|55\/100|[from] item: Leftovers\n|upkeep\n|turn|19\n|\n|t:|1700186880\n|move|p2a: Blaziken|Swords Dance|p2a: Blaziken\n|-boost|p2a: Blaziken|atk|2\n|move|p1a: Florges|Moonblast|p2a: Blaziken\n|-damage|p2a: Blaziken|43\/100\n|\n|-heal|p1a: Florges|100\/100|[from] move: Wish|[wisher] Florges\n|-ability|p2a: Blaziken|Speed Boost|boost\n|-boost|p2a: Blaziken|spe|1\n|upkeep\n|turn|20\n|inactive|daniel241595 has 120 seconds left.\n|\n|t:|1700186936\n|switch|p1a: Flygon|Flygon, F|73\/100\n|-zpower|p2a: Blaziken\n|move|p2a: Blaziken|Inferno Overdrive|p1a: Flygon|[zeffect]\n|-resisted|p1a: Flygon\n|-damage|p1a: Flygon|0 fnt\n|faint|p1a: Flygon\n|\n|-ability|p2a: Blaziken|Speed Boost|boost\n|-boost|p2a: Blaziken|spe|1\n|upkeep\n|\n|t:|1700186943\n|switch|p1a: Arcanine|Arcanine, M, shiny|100\/100\n|-ability|p1a: Arcanine|Intimidate|boost\n|-unboost|p2a: Blaziken|atk|1\n|turn|21\n|\n|t:|1700186965\n|-terastallize|p1a: Arcanine|Normal\n|move|p2a: Blaziken|Protect|p2a: Blaziken\n|-singleturn|p2a: Blaziken|Protect\n|move|p1a: Arcanine|Extreme Speed|p2a: Blaziken\n|-activate|p2a: Blaziken|move: Protect\n|\n|-ability|p2a: Blaziken|Speed Boost|boost\n|-boost|p2a: Blaziken|spe|1\n|upkeep\n|turn|22\n|\n|t:|1700186978\n|move|p1a: Arcanine|Extreme Speed|p2a: Blaziken\n|-damage|p2a: Blaziken|0 fnt\n|faint|p2a: Blaziken\n|\n|upkeep\n|\n|t:|1700186984\n|switch|p2a: Rotom|Rotom-Wash, shiny|43\/100\n|turn|23\n|\n|t:|1700186989\n|move|p1a: Arcanine|Extreme Speed|p2a: Rotom\n|-damage|p2a: Rotom|0 fnt\n|faint|p2a: Rotom\n|\n|upkeep\n|\n|t:|1700186995\n|switch|p2a: Pidgeot|Pidgeot, M, shiny|100\/100\n|turn|24\n|inactive|daniel241595 has 120 seconds left.\n|\n|t:|1700187016\n|switch|p1a: Florges|Florges, F|100\/100\n|detailschange|p2a: Pidgeot|Pidgeot-Mega, M, shiny\n|-mega|p2a: Pidgeot|Pidgeot|Pidgeotite\n|move|p2a: Pidgeot|Hurricane|p1a: Florges\n|-damage|p1a: Florges|64\/100\n|\n|-heal|p1a: Florges|70\/100|[from] item: Leftovers\n|upkeep\n|turn|25\n|inactive|daniel241595 has 120 seconds left.\n|\n|t:|1700187027\n|move|p2a: Pidgeot|U-turn|p1a: Florges\n|-resisted|p1a: Florges\n|-damage|p1a: Florges|64\/100\n|\n|t:|1700187030\n|switch|p2a: Slowking|Slowking-Galar, M, shiny|100\/100|[from] U-turn\n|move|p1a: Florges|Synthesis|p1a: Florges\n|-heal|p1a: Florges|100\/100\n|\n|upkeep\n|turn|26\n|\n|t:|1700187042\n|switch|p1a: Empoleon|Empoleon, M|63\/100\n|move|p2a: Slowking|Thunder Wave|p1a: Empoleon\n|-status|p1a: Empoleon|par\n|\n|upkeep\n|turn|27\n|\n|t:|1700187051\n|move|p2a: Slowking|Future Sight|p1a: Empoleon\n|-start|p2a: Slowking|move: Future Sight\n|move|p1a: Empoleon|Roost|p1a: Empoleon\n|-heal|p1a: Empoleon|100\/100 par\n|-singleturn|p1a: Empoleon|move: Roost\n|\n|upkeep\n|turn|28\n|\n|t:|1700187058\n|move|p2a: Slowking|Chilly Reception|p2a: Slowking\n|-weather|Snow\n|\n|t:|1700187063\n|switch|p2a: Hydreigon|Hydreigon, M|100\/100|[from] Chilly Reception\n|cant|p1a: Empoleon|par\n|\n|-weather|Snow|[upkeep]\n|upkeep\n|turn|29\n|\n|t:|1700187077\n|move|p2a: Hydreigon|Earth Power|p1a: Empoleon\n|-supereffective|p1a: Empoleon\n|-damage|p1a: Empoleon|41\/100 par\n|move|p1a: Empoleon|Ice Beam|p2a: Hydreigon\n|-supereffective|p2a: Hydreigon\n|-damage|p2a: Hydreigon|48\/100\n|\n|-weather|Snow|[upkeep]\n|-end|p1a: Empoleon|move: Future Sight\n|-resisted|p1a: Empoleon\n|-damage|p1a: Empoleon|23\/100 par\n|upkeep\n|turn|30\n|\n|t:|1700187089\n|move|p2a: Hydreigon|Earth Power|p1a: Empoleon\n|-supereffective|p1a: Empoleon\n|-damage|p1a: Empoleon|0 fnt\n|faint|p1a: Empoleon\n|\n|-weather|Snow|[upkeep]\n|upkeep\n|\n|t:|1700187105\n|switch|p1a: Kleavor|Kleavor, M|100\/100\n|turn|31\n|\n|t:|1700187115\n|-terastallize|p2a: Hydreigon|Steel\n|move|p2a: Hydreigon|Earth Power|p1a: Kleavor\n|-damage|p1a: Kleavor|55\/100\n|move|p1a: Kleavor|Stone Axe|p2a: Hydreigon\n|-resisted|p2a: Hydreigon\n|-damage|p2a: Hydreigon|16\/100\n|-sidestart|p2: mtyqjltz5|move: Stealth Rock\n|\n|-weather|Snow|[upkeep]\n|upkeep\n|turn|32\n|\n|t:|1700187144\n|switch|p2a: Slowking|Slowking-Galar, M, shiny|100\/100\n|switch|p1a: Florges|Florges, F|100\/100\n|\n|-weather|none\n|upkeep\n|turn|33\n|\n|t:|1700187163\n|move|p1a: Florges|Wish|p1a: Florges\n|move|p2a: Slowking|Thunder Wave|p1a: Florges\n|-status|p1a: Florges|par\n|\n|upkeep\n|turn|34\n|\n|t:|1700187172\n|move|p1a: Florges|Moonblast|p2a: Slowking\n|-resisted|p2a: Slowking\n|-damage|p2a: Slowking|89\/100\n|move|p2a: Slowking|Thunder Wave|p1a: Florges\n|-fail|p1a: Florges|par\n|\n|upkeep\n|turn|35\n|\n|t:|1700187177\n|move|p1a: Florges|Moonblast|p2a: Slowking\n|-resisted|p2a: Slowking\n|-damage|p2a: Slowking|80\/100\n|move|p2a: Slowking|Future Sight|p1a: Florges\n|-start|p2a: Slowking|move: Future Sight\n|\n|upkeep\n|turn|36\n|\n|t:|1700187182\n|move|p1a: Florges|Moonblast|p2a: Slowking\n|-resisted|p2a: Slowking\n|-damage|p2a: Slowking|70\/100\n|-unboost|p2a: Slowking|spa|1\n|move|p2a: Slowking|Sludge Bomb|p1a: Florges\n|-supereffective|p1a: Florges\n|-damage|p1a: Florges|70\/100 par\n|\n|-heal|p1a: Florges|77\/100 par|[from] item: Leftovers\n|upkeep\n|turn|37\n|\n|t:|1700187189\n|move|p1a: Florges|Moonblast|p2a: Slowking\n|-resisted|p2a: Slowking\n|-damage|p2a: Slowking|59\/100\n|-unboost|p2a: Slowking|spa|1\n|move|p2a: Slowking|Sludge Bomb|p1a: Florges\n|-supereffective|p1a: Florges\n|-damage|p1a: Florges|55\/100 par\n|\n|-end|p1a: Florges|move: Future Sight\n|-damage|p1a: Florges|41\/100 par\n|-heal|p1a: Florges|47\/100 par|[from] item: Leftovers\n|upkeep\n|turn|38\n|\n|t:|1700187196\n|move|p1a: Florges|Synthesis|p1a: Florges\n|-heal|p1a: Florges|97\/100 par\n|move|p2a: Slowking|Future Sight|p1a: Florges\n|-start|p2a: Slowking|move: Future Sight\n|\n|-heal|p1a: Florges|100\/100 par|[from] item: Leftovers\n|upkeep\n|turn|39\n|\n|t:|1700187200\n|move|p1a: Florges|Moonblast|p2a: Slowking\n|-resisted|p2a: Slowking\n|-damage|p2a: Slowking|49\/100\n|move|p2a: Slowking|Sludge Bomb|p1a: Florges\n|-supereffective|p1a: Florges\n|-damage|p1a: Florges|79\/100 par\n|\n|-heal|p1a: Florges|85\/100 par|[from] item: Leftovers\n|upkeep\n|turn|40\n|\n|t:|1700187203\n|switch|p2a: Pidgeot|Pidgeot-Mega, M, shiny|100\/100\n|-damage|p2a: Pidgeot|76\/100|[from] Stealth Rock\n|move|p1a: Florges|Wish|p1a: Florges\n|\n|-end|p1a: Florges|move: Future Sight\n|-damage|p1a: Florges|57\/100 par\n|-heal|p1a: Florges|63\/100 par|[from] item: Leftovers\n|upkeep\n|turn|41\n|\n|t:|1700187210\n|move|p2a: Pidgeot|U-turn|p1a: Florges\n|-resisted|p1a: Florges\n|-damage|p1a: Florges|58\/100 par\n|\n|t:|1700187213\n|switch|p2a: Slowking|Slowking-Galar, M, shiny|82\/100|[from] U-turn\n|cant|p1a: Florges|par\n|\n|-heal|p1a: Florges|100\/100 par|[from] move: Wish|[wisher] Florges\n|upkeep\n|turn|42\n|\n|t:|1700187221\n|move|p1a: Florges|Moonblast|p2a: Slowking\n|-resisted|p2a: Slowking\n|-damage|p2a: Slowking|71\/100\n|move|p2a: Slowking|Future Sight|p1a: Florges\n|-start|p2a: Slowking|move: Future Sight\n|\n|upkeep\n|turn|43\n|\n|t:|1700187228\n|move|p1a: Florges|Moonblast|p2a: Slowking\n|-resisted|p2a: Slowking\n|-damage|p2a: Slowking|61\/100\n|move|p2a: Slowking|Sludge Bomb|p1a: Florges\n|-supereffective|p1a: Florges\n|-damage|p1a: Florges|55\/100 par\n|\n|-heal|p1a: Florges|61\/100 par|[from] item: Leftovers\n|upkeep\n|turn|44\n|\n|t:|1700187234\n|move|p1a: Florges|Moonblast|p2a: Slowking\n|-resisted|p2a: Slowking\n|-damage|p2a: Slowking|50\/100\n|move|p2a: Slowking|Sludge Bomb|p1a: Florges\n|-supereffective|p1a: Florges\n|-damage|p1a: Florges|19\/100 par\n|\n|-end|p1a: Florges|move: Future Sight\n|-damage|p1a: Florges|0 fnt\n|faint|p1a: Florges\n|upkeep\n|\n|t:|1700187244\n|switch|p1a: Kleavor|Kleavor, M|55\/100\n|turn|45\n|\n|t:|1700187266\n|switch|p2a: Pidgeot|Pidgeot-Mega, M, shiny|76\/100\n|-damage|p2a: Pidgeot|51\/100|[from] Stealth Rock\n|move|p1a: Kleavor|Knock Off|p2a: Pidgeot\n|-damage|p2a: Pidgeot|19\/100\n|\n|upkeep\n|turn|46\n|\n|t:|1700187278\n|move|p1a: Kleavor|Knock Off|p2a: Pidgeot\n|-damage|p2a: Pidgeot|0 fnt\n|faint|p2a: Pidgeot\n|\n|upkeep\n|\n|t:|1700187284\n|switch|p2a: Hydreigon|Hydreigon, M, tera:Steel|16\/100\n|-damage|p2a: Hydreigon|10\/100|[from] Stealth Rock\n|turn|47\n|\n|t:|1700187299\n|move|p2a: Hydreigon|Dark Pulse|p1a: Kleavor\n|-crit|p1a: Kleavor\n|-damage|p1a: Kleavor|0 fnt\n|faint|p1a: Kleavor\n|\n|upkeep\n|\n|t:|1700187301\n|switch|p1a: Arcanine|Arcanine, M, shiny, tera:Normal|100\/100\n|-ability|p1a: Arcanine|Intimidate|boost\n|-unboost|p2a: Hydreigon|atk|1\n|turn|48\n|\n|t:|1700187305\n|move|p1a: Arcanine|Extreme Speed|p2a: Hydreigon\n|-resisted|p2a: Hydreigon\n|-damage|p2a: Hydreigon|0 fnt\n|faint|p2a: Hydreigon\n|\n|upkeep\n|\n|t:|1700187308\n|switch|p2a: Slowking|Slowking-Galar, M, shiny|84\/100\n|turn|49\n|\n|t:|1700187311\n|move|p1a: Arcanine|Extreme Speed|p2a: Slowking\n|-damage|p2a: Slowking|23\/100\n|move|p2a: Slowking|Thunder Wave|p1a: Arcanine\n|-status|p1a: Arcanine|par\n|\n|upkeep\n|turn|50\n|\n|t:|1700187317\n|cant|p1a: Arcanine|par\n|move|p2a: Slowking|Sludge Bomb|p1a: Arcanine\n|-damage|p1a: Arcanine|66\/100 par\n|\n|upkeep\n|turn|51\n|\n|t:|1700187321\n|move|p1a: Arcanine|Extreme Speed|p2a: Slowking\n|-damage|p2a: Slowking|0 fnt\n|faint|p2a: Slowking\n|\n|win|daniel241595\n|raw|daniel241595's rating: 1502 &rarr; <strong>1515<\/strong><br \/>(+13 for winning)\n|raw|mtyqjltz5's rating: 1383 &rarr; <strong>1370<\/strong><br \/>(-13 for losing)\n","uploadtime":1700187324,"views":18,"p1id":"daniel241595","p2id":"mtyqjltz5","formatid":"gen9nationaldex","rating":1370,"private":0,"password":""}