{"id":"gen9nationaldex-1993383328","p1":"haobt","p2":"noobster646","format":"[Gen 9] National Dex","log":"|j|\u2606haobt\n|j|\u2606noobster646\n|t:|1700309825\n|gametype|singles\n|player|p1|haobt|102|1160\n|player|p2|noobster646|hiker-gen4|1085\n|teamsize|p1|6\n|teamsize|p2|6\n|gen|9\n|tier|[Gen 9] National Dex\n|rated|\n|rule|HP Percentage Mod: HP is shown in percentages\n|rule|Endless Battle Clause: Forcing endless battles is banned\n|rule|OHKO Clause: OHKO moves are banned\n|rule|Evasion Clause: Evasion abilities, items, and moves are banned\n|rule|Evasion Abilities Clause: Evasion abilities are banned\n|rule|Evasion Items Clause: Evasion items are banned\n|rule|Evasion Moves Clause: Evasion moves are banned\n|rule|Species Clause: Limit one of each Pok\u00e9mon\n|rule|Sleep Clause Mod: Limit one foe put to sleep\n|clearpoke\n|poke|p1|Torkoal, F|\n|poke|p1|Arboliva, M|\n|poke|p1|Charizard, M|\n|poke|p1|Glimmora, M|\n|poke|p1|Grimmsnarl, M|\n|poke|p1|Clefable, M|\n|poke|p2|Blacephalon|\n|poke|p2|Haxorus, M|\n|poke|p2|Sandaconda, F|\n|poke|p2|Meowscarada, M|\n|poke|p2|Galvantula, M|\n|poke|p2|Espeon, F|\n|teampreview\n|\n|t:|1700309835\n|start\n|switch|p1a: Torkoal|Torkoal, F|100\/100\n|switch|p2a: Galvantula|Galvantula, M|100\/100\n|-weather|SunnyDay|[from] ability: Drought|[of] p1a: Torkoal\n|turn|1\n|\n|t:|1700309856\n|move|p2a: Galvantula|Thunder|p1a: Torkoal\n|-damage|p1a: Torkoal|19\/100\n|move|p1a: Torkoal|Overheat|p2a: Galvantula\n|-supereffective|p2a: Galvantula\n|-enditem|p2a: Galvantula|Focus Sash\n|-damage|p2a: Galvantula|1\/100\n|-unboost|p1a: Torkoal|spa|2\n|\n|-weather|SunnyDay|[upkeep]\n|upkeep\n|turn|2\n|\n|t:|1700309874\n|switch|p1a: Arboliva|Arboliva, M|100\/100\n|move|p2a: Galvantula|Sticky Web|p1a: Arboliva\n|-sidestart|p1: haobt|move: Sticky Web\n|\n|-weather|SunnyDay|[upkeep]\n|upkeep\n|turn|3\n|\n|t:|1700309886\n|move|p2a: Galvantula|Bug Buzz|p1a: Arboliva\n|-supereffective|p1a: Arboliva\n|-damage|p1a: Arboliva|35\/100\n|-enditem|p1a: Arboliva|Sitrus Berry|[eat]\n|-heal|p1a: Arboliva|60\/100|[from] item: Sitrus Berry\n|move|p1a: Arboliva|Weather Ball|p2a: Galvantula\n|-supereffective|p2a: Galvantula\n|-damage|p2a: Galvantula|0 fnt\n|faint|p2a: Galvantula\n|\n|-weather|SunnyDay|[upkeep]\n|-item|p1a: Arboliva|Sitrus Berry|[from] ability: Harvest\n|upkeep\n|\n|t:|1700309917\n|switch|p2a: Sandaconda|Sandaconda, F|100\/100\n|turn|4\n|\n|t:|1700309933\n|move|p2a: Sandaconda|Stealth Rock|p1a: Arboliva\n|-sidestart|p1: haobt|move: Stealth Rock\n|move|p1a: Arboliva|Giga Drain|p2a: Sandaconda\n|-supereffective|p2a: Sandaconda\n|-damage|p2a: Sandaconda|0 fnt\n|-heal|p1a: Arboliva|100\/100|[from] drain|[of] p2a: Sandaconda\n|faint|p2a: Sandaconda\n|\n|-weather|SunnyDay|[upkeep]\n|upkeep\n|\n|t:|1700309951\n|switch|p2a: Blacephalon|Blacephalon|100\/100\n|turn|5\n|\n|t:|1700309973\n|move|p2a: Blacephalon|Fire Blast|p1a: Arboliva|[miss]\n|-miss|p2a: Blacephalon|p1a: Arboliva\n|move|p1a: Arboliva|Strength Sap|p2a: Blacephalon\n|-unboost|p2a: Blacephalon|atk|1\n|\n|-weather|none\n|upkeep\n|turn|6\n|\n|t:|1700309989\n|move|p2a: Blacephalon|Fire Blast|p1a: Arboliva|[miss]\n|-miss|p2a: Blacephalon|p1a: Arboliva\n|move|p1a: Arboliva|Leech Seed|p2a: Blacephalon\n|-start|p2a: Blacephalon|move: Leech Seed\n|\n|-damage|p2a: Blacephalon|88\/100|[from] Leech Seed|[of] p1a: Arboliva\n|upkeep\n|turn|7\n|c|\u2606noobster646|bruh moment\n|\n|t:|1700309999\n|switch|p2a: Espeon|Espeon, F|100\/100\n|move|p1a: Arboliva|Giga Drain|p2a: Espeon\n|-crit|p2a: Espeon\n|-damage|p2a: Espeon|21\/100\n|\n|upkeep\n|turn|8\n|\n|t:|1700310009\n|move|p2a: Espeon|Psyshock|p1a: Arboliva\n|-damage|p1a: Arboliva|33\/100\n|-enditem|p1a: Arboliva|Sitrus Berry|[eat]\n|-heal|p1a: Arboliva|58\/100|[from] item: Sitrus Berry\n|-damage|p2a: Espeon|11\/100|[from] item: Life Orb\n|move|p1a: Arboliva|Giga Drain|p2a: Espeon\n|-damage|p2a: Espeon|0 fnt\n|-heal|p1a: Arboliva|63\/100|[from] drain|[of] p2a: Espeon\n|faint|p2a: Espeon\n|\n|-item|p1a: Arboliva|Sitrus Berry|[from] ability: Harvest\n|upkeep\n|\n|t:|1700310020\n|switch|p2a: Haxorus|Haxorus, M|100\/100\n|-ability|p2a: Haxorus|Mold Breaker\n|turn|9\n|\n|t:|1700310026\n|move|p2a: Haxorus|Swords Dance|p2a: Haxorus\n|-boost|p2a: Haxorus|atk|2\n|move|p1a: Arboliva|Strength Sap|p2a: Haxorus\n|-unboost|p2a: Haxorus|atk|1\n|-heal|p1a: Arboliva|100\/100\n|\n|upkeep\n|turn|10\n|\n|t:|1700310034\n|move|p2a: Haxorus|Swords Dance|p2a: Haxorus\n|-boost|p2a: Haxorus|atk|2\n|move|p1a: Arboliva|Leech Seed|p2a: Haxorus\n|-start|p2a: Haxorus|move: Leech Seed\n|\n|-damage|p2a: Haxorus|88\/100|[from] Leech Seed|[of] p1a: Arboliva\n|upkeep\n|turn|11\n|\n|t:|1700310042\n|move|p2a: Haxorus|Poison Jab|p1a: Arboliva\n|-supereffective|p1a: Arboliva\n|-damage|p1a: Arboliva|0 fnt\n|faint|p1a: Arboliva\n|\n|upkeep\n|\n|t:|1700310048\n|switch|p1a: Grimmsnarl|Grimmsnarl, M|100\/100\n|-activate|p1a: Grimmsnarl|move: Sticky Web\n|-unboost|p1a: Grimmsnarl|spe|1\n|-damage|p1a: Grimmsnarl|88\/100|[from] Stealth Rock\n|turn|12\n|\n|t:|1700310061\n|-terastallize|p1a: Grimmsnarl|Steel\n|move|p1a: Grimmsnarl|Thunder Wave|p2a: Haxorus\n|-status|p2a: Haxorus|par\n|-enditem|p2a: Haxorus|Lum Berry|[eat]\n|-curestatus|p2a: Haxorus|par|[msg]\n|move|p2a: Haxorus|Poison Jab|p1a: Grimmsnarl\n|-immune|p1a: Grimmsnarl\n|\n|-damage|p2a: Haxorus|76\/100|[from] Leech Seed|[of] p1a: Grimmsnarl\n|-heal|p1a: Grimmsnarl|99\/100|[silent]\n|upkeep\n|turn|13\n|c|\u2606noobster646|... well shit\n|c|\u2606noobster646|gg\n|\n|t:|1700310074\n|move|p1a: Grimmsnarl|Thunder Wave|p2a: Haxorus\n|-status|p2a: Haxorus|par\n|move|p2a: Haxorus|Earthquake|p1a: Grimmsnarl\n|-supereffective|p1a: Grimmsnarl\n|-damage|p1a: Grimmsnarl|0 fnt\n|faint|p1a: Grimmsnarl\n|\n|upkeep\n|\n|t:|1700310084\n|switch|p1a: Clefable|Clefable, M|100\/100\n|-activate|p1a: Clefable|move: Sticky Web\n|-unboost|p1a: Clefable|spe|1\n|-damage|p1a: Clefable|88\/100|[from] Stealth Rock\n|turn|14\n|\n|t:|1700310093\n|move|p2a: Haxorus|Poison Jab|p1a: Clefable\n|-supereffective|p1a: Clefable\n|-damage|p1a: Clefable|0 fnt\n|faint|p1a: Clefable\n|\n|upkeep\n|\n|t:|1700310098\n|switch|p1a: Glimmora|Glimmora, M|100\/100\n|-activate|p1a: Glimmora|move: Sticky Web\n|-unboost|p1a: Glimmora|spe|1\n|-damage|p1a: Glimmora|88\/100|[from] Stealth Rock\n|turn|15\n|\n|t:|1700310107\n|move|p1a: Glimmora|Sludge Bomb|p2a: Haxorus\n|-damage|p2a: Haxorus|0 fnt\n|faint|p2a: Haxorus\n|\n|upkeep\n|\n|t:|1700310112\n|switch|p2a: Blacephalon|Blacephalon|88\/100\n|turn|16\n|\n|t:|1700310115\n|move|p2a: Blacephalon|Psyshock|p1a: Glimmora\n|-supereffective|p1a: Glimmora\n|-damage|p1a: Glimmora|20\/100\n|move|p1a: Glimmora|Sludge Bomb|p2a: Blacephalon\n|-resisted|p2a: Blacephalon\n|-damage|p2a: Blacephalon|44\/100\n|\n|upkeep\n|turn|17\n|\n|t:|1700310124\n|move|p2a: Blacephalon|Psyshock|p1a: Glimmora\n|-supereffective|p1a: Glimmora\n|-damage|p1a: Glimmora|0 fnt\n|faint|p1a: Glimmora\n|-ability|p2a: Blacephalon|Beast Boost|boost\n|-boost|p2a: Blacephalon|spa|1\n|\n|upkeep\n|\n|t:|1700310133\n|switch|p1a: Torkoal|Torkoal, F|19\/100\n|-activate|p1a: Torkoal|move: Sticky Web\n|-unboost|p1a: Torkoal|spe|1\n|-damage|p1a: Torkoal|0 fnt|[from] Stealth Rock\n|faint|p1a: Torkoal\n|\n|t:|1700310138\n|switch|p1a: Charizard|Charizard, M|100\/100\n|-damage|p1a: Charizard|50\/100|[from] Stealth Rock\n|turn|18\n|\n|t:|1700310144\n|move|p2a: Blacephalon|Psyshock|p1a: Charizard\n|-damage|p1a: Charizard|0 fnt\n|faint|p1a: Charizard\n|\n|win|noobster646\n|raw|haobt's rating: 1160 &rarr; <strong>1130<\/strong><br \/>(-30 for losing)\n|raw|noobster646's rating: 1085 &rarr; <strong>1118<\/strong><br \/>(+33 for winning)\n|c|\u2606noobster646|nevermind, gg\n|l|\u2606haobt\n|c|\u2606noobster646|I hadn't expected that at all\n","uploadtime":1700310153,"views":8,"p1id":"haobt","p2id":"noobster646","formatid":"gen9nationaldex","rating":1118,"private":0,"password":""}