{"id":"gen9nationaldex-1995270609","p1":"LOWtierMonsterz","p2":"Xian_AA","format":"[Gen 9] National Dex","log":"|html|<div class=\"broadcast-blue\"><strong>[Gen 9] National Dex is currently suspecting Sneasler! For information on how to participate check out the <a href=\"https:\/\/www.smogon.com\/forums\/threads\/sv-national-dex-suspect-8-just-dance.3731534\/\">suspect thread<\/a>.<\/strong><\/div>\n|j|\u2606LOWtierMonsterz\n|j|\u2606Xian_AA\n|t:|1700544447\n|gametype|singles\n|player|p1|LOWtierMonsterz|266|1173\n|player|p2|Xian_AA|norman|1277\n|teamsize|p1|6\n|teamsize|p2|6\n|gen|9\n|tier|[Gen 9] National Dex\n|rated|\n|rule|HP Percentage Mod: HP is shown in percentages\n|rule|Endless Battle Clause: Forcing endless battles is banned\n|rule|OHKO Clause: OHKO moves are banned\n|rule|Evasion Clause: Evasion abilities, items, and moves are banned\n|rule|Evasion Abilities Clause: Evasion abilities are banned\n|rule|Evasion Items Clause: Evasion items are banned\n|rule|Evasion Moves Clause: Evasion moves are banned\n|rule|Species Clause: Limit one of each Pok\u00e9mon\n|rule|Sleep Clause Mod: Limit one foe put to sleep\n|clearpoke\n|poke|p1|Charizard, M|\n|poke|p1|Heliolisk, F|\n|poke|p1|Kommo-o, F|\n|poke|p1|Landorus-Therian, M|\n|poke|p1|Cinderace, F|\n|poke|p1|Clodsire, M|\n|poke|p2|Urshifu-*, F|\n|poke|p2|Rillaboom, M|\n|poke|p2|Ogerpon-Wellspring, F|\n|poke|p2|Landorus-Therian, M|\n|poke|p2|Corviknight, F|\n|poke|p2|Garchomp, M|\n|teampreview\n|inactive|Battle timer is ON: inactive players will automatically lose when time's up. (requested by LOWtierMonsterz)\n|\n|t:|1700544460\n|start\n|switch|p1a: Charizard|Charizard, M, shiny|100\/100\n|switch|p2a: Landorus|Landorus-Therian, M, shiny|100\/100\n|-ability|p2a: Landorus|Intimidate|boost\n|-unboost|p1a: Charizard|atk|1\n|turn|1\n|\n|t:|1700544468\n|switch|p1a: Landorus|Landorus-Therian, M, shiny|100\/100\n|-ability|p1a: Landorus|Intimidate|boost\n|-unboost|p2a: Landorus|atk|1\n|move|p2a: Landorus|Toxic|p1a: Landorus\n|-status|p1a: Landorus|tox\n|\n|-damage|p1a: Landorus|95\/100 tox|[from] psn\n|upkeep\n|turn|2\n|\n|t:|1700544475\n|move|p1a: Landorus|Explosion|p2a: Landorus\n|-enditem|p1a: Landorus|Normal Gem|[from] gem\n|-damage|p2a: Landorus|23\/100\n|faint|p1a: Landorus\n|move|p2a: Landorus|Stealth Rock|p1: Landorus\n|-sidestart|p1: LOWtierMonsterz|move: Stealth Rock\n|\n|upkeep\n|\n|t:|1700544483\n|switch|p1a: Cinderace|Cinderace, F, shiny|100\/100\n|turn|3\n|\n|t:|1700544496\n|move|p1a: Cinderace|Court Change|p1a: Cinderace\n|-start|p1a: Cinderace|typechange|Normal|[from] ability: Libero\n|-swapsideconditions\n|-activate|p1a: Cinderace|move: Court Change\n|move|p2a: Landorus|Toxic|p1a: Cinderace\n|-status|p1a: Cinderace|tox\n|\n|-damage|p1a: Cinderace|95\/100 tox|[from] psn\n|upkeep\n|turn|4\n|\n|t:|1700544507\n|move|p1a: Cinderace|Pyro Ball|p2a: Landorus\n|-damage|p2a: Landorus|0 fnt\n|faint|p2a: Landorus\n|\n|-damage|p1a: Cinderace|83\/100 tox|[from] psn\n|upkeep\n|\n|t:|1700544514\n|switch|p2a: Urshifu|Urshifu-Rapid-Strike, F|100\/100\n|-damage|p2a: Urshifu|94\/100|[from] Stealth Rock\n|turn|5\n|\n|t:|1700544527\n|move|p2a: Urshifu|Surging Strikes|p1a: Cinderace\n|-crit|p1a: Cinderace\n|-damage|p1a: Cinderace|56\/100 tox\n|-crit|p1a: Cinderace\n|-damage|p1a: Cinderace|25\/100 tox\n|-crit|p1a: Cinderace\n|-damage|p1a: Cinderace|0 fnt\n|faint|p1a: Cinderace\n|-hitcount|p1: Cinderace|3\n|\n|upkeep\n|\n|t:|1700544535\n|switch|p1a: Kommo-o|Kommo-o, F, shiny|100\/100\n|turn|6\n|\n|t:|1700544539\n|switch|p2a: Corviknight|Corviknight, F|100\/100\n|-damage|p2a: Corviknight|88\/100|[from] Stealth Rock\n|-ability|p2a: Corviknight|Pressure\n|-zpower|p1a: Kommo-o\n|move|p1a: Kommo-o|Clangorous Soulblaze|p2a: Corviknight|[zeffect]\n|-resisted|p2a: Corviknight\n|-damage|p2a: Corviknight|54\/100\n|-boost|p1a: Kommo-o|atk|1\n|-boost|p1a: Kommo-o|def|1\n|-boost|p1a: Kommo-o|spa|1\n|-boost|p1a: Kommo-o|spd|1\n|-boost|p1a: Kommo-o|spe|1\n|\n|upkeep\n|turn|7\n|\n|t:|1700544553\n|move|p1a: Kommo-o|Flamethrower|p2a: Corviknight\n|-supereffective|p2a: Corviknight\n|-damage|p2a: Corviknight|0 fnt\n|faint|p2a: Corviknight\n|\n|upkeep\n|\n|t:|1700544563\n|switch|p2a: Garchomp|Garchomp, M|100\/100\n|-damage|p2a: Garchomp|94\/100|[from] Stealth Rock\n|turn|8\n|\n|t:|1700544568\n|move|p1a: Kommo-o|Clanging Scales|p2a: Garchomp\n|-supereffective|p2a: Garchomp\n|-crit|p2a: Garchomp\n|-damage|p2a: Garchomp|0 fnt\n|faint|p2a: Garchomp\n|-unboost|p1a: Kommo-o|def|1\n|\n|upkeep\n|\n|t:|1700544585\n|switch|p2a: Rillaboom|Rillaboom, M, shiny|100\/100\n|-damage|p2a: Rillaboom|88\/100|[from] Stealth Rock\n|-fieldstart|move: Grassy Terrain|[from] ability: Grassy Surge|[of] p2a: Rillaboom\n|turn|9\n|\n|t:|1700544592\n|move|p2a: Rillaboom|Grassy Glide|p1a: Kommo-o\n|-resisted|p1a: Kommo-o\n|-damage|p1a: Kommo-o|74\/100\n|move|p1a: Kommo-o|Flamethrower|p2a: Rillaboom\n|-supereffective|p2a: Rillaboom\n|-damage|p2a: Rillaboom|0 fnt\n|faint|p2a: Rillaboom\n|\n|-heal|p1a: Kommo-o|80\/100|[from] Grassy Terrain\n|upkeep\n|\n|t:|1700544600\n|switch|p2a: Urshifu|Urshifu-Rapid-Strike, F|94\/100\n|-damage|p2a: Urshifu|88\/100|[from] Stealth Rock\n|turn|10\n|\n|t:|1700544607\n|move|p2a: Urshifu|Close Combat|p1a: Kommo-o\n|-damage|p1a: Kommo-o|16\/100\n|-unboost|p2a: Urshifu|def|1\n|-unboost|p2a: Urshifu|spd|1\n|move|p1a: Kommo-o|Clanging Scales|p2a: Urshifu\n|-damage|p2a: Urshifu|0 fnt\n|faint|p2a: Urshifu\n|-unboost|p1a: Kommo-o|def|1\n|\n|-heal|p1a: Kommo-o|22\/100|[from] Grassy Terrain\n|upkeep\n|\n|t:|1700544610\n|switch|p2a: Ogerpon|Ogerpon-Wellspring, F|100\/100\n|-damage|p2a: Ogerpon|88\/100|[from] Stealth Rock\n|turn|11\n|\n|t:|1700544616\n|move|p1a: Kommo-o|Clanging Scales|p2a: Ogerpon\n|-damage|p2a: Ogerpon|0 fnt\n|faint|p2a: Ogerpon\n|\n|win|LOWtierMonsterz\n|raw|LOWtierMonsterz's rating: 1173 &rarr; <strong>1205<\/strong><br \/>(+32 for winning)\n|raw|Xian_AA's rating: 1277 &rarr; <strong>1245<\/strong><br \/>(-32 for losing)\n|l|\u2606Xian_AA\n","uploadtime":1700544622,"views":2,"p1id":"lowtiermonsterz","p2id":"xianaa","formatid":"gen9nationaldex","rating":1205,"private":0,"password":""}