{"id":"gen9nationaldex-1993504658","p1":"Chyoo","p2":"Kevin513","format":"[Gen 9] National Dex","log":"|j|\u2606Chyoo\n|j|\u2606Kevin513\n|t:|1700325738\n|gametype|singles\n|player|p1|Chyoo|li|\n|player|p2|Kevin513|palmer|\n|teamsize|p1|6\n|teamsize|p2|6\n|gen|9\n|tier|[Gen 9] National Dex\n|rule|HP Percentage Mod: HP is shown in percentages\n|rule|Endless Battle Clause: Forcing endless battles is banned\n|rule|OHKO Clause: OHKO moves are banned\n|rule|Evasion Clause: Evasion abilities, items, and moves are banned\n|rule|Evasion Abilities Clause: Evasion abilities are banned\n|rule|Evasion Items Clause: Evasion items are banned\n|rule|Evasion Moves Clause: Evasion moves are banned\n|rule|Species Clause: Limit one of each Pok\u00e9mon\n|rule|Sleep Clause Mod: Limit one foe put to sleep\n|clearpoke\n|poke|p1|Ribombee, M|\n|poke|p1|Whirlipede, F|\n|poke|p1|Perrserker, F|\n|poke|p1|Delibird, M|\n|poke|p1|Minun, M|\n|poke|p1|Durant, M|\n|poke|p2|Talonflame, M|\n|poke|p2|Lapras, M|\n|poke|p2|Slurpuff, F|\n|poke|p2|Mantine, F|\n|poke|p2|Slowbro-Galar, M|\n|poke|p2|Magmortar, F|\n|teampreview\n|\n|t:|1700325761\n|start\n|switch|p1a: Whirlipede|Whirlipede, F, shiny|100\/100\n|switch|p2a: Slowbro|Slowbro-Galar, M|100\/100\n|turn|1\n|\n|t:|1700325768\n|move|p1a: Whirlipede|Spikes|p2a: Slowbro\n|-sidestart|p2: Kevin513|Spikes\n|move|p2a: Slowbro|Thunder Wave|p1a: Whirlipede\n|-status|p1a: Whirlipede|par\n|\n|-ability|p1a: Whirlipede|Speed Boost|boost\n|-boost|p1a: Whirlipede|spe|1\n|upkeep\n|turn|2\n|\n|t:|1700325777\n|move|p1a: Whirlipede|Spikes|p2a: Slowbro\n|-sidestart|p2: Kevin513|Spikes\n|move|p2a: Slowbro|Shell Side Arm|p1a: Whirlipede|[anim] Shell Side Arm Special\n|-resisted|p1a: Whirlipede\n|-damage|p1a: Whirlipede|67\/100 par\n|-hint|Special Shell Side Arm\n|\n|-ability|p1a: Whirlipede|Speed Boost|boost\n|-boost|p1a: Whirlipede|spe|1\n|upkeep\n|turn|3\n|\n|t:|1700325785\n|move|p1a: Whirlipede|Spikes|p2a: Slowbro\n|-sidestart|p2: Kevin513|Spikes\n|move|p2a: Slowbro|Psychic|p1a: Whirlipede\n|-supereffective|p1a: Whirlipede\n|-damage|p1a: Whirlipede|0 fnt\n|faint|p1a: Whirlipede\n|\n|upkeep\n|\n|t:|1700325808\n|switch|p1a: Perrserker|Perrserker, F|100\/100\n|turn|4\n|\n|t:|1700325816\n|move|p1a: Perrserker|Iron Head|p2a: Slowbro\n|-damage|p2a: Slowbro|61\/100\n|move|p2a: Slowbro|Thunder Wave|p1a: Perrserker\n|-status|p1a: Perrserker|par\n|\n|-heal|p2a: Slowbro|68\/100|[from] item: Black Sludge\n|upkeep\n|turn|5\n|\n|t:|1700325824\n|move|p2a: Slowbro|Psychic|p1a: Perrserker\n|-resisted|p1a: Perrserker\n|-damage|p1a: Perrserker|69\/100 par\n|move|p1a: Perrserker|Iron Head|p2a: Slowbro\n|-damage|p2a: Slowbro|30\/100\n|\n|-heal|p2a: Slowbro|36\/100|[from] item: Black Sludge\n|upkeep\n|turn|6\n|\n|t:|1700325834\n|move|p2a: Slowbro|Psychic|p1a: Perrserker\n|-resisted|p1a: Perrserker\n|-damage|p1a: Perrserker|35\/100 par\n|move|p1a: Perrserker|Iron Head|p2a: Slowbro\n|-damage|p2a: Slowbro|0 fnt\n|faint|p2a: Slowbro\n|\n|upkeep\n|\n|t:|1700325841\n|switch|p2a: Mantine|Mantine, F, shiny|100\/100\n|turn|7\n|\n|t:|1700325849\n|switch|p1a: Minun|Minun, M|100\/100\n|move|p2a: Mantine|Defog|p1a: Minun\n|-unboost|p1a: Minun|evasion|1\n|-sideend|p2: Kevin513|Spikes|[from] move: Defog|[of] p2a: Mantine\n|\n|upkeep\n|turn|8\n|\n|t:|1700325857\n|switch|p2a: Slurpuff|Slurpuff, F, shiny|100\/100\n|move|p1a: Minun|Substitute|p1a: Minun\n|-start|p1a: Minun|Substitute\n|-damage|p1a: Minun|76\/100\n|\n|upkeep\n|turn|9\n|\n|t:|1700325863\n|move|p1a: Minun|Nasty Plot|p1a: Minun\n|-boost|p1a: Minun|spa|2\n|move|p2a: Slurpuff|Play Rough|p1a: Minun\n|-end|p1a: Minun|Substitute\n|\n|upkeep\n|turn|10\n|\n|t:|1700325870\n|move|p1a: Minun|Thunderbolt|p2a: Slurpuff\n|-damage|p2a: Slurpuff|43\/100\n|-enditem|p2a: Slurpuff|Sitrus Berry|[eat]\n|-heal|p2a: Slurpuff|67\/100|[from] item: Sitrus Berry\n|move|p2a: Slurpuff|Yawn|p1a: Minun\n|-start|p1a: Minun|move: Yawn|[of] p2a: Slurpuff\n|\n|upkeep\n|turn|11\n|\n|t:|1700325884\n|switch|p1a: Perrserker|Perrserker, F|35\/100 par\n|move|p2a: Slurpuff|Play Rough|p1a: Perrserker\n|-resisted|p1a: Perrserker\n|-damage|p1a: Perrserker|22\/100 par\n|-damage|p2a: Slurpuff|51\/100|[from] item: Rocky Helmet|[of] p1a: Perrserker\n|\n|upkeep\n|turn|12\n|\n|t:|1700325894\n|switch|p2a: Mantine|Mantine, F, shiny|100\/100\n|move|p1a: Perrserker|Iron Head|p2a: Mantine\n|-resisted|p2a: Mantine\n|-damage|p2a: Mantine|73\/100\n|\n|-heal|p2a: Mantine|79\/100|[from] item: Leftovers\n|upkeep\n|turn|13\n|\n|t:|1700325903\n|move|p2a: Mantine|Tailwind|p2a: Mantine\n|-sidestart|p2: Kevin513|move: Tailwind\n|cant|p1a: Perrserker|par\n|\n|-heal|p2a: Mantine|86\/100|[from] item: Leftovers\n|upkeep\n|turn|14\n|\n|t:|1700325908\n|move|p2a: Mantine|Scald|p1a: Perrserker\n|-damage|p1a: Perrserker|0 fnt\n|faint|p1a: Perrserker\n|\n|-heal|p2a: Mantine|92\/100|[from] item: Leftovers\n|upkeep\n|\n|t:|1700325916\n|switch|p1a: Minun|Minun, M|76\/100\n|turn|15\n|\n|t:|1700325926\n|move|p2a: Mantine|Scald|p1a: Minun\n|-damage|p1a: Minun|43\/100\n|-enditem|p1a: Minun|Sitrus Berry|[eat]\n|-heal|p1a: Minun|68\/100|[from] item: Sitrus Berry\n|move|p1a: Minun|Thunderbolt|p2a: Mantine\n|-supereffective|p2a: Mantine\n|-damage|p2a: Mantine|28\/100\n|\n|-heal|p2a: Mantine|34\/100|[from] item: Leftovers\n|upkeep\n|turn|16\n|\n|t:|1700325935\n|move|p2a: Mantine|Scald|p1a: Minun\n|-damage|p1a: Minun|34\/100\n|-status|p1a: Minun|brn\n|move|p1a: Minun|Thunderbolt|p2a: Mantine\n|-supereffective|p2a: Mantine\n|-damage|p2a: Mantine|0 fnt\n|faint|p2a: Mantine\n|\n|-damage|p1a: Minun|28\/100 brn|[from] brn\n|-sideend|p2: Kevin513|move: Tailwind\n|upkeep\n|\n|t:|1700325946\n|switch|p2a: Magmortar|Magmortar, F|100\/100\n|turn|17\n|\n|t:|1700325957\n|move|p1a: Minun|Thunderbolt|p2a: Magmortar\n|-damage|p2a: Magmortar|59\/100\n|move|p2a: Magmortar|Overheat|p1a: Minun\n|-damage|p1a: Minun|0 fnt\n|-unboost|p2a: Magmortar|spa|2\n|faint|p1a: Minun\n|\n|upkeep\n|\n|t:|1700325968\n|switch|p1a: Ribombee|Ribombee, M, shiny|100\/100\n|turn|18\n|\n|t:|1700325972\n|-terastallize|p1a: Ribombee|Fairy\n|move|p1a: Ribombee|Quiver Dance|p1a: Ribombee\n|-boost|p1a: Ribombee|spa|1\n|-boost|p1a: Ribombee|spd|1\n|-boost|p1a: Ribombee|spe|1\n|move|p2a: Magmortar|Overheat|p1a: Ribombee\n|-crit|p1a: Ribombee\n|-enditem|p1a: Ribombee|Focus Sash\n|-damage|p1a: Ribombee|1\/100\n|-unboost|p2a: Magmortar|spa|2\n|\n|upkeep\n|turn|19\n|\n|t:|1700325983\n|move|p1a: Ribombee|Psychic|p2a: Magmortar\n|-damage|p2a: Magmortar|13\/100\n|move|p2a: Magmortar|Overheat|p1a: Ribombee\n|-damage|p1a: Ribombee|0 fnt\n|-unboost|p2a: Magmortar|spa|2\n|faint|p1a: Ribombee\n|\n|upkeep\n|\n|t:|1700325988\n|switch|p1a: Durant|Durant, M|100\/100\n|turn|20\n|\n|t:|1700325992\n|move|p1a: Durant|Iron Head|p2a: Magmortar\n|-resisted|p2a: Magmortar\n|-damage|p2a: Magmortar|0 fnt\n|faint|p2a: Magmortar\n|\n|upkeep\n|\n|t:|1700325998\n|switch|p2a: Talonflame|Talonflame, M|100\/100\n|turn|21\n|\n|t:|1700326008\n|move|p2a: Talonflame|Flare Blitz|p1a: Durant\n|-supereffective|p1a: Durant\n|-damage|p1a: Durant|0 fnt\n|faint|p1a: Durant\n|-damage|p2a: Talonflame|72\/100|[from] Recoil\n|\n|upkeep\n|\n|t:|1700326010\n|switch|p1a: Delibird|Delibird, M, shiny|100\/100\n|turn|22\n|\n|t:|1700326026\n|-terastallize|p2a: Talonflame|Fire\n|move|p2a: Talonflame|Flare Blitz|p1a: Delibird\n|-supereffective|p1a: Delibird\n|-enditem|p1a: Delibird|Focus Sash\n|-damage|p1a: Delibird|1\/100\n|-damage|p2a: Talonflame|46\/100|[from] Recoil\n|move|p1a: Delibird|Rapid Spin|p2a: Talonflame\n|-damage|p2a: Talonflame|37\/100\n|-boost|p1a: Delibird|spe|1\n|\n|upkeep\n|turn|23\n|\n|t:|1700326037\n|move|p1a: Delibird|Destiny Bond|p1a: Delibird\n|-singlemove|p1a: Delibird|Destiny Bond\n|move|p2a: Talonflame|Flare Blitz|p1a: Delibird\n|-supereffective|p1a: Delibird\n|-damage|p1a: Delibird|0 fnt\n|faint|p1a: Delibird\n|-activate|p1a: Delibird|move: Destiny Bond\n|faint|p2a: Talonflame\n|\n|win|Kevin513\n","uploadtime":1700326049,"views":26,"p1id":"chyoo","p2id":"kevin513","formatid":"gen9nationaldex","rating":0,"private":0,"password":""}