{"id":"gen9nationaldex-1990213472","p1":"inspector bush","p2":"ChaosEmperor96","format":"[Gen 9] National Dex","log":"|j|\u2606inspector bush\n|j|\u2606ChaosEmperor96\n|t:|1699938353\n|gametype|singles\n|player|p1|inspector bush|swimmer|1095\n|player|p2|ChaosEmperor96|marshal|1196\n|teamsize|p1|6\n|teamsize|p2|6\n|gen|9\n|tier|[Gen 9] National Dex\n|rated|\n|rule|HP Percentage Mod: HP is shown in percentages\n|rule|Endless Battle Clause: Forcing endless battles is banned\n|rule|OHKO Clause: OHKO moves are banned\n|rule|Evasion Clause: Evasion abilities, items, and moves are banned\n|rule|Evasion Abilities Clause: Evasion abilities are banned\n|rule|Evasion Items Clause: Evasion items are banned\n|rule|Evasion Moves Clause: Evasion moves are banned\n|rule|Species Clause: Limit one of each Pok\u00e9mon\n|rule|Sleep Clause Mod: Limit one foe put to sleep\n|clearpoke\n|poke|p1|Glimmora, F|\n|poke|p1|Ninetales-Alola, M|\n|poke|p1|Tornadus-Therian, M|\n|poke|p1|Aegislash, M|\n|poke|p1|Garchomp, M|\n|poke|p1|Blastoise, F|\n|poke|p2|Emboar, M|\n|poke|p2|Haxorus, M|\n|poke|p2|Excadrill, M|\n|poke|p2|Galvantula, M|\n|poke|p2|Mandibuzz, F|\n|poke|p2|Vanilluxe, M|\n|teampreview\n|inactive|Battle timer is ON: inactive players will automatically lose when time's up. (requested by ChaosEmperor96)\n|\n|t:|1699938361\n|start\n|switch|p1a: Garchomp|Garchomp, M|100\/100\n|switch|p2a: Excadrill|Excadrill, M, shiny|100\/100\n|turn|1\n|\n|t:|1699938368\n|switch|p2a: Mandibuzz|Mandibuzz, F, shiny|100\/100\n|move|p1a: Garchomp|Swords Dance|p1a: Garchomp\n|-boost|p1a: Garchomp|atk|2\n|\n|upkeep\n|turn|2\n|\n|t:|1699938376\n|detailschange|p1a: Garchomp|Garchomp-Mega, M\n|-mega|p1a: Garchomp|Garchomp|Garchompite\n|-terastallize|p2a: Mandibuzz|Fairy\n|move|p1a: Garchomp|Scale Shot|p2a: Mandibuzz\n|-immune|p2a: Mandibuzz\n|move|p2a: Mandibuzz|Foul Play|p1a: Garchomp\n|-damage|p1a: Garchomp|0 fnt\n|faint|p1a: Garchomp\n|\n|upkeep\n|\n|t:|1699938398\n|switch|p1a: Blastoise|Blastoise, F|100\/100\n|turn|3\n|\n|t:|1699938403\n|move|p1a: Blastoise|Yawn|p2a: Mandibuzz\n|-start|p2a: Mandibuzz|move: Yawn|[of] p1a: Blastoise\n|move|p2a: Mandibuzz|Toxic|p1a: Blastoise\n|-status|p1a: Blastoise|tox\n|\n|-damage|p1a: Blastoise|94\/100 tox|[from] psn\n|upkeep\n|turn|4\n|\n|t:|1699938424\n|switch|p1a: Glimmora|Glimmora, F|100\/100\n|-item|p1a: Glimmora|Air Balloon\n|move|p2a: Mandibuzz|U-turn|p1a: Glimmora\n|-resisted|p1a: Glimmora\n|-damage|p1a: Glimmora|96\/100\n|-activate|p1a: Glimmora|ability: Toxic Debris\n|-sidestart|p2: ChaosEmperor96|move: Toxic Spikes\n|-enditem|p1a: Glimmora|Air Balloon\n|\n|t:|1699938433\n|switch|p2a: Excadrill|Excadrill, M, shiny|100\/100|[from] U-turn\n|\n|upkeep\n|turn|5\n|\n|t:|1699938441\n|move|p1a: Glimmora|Spiky Shield|p1a: Glimmora\n|-singleturn|p1a: Glimmora|move: Protect\n|move|p2a: Excadrill|Rapid Spin|p1a: Glimmora\n|-activate|p1a: Glimmora|move: Protect\n|-damage|p2a: Excadrill|88\/100|[from] Spiky Shield|[of] p1a: Glimmora\n|\n|upkeep\n|turn|6\n|inactive|inspector bush has 120 seconds left.\n|\n|t:|1699938474\n|move|p2a: Excadrill|Earthquake|p1a: Glimmora\n|-supereffective|p1a: Glimmora\n|-damage|p1a: Glimmora|0 fnt\n|-activate|p1a: Glimmora|ability: Toxic Debris\n|-sidestart|p2: ChaosEmperor96|move: Toxic Spikes\n|faint|p1a: Glimmora\n|\n|upkeep\n|\n|t:|1699938482\n|switch|p1a: Blastoise|Blastoise, F|94\/100 tox\n|turn|7\n|\n|t:|1699938487\n|move|p2a: Excadrill|Rapid Spin|p1a: Blastoise\n|-damage|p1a: Blastoise|72\/100 tox\n|-boost|p2a: Excadrill|spe|1\n|-sideend|p2: ChaosEmperor96|Toxic Spikes|[from] move: Rapid Spin|[of] p2a: Excadrill\n|move|p1a: Blastoise|Water Spout|p2a: Excadrill\n|-supereffective|p2a: Excadrill\n|-damage|p2a: Excadrill|0 fnt\n|faint|p2a: Excadrill\n|\n|-damage|p1a: Blastoise|66\/100 tox|[from] psn\n|upkeep\n|\n|t:|1699938498\n|switch|p2a: Galvantula|Galvantula, M, shiny|100\/100\n|turn|8\n|\n|t:|1699938503\n|switch|p1a: Aegislash|Aegislash, M|100\/100\n|move|p2a: Galvantula|Thunderbolt|p1a: Aegislash\n|-damage|p1a: Aegislash|71\/100\n|\n|-heal|p1a: Aegislash|77\/100|[from] item: Leftovers\n|upkeep\n|turn|9\n|\n|t:|1699938512\n|move|p2a: Galvantula|Thunderbolt|p1a: Aegislash\n|-damage|p1a: Aegislash|46\/100\n|move|p1a: Aegislash|Swords Dance|p1a: Aegislash\n|-boost|p1a: Aegislash|atk|2\n|\n|-heal|p1a: Aegislash|52\/100|[from] item: Leftovers\n|upkeep\n|turn|10\n|\n|t:|1699938521\n|move|p1a: Aegislash|King's Shield|p1a: Aegislash\n|-singleturn|p1a: Aegislash|Protect\n|move|p2a: Galvantula|Thunderbolt|p1a: Aegislash\n|-activate|p1a: Aegislash|move: Protect\n|\n|-heal|p1a: Aegislash|58\/100|[from] item: Leftovers\n|upkeep\n|turn|11\n|\n|t:|1699938533\n|move|p2a: Galvantula|Thunderbolt|p1a: Aegislash\n|-damage|p1a: Aegislash|27\/100\n|move|p1a: Aegislash|Swords Dance|p1a: Aegislash\n|-boost|p1a: Aegislash|atk|2\n|\n|-heal|p1a: Aegislash|33\/100|[from] item: Leftovers\n|upkeep\n|turn|12\n|\n|t:|1699938541\n|move|p1a: Aegislash|King's Shield|p1a: Aegislash\n|-singleturn|p1a: Aegislash|Protect\n|move|p2a: Galvantula|Thunderbolt|p1a: Aegislash\n|-activate|p1a: Aegislash|move: Protect\n|\n|-heal|p1a: Aegislash|39\/100|[from] item: Leftovers\n|upkeep\n|turn|13\n|\n|t:|1699938548\n|-formechange|p1a: Aegislash|Aegislash-Blade||[from] ability: Stance Change\n|move|p1a: Aegislash|Shadow Sneak|p2a: Galvantula\n|-enditem|p2a: Galvantula|Focus Sash\n|-damage|p2a: Galvantula|1\/100\n|move|p2a: Galvantula|Thunderbolt|p1a: Aegislash\n|-damage|p1a: Aegislash|0 fnt\n|faint|p1a: Aegislash\n|\n|upkeep\n|\n|t:|1699938559\n|switch|p1a: Ninetales|Ninetales-Alola, M|100\/100\n|-weather|Snow|[from] ability: Snow Warning|[of] p1a: Ninetales\n|turn|14\n|\n|t:|1699938565\n|move|p1a: Ninetales|Aurora Veil|p1a: Ninetales\n|-sidestart|p1: inspector bush|move: Aurora Veil\n|move|p2a: Galvantula|Thunderbolt|p1a: Ninetales\n|-damage|p1a: Ninetales|77\/100\n|\n|-weather|Snow|[upkeep]\n|upkeep\n|turn|15\n|\n|t:|1699938572\n|move|p1a: Ninetales|Blizzard|p2a: Galvantula\n|-damage|p2a: Galvantula|0 fnt\n|faint|p2a: Galvantula\n|\n|-weather|Snow|[upkeep]\n|upkeep\n|\n|t:|1699938577\n|switch|p2a: Mandibuzz|Mandibuzz, F, shiny, tera:Fairy|100\/100\n|turn|16\n|\n|t:|1699938582\n|move|p1a: Ninetales|Hypnosis|p2a: Mandibuzz|[miss]\n|-miss|p1a: Ninetales|p2a: Mandibuzz\n|move|p2a: Mandibuzz|Defog|p1a: Ninetales\n|-unboost|p1a: Ninetales|evasion|1\n|-sideend|p1: inspector bush|move: Aurora Veil\n|\n|-weather|Snow|[upkeep]\n|upkeep\n|turn|17\n|\n|t:|1699938593\n|switch|p2a: Vanilluxe|Vanilluxe, M, shiny|100\/100\n|move|p1a: Ninetales|Blizzard|p2a: Vanilluxe\n|-resisted|p2a: Vanilluxe\n|-damage|p2a: Vanilluxe|75\/100\n|\n|-weather|Snow|[upkeep]\n|upkeep\n|turn|18\n|\n|t:|1699938601\n|move|p1a: Ninetales|Aurora Veil|p1a: Ninetales\n|-sidestart|p1: inspector bush|move: Aurora Veil\n|move|p2a: Vanilluxe|Flash Cannon|p1a: Ninetales\n|-supereffective|p1a: Ninetales\n|-damage|p1a: Ninetales|16\/100\n|\n|-weather|none\n|upkeep\n|turn|19\n|\n|t:|1699938607\n|move|p1a: Ninetales|Hypnosis|p2a: Vanilluxe|[miss]\n|-miss|p1a: Ninetales|p2a: Vanilluxe\n|move|p2a: Vanilluxe|Flash Cannon|p1a: Ninetales\n|-supereffective|p1a: Ninetales\n|-damage|p1a: Ninetales|0 fnt\n|faint|p1a: Ninetales\n|\n|upkeep\n|\n|t:|1699938616\n|switch|p1a: Tornadus|Tornadus-Therian, M|100\/100\n|turn|20\n|\n|t:|1699938620\n|move|p1a: Tornadus|Heat Wave|p2a: Vanilluxe\n|-supereffective|p2a: Vanilluxe\n|-damage|p2a: Vanilluxe|7\/100\n|-enditem|p2a: Vanilluxe|Weakness Policy\n|-boost|p2a: Vanilluxe|atk|2|[from] item: Weakness Policy\n|-boost|p2a: Vanilluxe|spa|2|[from] item: Weakness Policy\n|move|p2a: Vanilluxe|Ice Beam|p1a: Tornadus\n|-supereffective|p1a: Tornadus\n|-damage|p1a: Tornadus|0 fnt\n|faint|p1a: Tornadus\n|\n|upkeep\n|\n|t:|1699938629\n|switch|p1a: Blastoise|Blastoise, F|66\/100 tox\n|turn|21\n|\n|t:|1699938634\n|move|p2a: Vanilluxe|Freeze-Dry|p1a: Blastoise\n|-supereffective|p1a: Blastoise\n|-damage|p1a: Blastoise|0 fnt\n|faint|p1a: Blastoise\n|\n|win|ChaosEmperor96\n|raw|inspector bush's rating: 1095 &rarr; <strong>1078<\/strong><br \/>(-17 for losing)\n|raw|ChaosEmperor96's rating: 1196 &rarr; <strong>1214<\/strong><br \/>(+18 for winning)\n|l|\u2606inspector bush\n|c|\u2606ChaosEmperor96|Gg\n","uploadtime":1699938652,"views":4,"p1id":"inspectorbush","p2id":"chaosemperor96","formatid":"gen9nationaldex","rating":1078,"private":0,"password":""}