{"id":"gen9nationaldex-1990727548","p1":"ooh ee ooh ah ah","p2":"Thom.zip","format":"[Gen 9] National Dex","log":"|j|\u2606ooh ee ooh ah ah\n|j|\u2606Thom.zip\n|t:|1699995277\n|gametype|singles\n|player|p1|ooh ee ooh ah ah|sada|1214\n|player|p2|Thom.zip|acetrainer-gen4|1105\n|teamsize|p1|6\n|teamsize|p2|6\n|gen|9\n|tier|[Gen 9] National Dex\n|rated|\n|rule|HP Percentage Mod: HP is shown in percentages\n|rule|Endless Battle Clause: Forcing endless battles is banned\n|rule|OHKO Clause: OHKO moves are banned\n|rule|Evasion Clause: Evasion abilities, items, and moves are banned\n|rule|Evasion Abilities Clause: Evasion abilities are banned\n|rule|Evasion Items Clause: Evasion items are banned\n|rule|Evasion Moves Clause: Evasion moves are banned\n|rule|Species Clause: Limit one of each Pok\u00e9mon\n|rule|Sleep Clause Mod: Limit one foe put to sleep\n|clearpoke\n|poke|p1|Banette, F|\n|poke|p1|Slowbro, F|\n|poke|p1|Venusaur, F|\n|poke|p1|Snorlax, M|\n|poke|p1|Goodra, F|\n|poke|p1|Volcarona, M|\n|poke|p2|Sceptile, M|\n|poke|p2|Aggron, M|\n|poke|p2|Manectric, M|\n|poke|p2|Torkoal, M|\n|poke|p2|Milotic, F|\n|poke|p2|Salamence, M|\n|teampreview\n|inactive|Battle timer is ON: inactive players will automatically lose when time's up. (requested by Thom.zip)\n|\n|t:|1699995280\n|start\n|switch|p1a: Slowbro|Slowbro, F|100\/100\n|switch|p2a: Aggron|Aggron, M|100\/100\n|-item|p2a: Aggron|Air Balloon\n|turn|1\n|\n|t:|1699995293\n|switch|p2a: Manectric|Manectric, M|100\/100\n|move|p1a: Slowbro|Yawn|p2a: Manectric\n|-start|p2a: Manectric|move: Yawn|[of] p1a: Slowbro\n|\n|upkeep\n|turn|2\n|\n|t:|1699995305\n|move|p2a: Manectric|Volt Switch|p1a: Slowbro\n|-supereffective|p1a: Slowbro\n|-damage|p1a: Slowbro|27\/100\n|\n|t:|1699995312\n|switch|p2a: Sceptile|Sceptile, M|100\/100|[from] Volt Switch\n|move|p1a: Slowbro|Future Sight|p2a: Sceptile\n|-start|p1a: Slowbro|move: Future Sight\n|\n|upkeep\n|turn|3\n|\n|t:|1699995321\n|switch|p1a: Venusaur|Venusaur, F|100\/100\n|move|p2a: Sceptile|Swords Dance|p2a: Sceptile\n|-boost|p2a: Sceptile|atk|2\n|\n|upkeep\n|turn|4\n|\n|t:|1699995331\n|-terastallize|p2a: Sceptile|Fire\n|move|p2a: Sceptile|Swords Dance|p2a: Sceptile\n|-boost|p2a: Sceptile|atk|2\n|move|p1a: Venusaur|Double-Edge|p2a: Sceptile\n|-damage|p2a: Sceptile|55\/100\n|-damage|p1a: Venusaur|88\/100|[from] Recoil\n|\n|-end|p2a: Sceptile|move: Future Sight\n|-damage|p2a: Sceptile|1\/100\n|-enditem|p2a: Sceptile|Sitrus Berry|[eat]\n|-heal|p2a: Sceptile|26\/100|[from] item: Sitrus Berry\n|upkeep\n|turn|5\n|\n|t:|1699995349\n|switch|p1a: Goodra|Goodra, F|100\/100\n|move|p2a: Sceptile|Dual Chop|p1a: Goodra\n|-supereffective|p1a: Goodra\n|-damage|p1a: Goodra|31\/100\n|-enditem|p1a: Goodra|Sitrus Berry|[eat]\n|-heal|p1a: Goodra|56\/100|[from] item: Sitrus Berry\n|-supereffective|p1a: Goodra\n|-damage|p1a: Goodra|0 fnt\n|faint|p1a: Goodra\n|-hitcount|p1: Goodra|2\n|\n|upkeep\n|\n|t:|1699995354\n|switch|p1a: Banette|Banette, F|100\/100\n|turn|6\n|\n|t:|1699995361\n|move|p1a: Banette|Sucker Punch|p2a: Sceptile\n|-damage|p2a: Sceptile|0 fnt\n|faint|p2a: Sceptile\n|\n|upkeep\n|\n|t:|1699995366\n|switch|p2a: Manectric|Manectric, M|100\/100\n|turn|7\n|\n|t:|1699995374\n|switch|p1a: Venusaur|Venusaur, F|88\/100\n|move|p2a: Manectric|Volt Switch|p1a: Venusaur\n|-resisted|p1a: Venusaur\n|-damage|p1a: Venusaur|75\/100\n|\n|t:|1699995381\n|switch|p2a: Torkoal|Torkoal, M|100\/100|[from] Volt Switch\n|-weather|SunnyDay|[from] ability: Drought|[of] p2a: Torkoal\n|\n|-weather|SunnyDay|[upkeep]\n|upkeep\n|turn|8\n|\n|t:|1699995385\n|move|p1a: Venusaur|Sleep Powder|p2a: Torkoal\n|-status|p2a: Torkoal|slp|[from] move: Sleep Powder\n|cant|p2a: Torkoal|slp\n|\n|-weather|SunnyDay|[upkeep]\n|upkeep\n|turn|9\n|\n|t:|1699995394\n|move|p1a: Venusaur|Leech Seed|p2a: Torkoal|[miss]\n|-miss|p1a: Venusaur|p2a: Torkoal\n|cant|p2a: Torkoal|slp\n|\n|-weather|SunnyDay|[upkeep]\n|upkeep\n|turn|10\n|\n|t:|1699995419\n|switch|p1a: Slowbro|Slowbro, F|27\/100\n|-curestatus|p2a: Torkoal|slp|[msg]\n|move|p2a: Torkoal|Eruption|p1a: Slowbro\n|-resisted|p1a: Slowbro\n|-damage|p1a: Slowbro|0 fnt\n|faint|p1a: Slowbro\n|\n|-weather|SunnyDay|[upkeep]\n|upkeep\n|\n|t:|1699995427\n|switch|p1a: Venusaur|Venusaur, F|75\/100\n|turn|11\n|\n|t:|1699995431\n|move|p1a: Venusaur|Sleep Powder|p2a: Torkoal\n|-status|p2a: Torkoal|slp|[from] move: Sleep Powder\n|cant|p2a: Torkoal|slp\n|\n|-weather|none\n|upkeep\n|turn|12\n|\n|t:|1699995439\n|switch|p1a: Volcarona|Volcarona, M|100\/100\n|cant|p2a: Torkoal|slp\n|\n|upkeep\n|turn|13\n|\n|t:|1699995443\n|move|p1a: Volcarona|Quiver Dance|p1a: Volcarona\n|-boost|p1a: Volcarona|spa|1\n|-boost|p1a: Volcarona|spd|1\n|-boost|p1a: Volcarona|spe|1\n|cant|p2a: Torkoal|slp\n|\n|upkeep\n|turn|14\n|\n|t:|1699995449\n|move|p1a: Volcarona|Hurricane|p2a: Torkoal\n|-damage|p2a: Torkoal|0 fnt\n|faint|p2a: Torkoal\n|\n|upkeep\n|\n|t:|1699995456\n|switch|p2a: Manectric|Manectric, M|100\/100\n|turn|15\n|\n|t:|1699995460\n|detailschange|p2a: Manectric|Manectric-Mega, M\n|-mega|p2a: Manectric|Manectric|Manectite\n|-ability|p2a: Manectric|Intimidate|boost\n|-unboost|p1a: Volcarona|atk|1\n|move|p2a: Manectric|Overheat|p1a: Volcarona|[miss]\n|-miss|p2a: Manectric|p1a: Volcarona\n|move|p1a: Volcarona|Fiery Dance|p2a: Manectric\n|-damage|p2a: Manectric|3\/100\n|-boost|p1a: Volcarona|spa|1\n|\n|upkeep\n|turn|16\n|\n|t:|1699995469\n|move|p2a: Manectric|Overheat|p1a: Volcarona\n|-damage|p1a: Volcarona|73\/100\n|-unboost|p2a: Manectric|spa|2\n|move|p1a: Volcarona|Quiver Dance|p1a: Volcarona\n|-boost|p1a: Volcarona|spa|1\n|-boost|p1a: Volcarona|spd|1\n|-boost|p1a: Volcarona|spe|1\n|\n|upkeep\n|turn|17\n|\n|t:|1699995478\n|move|p1a: Volcarona|Fiery Dance|p2a: Manectric\n|-damage|p2a: Manectric|0 fnt\n|faint|p2a: Manectric\n|\n|upkeep\n|\n|t:|1699995481\n|switch|p2a: Salamence|Salamence, M|100\/100\n|-ability|p2a: Salamence|Intimidate|boost\n|-unboost|p1a: Volcarona|atk|1\n|turn|18\n|\n|t:|1699995488\n|move|p1a: Volcarona|Hurricane|p2a: Salamence\n|-damage|p2a: Salamence|0 fnt\n|faint|p2a: Salamence\n|\n|upkeep\n|\n|t:|1699995492\n|switch|p2a: Milotic|Milotic, F|100\/100\n|turn|19\n|\n|t:|1699995494\n|move|p1a: Volcarona|Bug Buzz|p2a: Milotic\n|-damage|p2a: Milotic|31\/100\n|move|p2a: Milotic|Hydro Pump|p1a: Volcarona|[miss]\n|-miss|p2a: Milotic|p1a: Volcarona\n|\n|-status|p2a: Milotic|brn|[from] item: Flame Orb\n|upkeep\n|turn|20\n|-message|Thom.zip forfeited.\n|\n|win|ooh ee ooh ah ah\n|raw|ooh ee ooh ah ah's rating: 1214 &rarr; <strong>1231<\/strong><br \/>(+17 for winning)\n|raw|Thom.zip's rating: 1105 &rarr; <strong>1088<\/strong><br \/>(-17 for losing)\n|l|\u2606Thom.zip\n|l|\u2606ooh ee ooh ah ah\n|j|\u2606ooh ee ooh ah ah\n|player|p1|ooh ee ooh ah ah|sada\n","uploadtime":1699995799,"views":4,"p1id":"ooheeoohahah","p2id":"thomzip","formatid":"gen9nationaldex","rating":1088,"private":0,"password":""}