{"id":"gen9nationaldex-1997567348","p1":"masturch33f420","p2":"linkylayz","format":"[Gen 9] National Dex","log":"|html|<div class=\"broadcast-blue\"><strong>[Gen 9] National Dex is currently suspecting Sneasler! For information on how to participate check out the <a href=\"https:\/\/www.smogon.com\/forums\/threads\/sv-national-dex-suspect-8-just-dance.3731534\/\">suspect thread<\/a>.<\/strong><\/div>\n|j|\u2606masturch33f420\n|j|\u2606linkylayz\n|t:|1700826609\n|gametype|singles\n|player|p1|masturch33f420|hiker-gen4|1164\n|player|p2|linkylayz|steven|1096\n|teamsize|p1|6\n|teamsize|p2|6\n|gen|9\n|tier|[Gen 9] National Dex\n|rated|\n|rule|HP Percentage Mod: HP is shown in percentages\n|rule|Endless Battle Clause: Forcing endless battles is banned\n|rule|OHKO Clause: OHKO moves are banned\n|rule|Evasion Clause: Evasion abilities, items, and moves are banned\n|rule|Evasion Abilities Clause: Evasion abilities are banned\n|rule|Evasion Items Clause: Evasion items are banned\n|rule|Evasion Moves Clause: Evasion moves are banned\n|rule|Species Clause: Limit one of each Pok\u00e9mon\n|rule|Sleep Clause Mod: Limit one foe put to sleep\n|clearpoke\n|poke|p1|Ogerpon-Wellspring, F|\n|poke|p1|Tyranitar, M|\n|poke|p1|Heatran, M|\n|poke|p1|Slowking-Galar, M|\n|poke|p1|Gliscor, M|\n|poke|p1|Tornadus-Therian, M|\n|poke|p2|Rotom-Wash|\n|poke|p2|Gliscor, M|\n|poke|p2|Altaria, M|\n|poke|p2|Rillaboom, M|\n|poke|p2|Samurott-Hisui, M|\n|poke|p2|Hatterene, F|\n|teampreview\n|\n|t:|1700826624\n|start\n|switch|p1a: Ogerpon|Ogerpon-Wellspring, F|100\/100\n|switch|p2a: Rillaboom|Rillaboom, M, shiny|100\/100\n|-fieldstart|move: Grassy Terrain|[from] ability: Grassy Surge|[of] p2a: Rillaboom\n|turn|1\n|\n|t:|1700826630\n|switch|p1a: Tornadus|Tornadus-Therian, M|100\/100\n|move|p2a: Rillaboom|Wood Hammer|p1a: Tornadus\n|-resisted|p1a: Tornadus\n|-damage|p1a: Tornadus|54\/100\n|-damage|p2a: Rillaboom|86\/100|[from] Recoil\n|\n|-heal|p2a: Rillaboom|92\/100|[from] Grassy Terrain\n|upkeep\n|turn|2\n|\n|t:|1700826647\n|switch|p1a: Gliscor|Gliscor, M, shiny|100\/100\n|switch|p2a: Rotom|Rotom-Wash, shiny|100\/100\n|\n|-status|p1a: Gliscor|tox|[from] item: Toxic Orb\n|upkeep\n|turn|3\n|inactive|Battle timer is ON: inactive players will automatically lose when time's up. (requested by masturch33f420)\n|\n|t:|1700826657\n|move|p1a: Gliscor|Toxic|p2a: Rotom\n|-status|p2a: Rotom|tox\n|-zpower|p2a: Rotom\n|move|p2a: Rotom|Hydro Vortex|p1a: Gliscor|[zeffect]\n|-supereffective|p1a: Gliscor\n|-damage|p1a: Gliscor|0 fnt\n|faint|p1a: Gliscor\n|\n|-damage|p2a: Rotom|95\/100 tox|[from] psn\n|upkeep\n|c|\u2606masturch33f420|i hate this generation\n|inactive|masturch33f420 has 120 seconds left.\n|\n|t:|1700826692\n|switch|p1a: Tyranitar|Tyranitar, M|100\/100\n|-weather|Sandstorm|[from] ability: Sand Stream|[of] p1a: Tyranitar\n|turn|4\n|inactive|masturch33f420 has 120 seconds left.\n|\n|t:|1700826713\n|detailschange|p1a: Tyranitar|Tyranitar-Mega, M\n|-mega|p1a: Tyranitar|Tyranitar|Tyranitarite\n|move|p1a: Tyranitar|Stone Edge|p2a: Rotom\n|-damage|p2a: Rotom|26\/100 tox\n|move|p2a: Rotom|Volt Switch|p1a: Tyranitar\n|-damage|p1a: Tyranitar|87\/100\n|\n|t:|1700826722\n|switch|p2a: Gliscor|Gliscor, M, shiny|100\/100|[from] Volt Switch\n|\n|-weather|Sandstorm|[upkeep]\n|-heal|p1a: Tyranitar|93\/100|[from] Grassy Terrain\n|-status|p2a: Gliscor|tox|[from] item: Toxic Orb\n|upkeep\n|turn|5\n|\n|t:|1700826727\n|switch|p1a: Ogerpon|Ogerpon-Wellspring, F|100\/100\n|move|p2a: Gliscor|Toxic|p1a: Ogerpon\n|-status|p1a: Ogerpon|tox\n|\n|-weather|Sandstorm|[upkeep]\n|-damage|p1a: Ogerpon|95\/100 tox|[from] Sandstorm\n|-heal|p1a: Ogerpon|100\/100 tox|[from] Grassy Terrain\n|-damage|p1a: Ogerpon|95\/100 tox|[from] psn\n|-fieldend|move: Grassy Terrain\n|upkeep\n|turn|6\n|\n|t:|1700826732\n|move|p2a: Gliscor|Protect|p2a: Gliscor\n|-singleturn|p2a: Gliscor|Protect\n|move|p1a: Ogerpon|Encore|p2a: Gliscor\n|-activate|p2a: Gliscor|move: Protect\n|\n|-weather|Sandstorm|[upkeep]\n|-damage|p1a: Ogerpon|89\/100 tox|[from] Sandstorm\n|-damage|p1a: Ogerpon|77\/100 tox|[from] psn\n|upkeep\n|turn|7\n|\n|t:|1700826738\n|switch|p2a: Altaria|Altaria, M, shiny|100\/100\n|move|p1a: Ogerpon|Swords Dance|p1a: Ogerpon\n|-boost|p1a: Ogerpon|atk|2\n|\n|-weather|Sandstorm|[upkeep]\n|-damage|p1a: Ogerpon|71\/100 tox|[from] Sandstorm\n|-damage|p2a: Altaria|94\/100|[from] Sandstorm\n|-damage|p1a: Ogerpon|53\/100 tox|[from] psn\n|upkeep\n|turn|8\n|\n|t:|1700826742\n|move|p1a: Ogerpon|Ivy Cudgel|p2a: Altaria|[anim] Ivy Cudgel Water\n|-resisted|p2a: Altaria\n|-damage|p2a: Altaria|36\/100\n|move|p2a: Altaria|Dragon Dance|p2a: Altaria\n|-boost|p2a: Altaria|atk|1\n|-boost|p2a: Altaria|spe|1\n|\n|-weather|none\n|-damage|p1a: Ogerpon|29\/100 tox|[from] psn\n|upkeep\n|turn|9\n|\n|t:|1700826751\n|detailschange|p2a: Altaria|Altaria-Mega, M, shiny\n|-mega|p2a: Altaria|Altaria|Altarianite\n|move|p1a: Ogerpon|Ivy Cudgel|p2a: Altaria|[anim] Ivy Cudgel Water\n|-resisted|p2a: Altaria\n|-damage|p2a: Altaria|0 fnt\n|faint|p2a: Altaria\n|\n|-damage|p1a: Ogerpon|0 fnt|[from] psn\n|faint|p1a: Ogerpon\n|upkeep\n|\n|t:|1700826768\n|switch|p1a: Slowking|Slowking-Galar, M, shiny|100\/100\n|switch|p2a: Rillaboom|Rillaboom, M, shiny|92\/100\n|-fieldstart|move: Grassy Terrain|[from] ability: Grassy Surge|[of] p2a: Rillaboom\n|turn|10\n|\n|t:|1700826772\n|move|p2a: Rillaboom|U-turn|p1a: Slowking\n|-damage|p1a: Slowking|82\/100\n|\n|t:|1700826775\n|switch|p2a: Samurott|Samurott-Hisui, M, shiny|100\/100|[from] U-turn\n|move|p1a: Slowking|Thunder Wave|p2a: Samurott|[miss]\n|-miss|p1a: Slowking|p2a: Samurott\n|\n|-heal|p1a: Slowking|88\/100|[from] Grassy Terrain\n|upkeep\n|turn|11\n|\n|t:|1700826784\n|switch|p1a: Tyranitar|Tyranitar-Mega, M|93\/100\n|-weather|Sandstorm|[from] ability: Sand Stream|[of] p1a: Tyranitar\n|move|p2a: Samurott|Ceaseless Edge|p1a: Tyranitar\n|-resisted|p1a: Tyranitar\n|-damage|p1a: Tyranitar|78\/100\n|-sidestart|p1: masturch33f420|Spikes\n|\n|-weather|Sandstorm|[upkeep]\n|-damage|p2a: Samurott|94\/100|[from] Sandstorm\n|-heal|p2a: Samurott|100\/100|[from] Grassy Terrain\n|-heal|p1a: Tyranitar|84\/100|[from] Grassy Terrain\n|upkeep\n|turn|12\n|\n|t:|1700826788\n|switch|p2a: Gliscor|Gliscor, M, shiny|100\/100 tox\n|move|p1a: Tyranitar|Superpower|p2a: Gliscor\n|-resisted|p2a: Gliscor\n|-damage|p2a: Gliscor|84\/100 tox\n|-unboost|p1a: Tyranitar|atk|1\n|-unboost|p1a: Tyranitar|def|1\n|\n|-weather|Sandstorm|[upkeep]\n|-heal|p1a: Tyranitar|90\/100|[from] Grassy Terrain\n|-heal|p2a: Gliscor|96\/100 tox|[from] ability: Poison Heal\n|upkeep\n|turn|13\n|\n|t:|1700826795\n|switch|p1a: Tornadus|Tornadus-Therian, M|87\/100\n|move|p2a: Gliscor|Toxic|p1a: Tornadus\n|-status|p1a: Tornadus|tox\n|\n|-weather|Sandstorm|[upkeep]\n|-damage|p1a: Tornadus|81\/100 tox|[from] Sandstorm\n|-damage|p1a: Tornadus|75\/100 tox|[from] psn\n|-heal|p2a: Gliscor|100\/100 tox|[from] ability: Poison Heal\n|upkeep\n|turn|14\n|\n|t:|1700826799\n|switch|p2a: Samurott|Samurott-Hisui, M, shiny|100\/100\n|move|p1a: Tornadus|Nasty Plot|p1a: Tornadus\n|-boost|p1a: Tornadus|spa|2\n|\n|-weather|Sandstorm|[upkeep]\n|-damage|p2a: Samurott|94\/100|[from] Sandstorm\n|-damage|p1a: Tornadus|69\/100 tox|[from] Sandstorm\n|-heal|p2a: Samurott|100\/100|[from] Grassy Terrain\n|-damage|p1a: Tornadus|57\/100 tox|[from] psn\n|-fieldend|move: Grassy Terrain\n|upkeep\n|turn|15\n|\n|t:|1700826804\n|move|p2a: Samurott|Aqua Cutter|p1a: Tornadus\n|-damage|p1a: Tornadus|0 fnt\n|faint|p1a: Tornadus\n|\n|-weather|none\n|upkeep\n|c|\u2606masturch33f420|ok this is not fun anymore\n|c|\u2606masturch33f420|jesus christ i hate s\/v and legends arceus\n|inactive|masturch33f420 has 120 seconds left.\n|c|\u2606masturch33f420|im gonna bomb gamefreak hq in minecraft\n|c|\u2606linkylayz|rage quitter\n|c|\u2606linkylayz|ggs\n|inactive|masturch33f420 has 90 seconds left.\n|c|\u2606masturch33f420|please gargle my testicles dipshit\n|inactive|masturch33f420 has 60 seconds left.\n|n|!masturch33f420|masturch33f420\n|inactive|masturch33f420 has 30 seconds left.\n|inactive|masturch33f420 has 20 seconds left.\n|inactive|masturch33f420 has 15 seconds left.\n|inactive|masturch33f420 has 10 seconds left.\n|inactive|masturch33f420 has 5 seconds left.\n|-message|masturch33f420 lost due to inactivity.\n|\n|win|linkylayz\n|raw|masturch33f420's rating: 1164 &rarr; <strong>1134<\/strong><br \/>(-30 for losing)\n|raw|linkylayz's rating: 1096 &rarr; <strong>1127<\/strong><br \/>(+31 for winning)\n","uploadtime":1700826886,"views":4,"p1id":"masturch33f420","p2id":"linkylayz","formatid":"gen9nationaldex","rating":1127,"private":0,"password":""}