{"id":"gen9nationaldex-1998878823","p1":"jcena007","p2":"Kaegun","format":"[Gen 9] National Dex","log":"|html|<div class=\"broadcast-blue\"><strong>[Gen 9] National Dex is currently suspecting Sneasler! For information on how to participate check out the <a href=\"https:\/\/www.smogon.com\/forums\/threads\/sv-national-dex-suspect-8-just-dance.3731534\/\">suspect thread<\/a>.<\/strong><\/div>\n|j|\u2606jcena007\n|j|\u2606Kaegun\n|t:|1701007535\n|gametype|singles\n|player|p1|jcena007|bruno|1361\n|player|p2|Kaegun|266|1327\n|teamsize|p1|6\n|teamsize|p2|6\n|gen|9\n|tier|[Gen 9] National Dex\n|rated|\n|rule|HP Percentage Mod: HP is shown in percentages\n|rule|Endless Battle Clause: Forcing endless battles is banned\n|rule|OHKO Clause: OHKO moves are banned\n|rule|Evasion Clause: Evasion abilities, items, and moves are banned\n|rule|Evasion Abilities Clause: Evasion abilities are banned\n|rule|Evasion Items Clause: Evasion items are banned\n|rule|Evasion Moves Clause: Evasion moves are banned\n|rule|Species Clause: Limit one of each Pok\u00e9mon\n|rule|Sleep Clause Mod: Limit one foe put to sleep\n|clearpoke\n|poke|p1|Garganacl, F|\n|poke|p1|Skeledirge, F|\n|poke|p1|Ribombee, M|\n|poke|p1|Gallade, M|\n|poke|p1|Crawdaunt, F|\n|poke|p1|Tsareena, F|\n|poke|p2|Tapu Koko|\n|poke|p2|Urshifu-*, M|\n|poke|p2|Iron Valiant|\n|poke|p2|Iron Moth|\n|poke|p2|Sneasler, F|\n|poke|p2|Ting-Lu|\n|teampreview\n|\n|t:|1701007549\n|start\n|switch|p1a: webs|Ribombee, M|100\/100\n|switch|p2a: Urshifu|Urshifu-Rapid-Strike, M|100\/100\n|turn|1\n|\n|t:|1701007555\n|switch|p1a: king slayer|Tsareena, F|100\/100\n|move|p2a: Urshifu|Surging Strikes|p1a: king slayer\n|-resisted|p1a: king slayer\n|-crit|p1a: king slayer\n|-damage|p1a: king slayer|89\/100\n|-resisted|p1a: king slayer\n|-crit|p1a: king slayer\n|-damage|p1a: king slayer|77\/100\n|-resisted|p1a: king slayer\n|-crit|p1a: king slayer\n|-damage|p1a: king slayer|65\/100\n|-hitcount|p1a: king slayer|3\n|\n|upkeep\n|turn|2\n|\n|t:|1701007567\n|switch|p2a: Iron Moth|Iron Moth|100\/100\n|move|p1a: king slayer|Trop Kick|p2a: Iron Moth\n|-resisted|p2a: Iron Moth\n|-damage|p2a: Iron Moth|89\/100\n|-unboost|p2a: Iron Moth|atk|1\n|\n|upkeep\n|turn|3\n|\n|t:|1701007575\n|switch|p1a: it sings?!|Skeledirge, F|100\/100\n|move|p2a: Iron Moth|U-turn|p1a: it sings?!\n|-resisted|p1a: it sings?!\n|-crit|p1a: it sings?!\n|-damage|p1a: it sings?!|97\/100\n|\n|t:|1701007583\n|-end|p2a: Iron Moth|Quark Drive|[silent]\n|switch|p2a: Ting-Lu|Ting-Lu|100\/100|[from] U-turn\n|-ability|p2a: Ting-Lu|Vessel of Ruin\n|\n|-heal|p1a: it sings?!|100\/100|[from] item: Leftovers\n|upkeep\n|turn|4\n|\n|t:|1701007591\n|switch|p1a: king slayer|Tsareena, F|65\/100\n|move|p2a: Ting-Lu|Stealth Rock|p1a: king slayer\n|-sidestart|p1: jcena007|move: Stealth Rock\n|\n|upkeep\n|turn|5\n|\n|t:|1701007598\n|-terastallize|p2a: Ting-Lu|Ghost\n|move|p1a: king slayer|Rapid Spin|p2a: Ting-Lu\n|-immune|p2a: Ting-Lu\n|move|p2a: Ting-Lu|Spikes|p1a: king slayer\n|-sidestart|p1: jcena007|Spikes\n|\n|upkeep\n|turn|6\n|\n|t:|1701007605\n|move|p1a: king slayer|Trop Kick|p2a: Ting-Lu\n|-damage|p2a: Ting-Lu|84\/100\n|-unboost|p2a: Ting-Lu|atk|1\n|-enditem|p2a: Ting-Lu|Red Card|[of] p1a: king slayer\n|drag|p1a: edgey|Gallade, M|100\/100\n|-damage|p1a: edgey|94\/100|[from] Stealth Rock\n|-damage|p1a: edgey|82\/100|[from] Spikes\n|move|p2a: Ting-Lu|Spikes|p1a: edgey\n|-sidestart|p1: jcena007|Spikes\n|\n|upkeep\n|turn|7\n|\n|t:|1701007615\n|move|p1a: edgey|Night Slash|p2a: Ting-Lu\n|-supereffective|p2a: Ting-Lu\n|-damage|p2a: Ting-Lu|51\/100\n|move|p2a: Ting-Lu|Earthquake|p1a: edgey\n|-damage|p1a: edgey|41\/100\n|\n|upkeep\n|turn|8\n|\n|t:|1701007625\n|switch|p2a: Urshifu|Urshifu-Rapid-Strike, M|100\/100\n|move|p1a: edgey|Leaf Blade|p2a: Urshifu\n|-supereffective|p2a: Urshifu\n|-crit|p2a: Urshifu\n|-damage|p2a: Urshifu|0 fnt\n|faint|p2a: Urshifu\n|\n|upkeep\n|\n|t:|1701007630\n|switch|p2a: Iron Moth|Iron Moth|89\/100\n|turn|9\n|\n|t:|1701007634\n|move|p2a: Iron Moth|Sludge Wave|p1a: edgey\n|-damage|p1a: edgey|0 fnt\n|faint|p1a: edgey\n|\n|upkeep\n|\n|t:|1701007640\n|switch|p1a: Rage Quit?|Garganacl, F|100\/100\n|-damage|p1a: Rage Quit?|88\/100|[from] Stealth Rock\n|-damage|p1a: Rage Quit?|72\/100|[from] Spikes\n|turn|10\n|\n|t:|1701007649\n|move|p2a: Iron Moth|Energy Ball|p1a: Rage Quit?\n|-supereffective|p1a: Rage Quit?\n|-damage|p1a: Rage Quit?|31\/100\n|-unboost|p1a: Rage Quit?|spd|1\n|move|p1a: Rage Quit?|Salt Cure|p2a: Iron Moth\n|-supereffective|p2a: Iron Moth\n|-damage|p2a: Iron Moth|53\/100\n|-start|p2a: Iron Moth|Salt Cure\n|\n|-heal|p1a: Rage Quit?|38\/100|[from] item: Leftovers\n|-damage|p2a: Iron Moth|40\/100|[from] Salt Cure\n|upkeep\n|turn|11\n|\n|t:|1701007664\n|-terastallize|p1a: Rage Quit?|Ghost\n|move|p2a: Iron Moth|Energy Ball|p1a: Rage Quit?\n|-damage|p1a: Rage Quit?|7\/100\n|move|p1a: Rage Quit?|Recover|p1a: Rage Quit?\n|-heal|p1a: Rage Quit?|57\/100\n|\n|-heal|p1a: Rage Quit?|63\/100|[from] item: Leftovers\n|-damage|p2a: Iron Moth|28\/100|[from] Salt Cure\n|upkeep\n|turn|12\n|\n|t:|1701007673\n|-end|p2a: Iron Moth|Quark Drive|[silent]\n|switch|p2a: Tapu Koko|Tapu Koko|100\/100\n|-fieldstart|move: Electric Terrain|[from] ability: Electric Surge|[of] p2a: Tapu Koko\n|move|p1a: Rage Quit?|Recover|p1a: Rage Quit?\n|-heal|p1a: Rage Quit?|100\/100\n|\n|upkeep\n|turn|13\n|\n|t:|1701007683\n|switch|p1a: king slayer|Tsareena, F|65\/100\n|-damage|p1a: king slayer|53\/100|[from] Stealth Rock\n|-damage|p1a: king slayer|37\/100|[from] Spikes\n|move|p2a: Tapu Koko|Dazzling Gleam|p1a: king slayer\n|-damage|p1a: king slayer|14\/100\n|\n|upkeep\n|turn|14\n|\n|t:|1701007691\n|move|p2a: Tapu Koko|Dazzling Gleam|p1a: king slayer\n|-damage|p1a: king slayer|0 fnt\n|faint|p1a: king slayer\n|\n|upkeep\n|\n|t:|1701007697\n|switch|p1a: it sings?!|Skeledirge, F|100\/100\n|-damage|p1a: it sings?!|76\/100|[from] Stealth Rock\n|-damage|p1a: it sings?!|59\/100|[from] Spikes\n|turn|15\n|\n|t:|1701007703\n|move|p2a: Tapu Koko|Volt Switch|p1a: it sings?!\n|-damage|p1a: it sings?!|20\/100\n|\n|t:|1701007708\n|switch|p2a: Ting-Lu|Ting-Lu, tera:Ghost|51\/100|[from] Volt Switch\n|-ability|p2a: Ting-Lu|Vessel of Ruin\n|move|p1a: it sings?!|Torch Song|p2a: Ting-Lu\n|-damage|p2a: Ting-Lu|31\/100\n|-boost|p1a: it sings?!|spa|1\n|\n|-heal|p1a: it sings?!|26\/100|[from] item: Leftovers\n|upkeep\n|turn|16\n|\n|t:|1701007720\n|move|p1a: it sings?!|Torch Song|p2a: Ting-Lu\n|-damage|p2a: Ting-Lu|2\/100\n|-boost|p1a: it sings?!|spa|1\n|move|p2a: Ting-Lu|Earthquake|p1a: it sings?!\n|-supereffective|p1a: it sings?!\n|-damage|p1a: it sings?!|0 fnt\n|faint|p1a: it sings?!\n|\n|-fieldend|move: Electric Terrain\n|upkeep\n|\n|t:|1701007730\n|switch|p1a: webs|Ribombee, M|100\/100\n|-damage|p1a: webs|76\/100|[from] Stealth Rock\n|-damage|p1a: webs|59\/100|[from] Spikes\n|turn|17\n|\n|t:|1701007736\n|move|p1a: webs|Quiver Dance|p1a: webs\n|-boost|p1a: webs|spa|1\n|-boost|p1a: webs|spd|1\n|-boost|p1a: webs|spe|1\n|move|p2a: Ting-Lu|Whirlwind|p1a: webs\n|drag|p1a: Eugene Krabs|Crawdaunt, F|100\/100\n|-damage|p1a: Eugene Krabs|88\/100|[from] Stealth Rock\n|-damage|p1a: Eugene Krabs|72\/100|[from] Spikes\n|\n|upkeep\n|turn|18\n|\n|t:|1701007746\n|switch|p2a: Tapu Koko|Tapu Koko|100\/100\n|-fieldstart|move: Electric Terrain|[from] ability: Electric Surge|[of] p2a: Tapu Koko\n|move|p1a: Eugene Krabs|Liquidation|p2a: Tapu Koko\n|-crit|p2a: Tapu Koko\n|-damage|p2a: Tapu Koko|0 fnt\n|faint|p2a: Tapu Koko\n|\n|upkeep\n|\n|t:|1701007751\n|switch|p2a: Sneasler|Sneasler, F, shiny|100\/100\n|-enditem|p2a: Sneasler|Electric Seed\n|-boost|p2a: Sneasler|def|1|[from] item: Electric Seed\n|turn|19\n|\n|t:|1701007762\n|move|p2a: Sneasler|Dire Claw|p1a: Eugene Krabs\n|-damage|p1a: Eugene Krabs|5\/100\n|-status|p1a: Eugene Krabs|psn\n|move|p1a: Eugene Krabs|Liquidation|p2a: Sneasler\n|-damage|p2a: Sneasler|35\/100\n|-unboost|p2a: Sneasler|def|1\n|\n|-damage|p1a: Eugene Krabs|0 fnt|[from] psn\n|faint|p1a: Eugene Krabs\n|upkeep\n|\n|t:|1701007772\n|switch|p1a: Rage Quit?|Garganacl, F, tera:Ghost|100\/100\n|-damage|p1a: Rage Quit?|88\/100|[from] Stealth Rock\n|-damage|p1a: Rage Quit?|72\/100|[from] Spikes\n|turn|20\n|\n|t:|1701007780\n|move|p2a: Sneasler|Acrobatics|p1a: Rage Quit?\n|-damage|p1a: Rage Quit?|44\/100\n|move|p1a: Rage Quit?|Iron Defense|p1a: Rage Quit?\n|-boost|p1a: Rage Quit?|def|2\n|\n|-heal|p1a: Rage Quit?|50\/100|[from] item: Leftovers\n|upkeep\n|turn|21\n|\n|t:|1701007791\n|switch|p2a: Iron Valiant|Iron Valiant|100\/100\n|-activate|p2a: Iron Valiant|ability: Quark Drive\n|-start|p2a: Iron Valiant|quarkdrivespe\n|move|p1a: Rage Quit?|Salt Cure|p2a: Iron Valiant\n|-resisted|p2a: Iron Valiant\n|-damage|p2a: Iron Valiant|92\/100\n|-start|p2a: Iron Valiant|Salt Cure\n|\n|-heal|p1a: Rage Quit?|56\/100|[from] item: Leftovers\n|-damage|p2a: Iron Valiant|79\/100|[from] Salt Cure\n|upkeep\n|turn|22\n|\n|t:|1701007801\n|move|p2a: Iron Valiant|Trick|p1a: Rage Quit?\n|-activate|p2a: Iron Valiant|move: Trick|[of] p1a: Rage Quit?\n|-item|p1a: Rage Quit?|Choice Specs|[from] move: Trick\n|-item|p2a: Iron Valiant|Leftovers|[from] move: Trick\n|move|p1a: Rage Quit?|Recover|p1a: Rage Quit?\n|-heal|p1a: Rage Quit?|100\/100\n|\n|-heal|p2a: Iron Valiant|86\/100|[from] item: Leftovers\n|-damage|p2a: Iron Valiant|73\/100|[from] Salt Cure\n|-fieldend|move: Electric Terrain\n|-end|p2a: Iron Valiant|Quark Drive\n|upkeep\n|turn|23\n|-message|jcena007 forfeited.\n|\n|win|Kaegun\n|raw|jcena007's rating: 1361 &rarr; <strong>1339<\/strong><br \/>(-22 for losing)\n|raw|Kaegun's rating: 1327 &rarr; <strong>1349<\/strong><br \/>(+22 for winning)\n|l|\u2606jcena007\n","uploadtime":1701007809,"views":2,"p1id":"jcena007","p2id":"kaegun","formatid":"gen9nationaldex","rating":1339,"private":0,"password":""}