{"id":"gen9nationaldex-1999796007","p1":"zera69420","p2":"connorn1181","format":"[Gen 9] National Dex","log":"|html|<div class=\"broadcast-blue\"><strong>[Gen 9] National Dex is currently suspecting Sneasler! For information on how to participate check out the <a href=\"https:\/\/www.smogon.com\/forums\/threads\/sv-national-dex-suspect-8-just-dance.3731534\/\">suspect thread<\/a>.<\/strong><\/div>\n|j|\u2606zera69420\n|j|\u2606connorn1181\n|t:|1701117459\n|gametype|singles\n|player|p1|zera69420|102|1122\n|player|p2|connorn1181|artist|1068\n|teamsize|p1|6\n|teamsize|p2|6\n|gen|9\n|tier|[Gen 9] National Dex\n|rated|\n|rule|HP Percentage Mod: HP is shown in percentages\n|rule|Endless Battle Clause: Forcing endless battles is banned\n|rule|OHKO Clause: OHKO moves are banned\n|rule|Evasion Clause: Evasion abilities, items, and moves are banned\n|rule|Evasion Abilities Clause: Evasion abilities are banned\n|rule|Evasion Items Clause: Evasion items are banned\n|rule|Evasion Moves Clause: Evasion moves are banned\n|rule|Species Clause: Limit one of each Pok\u00e9mon\n|rule|Sleep Clause Mod: Limit one foe put to sleep\n|clearpoke\n|poke|p1|Nidoking, M|\n|poke|p1|Staraptor, F|\n|poke|p1|Tinkaton, F|\n|poke|p1|Sableye, M|\n|poke|p1|Alakazam, M|\n|poke|p1|Chesnaught, M|\n|poke|p2|Regidrago|\n|poke|p2|Kartana|\n|poke|p2|Gliscor, M|\n|poke|p2|Cloyster, F|\n|poke|p2|Trevenant, M|\n|poke|p2|Beedrill, F|\n|teampreview\n|inactive|Battle timer is ON: inactive players will automatically lose when time's up. (requested by zera69420)\n|\n|t:|1701117466\n|start\n|switch|p1a: Peter|Nidoking, M|100\/100\n|switch|p2a: Gliscor|Gliscor, M, shiny|100\/100\n|turn|1\n|\n|t:|1701117471\n|move|p2a: Gliscor|Stealth Rock|p1a: Peter\n|-sidestart|p1: zera69420|move: Stealth Rock\n|move|p1a: Peter|Ice Beam|p2a: Gliscor\n|-supereffective|p2a: Gliscor\n|-damage|p2a: Gliscor|0 fnt\n|faint|p2a: Gliscor\n|\n|upkeep\n|\n|t:|1701117477\n|switch|p2a: Beedrill|Beedrill, F, shiny|100\/100\n|turn|2\n|\n|t:|1701117487\n|detailschange|p2a: Beedrill|Beedrill-Mega, F, shiny\n|-mega|p2a: Beedrill|Beedrill|Beedrillite\n|move|p2a: Beedrill|Swords Dance|p2a: Beedrill\n|-boost|p2a: Beedrill|atk|2\n|move|p1a: Peter|Earth Power|p2a: Beedrill\n|-damage|p2a: Beedrill|15\/100\n|\n|upkeep\n|turn|3\n|\n|t:|1701117494\n|move|p2a: Beedrill|Fell Stinger|p1a: Peter\n|-resisted|p1a: Peter\n|-damage|p1a: Peter|44\/100\n|move|p1a: Peter|Earth Power|p2a: Beedrill\n|-damage|p2a: Beedrill|0 fnt\n|faint|p2a: Beedrill\n|\n|upkeep\n|\n|t:|1701117502\n|switch|p2a: Trevenant|Trevenant, M, shiny|100\/100\n|turn|4\n|\n|t:|1701117522\n|move|p1a: Peter|Ice Beam|p2a: Trevenant\n|-supereffective|p2a: Trevenant\n|-crit|p2a: Trevenant\n|-damage|p2a: Trevenant|0 fnt\n|faint|p2a: Trevenant\n|\n|upkeep\n|\n|t:|1701117528\n|switch|p2a: Regidrago|Regidrago, shiny|100\/100\n|turn|5\n|\n|t:|1701117533\n|-terastallize|p2a: Regidrago|Dragon\n|move|p1a: Peter|Ice Beam|p2a: Regidrago\n|-supereffective|p2a: Regidrago\n|-damage|p2a: Regidrago|10\/100\n|move|p2a: Regidrago|Scale Shot|p1a: Peter\n|-damage|p1a: Peter|11\/100\n|-damage|p1a: Peter|0 fnt\n|faint|p1a: Peter\n|-hitcount|p1: Peter|2\n|-unboost|p2a: Regidrago|def|1\n|-boost|p2a: Regidrago|spe|1\n|\n|upkeep\n|\n|t:|1701117542\n|switch|p1a: knuckles|Chesnaught, M|100\/100\n|-damage|p1a: knuckles|95\/100|[from] Stealth Rock\n|turn|6\n|c|\u2606connorn1181|dang yoou peter\n|\n|t:|1701117550\n|move|p2a: Regidrago|Scale Shot|p1a: knuckles\n|-damage|p1a: knuckles|76\/100\n|-damage|p1a: knuckles|58\/100\n|-damage|p1a: knuckles|42\/100\n|-damage|p1a: knuckles|25\/100\n|-damage|p1a: knuckles|8\/100\n|-hitcount|p1a: knuckles|5\n|-unboost|p2a: Regidrago|def|1\n|-boost|p2a: Regidrago|spe|1\n|move|p1a: knuckles|Drain Punch|p2a: Regidrago\n|-damage|p2a: Regidrago|0 fnt\n|-heal|p1a: knuckles|17\/100|[from] drain|[of] p2a: Regidrago\n|faint|p2a: Regidrago\n|\n|upkeep\n|c|\u2606zera69420|peter GOD\n|\n|t:|1701117563\n|switch|p2a: Cloyster|Cloyster, F, shiny|100\/100\n|turn|7\n|\n|t:|1701117573\n|move|p2a: Cloyster|Shell Smash|p2a: Cloyster\n|-unboost|p2a: Cloyster|def|1\n|-unboost|p2a: Cloyster|spd|1\n|-boost|p2a: Cloyster|atk|2\n|-boost|p2a: Cloyster|spa|2\n|-boost|p2a: Cloyster|spe|2\n|move|p1a: knuckles|Drain Punch|p2a: Cloyster\n|-supereffective|p2a: Cloyster\n|-damage|p2a: Cloyster|22\/100\n|-heal|p1a: knuckles|46\/100|[from] drain|[of] p2a: Cloyster\n|\n|upkeep\n|turn|8\n|\n|t:|1701117584\n|move|p2a: Cloyster|Icicle Spear|p1a: knuckles\n|-supereffective|p1a: knuckles\n|-damage|p1a: knuckles|16\/100\n|-supereffective|p1a: knuckles\n|-damage|p1a: knuckles|0 fnt\n|faint|p1a: knuckles\n|-hitcount|p1: knuckles|2\n|\n|upkeep\n|\n|t:|1701117591\n|switch|p1a: Massivo|Staraptor, F|100\/100\n|-damage|p1a: Massivo|75\/100|[from] Stealth Rock\n|turn|9\n|c|\u2606connorn1181|!weakness staraptor\n|c| connorn1181|\/raw <div class=\"infobox\">Staraptor (ignoring abilities):<br \/><span class=\"message-effect-weak\">Weaknesses<\/span>: Electric, Ice, Rock<br \/><span class=\"message-effect-resist\">Resistances<\/span>: Bug, Grass<br \/><span class=\"message-effect-immune\">Immunities<\/span>: Ghost, Ground<\/div>\n|\n|t:|1701117611\n|move|p2a: Cloyster|Rock Blast|p1a: Massivo\n|-supereffective|p1a: Massivo\n|-damage|p1a: Massivo|34\/100\n|-supereffective|p1a: Massivo\n|-crit|p1a: Massivo\n|-damage|p1a: Massivo|0 fnt\n|faint|p1a: Massivo\n|-hitcount|p1: Massivo|2\n|\n|upkeep\n|\n|t:|1701117619\n|switch|p1a: Mordisquitos|Sableye, M|100\/100\n|-damage|p1a: Mordisquitos|88\/100|[from] Stealth Rock\n|turn|10\n|c|\u2606connorn1181|!weakness sableye\n|c| connorn1181|\/raw <div class=\"infobox\">Sableye (ignoring abilities):<br \/><span class=\"message-effect-weak\">Weaknesses<\/span>: Fairy<br \/><span class=\"message-effect-resist\">Resistances<\/span>: Poison<br \/><span class=\"message-effect-immune\">Immunities<\/span>: Fighting, Normal, Psychic, Prankster, Trapping<\/div>\n|\n|t:|1701117638\n|move|p1a: Mordisquitos|Thunder Wave|p2a: Cloyster\n|-status|p2a: Cloyster|par\n|move|p2a: Cloyster|Icicle Spear|p1a: Mordisquitos\n|-damage|p1a: Mordisquitos|58\/100\n|-damage|p1a: Mordisquitos|29\/100\n|-damage|p1a: Mordisquitos|0 fnt\n|faint|p1a: Mordisquitos\n|-hitcount|p1: Mordisquitos|3\n|\n|upkeep\n|\n|t:|1701117647\n|switch|p1a: Pistachito|Alakazam, M|100\/100\n|turn|11\n|c|\u2606connorn1181|u know megas and z moves exist, right?\n|inactive|connorn1181 has 120 seconds left.\n|c|\u2606connorn1181|!weakness alakazam\n|c| connorn1181|\/raw <div class=\"infobox\">Alakazam (ignoring abilities):<br \/><span class=\"message-effect-weak\">Weaknesses<\/span>: Bug, Dark, Ghost<br \/><span class=\"message-effect-resist\">Resistances<\/span>: Fighting, Psychic<br \/><span class=\"message-effect-immune\">Immunities<\/span>: <font color=#999999>None<\/font><\/div>\n|\n|t:|1701117689\n|move|p1a: Pistachito|Psychic|p2a: Cloyster\n|-damage|p2a: Cloyster|0 fnt\n|faint|p2a: Cloyster\n|\n|upkeep\n|\n|t:|1701117693\n|switch|p2a: Kartana|Kartana, shiny|100\/100\n|turn|12\n|\n|t:|1701117699\n|move|p1a: Pistachito|Shadow Ball|p2a: Kartana\n|-damage|p2a: Kartana|0 fnt\n|faint|p2a: Kartana\n|\n|win|zera69420\n|raw|zera69420's rating: 1122 &rarr; <strong>1143<\/strong><br \/>(+21 for winning)\n|raw|connorn1181's rating: 1068 &rarr; <strong>1051<\/strong><br \/>(-17 for losing)\n|c|\u2606connorn1181|dang\n|c|\u2606connorn1181|ggs\n|l|\u2606connorn1181\n|c|\u2606zera69420|gg\n","uploadtime":1701118060,"views":2,"p1id":"zera69420","p2id":"connorn1181","formatid":"gen9nationaldex","rating":1051,"private":0,"password":""}