{"id":"gen9nationaldex-1992968482","p1":"chiefsam","p2":"maysonddd","format":"[Gen 9] National Dex","log":"|j|\u2606chiefsam\n|j|\u2606maysonddd\n|t:|1700251230\n|gametype|singles\n|player|p1|chiefsam|169|1288\n|player|p2|maysonddd|anabel|1162\n|teamsize|p1|6\n|teamsize|p2|6\n|gen|9\n|tier|[Gen 9] National Dex\n|rated|\n|rule|HP Percentage Mod: HP is shown in percentages\n|rule|Endless Battle Clause: Forcing endless battles is banned\n|rule|OHKO Clause: OHKO moves are banned\n|rule|Evasion Clause: Evasion abilities, items, and moves are banned\n|rule|Evasion Abilities Clause: Evasion abilities are banned\n|rule|Evasion Items Clause: Evasion items are banned\n|rule|Evasion Moves Clause: Evasion moves are banned\n|rule|Species Clause: Limit one of each Pok\u00e9mon\n|rule|Sleep Clause Mod: Limit one foe put to sleep\n|clearpoke\n|poke|p1|Glimmora, M|\n|poke|p1|Hoopa-Unbound|\n|poke|p1|Iron Valiant|\n|poke|p1|Ogerpon-Wellspring, F|\n|poke|p1|Landorus-Therian, M|\n|poke|p1|Froslass, F|\n|poke|p2|Weavile, M|\n|poke|p2|Landorus-Therian, M|\n|poke|p2|Zapdos|\n|poke|p2|Volcanion|\n|poke|p2|Ursaluna, M|\n|poke|p2|Kartana|\n|teampreview\n|inactive|Battle timer is ON: inactive players will automatically lose when time's up. (requested by maysonddd)\n|\n|t:|1700251244\n|start\n|switch|p1a: Hoopa|Hoopa-Unbound|100\/100\n|switch|p2a: Weavile|Weavile, M, shiny|100\/100\n|-ability|p2a: Weavile|Pressure\n|turn|1\n|\n|t:|1700251252\n|move|p2a: Weavile|Beat Up|p1a: Hoopa\n|-damage|p1a: Hoopa|79\/100\n|-damage|p1a: Hoopa|54\/100\n|-damage|p1a: Hoopa|36\/100\n|-damage|p1a: Hoopa|16\/100\n|-enditem|p1a: Hoopa|Salac Berry|[eat]\n|-boost|p1a: Hoopa|spe|1|[from] item: Salac Berry\n|-damage|p1a: Hoopa|0 fnt\n|faint|p1a: Hoopa\n|-hitcount|p1: Hoopa|5\n|\n|upkeep\n|\n|t:|1700251280\n|switch|p1a: Iron Valiant|Iron Valiant|100\/100\n|-enditem|p1a: Iron Valiant|Booster Energy\n|-activate|p1a: Iron Valiant|ability: Quark Drive|[fromitem]\n|-start|p1a: Iron Valiant|quarkdrivespe\n|turn|2\n|\n|t:|1700251293\n|switch|p2a: Landorus|Landorus-Therian, M, shiny|100\/100\n|-ability|p2a: Landorus|Intimidate|boost\n|-unboost|p1a: Iron Valiant|atk|1\n|move|p1a: Iron Valiant|Spirit Break|p2a: Landorus\n|-damage|p2a: Landorus|75\/100\n|-unboost|p2a: Landorus|spa|1\n|\n|-heal|p2a: Landorus|81\/100|[from] item: Leftovers\n|upkeep\n|turn|3\n|inactive|chiefsam has 120 seconds left.\n|\n|t:|1700251314\n|-end|p1a: Iron Valiant|Quark Drive|[silent]\n|switch|p1a: Landorus|Landorus-Therian, M|100\/100\n|-ability|p1a: Landorus|Intimidate|boost\n|-unboost|p2a: Landorus|atk|1\n|move|p2a: Landorus|U-turn|p1a: Landorus\n|-resisted|p1a: Landorus\n|-damage|p1a: Landorus|92\/100\n|\n|t:|1700251325\n|switch|p2a: Volcanion|Volcanion|100\/100|[from] U-turn\n|\n|-heal|p1a: Landorus|98\/100|[from] item: Leftovers\n|upkeep\n|turn|4\n|inactive|chiefsam has 120 seconds left.\n|inactive|maysonddd has 120 seconds left.\n|\n|t:|1700251362\n|switch|p1a: Ogerpon|Ogerpon-Wellspring, F|100\/100\n|switch|p2a: Zapdos|Zapdos, shiny|100\/100\n|\n|upkeep\n|turn|5\n|inactive|maysonddd has 120 seconds left.\n|inactive|chiefsam has 90 seconds left.\n|\n|t:|1700251382\n|switch|p1a: Landorus|Landorus-Therian, M|98\/100\n|-ability|p1a: Landorus|Intimidate|boost\n|-unboost|p2a: Zapdos|atk|1\n|move|p2a: Zapdos|Hurricane|p1a: Landorus\n|-damage|p1a: Landorus|44\/100\n|\n|-heal|p1a: Landorus|50\/100|[from] item: Leftovers\n|upkeep\n|turn|6\n|inactive|maysonddd has 120 seconds left.\n|\n|t:|1700251396\n|move|p1a: Landorus|Stone Edge|p2a: Zapdos|[miss]\n|-miss|p1a: Landorus|p2a: Zapdos\n|move|p2a: Zapdos|U-turn|p1a: Landorus\n|-resisted|p1a: Landorus\n|-damage|p1a: Landorus|45\/100\n|inactive|maysonddd has 120 seconds left.\n|\n|t:|1700251411\n|switch|p2a: Kartana|Kartana, shiny|100\/100|[from] U-turn\n|\n|-heal|p1a: Landorus|51\/100|[from] item: Leftovers\n|upkeep\n|turn|7\n|inactive|maysonddd has 120 seconds left.\n|\n|t:|1700251429\n|move|p2a: Kartana|Leaf Blade|p1a: Landorus\n|-crit|p1a: Landorus\n|-damage|p1a: Landorus|0 fnt\n|faint|p1a: Landorus\n|-ability|p2a: Kartana|Beast Boost|boost\n|-boost|p2a: Kartana|atk|1\n|\n|upkeep\n|inactive|chiefsam has 90 seconds left.\n|\n|t:|1700251441\n|switch|p1a: Ogerpon|Ogerpon-Wellspring, F|100\/100\n|turn|8\n|inactive|chiefsam has 90 seconds left.\n|\n|t:|1700251452\n|-terastallize|p2a: Kartana|Grass\n|move|p2a: Kartana|Leaf Blade|p1a: Ogerpon\n|-damage|p1a: Ogerpon|0 fnt\n|faint|p1a: Ogerpon\n|-ability|p2a: Kartana|Beast Boost|boost\n|-boost|p2a: Kartana|atk|1\n|\n|upkeep\n|inactive|chiefsam has 90 seconds left.\n|\n|t:|1700251459\n|switch|p1a: Iron Valiant|Iron Valiant|100\/100\n|turn|9\n|\n|t:|1700251464\n|move|p2a: Kartana|Leaf Blade|p1a: Iron Valiant\n|-damage|p1a: Iron Valiant|0 fnt\n|faint|p1a: Iron Valiant\n|-end|p1a: Iron Valiant|Quark Drive|[silent]\n|-ability|p2a: Kartana|Beast Boost|boost\n|-boost|p2a: Kartana|atk|1\n|\n|upkeep\n|-message|chiefsam forfeited.\n|\n|win|maysonddd\n|raw|chiefsam's rating: 1288 &rarr; <strong>1254<\/strong><br \/>(-34 for losing)\n|raw|maysonddd's rating: 1162 &rarr; <strong>1196<\/strong><br \/>(+34 for winning)\n|l|\u2606chiefsam\n","uploadtime":1700251481,"views":6,"p1id":"chiefsam","p2id":"maysonddd","formatid":"gen9nationaldex","rating":1196,"private":0,"password":""}