{"id":"gen9nationaldex-1988000264","p1":"alpha4k","p2":"troubadour9","format":"[Gen 9] National Dex","log":"|j|\u2606alpha4k\n|j|\u2606troubadour9\n|t:|1699657676\n|gametype|singles\n|player|p1|alpha4k|oichi-conquest|\n|player|p2|troubadour9|sage|\n|teamsize|p1|6\n|teamsize|p2|6\n|gen|9\n|tier|[Gen 9] National Dex\n|rule|HP Percentage Mod: HP is shown in percentages\n|rule|Endless Battle Clause: Forcing endless battles is banned\n|rule|OHKO Clause: OHKO moves are banned\n|rule|Evasion Clause: Evasion abilities, items, and moves are banned\n|rule|Evasion Abilities Clause: Evasion abilities are banned\n|rule|Evasion Items Clause: Evasion items are banned\n|rule|Evasion Moves Clause: Evasion moves are banned\n|rule|Species Clause: Limit one of each Pok\u00e9mon\n|rule|Sleep Clause Mod: Limit one foe put to sleep\n|clearpoke\n|poke|p1|Ninetales, F|\n|poke|p1|Blissey, F|\n|poke|p1|Great Tusk|\n|poke|p1|Torterra, F|\n|poke|p1|Toxapex, F|\n|poke|p1|Absol, F|\n|poke|p2|Garchomp, M|\n|poke|p2|Hippowdon, F|\n|poke|p2|Ferrothorn, F|\n|poke|p2|Shuckle, F|\n|poke|p2|Arcanine-Hisui, F|\n|poke|p2|Thundurus-Therian, M|\n|teampreview\n|\n|t:|1699657703\n|start\n|switch|p1a: Ninetales|Ninetales, F, shiny|100\/100\n|switch|p2a: Pol Pot|Shuckle, F|100\/100\n|-weather|SunnyDay|[from] ability: Drought|[of] p1a: Ninetales\n|turn|1\n|j| kensei4k\n|j| Keykard\n|j| plague070\n|j| stepback wemby\n|j| homixide poopoo\n|l| plague070\n|\n|t:|1699657739\n|switch|p2a: Genghis Khan|Hippowdon, F|100\/100\n|-weather|Sandstorm|[from] ability: Sand Stream|[of] p2a: Genghis Khan\n|move|p1a: Ninetales|Toxic|p2a: Genghis Khan\n|-status|p2a: Genghis Khan|tox\n|\n|-weather|Sandstorm|[upkeep]\n|-damage|p1a: Ninetales|95\/100|[from] Sandstorm\n|-damage|p2a: Genghis Khan|94\/100 tox|[from] psn\n|upkeep\n|turn|2\n|\n|t:|1699657751\n|switch|p1a: Torterra|Torterra, F|100\/100\n|switch|p2a: Pol Pot|Shuckle, F|100\/100\n|\n|-weather|Sandstorm|[upkeep]\n|upkeep\n|turn|3\n|\n|t:|1699657761\n|move|p1a: Torterra|Trailblaze|p2a: Pol Pot\n|-damage|p2a: Pol Pot|86\/100\n|-boost|p1a: Torterra|spe|1\n|-enditem|p2a: Pol Pot|Red Card|[of] p1a: Torterra\n|drag|p1a: Blissey|Blissey, F|100\/100\n|move|p2a: Pol Pot|Sticky Web|p1a: Blissey\n|-sidestart|p1: alpha4k|move: Sticky Web\n|\n|-weather|Sandstorm|[upkeep]\n|-damage|p1a: Blissey|94\/100|[from] Sandstorm\n|-heal|p1a: Blissey|100\/100|[from] item: Leftovers\n|upkeep\n|turn|4\n|\n|t:|1699657772\n|switch|p2a: Joseph Stalin|Ferrothorn, F|100\/100\n|move|p1a: Blissey|Stealth Rock|p2a: Joseph Stalin\n|-sidestart|p2: troubadour9|move: Stealth Rock\n|\n|-weather|Sandstorm|[upkeep]\n|-damage|p1a: Blissey|94\/100|[from] Sandstorm\n|-heal|p1a: Blissey|100\/100|[from] item: Leftovers\n|upkeep\n|turn|5\n|\n|t:|1699657792\n|switch|p1a: great dutch|Great Tusk|100\/100\n|move|p2a: Joseph Stalin|Leech Seed|p1a: great dutch\n|-start|p1a: great dutch|move: Leech Seed\n|\n|-weather|none\n|-damage|p1a: great dutch|88\/100|[from] Leech Seed|[of] p2a: Joseph Stalin\n|upkeep\n|turn|6\n|\n|t:|1699657800\n|-terastallize|p2a: Joseph Stalin|Ghost\n|move|p1a: great dutch|Rapid Spin|p2a: Joseph Stalin\n|-immune|p2a: Joseph Stalin\n|move|p2a: Joseph Stalin|Power Whip|p1a: great dutch\n|-supereffective|p1a: great dutch\n|-damage|p1a: great dutch|42\/100\n|\n|-damage|p1a: great dutch|30\/100|[from] Leech Seed|[of] p2a: Joseph Stalin\n|upkeep\n|turn|7\n|c| stepback wemby|OHHH SHITTTT\n|\n|t:|1699657816\n|-end|p1a: great dutch|Protosynthesis|[silent]\n|switch|p1a: Absol|Absol, F, shiny|100\/100\n|-activate|p1a: Absol|move: Sticky Web\n|-unboost|p1a: Absol|spe|1\n|-ability|p1a: Absol|Pressure\n|move|p2a: Joseph Stalin|Gyro Ball|p1a: Absol\n|-damage|p1a: Absol|33\/100\n|\n|upkeep\n|turn|8\n|\n|t:|1699657833\n|detailschange|p1a: Absol|Absol-Mega, F, shiny\n|-mega|p1a: Absol|Absol|Absolite\n|move|p2a: Joseph Stalin|Protect|p2a: Joseph Stalin\n|-singleturn|p2a: Joseph Stalin|Protect\n|move|p1a: Absol|Knock Off|p2a: Joseph Stalin\n|-activate|p2a: Joseph Stalin|move: Protect\n|\n|upkeep\n|turn|9\n|\n|t:|1699657847\n|switch|p2a: Mao Ze Dong|Garchomp, M|100\/100\n|-damage|p2a: Mao Ze Dong|94\/100|[from] Stealth Rock\n|move|p1a: Absol|Knock Off|p2a: Mao Ze Dong\n|-damage|p2a: Mao Ze Dong|57\/100\n|-damage|p1a: Absol|20\/100|[from] ability: Rough Skin|[of] p2a: Mao Ze Dong\n|\n|upkeep\n|turn|10\n|\n|t:|1699657856\n|move|p2a: Mao Ze Dong|Scale Shot|p1a: Absol\n|-damage|p1a: Absol|0 fnt\n|faint|p1a: Absol\n|-hitcount|p1: Absol|1\n|-unboost|p2a: Mao Ze Dong|def|1\n|-boost|p2a: Mao Ze Dong|spe|1\n|\n|upkeep\n|c| Keykard|you cant rapid spin a ghost type alpha\n|\n|t:|1699657859\n|switch|p1a: great dutch|Great Tusk|30\/100\n|turn|11\n|\n|t:|1699657870\n|move|p2a: Mao Ze Dong|Earthquake|p1a: great dutch\n|-damage|p1a: great dutch|0 fnt\n|faint|p1a: great dutch\n|-end|p1a: great dutch|Protosynthesis|[silent]\n|\n|upkeep\n|\n|t:|1699657874\n|switch|p1a: Ninetales|Ninetales, F, shiny|95\/100\n|-activate|p1a: Ninetales|move: Sticky Web\n|-unboost|p1a: Ninetales|spe|1\n|-weather|SunnyDay|[from] ability: Drought|[of] p1a: Ninetales\n|turn|12\n|c| homixide poopoo|thanks kard\n|\n|t:|1699657883\n|switch|p1a: Blissey|Blissey, F|100\/100\n|-activate|p1a: Blissey|move: Sticky Web\n|-unboost|p1a: Blissey|spe|1\n|move|p2a: Mao Ze Dong|Earthquake|p1a: Blissey\n|-damage|p1a: Blissey|53\/100\n|\n|-weather|SunnyDay|[upkeep]\n|-heal|p1a: Blissey|59\/100|[from] item: Leftovers\n|upkeep\n|turn|13\n|\n|t:|1699657893\n|detailschange|p2a: Mao Ze Dong|Garchomp-Mega, M\n|-mega|p2a: Mao Ze Dong|Garchomp|Garchompite\n|move|p2a: Mao Ze Dong|Earthquake|p1a: Blissey\n|-damage|p1a: Blissey|4\/100\n|move|p1a: Blissey|Soft-Boiled|p1a: Blissey\n|-heal|p1a: Blissey|54\/100\n|\n|-weather|SunnyDay|[upkeep]\n|-heal|p1a: Blissey|60\/100|[from] item: Leftovers\n|upkeep\n|turn|14\n|\n|t:|1699657905\n|move|p2a: Mao Ze Dong|Earthquake|p1a: Blissey\n|-damage|p1a: Blissey|2\/100\n|move|p1a: Blissey|Soft-Boiled|p1a: Blissey\n|-heal|p1a: Blissey|52\/100\n|\n|-weather|SunnyDay|[upkeep]\n|-heal|p1a: Blissey|59\/100|[from] item: Leftovers\n|upkeep\n|turn|15\n|\n|t:|1699657921\n|switch|p1a: Torterra|Torterra, F|100\/100\n|-activate|p1a: Torterra|move: Sticky Web\n|-unboost|p1a: Torterra|spe|1\n|-enditem|p1a: Torterra|White Herb\n|-clearnegativeboost|p1a: Torterra|[silent]\n|move|p2a: Mao Ze Dong|Earthquake|p1a: Torterra\n|-resisted|p1a: Torterra\n|-damage|p1a: Torterra|74\/100\n|\n|-weather|SunnyDay|[upkeep]\n|upkeep\n|turn|16\n|\n|t:|1699657933\n|move|p2a: Mao Ze Dong|Fire Fang|p1a: Torterra\n|-supereffective|p1a: Torterra\n|-damage|p1a: Torterra|9\/100\n|move|p1a: Torterra|Shell Smash|p1a: Torterra\n|-unboost|p1a: Torterra|def|1\n|-unboost|p1a: Torterra|spd|1\n|-boost|p1a: Torterra|atk|2\n|-boost|p1a: Torterra|spa|2\n|-boost|p1a: Torterra|spe|2\n|\n|-weather|SunnyDay|[upkeep]\n|upkeep\n|turn|17\n|\n|t:|1699657950\n|move|p2a: Mao Ze Dong|Fire Fang|p1a: Torterra\n|-supereffective|p1a: Torterra\n|-damage|p1a: Torterra|0 fnt\n|faint|p1a: Torterra\n|\n|-weather|SunnyDay|[upkeep]\n|upkeep\n|\n|t:|1699657954\n|switch|p1a: The Pex|Toxapex, F|100\/100\n|-activate|p1a: The Pex|move: Sticky Web\n|-unboost|p1a: The Pex|spe|1\n|turn|18\n|\n|t:|1699657966\n|switch|p2a: Joseph Stalin|Ferrothorn, F, tera:Ghost|100\/100\n|-damage|p2a: Joseph Stalin|88\/100|[from] Stealth Rock\n|-terastallize|p1a: The Pex|Flying\n|move|p1a: The Pex|Haze|p1a: The Pex\n|-clearallboost\n|\n|-weather|SunnyDay|[upkeep]\n|-heal|p2a: Joseph Stalin|94\/100|[from] item: Leftovers\n|upkeep\n|turn|19\n|\n|t:|1699657978\n|move|p1a: The Pex|Toxic|p2a: Joseph Stalin\n|-status|p2a: Joseph Stalin|tox\n|move|p2a: Joseph Stalin|Leech Seed|p1a: The Pex\n|-start|p1a: The Pex|move: Leech Seed\n|\n|-weather|none\n|-heal|p2a: Joseph Stalin|100\/100 tox|[from] item: Leftovers\n|-damage|p1a: The Pex|88\/100|[from] Leech Seed|[of] p2a: Joseph Stalin\n|-damage|p2a: Joseph Stalin|94\/100 tox|[from] psn\n|upkeep\n|turn|20\n|c| stepback wemby|dude who is playing for blaine\n|\n|t:|1699657993\n|switch|p1a: Ninetales|Ninetales, F, shiny|95\/100\n|-activate|p1a: Ninetales|move: Sticky Web\n|-unboost|p1a: Ninetales|spe|1\n|-weather|SunnyDay|[from] ability: Drought|[of] p1a: Ninetales\n|switch|p2a: Genghis Khan|Hippowdon, F|94\/100 tox\n|-damage|p2a: Genghis Khan|88\/100 tox|[from] Stealth Rock\n|-weather|Sandstorm|[from] ability: Sand Stream|[of] p2a: Genghis Khan\n|\n|-weather|Sandstorm|[upkeep]\n|-damage|p1a: Ninetales|89\/100|[from] Sandstorm\n|-heal|p2a: Genghis Khan|94\/100 tox|[from] item: Leftovers\n|-damage|p2a: Genghis Khan|88\/100 tox|[from] psn\n|upkeep\n|turn|21\n|c| stepback wemby|dude\n|c|\u2606alpha4k|i swear this man called up the agency for this match\n|c| stepback wemby|who is playoing for blaine\n|c| stepback wemby|LOL\n|c| kensei4k|its trenko\n|c| kensei4k|he needs that 5 bad\n|c|\u2606troubadour9|had 2 lock in\n|c| stepback wemby|TRENKO IS ACTUALLY PLAYING FOR BLAINE\n|\n|t:|1699658026\n|switch|p1a: The Pex|Toxapex, F, tera:Flying|100\/100\n|move|p2a: Genghis Khan|Yawn|p1a: The Pex\n|-start|p1a: The Pex|move: Yawn|[of] p2a: Genghis Khan\n|\n|-weather|Sandstorm|[upkeep]\n|-damage|p1a: The Pex|94\/100|[from] Sandstorm\n|-heal|p2a: Genghis Khan|94\/100 tox|[from] item: Leftovers\n|-heal|p1a: The Pex|100\/100|[from] item: Leftovers\n|-damage|p2a: Genghis Khan|82\/100 tox|[from] psn\n|upkeep\n|turn|22\n|\n|t:|1699658039\n|move|p2a: Genghis Khan|Earthquake|p1a: The Pex\n|-immune|p1a: The Pex\n|move|p1a: The Pex|Scald|p2a: Genghis Khan\n|-supereffective|p2a: Genghis Khan\n|-damage|p2a: Genghis Khan|50\/100 tox\n|\n|-weather|Sandstorm|[upkeep]\n|-damage|p1a: The Pex|94\/100|[from] Sandstorm\n|-heal|p2a: Genghis Khan|56\/100 tox|[from] item: Leftovers\n|-heal|p1a: The Pex|100\/100|[from] item: Leftovers\n|-damage|p2a: Genghis Khan|38\/100 tox|[from] psn\n|-end|p1a: The Pex|move: Yawn|[silent]\n|-status|p1a: The Pex|slp\n|upkeep\n|turn|23\n|c| Keykard|nvm\n|\n|t:|1699658057\n|switch|p2a: Saddam Hussein|Arcanine-Hisui, F|100\/100\n|-damage|p2a: Saddam Hussein|76\/100|[from] Stealth Rock\n|switch|p1a: Blissey|Blissey, F|59\/100\n|-activate|p1a: Blissey|move: Sticky Web\n|-unboost|p1a: Blissey|spe|1\n|\n|-weather|Sandstorm|[upkeep]\n|-damage|p1a: Blissey|52\/100|[from] Sandstorm\n|-heal|p1a: Blissey|59\/100|[from] item: Leftovers\n|upkeep\n|turn|24\n|c|\u2606troubadour9|tried to read the swith\n|\n|t:|1699658067\n|move|p2a: Saddam Hussein|Head Smash|p1a: Blissey\n|-damage|p1a: Blissey|0 fnt\n|faint|p1a: Blissey\n|\n|-weather|none\n|upkeep\n|c|\u2606alpha4k|yeah im fucking clicking eq there too icl LMFAO\n|\n|t:|1699658078\n|switch|p1a: Ninetales|Ninetales, F, shiny|89\/100\n|-activate|p1a: Ninetales|move: Sticky Web\n|-unboost|p1a: Ninetales|spe|1\n|-weather|SunnyDay|[from] ability: Drought|[of] p1a: Ninetales\n|turn|25\n|\n|t:|1699658086\n|switch|p2a: Genghis Khan|Hippowdon, F|38\/100 tox\n|-damage|p2a: Genghis Khan|31\/100 tox|[from] Stealth Rock\n|-weather|Sandstorm|[from] ability: Sand Stream|[of] p2a: Genghis Khan\n|move|p1a: Ninetales|Solar Beam||[still]\n|-prepare|p1a: Ninetales|Solar Beam\n|\n|-weather|Sandstorm|[upkeep]\n|-damage|p1a: Ninetales|83\/100|[from] Sandstorm\n|-heal|p2a: Genghis Khan|38\/100 tox|[from] item: Leftovers\n|-damage|p2a: Genghis Khan|31\/100 tox|[from] psn\n|upkeep\n|turn|26\n|\n|t:|1699658102\n|move|p1a: Ninetales|Solar Beam|p2a: Genghis Khan|[from]lockedmove\n|-supereffective|p2a: Genghis Khan\n|-damage|p2a: Genghis Khan|0 fnt\n|faint|p2a: Genghis Khan\n|\n|-weather|Sandstorm|[upkeep]\n|-damage|p1a: Ninetales|77\/100|[from] Sandstorm\n|upkeep\n|\n|t:|1699658109\n|switch|p2a: Saddam Hussein|Arcanine-Hisui, F|76\/100\n|-damage|p2a: Saddam Hussein|51\/100|[from] Stealth Rock\n|turn|27\n|\n|t:|1699658126\n|move|p2a: Saddam Hussein|Head Smash|p1a: Ninetales\n|-supereffective|p1a: Ninetales\n|-damage|p1a: Ninetales|0 fnt\n|faint|p1a: Ninetales\n|\n|-weather|Sandstorm|[upkeep]\n|upkeep\n|\n|t:|1699658128\n|switch|p1a: The Pex|Toxapex, F, tera:Flying|100\/100 slp\n|turn|28\n|\n|t:|1699658133\n|move|p2a: Saddam Hussein|Head Smash|p1a: The Pex\n|-supereffective|p1a: The Pex\n|-damage|p1a: The Pex|20\/100 slp\n|cant|p1a: The Pex|slp\n|\n|-weather|Sandstorm|[upkeep]\n|-damage|p1a: The Pex|13\/100 slp|[from] Sandstorm\n|-heal|p1a: The Pex|20\/100 slp|[from] item: Leftovers\n|upkeep\n|turn|29\n|c|\u2606alpha4k|ggs\n|\n|t:|1699658141\n|move|p2a: Saddam Hussein|Wild Charge|p1a: The Pex\n|-supereffective|p1a: The Pex\n|-crit|p1a: The Pex\n|-damage|p1a: The Pex|0 fnt\n|faint|p1a: The Pex\n|\n|win|troubadour9\n","uploadtime":1699658145,"views":7,"p1id":"alpha4k","p2id":"troubadour9","formatid":"gen9nationaldex","rating":0,"private":0,"password":""}