{"id":"gen9nationaldex-1998506441","p1":"PhantomYakuza","p2":"D1770s","format":"[Gen 9] National Dex","log":"|html|<div class=\"broadcast-blue\"><strong>[Gen 9] National Dex is currently suspecting Sneasler! For information on how to participate check out the <a href=\"https:\/\/www.smogon.com\/forums\/threads\/sv-national-dex-suspect-8-just-dance.3731534\/\">suspect thread<\/a>.<\/strong><\/div>\n|j|\u2606PhantomYakuza\n|j|\u2606D1770s\n|t:|1700950076\n|gametype|singles\n|player|p1|PhantomYakuza|170|\n|player|p2|D1770s|170|\n|teamsize|p1|6\n|teamsize|p2|6\n|gen|9\n|tier|[Gen 9] National Dex\n|rule|HP Percentage Mod: HP is shown in percentages\n|rule|Endless Battle Clause: Forcing endless battles is banned\n|rule|OHKO Clause: OHKO moves are banned\n|rule|Evasion Clause: Evasion abilities, items, and moves are banned\n|rule|Evasion Abilities Clause: Evasion abilities are banned\n|rule|Evasion Items Clause: Evasion items are banned\n|rule|Evasion Moves Clause: Evasion moves are banned\n|rule|Species Clause: Limit one of each Pok\u00e9mon\n|rule|Sleep Clause Mod: Limit one foe put to sleep\n|clearpoke\n|poke|p1|Garchomp, M|\n|poke|p1|Iron Moth|\n|poke|p1|Gallade, M|\n|poke|p1|Overqwil, M|\n|poke|p1|Tapu Lele|\n|poke|p1|Shuckle, F|\n|poke|p2|Tyranitar, F|\n|poke|p2|Iron Valiant|\n|poke|p2|Gastrodon-East, F|\n|poke|p2|Houndstone, M|\n|poke|p2|Tapu Koko|\n|poke|p2|Skarmory, M|\n|teampreview\n|c|\u2606D1770s|Glhf\n|c|\u2606PhantomYakuza|Glhf!\n|c|\u2606PhantomYakuza|let\u2019s make it a great final match\n|j| Mesp\n|\n|t:|1700950100\n|start\n|switch|p1a: Yeah Shuckle!|Shuckle, F|100\/100\n|switch|p2a: One Bird|Skarmory, M|100\/100\n|turn|1\n|c|\u2606PhantomYakuza|Mesp if you would do the pinging honors\n|\n|t:|1700950118\n|move|p2a: One Bird|Stealth Rock|p1a: Yeah Shuckle!\n|-sidestart|p1: PhantomYakuza|move: Stealth Rock\n|move|p1a: Yeah Shuckle!|Sticky Web|p2a: One Bird\n|-sidestart|p2: D1770s|move: Sticky Web\n|\n|upkeep\n|turn|2\n|\n|t:|1700950135\n|move|p2a: One Bird|Toxic|p1a: Yeah Shuckle!\n|-status|p1a: Yeah Shuckle!|tox\n|move|p1a: Yeah Shuckle!|Knock Off|p2a: One Bird\n|-damage|p2a: One Bird|97\/100\n|-enditem|p2a: One Bird|Leftovers|[from] move: Knock Off|[of] p1a: Yeah Shuckle!\n|\n|-damage|p1a: Yeah Shuckle!|94\/100 tox|[from] psn\n|upkeep\n|turn|3\n|c|\u2606PhantomYakuza|Thanks\n|c|\u2606PhantomYakuza|I like pinging for all 3 personally\n|\n|t:|1700950191\n|move|p2a: One Bird|Brave Bird|p1a: Yeah Shuckle!\n|-crit|p1a: Yeah Shuckle!\n|-damage|p1a: Yeah Shuckle!|55\/100 tox\n|-damage|p2a: One Bird|89\/100|[from] Recoil\n|move|p1a: Yeah Shuckle!|Infestation|p2a: One Bird\n|-resisted|p2a: One Bird\n|-damage|p2a: One Bird|89\/100\n|-activate|p2a: One Bird|move: Infestation|[of] p1a: Yeah Shuckle!\n|\n|-damage|p1a: Yeah Shuckle!|43\/100 tox|[from] psn\n|-damage|p2a: One Bird|77\/100|[from] move: Infestation|[partiallytrapped]\n|upkeep\n|turn|4\n|c|\u2606PhantomYakuza|lets people know it goes to three rounds so they don\u2019t just watch replay 1 and assume it was only 2 fights\n|\n|t:|1700950214\n|move|p2a: One Bird|Roost|p2a: One Bird\n|-heal|p2a: One Bird|100\/100\n|-singleturn|p2a: One Bird|move: Roost\n|move|p1a: Yeah Shuckle!|Knock Off|p2a: One Bird\n|-damage|p2a: One Bird|98\/100\n|\n|-damage|p1a: Yeah Shuckle!|25\/100 tox|[from] psn\n|-damage|p2a: One Bird|86\/100|[from] move: Infestation|[partiallytrapped]\n|upkeep\n|turn|5\n|c|\u2606D1770s|That\u2019s just when people forget to replay lol\n|c|\u2606PhantomYakuza|Lol that too\n|c|\u2606PhantomYakuza|Did people catch the first two replays\n|c|\u2606PhantomYakuza|i forgot to lol\n|c|\u2606D1770s|Imdid\n|c|\u2606PhantomYakuza|Alright thanks\n|\n|t:|1700950249\n|move|p2a: One Bird|Brave Bird|p1a: Yeah Shuckle!\n|-damage|p1a: Yeah Shuckle!|0 fnt\n|faint|p1a: Yeah Shuckle!\n|-damage|p2a: One Bird|81\/100|[from] Recoil\n|\n|-end|p2a: One Bird|Infestation|[partiallytrapped]|[silent]\n|upkeep\n|\n|t:|1700950271\n|switch|p1a: Netherite Moth|Iron Moth|100\/100\n|-damage|p1a: Netherite Moth|76\/100|[from] Stealth Rock\n|turn|6\n|\n|t:|1700950295\n|switch|p2a: Many Stone|Tyranitar, F|100\/100\n|-activate|p2a: Many Stone|move: Sticky Web\n|-unboost|p2a: Many Stone|spe|1\n|-weather|Sandstorm|[from] ability: Sand Stream|[of] p2a: Many Stone\n|move|p1a: Netherite Moth|Fiery Dance|p2a: Many Stone\n|-resisted|p2a: Many Stone\n|-damage|p2a: Many Stone|89\/100\n|-boost|p1a: Netherite Moth|spa|1\n|\n|-weather|Sandstorm|[upkeep]\n|-damage|p1a: Netherite Moth|70\/100|[from] Sandstorm\n|upkeep\n|turn|7\n|\n|t:|1700950342\n|-end|p1a: Netherite Moth|Quark Drive|[silent]\n|switch|p1a: Is this shiny?|Garchomp, M|100\/100\n|-damage|p1a: Is this shiny?|94\/100|[from] Stealth Rock\n|move|p2a: Many Stone|Earthquake|p1a: Is this shiny?\n|-damage|p1a: Is this shiny?|54\/100\n|\n|-weather|Sandstorm|[upkeep]\n|upkeep\n|turn|8\n|\n|t:|1700950412\n|switch|p2a: One Bird|Skarmory, M|81\/100\n|move|p1a: Is this shiny?|Scale Shot|p2a: One Bird\n|-resisted|p2a: One Bird\n|-damage|p2a: One Bird|74\/100\n|-resisted|p2a: One Bird\n|-damage|p2a: One Bird|68\/100\n|-resisted|p2a: One Bird\n|-damage|p2a: One Bird|61\/100\n|-hitcount|p2a: One Bird|3\n|-unboost|p1a: Is this shiny?|def|1\n|-boost|p1a: Is this shiny?|spe|1\n|-damage|p1a: Is this shiny?|44\/100|[from] item: Life Orb\n|\n|-weather|Sandstorm|[upkeep]\n|upkeep\n|turn|9\n|\n|t:|1700950433\n|move|p1a: Is this shiny?|Flamethrower|p2a: One Bird\n|-supereffective|p2a: One Bird\n|-damage|p2a: One Bird|19\/100\n|-damage|p1a: Is this shiny?|35\/100|[from] item: Life Orb\n|move|p2a: One Bird|Roost|p2a: One Bird\n|-heal|p2a: One Bird|69\/100\n|-singleturn|p2a: One Bird|move: Roost\n|\n|-weather|Sandstorm|[upkeep]\n|upkeep\n|turn|10\n|\n|t:|1700950511\n|switch|p1a: Tapu Hehe|Tapu Lele|100\/100\n|-damage|p1a: Tapu Hehe|88\/100|[from] Stealth Rock\n|-fieldstart|move: Psychic Terrain|[from] ability: Psychic Surge|[of] p1a: Tapu Hehe\n|move|p2a: One Bird|Roost|p2a: One Bird\n|-heal|p2a: One Bird|100\/100\n|-singleturn|p2a: One Bird|move: Roost\n|\n|-weather|Sandstorm|[upkeep]\n|-damage|p1a: Tapu Hehe|82\/100|[from] Sandstorm\n|upkeep\n|turn|11\n|\n|t:|1700950573\n|switch|p2a: Two Bird|Tapu Koko|100\/100\n|-activate|p2a: Two Bird|move: Sticky Web\n|-unboost|p2a: Two Bird|spe|1\n|-fieldstart|move: Electric Terrain|[from] ability: Electric Surge|[of] p2a: Two Bird\n|move|p1a: Tapu Hehe|Thunderbolt|p2a: Two Bird\n|-resisted|p2a: Two Bird\n|-damage|p2a: Two Bird|73\/100\n|\n|-weather|Sandstorm|[upkeep]\n|-damage|p1a: Tapu Hehe|76\/100|[from] Sandstorm\n|-damage|p2a: Two Bird|67\/100|[from] Sandstorm\n|upkeep\n|turn|12\n|\n|t:|1700950592\n|switch|p1a: Is this shiny?|Garchomp, M|35\/100\n|-damage|p1a: Is this shiny?|29\/100|[from] Stealth Rock\n|move|p2a: Two Bird|Light Screen|p2a: Two Bird\n|-sidestart|p2: D1770s|move: Light Screen\n|\n|-weather|Sandstorm|[upkeep]\n|-damage|p2a: Two Bird|61\/100|[from] Sandstorm\n|upkeep\n|turn|13\n|\n|t:|1700950608\n|move|p2a: Two Bird|Protect|p2a: Two Bird\n|-singleturn|p2a: Two Bird|Protect\n|move|p1a: Is this shiny?|Earthquake|p2a: Two Bird\n|-activate|p2a: Two Bird|move: Protect\n|\n|-weather|none\n|upkeep\n|turn|14\n|\n|t:|1700950630\n|switch|p1a: Tapu Hehe|Tapu Lele|76\/100\n|-damage|p1a: Tapu Hehe|63\/100|[from] Stealth Rock\n|-fieldstart|move: Psychic Terrain|[from] ability: Psychic Surge|[of] p1a: Tapu Hehe\n|switch|p2a: One Bird|Skarmory, M|100\/100\n|\n|upkeep\n|turn|15\n|\n|t:|1700950696\n|move|p1a: Tapu Hehe|Thunderbolt|p2a: One Bird\n|-supereffective|p2a: One Bird\n|-damage|p2a: One Bird|69\/100\n|move|p2a: One Bird|Toxic|p1a: Tapu Hehe\n|-status|p1a: Tapu Hehe|tox\n|\n|-damage|p1a: Tapu Hehe|57\/100 tox|[from] psn\n|upkeep\n|turn|16\n|\n|t:|1700950775\n|switch|p1a: Scarlet Overqwil|Overqwil, M, shiny|100\/100\n|-damage|p1a: Scarlet Overqwil|88\/100|[from] Stealth Rock\n|move|p2a: One Bird|Roost|p2a: One Bird\n|-heal|p2a: One Bird|100\/100\n|-singleturn|p2a: One Bird|move: Roost\n|\n|upkeep\n|turn|17\n|j| ocho1111\n|c| ocho1111|wusg\n|\n|t:|1700950823\n|move|p1a: Scarlet Overqwil|Toxic Spikes|p2a: One Bird\n|-sidestart|p2: D1770s|move: Toxic Spikes\n|move|p2a: One Bird|Brave Bird|p1a: Scarlet Overqwil\n|-damage|p1a: Scarlet Overqwil|27\/100\n|-damage|p2a: One Bird|84\/100|[from] Recoil\n|\n|upkeep\n|turn|18\n|c| ocho1111|fastest ghostly and risa battle\n|\n|t:|1700950850\n|move|p1a: Scarlet Overqwil|Toxic Spikes|p2a: One Bird\n|-sidestart|p2: D1770s|move: Toxic Spikes\n|move|p2a: One Bird|Brave Bird|p1a: Scarlet Overqwil\n|-damage|p1a: Scarlet Overqwil|0 fnt\n|faint|p1a: Scarlet Overqwil\n|-damage|p2a: One Bird|77\/100|[from] Recoil\n|\n|-fieldend|move: Psychic Terrain\n|upkeep\n|\n|t:|1700950878\n|switch|p1a: Is this shiny?|Garchomp, M|29\/100\n|-damage|p1a: Is this shiny?|22\/100|[from] Stealth Rock\n|turn|19\n|\n|t:|1700950928\n|move|p1a: Is this shiny?|Scale Shot|p2a: One Bird\n|-resisted|p2a: One Bird\n|-damage|p2a: One Bird|70\/100\n|-resisted|p2a: One Bird\n|-damage|p2a: One Bird|64\/100\n|-resisted|p2a: One Bird\n|-damage|p2a: One Bird|58\/100\n|-resisted|p2a: One Bird\n|-damage|p2a: One Bird|51\/100\n|-hitcount|p2a: One Bird|4\n|-unboost|p1a: Is this shiny?|def|1\n|-boost|p1a: Is this shiny?|spe|1\n|-damage|p1a: Is this shiny?|13\/100|[from] item: Life Orb\n|move|p2a: One Bird|Brave Bird|p1a: Is this shiny?\n|-damage|p1a: Is this shiny?|0 fnt\n|-damage|p2a: One Bird|39\/100|[from] ability: Rough Skin|[of] p1a: Is this shiny?\n|faint|p1a: Is this shiny?\n|-damage|p2a: One Bird|35\/100|[from] Recoil\n|\n|-sideend|p2: D1770s|move: Light Screen\n|upkeep\n|\n|t:|1700950948\n|switch|p1a: Netherite Moth|Iron Moth|70\/100\n|-damage|p1a: Netherite Moth|45\/100|[from] Stealth Rock\n|turn|20\n|\n|t:|1700950970\n|switch|p2a: Many Stone|Tyranitar, F|89\/100\n|-activate|p2a: Many Stone|move: Sticky Web\n|-unboost|p2a: Many Stone|spe|1\n|-status|p2a: Many Stone|tox\n|-weather|Sandstorm|[from] ability: Sand Stream|[of] p2a: Many Stone\n|move|p1a: Netherite Moth|U-turn|p2a: Many Stone\n|-supereffective|p2a: Many Stone\n|-damage|p2a: Many Stone|71\/100 tox\n|\n|t:|1700950981\n|-end|p1a: Netherite Moth|Quark Drive|[silent]\n|switch|p1a: Megan\u2019s Meat|Gallade, M|100\/100|[from] U-turn\n|-damage|p1a: Megan\u2019s Meat|94\/100|[from] Stealth Rock\n|\n|-weather|Sandstorm|[upkeep]\n|-damage|p1a: Megan\u2019s Meat|88\/100|[from] Sandstorm\n|-damage|p2a: Many Stone|65\/100 tox|[from] psn\n|upkeep\n|turn|21\n|l| ocho1111\n|\n|t:|1700951074\n|detailschange|p1a: Megan\u2019s Meat|Gallade-Mega, M\n|-mega|p1a: Megan\u2019s Meat|Gallade|Galladite\n|move|p2a: Many Stone|Protect|p2a: Many Stone\n|-singleturn|p2a: Many Stone|Protect\n|move|p1a: Megan\u2019s Meat|Leaf Blade|p2a: Many Stone\n|-activate|p2a: Many Stone|move: Protect\n|\n|-weather|Sandstorm|[upkeep]\n|-damage|p1a: Megan\u2019s Meat|82\/100|[from] Sandstorm\n|-damage|p2a: Many Stone|53\/100 tox|[from] psn\n|upkeep\n|turn|22\n|j| crobatoh\n|c| crobatoh|I MADE IT\n|j| delicousfalcon\n|\n|t:|1700951120\n|move|p1a: Megan\u2019s Meat|Close Combat|p2a: Many Stone\n|-supereffective|p2a: Many Stone\n|-crit|p2a: Many Stone\n|-damage|p2a: Many Stone|0 fnt\n|-unboost|p1a: Megan\u2019s Meat|def|1\n|-unboost|p1a: Megan\u2019s Meat|spd|1\n|faint|p2a: Many Stone\n|\n|-weather|Sandstorm|[upkeep]\n|-damage|p1a: Megan\u2019s Meat|76\/100|[from] Sandstorm\n|upkeep\n|j| ocho1111\n|\n|t:|1700951185\n|switch|p2a: Gastrodon-Ascend|Gastrodon-East, F|100\/100\n|-activate|p2a: Gastrodon-Ascend|move: Sticky Web\n|-unboost|p2a: Gastrodon-Ascend|spe|1\n|-status|p2a: Gastrodon-Ascend|tox\n|turn|23\n|\n|t:|1700951199\n|-terastallize|p2a: Gastrodon-Ascend|Flying\n|move|p1a: Megan\u2019s Meat|Leaf Blade|p2a: Gastrodon-Ascend\n|-resisted|p2a: Gastrodon-Ascend\n|-damage|p2a: Gastrodon-Ascend|81\/100 tox\n|move|p2a: Gastrodon-Ascend|Earth Power|p1a: Megan\u2019s Meat\n|-crit|p1a: Megan\u2019s Meat\n|-damage|p1a: Megan\u2019s Meat|0 fnt\n|faint|p1a: Megan\u2019s Meat\n|\n|-weather|Sandstorm|[upkeep]\n|-heal|p2a: Gastrodon-Ascend|87\/100 tox|[from] item: Leftovers\n|-damage|p2a: Gastrodon-Ascend|81\/100 tox|[from] psn\n|upkeep\n|c|\u2606PhantomYakuza|Crit mattered? Idk\n|c|\u2606PhantomYakuza|gallade has a lot of sp def\n|c| Mesp|but it was lowered\n|c| Mesp|and earth power'ss till stab\n|\n|t:|1700951235\n|switch|p1a: Tapu Hehe|Tapu Lele|57\/100 tox\n|-damage|p1a: Tapu Hehe|45\/100 tox|[from] Stealth Rock\n|-fieldstart|move: Psychic Terrain|[from] ability: Psychic Surge|[of] p1a: Tapu Hehe\n|turn|24\n|l| crobatoh\n|c|\u2606PhantomYakuza|True\n|j| crobatoh\n|\n|t:|1700951255\n|move|p2a: Gastrodon-Ascend|Protect|p2a: Gastrodon-Ascend\n|-singleturn|p2a: Gastrodon-Ascend|Protect\n|move|p1a: Tapu Hehe|Thunderbolt|p2a: Gastrodon-Ascend\n|-activate|p2a: Gastrodon-Ascend|move: Protect\n|\n|-weather|Sandstorm|[upkeep]\n|-damage|p1a: Tapu Hehe|39\/100 tox|[from] Sandstorm\n|-heal|p2a: Gastrodon-Ascend|87\/100 tox|[from] item: Leftovers\n|-damage|p1a: Tapu Hehe|33\/100 tox|[from] psn\n|-damage|p2a: Gastrodon-Ascend|75\/100 tox|[from] psn\n|upkeep\n|turn|25\n|\n|t:|1700951275\n|switch|p2a: Two Bird|Tapu Koko|61\/100\n|-activate|p2a: Two Bird|move: Sticky Web\n|-unboost|p2a: Two Bird|spe|1\n|-status|p2a: Two Bird|tox\n|-fieldstart|move: Electric Terrain|[from] ability: Electric Surge|[of] p2a: Two Bird\n|move|p1a: Tapu Hehe|Thunderbolt|p2a: Two Bird\n|-resisted|p2a: Two Bird\n|-damage|p2a: Two Bird|33\/100 tox\n|\n|-weather|Sandstorm|[upkeep]\n|-damage|p1a: Tapu Hehe|27\/100 tox|[from] Sandstorm\n|-damage|p2a: Two Bird|27\/100 tox|[from] Sandstorm\n|-damage|p1a: Tapu Hehe|15\/100 tox|[from] psn\n|-damage|p2a: Two Bird|21\/100 tox|[from] psn\n|upkeep\n|turn|26\n|\n|t:|1700951292\n|switch|p1a: Netherite Moth|Iron Moth|45\/100\n|-damage|p1a: Netherite Moth|20\/100|[from] Stealth Rock\n|-activate|p1a: Netherite Moth|ability: Quark Drive\n|-start|p1a: Netherite Moth|quarkdrivespa\n|move|p2a: Two Bird|Light Screen|p2a: Two Bird\n|-sidestart|p2: D1770s|move: Light Screen\n|\n|-weather|Sandstorm|[upkeep]\n|-damage|p1a: Netherite Moth|14\/100|[from] Sandstorm\n|-damage|p2a: Two Bird|15\/100 tox|[from] Sandstorm\n|-damage|p2a: Two Bird|3\/100 tox|[from] psn\n|upkeep\n|turn|27\n|\n|t:|1700951311\n|move|p1a: Netherite Moth|Fiery Dance|p2a: Two Bird\n|-damage|p2a: Two Bird|0 fnt\n|faint|p2a: Two Bird\n|\n|-weather|none\n|upkeep\n|c|\u2606PhantomYakuza|Danggggg rng\n|c|\u2606PhantomYakuza|lost the coin toss\n|c|\u2606PhantomYakuza|Alas\n|c|\u2606D1770s|For the boost\u2026?\n|c|\u2606D1770s|im not sure what else was RNG lol\n|\n|t:|1700951378\n|switch|p2a: One Stone|Houndstone, M|100\/100\n|-activate|p2a: One Stone|move: Sticky Web\n|-unboost|p2a: One Stone|spe|1\n|-status|p2a: One Stone|tox\n|turn|28\n|c|\u2606PhantomYakuza|Yes for the boost lol\n|l| delicousfalcon\n|c|\u2606PhantomYakuza|to my eyes it may have made the difference\n|c|\u2606PhantomYakuza|not sure\n|\n|t:|1700951408\n|-terastallize|p1a: Netherite Moth|Grass\n|move|p1a: Netherite Moth|Fiery Dance|p2a: One Stone\n|-damage|p2a: One Stone|65\/100 tox\n|move|p2a: One Stone|Destiny Bond|p2a: One Stone\n|-singlemove|p2a: One Stone|Destiny Bond\n|\n|-damage|p2a: One Stone|58\/100 tox|[from] psn\n|upkeep\n|turn|29\n|c|\u2606PhantomYakuza|Lol be honest did you add destiny bond after game one\n|c|\u2606D1770s|Nah, it\u2019s always had it\n|c|\u2606PhantomYakuza|Oh neat\n|c|\u2606D1770s|i just didn\u2019t use it the first one bc scary stuff\n|c|\u2606PhantomYakuza|same brains\n|\n|t:|1700951467\n|move|p1a: Netherite Moth|Fiery Dance|p2a: One Stone\n|-damage|p2a: One Stone|27\/100 tox\n|move|p2a: One Stone|Stomping Tantrum|p1a: Netherite Moth\n|-resisted|p1a: Netherite Moth\n|-damage|p1a: Netherite Moth|0 fnt\n|faint|p1a: Netherite Moth\n|-end|p1a: Netherite Moth|Quark Drive|[silent]\n|-damage|p2a: One Stone|17\/100 tox|[from] item: Life Orb\n|\n|-damage|p2a: One Stone|4\/100 tox|[from] psn\n|-fieldend|move: Electric Terrain\n|upkeep\n|\n|t:|1700951479\n|switch|p1a: Tapu Hehe|Tapu Lele|15\/100 tox\n|-damage|p1a: Tapu Hehe|2\/100 tox|[from] Stealth Rock\n|-fieldstart|move: Psychic Terrain|[from] ability: Psychic Surge|[of] p1a: Tapu Hehe\n|turn|30\n|c|\u2606PhantomYakuza|Gg! I\u2019m excited for you v mesp\n|\n|t:|1700951494\n|move|p1a: Tapu Hehe|Psychic|p2a: One Stone\n|-damage|p2a: One Stone|0 fnt\n|faint|p2a: One Stone\n|\n|-damage|p1a: Tapu Hehe|0 fnt|[from] psn\n|faint|p1a: Tapu Hehe\n|\n|win|D1770s\n|upkeep\n|c|\u2606D1770s|Gg!\n|c|\u2606PhantomYakuza|Clash of titans\n|c| crobatoh|gg\n|c|\u2606D1770s|mesp is stoked to play me again\n|c| Mesp|(sweating internally)\n|c|\u2606PhantomYakuza|When did y\u2019all last play?\n|l| ocho1111\n|c| Mesp|would also have loved to play you as well tho ghostly\n|c|\u2606PhantomYakuza|Like officially\n|c|\u2606D1770s|season 5\n|c| Mesp|S5 yoffs\n|c|\u2606PhantomYakuza|wow\n|c|\u2606D1770s|yeh\n|c|\u2606PhantomYakuza|wwre y\u2019all even together then?\n|c|\u2606D1770s|Nope\n|c| Mesp|nope\n|c|\u2606PhantomYakuza|and yeah I would\u2019ve loved to play you too Mesp but now it\u2019s all on Risa to take you down\n|c| Mesp|we've been together since nov 2022, and actually being in the same city since sept\n|c|\u2606PhantomYakuza|Gg genuinely the most fun playoff matches I\u2019ve ever played lol\n|c|\u2606PhantomYakuza|Love that for you\n|c|\u2606PhantomYakuza|Past 1 year yet?\n|c| Mesp|yeh\n|c|\u2606PhantomYakuza|W\n|l| Mesp\n|c|\u2606D1770s|last weekend\n","uploadtime":1700951530,"views":24,"p1id":"phantomyakuza","p2id":"d1770s","formatid":"gen9nationaldex","rating":0,"private":0,"password":""}