{"id":"gen9nationaldex-1994376812","p1":"potatotime486","p2":"kmrandy","format":"[Gen 9] National Dex","log":"|j|\u2606potatotime486\n|j|\u2606kmrandy\n|t:|1700436911\n|gametype|singles\n|player|p1|potatotime486|harlequin|1077\n|player|p2|kmrandy|hilbert|1077\n|teamsize|p1|6\n|teamsize|p2|6\n|gen|9\n|tier|[Gen 9] National Dex\n|rated|\n|rule|HP Percentage Mod: HP is shown in percentages\n|rule|Endless Battle Clause: Forcing endless battles is banned\n|rule|OHKO Clause: OHKO moves are banned\n|rule|Evasion Clause: Evasion abilities, items, and moves are banned\n|rule|Evasion Abilities Clause: Evasion abilities are banned\n|rule|Evasion Items Clause: Evasion items are banned\n|rule|Evasion Moves Clause: Evasion moves are banned\n|rule|Species Clause: Limit one of each Pok\u00e9mon\n|rule|Sleep Clause Mod: Limit one foe put to sleep\n|clearpoke\n|poke|p1|Dipplin, F|\n|poke|p1|Volcarona, F|\n|poke|p1|Fezandipiti, M|\n|poke|p1|Ogerpon-Cornerstone, F|\n|poke|p1|Garchomp, M|\n|poke|p1|Urshifu-*, M|\n|poke|p2|Obstagoon, M|\n|poke|p2|Skeledirge, M|\n|poke|p2|Latios, M|\n|poke|p2|Galvantula, M|\n|poke|p2|Iron Valiant|\n|poke|p2|Klefki, M|\n|teampreview\n|c|\u2606kmrandy|hello\n|c|\u2606kmrandy|glhf\n|c|\u2606potatotime486|hello\n|\n|t:|1700436918\n|start\n|switch|p1a: Fezandipiti|Fezandipiti, M|100\/100\n|switch|p2a: Greg|Galvantula, M|100\/100\n|turn|1\n|c|\u2606kmrandy|hi!\n|c|\u2606potatotime486|thats a team ive never seen before\n|\n|t:|1700436929\n|move|p2a: Greg|Sticky Web|p1a: Fezandipiti\n|-sidestart|p1: potatotime486|move: Sticky Web\n|move|p1a: Fezandipiti|Tailwind|p1a: Fezandipiti\n|-sidestart|p1: potatotime486|move: Tailwind\n|\n|upkeep\n|turn|2\n|c|\u2606kmrandy|This is my main team for almost everything\n|c|\u2606potatotime486|oh\n|c|\u2606kmrandy|im testing out iron valent\n|c|\u2606potatotime486|well its very interesting with all the tryhard out here\n|\n|t:|1700436955\n|move|p1a: Fezandipiti|Acrobatics|p2a: Greg\n|-damage|p2a: Greg|35\/100\n|move|p2a: Greg|Bug Buzz|p1a: Fezandipiti\n|-resisted|p1a: Fezandipiti\n|-damage|p1a: Fezandipiti|91\/100\n|\n|upkeep\n|turn|3\n|\n|t:|1700436963\n|move|p1a: Fezandipiti|Acrobatics|p2a: Greg\n|-damage|p2a: Greg|0 fnt\n|faint|p2a: Greg\n|\n|upkeep\n|\n|t:|1700436967\n|switch|p2a: Kingdom Key|Klefki, M, shiny|100\/100\n|turn|4\n|c|\u2606potatotime486|i mean it is good that your using things no one else uses, could prove that they are good\n|c|\u2606kmrandy|yeah i keep running into the same pokemon that people use but i only use my favorite that got me through the games\n|\n|t:|1700437004\n|move|p2a: Kingdom Key|Light Screen|p2a: Kingdom Key\n|-sidestart|p2: kmrandy|move: Light Screen\n|move|p1a: Fezandipiti|Acrobatics|p2a: Kingdom Key\n|-resisted|p2a: Kingdom Key\n|-damage|p2a: Kingdom Key|87\/100\n|\n|-sideend|p1: potatotime486|move: Tailwind\n|upkeep\n|turn|5\n|\n|t:|1700437013\n|move|p2a: Kingdom Key|Reflect|p2a: Kingdom Key\n|-sidestart|p2: kmrandy|Reflect\n|move|p1a: Fezandipiti|Tailwind|p1a: Fezandipiti\n|-sidestart|p1: potatotime486|move: Tailwind\n|\n|upkeep\n|turn|6\n|c|\u2606kmrandy|mainly obstagoon and Skelederge\n|\n|t:|1700437028\n|switch|p1a: Garchomp|Garchomp, M|100\/100\n|-activate|p1a: Garchomp|move: Sticky Web\n|-unboost|p1a: Garchomp|spe|1\n|move|p2a: Kingdom Key|Spikes|p1a: Garchomp\n|-sidestart|p1: potatotime486|Spikes\n|\n|upkeep\n|turn|7\n|\n|t:|1700437037\n|detailschange|p1a: Garchomp|Garchomp-Mega, M\n|-mega|p1a: Garchomp|Garchomp|Garchompite\n|move|p2a: Kingdom Key|Spikes|p1a: Garchomp\n|-sidestart|p1: potatotime486|Spikes\n|move|p1a: Garchomp|Earthquake|p2a: Kingdom Key\n|-supereffective|p2a: Kingdom Key\n|-damage|p2a: Kingdom Key|36\/100\n|\n|upkeep\n|turn|8\n|\n|t:|1700437044\n|move|p2a: Kingdom Key|Spikes|p1a: Garchomp\n|-sidestart|p1: potatotime486|Spikes\n|move|p1a: Garchomp|Earthquake|p2a: Kingdom Key\n|-supereffective|p2a: Kingdom Key\n|-damage|p2a: Kingdom Key|0 fnt\n|faint|p2a: Kingdom Key\n|\n|-sideend|p1: potatotime486|move: Tailwind\n|upkeep\n|\n|t:|1700437051\n|switch|p2a: Iron swords|Iron Valiant|100\/100\n|-enditem|p2a: Iron swords|Booster Energy\n|-activate|p2a: Iron swords|ability: Quark Drive|[fromitem]\n|-start|p2a: Iron swords|quarkdrivespe\n|turn|9\n|\n|t:|1700437063\n|switch|p1a: Fezandipiti|Fezandipiti, M|91\/100\n|-activate|p1a: Fezandipiti|move: Sticky Web\n|-unboost|p1a: Fezandipiti|spe|1\n|-damage|p1a: Fezandipiti|66\/100|[from] Spikes\n|move|p2a: Iron swords|Moonblast|p1a: Fezandipiti\n|-resisted|p1a: Fezandipiti\n|-damage|p1a: Fezandipiti|46\/100\n|\n|upkeep\n|turn|10\n|c|\u2606kmrandy|and latios too\n|\n|t:|1700437075\n|move|p2a: Iron swords|Knock Off|p1a: Fezandipiti\n|-resisted|p1a: Fezandipiti\n|-damage|p1a: Fezandipiti|32\/100\n|move|p1a: Fezandipiti|Tailwind|p1a: Fezandipiti\n|-sidestart|p1: potatotime486|move: Tailwind\n|\n|upkeep\n|turn|11\n|\n|t:|1700437080\n|move|p2a: Iron swords|Encore|p1a: Fezandipiti\n|-start|p1a: Fezandipiti|Encore\n|move|p1a: Fezandipiti|Tailwind||[still]\n|-fail|p1a: Fezandipiti\n|\n|-sideend|p2: kmrandy|move: Light Screen\n|upkeep\n|turn|12\n|\n|t:|1700437088\n|move|p2a: Iron swords|Moonblast|p1a: Fezandipiti\n|-resisted|p1a: Fezandipiti\n|-damage|p1a: Fezandipiti|15\/100\n|move|p1a: Fezandipiti|Tailwind||[still]\n|-fail|p1a: Fezandipiti\n|\n|-sideend|p2: kmrandy|Reflect\n|upkeep\n|turn|13\n|c|\u2606potatotime486|ah crap\n|\n|t:|1700437096\n|move|p2a: Iron swords|Moonblast|p1a: Fezandipiti\n|-resisted|p1a: Fezandipiti\n|-damage|p1a: Fezandipiti|0 fnt\n|faint|p1a: Fezandipiti\n|\n|-sideend|p1: potatotime486|move: Tailwind\n|upkeep\n|c|\u2606kmrandy|im starting to see why people like this thing\n|\n|t:|1700437121\n|switch|p1a: dippy|Dipplin, F, shiny|100\/100\n|-activate|p1a: dippy|move: Sticky Web\n|-unboost|p1a: dippy|spe|1\n|-damage|p1a: dippy|76\/100|[from] Spikes\n|-ability|p1a: dippy|Supersweet Syrup\n|-ability|p1a: dippy|Supersweet Syrup|boost\n|-unboost|p2a: Iron swords|evasion|1\n|turn|14\n|\n|t:|1700437141\n|-terastallize|p1a: dippy|Water\n|move|p2a: Iron swords|Moonblast|p1a: dippy\n|-damage|p1a: dippy|33\/100\n|move|p1a: dippy|Tera Blast|p2a: Iron swords|[anim] Tera Blast Water\n|-damage|p2a: Iron swords|38\/100\n|\n|-heal|p1a: dippy|39\/100|[from] item: Leftovers\n|upkeep\n|turn|15\n|\n|t:|1700437149\n|move|p2a: Iron swords|Moonblast|p1a: dippy\n|-damage|p1a: dippy|0 fnt\n|faint|p1a: dippy\n|\n|upkeep\n|\n|t:|1700437156\n|switch|p1a: Ogerpon|Ogerpon-Cornerstone, F|100\/100\n|-activate|p1a: Ogerpon|move: Sticky Web\n|-unboost|p1a: Ogerpon|spe|1\n|-damage|p1a: Ogerpon|76\/100|[from] Spikes\n|turn|16\n|\n|t:|1700437165\n|move|p2a: Iron swords|Close Combat|p1a: Ogerpon\n|-supereffective|p1a: Ogerpon\n|-damage|p1a: Ogerpon|0 fnt\n|-unboost|p2a: Iron swords|def|1\n|-unboost|p2a: Iron swords|spd|1\n|faint|p1a: Ogerpon\n|\n|upkeep\n|\n|t:|1700437174\n|switch|p1a: Urshifu|Urshifu-Rapid-Strike, M|100\/100\n|-activate|p1a: Urshifu|move: Sticky Web\n|-unboost|p1a: Urshifu|spe|1\n|-damage|p1a: Urshifu|76\/100|[from] Spikes\n|turn|17\n|\n|t:|1700437182\n|move|p2a: Iron swords|Moonblast|p1a: Urshifu\n|-supereffective|p1a: Urshifu\n|-damage|p1a: Urshifu|0 fnt\n|faint|p1a: Urshifu\n|\n|upkeep\n|\n|t:|1700437189\n|switch|p1a: Volcarona|Volcarona, F|100\/100\n|-activate|p1a: Volcarona|move: Sticky Web\n|-unboost|p1a: Volcarona|spe|1\n|-damage|p1a: Volcarona|76\/100|[from] Spikes\n|turn|18\n|c|\u2606kmrandy|this thing is too easy to use\n|\n|t:|1700437207\n|move|p2a: Iron swords|Moonblast|p1a: Volcarona\n|-resisted|p1a: Volcarona\n|-damage|p1a: Volcarona|65\/100\n|move|p1a: Volcarona|Bug Buzz|p2a: Iron swords\n|-resisted|p2a: Iron swords\n|-damage|p2a: Iron swords|7\/100\n|\n|upkeep\n|turn|19\n|c|\u2606kmrandy|im gonna remove it from my team after this match\n|\n|t:|1700437236\n|move|p2a: Iron swords|Close Combat|p1a: Volcarona\n|-resisted|p1a: Volcarona\n|-damage|p1a: Volcarona|25\/100\n|-unboost|p2a: Iron swords|def|1\n|-unboost|p2a: Iron swords|spd|1\n|move|p1a: Volcarona|Bug Buzz|p2a: Iron swords\n|-resisted|p2a: Iron swords\n|-damage|p2a: Iron swords|0 fnt\n|faint|p2a: Iron swords\n|-end|p2a: Iron swords|Quark Drive|[silent]\n|\n|upkeep\n|\n|t:|1700437244\n|switch|p2a: Zang|Obstagoon, M|100\/100\n|turn|20\n|\n|t:|1700437250\n|move|p2a: Zang|Obstruct|p2a: Zang\n|-singleturn|p2a: Zang|Protect\n|move|p1a: Volcarona|Bug Buzz|p2a: Zang\n|-activate|p2a: Zang|move: Protect\n|\n|-status|p2a: Zang|brn|[from] item: Flame Orb\n|upkeep\n|turn|21\n|\n|t:|1700437261\n|move|p2a: Zang|Facade|p1a: Volcarona\n|-damage|p1a: Volcarona|0 fnt\n|faint|p1a: Volcarona\n|\n|-damage|p2a: Zang|94\/100 brn|[from] brn\n|upkeep\n|\n|t:|1700437269\n|switch|p1a: Garchomp|Garchomp-Mega, M|100\/100\n|-activate|p1a: Garchomp|move: Sticky Web\n|-unboost|p1a: Garchomp|spe|1\n|-damage|p1a: Garchomp|76\/100|[from] Spikes\n|turn|22\n|\n|t:|1700437282\n|move|p2a: Zang|Facade|p1a: Garchomp\n|-damage|p1a: Garchomp|9\/100\n|move|p1a: Garchomp|Dragon Claw|p2a: Zang\n|-damage|p2a: Zang|39\/100 brn\n|\n|-damage|p2a: Zang|33\/100 brn|[from] brn\n|upkeep\n|turn|23\n|c|\u2606kmrandy|gg\n|\n|t:|1700437295\n|move|p2a: Zang|Facade|p1a: Garchomp\n|-damage|p1a: Garchomp|0 fnt\n|faint|p1a: Garchomp\n|\n|win|kmrandy\n|raw|potatotime486's rating: 1077 &rarr; <strong>1055<\/strong><br \/>(-22 for losing)\n|raw|kmrandy's rating: 1077 &rarr; <strong>1105<\/strong><br \/>(+28 for winning)\n|c|\u2606kmrandy|thank you for the battle!\n|c|\u2606potatotime486|gg\n|l|\u2606potatotime486\n","uploadtime":1700437314,"views":5,"p1id":"potatotime486","p2id":"kmrandy","formatid":"gen9nationaldex","rating":1055,"private":0,"password":""}