{"id":"gen9nationaldex-1998386369","p1":"GatosLover","p2":"Skippdabeat","format":"[Gen 9] National Dex","log":"|html|<div class=\"broadcast-blue\"><strong>[Gen 9] National Dex is currently suspecting Sneasler! For information on how to participate check out the <a href=\"https:\/\/www.smogon.com\/forums\/threads\/sv-national-dex-suspect-8-just-dance.3731534\/\">suspect thread<\/a>.<\/strong><\/div>\n|j|\u2606GatosLover\n|j|\u2606Skippdabeat\n|t:|1700936517\n|gametype|singles\n|player|p1|GatosLover|marnie|1149\n|player|p2|Skippdabeat|iris-gen5bw2|1091\n|teamsize|p1|6\n|teamsize|p2|6\n|gen|9\n|tier|[Gen 9] National Dex\n|rated|\n|rule|HP Percentage Mod: HP is shown in percentages\n|rule|Endless Battle Clause: Forcing endless battles is banned\n|rule|OHKO Clause: OHKO moves are banned\n|rule|Evasion Clause: Evasion abilities, items, and moves are banned\n|rule|Evasion Abilities Clause: Evasion abilities are banned\n|rule|Evasion Items Clause: Evasion items are banned\n|rule|Evasion Moves Clause: Evasion moves are banned\n|rule|Species Clause: Limit one of each Pok\u00e9mon\n|rule|Sleep Clause Mod: Limit one foe put to sleep\n|clearpoke\n|poke|p1|Ampharos, F|\n|poke|p1|Ursaluna, F|\n|poke|p1|Hatterene, F|\n|poke|p1|Mew|\n|poke|p1|Dusclops, M|\n|poke|p1|Marowak-Alola, M|\n|poke|p2|Diancie|\n|poke|p2|Tyranitar, F|\n|poke|p2|Rillaboom, F|\n|poke|p2|Gliscor, F|\n|poke|p2|Rotom-Wash|\n|poke|p2|Urshifu-*, F|\n|teampreview\n|\n|t:|1700936536\n|start\n|switch|p1a: Terry|Hatterene, F|100\/100\n|switch|p2a: Tyranitar|Tyranitar, F|100\/100\n|-weather|Sandstorm|[from] ability: Sand Stream|[of] p2a: Tyranitar\n|turn|1\n|\n|t:|1700936550\n|move|p2a: Tyranitar|Heavy Slam|p1a: Terry\n|-supereffective|p1a: Terry\n|-damage|p1a: Terry|22\/100\n|move|p1a: Terry|Trick Room|p1a: Terry\n|-fieldstart|move: Trick Room|[of] p1a: Terry\n|\n|-weather|Sandstorm|[upkeep]\n|-damage|p1a: Terry|16\/100|[from] Sandstorm\n|upkeep\n|turn|2\n|\n|t:|1700936556\n|move|p1a: Terry|Healing Wish|p1a: Terry\n|faint|p1a: Terry\n|move|p2a: Tyranitar|Knock Off|p1: Terry|[notarget]\n|-fail|p2a: Tyranitar\n|\n|-weather|Sandstorm|[upkeep]\n|upkeep\n|\n|t:|1700936570\n|switch|p1a: Ampphyr|Ampharos, F|100\/100\n|turn|3\n|\n|t:|1700936578\n|detailschange|p1a: Ampphyr|Ampharos-Mega, F\n|-mega|p1a: Ampphyr|Ampharos|Ampharosite\n|-ability|p1a: Ampphyr|Mold Breaker\n|move|p1a: Ampphyr|Focus Blast|p2a: Tyranitar|[miss]\n|-miss|p1a: Ampphyr|p2a: Tyranitar\n|move|p2a: Tyranitar|Knock Off|p1a: Ampphyr\n|-damage|p1a: Ampphyr|79\/100\n|\n|-weather|Sandstorm|[upkeep]\n|-damage|p1a: Ampphyr|73\/100|[from] Sandstorm\n|upkeep\n|turn|4\n|\n|t:|1700936600\n|switch|p2a: Gliscor|Gliscor, F|100\/100\n|move|p1a: Ampphyr|Focus Blast|p2a: Gliscor|[miss]\n|-miss|p1a: Ampphyr|p2a: Gliscor\n|\n|-weather|Sandstorm|[upkeep]\n|-damage|p1a: Ampphyr|67\/100|[from] Sandstorm\n|-status|p2a: Gliscor|tox|[from] item: Toxic Orb\n|upkeep\n|turn|5\n|\n|t:|1700936610\n|move|p1a: Ampphyr|Hidden Power|p2a: Gliscor\n|-supereffective|p2a: Gliscor\n|-damage|p2a: Gliscor|0 fnt\n|faint|p2a: Gliscor\n|\n|-weather|none\n|-fieldend|move: Trick Room\n|upkeep\n|\n|t:|1700936629\n|switch|p2a: Tyranitar|Tyranitar, F|100\/100\n|-weather|Sandstorm|[from] ability: Sand Stream|[of] p2a: Tyranitar\n|turn|6\n|\n|t:|1700936637\n|switch|p1a: Calaka chida|Dusclops, M|100\/100\n|-item|p2a: Tyranitar|Assault Vest|[from] ability: Frisk|[of] p1a: Calaka chida|[identify]\n|move|p2a: Tyranitar|Dragon Tail|p1a: Calaka chida\n|-damage|p1a: Calaka chida|88\/100\n|drag|p1a: Yo soy luna|Ursaluna, F, shiny|100\/100\n|\n|-weather|Sandstorm|[upkeep]\n|-status|p1a: Yo soy luna|brn|[from] item: Flame Orb\n|upkeep\n|turn|7\n|\n|t:|1700936647\n|move|p1a: Yo soy luna|Headlong Rush|p2a: Tyranitar\n|-supereffective|p2a: Tyranitar\n|-damage|p2a: Tyranitar|0 fnt\n|-unboost|p1a: Yo soy luna|def|1\n|-unboost|p1a: Yo soy luna|spd|1\n|faint|p2a: Tyranitar\n|\n|-weather|Sandstorm|[upkeep]\n|-damage|p1a: Yo soy luna|94\/100 brn|[from] brn\n|upkeep\n|\n|t:|1700936658\n|switch|p2a: Rillaboom|Rillaboom, F|100\/100\n|-fieldstart|move: Grassy Terrain|[from] ability: Grassy Surge|[of] p2a: Rillaboom\n|turn|8\n|\n|t:|1700936669\n|switch|p1a: feto|Mew|100\/100\n|move|p2a: Rillaboom|Wood Hammer|p1a: feto\n|-damage|p1a: feto|25\/100\n|-damage|p2a: Rillaboom|71\/100|[from] Recoil\n|\n|-weather|Sandstorm|[upkeep]\n|-damage|p1a: feto|19\/100|[from] Sandstorm\n|-damage|p2a: Rillaboom|65\/100|[from] Sandstorm\n|-heal|p1a: feto|25\/100|[from] Grassy Terrain\n|-heal|p2a: Rillaboom|71\/100|[from] Grassy Terrain\n|upkeep\n|turn|9\n|\n|t:|1700936681\n|move|p2a: Rillaboom|Wood Hammer|p1a: feto\n|-damage|p1a: feto|0 fnt\n|faint|p1a: feto\n|-damage|p2a: Rillaboom|61\/100|[from] Recoil\n|\n|-weather|Sandstorm|[upkeep]\n|-damage|p2a: Rillaboom|55\/100|[from] Sandstorm\n|-heal|p2a: Rillaboom|61\/100|[from] Grassy Terrain\n|upkeep\n|\n|t:|1700936684\n|switch|p1a: Calaka chida|Dusclops, M|88\/100\n|-heal|p1a: Calaka chida|100\/100|[from] move: Healing Wish\n|-item|p2a: Rillaboom|Choice Band|[from] ability: Frisk|[of] p1a: Calaka chida|[identify]\n|turn|10\n|\n|t:|1700936693\n|switch|p2a: Diancie|Diancie|100\/100\n|move|p1a: Calaka chida|Trick Room|p1a: Calaka chida\n|-fieldstart|move: Trick Room|[of] p1a: Calaka chida\n|\n|-weather|none\n|upkeep\n|turn|11\n|\n|t:|1700936702\n|switch|p1a: Yo soy luna|Ursaluna, F, shiny|94\/100 brn\n|move|p2a: Diancie|Substitute|p2a: Diancie\n|-start|p2a: Diancie|Substitute\n|-damage|p2a: Diancie|75\/100\n|\n|-heal|p1a: Yo soy luna|100\/100 brn|[from] Grassy Terrain\n|-heal|p2a: Diancie|82\/100|[from] Grassy Terrain\n|-damage|p1a: Yo soy luna|94\/100 brn|[from] brn\n|upkeep\n|turn|12\n|inactive|Battle timer is ON: inactive players will automatically lose when time's up. (requested by GatosLover)\n|\n|t:|1700936742\n|move|p1a: Yo soy luna|Facade|p2a: Diancie\n|-resisted|p2a: Diancie\n|-end|p2a: Diancie|Substitute\n|move|p2a: Diancie|Earth Power|p1a: Yo soy luna\n|-damage|p1a: Yo soy luna|77\/100 brn\n|-unboost|p1a: Yo soy luna|spd|1\n|\n|-heal|p1a: Yo soy luna|83\/100 brn|[from] Grassy Terrain\n|-heal|p2a: Diancie|88\/100|[from] Grassy Terrain\n|-damage|p1a: Yo soy luna|77\/100 brn|[from] brn\n|-fieldend|move: Grassy Terrain\n|upkeep\n|turn|13\n|\n|t:|1700936770\n|switch|p2a: Rotom|Rotom-Wash|100\/100\n|-terastallize|p1a: Yo soy luna|Normal\n|move|p1a: Yo soy luna|Facade|p2a: Rotom\n|-damage|p2a: Rotom|0 fnt\n|faint|p2a: Rotom\n|\n|-damage|p1a: Yo soy luna|71\/100 brn|[from] brn\n|upkeep\n|inactive|Skippdabeat has 120 seconds left.\n|\n|t:|1700936783\n|switch|p2a: Rillaboom|Rillaboom, F|61\/100\n|-fieldstart|move: Grassy Terrain|[from] ability: Grassy Surge|[of] p2a: Rillaboom\n|turn|14\n|\n|t:|1700936788\n|move|p2a: Rillaboom|Grassy Glide|p1a: Yo soy luna\n|-damage|p1a: Yo soy luna|31\/100 brn\n|move|p1a: Yo soy luna|Ice Punch|p2a: Rillaboom\n|-supereffective|p2a: Rillaboom\n|-damage|p2a: Rillaboom|0 fnt\n|faint|p2a: Rillaboom\n|\n|-heal|p1a: Yo soy luna|37\/100 brn|[from] Grassy Terrain\n|-damage|p1a: Yo soy luna|31\/100 brn|[from] brn\n|-fieldend|move: Trick Room\n|upkeep\n|\n|t:|1700936793\n|switch|p2a: Diancie|Diancie|88\/100\n|turn|15\n|\n|t:|1700936804\n|detailschange|p2a: Diancie|Diancie-Mega\n|-mega|p2a: Diancie|Diancie|Diancite\n|move|p2a: Diancie|Earth Power|p1a: Yo soy luna\n|-damage|p1a: Yo soy luna|0 fnt\n|faint|p1a: Yo soy luna\n|\n|-heal|p2a: Diancie|94\/100|[from] Grassy Terrain\n|upkeep\n|\n|t:|1700936811\n|switch|p1a: Calaka chida|Dusclops, M|100\/100\n|-item|p2a: Diancie|Diancite|[from] ability: Frisk|[of] p1a: Calaka chida|[identify]\n|turn|16\n|\n|t:|1700936820\n|move|p2a: Diancie|Substitute|p2a: Diancie\n|-start|p2a: Diancie|Substitute\n|-damage|p2a: Diancie|69\/100\n|move|p1a: Calaka chida|Trick Room|p1a: Calaka chida\n|-fieldstart|move: Trick Room|[of] p1a: Calaka chida\n|\n|-heal|p2a: Diancie|75\/100|[from] Grassy Terrain\n|upkeep\n|turn|17\n|\n|t:|1700936825\n|move|p1a: Calaka chida|Pain Split||[still]\n|-fail|p1a: Calaka chida\n|move|p2a: Diancie|Earth Power|p1a: Calaka chida\n|-damage|p1a: Calaka chida|81\/100\n|\n|-heal|p1a: Calaka chida|87\/100|[from] Grassy Terrain\n|-heal|p2a: Diancie|82\/100|[from] Grassy Terrain\n|upkeep\n|turn|18\n|\n|t:|1700936831\n|move|p1a: Calaka chida|Night Shade|p2a: Diancie\n|-end|p2a: Diancie|Substitute\n|move|p2a: Diancie|Earth Power|p1a: Calaka chida\n|-damage|p1a: Calaka chida|66\/100\n|-unboost|p1a: Calaka chida|spd|1\n|\n|-heal|p1a: Calaka chida|72\/100|[from] Grassy Terrain\n|-heal|p2a: Diancie|88\/100|[from] Grassy Terrain\n|-fieldend|move: Grassy Terrain\n|upkeep\n|turn|19\n|\n|t:|1700936839\n|move|p1a: Calaka chida|Night Shade|p2a: Diancie\n|-damage|p2a: Diancie|55\/100\n|move|p2a: Diancie|Earth Power|p1a: Calaka chida\n|-damage|p1a: Calaka chida|42\/100\n|\n|upkeep\n|turn|20\n|\n|t:|1700936849\n|move|p1a: Calaka chida|Pain Split|p2a: Diancie\n|-sethp|p2a: Diancie|45\/100|[from] move: Pain Split|[silent]\n|-sethp|p1a: Calaka chida|54\/100|[from] move: Pain Split\n|move|p2a: Diancie|Earth Power|p1a: Calaka chida\n|-damage|p1a: Calaka chida|23\/100\n|\n|-fieldend|move: Trick Room\n|upkeep\n|turn|21\n|\n|t:|1700936857\n|move|p2a: Diancie|Draining Kiss|p1a: Calaka chida\n|-damage|p1a: Calaka chida|0 fnt\n|-heal|p2a: Diancie|59\/100|[from] drain|[of] p1a: Calaka chida\n|faint|p1a: Calaka chida\n|\n|upkeep\n|\n|t:|1700936870\n|switch|p1a: calaka chida 2|Marowak-Alola, M|100\/100\n|turn|22\n|\n|t:|1700936876\n|move|p2a: Diancie|Earth Power|p1a: calaka chida 2\n|-supereffective|p1a: calaka chida 2\n|-damage|p1a: calaka chida 2|10\/100\n|-unboost|p1a: calaka chida 2|spd|1\n|move|p1a: calaka chida 2|Earthquake|p2a: Diancie\n|-supereffective|p2a: Diancie\n|-damage|p2a: Diancie|0 fnt\n|faint|p2a: Diancie\n|\n|upkeep\n|\n|t:|1700936885\n|switch|p2a: Urshifu|Urshifu-Rapid-Strike, F|100\/100\n|turn|23\n|\n|t:|1700936889\n|-terastallize|p2a: Urshifu|Water\n|move|p2a: Urshifu|Surging Strikes|p1a: calaka chida 2\n|-supereffective|p1a: calaka chida 2\n|-crit|p1a: calaka chida 2\n|-damage|p1a: calaka chida 2|0 fnt\n|faint|p1a: calaka chida 2\n|-hitcount|p1: calaka chida 2|1\n|\n|upkeep\n|\n|t:|1700936892\n|switch|p1a: Ampphyr|Ampharos-Mega, F|67\/100\n|-ability|p1a: Ampphyr|Mold Breaker\n|turn|24\n|\n|t:|1700936898\n|move|p2a: Urshifu|Surging Strikes|p1a: Ampphyr\n|-resisted|p1a: Ampphyr\n|-crit|p1a: Ampphyr\n|-damage|p1a: Ampphyr|55\/100\n|-resisted|p1a: Ampphyr\n|-crit|p1a: Ampphyr\n|-damage|p1a: Ampphyr|42\/100\n|-resisted|p1a: Ampphyr\n|-crit|p1a: Ampphyr\n|-damage|p1a: Ampphyr|31\/100\n|-hitcount|p1a: Ampphyr|3\n|move|p1a: Ampphyr|Thunderbolt|p2a: Urshifu\n|-supereffective|p2a: Urshifu\n|-damage|p2a: Urshifu|0 fnt\n|faint|p2a: Urshifu\n|\n|win|GatosLover\n|raw|GatosLover's rating: 1149 &rarr; <strong>1170<\/strong><br \/>(+21 for winning)\n|raw|Skippdabeat's rating: 1091 &rarr; <strong>1071<\/strong><br \/>(-20 for losing)\n|c|\u2606GatosLover|gg\n|l|\u2606Skippdabeat\n","uploadtime":1700936913,"views":10,"p1id":"gatoslover","p2id":"skippdabeat","formatid":"gen9nationaldex","rating":1071,"private":0,"password":""}