{"id":"gen9nationaldex-1999262167","p1":"clairisyourmother","p2":"Gabboxdarkness","format":"[Gen 9] National Dex","log":"|html|<div class=\"broadcast-blue\"><strong>[Gen 9] National Dex is currently suspecting Sneasler! For information on how to participate check out the <a href=\"https:\/\/www.smogon.com\/forums\/threads\/sv-national-dex-suspect-8-just-dance.3731534\/\">suspect thread<\/a>.<\/strong><\/div>\n|j|\u2606clairisyourmother\n|j|\u2606Gabboxdarkness\n|t:|1701052185\n|gametype|singles\n|player|p1|clairisyourmother|clair|1276\n|player|p2|Gabboxdarkness|hilbert|1234\n|teamsize|p1|6\n|teamsize|p2|6\n|gen|9\n|tier|[Gen 9] National Dex\n|rated|\n|rule|HP Percentage Mod: HP is shown in percentages\n|rule|Endless Battle Clause: Forcing endless battles is banned\n|rule|OHKO Clause: OHKO moves are banned\n|rule|Evasion Clause: Evasion abilities, items, and moves are banned\n|rule|Evasion Abilities Clause: Evasion abilities are banned\n|rule|Evasion Items Clause: Evasion items are banned\n|rule|Evasion Moves Clause: Evasion moves are banned\n|rule|Species Clause: Limit one of each Pok\u00e9mon\n|rule|Sleep Clause Mod: Limit one foe put to sleep\n|clearpoke\n|poke|p1|Azumarill, F|\n|poke|p1|Kommo-o, M|\n|poke|p1|Zapdos|\n|poke|p1|Ninetales-Alola, F|\n|poke|p1|Heatran, F|\n|poke|p1|Gliscor, M|\n|poke|p2|Weavile, M|\n|poke|p2|Avalugg-Hisui, M|\n|poke|p2|Cetitan, M|\n|poke|p2|Ninetales-Alola, F|\n|poke|p2|Frosmoth, M|\n|poke|p2|Abomasnow, M|\n|teampreview\n|inactive|Battle timer is ON: inactive players will automatically lose when time's up. (requested by clairisyourmother)\n|\n|t:|1701052192\n|start\n|switch|p1a: Zoomer Ill|Azumarill, F|100\/100\n|switch|p2a: Avalugg|Avalugg-Hisui, M|100\/100\n|turn|1\n|\n|t:|1701052199\n|-terastallize|p1a: Zoomer Ill|Water\n|move|p1a: Zoomer Ill|Liquidation|p2a: Avalugg\n|-supereffective|p2a: Avalugg\n|-ability|p2a: Avalugg|Sturdy\n|-damage|p2a: Avalugg|1\/100\n|-unboost|p2a: Avalugg|def|1\n|move|p2a: Avalugg|Stealth Rock|p1a: Zoomer Ill\n|-sidestart|p1: clairisyourmother|move: Stealth Rock\n|\n|upkeep\n|turn|2\n|\n|t:|1701052210\n|move|p1a: Zoomer Ill|Liquidation|p2a: Avalugg\n|-supereffective|p2a: Avalugg\n|-damage|p2a: Avalugg|0 fnt\n|faint|p2a: Avalugg\n|\n|upkeep\n|\n|t:|1701052216\n|switch|p2a: Abomasnow|Abomasnow, M, shiny|100\/100\n|-weather|Snow|[from] ability: Snow Warning|[of] p2a: Abomasnow\n|turn|3\n|\n|t:|1701052221\n|switch|p1a: Lavagirl|Heatran, F, shiny|100\/100\n|-damage|p1a: Lavagirl|88\/100|[from] Stealth Rock\n|move|p2a: Abomasnow|Giga Drain|p1a: Lavagirl\n|-resisted|p1a: Lavagirl\n|-damage|p1a: Lavagirl|84\/100\n|\n|-weather|Snow|[upkeep]\n|-heal|p1a: Lavagirl|91\/100|[from] item: Leftovers\n|upkeep\n|turn|4\n|\n|t:|1701052232\n|move|p1a: Lavagirl|Magma Storm|p2a: Abomasnow\n|-supereffective|p2a: Abomasnow\n|-damage|p2a: Abomasnow|0 fnt\n|faint|p2a: Abomasnow\n|\n|-weather|Snow|[upkeep]\n|-heal|p1a: Lavagirl|97\/100|[from] item: Leftovers\n|upkeep\n|\n|t:|1701052237\n|switch|p2a: Frosmoth|Frosmoth, M|100\/100\n|turn|5\n|\n|t:|1701052240\n|move|p2a: Frosmoth|Quiver Dance|p2a: Frosmoth\n|-boost|p2a: Frosmoth|spa|1\n|-boost|p2a: Frosmoth|spd|1\n|-boost|p2a: Frosmoth|spe|1\n|move|p1a: Lavagirl|Stealth Rock|p2a: Frosmoth\n|-sidestart|p2: Gabboxdarkness|move: Stealth Rock\n|\n|-weather|Snow|[upkeep]\n|-heal|p1a: Lavagirl|100\/100|[from] item: Leftovers\n|upkeep\n|turn|6\n|\n|t:|1701052250\n|move|p2a: Frosmoth|Quiver Dance|p2a: Frosmoth\n|-boost|p2a: Frosmoth|spa|1\n|-boost|p2a: Frosmoth|spd|1\n|-boost|p2a: Frosmoth|spe|1\n|move|p1a: Lavagirl|Roar|p2a: Frosmoth\n|drag|p2a: Cetitan|Cetitan, M|100\/100\n|-damage|p2a: Cetitan|76\/100|[from] Stealth Rock\n|\n|-weather|Snow|[upkeep]\n|upkeep\n|turn|7\n|\n|t:|1701052262\n|move|p2a: Cetitan|Liquidation|p1a: Lavagirl\n|-supereffective|p1a: Lavagirl\n|-damage|p1a: Lavagirl|34\/100\n|-unboost|p1a: Lavagirl|def|1\n|-damage|p2a: Cetitan|66\/100|[from] item: Life Orb\n|move|p1a: Lavagirl|Roar|p2a: Cetitan\n|drag|p2a: Ninetales|Ninetales-Alola, F|100\/100\n|-damage|p2a: Ninetales|76\/100|[from] Stealth Rock\n|\n|-weather|none\n|-heal|p1a: Lavagirl|41\/100|[from] item: Leftovers\n|upkeep\n|turn|8\n|\n|t:|1701052279\n|move|p1a: Lavagirl|Protect|p1a: Lavagirl\n|-singleturn|p1a: Lavagirl|Protect\n|move|p2a: Ninetales|Moonblast|p1a: Lavagirl\n|-activate|p1a: Lavagirl|move: Protect\n|\n|-heal|p1a: Lavagirl|47\/100|[from] item: Leftovers\n|upkeep\n|turn|9\n|\n|t:|1701052289\n|switch|p2a: Cetitan|Cetitan, M|66\/100\n|-damage|p2a: Cetitan|41\/100|[from] Stealth Rock\n|move|p1a: Lavagirl|Roar|p2a: Cetitan\n|drag|p2a: Ninetales|Ninetales-Alola, F|76\/100\n|-damage|p2a: Ninetales|51\/100|[from] Stealth Rock\n|-weather|Snow|[from] ability: Snow Warning|[of] p2a: Ninetales\n|\n|-weather|Snow|[upkeep]\n|-heal|p1a: Lavagirl|53\/100|[from] item: Leftovers\n|upkeep\n|turn|10\n|\n|t:|1701052301\n|move|p2a: Ninetales|Aurora Veil|p2a: Ninetales\n|-sidestart|p2: Gabboxdarkness|move: Aurora Veil\n|move|p1a: Lavagirl|Roar|p2a: Ninetales\n|drag|p2a: Frosmoth|Frosmoth, M|100\/100\n|-damage|p2a: Frosmoth|51\/100|[from] Stealth Rock\n|\n|-weather|Snow|[upkeep]\n|-heal|p1a: Lavagirl|59\/100|[from] item: Leftovers\n|upkeep\n|turn|11\n|c|\u2606Gabboxdarkness|Te crees chistosito\n|inactive|Gabboxdarkness has 120 seconds left.\n|c|\u2606Gabboxdarkness|No sabia que habian payasos\n|\n|t:|1701052348\n|move|p2a: Frosmoth|Bug Buzz|p1a: Lavagirl\n|-resisted|p1a: Lavagirl\n|-damage|p1a: Lavagirl|52\/100\n|move|p1a: Lavagirl|Roar|p2a: Frosmoth\n|drag|p2a: Ninetales|Ninetales-Alola, F|51\/100\n|-damage|p2a: Ninetales|26\/100|[from] Stealth Rock\n|\n|-weather|Snow|[upkeep]\n|-heal|p1a: Lavagirl|59\/100|[from] item: Leftovers\n|upkeep\n|turn|12\n|c|\u2606clairisyourmother|siete senor pibbs por Dia\n|c|\u2606clairisyourmother|put on boots\n|c|\u2606Gabboxdarkness|Habla bien\n|inactive|Gabboxdarkness has 90 seconds left.\n|\n|t:|1701052387\n|move|p2a: Ninetales|Moonblast|p1a: Lavagirl\n|-resisted|p1a: Lavagirl\n|-damage|p1a: Lavagirl|54\/100\n|move|p1a: Lavagirl|Roar|p2a: Ninetales\n|drag|p2a: Weavile|Weavile, M|100\/100\n|-damage|p2a: Weavile|76\/100|[from] Stealth Rock\n|\n|-weather|Snow|[upkeep]\n|-heal|p1a: Lavagirl|60\/100|[from] item: Leftovers\n|upkeep\n|turn|13\n|\n|t:|1701052399\n|move|p2a: Weavile|Brick Break|p1a: Lavagirl\n|-supereffective|p1a: Lavagirl\n|-damage|p1a: Lavagirl|1\/100\n|move|p1a: Lavagirl|Roar|p2a: Weavile\n|drag|p2a: Ninetales|Ninetales-Alola, F|26\/100\n|-damage|p2a: Ninetales|2\/100|[from] Stealth Rock\n|\n|-weather|none\n|-heal|p1a: Lavagirl|7\/100|[from] item: Leftovers\n|upkeep\n|turn|14\n|\n|t:|1701052426\n|move|p2a: Ninetales|Moonblast|p1a: Lavagirl\n|-resisted|p1a: Lavagirl\n|-damage|p1a: Lavagirl|1\/100\n|move|p1a: Lavagirl|Roar|p2a: Ninetales\n|drag|p2a: Weavile|Weavile, M|76\/100\n|-damage|p2a: Weavile|51\/100|[from] Stealth Rock\n|\n|-heal|p1a: Lavagirl|7\/100|[from] item: Leftovers\n|upkeep\n|turn|15\n|\n|t:|1701052440\n|move|p1a: Lavagirl|Protect|p1a: Lavagirl\n|-singleturn|p1a: Lavagirl|Protect\n|move|p2a: Weavile|Brick Break|p1a: Lavagirl\n|-activate|p1a: Lavagirl|move: Protect\n|\n|-heal|p1a: Lavagirl|14\/100|[from] item: Leftovers\n|upkeep\n|turn|16\n|inactive|clairisyourmother has 120 seconds left.\n|\n|t:|1701052461\n|move|p2a: Weavile|Brick Break|p1a: Lavagirl\n|-supereffective|p1a: Lavagirl\n|-damage|p1a: Lavagirl|0 fnt\n|faint|p1a: Lavagirl\n|\n|upkeep\n|\n|t:|1701052471\n|switch|p1a: Zoomer Ill|Azumarill, F, tera:Water|100\/100\n|-damage|p1a: Zoomer Ill|88\/100|[from] Stealth Rock\n|turn|17\n|\n|t:|1701052479\n|move|p2a: Weavile|Knock Off|p1a: Zoomer Ill\n|-damage|p1a: Zoomer Ill|44\/100\n|-enditem|p1a: Zoomer Ill|Choice Band|[from] move: Knock Off|[of] p2a: Weavile\n|move|p1a: Zoomer Ill|Liquidation|p2a: Weavile\n|-damage|p2a: Weavile|0 fnt\n|faint|p2a: Weavile\n|\n|-sideend|p2: Gabboxdarkness|move: Aurora Veil\n|upkeep\n|\n|t:|1701052488\n|switch|p2a: Cetitan|Cetitan, M|41\/100\n|-damage|p2a: Cetitan|16\/100|[from] Stealth Rock\n|turn|18\n|\n|t:|1701052497\n|move|p1a: Zoomer Ill|Aqua Jet|p2a: Cetitan\n|-damage|p2a: Cetitan|0 fnt\n|faint|p2a: Cetitan\n|\n|upkeep\n|\n|t:|1701052500\n|switch|p2a: Ninetales|Ninetales-Alola, F|2\/100\n|-damage|p2a: Ninetales|0 fnt|[from] Stealth Rock\n|faint|p2a: Ninetales\n|\n|t:|1701052504\n|switch|p2a: Frosmoth|Frosmoth, M|51\/100\n|-damage|p2a: Frosmoth|1\/100|[from] Stealth Rock\n|turn|19\n|inactive|Gabboxdarkness has 120 seconds left.\n|c|\u2606clairisyourmother|gg\n|c|\u2606Gabboxdarkness|Que p\u00fata mierda\n|inactive|Gabboxdarkness has 90 seconds left.\n|c|\u2606clairisyourmother|eat shit\n|inactive|Gabboxdarkness has 60 seconds left.\n|c|\u2606Gabboxdarkness|M4ricon de mierd4\n|c|\u2606Gabboxdarkness|Chup4 pitos\n|inactive|Gabboxdarkness has 30 seconds left.\n|inactive|Gabboxdarkness has 20 seconds left.\n|c|\u2606clairisyourmother|lole get good\n|inactive|Gabboxdarkness has 15 seconds left.\n|inactive|Gabboxdarkness has 10 seconds left.\n|inactive|Gabboxdarkness has 5 seconds left.\n|c|\u2606Gabboxdarkness|Children shooter\n|-message|Gabboxdarkness lost due to inactivity.\n|\n|win|clairisyourmother\n|raw|clairisyourmother's rating: 1276 &rarr; <strong>1298<\/strong><br \/>(+22 for winning)\n|raw|Gabboxdarkness's rating: 1234 &rarr; <strong>1212<\/strong><br \/>(-22 for losing)\n","uploadtime":1701052574,"views":2,"p1id":"clairisyourmother","p2id":"gabboxdarkness","formatid":"gen9nationaldex","rating":1212,"private":0,"password":""}