{"id":"gen9nationaldex-1999223253","p1":"Basically_7","p2":"PanPanda552","format":"[Gen 9] National Dex","log":"|html|<div class=\"broadcast-blue\"><strong>[Gen 9] National Dex is currently suspecting Sneasler! For information on how to participate check out the <a href=\"https:\/\/www.smogon.com\/forums\/threads\/sv-national-dex-suspect-8-just-dance.3731534\/\">suspect thread<\/a>.<\/strong><\/div>\n|j|\u2606Basically_7\n|j|\u2606PanPanda552\n|t:|1701047439\n|gametype|singles\n|player|p1|Basically_7|wallace|\n|player|p2|PanPanda552|170|\n|teamsize|p1|6\n|teamsize|p2|6\n|gen|9\n|tier|[Gen 9] National Dex\n|rule|HP Percentage Mod: HP is shown in percentages\n|rule|Endless Battle Clause: Forcing endless battles is banned\n|rule|OHKO Clause: OHKO moves are banned\n|rule|Evasion Clause: Evasion abilities, items, and moves are banned\n|rule|Evasion Abilities Clause: Evasion abilities are banned\n|rule|Evasion Items Clause: Evasion items are banned\n|rule|Evasion Moves Clause: Evasion moves are banned\n|rule|Species Clause: Limit one of each Pok\u00e9mon\n|rule|Sleep Clause Mod: Limit one foe put to sleep\n|clearpoke\n|poke|p1|Sableye, F|\n|poke|p1|Charizard, F|\n|poke|p1|Dudunsparce-*, M|\n|poke|p1|Tinkaton, F|\n|poke|p1|Meowscarada, M|\n|poke|p1|Gastrodon, F|\n|poke|p2|Banette, M|\n|poke|p2|Oricorio-Sensu, F|\n|poke|p2|Golett|\n|poke|p2|Duskull, F|\n|poke|p2|Dreepy, M|\n|poke|p2|Litwick, M|\n|teampreview\n|\n|t:|1701047482\n|start\n|switch|p1a: Tinkaton|Tinkaton, F|100\/100\n|switch|p2a: Garffiljorg|Dreepy, M|100\/100\n|-ability|p1a: Tinkaton|Mold Breaker\n|turn|1\n|\n|t:|1701047496\n|move|p2a: Garffiljorg|Thunder Wave|p1a: Tinkaton\n|-status|p1a: Tinkaton|par\n|cant|p1a: Tinkaton|par\n|\n|upkeep\n|turn|2\n|\n|t:|1701047507\n|switch|p2a: Pedro|Litwick, M|100\/100\n|cant|p1a: Tinkaton|par\n|\n|upkeep\n|turn|3\n|\n|t:|1701047525\n|switch|p1a: Gastrodon|Gastrodon, F|100\/100\n|move|p2a: Pedro|Flamethrower|p1a: Gastrodon\n|-resisted|p1a: Gastrodon\n|-damage|p1a: Gastrodon|91\/100\n|\n|-heal|p1a: Gastrodon|97\/100|[from] item: Leftovers\n|upkeep\n|turn|4\n|\n|t:|1701047538\n|move|p1a: Gastrodon|Earthquake|p2a: Pedro\n|-supereffective|p2a: Pedro\n|-damage|p2a: Pedro|3\/100\n|move|p2a: Pedro|Energy Ball|p1a: Gastrodon\n|-supereffective|p1a: Gastrodon\n|-damage|p1a: Gastrodon|45\/100\n|\n|-heal|p1a: Gastrodon|51\/100|[from] item: Leftovers\n|upkeep\n|turn|5\n|\n|t:|1701047552\n|move|p1a: Gastrodon|Scald|p2a: Pedro\n|-supereffective|p2a: Pedro\n|-damage|p2a: Pedro|0 fnt\n|faint|p2a: Pedro\n|\n|-heal|p1a: Gastrodon|57\/100|[from] item: Leftovers\n|upkeep\n|\n|t:|1701047573\n|switch|p2a: Garffiljorg|Dreepy, M|100\/100\n|turn|6\n|\n|t:|1701047580\n|move|p2a: Garffiljorg|Thunder Wave|p1a: Gastrodon\n|-immune|p1a: Gastrodon\n|move|p1a: Gastrodon|Recover|p1a: Gastrodon\n|-heal|p1a: Gastrodon|100\/100\n|\n|upkeep\n|turn|7\n|\n|t:|1701047592\n|switch|p2a: Skul|Duskull, F|100\/100\n|-item|p1a: Gastrodon|Leftovers|[from] ability: Frisk|[of] p2a: Skul|[identify]\n|move|p1a: Gastrodon|Earthquake|p2a: Skul\n|-damage|p2a: Skul|69\/100\n|\n|upkeep\n|turn|8\n|\n|t:|1701047610\n|move|p1a: Gastrodon|Scald|p2a: Skul\n|-damage|p2a: Skul|44\/100\n|move|p2a: Skul|Will-O-Wisp|p1a: Gastrodon|[miss]\n|-miss|p2a: Skul|p1a: Gastrodon\n|\n|upkeep\n|turn|9\n|\n|t:|1701047621\n|move|p1a: Gastrodon|Earthquake|p2a: Skul\n|-crit|p2a: Skul\n|-damage|p2a: Skul|0 fnt\n|faint|p2a: Skul\n|\n|upkeep\n|\n|t:|1701047630\n|switch|p2a: Garffiljorg|Dreepy, M|100\/100\n|turn|10\n|\n|t:|1701047642\n|move|p1a: Gastrodon|Scald|p2a: Garffiljorg\n|-resisted|p2a: Garffiljorg\n|-damage|p2a: Garffiljorg|44\/100\n|move|p2a: Garffiljorg|Dragon Tail|p1a: Gastrodon\n|-damage|p1a: Gastrodon|66\/100\n|drag|p1a: Sableye|Sableye, F|100\/100\n|\n|upkeep\n|turn|11\n|\n|t:|1701047662\n|switch|p2a: Yes Man|Golett|100\/100\n|detailschange|p1a: Sableye|Sableye-Mega, F\n|-mega|p1a: Sableye|Sableye|Sablenite\n|move|p1a: Sableye|Dark Pulse|p2a: Yes Man\n|-supereffective|p2a: Yes Man\n|-damage|p2a: Yes Man|0 fnt\n|faint|p2a: Yes Man\n|\n|upkeep\n|\n|t:|1701047677\n|switch|p2a: Gravesinger|Oricorio-Sensu, F|100\/100\n|turn|12\n|\n|t:|1701047687\n|move|p2a: Gravesinger|Revelation Dance|p1a: Sableye\n|-damage|p1a: Sableye|47\/100\n|-damage|p2a: Gravesinger|91\/100|[from] item: Life Orb\n|move|p1a: Sableye|Toxic|p2a: Gravesinger\n|-status|p2a: Gravesinger|tox\n|\n|-damage|p2a: Gravesinger|84\/100 tox|[from] psn\n|upkeep\n|turn|13\n|\n|t:|1701047702\n|switch|p1a: Dudunsparce|Dudunsparce-Three-Segment, M|100\/100\n|move|p2a: Gravesinger|Revelation Dance|p1a: Dudunsparce\n|-immune|p1a: Dudunsparce\n|\n|-damage|p2a: Gravesinger|72\/100 tox|[from] psn\n|upkeep\n|turn|14\n|\n|t:|1701047713\n|move|p2a: Gravesinger|Hidden Power|p1a: Dudunsparce\n|-supereffective|p1a: Dudunsparce\n|-damage|p1a: Dudunsparce|54\/100\n|-damage|p2a: Gravesinger|62\/100 tox|[from] item: Life Orb\n|move|p1a: Dudunsparce|Pursuit|p2a: Gravesinger\n|-supereffective|p2a: Gravesinger\n|-damage|p2a: Gravesinger|33\/100 tox\n|\n|-heal|p1a: Dudunsparce|60\/100|[from] item: Leftovers\n|-damage|p2a: Gravesinger|15\/100 tox|[from] psn\n|upkeep\n|turn|15\n|\n|t:|1701047728\n|move|p2a: Gravesinger|Hidden Power|p1a: Dudunsparce\n|-supereffective|p1a: Dudunsparce\n|-damage|p1a: Dudunsparce|16\/100\n|-damage|p2a: Gravesinger|5\/100 tox|[from] item: Life Orb\n|move|p1a: Dudunsparce|Coil|p1a: Dudunsparce\n|-boost|p1a: Dudunsparce|atk|1\n|-boost|p1a: Dudunsparce|def|1\n|-boost|p1a: Dudunsparce|accuracy|1\n|\n|-heal|p1a: Dudunsparce|22\/100|[from] item: Leftovers\n|-damage|p2a: Gravesinger|0 fnt|[from] psn\n|faint|p2a: Gravesinger\n|upkeep\n|\n|t:|1701047740\n|switch|p2a: Garffiljorg|Dreepy, M|44\/100\n|turn|16\n|\n|t:|1701047745\n|move|p2a: Garffiljorg|Sucker Punch|p1a: Dudunsparce\n|-damage|p1a: Dudunsparce|12\/100\n|-ability|p1a: Dudunsparce|Rattled|boost\n|-boost|p1a: Dudunsparce|spe|1\n|move|p1a: Dudunsparce|Pursuit|p2a: Garffiljorg\n|-supereffective|p2a: Garffiljorg\n|-damage|p2a: Garffiljorg|0 fnt\n|faint|p2a: Garffiljorg\n|\n|-heal|p1a: Dudunsparce|18\/100|[from] item: Leftovers\n|upkeep\n|\n|t:|1701047755\n|switch|p2a: Voodude|Banette, M, shiny|100\/100\n|turn|17\n|\n|t:|1701047764\n|detailschange|p2a: Voodude|Banette-Mega, M, shiny\n|-mega|p2a: Voodude|Banette|Banettite\n|move|p2a: Voodude|Thunder Wave|p1a: Dudunsparce\n|-status|p1a: Dudunsparce|par\n|move|p1a: Dudunsparce|Rock Slide|p2a: Voodude\n|-damage|p2a: Voodude|63\/100\n|\n|-heal|p1a: Dudunsparce|24\/100 par|[from] item: Leftovers\n|upkeep\n|turn|18\n|\n|t:|1701047776\n|move|p2a: Voodude|Toxic||[still]\n|-fail|p2a: Voodude\n|move|p1a: Dudunsparce|Pursuit|p2a: Voodude\n|-supereffective|p2a: Voodude\n|-damage|p2a: Voodude|20\/100\n|\n|-heal|p1a: Dudunsparce|30\/100 par|[from] item: Leftovers\n|upkeep\n|turn|19\n|\n|t:|1701047784\n|move|p2a: Voodude|Will-O-Wisp||[still]\n|-fail|p2a: Voodude\n|cant|p1a: Dudunsparce|par\n|\n|-heal|p1a: Dudunsparce|36\/100 par|[from] item: Leftovers\n|upkeep\n|turn|20\n|\n|t:|1701047791\n|move|p2a: Voodude|Shadow Claw|p1a: Dudunsparce\n|-immune|p1a: Dudunsparce\n|cant|p1a: Dudunsparce|par\n|\n|-heal|p1a: Dudunsparce|43\/100 par|[from] item: Leftovers\n|upkeep\n|turn|21\n|\n|t:|1701047803\n|move|p2a: Voodude|Shadow Claw|p1a: Dudunsparce\n|-immune|p1a: Dudunsparce\n|move|p1a: Dudunsparce|Pursuit|p2a: Voodude\n|-supereffective|p2a: Voodude\n|-damage|p2a: Voodude|0 fnt\n|faint|p2a: Voodude\n|\n|win|Basically_7\n|c|\u2606Basically_7|gg\n","uploadtime":1701047945,"views":31,"p1id":"basically7","p2id":"panpanda552","formatid":"gen9nationaldex","rating":0,"private":0,"password":""}