{"id":"gen9nationaldex-1999029018","p1":"GHollow","p2":"pokerstargeorge","format":"[Gen 9] National Dex","log":"|html|<div class=\"broadcast-blue\"><strong>[Gen 9] National Dex is currently suspecting Sneasler! For information on how to participate check out the <a href=\"https:\/\/www.smogon.com\/forums\/threads\/sv-national-dex-suspect-8-just-dance.3731534\/\">suspect thread<\/a>.<\/strong><\/div>\n|j|\u2606GHollow\n|j|\u2606pokerstargeorge\n|t:|1701025553\n|gametype|singles\n|player|p1|GHollow|shadowtriad|1144\n|player|p2|pokerstargeorge|biker-gen4|1237\n|teamsize|p1|6\n|teamsize|p2|6\n|gen|9\n|tier|[Gen 9] National Dex\n|rated|\n|rule|HP Percentage Mod: HP is shown in percentages\n|rule|Endless Battle Clause: Forcing endless battles is banned\n|rule|OHKO Clause: OHKO moves are banned\n|rule|Evasion Clause: Evasion abilities, items, and moves are banned\n|rule|Evasion Abilities Clause: Evasion abilities are banned\n|rule|Evasion Items Clause: Evasion items are banned\n|rule|Evasion Moves Clause: Evasion moves are banned\n|rule|Species Clause: Limit one of each Pok\u00e9mon\n|rule|Sleep Clause Mod: Limit one foe put to sleep\n|clearpoke\n|poke|p1|Pelipper, F|\n|poke|p1|Gyarados, M|\n|poke|p1|Golisopod, F|\n|poke|p1|Kingler, M|\n|poke|p1|Garchomp, M|\n|poke|p1|Samurott-Hisui, M|\n|poke|p2|Sneasler, F|\n|poke|p2|Slowking-Galar, F|\n|poke|p2|Rillaboom, M|\n|poke|p2|Maushold-Four|\n|poke|p2|Marowak-Alola, M|\n|poke|p2|Bisharp, M|\n|teampreview\n|\n|t:|1701025567\n|start\n|switch|p1a: Unite|Garchomp, M|100\/100\n|switch|p2a: Rillaboom|Rillaboom, M, shiny|100\/100\n|-fieldstart|move: Grassy Terrain|[from] ability: Grassy Surge|[of] p2a: Rillaboom\n|turn|1\n|\n|t:|1701025575\n|move|p2a: Rillaboom|Grassy Glide|p1a: Unite\n|-damage|p1a: Unite|43\/100\n|-damage|p2a: Rillaboom|88\/100|[from] ability: Rough Skin|[of] p1a: Unite\n|-damage|p2a: Rillaboom|72\/100|[from] item: Rocky Helmet|[of] p1a: Unite\n|move|p1a: Unite|Dragon Claw|p2a: Rillaboom\n|-damage|p2a: Rillaboom|31\/100\n|\n|-heal|p1a: Unite|50\/100|[from] Grassy Terrain\n|-heal|p2a: Rillaboom|37\/100|[from] Grassy Terrain\n|upkeep\n|turn|2\n|\n|t:|1701025591\n|switch|p1a: MEGATRON|Golisopod, F|100\/100\n|move|p2a: Rillaboom|Grassy Glide|p1a: MEGATRON\n|-damage|p1a: MEGATRON|54\/100\n|\n|-heal|p2a: Rillaboom|43\/100|[from] Grassy Terrain\n|-heal|p1a: MEGATRON|60\/100|[from] Grassy Terrain\n|upkeep\n|turn|3\n|\n|t:|1701025615\n|switch|p2a: Sneasler|Sneasler, F|100\/100\n|-enditem|p2a: Sneasler|Grassy Seed\n|-boost|p2a: Sneasler|def|1|[from] item: Grassy Seed\n|move|p1a: MEGATRON|First Impression|p2a: Sneasler\n|-resisted|p2a: Sneasler\n|-damage|p2a: Sneasler|87\/100\n|\n|-heal|p2a: Sneasler|93\/100|[from] Grassy Terrain\n|-heal|p1a: MEGATRON|66\/100|[from] Grassy Terrain\n|upkeep\n|turn|4\n|\n|t:|1701025652\n|switch|p1a: Throat Goat|Pelipper, F|100\/100\n|-weather|RainDance|[from] ability: Drizzle|[of] p1a: Throat Goat\n|move|p2a: Sneasler|Swords Dance|p2a: Sneasler\n|-boost|p2a: Sneasler|atk|2\n|\n|-weather|RainDance|[upkeep]\n|-heal|p2a: Sneasler|99\/100|[from] Grassy Terrain\n|upkeep\n|turn|5\n|inactive|Battle timer is ON: inactive players will automatically lose when time's up. (requested by GHollow)\n|\n|t:|1701025660\n|move|p2a: Sneasler|Dire Claw|p1a: Throat Goat\n|-damage|p1a: Throat Goat|34\/100\n|-status|p1a: Throat Goat|par\n|move|p1a: Throat Goat|Hurricane|p2a: Sneasler\n|-supereffective|p2a: Sneasler\n|-damage|p2a: Sneasler|2\/100\n|\n|-weather|RainDance|[upkeep]\n|-heal|p2a: Sneasler|8\/100|[from] Grassy Terrain\n|-fieldend|move: Grassy Terrain\n|upkeep\n|turn|6\n|\n|t:|1701025670\n|move|p2a: Sneasler|Dire Claw|p1a: Throat Goat\n|-damage|p1a: Throat Goat|0 fnt\n|faint|p1a: Throat Goat\n|\n|-weather|RainDance|[upkeep]\n|upkeep\n|\n|t:|1701025676\n|switch|p1a: MEGATRON|Golisopod, F|66\/100\n|turn|7\n|\n|t:|1701025681\n|-terastallize|p2a: Sneasler|Flying\n|move|p1a: MEGATRON|First Impression|p2a: Sneasler\n|-resisted|p2a: Sneasler\n|-damage|p2a: Sneasler|0 fnt\n|faint|p2a: Sneasler\n|\n|-weather|RainDance|[upkeep]\n|upkeep\n|\n|t:|1701025696\n|switch|p2a: Rillaboom|Rillaboom, M, shiny|43\/100\n|-fieldstart|move: Grassy Terrain|[from] ability: Grassy Surge|[of] p2a: Rillaboom\n|turn|8\n|\n|t:|1701025702\n|switch|p1a: Unite|Garchomp, M|50\/100\n|move|p2a: Rillaboom|Grassy Glide|p1a: Unite\n|-damage|p1a: Unite|0 fnt\n|-damage|p2a: Rillaboom|31\/100|[from] ability: Rough Skin|[of] p1a: Unite\n|-damage|p2a: Rillaboom|14\/100|[from] item: Rocky Helmet|[of] p1a: Unite\n|faint|p1a: Unite\n|\n|-weather|RainDance|[upkeep]\n|-heal|p2a: Rillaboom|20\/100|[from] Grassy Terrain\n|upkeep\n|\n|t:|1701025712\n|switch|p1a: MEGATRON|Golisopod, F|66\/100\n|turn|9\n|l|\u2606pokerstargeorge\n|inactive|pokerstargeorge disconnected and has a minute to reconnect!\n|player|p2|\n|j|\u2606pokerstargeorge\n|inactive|pokerstargeorge reconnected and has 120 seconds left.\n|player|p2|pokerstargeorge|biker-gen4\n|\n|t:|1701025750\n|move|p1a: MEGATRON|First Impression|p2a: Rillaboom\n|-supereffective|p2a: Rillaboom\n|-damage|p2a: Rillaboom|0 fnt\n|faint|p2a: Rillaboom\n|\n|-weather|RainDance|[upkeep]\n|-heal|p1a: MEGATRON|72\/100|[from] Grassy Terrain\n|upkeep\n|\n|t:|1701025759\n|switch|p2a: Maushold|Maushold-Four|100\/100\n|turn|10\n|\n|t:|1701025763\n|move|p2a: Maushold|Tidy Up|p2a: Maushold\n|-boost|p2a: Maushold|atk|1\n|-boost|p2a: Maushold|spe|1\n|move|p1a: MEGATRON|Liquidation|p2a: Maushold\n|-damage|p2a: Maushold|9\/100\n|\n|-weather|RainDance|[upkeep]\n|-heal|p2a: Maushold|15\/100|[from] Grassy Terrain\n|-heal|p1a: MEGATRON|78\/100|[from] Grassy Terrain\n|upkeep\n|turn|11\n|\n|t:|1701025772\n|switch|p1a: Red Fish|Gyarados, M, shiny|100\/100\n|-ability|p1a: Red Fish|Intimidate|boost\n|-unboost|p2a: Maushold|atk|1\n|move|p2a: Maushold|Population Bomb|p1a: Red Fish\n|-damage|p1a: Red Fish|90\/100\n|-damage|p1a: Red Fish|79\/100\n|-damage|p1a: Red Fish|68\/100\n|-damage|p1a: Red Fish|57\/100\n|-damage|p1a: Red Fish|46\/100\n|-damage|p1a: Red Fish|36\/100\n|-damage|p1a: Red Fish|26\/100\n|-crit|p1a: Red Fish\n|-damage|p1a: Red Fish|10\/100\n|-damage|p1a: Red Fish|0 fnt\n|faint|p1a: Red Fish\n|-hitcount|p1: Red Fish|9\n|\n|-weather|none\n|-heal|p2a: Maushold|22\/100|[from] Grassy Terrain\n|upkeep\n|\n|t:|1701025790\n|switch|p1a: MEGATRON|Golisopod, F|78\/100\n|turn|12\n|\n|t:|1701025795\n|switch|p2a: Bisharp|Bisharp, M|100\/100\n|move|p1a: MEGATRON|First Impression|p2a: Bisharp\n|-damage|p2a: Bisharp|64\/100\n|\n|-heal|p2a: Bisharp|70\/100|[from] Grassy Terrain\n|-heal|p1a: MEGATRON|85\/100|[from] Grassy Terrain\n|-fieldend|move: Grassy Terrain\n|upkeep\n|turn|13\n|\n|t:|1701025804\n|switch|p1a: Ace|Samurott-Hisui, M|100\/100\n|move|p2a: Bisharp|Swords Dance|p2a: Bisharp\n|-boost|p2a: Bisharp|atk|2\n|\n|upkeep\n|turn|14\n|\n|t:|1701025810\n|move|p1a: Ace|Sacred Sword|p2a: Bisharp\n|-supereffective|p2a: Bisharp\n|-damage|p2a: Bisharp|0 fnt\n|faint|p2a: Bisharp\n|\n|upkeep\n|\n|t:|1701025818\n|switch|p2a: Maushold|Maushold-Four|22\/100\n|turn|15\n|\n|t:|1701025821\n|move|p1a: Ace|Sacred Sword|p2a: Maushold\n|-supereffective|p2a: Maushold\n|-damage|p2a: Maushold|0 fnt\n|faint|p2a: Maushold\n|\n|upkeep\n|\n|t:|1701025827\n|switch|p2a: Slowking|Slowking-Galar, F|100\/100\n|turn|16\n|\n|t:|1701025832\n|switch|p1a: Opium Crab|Kingler, M|100\/100\n|move|p2a: Slowking|Trick Room|p2a: Slowking\n|-fieldstart|move: Trick Room|[of] p2a: Slowking\n|\n|upkeep\n|turn|17\n|\n|t:|1701025839\n|move|p2a: Slowking|Sludge Bomb|p1a: Opium Crab\n|-damage|p1a: Opium Crab|16\/100\n|-status|p1a: Opium Crab|psn\n|move|p1a: Opium Crab|Liquidation|p2a: Slowking\n|-damage|p2a: Slowking|23\/100\n|\n|-heal|p2a: Slowking|29\/100|[from] item: Leftovers\n|-damage|p1a: Opium Crab|3\/100 psn|[from] psn\n|upkeep\n|turn|18\n|\n|t:|1701025852\n|move|p2a: Slowking|Sludge Bomb|p1a: Opium Crab\n|-damage|p1a: Opium Crab|0 fnt\n|faint|p1a: Opium Crab\n|\n|-heal|p2a: Slowking|36\/100|[from] item: Leftovers\n|upkeep\n|\n|t:|1701025859\n|switch|p1a: MEGATRON|Golisopod, F|85\/100\n|turn|19\n|\n|t:|1701025889\n|move|p1a: MEGATRON|First Impression|p2a: Slowking\n|-damage|p2a: Slowking|0 fnt\n|faint|p2a: Slowking\n|\n|upkeep\n|\n|t:|1701025893\n|switch|p2a: Marowak|Marowak-Alola, M|100\/100\n|turn|20\n|\n|t:|1701025900\n|-zpower|p1a: MEGATRON\n|move|p1a: MEGATRON|Hydro Vortex|p2a: Marowak|[zeffect]\n|-supereffective|p2a: Marowak\n|-damage|p2a: Marowak|0 fnt\n|faint|p2a: Marowak\n|\n|win|GHollow\n|raw|GHollow's rating: 1144 &rarr; <strong>1176<\/strong><br \/>(+32 for winning)\n|raw|pokerstargeorge's rating: 1237 &rarr; <strong>1205<\/strong><br \/>(-32 for losing)\n|l|\u2606pokerstargeorge\n","uploadtime":1701025910,"views":1,"p1id":"ghollow","p2id":"pokerstargeorge","formatid":"gen9nationaldex","rating":1176,"private":0,"password":""}