{"id":"gen9nationaldex-1994722689","p1":"cyc2002","p2":"williayuchiyan","format":"[Gen 9] National Dex","log":"|html|<div class=\"broadcast-blue\"><strong>[Gen 9] National Dex is currently suspecting Sneasler! For information on how to participate check out the <a href=\"https:\/\/www.smogon.com\/forums\/threads\/sv-national-dex-suspect-8-just-dance.3731534\/\">suspect thread<\/a>.<\/strong><\/div>\n|j|\u2606cyc2002\n|j|\u2606williayuchiyan\n|t:|1700485793\n|gametype|singles\n|player|p1|cyc2002|169|1260\n|player|p2|williayuchiyan|steven|1201\n|teamsize|p1|6\n|teamsize|p2|6\n|gen|9\n|tier|[Gen 9] National Dex\n|rated|\n|rule|HP Percentage Mod: HP is shown in percentages\n|rule|Endless Battle Clause: Forcing endless battles is banned\n|rule|OHKO Clause: OHKO moves are banned\n|rule|Evasion Clause: Evasion abilities, items, and moves are banned\n|rule|Evasion Abilities Clause: Evasion abilities are banned\n|rule|Evasion Items Clause: Evasion items are banned\n|rule|Evasion Moves Clause: Evasion moves are banned\n|rule|Species Clause: Limit one of each Pok\u00e9mon\n|rule|Sleep Clause Mod: Limit one foe put to sleep\n|clearpoke\n|poke|p1|Marowak-Alola, M|\n|poke|p1|Porygon2|\n|poke|p1|Mawile, M|\n|poke|p1|Cresselia, F|\n|poke|p1|Hatterene, F|\n|poke|p1|Enamorus-Therian, F|\n|poke|p2|Glimmora, M|\n|poke|p2|Alomomola, M|\n|poke|p2|Heatran, M|\n|poke|p2|Garganacl, M|\n|poke|p2|Banette, M|\n|poke|p2|Corviknight, M|\n|teampreview\n|inactive|Battle timer is ON: inactive players will automatically lose when time's up. (requested by williayuchiyan)\n|\n|t:|1700485804\n|start\n|switch|p1a: Hatterene|Hatterene, F, shiny|100\/100\n|switch|p2a: Glimmora|Glimmora, M, shiny|100\/100\n|turn|1\n|\n|t:|1700485812\n|move|p2a: Glimmora|Mortal Spin|p1a: Hatterene\n|-supereffective|p1a: Hatterene\n|-crit|p1a: Hatterene\n|-damage|p1a: Hatterene|83\/100\n|-status|p1a: Hatterene|psn\n|move|p1a: Hatterene|Trick Room|p1a: Hatterene\n|-fieldstart|move: Trick Room|[of] p1a: Hatterene\n|\n|-damage|p1a: Hatterene|71\/100 psn|[from] psn\n|upkeep\n|turn|2\n|\n|t:|1700485832\n|switch|p1a: Mawile|Mawile, M, shiny|100\/100\n|switch|p2a: Garganacl|Garganacl, M, shiny|100\/100\n|\n|upkeep\n|turn|3\n|\n|t:|1700485844\n|detailschange|p1a: Mawile|Mawile-Mega, M, shiny\n|-mega|p1a: Mawile|Mawile|Mawilite\n|move|p2a: Garganacl|Salt Cure|p1a: Mawile\n|-resisted|p1a: Mawile\n|-damage|p1a: Mawile|94\/100\n|-start|p1a: Mawile|Salt Cure\n|move|p1a: Mawile|Iron Head|p2a: Garganacl\n|-supereffective|p2a: Garganacl\n|-damage|p2a: Garganacl|4\/100\n|\n|-heal|p2a: Garganacl|10\/100|[from] item: Leftovers\n|-damage|p1a: Mawile|69\/100|[from] Salt Cure\n|upkeep\n|turn|4\n|\n|t:|1700485855\n|move|p2a: Garganacl|Protect|p2a: Garganacl\n|-singleturn|p2a: Garganacl|Protect\n|move|p1a: Mawile|Iron Head|p2a: Garganacl\n|-activate|p2a: Garganacl|move: Protect\n|\n|-heal|p2a: Garganacl|16\/100|[from] item: Leftovers\n|-damage|p1a: Mawile|44\/100|[from] Salt Cure\n|upkeep\n|turn|5\n|\n|t:|1700485865\n|switch|p2a: Alomomola|Alomomola, M, shiny|100\/100\n|move|p1a: Mawile|Iron Head|p2a: Alomomola\n|-resisted|p2a: Alomomola\n|-damage|p2a: Alomomola|70\/100\n|\n|-heal|p2a: Alomomola|76\/100|[from] item: Leftovers\n|-damage|p1a: Mawile|19\/100|[from] Salt Cure\n|-fieldend|move: Trick Room\n|upkeep\n|turn|6\n|\n|t:|1700485872\n|switch|p1a: Enamorus|Enamorus-Therian, F|100\/100\n|move|p2a: Alomomola|Wish|p2a: Alomomola\n|\n|-heal|p2a: Alomomola|82\/100|[from] item: Leftovers\n|upkeep\n|turn|7\n|\n|t:|1700485882\n|move|p2a: Alomomola|Flip Turn|p1a: Enamorus\n|-damage|p1a: Enamorus|83\/100\n|\n|t:|1700485884\n|switch|p2a: Garganacl|Garganacl, M, shiny|16\/100|[from] Flip Turn\n|move|p1a: Enamorus|Calm Mind|p1a: Enamorus\n|-boost|p1a: Enamorus|spa|1\n|-boost|p1a: Enamorus|spd|1\n|\n|-heal|p2a: Garganacl|80\/100|[from] move: Wish|[wisher] Alomomola\n|-heal|p2a: Garganacl|86\/100|[from] item: Leftovers\n|upkeep\n|turn|8\n|\n|t:|1700485904\n|move|p1a: Enamorus|Earth Power|p2a: Garganacl\n|-supereffective|p2a: Garganacl\n|-damage|p2a: Garganacl|16\/100\n|move|p2a: Garganacl|Salt Cure|p1a: Enamorus\n|-supereffective|p1a: Enamorus\n|-damage|p1a: Enamorus|56\/100\n|-start|p1a: Enamorus|Salt Cure\n|\n|-heal|p2a: Garganacl|23\/100|[from] item: Leftovers\n|-damage|p1a: Enamorus|44\/100|[from] Salt Cure\n|upkeep\n|turn|9\n|\n|t:|1700485910\n|move|p2a: Garganacl|Protect|p2a: Garganacl\n|-singleturn|p2a: Garganacl|Protect\n|move|p1a: Enamorus|Calm Mind|p1a: Enamorus\n|-boost|p1a: Enamorus|spa|1\n|-boost|p1a: Enamorus|spd|1\n|\n|-heal|p2a: Garganacl|29\/100|[from] item: Leftovers\n|-damage|p1a: Enamorus|31\/100|[from] Salt Cure\n|upkeep\n|turn|10\n|\n|t:|1700485915\n|switch|p2a: Corviknight|Corviknight, M, shiny|100\/100\n|-zpower|p1a: Enamorus\n|move|p1a: Enamorus|Twinkle Tackle|p2a: Corviknight|[zeffect]\n|-resisted|p2a: Corviknight\n|-damage|p2a: Corviknight|10\/100\n|\n|-heal|p2a: Corviknight|16\/100|[from] item: Leftovers\n|-damage|p1a: Enamorus|19\/100|[from] Salt Cure\n|upkeep\n|turn|11\n|\n|t:|1700485925\n|move|p2a: Corviknight|Roost|p2a: Corviknight\n|-heal|p2a: Corviknight|66\/100\n|-singleturn|p2a: Corviknight|move: Roost\n|move|p1a: Enamorus|Mystical Fire|p2a: Corviknight\n|-supereffective|p2a: Corviknight\n|-crit|p2a: Corviknight\n|-damage|p2a: Corviknight|0 fnt\n|faint|p2a: Corviknight\n|\n|-damage|p1a: Enamorus|7\/100|[from] Salt Cure\n|upkeep\n|\n|t:|1700485937\n|switch|p2a: Garganacl|Garganacl, M, shiny|29\/100\n|turn|12\n|\n|t:|1700485943\n|switch|p1a: Porygon2|Porygon2|100\/100\n|-ability|p1a: Porygon2|Download|boost\n|-boost|p1a: Porygon2|spa|1\n|move|p2a: Garganacl|Protect||[still]\n|-fail|p2a: Garganacl\n|\n|-heal|p2a: Garganacl|35\/100|[from] item: Leftovers\n|upkeep\n|turn|13\n|\n|t:|1700485954\n|switch|p2a: Heatran|Heatran, M, shiny|100\/100\n|move|p1a: Porygon2|Trick Room|p1a: Porygon2\n|-fieldstart|move: Trick Room|[of] p1a: Porygon2\n|\n|upkeep\n|turn|14\n|\n|t:|1700485957\n|move|p2a: Heatran|Magma Storm|p1a: Porygon2\n|-damage|p1a: Porygon2|67\/100\n|-activate|p1a: Porygon2|move: Magma Storm|[of] p2a: Heatran\n|move|p1a: Porygon2|Teleport|p1a: Porygon2\n|\n|t:|1700485962\n|switch|p1a: Marowak|Marowak-Alola, M, shiny|100\/100|[from] Teleport\n|\n|upkeep\n|turn|15\n|\n|t:|1700485967\n|move|p1a: Marowak|Bonemerang|p2a: Heatran\n|-supereffective|p2a: Heatran\n|-damage|p2a: Heatran|0 fnt\n|faint|p2a: Heatran\n|-hitcount|p2: Heatran|1\n|\n|upkeep\n|\n|t:|1700485972\n|switch|p2a: Alomomola|Alomomola, M, shiny|100\/100\n|turn|16\n|\n|t:|1700485979\n|move|p1a: Marowak|Swords Dance|p1a: Marowak\n|-boost|p1a: Marowak|atk|2\n|move|p2a: Alomomola|Toxic|p1a: Marowak\n|-status|p1a: Marowak|tox\n|\n|-damage|p1a: Marowak|94\/100 tox|[from] psn\n|upkeep\n|turn|17\n|\n|t:|1700485983\n|move|p1a: Marowak|Poltergeist|p2a: Alomomola\n|-activate|p2a: Alomomola|move: Poltergeist|Leftovers\n|-damage|p2a: Alomomola|0 fnt\n|faint|p2a: Alomomola\n|\n|-damage|p1a: Marowak|82\/100 tox|[from] psn\n|-fieldend|move: Trick Room\n|upkeep\n|\n|t:|1700485989\n|switch|p2a: Garganacl|Garganacl, M, shiny|35\/100\n|turn|18\n|\n|t:|1700485992\n|move|p1a: Marowak|Bonemerang|p2a: Garganacl\n|-supereffective|p2a: Garganacl\n|-damage|p2a: Garganacl|0 fnt\n|faint|p2a: Garganacl\n|-hitcount|p2: Garganacl|1\n|\n|-damage|p1a: Marowak|63\/100 tox|[from] psn\n|upkeep\n|\n|t:|1700485996\n|switch|p2a: Banette|Banette, M|100\/100\n|turn|19\n|\n|t:|1700486000\n|detailschange|p2a: Banette|Banette-Mega, M\n|-mega|p2a: Banette|Banette|Banettite\n|move|p2a: Banette|Poltergeist|p1a: Marowak\n|-activate|p1a: Marowak|move: Poltergeist|Thick Club\n|-supereffective|p1a: Marowak\n|-damage|p1a: Marowak|0 fnt\n|faint|p1a: Marowak\n|\n|upkeep\n|\n|t:|1700486007\n|switch|p1a: Porygon2|Porygon2|67\/100\n|-ability|p1a: Porygon2|Download|boost\n|-boost|p1a: Porygon2|spa|1\n|turn|20\n|\n|t:|1700486010\n|move|p2a: Banette|Encore||[still]\n|-fail|p2a: Banette\n|move|p1a: Porygon2|Trick Room|p1a: Porygon2\n|-fieldstart|move: Trick Room|[of] p1a: Porygon2\n|\n|upkeep\n|turn|21\n|\n|t:|1700486014\n|move|p2a: Banette|Encore|p1a: Porygon2\n|-start|p1a: Porygon2|Encore\n|move|p1a: Porygon2|Trick Room|p1a: Porygon2\n|-fieldend|move: Trick Room\n|\n|upkeep\n|turn|22\n|\n|t:|1700486018\n|move|p2a: Banette|Infestation|p1a: Porygon2\n|-damage|p1a: Porygon2|64\/100\n|-activate|p1a: Porygon2|move: Infestation|[of] p2a: Banette\n|move|p1a: Porygon2|Trick Room|p1a: Porygon2\n|-fieldstart|move: Trick Room|[of] p1a: Porygon2\n|\n|-damage|p1a: Porygon2|52\/100|[from] move: Infestation|[partiallytrapped]\n|upkeep\n|turn|23\n|\n|t:|1700486024\n|move|p2a: Banette|Infestation|p1a: Porygon2\n|-damage|p1a: Porygon2|49\/100\n|move|p1a: Porygon2|Trick Room|p1a: Porygon2\n|-fieldend|move: Trick Room\n|\n|-damage|p1a: Porygon2|37\/100|[from] move: Infestation|[partiallytrapped]\n|-end|p1a: Porygon2|Encore\n|upkeep\n|turn|24\n|\n|t:|1700486029\n|move|p2a: Banette|Encore|p1a: Porygon2\n|-start|p1a: Porygon2|Encore\n|move|p1a: Porygon2|Trick Room|p1a: Porygon2\n|-fieldstart|move: Trick Room|[of] p1a: Porygon2\n|\n|-damage|p1a: Porygon2|25\/100|[from] move: Infestation|[partiallytrapped]\n|upkeep\n|turn|25\n|\n|t:|1700486033\n|move|p2a: Banette|Infestation|p1a: Porygon2\n|-damage|p1a: Porygon2|22\/100\n|move|p1a: Porygon2|Trick Room|p1a: Porygon2\n|-fieldend|move: Trick Room\n|\n|-damage|p1a: Porygon2|10\/100|[from] move: Infestation|[partiallytrapped]\n|upkeep\n|turn|26\n|\n|t:|1700486036\n|move|p2a: Banette|Infestation|p1a: Porygon2\n|-damage|p1a: Porygon2|7\/100\n|move|p1a: Porygon2|Trick Room|p1a: Porygon2\n|-fieldstart|move: Trick Room|[of] p1a: Porygon2\n|\n|-damage|p1a: Porygon2|0 fnt|[from] move: Infestation|[partiallytrapped]\n|faint|p1a: Porygon2\n|upkeep\n|\n|t:|1700486042\n|switch|p1a: Mawile|Mawile-Mega, M, shiny|19\/100\n|turn|27\n|\n|t:|1700486048\n|move|p1a: Mawile|Sucker Punch|p2a: Banette\n|-supereffective|p2a: Banette\n|-damage|p2a: Banette|2\/100\n|move|p2a: Banette|Poltergeist|p1a: Mawile\n|-activate|p1a: Mawile|move: Poltergeist|Mawilite\n|-damage|p1a: Mawile|0 fnt\n|faint|p1a: Mawile\n|\n|upkeep\n|\n|t:|1700486054\n|switch|p1a: Cresselia|Cresselia, F, shiny|100\/100\n|turn|28\n|\n|t:|1700486059\n|move|p2a: Banette|Destiny Bond|p2a: Banette\n|-singlemove|p2a: Banette|Destiny Bond\n|move|p1a: Cresselia|Future Sight|p2a: Banette\n|-start|p1a: Cresselia|move: Future Sight\n|\n|upkeep\n|turn|29\n|\n|t:|1700486073\n|switch|p2a: Glimmora|Glimmora, M, shiny|100\/100\n|move|p1a: Cresselia|Moonlight|p1a: Cresselia\n|-fail|p1a: Cresselia|heal\n|\n|upkeep\n|turn|30\n|\n|t:|1700486087\n|move|p1a: Cresselia|Lunar Dance|p1a: Cresselia\n|faint|p1a: Cresselia\n|move|p2a: Glimmora|Mortal Spin|p1: Cresselia|[notarget]\n|-fail|p2a: Glimmora\n|\n|-end|p2a: Glimmora|move: Future Sight\n|-supereffective|p2a: Glimmora\n|-damage|p2a: Glimmora|31\/100\n|-fieldend|move: Trick Room\n|upkeep\n|\n|t:|1700486090\n|switch|p1a: Enamorus|Enamorus-Therian, F|7\/100\n|-heal|p1a: Enamorus|100\/100|[from] move: Lunar Dance\n|turn|31\n|\n|t:|1700486094\n|-terastallize|p2a: Glimmora|Rock\n|move|p2a: Glimmora|Power Gem|p1a: Enamorus\n|-supereffective|p1a: Enamorus\n|-damage|p1a: Enamorus|8\/100\n|move|p1a: Enamorus|Earth Power|p2a: Glimmora\n|-supereffective|p2a: Glimmora\n|-damage|p2a: Glimmora|0 fnt\n|faint|p2a: Glimmora\n|\n|upkeep\n|\n|t:|1700486100\n|switch|p2a: Banette|Banette-Mega, M|2\/100\n|turn|32\n|\n|t:|1700486104\n|move|p2a: Banette|Poltergeist|p1a: Enamorus\n|-activate|p1a: Enamorus|move: Poltergeist|Fairium Z\n|-damage|p1a: Enamorus|0 fnt\n|faint|p1a: Enamorus\n|\n|upkeep\n|\n|t:|1700486107\n|switch|p1a: Hatterene|Hatterene, F, shiny|71\/100 psn\n|turn|33\n|\n|t:|1700486113\n|move|p2a: Banette|Poltergeist|p1a: Hatterene\n|-activate|p1a: Hatterene|move: Poltergeist|Focus Sash\n|-supereffective|p1a: Hatterene\n|-damage|p1a: Hatterene|0 fnt\n|faint|p1a: Hatterene\n|\n|win|williayuchiyan\n|raw|cyc2002's rating: 1260 &rarr; <strong>1231<\/strong><br \/>(-29 for losing)\n|raw|williayuchiyan's rating: 1201 &rarr; <strong>1230<\/strong><br \/>(+29 for winning)\n","uploadtime":1700486127,"views":5,"p1id":"cyc2002","p2id":"williayuchiyan","formatid":"gen9nationaldex","rating":1230,"private":0,"password":""}