{"id":"gen9nationaldex-1994863629","p1":"Tpd le Spew","p2":"Francuz27","format":"[Gen 9] National Dex","log":"|html|<div class=\"broadcast-blue\"><strong>[Gen 9] National Dex is currently suspecting Sneasler! For information on how to participate check out the <a href=\"https:\/\/www.smogon.com\/forums\/threads\/sv-national-dex-suspect-8-just-dance.3731534\/\">suspect thread<\/a>.<\/strong><\/div>\n|j|\u2606Tpd le Spew\n|j|\u2606Francuz27\n|t:|1700499712\n|gametype|singles\n|player|p1|Tpd le Spew|drayden|1810\n|player|p2|Francuz27|102|1679\n|teamsize|p1|6\n|teamsize|p2|6\n|gen|9\n|tier|[Gen 9] National Dex\n|rated|\n|rule|HP Percentage Mod: HP is shown in percentages\n|rule|Endless Battle Clause: Forcing endless battles is banned\n|rule|OHKO Clause: OHKO moves are banned\n|rule|Evasion Clause: Evasion abilities, items, and moves are banned\n|rule|Evasion Abilities Clause: Evasion abilities are banned\n|rule|Evasion Items Clause: Evasion items are banned\n|rule|Evasion Moves Clause: Evasion moves are banned\n|rule|Species Clause: Limit one of each Pok\u00e9mon\n|rule|Sleep Clause Mod: Limit one foe put to sleep\n|clearpoke\n|poke|p1|Raikou|\n|poke|p1|Suicune|\n|poke|p1|Entei|\n|poke|p1|Tyranitar, M|\n|poke|p1|Celebi|\n|poke|p1|Skarmory, M|\n|poke|p2|Pelipper, M|\n|poke|p2|Skarmory, M|\n|poke|p2|Swampert, M|\n|poke|p2|Ludicolo, F|\n|poke|p2|Barraskewda, F|\n|poke|p2|Goodra, F|\n|teampreview\n|c|\u2606Tpd le Spew|Glhf\n|c|\u2606Francuz27|Glhf\n|\n|t:|1700499752\n|start\n|switch|p1a: Kubo|Raikou, shiny|100\/100\n|switch|p2a: Pelipper|Pelipper, M|100\/100\n|-ability|p1a: Kubo|Pressure\n|-weather|RainDance|[from] ability: Drizzle|[of] p2a: Pelipper\n|turn|1\n|\n|t:|1700499768\n|switch|p1a: Rock|Tyranitar, M, shiny|100\/100\n|-weather|Sandstorm|[from] ability: Sand Stream|[of] p1a: Rock\n|switch|p2a: Goodra|Goodra, F|100\/100\n|\n|-weather|Sandstorm|[upkeep]\n|-damage|p2a: Goodra|94\/100|[from] Sandstorm\n|upkeep\n|turn|2\n|j| robopomo\n|\n|t:|1700499779\n|switch|p2a: Skarmory|Skarmory, M|100\/100\n|move|p1a: Rock|Stealth Rock|p2a: Skarmory\n|-sidestart|p2: Francuz27|move: Stealth Rock\n|\n|-weather|Sandstorm|[upkeep]\n|upkeep\n|turn|3\n|\n|t:|1700499787\n|switch|p1a: Moose|Suicune, shiny|100\/100\n|-ability|p1a: Moose|Pressure\n|move|p2a: Skarmory|Spikes|p1a: Moose\n|-sidestart|p1: Tpd le Spew|Spikes\n|\n|-weather|Sandstorm|[upkeep]\n|-damage|p1a: Moose|94\/100|[from] Sandstorm\n|-heal|p1a: Moose|100\/100|[from] item: Leftovers\n|upkeep\n|turn|4\n|\n|t:|1700499797\n|move|p1a: Moose|Substitute|p1a: Moose\n|-start|p1a: Moose|Substitute\n|-damage|p1a: Moose|75\/100\n|move|p2a: Skarmory|Toxic|p1a: Moose|[miss]\n|-miss|p2a: Skarmory|p1a: Moose\n|\n|-weather|Sandstorm|[upkeep]\n|-damage|p1a: Moose|69\/100|[from] Sandstorm\n|-heal|p1a: Moose|75\/100|[from] item: Leftovers\n|upkeep\n|turn|5\n|\n|t:|1700499806\n|move|p1a: Moose|Scald|p2a: Skarmory\n|-damage|p2a: Skarmory|64\/100\n|-status|p2a: Skarmory|brn\n|move|p2a: Skarmory|Whirlwind|p1a: Moose\n|drag|p1a: Scissors|Skarmory, M, shiny|100\/100\n|\n|-weather|none\n|-damage|p2a: Skarmory|58\/100 brn|[from] brn\n|upkeep\n|turn|6\n|l| robopomo\n|\n|t:|1700499824\n|switch|p2a: Pelipper|Pelipper, M|100\/100\n|-damage|p2a: Pelipper|75\/100|[from] Stealth Rock\n|-weather|RainDance|[from] ability: Drizzle|[of] p2a: Pelipper\n|move|p1a: Scissors|Spikes|p2a: Pelipper\n|-sidestart|p2: Francuz27|Spikes\n|\n|-weather|RainDance|[upkeep]\n|upkeep\n|turn|7\n|\n|t:|1700499833\n|switch|p1a: Rock|Tyranitar, M, shiny|100\/100\n|-damage|p1a: Rock|88\/100|[from] Spikes\n|-weather|Sandstorm|[from] ability: Sand Stream|[of] p1a: Rock\n|move|p2a: Pelipper|U-turn|p1a: Rock\n|-supereffective|p1a: Rock\n|-damage|p1a: Rock|74\/100\n|\n|t:|1700499840\n|switch|p2a: Barraskewda|Barraskewda, F|100\/100|[from] U-turn\n|-damage|p2a: Barraskewda|88\/100|[from] Stealth Rock\n|-damage|p2a: Barraskewda|76\/100|[from] Spikes\n|\n|-weather|Sandstorm|[upkeep]\n|-damage|p2a: Barraskewda|70\/100|[from] Sandstorm\n|-heal|p1a: Rock|80\/100|[from] item: Leftovers\n|upkeep\n|turn|8\n|j| Aziz Le Bledart\n|l| Aziz Le Bledart\n|\n|t:|1700499849\n|switch|p1a: Scissors|Skarmory, M, shiny|100\/100\n|-terastallize|p2a: Barraskewda|Water\n|move|p2a: Barraskewda|Liquidation|p1a: Scissors\n|-damage|p1a: Scissors|46\/100\n|-damage|p2a: Barraskewda|54\/100|[from] item: Rocky Helmet|[of] p1a: Scissors\n|\n|-weather|Sandstorm|[upkeep]\n|-damage|p2a: Barraskewda|48\/100|[from] Sandstorm\n|upkeep\n|turn|9\n|\n|t:|1700499871\n|switch|p1a: Paper|Celebi|100\/100\n|-damage|p1a: Paper|88\/100|[from] Spikes\n|move|p2a: Barraskewda|Liquidation|p1a: Paper\n|-resisted|p1a: Paper\n|-damage|p1a: Paper|56\/100\n|\n|-weather|Sandstorm|[upkeep]\n|-damage|p2a: Barraskewda|42\/100|[from] Sandstorm\n|-damage|p1a: Paper|50\/100|[from] Sandstorm\n|-heal|p1a: Paper|56\/100|[from] item: Leftovers\n|upkeep\n|turn|10\n|\n|t:|1700499891\n|switch|p2a: Goodra|Goodra, F|94\/100\n|-damage|p2a: Goodra|82\/100|[from] Stealth Rock\n|-damage|p2a: Goodra|70\/100|[from] Spikes\n|move|p1a: Paper|Giga Drain|p2a: Goodra\n|-ability|p2a: Goodra|Sap Sipper|boost\n|-boost|p2a: Goodra|atk|1\n|\n|-weather|Sandstorm|[upkeep]\n|-damage|p1a: Paper|50\/100|[from] Sandstorm\n|-damage|p2a: Goodra|64\/100|[from] Sandstorm\n|-heal|p1a: Paper|56\/100|[from] item: Leftovers\n|upkeep\n|turn|11\n|\n|t:|1700499906\n|move|p1a: Paper|Rest|p1a: Paper\n|-status|p1a: Paper|slp|[from] move: Rest\n|-heal|p1a: Paper|100\/100 slp|[silent]\n|move|p2a: Goodra|Draco Meteor|p1a: Paper\n|-damage|p1a: Paper|48\/100 slp\n|-unboost|p2a: Goodra|spa|2\n|\n|-weather|none\n|-heal|p1a: Paper|54\/100 slp|[from] item: Leftovers\n|upkeep\n|turn|12\n|\n|t:|1700499920\n|-curestatus|p1a: Paper|slp|[from] ability: Natural Cure\n|switch|p1a: Kubo|Raikou, shiny|100\/100\n|-damage|p1a: Kubo|88\/100|[from] Spikes\n|-ability|p1a: Kubo|Pressure\n|switch|p2a: Pelipper|Pelipper, M|75\/100\n|-damage|p2a: Pelipper|50\/100|[from] Stealth Rock\n|-weather|RainDance|[from] ability: Drizzle|[of] p2a: Pelipper\n|\n|-weather|RainDance|[upkeep]\n|-heal|p1a: Kubo|94\/100|[from] item: Leftovers\n|upkeep\n|turn|13\n|j| ibituruna\n|\n|t:|1700499933\n|switch|p2a: Swampert|Swampert, M|100\/100\n|-damage|p2a: Swampert|94\/100|[from] Stealth Rock\n|-damage|p2a: Swampert|82\/100|[from] Spikes\n|move|p1a: Kubo|Substitute|p1a: Kubo\n|-start|p1a: Kubo|Substitute\n|-damage|p1a: Kubo|69\/100\n|\n|-weather|RainDance|[upkeep]\n|-heal|p1a: Kubo|76\/100|[from] item: Leftovers\n|upkeep\n|turn|14\n|\n|t:|1700499944\n|detailschange|p2a: Swampert|Swampert-Mega, M\n|-mega|p2a: Swampert|Swampert|Swampertite\n|move|p1a: Kubo|Protect|p1a: Kubo\n|-singleturn|p1a: Kubo|Protect\n|move|p2a: Swampert|Earthquake|p1a: Kubo\n|-activate|p1a: Kubo|move: Protect\n|\n|-weather|RainDance|[upkeep]\n|-heal|p1a: Kubo|82\/100|[from] item: Leftovers\n|upkeep\n|turn|15\n|\n|t:|1700499963\n|move|p2a: Swampert|Waterfall|p1a: Kubo\n|-end|p1a: Kubo|Substitute\n|move|p1a: Kubo|Scald|p2a: Swampert\n|-crit|p2a: Swampert\n|-damage|p2a: Swampert|36\/100\n|-status|p2a: Swampert|brn\n|\n|-weather|RainDance|[upkeep]\n|-heal|p1a: Kubo|88\/100|[from] item: Leftovers\n|-damage|p2a: Swampert|30\/100 brn|[from] brn\n|upkeep\n|turn|16\n|\n|t:|1700499973\n|move|p1a: Kubo|Protect|p1a: Kubo\n|-singleturn|p1a: Kubo|Protect\n|move|p2a: Swampert|Waterfall|p1a: Kubo\n|-activate|p1a: Kubo|move: Protect\n|\n|-weather|RainDance|[upkeep]\n|-heal|p1a: Kubo|94\/100|[from] item: Leftovers\n|-damage|p2a: Swampert|23\/100 brn|[from] brn\n|upkeep\n|turn|17\n|\n|t:|1700499984\n|switch|p1a: Paper|Celebi|54\/100\n|-damage|p1a: Paper|42\/100|[from] Spikes\n|move|p2a: Swampert|Waterfall|p1a: Paper\n|-resisted|p1a: Paper\n|-damage|p1a: Paper|30\/100\n|\n|-weather|RainDance|[upkeep]\n|-heal|p1a: Paper|36\/100|[from] item: Leftovers\n|-damage|p2a: Swampert|17\/100 brn|[from] brn\n|upkeep\n|turn|18\n|\n|t:|1700499995\n|move|p2a: Swampert|Ice Punch|p1a: Paper\n|-supereffective|p1a: Paper\n|-damage|p1a: Paper|14\/100\n|move|p1a: Paper|Rest|p1a: Paper\n|-status|p1a: Paper|slp|[from] move: Rest\n|-heal|p1a: Paper|100\/100 slp|[silent]\n|\n|-weather|RainDance|[upkeep]\n|-damage|p2a: Swampert|11\/100 brn|[from] brn\n|upkeep\n|turn|19\n|\n|t:|1700500004\n|-curestatus|p1a: Paper|slp|[from] ability: Natural Cure\n|switch|p1a: Scissors|Skarmory, M, shiny|46\/100\n|move|p2a: Swampert|Ice Punch|p1a: Scissors\n|-damage|p1a: Scissors|36\/100\n|-damage|p2a: Swampert|0 fnt|[from] item: Rocky Helmet|[of] p1a: Scissors\n|faint|p2a: Swampert\n|\n|-weather|none\n|upkeep\n|\n|t:|1700500016\n|switch|p2a: Ludicolo|Ludicolo, F|100\/100\n|-damage|p2a: Ludicolo|88\/100|[from] Stealth Rock\n|-damage|p2a: Ludicolo|76\/100|[from] Spikes\n|turn|20\n|\n|t:|1700500028\n|switch|p1a: Paper|Celebi|100\/100\n|-damage|p1a: Paper|88\/100|[from] Spikes\n|move|p2a: Ludicolo|Rain Dance|p2a: Ludicolo\n|-weather|RainDance\n|\n|-weather|RainDance|[upkeep]\n|-heal|p1a: Paper|94\/100|[from] item: Leftovers\n|upkeep\n|turn|21\n|\n|t:|1700500037\n|move|p2a: Ludicolo|Ice Beam|p1a: Paper\n|-supereffective|p1a: Paper\n|-damage|p1a: Paper|41\/100\n|-damage|p2a: Ludicolo|66\/100|[from] item: Life Orb\n|move|p1a: Paper|Giga Drain|p2a: Ludicolo\n|-damage|p2a: Ludicolo|36\/100\n|-heal|p1a: Paper|52\/100|[from] drain|[of] p2a: Ludicolo\n|\n|-weather|RainDance|[upkeep]\n|-heal|p1a: Paper|58\/100|[from] item: Leftovers\n|upkeep\n|turn|22\n|\n|t:|1700500046\n|move|p2a: Ludicolo|Ice Beam|p1a: Paper\n|-supereffective|p1a: Paper\n|-damage|p1a: Paper|0 fnt\n|faint|p1a: Paper\n|-damage|p2a: Ludicolo|26\/100|[from] item: Life Orb\n|\n|-weather|RainDance|[upkeep]\n|upkeep\n|\n|t:|1700500052\n|switch|p1a: Rock|Tyranitar, M, shiny|80\/100\n|-damage|p1a: Rock|68\/100|[from] Spikes\n|-weather|Sandstorm|[from] ability: Sand Stream|[of] p1a: Rock\n|turn|23\n|\n|t:|1700500071\n|move|p2a: Ludicolo|Rain Dance|p2a: Ludicolo\n|-weather|RainDance\n|move|p1a: Rock|Pursuit|p2a: Ludicolo\n|-damage|p2a: Ludicolo|0 fnt\n|faint|p2a: Ludicolo\n|\n|-weather|RainDance|[upkeep]\n|-heal|p1a: Rock|74\/100|[from] item: Leftovers\n|upkeep\n|\n|t:|1700500079\n|switch|p2a: Barraskewda|Barraskewda, F, tera:Water|42\/100\n|-damage|p2a: Barraskewda|29\/100|[from] Stealth Rock\n|-damage|p2a: Barraskewda|17\/100|[from] Spikes\n|turn|24\n|\n|t:|1700500084\n|switch|p1a: Scissors|Skarmory, M, shiny|36\/100\n|move|p2a: Barraskewda|Liquidation|p1a: Scissors\n|-damage|p1a: Scissors|0 fnt\n|-damage|p2a: Barraskewda|1\/100|[from] item: Rocky Helmet|[of] p1a: Scissors\n|faint|p1a: Scissors\n|\n|-weather|RainDance|[upkeep]\n|upkeep\n|\n|t:|1700500097\n|switch|p1a: Moose|Suicune, shiny|75\/100\n|-damage|p1a: Moose|63\/100|[from] Spikes\n|-ability|p1a: Moose|Pressure\n|turn|25\n|\n|t:|1700500104\n|move|p2a: Barraskewda|Liquidation|p1a: Moose\n|-resisted|p1a: Moose\n|-damage|p1a: Moose|21\/100\n|move|p1a: Moose|Scald|p2a: Barraskewda\n|-resisted|p2a: Barraskewda\n|-damage|p2a: Barraskewda|0 fnt\n|faint|p2a: Barraskewda\n|\n|-weather|RainDance|[upkeep]\n|-heal|p1a: Moose|27\/100|[from] item: Leftovers\n|upkeep\n|\n|t:|1700500114\n|switch|p2a: Goodra|Goodra, F|64\/100\n|-damage|p2a: Goodra|52\/100|[from] Stealth Rock\n|-damage|p2a: Goodra|39\/100|[from] Spikes\n|turn|26\n|\n|t:|1700500124\n|move|p1a: Moose|Substitute|p1a: Moose\n|-start|p1a: Moose|Substitute\n|-damage|p1a: Moose|2\/100\n|move|p2a: Goodra|Sludge Bomb|p1a: Moose\n|-activate|p1a: Moose|move: Substitute|[damage]\n|\n|-weather|RainDance|[upkeep]\n|-heal|p1a: Moose|8\/100|[from] item: Leftovers\n|upkeep\n|turn|27\n|\n|t:|1700500133\n|move|p1a: Moose|Rest|p1a: Moose\n|-status|p1a: Moose|slp|[from] move: Rest\n|-heal|p1a: Moose|100\/100 slp|[silent]\n|move|p2a: Goodra|Thunder|p1a: Moose\n|-supereffective|p1a: Moose\n|-end|p1a: Moose|Substitute\n|\n|-weather|none\n|upkeep\n|turn|28\n|j| khxng\n|\n|t:|1700500164\n|cant|p1a: Moose|slp\n|move|p2a: Goodra|Thunder|p1a: Moose\n|-supereffective|p1a: Moose\n|-damage|p1a: Moose|40\/100 slp\n|\n|-heal|p1a: Moose|46\/100 slp|[from] item: Leftovers\n|upkeep\n|turn|29\n|\n|t:|1700500176\n|switch|p1a: Rock|Tyranitar, M, shiny|74\/100\n|-damage|p1a: Rock|62\/100|[from] Spikes\n|-weather|Sandstorm|[from] ability: Sand Stream|[of] p1a: Rock\n|move|p2a: Goodra|Draco Meteor|p1a: Rock|[miss]\n|-miss|p2a: Goodra|p1a: Rock\n|\n|-weather|Sandstorm|[upkeep]\n|-damage|p2a: Goodra|33\/100|[from] Sandstorm\n|-heal|p1a: Rock|68\/100|[from] item: Leftovers\n|upkeep\n|turn|30\n|\n|t:|1700500190\n|-activate|p2a: Goodra|move: Pursuit\n|move|p1a: Rock|Pursuit|p2a: Goodra|[from]Pursuit\n|-damage|p2a: Goodra|0 fnt\n|faint|p2a: Goodra\n|-hint|A Pokemon can't switch between when it runs out of HP and when it faints\n|\n|-weather|Sandstorm|[upkeep]\n|-heal|p1a: Rock|74\/100|[from] item: Leftovers\n|upkeep\n|\n|t:|1700500197\n|switch|p2a: Skarmory|Skarmory, M|58\/100 brn\n|-damage|p2a: Skarmory|46\/100 brn|[from] Stealth Rock\n|turn|31\n|\n|t:|1700500216\n|switch|p1a: Simba|Entei, shiny|100\/100\n|-damage|p1a: Simba|88\/100|[from] Spikes\n|-ability|p1a: Simba|Pressure\n|move|p2a: Skarmory|Roost|p2a: Skarmory\n|-heal|p2a: Skarmory|96\/100 brn\n|-singleturn|p2a: Skarmory|move: Roost\n|\n|-weather|Sandstorm|[upkeep]\n|-damage|p1a: Simba|82\/100|[from] Sandstorm\n|-heal|p1a: Simba|88\/100|[from] item: Leftovers\n|-damage|p2a: Skarmory|90\/100 brn|[from] brn\n|upkeep\n|turn|32\n|\n|t:|1700500229\n|switch|p2a: Pelipper|Pelipper, M|50\/100\n|-damage|p2a: Pelipper|25\/100|[from] Stealth Rock\n|-weather|RainDance|[from] ability: Drizzle|[of] p2a: Pelipper\n|move|p1a: Simba|Sacred Fire|p2a: Pelipper\n|-resisted|p2a: Pelipper\n|-damage|p2a: Pelipper|18\/100\n|\n|-weather|RainDance|[upkeep]\n|-heal|p1a: Simba|94\/100|[from] item: Leftovers\n|upkeep\n|turn|33\n|\n|t:|1700500246\n|-terastallize|p1a: Simba|Normal\n|move|p1a: Simba|Extreme Speed|p2a: Pelipper\n|-damage|p2a: Pelipper|0 fnt\n|faint|p2a: Pelipper\n|\n|-weather|RainDance|[upkeep]\n|-heal|p1a: Simba|100\/100|[from] item: Leftovers\n|upkeep\n|\n|t:|1700500253\n|switch|p2a: Skarmory|Skarmory, M|90\/100 brn\n|-damage|p2a: Skarmory|78\/100 brn|[from] Stealth Rock\n|turn|34\n|\n|t:|1700500265\n|move|p1a: Simba|Sacred Fire|p2a: Skarmory\n|-supereffective|p2a: Skarmory\n|-damage|p2a: Skarmory|57\/100 brn\n|move|p2a: Skarmory|Toxic|p1a: Simba\n|-status|p1a: Simba|tox\n|\n|-weather|RainDance|[upkeep]\n|-damage|p1a: Simba|94\/100 tox|[from] psn\n|-damage|p2a: Skarmory|51\/100 brn|[from] brn\n|upkeep\n|turn|35\n|\n|t:|1700500274\n|move|p1a: Simba|Sacred Fire|p2a: Skarmory\n|-supereffective|p2a: Skarmory\n|-damage|p2a: Skarmory|29\/100 brn\n|move|p2a: Skarmory|Roost|p2a: Skarmory\n|-heal|p2a: Skarmory|79\/100 brn\n|-singleturn|p2a: Skarmory|move: Roost\n|\n|-weather|RainDance|[upkeep]\n|-heal|p1a: Simba|100\/100 tox|[from] item: Leftovers\n|-damage|p1a: Simba|88\/100 tox|[from] psn\n|-damage|p2a: Skarmory|73\/100 brn|[from] brn\n|upkeep\n|turn|36\n|\n|t:|1700500285\n|move|p1a: Simba|Curse|p1a: Simba\n|-unboost|p1a: Simba|spe|1\n|-boost|p1a: Simba|atk|1\n|-boost|p1a: Simba|def|1\n|move|p2a: Skarmory|Spikes|p1a: Simba\n|-sidestart|p1: Tpd le Spew|Spikes\n|\n|-weather|RainDance|[upkeep]\n|-heal|p1a: Simba|94\/100 tox|[from] item: Leftovers\n|-damage|p1a: Simba|76\/100 tox|[from] psn\n|-damage|p2a: Skarmory|67\/100 brn|[from] brn\n|upkeep\n|turn|37\n|\n|t:|1700500296\n|move|p2a: Skarmory|Roost|p2a: Skarmory\n|-heal|p2a: Skarmory|100\/100 brn\n|-singleturn|p2a: Skarmory|move: Roost\n|move|p1a: Simba|Sacred Fire|p2a: Skarmory\n|-supereffective|p2a: Skarmory\n|-damage|p2a: Skarmory|69\/100 brn\n|\n|-weather|RainDance|[upkeep]\n|-heal|p1a: Simba|82\/100 tox|[from] item: Leftovers\n|-damage|p1a: Simba|57\/100 tox|[from] psn\n|-damage|p2a: Skarmory|63\/100 brn|[from] brn\n|upkeep\n|turn|38\n|\n|t:|1700500307\n|move|p2a: Skarmory|Spikes|p1a: Simba\n|-sidestart|p1: Tpd le Spew|Spikes\n|move|p1a: Simba|Sacred Fire|p2a: Skarmory\n|-supereffective|p2a: Skarmory\n|-damage|p2a: Skarmory|29\/100 brn\n|\n|-weather|RainDance|[upkeep]\n|-heal|p1a: Simba|63\/100 tox|[from] item: Leftovers\n|-damage|p1a: Simba|32\/100 tox|[from] psn\n|-damage|p2a: Skarmory|23\/100 brn|[from] brn\n|upkeep\n|turn|39\n|\n|t:|1700500319\n|move|p2a: Skarmory|Roost|p2a: Skarmory\n|-heal|p2a: Skarmory|73\/100 brn\n|-singleturn|p2a: Skarmory|move: Roost\n|move|p1a: Simba|Rest|p1a: Simba\n|-status|p1a: Simba|slp|[from] move: Rest\n|-heal|p1a: Simba|100\/100 slp|[silent]\n|\n|-weather|none\n|-damage|p2a: Skarmory|67\/100 brn|[from] brn\n|upkeep\n|turn|40\n|\n|t:|1700500329\n|cant|p1a: Simba|slp\n|move|p2a: Skarmory|Whirlwind|p1a: Simba\n|drag|p1a: Kubo|Raikou, shiny|94\/100\n|-damage|p1a: Kubo|69\/100|[from] Spikes\n|-ability|p1a: Kubo|Pressure\n|\n|-heal|p1a: Kubo|76\/100|[from] item: Leftovers\n|-damage|p2a: Skarmory|61\/100 brn|[from] brn\n|upkeep\n|turn|41\n|\n|t:|1700500340\n|move|p1a: Kubo|Scald|p2a: Skarmory\n|-damage|p2a: Skarmory|32\/100 brn\n|move|p2a: Skarmory|Whirlwind|p1a: Kubo\n|drag|p1a: Rock|Tyranitar, M, shiny|74\/100\n|-damage|p1a: Rock|49\/100|[from] Spikes\n|-weather|Sandstorm|[from] ability: Sand Stream|[of] p1a: Rock\n|\n|-weather|Sandstorm|[upkeep]\n|-heal|p1a: Rock|55\/100|[from] item: Leftovers\n|-damage|p2a: Skarmory|26\/100 brn|[from] brn\n|upkeep\n|turn|42\n|\n|t:|1700500351\n|move|p2a: Skarmory|Roost|p2a: Skarmory\n|-heal|p2a: Skarmory|76\/100 brn\n|-singleturn|p2a: Skarmory|move: Roost\n|move|p1a: Rock|Pursuit|p2a: Skarmory\n|-damage|p2a: Skarmory|65\/100 brn\n|-damage|p1a: Rock|39\/100|[from] item: Rocky Helmet|[of] p2a: Skarmory\n|\n|-weather|Sandstorm|[upkeep]\n|-heal|p1a: Rock|45\/100|[from] item: Leftovers\n|-damage|p2a: Skarmory|59\/100 brn|[from] brn\n|upkeep\n|turn|43\n|\n|t:|1700500364\n|move|p2a: Skarmory|Roost|p2a: Skarmory\n|-heal|p2a: Skarmory|100\/100 brn\n|-singleturn|p2a: Skarmory|move: Roost\n|move|p1a: Rock|Pursuit|p2a: Skarmory\n|-damage|p2a: Skarmory|90\/100 brn\n|-damage|p1a: Rock|28\/100|[from] item: Rocky Helmet|[of] p2a: Skarmory\n|\n|-weather|Sandstorm|[upkeep]\n|-heal|p1a: Rock|35\/100|[from] item: Leftovers\n|-damage|p2a: Skarmory|84\/100 brn|[from] brn\n|upkeep\n|turn|44\n|\n|t:|1700500375\n|move|p1a: Rock|Rest|p1a: Rock\n|-status|p1a: Rock|slp|[from] move: Rest\n|-heal|p1a: Rock|100\/100 slp|[silent]\n|move|p2a: Skarmory|Whirlwind|p1a: Rock\n|drag|p1a: Simba|Entei, shiny, tera:Normal|100\/100 slp\n|-damage|p1a: Simba|76\/100 slp|[from] Spikes\n|-ability|p1a: Simba|Pressure\n|\n|-weather|Sandstorm|[upkeep]\n|-damage|p1a: Simba|69\/100 slp|[from] Sandstorm\n|-heal|p1a: Simba|76\/100 slp|[from] item: Leftovers\n|-damage|p2a: Skarmory|78\/100 brn|[from] brn\n|upkeep\n|turn|45\n|\n|t:|1700500388\n|cant|p1a: Simba|slp\n|move|p2a: Skarmory|Whirlwind|p1a: Simba\n|drag|p1a: Rock|Tyranitar, M, shiny|100\/100 slp\n|-damage|p1a: Rock|75\/100 slp|[from] Spikes\n|\n|-weather|none\n|-heal|p1a: Rock|82\/100 slp|[from] item: Leftovers\n|-damage|p2a: Skarmory|72\/100 brn|[from] brn\n|upkeep\n|turn|46\n|\n|t:|1700500396\n|cant|p1a: Rock|slp\n|move|p2a: Skarmory|Whirlwind|p1a: Rock\n|drag|p1a: Simba|Entei, shiny, tera:Normal|76\/100 slp\n|-damage|p1a: Simba|51\/100 slp|[from] Spikes\n|-ability|p1a: Simba|Pressure\n|\n|-heal|p1a: Simba|57\/100 slp|[from] item: Leftovers\n|-damage|p2a: Skarmory|66\/100 brn|[from] brn\n|upkeep\n|turn|47\n|\n|t:|1700500406\n|-curestatus|p1a: Simba|slp|[msg]\n|move|p1a: Simba|Sacred Fire|p2a: Skarmory\n|-supereffective|p2a: Skarmory\n|-damage|p2a: Skarmory|23\/100 brn\n|move|p2a: Skarmory|Whirlwind|p1a: Simba\n|drag|p1a: Rock|Tyranitar, M, shiny|82\/100 slp\n|-damage|p1a: Rock|57\/100 slp|[from] Spikes\n|-weather|Sandstorm|[from] ability: Sand Stream|[of] p1a: Rock\n|\n|-weather|Sandstorm|[upkeep]\n|-heal|p1a: Rock|63\/100 slp|[from] item: Leftovers\n|-damage|p2a: Skarmory|17\/100 brn|[from] brn\n|upkeep\n|turn|48\n|\n|t:|1700500419\n|move|p2a: Skarmory|Roost|p2a: Skarmory\n|-heal|p2a: Skarmory|67\/100 brn\n|-singleturn|p2a: Skarmory|move: Roost\n|cant|p1a: Rock|slp\n|\n|-weather|Sandstorm|[upkeep]\n|-heal|p1a: Rock|69\/100 slp|[from] item: Leftovers\n|-damage|p2a: Skarmory|61\/100 brn|[from] brn\n|upkeep\n|turn|49\n|\n|t:|1700500427\n|-curestatus|p1a: Rock|slp|[msg]\n|move|p1a: Rock|Pursuit|p2a: Skarmory\n|-damage|p2a: Skarmory|51\/100 brn\n|-damage|p1a: Rock|52\/100|[from] item: Rocky Helmet|[of] p2a: Skarmory\n|move|p2a: Skarmory|Whirlwind|p1a: Rock\n|drag|p1a: Kubo|Raikou, shiny|76\/100\n|-damage|p1a: Kubo|51\/100|[from] Spikes\n|-ability|p1a: Kubo|Pressure\n|\n|-weather|Sandstorm|[upkeep]\n|-damage|p1a: Kubo|44\/100|[from] Sandstorm\n|-heal|p1a: Kubo|51\/100|[from] item: Leftovers\n|-damage|p2a: Skarmory|45\/100 brn|[from] brn\n|upkeep\n|turn|50\n|\n|t:|1700500442\n|move|p1a: Kubo|Scald|p2a: Skarmory\n|-damage|p2a: Skarmory|18\/100 brn\n|move|p2a: Skarmory|Whirlwind|p1a: Kubo\n|drag|p1a: Rock|Tyranitar, M, shiny|52\/100\n|-damage|p1a: Rock|27\/100|[from] Spikes\n|\n|-weather|Sandstorm|[upkeep]\n|-heal|p1a: Rock|34\/100|[from] item: Leftovers\n|-damage|p2a: Skarmory|12\/100 brn|[from] brn\n|upkeep\n|turn|51\n|\n|t:|1700500452\n|move|p2a: Skarmory|Roost|p2a: Skarmory\n|-heal|p2a: Skarmory|62\/100 brn\n|-singleturn|p2a: Skarmory|move: Roost\n|move|p1a: Rock|Rest|p1a: Rock\n|-status|p1a: Rock|slp|[from] move: Rest\n|-heal|p1a: Rock|100\/100 slp|[silent]\n|\n|-weather|none\n|-damage|p2a: Skarmory|56\/100 brn|[from] brn\n|upkeep\n|turn|52\n|\n|t:|1700500461\n|cant|p1a: Rock|slp\n|move|p2a: Skarmory|Whirlwind|p1a: Rock\n|drag|p1a: Kubo|Raikou, shiny|51\/100\n|-damage|p1a: Kubo|26\/100|[from] Spikes\n|-ability|p1a: Kubo|Pressure\n|\n|-heal|p1a: Kubo|32\/100|[from] item: Leftovers\n|-damage|p2a: Skarmory|50\/100 brn|[from] brn\n|upkeep\n|turn|53\n|c|\u2606Tpd le Spew|Gg wp\n|\n|t:|1700500471\n|move|p1a: Kubo|Scald|p2a: Skarmory\n|-damage|p2a: Skarmory|23\/100 brn\n|move|p2a: Skarmory|Whirlwind|p1a: Kubo\n|drag|p1a: Moose|Suicune, shiny|46\/100 slp\n|-damage|p1a: Moose|21\/100 slp|[from] Spikes\n|-ability|p1a: Moose|Pressure\n|\n|-heal|p1a: Moose|27\/100 slp|[from] item: Leftovers\n|-damage|p2a: Skarmory|17\/100 brn|[from] brn\n|upkeep\n|turn|54\n|\n|t:|1700500482\n|cant|p1a: Moose|slp\n|move|p2a: Skarmory|Whirlwind|p1a: Moose\n|drag|p1a: Simba|Entei, shiny, tera:Normal|57\/100\n|-damage|p1a: Simba|32\/100|[from] Spikes\n|-ability|p1a: Simba|Pressure\n|\n|-heal|p1a: Simba|38\/100|[from] item: Leftovers\n|-damage|p2a: Skarmory|11\/100 brn|[from] brn\n|upkeep\n|turn|55\n|\n|t:|1700500492\n|move|p1a: Simba|Sacred Fire|p2a: Skarmory\n|-supereffective|p2a: Skarmory\n|-damage|p2a: Skarmory|0 fnt\n|faint|p2a: Skarmory\n|\n|win|Tpd le Spew\n|raw|Tpd le Spew's rating: 1810 &rarr; <strong>1823<\/strong><br \/>(+13 for winning)\n|raw|Francuz27's rating: 1679 &rarr; <strong>1666<\/strong><br \/>(-13 for losing)\n|l|\u2606Francuz27\n","uploadtime":1700500507,"views":7,"p1id":"tpdlespew","p2id":"francuz27","formatid":"gen9nationaldex","rating":1666,"private":0,"password":""}