{"id":"gen9nationaldex-1993980420","p1":"what'syoname?","p2":"12w3e4","format":"[Gen 9] National Dex","log":"|j|\u2606what'syoname?\n|j|\u260612w3e4\n|t:|1700387389\n|gametype|singles\n|player|p1|what'syoname?|unknown|1502\n|player|p2|12w3e4|lana|1525\n|teamsize|p1|6\n|teamsize|p2|6\n|gen|9\n|tier|[Gen 9] National Dex\n|rated|\n|rule|HP Percentage Mod: HP is shown in percentages\n|rule|Endless Battle Clause: Forcing endless battles is banned\n|rule|OHKO Clause: OHKO moves are banned\n|rule|Evasion Clause: Evasion abilities, items, and moves are banned\n|rule|Evasion Abilities Clause: Evasion abilities are banned\n|rule|Evasion Items Clause: Evasion items are banned\n|rule|Evasion Moves Clause: Evasion moves are banned\n|rule|Species Clause: Limit one of each Pok\u00e9mon\n|rule|Sleep Clause Mod: Limit one foe put to sleep\n|clearpoke\n|poke|p1|Lopunny, F|\n|poke|p1|Scream Tail|\n|poke|p1|Dondozo, F|\n|poke|p1|Gliscor, M|\n|poke|p1|Toxapex, M|\n|poke|p1|Great Tusk|\n|poke|p2|Glimmora, M|\n|poke|p2|Garchomp, F|\n|poke|p2|Scizor, F|\n|poke|p2|Ogerpon-Wellspring, F|\n|poke|p2|Volcarona, M|\n|poke|p2|Iron Valiant|\n|teampreview\n|inactive|Battle timer is ON: inactive players will automatically lose when time's up. (requested by 12w3e4)\n|\n|t:|1700387413\n|start\n|switch|p1a: Toxapex|Toxapex, M|100\/100\n|switch|p2a: Glimmora|Glimmora, M|100\/100\n|turn|1\n|\n|t:|1700387418\n|switch|p1a: Great Tusk|Great Tusk|100\/100\n|move|p2a: Glimmora|Stealth Rock|p1a: Great Tusk\n|-sidestart|p1: what'syoname?|move: Stealth Rock\n|\n|upkeep\n|turn|2\n|\n|t:|1700387425\n|move|p2a: Glimmora|Earth Power|p1a: Great Tusk\n|-damage|p1a: Great Tusk|58\/100\n|move|p1a: Great Tusk|Rapid Spin|p2a: Glimmora\n|-resisted|p2a: Glimmora\n|-damage|p2a: Glimmora|91\/100\n|-boost|p1a: Great Tusk|spe|1\n|-activate|p2a: Glimmora|ability: Toxic Debris\n|-sidestart|p1: what'syoname?|move: Toxic Spikes\n|-sideend|p1: what'syoname?|Toxic Spikes|[from] move: Rapid Spin|[of] p1a: Great Tusk\n|-sideend|p1: what'syoname?|Stealth Rock|[from] move: Rapid Spin|[of] p1a: Great Tusk\n|\n|-heal|p1a: Great Tusk|64\/100|[from] item: Leftovers\n|upkeep\n|turn|3\n|\n|t:|1700387437\n|move|p1a: Great Tusk|Earthquake|p2a: Glimmora\n|-supereffective|p2a: Glimmora\n|-damage|p2a: Glimmora|0 fnt\n|-activate|p2a: Glimmora|ability: Toxic Debris\n|-sidestart|p1: what'syoname?|move: Toxic Spikes\n|faint|p2a: Glimmora\n|\n|-heal|p1a: Great Tusk|70\/100|[from] item: Leftovers\n|upkeep\n|\n|t:|1700387445\n|switch|p2a: Ogerpon|Ogerpon-Wellspring, F|100\/100\n|turn|4\n|\n|t:|1700387452\n|-end|p1a: Great Tusk|Protosynthesis|[silent]\n|switch|p1a: Toxapex|Toxapex, M|100\/100\n|-sideend|p1: what'syoname?|move: Toxic Spikes|[of] p1a: Toxapex\n|move|p2a: Ogerpon|Ivy Cudgel|p1a: Toxapex|[anim] Ivy Cudgel Water\n|-resisted|p1a: Toxapex\n|-damage|p1a: Toxapex|78\/100\n|\n|upkeep\n|turn|5\n|\n|t:|1700387456\n|move|p2a: Ogerpon|Taunt|p1a: Toxapex\n|-start|p1a: Toxapex|move: Taunt\n|move|p1a: Toxapex|Sludge Bomb|p2a: Ogerpon\n|-supereffective|p2a: Ogerpon\n|-damage|p2a: Ogerpon|37\/100\n|\n|upkeep\n|turn|6\n|\n|t:|1700387464\n|switch|p2a: Garchomp|Garchomp, F|100\/100\n|move|p1a: Toxapex|Sludge Bomb|p2a: Garchomp\n|-resisted|p2a: Garchomp\n|-damage|p2a: Garchomp|86\/100\n|\n|upkeep\n|turn|7\n|\n|t:|1700387470\n|switch|p1a: Dondozo|Dondozo, F|100\/100\n|move|p2a: Garchomp|Scale Shot|p1a: Dondozo\n|-damage|p1a: Dondozo|92\/100\n|-damage|p1a: Dondozo|84\/100\n|-damage|p1a: Dondozo|75\/100\n|-damage|p1a: Dondozo|67\/100\n|-hitcount|p1a: Dondozo|4\n|-unboost|p2a: Garchomp|def|1\n|-boost|p2a: Garchomp|spe|1\n|\n|-heal|p1a: Dondozo|73\/100|[from] item: Leftovers\n|upkeep\n|turn|8\n|\n|t:|1700387476\n|switch|p2a: Ogerpon|Ogerpon-Wellspring, F|37\/100\n|move|p1a: Dondozo|Liquidation|p2a: Ogerpon\n|-heal|p2a: Ogerpon|62\/100|[from] ability: Water Absorb|[of] p1a: Dondozo\n|\n|-heal|p1a: Dondozo|79\/100|[from] item: Leftovers\n|upkeep\n|turn|9\n|\n|t:|1700387482\n|switch|p1a: Toxapex|Toxapex, M|100\/100\n|move|p2a: Ogerpon|Taunt|p1a: Toxapex\n|-start|p1a: Toxapex|move: Taunt\n|\n|upkeep\n|turn|10\n|\n|t:|1700387488\n|switch|p2a: Scizor|Scizor, F|100\/100\n|move|p1a: Toxapex|Knock Off|p2a: Scizor\n|-damage|p2a: Scizor|90\/100\n|\n|upkeep\n|turn|11\n|\n|t:|1700387495\n|switch|p1a: Dondozo|Dondozo, F|79\/100\n|detailschange|p2a: Scizor|Scizor-Mega, F\n|-mega|p2a: Scizor|Scizor|Scizorite\n|move|p2a: Scizor|Swords Dance|p2a: Scizor\n|-boost|p2a: Scizor|atk|2\n|\n|-heal|p1a: Dondozo|85\/100|[from] item: Leftovers\n|upkeep\n|turn|12\n|\n|t:|1700387504\n|switch|p2a: Ogerpon|Ogerpon-Wellspring, F|62\/100\n|move|p1a: Dondozo|Curse|p1a: Dondozo\n|-unboost|p1a: Dondozo|spe|1\n|-boost|p1a: Dondozo|atk|1\n|-boost|p1a: Dondozo|def|1\n|\n|-heal|p1a: Dondozo|91\/100|[from] item: Leftovers\n|upkeep\n|turn|13\n|\n|t:|1700387514\n|switch|p1a: Toxapex|Toxapex, M|100\/100\n|move|p2a: Ogerpon|Power Whip|p1a: Toxapex|[miss]\n|-miss|p2a: Ogerpon|p1a: Toxapex\n|\n|upkeep\n|turn|14\n|c|\u2606what'syoname?|sry\n|\n|t:|1700387521\n|switch|p2a: Scizor|Scizor-Mega, F|90\/100\n|move|p1a: Toxapex|Scald|p2a: Scizor\n|-damage|p2a: Scizor|64\/100\n|\n|upkeep\n|turn|15\n|\n|t:|1700387536\n|switch|p2a: Garchomp|Garchomp, F|86\/100\n|move|p1a: Toxapex|Scald|p2a: Garchomp\n|-damage|p2a: Garchomp|58\/100\n|\n|upkeep\n|turn|16\n|\n|t:|1700387545\n|switch|p1a: Dondozo|Dondozo, F|91\/100\n|move|p2a: Garchomp|Scale Shot|p1a: Dondozo\n|-damage|p1a: Dondozo|83\/100\n|-crit|p1a: Dondozo\n|-damage|p1a: Dondozo|71\/100\n|-damage|p1a: Dondozo|63\/100\n|-damage|p1a: Dondozo|55\/100\n|-damage|p1a: Dondozo|47\/100\n|-hitcount|p1a: Dondozo|5\n|-unboost|p2a: Garchomp|def|1\n|-boost|p2a: Garchomp|spe|1\n|\n|-heal|p1a: Dondozo|53\/100|[from] item: Leftovers\n|upkeep\n|turn|17\n|\n|t:|1700387553\n|switch|p2a: Ogerpon|Ogerpon-Wellspring, F|62\/100\n|move|p1a: Dondozo|Curse|p1a: Dondozo\n|-unboost|p1a: Dondozo|spe|1\n|-boost|p1a: Dondozo|atk|1\n|-boost|p1a: Dondozo|def|1\n|\n|-heal|p1a: Dondozo|59\/100|[from] item: Leftovers\n|upkeep\n|turn|18\n|\n|t:|1700387558\n|switch|p1a: Toxapex|Toxapex, M|100\/100\n|move|p2a: Ogerpon|Power Whip|p1a: Toxapex\n|-damage|p1a: Toxapex|53\/100\n|\n|upkeep\n|turn|19\n|\n|t:|1700387569\n|switch|p2a: Garchomp|Garchomp, F|58\/100\n|move|p1a: Toxapex|Sludge Bomb|p2a: Garchomp\n|-resisted|p2a: Garchomp\n|-damage|p2a: Garchomp|42\/100\n|-status|p2a: Garchomp|psn\n|\n|-damage|p2a: Garchomp|30\/100 psn|[from] psn\n|upkeep\n|turn|20\n|\n|t:|1700387576\n|switch|p1a: Dondozo|Dondozo, F|59\/100\n|move|p2a: Garchomp|Scale Shot|p1a: Dondozo\n|-damage|p1a: Dondozo|51\/100\n|-damage|p1a: Dondozo|43\/100\n|-damage|p1a: Dondozo|35\/100\n|-damage|p1a: Dondozo|27\/100\n|-damage|p1a: Dondozo|18\/100\n|-hitcount|p1a: Dondozo|5\n|-unboost|p2a: Garchomp|def|1\n|-boost|p2a: Garchomp|spe|1\n|\n|-heal|p1a: Dondozo|24\/100|[from] item: Leftovers\n|-damage|p2a: Garchomp|18\/100 psn|[from] psn\n|upkeep\n|turn|21\n|\n|t:|1700387584\n|switch|p2a: Ogerpon|Ogerpon-Wellspring, F|62\/100\n|move|p1a: Dondozo|Protect||[still]\n|-fail|p1a: Dondozo\n|\n|-heal|p1a: Dondozo|30\/100|[from] item: Leftovers\n|upkeep\n|turn|22\n|\n|t:|1700387596\n|switch|p1a: Scream Tail|Scream Tail|100\/100\n|move|p2a: Ogerpon|Swords Dance|p2a: Ogerpon\n|-boost|p2a: Ogerpon|atk|2\n|\n|upkeep\n|turn|23\n|\n|t:|1700387603\n|move|p2a: Ogerpon|Ivy Cudgel|p1a: Scream Tail|[anim] Ivy Cudgel Water\n|-damage|p1a: Scream Tail|0 fnt\n|faint|p1a: Scream Tail\n|-end|p1a: Scream Tail|Protosynthesis|[silent]\n|\n|upkeep\n|\n|t:|1700387606\n|switch|p1a: Lopunny|Lopunny, F|100\/100\n|turn|24\n|\n|t:|1700387630\n|switch|p2a: Garchomp|Garchomp, F|18\/100 psn\n|move|p1a: Lopunny|Fake Out|p2a: Garchomp\n|-damage|p2a: Garchomp|4\/100 psn\n|-damage|p1a: Lopunny|88\/100|[from] ability: Rough Skin|[of] p2a: Garchomp\n|\n|-damage|p2a: Garchomp|0 fnt|[from] psn\n|faint|p2a: Garchomp\n|upkeep\n|\n|t:|1700387642\n|switch|p2a: Iron Valiant|Iron Valiant|100\/100\n|-enditem|p2a: Iron Valiant|Booster Energy\n|-activate|p2a: Iron Valiant|ability: Quark Drive|[fromitem]\n|-start|p2a: Iron Valiant|quarkdrivespe\n|turn|25\n|\n|t:|1700387659\n|switch|p1a: Great Tusk|Great Tusk|70\/100\n|move|p2a: Iron Valiant|Calm Mind|p2a: Iron Valiant\n|-boost|p2a: Iron Valiant|spa|1\n|-boost|p2a: Iron Valiant|spd|1\n|\n|-heal|p1a: Great Tusk|76\/100|[from] item: Leftovers\n|upkeep\n|turn|26\n|\n|t:|1700387671\n|-terastallize|p1a: Great Tusk|Steel\n|move|p2a: Iron Valiant|Moonblast|p1a: Great Tusk\n|-resisted|p1a: Great Tusk\n|-damage|p1a: Great Tusk|34\/100\n|move|p1a: Great Tusk|Earthquake|p2a: Iron Valiant\n|-damage|p2a: Iron Valiant|45\/100\n|\n|-heal|p1a: Great Tusk|41\/100|[from] item: Leftovers\n|upkeep\n|turn|27\n|\n|t:|1700387679\n|move|p2a: Iron Valiant|Moonblast|p1a: Great Tusk\n|-resisted|p1a: Great Tusk\n|-damage|p1a: Great Tusk|0 fnt\n|faint|p1a: Great Tusk\n|-end|p1a: Great Tusk|Protosynthesis|[silent]\n|\n|upkeep\n|\n|t:|1700387682\n|switch|p1a: Lopunny|Lopunny, F|88\/100\n|turn|28\n|\n|t:|1700387687\n|detailschange|p1a: Lopunny|Lopunny-Mega, F\n|-mega|p1a: Lopunny|Lopunny|Lopunnite\n|move|p1a: Lopunny|Fake Out|p2a: Iron Valiant\n|-damage|p2a: Iron Valiant|20\/100\n|cant|p2a: Iron Valiant|flinch\n|\n|upkeep\n|turn|29\n|\n|t:|1700387692\n|move|p1a: Lopunny|Quick Attack|p2a: Iron Valiant\n|-damage|p2a: Iron Valiant|0 fnt\n|faint|p2a: Iron Valiant\n|-end|p2a: Iron Valiant|Quark Drive|[silent]\n|\n|upkeep\n|\n|t:|1700387703\n|switch|p2a: Volcarona|Volcarona, M|100\/100\n|turn|30\n|\n|t:|1700387708\n|move|p1a: Lopunny|Return|p2a: Volcarona\n|-damage|p2a: Volcarona|16\/100\n|move|p2a: Volcarona|Flamethrower|p1a: Lopunny\n|-damage|p1a: Lopunny|25\/100\n|\n|upkeep\n|turn|31\n|\n|t:|1700387717\n|move|p1a: Lopunny|Close Combat|p2a: Volcarona\n|-resisted|p2a: Volcarona\n|-damage|p2a: Volcarona|0 fnt\n|-unboost|p1a: Lopunny|def|1\n|-unboost|p1a: Lopunny|spd|1\n|-status|p1a: Lopunny|brn|[from] ability: Flame Body|[of] p2a: Volcarona\n|faint|p2a: Volcarona\n|\n|-damage|p1a: Lopunny|19\/100 brn|[from] brn\n|upkeep\n|\n|t:|1700387721\n|switch|p2a: Scizor|Scizor-Mega, F|64\/100\n|turn|32\n|\n|t:|1700387731\n|switch|p1a: Toxapex|Toxapex, M|86\/100\n|move|p2a: Scizor|Roost|p2a: Scizor\n|-heal|p2a: Scizor|100\/100\n|-singleturn|p2a: Scizor|move: Roost\n|\n|upkeep\n|turn|33\n|\n|t:|1700387737\n|switch|p2a: Ogerpon|Ogerpon-Wellspring, F|62\/100\n|move|p1a: Toxapex|Scald|p2a: Ogerpon\n|-heal|p2a: Ogerpon|87\/100|[from] ability: Water Absorb|[of] p1a: Toxapex\n|\n|upkeep\n|turn|34\n|\n|t:|1700387742\n|move|p2a: Ogerpon|Power Whip|p1a: Toxapex\n|-damage|p1a: Toxapex|33\/100\n|move|p1a: Toxapex|Sludge Bomb|p2a: Ogerpon\n|-supereffective|p2a: Ogerpon\n|-damage|p2a: Ogerpon|21\/100\n|\n|upkeep\n|turn|35\n|\n|t:|1700387748\n|switch|p1a: Dondozo|Dondozo, F|30\/100\n|move|p2a: Ogerpon|Power Whip|p1a: Dondozo\n|-supereffective|p1a: Dondozo\n|-damage|p1a: Dondozo|0 fnt\n|faint|p1a: Dondozo\n|\n|upkeep\n|\n|t:|1700387752\n|switch|p1a: Lopunny|Lopunny-Mega, F|19\/100 brn\n|turn|36\n|\n|t:|1700387762\n|switch|p1a: Toxapex|Toxapex, M|67\/100\n|switch|p2a: Scizor|Scizor-Mega, F|100\/100\n|\n|upkeep\n|turn|37\n|\n|t:|1700387769\n|move|p2a: Scizor|Swords Dance|p2a: Scizor\n|-boost|p2a: Scizor|atk|2\n|move|p1a: Toxapex|Sludge Bomb|p2a: Scizor\n|-immune|p2a: Scizor\n|\n|upkeep\n|turn|38\n|\n|t:|1700387774\n|switch|p2a: Ogerpon|Ogerpon-Wellspring, F|21\/100\n|switch|p1a: Gliscor|Gliscor, M|100\/100\n|\n|-status|p1a: Gliscor|tox|[from] item: Toxic Orb\n|upkeep\n|turn|39\n|\n|t:|1700387781\n|switch|p1a: Toxapex|Toxapex, M|99\/100\n|move|p2a: Ogerpon|Ivy Cudgel|p1a: Toxapex|[anim] Ivy Cudgel Water\n|-resisted|p1a: Toxapex\n|-damage|p1a: Toxapex|79\/100\n|\n|upkeep\n|turn|40\n|\n|t:|1700387786\n|switch|p2a: Scizor|Scizor-Mega, F|100\/100\n|move|p1a: Toxapex|Knock Off|p2a: Scizor\n|-damage|p2a: Scizor|93\/100\n|\n|upkeep\n|turn|41\n|\n|t:|1700387791\n|switch|p2a: Ogerpon|Ogerpon-Wellspring, F|21\/100\n|move|p1a: Toxapex|Scald|p2a: Ogerpon\n|-heal|p2a: Ogerpon|46\/100|[from] ability: Water Absorb|[of] p1a: Toxapex\n|\n|upkeep\n|turn|42\n|\n|t:|1700387803\n|-terastallize|p2a: Ogerpon|Water\n|detailschange|p2a: Ogerpon|Ogerpon-Wellspring-Tera, F, tera:Water\n|-ability|p2a: Ogerpon|Embody Aspect (Wellspring)|boost\n|-boost|p2a: Ogerpon|spd|1\n|move|p2a: Ogerpon|Power Whip|p1a: Toxapex\n|-damage|p1a: Toxapex|28\/100\n|move|p1a: Toxapex|Sludge Bomb|p2a: Ogerpon\n|-damage|p2a: Ogerpon|24\/100\n|\n|upkeep\n|turn|43\n|\n|t:|1700387818\n|move|p2a: Ogerpon|Ivy Cudgel|p1a: Toxapex|[anim] Ivy Cudgel Water\n|-resisted|p1a: Toxapex\n|-crit|p1a: Toxapex\n|-damage|p1a: Toxapex|0 fnt\n|faint|p1a: Toxapex\n|\n|upkeep\n|\n|t:|1700387821\n|switch|p1a: Lopunny|Lopunny-Mega, F|19\/100 brn\n|turn|44\n|\n|t:|1700387827\n|switch|p2a: Scizor|Scizor-Mega, F|93\/100\n|move|p1a: Lopunny|Close Combat|p2a: Scizor\n|-damage|p2a: Scizor|65\/100\n|-unboost|p1a: Lopunny|def|1\n|-unboost|p1a: Lopunny|spd|1\n|\n|-damage|p1a: Lopunny|13\/100 brn|[from] brn\n|upkeep\n|turn|45\n|\n|t:|1700387832\n|switch|p1a: Gliscor|Gliscor, M|100\/100 tox\n|move|p2a: Scizor|Bullet Punch|p1a: Gliscor\n|-damage|p1a: Gliscor|69\/100 tox\n|\n|-heal|p1a: Gliscor|81\/100 tox|[from] ability: Poison Heal\n|upkeep\n|turn|46\n|\n|t:|1700387839\n|move|p1a: Gliscor|Earthquake|p2a: Scizor\n|-damage|p2a: Scizor|40\/100\n|move|p2a: Scizor|Roost|p2a: Scizor\n|-heal|p2a: Scizor|90\/100\n|-singleturn|p2a: Scizor|move: Roost\n|\n|-heal|p1a: Gliscor|94\/100 tox|[from] ability: Poison Heal\n|upkeep\n|turn|47\n|\n|t:|1700387845\n|move|p1a: Gliscor|Swords Dance|p1a: Gliscor\n|-boost|p1a: Gliscor|atk|2\n|move|p2a: Scizor|Swords Dance|p2a: Scizor\n|-boost|p2a: Scizor|atk|2\n|\n|-heal|p1a: Gliscor|100\/100 tox|[from] ability: Poison Heal\n|upkeep\n|turn|48\n|\n|t:|1700387856\n|move|p2a: Scizor|Bullet Punch|p1a: Gliscor\n|-damage|p1a: Gliscor|36\/100 tox\n|move|p1a: Gliscor|Earthquake|p2a: Scizor\n|-damage|p2a: Scizor|31\/100\n|\n|-heal|p1a: Gliscor|48\/100 tox|[from] ability: Poison Heal\n|upkeep\n|turn|49\n|-message|what'syoname? forfeited.\n|\n|win|12w3e4\n|raw|what&apos;syoname?'s rating: 1502 &rarr; <strong>1483<\/strong><br \/>(-19 for losing)\n|raw|12w3e4's rating: 1525 &rarr; <strong>1544<\/strong><br \/>(+19 for winning)\n|l|\u2606what'syoname?\n","uploadtime":1700387881,"views":10,"p1id":"whatsyoname","p2id":"12w3e4","formatid":"gen9nationaldex","rating":1483,"private":0,"password":""}