{"id":"gen9nationaldex-1995671880","p1":"turtle lover 069","p2":"ElAlvaroNFT","format":"[Gen 9] National Dex","log":"|html|<div class=\"broadcast-blue\"><strong>[Gen 9] National Dex is currently suspecting Sneasler! For information on how to participate check out the <a href=\"https:\/\/www.smogon.com\/forums\/threads\/sv-national-dex-suspect-8-just-dance.3731534\/\">suspect thread<\/a>.<\/strong><\/div>\n|j|\u2606turtle lover 069\n|j|\u2606ElAlvaroNFT\n|t:|1700592640\n|gametype|singles\n|player|p1|turtle lover 069|unknown|1304\n|player|p2|ElAlvaroNFT|ghetsis|1350\n|teamsize|p1|6\n|teamsize|p2|6\n|gen|9\n|tier|[Gen 9] National Dex\n|rated|\n|rule|HP Percentage Mod: HP is shown in percentages\n|rule|Endless Battle Clause: Forcing endless battles is banned\n|rule|OHKO Clause: OHKO moves are banned\n|rule|Evasion Clause: Evasion abilities, items, and moves are banned\n|rule|Evasion Abilities Clause: Evasion abilities are banned\n|rule|Evasion Items Clause: Evasion items are banned\n|rule|Evasion Moves Clause: Evasion moves are banned\n|rule|Species Clause: Limit one of each Pok\u00e9mon\n|rule|Sleep Clause Mod: Limit one foe put to sleep\n|clearpoke\n|poke|p1|Zapdos|\n|poke|p1|Gliscor, F|\n|poke|p1|Heatran, M|\n|poke|p1|Tornadus-Therian, M|\n|poke|p1|Ogerpon-Wellspring, F|\n|poke|p1|Scizor, M|\n|poke|p2|Samurott-Hisui, M|\n|poke|p2|Meowscarada, F|\n|poke|p2|Sableye, M|\n|poke|p2|Krookodile, M|\n|poke|p2|Hydreigon, M|\n|poke|p2|Greninja-*, M|\n|teampreview\n|inactive|Battle timer is ON: inactive players will automatically lose when time's up. (requested by turtle lover 069)\n|\n|t:|1700592646\n|start\n|switch|p1a: Zapdos|Zapdos|100\/100\n|switch|p2a: Samurott|Samurott-Hisui, M|100\/100\n|turn|1\n|\n|t:|1700592651\n|move|p1a: Zapdos|Volt Switch|p2a: Samurott\n|-supereffective|p2a: Samurott\n|-enditem|p2a: Samurott|Focus Sash\n|-damage|p2a: Samurott|1\/100\n|\n|t:|1700592653\n|switch|p1a: Gliscor|Gliscor, F|100\/100|[from] Volt Switch\n|move|p2a: Samurott|Swords Dance|p2a: Samurott\n|-boost|p2a: Samurott|atk|2\n|\n|-status|p1a: Gliscor|tox|[from] item: Toxic Orb\n|upkeep\n|turn|2\n|\n|t:|1700592662\n|switch|p1a: Ogerpon|Ogerpon-Wellspring, F|100\/100\n|move|p2a: Samurott|Ceaseless Edge|p1a: Ogerpon\n|-damage|p1a: Ogerpon|0 fnt\n|-sidestart|p1: turtle lover 069|Spikes\n|faint|p1a: Ogerpon\n|\n|upkeep\n|\n|t:|1700592667\n|switch|p1a: Scizor|Scizor, M|100\/100\n|-damage|p1a: Scizor|88\/100|[from] Spikes\n|turn|3\n|\n|t:|1700592671\n|detailschange|p1a: Scizor|Scizor-Mega, M\n|-mega|p1a: Scizor|Scizor|Scizorite\n|move|p2a: Samurott|Aqua Jet|p1a: Scizor\n|-damage|p1a: Scizor|62\/100\n|move|p1a: Scizor|Bullet Punch|p2a: Samurott\n|-resisted|p2a: Samurott\n|-damage|p2a: Samurott|0 fnt\n|faint|p2a: Samurott\n|\n|upkeep\n|\n|t:|1700592679\n|switch|p2a: Hydreigon|Hydreigon, M|100\/100\n|turn|4\n|\n|t:|1700592682\n|move|p2a: Hydreigon|Nasty Plot|p2a: Hydreigon\n|-boost|p2a: Hydreigon|spa|2\n|move|p1a: Scizor|Close Combat|p2a: Hydreigon\n|-supereffective|p2a: Hydreigon\n|-damage|p2a: Hydreigon|0 fnt\n|-unboost|p1a: Scizor|def|1\n|-unboost|p1a: Scizor|spd|1\n|faint|p2a: Hydreigon\n|\n|upkeep\n|\n|t:|1700592691\n|switch|p2a: Greninja|Greninja, M|100\/100\n|turn|5\n|\n|t:|1700592694\n|switch|p1a: Tornadus|Tornadus-Therian, M|100\/100\n|move|p2a: Greninja|Surf|p1a: Tornadus\n|-damage|p1a: Tornadus|73\/100\n|-damage|p2a: Greninja|91\/100|[from] item: Life Orb\n|\n|upkeep\n|turn|6\n|\n|t:|1700592701\n|move|p2a: Greninja|Ice Beam|p1a: Tornadus\n|-supereffective|p1a: Tornadus\n|-damage|p1a: Tornadus|37\/100\n|-damage|p2a: Greninja|81\/100|[from] item: Life Orb\n|move|p1a: Tornadus|Bleakwind Storm|p2a: Greninja|[miss]\n|-miss|p1a: Tornadus|p2a: Greninja\n|\n|upkeep\n|turn|7\n|\n|t:|1700592708\n|switch|p1a: Heatran|Heatran, M|100\/100\n|-damage|p1a: Heatran|88\/100|[from] Spikes\n|move|p2a: Greninja|Ice Beam|p1a: Heatran\n|-resisted|p1a: Heatran\n|-damage|p1a: Heatran|83\/100\n|-damage|p2a: Greninja|71\/100|[from] item: Life Orb\n|\n|-heal|p1a: Heatran|89\/100|[from] item: Leftovers\n|upkeep\n|turn|8\n|\n|t:|1700592721\n|-terastallize|p1a: Heatran|Grass\n|move|p2a: Greninja|Surf|p1a: Heatran\n|-resisted|p1a: Heatran\n|-damage|p1a: Heatran|72\/100\n|-damage|p2a: Greninja|61\/100|[from] item: Life Orb\n|move|p1a: Heatran|Earth Power|p2a: Greninja\n|-damage|p2a: Greninja|18\/100\n|\n|-heal|p1a: Heatran|78\/100|[from] item: Leftovers\n|upkeep\n|turn|9\n|\n|t:|1700592731\n|switch|p1a: Scizor|Scizor-Mega, M|62\/100\n|-damage|p1a: Scizor|50\/100|[from] Spikes\n|move|p2a: Greninja|Ice Beam|p1a: Scizor\n|-resisted|p1a: Scizor\n|-damage|p1a: Scizor|33\/100\n|-damage|p2a: Greninja|8\/100|[from] item: Life Orb\n|\n|upkeep\n|turn|10\n|c|\u2606ElAlvaroNFT|changing pokemon is for pussies\n|\n|t:|1700592748\n|move|p2a: Greninja|Surf|p1a: Scizor\n|-crit|p1a: Scizor\n|-damage|p1a: Scizor|0 fnt\n|faint|p1a: Scizor\n|-ability|p2a: Greninja|Battle Bond|boost\n|-boost|p2a: Greninja|atk|1\n|-boost|p2a: Greninja|spa|1\n|-boost|p2a: Greninja|spe|1\n|-activate|p2a: Greninja|ability: Battle Bond\n|-damage|p2a: Greninja|0 fnt|[from] item: Life Orb\n|faint|p2a: Greninja\n|\n|upkeep\n|\n|t:|1700592758\n|switch|p2a: Krookodile|Krookodile, M|100\/100\n|switch|p1a: Gliscor|Gliscor, F|100\/100 tox\n|turn|11\n|\n|t:|1700592764\n|move|p2a: Krookodile|Knock Off|p1a: Gliscor\n|-damage|p1a: Gliscor|70\/100 tox\n|-enditem|p1a: Gliscor|Toxic Orb|[from] move: Knock Off|[of] p2a: Krookodile\n|move|p1a: Gliscor|U-turn|p2a: Krookodile\n|-supereffective|p2a: Krookodile\n|-damage|p2a: Krookodile|59\/100\n|\n|t:|1700592770\n|switch|p1a: Tornadus|Tornadus-Therian, M|70\/100|[from] U-turn\n|\n|upkeep\n|turn|12\n|\n|t:|1700592775\n|move|p2a: Krookodile|Knock Off|p1a: Tornadus\n|-damage|p1a: Tornadus|13\/100\n|-enditem|p1a: Tornadus|Assault Vest|[from] move: Knock Off|[of] p2a: Krookodile\n|move|p1a: Tornadus|Grass Knot|p2a: Krookodile\n|-supereffective|p2a: Krookodile\n|-damage|p2a: Krookodile|0 fnt\n|faint|p2a: Krookodile\n|\n|upkeep\n|\n|t:|1700592782\n|switch|p2a: Meowscarada|Meowscarada, F|100\/100\n|turn|13\n|\n|t:|1700592785\n|move|p2a: Meowscarada|Knock Off|p1a: Tornadus\n|-start|p2a: Meowscarada|typechange|Dark|[from] ability: Protean\n|-damage|p1a: Tornadus|0 fnt\n|faint|p1a: Tornadus\n|\n|upkeep\n|\n|t:|1700592798\n|switch|p1a: Gliscor|Gliscor, F|70\/100 tox\n|turn|14\n|\n|t:|1700592801\n|move|p2a: Meowscarada|Knock Off|p1a: Gliscor\n|-damage|p1a: Gliscor|50\/100 tox\n|move|p1a: Gliscor|U-turn|p2a: Meowscarada\n|-supereffective|p2a: Meowscarada\n|-damage|p2a: Meowscarada|53\/100\n|\n|t:|1700592806\n|switch|p1a: Heatran|Heatran, M, tera:Grass|78\/100|[from] U-turn\n|-damage|p1a: Heatran|66\/100|[from] Spikes\n|\n|-heal|p1a: Heatran|72\/100|[from] item: Leftovers\n|upkeep\n|turn|15\n|\n|t:|1700592813\n|switch|p1a: Gliscor|Gliscor, F|50\/100 tox\n|move|p2a: Meowscarada|Knock Off|p1a: Gliscor\n|-damage|p1a: Gliscor|33\/100 tox\n|\n|-heal|p1a: Gliscor|45\/100 tox|[from] ability: Poison Heal\n|upkeep\n|turn|16\n|\n|t:|1700592819\n|switch|p2a: Sableye|Sableye, M|100\/100\n|move|p1a: Gliscor|Roost|p1a: Gliscor\n|-heal|p1a: Gliscor|95\/100 tox\n|-singleturn|p1a: Gliscor|move: Roost\n|\n|-heal|p1a: Gliscor|100\/100 tox|[from] ability: Poison Heal\n|upkeep\n|turn|17\n|\n|t:|1700592829\n|detailschange|p2a: Sableye|Sableye-Mega, M\n|-mega|p2a: Sableye|Sableye|Sablenite\n|move|p1a: Gliscor|Defog|p2a: Sableye\n|move|p2a: Sableye|Defog|p1a: Gliscor|[from]ability: Magic Bounce\n|-unboost|p1a: Gliscor|evasion|1\n|-sideend|p1: turtle lover 069|Spikes|[from] move: Defog|[of] p2a: Sableye\n|move|p2a: Sableye|Knock Off|p1a: Gliscor\n|-damage|p1a: Gliscor|89\/100 tox\n|\n|-heal|p1a: Gliscor|100\/100 tox|[from] ability: Poison Heal\n|upkeep\n|turn|18\n|\n|t:|1700592840\n|move|p1a: Gliscor|U-turn|p2a: Sableye\n|-damage|p2a: Sableye|85\/100\n|\n|t:|1700592842\n|switch|p1a: Heatran|Heatran, M, tera:Grass|72\/100|[from] U-turn\n|move|p2a: Sableye|Knock Off|p1a: Heatran\n|-damage|p1a: Heatran|47\/100\n|-enditem|p1a: Heatran|Leftovers|[from] move: Knock Off|[of] p2a: Sableye\n|\n|upkeep\n|turn|19\n|\n|t:|1700592851\n|move|p1a: Heatran|Magma Storm|p2a: Sableye\n|-damage|p2a: Sableye|53\/100\n|-activate|p2a: Sableye|move: Magma Storm|[of] p1a: Heatran\n|move|p2a: Sableye|Knock Off|p1a: Heatran\n|-damage|p1a: Heatran|32\/100\n|\n|-damage|p2a: Sableye|40\/100|[from] move: Magma Storm|[partiallytrapped]\n|upkeep\n|turn|20\n|\n|t:|1700592858\n|move|p1a: Heatran|Magma Storm|p2a: Sableye\n|-damage|p2a: Sableye|8\/100\n|move|p2a: Sableye|Recover|p2a: Sableye\n|-heal|p2a: Sableye|58\/100\n|\n|-damage|p2a: Sableye|46\/100|[from] move: Magma Storm|[partiallytrapped]\n|upkeep\n|turn|21\n|\n|t:|1700592866\n|move|p1a: Heatran|Earth Power|p2a: Sableye\n|-damage|p2a: Sableye|27\/100\n|move|p2a: Sableye|Recover|p2a: Sableye\n|-heal|p2a: Sableye|77\/100\n|\n|-damage|p2a: Sableye|65\/100|[from] move: Magma Storm|[partiallytrapped]\n|upkeep\n|turn|22\n|\n|t:|1700592874\n|move|p2a: Sableye|Protect|p2a: Sableye\n|-singleturn|p2a: Sableye|Protect\n|move|p1a: Heatran|Earth Power|p2a: Sableye\n|-activate|p2a: Sableye|move: Protect\n|\n|-damage|p2a: Sableye|52\/100|[from] move: Magma Storm|[partiallytrapped]\n|upkeep\n|turn|23\n|\n|t:|1700592886\n|move|p1a: Heatran|Magma Storm|p2a: Sableye|[miss]\n|-miss|p1a: Heatran|p2a: Sableye\n|move|p2a: Sableye|Recover|p2a: Sableye\n|-heal|p2a: Sableye|100\/100\n|\n|-end|p2a: Sableye|Magma Storm|[partiallytrapped]\n|upkeep\n|turn|24\n|\n|t:|1700592896\n|move|p1a: Heatran|Magma Storm|p2a: Sableye\n|-damage|p2a: Sableye|68\/100\n|-activate|p2a: Sableye|move: Magma Storm|[of] p1a: Heatran\n|move|p2a: Sableye|Knock Off|p1a: Heatran\n|-damage|p1a: Heatran|14\/100\n|\n|-damage|p2a: Sableye|56\/100|[from] move: Magma Storm|[partiallytrapped]\n|upkeep\n|turn|25\n|\n|t:|1700592904\n|move|p1a: Heatran|Earth Power|p2a: Sableye\n|-damage|p2a: Sableye|36\/100\n|move|p2a: Sableye|Knock Off|p1a: Heatran\n|-damage|p1a: Heatran|0 fnt\n|faint|p1a: Heatran\n|\n|-end|p2a: Sableye|Magma Storm|[partiallytrapped]|[silent]\n|upkeep\n|\n|t:|1700592909\n|switch|p1a: Zapdos|Zapdos|100\/100\n|turn|26\n|\n|t:|1700592913\n|move|p1a: Zapdos|Thunderbolt|p2a: Sableye\n|-damage|p2a: Sableye|0 fnt\n|faint|p2a: Sableye\n|\n|upkeep\n|\n|t:|1700592917\n|switch|p2a: Meowscarada|Meowscarada, F|53\/100\n|turn|27\n|\n|t:|1700592926\n|switch|p1a: Gliscor|Gliscor, F|100\/100 tox\n|move|p2a: Meowscarada|Thunder Punch|p1a: Gliscor\n|-start|p2a: Meowscarada|typechange|Electric|[from] ability: Protean\n|-immune|p1a: Gliscor\n|\n|upkeep\n|turn|28\n|c|\u2606ElAlvaroNFT|IDONTFUCKINGCARE\n|-message|ElAlvaroNFT forfeited.\n|\n|win|turtle lover 069\n|raw|turtle lover 069's rating: 1304 &rarr; <strong>1327<\/strong><br \/>(+23 for winning)\n|raw|ElAlvaroNFT's rating: 1350 &rarr; <strong>1327<\/strong><br \/>(-23 for losing)\n|l|\u2606ElAlvaroNFT\n","uploadtime":1700592950,"views":9,"p1id":"turtlelover069","p2id":"elalvaronft","formatid":"gen9nationaldex","rating":1327,"private":0,"password":""}