{"id":"gen9nationaldex-1988205027","p1":"Kuzwa","p2":"BasicGirly","format":"[Gen 9] National Dex","log":"|j|\u2606Kuzwa\n|j|\u2606BasicGirly\n|t:|1699684881\n|gametype|singles\n|player|p1|Kuzwa|parasollady|1191\n|player|p2|BasicGirly|pokemonbreederf-gen4|1228\n|teamsize|p1|6\n|teamsize|p2|6\n|gen|9\n|tier|[Gen 9] National Dex\n|rated|\n|rule|HP Percentage Mod: HP is shown in percentages\n|rule|Endless Battle Clause: Forcing endless battles is banned\n|rule|OHKO Clause: OHKO moves are banned\n|rule|Evasion Clause: Evasion abilities, items, and moves are banned\n|rule|Evasion Abilities Clause: Evasion abilities are banned\n|rule|Evasion Items Clause: Evasion items are banned\n|rule|Evasion Moves Clause: Evasion moves are banned\n|rule|Species Clause: Limit one of each Pok\u00e9mon\n|rule|Sleep Clause Mod: Limit one foe put to sleep\n|clearpoke\n|poke|p1|Gallade, M|\n|poke|p1|Garchomp, M|\n|poke|p1|Kartana|\n|poke|p1|Scizor, M|\n|poke|p1|Weavile, M|\n|poke|p1|Beedrill, M|\n|poke|p2|Tyranitar, M|\n|poke|p2|Garganacl, F|\n|poke|p2|Ogerpon-Cornerstone, F|\n|poke|p2|Diancie|\n|poke|p2|Arcanine-Hisui, F|\n|poke|p2|Aerodactyl, M|\n|teampreview\n|inactive|Battle timer is ON: inactive players will automatically lose when time's up. (requested by Kuzwa)\n|\n|t:|1699684916\n|start\n|switch|p1a: Akihiko Sanada|Garchomp, M|100\/100\n|switch|p2a: Aerodactyl|Aerodactyl, M|100\/100\n|-ability|p2a: Aerodactyl|Pressure\n|turn|1\n|\n|t:|1699684924\n|move|p2a: Aerodactyl|Taunt|p1a: Akihiko Sanada\n|-start|p1a: Akihiko Sanada|move: Taunt\n|move|p1a: Akihiko Sanada|Iron Head|p2a: Aerodactyl\n|-supereffective|p2a: Aerodactyl\n|-damage|p2a: Aerodactyl|3\/100\n|\n|upkeep\n|turn|2\n|\n|t:|1699684931\n|move|p2a: Aerodactyl|Stone Edge|p1a: Akihiko Sanada|[miss]\n|-miss|p2a: Aerodactyl|p1a: Akihiko Sanada\n|move|p1a: Akihiko Sanada|Iron Head|p2a: Aerodactyl\n|-supereffective|p2a: Aerodactyl\n|-damage|p2a: Aerodactyl|0 fnt\n|faint|p2a: Aerodactyl\n|\n|upkeep\n|\n|t:|1699684934\n|switch|p2a: Diancie|Diancie|100\/100\n|turn|3\n|\n|t:|1699684937\n|detailschange|p2a: Diancie|Diancie-Mega\n|-mega|p2a: Diancie|Diancie|Diancite\n|move|p2a: Diancie|Moonblast|p1a: Akihiko Sanada\n|-supereffective|p1a: Akihiko Sanada\n|-enditem|p1a: Akihiko Sanada|Focus Sash\n|-damage|p1a: Akihiko Sanada|1\/100\n|-unboost|p1a: Akihiko Sanada|spa|1\n|move|p1a: Akihiko Sanada|Iron Head|p2a: Diancie\n|-supereffective|p2a: Diancie\n|-damage|p2a: Diancie|0 fnt\n|faint|p2a: Diancie\n|\n|-end|p1a: Akihiko Sanada|move: Taunt\n|upkeep\n|\n|t:|1699684944\n|switch|p2a: Arcanine|Arcanine-Hisui, F|100\/100\n|-ability|p2a: Arcanine|Intimidate|boost\n|-unboost|p1a: Akihiko Sanada|atk|1\n|turn|4\n|\n|t:|1699684948\n|move|p2a: Arcanine|Extreme Speed|p1a: Akihiko Sanada\n|-damage|p1a: Akihiko Sanada|0 fnt\n|-damage|p2a: Arcanine|88\/100|[from] ability: Rough Skin|[of] p1a: Akihiko Sanada\n|faint|p1a: Akihiko Sanada\n|\n|-heal|p2a: Arcanine|94\/100|[from] item: Leftovers\n|upkeep\n|\n|t:|1699684961\n|switch|p1a: Makoto Yuki|Kartana, shiny|100\/100\n|turn|5\n|\n|t:|1699684965\n|move|p1a: Makoto Yuki|Sacred Sword|p2a: Arcanine\n|-supereffective|p2a: Arcanine\n|-damage|p2a: Arcanine|32\/100\n|move|p2a: Arcanine|Flare Blitz|p1a: Makoto Yuki\n|-supereffective|p1a: Makoto Yuki\n|-enditem|p1a: Makoto Yuki|Focus Sash\n|-damage|p1a: Makoto Yuki|1\/100\n|-damage|p2a: Arcanine|9\/100|[from] Recoil\n|\n|-heal|p2a: Arcanine|15\/100|[from] item: Leftovers\n|upkeep\n|turn|6\n|\n|t:|1699684968\n|move|p2a: Arcanine|Extreme Speed|p1a: Makoto Yuki\n|-resisted|p1a: Makoto Yuki\n|-damage|p1a: Makoto Yuki|0 fnt\n|faint|p1a: Makoto Yuki\n|\n|-heal|p2a: Arcanine|21\/100|[from] item: Leftovers\n|upkeep\n|\n|t:|1699684984\n|switch|p1a: Junpei Iori|Weavile, M, shiny|100\/100\n|turn|7\n|\n|t:|1699684988\n|switch|p2a: Tyranitar|Tyranitar, M|100\/100\n|-weather|Sandstorm|[from] ability: Sand Stream|[of] p2a: Tyranitar\n|move|p1a: Junpei Iori|Throat Chop|p2a: Tyranitar\n|-resisted|p2a: Tyranitar\n|-damage|p2a: Tyranitar|86\/100\n|-start|p2a: Tyranitar|Throat Chop|[silent]\n|\n|-weather|Sandstorm|[upkeep]\n|-damage|p1a: Junpei Iori|94\/100|[from] Sandstorm\n|upkeep\n|turn|8\n|\n|t:|1699685003\n|switch|p1a: Ken Amada|Scizor, M|100\/100\n|move|p2a: Tyranitar|Stone Edge|p1a: Ken Amada\n|-damage|p1a: Ken Amada|42\/100\n|\n|-weather|Sandstorm|[upkeep]\n|-end|p2a: Tyranitar|Throat Chop|[silent]\n|upkeep\n|turn|9\n|\n|t:|1699685007\n|move|p1a: Ken Amada|Bullet Punch|p2a: Tyranitar\n|-supereffective|p2a: Tyranitar\n|-damage|p2a: Tyranitar|27\/100\n|move|p2a: Tyranitar|Stone Edge|p1a: Ken Amada\n|-damage|p1a: Ken Amada|0 fnt\n|faint|p1a: Ken Amada\n|\n|-weather|Sandstorm|[upkeep]\n|upkeep\n|inactive|Kuzwa has 120 seconds left.\n|\n|t:|1699685039\n|switch|p1a: Junpei Iori|Weavile, M, shiny|94\/100\n|turn|10\n|\n|t:|1699685052\n|move|p1a: Junpei Iori|Ice Spinner|p2a: Tyranitar\n|-damage|p2a: Tyranitar|0 fnt\n|faint|p2a: Tyranitar\n|\n|-weather|Sandstorm|[upkeep]\n|-damage|p1a: Junpei Iori|88\/100|[from] Sandstorm\n|upkeep\n|\n|t:|1699685060\n|switch|p2a: Ogerpon|Ogerpon-Cornerstone, F|100\/100\n|turn|11\n|\n|t:|1699685067\n|move|p1a: Junpei Iori|Throat Chop|p2a: Ogerpon\n|-crit|p2a: Ogerpon\n|-damage|p2a: Ogerpon|29\/100\n|-start|p2a: Ogerpon|Throat Chop|[silent]\n|move|p2a: Ogerpon|Ivy Cudgel|p1a: Junpei Iori\n|-supereffective|p1a: Junpei Iori\n|-damage|p1a: Junpei Iori|0 fnt\n|faint|p1a: Junpei Iori\n|\n|-weather|none\n|upkeep\n|\n|t:|1699685082\n|switch|p1a: Ryoji Mochizuki|Gallade, M, shiny|100\/100\n|turn|12\n|\n|t:|1699685089\n|detailschange|p1a: Ryoji Mochizuki|Gallade-Mega, M, shiny\n|-mega|p1a: Ryoji Mochizuki|Gallade|Galladite\n|move|p1a: Ryoji Mochizuki|Sacred Sword|p2a: Ogerpon\n|-supereffective|p2a: Ogerpon\n|-damage|p2a: Ogerpon|0 fnt\n|faint|p2a: Ogerpon\n|\n|upkeep\n|\n|t:|1699685094\n|switch|p2a: Arcanine|Arcanine-Hisui, F|21\/100\n|-ability|p2a: Arcanine|Intimidate|boost\n|-fail|p1a: Ryoji Mochizuki|unboost|Attack|[from] ability: Inner Focus|[of] p1a: Ryoji Mochizuki\n|turn|13\n|\n|t:|1699685099\n|move|p1a: Ryoji Mochizuki|Psycho Cut|p2a: Arcanine\n|-crit|p2a: Arcanine\n|-damage|p2a: Arcanine|0 fnt\n|faint|p2a: Arcanine\n|\n|upkeep\n|\n|t:|1699685102\n|switch|p2a: Garganacl|Garganacl, F|100\/100\n|turn|14\n|\n|t:|1699685105\n|-terastallize|p2a: Garganacl|Water\n|move|p1a: Ryoji Mochizuki|Sacred Sword|p2a: Garganacl\n|-damage|p2a: Garganacl|60\/100\n|move|p2a: Garganacl|Iron Defense|p2a: Garganacl\n|-boost|p2a: Garganacl|def|2\n|\n|-heal|p2a: Garganacl|66\/100|[from] item: Leftovers\n|upkeep\n|turn|15\n|\n|t:|1699685111\n|move|p1a: Ryoji Mochizuki|Swords Dance|p1a: Ryoji Mochizuki\n|-boost|p1a: Ryoji Mochizuki|atk|2\n|move|p2a: Garganacl|Recover|p2a: Garganacl\n|-heal|p2a: Garganacl|100\/100\n|\n|upkeep\n|turn|16\n|\n|t:|1699685113\n|move|p1a: Ryoji Mochizuki|Swords Dance|p1a: Ryoji Mochizuki\n|-boost|p1a: Ryoji Mochizuki|atk|2\n|move|p2a: Garganacl|Iron Defense|p2a: Garganacl\n|-boost|p2a: Garganacl|def|2\n|\n|upkeep\n|turn|17\n|\n|t:|1699685116\n|move|p1a: Ryoji Mochizuki|Sacred Sword|p2a: Garganacl\n|-damage|p2a: Garganacl|0 fnt\n|faint|p2a: Garganacl\n|\n|win|Kuzwa\n|raw|Kuzwa's rating: 1191 &rarr; <strong>1219<\/strong><br \/>(+28 for winning)\n|raw|BasicGirly's rating: 1228 &rarr; <strong>1200<\/strong><br \/>(-28 for losing)\n","uploadtime":1699685121,"views":4,"p1id":"kuzwa","p2id":"basicgirly","formatid":"gen9nationaldex","rating":1200,"private":0,"password":""}