{"id":"gen9nationaldex-1989182517","p1":"Kromydas","p2":"AerBlaziken","format":"[Gen 9] National Dex","log":"|j|\u203dKromydas\n|j|\u2606AerBlaziken\n|t:|1699820902\n|gametype|singles\n|player|p1|Kromydas|266|1107\n|player|p2|AerBlaziken|hexmaniac-gen6|1215\n|teamsize|p1|6\n|teamsize|p2|6\n|gen|9\n|tier|[Gen 9] National Dex\n|rated|\n|rule|HP Percentage Mod: HP is shown in percentages\n|rule|Endless Battle Clause: Forcing endless battles is banned\n|rule|OHKO Clause: OHKO moves are banned\n|rule|Evasion Clause: Evasion abilities, items, and moves are banned\n|rule|Evasion Abilities Clause: Evasion abilities are banned\n|rule|Evasion Items Clause: Evasion items are banned\n|rule|Evasion Moves Clause: Evasion moves are banned\n|rule|Species Clause: Limit one of each Pok\u00e9mon\n|rule|Sleep Clause Mod: Limit one foe put to sleep\n|clearpoke\n|poke|p1|Samurott-Hisui, M|\n|poke|p1|Xurkitree|\n|poke|p1|Galvantula, F|\n|poke|p1|Sigilyph, F|\n|poke|p1|Kleavor, F|\n|poke|p1|Glimmora, F|\n|poke|p2|Ogerpon-Wellspring, F|\n|poke|p2|Ursaluna, M|\n|poke|p2|Cinderace, F|\n|poke|p2|Latias, F|\n|poke|p2|Thundurus-Therian, M|\n|poke|p2|Ninetales-Alola, F|\n|teampreview\n|\n|t:|1699820909\n|start\n|switch|p1a: Samurott|Samurott-Hisui, M|100\/100\n|switch|p2a: Feddy Faber|Ursaluna, M|100\/100\n|turn|1\n|\n|t:|1699820914\n|switch|p2a: Kiriko|Ninetales-Alola, F, shiny|100\/100\n|-weather|Snow|[from] ability: Snow Warning|[of] p2a: Kiriko\n|move|p1a: Samurott|Ceaseless Edge|p2a: Kiriko\n|-resisted|p2a: Kiriko\n|-damage|p2a: Kiriko|77\/100\n|-sidestart|p2: AerBlaziken|Spikes\n|\n|-weather|Snow|[upkeep]\n|upkeep\n|turn|2\n|\n|t:|1699820918\n|move|p2a: Kiriko|Aurora Veil|p2a: Kiriko\n|-sidestart|p2: AerBlaziken|move: Aurora Veil\n|move|p1a: Samurott|Ceaseless Edge|p2a: Kiriko\n|-resisted|p2a: Kiriko\n|-damage|p2a: Kiriko|66\/100\n|-sidestart|p2: AerBlaziken|Spikes\n|\n|-weather|Snow|[upkeep]\n|upkeep\n|turn|3\n|\n|t:|1699820924\n|move|p2a: Kiriko|Freeze-Dry|p1a: Samurott\n|-supereffective|p1a: Samurott\n|-damage|p1a: Samurott|44\/100\n|move|p1a: Samurott|Ceaseless Edge|p2a: Kiriko\n|-resisted|p2a: Kiriko\n|-damage|p2a: Kiriko|55\/100\n|-sidestart|p2: AerBlaziken|Spikes\n|\n|-weather|Snow|[upkeep]\n|upkeep\n|turn|4\n|\n|t:|1699820939\n|move|p1a: Samurott|Aqua Jet|p2a: Kiriko\n|-damage|p2a: Kiriko|46\/100\n|move|p2a: Kiriko|Freeze-Dry|p1a: Samurott\n|-supereffective|p1a: Samurott\n|-damage|p1a: Samurott|0 fnt\n|faint|p1a: Samurott\n|\n|-weather|Snow|[upkeep]\n|upkeep\n|\n|t:|1699820945\n|switch|p1a: Galvantula|Galvantula, F|100\/100\n|turn|5\n|\n|t:|1699820949\n|move|p2a: Kiriko|Moonblast|p1a: Galvantula\n|-damage|p1a: Galvantula|33\/100\n|move|p1a: Galvantula|Sticky Web|p2a: Kiriko\n|-sidestart|p2: AerBlaziken|move: Sticky Web\n|\n|-weather|none\n|upkeep\n|turn|6\n|\n|t:|1699820953\n|move|p2a: Kiriko|Moonblast|p1a: Galvantula\n|-damage|p1a: Galvantula|0 fnt\n|faint|p1a: Galvantula\n|\n|upkeep\n|\n|t:|1699820957\n|switch|p1a: Kleavor|Kleavor, F|100\/100\n|turn|7\n|\n|t:|1699820961\n|move|p2a: Kiriko|Moonblast|p1a: Kleavor\n|-damage|p1a: Kleavor|42\/100\n|move|p1a: Kleavor|Stone Axe|p2a: Kiriko\n|-supereffective|p2a: Kiriko\n|-damage|p2a: Kiriko|0 fnt\n|-sidestart|p2: AerBlaziken|move: Stealth Rock\n|faint|p2a: Kiriko\n|\n|upkeep\n|\n|t:|1699820970\n|switch|p2a: Cinnamon|Cinderace, F|100\/100\n|turn|8\n|c|\u2606AerBlaziken|hey watch this\n|l|\u203dKromydas\n|player|p1|\n|j|\u203dKromydas\n|player|p1|Kromydas|266\n|n|\u203dKromydas|kromydas\n|\n|t:|1699821011\n|-terastallize|p2a: Cinnamon|Ground\n|move|p2a: Cinnamon|Court Change|p2a: Cinnamon\n|-swapsideconditions\n|-activate|p2a: Cinnamon|move: Court Change\n|move|p1a: Kleavor|Stone Axe|p2a: Cinnamon|[miss]\n|-miss|p1a: Kleavor|p2a: Cinnamon\n|\n|upkeep\n|turn|9\n|\n|t:|1699821019\n|move|p2a: Cinnamon|Pyro Ball|p1a: Kleavor\n|-damage|p1a: Kleavor|3\/100\n|move|p1a: Kleavor|Stone Axe|p2a: Cinnamon\n|-resisted|p2a: Cinnamon\n|-damage|p2a: Cinnamon|60\/100\n|-sidestart|p2: AerBlaziken|move: Stealth Rock\n|\n|-sideend|p1: Kromydas|move: Aurora Veil\n|upkeep\n|turn|10\n|\n|t:|1699821023\n|move|p2a: Cinnamon|Pyro Ball|p1a: Kleavor\n|-damage|p1a: Kleavor|0 fnt\n|faint|p1a: Kleavor\n|\n|upkeep\n|\n|t:|1699821032\n|switch|p1a: Glimmora|Glimmora, F|100\/100\n|-damage|p1a: Glimmora|76\/100|[from] Spikes\n|-activate|p1a: Glimmora|move: Sticky Web\n|-unboost|p1a: Glimmora|spe|1\n|-damage|p1a: Glimmora|63\/100|[from] Stealth Rock\n|turn|11\n|\n|t:|1699821039\n|switch|p2a: Yin|Latias, F|100\/100\n|-damage|p2a: Yin|88\/100|[from] Stealth Rock\n|move|p1a: Glimmora|Endure||[still]\n|-fail|p1a: Glimmora\n|\n|upkeep\n|turn|12\n|\n|t:|1699821042\n|detailschange|p2a: Yin|Latias-Mega, F\n|-mega|p2a: Yin|Latias|Latiasite\n|move|p2a: Yin|Psyshock|p1a: Glimmora\n|-supereffective|p1a: Glimmora\n|-damage|p1a: Glimmora|0 fnt\n|faint|p1a: Glimmora\n|\n|upkeep\n|\n|t:|1699821046\n|switch|p1a: Sigilyph|Sigilyph, F|100\/100\n|turn|13\n|\n|t:|1699821054\n|move|p2a: Yin|Thunderbolt|p1a: Sigilyph\n|-supereffective|p1a: Sigilyph\n|-damage|p1a: Sigilyph|26\/100\n|move|p1a: Sigilyph|Speed Swap|p2a: Yin\n|-activate|p1a: Sigilyph|move: Speed Swap|[of] p2a: Yin\n|\n|-heal|p1a: Sigilyph|32\/100|[from] item: Leftovers\n|upkeep\n|turn|14\n|\n|t:|1699821062\n|-terastallize|p1a: Sigilyph|Steel\n|move|p1a: Sigilyph|Cosmic Power|p1a: Sigilyph\n|-boost|p1a: Sigilyph|def|1\n|-boost|p1a: Sigilyph|spd|1\n|move|p2a: Yin|Thunderbolt|p1a: Sigilyph\n|-damage|p1a: Sigilyph|8\/100\n|-status|p1a: Sigilyph|par\n|\n|-heal|p1a: Sigilyph|14\/100 par|[from] item: Leftovers\n|upkeep\n|turn|15\n|\n|t:|1699821079\n|move|p2a: Yin|Thunderbolt|p1a: Sigilyph\n|-damage|p1a: Sigilyph|0 fnt\n|faint|p1a: Sigilyph\n|\n|upkeep\n|\n|t:|1699821082\n|switch|p1a: Xurkitree|Xurkitree|100\/100\n|-damage|p1a: Xurkitree|76\/100|[from] Spikes\n|-activate|p1a: Xurkitree|move: Sticky Web\n|-unboost|p1a: Xurkitree|spe|1\n|-damage|p1a: Xurkitree|63\/100|[from] Stealth Rock\n|turn|16\n|\n|t:|1699821087\n|move|p2a: Yin|Draco Meteor|p1a: Xurkitree\n|-damage|p1a: Xurkitree|0 fnt\n|-unboost|p2a: Yin|spa|2\n|faint|p1a: Xurkitree\n|\n|win|AerBlaziken\n|raw|Kromydas's rating: 1107 &rarr; <strong>1090<\/strong><br \/>(-17 for losing)\n|raw|AerBlaziken's rating: 1215 &rarr; <strong>1232<\/strong><br \/>(+17 for winning)\n","uploadtime":1699821098,"views":5,"p1id":"kromydas","p2id":"aerblaziken","formatid":"gen9nationaldex","rating":1090,"private":0,"password":""}