{"id":"gen9nationaldex-1995573003","p1":"Lixeira Pistola","p2":"JIJIJIIIJ","format":"[Gen 9] National Dex","log":"|html|<div class=\"broadcast-blue\"><strong>[Gen 9] National Dex is currently suspecting Sneasler! For information on how to participate check out the <a href=\"https:\/\/www.smogon.com\/forums\/threads\/sv-national-dex-suspect-8-just-dance.3731534\/\">suspect thread<\/a>.<\/strong><\/div>\n|j|\u2606Lixeira Pistola\n|j|\u2606JIJIJIIIJ\n|t:|1700584027\n|gametype|singles\n|player|p1|Lixeira Pistola|giovanni|1076\n|player|p2|JIJIJIIIJ|marshal|1041\n|teamsize|p1|6\n|teamsize|p2|6\n|gen|9\n|tier|[Gen 9] National Dex\n|rated|\n|rule|HP Percentage Mod: HP is shown in percentages\n|rule|Endless Battle Clause: Forcing endless battles is banned\n|rule|OHKO Clause: OHKO moves are banned\n|rule|Evasion Clause: Evasion abilities, items, and moves are banned\n|rule|Evasion Abilities Clause: Evasion abilities are banned\n|rule|Evasion Items Clause: Evasion items are banned\n|rule|Evasion Moves Clause: Evasion moves are banned\n|rule|Species Clause: Limit one of each Pok\u00e9mon\n|rule|Sleep Clause Mod: Limit one foe put to sleep\n|clearpoke\n|poke|p1|Aggron, F|\n|poke|p1|Sceptile, F|\n|poke|p1|Latias, F|\n|poke|p1|Breloom, F|\n|poke|p1|Slaking, M|\n|poke|p1|Sharpedo, F|\n|poke|p2|Heatran, F|\n|poke|p2|Serperior, M|\n|poke|p2|Iron Valiant|\n|poke|p2|Greninja-*, M|\n|poke|p2|Gliscor, M|\n|poke|p2|Tyranitar, M|\n|teampreview\n|inactive|Battle timer is ON: inactive players will automatically lose when time's up. (requested by Lixeira Pistola)\n|\n|t:|1700584038\n|start\n|switch|p1a: Breloom|Breloom, F|100\/100\n|switch|p2a: Greninja|Greninja, M|100\/100\n|turn|1\n|\n|t:|1700584043\n|move|p2a: Greninja|U-turn|p1a: Breloom\n|-start|p2a: Greninja|typechange|Bug|[from] ability: Protean\n|-damage|p1a: Breloom|69\/100\n|\n|t:|1700584050\n|switch|p2a: Iron Valiant|Iron Valiant|100\/100|[from] U-turn\n|-enditem|p2a: Iron Valiant|Booster Energy\n|-activate|p2a: Iron Valiant|ability: Quark Drive|[fromitem]\n|-start|p2a: Iron Valiant|quarkdrivespe\n|move|p1a: Breloom|Spore|p2a: Iron Valiant\n|-status|p2a: Iron Valiant|slp|[from] move: Spore\n|\n|upkeep\n|turn|2\n|\n|t:|1700584060\n|cant|p2a: Iron Valiant|slp\n|move|p1a: Breloom|Bullet Seed|p2a: Iron Valiant\n|-damage|p2a: Iron Valiant|76\/100 slp\n|-crit|p2a: Iron Valiant\n|-damage|p2a: Iron Valiant|36\/100 slp\n|-damage|p2a: Iron Valiant|13\/100 slp\n|-hitcount|p2a: Iron Valiant|3\n|\n|upkeep\n|turn|3\n|\n|t:|1700584074\n|-end|p2a: Iron Valiant|Quark Drive|[silent]\n|switch|p2a: Serperior|Serperior, M|100\/100\n|move|p1a: Breloom|Mach Punch|p2a: Serperior\n|-damage|p2a: Serperior|64\/100\n|\n|upkeep\n|turn|4\n|\n|t:|1700584083\n|move|p1a: Breloom|Mach Punch|p2a: Serperior\n|-damage|p2a: Serperior|27\/100\n|move|p2a: Serperior|Toxic|p1a: Breloom\n|-status|p1a: Breloom|tox\n|\n|-damage|p1a: Breloom|63\/100 tox|[from] psn\n|upkeep\n|turn|5\n|\n|t:|1700584099\n|switch|p2a: Heatran|Heatran, F, shiny|100\/100\n|-item|p2a: Heatran|Air Balloon\n|move|p1a: Breloom|Mach Punch|p2a: Heatran\n|-supereffective|p2a: Heatran\n|-damage|p2a: Heatran|33\/100\n|-enditem|p2a: Heatran|Air Balloon\n|\n|-damage|p1a: Breloom|51\/100 tox|[from] psn\n|upkeep\n|turn|6\n|\n|t:|1700584110\n|switch|p2a: Gliscor|Gliscor, M, shiny|100\/100\n|move|p1a: Breloom|Mach Punch|p2a: Gliscor\n|-resisted|p2a: Gliscor\n|-damage|p2a: Gliscor|86\/100\n|\n|-damage|p1a: Breloom|32\/100 tox|[from] psn\n|-status|p2a: Gliscor|tox|[from] item: Toxic Orb\n|upkeep\n|turn|7\n|\n|t:|1700584121\n|-terastallize|p2a: Gliscor|Poison\n|move|p2a: Gliscor|Swords Dance|p2a: Gliscor\n|-boost|p2a: Gliscor|atk|2\n|move|p1a: Breloom|Bullet Seed|p2a: Gliscor\n|-resisted|p2a: Gliscor\n|-damage|p2a: Gliscor|77\/100 tox\n|-resisted|p2a: Gliscor\n|-damage|p2a: Gliscor|67\/100 tox\n|-resisted|p2a: Gliscor\n|-damage|p2a: Gliscor|59\/100 tox\n|-hitcount|p2a: Gliscor|3\n|\n|-heal|p2a: Gliscor|71\/100 tox|[from] ability: Poison Heal\n|-damage|p1a: Breloom|8\/100 tox|[from] psn\n|upkeep\n|turn|8\n|\n|t:|1700584141\n|move|p2a: Gliscor|Earthquake|p1a: Breloom\n|-resisted|p1a: Breloom\n|-damage|p1a: Breloom|0 fnt\n|faint|p1a: Breloom\n|\n|-heal|p2a: Gliscor|83\/100 tox|[from] ability: Poison Heal\n|upkeep\n|\n|t:|1700584144\n|switch|p1a: Aggron|Aggron, F|100\/100\n|turn|9\n|\n|t:|1700584150\n|move|p2a: Gliscor|Earthquake|p1a: Aggron\n|-supereffective|p1a: Aggron\n|-crit|p1a: Aggron\n|-damage|p1a: Aggron|0 fnt\n|faint|p1a: Aggron\n|\n|-heal|p2a: Gliscor|96\/100 tox|[from] ability: Poison Heal\n|upkeep\n|\n|t:|1700584153\n|switch|p1a: Slaking|Slaking, M|100\/100\n|turn|10\n|\n|t:|1700584162\n|move|p1a: Slaking|Return|p2a: Gliscor\n|-damage|p2a: Gliscor|6\/100 tox\n|move|p2a: Gliscor|Stealth Rock|p1a: Slaking\n|-sidestart|p1: Lixeira Pistola|move: Stealth Rock\n|\n|-heal|p2a: Gliscor|18\/100 tox|[from] ability: Poison Heal\n|upkeep\n|turn|11\n|\n|t:|1700584171\n|switch|p1a: Sharpedo|Sharpedo, F|100\/100\n|-damage|p1a: Sharpedo|88\/100|[from] Stealth Rock\n|move|p2a: Gliscor|Earthquake|p1a: Sharpedo\n|-damage|p1a: Sharpedo|0 fnt\n|faint|p1a: Sharpedo\n|\n|-heal|p2a: Gliscor|31\/100 tox|[from] ability: Poison Heal\n|upkeep\n|\n|t:|1700584173\n|switch|p1a: Sceptile|Sceptile, F|100\/100\n|-damage|p1a: Sceptile|88\/100|[from] Stealth Rock\n|turn|12\n|\n|t:|1700584191\n|switch|p2a: Iron Valiant|Iron Valiant|13\/100 slp\n|detailschange|p1a: Sceptile|Sceptile-Mega, F\n|-mega|p1a: Sceptile|Sceptile|Sceptilite\n|move|p1a: Sceptile|Dragon Pulse|p2a: Iron Valiant\n|-immune|p2a: Iron Valiant\n|\n|upkeep\n|turn|13\n|\n|t:|1700584206\n|move|p1a: Sceptile|Giga Drain|p2a: Iron Valiant\n|-damage|p2a: Iron Valiant|0 fnt\n|-heal|p1a: Sceptile|94\/100|[from] drain|[of] p2a: Iron Valiant\n|faint|p2a: Iron Valiant\n|-end|p2a: Iron Valiant|Quark Drive|[silent]\n|\n|upkeep\n|\n|t:|1700584213\n|switch|p2a: Heatran|Heatran, F, shiny|33\/100\n|turn|14\n|\n|t:|1700584221\n|switch|p1a: Latias|Latias, F|100\/100\n|-damage|p1a: Latias|88\/100|[from] Stealth Rock\n|move|p2a: Heatran|Flash Cannon|p1a: Latias\n|-damage|p1a: Latias|57\/100\n|\n|-heal|p1a: Latias|63\/100|[from] item: Leftovers\n|upkeep\n|turn|15\n|\n|t:|1700584232\n|switch|p2a: Tyranitar|Tyranitar, M|100\/100\n|-weather|Sandstorm|[from] ability: Sand Stream|[of] p2a: Tyranitar\n|move|p1a: Latias|Defog|p2a: Tyranitar\n|-unboost|p2a: Tyranitar|evasion|1\n|-sideend|p1: Lixeira Pistola|Stealth Rock|[from] move: Defog|[of] p1a: Latias\n|\n|-weather|Sandstorm|[upkeep]\n|-damage|p1a: Latias|57\/100|[from] Sandstorm\n|-heal|p1a: Latias|63\/100|[from] item: Leftovers\n|upkeep\n|turn|16\n|\n|t:|1700584244\n|move|p2a: Tyranitar|Knock Off|p1a: Latias\n|-supereffective|p1a: Latias\n|-damage|p1a: Latias|0 fnt\n|-enditem|p1a: Latias|Leftovers|[from] move: Knock Off|[of] p2a: Tyranitar\n|faint|p1a: Latias\n|\n|-weather|Sandstorm|[upkeep]\n|upkeep\n|\n|t:|1700584248\n|switch|p1a: Slaking|Slaking, M|100\/100\n|turn|17\n|inactive|JIJIJIIIJ has 120 seconds left.\n|\n|t:|1700584284\n|switch|p2a: Serperior|Serperior, M|27\/100\n|move|p1a: Slaking|Knock Off|p2a: Serperior\n|-damage|p2a: Serperior|0 fnt\n|-enditem|p2a: Serperior|Heavy-Duty Boots|[from] move: Knock Off|[of] p1a: Slaking\n|faint|p2a: Serperior\n|\n|-weather|Sandstorm|[upkeep]\n|-damage|p1a: Slaking|94\/100|[from] Sandstorm\n|upkeep\n|\n|t:|1700584293\n|switch|p2a: Tyranitar|Tyranitar, M|100\/100\n|turn|18\n|inactive|JIJIJIIIJ has 120 seconds left.\n|\n|t:|1700584307\n|move|p2a: Tyranitar|Stone Edge|p1a: Slaking\n|-damage|p1a: Slaking|56\/100\n|cant|p1a: Slaking|ability: Truant\n|\n|-weather|Sandstorm|[upkeep]\n|-damage|p1a: Slaking|50\/100|[from] Sandstorm\n|upkeep\n|turn|19\n|inactive|JIJIJIIIJ has 120 seconds left.\n|\n|t:|1700584324\n|move|p2a: Tyranitar|Stone Edge|p1a: Slaking\n|-damage|p1a: Slaking|9\/100\n|move|p1a: Slaking|Knock Off|p2a: Tyranitar\n|-resisted|p2a: Tyranitar\n|-damage|p2a: Tyranitar|74\/100\n|-enditem|p2a: Tyranitar|Choice Scarf|[from] move: Knock Off|[of] p1a: Slaking\n|\n|-weather|none\n|upkeep\n|turn|20\n|inactive|JIJIJIIIJ has 120 seconds left.\n|\n|t:|1700584353\n|cant|p1a: Slaking|ability: Truant\n|move|p2a: Tyranitar|Knock Off|p1a: Slaking\n|-damage|p1a: Slaking|0 fnt\n|-enditem|p1a: Slaking|Choice Band|[from] move: Knock Off|[of] p2a: Tyranitar\n|faint|p1a: Slaking\n|\n|upkeep\n|\n|t:|1700584370\n|switch|p1a: Sceptile|Sceptile-Mega, F|94\/100\n|turn|21\n|\n|t:|1700584373\n|move|p1a: Sceptile|Work Up|p1a: Sceptile\n|-boost|p1a: Sceptile|atk|1\n|-boost|p1a: Sceptile|spa|1\n|move|p2a: Tyranitar|Dragon Claw|p1a: Sceptile\n|-supereffective|p1a: Sceptile\n|-damage|p1a: Sceptile|11\/100\n|\n|upkeep\n|turn|22\n|inactive|JIJIJIIIJ has 120 seconds left.\n|\n|t:|1700584382\n|move|p1a: Sceptile|Giga Drain|p2a: Tyranitar\n|-supereffective|p2a: Tyranitar\n|-damage|p2a: Tyranitar|0 fnt\n|-heal|p1a: Sceptile|56\/100|[from] drain|[of] p2a: Tyranitar\n|faint|p2a: Tyranitar\n|\n|upkeep\n|inactive|JIJIJIIIJ has 120 seconds left.\n|\n|t:|1700584389\n|switch|p2a: Greninja|Greninja, M|100\/100\n|turn|23\n|\n|t:|1700584395\n|move|p2a: Greninja|Water Shuriken|p1a: Sceptile\n|-start|p2a: Greninja|typechange|Water|[from] ability: Protean\n|-resisted|p1a: Sceptile\n|-crit|p1a: Sceptile\n|-damage|p1a: Sceptile|51\/100\n|-resisted|p1a: Sceptile\n|-damage|p1a: Sceptile|48\/100\n|-resisted|p1a: Sceptile\n|-damage|p1a: Sceptile|44\/100\n|-hitcount|p1a: Sceptile|3\n|move|p1a: Sceptile|Giga Drain|p2a: Greninja\n|-supereffective|p2a: Greninja\n|-damage|p2a: Greninja|0 fnt\n|-heal|p1a: Sceptile|95\/100|[from] drain|[of] p2a: Greninja\n|faint|p2a: Greninja\n|\n|upkeep\n|inactive|JIJIJIIIJ has 120 seconds left.\n|\n|t:|1700584409\n|switch|p2a: Gliscor|Gliscor, M, shiny, tera:Poison|31\/100 tox\n|turn|24\n|inactive|JIJIJIIIJ has 120 seconds left.\n|\n|t:|1700584423\n|move|p1a: Sceptile|Work Up|p1a: Sceptile\n|-boost|p1a: Sceptile|atk|1\n|-boost|p1a: Sceptile|spa|1\n|move|p2a: Gliscor|U-turn|p1a: Sceptile\n|-supereffective|p1a: Sceptile\n|-damage|p1a: Sceptile|50\/100\n|inactive|JIJIJIIIJ has 120 seconds left.\n|\n|t:|1700584430\n|switch|p2a: Heatran|Heatran, F, shiny|33\/100|[from] U-turn\n|\n|upkeep\n|turn|25\n|l|\u2606Lixeira Pistola\n|inactive|Lixeira Pistola disconnected and has a minute to reconnect!\n|player|p1|\n|j|\u2606Lixeira Pistola\n|inactive|Lixeira Pistola reconnected and has 135 seconds left.\n|player|p1|Lixeira Pistola|giovanni\n|\n|t:|1700584450\n|move|p1a: Sceptile|Dragon Pulse|p2a: Heatran\n|-resisted|p2a: Heatran\n|-damage|p2a: Heatran|0 fnt\n|faint|p2a: Heatran\n|\n|upkeep\n|\n|t:|1700584456\n|switch|p2a: Gliscor|Gliscor, M, shiny, tera:Poison|31\/100 tox\n|turn|26\n|\n|t:|1700584460\n|move|p1a: Sceptile|Dragon Pulse|p2a: Gliscor\n|-damage|p2a: Gliscor|0 fnt\n|faint|p2a: Gliscor\n|\n|win|Lixeira Pistola\n|raw|Lixeira Pistola's rating: 1076 &rarr; <strong>1102<\/strong><br \/>(+26 for winning)\n|raw|JIJIJIIIJ's rating: 1041 &rarr; <strong>1026<\/strong><br \/>(-15 for losing)\n|l|\u2606JIJIJIIIJ\n","uploadtime":1700584468,"views":0,"p1id":"lixeirapistola","p2id":"jijijiiij","formatid":"gen9nationaldex","rating":1026,"private":0,"password":""}