{"id":"gen9nationaldex-1987133351","p1":"Unknown_User2012","p2":"lucas_ne","format":"[Gen 9] National Dex","log":"|j|\u2606Unknown_User2012\n|j|\u2606lucas_ne\n|t:|1699558811\n|gametype|singles\n|player|p1|Unknown_User2012|lucas|1161\n|player|p2|lucas_ne|bruno|1275\n|teamsize|p1|6\n|teamsize|p2|6\n|gen|9\n|tier|[Gen 9] National Dex\n|rated|\n|rule|HP Percentage Mod: HP is shown in percentages\n|rule|Endless Battle Clause: Forcing endless battles is banned\n|rule|OHKO Clause: OHKO moves are banned\n|rule|Evasion Clause: Evasion abilities, items, and moves are banned\n|rule|Evasion Abilities Clause: Evasion abilities are banned\n|rule|Evasion Items Clause: Evasion items are banned\n|rule|Evasion Moves Clause: Evasion moves are banned\n|rule|Species Clause: Limit one of each Pok\u00e9mon\n|rule|Sleep Clause Mod: Limit one foe put to sleep\n|clearpoke\n|poke|p1|Ariados, M|\n|poke|p1|Revavroom, F|\n|poke|p1|Darmanitan, M|\n|poke|p1|Emolga, F|\n|poke|p1|Ogerpon, F|\n|poke|p1|Komala, F|\n|poke|p2|Landorus-Therian, M|\n|poke|p2|Ninetales-Alola, F|\n|poke|p2|Baxcalibur, F|\n|poke|p2|Heatran, M|\n|poke|p2|Scizor, M|\n|poke|p2|Tapu Lele|\n|teampreview\n|inactive|Battle timer is ON: inactive players will automatically lose when time's up. (requested by Unknown_User2012)\n|c|\u2606Unknown_User2012|gl hf!\n|c|\u2606lucas_ne|u2!!\n|\n|t:|1699558824\n|start\n|switch|p1a: Hypnos|Komala, F|100\/100\n|switch|p2a: Landorus|Landorus-Therian, M|100\/100\n|-ability|p1a: Hypnos|Comatose\n|-ability|p2a: Landorus|Intimidate|boost\n|-unboost|p1a: Hypnos|atk|1\n|turn|1\n|\n|t:|1699558828\n|move|p1a: Hypnos|Yawn|p2a: Landorus\n|-start|p2a: Landorus|move: Yawn|[of] p1a: Hypnos\n|move|p2a: Landorus|Knock Off|p1a: Hypnos\n|-damage|p1a: Hypnos|35\/100\n|-enditem|p1a: Hypnos|Muscle Band|[from] move: Knock Off|[of] p2a: Landorus\n|\n|upkeep\n|turn|2\n|\n|t:|1699558834\n|move|p1a: Hypnos|Rapid Spin|p2a: Landorus\n|-damage|p2a: Landorus|80\/100\n|-boost|p1a: Hypnos|spe|1\n|move|p2a: Landorus|U-turn|p1a: Hypnos\n|-damage|p1a: Hypnos|0 fnt\n|faint|p1a: Hypnos\n|\n|t:|1699558838\n|switch|p2a: Ninetales|Ninetales-Alola, F|100\/100|[from] U-turn\n|-weather|Snow|[from] ability: Snow Warning|[of] p2a: Ninetales\n|\n|-weather|Snow|[upkeep]\n|upkeep\n|\n|t:|1699558857\n|switch|p1a: Flying Hampter|Emolga, F|100\/100\n|turn|3\n|\n|t:|1699558862\n|move|p2a: Ninetales|Aurora Veil|p2a: Ninetales\n|-sidestart|p2: lucas_ne|move: Aurora Veil\n|move|p1a: Flying Hampter|Nuzzle|p2a: Ninetales\n|-damage|p2a: Ninetales|98\/100\n|-status|p2a: Ninetales|par\n|\n|-weather|Snow|[upkeep]\n|upkeep\n|turn|4\n|\n|t:|1699558874\n|switch|p2a: Baxcalibur|Baxcalibur, F|100\/100\n|move|p1a: Flying Hampter|Air Slash|p2a: Baxcalibur\n|-damage|p2a: Baxcalibur|87\/100\n|\n|-weather|Snow|[upkeep]\n|upkeep\n|turn|5\n|\n|t:|1699558883\n|move|p1a: Flying Hampter|Nuzzle|p2a: Baxcalibur\n|-resisted|p2a: Baxcalibur\n|-damage|p2a: Baxcalibur|86\/100\n|-status|p2a: Baxcalibur|par\n|move|p2a: Baxcalibur|Swords Dance|p2a: Baxcalibur\n|-boost|p2a: Baxcalibur|atk|2\n|\n|-weather|Snow|[upkeep]\n|upkeep\n|turn|6\n|\n|t:|1699558889\n|move|p1a: Flying Hampter|Air Slash|p2a: Baxcalibur\n|-damage|p2a: Baxcalibur|71\/100 par\n|cant|p2a: Baxcalibur|flinch\n|\n|-weather|none\n|upkeep\n|turn|7\n|\n|t:|1699558896\n|move|p1a: Flying Hampter|Air Slash|p2a: Baxcalibur\n|-crit|p2a: Baxcalibur\n|-damage|p2a: Baxcalibur|29\/100 par\n|cant|p2a: Baxcalibur|flinch\n|\n|upkeep\n|turn|8\n|\n|t:|1699558899\n|move|p1a: Flying Hampter|Air Slash|p2a: Baxcalibur\n|-damage|p2a: Baxcalibur|15\/100 par\n|cant|p2a: Baxcalibur|par\n|\n|upkeep\n|turn|9\n|\n|t:|1699558904\n|move|p1a: Flying Hampter|Air Slash|p2a: Baxcalibur\n|-damage|p2a: Baxcalibur|1\/100 par\n|move|p2a: Baxcalibur|Icicle Spear|p1a: Flying Hampter\n|-supereffective|p1a: Flying Hampter\n|-damage|p1a: Flying Hampter|0 fnt\n|faint|p1a: Flying Hampter\n|-hitcount|p1: Flying Hampter|1\n|\n|upkeep\n|\n|t:|1699558913\n|switch|p1a: Meep Meep|Revavroom, F|100\/100\n|turn|10\n|\n|t:|1699558919\n|move|p1a: Meep Meep|Shift Gear|p1a: Meep Meep\n|-boost|p1a: Meep Meep|spe|2\n|-boost|p1a: Meep Meep|atk|1\n|move|p2a: Baxcalibur|Earthquake|p1a: Meep Meep\n|-supereffective|p1a: Meep Meep\n|-damage|p1a: Meep Meep|0 fnt\n|faint|p1a: Meep Meep\n|\n|-sideend|p2: lucas_ne|move: Aurora Veil\n|upkeep\n|\n|t:|1699558927\n|switch|p1a: Buggy|Ariados, M|100\/100\n|turn|11\n|\n|t:|1699558932\n|move|p1a: Buggy|Focus Energy|p1a: Buggy\n|-start|p1a: Buggy|move: Focus Energy\n|cant|p2a: Baxcalibur|par\n|\n|upkeep\n|turn|12\n|-message|lucas_ne forfeited.\n|\n|win|Unknown_User2012\n|raw|Unknown_User2012's rating: 1161 &rarr; <strong>1194<\/strong><br \/>(+33 for winning)\n|raw|lucas_ne's rating: 1275 &rarr; <strong>1242<\/strong><br \/>(-33 for losing)\n|l|\u2606lucas_ne\n","uploadtime":1699558957,"views":4,"p1id":"unknownuser2012","p2id":"lucasne","formatid":"gen9nationaldex","rating":1194,"private":0,"password":""}