{"id":"gen9nationaldex-1997836228","p1":"Mob Boss Joey","p2":"BlueSyer","format":"[Gen 9] National Dex","log":"|html|<div class=\"broadcast-blue\"><strong>[Gen 9] National Dex is currently suspecting Sneasler! For information on how to participate check out the <a href=\"https:\/\/www.smogon.com\/forums\/threads\/sv-national-dex-suspect-8-just-dance.3731534\/\">suspect thread<\/a>.<\/strong><\/div>\n|j|\u2606Mob Boss Joey\n|j|\u2606BlueSyer\n|t:|1700857989\n|gametype|singles\n|player|p1|Mob Boss Joey|265|1177\n|player|p2|BlueSyer|veteran|1230\n|teamsize|p1|6\n|teamsize|p2|6\n|gen|9\n|tier|[Gen 9] National Dex\n|rated|\n|rule|HP Percentage Mod: HP is shown in percentages\n|rule|Endless Battle Clause: Forcing endless battles is banned\n|rule|OHKO Clause: OHKO moves are banned\n|rule|Evasion Clause: Evasion abilities, items, and moves are banned\n|rule|Evasion Abilities Clause: Evasion abilities are banned\n|rule|Evasion Items Clause: Evasion items are banned\n|rule|Evasion Moves Clause: Evasion moves are banned\n|rule|Species Clause: Limit one of each Pok\u00e9mon\n|rule|Sleep Clause Mod: Limit one foe put to sleep\n|clearpoke\n|poke|p1|Munkidori, M|\n|poke|p1|Quagsire, M|\n|poke|p1|Wormadam-Trash, F|\n|poke|p1|Iron Valiant|\n|poke|p1|Banette, F|\n|poke|p1|Pawmot, M|\n|poke|p2|Sceptile, M|\n|poke|p2|Alakazam, M|\n|poke|p2|Jolteon, M|\n|poke|p2|Tentacruel, M|\n|poke|p2|Mamoswine, M|\n|poke|p2|Clefable, F|\n|teampreview\n|inactive|Battle timer is ON: inactive players will automatically lose when time's up. (requested by BlueSyer)\n|\n|t:|1700858007\n|start\n|switch|p1a: Basura|Wormadam-Trash, F|100\/100\n|switch|p2a: Jolteon|Jolteon, M|100\/100\n|turn|1\n|\n|t:|1700858013\n|move|p2a: Jolteon|Thunderbolt|p1a: Basura\n|-damage|p1a: Basura|41\/100\n|-status|p1a: Basura|par\n|cant|p1a: Basura|par\n|\n|-status|p2a: Jolteon|brn|[from] item: Flame Orb\n|upkeep\n|turn|2\n|\n|t:|1700858023\n|move|p2a: Jolteon|Volt Switch|p1a: Basura\n|-damage|p1a: Basura|0 fnt\n|faint|p1a: Basura\n|\n|t:|1700858028\n|switch|p2a: Sceptile|Sceptile, M, shiny|100\/100|[from] Volt Switch\n|\n|upkeep\n|\n|t:|1700858045\n|switch|p1a: DVD Player|Munkidori, M|100\/100\n|turn|3\n|\n|t:|1700858054\n|switch|p2a: Mamoswine|Mamoswine, M|100\/100\n|move|p1a: DVD Player|Sludge Wave|p2a: Mamoswine\n|-resisted|p2a: Mamoswine\n|-damage|p2a: Mamoswine|57\/100\n|-status|p2a: Mamoswine|psn\n|-damage|p1a: DVD Player|91\/100|[from] item: Life Orb\n|\n|-damage|p2a: Mamoswine|45\/100 psn|[from] psn\n|upkeep\n|turn|4\n|\n|t:|1700858068\n|switch|p1a: No b8 m8|Quagsire, M, shiny|100\/100\n|move|p2a: Mamoswine|Knock Off|p1a: No b8 m8\n|-damage|p1a: No b8 m8|71\/100\n|-enditem|p1a: No b8 m8|Leftovers|[from] move: Knock Off|[of] p2a: Mamoswine\n|-damage|p2a: Mamoswine|35\/100 psn|[from] item: Life Orb\n|\n|-damage|p2a: Mamoswine|22\/100 psn|[from] psn\n|upkeep\n|turn|5\n|\n|t:|1700858079\n|move|p2a: Mamoswine|Earthquake|p1a: No b8 m8\n|-damage|p1a: No b8 m8|20\/100\n|-damage|p2a: Mamoswine|12\/100 psn|[from] item: Life Orb\n|move|p1a: No b8 m8|Spikes|p2a: Mamoswine\n|-sidestart|p2: BlueSyer|Spikes\n|\n|-damage|p2a: Mamoswine|0 fnt|[from] psn\n|faint|p2a: Mamoswine\n|upkeep\n|\n|t:|1700858086\n|switch|p2a: Tentacruel|Tentacruel, M|100\/100\n|-damage|p2a: Tentacruel|88\/100|[from] Spikes\n|turn|6\n|\n|t:|1700858095\n|move|p2a: Tentacruel|Rapid Spin|p1a: No b8 m8\n|-damage|p1a: No b8 m8|14\/100\n|-boost|p2a: Tentacruel|spe|1\n|-sideend|p2: BlueSyer|Spikes|[from] move: Rapid Spin|[of] p2a: Tentacruel\n|move|p1a: No b8 m8|Recover|p1a: No b8 m8\n|-heal|p1a: No b8 m8|64\/100\n|\n|-heal|p2a: Tentacruel|94\/100|[from] item: Black Sludge\n|upkeep\n|turn|7\n|\n|t:|1700858103\n|move|p2a: Tentacruel|Scald|p1a: No b8 m8\n|-damage|p1a: No b8 m8|37\/100\n|move|p1a: No b8 m8|Encore|p2a: Tentacruel\n|-start|p2a: Tentacruel|Encore\n|\n|-heal|p2a: Tentacruel|99\/100|[from] item: Black Sludge\n|upkeep\n|turn|8\n|\n|t:|1700858114\n|switch|p1a: DVD Player|Munkidori, M|91\/100\n|move|p2a: Tentacruel|Scald|p1a: DVD Player\n|-damage|p1a: DVD Player|66\/100\n|-status|p1a: DVD Player|brn\n|\n|-heal|p2a: Tentacruel|100\/100|[from] item: Black Sludge\n|-damage|p1a: DVD Player|60\/100 brn|[from] brn\n|upkeep\n|turn|9\n|\n|t:|1700858129\n|-terastallize|p2a: Tentacruel|Water\n|move|p2a: Tentacruel|Scald|p1a: DVD Player\n|-damage|p1a: DVD Player|27\/100 brn\n|move|p1a: DVD Player|Psyshock|p2a: Tentacruel\n|-damage|p2a: Tentacruel|51\/100\n|-damage|p1a: DVD Player|17\/100 brn|[from] item: Life Orb\n|\n|-damage|p2a: Tentacruel|39\/100|[from] item: Black Sludge\n|-damage|p1a: DVD Player|11\/100 brn|[from] brn\n|upkeep\n|turn|10\n|c|\u2606Mob Boss Joey|fascinating side effect\n|inactive|Mob Boss Joey has 120 seconds left.\n|c|\u2606BlueSyer|Thanks you\n|\n|t:|1700858174\n|move|p2a: Tentacruel|Scald|p1a: DVD Player\n|-damage|p1a: DVD Player|0 fnt\n|faint|p1a: DVD Player\n|\n|-damage|p2a: Tentacruel|27\/100|[from] item: Black Sludge\n|-end|p2a: Tentacruel|Encore\n|upkeep\n|c|\u2606BlueSyer|:P\n|\n|t:|1700858183\n|switch|p1a: Master of Puppets|Banette, F|100\/100\n|turn|11\n|\n|t:|1700858187\n|move|p1a: Master of Puppets|Sucker Punch|p2a: Tentacruel\n|-damage|p2a: Tentacruel|5\/100\n|move|p2a: Tentacruel|Knock Off|p1a: Master of Puppets\n|-supereffective|p1a: Master of Puppets\n|-damage|p1a: Master of Puppets|70\/100\n|\n|-damage|p2a: Tentacruel|0 fnt|[from] item: Black Sludge\n|faint|p2a: Tentacruel\n|upkeep\n|\n|t:|1700858195\n|switch|p2a: Jolteon|Jolteon, M|100\/100 brn\n|turn|12\n|\n|t:|1700858201\n|detailschange|p1a: Master of Puppets|Banette-Mega, F\n|-mega|p1a: Master of Puppets|Banette|Banettite\n|move|p2a: Jolteon|Shadow Ball|p1a: Master of Puppets\n|-supereffective|p1a: Master of Puppets\n|-damage|p1a: Master of Puppets|3\/100\n|move|p1a: Master of Puppets|Poltergeist|p2a: Jolteon\n|-activate|p2a: Jolteon|move: Poltergeist|Flame Orb\n|-damage|p2a: Jolteon|0 fnt\n|faint|p2a: Jolteon\n|\n|upkeep\n|\n|t:|1700858212\n|switch|p2a: Clefable|Clefable, F|100\/100\n|turn|13\n|\n|t:|1700858216\n|move|p1a: Master of Puppets|Destiny Bond|p1a: Master of Puppets\n|-singlemove|p1a: Master of Puppets|Destiny Bond\n|move|p2a: Clefable|Flamethrower|p1a: Master of Puppets\n|-damage|p1a: Master of Puppets|0 fnt\n|faint|p1a: Master of Puppets\n|-activate|p1a: Master of Puppets|move: Destiny Bond\n|faint|p2a: Clefable\n|\n|upkeep\n|\n|t:|1700858228\n|switch|p1a: Pawmot|Pawmot, M|100\/100\n|switch|p2a: Alakazam|Alakazam, M|100\/100\n|turn|14\n|\n|t:|1700858232\n|move|p2a: Alakazam|Psychic|p1a: Pawmot\n|-supereffective|p1a: Pawmot\n|-damage|p1a: Pawmot|0 fnt\n|faint|p1a: Pawmot\n|\n|upkeep\n|\n|t:|1700858242\n|switch|p1a: Eddy Valiant|Iron Valiant|100\/100\n|-enditem|p1a: Eddy Valiant|Booster Energy\n|-activate|p1a: Eddy Valiant|ability: Quark Drive|[fromitem]\n|-start|p1a: Eddy Valiant|quarkdrivespe\n|turn|15\n|\n|t:|1700858261\n|move|p1a: Eddy Valiant|Knock Off|p2a: Alakazam\n|-supereffective|p2a: Alakazam\n|-damage|p2a: Alakazam|0 fnt\n|-enditem|p2a: Alakazam|Choice Specs|[from] move: Knock Off|[of] p1a: Eddy Valiant\n|faint|p2a: Alakazam\n|\n|upkeep\n|\n|t:|1700858267\n|switch|p2a: Sceptile|Sceptile, M, shiny|100\/100\n|turn|16\n|\n|t:|1700858276\n|move|p1a: Eddy Valiant|Close Combat|p2a: Sceptile\n|-damage|p2a: Sceptile|0 fnt\n|-unboost|p1a: Eddy Valiant|def|1\n|-unboost|p1a: Eddy Valiant|spd|1\n|faint|p2a: Sceptile\n|\n|win|Mob Boss Joey\n|raw|Mob Boss Joey's rating: 1177 &rarr; <strong>1206<\/strong><br \/>(+29 for winning)\n|raw|BlueSyer's rating: 1230 &rarr; <strong>1201<\/strong><br \/>(-29 for losing)\n|c|\u2606Mob Boss Joey|gg\n|l|\u2606BlueSyer\n","uploadtime":1700858287,"views":6,"p1id":"mobbossjoey","p2id":"bluesyer","formatid":"gen9nationaldex","rating":1201,"private":0,"password":""}