{"id":"gen9nationaldex-1995816232","p1":"Cursola OP","p2":"YellowTreeOfSorrow","format":"[Gen 9] National Dex","log":"|html|<div class=\"broadcast-blue\"><strong>[Gen 9] National Dex is currently suspecting Sneasler! For information on how to participate check out the <a href=\"https:\/\/www.smogon.com\/forums\/threads\/sv-national-dex-suspect-8-just-dance.3731534\/\">suspect thread<\/a>.<\/strong><\/div>\n|j|\u2606Cursola OP\n|j|\u2606YellowTreeOfSorrow\n|t:|1700605947\n|gametype|singles\n|player|p1|Cursola OP|backersf|1315\n|player|p2|YellowTreeOfSorrow|lusamine|1296\n|teamsize|p1|6\n|teamsize|p2|6\n|gen|9\n|tier|[Gen 9] National Dex\n|rated|\n|rule|HP Percentage Mod: HP is shown in percentages\n|rule|Endless Battle Clause: Forcing endless battles is banned\n|rule|OHKO Clause: OHKO moves are banned\n|rule|Evasion Clause: Evasion abilities, items, and moves are banned\n|rule|Evasion Abilities Clause: Evasion abilities are banned\n|rule|Evasion Items Clause: Evasion items are banned\n|rule|Evasion Moves Clause: Evasion moves are banned\n|rule|Species Clause: Limit one of each Pok\u00e9mon\n|rule|Sleep Clause Mod: Limit one foe put to sleep\n|clearpoke\n|poke|p1|Lopunny, F|\n|poke|p1|Medicham, F|\n|poke|p1|Jolteon, M|\n|poke|p1|Quaquaval, F|\n|poke|p1|Cradily, F|\n|poke|p1|Iron Jugulis|\n|poke|p2|Gliscor, M|\n|poke|p2|Chansey, F|\n|poke|p2|Ogerpon-Wellspring, F|\n|poke|p2|Tapu Lele|\n|poke|p2|Charizard, F|\n|poke|p2|Great Tusk|\n|teampreview\n|\n|t:|1700605975\n|start\n|switch|p1a: Lopunny|Lopunny, F, shiny|100\/100\n|switch|p2a: Tapu Lele|Tapu Lele|100\/100\n|-fieldstart|move: Psychic Terrain|[from] ability: Psychic Surge|[of] p2a: Tapu Lele\n|turn|1\n|\n|t:|1700605981\n|move|p1a: Lopunny|Thunder Wave|p2a: Tapu Lele\n|-status|p2a: Tapu Lele|par\n|move|p2a: Tapu Lele|Future Sight|p1a: Lopunny\n|-start|p2a: Tapu Lele|move: Future Sight\n|\n|upkeep\n|turn|2\n|\n|t:|1700605989\n|switch|p2a: Gliscor|Gliscor, M|100\/100\n|move|p1a: Lopunny|Switcheroo|p2a: Gliscor\n|-activate|p1a: Lopunny|move: Trick|[of] p2a: Gliscor\n|-item|p2a: Gliscor|Choice Scarf|[from] move: Switcheroo\n|-item|p1a: Lopunny|Toxic Orb|[from] move: Switcheroo\n|\n|upkeep\n|turn|3\n|\n|t:|1700605999\n|switch|p1a: Iron Jugulis|Iron Jugulis|100\/100\n|move|p2a: Gliscor|Toxic|p1a: Iron Jugulis\n|-status|p1a: Iron Jugulis|tox\n|\n|-end|p1a: Iron Jugulis|move: Future Sight\n|-immune|p1a: Iron Jugulis\n|-damage|p1a: Iron Jugulis|94\/100 tox|[from] psn\n|upkeep\n|turn|4\n|\n|t:|1700606009\n|-end|p1a: Iron Jugulis|Quark Drive|[silent]\n|switch|p1a: Quaquaval|Quaquaval, F|100\/100\n|switch|p2a: Chansey|Chansey, F|100\/100\n|\n|upkeep\n|turn|5\n|\n|t:|1700606015\n|move|p1a: Quaquaval|Close Combat|p2a: Chansey\n|-supereffective|p2a: Chansey\n|-damage|p2a: Chansey|7\/100\n|-unboost|p1a: Quaquaval|def|1\n|-unboost|p1a: Quaquaval|spd|1\n|-damage|p1a: Quaquaval|91\/100|[from] item: Life Orb\n|move|p2a: Chansey|Toxic|p1a: Quaquaval\n|-status|p1a: Quaquaval|tox\n|\n|-damage|p1a: Quaquaval|84\/100 tox|[from] psn\n|-fieldend|move: Psychic Terrain\n|upkeep\n|turn|6\n|\n|t:|1700606025\n|move|p2a: Chansey|Protect|p2a: Chansey\n|-singleturn|p2a: Chansey|Protect\n|move|p1a: Quaquaval|Aqua Step|p2a: Chansey\n|-activate|p2a: Chansey|move: Protect\n|\n|-damage|p1a: Quaquaval|72\/100 tox|[from] psn\n|upkeep\n|turn|7\n|\n|t:|1700606032\n|switch|p2a: Ogerpon|Ogerpon-Wellspring, F|100\/100\n|move|p1a: Quaquaval|Aqua Step|p2a: Ogerpon\n|-immune|p2a: Ogerpon|[from] ability: Water Absorb\n|\n|-damage|p1a: Quaquaval|54\/100 tox|[from] psn\n|upkeep\n|turn|8\n|\n|t:|1700606043\n|move|p2a: Ogerpon|Play Rough|p1a: Quaquaval|[miss]\n|-miss|p2a: Ogerpon|p1a: Quaquaval\n|move|p1a: Quaquaval|Close Combat|p2a: Ogerpon\n|-damage|p2a: Ogerpon|0 fnt\n|-unboost|p1a: Quaquaval|def|1\n|-unboost|p1a: Quaquaval|spd|1\n|faint|p2a: Ogerpon\n|-ability|p1a: Quaquaval|Moxie|boost\n|-boost|p1a: Quaquaval|atk|1\n|-damage|p1a: Quaquaval|44\/100 tox|[from] item: Life Orb\n|\n|-damage|p1a: Quaquaval|20\/100 tox|[from] psn\n|upkeep\n|\n|t:|1700606056\n|switch|p2a: Tapu Lele|Tapu Lele|100\/100 par\n|-fieldstart|move: Psychic Terrain|[from] ability: Psychic Surge|[of] p2a: Tapu Lele\n|turn|9\n|\n|t:|1700606061\n|move|p1a: Quaquaval|Aqua Step|p2a: Tapu Lele\n|-damage|p2a: Tapu Lele|0 fnt\n|-boost|p1a: Quaquaval|spe|1\n|faint|p2a: Tapu Lele\n|-ability|p1a: Quaquaval|Moxie|boost\n|-boost|p1a: Quaquaval|atk|1\n|-damage|p1a: Quaquaval|10\/100 tox|[from] item: Life Orb\n|\n|-damage|p1a: Quaquaval|0 fnt|[from] psn\n|faint|p1a: Quaquaval\n|upkeep\n|\n|t:|1700606080\n|switch|p2a: Chansey|Chansey, F|7\/100\n|switch|p1a: Jolteon|Jolteon, M|100\/100\n|turn|10\n|\n|t:|1700606086\n|move|p1a: Jolteon|Light Screen|p1a: Jolteon\n|-sidestart|p1: Cursola OP|move: Light Screen\n|move|p2a: Chansey|Wish|p2a: Chansey\n|\n|upkeep\n|turn|11\n|\n|t:|1700606089\n|move|p2a: Chansey|Protect|p2a: Chansey\n|-singleturn|p2a: Chansey|Protect\n|move|p1a: Jolteon|Discharge|p2a: Chansey\n|-activate|p2a: Chansey|move: Protect\n|\n|-heal|p2a: Chansey|57\/100|[from] move: Wish|[wisher] Chansey\n|upkeep\n|turn|12\n|\n|t:|1700606099\n|move|p1a: Jolteon|Reflect|p1a: Jolteon\n|-sidestart|p1: Cursola OP|Reflect\n|move|p2a: Chansey|Wish|p2a: Chansey\n|\n|upkeep\n|turn|13\n|\n|t:|1700606102\n|switch|p1a: Medicham|Medicham, F, shiny|100\/100\n|move|p2a: Chansey|Toxic|p1a: Medicham\n|-status|p1a: Medicham|tox\n|\n|-heal|p2a: Chansey|100\/100|[from] move: Wish|[wisher] Chansey\n|-damage|p1a: Medicham|94\/100 tox|[from] psn\n|-fieldend|move: Psychic Terrain\n|upkeep\n|turn|14\n|\n|t:|1700606111\n|switch|p2a: Gliscor|Gliscor, M|100\/100\n|move|p1a: Medicham|Bulk Up|p1a: Medicham\n|-boost|p1a: Medicham|atk|1\n|-boost|p1a: Medicham|def|1\n|\n|-damage|p1a: Medicham|82\/100 tox|[from] psn\n|upkeep\n|turn|15\n|\n|t:|1700606119\n|detailschange|p1a: Medicham|Medicham-Mega, F, shiny\n|-mega|p1a: Medicham|Medicham|Medichamite\n|move|p2a: Gliscor|Stealth Rock|p1a: Medicham\n|-sidestart|p1: Cursola OP|move: Stealth Rock\n|move|p1a: Medicham|Ice Punch|p2a: Gliscor\n|-supereffective|p2a: Gliscor\n|-damage|p2a: Gliscor|0 fnt\n|faint|p2a: Gliscor\n|\n|-damage|p1a: Medicham|64\/100 tox|[from] psn\n|upkeep\n|\n|t:|1700606138\n|switch|p2a: Charizard|Charizard, F|100\/100\n|turn|16\n|\n|t:|1700606143\n|detailschange|p2a: Charizard|Charizard-Mega-Y, F\n|-mega|p2a: Charizard|Charizard|Charizardite Y\n|-weather|SunnyDay|[from] ability: Drought|[of] p2a: Charizard\n|move|p2a: Charizard|Air Slash|p1a: Medicham\n|-supereffective|p1a: Medicham\n|-damage|p1a: Medicham|0 fnt\n|faint|p1a: Medicham\n|\n|-weather|SunnyDay|[upkeep]\n|upkeep\n|\n|t:|1700606150\n|switch|p1a: Jolteon|Jolteon, M|100\/100\n|-damage|p1a: Jolteon|88\/100|[from] Stealth Rock\n|turn|17\n|\n|t:|1700606155\n|move|p1a: Jolteon|Discharge|p2a: Charizard\n|-supereffective|p2a: Charizard\n|-damage|p2a: Charizard|10\/100\n|move|p2a: Charizard|Scorching Sands|p1a: Jolteon\n|-supereffective|p1a: Jolteon\n|-damage|p1a: Jolteon|49\/100\n|-status|p1a: Jolteon|brn\n|\n|-weather|SunnyDay|[upkeep]\n|-damage|p1a: Jolteon|43\/100 brn|[from] brn\n|-sideend|p1: Cursola OP|move: Light Screen\n|upkeep\n|turn|18\n|\n|t:|1700606165\n|switch|p2a: Chansey|Chansey, F|100\/100\n|move|p1a: Jolteon|Discharge|p2a: Chansey\n|-damage|p2a: Chansey|88\/100\n|\n|-weather|SunnyDay|[upkeep]\n|-damage|p1a: Jolteon|37\/100 brn|[from] brn\n|upkeep\n|turn|19\n|\n|t:|1700606173\n|move|p1a: Jolteon|Light Screen|p1a: Jolteon\n|-sidestart|p1: Cursola OP|move: Light Screen\n|move|p2a: Chansey|Toxic||[still]\n|-fail|p2a: Chansey\n|\n|-weather|SunnyDay|[upkeep]\n|-damage|p1a: Jolteon|30\/100 brn|[from] brn\n|-sideend|p1: Cursola OP|Reflect\n|upkeep\n|turn|20\n|\n|t:|1700606180\n|switch|p1a: Lopunny|Lopunny, F, shiny|100\/100\n|-damage|p1a: Lopunny|88\/100|[from] Stealth Rock\n|move|p2a: Chansey|Wish|p2a: Chansey\n|\n|-weather|none\n|upkeep\n|turn|21\n|\n|t:|1700606188\n|move|p1a: Lopunny|Switcheroo|p2a: Chansey\n|-activate|p1a: Lopunny|move: Trick|[of] p2a: Chansey\n|-item|p2a: Chansey|Toxic Orb|[from] move: Switcheroo\n|-item|p1a: Lopunny|Eviolite|[from] move: Switcheroo\n|move|p2a: Chansey|Toxic|p1a: Lopunny\n|-status|p1a: Lopunny|tox\n|\n|-heal|p2a: Chansey|100\/100|[from] move: Wish|[wisher] Chansey\n|-damage|p1a: Lopunny|82\/100 tox|[from] psn\n|-status|p2a: Chansey|tox|[from] item: Toxic Orb\n|upkeep\n|turn|22\n|\n|t:|1700606200\n|switch|p1a: Jolteon|Jolteon, M|30\/100 brn\n|-damage|p1a: Jolteon|18\/100 brn|[from] Stealth Rock\n|move|p2a: Chansey|Wish|p2a: Chansey\n|\n|-damage|p2a: Chansey|94\/100 tox|[from] psn\n|-damage|p1a: Jolteon|12\/100 brn|[from] brn\n|upkeep\n|turn|23\n|\n|t:|1700606210\n|-curestatus|p2a: Chansey|tox|[from] ability: Natural Cure\n|switch|p2a: Great Tusk|Great Tusk|100\/100\n|move|p1a: Jolteon|Volt Switch|p2a: Great Tusk\n|-immune|p2a: Great Tusk\n|\n|-damage|p1a: Jolteon|5\/100 brn|[from] brn\n|upkeep\n|turn|24\n|\n|t:|1700606218\n|move|p1a: Jolteon|Reflect|p1a: Jolteon\n|-sidestart|p1: Cursola OP|Reflect\n|move|p2a: Great Tusk|Rapid Spin|p1a: Jolteon\n|-damage|p1a: Jolteon|0 fnt\n|-boost|p2a: Great Tusk|spe|1\n|faint|p1a: Jolteon\n|\n|upkeep\n|\n|t:|1700606224\n|switch|p1a: Cradily|Cradily, F|100\/100\n|-damage|p1a: Cradily|88\/100|[from] Stealth Rock\n|turn|25\n|\n|t:|1700606231\n|-end|p2a: Great Tusk|Protosynthesis|[silent]\n|switch|p2a: Chansey|Chansey, F|94\/100\n|-terastallize|p1a: Cradily|Ground\n|move|p1a: Cradily|Giga Drain|p2a: Chansey\n|-damage|p2a: Chansey|79\/100\n|-heal|p1a: Cradily|100\/100|[from] drain|[of] p2a: Chansey\n|\n|-status|p2a: Chansey|tox|[from] item: Toxic Orb\n|upkeep\n|turn|26\n|\n|t:|1700606240\n|move|p2a: Chansey|Toxic|p1a: Cradily\n|-status|p1a: Cradily|tox\n|move|p1a: Cradily|Meteor Beam||[still]\n|-prepare|p1a: Cradily|Meteor Beam\n|-boost|p1a: Cradily|spa|1\n|-enditem|p1a: Cradily|Power Herb\n|-anim|p1a: Cradily|Meteor Beam|p2a: Chansey\n|-damage|p2a: Chansey|41\/100 tox\n|\n|-damage|p2a: Chansey|35\/100 tox|[from] psn\n|-damage|p1a: Cradily|94\/100 tox|[from] psn\n|-sideend|p1: Cursola OP|move: Light Screen\n|upkeep\n|turn|27\n|\n|t:|1700606252\n|move|p2a: Chansey|Wish|p2a: Chansey\n|move|p1a: Cradily|Earth Power|p2a: Chansey\n|-damage|p2a: Chansey|11\/100 tox\n|\n|-damage|p2a: Chansey|0 fnt|[from] psn\n|faint|p2a: Chansey\n|-damage|p1a: Cradily|82\/100 tox|[from] psn\n|upkeep\n|\n|t:|1700606259\n|switch|p2a: Charizard|Charizard-Mega-Y, F|10\/100\n|-weather|SunnyDay|[from] ability: Drought|[of] p2a: Charizard\n|turn|28\n|\n|t:|1700606265\n|move|p2a: Charizard|Solar Beam||[still]\n|-prepare|p2a: Charizard|Solar Beam\n|-anim|p2a: Charizard|Solar Beam|p1a: Cradily\n|-supereffective|p1a: Cradily\n|-damage|p1a: Cradily|0 fnt\n|faint|p1a: Cradily\n|\n|-weather|SunnyDay|[upkeep]\n|-heal|p2a: Charizard|100\/100|[from] move: Wish|[wisher] Chansey\n|upkeep\n|\n|t:|1700606273\n|switch|p1a: Lopunny|Lopunny, F, shiny|82\/100 tox\n|-damage|p1a: Lopunny|70\/100 tox|[from] Stealth Rock\n|turn|29\n|\n|t:|1700606278\n|move|p1a: Lopunny|Thunder Wave|p2a: Charizard\n|-status|p2a: Charizard|par\n|move|p2a: Charizard|Weather Ball|p1a: Lopunny\n|-damage|p1a: Lopunny|0 fnt\n|faint|p1a: Lopunny\n|\n|-weather|SunnyDay|[upkeep]\n|upkeep\n|\n|t:|1700606285\n|switch|p1a: Iron Jugulis|Iron Jugulis|94\/100 tox\n|-damage|p1a: Iron Jugulis|70\/100 tox|[from] Stealth Rock\n|turn|30\n|\n|t:|1700606293\n|move|p1a: Iron Jugulis|Air Slash|p2a: Charizard\n|-damage|p2a: Charizard|61\/100 par\n|move|p2a: Charizard|Weather Ball|p1a: Iron Jugulis\n|-damage|p1a: Iron Jugulis|0 fnt\n|faint|p1a: Iron Jugulis\n|-end|p1a: Iron Jugulis|Quark Drive|[silent]\n|\n|win|YellowTreeOfSorrow\n|raw|Cursola OP's rating: 1315 &rarr; <strong>1294<\/strong><br \/>(-21 for losing)\n|raw|YellowTreeOfSorrow's rating: 1296 &rarr; <strong>1322<\/strong><br \/>(+26 for winning)\n|l|\u2606Cursola OP\n","uploadtime":1700606303,"views":1,"p1id":"cursolaop","p2id":"yellowtreeofsorrow","formatid":"gen9nationaldex","rating":1294,"private":0,"password":""}