{"id":"gen9nationaldex-1992418182","p1":"IPlayforFuns","p2":"Ivysores","format":"[Gen 9] National Dex","log":"|j|\u2606IPlayforFuns\n|j|\u2606Ivysores\n|t:|1700185230\n|gametype|singles\n|player|p1|IPlayforFuns|266|1429\n|player|p2|Ivysores|pokemaniac|1360\n|teamsize|p1|6\n|teamsize|p2|6\n|gen|9\n|tier|[Gen 9] National Dex\n|rated|\n|rule|HP Percentage Mod: HP is shown in percentages\n|rule|Endless Battle Clause: Forcing endless battles is banned\n|rule|OHKO Clause: OHKO moves are banned\n|rule|Evasion Clause: Evasion abilities, items, and moves are banned\n|rule|Evasion Abilities Clause: Evasion abilities are banned\n|rule|Evasion Items Clause: Evasion items are banned\n|rule|Evasion Moves Clause: Evasion moves are banned\n|rule|Species Clause: Limit one of each Pok\u00e9mon\n|rule|Sleep Clause Mod: Limit one foe put to sleep\n|clearpoke\n|poke|p1|Ceruledge, M|\n|poke|p1|Sneasler, M|\n|poke|p1|Iron Valiant|\n|poke|p1|Tapu Koko|\n|poke|p1|Ninetales-Alola, F|\n|poke|p1|Glimmora, M|\n|poke|p2|Kartana|\n|poke|p2|Landorus-Therian, M|\n|poke|p2|Iron Valiant|\n|poke|p2|Tapu Koko|\n|poke|p2|Toxapex, M|\n|poke|p2|Scizor, F|\n|teampreview\n|inactive|Battle timer is ON: inactive players will automatically lose when time's up. (requested by Ivysores)\n|\n|t:|1700185247\n|start\n|switch|p1a: Tsukiyomi|Ninetales-Alola, F, shiny|100\/100\n|switch|p2a: Landorus|Landorus-Therian, M|100\/100\n|-weather|Snow|[from] ability: Snow Warning|[of] p1a: Tsukiyomi\n|-ability|p2a: Landorus|Intimidate|boost\n|-unboost|p1a: Tsukiyomi|atk|1\n|turn|1\n|\n|t:|1700185251\n|move|p1a: Tsukiyomi|Aurora Veil|p1a: Tsukiyomi\n|-sidestart|p1: IPlayforFuns|move: Aurora Veil\n|move|p2a: Landorus|Toxic|p1a: Tsukiyomi|[miss]\n|-miss|p2a: Landorus|p1a: Tsukiyomi\n|\n|-weather|Snow|[upkeep]\n|upkeep\n|turn|2\n|\n|t:|1700185255\n|move|p1a: Tsukiyomi|Blizzard|p2a: Landorus\n|-supereffective|p2a: Landorus\n|-damage|p2a: Landorus|0 fnt\n|faint|p2a: Landorus\n|\n|-weather|Snow|[upkeep]\n|upkeep\n|\n|t:|1700185260\n|switch|p2a: Toxapex|Toxapex, M|100\/100\n|turn|3\n|\n|t:|1700185266\n|move|p1a: Tsukiyomi|Blizzard|p2a: Toxapex\n|-resisted|p2a: Toxapex\n|-damage|p2a: Toxapex|83\/100\n|move|p2a: Toxapex|Toxic|p1a: Tsukiyomi\n|-status|p1a: Tsukiyomi|tox\n|\n|-weather|Snow|[upkeep]\n|-damage|p1a: Tsukiyomi|95\/100 tox|[from] psn\n|upkeep\n|turn|4\n|\n|t:|1700185270\n|move|p1a: Tsukiyomi|Encore|p2a: Toxapex\n|-start|p2a: Toxapex|Encore\n|move|p2a: Toxapex|Toxic|p1a: Tsukiyomi\n|-fail|p1a: Tsukiyomi|tox\n|\n|-weather|Snow|[upkeep]\n|-damage|p1a: Tsukiyomi|83\/100 tox|[from] psn\n|upkeep\n|turn|5\n|\n|t:|1700185274\n|switch|p1a: Dia|Tapu Koko, shiny|100\/100\n|-fieldstart|move: Electric Terrain|[from] ability: Electric Surge|[of] p1a: Dia\n|move|p2a: Toxapex|Toxic|p1a: Dia\n|-status|p1a: Dia|tox\n|\n|-weather|none\n|-damage|p1a: Dia|94\/100 tox|[from] psn\n|upkeep\n|turn|6\n|\n|t:|1700185281\n|switch|p2a: Scizor|Scizor, F|100\/100\n|move|p1a: Dia|U-turn|p2a: Scizor\n|-resisted|p2a: Scizor\n|-crit|p2a: Scizor\n|-damage|p2a: Scizor|89\/100\n|\n|t:|1700185283\n|switch|p1a: Ceru|Ceruledge, M, shiny|100\/100|[from] U-turn\n|\n|upkeep\n|turn|7\n|\n|t:|1700185295\n|detailschange|p2a: Scizor|Scizor-Mega, F\n|-mega|p2a: Scizor|Scizor|Scizorite\n|move|p1a: Ceru|Swords Dance|p1a: Ceru\n|-boost|p1a: Ceru|atk|2\n|move|p2a: Scizor|Knock Off|p1a: Ceru\n|-supereffective|p1a: Ceru\n|-damage|p1a: Ceru|59\/100\n|-ability|p1a: Ceru|Weak Armor|boost\n|-unboost|p1a: Ceru|def|1\n|-boost|p1a: Ceru|spe|2\n|-enditem|p1a: Ceru|Life Orb|[from] move: Knock Off|[of] p2a: Scizor\n|\n|upkeep\n|turn|8\n|\n|t:|1700185299\n|move|p1a: Ceru|Bitter Blade|p2a: Scizor\n|-supereffective|p2a: Scizor\n|-damage|p2a: Scizor|0 fnt\n|-heal|p1a: Ceru|100\/100|[from] drain|[of] p2a: Scizor\n|faint|p2a: Scizor\n|\n|-sideend|p1: IPlayforFuns|move: Aurora Veil\n|upkeep\n|\n|t:|1700185302\n|switch|p2a: Toxapex|Toxapex, M|100\/100\n|turn|9\n|\n|t:|1700185305\n|move|p1a: Ceru|Poltergeist|p2a: Toxapex\n|-activate|p2a: Toxapex|move: Poltergeist|Covert Cloak\n|-damage|p2a: Toxapex|27\/100\n|move|p2a: Toxapex|Haze|p2a: Toxapex\n|-clearallboost\n|\n|upkeep\n|turn|10\n|\n|t:|1700185314\n|switch|p2a: Tapu Koko|Tapu Koko|100\/100\n|move|p1a: Ceru|Poltergeist|p2a: Tapu Koko\n|-activate|p2a: Tapu Koko|move: Poltergeist|Heavy-Duty Boots\n|-damage|p2a: Tapu Koko|18\/100\n|\n|upkeep\n|turn|11\n|\n|t:|1700185322\n|switch|p1a: Tsukiyomi|Ninetales-Alola, F, shiny|83\/100 tox\n|-weather|Snow|[from] ability: Snow Warning|[of] p1a: Tsukiyomi\n|move|p2a: Tapu Koko|Volt Switch|p1a: Tsukiyomi\n|-damage|p1a: Tsukiyomi|37\/100 tox\n|\n|t:|1700185326\n|switch|p2a: Kartana|Kartana|100\/100|[from] Volt Switch\n|\n|-weather|Snow|[upkeep]\n|-damage|p1a: Tsukiyomi|32\/100 tox|[from] psn\n|upkeep\n|turn|12\n|\n|t:|1700185330\n|move|p1a: Tsukiyomi|Encore||[still]\n|-fail|p1a: Tsukiyomi\n|move|p2a: Kartana|Sacred Sword|p1a: Tsukiyomi\n|-damage|p1a: Tsukiyomi|0 fnt\n|faint|p1a: Tsukiyomi\n|-ability|p2a: Kartana|Beast Boost|boost\n|-boost|p2a: Kartana|atk|1\n|\n|-weather|Snow|[upkeep]\n|-fieldend|move: Electric Terrain\n|upkeep\n|\n|t:|1700185338\n|switch|p1a: Rocky|Glimmora, M, shiny|100\/100\n|turn|13\n|\n|t:|1700185343\n|move|p2a: Kartana|Sacred Sword|p1a: Rocky\n|-damage|p1a: Rocky|27\/100\n|-activate|p1a: Rocky|ability: Toxic Debris\n|-sidestart|p2: Ivysores|move: Toxic Spikes\n|move|p1a: Rocky|Earth Power|p2a: Kartana\n|-damage|p2a: Kartana|0 fnt\n|faint|p2a: Kartana\n|\n|-weather|Snow|[upkeep]\n|upkeep\n|\n|t:|1700185350\n|switch|p2a: Tapu Koko|Tapu Koko|18\/100\n|-fieldstart|move: Electric Terrain|[from] ability: Electric Surge|[of] p2a: Tapu Koko\n|turn|14\n|\n|t:|1700185353\n|move|p2a: Tapu Koko|Roost|p2a: Tapu Koko\n|-heal|p2a: Tapu Koko|68\/100\n|-singleturn|p2a: Tapu Koko|move: Roost\n|move|p1a: Rocky|Earth Power|p2a: Tapu Koko\n|-supereffective|p2a: Tapu Koko\n|-damage|p2a: Tapu Koko|0 fnt\n|faint|p2a: Tapu Koko\n|\n|-weather|Snow|[upkeep]\n|upkeep\n|\n|t:|1700185355\n|switch|p2a: Iron Valiant|Iron Valiant|100\/100\n|-status|p2a: Iron Valiant|psn\n|-activate|p2a: Iron Valiant|ability: Quark Drive\n|-start|p2a: Iron Valiant|quarkdrivespe\n|turn|15\n|\n|t:|1700185361\n|move|p2a: Iron Valiant|Psyshock|p1a: Rocky\n|-supereffective|p1a: Rocky\n|-damage|p1a: Rocky|0 fnt\n|faint|p1a: Rocky\n|\n|-weather|none\n|-damage|p2a: Iron Valiant|88\/100 psn|[from] psn\n|upkeep\n|\n|t:|1700185370\n|switch|p1a: Ceru|Ceruledge, M, shiny|100\/100\n|turn|16\n|\n|t:|1700185374\n|move|p2a: Iron Valiant|Psyshock|p1a: Ceru\n|-damage|p1a: Ceru|46\/100\n|move|p1a: Ceru|Bitter Blade|p2a: Iron Valiant\n|-damage|p2a: Iron Valiant|33\/100 psn\n|-heal|p1a: Ceru|73\/100|[from] drain|[of] p2a: Iron Valiant\n|\n|-damage|p2a: Iron Valiant|21\/100 psn|[from] psn\n|upkeep\n|turn|17\n|\n|t:|1700185377\n|move|p2a: Iron Valiant|Psyshock|p1a: Ceru\n|-damage|p1a: Ceru|18\/100\n|move|p1a: Ceru|Bitter Blade|p2a: Iron Valiant\n|-damage|p2a: Iron Valiant|0 fnt\n|-heal|p1a: Ceru|28\/100|[from] drain|[of] p2a: Iron Valiant\n|faint|p2a: Iron Valiant\n|-end|p2a: Iron Valiant|Quark Drive|[silent]\n|\n|upkeep\n|\n|t:|1700185379\n|switch|p2a: Toxapex|Toxapex, M|61\/100\n|-sideend|p2: Ivysores|move: Toxic Spikes|[of] p2a: Toxapex\n|turn|18\n|\n|t:|1700185381\n|move|p1a: Ceru|Poltergeist|p2a: Toxapex|[miss]\n|-miss|p1a: Ceru|p2a: Toxapex\n|move|p2a: Toxapex|Scald|p1a: Ceru\n|-supereffective|p1a: Ceru\n|-damage|p1a: Ceru|0 fnt\n|faint|p1a: Ceru\n|\n|-fieldend|move: Electric Terrain\n|upkeep\n|\n|t:|1700185384\n|switch|p1a: Dia|Tapu Koko, shiny|94\/100 tox\n|-fieldstart|move: Electric Terrain|[from] ability: Electric Surge|[of] p1a: Dia\n|turn|19\n|\n|t:|1700185392\n|-terastallize|p2a: Toxapex|Dragon\n|move|p1a: Dia|Taunt|p2a: Toxapex\n|-start|p2a: Toxapex|move: Taunt\n|cant|p2a: Toxapex|move: Taunt|Recover\n|\n|-damage|p1a: Dia|88\/100 tox|[from] psn\n|upkeep\n|turn|20\n|\n|t:|1700185401\n|move|p1a: Dia|Hidden Power|p2a: Toxapex\n|-supereffective|p2a: Toxapex\n|-damage|p2a: Toxapex|32\/100\n|move|p2a: Toxapex|Scald|p1a: Dia\n|-damage|p1a: Dia|61\/100 tox\n|\n|-damage|p1a: Dia|49\/100 tox|[from] psn\n|upkeep\n|turn|21\n|\n|t:|1700185405\n|move|p1a: Dia|Hidden Power|p2a: Toxapex\n|-supereffective|p2a: Toxapex\n|-damage|p2a: Toxapex|5\/100\n|move|p2a: Toxapex|Scald|p1a: Dia\n|-damage|p1a: Dia|25\/100 tox\n|\n|-damage|p1a: Dia|7\/100 tox|[from] psn\n|-end|p2a: Toxapex|move: Taunt\n|upkeep\n|turn|22\n|\n|t:|1700185409\n|move|p1a: Dia|Hidden Power|p2a: Toxapex\n|-supereffective|p2a: Toxapex\n|-damage|p2a: Toxapex|0 fnt\n|faint|p2a: Toxapex\n|\n|win|IPlayforFuns\n|raw|IPlayforFuns's rating: 1429 &rarr; <strong>1445<\/strong><br \/>(+16 for winning)\n|raw|Ivysores's rating: 1360 &rarr; <strong>1344<\/strong><br \/>(-16 for losing)\n","uploadtime":1700185413,"views":6,"p1id":"iplayforfuns","p2id":"ivysores","formatid":"gen9nationaldex","rating":1344,"private":0,"password":""}