{"id":"gen9nationaldex-2000649868","p1":"Deriverse","p2":"gubes","format":"[Gen 9] National Dex","log":"|html|<div class=\"broadcast-blue\"><strong>[Gen 9] National Dex is currently suspecting Sneasler! For information on how to participate check out the <a href=\"https:\/\/www.smogon.com\/forums\/threads\/sv-national-dex-suspect-8-just-dance.3731534\/\">suspect thread<\/a>.<\/strong><\/div>\n|j|\u2606Deriverse\n|j|\u2606gubes\n|t:|1701214521\n|gametype|singles\n|player|p1|Deriverse|veteranf|1432\n|player|p2|gubes|102|1400\n|teamsize|p1|6\n|teamsize|p2|6\n|gen|9\n|tier|[Gen 9] National Dex\n|rated|\n|rule|HP Percentage Mod: HP is shown in percentages\n|rule|Endless Battle Clause: Forcing endless battles is banned\n|rule|OHKO Clause: OHKO moves are banned\n|rule|Evasion Clause: Evasion abilities, items, and moves are banned\n|rule|Evasion Abilities Clause: Evasion abilities are banned\n|rule|Evasion Items Clause: Evasion items are banned\n|rule|Evasion Moves Clause: Evasion moves are banned\n|rule|Species Clause: Limit one of each Pok\u00e9mon\n|rule|Sleep Clause Mod: Limit one foe put to sleep\n|clearpoke\n|poke|p1|Victini|\n|poke|p1|Tapu Lele|\n|poke|p1|Latios, M|\n|poke|p1|Slowbro, F|\n|poke|p1|Slowking-Galar, M|\n|poke|p1|Alakazam, M|\n|poke|p2|Swampert, F|\n|poke|p2|Torkoal, F|\n|poke|p2|Pelipper, F|\n|poke|p2|Venusaur, M|\n|poke|p2|Volcanion|\n|poke|p2|Latias, F|\n|teampreview\n|inactive|Battle timer is ON: inactive players will automatically lose when time's up. (requested by Deriverse)\n|\n|t:|1701214531\n|start\n|switch|p1a: Alakazam|Alakazam, M|100\/100\n|switch|p2a: Torkoal|Torkoal, F|100\/100\n|-weather|SunnyDay|[from] ability: Drought|[of] p2a: Torkoal\n|turn|1\n|\n|t:|1701214539\n|move|p1a: Alakazam|Future Sight|p2a: Torkoal\n|-start|p1a: Alakazam|move: Future Sight\n|move|p2a: Torkoal|Weather Ball|p1a: Alakazam\n|-damage|p1a: Alakazam|4\/100\n|\n|-weather|SunnyDay|[upkeep]\n|upkeep\n|turn|2\n|\n|t:|1701214544\n|move|p1a: Alakazam|Psyshock|p2a: Torkoal\n|-damage|p2a: Torkoal|60\/100\n|move|p2a: Torkoal|Stealth Rock|p1a: Alakazam\n|-sidestart|p1: Deriverse|move: Stealth Rock\n|\n|-weather|SunnyDay|[upkeep]\n|upkeep\n|turn|3\n|\n|t:|1701214557\n|move|p1a: Alakazam|Psyshock|p2a: Torkoal\n|-damage|p2a: Torkoal|15\/100\n|move|p2a: Torkoal|Weather Ball|p1a: Alakazam\n|-damage|p1a: Alakazam|0 fnt\n|faint|p1a: Alakazam\n|\n|-weather|SunnyDay|[upkeep]\n|-end|p2a: Torkoal|move: Future Sight\n|-crit|p2a: Torkoal\n|-damage|p2a: Torkoal|0 fnt\n|faint|p2a: Torkoal\n|upkeep\n|\n|t:|1701214568\n|switch|p1a: Slowking|Slowking-Galar, M|100\/100\n|switch|p2a: Volcanion|Volcanion|100\/100\n|turn|4\n|\n|t:|1701214577\n|move|p2a: Volcanion|Flamethrower|p1a: Slowking\n|-damage|p1a: Slowking|47\/100\n|move|p1a: Slowking|Future Sight|p2a: Volcanion\n|-start|p1a: Slowking|move: Future Sight\n|\n|-weather|SunnyDay|[upkeep]\n|upkeep\n|turn|5\n|\n|t:|1701214583\n|switch|p1a: Slowbro|Slowbro, F|100\/100\n|move|p2a: Volcanion|Flamethrower|p1a: Slowbro\n|-resisted|p1a: Slowbro\n|-damage|p1a: Slowbro|63\/100\n|\n|-weather|SunnyDay|[upkeep]\n|upkeep\n|turn|6\n|\n|t:|1701214611\n|switch|p2a: Latias|Latias, F|100\/100\n|move|p1a: Slowbro|Slack Off|p1a: Slowbro\n|-heal|p1a: Slowbro|100\/100\n|\n|-weather|SunnyDay|[upkeep]\n|-end|p2a: Latias|move: Future Sight\n|-resisted|p2a: Latias\n|-damage|p2a: Latias|79\/100\n|upkeep\n|turn|7\n|\n|t:|1701214615\n|switch|p1a: Slowking|Slowking-Galar, M|80\/100\n|move|p2a: Latias|Draco Meteor|p1a: Slowking|[miss]\n|-miss|p2a: Latias|p1a: Slowking\n|\n|-weather|SunnyDay|[upkeep]\n|upkeep\n|turn|8\n|\n|t:|1701214620\n|move|p2a: Latias|Psychic|p1a: Slowking\n|-damage|p1a: Slowking|50\/100\n|move|p1a: Slowking|Sludge Bomb|p2a: Latias\n|-damage|p2a: Latias|46\/100\n|\n|-weather|none\n|upkeep\n|turn|9\n|\n|t:|1701214626\n|move|p2a: Latias|Draco Meteor|p1a: Slowking\n|-damage|p1a: Slowking|0 fnt\n|-unboost|p2a: Latias|spa|2\n|faint|p1a: Slowking\n|\n|upkeep\n|\n|t:|1701214630\n|switch|p1a: Victini|Victini|100\/100\n|-damage|p1a: Victini|76\/100|[from] Stealth Rock\n|turn|10\n|\n|t:|1701214646\n|switch|p2a: Pelipper|Pelipper, F|100\/100\n|-weather|RainDance|[from] ability: Drizzle|[of] p2a: Pelipper\n|-zpower|p1a: Victini\n|move|p1a: Victini|Z-Celebrate|p1a: Victini|[anim]Celebrate\n|-boost|p1a: Victini|atk|1|[zeffect]\n|-boost|p1a: Victini|def|1|[zeffect]\n|-boost|p1a: Victini|spa|1|[zeffect]\n|-boost|p1a: Victini|spd|1|[zeffect]\n|-boost|p1a: Victini|spe|1|[zeffect]\n|-activate|p1a: Victini|move: Celebrate\n|\n|-weather|RainDance|[upkeep]\n|upkeep\n|turn|11\n|\n|t:|1701214653\n|switch|p2a: Latias|Latias, F|46\/100\n|move|p1a: Victini|Stored Power|p2a: Latias\n|-resisted|p2a: Latias\n|-damage|p2a: Latias|14\/100\n|\n|-weather|RainDance|[upkeep]\n|upkeep\n|turn|12\n|\n|t:|1701214672\n|move|p1a: Victini|Stored Power|p2a: Latias\n|-resisted|p2a: Latias\n|-crit|p2a: Latias\n|-damage|p2a: Latias|0 fnt\n|faint|p2a: Latias\n|\n|-weather|RainDance|[upkeep]\n|upkeep\n|\n|t:|1701214676\n|switch|p2a: Swampert|Swampert, F, shiny|100\/100\n|turn|13\n|\n|t:|1701214684\n|switch|p1a: Slowbro|Slowbro, F|100\/100\n|detailschange|p2a: Swampert|Swampert-Mega, F, shiny\n|-mega|p2a: Swampert|Swampert|Swampertite\n|move|p2a: Swampert|Waterfall|p1a: Slowbro\n|-resisted|p1a: Slowbro\n|-damage|p1a: Slowbro|77\/100\n|\n|-weather|RainDance|[upkeep]\n|upkeep\n|turn|14\n|\n|t:|1701214692\n|move|p2a: Swampert|Earthquake|p1a: Slowbro\n|-damage|p1a: Slowbro|36\/100\n|move|p1a: Slowbro|Psychic|p2a: Swampert\n|-damage|p2a: Swampert|69\/100\n|\n|-weather|RainDance|[upkeep]\n|upkeep\n|turn|15\n|\n|t:|1701214703\n|move|p2a: Swampert|Earthquake|p1a: Slowbro\n|-damage|p1a: Slowbro|0 fnt\n|faint|p1a: Slowbro\n|\n|-weather|RainDance|[upkeep]\n|upkeep\n|\n|t:|1701214708\n|switch|p1a: Latios|Latios, M|100\/100\n|-damage|p1a: Latios|88\/100|[from] Stealth Rock\n|turn|16\n|\n|t:|1701214713\n|detailschange|p1a: Latios|Latios-Mega, M\n|-mega|p1a: Latios|Latios|Latiosite\n|move|p2a: Swampert|Ice Punch|p1a: Latios\n|-supereffective|p1a: Latios\n|-damage|p1a: Latios|8\/100\n|move|p1a: Latios|Dragon Dance|p1a: Latios\n|-boost|p1a: Latios|atk|1\n|-boost|p1a: Latios|spe|1\n|\n|-weather|RainDance|[upkeep]\n|upkeep\n|turn|17\n|\n|t:|1701214721\n|move|p1a: Latios|Draco Meteor|p2a: Swampert\n|-damage|p2a: Swampert|0 fnt\n|-unboost|p1a: Latios|spa|2\n|faint|p2a: Swampert\n|\n|-weather|none\n|upkeep\n|\n|t:|1701214727\n|switch|p2a: Pelipper|Pelipper, F|100\/100\n|-weather|RainDance|[from] ability: Drizzle|[of] p2a: Pelipper\n|turn|18\n|\n|t:|1701214733\n|move|p1a: Latios|Draco Meteor|p2a: Pelipper\n|-damage|p2a: Pelipper|36\/100\n|-unboost|p1a: Latios|spa|2\n|move|p2a: Pelipper|Ice Beam|p1a: Latios\n|-supereffective|p1a: Latios\n|-damage|p1a: Latios|0 fnt\n|faint|p1a: Latios\n|\n|-weather|RainDance|[upkeep]\n|upkeep\n|\n|t:|1701214738\n|switch|p1a: Tapu Lele|Tapu Lele|100\/100\n|-damage|p1a: Tapu Lele|88\/100|[from] Stealth Rock\n|-fieldstart|move: Psychic Terrain|[from] ability: Psychic Surge|[of] p1a: Tapu Lele\n|turn|19\n|\n|t:|1701214750\n|move|p1a: Tapu Lele|Psychic|p2a: Pelipper\n|-damage|p2a: Pelipper|0 fnt\n|faint|p2a: Pelipper\n|\n|-weather|RainDance|[upkeep]\n|upkeep\n|\n|t:|1701214753\n|switch|p2a: Volcanion|Volcanion|100\/100\n|turn|20\n|\n|t:|1701214755\n|move|p1a: Tapu Lele|Psychic|p2a: Volcanion\n|-damage|p2a: Volcanion|0 fnt\n|faint|p2a: Volcanion\n|\n|-weather|RainDance|[upkeep]\n|upkeep\n|\n|t:|1701214758\n|switch|p2a: Venusaur|Venusaur, M|100\/100\n|turn|21\n|\n|t:|1701214761\n|-terastallize|p2a: Venusaur|Grass\n|move|p1a: Tapu Lele|Psychic|p2a: Venusaur\n|-damage|p2a: Venusaur|0 fnt\n|faint|p2a: Venusaur\n|\n|win|Deriverse\n|raw|Deriverse's rating: 1432 &rarr; <strong>1450<\/strong><br \/>(+18 for winning)\n|raw|gubes's rating: 1400 &rarr; <strong>1382<\/strong><br \/>(-18 for losing)\n|l|\u2606gubes\n","uploadtime":1701214769,"views":1,"p1id":"deriverse","p2id":"gubes","formatid":"gen9nationaldex","rating":1382,"private":0,"password":""}