{"id":"gen9nationaldex-1994846666","p1":"Ex0tic_s0da","p2":"Bandyy00xx","format":"[Gen 9] National Dex","log":"|html|<div class=\"broadcast-blue\"><strong>[Gen 9] National Dex is currently suspecting Sneasler! For information on how to participate check out the <a href=\"https:\/\/www.smogon.com\/forums\/threads\/sv-national-dex-suspect-8-just-dance.3731534\/\">suspect thread<\/a>.<\/strong><\/div>\n|j|\u2606Ex0tic_s0da\n|j|\u2606Bandyy00xx\n|t:|1700498191\n|gametype|singles\n|player|p1|Ex0tic_s0da|2|1037\n|player|p2|Bandyy00xx|flannery|1059\n|teamsize|p1|6\n|teamsize|p2|6\n|gen|9\n|tier|[Gen 9] National Dex\n|rated|\n|rule|HP Percentage Mod: HP is shown in percentages\n|rule|Endless Battle Clause: Forcing endless battles is banned\n|rule|OHKO Clause: OHKO moves are banned\n|rule|Evasion Clause: Evasion abilities, items, and moves are banned\n|rule|Evasion Abilities Clause: Evasion abilities are banned\n|rule|Evasion Items Clause: Evasion items are banned\n|rule|Evasion Moves Clause: Evasion moves are banned\n|rule|Species Clause: Limit one of each Pok\u00e9mon\n|rule|Sleep Clause Mod: Limit one foe put to sleep\n|clearpoke\n|poke|p1|Sceptile, M|\n|poke|p1|Blastoise, F|\n|poke|p1|Meganium, F|\n|poke|p1|Emboar, M|\n|poke|p1|Delphox, F|\n|poke|p1|Primarina, F|\n|poke|p2|Incineroar, F|\n|poke|p2|Talonflame, F|\n|poke|p2|Dunsparce, M|\n|poke|p2|Meganium, M|\n|poke|p2|Vaporeon, F|\n|poke|p2|Oricorio-Sensu, F|\n|teampreview\n|inactive|Battle timer is ON: inactive players will automatically lose when time's up. (requested by Bandyy00xx)\n|\n|t:|1700498195\n|start\n|switch|p1a: Sceptile|Sceptile, M|100\/100\n|switch|p2a: Poe|Meganium, M|100\/100\n|turn|1\n|\n|t:|1700498202\n|move|p1a: Sceptile|Dragon Dance|p1a: Sceptile\n|-boost|p1a: Sceptile|atk|1\n|-boost|p1a: Sceptile|spe|1\n|move|p2a: Poe|Toxic|p1a: Sceptile\n|-status|p1a: Sceptile|tox\n|\n|-damage|p1a: Sceptile|94\/100 tox|[from] psn\n|upkeep\n|turn|2\n|\n|t:|1700498213\n|switch|p1a: Meganium|Meganium, F|100\/100\n|switch|p2a: Oasis|Oricorio-Sensu, F|100\/100\n|\n|upkeep\n|turn|3\n|\n|t:|1700498224\n|move|p2a: Oasis|Quiver Dance|p2a: Oasis\n|-boost|p2a: Oasis|spa|1\n|-boost|p2a: Oasis|spd|1\n|-boost|p2a: Oasis|spe|1\n|move|p1a: Meganium|Aromatherapy|p1a: Meganium\n|-activate|p1a: Meganium|move: Aromatherapy\n|-curestatus|p1: Sceptile|tox|[msg]\n|\n|upkeep\n|turn|4\n|\n|t:|1700498232\n|move|p2a: Oasis|Quiver Dance|p2a: Oasis\n|-boost|p2a: Oasis|spa|1\n|-boost|p2a: Oasis|spd|1\n|-boost|p2a: Oasis|spe|1\n|move|p1a: Meganium|Ancient Power|p2a: Oasis\n|-supereffective|p2a: Oasis\n|-damage|p2a: Oasis|76\/100\n|\n|upkeep\n|turn|5\n|\n|t:|1700498240\n|move|p2a: Oasis|Quiver Dance|p2a: Oasis\n|-boost|p2a: Oasis|spa|1\n|-boost|p2a: Oasis|spd|1\n|-boost|p2a: Oasis|spe|1\n|move|p1a: Meganium|Ancient Power|p2a: Oasis\n|-supereffective|p2a: Oasis\n|-damage|p2a: Oasis|55\/100\n|\n|upkeep\n|turn|6\n|\n|t:|1700498252\n|move|p2a: Oasis|Air Slash|p1a: Meganium\n|-supereffective|p1a: Meganium\n|-damage|p1a: Meganium|0 fnt\n|faint|p1a: Meganium\n|\n|upkeep\n|\n|t:|1700498258\n|switch|p1a: Primarina|Primarina, F|100\/100\n|turn|7\n|\n|t:|1700498264\n|move|p2a: Oasis|Air Slash|p1a: Primarina\n|-damage|p1a: Primarina|32\/100\n|-zpower|p1a: Primarina\n|move|p1a: Primarina|Oceanic Operetta|p2a: Oasis|[zeffect]\n|-damage|p2a: Oasis|4\/100\n|\n|upkeep\n|turn|8\n|\n|t:|1700498277\n|move|p2a: Oasis|Air Slash|p1a: Primarina\n|-damage|p1a: Primarina|0 fnt\n|faint|p1a: Primarina\n|\n|upkeep\n|\n|t:|1700498284\n|switch|p1a: Delphox|Delphox, F|100\/100\n|turn|9\n|\n|t:|1700498291\n|move|p2a: Oasis|Revelation Dance|p1a: Delphox\n|-supereffective|p1a: Delphox\n|-damage|p1a: Delphox|0 fnt\n|faint|p1a: Delphox\n|\n|upkeep\n|\n|t:|1700498299\n|switch|p1a: Sceptile|Sceptile, M|94\/100\n|turn|10\n|\n|t:|1700498307\n|-terastallize|p1a: Sceptile|Steel\n|move|p2a: Oasis|Air Slash|p1a: Sceptile\n|-resisted|p1a: Sceptile\n|-damage|p1a: Sceptile|28\/100\n|move|p1a: Sceptile|Dragon Dance|p1a: Sceptile\n|-boost|p1a: Sceptile|atk|1\n|-boost|p1a: Sceptile|spe|1\n|-activate|p2a: Oasis|ability: Dancer\n|move|p2a: Oasis|Dragon Dance|p2a: Oasis|[from]ability: Dancer\n|-boost|p2a: Oasis|atk|1\n|-boost|p2a: Oasis|spe|1\n|\n|upkeep\n|turn|11\n|\n|t:|1700498322\n|move|p2a: Oasis|Air Slash|p1a: Sceptile\n|-resisted|p1a: Sceptile\n|-damage|p1a: Sceptile|0 fnt\n|faint|p1a: Sceptile\n|\n|upkeep\n|\n|t:|1700498328\n|switch|p1a: Blastoise|Blastoise, F|100\/100\n|turn|12\n|\n|t:|1700498336\n|-terastallize|p2a: Oasis|Electric\n|move|p2a: Oasis|Revelation Dance|p1a: Blastoise\n|-supereffective|p1a: Blastoise\n|-damage|p1a: Blastoise|0 fnt\n|faint|p1a: Blastoise\n|\n|upkeep\n|\n|t:|1700498345\n|switch|p1a: Emboar|Emboar, M|100\/100\n|turn|13\n|\n|t:|1700498349\n|move|p2a: Oasis|Air Slash|p1a: Emboar\n|-supereffective|p1a: Emboar\n|-damage|p1a: Emboar|0 fnt\n|faint|p1a: Emboar\n|\n|win|Bandyy00xx\n|raw|Ex0tic_s0da's rating: 1037 &rarr; <strong>1022<\/strong><br \/>(-15 for losing)\n|raw|Bandyy00xx's rating: 1059 &rarr; <strong>1088<\/strong><br \/>(+29 for winning)\n|l|\u2606Ex0tic_s0da\n","uploadtime":1700498479,"views":1,"p1id":"ex0tics0da","p2id":"bandyy00xx","formatid":"gen9nationaldex","rating":1022,"private":0,"password":""}