{"id":"gen9nationaldex-1997265197","p1":"rotcivfontes","p2":"shhshjsjss","format":"[Gen 9] National Dex","log":"|html|<div class=\"broadcast-blue\"><strong>[Gen 9] National Dex is currently suspecting Sneasler! For information on how to participate check out the <a href=\"https:\/\/www.smogon.com\/forums\/threads\/sv-national-dex-suspect-8-just-dance.3731534\/\">suspect thread<\/a>.<\/strong><\/div>\n|j|\u2606rotcivfontes\n|j|\u2606shhshjsjss\n|t:|1700782204\n|gametype|singles\n|player|p1|rotcivfontes|ethan|1000\n|player|p2|shhshjsjss|bugcatcher-gen4dp|1003\n|teamsize|p1|6\n|teamsize|p2|6\n|gen|9\n|tier|[Gen 9] National Dex\n|rated|\n|rule|HP Percentage Mod: HP is shown in percentages\n|rule|Endless Battle Clause: Forcing endless battles is banned\n|rule|OHKO Clause: OHKO moves are banned\n|rule|Evasion Clause: Evasion abilities, items, and moves are banned\n|rule|Evasion Abilities Clause: Evasion abilities are banned\n|rule|Evasion Items Clause: Evasion items are banned\n|rule|Evasion Moves Clause: Evasion moves are banned\n|rule|Species Clause: Limit one of each Pok\u00e9mon\n|rule|Sleep Clause Mod: Limit one foe put to sleep\n|clearpoke\n|poke|p1|Dragonair, M|\n|poke|p1|Ditto|\n|poke|p1|Flygon, F|\n|poke|p1|Totodile, M|\n|poke|p1|Dragonite, M|\n|poke|p1|Umbreon, M|\n|poke|p2|Regigigas|\n|poke|p2|Lokix, F|\n|poke|p2|Meowscarada, F|\n|poke|p2|Corviknight, F|\n|poke|p2|Tyrantrum, M|\n|poke|p2|Heracross, F|\n|teampreview\n|\n|t:|1700782212\n|start\n|switch|p1a: Ditto|Ditto|100\/100\n|switch|p2a: ZU Titan|Regigigas, shiny|100\/100\n|-start|p2a: ZU Titan|ability: Slow Start\n|-transform|p1a: Ditto|p2a: ZU Titan|[from] ability: Imposter\n|-start|p1a: Ditto|ability: Slow Start\n|turn|1\n|\n|t:|1700782225\n|move|p1a: Ditto|Power-Up Punch|p2a: ZU Titan\n|-supereffective|p2a: ZU Titan\n|-damage|p2a: ZU Titan|89\/100\n|-boost|p1a: Ditto|atk|1\n|move|p2a: ZU Titan|Substitute|p2a: ZU Titan\n|-start|p2a: ZU Titan|Substitute\n|-damage|p2a: ZU Titan|64\/100\n|\n|-heal|p2a: ZU Titan|70\/100|[from] item: Leftovers\n|upkeep\n|turn|2\n|\n|t:|1700782235\n|move|p1a: Ditto|Power-Up Punch|p2a: ZU Titan\n|-supereffective|p2a: ZU Titan\n|-crit|p2a: ZU Titan\n|-end|p2a: ZU Titan|Substitute\n|-boost|p1a: Ditto|atk|1\n|move|p2a: ZU Titan|Knock Off|p1a: Ditto\n|-damage|p1a: Ditto|81\/100\n|-enditem|p1a: Ditto|Choice Scarf|[from] move: Knock Off|[of] p2a: ZU Titan\n|\n|-heal|p2a: ZU Titan|77\/100|[from] item: Leftovers\n|upkeep\n|turn|3\n|\n|t:|1700782247\n|move|p1a: Ditto|Power-Up Punch|p2a: ZU Titan\n|-supereffective|p2a: ZU Titan\n|-damage|p2a: ZU Titan|52\/100\n|-boost|p1a: Ditto|atk|1\n|move|p2a: ZU Titan|Power-Up Punch|p1a: Ditto\n|-supereffective|p1a: Ditto\n|-damage|p1a: Ditto|63\/100\n|-boost|p2a: ZU Titan|atk|1\n|\n|-heal|p2a: ZU Titan|58\/100|[from] item: Leftovers\n|upkeep\n|turn|4\n|\n|t:|1700782259\n|move|p2a: ZU Titan|Power-Up Punch|p1a: Ditto\n|-supereffective|p1a: Ditto\n|-damage|p1a: Ditto|37\/100\n|-boost|p2a: ZU Titan|atk|1\n|move|p1a: Ditto|Power-Up Punch|p2a: ZU Titan\n|-supereffective|p2a: ZU Titan\n|-damage|p2a: ZU Titan|31\/100\n|-boost|p1a: Ditto|atk|1\n|\n|-heal|p2a: ZU Titan|37\/100|[from] item: Leftovers\n|upkeep\n|turn|5\n|\n|t:|1700782270\n|move|p2a: ZU Titan|Protect|p2a: ZU Titan\n|-singleturn|p2a: ZU Titan|Protect\n|move|p1a: Ditto|Power-Up Punch|p2a: ZU Titan\n|-activate|p2a: ZU Titan|move: Protect\n|\n|-heal|p2a: ZU Titan|44\/100|[from] item: Leftovers\n|-end|p1a: Ditto|Slow Start\n|-end|p2a: ZU Titan|Slow Start\n|upkeep\n|turn|6\n|\n|t:|1700782288\n|-terastallize|p1a: Ditto|Normal\n|move|p2a: ZU Titan|Power-Up Punch|p1a: Ditto\n|-supereffective|p1a: Ditto\n|-damage|p1a: Ditto|0 fnt\n|-boost|p2a: ZU Titan|atk|1\n|faint|p1a: Ditto\n|-end|p1a: Ditto|Slow Start|[silent]\n|\n|-heal|p2a: ZU Titan|50\/100|[from] item: Leftovers\n|upkeep\n|\n|t:|1700782300\n|switch|p1a: Dragonite|Dragonite, M|100\/100\n|turn|7\n|\n|t:|1700782305\n|move|p2a: ZU Titan|Protect|p2a: ZU Titan\n|-singleturn|p2a: ZU Titan|Protect\n|-zpower|p1a: Dragonite\n|move|p1a: Dragonite|Supersonic Skystrike|p2a: ZU Titan|[zeffect]\n|-zbroken|p2a: ZU Titan\n|-damage|p2a: ZU Titan|31\/100\n|\n|-heal|p2a: ZU Titan|38\/100|[from] item: Leftovers\n|upkeep\n|turn|8\n|\n|t:|1700782318\n|move|p2a: ZU Titan|Knock Off|p1a: Dragonite\n|-damage|p1a: Dragonite|65\/100\n|move|p1a: Dragonite|Earthquake|p2a: ZU Titan\n|-damage|p2a: ZU Titan|10\/100\n|\n|-heal|p2a: ZU Titan|16\/100|[from] item: Leftovers\n|upkeep\n|turn|9\n|\n|t:|1700782326\n|move|p2a: ZU Titan|Protect|p2a: ZU Titan\n|-singleturn|p2a: ZU Titan|Protect\n|move|p1a: Dragonite|Earthquake|p2a: ZU Titan\n|-activate|p2a: ZU Titan|move: Protect\n|\n|-heal|p2a: ZU Titan|22\/100|[from] item: Leftovers\n|upkeep\n|turn|10\n|\n|t:|1700782336\n|-terastallize|p2a: ZU Titan|Dark\n|move|p2a: ZU Titan|Knock Off|p1a: Dragonite\n|-damage|p1a: Dragonite|0 fnt\n|faint|p1a: Dragonite\n|\n|-heal|p2a: ZU Titan|28\/100|[from] item: Leftovers\n|upkeep\n|\n|t:|1700782345\n|switch|p1a: Dragonair|Dragonair, M|100\/100\n|turn|11\n|\n|t:|1700782349\n|move|p2a: ZU Titan|Protect|p2a: ZU Titan\n|-singleturn|p2a: ZU Titan|Protect\n|move|p1a: Dragonair|Draco Meteor|p2a: ZU Titan\n|-activate|p2a: ZU Titan|move: Protect\n|\n|-heal|p2a: ZU Titan|35\/100|[from] item: Leftovers\n|upkeep\n|turn|12\n|\n|t:|1700782359\n|move|p2a: ZU Titan|Knock Off|p1a: Dragonair\n|-damage|p1a: Dragonair|0 fnt\n|-enditem|p1a: Dragonair|Life Orb|[from] move: Knock Off|[of] p2a: ZU Titan\n|faint|p1a: Dragonair\n|\n|-heal|p2a: ZU Titan|41\/100|[from] item: Leftovers\n|upkeep\n|\n|t:|1700782367\n|switch|p1a: Flygon|Flygon, F|100\/100\n|turn|13\n|\n|t:|1700782375\n|move|p2a: ZU Titan|Protect|p2a: ZU Titan\n|-singleturn|p2a: ZU Titan|Protect\n|move|p1a: Flygon|Aerial Ace|p2a: ZU Titan\n|-activate|p2a: ZU Titan|move: Protect\n|\n|-heal|p2a: ZU Titan|47\/100|[from] item: Leftovers\n|upkeep\n|turn|14\n|\n|t:|1700782385\n|switch|p1a: Umbreon|Umbreon, M, shiny|100\/100\n|move|p2a: ZU Titan|Knock Off|p1a: Umbreon\n|-resisted|p1a: Umbreon\n|-damage|p1a: Umbreon|49\/100\n|-enditem|p1a: Umbreon|Heavy-Duty Boots|[from] move: Knock Off|[of] p2a: ZU Titan\n|\n|-heal|p2a: ZU Titan|53\/100|[from] item: Leftovers\n|upkeep\n|turn|15\n|\n|t:|1700782410\n|move|p2a: ZU Titan|Protect|p2a: ZU Titan\n|-singleturn|p2a: ZU Titan|Protect\n|move|p1a: Umbreon|Protect||[still]\n|-fail|p1a: Umbreon\n|\n|-heal|p2a: ZU Titan|59\/100|[from] item: Leftovers\n|upkeep\n|turn|16\n|inactive|Battle timer is ON: inactive players will automatically lose when time's up. (requested by shhshjsjss)\n|\n|t:|1700782417\n|move|p2a: ZU Titan|Substitute|p2a: ZU Titan\n|-start|p2a: ZU Titan|Substitute\n|-damage|p2a: ZU Titan|34\/100\n|move|p1a: Umbreon|Foul Play|p2a: ZU Titan\n|-resisted|p2a: ZU Titan\n|-end|p2a: ZU Titan|Substitute\n|\n|-heal|p2a: ZU Titan|40\/100|[from] item: Leftovers\n|upkeep\n|turn|17\n|\n|t:|1700782426\n|move|p2a: ZU Titan|Power-Up Punch|p1a: Umbreon\n|-supereffective|p1a: Umbreon\n|-damage|p1a: Umbreon|0 fnt\n|-boost|p2a: ZU Titan|atk|1\n|faint|p1a: Umbreon\n|\n|-heal|p2a: ZU Titan|47\/100|[from] item: Leftovers\n|upkeep\n|\n|t:|1700782435\n|switch|p1a: Totodile|Totodile, M|100\/100\n|turn|18\n|\n|t:|1700782445\n|move|p2a: ZU Titan|Knock Off|p1a: Totodile\n|-damage|p1a: Totodile|0 fnt\n|-enditem|p1a: Totodile|Eviolite|[from] move: Knock Off|[of] p2a: ZU Titan\n|faint|p1a: Totodile\n|\n|-heal|p2a: ZU Titan|53\/100|[from] item: Leftovers\n|upkeep\n|\n|t:|1700782452\n|switch|p1a: Flygon|Flygon, F|100\/100\n|turn|19\n|\n|t:|1700782458\n|move|p1a: Flygon|Fire Blast|p2a: ZU Titan\n|-damage|p2a: ZU Titan|40\/100\n|move|p2a: ZU Titan|Knock Off|p1a: Flygon\n|-damage|p1a: Flygon|0 fnt\n|-enditem|p1a: Flygon|Choice Scarf|[from] move: Knock Off|[of] p2a: ZU Titan\n|faint|p1a: Flygon\n|\n|win|shhshjsjss\n|raw|rotcivfontes's rating: 1000 &rarr; <strong>1000<\/strong><br \/>(+0 for losing)\n|raw|shhshjsjss's rating: 1003 &rarr; <strong>1042<\/strong><br \/>(+39 for winning)\n|l|\u2606rotcivfontes\n","uploadtime":1700782471,"views":10,"p1id":"rotcivfontes","p2id":"shhshjsjss","formatid":"gen9nationaldex","rating":1000,"private":0,"password":""}