{"id":"gen9nationaldex-1993094827","p1":"Oxxo_ntsm","p2":"SebasTrainer2461","format":"[Gen 9] National Dex","log":"|j|\u2606Oxxo_ntsm\n|j|\u2606SebasTrainer2461\n|t:|1700264132\n|gametype|singles\n|player|p1|Oxxo_ntsm|hilbert-wonderlauncher|\n|player|p2|SebasTrainer2461|ethan|\n|teamsize|p1|6\n|teamsize|p2|6\n|gen|9\n|tier|[Gen 9] National Dex\n|rule|HP Percentage Mod: HP is shown in percentages\n|rule|Endless Battle Clause: Forcing endless battles is banned\n|rule|OHKO Clause: OHKO moves are banned\n|rule|Evasion Clause: Evasion abilities, items, and moves are banned\n|rule|Evasion Abilities Clause: Evasion abilities are banned\n|rule|Evasion Items Clause: Evasion items are banned\n|rule|Evasion Moves Clause: Evasion moves are banned\n|rule|Species Clause: Limit one of each Pok\u00e9mon\n|rule|Sleep Clause Mod: Limit one foe put to sleep\n|clearpoke\n|poke|p1|Charizard, M|\n|poke|p1|Volcarona, F|\n|poke|p1|Victini|\n|poke|p1|Ceruledge, M|\n|poke|p1|Chandelure, F|\n|poke|p1|Flareon, M|\n|poke|p2|Charizard, M|\n|poke|p2|Gengar, M|\n|poke|p2|Gyarados, M|\n|poke|p2|Jolteon, M|\n|poke|p2|Dragonite, M|\n|poke|p2|Snorlax, M|\n|teampreview\n|inactive|Battle timer is ON: inactive players will automatically lose when time's up. (requested by Oxxo_ntsm)\n|c|\u2606Oxxo_ntsm|Buena suerte Sebas\n|\n|t:|1700264146\n|start\n|switch|p1a: Nacho|Flareon, M|100\/100\n|switch|p2a: Snorlax|Snorlax, M|100\/100\n|turn|1\n|\n|t:|1700264159\n|move|p1a: Nacho|Toxic|p2a: Snorlax|[miss]\n|-miss|p1a: Nacho|p2a: Snorlax\n|move|p2a: Snorlax|Hyper Beam|p1a: Nacho\n|-damage|p1a: Nacho|69\/100\n|-mustrecharge|p2a: Snorlax\n|\n|-heal|p1a: Nacho|75\/100|[from] item: Leftovers\n|upkeep\n|turn|2\n|\n|t:|1700264169\n|move|p1a: Nacho|Toxic|p2a: Snorlax\n|-immune|p2a: Snorlax|[from] ability: Immunity\n|cant|p2a: Snorlax|recharge\n|\n|-heal|p1a: Nacho|81\/100|[from] item: Leftovers\n|upkeep\n|turn|3\n|c|\u2606Oxxo_ntsm|Ah que tiene inmunidad\n|c|\u2606Oxxo_ntsm|No sabia xd\n|\n|t:|1700264192\n|move|p1a: Nacho|Flare Blitz|p2a: Snorlax\n|-damage|p2a: Snorlax|54\/100\n|-damage|p1a: Nacho|59\/100|[from] Recoil\n|move|p2a: Snorlax|Yawn|p1a: Nacho\n|-start|p1a: Nacho|move: Yawn|[of] p2a: Snorlax\n|\n|-heal|p1a: Nacho|65\/100|[from] item: Leftovers\n|-heal|p2a: Snorlax|60\/100|[from] item: Leftovers\n|upkeep\n|turn|4\n|\n|t:|1700264207\n|switch|p1a: Anakin|Ceruledge, M|100\/100\n|move|p2a: Snorlax|Body Slam|p1a: Anakin\n|-immune|p1a: Anakin\n|\n|-heal|p2a: Snorlax|66\/100|[from] item: Leftovers\n|upkeep\n|turn|5\n|\n|t:|1700264231\n|move|p1a: Anakin|Swords Dance|p1a: Anakin\n|-boost|p1a: Anakin|atk|2\n|move|p2a: Snorlax|Hyper Beam|p1a: Anakin\n|-immune|p1a: Anakin\n|\n|-heal|p2a: Snorlax|72\/100|[from] item: Leftovers\n|upkeep\n|turn|6\n|\n|t:|1700264243\n|switch|p2a: Gengar|Gengar, M|100\/100\n|move|p1a: Anakin|Swords Dance|p1a: Anakin\n|-boost|p1a: Anakin|atk|2\n|\n|upkeep\n|turn|7\n|\n|t:|1700264254\n|move|p1a: Anakin|Night Slash|p2a: Gengar\n|-supereffective|p2a: Gengar\n|-damage|p2a: Gengar|0 fnt\n|faint|p2a: Gengar\n|\n|upkeep\n|\n|t:|1700264266\n|switch|p2a: Dragonite|Dragonite, M|100\/100\n|turn|8\n|\n|t:|1700264275\n|move|p1a: Anakin|Psycho Cut|p2a: Dragonite\n|-damage|p2a: Dragonite|28\/100\n|move|p2a: Dragonite|Draco Meteor|p1a: Anakin\n|-damage|p1a: Anakin|39\/100\n|-unboost|p2a: Dragonite|spa|2\n|\n|upkeep\n|turn|9\n|\n|t:|1700264292\n|switch|p2a: Charizard|Charizard, M|100\/100\n|move|p1a: Anakin|Bitter Blade|p2a: Charizard\n|-resisted|p2a: Charizard\n|-damage|p2a: Charizard|16\/100\n|-heal|p1a: Anakin|85\/100|[from] drain|[of] p2a: Charizard\n|\n|upkeep\n|turn|10\n|\n|t:|1700264310\n|move|p1a: Anakin|Bitter Blade|p2a: Charizard\n|-resisted|p2a: Charizard\n|-damage|p2a: Charizard|0 fnt\n|-heal|p1a: Anakin|94\/100|[from] drain|[of] p2a: Charizard\n|faint|p2a: Charizard\n|\n|upkeep\n|inactive|SebasTrainer2461 has 270 seconds left.\n|\n|t:|1700264322\n|switch|p2a: Gyarados|Gyarados, M|100\/100\n|-ability|p2a: Gyarados|Intimidate|boost\n|-unboost|p1a: Anakin|atk|1\n|turn|11\n|\n|t:|1700264330\n|move|p1a: Anakin|Night Slash|p2a: Gyarados\n|-damage|p2a: Gyarados|41\/100\n|move|p2a: Gyarados|Surf|p1a: Anakin\n|-supereffective|p1a: Anakin\n|-damage|p1a: Anakin|30\/100\n|\n|upkeep\n|turn|12\n|\n|t:|1700264344\n|move|p1a: Anakin|Night Slash|p2a: Gyarados\n|-damage|p2a: Gyarados|0 fnt\n|faint|p2a: Gyarados\n|\n|upkeep\n|\n|t:|1700264352\n|switch|p2a: Jolteon|Jolteon, M|100\/100\n|turn|13\n|\n|t:|1700264360\n|move|p2a: Jolteon|Thunderbolt|p1a: Anakin\n|-damage|p1a: Anakin|0 fnt\n|faint|p1a: Anakin\n|\n|upkeep\n|\n|t:|1700264370\n|switch|p1a: Destripachorizo|Charizard, M, shiny|100\/100\n|turn|14\n|\n|t:|1700264376\n|detailschange|p1a: Destripachorizo|Charizard-Mega-Y, M, shiny\n|-mega|p1a: Destripachorizo|Charizard|Charizardite Y\n|-weather|SunnyDay|[from] ability: Drought|[of] p1a: Destripachorizo\n|move|p1a: Destripachorizo|Ancient Power|p2a: Jolteon\n|-damage|p2a: Jolteon|72\/100\n|move|p2a: Jolteon|Thunderbolt|p1a: Destripachorizo\n|-supereffective|p1a: Destripachorizo\n|-damage|p1a: Destripachorizo|20\/100\n|\n|-weather|SunnyDay|[upkeep]\n|-heal|p2a: Jolteon|78\/100|[from] item: Leftovers\n|upkeep\n|turn|15\n|\n|t:|1700264390\n|move|p1a: Destripachorizo|Flamethrower|p2a: Jolteon\n|-damage|p2a: Jolteon|0 fnt\n|faint|p2a: Jolteon\n|\n|-weather|SunnyDay|[upkeep]\n|upkeep\n|\n|t:|1700264399\n|switch|p2a: Snorlax|Snorlax, M|72\/100\n|turn|16\n|\n|t:|1700264408\n|move|p1a: Destripachorizo|Flamethrower|p2a: Snorlax\n|-damage|p2a: Snorlax|21\/100\n|move|p2a: Snorlax|Body Slam|p1a: Destripachorizo\n|-damage|p1a: Destripachorizo|0 fnt\n|faint|p1a: Destripachorizo\n|\n|-weather|SunnyDay|[upkeep]\n|-heal|p2a: Snorlax|27\/100|[from] item: Leftovers\n|upkeep\n|\n|t:|1700264420\n|switch|p1a: Vic|Victini|100\/100\n|turn|17\n|\n|t:|1700264428\n|move|p1a: Vic|Zen Headbutt|p2a: Snorlax\n|-crit|p2a: Snorlax\n|-damage|p2a: Snorlax|0 fnt\n|faint|p2a: Snorlax\n|\n|-weather|SunnyDay|[upkeep]\n|upkeep\n|\n|t:|1700264435\n|switch|p2a: Dragonite|Dragonite, M|28\/100\n|turn|18\n|\n|t:|1700264442\n|move|p1a: Vic|V-create|p2a: Dragonite\n|-resisted|p2a: Dragonite\n|-damage|p2a: Dragonite|0 fnt\n|-unboost|p1a: Vic|spe|1\n|-unboost|p1a: Vic|def|1\n|-unboost|p1a: Vic|spd|1\n|faint|p2a: Dragonite\n|\n|win|Oxxo_ntsm\n","uploadtime":1700264452,"views":12,"p1id":"oxxontsm","p2id":"sebastrainer2461","formatid":"gen9nationaldex","rating":0,"private":0,"password":""}