{"id":"gen9nationaldex-1993581465","p1":"Jor99fran","p2":"SebasTrainer2461","format":"[Gen 9] National Dex","log":"|j|\u2606Jor99fran\n|j|\u2606SebasTrainer2461\n|t:|1700334109\n|gametype|singles\n|player|p1|Jor99fran|ghetsis|\n|player|p2|SebasTrainer2461|ethan|\n|teamsize|p1|6\n|teamsize|p2|6\n|gen|9\n|tier|[Gen 9] National Dex\n|rule|HP Percentage Mod: HP is shown in percentages\n|rule|Endless Battle Clause: Forcing endless battles is banned\n|rule|OHKO Clause: OHKO moves are banned\n|rule|Evasion Clause: Evasion abilities, items, and moves are banned\n|rule|Evasion Abilities Clause: Evasion abilities are banned\n|rule|Evasion Items Clause: Evasion items are banned\n|rule|Evasion Moves Clause: Evasion moves are banned\n|rule|Species Clause: Limit one of each Pok\u00e9mon\n|rule|Sleep Clause Mod: Limit one foe put to sleep\n|clearpoke\n|poke|p1|Basculegion-F, F|\n|poke|p1|Chandelure, F|\n|poke|p1|Gengar, F|\n|poke|p1|Decidueye, F|\n|poke|p1|Palossand, M|\n|poke|p1|Skeledirge, M|\n|poke|p2|Metagross|\n|poke|p2|Lucario, M|\n|poke|p2|Heatran, M|\n|poke|p2|Kartana|\n|poke|p2|Aegislash, M|\n|poke|p2|Aggron, M|\n|teampreview\n|c|\u2606Jor99fran|buena suerte\n|\n|t:|1700334130\n|start\n|switch|p1a: Gengar|Gengar, F, shiny|100\/100\n|switch|p2a: Metagross|Metagross|100\/100\n|turn|1\n|\n|t:|1700334147\n|move|p1a: Gengar|Hex|p2a: Metagross\n|-supereffective|p2a: Metagross\n|-damage|p2a: Metagross|29\/100\n|move|p2a: Metagross|Psychic|p1a: Gengar\n|-supereffective|p1a: Gengar\n|-damage|p1a: Gengar|0 fnt\n|faint|p1a: Gengar\n|\n|upkeep\n|\n|t:|1700334151\n|switch|p1a: Chandelure|Chandelure, F|100\/100\n|turn|2\n|\n|t:|1700334174\n|switch|p2a: Kartana|Kartana|100\/100\n|move|p1a: Chandelure|Flamethrower|p2a: Kartana\n|-supereffective|p2a: Kartana\n|-damage|p2a: Kartana|0 fnt\n|faint|p2a: Kartana\n|\n|upkeep\n|\n|t:|1700334192\n|switch|p2a: Heatran|Heatran, M|100\/100\n|turn|3\n|\n|t:|1700334207\n|move|p1a: Chandelure|Substitute|p1a: Chandelure\n|-start|p1a: Chandelure|Substitute\n|-damage|p1a: Chandelure|76\/100\n|move|p2a: Heatran|Flamethrower|p1a: Chandelure\n|-start|p1a: Chandelure|ability: Flash Fire\n|\n|upkeep\n|turn|4\n|\n|t:|1700334219\n|move|p1a: Chandelure|Calm Mind|p1a: Chandelure\n|-boost|p1a: Chandelure|spa|1\n|-boost|p1a: Chandelure|spd|1\n|move|p2a: Heatran|Earthquake|p1a: Chandelure\n|-supereffective|p1a: Chandelure\n|-crit|p1a: Chandelure\n|-end|p1a: Chandelure|Substitute\n|\n|upkeep\n|turn|5\n|\n|t:|1700334242\n|move|p1a: Chandelure|Shadow Ball|p2a: Heatran\n|-damage|p2a: Heatran|37\/100\n|move|p2a: Heatran|Fire Blast|p1a: Chandelure\n|-immune|p1a: Chandelure|[from] ability: Flash Fire\n|\n|upkeep\n|turn|6\n|c|\u2606Jor99fran|eres o te haces?\n|\n|t:|1700334257\n|switch|p2a: Aggron|Aggron, M|100\/100\n|move|p1a: Chandelure|Shadow Ball|p2a: Aggron\n|-damage|p2a: Aggron|3\/100\n|\n|upkeep\n|turn|7\n|\n|t:|1700334277\n|move|p1a: Chandelure|Flamethrower|p2a: Aggron\n|-damage|p2a: Aggron|0 fnt\n|faint|p2a: Aggron\n|\n|upkeep\n|\n|t:|1700334286\n|switch|p2a: Lucario|Lucario, M|100\/100\n|turn|8\n|\n|t:|1700334294\n|move|p1a: Chandelure|Flamethrower|p2a: Lucario\n|-supereffective|p2a: Lucario\n|-damage|p2a: Lucario|0 fnt\n|faint|p2a: Lucario\n|\n|upkeep\n|\n|t:|1700334300\n|switch|p2a: Heatran|Heatran, M|37\/100\n|turn|9\n|\n|t:|1700334307\n|move|p1a: Chandelure|Shadow Ball|p2a: Heatran\n|-damage|p2a: Heatran|0 fnt\n|faint|p2a: Heatran\n|\n|upkeep\n|\n|t:|1700334313\n|switch|p2a: Aegislash|Aegislash, M|100\/100\n|turn|10\n|\n|t:|1700334318\n|move|p1a: Chandelure|Calm Mind|p1a: Chandelure\n|-boost|p1a: Chandelure|spa|1\n|-boost|p1a: Chandelure|spd|1\n|move|p2a: Aegislash|Swords Dance|p2a: Aegislash\n|-boost|p2a: Aegislash|atk|2\n|\n|upkeep\n|turn|11\n|\n|t:|1700334328\n|move|p1a: Chandelure|Substitute|p1a: Chandelure\n|-start|p1a: Chandelure|Substitute\n|-damage|p1a: Chandelure|51\/100\n|move|p2a: Aegislash|Swords Dance|p2a: Aegislash\n|-boost|p2a: Aegislash|atk|2\n|\n|upkeep\n|turn|12\n|\n|t:|1700334335\n|move|p1a: Chandelure|Shadow Ball|p2a: Aegislash\n|-supereffective|p2a: Aegislash\n|-damage|p2a: Aegislash|0 fnt\n|faint|p2a: Aegislash\n|\n|upkeep\n|\n|t:|1700334343\n|switch|p2a: Metagross|Metagross|29\/100\n|turn|13\n|c|\u2606Jor99fran|gg\n|\n|t:|1700334348\n|move|p1a: Chandelure|Flamethrower|p2a: Metagross\n|-supereffective|p2a: Metagross\n|-damage|p2a: Metagross|0 fnt\n|faint|p2a: Metagross\n|\n|win|Jor99fran\n","uploadtime":1700334351,"views":17,"p1id":"jor99fran","p2id":"sebastrainer2461","formatid":"gen9nationaldex","rating":0,"private":0,"password":""}