{"id":"gen9nationaldex-1997510704","p1":"srysrysry","p2":"shenxia","format":"[Gen 9] National Dex","log":"|html|<div class=\"broadcast-blue\"><strong>[Gen 9] National Dex is currently suspecting Sneasler! For information on how to participate check out the <a href=\"https:\/\/www.smogon.com\/forums\/threads\/sv-national-dex-suspect-8-just-dance.3731534\/\">suspect thread<\/a>.<\/strong><\/div>\n|j|\u2606srysrysry\n|j|\u2606shenxia\n|t:|1700817809\n|gametype|singles\n|player|p1|srysrysry|2|1315\n|player|p2|shenxia|170|1360\n|teamsize|p1|6\n|teamsize|p2|6\n|gen|9\n|tier|[Gen 9] National Dex\n|rated|\n|rule|HP Percentage Mod: HP is shown in percentages\n|rule|Endless Battle Clause: Forcing endless battles is banned\n|rule|OHKO Clause: OHKO moves are banned\n|rule|Evasion Clause: Evasion abilities, items, and moves are banned\n|rule|Evasion Abilities Clause: Evasion abilities are banned\n|rule|Evasion Items Clause: Evasion items are banned\n|rule|Evasion Moves Clause: Evasion moves are banned\n|rule|Species Clause: Limit one of each Pok\u00e9mon\n|rule|Sleep Clause Mod: Limit one foe put to sleep\n|clearpoke\n|poke|p1|Tyranitar, M|\n|poke|p1|Dracozolt|\n|poke|p1|Weavile, M|\n|poke|p1|Rillaboom, M|\n|poke|p1|Kartana|\n|poke|p1|Great Tusk|\n|poke|p2|Zapdos|\n|poke|p2|Great Tusk|\n|poke|p2|Sneasler, M|\n|poke|p2|Rillaboom, F|\n|poke|p2|Volcanion|\n|poke|p2|Diancie|\n|teampreview\n|c|\u2606srysrysry|oh wait\n|c|\u2606srysrysry|hi\n|inactive|Battle timer is ON: inactive players will automatically lose when time's up. (requested by shenxia)\n|\n|t:|1700817835\n|start\n|switch|p1a: Tyranitar|Tyranitar, M|100\/100\n|switch|p2a: Diancie|Diancie|100\/100\n|-weather|Sandstorm|[from] ability: Sand Stream|[of] p1a: Tyranitar\n|turn|1\n|\n|t:|1700817848\n|switch|p2a: Rillaboom|Rillaboom, F|100\/100\n|-fieldstart|move: Grassy Terrain|[from] ability: Grassy Surge|[of] p2a: Rillaboom\n|detailschange|p1a: Tyranitar|Tyranitar-Mega, M\n|-mega|p1a: Tyranitar|Tyranitar|Tyranitarite\n|move|p1a: Tyranitar|Earthquake|p2a: Rillaboom\n|-resisted|p2a: Rillaboom\n|-damage|p2a: Rillaboom|87\/100\n|\n|-weather|Sandstorm|[upkeep]\n|-damage|p2a: Rillaboom|81\/100|[from] Sandstorm\n|-heal|p2a: Rillaboom|87\/100|[from] Grassy Terrain\n|upkeep\n|turn|2\n|j| BullyLowLadderKid\n|\n|t:|1700817867\n|move|p2a: Rillaboom|U-turn|p1a: Tyranitar\n|-supereffective|p1a: Tyranitar\n|-damage|p1a: Tyranitar|73\/100\n|c|\u2606srysrysry|bro\n|\n|t:|1700817868\n|switch|p2a: Sneasler|Sneasler, M|100\/100|[from] U-turn\n|-enditem|p2a: Sneasler|Grassy Seed\n|-boost|p2a: Sneasler|def|1|[from] item: Grassy Seed\n|move|p1a: Tyranitar|Knock Off|p2a: Sneasler\n|-resisted|p2a: Sneasler\n|-damage|p2a: Sneasler|77\/100\n|\n|-weather|Sandstorm|[upkeep]\n|-damage|p2a: Sneasler|71\/100|[from] Sandstorm\n|-heal|p2a: Sneasler|77\/100|[from] Grassy Terrain\n|-heal|p1a: Tyranitar|79\/100|[from] Grassy Terrain\n|upkeep\n|turn|3\n|\n|t:|1700817880\n|switch|p1a: Great Tusk|Great Tusk|100\/100\n|move|p2a: Sneasler|Close Combat|p1a: Great Tusk\n|-damage|p1a: Great Tusk|46\/100\n|-unboost|p2a: Sneasler|def|1\n|-unboost|p2a: Sneasler|spd|1\n|\n|-weather|Sandstorm|[upkeep]\n|-damage|p2a: Sneasler|71\/100|[from] Sandstorm\n|-heal|p2a: Sneasler|77\/100|[from] Grassy Terrain\n|-heal|p1a: Great Tusk|52\/100|[from] Grassy Terrain\n|upkeep\n|turn|4\n|\n|t:|1700817899\n|move|p2a: Sneasler|Acrobatics|p1a: Great Tusk\n|-supereffective|p1a: Great Tusk\n|-damage|p1a: Great Tusk|0 fnt\n|faint|p1a: Great Tusk\n|-end|p1a: Great Tusk|Protosynthesis|[silent]\n|\n|-weather|Sandstorm|[upkeep]\n|-damage|p2a: Sneasler|71\/100|[from] Sandstorm\n|-heal|p2a: Sneasler|77\/100|[from] Grassy Terrain\n|upkeep\n|\n|t:|1700817916\n|switch|p1a: Tyranitar|Tyranitar-Mega, M|79\/100\n|turn|5\n|\n|t:|1700817932\n|move|p2a: Sneasler|Close Combat|p1a: Tyranitar\n|-supereffective|p1a: Tyranitar\n|-damage|p1a: Tyranitar|0 fnt\n|-unboost|p2a: Sneasler|def|1\n|-unboost|p2a: Sneasler|spd|1\n|faint|p1a: Tyranitar\n|\n|-weather|none\n|-heal|p2a: Sneasler|83\/100|[from] Grassy Terrain\n|-fieldend|move: Grassy Terrain\n|upkeep\n|\n|t:|1700817945\n|switch|p1a: Rillaboom|Rillaboom, M|100\/100\n|-fieldstart|move: Grassy Terrain|[from] ability: Grassy Surge|[of] p1a: Rillaboom\n|turn|6\n|\n|t:|1700817955\n|switch|p2a: Volcanion|Volcanion|100\/100\n|move|p1a: Rillaboom|Grassy Glide|p2a: Volcanion\n|-damage|p2a: Volcanion|48\/100\n|\n|-heal|p2a: Volcanion|54\/100|[from] Grassy Terrain\n|-heal|p2a: Volcanion|60\/100|[from] item: Leftovers\n|upkeep\n|turn|7\n|\n|t:|1700817975\n|switch|p1a: Dracozolt|Dracozolt|100\/100\n|move|p2a: Volcanion|Flamethrower|p1a: Dracozolt\n|-resisted|p1a: Dracozolt\n|-damage|p1a: Dracozolt|61\/100\n|\n|-heal|p1a: Dracozolt|67\/100|[from] Grassy Terrain\n|-heal|p2a: Volcanion|67\/100|[from] Grassy Terrain\n|-heal|p2a: Volcanion|73\/100|[from] item: Leftovers\n|upkeep\n|turn|8\n|\n|t:|1700817984\n|move|p1a: Dracozolt|Stomping Tantrum|p2a: Volcanion\n|-supereffective|p2a: Volcanion\n|-damage|p2a: Volcanion|29\/100\n|move|p2a: Volcanion|Earth Power|p1a: Dracozolt\n|-supereffective|p1a: Dracozolt\n|-damage|p1a: Dracozolt|0 fnt\n|faint|p1a: Dracozolt\n|\n|-heal|p2a: Volcanion|35\/100|[from] Grassy Terrain\n|-heal|p2a: Volcanion|42\/100|[from] item: Leftovers\n|upkeep\n|\n|t:|1700817991\n|switch|p1a: Kartana|Kartana|100\/100\n|turn|9\n|\n|t:|1700818008\n|-terastallize|p2a: Volcanion|Fire\n|move|p1a: Kartana|Leaf Blade|p2a: Volcanion\n|-resisted|p2a: Volcanion\n|-damage|p2a: Volcanion|5\/100\n|move|p2a: Volcanion|Flamethrower|p1a: Kartana\n|-supereffective|p1a: Kartana\n|-damage|p1a: Kartana|0 fnt\n|faint|p1a: Kartana\n|\n|-heal|p2a: Volcanion|12\/100|[from] Grassy Terrain\n|-heal|p2a: Volcanion|18\/100|[from] item: Leftovers\n|upkeep\n|inactive|srysrysry has 120 seconds left.\n|\n|t:|1700818023\n|switch|p1a: Rillaboom|Rillaboom, M|100\/100\n|turn|10\n|inactive|srysrysry has 120 seconds left.\n|\n|t:|1700818029\n|switch|p2a: Zapdos|Zapdos|100\/100\n|move|p1a: Rillaboom|Wood Hammer|p2a: Zapdos\n|-resisted|p2a: Zapdos\n|-damage|p2a: Zapdos|24\/100\n|-damage|p1a: Rillaboom|77\/100|[from] Recoil\n|\n|-heal|p1a: Rillaboom|83\/100|[from] Grassy Terrain\n|-fieldend|move: Grassy Terrain\n|upkeep\n|turn|11\n|inactive|srysrysry has 120 seconds left.\n|\n|t:|1700818044\n|-zpower|p2a: Zapdos\n|move|p2a: Zapdos|Supersonic Skystrike|p1a: Rillaboom|[zeffect]\n|-supereffective|p1a: Rillaboom\n|-damage|p1a: Rillaboom|0 fnt\n|faint|p1a: Rillaboom\n|\n|upkeep\n|\n|t:|1700818048\n|switch|p1a: Weavile|Weavile, M|100\/100\n|turn|12\n|\n|t:|1700818060\n|move|p1a: Weavile|Icicle Crash|p2a: Zapdos\n|-supereffective|p2a: Zapdos\n|-damage|p2a: Zapdos|0 fnt\n|faint|p2a: Zapdos\n|\n|upkeep\n|\n|t:|1700818065\n|switch|p2a: Rillaboom|Rillaboom, F|87\/100\n|-fieldstart|move: Grassy Terrain|[from] ability: Grassy Surge|[of] p2a: Rillaboom\n|turn|13\n|\n|t:|1700818072\n|-terastallize|p1a: Weavile|Ice\n|move|p1a: Weavile|Ice Shard|p2a: Rillaboom\n|-supereffective|p2a: Rillaboom\n|-damage|p2a: Rillaboom|35\/100\n|move|p2a: Rillaboom|Grassy Glide|p1a: Weavile\n|-damage|p1a: Weavile|39\/100\n|\n|-heal|p1a: Weavile|45\/100|[from] Grassy Terrain\n|-heal|p2a: Rillaboom|41\/100|[from] Grassy Terrain\n|upkeep\n|turn|14\n|\n|t:|1700818080\n|move|p1a: Weavile|Ice Shard|p2a: Rillaboom\n|-supereffective|p2a: Rillaboom\n|-damage|p2a: Rillaboom|0 fnt\n|faint|p2a: Rillaboom\n|\n|-heal|p1a: Weavile|51\/100|[from] Grassy Terrain\n|upkeep\n|\n|t:|1700818084\n|switch|p2a: Volcanion|Volcanion, tera:Fire|18\/100\n|turn|15\n|\n|t:|1700818088\n|move|p1a: Weavile|Knock Off|p2a: Volcanion\n|-damage|p2a: Volcanion|0 fnt\n|-enditem|p2a: Volcanion|Leftovers|[from] move: Knock Off|[of] p1a: Weavile\n|faint|p2a: Volcanion\n|\n|-heal|p1a: Weavile|57\/100|[from] Grassy Terrain\n|upkeep\n|\n|t:|1700818090\n|switch|p2a: Sneasler|Sneasler, M|83\/100\n|turn|16\n|\n|t:|1700818098\n|move|p1a: Weavile|Icicle Crash|p2a: Sneasler|[miss]\n|-miss|p1a: Weavile|p2a: Sneasler\n|move|p2a: Sneasler|Close Combat|p1a: Weavile\n|-supereffective|p1a: Weavile\n|-damage|p1a: Weavile|0 fnt\n|-unboost|p2a: Sneasler|def|1\n|-unboost|p2a: Sneasler|spd|1\n|faint|p1a: Weavile\n|\n|win|shenxia\n|raw|srysrysry's rating: 1315 &rarr; <strong>1298<\/strong><br \/>(-17 for losing)\n|raw|shenxia's rating: 1373 &rarr; <strong>1390<\/strong><br \/>(+17 for winning)\n|c|\u2606shenxia|gg\n|l|\u2606shenxia\n|l|\u2606srysrysry\n|l| BullyLowLadderKid\n|j| BullyLowLadderKid\n","uploadtime":1700818135,"views":8,"p1id":"srysrysry","p2id":"shenxia","formatid":"gen9nationaldex","rating":1298,"private":0,"password":""}