{"id":"gen9nationaldex-1989261231","p1":"KotokoPrincess","p2":"TheBattleBard","format":"[Gen 9] National Dex","log":"|j|\u2606KotokoPrincess\n|j|\u2606TheBattleBard\n|t:|1699829190\n|gametype|singles\n|player|p1|KotokoPrincess|hilda|1206\n|player|p2|TheBattleBard|petrel|1234\n|teamsize|p1|6\n|teamsize|p2|6\n|gen|9\n|tier|[Gen 9] National Dex\n|rated|\n|rule|HP Percentage Mod: HP is shown in percentages\n|rule|Endless Battle Clause: Forcing endless battles is banned\n|rule|OHKO Clause: OHKO moves are banned\n|rule|Evasion Clause: Evasion abilities, items, and moves are banned\n|rule|Evasion Abilities Clause: Evasion abilities are banned\n|rule|Evasion Items Clause: Evasion items are banned\n|rule|Evasion Moves Clause: Evasion moves are banned\n|rule|Species Clause: Limit one of each Pok\u00e9mon\n|rule|Sleep Clause Mod: Limit one foe put to sleep\n|clearpoke\n|poke|p1|Raichu-Alola, M|\n|poke|p1|Tapu Koko|\n|poke|p1|Iron Leaves|\n|poke|p1|Hawlucha, M|\n|poke|p1|Kartana|\n|poke|p1|Mawile, F|\n|poke|p2|Chatot, M|\n|poke|p2|Kricketune, M|\n|poke|p2|Simisear, M|\n|poke|p2|Vanilluxe, M|\n|poke|p2|Rampardos, M|\n|poke|p2|Bastiodon, M|\n|teampreview\n|inactive|Battle timer is ON: inactive players will automatically lose when time's up. (requested by KotokoPrincess)\n|\n|t:|1699829217\n|start\n|switch|p1a: Tapu Koko|Tapu Koko|100\/100\n|switch|p2a: Brook|Kricketune, M|100\/100\n|-fieldstart|move: Electric Terrain|[from] ability: Electric Surge|[of] p1a: Tapu Koko\n|turn|1\n|\n|t:|1699829241\n|move|p1a: Tapu Koko|Volt Switch|p2a: Brook\n|-damage|p2a: Brook|24\/100\n|\n|t:|1699829245\n|switch|p1a: Hawlucha|Hawlucha, M|100\/100|[from] Volt Switch\n|-enditem|p1a: Hawlucha|Electric Seed\n|-boost|p1a: Hawlucha|def|1|[from] item: Electric Seed\n|move|p2a: Brook|Pounce|p1a: Hawlucha\n|-resisted|p1a: Hawlucha\n|-damage|p1a: Hawlucha|94\/100\n|-unboost|p1a: Hawlucha|spe|1\n|\n|upkeep\n|turn|2\n|\n|t:|1699829251\n|move|p1a: Hawlucha|Acrobatics|p2a: Brook\n|-supereffective|p2a: Brook\n|-damage|p2a: Brook|0 fnt\n|faint|p2a: Brook\n|\n|upkeep\n|\n|t:|1699829258\n|switch|p2a: Old iron face|Bastiodon, M|100\/100\n|turn|3\n|\n|t:|1699829262\n|move|p1a: Hawlucha|Close Combat|p2a: Old iron face\n|-supereffective|p2a: Old iron face\n|-ability|p2a: Old iron face|Sturdy\n|-damage|p2a: Old iron face|1\/100\n|-unboost|p1a: Hawlucha|def|1\n|-unboost|p1a: Hawlucha|spd|1\n|move|p2a: Old iron face|Metal Burst|p1a: Hawlucha\n|-damage|p1a: Hawlucha|0 fnt\n|faint|p1a: Hawlucha\n|\n|upkeep\n|\n|t:|1699829276\n|switch|p1a: Kartana|Kartana|100\/100\n|turn|4\n|-enditem|p2a: Old iron face|Custap Berry|[eat]\n|-activate|p2a: Old iron face|item: Custap Berry|[consumed]\n|\n|t:|1699829282\n|move|p2a: Old iron face|Rock Tomb|p1a: Kartana\n|-resisted|p1a: Kartana\n|-damage|p1a: Kartana|90\/100\n|-unboost|p1a: Kartana|spe|1\n|move|p1a: Kartana|Sacred Sword|p2a: Old iron face\n|-supereffective|p2a: Old iron face\n|-damage|p2a: Old iron face|0 fnt\n|faint|p2a: Old iron face\n|-ability|p1a: Kartana|Beast Boost|boost\n|-boost|p1a: Kartana|atk|1\n|\n|upkeep\n|\n|t:|1699829286\n|switch|p2a: Rengoku|Simisear, M|100\/100\n|turn|5\n|\n|t:|1699829316\n|switch|p1a: Raichu|Raichu-Alola, M|100\/100\n|move|p2a: Rengoku|Flamethrower|p1a: Raichu\n|-damage|p1a: Raichu|12\/100\n|\n|upkeep\n|turn|6\n|\n|t:|1699829320\n|switch|p2a: Isaac|Vanilluxe, M|100\/100\n|-weather|Snow|[from] ability: Snow Warning|[of] p2a: Isaac\n|move|p1a: Raichu|Rising Voltage|p2a: Isaac\n|-hint|Rising Voltage's BP doubled on grounded target.\n|-damage|p2a: Isaac|43\/100\n|-damage|p1a: Raichu|2\/100|[from] item: Life Orb\n|\n|-weather|Snow|[upkeep]\n|upkeep\n|turn|7\n|\n|t:|1699829325\n|move|p2a: Isaac|Ice Shard|p1a: Raichu\n|-damage|p1a: Raichu|0 fnt\n|faint|p1a: Raichu\n|\n|-weather|Snow|[upkeep]\n|upkeep\n|\n|t:|1699829332\n|switch|p1a: Kartana|Kartana|90\/100\n|turn|8\n|\n|t:|1699829336\n|-zpower|p1a: Kartana\n|move|p1a: Kartana|Z-Swords Dance|p1a: Kartana|[anim]Swords Dance\n|-clearnegativeboost|p1a: Kartana|[zeffect]\n|-boost|p1a: Kartana|atk|2\n|move|p2a: Isaac|Blizzard|p1a: Kartana\n|-damage|p1a: Kartana|0 fnt\n|faint|p1a: Kartana\n|\n|-weather|Snow|[upkeep]\n|-fieldend|move: Electric Terrain\n|upkeep\n|\n|t:|1699829355\n|switch|p1a: Mawile|Mawile, F, shiny|100\/100\n|-ability|p1a: Mawile|Intimidate|boost\n|-unboost|p2a: Isaac|atk|1\n|turn|9\n|\n|t:|1699829364\n|switch|p2a: Present mic|Chatot, M|100\/100\n|detailschange|p1a: Mawile|Mawile-Mega, F, shiny\n|-mega|p1a: Mawile|Mawile|Mawilite\n|move|p1a: Mawile|Play Rough|p2a: Present mic\n|-crit|p2a: Present mic\n|-damage|p2a: Present mic|0 fnt\n|faint|p2a: Present mic\n|\n|-weather|Snow|[upkeep]\n|upkeep\n|\n|t:|1699829366\n|switch|p2a: Rengoku|Simisear, M|100\/100\n|turn|10\n|\n|t:|1699829389\n|switch|p1a: Tapu Koko|Tapu Koko|100\/100\n|-fieldstart|move: Electric Terrain|[from] ability: Electric Surge|[of] p1a: Tapu Koko\n|-terastallize|p2a: Rengoku|Fire\n|move|p2a: Rengoku|Flamethrower|p1a: Tapu Koko\n|-damage|p1a: Tapu Koko|0 fnt\n|faint|p1a: Tapu Koko\n|\n|-weather|none\n|upkeep\n|\n|t:|1699829393\n|switch|p1a: Iron Leaves|Iron Leaves|100\/100\n|-activate|p1a: Iron Leaves|ability: Quark Drive\n|-start|p1a: Iron Leaves|quarkdriveatk\n|turn|11\n|\n|t:|1699829401\n|-terastallize|p1a: Iron Leaves|Electric\n|move|p1a: Iron Leaves|Wild Charge|p2a: Rengoku\n|-damage|p2a: Rengoku|0 fnt\n|faint|p2a: Rengoku\n|-damage|p1a: Iron Leaves|78\/100|[from] Recoil\n|\n|upkeep\n|\n|t:|1699829409\n|switch|p2a: Isaac|Vanilluxe, M|43\/100\n|-weather|Snow|[from] ability: Snow Warning|[of] p2a: Isaac\n|turn|12\n|\n|t:|1699829418\n|move|p1a: Iron Leaves|Psyblade|p2a: Isaac\n|-damage|p2a: Isaac|0 fnt\n|faint|p2a: Isaac\n|\n|-weather|Snow|[upkeep]\n|upkeep\n|\n|t:|1699829423\n|switch|p2a: Headstrong|Rampardos, M|100\/100\n|-ability|p2a: Headstrong|Mold Breaker\n|turn|13\n|\n|t:|1699829427\n|move|p2a: Headstrong|Earthquake|p1a: Iron Leaves\n|-supereffective|p1a: Iron Leaves\n|-damage|p1a: Iron Leaves|0 fnt\n|faint|p1a: Iron Leaves\n|-end|p1a: Iron Leaves|Quark Drive|[silent]\n|\n|-weather|Snow|[upkeep]\n|upkeep\n|\n|t:|1699829430\n|switch|p1a: Mawile|Mawile-Mega, F, shiny|100\/100\n|turn|14\n|c|\u2606KotokoPrincess|GG\n|\n|t:|1699829436\n|move|p2a: Headstrong|Earthquake|p1a: Mawile\n|-supereffective|p1a: Mawile\n|-damage|p1a: Mawile|12\/100\n|move|p1a: Mawile|Play Rough|p2a: Headstrong\n|-crit|p2a: Headstrong\n|-damage|p2a: Headstrong|0 fnt\n|faint|p2a: Headstrong\n|\n|win|KotokoPrincess\n|raw|KotokoPrincess's rating: 1206 &rarr; <strong>1233<\/strong><br \/>(+27 for winning)\n|raw|TheBattleBard's rating: 1234 &rarr; <strong>1207<\/strong><br \/>(-27 for losing)\n|c|\u2606KotokoPrincess|Oh wow\n|c|\u2606KotokoPrincess|I thought I lost\n|l|\u2606TheBattleBard\n","uploadtime":1699829461,"views":5,"p1id":"kotokoprincess","p2id":"thebattlebard","formatid":"gen9nationaldex","rating":1207,"private":0,"password":""}