{"id":"gen9nationaldex-1989190649","p1":"Torigami2013","p2":"JesusPizzaCrusher","format":"[Gen 9] National Dex","log":"|j|\u2606Torigami2013\n|j|\u2606JesusPizzaCrusher\n|t:|1699821729\n|gametype|singles\n|player|p1|Torigami2013|volkner|\n|player|p2|JesusPizzaCrusher|hugh|\n|teamsize|p1|6\n|teamsize|p2|6\n|gen|9\n|tier|[Gen 9] National Dex\n|rule|HP Percentage Mod: HP is shown in percentages\n|rule|Endless Battle Clause: Forcing endless battles is banned\n|rule|OHKO Clause: OHKO moves are banned\n|rule|Evasion Clause: Evasion abilities, items, and moves are banned\n|rule|Evasion Abilities Clause: Evasion abilities are banned\n|rule|Evasion Items Clause: Evasion items are banned\n|rule|Evasion Moves Clause: Evasion moves are banned\n|rule|Species Clause: Limit one of each Pok\u00e9mon\n|rule|Sleep Clause Mod: Limit one foe put to sleep\n|clearpoke\n|poke|p1|Garchomp, M|\n|poke|p1|Torterra, M|\n|poke|p1|Clodsire, M|\n|poke|p1|Mudsdale, M|\n|poke|p1|Swampert, M|\n|poke|p1|Golurk|\n|poke|p2|Scizor, F|\n|poke|p2|Volcarona, F|\n|poke|p2|Pinsir, F|\n|poke|p2|Lokix, F|\n|poke|p2|Galvantula, F|\n|poke|p2|Araquanid, F|\n|teampreview\n|\n|t:|1699821746\n|start\n|switch|p1a: Dogaeen|Golurk|100\/100\n|switch|p2a: Galvantula|Galvantula, F, shiny|100\/100\n|turn|1\n|\n|t:|1699821755\n|move|p2a: Galvantula|Sticky Web|p1a: Dogaeen\n|-sidestart|p1: Torigami2013|move: Sticky Web\n|move|p1a: Dogaeen|Heat Crash|p2a: Galvantula\n|-supereffective|p2a: Galvantula\n|-enditem|p2a: Galvantula|Focus Sash\n|-damage|p2a: Galvantula|1\/100\n|\n|upkeep\n|turn|2\n|\n|t:|1699821764\n|move|p2a: Galvantula|Hidden Power|p1a: Dogaeen\n|-supereffective|p1a: Dogaeen\n|-damage|p1a: Dogaeen|57\/100\n|move|p1a: Dogaeen|Ice Punch|p2a: Galvantula\n|-damage|p2a: Galvantula|0 fnt\n|faint|p2a: Galvantula\n|\n|upkeep\n|\n|t:|1699821776\n|switch|p2a: Araquanid|Araquanid, F, shiny|100\/100\n|turn|3\n|\n|t:|1699821784\n|move|p1a: Dogaeen|Shadow Punch|p2a: Araquanid\n|-damage|p2a: Araquanid|61\/100\n|move|p2a: Araquanid|Iron Defense|p2a: Araquanid\n|-boost|p2a: Araquanid|def|2\n|\n|upkeep\n|turn|4\n|\n|t:|1699821800\n|move|p1a: Dogaeen|Darkest Lariat|p2a: Araquanid\n|-damage|p2a: Araquanid|29\/100\n|move|p2a: Araquanid|Iron Defense|p2a: Araquanid\n|-boost|p2a: Araquanid|def|2\n|\n|upkeep\n|turn|5\n|\n|t:|1699821814\n|move|p1a: Dogaeen|Ice Punch|p2a: Araquanid\n|-resisted|p2a: Araquanid\n|-damage|p2a: Araquanid|23\/100\n|move|p2a: Araquanid|Rest|p2a: Araquanid\n|-status|p2a: Araquanid|slp|[from] move: Rest\n|-heal|p2a: Araquanid|100\/100 slp|[silent]\n|\n|upkeep\n|turn|6\n|\n|t:|1699821825\n|switch|p1a: Terreneitor|Torterra, M|100\/100\n|-activate|p1a: Terreneitor|move: Sticky Web\n|-unboost|p1a: Terreneitor|spe|1\n|-enditem|p1a: Terreneitor|White Herb\n|-clearnegativeboost|p1a: Terreneitor|[silent]\n|cant|p2a: Araquanid|slp\n|\n|upkeep\n|turn|7\n|j| Jor99fran\n|c| Jor99fran|hola\n|c|\u2606JesusPizzaCrusher|hola\n|\n|t:|1699821837\n|move|p1a: Terreneitor|Shell Smash|p1a: Terreneitor\n|-unboost|p1a: Terreneitor|def|1\n|-unboost|p1a: Terreneitor|spd|1\n|-boost|p1a: Terreneitor|atk|2\n|-boost|p1a: Terreneitor|spa|2\n|-boost|p1a: Terreneitor|spe|2\n|cant|p2a: Araquanid|slp\n|\n|upkeep\n|turn|8\n|j| Azu_CriticalXD\n|c|\u2606JesusPizzaCrusher|AY NO\n|c| Azu_CriticalXD|toy\n|c| Jor99fran|ya viene azu\n|c| Jor99fran|XD\n|c|\u2606JesusPizzaCrusher|ARAQUANID DESPIERTAAAAAAA\n|c| Azu_CriticalXD|xd\n|\n|t:|1699821852\n|move|p1a: Terreneitor|Seed Bomb|p2a: Araquanid\n|-damage|p2a: Araquanid|71\/100 slp\n|-curestatus|p2a: Araquanid|slp|[msg]\n|move|p2a: Araquanid|Liquidation|p1a: Terreneitor\n|-damage|p1a: Terreneitor|28\/100\n|\n|upkeep\n|turn|9\n|\n|t:|1699821862\n|move|p1a: Terreneitor|Body Slam|p2a: Araquanid\n|-damage|p2a: Araquanid|54\/100\n|move|p2a: Araquanid|Liquidation|p1a: Terreneitor\n|-damage|p1a: Terreneitor|0 fnt\n|faint|p1a: Terreneitor\n|\n|upkeep\n|\n|t:|1699821869\n|switch|p1a: Froggi|Swampert, M|100\/100\n|-activate|p1a: Froggi|move: Sticky Web\n|-unboost|p1a: Froggi|spe|1\n|turn|10\n|c|\u2606JesusPizzaCrusher|le cambie el moveset un poco\n|c| Azu_CriticalXD|a veces se me relentisa el showdom no c a que se debe\n|c|\u2606JesusPizzaCrusher|crunch no le servia\n|c| Azu_CriticalXD|nunca me habia pasado\n|\n|t:|1699821895\n|detailschange|p1a: Froggi|Swampert-Mega, M\n|-mega|p1a: Froggi|Swampert|Swampertite\n|move|p1a: Froggi|Ancient Power|p2a: Araquanid\n|-supereffective|p2a: Araquanid\n|-damage|p2a: Araquanid|23\/100\n|move|p2a: Araquanid|Liquidation|p1a: Froggi\n|-damage|p1a: Froggi|39\/100\n|\n|upkeep\n|turn|11\n|\n|t:|1699821906\n|move|p1a: Froggi|Ancient Power|p2a: Araquanid\n|-supereffective|p2a: Araquanid\n|-damage|p2a: Araquanid|0 fnt\n|faint|p2a: Araquanid\n|\n|upkeep\n|c| Jor99fran|definitivamente a oxxo se le fue la luz\n|c| Jor99fran|XD\n|c|\u2606JesusPizzaCrusher|F\n|c| Azu_CriticalXD|f\n|\n|t:|1699821932\n|switch|p2a: Scizor|Scizor, F|100\/100\n|turn|12\n|\n|t:|1699821944\n|move|p2a: Scizor|Swords Dance|p2a: Scizor\n|-boost|p2a: Scizor|atk|2\n|move|p1a: Froggi|Earth Power|p2a: Scizor\n|-damage|p2a: Scizor|52\/100\n|\n|-heal|p2a: Scizor|59\/100|[from] item: Leftovers\n|upkeep\n|turn|13\n|c| Jor99fran|tori\n|c| Jor99fran|no hemos luchado antes?\n|\n|t:|1699821961\n|-terastallize|p2a: Scizor|Flying\n|move|p2a: Scizor|Dual Wingbeat|p1a: Froggi\n|-damage|p1a: Froggi|0 fnt\n|faint|p1a: Froggi\n|-hitcount|p1: Froggi|1\n|\n|-heal|p2a: Scizor|65\/100|[from] item: Leftovers\n|upkeep\n|\n|t:|1699822005\n|switch|p1a: Perchero el Toro|Mudsdale, M, shiny|100\/100\n|-activate|p1a: Perchero el Toro|move: Sticky Web\n|-unboost|p1a: Perchero el Toro|spe|1\n|turn|14\n|\n|t:|1699822013\n|move|p2a: Scizor|Dual Wingbeat|p1a: Perchero el Toro|[miss]\n|-miss|p2a: Scizor|p1a: Perchero el Toro\n|move|p1a: Perchero el Toro|Smack Down|p2a: Scizor\n|-supereffective|p2a: Scizor\n|-damage|p2a: Scizor|34\/100\n|-start|p2a: Scizor|Smack Down\n|\n|-heal|p2a: Scizor|40\/100|[from] item: Leftovers\n|upkeep\n|turn|15\n|c|\u2606JesusPizzaCrusher|A\n|\n|t:|1699822029\n|move|p2a: Scizor|Roost|p2a: Scizor\n|-heal|p2a: Scizor|91\/100\n|-hint|If a Flying Terastallized Pokemon uses Roost, it remains Flying-type.\n|move|p1a: Perchero el Toro|Revenge|p2a: Scizor\n|-resisted|p2a: Scizor\n|-damage|p2a: Scizor|81\/100\n|\n|-heal|p2a: Scizor|87\/100|[from] item: Leftovers\n|upkeep\n|turn|16\n|\n|t:|1699822037\n|move|p2a: Scizor|Dual Wingbeat|p1a: Perchero el Toro\n|-damage|p1a: Perchero el Toro|45\/100\n|-ability|p1a: Perchero el Toro|Stamina|boost\n|-boost|p1a: Perchero el Toro|def|1\n|-damage|p1a: Perchero el Toro|6\/100\n|-ability|p1a: Perchero el Toro|Stamina|boost\n|-boost|p1a: Perchero el Toro|def|1\n|-hitcount|p1a: Perchero el Toro|2\n|move|p1a: Perchero el Toro|Smack Down|p2a: Scizor\n|-supereffective|p2a: Scizor\n|-damage|p2a: Scizor|56\/100\n|\n|-heal|p2a: Scizor|63\/100|[from] item: Leftovers\n|upkeep\n|turn|17\n|\n|t:|1699822050\n|move|p2a: Scizor|Bullet Punch|p1a: Perchero el Toro\n|-damage|p1a: Perchero el Toro|0 fnt\n|faint|p1a: Perchero el Toro\n|\n|-heal|p2a: Scizor|69\/100|[from] item: Leftovers\n|upkeep\n|c|\u2606JesusPizzaCrusher|todo un grande scizor\n|c| Azu_CriticalXD|si\n|\n|t:|1699822095\n|switch|p1a: Dogaeen|Golurk|57\/100\n|-activate|p1a: Dogaeen|move: Sticky Web\n|-unboost|p1a: Dogaeen|spe|1\n|turn|18\n|\n|t:|1699822109\n|move|p2a: Scizor|Dual Wingbeat|p1a: Dogaeen\n|-damage|p1a: Dogaeen|0 fnt\n|faint|p1a: Dogaeen\n|-hitcount|p1: Dogaeen|1\n|\n|-heal|p2a: Scizor|75\/100|[from] item: Leftovers\n|upkeep\n|\n|t:|1699822115\n|switch|p1a: \u00d1am \u00d1am \u00d1am|Clodsire, M|100\/100\n|-activate|p1a: \u00d1am \u00d1am \u00d1am|move: Sticky Web\n|-unboost|p1a: \u00d1am \u00d1am \u00d1am|spe|1\n|turn|19\n|c| Jor99fran|si\n|c| Jor99fran|pelie contigo antes\n|c| Jor99fran|no olvido a \u00f1am \u00f1am\n|c|\u2606JesusPizzaCrusher|ni a pinsir\n|\n|t:|1699822149\n|move|p2a: Scizor|Dual Wingbeat|p1a: \u00d1am \u00d1am \u00d1am\n|-damage|p1a: \u00d1am \u00d1am \u00d1am|64\/100\n|-damage|p1a: \u00d1am \u00d1am \u00d1am|29\/100\n|-hitcount|p1a: \u00d1am \u00d1am \u00d1am|2\n|move|p1a: \u00d1am \u00d1am \u00d1am|Body Slam|p2a: Scizor\n|-damage|p2a: Scizor|57\/100\n|-status|p2a: Scizor|par\n|\n|-heal|p2a: Scizor|63\/100 par|[from] item: Leftovers\n|-heal|p1a: \u00d1am \u00d1am \u00d1am|35\/100|[from] item: Leftovers\n|upkeep\n|turn|20\n|c|\u2606JesusPizzaCrusher|scizor, mi pajaro favorito\n|j| endmy\n|\n|t:|1699822160\n|move|p2a: Scizor|Dual Wingbeat|p1a: \u00d1am \u00d1am \u00d1am\n|-damage|p1a: \u00d1am \u00d1am \u00d1am|3\/100\n|-damage|p1a: \u00d1am \u00d1am \u00d1am|0 fnt\n|faint|p1a: \u00d1am \u00d1am \u00d1am\n|-hitcount|p1: \u00d1am \u00d1am \u00d1am|2\n|\n|-heal|p2a: Scizor|69\/100 par|[from] item: Leftovers\n|upkeep\n|\n|t:|1699822167\n|switch|p1a: Gami|Garchomp, M|100\/100\n|-activate|p1a: Gami|move: Sticky Web\n|-unboost|p1a: Gami|spe|1\n|turn|21\n|\n|t:|1699822177\n|move|p1a: Gami|Swords Dance|p1a: Gami\n|-boost|p1a: Gami|atk|2\n|move|p2a: Scizor|Dual Wingbeat|p1a: Gami\n|-damage|p1a: Gami|37\/100\n|-damage|p2a: Scizor|57\/100 par|[from] ability: Rough Skin|[of] p1a: Gami\n|-damage|p1a: Gami|0 fnt\n|-damage|p2a: Scizor|45\/100 par|[from] ability: Rough Skin|[of] p1a: Gami\n|faint|p1a: Gami\n|-hitcount|p1: Gami|2\n|\n|win|JesusPizzaCrusher\n|c|\u2606JesusPizzaCrusher|good game\n|c|\u2606JesusPizzaCrusher|buen equipo\n|l| endmy\n","uploadtime":1699822198,"views":10,"p1id":"torigami2013","p2id":"jesuspizzacrusher","formatid":"gen9nationaldex","rating":0,"private":0,"password":""}