{"id":"gen9nationaldex-1998524282","p1":"Purplecoco","p2":"Xero Dracohart","format":"[Gen 9] National Dex","log":"|html|<div class=\"broadcast-blue\"><strong>[Gen 9] National Dex is currently suspecting Sneasler! For information on how to participate check out the <a href=\"https:\/\/www.smogon.com\/forums\/threads\/sv-national-dex-suspect-8-just-dance.3731534\/\">suspect thread<\/a>.<\/strong><\/div>\n|j|\u2606Purplecoco\n|j|\u2606Xero Dracohart\n|t:|1700952129\n|gametype|singles\n|player|p1|Purplecoco|will|1096\n|player|p2|Xero Dracohart|ingo|1088\n|teamsize|p1|6\n|teamsize|p2|6\n|gen|9\n|tier|[Gen 9] National Dex\n|rated|\n|rule|HP Percentage Mod: HP is shown in percentages\n|rule|Endless Battle Clause: Forcing endless battles is banned\n|rule|OHKO Clause: OHKO moves are banned\n|rule|Evasion Clause: Evasion abilities, items, and moves are banned\n|rule|Evasion Abilities Clause: Evasion abilities are banned\n|rule|Evasion Items Clause: Evasion items are banned\n|rule|Evasion Moves Clause: Evasion moves are banned\n|rule|Species Clause: Limit one of each Pok\u00e9mon\n|rule|Sleep Clause Mod: Limit one foe put to sleep\n|clearpoke\n|poke|p1|Whimsicott, M|\n|poke|p1|Gliscor, F|\n|poke|p1|Araquanid, F|\n|poke|p1|Urshifu-*, F|\n|poke|p1|Victini|\n|poke|p1|Slowbro, F|\n|poke|p2|Primarina, F|\n|poke|p2|Tapu Koko|\n|poke|p2|Absol, F|\n|poke|p2|Regice|\n|poke|p2|Reuniclus, M|\n|poke|p2|Togekiss, F|\n|teampreview\n|\n|t:|1700952150\n|start\n|switch|p1a: Gliscor|Gliscor, F|100\/100\n|switch|p2a: Togekiss|Togekiss, F|100\/100\n|turn|1\n|\n|t:|1700952158\n|switch|p2a: Reuniclus|Reuniclus, M|100\/100\n|move|p1a: Gliscor|Toxic|p2a: Reuniclus|[miss]\n|-miss|p1a: Gliscor|p2a: Reuniclus\n|\n|-status|p1a: Gliscor|tox|[from] item: Toxic Orb\n|upkeep\n|turn|2\n|\n|t:|1700952163\n|move|p1a: Gliscor|Knock Off|p2a: Reuniclus\n|-supereffective|p2a: Reuniclus\n|-damage|p2a: Reuniclus|62\/100\n|-enditem|p2a: Reuniclus|Leftovers|[from] move: Knock Off|[of] p1a: Gliscor\n|move|p2a: Reuniclus|Calm Mind|p2a: Reuniclus\n|-boost|p2a: Reuniclus|spa|1\n|-boost|p2a: Reuniclus|spd|1\n|\n|upkeep\n|turn|3\n|\n|t:|1700952175\n|switch|p1a: Urshifu|Urshifu-Rapid-Strike, F|100\/100\n|move|p2a: Reuniclus|Recover|p2a: Reuniclus\n|-heal|p2a: Reuniclus|100\/100\n|\n|upkeep\n|turn|4\n|\n|t:|1700952180\n|move|p1a: Urshifu|U-turn|p2a: Reuniclus\n|-supereffective|p2a: Reuniclus\n|-damage|p2a: Reuniclus|38\/100\n|\n|t:|1700952182\n|switch|p1a: Victini|Victini|100\/100|[from] U-turn\n|move|p2a: Reuniclus|Psychic|p1a: Victini\n|-resisted|p1a: Victini\n|-damage|p1a: Victini|68\/100\n|\n|upkeep\n|turn|5\n|\n|t:|1700952187\n|move|p1a: Victini|U-turn|p2a: Reuniclus\n|-supereffective|p2a: Reuniclus\n|-damage|p2a: Reuniclus|0 fnt\n|faint|p2a: Reuniclus\n|\n|t:|1700952193\n|switch|p1a: Gliscor|Gliscor, F|100\/100 tox|[from] U-turn\n|\n|upkeep\n|l|\u2606Xero Dracohart\n|player|p2|\n|j|\u2606Xero Dracohart\n|player|p2|Xero Dracohart|ingo\n|\n|t:|1700952224\n|switch|p2a: Regice|Regice|100\/100\n|turn|6\n|\n|t:|1700952232\n|switch|p1a: Victini|Victini|68\/100\n|move|p2a: Regice|Ice Beam|p1a: Victini\n|-resisted|p1a: Victini\n|-damage|p1a: Victini|47\/100\n|\n|upkeep\n|turn|7\n|\n|t:|1700952240\n|switch|p2a: Primarina|Primarina, F|100\/100\n|move|p1a: Victini|V-create|p2a: Primarina\n|-resisted|p2a: Primarina\n|-damage|p2a: Primarina|50\/100\n|-unboost|p1a: Victini|spe|1\n|-unboost|p1a: Victini|def|1\n|-unboost|p1a: Victini|spd|1\n|\n|upkeep\n|turn|8\n|\n|t:|1700952250\n|switch|p1a: Slowbro|Slowbro, F|100\/100\n|move|p2a: Primarina|Hyper Voice|p1a: Slowbro\n|-resisted|p1a: Slowbro\n|-damage|p1a: Slowbro|78\/100\n|\n|upkeep\n|turn|9\n|\n|t:|1700952255\n|switch|p2a: Regice|Regice|100\/100\n|move|p1a: Slowbro|Calm Mind|p1a: Slowbro\n|-boost|p1a: Slowbro|spa|1\n|-boost|p1a: Slowbro|spd|1\n|\n|upkeep\n|turn|10\n|\n|t:|1700952262\n|detailschange|p1a: Slowbro|Slowbro-Mega, F\n|-mega|p1a: Slowbro|Slowbro|Slowbronite\n|move|p2a: Regice|Charge Beam|p1a: Slowbro\n|-supereffective|p1a: Slowbro\n|-damage|p1a: Slowbro|57\/100\n|-boost|p2a: Regice|spa|1\n|move|p1a: Slowbro|Calm Mind|p1a: Slowbro\n|-boost|p1a: Slowbro|spa|1\n|-boost|p1a: Slowbro|spd|1\n|\n|upkeep\n|turn|11\n|\n|t:|1700952270\n|move|p2a: Regice|Charge Beam|p1a: Slowbro\n|-supereffective|p1a: Slowbro\n|-damage|p1a: Slowbro|35\/100\n|-boost|p2a: Regice|spa|1\n|move|p1a: Slowbro|Future Sight|p2a: Regice\n|-start|p1a: Slowbro|move: Future Sight\n|\n|upkeep\n|turn|12\n|\n|t:|1700952276\n|move|p2a: Regice|Charge Beam|p1a: Slowbro\n|-supereffective|p1a: Slowbro\n|-damage|p1a: Slowbro|5\/100\n|-boost|p2a: Regice|spa|1\n|move|p1a: Slowbro|Calm Mind|p1a: Slowbro\n|-boost|p1a: Slowbro|spa|1\n|-boost|p1a: Slowbro|spd|1\n|\n|upkeep\n|turn|13\n|\n|t:|1700952283\n|switch|p1a: Gliscor|Gliscor, F|100\/100 tox\n|move|p2a: Regice|Charge Beam|p1a: Gliscor\n|-immune|p1a: Gliscor\n|\n|-end|p2a: Regice|move: Future Sight\n|-damage|p2a: Regice|60\/100\n|upkeep\n|turn|14\n|\n|t:|1700952293\n|-terastallize|p1a: Gliscor|Steel\n|move|p1a: Gliscor|Toxic|p2a: Regice\n|-status|p2a: Regice|tox\n|move|p2a: Regice|Ice Beam|p1a: Gliscor\n|-resisted|p1a: Gliscor\n|-damage|p1a: Gliscor|52\/100 tox\n|\n|-heal|p1a: Gliscor|65\/100 tox|[from] ability: Poison Heal\n|-damage|p2a: Regice|54\/100 tox|[from] psn\n|upkeep\n|turn|15\n|\n|t:|1700952300\n|move|p1a: Gliscor|Protect|p1a: Gliscor\n|-singleturn|p1a: Gliscor|Protect\n|move|p2a: Regice|Ice Beam|p1a: Gliscor\n|-activate|p1a: Gliscor|move: Protect\n|\n|-heal|p1a: Gliscor|77\/100 tox|[from] ability: Poison Heal\n|-damage|p2a: Regice|42\/100 tox|[from] psn\n|upkeep\n|turn|16\n|\n|t:|1700952303\n|move|p1a: Gliscor|Knock Off|p2a: Regice\n|-damage|p2a: Regice|31\/100 tox\n|move|p2a: Regice|Focus Blast|p1a: Gliscor\n|-supereffective|p1a: Gliscor\n|-damage|p1a: Gliscor|0 fnt\n|faint|p1a: Gliscor\n|\n|-damage|p2a: Regice|13\/100 tox|[from] psn\n|upkeep\n|\n|t:|1700952308\n|switch|p1a: Victini|Victini|47\/100\n|turn|17\n|\n|t:|1700952311\n|move|p1a: Victini|U-turn|p2a: Regice\n|-damage|p2a: Regice|0 fnt\n|faint|p2a: Regice\n|\n|t:|1700952318\n|switch|p1a: Araquanid|Araquanid, F|100\/100|[from] U-turn\n|\n|upkeep\n|\n|t:|1700952321\n|switch|p2a: Togekiss|Togekiss, F|100\/100\n|turn|18\n|\n|t:|1700952330\n|move|p2a: Togekiss|Air Slash|p1a: Araquanid\n|-supereffective|p1a: Araquanid\n|-damage|p1a: Araquanid|50\/100\n|-zpower|p1a: Araquanid\n|move|p1a: Araquanid|Hydro Vortex|p2a: Togekiss|[zeffect]\n|-damage|p2a: Togekiss|15\/100\n|\n|upkeep\n|turn|19\n|\n|t:|1700952341\n|switch|p1a: Slowbro|Slowbro-Mega, F|5\/100\n|move|p2a: Togekiss|Air Slash|p1a: Slowbro|[miss]\n|-miss|p2a: Togekiss|p1a: Slowbro\n|\n|upkeep\n|turn|20\n|\n|t:|1700952344\n|move|p2a: Togekiss|Ancient Power|p1a: Slowbro\n|-damage|p1a: Slowbro|0 fnt\n|faint|p1a: Slowbro\n|\n|upkeep\n|\n|t:|1700952351\n|switch|p1a: Urshifu|Urshifu-Rapid-Strike, F|100\/100\n|turn|21\n|\n|t:|1700952358\n|switch|p2a: Primarina|Primarina, F|50\/100\n|move|p1a: Urshifu|U-turn|p2a: Primarina\n|-resisted|p2a: Primarina\n|-damage|p2a: Primarina|34\/100\n|\n|t:|1700952363\n|switch|p1a: Victini|Victini|47\/100|[from] U-turn\n|\n|upkeep\n|turn|22\n|\n|t:|1700952366\n|move|p1a: Victini|Bolt Strike|p2a: Primarina\n|-supereffective|p2a: Primarina\n|-damage|p2a: Primarina|0 fnt\n|faint|p2a: Primarina\n|\n|upkeep\n|\n|t:|1700952369\n|switch|p2a: Tapu Koko|Tapu Koko|100\/100\n|-fieldstart|move: Electric Terrain|[from] ability: Electric Surge|[of] p2a: Tapu Koko\n|turn|23\n|\n|t:|1700952378\n|switch|p1a: The Wonder Of You|Whimsicott, M|100\/100\n|move|p2a: Tapu Koko|Brave Bird|p1a: The Wonder Of You\n|-supereffective|p1a: The Wonder Of You\n|-damage|p1a: The Wonder Of You|0 fnt\n|faint|p1a: The Wonder Of You\n|-damage|p2a: Tapu Koko|63\/100|[from] Recoil\n|-damage|p2a: Tapu Koko|53\/100|[from] item: Life Orb\n|\n|upkeep\n|\n|t:|1700952389\n|switch|p1a: Urshifu|Urshifu-Rapid-Strike, F|100\/100\n|turn|24\n|\n|t:|1700952394\n|move|p2a: Tapu Koko|U-turn|p1a: Urshifu\n|-resisted|p1a: Urshifu\n|-damage|p1a: Urshifu|85\/100\n|-damage|p2a: Tapu Koko|43\/100|[from] item: Life Orb\n|\n|t:|1700952397\n|switch|p2a: Togekiss|Togekiss, F|15\/100|[from] U-turn\n|move|p1a: Urshifu|Surging Strikes|p2a: Togekiss\n|-crit|p2a: Togekiss\n|-damage|p2a: Togekiss|0 fnt\n|faint|p2a: Togekiss\n|-hitcount|p2: Togekiss|1\n|\n|upkeep\n|\n|t:|1700952403\n|switch|p2a: Absol|Absol, F|100\/100\n|-ability|p2a: Absol|Pressure\n|turn|25\n|\n|t:|1700952406\n|detailschange|p2a: Absol|Absol-Mega, F\n|-mega|p2a: Absol|Absol|Absolite\n|move|p2a: Absol|Play Rough|p1a: Urshifu\n|-supereffective|p1a: Urshifu\n|-damage|p1a: Urshifu|16\/100\n|move|p1a: Urshifu|Surging Strikes|p2a: Absol\n|-crit|p2a: Absol\n|-damage|p2a: Absol|46\/100\n|-crit|p2a: Absol\n|-damage|p2a: Absol|0 fnt\n|faint|p2a: Absol\n|-hitcount|p2: Absol|2\n|\n|upkeep\n|\n|t:|1700952410\n|switch|p2a: Tapu Koko|Tapu Koko|43\/100\n|turn|26\n|\n|t:|1700952415\n|move|p2a: Tapu Koko|Iron Head|p1a: Urshifu\n|-resisted|p1a: Urshifu\n|-damage|p1a: Urshifu|0 fnt\n|faint|p1a: Urshifu\n|-damage|p2a: Tapu Koko|33\/100|[from] item: Life Orb\n|\n|upkeep\n|\n|t:|1700952418\n|switch|p1a: Victini|Victini|47\/100\n|turn|27\n|\n|t:|1700952422\n|-terastallize|p2a: Tapu Koko|Electric\n|move|p2a: Tapu Koko|Wild Charge|p1a: Victini\n|-crit|p1a: Victini\n|-damage|p1a: Victini|0 fnt\n|faint|p1a: Victini\n|-damage|p2a: Tapu Koko|19\/100|[from] Recoil\n|-damage|p2a: Tapu Koko|9\/100|[from] item: Life Orb\n|\n|-fieldend|move: Electric Terrain\n|upkeep\n|\n|t:|1700952427\n|switch|p1a: Araquanid|Araquanid, F|50\/100\n|turn|28\n|c|\u2606Xero Dracohart|Idk whos gonna die first\n|c|\u2606Xero Dracohart|Uh\n|c|\u2606Xero Dracohart|May the best one win\n|\n|t:|1700952446\n|move|p2a: Tapu Koko|Brave Bird|p1a: Araquanid\n|-supereffective|p1a: Araquanid\n|-damage|p1a: Araquanid|0 fnt\n|faint|p1a: Araquanid\n|-damage|p2a: Tapu Koko|0 fnt|[from] Recoil\n|faint|p2a: Tapu Koko\n|\n|win|Xero Dracohart\n|raw|Purplecoco's rating: 1096 &rarr; <strong>1071<\/strong><br \/>(-25 for losing)\n|raw|Xero Dracohart's rating: 1088 &rarr; <strong>1115<\/strong><br \/>(+27 for winning)\n|l|\u2606Purplecoco\n|c|\u2606Xero Dracohart|Oh cool\n","uploadtime":1700952459,"views":2,"p1id":"purplecoco","p2id":"xerodracohart","formatid":"gen9nationaldex","rating":1071,"private":0,"password":""}