{"id":"gen9nationaldex-1988956951","p1":"heinousactszx","p2":"Lone_Garurumon","format":"[Gen 9] National Dex","log":"|j|\u2606heinousactszx\n|j|\u2606Lone_Garurumon\n|t:|1699794339\n|gametype|singles\n|player|p1|heinousactszx|101|\n|player|p2|Lone_Garurumon|hanbei-conquest|\n|teamsize|p1|6\n|teamsize|p2|6\n|gen|9\n|tier|[Gen 9] National Dex\n|rule|HP Percentage Mod: HP is shown in percentages\n|rule|Endless Battle Clause: Forcing endless battles is banned\n|rule|OHKO Clause: OHKO moves are banned\n|rule|Evasion Clause: Evasion abilities, items, and moves are banned\n|rule|Evasion Abilities Clause: Evasion abilities are banned\n|rule|Evasion Items Clause: Evasion items are banned\n|rule|Evasion Moves Clause: Evasion moves are banned\n|rule|Species Clause: Limit one of each Pok\u00e9mon\n|rule|Sleep Clause Mod: Limit one foe put to sleep\n|clearpoke\n|poke|p1|Torkoal, M|\n|poke|p1|Shiftry, M|\n|poke|p1|Kleavor, F|\n|poke|p1|Garganacl, F|\n|poke|p1|Volcanion|\n|poke|p1|Hitmontop, M|\n|poke|p2|Lucario, F|\n|poke|p2|Sneasler, M|\n|poke|p2|Gyarados, F|\n|poke|p2|Metagross|\n|poke|p2|Manaphy|\n|poke|p2|Greninja-*, F|\n|teampreview\n|\n|t:|1699794371\n|start\n|switch|p1a: Turtle Power|Torkoal, M|100\/100\n|switch|p2a: Garrison|Gyarados, F|100\/100\n|-weather|SunnyDay|[from] ability: Drought|[of] p1a: Turtle Power\n|turn|1\n|\n|t:|1699794390\n|move|p2a: Garrison|Dragon Dance|p2a: Garrison\n|-boost|p2a: Garrison|atk|1\n|-boost|p2a: Garrison|spe|1\n|move|p1a: Turtle Power|Will-O-Wisp|p2a: Garrison\n|-status|p2a: Garrison|brn\n|\n|-weather|SunnyDay|[upkeep]\n|-damage|p2a: Garrison|94\/100 brn|[from] brn\n|upkeep\n|turn|2\n|\n|t:|1699794404\n|move|p2a: Garrison|Dragon Dance|p2a: Garrison\n|-boost|p2a: Garrison|atk|1\n|-boost|p2a: Garrison|spe|1\n|move|p1a: Turtle Power|Stealth Rock|p2a: Garrison\n|-sidestart|p2: Lone_Garurumon|move: Stealth Rock\n|\n|-weather|SunnyDay|[upkeep]\n|-damage|p2a: Garrison|88\/100 brn|[from] brn\n|upkeep\n|turn|3\n|\n|t:|1699794417\n|switch|p1a: Treebeard|Shiftry, M|100\/100\n|move|p2a: Garrison|Dragon Dance|p2a: Garrison\n|-boost|p2a: Garrison|atk|1\n|-boost|p2a: Garrison|spe|1\n|\n|-weather|SunnyDay|[upkeep]\n|-damage|p2a: Garrison|82\/100 brn|[from] brn\n|upkeep\n|turn|4\n|\n|t:|1699794434\n|move|p2a: Garrison|Ice Fang|p1a: Treebeard\n|-supereffective|p1a: Treebeard\n|-damage|p1a: Treebeard|0 fnt\n|faint|p1a: Treebeard\n|-ability|p2a: Garrison|Moxie|boost\n|-boost|p2a: Garrison|atk|1\n|\n|-weather|SunnyDay|[upkeep]\n|-damage|p2a: Garrison|76\/100 brn|[from] brn\n|upkeep\n|\n|t:|1699794446\n|switch|p1a: Edelgard|Kleavor, F|100\/100\n|turn|5\n|\n|t:|1699794499\n|-terastallize|p1a: Edelgard|Bug\n|move|p2a: Garrison|Waterfall|p1a: Edelgard\n|-damage|p1a: Edelgard|62\/100\n|move|p1a: Edelgard|U-turn|p2a: Garrison\n|-resisted|p2a: Garrison\n|-damage|p2a: Garrison|45\/100 brn\n|\n|t:|1699794507\n|switch|p1a: Nack|Garganacl, F|100\/100|[from] U-turn\n|\n|-weather|SunnyDay|[upkeep]\n|-damage|p2a: Garrison|39\/100 brn|[from] brn\n|upkeep\n|turn|6\n|\n|t:|1699794529\n|-terastallize|p2a: Garrison|Ground\n|move|p2a: Garrison|Earthquake|p1a: Nack\n|-supereffective|p1a: Nack\n|-damage|p1a: Nack|0 fnt\n|faint|p1a: Nack\n|-ability|p2a: Garrison|Moxie|boost\n|-boost|p2a: Garrison|atk|1\n|\n|-weather|SunnyDay|[upkeep]\n|-damage|p2a: Garrison|33\/100 brn|[from] brn\n|upkeep\n|\n|t:|1699794539\n|switch|p1a: Carlton|Hitmontop, M|100\/100\n|turn|7\n|\n|t:|1699794556\n|move|p1a: Carlton|Mach Punch|p2a: Garrison\n|-damage|p2a: Garrison|0 fnt\n|faint|p2a: Garrison\n|\n|-weather|SunnyDay|[upkeep]\n|upkeep\n|\n|t:|1699794584\n|switch|p2a: Milton Edwards|Metagross|100\/100\n|-damage|p2a: Milton Edwards|94\/100|[from] Stealth Rock\n|turn|8\n|\n|t:|1699794603\n|move|p1a: Carlton|Close Combat|p2a: Milton Edwards\n|-damage|p2a: Milton Edwards|52\/100\n|-unboost|p1a: Carlton|def|1\n|-unboost|p1a: Carlton|spd|1\n|move|p2a: Milton Edwards|Psycho Cut|p1a: Carlton\n|-supereffective|p1a: Carlton\n|-damage|p1a: Carlton|0 fnt\n|faint|p1a: Carlton\n|\n|-weather|none\n|upkeep\n|\n|t:|1699794613\n|switch|p1a: Turtle Power|Torkoal, M|100\/100\n|-weather|SunnyDay|[from] ability: Drought|[of] p1a: Turtle Power\n|turn|9\n|\n|t:|1699794646\n|move|p2a: Milton Edwards|Psycho Cut|p1a: Turtle Power\n|-damage|p1a: Turtle Power|72\/100\n|move|p1a: Turtle Power|Lava Plume|p2a: Milton Edwards\n|-supereffective|p2a: Milton Edwards\n|-crit|p2a: Milton Edwards\n|-damage|p2a: Milton Edwards|0 fnt\n|faint|p2a: Milton Edwards\n|\n|-weather|SunnyDay|[upkeep]\n|upkeep\n|\n|t:|1699794669\n|switch|p2a: Debbi|Sneasler, M|100\/100\n|-damage|p2a: Debbi|95\/100|[from] Stealth Rock\n|turn|10\n|\n|t:|1699794688\n|move|p2a: Debbi|Dire Claw|p1a: Turtle Power\n|-damage|p1a: Turtle Power|25\/100\n|-status|p1a: Turtle Power|psn\n|-damage|p2a: Debbi|85\/100|[from] item: Life Orb\n|move|p1a: Turtle Power|Lava Plume|p2a: Debbi\n|-damage|p2a: Debbi|39\/100\n|-status|p2a: Debbi|brn\n|\n|-weather|SunnyDay|[upkeep]\n|-damage|p1a: Turtle Power|12\/100 psn|[from] psn\n|-damage|p2a: Debbi|33\/100 brn|[from] brn\n|upkeep\n|turn|11\n|\n|t:|1699794713\n|move|p2a: Debbi|Dire Claw|p1a: Turtle Power\n|-damage|p1a: Turtle Power|0 fnt\n|faint|p1a: Turtle Power\n|-damage|p2a: Debbi|23\/100 brn|[from] item: Life Orb\n|\n|-weather|SunnyDay|[upkeep]\n|-damage|p2a: Debbi|17\/100 brn|[from] brn\n|upkeep\n|\n|t:|1699794733\n|switch|p1a: Edelgard|Kleavor, F, tera:Bug|62\/100\n|turn|12\n|\n|t:|1699794750\n|move|p1a: Edelgard|U-turn|p2a: Debbi\n|-resisted|p2a: Debbi\n|-damage|p2a: Debbi|0 fnt\n|faint|p2a: Debbi\n|\n|t:|1699794754\n|switch|p1a: Vile|Volcanion|100\/100|[from] U-turn\n|\n|-weather|SunnyDay|[upkeep]\n|upkeep\n|\n|t:|1699794812\n|switch|p2a: Venice|Manaphy|100\/100\n|-damage|p2a: Venice|88\/100|[from] Stealth Rock\n|turn|13\n|\n|t:|1699794829\n|move|p2a: Venice|Tail Glow|p2a: Venice\n|-boost|p2a: Venice|spa|3\n|move|p1a: Vile|Weather Ball|p2a: Venice\n|-resisted|p2a: Venice\n|-damage|p2a: Venice|38\/100\n|\n|-weather|SunnyDay|[upkeep]\n|-heal|p2a: Venice|44\/100|[from] item: Leftovers\n|upkeep\n|turn|14\n|\n|t:|1699794841\n|move|p2a: Venice|Energy Ball|p1a: Vile\n|-damage|p1a: Vile|24\/100\n|move|p1a: Vile|Weather Ball|p2a: Venice\n|-resisted|p2a: Venice\n|-damage|p2a: Venice|0 fnt\n|faint|p2a: Venice\n|\n|-weather|SunnyDay|[upkeep]\n|upkeep\n|\n|t:|1699794886\n|switch|p2a: Rio|Lucario, F, shiny|100\/100\n|-damage|p2a: Rio|98\/100|[from] Stealth Rock\n|turn|15\n|\n|t:|1699794902\n|move|p2a: Rio|Dark Pulse|p1a: Vile\n|-damage|p1a: Vile|0 fnt\n|faint|p1a: Vile\n|\n|-weather|SunnyDay|[upkeep]\n|upkeep\n|\n|t:|1699794908\n|switch|p1a: Edelgard|Kleavor, F, tera:Bug|62\/100\n|turn|16\n|\n|t:|1699794915\n|move|p1a: Edelgard|Close Combat|p2a: Rio\n|-supereffective|p2a: Rio\n|-damage|p2a: Rio|0 fnt\n|-unboost|p1a: Edelgard|def|1\n|-unboost|p1a: Edelgard|spd|1\n|faint|p2a: Rio\n|\n|-weather|none\n|upkeep\n|c|\u2606heinousactszx|man i hope water shuriken is in my favor\n|\n|t:|1699794940\n|switch|p2a: Henson|Greninja, F|100\/100\n|-damage|p2a: Henson|88\/100|[from] Stealth Rock\n|turn|17\n|c|\u2606Lone_Garurumon|Only one way to find out\n|\n|t:|1699794950\n|move|p2a: Henson|Water Shuriken|p1a: Edelgard\n|-start|p2a: Henson|typechange|Water|[from] ability: Protean\n|-damage|p1a: Edelgard|38\/100\n|-damage|p1a: Edelgard|14\/100\n|-hitcount|p1a: Edelgard|2\n|move|p1a: Edelgard|Close Combat|p2a: Henson\n|-damage|p2a: Henson|2\/100\n|-unboost|p1a: Edelgard|def|1\n|-unboost|p1a: Edelgard|spd|1\n|\n|upkeep\n|turn|18\n|c|\u2606heinousactszx|LOL\n|c|\u2606Lone_Garurumon|HOLY FUCKING SHIT\n|c|\u2606heinousactszx|didn't matter\n|\n|t:|1699794968\n|move|p2a: Henson|Water Shuriken|p1a: Edelgard\n|-damage|p1a: Edelgard|0 fnt\n|faint|p1a: Edelgard\n|-hitcount|p1: Edelgard|1\n|\n|win|Lone_Garurumon\n|c|\u2606Lone_Garurumon|Eat stars\n","uploadtime":1699794982,"views":7,"p1id":"heinousactszx","p2id":"lonegarurumon","formatid":"gen9nationaldex","rating":0,"private":0,"password":""}