{"id":"gen9nationaldex-1988893313","p1":"baigu","p2":"ordja2","format":"[Gen 9] National Dex","log":"|j|\u2606baigu\n|j|\u2606ordja2\n|t:|1699782636\n|gametype|singles\n|player|p1|baigu|dawn|1701\n|player|p2|ordja2|169|1727\n|teamsize|p1|6\n|teamsize|p2|6\n|gen|9\n|tier|[Gen 9] National Dex\n|rated|\n|rule|HP Percentage Mod: HP is shown in percentages\n|rule|Endless Battle Clause: Forcing endless battles is banned\n|rule|OHKO Clause: OHKO moves are banned\n|rule|Evasion Clause: Evasion abilities, items, and moves are banned\n|rule|Evasion Abilities Clause: Evasion abilities are banned\n|rule|Evasion Items Clause: Evasion items are banned\n|rule|Evasion Moves Clause: Evasion moves are banned\n|rule|Species Clause: Limit one of each Pok\u00e9mon\n|rule|Sleep Clause Mod: Limit one foe put to sleep\n|clearpoke\n|poke|p1|Ursaluna, F|\n|poke|p1|Dragonite, F|\n|poke|p1|Slowking, M|\n|poke|p1|Tapu Koko|\n|poke|p1|Hoopa-Unbound|\n|poke|p1|Great Tusk|\n|poke|p2|Garchomp, M|\n|poke|p2|Ogerpon-Wellspring, F|\n|poke|p2|Dondozo, F|\n|poke|p2|Heatran, M|\n|poke|p2|Zapdos|\n|poke|p2|Chansey, F|\n|teampreview\n|\n|t:|1699782650\n|start\n|switch|p1a: Great Tusk|Great Tusk|100\/100\n|switch|p2a: Heatran|Heatran, M|100\/100\n|turn|1\n|inactive|Battle timer is ON: inactive players will automatically lose when time's up. (requested by ordja2)\n|\n|t:|1699782665\n|-terastallize|p2a: Heatran|Fire\n|move|p2a: Heatran|Eruption|p1a: Great Tusk\n|-damage|p1a: Great Tusk|0 fnt\n|faint|p1a: Great Tusk\n|-end|p1a: Great Tusk|Protosynthesis|[silent]\n|\n|upkeep\n|\n|t:|1699782675\n|switch|p1a: Tapu Koko|Tapu Koko|100\/100\n|-fieldstart|move: Electric Terrain|[from] ability: Electric Surge|[of] p1a: Tapu Koko\n|turn|2\n|\n|t:|1699782679\n|switch|p1a: Slowking|Slowking, M|100\/100\n|switch|p2a: Garchomp|Garchomp, M|100\/100\n|\n|upkeep\n|turn|3\n|\n|t:|1699782690\n|move|p2a: Garchomp|Stealth Rock|p1a: Slowking\n|-sidestart|p1: baigu|move: Stealth Rock\n|move|p1a: Slowking|Teleport|p1a: Slowking\n|\n|t:|1699782693\n|switch|p1a: Ursaluna|Ursaluna, F|100\/100|[from] Teleport\n|-damage|p1a: Ursaluna|94\/100|[from] Stealth Rock\n|\n|-status|p1a: Ursaluna|brn|[from] item: Flame Orb\n|upkeep\n|turn|4\n|\n|t:|1699782705\n|switch|p2a: Chansey|Chansey, F|100\/100\n|-terastallize|p1a: Ursaluna|Normal\n|move|p1a: Ursaluna|Facade|p2a: Chansey\n|-damage|p2a: Chansey|0 fnt\n|faint|p2a: Chansey\n|\n|-damage|p1a: Ursaluna|88\/100 brn|[from] brn\n|upkeep\n|\n|t:|1699782720\n|switch|p2a: Ogerpon|Ogerpon-Wellspring, F|100\/100\n|turn|5\n|\n|t:|1699782724\n|move|p2a: Ogerpon|Ivy Cudgel|p1a: Ursaluna\n|-damage|p1a: Ursaluna|47\/100 brn\n|move|p1a: Ursaluna|Facade|p2a: Ogerpon\n|-damage|p2a: Ogerpon|0 fnt\n|faint|p2a: Ogerpon\n|\n|-damage|p1a: Ursaluna|41\/100 brn|[from] brn\n|upkeep\n|\n|t:|1699782734\n|switch|p2a: Heatran|Heatran, M, tera:Fire|100\/100\n|turn|6\n|\n|t:|1699782738\n|switch|p1a: Slowking|Slowking, M|100\/100\n|move|p2a: Heatran|Eruption|p1a: Slowking\n|-resisted|p1a: Slowking\n|-damage|p1a: Slowking|65\/100\n|\n|-fieldend|move: Electric Terrain\n|upkeep\n|turn|7\n|\n|t:|1699782748\n|switch|p2a: Zapdos|Zapdos|100\/100\n|move|p1a: Slowking|Trick Room|p1a: Slowking\n|-fieldstart|move: Trick Room|[of] p1a: Slowking\n|\n|upkeep\n|turn|8\n|\n|t:|1699782754\n|move|p2a: Zapdos|Volt Switch|p1a: Slowking\n|-supereffective|p1a: Slowking\n|-damage|p1a: Slowking|26\/100\n|\n|t:|1699782758\n|switch|p2a: Dondozo|Dondozo, F|100\/100|[from] Volt Switch\n|move|p1a: Slowking|Teleport|p1a: Slowking\n|j| deathdragon551\n|\n|t:|1699782775\n|switch|p1a: Hoopa|Hoopa-Unbound|100\/100|[from] Teleport\n|-damage|p1a: Hoopa|88\/100|[from] Stealth Rock\n|\n|upkeep\n|turn|9\n|\n|t:|1699782780\n|move|p2a: Dondozo|Body Press|p1a: Hoopa\n|-damage|p1a: Hoopa|35\/100\n|-zpower|p1a: Hoopa\n|move|p1a: Hoopa|All-Out Pummeling|p2a: Dondozo|[zeffect]\n|-damage|p2a: Dondozo|26\/100\n|\n|-heal|p2a: Dondozo|32\/100|[from] item: Leftovers\n|upkeep\n|turn|10\n|\n|t:|1699782791\n|switch|p1a: Slowking|Slowking, M|59\/100\n|move|p2a: Dondozo|Body Press|p1a: Slowking\n|-resisted|p1a: Slowking\n|-damage|p1a: Slowking|44\/100\n|\n|-heal|p2a: Dondozo|38\/100|[from] item: Leftovers\n|upkeep\n|turn|11\n|\n|t:|1699782799\n|move|p1a: Slowking|Slack Off|p1a: Slowking\n|-heal|p1a: Slowking|94\/100\n|move|p2a: Dondozo|Curse|p2a: Dondozo\n|-unboost|p2a: Dondozo|spe|1\n|-boost|p2a: Dondozo|atk|1\n|-boost|p2a: Dondozo|def|1\n|\n|-heal|p2a: Dondozo|44\/100|[from] item: Leftovers\n|-fieldend|move: Trick Room\n|upkeep\n|turn|12\n|\n|t:|1699782813\n|move|p2a: Dondozo|Body Press|p1a: Slowking\n|-resisted|p1a: Slowking\n|-damage|p1a: Slowking|73\/100\n|move|p1a: Slowking|Teleport|p1a: Slowking\n|\n|t:|1699782816\n|switch|p1a: Tapu Koko|Tapu Koko|100\/100|[from] Teleport\n|-damage|p1a: Tapu Koko|88\/100|[from] Stealth Rock\n|-fieldstart|move: Electric Terrain|[from] ability: Electric Surge|[of] p1a: Tapu Koko\n|\n|-heal|p2a: Dondozo|50\/100|[from] item: Leftovers\n|upkeep\n|turn|13\n|\n|t:|1699782828\n|switch|p2a: Zapdos|Zapdos|100\/100\n|move|p1a: Tapu Koko|Dazzling Gleam|p2a: Zapdos\n|-damage|p2a: Zapdos|38\/100\n|\n|upkeep\n|turn|14\n|\n|t:|1699782834\n|move|p1a: Tapu Koko|Dazzling Gleam|p2a: Zapdos\n|-damage|p2a: Zapdos|0 fnt\n|faint|p2a: Zapdos\n|\n|upkeep\n|\n|t:|1699782845\n|switch|p2a: Heatran|Heatran, M, tera:Fire|100\/100\n|turn|15\n|\n|t:|1699782848\n|switch|p1a: Slowking|Slowking, M|100\/100\n|move|p2a: Heatran|Eruption|p1a: Slowking\n|-resisted|p1a: Slowking\n|-damage|p1a: Slowking|69\/100\n|\n|upkeep\n|turn|16\n|\n|t:|1699782856\n|move|p2a: Heatran|Eruption|p1a: Slowking\n|-resisted|p1a: Slowking\n|-crit|p1a: Slowking\n|-damage|p1a: Slowking|18\/100\n|move|p1a: Slowking|Trick Room|p1a: Slowking\n|-fieldstart|move: Trick Room|[of] p1a: Slowking\n|\n|-fieldend|move: Electric Terrain\n|upkeep\n|turn|17\n|\n|t:|1699782863\n|switch|p1a: Dragonite|Dragonite, F|100\/100\n|-damage|p1a: Dragonite|76\/100|[from] Stealth Rock\n|move|p2a: Heatran|Eruption|p1a: Dragonite\n|-resisted|p1a: Dragonite\n|-damage|p1a: Dragonite|29\/100\n|\n|upkeep\n|turn|18\n|\n|t:|1699782875\n|switch|p2a: Dondozo|Dondozo, F|50\/100\n|move|p1a: Dragonite|Outrage|p2a: Dondozo\n|-damage|p2a: Dondozo|0 fnt\n|faint|p2a: Dondozo\n|\n|upkeep\n|\n|t:|1699782886\n|switch|p2a: Heatran|Heatran, M, tera:Fire|100\/100\n|turn|19\n|\n|t:|1699782890\n|move|p1a: Dragonite|Outrage|p2a: Heatran|[from]lockedmove\n|-damage|p2a: Heatran|0 fnt\n|faint|p2a: Heatran\n|-start|p1a: Dragonite|confusion|[fatigue]\n|\n|upkeep\n|\n|t:|1699782897\n|switch|p2a: Garchomp|Garchomp, M|100\/100\n|turn|20\n|-message|ordja2 forfeited.\n|\n|win|baigu\n|raw|baigu's rating: 1701 &rarr; <strong>1722<\/strong><br \/>(+21 for winning)\n|raw|ordja2's rating: 1727 &rarr; <strong>1706<\/strong><br \/>(-21 for losing)\n|l|\u2606ordja2\n","uploadtime":1699782911,"views":13,"p1id":"baigu","p2id":"ordja2","formatid":"gen9nationaldex","rating":1706,"private":0,"password":""}