{"id":"gen9nationaldex-1992793441","p1":"tdd20070515\u5179\u4f0f\u5947\u5927\u543e","p2":"YoungWwwwww","format":"[Gen 9] National Dex","log":"|j|\u2606tdd20070515\u5179\u4f0f\u5947\u5927\u543e\n|j|\u2606YoungWwwwww\n|t:|1700235948\n|gametype|singles\n|player|p1|tdd20070515\u5179\u4f0f\u5947\u5927\u543e|steven|1395\n|player|p2|YoungWwwwww|1|1426\n|teamsize|p1|6\n|teamsize|p2|6\n|gen|9\n|tier|[Gen 9] National Dex\n|rated|\n|rule|HP Percentage Mod: HP is shown in percentages\n|rule|Endless Battle Clause: Forcing endless battles is banned\n|rule|OHKO Clause: OHKO moves are banned\n|rule|Evasion Clause: Evasion abilities, items, and moves are banned\n|rule|Evasion Abilities Clause: Evasion abilities are banned\n|rule|Evasion Items Clause: Evasion items are banned\n|rule|Evasion Moves Clause: Evasion moves are banned\n|rule|Species Clause: Limit one of each Pok\u00e9mon\n|rule|Sleep Clause Mod: Limit one foe put to sleep\n|clearpoke\n|poke|p1|Tapu Lele|\n|poke|p1|Hawlucha, M|\n|poke|p1|Chansey, F|\n|poke|p1|Cinderace, M|\n|poke|p1|Polteageist-Antique|\n|poke|p1|Armarouge, F|\n|poke|p2|Barraskewda, M|\n|poke|p2|Pelipper, F|\n|poke|p2|Swampert, M|\n|poke|p2|Kingdra, F|\n|poke|p2|Skarmory, M|\n|poke|p2|Zapdos|\n|teampreview\n|inactive|Battle timer is ON: inactive players will automatically lose when time's up. (requested by YoungWwwwww)\n|\n|t:|1700235963\n|start\n|switch|p1a: Tapu Lele|Tapu Lele|100\/100\n|switch|p2a: Barraskewda|Barraskewda, M|100\/100\n|-fieldstart|move: Psychic Terrain|[from] ability: Psychic Surge|[of] p1a: Tapu Lele\n|turn|1\n|\n|t:|1700235981\n|switch|p2a: Skarmory|Skarmory, M|100\/100\n|-terastallize|p1a: Tapu Lele|Grass\n|move|p1a: Tapu Lele|Moonblast|p2a: Skarmory\n|-resisted|p2a: Skarmory\n|-damage|p2a: Skarmory|74\/100\n|\n|-heal|p2a: Skarmory|80\/100|[from] item: Leftovers\n|upkeep\n|turn|2\n|\n|t:|1700235993\n|move|p1a: Tapu Lele|Future Sight|p2a: Skarmory\n|-start|p1a: Tapu Lele|move: Future Sight\n|move|p2a: Skarmory|Spikes|p1a: Tapu Lele\n|-sidestart|p1: tdd20070515\u5179\u4f0f\u5947\u5927\u543e|Spikes\n|\n|-heal|p2a: Skarmory|86\/100|[from] item: Leftovers\n|upkeep\n|turn|3\n|\n|t:|1700235997\n|move|p1a: Tapu Lele|Focus Blast|p2a: Skarmory\n|-damage|p2a: Skarmory|44\/100\n|move|p2a: Skarmory|Spikes|p1a: Tapu Lele\n|-sidestart|p1: tdd20070515\u5179\u4f0f\u5947\u5927\u543e|Spikes\n|\n|-heal|p2a: Skarmory|50\/100|[from] item: Leftovers\n|upkeep\n|turn|4\n|\n|t:|1700236016\n|switch|p1a: Cinderace|Cinderace, M|100\/100\n|move|p2a: Skarmory|Stealth Rock|p1a: Cinderace\n|-sidestart|p1: tdd20070515\u5179\u4f0f\u5947\u5927\u543e|move: Stealth Rock\n|\n|-end|p2a: Skarmory|move: Future Sight\n|-resisted|p2a: Skarmory\n|-damage|p2a: Skarmory|8\/100\n|-heal|p2a: Skarmory|14\/100|[from] item: Leftovers\n|upkeep\n|turn|5\n|\n|t:|1700236038\n|move|p1a: Cinderace|Pyro Ball|p2a: Skarmory\n|-supereffective|p2a: Skarmory\n|-damage|p2a: Skarmory|0 fnt\n|faint|p2a: Skarmory\n|\n|upkeep\n|\n|t:|1700236046\n|switch|p2a: Barraskewda|Barraskewda, M|100\/100\n|turn|6\n|\n|t:|1700236058\n|switch|p1a: Hawlucha|Hawlucha, M, shiny|100\/100\n|-damage|p1a: Hawlucha|88\/100|[from] Stealth Rock\n|-enditem|p1a: Hawlucha|Psychic Seed\n|-boost|p1a: Hawlucha|spd|1|[from] item: Psychic Seed\n|-terastallize|p2a: Barraskewda|Water\n|move|p2a: Barraskewda|Flip Turn|p1a: Hawlucha\n|-damage|p1a: Hawlucha|0 fnt\n|faint|p1a: Hawlucha\n|inactive|YoungWwwwww has 120 seconds left.\n|\n|t:|1700236069\n|switch|p2a: Pelipper|Pelipper, F|100\/100|[from] Flip Turn\n|-weather|RainDance|[from] ability: Drizzle|[of] p2a: Pelipper\n|\n|-weather|RainDance|[upkeep]\n|upkeep\n|\n|t:|1700236075\n|switch|p1a: Cinderace|Cinderace, M|100\/100\n|turn|7\n|\n|t:|1700236081\n|move|p1a: Cinderace|Court Change|p1a: Cinderace\n|-start|p1a: Cinderace|typechange|Normal|[from] ability: Libero\n|-swapsideconditions\n|-activate|p1a: Cinderace|move: Court Change\n|move|p2a: Pelipper|Scald|p1a: Cinderace\n|-damage|p1a: Cinderace|43\/100\n|\n|-weather|RainDance|[upkeep]\n|upkeep\n|turn|8\n|\n|t:|1700236090\n|move|p1a: Cinderace|U-turn|p2a: Pelipper\n|-resisted|p2a: Pelipper\n|-damage|p2a: Pelipper|92\/100\n|\n|t:|1700236096\n|switch|p1a: Chansey|Chansey, F|100\/100|[from] U-turn\n|move|p2a: Pelipper|Scald|p1a: Chansey\n|-damage|p1a: Chansey|88\/100\n|-status|p1a: Chansey|brn\n|\n|-weather|RainDance|[upkeep]\n|-damage|p1a: Chansey|82\/100 brn|[from] brn\n|-fieldend|move: Psychic Terrain\n|upkeep\n|turn|9\n|\n|t:|1700236110\n|move|p2a: Pelipper|U-turn|p1a: Chansey\n|-damage|p1a: Chansey|77\/100 brn\n|\n|t:|1700236114\n|switch|p2a: Zapdos|Zapdos|100\/100|[from] U-turn\n|-damage|p2a: Zapdos|76\/100|[from] Stealth Rock\n|move|p1a: Chansey|Teleport|p1a: Chansey\n|\n|t:|1700236124\n|-curestatus|p1a: Chansey|brn|[from] ability: Natural Cure\n|switch|p1a: Tapu Lele|Tapu Lele, tera:Grass|100\/100|[from] Teleport\n|-fieldstart|move: Psychic Terrain|[from] ability: Psychic Surge|[of] p1a: Tapu Lele\n|\n|-weather|RainDance|[upkeep]\n|upkeep\n|turn|10\n|\n|t:|1700236137\n|move|p2a: Zapdos|Hurricane|p1a: Tapu Lele\n|-supereffective|p1a: Tapu Lele\n|-damage|p1a: Tapu Lele|0 fnt\n|faint|p1a: Tapu Lele\n|\n|-weather|RainDance|[upkeep]\n|upkeep\n|\n|t:|1700236140\n|switch|p1a: Polteageist|Polteageist-Antique|100\/100\n|turn|11\n|\n|t:|1700236147\n|move|p2a: Zapdos|Volt Switch|p1a: Polteageist\n|-damage|p1a: Polteageist|59\/100\n|\n|t:|1700236155\n|switch|p2a: Barraskewda|Barraskewda, M, tera:Water|100\/100|[from] Volt Switch\n|-damage|p2a: Barraskewda|84\/100|[from] Spikes\n|-damage|p2a: Barraskewda|72\/100|[from] Stealth Rock\n|move|p1a: Polteageist|Shell Smash|p1a: Polteageist\n|-unboost|p1a: Polteageist|def|1\n|-unboost|p1a: Polteageist|spd|1\n|-boost|p1a: Polteageist|atk|2\n|-boost|p1a: Polteageist|spa|2\n|-boost|p1a: Polteageist|spe|2\n|\n|-weather|RainDance|[upkeep]\n|upkeep\n|turn|12\n|\n|t:|1700236180\n|move|p2a: Barraskewda|Liquidation|p1a: Polteageist\n|-damage|p1a: Polteageist|0 fnt\n|faint|p1a: Polteageist\n|\n|-weather|RainDance|[upkeep]\n|upkeep\n|\n|t:|1700236182\n|switch|p1a: Armarouge|Armarouge, F|100\/100\n|turn|13\n|\n|t:|1700236205\n|move|p1a: Armarouge|Endure|p1a: Armarouge\n|-singleturn|p1a: Armarouge|move: Endure\n|move|p2a: Barraskewda|Liquidation|p1a: Armarouge\n|-supereffective|p1a: Armarouge\n|-activate|p1a: Armarouge|move: Endure\n|-damage|p1a: Armarouge|1\/100\n|-ability|p1a: Armarouge|Weak Armor|boost\n|-unboost|p1a: Armarouge|def|1\n|-boost|p1a: Armarouge|spe|2\n|-enditem|p1a: Armarouge|Weakness Policy\n|-boost|p1a: Armarouge|atk|2|[from] item: Weakness Policy\n|-boost|p1a: Armarouge|spa|2|[from] item: Weakness Policy\n|\n|-weather|none\n|upkeep\n|turn|14\n|inactive|YoungWwwwww has 120 seconds left.\n|\n|t:|1700236223\n|switch|p2a: Pelipper|Pelipper, F|92\/100\n|-damage|p2a: Pelipper|67\/100|[from] Stealth Rock\n|-weather|RainDance|[from] ability: Drizzle|[of] p2a: Pelipper\n|move|p1a: Armarouge|Expanding Force|p2a: Pelipper\n|-damage|p2a: Pelipper|0 fnt\n|faint|p2a: Pelipper\n|\n|-weather|RainDance|[upkeep]\n|upkeep\n|inactive|YoungWwwwww has 120 seconds left.\n|\n|t:|1700236235\n|switch|p2a: Barraskewda|Barraskewda, M, tera:Water|72\/100\n|-damage|p2a: Barraskewda|56\/100|[from] Spikes\n|-damage|p2a: Barraskewda|43\/100|[from] Stealth Rock\n|turn|15\n|inactive|YoungWwwwww has 120 seconds left.\n|\n|t:|1700236240\n|move|p1a: Armarouge|Endure|p1a: Armarouge\n|-singleturn|p1a: Armarouge|move: Endure\n|move|p2a: Barraskewda|Liquidation|p1a: Armarouge\n|-supereffective|p1a: Armarouge\n|-activate|p1a: Armarouge|move: Endure\n|-damage|p1a: Armarouge|1\/100\n|-ability|p1a: Armarouge|Weak Armor|boost\n|-unboost|p1a: Armarouge|def|1\n|-boost|p1a: Armarouge|spe|2\n|\n|-weather|RainDance|[upkeep]\n|upkeep\n|turn|16\n|inactive|YoungWwwwww has 120 seconds left.\n|\n|t:|1700236254\n|move|p1a: Armarouge|Expanding Force|p2a: Barraskewda\n|-crit|p2a: Barraskewda\n|-damage|p2a: Barraskewda|0 fnt\n|faint|p2a: Barraskewda\n|\n|-weather|RainDance|[upkeep]\n|-fieldend|move: Psychic Terrain\n|upkeep\n|inactive|YoungWwwwww has 120 seconds left.\n|\n|t:|1700236263\n|switch|p2a: Swampert|Swampert, M|100\/100\n|-damage|p2a: Swampert|84\/100|[from] Spikes\n|-damage|p2a: Swampert|78\/100|[from] Stealth Rock\n|turn|17\n|inactive|YoungWwwwww has 120 seconds left.\n|\n|t:|1700236274\n|detailschange|p2a: Swampert|Swampert-Mega, M\n|-mega|p2a: Swampert|Swampert|Swampertite\n|move|p1a: Armarouge|Expanding Force|p2a: Swampert\n|-damage|p2a: Swampert|0 fnt\n|faint|p2a: Swampert\n|\n|-weather|RainDance|[upkeep]\n|upkeep\n|inactive|YoungWwwwww has 120 seconds left.\n|\n|t:|1700236283\n|switch|p2a: Zapdos|Zapdos|76\/100\n|-damage|p2a: Zapdos|51\/100|[from] Stealth Rock\n|turn|18\n|\n|t:|1700236293\n|move|p1a: Armarouge|Expanding Force|p2a: Zapdos\n|-damage|p2a: Zapdos|0 fnt\n|faint|p2a: Zapdos\n|\n|-weather|RainDance|[upkeep]\n|upkeep\n|\n|t:|1700236299\n|switch|p2a: Kingdra|Kingdra, F|100\/100\n|-damage|p2a: Kingdra|84\/100|[from] Spikes\n|-damage|p2a: Kingdra|72\/100|[from] Stealth Rock\n|turn|19\n|c|\u2606tdd20070515\u5179\u4f0f\u5947\u5927\u543e|\u7ea2\u83b2\u94e0\u9a91\uff01\n|\n|t:|1700236307\n|move|p1a: Armarouge|Expanding Force|p2a: Kingdra\n|-damage|p2a: Kingdra|0 fnt\n|faint|p2a: Kingdra\n|\n|win|tdd20070515\u5179\u4f0f\u5947\u5927\u543e\n|raw|tdd20070515\u5179\u4f0f\u5947\u5927\u543e's rating: 1395 &rarr; <strong>1417<\/strong><br \/>(+22 for winning)\n|raw|YoungWwwwww's rating: 1426 &rarr; <strong>1404<\/strong><br \/>(-22 for losing)\n|l|\u2606tdd20070515\u5179\u4f0f\u5947\u5927\u543e\n|j|\u2606tdd20070515\u5179\u4f0f\u5947\u5927\u543e\n|player|p1|tdd20070515\u5179\u4f0f\u5947\u5927\u543e|steven\n|l|\u2606YoungWwwwww\n","uploadtime":1700236331,"views":24,"p1id":"tdd20070515","p2id":"youngwwwwww","formatid":"gen9nationaldex","rating":1404,"private":0,"password":""}