{"id":"gen9nationaldex-2000644828","p1":"XMarcosPr710","p2":"TheStroker","format":"[Gen 9] National Dex","log":"|html|<div class=\"broadcast-blue\"><strong>[Gen 9] National Dex is currently suspecting Sneasler! For information on how to participate check out the <a href=\"https:\/\/www.smogon.com\/forums\/threads\/sv-national-dex-suspect-8-just-dance.3731534\/\">suspect thread<\/a>.<\/strong><\/div>\n|j|\u2606XMarcosPr710\n|j|\u2606TheStroker\n|t:|1701213948\n|gametype|singles\n|player|p1|XMarcosPr710|iris-gen5bw2|1469\n|player|p2|TheStroker|janitor|1675\n|teamsize|p1|6\n|teamsize|p2|6\n|gen|9\n|tier|[Gen 9] National Dex\n|rated|\n|rule|HP Percentage Mod: HP is shown in percentages\n|rule|Endless Battle Clause: Forcing endless battles is banned\n|rule|OHKO Clause: OHKO moves are banned\n|rule|Evasion Clause: Evasion abilities, items, and moves are banned\n|rule|Evasion Abilities Clause: Evasion abilities are banned\n|rule|Evasion Items Clause: Evasion items are banned\n|rule|Evasion Moves Clause: Evasion moves are banned\n|rule|Species Clause: Limit one of each Pok\u00e9mon\n|rule|Sleep Clause Mod: Limit one foe put to sleep\n|clearpoke\n|poke|p1|Charizard, M|\n|poke|p1|Victini|\n|poke|p1|Weavile, M|\n|poke|p1|Landorus-Therian, M|\n|poke|p1|Kartana|\n|poke|p1|Tapu Fini|\n|poke|p2|Meloetta|\n|poke|p2|Weavile, F|\n|poke|p2|Sneasler, F|\n|poke|p2|Goodra-Hisui, F|\n|poke|p2|Heatran, M|\n|poke|p2|Mew|\n|teampreview\n|\n|t:|1701213958\n|start\n|switch|p1a: Victini|Victini|100\/100\n|switch|p2a: Noobler|Sneasler, F|100\/100\n|turn|1\n|\n|t:|1701213967\n|switch|p1a: Landorus|Landorus-Therian, M|100\/100\n|-ability|p1a: Landorus|Intimidate|boost\n|-unboost|p2a: Noobler|atk|1\n|move|p2a: Noobler|Dire Claw|p1a: Landorus\n|-resisted|p1a: Landorus\n|-damage|p1a: Landorus|92\/100\n|-status|p1a: Landorus|slp\n|-damage|p2a: Noobler|84\/100|[from] item: Rocky Helmet|[of] p1a: Landorus\n|\n|upkeep\n|turn|2\n|j| errantgamer\n|\n|t:|1701214000\n|switch|p2a: 8 moves|Meloetta|100\/100\n|cant|p1a: Landorus|slp\n|\n|upkeep\n|turn|3\n|\n|t:|1701214004\n|-zpower|p2a: 8 moves\n|move|p2a: 8 moves|Z-Celebrate|p2a: 8 moves|[anim]Celebrate\n|-boost|p2a: 8 moves|atk|1|[zeffect]\n|-boost|p2a: 8 moves|def|1|[zeffect]\n|-boost|p2a: 8 moves|spa|1|[zeffect]\n|-boost|p2a: 8 moves|spd|1|[zeffect]\n|-boost|p2a: 8 moves|spe|1|[zeffect]\n|-activate|p2a: 8 moves|move: Celebrate\n|cant|p1a: Landorus|slp\n|\n|upkeep\n|turn|4\n|\n|t:|1701214012\n|move|p2a: 8 moves|Hyper Voice|p1a: Landorus\n|-damage|p1a: Landorus|18\/100 slp\n|-curestatus|p1a: Landorus|slp|[msg]\n|move|p1a: Landorus|U-turn|p2a: 8 moves\n|-supereffective|p2a: 8 moves\n|-damage|p2a: 8 moves|63\/100\n|\n|t:|1701214019\n|switch|p1a: Tapu Fini|Tapu Fini|100\/100|[from] U-turn\n|-fieldstart|move: Misty Terrain|[from] ability: Misty Surge|[of] p1a: Tapu Fini\n|\n|upkeep\n|turn|5\n|\n|t:|1701214024\n|move|p2a: 8 moves|Psychic|p1a: Tapu Fini\n|-damage|p1a: Tapu Fini|42\/100\n|move|p1a: Tapu Fini|Haze|p1a: Tapu Fini\n|-clearallboost\n|\n|-heal|p1a: Tapu Fini|48\/100|[from] item: Leftovers\n|upkeep\n|turn|6\n|\n|t:|1701214029\n|switch|p1a: Weavile|Weavile, M|100\/100\n|-ability|p1a: Weavile|Pressure\n|move|p2a: 8 moves|Hyper Voice|p1a: Weavile\n|-damage|p1a: Weavile|36\/100\n|\n|upkeep\n|turn|7\n|\n|t:|1701214038\n|move|p1a: Weavile|Pursuit|p2a: 8 moves\n|-supereffective|p2a: 8 moves\n|-damage|p2a: 8 moves|0 fnt\n|faint|p2a: 8 moves\n|\n|upkeep\n|\n|t:|1701214046\n|switch|p2a: Noobler|Sneasler, F|84\/100\n|turn|8\n|\n|t:|1701214049\n|switch|p1a: Landorus|Landorus-Therian, M|18\/100\n|-ability|p1a: Landorus|Intimidate|boost\n|-unboost|p2a: Noobler|atk|1\n|move|p2a: Noobler|U-turn|p1a: Landorus\n|-resisted|p1a: Landorus\n|-damage|p1a: Landorus|12\/100\n|-damage|p2a: Noobler|67\/100|[from] item: Rocky Helmet|[of] p1a: Landorus\n|\n|t:|1701214052\n|switch|p2a: Name my|Weavile, F|100\/100|[from] U-turn\n|-ability|p2a: Name my|Pressure\n|\n|-fieldend|Misty Terrain\n|upkeep\n|turn|9\n|\n|t:|1701214056\n|-activate|p1a: Landorus|move: Pursuit\n|move|p2a: Name my|Pursuit|p1a: Landorus|[from]Pursuit\n|-damage|p1a: Landorus|0 fnt\n|-damage|p2a: Name my|84\/100|[from] item: Rocky Helmet|[of] p1a: Landorus\n|faint|p1a: Landorus\n|-hint|A Pokemon can't switch between when it runs out of HP and when it faints\n|\n|upkeep\n|\n|t:|1701214063\n|switch|p1a: Kartana|Kartana|100\/100\n|turn|10\n|\n|t:|1701214071\n|switch|p2a: Noobler|Sneasler, F|67\/100\n|-zpower|p1a: Kartana\n|move|p1a: Kartana|All-Out Pummeling|p2a: Noobler|[zeffect]\n|-resisted|p2a: Noobler\n|-damage|p2a: Noobler|0 fnt\n|faint|p2a: Noobler\n|-ability|p1a: Kartana|Beast Boost|boost\n|-boost|p1a: Kartana|atk|1\n|\n|upkeep\n|\n|t:|1701214093\n|switch|p2a: Goob|Goodra-Hisui, F|100\/100\n|turn|11\n|inactive|Battle timer is ON: inactive players will automatically lose when time's up. (requested by TheStroker)\n|\n|t:|1701214110\n|-terastallize|p2a: Goob|Flying\n|move|p1a: Kartana|Swords Dance|p1a: Kartana\n|-boost|p1a: Kartana|atk|2\n|move|p2a: Goob|Ice Beam|p1a: Kartana\n|-damage|p1a: Kartana|2\/100\n|\n|upkeep\n|turn|12\n|\n|t:|1701214124\n|move|p1a: Kartana|Knock Off|p2a: Goob\n|-damage|p2a: Goob|0 fnt\n|-enditem|p2a: Goob|Assault Vest|[from] move: Knock Off|[of] p1a: Kartana\n|faint|p2a: Goob\n|-ability|p1a: Kartana|Beast Boost|boost\n|-boost|p1a: Kartana|atk|1\n|\n|upkeep\n|\n|t:|1701214127\n|switch|p2a: Name my|Weavile, F|84\/100\n|-ability|p2a: Name my|Pressure\n|turn|13\n|\n|t:|1701214131\n|move|p2a: Name my|Pursuit|p1a: Kartana\n|-damage|p1a: Kartana|0 fnt\n|faint|p1a: Kartana\n|\n|upkeep\n|\n|t:|1701214135\n|switch|p1a: Tapu Fini|Tapu Fini|48\/100\n|-fieldstart|move: Misty Terrain|[from] ability: Misty Surge|[of] p1a: Tapu Fini\n|turn|14\n|\n|t:|1701214138\n|switch|p2a: hellfrog|Heatran, M|100\/100\n|move|p1a: Tapu Fini|Whirlpool|p2a: hellfrog\n|-supereffective|p2a: hellfrog\n|-damage|p2a: hellfrog|83\/100\n|-activate|p2a: hellfrog|move: Whirlpool|[of] p1a: Tapu Fini\n|\n|-heal|p2a: hellfrog|90\/100|[from] item: Leftovers\n|-heal|p1a: Tapu Fini|54\/100|[from] item: Leftovers\n|-damage|p2a: hellfrog|77\/100|[from] move: Whirlpool|[partiallytrapped]\n|upkeep\n|turn|15\n|\n|t:|1701214148\n|move|p2a: hellfrog|Substitute|p2a: hellfrog\n|-start|p2a: hellfrog|Substitute\n|-end|p2a: hellfrog|Whirlpool|[partiallytrapped]|[silent]\n|-damage|p2a: hellfrog|52\/100\n|move|p1a: Tapu Fini|Nature's Madness|p2a: hellfrog\n|-end|p2a: hellfrog|Substitute\n|\n|-heal|p2a: hellfrog|59\/100|[from] item: Leftovers\n|-heal|p1a: Tapu Fini|60\/100|[from] item: Leftovers\n|upkeep\n|turn|16\n|\n|t:|1701214154\n|move|p2a: hellfrog|Substitute|p2a: hellfrog\n|-start|p2a: hellfrog|Substitute\n|-damage|p2a: hellfrog|34\/100\n|move|p1a: Tapu Fini|Whirlpool|p2a: hellfrog\n|-supereffective|p2a: hellfrog\n|-activate|p2a: hellfrog|move: Substitute|[damage]\n|\n|-heal|p2a: hellfrog|40\/100|[from] item: Leftovers\n|-heal|p1a: Tapu Fini|66\/100|[from] item: Leftovers\n|upkeep\n|turn|17\n|\n|t:|1701214168\n|move|p2a: hellfrog|Protect|p2a: hellfrog\n|-singleturn|p2a: hellfrog|Protect\n|move|p1a: Tapu Fini|Whirlpool|p2a: hellfrog\n|-activate|p2a: hellfrog|move: Protect\n|\n|-heal|p2a: hellfrog|46\/100|[from] item: Leftovers\n|-heal|p1a: Tapu Fini|72\/100|[from] item: Leftovers\n|upkeep\n|turn|18\n|\n|t:|1701214171\n|move|p2a: hellfrog|Torment|p1a: Tapu Fini\n|-start|p1a: Tapu Fini|Torment\n|move|p1a: Tapu Fini|Nature's Madness|p2a: hellfrog\n|-end|p2a: hellfrog|Substitute\n|\n|-heal|p2a: hellfrog|52\/100|[from] item: Leftovers\n|-heal|p1a: Tapu Fini|78\/100|[from] item: Leftovers\n|-fieldend|Misty Terrain\n|upkeep\n|turn|19\n|\n|t:|1701214175\n|move|p2a: hellfrog|Substitute|p2a: hellfrog\n|-start|p2a: hellfrog|Substitute\n|-damage|p2a: hellfrog|27\/100\n|move|p1a: Tapu Fini|Taunt|p2a: hellfrog\n|-start|p2a: hellfrog|move: Taunt\n|\n|-heal|p2a: hellfrog|34\/100|[from] item: Leftovers\n|-heal|p1a: Tapu Fini|85\/100|[from] item: Leftovers\n|upkeep\n|turn|20\n|\n|t:|1701214179\n|move|p2a: hellfrog|Lava Plume|p1a: Tapu Fini\n|-resisted|p1a: Tapu Fini\n|-damage|p1a: Tapu Fini|72\/100\n|move|p1a: Tapu Fini|Whirlpool|p2a: hellfrog\n|-supereffective|p2a: hellfrog\n|-activate|p2a: hellfrog|move: Substitute|[damage]\n|\n|-heal|p2a: hellfrog|40\/100|[from] item: Leftovers\n|-heal|p1a: Tapu Fini|78\/100|[from] item: Leftovers\n|upkeep\n|turn|21\n|\n|t:|1701214184\n|move|p2a: hellfrog|Lava Plume|p1a: Tapu Fini\n|-resisted|p1a: Tapu Fini\n|-damage|p1a: Tapu Fini|65\/100\n|-status|p1a: Tapu Fini|brn\n|move|p1a: Tapu Fini|Nature's Madness|p2a: hellfrog\n|-end|p2a: hellfrog|Substitute\n|\n|-heal|p2a: hellfrog|46\/100|[from] item: Leftovers\n|-heal|p1a: Tapu Fini|71\/100 brn|[from] item: Leftovers\n|-damage|p1a: Tapu Fini|65\/100 brn|[from] brn\n|upkeep\n|turn|22\n|j| less might be more\n|\n|t:|1701214191\n|move|p2a: hellfrog|Lava Plume|p1a: Tapu Fini\n|-resisted|p1a: Tapu Fini\n|-damage|p1a: Tapu Fini|53\/100 brn\n|move|p1a: Tapu Fini|Whirlpool|p2a: hellfrog\n|-supereffective|p2a: hellfrog\n|-damage|p2a: hellfrog|30\/100\n|-activate|p2a: hellfrog|move: Whirlpool|[of] p1a: Tapu Fini\n|\n|-heal|p2a: hellfrog|36\/100|[from] item: Leftovers\n|-heal|p1a: Tapu Fini|59\/100 brn|[from] item: Leftovers\n|-damage|p1a: Tapu Fini|53\/100 brn|[from] brn\n|-damage|p2a: hellfrog|24\/100|[from] move: Whirlpool|[partiallytrapped]\n|-end|p2a: hellfrog|move: Taunt\n|upkeep\n|turn|23\n|\n|t:|1701214201\n|move|p2a: hellfrog|Lava Plume|p1a: Tapu Fini\n|-resisted|p1a: Tapu Fini\n|-damage|p1a: Tapu Fini|39\/100 brn\n|move|p1a: Tapu Fini|Taunt|p2a: hellfrog\n|-start|p2a: hellfrog|move: Taunt\n|\n|-heal|p2a: hellfrog|30\/100|[from] item: Leftovers\n|-heal|p1a: Tapu Fini|45\/100 brn|[from] item: Leftovers\n|-damage|p1a: Tapu Fini|39\/100 brn|[from] brn\n|-damage|p2a: hellfrog|18\/100|[from] move: Whirlpool|[partiallytrapped]\n|upkeep\n|turn|24\n|\n|t:|1701214205\n|move|p2a: hellfrog|Lava Plume|p1a: Tapu Fini\n|-resisted|p1a: Tapu Fini\n|-crit|p1a: Tapu Fini\n|-damage|p1a: Tapu Fini|17\/100 brn\n|move|p1a: Tapu Fini|Whirlpool|p2a: hellfrog\n|-supereffective|p2a: hellfrog\n|-damage|p2a: hellfrog|0 fnt\n|faint|p2a: hellfrog\n|\n|-heal|p1a: Tapu Fini|23\/100 brn|[from] item: Leftovers\n|-damage|p1a: Tapu Fini|17\/100 brn|[from] brn\n|upkeep\n|\n|t:|1701214208\n|switch|p2a: Name my|Weavile, F|84\/100\n|-ability|p2a: Name my|Pressure\n|turn|25\n|\n|t:|1701214211\n|move|p2a: Name my|Knock Off|p1a: Tapu Fini\n|-resisted|p1a: Tapu Fini\n|-damage|p1a: Tapu Fini|0 fnt\n|-enditem|p1a: Tapu Fini|Leftovers|[from] move: Knock Off|[of] p2a: Name my\n|faint|p1a: Tapu Fini\n|\n|upkeep\n|\n|t:|1701214214\n|switch|p1a: Victini|Victini|100\/100\n|turn|26\n|\n|t:|1701214216\n|move|p1a: Victini|V-create|p2a: Name my\n|-supereffective|p2a: Name my\n|-damage|p2a: Name my|0 fnt\n|-unboost|p1a: Victini|spe|1\n|-unboost|p1a: Victini|def|1\n|-unboost|p1a: Victini|spd|1\n|faint|p2a: Name my\n|\n|upkeep\n|\n|t:|1701214219\n|switch|p2a: If legal|Mew|100\/100\n|turn|27\n|\n|t:|1701214224\n|switch|p1a: Weavile|Weavile, M|36\/100\n|-ability|p1a: Weavile|Pressure\n|move|p2a: If legal|Cosmic Power|p2a: If legal\n|-boost|p2a: If legal|def|1\n|-boost|p2a: If legal|spd|1\n|\n|upkeep\n|turn|28\n|\n|t:|1701214231\n|move|p1a: Weavile|Knock Off|p2a: If legal\n|-supereffective|p2a: If legal\n|-damage|p2a: If legal|23\/100\n|-enditem|p2a: If legal|Leftovers|[from] move: Knock Off|[of] p1a: Weavile\n|move|p2a: If legal|Roost|p2a: If legal\n|-heal|p2a: If legal|73\/100\n|-singleturn|p2a: If legal|move: Roost\n|\n|upkeep\n|turn|29\n|\n|t:|1701214235\n|-terastallize|p1a: Weavile|Dark\n|move|p1a: Weavile|Knock Off|p2a: If legal\n|-supereffective|p2a: If legal\n|-damage|p2a: If legal|0 fnt\n|faint|p2a: If legal\n|\n|win|XMarcosPr710\n|raw|XMarcosPr710's rating: 1469 &rarr; <strong>1500<\/strong><br \/>(+31 for winning)\n|raw|TheStroker's rating: 1675 &rarr; <strong>1644<\/strong><br \/>(-31 for losing)\n","uploadtime":1701214243,"views":21,"p1id":"xmarcospr710","p2id":"thestroker","formatid":"gen9nationaldex","rating":1500,"private":0,"password":""}