{"id":"gen9nationaldex-1995420987","p1":"starlitbox","p2":"staktaka_3030","format":"[Gen 9] National Dex","log":"|html|<div class=\"broadcast-blue\"><strong>[Gen 9] National Dex is currently suspecting Sneasler! For information on how to participate check out the <a href=\"https:\/\/www.smogon.com\/forums\/threads\/sv-national-dex-suspect-8-just-dance.3731534\/\">suspect thread<\/a>.<\/strong><\/div>\n|j|\u2606starlitbox\n|j|\u2606staktaka_3030\n|t:|1700568582\n|gametype|singles\n|player|p1|starlitbox|silver|1348\n|player|p2|staktaka_3030|102|1327\n|teamsize|p1|6\n|teamsize|p2|6\n|gen|9\n|tier|[Gen 9] National Dex\n|rated|\n|rule|HP Percentage Mod: HP is shown in percentages\n|rule|Endless Battle Clause: Forcing endless battles is banned\n|rule|OHKO Clause: OHKO moves are banned\n|rule|Evasion Clause: Evasion abilities, items, and moves are banned\n|rule|Evasion Abilities Clause: Evasion abilities are banned\n|rule|Evasion Items Clause: Evasion items are banned\n|rule|Evasion Moves Clause: Evasion moves are banned\n|rule|Species Clause: Limit one of each Pok\u00e9mon\n|rule|Sleep Clause Mod: Limit one foe put to sleep\n|clearpoke\n|poke|p1|Landorus-Therian, M|\n|poke|p1|Greninja-*, M|\n|poke|p1|Volcarona, F|\n|poke|p1|Iron Valiant|\n|poke|p1|Ogerpon-Wellspring, F|\n|poke|p1|Tapu Koko|\n|poke|p2|Pelipper, F|\n|poke|p2|Barraskewda, M|\n|poke|p2|Tapu Lele|\n|poke|p2|Basculegion, M|\n|poke|p2|Moltres|\n|poke|p2|Urshifu-*, F|\n|teampreview\n|inactive|Battle timer is ON: inactive players will automatically lose when time's up. (requested by staktaka_3030)\n|inactive|staktaka_3030 has 120 seconds left.\n|\n|t:|1700568629\n|start\n|switch|p1a: Tapu Koko|Tapu Koko|100\/100\n|switch|p2a: Urshifu|Urshifu-Rapid-Strike, F|100\/100\n|-fieldstart|move: Electric Terrain|[from] ability: Electric Surge|[of] p1a: Tapu Koko\n|turn|1\n|\n|t:|1700568638\n|-terastallize|p2a: Urshifu|Water\n|move|p2a: Urshifu|Surging Strikes|p1a: Tapu Koko\n|-crit|p1a: Tapu Koko\n|-damage|p1a: Tapu Koko|63\/100\n|-crit|p1a: Tapu Koko\n|-damage|p1a: Tapu Koko|27\/100\n|-crit|p1a: Tapu Koko\n|-damage|p1a: Tapu Koko|0 fnt\n|faint|p1a: Tapu Koko\n|-hitcount|p1: Tapu Koko|3\n|\n|upkeep\n|\n|t:|1700568645\n|switch|p1a: Landorus|Landorus-Therian, M|100\/100\n|-ability|p1a: Landorus|Intimidate|boost\n|-unboost|p2a: Urshifu|atk|1\n|turn|2\n|\n|t:|1700568653\n|move|p2a: Urshifu|Surging Strikes|p1a: Landorus\n|-supereffective|p1a: Landorus\n|-crit|p1a: Landorus\n|-damage|p1a: Landorus|45\/100\n|-supereffective|p1a: Landorus\n|-crit|p1a: Landorus\n|-damage|p1a: Landorus|0 fnt\n|faint|p1a: Landorus\n|-hitcount|p1: Landorus|2\n|\n|upkeep\n|\n|t:|1700568659\n|switch|p1a: Iron Valiant|Iron Valiant|100\/100\n|-activate|p1a: Iron Valiant|ability: Quark Drive\n|-start|p1a: Iron Valiant|quarkdrivespe\n|turn|3\n|\n|t:|1700568666\n|-terastallize|p1a: Iron Valiant|Fairy\n|move|p1a: Iron Valiant|Moonblast|p2a: Urshifu\n|-damage|p2a: Urshifu|0 fnt\n|faint|p2a: Urshifu\n|\n|upkeep\n|\n|t:|1700568674\n|switch|p2a: Pelipper|Pelipper, F|100\/100\n|-weather|RainDance|[from] ability: Drizzle|[of] p2a: Pelipper\n|turn|4\n|\n|t:|1700568679\n|move|p1a: Iron Valiant|Moonblast|p2a: Pelipper\n|-damage|p2a: Pelipper|0 fnt\n|faint|p2a: Pelipper\n|\n|-weather|RainDance|[upkeep]\n|upkeep\n|\n|t:|1700568683\n|switch|p2a: Basculegion|Basculegion, M|100\/100\n|turn|5\n|\n|t:|1700568691\n|move|p1a: Iron Valiant|Moonblast|p2a: Basculegion\n|-damage|p2a: Basculegion|0 fnt\n|faint|p2a: Basculegion\n|\n|-weather|RainDance|[upkeep]\n|-fieldend|move: Electric Terrain\n|-end|p1a: Iron Valiant|Quark Drive\n|upkeep\n|\n|t:|1700568694\n|switch|p2a: Barraskewda|Barraskewda, M, shiny|100\/100\n|turn|6\n|\n|t:|1700568704\n|move|p2a: Barraskewda|Flip Turn|p1a: Iron Valiant\n|-damage|p1a: Iron Valiant|3\/100\n|\n|t:|1700568711\n|switch|p2a: Moltres|Moltres|100\/100|[from] Flip Turn\n|move|p1a: Iron Valiant|Moonblast|p2a: Moltres\n|-resisted|p2a: Moltres\n|-damage|p2a: Moltres|54\/100\n|\n|-weather|RainDance|[upkeep]\n|upkeep\n|turn|7\n|\n|t:|1700568720\n|move|p1a: Iron Valiant|Moonblast|p2a: Moltres\n|-resisted|p2a: Moltres\n|-damage|p2a: Moltres|8\/100\n|move|p2a: Moltres|Hurricane|p1a: Iron Valiant\n|-damage|p1a: Iron Valiant|0 fnt\n|faint|p1a: Iron Valiant\n|-end|p1a: Iron Valiant|Quark Drive|[silent]\n|\n|-weather|RainDance|[upkeep]\n|upkeep\n|\n|t:|1700568732\n|switch|p1a: Greninja|Greninja, M|100\/100\n|turn|8\n|\n|t:|1700568750\n|move|p1a: Greninja|Dark Pulse|p2a: Moltres\n|-damage|p2a: Moltres|0 fnt\n|faint|p2a: Moltres\n|-ability|p1a: Greninja|Battle Bond|boost\n|-boost|p1a: Greninja|atk|1\n|-boost|p1a: Greninja|spa|1\n|-boost|p1a: Greninja|spe|1\n|-activate|p1a: Greninja|ability: Battle Bond\n|\n|-weather|RainDance|[upkeep]\n|upkeep\n|\n|t:|1700568753\n|switch|p2a: Barraskewda|Barraskewda, M, shiny|100\/100\n|turn|9\n|\n|t:|1700568766\n|move|p2a: Barraskewda|Close Combat|p1a: Greninja\n|-supereffective|p1a: Greninja\n|-damage|p1a: Greninja|0 fnt\n|-unboost|p2a: Barraskewda|def|1\n|-unboost|p2a: Barraskewda|spd|1\n|faint|p1a: Greninja\n|\n|-weather|RainDance|[upkeep]\n|upkeep\n|\n|t:|1700568778\n|switch|p1a: Volcarona|Volcarona, F|100\/100\n|turn|10\n|\n|t:|1700568782\n|switch|p2a: Tapu Lele|Tapu Lele|100\/100\n|-fieldstart|move: Psychic Terrain|[from] ability: Psychic Surge|[of] p2a: Tapu Lele\n|move|p1a: Volcarona|Quiver Dance|p1a: Volcarona\n|-boost|p1a: Volcarona|spa|1\n|-boost|p1a: Volcarona|spd|1\n|-boost|p1a: Volcarona|spe|1\n|\n|-weather|RainDance|[upkeep]\n|upkeep\n|turn|11\n|\n|t:|1700568794\n|move|p1a: Volcarona|Fiery Dance|p2a: Tapu Lele\n|-crit|p2a: Tapu Lele\n|-damage|p2a: Tapu Lele|47\/100\n|-zpower|p2a: Tapu Lele\n|move|p2a: Tapu Lele|Shattered Psyche|p1a: Volcarona|[zeffect]\n|-damage|p1a: Volcarona|18\/100\n|\n|-weather|none\n|upkeep\n|turn|12\n|\n|t:|1700568804\n|move|p1a: Volcarona|Giga Drain|p2a: Tapu Lele\n|-damage|p2a: Tapu Lele|3\/100\n|-heal|p1a: Volcarona|37\/100|[from] drain|[of] p2a: Tapu Lele\n|move|p2a: Tapu Lele|Psychic|p1a: Volcarona\n|-damage|p1a: Volcarona|0 fnt\n|faint|p1a: Volcarona\n|\n|upkeep\n|\n|t:|1700568810\n|switch|p1a: Ogerpon|Ogerpon-Wellspring, F|100\/100\n|turn|13\n|\n|t:|1700568817\n|move|p1a: Ogerpon|Horn Leech|p2a: Tapu Lele\n|-damage|p2a: Tapu Lele|0 fnt\n|faint|p2a: Tapu Lele\n|\n|upkeep\n|\n|t:|1700568819\n|switch|p2a: Barraskewda|Barraskewda, M, shiny|100\/100\n|turn|14\n|\n|t:|1700568835\n|move|p2a: Barraskewda|Close Combat|p1a: Ogerpon\n|-damage|p1a: Ogerpon|21\/100\n|-unboost|p2a: Barraskewda|def|1\n|-unboost|p2a: Barraskewda|spd|1\n|move|p1a: Ogerpon|Horn Leech|p2a: Barraskewda\n|-supereffective|p2a: Barraskewda\n|-damage|p2a: Barraskewda|0 fnt\n|-heal|p1a: Ogerpon|65\/100|[from] drain|[of] p2a: Barraskewda\n|faint|p2a: Barraskewda\n|\n|win|starlitbox\n|raw|starlitbox's rating: 1348 &rarr; <strong>1367<\/strong><br \/>(+19 for winning)\n|raw|staktaka_3030's rating: 1327 &rarr; <strong>1308<\/strong><br \/>(-19 for losing)\n","uploadtime":1700568853,"views":8,"p1id":"starlitbox","p2id":"staktaka3030","formatid":"gen9nationaldex","rating":1308,"private":0,"password":""}