{"id":"gen9nationaldex-1992660317","p1":"Tomo_Limo","p2":"Weredude08","format":"[Gen 9] National Dex","log":"|j|\u2606Tomo_Limo\n|j|\u203dWeredude08\n|t:|1700221796\n|gametype|singles\n|player|p1|Tomo_Limo|mira|1539\n|player|p2|Weredude08|steven|1484\n|teamsize|p1|6\n|teamsize|p2|6\n|gen|9\n|tier|[Gen 9] National Dex\n|rated|\n|rule|HP Percentage Mod: HP is shown in percentages\n|rule|Endless Battle Clause: Forcing endless battles is banned\n|rule|OHKO Clause: OHKO moves are banned\n|rule|Evasion Clause: Evasion abilities, items, and moves are banned\n|rule|Evasion Abilities Clause: Evasion abilities are banned\n|rule|Evasion Items Clause: Evasion items are banned\n|rule|Evasion Moves Clause: Evasion moves are banned\n|rule|Species Clause: Limit one of each Pok\u00e9mon\n|rule|Sleep Clause Mod: Limit one foe put to sleep\n|clearpoke\n|poke|p1|Ampharos, F|\n|poke|p1|Klefki, M|\n|poke|p1|Starmie|\n|poke|p1|Misdreavus, M|\n|poke|p1|Volcarona, F|\n|poke|p1|Goodra-Hisui, M|\n|poke|p2|Blaziken, M|\n|poke|p2|Rotom-Wash|\n|poke|p2|Glimmora, M|\n|poke|p2|Latios, M|\n|poke|p2|Gliscor, F|\n|poke|p2|Aegislash, F|\n|teampreview\n|inactive|Battle timer is ON: inactive players will automatically lose when time's up. (requested by Weredude08)\n|\n|t:|1700221824\n|start\n|switch|p1a: Ampharos|Ampharos, F, shiny|100\/100\n|switch|p2a: Gliscor|Gliscor, F|100\/100\n|turn|1\n|\n|t:|1700221831\n|switch|p1a: Misdreavus|Misdreavus, M, shiny|100\/100\n|move|p2a: Gliscor|Earthquake|p1a: Misdreavus\n|-immune|p1a: Misdreavus|[from] ability: Levitate\n|\n|-status|p2a: Gliscor|tox|[from] item: Toxic Orb\n|upkeep\n|turn|2\n|\n|t:|1700221840\n|switch|p1a: Klefki|Klefki, M|100\/100\n|move|p2a: Gliscor|Spikes|p1a: Klefki\n|-sidestart|p1: Tomo_Limo|Spikes\n|\n|upkeep\n|turn|3\n|\n|t:|1700221847\n|move|p1a: Klefki|Magnet Rise|p1a: Klefki\n|-start|p1a: Klefki|Magnet Rise\n|move|p2a: Gliscor|Earthquake|p1a: Klefki\n|-immune|p1a: Klefki\n|\n|upkeep\n|turn|4\n|\n|t:|1700221855\n|move|p2a: Gliscor|U-turn|p1a: Klefki\n|-resisted|p1a: Klefki\n|-damage|p1a: Klefki|97\/100\n|\n|t:|1700221858\n|switch|p2a: Aegislash|Aegislash, F|100\/100|[from] U-turn\n|-zpower|p1a: Klefki\n|move|p1a: Klefki|Corkscrew Crash|p2a: Aegislash|[zeffect]\n|-resisted|p2a: Aegislash\n|-damage|p2a: Aegislash|78\/100\n|\n|-heal|p2a: Aegislash|84\/100|[from] item: Leftovers\n|upkeep\n|turn|5\n|\n|t:|1700221871\n|move|p1a: Klefki|Reflect|p1a: Klefki\n|-sidestart|p1: Tomo_Limo|Reflect\n|-formechange|p2a: Aegislash|Aegislash-Blade||[from] ability: Stance Change\n|move|p2a: Aegislash|Shadow Ball|p1a: Klefki\n|-damage|p1a: Klefki|42\/100\n|\n|-heal|p2a: Aegislash|90\/100|[from] item: Leftovers\n|upkeep\n|turn|6\n|\n|t:|1700221880\n|move|p1a: Klefki|Foul Play|p2a: Aegislash\n|-supereffective|p2a: Aegislash\n|-damage|p2a: Aegislash|1\/100\n|move|p2a: Aegislash|Shadow Ball|p1a: Klefki\n|-damage|p1a: Klefki|0 fnt\n|faint|p1a: Klefki\n|\n|-heal|p2a: Aegislash|7\/100|[from] item: Leftovers\n|upkeep\n|\n|t:|1700221892\n|switch|p1a: Volcarona|Volcarona, F|100\/100\n|turn|7\n|\n|t:|1700221900\n|move|p1a: Volcarona|Psychic|p2a: Aegislash\n|-resisted|p2a: Aegislash\n|-damage|p2a: Aegislash|0 fnt\n|faint|p2a: Aegislash\n|\n|upkeep\n|\n|t:|1700221903\n|switch|p2a: Glimmora|Glimmora, M|100\/100\n|turn|8\n|inactive|Tomo_Limo has 120 seconds left.\n|\n|t:|1700221938\n|-terastallize|p1a: Volcarona|Ground\n|move|p1a: Volcarona|Quiver Dance|p1a: Volcarona\n|-boost|p1a: Volcarona|spa|1\n|-boost|p1a: Volcarona|spd|1\n|-boost|p1a: Volcarona|spe|1\n|move|p2a: Glimmora|Power Gem|p1a: Volcarona\n|-resisted|p1a: Volcarona\n|-damage|p1a: Volcarona|87\/100\n|\n|upkeep\n|turn|9\n|inactive|Tomo_Limo has 120 seconds left.\n|\n|t:|1700221950\n|move|p1a: Volcarona|Psychic|p2a: Glimmora\n|-supereffective|p2a: Glimmora\n|-enditem|p2a: Glimmora|Focus Sash\n|-damage|p2a: Glimmora|1\/100\n|move|p2a: Glimmora|Mortal Spin|p1a: Volcarona\n|-resisted|p1a: Volcarona\n|-damage|p1a: Volcarona|85\/100\n|-status|p1a: Volcarona|psn\n|\n|-damage|p1a: Volcarona|73\/100 psn|[from] psn\n|-sideend|p1: Tomo_Limo|Reflect\n|upkeep\n|turn|10\n|inactive|Tomo_Limo has 120 seconds left.\n|\n|t:|1700221963\n|move|p1a: Volcarona|Fiery Dance|p2a: Glimmora\n|-resisted|p2a: Glimmora\n|-damage|p2a: Glimmora|0 fnt\n|-boost|p1a: Volcarona|spa|1\n|faint|p2a: Glimmora\n|\n|-damage|p1a: Volcarona|60\/100 psn|[from] psn\n|upkeep\n|\n|t:|1700221971\n|switch|p2a: Gliscor|Gliscor, F|100\/100 tox\n|turn|11\n|\n|t:|1700221974\n|move|p1a: Volcarona|Fiery Dance|p2a: Gliscor\n|-damage|p2a: Gliscor|0 fnt\n|faint|p2a: Gliscor\n|\n|-damage|p1a: Volcarona|48\/100 psn|[from] psn\n|upkeep\n|\n|t:|1700221979\n|switch|p2a: Rotom|Rotom-Wash|100\/100\n|turn|12\n|\n|t:|1700221984\n|move|p2a: Rotom|Protect|p2a: Rotom\n|-singleturn|p2a: Rotom|Protect\n|move|p1a: Volcarona|Psychic|p2a: Rotom\n|-activate|p2a: Rotom|move: Protect\n|\n|-damage|p1a: Volcarona|36\/100 psn|[from] psn\n|upkeep\n|turn|13\n|\n|t:|1700221992\n|move|p1a: Volcarona|Psychic|p2a: Rotom\n|-damage|p2a: Rotom|50\/100\n|move|p2a: Rotom|Hydro Pump|p1a: Volcarona\n|-supereffective|p1a: Volcarona\n|-damage|p1a: Volcarona|0 fnt\n|faint|p1a: Volcarona\n|\n|-heal|p2a: Rotom|56\/100|[from] item: Leftovers\n|upkeep\n|\n|t:|1700222004\n|switch|p1a: Ampharos|Ampharos, F, shiny|100\/100\n|-damage|p1a: Ampharos|88\/100|[from] Spikes\n|turn|14\n|\n|t:|1700222011\n|detailschange|p1a: Ampharos|Ampharos-Mega, F, shiny\n|-mega|p1a: Ampharos|Ampharos|Ampharosite\n|-ability|p1a: Ampharos|Mold Breaker\n|move|p2a: Rotom|Protect|p2a: Rotom\n|-singleturn|p2a: Rotom|Protect\n|move|p1a: Ampharos|Toxic|p2a: Rotom\n|-activate|p2a: Rotom|move: Protect\n|\n|-heal|p2a: Rotom|62\/100|[from] item: Leftovers\n|upkeep\n|turn|15\n|\n|t:|1700222023\n|move|p2a: Rotom|Volt Switch|p1a: Ampharos\n|-resisted|p1a: Ampharos\n|-damage|p1a: Ampharos|83\/100\n|\n|t:|1700222025\n|switch|p2a: Latios|Latios, M|100\/100|[from] Volt Switch\n|move|p1a: Ampharos|Toxic|p2a: Latios\n|-status|p2a: Latios|tox\n|\n|-damage|p2a: Latios|95\/100 tox|[from] psn\n|upkeep\n|turn|16\n|\n|t:|1700222037\n|switch|p1a: Misdreavus|Misdreavus, M, shiny|100\/100\n|detailschange|p2a: Latios|Latios-Mega, M\n|-mega|p2a: Latios|Latios|Latiosite\n|move|p2a: Latios|Draco Meteor|p1a: Misdreavus\n|-damage|p1a: Misdreavus|56\/100\n|-unboost|p2a: Latios|spa|2\n|\n|-damage|p2a: Latios|83\/100 tox|[from] psn\n|upkeep\n|turn|17\n|\n|t:|1700222052\n|switch|p2a: Rotom|Rotom-Wash|62\/100\n|move|p1a: Misdreavus|Night Shade|p2a: Rotom\n|-damage|p2a: Rotom|29\/100\n|\n|-heal|p2a: Rotom|36\/100|[from] item: Leftovers\n|upkeep\n|turn|18\n|\n|t:|1700222063\n|move|p2a: Rotom|Hydro Pump|p1a: Misdreavus|[miss]\n|-miss|p2a: Rotom|p1a: Misdreavus\n|move|p1a: Misdreavus|Draining Kiss|p2a: Rotom\n|-damage|p2a: Rotom|27\/100\n|-heal|p1a: Misdreavus|62\/100|[from] drain|[of] p2a: Rotom\n|\n|-heal|p2a: Rotom|34\/100|[from] item: Leftovers\n|upkeep\n|turn|19\n|\n|t:|1700222073\n|move|p2a: Rotom|Will-O-Wisp|p1a: Misdreavus\n|-status|p1a: Misdreavus|brn\n|move|p1a: Misdreavus|Night Shade|p2a: Rotom\n|-damage|p2a: Rotom|1\/100\n|\n|-heal|p2a: Rotom|7\/100|[from] item: Leftovers\n|-damage|p1a: Misdreavus|56\/100 brn|[from] brn\n|upkeep\n|turn|20\n|\n|t:|1700222084\n|move|p2a: Rotom|Protect|p2a: Rotom\n|-singleturn|p2a: Rotom|Protect\n|move|p1a: Misdreavus|Night Shade|p2a: Rotom\n|-activate|p2a: Rotom|move: Protect\n|\n|-heal|p2a: Rotom|13\/100|[from] item: Leftovers\n|-damage|p1a: Misdreavus|50\/100 brn|[from] brn\n|upkeep\n|turn|21\n|\n|t:|1700222095\n|switch|p1a: Starmie|Starmie|100\/100\n|-damage|p1a: Starmie|88\/100|[from] Spikes\n|move|p2a: Rotom|Hydro Pump|p1a: Starmie\n|-resisted|p1a: Starmie\n|-damage|p1a: Starmie|61\/100\n|\n|-heal|p2a: Rotom|20\/100|[from] item: Leftovers\n|upkeep\n|turn|22\n|\n|t:|1700222106\n|move|p2a: Rotom|Protect|p2a: Rotom\n|-singleturn|p2a: Rotom|Protect\n|move|p1a: Starmie|Psychic|p2a: Rotom\n|-activate|p2a: Rotom|move: Protect\n|\n|-heal|p2a: Rotom|26\/100|[from] item: Leftovers\n|upkeep\n|turn|23\n|\n|t:|1700222115\n|move|p1a: Starmie|Psychic|p2a: Rotom\n|-damage|p2a: Rotom|0 fnt\n|faint|p2a: Rotom\n|\n|upkeep\n|\n|t:|1700222118\n|switch|p2a: Blaziken|Blaziken, M|100\/100\n|turn|24\n|\n|t:|1700222124\n|move|p2a: Blaziken|Protect|p2a: Blaziken\n|-singleturn|p2a: Blaziken|Protect\n|move|p1a: Starmie|Psychic|p2a: Blaziken\n|-activate|p2a: Blaziken|move: Protect\n|\n|-ability|p2a: Blaziken|Speed Boost|boost\n|-boost|p2a: Blaziken|spe|1\n|upkeep\n|turn|25\n|\n|t:|1700222132\n|move|p2a: Blaziken|U-turn|p1a: Starmie\n|-supereffective|p1a: Starmie\n|-damage|p1a: Starmie|0 fnt\n|faint|p1a: Starmie\n|\n|t:|1700222134\n|switch|p2a: Latios|Latios-Mega, M|83\/100 tox|[from] U-turn\n|\n|-damage|p2a: Latios|77\/100 tox|[from] psn\n|upkeep\n|\n|t:|1700222142\n|switch|p1a: Misdreavus|Misdreavus, M, shiny|50\/100 brn\n|turn|26\n|\n|t:|1700222149\n|move|p2a: Latios|Calm Mind|p2a: Latios\n|-boost|p2a: Latios|spa|1\n|-boost|p2a: Latios|spd|1\n|move|p1a: Misdreavus|Pain Split|p2a: Latios\n|-sethp|p2a: Latios|65\/100 tox|[from] move: Pain Split|[silent]\n|-sethp|p1a: Misdreavus|60\/100 brn|[from] move: Pain Split\n|\n|-damage|p2a: Latios|53\/100 tox|[from] psn\n|-damage|p1a: Misdreavus|54\/100 brn|[from] brn\n|upkeep\n|turn|27\n|\n|t:|1700222162\n|move|p2a: Latios|Psyshock|p1a: Misdreavus\n|-damage|p1a: Misdreavus|0 fnt\n|faint|p1a: Misdreavus\n|\n|-damage|p2a: Latios|35\/100 tox|[from] psn\n|upkeep\n|\n|t:|1700222169\n|switch|p1a: Goodra|Goodra-Hisui, M|100\/100\n|-damage|p1a: Goodra|88\/100|[from] Spikes\n|turn|28\n|\n|t:|1700222177\n|move|p2a: Latios|Draco Meteor|p1a: Goodra\n|-damage|p1a: Goodra|14\/100\n|-unboost|p2a: Latios|spa|2\n|move|p1a: Goodra|Acid Spray|p2a: Latios\n|-crit|p2a: Latios\n|-damage|p2a: Latios|21\/100 tox\n|-unboost|p2a: Latios|spd|2\n|\n|-damage|p2a: Latios|0 fnt|[from] psn\n|faint|p2a: Latios\n|upkeep\n|\n|t:|1700222179\n|switch|p2a: Blaziken|Blaziken, M|100\/100\n|turn|29\n|\n|t:|1700222193\n|move|p2a: Blaziken|Close Combat|p1a: Goodra\n|-supereffective|p1a: Goodra\n|-damage|p1a: Goodra|0 fnt\n|-unboost|p2a: Blaziken|def|1\n|-unboost|p2a: Blaziken|spd|1\n|faint|p1a: Goodra\n|\n|-ability|p2a: Blaziken|Speed Boost|boost\n|-boost|p2a: Blaziken|spe|1\n|upkeep\n|\n|t:|1700222202\n|switch|p1a: Ampharos|Ampharos-Mega, F, shiny|83\/100\n|-damage|p1a: Ampharos|71\/100|[from] Spikes\n|-ability|p1a: Ampharos|Mold Breaker\n|turn|30\n|\n|t:|1700222209\n|move|p2a: Blaziken|Close Combat|p1a: Ampharos\n|-damage|p1a: Ampharos|32\/100\n|-unboost|p2a: Blaziken|def|1\n|-unboost|p2a: Blaziken|spd|1\n|move|p1a: Ampharos|Thunderbolt|p2a: Blaziken\n|-damage|p2a: Blaziken|0 fnt\n|faint|p2a: Blaziken\n|\n|win|Tomo_Limo\n|raw|Tomo_Limo's rating: 1539 &rarr; <strong>1556<\/strong><br \/>(+17 for winning)\n|raw|Weredude08's rating: 1484 &rarr; <strong>1467<\/strong><br \/>(-17 for losing)\n|l|\u203dWeredude08\n","uploadtime":1700222222,"views":13,"p1id":"tomolimo","p2id":"weredude08","formatid":"gen9nationaldex","rating":1467,"private":0,"password":""}