{"id":"gen9nationaldex-1995306209","p1":"kaguranananoDD","p2":"Tokiwakano","format":"[Gen 9] National Dex","log":"|html|<div class=\"broadcast-blue\"><strong>[Gen 9] National Dex is currently suspecting Sneasler! For information on how to participate check out the <a href=\"https:\/\/www.smogon.com\/forums\/threads\/sv-national-dex-suspect-8-just-dance.3731534\/\">suspect thread<\/a>.<\/strong><\/div>\n|j|\u2606kaguranananoDD\n|j|\u203dTokiwakano\n|t:|1700550629\n|gametype|singles\n|player|p1|kaguranananoDD|elesa|1582\n|player|p2|Tokiwakano|caitlin|1695\n|teamsize|p1|6\n|teamsize|p2|6\n|gen|9\n|tier|[Gen 9] National Dex\n|rated|\n|rule|HP Percentage Mod: HP is shown in percentages\n|rule|Endless Battle Clause: Forcing endless battles is banned\n|rule|OHKO Clause: OHKO moves are banned\n|rule|Evasion Clause: Evasion abilities, items, and moves are banned\n|rule|Evasion Abilities Clause: Evasion abilities are banned\n|rule|Evasion Items Clause: Evasion items are banned\n|rule|Evasion Moves Clause: Evasion moves are banned\n|rule|Species Clause: Limit one of each Pok\u00e9mon\n|rule|Sleep Clause Mod: Limit one foe put to sleep\n|clearpoke\n|poke|p1|Banette, F|\n|poke|p1|Alomomola, M|\n|poke|p1|Landorus-Therian, M|\n|poke|p1|Heatran, M|\n|poke|p1|Garganacl, F|\n|poke|p1|Iron Valiant|\n|poke|p2|Kyurem|\n|poke|p2|Clodsire, M|\n|poke|p2|Kartana|\n|poke|p2|Corviknight, M|\n|poke|p2|Tapu Lele|\n|poke|p2|Heatran, M|\n|teampreview\n|inactive|Battle timer is ON: inactive players will automatically lose when time's up. (requested by Tokiwakano)\n|\n|t:|1700550638\n|start\n|switch|p1a: Landorus|Landorus-Therian, M|100\/100\n|switch|p2a: Kartana|Kartana|100\/100\n|-ability|p1a: Landorus|Intimidate|boost\n|-unboost|p2a: Kartana|atk|1\n|turn|1\n|\n|t:|1700550644\n|switch|p1a: Heatran|Heatran, M|100\/100\n|move|p2a: Kartana|Knock Off|p1a: Heatran\n|-damage|p1a: Heatran|75\/100\n|-enditem|p1a: Heatran|Leftovers|[from] move: Knock Off|[of] p2a: Kartana\n|\n|upkeep\n|turn|2\n|\n|t:|1700550651\n|switch|p2a: Heatran|Heatran, M|100\/100\n|move|p1a: Heatran|Magma Storm|p2a: Heatran\n|-start|p2a: Heatran|ability: Flash Fire\n|\n|upkeep\n|turn|3\n|\n|t:|1700550660\n|switch|p1a: Landorus|Landorus-Therian, M|100\/100\n|-ability|p1a: Landorus|Intimidate|boost\n|-unboost|p2a: Heatran|atk|1\n|move|p2a: Heatran|Stealth Rock|p1a: Landorus\n|-sidestart|p1: kaguranananoDD|move: Stealth Rock\n|\n|upkeep\n|turn|4\n|\n|t:|1700550664\n|move|p1a: Landorus|Earthquake|p2a: Heatran\n|-supereffective|p2a: Heatran\n|-damage|p2a: Heatran|0 fnt\n|faint|p2a: Heatran\n|\n|upkeep\n|\n|t:|1700550667\n|switch|p2a: Kyurem|Kyurem|100\/100\n|-ability|p2a: Kyurem|Pressure\n|turn|5\n|\n|t:|1700550673\n|move|p2a: Kyurem|Dragon Dance|p2a: Kyurem\n|-boost|p2a: Kyurem|atk|1\n|-boost|p2a: Kyurem|spe|1\n|-zpower|p1a: Landorus\n|move|p1a: Landorus|Z-Defog|p2a: Kyurem|[anim]Defog\n|-boost|p1a: Landorus|accuracy|1|[zeffect]\n|-unboost|p2a: Kyurem|evasion|1\n|-sideend|p1: kaguranananoDD|Stealth Rock|[from] move: Defog|[of] p1a: Landorus\n|\n|upkeep\n|turn|6\n|\n|t:|1700550684\n|move|p2a: Kyurem|Icicle Spear|p1a: Landorus\n|-supereffective|p1a: Landorus\n|-damage|p1a: Landorus|20\/100\n|-supereffective|p1a: Landorus\n|-damage|p1a: Landorus|0 fnt\n|faint|p1a: Landorus\n|-hitcount|p1: Landorus|2\n|\n|upkeep\n|\n|t:|1700550688\n|switch|p1a: Iron Valiant|Iron Valiant|100\/100\n|-enditem|p1a: Iron Valiant|Booster Energy\n|-activate|p1a: Iron Valiant|ability: Quark Drive|[fromitem]\n|-start|p1a: Iron Valiant|quarkdrivespe\n|turn|7\n|j| gobbyhappy1\n|\n|t:|1700550693\n|switch|p2a: Clodsire|Clodsire, M|100\/100\n|move|p1a: Iron Valiant|Moonblast|p2a: Clodsire\n|-resisted|p2a: Clodsire\n|-damage|p2a: Clodsire|87\/100\n|\n|upkeep\n|turn|8\n|\n|t:|1700550697\n|-terastallize|p1a: Iron Valiant|Steel\n|move|p1a: Iron Valiant|Calm Mind|p1a: Iron Valiant\n|-boost|p1a: Iron Valiant|spa|1\n|-boost|p1a: Iron Valiant|spd|1\n|move|p2a: Clodsire|Toxic|p1a: Iron Valiant\n|-immune|p1a: Iron Valiant\n|\n|upkeep\n|turn|9\n|j| QuailEdits\n|\n|t:|1700550701\n|move|p1a: Iron Valiant|Calm Mind|p1a: Iron Valiant\n|-boost|p1a: Iron Valiant|spa|1\n|-boost|p1a: Iron Valiant|spd|1\n|move|p2a: Clodsire|Earthquake|p1a: Iron Valiant\n|-supereffective|p1a: Iron Valiant\n|-damage|p1a: Iron Valiant|25\/100\n|\n|upkeep\n|turn|10\n|\n|t:|1700550704\n|move|p1a: Iron Valiant|Moonblast|p2a: Clodsire\n|-resisted|p2a: Clodsire\n|-damage|p2a: Clodsire|74\/100\n|move|p2a: Clodsire|Earthquake|p1a: Iron Valiant\n|-supereffective|p1a: Iron Valiant\n|-damage|p1a: Iron Valiant|0 fnt\n|faint|p1a: Iron Valiant\n|-end|p1a: Iron Valiant|Quark Drive|[silent]\n|\n|upkeep\n|\n|t:|1700550708\n|switch|p1a: Garganacl|Garganacl, F|100\/100\n|turn|11\n|\n|t:|1700550715\n|move|p1a: Garganacl|Iron Defense|p1a: Garganacl\n|-boost|p1a: Garganacl|def|2\n|move|p2a: Clodsire|Spikes|p1a: Garganacl\n|-sidestart|p1: kaguranananoDD|Spikes\n|\n|upkeep\n|turn|12\n|\n|t:|1700550725\n|move|p1a: Garganacl|Salt Cure|p2a: Clodsire\n|-resisted|p2a: Clodsire\n|-crit|p2a: Clodsire\n|-damage|p2a: Clodsire|62\/100\n|-start|p2a: Clodsire|Salt Cure\n|move|p2a: Clodsire|Spikes|p1a: Garganacl\n|-sidestart|p1: kaguranananoDD|Spikes\n|\n|-damage|p2a: Clodsire|49\/100|[from] Salt Cure\n|upkeep\n|turn|13\n|\n|t:|1700550728\n|move|p1a: Garganacl|Iron Defense|p1a: Garganacl\n|-boost|p1a: Garganacl|def|2\n|move|p2a: Clodsire|Recover|p2a: Clodsire\n|-heal|p2a: Clodsire|99\/100\n|\n|-damage|p2a: Clodsire|87\/100|[from] Salt Cure\n|upkeep\n|turn|14\n|\n|t:|1700550732\n|switch|p2a: Kyurem|Kyurem|100\/100\n|-ability|p2a: Kyurem|Pressure\n|move|p1a: Garganacl|Iron Defense|p1a: Garganacl\n|-boost|p1a: Garganacl|def|2\n|\n|upkeep\n|turn|15\n|\n|t:|1700550738\n|-terastallize|p2a: Kyurem|Fairy\n|move|p2a: Kyurem|Substitute|p2a: Kyurem\n|-start|p2a: Kyurem|Substitute\n|-damage|p2a: Kyurem|76\/100\n|move|p1a: Garganacl|Body Press|p2a: Kyurem\n|-resisted|p2a: Kyurem\n|-end|p2a: Kyurem|Substitute\n|\n|-heal|p2a: Kyurem|82\/100|[from] item: Leftovers\n|upkeep\n|turn|16\n|\n|t:|1700550746\n|move|p2a: Kyurem|Substitute|p2a: Kyurem\n|-start|p2a: Kyurem|Substitute\n|-damage|p2a: Kyurem|57\/100\n|move|p1a: Garganacl|Body Press|p2a: Kyurem\n|-resisted|p2a: Kyurem\n|-crit|p2a: Kyurem\n|-end|p2a: Kyurem|Substitute\n|\n|-heal|p2a: Kyurem|63\/100|[from] item: Leftovers\n|upkeep\n|turn|17\n|\n|t:|1700550751\n|move|p2a: Kyurem|Substitute|p2a: Kyurem\n|-start|p2a: Kyurem|Substitute\n|-damage|p2a: Kyurem|38\/100\n|move|p1a: Garganacl|Body Press|p2a: Kyurem\n|-resisted|p2a: Kyurem\n|-end|p2a: Kyurem|Substitute\n|\n|-heal|p2a: Kyurem|44\/100|[from] item: Leftovers\n|upkeep\n|turn|18\n|\n|t:|1700550757\n|move|p2a: Kyurem|Roost|p2a: Kyurem\n|-heal|p2a: Kyurem|94\/100\n|move|p1a: Garganacl|Body Press|p2a: Kyurem\n|-resisted|p2a: Kyurem\n|-damage|p2a: Kyurem|59\/100\n|\n|-heal|p2a: Kyurem|65\/100|[from] item: Leftovers\n|upkeep\n|turn|19\n|\n|t:|1700550762\n|move|p2a: Kyurem|Substitute|p2a: Kyurem\n|-start|p2a: Kyurem|Substitute\n|-damage|p2a: Kyurem|40\/100\n|move|p1a: Garganacl|Body Press|p2a: Kyurem\n|-resisted|p2a: Kyurem\n|-end|p2a: Kyurem|Substitute\n|\n|-heal|p2a: Kyurem|46\/100|[from] item: Leftovers\n|upkeep\n|turn|20\n|l| QuailEdits\n|\n|t:|1700550767\n|move|p2a: Kyurem|Substitute|p2a: Kyurem\n|-start|p2a: Kyurem|Substitute\n|-damage|p2a: Kyurem|21\/100\n|move|p1a: Garganacl|Body Press|p2a: Kyurem\n|-resisted|p2a: Kyurem\n|-end|p2a: Kyurem|Substitute\n|\n|-heal|p2a: Kyurem|27\/100|[from] item: Leftovers\n|upkeep\n|turn|21\n|\n|t:|1700550774\n|move|p2a: Kyurem|Substitute|p2a: Kyurem\n|-start|p2a: Kyurem|Substitute\n|-damage|p2a: Kyurem|2\/100\n|move|p1a: Garganacl|Salt Cure|p2a: Kyurem\n|-activate|p2a: Kyurem|move: Substitute|[damage]\n|\n|-heal|p2a: Kyurem|8\/100|[from] item: Leftovers\n|upkeep\n|turn|22\n|\n|t:|1700550778\n|move|p2a: Kyurem|Roost|p2a: Kyurem\n|-heal|p2a: Kyurem|59\/100\n|move|p1a: Garganacl|Body Press|p2a: Kyurem\n|-resisted|p2a: Kyurem\n|-end|p2a: Kyurem|Substitute\n|\n|-heal|p2a: Kyurem|65\/100|[from] item: Leftovers\n|upkeep\n|turn|23\n|\n|t:|1700550786\n|move|p2a: Kyurem|Substitute|p2a: Kyurem\n|-start|p2a: Kyurem|Substitute\n|-damage|p2a: Kyurem|40\/100\n|move|p1a: Garganacl|Body Press|p2a: Kyurem\n|-resisted|p2a: Kyurem\n|-end|p2a: Kyurem|Substitute\n|\n|-heal|p2a: Kyurem|46\/100|[from] item: Leftovers\n|upkeep\n|turn|24\n|\n|t:|1700550792\n|move|p2a: Kyurem|Substitute|p2a: Kyurem\n|-start|p2a: Kyurem|Substitute\n|-damage|p2a: Kyurem|21\/100\n|move|p1a: Garganacl|Salt Cure|p2a: Kyurem\n|-activate|p2a: Kyurem|move: Substitute|[damage]\n|\n|-heal|p2a: Kyurem|27\/100|[from] item: Leftovers\n|upkeep\n|turn|25\n|\n|t:|1700550794\n|move|p2a: Kyurem|Roost|p2a: Kyurem\n|-heal|p2a: Kyurem|77\/100\n|move|p1a: Garganacl|Salt Cure|p2a: Kyurem\n|-activate|p2a: Kyurem|move: Substitute|[damage]\n|\n|-heal|p2a: Kyurem|83\/100|[from] item: Leftovers\n|upkeep\n|turn|26\n|\n|t:|1700550798\n|move|p2a: Kyurem|Dragon Dance|p2a: Kyurem\n|-boost|p2a: Kyurem|atk|1\n|-boost|p2a: Kyurem|spe|1\n|move|p1a: Garganacl|Salt Cure|p2a: Kyurem\n|-end|p2a: Kyurem|Substitute\n|\n|-heal|p2a: Kyurem|90\/100|[from] item: Leftovers\n|upkeep\n|turn|27\n|\n|t:|1700550804\n|move|p2a: Kyurem|Substitute|p2a: Kyurem\n|-start|p2a: Kyurem|Substitute\n|-damage|p2a: Kyurem|65\/100\n|move|p1a: Garganacl|Salt Cure|p2a: Kyurem\n|-crit|p2a: Kyurem\n|-activate|p2a: Kyurem|move: Substitute|[damage]\n|\n|-heal|p2a: Kyurem|71\/100|[from] item: Leftovers\n|upkeep\n|turn|28\n|-message|kaguranananoDD forfeited.\n|\n|win|Tokiwakano\n|raw|kaguranananoDD's rating: 1582 &rarr; <strong>1568<\/strong><br \/>(-14 for losing)\n|raw|Tokiwakano's rating: 1695 &rarr; <strong>1709<\/strong><br \/>(+14 for winning)\n|l|\u2606kaguranananoDD\n","uploadtime":1700550813,"views":2,"p1id":"kaguranananodd","p2id":"tokiwakano","formatid":"gen9nationaldex","rating":1568,"private":0,"password":""}