{"id":"gen9nationaldex-1990795674","p1":"Tank Tests","p2":"NidoKyng","format":"[Gen 9] National Dex","log":"|j|\u2606Tank Tests\n|j|\u2606NidoKyng\n|t:|1700001646\n|gametype|singles\n|player|p1|Tank Tests|101|1316\n|player|p2|NidoKyng|nate|1388\n|teamsize|p1|6\n|teamsize|p2|6\n|gen|9\n|tier|[Gen 9] National Dex\n|rated|\n|rule|HP Percentage Mod: HP is shown in percentages\n|rule|Endless Battle Clause: Forcing endless battles is banned\n|rule|OHKO Clause: OHKO moves are banned\n|rule|Evasion Clause: Evasion abilities, items, and moves are banned\n|rule|Evasion Abilities Clause: Evasion abilities are banned\n|rule|Evasion Items Clause: Evasion items are banned\n|rule|Evasion Moves Clause: Evasion moves are banned\n|rule|Species Clause: Limit one of each Pok\u00e9mon\n|rule|Sleep Clause Mod: Limit one foe put to sleep\n|clearpoke\n|poke|p1|Avalugg, M|\n|poke|p1|Chansey, F|\n|poke|p1|Aurorus, M|\n|poke|p1|Abomasnow, F|\n|poke|p1|Latias, F|\n|poke|p1|Gliscor, M|\n|poke|p2|Quagsire, F|\n|poke|p2|Lilligant-Hisui, F|\n|poke|p2|Entei|\n|poke|p2|Zeraora|\n|poke|p2|Skarmory, M|\n|poke|p2|Charizard, F|\n|teampreview\n|inactive|Battle timer is ON: inactive players will automatically lose when time's up. (requested by NidoKyng)\n|\n|t:|1700001659\n|start\n|switch|p1a: Latias|Latias, F|100\/100\n|switch|p2a: Skarmory|Skarmory, M|100\/100\n|turn|1\n|\n|t:|1700001662\n|move|p1a: Latias|Substitute|p1a: Latias\n|-start|p1a: Latias|Substitute\n|-damage|p1a: Latias|75\/100\n|move|p2a: Skarmory|Stealth Rock|p1a: Latias\n|-sidestart|p1: Tank Tests|move: Stealth Rock\n|\n|upkeep\n|turn|2\n|\n|t:|1700001667\n|move|p1a: Latias|Calm Mind|p1a: Latias\n|-boost|p1a: Latias|spa|1\n|-boost|p1a: Latias|spd|1\n|move|p2a: Skarmory|Brave Bird|p1a: Latias\n|-end|p1a: Latias|Substitute\n|-damage|p2a: Skarmory|92\/100|[from] Recoil|[of] p1a: Latias\n|\n|upkeep\n|turn|3\n|\n|t:|1700001675\n|detailschange|p1a: Latias|Latias-Mega, F\n|-mega|p1a: Latias|Latias|Latiasite\n|move|p1a: Latias|Calm Mind|p1a: Latias\n|-boost|p1a: Latias|spa|1\n|-boost|p1a: Latias|spd|1\n|move|p2a: Skarmory|Brave Bird|p1a: Latias\n|-damage|p1a: Latias|47\/100\n|-damage|p2a: Skarmory|81\/100|[from] Recoil\n|\n|upkeep\n|turn|4\n|\n|t:|1700001683\n|move|p1a: Latias|Roost|p1a: Latias\n|-heal|p1a: Latias|97\/100\n|-singleturn|p1a: Latias|move: Roost\n|move|p2a: Skarmory|Toxic|p1a: Latias\n|-status|p1a: Latias|tox\n|\n|-damage|p1a: Latias|91\/100 tox|[from] psn\n|upkeep\n|turn|5\n|\n|t:|1700001687\n|move|p1a: Latias|Stored Power|p2a: Skarmory\n|-resisted|p2a: Skarmory\n|-damage|p2a: Skarmory|18\/100\n|move|p2a: Skarmory|Brave Bird|p1a: Latias\n|-damage|p1a: Latias|58\/100 tox\n|-damage|p2a: Skarmory|6\/100|[from] Recoil\n|\n|-damage|p1a: Latias|46\/100 tox|[from] psn\n|upkeep\n|turn|6\n|-enditem|p2a: Skarmory|Custap Berry|[eat]\n|-activate|p2a: Skarmory|item: Custap Berry|[consumed]\n|\n|t:|1700001690\n|move|p2a: Skarmory|Brave Bird|p1a: Latias\n|-damage|p1a: Latias|18\/100 tox\n|-damage|p2a: Skarmory|0 fnt|[from] Recoil\n|faint|p2a: Skarmory\n|move|p1a: Latias|Roost|p1a: Latias\n|-heal|p1a: Latias|68\/100 tox\n|-singleturn|p1a: Latias|move: Roost\n|\n|-damage|p1a: Latias|50\/100 tox|[from] psn\n|upkeep\n|\n|t:|1700001698\n|switch|p2a: Entei|Entei, shiny|100\/100\n|turn|7\n|\n|t:|1700001705\n|switch|p1a: Aurorus|Aurorus, M|100\/100\n|-damage|p1a: Aurorus|76\/100|[from] Stealth Rock\n|-weather|Snow|[from] ability: Snow Warning|[of] p1a: Aurorus\n|move|p2a: Entei|Extreme Speed|p1a: Aurorus\n|-resisted|p1a: Aurorus\n|-damage|p1a: Aurorus|67\/100\n|\n|-weather|Snow|[upkeep]\n|upkeep\n|turn|8\n|\n|t:|1700001715\n|switch|p2a: Axotl|Quagsire, F, shiny|100\/100\n|move|p1a: Aurorus|Aurora Veil|p1a: Aurorus\n|-sidestart|p1: Tank Tests|move: Aurora Veil\n|\n|-weather|Snow|[upkeep]\n|upkeep\n|turn|9\n|\n|t:|1700001719\n|move|p1a: Aurorus|Freeze-Dry|p2a: Axotl\n|-supereffective|p2a: Axotl\n|-damage|p2a: Axotl|0 fnt\n|faint|p2a: Axotl\n|\n|-weather|Snow|[upkeep]\n|upkeep\n|\n|t:|1700001722\n|switch|p2a: Charizard|Charizard, F, shiny|100\/100\n|turn|10\n|\n|t:|1700001730\n|switch|p1a: Chansey|Chansey, F|100\/100\n|-damage|p1a: Chansey|88\/100|[from] Stealth Rock\n|detailschange|p2a: Charizard|Charizard-Mega-Y, F, shiny\n|-mega|p2a: Charizard|Charizard|Charizardite Y\n|-weather|SunnyDay|[from] ability: Drought|[of] p2a: Charizard\n|move|p2a: Charizard|Weather Ball|p1a: Chansey\n|-damage|p1a: Chansey|78\/100\n|\n|-weather|SunnyDay|[upkeep]\n|upkeep\n|turn|11\n|\n|t:|1700001741\n|switch|p2a: Entei|Entei, shiny|100\/100\n|move|p1a: Chansey|Heal Bell|p1a: Chansey\n|-activate|p1a: Chansey|move: Heal Bell\n|-curestatus|p1: Latias|tox|[msg]\n|\n|-weather|SunnyDay|[upkeep]\n|upkeep\n|turn|12\n|\n|t:|1700001752\n|switch|p1a: Aurorus|Aurorus, M|67\/100\n|-damage|p1a: Aurorus|42\/100|[from] Stealth Rock\n|-weather|Snow|[from] ability: Snow Warning|[of] p1a: Aurorus\n|move|p2a: Entei|Sacred Fire|p1a: Aurorus\n|-damage|p1a: Aurorus|25\/100\n|\n|-weather|Snow|[upkeep]\n|upkeep\n|turn|13\n|\n|t:|1700001762\n|move|p2a: Entei|Sacred Fire|p1a: Aurorus\n|-damage|p1a: Aurorus|9\/100\n|move|p1a: Aurorus|Toxic|p2a: Entei\n|-status|p2a: Entei|tox\n|\n|-weather|Snow|[upkeep]\n|-damage|p2a: Entei|94\/100 tox|[from] psn\n|upkeep\n|turn|14\n|\n|t:|1700001772\n|move|p2a: Entei|Sacred Fire|p1a: Aurorus|[miss]\n|-miss|p2a: Entei|p1a: Aurorus\n|move|p1a: Aurorus|Stealth Rock|p2a: Entei\n|-sidestart|p2: NidoKyng|move: Stealth Rock\n|\n|-weather|Snow|[upkeep]\n|-damage|p2a: Entei|82\/100 tox|[from] psn\n|upkeep\n|turn|15\n|\n|t:|1700001780\n|move|p2a: Entei|Sacred Fire|p1a: Aurorus\n|-damage|p1a: Aurorus|0 fnt\n|faint|p1a: Aurorus\n|\n|-weather|Snow|[upkeep]\n|-damage|p2a: Entei|63\/100 tox|[from] psn\n|-sideend|p1: Tank Tests|move: Aurora Veil\n|upkeep\n|\n|t:|1700001783\n|switch|p1a: Gliscor|Gliscor, M|100\/100\n|-damage|p1a: Gliscor|88\/100|[from] Stealth Rock\n|turn|16\n|\n|t:|1700001794\n|move|p2a: Entei|Sacred Fire|p1a: Gliscor\n|-damage|p1a: Gliscor|45\/100\n|-status|p1a: Gliscor|brn\n|move|p1a: Gliscor|Earthquake|p2a: Entei\n|-supereffective|p2a: Entei\n|-damage|p2a: Entei|35\/100 tox\n|\n|-weather|none\n|-damage|p2a: Entei|10\/100 tox|[from] psn\n|-damage|p1a: Gliscor|38\/100 brn|[from] brn\n|upkeep\n|turn|17\n|\n|t:|1700001805\n|move|p2a: Entei|Sacred Fire|p1a: Gliscor\n|-damage|p1a: Gliscor|0 fnt\n|faint|p1a: Gliscor\n|\n|-damage|p2a: Entei|0 fnt|[from] psn\n|faint|p2a: Entei\n|upkeep\n|\n|t:|1700001813\n|switch|p2a: Charizard|Charizard-Mega-Y, F, shiny|100\/100\n|switch|p1a: Abomasnow|Abomasnow, F|100\/100\n|-damage|p2a: Charizard|51\/100|[from] Stealth Rock\n|-weather|SunnyDay|[from] ability: Drought|[of] p2a: Charizard\n|-damage|p1a: Abomasnow|75\/100|[from] Stealth Rock\n|-weather|Snow|[from] ability: Snow Warning|[of] p1a: Abomasnow\n|turn|18\n|\n|t:|1700001816\n|switch|p1a: Chansey|Chansey, F|78\/100\n|-damage|p1a: Chansey|65\/100|[from] Stealth Rock\n|move|p2a: Charizard|Air Slash|p1a: Chansey\n|-damage|p1a: Chansey|56\/100\n|\n|-weather|Snow|[upkeep]\n|upkeep\n|turn|19\n|\n|t:|1700001824\n|switch|p2a: Lilligant|Lilligant-Hisui, F|100\/100\n|-damage|p2a: Lilligant|94\/100|[from] Stealth Rock\n|move|p1a: Chansey|Wish|p1a: Chansey\n|\n|-weather|Snow|[upkeep]\n|upkeep\n|turn|20\n|\n|t:|1700001828\n|switch|p1a: Avalugg|Avalugg, M|100\/100\n|-damage|p1a: Avalugg|76\/100|[from] Stealth Rock\n|move|p2a: Lilligant|Victory Dance|p2a: Lilligant\n|-boost|p2a: Lilligant|atk|1\n|-boost|p2a: Lilligant|def|1\n|-boost|p2a: Lilligant|spe|1\n|\n|-weather|Snow|[upkeep]\n|-heal|p1a: Avalugg|82\/100|[from] ability: Ice Body\n|-heal|p1a: Avalugg|100\/100|[from] move: Wish|[wisher] Chansey\n|upkeep\n|turn|21\n|\n|t:|1700001836\n|move|p2a: Lilligant|Axe Kick|p1a: Avalugg\n|-supereffective|p1a: Avalugg\n|-damage|p1a: Avalugg|52\/100\n|move|p1a: Avalugg|Curse|p1a: Avalugg\n|-unboost|p1a: Avalugg|spe|1\n|-boost|p1a: Avalugg|atk|1\n|-boost|p1a: Avalugg|def|1\n|\n|-weather|Snow|[upkeep]\n|-heal|p1a: Avalugg|58\/100|[from] ability: Ice Body\n|-heal|p1a: Avalugg|64\/100|[from] item: Leftovers\n|upkeep\n|turn|22\n|\n|t:|1700001842\n|-terastallize|p1a: Avalugg|Ghost\n|move|p2a: Lilligant|Axe Kick|p1a: Avalugg\n|-immune|p1a: Avalugg\n|-damage|p2a: Lilligant|45\/100|[from] highjumpkick\n|move|p1a: Avalugg|Body Press|p2a: Lilligant\n|-damage|p2a: Lilligant|0 fnt\n|faint|p2a: Lilligant\n|\n|-weather|Snow|[upkeep]\n|-heal|p1a: Avalugg|70\/100|[from] ability: Ice Body\n|-heal|p1a: Avalugg|76\/100|[from] item: Leftovers\n|upkeep\n|\n|t:|1700001845\n|switch|p2a: Charizard|Charizard-Mega-Y, F, shiny|51\/100\n|-damage|p2a: Charizard|1\/100|[from] Stealth Rock\n|-weather|SunnyDay|[from] ability: Drought|[of] p2a: Charizard\n|turn|23\n|\n|t:|1700001851\n|switch|p1a: Chansey|Chansey, F|56\/100\n|-damage|p1a: Chansey|43\/100|[from] Stealth Rock\n|move|p2a: Charizard|Air Slash|p1a: Chansey\n|-damage|p1a: Chansey|33\/100\n|\n|-weather|SunnyDay|[upkeep]\n|upkeep\n|turn|24\n|\n|t:|1700001860\n|move|p2a: Charizard|Weather Ball|p1a: Chansey\n|-damage|p1a: Chansey|12\/100\n|move|p1a: Chansey|Rest|p1a: Chansey\n|-status|p1a: Chansey|slp|[from] move: Rest\n|-heal|p1a: Chansey|100\/100 slp|[silent]\n|\n|-weather|SunnyDay|[upkeep]\n|upkeep\n|turn|25\n|\n|t:|1700001867\n|-curestatus|p1a: Chansey|slp|[from] ability: Natural Cure\n|switch|p1a: Latias|Latias-Mega, F|50\/100\n|-damage|p1a: Latias|38\/100|[from] Stealth Rock\n|move|p2a: Charizard|Solar Beam||[still]\n|-prepare|p2a: Charizard|Solar Beam\n|-anim|p2a: Charizard|Solar Beam|p1a: Latias\n|-resisted|p1a: Latias\n|-damage|p1a: Latias|25\/100\n|\n|-weather|SunnyDay|[upkeep]\n|upkeep\n|turn|26\n|\n|t:|1700001875\n|move|p2a: Charizard|Dragon Pulse|p1a: Latias\n|-supereffective|p1a: Latias\n|-damage|p1a: Latias|0 fnt\n|faint|p1a: Latias\n|\n|-weather|SunnyDay|[upkeep]\n|upkeep\n|\n|t:|1700001879\n|switch|p1a: Abomasnow|Abomasnow, F|75\/100\n|-damage|p1a: Abomasnow|50\/100|[from] Stealth Rock\n|-weather|Snow|[from] ability: Snow Warning|[of] p1a: Abomasnow\n|turn|27\n|\n|t:|1700001882\n|switch|p1a: Chansey|Chansey, F|100\/100\n|-damage|p1a: Chansey|88\/100|[from] Stealth Rock\n|move|p2a: Charizard|Air Slash|p1a: Chansey\n|-damage|p1a: Chansey|78\/100\n|\n|-weather|Snow|[upkeep]\n|upkeep\n|turn|28\n|\n|t:|1700001893\n|move|p2a: Charizard|Air Slash|p1a: Chansey\n|-damage|p1a: Chansey|67\/100\n|cant|p1a: Chansey|flinch\n|\n|-weather|Snow|[upkeep]\n|upkeep\n|turn|29\n|\n|t:|1700001897\n|move|p2a: Charizard|Air Slash|p1a: Chansey\n|-damage|p1a: Chansey|57\/100\n|move|p1a: Chansey|Wish|p1a: Chansey\n|\n|-weather|Snow|[upkeep]\n|upkeep\n|turn|30\n|\n|t:|1700001901\n|move|p2a: Charizard|Air Slash|p1a: Chansey\n|-damage|p1a: Chansey|48\/100\n|move|p1a: Chansey|Seismic Toss|p2a: Charizard\n|-damage|p2a: Charizard|0 fnt\n|faint|p2a: Charizard\n|\n|-weather|Snow|[upkeep]\n|-heal|p1a: Chansey|98\/100|[from] move: Wish|[wisher] Chansey\n|upkeep\n|\n|t:|1700001905\n|switch|p2a: Zeraora|Zeraora|100\/100\n|-damage|p2a: Zeraora|88\/100|[from] Stealth Rock\n|-item|p2a: Zeraora|Air Balloon\n|turn|31\n|\n|t:|1700001910\n|move|p2a: Zeraora|Bulk Up|p2a: Zeraora\n|-boost|p2a: Zeraora|atk|1\n|-boost|p2a: Zeraora|def|1\n|move|p1a: Chansey|Seismic Toss|p2a: Zeraora\n|-damage|p2a: Zeraora|57\/100\n|-enditem|p2a: Zeraora|Air Balloon\n|\n|-weather|Snow|[upkeep]\n|upkeep\n|turn|32\n|\n|t:|1700001916\n|move|p2a: Zeraora|Close Combat|p1a: Chansey\n|-supereffective|p1a: Chansey\n|-damage|p1a: Chansey|0 fnt\n|-unboost|p2a: Zeraora|def|1\n|-unboost|p2a: Zeraora|spd|1\n|faint|p1a: Chansey\n|\n|-weather|Snow|[upkeep]\n|upkeep\n|\n|t:|1700001919\n|switch|p1a: Avalugg|Avalugg, M, tera:Ghost|76\/100\n|-damage|p1a: Avalugg|64\/100|[from] Stealth Rock\n|turn|33\n|\n|t:|1700001924\n|-terastallize|p2a: Zeraora|Flying\n|move|p2a: Zeraora|Plasma Fists|p1a: Avalugg\n|-damage|p1a: Avalugg|33\/100\n|-fieldactivate|move: Ion Deluge\n|-hint|Normal-type moves become Electric-type after using Plasma Fists.\n|move|p1a: Avalugg|Body Press|p2a: Zeraora\n|-resisted|p2a: Zeraora\n|-damage|p2a: Zeraora|29\/100\n|\n|-weather|Snow|[upkeep]\n|-heal|p1a: Avalugg|39\/100|[from] ability: Ice Body\n|-heal|p1a: Avalugg|45\/100|[from] item: Leftovers\n|upkeep\n|turn|34\n|\n|t:|1700001933\n|move|p2a: Zeraora|Blaze Kick|p1a: Avalugg\n|-damage|p1a: Avalugg|28\/100\n|move|p1a: Avalugg|Recover|p1a: Avalugg\n|-heal|p1a: Avalugg|78\/100\n|\n|-weather|none\n|-heal|p1a: Avalugg|84\/100|[from] item: Leftovers\n|upkeep\n|turn|35\n|\n|t:|1700001941\n|move|p2a: Zeraora|Blaze Kick|p1a: Avalugg\n|-damage|p1a: Avalugg|67\/100\n|move|p1a: Avalugg|Body Press|p2a: Zeraora\n|-resisted|p2a: Zeraora\n|-damage|p2a: Zeraora|2\/100\n|\n|-heal|p1a: Avalugg|73\/100|[from] item: Leftovers\n|upkeep\n|turn|36\n|\n|t:|1700001946\n|move|p2a: Zeraora|Blaze Kick|p1a: Avalugg\n|-damage|p1a: Avalugg|57\/100\n|move|p1a: Avalugg|Curse|p2a: Zeraora\n|-start|p2a: Zeraora|Curse|[of] p1a: Avalugg\n|-damage|p1a: Avalugg|7\/100\n|\n|-heal|p1a: Avalugg|13\/100|[from] item: Leftovers\n|-damage|p2a: Zeraora|0 fnt|[from] Curse\n|faint|p2a: Zeraora\n|\n|win|Tank Tests\n|upkeep\n|raw|Tank Tests's rating: 1316 &rarr; <strong>1340<\/strong><br \/>(+24 for winning)\n|raw|NidoKyng's rating: 1388 &rarr; <strong>1364<\/strong><br \/>(-24 for losing)\n|l|\u2606NidoKyng\n|c|\u2606Tank Tests|gg\n","uploadtime":1700001956,"views":12,"p1id":"tanktests","p2id":"nidokyng","formatid":"gen9nationaldex","rating":1340,"private":0,"password":""}