{"id":"gen9nationaldex-1988770727","p1":"xiongerzhi","p2":"CosmicTaiyo","format":"[Gen 9] National Dex","log":"|j|\u2606xiongerzhi\n|j|\u2606CosmicTaiyo\n|t:|1699760930\n|gametype|singles\n|player|p1|xiongerzhi|cynthia|1574\n|player|p2|CosmicTaiyo|elio|1528\n|teamsize|p1|6\n|teamsize|p2|6\n|gen|9\n|tier|[Gen 9] National Dex\n|rated|\n|rule|HP Percentage Mod: HP is shown in percentages\n|rule|Endless Battle Clause: Forcing endless battles is banned\n|rule|OHKO Clause: OHKO moves are banned\n|rule|Evasion Clause: Evasion abilities, items, and moves are banned\n|rule|Evasion Abilities Clause: Evasion abilities are banned\n|rule|Evasion Items Clause: Evasion items are banned\n|rule|Evasion Moves Clause: Evasion moves are banned\n|rule|Species Clause: Limit one of each Pok\u00e9mon\n|rule|Sleep Clause Mod: Limit one foe put to sleep\n|clearpoke\n|poke|p1|Rillaboom, M|\n|poke|p1|Tyranitar, F|\n|poke|p1|Excadrill, F|\n|poke|p1|Moltres|\n|poke|p1|Tapu Lele|\n|poke|p1|Ogerpon-Cornerstone, F|\n|poke|p2|Dachsbun, F|\n|poke|p2|Glimmora, M|\n|poke|p2|Grimmsnarl, M|\n|poke|p2|Dragonite, F|\n|poke|p2|Kleavor, M|\n|poke|p2|Skeledirge, F|\n|teampreview\n|\n|t:|1699760945\n|start\n|switch|p1a: JAYSHOU|Rillaboom, M|100\/100\n|switch|p2a: Kleavor|Kleavor, M|100\/100\n|-fieldstart|move: Grassy Terrain|[from] ability: Grassy Surge|[of] p1a: JAYSHOU\n|turn|1\n|\n|t:|1699760976\n|move|p1a: JAYSHOU|Grassy Glide|p2a: Kleavor\n|-damage|p2a: Kleavor|22\/100\n|move|p2a: Kleavor|X-Scissor|p1a: JAYSHOU\n|-supereffective|p1a: JAYSHOU\n|-damage|p1a: JAYSHOU|0 fnt\n|faint|p1a: JAYSHOU\n|\n|-heal|p2a: Kleavor|29\/100|[from] Grassy Terrain\n|upkeep\n|\n|t:|1699760987\n|switch|p1a: YINGHAN|Excadrill, F|100\/100\n|turn|2\n|\n|t:|1699761011\n|switch|p2a: Dragonite|Dragonite, F|100\/100\n|move|p1a: YINGHAN|High Horsepower|p2a: Dragonite\n|-immune|p2a: Dragonite\n|\n|upkeep\n|turn|3\n|\n|t:|1699761028\n|switch|p1a: CC|Tyranitar, F|100\/100\n|-weather|Sandstorm|[from] ability: Sand Stream|[of] p1a: CC\n|move|p2a: Dragonite|Dragon Dance|p2a: Dragonite\n|-boost|p2a: Dragonite|atk|1\n|-boost|p2a: Dragonite|spe|1\n|\n|-weather|Sandstorm|[upkeep]\n|-damage|p2a: Dragonite|94\/100|[from] Sandstorm\n|-heal|p2a: Dragonite|100\/100|[from] item: Leftovers\n|upkeep\n|turn|4\n|inactive|Battle timer is ON: inactive players will automatically lose when time's up. (requested by xiongerzhi)\n|\n|t:|1699761083\n|detailschange|p1a: CC|Tyranitar-Mega, F\n|-mega|p1a: CC|Tyranitar|Tyranitarite\n|-terastallize|p2a: Dragonite|Normal\n|move|p2a: Dragonite|Dragon Dance|p2a: Dragonite\n|-boost|p2a: Dragonite|atk|1\n|-boost|p2a: Dragonite|spe|1\n|move|p1a: CC|Dragon Dance|p1a: CC\n|-boost|p1a: CC|atk|1\n|-boost|p1a: CC|spe|1\n|\n|-weather|Sandstorm|[upkeep]\n|-damage|p2a: Dragonite|94\/100|[from] Sandstorm\n|-heal|p2a: Dragonite|100\/100|[from] Grassy Terrain\n|upkeep\n|turn|5\n|inactive|CosmicTaiyo has 120 seconds left.\n|\n|t:|1699761115\n|move|p2a: Dragonite|Dragon Dance|p2a: Dragonite\n|-boost|p2a: Dragonite|atk|1\n|-boost|p2a: Dragonite|spe|1\n|move|p1a: CC|Knock Off|p2a: Dragonite\n|-damage|p2a: Dragonite|58\/100\n|-enditem|p2a: Dragonite|Leftovers|[from] move: Knock Off|[of] p1a: CC\n|\n|-weather|Sandstorm|[upkeep]\n|-damage|p2a: Dragonite|52\/100|[from] Sandstorm\n|-heal|p2a: Dragonite|58\/100|[from] Grassy Terrain\n|-fieldend|move: Grassy Terrain\n|upkeep\n|turn|6\n|inactive|CosmicTaiyo has 120 seconds left.\n|\n|t:|1699761133\n|switch|p1a: LOIYII|Moltres|100\/100\n|move|p2a: Dragonite|Earthquake|p1a: LOIYII\n|-immune|p1a: LOIYII\n|\n|-weather|Sandstorm|[upkeep]\n|-damage|p2a: Dragonite|52\/100|[from] Sandstorm\n|-damage|p1a: LOIYII|94\/100|[from] Sandstorm\n|upkeep\n|turn|7\n|\n|t:|1699761142\n|move|p2a: Dragonite|Extreme Speed|p1a: LOIYII\n|-damage|p1a: LOIYII|2\/100\n|move|p1a: LOIYII|Toxic|p2a: Dragonite\n|-status|p2a: Dragonite|tox\n|\n|-weather|none\n|-damage|p2a: Dragonite|46\/100 tox|[from] psn\n|upkeep\n|turn|8\n|\n|t:|1699761151\n|switch|p1a: YINGKI|Tapu Lele|100\/100\n|-fieldstart|move: Psychic Terrain|[from] ability: Psychic Surge|[of] p1a: YINGKI\n|move|p2a: Dragonite|Extreme Speed|p1a: YINGKI\n|-activate|p1a: YINGKI|move: Psychic Terrain\n|\n|-damage|p2a: Dragonite|33\/100 tox|[from] psn\n|upkeep\n|turn|9\n|\n|t:|1699761156\n|switch|p1a: LOIYII|Moltres|2\/100\n|move|p2a: Dragonite|Earthquake|p1a: LOIYII\n|-immune|p1a: LOIYII\n|\n|-damage|p2a: Dragonite|15\/100 tox|[from] psn\n|upkeep\n|turn|10\n|\n|t:|1699761162\n|move|p2a: Dragonite|Fire Punch|p1a: LOIYII\n|-resisted|p1a: LOIYII\n|-damage|p1a: LOIYII|0 fnt\n|faint|p1a: LOIYII\n|\n|-damage|p2a: Dragonite|0 fnt|[from] psn\n|faint|p2a: Dragonite\n|upkeep\n|\n|t:|1699761171\n|switch|p2a: Freddie Freaker|Grimmsnarl, M|100\/100\n|switch|p1a: HH|Ogerpon-Cornerstone, F|100\/100\n|turn|11\n|\n|t:|1699761176\n|move|p2a: Freddie Freaker|Reflect|p2a: Freddie Freaker\n|-sidestart|p2: CosmicTaiyo|Reflect\n|move|p1a: HH|Trailblaze|p2a: Freddie Freaker\n|-damage|p2a: Freddie Freaker|87\/100\n|-boost|p1a: HH|spe|1\n|\n|upkeep\n|turn|12\n|\n|t:|1699761184\n|move|p1a: HH|Swords Dance|p1a: HH\n|-boost|p1a: HH|atk|2\n|move|p2a: Freddie Freaker|Spirit Break|p1a: HH\n|-damage|p1a: HH|63\/100\n|-unboost|p1a: HH|spa|1\n|\n|-fieldend|move: Psychic Terrain\n|upkeep\n|turn|13\n|\n|t:|1699761192\n|move|p2a: Freddie Freaker|Parting Shot|p1a: HH\n|-unboost|p1a: HH|atk|1\n|-unboost|p1a: HH|spa|1\n|\n|t:|1699761199\n|switch|p2a: Barkery|Dachsbun, F|100\/100|[from] Parting Shot\n|move|p1a: HH|Swords Dance|p1a: HH\n|-boost|p1a: HH|atk|2\n|\n|upkeep\n|turn|14\n|\n|t:|1699761212\n|move|p1a: HH|Horn Leech|p2a: Barkery\n|-damage|p2a: Barkery|61\/100\n|-heal|p1a: HH|84\/100|[from] drain|[of] p2a: Barkery\n|move|p2a: Barkery|Yawn|p1a: HH\n|-start|p1a: HH|move: Yawn|[of] p2a: Barkery\n|\n|-heal|p2a: Barkery|67\/100|[from] item: Leftovers\n|upkeep\n|turn|15\n|\n|t:|1699761223\n|switch|p1a: YINGKI|Tapu Lele|100\/100\n|-fieldstart|move: Psychic Terrain|[from] ability: Psychic Surge|[of] p1a: YINGKI\n|move|p2a: Barkery|Yawn|p1a: YINGKI\n|-start|p1a: YINGKI|move: Yawn|[of] p2a: Barkery\n|\n|-heal|p2a: Barkery|73\/100|[from] item: Leftovers\n|upkeep\n|turn|16\n|\n|t:|1699761248\n|switch|p1a: YINGHAN|Excadrill, F|100\/100\n|move|p2a: Barkery|Protect||[still]\n|-fail|p2a: Barkery\n|\n|-heal|p2a: Barkery|79\/100|[from] item: Leftovers\n|upkeep\n|turn|17\n|\n|t:|1699761260\n|move|p1a: YINGHAN|Stealth Rock|p2a: Barkery\n|-sidestart|p2: CosmicTaiyo|move: Stealth Rock\n|move|p2a: Barkery|Body Press|p1a: YINGHAN\n|-supereffective|p1a: YINGHAN\n|-damage|p1a: YINGHAN|20\/100\n|\n|-heal|p2a: Barkery|85\/100|[from] item: Leftovers\n|upkeep\n|turn|18\n|\n|t:|1699761271\n|switch|p1a: YINGKI|Tapu Lele|100\/100\n|move|p2a: Barkery|Yawn|p1a: YINGKI\n|-start|p1a: YINGKI|move: Yawn|[of] p2a: Barkery\n|\n|-heal|p2a: Barkery|91\/100|[from] item: Leftovers\n|-sideend|p2: CosmicTaiyo|Reflect\n|upkeep\n|turn|19\n|\n|t:|1699761281\n|switch|p1a: YINGHAN|Excadrill, F|20\/100\n|move|p2a: Barkery|Body Press|p1a: YINGHAN\n|-supereffective|p1a: YINGHAN\n|-damage|p1a: YINGHAN|0 fnt\n|faint|p1a: YINGHAN\n|\n|-heal|p2a: Barkery|97\/100|[from] item: Leftovers\n|-fieldend|move: Psychic Terrain\n|upkeep\n|inactive|xiongerzhi has 120 seconds left.\n|\n|t:|1699761315\n|switch|p1a: YINGKI|Tapu Lele|100\/100\n|-fieldstart|move: Psychic Terrain|[from] ability: Psychic Surge|[of] p1a: YINGKI\n|turn|20\n|\n|t:|1699761320\n|-terastallize|p1a: YINGKI|Psychic\n|move|p2a: Barkery|Protect|p2a: Barkery\n|-singleturn|p2a: Barkery|Protect\n|move|p1a: YINGKI|Psychic|p2a: Barkery\n|-activate|p2a: Barkery|move: Protect\n|\n|-heal|p2a: Barkery|100\/100|[from] item: Leftovers\n|upkeep\n|turn|21\n|\n|t:|1699761329\n|switch|p1a: HH|Ogerpon-Cornerstone, F|84\/100\n|switch|p2a: Freddie Freaker|Grimmsnarl, M|87\/100\n|-damage|p2a: Freddie Freaker|74\/100|[from] Stealth Rock\n|\n|upkeep\n|turn|22\n|\n|t:|1699761340\n|move|p2a: Freddie Freaker|Light Screen|p2a: Freddie Freaker\n|-sidestart|p2: CosmicTaiyo|move: Light Screen\n|move|p1a: HH|Horn Leech|p2a: Freddie Freaker\n|-damage|p2a: Freddie Freaker|35\/100\n|-heal|p1a: HH|100\/100|[from] drain|[of] p2a: Freddie Freaker\n|\n|upkeep\n|turn|23\n|\n|t:|1699761360\n|move|p2a: Freddie Freaker|Reflect|p2a: Freddie Freaker\n|-sidestart|p2: CosmicTaiyo|Reflect\n|move|p1a: HH|Swords Dance|p1a: HH\n|-boost|p1a: HH|atk|2\n|\n|upkeep\n|turn|24\n|\n|t:|1699761364\n|move|p2a: Freddie Freaker|Parting Shot|p1a: HH\n|-activate|p1a: HH|move: Psychic Terrain\n|move|p1a: HH|Ivy Cudgel|p2a: Freddie Freaker\n|-damage|p2a: Freddie Freaker|0 fnt\n|faint|p2a: Freddie Freaker\n|\n|-fieldend|move: Psychic Terrain\n|upkeep\n|\n|t:|1699761374\n|switch|p2a: Glimmora|Glimmora, M|100\/100\n|-damage|p2a: Glimmora|88\/100|[from] Stealth Rock\n|turn|25\n|\n|t:|1699761385\n|move|p1a: HH|Swords Dance|p1a: HH\n|-boost|p1a: HH|atk|2\n|move|p2a: Glimmora|Mortal Spin|p1a: HH\n|-crit|p1a: HH\n|-damage|p1a: HH|89\/100\n|-status|p1a: HH|psn\n|-sideend|p2: CosmicTaiyo|Stealth Rock|[from] move: Mortal Spin|[of] p2a: Glimmora\n|\n|-damage|p1a: HH|77\/100 psn|[from] psn\n|upkeep\n|turn|26\n|\n|t:|1699761407\n|move|p1a: HH|Horn Leech|p2a: Glimmora\n|-damage|p2a: Glimmora|43\/100\n|-heal|p1a: HH|100\/100 psn|[from] drain|[of] p2a: Glimmora\n|-activate|p2a: Glimmora|ability: Toxic Debris\n|-sidestart|p1: xiongerzhi|move: Toxic Spikes\n|move|p2a: Glimmora|Sludge Bomb|p1a: HH\n|-damage|p1a: HH|55\/100 psn\n|\n|-damage|p1a: HH|42\/100 psn|[from] psn\n|upkeep\n|turn|27\n|\n|t:|1699761423\n|switch|p2a: Skeledirge|Skeledirge, F|100\/100\n|move|p1a: HH|Horn Leech|p2a: Skeledirge\n|-resisted|p2a: Skeledirge\n|-damage|p2a: Skeledirge|91\/100\n|-heal|p1a: HH|49\/100 psn|[from] drain|[of] p2a: Skeledirge\n|-damage|p1a: HH|32\/100 psn|[from] item: Rocky Helmet|[of] p2a: Skeledirge\n|\n|-damage|p1a: HH|20\/100 psn|[from] psn\n|upkeep\n|turn|28\n|inactive|CosmicTaiyo has 120 seconds left.\n|\n|t:|1699761448\n|switch|p2a: Glimmora|Glimmora, M|43\/100\n|move|p1a: HH|Ivy Cudgel|p2a: Glimmora\n|-damage|p2a: Glimmora|0 fnt\n|-activate|p2a: Glimmora|ability: Toxic Debris\n|-sidestart|p1: xiongerzhi|move: Toxic Spikes\n|faint|p2a: Glimmora\n|\n|-damage|p1a: HH|7\/100 psn|[from] psn\n|upkeep\n|\n|t:|1699761459\n|switch|p2a: Barkery|Dachsbun, F|100\/100\n|turn|29\n|\n|t:|1699761462\n|move|p2a: Barkery|Protect|p2a: Barkery\n|-singleturn|p2a: Barkery|Protect\n|move|p1a: HH|Ivy Cudgel|p2a: Barkery\n|-activate|p2a: Barkery|move: Protect\n|\n|-damage|p1a: HH|0 fnt|[from] psn\n|faint|p1a: HH\n|-sideend|p2: CosmicTaiyo|move: Light Screen\n|upkeep\n|\n|t:|1699761470\n|switch|p1a: YINGKI|Tapu Lele, tera:Psychic|100\/100\n|-status|p1a: YINGKI|tox\n|-fieldstart|move: Psychic Terrain|[from] ability: Psychic Surge|[of] p1a: YINGKI\n|turn|30\n|\n|t:|1699761483\n|switch|p2a: Kleavor|Kleavor, M|29\/100\n|move|p1a: YINGKI|Psychic|p2a: Kleavor\n|-damage|p2a: Kleavor|0 fnt\n|faint|p2a: Kleavor\n|\n|-damage|p1a: YINGKI|95\/100 tox|[from] psn\n|-sideend|p2: CosmicTaiyo|Reflect\n|upkeep\n|\n|t:|1699761491\n|switch|p2a: Barkery|Dachsbun, F|100\/100\n|turn|31\n|\n|t:|1699761495\n|move|p2a: Barkery|Protect|p2a: Barkery\n|-singleturn|p2a: Barkery|Protect\n|move|p1a: YINGKI|Psychic|p2a: Barkery\n|-activate|p2a: Barkery|move: Protect\n|\n|-damage|p1a: YINGKI|83\/100 tox|[from] psn\n|upkeep\n|turn|32\n|inactive|CosmicTaiyo has 120 seconds left.\n|\n|t:|1699761521\n|switch|p1a: CC|Tyranitar-Mega, F|100\/100\n|-status|p1a: CC|tox\n|-weather|Sandstorm|[from] ability: Sand Stream|[of] p1a: CC\n|switch|p2a: Skeledirge|Skeledirge, F|91\/100\n|\n|-weather|Sandstorm|[upkeep]\n|-damage|p2a: Skeledirge|85\/100|[from] Sandstorm\n|-damage|p1a: CC|94\/100 tox|[from] psn\n|upkeep\n|turn|33\n|inactive|CosmicTaiyo has 120 seconds left.\n|\n|t:|1699761539\n|switch|p2a: Barkery|Dachsbun, F|100\/100\n|move|p1a: CC|Dragon Dance|p1a: CC\n|-boost|p1a: CC|atk|1\n|-boost|p1a: CC|spe|1\n|\n|-weather|Sandstorm|[upkeep]\n|-damage|p2a: Barkery|95\/100|[from] Sandstorm\n|-heal|p2a: Barkery|100\/100|[from] item: Leftovers\n|-damage|p1a: CC|82\/100 tox|[from] psn\n|upkeep\n|turn|34\n|inactive|CosmicTaiyo has 120 seconds left.\n|\n|t:|1699761558\n|move|p1a: CC|Rock Slide|p2a: Barkery\n|-damage|p2a: Barkery|59\/100\n|move|p2a: Barkery|Wish|p2a: Barkery\n|\n|-weather|Sandstorm|[upkeep]\n|-damage|p2a: Barkery|53\/100|[from] Sandstorm\n|-heal|p2a: Barkery|59\/100|[from] item: Leftovers\n|-damage|p1a: CC|64\/100 tox|[from] psn\n|-fieldend|move: Psychic Terrain\n|upkeep\n|turn|35\n|\n|t:|1699761580\n|move|p1a: CC|Dragon Dance|p1a: CC\n|-boost|p1a: CC|atk|1\n|-boost|p1a: CC|spe|1\n|move|p2a: Barkery|Body Press|p1a: CC\n|-supereffective|p1a: CC\n|-damage|p1a: CC|0 fnt\n|faint|p1a: CC\n|\n|-weather|Sandstorm|[upkeep]\n|-damage|p2a: Barkery|53\/100|[from] Sandstorm\n|-heal|p2a: Barkery|100\/100|[from] move: Wish|[wisher] Barkery\n|upkeep\n|\n|t:|1699761583\n|switch|p1a: YINGKI|Tapu Lele, tera:Psychic|83\/100 tox\n|-fieldstart|move: Psychic Terrain|[from] ability: Psychic Surge|[of] p1a: YINGKI\n|turn|36\n|\n|t:|1699761596\n|move|p2a: Barkery|Protect|p2a: Barkery\n|-singleturn|p2a: Barkery|Protect\n|move|p1a: YINGKI|Psyshock|p2a: Barkery\n|-activate|p2a: Barkery|move: Protect\n|\n|-weather|none\n|-damage|p1a: YINGKI|77\/100 tox|[from] psn\n|upkeep\n|turn|37\n|\n|t:|1699761606\n|move|p1a: YINGKI|Psyshock|p2a: Barkery\n|-damage|p2a: Barkery|15\/100\n|move|p2a: Barkery|Yawn||[still]\n|-fail|p2a: Barkery\n|\n|-heal|p2a: Barkery|21\/100|[from] item: Leftovers\n|-damage|p1a: YINGKI|65\/100 tox|[from] psn\n|upkeep\n|turn|38\n|\n|t:|1699761615\n|move|p2a: Barkery|Protect|p2a: Barkery\n|-singleturn|p2a: Barkery|Protect\n|move|p1a: YINGKI|Psyshock|p2a: Barkery\n|-activate|p2a: Barkery|move: Protect\n|\n|-heal|p2a: Barkery|27\/100|[from] item: Leftovers\n|-damage|p1a: YINGKI|47\/100 tox|[from] psn\n|upkeep\n|turn|39\n|\n|t:|1699761624\n|switch|p2a: Skeledirge|Skeledirge, F|85\/100\n|move|p1a: YINGKI|Psyshock|p2a: Skeledirge\n|-damage|p2a: Skeledirge|0 fnt\n|faint|p2a: Skeledirge\n|\n|-damage|p1a: YINGKI|23\/100 tox|[from] psn\n|upkeep\n|\n|t:|1699761632\n|switch|p2a: Barkery|Dachsbun, F|27\/100\n|turn|40\n|\n|t:|1699761635\n|move|p2a: Barkery|Protect|p2a: Barkery\n|-singleturn|p2a: Barkery|Protect\n|move|p1a: YINGKI|Psyshock|p2a: Barkery\n|-activate|p2a: Barkery|move: Protect\n|\n|-heal|p2a: Barkery|33\/100|[from] item: Leftovers\n|-damage|p1a: YINGKI|0 fnt|[from] psn\n|faint|p1a: YINGKI\n|\n|win|CosmicTaiyo\n|upkeep\n|raw|xiongerzhi's rating: 1574 &rarr; <strong>1551<\/strong><br \/>(-23 for losing)\n|raw|CosmicTaiyo's rating: 1528 &rarr; <strong>1551<\/strong><br \/>(+23 for winning)\n|l|\u2606xiongerzhi\n","uploadtime":1699761756,"views":6,"p1id":"xiongerzhi","p2id":"cosmictaiyo","formatid":"gen9nationaldex","rating":1551,"private":0,"password":""}