{"id":"gen9nationaldex-1988684114","p1":"CiaossAn","p2":"lYLxuanxuan","format":"[Gen 9] National Dex","log":"|j|\u2606CiaossAn\n|j|\u203dlYLxuanxuan\n|t:|1699750296\n|gametype|singles\n|player|p1|CiaossAn|fisherman|1375\n|player|p2|lYLxuanxuan|dawn|1379\n|teamsize|p1|6\n|teamsize|p2|6\n|gen|9\n|tier|[Gen 9] National Dex\n|rated|\n|rule|HP Percentage Mod: HP is shown in percentages\n|rule|Endless Battle Clause: Forcing endless battles is banned\n|rule|OHKO Clause: OHKO moves are banned\n|rule|Evasion Clause: Evasion abilities, items, and moves are banned\n|rule|Evasion Abilities Clause: Evasion abilities are banned\n|rule|Evasion Items Clause: Evasion items are banned\n|rule|Evasion Moves Clause: Evasion moves are banned\n|rule|Species Clause: Limit one of each Pok\u00e9mon\n|rule|Sleep Clause Mod: Limit one foe put to sleep\n|clearpoke\n|poke|p1|Samurott-Hisui, F|\n|poke|p1|Thundurus-Therian, M|\n|poke|p1|Lopunny, M|\n|poke|p1|Aegislash, M|\n|poke|p1|Dragonite, M|\n|poke|p1|Goodra-Hisui, M|\n|poke|p2|Landorus-Therian, M|\n|poke|p2|Kartana|\n|poke|p2|Hawlucha, F|\n|poke|p2|Tapu Koko|\n|poke|p2|Gardevoir, F|\n|poke|p2|Jirachi|\n|teampreview\n|inactive|Battle timer is ON: inactive players will automatically lose when time's up. (requested by lYLxuanxuan)\n|inactive|CiaossAn also wants the timer to be on.\n|\n|t:|1699750311\n|start\n|switch|p1a: Goodra|Goodra-Hisui, M|100\/100\n|switch|p2a: Kartana|Kartana, shiny|100\/100\n|turn|1\n|\n|t:|1699750319\n|move|p2a: Kartana|Sacred Sword|p1a: Goodra\n|-supereffective|p1a: Goodra\n|-damage|p1a: Goodra|0 fnt\n|faint|p1a: Goodra\n|-ability|p2a: Kartana|Beast Boost|boost\n|-boost|p2a: Kartana|atk|1\n|\n|upkeep\n|\n|t:|1699750324\n|switch|p1a: Aegislash|Aegislash, M|100\/100\n|turn|2\n|\n|t:|1699750329\n|switch|p2a: Landorus|Landorus-Therian, M, shiny|100\/100\n|-ability|p2a: Landorus|Intimidate|boost\n|-unboost|p1a: Aegislash|atk|1\n|move|p1a: Aegislash|King's Shield||[still]\n|-fail|p1a: Aegislash\n|\n|upkeep\n|turn|3\n|\n|t:|1699750333\n|-terastallize|p1a: Aegislash|Water\n|move|p2a: Landorus|Stealth Rock|p1a: Aegislash\n|-sidestart|p1: CiaossAn|move: Stealth Rock\n|move|p1a: Aegislash|Toxic|p2a: Landorus\n|-status|p2a: Landorus|tox\n|\n|-damage|p2a: Landorus|95\/100 tox|[from] psn\n|upkeep\n|turn|4\n|\n|t:|1699750338\n|move|p2a: Landorus|Earthquake|p1a: Aegislash\n|-damage|p1a: Aegislash|55\/100\n|-formechange|p1a: Aegislash|Aegislash-Blade||[from] ability: Stance Change\n|move|p1a: Aegislash|Iron Head|p2a: Landorus\n|-damage|p2a: Landorus|67\/100 tox\n|\n|-heal|p1a: Aegislash|61\/100|[from] item: Leftovers\n|-damage|p2a: Landorus|55\/100 tox|[from] psn\n|upkeep\n|turn|5\n|\n|t:|1699750344\n|-formechange|p1a: Aegislash|Aegislash||[from] ability: Stance Change\n|move|p1a: Aegislash|King's Shield|p1a: Aegislash\n|-singleturn|p1a: Aegislash|Protect\n|move|p2a: Landorus|Earthquake|p1a: Aegislash\n|-activate|p1a: Aegislash|move: Protect\n|\n|-heal|p1a: Aegislash|67\/100|[from] item: Leftovers\n|-damage|p2a: Landorus|37\/100 tox|[from] psn\n|upkeep\n|turn|6\n|\n|t:|1699750357\n|switch|p1a: Thundurus|Thundurus-Therian, M|100\/100\n|-damage|p1a: Thundurus|76\/100|[from] Stealth Rock\n|move|p2a: Landorus|Earthquake|p1a: Thundurus\n|-immune|p1a: Thundurus\n|\n|-damage|p2a: Landorus|14\/100 tox|[from] psn\n|upkeep\n|turn|7\n|\n|t:|1699750360\n|move|p1a: Thundurus|Hidden Power|p2a: Landorus\n|-supereffective|p2a: Landorus\n|-crit|p2a: Landorus\n|-damage|p2a: Landorus|0 fnt\n|faint|p2a: Landorus\n|\n|upkeep\n|\n|t:|1699750368\n|switch|p2a: Kartana|Kartana, shiny|100\/100\n|turn|8\n|\n|t:|1699750386\n|move|p2a: Kartana|Sacred Sword|p1a: Thundurus\n|-resisted|p1a: Thundurus\n|-damage|p1a: Thundurus|30\/100\n|move|p1a: Thundurus|Incinerate|p2a: Kartana\n|-supereffective|p2a: Kartana\n|-damage|p2a: Kartana|0 fnt\n|faint|p2a: Kartana\n|\n|upkeep\n|\n|t:|1699750392\n|switch|p2a: Tapu Koko|Tapu Koko, shiny|100\/100\n|-fieldstart|move: Electric Terrain|[from] ability: Electric Surge|[of] p2a: Tapu Koko\n|turn|9\n|\n|t:|1699750403\n|move|p2a: Tapu Koko|Hidden Power|p1a: Thundurus\n|-supereffective|p1a: Thundurus\n|-damage|p1a: Thundurus|0 fnt\n|faint|p1a: Thundurus\n|\n|upkeep\n|\n|t:|1699750407\n|switch|p1a: Lopunny|Lopunny, M|100\/100\n|-damage|p1a: Lopunny|88\/100|[from] Stealth Rock\n|turn|10\n|\n|t:|1699750415\n|switch|p2a: Gardevoir|Gardevoir, F, shiny|100\/100\n|-ability|p2a: Gardevoir|Limber|[from] ability: Trace|[of] p1a: Lopunny\n|detailschange|p1a: Lopunny|Lopunny-Mega, M\n|-mega|p1a: Lopunny|Lopunny|Lopunnite\n|move|p1a: Lopunny|Fake Out|p2a: Gardevoir\n|-damage|p2a: Gardevoir|63\/100\n|\n|upkeep\n|turn|11\n|\n|t:|1699750425\n|detailschange|p2a: Gardevoir|Gardevoir-Mega, F, shiny\n|-mega|p2a: Gardevoir|Gardevoir|Gardevoirite\n|move|p1a: Lopunny|Return|p2a: Gardevoir\n|-damage|p2a: Gardevoir|0 fnt\n|faint|p2a: Gardevoir\n|\n|upkeep\n|\n|t:|1699750434\n|switch|p2a: Hawlucha|Hawlucha, F, shiny|100\/100\n|-enditem|p2a: Hawlucha|Electric Seed\n|-boost|p2a: Hawlucha|def|1|[from] item: Electric Seed\n|turn|12\n|\n|t:|1699750439\n|switch|p1a: Aegislash|Aegislash, M, tera:Water|67\/100\n|-damage|p1a: Aegislash|55\/100|[from] Stealth Rock\n|move|p2a: Hawlucha|Acrobatics|p1a: Aegislash\n|-damage|p1a: Aegislash|18\/100\n|\n|-heal|p1a: Aegislash|24\/100|[from] item: Leftovers\n|upkeep\n|turn|13\n|\n|t:|1699750446\n|move|p1a: Aegislash|King's Shield|p1a: Aegislash\n|-singleturn|p1a: Aegislash|Protect\n|move|p2a: Hawlucha|Swords Dance|p2a: Hawlucha\n|-boost|p2a: Hawlucha|atk|2\n|\n|-heal|p1a: Aegislash|30\/100|[from] item: Leftovers\n|-fieldend|move: Electric Terrain\n|upkeep\n|turn|14\n|\n|t:|1699750451\n|move|p2a: Hawlucha|Acrobatics|p1a: Aegislash\n|-damage|p1a: Aegislash|0 fnt\n|faint|p1a: Aegislash\n|\n|upkeep\n|\n|t:|1699750455\n|switch|p1a: Lopunny|Lopunny-Mega, M|88\/100\n|-damage|p1a: Lopunny|82\/100|[from] Stealth Rock\n|turn|15\n|\n|t:|1699750459\n|move|p1a: Lopunny|Fake Out|p2a: Hawlucha\n|-damage|p2a: Hawlucha|78\/100\n|cant|p2a: Hawlucha|flinch\n|\n|upkeep\n|turn|16\n|\n|t:|1699750463\n|switch|p1a: Dragonite|Dragonite, M|100\/100\n|-damage|p1a: Dragonite|76\/100|[from] Stealth Rock\n|move|p2a: Hawlucha|Acrobatics|p1a: Dragonite\n|-damage|p1a: Dragonite|0 fnt\n|faint|p1a: Dragonite\n|\n|upkeep\n|\n|t:|1699750467\n|switch|p1a: Samurott|Samurott-Hisui, F|100\/100\n|-damage|p1a: Samurott|88\/100|[from] Stealth Rock\n|turn|17\n|\n|t:|1699750471\n|move|p1a: Samurott|Aqua Jet|p2a: Hawlucha\n|-damage|p2a: Hawlucha|61\/100\n|move|p2a: Hawlucha|Acrobatics|p1a: Samurott\n|-damage|p1a: Samurott|0 fnt\n|faint|p1a: Samurott\n|\n|upkeep\n|-message|CiaossAn forfeited.\n|\n|win|lYLxuanxuan\n|raw|CiaossAn's rating: 1375 &rarr; <strong>1355<\/strong><br \/>(-20 for losing)\n|raw|lYLxuanxuan's rating: 1379 &rarr; <strong>1399<\/strong><br \/>(+20 for winning)\n|l|\u2606CiaossAn\n","uploadtime":1699750481,"views":4,"p1id":"ciaossan","p2id":"lylxuanxuan","formatid":"gen9nationaldex","rating":1355,"private":0,"password":""}