{"id":"gen9nationaldex-1996365035","p1":"AlphaOmega07","p2":"Ruinous Tusk","format":"[Gen 9] National Dex","log":"|html|<div class=\"broadcast-blue\"><strong>[Gen 9] National Dex is currently suspecting Sneasler! For information on how to participate check out the <a href=\"https:\/\/www.smogon.com\/forums\/threads\/sv-national-dex-suspect-8-just-dance.3731534\/\">suspect thread<\/a>.<\/strong><\/div>\n|j|\u2606AlphaOmega07\n|j|\u2606Ruinous Tusk\n|t:|1700675066\n|gametype|singles\n|player|p1|AlphaOmega07|veteran|1193\n|player|p2|Ruinous Tusk|hilbert|1219\n|teamsize|p1|6\n|teamsize|p2|6\n|gen|9\n|tier|[Gen 9] National Dex\n|rated|\n|rule|HP Percentage Mod: HP is shown in percentages\n|rule|Endless Battle Clause: Forcing endless battles is banned\n|rule|OHKO Clause: OHKO moves are banned\n|rule|Evasion Clause: Evasion abilities, items, and moves are banned\n|rule|Evasion Abilities Clause: Evasion abilities are banned\n|rule|Evasion Items Clause: Evasion items are banned\n|rule|Evasion Moves Clause: Evasion moves are banned\n|rule|Species Clause: Limit one of each Pok\u00e9mon\n|rule|Sleep Clause Mod: Limit one foe put to sleep\n|clearpoke\n|poke|p1|Kommo-o, F|\n|poke|p1|Hawlucha, F|\n|poke|p1|Ceruledge, F|\n|poke|p1|Grimmsnarl, M|\n|poke|p1|Volcarona, F|\n|poke|p1|Gliscor, M|\n|poke|p2|Tapu Koko|\n|poke|p2|Iron Valiant|\n|poke|p2|Sneasler, M|\n|poke|p2|Charizard, M|\n|poke|p2|Hatterene, F|\n|poke|p2|Victini|\n|teampreview\n|inactive|Battle timer is ON: inactive players will automatically lose when time's up. (requested by AlphaOmega07)\n|inactive|Ruinous Tusk also wants the timer to be on.\n|\n|t:|1700675074\n|start\n|switch|p1a: Life|Hawlucha, F, shiny|100\/100\n|switch|p2a: Charizard|Charizard, M|100\/100\n|turn|1\n|\n|t:|1700675077\n|detailschange|p2a: Charizard|Charizard-Mega-Y, M\n|-mega|p2a: Charizard|Charizard|Charizardite Y\n|-weather|SunnyDay|[from] ability: Drought|[of] p2a: Charizard\n|move|p1a: Life|Sky Attack||[still]\n|-prepare|p1a: Life|Sky Attack\n|-enditem|p1a: Life|Power Herb\n|-anim|p1a: Life|Sky Attack|p2a: Charizard\n|-damage|p2a: Charizard|19\/100\n|move|p2a: Charizard|Flamethrower|p1a: Life\n|-damage|p1a: Life|0 fnt\n|faint|p1a: Life\n|\n|-weather|SunnyDay|[upkeep]\n|upkeep\n|\n|t:|1700675091\n|switch|p1a: Grimmsnarl|Grimmsnarl, M|100\/100\n|turn|2\n|\n|t:|1700675093\n|move|p1a: Grimmsnarl|Fake Out|p2a: Charizard\n|-damage|p2a: Charizard|0 fnt\n|faint|p2a: Charizard\n|\n|-weather|SunnyDay|[upkeep]\n|upkeep\n|\n|t:|1700675097\n|switch|p2a: Tapu Koko|Tapu Koko|100\/100\n|-fieldstart|move: Electric Terrain|[from] ability: Electric Surge|[of] p2a: Tapu Koko\n|turn|3\n|\n|t:|1700675102\n|switch|p1a: Ceruledge|Ceruledge, F|100\/100\n|move|p2a: Tapu Koko|U-turn|p1a: Ceruledge\n|-resisted|p1a: Ceruledge\n|-damage|p1a: Ceruledge|95\/100\n|\n|t:|1700675110\n|switch|p2a: Iron Valiant|Iron Valiant|100\/100|[from] U-turn\n|-activate|p2a: Iron Valiant|ability: Quark Drive\n|-start|p2a: Iron Valiant|quarkdrivespe\n|\n|-weather|SunnyDay|[upkeep]\n|upkeep\n|turn|4\n|\n|t:|1700675119\n|move|p2a: Iron Valiant|Knock Off|p1a: Ceruledge\n|-supereffective|p1a: Ceruledge\n|-damage|p1a: Ceruledge|0 fnt\n|-enditem|p1a: Ceruledge|Assault Vest|[from] move: Knock Off|[of] p2a: Iron Valiant\n|faint|p1a: Ceruledge\n|-damage|p2a: Iron Valiant|91\/100|[from] item: Life Orb\n|\n|-weather|SunnyDay|[upkeep]\n|upkeep\n|\n|t:|1700675124\n|switch|p1a: Gliscor|Gliscor, M|100\/100\n|turn|5\n|\n|t:|1700675130\n|-end|p2a: Iron Valiant|Quark Drive|[silent]\n|switch|p2a: Hatterene|Hatterene, F|100\/100\n|move|p1a: Gliscor|Earthquake|p2a: Hatterene\n|-damage|p2a: Hatterene|65\/100\n|-enditem|p2a: Hatterene|Eject Button\n|\n|t:|1700675154\n|switch|p2a: Victini|Victini|100\/100\n|\n|-weather|none\n|-status|p1a: Gliscor|tox|[from] item: Toxic Orb\n|upkeep\n|turn|6\n|\n|t:|1700675164\n|move|p2a: Victini|Trick|p1a: Gliscor\n|-activate|p2a: Victini|move: Trick|[of] p1a: Gliscor\n|-item|p1a: Gliscor|Choice Scarf|[from] move: Trick\n|-item|p2a: Victini|Toxic Orb|[from] move: Trick\n|move|p1a: Gliscor|Earthquake|p2a: Victini\n|-supereffective|p2a: Victini\n|-damage|p2a: Victini|12\/100\n|\n|-status|p2a: Victini|tox|[from] item: Toxic Orb\n|upkeep\n|turn|7\n|\n|t:|1700675173\n|move|p1a: Gliscor|Earthquake|p2a: Victini\n|-supereffective|p2a: Victini\n|-damage|p2a: Victini|0 fnt\n|faint|p2a: Victini\n|\n|upkeep\n|\n|t:|1700675195\n|switch|p2a: Sneasler|Sneasler, M|100\/100\n|-enditem|p2a: Sneasler|Electric Seed\n|-boost|p2a: Sneasler|def|1|[from] item: Electric Seed\n|turn|8\n|\n|t:|1700675198\n|-terastallize|p2a: Sneasler|Flying\n|move|p2a: Sneasler|Swords Dance|p2a: Sneasler\n|-boost|p2a: Sneasler|atk|2\n|move|p1a: Gliscor|Earthquake|p2a: Sneasler\n|-immune|p2a: Sneasler\n|\n|upkeep\n|turn|9\n|\n|t:|1700675202\n|switch|p1a: Grimmsnarl|Grimmsnarl, M|100\/100\n|move|p2a: Sneasler|Swords Dance|p2a: Sneasler\n|-boost|p2a: Sneasler|atk|2\n|\n|upkeep\n|turn|10\n|\n|t:|1700675206\n|move|p1a: Grimmsnarl|Fake Out|p2a: Sneasler\n|-damage|p2a: Sneasler|82\/100\n|cant|p2a: Sneasler|flinch\n|\n|-fieldend|move: Electric Terrain\n|upkeep\n|turn|11\n|\n|t:|1700675211\n|move|p2a: Sneasler|Acrobatics|p1a: Grimmsnarl\n|-damage|p1a: Grimmsnarl|0 fnt\n|faint|p1a: Grimmsnarl\n|\n|upkeep\n|-message|AlphaOmega07 forfeited.\n|\n|win|Ruinous Tusk\n|raw|AlphaOmega07's rating: 1193 &rarr; <strong>1170<\/strong><br \/>(-23 for losing)\n|raw|Ruinous Tusk's rating: 1219 &rarr; <strong>1242<\/strong><br \/>(+23 for winning)\n|l|\u2606AlphaOmega07\n","uploadtime":1700675218,"views":1,"p1id":"alphaomega07","p2id":"ruinoustusk","formatid":"gen9nationaldex","rating":1170,"private":0,"password":""}