{"id":"gen9nationaldex-1990839945","p1":"hambroni","p2":"dodoisugly","format":"[Gen 9] National Dex","log":"|j|\u2606hambroni\n|j|\u2606dodoisugly\n|t:|1700006290\n|gametype|singles\n|player|p1|hambroni|lucas|1433\n|player|p2|dodoisugly|266|1525\n|teamsize|p1|6\n|teamsize|p2|6\n|gen|9\n|tier|[Gen 9] National Dex\n|rated|\n|rule|HP Percentage Mod: HP is shown in percentages\n|rule|Endless Battle Clause: Forcing endless battles is banned\n|rule|OHKO Clause: OHKO moves are banned\n|rule|Evasion Clause: Evasion abilities, items, and moves are banned\n|rule|Evasion Abilities Clause: Evasion abilities are banned\n|rule|Evasion Items Clause: Evasion items are banned\n|rule|Evasion Moves Clause: Evasion moves are banned\n|rule|Species Clause: Limit one of each Pok\u00e9mon\n|rule|Sleep Clause Mod: Limit one foe put to sleep\n|clearpoke\n|poke|p1|Azelf|\n|poke|p1|Nidoking, M|\n|poke|p1|Zapdos|\n|poke|p1|Lucario, M|\n|poke|p1|Clefable, M|\n|poke|p1|Garchomp, M|\n|poke|p2|Talonflame, F|\n|poke|p2|Iron Valiant|\n|poke|p2|Glimmora, F|\n|poke|p2|Mawile, F|\n|poke|p2|Kyurem|\n|poke|p2|Quagsire, M|\n|teampreview\n|inactive|Battle timer is ON: inactive players will automatically lose when time's up. (requested by dodoisugly)\n|\n|t:|1700006312\n|start\n|switch|p1a: Clouded|Azelf|100\/100\n|switch|p2a: Glimmora|Glimmora, F|100\/100\n|turn|1\n|\n|t:|1700006315\n|move|p1a: Clouded|Psychic|p2a: Glimmora\n|-supereffective|p2a: Glimmora\n|-damage|p2a: Glimmora|0 fnt\n|faint|p2a: Glimmora\n|\n|upkeep\n|\n|t:|1700006323\n|switch|p2a: Mawile|Mawile, F|100\/100\n|-ability|p2a: Mawile|Intimidate|boost\n|-unboost|p1a: Clouded|atk|1\n|turn|2\n|\n|t:|1700006326\n|switch|p1a: Doritoes|Zapdos, shiny|100\/100\n|detailschange|p2a: Mawile|Mawile-Mega, F\n|-mega|p2a: Mawile|Mawile|Mawilite\n|move|p2a: Mawile|Iron Head|p1a: Doritoes\n|-resisted|p1a: Doritoes\n|-damage|p1a: Doritoes|61\/100\n|-status|p2a: Mawile|par|[from] ability: Static|[of] p1a: Doritoes\n|\n|upkeep\n|turn|3\n|\n|t:|1700006333\n|move|p1a: Doritoes|Discharge|p2a: Mawile\n|-damage|p2a: Mawile|58\/100 par\n|move|p2a: Mawile|Play Rough|p1a: Doritoes\n|-damage|p1a: Doritoes|0 fnt\n|faint|p1a: Doritoes\n|\n|upkeep\n|\n|t:|1700006361\n|switch|p1a: Henry|Nidoking, M, shiny|100\/100\n|turn|4\n|\n|t:|1700006367\n|switch|p2a: Talonflame|Talonflame, F|100\/100\n|move|p1a: Henry|Flamethrower|p2a: Talonflame\n|-resisted|p2a: Talonflame\n|-damage|p2a: Talonflame|69\/100\n|\n|upkeep\n|turn|5\n|\n|t:|1700006371\n|move|p2a: Talonflame|Overheat|p1a: Henry\n|-damage|p1a: Henry|34\/100\n|-unboost|p2a: Talonflame|spa|2\n|move|p1a: Henry|Sludge Wave|p2a: Talonflame\n|-damage|p2a: Talonflame|0 fnt\n|faint|p2a: Talonflame\n|\n|upkeep\n|\n|t:|1700006377\n|switch|p2a: Kyurem|Kyurem, shiny|100\/100\n|-ability|p2a: Kyurem|Pressure\n|turn|6\n|\n|t:|1700006384\n|move|p2a: Kyurem|Earth Power|p1a: Henry\n|-supereffective|p1a: Henry\n|-damage|p1a: Henry|0 fnt\n|faint|p1a: Henry\n|\n|upkeep\n|\n|t:|1700006400\n|switch|p1a: UglyAF|Clefable, M|100\/100\n|turn|7\n|\n|t:|1700006404\n|switch|p2a: Mawile|Mawile-Mega, F|58\/100 par\n|move|p1a: UglyAF|Calm Mind|p1a: UglyAF\n|-boost|p1a: UglyAF|spa|1\n|-boost|p1a: UglyAF|spd|1\n|\n|upkeep\n|turn|8\n|\n|t:|1700006412\n|move|p1a: UglyAF|Flamethrower|p2a: Mawile\n|-supereffective|p2a: Mawile\n|-damage|p2a: Mawile|0 fnt\n|faint|p2a: Mawile\n|\n|upkeep\n|\n|t:|1700006425\n|switch|p2a: Iron Valiant|Iron Valiant|100\/100\n|-enditem|p2a: Iron Valiant|Booster Energy\n|-activate|p2a: Iron Valiant|ability: Quark Drive|[fromitem]\n|-start|p2a: Iron Valiant|quarkdrivespe\n|turn|9\n|\n|t:|1700006428\n|move|p2a: Iron Valiant|Spirit Break|p1a: UglyAF\n|-damage|p1a: UglyAF|71\/100\n|-unboost|p1a: UglyAF|spa|1\n|move|p1a: UglyAF|Moonblast|p2a: Iron Valiant\n|-supereffective|p2a: Iron Valiant\n|-damage|p2a: Iron Valiant|0 fnt\n|faint|p2a: Iron Valiant\n|-end|p2a: Iron Valiant|Quark Drive|[silent]\n|\n|-heal|p1a: UglyAF|77\/100|[from] item: Leftovers\n|upkeep\n|\n|t:|1700006431\n|switch|p2a: Quagsire|Quagsire, M|100\/100\n|turn|10\n|\n|t:|1700006454\n|move|p1a: UglyAF|Calm Mind|p1a: UglyAF\n|-boost|p1a: UglyAF|spa|1\n|-boost|p1a: UglyAF|spd|1\n|move|p2a: Quagsire|Earthquake|p1a: UglyAF\n|-damage|p1a: UglyAF|53\/100\n|\n|-heal|p1a: UglyAF|59\/100|[from] item: Leftovers\n|upkeep\n|turn|11\n|\n|t:|1700006457\n|move|p1a: UglyAF|Calm Mind|p1a: UglyAF\n|-boost|p1a: UglyAF|spa|1\n|-boost|p1a: UglyAF|spd|1\n|move|p2a: Quagsire|Earthquake|p1a: UglyAF\n|-damage|p1a: UglyAF|35\/100\n|\n|-heal|p1a: UglyAF|41\/100|[from] item: Leftovers\n|upkeep\n|turn|12\n|\n|t:|1700006459\n|move|p1a: UglyAF|Soft-Boiled|p1a: UglyAF\n|-heal|p1a: UglyAF|91\/100\n|move|p2a: Quagsire|Earthquake|p1a: UglyAF\n|-damage|p1a: UglyAF|69\/100\n|\n|-heal|p1a: UglyAF|75\/100|[from] item: Leftovers\n|upkeep\n|turn|13\n|\n|t:|1700006462\n|move|p1a: UglyAF|Moonblast|p2a: Quagsire\n|-damage|p2a: Quagsire|65\/100\n|move|p2a: Quagsire|Scald|p1a: UglyAF\n|-damage|p1a: UglyAF|59\/100\n|-status|p1a: UglyAF|brn\n|\n|-heal|p1a: UglyAF|65\/100 brn|[from] item: Leftovers\n|-heal|p2a: Quagsire|71\/100|[from] item: Leftovers\n|upkeep\n|turn|14\n|\n|t:|1700006466\n|move|p1a: UglyAF|Moonblast|p2a: Quagsire\n|-damage|p2a: Quagsire|32\/100\n|move|p2a: Quagsire|Recover|p2a: Quagsire\n|-heal|p2a: Quagsire|82\/100\n|\n|-heal|p1a: UglyAF|71\/100 brn|[from] item: Leftovers\n|-heal|p2a: Quagsire|89\/100|[from] item: Leftovers\n|upkeep\n|turn|15\n|\n|t:|1700006469\n|move|p1a: UglyAF|Moonblast|p2a: Quagsire\n|-damage|p2a: Quagsire|52\/100\n|move|p2a: Quagsire|Earthquake|p1a: UglyAF\n|-damage|p1a: UglyAF|48\/100 brn\n|\n|-heal|p1a: UglyAF|54\/100 brn|[from] item: Leftovers\n|-heal|p2a: Quagsire|58\/100|[from] item: Leftovers\n|upkeep\n|turn|16\n|\n|t:|1700006472\n|move|p1a: UglyAF|Moonblast|p2a: Quagsire\n|-crit|p2a: Quagsire\n|-damage|p2a: Quagsire|0 fnt\n|faint|p2a: Quagsire\n|\n|-heal|p1a: UglyAF|60\/100 brn|[from] item: Leftovers\n|upkeep\n|c|\u2606dodoisugly|Insane\n|-message|dodoisugly forfeited.\n|\n|win|hambroni\n|raw|hambroni's rating: 1433 &rarr; <strong>1458<\/strong><br \/>(+25 for winning)\n|raw|dodoisugly's rating: 1525 &rarr; <strong>1500<\/strong><br \/>(-25 for losing)\n|l|\u2606dodoisugly\n|c|\u2606hambroni|did it matter\n|l|\u2606hambroni\n|j|\u2606hambroni\n|player|p1|hambroni|lucas\n","uploadtime":1700006486,"views":4,"p1id":"hambroni","p2id":"dodoisugly","formatid":"gen9nationaldex","rating":1458,"private":0,"password":""}