{"id":"gen9nationaldex-1999581198","p1":"schoolboy333","p2":"gfsn\u7535\u68cd\u5973\u513f\u7c73\u8bfa","format":"[Gen 9] National Dex","log":"|html|<div class=\"broadcast-blue\"><strong>[Gen 9] National Dex is currently suspecting Sneasler! For information on how to participate check out the <a href=\"https:\/\/www.smogon.com\/forums\/threads\/sv-national-dex-suspect-8-just-dance.3731534\/\">suspect thread<\/a>.<\/strong><\/div>\n|j|\u2606schoolboy333\n|j|\u2606gfsn\u7535\u68cd\u5973\u513f\u7c73\u8bfa\n|t:|1701098246\n|gametype|singles\n|player|p1|schoolboy333|byron|1322\n|player|p2|gfsn\u7535\u68cd\u5973\u513f\u7c73\u8bfa|rosa|1358\n|teamsize|p1|6\n|teamsize|p2|6\n|gen|9\n|tier|[Gen 9] National Dex\n|rated|\n|rule|HP Percentage Mod: HP is shown in percentages\n|rule|Endless Battle Clause: Forcing endless battles is banned\n|rule|OHKO Clause: OHKO moves are banned\n|rule|Evasion Clause: Evasion abilities, items, and moves are banned\n|rule|Evasion Abilities Clause: Evasion abilities are banned\n|rule|Evasion Items Clause: Evasion items are banned\n|rule|Evasion Moves Clause: Evasion moves are banned\n|rule|Species Clause: Limit one of each Pok\u00e9mon\n|rule|Sleep Clause Mod: Limit one foe put to sleep\n|clearpoke\n|poke|p1|Dragonite, M|\n|poke|p1|Hatterene, F|\n|poke|p1|Keldeo|\n|poke|p1|Ogerpon-Cornerstone, F|\n|poke|p1|Bisharp, M|\n|poke|p1|Skeledirge, F|\n|poke|p2|Pinsir, M|\n|poke|p2|Tapu Koko|\n|poke|p2|Volcanion|\n|poke|p2|Ferrothorn, M|\n|poke|p2|Heatran, F|\n|poke|p2|Zapdos|\n|teampreview\n|inactive|Battle timer is ON: inactive players will automatically lose when time's up. (requested by gfsn\u7535\u68cd\u5973\u513f\u7c73\u8bfa)\n|\n|t:|1701098267\n|start\n|switch|p1a: Hatterene|Hatterene, F|100\/100\n|switch|p2a: Ferrothorn|Ferrothorn, M|100\/100\n|turn|1\n|\n|t:|1701098280\n|-terastallize|p1a: Hatterene|Fire\n|move|p1a: Hatterene|Mystical Fire|p2a: Ferrothorn\n|-supereffective|p2a: Ferrothorn\n|-crit|p2a: Ferrothorn\n|-enditem|p2a: Ferrothorn|Focus Sash\n|-damage|p2a: Ferrothorn|1\/100\n|-unboost|p2a: Ferrothorn|spa|1\n|move|p2a: Ferrothorn|Knock Off|p1a: Hatterene\n|-damage|p1a: Hatterene|78\/100\n|-damage|p2a: Ferrothorn|0 fnt|[from] item: Rocky Helmet|[of] p1a: Hatterene\n|faint|p2a: Ferrothorn\n|\n|upkeep\n|inactive|gfsn\u7535\u68cd\u5973\u513f\u7c73\u8bfa has 120 seconds left.\n|\n|t:|1701098314\n|switch|p2a: Volcanion|Volcanion|100\/100\n|turn|2\n|\n|t:|1701098337\n|move|p2a: Volcanion|Steam Eruption|p1a: Hatterene|[miss]\n|-miss|p2a: Volcanion|p1a: Hatterene\n|move|p1a: Hatterene|Nuzzle|p2a: Volcanion\n|-supereffective|p2a: Volcanion\n|-damage|p2a: Volcanion|93\/100\n|-status|p2a: Volcanion|par\n|\n|upkeep\n|turn|3\n|inactive|gfsn\u7535\u68cd\u5973\u513f\u7c73\u8bfa has 120 seconds left.\n|\n|t:|1701098354\n|move|p2a: Volcanion|Will-O-Wisp|p1a: Hatterene\n|move|p1a: Hatterene|Will-O-Wisp||[from]ability: Magic Bounce|[still]\n|-fail|p1a: Hatterene\n|move|p1a: Hatterene|Mystical Fire|p2a: Volcanion\n|-resisted|p2a: Volcanion\n|-damage|p2a: Volcanion|81\/100 par\n|-unboost|p2a: Volcanion|spa|1\n|\n|upkeep\n|turn|4\n|inactive|gfsn\u7535\u68cd\u5973\u513f\u7c73\u8bfa has 120 seconds left.\n|\n|t:|1701098371\n|move|p2a: Volcanion|Steam Eruption|p1a: Hatterene\n|-supereffective|p1a: Hatterene\n|-damage|p1a: Hatterene|0 fnt\n|faint|p1a: Hatterene\n|\n|upkeep\n|inactive|schoolboy333 has 120 seconds left.\n|\n|t:|1701098386\n|switch|p1a: Ogerpon|Ogerpon-Cornerstone, F|100\/100\n|turn|5\n|inactive|schoolboy333 has 120 seconds left.\n|\n|t:|1701098393\n|-terastallize|p2a: Volcanion|Ground\n|move|p1a: Ogerpon|Swords Dance|p1a: Ogerpon\n|-boost|p1a: Ogerpon|atk|2\n|move|p2a: Volcanion|Will-O-Wisp|p1a: Ogerpon|[miss]\n|-miss|p2a: Volcanion|p1a: Ogerpon\n|\n|upkeep\n|turn|6\n|\n|t:|1701098407\n|move|p1a: Ogerpon|Wood Hammer|p2a: Volcanion\n|-supereffective|p2a: Volcanion\n|-damage|p2a: Volcanion|0 fnt\n|faint|p2a: Volcanion\n|-damage|p1a: Ogerpon|69\/100|[from] Recoil\n|\n|upkeep\n|inactive|gfsn\u7535\u68cd\u5973\u513f\u7c73\u8bfa has 120 seconds left.\n|\n|t:|1701098428\n|switch|p2a: Heatran|Heatran, F, shiny|100\/100\n|turn|7\n|inactive|gfsn\u7535\u68cd\u5973\u513f\u7c73\u8bfa has 120 seconds left.\n|\n|t:|1701098436\n|move|p1a: Ogerpon|Ivy Cudgel|p2a: Heatran|[anim] Ivy Cudgel Rock\n|-damage|p2a: Heatran|16\/100\n|move|p2a: Heatran|Toxic|p1a: Ogerpon\n|-status|p1a: Ogerpon|tox\n|\n|-heal|p2a: Heatran|22\/100|[from] item: Leftovers\n|-damage|p1a: Ogerpon|63\/100 tox|[from] psn\n|upkeep\n|turn|8\n|inactive|gfsn\u7535\u68cd\u5973\u513f\u7c73\u8bfa has 120 seconds left.\n|\n|t:|1701098447\n|move|p2a: Heatran|Protect|p2a: Heatran\n|-singleturn|p2a: Heatran|Protect\n|move|p1a: Ogerpon|Ivy Cudgel|p2a: Heatran|[anim] Ivy Cudgel Rock\n|-activate|p2a: Heatran|move: Protect\n|\n|-heal|p2a: Heatran|28\/100|[from] item: Leftovers\n|-damage|p1a: Ogerpon|51\/100 tox|[from] psn\n|upkeep\n|turn|9\n|inactive|gfsn\u7535\u68cd\u5973\u513f\u7c73\u8bfa has 120 seconds left.\n|\n|t:|1701098470\n|switch|p1a: Keldeo|Keldeo|100\/100\n|switch|p2a: Zapdos|Zapdos, shiny|100\/100\n|\n|upkeep\n|turn|10\n|\n|t:|1701098487\n|move|p1a: Keldeo|Protect|p1a: Keldeo\n|-singleturn|p1a: Keldeo|Protect\n|move|p2a: Zapdos|Volt Switch|p1a: Keldeo\n|-activate|p1a: Keldeo|move: Protect\n|\n|upkeep\n|turn|11\n|\n|t:|1701098516\n|switch|p1a: Bisharp|Bisharp, M|100\/100\n|move|p2a: Zapdos|Volt Switch|p1a: Bisharp\n|-damage|p1a: Bisharp|73\/100\n|\n|t:|1701098526\n|switch|p2a: Pinsir|Pinsir, M|100\/100|[from] Volt Switch\n|\n|upkeep\n|turn|12\n|inactive|gfsn\u7535\u68cd\u5973\u513f\u7c73\u8bfa has 120 seconds left.\n|\n|t:|1701098545\n|detailschange|p2a: Pinsir|Pinsir-Mega, M\n|-mega|p2a: Pinsir|Pinsir|Pinsirite\n|move|p2a: Pinsir|Close Combat|p1a: Bisharp\n|-supereffective|p1a: Bisharp\n|-damage|p1a: Bisharp|0 fnt\n|-unboost|p2a: Pinsir|def|1\n|-unboost|p2a: Pinsir|spd|1\n|faint|p1a: Bisharp\n|\n|upkeep\n|inactive|schoolboy333 has 120 seconds left.\n|\n|t:|1701098569\n|switch|p1a: Ogerpon|Ogerpon-Cornerstone, F|51\/100 tox\n|turn|13\n|inactive|gfsn\u7535\u68cd\u5973\u513f\u7c73\u8bfa has 120 seconds left.\n|\n|t:|1701098585\n|switch|p2a: Heatran|Heatran, F, shiny|28\/100\n|move|p1a: Ogerpon|Ivy Cudgel|p2a: Heatran|[anim] Ivy Cudgel Rock\n|-damage|p2a: Heatran|0 fnt\n|faint|p2a: Heatran\n|\n|-damage|p1a: Ogerpon|45\/100 tox|[from] psn\n|upkeep\n|\n|t:|1701098596\n|switch|p2a: Pinsir|Pinsir-Mega, M|100\/100\n|turn|14\n|\n|t:|1701098601\n|move|p2a: Pinsir|Quick Attack|p1a: Ogerpon\n|-damage|p1a: Ogerpon|7\/100 tox\n|move|p1a: Ogerpon|Ivy Cudgel|p2a: Pinsir|[anim] Ivy Cudgel Rock\n|-supereffective|p2a: Pinsir\n|-damage|p2a: Pinsir|0 fnt\n|faint|p2a: Pinsir\n|\n|-damage|p1a: Ogerpon|0 fnt|[from] psn\n|faint|p1a: Ogerpon\n|upkeep\n|inactive|gfsn\u7535\u68cd\u5973\u513f\u7c73\u8bfa has 120 seconds left.\n|\n|t:|1701098617\n|switch|p1a: Skeledirge|Skeledirge, F|100\/100\n|switch|p2a: Tapu Koko|Tapu Koko|100\/100\n|-fieldstart|move: Electric Terrain|[from] ability: Electric Surge|[of] p2a: Tapu Koko\n|turn|15\n|\n|t:|1701098627\n|-zpower|p2a: Tapu Koko\n|move|p2a: Tapu Koko|Gigavolt Havoc|p1a: Skeledirge|[zeffect]\n|-damage|p1a: Skeledirge|2\/100\n|move|p1a: Skeledirge|Torch Song|p2a: Tapu Koko\n|-damage|p2a: Tapu Koko|42\/100\n|-boost|p1a: Skeledirge|spa|1\n|-enditem|p1a: Skeledirge|Throat Spray\n|-boost|p1a: Skeledirge|spa|1|[from] item: Throat Spray\n|\n|upkeep\n|turn|16\n|inactive|gfsn\u7535\u68cd\u5973\u513f\u7c73\u8bfa has 120 seconds left.\n|inactive|schoolboy333 has 120 seconds left.\n|\n|t:|1701098650\n|move|p2a: Tapu Koko|U-turn|p1a: Skeledirge\n|-resisted|p1a: Skeledirge\n|-crit|p1a: Skeledirge\n|-damage|p1a: Skeledirge|0 fnt\n|faint|p1a: Skeledirge\n|\n|t:|1701098657\n|switch|p2a: Zapdos|Zapdos, shiny|100\/100|[from] U-turn\n|\n|upkeep\n|\n|t:|1701098663\n|switch|p1a: Dragonite|Dragonite, M|100\/100\n|turn|17\n|\n|t:|1701098672\n|move|p2a: Zapdos|Toxic|p1a: Dragonite|[miss]\n|-miss|p2a: Zapdos|p1a: Dragonite\n|move|p1a: Dragonite|Curse|p1a: Dragonite\n|-unboost|p1a: Dragonite|spe|1\n|-boost|p1a: Dragonite|atk|1\n|-boost|p1a: Dragonite|def|1\n|\n|upkeep\n|turn|18\n|\n|t:|1701098681\n|move|p2a: Zapdos|Toxic|p1a: Dragonite\n|-status|p1a: Dragonite|tox\n|move|p1a: Dragonite|Curse|p1a: Dragonite\n|-unboost|p1a: Dragonite|spe|1\n|-boost|p1a: Dragonite|atk|1\n|-boost|p1a: Dragonite|def|1\n|\n|-damage|p1a: Dragonite|94\/100 tox|[from] psn\n|upkeep\n|turn|19\n|\n|t:|1701098703\n|move|p1a: Dragonite|Extreme Speed|p2a: Zapdos\n|-damage|p2a: Zapdos|52\/100\n|move|p2a: Zapdos|Volt Switch|p1a: Dragonite\n|-damage|p1a: Dragonite|76\/100 tox\n|\n|t:|1701098711\n|switch|p2a: Tapu Koko|Tapu Koko|42\/100|[from] Volt Switch\n|\n|-heal|p1a: Dragonite|82\/100 tox|[from] item: Leftovers\n|-damage|p1a: Dragonite|69\/100 tox|[from] psn\n|-fieldend|move: Electric Terrain\n|upkeep\n|turn|20\n|\n|t:|1701098722\n|move|p1a: Dragonite|Extreme Speed|p2a: Tapu Koko\n|-damage|p2a: Tapu Koko|0 fnt\n|faint|p2a: Tapu Koko\n|\n|-heal|p1a: Dragonite|76\/100 tox|[from] item: Leftovers\n|-damage|p1a: Dragonite|57\/100 tox|[from] psn\n|upkeep\n|-message|gfsn\u7535\u68cd\u5973\u513f\u7c73\u8bfa forfeited.\n|\n|win|schoolboy333\n|raw|schoolboy333's rating: 1322 &rarr; <strong>1344<\/strong><br \/>(+22 for winning)\n|raw|gfsn\u7535\u68cd\u5973\u513f\u7c73\u8bfa's rating: 1358 &rarr; <strong>1336<\/strong><br \/>(-22 for losing)\n","uploadtime":1701098729,"views":4,"p1id":"schoolboy333","p2id":"gfsn","formatid":"gen9nationaldex","rating":1336,"private":0,"password":""}