{"id":"gen9nationaldex-1997892962","p1":"Felix Fathom","p2":"mik_25223","format":"[Gen 9] National Dex","log":"|html|<div class=\"broadcast-blue\"><strong>[Gen 9] National Dex is currently suspecting Sneasler! For information on how to participate check out the <a href=\"https:\/\/www.smogon.com\/forums\/threads\/sv-national-dex-suspect-8-just-dance.3731534\/\">suspect thread<\/a>.<\/strong><\/div>\n|j|\u2606Felix Fathom\n|j|\u2606mik_25223\n|t:|1700864466\n|gametype|singles\n|player|p1|Felix Fathom|ghetsis|1204\n|player|p2|mik_25223|169|1108\n|teamsize|p1|6\n|teamsize|p2|6\n|gen|9\n|tier|[Gen 9] National Dex\n|rated|\n|rule|HP Percentage Mod: HP is shown in percentages\n|rule|Endless Battle Clause: Forcing endless battles is banned\n|rule|OHKO Clause: OHKO moves are banned\n|rule|Evasion Clause: Evasion abilities, items, and moves are banned\n|rule|Evasion Abilities Clause: Evasion abilities are banned\n|rule|Evasion Items Clause: Evasion items are banned\n|rule|Evasion Moves Clause: Evasion moves are banned\n|rule|Species Clause: Limit one of each Pok\u00e9mon\n|rule|Sleep Clause Mod: Limit one foe put to sleep\n|clearpoke\n|poke|p1|Landorus-Therian, M|\n|poke|p1|Charizard, M|\n|poke|p1|Kommo-o, F|\n|poke|p1|Tapu Lele|\n|poke|p1|Ferrothorn, M|\n|poke|p1|Gengar, M|\n|poke|p2|Mantine, F|\n|poke|p2|Pelipper, M|\n|poke|p2|Gliscor, M|\n|poke|p2|Ferrothorn, F|\n|poke|p2|Swampert, F|\n|poke|p2|Dragalge, M|\n|teampreview\n|inactive|Battle timer is ON: inactive players will automatically lose when time's up. (requested by mik_25223)\n|\n|t:|1700864473\n|start\n|switch|p1a: Landorus|Landorus-Therian, M|100\/100\n|switch|p2a: Dragalge|Dragalge, M|100\/100\n|-ability|p1a: Landorus|Intimidate|boost\n|-unboost|p2a: Dragalge|atk|1\n|turn|1\n|\n|t:|1700864480\n|move|p1a: Landorus|Stealth Rock|p2a: Dragalge\n|-sidestart|p2: mik_25223|move: Stealth Rock\n|move|p2a: Dragalge|Icy Wind|p1a: Landorus\n|-supereffective|p1a: Landorus\n|-damage|p1a: Landorus|5\/100\n|-unboost|p1a: Landorus|spe|1\n|-enditem|p1a: Landorus|Sitrus Berry|[eat]\n|-heal|p1a: Landorus|30\/100|[from] item: Sitrus Berry\n|\n|upkeep\n|turn|2\n|\n|t:|1700864485\n|switch|p2a: Gliscor|Gliscor, M|100\/100\n|-damage|p2a: Gliscor|88\/100|[from] Stealth Rock\n|move|p1a: Landorus|Earthquake|p2a: Gliscor\n|-immune|p2a: Gliscor\n|\n|-status|p2a: Gliscor|tox|[from] item: Toxic Orb\n|upkeep\n|turn|3\n|\n|t:|1700864490\n|move|p2a: Gliscor|Defog|p1a: Landorus\n|-unboost|p1a: Landorus|evasion|1\n|-sideend|p2: mik_25223|Stealth Rock|[from] move: Defog|[of] p2a: Gliscor\n|move|p1a: Landorus|Knock Off|p2a: Gliscor\n|-damage|p2a: Gliscor|63\/100 tox\n|-enditem|p2a: Gliscor|Toxic Orb|[from] move: Knock Off|[of] p1a: Landorus\n|\n|-heal|p2a: Gliscor|76\/100 tox|[from] ability: Poison Heal\n|upkeep\n|turn|4\n|\n|t:|1700864497\n|move|p2a: Gliscor|Toxic|p1a: Landorus\n|-status|p1a: Landorus|tox\n|move|p1a: Landorus|Stealth Rock|p2a: Gliscor\n|-sidestart|p2: mik_25223|move: Stealth Rock\n|\n|-heal|p2a: Gliscor|88\/100 tox|[from] ability: Poison Heal\n|-damage|p1a: Landorus|24\/100 tox|[from] psn\n|upkeep\n|turn|5\n|\n|t:|1700864504\n|move|p2a: Gliscor|Defog|p1a: Landorus\n|-unboost|p1a: Landorus|evasion|1\n|-sideend|p2: mik_25223|Stealth Rock|[from] move: Defog|[of] p2a: Gliscor\n|move|p1a: Landorus|Stealth Rock|p2a: Gliscor\n|-sidestart|p2: mik_25223|move: Stealth Rock\n|\n|-heal|p2a: Gliscor|100\/100 tox|[from] ability: Poison Heal\n|-damage|p1a: Landorus|12\/100 tox|[from] psn\n|upkeep\n|turn|6\n|\n|t:|1700864521\n|move|p2a: Gliscor|Defog|p1a: Landorus\n|-unboost|p1a: Landorus|evasion|1\n|-sideend|p2: mik_25223|Stealth Rock|[from] move: Defog|[of] p2a: Gliscor\n|move|p1a: Landorus|Stealth Rock|p2a: Gliscor\n|-sidestart|p2: mik_25223|move: Stealth Rock\n|\n|-damage|p1a: Landorus|0 fnt|[from] psn\n|faint|p1a: Landorus\n|upkeep\n|\n|t:|1700864530\n|switch|p1a: Charizard|Charizard, M|100\/100\n|turn|7\n|\n|t:|1700864535\n|detailschange|p1a: Charizard|Charizard-Mega-Y, M\n|-mega|p1a: Charizard|Charizard|Charizardite Y\n|-weather|SunnyDay|[from] ability: Drought|[of] p1a: Charizard\n|move|p1a: Charizard|Weather Ball|p2a: Gliscor\n|-damage|p2a: Gliscor|0 fnt\n|faint|p2a: Gliscor\n|\n|-weather|SunnyDay|[upkeep]\n|upkeep\n|\n|t:|1700864554\n|switch|p2a: Pelipper|Pelipper, M|100\/100\n|-damage|p2a: Pelipper|76\/100|[from] Stealth Rock\n|-weather|RainDance|[from] ability: Drizzle|[of] p2a: Pelipper\n|turn|8\n|\n|t:|1700864561\n|switch|p1a: Ferrothorn|Ferrothorn, M|100\/100\n|move|p2a: Pelipper|Defog|p1a: Ferrothorn\n|-unboost|p1a: Ferrothorn|evasion|1\n|-sideend|p2: mik_25223|Stealth Rock|[from] move: Defog|[of] p2a: Pelipper\n|\n|-weather|RainDance|[upkeep]\n|upkeep\n|turn|9\n|\n|t:|1700864570\n|switch|p2a: Ferrothorn|Ferrothorn, F|100\/100\n|move|p1a: Ferrothorn|Toxic|p2a: Ferrothorn\n|-immune|p2a: Ferrothorn\n|\n|-weather|RainDance|[upkeep]\n|upkeep\n|turn|10\n|\n|t:|1700864577\n|move|p2a: Ferrothorn|Iron Defense|p2a: Ferrothorn\n|-boost|p2a: Ferrothorn|def|2\n|move|p1a: Ferrothorn|Body Press|p2a: Ferrothorn\n|-supereffective|p2a: Ferrothorn\n|-damage|p2a: Ferrothorn|76\/100\n|-damage|p1a: Ferrothorn|88\/100|[from] ability: Iron Barbs|[of] p2a: Ferrothorn\n|-damage|p1a: Ferrothorn|72\/100|[from] item: Rocky Helmet|[of] p2a: Ferrothorn\n|\n|-weather|RainDance|[upkeep]\n|-heal|p1a: Ferrothorn|78\/100|[from] item: Leftovers\n|upkeep\n|turn|11\n|\n|t:|1700864583\n|switch|p1a: Charizard|Charizard-Mega-Y, M|100\/100\n|-weather|SunnyDay|[from] ability: Drought|[of] p1a: Charizard\n|move|p2a: Ferrothorn|Body Press|p1a: Charizard\n|-resisted|p1a: Charizard\n|-damage|p1a: Charizard|70\/100\n|\n|-weather|SunnyDay|[upkeep]\n|upkeep\n|turn|12\n|\n|t:|1700864596\n|switch|p2a: Dragalge|Dragalge, M|100\/100\n|move|p1a: Charizard|Solar Beam||[still]\n|-prepare|p1a: Charizard|Solar Beam\n|-anim|p1a: Charizard|Solar Beam|p2a: Dragalge\n|-resisted|p2a: Dragalge\n|-damage|p2a: Dragalge|90\/100\n|\n|-weather|SunnyDay|[upkeep]\n|upkeep\n|turn|13\n|\n|t:|1700864601\n|move|p1a: Charizard|Dragon Pulse|p2a: Dragalge\n|-supereffective|p2a: Dragalge\n|-damage|p2a: Dragalge|33\/100\n|move|p2a: Dragalge|Icy Wind|p1a: Charizard\n|-damage|p1a: Charizard|54\/100\n|-unboost|p1a: Charizard|spe|1\n|\n|-weather|SunnyDay|[upkeep]\n|upkeep\n|turn|14\n|\n|t:|1700864607\n|switch|p2a: Pelipper|Pelipper, M|76\/100\n|-weather|RainDance|[from] ability: Drizzle|[of] p2a: Pelipper\n|move|p1a: Charizard|Dragon Pulse|p2a: Pelipper\n|-damage|p2a: Pelipper|31\/100\n|\n|-weather|RainDance|[upkeep]\n|upkeep\n|turn|15\n|\n|t:|1700864615\n|switch|p1a: Ferrothorn|Ferrothorn, M|78\/100\n|switch|p2a: Mantine|Mantine, F, shiny|100\/100\n|\n|-weather|RainDance|[upkeep]\n|-heal|p1a: Ferrothorn|84\/100|[from] item: Leftovers\n|upkeep\n|turn|16\n|\n|t:|1700864625\n|move|p2a: Mantine|Hurricane|p1a: Ferrothorn\n|-damage|p1a: Ferrothorn|28\/100\n|-start|p1a: Ferrothorn|confusion\n|-activate|p1a: Ferrothorn|confusion\n|move|p1a: Ferrothorn|Leech Seed|p2a: Mantine\n|-start|p2a: Mantine|move: Leech Seed\n|\n|-weather|RainDance|[upkeep]\n|-heal|p1a: Ferrothorn|34\/100|[from] item: Leftovers\n|-damage|p2a: Mantine|88\/100|[from] Leech Seed|[of] p1a: Ferrothorn\n|-heal|p1a: Ferrothorn|45\/100|[silent]\n|upkeep\n|turn|17\n|\n|t:|1700864639\n|move|p2a: Mantine|Hurricane|p1a: Ferrothorn\n|-damage|p1a: Ferrothorn|0 fnt\n|faint|p1a: Ferrothorn\n|\n|-weather|RainDance|[upkeep]\n|upkeep\n|\n|t:|1700864642\n|switch|p1a: Kommo-o|Kommo-o, F|100\/100\n|turn|18\n|\n|t:|1700864646\n|switch|p1a: Charizard|Charizard-Mega-Y, M|54\/100\n|-weather|SunnyDay|[from] ability: Drought|[of] p1a: Charizard\n|move|p2a: Mantine|Hurricane|p1a: Charizard|[miss]\n|-miss|p2a: Mantine|p1a: Charizard\n|\n|-weather|SunnyDay|[upkeep]\n|-damage|p2a: Mantine|76\/100|[from] Leech Seed|[of] p1a: Charizard\n|-heal|p1a: Charizard|66\/100|[silent]\n|upkeep\n|turn|19\n|\n|t:|1700864660\n|switch|p2a: Dragalge|Dragalge, M|33\/100\n|move|p1a: Charizard|Dragon Pulse|p2a: Dragalge\n|-supereffective|p2a: Dragalge\n|-damage|p2a: Dragalge|0 fnt\n|faint|p2a: Dragalge\n|\n|-weather|SunnyDay|[upkeep]\n|upkeep\n|\n|t:|1700864663\n|switch|p2a: Pelipper|Pelipper, M|31\/100\n|-weather|RainDance|[from] ability: Drizzle|[of] p2a: Pelipper\n|turn|20\n|\n|t:|1700864675\n|switch|p2a: Mantine|Mantine, F, shiny|76\/100\n|move|p1a: Charizard|Dragon Pulse|p2a: Mantine\n|-damage|p2a: Mantine|49\/100\n|\n|-weather|RainDance|[upkeep]\n|upkeep\n|turn|21\n|\n|t:|1700864683\n|switch|p1a: Tapu Lele|Tapu Lele|100\/100\n|-fieldstart|move: Psychic Terrain|[from] ability: Psychic Surge|[of] p1a: Tapu Lele\n|move|p2a: Mantine|Hurricane|p1a: Tapu Lele\n|-damage|p1a: Tapu Lele|28\/100\n|\n|-weather|RainDance|[upkeep]\n|upkeep\n|turn|22\n|\n|t:|1700864692\n|move|p2a: Mantine|Hurricane|p1a: Tapu Lele\n|-damage|p1a: Tapu Lele|0 fnt\n|faint|p1a: Tapu Lele\n|\n|-weather|RainDance|[upkeep]\n|upkeep\n|\n|t:|1700864697\n|switch|p1a: Charizard|Charizard-Mega-Y, M|66\/100\n|-weather|SunnyDay|[from] ability: Drought|[of] p1a: Charizard\n|turn|23\n|\n|t:|1700864705\n|switch|p2a: Ferrothorn|Ferrothorn, F|76\/100\n|move|p1a: Charizard|Weather Ball|p2a: Ferrothorn\n|-supereffective|p2a: Ferrothorn\n|-damage|p2a: Ferrothorn|0 fnt\n|faint|p2a: Ferrothorn\n|\n|-weather|SunnyDay|[upkeep]\n|upkeep\n|\n|t:|1700864707\n|switch|p2a: Pelipper|Pelipper, M|31\/100\n|-weather|RainDance|[from] ability: Drizzle|[of] p2a: Pelipper\n|turn|24\n|\n|t:|1700864718\n|switch|p2a: Mantine|Mantine, F, shiny|49\/100\n|move|p1a: Charizard|Weather Ball|p2a: Mantine\n|-resisted|p2a: Mantine\n|-damage|p2a: Mantine|25\/100\n|\n|-weather|RainDance|[upkeep]\n|upkeep\n|turn|25\n|\n|t:|1700864730\n|switch|p1a: Gengar|Gengar, M|100\/100\n|move|p2a: Mantine|Hurricane|p1a: Gengar\n|-damage|p1a: Gengar|0 fnt\n|faint|p1a: Gengar\n|\n|-weather|RainDance|[upkeep]\n|-fieldend|move: Psychic Terrain\n|upkeep\n|\n|t:|1700864737\n|switch|p1a: Charizard|Charizard-Mega-Y, M|66\/100\n|-weather|SunnyDay|[from] ability: Drought|[of] p1a: Charizard\n|turn|26\n|\n|t:|1700864752\n|switch|p2a: Pelipper|Pelipper, M|31\/100\n|-weather|RainDance|[from] ability: Drizzle|[of] p2a: Pelipper\n|move|p1a: Charizard|Dragon Pulse|p2a: Pelipper\n|-crit|p2a: Pelipper\n|-damage|p2a: Pelipper|0 fnt\n|faint|p2a: Pelipper\n|\n|-weather|RainDance|[upkeep]\n|upkeep\n|\n|t:|1700864753\n|switch|p2a: Mantine|Mantine, F, shiny|25\/100\n|turn|27\n|\n|t:|1700864766\n|switch|p1a: Kommo-o|Kommo-o, F|100\/100\n|move|p2a: Mantine|Roost|p2a: Mantine\n|-heal|p2a: Mantine|75\/100\n|-singleturn|p2a: Mantine|move: Roost\n|\n|-weather|RainDance|[upkeep]\n|upkeep\n|turn|28\n|\n|t:|1700864773\n|switch|p2a: Swampert|Swampert, F|100\/100\n|-zpower|p1a: Kommo-o\n|move|p1a: Kommo-o|Clangorous Soulblaze|p2a: Swampert|[zeffect]\n|-damage|p2a: Swampert|36\/100\n|-boost|p1a: Kommo-o|atk|1\n|-boost|p1a: Kommo-o|def|1\n|-boost|p1a: Kommo-o|spa|1\n|-boost|p1a: Kommo-o|spd|1\n|-boost|p1a: Kommo-o|spe|1\n|\n|-weather|RainDance|[upkeep]\n|upkeep\n|turn|29\n|\n|t:|1700864785\n|detailschange|p2a: Swampert|Swampert-Mega, F\n|-mega|p2a: Swampert|Swampert|Swampertite\n|move|p2a: Swampert|Waterfall|p1a: Kommo-o\n|-resisted|p1a: Kommo-o\n|-damage|p1a: Kommo-o|80\/100\n|move|p1a: Kommo-o|Dragon Claw|p2a: Swampert\n|-damage|p2a: Swampert|0 fnt\n|faint|p2a: Swampert\n|\n|-weather|RainDance|[upkeep]\n|upkeep\n|\n|t:|1700864787\n|switch|p2a: Mantine|Mantine, F, shiny|75\/100\n|turn|30\n|\n|t:|1700864799\n|move|p2a: Mantine|Hurricane|p1a: Kommo-o\n|-supereffective|p1a: Kommo-o\n|-damage|p1a: Kommo-o|0 fnt\n|faint|p1a: Kommo-o\n|\n|-weather|RainDance|[upkeep]\n|upkeep\n|\n|t:|1700864803\n|switch|p1a: Charizard|Charizard-Mega-Y, M|66\/100\n|-weather|SunnyDay|[from] ability: Drought|[of] p1a: Charizard\n|turn|31\n|\n|t:|1700864811\n|move|p1a: Charizard|Solar Beam||[still]\n|-prepare|p1a: Charizard|Solar Beam\n|-anim|p1a: Charizard|Solar Beam|p2a: Mantine\n|-damage|p2a: Mantine|36\/100\n|move|p2a: Mantine|Hurricane|p1a: Charizard|[miss]\n|-miss|p2a: Mantine|p1a: Charizard\n|\n|-weather|SunnyDay|[upkeep]\n|upkeep\n|turn|32\n|-message|mik_25223 forfeited.\n|\n|win|Felix Fathom\n|raw|Felix Fathom's rating: 1204 &rarr; <strong>1222<\/strong><br \/>(+18 for winning)\n|raw|mik_25223's rating: 1108 &rarr; <strong>1090<\/strong><br \/>(-18 for losing)\n|l|\u2606mik_25223\n","uploadtime":1700864823,"views":3,"p1id":"felixfathom","p2id":"mik25223","formatid":"gen9nationaldex","rating":1090,"private":0,"password":""}