{"id":"gen9nationaldex-1991486933","p1":"Tank Tests","p2":"Buri369","format":"[Gen 9] National Dex","log":"|j|\u2606Tank Tests\n|j|\u2606Buri369\n|t:|1700081403\n|gametype|singles\n|player|p1|Tank Tests|2|1395\n|player|p2|Buri369|unknown|1431\n|teamsize|p1|6\n|teamsize|p2|6\n|gen|9\n|tier|[Gen 9] National Dex\n|rated|\n|rule|HP Percentage Mod: HP is shown in percentages\n|rule|Endless Battle Clause: Forcing endless battles is banned\n|rule|OHKO Clause: OHKO moves are banned\n|rule|Evasion Clause: Evasion abilities, items, and moves are banned\n|rule|Evasion Abilities Clause: Evasion abilities are banned\n|rule|Evasion Items Clause: Evasion items are banned\n|rule|Evasion Moves Clause: Evasion moves are banned\n|rule|Species Clause: Limit one of each Pok\u00e9mon\n|rule|Sleep Clause Mod: Limit one foe put to sleep\n|clearpoke\n|poke|p1|Pawmot, M|\n|poke|p1|Rabsca, F|\n|poke|p1|Banette, M|\n|poke|p1|Victini|\n|poke|p1|Dragonite, M|\n|poke|p1|Forretress, F|\n|poke|p2|Conkeldurr, M|\n|poke|p2|Alomomola, F|\n|poke|p2|Ferrothorn, M|\n|poke|p2|Chandelure, M|\n|poke|p2|Stunfisk, M|\n|poke|p2|Mandibuzz, F|\n|teampreview\n|inactive|Battle timer is ON: inactive players will automatically lose when time's up. (requested by Buri369)\n|\n|t:|1700081416\n|start\n|switch|p1a: Victini|Victini|100\/100\n|switch|p2a: Alomomola|Alomomola, F|100\/100\n|turn|1\n|j| GracieVGC\n|\n|t:|1700081419\n|move|p2a: Alomomola|Protect|p2a: Alomomola\n|-singleturn|p2a: Alomomola|Protect\n|move|p1a: Victini|Bolt Strike|p2a: Alomomola\n|-activate|p2a: Alomomola|move: Protect\n|\n|upkeep\n|turn|2\n|\n|t:|1700081424\n|switch|p1a: Forretress|Forretress, F|100\/100\n|switch|p2a: Stunfisk|Stunfisk, M|100\/100\n|\n|upkeep\n|turn|3\n|\n|t:|1700081430\n|move|p1a: Forretress|Stealth Rock|p2a: Stunfisk\n|-sidestart|p2: Buri369|move: Stealth Rock\n|move|p2a: Stunfisk|Discharge|p1a: Forretress\n|-damage|p1a: Forretress|80\/100\n|-status|p1a: Forretress|par\n|\n|upkeep\n|turn|4\n|\n|t:|1700081443\n|switch|p1a: Dragonite|Dragonite, M|100\/100\n|move|p2a: Stunfisk|Earth Power|p1a: Dragonite\n|-immune|p1a: Dragonite\n|\n|upkeep\n|turn|5\n|\n|t:|1700081452\n|switch|p2a: Alomomola|Alomomola, F|100\/100\n|-damage|p2a: Alomomola|88\/100|[from] Stealth Rock\n|move|p1a: Dragonite|Earthquake|p2a: Alomomola\n|-damage|p2a: Alomomola|68\/100\n|\n|upkeep\n|turn|6\n|\n|t:|1700081457\n|switch|p1a: Forretress|Forretress, F|80\/100 par\n|move|p2a: Alomomola|Toxic||[still]\n|-fail|p2a: Alomomola\n|\n|upkeep\n|turn|7\n|\n|t:|1700081462\n|move|p2a: Alomomola|Scald|p1a: Forretress\n|-damage|p1a: Forretress|66\/100 par\n|cant|p1a: Forretress|par\n|\n|upkeep\n|turn|8\n|\n|t:|1700081467\n|move|p2a: Alomomola|Protect|p2a: Alomomola\n|-singleturn|p2a: Alomomola|Protect\n|move|p1a: Forretress|Thunder Wave|p2a: Alomomola\n|-activate|p2a: Alomomola|move: Protect\n|\n|upkeep\n|turn|9\n|\n|t:|1700081474\n|switch|p2a: Stunfisk|Stunfisk, M|100\/100\n|-damage|p2a: Stunfisk|94\/100|[from] Stealth Rock\n|move|p1a: Forretress|Explosion|p2a: Stunfisk\n|-damage|p2a: Stunfisk|41\/100\n|faint|p1a: Forretress\n|\n|upkeep\n|\n|t:|1700081480\n|switch|p1a: Dragonite|Dragonite, M|100\/100\n|turn|10\n|\n|t:|1700081483\n|switch|p2a: Alomomola|Alomomola, F|100\/100\n|-damage|p2a: Alomomola|88\/100|[from] Stealth Rock\n|move|p1a: Dragonite|Earthquake|p2a: Alomomola\n|-damage|p2a: Alomomola|68\/100\n|\n|upkeep\n|turn|11\n|\n|t:|1700081489\n|switch|p1a: Rabsca|Rabsca, F|100\/100\n|move|p2a: Alomomola|Toxic|p1a: Rabsca\n|-status|p1a: Rabsca|tox\n|-activate|p1a: Rabsca|ability: Synchronize\n|-status|p2a: Alomomola|tox\n|\n|-damage|p2a: Alomomola|62\/100 tox|[from] psn\n|-damage|p1a: Rabsca|94\/100 tox|[from] psn\n|upkeep\n|turn|12\n|\n|t:|1700081497\n|switch|p2a: Mandibuzz|Mandibuzz, F|100\/100\n|move|p1a: Rabsca|Bug Buzz|p2a: Mandibuzz\n|-damage|p2a: Mandibuzz|71\/100\n|\n|-damage|p1a: Rabsca|82\/100 tox|[from] psn\n|upkeep\n|turn|13\n|\n|t:|1700081511\n|move|p2a: Mandibuzz|Defog|p1a: Rabsca\n|-unboost|p1a: Rabsca|evasion|1\n|-sideend|p2: Buri369|Stealth Rock|[from] move: Defog|[of] p2a: Mandibuzz\n|move|p1a: Rabsca|Revival Blessing|p1a: Rabsca\n|-enditem|p1a: Rabsca|Leppa Berry|[eat]\n|-activate|p1a: Rabsca|item: Leppa Berry|Revival Blessing|[consumed]\n|\n|t:|1700081517\n|-heal|p1: Forretress|50\/100|[from] move: Revival Blessing\n|\n|-damage|p1a: Rabsca|63\/100 tox|[from] psn\n|upkeep\n|turn|14\n|-message|Buri369 forfeited.\n|\n|win|Tank Tests\n|raw|Tank Tests's rating: 1395 &rarr; <strong>1417<\/strong><br \/>(+22 for winning)\n|raw|Buri369's rating: 1431 &rarr; <strong>1409<\/strong><br \/>(-22 for losing)\n|l|\u2606Buri369\n","uploadtime":1700081526,"views":5,"p1id":"tanktests","p2id":"buri369","formatid":"gen9nationaldex","rating":1409,"private":0,"password":""}