{"id":"gen9nationaldex-1988101248","p1":"Kobe1919810\u7262\u5927","p2":"ButaAxe","format":"[Gen 9] National Dex","log":"|j|\u2606Kobe1919810\u7262\u5927\n|j|\u2606ButaAxe\n|t:|1699669646\n|gametype|singles\n|player|p1|Kobe1919810\u7262\u5927|rosa-masters2|1511\n|player|p2|ButaAxe|1|1537\n|teamsize|p1|6\n|teamsize|p2|6\n|gen|9\n|tier|[Gen 9] National Dex\n|rated|\n|rule|HP Percentage Mod: HP is shown in percentages\n|rule|Endless Battle Clause: Forcing endless battles is banned\n|rule|OHKO Clause: OHKO moves are banned\n|rule|Evasion Clause: Evasion abilities, items, and moves are banned\n|rule|Evasion Abilities Clause: Evasion abilities are banned\n|rule|Evasion Items Clause: Evasion items are banned\n|rule|Evasion Moves Clause: Evasion moves are banned\n|rule|Species Clause: Limit one of each Pok\u00e9mon\n|rule|Sleep Clause Mod: Limit one foe put to sleep\n|clearpoke\n|poke|p1|Blacephalon|\n|poke|p1|Lopunny, M|\n|poke|p1|Ting-Lu|\n|poke|p1|Zapdos|\n|poke|p1|Hatterene, F|\n|poke|p1|Greninja-*, M|\n|poke|p2|Tapu Koko|\n|poke|p2|Iron Valiant|\n|poke|p2|Hawlucha, F|\n|poke|p2|Iron Moth|\n|poke|p2|Landorus-Therian, M|\n|poke|p2|Scizor, M|\n|teampreview\n|inactive|Battle timer is ON: inactive players will automatically lose when time's up. (requested by Kobe1919810\u7262\u5927)\n|\n|t:|1699669661\n|start\n|switch|p1a: Ting-Lu|Ting-Lu|100\/100\n|switch|p2a: Landorus|Landorus-Therian, M|100\/100\n|-ability|p2a: Landorus|Intimidate|boost\n|-unboost|p1a: Ting-Lu|atk|1\n|-ability|p1a: Ting-Lu|Vessel of Ruin\n|turn|1\n|\n|t:|1699669669\n|move|p2a: Landorus|Stealth Rock|p1a: Ting-Lu\n|-sidestart|p1: Kobe1919810\u7262\u5927|move: Stealth Rock\n|move|p1a: Ting-Lu|Stealth Rock|p2a: Landorus\n|-sidestart|p2: ButaAxe|move: Stealth Rock\n|\n|upkeep\n|turn|2\n|\n|t:|1699669675\n|move|p2a: Landorus|Earthquake|p1a: Ting-Lu\n|-damage|p1a: Ting-Lu|79\/100\n|move|p1a: Ting-Lu|Spikes|p2a: Landorus\n|-sidestart|p2: ButaAxe|Spikes\n|\n|-heal|p1a: Ting-Lu|86\/100|[from] item: Leftovers\n|upkeep\n|turn|3\n|\n|t:|1699669679\n|move|p2a: Landorus|U-turn|p1a: Ting-Lu\n|-supereffective|p1a: Ting-Lu\n|-damage|p1a: Ting-Lu|66\/100\n|\n|t:|1699669684\n|switch|p2a: Scizor|Scizor, M|100\/100|[from] U-turn\n|-damage|p2a: Scizor|88\/100|[from] Stealth Rock\n|-damage|p2a: Scizor|76\/100|[from] Spikes\n|move|p1a: Ting-Lu|Ruination|p2a: Scizor\n|-damage|p2a: Scizor|38\/100\n|\n|-heal|p1a: Ting-Lu|72\/100|[from] item: Leftovers\n|upkeep\n|turn|4\n|\n|t:|1699669693\n|detailschange|p2a: Scizor|Scizor-Mega, M\n|-mega|p2a: Scizor|Scizor|Scizorite\n|move|p2a: Scizor|Trailblaze|p1a: Ting-Lu\n|-supereffective|p1a: Ting-Lu\n|-damage|p1a: Ting-Lu|44\/100\n|-boost|p2a: Scizor|spe|1\n|move|p1a: Ting-Lu|Spikes|p2a: Scizor\n|-sidestart|p2: ButaAxe|Spikes\n|\n|-heal|p1a: Ting-Lu|50\/100|[from] item: Leftovers\n|upkeep\n|turn|5\n|\n|t:|1699669704\n|move|p2a: Scizor|Trailblaze|p1a: Ting-Lu\n|-supereffective|p1a: Ting-Lu\n|-damage|p1a: Ting-Lu|25\/100\n|-boost|p2a: Scizor|spe|1\n|move|p1a: Ting-Lu|Whirlwind|p2a: Scizor\n|drag|p2a: Iron Moth|Iron Moth|100\/100\n|\n|-heal|p1a: Ting-Lu|32\/100|[from] item: Leftovers\n|upkeep\n|turn|6\n|\n|t:|1699669713\n|move|p2a: Iron Moth|Fiery Dance|p1a: Ting-Lu\n|-damage|p1a: Ting-Lu|6\/100\n|-boost|p2a: Iron Moth|spa|1\n|move|p1a: Ting-Lu|Spikes|p2a: Iron Moth\n|-sidestart|p2: ButaAxe|Spikes\n|\n|-heal|p1a: Ting-Lu|13\/100|[from] item: Leftovers\n|upkeep\n|turn|7\n|\n|t:|1699669717\n|move|p2a: Iron Moth|Fiery Dance|p1a: Ting-Lu\n|-damage|p1a: Ting-Lu|0 fnt\n|faint|p1a: Ting-Lu\n|\n|upkeep\n|\n|t:|1699669720\n|switch|p1a: Greninja|Greninja, M|100\/100\n|-damage|p1a: Greninja|88\/100|[from] Stealth Rock\n|turn|8\n|\n|t:|1699669728\n|-terastallize|p2a: Iron Moth|Grass\n|move|p1a: Greninja|Surf|p2a: Iron Moth\n|-resisted|p2a: Iron Moth\n|-crit|p2a: Iron Moth\n|-damage|p2a: Iron Moth|67\/100\n|-damage|p1a: Greninja|78\/100|[from] item: Life Orb\n|move|p2a: Iron Moth|Tera Blast|p1a: Greninja|[anim] Tera Blast Grass\n|-supereffective|p1a: Greninja\n|-damage|p1a: Greninja|0 fnt\n|faint|p1a: Greninja\n|\n|upkeep\n|\n|t:|1699669730\n|switch|p1a: Blacephalon|Blacephalon|100\/100\n|-damage|p1a: Blacephalon|76\/100|[from] Stealth Rock\n|turn|9\n|\n|t:|1699669750\n|move|p1a: Blacephalon|Flamethrower|p2a: Iron Moth\n|-supereffective|p2a: Iron Moth\n|-damage|p2a: Iron Moth|0 fnt\n|faint|p2a: Iron Moth\n|-end|p2a: Iron Moth|Quark Drive|[silent]\n|-ability|p1a: Blacephalon|Beast Boost|boost\n|-boost|p1a: Blacephalon|spa|1\n|\n|upkeep\n|\n|t:|1699669753\n|switch|p2a: Tapu Koko|Tapu Koko|100\/100\n|-damage|p2a: Tapu Koko|88\/100|[from] Stealth Rock\n|-damage|p2a: Tapu Koko|63\/100|[from] Spikes\n|-fieldstart|move: Electric Terrain|[from] ability: Electric Surge|[of] p2a: Tapu Koko\n|turn|10\n|\n|t:|1699669756\n|move|p1a: Blacephalon|Flamethrower|p2a: Tapu Koko\n|-damage|p2a: Tapu Koko|0 fnt\n|faint|p2a: Tapu Koko\n|-ability|p1a: Blacephalon|Beast Boost|boost\n|-boost|p1a: Blacephalon|spa|1\n|\n|upkeep\n|\n|t:|1699669759\n|switch|p2a: Hawlucha|Hawlucha, F|100\/100\n|-damage|p2a: Hawlucha|88\/100|[from] Stealth Rock\n|-enditem|p2a: Hawlucha|Electric Seed\n|-boost|p2a: Hawlucha|def|1|[from] item: Electric Seed\n|turn|11\n|\n|t:|1699669764\n|switch|p1a: Zapdos|Zapdos|100\/100\n|move|p2a: Hawlucha|Acrobatics|p1a: Zapdos\n|-resisted|p1a: Zapdos\n|-damage|p1a: Zapdos|76\/100\n|-status|p2a: Hawlucha|par|[from] ability: Static|[of] p1a: Zapdos\n|\n|upkeep\n|turn|12\n|\n|t:|1699669769\n|move|p2a: Hawlucha|Throat Chop|p1a: Zapdos\n|-damage|p1a: Zapdos|52\/100\n|-start|p1a: Zapdos|Throat Chop|[silent]\n|move|p1a: Zapdos|Volt Switch|p2a: Hawlucha\n|-supereffective|p2a: Hawlucha\n|-damage|p2a: Hawlucha|0 fnt\n|faint|p2a: Hawlucha\n|\n|t:|1699669776\n|switch|p1a: Hatterene|Hatterene, F|100\/100|[from] Volt Switch\n|-damage|p1a: Hatterene|88\/100|[from] Stealth Rock\n|\n|-heal|p1a: Hatterene|94\/100|[from] item: Leftovers\n|upkeep\n|\n|t:|1699669779\n|switch|p2a: Scizor|Scizor-Mega, M|38\/100\n|-damage|p2a: Scizor|26\/100|[from] Stealth Rock\n|-damage|p2a: Scizor|1\/100|[from] Spikes\n|turn|13\n|\n|t:|1699669785\n|switch|p1a: Zapdos|Zapdos|52\/100\n|move|p2a: Scizor|Trailblaze|p1a: Zapdos\n|-resisted|p1a: Zapdos\n|-damage|p1a: Zapdos|37\/100\n|-boost|p2a: Scizor|spe|1\n|\n|upkeep\n|turn|14\n|\n|t:|1699669789\n|move|p2a: Scizor|Knock Off|p1a: Zapdos\n|-damage|p1a: Zapdos|0 fnt\n|-enditem|p1a: Zapdos|Heavy-Duty Boots|[from] move: Knock Off|[of] p2a: Scizor\n|faint|p1a: Zapdos\n|\n|upkeep\n|\n|t:|1699669794\n|switch|p1a: Lopunny|Lopunny, M|100\/100\n|-damage|p1a: Lopunny|88\/100|[from] Stealth Rock\n|turn|15\n|\n|t:|1699669803\n|detailschange|p1a: Lopunny|Lopunny-Mega, M\n|-mega|p1a: Lopunny|Lopunny|Lopunnite\n|move|p1a: Lopunny|Fake Out|p2a: Scizor\n|-resisted|p2a: Scizor\n|-damage|p2a: Scizor|0 fnt\n|faint|p2a: Scizor\n|\n|upkeep\n|\n|t:|1699669812\n|switch|p2a: Iron Valiant|Iron Valiant|100\/100\n|-damage|p2a: Iron Valiant|94\/100|[from] Stealth Rock\n|-damage|p2a: Iron Valiant|69\/100|[from] Spikes\n|-activate|p2a: Iron Valiant|ability: Quark Drive\n|-start|p2a: Iron Valiant|quarkdrivespe\n|turn|16\n|\n|t:|1699669816\n|move|p2a: Iron Valiant|Moonblast|p1a: Lopunny\n|-supereffective|p1a: Lopunny\n|-damage|p1a: Lopunny|0 fnt\n|faint|p1a: Lopunny\n|-damage|p2a: Iron Valiant|60\/100|[from] item: Life Orb\n|\n|upkeep\n|\n|t:|1699669818\n|switch|p1a: Hatterene|Hatterene, F|94\/100\n|-damage|p1a: Hatterene|82\/100|[from] Stealth Rock\n|turn|17\n|\n|t:|1699669826\n|move|p2a: Iron Valiant|Thunderbolt|p1a: Hatterene\n|-crit|p1a: Hatterene\n|-damage|p1a: Hatterene|0 fnt\n|faint|p1a: Hatterene\n|-damage|p2a: Iron Valiant|50\/100|[from] item: Life Orb\n|\n|-fieldend|move: Electric Terrain\n|-end|p2a: Iron Valiant|Quark Drive\n|upkeep\n|\n|t:|1699669829\n|switch|p1a: Blacephalon|Blacephalon|76\/100\n|-damage|p1a: Blacephalon|51\/100|[from] Stealth Rock\n|turn|18\n|\n|t:|1699669839\n|-terastallize|p1a: Blacephalon|Ghost\n|move|p1a: Blacephalon|Shadow Ball|p2a: Iron Valiant\n|-damage|p2a: Iron Valiant|0 fnt\n|faint|p2a: Iron Valiant\n|-end|p2a: Iron Valiant|Quark Drive|[silent]\n|-ability|p1a: Blacephalon|Beast Boost|boost\n|-boost|p1a: Blacephalon|spa|1\n|\n|upkeep\n|\n|t:|1699669843\n|switch|p2a: Landorus|Landorus-Therian, M|100\/100\n|-damage|p2a: Landorus|88\/100|[from] Stealth Rock\n|-ability|p2a: Landorus|Intimidate|boost\n|-unboost|p1a: Blacephalon|atk|1\n|turn|19\n|\n|t:|1699669846\n|move|p1a: Blacephalon|Shadow Ball|p2a: Landorus\n|-damage|p2a: Landorus|0 fnt\n|faint|p2a: Landorus\n|\n|win|Kobe1919810\u7262\u5927\n|raw|Kobe1919810\u7262\u5927's rating: 1511 &rarr; <strong>1532<\/strong><br \/>(+21 for winning)\n|raw|ButaAxe's rating: 1537 &rarr; <strong>1516<\/strong><br \/>(-21 for losing)\n|l|\u2606ButaAxe\n","uploadtime":1699669854,"views":4,"p1id":"kobe1919810","p2id":"butaaxe","formatid":"gen9nationaldex","rating":1516,"private":0,"password":""}