{"id":"gen9nationaldex-1994420727","p1":"st.john52","p2":"Shedninja Cool","format":"[Gen 9] National Dex","log":"|j|\u2606st.john52\n|j|\u2606Shedninja Cool\n|t:|1700441980\n|gametype|singles\n|player|p1|st.john52|clay|1112\n|player|p2|Shedninja Cool|101|1087\n|teamsize|p1|6\n|teamsize|p2|2\n|gen|9\n|tier|[Gen 9] National Dex\n|rated|\n|rule|HP Percentage Mod: HP is shown in percentages\n|rule|Endless Battle Clause: Forcing endless battles is banned\n|rule|OHKO Clause: OHKO moves are banned\n|rule|Evasion Clause: Evasion abilities, items, and moves are banned\n|rule|Evasion Abilities Clause: Evasion abilities are banned\n|rule|Evasion Items Clause: Evasion items are banned\n|rule|Evasion Moves Clause: Evasion moves are banned\n|rule|Species Clause: Limit one of each Pok\u00e9mon\n|rule|Sleep Clause Mod: Limit one foe put to sleep\n|clearpoke\n|poke|p1|Raichu-Alola, M|\n|poke|p1|Kommo-o, M|\n|poke|p1|Golisopod, M|\n|poke|p1|Turtonator, M|\n|poke|p1|Sandslash-Alola, M|\n|poke|p1|Mimikyu, M|\n|poke|p2|Magnemite, L1|\n|poke|p2|Krookodile, F|\n|teampreview\n|\n|t:|1700441997\n|start\n|switch|p1a: Golisopod|Golisopod, M, shiny|100\/100\n|switch|p2a: Magnemite|Magnemite, L1|100\/100\n|turn|1\n|c|\u2606Shedninja Cool|Nice alola team\n|\n|t:|1700442006\n|move|p1a: Golisopod|First Impression|p2a: Magnemite\n|-resisted|p2a: Magnemite\n|-ability|p2a: Magnemite|Sturdy\n|-damage|p2a: Magnemite|10\/100\n|-enditem|p2a: Magnemite|Oran Berry|[eat]\n|-heal|p2a: Magnemite|100\/100|[from] item: Oran Berry\n|move|p2a: Magnemite|Toxic|p1a: Golisopod\n|-status|p1a: Golisopod|tox\n|\n|-damage|p1a: Golisopod|94\/100 tox|[from] psn\n|upkeep\n|turn|2\n|\n|t:|1700442020\n|move|p1a: Golisopod|Throat Chop|p2a: Magnemite\n|-ability|p2a: Magnemite|Sturdy\n|-damage|p2a: Magnemite|10\/100\n|-start|p2a: Magnemite|Throat Chop|[silent]\n|move|p2a: Magnemite|Recycle|p2a: Magnemite\n|-item|p2a: Magnemite|Oran Berry|[from] move: Recycle\n|-enditem|p2a: Magnemite|Oran Berry|[eat]\n|-heal|p2a: Magnemite|100\/100|[from] item: Oran Berry\n|\n|-heal|p1a: Golisopod|100\/100 tox|[from] item: Leftovers\n|-damage|p1a: Golisopod|88\/100 tox|[from] psn\n|upkeep\n|turn|3\n|\n|t:|1700442037\n|move|p1a: Golisopod|Close Combat|p2a: Magnemite\n|-supereffective|p2a: Magnemite\n|-ability|p2a: Magnemite|Sturdy\n|-damage|p2a: Magnemite|10\/100\n|-unboost|p1a: Golisopod|def|1\n|-unboost|p1a: Golisopod|spd|1\n|move|p2a: Magnemite|Recycle|p2a: Magnemite\n|-item|p2a: Magnemite|Oran Berry|[from] move: Recycle\n|-enditem|p2a: Magnemite|Oran Berry|[eat]\n|-heal|p2a: Magnemite|100\/100|[from] item: Oran Berry\n|\n|-heal|p1a: Golisopod|94\/100 tox|[from] item: Leftovers\n|-damage|p1a: Golisopod|76\/100 tox|[from] psn\n|-end|p2a: Magnemite|Throat Chop|[silent]\n|upkeep\n|turn|4\n|\n|t:|1700442050\n|move|p1a: Golisopod|Close Combat|p2a: Magnemite\n|-supereffective|p2a: Magnemite\n|-ability|p2a: Magnemite|Sturdy\n|-damage|p2a: Magnemite|10\/100\n|-unboost|p1a: Golisopod|def|1\n|-unboost|p1a: Golisopod|spd|1\n|move|p2a: Magnemite|Recycle|p2a: Magnemite\n|-item|p2a: Magnemite|Oran Berry|[from] move: Recycle\n|-enditem|p2a: Magnemite|Oran Berry|[eat]\n|-heal|p2a: Magnemite|100\/100|[from] item: Oran Berry\n|\n|-heal|p1a: Golisopod|82\/100 tox|[from] item: Leftovers\n|-damage|p1a: Golisopod|57\/100 tox|[from] psn\n|upkeep\n|turn|5\n|\n|t:|1700442067\n|move|p1a: Golisopod|Throat Chop|p2a: Magnemite\n|-ability|p2a: Magnemite|Sturdy\n|-damage|p2a: Magnemite|10\/100\n|-start|p2a: Magnemite|Throat Chop|[silent]\n|move|p2a: Magnemite|Recycle|p2a: Magnemite\n|-item|p2a: Magnemite|Oran Berry|[from] move: Recycle\n|-enditem|p2a: Magnemite|Oran Berry|[eat]\n|-heal|p2a: Magnemite|100\/100|[from] item: Oran Berry\n|\n|-heal|p1a: Golisopod|64\/100 tox|[from] item: Leftovers\n|-damage|p1a: Golisopod|33\/100 tox|[from] psn\n|upkeep\n|-activate|p1a: Golisopod|ability: Emergency Exit\n|\n|t:|1700442090\n|switch|p1a: Sandslash|Sandslash-Alola, M, shiny|100\/100\n|turn|6\n|\n|t:|1700442098\n|switch|p2a: Krookodile|Krookodile, F|100\/100\n|move|p1a: Sandslash|Icicle Spear|p2a: Krookodile\n|-supereffective|p2a: Krookodile\n|-damage|p2a: Krookodile|71\/100\n|-supereffective|p2a: Krookodile\n|-damage|p2a: Krookodile|46\/100\n|-supereffective|p2a: Krookodile\n|-damage|p2a: Krookodile|15\/100\n|-supereffective|p2a: Krookodile\n|-damage|p2a: Krookodile|0 fnt\n|faint|p2a: Krookodile\n|-hitcount|p2: Krookodile|4\n|\n|upkeep\n|-message|Shedninja Cool forfeited.\n|\n|win|st.john52\n|raw|st.john52's rating: 1112 &rarr; <strong>1137<\/strong><br \/>(+25 for winning)\n|raw|Shedninja Cool's rating: 1107 &rarr; <strong>1082<\/strong><br \/>(-25 for losing)\n|l|\u2606Shedninja Cool\n","uploadtime":1700442115,"views":4,"p1id":"stjohn52","p2id":"shedninjacool","formatid":"gen9nationaldex","rating":1082,"private":0,"password":""}