{"id":"gen9nationaldex-1998731329","p1":"ASRoots","p2":"Glados501","format":"[Gen 9] National Dex","log":"|html|<div class=\"broadcast-blue\"><strong>[Gen 9] National Dex is currently suspecting Sneasler! For information on how to participate check out the <a href=\"https:\/\/www.smogon.com\/forums\/threads\/sv-national-dex-suspect-8-just-dance.3731534\/\">suspect thread<\/a>.<\/strong><\/div>\n|j|\u2606ASRoots\n|j|\u2606Glados501\n|t:|1700979484\n|gametype|singles\n|player|p1|ASRoots|shadowtriad|1060\n|player|p2|Glados501|cheren-gen5bw2|1014\n|teamsize|p1|6\n|teamsize|p2|6\n|gen|9\n|tier|[Gen 9] National Dex\n|rated|\n|rule|HP Percentage Mod: HP is shown in percentages\n|rule|Endless Battle Clause: Forcing endless battles is banned\n|rule|OHKO Clause: OHKO moves are banned\n|rule|Evasion Clause: Evasion abilities, items, and moves are banned\n|rule|Evasion Abilities Clause: Evasion abilities are banned\n|rule|Evasion Items Clause: Evasion items are banned\n|rule|Evasion Moves Clause: Evasion moves are banned\n|rule|Species Clause: Limit one of each Pok\u00e9mon\n|rule|Sleep Clause Mod: Limit one foe put to sleep\n|clearpoke\n|poke|p1|Ditto|\n|poke|p1|Toxtricity, F|\n|poke|p1|Toucannon, F|\n|poke|p1|Charizard, F|\n|poke|p1|Cloyster, M|\n|poke|p1|Pawmot, F|\n|poke|p2|Audino, F|\n|poke|p2|Scolipede, M|\n|poke|p2|Delphox, F|\n|poke|p2|Krookodile, M|\n|poke|p2|Aegislash, M|\n|poke|p2|Ditto|\n|teampreview\n|inactive|Battle timer is ON: inactive players will automatically lose when time's up. (requested by ASRoots)\n|\n|t:|1700979495\n|start\n|switch|p1a: sam|Toucannon, F|100\/100\n|switch|p2a: Lemonade|Delphox, F|100\/100\n|turn|1\n|\n|t:|1700979513\n|-terastallize|p2a: Lemonade|Psychic\n|move|p2a: Lemonade|Trick|p1a: sam\n|-activate|p2a: Lemonade|move: Trick|[of] p1a: sam\n|-item|p1a: sam|Choice Scarf|[from] move: Trick\n|-item|p2a: Lemonade|Focus Sash|[from] move: Trick\n|move|p1a: sam|Rock Blast|p2a: Lemonade\n|-damage|p2a: Lemonade|86\/100\n|-damage|p2a: Lemonade|72\/100\n|-damage|p2a: Lemonade|58\/100\n|-damage|p2a: Lemonade|44\/100\n|-damage|p2a: Lemonade|29\/100\n|-hitcount|p2a: Lemonade|5\n|\n|upkeep\n|turn|2\n|\n|t:|1700979531\n|switch|p2a: Kroko|Krookodile, M|100\/100\n|-ability|p2a: Kroko|Intimidate|boost\n|-unboost|p1a: sam|atk|1\n|move|p1a: sam|Rock Blast|p2a: Kroko\n|-resisted|p2a: Kroko\n|-damage|p2a: Kroko|98\/100\n|-resisted|p2a: Kroko\n|-damage|p2a: Kroko|95\/100\n|-resisted|p2a: Kroko\n|-damage|p2a: Kroko|91\/100\n|-resisted|p2a: Kroko\n|-damage|p2a: Kroko|89\/100\n|-resisted|p2a: Kroko\n|-damage|p2a: Kroko|86\/100\n|-hitcount|p2a: Kroko|5\n|\n|-heal|p2a: Kroko|92\/100|[from] item: Leftovers\n|upkeep\n|turn|3\n|inactive|Glados501 has 120 seconds left.\n|\n|t:|1700979564\n|switch|p1a: palm|Pawmot, F|100\/100\n|switch|p2a: Eye Sword|Aegislash, M|100\/100\n|\n|upkeep\n|turn|4\n|inactive|ASRoots has 120 seconds left.\n|\n|t:|1700979579\n|move|p1a: palm|Ice Punch|p2a: Eye Sword\n|-resisted|p2a: Eye Sword\n|-damage|p2a: Eye Sword|86\/100\n|move|p2a: Eye Sword|Swords Dance|p2a: Eye Sword\n|-boost|p2a: Eye Sword|atk|2\n|\n|upkeep\n|turn|5\n|inactive|ASRoots has 120 seconds left.\n|\n|t:|1700979606\n|move|p1a: palm|Thunder Punch|p2a: Eye Sword\n|-damage|p2a: Eye Sword|40\/100\n|-formechange|p2a: Eye Sword|Aegislash-Blade||[from] ability: Stance Change\n|move|p2a: Eye Sword|Sacred Sword|p1a: palm\n|-damage|p1a: palm|0 fnt\n|faint|p1a: palm\n|\n|upkeep\n|\n|t:|1700979620\n|switch|p1a: d toe|Ditto|100\/100\n|-transform|p1a: d toe|p2a: Eye Sword|[from] ability: Imposter\n|turn|6\n|\n|t:|1700979636\n|-formechange|p2a: Eye Sword|Aegislash||[from] ability: Stance Change\n|move|p2a: Eye Sword|King's Shield|p2a: Eye Sword\n|-singleturn|p2a: Eye Sword|Protect\n|move|p1a: d toe|Iron Head|p2a: Eye Sword\n|-activate|p2a: Eye Sword|move: Protect\n|-unboost|p1a: d toe|atk|1\n|\n|upkeep\n|turn|7\n|\n|t:|1700979649\n|switch|p2a: Kroko|Krookodile, M|92\/100\n|-ability|p2a: Kroko|Intimidate|boost\n|-unboost|p1a: d toe|atk|1\n|move|p1a: d toe|Iron Head|p2a: Kroko\n|-damage|p2a: Kroko|46\/100\n|\n|-heal|p2a: Kroko|52\/100|[from] item: Leftovers\n|upkeep\n|turn|8\n|\n|t:|1700979662\n|switch|p1a: Dracarys|Charizard, F, shiny|100\/100\n|move|p2a: Kroko|Knock Off|p1a: Dracarys\n|-damage|p1a: Dracarys|48\/100\n|\n|-heal|p2a: Kroko|58\/100|[from] item: Leftovers\n|upkeep\n|turn|9\n|inactive|Glados501 has 120 seconds left.\n|\n|t:|1700979677\n|detailschange|p1a: Dracarys|Charizard-Mega-Y, F, shiny\n|-mega|p1a: Dracarys|Charizard|Charizardite Y\n|-weather|SunnyDay|[from] ability: Drought|[of] p1a: Dracarys\n|move|p1a: Dracarys|Weather Ball|p2a: Kroko\n|-damage|p2a: Kroko|0 fnt\n|faint|p2a: Kroko\n|\n|-weather|SunnyDay|[upkeep]\n|upkeep\n|inactive|Glados501 has 120 seconds left.\n|\n|t:|1700979684\n|switch|p2a: This u?|Ditto|100\/100\n|-transform|p2a: This u?|p1a: Dracarys|[from] ability: Imposter\n|turn|10\n|inactive|Glados501 has 120 seconds left.\n|\n|t:|1700979710\n|move|p2a: This u?|Weather Ball|p1a: Dracarys\n|-resisted|p1a: Dracarys\n|-damage|p1a: Dracarys|0 fnt\n|faint|p1a: Dracarys\n|\n|-weather|SunnyDay|[upkeep]\n|upkeep\n|\n|t:|1700979729\n|switch|p1a: maneskin|Toxtricity, F, shiny|100\/100\n|turn|11\n|\n|t:|1700979734\n|-terastallize|p1a: maneskin|Normal\n|move|p2a: This u?|Weather Ball|p1a: maneskin\n|-damage|p1a: maneskin|0 fnt\n|faint|p1a: maneskin\n|\n|-weather|SunnyDay|[upkeep]\n|upkeep\n|\n|t:|1700979742\n|switch|p1a: sam|Toucannon, F|100\/100\n|turn|12\n|\n|t:|1700979746\n|move|p2a: This u?|Weather Ball|p1a: sam\n|-damage|p1a: sam|0 fnt\n|faint|p1a: sam\n|\n|-weather|SunnyDay|[upkeep]\n|upkeep\n|inactive|ASRoots has 120 seconds left.\n|\n|t:|1700979757\n|switch|p1a: ball|Cloyster, M|100\/100\n|turn|13\n|\n|t:|1700979760\n|move|p2a: This u?|Weather Ball|p1a: ball\n|-enditem|p1a: ball|Focus Sash\n|-damage|p1a: ball|1\/100\n|move|p1a: ball|Shell Smash|p1a: ball\n|-unboost|p1a: ball|def|1\n|-unboost|p1a: ball|spd|1\n|-boost|p1a: ball|atk|2\n|-boost|p1a: ball|spa|2\n|-boost|p1a: ball|spe|2\n|\n|-weather|none\n|upkeep\n|turn|14\n|inactive|ASRoots has 120 seconds left.\n|\n|t:|1700979777\n|switch|p2a: Courtesy Call|Audino, F|100\/100\n|move|p1a: ball|Icicle Spear|p2a: Courtesy Call\n|-damage|p2a: Courtesy Call|82\/100\n|-damage|p2a: Courtesy Call|63\/100\n|-damage|p2a: Courtesy Call|44\/100\n|-damage|p2a: Courtesy Call|24\/100\n|-damage|p2a: Courtesy Call|2\/100\n|-hitcount|p2a: Courtesy Call|5\n|\n|-heal|p2a: Courtesy Call|9\/100|[from] item: Leftovers\n|upkeep\n|turn|15\n|inactive|ASRoots has 120 seconds left.\n|inactive|Glados501 has 120 seconds left.\n|\n|t:|1700979807\n|move|p1a: ball|Icicle Spear|p2a: Courtesy Call\n|-damage|p2a: Courtesy Call|0 fnt\n|faint|p2a: Courtesy Call\n|-hitcount|p2: Courtesy Call|1\n|\n|upkeep\n|\n|t:|1700979811\n|switch|p2a: This u?|Ditto|100\/100\n|-transform|p2a: This u?|p1a: ball|[from] ability: Imposter\n|turn|16\n|\n|t:|1700979822\n|move|p2a: This u?|Ice Shard|p1a: ball\n|-resisted|p1a: ball\n|-damage|p1a: ball|0 fnt\n|faint|p1a: ball\n|\n|upkeep\n|-message|ASRoots forfeited.\n|\n|win|Glados501\n|raw|ASRoots's rating: 1060 &rarr; <strong>1038<\/strong><br \/>(-22 for losing)\n|raw|Glados501's rating: 1014 &rarr; <strong>1057<\/strong><br \/>(+43 for winning)\n|l|\u2606ASRoots\n","uploadtime":1700979835,"views":7,"p1id":"asroots","p2id":"glados501","formatid":"gen9nationaldex","rating":1038,"private":0,"password":""}