{"id":"gen9nationaldex-1993198504","p1":"taoke","p2":"jsj2679","format":"[Gen 9] National Dex","log":"|j|\u2606taoke\n|j|\u2606jsj2679\n|t:|1700276934\n|gametype|singles\n|player|p1|taoke|cyclist|1689\n|player|p2|jsj2679|falkner|1770\n|teamsize|p1|6\n|teamsize|p2|6\n|gen|9\n|tier|[Gen 9] National Dex\n|rated|\n|rule|HP Percentage Mod: HP is shown in percentages\n|rule|Endless Battle Clause: Forcing endless battles is banned\n|rule|OHKO Clause: OHKO moves are banned\n|rule|Evasion Clause: Evasion abilities, items, and moves are banned\n|rule|Evasion Abilities Clause: Evasion abilities are banned\n|rule|Evasion Items Clause: Evasion items are banned\n|rule|Evasion Moves Clause: Evasion moves are banned\n|rule|Species Clause: Limit one of each Pok\u00e9mon\n|rule|Sleep Clause Mod: Limit one foe put to sleep\n|clearpoke\n|poke|p1|Ting-Lu|\n|poke|p1|Great Tusk|\n|poke|p1|Vaporeon, F|\n|poke|p1|Sylveon, F|\n|poke|p1|Espeon, M|\n|poke|p1|Hoopa-Unbound|\n|poke|p2|Diancie|\n|poke|p2|Clodsire, F|\n|poke|p2|Ogerpon-Wellspring, F|\n|poke|p2|Zapdos|\n|poke|p2|Urshifu-*, M|\n|poke|p2|Victini|\n|teampreview\n|\n|t:|1700276951\n|start\n|switch|p1a: Espeon|Espeon, M|100\/100\n|switch|p2a: Ogerpon|Ogerpon-Wellspring, F|100\/100\n|turn|1\n|\n|t:|1700276973\n|switch|p1a: Hoopa|Hoopa-Unbound|100\/100\n|move|p2a: Ogerpon|Knock Off|p1a: Hoopa\n|-damage|p1a: Hoopa|36\/100\n|-enditem|p1a: Hoopa|Choice Band|[from] move: Knock Off|[of] p2a: Ogerpon\n|\n|upkeep\n|turn|2\n|\n|t:|1700276983\n|move|p2a: Ogerpon|Horn Leech|p1a: Hoopa\n|-damage|p1a: Hoopa|0 fnt\n|faint|p1a: Hoopa\n|\n|upkeep\n|\n|t:|1700276986\n|switch|p1a: Great Tusk|Great Tusk|100\/100\n|turn|3\n|\n|t:|1700276993\n|switch|p2a: Zapdos|Zapdos|100\/100\n|-terastallize|p1a: Great Tusk|Dragon\n|move|p1a: Great Tusk|Rapid Spin|p2a: Zapdos\n|-damage|p2a: Zapdos|87\/100\n|-boost|p1a: Great Tusk|spe|1\n|\n|upkeep\n|turn|4\n|j| jkljlkh\n|\n|t:|1700277004\n|move|p1a: Great Tusk|Ice Spinner|p2a: Zapdos\n|-supereffective|p2a: Zapdos\n|-damage|p2a: Zapdos|41\/100\n|-status|p1a: Great Tusk|par|[from] ability: Static|[of] p2a: Zapdos\n|move|p2a: Zapdos|Hurricane|p1a: Great Tusk\n|-damage|p1a: Great Tusk|31\/100 par\n|\n|-heal|p1a: Great Tusk|37\/100 par|[from] item: Leftovers\n|upkeep\n|turn|5\n|\n|t:|1700277012\n|-end|p1a: Great Tusk|Protosynthesis|[silent]\n|switch|p1a: Espeon|Espeon, M|100\/100\n|move|p2a: Zapdos|Hurricane|p1a: Espeon|[miss]\n|-miss|p2a: Zapdos|p1a: Espeon\n|\n|upkeep\n|turn|6\n|\n|t:|1700277019\n|switch|p2a: Victini|Victini|100\/100\n|move|p1a: Espeon|Calm Mind|p1a: Espeon\n|-boost|p1a: Espeon|spa|1\n|-boost|p1a: Espeon|spd|1\n|\n|upkeep\n|turn|7\n|\n|t:|1700277024\n|move|p1a: Espeon|Calm Mind|p1a: Espeon\n|-boost|p1a: Espeon|spa|1\n|-boost|p1a: Espeon|spd|1\n|move|p2a: Victini|U-turn|p1a: Espeon\n|-supereffective|p1a: Espeon\n|-damage|p1a: Espeon|64\/100\n|\n|t:|1700277029\n|switch|p2a: Urshifu|Urshifu-Rapid-Strike, M|100\/100|[from] U-turn\n|\n|-heal|p1a: Espeon|70\/100|[from] item: Leftovers\n|upkeep\n|turn|8\n|\n|t:|1700277033\n|move|p2a: Urshifu|U-turn|p1a: Espeon\n|-supereffective|p1a: Espeon\n|-damage|p1a: Espeon|5\/100\n|\n|t:|1700277036\n|switch|p2a: Victini|Victini|100\/100|[from] U-turn\n|move|p1a: Espeon|Stored Power|p2a: Victini\n|-resisted|p2a: Victini\n|-damage|p2a: Victini|58\/100\n|\n|-heal|p1a: Espeon|11\/100|[from] item: Leftovers\n|upkeep\n|turn|9\n|\n|t:|1700277046\n|switch|p1a: Sylveon|Sylveon, F|100\/100\n|move|p2a: Victini|U-turn|p1a: Sylveon\n|-resisted|p1a: Sylveon\n|-damage|p1a: Sylveon|95\/100\n|\n|t:|1700277059\n|switch|p2a: Clodsire|Clodsire, F|100\/100|[from] U-turn\n|\n|-heal|p1a: Sylveon|100\/100|[from] item: Leftovers\n|upkeep\n|turn|10\n|\n|t:|1700277069\n|switch|p1a: Espeon|Espeon, M|11\/100\n|move|p2a: Clodsire|Earthquake|p1a: Espeon\n|-damage|p1a: Espeon|0 fnt\n|faint|p1a: Espeon\n|\n|upkeep\n|\n|t:|1700277074\n|switch|p1a: Ting-Lu|Ting-Lu|100\/100\n|-ability|p1a: Ting-Lu|Vessel of Ruin\n|turn|11\n|\n|t:|1700277083\n|switch|p2a: Zapdos|Zapdos|41\/100\n|move|p1a: Ting-Lu|Stealth Rock|p2a: Zapdos\n|-sidestart|p2: jsj2679|move: Stealth Rock\n|\n|upkeep\n|turn|12\n|\n|t:|1700277093\n|switch|p1a: Sylveon|Sylveon, F|100\/100\n|move|p2a: Zapdos|Defog|p1a: Sylveon\n|-unboost|p1a: Sylveon|evasion|1\n|-sideend|p2: jsj2679|Stealth Rock|[from] move: Defog|[of] p2a: Zapdos\n|\n|upkeep\n|turn|13\n|\n|t:|1700277115\n|switch|p2a: Victini|Victini|58\/100\n|move|p1a: Sylveon|Heal Bell|p1a: Sylveon\n|-activate|p1a: Sylveon|move: Heal Bell\n|-curestatus|p1: Great Tusk|par|[msg]\n|\n|upkeep\n|turn|14\n|\n|t:|1700277124\n|move|p1a: Sylveon|Protect|p1a: Sylveon\n|-singleturn|p1a: Sylveon|Protect\n|move|p2a: Victini|Blue Flare|p1a: Sylveon\n|-activate|p1a: Sylveon|move: Protect\n|\n|upkeep\n|turn|15\n|\n|t:|1700277151\n|move|p2a: Victini|U-turn|p1a: Sylveon\n|-resisted|p1a: Sylveon\n|-damage|p1a: Sylveon|95\/100\n|\n|t:|1700277154\n|switch|p2a: Clodsire|Clodsire, F|100\/100|[from] U-turn\n|move|p1a: Sylveon|Wish|p1a: Sylveon\n|\n|-heal|p1a: Sylveon|100\/100|[from] item: Leftovers\n|upkeep\n|turn|16\n|\n|t:|1700277159\n|switch|p1a: Great Tusk|Great Tusk, tera:Dragon|37\/100\n|move|p2a: Clodsire|Toxic|p1a: Great Tusk\n|-status|p1a: Great Tusk|tox\n|\n|-heal|p1a: Great Tusk|89\/100 tox|[from] move: Wish|[wisher] Sylveon\n|-heal|p1a: Great Tusk|95\/100 tox|[from] item: Leftovers\n|-damage|p1a: Great Tusk|89\/100 tox|[from] psn\n|upkeep\n|turn|17\n|\n|t:|1700277174\n|switch|p2a: Zapdos|Zapdos|41\/100\n|move|p1a: Great Tusk|Ice Spinner|p2a: Zapdos\n|-supereffective|p2a: Zapdos\n|-damage|p2a: Zapdos|1\/100\n|\n|-heal|p1a: Great Tusk|95\/100 tox|[from] item: Leftovers\n|-damage|p1a: Great Tusk|82\/100 tox|[from] psn\n|upkeep\n|turn|18\n|\n|t:|1700277181\n|move|p1a: Great Tusk|Close Combat|p2a: Zapdos\n|-resisted|p2a: Zapdos\n|-damage|p2a: Zapdos|0 fnt\n|-unboost|p1a: Great Tusk|def|1\n|-unboost|p1a: Great Tusk|spd|1\n|faint|p2a: Zapdos\n|\n|-heal|p1a: Great Tusk|89\/100 tox|[from] item: Leftovers\n|-damage|p1a: Great Tusk|70\/100 tox|[from] psn\n|upkeep\n|\n|t:|1700277187\n|switch|p2a: Diancie|Diancie|100\/100\n|turn|19\n|\n|t:|1700277192\n|-end|p1a: Great Tusk|Protosynthesis|[silent]\n|switch|p1a: Vaporeon|Vaporeon, F|100\/100\n|detailschange|p2a: Diancie|Diancie-Mega\n|-mega|p2a: Diancie|Diancie|Diancite\n|move|p2a: Diancie|Moonblast|p1a: Vaporeon\n|-damage|p1a: Vaporeon|57\/100\n|\n|-heal|p1a: Vaporeon|63\/100|[from] item: Leftovers\n|upkeep\n|turn|20\n|\n|t:|1700277198\n|move|p1a: Vaporeon|Protect|p1a: Vaporeon\n|-singleturn|p1a: Vaporeon|Protect\n|move|p2a: Diancie|Moonblast|p1a: Vaporeon\n|-activate|p1a: Vaporeon|move: Protect\n|\n|-heal|p1a: Vaporeon|69\/100|[from] item: Leftovers\n|upkeep\n|turn|21\n|\n|t:|1700277203\n|switch|p2a: Ogerpon|Ogerpon-Wellspring, F|100\/100\n|move|p1a: Vaporeon|Wish|p1a: Vaporeon\n|\n|-heal|p1a: Vaporeon|76\/100|[from] item: Leftovers\n|upkeep\n|turn|22\n|\n|t:|1700277213\n|switch|p2a: Diancie|Diancie-Mega|100\/100\n|switch|p1a: Great Tusk|Great Tusk, tera:Dragon|70\/100 tox\n|\n|-heal|p1a: Great Tusk|100\/100 tox|[from] move: Wish|[wisher] Vaporeon\n|-damage|p1a: Great Tusk|94\/100 tox|[from] psn\n|upkeep\n|turn|23\n|\n|t:|1700277219\n|-end|p1a: Great Tusk|Protosynthesis|[silent]\n|switch|p1a: Sylveon|Sylveon, F|100\/100\n|move|p2a: Diancie|Moonblast|p1a: Sylveon\n|-damage|p1a: Sylveon|58\/100\n|\n|-heal|p1a: Sylveon|64\/100|[from] item: Leftovers\n|upkeep\n|turn|24\n|\n|t:|1700277228\n|move|p2a: Diancie|Moonblast|p1a: Sylveon\n|-damage|p1a: Sylveon|22\/100\n|-unboost|p1a: Sylveon|spa|1\n|move|p1a: Sylveon|Wish|p1a: Sylveon\n|\n|-heal|p1a: Sylveon|28\/100|[from] item: Leftovers\n|upkeep\n|turn|25\n|\n|t:|1700277239\n|move|p1a: Sylveon|Protect|p1a: Sylveon\n|-singleturn|p1a: Sylveon|Protect\n|move|p2a: Diancie|Moonblast|p1a: Sylveon\n|-activate|p1a: Sylveon|move: Protect\n|\n|-heal|p1a: Sylveon|78\/100|[from] move: Wish|[wisher] Sylveon\n|-heal|p1a: Sylveon|84\/100|[from] item: Leftovers\n|upkeep\n|turn|26\n|\n|t:|1700277245\n|switch|p2a: Ogerpon|Ogerpon-Wellspring, F|100\/100\n|move|p1a: Sylveon|Wish|p1a: Sylveon\n|\n|-heal|p1a: Sylveon|90\/100|[from] item: Leftovers\n|upkeep\n|turn|27\n|\n|t:|1700277252\n|switch|p2a: Diancie|Diancie-Mega|100\/100\n|move|p1a: Sylveon|Heal Bell|p1a: Sylveon\n|-activate|p1a: Sylveon|move: Heal Bell\n|-curestatus|p1: Great Tusk|tox|[msg]\n|\n|-heal|p1a: Sylveon|100\/100|[from] move: Wish|[wisher] Sylveon\n|upkeep\n|turn|28\n|\n|t:|1700277257\n|move|p2a: Diancie|Diamond Storm|p1a: Sylveon\n|-damage|p1a: Sylveon|56\/100\n|-boost|p2a: Diancie|def|2\n|move|p1a: Sylveon|Hyper Voice|p2a: Diancie\n|-damage|p2a: Diancie|68\/100\n|\n|-heal|p1a: Sylveon|62\/100|[from] item: Leftovers\n|upkeep\n|turn|29\n|\n|t:|1700277265\n|move|p2a: Diancie|Mystical Fire|p1a: Sylveon\n|-damage|p1a: Sylveon|42\/100\n|-unboost|p1a: Sylveon|spa|1\n|move|p1a: Sylveon|Wish|p1a: Sylveon\n|\n|-heal|p1a: Sylveon|48\/100|[from] item: Leftovers\n|upkeep\n|turn|30\n|\n|t:|1700277271\n|move|p1a: Sylveon|Protect|p1a: Sylveon\n|-singleturn|p1a: Sylveon|Protect\n|move|p2a: Diancie|Diamond Storm|p1a: Sylveon\n|-activate|p1a: Sylveon|move: Protect\n|\n|-heal|p1a: Sylveon|98\/100|[from] move: Wish|[wisher] Sylveon\n|-heal|p1a: Sylveon|100\/100|[from] item: Leftovers\n|upkeep\n|turn|31\n|\n|t:|1700277276\n|move|p2a: Diancie|Diamond Storm|p1a: Sylveon\n|-damage|p1a: Sylveon|57\/100\n|move|p1a: Sylveon|Wish|p1a: Sylveon\n|\n|-heal|p1a: Sylveon|63\/100|[from] item: Leftovers\n|upkeep\n|turn|32\n|l| jkljlkh\n|\n|t:|1700277283\n|switch|p2a: Clodsire|Clodsire, F|100\/100\n|move|p1a: Sylveon|Hyper Voice|p2a: Clodsire\n|-resisted|p2a: Clodsire\n|-damage|p2a: Clodsire|90\/100\n|\n|-heal|p1a: Sylveon|100\/100|[from] move: Wish|[wisher] Sylveon\n|upkeep\n|turn|33\n|\n|t:|1700277292\n|move|p1a: Sylveon|Protect|p1a: Sylveon\n|-singleturn|p1a: Sylveon|Protect\n|move|p2a: Clodsire|Toxic|p1a: Sylveon\n|-activate|p1a: Sylveon|move: Protect\n|\n|upkeep\n|turn|34\n|\n|t:|1700277316\n|switch|p1a: Ting-Lu|Ting-Lu|100\/100\n|-ability|p1a: Ting-Lu|Vessel of Ruin\n|switch|p2a: Victini|Victini|58\/100\n|\n|upkeep\n|turn|35\n|j| jkljlkh\n|\n|t:|1700277349\n|move|p2a: Victini|U-turn|p1a: Ting-Lu\n|-supereffective|p1a: Ting-Lu\n|-damage|p1a: Ting-Lu|86\/100\n|\n|t:|1700277354\n|switch|p2a: Diancie|Diancie-Mega|68\/100|[from] U-turn\n|move|p1a: Ting-Lu|Earthquake|p2a: Diancie\n|-supereffective|p2a: Diancie\n|-damage|p2a: Diancie|0 fnt\n|faint|p2a: Diancie\n|\n|-heal|p1a: Ting-Lu|92\/100|[from] item: Leftovers\n|upkeep\n|\n|t:|1700277356\n|switch|p2a: Ogerpon|Ogerpon-Wellspring, F|100\/100\n|turn|36\n|\n|t:|1700277361\n|switch|p1a: Great Tusk|Great Tusk, tera:Dragon|94\/100\n|move|p2a: Ogerpon|Ivy Cudgel|p1a: Great Tusk|[anim] Ivy Cudgel Water\n|-resisted|p1a: Great Tusk\n|-damage|p1a: Great Tusk|74\/100\n|\n|-heal|p1a: Great Tusk|80\/100|[from] item: Leftovers\n|upkeep\n|turn|37\n|\n|t:|1700277381\n|switch|p2a: Urshifu|Urshifu-Rapid-Strike, M|100\/100\n|move|p1a: Great Tusk|Rapid Spin|p2a: Urshifu\n|-damage|p2a: Urshifu|81\/100\n|-boost|p1a: Great Tusk|spe|1\n|\n|-heal|p1a: Great Tusk|86\/100|[from] item: Leftovers\n|upkeep\n|turn|38\n|\n|t:|1700277398\n|move|p2a: Urshifu|U-turn|p1a: Great Tusk\n|-crit|p1a: Great Tusk\n|-damage|p1a: Great Tusk|63\/100\n|\n|t:|1700277409\n|switch|p2a: Victini|Victini|58\/100|[from] U-turn\n|move|p1a: Great Tusk|Rapid Spin|p2a: Victini\n|-damage|p2a: Victini|40\/100\n|-boost|p1a: Great Tusk|spe|1\n|\n|-heal|p1a: Great Tusk|69\/100|[from] item: Leftovers\n|upkeep\n|turn|39\n|\n|t:|1700277419\n|-terastallize|p2a: Victini|Water\n|move|p1a: Great Tusk|Headlong Rush|p2a: Victini\n|-damage|p2a: Victini|0 fnt\n|-unboost|p1a: Great Tusk|def|1\n|-unboost|p1a: Great Tusk|spd|1\n|faint|p2a: Victini\n|\n|-heal|p1a: Great Tusk|75\/100|[from] item: Leftovers\n|upkeep\n|\n|t:|1700277425\n|switch|p2a: Ogerpon|Ogerpon-Wellspring, F|100\/100\n|turn|40\n|\n|t:|1700277432\n|move|p1a: Great Tusk|Ice Spinner|p2a: Ogerpon\n|-damage|p2a: Ogerpon|62\/100\n|move|p2a: Ogerpon|Horn Leech|p1a: Great Tusk\n|-resisted|p1a: Great Tusk\n|-damage|p1a: Great Tusk|50\/100\n|-heal|p2a: Ogerpon|78\/100|[from] drain|[of] p1a: Great Tusk\n|\n|-heal|p1a: Great Tusk|56\/100|[from] item: Leftovers\n|upkeep\n|turn|41\n|\n|t:|1700277442\n|move|p1a: Great Tusk|Ice Spinner|p2a: Ogerpon\n|-damage|p2a: Ogerpon|38\/100\n|move|p2a: Ogerpon|Ivy Cudgel|p1a: Great Tusk|[anim] Ivy Cudgel Water\n|-resisted|p1a: Great Tusk\n|-damage|p1a: Great Tusk|24\/100\n|\n|-heal|p1a: Great Tusk|30\/100|[from] item: Leftovers\n|upkeep\n|turn|42\n|\n|t:|1700277452\n|switch|p2a: Urshifu|Urshifu-Rapid-Strike, M|81\/100\n|move|p1a: Great Tusk|Close Combat|p2a: Urshifu\n|-damage|p2a: Urshifu|16\/100\n|-unboost|p1a: Great Tusk|def|1\n|-unboost|p1a: Great Tusk|spd|1\n|\n|-heal|p1a: Great Tusk|37\/100|[from] item: Leftovers\n|upkeep\n|turn|43\n|\n|t:|1700277463\n|move|p1a: Great Tusk|Rapid Spin|p2a: Urshifu\n|-damage|p2a: Urshifu|0 fnt\n|-boost|p1a: Great Tusk|spe|1\n|faint|p2a: Urshifu\n|\n|-heal|p1a: Great Tusk|43\/100|[from] item: Leftovers\n|upkeep\n|\n|t:|1700277465\n|switch|p2a: Clodsire|Clodsire, F|90\/100\n|turn|44\n|\n|t:|1700277468\n|move|p1a: Great Tusk|Headlong Rush|p2a: Clodsire\n|-supereffective|p2a: Clodsire\n|-damage|p2a: Clodsire|0 fnt\n|-unboost|p1a: Great Tusk|def|1\n|-unboost|p1a: Great Tusk|spd|1\n|faint|p2a: Clodsire\n|\n|-heal|p1a: Great Tusk|49\/100|[from] item: Leftovers\n|upkeep\n|-message|jsj2679 forfeited.\n|\n|win|taoke\n|raw|taoke's rating: 1689 &rarr; <strong>1714<\/strong><br \/>(+25 for winning)\n|raw|jsj2679's rating: 1770 &rarr; <strong>1745<\/strong><br \/>(-25 for losing)\n|l|\u2606jsj2679\n","uploadtime":1700277508,"views":10,"p1id":"taoke","p2id":"jsj2679","formatid":"gen9nationaldex","rating":1714,"private":0,"password":""}