{"id":"gen9nationaldex-1988077615","p1":"Ellogovornor","p2":"ReptileMedias","format":"[Gen 9] National Dex","log":"|j|\u2606Ellogovornor\n|j|\u2606ReptileMedias\n|t:|1699666771\n|gametype|singles\n|player|p1|Ellogovornor|265|1257\n|player|p2|ReptileMedias|may-gen3rs|1248\n|teamsize|p1|5\n|teamsize|p2|6\n|gen|9\n|tier|[Gen 9] National Dex\n|rated|\n|rule|HP Percentage Mod: HP is shown in percentages\n|rule|Endless Battle Clause: Forcing endless battles is banned\n|rule|OHKO Clause: OHKO moves are banned\n|rule|Evasion Clause: Evasion abilities, items, and moves are banned\n|rule|Evasion Abilities Clause: Evasion abilities are banned\n|rule|Evasion Items Clause: Evasion items are banned\n|rule|Evasion Moves Clause: Evasion moves are banned\n|rule|Species Clause: Limit one of each Pok\u00e9mon\n|rule|Sleep Clause Mod: Limit one foe put to sleep\n|clearpoke\n|poke|p1|Pelipper, F|\n|poke|p1|Zapdos|\n|poke|p1|Omastar, F|\n|poke|p1|Ogerpon-Wellspring, F|\n|poke|p1|Manaphy|\n|poke|p2|Scizor, M|\n|poke|p2|Venusaur, M|\n|poke|p2|Arcanine, M|\n|poke|p2|Crawdaunt, M|\n|poke|p2|Jolteon, M|\n|poke|p2|Crobat, M|\n|teampreview\n|inactive|Battle timer is ON: inactive players will automatically lose when time's up. (requested by Ellogovornor)\n|\n|t:|1699666777\n|start\n|switch|p1a: Pelipper|Pelipper, F|100\/100\n|switch|p2a: Lobstarno|Crawdaunt, M|100\/100\n|-weather|RainDance|[from] ability: Drizzle|[of] p1a: Pelipper\n|turn|1\n|\n|t:|1699666798\n|move|p2a: Lobstarno|Knock Off|p1a: Pelipper\n|-damage|p1a: Pelipper|0 fnt\n|-enditem|p1a: Pelipper|Damp Rock|[from] move: Knock Off|[of] p2a: Lobstarno\n|faint|p1a: Pelipper\n|\n|-weather|RainDance|[upkeep]\n|upkeep\n|\n|t:|1699666805\n|switch|p1a: Zapdos|Zapdos|100\/100\n|turn|2\n|\n|t:|1699666812\n|switch|p2a: Sharp David|Jolteon, M|100\/100\n|move|p1a: Zapdos|Thunder|p2a: Sharp David\n|-immune|p2a: Sharp David|[from] ability: Volt Absorb\n|\n|-weather|RainDance|[upkeep]\n|upkeep\n|turn|3\n|\n|t:|1699666821\n|-terastallize|p2a: Sharp David|Electric\n|move|p2a: Sharp David|Thunderbolt|p1a: Zapdos\n|-damage|p1a: Zapdos|0 fnt\n|faint|p1a: Zapdos\n|\n|-weather|RainDance|[upkeep]\n|upkeep\n|\n|t:|1699666828\n|switch|p1a: Omastar|Omastar, F|100\/100\n|turn|4\n|c|\u2606ReptileMedias|you need swampert\n|c|\u2606ReptileMedias|for ground\n|\n|t:|1699666843\n|move|p1a: Omastar|Shell Smash|p1a: Omastar\n|-unboost|p1a: Omastar|def|1\n|-unboost|p1a: Omastar|spd|1\n|-boost|p1a: Omastar|atk|2\n|-boost|p1a: Omastar|spa|2\n|-boost|p1a: Omastar|spe|2\n|move|p2a: Sharp David|Thunderbolt|p1a: Omastar\n|-supereffective|p1a: Omastar\n|-enditem|p1a: Omastar|Focus Sash\n|-damage|p1a: Omastar|1\/100\n|\n|-weather|RainDance|[upkeep]\n|upkeep\n|turn|5\n|\n|t:|1699666855\n|move|p1a: Omastar|Earth Power|p2a: Sharp David\n|-supereffective|p2a: Sharp David\n|-damage|p2a: Sharp David|0 fnt\n|faint|p2a: Sharp David\n|\n|-weather|RainDance|[upkeep]\n|upkeep\n|\n|t:|1699666860\n|switch|p2a: Adult|Arcanine, M|100\/100\n|turn|6\n|\n|t:|1699666863\n|switch|p1a: Ogerpon|Ogerpon-Wellspring, F|100\/100\n|move|p2a: Adult|Extreme Speed|p1a: Ogerpon\n|-damage|p1a: Ogerpon|67\/100\n|\n|-weather|RainDance|[upkeep]\n|upkeep\n|turn|7\n|\n|t:|1699666871\n|-terastallize|p1a: Ogerpon|Water\n|detailschange|p1a: Ogerpon|Ogerpon-Wellspring-Tera, F, tera:Water\n|-ability|p1a: Ogerpon|Embody Aspect (Wellspring)|boost\n|-boost|p1a: Ogerpon|spd|1\n|move|p1a: Ogerpon|Ivy Cudgel|p2a: Adult\n|-supereffective|p2a: Adult\n|-damage|p2a: Adult|0 fnt\n|faint|p2a: Adult\n|\n|-weather|RainDance|[upkeep]\n|upkeep\n|\n|t:|1699666886\n|switch|p2a: Penusaur|Venusaur, M|100\/100\n|turn|8\n|\n|t:|1699666892\n|detailschange|p2a: Penusaur|Venusaur-Mega, M\n|-mega|p2a: Penusaur|Venusaur|Venusaurite\n|move|p1a: Ogerpon|Ivy Cudgel|p2a: Penusaur\n|-resisted|p2a: Penusaur\n|-damage|p2a: Penusaur|55\/100\n|move|p2a: Penusaur|Giga Drain|p1a: Ogerpon\n|-supereffective|p1a: Ogerpon\n|-damage|p1a: Ogerpon|19\/100\n|-heal|p2a: Penusaur|79\/100|[from] drain|[of] p1a: Ogerpon\n|\n|-weather|none\n|upkeep\n|turn|9\n|\n|t:|1699666902\n|move|p1a: Ogerpon|Knock Off|p2a: Penusaur\n|-damage|p2a: Penusaur|58\/100\n|move|p2a: Penusaur|Giga Drain|p1a: Ogerpon\n|-supereffective|p1a: Ogerpon\n|-damage|p1a: Ogerpon|0 fnt\n|-heal|p2a: Penusaur|68\/100|[from] drain|[of] p1a: Ogerpon\n|faint|p1a: Ogerpon\n|\n|upkeep\n|\n|t:|1699666909\n|switch|p1a: Manaphy|Manaphy|100\/100\n|turn|10\n|\n|t:|1699666919\n|move|p1a: Manaphy|Rain Dance|p1a: Manaphy\n|-weather|RainDance\n|move|p2a: Penusaur|Giga Drain|p1a: Manaphy\n|-supereffective|p1a: Manaphy\n|-damage|p1a: Manaphy|44\/100\n|-heal|p2a: Penusaur|100\/100|[from] drain|[of] p1a: Manaphy\n|\n|-weather|RainDance|[upkeep]\n|-heal|p1a: Manaphy|50\/100|[from] item: Leftovers\n|upkeep\n|turn|11\n|\n|t:|1699666927\n|move|p1a: Manaphy|Take Heart|p1a: Manaphy\n|-boost|p1a: Manaphy|spa|1\n|-boost|p1a: Manaphy|spd|1\n|move|p2a: Penusaur|Giga Drain|p1a: Manaphy\n|-supereffective|p1a: Manaphy\n|-damage|p1a: Manaphy|13\/100\n|\n|-weather|RainDance|[upkeep]\n|-heal|p1a: Manaphy|19\/100|[from] item: Leftovers\n|upkeep\n|turn|12\n|\n|t:|1699666934\n|move|p1a: Manaphy|Rest|p1a: Manaphy\n|-status|p1a: Manaphy|slp|[from] move: Rest\n|-heal|p1a: Manaphy|100\/100 slp|[silent]\n|move|p2a: Penusaur|Giga Drain|p1a: Manaphy\n|-supereffective|p1a: Manaphy\n|-damage|p1a: Manaphy|66\/100 slp\n|\n|-weather|RainDance|[upkeep]\n|-activate|p1a: Manaphy|ability: Hydration\n|-curestatus|p1a: Manaphy|slp|[msg]\n|-heal|p1a: Manaphy|72\/100|[from] item: Leftovers\n|upkeep\n|turn|13\n|\n|t:|1699666946\n|move|p1a: Manaphy|Take Heart|p1a: Manaphy\n|-boost|p1a: Manaphy|spa|1\n|-boost|p1a: Manaphy|spd|1\n|move|p2a: Penusaur|Leech Seed|p1a: Manaphy|[miss]\n|-miss|p2a: Penusaur|p1a: Manaphy\n|\n|-weather|RainDance|[upkeep]\n|-heal|p1a: Manaphy|78\/100|[from] item: Leftovers\n|upkeep\n|turn|14\n|\n|t:|1699666955\n|move|p1a: Manaphy|Scald|p2a: Penusaur\n|-resisted|p2a: Penusaur\n|-damage|p2a: Penusaur|72\/100\n|move|p2a: Penusaur|Leech Seed|p1a: Manaphy\n|-start|p1a: Manaphy|move: Leech Seed\n|\n|-weather|none\n|-heal|p1a: Manaphy|84\/100|[from] item: Leftovers\n|-damage|p1a: Manaphy|72\/100|[from] Leech Seed|[of] p2a: Penusaur\n|-heal|p2a: Penusaur|89\/100|[silent]\n|upkeep\n|turn|15\n|-message|Ellogovornor forfeited.\n|\n|win|ReptileMedias\n|raw|Ellogovornor's rating: 1257 &rarr; <strong>1231<\/strong><br \/>(-26 for losing)\n|raw|ReptileMedias's rating: 1248 &rarr; <strong>1274<\/strong><br \/>(+26 for winning)\n|l|\u2606Ellogovornor\n","uploadtime":1699666966,"views":4,"p1id":"ellogovornor","p2id":"reptilemedias","formatid":"gen9nationaldex","rating":1231,"private":0,"password":""}