{"id":"gen9nationaldex-1996284644","p1":"Trainer-Yanwu","p2":"NightwainYT","format":"[Gen 9] National Dex","log":"|html|<div class=\"broadcast-blue\"><strong>[Gen 9] National Dex is currently suspecting Sneasler! For information on how to participate check out the <a href=\"https:\/\/www.smogon.com\/forums\/threads\/sv-national-dex-suspect-8-just-dance.3731534\/\">suspect thread<\/a>.<\/strong><\/div>\n|j|\u2606Trainer-Yanwu\n|j|\u2606NightwainYT\n|t:|1700667454\n|gametype|singles\n|player|p1|Trainer-Yanwu|fisherman|1183\n|player|p2|NightwainYT|nate|1100\n|teamsize|p1|6\n|teamsize|p2|6\n|gen|9\n|tier|[Gen 9] National Dex\n|rated|\n|rule|HP Percentage Mod: HP is shown in percentages\n|rule|Endless Battle Clause: Forcing endless battles is banned\n|rule|OHKO Clause: OHKO moves are banned\n|rule|Evasion Clause: Evasion abilities, items, and moves are banned\n|rule|Evasion Abilities Clause: Evasion abilities are banned\n|rule|Evasion Items Clause: Evasion items are banned\n|rule|Evasion Moves Clause: Evasion moves are banned\n|rule|Species Clause: Limit one of each Pok\u00e9mon\n|rule|Sleep Clause Mod: Limit one foe put to sleep\n|clearpoke\n|poke|p1|Banette, F|\n|poke|p1|Dragonite, F|\n|poke|p1|Alomomola, F|\n|poke|p1|Infernape, F|\n|poke|p1|Dodrio, M|\n|poke|p1|Heatran, F|\n|poke|p2|Ferrothorn, M|\n|poke|p2|Infernape, M|\n|poke|p2|Ambipom, F|\n|poke|p2|Weavile, M|\n|poke|p2|Gyarados, M|\n|poke|p2|Alakazam, M|\n|teampreview\n|\n|t:|1700667470\n|start\n|switch|p1a: Dodrio|Dodrio, M|100\/100\n|switch|p2a: High-6|Ambipom, F, shiny|100\/100\n|turn|1\n|\n|t:|1700667484\n|move|p2a: High-6|Fake Out|p1a: Dodrio\n|-damage|p1a: Dodrio|43\/100\n|cant|p1a: Dodrio|flinch\n|\n|upkeep\n|turn|2\n|\n|t:|1700667518\n|move|p2a: High-6|Last Resort|p1a: Dodrio\n|-crit|p1a: Dodrio\n|-damage|p1a: Dodrio|0 fnt\n|faint|p1a: Dodrio\n|\n|upkeep\n|\n|t:|1700667527\n|switch|p1a: Banette|Banette, F|100\/100\n|turn|3\n|\n|t:|1700667539\n|switch|p2a: Assassin|Weavile, M|100\/100\n|-ability|p2a: Assassin|Pressure\n|detailschange|p1a: Banette|Banette-Mega, F\n|-mega|p1a: Banette|Banette|Banettite\n|move|p1a: Banette|Swords Dance|p1a: Banette\n|-boost|p1a: Banette|atk|2\n|\n|upkeep\n|turn|4\n|\n|t:|1700667554\n|switch|p1a: Alomomola|Alomomola, F|100\/100\n|move|p2a: Assassin|Hone Claws|p2a: Assassin\n|-boost|p2a: Assassin|atk|1\n|-boost|p2a: Assassin|accuracy|1\n|\n|upkeep\n|turn|5\n|\n|t:|1700667565\n|move|p2a: Assassin|Knock Off|p1a: Alomomola\n|-damage|p1a: Alomomola|61\/100\n|-enditem|p1a: Alomomola|Heavy-Duty Boots|[from] move: Knock Off|[of] p2a: Assassin\n|move|p1a: Alomomola|Toxic|p2a: Assassin\n|-status|p2a: Assassin|tox\n|\n|-damage|p2a: Assassin|94\/100 tox|[from] psn\n|upkeep\n|turn|6\n|\n|t:|1700667574\n|move|p2a: Assassin|Knock Off|p1a: Alomomola\n|-damage|p1a: Alomomola|31\/100\n|move|p1a: Alomomola|Wish|p1a: Alomomola\n|\n|-damage|p2a: Assassin|82\/100 tox|[from] psn\n|upkeep\n|turn|7\n|\n|t:|1700667580\n|move|p1a: Alomomola|Protect|p1a: Alomomola\n|-singleturn|p1a: Alomomola|Protect\n|move|p2a: Assassin|Knock Off|p1a: Alomomola\n|-activate|p1a: Alomomola|move: Protect\n|\n|-heal|p1a: Alomomola|81\/100|[from] move: Wish|[wisher] Alomomola\n|-damage|p2a: Assassin|64\/100 tox|[from] psn\n|upkeep\n|turn|8\n|\n|t:|1700667590\n|switch|p2a: ThornBlade|Ferrothorn, M|100\/100\n|move|p1a: Alomomola|Wish|p1a: Alomomola\n|\n|upkeep\n|turn|9\n|\n|t:|1700667605\n|switch|p1a: Infernape|Infernape, F|100\/100\n|move|p2a: ThornBlade|Leech Seed|p1a: Infernape\n|-start|p1a: Infernape|move: Leech Seed\n|\n|-damage|p1a: Infernape|88\/100|[from] Leech Seed|[of] p2a: ThornBlade\n|upkeep\n|turn|10\n|\n|t:|1700667622\n|switch|p2a: Lance|Gyarados, M, shiny|100\/100\n|move|p1a: Infernape|Fire Blast|p2a: Lance\n|-resisted|p2a: Lance\n|-damage|p2a: Lance|74\/100\n|\n|-damage|p1a: Infernape|76\/100|[from] Leech Seed|[of] p2a: Lance\n|-heal|p2a: Lance|84\/100|[silent]\n|upkeep\n|turn|11\n|\n|t:|1700667648\n|switch|p1a: Alomomola|Alomomola, F|100\/100\n|move|p2a: Lance|Waterfall|p1a: Alomomola\n|-resisted|p1a: Alomomola\n|-damage|p1a: Alomomola|85\/100\n|-damage|p2a: Lance|75\/100|[from] item: Life Orb\n|\n|upkeep\n|turn|12\n|\n|t:|1700667658\n|move|p2a: Lance|Dragon Dance|p2a: Lance\n|-boost|p2a: Lance|atk|1\n|-boost|p2a: Lance|spe|1\n|move|p1a: Alomomola|Toxic|p2a: Lance\n|-status|p2a: Lance|tox\n|\n|-damage|p2a: Lance|68\/100 tox|[from] psn\n|upkeep\n|turn|13\n|\n|t:|1700667667\n|move|p2a: Lance|Dragon Dance|p2a: Lance\n|-boost|p2a: Lance|atk|1\n|-boost|p2a: Lance|spe|1\n|move|p1a: Alomomola|Wish|p1a: Alomomola\n|\n|-damage|p2a: Lance|56\/100 tox|[from] psn\n|upkeep\n|turn|14\n|\n|t:|1700667675\n|move|p1a: Alomomola|Protect|p1a: Alomomola\n|-singleturn|p1a: Alomomola|Protect\n|move|p2a: Lance|Scale Shot|p1a: Alomomola\n|-activate|p1a: Alomomola|move: Protect\n|\n|-heal|p1a: Alomomola|100\/100|[from] move: Wish|[wisher] Alomomola\n|-damage|p2a: Lance|38\/100 tox|[from] psn\n|upkeep\n|turn|15\n|\n|t:|1700667684\n|move|p2a: Lance|Scale Shot|p1a: Alomomola\n|-damage|p1a: Alomomola|87\/100\n|-damage|p1a: Alomomola|72\/100\n|-damage|p1a: Alomomola|58\/100\n|-damage|p1a: Alomomola|43\/100\n|-damage|p1a: Alomomola|27\/100\n|-hitcount|p1a: Alomomola|5\n|-unboost|p2a: Lance|def|1\n|-boost|p2a: Lance|spe|1\n|-damage|p2a: Lance|28\/100 tox|[from] item: Life Orb\n|move|p1a: Alomomola|Wish|p1a: Alomomola\n|\n|-damage|p2a: Lance|4\/100 tox|[from] psn\n|upkeep\n|turn|16\n|\n|t:|1700667698\n|move|p1a: Alomomola|Protect|p1a: Alomomola\n|-singleturn|p1a: Alomomola|Protect\n|move|p2a: Lance|Crunch|p1a: Alomomola\n|-activate|p1a: Alomomola|move: Protect\n|\n|-heal|p1a: Alomomola|77\/100|[from] move: Wish|[wisher] Alomomola\n|-damage|p2a: Lance|0 fnt|[from] psn\n|faint|p2a: Lance\n|upkeep\n|\n|t:|1700667706\n|switch|p2a: Spoon-Man|Alakazam, M|100\/100\n|turn|17\n|\n|t:|1700667716\n|switch|p1a: Banette|Banette-Mega, F|100\/100\n|move|p2a: Spoon-Man|Energy Ball|p1a: Banette\n|-damage|p1a: Banette|55\/100\n|\n|upkeep\n|turn|18\n|\n|t:|1700667724\n|move|p2a: Spoon-Man|Psychic|p1a: Banette\n|-damage|p1a: Banette|0 fnt\n|faint|p1a: Banette\n|\n|upkeep\n|\n|t:|1700667748\n|switch|p1a: Dragonite|Dragonite, F|100\/100\n|turn|19\n|\n|t:|1700667762\n|move|p1a: Dragonite|Extreme Speed|p2a: Spoon-Man\n|-damage|p2a: Spoon-Man|27\/100\n|move|p2a: Spoon-Man|Psychic|p1a: Dragonite\n|-damage|p1a: Dragonite|77\/100\n|-unboost|p1a: Dragonite|spd|1\n|\n|-heal|p1a: Dragonite|84\/100|[from] item: Leftovers\n|upkeep\n|turn|20\n|\n|t:|1700667770\n|move|p1a: Dragonite|Extreme Speed|p2a: Spoon-Man\n|-damage|p2a: Spoon-Man|0 fnt\n|faint|p2a: Spoon-Man\n|\n|-heal|p1a: Dragonite|90\/100|[from] item: Leftovers\n|upkeep\n|\n|t:|1700667776\n|switch|p2a: High-6|Ambipom, F, shiny|100\/100\n|turn|21\n|\n|t:|1700667783\n|move|p2a: High-6|Fake Out|p1a: Dragonite\n|-damage|p1a: Dragonite|62\/100\n|cant|p1a: Dragonite|flinch\n|\n|-heal|p1a: Dragonite|68\/100|[from] item: Leftovers\n|upkeep\n|turn|22\n|\n|t:|1700667789\n|move|p1a: Dragonite|Extreme Speed|p2a: High-6\n|-damage|p2a: High-6|50\/100\n|move|p2a: High-6|Last Resort|p1a: Dragonite\n|-damage|p1a: Dragonite|0 fnt\n|faint|p1a: Dragonite\n|\n|upkeep\n|\n|t:|1700667804\n|switch|p1a: Heatran|Heatran, F|100\/100\n|-item|p1a: Heatran|Air Balloon\n|turn|23\n|\n|t:|1700667820\n|switch|p2a: Nightwain Jr|Infernape, M|100\/100\n|move|p1a: Heatran|Magma Storm|p2a: Nightwain Jr\n|-resisted|p2a: Nightwain Jr\n|-damage|p2a: Nightwain Jr|63\/100\n|-activate|p2a: Nightwain Jr|move: Magma Storm|[of] p1a: Heatran\n|\n|-damage|p2a: Nightwain Jr|51\/100|[from] move: Magma Storm|[partiallytrapped]\n|upkeep\n|turn|24\n|\n|t:|1700667832\n|switch|p1a: Alomomola|Alomomola, F|100\/100\n|move|p2a: Nightwain Jr|Close Combat|p1a: Alomomola\n|-damage|p1a: Alomomola|61\/100\n|-unboost|p2a: Nightwain Jr|def|1\n|-unboost|p2a: Nightwain Jr|spd|1\n|-damage|p2a: Nightwain Jr|41\/100|[from] item: Life Orb\n|\n|-end|p2a: Nightwain Jr|Magma Storm|[partiallytrapped]|[silent]\n|upkeep\n|turn|25\n|\n|t:|1700667843\n|move|p2a: Nightwain Jr|Fling|p1a: Alomomola\n|-damage|p1a: Alomomola|54\/100\n|-enditem|p2a: Nightwain Jr|Life Orb|[from] move: Fling\n|move|p1a: Alomomola|Wish|p1a: Alomomola\n|\n|upkeep\n|turn|26\n|\n|t:|1700667849\n|move|p2a: Nightwain Jr|Acrobatics|p1a: Alomomola\n|-damage|p1a: Alomomola|34\/100\n|move|p1a: Alomomola|Toxic|p2a: Nightwain Jr\n|-status|p2a: Nightwain Jr|tox\n|\n|-heal|p1a: Alomomola|84\/100|[from] move: Wish|[wisher] Alomomola\n|-damage|p2a: Nightwain Jr|35\/100 tox|[from] psn\n|upkeep\n|turn|27\n|\n|t:|1700667859\n|move|p2a: Nightwain Jr|Close Combat|p1a: Alomomola\n|-damage|p1a: Alomomola|49\/100\n|-unboost|p2a: Nightwain Jr|def|1\n|-unboost|p2a: Nightwain Jr|spd|1\n|move|p1a: Alomomola|Wish|p1a: Alomomola\n|\n|-damage|p2a: Nightwain Jr|23\/100 tox|[from] psn\n|upkeep\n|turn|28\n|\n|t:|1700667866\n|move|p2a: Nightwain Jr|Close Combat|p1a: Alomomola\n|-damage|p1a: Alomomola|19\/100\n|-unboost|p2a: Nightwain Jr|def|1\n|-unboost|p2a: Nightwain Jr|spd|1\n|move|p1a: Alomomola|Flip Turn|p2a: Nightwain Jr\n|-supereffective|p2a: Nightwain Jr\n|-damage|p2a: Nightwain Jr|0 fnt\n|faint|p2a: Nightwain Jr\n|\n|t:|1700667875\n|switch|p1a: Infernape|Infernape, F|76\/100|[from] Flip Turn\n|\n|-heal|p1a: Infernape|100\/100|[from] move: Wish|[wisher] Alomomola\n|upkeep\n|\n|t:|1700667880\n|switch|p2a: High-6|Ambipom, F, shiny|50\/100\n|turn|29\n|\n|t:|1700667896\n|switch|p1a: Heatran|Heatran, F|100\/100\n|-item|p1a: Heatran|Air Balloon\n|move|p2a: High-6|Fake Out|p1a: Heatran\n|-resisted|p1a: Heatran\n|-damage|p1a: Heatran|86\/100\n|-enditem|p1a: Heatran|Air Balloon\n|\n|upkeep\n|turn|30\n|\n|t:|1700667909\n|move|p2a: High-6|Last Resort|p1a: Heatran\n|-resisted|p1a: Heatran\n|-damage|p1a: Heatran|48\/100\n|move|p1a: Heatran|Earth Power|p2a: High-6\n|-damage|p2a: High-6|0 fnt\n|faint|p2a: High-6\n|\n|upkeep\n|\n|t:|1700667918\n|switch|p2a: ThornBlade|Ferrothorn, M|100\/100\n|turn|31\n|\n|t:|1700667926\n|move|p1a: Heatran|Magma Storm|p2a: ThornBlade|[miss]\n|-miss|p1a: Heatran|p2a: ThornBlade\n|move|p2a: ThornBlade|Body Press|p1a: Heatran\n|-supereffective|p1a: Heatran\n|-damage|p1a: Heatran|0 fnt\n|faint|p1a: Heatran\n|\n|upkeep\n|\n|t:|1700667933\n|switch|p1a: Infernape|Infernape, F|100\/100\n|turn|32\n|\n|t:|1700667943\n|move|p1a: Infernape|Fire Blast|p2a: ThornBlade\n|-supereffective|p2a: ThornBlade\n|-damage|p2a: ThornBlade|0 fnt\n|faint|p2a: ThornBlade\n|\n|upkeep\n|\n|t:|1700667948\n|switch|p2a: Assassin|Weavile, M|64\/100 tox\n|-ability|p2a: Assassin|Pressure\n|turn|33\n|\n|t:|1700667956\n|move|p2a: Assassin|Fake Out|p1a: Infernape\n|-damage|p1a: Infernape|81\/100\n|cant|p1a: Infernape|flinch\n|\n|-damage|p2a: Assassin|58\/100 tox|[from] psn\n|upkeep\n|turn|34\n|\n|t:|1700667978\n|move|p2a: Assassin|Knock Off|p1a: Infernape\n|-resisted|p1a: Infernape\n|-damage|p1a: Infernape|42\/100\n|-enditem|p1a: Infernape|Focus Sash|[from] move: Knock Off|[of] p2a: Assassin\n|move|p1a: Infernape|Close Combat|p2a: Assassin\n|-supereffective|p2a: Assassin\n|-damage|p2a: Assassin|0 fnt\n|-unboost|p1a: Infernape|def|1\n|-unboost|p1a: Infernape|spd|1\n|faint|p2a: Assassin\n|\n|win|Trainer-Yanwu\n|raw|Trainer-Yanwu's rating: 1183 &rarr; <strong>1202<\/strong><br \/>(+19 for winning)\n|raw|NightwainYT's rating: 1100 &rarr; <strong>1081<\/strong><br \/>(-19 for losing)\n|l|\u2606NightwainYT\n","uploadtime":1700668009,"views":0,"p1id":"traineryanwu","p2id":"nightwainyt","formatid":"gen9nationaldex","rating":1081,"private":0,"password":""}