{"id":"gen9nationaldex-1990278217","p1":"Amber-acid","p2":"168lmy","format":"[Gen 9] National Dex","log":"|j|\u2606Amber-acid\n|j|\u2606168lmy\n|t:|1699949562\n|gametype|singles\n|player|p1|Amber-acid|170|1377\n|player|p2|168lmy|2|1465\n|teamsize|p1|6\n|teamsize|p2|6\n|gen|9\n|tier|[Gen 9] National Dex\n|rated|\n|rule|HP Percentage Mod: HP is shown in percentages\n|rule|Endless Battle Clause: Forcing endless battles is banned\n|rule|OHKO Clause: OHKO moves are banned\n|rule|Evasion Clause: Evasion abilities, items, and moves are banned\n|rule|Evasion Abilities Clause: Evasion abilities are banned\n|rule|Evasion Items Clause: Evasion items are banned\n|rule|Evasion Moves Clause: Evasion moves are banned\n|rule|Species Clause: Limit one of each Pok\u00e9mon\n|rule|Sleep Clause Mod: Limit one foe put to sleep\n|clearpoke\n|poke|p1|Pelipper, F|\n|poke|p1|Barraskewda, M|\n|poke|p1|Swampert, F|\n|poke|p1|Moltres|\n|poke|p1|Ferrothorn, M|\n|poke|p1|Kingdra, F|\n|poke|p2|Moltres|\n|poke|p2|Rillaboom, M|\n|poke|p2|Clodsire, F|\n|poke|p2|Scizor, M|\n|poke|p2|Slowbro, F|\n|poke|p2|Sneasler, M|\n|teampreview\n|\n|t:|1699949579\n|start\n|switch|p1a: Pelipper|Pelipper, F|100\/100\n|switch|p2a: Slowbro|Slowbro, F|100\/100\n|-weather|RainDance|[from] ability: Drizzle|[of] p1a: Pelipper\n|turn|1\n|\n|t:|1699949587\n|move|p1a: Pelipper|U-turn|p2a: Slowbro\n|-supereffective|p2a: Slowbro\n|-damage|p2a: Slowbro|90\/100\n|-damage|p1a: Pelipper|84\/100|[from] item: Rocky Helmet|[of] p2a: Slowbro\n|\n|t:|1699949596\n|switch|p1a: Kingdra|Kingdra, F|100\/100|[from] U-turn\n|move|p2a: Slowbro|Future Sight|p1a: Kingdra\n|-start|p2a: Slowbro|move: Future Sight\n|\n|-weather|RainDance|[upkeep]\n|upkeep\n|turn|2\n|\n|t:|1699949619\n|-terastallize|p1a: Kingdra|Water\n|-terastallize|p2a: Slowbro|Steel\n|move|p1a: Kingdra|Surf|p2a: Slowbro\n|-damage|p2a: Slowbro|0 fnt\n|faint|p2a: Slowbro\n|-damage|p1a: Kingdra|91\/100|[from] item: Life Orb\n|\n|-weather|RainDance|[upkeep]\n|upkeep\n|inactive|Battle timer is ON: inactive players will automatically lose when time's up. (requested by Amber-acid)\n|\n|t:|1699949633\n|switch|p2a: Rillaboom|Rillaboom, M|100\/100\n|-fieldstart|move: Grassy Terrain|[from] ability: Grassy Surge|[of] p2a: Rillaboom\n|turn|3\n|\n|t:|1699949653\n|switch|p1a: Moltres|Moltres|100\/100\n|move|p2a: Rillaboom|Knock Off|p1a: Moltres\n|-crit|p1a: Moltres\n|-damage|p1a: Moltres|47\/100\n|-enditem|p1a: Moltres|Heavy-Duty Boots|[from] move: Knock Off|[of] p2a: Rillaboom\n|\n|-weather|RainDance|[upkeep]\n|-end|p1a: Moltres|move: Future Sight\n|-damage|p1a: Moltres|6\/100\n|upkeep\n|turn|4\n|\n|t:|1699949666\n|move|p1a: Moltres|Hurricane|p2a: Rillaboom\n|-supereffective|p2a: Rillaboom\n|-damage|p2a: Rillaboom|0 fnt\n|faint|p2a: Rillaboom\n|\n|-weather|RainDance|[upkeep]\n|upkeep\n|\n|t:|1699949671\n|switch|p2a: Sneasler|Sneasler, M|100\/100\n|-enditem|p2a: Sneasler|Grassy Seed\n|-boost|p2a: Sneasler|def|1|[from] item: Grassy Seed\n|turn|5\n|\n|t:|1699949684\n|switch|p1a: Ferrothorn|Ferrothorn, M|100\/100\n|move|p2a: Sneasler|Acrobatics|p1a: Ferrothorn\n|-damage|p1a: Ferrothorn|75\/100\n|-damage|p2a: Sneasler|88\/100|[from] ability: Iron Barbs|[of] p1a: Ferrothorn\n|-damage|p2a: Sneasler|72\/100|[from] item: Rocky Helmet|[of] p1a: Ferrothorn\n|\n|-weather|RainDance|[upkeep]\n|-heal|p2a: Sneasler|78\/100|[from] Grassy Terrain\n|-heal|p1a: Ferrothorn|81\/100|[from] Grassy Terrain\n|upkeep\n|turn|6\n|\n|t:|1699949698\n|move|p2a: Sneasler|Swords Dance|p2a: Sneasler\n|-boost|p2a: Sneasler|atk|2\n|move|p1a: Ferrothorn|Leech Seed|p2a: Sneasler\n|-start|p2a: Sneasler|move: Leech Seed\n|\n|-weather|RainDance|[upkeep]\n|-heal|p2a: Sneasler|84\/100|[from] Grassy Terrain\n|-heal|p1a: Ferrothorn|87\/100|[from] Grassy Terrain\n|-damage|p2a: Sneasler|71\/100|[from] Leech Seed|[of] p1a: Ferrothorn\n|-heal|p1a: Ferrothorn|98\/100|[silent]\n|upkeep\n|turn|7\n|\n|t:|1699949720\n|move|p2a: Sneasler|Close Combat|p1a: Ferrothorn\n|-supereffective|p1a: Ferrothorn\n|-damage|p1a: Ferrothorn|0 fnt\n|-unboost|p2a: Sneasler|def|1\n|-unboost|p2a: Sneasler|spd|1\n|-damage|p2a: Sneasler|59\/100|[from] ability: Iron Barbs|[of] p1a: Ferrothorn\n|-damage|p2a: Sneasler|43\/100|[from] item: Rocky Helmet|[of] p1a: Ferrothorn\n|faint|p1a: Ferrothorn\n|\n|-weather|RainDance|[upkeep]\n|-heal|p2a: Sneasler|49\/100|[from] Grassy Terrain\n|-fieldend|move: Grassy Terrain\n|upkeep\n|\n|t:|1699949730\n|switch|p1a: Barraskewda|Barraskewda, M, shiny|100\/100\n|turn|8\n|\n|t:|1699949744\n|move|p1a: Barraskewda|Aqua Jet|p2a: Sneasler\n|-damage|p2a: Sneasler|0 fnt\n|faint|p2a: Sneasler\n|\n|-weather|none\n|upkeep\n|-message|168lmy forfeited.\n|\n|win|Amber-acid\n|raw|Amber-acid's rating: 1377 &rarr; <strong>1402<\/strong><br \/>(+25 for winning)\n|raw|168lmy's rating: 1465 &rarr; <strong>1440<\/strong><br \/>(-25 for losing)\n|l|\u2606168lmy\n","uploadtime":1699949764,"views":7,"p1id":"amberacid","p2id":"168lmy","formatid":"gen9nationaldex","rating":1402,"private":0,"password":""}