{"id":"gen9nationaldex-1987909101","p1":"viiicey","p2":"AngryBear22","format":"[Gen 9] National Dex","log":"|j|\u2606viiicey\n|j|\u2606AngryBear22\n|t:|1699648153\n|gametype|singles\n|player|p1|viiicey|101|1194\n|player|p2|AngryBear22|lucas-gen4pt|1201\n|teamsize|p1|6\n|teamsize|p2|6\n|gen|9\n|tier|[Gen 9] National Dex\n|rated|\n|rule|HP Percentage Mod: HP is shown in percentages\n|rule|Endless Battle Clause: Forcing endless battles is banned\n|rule|OHKO Clause: OHKO moves are banned\n|rule|Evasion Clause: Evasion abilities, items, and moves are banned\n|rule|Evasion Abilities Clause: Evasion abilities are banned\n|rule|Evasion Items Clause: Evasion items are banned\n|rule|Evasion Moves Clause: Evasion moves are banned\n|rule|Species Clause: Limit one of each Pok\u00e9mon\n|rule|Sleep Clause Mod: Limit one foe put to sleep\n|clearpoke\n|poke|p1|Slaking, M|\n|poke|p1|Mew|\n|poke|p1|Venusaur, M|\n|poke|p1|Cobalion|\n|poke|p1|Grafaiai, M|\n|poke|p1|Hippowdon, M|\n|poke|p2|Conkeldurr, M|\n|poke|p2|Mawile, F|\n|poke|p2|Magmortar, M|\n|poke|p2|Corviknight, M|\n|poke|p2|Mienshao, F|\n|poke|p2|Gardevoir, F|\n|teampreview\n|inactive|Battle timer is ON: inactive players will automatically lose when time's up. (requested by viiicey)\n|\n|t:|1699648171\n|start\n|switch|p1a: Licis|Mew|100\/100\n|switch|p2a: Mienshao|Mienshao, F|100\/100\n|turn|1\n|\n|t:|1699648179\n|move|p2a: Mienshao|Knock Off|p1a: Licis\n|-supereffective|p1a: Licis\n|-damage|p1a: Licis|39\/100\n|-enditem|p1a: Licis|Heavy-Duty Boots|[from] move: Knock Off|[of] p2a: Mienshao\n|move|p1a: Licis|Psychic|p2a: Mienshao\n|-supereffective|p2a: Mienshao\n|-damage|p2a: Mienshao|0 fnt\n|faint|p2a: Mienshao\n|\n|upkeep\n|\n|t:|1699648187\n|switch|p2a: Mawile|Mawile, F|100\/100\n|turn|2\n|\n|t:|1699648192\n|switch|p1a: Shaw|Hippowdon, M|100\/100\n|-weather|Sandstorm|[from] ability: Sand Stream|[of] p1a: Shaw\n|detailschange|p2a: Mawile|Mawile-Mega, F\n|-mega|p2a: Mawile|Mawile|Mawilite\n|move|p2a: Mawile|Swords Dance|p2a: Mawile\n|-boost|p2a: Mawile|atk|2\n|\n|-weather|Sandstorm|[upkeep]\n|upkeep\n|turn|3\n|\n|t:|1699648203\n|move|p2a: Mawile|Sucker Punch|p1a: Shaw\n|-damage|p1a: Shaw|52\/100\n|move|p1a: Shaw|Earthquake|p2a: Mawile\n|-supereffective|p2a: Mawile\n|-damage|p2a: Mawile|18\/100\n|\n|-weather|Sandstorm|[upkeep]\n|-heal|p1a: Shaw|58\/100|[from] item: Leftovers\n|upkeep\n|turn|4\n|\n|t:|1699648213\n|switch|p2a: Corviknight|Corviknight, M|100\/100\n|move|p1a: Shaw|Slack Off|p1a: Shaw\n|-heal|p1a: Shaw|100\/100\n|\n|-weather|Sandstorm|[upkeep]\n|upkeep\n|turn|5\n|\n|t:|1699648224\n|switch|p1a: Stoltman|Cobalion|100\/100\n|move|p2a: Corviknight|Bulk Up|p2a: Corviknight\n|-boost|p2a: Corviknight|atk|1\n|-boost|p2a: Corviknight|def|1\n|\n|-weather|Sandstorm|[upkeep]\n|upkeep\n|turn|6\n|\n|t:|1699648234\n|move|p1a: Stoltman|Calm Mind|p1a: Stoltman\n|-boost|p1a: Stoltman|spa|1\n|-boost|p1a: Stoltman|spd|1\n|move|p2a: Corviknight|Bulk Up|p2a: Corviknight\n|-boost|p2a: Corviknight|atk|1\n|-boost|p2a: Corviknight|def|1\n|\n|-weather|none\n|upkeep\n|turn|7\n|\n|t:|1699648243\n|-zpower|p1a: Stoltman\n|move|p1a: Stoltman|All-Out Pummeling|p2a: Corviknight|[zeffect]\n|-damage|p2a: Corviknight|27\/100\n|move|p2a: Corviknight|Brave Bird|p1a: Stoltman\n|-damage|p1a: Stoltman|47\/100\n|-damage|p2a: Corviknight|13\/100|[from] Recoil\n|\n|-heal|p2a: Corviknight|19\/100|[from] item: Leftovers\n|upkeep\n|turn|8\n|\n|t:|1699648261\n|move|p1a: Stoltman|Volt Switch|p2a: Corviknight\n|-supereffective|p2a: Corviknight\n|-damage|p2a: Corviknight|0 fnt\n|faint|p2a: Corviknight\n|\n|t:|1699648269\n|switch|p1a: Hafthor|Slaking, M|100\/100|[from] Volt Switch\n|\n|upkeep\n|\n|t:|1699648274\n|switch|p2a: Conkeldurr|Conkeldurr, M|100\/100\n|turn|9\n|\n|t:|1699648278\n|-terastallize|p1a: Hafthor|Normal\n|move|p1a: Hafthor|Return|p2a: Conkeldurr\n|-damage|p2a: Conkeldurr|0 fnt\n|faint|p2a: Conkeldurr\n|\n|upkeep\n|\n|t:|1699648286\n|switch|p2a: Magmortar|Magmortar, M|100\/100\n|turn|10\n|\n|t:|1699648290\n|switch|p1a: Shaw|Hippowdon, M|100\/100\n|-weather|Sandstorm|[from] ability: Sand Stream|[of] p1a: Shaw\n|move|p2a: Magmortar|Focus Blast|p1a: Shaw\n|-damage|p1a: Shaw|32\/100\n|-unboost|p1a: Shaw|spd|1\n|\n|-weather|Sandstorm|[upkeep]\n|-damage|p2a: Magmortar|94\/100|[from] Sandstorm\n|-heal|p1a: Shaw|38\/100|[from] item: Leftovers\n|upkeep\n|turn|11\n|\n|t:|1699648302\n|move|p2a: Magmortar|Focus Blast|p1a: Shaw\n|-damage|p1a: Shaw|0 fnt\n|faint|p1a: Shaw\n|\n|-weather|Sandstorm|[upkeep]\n|-damage|p2a: Magmortar|88\/100|[from] Sandstorm\n|upkeep\n|\n|t:|1699648311\n|switch|p1a: Hafthor|Slaking, M, tera:Normal|100\/100\n|turn|12\n|\n|t:|1699648314\n|move|p1a: Hafthor|Earthquake|p2a: Magmortar\n|-supereffective|p2a: Magmortar\n|-damage|p2a: Magmortar|0 fnt\n|faint|p2a: Magmortar\n|\n|-weather|Sandstorm|[upkeep]\n|-damage|p1a: Hafthor|94\/100|[from] Sandstorm\n|upkeep\n|\n|t:|1699648322\n|switch|p2a: Mawile|Mawile-Mega, F|18\/100\n|turn|13\n|\n|t:|1699648346\n|switch|p1a: Nakonechnyy|Venusaur, M|100\/100\n|move|p2a: Mawile|Iron Head|p1a: Nakonechnyy\n|-damage|p1a: Nakonechnyy|21\/100\n|\n|-weather|Sandstorm|[upkeep]\n|-damage|p1a: Nakonechnyy|15\/100|[from] Sandstorm\n|upkeep\n|turn|14\n|\n|t:|1699648355\n|detailschange|p1a: Nakonechnyy|Venusaur-Mega, M\n|-mega|p1a: Nakonechnyy|Venusaur|Venusaurite\n|move|p2a: Mawile|Sucker Punch|p1a: Nakonechnyy\n|-damage|p1a: Nakonechnyy|0 fnt\n|faint|p1a: Nakonechnyy\n|\n|-weather|none\n|upkeep\n|\n|t:|1699648364\n|switch|p1a: Stoltman|Cobalion|47\/100\n|turn|15\n|\n|t:|1699648373\n|move|p1a: Stoltman|Flash Cannon|p2a: Mawile\n|-damage|p2a: Mawile|0 fnt\n|faint|p2a: Mawile\n|\n|upkeep\n|\n|t:|1699648378\n|switch|p2a: Gardevoir|Gardevoir, F|100\/100\n|-ability|p2a: Gardevoir|Justified|[from] ability: Trace|[of] p1a: Stoltman\n|turn|16\n|\n|t:|1699648384\n|-terastallize|p2a: Gardevoir|Psychic\n|move|p2a: Gardevoir|Psychic|p1a: Stoltman\n|-damage|p1a: Stoltman|0 fnt\n|faint|p1a: Stoltman\n|\n|upkeep\n|\n|t:|1699648389\n|switch|p1a: Hafthor|Slaking, M, tera:Normal|94\/100\n|turn|17\n|\n|t:|1699648393\n|move|p2a: Gardevoir|Psychic|p1a: Hafthor\n|-damage|p1a: Hafthor|24\/100\n|move|p1a: Hafthor|Return|p2a: Gardevoir\n|-damage|p2a: Gardevoir|0 fnt\n|faint|p2a: Gardevoir\n|\n|win|viiicey\n|raw|viiicey's rating: 1194 &rarr; <strong>1220<\/strong><br \/>(+26 for winning)\n|raw|AngryBear22's rating: 1201 &rarr; <strong>1175<\/strong><br \/>(-26 for losing)\n|l|\u2606AngryBear22\n","uploadtime":1699648403,"views":4,"p1id":"viiicey","p2id":"angrybear22","formatid":"gen9nationaldex","rating":1175,"private":0,"password":""}