{"id":"gen9nationaldex-1991157781","p1":"I sometimes win","p2":"Juliana is my name","format":"[Gen 9] National Dex","log":"|j|\u2606I sometimes win\n|j|\u2606Juliana is my name\n|t:|1700051480\n|gametype|singles\n|player|p1|I sometimes win|cyrus-masters|1321\n|player|p2|Juliana is my name|lass-gen4dp|1325\n|teamsize|p1|6\n|teamsize|p2|6\n|gen|9\n|tier|[Gen 9] National Dex\n|rated|\n|rule|HP Percentage Mod: HP is shown in percentages\n|rule|Endless Battle Clause: Forcing endless battles is banned\n|rule|OHKO Clause: OHKO moves are banned\n|rule|Evasion Clause: Evasion abilities, items, and moves are banned\n|rule|Evasion Abilities Clause: Evasion abilities are banned\n|rule|Evasion Items Clause: Evasion items are banned\n|rule|Evasion Moves Clause: Evasion moves are banned\n|rule|Species Clause: Limit one of each Pok\u00e9mon\n|rule|Sleep Clause Mod: Limit one foe put to sleep\n|clearpoke\n|poke|p1|Cresselia, F|\n|poke|p1|Porygon2|\n|poke|p1|Glastrier|\n|poke|p1|Ursaluna, F|\n|poke|p1|Heracross, F|\n|poke|p1|Dracozolt|\n|poke|p2|Mew|\n|poke|p2|Gogoat, M|\n|poke|p2|Alomomola, F|\n|poke|p2|Doublade, F|\n|poke|p2|Great Tusk|\n|poke|p2|Houndoom, M|\n|teampreview\n|inactive|Battle timer is ON: inactive players will automatically lose when time's up. (requested by I sometimes win)\n|\n|t:|1700051502\n|start\n|switch|p1a: Porygon2|Porygon2|100\/100\n|switch|p2a: Mew|Mew|100\/100\n|-ability|p1a: Porygon2|Download|boost\n|-boost|p1a: Porygon2|atk|1\n|turn|1\n|c|\u2606Juliana is my name|2023-11-15 20:31:47\n|\n|t:|1700051514\n|move|p2a: Mew|Cosmic Power|p2a: Mew\n|-boost|p2a: Mew|def|1\n|-boost|p2a: Mew|spd|1\n|move|p1a: Porygon2|Trick Room|p1a: Porygon2\n|-fieldstart|move: Trick Room|[of] p1a: Porygon2\n|\n|upkeep\n|turn|2\n|c|\u2606I sometimes win|?\n|\n|t:|1700051520\n|move|p2a: Mew|Cosmic Power|p2a: Mew\n|-boost|p2a: Mew|def|1\n|-boost|p2a: Mew|spd|1\n|move|p1a: Porygon2|Teleport|p1a: Porygon2\n|\n|t:|1700051523\n|switch|p1a: Heracross|Heracross, F|100\/100|[from] Teleport\n|\n|upkeep\n|turn|3\n|\n|t:|1700051545\n|detailschange|p1a: Heracross|Heracross-Mega, F\n|-mega|p1a: Heracross|Heracross|Heracronite\n|move|p1a: Heracross|Swords Dance|p1a: Heracross\n|-boost|p1a: Heracross|atk|2\n|move|p2a: Mew|Cosmic Power|p2a: Mew\n|-boost|p2a: Mew|def|1\n|-boost|p2a: Mew|spd|1\n|\n|upkeep\n|turn|4\n|\n|t:|1700051562\n|move|p1a: Heracross|Pin Missile|p2a: Mew\n|-supereffective|p2a: Mew\n|-damage|p2a: Mew|76\/100\n|-supereffective|p2a: Mew\n|-damage|p2a: Mew|52\/100\n|-supereffective|p2a: Mew\n|-damage|p2a: Mew|25\/100\n|-supereffective|p2a: Mew\n|-damage|p2a: Mew|1\/100\n|-supereffective|p2a: Mew\n|-damage|p2a: Mew|0 fnt\n|faint|p2a: Mew\n|-hitcount|p2: Mew|5\n|\n|upkeep\n|inactive|Juliana is my name has 120 seconds left.\n|\n|t:|1700051586\n|switch|p2a: Alomomola|Alomomola, F|100\/100\n|turn|5\n|\n|t:|1700051590\n|move|p2a: Alomomola|Protect|p2a: Alomomola\n|-singleturn|p2a: Alomomola|Protect\n|move|p1a: Heracross|Pin Missile|p2a: Alomomola\n|-activate|p2a: Alomomola|move: Protect\n|\n|-fieldend|move: Trick Room\n|upkeep\n|turn|6\n|\n|t:|1700051596\n|move|p1a: Heracross|Bullet Seed|p2a: Alomomola\n|-supereffective|p2a: Alomomola\n|-damage|p2a: Alomomola|73\/100\n|-supereffective|p2a: Alomomola\n|-damage|p2a: Alomomola|46\/100\n|-supereffective|p2a: Alomomola\n|-crit|p2a: Alomomola\n|-damage|p2a: Alomomola|8\/100\n|-supereffective|p2a: Alomomola\n|-damage|p2a: Alomomola|0 fnt\n|faint|p2a: Alomomola\n|-hitcount|p2: Alomomola|4\n|\n|upkeep\n|inactive|Juliana is my name has 120 seconds left.\n|\n|t:|1700051615\n|switch|p2a: Great Tusk|Great Tusk|100\/100\n|turn|7\n|\n|t:|1700051621\n|-zpower|p2a: Great Tusk\n|move|p2a: Great Tusk|Continental Crush|p1a: Heracross|[zeffect]\n|-damage|p1a: Heracross|43\/100\n|move|p1a: Heracross|Bullet Seed|p2a: Great Tusk\n|-supereffective|p2a: Great Tusk\n|-damage|p2a: Great Tusk|63\/100\n|-supereffective|p2a: Great Tusk\n|-damage|p2a: Great Tusk|24\/100\n|-supereffective|p2a: Great Tusk\n|-damage|p2a: Great Tusk|0 fnt\n|faint|p2a: Great Tusk\n|-end|p2a: Great Tusk|Protosynthesis|[silent]\n|-hitcount|p2: Great Tusk|3\n|\n|upkeep\n|\n|t:|1700051629\n|switch|p2a: Houndoom|Houndoom, M|100\/100\n|turn|8\n|\n|t:|1700051634\n|move|p2a: Houndoom|Nasty Plot|p2a: Houndoom\n|-boost|p2a: Houndoom|spa|2\n|move|p1a: Heracross|Arm Thrust|p2a: Houndoom\n|-supereffective|p2a: Houndoom\n|-damage|p2a: Houndoom|4\/100\n|-supereffective|p2a: Houndoom\n|-damage|p2a: Houndoom|0 fnt\n|faint|p2a: Houndoom\n|-hitcount|p2: Houndoom|2\n|\n|upkeep\n|\n|t:|1700051654\n|switch|p2a: Doublade|Doublade, F|100\/100\n|turn|9\n|\n|t:|1700051660\n|move|p1a: Heracross|Pin Missile|p2a: Doublade\n|-resisted|p2a: Doublade\n|-damage|p2a: Doublade|96\/100\n|-resisted|p2a: Doublade\n|-damage|p2a: Doublade|91\/100\n|-resisted|p2a: Doublade\n|-damage|p2a: Doublade|86\/100\n|-resisted|p2a: Doublade\n|-damage|p2a: Doublade|82\/100\n|-resisted|p2a: Doublade\n|-damage|p2a: Doublade|77\/100\n|-hitcount|p2a: Doublade|5\n|move|p2a: Doublade|Shadow Claw|p1a: Heracross\n|-damage|p1a: Heracross|13\/100\n|\n|upkeep\n|turn|10\n|\n|t:|1700051666\n|move|p2a: Doublade|Shadow Sneak|p1a: Heracross\n|-damage|p1a: Heracross|0 fnt\n|faint|p1a: Heracross\n|\n|upkeep\n|\n|t:|1700051682\n|switch|p1a: Porygon2|Porygon2|100\/100\n|-ability|p1a: Porygon2|Download|boost\n|-boost|p1a: Porygon2|spa|1\n|turn|11\n|\n|t:|1700051709\n|move|p2a: Doublade|Close Combat|p1a: Porygon2\n|-supereffective|p1a: Porygon2\n|-damage|p1a: Porygon2|52\/100\n|-unboost|p2a: Doublade|def|1\n|-unboost|p2a: Doublade|spd|1\n|move|p1a: Porygon2|Trick Room|p1a: Porygon2\n|-fieldstart|move: Trick Room|[of] p1a: Porygon2\n|\n|upkeep\n|turn|12\n|\n|t:|1700051713\n|move|p2a: Doublade|Close Combat|p1a: Porygon2\n|-supereffective|p1a: Porygon2\n|-damage|p1a: Porygon2|3\/100\n|-unboost|p2a: Doublade|def|1\n|-unboost|p2a: Doublade|spd|1\n|move|p1a: Porygon2|Teleport|p1a: Porygon2\n|\n|t:|1700051716\n|switch|p1a: Ursaluna|Ursaluna, F|100\/100|[from] Teleport\n|\n|-status|p1a: Ursaluna|brn|[from] item: Flame Orb\n|upkeep\n|turn|13\n|\n|t:|1700051720\n|switch|p2a: Gogoat|Gogoat, M|100\/100\n|move|p1a: Ursaluna|Headlong Rush|p2a: Gogoat\n|-resisted|p2a: Gogoat\n|-damage|p2a: Gogoat|44\/100\n|-unboost|p1a: Ursaluna|def|1\n|-unboost|p1a: Ursaluna|spd|1\n|\n|-damage|p1a: Ursaluna|94\/100 brn|[from] brn\n|upkeep\n|turn|14\n|\n|t:|1700051730\n|move|p1a: Ursaluna|Headlong Rush|p2a: Gogoat\n|-resisted|p2a: Gogoat\n|-damage|p2a: Gogoat|0 fnt\n|-unboost|p1a: Ursaluna|def|1\n|-unboost|p1a: Ursaluna|spd|1\n|faint|p2a: Gogoat\n|\n|-damage|p1a: Ursaluna|88\/100 brn|[from] brn\n|upkeep\n|\n|t:|1700051748\n|switch|p2a: Doublade|Doublade, F|77\/100\n|turn|15\n|\n|t:|1700051756\n|-terastallize|p2a: Doublade|Water\n|move|p2a: Doublade|Close Combat|p1a: Ursaluna\n|-supereffective|p1a: Ursaluna\n|-damage|p1a: Ursaluna|0 fnt\n|-unboost|p2a: Doublade|def|1\n|-unboost|p2a: Doublade|spd|1\n|faint|p1a: Ursaluna\n|\n|-fieldend|move: Trick Room\n|upkeep\n|\n|t:|1700051764\n|switch|p1a: Dracozolt|Dracozolt|100\/100\n|turn|16\n|\n|t:|1700051770\n|move|p1a: Dracozolt|Bolt Beak|p2a: Doublade\n|-supereffective|p2a: Doublade\n|-damage|p2a: Doublade|0 fnt\n|faint|p2a: Doublade\n|\n|win|I sometimes win\n|raw|I sometimes win's rating: 1321 &rarr; <strong>1341<\/strong><br \/>(+20 for winning)\n|raw|Juliana is my name's rating: 1325 &rarr; <strong>1305<\/strong><br \/>(-20 for losing)\n|l|\u2606I sometimes win\n|c|\u2606Juliana is my name|2023-11-15 20:36:16\n","uploadtime":1700051801,"views":4,"p1id":"isometimeswin","p2id":"julianaismyname","formatid":"gen9nationaldex","rating":1305,"private":0,"password":""}