{"id":"gen9nationaldex-1987776356","p1":"JoyBoy37","p2":"Aleyster","format":"[Gen 9] National Dex","log":"|j|\u2606JoyBoy37\n|j|\u2606Aleyster\n|t:|1699635864\n|gametype|singles\n|player|p1|JoyBoy37|red|1091\n|player|p2|Aleyster|iris-gen5bw2|1049\n|teamsize|p1|6\n|teamsize|p2|6\n|gen|9\n|tier|[Gen 9] National Dex\n|rated|\n|rule|HP Percentage Mod: HP is shown in percentages\n|rule|Endless Battle Clause: Forcing endless battles is banned\n|rule|OHKO Clause: OHKO moves are banned\n|rule|Evasion Clause: Evasion abilities, items, and moves are banned\n|rule|Evasion Abilities Clause: Evasion abilities are banned\n|rule|Evasion Items Clause: Evasion items are banned\n|rule|Evasion Moves Clause: Evasion moves are banned\n|rule|Species Clause: Limit one of each Pok\u00e9mon\n|rule|Sleep Clause Mod: Limit one foe put to sleep\n|clearpoke\n|poke|p1|Tauros, M|\n|poke|p1|Vaporeon, F|\n|poke|p1|Togedemaru, F|\n|poke|p1|Sceptile, F|\n|poke|p1|Cinderace, M|\n|poke|p1|Mudsdale, M|\n|poke|p2|Samurott-Hisui, M|\n|poke|p2|Scizor, M|\n|poke|p2|Haxorus, M|\n|poke|p2|Iron Valiant|\n|poke|p2|Pidgeot, F|\n|poke|p2|Ninjask, M|\n|teampreview\n|\n|t:|1699635879\n|start\n|switch|p1a: Ram|Tauros, M|100\/100\n|switch|p2a: Pidgeot|Pidgeot, F|100\/100\n|turn|1\n|\n|t:|1699635907\n|detailschange|p2a: Pidgeot|Pidgeot-Mega, F\n|-mega|p2a: Pidgeot|Pidgeot|Pidgeotite\n|move|p2a: Pidgeot|Heat Wave|p1a: Ram\n|-damage|p1a: Ram|49\/100\n|move|p1a: Ram|Body Slam|p2a: Pidgeot\n|-damage|p2a: Pidgeot|5\/100\n|\n|upkeep\n|turn|2\n|\n|t:|1699635916\n|move|p2a: Pidgeot|Quick Attack|p1a: Ram\n|-damage|p1a: Ram|35\/100\n|move|p1a: Ram|Body Slam|p2a: Pidgeot\n|-damage|p2a: Pidgeot|0 fnt\n|faint|p2a: Pidgeot\n|\n|upkeep\n|\n|t:|1699635928\n|switch|p2a: Iron Valiant|Iron Valiant, shiny|100\/100\n|-enditem|p2a: Iron Valiant|Booster Energy\n|-activate|p2a: Iron Valiant|ability: Quark Drive|[fromitem]\n|-start|p2a: Iron Valiant|quarkdrivespe\n|turn|3\n|\n|t:|1699635946\n|move|p2a: Iron Valiant|Swords Dance|p2a: Iron Valiant\n|-boost|p2a: Iron Valiant|atk|2\n|move|p1a: Ram|Body Slam|p2a: Iron Valiant\n|-damage|p2a: Iron Valiant|14\/100\n|\n|upkeep\n|turn|4\n|\n|t:|1699635954\n|move|p2a: Iron Valiant|Close Combat|p1a: Ram\n|-supereffective|p1a: Ram\n|-damage|p1a: Ram|0 fnt\n|-unboost|p2a: Iron Valiant|def|1\n|-unboost|p2a: Iron Valiant|spd|1\n|faint|p1a: Ram\n|\n|upkeep\n|\n|t:|1699635971\n|switch|p1a: Casta|Sceptile, F|100\/100\n|turn|5\n|\n|t:|1699635981\n|move|p2a: Iron Valiant|Close Combat|p1a: Casta\n|-damage|p1a: Casta|0 fnt\n|-unboost|p2a: Iron Valiant|def|1\n|-unboost|p2a: Iron Valiant|spd|1\n|faint|p1a: Casta\n|\n|upkeep\n|\n|t:|1699635995\n|switch|p1a: Crackle EX|Cinderace, M|100\/100\n|turn|6\n|\n|t:|1699636003\n|move|p2a: Iron Valiant|Close Combat|p1a: Crackle EX\n|-damage|p1a: Crackle EX|0 fnt\n|-unboost|p2a: Iron Valiant|def|1\n|-unboost|p2a: Iron Valiant|spd|1\n|faint|p1a: Crackle EX\n|\n|upkeep\n|\n|t:|1699636011\n|switch|p1a: Rizze|Togedemaru, F, shiny|100\/100\n|turn|7\n|\n|t:|1699636014\n|move|p1a: Rizze|Spiky Shield|p1a: Rizze\n|-singleturn|p1a: Rizze|move: Protect\n|move|p2a: Iron Valiant|Close Combat|p1a: Rizze\n|-activate|p1a: Rizze|move: Protect\n|-damage|p2a: Iron Valiant|1\/100|[from] Spiky Shield|[of] p1a: Rizze\n|\n|upkeep\n|turn|8\n|\n|t:|1699636030\n|switch|p1a: Spritz|Vaporeon, F|100\/100\n|move|p2a: Iron Valiant|Close Combat|p1a: Spritz\n|-damage|p1a: Spritz|8\/100\n|-unboost|p2a: Iron Valiant|def|1\n|-unboost|p2a: Iron Valiant|spd|1\n|\n|-heal|p1a: Spritz|15\/100|[from] item: Leftovers\n|upkeep\n|turn|9\n|\n|t:|1699636043\n|move|p2a: Iron Valiant|Knock Off|p1a: Spritz\n|-damage|p1a: Spritz|0 fnt\n|-enditem|p1a: Spritz|Leftovers|[from] move: Knock Off|[of] p2a: Iron Valiant\n|faint|p1a: Spritz\n|\n|upkeep\n|\n|t:|1699636050\n|switch|p1a: Rizze|Togedemaru, F, shiny|100\/100\n|turn|10\n|\n|t:|1699636055\n|move|p1a: Rizze|Spiky Shield|p1a: Rizze\n|-singleturn|p1a: Rizze|move: Protect\n|move|p2a: Iron Valiant|Encore|p1a: Rizze\n|-activate|p1a: Rizze|move: Protect\n|\n|upkeep\n|turn|11\n|\n|t:|1699636064\n|move|p1a: Rizze|Spiky Shield|p1a: Rizze\n|-singleturn|p1a: Rizze|move: Protect\n|move|p2a: Iron Valiant|Swords Dance|p2a: Iron Valiant\n|-boost|p2a: Iron Valiant|atk|2\n|\n|upkeep\n|turn|12\n|\n|t:|1699636070\n|switch|p1a: Mudsdale|Mudsdale, M|100\/100\n|move|p2a: Iron Valiant|Swords Dance|p2a: Iron Valiant\n|-boost|p2a: Iron Valiant|atk|2\n|\n|upkeep\n|turn|13\n|\n|t:|1699636078\n|move|p2a: Iron Valiant|Close Combat|p1a: Mudsdale\n|-damage|p1a: Mudsdale|0 fnt\n|-unboost|p2a: Iron Valiant|def|1\n|-unboost|p2a: Iron Valiant|spd|1\n|faint|p1a: Mudsdale\n|\n|upkeep\n|\n|t:|1699636084\n|switch|p1a: Rizze|Togedemaru, F, shiny|100\/100\n|turn|14\n|\n|t:|1699636088\n|move|p2a: Iron Valiant|Close Combat|p1a: Rizze\n|-supereffective|p1a: Rizze\n|-damage|p1a: Rizze|0 fnt\n|-unboost|p2a: Iron Valiant|def|1\n|-unboost|p2a: Iron Valiant|spd|1\n|-damage|p2a: Iron Valiant|0 fnt|[from] ability: Iron Barbs|[of] p1a: Rizze\n|faint|p1a: Rizze\n|faint|p2a: Iron Valiant\n|-end|p2a: Iron Valiant|Quark Drive|[silent]\n|\n|win|Aleyster\n|raw|JoyBoy37's rating: 1091 &rarr; <strong>1065<\/strong><br \/>(-26 for losing)\n|raw|Aleyster's rating: 1049 &rarr; <strong>1086<\/strong><br \/>(+37 for winning)\n|l|\u2606JoyBoy37\n","uploadtime":1699636105,"views":8,"p1id":"joyboy37","p2id":"aleyster","formatid":"gen9nationaldex","rating":1065,"private":0,"password":""}