{"id":"gen9nationaldex-1989765904","p1":"Bananas2001","p2":"EvelynIsBased","format":"[Gen 9] National Dex","log":"|j|\u2606Bananas2001\n|j|\u2606EvelynIsBased\n|t:|1699893887\n|gametype|singles\n|player|p1|Bananas2001|cyrus|1132\n|player|p2|EvelynIsBased|guitarist|1180\n|teamsize|p1|6\n|teamsize|p2|6\n|gen|9\n|tier|[Gen 9] National Dex\n|rated|\n|rule|HP Percentage Mod: HP is shown in percentages\n|rule|Endless Battle Clause: Forcing endless battles is banned\n|rule|OHKO Clause: OHKO moves are banned\n|rule|Evasion Clause: Evasion abilities, items, and moves are banned\n|rule|Evasion Abilities Clause: Evasion abilities are banned\n|rule|Evasion Items Clause: Evasion items are banned\n|rule|Evasion Moves Clause: Evasion moves are banned\n|rule|Species Clause: Limit one of each Pok\u00e9mon\n|rule|Sleep Clause Mod: Limit one foe put to sleep\n|clearpoke\n|poke|p1|Malamar, M|\n|poke|p1|Machamp, F|\n|poke|p1|Iron Valiant|\n|poke|p1|Cinderace, M|\n|poke|p1|Sylveon, F|\n|poke|p1|Gliscor, M|\n|poke|p2|Cloyster, M|\n|poke|p2|Ambipom, F|\n|poke|p2|Urshifu-*, M|\n|poke|p2|Magnezone|\n|poke|p2|Heracross, F|\n|poke|p2|Haxorus, M|\n|teampreview\n|\n|t:|1699893909\n|start\n|switch|p1a: Cinderace|Cinderace, M|100\/100\n|switch|p2a: Urshifu|Urshifu-Rapid-Strike, M|100\/100\n|turn|1\n|inactive|Battle timer is ON: inactive players will automatically lose when time's up. (requested by Bananas2001)\n|\n|t:|1699893919\n|move|p1a: Cinderace|Acrobatics|p2a: Urshifu\n|-start|p1a: Cinderace|typechange|Flying|[from] ability: Libero\n|-supereffective|p2a: Urshifu\n|-damage|p2a: Urshifu|44\/100\n|move|p2a: Urshifu|Trailblaze|p1a: Cinderace\n|-resisted|p1a: Cinderace\n|-damage|p1a: Cinderace|83\/100\n|-boost|p2a: Urshifu|spe|1\n|-damage|p2a: Urshifu|34\/100|[from] item: Life Orb\n|\n|upkeep\n|turn|2\n|\n|t:|1699893932\n|move|p2a: Urshifu|Surging Strikes|p1a: Cinderace\n|-crit|p1a: Cinderace\n|-damage|p1a: Cinderace|44\/100\n|-crit|p1a: Cinderace\n|-damage|p1a: Cinderace|6\/100\n|-crit|p1a: Cinderace\n|-damage|p1a: Cinderace|0 fnt\n|faint|p1a: Cinderace\n|-hitcount|p1: Cinderace|3\n|-damage|p2a: Urshifu|24\/100|[from] item: Life Orb\n|\n|upkeep\n|\n|t:|1699893938\n|switch|p1a: Sylveon|Sylveon, F|100\/100\n|turn|3\n|\n|t:|1699893940\n|move|p2a: Urshifu|Surging Strikes|p1a: Sylveon\n|-crit|p1a: Sylveon\n|-damage|p1a: Sylveon|66\/100\n|-crit|p1a: Sylveon\n|-damage|p1a: Sylveon|32\/100\n|-crit|p1a: Sylveon\n|-damage|p1a: Sylveon|0 fnt\n|faint|p1a: Sylveon\n|-hitcount|p1: Sylveon|3\n|-damage|p2a: Urshifu|14\/100|[from] item: Life Orb\n|\n|upkeep\n|\n|t:|1699893944\n|switch|p1a: Gliscor|Gliscor, M|100\/100\n|turn|4\n|\n|t:|1699893948\n|-terastallize|p1a: Gliscor|Poison\n|move|p2a: Urshifu|Surging Strikes|p1a: Gliscor\n|-crit|p1a: Gliscor\n|-damage|p1a: Gliscor|74\/100\n|-crit|p1a: Gliscor\n|-damage|p1a: Gliscor|45\/100\n|-crit|p1a: Gliscor\n|-damage|p1a: Gliscor|15\/100\n|-hitcount|p1a: Gliscor|3\n|-damage|p2a: Urshifu|4\/100|[from] item: Life Orb\n|move|p1a: Gliscor|Earthquake|p2a: Urshifu\n|-damage|p2a: Urshifu|0 fnt\n|faint|p2a: Urshifu\n|\n|upkeep\n|\n|t:|1699893968\n|switch|p2a: Cloyster|Cloyster, M|100\/100\n|turn|5\n|\n|t:|1699893978\n|move|p1a: Gliscor|Earthquake|p2a: Cloyster\n|-damage|p2a: Cloyster|65\/100\n|move|p2a: Cloyster|Shell Smash|p2a: Cloyster\n|-unboost|p2a: Cloyster|def|1\n|-unboost|p2a: Cloyster|spd|1\n|-boost|p2a: Cloyster|atk|2\n|-boost|p2a: Cloyster|spa|2\n|-boost|p2a: Cloyster|spe|2\n|-enditem|p2a: Cloyster|White Herb\n|-clearnegativeboost|p2a: Cloyster|[silent]\n|\n|upkeep\n|turn|6\n|\n|t:|1699893983\n|move|p2a: Cloyster|Icicle Spear|p1a: Gliscor\n|-damage|p1a: Gliscor|0 fnt\n|faint|p1a: Gliscor\n|-hitcount|p1: Gliscor|1\n|\n|upkeep\n|\n|t:|1699893987\n|switch|p1a: Malamar|Malamar, M|100\/100\n|turn|7\n|\n|t:|1699893992\n|move|p2a: Cloyster|Icicle Spear|p1a: Malamar\n|-damage|p1a: Malamar|77\/100\n|-damage|p1a: Malamar|52\/100\n|-damage|p1a: Malamar|27\/100\n|-damage|p1a: Malamar|3\/100\n|-damage|p1a: Malamar|0 fnt\n|faint|p1a: Malamar\n|-hitcount|p1: Malamar|5\n|\n|upkeep\n|\n|t:|1699894002\n|switch|p1a: Iron Valiant|Iron Valiant|100\/100\n|-enditem|p1a: Iron Valiant|Booster Energy\n|-activate|p1a: Iron Valiant|ability: Quark Drive|[fromitem]\n|-start|p1a: Iron Valiant|quarkdrivespa\n|turn|8\n|\n|t:|1699894014\n|move|p2a: Cloyster|Icicle Spear|p1a: Iron Valiant\n|-damage|p1a: Iron Valiant|69\/100\n|-damage|p1a: Iron Valiant|37\/100\n|-damage|p1a: Iron Valiant|9\/100\n|-damage|p1a: Iron Valiant|0 fnt\n|faint|p1a: Iron Valiant\n|-end|p1a: Iron Valiant|Quark Drive|[silent]\n|-hitcount|p1: Iron Valiant|4\n|\n|upkeep\n|\n|t:|1699894021\n|switch|p1a: Machamp|Machamp, F|100\/100\n|turn|9\n|\n|t:|1699894023\n|move|p2a: Cloyster|Icicle Spear|p1a: Machamp\n|-damage|p1a: Machamp|73\/100\n|-damage|p1a: Machamp|49\/100\n|-damage|p1a: Machamp|23\/100\n|-damage|p1a: Machamp|0 fnt\n|faint|p1a: Machamp\n|-hitcount|p1: Machamp|4\n|\n|win|EvelynIsBased\n|raw|Bananas2001's rating: 1132 &rarr; <strong>1110<\/strong><br \/>(-22 for losing)\n|raw|EvelynIsBased's rating: 1180 &rarr; <strong>1202<\/strong><br \/>(+22 for winning)\n|c|\u2606Bananas2001|gg\n|l|\u2606Bananas2001\n|c|\u2606EvelynIsBased|gg\n","uploadtime":1699894036,"views":4,"p1id":"bananas2001","p2id":"evelynisbased","formatid":"gen9nationaldex","rating":1110,"private":0,"password":""}