{"id":"gen9nationaldex-1992490185","p1":"Lylak-Plus","p2":"Bronzong","format":"[Gen 9] National Dex","log":"|j|\u2606Lylak-Plus\n|j|\u2606Bronzong\n|t:|1700194174\n|gametype|singles\n|player|p1|Lylak-Plus|skyla|\n|player|p2|Bronzong|hassel|\n|teamsize|p1|6\n|teamsize|p2|6\n|gen|9\n|tier|[Gen 9] National Dex\n|rule|HP Percentage Mod: HP is shown in percentages\n|rule|Endless Battle Clause: Forcing endless battles is banned\n|rule|OHKO Clause: OHKO moves are banned\n|rule|Evasion Clause: Evasion abilities, items, and moves are banned\n|rule|Evasion Abilities Clause: Evasion abilities are banned\n|rule|Evasion Items Clause: Evasion items are banned\n|rule|Evasion Moves Clause: Evasion moves are banned\n|rule|Species Clause: Limit one of each Pok\u00e9mon\n|rule|Sleep Clause Mod: Limit one foe put to sleep\n|clearpoke\n|poke|p1|Weavile, F|\n|poke|p1|Kleavor, M|\n|poke|p1|Qwilfish-Hisui, F|\n|poke|p1|Hatterene, F|\n|poke|p1|Typhlosion-Hisui, M|\n|poke|p1|Altaria, F|\n|poke|p2|Arcanine-Hisui, F|\n|poke|p2|Corviknight, F|\n|poke|p2|Noivern, F|\n|poke|p2|Suicune|\n|poke|p2|Dachsbun, F|\n|poke|p2|Spidops, F|\n|teampreview\n|inactive|Battle timer is ON: inactive players will automatically lose when time's up. (requested by Bronzong)\n|c|\u2606Bronzong|Tera Steel\n|c|\u2606Bronzong|GL\n|inactive|Lylak-Plus has 270 seconds left.\n|inactive|Bronzong has 270 seconds left.\n|c|\u2606Lylak-Plus|tera fairy\n|inactive|Lylak-Plus has 240 seconds left.\n|c|\u2606Lylak-Plus|can you turn timer off pls?\n|inactiveoff|Battle timer is now OFF.\n|c|\u2606Bronzong|Sorry, have it on by default\n|c|\u2606Lylak-Plus|ty\n|\n|t:|1700194325\n|start\n|switch|p1a: Kleavor|Kleavor, M|100\/100\n|switch|p2a: Arcanine|Arcanine-Hisui, F|100\/100\n|turn|1\n|\n|t:|1700194346\n|move|p2a: Arcanine|Head Smash|p1a: Kleavor\n|-supereffective|p1a: Kleavor\n|-damage|p1a: Kleavor|0 fnt\n|faint|p1a: Kleavor\n|\n|upkeep\n|\n|t:|1700194352\n|switch|p1a: Qwilfish|Qwilfish-Hisui, F|100\/100\n|-ability|p1a: Qwilfish|Intimidate|boost\n|-unboost|p2a: Arcanine|atk|1\n|turn|2\n|\n|t:|1700194364\n|switch|p2a: Corviknight|Corviknight, F|100\/100\n|move|p1a: Qwilfish|Toxic Spikes|p2a: Corviknight\n|-sidestart|p2: Bronzong|move: Toxic Spikes\n|\n|upkeep\n|turn|3\n|\n|t:|1700194370\n|move|p1a: Qwilfish|Taunt|p2a: Corviknight\n|-start|p2a: Corviknight|move: Taunt\n|cant|p2a: Corviknight|move: Taunt|Defog\n|\n|upkeep\n|turn|4\n|\n|t:|1700194377\n|move|p1a: Qwilfish|Spikes|p2a: Corviknight\n|-sidestart|p2: Bronzong|Spikes\n|move|p2a: Corviknight|Brave Bird|p1a: Qwilfish\n|-damage|p1a: Qwilfish|70\/100\n|-damage|p2a: Corviknight|92\/100|[from] Recoil\n|\n|-heal|p2a: Corviknight|98\/100|[from] item: Leftovers\n|upkeep\n|turn|5\n|\n|t:|1700194386\n|switch|p1a: Typhlosion|Typhlosion-Hisui, M|100\/100\n|-item|p2a: Corviknight|Leftovers|[from] ability: Frisk|[of] p1a: Typhlosion|[identify]\n|move|p2a: Corviknight|Brave Bird|p1a: Typhlosion\n|-damage|p1a: Typhlosion|25\/100\n|-damage|p2a: Corviknight|80\/100|[from] Recoil\n|\n|-heal|p2a: Corviknight|86\/100|[from] item: Leftovers\n|-end|p2a: Corviknight|move: Taunt\n|upkeep\n|turn|6\n|\n|t:|1700194428\n|switch|p2a: Noivern|Noivern, F|100\/100\n|move|p1a: Typhlosion|Lava Plume|p2a: Noivern\n|-resisted|p2a: Noivern\n|-damage|p2a: Noivern|75\/100\n|\n|upkeep\n|turn|7\n|\n|t:|1700194485\n|switch|p1a: Qwilfish|Qwilfish-Hisui, F|70\/100\n|-ability|p1a: Qwilfish|Intimidate|boost\n|-unboost|p2a: Noivern|atk|1\n|move|p2a: Noivern|Draco Meteor|p1a: Qwilfish|[miss]\n|-miss|p2a: Noivern|p1a: Qwilfish\n|\n|upkeep\n|turn|8\n|\n|t:|1700194497\n|switch|p1a: Ultima|Hatterene, F|100\/100\n|move|p2a: Noivern|U-turn|p1a: Ultima\n|-damage|p1a: Ultima|94\/100\n|\n|t:|1700194515\n|switch|p2a: Corviknight|Corviknight, F|86\/100|[from] U-turn\n|\n|-heal|p2a: Corviknight|92\/100|[from] item: Leftovers\n|-heal|p1a: Ultima|99\/100|[from] item: Leftovers\n|upkeep\n|turn|9\n|\n|t:|1700194522\n|move|p2a: Corviknight|Defog|p1a: Ultima\n|move|p1a: Ultima|Defog|p2a: Corviknight|[from]ability: Magic Bounce\n|-ability|p2a: Corviknight|Mirror Armor\n|-unboost|p1a: Ultima|evasion|1\n|-sideend|p2: Bronzong|Spikes|[from] move: Defog|[of] p1a: Ultima\n|-sideend|p2: Bronzong|Toxic Spikes|[from] move: Defog|[of] p1a: Ultima\n|move|p1a: Ultima|Calm Mind|p1a: Ultima\n|-boost|p1a: Ultima|spa|1\n|-boost|p1a: Ultima|spd|1\n|\n|-heal|p2a: Corviknight|98\/100|[from] item: Leftovers\n|-heal|p1a: Ultima|100\/100|[from] item: Leftovers\n|upkeep\n|turn|10\n|\n|t:|1700194534\n|move|p2a: Corviknight|Iron Head|p1a: Ultima\n|-supereffective|p1a: Ultima\n|-damage|p1a: Ultima|41\/100\n|move|p1a: Ultima|Calm Mind|p1a: Ultima\n|-boost|p1a: Ultima|spa|1\n|-boost|p1a: Ultima|spd|1\n|\n|-heal|p2a: Corviknight|100\/100|[from] item: Leftovers\n|-heal|p1a: Ultima|47\/100|[from] item: Leftovers\n|upkeep\n|turn|11\n|\n|t:|1700194545\n|move|p2a: Corviknight|Iron Head|p1a: Ultima\n|-supereffective|p1a: Ultima\n|-damage|p1a: Ultima|0 fnt\n|faint|p1a: Ultima\n|\n|upkeep\n|\n|t:|1700194551\n|switch|p1a: Typhlosion|Typhlosion-Hisui, M|25\/100\n|-item|p2a: Corviknight|Leftovers|[from] ability: Frisk|[of] p1a: Typhlosion|[identify]\n|turn|12\n|\n|t:|1700194557\n|switch|p1a: Weavile|Weavile, F|100\/100\n|-ability|p1a: Weavile|Pressure\n|switch|p2a: Dachsbun|Dachsbun, F|100\/100\n|\n|upkeep\n|turn|13\n|\n|t:|1700194574\n|switch|p1a: Altaria|Altaria, F|100\/100\n|move|p2a: Dachsbun|Body Press|p1a: Altaria\n|-resisted|p1a: Altaria\n|-damage|p1a: Altaria|86\/100\n|\n|-heal|p1a: Altaria|92\/100|[from] item: Leftovers\n|upkeep\n|turn|14\n|\n|t:|1700194589\n|switch|p1a: Qwilfish|Qwilfish-Hisui, F|70\/100\n|-ability|p1a: Qwilfish|Intimidate|boost\n|-unboost|p2a: Dachsbun|atk|1\n|move|p2a: Dachsbun|Play Rough|p1a: Qwilfish\n|-damage|p1a: Qwilfish|60\/100\n|\n|upkeep\n|turn|15\n|\n|t:|1700194618\n|switch|p2a: Arcanine|Arcanine-Hisui, F|100\/100\n|switch|p1a: Typhlosion|Typhlosion-Hisui, M|25\/100\n|-item|p2a: Arcanine|Choice Scarf|[from] ability: Frisk|[of] p1a: Typhlosion|[identify]\n|\n|upkeep\n|turn|16\n|\n|t:|1700194633\n|switch|p1a: Qwilfish|Qwilfish-Hisui, F|60\/100\n|-ability|p1a: Qwilfish|Intimidate|boost\n|-unboost|p2a: Arcanine|atk|1\n|move|p2a: Arcanine|Head Smash|p1a: Qwilfish\n|-damage|p1a: Qwilfish|31\/100\n|\n|upkeep\n|turn|17\n|\n|t:|1700194644\n|move|p1a: Qwilfish|Aqua Jet|p2a: Arcanine\n|-supereffective|p2a: Arcanine\n|-damage|p2a: Arcanine|57\/100\n|move|p2a: Arcanine|Head Smash|p1a: Qwilfish\n|-damage|p1a: Qwilfish|4\/100\n|\n|upkeep\n|turn|18\n|\n|t:|1700194654\n|switch|p2a: Spidops|Spidops, F|100\/100\n|move|p1a: Qwilfish|Aqua Jet|p2a: Spidops\n|-damage|p2a: Spidops|91\/100\n|\n|upkeep\n|turn|19\n|\n|t:|1700194665\n|move|p2a: Spidops|First Impression|p1a: Qwilfish\n|-damage|p1a: Qwilfish|0 fnt\n|faint|p1a: Qwilfish\n|\n|upkeep\n|\n|t:|1700194686\n|switch|p1a: Weavile|Weavile, F|100\/100\n|-ability|p1a: Weavile|Pressure\n|turn|20\n|\n|t:|1700194703\n|switch|p2a: Dachsbun|Dachsbun, F|100\/100\n|move|p1a: Weavile|Swords Dance|p1a: Weavile\n|-boost|p1a: Weavile|atk|2\n|\n|upkeep\n|turn|21\n|\n|t:|1700194760\n|-terastallize|p2a: Dachsbun|Steel\n|move|p1a: Weavile|Icicle Spear|p2a: Dachsbun\n|-resisted|p2a: Dachsbun\n|-damage|p2a: Dachsbun|90\/100\n|-resisted|p2a: Dachsbun\n|-damage|p2a: Dachsbun|79\/100\n|-resisted|p2a: Dachsbun\n|-damage|p2a: Dachsbun|67\/100\n|-resisted|p2a: Dachsbun\n|-damage|p2a: Dachsbun|57\/100\n|-resisted|p2a: Dachsbun\n|-damage|p2a: Dachsbun|46\/100\n|-hitcount|p2a: Dachsbun|5\n|move|p2a: Dachsbun|Body Press|p1a: Weavile\n|-supereffective|p1a: Weavile\n|-damage|p1a: Weavile|0 fnt\n|faint|p1a: Weavile\n|\n|upkeep\n|\n|t:|1700194768\n|switch|p1a: Typhlosion|Typhlosion-Hisui, M|25\/100\n|-item|p2a: Dachsbun|Assault Vest|[from] ability: Frisk|[of] p1a: Typhlosion|[identify]\n|turn|22\n|\n|t:|1700194782\n|switch|p2a: Suicune|Suicune|100\/100\n|-ability|p2a: Suicune|Pressure\n|move|p1a: Typhlosion|Focus Blast|p2a: Suicune\n|-damage|p2a: Suicune|69\/100\n|\n|-heal|p2a: Suicune|75\/100|[from] item: Leftovers\n|upkeep\n|turn|23\n|\n|t:|1700194794\n|move|p1a: Typhlosion|Solar Beam||[still]\n|-prepare|p1a: Typhlosion|Solar Beam\n|-enditem|p1a: Typhlosion|Power Herb\n|-anim|p1a: Typhlosion|Solar Beam|p2a: Suicune\n|-supereffective|p2a: Suicune\n|-damage|p2a: Suicune|17\/100\n|move|p2a: Suicune|Liquidation|p1a: Typhlosion\n|-supereffective|p1a: Typhlosion\n|-damage|p1a: Typhlosion|0 fnt\n|faint|p1a: Typhlosion\n|\n|-heal|p2a: Suicune|23\/100|[from] item: Leftovers\n|upkeep\n|\n|t:|1700194798\n|switch|p1a: Altaria|Altaria, F|92\/100\n|turn|24\n|c|\u2606Lylak-Plus|gg\n|-message|Lylak-Plus forfeited.\n|\n|win|Bronzong\n|c|\u2606Bronzong|gg\n|l|\u2606Lylak-Plus\n","uploadtime":1700194810,"views":50,"p1id":"lylakplus","p2id":"bronzong","formatid":"gen9nationaldex","rating":0,"private":0,"password":""}