{"id":"gen9nationaldex-1988216317","p1":"Kuzwa","p2":"SpaghettiQueen","format":"[Gen 9] National Dex","log":"|j|\u2606Kuzwa\n|j|\u2606SpaghettiQueen\n|t:|1699687129\n|gametype|singles\n|player|p1|Kuzwa|parasollady|1165\n|player|p2|SpaghettiQueen|clown|1211\n|teamsize|p1|6\n|teamsize|p2|6\n|gen|9\n|tier|[Gen 9] National Dex\n|rated|\n|rule|HP Percentage Mod: HP is shown in percentages\n|rule|Endless Battle Clause: Forcing endless battles is banned\n|rule|OHKO Clause: OHKO moves are banned\n|rule|Evasion Clause: Evasion abilities, items, and moves are banned\n|rule|Evasion Abilities Clause: Evasion abilities are banned\n|rule|Evasion Items Clause: Evasion items are banned\n|rule|Evasion Moves Clause: Evasion moves are banned\n|rule|Species Clause: Limit one of each Pok\u00e9mon\n|rule|Sleep Clause Mod: Limit one foe put to sleep\n|clearpoke\n|poke|p1|Gallade, M|\n|poke|p1|Garchomp, M|\n|poke|p1|Kartana|\n|poke|p1|Scizor, M|\n|poke|p1|Weavile, M|\n|poke|p1|Quaquaval, M|\n|poke|p2|Machamp, F|\n|poke|p2|Poliwrath, F|\n|poke|p2|Hitmontop, M|\n|poke|p2|Bewear, M|\n|poke|p2|Heracross, M|\n|poke|p2|Pangoro, F|\n|teampreview\n|inactive|Battle timer is ON: inactive players will automatically lose when time's up. (requested by SpaghettiQueen)\n|\n|t:|1699687136\n|start\n|switch|p1a: ???|Quaquaval, M|100\/100\n|switch|p2a: Pangoro|Pangoro, F|100\/100\n|turn|1\n|\n|t:|1699687143\n|move|p1a: ???|Aqua Step|p2a: Pangoro\n|-damage|p2a: Pangoro|62\/100\n|-boost|p1a: ???|spe|1\n|move|p2a: Pangoro|Toxic|p1a: ???\n|-status|p1a: ???|tox\n|\n|-damage|p1a: ???|94\/100 tox|[from] psn\n|upkeep\n|turn|2\n|\n|t:|1699687146\n|switch|p2a: Poliwrath|Poliwrath, F|100\/100\n|move|p1a: ???|Brick Break|p2a: Poliwrath\n|-crit|p2a: Poliwrath\n|-damage|p2a: Poliwrath|45\/100\n|-enditem|p2a: Poliwrath|Sitrus Berry|[eat]\n|-heal|p2a: Poliwrath|70\/100|[from] item: Sitrus Berry\n|\n|-damage|p1a: ???|82\/100 tox|[from] psn\n|upkeep\n|turn|3\n|\n|t:|1699687153\n|move|p1a: ???|Brick Break|p2a: Poliwrath\n|-damage|p2a: Poliwrath|34\/100\n|move|p2a: Poliwrath|Bulk Up|p2a: Poliwrath\n|-boost|p2a: Poliwrath|atk|1\n|-boost|p2a: Poliwrath|def|1\n|\n|-damage|p1a: ???|64\/100 tox|[from] psn\n|upkeep\n|turn|4\n|\n|t:|1699687159\n|move|p1a: ???|Brick Break|p2a: Poliwrath\n|-damage|p2a: Poliwrath|13\/100\n|move|p2a: Poliwrath|Drain Punch|p1a: ???\n|-damage|p1a: ???|0 fnt\n|-heal|p2a: Poliwrath|39\/100|[from] drain|[of] p1a: ???\n|faint|p1a: ???\n|\n|upkeep\n|\n|t:|1699687164\n|switch|p1a: Makoto Yuki|Kartana, shiny|100\/100\n|turn|5\n|\n|t:|1699687168\n|switch|p2a: Heracross|Heracross, M|100\/100\n|move|p1a: Makoto Yuki|Leaf Blade|p2a: Heracross\n|-resisted|p2a: Heracross\n|-damage|p2a: Heracross|65\/100\n|\n|upkeep\n|turn|6\n|\n|t:|1699687172\n|detailschange|p2a: Heracross|Heracross-Mega, M\n|-mega|p2a: Heracross|Heracross|Heracronite\n|move|p1a: Makoto Yuki|Swords Dance|p1a: Makoto Yuki\n|-boost|p1a: Makoto Yuki|atk|2\n|move|p2a: Heracross|Close Combat|p1a: Makoto Yuki\n|-supereffective|p1a: Makoto Yuki\n|-enditem|p1a: Makoto Yuki|Focus Sash\n|-damage|p1a: Makoto Yuki|1\/100\n|-unboost|p2a: Heracross|def|1\n|-unboost|p2a: Heracross|spd|1\n|\n|upkeep\n|turn|7\n|\n|t:|1699687188\n|switch|p2a: Hitmontop|Hitmontop, M|100\/100\n|move|p1a: Makoto Yuki|Smart Strike|p2a: Hitmontop\n|-damage|p2a: Hitmontop|0 fnt\n|faint|p2a: Hitmontop\n|-ability|p1a: Makoto Yuki|Beast Boost|boost\n|-boost|p1a: Makoto Yuki|atk|1\n|\n|upkeep\n|\n|t:|1699687193\n|switch|p2a: Machamp|Machamp, F|100\/100\n|turn|8\n|\n|t:|1699687197\n|move|p2a: Machamp|Bullet Punch|p1a: Makoto Yuki\n|-resisted|p1a: Makoto Yuki\n|-damage|p1a: Makoto Yuki|0 fnt\n|faint|p1a: Makoto Yuki\n|\n|upkeep\n|\n|t:|1699687202\n|switch|p1a: Ken Amada|Scizor, M|100\/100\n|turn|9\n|\n|t:|1699687205\n|detailschange|p1a: Ken Amada|Scizor-Mega, M\n|-mega|p1a: Ken Amada|Scizor|Scizorite\n|move|p1a: Ken Amada|Acrobatics|p2a: Machamp\n|-supereffective|p2a: Machamp\n|-damage|p2a: Machamp|25\/100\n|move|p2a: Machamp|Dynamic Punch|p1a: Ken Amada\n|-damage|p1a: Ken Amada|58\/100\n|-start|p1a: Ken Amada|confusion\n|\n|upkeep\n|turn|10\n|\n|t:|1699687214\n|-activate|p1a: Ken Amada|confusion\n|move|p1a: Ken Amada|Bullet Punch|p2a: Machamp\n|-damage|p2a: Machamp|0 fnt\n|faint|p2a: Machamp\n|\n|upkeep\n|\n|t:|1699687222\n|switch|p2a: Poliwrath|Poliwrath, F|39\/100\n|turn|11\n|\n|t:|1699687228\n|-activate|p1a: Ken Amada|confusion\n|move|p1a: Ken Amada|Bullet Punch|p2a: Poliwrath\n|-resisted|p2a: Poliwrath\n|-damage|p2a: Poliwrath|21\/100\n|move|p2a: Poliwrath|Earthquake|p1a: Ken Amada\n|-damage|p1a: Ken Amada|36\/100\n|\n|upkeep\n|turn|12\n|\n|t:|1699687233\n|-end|p1a: Ken Amada|confusion\n|move|p1a: Ken Amada|Acrobatics|p2a: Poliwrath\n|-supereffective|p2a: Poliwrath\n|-damage|p2a: Poliwrath|0 fnt\n|faint|p2a: Poliwrath\n|\n|upkeep\n|\n|t:|1699687240\n|switch|p2a: Bewear|Bewear, M|100\/100\n|turn|13\n|\n|t:|1699687244\n|move|p1a: Ken Amada|Acrobatics|p2a: Bewear\n|-supereffective|p2a: Bewear\n|-damage|p2a: Bewear|66\/100\n|move|p2a: Bewear|Drain Punch|p1a: Ken Amada\n|-damage|p1a: Ken Amada|6\/100\n|-heal|p2a: Bewear|78\/100|[from] drain|[of] p1a: Ken Amada\n|\n|upkeep\n|turn|14\n|\n|t:|1699687250\n|move|p1a: Ken Amada|Acrobatics|p2a: Bewear\n|-supereffective|p2a: Bewear\n|-damage|p2a: Bewear|46\/100\n|move|p2a: Bewear|Drain Punch|p1a: Ken Amada\n|-damage|p1a: Ken Amada|0 fnt\n|-heal|p2a: Bewear|48\/100|[from] drain|[of] p1a: Ken Amada\n|faint|p1a: Ken Amada\n|\n|upkeep\n|\n|t:|1699687259\n|switch|p1a: Ryoji Mochizuki|Gallade, M, shiny|100\/100\n|turn|15\n|c|\u2606SpaghettiQueen|Bro what are these names\n|\n|t:|1699687280\n|move|p1a: Ryoji Mochizuki|Swords Dance|p1a: Ryoji Mochizuki\n|-boost|p1a: Ryoji Mochizuki|atk|2\n|move|p2a: Bewear|Drain Punch|p1a: Ryoji Mochizuki\n|-resisted|p1a: Ryoji Mochizuki\n|-damage|p1a: Ryoji Mochizuki|61\/100\n|-heal|p2a: Bewear|60\/100|[from] drain|[of] p1a: Ryoji Mochizuki\n|\n|upkeep\n|turn|16\n|\n|t:|1699687287\n|move|p1a: Ryoji Mochizuki|Sacred Sword|p2a: Bewear\n|-supereffective|p2a: Bewear\n|-damage|p2a: Bewear|0 fnt\n|faint|p2a: Bewear\n|\n|upkeep\n|\n|t:|1699687290\n|switch|p2a: Heracross|Heracross-Mega, M|65\/100\n|turn|17\n|\n|t:|1699687293\n|move|p1a: Ryoji Mochizuki|Psycho Cut|p2a: Heracross\n|-supereffective|p2a: Heracross\n|-damage|p2a: Heracross|0 fnt\n|faint|p2a: Heracross\n|\n|upkeep\n|\n|t:|1699687295\n|switch|p2a: Pangoro|Pangoro, F|62\/100\n|turn|18\n|\n|t:|1699687302\n|-terastallize|p2a: Pangoro|Steel\n|move|p1a: Ryoji Mochizuki|Sacred Sword|p2a: Pangoro\n|-supereffective|p2a: Pangoro\n|-damage|p2a: Pangoro|0 fnt\n|faint|p2a: Pangoro\n|\n|win|Kuzwa\n|raw|Kuzwa's rating: 1165 &rarr; <strong>1193<\/strong><br \/>(+28 for winning)\n|raw|SpaghettiQueen's rating: 1211 &rarr; <strong>1183<\/strong><br \/>(-28 for losing)\n|l|\u2606SpaghettiQueen\n","uploadtime":1699687308,"views":4,"p1id":"kuzwa","p2id":"spaghettiqueen","formatid":"gen9nationaldex","rating":1183,"private":0,"password":""}