{"id":"gen9nationaldex-1988615939","p1":"Patatin777","p2":"female charizard","format":"[Gen 9] National Dex","log":"|j|\u2606Patatin777\n|j|\u2606female charizard\n|t:|1699742308\n|gametype|singles\n|player|p1|Patatin777|alder|1232\n|player|p2|female charizard|170|1219\n|teamsize|p1|6\n|teamsize|p2|6\n|gen|9\n|tier|[Gen 9] National Dex\n|rated|\n|rule|HP Percentage Mod: HP is shown in percentages\n|rule|Endless Battle Clause: Forcing endless battles is banned\n|rule|OHKO Clause: OHKO moves are banned\n|rule|Evasion Clause: Evasion abilities, items, and moves are banned\n|rule|Evasion Abilities Clause: Evasion abilities are banned\n|rule|Evasion Items Clause: Evasion items are banned\n|rule|Evasion Moves Clause: Evasion moves are banned\n|rule|Species Clause: Limit one of each Pok\u00e9mon\n|rule|Sleep Clause Mod: Limit one foe put to sleep\n|clearpoke\n|poke|p1|Urshifu-*, F|\n|poke|p1|Iron Valiant|\n|poke|p1|Zamazenta-*|\n|poke|p1|Slither Wing|\n|poke|p1|Great Tusk|\n|poke|p1|Virizion|\n|poke|p2|Kyurem|\n|poke|p2|Abomasnow, F|\n|poke|p2|Breloom, F|\n|poke|p2|Rhyperior, F|\n|poke|p2|Ogerpon-Wellspring, F|\n|poke|p2|Arbok, M|\n|teampreview\n|j| kung fu pokechu\n|j| less might be more\n|j| snugglesnfluff\n|inactive|Battle timer is ON: inactive players will automatically lose when time's up. (requested by female charizard)\n|\n|t:|1699742333\n|start\n|switch|p1a: Slither Wing|Slither Wing|100\/100\n|switch|p2a: A subtle joke|Abomasnow, F|100\/100\n|-weather|Snow|[from] ability: Snow Warning|[of] p2a: A subtle joke\n|turn|1\n|\n|t:|1699742338\n|move|p1a: Slither Wing|First Impression|p2a: A subtle joke\n|-supereffective|p2a: A subtle joke\n|-damage|p2a: A subtle joke|0 fnt\n|faint|p2a: A subtle joke\n|\n|-weather|Snow|[upkeep]\n|upkeep\n|\n|t:|1699742348\n|switch|p2a: at last|Arbok, M|100\/100\n|-ability|p2a: at last|Intimidate|boost\n|-unboost|p1a: Slither Wing|atk|1\n|turn|2\n|\n|t:|1699742365\n|-end|p1a: Slither Wing|Protosynthesis|[silent]\n|switch|p1a: Great Tusk|Great Tusk, shiny|100\/100\n|move|p2a: at last|Coil|p2a: at last\n|-boost|p2a: at last|atk|1\n|-boost|p2a: at last|def|1\n|-boost|p2a: at last|accuracy|1\n|\n|-weather|Snow|[upkeep]\n|upkeep\n|turn|3\n|\n|t:|1699742375\n|-terastallize|p2a: at last|Dragon\n|move|p1a: Great Tusk|Headlong Rush|p2a: at last\n|-damage|p2a: at last|32\/100\n|-unboost|p1a: Great Tusk|def|1\n|-unboost|p1a: Great Tusk|spd|1\n|move|p2a: at last|Coil|p2a: at last\n|-boost|p2a: at last|atk|1\n|-boost|p2a: at last|def|1\n|-boost|p2a: at last|accuracy|1\n|\n|-weather|Snow|[upkeep]\n|-heal|p2a: at last|38\/100|[from] item: Leftovers\n|upkeep\n|turn|4\n|\n|t:|1699742382\n|move|p1a: Great Tusk|Headlong Rush|p2a: at last\n|-damage|p2a: at last|0 fnt\n|-unboost|p1a: Great Tusk|def|1\n|-unboost|p1a: Great Tusk|spd|1\n|faint|p2a: at last\n|\n|-weather|Snow|[upkeep]\n|upkeep\n|\n|t:|1699742392\n|switch|p2a: bisexual|Breloom, F|100\/100\n|turn|5\n|\n|t:|1699742405\n|-end|p1a: Great Tusk|Protosynthesis|[silent]\n|switch|p1a: Iron Valiant|Iron Valiant|100\/100\n|-enditem|p1a: Iron Valiant|Booster Energy\n|-activate|p1a: Iron Valiant|ability: Quark Drive|[fromitem]\n|-start|p1a: Iron Valiant|quarkdrivespe\n|move|p2a: bisexual|Bullet Seed|p1a: Iron Valiant\n|-crit|p1a: Iron Valiant\n|-damage|p1a: Iron Valiant|66\/100\n|-damage|p1a: Iron Valiant|39\/100\n|-crit|p1a: Iron Valiant\n|-damage|p1a: Iron Valiant|0 fnt\n|faint|p1a: Iron Valiant\n|-end|p1a: Iron Valiant|Quark Drive|[silent]\n|-hitcount|p1: Iron Valiant|3\n|\n|-weather|none\n|upkeep\n|\n|t:|1699742419\n|switch|p1a: Slither Wing|Slither Wing|100\/100\n|turn|6\n|\n|t:|1699742428\n|move|p1a: Slither Wing|First Impression|p2a: bisexual\n|-damage|p2a: bisexual|0 fnt\n|faint|p2a: bisexual\n|\n|upkeep\n|\n|t:|1699742434\n|switch|p2a: SOLID SUGGESTER|Rhyperior, F|100\/100\n|turn|7\n|\n|t:|1699742439\n|-end|p1a: Slither Wing|Protosynthesis|[silent]\n|switch|p1a: Urshifu|Urshifu-Rapid-Strike, F|100\/100\n|move|p2a: SOLID SUGGESTER|Rock Polish|p2a: SOLID SUGGESTER\n|-boost|p2a: SOLID SUGGESTER|spe|2\n|\n|upkeep\n|turn|8\n|\n|t:|1699742443\n|move|p2a: SOLID SUGGESTER|Earthquake|p1a: Urshifu\n|-damage|p1a: Urshifu|49\/100\n|move|p1a: Urshifu|Surging Strikes|p2a: SOLID SUGGESTER\n|-supereffective|p2a: SOLID SUGGESTER\n|-crit|p2a: SOLID SUGGESTER\n|-damage|p2a: SOLID SUGGESTER|47\/100\n|-enditem|p2a: SOLID SUGGESTER|Weakness Policy\n|-boost|p2a: SOLID SUGGESTER|atk|2|[from] item: Weakness Policy\n|-boost|p2a: SOLID SUGGESTER|spa|2|[from] item: Weakness Policy\n|-supereffective|p2a: SOLID SUGGESTER\n|-crit|p2a: SOLID SUGGESTER\n|-damage|p2a: SOLID SUGGESTER|0 fnt\n|faint|p2a: SOLID SUGGESTER\n|-hitcount|p2: SOLID SUGGESTER|2\n|-damage|p1a: Urshifu|40\/100|[from] item: Life Orb\n|\n|upkeep\n|\n|t:|1699742449\n|switch|p2a: mods annoy me|Ogerpon-Wellspring, F|100\/100\n|turn|9\n|\n|t:|1699742454\n|move|p2a: mods annoy me|Horn Leech|p1a: Urshifu\n|-supereffective|p1a: Urshifu\n|-damage|p1a: Urshifu|0 fnt\n|faint|p1a: Urshifu\n|\n|upkeep\n|\n|t:|1699742458\n|switch|p1a: Slither Wing|Slither Wing|100\/100\n|turn|10\n|\n|t:|1699742462\n|move|p1a: Slither Wing|First Impression|p2a: mods annoy me\n|-supereffective|p2a: mods annoy me\n|-damage|p2a: mods annoy me|0 fnt\n|faint|p2a: mods annoy me\n|\n|upkeep\n|\n|t:|1699742463\n|switch|p2a: pressure friends|Kyurem|100\/100\n|-ability|p2a: pressure friends|Pressure\n|turn|11\n|\n|t:|1699742468\n|-end|p1a: Slither Wing|Protosynthesis|[silent]\n|switch|p1a: Zamazenta|Zamazenta, shiny|100\/100\n|-ability|p1a: Zamazenta|Dauntless Shield|boost\n|-boost|p1a: Zamazenta|def|1\n|move|p2a: pressure friends|Substitute|p2a: pressure friends\n|-start|p2a: pressure friends|Substitute\n|-damage|p2a: pressure friends|76\/100\n|\n|-heal|p2a: pressure friends|82\/100|[from] item: Leftovers\n|upkeep\n|turn|12\n|\n|t:|1699742475\n|move|p1a: Zamazenta|Body Press|p2a: pressure friends\n|-supereffective|p2a: pressure friends\n|-end|p2a: pressure friends|Substitute\n|move|p2a: pressure friends|Freeze-Dry|p1a: Zamazenta\n|-damage|p1a: Zamazenta|77\/100\n|\n|-heal|p2a: pressure friends|88\/100|[from] item: Leftovers\n|upkeep\n|turn|13\n|\n|t:|1699742480\n|-terastallize|p1a: Zamazenta|Fighting\n|move|p2a: pressure friends|Protect|p2a: pressure friends\n|-singleturn|p2a: pressure friends|Protect\n|move|p1a: Zamazenta|Body Press|p2a: pressure friends\n|-activate|p2a: pressure friends|move: Protect\n|\n|-heal|p2a: pressure friends|94\/100|[from] item: Leftovers\n|upkeep\n|turn|14\n|\n|t:|1699742483\n|move|p1a: Zamazenta|Body Press|p2a: pressure friends\n|-supereffective|p2a: pressure friends\n|-damage|p2a: pressure friends|0 fnt\n|faint|p2a: pressure friends\n|\n|win|Patatin777\n|raw|Patatin777's rating: 1232 &rarr; <strong>1256<\/strong><br \/>(+24 for winning)\n|raw|female charizard's rating: 1219 &rarr; <strong>1195<\/strong><br \/>(-24 for losing)\n|c|\u2606Patatin777|Gg\n|l| less might be more\n","uploadtime":1699742501,"views":4,"p1id":"patatin777","p2id":"femalecharizard","formatid":"gen9nationaldex","rating":1195,"private":0,"password":""}