{"id":"gen9nationaldex-1998966216","p1":"Bafantuculo","p2":"BanTheMaster","format":"[Gen 9] National Dex","log":"|html|<div class=\"broadcast-blue\"><strong>[Gen 9] National Dex is currently suspecting Sneasler! For information on how to participate check out the <a href=\"https:\/\/www.smogon.com\/forums\/threads\/sv-national-dex-suspect-8-just-dance.3731534\/\">suspect thread<\/a>.<\/strong><\/div>\n|j|\u2606Bafantuculo\n|j|\u2606BanTheMaster\n|t:|1701018682\n|gametype|singles\n|player|p1|Bafantuculo|169|1580\n|player|p2|BanTheMaster|ingo|1577\n|teamsize|p1|6\n|teamsize|p2|6\n|gen|9\n|tier|[Gen 9] National Dex\n|rated|\n|rule|HP Percentage Mod: HP is shown in percentages\n|rule|Endless Battle Clause: Forcing endless battles is banned\n|rule|OHKO Clause: OHKO moves are banned\n|rule|Evasion Clause: Evasion abilities, items, and moves are banned\n|rule|Evasion Abilities Clause: Evasion abilities are banned\n|rule|Evasion Items Clause: Evasion items are banned\n|rule|Evasion Moves Clause: Evasion moves are banned\n|rule|Species Clause: Limit one of each Pok\u00e9mon\n|rule|Sleep Clause Mod: Limit one foe put to sleep\n|clearpoke\n|poke|p1|Slowbro, M|\n|poke|p1|Rotom-Wash|\n|poke|p1|Azumarill, M|\n|poke|p1|Toxapex, F|\n|poke|p1|Urshifu-*, F|\n|poke|p1|Gastrodon-East, M|\n|poke|p2|Ogerpon-Wellspring, F|\n|poke|p2|Shuckle, F|\n|poke|p2|Sandy Shocks|\n|poke|p2|Tapu Fini|\n|poke|p2|Blaziken, F|\n|poke|p2|Ferrothorn, F|\n|teampreview\n|inactive|Battle timer is ON: inactive players will automatically lose when time's up. (requested by Bafantuculo)\n|\n|t:|1701018712\n|start\n|switch|p1a: Azumarill|Azumarill, M|100\/100\n|switch|p2a: Ferrothorn|Ferrothorn, F|100\/100\n|turn|1\n|\n|t:|1701018718\n|move|p1a: Azumarill|Belly Drum|p1a: Azumarill\n|-damage|p1a: Azumarill|50\/100\n|-setboost|p1a: Azumarill|atk|6|[from] move: Belly Drum\n|-enditem|p1a: Azumarill|Sitrus Berry|[eat]\n|-heal|p1a: Azumarill|75\/100|[from] item: Sitrus Berry\n|move|p2a: Ferrothorn|Stealth Rock|p1a: Azumarill\n|-sidestart|p1: Bafantuculo|move: Stealth Rock\n|\n|upkeep\n|turn|2\n|\n|t:|1701018726\n|move|p1a: Azumarill|Knock Off|p2a: Ferrothorn\n|-damage|p2a: Ferrothorn|3\/100\n|-damage|p1a: Azumarill|63\/100|[from] ability: Iron Barbs|[of] p2a: Ferrothorn\n|-damage|p1a: Azumarill|47\/100|[from] item: Rocky Helmet|[of] p2a: Ferrothorn\n|-enditem|p2a: Ferrothorn|Rocky Helmet|[from] move: Knock Off|[of] p1a: Azumarill\n|move|p2a: Ferrothorn|Leech Seed|p1a: Azumarill\n|-start|p1a: Azumarill|move: Leech Seed\n|\n|-damage|p1a: Azumarill|34\/100|[from] Leech Seed|[of] p2a: Ferrothorn\n|-heal|p2a: Ferrothorn|18\/100|[silent]\n|upkeep\n|turn|3\n|\n|t:|1701018738\n|move|p1a: Azumarill|Knock Off|p2a: Ferrothorn\n|-damage|p2a: Ferrothorn|0 fnt\n|-damage|p1a: Azumarill|22\/100|[from] ability: Iron Barbs|[of] p2a: Ferrothorn\n|faint|p2a: Ferrothorn\n|\n|upkeep\n|\n|t:|1701018753\n|switch|p2a: Ogerpon|Ogerpon-Wellspring, F|100\/100\n|turn|4\n|\n|t:|1701018762\n|switch|p1a: Toxapex|Toxapex, F|100\/100\n|-damage|p1a: Toxapex|88\/100|[from] Stealth Rock\n|move|p2a: Ogerpon|Horn Leech|p1a: Toxapex\n|-damage|p1a: Toxapex|60\/100\n|-damage|p2a: Ogerpon|84\/100|[from] item: Rocky Helmet|[of] p1a: Toxapex\n|\n|upkeep\n|turn|5\n|\n|t:|1701018774\n|switch|p2a: Sandy Shocks|Sandy Shocks|100\/100\n|move|p1a: Toxapex|Infestation|p2a: Sandy Shocks\n|-damage|p2a: Sandy Shocks|97\/100\n|-activate|p2a: Sandy Shocks|move: Infestation|[of] p1a: Toxapex\n|\n|-damage|p2a: Sandy Shocks|85\/100|[from] move: Infestation|[partiallytrapped]\n|upkeep\n|turn|6\n|\n|t:|1701018780\n|move|p1a: Toxapex|Baneful Bunker|p1a: Toxapex\n|-singleturn|p1a: Toxapex|move: Protect\n|move|p2a: Sandy Shocks|Earth Power|p1a: Toxapex\n|-activate|p1a: Toxapex|move: Protect\n|\n|-damage|p2a: Sandy Shocks|73\/100|[from] move: Infestation|[partiallytrapped]\n|upkeep\n|turn|7\n|\n|t:|1701018788\n|switch|p1a: Rotom|Rotom-Wash|100\/100\n|-damage|p1a: Rotom|88\/100|[from] Stealth Rock\n|move|p2a: Sandy Shocks|Earth Power|p1a: Rotom\n|-immune|p1a: Rotom|[from] ability: Levitate\n|\n|-end|p2a: Sandy Shocks|Infestation|[partiallytrapped]|[silent]\n|upkeep\n|turn|8\n|\n|t:|1701018798\n|-end|p2a: Sandy Shocks|Protosynthesis|[silent]\n|switch|p2a: Shuckle|Shuckle, F|100\/100\n|move|p1a: Rotom|Trick|p2a: Shuckle\n|-activate|p1a: Rotom|move: Trick|[of] p2a: Shuckle\n|-item|p2a: Shuckle|Choice Scarf|[from] move: Trick\n|-item|p1a: Rotom|Leftovers|[from] move: Trick\n|\n|-heal|p1a: Rotom|94\/100|[from] item: Leftovers\n|upkeep\n|turn|9\n|\n|t:|1701018806\n|move|p1a: Rotom|Defog|p2a: Shuckle\n|-boost|p2a: Shuckle|evasion|1\n|-sideend|p1: Bafantuculo|Stealth Rock|[from] move: Defog|[of] p1a: Rotom\n|move|p2a: Shuckle|Infestation|p1a: Rotom\n|-damage|p1a: Rotom|93\/100\n|-activate|p1a: Rotom|move: Infestation|[of] p2a: Shuckle\n|\n|-heal|p1a: Rotom|99\/100|[from] item: Leftovers\n|-damage|p1a: Rotom|87\/100|[from] move: Infestation|[partiallytrapped]\n|upkeep\n|turn|10\n|\n|t:|1701018818\n|switch|p2a: Sandy Shocks|Sandy Shocks|73\/100\n|move|p1a: Rotom|Thunderbolt|p2a: Sandy Shocks\n|-immune|p2a: Sandy Shocks\n|\n|-heal|p1a: Rotom|93\/100|[from] item: Leftovers\n|-end|p1a: Rotom|Infestation|[partiallytrapped]|[silent]\n|upkeep\n|turn|11\n|\n|t:|1701018826\n|switch|p1a: Gastrodon|Gastrodon-East, M|100\/100\n|move|p2a: Sandy Shocks|Power Gem|p1a: Gastrodon\n|-resisted|p1a: Gastrodon\n|-damage|p1a: Gastrodon|91\/100\n|\n|-heal|p1a: Gastrodon|97\/100|[from] item: Leftovers\n|upkeep\n|turn|12\n|\n|t:|1701018835\n|-end|p2a: Sandy Shocks|Protosynthesis|[silent]\n|switch|p2a: Shuckle|Shuckle, F|100\/100\n|move|p1a: Gastrodon|Spikes|p2a: Shuckle\n|-sidestart|p2: BanTheMaster|Spikes\n|\n|-heal|p1a: Gastrodon|100\/100|[from] item: Leftovers\n|upkeep\n|turn|13\n|\n|t:|1701018839\n|switch|p1a: Toxapex|Toxapex, F|93\/100\n|move|p2a: Shuckle|Toxic|p1a: Toxapex\n|-immune|p1a: Toxapex\n|\n|upkeep\n|turn|14\n|\n|t:|1701018852\n|switch|p1a: Gastrodon|Gastrodon-East, M|100\/100\n|move|p2a: Shuckle|Toxic|p1a: Gastrodon\n|-status|p1a: Gastrodon|tox\n|\n|-damage|p1a: Gastrodon|94\/100 tox|[from] psn\n|upkeep\n|turn|15\n|\n|t:|1701018866\n|switch|p2a: Ogerpon|Ogerpon-Wellspring, F|84\/100\n|-damage|p2a: Ogerpon|72\/100|[from] Spikes\n|move|p1a: Gastrodon|Spikes|p2a: Ogerpon\n|-sidestart|p2: BanTheMaster|Spikes\n|\n|-heal|p1a: Gastrodon|100\/100 tox|[from] item: Leftovers\n|-damage|p1a: Gastrodon|88\/100 tox|[from] psn\n|upkeep\n|turn|16\n|\n|t:|1701018872\n|switch|p1a: Toxapex|Toxapex, F|100\/100\n|move|p2a: Ogerpon|Swords Dance|p2a: Ogerpon\n|-boost|p2a: Ogerpon|atk|2\n|\n|upkeep\n|turn|17\n|j| NicksRokaya\n|\n|t:|1701018883\n|move|p2a: Ogerpon|Swords Dance|p2a: Ogerpon\n|-boost|p2a: Ogerpon|atk|2\n|move|p1a: Toxapex|Toxic|p2a: Ogerpon\n|-status|p2a: Ogerpon|tox\n|\n|-damage|p2a: Ogerpon|66\/100 tox|[from] psn\n|upkeep\n|turn|18\n|\n|t:|1701018890\n|move|p1a: Toxapex|Baneful Bunker|p1a: Toxapex\n|-singleturn|p1a: Toxapex|move: Protect\n|move|p2a: Ogerpon|Horn Leech|p1a: Toxapex\n|-activate|p1a: Toxapex|move: Protect\n|\n|-damage|p2a: Ogerpon|54\/100 tox|[from] psn\n|upkeep\n|turn|19\n|\n|t:|1701018894\n|move|p2a: Ogerpon|Horn Leech|p1a: Toxapex\n|-damage|p1a: Toxapex|25\/100\n|-heal|p2a: Ogerpon|92\/100 tox|[from] drain|[of] p1a: Toxapex\n|-damage|p2a: Ogerpon|75\/100 tox|[from] item: Rocky Helmet|[of] p1a: Toxapex\n|move|p1a: Toxapex|Infestation|p2a: Ogerpon\n|-supereffective|p2a: Ogerpon\n|-damage|p2a: Ogerpon|68\/100 tox\n|-activate|p2a: Ogerpon|move: Infestation|[of] p1a: Toxapex\n|\n|-damage|p2a: Ogerpon|50\/100 tox|[from] psn\n|-damage|p2a: Ogerpon|38\/100 tox|[from] move: Infestation|[partiallytrapped]\n|upkeep\n|turn|20\n|\n|t:|1701018899\n|move|p1a: Toxapex|Baneful Bunker|p1a: Toxapex\n|-singleturn|p1a: Toxapex|move: Protect\n|move|p2a: Ogerpon|Encore|p1a: Toxapex\n|-activate|p1a: Toxapex|move: Protect\n|\n|-damage|p2a: Ogerpon|14\/100 tox|[from] psn\n|-damage|p2a: Ogerpon|2\/100 tox|[from] move: Infestation|[partiallytrapped]\n|upkeep\n|turn|21\n|\n|t:|1701018909\n|switch|p1a: Azumarill|Azumarill, M|22\/100\n|move|p2a: Ogerpon|Horn Leech|p1a: Azumarill\n|-supereffective|p1a: Azumarill\n|-damage|p1a: Azumarill|0 fnt\n|-heal|p2a: Ogerpon|16\/100 tox|[from] drain|[of] p1a: Azumarill\n|faint|p1a: Azumarill\n|\n|-damage|p2a: Ogerpon|0 fnt|[from] psn\n|faint|p2a: Ogerpon\n|upkeep\n|\n|t:|1701018926\n|switch|p2a: Blaziken|Blaziken, F|100\/100\n|switch|p1a: Urshifu|Urshifu-Rapid-Strike, F|100\/100\n|-damage|p2a: Blaziken|84\/100|[from] Spikes\n|turn|22\n|\n|t:|1701018929\n|move|p1a: Urshifu|Surging Strikes|p2a: Blaziken\n|-supereffective|p2a: Blaziken\n|-crit|p2a: Blaziken\n|-damage|p2a: Blaziken|28\/100\n|-supereffective|p2a: Blaziken\n|-crit|p2a: Blaziken\n|-damage|p2a: Blaziken|0 fnt\n|faint|p2a: Blaziken\n|-hitcount|p2: Blaziken|2\n|\n|upkeep\n|\n|t:|1701018933\n|switch|p2a: Tapu Fini|Tapu Fini|100\/100\n|-damage|p2a: Tapu Fini|84\/100|[from] Spikes\n|-fieldstart|move: Misty Terrain|[from] ability: Misty Surge|[of] p2a: Tapu Fini\n|turn|23\n|\n|t:|1701018945\n|switch|p1a: Toxapex|Toxapex, F|59\/100\n|move|p2a: Tapu Fini|Calm Mind|p2a: Tapu Fini\n|-boost|p2a: Tapu Fini|spa|1\n|-boost|p2a: Tapu Fini|spd|1\n|\n|-heal|p2a: Tapu Fini|90\/100|[from] item: Leftovers\n|upkeep\n|turn|24\n|\n|t:|1701018952\n|move|p2a: Tapu Fini|Stored Power|p1a: Toxapex\n|-supereffective|p1a: Toxapex\n|-damage|p1a: Toxapex|28\/100\n|move|p1a: Toxapex|Infestation|p2a: Tapu Fini\n|-resisted|p2a: Tapu Fini\n|-damage|p2a: Tapu Fini|89\/100\n|-activate|p2a: Tapu Fini|move: Infestation|[of] p1a: Toxapex\n|\n|-heal|p2a: Tapu Fini|96\/100|[from] item: Leftovers\n|-damage|p2a: Tapu Fini|83\/100|[from] move: Infestation|[partiallytrapped]\n|upkeep\n|turn|25\n|\n|t:|1701018959\n|switch|p1a: Slowbro|Slowbro, M, shiny|100\/100\n|move|p2a: Tapu Fini|Calm Mind|p2a: Tapu Fini\n|-boost|p2a: Tapu Fini|spa|1\n|-boost|p2a: Tapu Fini|spd|1\n|\n|-heal|p2a: Tapu Fini|89\/100|[from] item: Leftovers\n|-end|p2a: Tapu Fini|Infestation|[partiallytrapped]|[silent]\n|upkeep\n|turn|26\n|\n|t:|1701018963\n|move|p2a: Tapu Fini|Calm Mind|p2a: Tapu Fini\n|-boost|p2a: Tapu Fini|spa|1\n|-boost|p2a: Tapu Fini|spd|1\n|move|p1a: Slowbro|Teleport|p1a: Slowbro\n|\n|t:|1701018966\n|switch|p1a: Rotom|Rotom-Wash|93\/100|[from] Teleport\n|\n|-heal|p1a: Rotom|99\/100|[from] item: Leftovers\n|-heal|p2a: Tapu Fini|95\/100|[from] item: Leftovers\n|upkeep\n|turn|27\n|\n|t:|1701018981\n|move|p1a: Rotom|Thunderbolt|p2a: Tapu Fini\n|-supereffective|p2a: Tapu Fini\n|-damage|p2a: Tapu Fini|80\/100\n|move|p2a: Tapu Fini|Calm Mind|p2a: Tapu Fini\n|-boost|p2a: Tapu Fini|spa|1\n|-boost|p2a: Tapu Fini|spd|1\n|\n|-heal|p1a: Rotom|100\/100|[from] item: Leftovers\n|-heal|p2a: Tapu Fini|86\/100|[from] item: Leftovers\n|-fieldend|Misty Terrain\n|upkeep\n|turn|28\n|\n|t:|1701018990\n|switch|p1a: Gastrodon|Gastrodon-East, M|88\/100 tox\n|move|p2a: Tapu Fini|Draining Kiss|p1a: Gastrodon\n|-damage|p1a: Gastrodon|56\/100 tox\n|-heal|p2a: Tapu Fini|100\/100|[from] drain|[of] p1a: Gastrodon\n|\n|-heal|p1a: Gastrodon|62\/100 tox|[from] item: Leftovers\n|-damage|p1a: Gastrodon|56\/100 tox|[from] psn\n|upkeep\n|turn|29\n|\n|t:|1701018995\n|move|p2a: Tapu Fini|Stored Power|p1a: Gastrodon\n|-damage|p1a: Gastrodon|0 fnt\n|faint|p1a: Gastrodon\n|\n|upkeep\n|\n|t:|1701019000\n|switch|p1a: Slowbro|Slowbro, M, shiny|100\/100\n|turn|30\n|\n|t:|1701019009\n|move|p2a: Tapu Fini|Calm Mind|p2a: Tapu Fini\n|-boost|p2a: Tapu Fini|spa|1\n|-boost|p2a: Tapu Fini|spd|1\n|move|p1a: Slowbro|Toxic|p2a: Tapu Fini\n|-status|p2a: Tapu Fini|tox\n|\n|-damage|p2a: Tapu Fini|94\/100 tox|[from] psn\n|upkeep\n|turn|31\n|\n|t:|1701019017\n|move|p2a: Tapu Fini|Calm Mind|p2a: Tapu Fini\n|-boost|p2a: Tapu Fini|spa|1\n|-boost|p2a: Tapu Fini|spd|1\n|move|p1a: Slowbro|Teleport|p1a: Slowbro\n|\n|t:|1701019019\n|switch|p1a: Rotom|Rotom-Wash|100\/100|[from] Teleport\n|\n|-heal|p2a: Tapu Fini|100\/100 tox|[from] item: Leftovers\n|-damage|p2a: Tapu Fini|88\/100 tox|[from] psn\n|upkeep\n|turn|32\n|\n|t:|1701019023\n|move|p1a: Rotom|Thunderbolt|p2a: Tapu Fini\n|-supereffective|p2a: Tapu Fini\n|-damage|p2a: Tapu Fini|78\/100 tox\n|move|p2a: Tapu Fini|Draining Kiss|p1a: Rotom\n|-damage|p1a: Rotom|51\/100\n|-heal|p2a: Tapu Fini|100\/100 tox|[from] drain|[of] p1a: Rotom\n|\n|-heal|p1a: Rotom|57\/100|[from] item: Leftovers\n|-damage|p2a: Tapu Fini|82\/100 tox|[from] psn\n|upkeep\n|turn|33\n|\n|t:|1701019030\n|move|p1a: Rotom|Thunderbolt|p2a: Tapu Fini\n|-supereffective|p2a: Tapu Fini\n|-damage|p2a: Tapu Fini|72\/100 tox\n|move|p2a: Tapu Fini|Stored Power|p1a: Rotom\n|-damage|p1a: Rotom|0 fnt\n|faint|p1a: Rotom\n|\n|-heal|p2a: Tapu Fini|78\/100 tox|[from] item: Leftovers\n|-damage|p2a: Tapu Fini|53\/100 tox|[from] psn\n|upkeep\n|\n|t:|1701019039\n|switch|p1a: Toxapex|Toxapex, F|61\/100\n|turn|34\n|l| NicksRokaya\n|\n|t:|1701019042\n|switch|p1a: Slowbro|Slowbro, M, shiny|100\/100\n|move|p2a: Tapu Fini|Stored Power|p1a: Slowbro\n|-resisted|p1a: Slowbro\n|-damage|p1a: Slowbro|0 fnt\n|faint|p1a: Slowbro\n|\n|-heal|p2a: Tapu Fini|60\/100 tox|[from] item: Leftovers\n|-damage|p2a: Tapu Fini|29\/100 tox|[from] psn\n|upkeep\n|\n|t:|1701019064\n|switch|p1a: Toxapex|Toxapex, F|94\/100\n|turn|35\n|\n|t:|1701019075\n|move|p1a: Toxapex|Baneful Bunker|p1a: Toxapex\n|-singleturn|p1a: Toxapex|move: Protect\n|move|p2a: Tapu Fini|Draining Kiss|p1a: Toxapex\n|-activate|p1a: Toxapex|move: Protect\n|\n|-heal|p2a: Tapu Fini|35\/100 tox|[from] item: Leftovers\n|-damage|p2a: Tapu Fini|0 fnt|[from] psn\n|faint|p2a: Tapu Fini\n|upkeep\n|\n|t:|1701019078\n|switch|p2a: Sandy Shocks|Sandy Shocks|73\/100\n|-damage|p2a: Sandy Shocks|56\/100|[from] Spikes\n|turn|36\n|\n|t:|1701019092\n|-terastallize|p2a: Sandy Shocks|Electric\n|-terastallize|p1a: Toxapex|Grass\n|move|p2a: Sandy Shocks|Thunderbolt|p1a: Toxapex\n|-resisted|p1a: Toxapex\n|-damage|p1a: Toxapex|68\/100\n|-status|p1a: Toxapex|par\n|move|p1a: Toxapex|Infestation|p2a: Sandy Shocks\n|-damage|p2a: Sandy Shocks|53\/100\n|-activate|p2a: Sandy Shocks|move: Infestation|[of] p1a: Toxapex\n|\n|-damage|p2a: Sandy Shocks|40\/100|[from] move: Infestation|[partiallytrapped]\n|upkeep\n|turn|37\n|\n|t:|1701019100\n|move|p2a: Sandy Shocks|Thunderbolt|p1a: Toxapex\n|-resisted|p1a: Toxapex\n|-damage|p1a: Toxapex|41\/100 par\n|cant|p1a: Toxapex|par\n|\n|-damage|p2a: Sandy Shocks|28\/100|[from] move: Infestation|[partiallytrapped]\n|upkeep\n|turn|38\n|\n|t:|1701019106\n|move|p2a: Sandy Shocks|Thunderbolt|p1a: Toxapex\n|-resisted|p1a: Toxapex\n|-damage|p1a: Toxapex|14\/100 par\n|cant|p1a: Toxapex|par\n|\n|-damage|p2a: Sandy Shocks|16\/100|[from] move: Infestation|[partiallytrapped]\n|upkeep\n|turn|39\n|\n|t:|1701019111\n|move|p1a: Toxapex|Baneful Bunker|p1a: Toxapex\n|-singleturn|p1a: Toxapex|move: Protect\n|move|p2a: Sandy Shocks|Thunderbolt|p1a: Toxapex\n|-activate|p1a: Toxapex|move: Protect\n|\n|-damage|p2a: Sandy Shocks|4\/100|[from] move: Infestation|[partiallytrapped]\n|upkeep\n|turn|40\n|\n|t:|1701019117\n|cant|p1a: Toxapex|par\n|move|p2a: Sandy Shocks|Thunderbolt|p1a: Toxapex\n|-resisted|p1a: Toxapex\n|-damage|p1a: Toxapex|0 fnt\n|faint|p1a: Toxapex\n|\n|-end|p2a: Sandy Shocks|Infestation|[partiallytrapped]\n|upkeep\n|\n|t:|1701019119\n|switch|p1a: Urshifu|Urshifu-Rapid-Strike, F|100\/100\n|turn|41\n|\n|t:|1701019124\n|move|p2a: Sandy Shocks|Thunderbolt|p1a: Urshifu\n|-supereffective|p1a: Urshifu\n|-damage|p1a: Urshifu|0 fnt\n|faint|p1a: Urshifu\n|\n|win|BanTheMaster\n|raw|Bafantuculo's rating: 1580 &rarr; <strong>1560<\/strong><br \/>(-20 for losing)\n|raw|BanTheMaster's rating: 1577 &rarr; <strong>1597<\/strong><br \/>(+20 for winning)\n|l|\u2606Bafantuculo\n","uploadtime":1701019136,"views":1,"p1id":"bafantuculo","p2id":"banthemaster","formatid":"gen9nationaldex","rating":1560,"private":0,"password":""}