{"id":"gen9nationaldex-1987471151","p1":"TSL Luizao","p2":"Pandawolf10","format":"[Gen 9] National Dex","log":"|j|\u2606TSL Luizao\n|j|\u2606Pandawolf10\n|t:|1699596957\n|gametype|singles\n|player|p1|TSL Luizao|169|1143\n|player|p2|Pandawolf10|iono|1206\n|teamsize|p1|6\n|teamsize|p2|6\n|gen|9\n|tier|[Gen 9] National Dex\n|rated|\n|rule|HP Percentage Mod: HP is shown in percentages\n|rule|Endless Battle Clause: Forcing endless battles is banned\n|rule|OHKO Clause: OHKO moves are banned\n|rule|Evasion Clause: Evasion abilities, items, and moves are banned\n|rule|Evasion Abilities Clause: Evasion abilities are banned\n|rule|Evasion Items Clause: Evasion items are banned\n|rule|Evasion Moves Clause: Evasion moves are banned\n|rule|Species Clause: Limit one of each Pok\u00e9mon\n|rule|Sleep Clause Mod: Limit one foe put to sleep\n|clearpoke\n|poke|p1|Scizor, F|\n|poke|p1|Garchomp, M|\n|poke|p1|Tornadus-Therian, M|\n|poke|p1|Cinderace, F|\n|poke|p1|Rotom-Wash|\n|poke|p1|Slowbro-Galar, F|\n|poke|p2|Sylveon, F|\n|poke|p2|Vikavolt, F|\n|poke|p2|Ogerpon-Cornerstone, F|\n|poke|p2|Dragalge, M|\n|poke|p2|Mew|\n|poke|p2|Milotic, M|\n|teampreview\n|inactive|Battle timer is ON: inactive players will automatically lose when time's up. (requested by TSL Luizao)\n|\n|t:|1699596976\n|start\n|switch|p1a: Cinderace|Cinderace, F|100\/100\n|switch|p2a: Buzz|Vikavolt, F|100\/100\n|turn|1\n|\n|t:|1699596984\n|switch|p2a: Wonder|Milotic, M|100\/100\n|move|p1a: Cinderace|Pyro Ball|p2a: Wonder\n|-resisted|p2a: Wonder\n|-damage|p2a: Wonder|69\/100\n|\n|-status|p2a: Wonder|brn|[from] item: Flame Orb\n|upkeep\n|turn|2\n|\n|t:|1699596995\n|move|p1a: Cinderace|U-turn|p2a: Wonder\n|-start|p1a: Cinderace|typechange|Bug|[from] ability: Libero\n|-damage|p2a: Wonder|46\/100 brn\n|\n|t:|1699597004\n|switch|p1a: Slowbro|Slowbro-Galar, F|100\/100|[from] U-turn\n|move|p2a: Wonder|Ice Beam|p1a: Slowbro\n|-damage|p1a: Slowbro|81\/100\n|\n|-damage|p2a: Wonder|40\/100 brn|[from] brn\n|upkeep\n|turn|3\n|\n|t:|1699597014\n|move|p2a: Wonder|Recover|p2a: Wonder\n|-heal|p2a: Wonder|90\/100 brn\n|move|p1a: Slowbro|Psyshock|p2a: Wonder\n|-damage|p2a: Wonder|69\/100 brn\n|\n|-damage|p2a: Wonder|63\/100 brn|[from] brn\n|upkeep\n|turn|4\n|\n|t:|1699597024\n|move|p2a: Wonder|Scald|p1a: Slowbro\n|-damage|p1a: Slowbro|55\/100\n|move|p1a: Slowbro|Shell Side Arm|p2a: Wonder|[anim] Shell Side Arm Physical\n|-damage|p2a: Wonder|43\/100 brn\n|-hint|Physical Shell Side Arm\n|\n|-damage|p2a: Wonder|37\/100 brn|[from] brn\n|upkeep\n|turn|5\n|\n|t:|1699597037\n|switch|p1a: Rotom|Rotom-Wash|100\/100\n|move|p2a: Wonder|Recover|p2a: Wonder\n|-heal|p2a: Wonder|87\/100 brn\n|\n|-damage|p2a: Wonder|81\/100 brn|[from] brn\n|upkeep\n|turn|6\n|\n|t:|1699597052\n|move|p1a: Rotom|Volt Switch|p2a: Wonder\n|-supereffective|p2a: Wonder\n|-damage|p2a: Wonder|36\/100 brn\n|\n|t:|1699597060\n|switch|p1a: Tornadus|Tornadus-Therian, M|100\/100|[from] Volt Switch\n|move|p2a: Wonder|Dragon Pulse|p1a: Tornadus\n|-damage|p1a: Tornadus|70\/100\n|\n|-damage|p2a: Wonder|30\/100 brn|[from] brn\n|upkeep\n|turn|7\n|\n|t:|1699597073\n|move|p1a: Tornadus|Hurricane|p2a: Wonder|[miss]\n|-miss|p1a: Tornadus|p2a: Wonder\n|move|p2a: Wonder|Recover|p2a: Wonder\n|-heal|p2a: Wonder|80\/100 brn\n|\n|-damage|p2a: Wonder|74\/100 brn|[from] brn\n|upkeep\n|turn|8\n|\n|t:|1699597079\n|move|p1a: Tornadus|U-turn|p2a: Wonder\n|-damage|p2a: Wonder|64\/100 brn\n|\n|t:|1699597082\n|switch|p1a: Rotom|Rotom-Wash|100\/100|[from] U-turn\n|move|p2a: Wonder|Ice Beam|p1a: Rotom\n|-resisted|p1a: Rotom\n|-damage|p1a: Rotom|83\/100\n|\n|-damage|p2a: Wonder|58\/100 brn|[from] brn\n|upkeep\n|turn|9\n|\n|t:|1699597089\n|switch|p2a: Kelpy G|Dragalge, M|100\/100\n|move|p1a: Rotom|Volt Switch|p2a: Kelpy G\n|-resisted|p2a: Kelpy G\n|-damage|p2a: Kelpy G|92\/100\n|\n|t:|1699597096\n|switch|p1a: Slowbro|Slowbro-Galar, F|88\/100|[from] Volt Switch\n|\n|upkeep\n|turn|10\n|\n|t:|1699597113\n|-terastallize|p2a: Kelpy G|Dark\n|move|p2a: Kelpy G|Tera Blast|p1a: Slowbro|[anim] Tera Blast Dark\n|-supereffective|p1a: Slowbro\n|-damage|p1a: Slowbro|23\/100\n|move|p1a: Slowbro|Psyshock|p2a: Kelpy G\n|-immune|p2a: Kelpy G\n|\n|upkeep\n|turn|11\n|\n|t:|1699597129\n|switch|p1a: Garchomp|Garchomp, M|100\/100\n|move|p2a: Kelpy G|Scald|p1a: Garchomp\n|-damage|p1a: Garchomp|71\/100\n|\n|upkeep\n|turn|12\n|\n|t:|1699597142\n|switch|p2a: Buzz|Vikavolt, F|100\/100\n|move|p1a: Garchomp|Earthquake|p2a: Buzz\n|-immune|p2a: Buzz|[from] ability: Levitate\n|\n|upkeep\n|turn|13\n|\n|t:|1699597148\n|move|p1a: Garchomp|Stealth Rock|p2a: Buzz\n|-sidestart|p2: Pandawolf10|move: Stealth Rock\n|move|p2a: Buzz|Sticky Web|p1a: Garchomp\n|-sidestart|p1: TSL Luizao|move: Sticky Web\n|\n|upkeep\n|turn|14\n|\n|t:|1699597161\n|-zpower|p1a: Garchomp\n|move|p1a: Garchomp|Continental Crush|p2a: Buzz|[zeffect]\n|-supereffective|p2a: Buzz\n|-damage|p2a: Buzz|0 fnt\n|faint|p2a: Buzz\n|\n|upkeep\n|\n|t:|1699597171\n|switch|p2a: Wonder|Milotic, M|58\/100 brn\n|-damage|p2a: Wonder|45\/100 brn|[from] Stealth Rock\n|turn|15\n|\n|t:|1699597177\n|switch|p1a: Tornadus|Tornadus-Therian, M|100\/100\n|move|p2a: Wonder|Recover|p2a: Wonder\n|-heal|p2a: Wonder|95\/100 brn\n|\n|-damage|p2a: Wonder|89\/100 brn|[from] brn\n|upkeep\n|turn|16\n|\n|t:|1699597185\n|move|p1a: Tornadus|Defog|p2a: Wonder\n|-unboost|p2a: Wonder|evasion|1\n|-sideend|p2: Pandawolf10|Stealth Rock|[from] move: Defog|[of] p1a: Tornadus\n|-sideend|p1: TSL Luizao|Sticky Web|[from] move: Defog|[of] p1a: Tornadus\n|move|p2a: Wonder|Ice Beam|p1a: Tornadus\n|-supereffective|p1a: Tornadus\n|-damage|p1a: Tornadus|40\/100\n|\n|-damage|p2a: Wonder|83\/100 brn|[from] brn\n|upkeep\n|turn|17\n|\n|t:|1699597194\n|move|p1a: Tornadus|U-turn|p2a: Wonder\n|-damage|p2a: Wonder|73\/100 brn\n|\n|t:|1699597199\n|switch|p1a: Rotom|Rotom-Wash|83\/100|[from] U-turn\n|move|p2a: Wonder|Dragon Pulse|p1a: Rotom\n|-damage|p1a: Rotom|46\/100\n|\n|-damage|p2a: Wonder|66\/100 brn|[from] brn\n|upkeep\n|turn|18\n|\n|t:|1699597207\n|switch|p2a: Tiki|Ogerpon-Cornerstone, F|100\/100\n|move|p1a: Rotom|Pain Split|p2a: Tiki\n|-sethp|p2a: Tiki|69\/100|[from] move: Pain Split|[silent]\n|-sethp|p1a: Rotom|86\/100|[from] move: Pain Split\n|\n|upkeep\n|turn|19\n|\n|t:|1699597223\n|switch|p1a: Scizor|Scizor, F|100\/100\n|move|p2a: Tiki|Horn Leech|p1a: Scizor\n|-resisted|p1a: Scizor\n|-crit|p1a: Scizor\n|-damage|p1a: Scizor|87\/100\n|-heal|p2a: Tiki|76\/100|[from] drain|[of] p1a: Scizor\n|\n|upkeep\n|turn|20\n|\n|t:|1699597232\n|switch|p2a: Wonder|Milotic, M|66\/100 brn\n|detailschange|p1a: Scizor|Scizor-Mega, F\n|-mega|p1a: Scizor|Scizor|Scizorite\n|move|p1a: Scizor|Swords Dance|p1a: Scizor\n|-boost|p1a: Scizor|atk|2\n|\n|-damage|p2a: Wonder|60\/100 brn|[from] brn\n|upkeep\n|turn|21\n|\n|t:|1699597239\n|move|p2a: Wonder|Recover|p2a: Wonder\n|-heal|p2a: Wonder|100\/100 brn\n|move|p1a: Scizor|U-turn|p2a: Wonder\n|-damage|p2a: Wonder|50\/100 brn\n|\n|t:|1699597246\n|switch|p1a: Rotom|Rotom-Wash|86\/100|[from] U-turn\n|\n|-damage|p2a: Wonder|44\/100 brn|[from] brn\n|upkeep\n|turn|22\n|\n|t:|1699597252\n|move|p1a: Rotom|Volt Switch|p2a: Wonder\n|-supereffective|p2a: Wonder\n|-damage|p2a: Wonder|0 fnt\n|faint|p2a: Wonder\n|\n|t:|1699597263\n|switch|p1a: Scizor|Scizor-Mega, F|87\/100|[from] Volt Switch\n|\n|upkeep\n|\n|t:|1699597274\n|switch|p2a: Tiki|Ogerpon-Cornerstone, F|76\/100\n|turn|23\n|\n|t:|1699597283\n|move|p2a: Tiki|Ivy Cudgel|p1a: Scizor\n|-damage|p1a: Scizor|56\/100\n|move|p1a: Scizor|Swords Dance|p1a: Scizor\n|-boost|p1a: Scizor|atk|2\n|\n|upkeep\n|turn|24\n|\n|t:|1699597289\n|move|p1a: Scizor|Bullet Punch|p2a: Tiki\n|-supereffective|p2a: Tiki\n|-damage|p2a: Tiki|0 fnt\n|faint|p2a: Tiki\n|\n|upkeep\n|\n|t:|1699597291\n|switch|p2a: Kelpy G|Dragalge, M, tera:Dark|92\/100\n|turn|25\n|\n|t:|1699597299\n|move|p1a: Scizor|Roost|p1a: Scizor\n|-heal|p1a: Scizor|100\/100\n|-singleturn|p1a: Scizor|move: Roost\n|move|p2a: Kelpy G|Tera Blast|p1a: Scizor|[anim] Tera Blast Dark\n|-damage|p1a: Scizor|55\/100\n|\n|upkeep\n|turn|26\n|\n|t:|1699597312\n|switch|p2a: Niko|Sylveon, F|100\/100\n|move|p1a: Scizor|U-turn|p2a: Niko\n|-resisted|p2a: Niko\n|-damage|p2a: Niko|53\/100\n|\n|t:|1699597318\n|switch|p1a: Slowbro|Slowbro-Galar, F|56\/100|[from] U-turn\n|\n|upkeep\n|turn|27\n|\n|t:|1699597322\n|move|p2a: Niko|Psychic|p1a: Slowbro\n|-damage|p1a: Slowbro|36\/100\n|move|p1a: Slowbro|Shell Side Arm|p2a: Niko|[anim] Shell Side Arm Physical\n|-supereffective|p2a: Niko\n|-damage|p2a: Niko|0 fnt\n|-hint|Physical Shell Side Arm\n|faint|p2a: Niko\n|\n|upkeep\n|\n|t:|1699597327\n|switch|p2a: Baby|Mew|100\/100\n|turn|28\n|\n|t:|1699597338\n|switch|p1a: Tornadus|Tornadus-Therian, M|73\/100\n|move|p2a: Baby|Calm Mind|p2a: Baby\n|-boost|p2a: Baby|spa|1\n|-boost|p2a: Baby|spd|1\n|\n|upkeep\n|turn|29\n|\n|t:|1699597345\n|move|p1a: Tornadus|U-turn|p2a: Baby\n|-supereffective|p2a: Baby\n|-crit|p2a: Baby\n|-damage|p2a: Baby|62\/100\n|\n|t:|1699597348\n|switch|p1a: Cinderace|Cinderace, F|100\/100|[from] U-turn\n|move|p2a: Baby|Calm Mind|p2a: Baby\n|-boost|p2a: Baby|spa|1\n|-boost|p2a: Baby|spd|1\n|\n|upkeep\n|turn|30\n|\n|t:|1699597356\n|move|p1a: Cinderace|U-turn|p2a: Baby\n|-start|p1a: Cinderace|typechange|Bug|[from] ability: Libero\n|-supereffective|p2a: Baby\n|-damage|p2a: Baby|0 fnt\n|faint|p2a: Baby\n|\n|t:|1699597362\n|switch|p1a: Scizor|Scizor-Mega, F|55\/100|[from] U-turn\n|\n|upkeep\n|\n|t:|1699597367\n|switch|p2a: Kelpy G|Dragalge, M, tera:Dark|92\/100\n|turn|31\n|\n|t:|1699597371\n|move|p1a: Scizor|U-turn|p2a: Kelpy G\n|-supereffective|p2a: Kelpy G\n|-damage|p2a: Kelpy G|14\/100\n|-message|Pandawolf10 forfeited.\n|\n|win|TSL Luizao\n|raw|TSL Luizao's rating: 1143 &rarr; <strong>1172<\/strong><br \/>(+29 for winning)\n|raw|Pandawolf10's rating: 1206 &rarr; <strong>1177<\/strong><br \/>(-29 for losing)\n|l|\u2606Pandawolf10\n","uploadtime":1699597381,"views":6,"p1id":"tslluizao","p2id":"pandawolf10","formatid":"gen9nationaldex","rating":1172,"private":0,"password":""}