{"id":"gen9nationaldex-1988450560","p1":"Fealieya","p2":"DD2005","format":"[Gen 9] National Dex","log":"|j|\u2606Fealieya\n|j|\u2606DD2005\n|t:|1699724275\n|gametype|singles\n|player|p1|Fealieya|1|1118\n|player|p2|DD2005|cynthia-gen4|1043\n|teamsize|p1|6\n|teamsize|p2|6\n|gen|9\n|tier|[Gen 9] National Dex\n|rated|\n|rule|HP Percentage Mod: HP is shown in percentages\n|rule|Endless Battle Clause: Forcing endless battles is banned\n|rule|OHKO Clause: OHKO moves are banned\n|rule|Evasion Clause: Evasion abilities, items, and moves are banned\n|rule|Evasion Abilities Clause: Evasion abilities are banned\n|rule|Evasion Items Clause: Evasion items are banned\n|rule|Evasion Moves Clause: Evasion moves are banned\n|rule|Species Clause: Limit one of each Pok\u00e9mon\n|rule|Sleep Clause Mod: Limit one foe put to sleep\n|clearpoke\n|poke|p1|Banette, M|\n|poke|p1|Zapdos|\n|poke|p1|Nihilego|\n|poke|p1|Kartana|\n|poke|p1|Celesteela|\n|poke|p1|Entei|\n|poke|p2|Gyarados, F|\n|poke|p2|Aerodactyl, M|\n|poke|p2|Charizard, M|\n|poke|p2|Flygon, M|\n|poke|p2|Kingdra, F|\n|poke|p2|Dragonite, M|\n|teampreview\n|inactive|Battle timer is ON: inactive players will automatically lose when time's up. (requested by Fealieya)\n|\n|t:|1699724284\n|start\n|switch|p1a: Nihilego|Nihilego|100\/100\n|switch|p2a: Aerodactyl|Aerodactyl, M, shiny|100\/100\n|turn|1\n|\n|t:|1699724290\n|move|p2a: Aerodactyl|Psychic Fangs|p1a: Nihilego\n|-supereffective|p1a: Nihilego\n|-damage|p1a: Nihilego|0 fnt\n|faint|p1a: Nihilego\n|-damage|p2a: Aerodactyl|91\/100|[from] item: Life Orb\n|\n|upkeep\n|\n|t:|1699724311\n|switch|p1a: Celesteela|Celesteela|100\/100\n|turn|2\n|\n|t:|1699724317\n|-terastallize|p1a: Celesteela|Dragon\n|move|p2a: Aerodactyl|Psychic Fangs|p1a: Celesteela\n|-damage|p1a: Celesteela|67\/100\n|-damage|p2a: Aerodactyl|81\/100|[from] item: Life Orb\n|move|p1a: Celesteela|Meteor Beam||[still]\n|-prepare|p1a: Celesteela|Meteor Beam\n|-boost|p1a: Celesteela|spa|1\n|-enditem|p1a: Celesteela|Power Herb\n|-anim|p1a: Celesteela|Meteor Beam|p2a: Aerodactyl|[miss]\n|-miss|p1a: Celesteela|p2a: Aerodactyl\n|\n|upkeep\n|turn|3\n|\n|t:|1699724330\n|move|p2a: Aerodactyl|Crunch|p1a: Celesteela\n|-damage|p1a: Celesteela|32\/100\n|-damage|p2a: Aerodactyl|71\/100|[from] item: Life Orb\n|move|p1a: Celesteela|Autotomize|p1a: Celesteela\n|-boost|p1a: Celesteela|spe|2\n|-start|p1a: Celesteela|Autotomize\n|\n|upkeep\n|turn|4\n|\n|t:|1699724342\n|move|p2a: Aerodactyl|Crunch|p1a: Celesteela\n|-damage|p1a: Celesteela|0 fnt\n|faint|p1a: Celesteela\n|-damage|p2a: Aerodactyl|61\/100|[from] item: Life Orb\n|\n|upkeep\n|\n|t:|1699724347\n|switch|p1a: Zapdos|Zapdos|100\/100\n|turn|5\n|\n|t:|1699724352\n|move|p2a: Aerodactyl|Psychic Fangs|p1a: Zapdos\n|-damage|p1a: Zapdos|68\/100\n|-damage|p2a: Aerodactyl|44\/100|[from] item: Rocky Helmet|[of] p1a: Zapdos\n|-status|p2a: Aerodactyl|par|[from] ability: Static|[of] p1a: Zapdos\n|-damage|p2a: Aerodactyl|34\/100 par|[from] item: Life Orb\n|move|p1a: Zapdos|Volt Switch|p2a: Aerodactyl\n|-supereffective|p2a: Aerodactyl\n|-damage|p2a: Aerodactyl|0 fnt\n|faint|p2a: Aerodactyl\n|\n|t:|1699724364\n|switch|p1a: Banette|Banette, M|100\/100|[from] Volt Switch\n|\n|upkeep\n|\n|t:|1699724369\n|switch|p2a: Gyarados|Gyarados, F, shiny|100\/100\n|turn|6\n|\n|t:|1699724384\n|switch|p1a: Zapdos|Zapdos|68\/100\n|move|p2a: Gyarados|Crunch|p1a: Zapdos\n|-damage|p1a: Zapdos|23\/100\n|-damage|p2a: Gyarados|84\/100|[from] item: Rocky Helmet|[of] p1a: Zapdos\n|\n|upkeep\n|turn|7\n|\n|t:|1699724397\n|-terastallize|p2a: Gyarados|Ground\n|move|p2a: Gyarados|Crunch|p1a: Zapdos\n|-damage|p1a: Zapdos|0 fnt\n|-damage|p2a: Gyarados|67\/100|[from] item: Rocky Helmet|[of] p1a: Zapdos\n|faint|p1a: Zapdos\n|-ability|p2a: Gyarados|Moxie|boost\n|-boost|p2a: Gyarados|atk|1\n|\n|upkeep\n|\n|t:|1699724407\n|switch|p1a: Kartana|Kartana|100\/100\n|turn|8\n|\n|t:|1699724415\n|move|p1a: Kartana|Swords Dance|p1a: Kartana\n|-boost|p1a: Kartana|atk|2\n|move|p2a: Gyarados|Crunch|p1a: Kartana\n|-damage|p1a: Kartana|35\/100\n|\n|upkeep\n|turn|9\n|\n|t:|1699724421\n|move|p1a: Kartana|Leaf Blade|p2a: Gyarados\n|-supereffective|p2a: Gyarados\n|-damage|p2a: Gyarados|0 fnt\n|faint|p2a: Gyarados\n|-ability|p1a: Kartana|Beast Boost|boost\n|-boost|p1a: Kartana|atk|1\n|\n|upkeep\n|\n|t:|1699724427\n|switch|p2a: Charizard|Charizard, M, shiny|100\/100\n|turn|10\n|\n|t:|1699724435\n|detailschange|p2a: Charizard|Charizard-Mega-Y, M, shiny\n|-mega|p2a: Charizard|Charizard|Charizardite Y\n|-weather|SunnyDay|[from] ability: Drought|[of] p2a: Charizard\n|move|p1a: Kartana|Sacred Sword|p2a: Charizard\n|-resisted|p2a: Charizard\n|-damage|p2a: Charizard|20\/100\n|move|p2a: Charizard|Flamethrower|p1a: Kartana\n|-supereffective|p1a: Kartana\n|-damage|p1a: Kartana|0 fnt\n|faint|p1a: Kartana\n|\n|-weather|SunnyDay|[upkeep]\n|upkeep\n|\n|t:|1699724442\n|switch|p1a: Banette|Banette, M|100\/100\n|-item|p2a: Charizard|Charizardite Y|[from] ability: Frisk|[of] p1a: Banette|[identify]\n|turn|11\n|\n|t:|1699724449\n|detailschange|p1a: Banette|Banette-Mega, M\n|-mega|p1a: Banette|Banette|Banettite\n|move|p1a: Banette|Sucker Punch|p2a: Charizard\n|-damage|p2a: Charizard|0 fnt\n|faint|p2a: Charizard\n|\n|-weather|SunnyDay|[upkeep]\n|upkeep\n|\n|t:|1699724457\n|switch|p2a: Dragonite|Dragonite, M, shiny|100\/100\n|turn|12\n|\n|t:|1699724462\n|move|p1a: Banette|Swords Dance|p1a: Banette\n|-boost|p1a: Banette|atk|2\n|move|p2a: Dragonite|Dragon Dance|p2a: Dragonite\n|-boost|p2a: Dragonite|atk|1\n|-boost|p2a: Dragonite|spe|1\n|\n|-weather|SunnyDay|[upkeep]\n|upkeep\n|turn|13\n|\n|t:|1699724472\n|move|p1a: Banette|Swords Dance|p1a: Banette\n|-boost|p1a: Banette|atk|2\n|move|p2a: Dragonite|Dragon Dance|p2a: Dragonite\n|-boost|p2a: Dragonite|atk|1\n|-boost|p2a: Dragonite|spe|1\n|\n|-weather|SunnyDay|[upkeep]\n|upkeep\n|turn|14\n|\n|t:|1699724479\n|move|p2a: Dragonite|Dragon Claw|p1a: Banette\n|-damage|p1a: Banette|0 fnt\n|faint|p1a: Banette\n|\n|-weather|none\n|upkeep\n|\n|t:|1699724482\n|switch|p1a: Entei|Entei|100\/100\n|turn|15\n|\n|t:|1699724488\n|move|p2a: Dragonite|Dragon Claw|p1a: Entei\n|-damage|p1a: Entei|18\/100\n|move|p1a: Entei|Curse|p1a: Entei\n|-unboost|p1a: Entei|spe|1\n|-boost|p1a: Entei|atk|1\n|-boost|p1a: Entei|def|1\n|\n|-heal|p1a: Entei|24\/100|[from] item: Leftovers\n|upkeep\n|turn|16\n|\n|t:|1699724497\n|move|p1a: Entei|Extreme Speed|p2a: Dragonite\n|-damage|p2a: Dragonite|81\/100\n|move|p2a: Dragonite|Dragon Claw|p1a: Entei\n|-damage|p1a: Entei|0 fnt\n|faint|p1a: Entei\n|\n|win|DD2005\n|raw|Fealieya's rating: 1118 &rarr; <strong>1088<\/strong><br \/>(-30 for losing)\n|raw|DD2005's rating: 1043 &rarr; <strong>1084<\/strong><br \/>(+41 for winning)\n","uploadtime":1699724502,"views":4,"p1id":"fealieya","p2id":"dd2005","formatid":"gen9nationaldex","rating":1084,"private":0,"password":""}