{"id":"gen9nationaldex-1994540853","p1":"HitmonGimmeTop","p2":"AbattaMondialBeton","format":"[Gen 9] National Dex","log":"|j|\u2606HitmonGimmeTop\n|j|\u2606AbattaMondialBeton\n|t:|1700456808\n|gametype|singles\n|player|p1|HitmonGimmeTop|koga|1607\n|player|p2|AbattaMondialBeton|pokekid|1869\n|teamsize|p1|6\n|teamsize|p2|6\n|gen|9\n|tier|[Gen 9] National Dex\n|rated|\n|rule|HP Percentage Mod: HP is shown in percentages\n|rule|Endless Battle Clause: Forcing endless battles is banned\n|rule|OHKO Clause: OHKO moves are banned\n|rule|Evasion Clause: Evasion abilities, items, and moves are banned\n|rule|Evasion Abilities Clause: Evasion abilities are banned\n|rule|Evasion Items Clause: Evasion items are banned\n|rule|Evasion Moves Clause: Evasion moves are banned\n|rule|Species Clause: Limit one of each Pok\u00e9mon\n|rule|Sleep Clause Mod: Limit one foe put to sleep\n|clearpoke\n|poke|p1|Keldeo-Resolute|\n|poke|p1|Kartana|\n|poke|p1|Beedrill, M|\n|poke|p1|Landorus-Therian, M|\n|poke|p1|Kyurem|\n|poke|p1|Zapdos|\n|poke|p2|Chansey, F|\n|poke|p2|Greninja-*, M|\n|poke|p2|Corviknight, F|\n|poke|p2|Diggersby, F|\n|poke|p2|Garchomp, F|\n|poke|p2|Dondozo, F|\n|teampreview\n|\n|t:|1700456825\n|start\n|switch|p1a: Sling|Beedrill, M|100\/100\n|switch|p2a: Garchomp|Garchomp, F, shiny|100\/100\n|turn|1\n|\n|t:|1700456838\n|detailschange|p1a: Sling|Beedrill-Mega, M\n|-mega|p1a: Sling|Beedrill|Beedrillite\n|move|p2a: Garchomp|Outrage|p1a: Sling\n|-damage|p1a: Sling|0 fnt\n|faint|p1a: Sling\n|\n|upkeep\n|\n|t:|1700456845\n|switch|p1a: Drago|Kyurem|100\/100\n|-ability|p1a: Drago|Pressure\n|turn|2\n|\n|t:|1700456849\n|-terastallize|p1a: Drago|Fairy\n|move|p1a: Drago|Ice Beam|p2a: Garchomp\n|-supereffective|p2a: Garchomp\n|-damage|p2a: Garchomp|0 fnt\n|faint|p2a: Garchomp\n|\n|upkeep\n|\n|t:|1700456857\n|switch|p2a: Greninja|Greninja, M|100\/100\n|turn|3\n|\n|t:|1700456863\n|switch|p1a: A$AP|Keldeo-Resolute|100\/100\n|move|p2a: Greninja|U-turn|p1a: A$AP\n|-resisted|p1a: A$AP\n|-damage|p1a: A$AP|92\/100\n|\n|t:|1700456871\n|switch|p2a: Dondozo|Dondozo, F|100\/100|[from] U-turn\n|\n|upkeep\n|turn|4\n|\n|t:|1700456880\n|switch|p1a: Inevitable|Kartana|100\/100\n|move|p2a: Dondozo|Wave Crash|p1a: Inevitable\n|-resisted|p1a: Inevitable\n|-damage|p1a: Inevitable|77\/100\n|-damage|p2a: Dondozo|97\/100|[from] Recoil\n|\n|-heal|p2a: Dondozo|100\/100|[from] item: Leftovers\n|upkeep\n|turn|5\n|\n|t:|1700456891\n|move|p1a: Inevitable|Swords Dance|p1a: Inevitable\n|-boost|p1a: Inevitable|atk|2\n|move|p2a: Dondozo|Body Press|p1a: Inevitable\n|-supereffective|p1a: Inevitable\n|-damage|p1a: Inevitable|32\/100\n|\n|upkeep\n|turn|6\n|j| YJLF2\n|\n|t:|1700456914\n|switch|p2a: Corviknight|Corviknight, F|100\/100\n|-ability|p2a: Corviknight|Pressure\n|move|p1a: Inevitable|Synthesis|p1a: Inevitable\n|-heal|p1a: Inevitable|82\/100\n|\n|upkeep\n|turn|7\n|\n|t:|1700456922\n|move|p1a: Inevitable|Knock Off|p2a: Corviknight\n|-damage|p2a: Corviknight|33\/100\n|-damage|p1a: Inevitable|65\/100|[from] item: Rocky Helmet|[of] p2a: Corviknight\n|-enditem|p2a: Corviknight|Rocky Helmet|[from] move: Knock Off|[of] p1a: Inevitable\n|-damage|p1a: Inevitable|55\/100|[from] item: Life Orb\n|move|p2a: Corviknight|Body Press|p1a: Inevitable\n|-supereffective|p1a: Inevitable\n|-damage|p1a: Inevitable|4\/100\n|\n|upkeep\n|turn|8\n|\n|t:|1700456932\n|move|p1a: Inevitable|Knock Off|p2a: Corviknight\n|-damage|p2a: Corviknight|0 fnt\n|faint|p2a: Corviknight\n|-ability|p1a: Inevitable|Beast Boost|boost\n|-boost|p1a: Inevitable|atk|1\n|-damage|p1a: Inevitable|0 fnt|[from] item: Life Orb\n|faint|p1a: Inevitable\n|\n|upkeep\n|\n|t:|1700456965\n|switch|p1a: Drago|Kyurem, tera:Fairy|100\/100\n|switch|p2a: Diggersby|Diggersby, F, shiny|100\/100\n|-ability|p1a: Drago|Pressure\n|turn|9\n|\n|t:|1700456973\n|switch|p1a: A$AP|Keldeo-Resolute|92\/100\n|switch|p2a: Chansey|Chansey, F|100\/100\n|\n|upkeep\n|turn|10\n|\n|t:|1700456982\n|switch|p2a: Dondozo|Dondozo, F|100\/100\n|move|p1a: A$AP|Secret Sword|p2a: Dondozo\n|-damage|p2a: Dondozo|65\/100\n|\n|-heal|p2a: Dondozo|71\/100|[from] item: Leftovers\n|upkeep\n|turn|11\n|\n|t:|1700456992\n|move|p1a: A$AP|Secret Sword|p2a: Dondozo\n|-damage|p2a: Dondozo|37\/100\n|move|p2a: Dondozo|Curse|p2a: Dondozo\n|-unboost|p2a: Dondozo|spe|1\n|-boost|p2a: Dondozo|atk|1\n|-boost|p2a: Dondozo|def|1\n|\n|-heal|p2a: Dondozo|43\/100|[from] item: Leftovers\n|upkeep\n|turn|12\n|\n|t:|1700457002\n|switch|p1a: Luck|Zapdos|100\/100\n|move|p2a: Dondozo|Rest|p2a: Dondozo\n|-status|p2a: Dondozo|slp|[from] move: Rest\n|-heal|p2a: Dondozo|100\/100 slp|[silent]\n|\n|upkeep\n|turn|13\n|\n|t:|1700457011\n|switch|p2a: Diggersby|Diggersby, F, shiny|100\/100\n|move|p1a: Luck|Discharge|p2a: Diggersby\n|-immune|p2a: Diggersby\n|\n|upkeep\n|turn|14\n|\n|t:|1700457021\n|-terastallize|p2a: Diggersby|Normal\n|move|p2a: Diggersby|Frustration|p1a: Luck\n|-damage|p1a: Luck|6\/100\n|move|p1a: Luck|U-turn|p2a: Diggersby\n|-damage|p2a: Diggersby|82\/100\n|\n|t:|1700457035\n|switch|p1a: A$AP|Keldeo-Resolute|92\/100|[from] U-turn\n|\n|upkeep\n|turn|15\n|\n|t:|1700457060\n|switch|p2a: Greninja|Greninja, M|100\/100\n|move|p1a: A$AP|Secret Sword|p2a: Greninja\n|-supereffective|p2a: Greninja\n|-damage|p2a: Greninja|0 fnt\n|faint|p2a: Greninja\n|\n|upkeep\n|\n|t:|1700457070\n|switch|p2a: Chansey|Chansey, F|100\/100\n|turn|16\n|\n|t:|1700457078\n|move|p1a: A$AP|Secret Sword|p2a: Chansey\n|-supereffective|p2a: Chansey\n|-damage|p2a: Chansey|19\/100\n|move|p2a: Chansey|Heal Bell|p2a: Chansey\n|-activate|p2a: Chansey|move: Heal Bell\n|-curestatus|p2: Dondozo|slp|[msg]\n|\n|upkeep\n|turn|17\n|\n|t:|1700457087\n|switch|p2a: Dondozo|Dondozo, F|100\/100\n|move|p1a: A$AP|Secret Sword|p2a: Dondozo\n|-damage|p2a: Dondozo|67\/100\n|\n|-heal|p2a: Dondozo|73\/100|[from] item: Leftovers\n|upkeep\n|turn|18\n|\n|t:|1700457100\n|switch|p1a: Drago|Kyurem, tera:Fairy|100\/100\n|-ability|p1a: Drago|Pressure\n|move|p2a: Dondozo|Body Press|p1a: Drago\n|-resisted|p1a: Drago\n|-damage|p1a: Drago|89\/100\n|\n|-heal|p2a: Dondozo|79\/100|[from] item: Leftovers\n|upkeep\n|turn|19\n|\n|t:|1700457110\n|move|p1a: Drago|Freeze-Dry|p2a: Dondozo\n|-supereffective|p2a: Dondozo\n|-crit|p2a: Dondozo\n|-damage|p2a: Dondozo|0 fnt\n|faint|p2a: Dondozo\n|\n|upkeep\n|\n|t:|1700457117\n|switch|p2a: Diggersby|Diggersby, F, shiny, tera:Normal|82\/100\n|turn|20\n|j| OuterDreams\n|\n|t:|1700457135\n|move|p1a: Drago|Freeze-Dry|p2a: Diggersby\n|-damage|p2a: Diggersby|29\/100\n|-status|p2a: Diggersby|frz\n|cant|p2a: Diggersby|frz\n|\n|upkeep\n|turn|21\n|-message|AbattaMondialBeton forfeited.\n|\n|win|HitmonGimmeTop\n|raw|HitmonGimmeTop's rating: 1607 &rarr; <strong>1640<\/strong><br \/>(+33 for winning)\n|raw|AbattaMondialBeton's rating: 1869 &rarr; <strong>1836<\/strong><br \/>(-33 for losing)\n|l|\u2606AbattaMondialBeton\n|l| YJLF2\n|l| OuterDreams\n","uploadtime":1700457355,"views":12,"p1id":"hitmongimmetop","p2id":"abattamondialbeton","formatid":"gen9nationaldex","rating":1640,"private":0,"password":""}