{"id":"gen9nationaldex-1993189425","p1":"SleepyNapperson","p2":"Maxer59","format":"[Gen 9] National Dex","log":"|j|\u2606SleepyNapperson\n|j|\u2606Maxer59\n|t:|1700275779\n|gametype|singles\n|player|p1|SleepyNapperson|camper|1303\n|player|p2|Maxer59|lucas|1328\n|teamsize|p1|6\n|teamsize|p2|6\n|gen|9\n|tier|[Gen 9] National Dex\n|rated|\n|rule|HP Percentage Mod: HP is shown in percentages\n|rule|Endless Battle Clause: Forcing endless battles is banned\n|rule|OHKO Clause: OHKO moves are banned\n|rule|Evasion Clause: Evasion abilities, items, and moves are banned\n|rule|Evasion Abilities Clause: Evasion abilities are banned\n|rule|Evasion Items Clause: Evasion items are banned\n|rule|Evasion Moves Clause: Evasion moves are banned\n|rule|Species Clause: Limit one of each Pok\u00e9mon\n|rule|Sleep Clause Mod: Limit one foe put to sleep\n|clearpoke\n|poke|p1|Snorlax, F|\n|poke|p1|Corsola-Galar, M|\n|poke|p1|Mimikyu, F|\n|poke|p1|Clefable, M|\n|poke|p1|Slowbro-Galar, F|\n|poke|p1|Toxtricity-Low-Key, M|\n|poke|p2|Politoed, F|\n|poke|p2|Floatzel, M|\n|poke|p2|Indeedee, M|\n|poke|p2|Espeon, M|\n|poke|p2|Zoroark-Hisui, M|\n|poke|p2|Beedrill, F|\n|teampreview\n|inactive|Battle timer is ON: inactive players will automatically lose when time's up. (requested by Maxer59)\n|\n|t:|1700275788\n|start\n|switch|p1a: Clefable|Clefable, M|100\/100\n|switch|p2a: Politoed|Politoed, F|100\/100\n|-weather|RainDance|[from] ability: Drizzle|[of] p2a: Politoed\n|turn|1\n|\n|t:|1700275793\n|move|p2a: Politoed|Weather Ball|p1a: Clefable\n|-damage|p1a: Clefable|54\/100\n|move|p1a: Clefable|Cosmic Power|p1a: Clefable\n|-boost|p1a: Clefable|def|1\n|-boost|p1a: Clefable|spd|1\n|\n|-weather|RainDance|[upkeep]\n|-heal|p1a: Clefable|60\/100|[from] item: Leftovers\n|upkeep\n|turn|2\n|\n|t:|1700275800\n|move|p2a: Politoed|Weather Ball|p1a: Clefable\n|-damage|p1a: Clefable|29\/100\n|move|p1a: Clefable|Soft-Boiled|p1a: Clefable\n|-heal|p1a: Clefable|79\/100\n|\n|-weather|RainDance|[upkeep]\n|-heal|p1a: Clefable|85\/100|[from] item: Leftovers\n|upkeep\n|turn|3\n|\n|t:|1700275807\n|switch|p2a: Floatzel|Floatzel, M|100\/100\n|move|p1a: Clefable|Cosmic Power|p1a: Clefable\n|-boost|p1a: Clefable|def|1\n|-boost|p1a: Clefable|spd|1\n|\n|-weather|RainDance|[upkeep]\n|-heal|p1a: Clefable|91\/100|[from] item: Leftovers\n|upkeep\n|turn|4\n|\n|t:|1700275812\n|-terastallize|p2a: Floatzel|Water\n|move|p2a: Floatzel|Wave Crash|p1a: Clefable\n|-damage|p1a: Clefable|9\/100\n|-damage|p2a: Floatzel|66\/100|[from] Recoil\n|move|p1a: Clefable|Soft-Boiled|p1a: Clefable\n|-heal|p1a: Clefable|59\/100\n|\n|-weather|RainDance|[upkeep]\n|-heal|p1a: Clefable|65\/100|[from] item: Leftovers\n|upkeep\n|turn|5\n|\n|t:|1700275819\n|move|p2a: Floatzel|Wave Crash|p1a: Clefable\n|-damage|p1a: Clefable|0 fnt\n|faint|p1a: Clefable\n|-damage|p2a: Floatzel|39\/100|[from] Recoil\n|\n|-weather|RainDance|[upkeep]\n|upkeep\n|\n|t:|1700275824\n|switch|p1a: Mimikyu|Mimikyu, F|100\/100\n|turn|6\n|\n|t:|1700275832\n|move|p1a: Mimikyu|Shadow Sneak|p2a: Floatzel\n|-damage|p2a: Floatzel|4\/100\n|-damage|p1a: Mimikyu|91\/100|[from] item: Life Orb\n|move|p2a: Floatzel|Flip Turn|p1a: Mimikyu\n|-activate|p1a: Mimikyu|ability: Disguise\n|-damage|p1a: Mimikyu|91\/100\n|detailschange|p1a: Mimikyu|Mimikyu-Busted, F\n|-damage|p1a: Mimikyu|78\/100|[from] pokemon: Mimikyu-Busted\n|\n|t:|1700275838\n|switch|p2a: Espeon|Espeon, M|100\/100|[from] Flip Turn\n|\n|-weather|RainDance|[upkeep]\n|upkeep\n|turn|7\n|\n|t:|1700275844\n|switch|p1a: Snorlax|Snorlax, F|100\/100\n|move|p2a: Espeon|Bitter Malice|p1a: Snorlax\n|-immune|p1a: Snorlax\n|\n|-weather|RainDance|[upkeep]\n|upkeep\n|turn|8\n|\n|t:|1700275852\n|switch|p2a: Indeedee|Indeedee, M|100\/100\n|-fieldstart|move: Psychic Terrain|[from] ability: Psychic Surge|[of] p2a: Indeedee\n|move|p1a: Snorlax|Darkest Lariat|p2a: Indeedee\n|-supereffective|p2a: Indeedee\n|-damage|p2a: Indeedee|0 fnt\n|faint|p2a: Indeedee\n|\n|-weather|none\n|upkeep\n|\n|t:|1700275857\n|switch|p2a: Beedrill|Beedrill, F|100\/100\n|turn|9\n|\n|t:|1700275861\n|switch|p1a: Slowbro|Slowbro-Galar, F|100\/100\n|detailschange|p2a: Beedrill|Beedrill-Mega, F\n|-mega|p2a: Beedrill|Beedrill|Beedrillite\n|move|p2a: Beedrill|U-turn|p1a: Slowbro\n|-damage|p1a: Slowbro|53\/100\n|\n|t:|1700275875\n|switch|p2a: Espeon|Espeon, M|100\/100|[from] U-turn\n|\n|-heal|p1a: Slowbro|59\/100|[from] item: Black Sludge\n|upkeep\n|turn|10\n|\n|t:|1700275884\n|move|p2a: Espeon|Expanding Force|p1a: Slowbro\n|-damage|p1a: Slowbro|0 fnt\n|faint|p1a: Slowbro\n|\n|upkeep\n|\n|t:|1700275891\n|switch|p1a: Snorlax|Snorlax, F|100\/100\n|turn|11\n|\n|t:|1700275898\n|move|p2a: Espeon|Expanding Force|p1a: Snorlax\n|-damage|p1a: Snorlax|56\/100\n|move|p1a: Snorlax|Darkest Lariat|p2a: Espeon\n|-supereffective|p2a: Espeon\n|-damage|p2a: Espeon|12\/100\n|\n|upkeep\n|turn|12\n|\n|t:|1700275902\n|move|p2a: Espeon|Expanding Force|p1a: Snorlax\n|-damage|p1a: Snorlax|13\/100\n|-enditem|p1a: Snorlax|Aguav Berry|[eat]\n|-heal|p1a: Snorlax|47\/100|[from] item: Aguav Berry\n|move|p1a: Snorlax|Darkest Lariat|p2a: Espeon\n|-supereffective|p2a: Espeon\n|-damage|p2a: Espeon|0 fnt\n|faint|p2a: Espeon\n|\n|upkeep\n|\n|t:|1700275907\n|switch|p2a: Beedrill|Beedrill-Mega, F|100\/100\n|turn|13\n|\n|t:|1700275917\n|move|p2a: Beedrill|U-turn|p1a: Snorlax\n|-damage|p1a: Snorlax|0 fnt\n|faint|p1a: Snorlax\n|\n|t:|1700275920\n|switch|p2a: Politoed|Politoed, F|100\/100|[from] U-turn\n|-weather|RainDance|[from] ability: Drizzle|[of] p2a: Politoed\n|\n|-weather|RainDance|[upkeep]\n|upkeep\n|\n|t:|1700275926\n|switch|p1a: Toxtricity|Toxtricity-Low-Key, M|100\/100\n|turn|14\n|\n|t:|1700275931\n|move|p1a: Toxtricity|Overdrive|p2a: Politoed\n|-supereffective|p2a: Politoed\n|-damage|p2a: Politoed|9\/100\n|-enditem|p1a: Toxtricity|Throat Spray\n|-boost|p1a: Toxtricity|spa|1|[from] item: Throat Spray\n|move|p2a: Politoed|Earth Power|p1a: Toxtricity\n|-supereffective|p1a: Toxtricity\n|-damage|p1a: Toxtricity|0 fnt\n|faint|p1a: Toxtricity\n|\n|-weather|RainDance|[upkeep]\n|upkeep\n|\n|t:|1700275940\n|switch|p1a: Mimikyu|Mimikyu-Busted, F|78\/100\n|turn|15\n|\n|t:|1700275948\n|move|p1a: Mimikyu|Shadow Sneak|p2a: Politoed\n|-activate|p2a: Politoed|move: Psychic Terrain\n|move|p2a: Politoed|Weather Ball|p1a: Mimikyu\n|-damage|p1a: Mimikyu|0 fnt\n|faint|p1a: Mimikyu\n|\n|-weather|RainDance|[upkeep]\n|-fieldend|move: Psychic Terrain\n|upkeep\n|\n|t:|1700275953\n|switch|p1a: Corsola|Corsola-Galar, M|100\/100\n|turn|16\n|\n|t:|1700275957\n|move|p2a: Politoed|Weather Ball|p1a: Corsola\n|-damage|p1a: Corsola|68\/100\n|move|p1a: Corsola|Amnesia|p1a: Corsola\n|-boost|p1a: Corsola|spd|2\n|\n|-weather|RainDance|[upkeep]\n|upkeep\n|turn|17\n|\n|t:|1700275962\n|move|p2a: Politoed|Weather Ball|p1a: Corsola\n|-damage|p1a: Corsola|50\/100\n|-start|p2a: Politoed|Disable|Weather Ball|[from] ability: Cursed Body|[of] p1a: Corsola\n|move|p1a: Corsola|Amnesia|p1a: Corsola\n|-boost|p1a: Corsola|spd|2\n|\n|-weather|RainDance|[upkeep]\n|upkeep\n|turn|18\n|\n|t:|1700275968\n|move|p2a: Politoed|Psychic|p1a: Corsola\n|-damage|p1a: Corsola|46\/100\n|move|p1a: Corsola|Strength Sap|p2a: Politoed\n|-unboost|p2a: Politoed|atk|1\n|-heal|p1a: Corsola|88\/100\n|\n|-weather|RainDance|[upkeep]\n|upkeep\n|turn|19\n|\n|t:|1700275976\n|move|p2a: Politoed|Ice Beam|p1a: Corsola\n|-damage|p1a: Corsola|84\/100\n|move|p1a: Corsola|Iron Defense|p1a: Corsola\n|-boost|p1a: Corsola|def|2\n|\n|-weather|RainDance|[upkeep]\n|upkeep\n|turn|20\n|\n|t:|1700275984\n|switch|p2a: Floatzel|Floatzel, M|100\/100\n|move|p1a: Corsola|Iron Defense|p1a: Corsola\n|-boost|p1a: Corsola|def|2\n|\n|-weather|none\n|upkeep\n|turn|21\n|\n|t:|1700275988\n|move|p2a: Floatzel|Bitter Malice|p1a: Corsola\n|-supereffective|p1a: Corsola\n|-damage|p1a: Corsola|67\/100\n|-unboost|p1a: Corsola|atk|1\n|-start|p2a: Floatzel|Disable|Bitter Malice|[from] ability: Cursed Body|[of] p1a: Corsola\n|-damage|p2a: Floatzel|91\/100|[from] item: Life Orb\n|move|p1a: Corsola|Strength Sap|p2a: Floatzel\n|-unboost|p2a: Floatzel|atk|1\n|-heal|p1a: Corsola|100\/100\n|\n|upkeep\n|turn|22\n|\n|t:|1700275997\n|move|p2a: Floatzel|Flamethrower|p1a: Corsola\n|-damage|p1a: Corsola|94\/100\n|-damage|p2a: Floatzel|81\/100|[from] item: Life Orb\n|move|p1a: Corsola|Amnesia|p1a: Corsola\n|-boost|p1a: Corsola|spd|2\n|\n|upkeep\n|turn|23\n|\n|t:|1700276004\n|move|p2a: Floatzel|Flamethrower|p1a: Corsola\n|-damage|p1a: Corsola|88\/100\n|-damage|p2a: Floatzel|71\/100|[from] item: Life Orb\n|move|p1a: Corsola|Curse|p2a: Floatzel\n|-start|p2a: Floatzel|Curse|[of] p1a: Corsola\n|-damage|p1a: Corsola|38\/100\n|\n|-damage|p2a: Floatzel|46\/100|[from] Curse\n|upkeep\n|turn|24\n|\n|t:|1700276018\n|move|p2a: Floatzel|Flamethrower|p1a: Corsola\n|-damage|p1a: Corsola|33\/100\n|-damage|p2a: Floatzel|36\/100|[from] item: Life Orb\n|move|p1a: Corsola|Strength Sap|p2a: Floatzel\n|-unboost|p2a: Floatzel|atk|1\n|-heal|p1a: Corsola|71\/100\n|\n|-damage|p2a: Floatzel|11\/100|[from] Curse\n|-end|p2a: Floatzel|Disable\n|upkeep\n|turn|25\n|\n|t:|1700276026\n|move|p2a: Floatzel|Flamethrower|p1a: Corsola\n|-damage|p1a: Corsola|65\/100\n|-damage|p2a: Floatzel|1\/100|[from] item: Life Orb\n|move|p1a: Corsola|Iron Defense|p1a: Corsola\n|-boost|p1a: Corsola|def|2\n|\n|-damage|p2a: Floatzel|0 fnt|[from] Curse\n|faint|p2a: Floatzel\n|upkeep\n|\n|t:|1700276032\n|switch|p2a: Beedrill|Beedrill-Mega, F|100\/100\n|turn|26\n|\n|t:|1700276036\n|move|p2a: Beedrill|Knock Off|p1a: Corsola\n|-supereffective|p1a: Corsola\n|-damage|p1a: Corsola|53\/100\n|-enditem|p1a: Corsola|Eviolite|[from] move: Knock Off|[of] p2a: Beedrill\n|move|p1a: Corsola|Strength Sap|p2a: Beedrill\n|-unboost|p2a: Beedrill|atk|1\n|-heal|p1a: Corsola|100\/100\n|\n|upkeep\n|turn|27\n|\n|t:|1700276047\n|move|p2a: Beedrill|U-turn|p1a: Corsola\n|-resisted|p1a: Corsola\n|-damage|p1a: Corsola|96\/100\n|-start|p2a: Beedrill|Disable|U-turn|[from] ability: Cursed Body|[of] p1a: Corsola\n|\n|t:|1700276049\n|switch|p2a: Politoed|Politoed, F|9\/100|[from] U-turn\n|-weather|RainDance|[from] ability: Drizzle|[of] p2a: Politoed\n|move|p1a: Corsola|Curse|p2a: Politoed\n|-start|p2a: Politoed|Curse|[of] p1a: Corsola\n|-damage|p1a: Corsola|46\/100\n|\n|-weather|RainDance|[upkeep]\n|-damage|p2a: Politoed|0 fnt|[from] Curse\n|faint|p2a: Politoed\n|upkeep\n|\n|t:|1700276052\n|switch|p2a: Floatzel|Floatzel, M, tera:Water|4\/100\n|turn|28\n|\n|t:|1700276056\n|move|p2a: Floatzel|Wave Crash|p1a: Corsola\n|-damage|p1a: Corsola|8\/100\n|-damage|p2a: Floatzel|0 fnt|[from] Recoil\n|faint|p2a: Floatzel\n|move|p1a: Corsola|Strength Sap|p2: Floatzel|[notarget]\n|-fail|p1a: Corsola\n|\n|-weather|RainDance|[upkeep]\n|upkeep\n|\n|t:|1700276061\n|switch|p2a: Beedrill|Beedrill-Mega, F|100\/100\n|turn|29\n|\n|t:|1700276066\n|move|p2a: Beedrill|Knock Off|p1a: Corsola\n|-supereffective|p1a: Corsola\n|-damage|p1a: Corsola|0 fnt\n|faint|p1a: Corsola\n|\n|win|Maxer59\n|raw|SleepyNapperson's rating: 1303 &rarr; <strong>1284<\/strong><br \/>(-19 for losing)\n|raw|Maxer59's rating: 1328 &rarr; <strong>1347<\/strong><br \/>(+19 for winning)\n","uploadtime":1700276074,"views":6,"p1id":"sleepynapperson","p2id":"maxer59","formatid":"gen9nationaldex","rating":1284,"private":0,"password":""}