{"id":"gen9nationaldex-1992194610","p1":"hightopfade69","p2":"GedGrey","format":"[Gen 9] National Dex","log":"|j|\u2606hightopfade69\n|j|\u2606GedGrey\n|t:|1700162835\n|gametype|singles\n|player|p1|hightopfade69|2|1276\n|player|p2|GedGrey|170|1265\n|teamsize|p1|6\n|teamsize|p2|6\n|gen|9\n|tier|[Gen 9] National Dex\n|rated|\n|rule|HP Percentage Mod: HP is shown in percentages\n|rule|Endless Battle Clause: Forcing endless battles is banned\n|rule|OHKO Clause: OHKO moves are banned\n|rule|Evasion Clause: Evasion abilities, items, and moves are banned\n|rule|Evasion Abilities Clause: Evasion abilities are banned\n|rule|Evasion Items Clause: Evasion items are banned\n|rule|Evasion Moves Clause: Evasion moves are banned\n|rule|Species Clause: Limit one of each Pok\u00e9mon\n|rule|Sleep Clause Mod: Limit one foe put to sleep\n|clearpoke\n|poke|p1|Glalie, M|\n|poke|p1|Ninetales-Alola, M|\n|poke|p1|Samurott-Hisui, F|\n|poke|p1|Tapu Lele|\n|poke|p1|Heatran, F|\n|poke|p1|Glimmora, F|\n|poke|p2|Abomasnow, M|\n|poke|p2|Huntail, M|\n|poke|p2|Chandelure, F|\n|poke|p2|Nidoqueen, F|\n|poke|p2|Klinklang|\n|poke|p2|Flygon, M|\n|teampreview\n|\n|t:|1700162847\n|start\n|switch|p1a: Samurott|Samurott-Hisui, F|100\/100\n|switch|p2a: Klinklang|Klinklang|100\/100\n|turn|1\n|\n|t:|1700162854\n|move|p1a: Samurott|Flip Turn|p2a: Klinklang\n|-damage|p2a: Klinklang|78\/100\n|-damage|p1a: Samurott|84\/100|[from] item: Rocky Helmet|[of] p2a: Klinklang\n|\n|t:|1700162860\n|switch|p1a: Glimmora|Glimmora, F|100\/100|[from] Flip Turn\n|move|p2a: Klinklang|Volt Switch|p1a: Glimmora\n|-damage|p1a: Glimmora|86\/100\n|\n|t:|1700162869\n|switch|p2a: Nidoqueen|Nidoqueen, F|100\/100|[from] Volt Switch\n|\n|upkeep\n|turn|2\n|\n|t:|1700162876\n|-terastallize|p1a: Glimmora|Ground\n|move|p1a: Glimmora|Earth Power|p2a: Nidoqueen\n|-supereffective|p2a: Nidoqueen\n|-damage|p2a: Nidoqueen|0 fnt\n|faint|p2a: Nidoqueen\n|\n|upkeep\n|\n|t:|1700162882\n|switch|p2a: Flygon|Flygon, M|100\/100\n|turn|3\n|\n|t:|1700162891\n|switch|p1a: Ninetales|Ninetales-Alola, M|100\/100\n|-weather|Snow|[from] ability: Snow Warning|[of] p1a: Ninetales\n|move|p2a: Flygon|Draco Meteor|p1a: Ninetales\n|-immune|p1a: Ninetales\n|\n|-weather|Snow|[upkeep]\n|upkeep\n|turn|4\n|\n|t:|1700162900\n|-terastallize|p2a: Flygon|Ground\n|move|p1a: Ninetales|Aurora Veil|p1a: Ninetales\n|-sidestart|p1: hightopfade69|move: Aurora Veil\n|move|p2a: Flygon|Earthquake|p1a: Ninetales\n|-damage|p1a: Ninetales|62\/100\n|-damage|p2a: Flygon|91\/100|[from] item: Life Orb\n|\n|-weather|Snow|[upkeep]\n|upkeep\n|turn|5\n|\n|t:|1700162918\n|move|p1a: Ninetales|Blizzard|p2a: Flygon\n|-supereffective|p2a: Flygon\n|-damage|p2a: Flygon|0 fnt\n|faint|p2a: Flygon\n|\n|-weather|Snow|[upkeep]\n|upkeep\n|\n|t:|1700162926\n|switch|p2a: Chandelure|Chandelure, F|100\/100\n|-item|p2a: Chandelure|Air Balloon\n|turn|6\n|\n|t:|1700162931\n|move|p1a: Ninetales|Moonblast|p2a: Chandelure\n|-resisted|p2a: Chandelure\n|-crit|p2a: Chandelure\n|-damage|p2a: Chandelure|74\/100\n|-unboost|p2a: Chandelure|spa|1\n|-enditem|p2a: Chandelure|Air Balloon\n|move|p2a: Chandelure|Trick Room|p2a: Chandelure\n|-fieldstart|move: Trick Room|[of] p2a: Chandelure\n|\n|-weather|Snow|[upkeep]\n|upkeep\n|turn|7\n|\n|t:|1700162944\n|move|p2a: Chandelure|Flamethrower|p1a: Ninetales\n|-supereffective|p1a: Ninetales\n|-damage|p1a: Ninetales|29\/100\n|move|p1a: Ninetales|Moonblast|p2a: Chandelure\n|-resisted|p2a: Chandelure\n|-damage|p2a: Chandelure|58\/100\n|-unboost|p2a: Chandelure|spa|1\n|\n|-weather|none\n|upkeep\n|turn|8\n|\n|t:|1700162954\n|move|p2a: Chandelure|Flamethrower|p1a: Ninetales\n|-supereffective|p1a: Ninetales\n|-damage|p1a: Ninetales|3\/100\n|move|p1a: Ninetales|Moonblast|p2a: Chandelure\n|-resisted|p2a: Chandelure\n|-damage|p2a: Chandelure|41\/100\n|-unboost|p2a: Chandelure|spa|1\n|\n|upkeep\n|turn|9\n|\n|t:|1700162964\n|move|p2a: Chandelure|Flamethrower|p1a: Ninetales\n|-supereffective|p1a: Ninetales\n|-damage|p1a: Ninetales|0 fnt\n|faint|p1a: Ninetales\n|\n|upkeep\n|\n|t:|1700162980\n|switch|p1a: Glimmora|Glimmora, F, tera:Ground|86\/100\n|turn|10\n|\n|t:|1700162986\n|move|p2a: Chandelure|Taunt|p1a: Glimmora\n|-start|p1a: Glimmora|move: Taunt\n|move|p1a: Glimmora|Earth Power|p2a: Chandelure\n|-supereffective|p2a: Chandelure\n|-damage|p2a: Chandelure|0 fnt\n|faint|p2a: Chandelure\n|\n|-fieldend|move: Trick Room\n|upkeep\n|\n|t:|1700162997\n|switch|p2a: Abomasnow|Abomasnow, M|100\/100\n|-weather|Snow|[from] ability: Snow Warning|[of] p2a: Abomasnow\n|turn|11\n|\n|t:|1700163009\n|switch|p1a: Tapu Lele|Tapu Lele|100\/100\n|-fieldstart|move: Psychic Terrain|[from] ability: Psychic Surge|[of] p1a: Tapu Lele\n|move|p2a: Abomasnow|Blizzard|p1a: Tapu Lele\n|-damage|p1a: Tapu Lele|72\/100\n|\n|-weather|Snow|[upkeep]\n|-sideend|p1: hightopfade69|move: Aurora Veil\n|upkeep\n|turn|12\n|\n|t:|1700163022\n|move|p1a: Tapu Lele|Psychic|p2a: Abomasnow\n|-damage|p2a: Abomasnow|52\/100\n|move|p2a: Abomasnow|Blizzard|p1a: Tapu Lele\n|-damage|p1a: Tapu Lele|19\/100\n|-status|p1a: Tapu Lele|frz\n|\n|-weather|Snow|[upkeep]\n|upkeep\n|turn|13\n|\n|t:|1700163031\n|cant|p1a: Tapu Lele|frz\n|move|p2a: Abomasnow|Earthquake|p1a: Tapu Lele\n|-damage|p1a: Tapu Lele|0 fnt\n|faint|p1a: Tapu Lele\n|\n|-weather|Snow|[upkeep]\n|upkeep\n|\n|t:|1700163036\n|switch|p1a: Heatran|Heatran, F|100\/100\n|turn|14\n|\n|t:|1700163043\n|move|p1a: Heatran|Stealth Rock|p2a: Abomasnow\n|-sidestart|p2: GedGrey|move: Stealth Rock\n|move|p2a: Abomasnow|Earthquake|p1a: Heatran\n|-supereffective|p1a: Heatran\n|-enditem|p1a: Heatran|Shuca Berry|[eat]\n|-enditem|p1a: Heatran|Shuca Berry|[weaken]\n|-damage|p1a: Heatran|56\/100\n|\n|-weather|Snow|[upkeep]\n|upkeep\n|turn|15\n|\n|t:|1700163051\n|move|p1a: Heatran|Lava Plume|p2a: Abomasnow\n|-supereffective|p2a: Abomasnow\n|-damage|p2a: Abomasnow|0 fnt\n|faint|p2a: Abomasnow\n|\n|-weather|none\n|-fieldend|move: Psychic Terrain\n|upkeep\n|\n|t:|1700163055\n|switch|p2a: Klinklang|Klinklang|78\/100\n|-damage|p2a: Klinklang|72\/100|[from] Stealth Rock\n|turn|16\n|\n|t:|1700163059\n|move|p1a: Heatran|Scorching Sands|p2a: Klinklang\n|-supereffective|p2a: Klinklang\n|-damage|p2a: Klinklang|24\/100\n|-status|p2a: Klinklang|brn\n|move|p2a: Klinklang|Trick Room|p2a: Klinklang\n|-fieldstart|move: Trick Room|[of] p2a: Klinklang\n|\n|-damage|p2a: Klinklang|18\/100 brn|[from] brn\n|upkeep\n|turn|17\n|\n|t:|1700163069\n|move|p1a: Heatran|Toxic||[still]\n|-fail|p1a: Heatran\n|move|p2a: Klinklang|Gear Grind|p1a: Heatran\n|-resisted|p1a: Heatran\n|-damage|p1a: Heatran|54\/100\n|-resisted|p1a: Heatran\n|-damage|p1a: Heatran|52\/100\n|-hitcount|p1a: Heatran|2\n|\n|-damage|p2a: Klinklang|11\/100 brn|[from] brn\n|upkeep\n|turn|18\n|\n|t:|1700163083\n|move|p1a: Heatran|Toxic||[still]\n|-fail|p1a: Heatran\n|move|p2a: Klinklang|Gear Grind|p1a: Heatran\n|-resisted|p1a: Heatran\n|-damage|p1a: Heatran|51\/100\n|-resisted|p1a: Heatran\n|-damage|p1a: Heatran|49\/100\n|-hitcount|p1a: Heatran|2\n|\n|-damage|p2a: Klinklang|5\/100 brn|[from] brn\n|upkeep\n|turn|19\n|\n|t:|1700163091\n|move|p1a: Heatran|Toxic||[still]\n|-fail|p1a: Heatran\n|move|p2a: Klinklang|Volt Switch|p1a: Heatran\n|-damage|p1a: Heatran|41\/100\n|\n|t:|1700163095\n|switch|p2a: Huntail|Huntail, M, shiny|100\/100|[from] Volt Switch\n|-damage|p2a: Huntail|88\/100|[from] Stealth Rock\n|\n|upkeep\n|turn|20\n|\n|t:|1700163099\n|move|p2a: Huntail|Waterfall|p1a: Heatran\n|-supereffective|p1a: Heatran\n|-damage|p1a: Heatran|0 fnt\n|faint|p1a: Heatran\n|\n|-fieldend|move: Trick Room\n|upkeep\n|\n|t:|1700163103\n|switch|p1a: Glimmora|Glimmora, F, tera:Ground|86\/100\n|turn|21\n|\n|t:|1700163107\n|move|p1a: Glimmora|Energy Ball|p2a: Huntail\n|-supereffective|p2a: Huntail\n|-damage|p2a: Huntail|0 fnt\n|faint|p2a: Huntail\n|\n|upkeep\n|\n|t:|1700163110\n|switch|p2a: Klinklang|Klinklang|5\/100 brn\n|-damage|p2a: Klinklang|0 fnt|[from] Stealth Rock\n|faint|p2a: Klinklang\n|\n|win|hightopfade69\n|raw|hightopfade69's rating: 1276 &rarr; <strong>1300<\/strong><br \/>(+24 for winning)\n|raw|GedGrey's rating: 1265 &rarr; <strong>1241<\/strong><br \/>(-24 for losing)\n|l|\u2606GedGrey\n","uploadtime":1700163118,"views":27,"p1id":"hightopfade69","p2id":"gedgrey","formatid":"gen9nationaldex","rating":1241,"private":0,"password":""}