{"id":"gen9nationaldex-1994544389","p1":"PossumJ","p2":"mtyqjltz6","format":"[Gen 9] National Dex","log":"|j|\u2606PossumJ\n|j|\u2606mtyqjltz6\n|t:|1700457353\n|gametype|singles\n|player|p1|PossumJ|steven|1289\n|player|p2|mtyqjltz6|elesa|1365\n|teamsize|p1|6\n|teamsize|p2|6\n|gen|9\n|tier|[Gen 9] National Dex\n|rated|\n|rule|HP Percentage Mod: HP is shown in percentages\n|rule|Endless Battle Clause: Forcing endless battles is banned\n|rule|OHKO Clause: OHKO moves are banned\n|rule|Evasion Clause: Evasion abilities, items, and moves are banned\n|rule|Evasion Abilities Clause: Evasion abilities are banned\n|rule|Evasion Items Clause: Evasion items are banned\n|rule|Evasion Moves Clause: Evasion moves are banned\n|rule|Species Clause: Limit one of each Pok\u00e9mon\n|rule|Sleep Clause Mod: Limit one foe put to sleep\n|clearpoke\n|poke|p1|Venusaur, M|\n|poke|p1|Muk-Alola, M|\n|poke|p1|Iron Valiant|\n|poke|p1|Dragonite, F|\n|poke|p1|Lapras, M|\n|poke|p1|Thundurus, M|\n|poke|p2|Raticate, M|\n|poke|p2|Ribombee, F|\n|poke|p2|Nidoking, M|\n|poke|p2|Bisharp, M|\n|poke|p2|Medicham, F|\n|poke|p2|Thundurus-Therian, M|\n|teampreview\n|inactive|Battle timer is ON: inactive players will automatically lose when time's up. (requested by mtyqjltz6)\n|\n|t:|1700457368\n|start\n|switch|p1a: Muk|Muk-Alola, M|100\/100\n|switch|p2a: Ribombee|Ribombee, F, shiny|100\/100\n|turn|1\n|l|\u2606PossumJ\n|inactive|PossumJ disconnected and has a minute to reconnect!\n|player|p1|\n|j|\u2606PossumJ\n|inactive|PossumJ reconnected and has 135 seconds left.\n|player|p1|PossumJ|steven\n|\n|t:|1700457387\n|move|p2a: Ribombee|Sticky Web|p1a: Muk\n|-sidestart|p1: PossumJ|move: Sticky Web\n|move|p1a: Muk|Gunk Shot|p2a: Ribombee\n|-supereffective|p2a: Ribombee\n|-enditem|p2a: Ribombee|Focus Sash\n|-damage|p2a: Ribombee|1\/100\n|\n|upkeep\n|turn|2\n|\n|t:|1700457402\n|move|p1a: Muk|Shadow Sneak|p2a: Ribombee\n|-damage|p2a: Ribombee|0 fnt\n|faint|p2a: Ribombee\n|\n|upkeep\n|\n|t:|1700457418\n|switch|p2a: Nidoking|Nidoking, M|100\/100\n|turn|3\n|inactive|mtyqjltz6 has 120 seconds left.\n|\n|t:|1700457438\n|-terastallize|p2a: Nidoking|Ground\n|move|p2a: Nidoking|Earth Power|p1a: Muk\n|-supereffective|p1a: Muk\n|-damage|p1a: Muk|0 fnt\n|faint|p1a: Muk\n|\n|upkeep\n|\n|t:|1700457450\n|switch|p1a: Thundurus|Thundurus, M|100\/100\n|turn|4\n|\n|t:|1700457458\n|switch|p2a: Bisharp|Bisharp, M, shiny|100\/100\n|move|p1a: Thundurus|Defog|p2a: Bisharp\n|-hint|Since gen 7, Dark is immune to Prankster moves.\n|-immune|p2a: Bisharp\n|\n|upkeep\n|turn|5\n|\n|t:|1700457469\n|switch|p1a: Dragonite|Dragonite, F|100\/100\n|move|p2a: Bisharp|Swords Dance|p2a: Bisharp\n|-boost|p2a: Bisharp|atk|2\n|\n|upkeep\n|turn|6\n|\n|t:|1700457477\n|move|p1a: Dragonite|Encore|p2a: Bisharp\n|-start|p2a: Bisharp|Encore\n|move|p2a: Bisharp|Swords Dance|p2a: Bisharp\n|-boost|p2a: Bisharp|atk|2\n|\n|upkeep\n|turn|7\n|\n|t:|1700457497\n|switch|p2a: Thundurus|Thundurus-Therian, M|100\/100\n|move|p1a: Dragonite|Dragon Dance|p1a: Dragonite\n|-boost|p1a: Dragonite|atk|1\n|-boost|p1a: Dragonite|spe|1\n|\n|upkeep\n|turn|8\n|\n|t:|1700457506\n|move|p2a: Thundurus|Hidden Power|p1a: Dragonite\n|-supereffective|p1a: Dragonite\n|-damage|p1a: Dragonite|60\/100\n|move|p1a: Dragonite|Dual Wingbeat|p2a: Thundurus\n|-resisted|p2a: Thundurus\n|-damage|p2a: Thundurus|80\/100\n|-resisted|p2a: Thundurus\n|-damage|p2a: Thundurus|59\/100\n|-hitcount|p2a: Thundurus|2\n|\n|upkeep\n|turn|9\n|\n|t:|1700457519\n|switch|p1a: Lapras|Lapras, M|100\/100\n|-activate|p1a: Lapras|move: Sticky Web\n|-unboost|p1a: Lapras|spe|1\n|move|p2a: Thundurus|Hidden Power|p1a: Lapras\n|-resisted|p1a: Lapras\n|-damage|p1a: Lapras|97\/100\n|\n|-heal|p1a: Lapras|100\/100|[from] item: Leftovers\n|upkeep\n|turn|10\n|\n|t:|1700457530\n|switch|p2a: Raticate|Raticate, M|100\/100\n|-terastallize|p1a: Lapras|Ground\n|move|p1a: Lapras|Freeze-Dry|p2a: Raticate\n|-damage|p2a: Raticate|49\/100\n|\n|-status|p2a: Raticate|brn|[from] item: Flame Orb\n|upkeep\n|turn|11\n|\n|t:|1700457541\n|move|p2a: Raticate|Facade|p1a: Lapras\n|-damage|p1a: Lapras|33\/100\n|move|p1a: Lapras|Sparkling Aria|p2a: Raticate\n|-damage|p2a: Raticate|0 fnt\n|faint|p2a: Raticate\n|\n|-heal|p1a: Lapras|39\/100|[from] item: Leftovers\n|upkeep\n|\n|t:|1700457558\n|switch|p2a: Nidoking|Nidoking, M, tera:Ground|100\/100\n|turn|12\n|\n|t:|1700457562\n|move|p2a: Nidoking|Ice Beam|p1a: Lapras\n|-supereffective|p1a: Lapras\n|-damage|p1a: Lapras|0 fnt\n|faint|p1a: Lapras\n|\n|upkeep\n|\n|t:|1700457571\n|switch|p1a: Thundurus|Thundurus, M|100\/100\n|turn|13\n|\n|t:|1700457578\n|switch|p2a: Bisharp|Bisharp, M, shiny|100\/100\n|move|p1a: Thundurus|Flash Cannon|p2a: Bisharp\n|-resisted|p2a: Bisharp\n|-damage|p2a: Bisharp|88\/100\n|\n|upkeep\n|turn|14\n|\n|t:|1700457587\n|move|p1a: Thundurus|Wildbolt Storm|p2a: Bisharp\n|-damage|p2a: Bisharp|44\/100\n|move|p2a: Bisharp|Knock Off|p1a: Thundurus\n|-damage|p1a: Thundurus|28\/100\n|-enditem|p1a: Thundurus|Heavy-Duty Boots|[from] move: Knock Off|[of] p2a: Bisharp\n|\n|upkeep\n|turn|15\n|\n|t:|1700457595\n|move|p2a: Bisharp|Sucker Punch|p1a: Thundurus\n|-damage|p1a: Thundurus|0 fnt\n|faint|p1a: Thundurus\n|\n|upkeep\n|\n|t:|1700457600\n|switch|p1a: Dragonite|Dragonite, F|60\/100\n|turn|16\n|-message|PossumJ forfeited.\n|\n|win|mtyqjltz6\n|raw|PossumJ's rating: 1289 &rarr; <strong>1269<\/strong><br \/>(-20 for losing)\n|raw|mtyqjltz6's rating: 1365 &rarr; <strong>1381<\/strong><br \/>(+16 for winning)\n|l|\u2606PossumJ\n","uploadtime":1700457613,"views":4,"p1id":"possumj","p2id":"mtyqjltz6","formatid":"gen9nationaldex","rating":1269,"private":0,"password":""}