{"id":"gen9nationaldex-1988076443","p1":"ocho1111","p2":"dogwater5678910","format":"[Gen 9] National Dex","log":"|j|\u2606ocho1111\n|j|\u2606dogwater5678910\n|t:|1699666625\n|gametype|singles\n|player|p1|ocho1111|boarder|1226\n|player|p2|dogwater5678910|benga|1168\n|teamsize|p1|6\n|teamsize|p2|6\n|gen|9\n|tier|[Gen 9] National Dex\n|rated|\n|rule|HP Percentage Mod: HP is shown in percentages\n|rule|Endless Battle Clause: Forcing endless battles is banned\n|rule|OHKO Clause: OHKO moves are banned\n|rule|Evasion Clause: Evasion abilities, items, and moves are banned\n|rule|Evasion Abilities Clause: Evasion abilities are banned\n|rule|Evasion Items Clause: Evasion items are banned\n|rule|Evasion Moves Clause: Evasion moves are banned\n|rule|Species Clause: Limit one of each Pok\u00e9mon\n|rule|Sleep Clause Mod: Limit one foe put to sleep\n|clearpoke\n|poke|p1|Mawile, F|\n|poke|p1|Victini|\n|poke|p1|Tornadus-Therian, M|\n|poke|p1|Ursaluna, M|\n|poke|p1|Gardevoir, F|\n|poke|p1|Jellicent, F|\n|poke|p2|Lopunny, F|\n|poke|p2|Dipplin, F|\n|poke|p2|Munkidori, M|\n|poke|p2|Urshifu-*, M|\n|poke|p2|Galvantula, F|\n|poke|p2|Excadrill, M|\n|teampreview\n|inactive|Battle timer is ON: inactive players will automatically lose when time's up. (requested by dogwater5678910)\n|\n|t:|1699666643\n|start\n|switch|p1a: Tornadus|Tornadus-Therian, M|100\/100\n|switch|p2a: Galvantula|Galvantula, F|100\/100\n|turn|1\n|\n|t:|1699666667\n|move|p2a: Galvantula|Sticky Web|p1a: Tornadus\n|-sidestart|p1: ocho1111|move: Sticky Web\n|move|p1a: Tornadus|U-turn|p2a: Galvantula\n|-damage|p2a: Galvantula|72\/100\n|\n|t:|1699666672\n|switch|p1a: Jellicent|Jellicent, F|100\/100|[from] U-turn\n|-activate|p1a: Jellicent|move: Sticky Web\n|-unboost|p1a: Jellicent|spe|1\n|\n|upkeep\n|turn|2\n|\n|t:|1699666677\n|move|p2a: Galvantula|Thunder|p1a: Jellicent\n|-supereffective|p1a: Jellicent\n|-damage|p1a: Jellicent|17\/100\n|move|p1a: Jellicent|Trick Room|p1a: Jellicent\n|-fieldstart|move: Trick Room|[of] p1a: Jellicent\n|\n|-heal|p1a: Jellicent|24\/100|[from] item: Leftovers\n|upkeep\n|turn|3\n|\n|t:|1699666686\n|move|p1a: Jellicent|Scald|p2a: Galvantula\n|-damage|p2a: Galvantula|29\/100\n|-status|p2a: Galvantula|brn\n|move|p2a: Galvantula|Thunder|p1a: Jellicent\n|-supereffective|p1a: Jellicent\n|-damage|p1a: Jellicent|0 fnt\n|faint|p1a: Jellicent\n|\n|-damage|p2a: Galvantula|23\/100 brn|[from] brn\n|upkeep\n|\n|t:|1699666695\n|switch|p1a: Ursaluna|Ursaluna, M|100\/100\n|-activate|p1a: Ursaluna|move: Sticky Web\n|-unboost|p1a: Ursaluna|spe|1\n|turn|4\n|\n|t:|1699666699\n|move|p1a: Ursaluna|Protect|p1a: Ursaluna\n|-singleturn|p1a: Ursaluna|Protect\n|move|p2a: Galvantula|Bug Buzz|p1a: Ursaluna\n|-activate|p1a: Ursaluna|move: Protect\n|\n|-damage|p2a: Galvantula|17\/100 brn|[from] brn\n|-status|p1a: Ursaluna|brn|[from] item: Flame Orb\n|upkeep\n|turn|5\n|\n|t:|1699666711\n|move|p1a: Ursaluna|Facade|p2a: Galvantula\n|-damage|p2a: Galvantula|0 fnt\n|faint|p2a: Galvantula\n|\n|-damage|p1a: Ursaluna|94\/100 brn|[from] brn\n|upkeep\n|\n|t:|1699666718\n|switch|p2a: Dipplin|Dipplin, F|100\/100\n|turn|6\n|\n|t:|1699666727\n|move|p1a: Ursaluna|Facade|p2a: Dipplin\n|-damage|p2a: Dipplin|25\/100\n|move|p2a: Dipplin|Grass Knot|p1a: Ursaluna\n|-supereffective|p1a: Ursaluna\n|-damage|p1a: Ursaluna|0 fnt\n|faint|p1a: Ursaluna\n|\n|-fieldend|move: Trick Room\n|upkeep\n|\n|t:|1699666737\n|switch|p1a: Tornadus|Tornadus-Therian, M|100\/100\n|turn|7\n|\n|t:|1699666745\n|move|p1a: Tornadus|U-turn|p2a: Dipplin\n|-supereffective|p2a: Dipplin\n|-damage|p2a: Dipplin|4\/100\n|\n|t:|1699666754\n|switch|p1a: Gardevoir|Gardevoir, F|100\/100|[from] U-turn\n|-activate|p1a: Gardevoir|move: Sticky Web\n|-unboost|p1a: Gardevoir|spe|1\n|-ability|p1a: Gardevoir|Sticky Hold|[from] ability: Trace|[of] p2a: Dipplin\n|move|p2a: Dipplin|Draco Meteor|p1a: Gardevoir\n|-immune|p1a: Gardevoir\n|\n|upkeep\n|turn|8\n|\n|t:|1699666770\n|move|p2a: Dipplin|Giga Drain|p1a: Gardevoir\n|-damage|p1a: Gardevoir|74\/100\n|-heal|p2a: Dipplin|17\/100|[from] drain|[of] p1a: Gardevoir\n|move|p1a: Gardevoir|Draining Kiss|p2a: Dipplin\n|-supereffective|p2a: Dipplin\n|-damage|p2a: Dipplin|0 fnt\n|-heal|p1a: Gardevoir|87\/100|[from] drain|[of] p2a: Dipplin\n|faint|p2a: Dipplin\n|\n|-heal|p1a: Gardevoir|93\/100|[from] item: Leftovers\n|upkeep\n|\n|t:|1699666777\n|switch|p2a: Excadrill|Excadrill, M|100\/100\n|turn|9\n|\n|t:|1699666795\n|switch|p1a: Tornadus|Tornadus-Therian, M|100\/100\n|move|p2a: Excadrill|Earthquake|p1a: Tornadus\n|-immune|p1a: Tornadus\n|\n|upkeep\n|turn|10\n|\n|t:|1699666809\n|switch|p2a: Munkidori|Munkidori, M|100\/100\n|move|p1a: Tornadus|Chilling Water|p2a: Munkidori\n|-crit|p2a: Munkidori\n|-damage|p2a: Munkidori|71\/100\n|-unboost|p2a: Munkidori|atk|1\n|\n|upkeep\n|turn|11\n|\n|t:|1699666825\n|switch|p1a: Mawile|Mawile, F|100\/100\n|-activate|p1a: Mawile|move: Sticky Web\n|-unboost|p1a: Mawile|spe|1\n|-ability|p1a: Mawile|Intimidate|boost\n|-unboost|p2a: Munkidori|atk|1\n|move|p2a: Munkidori|Sludge Wave|p1a: Mawile\n|-immune|p1a: Mawile\n|\n|upkeep\n|turn|12\n|\n|t:|1699666835\n|switch|p2a: Excadrill|Excadrill, M|100\/100\n|detailschange|p1a: Mawile|Mawile-Mega, F\n|-mega|p1a: Mawile|Mawile|Mawilite\n|move|p1a: Mawile|Swords Dance|p1a: Mawile\n|-boost|p1a: Mawile|atk|2\n|\n|upkeep\n|turn|13\n|\n|t:|1699666842\n|move|p1a: Mawile|Sucker Punch|p2a: Excadrill\n|-damage|p2a: Excadrill|0 fnt\n|faint|p2a: Excadrill\n|\n|upkeep\n|\n|t:|1699666849\n|switch|p2a: Urshifu|Urshifu-Rapid-Strike, M|100\/100\n|turn|14\n|\n|t:|1699666860\n|move|p1a: Mawile|Sucker Punch||[still]\n|-fail|p1a: Mawile\n|move|p2a: Urshifu|Swords Dance|p2a: Urshifu\n|-boost|p2a: Urshifu|atk|2\n|\n|upkeep\n|turn|15\n|\n|t:|1699666866\n|move|p2a: Urshifu|Surging Strikes|p1a: Mawile\n|-crit|p1a: Mawile\n|-damage|p1a: Mawile|53\/100\n|-crit|p1a: Mawile\n|-damage|p1a: Mawile|5\/100\n|-crit|p1a: Mawile\n|-damage|p1a: Mawile|0 fnt\n|faint|p1a: Mawile\n|-hitcount|p1: Mawile|3\n|\n|upkeep\n|\n|t:|1699666876\n|switch|p1a: Tornadus|Tornadus-Therian, M|100\/100\n|turn|16\n|\n|t:|1699666880\n|move|p1a: Tornadus|Bleakwind Storm|p2a: Urshifu\n|-supereffective|p2a: Urshifu\n|-damage|p2a: Urshifu|0 fnt\n|faint|p2a: Urshifu\n|\n|upkeep\n|\n|t:|1699666885\n|switch|p2a: Munkidori|Munkidori, M|71\/100\n|turn|17\n|\n|t:|1699666895\n|switch|p1a: Gardevoir|Gardevoir, F|93\/100\n|-activate|p1a: Gardevoir|move: Sticky Web\n|-unboost|p1a: Gardevoir|spe|1\n|-ability|p1a: Gardevoir|Toxic Chain|[from] ability: Trace|[of] p2a: Munkidori\n|move|p2a: Munkidori|Sludge Wave|p1a: Gardevoir\n|-supereffective|p1a: Gardevoir\n|-damage|p1a: Gardevoir|0 fnt\n|faint|p1a: Gardevoir\n|-damage|p2a: Munkidori|62\/100|[from] item: Life Orb\n|\n|upkeep\n|\n|t:|1699666908\n|switch|p1a: Victini|Victini|100\/100\n|-activate|p1a: Victini|move: Sticky Web\n|-unboost|p1a: Victini|spe|1\n|turn|18\n|\n|t:|1699666925\n|move|p2a: Munkidori|Sludge Wave|p1a: Victini\n|-damage|p1a: Victini|42\/100\n|-damage|p2a: Munkidori|52\/100|[from] item: Life Orb\n|move|p1a: Victini|V-create|p2a: Munkidori\n|-damage|p2a: Munkidori|0 fnt\n|-unboost|p1a: Victini|spe|1\n|-unboost|p1a: Victini|def|1\n|-unboost|p1a: Victini|spd|1\n|faint|p2a: Munkidori\n|\n|upkeep\n|\n|t:|1699666927\n|switch|p2a: Lopunny|Lopunny, F|100\/100\n|turn|19\n|\n|t:|1699666935\n|switch|p1a: Tornadus|Tornadus-Therian, M|100\/100\n|detailschange|p2a: Lopunny|Lopunny-Mega, F\n|-mega|p2a: Lopunny|Lopunny|Lopunnite\n|move|p2a: Lopunny|Fake Out|p1a: Tornadus\n|-damage|p1a: Tornadus|72\/100\n|\n|upkeep\n|turn|20\n|\n|t:|1699666945\n|move|p2a: Lopunny|Return|p1a: Tornadus\n|-damage|p1a: Tornadus|2\/100\n|move|p1a: Tornadus|Bleakwind Storm|p2a: Lopunny|[miss]\n|-miss|p1a: Tornadus|p2a: Lopunny\n|\n|upkeep\n|turn|21\n|\n|t:|1699666954\n|move|p2a: Lopunny|Return|p1a: Tornadus\n|-damage|p1a: Tornadus|0 fnt\n|faint|p1a: Tornadus\n|\n|upkeep\n|\n|t:|1699666958\n|switch|p1a: Victini|Victini|42\/100\n|-activate|p1a: Victini|move: Sticky Web\n|-unboost|p1a: Victini|spe|1\n|turn|22\n|\n|t:|1699666962\n|move|p2a: Lopunny|Return|p1a: Victini\n|-damage|p1a: Victini|0 fnt\n|faint|p1a: Victini\n|\n|win|dogwater5678910\n|raw|ocho1111's rating: 1226 &rarr; <strong>1197<\/strong><br \/>(-29 for losing)\n|raw|dogwater5678910's rating: 1168 &rarr; <strong>1197<\/strong><br \/>(+29 for winning)\n","uploadtime":1699666970,"views":4,"p1id":"ocho1111","p2id":"dogwater5678910","formatid":"gen9nationaldex","rating":1197,"private":0,"password":""}