{"id":"gen9nationaldex-1991718165","p1":"PapaPena","p2":"FisheePhishee","format":"[Gen 9] National Dex","log":"|j|\u2606PapaPena\n|j|\u2606FisheePhishee\n|t:|1700106463\n|gametype|singles\n|player|p1|PapaPena|roughneck|\n|player|p2|FisheePhishee|1|\n|teamsize|p1|6\n|teamsize|p2|6\n|gen|9\n|tier|[Gen 9] National Dex\n|rule|HP Percentage Mod: HP is shown in percentages\n|rule|Endless Battle Clause: Forcing endless battles is banned\n|rule|OHKO Clause: OHKO moves are banned\n|rule|Evasion Clause: Evasion abilities, items, and moves are banned\n|rule|Evasion Abilities Clause: Evasion abilities are banned\n|rule|Evasion Items Clause: Evasion items are banned\n|rule|Evasion Moves Clause: Evasion moves are banned\n|rule|Species Clause: Limit one of each Pok\u00e9mon\n|rule|Sleep Clause Mod: Limit one foe put to sleep\n|clearpoke\n|poke|p1|Moltres|\n|poke|p1|Tornadus-Therian, M|\n|poke|p1|Klefki, M|\n|poke|p1|Eelektross, F|\n|poke|p1|Lycanroc-Midnight, M|\n|poke|p1|Toedscool, F|\n|poke|p2|Toxapex, F|\n|poke|p2|Ceruledge, F|\n|poke|p2|Slither Wing|\n|poke|p2|Vivillon, F|\n|poke|p2|Krokorok, F|\n|poke|p2|Gogoat, F|\n|teampreview\n|\n|t:|1700106487\n|start\n|switch|p1a: what dat mouth do|Eelektross, F|100\/100\n|switch|p2a: Krokorok|Krokorok, F|100\/100\n|-ability|p2a: Krokorok|Intimidate|boost\n|-unboost|p1a: what dat mouth do|atk|1\n|turn|1\n|\n|t:|1700106529\n|move|p2a: Krokorok|Earthquake|p1a: what dat mouth do\n|-immune|p1a: what dat mouth do|[from] ability: Levitate\n|move|p1a: what dat mouth do|Close Combat|p2a: Krokorok\n|-supereffective|p2a: Krokorok\n|-damage|p2a: Krokorok|0 fnt\n|-unboost|p1a: what dat mouth do|def|1\n|-unboost|p1a: what dat mouth do|spd|1\n|faint|p2a: Krokorok\n|\n|upkeep\n|\n|t:|1700106568\n|switch|p2a: Ceruledge|Ceruledge, F, shiny|100\/100\n|turn|2\n|\n|t:|1700106597\n|switch|p1a: Tornadus|Tornadus-Therian, M|100\/100\n|move|p2a: Ceruledge|Bulk Up|p2a: Ceruledge\n|-boost|p2a: Ceruledge|atk|1\n|-boost|p2a: Ceruledge|def|1\n|\n|upkeep\n|turn|3\n|\n|t:|1700106663\n|move|p1a: Tornadus|Dark Pulse|p2a: Ceruledge\n|-supereffective|p2a: Ceruledge\n|-damage|p2a: Ceruledge|37\/100\n|move|p2a: Ceruledge|Bitter Blade|p1a: Tornadus\n|-damage|p1a: Tornadus|12\/100\n|-heal|p2a: Ceruledge|83\/100|[from] drain|[of] p1a: Tornadus\n|\n|-heal|p1a: Tornadus|18\/100|[from] item: Leftovers\n|upkeep\n|turn|4\n|\n|t:|1700106673\n|move|p2a: Ceruledge|Shadow Sneak|p1a: Tornadus\n|-damage|p1a: Tornadus|0 fnt\n|faint|p1a: Tornadus\n|\n|upkeep\n|\n|t:|1700106682\n|switch|p1a: what dat mouth do|Eelektross, F|100\/100\n|turn|5\n|\n|t:|1700106718\n|move|p2a: Ceruledge|Bulk Up|p2a: Ceruledge\n|-boost|p2a: Ceruledge|atk|1\n|-boost|p2a: Ceruledge|def|1\n|move|p1a: what dat mouth do|Stomping Tantrum|p2a: Ceruledge\n|-supereffective|p2a: Ceruledge\n|-crit|p2a: Ceruledge\n|-damage|p2a: Ceruledge|0 fnt\n|faint|p2a: Ceruledge\n|\n|upkeep\n|\n|t:|1700106759\n|switch|p2a: Gogoat|Gogoat, F|100\/100\n|turn|6\n|\n|t:|1700106796\n|switch|p1a: Klefki|Klefki, M|100\/100\n|move|p2a: Gogoat|Horn Leech|p1a: Klefki\n|-resisted|p1a: Klefki\n|-damage|p1a: Klefki|85\/100\n|\n|upkeep\n|turn|7\n|\n|t:|1700106808\n|move|p1a: Klefki|Spikes|p2a: Gogoat\n|-sidestart|p2: FisheePhishee|Spikes\n|move|p2a: Gogoat|Brick Break|p1a: Klefki\n|-damage|p1a: Klefki|67\/100\n|\n|upkeep\n|turn|8\n|\n|t:|1700106819\n|move|p1a: Klefki|Spikes|p2a: Gogoat\n|-sidestart|p2: FisheePhishee|Spikes\n|move|p2a: Gogoat|Brick Break|p1a: Klefki\n|-damage|p1a: Klefki|46\/100\n|\n|upkeep\n|turn|9\n|\n|t:|1700106830\n|move|p2a: Gogoat|Brick Break|p1a: Klefki\n|-damage|p1a: Klefki|27\/100\n|move|p1a: Klefki|Draining Kiss|p2a: Gogoat\n|-damage|p2a: Gogoat|88\/100\n|-heal|p1a: Klefki|39\/100|[from] drain|[of] p2a: Gogoat\n|\n|upkeep\n|turn|10\n|\n|t:|1700106855\n|switch|p1a: flame-ingo|Moltres, shiny|100\/100\n|move|p2a: Gogoat|Brick Break|p1a: flame-ingo\n|-resisted|p1a: flame-ingo\n|-damage|p1a: flame-ingo|89\/100\n|\n|upkeep\n|turn|11\n|\n|t:|1700106875\n|switch|p2a: Toxapex|Toxapex, F|100\/100\n|-damage|p2a: Toxapex|84\/100|[from] Spikes\n|move|p1a: flame-ingo|Air Slash|p2a: Toxapex\n|-damage|p2a: Toxapex|59\/100\n|\n|-heal|p2a: Toxapex|66\/100|[from] item: Black Sludge\n|upkeep\n|turn|12\n|\n|t:|1700106888\n|move|p1a: flame-ingo|Scorching Sands|p2a: Toxapex\n|-supereffective|p2a: Toxapex\n|-damage|p2a: Toxapex|35\/100\n|move|p2a: Toxapex|Recover|p2a: Toxapex\n|-heal|p2a: Toxapex|85\/100\n|\n|-heal|p2a: Toxapex|92\/100|[from] item: Black Sludge\n|upkeep\n|turn|13\n|\n|t:|1700106899\n|switch|p1a: squeeward|Toedscool, F|100\/100\n|move|p2a: Toxapex|Scald|p1a: squeeward\n|-damage|p1a: squeeward|91\/100\n|\n|-heal|p2a: Toxapex|98\/100|[from] item: Black Sludge\n|upkeep\n|turn|14\n|\n|t:|1700106916\n|move|p1a: squeeward|Knock Off|p2a: Toxapex\n|-damage|p2a: Toxapex|91\/100\n|-enditem|p2a: Toxapex|Black Sludge|[from] move: Knock Off|[of] p1a: squeeward\n|move|p2a: Toxapex|Toxic|p1a: squeeward\n|-status|p1a: squeeward|tox\n|\n|-damage|p1a: squeeward|85\/100 tox|[from] psn\n|upkeep\n|turn|15\n|\n|t:|1700106933\n|move|p2a: Toxapex|Haze|p2a: Toxapex\n|-clearallboost\n|move|p1a: squeeward|Leech Seed|p2a: Toxapex|[miss]\n|-miss|p1a: squeeward|p2a: Toxapex\n|\n|-damage|p1a: squeeward|73\/100 tox|[from] psn\n|upkeep\n|turn|16\n|\n|t:|1700106950\n|move|p2a: Toxapex|Scald|p1a: squeeward\n|-damage|p1a: squeeward|63\/100 tox\n|move|p1a: squeeward|Leech Seed|p2a: Toxapex\n|-start|p2a: Toxapex|move: Leech Seed\n|\n|-damage|p2a: Toxapex|78\/100|[from] Leech Seed|[of] p1a: squeeward\n|-heal|p1a: squeeward|77\/100 tox|[silent]\n|-damage|p1a: squeeward|59\/100 tox|[from] psn\n|upkeep\n|turn|17\n|\n|t:|1700106960\n|move|p1a: squeeward|Protect|p1a: squeeward\n|-singleturn|p1a: squeeward|Protect\n|move|p2a: Toxapex|Scald|p1a: squeeward\n|-activate|p1a: squeeward|move: Protect\n|\n|-damage|p2a: Toxapex|66\/100|[from] Leech Seed|[of] p1a: squeeward\n|-heal|p1a: squeeward|72\/100 tox|[silent]\n|-damage|p1a: squeeward|48\/100 tox|[from] psn\n|upkeep\n|turn|18\n|\n|t:|1700106970\n|switch|p1a: flame-ingo|Moltres, shiny|89\/100\n|move|p2a: Toxapex|Recover|p2a: Toxapex\n|-heal|p2a: Toxapex|100\/100\n|\n|-damage|p2a: Toxapex|88\/100|[from] Leech Seed|[of] p1a: flame-ingo\n|-heal|p1a: flame-ingo|99\/100|[silent]\n|upkeep\n|turn|19\n|\n|t:|1700107015\n|switch|p1a: what dat mouth do|Eelektross, F|100\/100\n|switch|p2a: Vivillon|Vivillon, F|100\/100\n|\n|upkeep\n|turn|20\n|\n|t:|1700107060\n|move|p2a: Vivillon|Sleep Powder|p1a: what dat mouth do\n|-status|p1a: what dat mouth do|slp|[from] move: Sleep Powder\n|cant|p1a: what dat mouth do|slp\n|\n|upkeep\n|turn|21\n|\n|t:|1700107068\n|move|p2a: Vivillon|Quiver Dance|p2a: Vivillon\n|-boost|p2a: Vivillon|spa|1\n|-boost|p2a: Vivillon|spd|1\n|-boost|p2a: Vivillon|spe|1\n|-curestatus|p1a: what dat mouth do|slp|[msg]\n|move|p1a: what dat mouth do|Thunder Punch|p2a: Vivillon\n|-supereffective|p2a: Vivillon\n|-damage|p2a: Vivillon|0 fnt\n|faint|p2a: Vivillon\n|\n|upkeep\n|\n|t:|1700107088\n|switch|p2a: Gogoat|Gogoat, F|88\/100\n|-damage|p2a: Gogoat|72\/100|[from] Spikes\n|turn|22\n|\n|t:|1700107098\n|switch|p1a: flame-ingo|Moltres, shiny|99\/100\n|move|p2a: Gogoat|Horn Leech|p1a: flame-ingo\n|-resisted|p1a: flame-ingo\n|-damage|p1a: flame-ingo|90\/100\n|-heal|p2a: Gogoat|76\/100|[from] drain|[of] p1a: flame-ingo\n|\n|upkeep\n|turn|23\n|\n|t:|1700107110\n|move|p1a: flame-ingo|Air Slash|p2a: Gogoat\n|-supereffective|p2a: Gogoat\n|-enditem|p2a: Gogoat|Coba Berry|[eat]\n|-enditem|p2a: Gogoat|Coba Berry|[weaken]\n|-damage|p2a: Gogoat|48\/100\n|cant|p2a: Gogoat|flinch\n|\n|upkeep\n|turn|24\n|\n|t:|1700107122\n|move|p1a: flame-ingo|Air Slash|p2a: Gogoat\n|-supereffective|p2a: Gogoat\n|-damage|p2a: Gogoat|0 fnt\n|faint|p2a: Gogoat\n|\n|upkeep\n|\n|t:|1700107129\n|switch|p2a: Toxapex|Toxapex, F|100\/100\n|-damage|p2a: Toxapex|84\/100|[from] Spikes\n|turn|25\n|\n|t:|1700107161\n|-terastallize|p1a: flame-ingo|Fairy\n|move|p1a: flame-ingo|Scorching Sands|p2a: Toxapex\n|-supereffective|p2a: Toxapex\n|-damage|p2a: Toxapex|52\/100\n|move|p2a: Toxapex|Scald|p1a: flame-ingo\n|-damage|p1a: flame-ingo|78\/100\n|-status|p1a: flame-ingo|brn\n|\n|-damage|p1a: flame-ingo|72\/100 brn|[from] brn\n|upkeep\n|turn|26\n|\n|t:|1700107176\n|move|p1a: flame-ingo|Scorching Sands|p2a: Toxapex\n|-supereffective|p2a: Toxapex\n|-damage|p2a: Toxapex|18\/100\n|move|p2a: Toxapex|Recover|p2a: Toxapex\n|-heal|p2a: Toxapex|68\/100\n|\n|-damage|p1a: flame-ingo|66\/100 brn|[from] brn\n|upkeep\n|turn|27\n|\n|t:|1700107183\n|move|p1a: flame-ingo|Scorching Sands|p2a: Toxapex\n|-supereffective|p2a: Toxapex\n|-damage|p2a: Toxapex|35\/100\n|-status|p2a: Toxapex|brn\n|move|p2a: Toxapex|Recover|p2a: Toxapex\n|-heal|p2a: Toxapex|85\/100 brn\n|\n|-damage|p1a: flame-ingo|60\/100 brn|[from] brn\n|-damage|p2a: Toxapex|79\/100 brn|[from] brn\n|upkeep\n|turn|28\n|\n|t:|1700107209\n|switch|p2a: Slither Wing|Slither Wing|100\/100\n|-damage|p2a: Slither Wing|84\/100|[from] Spikes\n|-enditem|p2a: Slither Wing|Booster Energy\n|-activate|p2a: Slither Wing|ability: Protosynthesis|[fromitem]\n|-start|p2a: Slither Wing|protosynthesisatk\n|move|p1a: flame-ingo|Roost|p1a: flame-ingo\n|-heal|p1a: flame-ingo|100\/100 brn\n|\n|-damage|p1a: flame-ingo|94\/100 brn|[from] brn\n|upkeep\n|turn|29\n|\n|t:|1700107248\n|-terastallize|p2a: Slither Wing|Electric\n|move|p2a: Slither Wing|First Impression|p1a: flame-ingo\n|-resisted|p1a: flame-ingo\n|-damage|p1a: flame-ingo|58\/100 brn\n|move|p1a: flame-ingo|Air Slash|p2a: Slither Wing\n|-resisted|p2a: Slither Wing\n|-damage|p2a: Slither Wing|67\/100\n|\n|-damage|p1a: flame-ingo|52\/100 brn|[from] brn\n|upkeep\n|turn|30\n|\n|t:|1700107268\n|move|p2a: Slither Wing|Wild Charge|p1a: flame-ingo\n|-damage|p1a: flame-ingo|0 fnt\n|-status|p2a: Slither Wing|brn|[from] ability: Flame Body|[of] p1a: flame-ingo\n|faint|p1a: flame-ingo\n|-damage|p2a: Slither Wing|51\/100 brn|[from] Recoil\n|\n|-damage|p2a: Slither Wing|45\/100 brn|[from] brn\n|upkeep\n|\n|t:|1700107276\n|switch|p1a: Klefki|Klefki, M|39\/100\n|turn|31\n|\n|t:|1700107289\n|move|p1a: Klefki|Reflect|p1a: Klefki\n|-sidestart|p1: PapaPena|Reflect\n|move|p2a: Slither Wing|U-turn|p1a: Klefki\n|-resisted|p1a: Klefki\n|-damage|p1a: Klefki|37\/100\n|\n|t:|1700107293\n|-end|p2a: Slither Wing|Protosynthesis|[silent]\n|switch|p2a: Toxapex|Toxapex, F|100\/100 brn|[from] U-turn\n|-damage|p2a: Toxapex|84\/100 brn|[from] Spikes\n|\n|-damage|p2a: Toxapex|78\/100 brn|[from] brn\n|upkeep\n|turn|32\n|\n|t:|1700107300\n|move|p1a: Klefki|Light Screen|p1a: Klefki\n|-sidestart|p1: PapaPena|move: Light Screen\n|move|p2a: Toxapex|Scald|p1a: Klefki\n|-damage|p1a: Klefki|27\/100\n|-status|p1a: Klefki|brn\n|\n|-damage|p1a: Klefki|21\/100 brn|[from] brn\n|-damage|p2a: Toxapex|72\/100 brn|[from] brn\n|upkeep\n|turn|33\n|\n|t:|1700107317\n|switch|p1a: Lycanroc|Lycanroc-Midnight, M|100\/100\n|move|p2a: Toxapex|Toxic|p1a: Lycanroc\n|-status|p1a: Lycanroc|tox\n|\n|-damage|p1a: Lycanroc|94\/100 tox|[from] psn\n|-damage|p2a: Toxapex|65\/100 brn|[from] brn\n|upkeep\n|turn|34\n|\n|t:|1700107378\n|switch|p1a: what dat mouth do|Eelektross, F|100\/100\n|move|p2a: Toxapex|Scald|p1a: what dat mouth do\n|-damage|p1a: what dat mouth do|92\/100\n|-status|p1a: what dat mouth do|brn\n|\n|-damage|p1a: what dat mouth do|86\/100 brn|[from] brn\n|-damage|p2a: Toxapex|59\/100 brn|[from] brn\n|upkeep\n|turn|35\n|\n|t:|1700107395\n|switch|p2a: Slither Wing|Slither Wing, tera:Electric|45\/100 brn\n|-damage|p2a: Slither Wing|29\/100 brn|[from] Spikes\n|move|p1a: what dat mouth do|Thunder Punch|p2a: Slither Wing\n|-resisted|p2a: Slither Wing\n|-damage|p2a: Slither Wing|8\/100 brn\n|\n|-damage|p2a: Slither Wing|1\/100 brn|[from] brn\n|-damage|p1a: what dat mouth do|80\/100 brn|[from] brn\n|upkeep\n|turn|36\n|\n|t:|1700107414\n|switch|p1a: Klefki|Klefki, M|21\/100 brn\n|move|p2a: Slither Wing|First Impression|p1a: Klefki\n|-resisted|p1a: Klefki\n|-damage|p1a: Klefki|18\/100 brn\n|\n|-damage|p2a: Slither Wing|0 fnt|[from] brn\n|faint|p2a: Slither Wing\n|-end|p2a: Slither Wing|Protosynthesis|[silent]\n|-damage|p1a: Klefki|12\/100 brn|[from] brn\n|upkeep\n|\n|t:|1700107422\n|switch|p2a: Toxapex|Toxapex, F|92\/100 brn\n|-damage|p2a: Toxapex|76\/100 brn|[from] Spikes\n|turn|37\n|\n|t:|1700107428\n|switch|p1a: what dat mouth do|Eelektross, F|80\/100 brn\n|move|p2a: Toxapex|Scald|p1a: what dat mouth do\n|-damage|p1a: what dat mouth do|70\/100 brn\n|\n|-damage|p1a: what dat mouth do|64\/100 brn|[from] brn\n|-damage|p2a: Toxapex|70\/100 brn|[from] brn\n|upkeep\n|turn|38\n|\n|t:|1700107441\n|move|p1a: what dat mouth do|Thunder Punch|p2a: Toxapex\n|-supereffective|p2a: Toxapex\n|-damage|p2a: Toxapex|32\/100 brn\n|move|p2a: Toxapex|Recover|p2a: Toxapex\n|-heal|p2a: Toxapex|82\/100 brn\n|\n|-damage|p1a: what dat mouth do|58\/100 brn|[from] brn\n|-damage|p2a: Toxapex|76\/100 brn|[from] brn\n|-sideend|p1: PapaPena|Reflect\n|upkeep\n|turn|39\n|\n|t:|1700107449\n|move|p1a: what dat mouth do|Thunder Punch|p2a: Toxapex\n|-supereffective|p2a: Toxapex\n|-damage|p2a: Toxapex|36\/100 brn\n|move|p2a: Toxapex|Scald|p1a: what dat mouth do\n|-damage|p1a: what dat mouth do|49\/100 brn\n|\n|-damage|p1a: what dat mouth do|43\/100 brn|[from] brn\n|-damage|p2a: Toxapex|30\/100 brn|[from] brn\n|-sideend|p1: PapaPena|move: Light Screen\n|upkeep\n|turn|40\n|\n|t:|1700107458\n|move|p1a: what dat mouth do|Thunder Punch|p2a: Toxapex\n|-supereffective|p2a: Toxapex\n|-damage|p2a: Toxapex|0 fnt\n|faint|p2a: Toxapex\n|\n|win|PapaPena\n|l|\u2606FisheePhishee\n","uploadtime":1700108375,"views":4,"p1id":"papapena","p2id":"fisheephishee","formatid":"gen9nationaldex","rating":0,"private":0,"password":""}