{"id":"gen9nationaldex-1998127522","p1":"Paraquat","p2":"ZachPlay","format":"[Gen 9] National Dex","log":"|html|<div class=\"broadcast-blue\"><strong>[Gen 9] National Dex is currently suspecting Sneasler! For information on how to participate check out the <a href=\"https:\/\/www.smogon.com\/forums\/threads\/sv-national-dex-suspect-8-just-dance.3731534\/\">suspect thread<\/a>.<\/strong><\/div>\n|j|\u2606Paraquat\n|j|\u2606ZachPlay\n|t:|1700896368\n|gametype|singles\n|player|p1|Paraquat|lass-gen4dp|1294\n|player|p2|ZachPlay|ginchiyo-conquest|1272\n|teamsize|p1|6\n|teamsize|p2|6\n|gen|9\n|tier|[Gen 9] National Dex\n|rated|\n|rule|HP Percentage Mod: HP is shown in percentages\n|rule|Endless Battle Clause: Forcing endless battles is banned\n|rule|OHKO Clause: OHKO moves are banned\n|rule|Evasion Clause: Evasion abilities, items, and moves are banned\n|rule|Evasion Abilities Clause: Evasion abilities are banned\n|rule|Evasion Items Clause: Evasion items are banned\n|rule|Evasion Moves Clause: Evasion moves are banned\n|rule|Species Clause: Limit one of each Pok\u00e9mon\n|rule|Sleep Clause Mod: Limit one foe put to sleep\n|clearpoke\n|poke|p1|Garchomp, M|\n|poke|p1|Weavile, F|\n|poke|p1|Heatran, M|\n|poke|p1|Rotom-Wash|\n|poke|p1|Shaymin|\n|poke|p1|Lucario, F|\n|poke|p2|Beedrill, M|\n|poke|p2|Slowking, F|\n|poke|p2|Tangrowth, M|\n|poke|p2|Gliscor, F|\n|poke|p2|Salamence, F|\n|poke|p2|Chandelure, M|\n|teampreview\n|j| puddlesbassdee\n|\n|t:|1700896379\n|start\n|switch|p1a: Garchomp|Garchomp, M|100\/100\n|switch|p2a: Beedrill|Beedrill, M|100\/100\n|turn|1\n|\n|t:|1700896386\n|switch|p2a: Gliscor|Gliscor, F|100\/100\n|move|p1a: Garchomp|Stealth Rock|p2a: Gliscor\n|-sidestart|p2: ZachPlay|move: Stealth Rock\n|\n|-status|p2a: Gliscor|tox|[from] item: Toxic Orb\n|upkeep\n|turn|2\n|\n|t:|1700896396\n|switch|p1a: Weavile|Weavile, F|100\/100\n|-ability|p1a: Weavile|Pressure\n|move|p2a: Gliscor|Stealth Rock|p1a: Weavile\n|-sidestart|p1: Paraquat|move: Stealth Rock\n|\n|upkeep\n|turn|3\n|\n|t:|1700896410\n|-terastallize|p2a: Gliscor|Water\n|move|p1a: Weavile|Knock Off|p2a: Gliscor\n|-damage|p2a: Gliscor|57\/100 tox\n|-enditem|p2a: Gliscor|Toxic Orb|[from] move: Knock Off|[of] p1a: Weavile\n|move|p2a: Gliscor|Spikes|p1a: Weavile\n|-sidestart|p1: Paraquat|Spikes\n|\n|-heal|p2a: Gliscor|70\/100 tox|[from] ability: Poison Heal\n|upkeep\n|turn|4\n|\n|t:|1700896427\n|switch|p1a: Rotom|Rotom-Wash|100\/100\n|-damage|p1a: Rotom|88\/100|[from] Stealth Rock\n|move|p2a: Gliscor|Roost|p2a: Gliscor\n|-heal|p2a: Gliscor|100\/100 tox\n|\n|-heal|p1a: Rotom|94\/100|[from] item: Leftovers\n|upkeep\n|turn|5\n|\n|t:|1700896440\n|switch|p2a: Tangrowth|Tangrowth, M|100\/100\n|-damage|p2a: Tangrowth|88\/100|[from] Stealth Rock\n|move|p1a: Rotom|Defog|p2a: Tangrowth\n|-unboost|p2a: Tangrowth|evasion|1\n|-sideend|p2: ZachPlay|Stealth Rock|[from] move: Defog|[of] p1a: Rotom\n|-sideend|p1: Paraquat|Spikes|[from] move: Defog|[of] p1a: Rotom\n|-sideend|p1: Paraquat|Stealth Rock|[from] move: Defog|[of] p1a: Rotom\n|\n|-heal|p1a: Rotom|100\/100|[from] item: Leftovers\n|-heal|p2a: Tangrowth|94\/100|[from] item: Leftovers\n|upkeep\n|turn|6\n|\n|t:|1700896455\n|move|p1a: Rotom|Will-O-Wisp|p2a: Tangrowth\n|-status|p2a: Tangrowth|brn\n|move|p2a: Tangrowth|Knock Off|p1a: Rotom\n|-crit|p1a: Rotom\n|-damage|p1a: Rotom|90\/100\n|-enditem|p1a: Rotom|Leftovers|[from] move: Knock Off|[of] p2a: Tangrowth\n|\n|-heal|p2a: Tangrowth|100\/100 brn|[from] item: Leftovers\n|-damage|p2a: Tangrowth|94\/100 brn|[from] brn\n|upkeep\n|turn|7\n|inactive|Battle timer is ON: inactive players will automatically lose when time's up. (requested by ZachPlay)\n|\n|t:|1700896466\n|move|p1a: Rotom|Volt Switch|p2a: Tangrowth\n|-resisted|p2a: Tangrowth\n|-damage|p2a: Tangrowth|74\/100 brn\n|\n|t:|1700896471\n|switch|p1a: Shaymin|Shaymin|100\/100|[from] Volt Switch\n|move|p2a: Tangrowth|Giga Drain|p1a: Shaymin\n|-resisted|p1a: Shaymin\n|-damage|p1a: Shaymin|87\/100\n|-heal|p2a: Tangrowth|80\/100 brn|[from] drain|[of] p1a: Shaymin\n|\n|-heal|p2a: Tangrowth|86\/100 brn|[from] item: Leftovers\n|-damage|p2a: Tangrowth|80\/100 brn|[from] brn\n|upkeep\n|turn|8\n|\n|t:|1700896494\n|move|p1a: Shaymin|Hidden Power|p2a: Tangrowth\n|-supereffective|p2a: Tangrowth\n|-damage|p2a: Tangrowth|19\/100 brn\n|-damage|p1a: Shaymin|77\/100|[from] item: Life Orb\n|move|p2a: Tangrowth|Hidden Power|p1a: Shaymin\n|-supereffective|p1a: Shaymin\n|-damage|p1a: Shaymin|47\/100\n|\n|-heal|p2a: Tangrowth|25\/100 brn|[from] item: Leftovers\n|-damage|p2a: Tangrowth|19\/100 brn|[from] brn\n|upkeep\n|turn|9\n|l| puddlesbassdee\n|\n|t:|1700896507\n|switch|p2a: Slowking|Slowking, F|100\/100\n|move|p1a: Shaymin|Hidden Power|p2a: Slowking\n|-resisted|p2a: Slowking\n|-damage|p2a: Slowking|94\/100\n|-damage|p1a: Shaymin|37\/100|[from] item: Life Orb\n|\n|upkeep\n|turn|10\n|\n|t:|1700896516\n|move|p1a: Shaymin|Seed Flare|p2a: Slowking|[miss]\n|-miss|p1a: Shaymin|p2a: Slowking\n|move|p2a: Slowking|Future Sight|p1a: Shaymin\n|-start|p2a: Slowking|move: Future Sight\n|\n|upkeep\n|turn|11\n|\n|t:|1700896522\n|switch|p2a: Salamence|Salamence, F|100\/100\n|-ability|p2a: Salamence|Intimidate|boost\n|-unboost|p1a: Shaymin|atk|1\n|move|p1a: Shaymin|Seed Flare|p2a: Salamence\n|-resisted|p2a: Salamence\n|-crit|p2a: Salamence\n|-damage|p2a: Salamence|69\/100\n|-damage|p1a: Shaymin|27\/100|[from] item: Life Orb\n|\n|upkeep\n|turn|12\n|\n|t:|1700896534\n|switch|p1a: Weavile|Weavile, F|100\/100\n|-ability|p1a: Weavile|Pressure\n|move|p2a: Salamence|Dragon Claw|p1a: Weavile\n|-damage|p1a: Weavile|28\/100\n|\n|-end|p1a: Weavile|move: Future Sight\n|-immune|p1a: Weavile\n|upkeep\n|turn|13\n|\n|t:|1700896552\n|switch|p2a: Gliscor|Gliscor, F, tera:Water|100\/100 tox\n|move|p1a: Weavile|Triple Axel|p2a: Gliscor\n|-resisted|p2a: Gliscor\n|-damage|p2a: Gliscor|96\/100 tox\n|-resisted|p2a: Gliscor\n|-damage|p2a: Gliscor|88\/100 tox\n|-resisted|p2a: Gliscor\n|-damage|p2a: Gliscor|76\/100 tox\n|-hitcount|p2a: Gliscor|3\n|\n|-heal|p2a: Gliscor|88\/100 tox|[from] ability: Poison Heal\n|upkeep\n|turn|14\n|\n|t:|1700896569\n|switch|p1a: Rotom|Rotom-Wash|90\/100\n|move|p2a: Gliscor|Stealth Rock|p1a: Rotom\n|-sidestart|p1: Paraquat|move: Stealth Rock\n|\n|-heal|p2a: Gliscor|100\/100 tox|[from] ability: Poison Heal\n|upkeep\n|turn|15\n|\n|t:|1700896582\n|switch|p2a: Tangrowth|Tangrowth, M|52\/100 brn\n|move|p1a: Rotom|Defog|p2a: Tangrowth\n|-unboost|p2a: Tangrowth|evasion|1\n|-sideend|p1: Paraquat|Stealth Rock|[from] move: Defog|[of] p1a: Rotom\n|\n|-heal|p2a: Tangrowth|58\/100 brn|[from] item: Leftovers\n|-damage|p2a: Tangrowth|52\/100 brn|[from] brn\n|upkeep\n|turn|16\n|\n|t:|1700896593\n|move|p1a: Rotom|Volt Switch|p2a: Tangrowth\n|-resisted|p2a: Tangrowth\n|-damage|p2a: Tangrowth|35\/100 brn\n|\n|t:|1700896599\n|switch|p1a: Heatran|Heatran, M|100\/100|[from] Volt Switch\n|move|p2a: Tangrowth|Giga Drain|p1a: Heatran\n|-resisted|p1a: Heatran\n|-damage|p1a: Heatran|94\/100\n|-heal|p2a: Tangrowth|38\/100 brn|[from] drain|[of] p1a: Heatran\n|\n|-heal|p2a: Tangrowth|44\/100 brn|[from] item: Leftovers\n|-damage|p2a: Tangrowth|38\/100 brn|[from] brn\n|upkeep\n|turn|17\n|\n|t:|1700896616\n|switch|p2a: Chandelure|Chandelure, M|100\/100\n|move|p1a: Heatran|Eruption|p2a: Chandelure\n|-start|p2a: Chandelure|ability: Flash Fire\n|\n|upkeep\n|turn|18\n|\n|t:|1700896627\n|switch|p1a: Garchomp|Garchomp, M|100\/100\n|move|p2a: Chandelure|Flamethrower|p1a: Garchomp\n|-resisted|p1a: Garchomp\n|-damage|p1a: Garchomp|60\/100\n|\n|upkeep\n|turn|19\n|\n|t:|1700896637\n|-end|p2a: Chandelure|ability: Flash Fire|[silent]\n|switch|p2a: Tangrowth|Tangrowth, M|71\/100 brn\n|-zpower|p1a: Garchomp\n|move|p1a: Garchomp|Devastating Drake|p2a: Tangrowth|[zeffect]\n|-damage|p2a: Tangrowth|21\/100 brn\n|\n|-heal|p2a: Tangrowth|27\/100 brn|[from] item: Leftovers\n|-damage|p2a: Tangrowth|21\/100 brn|[from] brn\n|upkeep\n|turn|20\n|\n|t:|1700896650\n|switch|p2a: Salamence|Salamence, F|69\/100\n|-ability|p2a: Salamence|Intimidate|boost\n|-unboost|p1a: Garchomp|atk|1\n|move|p1a: Garchomp|Outrage|p2a: Salamence\n|-supereffective|p2a: Salamence\n|-damage|p2a: Salamence|0 fnt\n|faint|p2a: Salamence\n|\n|upkeep\n|\n|t:|1700896676\n|switch|p2a: Tangrowth|Tangrowth, M|54\/100 brn\n|turn|21\n|\n|t:|1700896681\n|move|p1a: Garchomp|Outrage|p2a: Tangrowth|[from]lockedmove\n|-damage|p2a: Tangrowth|33\/100 brn\n|-start|p1a: Garchomp|confusion|[fatigue]\n|move|p2a: Tangrowth|Leech Seed|p1a: Garchomp\n|-start|p1a: Garchomp|move: Leech Seed\n|\n|-heal|p2a: Tangrowth|40\/100 brn|[from] item: Leftovers\n|-damage|p1a: Garchomp|48\/100|[from] Leech Seed|[of] p2a: Tangrowth\n|-heal|p2a: Tangrowth|50\/100 brn|[silent]\n|-damage|p2a: Tangrowth|44\/100 brn|[from] brn\n|upkeep\n|turn|22\n|\n|t:|1700896699\n|switch|p1a: Heatran|Heatran, M|94\/100\n|move|p2a: Tangrowth|Knock Off|p1a: Heatran\n|-damage|p1a: Heatran|85\/100\n|-enditem|p1a: Heatran|Choice Scarf|[from] move: Knock Off|[of] p2a: Tangrowth\n|\n|-heal|p2a: Tangrowth|50\/100 brn|[from] item: Leftovers\n|-damage|p2a: Tangrowth|44\/100 brn|[from] brn\n|upkeep\n|turn|23\n|\n|t:|1700896710\n|switch|p2a: Slowking|Slowking, F|100\/100\n|move|p1a: Heatran|Magma Storm|p2a: Slowking|[miss]\n|-miss|p1a: Heatran|p2a: Slowking\n|\n|upkeep\n|turn|24\n|\n|t:|1700896719\n|switch|p1a: Rotom|Rotom-Wash|90\/100\n|move|p2a: Slowking|Scald|p1a: Rotom\n|-resisted|p1a: Rotom\n|-damage|p1a: Rotom|75\/100\n|-status|p1a: Rotom|brn\n|\n|-damage|p1a: Rotom|69\/100 brn|[from] brn\n|upkeep\n|turn|25\n|\n|t:|1700896730\n|move|p1a: Rotom|Volt Switch|p2a: Slowking\n|-supereffective|p2a: Slowking\n|-damage|p2a: Slowking|70\/100\n|\n|t:|1700896735\n|switch|p1a: Shaymin|Shaymin|27\/100|[from] Volt Switch\n|move|p2a: Slowking|Teleport|p2a: Slowking\n|\n|t:|1700896738\n|switch|p2a: Beedrill|Beedrill, M|100\/100|[from] Teleport\n|\n|upkeep\n|turn|26\n|\n|t:|1700896747\n|switch|p1a: Heatran|Heatran, M|85\/100\n|detailschange|p2a: Beedrill|Beedrill-Mega, M\n|-mega|p2a: Beedrill|Beedrill|Beedrillite\n|move|p2a: Beedrill|Fell Stinger|p1a: Heatran\n|-resisted|p1a: Heatran\n|-damage|p1a: Heatran|75\/100\n|\n|upkeep\n|turn|27\n|c|\u2606ZachPlay|Well\n|c|\u2606ZachPlay|It wall me\n|c|\u2606ZachPlay|Oh god\n|\n|t:|1700896764\n|move|p2a: Beedrill|Drill Run|p1a: Heatran\n|-supereffective|p1a: Heatran\n|-crit|p1a: Heatran\n|-damage|p1a: Heatran|0 fnt\n|faint|p1a: Heatran\n|\n|upkeep\n|\n|t:|1700896774\n|switch|p1a: Rotom|Rotom-Wash|69\/100 brn\n|turn|28\n|\n|t:|1700896780\n|move|p2a: Beedrill|U-turn|p1a: Rotom\n|-damage|p1a: Rotom|24\/100 brn\n|\n|t:|1700896784\n|switch|p2a: Slowking|Slowking, F|100\/100|[from] U-turn\n|move|p1a: Rotom|Will-O-Wisp|p2a: Slowking\n|-status|p2a: Slowking|brn\n|\n|-damage|p1a: Rotom|18\/100 brn|[from] brn\n|-damage|p2a: Slowking|94\/100 brn|[from] brn\n|upkeep\n|turn|29\n|\n|t:|1700896795\n|move|p1a: Rotom|Volt Switch|p2a: Slowking\n|-supereffective|p2a: Slowking\n|-damage|p2a: Slowking|62\/100 brn\n|\n|t:|1700896799\n|switch|p1a: Shaymin|Shaymin|27\/100|[from] Volt Switch\n|move|p2a: Slowking|Teleport|p2a: Slowking\n|\n|t:|1700896802\n|switch|p2a: Beedrill|Beedrill-Mega, M|100\/100|[from] Teleport\n|\n|upkeep\n|turn|30\n|\n|t:|1700896812\n|move|p2a: Beedrill|Fell Stinger|p1a: Shaymin\n|-supereffective|p1a: Shaymin\n|-damage|p1a: Shaymin|0 fnt\n|faint|p1a: Shaymin\n|-boost|p2a: Beedrill|atk|3\n|\n|upkeep\n|\n|t:|1700896818\n|switch|p1a: Lucario|Lucario, F|100\/100\n|turn|31\n|\n|t:|1700896827\n|-terastallize|p1a: Lucario|Normal\n|move|p1a: Lucario|Extreme Speed|p2a: Beedrill\n|-damage|p2a: Beedrill|0 fnt\n|faint|p2a: Beedrill\n|\n|upkeep\n|\n|t:|1700896834\n|switch|p2a: Gliscor|Gliscor, F, tera:Water|100\/100 tox\n|turn|32\n|\n|t:|1700896840\n|move|p1a: Lucario|Swords Dance|p1a: Lucario\n|-boost|p1a: Lucario|atk|2\n|move|p2a: Gliscor|U-turn|p1a: Lucario\n|-damage|p1a: Lucario|76\/100\n|\n|t:|1700896845\n|switch|p2a: Chandelure|Chandelure, M|100\/100|[from] U-turn\n|\n|upkeep\n|turn|33\n|\n|t:|1700896852\n|move|p2a: Chandelure|Overheat|p1a: Lucario\n|-damage|p1a: Lucario|0 fnt\n|-unboost|p2a: Chandelure|spa|2\n|faint|p1a: Lucario\n|\n|upkeep\n|\n|t:|1700896858\n|switch|p1a: Weavile|Weavile, F|28\/100\n|-ability|p1a: Weavile|Pressure\n|turn|34\n|\n|t:|1700896864\n|move|p2a: Chandelure|Overheat|p1a: Weavile|[miss]\n|-miss|p2a: Chandelure|p1a: Weavile\n|move|p1a: Weavile|Knock Off|p2a: Chandelure\n|-supereffective|p2a: Chandelure\n|-damage|p2a: Chandelure|0 fnt\n|-enditem|p2a: Chandelure|Choice Scarf|[from] move: Knock Off|[of] p1a: Weavile\n|faint|p2a: Chandelure\n|\n|upkeep\n|\n|t:|1700896869\n|switch|p2a: Gliscor|Gliscor, F, tera:Water|100\/100 tox\n|turn|35\n|\n|t:|1700896878\n|switch|p1a: Rotom|Rotom-Wash|18\/100 brn\n|move|p2a: Gliscor|U-turn|p1a: Rotom\n|-damage|p1a: Rotom|7\/100 brn\n|\n|t:|1700896881\n|switch|p2a: Slowking|Slowking, F|96\/100 brn|[from] U-turn\n|\n|-damage|p1a: Rotom|0 fnt|[from] brn\n|faint|p1a: Rotom\n|-damage|p2a: Slowking|90\/100 brn|[from] brn\n|upkeep\n|\n|t:|1700896891\n|switch|p1a: Weavile|Weavile, F|28\/100\n|-ability|p1a: Weavile|Pressure\n|turn|36\n|\n|t:|1700896896\n|switch|p2a: Gliscor|Gliscor, F, tera:Water|100\/100 tox\n|move|p1a: Weavile|Knock Off|p2a: Gliscor\n|-damage|p2a: Gliscor|71\/100 tox\n|\n|-heal|p2a: Gliscor|83\/100 tox|[from] ability: Poison Heal\n|upkeep\n|turn|37\n|-message|Paraquat forfeited.\n|\n|win|ZachPlay\n|raw|Paraquat's rating: 1294 &rarr; <strong>1267<\/strong><br \/>(-27 for losing)\n|raw|ZachPlay's rating: 1272 &rarr; <strong>1299<\/strong><br \/>(+27 for winning)\n|l|\u2606Paraquat\n","uploadtime":1700896916,"views":2,"p1id":"paraquat","p2id":"zachplay","formatid":"gen9nationaldex","rating":1267,"private":0,"password":""}