{"id":"gen9nationaldex-1996477312","p1":"Motorgis3534","p2":"Maxer59","format":"[Gen 9] National Dex","log":"|html|<div class=\"broadcast-blue\"><strong>[Gen 9] National Dex is currently suspecting Sneasler! For information on how to participate check out the <a href=\"https:\/\/www.smogon.com\/forums\/threads\/sv-national-dex-suspect-8-just-dance.3731534\/\">suspect thread<\/a>.<\/strong><\/div>\n|j|\u2606Motorgis3534\n|j|\u2606Maxer59\n|t:|1700685817\n|gametype|singles\n|player|p1|Motorgis3534|benga|\n|player|p2|Maxer59|lucas|\n|teamsize|p1|6\n|teamsize|p2|6\n|gen|9\n|tier|[Gen 9] National Dex\n|rule|HP Percentage Mod: HP is shown in percentages\n|rule|Endless Battle Clause: Forcing endless battles is banned\n|rule|OHKO Clause: OHKO moves are banned\n|rule|Evasion Clause: Evasion abilities, items, and moves are banned\n|rule|Evasion Abilities Clause: Evasion abilities are banned\n|rule|Evasion Items Clause: Evasion items are banned\n|rule|Evasion Moves Clause: Evasion moves are banned\n|rule|Species Clause: Limit one of each Pok\u00e9mon\n|rule|Sleep Clause Mod: Limit one foe put to sleep\n|clearpoke\n|poke|p1|Ogerpon-Cornerstone, F|\n|poke|p1|Obstagoon, F|\n|poke|p1|Kleavor, M|\n|poke|p1|Garganacl, M|\n|poke|p1|Gallade, M|\n|poke|p1|Dragonite, F|\n|poke|p2|Pikachu, F|\n|poke|p2|Gallade, M|\n|poke|p2|Crawdaunt, M|\n|poke|p2|Tornadus-Therian, M|\n|poke|p2|Keldeo-Resolute|\n|poke|p2|Ribombee, M|\n|teampreview\n|inactive|Battle timer is ON: inactive players will automatically lose when time's up. (requested by Maxer59)\n|\n|t:|1700685826\n|start\n|switch|p1a: Dragonite|Dragonite, F|100\/100\n|switch|p2a: Peak of evolution|Crawdaunt, M|100\/100\n|turn|1\n|\n|t:|1700685838\n|move|p2a: Peak of evolution|Lash Out|p1a: Dragonite\n|-damage|p1a: Dragonite|70\/100\n|move|p1a: Dragonite|Dragon Dance|p1a: Dragonite\n|-boost|p1a: Dragonite|atk|1\n|-boost|p1a: Dragonite|spe|1\n|\n|upkeep\n|turn|2\n|\n|t:|1700685845\n|move|p1a: Dragonite|Dragon Claw|p2a: Peak of evolution\n|-damage|p2a: Peak of evolution|0 fnt\n|faint|p2a: Peak of evolution\n|\n|upkeep\n|\n|t:|1700685849\n|switch|p2a: PikaGOD|Pikachu, F|100\/100\n|turn|3\n|\n|t:|1700685858\n|-terastallize|p2a: PikaGOD|Normal\n|move|p2a: PikaGOD|Fake Out|p1a: Dragonite\n|-damage|p1a: Dragonite|38\/100\n|cant|p1a: Dragonite|flinch\n|\n|upkeep\n|turn|4\n|\n|t:|1700685864\n|-terastallize|p1a: Dragonite|Normal\n|move|p1a: Dragonite|Extreme Speed|p2a: PikaGOD\n|-damage|p2a: PikaGOD|0 fnt\n|faint|p2a: PikaGOD\n|\n|upkeep\n|\n|t:|1700685877\n|switch|p2a: Ribombee|Ribombee, M|100\/100\n|turn|5\n|\n|t:|1700685883\n|move|p1a: Dragonite|Extreme Speed|p2a: Ribombee\n|-enditem|p2a: Ribombee|Focus Sash\n|-damage|p2a: Ribombee|1\/100\n|move|p2a: Ribombee|Moonblast|p1a: Dragonite\n|-damage|p1a: Dragonite|0 fnt\n|faint|p1a: Dragonite\n|\n|upkeep\n|\n|t:|1700685893\n|switch|p1a: Kleavor|Kleavor, M|100\/100\n|turn|6\n|\n|t:|1700685897\n|move|p2a: Ribombee|Sticky Web|p1a: Kleavor\n|-sidestart|p1: Motorgis3534|move: Sticky Web\n|move|p1a: Kleavor|Stone Axe|p2a: Ribombee\n|-supereffective|p2a: Ribombee\n|-damage|p2a: Ribombee|0 fnt\n|-sidestart|p2: Maxer59|move: Stealth Rock\n|faint|p2a: Ribombee\n|-damage|p1a: Kleavor|91\/100|[from] item: Life Orb\n|\n|upkeep\n|\n|t:|1700685909\n|switch|p2a: Excalibur is ZZZ|Gallade, M|100\/100\n|-damage|p2a: Excalibur is ZZZ|94\/100|[from] Stealth Rock\n|turn|7\n|\n|t:|1700685916\n|move|p2a: Excalibur is ZZZ|Sacred Sword|p1a: Kleavor\n|-damage|p1a: Kleavor|0 fnt\n|faint|p1a: Kleavor\n|\n|upkeep\n|\n|t:|1700685921\n|switch|p1a: Gallade|Gallade, M|100\/100\n|-activate|p1a: Gallade|move: Sticky Web\n|-unboost|p1a: Gallade|spe|1\n|turn|8\n|\n|t:|1700685924\n|switch|p2a: Tornadus|Tornadus-Therian, M|100\/100\n|-damage|p2a: Tornadus|75\/100|[from] Stealth Rock\n|move|p1a: Gallade|Psycho Cut|p2a: Tornadus\n|-crit|p2a: Tornadus\n|-damage|p2a: Tornadus|0 fnt\n|faint|p2a: Tornadus\n|\n|upkeep\n|\n|t:|1700685935\n|switch|p2a: Keldeo|Keldeo-Resolute|100\/100\n|-damage|p2a: Keldeo|94\/100|[from] Stealth Rock\n|turn|9\n|\n|t:|1700685956\n|move|p2a: Keldeo|Scald|p1a: Gallade\n|-damage|p1a: Gallade|49\/100\n|-status|p1a: Gallade|brn\n|move|p1a: Gallade|Psycho Cut|p2a: Keldeo\n|-supereffective|p2a: Keldeo\n|-damage|p2a: Keldeo|30\/100\n|\n|-damage|p1a: Gallade|43\/100 brn|[from] brn\n|upkeep\n|turn|10\n|\n|t:|1700685963\n|move|p2a: Keldeo|Scald|p1a: Gallade\n|-damage|p1a: Gallade|0 fnt\n|faint|p1a: Gallade\n|\n|upkeep\n|\n|t:|1700685982\n|switch|p1a: Obstagoon|Obstagoon, F|100\/100\n|-activate|p1a: Obstagoon|move: Sticky Web\n|-unboost|p1a: Obstagoon|spe|1\n|turn|11\n|\n|t:|1700685987\n|move|p1a: Obstagoon|Obstruct|p1a: Obstagoon\n|-singleturn|p1a: Obstagoon|Protect\n|move|p2a: Keldeo|Aura Sphere|p1a: Obstagoon\n|-activate|p1a: Obstagoon|move: Protect\n|\n|-status|p1a: Obstagoon|brn|[from] item: Flame Orb\n|upkeep\n|turn|12\n|\n|t:|1700685996\n|move|p2a: Keldeo|Secret Sword|p1a: Obstagoon\n|-supereffective|p1a: Obstagoon\n|-damage|p1a: Obstagoon|0 fnt\n|faint|p1a: Obstagoon\n|\n|upkeep\n|\n|t:|1700686017\n|switch|p1a: Ogerpon|Ogerpon-Cornerstone, F|100\/100\n|-activate|p1a: Ogerpon|move: Sticky Web\n|-unboost|p1a: Ogerpon|spe|1\n|turn|13\n|\n|t:|1700686023\n|move|p2a: Keldeo|Aura Sphere|p1a: Ogerpon\n|-supereffective|p1a: Ogerpon\n|-ability|p1a: Ogerpon|Sturdy\n|-damage|p1a: Ogerpon|1\/100\n|move|p1a: Ogerpon|Power Whip|p2a: Keldeo\n|-supereffective|p2a: Keldeo\n|-damage|p2a: Keldeo|0 fnt\n|faint|p2a: Keldeo\n|\n|upkeep\n|\n|t:|1700686028\n|switch|p2a: Excalibur is ZZZ|Gallade, M|94\/100\n|-damage|p2a: Excalibur is ZZZ|88\/100|[from] Stealth Rock\n|turn|14\n|\n|t:|1700686051\n|move|p2a: Excalibur is ZZZ|Sacred Sword|p1a: Ogerpon\n|-supereffective|p1a: Ogerpon\n|-damage|p1a: Ogerpon|0 fnt\n|faint|p1a: Ogerpon\n|\n|upkeep\n|\n|t:|1700686060\n|switch|p1a: Garganacl|Garganacl, M|100\/100\n|-activate|p1a: Garganacl|move: Sticky Web\n|-unboost|p1a: Garganacl|spe|1\n|turn|15\n|\n|t:|1700686065\n|move|p2a: Excalibur is ZZZ|Sacred Sword|p1a: Garganacl\n|-supereffective|p1a: Garganacl\n|-crit|p1a: Garganacl\n|-damage|p1a: Garganacl|0 fnt\n|faint|p1a: Garganacl\n|\n|win|Maxer59\n","uploadtime":1700686079,"views":2,"p1id":"motorgis3534","p2id":"maxer59","formatid":"gen9nationaldex","rating":0,"private":0,"password":""}