{"id":"gen9nationaldex-2000095575","p1":"King Tiffany","p2":"FlyingSudowoodo","format":"[Gen 9] National Dex","log":"|html|<div class=\"broadcast-blue\"><strong>[Gen 9] National Dex is currently suspecting Sneasler! For information on how to participate check out the <a href=\"https:\/\/www.smogon.com\/forums\/threads\/sv-national-dex-suspect-8-just-dance.3731534\/\">suspect thread<\/a>.<\/strong><\/div>\n|j|\u2606King Tiffany\n|j|\u2606FlyingSudowoodo\n|t:|1701153911\n|gametype|singles\n|player|p1|King Tiffany|pokemonbreeder-gen4|1372\n|player|p2|FlyingSudowoodo|brock|1363\n|teamsize|p1|6\n|teamsize|p2|6\n|gen|9\n|tier|[Gen 9] National Dex\n|rated|\n|rule|HP Percentage Mod: HP is shown in percentages\n|rule|Endless Battle Clause: Forcing endless battles is banned\n|rule|OHKO Clause: OHKO moves are banned\n|rule|Evasion Clause: Evasion abilities, items, and moves are banned\n|rule|Evasion Abilities Clause: Evasion abilities are banned\n|rule|Evasion Items Clause: Evasion items are banned\n|rule|Evasion Moves Clause: Evasion moves are banned\n|rule|Species Clause: Limit one of each Pok\u00e9mon\n|rule|Sleep Clause Mod: Limit one foe put to sleep\n|clearpoke\n|poke|p1|Gallade, M|\n|poke|p1|Tapu Lele|\n|poke|p1|Indeedee, M|\n|poke|p1|Sneasler, F|\n|poke|p1|Blissey, F|\n|poke|p1|Gliscor, F|\n|poke|p2|Golem-Alola, M|\n|poke|p2|Glalie, F|\n|poke|p2|Victini|\n|poke|p2|Blissey, F|\n|poke|p2|Lucario, F|\n|poke|p2|Rillaboom, F|\n|teampreview\n|inactive|Battle timer is ON: inactive players will automatically lose when time's up. (requested by King Tiffany)\n|\n|t:|1701153932\n|start\n|switch|p1a: Henry|Indeedee, M|100\/100\n|switch|p2a: Victini|Victini|100\/100\n|-fieldstart|move: Psychic Terrain|[from] ability: Psychic Surge|[of] p1a: Henry\n|turn|1\n|\n|t:|1701153944\n|move|p2a: Victini|Final Gambit|p1a: Henry\n|-damage|p1a: Henry|0 fnt\n|faint|p2a: Victini\n|faint|p1a: Henry\n|\n|upkeep\n|\n|t:|1701153956\n|switch|p2a: Blissey|Blissey, F|100\/100\n|switch|p1a: Scarlet|Sneasler, F|100\/100\n|-enditem|p1a: Scarlet|Psychic Seed\n|-boost|p1a: Scarlet|spd|1|[from] item: Psychic Seed\n|turn|2\n|\n|t:|1701153963\n|-terastallize|p2a: Blissey|Ghost\n|move|p1a: Scarlet|Swords Dance|p1a: Scarlet\n|-boost|p1a: Scarlet|atk|2\n|move|p2a: Blissey|Copycat|p2a: Blissey\n|move|p2a: Blissey|Swords Dance|p2a: Blissey|[from]move: Copycat\n|-boost|p2a: Blissey|atk|2\n|\n|upkeep\n|turn|3\n|\n|t:|1701153977\n|switch|p2a: Golem|Golem-Alola, M|100\/100\n|-terastallize|p1a: Scarlet|Flying\n|move|p1a: Scarlet|Acrobatics|p2a: Golem\n|-resisted|p2a: Golem\n|-damage|p2a: Golem|72\/100\n|\n|upkeep\n|turn|4\n|inactive|King Tiffany has 120 seconds left.\n|\n|t:|1701154024\n|move|p2a: Golem|Endure|p2a: Golem\n|-singleturn|p2a: Golem|move: Endure\n|move|p1a: Scarlet|Close Combat|p2a: Golem\n|-supereffective|p2a: Golem\n|-activate|p2a: Golem|move: Endure\n|-damage|p2a: Golem|1\/100\n|-unboost|p1a: Scarlet|def|1\n|-unboost|p1a: Scarlet|spd|1\n|\n|upkeep\n|turn|5\n|-enditem|p2a: Golem|Custap Berry|[eat]\n|-activate|p2a: Golem|item: Custap Berry|[consumed]\n|\n|t:|1701154034\n|move|p2a: Golem|Explosion|p1a: Scarlet\n|-supereffective|p1a: Scarlet\n|-crit|p1a: Scarlet\n|-damage|p1a: Scarlet|0 fnt\n|faint|p2a: Golem\n|faint|p1a: Scarlet\n|\n|upkeep\n|inactive|King Tiffany has 120 seconds left.\n|\n|t:|1701154045\n|switch|p1a: Jenna|Gliscor, F|100\/100\n|switch|p2a: Glalie|Glalie, F|100\/100\n|turn|6\n|\n|t:|1701154053\n|switch|p1a: Joy|Blissey, F|100\/100\n|detailschange|p2a: Glalie|Glalie-Mega, F\n|-mega|p2a: Glalie|Glalie|Glalitite\n|move|p2a: Glalie|Body Slam|p1a: Joy\n|-damage|p1a: Joy|54\/100\n|-status|p1a: Joy|par\n|\n|upkeep\n|turn|7\n|\n|t:|1701154066\n|switch|p2a: Lucario|Lucario, F|100\/100\n|move|p1a: Joy|Teleport|p1a: Joy\n|\n|t:|1701154072\n|-curestatus|p1a: Joy|par|[from] ability: Natural Cure\n|switch|p1a: Gabriel|Gallade, M, shiny|100\/100|[from] Teleport\n|\n|upkeep\n|turn|8\n|\n|t:|1701154082\n|move|p2a: Lucario|Final Gambit|p1a: Gabriel\n|-damage|p1a: Gabriel|0 fnt\n|faint|p2a: Lucario\n|faint|p1a: Gabriel\n|\n|-fieldend|move: Psychic Terrain\n|upkeep\n|\n|t:|1701154096\n|switch|p2a: Blissey|Blissey, F, tera:Ghost|100\/100\n|switch|p1a: Layla|Tapu Lele|100\/100\n|-fieldstart|move: Psychic Terrain|[from] ability: Psychic Surge|[of] p1a: Layla\n|turn|9\n|\n|t:|1701154103\n|move|p1a: Layla|Psyshock|p2a: Blissey\n|-damage|p2a: Blissey|0 fnt\n|faint|p2a: Blissey\n|\n|upkeep\n|\n|t:|1701154108\n|switch|p2a: Rillaboom|Rillaboom, F|100\/100\n|-fieldstart|move: Grassy Terrain|[from] ability: Grassy Surge|[of] p2a: Rillaboom\n|turn|10\n|\n|t:|1701154122\n|switch|p1a: Joy|Blissey, F|54\/100\n|move|p2a: Rillaboom|Grassy Glide|p1a: Joy\n|-damage|p1a: Joy|8\/100\n|-damage|p2a: Rillaboom|91\/100|[from] item: Life Orb\n|\n|-heal|p2a: Rillaboom|97\/100|[from] Grassy Terrain\n|-heal|p1a: Joy|15\/100|[from] Grassy Terrain\n|upkeep\n|turn|11\n|\n|t:|1701154131\n|move|p2a: Rillaboom|Grassy Glide|p1a: Joy\n|-damage|p1a: Joy|0 fnt\n|faint|p1a: Joy\n|-damage|p2a: Rillaboom|87\/100|[from] item: Life Orb\n|\n|-heal|p2a: Rillaboom|93\/100|[from] Grassy Terrain\n|upkeep\n|\n|t:|1701154139\n|switch|p1a: Layla|Tapu Lele|100\/100\n|-fieldstart|move: Psychic Terrain|[from] ability: Psychic Surge|[of] p1a: Layla\n|turn|12\n|\n|t:|1701154146\n|move|p1a: Layla|Psyshock|p2a: Rillaboom\n|-damage|p2a: Rillaboom|38\/100\n|move|p2a: Rillaboom|Wood Hammer|p1a: Layla\n|-damage|p1a: Layla|0 fnt\n|faint|p1a: Layla\n|-damage|p2a: Rillaboom|11\/100|[from] Recoil\n|-damage|p2a: Rillaboom|1\/100|[from] item: Life Orb\n|\n|upkeep\n|\n|t:|1701154149\n|switch|p1a: Jenna|Gliscor, F|100\/100\n|turn|13\n|\n|t:|1701154157\n|switch|p2a: Glalie|Glalie-Mega, F|100\/100\n|move|p1a: Jenna|U-turn|p2a: Glalie\n|-crit|p2a: Glalie\n|-damage|p2a: Glalie|66\/100\n|\n|-status|p1a: Jenna|tox|[from] item: Toxic Orb\n|upkeep\n|turn|14\n|-message|King Tiffany forfeited.\n|\n|win|FlyingSudowoodo\n|raw|King Tiffany's rating: 1372 &rarr; <strong>1351<\/strong><br \/>(-21 for losing)\n|raw|FlyingSudowoodo's rating: 1363 &rarr; <strong>1384<\/strong><br \/>(+21 for winning)\n|l|\u2606King Tiffany\n","uploadtime":1701154167,"views":1,"p1id":"kingtiffany","p2id":"flyingsudowoodo","formatid":"gen9nationaldex","rating":1351,"private":0,"password":""}