{"id":"gen9nationaldex-1989091212","p1":"EABL XD","p2":"FdePerro28","format":"[Gen 9] National Dex","log":"|j|\u2606EABL XD\n|j|\u2606FdePerro28\n|t:|1699811182\n|gametype|singles\n|player|p1|EABL XD|gambler|1331\n|player|p2|FdePerro28|bugcatcher-gen4dp|1259\n|teamsize|p1|6\n|teamsize|p2|6\n|gen|9\n|tier|[Gen 9] National Dex\n|rated|\n|rule|HP Percentage Mod: HP is shown in percentages\n|rule|Endless Battle Clause: Forcing endless battles is banned\n|rule|OHKO Clause: OHKO moves are banned\n|rule|Evasion Clause: Evasion abilities, items, and moves are banned\n|rule|Evasion Abilities Clause: Evasion abilities are banned\n|rule|Evasion Items Clause: Evasion items are banned\n|rule|Evasion Moves Clause: Evasion moves are banned\n|rule|Species Clause: Limit one of each Pok\u00e9mon\n|rule|Sleep Clause Mod: Limit one foe put to sleep\n|clearpoke\n|poke|p1|Garganacl, M|\n|poke|p1|Galvantula, M|\n|poke|p1|Great Tusk|\n|poke|p1|Greninja-*, M|\n|poke|p1|Maushold-Four|\n|poke|p1|Mimikyu, M|\n|poke|p2|Pelipper, F|\n|poke|p2|Throh, M|\n|poke|p2|Arboliva, M|\n|poke|p2|Shuckle, M|\n|poke|p2|Aerodactyl, M|\n|poke|p2|Iron Treads|\n|teampreview\n|\n|t:|1699811201\n|start\n|switch|p1a: La Gran Tula|Galvantula, M, shiny|100\/100\n|switch|p2a: se vino y se fue|Shuckle, M, shiny|100\/100\n|turn|1\n|\n|t:|1699811207\n|move|p1a: La Gran Tula|Sticky Web|p2a: se vino y se fue\n|-sidestart|p2: FdePerro28|move: Sticky Web\n|move|p2a: se vino y se fue|Encore|p1a: La Gran Tula\n|-start|p1a: La Gran Tula|Encore\n|\n|upkeep\n|turn|2\n|\n|t:|1699811212\n|switch|p1a: Manny|Great Tusk, shiny|100\/100\n|-enditem|p1a: Manny|Booster Energy\n|-activate|p1a: Manny|ability: Protosynthesis|[fromitem]\n|-start|p1a: Manny|protosynthesisatk\n|move|p2a: se vino y se fue|Sticky Web|p1a: Manny\n|-sidestart|p1: EABL XD|move: Sticky Web\n|\n|upkeep\n|turn|3\n|\n|t:|1699811215\n|move|p1a: Manny|Rapid Spin|p2a: se vino y se fue\n|-resisted|p2a: se vino y se fue\n|-damage|p2a: se vino y se fue|93\/100\n|-boost|p1a: Manny|spe|1\n|-sideend|p1: EABL XD|Sticky Web|[from] move: Rapid Spin|[of] p1a: Manny\n|move|p2a: se vino y se fue|Final Gambit|p1a: Manny\n|-damage|p1a: Manny|40\/100\n|faint|p2a: se vino y se fue\n|\n|upkeep\n|\n|t:|1699811228\n|switch|p2a: Saludame al Diablo|Pelipper, F|100\/100\n|-weather|RainDance|[from] ability: Drizzle|[of] p2a: Saludame al Diablo\n|turn|4\n|\n|t:|1699811232\n|move|p1a: Manny|Ice Spinner|p2a: Saludame al Diablo\n|-damage|p2a: Saludame al Diablo|61\/100\n|move|p2a: Saludame al Diablo|Weather Ball|p1a: Manny\n|-supereffective|p1a: Manny\n|-crit|p1a: Manny\n|-damage|p1a: Manny|0 fnt\n|faint|p1a: Manny\n|-end|p1a: Manny|Protosynthesis|[silent]\n|\n|-weather|RainDance|[upkeep]\n|upkeep\n|\n|t:|1699811247\n|switch|p1a: Familia \ud83d\ude10\ud83d\udc4d\ud83c\udffd|Maushold-Four|100\/100\n|turn|5\n|\n|t:|1699811253\n|switch|p2a: T\u00edo Calambres|Throh, M|100\/100\n|-activate|p2a: T\u00edo Calambres|move: Sticky Web\n|-unboost|p2a: T\u00edo Calambres|spe|1\n|-ability|p2a: T\u00edo Calambres|Mold Breaker\n|-terastallize|p1a: Familia \ud83d\ude10\ud83d\udc4d\ud83c\udffd|Normal\n|move|p1a: Familia \ud83d\ude10\ud83d\udc4d\ud83c\udffd|Population Bomb|p2a: T\u00edo Calambres\n|-damage|p2a: T\u00edo Calambres|91\/100\n|-damage|p2a: T\u00edo Calambres|82\/100\n|-damage|p2a: T\u00edo Calambres|72\/100\n|-damage|p2a: T\u00edo Calambres|62\/100\n|-damage|p2a: T\u00edo Calambres|51\/100\n|-damage|p2a: T\u00edo Calambres|41\/100\n|-damage|p2a: T\u00edo Calambres|30\/100\n|-damage|p2a: T\u00edo Calambres|19\/100\n|-damage|p2a: T\u00edo Calambres|8\/100\n|-damage|p2a: T\u00edo Calambres|0 fnt\n|faint|p2a: T\u00edo Calambres\n|-hitcount|p2: T\u00edo Calambres|10\n|\n|-weather|RainDance|[upkeep]\n|upkeep\n|\n|t:|1699811261\n|switch|p2a: Buen d\u00eda Benito|Iron Treads|100\/100\n|-activate|p2a: Buen d\u00eda Benito|move: Sticky Web\n|-unboost|p2a: Buen d\u00eda Benito|spe|1\n|turn|6\n|\n|t:|1699811282\n|switch|p1a: Mimikyu|Mimikyu, M|100\/100\n|move|p2a: Buen d\u00eda Benito|Rapid Spin|p1a: Mimikyu\n|-immune|p1a: Mimikyu\n|\n|-weather|RainDance|[upkeep]\n|upkeep\n|turn|7\n|\n|t:|1699811287\n|-end|p2a: Buen d\u00eda Benito|Quark Drive|[silent]\n|switch|p2a: Saludame al Diablo|Pelipper, F|61\/100\n|-zpower|p1a: Mimikyu\n|move|p1a: Mimikyu|Z-Bulk Up|p1a: Mimikyu|[anim]Bulk Up\n|-boost|p1a: Mimikyu|atk|1|[zeffect]\n|-boost|p1a: Mimikyu|atk|1\n|-boost|p1a: Mimikyu|def|1\n|\n|-weather|RainDance|[upkeep]\n|upkeep\n|turn|8\n|\n|t:|1699811298\n|move|p1a: Mimikyu|Play Rough|p2a: Saludame al Diablo\n|-damage|p2a: Saludame al Diablo|0 fnt\n|faint|p2a: Saludame al Diablo\n|\n|-weather|none\n|upkeep\n|\n|t:|1699811307\n|switch|p2a: Yo Siempre Vuelvo|Arboliva, M|100\/100\n|-activate|p2a: Yo Siempre Vuelvo|move: Sticky Web\n|-unboost|p2a: Yo Siempre Vuelvo|spe|1\n|turn|9\n|\n|t:|1699811314\n|-terastallize|p2a: Yo Siempre Vuelvo|Fire\n|move|p1a: Mimikyu|Drain Punch|p2a: Yo Siempre Vuelvo\n|-damage|p2a: Yo Siempre Vuelvo|41\/100\n|-fieldstart|move: Grassy Terrain|[from] ability: Seed Sower|[of] p2a: Yo Siempre Vuelvo\n|move|p2a: Yo Siempre Vuelvo|Giga Drain|p1a: Mimikyu\n|-activate|p1a: Mimikyu|ability: Disguise\n|-damage|p1a: Mimikyu|100\/100\n|detailschange|p1a: Mimikyu|Mimikyu-Busted, M\n|-damage|p1a: Mimikyu|88\/100|[from] pokemon: Mimikyu-Busted\n|\n|-heal|p1a: Mimikyu|94\/100|[from] Grassy Terrain\n|-heal|p2a: Yo Siempre Vuelvo|47\/100|[from] Grassy Terrain\n|upkeep\n|turn|10\n|\n|t:|1699811322\n|move|p1a: Mimikyu|Drain Punch|p2a: Yo Siempre Vuelvo\n|-damage|p2a: Yo Siempre Vuelvo|0 fnt\n|-heal|p1a: Mimikyu|100\/100|[from] drain|[of] p2a: Yo Siempre Vuelvo\n|faint|p2a: Yo Siempre Vuelvo\n|\n|upkeep\n|-message|FdePerro28 forfeited.\n|\n|win|EABL XD\n|raw|EABL XD's rating: 1331 &rarr; <strong>1347<\/strong><br \/>(+16 for winning)\n|raw|FdePerro28's rating: 1259 &rarr; <strong>1239<\/strong><br \/>(-20 for losing)\n|l|\u2606FdePerro28\n","uploadtime":1699811330,"views":17,"p1id":"eablxd","p2id":"fdeperro28","formatid":"gen9nationaldex","rating":1239,"private":0,"password":""}