{"id":"gen9nationaldex-1990992138","p1":"bluemonkek","p2":"ChaosEmperor96","format":"[Gen 9] National Dex","log":"|j|\u2606bluemonkek\n|j|\u2606ChaosEmperor96\n|t:|1700024517\n|gametype|singles\n|player|p1|bluemonkek|janitor|1293\n|player|p2|ChaosEmperor96|marshal|1233\n|teamsize|p1|6\n|teamsize|p2|6\n|gen|9\n|tier|[Gen 9] National Dex\n|rated|\n|rule|HP Percentage Mod: HP is shown in percentages\n|rule|Endless Battle Clause: Forcing endless battles is banned\n|rule|OHKO Clause: OHKO moves are banned\n|rule|Evasion Clause: Evasion abilities, items, and moves are banned\n|rule|Evasion Abilities Clause: Evasion abilities are banned\n|rule|Evasion Items Clause: Evasion items are banned\n|rule|Evasion Moves Clause: Evasion moves are banned\n|rule|Species Clause: Limit one of each Pok\u00e9mon\n|rule|Sleep Clause Mod: Limit one foe put to sleep\n|clearpoke\n|poke|p1|Heatran, F|\n|poke|p1|Iron Valiant|\n|poke|p1|Sinistcha|\n|poke|p1|Samurott-Hisui, F|\n|poke|p1|Dragonite, M|\n|poke|p1|Fezandipiti, M|\n|poke|p2|Emboar, M|\n|poke|p2|Haxorus, M|\n|poke|p2|Excadrill, M|\n|poke|p2|Galvantula, M|\n|poke|p2|Mandibuzz, F|\n|poke|p2|Vanilluxe, M|\n|teampreview\n|\n|t:|1700024526\n|start\n|switch|p1a: Heatran|Heatran, F|100\/100\n|switch|p2a: Mandibuzz|Mandibuzz, F, shiny|100\/100\n|turn|1\n|\n|t:|1700024535\n|switch|p2a: Emboar|Emboar, M, shiny|100\/100\n|move|p1a: Heatran|Magma Storm|p2a: Emboar\n|-resisted|p2a: Emboar\n|-damage|p2a: Emboar|70\/100\n|-activate|p2a: Emboar|move: Magma Storm|[of] p1a: Heatran\n|\n|-damage|p2a: Emboar|57\/100|[from] move: Magma Storm|[partiallytrapped]\n|upkeep\n|turn|2\n|inactive|Battle timer is ON: inactive players will automatically lose when time's up. (requested by ChaosEmperor96)\n|\n|t:|1700024552\n|switch|p1a: Sinistcha|Sinistcha|100\/100\n|-terastallize|p2a: Emboar|Fire\n|move|p2a: Emboar|Flare Blitz|p1a: Sinistcha\n|-supereffective|p1a: Sinistcha\n|-damage|p1a: Sinistcha|11\/100\n|-damage|p2a: Emboar|41\/100|[from] item: Rocky Helmet|[of] p1a: Sinistcha\n|-damage|p2a: Emboar|12\/100|[from] Recoil\n|\n|-end|p2a: Emboar|Magma Storm|[partiallytrapped]|[silent]\n|upkeep\n|turn|3\n|\n|t:|1700024564\n|switch|p2a: Mandibuzz|Mandibuzz, F, shiny|100\/100\n|switch|p1a: Heatran|Heatran, F|100\/100\n|\n|upkeep\n|turn|4\n|\n|t:|1700024569\n|move|p2a: Mandibuzz|U-turn|p1a: Heatran\n|-resisted|p1a: Heatran\n|-damage|p1a: Heatran|98\/100\n|\n|t:|1700024574\n|switch|p2a: Haxorus|Haxorus, M, shiny|100\/100|[from] U-turn\n|-ability|p2a: Haxorus|Mold Breaker\n|move|p1a: Heatran|Stealth Rock|p2a: Haxorus\n|-sidestart|p2: ChaosEmperor96|move: Stealth Rock\n|\n|-heal|p1a: Heatran|100\/100|[from] item: Leftovers\n|upkeep\n|turn|5\n|\n|t:|1700024584\n|switch|p1a: Dragonite|Dragonite, M|100\/100\n|move|p2a: Haxorus|Dragon Dance|p2a: Haxorus\n|-boost|p2a: Haxorus|atk|1\n|-boost|p2a: Haxorus|spe|1\n|\n|upkeep\n|turn|6\n|\n|t:|1700024590\n|move|p2a: Haxorus|Poison Jab|p1a: Dragonite\n|-damage|p1a: Dragonite|68\/100\n|-status|p1a: Dragonite|psn\n|move|p1a: Dragonite|Ice Spinner|p2a: Haxorus\n|-supereffective|p2a: Haxorus\n|-damage|p2a: Haxorus|45\/100\n|\n|-damage|p1a: Dragonite|55\/100 psn|[from] psn\n|upkeep\n|turn|7\n|\n|t:|1700024600\n|switch|p1a: Iron Valiant|Iron Valiant|100\/100\n|-enditem|p1a: Iron Valiant|Booster Energy\n|-activate|p1a: Iron Valiant|ability: Quark Drive|[fromitem]\n|-start|p1a: Iron Valiant|quarkdrivespe\n|move|p2a: Haxorus|Outrage|p1a: Iron Valiant\n|-immune|p1a: Iron Valiant\n|\n|upkeep\n|turn|8\n|\n|t:|1700024609\n|move|p1a: Iron Valiant|Calm Mind|p1a: Iron Valiant\n|-boost|p1a: Iron Valiant|spa|1\n|-boost|p1a: Iron Valiant|spd|1\n|move|p2a: Haxorus|Poison Jab|p1a: Iron Valiant\n|-supereffective|p1a: Iron Valiant\n|-damage|p1a: Iron Valiant|0 fnt\n|faint|p1a: Iron Valiant\n|-end|p1a: Iron Valiant|Quark Drive|[silent]\n|\n|upkeep\n|\n|t:|1700024614\n|switch|p1a: Fezandipiti|Fezandipiti, M|100\/100\n|turn|9\n|\n|t:|1700024620\n|move|p1a: Fezandipiti|Play Rough|p2a: Haxorus\n|-supereffective|p2a: Haxorus\n|-damage|p2a: Haxorus|0 fnt\n|faint|p2a: Haxorus\n|\n|upkeep\n|\n|t:|1700024630\n|switch|p2a: Excadrill|Excadrill, M, shiny|100\/100\n|-damage|p2a: Excadrill|97\/100|[from] Stealth Rock\n|turn|10\n|\n|t:|1700024638\n|switch|p1a: Dragonite|Dragonite, M|55\/100 psn\n|move|p2a: Excadrill|Rapid Spin|p1a: Dragonite\n|-damage|p1a: Dragonite|41\/100 psn\n|-boost|p2a: Excadrill|spe|1\n|-sideend|p2: ChaosEmperor96|Stealth Rock|[from] move: Rapid Spin|[of] p2a: Excadrill\n|\n|-damage|p1a: Dragonite|29\/100 psn|[from] psn\n|upkeep\n|turn|11\n|\n|t:|1700024648\n|move|p2a: Excadrill|Iron Head|p1a: Dragonite\n|-damage|p1a: Dragonite|0 fnt\n|faint|p1a: Dragonite\n|\n|upkeep\n|\n|t:|1700024656\n|switch|p1a: Samurott|Samurott-Hisui, F|100\/100\n|turn|12\n|\n|t:|1700024663\n|switch|p2a: Mandibuzz|Mandibuzz, F, shiny|100\/100\n|move|p1a: Samurott|Aqua Cutter|p2a: Mandibuzz\n|-damage|p2a: Mandibuzz|72\/100\n|\n|upkeep\n|turn|13\n|\n|t:|1700024672\n|switch|p1a: Fezandipiti|Fezandipiti, M|100\/100\n|move|p2a: Mandibuzz|U-turn|p1a: Fezandipiti\n|-resisted|p1a: Fezandipiti\n|-damage|p1a: Fezandipiti|97\/100\n|\n|t:|1700024679\n|switch|p2a: Emboar|Emboar, M, shiny, tera:Fire|12\/100|[from] U-turn\n|\n|upkeep\n|turn|14\n|\n|t:|1700024684\n|move|p1a: Fezandipiti|U-turn|p2a: Emboar\n|-resisted|p2a: Emboar\n|-damage|p2a: Emboar|0 fnt\n|faint|p2a: Emboar\n|\n|t:|1700024698\n|switch|p1a: Samurott|Samurott-Hisui, F|100\/100|[from] U-turn\n|\n|upkeep\n|\n|t:|1700024702\n|switch|p2a: Galvantula|Galvantula, M, shiny|100\/100\n|turn|15\n|\n|t:|1700024710\n|-terastallize|p1a: Samurott|Water\n|move|p1a: Samurott|Aqua Cutter|p2a: Galvantula\n|-enditem|p2a: Galvantula|Focus Sash\n|-damage|p2a: Galvantula|1\/100\n|move|p2a: Galvantula|Bug Buzz|p1a: Samurott\n|-damage|p1a: Samurott|21\/100\n|\n|upkeep\n|turn|16\n|\n|t:|1700024720\n|switch|p2a: Mandibuzz|Mandibuzz, F, shiny|72\/100\n|move|p1a: Samurott|Aqua Cutter|p2a: Mandibuzz\n|-damage|p2a: Mandibuzz|32\/100\n|\n|upkeep\n|turn|17\n|\n|t:|1700024727\n|move|p1a: Samurott|Aqua Cutter|p2a: Mandibuzz\n|-crit|p2a: Mandibuzz\n|-damage|p2a: Mandibuzz|0 fnt\n|faint|p2a: Mandibuzz\n|\n|upkeep\n|\n|t:|1700024732\n|switch|p2a: Vanilluxe|Vanilluxe, M, shiny|100\/100\n|turn|18\n|\n|t:|1700024736\n|switch|p1a: Heatran|Heatran, F|100\/100\n|move|p2a: Vanilluxe|Freeze-Dry|p1a: Heatran\n|-resisted|p1a: Heatran\n|-damage|p1a: Heatran|95\/100\n|\n|-heal|p1a: Heatran|100\/100|[from] item: Leftovers\n|upkeep\n|turn|19\n|\n|t:|1700024745\n|switch|p2a: Galvantula|Galvantula, M, shiny|1\/100\n|move|p1a: Heatran|Stealth Rock|p2a: Galvantula\n|-sidestart|p2: ChaosEmperor96|move: Stealth Rock\n|\n|upkeep\n|turn|20\n|\n|t:|1700024751\n|move|p2a: Galvantula|Sticky Web|p1a: Heatran\n|-sidestart|p1: bluemonkek|move: Sticky Web\n|move|p1a: Heatran|Magma Storm|p2a: Galvantula\n|-supereffective|p2a: Galvantula\n|-damage|p2a: Galvantula|0 fnt\n|faint|p2a: Galvantula\n|\n|upkeep\n|\n|t:|1700024758\n|switch|p2a: Excadrill|Excadrill, M, shiny|97\/100\n|-damage|p2a: Excadrill|94\/100|[from] Stealth Rock\n|turn|21\n|\n|t:|1700024764\n|move|p2a: Excadrill|Earthquake|p1a: Heatran\n|-supereffective|p1a: Heatran\n|-damage|p1a: Heatran|0 fnt\n|faint|p1a: Heatran\n|\n|upkeep\n|\n|t:|1700024780\n|switch|p1a: Fezandipiti|Fezandipiti, M|97\/100\n|-activate|p1a: Fezandipiti|move: Sticky Web\n|-unboost|p1a: Fezandipiti|spe|1\n|turn|22\n|\n|t:|1700024784\n|move|p1a: Fezandipiti|Play Rough|p2a: Excadrill\n|-resisted|p2a: Excadrill\n|-damage|p2a: Excadrill|67\/100\n|move|p2a: Excadrill|Earthquake|p1a: Fezandipiti\n|-supereffective|p1a: Fezandipiti\n|-damage|p1a: Fezandipiti|0 fnt\n|faint|p1a: Fezandipiti\n|\n|upkeep\n|\n|t:|1700024791\n|switch|p1a: Sinistcha|Sinistcha|11\/100\n|-activate|p1a: Sinistcha|move: Sticky Web\n|-unboost|p1a: Sinistcha|spe|1\n|turn|23\n|\n|t:|1700024796\n|move|p2a: Excadrill|Iron Head|p1a: Sinistcha\n|-damage|p1a: Sinistcha|0 fnt\n|-damage|p2a: Excadrill|50\/100|[from] item: Rocky Helmet|[of] p1a: Sinistcha\n|faint|p1a: Sinistcha\n|\n|upkeep\n|\n|t:|1700024798\n|switch|p1a: Samurott|Samurott-Hisui, F, tera:Water|21\/100\n|-activate|p1a: Samurott|move: Sticky Web\n|-unboost|p1a: Samurott|spe|1\n|turn|24\n|\n|t:|1700024805\n|move|p2a: Excadrill|Earthquake|p1a: Samurott\n|-damage|p1a: Samurott|0 fnt\n|faint|p1a: Samurott\n|\n|win|ChaosEmperor96\n|raw|bluemonkek's rating: 1293 &rarr; <strong>1264<\/strong><br \/>(-29 for losing)\n|raw|ChaosEmperor96's rating: 1233 &rarr; <strong>1262<\/strong><br \/>(+29 for winning)\n|l|\u2606bluemonkek\n|c|\u2606ChaosEmperor96|Gg\n","uploadtime":1700024828,"views":6,"p1id":"bluemonkek","p2id":"chaosemperor96","formatid":"gen9nationaldex","rating":1262,"private":0,"password":""}