{"id":"gen9nationaldex-1989537980","p1":"yueyue12345","p2":"Iak111","format":"[Gen 9] National Dex","log":"|j|\u2606yueyue12345\n|j|\u2606Iak111\n|t:|1699867771\n|gametype|singles\n|player|p1|yueyue12345|lucas|1319\n|player|p2|Iak111|lady|1300\n|teamsize|p1|6\n|teamsize|p2|6\n|gen|9\n|tier|[Gen 9] National Dex\n|rated|\n|rule|HP Percentage Mod: HP is shown in percentages\n|rule|Endless Battle Clause: Forcing endless battles is banned\n|rule|OHKO Clause: OHKO moves are banned\n|rule|Evasion Clause: Evasion abilities, items, and moves are banned\n|rule|Evasion Abilities Clause: Evasion abilities are banned\n|rule|Evasion Items Clause: Evasion items are banned\n|rule|Evasion Moves Clause: Evasion moves are banned\n|rule|Species Clause: Limit one of each Pok\u00e9mon\n|rule|Sleep Clause Mod: Limit one foe put to sleep\n|clearpoke\n|poke|p1|Hatterene, F|\n|poke|p1|Mawile, M|\n|poke|p1|Porygon2|\n|poke|p1|Glastrier|\n|poke|p1|Cresselia, F|\n|poke|p1|Marowak-Alola, F|\n|poke|p2|Glaceon, F|\n|poke|p2|Garchomp, F|\n|poke|p2|Salamence, M|\n|poke|p2|Decidueye, M|\n|poke|p2|Beedrill, F|\n|poke|p2|Cobalion|\n|teampreview\n|inactive|Battle timer is ON: inactive players will automatically lose when time's up. (requested by Iak111)\n|\n|t:|1699867801\n|start\n|switch|p1a: Hatterene|Hatterene, F|100\/100\n|switch|p2a: Glaceon|Glaceon, F|100\/100\n|turn|1\n|\n|t:|1699867804\n|move|p2a: Glaceon|Ice Beam|p1a: Hatterene\n|-damage|p1a: Hatterene|22\/100\n|move|p1a: Hatterene|Trick Room|p1a: Hatterene\n|-fieldstart|move: Trick Room|[of] p1a: Hatterene\n|\n|upkeep\n|turn|2\n|\n|t:|1699867807\n|move|p1a: Hatterene|Healing Wish|p1a: Hatterene\n|faint|p1a: Hatterene\n|move|p2a: Glaceon|Ice Beam|p1: Hatterene|[notarget]\n|-fail|p2a: Glaceon\n|\n|upkeep\n|\n|t:|1699867811\n|switch|p1a: Marowak|Marowak-Alola, F|100\/100\n|turn|3\n|\n|t:|1699867818\n|move|p1a: Marowak|Poltergeist|p2a: Glaceon\n|-activate|p2a: Glaceon|move: Poltergeist|Choice Specs\n|-damage|p2a: Glaceon|8\/100\n|move|p2a: Glaceon|Ice Beam|p1a: Marowak\n|-resisted|p1a: Marowak\n|-damage|p1a: Marowak|52\/100\n|\n|upkeep\n|turn|4\n|\n|t:|1699867826\n|move|p1a: Marowak|Earthquake|p2a: Glaceon\n|-damage|p2a: Glaceon|0 fnt\n|faint|p2a: Glaceon\n|\n|upkeep\n|\n|t:|1699867830\n|switch|p2a: Salamence|Salamence, M|100\/100\n|-ability|p2a: Salamence|Intimidate|boost\n|-unboost|p1a: Marowak|atk|1\n|turn|5\n|\n|t:|1699867839\n|switch|p1a: Porygon2|Porygon2|100\/100\n|-ability|p1a: Porygon2|Intimidate|boost\n|-unboost|p2a: Salamence|atk|1\n|-ability|p1a: Porygon2|Intimidate|[from] ability: Trace|[of] p2a: Salamence\n|move|p2a: Salamence|Earthquake|p1a: Porygon2\n|-damage|p1a: Porygon2|77\/100\n|-damage|p2a: Salamence|91\/100|[from] item: Life Orb\n|\n|-fieldend|move: Trick Room\n|upkeep\n|turn|6\n|\n|t:|1699867855\n|switch|p2a: Decidueye|Decidueye, M|100\/100\n|move|p1a: Porygon2|Ice Beam|p2a: Decidueye\n|-supereffective|p2a: Decidueye\n|-damage|p2a: Decidueye|58\/100\n|\n|upkeep\n|turn|7\n|\n|t:|1699867863\n|move|p2a: Decidueye|Leaf Blade|p1a: Porygon2\n|-damage|p1a: Porygon2|47\/100\n|move|p1a: Porygon2|Trick Room|p1a: Porygon2\n|-fieldstart|move: Trick Room|[of] p1a: Porygon2\n|\n|upkeep\n|turn|8\n|\n|t:|1699867868\n|move|p2a: Decidueye|Leaf Blade|p1a: Porygon2\n|-crit|p1a: Porygon2\n|-damage|p1a: Porygon2|0 fnt\n|faint|p1a: Porygon2\n|\n|upkeep\n|\n|t:|1699867872\n|switch|p1a: Glastrier|Glastrier|100\/100\n|turn|9\n|\n|t:|1699867876\n|move|p1a: Glastrier|Swords Dance|p1a: Glastrier\n|-boost|p1a: Glastrier|atk|2\n|move|p2a: Decidueye|Leaf Blade|p1a: Glastrier\n|-damage|p1a: Glastrier|68\/100\n|\n|upkeep\n|turn|10\n|\n|t:|1699867879\n|move|p1a: Glastrier|Icicle Spear|p2a: Decidueye\n|-supereffective|p2a: Decidueye\n|-damage|p2a: Decidueye|0 fnt\n|faint|p2a: Decidueye\n|-ability|p1a: Glastrier|Chilling Neigh|boost\n|-boost|p1a: Glastrier|atk|1\n|-hitcount|p2: Decidueye|1\n|\n|upkeep\n|\n|t:|1699867887\n|switch|p2a: Salamence|Salamence, M|91\/100\n|-ability|p2a: Salamence|Intimidate|boost\n|-unboost|p1a: Glastrier|atk|1\n|turn|11\n|\n|t:|1699867895\n|move|p1a: Glastrier|Icicle Spear|p2a: Salamence\n|-supereffective|p2a: Salamence\n|-damage|p2a: Salamence|0 fnt\n|faint|p2a: Salamence\n|-ability|p1a: Glastrier|Chilling Neigh|boost\n|-boost|p1a: Glastrier|atk|1\n|-hitcount|p2: Salamence|1\n|\n|-fieldend|move: Trick Room\n|upkeep\n|\n|t:|1699867898\n|switch|p2a: Cobalion|Cobalion|100\/100\n|turn|12\n|\n|t:|1699867903\n|-terastallize|p1a: Glastrier|Water\n|-zpower|p2a: Cobalion\n|move|p2a: Cobalion|Corkscrew Crash|p1a: Glastrier|[zeffect]\n|-resisted|p1a: Glastrier\n|-damage|p1a: Glastrier|45\/100\n|move|p1a: Glastrier|High Horsepower|p2a: Cobalion\n|-supereffective|p2a: Cobalion\n|-damage|p2a: Cobalion|0 fnt\n|faint|p2a: Cobalion\n|-ability|p1a: Glastrier|Chilling Neigh|boost\n|-boost|p1a: Glastrier|atk|1\n|\n|upkeep\n|\n|t:|1699867908\n|switch|p2a: Beedrill|Beedrill, F|100\/100\n|turn|13\n|\n|t:|1699867916\n|detailschange|p2a: Beedrill|Beedrill-Mega, F\n|-mega|p2a: Beedrill|Beedrill|Beedrillite\n|move|p2a: Beedrill|Poison Jab|p1a: Glastrier\n|-damage|p1a: Glastrier|5\/100\n|move|p1a: Glastrier|Icicle Spear|p2a: Beedrill\n|-damage|p2a: Beedrill|0 fnt\n|faint|p2a: Beedrill\n|-ability|p1a: Glastrier|Chilling Neigh|boost\n|-boost|p1a: Glastrier|atk|1\n|-hitcount|p2: Beedrill|1\n|\n|upkeep\n|\n|t:|1699867921\n|switch|p2a: Garchomp|Garchomp, F|100\/100\n|turn|14\n|\n|t:|1699867926\n|move|p2a: Garchomp|Earthquake|p1a: Glastrier\n|-damage|p1a: Glastrier|0 fnt\n|faint|p1a: Glastrier\n|\n|upkeep\n|\n|t:|1699867929\n|switch|p1a: Cresselia|Cresselia, F|100\/100\n|turn|15\n|\n|t:|1699867935\n|move|p2a: Garchomp|Swords Dance|p2a: Garchomp\n|-boost|p2a: Garchomp|atk|2\n|move|p1a: Cresselia|Trick Room|p1a: Cresselia\n|-fieldstart|move: Trick Room|[of] p1a: Cresselia\n|\n|upkeep\n|turn|16\n|\n|t:|1699867939\n|-terastallize|p2a: Garchomp|Dragon\n|move|p1a: Cresselia|Lunar Dance|p1a: Cresselia\n|faint|p1a: Cresselia\n|move|p2a: Garchomp|Scale Shot|p1: Cresselia|[notarget]\n|-fail|p2a: Garchomp\n|\n|upkeep\n|\n|t:|1699867941\n|switch|p1a: Mawile|Mawile, M|100\/100\n|-ability|p1a: Mawile|Intimidate|boost\n|-unboost|p2a: Garchomp|atk|1\n|turn|17\n|\n|t:|1699867943\n|detailschange|p1a: Mawile|Mawile-Mega, M\n|-mega|p1a: Mawile|Mawile|Mawilite\n|move|p1a: Mawile|Play Rough|p2a: Garchomp|[miss]\n|-miss|p1a: Mawile|p2a: Garchomp\n|move|p2a: Garchomp|Earthquake|p1a: Mawile\n|-supereffective|p1a: Mawile\n|-damage|p1a: Mawile|0 fnt\n|faint|p1a: Mawile\n|\n|upkeep\n|\n|t:|1699867946\n|switch|p1a: Marowak|Marowak-Alola, F|52\/100\n|-heal|p1a: Marowak|100\/100|[from] move: Healing Wish\n|-heal|p1a: Marowak|100\/100|[from] move: Lunar Dance\n|turn|18\n|\n|t:|1699867950\n|move|p1a: Marowak|Poltergeist|p2a: Garchomp\n|-activate|p2a: Garchomp|move: Poltergeist|Leftovers\n|-damage|p2a: Garchomp|2\/100\n|move|p2a: Garchomp|Earthquake|p1a: Marowak\n|-supereffective|p1a: Marowak\n|-damage|p1a: Marowak|0 fnt\n|faint|p1a: Marowak\n|\n|win|Iak111\n|raw|yueyue12345's rating: 1319 &rarr; <strong>1298<\/strong><br \/>(-21 for losing)\n|raw|Iak111's rating: 1300 &rarr; <strong>1326<\/strong><br \/>(+26 for winning)\n|l|\u2606Iak111\n","uploadtime":1699867965,"views":4,"p1id":"yueyue12345","p2id":"iak111","formatid":"gen9nationaldex","rating":1298,"private":0,"password":""}