{"id":"gen9nationaldex-1997191626","p1":"Blake-Mamba","p2":"Sofiane26","format":"[Gen 9] National Dex","log":"|html|<div class=\"broadcast-blue\"><strong>[Gen 9] National Dex is currently suspecting Sneasler! For information on how to participate check out the <a href=\"https:\/\/www.smogon.com\/forums\/threads\/sv-national-dex-suspect-8-just-dance.3731534\/\">suspect thread<\/a>.<\/strong><\/div>\n|j|\u2606Blake-Mamba\n|j|\u2606Sofiane26\n|t:|1700773941\n|gametype|singles\n|player|p1|Blake-Mamba|juan|1068\n|player|p2|Sofiane26|linebacker|1089\n|teamsize|p1|6\n|teamsize|p2|6\n|gen|9\n|tier|[Gen 9] National Dex\n|rated|\n|rule|HP Percentage Mod: HP is shown in percentages\n|rule|Endless Battle Clause: Forcing endless battles is banned\n|rule|OHKO Clause: OHKO moves are banned\n|rule|Evasion Clause: Evasion abilities, items, and moves are banned\n|rule|Evasion Abilities Clause: Evasion abilities are banned\n|rule|Evasion Items Clause: Evasion items are banned\n|rule|Evasion Moves Clause: Evasion moves are banned\n|rule|Species Clause: Limit one of each Pok\u00e9mon\n|rule|Sleep Clause Mod: Limit one foe put to sleep\n|clearpoke\n|poke|p1|Tyrantrum, M|\n|poke|p1|Aurorus, F|\n|poke|p1|Omastar, F|\n|poke|p1|Aerodactyl, F|\n|poke|p1|Rampardos, F|\n|poke|p1|Cradily, F|\n|poke|p2|Toxapex, M|\n|poke|p2|Ferrothorn, M|\n|poke|p2|Swampert, F|\n|poke|p2|Darmanitan, F|\n|poke|p2|Glimmora, F|\n|poke|p2|Dragonite, M|\n|teampreview\n|c|\u2606Blake-Mamba|So many stall players today\n|\n|t:|1700773965\n|start\n|switch|p1a: Lord Helix|Omastar, F|100\/100\n|switch|p2a: Swampert|Swampert, F|100\/100\n|turn|1\n|\n|t:|1700773974\n|switch|p1a: Bud Might|Cradily, F|100\/100\n|detailschange|p2a: Swampert|Swampert-Mega, F\n|-mega|p2a: Swampert|Swampert|Swampertite\n|move|p2a: Swampert|Earthquake|p1a: Bud Might\n|-damage|p1a: Bud Might|53\/100\n|\n|upkeep\n|turn|2\n|\n|t:|1700773989\n|switch|p2a: Glimmora|Glimmora, F|100\/100\n|move|p1a: Bud Might|Giga Drain|p2a: Glimmora\n|-damage|p2a: Glimmora|78\/100\n|-heal|p1a: Bud Might|62\/100|[from] drain|[of] p2a: Glimmora\n|\n|upkeep\n|turn|3\n|\n|t:|1700773997\n|move|p2a: Glimmora|Reflect|p2a: Glimmora\n|-sidestart|p2: Sofiane26|Reflect\n|move|p1a: Bud Might|Leech Seed|p2a: Glimmora\n|-start|p2a: Glimmora|move: Leech Seed\n|\n|-damage|p2a: Glimmora|66\/100|[from] Leech Seed|[of] p1a: Bud Might\n|-heal|p1a: Bud Might|72\/100|[silent]\n|upkeep\n|turn|4\n|\n|t:|1700774004\n|switch|p2a: Ferrothorn|Ferrothorn, M|100\/100\n|switch|p1a: Little Foot|Aurorus, F|100\/100\n|-weather|Snow|[from] ability: Snow Warning|[of] p1a: Little Foot\n|\n|-weather|Snow|[upkeep]\n|upkeep\n|turn|5\n|\n|t:|1700774017\n|switch|p2a: Glimmora|Glimmora, F|66\/100\n|-terastallize|p1a: Little Foot|Ground\n|move|p1a: Little Foot|Meteor Beam||[still]\n|-prepare|p1a: Little Foot|Meteor Beam\n|-boost|p1a: Little Foot|spa|1\n|-enditem|p1a: Little Foot|Power Herb\n|-anim|p1a: Little Foot|Meteor Beam|p2a: Glimmora\n|-damage|p2a: Glimmora|0 fnt\n|faint|p2a: Glimmora\n|\n|-weather|Snow|[upkeep]\n|upkeep\n|\n|t:|1700774027\n|switch|p2a: Swampert|Swampert-Mega, F|100\/100\n|turn|6\n|\n|t:|1700774032\n|move|p1a: Little Foot|Blizzard|p2a: Swampert\n|-damage|p2a: Swampert|42\/100\n|move|p2a: Swampert|Waterfall|p1a: Little Foot\n|-supereffective|p1a: Little Foot\n|-damage|p1a: Little Foot|0 fnt\n|faint|p1a: Little Foot\n|\n|-weather|Snow|[upkeep]\n|upkeep\n|\n|t:|1700774043\n|switch|p1a: Bud Might|Cradily, F|72\/100\n|turn|7\n|\n|t:|1700774060\n|switch|p2a: Ferrothorn|Ferrothorn, M|100\/100\n|switch|p1a: Stone Cold|Rampardos, F, shiny|100\/100\n|\n|-weather|Snow|[upkeep]\n|-sideend|p2: Sofiane26|Reflect\n|upkeep\n|turn|8\n|\n|t:|1700774069\n|move|p1a: Stone Cold|Rock Polish|p1a: Stone Cold\n|-boost|p1a: Stone Cold|spe|2\n|move|p2a: Ferrothorn|Spikes|p1a: Stone Cold\n|-sidestart|p1: Blake-Mamba|Spikes\n|\n|-weather|none\n|upkeep\n|turn|9\n|\n|t:|1700774077\n|move|p1a: Stone Cold|Fire Punch|p2a: Ferrothorn\n|-supereffective|p2a: Ferrothorn\n|-damage|p2a: Ferrothorn|0 fnt\n|-damage|p1a: Stone Cold|88\/100|[from] ability: Iron Barbs|[of] p2a: Ferrothorn\n|faint|p2a: Ferrothorn\n|\n|upkeep\n|\n|t:|1700774083\n|switch|p2a: Toxapex|Toxapex, M|100\/100\n|turn|10\n|\n|t:|1700774087\n|move|p2a: Toxapex|Baneful Bunker|p2a: Toxapex\n|-singleturn|p2a: Toxapex|move: Protect\n|move|p1a: Stone Cold|Rock Slide|p2a: Toxapex\n|-activate|p2a: Toxapex|move: Protect\n|\n|upkeep\n|turn|11\n|\n|t:|1700774093\n|move|p1a: Stone Cold|Rock Slide|p2a: Toxapex\n|-damage|p2a: Toxapex|36\/100\n|move|p2a: Toxapex|Haze|p2a: Toxapex\n|-clearallboost\n|\n|-heal|p2a: Toxapex|42\/100|[from] item: Black Sludge\n|upkeep\n|turn|12\n|\n|t:|1700774102\n|move|p1a: Stone Cold|Rock Polish|p1a: Stone Cold\n|-boost|p1a: Stone Cold|spe|2\n|move|p2a: Toxapex|Toxic|p1a: Stone Cold\n|-status|p1a: Stone Cold|tox\n|\n|-heal|p2a: Toxapex|48\/100|[from] item: Black Sludge\n|-damage|p1a: Stone Cold|82\/100 tox|[from] psn\n|upkeep\n|turn|13\n|\n|t:|1700774111\n|move|p2a: Toxapex|Baneful Bunker|p2a: Toxapex\n|-singleturn|p2a: Toxapex|move: Protect\n|move|p1a: Stone Cold|Rock Slide|p2a: Toxapex\n|-activate|p2a: Toxapex|move: Protect\n|\n|-heal|p2a: Toxapex|54\/100|[from] item: Black Sludge\n|-damage|p1a: Stone Cold|69\/100 tox|[from] psn\n|upkeep\n|turn|14\n|\n|t:|1700774120\n|move|p1a: Stone Cold|Rock Slide|p2a: Toxapex\n|-damage|p2a: Toxapex|0 fnt\n|faint|p2a: Toxapex\n|\n|-damage|p1a: Stone Cold|50\/100 tox|[from] psn\n|upkeep\n|\n|t:|1700774126\n|switch|p2a: Swampert|Swampert-Mega, F|42\/100\n|turn|15\n|\n|t:|1700774133\n|move|p1a: Stone Cold|Rock Slide|p2a: Swampert\n|-resisted|p2a: Swampert\n|-damage|p2a: Swampert|5\/100\n|move|p2a: Swampert|Waterfall|p1a: Stone Cold\n|-supereffective|p1a: Stone Cold\n|-damage|p1a: Stone Cold|0 fnt\n|faint|p1a: Stone Cold\n|\n|upkeep\n|\n|t:|1700774142\n|switch|p1a: Gishath|Tyrantrum, M|100\/100\n|-item|p1a: Gishath|Air Balloon\n|turn|16\n|\n|t:|1700774151\n|move|p1a: Gishath|Dragon Dance|p1a: Gishath\n|-boost|p1a: Gishath|atk|1\n|-boost|p1a: Gishath|spe|1\n|move|p2a: Swampert|Outrage|p1a: Gishath\n|-supereffective|p1a: Gishath\n|-damage|p1a: Gishath|9\/100\n|-enditem|p1a: Gishath|Air Balloon\n|\n|upkeep\n|turn|17\n|\n|t:|1700774160\n|move|p1a: Gishath|Earthquake|p2a: Swampert\n|-damage|p2a: Swampert|0 fnt\n|faint|p2a: Swampert\n|\n|upkeep\n|\n|t:|1700774163\n|switch|p2a: Dragonite|Dragonite, M|100\/100\n|turn|18\n|\n|t:|1700774167\n|-terastallize|p2a: Dragonite|Normal\n|move|p2a: Dragonite|Extreme Speed|p1a: Gishath\n|-resisted|p1a: Gishath\n|-damage|p1a: Gishath|0 fnt\n|faint|p1a: Gishath\n|-damage|p2a: Dragonite|91\/100|[from] item: Life Orb\n|\n|upkeep\n|\n|t:|1700774176\n|switch|p1a: Bud Might|Cradily, F|72\/100\n|-damage|p1a: Bud Might|60\/100|[from] Spikes\n|turn|19\n|inactive|Battle timer is ON: inactive players will automatically lose when time's up. (requested by Blake-Mamba)\n|\n|t:|1700774189\n|move|p2a: Dragonite|Draco Meteor|p1a: Bud Might\n|-damage|p1a: Bud Might|23\/100\n|-unboost|p2a: Dragonite|spa|2\n|-damage|p2a: Dragonite|81\/100|[from] item: Life Orb\n|move|p1a: Bud Might|Recover|p1a: Bud Might\n|-heal|p1a: Bud Might|73\/100\n|\n|upkeep\n|turn|20\n|\n|t:|1700774197\n|move|p2a: Dragonite|Double-Edge|p1a: Bud Might\n|-resisted|p1a: Bud Might\n|-damage|p1a: Bud Might|42\/100\n|-damage|p2a: Dragonite|64\/100|[from] item: Rocky Helmet|[of] p1a: Bud Might\n|-damage|p2a: Dragonite|52\/100|[from] Recoil\n|-damage|p2a: Dragonite|42\/100|[from] item: Life Orb\n|move|p1a: Bud Might|Leech Seed|p2a: Dragonite\n|-start|p2a: Dragonite|move: Leech Seed\n|\n|-damage|p2a: Dragonite|30\/100|[from] Leech Seed|[of] p1a: Bud Might\n|-heal|p1a: Bud Might|53\/100|[silent]\n|upkeep\n|turn|21\n|\n|t:|1700774210\n|move|p2a: Dragonite|Extreme Speed|p1a: Bud Might\n|-resisted|p1a: Bud Might\n|-damage|p1a: Bud Might|33\/100\n|-damage|p2a: Dragonite|13\/100|[from] item: Rocky Helmet|[of] p1a: Bud Might\n|-damage|p2a: Dragonite|4\/100|[from] item: Life Orb\n|move|p1a: Bud Might|Ancient Power|p2a: Dragonite\n|-damage|p2a: Dragonite|0 fnt\n|-boost|p1a: Bud Might|atk|1\n|-boost|p1a: Bud Might|def|1\n|-boost|p1a: Bud Might|spa|1\n|-boost|p1a: Bud Might|spd|1\n|-boost|p1a: Bud Might|spe|1\n|faint|p2a: Dragonite\n|\n|upkeep\n|\n|t:|1700774213\n|switch|p2a: Darmanitan|Darmanitan, F|100\/100\n|turn|22\n|\n|t:|1700774225\n|move|p2a: Darmanitan|Hammer Arm|p1a: Bud Might\n|-supereffective|p1a: Bud Might\n|-damage|p1a: Bud Might|0 fnt\n|-unboost|p2a: Darmanitan|spe|1\n|-damage|p2a: Darmanitan|84\/100|[from] item: Rocky Helmet|[of] p1a: Bud Might\n|faint|p1a: Bud Might\n|\n|upkeep\n|\n|t:|1700774233\n|switch|p1a: Lord Helix|Omastar, F|100\/100\n|-damage|p1a: Lord Helix|88\/100|[from] Spikes\n|turn|23\n|\n|t:|1700774238\n|move|p2a: Darmanitan|Hammer Arm|p1a: Lord Helix\n|-supereffective|p1a: Lord Helix\n|-damage|p1a: Lord Helix|0 fnt\n|-unboost|p2a: Darmanitan|spe|1\n|faint|p1a: Lord Helix\n|\n|upkeep\n|\n|t:|1700774244\n|switch|p1a: Give me BraveBird|Aerodactyl, F, shiny|100\/100\n|-ability|p1a: Give me BraveBird|Unnerve\n|turn|24\n|\n|t:|1700774249\n|detailschange|p1a: Give me BraveBird|Aerodactyl-Mega, F, shiny\n|-mega|p1a: Give me BraveBird|Aerodactyl|Aerodactylite\n|move|p1a: Give me BraveBird|Stone Edge|p2a: Darmanitan\n|-supereffective|p2a: Darmanitan\n|-damage|p2a: Darmanitan|0 fnt\n|faint|p2a: Darmanitan\n|\n|win|Blake-Mamba\n|raw|Blake-Mamba's rating: 1068 &rarr; <strong>1100<\/strong><br \/>(+32 for winning)\n|raw|Sofiane26's rating: 1089 &rarr; <strong>1064<\/strong><br \/>(-25 for losing)\n|c|\u2606Blake-Mamba|Gg\n|l|\u2606Sofiane26\n","uploadtime":1700774267,"views":3,"p1id":"blakemamba","p2id":"sofiane26","formatid":"gen9nationaldex","rating":1064,"private":0,"password":""}