{"id":"gen9nationaldex-1998625576","p1":"Woolie the woolie","p2":"Sakni","format":"[Gen 9] National Dex","log":"|html|<div class=\"broadcast-blue\"><strong>[Gen 9] National Dex is currently suspecting Sneasler! For information on how to participate check out the <a href=\"https:\/\/www.smogon.com\/forums\/threads\/sv-national-dex-suspect-8-just-dance.3731534\/\">suspect thread<\/a>.<\/strong><\/div>\n|j|\u2606Woolie the woolie\n|j|\u2606Sakni\n|t:|1700964519\n|gametype|singles\n|player|p1|Woolie the woolie|dawn|1210\n|player|p2|Sakni|alec-anime|1347\n|teamsize|p1|6\n|teamsize|p2|6\n|gen|9\n|tier|[Gen 9] National Dex\n|rated|\n|rule|HP Percentage Mod: HP is shown in percentages\n|rule|Endless Battle Clause: Forcing endless battles is banned\n|rule|OHKO Clause: OHKO moves are banned\n|rule|Evasion Clause: Evasion abilities, items, and moves are banned\n|rule|Evasion Abilities Clause: Evasion abilities are banned\n|rule|Evasion Items Clause: Evasion items are banned\n|rule|Evasion Moves Clause: Evasion moves are banned\n|rule|Species Clause: Limit one of each Pok\u00e9mon\n|rule|Sleep Clause Mod: Limit one foe put to sleep\n|clearpoke\n|poke|p1|Alomomola, F|\n|poke|p1|Tornadus-Therian, M|\n|poke|p1|Mienshao, M|\n|poke|p1|Audino, F|\n|poke|p1|Tangrowth, M|\n|poke|p1|Reuniclus, F|\n|poke|p2|Sneasler, F|\n|poke|p2|Latias, F|\n|poke|p2|Tapu Lele|\n|poke|p2|Great Tusk|\n|poke|p2|Greninja-*, M|\n|poke|p2|Cinderace, F|\n|teampreview\n|inactive|Battle timer is ON: inactive players will automatically lose when time's up. (requested by Woolie the woolie)\n|\n|t:|1700964526\n|start\n|switch|p1a: Mienshao|Mienshao, M, shiny|100\/100\n|switch|p2a: Great Tusk|Great Tusk|100\/100\n|turn|1\n|\n|t:|1700964534\n|move|p1a: Mienshao|Ice Spinner|p2a: Great Tusk\n|-supereffective|p2a: Great Tusk\n|-damage|p2a: Great Tusk|50\/100\n|-damage|p1a: Mienshao|84\/100|[from] item: Rocky Helmet|[of] p2a: Great Tusk\n|move|p2a: Great Tusk|Knock Off|p1a: Mienshao\n|-resisted|p1a: Mienshao\n|-damage|p1a: Mienshao|53\/100\n|-enditem|p1a: Mienshao|Choice Band|[from] move: Knock Off|[of] p2a: Great Tusk\n|\n|upkeep\n|turn|2\n|\n|t:|1700964549\n|switch|p1a: Tangrowth|Tangrowth, M, shiny|100\/100\n|move|p2a: Great Tusk|Stealth Rock|p1a: Tangrowth\n|-sidestart|p1: Woolie the woolie|move: Stealth Rock\n|\n|upkeep\n|turn|3\n|\n|t:|1700964555\n|move|p2a: Great Tusk|Knock Off|p1a: Tangrowth\n|-damage|p1a: Tangrowth|80\/100\n|-damage|p2a: Great Tusk|34\/100|[from] item: Rocky Helmet|[of] p1a: Tangrowth\n|-enditem|p1a: Tangrowth|Rocky Helmet|[from] move: Knock Off|[of] p2a: Great Tusk\n|move|p1a: Tangrowth|Leech Seed|p2a: Great Tusk\n|-start|p2a: Great Tusk|move: Leech Seed\n|\n|-damage|p2a: Great Tusk|21\/100|[from] Leech Seed|[of] p1a: Tangrowth\n|-heal|p1a: Tangrowth|93\/100|[silent]\n|upkeep\n|turn|4\n|\n|t:|1700964564\n|-end|p2a: Great Tusk|Protosynthesis|[silent]\n|switch|p2a: Cinderace|Cinderace, F, shiny|100\/100\n|switch|p1a: Alomomola|Alomomola, F, shiny|100\/100\n|-damage|p1a: Alomomola|88\/100|[from] Stealth Rock\n|\n|-heal|p1a: Alomomola|94\/100|[from] item: Leftovers\n|upkeep\n|turn|5\n|\n|t:|1700964573\n|move|p2a: Cinderace|U-turn|p1a: Alomomola\n|-start|p2a: Cinderace|typechange|Bug|[from] ability: Libero\n|-damage|p1a: Alomomola|77\/100\n|\n|t:|1700964578\n|switch|p2a: Greninja|Greninja, M|100\/100|[from] U-turn\n|move|p1a: Alomomola|Flip Turn|p2a: Greninja\n|-resisted|p2a: Greninja\n|-damage|p2a: Greninja|86\/100\n|\n|t:|1700964589\n|switch|p1a: Tangrowth|Tangrowth, M, shiny|100\/100|[from] Flip Turn\n|-damage|p1a: Tangrowth|88\/100|[from] Stealth Rock\n|\n|upkeep\n|turn|6\n|\n|t:|1700964596\n|move|p2a: Greninja|Ice Beam|p1a: Tangrowth\n|-supereffective|p1a: Tangrowth\n|-damage|p1a: Tangrowth|4\/100\n|move|p1a: Tangrowth|Giga Drain|p2a: Greninja\n|-supereffective|p2a: Greninja\n|-damage|p2a: Greninja|0 fnt\n|-heal|p1a: Tangrowth|35\/100|[from] drain|[of] p2a: Greninja\n|faint|p2a: Greninja\n|\n|upkeep\n|\n|t:|1700964600\n|switch|p2a: Cinderace|Cinderace, F, shiny|100\/100\n|turn|7\n|\n|t:|1700964603\n|switch|p1a: Alomomola|Alomomola, F, shiny|100\/100\n|-damage|p1a: Alomomola|88\/100|[from] Stealth Rock\n|move|p2a: Cinderace|U-turn|p1a: Alomomola\n|-start|p2a: Cinderace|typechange|Bug|[from] ability: Libero\n|-damage|p1a: Alomomola|72\/100\n|\n|t:|1700964611\n|switch|p2a: Great Tusk|Great Tusk|21\/100|[from] U-turn\n|\n|-heal|p1a: Alomomola|78\/100|[from] item: Leftovers\n|upkeep\n|turn|8\n|\n|t:|1700964624\n|move|p2a: Great Tusk|Knock Off|p1a: Alomomola\n|-damage|p1a: Alomomola|59\/100\n|-enditem|p1a: Alomomola|Leftovers|[from] move: Knock Off|[of] p2a: Great Tusk\n|move|p1a: Alomomola|Flip Turn|p2a: Great Tusk\n|-supereffective|p2a: Great Tusk\n|-damage|p2a: Great Tusk|0 fnt\n|-damage|p1a: Alomomola|42\/100|[from] item: Rocky Helmet|[of] p2a: Great Tusk\n|faint|p2a: Great Tusk\n|-end|p2a: Great Tusk|Protosynthesis|[silent]\n|\n|t:|1700964629\n|switch|p1a: Tornadus|Tornadus-Therian, M|100\/100|[from] Flip Turn\n|\n|upkeep\n|\n|t:|1700964636\n|switch|p2a: Tapu Lele|Tapu Lele, shiny|100\/100\n|-fieldstart|move: Psychic Terrain|[from] ability: Psychic Surge|[of] p2a: Tapu Lele\n|turn|9\n|\n|t:|1700964642\n|move|p2a: Tapu Lele|Psychic|p1a: Tornadus\n|-damage|p1a: Tornadus|23\/100\n|move|p1a: Tornadus|Defog|p2a: Tapu Lele\n|-unboost|p2a: Tapu Lele|evasion|1\n|-sideend|p1: Woolie the woolie|Stealth Rock|[from] move: Defog|[of] p1a: Tornadus\n|-fieldend|move: Psychic Terrain\n|\n|upkeep\n|turn|10\n|\n|t:|1700964650\n|switch|p1a: Audino|Audino, F, shiny|100\/100\n|move|p2a: Tapu Lele|Psychic|p1a: Audino\n|-damage|p1a: Audino|72\/100\n|\n|-heal|p1a: Audino|78\/100|[from] item: Leftovers\n|upkeep\n|turn|11\n|\n|t:|1700964653\n|switch|p2a: Cinderace|Cinderace, F, shiny|100\/100\n|move|p1a: Audino|Wish|p1a: Audino\n|\n|-heal|p1a: Audino|84\/100|[from] item: Leftovers\n|upkeep\n|turn|12\n|\n|t:|1700964659\n|switch|p1a: Reuniclus|Reuniclus, F|100\/100\n|move|p2a: Cinderace|U-turn|p1a: Reuniclus\n|-start|p2a: Cinderace|typechange|Bug|[from] ability: Libero\n|-supereffective|p1a: Reuniclus\n|-damage|p1a: Reuniclus|28\/100\n|\n|t:|1700964666\n|switch|p2a: Tapu Lele|Tapu Lele, shiny|100\/100|[from] U-turn\n|-fieldstart|move: Psychic Terrain|[from] ability: Psychic Surge|[of] p2a: Tapu Lele\n|\n|-heal|p1a: Reuniclus|76\/100|[from] move: Wish|[wisher] Audino\n|-heal|p1a: Reuniclus|82\/100|[from] item: Leftovers\n|upkeep\n|turn|13\n|\n|t:|1700964673\n|switch|p2a: Cinderace|Cinderace, F, shiny|100\/100\n|move|p1a: Reuniclus|Calm Mind|p1a: Reuniclus\n|-boost|p1a: Reuniclus|spa|1\n|-boost|p1a: Reuniclus|spd|1\n|\n|-heal|p1a: Reuniclus|88\/100|[from] item: Leftovers\n|upkeep\n|turn|14\n|\n|t:|1700964683\n|switch|p1a: Alomomola|Alomomola, F, shiny|75\/100\n|move|p2a: Cinderace|U-turn|p1a: Alomomola\n|-start|p2a: Cinderace|typechange|Bug|[from] ability: Libero\n|-damage|p1a: Alomomola|57\/100\n|\n|t:|1700964686\n|switch|p2a: Sneasler|Sneasler, F|100\/100|[from] U-turn\n|-enditem|p2a: Sneasler|Psychic Seed\n|-boost|p2a: Sneasler|spd|1|[from] item: Psychic Seed\n|\n|upkeep\n|turn|15\n|\n|t:|1700964691\n|move|p2a: Sneasler|Swords Dance|p2a: Sneasler\n|-boost|p2a: Sneasler|atk|2\n|move|p1a: Alomomola|Wish|p1a: Alomomola\n|\n|upkeep\n|turn|16\n|\n|t:|1700964693\n|move|p2a: Sneasler|Dire Claw|p1a: Alomomola\n|-damage|p1a: Alomomola|4\/100\n|move|p1a: Alomomola|Scald|p2a: Sneasler\n|-damage|p2a: Sneasler|89\/100\n|\n|-heal|p1a: Alomomola|54\/100|[from] move: Wish|[wisher] Alomomola\n|-fieldend|move: Psychic Terrain\n|upkeep\n|turn|17\n|\n|t:|1700964700\n|move|p1a: Alomomola|Protect|p1a: Alomomola\n|-singleturn|p1a: Alomomola|Protect\n|move|p2a: Sneasler|Dire Claw|p1a: Alomomola\n|-activate|p1a: Alomomola|move: Protect\n|\n|upkeep\n|turn|18\n|\n|t:|1700964703\n|move|p2a: Sneasler|Dire Claw|p1a: Alomomola\n|-damage|p1a: Alomomola|3\/100\n|-status|p1a: Alomomola|psn\n|move|p1a: Alomomola|Wish|p1a: Alomomola\n|\n|-damage|p1a: Alomomola|0 fnt|[from] psn\n|faint|p1a: Alomomola\n|upkeep\n|\n|t:|1700964711\n|switch|p1a: Tornadus|Tornadus-Therian, M|57\/100\n|turn|19\n|\n|t:|1700964714\n|move|p2a: Sneasler|Dire Claw|p1a: Tornadus\n|-damage|p1a: Tornadus|0 fnt\n|faint|p1a: Tornadus\n|\n|upkeep\n|c|\u2606Sakni|Gg\n|\n|t:|1700964723\n|switch|p1a: Reuniclus|Reuniclus, F|100\/100\n|turn|20\n|\n|t:|1700964731\n|-terastallize|p2a: Sneasler|Flying\n|move|p2a: Sneasler|Dire Claw|p1a: Reuniclus\n|-damage|p1a: Reuniclus|3\/100\n|move|p1a: Reuniclus|Psychic|p2a: Sneasler\n|-damage|p2a: Sneasler|42\/100\n|\n|-heal|p1a: Reuniclus|9\/100|[from] item: Leftovers\n|upkeep\n|turn|21\n|\n|t:|1700964744\n|move|p2a: Sneasler|Dire Claw|p1a: Reuniclus\n|-damage|p1a: Reuniclus|0 fnt\n|faint|p1a: Reuniclus\n|\n|upkeep\n|\n|t:|1700964746\n|switch|p1a: Mienshao|Mienshao, M, shiny|86\/100\n|turn|22\n|\n|t:|1700964751\n|-terastallize|p1a: Mienshao|Steel\n|move|p2a: Sneasler|Dire Claw|p1a: Mienshao\n|-immune|p1a: Mienshao\n|move|p1a: Mienshao|Ice Spinner|p2a: Sneasler\n|-supereffective|p2a: Sneasler\n|-crit|p2a: Sneasler\n|-damage|p2a: Sneasler|0 fnt\n|faint|p2a: Sneasler\n|\n|upkeep\n|\n|t:|1700964755\n|switch|p2a: Cinderace|Cinderace, F, shiny|100\/100\n|turn|23\n|\n|t:|1700964761\n|switch|p1a: Audino|Audino, F, shiny|100\/100\n|move|p2a: Cinderace|Pyro Ball|p1a: Audino\n|-damage|p1a: Audino|49\/100\n|\n|-heal|p1a: Audino|55\/100|[from] item: Leftovers\n|upkeep\n|turn|24\n|\n|t:|1700964767\n|move|p1a: Audino|Protect|p1a: Audino\n|-singleturn|p1a: Audino|Protect\n|move|p2a: Cinderace|Will-O-Wisp|p1a: Audino\n|-activate|p1a: Audino|move: Protect\n|\n|-heal|p1a: Audino|61\/100|[from] item: Leftovers\n|upkeep\n|turn|25\n|\n|t:|1700964772\n|move|p2a: Cinderace|Will-O-Wisp|p1a: Audino\n|-status|p1a: Audino|brn\n|move|p1a: Audino|Wish|p1a: Audino\n|\n|-heal|p1a: Audino|67\/100 brn|[from] item: Leftovers\n|-damage|p1a: Audino|61\/100 brn|[from] brn\n|upkeep\n|turn|26\n|\n|t:|1700964779\n|switch|p2a: Tapu Lele|Tapu Lele, shiny|100\/100\n|-fieldstart|move: Psychic Terrain|[from] ability: Psychic Surge|[of] p2a: Tapu Lele\n|move|p1a: Audino|Toxic|p2a: Tapu Lele|[miss]\n|-miss|p1a: Audino|p2a: Tapu Lele\n|\n|-heal|p1a: Audino|100\/100 brn|[from] move: Wish|[wisher] Audino\n|-damage|p1a: Audino|94\/100 brn|[from] brn\n|upkeep\n|turn|27\n|\n|t:|1700964787\n|move|p2a: Tapu Lele|Psyshock|p1a: Audino\n|-damage|p1a: Audino|42\/100 brn\n|move|p1a: Audino|Heal Bell|p1a: Audino\n|-activate|p1a: Audino|move: Heal Bell\n|-curestatus|p1a: Audino|brn|[msg]\n|\n|-heal|p1a: Audino|49\/100|[from] item: Leftovers\n|upkeep\n|turn|28\n|\n|t:|1700964790\n|move|p1a: Audino|Protect|p1a: Audino\n|-singleturn|p1a: Audino|Protect\n|move|p2a: Tapu Lele|Psyshock|p1a: Audino\n|-activate|p1a: Audino|move: Protect\n|\n|-heal|p1a: Audino|55\/100|[from] item: Leftovers\n|upkeep\n|turn|29\n|\n|t:|1700964794\n|switch|p1a: Tangrowth|Tangrowth, M, shiny|68\/100\n|move|p2a: Tapu Lele|Psyshock|p1a: Tangrowth\n|-damage|p1a: Tangrowth|35\/100\n|\n|upkeep\n|turn|30\n|\n|t:|1700964800\n|switch|p1a: Audino|Audino, F, shiny|88\/100\n|move|p2a: Tapu Lele|Psyshock|p1a: Audino\n|-damage|p1a: Audino|36\/100\n|\n|-heal|p1a: Audino|42\/100|[from] item: Leftovers\n|-fieldend|move: Psychic Terrain\n|upkeep\n|turn|31\n|\n|t:|1700964804\n|move|p1a: Audino|Protect|p1a: Audino\n|-singleturn|p1a: Audino|Protect\n|move|p2a: Tapu Lele|Psyshock|p1a: Audino\n|-activate|p1a: Audino|move: Protect\n|\n|-heal|p1a: Audino|49\/100|[from] item: Leftovers\n|upkeep\n|turn|32\n|\n|t:|1700964807\n|switch|p1a: Tangrowth|Tangrowth, M, shiny|68\/100\n|move|p2a: Tapu Lele|Psyshock|p1a: Tangrowth\n|-damage|p1a: Tangrowth|39\/100\n|\n|upkeep\n|turn|33\n|\n|t:|1700964813\n|switch|p2a: Cinderace|Cinderace, F, shiny|100\/100\n|switch|p1a: Audino|Audino, F, shiny|82\/100\n|\n|-heal|p1a: Audino|88\/100|[from] item: Leftovers\n|upkeep\n|turn|34\n|\n|t:|1700964817\n|move|p1a: Audino|Protect|p1a: Audino\n|-singleturn|p1a: Audino|Protect\n|move|p2a: Cinderace|U-turn|p1a: Audino\n|-start|p2a: Cinderace|typechange|Bug|[from] ability: Libero\n|-activate|p1a: Audino|move: Protect\n|\n|-heal|p1a: Audino|94\/100|[from] item: Leftovers\n|upkeep\n|turn|35\n|\n|t:|1700964820\n|move|p2a: Cinderace|Pyro Ball|p1a: Audino\n|-damage|p1a: Audino|57\/100\n|move|p1a: Audino|Toxic|p2a: Cinderace\n|-status|p2a: Cinderace|tox\n|\n|-heal|p1a: Audino|63\/100|[from] item: Leftovers\n|-damage|p2a: Cinderace|95\/100 tox|[from] psn\n|upkeep\n|turn|36\n|\n|t:|1700964825\n|move|p2a: Cinderace|Will-O-Wisp|p1a: Audino\n|-status|p1a: Audino|brn\n|move|p1a: Audino|Wish|p1a: Audino\n|\n|-heal|p1a: Audino|69\/100 brn|[from] item: Leftovers\n|-damage|p2a: Cinderace|83\/100 tox|[from] psn\n|-damage|p1a: Audino|63\/100 brn|[from] brn\n|upkeep\n|turn|37\n|\n|t:|1700964830\n|move|p2a: Cinderace|U-turn|p1a: Audino\n|-damage|p1a: Audino|32\/100 brn\n|\n|t:|1700964833\n|switch|p2a: Tapu Lele|Tapu Lele, shiny|100\/100|[from] U-turn\n|-fieldstart|move: Psychic Terrain|[from] ability: Psychic Surge|[of] p2a: Tapu Lele\n|move|p1a: Audino|Heal Bell|p1a: Audino\n|-activate|p1a: Audino|move: Heal Bell\n|-curestatus|p1a: Audino|brn|[msg]\n|\n|-heal|p1a: Audino|82\/100|[from] move: Wish|[wisher] Audino\n|-heal|p1a: Audino|89\/100|[from] item: Leftovers\n|upkeep\n|turn|38\n|\n|t:|1700964843\n|move|p1a: Audino|Protect|p1a: Audino\n|-singleturn|p1a: Audino|Protect\n|move|p2a: Tapu Lele|Psychic|p1a: Audino\n|-activate|p1a: Audino|move: Protect\n|\n|-heal|p1a: Audino|95\/100|[from] item: Leftovers\n|upkeep\n|turn|39\n|\n|t:|1700964848\n|move|p2a: Tapu Lele|Psychic|p1a: Audino\n|-damage|p1a: Audino|55\/100\n|move|p1a: Audino|Toxic|p2a: Tapu Lele\n|-status|p2a: Tapu Lele|tox\n|\n|-heal|p1a: Audino|61\/100|[from] item: Leftovers\n|-damage|p2a: Tapu Lele|94\/100 tox|[from] psn\n|upkeep\n|turn|40\n|\n|t:|1700964853\n|move|p2a: Tapu Lele|Psychic|p1a: Audino\n|-damage|p1a: Audino|18\/100\n|move|p1a: Audino|Wish|p1a: Audino\n|\n|-heal|p1a: Audino|24\/100|[from] item: Leftovers\n|-damage|p2a: Tapu Lele|82\/100 tox|[from] psn\n|upkeep\n|turn|41\n|\n|t:|1700964857\n|move|p1a: Audino|Protect|p1a: Audino\n|-singleturn|p1a: Audino|Protect\n|move|p2a: Tapu Lele|Psychic|p1a: Audino\n|-activate|p1a: Audino|move: Protect\n|\n|-heal|p1a: Audino|74\/100|[from] move: Wish|[wisher] Audino\n|-heal|p1a: Audino|80\/100|[from] item: Leftovers\n|-damage|p2a: Tapu Lele|64\/100 tox|[from] psn\n|-fieldend|move: Psychic Terrain\n|upkeep\n|turn|42\n|\n|t:|1700964866\n|switch|p2a: Cinderace|Cinderace, F, shiny|83\/100 tox\n|move|p1a: Audino|Wish|p1a: Audino\n|\n|-heal|p1a: Audino|87\/100|[from] item: Leftovers\n|-damage|p2a: Cinderace|77\/100 tox|[from] psn\n|upkeep\n|turn|43\n|\n|t:|1700964875\n|move|p2a: Cinderace|Pyro Ball|p1a: Audino\n|-damage|p1a: Audino|36\/100\n|move|p1a: Audino|Heal Bell||[still]\n|-activate|p1a: Audino|move: Heal Bell\n|-fail|p1a: Audino\n|\n|-heal|p1a: Audino|86\/100|[from] move: Wish|[wisher] Audino\n|-heal|p1a: Audino|92\/100|[from] item: Leftovers\n|-damage|p2a: Cinderace|65\/100 tox|[from] psn\n|upkeep\n|turn|44\n|\n|t:|1700964882\n|move|p1a: Audino|Protect|p1a: Audino\n|-singleturn|p1a: Audino|Protect\n|move|p2a: Cinderace|Pyro Ball|p1a: Audino\n|-activate|p1a: Audino|move: Protect\n|\n|-heal|p1a: Audino|98\/100|[from] item: Leftovers\n|-damage|p2a: Cinderace|47\/100 tox|[from] psn\n|upkeep\n|turn|45\n|\n|t:|1700964885\n|move|p2a: Cinderace|U-turn|p1a: Audino\n|-start|p2a: Cinderace|typechange|Bug|[from] ability: Libero\n|-damage|p1a: Audino|69\/100\n|\n|t:|1700964889\n|switch|p2a: Tapu Lele|Tapu Lele, shiny|64\/100 tox|[from] U-turn\n|-fieldstart|move: Psychic Terrain|[from] ability: Psychic Surge|[of] p2a: Tapu Lele\n|move|p1a: Audino|Wish|p1a: Audino\n|\n|-heal|p1a: Audino|75\/100|[from] item: Leftovers\n|-damage|p2a: Tapu Lele|58\/100 tox|[from] psn\n|upkeep\n|turn|46\n|\n|t:|1700964894\n|switch|p1a: Tangrowth|Tangrowth, M, shiny|73\/100\n|move|p2a: Tapu Lele|Psyshock|p1a: Tangrowth\n|-damage|p1a: Tangrowth|41\/100\n|\n|-heal|p1a: Tangrowth|92\/100|[from] move: Wish|[wisher] Audino\n|-damage|p2a: Tapu Lele|46\/100 tox|[from] psn\n|upkeep\n|turn|47\n|\n|t:|1700964901\n|switch|p2a: Cinderace|Cinderace, F, shiny|47\/100 tox\n|move|p1a: Tangrowth|Knock Off|p2a: Cinderace\n|-damage|p2a: Cinderace|16\/100 tox\n|-enditem|p2a: Cinderace|Heavy-Duty Boots|[from] move: Knock Off|[of] p1a: Tangrowth\n|\n|-damage|p2a: Cinderace|10\/100 tox|[from] psn\n|upkeep\n|turn|48\n|\n|t:|1700964908\n|switch|p1a: Audino|Audino, F, shiny|100\/100\n|move|p2a: Cinderace|Pyro Ball|p1a: Audino\n|-damage|p1a: Audino|42\/100\n|\n|-heal|p1a: Audino|48\/100|[from] item: Leftovers\n|-damage|p2a: Cinderace|0 fnt|[from] psn\n|faint|p2a: Cinderace\n|upkeep\n|\n|t:|1700964915\n|switch|p2a: Latias|Latias, F|100\/100\n|turn|49\n|l|\u2606Sakni\n|inactive|Sakni disconnected and has a minute to reconnect!\n|player|p2|\n|j|\u2606Sakni\n|inactive|Sakni reconnected and has 125 seconds left.\n|player|p2|Sakni|alec-anime\n|inactive|Sakni has 120 seconds left.\n|\n|t:|1700964946\n|switch|p1a: Tangrowth|Tangrowth, M, shiny|100\/100\n|detailschange|p2a: Latias|Latias-Mega, F\n|-mega|p2a: Latias|Latias|Latiasite\n|move|p2a: Latias|Calm Mind|p2a: Latias\n|-boost|p2a: Latias|spa|1\n|-boost|p2a: Latias|spd|1\n|\n|-fieldend|move: Psychic Terrain\n|upkeep\n|turn|50\n|\n|t:|1700964953\n|move|p2a: Latias|Calm Mind|p2a: Latias\n|-boost|p2a: Latias|spa|1\n|-boost|p2a: Latias|spd|1\n|move|p1a: Tangrowth|Leech Seed|p2a: Latias\n|-start|p2a: Latias|move: Leech Seed\n|\n|-damage|p2a: Latias|88\/100|[from] Leech Seed|[of] p1a: Tangrowth\n|upkeep\n|turn|51\n|\n|t:|1700964958\n|move|p2a: Latias|Psyshock|p1a: Tangrowth\n|-damage|p1a: Tangrowth|57\/100\n|move|p1a: Tangrowth|Knock Off|p2a: Latias\n|-supereffective|p2a: Latias\n|-damage|p2a: Latias|70\/100\n|\n|-damage|p2a: Latias|58\/100|[from] Leech Seed|[of] p1a: Tangrowth\n|-heal|p1a: Tangrowth|68\/100|[silent]\n|upkeep\n|turn|52\n|\n|t:|1700964964\n|move|p2a: Latias|Roost|p2a: Latias\n|-heal|p2a: Latias|100\/100\n|-singleturn|p2a: Latias|move: Roost\n|move|p1a: Tangrowth|Synthesis|p1a: Tangrowth\n|-heal|p1a: Tangrowth|100\/100\n|\n|-damage|p2a: Latias|88\/100|[from] Leech Seed|[of] p1a: Tangrowth\n|upkeep\n|turn|53\n|\n|t:|1700964968\n|move|p2a: Latias|Calm Mind|p2a: Latias\n|-boost|p2a: Latias|spa|1\n|-boost|p2a: Latias|spd|1\n|move|p1a: Tangrowth|Knock Off|p2a: Latias\n|-supereffective|p2a: Latias\n|-damage|p2a: Latias|70\/100\n|\n|-damage|p2a: Latias|58\/100|[from] Leech Seed|[of] p1a: Tangrowth\n|upkeep\n|turn|54\n|\n|t:|1700964979\n|move|p2a: Latias|Roost|p2a: Latias\n|-heal|p2a: Latias|100\/100\n|-singleturn|p2a: Latias|move: Roost\n|move|p1a: Tangrowth|Knock Off|p2a: Latias\n|-supereffective|p2a: Latias\n|-damage|p2a: Latias|82\/100\n|\n|-damage|p2a: Latias|70\/100|[from] Leech Seed|[of] p1a: Tangrowth\n|upkeep\n|turn|55\n|\n|t:|1700964991\n|move|p2a: Latias|Draco Meteor|p1a: Tangrowth\n|-damage|p1a: Tangrowth|0 fnt\n|-unboost|p2a: Latias|spa|2\n|faint|p1a: Tangrowth\n|\n|upkeep\n|\n|t:|1700964999\n|switch|p1a: Mienshao|Mienshao, M, shiny, tera:Steel|100\/100\n|turn|56\n|\n|t:|1700965024\n|move|p1a: Mienshao|U-turn|p2a: Latias\n|-supereffective|p2a: Latias\n|-damage|p2a: Latias|41\/100\n|\n|t:|1700965026\n|switch|p1a: Audino|Audino, F, shiny|81\/100|[from] U-turn\n|move|p2a: Latias|Roost|p2a: Latias\n|-heal|p2a: Latias|92\/100\n|-singleturn|p2a: Latias|move: Roost\n|\n|-heal|p1a: Audino|87\/100|[from] item: Leftovers\n|-damage|p2a: Latias|79\/100|[from] Leech Seed|[of] p1a: Audino\n|-heal|p1a: Audino|98\/100|[silent]\n|upkeep\n|turn|57\n|\n|t:|1700965032\n|switch|p2a: Tapu Lele|Tapu Lele, shiny|46\/100 tox\n|-fieldstart|move: Psychic Terrain|[from] ability: Psychic Surge|[of] p2a: Tapu Lele\n|move|p1a: Audino|Toxic|p2a: Tapu Lele\n|-fail|p2a: Tapu Lele|tox\n|\n|-heal|p1a: Audino|100\/100|[from] item: Leftovers\n|-damage|p2a: Tapu Lele|40\/100 tox|[from] psn\n|upkeep\n|turn|58\n|\n|t:|1700965048\n|move|p2a: Tapu Lele|Psyshock|p1a: Audino\n|-damage|p1a: Audino|48\/100\n|move|p1a: Audino|Wish|p1a: Audino\n|\n|-heal|p1a: Audino|54\/100|[from] item: Leftovers\n|-damage|p2a: Tapu Lele|28\/100 tox|[from] psn\n|upkeep\n|turn|59\n|\n|t:|1700965054\n|move|p1a: Audino|Protect|p1a: Audino\n|-singleturn|p1a: Audino|Protect\n|move|p2a: Tapu Lele|Psyshock|p1a: Audino\n|-activate|p1a: Audino|move: Protect\n|\n|-heal|p1a: Audino|100\/100|[from] move: Wish|[wisher] Audino\n|-damage|p2a: Tapu Lele|10\/100 tox|[from] psn\n|upkeep\n|turn|60\n|\n|t:|1700965058\n|move|p2a: Tapu Lele|Psyshock|p1a: Audino\n|-damage|p1a: Audino|48\/100\n|move|p1a: Audino|Wish|p1a: Audino\n|\n|-heal|p1a: Audino|54\/100|[from] item: Leftovers\n|-damage|p2a: Tapu Lele|0 fnt|[from] psn\n|faint|p2a: Tapu Lele\n|upkeep\n|\n|t:|1700965062\n|switch|p2a: Latias|Latias-Mega, F|79\/100\n|turn|61\n|\n|t:|1700965064\n|move|p2a: Latias|Calm Mind|p2a: Latias\n|-boost|p2a: Latias|spa|1\n|-boost|p2a: Latias|spd|1\n|move|p1a: Audino|Toxic|p2a: Latias\n|-status|p2a: Latias|tox\n|\n|-heal|p1a: Audino|100\/100|[from] move: Wish|[wisher] Audino\n|-damage|p2a: Latias|73\/100 tox|[from] psn\n|-fieldend|move: Psychic Terrain\n|upkeep\n|turn|62\n|\n|t:|1700965070\n|move|p2a: Latias|Calm Mind|p2a: Latias\n|-boost|p2a: Latias|spa|1\n|-boost|p2a: Latias|spd|1\n|move|p1a: Audino|Wish|p1a: Audino\n|\n|-damage|p2a: Latias|61\/100 tox|[from] psn\n|upkeep\n|turn|63\n|\n|t:|1700965074\n|switch|p1a: Mienshao|Mienshao, M, shiny, tera:Steel|100\/100\n|move|p2a: Latias|Draco Meteor|p1a: Mienshao\n|-resisted|p1a: Mienshao\n|-crit|p1a: Mienshao\n|-damage|p1a: Mienshao|0 fnt\n|-unboost|p2a: Latias|spa|2\n|faint|p1a: Mienshao\n|\n|-damage|p2a: Latias|43\/100 tox|[from] psn\n|upkeep\n|\n|t:|1700965077\n|switch|p1a: Audino|Audino, F, shiny|100\/100\n|turn|64\n|\n|t:|1700965082\n|move|p2a: Latias|Draco Meteor|p1a: Audino\n|-damage|p1a: Audino|63\/100\n|-unboost|p2a: Latias|spa|2\n|move|p1a: Audino|Wish|p1a: Audino\n|\n|-heal|p1a: Audino|69\/100|[from] item: Leftovers\n|-damage|p2a: Latias|18\/100 tox|[from] psn\n|upkeep\n|turn|65\n|\n|t:|1700965087\n|move|p1a: Audino|Protect|p1a: Audino\n|-singleturn|p1a: Audino|Protect\n|move|p2a: Latias|Roost|p2a: Latias\n|-heal|p2a: Latias|68\/100 tox\n|-singleturn|p2a: Latias|move: Roost\n|\n|-heal|p1a: Audino|100\/100|[from] move: Wish|[wisher] Audino\n|-damage|p2a: Latias|38\/100 tox|[from] psn\n|upkeep\n|turn|66\n|\n|t:|1700965093\n|move|p2a: Latias|Roost|p2a: Latias\n|-heal|p2a: Latias|88\/100 tox\n|-singleturn|p2a: Latias|move: Roost\n|move|p1a: Audino|Wish|p1a: Audino\n|\n|-damage|p2a: Latias|51\/100 tox|[from] psn\n|upkeep\n|turn|67\n|\n|t:|1700965101\n|move|p2a: Latias|Calm Mind|p2a: Latias\n|-boost|p2a: Latias|spa|1\n|-boost|p2a: Latias|spd|1\n|move|p1a: Audino|Heal Bell||[still]\n|-activate|p1a: Audino|move: Heal Bell\n|-fail|p1a: Audino\n|\n|-damage|p2a: Latias|8\/100 tox|[from] psn\n|upkeep\n|turn|68\n|\n|t:|1700965110\n|move|p2a: Latias|Roost|p2a: Latias\n|-heal|p2a: Latias|58\/100 tox\n|-singleturn|p2a: Latias|move: Roost\n|move|p1a: Audino|Heal Bell||[still]\n|-activate|p1a: Audino|move: Heal Bell\n|-fail|p1a: Audino\n|\n|-damage|p2a: Latias|9\/100 tox|[from] psn\n|upkeep\n|turn|69\n|\n|t:|1700965114\n|move|p2a: Latias|Draco Meteor|p1a: Audino\n|-damage|p1a: Audino|75\/100\n|-unboost|p2a: Latias|spa|2\n|move|p1a: Audino|Heal Bell||[still]\n|-activate|p1a: Audino|move: Heal Bell\n|-fail|p1a: Audino\n|\n|-heal|p1a: Audino|81\/100|[from] item: Leftovers\n|-damage|p2a: Latias|0 fnt|[from] psn\n|faint|p2a: Latias\n|\n|win|Woolie the woolie\n|upkeep\n|raw|Woolie the woolie's rating: 1210 &rarr; <strong>1244<\/strong><br \/>(+34 for winning)\n|raw|Sakni's rating: 1347 &rarr; <strong>1319<\/strong><br \/>(-28 for losing)\n|l|\u2606Sakni\n|c|\u2606Woolie the woolie|Never say gg early\n","uploadtime":1700965130,"views":3,"p1id":"wooliethewoolie","p2id":"sakni","formatid":"gen9nationaldex","rating":1244,"private":0,"password":""}