{"id":"gen9nationaldex-1990410141","p1":"Hyjinks","p2":"Stuffity","format":"[Gen 9] National Dex","log":"|j|\u2606Hyjinks\n|j|\u2606Stuffity\n|t:|1699968099\n|gametype|singles\n|player|p1|Hyjinks|proton|1475\n|player|p2|Stuffity|265|1387\n|teamsize|p1|6\n|teamsize|p2|6\n|gen|9\n|tier|[Gen 9] National Dex\n|rated|\n|rule|HP Percentage Mod: HP is shown in percentages\n|rule|Endless Battle Clause: Forcing endless battles is banned\n|rule|OHKO Clause: OHKO moves are banned\n|rule|Evasion Clause: Evasion abilities, items, and moves are banned\n|rule|Evasion Abilities Clause: Evasion abilities are banned\n|rule|Evasion Items Clause: Evasion items are banned\n|rule|Evasion Moves Clause: Evasion moves are banned\n|rule|Species Clause: Limit one of each Pok\u00e9mon\n|rule|Sleep Clause Mod: Limit one foe put to sleep\n|clearpoke\n|poke|p1|Cresselia, F|\n|poke|p1|Skarmory, F|\n|poke|p1|Toxapex, M|\n|poke|p1|Garganacl, M|\n|poke|p1|Gliscor, M|\n|poke|p1|Lopunny, F|\n|poke|p2|Sinistcha|\n|poke|p2|Vaporeon, M|\n|poke|p2|Slowking-Galar, M|\n|poke|p2|Victini|\n|poke|p2|Great Tusk|\n|poke|p2|Clefable, F|\n|teampreview\n|inactive|Battle timer is ON: inactive players will automatically lose when time's up. (requested by Stuffity)\n|\n|t:|1699968117\n|start\n|switch|p1a: Gliscor|Gliscor, M|100\/100\n|switch|p2a: Sinistcha|Sinistcha|100\/100\n|turn|1\n|\n|t:|1699968123\n|switch|p2a: Victini|Victini|100\/100\n|move|p1a: Gliscor|Knock Off|p2a: Victini\n|-supereffective|p2a: Victini\n|-damage|p2a: Victini|57\/100\n|-enditem|p2a: Victini|Choice Scarf|[from] move: Knock Off|[of] p1a: Gliscor\n|\n|-status|p1a: Gliscor|tox|[from] item: Toxic Orb\n|upkeep\n|turn|2\n|\n|t:|1699968128\n|move|p2a: Victini|U-turn|p1a: Gliscor\n|-resisted|p1a: Gliscor\n|-damage|p1a: Gliscor|93\/100 tox\n|\n|t:|1699968139\n|switch|p2a: Great Tusk|Great Tusk|100\/100|[from] U-turn\n|move|p1a: Gliscor|Stealth Rock|p2a: Great Tusk\n|-sidestart|p2: Stuffity|move: Stealth Rock\n|\n|-heal|p1a: Gliscor|100\/100 tox|[from] ability: Poison Heal\n|upkeep\n|turn|3\n|\n|t:|1699968146\n|move|p1a: Gliscor|Knock Off|p2a: Great Tusk\n|-resisted|p2a: Great Tusk\n|-damage|p2a: Great Tusk|93\/100\n|-enditem|p2a: Great Tusk|Assault Vest|[from] move: Knock Off|[of] p1a: Gliscor\n|move|p2a: Great Tusk|Knock Off|p1a: Gliscor\n|-damage|p1a: Gliscor|74\/100 tox\n|-enditem|p1a: Gliscor|Toxic Orb|[from] move: Knock Off|[of] p2a: Great Tusk\n|\n|-heal|p1a: Gliscor|87\/100 tox|[from] ability: Poison Heal\n|upkeep\n|turn|4\n|\n|t:|1699968149\n|switch|p1a: Skarmory|Skarmory, F|100\/100\n|move|p2a: Great Tusk|Ice Spinner|p1a: Skarmory\n|-damage|p1a: Skarmory|83\/100\n|-damage|p2a: Great Tusk|77\/100|[from] item: Rocky Helmet|[of] p1a: Skarmory\n|\n|upkeep\n|turn|5\n|\n|t:|1699968152\n|move|p2a: Great Tusk|Knock Off|p1a: Skarmory\n|-damage|p1a: Skarmory|64\/100\n|-damage|p2a: Great Tusk|60\/100|[from] item: Rocky Helmet|[of] p1a: Skarmory\n|-enditem|p1a: Skarmory|Rocky Helmet|[from] move: Knock Off|[of] p2a: Great Tusk\n|move|p1a: Skarmory|Spikes|p2a: Great Tusk\n|-sidestart|p2: Stuffity|Spikes\n|\n|upkeep\n|turn|6\n|\n|t:|1699968159\n|move|p2a: Great Tusk|Rapid Spin|p1a: Skarmory\n|-resisted|p1a: Skarmory\n|-damage|p1a: Skarmory|59\/100\n|-boost|p2a: Great Tusk|spe|1\n|-sideend|p2: Stuffity|Spikes|[from] move: Rapid Spin|[of] p2a: Great Tusk\n|-sideend|p2: Stuffity|Stealth Rock|[from] move: Rapid Spin|[of] p2a: Great Tusk\n|move|p1a: Skarmory|Roost|p1a: Skarmory\n|-heal|p1a: Skarmory|100\/100\n|-singleturn|p1a: Skarmory|move: Roost\n|\n|upkeep\n|turn|7\n|\n|t:|1699968167\n|-end|p2a: Great Tusk|Protosynthesis|[silent]\n|switch|p2a: Slowking|Slowking-Galar, M|100\/100\n|move|p1a: Skarmory|Spikes|p2a: Slowking\n|-sidestart|p2: Stuffity|Spikes\n|\n|upkeep\n|turn|8\n|\n|t:|1699968172\n|switch|p1a: Cresselia|Cresselia, F|100\/100\n|move|p2a: Slowking|Future Sight|p1a: Cresselia\n|-start|p2a: Slowking|move: Future Sight\n|\n|upkeep\n|turn|9\n|\n|t:|1699968177\n|move|p1a: Cresselia|Calm Mind|p1a: Cresselia\n|-boost|p1a: Cresselia|spa|1\n|-boost|p1a: Cresselia|spd|1\n|move|p2a: Slowking|Sludge Bomb|p1a: Cresselia\n|-damage|p1a: Cresselia|82\/100\n|\n|upkeep\n|turn|10\n|\n|t:|1699968186\n|move|p1a: Cresselia|Calm Mind|p1a: Cresselia\n|-boost|p1a: Cresselia|spa|1\n|-boost|p1a: Cresselia|spd|1\n|move|p2a: Slowking|Chilly Reception|p2a: Slowking\n|-weather|Snow\n|\n|t:|1699968192\n|switch|p2a: Clefable|Clefable, F|100\/100|[from] Chilly Reception\n|-damage|p2a: Clefable|88\/100|[from] Spikes\n|\n|-weather|Snow|[upkeep]\n|-end|p1a: Cresselia|move: Future Sight\n|-resisted|p1a: Cresselia\n|-damage|p1a: Cresselia|73\/100\n|-heal|p2a: Clefable|94\/100|[from] item: Leftovers\n|upkeep\n|turn|11\n|\n|t:|1699968194\n|-terastallize|p1a: Cresselia|Poison\n|move|p1a: Cresselia|Calm Mind|p1a: Cresselia\n|-boost|p1a: Cresselia|spa|1\n|-boost|p1a: Cresselia|spd|1\n|move|p2a: Clefable|Knock Off|p1a: Cresselia\n|-damage|p1a: Cresselia|62\/100\n|-enditem|p1a: Cresselia|Covert Cloak|[from] move: Knock Off|[of] p2a: Clefable\n|\n|-weather|Snow|[upkeep]\n|-heal|p2a: Clefable|99\/100|[from] item: Leftovers\n|upkeep\n|turn|12\n|\n|t:|1699968204\n|move|p1a: Cresselia|Stored Power|p2a: Clefable\n|-damage|p2a: Clefable|69\/100\n|move|p2a: Clefable|Thunder Wave|p1a: Cresselia\n|-status|p1a: Cresselia|par\n|\n|-weather|Snow|[upkeep]\n|-heal|p2a: Clefable|75\/100|[from] item: Leftovers\n|upkeep\n|turn|13\n|\n|t:|1699968213\n|switch|p2a: Slowking|Slowking-Galar, M|100\/100\n|-damage|p2a: Slowking|88\/100|[from] Spikes\n|cant|p1a: Cresselia|par\n|\n|-weather|Snow|[upkeep]\n|upkeep\n|turn|14\n|\n|t:|1699968219\n|move|p1a: Cresselia|Stored Power|p2a: Slowking\n|-damage|p2a: Slowking|15\/100\n|move|p2a: Slowking|Future Sight|p1a: Cresselia\n|-start|p2a: Slowking|move: Future Sight\n|\n|-weather|none\n|upkeep\n|turn|15\n|\n|t:|1699968223\n|switch|p2a: Victini|Victini|57\/100\n|-damage|p2a: Victini|44\/100|[from] Spikes\n|cant|p1a: Cresselia|par\n|\n|upkeep\n|turn|16\n|\n|t:|1699968229\n|switch|p1a: Garganacl|Garganacl, M|100\/100\n|move|p2a: Victini|V-create|p1a: Garganacl\n|-resisted|p1a: Garganacl\n|-damage|p1a: Garganacl|75\/100\n|-unboost|p2a: Victini|spe|1\n|-unboost|p2a: Victini|def|1\n|-unboost|p2a: Victini|spd|1\n|\n|-end|p1a: Garganacl|move: Future Sight\n|-damage|p1a: Garganacl|36\/100\n|-heal|p1a: Garganacl|43\/100|[from] item: Leftovers\n|upkeep\n|turn|17\n|\n|t:|1699968240\n|move|p2a: Victini|Trick|p1a: Garganacl\n|-activate|p2a: Victini|move: Trick|[of] p1a: Garganacl\n|-enditem|p1a: Garganacl|Leftovers|[silent]|[from] move: Trick\n|-item|p2a: Victini|Leftovers|[from] move: Trick\n|move|p1a: Garganacl|Recover|p1a: Garganacl\n|-heal|p1a: Garganacl|93\/100\n|\n|-heal|p2a: Victini|50\/100|[from] item: Leftovers\n|upkeep\n|turn|18\n|\n|t:|1699968261\n|move|p2a: Victini|U-turn|p1a: Garganacl\n|-damage|p1a: Garganacl|78\/100\n|\n|t:|1699968269\n|switch|p2a: Sinistcha|Sinistcha|100\/100|[from] U-turn\n|-damage|p2a: Sinistcha|88\/100|[from] Spikes\n|move|p1a: Garganacl|Salt Cure|p2a: Sinistcha\n|-damage|p2a: Sinistcha|76\/100\n|-start|p2a: Sinistcha|Salt Cure\n|\n|-heal|p2a: Sinistcha|82\/100|[from] item: Leftovers\n|-damage|p2a: Sinistcha|69\/100|[from] Salt Cure\n|upkeep\n|turn|19\n|\n|t:|1699968277\n|switch|p1a: Cresselia|Cresselia, F, tera:Poison|62\/100 par\n|move|p2a: Sinistcha|Calm Mind|p2a: Sinistcha\n|-boost|p2a: Sinistcha|spa|1\n|-boost|p2a: Sinistcha|spd|1\n|\n|-heal|p2a: Sinistcha|75\/100|[from] item: Leftovers\n|-damage|p2a: Sinistcha|63\/100|[from] Salt Cure\n|upkeep\n|turn|20\n|\n|t:|1699968282\n|move|p2a: Sinistcha|Shadow Ball|p1a: Cresselia\n|-damage|p1a: Cresselia|28\/100 par\n|-unboost|p1a: Cresselia|spd|1\n|cant|p1a: Cresselia|par\n|\n|-heal|p2a: Sinistcha|69\/100|[from] item: Leftovers\n|-damage|p2a: Sinistcha|57\/100|[from] Salt Cure\n|upkeep\n|turn|21\n|\n|t:|1699968289\n|switch|p1a: Toxapex|Toxapex, M|100\/100\n|move|p2a: Sinistcha|Matcha Gotcha|p1a: Toxapex\n|-crit|p1a: Toxapex\n|-damage|p1a: Toxapex|42\/100\n|-heal|p2a: Sinistcha|82\/100|[from] drain|[of] p1a: Toxapex\n|\n|-heal|p2a: Sinistcha|88\/100|[from] item: Leftovers\n|-damage|p2a: Sinistcha|76\/100|[from] Salt Cure\n|upkeep\n|turn|22\n|\n|t:|1699968296\n|move|p2a: Sinistcha|Matcha Gotcha|p1a: Toxapex\n|-damage|p1a: Toxapex|0 fnt\n|-heal|p2a: Sinistcha|94\/100|[from] drain|[of] p1a: Toxapex\n|faint|p1a: Toxapex\n|\n|-heal|p2a: Sinistcha|99\/100|[from] item: Leftovers\n|-damage|p2a: Sinistcha|88\/100|[from] Salt Cure\n|upkeep\n|\n|t:|1699968301\n|switch|p1a: Lopunny|Lopunny, F|100\/100\n|turn|23\n|\n|t:|1699968305\n|detailschange|p1a: Lopunny|Lopunny-Mega, F\n|-mega|p1a: Lopunny|Lopunny|Lopunnite\n|move|p1a: Lopunny|Fake Out|p2a: Sinistcha\n|-damage|p2a: Sinistcha|69\/100\n|cant|p2a: Sinistcha|flinch\n|\n|-heal|p2a: Sinistcha|75\/100|[from] item: Leftovers\n|-damage|p2a: Sinistcha|63\/100|[from] Salt Cure\n|upkeep\n|turn|24\n|\n|t:|1699968312\n|move|p1a: Lopunny|Return|p2a: Sinistcha\n|-damage|p2a: Sinistcha|18\/100\n|move|p2a: Sinistcha|Strength Sap|p1a: Lopunny\n|-unboost|p1a: Lopunny|atk|1\n|-heal|p2a: Sinistcha|100\/100\n|\n|-damage|p2a: Sinistcha|88\/100|[from] Salt Cure\n|upkeep\n|turn|25\n|\n|t:|1699968319\n|switch|p1a: Gliscor|Gliscor, M|87\/100 tox\n|move|p2a: Sinistcha|Matcha Gotcha|p1a: Gliscor\n|-damage|p1a: Gliscor|33\/100 tox\n|-heal|p2a: Sinistcha|100\/100|[from] drain|[of] p1a: Gliscor\n|\n|-heal|p1a: Gliscor|46\/100 tox|[from] ability: Poison Heal\n|-damage|p2a: Sinistcha|88\/100|[from] Salt Cure\n|upkeep\n|turn|26\n|\n|t:|1699968327\n|move|p1a: Gliscor|Knock Off|p2a: Sinistcha\n|-supereffective|p2a: Sinistcha\n|-damage|p2a: Sinistcha|52\/100\n|-enditem|p2a: Sinistcha|Leftovers|[from] move: Knock Off|[of] p1a: Gliscor\n|move|p2a: Sinistcha|Matcha Gotcha|p1a: Gliscor\n|-damage|p1a: Gliscor|0 fnt\n|-heal|p2a: Sinistcha|75\/100|[from] drain|[of] p1a: Gliscor\n|faint|p1a: Gliscor\n|\n|-damage|p2a: Sinistcha|63\/100|[from] Salt Cure\n|upkeep\n|\n|t:|1699968329\n|switch|p1a: Lopunny|Lopunny-Mega, F|100\/100\n|turn|27\n|\n|t:|1699968336\n|switch|p2a: Vaporeon|Vaporeon, M|100\/100\n|-damage|p2a: Vaporeon|88\/100|[from] Spikes\n|move|p1a: Lopunny|Fake Out|p2a: Vaporeon\n|-damage|p2a: Vaporeon|72\/100\n|\n|-heal|p2a: Vaporeon|78\/100|[from] item: Leftovers\n|upkeep\n|turn|28\n|\n|t:|1699968342\n|switch|p1a: Skarmory|Skarmory, F|100\/100\n|move|p2a: Vaporeon|Scald|p1a: Skarmory\n|-damage|p1a: Skarmory|62\/100\n|\n|-heal|p2a: Vaporeon|84\/100|[from] item: Leftovers\n|upkeep\n|turn|29\n|\n|t:|1699968348\n|move|p1a: Skarmory|Spikes|p2a: Vaporeon\n|-sidestart|p2: Stuffity|Spikes\n|move|p2a: Vaporeon|Scald|p1a: Skarmory\n|-crit|p1a: Skarmory\n|-damage|p1a: Skarmory|0 fnt\n|faint|p1a: Skarmory\n|\n|-heal|p2a: Vaporeon|91\/100|[from] item: Leftovers\n|upkeep\n|\n|t:|1699968353\n|switch|p1a: Garganacl|Garganacl, M|78\/100\n|turn|30\n|\n|t:|1699968358\n|move|p2a: Vaporeon|Scald|p1a: Garganacl\n|-supereffective|p1a: Garganacl\n|-damage|p1a: Garganacl|35\/100\n|move|p1a: Garganacl|Salt Cure|p2a: Vaporeon\n|-damage|p2a: Vaporeon|80\/100\n|-start|p2a: Vaporeon|Salt Cure\n|\n|-heal|p2a: Vaporeon|86\/100|[from] item: Leftovers\n|-damage|p2a: Vaporeon|61\/100|[from] Salt Cure\n|upkeep\n|turn|31\n|\n|t:|1699968362\n|move|p2a: Vaporeon|Scald|p1a: Garganacl\n|-supereffective|p1a: Garganacl\n|-damage|p1a: Garganacl|0 fnt\n|faint|p1a: Garganacl\n|\n|-heal|p2a: Vaporeon|67\/100|[from] item: Leftovers\n|-damage|p2a: Vaporeon|42\/100|[from] Salt Cure\n|upkeep\n|\n|t:|1699968363\n|switch|p1a: Cresselia|Cresselia, F, tera:Poison|28\/100 par\n|turn|32\n|\n|t:|1699968366\n|move|p2a: Vaporeon|Flip Turn|p1a: Cresselia\n|-damage|p1a: Cresselia|18\/100 par\n|\n|t:|1699968368\n|switch|p2a: Victini|Victini|50\/100|[from] Flip Turn\n|-damage|p2a: Victini|34\/100|[from] Spikes\n|move|p1a: Cresselia|Moonlight|p1a: Cresselia\n|-heal|p1a: Cresselia|68\/100 par\n|\n|-heal|p2a: Victini|40\/100|[from] item: Leftovers\n|upkeep\n|turn|33\n|\n|t:|1699968373\n|switch|p1a: Lopunny|Lopunny-Mega, F|100\/100\n|-terastallize|p2a: Victini|Fire\n|move|p2a: Victini|V-create|p1a: Lopunny\n|-damage|p1a: Lopunny|0 fnt\n|-unboost|p2a: Victini|spe|1\n|-unboost|p2a: Victini|def|1\n|-unboost|p2a: Victini|spd|1\n|faint|p1a: Lopunny\n|\n|-heal|p2a: Victini|46\/100|[from] item: Leftovers\n|upkeep\n|\n|t:|1699968374\n|switch|p1a: Cresselia|Cresselia, F, tera:Poison|68\/100 par\n|turn|34\n|\n|t:|1699968380\n|move|p2a: Victini|V-create|p1a: Cresselia\n|-damage|p1a: Cresselia|0 fnt\n|-unboost|p2a: Victini|spe|1\n|-unboost|p2a: Victini|def|1\n|-unboost|p2a: Victini|spd|1\n|faint|p1a: Cresselia\n|\n|win|Stuffity\n|raw|Hyjinks's rating: 1475 &rarr; <strong>1450<\/strong><br \/>(-25 for losing)\n|raw|Stuffity's rating: 1387 &rarr; <strong>1412<\/strong><br \/>(+25 for winning)\n|l|\u2606Hyjinks\n|c|\u2606Stuffity|gg\n","uploadtime":1699968393,"views":4,"p1id":"hyjinks","p2id":"stuffity","formatid":"gen9nationaldex","rating":1412,"private":0,"password":""}