{"id":"gen9nationaldex-1988833594","p1":"burnttocrisp","p2":"Daniel1307","format":"[Gen 9] National Dex","log":"|j|\u2606burnttocrisp\n|j|\u2606Daniel1307\n|t:|1699770267\n|gametype|singles\n|player|p1|burnttocrisp|cynthia-gen4|1042\n|player|p2|Daniel1307|265|1102\n|teamsize|p1|6\n|teamsize|p2|6\n|gen|9\n|tier|[Gen 9] National Dex\n|rated|\n|rule|HP Percentage Mod: HP is shown in percentages\n|rule|Endless Battle Clause: Forcing endless battles is banned\n|rule|OHKO Clause: OHKO moves are banned\n|rule|Evasion Clause: Evasion abilities, items, and moves are banned\n|rule|Evasion Abilities Clause: Evasion abilities are banned\n|rule|Evasion Items Clause: Evasion items are banned\n|rule|Evasion Moves Clause: Evasion moves are banned\n|rule|Species Clause: Limit one of each Pok\u00e9mon\n|rule|Sleep Clause Mod: Limit one foe put to sleep\n|clearpoke\n|poke|p1|Scizor, M|\n|poke|p1|Stakataka|\n|poke|p1|Metagross|\n|poke|p1|Steelix, F|\n|poke|p1|Magnezone|\n|poke|p1|Kartana|\n|poke|p2|Nidoking, M|\n|poke|p2|Umbreon, M|\n|poke|p2|Quaquaval, M|\n|poke|p2|Gyarados, M|\n|poke|p2|Dragonite, M|\n|poke|p2|Hoopa-Unbound|\n|teampreview\n|c|\u2606burnttocrisp|glhf\n|\n|t:|1699770275\n|start\n|switch|p1a: Scizor|Scizor, M, shiny|100\/100\n|switch|p2a: Nidoking|Nidoking, M|100\/100\n|turn|1\n|\n|t:|1699770291\n|detailschange|p1a: Scizor|Scizor-Mega, M, shiny\n|-mega|p1a: Scizor|Scizor|Scizorite\n|move|p2a: Nidoking|Flamethrower|p1a: Scizor\n|-supereffective|p1a: Scizor\n|-damage|p1a: Scizor|0 fnt\n|faint|p1a: Scizor\n|\n|upkeep\n|\n|t:|1699770300\n|switch|p1a: Steelix|Steelix, F, shiny|100\/100\n|turn|2\n|\n|t:|1699770311\n|move|p2a: Nidoking|Earth Power|p1a: Steelix\n|-supereffective|p1a: Steelix\n|-damage|p1a: Steelix|0 fnt\n|faint|p1a: Steelix\n|\n|upkeep\n|\n|t:|1699770323\n|switch|p1a: Magnezone|Magnezone, shiny|100\/100\n|-item|p1a: Magnezone|Air Balloon\n|turn|3\n|\n|t:|1699770342\n|switch|p2a: Quaquaval|Quaquaval, M|100\/100\n|move|p1a: Magnezone|Tri Attack|p2a: Quaquaval\n|-damage|p2a: Quaquaval|52\/100\n|\n|upkeep\n|turn|4\n|\n|t:|1699770354\n|move|p2a: Quaquaval|Brick Break|p1a: Magnezone\n|-supereffective|p1a: Magnezone\n|-damage|p1a: Magnezone|6\/100\n|-enditem|p1a: Magnezone|Air Balloon\n|move|p1a: Magnezone|Tri Attack|p2a: Quaquaval\n|-damage|p2a: Quaquaval|1\/100\n|\n|upkeep\n|turn|5\n|\n|t:|1699770363\n|move|p2a: Quaquaval|Aqua Step|p1a: Magnezone\n|-damage|p1a: Magnezone|0 fnt\n|-boost|p2a: Quaquaval|spe|1\n|faint|p1a: Magnezone\n|-ability|p2a: Quaquaval|Moxie|boost\n|-boost|p2a: Quaquaval|atk|1\n|\n|upkeep\n|\n|t:|1699770369\n|switch|p1a: Metagross|Metagross, shiny|100\/100\n|turn|6\n|\n|t:|1699770377\n|-zpower|p2a: Quaquaval\n|move|p2a: Quaquaval|Hydro Vortex|p1a: Metagross|[zeffect]\n|-damage|p1a: Metagross|0 fnt\n|faint|p1a: Metagross\n|-ability|p2a: Quaquaval|Moxie|boost\n|-boost|p2a: Quaquaval|atk|1\n|\n|upkeep\n|\n|t:|1699770380\n|switch|p1a: Kartana|Kartana, shiny|100\/100\n|turn|7\n|\n|t:|1699770391\n|move|p2a: Quaquaval|Aqua Jet|p1a: Kartana\n|-resisted|p1a: Kartana\n|-damage|p1a: Kartana|76\/100\n|move|p1a: Kartana|Leaf Blade|p2a: Quaquaval\n|-supereffective|p2a: Quaquaval\n|-damage|p2a: Quaquaval|0 fnt\n|faint|p2a: Quaquaval\n|-ability|p1a: Kartana|Beast Boost|boost\n|-boost|p1a: Kartana|atk|1\n|\n|upkeep\n|\n|t:|1699770402\n|switch|p2a: Umbreon|Umbreon, M|100\/100\n|turn|8\n|\n|t:|1699770421\n|-terastallize|p2a: Umbreon|Fairy\n|move|p1a: Kartana|Sacred Sword|p2a: Umbreon\n|-resisted|p2a: Umbreon\n|-damage|p2a: Umbreon|82\/100\n|-damage|p1a: Kartana|60\/100|[from] item: Rocky Helmet|[of] p2a: Umbreon\n|move|p2a: Umbreon|Foul Play|p1a: Kartana\n|-damage|p1a: Kartana|0 fnt\n|faint|p1a: Kartana\n|\n|upkeep\n|\n|t:|1699770426\n|switch|p1a: Stakataka|Stakataka, shiny|100\/100\n|turn|9\n|\n|t:|1699770435\n|move|p2a: Umbreon|Yawn|p1a: Stakataka\n|-start|p1a: Stakataka|move: Yawn|[of] p2a: Umbreon\n|move|p1a: Stakataka|Heavy Slam|p2a: Umbreon\n|-supereffective|p2a: Umbreon\n|-damage|p2a: Umbreon|11\/100\n|-damage|p1a: Stakataka|84\/100|[from] item: Rocky Helmet|[of] p2a: Umbreon\n|\n|-heal|p1a: Stakataka|90\/100|[from] item: Leftovers\n|upkeep\n|turn|10\n|c|\u2606burnttocrisp|i think it is gg\n|\n|t:|1699770446\n|move|p2a: Umbreon|Foul Play|p1a: Stakataka\n|-damage|p1a: Stakataka|60\/100\n|move|p1a: Stakataka|Body Press|p2a: Umbreon\n|-resisted|p2a: Umbreon\n|-damage|p2a: Umbreon|1\/100\n|-damage|p1a: Stakataka|44\/100|[from] item: Rocky Helmet|[of] p2a: Umbreon\n|\n|-heal|p1a: Stakataka|50\/100|[from] item: Leftovers\n|-end|p1a: Stakataka|move: Yawn|[silent]\n|-status|p1a: Stakataka|slp\n|upkeep\n|turn|11\n|\n|t:|1699770457\n|move|p2a: Umbreon|Foul Play|p1a: Stakataka\n|-damage|p1a: Stakataka|18\/100 slp\n|cant|p1a: Stakataka|slp\n|\n|-heal|p1a: Stakataka|24\/100 slp|[from] item: Leftovers\n|upkeep\n|turn|12\n|\n|t:|1699770465\n|move|p2a: Umbreon|Foul Play|p1a: Stakataka\n|-damage|p1a: Stakataka|0 fnt\n|faint|p1a: Stakataka\n|\n|win|Daniel1307\n|raw|burnttocrisp's rating: 1042 &rarr; <strong>1028<\/strong><br \/>(-14 for losing)\n|raw|Daniel1307's rating: 1102 &rarr; <strong>1123<\/strong><br \/>(+21 for winning)\n|c|\u2606burnttocrisp|gg\n","uploadtime":1699770471,"views":31,"p1id":"burnttocrisp","p2id":"daniel1307","formatid":"gen9nationaldex","rating":1028,"private":0,"password":""}