{"id":"gen9nationaldex-1992383637","p1":"Kam346","p2":"Zombie12354","format":"[Gen 9] National Dex","log":"|j|\u2606Kam346\n|j|\u2606Zombie12354\n|t:|1700181276\n|gametype|singles\n|player|p1|Kam346|red|\n|player|p2|Zombie12354|265|\n|teamsize|p1|6\n|teamsize|p2|6\n|gen|9\n|tier|[Gen 9] National Dex\n|rule|HP Percentage Mod: HP is shown in percentages\n|rule|Endless Battle Clause: Forcing endless battles is banned\n|rule|OHKO Clause: OHKO moves are banned\n|rule|Evasion Clause: Evasion abilities, items, and moves are banned\n|rule|Evasion Abilities Clause: Evasion abilities are banned\n|rule|Evasion Items Clause: Evasion items are banned\n|rule|Evasion Moves Clause: Evasion moves are banned\n|rule|Species Clause: Limit one of each Pok\u00e9mon\n|rule|Sleep Clause Mod: Limit one foe put to sleep\n|clearpoke\n|poke|p1|Blaziken, M|\n|poke|p1|Alcremie, F|\n|poke|p1|Appletun, F|\n|poke|p1|Vanilluxe, M|\n|poke|p1|Garganacl, M|\n|poke|p1|Gourgeist-*, M|\n|poke|p2|Quaquaval, M|\n|poke|p2|Cinderace, M|\n|poke|p2|Luxray, M|\n|poke|p2|Snorlax, M|\n|poke|p2|Corviknight, M|\n|poke|p2|Arboliva, F|\n|teampreview\n|\n|t:|1700181294\n|start\n|switch|p1a: Alcremie|Alcremie, F|100\/100\n|switch|p2a: Corviknight|Corviknight, M|100\/100\n|-ability|p2a: Corviknight|Pressure\n|turn|1\n|\n|t:|1700181313\n|move|p2a: Corviknight|Iron Defense|p2a: Corviknight\n|-boost|p2a: Corviknight|def|2\n|move|p1a: Alcremie|Mystical Fire|p2a: Corviknight\n|-supereffective|p2a: Corviknight\n|-damage|p2a: Corviknight|48\/100\n|-unboost|p2a: Corviknight|spa|1\n|-damage|p1a: Alcremie|91\/100|[from] item: Life Orb\n|\n|upkeep\n|turn|2\n|\n|t:|1700181328\n|move|p2a: Corviknight|Body Press|p1a: Alcremie\n|-resisted|p1a: Alcremie\n|-damage|p1a: Alcremie|73\/100\n|move|p1a: Alcremie|Dazzling Gleam|p2a: Corviknight\n|-resisted|p2a: Corviknight\n|-damage|p2a: Corviknight|25\/100\n|-damage|p1a: Alcremie|63\/100|[from] item: Life Orb\n|\n|upkeep\n|turn|3\n|\n|t:|1700181341\n|move|p2a: Corviknight|Iron Head|p1a: Alcremie\n|-supereffective|p1a: Alcremie\n|-damage|p1a: Alcremie|3\/100\n|cant|p1a: Alcremie|flinch\n|\n|upkeep\n|turn|4\n|\n|t:|1700181350\n|move|p2a: Corviknight|Iron Head|p1a: Alcremie\n|-supereffective|p1a: Alcremie\n|-damage|p1a: Alcremie|0 fnt\n|faint|p1a: Alcremie\n|\n|upkeep\n|\n|t:|1700181360\n|switch|p1a: Garganacl|Garganacl, M|100\/100\n|turn|5\n|\n|t:|1700181370\n|move|p2a: Corviknight|Iron Defense|p2a: Corviknight\n|-boost|p2a: Corviknight|def|2\n|move|p1a: Garganacl|Body Press|p2a: Corviknight\n|-damage|p2a: Corviknight|16\/100\n|-damage|p1a: Garganacl|84\/100|[from] item: Rocky Helmet|[of] p2a: Corviknight\n|\n|-heal|p1a: Garganacl|90\/100|[from] item: Leftovers\n|upkeep\n|turn|6\n|\n|t:|1700181380\n|move|p2a: Corviknight|Iron Defense|p2a: Corviknight\n|-boost|p2a: Corviknight|def|2\n|move|p1a: Garganacl|Salt Cure|p2a: Corviknight\n|-damage|p2a: Corviknight|12\/100\n|-start|p2a: Corviknight|Salt Cure\n|\n|-heal|p1a: Garganacl|96\/100|[from] item: Leftovers\n|-damage|p2a: Corviknight|0 fnt|[from] Salt Cure\n|faint|p2a: Corviknight\n|upkeep\n|\n|t:|1700181391\n|switch|p2a: Arboliva|Arboliva, F|100\/100\n|turn|7\n|\n|t:|1700181396\n|move|p2a: Arboliva|Protect|p2a: Arboliva\n|-singleturn|p2a: Arboliva|Protect\n|move|p1a: Garganacl|Body Press|p2a: Arboliva\n|-activate|p2a: Arboliva|move: Protect\n|\n|-heal|p1a: Garganacl|100\/100|[from] item: Leftovers\n|upkeep\n|turn|8\n|\n|t:|1700181408\n|move|p2a: Arboliva|Energy Ball|p1a: Garganacl\n|-supereffective|p1a: Garganacl\n|-crit|p1a: Garganacl\n|-damage|p1a: Garganacl|28\/100\n|move|p1a: Garganacl|Iron Defense|p1a: Garganacl\n|-boost|p1a: Garganacl|def|2\n|\n|-heal|p1a: Garganacl|34\/100|[from] item: Leftovers\n|upkeep\n|turn|9\n|\n|t:|1700181418\n|move|p2a: Arboliva|Energy Ball|p1a: Garganacl\n|-supereffective|p1a: Garganacl\n|-damage|p1a: Garganacl|0 fnt\n|faint|p1a: Garganacl\n|\n|upkeep\n|\n|t:|1700181424\n|switch|p1a: Blaziken|Blaziken, M|100\/100\n|turn|10\n|\n|t:|1700181431\n|move|p1a: Blaziken|Flare Blitz|p2a: Arboliva\n|-supereffective|p2a: Arboliva\n|-damage|p2a: Arboliva|0 fnt\n|-fieldstart|move: Grassy Terrain|[from] ability: Seed Sower|[of] p2a: Arboliva\n|faint|p2a: Arboliva\n|-damage|p1a: Blaziken|61\/100|[from] Recoil\n|-damage|p1a: Blaziken|51\/100|[from] item: Life Orb\n|\n|-heal|p1a: Blaziken|57\/100|[from] Grassy Terrain\n|-ability|p1a: Blaziken|Speed Boost|boost\n|-boost|p1a: Blaziken|spe|1\n|upkeep\n|\n|t:|1700181450\n|switch|p2a: Luxray|Luxray, M|100\/100\n|-ability|p2a: Luxray|Intimidate|boost\n|-unboost|p1a: Blaziken|atk|1\n|turn|11\n|\n|t:|1700181463\n|move|p1a: Blaziken|Close Combat|p2a: Luxray\n|-damage|p2a: Luxray|39\/100\n|-unboost|p1a: Blaziken|def|1\n|-unboost|p1a: Blaziken|spd|1\n|-damage|p1a: Blaziken|47\/100|[from] item: Life Orb\n|move|p2a: Luxray|Wild Charge|p1a: Blaziken\n|-damage|p1a: Blaziken|0 fnt\n|faint|p1a: Blaziken\n|-damage|p2a: Luxray|29\/100|[from] Recoil\n|\n|-heal|p2a: Luxray|35\/100|[from] Grassy Terrain\n|upkeep\n|\n|t:|1700181479\n|switch|p1a: Appletun|Appletun, F|100\/100\n|turn|12\n|\n|t:|1700181486\n|-terastallize|p2a: Luxray|Electric\n|move|p2a: Luxray|Wild Charge|p1a: Appletun\n|-resisted|p1a: Appletun\n|-damage|p1a: Appletun|84\/100\n|-damage|p2a: Luxray|29\/100|[from] Recoil\n|move|p1a: Appletun|Dragon Pulse|p2a: Luxray\n|-damage|p2a: Luxray|0 fnt\n|faint|p2a: Luxray\n|\n|-heal|p1a: Appletun|90\/100|[from] Grassy Terrain\n|-heal|p1a: Appletun|96\/100|[from] item: Leftovers\n|upkeep\n|\n|t:|1700181514\n|switch|p2a: Cinderace|Cinderace, M|100\/100\n|turn|13\n|\n|t:|1700181529\n|move|p2a: Cinderace|Pyro Ball|p1a: Appletun\n|-damage|p1a: Appletun|70\/100\n|move|p1a: Appletun|Dragon Pulse|p2a: Cinderace\n|-damage|p2a: Cinderace|62\/100\n|\n|-heal|p2a: Cinderace|68\/100|[from] Grassy Terrain\n|-heal|p1a: Appletun|77\/100|[from] Grassy Terrain\n|-heal|p1a: Appletun|83\/100|[from] item: Leftovers\n|upkeep\n|turn|14\n|\n|t:|1700181539\n|move|p2a: Cinderace|Pyro Ball|p1a: Appletun\n|-damage|p1a: Appletun|56\/100\n|move|p1a: Appletun|Apple Acid|p2a: Cinderace\n|-resisted|p2a: Cinderace\n|-damage|p2a: Cinderace|48\/100\n|-unboost|p2a: Cinderace|spd|1\n|\n|-heal|p2a: Cinderace|54\/100|[from] Grassy Terrain\n|-heal|p1a: Appletun|62\/100|[from] Grassy Terrain\n|-heal|p1a: Appletun|68\/100|[from] item: Leftovers\n|-fieldend|move: Grassy Terrain\n|upkeep\n|turn|15\n|\n|t:|1700181555\n|move|p2a: Cinderace|U-turn|p1a: Appletun\n|-start|p2a: Cinderace|typechange|Bug|[from] ability: Libero\n|-supereffective|p1a: Appletun\n|-damage|p1a: Appletun|1\/100\n|\n|t:|1700181561\n|switch|p2a: Quaquaval|Quaquaval, M|100\/100|[from] U-turn\n|move|p1a: Appletun|Dragon Pulse|p2a: Quaquaval\n|-damage|p2a: Quaquaval|60\/100\n|\n|-heal|p1a: Appletun|8\/100|[from] item: Leftovers\n|upkeep\n|turn|16\n|\n|t:|1700181576\n|switch|p1a: Gourgeist|Gourgeist-Super, M|100\/100\n|move|p2a: Quaquaval|Aqua Jet|p1a: Gourgeist\n|-resisted|p1a: Gourgeist\n|-damage|p1a: Gourgeist|92\/100\n|\n|upkeep\n|turn|17\n|\n|t:|1700181585\n|move|p2a: Quaquaval|Acrobatics|p1a: Gourgeist\n|-supereffective|p1a: Gourgeist\n|-damage|p1a: Gourgeist|39\/100\n|move|p1a: Gourgeist|Trick-or-Treat|p2a: Quaquaval\n|-start|p2a: Quaquaval|typeadd|Ghost|[from] move: Trick-or-Treat\n|\n|upkeep\n|turn|18\n|\n|t:|1700181592\n|move|p2a: Quaquaval|Acrobatics|p1a: Gourgeist\n|-supereffective|p1a: Gourgeist\n|-damage|p1a: Gourgeist|0 fnt\n|faint|p1a: Gourgeist\n|-ability|p2a: Quaquaval|Moxie|boost\n|-boost|p2a: Quaquaval|atk|1\n|\n|upkeep\n|\n|t:|1700181599\n|switch|p1a: Vaniluxe|Vanilluxe, M|100\/100\n|-weather|Snow|[from] ability: Snow Warning|[of] p1a: Vaniluxe\n|turn|19\n|\n|t:|1700181611\n|move|p2a: Quaquaval|Low Sweep|p1a: Vaniluxe\n|-supereffective|p1a: Vaniluxe\n|-damage|p1a: Vaniluxe|29\/100\n|-unboost|p1a: Vaniluxe|spe|1\n|move|p1a: Vaniluxe|Freeze-Dry|p2a: Quaquaval\n|-supereffective|p2a: Quaquaval\n|-damage|p2a: Quaquaval|0 fnt\n|faint|p2a: Quaquaval\n|\n|-weather|Snow|[upkeep]\n|upkeep\n|\n|t:|1700181622\n|switch|p2a: Cinderace|Cinderace, M|54\/100\n|turn|20\n|\n|t:|1700181626\n|move|p2a: Cinderace|Pyro Ball|p1a: Vaniluxe\n|-supereffective|p1a: Vaniluxe\n|-damage|p1a: Vaniluxe|0 fnt\n|faint|p1a: Vaniluxe\n|\n|-weather|Snow|[upkeep]\n|upkeep\n|\n|t:|1700181631\n|switch|p1a: Appletun|Appletun, F|8\/100\n|turn|21\n|\n|t:|1700181637\n|move|p2a: Cinderace|Pyro Ball|p1a: Appletun|[miss]\n|-miss|p2a: Cinderace|p1a: Appletun\n|move|p1a: Appletun|Recover|p1a: Appletun\n|-heal|p1a: Appletun|58\/100\n|\n|-weather|Snow|[upkeep]\n|-heal|p1a: Appletun|64\/100|[from] item: Leftovers\n|upkeep\n|turn|22\n|j| AndrewResch\n|\n|t:|1700181647\n|move|p2a: Cinderace|Pyro Ball|p1a: Appletun\n|-damage|p1a: Appletun|38\/100\n|move|p1a: Appletun|Dragon Pulse|p2a: Cinderace\n|-damage|p2a: Cinderace|16\/100\n|\n|-weather|Snow|[upkeep]\n|-heal|p1a: Appletun|44\/100|[from] item: Leftovers\n|upkeep\n|turn|23\n|\n|t:|1700181660\n|move|p2a: Cinderace|Pyro Ball|p1a: Appletun|[miss]\n|-miss|p2a: Cinderace|p1a: Appletun\n|move|p1a: Appletun|Recover|p1a: Appletun\n|-heal|p1a: Appletun|94\/100\n|\n|-weather|none\n|-heal|p1a: Appletun|100\/100|[from] item: Leftovers\n|upkeep\n|turn|24\n|\n|t:|1700181679\n|move|p2a: Cinderace|Electro Ball|p1a: Appletun\n|-start|p2a: Cinderace|typechange|Electric|[from] ability: Libero\n|-resisted|p1a: Appletun\n|-damage|p1a: Appletun|96\/100\n|move|p1a: Appletun|Apple Acid|p2a: Cinderace\n|-damage|p2a: Cinderace|0 fnt\n|faint|p2a: Cinderace\n|\n|-heal|p1a: Appletun|100\/100|[from] item: Leftovers\n|upkeep\n|\n|t:|1700181690\n|switch|p2a: Snorlax|Snorlax, M|100\/100\n|turn|25\n|\n|t:|1700181703\n|move|p2a: Snorlax|Heavy Slam|p1a: Appletun\n|-damage|p1a: Appletun|67\/100\n|move|p1a: Appletun|Apple Acid|p2a: Snorlax\n|-damage|p2a: Snorlax|86\/100\n|-unboost|p2a: Snorlax|spd|1\n|\n|-heal|p1a: Appletun|73\/100|[from] item: Leftovers\n|-heal|p2a: Snorlax|92\/100|[from] item: Leftovers\n|upkeep\n|turn|26\n|\n|t:|1700181715\n|move|p1a: Appletun|Leech Seed|p2a: Snorlax\n|-start|p2a: Snorlax|move: Leech Seed\n|move|p2a: Snorlax|Heavy Slam|p1a: Appletun\n|-damage|p1a: Appletun|40\/100\n|\n|-heal|p1a: Appletun|46\/100|[from] item: Leftovers\n|-heal|p2a: Snorlax|98\/100|[from] item: Leftovers\n|-damage|p2a: Snorlax|86\/100|[from] Leech Seed|[of] p1a: Appletun\n|-heal|p1a: Appletun|61\/100|[silent]\n|upkeep\n|turn|27\n|\n|t:|1700181733\n|move|p2a: Snorlax|Fire Punch|p1a: Appletun\n|-damage|p1a: Appletun|51\/100\n|move|p1a: Appletun|Dragon Pulse|p2a: Snorlax\n|-damage|p2a: Snorlax|63\/100\n|\n|-heal|p2a: Snorlax|70\/100|[from] item: Leftovers\n|-heal|p1a: Appletun|57\/100|[from] item: Leftovers\n|-damage|p2a: Snorlax|57\/100|[from] Leech Seed|[of] p1a: Appletun\n|-heal|p1a: Appletun|73\/100|[silent]\n|upkeep\n|turn|28\n|\n|t:|1700181745\n|move|p2a: Snorlax|Heavy Slam|p1a: Appletun\n|-damage|p1a: Appletun|44\/100\n|move|p1a: Appletun|Apple Acid|p2a: Snorlax\n|-damage|p2a: Snorlax|35\/100\n|-unboost|p2a: Snorlax|spd|1\n|\n|-heal|p1a: Appletun|50\/100|[from] item: Leftovers\n|-heal|p2a: Snorlax|41\/100|[from] item: Leftovers\n|-damage|p2a: Snorlax|29\/100|[from] Leech Seed|[of] p1a: Appletun\n|-heal|p1a: Appletun|65\/100|[silent]\n|upkeep\n|turn|29\n|\n|t:|1700181758\n|move|p1a: Appletun|Dragon Pulse|p2a: Snorlax\n|-damage|p2a: Snorlax|0 fnt\n|faint|p2a: Snorlax\n|\n|win|Kam346\n|l|\u2606Zombie12354\n|l| AndrewResch\n","uploadtime":1700181902,"views":4,"p1id":"kam346","p2id":"zombie12354","formatid":"gen9nationaldex","rating":0,"private":0,"password":""}