{"id":"gen9nationaldex-1987165755","p1":"Ssouancin","p2":"kat_laugh","format":"[Gen 9] National Dex","log":"|j|\u2606Ssouancin\n|j|\u2606kat_laugh\n|t:|1699561579\n|gametype|singles\n|player|p1|Ssouancin|102|1137\n|player|p2|kat_laugh|veteranf|1155\n|teamsize|p1|6\n|teamsize|p2|6\n|gen|9\n|tier|[Gen 9] National Dex\n|rated|\n|rule|HP Percentage Mod: HP is shown in percentages\n|rule|Endless Battle Clause: Forcing endless battles is banned\n|rule|OHKO Clause: OHKO moves are banned\n|rule|Evasion Clause: Evasion abilities, items, and moves are banned\n|rule|Evasion Abilities Clause: Evasion abilities are banned\n|rule|Evasion Items Clause: Evasion items are banned\n|rule|Evasion Moves Clause: Evasion moves are banned\n|rule|Species Clause: Limit one of each Pok\u00e9mon\n|rule|Sleep Clause Mod: Limit one foe put to sleep\n|clearpoke\n|poke|p1|Ferrothorn, M|\n|poke|p1|Rotom-Wash|\n|poke|p1|Snorlax, M|\n|poke|p1|Swampert, M|\n|poke|p1|Gliscor, F|\n|poke|p1|Togekiss, M|\n|poke|p2|Espeon, F|\n|poke|p2|Primarina, M|\n|poke|p2|Lurantis, M|\n|poke|p2|Milotic, F|\n|poke|p2|Ninetales-Alola, F|\n|poke|p2|Altaria, M|\n|teampreview\n|\n|t:|1699561588\n|start\n|switch|p1a: Ferrothorn|Ferrothorn, M|100\/100\n|switch|p2a: chalcedony|Ninetales-Alola, F|100\/100\n|-weather|Snow|[from] ability: Snow Warning|[of] p2a: chalcedony\n|turn|1\n|\n|t:|1699561596\n|switch|p2a: hecate|Espeon, F|100\/100\n|move|p1a: Ferrothorn|Spikes|p2a: hecate\n|move|p2a: hecate|Spikes|p1a: Ferrothorn|[from]ability: Magic Bounce\n|-sidestart|p1: Ssouancin|Spikes\n|\n|-weather|Snow|[upkeep]\n|upkeep\n|turn|2\n|\n|t:|1699561605\n|move|p1a: Ferrothorn|Protect|p1a: Ferrothorn\n|-singleturn|p1a: Ferrothorn|Protect\n|move|p2a: hecate|Calm Mind|p2a: hecate\n|-boost|p2a: hecate|spa|1\n|-boost|p2a: hecate|spd|1\n|\n|-weather|Snow|[upkeep]\n|upkeep\n|turn|3\n|\n|t:|1699561618\n|move|p2a: hecate|Calm Mind|p2a: hecate\n|-boost|p2a: hecate|spa|1\n|-boost|p2a: hecate|spd|1\n|move|p1a: Ferrothorn|Leech Seed|p2a: hecate\n|move|p2a: hecate|Leech Seed|p1a: Ferrothorn|[from]ability: Magic Bounce\n|-immune|p1a: Ferrothorn\n|\n|-weather|Snow|[upkeep]\n|upkeep\n|turn|4\n|\n|t:|1699561633\n|switch|p1a: Swampert|Swampert, M|100\/100\n|-damage|p1a: Swampert|88\/100|[from] Spikes\n|move|p2a: hecate|Calm Mind|p2a: hecate\n|-boost|p2a: hecate|spa|1\n|-boost|p2a: hecate|spd|1\n|\n|-weather|Snow|[upkeep]\n|upkeep\n|turn|5\n|\n|t:|1699561649\n|detailschange|p1a: Swampert|Swampert-Mega, M\n|-mega|p1a: Swampert|Swampert|Swampertite\n|move|p2a: hecate|Psychic|p1a: Swampert\n|-damage|p1a: Swampert|0 fnt\n|faint|p1a: Swampert\n|\n|-weather|none\n|upkeep\n|\n|t:|1699561658\n|switch|p1a: Snorlax|Snorlax, M|100\/100\n|-damage|p1a: Snorlax|88\/100|[from] Spikes\n|turn|6\n|\n|t:|1699561668\n|move|p2a: hecate|Psychic|p1a: Snorlax\n|-damage|p1a: Snorlax|22\/100\n|move|p1a: Snorlax|Toxic|p2a: hecate\n|move|p2a: hecate|Toxic|p1a: Snorlax|[from]ability: Magic Bounce\n|-immune|p1a: Snorlax|[from] ability: Immunity\n|\n|-heal|p1a: Snorlax|28\/100|[from] item: Leftovers\n|upkeep\n|turn|7\n|\n|t:|1699561682\n|move|p2a: hecate|Psychic|p1a: Snorlax\n|-damage|p1a: Snorlax|0 fnt\n|faint|p1a: Snorlax\n|\n|upkeep\n|\n|t:|1699561691\n|switch|p1a: Togekiss|Togekiss, M|100\/100\n|turn|8\n|\n|t:|1699561696\n|move|p2a: hecate|Psychic|p1a: Togekiss\n|-damage|p1a: Togekiss|0 fnt\n|faint|p1a: Togekiss\n|\n|upkeep\n|\n|t:|1699561707\n|switch|p1a: Ferrothorn|Ferrothorn, M|100\/100\n|-damage|p1a: Ferrothorn|88\/100|[from] Spikes\n|turn|9\n|\n|t:|1699561717\n|move|p2a: hecate|Psychic|p1a: Ferrothorn\n|-resisted|p1a: Ferrothorn\n|-damage|p1a: Ferrothorn|49\/100\n|move|p1a: Ferrothorn|Energy Ball|p2a: hecate\n|-damage|p2a: hecate|91\/100\n|-unboost|p2a: hecate|spd|1\n|\n|-heal|p1a: Ferrothorn|56\/100|[from] item: Leftovers\n|upkeep\n|turn|10\n|\n|t:|1699561727\n|move|p2a: hecate|Psychic|p1a: Ferrothorn\n|-resisted|p1a: Ferrothorn\n|-damage|p1a: Ferrothorn|21\/100\n|move|p1a: Ferrothorn|Energy Ball|p2a: hecate\n|-damage|p2a: hecate|80\/100\n|\n|-heal|p1a: Ferrothorn|27\/100|[from] item: Leftovers\n|upkeep\n|turn|11\n|\n|t:|1699561736\n|move|p1a: Ferrothorn|Protect|p1a: Ferrothorn\n|-singleturn|p1a: Ferrothorn|Protect\n|move|p2a: hecate|Psychic|p1a: Ferrothorn\n|-activate|p1a: Ferrothorn|move: Protect\n|\n|-heal|p1a: Ferrothorn|33\/100|[from] item: Leftovers\n|upkeep\n|turn|12\n|\n|t:|1699561752\n|move|p1a: Ferrothorn|Protect||[still]\n|-fail|p1a: Ferrothorn\n|move|p2a: hecate|Shadow Ball|p1a: Ferrothorn\n|-damage|p1a: Ferrothorn|0 fnt\n|faint|p1a: Ferrothorn\n|\n|upkeep\n|\n|t:|1699561763\n|switch|p1a: Rotom|Rotom-Wash|100\/100\n|turn|13\n|\n|t:|1699561770\n|move|p2a: hecate|Psychic|p1a: Rotom\n|-damage|p1a: Rotom|8\/100\n|move|p1a: Rotom|Thunderbolt|p2a: hecate\n|-damage|p2a: hecate|60\/100\n|\n|-heal|p1a: Rotom|15\/100|[from] item: Leftovers\n|upkeep\n|turn|14\n|\n|t:|1699561780\n|move|p2a: hecate|Shadow Ball|p1a: Rotom\n|-crit|p1a: Rotom\n|-damage|p1a: Rotom|0 fnt\n|faint|p1a: Rotom\n|\n|upkeep\n|\n|t:|1699561786\n|switch|p1a: Gliscor|Gliscor, F|100\/100\n|turn|15\n|c|\u2606Ssouancin|Tus putos muertos\n|\n|t:|1699561807\n|move|p2a: hecate|Psychic|p1a: Gliscor\n|-damage|p1a: Gliscor|0 fnt\n|faint|p1a: Gliscor\n|\n|win|kat_laugh\n|raw|Ssouancin's rating: 1137 &rarr; <strong>1112<\/strong><br \/>(-25 for losing)\n|raw|kat_laugh's rating: 1140 &rarr; <strong>1165<\/strong><br \/>(+25 for winning)\n","uploadtime":1699561801,"views":4,"p1id":"ssouancin","p2id":"katlaugh","formatid":"gen9nationaldex","rating":1112,"private":0,"password":""}