{"id":"gen9nationaldex-1990510401","p1":"luis1019","p2":"henxian","format":"[Gen 9] National Dex","log":"|j|\u2606luis1019\n|j|\u2606henxian\n|t:|1699977396\n|gametype|singles\n|player|p1|luis1019|101|1519\n|player|p2|henxian|n-masters3|1488\n|teamsize|p1|6\n|teamsize|p2|6\n|gen|9\n|tier|[Gen 9] National Dex\n|rated|\n|rule|HP Percentage Mod: HP is shown in percentages\n|rule|Endless Battle Clause: Forcing endless battles is banned\n|rule|OHKO Clause: OHKO moves are banned\n|rule|Evasion Clause: Evasion abilities, items, and moves are banned\n|rule|Evasion Abilities Clause: Evasion abilities are banned\n|rule|Evasion Items Clause: Evasion items are banned\n|rule|Evasion Moves Clause: Evasion moves are banned\n|rule|Species Clause: Limit one of each Pok\u00e9mon\n|rule|Sleep Clause Mod: Limit one foe put to sleep\n|clearpoke\n|poke|p1|Charizard, F|\n|poke|p1|Hippowdon, M|\n|poke|p1|Dragonite, M|\n|poke|p1|Excadrill, F|\n|poke|p1|Heatran, M|\n|poke|p1|Keldeo-Resolute|\n|poke|p2|Alomomola, F|\n|poke|p2|Banette, M|\n|poke|p2|Landorus-Therian, M|\n|poke|p2|Dragonite, M|\n|poke|p2|Glimmora, F|\n|poke|p2|Iron Valiant|\n|teampreview\n|inactive|Battle timer is ON: inactive players will automatically lose when time's up. (requested by henxian)\n|\n|t:|1699977407\n|start\n|switch|p1a: Keldeo|Keldeo-Resolute|100\/100\n|switch|p2a: Landorus|Landorus-Therian, M|100\/100\n|-ability|p2a: Landorus|Intimidate|boost\n|-unboost|p1a: Keldeo|atk|1\n|turn|1\n|\n|t:|1699977415\n|switch|p2a: Alomomola|Alomomola, F|100\/100\n|move|p1a: Keldeo|Scald|p2a: Alomomola\n|-resisted|p2a: Alomomola\n|-damage|p2a: Alomomola|72\/100\n|-status|p2a: Alomomola|brn\n|\n|-damage|p2a: Alomomola|66\/100 brn|[from] brn\n|upkeep\n|turn|2\n|\n|t:|1699977422\n|switch|p1a: Charizard|Charizard, F|100\/100\n|move|p2a: Alomomola|Knock Off|p1a: Charizard\n|-damage|p1a: Charizard|91\/100\n|\n|-damage|p2a: Alomomola|59\/100 brn|[from] brn\n|upkeep\n|turn|3\n|l|\u2606luis1019\n|inactive|luis1019 disconnected and has a minute to reconnect!\n|player|p1|\n|j|\u2606luis1019\n|inactive|luis1019 reconnected and has 120 seconds left.\n|player|p1|luis1019|101\n|\n|t:|1699977455\n|detailschange|p1a: Charizard|Charizard-Mega-Y, F\n|-mega|p1a: Charizard|Charizard|Charizardite Y\n|-weather|SunnyDay|[from] ability: Drought|[of] p1a: Charizard\n|-terastallize|p2a: Alomomola|Dragon\n|move|p1a: Charizard|Solar Beam||[still]\n|-prepare|p1a: Charizard|Solar Beam\n|-anim|p1a: Charizard|Solar Beam|p2a: Alomomola\n|-resisted|p2a: Alomomola\n|-damage|p2a: Alomomola|33\/100 brn\n|move|p2a: Alomomola|Flip Turn|p1a: Charizard\n|-supereffective|p1a: Charizard\n|-damage|p1a: Charizard|79\/100\n|\n|t:|1699977461\n|switch|p2a: Glimmora|Glimmora, F|100\/100|[from] Flip Turn\n|\n|-weather|SunnyDay|[upkeep]\n|upkeep\n|turn|4\n|\n|t:|1699977476\n|switch|p1a: Keldeo|Keldeo-Resolute|100\/100\n|move|p2a: Glimmora|Power Gem|p1a: Keldeo\n|-resisted|p1a: Keldeo\n|-damage|p1a: Keldeo|81\/100\n|\n|-weather|SunnyDay|[upkeep]\n|upkeep\n|turn|5\n|\n|t:|1699977485\n|move|p1a: Keldeo|Scald|p2a: Glimmora\n|-supereffective|p2a: Glimmora\n|-damage|p2a: Glimmora|49\/100\n|move|p2a: Glimmora|Energy Ball|p1a: Keldeo\n|-supereffective|p1a: Keldeo\n|-damage|p1a: Keldeo|20\/100\n|\n|-weather|SunnyDay|[upkeep]\n|upkeep\n|turn|6\n|\n|t:|1699977493\n|move|p1a: Keldeo|Scald|p2a: Glimmora\n|-supereffective|p2a: Glimmora\n|-damage|p2a: Glimmora|0 fnt\n|faint|p2a: Glimmora\n|\n|-weather|SunnyDay|[upkeep]\n|upkeep\n|\n|t:|1699977497\n|switch|p2a: Iron Valiant|Iron Valiant|100\/100\n|-enditem|p2a: Iron Valiant|Booster Energy\n|-activate|p2a: Iron Valiant|ability: Quark Drive|[fromitem]\n|-start|p2a: Iron Valiant|quarkdrivespe\n|turn|7\n|\n|t:|1699977502\n|switch|p1a: Heatran|Heatran, M|100\/100\n|-item|p1a: Heatran|Air Balloon\n|move|p2a: Iron Valiant|Calm Mind|p2a: Iron Valiant\n|-boost|p2a: Iron Valiant|spa|1\n|-boost|p2a: Iron Valiant|spd|1\n|\n|-weather|none\n|upkeep\n|turn|8\n|\n|t:|1699977515\n|move|p2a: Iron Valiant|Aura Sphere|p1a: Heatran\n|-supereffective|p1a: Heatran\n|-damage|p1a: Heatran|28\/100\n|-enditem|p1a: Heatran|Air Balloon\n|move|p1a: Heatran|Fire Blast|p2a: Iron Valiant\n|-damage|p2a: Iron Valiant|36\/100\n|\n|upkeep\n|turn|9\n|\n|t:|1699977521\n|move|p2a: Iron Valiant|Aura Sphere|p1a: Heatran\n|-supereffective|p1a: Heatran\n|-damage|p1a: Heatran|0 fnt\n|faint|p1a: Heatran\n|\n|upkeep\n|\n|t:|1699977524\n|switch|p1a: Dragonite|Dragonite, M|100\/100\n|turn|10\n|\n|t:|1699977527\n|move|p1a: Dragonite|Extreme Speed|p2a: Iron Valiant\n|-damage|p2a: Iron Valiant|0 fnt\n|faint|p2a: Iron Valiant\n|-end|p2a: Iron Valiant|Quark Drive|[silent]\n|-damage|p1a: Dragonite|91\/100|[from] item: Life Orb\n|\n|upkeep\n|\n|t:|1699977534\n|switch|p2a: Dragonite|Dragonite, M|100\/100\n|turn|11\n|\n|t:|1699977537\n|switch|p1a: Hippowdon|Hippowdon, M|100\/100\n|-weather|Sandstorm|[from] ability: Sand Stream|[of] p1a: Hippowdon\n|move|p2a: Dragonite|Curse|p2a: Dragonite\n|-unboost|p2a: Dragonite|spe|1\n|-boost|p2a: Dragonite|atk|1\n|-boost|p2a: Dragonite|def|1\n|\n|-weather|Sandstorm|[upkeep]\n|-damage|p2a: Dragonite|94\/100|[from] Sandstorm\n|upkeep\n|turn|12\n|\n|t:|1699977542\n|move|p2a: Dragonite|Earthquake|p1a: Hippowdon\n|-damage|p1a: Hippowdon|71\/100\n|move|p1a: Hippowdon|Toxic|p2a: Dragonite\n|-status|p2a: Dragonite|tox\n|\n|-weather|Sandstorm|[upkeep]\n|-damage|p2a: Dragonite|88\/100 tox|[from] Sandstorm\n|-heal|p1a: Hippowdon|77\/100|[from] item: Leftovers\n|-damage|p2a: Dragonite|82\/100 tox|[from] psn\n|upkeep\n|turn|13\n|\n|t:|1699977547\n|switch|p2a: Alomomola|Alomomola, F, tera:Dragon|66\/100 brn\n|move|p1a: Hippowdon|Stealth Rock|p2a: Alomomola\n|-sidestart|p2: henxian|move: Stealth Rock\n|\n|-weather|Sandstorm|[upkeep]\n|-damage|p2a: Alomomola|60\/100 brn|[from] Sandstorm\n|-heal|p1a: Hippowdon|84\/100|[from] item: Leftovers\n|-damage|p2a: Alomomola|54\/100 brn|[from] brn\n|upkeep\n|turn|14\n|\n|t:|1699977557\n|switch|p1a: Charizard|Charizard-Mega-Y, F|79\/100\n|-weather|SunnyDay|[from] ability: Drought|[of] p1a: Charizard\n|move|p2a: Alomomola|Wish|p2a: Alomomola\n|\n|-weather|SunnyDay|[upkeep]\n|-damage|p2a: Alomomola|48\/100 brn|[from] brn\n|upkeep\n|turn|15\n|\n|t:|1699977563\n|move|p1a: Charizard|Weather Ball|p2a: Alomomola\n|-resisted|p2a: Alomomola\n|-damage|p2a: Alomomola|0 fnt\n|faint|p2a: Alomomola\n|\n|-weather|SunnyDay|[upkeep]\n|upkeep\n|\n|t:|1699977570\n|switch|p2a: Banette|Banette, M|100\/100\n|-damage|p2a: Banette|88\/100|[from] Stealth Rock\n|-item|p1a: Charizard|Charizardite Y|[from] ability: Frisk|[of] p2a: Banette|[identify]\n|turn|16\n|\n|t:|1699977578\n|switch|p1a: Hippowdon|Hippowdon, M|84\/100\n|-weather|Sandstorm|[from] ability: Sand Stream|[of] p1a: Hippowdon\n|detailschange|p2a: Banette|Banette-Mega, M\n|-mega|p2a: Banette|Banette|Banettite\n|move|p2a: Banette|Poltergeist|p1a: Hippowdon\n|-activate|p1a: Hippowdon|move: Poltergeist|Leftovers\n|-crit|p1a: Hippowdon\n|-damage|p1a: Hippowdon|23\/100\n|\n|-weather|Sandstorm|[upkeep]\n|-damage|p2a: Banette|82\/100|[from] Sandstorm\n|-heal|p1a: Hippowdon|29\/100|[from] item: Leftovers\n|upkeep\n|turn|17\n|\n|t:|1699977591\n|move|p2a: Banette|Poltergeist|p1a: Hippowdon\n|-activate|p1a: Hippowdon|move: Poltergeist|Leftovers\n|-damage|p1a: Hippowdon|0 fnt\n|faint|p1a: Hippowdon\n|\n|-weather|Sandstorm|[upkeep]\n|-damage|p2a: Banette|76\/100|[from] Sandstorm\n|upkeep\n|\n|t:|1699977593\n|switch|p1a: Excadrill|Excadrill, F|100\/100\n|turn|18\n|\n|t:|1699977609\n|move|p2a: Banette|Destiny Bond|p2a: Banette\n|-singlemove|p2a: Banette|Destiny Bond\n|move|p1a: Excadrill|Rapid Spin|p2a: Banette\n|-immune|p2a: Banette\n|\n|-weather|Sandstorm|[upkeep]\n|-damage|p2a: Banette|70\/100|[from] Sandstorm\n|upkeep\n|turn|19\n|\n|t:|1699977627\n|move|p2a: Banette|Encore|p1a: Excadrill\n|-start|p1a: Excadrill|Encore\n|move|p1a: Excadrill|Rapid Spin|p2a: Banette\n|-immune|p2a: Banette\n|\n|-weather|Sandstorm|[upkeep]\n|-damage|p2a: Banette|64\/100|[from] Sandstorm\n|upkeep\n|turn|20\n|l|\u2606luis1019\n|inactive|luis1019 disconnected and has a minute to reconnect!\n|player|p1|\n|j|\u2606luis1019\n|inactive|luis1019 reconnected and has 115 seconds left.\n|player|p1|luis1019|101\n|\n|t:|1699977662\n|switch|p1a: Keldeo|Keldeo-Resolute|20\/100\n|move|p2a: Banette|Poltergeist|p1a: Keldeo\n|-activate|p1a: Keldeo|move: Poltergeist|Choice Scarf\n|-damage|p1a: Keldeo|0 fnt\n|faint|p1a: Keldeo\n|\n|-weather|none\n|upkeep\n|\n|t:|1699977670\n|switch|p1a: Dragonite|Dragonite, M|91\/100\n|turn|21\n|\n|t:|1699977683\n|-terastallize|p1a: Dragonite|Normal\n|move|p2a: Banette|Destiny Bond|p2a: Banette\n|-singlemove|p2a: Banette|Destiny Bond\n|move|p1a: Dragonite|Dragon Dance|p1a: Dragonite\n|-boost|p1a: Dragonite|atk|1\n|-boost|p1a: Dragonite|spe|1\n|\n|upkeep\n|turn|22\n|\n|t:|1699977695\n|move|p1a: Dragonite|Extreme Speed|p2a: Banette\n|-immune|p2a: Banette\n|move|p2a: Banette|Encore|p1a: Dragonite\n|-start|p1a: Dragonite|Encore\n|\n|upkeep\n|turn|23\n|\n|t:|1699977703\n|move|p1a: Dragonite|Extreme Speed|p2a: Banette\n|-immune|p2a: Banette\n|move|p2a: Banette|Gunk Shot|p1a: Dragonite\n|-damage|p1a: Dragonite|34\/100\n|-status|p1a: Dragonite|psn\n|\n|-damage|p1a: Dragonite|21\/100 psn|[from] psn\n|upkeep\n|turn|24\n|\n|t:|1699977711\n|move|p1a: Dragonite|Extreme Speed|p2a: Banette\n|-immune|p2a: Banette\n|move|p2a: Banette|Gunk Shot|p1a: Dragonite\n|-damage|p1a: Dragonite|0 fnt\n|faint|p1a: Dragonite\n|\n|upkeep\n|\n|t:|1699977716\n|switch|p1a: Excadrill|Excadrill, F|100\/100\n|turn|25\n|\n|t:|1699977722\n|move|p2a: Banette|Destiny Bond|p2a: Banette\n|-singlemove|p2a: Banette|Destiny Bond\n|move|p1a: Excadrill|Earthquake|p2a: Banette\n|-damage|p2a: Banette|0 fnt\n|faint|p2a: Banette\n|-activate|p2a: Banette|move: Destiny Bond\n|faint|p1a: Excadrill\n|\n|upkeep\n|\n|t:|1699977729\n|switch|p1a: Charizard|Charizard-Mega-Y, F|79\/100\n|switch|p2a: Dragonite|Dragonite, M|82\/100 tox\n|-weather|SunnyDay|[from] ability: Drought|[of] p1a: Charizard\n|turn|26\n|\n|t:|1699977733\n|move|p2a: Dragonite|Extreme Speed|p1a: Charizard\n|-damage|p1a: Charizard|35\/100\n|move|p1a: Charizard|Dragon Pulse|p2a: Dragonite\n|-supereffective|p2a: Dragonite\n|-damage|p2a: Dragonite|23\/100 tox\n|\n|-weather|SunnyDay|[upkeep]\n|-damage|p2a: Dragonite|17\/100 tox|[from] psn\n|upkeep\n|turn|27\n|\n|t:|1699977743\n|move|p2a: Dragonite|Extreme Speed|p1a: Charizard\n|-damage|p1a: Charizard|0 fnt\n|faint|p1a: Charizard\n|\n|win|henxian\n|raw|luis1019's rating: 1519 &rarr; <strong>1497<\/strong><br \/>(-22 for losing)\n|raw|henxian's rating: 1488 &rarr; <strong>1510<\/strong><br \/>(+22 for winning)\n|l|\u2606luis1019\n","uploadtime":1699977754,"views":5,"p1id":"luis1019","p2id":"henxian","formatid":"gen9nationaldex","rating":1497,"private":0,"password":""}