{"id":"gen9nationaldex-1998505137","p1":"blizzard og 12","p2":"Pachimi","format":"[Gen 9] National Dex","log":"|html|<div class=\"broadcast-blue\"><strong>[Gen 9] National Dex is currently suspecting Sneasler! For information on how to participate check out the <a href=\"https:\/\/www.smogon.com\/forums\/threads\/sv-national-dex-suspect-8-just-dance.3731534\/\">suspect thread<\/a>.<\/strong><\/div>\n|j|\u2606blizzard og 12\n|j|\u2606Pachimi\n|t:|1700949921\n|gametype|singles\n|player|p1|blizzard og 12|265|1242\n|player|p2|Pachimi|diantha|1159\n|teamsize|p1|6\n|teamsize|p2|6\n|gen|9\n|tier|[Gen 9] National Dex\n|rated|\n|rule|HP Percentage Mod: HP is shown in percentages\n|rule|Endless Battle Clause: Forcing endless battles is banned\n|rule|OHKO Clause: OHKO moves are banned\n|rule|Evasion Clause: Evasion abilities, items, and moves are banned\n|rule|Evasion Abilities Clause: Evasion abilities are banned\n|rule|Evasion Items Clause: Evasion items are banned\n|rule|Evasion Moves Clause: Evasion moves are banned\n|rule|Species Clause: Limit one of each Pok\u00e9mon\n|rule|Sleep Clause Mod: Limit one foe put to sleep\n|clearpoke\n|poke|p1|Feraligatr, F|\n|poke|p1|Grimmsnarl, M|\n|poke|p1|Sneasler, F|\n|poke|p1|Rillaboom, M|\n|poke|p1|Kartana|\n|poke|p1|Garganacl, F|\n|poke|p2|Gardevoir, F|\n|poke|p2|Hawlucha, M|\n|poke|p2|Goodra, F|\n|poke|p2|Tyrantrum, M|\n|poke|p2|Bisharp, M|\n|poke|p2|Arcanine-Hisui, M|\n|teampreview\n|inactive|Battle timer is ON: inactive players will automatically lose when time's up. (requested by Pachimi)\n|\n|t:|1700949928\n|start\n|switch|p1a: Grimmsnarl|Grimmsnarl, M|100\/100\n|switch|p2a: Arcanine|Arcanine-Hisui, M|100\/100\n|turn|1\n|\n|t:|1700949936\n|switch|p2a: Bisharp|Bisharp, M|100\/100\n|move|p1a: Grimmsnarl|Reflect|p1a: Grimmsnarl\n|-sidestart|p1: blizzard og 12|Reflect\n|\n|upkeep\n|turn|2\n|\n|t:|1700949942\n|move|p1a: Grimmsnarl|Light Screen|p1a: Grimmsnarl\n|-sidestart|p1: blizzard og 12|move: Light Screen\n|move|p2a: Bisharp|Swords Dance|p2a: Bisharp\n|-boost|p2a: Bisharp|atk|2\n|\n|upkeep\n|turn|3\n|\n|t:|1700949950\n|switch|p1a: Rillaboom|Rillaboom, M|100\/100\n|-fieldstart|move: Grassy Terrain|[from] ability: Grassy Surge|[of] p1a: Rillaboom\n|move|p2a: Bisharp|Brick Break|p1a: Rillaboom\n|-sideend|p1: blizzard og 12|Reflect\n|-sideend|p1: blizzard og 12|move: Light Screen\n|-damage|p1a: Rillaboom|48\/100\n|\n|-heal|p1a: Rillaboom|54\/100|[from] Grassy Terrain\n|upkeep\n|turn|4\n|\n|t:|1700949959\n|move|p2a: Bisharp|Sucker Punch|p1a: Rillaboom\n|-damage|p1a: Rillaboom|0 fnt\n|faint|p1a: Rillaboom\n|\n|upkeep\n|\n|t:|1700949964\n|switch|p1a: Sneasler|Sneasler, F|100\/100\n|-enditem|p1a: Sneasler|Grassy Seed\n|-boost|p1a: Sneasler|def|1|[from] item: Grassy Seed\n|turn|5\n|\n|t:|1700949975\n|-terastallize|p2a: Bisharp|Flying\n|move|p1a: Sneasler|Close Combat|p2a: Bisharp\n|-resisted|p2a: Bisharp\n|-damage|p2a: Bisharp|71\/100\n|-unboost|p1a: Sneasler|def|1\n|-unboost|p1a: Sneasler|spd|1\n|move|p2a: Bisharp|Iron Head|p1a: Sneasler\n|-damage|p1a: Sneasler|0 fnt\n|faint|p1a: Sneasler\n|\n|upkeep\n|\n|t:|1700949989\n|switch|p1a: Garganacl|Garganacl, F|100\/100\n|turn|6\n|\n|t:|1700949996\n|move|p2a: Bisharp|Iron Head|p1a: Garganacl\n|-supereffective|p1a: Garganacl\n|-damage|p1a: Garganacl|0 fnt\n|faint|p1a: Garganacl\n|\n|upkeep\n|\n|t:|1700950002\n|switch|p1a: Grimmsnarl|Grimmsnarl, M|100\/100\n|turn|7\n|c|\u2606Pachimi|Sucks, no lore unburden\n|c|\u2606blizzard og 12|?\n|\n|t:|1700950022\n|move|p1a: Grimmsnarl|Reflect|p1a: Grimmsnarl\n|-sidestart|p1: blizzard og 12|Reflect\n|move|p2a: Bisharp|Iron Head|p1a: Grimmsnarl\n|-supereffective|p1a: Grimmsnarl\n|-damage|p1a: Grimmsnarl|0 fnt\n|faint|p1a: Grimmsnarl\n|\n|upkeep\n|\n|t:|1700950029\n|switch|p1a: Kartana|Kartana|100\/100\n|turn|8\n|\n|t:|1700950037\n|move|p1a: Kartana|Swords Dance|p1a: Kartana\n|-boost|p1a: Kartana|atk|2\n|move|p2a: Bisharp|Brick Break|p1a: Kartana\n|-sideend|p1: blizzard og 12|Reflect\n|-supereffective|p1a: Kartana\n|-damage|p1a: Kartana|0 fnt\n|faint|p1a: Kartana\n|\n|upkeep\n|\n|t:|1700950044\n|switch|p1a: Feraligatr|Feraligatr, F|100\/100\n|turn|9\n|\n|t:|1700950048\n|move|p2a: Bisharp|Sucker Punch||[still]\n|-fail|p2a: Bisharp\n|move|p1a: Feraligatr|Dragon Dance|p1a: Feraligatr\n|-boost|p1a: Feraligatr|atk|1\n|-boost|p1a: Feraligatr|spe|1\n|\n|upkeep\n|turn|10\n|\n|t:|1700950058\n|move|p1a: Feraligatr|Dragon Dance|p1a: Feraligatr\n|-boost|p1a: Feraligatr|atk|1\n|-boost|p1a: Feraligatr|spe|1\n|move|p2a: Bisharp|Brick Break|p1a: Feraligatr\n|-damage|p1a: Feraligatr|46\/100\n|\n|-heal|p1a: Feraligatr|52\/100|[from] Grassy Terrain\n|-fieldend|move: Grassy Terrain\n|upkeep\n|turn|11\n|\n|t:|1700950065\n|move|p2a: Bisharp|Sucker Punch|p1a: Feraligatr\n|-damage|p1a: Feraligatr|0 fnt\n|faint|p1a: Feraligatr\n|\n|win|Pachimi\n|raw|blizzard og 12's rating: 1242 &rarr; <strong>1211<\/strong><br \/>(-31 for losing)\n|raw|Pachimi's rating: 1159 &rarr; <strong>1190<\/strong><br \/>(+31 for winning)\n|l|\u2606blizzard og 12\n","uploadtime":1700950078,"views":22,"p1id":"blizzardog12","p2id":"pachimi","formatid":"gen9nationaldex","rating":1190,"private":0,"password":""}