{"id":"gen9nationaldex-1995788744","p1":"tusuke","p2":"MoonWatcher20","format":"[Gen 9] National Dex","log":"|html|<div class=\"broadcast-blue\"><strong>[Gen 9] National Dex is currently suspecting Sneasler! For information on how to participate check out the <a href=\"https:\/\/www.smogon.com\/forums\/threads\/sv-national-dex-suspect-8-just-dance.3731534\/\">suspect thread<\/a>.<\/strong><\/div>\n|j|\u2606tusuke\n|j|\u2606MoonWatcher20\n|t:|1700603270\n|gametype|singles\n|player|p1|tusuke|170|\n|player|p2|MoonWatcher20|266|\n|teamsize|p1|6\n|teamsize|p2|6\n|gen|9\n|tier|[Gen 9] National Dex\n|rule|HP Percentage Mod: HP is shown in percentages\n|rule|Endless Battle Clause: Forcing endless battles is banned\n|rule|OHKO Clause: OHKO moves are banned\n|rule|Evasion Clause: Evasion abilities, items, and moves are banned\n|rule|Evasion Abilities Clause: Evasion abilities are banned\n|rule|Evasion Items Clause: Evasion items are banned\n|rule|Evasion Moves Clause: Evasion moves are banned\n|rule|Species Clause: Limit one of each Pok\u00e9mon\n|rule|Sleep Clause Mod: Limit one foe put to sleep\n|clearpoke\n|poke|p1|Sigilyph, F|\n|poke|p1|Walrein, M|\n|poke|p1|Machamp, M|\n|poke|p1|Azumarill, F|\n|poke|p1|Chandelure, M|\n|poke|p1|Houndstone, M|\n|poke|p2|Scovillain, F|\n|poke|p2|Sudowoodo, M|\n|poke|p2|Parasect, F|\n|poke|p2|Dewgong, F|\n|poke|p2|Electivire, F|\n|poke|p2|Skeledirge, F|\n|teampreview\n|\n|t:|1700603283\n|start\n|switch|p1a: Singoth|Machamp, M|100\/100\n|switch|p2a: Scovillain|Scovillain, F|100\/100\n|turn|1\n|j| Tking12\n|\n|t:|1700603714\n|move|p2a: Scovillain|Sunny Day|p2a: Scovillain\n|-weather|SunnyDay\n|move|p1a: Singoth|Knock Off|p2a: Scovillain\n|-damage|p2a: Scovillain|39\/100\n|-enditem|p2a: Scovillain|Expert Belt|[from] move: Knock Off|[of] p1a: Singoth\n|\n|-weather|SunnyDay|[upkeep]\n|-status|p1a: Singoth|tox|[from] item: Toxic Orb\n|upkeep\n|turn|2\n|\n|t:|1700603723\n|-terastallize|p1a: Singoth|Normal\n|move|p2a: Scovillain|Solar Beam||[still]\n|-prepare|p2a: Scovillain|Solar Beam\n|-anim|p2a: Scovillain|Solar Beam|p1a: Singoth\n|-damage|p1a: Singoth|29\/100 tox\n|move|p1a: Singoth|Facade|p2a: Scovillain\n|-damage|p2a: Scovillain|0 fnt\n|faint|p2a: Scovillain\n|\n|-weather|SunnyDay|[upkeep]\n|-damage|p1a: Singoth|23\/100 tox|[from] psn\n|upkeep\n|\n|t:|1700603736\n|switch|p2a: Sudowoodo|Sudowoodo, M|100\/100\n|turn|3\n|\n|t:|1700603745\n|move|p2a: Sudowoodo|Sucker Punch|p1a: Singoth\n|-damage|p1a: Singoth|0 fnt\n|faint|p1a: Singoth\n|\n|-weather|SunnyDay|[upkeep]\n|upkeep\n|\n|t:|1700603753\n|switch|p1a: Cristis|Walrein, M|100\/100\n|turn|4\n|\n|t:|1700603761\n|move|p1a: Cristis|Heavy Slam|p2a: Sudowoodo\n|-supereffective|p2a: Sudowoodo\n|-damage|p2a: Sudowoodo|59\/100\n|-damage|p1a: Cristis|91\/100|[from] item: Life Orb\n|move|p2a: Sudowoodo|Wood Hammer|p1a: Cristis\n|-supereffective|p1a: Cristis\n|-damage|p1a: Cristis|29\/100\n|-damage|p2a: Sudowoodo|33\/100|[from] Recoil\n|\n|-weather|SunnyDay|[upkeep]\n|upkeep\n|turn|5\n|\n|t:|1700603772\n|move|p2a: Sudowoodo|Sucker Punch|p1a: Cristis\n|-damage|p1a: Cristis|13\/100\n|move|p1a: Cristis|Waterfall|p2a: Sudowoodo\n|-supereffective|p2a: Sudowoodo\n|-damage|p2a: Sudowoodo|7\/100\n|-damage|p1a: Cristis|3\/100|[from] item: Life Orb\n|\n|-weather|none\n|upkeep\n|turn|6\n|\n|t:|1700603782\n|move|p2a: Sudowoodo|Sucker Punch|p1a: Cristis\n|-damage|p1a: Cristis|0 fnt\n|faint|p1a: Cristis\n|\n|upkeep\n|\n|t:|1700603786\n|switch|p1a: Gromm|Sigilyph, F, shiny|100\/100\n|turn|7\n|\n|t:|1700603792\n|move|p1a: Gromm|Dark Pulse|p2a: Sudowoodo\n|-damage|p2a: Sudowoodo|0 fnt\n|faint|p2a: Sudowoodo\n|\n|upkeep\n|\n|t:|1700603798\n|switch|p2a: Electivire|Electivire, F|100\/100\n|turn|8\n|\n|t:|1700603812\n|switch|p1a: Rolle|Chandelure, M|100\/100\n|move|p2a: Electivire|Thunder Punch|p1a: Rolle\n|-damage|p1a: Rolle|54\/100\n|\n|-heal|p1a: Rolle|60\/100|[from] item: Leftovers\n|upkeep\n|turn|9\n|\n|t:|1700603830\n|move|p2a: Electivire|Ice Punch|p1a: Rolle\n|-resisted|p1a: Rolle\n|-damage|p1a: Rolle|46\/100\n|move|p1a: Rolle|Energy Ball|p2a: Electivire\n|-crit|p2a: Electivire\n|-damage|p2a: Electivire|38\/100\n|\n|-heal|p2a: Electivire|44\/100|[from] item: Leftovers\n|-heal|p1a: Rolle|53\/100|[from] item: Leftovers\n|upkeep\n|turn|10\n|\n|t:|1700603843\n|move|p2a: Electivire|Thunder Punch|p1a: Rolle\n|-damage|p1a: Rolle|6\/100\n|-status|p1a: Rolle|par\n|cant|p1a: Rolle|par\n|\n|-heal|p2a: Electivire|50\/100|[from] item: Leftovers\n|-heal|p1a: Rolle|12\/100 par|[from] item: Leftovers\n|upkeep\n|turn|11\n|\n|t:|1700603853\n|move|p2a: Electivire|Thunder Punch|p1a: Rolle\n|-damage|p1a: Rolle|0 fnt\n|faint|p1a: Rolle\n|\n|-heal|p2a: Electivire|56\/100|[from] item: Leftovers\n|upkeep\n|\n|t:|1700603858\n|switch|p1a: Cecedit|Houndstone, M|100\/100\n|turn|12\n|\n|t:|1700603865\n|move|p1a: Cecedit|Poltergeist|p2a: Electivire\n|-activate|p2a: Electivire|move: Poltergeist|Leftovers\n|-crit|p2a: Electivire\n|-damage|p2a: Electivire|0 fnt\n|faint|p2a: Electivire\n|\n|upkeep\n|\n|t:|1700603873\n|switch|p2a: Parasect|Parasect, F|100\/100\n|turn|13\n|\n|t:|1700603882\n|move|p1a: Cecedit|Poltergeist|p2a: Parasect\n|-activate|p2a: Parasect|move: Poltergeist|Leftovers\n|-damage|p2a: Parasect|35\/100\n|move|p2a: Parasect|Stun Spore|p1a: Cecedit|[miss]\n|-miss|p2a: Parasect|p1a: Cecedit\n|\n|-heal|p2a: Parasect|41\/100|[from] item: Leftovers\n|upkeep\n|turn|14\n|\n|t:|1700603892\n|move|p1a: Cecedit|Poltergeist|p2a: Parasect\n|-activate|p2a: Parasect|move: Poltergeist|Leftovers\n|-damage|p2a: Parasect|0 fnt\n|faint|p2a: Parasect\n|\n|upkeep\n|\n|t:|1700603898\n|switch|p2a: Dewgong|Dewgong, F|100\/100\n|turn|15\n|\n|t:|1700603903\n|switch|p1a: Tolge|Azumarill, F, shiny|100\/100\n|move|p2a: Dewgong|Blizzard|p1a: Tolge\n|-resisted|p1a: Tolge\n|-damage|p1a: Tolge|81\/100\n|\n|upkeep\n|turn|16\n|\n|t:|1700603914\n|move|p1a: Tolge|Draining Kiss|p2a: Dewgong\n|-damage|p2a: Dewgong|79\/100\n|-heal|p1a: Tolge|97\/100|[from] drain|[of] p2a: Dewgong\n|-damage|p1a: Tolge|87\/100|[from] item: Life Orb\n|-zpower|p2a: Dewgong\n|move|p2a: Dewgong|Subzero Slammer|p1a: Tolge|[zeffect]\n|-resisted|p1a: Tolge\n|-damage|p1a: Tolge|57\/100\n|\n|upkeep\n|turn|17\n|\n|t:|1700603925\n|move|p1a: Tolge|Belly Drum|p1a: Tolge\n|-damage|p1a: Tolge|7\/100\n|-setboost|p1a: Tolge|atk|6|[from] move: Belly Drum\n|move|p2a: Dewgong|Aqua Ring|p2a: Dewgong\n|-start|p2a: Dewgong|Aqua Ring\n|\n|-heal|p2a: Dewgong|85\/100|[from] Aqua Ring\n|upkeep\n|turn|18\n|\n|t:|1700603951\n|move|p1a: Tolge|Aqua Jet|p2a: Dewgong\n|-resisted|p2a: Dewgong\n|-damage|p2a: Dewgong|29\/100\n|-damage|p1a: Tolge|0 fnt|[from] item: Life Orb\n|faint|p1a: Tolge\n|move|p2a: Dewgong|Aqua Jet|p1: Tolge|[notarget]\n|-fail|p2a: Dewgong\n|\n|-heal|p2a: Dewgong|36\/100|[from] Aqua Ring\n|upkeep\n|\n|t:|1700603961\n|switch|p1a: Cecedit|Houndstone, M|100\/100\n|turn|19\n|\n|t:|1700603976\n|move|p1a: Cecedit|Poltergeist|p2a: Dewgong\n|-activate|p2a: Dewgong|move: Poltergeist|Icium Z\n|-damage|p2a: Dewgong|0 fnt\n|faint|p2a: Dewgong\n|\n|upkeep\n|\n|t:|1700603986\n|switch|p2a: Skeledirge|Skeledirge, F|100\/100\n|turn|20\n|\n|t:|1700603998\n|-terastallize|p2a: Skeledirge|Fire\n|move|p1a: Cecedit|Crunch|p2a: Skeledirge\n|-damage|p2a: Skeledirge|81\/100\n|move|p2a: Skeledirge|Fire Blast|p1a: Cecedit\n|-damage|p1a: Cecedit|0 fnt\n|faint|p1a: Cecedit\n|\n|upkeep\n|\n|t:|1700604007\n|switch|p1a: Gromm|Sigilyph, F, shiny|100\/100\n|turn|21\n|\n|t:|1700604015\n|move|p1a: Gromm|Signal Beam|p2a: Skeledirge\n|-resisted|p2a: Skeledirge\n|-damage|p2a: Skeledirge|39\/100\n|move|p2a: Skeledirge|Tera Blast|p1a: Gromm|[anim] Tera Blast Fire\n|-damage|p1a: Gromm|27\/100\n|\n|upkeep\n|turn|22\n|\n|t:|1700604023\n|move|p1a: Gromm|Signal Beam|p2a: Skeledirge\n|-resisted|p2a: Skeledirge\n|-damage|p2a: Skeledirge|0 fnt\n|faint|p2a: Skeledirge\n|\n|win|tusuke\n|l|\u2606tusuke\n","uploadtime":1700604053,"views":0,"p1id":"tusuke","p2id":"moonwatcher20","formatid":"gen9nationaldex","rating":0,"private":0,"password":""}