{"id":"gen9nationaldex-1993865314","p1":"drool pool","p2":"kensei4k","format":"[Gen 9] National Dex","log":"|j|\u2606drool pool\n|j|\u2606kensei4k\n|t:|1700367151\n|gametype|singles\n|player|p1|drool pool|swimmer-gen4dp|1087\n|player|p2|kensei4k|zinnia|1040\n|teamsize|p1|6\n|teamsize|p2|6\n|gen|9\n|tier|[Gen 9] National Dex\n|rated|\n|rule|HP Percentage Mod: HP is shown in percentages\n|rule|Endless Battle Clause: Forcing endless battles is banned\n|rule|OHKO Clause: OHKO moves are banned\n|rule|Evasion Clause: Evasion abilities, items, and moves are banned\n|rule|Evasion Abilities Clause: Evasion abilities are banned\n|rule|Evasion Items Clause: Evasion items are banned\n|rule|Evasion Moves Clause: Evasion moves are banned\n|rule|Species Clause: Limit one of each Pok\u00e9mon\n|rule|Sleep Clause Mod: Limit one foe put to sleep\n|clearpoke\n|poke|p1|Nidoking, M|\n|poke|p1|Beedrill, F|\n|poke|p1|Feraligatr, M|\n|poke|p1|Meowscarada, F|\n|poke|p1|Jolteon, F|\n|poke|p1|Sneasler, F|\n|poke|p2|Aggron, F|\n|poke|p2|Alomomola, M|\n|poke|p2|Rillaboom, M|\n|poke|p2|Heatran, F|\n|poke|p2|Garchomp, F|\n|poke|p2|Ogerpon-Wellspring, F|\n|teampreview\n|\n|t:|1700367170\n|start\n|switch|p1a: Sneasler|Sneasler, F|100\/100\n|switch|p2a: King Geedorah|Garchomp, F, shiny|100\/100\n|turn|1\n|\n|t:|1700367178\n|move|p1a: Sneasler|Swords Dance|p1a: Sneasler\n|-boost|p1a: Sneasler|atk|2\n|move|p2a: King Geedorah|Stealth Rock|p1a: Sneasler\n|-sidestart|p1: drool pool|move: Stealth Rock\n|\n|upkeep\n|turn|2\n|\n|t:|1700367184\n|move|p1a: Sneasler|Close Combat|p2a: King Geedorah\n|-damage|p2a: King Geedorah|9\/100\n|-unboost|p1a: Sneasler|def|1\n|-unboost|p1a: Sneasler|spd|1\n|-damage|p1a: Sneasler|88\/100|[from] ability: Rough Skin|[of] p2a: King Geedorah\n|-damage|p1a: Sneasler|72\/100|[from] item: Rocky Helmet|[of] p2a: King Geedorah\n|-status|p2a: King Geedorah|psn|[from] ability: Poison Touch|[of] p1a: Sneasler\n|move|p2a: King Geedorah|Earthquake|p1a: Sneasler\n|-supereffective|p1a: Sneasler\n|-damage|p1a: Sneasler|0 fnt\n|faint|p1a: Sneasler\n|\n|-damage|p2a: King Geedorah|0 fnt|[from] psn\n|faint|p2a: King Geedorah\n|upkeep\n|\n|t:|1700367218\n|switch|p1a: Nidoking|Nidoking, M|100\/100\n|switch|p2a: Metal Face|Aggron, F|100\/100\n|-damage|p1a: Nidoking|95\/100|[from] Stealth Rock\n|turn|3\n|\n|t:|1700367235\n|switch|p2a: Villain|Rillaboom, M, shiny|100\/100\n|-fieldstart|move: Grassy Terrain|[from] ability: Grassy Surge|[of] p2a: Villain\n|move|p1a: Nidoking|Ice Punch|p2a: Villain\n|-supereffective|p2a: Villain\n|-damage|p2a: Villain|8\/100\n|\n|-heal|p1a: Nidoking|100\/100|[from] Grassy Terrain\n|-heal|p2a: Villain|14\/100|[from] Grassy Terrain\n|upkeep\n|turn|4\n|\n|t:|1700367266\n|switch|p2a: Viktor Vaughn|Heatran, F|100\/100\n|-terastallize|p1a: Nidoking|Poison\n|move|p1a: Nidoking|Poison Jab|p2a: Viktor Vaughn\n|-immune|p2a: Viktor Vaughn\n|\n|upkeep\n|turn|5\n|\n|t:|1700367279\n|-zpower|p2a: Viktor Vaughn\n|move|p2a: Viktor Vaughn|Bloom Doom|p1a: Nidoking|[zeffect]\n|-resisted|p1a: Nidoking\n|-damage|p1a: Nidoking|36\/100\n|move|p1a: Nidoking|Fire Punch|p2a: Viktor Vaughn\n|-start|p2a: Viktor Vaughn|ability: Flash Fire\n|\n|-heal|p1a: Nidoking|42\/100|[from] Grassy Terrain\n|upkeep\n|turn|6\n|\n|t:|1700367299\n|switch|p1a: Feraligatr|Feraligatr, M|100\/100\n|-damage|p1a: Feraligatr|88\/100|[from] Stealth Rock\n|move|p2a: Viktor Vaughn|Earth Power|p1a: Feraligatr\n|-damage|p1a: Feraligatr|46\/100\n|\n|-heal|p1a: Feraligatr|52\/100|[from] Grassy Terrain\n|upkeep\n|turn|7\n|\n|t:|1700367310\n|move|p2a: Viktor Vaughn|Magma Storm|p1a: Feraligatr\n|-resisted|p1a: Feraligatr\n|-damage|p1a: Feraligatr|0 fnt\n|faint|p1a: Feraligatr\n|\n|-fieldend|move: Grassy Terrain\n|upkeep\n|\n|t:|1700367330\n|switch|p1a: Beedrill|Beedrill, F|100\/100\n|-damage|p1a: Beedrill|76\/100|[from] Stealth Rock\n|turn|8\n|\n|t:|1700367341\n|-end|p2a: Viktor Vaughn|ability: Flash Fire|[silent]\n|switch|p2a: Villain|Rillaboom, M, shiny|14\/100\n|-fieldstart|move: Grassy Terrain|[from] ability: Grassy Surge|[of] p2a: Villain\n|detailschange|p1a: Beedrill|Beedrill-Mega, F\n|-mega|p1a: Beedrill|Beedrill|Beedrillite\n|move|p1a: Beedrill|Drill Run|p2a: Villain\n|-resisted|p2a: Villain\n|-damage|p2a: Villain|0 fnt\n|faint|p2a: Villain\n|\n|-heal|p1a: Beedrill|82\/100|[from] Grassy Terrain\n|upkeep\n|\n|t:|1700367355\n|switch|p2a: Metal Face|Aggron, F|100\/100\n|turn|9\n|\n|t:|1700367360\n|detailschange|p2a: Metal Face|Aggron-Mega, F\n|-mega|p2a: Metal Face|Aggron|Aggronite\n|move|p1a: Beedrill|Drill Run|p2a: Metal Face\n|-supereffective|p2a: Metal Face\n|-damage|p2a: Metal Face|80\/100\n|move|p2a: Metal Face|Curse|p2a: Metal Face\n|-unboost|p2a: Metal Face|spe|1\n|-boost|p2a: Metal Face|atk|1\n|-boost|p2a: Metal Face|def|1\n|\n|-heal|p1a: Beedrill|88\/100|[from] Grassy Terrain\n|-heal|p2a: Metal Face|86\/100|[from] Grassy Terrain\n|upkeep\n|turn|10\n|\n|t:|1700367374\n|move|p1a: Beedrill|Drill Run|p2a: Metal Face|[miss]\n|-miss|p1a: Beedrill|p2a: Metal Face\n|move|p2a: Metal Face|Fire Punch|p1a: Beedrill\n|-supereffective|p1a: Beedrill\n|-damage|p1a: Beedrill|0 fnt\n|faint|p1a: Beedrill\n|\n|-heal|p2a: Metal Face|92\/100|[from] Grassy Terrain\n|upkeep\n|\n|t:|1700367384\n|switch|p1a: Nidoking|Nidoking, M, tera:Poison|42\/100\n|-damage|p1a: Nidoking|30\/100|[from] Stealth Rock\n|turn|11\n|\n|t:|1700367397\n|move|p1a: Nidoking|Fire Punch|p2a: Metal Face\n|-supereffective|p2a: Metal Face\n|-damage|p2a: Metal Face|73\/100\n|move|p2a: Metal Face|Heavy Slam|p1a: Nidoking\n|-damage|p1a: Nidoking|0 fnt\n|faint|p1a: Nidoking\n|\n|-heal|p2a: Metal Face|79\/100|[from] Grassy Terrain\n|upkeep\n|c|\u2606drool pool|gg\n|c|\u2606kensei4k|gg\n|-message|drool pool forfeited.\n|\n|win|kensei4k\n|raw|drool pool's rating: 1087 &rarr; <strong>1061<\/strong><br \/>(-26 for losing)\n|raw|kensei4k's rating: 1040 &rarr; <strong>1079<\/strong><br \/>(+39 for winning)\n|l|\u2606drool pool\n","uploadtime":1700367417,"views":11,"p1id":"droolpool","p2id":"kensei4k","formatid":"gen9nationaldex","rating":1061,"private":0,"password":""}