{"id":"gen9nationaldex-1994037514","p1":"Tank Tests","p2":"aceeeeer","format":"[Gen 9] National Dex","log":"|j|\u2606Tank Tests\n|j|\u2606aceeeeer\n|t:|1700397869\n|gametype|singles\n|player|p1|Tank Tests|101|1227\n|player|p2|aceeeeer|rocketgrunt|1311\n|teamsize|p1|6\n|teamsize|p2|6\n|gen|9\n|tier|[Gen 9] National Dex\n|rated|\n|rule|HP Percentage Mod: HP is shown in percentages\n|rule|Endless Battle Clause: Forcing endless battles is banned\n|rule|OHKO Clause: OHKO moves are banned\n|rule|Evasion Clause: Evasion abilities, items, and moves are banned\n|rule|Evasion Abilities Clause: Evasion abilities are banned\n|rule|Evasion Items Clause: Evasion items are banned\n|rule|Evasion Moves Clause: Evasion moves are banned\n|rule|Species Clause: Limit one of each Pok\u00e9mon\n|rule|Sleep Clause Mod: Limit one foe put to sleep\n|clearpoke\n|poke|p1|Pawmot, F|\n|poke|p1|Rabsca, M|\n|poke|p1|Banette, M|\n|poke|p1|Victini|\n|poke|p1|Dragonite, M|\n|poke|p1|Forretress, F|\n|poke|p2|Toxapex, M|\n|poke|p2|Dondozo, F|\n|poke|p2|Gliscor, M|\n|poke|p2|Venusaur, F|\n|poke|p2|Blissey, F|\n|poke|p2|Mew|\n|teampreview\n|\n|t:|1700397890\n|start\n|switch|p1a: Banette|Banette, M|100\/100\n|switch|p2a: Gliscor|Gliscor, M|100\/100\n|turn|1\n|\n|t:|1700397898\n|detailschange|p1a: Banette|Banette-Mega, M\n|-mega|p1a: Banette|Banette|Banettite\n|move|p1a: Banette|Taunt|p2a: Gliscor\n|-start|p2a: Gliscor|move: Taunt\n|cant|p2a: Gliscor|move: Taunt|Stealth Rock\n|\n|-status|p2a: Gliscor|tox|[from] item: Toxic Orb\n|upkeep\n|turn|2\n|\n|t:|1700397908\n|move|p1a: Banette|Poltergeist|p2a: Gliscor\n|-activate|p2a: Gliscor|move: Poltergeist|Toxic Orb\n|-damage|p2a: Gliscor|41\/100 tox\n|move|p2a: Gliscor|Knock Off|p1a: Banette\n|-supereffective|p1a: Banette\n|-damage|p1a: Banette|37\/100\n|\n|-heal|p2a: Gliscor|54\/100 tox|[from] ability: Poison Heal\n|upkeep\n|turn|3\n|\n|t:|1700397918\n|switch|p2a: Blissey|Blissey, F|100\/100\n|move|p1a: Banette|Taunt|p2a: Blissey\n|-start|p2a: Blissey|move: Taunt\n|\n|upkeep\n|turn|4\n|\n|t:|1700397925\n|switch|p1a: Dragonite|Dragonite, M|100\/100\n|switch|p2a: Gliscor|Gliscor, M|54\/100 tox\n|\n|-heal|p2a: Gliscor|66\/100 tox|[from] ability: Poison Heal\n|upkeep\n|turn|5\n|\n|t:|1700397934\n|move|p1a: Dragonite|Dragon Dance|p1a: Dragonite\n|-boost|p1a: Dragonite|atk|1\n|-boost|p1a: Dragonite|spe|1\n|move|p2a: Gliscor|Knock Off|p1a: Dragonite\n|-damage|p1a: Dragonite|88\/100\n|-enditem|p1a: Dragonite|Weakness Policy|[from] move: Knock Off|[of] p2a: Gliscor\n|\n|-heal|p2a: Gliscor|79\/100 tox|[from] ability: Poison Heal\n|upkeep\n|turn|6\n|\n|t:|1700397944\n|switch|p2a: What happened?|Dondozo, F, shiny|100\/100\n|move|p1a: Dragonite|Dragon Dance|p1a: Dragonite\n|-boost|p1a: Dragonite|atk|1\n|-boost|p1a: Dragonite|spe|1\n|\n|upkeep\n|turn|7\n|\n|t:|1700397951\n|switch|p1a: Banette|Banette-Mega, M|37\/100\n|move|p2a: What happened?|Liquidation|p1a: Banette\n|-damage|p1a: Banette|0 fnt\n|faint|p1a: Banette\n|\n|upkeep\n|\n|t:|1700397957\n|switch|p1a: Victini|Victini|100\/100\n|turn|8\n|\n|t:|1700397961\n|switch|p2a: Gliscor|Gliscor, M|79\/100 tox\n|move|p1a: Victini|Final Gambit|p2a: Gliscor\n|-damage|p2a: Gliscor|0 fnt\n|faint|p1a: Victini\n|faint|p2a: Gliscor\n|\n|upkeep\n|\n|t:|1700397972\n|switch|p1a: Rabsca|Rabsca, M|100\/100\n|switch|p2a: Mew|Mew|100\/100\n|turn|9\n|\n|t:|1700397978\n|move|p2a: Mew|Cosmic Power|p2a: Mew\n|-boost|p2a: Mew|def|1\n|-boost|p2a: Mew|spd|1\n|move|p1a: Rabsca|Revival Blessing|p1a: Rabsca\n|-enditem|p1a: Rabsca|Leppa Berry|[eat]\n|-activate|p1a: Rabsca|item: Leppa Berry|Revival Blessing|[consumed]\n|\n|t:|1700397981\n|-heal|p1: Banette|50\/100|[from] move: Revival Blessing\n|\n|upkeep\n|turn|10\n|\n|t:|1700397987\n|move|p2a: Mew|Cosmic Power|p2a: Mew\n|-boost|p2a: Mew|def|1\n|-boost|p2a: Mew|spd|1\n|move|p1a: Rabsca|Revival Blessing|p1a: Rabsca\n|\n|t:|1700397989\n|-heal|p1: Victini|50\/100|[from] move: Revival Blessing\n|\n|upkeep\n|turn|11\n|\n|t:|1700397995\n|move|p2a: Mew|Cosmic Power|p2a: Mew\n|-boost|p2a: Mew|def|1\n|-boost|p2a: Mew|spd|1\n|move|p1a: Rabsca|Memento|p2a: Mew\n|-unboost|p2a: Mew|atk|2\n|-unboost|p2a: Mew|spa|2\n|faint|p1a: Rabsca\n|\n|upkeep\n|\n|t:|1700397997\n|switch|p1a: Banette|Banette-Mega, M|50\/100\n|turn|12\n|\n|t:|1700398006\n|move|p1a: Banette|Encore|p2a: Mew\n|-start|p2a: Mew|Encore\n|move|p2a: Mew|Cosmic Power|p2a: Mew\n|-boost|p2a: Mew|def|1\n|-boost|p2a: Mew|spd|1\n|\n|upkeep\n|turn|13\n|\n|t:|1700398014\n|switch|p2a: Blissey|Blissey, F|100\/100\n|move|p1a: Banette|Taunt|p2a: Blissey\n|-start|p2a: Blissey|move: Taunt\n|\n|upkeep\n|turn|14\n|\n|t:|1700398023\n|switch|p2a: Venusaur|Venusaur, F|100\/100\n|move|p1a: Banette|Poltergeist|p2a: Venusaur\n|-activate|p2a: Venusaur|move: Poltergeist|Venusaurite\n|-damage|p2a: Venusaur|22\/100\n|\n|upkeep\n|turn|15\n|\n|t:|1700398032\n|switch|p2a: Blissey|Blissey, F|100\/100\n|move|p1a: Banette|Destiny Bond|p1a: Banette\n|-singlemove|p1a: Banette|Destiny Bond\n|\n|upkeep\n|turn|16\n|\n|t:|1700398041\n|move|p1a: Banette|Taunt|p2a: Blissey\n|-start|p2a: Blissey|move: Taunt\n|cant|p2a: Blissey|move: Taunt|Toxic\n|\n|upkeep\n|turn|17\n|\n|t:|1700398046\n|switch|p1a: Forretress|Forretress, F|100\/100\n|switch|p2a: Hit consumer|Toxapex, M, shiny|100\/100\n|\n|upkeep\n|turn|18\n|\n|t:|1700398054\n|switch|p2a: Venusaur|Venusaur, F|22\/100\n|move|p1a: Forretress|Stealth Rock|p2a: Venusaur\n|-sidestart|p2: aceeeeer|move: Stealth Rock\n|\n|upkeep\n|turn|19\n|\n|t:|1700398061\n|move|p2a: Venusaur|Synthesis|p2a: Venusaur\n|-heal|p2a: Venusaur|72\/100\n|move|p1a: Forretress|Thunder Wave|p2a: Venusaur\n|-status|p2a: Venusaur|par\n|\n|upkeep\n|turn|20\n|\n|t:|1700398068\n|detailschange|p2a: Venusaur|Venusaur-Mega, F\n|-mega|p2a: Venusaur|Venusaur|Venusaurite\n|move|p1a: Forretress|Explosion|p2a: Venusaur\n|-damage|p2a: Venusaur|33\/100 par\n|faint|p1a: Forretress\n|cant|p2a: Venusaur|par\n|\n|upkeep\n|\n|t:|1700398075\n|switch|p1a: Banette|Banette-Mega, M|50\/100\n|turn|21\n|\n|t:|1700398079\n|move|p1a: Banette|Poltergeist|p2a: Venusaur\n|-activate|p2a: Venusaur|move: Poltergeist|Venusaurite\n|-damage|p2a: Venusaur|0 fnt\n|faint|p2a: Venusaur\n|\n|upkeep\n|\n|t:|1700398086\n|switch|p2a: What happened?|Dondozo, F, shiny|100\/100\n|-damage|p2a: What happened?|88\/100|[from] Stealth Rock\n|turn|22\n|\n|t:|1700398092\n|move|p1a: Banette|Destiny Bond|p1a: Banette\n|-singlemove|p1a: Banette|Destiny Bond\n|move|p2a: What happened?|Liquidation|p1a: Banette\n|-damage|p1a: Banette|0 fnt\n|faint|p1a: Banette\n|-activate|p1a: Banette|move: Destiny Bond\n|faint|p2a: What happened?\n|\n|upkeep\n|\n|t:|1700398102\n|switch|p1a: Pawmot|Pawmot, F|100\/100\n|switch|p2a: Mew|Mew|100\/100\n|-damage|p2a: Mew|88\/100|[from] Stealth Rock\n|turn|23\n|\n|t:|1700398110\n|move|p1a: Pawmot|Thunder Wave|p2a: Mew\n|-status|p2a: Mew|par\n|-activate|p2a: Mew|ability: Synchronize\n|-immune|p1a: Pawmot\n|move|p2a: Mew|Cosmic Power|p2a: Mew\n|-boost|p2a: Mew|def|1\n|-boost|p2a: Mew|spd|1\n|\n|upkeep\n|turn|24\n|\n|t:|1700398121\n|move|p1a: Pawmot|Revival Blessing|p1a: Pawmot\n|-enditem|p1a: Pawmot|Leppa Berry|[eat]\n|-activate|p1a: Pawmot|item: Leppa Berry|Revival Blessing|[consumed]\n|\n|t:|1700398124\n|-heal|p1: Banette|50\/100|[from] move: Revival Blessing\n|move|p2a: Mew|Cosmic Power|p2a: Mew\n|-boost|p2a: Mew|def|1\n|-boost|p2a: Mew|spd|1\n|\n|upkeep\n|turn|25\n|\n|t:|1700398132\n|switch|p1a: Victini|Victini|50\/100\n|move|p2a: Mew|Stored Power|p1a: Victini\n|-resisted|p1a: Victini\n|-damage|p1a: Victini|33\/100\n|\n|upkeep\n|turn|26\n|\n|t:|1700398141\n|move|p1a: Victini|V-create|p2a: Mew\n|-damage|p2a: Mew|56\/100 par\n|-unboost|p1a: Victini|spe|1\n|-unboost|p1a: Victini|def|1\n|-unboost|p1a: Victini|spd|1\n|move|p2a: Mew|Cosmic Power|p2a: Mew\n|-boost|p2a: Mew|def|1\n|-boost|p2a: Mew|spd|1\n|\n|upkeep\n|turn|27\n|\n|t:|1700398151\n|move|p1a: Victini|V-create|p2a: Mew\n|-damage|p2a: Mew|33\/100 par\n|-unboost|p1a: Victini|spe|1\n|-unboost|p1a: Victini|def|1\n|-unboost|p1a: Victini|spd|1\n|move|p2a: Mew|Stored Power|p1a: Victini\n|-resisted|p1a: Victini\n|-damage|p1a: Victini|0 fnt\n|faint|p1a: Victini\n|\n|upkeep\n|\n|t:|1700398156\n|switch|p1a: Banette|Banette-Mega, M|50\/100\n|turn|28\n|\n|t:|1700398164\n|move|p1a: Banette|Poltergeist|p2a: Mew\n|-activate|p2a: Mew|move: Poltergeist|Weakness Policy\n|-supereffective|p2a: Mew\n|-damage|p2a: Mew|0 fnt\n|faint|p2a: Mew\n|\n|upkeep\n|\n|t:|1700398171\n|switch|p2a: Hit consumer|Toxapex, M, shiny|100\/100\n|-damage|p2a: Hit consumer|88\/100|[from] Stealth Rock\n|turn|29\n|\n|t:|1700398176\n|move|p1a: Banette|Taunt|p2a: Hit consumer\n|-start|p2a: Hit consumer|move: Taunt\n|move|p2a: Hit consumer|Scald|p1a: Banette\n|-damage|p1a: Banette|10\/100\n|\n|upkeep\n|turn|30\n|\n|t:|1700398185\n|switch|p2a: Blissey|Blissey, F|100\/100\n|-damage|p2a: Blissey|88\/100|[from] Stealth Rock\n|move|p1a: Banette|Destiny Bond|p1a: Banette\n|-singlemove|p1a: Banette|Destiny Bond\n|\n|-heal|p2a: Blissey|94\/100|[from] item: Leftovers\n|upkeep\n|turn|31\n|\n|t:|1700398196\n|switch|p2a: Hit consumer|Toxapex, M, shiny|100\/100\n|-damage|p2a: Hit consumer|88\/100|[from] Stealth Rock\n|move|p1a: Banette|Taunt|p2a: Hit consumer\n|-start|p2a: Hit consumer|move: Taunt\n|\n|upkeep\n|turn|32\n|\n|t:|1700398204\n|switch|p1a: Dragonite|Dragonite, M|88\/100\n|move|p2a: Hit consumer|Scald|p1a: Dragonite\n|-resisted|p1a: Dragonite\n|-damage|p1a: Dragonite|79\/100\n|-status|p1a: Dragonite|brn\n|\n|-damage|p1a: Dragonite|73\/100 brn|[from] brn\n|upkeep\n|turn|33\n|\n|t:|1700398214\n|move|p1a: Dragonite|Dragon Dance|p1a: Dragonite\n|-boost|p1a: Dragonite|atk|1\n|-boost|p1a: Dragonite|spe|1\n|move|p2a: Hit consumer|Scald|p1a: Dragonite\n|-resisted|p1a: Dragonite\n|-damage|p1a: Dragonite|64\/100 brn\n|\n|-damage|p1a: Dragonite|57\/100 brn|[from] brn\n|-end|p2a: Hit consumer|move: Taunt\n|upkeep\n|turn|34\n|\n|t:|1700398226\n|-terastallize|p2a: Hit consumer|Flying\n|move|p1a: Dragonite|Dragon Dance|p1a: Dragonite\n|-boost|p1a: Dragonite|atk|1\n|-boost|p1a: Dragonite|spe|1\n|move|p2a: Hit consumer|Toxic Spikes|p1a: Dragonite\n|-sidestart|p1: Tank Tests|move: Toxic Spikes\n|\n|-damage|p1a: Dragonite|51\/100 brn|[from] brn\n|upkeep\n|turn|35\n|\n|t:|1700398236\n|move|p1a: Dragonite|Dragon Dance|p1a: Dragonite\n|-boost|p1a: Dragonite|atk|1\n|-boost|p1a: Dragonite|spe|1\n|move|p2a: Hit consumer|Toxic Spikes|p1a: Dragonite\n|-sidestart|p1: Tank Tests|move: Toxic Spikes\n|\n|-damage|p1a: Dragonite|45\/100 brn|[from] brn\n|upkeep\n|turn|36\n|\n|t:|1700398245\n|move|p1a: Dragonite|Dragon Claw|p2a: Hit consumer\n|-damage|p2a: Hit consumer|36\/100\n|-damage|p1a: Dragonite|29\/100 brn|[from] item: Rocky Helmet|[of] p2a: Hit consumer\n|move|p2a: Hit consumer|Recover|p2a: Hit consumer\n|-heal|p2a: Hit consumer|86\/100\n|\n|-damage|p1a: Dragonite|22\/100 brn|[from] brn\n|upkeep\n|turn|37\n|\n|t:|1700398255\n|move|p1a: Dragonite|Dragon Dance|p1a: Dragonite\n|-boost|p1a: Dragonite|atk|1\n|-boost|p1a: Dragonite|spe|1\n|move|p2a: Hit consumer|Recover|p2a: Hit consumer\n|-heal|p2a: Hit consumer|100\/100\n|\n|-damage|p1a: Dragonite|16\/100 brn|[from] brn\n|upkeep\n|turn|38\n|\n|t:|1700398265\n|move|p2a: Hit consumer|Baneful Bunker|p2a: Hit consumer\n|-singleturn|p2a: Hit consumer|move: Protect\n|move|p1a: Dragonite|Dragon Claw|p2a: Hit consumer\n|-activate|p2a: Hit consumer|move: Protect\n|\n|-damage|p1a: Dragonite|10\/100 brn|[from] brn\n|upkeep\n|turn|39\n|\n|t:|1700398274\n|move|p1a: Dragonite|Dragon Claw|p2a: Hit consumer\n|-damage|p2a: Hit consumer|43\/100\n|-damage|p1a: Dragonite|0 fnt|[from] item: Rocky Helmet|[of] p2a: Hit consumer\n|faint|p1a: Dragonite\n|move|p2a: Hit consumer|Recover|p2a: Hit consumer\n|-heal|p2a: Hit consumer|93\/100\n|\n|upkeep\n|\n|t:|1700398279\n|switch|p1a: Pawmot|Pawmot, F|100\/100\n|-status|p1a: Pawmot|tox\n|turn|40\n|\n|t:|1700398288\n|move|p1a: Pawmot|Revival Blessing|p1a: Pawmot\n|\n|t:|1700398292\n|-heal|p1: Dragonite|50\/100|[from] move: Revival Blessing\n|move|p2a: Hit consumer|Scald|p1a: Pawmot\n|-damage|p1a: Pawmot|71\/100 tox\n|\n|-damage|p1a: Pawmot|65\/100 tox|[from] psn\n|upkeep\n|turn|41\n|\n|t:|1700398301\n|move|p2a: Hit consumer|Baneful Bunker|p2a: Hit consumer\n|-singleturn|p2a: Hit consumer|move: Protect\n|move|p1a: Pawmot|Double Shock|p2a: Hit consumer\n|-activate|p2a: Hit consumer|move: Protect\n|\n|-damage|p1a: Pawmot|53\/100 tox|[from] psn\n|upkeep\n|turn|42\n|\n|t:|1700398310\n|move|p1a: Pawmot|Double Shock|p2a: Hit consumer\n|-supereffective|p2a: Hit consumer\n|-damage|p2a: Hit consumer|0 fnt\n|-start|p1a: Pawmot|typechange|???\/Fighting|[from] move: Double Shock\n|-damage|p1a: Pawmot|37\/100 tox|[from] item: Rocky Helmet|[of] p2a: Hit consumer\n|faint|p2a: Hit consumer\n|\n|-damage|p1a: Pawmot|19\/100 tox|[from] psn\n|upkeep\n|\n|t:|1700398320\n|switch|p2a: Blissey|Blissey, F|94\/100\n|-damage|p2a: Blissey|82\/100|[from] Stealth Rock\n|turn|43\n|\n|t:|1700398324\n|move|p1a: Pawmot|Close Combat|p2a: Blissey\n|-supereffective|p2a: Blissey\n|-damage|p2a: Blissey|0 fnt\n|-unboost|p1a: Pawmot|def|1\n|-unboost|p1a: Pawmot|spd|1\n|faint|p2a: Blissey\n|\n|win|Tank Tests\n|raw|Tank Tests's rating: 1227 &rarr; <strong>1258<\/strong><br \/>(+31 for winning)\n|raw|aceeeeer's rating: 1311 &rarr; <strong>1286<\/strong><br \/>(-25 for losing)\n|c|\u2606Tank Tests|gg\n|l|\u2606aceeeeer\n","uploadtime":1700398336,"views":27,"p1id":"tanktests","p2id":"aceeeeer","formatid":"gen9nationaldex","rating":1258,"private":0,"password":""}