{"id":"gen9nationaldex-1992957402","p1":"kanotation","p2":"Codradin","format":"[Gen 9] National Dex","log":"|j|\u2606kanotation\n|j|\u2606Codradin\n|t:|1700250220\n|gametype|singles\n|player|p1|kanotation|may|\n|player|p2|Codradin|lucy|\n|teamsize|p1|6\n|teamsize|p2|6\n|gen|9\n|tier|[Gen 9] National Dex\n|rule|HP Percentage Mod: HP is shown in percentages\n|rule|Endless Battle Clause: Forcing endless battles is banned\n|rule|OHKO Clause: OHKO moves are banned\n|rule|Evasion Clause: Evasion abilities, items, and moves are banned\n|rule|Evasion Abilities Clause: Evasion abilities are banned\n|rule|Evasion Items Clause: Evasion items are banned\n|rule|Evasion Moves Clause: Evasion moves are banned\n|rule|Species Clause: Limit one of each Pok\u00e9mon\n|rule|Sleep Clause Mod: Limit one foe put to sleep\n|clearpoke\n|poke|p1|Blaziken, F|\n|poke|p1|Walrein, M|\n|poke|p1|Aggron, M|\n|poke|p1|Breloom, F|\n|poke|p1|Manectric, M|\n|poke|p1|Pelipper, M|\n|poke|p2|Charizard, F|\n|poke|p2|Zapdos|\n|poke|p2|Nidoking, M|\n|poke|p2|Vileplume, M|\n|poke|p2|Arcanine-Hisui, F|\n|poke|p2|Lapras, F|\n|teampreview\n|\n|t:|1700250223\n|start\n|switch|p1a: Pelipper|Pelipper, M|100\/100\n|switch|p2a: Royal|Nidoking, M|100\/100\n|-weather|RainDance|[from] ability: Drizzle|[of] p1a: Pelipper\n|turn|1\n|\n|t:|1700250237\n|switch|p2a: Static|Zapdos|100\/100\n|move|p1a: Pelipper|Tailwind|p1a: Pelipper\n|-sidestart|p1: kanotation|move: Tailwind\n|\n|-weather|RainDance|[upkeep]\n|upkeep\n|turn|2\n|\n|t:|1700250262\n|move|p2a: Static|Thunder|p1a: Pelipper\n|-supereffective|p1a: Pelipper\n|-damage|p1a: Pelipper|0 fnt\n|faint|p1a: Pelipper\n|\n|-weather|RainDance|[upkeep]\n|upkeep\n|\n|t:|1700250271\n|switch|p1a: Manectric|Manectric, M|100\/100\n|turn|3\n|\n|t:|1700250276\n|detailschange|p1a: Manectric|Manectric-Mega, M\n|-mega|p1a: Manectric|Manectric|Manectite\n|-ability|p1a: Manectric|Intimidate|boost\n|-unboost|p2a: Static|atk|1\n|move|p1a: Manectric|Thunderbolt|p2a: Static\n|-damage|p2a: Static|45\/100\n|move|p2a: Static|Thunder|p1a: Manectric\n|-resisted|p1a: Manectric\n|-damage|p1a: Manectric|63\/100\n|\n|-weather|RainDance|[upkeep]\n|upkeep\n|turn|4\n|\n|t:|1700250286\n|switch|p2a: Royal|Nidoking, M|100\/100\n|move|p1a: Manectric|Hyper Voice|p2a: Royal\n|-damage|p2a: Royal|57\/100\n|\n|-weather|RainDance|[upkeep]\n|-sideend|p1: kanotation|move: Tailwind\n|upkeep\n|turn|5\n|\n|t:|1700250298\n|switch|p1a: Walrein|Walrein, M|100\/100\n|move|p2a: Royal|Earth Power|p1a: Walrein\n|-damage|p1a: Walrein|65\/100\n|\n|-weather|RainDance|[upkeep]\n|-heal|p1a: Walrein|71\/100|[from] item: Leftovers\n|upkeep\n|turn|6\n|\n|t:|1700250311\n|-terastallize|p2a: Royal|Poison\n|move|p2a: Royal|Sludge Wave|p1a: Walrein\n|-damage|p1a: Walrein|22\/100\n|move|p1a: Walrein|Ice Beam|p2a: Royal\n|-damage|p2a: Royal|13\/100\n|\n|-weather|RainDance|[upkeep]\n|-heal|p1a: Walrein|29\/100|[from] item: Leftovers\n|upkeep\n|turn|7\n|\n|t:|1700250319\n|move|p2a: Royal|Sludge Wave|p1a: Walrein\n|-damage|p1a: Walrein|0 fnt\n|faint|p1a: Walrein\n|\n|-weather|RainDance|[upkeep]\n|upkeep\n|\n|t:|1700250325\n|switch|p1a: Manectric|Manectric-Mega, M|63\/100\n|-ability|p1a: Manectric|Intimidate|boost\n|-unboost|p2a: Royal|atk|1\n|turn|8\n|\n|t:|1700250330\n|move|p1a: Manectric|Thunderbolt|p2a: Royal\n|-damage|p2a: Royal|0 fnt\n|faint|p2a: Royal\n|\n|-weather|none\n|upkeep\n|\n|t:|1700250344\n|switch|p2a: Venge|Arcanine-Hisui, F|100\/100\n|turn|9\n|\n|t:|1700250355\n|move|p1a: Manectric|Volt Switch|p2a: Venge\n|-damage|p2a: Venge|51\/100\n|\n|t:|1700250359\n|switch|p1a: Aggron|Aggron, M|100\/100|[from] Volt Switch\n|move|p2a: Venge|Flare Blitz|p1a: Aggron\n|-damage|p1a: Aggron|48\/100\n|\n|upkeep\n|turn|10\n|\n|t:|1700250366\n|move|p2a: Venge|Flare Blitz|p1a: Aggron\n|-damage|p1a: Aggron|0 fnt\n|faint|p1a: Aggron\n|\n|upkeep\n|\n|t:|1700250369\n|switch|p1a: Breloom|Breloom, F|100\/100\n|turn|11\n|\n|t:|1700250374\n|move|p1a: Breloom|Mach Punch|p2a: Venge\n|-supereffective|p2a: Venge\n|-damage|p2a: Venge|0 fnt\n|faint|p2a: Venge\n|\n|upkeep\n|\n|t:|1700250380\n|switch|p2a: Snowstorm|Lapras, F|100\/100\n|turn|12\n|\n|t:|1700250387\n|move|p1a: Breloom|Spore|p2a: Snowstorm\n|-status|p2a: Snowstorm|slp|[from] move: Spore\n|cant|p2a: Snowstorm|slp\n|\n|upkeep\n|turn|13\n|\n|t:|1700250395\n|switch|p2a: Miki|Charizard, F|100\/100\n|move|p1a: Breloom|Bullet Seed|p2a: Miki\n|-resisted|p2a: Miki\n|-damage|p2a: Miki|94\/100\n|-resisted|p2a: Miki\n|-damage|p2a: Miki|87\/100\n|-resisted|p2a: Miki\n|-damage|p2a: Miki|81\/100\n|-resisted|p2a: Miki\n|-crit|p2a: Miki\n|-damage|p2a: Miki|71\/100\n|-hitcount|p2a: Miki|4\n|\n|upkeep\n|turn|14\n|\n|t:|1700250409\n|detailschange|p2a: Miki|Charizard-Mega-Y, F\n|-mega|p2a: Miki|Charizard|Charizardite Y\n|-weather|SunnyDay|[from] ability: Drought|[of] p2a: Miki\n|move|p2a: Miki|Flamethrower|p1a: Breloom\n|-supereffective|p1a: Breloom\n|-damage|p1a: Breloom|0 fnt\n|faint|p1a: Breloom\n|\n|-weather|SunnyDay|[upkeep]\n|upkeep\n|\n|t:|1700250417\n|switch|p1a: Manectric|Manectric-Mega, M|63\/100\n|-ability|p1a: Manectric|Intimidate|boost\n|-unboost|p2a: Miki|atk|1\n|turn|15\n|\n|t:|1700250426\n|move|p1a: Manectric|Thunderbolt|p2a: Miki\n|-supereffective|p2a: Miki\n|-damage|p2a: Miki|0 fnt\n|faint|p2a: Miki\n|\n|-weather|SunnyDay|[upkeep]\n|upkeep\n|\n|t:|1700250437\n|switch|p2a: Plume|Vileplume, M|100\/100\n|turn|16\n|\n|t:|1700250442\n|move|p1a: Manectric|Overheat|p2a: Plume\n|-supereffective|p2a: Plume\n|-damage|p2a: Plume|0 fnt\n|-unboost|p1a: Manectric|spa|2\n|faint|p2a: Plume\n|\n|-weather|SunnyDay|[upkeep]\n|upkeep\n|\n|t:|1700250449\n|switch|p2a: Static|Zapdos|45\/100\n|turn|17\n|\n|t:|1700250453\n|move|p2a: Static|Weather Ball|p1a: Manectric\n|-damage|p1a: Manectric|0 fnt\n|faint|p1a: Manectric\n|\n|-weather|SunnyDay|[upkeep]\n|upkeep\n|\n|t:|1700250458\n|switch|p1a: Blaziken|Blaziken, F|100\/100\n|turn|18\n|\n|t:|1700250461\n|move|p1a: Blaziken|Protect|p1a: Blaziken\n|-singleturn|p1a: Blaziken|Protect\n|move|p2a: Static|Weather Ball|p1a: Blaziken\n|-activate|p1a: Blaziken|move: Protect\n|\n|-weather|none\n|-ability|p1a: Blaziken|Speed Boost|boost\n|-boost|p1a: Blaziken|spe|1\n|upkeep\n|turn|19\n|\n|t:|1700250472\n|move|p2a: Static|Weather Ball|p1a: Blaziken\n|-damage|p1a: Blaziken|77\/100\n|move|p1a: Blaziken|Flare Blitz|p2a: Static\n|-damage|p2a: Static|0 fnt\n|faint|p2a: Static\n|-damage|p1a: Blaziken|61\/100|[from] Recoil\n|-damage|p1a: Blaziken|51\/100|[from] item: Life Orb\n|\n|-ability|p1a: Blaziken|Speed Boost|boost\n|-boost|p1a: Blaziken|spe|1\n|upkeep\n|\n|t:|1700250482\n|switch|p2a: Snowstorm|Lapras, F|100\/100 slp\n|turn|20\n|\n|t:|1700250490\n|move|p1a: Blaziken|Protect|p1a: Blaziken\n|-singleturn|p1a: Blaziken|Protect\n|-curestatus|p2a: Snowstorm|slp|[msg]\n|move|p2a: Snowstorm|Surf|p1a: Blaziken\n|-activate|p1a: Blaziken|move: Protect\n|\n|-ability|p1a: Blaziken|Speed Boost|boost\n|-boost|p1a: Blaziken|spe|1\n|upkeep\n|turn|21\n|\n|t:|1700250500\n|move|p1a: Blaziken|Brave Bird|p2a: Snowstorm\n|-damage|p2a: Snowstorm|54\/100\n|-damage|p1a: Blaziken|27\/100|[from] Recoil\n|-damage|p1a: Blaziken|17\/100|[from] item: Life Orb\n|move|p2a: Snowstorm|Surf|p1a: Blaziken\n|-supereffective|p1a: Blaziken\n|-damage|p1a: Blaziken|0 fnt\n|faint|p1a: Blaziken\n|\n|win|Codradin\n","uploadtime":1700250517,"views":9,"p1id":"kanotation","p2id":"codradin","formatid":"gen9nationaldex","rating":0,"private":0,"password":""}