{"id":"gen9nationaldex-1997253773","p1":"OnlyPyper","p2":"JuzOzuj","format":"[Gen 9] National Dex","log":"|html|<div class=\"broadcast-blue\"><strong>[Gen 9] National Dex is currently suspecting Sneasler! For information on how to participate check out the <a href=\"https:\/\/www.smogon.com\/forums\/threads\/sv-national-dex-suspect-8-just-dance.3731534\/\">suspect thread<\/a>.<\/strong><\/div>\n|j|\u2606OnlyPyper\n|j|\u2606JuzOzuj\n|t:|1700780839\n|gametype|singles\n|player|p1|OnlyPyper|shauntal|\n|player|p2|JuzOzuj|266|\n|teamsize|p1|6\n|teamsize|p2|6\n|gen|9\n|tier|[Gen 9] National Dex\n|rule|HP Percentage Mod: HP is shown in percentages\n|rule|Endless Battle Clause: Forcing endless battles is banned\n|rule|OHKO Clause: OHKO moves are banned\n|rule|Evasion Clause: Evasion abilities, items, and moves are banned\n|rule|Evasion Abilities Clause: Evasion abilities are banned\n|rule|Evasion Items Clause: Evasion items are banned\n|rule|Evasion Moves Clause: Evasion moves are banned\n|rule|Species Clause: Limit one of each Pok\u00e9mon\n|rule|Sleep Clause Mod: Limit one foe put to sleep\n|clearpoke\n|poke|p1|Musharna, F|\n|poke|p1|Sunflora, F|\n|poke|p1|Heatmor, F|\n|poke|p1|Torkoal, F|\n|poke|p1|Porygon2|\n|poke|p1|Exeggutor-Alola, F|\n|poke|p2|Okidogi, M|\n|poke|p2|Rillaboom, M|\n|poke|p2|Heatran, F|\n|poke|p2|Rotom-Wash|\n|poke|p2|Diancie|\n|poke|p2|Shaymin|\n|teampreview\n|c|\u2606JuzOzuj|Ptm\n|c|\u2606OnlyPyper|Suerte\n|c|\u2606JuzOzuj|Harvest\n|c|\u2606JuzOzuj|Xdd\n|c|\u2606JuzOzuj|Suerte\n|\n|t:|1700780893\n|start\n|switch|p1a: Musharna|Musharna, F|100\/100\n|switch|p2a: Heatran|Heatran, F|100\/100\n|turn|1\n|\n|t:|1700780900\n|move|p2a: Heatran|Magma Storm|p1a: Musharna|[miss]\n|-miss|p2a: Heatran|p1a: Musharna\n|move|p1a: Musharna|Trick Room|p1a: Musharna\n|-fieldstart|move: Trick Room|[of] p1a: Musharna\n|\n|upkeep\n|turn|2\n|\n|t:|1700780905\n|switch|p1a: Torkoal|Torkoal, F|100\/100\n|-weather|SunnyDay|[from] ability: Drought|[of] p1a: Torkoal\n|move|p2a: Heatran|Magma Storm|p1a: Torkoal\n|-resisted|p1a: Torkoal\n|-damage|p1a: Torkoal|57\/100\n|-activate|p1a: Torkoal|move: Magma Storm|[of] p2a: Heatran\n|\n|-weather|SunnyDay|[upkeep]\n|-damage|p1a: Torkoal|45\/100|[from] move: Magma Storm|[partiallytrapped]\n|upkeep\n|turn|3\n|\n|t:|1700780916\n|move|p2a: Heatran|Protect|p2a: Heatran\n|-singleturn|p2a: Heatran|Protect\n|move|p1a: Torkoal|Earth Power|p2a: Heatran\n|-activate|p2a: Heatran|move: Protect\n|\n|-weather|SunnyDay|[upkeep]\n|-damage|p1a: Torkoal|32\/100|[from] move: Magma Storm|[partiallytrapped]\n|upkeep\n|turn|4\n|j| mixco\n|\n|t:|1700780936\n|-terastallize|p2a: Heatran|Fairy\n|move|p1a: Torkoal|Earth Power|p2a: Heatran\n|-damage|p2a: Heatran|75\/100\n|move|p2a: Heatran|Earth Power|p1a: Torkoal\n|-supereffective|p1a: Torkoal\n|-damage|p1a: Torkoal|0 fnt\n|faint|p1a: Torkoal\n|\n|-weather|SunnyDay|[upkeep]\n|-heal|p2a: Heatran|81\/100|[from] item: Leftovers\n|upkeep\n|\n|t:|1700780970\n|switch|p1a: Musharna|Musharna, F|100\/100\n|turn|5\n|c|\u2606JuzOzuj|Oda merco\n|\n|t:|1700780978\n|move|p1a: Musharna|Yawn|p2a: Heatran\n|-start|p2a: Heatran|move: Yawn|[of] p1a: Musharna\n|move|p2a: Heatran|Magma Storm|p1a: Musharna\n|-damage|p1a: Musharna|61\/100\n|-activate|p1a: Musharna|move: Magma Storm|[of] p2a: Heatran\n|\n|-weather|SunnyDay|[upkeep]\n|-heal|p2a: Heatran|87\/100|[from] item: Leftovers\n|-damage|p1a: Musharna|49\/100|[from] move: Magma Storm|[partiallytrapped]\n|-fieldend|move: Trick Room\n|upkeep\n|turn|6\n|\n|t:|1700781047\n|move|p2a: Heatran|Magma Storm|p1a: Musharna\n|-damage|p1a: Musharna|14\/100\n|move|p1a: Musharna|Trick Room|p1a: Musharna\n|-fieldstart|move: Trick Room|[of] p1a: Musharna\n|\n|-weather|none\n|-heal|p2a: Heatran|94\/100|[from] item: Leftovers\n|-damage|p1a: Musharna|1\/100|[from] move: Magma Storm|[partiallytrapped]\n|-end|p2a: Heatran|move: Yawn|[silent]\n|-status|p2a: Heatran|slp\n|upkeep\n|turn|7\n|\n|t:|1700781056\n|move|p1a: Musharna|Healing Wish|p1a: Musharna\n|faint|p1a: Musharna\n|cant|p2a: Heatran|slp\n|\n|-heal|p2a: Heatran|99\/100 slp|[from] item: Leftovers\n|upkeep\n|\n|t:|1700781064\n|switch|p1a: Sunflora|Sunflora, F|100\/100\n|turn|8\n|c|\u2606JuzOzuj|Chales\n|\n|t:|1700781079\n|switch|p2a: Okidogi|Okidogi, M|100\/100\n|move|p1a: Sunflora|Growth|p1a: Sunflora\n|-boost|p1a: Sunflora|atk|1\n|-boost|p1a: Sunflora|spa|1\n|\n|upkeep\n|turn|9\n|\n|t:|1700781101\n|-terastallize|p1a: Sunflora|Ground\n|move|p1a: Sunflora|Earth Power|p2a: Okidogi\n|-supereffective|p2a: Okidogi\n|-crit|p2a: Okidogi\n|-damage|p2a: Okidogi|0 fnt\n|faint|p2a: Okidogi\n|\n|upkeep\n|\n|t:|1700781108\n|switch|p2a: Rillaboom|Rillaboom, M|100\/100\n|-fieldstart|move: Grassy Terrain|[from] ability: Grassy Surge|[of] p2a: Rillaboom\n|turn|10\n|\n|t:|1700781118\n|switch|p1a: Exeggutor|Exeggutor-Alola, F|100\/100\n|move|p2a: Rillaboom|Wood Hammer|p1a: Exeggutor\n|-resisted|p1a: Exeggutor\n|-damage|p1a: Exeggutor|71\/100\n|-damage|p2a: Rillaboom|89\/100|[from] Recoil\n|\n|-heal|p1a: Exeggutor|77\/100|[from] Grassy Terrain\n|-heal|p2a: Rillaboom|95\/100|[from] Grassy Terrain\n|-fieldend|move: Trick Room\n|upkeep\n|turn|11\n|\n|t:|1700781130\n|switch|p2a: Heatran|Heatran, F, tera:Fairy|99\/100 slp\n|move|p1a: Exeggutor|Trick Room|p1a: Exeggutor\n|-fieldstart|move: Trick Room|[of] p1a: Exeggutor\n|\n|-heal|p1a: Exeggutor|83\/100|[from] Grassy Terrain\n|-heal|p2a: Heatran|100\/100 slp|[from] Grassy Terrain\n|upkeep\n|turn|12\n|\n|t:|1700781137\n|cant|p2a: Heatran|slp\n|move|p1a: Exeggutor|Teleport|p1a: Exeggutor\n|\n|t:|1700781145\n|switch|p1a: Sunflora|Sunflora, F, tera:Ground|100\/100|[from] Teleport\n|\n|upkeep\n|turn|13\n|\n|t:|1700781164\n|move|p1a: Sunflora|Giga Drain|p2a: Heatran\n|-damage|p2a: Heatran|72\/100 slp\n|-curestatus|p2a: Heatran|slp|[msg]\n|move|p2a: Heatran|Magma Storm|p1a: Sunflora\n|-damage|p1a: Sunflora|57\/100\n|-activate|p1a: Sunflora|move: Magma Storm|[of] p2a: Heatran\n|\n|-heal|p1a: Sunflora|63\/100|[from] Grassy Terrain\n|-heal|p2a: Heatran|78\/100|[from] Grassy Terrain\n|-heal|p2a: Heatran|84\/100|[from] item: Leftovers\n|-damage|p1a: Sunflora|51\/100|[from] move: Magma Storm|[partiallytrapped]\n|upkeep\n|turn|14\n|\n|t:|1700781176\n|move|p2a: Heatran|Protect|p2a: Heatran\n|-singleturn|p2a: Heatran|Protect\n|move|p1a: Sunflora|Giga Drain|p2a: Heatran\n|-activate|p2a: Heatran|move: Protect\n|\n|-heal|p1a: Sunflora|57\/100|[from] Grassy Terrain\n|-heal|p2a: Heatran|90\/100|[from] Grassy Terrain\n|-heal|p2a: Heatran|97\/100|[from] item: Leftovers\n|-damage|p1a: Sunflora|45\/100|[from] move: Magma Storm|[partiallytrapped]\n|-fieldend|move: Grassy Terrain\n|upkeep\n|turn|15\n|\n|t:|1700781187\n|switch|p2a: Rillaboom|Rillaboom, M|95\/100\n|-fieldstart|move: Grassy Terrain|[from] ability: Grassy Surge|[of] p2a: Rillaboom\n|move|p1a: Sunflora|Giga Drain|p2a: Rillaboom\n|-resisted|p2a: Rillaboom\n|-damage|p2a: Rillaboom|64\/100\n|-heal|p1a: Sunflora|60\/100|[from] drain|[of] p2a: Rillaboom\n|\n|-heal|p1a: Sunflora|66\/100|[from] Grassy Terrain\n|-heal|p2a: Rillaboom|70\/100|[from] Grassy Terrain\n|-end|p1a: Sunflora|Magma Storm|[partiallytrapped]|[silent]\n|-fieldend|move: Trick Room\n|upkeep\n|turn|16\n|\n|t:|1700781196\n|move|p2a: Rillaboom|Knock Off|p1a: Sunflora\n|-damage|p1a: Sunflora|0 fnt\n|-enditem|p1a: Sunflora|Expert Belt|[from] move: Knock Off|[of] p2a: Rillaboom\n|faint|p1a: Sunflora\n|\n|-heal|p2a: Rillaboom|76\/100|[from] Grassy Terrain\n|upkeep\n|\n|t:|1700781204\n|switch|p1a: Exeggutor|Exeggutor-Alola, F|83\/100\n|-heal|p1a: Exeggutor|100\/100|[from] move: Healing Wish\n|turn|17\n|\n|t:|1700781208\n|move|p2a: Rillaboom|Knock Off|p1a: Exeggutor\n|-damage|p1a: Exeggutor|54\/100\n|-enditem|p1a: Exeggutor|Sitrus Berry|[from] move: Knock Off|[of] p2a: Rillaboom\n|move|p1a: Exeggutor|Trick Room|p1a: Exeggutor\n|-fieldstart|move: Trick Room|[of] p1a: Exeggutor\n|\n|-heal|p1a: Exeggutor|60\/100|[from] Grassy Terrain\n|-heal|p2a: Rillaboom|82\/100|[from] Grassy Terrain\n|upkeep\n|turn|18\n|\n|t:|1700781218\n|switch|p2a: Heatran|Heatran, F, tera:Fairy|97\/100\n|move|p1a: Exeggutor|Teleport|p1a: Exeggutor\n|\n|t:|1700781222\n|switch|p1a: Heatmor|Heatmor, F|100\/100|[from] Teleport\n|\n|-heal|p2a: Heatran|100\/100|[from] Grassy Terrain\n|upkeep\n|turn|19\n|\n|t:|1700781234\n|move|p1a: Heatmor|Knock Off|p2a: Heatran\n|-resisted|p2a: Heatran\n|-damage|p2a: Heatran|83\/100\n|-enditem|p2a: Heatran|Leftovers|[from] move: Knock Off|[of] p1a: Heatmor\n|move|p2a: Heatran|Magma Storm|p1a: Heatmor\n|-start|p1a: Heatmor|ability: Flash Fire\n|\n|-heal|p2a: Heatran|89\/100|[from] Grassy Terrain\n|-fieldend|move: Grassy Terrain\n|upkeep\n|turn|20\n|\n|t:|1700781245\n|-end|p1a: Heatmor|ability: Flash Fire|[silent]\n|switch|p1a: Exeggutor|Exeggutor-Alola, F|60\/100\n|move|p2a: Heatran|Earth Power|p1a: Exeggutor\n|-resisted|p1a: Exeggutor\n|-damage|p1a: Exeggutor|46\/100\n|\n|upkeep\n|turn|21\n|\n|t:|1700781254\n|move|p2a: Heatran|Toxic|p1a: Exeggutor\n|-status|p1a: Exeggutor|tox\n|move|p1a: Exeggutor|Teleport|p1a: Exeggutor\n|\n|t:|1700781260\n|switch|p1a: Heatmor|Heatmor, F|100\/100|[from] Teleport\n|\n|-fieldend|move: Trick Room\n|upkeep\n|turn|22\n|\n|t:|1700781268\n|move|p2a: Heatran|Toxic|p1a: Heatmor|[miss]\n|-miss|p2a: Heatran|p1a: Heatmor\n|move|p1a: Heatmor|Drain Punch|p2a: Heatran\n|-resisted|p2a: Heatran\n|-damage|p2a: Heatran|77\/100\n|\n|upkeep\n|turn|23\n|c|\u2606OnlyPyper|Perd\u00ed hace rato btw\n|\n|t:|1700781288\n|switch|p1a: Exeggutor|Exeggutor-Alola, F|46\/100 tox\n|move|p2a: Heatran|Earth Power|p1a: Exeggutor\n|-resisted|p1a: Exeggutor\n|-damage|p1a: Exeggutor|33\/100 tox\n|\n|-damage|p1a: Exeggutor|27\/100 tox|[from] psn\n|upkeep\n|turn|24\n|c|\u2606OnlyPyper|XD\n|c| mixco|lo sabemos xd\n|\n|t:|1700781298\n|move|p2a: Heatran|Protect|p2a: Heatran\n|-singleturn|p2a: Heatran|Protect\n|move|p1a: Exeggutor|Trick Room|p1a: Exeggutor\n|-fieldstart|move: Trick Room|[of] p1a: Exeggutor\n|\n|-damage|p1a: Exeggutor|15\/100 tox|[from] psn\n|upkeep\n|turn|25\n|\n|t:|1700781306\n|move|p1a: Exeggutor|Draco Meteor|p2a: Heatran\n|-immune|p2a: Heatran\n|move|p2a: Heatran|Earth Power|p1a: Exeggutor\n|-resisted|p1a: Exeggutor\n|-damage|p1a: Exeggutor|0 fnt\n|faint|p1a: Exeggutor\n|\n|upkeep\n|\n|t:|1700781315\n|switch|p1a: Porygon2|Porygon2|100\/100\n|-ability|p1a: Porygon2|Download|boost\n|-boost|p1a: Porygon2|atk|1\n|turn|26\n|c|\u2606JuzOzuj|Xd\n|l| mixco\n|\n|t:|1700781330\n|move|p1a: Porygon2|Ice Beam|p2a: Heatran\n|-damage|p2a: Heatran|63\/100\n|move|p2a: Heatran|Magma Storm|p1a: Porygon2|[miss]\n|-miss|p2a: Heatran|p1a: Porygon2\n|\n|upkeep\n|turn|27\n|\n|t:|1700781340\n|move|p1a: Porygon2|Ice Beam|p2a: Heatran\n|-damage|p2a: Heatran|50\/100\n|move|p2a: Heatran|Earth Power|p1a: Porygon2\n|-damage|p1a: Porygon2|85\/100\n|\n|upkeep\n|turn|28\n|\n|t:|1700781346\n|move|p1a: Porygon2|Ice Beam|p2a: Heatran\n|-damage|p2a: Heatran|38\/100\n|-status|p2a: Heatran|frz\n|cant|p2a: Heatran|frz\n|\n|-fieldend|move: Trick Room\n|upkeep\n|turn|29\n|c|\u2606JuzOzuj|Nmms xdd\n|\n|t:|1700781366\n|cant|p2a: Heatran|frz\n|move|p1a: Porygon2|Trick Room|p1a: Porygon2\n|-fieldstart|move: Trick Room|[of] p1a: Porygon2\n|\n|upkeep\n|turn|30\n|\n|t:|1700781370\n|move|p1a: Porygon2|Ice Beam|p2a: Heatran\n|-damage|p2a: Heatran|25\/100 frz\n|cant|p2a: Heatran|frz\n|\n|upkeep\n|turn|31\n|\n|t:|1700781373\n|move|p1a: Porygon2|Ice Beam|p2a: Heatran\n|-damage|p2a: Heatran|12\/100 frz\n|cant|p2a: Heatran|frz\n|\n|upkeep\n|turn|32\n|\n|t:|1700781379\n|move|p1a: Porygon2|Ice Beam|p2a: Heatran\n|-damage|p2a: Heatran|0 fnt\n|faint|p2a: Heatran\n|\n|upkeep\n|\n|t:|1700781394\n|switch|p2a: Rotom|Rotom-Wash|100\/100\n|turn|33\n|\n|t:|1700781402\n|move|p1a: Porygon2|Ice Beam|p2a: Rotom\n|-resisted|p2a: Rotom\n|-damage|p2a: Rotom|91\/100\n|-status|p2a: Rotom|frz\n|cant|p2a: Rotom|frz\n|\n|-heal|p2a: Rotom|97\/100 frz|[from] item: Leftovers\n|-fieldend|move: Trick Room\n|upkeep\n|turn|34\n|c|\u2606OnlyPyper|Jskabzkabz\n|c|\u2606JuzOzuj|Andate alm\n|c|\u2606JuzOzuj|Xddd\n|\n|t:|1700781422\n|cant|p2a: Rotom|frz\n|move|p1a: Porygon2|Trick Room|p1a: Porygon2\n|-fieldstart|move: Trick Room|[of] p1a: Porygon2\n|\n|-heal|p2a: Rotom|100\/100 frz|[from] item: Leftovers\n|upkeep\n|turn|35\n|\n|t:|1700781427\n|cant|p2a: Rotom|frz\n|move|p1a: Porygon2|Teleport|p1a: Porygon2\n|\n|t:|1700781430\n|switch|p1a: Heatmor|Heatmor, F|100\/100|[from] Teleport\n|\n|upkeep\n|turn|36\n|\n|t:|1700781438\n|move|p1a: Heatmor|Fire Lash|p2a: Rotom\n|-resisted|p2a: Rotom\n|-damage|p2a: Rotom|78\/100 frz\n|-unboost|p2a: Rotom|def|1\n|-curestatus|p2a: Rotom|frz|[msg]\n|move|p2a: Rotom|Hydro Pump|p1a: Heatmor\n|-supereffective|p1a: Heatmor\n|-damage|p1a: Heatmor|0 fnt\n|faint|p1a: Heatmor\n|\n|-heal|p2a: Rotom|84\/100|[from] item: Leftovers\n|upkeep\n|\n|t:|1700781443\n|switch|p1a: Porygon2|Porygon2|85\/100\n|-ability|p1a: Porygon2|Download|boost\n|-boost|p1a: Porygon2|atk|1\n|turn|37\n|\n|t:|1700781454\n|move|p1a: Porygon2|Ice Beam|p2a: Rotom\n|-resisted|p2a: Rotom\n|-damage|p2a: Rotom|75\/100\n|-status|p2a: Rotom|frz\n|cant|p2a: Rotom|frz\n|\n|-heal|p2a: Rotom|81\/100 frz|[from] item: Leftovers\n|upkeep\n|turn|38\n|c|\u2606JuzOzuj|Jajdhjdjsjdkkd\n|c|\u2606JuzOzuj|Hahsjjsjsjjdjjsjajjakjau\n|c|\u2606OnlyPyper|jJSNSBZSKZB\n|c|\u2606JuzOzuj|Usjsjsjjdjsjdkkdkek\n|c|\u2606JuzOzuj|Xdddd por queeeeeee\n|\n|t:|1700781476\n|move|p1a: Porygon2|Ice Beam|p2a: Rotom\n|-resisted|p2a: Rotom\n|-damage|p2a: Rotom|71\/100 frz\n|cant|p2a: Rotom|frz\n|\n|-heal|p2a: Rotom|77\/100 frz|[from] item: Leftovers\n|-fieldend|move: Trick Room\n|upkeep\n|turn|39\n|\n|t:|1700781484\n|cant|p2a: Rotom|frz\n|move|p1a: Porygon2|Trick Room|p1a: Porygon2\n|-fieldstart|move: Trick Room|[of] p1a: Porygon2\n|\n|-heal|p2a: Rotom|84\/100 frz|[from] item: Leftovers\n|upkeep\n|turn|40\n|\n|t:|1700781488\n|move|p1a: Porygon2|Ice Beam|p2a: Rotom\n|-resisted|p2a: Rotom\n|-damage|p2a: Rotom|74\/100 frz\n|cant|p2a: Rotom|frz\n|\n|-heal|p2a: Rotom|80\/100 frz|[from] item: Leftovers\n|upkeep\n|turn|41\n|\n|t:|1700781491\n|move|p1a: Porygon2|Ice Beam|p2a: Rotom\n|-resisted|p2a: Rotom\n|-damage|p2a: Rotom|70\/100 frz\n|cant|p2a: Rotom|frz\n|\n|-heal|p2a: Rotom|76\/100 frz|[from] item: Leftovers\n|upkeep\n|turn|42\n|\n|t:|1700781497\n|move|p1a: Porygon2|Recover|p1a: Porygon2\n|-heal|p1a: Porygon2|100\/100\n|cant|p2a: Rotom|frz\n|\n|-heal|p2a: Rotom|83\/100 frz|[from] item: Leftovers\n|upkeep\n|turn|43\n|\n|t:|1700781503\n|-curestatus|p2a: Rotom|frz|[msg]\n|move|p2a: Rotom|Hydro Pump|p1a: Porygon2|[miss]\n|-miss|p2a: Rotom|p1a: Porygon2\n|move|p1a: Porygon2|Teleport||[still]\n|-fail|p1a: Porygon2\n|\n|-heal|p2a: Rotom|89\/100|[from] item: Leftovers\n|-fieldend|move: Trick Room\n|upkeep\n|turn|44\n|\n|t:|1700781512\n|move|p2a: Rotom|Hydro Pump|p1a: Porygon2\n|-damage|p1a: Porygon2|73\/100\n|move|p1a: Porygon2|Trick Room|p1a: Porygon2\n|-fieldstart|move: Trick Room|[of] p1a: Porygon2\n|\n|-heal|p2a: Rotom|95\/100|[from] item: Leftovers\n|upkeep\n|turn|45\n|\n|t:|1700781520\n|move|p1a: Porygon2|Ice Beam|p2a: Rotom\n|-resisted|p2a: Rotom\n|-damage|p2a: Rotom|86\/100\n|move|p2a: Rotom|Hydro Pump|p1a: Porygon2|[miss]\n|-miss|p2a: Rotom|p1a: Porygon2\n|\n|-heal|p2a: Rotom|92\/100|[from] item: Leftovers\n|upkeep\n|turn|46\n|\n|t:|1700781527\n|move|p1a: Porygon2|Ice Beam|p2a: Rotom\n|-resisted|p2a: Rotom\n|-damage|p2a: Rotom|83\/100\n|move|p2a: Rotom|Will-O-Wisp|p1a: Porygon2|[miss]\n|-miss|p2a: Rotom|p1a: Porygon2\n|\n|-heal|p2a: Rotom|89\/100|[from] item: Leftovers\n|upkeep\n|turn|47\n|\n|t:|1700781531\n|move|p1a: Porygon2|Ice Beam|p2a: Rotom\n|-resisted|p2a: Rotom\n|-damage|p2a: Rotom|80\/100\n|move|p2a: Rotom|Volt Switch|p1a: Porygon2\n|-damage|p1a: Porygon2|56\/100\n|\n|t:|1700781542\n|switch|p2a: Diancie|Diancie|100\/100|[from] Volt Switch\n|\n|upkeep\n|turn|48\n|\n|t:|1700781547\n|move|p1a: Porygon2|Recover|p1a: Porygon2\n|-heal|p1a: Porygon2|100\/100\n|move|p2a: Diancie|Power Gem|p1a: Porygon2\n|-damage|p1a: Porygon2|76\/100\n|\n|-fieldend|move: Trick Room\n|upkeep\n|turn|49\n|\n|t:|1700781553\n|detailschange|p2a: Diancie|Diancie-Mega\n|-mega|p2a: Diancie|Diancie|Diancite\n|move|p2a: Diancie|Moonblast|p1a: Porygon2\n|-damage|p1a: Porygon2|41\/100\n|move|p1a: Porygon2|Trick Room|p1a: Porygon2\n|-fieldstart|move: Trick Room|[of] p1a: Porygon2\n|\n|upkeep\n|turn|50\n|\n|t:|1700781561\n|move|p1a: Porygon2|Recover|p1a: Porygon2\n|-heal|p1a: Porygon2|91\/100\n|move|p2a: Diancie|Moonblast|p1a: Porygon2\n|-damage|p1a: Porygon2|55\/100\n|\n|upkeep\n|turn|51\n|\n|t:|1700781570\n|move|p1a: Porygon2|Ice Beam|p2a: Diancie\n|-crit|p2a: Diancie\n|-damage|p2a: Diancie|55\/100\n|-status|p2a: Diancie|frz\n|cant|p2a: Diancie|frz\n|\n|upkeep\n|turn|52\n|c|\u2606JuzOzuj|Vergaaaaaaaaaaaaa\n|c|\u2606OnlyPyper|Jsjabzkabzjsb\n|\n|t:|1700781594\n|move|p1a: Porygon2|Recover|p1a: Porygon2\n|-heal|p1a: Porygon2|100\/100\n|-curestatus|p2a: Diancie|frz|[msg]\n|move|p2a: Diancie|Moonblast|p1a: Porygon2\n|-damage|p1a: Porygon2|63\/100\n|-unboost|p1a: Porygon2|spa|1\n|\n|upkeep\n|turn|53\n|\n|t:|1700781598\n|move|p1a: Porygon2|Ice Beam|p2a: Diancie\n|-damage|p2a: Diancie|37\/100\n|move|p2a: Diancie|Moonblast|p1a: Porygon2\n|-damage|p1a: Porygon2|24\/100\n|-unboost|p1a: Porygon2|spa|1\n|\n|-fieldend|move: Trick Room\n|upkeep\n|turn|54\n|\n|t:|1700781605\n|switch|p2a: Rillaboom|Rillaboom, M|82\/100\n|-fieldstart|move: Grassy Terrain|[from] ability: Grassy Surge|[of] p2a: Rillaboom\n|move|p1a: Porygon2|Recover|p1a: Porygon2\n|-heal|p1a: Porygon2|74\/100\n|\n|-heal|p2a: Rillaboom|88\/100|[from] Grassy Terrain\n|-heal|p1a: Porygon2|80\/100|[from] Grassy Terrain\n|upkeep\n|turn|55\n|\n|t:|1700781614\n|move|p2a: Rillaboom|Wood Hammer|p1a: Porygon2\n|-damage|p1a: Porygon2|26\/100\n|-damage|p2a: Rillaboom|69\/100|[from] Recoil\n|move|p1a: Porygon2|Trick Room|p1a: Porygon2\n|-fieldstart|move: Trick Room|[of] p1a: Porygon2\n|\n|-heal|p1a: Porygon2|33\/100|[from] Grassy Terrain\n|-heal|p2a: Rillaboom|75\/100|[from] Grassy Terrain\n|upkeep\n|turn|56\n|\n|t:|1700781621\n|move|p1a: Porygon2|Recover|p1a: Porygon2\n|-heal|p1a: Porygon2|83\/100\n|move|p2a: Rillaboom|Wood Hammer|p1a: Porygon2\n|-damage|p1a: Porygon2|24\/100\n|-damage|p2a: Rillaboom|54\/100|[from] Recoil\n|\n|-heal|p1a: Porygon2|30\/100|[from] Grassy Terrain\n|-heal|p2a: Rillaboom|60\/100|[from] Grassy Terrain\n|upkeep\n|turn|57\n|\n|t:|1700781627\n|move|p1a: Porygon2|Recover|p1a: Porygon2\n|-heal|p1a: Porygon2|80\/100\n|move|p2a: Rillaboom|Wood Hammer|p1a: Porygon2\n|-damage|p1a: Porygon2|29\/100\n|-damage|p2a: Rillaboom|41\/100|[from] Recoil\n|\n|-heal|p1a: Porygon2|35\/100|[from] Grassy Terrain\n|-heal|p2a: Rillaboom|47\/100|[from] Grassy Terrain\n|upkeep\n|turn|58\n|\n|t:|1700781632\n|move|p1a: Porygon2|Recover|p1a: Porygon2\n|-heal|p1a: Porygon2|85\/100\n|move|p2a: Rillaboom|Wood Hammer|p1a: Porygon2\n|-damage|p1a: Porygon2|29\/100\n|-damage|p2a: Rillaboom|27\/100|[from] Recoil\n|\n|-heal|p1a: Porygon2|35\/100|[from] Grassy Terrain\n|-heal|p2a: Rillaboom|33\/100|[from] Grassy Terrain\n|-fieldend|move: Grassy Terrain\n|upkeep\n|turn|59\n|\n|t:|1700781644\n|move|p2a: Rillaboom|Wood Hammer|p1a: Porygon2\n|-damage|p1a: Porygon2|0 fnt\n|faint|p1a: Porygon2\n|-damage|p2a: Rillaboom|21\/100|[from] Recoil\n|\n|win|JuzOzuj\n|c|\u2606OnlyPyper|Jsksjsksbzjz\n|c|\u2606JuzOzuj|Jwjsjdjdjfkdjd\n|c|\u2606OnlyPyper|Tkm Porygon\n","uploadtime":1700781660,"views":19,"p1id":"onlypyper","p2id":"juzozuj","formatid":"gen9nationaldex","rating":0,"private":0,"password":""}