{"id":"gen9nationaldex-1998300379","p1":"LGMSB","p2":"blazy2","format":"[Gen 9] National Dex","log":"|html|<div class=\"broadcast-blue\"><strong>[Gen 9] National Dex is currently suspecting Sneasler! For information on how to participate check out the <a href=\"https:\/\/www.smogon.com\/forums\/threads\/sv-national-dex-suspect-8-just-dance.3731534\/\">suspect thread<\/a>.<\/strong><\/div>\n|j|\u2606LGMSB\n|j|\u2606blazy2\n|t:|1700926634\n|gametype|singles\n|player|p1|LGMSB|caitlin|1103\n|player|p2|blazy2|1|1166\n|teamsize|p1|6\n|teamsize|p2|6\n|gen|9\n|tier|[Gen 9] National Dex\n|rated|\n|rule|HP Percentage Mod: HP is shown in percentages\n|rule|Endless Battle Clause: Forcing endless battles is banned\n|rule|OHKO Clause: OHKO moves are banned\n|rule|Evasion Clause: Evasion abilities, items, and moves are banned\n|rule|Evasion Abilities Clause: Evasion abilities are banned\n|rule|Evasion Items Clause: Evasion items are banned\n|rule|Evasion Moves Clause: Evasion moves are banned\n|rule|Species Clause: Limit one of each Pok\u00e9mon\n|rule|Sleep Clause Mod: Limit one foe put to sleep\n|clearpoke\n|poke|p1|Pikachu, F|\n|poke|p1|Dragonite, F|\n|poke|p1|Arcanine-Hisui, F|\n|poke|p1|Entei|\n|poke|p1|Lucario, M|\n|poke|p1|Linoone, F|\n|poke|p2|Garchomp, M|\n|poke|p2|Torterra, M|\n|poke|p2|Rotom-Wash|\n|poke|p2|Charizard, M|\n|poke|p2|Chansey, F|\n|poke|p2|Bisharp, M|\n|teampreview\n|inactive|Battle timer is ON: inactive players will automatically lose when time's up. (requested by LGMSB)\n|\n|t:|1700926651\n|start\n|switch|p1a: Entei|Entei|100\/100\n|switch|p2a: Garchomp|Garchomp, M|100\/100\n|turn|1\n|\n|t:|1700926664\n|switch|p1a: Dragonite|Dragonite, F|100\/100\n|move|p2a: Garchomp|Stealth Rock|p1a: Dragonite\n|-sidestart|p1: LGMSB|move: Stealth Rock\n|\n|upkeep\n|turn|2\n|\n|t:|1700926679\n|move|p1a: Dragonite|Outrage|p2a: Garchomp\n|-supereffective|p2a: Garchomp\n|-damage|p2a: Garchomp|0 fnt\n|-damage|p1a: Dragonite|88\/100|[from] ability: Rough Skin|[of] p2a: Garchomp\n|-damage|p1a: Dragonite|72\/100|[from] item: Rocky Helmet|[of] p2a: Garchomp\n|faint|p2a: Garchomp\n|\n|upkeep\n|\n|t:|1700926699\n|switch|p2a: Torterra|Torterra, M|100\/100\n|turn|3\n|\n|t:|1700926704\n|move|p1a: Dragonite|Outrage|p2a: Torterra|[from]lockedmove\n|-damage|p2a: Torterra|13\/100\n|-enditem|p2a: Torterra|Aguav Berry|[eat]\n|-heal|p2a: Torterra|47\/100|[from] item: Aguav Berry\n|move|p2a: Torterra|Shell Smash|p2a: Torterra\n|-unboost|p2a: Torterra|def|1\n|-unboost|p2a: Torterra|spd|1\n|-boost|p2a: Torterra|atk|2\n|-boost|p2a: Torterra|spa|2\n|-boost|p2a: Torterra|spe|2\n|\n|upkeep\n|turn|4\n|\n|t:|1700926717\n|move|p2a: Torterra|Stone Edge|p1a: Dragonite\n|-supereffective|p1a: Dragonite\n|-damage|p1a: Dragonite|0 fnt\n|faint|p1a: Dragonite\n|\n|upkeep\n|\n|t:|1700926722\n|switch|p1a: Pikachu|Pikachu, F|100\/100\n|-damage|p1a: Pikachu|88\/100|[from] Stealth Rock\n|turn|5\n|\n|t:|1700926728\n|-terastallize|p1a: Pikachu|Normal\n|move|p1a: Pikachu|Fake Out|p2a: Torterra\n|-damage|p2a: Torterra|8\/100\n|cant|p2a: Torterra|flinch\n|\n|upkeep\n|turn|6\n|\n|t:|1700926734\n|move|p1a: Pikachu|Extreme Speed|p2a: Torterra\n|-damage|p2a: Torterra|0 fnt\n|faint|p2a: Torterra\n|\n|upkeep\n|\n|t:|1700926743\n|switch|p2a: Chansey|Chansey, F|100\/100\n|turn|7\n|\n|t:|1700926751\n|switch|p2a: Charizard|Charizard, M|100\/100\n|move|p1a: Pikachu|Knock Off|p2a: Charizard\n|-damage|p2a: Charizard|61\/100\n|\n|upkeep\n|turn|8\n|\n|t:|1700926763\n|switch|p1a: Lucario|Lucario, M|100\/100\n|-damage|p1a: Lucario|98\/100|[from] Stealth Rock\n|detailschange|p2a: Charizard|Charizard-Mega-Y, M\n|-mega|p2a: Charizard|Charizard|Charizardite Y\n|-weather|SunnyDay|[from] ability: Drought|[of] p2a: Charizard\n|move|p2a: Charizard|Weather Ball|p1a: Lucario\n|-supereffective|p1a: Lucario\n|-damage|p1a: Lucario|0 fnt\n|faint|p1a: Lucario\n|\n|-weather|SunnyDay|[upkeep]\n|upkeep\n|\n|t:|1700926770\n|switch|p1a: Entei|Entei|100\/100\n|-damage|p1a: Entei|76\/100|[from] Stealth Rock\n|turn|9\n|\n|t:|1700926780\n|switch|p2a: Rotom|Rotom-Wash|100\/100\n|move|p1a: Entei|Overheat|p2a: Rotom\n|-resisted|p2a: Rotom\n|-damage|p2a: Rotom|34\/100\n|-unboost|p1a: Entei|spa|2\n|\n|-weather|SunnyDay|[upkeep]\n|-heal|p2a: Rotom|41\/100|[from] item: Leftovers\n|upkeep\n|turn|10\n|\n|t:|1700926787\n|switch|p1a: Pikachu|Pikachu, F, tera:Normal|88\/100\n|-damage|p1a: Pikachu|76\/100|[from] Stealth Rock\n|move|p2a: Rotom|Volt Switch|p1a: Pikachu\n|-ability|p1a: Pikachu|Lightning Rod|boost\n|-boost|p1a: Pikachu|spa|1\n|\n|-weather|SunnyDay|[upkeep]\n|-heal|p2a: Rotom|47\/100|[from] item: Leftovers\n|upkeep\n|turn|11\n|\n|t:|1700926797\n|move|p1a: Pikachu|Fake Out|p2a: Rotom\n|-damage|p2a: Rotom|29\/100\n|cant|p2a: Rotom|flinch\n|\n|-weather|SunnyDay|[upkeep]\n|-heal|p2a: Rotom|35\/100|[from] item: Leftovers\n|upkeep\n|turn|12\n|\n|t:|1700926803\n|move|p1a: Pikachu|Extreme Speed|p2a: Rotom\n|-damage|p2a: Rotom|0 fnt\n|faint|p2a: Rotom\n|\n|-weather|none\n|upkeep\n|\n|t:|1700926809\n|switch|p2a: Charizard|Charizard-Mega-Y, M|61\/100\n|-weather|SunnyDay|[from] ability: Drought|[of] p2a: Charizard\n|turn|13\n|\n|t:|1700926829\n|switch|p1a: Linoone|Linoone, F|100\/100\n|-damage|p1a: Linoone|88\/100|[from] Stealth Rock\n|move|p2a: Charizard|Scorching Sands|p1a: Linoone\n|-damage|p1a: Linoone|35\/100\n|-status|p1a: Linoone|brn\n|-enditem|p1a: Linoone|Aguav Berry|[eat]\n|-heal|p1a: Linoone|69\/100 brn|[from] item: Aguav Berry\n|\n|-weather|SunnyDay|[upkeep]\n|-damage|p1a: Linoone|63\/100 brn|[from] brn\n|upkeep\n|turn|14\n|\n|t:|1700926842\n|switch|p2a: Chansey|Chansey, F|100\/100\n|move|p1a: Linoone|Extreme Speed|p2a: Chansey\n|-damage|p2a: Chansey|92\/100\n|\n|-weather|SunnyDay|[upkeep]\n|-damage|p1a: Linoone|57\/100 brn|[from] brn\n|upkeep\n|turn|15\n|\n|t:|1700926851\n|switch|p2a: Bisharp|Bisharp, M|100\/100\n|move|p1a: Linoone|Belly Drum|p1a: Linoone\n|-damage|p1a: Linoone|7\/100 brn\n|-setboost|p1a: Linoone|atk|6|[from] move: Belly Drum\n|\n|-weather|SunnyDay|[upkeep]\n|-damage|p1a: Linoone|0 fnt|[from] brn\n|faint|p1a: Linoone\n|upkeep\n|\n|t:|1700926864\n|switch|p1a: Arcanine|Arcanine-Hisui, F|100\/100\n|-damage|p1a: Arcanine|76\/100|[from] Stealth Rock\n|turn|16\n|\n|t:|1700926872\n|move|p1a: Arcanine|Flare Blitz|p2a: Bisharp\n|-supereffective|p2a: Bisharp\n|-crit|p2a: Bisharp\n|-damage|p2a: Bisharp|0 fnt\n|faint|p2a: Bisharp\n|\n|-weather|SunnyDay|[upkeep]\n|upkeep\n|\n|t:|1700926881\n|switch|p2a: Charizard|Charizard-Mega-Y, M|61\/100\n|turn|17\n|\n|t:|1700926884\n|move|p1a: Arcanine|Flare Blitz|p2a: Charizard\n|-resisted|p2a: Charizard\n|-damage|p2a: Charizard|3\/100\n|move|p2a: Charizard|Scorching Sands|p1a: Arcanine\n|-supereffective|p1a: Arcanine\n|-crit|p1a: Arcanine\n|-damage|p1a: Arcanine|0 fnt\n|faint|p1a: Arcanine\n|\n|-weather|none\n|upkeep\n|\n|t:|1700926888\n|switch|p1a: Pikachu|Pikachu, F, tera:Normal|76\/100\n|-damage|p1a: Pikachu|64\/100|[from] Stealth Rock\n|turn|18\n|\n|t:|1700926896\n|switch|p2a: Chansey|Chansey, F|92\/100\n|move|p1a: Pikachu|Fake Out|p2a: Chansey\n|-damage|p2a: Chansey|75\/100\n|\n|upkeep\n|turn|19\n|\n|t:|1700926903\n|move|p1a: Pikachu|Knock Off|p2a: Chansey\n|-damage|p2a: Chansey|50\/100\n|-enditem|p2a: Chansey|Eviolite|[from] move: Knock Off|[of] p1a: Pikachu\n|move|p2a: Chansey|Toxic|p1a: Pikachu\n|-status|p1a: Pikachu|tox\n|\n|-damage|p1a: Pikachu|57\/100 tox|[from] psn\n|upkeep\n|turn|20\n|\n|t:|1700926910\n|move|p1a: Pikachu|Volt Tackle|p2a: Chansey\n|-damage|p2a: Chansey|0 fnt\n|faint|p2a: Chansey\n|-damage|p1a: Pikachu|2\/100 tox|[from] Recoil\n|\n|-damage|p1a: Pikachu|0 fnt|[from] psn\n|faint|p1a: Pikachu\n|upkeep\n|\n|t:|1700926916\n|switch|p1a: Entei|Entei|76\/100\n|switch|p2a: Charizard|Charizard-Mega-Y, M|3\/100\n|-damage|p1a: Entei|51\/100|[from] Stealth Rock\n|-weather|SunnyDay|[from] ability: Drought|[of] p2a: Charizard\n|turn|21\n|\n|t:|1700926924\n|move|p1a: Entei|Extreme Speed|p2a: Charizard\n|-damage|p2a: Charizard|0 fnt\n|faint|p2a: Charizard\n|\n|win|LGMSB\n|raw|LGMSB's rating: 1103 &rarr; <strong>1132<\/strong><br \/>(+29 for winning)\n|raw|blazy2's rating: 1166 &rarr; <strong>1137<\/strong><br \/>(-29 for losing)\n|l|\u2606blazy2\n","uploadtime":1700926933,"views":1,"p1id":"lgmsb","p2id":"blazy2","formatid":"gen9nationaldex","rating":1132,"private":0,"password":""}