{"id":"gen9nationaldex-1997761352","p1":"viiicey","p2":"segohui","format":"[Gen 9] National Dex","log":"|html|<div class=\"broadcast-blue\"><strong>[Gen 9] National Dex is currently suspecting Sneasler! For information on how to participate check out the <a href=\"https:\/\/www.smogon.com\/forums\/threads\/sv-national-dex-suspect-8-just-dance.3731534\/\">suspect thread<\/a>.<\/strong><\/div>\n|j|\u2606viiicey\n|j|\u2606segohui\n|t:|1700849862\n|gametype|singles\n|player|p1|viiicey|101|1294\n|player|p2|segohui|170|1195\n|teamsize|p1|6\n|teamsize|p2|6\n|gen|9\n|tier|[Gen 9] National Dex\n|rated|\n|rule|HP Percentage Mod: HP is shown in percentages\n|rule|Endless Battle Clause: Forcing endless battles is banned\n|rule|OHKO Clause: OHKO moves are banned\n|rule|Evasion Clause: Evasion abilities, items, and moves are banned\n|rule|Evasion Abilities Clause: Evasion abilities are banned\n|rule|Evasion Items Clause: Evasion items are banned\n|rule|Evasion Moves Clause: Evasion moves are banned\n|rule|Species Clause: Limit one of each Pok\u00e9mon\n|rule|Sleep Clause Mod: Limit one foe put to sleep\n|clearpoke\n|poke|p1|Slaking, M|\n|poke|p1|Mew|\n|poke|p1|Venusaur, M|\n|poke|p1|Cobalion|\n|poke|p1|Grafaiai, M|\n|poke|p1|Hippowdon, M|\n|poke|p2|Braviary, M|\n|poke|p2|Arcanine, F|\n|poke|p2|Copperajah, M|\n|poke|p2|Escavalier, F|\n|poke|p2|Gastrodon, F|\n|poke|p2|Vileplume, M|\n|teampreview\n|\n|t:|1700849868\n|start\n|switch|p1a: Hafthor|Slaking, M|100\/100\n|switch|p2a: Copperajah|Copperajah, M|100\/100\n|turn|1\n|inactive|Battle timer is ON: inactive players will automatically lose when time's up. (requested by viiicey)\n|\n|t:|1700849877\n|move|p1a: Hafthor|Earthquake|p2a: Copperajah\n|-supereffective|p2a: Copperajah\n|-crit|p2a: Copperajah\n|-damage|p2a: Copperajah|0 fnt\n|faint|p2a: Copperajah\n|\n|upkeep\n|\n|t:|1700849884\n|switch|p2a: Escavalier|Escavalier, F|100\/100\n|turn|2\n|\n|t:|1700849890\n|switch|p1a: Shaw|Hippowdon, M|100\/100\n|-weather|Sandstorm|[from] ability: Sand Stream|[of] p1a: Shaw\n|move|p2a: Escavalier|Swords Dance|p2a: Escavalier\n|-boost|p2a: Escavalier|atk|2\n|\n|-weather|Sandstorm|[upkeep]\n|upkeep\n|turn|3\n|\n|t:|1700849898\n|move|p1a: Shaw|Yawn|p2a: Escavalier\n|-start|p2a: Escavalier|move: Yawn|[of] p1a: Shaw\n|move|p2a: Escavalier|Knock Off|p1a: Shaw\n|-damage|p1a: Shaw|57\/100\n|-enditem|p1a: Shaw|Leftovers|[from] move: Knock Off|[of] p2a: Escavalier\n|\n|-weather|Sandstorm|[upkeep]\n|upkeep\n|turn|4\n|\n|t:|1700849905\n|switch|p2a: Braviary|Braviary, M|100\/100\n|move|p1a: Shaw|Stealth Rock|p2a: Braviary\n|-sidestart|p2: segohui|move: Stealth Rock\n|\n|-weather|Sandstorm|[upkeep]\n|-damage|p2a: Braviary|94\/100|[from] Sandstorm\n|upkeep\n|turn|5\n|\n|t:|1700849907\n|move|p2a: Braviary|Bulk Up|p2a: Braviary\n|-boost|p2a: Braviary|atk|1\n|-boost|p2a: Braviary|def|1\n|move|p1a: Shaw|Yawn|p2a: Braviary\n|-start|p2a: Braviary|move: Yawn|[of] p1a: Shaw\n|\n|-weather|Sandstorm|[upkeep]\n|-damage|p2a: Braviary|88\/100|[from] Sandstorm\n|upkeep\n|turn|6\n|\n|t:|1700849916\n|switch|p2a: Gastrodon|Gastrodon, F|100\/100\n|-damage|p2a: Gastrodon|94\/100|[from] Stealth Rock\n|move|p1a: Shaw|Slack Off|p1a: Shaw\n|-heal|p1a: Shaw|100\/100\n|\n|-weather|none\n|-heal|p2a: Gastrodon|100\/100|[from] item: Leftovers\n|upkeep\n|turn|7\n|\n|t:|1700849921\n|switch|p1a: Nakonechnyy|Venusaur, M|100\/100\n|move|p2a: Gastrodon|Ice Beam|p1a: Nakonechnyy\n|-supereffective|p1a: Nakonechnyy\n|-damage|p1a: Nakonechnyy|74\/100\n|\n|upkeep\n|turn|8\n|\n|t:|1700849935\n|switch|p2a: Arcanine|Arcanine, F|100\/100\n|-ability|p2a: Arcanine|Intimidate|boost\n|-unboost|p1a: Nakonechnyy|atk|1\n|detailschange|p1a: Nakonechnyy|Venusaur-Mega, M\n|-mega|p1a: Nakonechnyy|Venusaur|Venusaurite\n|move|p1a: Nakonechnyy|Giga Drain|p2a: Arcanine\n|-resisted|p2a: Arcanine\n|-damage|p2a: Arcanine|85\/100\n|-heal|p1a: Nakonechnyy|82\/100|[from] drain|[of] p2a: Arcanine\n|\n|upkeep\n|turn|9\n|\n|t:|1700849943\n|switch|p1a: Shaw|Hippowdon, M|100\/100\n|-weather|Sandstorm|[from] ability: Sand Stream|[of] p1a: Shaw\n|move|p2a: Arcanine|Flamethrower|p1a: Shaw\n|-damage|p1a: Shaw|70\/100\n|\n|-weather|Sandstorm|[upkeep]\n|-damage|p2a: Arcanine|79\/100|[from] Sandstorm\n|upkeep\n|turn|10\n|\n|t:|1700849951\n|move|p2a: Arcanine|Toxic|p1a: Shaw\n|-status|p1a: Shaw|tox\n|move|p1a: Shaw|Earthquake|p2a: Arcanine\n|-supereffective|p2a: Arcanine\n|-damage|p2a: Arcanine|18\/100\n|\n|-weather|Sandstorm|[upkeep]\n|-damage|p2a: Arcanine|12\/100|[from] Sandstorm\n|-damage|p1a: Shaw|64\/100 tox|[from] psn\n|upkeep\n|turn|11\n|\n|t:|1700849957\n|switch|p2a: Escavalier|Escavalier, F|100\/100\n|-damage|p2a: Escavalier|88\/100|[from] Stealth Rock\n|move|p1a: Shaw|Slack Off|p1a: Shaw\n|-heal|p1a: Shaw|100\/100 tox\n|\n|-weather|Sandstorm|[upkeep]\n|-heal|p2a: Escavalier|94\/100|[from] item: Leftovers\n|-damage|p1a: Shaw|88\/100 tox|[from] psn\n|upkeep\n|turn|12\n|\n|t:|1700849969\n|move|p1a: Shaw|Yawn|p2a: Escavalier\n|-start|p2a: Escavalier|move: Yawn|[of] p1a: Shaw\n|move|p2a: Escavalier|Iron Head|p1a: Shaw\n|-damage|p1a: Shaw|63\/100 tox\n|\n|-weather|Sandstorm|[upkeep]\n|-heal|p2a: Escavalier|100\/100|[from] item: Leftovers\n|-damage|p1a: Shaw|45\/100 tox|[from] psn\n|upkeep\n|turn|13\n|\n|t:|1700849975\n|switch|p2a: Braviary|Braviary, M|88\/100\n|move|p1a: Shaw|Earthquake|p2a: Braviary\n|-immune|p2a: Braviary\n|\n|-weather|none\n|-damage|p1a: Shaw|20\/100 tox|[from] psn\n|upkeep\n|turn|14\n|\n|t:|1700849979\n|switch|p1a: Hafthor|Slaking, M|100\/100\n|move|p2a: Braviary|Brave Bird|p1a: Hafthor\n|-damage|p1a: Hafthor|55\/100\n|-damage|p2a: Braviary|69\/100|[from] Recoil\n|\n|upkeep\n|turn|15\n|\n|t:|1700849989\n|switch|p2a: Arcanine|Arcanine, F|12\/100\n|-ability|p2a: Arcanine|Intimidate|boost\n|-unboost|p1a: Hafthor|atk|1\n|-terastallize|p1a: Hafthor|Normal\n|move|p1a: Hafthor|Return|p2a: Arcanine\n|-damage|p2a: Arcanine|0 fnt\n|faint|p2a: Arcanine\n|\n|upkeep\n|\n|t:|1700849998\n|switch|p2a: Braviary|Braviary, M|69\/100\n|turn|16\n|\n|t:|1700850001\n|switch|p1a: Shaw|Hippowdon, M|20\/100 tox\n|-weather|Sandstorm|[from] ability: Sand Stream|[of] p1a: Shaw\n|move|p2a: Braviary|Close Combat|p1a: Shaw\n|-damage|p1a: Shaw|0 fnt\n|-unboost|p2a: Braviary|def|1\n|-unboost|p2a: Braviary|spd|1\n|faint|p1a: Shaw\n|\n|-weather|Sandstorm|[upkeep]\n|-damage|p2a: Braviary|62\/100|[from] Sandstorm\n|upkeep\n|\n|t:|1700850015\n|switch|p1a: Hafthor|Slaking, M, tera:Normal|55\/100\n|turn|17\n|\n|t:|1700850026\n|switch|p2a: Gastrodon|Gastrodon, F|100\/100\n|-damage|p2a: Gastrodon|94\/100|[from] Stealth Rock\n|move|p1a: Hafthor|Fire Punch|p2a: Gastrodon\n|-resisted|p2a: Gastrodon\n|-damage|p2a: Gastrodon|78\/100\n|\n|-weather|Sandstorm|[upkeep]\n|-damage|p1a: Hafthor|49\/100|[from] Sandstorm\n|-heal|p2a: Gastrodon|85\/100|[from] item: Leftovers\n|upkeep\n|turn|18\n|\n|t:|1700850035\n|switch|p1a: Nakonechnyy|Venusaur-Mega, M|82\/100\n|move|p2a: Gastrodon|Toxic|p1a: Nakonechnyy\n|-immune|p1a: Nakonechnyy\n|\n|-weather|Sandstorm|[upkeep]\n|-damage|p1a: Nakonechnyy|76\/100|[from] Sandstorm\n|-heal|p2a: Gastrodon|91\/100|[from] item: Leftovers\n|upkeep\n|turn|19\n|\n|t:|1700850041\n|switch|p2a: Escavalier|Escavalier, F|100\/100\n|-damage|p2a: Escavalier|88\/100|[from] Stealth Rock\n|move|p1a: Nakonechnyy|Giga Drain|p2a: Escavalier\n|-resisted|p2a: Escavalier\n|-damage|p2a: Escavalier|80\/100\n|-heal|p1a: Nakonechnyy|79\/100|[from] drain|[of] p2a: Escavalier\n|\n|-weather|Sandstorm|[upkeep]\n|-damage|p1a: Nakonechnyy|73\/100|[from] Sandstorm\n|-heal|p2a: Escavalier|87\/100|[from] item: Leftovers\n|upkeep\n|turn|20\n|\n|t:|1700850049\n|switch|p1a: Hafthor|Slaking, M, tera:Normal|49\/100\n|move|p2a: Escavalier|Swords Dance|p2a: Escavalier\n|-boost|p2a: Escavalier|atk|2\n|\n|-weather|none\n|-heal|p2a: Escavalier|93\/100|[from] item: Leftovers\n|upkeep\n|turn|21\n|\n|t:|1700850057\n|switch|p2a: Gastrodon|Gastrodon, F|91\/100\n|-damage|p2a: Gastrodon|85\/100|[from] Stealth Rock\n|move|p1a: Hafthor|Fire Punch|p2a: Gastrodon\n|-resisted|p2a: Gastrodon\n|-damage|p2a: Gastrodon|69\/100\n|\n|-heal|p2a: Gastrodon|75\/100|[from] item: Leftovers\n|upkeep\n|turn|22\n|\n|t:|1700850063\n|switch|p1a: Big Z|Grafaiai, M|100\/100\n|move|p2a: Gastrodon|Earth Power|p1a: Big Z\n|-supereffective|p1a: Big Z\n|-damage|p1a: Big Z|27\/100\n|-unboost|p1a: Big Z|spd|1\n|\n|-heal|p2a: Gastrodon|81\/100|[from] item: Leftovers\n|upkeep\n|turn|23\n|\n|t:|1700850073\n|move|p1a: Big Z|Knock Off|p2a: Gastrodon\n|-damage|p2a: Gastrodon|64\/100\n|-enditem|p2a: Gastrodon|Leftovers|[from] move: Knock Off|[of] p1a: Big Z\n|move|p2a: Gastrodon|Earth Power|p1a: Big Z\n|-supereffective|p1a: Big Z\n|-damage|p1a: Big Z|0 fnt\n|faint|p1a: Big Z\n|\n|upkeep\n|\n|t:|1700850082\n|switch|p1a: Hafthor|Slaking, M, tera:Normal|49\/100\n|turn|24\n|\n|t:|1700850093\n|move|p1a: Hafthor|Return|p2a: Gastrodon\n|-damage|p2a: Gastrodon|0 fnt\n|faint|p2a: Gastrodon\n|\n|upkeep\n|\n|t:|1700850104\n|switch|p2a: Escavalier|Escavalier, F|93\/100\n|-damage|p2a: Escavalier|80\/100|[from] Stealth Rock\n|turn|25\n|\n|t:|1700850112\n|switch|p1a: Stoltman|Cobalion|100\/100\n|move|p2a: Escavalier|Close Combat|p1a: Stoltman\n|-supereffective|p1a: Stoltman\n|-damage|p1a: Stoltman|26\/100\n|-unboost|p2a: Escavalier|def|1\n|-unboost|p2a: Escavalier|spd|1\n|\n|-heal|p2a: Escavalier|87\/100|[from] item: Leftovers\n|upkeep\n|turn|26\n|\n|t:|1700850122\n|switch|p2a: Braviary|Braviary, M|62\/100\n|-zpower|p1a: Stoltman\n|move|p1a: Stoltman|All-Out Pummeling|p2a: Braviary|[zeffect]\n|-damage|p2a: Braviary|0 fnt\n|faint|p2a: Braviary\n|\n|upkeep\n|\n|t:|1700850135\n|switch|p2a: Escavalier|Escavalier, F|87\/100\n|-damage|p2a: Escavalier|74\/100|[from] Stealth Rock\n|turn|27\n|\n|t:|1700850139\n|move|p1a: Stoltman|Focus Blast|p2a: Escavalier\n|-damage|p2a: Escavalier|19\/100\n|move|p2a: Escavalier|Close Combat|p1a: Stoltman\n|-supereffective|p1a: Stoltman\n|-damage|p1a: Stoltman|0 fnt\n|-unboost|p2a: Escavalier|def|1\n|-unboost|p2a: Escavalier|spd|1\n|faint|p1a: Stoltman\n|\n|-heal|p2a: Escavalier|25\/100|[from] item: Leftovers\n|upkeep\n|\n|t:|1700850145\n|switch|p1a: Hafthor|Slaking, M, tera:Normal|49\/100\n|turn|28\n|\n|t:|1700850148\n|move|p1a: Hafthor|Fire Punch|p2a: Escavalier\n|-supereffective|p2a: Escavalier\n|-damage|p2a: Escavalier|0 fnt\n|faint|p2a: Escavalier\n|\n|upkeep\n|\n|t:|1700850150\n|switch|p2a: Vileplume|Vileplume, M|100\/100\n|-damage|p2a: Vileplume|88\/100|[from] Stealth Rock\n|turn|29\n|\n|t:|1700850155\n|switch|p1a: Licis|Mew|100\/100\n|move|p2a: Vileplume|Sludge Bomb|p1a: Licis\n|-damage|p1a: Licis|77\/100\n|\n|-heal|p2a: Vileplume|94\/100|[from] item: Black Sludge\n|upkeep\n|turn|30\n|\n|t:|1700850161\n|-terastallize|p2a: Vileplume|Grass\n|move|p1a: Licis|Psychic|p2a: Vileplume\n|-damage|p2a: Vileplume|63\/100\n|move|p2a: Vileplume|Giga Drain|p1a: Licis\n|-damage|p1a: Licis|49\/100\n|-heal|p2a: Vileplume|80\/100|[from] drain|[of] p1a: Licis\n|\n|-damage|p2a: Vileplume|67\/100|[from] item: Black Sludge\n|upkeep\n|turn|31\n|\n|t:|1700850170\n|switch|p1a: Nakonechnyy|Venusaur-Mega, M|73\/100\n|move|p2a: Vileplume|Giga Drain|p1a: Nakonechnyy\n|-resisted|p1a: Nakonechnyy\n|-damage|p1a: Nakonechnyy|68\/100\n|-heal|p2a: Vileplume|70\/100|[from] drain|[of] p1a: Nakonechnyy\n|\n|-damage|p2a: Vileplume|58\/100|[from] item: Black Sludge\n|upkeep\n|turn|32\n|-message|segohui forfeited.\n|\n|win|viiicey\n|raw|viiicey's rating: 1294 &rarr; <strong>1312<\/strong><br \/>(+18 for winning)\n|raw|segohui's rating: 1195 &rarr; <strong>1177<\/strong><br \/>(-18 for losing)\n|l|\u2606segohui\n","uploadtime":1700850182,"views":1,"p1id":"viiicey","p2id":"segohui","formatid":"gen9nationaldex","rating":1177,"private":0,"password":""}