{"id":"gen9nationaldex-1993843533","p1":"bxlngsm","p2":"Prtbl_Trash","format":"[Gen 9] National Dex","log":"|j|\u2606bxlngsm\n|j|\u2606Prtbl_Trash\n|t:|1700364236\n|gametype|singles\n|player|p1|bxlngsm|2|1402\n|player|p2|Prtbl_Trash|rosa|1374\n|teamsize|p1|6\n|teamsize|p2|6\n|gen|9\n|tier|[Gen 9] National Dex\n|rated|\n|rule|HP Percentage Mod: HP is shown in percentages\n|rule|Endless Battle Clause: Forcing endless battles is banned\n|rule|OHKO Clause: OHKO moves are banned\n|rule|Evasion Clause: Evasion abilities, items, and moves are banned\n|rule|Evasion Abilities Clause: Evasion abilities are banned\n|rule|Evasion Items Clause: Evasion items are banned\n|rule|Evasion Moves Clause: Evasion moves are banned\n|rule|Species Clause: Limit one of each Pok\u00e9mon\n|rule|Sleep Clause Mod: Limit one foe put to sleep\n|clearpoke\n|poke|p1|Banette, M|\n|poke|p1|Samurott-Hisui, F|\n|poke|p1|Indeedee, M|\n|poke|p1|Grafaiai, M|\n|poke|p1|Quaquaval, F|\n|poke|p1|Tinkaton, F|\n|poke|p2|Weavile, M|\n|poke|p2|Empoleon, M|\n|poke|p2|Zapdos|\n|poke|p2|Beedrill, F|\n|poke|p2|Skeledirge, M|\n|poke|p2|Rillaboom, F|\n|teampreview\n|inactive|Battle timer is ON: inactive players will automatically lose when time's up. (requested by Prtbl_Trash)\n|\n|t:|1700364252\n|start\n|switch|p1a: Tinkaton|Tinkaton, F|100\/100\n|switch|p2a: Beedrill|Beedrill, F|100\/100\n|-ability|p1a: Tinkaton|Mold Breaker\n|turn|1\n|\n|t:|1700364260\n|detailschange|p2a: Beedrill|Beedrill-Mega, F\n|-mega|p2a: Beedrill|Beedrill|Beedrillite\n|move|p2a: Beedrill|U-turn|p1a: Tinkaton\n|-resisted|p1a: Tinkaton\n|-damage|p1a: Tinkaton|89\/100\n|\n|t:|1700364265\n|switch|p2a: Skeledirge|Skeledirge, M|100\/100|[from] U-turn\n|move|p1a: Tinkaton|Knock Off|p2a: Skeledirge\n|-supereffective|p2a: Skeledirge\n|-damage|p2a: Skeledirge|80\/100\n|-enditem|p2a: Skeledirge|Heavy-Duty Boots|[from] move: Knock Off|[of] p1a: Tinkaton\n|\n|-heal|p1a: Tinkaton|95\/100|[from] item: Leftovers\n|upkeep\n|turn|2\n|\n|t:|1700364283\n|switch|p1a: Samurott|Samurott-Hisui, F|100\/100\n|move|p2a: Skeledirge|Will-O-Wisp|p1a: Samurott\n|-status|p1a: Samurott|brn\n|\n|-damage|p1a: Samurott|94\/100 brn|[from] brn\n|upkeep\n|turn|3\n|\n|t:|1700364292\n|move|p1a: Samurott|Encore|p2a: Skeledirge\n|-start|p2a: Skeledirge|Encore\n|move|p2a: Skeledirge|Will-O-Wisp|p1a: Samurott|[miss]\n|-miss|p2a: Skeledirge|p1a: Samurott\n|\n|-damage|p1a: Samurott|88\/100 brn|[from] brn\n|upkeep\n|turn|4\n|\n|t:|1700364295\n|switch|p2a: Empoleon|Empoleon, M|100\/100\n|move|p1a: Samurott|Ceaseless Edge|p2a: Empoleon\n|-damage|p2a: Empoleon|80\/100\n|-sidestart|p2: Prtbl_Trash|Spikes\n|\n|-heal|p2a: Empoleon|86\/100|[from] item: Leftovers\n|-damage|p1a: Samurott|82\/100 brn|[from] brn\n|upkeep\n|turn|5\n|\n|t:|1700364304\n|move|p1a: Samurott|Ceaseless Edge|p2a: Empoleon|[miss]\n|-miss|p1a: Samurott|p2a: Empoleon\n|move|p2a: Empoleon|Flip Turn|p1a: Samurott\n|-resisted|p1a: Samurott\n|-damage|p1a: Samurott|71\/100 brn\n|\n|t:|1700364309\n|switch|p2a: Zapdos|Zapdos|100\/100|[from] Flip Turn\n|\n|-damage|p1a: Samurott|65\/100 brn|[from] brn\n|upkeep\n|turn|6\n|\n|t:|1700364314\n|move|p1a: Samurott|Ceaseless Edge|p2a: Zapdos\n|-damage|p2a: Zapdos|81\/100\n|-sidestart|p2: Prtbl_Trash|Spikes\n|move|p2a: Zapdos|Volt Switch|p1a: Samurott\n|-supereffective|p1a: Samurott\n|-damage|p1a: Samurott|0 fnt\n|faint|p1a: Samurott\n|\n|t:|1700364326\n|switch|p2a: Beedrill|Beedrill-Mega, F|100\/100|[from] Volt Switch\n|-damage|p2a: Beedrill|84\/100|[from] Spikes\n|\n|upkeep\n|\n|t:|1700364333\n|switch|p1a: Tinkaton|Tinkaton, F|95\/100\n|-ability|p1a: Tinkaton|Mold Breaker\n|turn|7\n|\n|t:|1700364342\n|move|p2a: Beedrill|Knock Off|p1a: Tinkaton\n|-resisted|p1a: Tinkaton\n|-damage|p1a: Tinkaton|78\/100\n|-enditem|p1a: Tinkaton|Leftovers|[from] move: Knock Off|[of] p2a: Beedrill\n|move|p1a: Tinkaton|Thunder Wave|p2a: Beedrill\n|-status|p2a: Beedrill|par\n|\n|upkeep\n|turn|8\n|\n|t:|1700364359\n|switch|p2a: Zapdos|Zapdos|81\/100\n|move|p1a: Tinkaton|Knock Off|p2a: Zapdos\n|-damage|p2a: Zapdos|67\/100\n|-enditem|p2a: Zapdos|Heavy-Duty Boots|[from] move: Knock Off|[of] p1a: Tinkaton\n|\n|upkeep\n|turn|9\n|\n|t:|1700364368\n|move|p2a: Zapdos|Defog|p1a: Tinkaton\n|-unboost|p1a: Tinkaton|evasion|1\n|-sideend|p2: Prtbl_Trash|Spikes|[from] move: Defog|[of] p2a: Zapdos\n|move|p1a: Tinkaton|Encore|p2a: Zapdos\n|-start|p2a: Zapdos|Encore\n|\n|upkeep\n|turn|10\n|\n|t:|1700364377\n|switch|p2a: Skeledirge|Skeledirge, M|80\/100\n|move|p1a: Tinkaton|Thunder Wave|p2a: Skeledirge\n|-status|p2a: Skeledirge|par\n|\n|upkeep\n|turn|11\n|\n|t:|1700364382\n|switch|p1a: Indeedee|Indeedee, M|100\/100\n|-fieldstart|move: Psychic Terrain|[from] ability: Psychic Surge|[of] p1a: Indeedee\n|cant|p2a: Skeledirge|par\n|\n|upkeep\n|turn|12\n|\n|t:|1700364405\n|switch|p1a: Quaquaval|Quaquaval, F|100\/100\n|switch|p2a: Rillaboom|Rillaboom, F|100\/100\n|-fieldstart|move: Grassy Terrain|[from] ability: Grassy Surge|[of] p2a: Rillaboom\n|\n|upkeep\n|turn|13\n|\n|t:|1700364424\n|-terastallize|p2a: Rillaboom|Grass\n|-terastallize|p1a: Quaquaval|Steel\n|move|p2a: Rillaboom|Grassy Glide|p1a: Quaquaval\n|-resisted|p1a: Quaquaval\n|-damage|p1a: Quaquaval|55\/100\n|-damage|p2a: Rillaboom|91\/100|[from] item: Life Orb\n|move|p1a: Quaquaval|Encore|p2a: Rillaboom\n|-start|p2a: Rillaboom|Encore\n|\n|-heal|p2a: Rillaboom|97\/100|[from] Grassy Terrain\n|-heal|p1a: Quaquaval|61\/100|[from] Grassy Terrain\n|upkeep\n|turn|14\n|inactive|bxlngsm has 120 seconds left.\n|\n|t:|1700364446\n|move|p2a: Rillaboom|Grassy Glide|p1a: Quaquaval\n|-resisted|p1a: Quaquaval\n|-damage|p1a: Quaquaval|13\/100\n|-damage|p2a: Rillaboom|87\/100|[from] item: Life Orb\n|move|p1a: Quaquaval|Close Combat|p2a: Rillaboom\n|-damage|p2a: Rillaboom|13\/100\n|-unboost|p1a: Quaquaval|def|1\n|-unboost|p1a: Quaquaval|spd|1\n|\n|-heal|p2a: Rillaboom|19\/100|[from] Grassy Terrain\n|-heal|p1a: Quaquaval|19\/100|[from] Grassy Terrain\n|upkeep\n|turn|15\n|inactive|bxlngsm has 120 seconds left.\n|\n|t:|1700364454\n|switch|p1a: Tinkaton|Tinkaton, F|78\/100\n|-ability|p1a: Tinkaton|Mold Breaker\n|move|p2a: Rillaboom|Grassy Glide|p1a: Tinkaton\n|-resisted|p1a: Tinkaton\n|-damage|p1a: Tinkaton|45\/100\n|-damage|p2a: Rillaboom|9\/100|[from] item: Life Orb\n|\n|-heal|p2a: Rillaboom|15\/100|[from] Grassy Terrain\n|-heal|p1a: Tinkaton|51\/100|[from] Grassy Terrain\n|upkeep\n|turn|16\n|\n|t:|1700364464\n|switch|p2a: Zapdos|Zapdos|67\/100\n|switch|p1a: Indeedee|Indeedee, M|100\/100\n|-fieldstart|move: Psychic Terrain|[from] ability: Psychic Surge|[of] p1a: Indeedee\n|\n|upkeep\n|turn|17\n|\n|t:|1700364467\n|move|p2a: Zapdos|Volt Switch|p1a: Indeedee\n|-damage|p1a: Indeedee|66\/100\n|\n|t:|1700364471\n|switch|p2a: Empoleon|Empoleon, M|86\/100|[from] Volt Switch\n|move|p1a: Indeedee|Expanding Force|p2a: Empoleon\n|-resisted|p2a: Empoleon\n|-damage|p2a: Empoleon|49\/100\n|-damage|p1a: Indeedee|56\/100|[from] item: Life Orb\n|\n|-heal|p2a: Empoleon|55\/100|[from] item: Leftovers\n|upkeep\n|turn|18\n|\n|t:|1700364486\n|move|p1a: Indeedee|Healing Wish|p1a: Indeedee\n|faint|p1a: Indeedee\n|move|p2a: Empoleon|Stealth Rock|p1: Indeedee\n|-sidestart|p1: bxlngsm|move: Stealth Rock\n|\n|-heal|p2a: Empoleon|61\/100|[from] item: Leftovers\n|upkeep\n|\n|t:|1700364491\n|switch|p1a: Quaquaval|Quaquaval, F, tera:Steel|19\/100\n|-heal|p1a: Quaquaval|100\/100|[from] move: Healing Wish\n|-damage|p1a: Quaquaval|94\/100|[from] Stealth Rock\n|turn|19\n|\n|t:|1700364505\n|switch|p2a: Skeledirge|Skeledirge, M|80\/100 par\n|move|p1a: Quaquaval|Aqua Step|p2a: Skeledirge\n|-supereffective|p2a: Skeledirge\n|-damage|p2a: Skeledirge|26\/100 par\n|-boost|p1a: Quaquaval|spe|1\n|\n|upkeep\n|turn|20\n|\n|t:|1700364513\n|switch|p2a: Zapdos|Zapdos|67\/100\n|move|p1a: Quaquaval|Aqua Step|p2a: Zapdos\n|-damage|p2a: Zapdos|34\/100\n|-boost|p1a: Quaquaval|spe|1\n|\n|-fieldend|move: Psychic Terrain\n|upkeep\n|turn|21\n|\n|t:|1700364526\n|move|p1a: Quaquaval|Swords Dance|p1a: Quaquaval\n|-boost|p1a: Quaquaval|atk|2\n|move|p2a: Zapdos|Roost|p2a: Zapdos\n|-heal|p2a: Zapdos|84\/100\n|-singleturn|p2a: Zapdos|move: Roost\n|\n|upkeep\n|turn|22\n|\n|t:|1700364533\n|move|p1a: Quaquaval|Encore|p2a: Zapdos\n|-start|p2a: Zapdos|Encore\n|move|p2a: Zapdos|Roost|p2a: Zapdos\n|-heal|p2a: Zapdos|100\/100\n|-singleturn|p2a: Zapdos|move: Roost\n|\n|upkeep\n|turn|23\n|\n|t:|1700364536\n|move|p1a: Quaquaval|Swords Dance|p1a: Quaquaval\n|-boost|p1a: Quaquaval|atk|2\n|move|p2a: Zapdos|Roost||[still]\n|-fail|p2a: Zapdos|heal\n|\n|upkeep\n|turn|24\n|\n|t:|1700364539\n|move|p1a: Quaquaval|Swords Dance|p1a: Quaquaval\n|-boost|p1a: Quaquaval|atk|2\n|move|p2a: Zapdos|Roost||[still]\n|-fail|p2a: Zapdos|heal\n|\n|-end|p2a: Zapdos|Encore\n|upkeep\n|turn|25\n|\n|t:|1700364542\n|move|p1a: Quaquaval|Encore|p2a: Zapdos\n|-start|p2a: Zapdos|Encore\n|move|p2a: Zapdos|Roost||[still]\n|-fail|p2a: Zapdos|heal\n|\n|upkeep\n|turn|26\n|\n|t:|1700364546\n|switch|p2a: Empoleon|Empoleon, M|61\/100\n|move|p1a: Quaquaval|Aqua Step|p2a: Empoleon\n|-resisted|p2a: Empoleon\n|-damage|p2a: Empoleon|0 fnt\n|-boost|p1a: Quaquaval|spe|1\n|faint|p2a: Empoleon\n|\n|upkeep\n|\n|t:|1700364548\n|switch|p2a: Zapdos|Zapdos|100\/100\n|turn|27\n|\n|t:|1700364552\n|move|p1a: Quaquaval|Aqua Step|p2a: Zapdos\n|-damage|p2a: Zapdos|0 fnt\n|-boost|p1a: Quaquaval|spe|1\n|faint|p2a: Zapdos\n|\n|upkeep\n|\n|t:|1700364560\n|switch|p2a: Skeledirge|Skeledirge, M|26\/100 par\n|turn|28\n|\n|t:|1700364563\n|move|p1a: Quaquaval|Aqua Step|p2a: Skeledirge\n|-supereffective|p2a: Skeledirge\n|-damage|p2a: Skeledirge|0 fnt\n|-boost|p1a: Quaquaval|spe|1\n|faint|p2a: Skeledirge\n|\n|upkeep\n|-message|Prtbl_Trash forfeited.\n|\n|win|bxlngsm\n|raw|bxlngsm's rating: 1402 &rarr; <strong>1420<\/strong><br \/>(+18 for winning)\n|raw|Prtbl_Trash's rating: 1374 &rarr; <strong>1356<\/strong><br \/>(-18 for losing)\n|l|\u2606Prtbl_Trash\n","uploadtime":1700364628,"views":11,"p1id":"bxlngsm","p2id":"prtbltrash","formatid":"gen9nationaldex","rating":1356,"private":0,"password":""}