{"id":"gen9nationaldex-2000180232","p1":"Guiguistyle","p2":"Elysia0019","format":"[Gen 9] National Dex","log":"|html|<div class=\"broadcast-blue\"><strong>[Gen 9] National Dex is currently suspecting Sneasler! For information on how to participate check out the <a href=\"https:\/\/www.smogon.com\/forums\/threads\/sv-national-dex-suspect-8-just-dance.3731534\/\">suspect thread<\/a>.<\/strong><\/div>\n|j|\u2606Guiguistyle\n|j|\u2606Elysia0019\n|t:|1701168251\n|gametype|singles\n|player|p1|Guiguistyle|169|1547\n|player|p2|Elysia0019|steven|1624\n|teamsize|p1|6\n|teamsize|p2|6\n|gen|9\n|tier|[Gen 9] National Dex\n|rated|\n|rule|HP Percentage Mod: HP is shown in percentages\n|rule|Endless Battle Clause: Forcing endless battles is banned\n|rule|OHKO Clause: OHKO moves are banned\n|rule|Evasion Clause: Evasion abilities, items, and moves are banned\n|rule|Evasion Abilities Clause: Evasion abilities are banned\n|rule|Evasion Items Clause: Evasion items are banned\n|rule|Evasion Moves Clause: Evasion moves are banned\n|rule|Species Clause: Limit one of each Pok\u00e9mon\n|rule|Sleep Clause Mod: Limit one foe put to sleep\n|clearpoke\n|poke|p1|Mawile, F|\n|poke|p1|Ursaluna, F|\n|poke|p1|Marowak-Alola, F|\n|poke|p1|Hatterene, F|\n|poke|p1|Slowbro, M|\n|poke|p1|Porygon2|\n|poke|p2|Mawile, M|\n|poke|p2|Marowak-Alola, M|\n|poke|p2|Hatterene, F|\n|poke|p2|Cresselia, F|\n|poke|p2|Porygon2|\n|poke|p2|Hoopa-Unbound|\n|teampreview\n|inactive|Battle timer is ON: inactive players will automatically lose when time's up. (requested by Guiguistyle)\n|c|\u2606Elysia0019|\u3002\n|c|\u2606Guiguistyle|I\n|\n|t:|1701168268\n|start\n|switch|p1a: Hatterene|Hatterene, F|100\/100\n|switch|p2a: Marowak|Marowak-Alola, M|100\/100\n|turn|1\n|\n|t:|1701168294\n|move|p2a: Marowak|Poltergeist|p1a: Hatterene\n|-activate|p1a: Hatterene|move: Poltergeist|Focus Sash\n|-supereffective|p1a: Hatterene\n|-crit|p1a: Hatterene\n|-enditem|p1a: Hatterene|Focus Sash\n|-damage|p1a: Hatterene|1\/100\n|move|p1a: Hatterene|Healing Wish|p1a: Hatterene\n|faint|p1a: Hatterene\n|\n|upkeep\n|inactive|Guiguistyle has 120 seconds left.\n|\n|t:|1701168310\n|switch|p1a: Marowak|Marowak-Alola, F|100\/100\n|turn|2\n|inactive|Guiguistyle has 120 seconds left.\n|\n|t:|1701168323\n|switch|p2a: Porygon2|Porygon2|100\/100\n|-ability|p2a: Porygon2|Rock Head|[from] ability: Trace|[of] p1a: Marowak\n|move|p1a: Marowak|Bonemerang|p2a: Porygon2\n|-damage|p2a: Porygon2|87\/100\n|-damage|p2a: Porygon2|73\/100\n|-hitcount|p2a: Porygon2|2\n|\n|upkeep\n|turn|3\n|inactive|Guiguistyle has 120 seconds left.\n|\n|t:|1701168333\n|move|p1a: Marowak|Swords Dance|p1a: Marowak\n|-boost|p1a: Marowak|atk|2\n|move|p2a: Porygon2|Teleport|p2a: Porygon2\n|\n|t:|1701168337\n|switch|p2a: Hoopa|Hoopa-Unbound|100\/100|[from] Teleport\n|\n|upkeep\n|turn|4\n|\n|t:|1701168346\n|-terastallize|p1a: Marowak|Fire\n|move|p2a: Hoopa|Hyperspace Fury|p1a: Marowak\n|-damage|p1a: Marowak|2\/100\n|-unboost|p2a: Hoopa|def|1\n|move|p1a: Marowak|Flare Blitz|p2a: Hoopa\n|-damage|p2a: Hoopa|0 fnt\n|faint|p2a: Hoopa\n|\n|upkeep\n|\n|t:|1701168362\n|switch|p2a: Mawile|Mawile, M|100\/100\n|-ability|p2a: Mawile|Intimidate|boost\n|-unboost|p1a: Marowak|atk|1\n|turn|5\n|\n|t:|1701168377\n|move|p2a: Mawile|Ice Punch|p1a: Marowak\n|-resisted|p1a: Marowak\n|-damage|p1a: Marowak|0 fnt\n|faint|p1a: Marowak\n|\n|upkeep\n|inactive|Guiguistyle has 120 seconds left.\n|\n|t:|1701168405\n|switch|p1a: Mawile|Mawile, F|100\/100\n|-ability|p1a: Mawile|Intimidate|boost\n|-unboost|p2a: Mawile|atk|1\n|turn|6\n|\n|t:|1701168413\n|switch|p2a: Porygon2|Porygon2|73\/100\n|-ability|p2a: Porygon2|Intimidate|boost\n|-unboost|p1a: Mawile|atk|1\n|-ability|p2a: Porygon2|Intimidate|[from] ability: Trace|[of] p1a: Mawile\n|detailschange|p1a: Mawile|Mawile-Mega, F\n|-mega|p1a: Mawile|Mawile|Mawilite\n|move|p1a: Mawile|Swords Dance|p1a: Mawile\n|-boost|p1a: Mawile|atk|2\n|\n|upkeep\n|turn|7\n|\n|t:|1701168434\n|move|p1a: Mawile|Play Rough|p2a: Porygon2\n|-damage|p2a: Porygon2|9\/100\n|move|p2a: Porygon2|Teleport|p2a: Porygon2\n|\n|t:|1701168438\n|switch|p2a: Mawile|Mawile, M|100\/100|[from] Teleport\n|-ability|p2a: Mawile|Intimidate|boost\n|-unboost|p1a: Mawile|atk|1\n|\n|upkeep\n|turn|8\n|\n|t:|1701168443\n|detailschange|p2a: Mawile|Mawile-Mega, M\n|-mega|p2a: Mawile|Mawile|Mawilite\n|move|p2a: Mawile|Fire Fang|p1a: Mawile\n|-supereffective|p1a: Mawile\n|-damage|p1a: Mawile|23\/100\n|move|p1a: Mawile|Play Rough|p2a: Mawile\n|-resisted|p2a: Mawile\n|-damage|p2a: Mawile|62\/100\n|\n|upkeep\n|turn|9\n|\n|t:|1701168453\n|switch|p1a: Slowbro|Slowbro, M|100\/100\n|move|p2a: Mawile|Fire Fang|p1a: Slowbro\n|-resisted|p1a: Slowbro\n|-damage|p1a: Slowbro|87\/100\n|\n|-heal|p1a: Slowbro|93\/100|[from] item: Leftovers\n|upkeep\n|turn|10\n|\n|t:|1701168478\n|switch|p2a: Porygon2|Porygon2|9\/100\n|-ability|p2a: Porygon2|Regenerator|[from] ability: Trace|[of] p1a: Slowbro\n|move|p1a: Slowbro|Trick Room|p1a: Slowbro\n|-fieldstart|move: Trick Room|[of] p1a: Slowbro\n|\n|-heal|p1a: Slowbro|99\/100|[from] item: Leftovers\n|upkeep\n|turn|11\n|inactive|Elysia0019 has 120 seconds left.\n|\n|t:|1701168501\n|switch|p2a: Hatterene|Hatterene, F|100\/100\n|move|p1a: Slowbro|Scald|p2a: Hatterene\n|-damage|p2a: Hatterene|70\/100\n|\n|-heal|p1a: Slowbro|100\/100|[from] item: Leftovers\n|upkeep\n|turn|12\n|inactive|Elysia0019 has 120 seconds left.\n|inactive|Guiguistyle has 120 seconds left.\n|l|\u2606Guiguistyle\n|inactive|Guiguistyle disconnected and has a minute to reconnect!\n|player|p1|\n|j|\u2606Guiguistyle\n|inactive|Guiguistyle reconnected and has 105 seconds left.\n|player|p1|Guiguistyle|169\n|\n|t:|1701168553\n|switch|p2a: Porygon2|Porygon2|42\/100\n|-ability|p2a: Porygon2|Regenerator|[from] ability: Trace|[of] p1a: Slowbro\n|move|p1a: Slowbro|Teleport|p1a: Slowbro\n|\n|t:|1701168558\n|switch|p1a: Ursaluna|Ursaluna, F|100\/100|[from] Teleport\n|\n|-status|p1a: Ursaluna|brn|[from] item: Flame Orb\n|upkeep\n|turn|13\n|inactive|Elysia0019 has 120 seconds left.\n|inactive|Guiguistyle has 90 seconds left.\n|\n|t:|1701168585\n|switch|p2a: Cresselia|Cresselia, F|100\/100\n|move|p1a: Ursaluna|Headlong Rush|p2a: Cresselia\n|-immune|p2a: Cresselia|[from] ability: Levitate\n|\n|-damage|p1a: Ursaluna|94\/100 brn|[from] brn\n|upkeep\n|turn|14\n|\n|t:|1701168593\n|move|p1a: Ursaluna|Swords Dance|p1a: Ursaluna\n|-boost|p1a: Ursaluna|atk|2\n|move|p2a: Cresselia|Ice Beam|p1a: Ursaluna\n|-supereffective|p1a: Ursaluna\n|-damage|p1a: Ursaluna|65\/100 brn\n|\n|-damage|p1a: Ursaluna|59\/100 brn|[from] brn\n|-fieldend|move: Trick Room\n|upkeep\n|turn|15\n|inactive|Elysia0019 has 120 seconds left.\n|\n|t:|1701168620\n|move|p1a: Ursaluna|Facade|p2a: Cresselia\n|-damage|p2a: Cresselia|0 fnt\n|faint|p2a: Cresselia\n|\n|-damage|p1a: Ursaluna|52\/100 brn|[from] brn\n|upkeep\n|\n|t:|1701168625\n|switch|p2a: Mawile|Mawile-Mega, M|62\/100\n|turn|16\n|\n|t:|1701168631\n|move|p2a: Mawile|Ice Punch|p1a: Ursaluna\n|-supereffective|p1a: Ursaluna\n|-damage|p1a: Ursaluna|0 fnt\n|faint|p1a: Ursaluna\n|\n|upkeep\n|\n|t:|1701168637\n|switch|p1a: Slowbro|Slowbro, M|100\/100\n|turn|17\n|inactive|Guiguistyle has 120 seconds left.\n|\n|t:|1701168644\n|switch|p2a: Porygon2|Porygon2|75\/100\n|-ability|p2a: Porygon2|Regenerator|[from] ability: Trace|[of] p1a: Slowbro\n|move|p1a: Slowbro|Scald|p2a: Porygon2\n|-damage|p2a: Porygon2|60\/100\n|-status|p2a: Porygon2|brn\n|\n|-damage|p2a: Porygon2|53\/100 brn|[from] brn\n|upkeep\n|turn|18\n|\n|t:|1701168651\n|move|p1a: Slowbro|Scald|p2a: Porygon2\n|-damage|p2a: Porygon2|38\/100 brn\n|move|p2a: Porygon2|Teleport|p2a: Porygon2\n|\n|t:|1701168655\n|switch|p2a: Marowak|Marowak-Alola, M|100\/100|[from] Teleport\n|\n|upkeep\n|turn|19\n|\n|t:|1701168664\n|move|p2a: Marowak|Flare Blitz|p1a: Slowbro\n|-resisted|p1a: Slowbro\n|-damage|p1a: Slowbro|70\/100\n|move|p1a: Slowbro|Scald|p2a: Marowak\n|-supereffective|p2a: Marowak\n|-damage|p2a: Marowak|31\/100\n|\n|-heal|p1a: Slowbro|76\/100|[from] item: Leftovers\n|upkeep\n|turn|20\n|l|\u2606Guiguistyle\n|inactive|Guiguistyle disconnected and has a minute to reconnect!\n|player|p1|\n|j|\u2606Guiguistyle\n|inactive|Guiguistyle reconnected and has 125 seconds left.\n|player|p1|Guiguistyle|169\n|\n|t:|1701168688\n|switch|p1a: Porygon2|Porygon2|100\/100\n|-ability|p1a: Porygon2|Rock Head|[from] ability: Trace|[of] p2a: Marowak\n|move|p2a: Marowak|Poltergeist|p1a: Porygon2\n|-immune|p1a: Porygon2\n|\n|upkeep\n|turn|21\n|j| trTR1\n|\n|t:|1701168701\n|switch|p2a: Hatterene|Hatterene, F|70\/100\n|move|p1a: Porygon2|Teleport|p1a: Porygon2\n|\n|t:|1701168707\n|switch|p1a: Mawile|Mawile-Mega, F|23\/100|[from] Teleport\n|-heal|p1a: Mawile|100\/100|[from] move: Healing Wish\n|\n|upkeep\n|turn|22\n|\n|t:|1701168735\n|move|p2a: Hatterene|Mystical Fire|p1a: Mawile\n|-supereffective|p1a: Mawile\n|-damage|p1a: Mawile|33\/100\n|-unboost|p1a: Mawile|spa|1\n|move|p1a: Mawile|Play Rough|p2a: Hatterene|[miss]\n|-miss|p1a: Mawile|p2a: Hatterene\n|\n|upkeep\n|turn|23\n|c|\u2606Guiguistyle|Bruh\n|\n|t:|1701168751\n|move|p1a: Mawile|Sucker Punch|p2a: Hatterene\n|-crit|p2a: Hatterene\n|-damage|p2a: Hatterene|0 fnt\n|faint|p2a: Hatterene\n|\n|upkeep\n|\n|t:|1701168757\n|switch|p2a: Porygon2|Porygon2|71\/100 brn\n|-ability|p2a: Porygon2|Huge Power|[from] ability: Trace|[of] p1a: Mawile\n|turn|24\n|c|\u2606Guiguistyle|Fair enough\n|\n|t:|1701168770\n|switch|p1a: Slowbro|Slowbro, M|100\/100\n|move|p2a: Porygon2|Thunderbolt|p1a: Slowbro\n|-supereffective|p1a: Slowbro\n|-damage|p1a: Slowbro|57\/100\n|\n|-heal|p1a: Slowbro|63\/100|[from] item: Leftovers\n|-damage|p2a: Porygon2|65\/100 brn|[from] brn\n|upkeep\n|turn|25\n|\n|t:|1701168780\n|switch|p1a: Porygon2|Porygon2|100\/100\n|-ability|p1a: Porygon2|Huge Power|[from] ability: Trace|[of] p2a: Porygon2\n|move|p2a: Porygon2|Thunderbolt|p1a: Porygon2\n|-damage|p1a: Porygon2|90\/100\n|-status|p1a: Porygon2|par\n|\n|-damage|p2a: Porygon2|59\/100 brn|[from] brn\n|upkeep\n|turn|26\n|c|\u2606Guiguistyle|Bruh\n|\n|t:|1701168796\n|move|p1a: Porygon2|Ice Beam|p2a: Porygon2\n|-damage|p2a: Porygon2|46\/100 brn\n|move|p2a: Porygon2|Teleport|p2a: Porygon2\n|\n|t:|1701168799\n|switch|p2a: Mawile|Mawile-Mega, M|62\/100|[from] Teleport\n|\n|upkeep\n|turn|27\n|\n|t:|1701168807\n|move|p2a: Mawile|Play Rough|p1a: Porygon2\n|-damage|p1a: Porygon2|26\/100 par\n|cant|p1a: Porygon2|par\n|\n|upkeep\n|turn|28\n|\n|t:|1701168822\n|move|p2a: Mawile|Play Rough|p1a: Porygon2\n|-damage|p1a: Porygon2|0 fnt\n|faint|p1a: Porygon2\n|\n|upkeep\n|\n|t:|1701168826\n|switch|p1a: Slowbro|Slowbro, M|97\/100\n|turn|29\n|\n|t:|1701168834\n|switch|p2a: Porygon2|Porygon2|46\/100 brn\n|-ability|p2a: Porygon2|Regenerator|[from] ability: Trace|[of] p1a: Slowbro\n|move|p1a: Slowbro|Scald|p2a: Porygon2\n|-damage|p2a: Porygon2|30\/100 brn\n|\n|-heal|p1a: Slowbro|100\/100|[from] item: Leftovers\n|-damage|p2a: Porygon2|23\/100 brn|[from] brn\n|upkeep\n|turn|30\n|\n|t:|1701168844\n|move|p1a: Slowbro|Scald|p2a: Porygon2\n|-damage|p2a: Porygon2|9\/100 brn\n|move|p2a: Porygon2|Teleport|p2a: Porygon2\n|\n|t:|1701168848\n|switch|p2a: Marowak|Marowak-Alola, M|31\/100|[from] Teleport\n|\n|upkeep\n|turn|31\n|\n|t:|1701168852\n|move|p2a: Marowak|Poltergeist|p1a: Slowbro\n|-activate|p1a: Slowbro|move: Poltergeist|Leftovers\n|-supereffective|p1a: Slowbro\n|-damage|p1a: Slowbro|0 fnt\n|faint|p1a: Slowbro\n|\n|upkeep\n|-message|Guiguistyle forfeited.\n|\n|win|Elysia0019\n|raw|Guiguistyle's rating: 1547 &rarr; <strong>1531<\/strong><br \/>(-16 for losing)\n|raw|Elysia0019's rating: 1624 &rarr; <strong>1640<\/strong><br \/>(+16 for winning)\n|l|\u2606Guiguistyle\n|l|\u2606Elysia0019\n","uploadtime":1701169118,"views":9,"p1id":"guiguistyle","p2id":"elysia0019","formatid":"gen9nationaldex","rating":1531,"private":0,"password":""}