{"id":"gen9nationaldex-1998118973","p1":"gallohon","p2":"fgiggdruhchk","format":"[Gen 9] National Dex","log":"|html|<div class=\"broadcast-blue\"><strong>[Gen 9] National Dex is currently suspecting Sneasler! For information on how to participate check out the <a href=\"https:\/\/www.smogon.com\/forums\/threads\/sv-national-dex-suspect-8-just-dance.3731534\/\">suspect thread<\/a>.<\/strong><\/div>\n|j|\u2606gallohon\n|j|\u2606fgiggdruhchk\n|t:|1700894715\n|gametype|singles\n|player|p1|gallohon|swimmerf|1000\n|player|p2|fgiggdruhchk|unknown|1036\n|teamsize|p1|6\n|teamsize|p2|6\n|gen|9\n|tier|[Gen 9] National Dex\n|rated|\n|rule|HP Percentage Mod: HP is shown in percentages\n|rule|Endless Battle Clause: Forcing endless battles is banned\n|rule|OHKO Clause: OHKO moves are banned\n|rule|Evasion Clause: Evasion abilities, items, and moves are banned\n|rule|Evasion Abilities Clause: Evasion abilities are banned\n|rule|Evasion Items Clause: Evasion items are banned\n|rule|Evasion Moves Clause: Evasion moves are banned\n|rule|Species Clause: Limit one of each Pok\u00e9mon\n|rule|Sleep Clause Mod: Limit one foe put to sleep\n|clearpoke\n|poke|p1|Hatterene, F|\n|poke|p1|Samurott-Hisui, F|\n|poke|p1|Bisharp, F|\n|poke|p1|Medicham, M|\n|poke|p1|Gyarados, F|\n|poke|p1|Cinderace, F|\n|poke|p2|Milotic, M|\n|poke|p2|Scizor, M|\n|poke|p2|Landorus-Therian, M|\n|poke|p2|Gliscor, M|\n|poke|p2|Iron Valiant|\n|poke|p2|Tapu Lele|\n|teampreview\n|inactive|Battle timer is ON: inactive players will automatically lose when time's up. (requested by fgiggdruhchk)\n|\n|t:|1700894721\n|start\n|switch|p1a: Hatterene|Hatterene, F, shiny|100\/100\n|switch|p2a: Tapu Lele|Tapu Lele|100\/100\n|-fieldstart|move: Psychic Terrain|[from] ability: Psychic Surge|[of] p2a: Tapu Lele\n|turn|1\n|\n|t:|1700894728\n|move|p2a: Tapu Lele|Moonblast|p1a: Hatterene\n|-damage|p1a: Hatterene|50\/100\n|move|p1a: Hatterene|Brutal Swing|p2a: Tapu Lele\n|-crit|p2a: Tapu Lele\n|-damage|p2a: Tapu Lele|58\/100\n|\n|upkeep\n|turn|2\n|\n|t:|1700894735\n|move|p2a: Tapu Lele|Moonblast|p1a: Hatterene\n|-damage|p1a: Hatterene|0 fnt\n|faint|p1a: Hatterene\n|\n|upkeep\n|\n|t:|1700894742\n|switch|p1a: Samurott|Samurott-Hisui, F, shiny|100\/100\n|turn|3\n|\n|t:|1700894750\n|move|p2a: Tapu Lele|Moonblast|p1a: Samurott\n|-supereffective|p1a: Samurott\n|-damage|p1a: Samurott|0 fnt\n|faint|p1a: Samurott\n|\n|upkeep\n|\n|t:|1700894759\n|switch|p1a: Bu-T|Cinderace, F, shiny|100\/100\n|turn|4\n|\n|t:|1700894766\n|switch|p2a: Landorus|Landorus-Therian, M|100\/100\n|-ability|p2a: Landorus|Intimidate|boost\n|-unboost|p1a: Bu-T|atk|1\n|move|p1a: Bu-T|Gunk Shot|p2a: Landorus|[miss]\n|-start|p1a: Bu-T|typechange|Poison|[from] ability: Libero\n|-miss|p1a: Bu-T|p2a: Landorus\n|\n|upkeep\n|turn|5\n|\n|t:|1700894783\n|switch|p1a: Medicham|Medicham, M|100\/100\n|move|p2a: Landorus|Stealth Rock|p1a: Medicham\n|-sidestart|p1: gallohon|move: Stealth Rock\n|\n|-fieldend|move: Psychic Terrain\n|upkeep\n|turn|6\n|\n|t:|1700894794\n|switch|p2a: Scizor|Scizor, M|100\/100\n|move|p1a: Medicham|Shadow Ball|p2a: Scizor\n|-damage|p2a: Scizor|81\/100\n|-unboost|p2a: Scizor|spd|1\n|\n|upkeep\n|turn|7\n|\n|t:|1700894803\n|detailschange|p2a: Scizor|Scizor-Mega, M\n|-mega|p2a: Scizor|Scizor|Scizorite\n|move|p1a: Medicham|Psychic|p2a: Scizor\n|-resisted|p2a: Scizor\n|-damage|p2a: Scizor|59\/100\n|move|p2a: Scizor|U-turn|p1a: Medicham\n|-damage|p1a: Medicham|47\/100\n|\n|t:|1700894818\n|switch|p2a: Tapu Lele|Tapu Lele|58\/100|[from] U-turn\n|-fieldstart|move: Psychic Terrain|[from] ability: Psychic Surge|[of] p2a: Tapu Lele\n|\n|upkeep\n|turn|8\n|\n|t:|1700894830\n|switch|p1a: Bu-T|Cinderace, F, shiny|100\/100\n|-damage|p1a: Bu-T|76\/100|[from] Stealth Rock\n|move|p2a: Tapu Lele|Moonblast|p1a: Bu-T\n|-resisted|p1a: Bu-T\n|-damage|p1a: Bu-T|19\/100\n|\n|upkeep\n|turn|9\n|j| SAY BEYONCE\n|\n|t:|1700894842\n|-terastallize|p1a: Bu-T|Fire\n|move|p1a: Bu-T|Acrobatics|p2a: Tapu Lele\n|-damage|p2a: Tapu Lele|0 fnt\n|faint|p2a: Tapu Lele\n|\n|upkeep\n|\n|t:|1700894848\n|switch|p2a: Iron Valiant|Iron Valiant|100\/100\n|-enditem|p2a: Iron Valiant|Booster Energy\n|-activate|p2a: Iron Valiant|ability: Quark Drive|[fromitem]\n|-start|p2a: Iron Valiant|quarkdrivespe\n|turn|10\n|\n|t:|1700894863\n|move|p2a: Iron Valiant|Moonblast|p1a: Bu-T\n|-resisted|p1a: Bu-T\n|-damage|p1a: Bu-T|0 fnt\n|faint|p1a: Bu-T\n|\n|upkeep\n|\n|t:|1700894870\n|switch|p1a: Gyarados|Gyarados, F, shiny|100\/100\n|-damage|p1a: Gyarados|76\/100|[from] Stealth Rock\n|-ability|p1a: Gyarados|Intimidate|boost\n|-unboost|p2a: Iron Valiant|atk|1\n|turn|11\n|\n|t:|1700894885\n|detailschange|p1a: Gyarados|Gyarados-Mega, F, shiny\n|-mega|p1a: Gyarados|Gyarados|Gyaradosite\n|-ability|p1a: Gyarados|Mold Breaker\n|-terastallize|p2a: Iron Valiant|Fairy\n|move|p2a: Iron Valiant|Moonblast|p1a: Gyarados\n|-supereffective|p1a: Gyarados\n|-damage|p1a: Gyarados|0 fnt\n|faint|p1a: Gyarados\n|\n|-fieldend|move: Psychic Terrain\n|upkeep\n|\n|t:|1700894889\n|switch|p1a: Bisharp|Bisharp, F|100\/100\n|-damage|p1a: Bisharp|95\/100|[from] Stealth Rock\n|-ability|p1a: Bisharp|Pressure\n|turn|12\n|\n|t:|1700894894\n|move|p2a: Iron Valiant|Aura Sphere|p1a: Bisharp\n|-supereffective|p1a: Bisharp\n|-damage|p1a: Bisharp|0 fnt\n|faint|p1a: Bisharp\n|\n|upkeep\n|\n|t:|1700894896\n|switch|p1a: Medicham|Medicham, M|47\/100\n|-damage|p1a: Medicham|41\/100|[from] Stealth Rock\n|turn|13\n|\n|t:|1700894913\n|move|p2a: Iron Valiant|Moonblast|p1a: Medicham\n|-supereffective|p1a: Medicham\n|-damage|p1a: Medicham|0 fnt\n|faint|p1a: Medicham\n|\n|win|fgiggdruhchk\n|raw|gallohon's rating: 1000 &rarr; <strong>1000<\/strong><br \/>(+0 for losing)\n|raw|fgiggdruhchk's rating: 1036 &rarr; <strong>1067<\/strong><br \/>(+31 for winning)\n|l|\u2606gallohon\n","uploadtime":1700894920,"views":1,"p1id":"gallohon","p2id":"fgiggdruhchk","formatid":"gen9nationaldex","rating":1000,"private":0,"password":""}