{"id":"gen9nationaldex-1988354545","p1":"AshtonCoolGuy","p2":"Dezjaws","format":"[Gen 9] National Dex","log":"|j|\u2606AshtonCoolGuy\n|j|\u2606Dezjaws\n|t:|1699713037\n|gametype|singles\n|player|p1|AshtonCoolGuy|2|\n|player|p2|Dezjaws|ghetsis|\n|teamsize|p1|6\n|teamsize|p2|6\n|gen|9\n|tier|[Gen 9] National Dex\n|rule|HP Percentage Mod: HP is shown in percentages\n|rule|Endless Battle Clause: Forcing endless battles is banned\n|rule|OHKO Clause: OHKO moves are banned\n|rule|Evasion Clause: Evasion abilities, items, and moves are banned\n|rule|Evasion Abilities Clause: Evasion abilities are banned\n|rule|Evasion Items Clause: Evasion items are banned\n|rule|Evasion Moves Clause: Evasion moves are banned\n|rule|Species Clause: Limit one of each Pok\u00e9mon\n|rule|Sleep Clause Mod: Limit one foe put to sleep\n|clearpoke\n|poke|p1|Ogerpon, F|\n|poke|p1|Pidgeot, F|\n|poke|p1|Zeraora|\n|poke|p1|Urshifu-*, M|\n|poke|p1|Alakazam, M|\n|poke|p1|Zoroark-Hisui, M|\n|poke|p2|Ninetales-Alola, F|\n|poke|p2|Scizor, F|\n|poke|p2|Greninja-*, M|\n|poke|p2|Zapdos|\n|poke|p2|Clodsire, F|\n|poke|p2|Ditto|\n|teampreview\n|\n|t:|1699713092\n|start\n|switch|p1a: Bolt|Zeraora|100\/100\n|switch|p2a: Feunard|Ninetales-Alola, F|100\/100\n|-weather|Snow|[from] ability: Snow Warning|[of] p2a: Feunard\n|turn|1\n|c|\u2606Dezjaws|Autant pour moi, j'ai cru qu'on avait fait 2 match x)\n|\n|t:|1699713107\n|move|p1a: Bolt|Blaze Kick|p2a: Feunard\n|-supereffective|p2a: Feunard\n|-damage|p2a: Feunard|43\/100\n|-damage|p1a: Bolt|91\/100|[from] item: Life Orb\n|move|p2a: Feunard|Aurora Veil|p2a: Feunard\n|-sidestart|p2: Dezjaws|move: Aurora Veil\n|\n|-weather|Snow|[upkeep]\n|upkeep\n|turn|2\n|\n|t:|1699713123\n|switch|p2a: \u00c9lecthor|Zapdos|100\/100\n|move|p1a: Bolt|Blaze Kick|p2a: \u00c9lecthor\n|-crit|p2a: \u00c9lecthor\n|-damage|p2a: \u00c9lecthor|61\/100\n|-damage|p1a: Bolt|81\/100|[from] item: Life Orb\n|\n|-weather|Snow|[upkeep]\n|upkeep\n|turn|3\n|\n|t:|1699713143\n|move|p1a: Bolt|Plasma Fists|p2a: \u00c9lecthor\n|-damage|p2a: \u00c9lecthor|37\/100\n|-fieldactivate|move: Ion Deluge\n|-hint|Normal-type moves become Electric-type after using Plasma Fists.\n|-damage|p1a: Bolt|71\/100|[from] item: Life Orb\n|move|p2a: \u00c9lecthor|Roost|p2a: \u00c9lecthor\n|-heal|p2a: \u00c9lecthor|87\/100\n|-singleturn|p2a: \u00c9lecthor|move: Roost\n|\n|-weather|Snow|[upkeep]\n|upkeep\n|turn|4\n|\n|t:|1699713156\n|move|p1a: Bolt|Blaze Kick|p2a: \u00c9lecthor\n|-damage|p2a: \u00c9lecthor|74\/100\n|-status|p2a: \u00c9lecthor|brn\n|-damage|p1a: Bolt|61\/100|[from] item: Life Orb\n|move|p2a: \u00c9lecthor|Heat Wave|p1a: Bolt\n|-damage|p1a: Bolt|30\/100\n|\n|-weather|Snow|[upkeep]\n|-damage|p2a: \u00c9lecthor|68\/100 brn|[from] brn\n|upkeep\n|turn|5\n|\n|t:|1699713171\n|switch|p1a: MaGiCaL TrIcK|Alakazam, M|100\/100\n|move|p2a: \u00c9lecthor|Roost|p2a: \u00c9lecthor\n|-heal|p2a: \u00c9lecthor|100\/100 brn\n|-singleturn|p2a: \u00c9lecthor|move: Roost\n|\n|-weather|none\n|-damage|p2a: \u00c9lecthor|94\/100 brn|[from] brn\n|upkeep\n|turn|6\n|\n|t:|1699713182\n|move|p1a: MaGiCaL TrIcK|Psyshock|p2a: \u00c9lecthor\n|-damage|p2a: \u00c9lecthor|80\/100 brn\n|move|p2a: \u00c9lecthor|Volt Switch|p1a: MaGiCaL TrIcK\n|-damage|p1a: MaGiCaL TrIcK|58\/100\n|\n|t:|1699713189\n|switch|p2a: Amphinobie|Greninja, M|100\/100|[from] Volt Switch\n|\n|upkeep\n|turn|7\n|\n|t:|1699713200\n|switch|p1a: Master Shi-fu|Urshifu-Rapid-Strike, M|100\/100\n|move|p2a: Amphinobie|Dark Pulse|p1a: Master Shi-fu\n|-start|p2a: Amphinobie|typechange|Dark|[from] ability: Protean\n|-resisted|p1a: Master Shi-fu\n|-damage|p1a: Master Shi-fu|59\/100\n|\n|upkeep\n|turn|8\n|\n|t:|1699713215\n|switch|p2a: Feunard|Ninetales-Alola, F|43\/100\n|-weather|Snow|[from] ability: Snow Warning|[of] p2a: Feunard\n|move|p1a: Master Shi-fu|Drain Punch|p2a: Feunard\n|-damage|p2a: Feunard|26\/100\n|-heal|p1a: Master Shi-fu|67\/100|[from] drain|[of] p2a: Feunard\n|\n|-weather|Snow|[upkeep]\n|-sideend|p2: Dezjaws|move: Aurora Veil\n|upkeep\n|turn|9\n|\n|t:|1699713230\n|move|p2a: Feunard|Aurora Veil|p2a: Feunard\n|-sidestart|p2: Dezjaws|move: Aurora Veil\n|move|p1a: Master Shi-fu|Trailblaze|p2a: Feunard\n|-damage|p2a: Feunard|18\/100\n|-boost|p1a: Master Shi-fu|spe|1\n|\n|-weather|Snow|[upkeep]\n|upkeep\n|turn|10\n|\n|t:|1699713245\n|move|p1a: Master Shi-fu|Surging Strikes|p2a: Feunard\n|-crit|p2a: Feunard\n|-damage|p2a: Feunard|0 fnt\n|faint|p2a: Feunard\n|-hitcount|p2: Feunard|1\n|\n|-weather|Snow|[upkeep]\n|upkeep\n|\n|t:|1699713255\n|switch|p2a: \u00c9lecthor|Zapdos|80\/100 brn\n|turn|11\n|\n|t:|1699713280\n|switch|p1a: Bolt|Zeraora|30\/100\n|move|p2a: \u00c9lecthor|Volt Switch|p1a: Bolt\n|-heal|p1a: Bolt|55\/100|[from] ability: Volt Absorb|[of] p2a: \u00c9lecthor\n|\n|-weather|Snow|[upkeep]\n|-damage|p2a: \u00c9lecthor|74\/100 brn|[from] brn\n|upkeep\n|turn|12\n|\n|t:|1699713291\n|move|p1a: Bolt|Blaze Kick|p2a: \u00c9lecthor\n|-damage|p2a: \u00c9lecthor|62\/100 brn\n|-damage|p1a: Bolt|45\/100|[from] item: Life Orb\n|move|p2a: \u00c9lecthor|Heat Wave|p1a: Bolt\n|-damage|p1a: Bolt|10\/100\n|\n|-weather|none\n|-damage|p2a: \u00c9lecthor|55\/100 brn|[from] brn\n|upkeep\n|turn|13\n|\n|t:|1699713302\n|move|p1a: Bolt|Outrage|p2a: \u00c9lecthor\n|-damage|p2a: \u00c9lecthor|37\/100 brn\n|-damage|p1a: Bolt|0 fnt|[from] item: Life Orb\n|faint|p1a: Bolt\n|move|p2a: \u00c9lecthor|Roost|p2a: \u00c9lecthor\n|-heal|p2a: \u00c9lecthor|87\/100 brn\n|-singleturn|p2a: \u00c9lecthor|move: Roost\n|\n|-damage|p2a: \u00c9lecthor|81\/100 brn|[from] brn\n|upkeep\n|\n|t:|1699713311\n|switch|p1a: MaGiCaL TrIcK|Alakazam, M|100\/100\n|turn|14\n|\n|t:|1699713329\n|move|p1a: MaGiCaL TrIcK|Swords Dance|p1a: MaGiCaL TrIcK\n|-boost|p1a: MaGiCaL TrIcK|atk|2\n|move|p2a: \u00c9lecthor|Volt Switch|p1a: MaGiCaL TrIcK\n|-damage|p1a: MaGiCaL TrIcK|42\/100\n|replace|p1a: Zoro|Zoroark-Hisui, M, shiny\n|-end|p1a: Zoro|Illusion\n|\n|t:|1699713342\n|switch|p2a: Amphinobie|Greninja, M|100\/100|[from] Volt Switch\n|\n|upkeep\n|turn|15\n|\n|t:|1699713354\n|move|p2a: Amphinobie|Dark Pulse|p1a: Zoro\n|-start|p2a: Amphinobie|typechange|Dark|[from] ability: Protean\n|-supereffective|p1a: Zoro\n|-enditem|p1a: Zoro|Colbur Berry|[eat]\n|-enditem|p1a: Zoro|Colbur Berry|[weaken]\n|-damage|p1a: Zoro|0 fnt\n|faint|p1a: Zoro\n|\n|upkeep\n|\n|t:|1699713364\n|switch|p1a: Master Shi-fu|Urshifu-Rapid-Strike, M|67\/100\n|turn|16\n|\n|t:|1699713372\n|switch|p2a: \u00c9lecthor|Zapdos|81\/100 brn\n|move|p1a: Master Shi-fu|Swords Dance|p1a: Master Shi-fu\n|-boost|p1a: Master Shi-fu|atk|2\n|\n|-damage|p2a: \u00c9lecthor|74\/100 brn|[from] brn\n|-sideend|p2: Dezjaws|move: Aurora Veil\n|upkeep\n|turn|17\n|\n|t:|1699713390\n|-terastallize|p2a: \u00c9lecthor|Water\n|move|p1a: Master Shi-fu|Surging Strikes|p2a: \u00c9lecthor\n|-resisted|p2a: \u00c9lecthor\n|-crit|p2a: \u00c9lecthor\n|-damage|p2a: \u00c9lecthor|60\/100 brn\n|-resisted|p2a: \u00c9lecthor\n|-crit|p2a: \u00c9lecthor\n|-damage|p2a: \u00c9lecthor|44\/100 brn\n|-resisted|p2a: \u00c9lecthor\n|-crit|p2a: \u00c9lecthor\n|-damage|p2a: \u00c9lecthor|27\/100 brn\n|-hitcount|p2a: \u00c9lecthor|3\n|move|p2a: \u00c9lecthor|Volt Switch|p1a: Master Shi-fu\n|-supereffective|p1a: Master Shi-fu\n|-crit|p1a: Master Shi-fu\n|-damage|p1a: Master Shi-fu|0 fnt\n|faint|p1a: Master Shi-fu\n|\n|t:|1699713405\n|switch|p2a: Amphinobie|Greninja, M|100\/100|[from] Volt Switch\n|\n|upkeep\n|\n|t:|1699713408\n|switch|p1a: Ponpon|Ogerpon, F|100\/100\n|turn|18\n|\n|t:|1699713416\n|switch|p2a: \u00c9lecthor|Zapdos, tera:Water|27\/100 brn\n|-terastallize|p1a: Ponpon|Grass\n|detailschange|p1a: Ponpon|Ogerpon-Teal-Tera, F, tera:Grass\n|-ability|p1a: Ponpon|Embody Aspect (Teal)|boost\n|-boost|p1a: Ponpon|spe|1\n|move|p1a: Ponpon|Ivy Cudgel|p2a: \u00c9lecthor\n|-supereffective|p2a: \u00c9lecthor\n|-damage|p2a: \u00c9lecthor|0 fnt\n|faint|p2a: \u00c9lecthor\n|\n|upkeep\n|\n|t:|1699713428\n|switch|p2a: Cizayox|Scizor, F|100\/100\n|turn|19\n|\n|t:|1699713432\n|switch|p1a: MaGiCaL TrIcK|Alakazam, M|58\/100\n|detailschange|p2a: Cizayox|Scizor-Mega, F\n|-mega|p2a: Cizayox|Scizor|Scizorite\n|move|p2a: Cizayox|U-turn|p1a: MaGiCaL TrIcK\n|-supereffective|p1a: MaGiCaL TrIcK\n|-damage|p1a: MaGiCaL TrIcK|0 fnt\n|faint|p1a: MaGiCaL TrIcK\n|\n|t:|1699713442\n|switch|p2a: Terraiste|Clodsire, F|100\/100|[from] U-turn\n|\n|upkeep\n|\n|t:|1699713445\n|switch|p1a: R\u00e2|Pidgeot, F|100\/100\n|turn|20\n|\n|t:|1699713453\n|switch|p2a: Amphinobie|Greninja, M|100\/100\n|detailschange|p1a: R\u00e2|Pidgeot-Mega, F\n|-mega|p1a: R\u00e2|Pidgeot|Pidgeotite\n|move|p1a: R\u00e2|Substitute|p1a: R\u00e2\n|-start|p1a: R\u00e2|Substitute\n|-damage|p1a: R\u00e2|76\/100\n|\n|upkeep\n|turn|21\n|\n|t:|1699713466\n|move|p2a: Amphinobie|Water Shuriken|p1a: R\u00e2\n|-start|p2a: Amphinobie|typechange|Water|[from] ability: Protean\n|-activate|p1a: R\u00e2|move: Substitute|[damage]\n|-end|p1a: R\u00e2|Substitute\n|-damage|p1a: R\u00e2|63\/100\n|-hitcount|p1a: R\u00e2|3\n|move|p1a: R\u00e2|Hurricane|p2a: Amphinobie\n|-damage|p2a: Amphinobie|6\/100\n|\n|upkeep\n|turn|22\n|\n|t:|1699713490\n|switch|p1a: Ponpon|Ogerpon-Teal-Tera, F, tera:Grass|100\/100\n|-ability|p1a: Ponpon|Embody Aspect (Teal)|boost\n|-boost|p1a: Ponpon|spe|1\n|move|p2a: Amphinobie|Water Shuriken|p1a: Ponpon\n|-resisted|p1a: Ponpon\n|-damage|p1a: Ponpon|95\/100\n|-resisted|p1a: Ponpon\n|-damage|p1a: Ponpon|89\/100\n|-hitcount|p1a: Ponpon|2\n|\n|upkeep\n|turn|23\n|j| Lester Jr\n|\n|t:|1699713509\n|switch|p2a: Terraiste|Clodsire, F|100\/100\n|move|p1a: Ponpon|Knock Off|p2a: Terraiste\n|-damage|p2a: Terraiste|51\/100\n|-enditem|p2a: Terraiste|Leftovers|[from] move: Knock Off|[of] p1a: Ponpon\n|\n|upkeep\n|turn|24\n|\n|t:|1699713524\n|move|p1a: Ponpon|Knock Off|p2a: Terraiste\n|-damage|p2a: Terraiste|13\/100\n|move|p2a: Terraiste|Toxic|p1a: Ponpon\n|-status|p1a: Ponpon|tox\n|\n|-damage|p1a: Ponpon|83\/100 tox|[from] psn\n|upkeep\n|turn|25\n|\n|t:|1699713541\n|move|p1a: Ponpon|Knock Off|p2a: Terraiste\n|-damage|p2a: Terraiste|0 fnt\n|faint|p2a: Terraiste\n|\n|-damage|p1a: Ponpon|71\/100 tox|[from] psn\n|upkeep\n|\n|t:|1699713547\n|switch|p2a: Cizayox|Scizor-Mega, F|100\/100\n|turn|26\n|\n|t:|1699713551\n|move|p1a: Ponpon|Knock Off|p2a: Cizayox\n|-damage|p2a: Cizayox|74\/100\n|move|p2a: Cizayox|Swords Dance|p2a: Cizayox\n|-boost|p2a: Cizayox|atk|2\n|\n|-damage|p1a: Ponpon|53\/100 tox|[from] psn\n|upkeep\n|turn|27\n|\n|t:|1699713560\n|move|p2a: Cizayox|Bullet Punch|p1a: Ponpon\n|-damage|p1a: Ponpon|0 fnt\n|faint|p1a: Ponpon\n|\n|upkeep\n|\n|t:|1699713563\n|switch|p1a: R\u00e2|Pidgeot-Mega, F|63\/100\n|turn|28\n|\n|t:|1699713567\n|move|p2a: Cizayox|Bullet Punch|p1a: R\u00e2\n|-damage|p1a: R\u00e2|0 fnt\n|faint|p1a: R\u00e2\n|\n|win|Dezjaws\n|c|\u2606AshtonCoolGuy|gg\n","uploadtime":1699713574,"views":6,"p1id":"ashtoncoolguy","p2id":"dezjaws","formatid":"gen9nationaldex","rating":0,"private":0,"password":""}