{"id":"gen9nationaldex-1998651933","p1":"tidaltao","p2":"alpha4k","format":"[Gen 9] National Dex","log":"|html|<div class=\"broadcast-blue\"><strong>[Gen 9] National Dex is currently suspecting Sneasler! For information on how to participate check out the <a href=\"https:\/\/www.smogon.com\/forums\/threads\/sv-national-dex-suspect-8-just-dance.3731534\/\">suspect thread<\/a>.<\/strong><\/div>\n|j|\u2606tidaltao\n|j|\u2606alpha4k\n|t:|1700967831\n|gametype|singles\n|player|p1|tidaltao|roxanne|\n|player|p2|alpha4k|266|\n|teamsize|p1|6\n|teamsize|p2|6\n|gen|9\n|tier|[Gen 9] National Dex\n|rule|HP Percentage Mod: HP is shown in percentages\n|rule|Endless Battle Clause: Forcing endless battles is banned\n|rule|OHKO Clause: OHKO moves are banned\n|rule|Evasion Clause: Evasion abilities, items, and moves are banned\n|rule|Evasion Abilities Clause: Evasion abilities are banned\n|rule|Evasion Items Clause: Evasion items are banned\n|rule|Evasion Moves Clause: Evasion moves are banned\n|rule|Species Clause: Limit one of each Pok\u00e9mon\n|rule|Sleep Clause Mod: Limit one foe put to sleep\n|clearpoke\n|poke|p1|Charizard, M|\n|poke|p1|Torkoal, M|\n|poke|p1|Venusaur, M|\n|poke|p1|Skarmory, M|\n|poke|p1|Zapdos-Galar|\n|poke|p1|Sandy Shocks|\n|poke|p2|Duraludon, M|\n|poke|p2|Houndoom, F|\n|poke|p2|Slither Wing|\n|poke|p2|Great Tusk|\n|poke|p2|Lilligant-Hisui, F|\n|poke|p2|Blissey, F|\n|teampreview\n|\n|t:|1700967845\n|start\n|switch|p1a: Turtle Luffy|Torkoal, M, shiny|100\/100\n|switch|p2a: Duraludon|Duraludon, M|100\/100\n|-weather|SunnyDay|[from] ability: Drought|[of] p1a: Turtle Luffy\n|turn|1\n|j| xaviersobased\n|j| homixide poopoo\n|\n|t:|1700967864\n|move|p2a: Duraludon|Stealth Rock|p1a: Turtle Luffy\n|-sidestart|p1: tidaltao|move: Stealth Rock\n|move|p1a: Turtle Luffy|Stealth Rock|p2a: Duraludon\n|-sidestart|p2: alpha4k|move: Stealth Rock\n|\n|-weather|SunnyDay|[upkeep]\n|upkeep\n|turn|2\n|j| jonglobobe\n|\n|t:|1700967883\n|switch|p1a: Metal Luffy|Skarmory, M|100\/100\n|-damage|p1a: Metal Luffy|88\/100|[from] Stealth Rock\n|move|p2a: Duraludon|Thunderbolt|p1a: Metal Luffy\n|-supereffective|p1a: Metal Luffy\n|-damage|p1a: Metal Luffy|7\/100\n|\n|-weather|SunnyDay|[upkeep]\n|upkeep\n|turn|3\n|c| xaviersobased|yo\n|c| xaviersobased|wait\n|c| homixide poopoo|X\n|c| xaviersobased|im on xavier\n|l|xaviersobased\n|j| NDSNEZ Strong Fire\n|c| NDSNEZ Strong Fire|sup\n|c|\u2606alpha4k|LMFAO\n|\n|t:|1700967940\n|switch|p1a: Green Luffy|Venusaur, M|100\/100\n|-damage|p1a: Green Luffy|88\/100|[from] Stealth Rock\n|move|p2a: Duraludon|Draco Meteor|p1a: Green Luffy\n|-damage|p1a: Green Luffy|18\/100\n|-unboost|p2a: Duraludon|spa|2\n|-enditem|p2a: Duraludon|Eject Pack\n|j| xaviersobased\n|\n|t:|1700967951\n|switch|p2a: Houndoom|Houndoom, F, shiny|100\/100\n|-damage|p2a: Houndoom|76\/100|[from] Stealth Rock\n|\n|-weather|SunnyDay|[upkeep]\n|upkeep\n|turn|4\n|c| homixide poopoo|im crying\n|c| homixide poopoo|its fucking eject pack\n|l|xaviersobased\n|c| NDSNEZ Strong Fire|goatraludon\n|j| Megakid20\n|j| Keykard\n|\n|t:|1700967998\n|detailschange|p2a: Houndoom|Houndoom-Mega, F, shiny\n|-mega|p2a: Houndoom|Houndoom|Houndoominite\n|move|p1a: Green Luffy|Earth Power|p2a: Houndoom\n|-supereffective|p2a: Houndoom\n|-damage|p2a: Houndoom|0 fnt\n|faint|p2a: Houndoom\n|-damage|p1a: Green Luffy|8\/100|[from] item: Life Orb\n|\n|-weather|SunnyDay|[upkeep]\n|upkeep\n|c| NDSNEZ Strong Fire|uhhhhh\n|c| Megakid20|dude\n|\n|t:|1700968012\n|switch|p2a: Slither Wing|Slither Wing|100\/100\n|-damage|p2a: Slither Wing|88\/100|[from] Stealth Rock\n|-activate|p2a: Slither Wing|ability: Protosynthesis\n|-start|p2a: Slither Wing|protosynthesisatk\n|turn|5\n|c| jonglobobe|Cool\n|c| NDSNEZ Strong Fire|its ok\n|c| NDSNEZ Strong Fire|gota wing is murdering something\n|c| Keykard|Who the hell is this\n|\n|t:|1700968062\n|switch|p1a: Turtle Luffy|Torkoal, M, shiny|100\/100\n|-damage|p1a: Turtle Luffy|76\/100|[from] Stealth Rock\n|move|p2a: Slither Wing|U-turn|p1a: Turtle Luffy\n|-resisted|p1a: Turtle Luffy\n|-damage|p1a: Turtle Luffy|56\/100\n|-damage|p2a: Slither Wing|78\/100|[from] item: Life Orb\n|c| NDSNEZ Strong Fire|what\n|\n|t:|1700968069\n|-end|p2a: Slither Wing|Protosynthesis|[silent]\n|switch|p2a: Great Tusk|Great Tusk|100\/100|[from] U-turn\n|-activate|p2a: Great Tusk|ability: Protosynthesis\n|-start|p2a: Great Tusk|protosynthesisspe\n|\n|-weather|SunnyDay|[upkeep]\n|upkeep\n|turn|6\n|\n|t:|1700968073\n|move|p2a: Great Tusk|Rapid Spin|p1a: Turtle Luffy\n|-damage|p1a: Turtle Luffy|48\/100\n|-boost|p2a: Great Tusk|spe|1\n|-sideend|p2: alpha4k|Stealth Rock|[from] move: Rapid Spin|[of] p2a: Great Tusk\n|move|p1a: Turtle Luffy|Toxic|p2a: Great Tusk\n|-status|p2a: Great Tusk|tox\n|\n|-weather|SunnyDay|[upkeep]\n|-damage|p2a: Great Tusk|94\/100 tox|[from] psn\n|upkeep\n|turn|7\n|c| Megakid20|wtf\n|c| Keykard|Who is strong fire\n|c| Megakid20|wwhy does great tusk\n|c| Megakid20|whoa\n|\n|t:|1700968083\n|move|p2a: Great Tusk|Head Smash|p1a: Turtle Luffy\n|-supereffective|p1a: Turtle Luffy\n|-damage|p1a: Turtle Luffy|0 fnt\n|faint|p1a: Turtle Luffy\n|-damage|p2a: Great Tusk|76\/100 tox|[from] Recoil\n|\n|-weather|SunnyDay|[upkeep]\n|-damage|p2a: Great Tusk|63\/100 tox|[from] psn\n|upkeep\n|c| NDSNEZ Strong Fire|adam\n|c| homixide poopoo|carter\n|c| jonglobobe|What if its eject pack tusk\n|c| homixide poopoo|does he look weird to u as well\n|c| jonglobobe|Nvm\n|c| Megakid20|yeah\n|c| NDSNEZ Strong Fire|tusk looks normal\n|c| NDSNEZ Strong Fire|to me\n|c| jonglobobe|He\u2019s a sprite\n|c|\u2606tidaltao|tusk is a sprite\n|c| NDSNEZ Strong Fire|does he have a model\n|l| NDSNEZ Strong Fire\n|c| Keykard|I like it\n|j| NDSNEZ Strong Fire\n|c| jonglobobe|No he\u2019s just a sprite now instead of a png\n|c| NDSNEZ Strong Fire|oh\n|c| NDSNEZ Strong Fire|dope\n|\n|t:|1700968143\n|switch|p1a: Green Luffy|Venusaur, M|8\/100\n|-damage|p1a: Green Luffy|0 fnt|[from] Stealth Rock\n|faint|p1a: Green Luffy\n|l| NDSNEZ Strong Fire\n|j| NDSNEZ Strong Fire\n|c| jonglobobe|Why\u2019d they add snealer but not tusk\n|\n|t:|1700968157\n|switch|p1a: Chicken luffy|Zapdos-Galar|100\/100\n|-damage|p1a: Chicken luffy|88\/100|[from] Stealth Rock\n|turn|8\n|\n|t:|1700968162\n|move|p2a: Great Tusk|Facade|p1a: Chicken luffy\n|-damage|p1a: Chicken luffy|44\/100\n|move|p1a: Chicken luffy|U-turn|p2a: Great Tusk\n|-resisted|p2a: Great Tusk\n|-damage|p2a: Great Tusk|52\/100 tox\n|c| NDSNEZ Strong Fire|not sure\n|c| Keykard|Clapdossss\n|c| NDSNEZ Strong Fire|what\n|\n|t:|1700968170\n|switch|p1a: Dragon Luffy|Charizard, M, shiny|100\/100|[from] U-turn\n|-damage|p1a: Dragon Luffy|51\/100|[from] Stealth Rock\n|\n|-weather|none\n|-end|p2a: Great Tusk|Protosynthesis\n|-damage|p2a: Great Tusk|33\/100 tox|[from] psn\n|upkeep\n|turn|9\n|c| NDSNEZ Strong Fire|LMFAO\n|\n|t:|1700968179\n|detailschange|p1a: Dragon Luffy|Charizard-Mega-Y, M, shiny\n|-mega|p1a: Dragon Luffy|Charizard|Charizardite Y\n|-weather|SunnyDay|[from] ability: Drought|[of] p1a: Dragon Luffy\n|-activate|p2a: Great Tusk|ability: Protosynthesis\n|-start|p2a: Great Tusk|protosynthesisspe\n|move|p2a: Great Tusk|Head Smash|p1a: Dragon Luffy\n|-supereffective|p1a: Dragon Luffy\n|-damage|p1a: Dragon Luffy|0 fnt\n|faint|p1a: Dragon Luffy\n|-damage|p2a: Great Tusk|16\/100 tox|[from] Recoil\n|\n|-weather|SunnyDay|[upkeep]\n|-damage|p2a: Great Tusk|0 fnt|[from] psn\n|faint|p2a: Great Tusk\n|-end|p2a: Great Tusk|Protosynthesis|[silent]\n|upkeep\n|c| NDSNEZ Strong Fire|y does it have facade\n|c| jonglobobe|Wow the sun made it faster than zard\n|c| homixide poopoo|clapdos sweep\n|c| NDSNEZ Strong Fire|no it had rapid spin boost too\n|c| jonglobobe|Oh I didn\u2019t see\n|\n|t:|1700968218\n|switch|p1a: Chicken luffy|Zapdos-Galar|44\/100\n|switch|p2a: Duraludon|Duraludon, M|100\/100\n|-damage|p1a: Chicken luffy|32\/100|[from] Stealth Rock\n|turn|10\n|c| Megakid20|here is its\n|\n|t:|1700968232\n|move|p1a: Chicken luffy|Close Combat|p2a: Duraludon\n|-supereffective|p2a: Duraludon\n|-damage|p2a: Duraludon|0 fnt\n|-unboost|p1a: Chicken luffy|def|1\n|-unboost|p1a: Chicken luffy|spd|1\n|faint|p2a: Duraludon\n|\n|-weather|SunnyDay|[upkeep]\n|upkeep\n|c| Megakid20|here it is\n|c| Megakid20|o\n|\n|t:|1700968235\n|switch|p2a: Lilligant|Lilligant-Hisui, F, shiny|100\/100\n|turn|11\n|c| NDSNEZ Strong Fire|wellll\n|c| Megakid20|wtf\n|c| Megakid20|why does it have a model\n|c| jonglobobe|Wtf model\n|l| NDSNEZ Strong Fire\n|j| NDSNEZ Strong Fire\n|c| NDSNEZ Strong Fire|they gave her a model???\n|c| NDSNEZ Strong Fire|incredible\n|l| NDSNEZ Strong Fire\n|j| NDSNEZ Strong Fire\n|\n|t:|1700968286\n|switch|p1a: monkey d. mike|Sandy Shocks|100\/100\n|-damage|p1a: monkey d. mike|94\/100|[from] Stealth Rock\n|-activate|p1a: monkey d. mike|ability: Protosynthesis\n|-start|p1a: monkey d. mike|protosynthesisspa\n|-terastallize|p2a: Lilligant|Water\n|move|p2a: Lilligant|Tera Blast|p1a: monkey d. mike|[anim] Tera Blast Water\n|-supereffective|p1a: monkey d. mike\n|-damage|p1a: monkey d. mike|38\/100\n|-damage|p2a: Lilligant|91\/100|[from] item: Life Orb\n|\n|-weather|SunnyDay|[upkeep]\n|upkeep\n|turn|12\n|\n|t:|1700968298\n|move|p2a: Lilligant|Tera Blast|p1a: monkey d. mike|[anim] Tera Blast Water\n|-supereffective|p1a: monkey d. mike\n|-damage|p1a: monkey d. mike|0 fnt\n|faint|p1a: monkey d. mike\n|-end|p1a: monkey d. mike|Protosynthesis|[silent]\n|-damage|p2a: Lilligant|81\/100|[from] item: Life Orb\n|\n|-weather|SunnyDay|[upkeep]\n|upkeep\n|\n|t:|1700968301\n|switch|p1a: Chicken luffy|Zapdos-Galar|32\/100\n|-damage|p1a: Chicken luffy|19\/100|[from] Stealth Rock\n|turn|13\n|\n|t:|1700968308\n|move|p2a: Lilligant|Tera Blast|p1a: Chicken luffy|[anim] Tera Blast Water\n|-crit|p1a: Chicken luffy\n|-damage|p1a: Chicken luffy|0 fnt\n|faint|p1a: Chicken luffy\n|-damage|p2a: Lilligant|71\/100|[from] item: Life Orb\n|\n|-weather|none\n|upkeep\n|\n|t:|1700968310\n|switch|p1a: Metal Luffy|Skarmory, M|7\/100\n|-damage|p1a: Metal Luffy|0 fnt|[from] Stealth Rock\n|faint|p1a: Metal Luffy\n|\n|win|alpha4k\n|c|\u2606tidaltao|gg\n|c| NDSNEZ Strong Fire|wait is tera blast diff animation for every type\n|c|\u2606alpha4k|gg\n|c| NDSNEZ Strong Fire|cuz that was hydro pump\n|c|\u2606alpha4k|yeah its diff for every type\n|c| NDSNEZ Strong Fire|thats cool\n|c|\u2606alpha4k|its like that in game too\n","uploadtime":1700968336,"views":6,"p1id":"tidaltao","p2id":"alpha4k","formatid":"gen9nationaldex","rating":0,"private":0,"password":""}