{"id":"gen9nationaldex-1993571030","p1":"BloodlustBlackz","p2":"Eggnoggue","format":"[Gen 9] National Dex","log":"|j|\u2606BloodlustBlackz\n|j|\u2606Eggnoggue\n|t:|1700332976\n|gametype|singles\n|player|p1|BloodlustBlackz|plasmagrunt|\n|player|p2|Eggnoggue|kahili|\n|teamsize|p1|6\n|teamsize|p2|6\n|gen|9\n|tier|[Gen 9] National Dex\n|rule|HP Percentage Mod: HP is shown in percentages\n|rule|Endless Battle Clause: Forcing endless battles is banned\n|rule|OHKO Clause: OHKO moves are banned\n|rule|Evasion Clause: Evasion abilities, items, and moves are banned\n|rule|Evasion Abilities Clause: Evasion abilities are banned\n|rule|Evasion Items Clause: Evasion items are banned\n|rule|Evasion Moves Clause: Evasion moves are banned\n|rule|Species Clause: Limit one of each Pok\u00e9mon\n|rule|Sleep Clause Mod: Limit one foe put to sleep\n|clearpoke\n|poke|p1|Zapdos|\n|poke|p1|Porygon-Z|\n|poke|p1|Fezandipiti, M|\n|poke|p1|Corviknight, M|\n|poke|p1|Moltres-Galar|\n|poke|p1|Pelipper, F|\n|poke|p2|Cramorant, F|\n|poke|p2|Pelipper, F|\n|poke|p2|Swanna, F|\n|poke|p2|Golduck, F|\n|poke|p2|Ludicolo, F|\n|poke|p2|Empoleon, F|\n|teampreview\n|c|\u2606Eggnoggue|gl hf\n|\n|t:|1700333008\n|start\n|switch|p1a: Tweety|Zapdos, shiny|100\/100\n|switch|p2a: Root Beer|Empoleon, F|100\/100\n|turn|1\n|c|\u2606BloodlustBlackz|gl hf\n|j| Medical_Anomaly\n|\n|t:|1700333017\n|move|p1a: Tweety|Thunderbolt|p2a: Root Beer\n|-supereffective|p2a: Root Beer\n|-damage|p2a: Root Beer|10\/100\n|-status|p2a: Root Beer|par\n|move|p2a: Root Beer|Stealth Rock|p1a: Tweety\n|-sidestart|p1: BloodlustBlackz|move: Stealth Rock\n|\n|-heal|p2a: Root Beer|16\/100 par|[from] item: Leftovers\n|upkeep\n|turn|2\n|j| Dylax\n|\n|t:|1700333035\n|move|p1a: Tweety|Thunderbolt|p2a: Root Beer\n|-supereffective|p2a: Root Beer\n|-damage|p2a: Root Beer|0 fnt\n|faint|p2a: Root Beer\n|\n|upkeep\n|\n|t:|1700333059\n|switch|p2a: Sprite|Pelipper, F|100\/100\n|-weather|RainDance|[from] ability: Drizzle|[of] p2a: Sprite\n|turn|3\n|\n|t:|1700333073\n|move|p1a: Tweety|Thunderbolt|p2a: Sprite\n|-supereffective|p2a: Sprite\n|-damage|p2a: Sprite|0 fnt\n|faint|p2a: Sprite\n|\n|-weather|RainDance|[upkeep]\n|upkeep\n|\n|t:|1700333089\n|switch|p2a: Fanta|Golduck, F|100\/100\n|turn|4\n|\n|t:|1700333101\n|switch|p1a: Fear|Corviknight, M, shiny|100\/100\n|-damage|p1a: Fear|88\/100|[from] Stealth Rock\n|move|p2a: Fanta|Nasty Plot|p2a: Fanta\n|-boost|p2a: Fanta|spa|2\n|\n|-weather|RainDance|[upkeep]\n|-heal|p1a: Fear|94\/100|[from] item: Leftovers\n|upkeep\n|turn|5\n|\n|t:|1700333107\n|move|p2a: Fanta|Hydro Pump|p1a: Fear|[miss]\n|-miss|p2a: Fanta|p1a: Fear\n|move|p1a: Fear|Brave Bird|p2a: Fanta\n|-damage|p2a: Fanta|48\/100\n|-damage|p1a: Fear|81\/100|[from] Recoil\n|\n|-weather|RainDance|[upkeep]\n|-heal|p1a: Fear|87\/100|[from] item: Leftovers\n|upkeep\n|turn|6\n|\n|t:|1700333120\n|move|p2a: Fanta|Hydro Pump|p1a: Fear\n|-damage|p1a: Fear|0 fnt\n|faint|p1a: Fear\n|\n|-weather|RainDance|[upkeep]\n|upkeep\n|\n|t:|1700333135\n|switch|p1a: Ronda|Pelipper, F|100\/100\n|-damage|p1a: Ronda|76\/100|[from] Stealth Rock\n|turn|7\n|\n|t:|1700333160\n|move|p2a: Fanta|Ice Beam|p1a: Ronda\n|-damage|p1a: Ronda|22\/100\n|move|p1a: Ronda|Hurricane|p2a: Fanta\n|-damage|p2a: Fanta|0 fnt\n|faint|p2a: Fanta\n|\n|-weather|RainDance|[upkeep]\n|upkeep\n|\n|t:|1700333167\n|switch|p2a: Dr. Pepper|Cramorant, F|100\/100\n|turn|8\n|\n|t:|1700333177\n|switch|p1a: Death|Moltres-Galar|100\/100\n|-damage|p1a: Death|76\/100|[from] Stealth Rock\n|move|p2a: Dr. Pepper|Stockpile|p2a: Dr. Pepper\n|-start|p2a: Dr. Pepper|stockpile1\n|-boost|p2a: Dr. Pepper|def|1\n|-boost|p2a: Dr. Pepper|spd|1\n|\n|-weather|RainDance|[upkeep]\n|upkeep\n|turn|9\n|\n|t:|1700333190\n|move|p1a: Death|Air Slash|p2a: Dr. Pepper\n|-damage|p2a: Dr. Pepper|79\/100\n|-damage|p1a: Death|66\/100|[from] item: Life Orb\n|move|p2a: Dr. Pepper|Substitute|p2a: Dr. Pepper\n|-start|p2a: Dr. Pepper|Substitute\n|-damage|p2a: Dr. Pepper|54\/100\n|\n|-weather|RainDance|[upkeep]\n|upkeep\n|turn|10\n|\n|t:|1700333205\n|move|p1a: Death|Hurricane|p2a: Dr. Pepper\n|-end|p2a: Dr. Pepper|Substitute\n|-damage|p1a: Death|56\/100|[from] item: Life Orb\n|move|p2a: Dr. Pepper|Surf|p1a: Death\n|-formechange|p2a: Dr. Pepper|Cramorant-Gulping|\n|-damage|p1a: Death|17\/100\n|-ability|p1a: Death|Berserk|boost\n|-boost|p1a: Death|spa|1\n|\n|-weather|none\n|upkeep\n|turn|11\n|\n|t:|1700333220\n|move|p1a: Death|Fiery Wrath|p2a: Dr. Pepper\n|-damage|p2a: Dr. Pepper|19\/100\n|-damage|p1a: Death|0 fnt|[from] ability: Gulp Missile|[of] p2a: Dr. Pepper\n|-formechange|p2a: Dr. Pepper|Cramorant|\n|faint|p1a: Death\n|move|p2a: Dr. Pepper|Roost|p2a: Dr. Pepper\n|-heal|p2a: Dr. Pepper|69\/100\n|-singleturn|p2a: Dr. Pepper|move: Roost\n|\n|upkeep\n|\n|t:|1700333227\n|switch|p1a: Tweety|Zapdos, shiny|100\/100\n|-damage|p1a: Tweety|76\/100|[from] Stealth Rock\n|turn|12\n|\n|t:|1700333243\n|move|p1a: Tweety|Thunderbolt|p2a: Dr. Pepper\n|-supereffective|p2a: Dr. Pepper\n|-damage|p2a: Dr. Pepper|0 fnt\n|faint|p2a: Dr. Pepper\n|\n|upkeep\n|\n|t:|1700333267\n|switch|p2a: Ginger Beer|Ludicolo, F|100\/100\n|turn|13\n|\n|t:|1700333276\n|switch|p1a: Honor|Fezandipiti, M|100\/100\n|-damage|p1a: Honor|88\/100|[from] Stealth Rock\n|move|p2a: Ginger Beer|Swords Dance|p2a: Ginger Beer\n|-boost|p2a: Ginger Beer|atk|2\n|\n|-heal|p1a: Honor|94\/100|[from] item: Leftovers\n|upkeep\n|turn|14\n|\n|t:|1700333295\n|move|p1a: Honor|Gunk Shot|p2a: Ginger Beer\n|-supereffective|p2a: Ginger Beer\n|-damage|p2a: Ginger Beer|0 fnt\n|faint|p2a: Ginger Beer\n|\n|-heal|p1a: Honor|99\/100|[from] item: Leftovers\n|upkeep\n|\n|t:|1700333297\n|switch|p2a: Coca-Cola|Swanna, F|100\/100\n|turn|15\n|\n|t:|1700333305\n|move|p2a: Coca-Cola|Liquidation|p1a: Honor\n|-damage|p1a: Honor|45\/100\n|move|p1a: Honor|Gunk Shot|p2a: Coca-Cola\n|-damage|p2a: Coca-Cola|12\/100\n|\n|-heal|p1a: Honor|51\/100|[from] item: Leftovers\n|upkeep\n|turn|16\n|\n|t:|1700333312\n|move|p2a: Coca-Cola|Liquidation|p1a: Honor\n|-damage|p1a: Honor|0 fnt\n|faint|p1a: Honor\n|\n|upkeep\n|\n|t:|1700333319\n|switch|p1a: Paradise|Porygon-Z, shiny|100\/100\n|-damage|p1a: Paradise|88\/100|[from] Stealth Rock\n|turn|17\n|\n|t:|1700333324\n|-terastallize|p2a: Coca-Cola|Water\n|move|p2a: Coca-Cola|Liquidation|p1a: Paradise\n|-damage|p1a: Paradise|0 fnt\n|faint|p1a: Paradise\n|\n|upkeep\n|\n|t:|1700333335\n|switch|p1a: Tweety|Zapdos, shiny|76\/100\n|-damage|p1a: Tweety|51\/100|[from] Stealth Rock\n|turn|18\n|\n|t:|1700333338\n|move|p1a: Tweety|Thunderbolt|p2a: Coca-Cola\n|-supereffective|p2a: Coca-Cola\n|-crit|p2a: Coca-Cola\n|-damage|p2a: Coca-Cola|0 fnt\n|faint|p2a: Coca-Cola\n|\n|win|BloodlustBlackz\n|c|\u2606BloodlustBlackz|gg\n|c|\u2606Eggnoggue|gg\n|l| Dylax\n","uploadtime":1700333347,"views":24,"p1id":"bloodlustblackz","p2id":"eggnoggue","formatid":"gen9nationaldex","rating":0,"private":0,"password":""}