{"id":"gen9nationaldex-1994756424","p1":"shfeha","p2":"letmehavemynamel","format":"[Gen 9] National Dex","log":"|html|<div class=\"broadcast-blue\"><strong>[Gen 9] National Dex is currently suspecting Sneasler! For information on how to participate check out the <a href=\"https:\/\/www.smogon.com\/forums\/threads\/sv-national-dex-suspect-8-just-dance.3731534\/\">suspect thread<\/a>.<\/strong><\/div>\n|j|\u2606shfeha\n|j|\u2606letmehavemynamel\n|t:|1700489620\n|gametype|singles\n|player|p1|shfeha|cyclist|1164\n|player|p2|letmehavemynamel|silver|1185\n|teamsize|p1|6\n|teamsize|p2|6\n|gen|9\n|tier|[Gen 9] National Dex\n|rated|\n|rule|HP Percentage Mod: HP is shown in percentages\n|rule|Endless Battle Clause: Forcing endless battles is banned\n|rule|OHKO Clause: OHKO moves are banned\n|rule|Evasion Clause: Evasion abilities, items, and moves are banned\n|rule|Evasion Abilities Clause: Evasion abilities are banned\n|rule|Evasion Items Clause: Evasion items are banned\n|rule|Evasion Moves Clause: Evasion moves are banned\n|rule|Species Clause: Limit one of each Pok\u00e9mon\n|rule|Sleep Clause Mod: Limit one foe put to sleep\n|clearpoke\n|poke|p1|Bisharp, F|\n|poke|p1|Grimmsnarl, M|\n|poke|p1|Tornadus-Therian, M|\n|poke|p1|Tapu Koko|\n|poke|p1|Iron Valiant|\n|poke|p1|Medicham, F|\n|poke|p2|Steelix, M|\n|poke|p2|Druddigon, M|\n|poke|p2|Skarmory, M|\n|poke|p2|Gengar, M|\n|poke|p2|Grimmsnarl, M|\n|poke|p2|Tentacruel, M|\n|teampreview\n|inactive|Battle timer is ON: inactive players will automatically lose when time's up. (requested by shfeha)\n|\n|t:|1700489626\n|start\n|switch|p1a: Grimmsnarl|Grimmsnarl, M|100\/100\n|switch|p2a: Grimmsnarl|Grimmsnarl, M|100\/100\n|turn|1\n|\n|t:|1700489632\n|move|p1a: Grimmsnarl|Taunt|p2a: Grimmsnarl\n|-hint|Since gen 7, Dark is immune to Prankster moves.\n|-immune|p2a: Grimmsnarl\n|move|p2a: Grimmsnarl|Spirit Break|p1a: Grimmsnarl\n|-supereffective|p1a: Grimmsnarl\n|-damage|p1a: Grimmsnarl|32\/100\n|-unboost|p1a: Grimmsnarl|spa|1\n|\n|upkeep\n|turn|2\n|\n|t:|1700489644\n|switch|p1a: Bisharp|Bisharp, F, shiny|100\/100\n|move|p2a: Grimmsnarl|Spirit Break|p1a: Bisharp\n|-damage|p1a: Bisharp|72\/100\n|-unboost|p1a: Bisharp|spa|1\n|-ability|p1a: Bisharp|Defiant|boost\n|-boost|p1a: Bisharp|atk|2\n|\n|upkeep\n|turn|3\n|\n|t:|1700489654\n|switch|p2a: Druddigon|Druddigon, M|100\/100\n|move|p1a: Bisharp|Swords Dance|p1a: Bisharp\n|-boost|p1a: Bisharp|atk|2\n|\n|upkeep\n|turn|4\n|\n|t:|1700489661\n|move|p1a: Bisharp|Knock Off|p2a: Druddigon\n|-damage|p2a: Druddigon|0 fnt\n|-damage|p1a: Bisharp|59\/100|[from] ability: Rough Skin|[of] p2a: Druddigon\n|-damage|p1a: Bisharp|43\/100|[from] item: Rocky Helmet|[of] p2a: Druddigon\n|-enditem|p2a: Druddigon|Rocky Helmet|[from] move: Knock Off|[of] p1a: Bisharp\n|faint|p2a: Druddigon\n|\n|upkeep\n|\n|t:|1700489671\n|switch|p2a: Grimmsnarl|Grimmsnarl, M|100\/100\n|turn|5\n|\n|t:|1700489677\n|move|p2a: Grimmsnarl|Reflect|p2a: Grimmsnarl\n|-sidestart|p2: letmehavemynamel|Reflect\n|move|p1a: Bisharp|Iron Head|p2a: Grimmsnarl\n|-supereffective|p2a: Grimmsnarl\n|-damage|p2a: Grimmsnarl|0 fnt\n|faint|p2a: Grimmsnarl\n|\n|upkeep\n|\n|t:|1700489682\n|switch|p2a: Steelix|Steelix, M|100\/100\n|turn|6\n|\n|t:|1700489687\n|move|p1a: Bisharp|Knock Off|p2a: Steelix\n|-damage|p2a: Steelix|48\/100\n|-enditem|p2a: Steelix|Leftovers|[from] move: Knock Off|[of] p1a: Bisharp\n|move|p2a: Steelix|Earthquake|p1a: Bisharp\n|-supereffective|p1a: Bisharp\n|-damage|p1a: Bisharp|0 fnt\n|faint|p1a: Bisharp\n|\n|upkeep\n|\n|t:|1700489701\n|switch|p1a: Tornadus|Tornadus-Therian, M|100\/100\n|turn|7\n|\n|t:|1700489705\n|move|p1a: Tornadus|Heat Wave|p2a: Steelix\n|-supereffective|p2a: Steelix\n|-damage|p2a: Steelix|0 fnt\n|faint|p2a: Steelix\n|\n|upkeep\n|\n|t:|1700489711\n|switch|p2a: Tentacruel|Tentacruel, M|100\/100\n|turn|8\n|\n|t:|1700489717\n|move|p1a: Tornadus|Hurricane|p2a: Tentacruel\n|-damage|p2a: Tentacruel|63\/100\n|-start|p2a: Tentacruel|confusion\n|-activate|p2a: Tentacruel|confusion\n|-damage|p2a: Tentacruel|55\/100|[from] confusion\n|\n|-heal|p2a: Tentacruel|61\/100|[from] item: Black Sludge\n|upkeep\n|turn|9\n|\n|t:|1700489724\n|move|p1a: Tornadus|Hurricane|p2a: Tentacruel\n|-damage|p2a: Tentacruel|23\/100\n|-activate|p2a: Tentacruel|confusion\n|move|p2a: Tentacruel|Knock Off|p1a: Tornadus\n|-damage|p1a: Tornadus|81\/100\n|-enditem|p1a: Tornadus|Eject Button|[from] move: Knock Off|[of] p2a: Tentacruel\n|\n|-heal|p2a: Tentacruel|29\/100|[from] item: Black Sludge\n|upkeep\n|turn|10\n|\n|t:|1700489733\n|move|p1a: Tornadus|Hurricane|p2a: Tentacruel\n|-damage|p2a: Tentacruel|0 fnt\n|faint|p2a: Tentacruel\n|\n|upkeep\n|c|\u2606letmehavemynamel|3 in a row\n|c|\u2606letmehavemynamel|;-;\n|\n|t:|1700489740\n|switch|p2a: Gengar|Gengar, M|100\/100\n|turn|11\n|\n|t:|1700489744\n|move|p1a: Tornadus|Heat Wave|p2a: Gengar\n|-damage|p2a: Gengar|50\/100\n|-start|p1a: Tornadus|Disable|Heat Wave|[from] ability: Cursed Body|[of] p2a: Gengar\n|move|p2a: Gengar|Sludge Wave|p1a: Tornadus\n|-damage|p1a: Tornadus|23\/100\n|\n|upkeep\n|turn|12\n|\n|t:|1700489750\n|-terastallize|p1a: Tornadus|Ground\n|move|p1a: Tornadus|Tera Blast|p2a: Gengar|[anim] Tera Blast Ground\n|-supereffective|p2a: Gengar\n|-damage|p2a: Gengar|0 fnt\n|faint|p2a: Gengar\n|\n|-sideend|p2: letmehavemynamel|Reflect\n|upkeep\n|-message|letmehavemynamel forfeited.\n|\n|win|shfeha\n|raw|shfeha's rating: 1164 &rarr; <strong>1191<\/strong><br \/>(+27 for winning)\n|raw|letmehavemynamel's rating: 1185 &rarr; <strong>1158<\/strong><br \/>(-27 for losing)\n|l|\u2606letmehavemynamel\n","uploadtime":1700489762,"views":2,"p1id":"shfeha","p2id":"letmehavemynamel","formatid":"gen9nationaldex","rating":1158,"private":0,"password":""}