{"id":"gen9nationaldex-1994021951","p1":"bazhujiadenvfen","p2":"datboi19","format":"[Gen 9] National Dex","log":"|j|\u2606bazhujiadenvfen\n|j|\u2606datboi19\n|t:|1700395141\n|gametype|singles\n|player|p1|bazhujiadenvfen|2|1451\n|player|p2|datboi19|2|1478\n|teamsize|p1|6\n|teamsize|p2|6\n|gen|9\n|tier|[Gen 9] National Dex\n|rated|\n|rule|HP Percentage Mod: HP is shown in percentages\n|rule|Endless Battle Clause: Forcing endless battles is banned\n|rule|OHKO Clause: OHKO moves are banned\n|rule|Evasion Clause: Evasion abilities, items, and moves are banned\n|rule|Evasion Abilities Clause: Evasion abilities are banned\n|rule|Evasion Items Clause: Evasion items are banned\n|rule|Evasion Moves Clause: Evasion moves are banned\n|rule|Species Clause: Limit one of each Pok\u00e9mon\n|rule|Sleep Clause Mod: Limit one foe put to sleep\n|clearpoke\n|poke|p1|Slowbro-Galar, M|\n|poke|p1|Garchomp, F|\n|poke|p1|Zamazenta-*|\n|poke|p1|Rillaboom, M|\n|poke|p1|Torterra, F|\n|poke|p1|Serperior, F|\n|poke|p2|Victini|\n|poke|p2|Torkoal, M|\n|poke|p2|Mawile, M|\n|poke|p2|Porygon2|\n|poke|p2|Hatterene, F|\n|poke|p2|Regidrago|\n|teampreview\n|inactive|Battle timer is ON: inactive players will automatically lose when time's up. (requested by datboi19)\n|\n|t:|1700395166\n|start\n|switch|p1a: Rillaboom|Rillaboom, M|100\/100\n|switch|p2a: Hatterene|Hatterene, F|100\/100\n|-fieldstart|move: Grassy Terrain|[from] ability: Grassy Surge|[of] p1a: Rillaboom\n|turn|1\n|\n|t:|1700395176\n|move|p1a: Rillaboom|Knock Off|p2a: Hatterene\n|-damage|p2a: Hatterene|57\/100\n|-enditem|p2a: Hatterene|Focus Sash|[from] move: Knock Off|[of] p1a: Rillaboom\n|move|p2a: Hatterene|Trick Room|p2a: Hatterene\n|-fieldstart|move: Trick Room|[of] p2a: Hatterene\n|\n|-heal|p2a: Hatterene|63\/100|[from] Grassy Terrain\n|upkeep\n|turn|2\n|\n|t:|1700395187\n|switch|p1a: Slowbro|Slowbro-Galar, M|100\/100\n|move|p2a: Hatterene|Misty Explosion|p1a: Slowbro\n|-resisted|p1a: Slowbro\n|-damage|p1a: Slowbro|64\/100\n|faint|p2a: Hatterene\n|\n|-heal|p1a: Slowbro|70\/100|[from] Grassy Terrain\n|upkeep\n|inactive|datboi19 has 120 seconds left.\n|\n|t:|1700395223\n|switch|p2a: Torkoal|Torkoal, M|100\/100\n|-weather|SunnyDay|[from] ability: Drought|[of] p2a: Torkoal\n|turn|3\n|\n|t:|1700395231\n|detailschange|p1a: Slowbro|Slowbro-Mega, M\n|-mega|p1a: Slowbro|Slowbro|Slowbronite\n|-terastallize|p2a: Torkoal|Fire\n|move|p2a: Torkoal|Eruption|p1a: Slowbro\n|-resisted|p1a: Slowbro\n|-damage|p1a: Slowbro|0 fnt\n|faint|p1a: Slowbro\n|\n|-weather|SunnyDay|[upkeep]\n|upkeep\n|\n|t:|1700395243\n|switch|p1a: Garchomp|Garchomp, F|100\/100\n|turn|4\n|\n|t:|1700395247\n|move|p2a: Torkoal|Eruption|p1a: Garchomp\n|-resisted|p1a: Garchomp\n|-damage|p1a: Garchomp|0 fnt\n|faint|p1a: Garchomp\n|\n|-weather|SunnyDay|[upkeep]\n|upkeep\n|\n|t:|1700395258\n|switch|p1a: Rillaboom|Rillaboom, M|100\/100\n|turn|5\n|\n|t:|1700395269\n|-terastallize|p1a: Rillaboom|Rock\n|move|p2a: Torkoal|Eruption|p1a: Rillaboom\n|-resisted|p1a: Rillaboom\n|-damage|p1a: Rillaboom|0 fnt\n|faint|p1a: Rillaboom\n|\n|-weather|SunnyDay|[upkeep]\n|-fieldend|move: Trick Room\n|upkeep\n|\n|t:|1700395277\n|switch|p1a: Torterra|Torterra, F|100\/100\n|turn|6\n|\n|t:|1700395284\n|move|p1a: Torterra|Headlong Rush|p2a: Torkoal\n|-supereffective|p2a: Torkoal\n|-damage|p2a: Torkoal|7\/100\n|-unboost|p1a: Torterra|def|1\n|-unboost|p1a: Torterra|spd|1\n|move|p2a: Torkoal|Eruption|p1a: Torterra\n|-supereffective|p1a: Torterra\n|-damage|p1a: Torterra|61\/100\n|\n|-weather|SunnyDay|[upkeep]\n|-heal|p1a: Torterra|67\/100|[from] Grassy Terrain\n|-heal|p2a: Torkoal|13\/100|[from] Grassy Terrain\n|upkeep\n|turn|7\n|\n|t:|1700395296\n|move|p1a: Torterra|Shell Smash|p1a: Torterra\n|-unboost|p1a: Torterra|def|1\n|-unboost|p1a: Torterra|spd|1\n|-boost|p1a: Torterra|atk|2\n|-boost|p1a: Torterra|spa|2\n|-boost|p1a: Torterra|spe|2\n|move|p2a: Torkoal|Eruption|p1a: Torterra\n|-supereffective|p1a: Torterra\n|-damage|p1a: Torterra|0 fnt\n|faint|p1a: Torterra\n|\n|-weather|none\n|-heal|p2a: Torkoal|19\/100|[from] Grassy Terrain\n|upkeep\n|\n|t:|1700395312\n|switch|p1a: Zamazenta|Zamazenta|100\/100\n|-ability|p1a: Zamazenta|Dauntless Shield|boost\n|-boost|p1a: Zamazenta|def|1\n|turn|8\n|\n|t:|1700395318\n|switch|p2a: Mawile|Mawile, M, shiny|100\/100\n|-ability|p2a: Mawile|Intimidate|boost\n|-unboost|p1a: Zamazenta|atk|1\n|move|p1a: Zamazenta|Close Combat|p2a: Mawile\n|-damage|p2a: Mawile|21\/100\n|-unboost|p1a: Zamazenta|def|1\n|-unboost|p1a: Zamazenta|spd|1\n|\n|-heal|p2a: Mawile|27\/100|[from] Grassy Terrain\n|-fieldend|move: Grassy Terrain\n|upkeep\n|turn|9\n|\n|t:|1700395332\n|detailschange|p2a: Mawile|Mawile-Mega, M, shiny\n|-mega|p2a: Mawile|Mawile|Mawilite\n|move|p1a: Zamazenta|Close Combat|p2a: Mawile\n|-damage|p2a: Mawile|0 fnt\n|-unboost|p1a: Zamazenta|def|1\n|-unboost|p1a: Zamazenta|spd|1\n|faint|p2a: Mawile\n|\n|upkeep\n|inactive|datboi19 has 120 seconds left.\n|\n|t:|1700395370\n|switch|p2a: Porygon2|Porygon2|100\/100\n|-ability|p2a: Porygon2|Download|boost\n|-boost|p2a: Porygon2|spa|1\n|turn|10\n|\n|t:|1700395377\n|move|p1a: Zamazenta|Close Combat|p2a: Porygon2\n|-supereffective|p2a: Porygon2\n|-damage|p2a: Porygon2|15\/100\n|-unboost|p1a: Zamazenta|def|1\n|-unboost|p1a: Zamazenta|spd|1\n|move|p2a: Porygon2|Trick Room|p2a: Porygon2\n|-fieldstart|move: Trick Room|[of] p2a: Porygon2\n|\n|upkeep\n|turn|11\n|\n|t:|1700395386\n|move|p2a: Porygon2|Ice Beam|p1a: Zamazenta\n|-damage|p1a: Zamazenta|28\/100\n|move|p1a: Zamazenta|Close Combat|p2a: Porygon2\n|-supereffective|p2a: Porygon2\n|-damage|p2a: Porygon2|0 fnt\n|-unboost|p1a: Zamazenta|def|1\n|-unboost|p1a: Zamazenta|spd|1\n|faint|p2a: Porygon2\n|\n|upkeep\n|\n|t:|1700395393\n|switch|p2a: Victini|Victini|100\/100\n|turn|12\n|\n|t:|1700395397\n|move|p2a: Victini|V-create|p1a: Zamazenta\n|-damage|p1a: Zamazenta|0 fnt\n|-unboost|p2a: Victini|spe|1\n|-unboost|p2a: Victini|def|1\n|-unboost|p2a: Victini|spd|1\n|faint|p1a: Zamazenta\n|\n|upkeep\n|\n|t:|1700395402\n|switch|p1a: Serperior|Serperior, F, shiny|100\/100\n|turn|13\n|\n|t:|1700395408\n|move|p2a: Victini|V-create|p1a: Serperior\n|-supereffective|p1a: Serperior\n|-damage|p1a: Serperior|0 fnt\n|-unboost|p2a: Victini|spe|1\n|-unboost|p2a: Victini|def|1\n|-unboost|p2a: Victini|spd|1\n|faint|p1a: Serperior\n|\n|win|datboi19\n|raw|bazhujiadenvfen's rating: 1451 &rarr; <strong>1433<\/strong><br \/>(-18 for losing)\n|raw|datboi19's rating: 1478 &rarr; <strong>1496<\/strong><br \/>(+18 for winning)\n|l|\u2606bazhujiadenvfen\n","uploadtime":1700395422,"views":4,"p1id":"bazhujiadenvfen","p2id":"datboi19","formatid":"gen9nationaldex","rating":1433,"private":0,"password":""}