{"id":"gen9nationaldex-1996900054","p1":"ItsJannik","p2":"DJRRRR","format":"[Gen 9] National Dex","log":"|html|<div class=\"broadcast-blue\"><strong>[Gen 9] National Dex is currently suspecting Sneasler! For information on how to participate check out the <a href=\"https:\/\/www.smogon.com\/forums\/threads\/sv-national-dex-suspect-8-just-dance.3731534\/\">suspect thread<\/a>.<\/strong><\/div>\n|j|\u2606ItsJannik\n|j|\u2606DJRRRR\n|t:|1700742292\n|gametype|singles\n|player|p1|ItsJannik|265|1370\n|player|p2|DJRRRR|169|1453\n|teamsize|p1|6\n|teamsize|p2|6\n|gen|9\n|tier|[Gen 9] National Dex\n|rated|\n|rule|HP Percentage Mod: HP is shown in percentages\n|rule|Endless Battle Clause: Forcing endless battles is banned\n|rule|OHKO Clause: OHKO moves are banned\n|rule|Evasion Clause: Evasion abilities, items, and moves are banned\n|rule|Evasion Abilities Clause: Evasion abilities are banned\n|rule|Evasion Items Clause: Evasion items are banned\n|rule|Evasion Moves Clause: Evasion moves are banned\n|rule|Species Clause: Limit one of each Pok\u00e9mon\n|rule|Sleep Clause Mod: Limit one foe put to sleep\n|clearpoke\n|poke|p1|Venusaur, M|\n|poke|p1|Suicune|\n|poke|p1|Chansey, F|\n|poke|p1|Cofagrigus, F|\n|poke|p1|Kommo-o, M|\n|poke|p1|Comfey, F|\n|poke|p2|Diancie|\n|poke|p2|Urshifu-*, F|\n|poke|p2|Hoopa-Unbound|\n|poke|p2|Dragonite, F|\n|poke|p2|Chansey, F|\n|poke|p2|Rillaboom, M|\n|teampreview\n|inactive|Battle timer is ON: inactive players will automatically lose when time's up. (requested by DJRRRR)\n|\n|t:|1700742312\n|start\n|switch|p1a: Kommo-o|Kommo-o, M|100\/100\n|switch|p2a: Diancie|Diancie|100\/100\n|turn|1\n|\n|t:|1700742321\n|switch|p1a: Chansey|Chansey, F|100\/100\n|detailschange|p2a: Diancie|Diancie-Mega\n|-mega|p2a: Diancie|Diancie|Diancite\n|move|p2a: Diancie|Moonblast|p1a: Chansey\n|-crit|p1a: Chansey\n|-damage|p1a: Chansey|73\/100\n|\n|upkeep\n|turn|2\n|\n|t:|1700742331\n|move|p2a: Diancie|Diamond Storm|p1a: Chansey\n|-crit|p1a: Chansey\n|-damage|p1a: Chansey|26\/100\n|-boost|p2a: Diancie|def|2\n|move|p1a: Chansey|Toxic|p2a: Diancie\n|move|p2a: Diancie|Toxic|p1a: Chansey|[from]ability: Magic Bounce\n|-status|p1a: Chansey|tox\n|\n|-damage|p1a: Chansey|20\/100 tox|[from] psn\n|upkeep\n|turn|3\n|\n|t:|1700742344\n|move|p2a: Diancie|Diamond Storm|p1a: Chansey\n|-damage|p1a: Chansey|0 fnt\n|-boost|p2a: Diancie|def|2\n|faint|p1a: Chansey\n|\n|upkeep\n|\n|t:|1700742353\n|switch|p1a: Suicune|Suicune|100\/100\n|-ability|p1a: Suicune|Pressure\n|turn|4\n|\n|t:|1700742359\n|move|p2a: Diancie|Moonblast|p1a: Suicune\n|-damage|p1a: Suicune|55\/100\n|move|p1a: Suicune|Scald|p2a: Diancie\n|-supereffective|p2a: Diancie\n|-damage|p2a: Diancie|1\/100\n|\n|-heal|p1a: Suicune|61\/100|[from] item: Leftovers\n|upkeep\n|turn|5\n|\n|t:|1700742369\n|switch|p2a: Rillaboom|Rillaboom, M|100\/100\n|-fieldstart|move: Grassy Terrain|[from] ability: Grassy Surge|[of] p2a: Rillaboom\n|move|p1a: Suicune|Protect||[still]\n|-fail|p1a: Suicune\n|\n|-heal|p1a: Suicune|67\/100|[from] Grassy Terrain\n|-heal|p1a: Suicune|74\/100|[from] item: Leftovers\n|upkeep\n|turn|6\n|\n|t:|1700742377\n|move|p1a: Suicune|Protect|p1a: Suicune\n|-singleturn|p1a: Suicune|Protect\n|move|p2a: Rillaboom|Wood Hammer|p1a: Suicune\n|-activate|p1a: Suicune|move: Protect\n|\n|-heal|p1a: Suicune|80\/100|[from] Grassy Terrain\n|-heal|p1a: Suicune|86\/100|[from] item: Leftovers\n|upkeep\n|turn|7\n|\n|t:|1700742392\n|switch|p2a: Hoopa|Hoopa-Unbound|100\/100\n|switch|p1a: Cofagrigus|Cofagrigus, F|100\/100\n|\n|upkeep\n|turn|8\n|\n|t:|1700742417\n|move|p2a: Hoopa|Hyperspace Fury|p1a: Cofagrigus\n|-supereffective|p1a: Cofagrigus\n|-damage|p1a: Cofagrigus|0 fnt\n|-unboost|p2a: Hoopa|def|1\n|faint|p1a: Cofagrigus\n|-damage|p2a: Hoopa|91\/100|[from] item: Life Orb\n|\n|-heal|p2a: Hoopa|97\/100|[from] Grassy Terrain\n|upkeep\n|\n|t:|1700742425\n|switch|p1a: Comfey|Comfey, F, shiny|100\/100\n|turn|9\n|\n|t:|1700742436\n|switch|p2a: Chansey|Chansey, F|100\/100\n|move|p1a: Comfey|Draining Kiss|p2a: Chansey\n|-damage|p2a: Chansey|95\/100\n|\n|-heal|p2a: Chansey|100\/100|[from] Grassy Terrain\n|-fieldend|move: Grassy Terrain\n|upkeep\n|turn|10\n|\n|t:|1700742443\n|move|p1a: Comfey|Calm Mind|p1a: Comfey\n|-boost|p1a: Comfey|spa|1\n|-boost|p1a: Comfey|spd|1\n|move|p2a: Chansey|Thunder Wave|p1a: Comfey\n|-status|p1a: Comfey|par\n|\n|upkeep\n|turn|11\n|\n|t:|1700742450\n|move|p1a: Comfey|Calm Mind|p1a: Comfey\n|-boost|p1a: Comfey|spa|1\n|-boost|p1a: Comfey|spd|1\n|move|p2a: Chansey|Teleport|p2a: Chansey\n|\n|t:|1700742460\n|switch|p2a: Rillaboom|Rillaboom, M|100\/100|[from] Teleport\n|-fieldstart|move: Grassy Terrain|[from] ability: Grassy Surge|[of] p2a: Rillaboom\n|\n|upkeep\n|turn|12\n|\n|t:|1700742466\n|move|p2a: Rillaboom|Wood Hammer|p1a: Comfey\n|-damage|p1a: Comfey|0 fnt\n|faint|p1a: Comfey\n|-damage|p2a: Rillaboom|71\/100|[from] Recoil\n|\n|-heal|p2a: Rillaboom|77\/100|[from] Grassy Terrain\n|upkeep\n|\n|t:|1700742474\n|switch|p1a: Bisaflor|Venusaur, M|100\/100\n|turn|13\n|\n|t:|1700742478\n|switch|p2a: Chansey|Chansey, F|100\/100\n|detailschange|p1a: Bisaflor|Venusaur-Mega, M\n|-mega|p1a: Bisaflor|Venusaur|Venusaurite\n|move|p1a: Bisaflor|Sludge Bomb|p2a: Chansey\n|-damage|p2a: Chansey|86\/100\n|\n|-heal|p2a: Chansey|93\/100|[from] Grassy Terrain\n|upkeep\n|turn|14\n|\n|t:|1700742493\n|move|p1a: Bisaflor|Sludge Bomb|p2a: Chansey\n|-damage|p2a: Chansey|79\/100\n|move|p2a: Chansey|Thunder Wave|p1a: Bisaflor\n|-status|p1a: Bisaflor|par\n|\n|-heal|p2a: Chansey|85\/100|[from] Grassy Terrain\n|upkeep\n|turn|15\n|-message|ItsJannik forfeited.\n|\n|win|DJRRRR\n|raw|ItsJannik's rating: 1370 &rarr; <strong>1355<\/strong><br \/>(-15 for losing)\n|raw|DJRRRR's rating: 1453 &rarr; <strong>1468<\/strong><br \/>(+15 for winning)\n|l|\u2606ItsJannik\n","uploadtime":1700742502,"views":3,"p1id":"itsjannik","p2id":"djrrrr","formatid":"gen9nationaldex","rating":1355,"private":0,"password":""}