{"id":"gen9nationaldex-1991899876","p1":"Stonedmask","p2":"quagsy","format":"[Gen 9] National Dex","log":"|j|\u2606Stonedmask\n|j|\u2606quagsy\n|t:|1700135572\n|gametype|singles\n|player|p1|Stonedmask|shadowtriad|1409\n|player|p2|quagsy|170|1424\n|teamsize|p1|6\n|teamsize|p2|6\n|gen|9\n|tier|[Gen 9] National Dex\n|rated|\n|rule|HP Percentage Mod: HP is shown in percentages\n|rule|Endless Battle Clause: Forcing endless battles is banned\n|rule|OHKO Clause: OHKO moves are banned\n|rule|Evasion Clause: Evasion abilities, items, and moves are banned\n|rule|Evasion Abilities Clause: Evasion abilities are banned\n|rule|Evasion Items Clause: Evasion items are banned\n|rule|Evasion Moves Clause: Evasion moves are banned\n|rule|Species Clause: Limit one of each Pok\u00e9mon\n|rule|Sleep Clause Mod: Limit one foe put to sleep\n|clearpoke\n|poke|p1|Aegislash, M|\n|poke|p1|Gliscor, M|\n|poke|p1|Zapdos|\n|poke|p1|Pawmot, F|\n|poke|p1|Ditto|\n|poke|p1|Lokix, M|\n|poke|p2|Conkeldurr, F|\n|poke|p2|Ninetales-Alola, M|\n|poke|p2|Gyarados, F|\n|poke|p2|Celesteela|\n|poke|p2|Volcarona, F|\n|poke|p2|Excadrill, M|\n|teampreview\n|inactive|Battle timer is ON: inactive players will automatically lose when time's up. (requested by quagsy)\n|\n|t:|1700135588\n|start\n|switch|p1a: Aegislash|Aegislash, M, shiny|100\/100\n|switch|p2a: Ninetales|Ninetales-Alola, M, shiny|100\/100\n|-weather|Snow|[from] ability: Snow Warning|[of] p2a: Ninetales\n|turn|1\n|\n|t:|1700135597\n|move|p2a: Ninetales|Aurora Veil|p2a: Ninetales\n|-sidestart|p2: quagsy|move: Aurora Veil\n|move|p1a: Aegislash|Toxic|p2a: Ninetales\n|-status|p2a: Ninetales|tox\n|\n|-weather|Snow|[upkeep]\n|-damage|p2a: Ninetales|94\/100 tox|[from] psn\n|upkeep\n|turn|2\n|\n|t:|1700135614\n|switch|p2a: Excadrill|Excadrill, M|100\/100\n|-ability|p2a: Excadrill|Mold Breaker\n|move|p1a: Aegislash|Substitute|p1a: Aegislash\n|-start|p1a: Aegislash|Substitute\n|-damage|p1a: Aegislash|76\/100\n|\n|-weather|Snow|[upkeep]\n|-heal|p1a: Aegislash|82\/100|[from] item: Leftovers\n|upkeep\n|turn|3\n|\n|t:|1700135622\n|move|p2a: Excadrill|Earthquake|p1a: Aegislash\n|-supereffective|p1a: Aegislash\n|-end|p1a: Aegislash|Substitute\n|-formechange|p1a: Aegislash|Aegislash-Blade||[from] ability: Stance Change\n|move|p1a: Aegislash|Shadow Ball|p2a: Excadrill\n|-damage|p2a: Excadrill|76\/100\n|\n|-weather|Snow|[upkeep]\n|-heal|p1a: Aegislash|88\/100|[from] item: Leftovers\n|upkeep\n|turn|4\n|\n|t:|1700135628\n|switch|p1a: Zapdos|Zapdos, shiny|100\/100\n|move|p2a: Excadrill|Earthquake|p1a: Zapdos\n|-immune|p1a: Zapdos\n|\n|-weather|Snow|[upkeep]\n|upkeep\n|turn|5\n|\n|t:|1700135635\n|-zpower|p2a: Excadrill\n|move|p2a: Excadrill|Continental Crush|p1a: Zapdos|[zeffect]\n|-supereffective|p1a: Zapdos\n|-damage|p1a: Zapdos|30\/100\n|move|p1a: Zapdos|Defog|p2a: Excadrill\n|-unboost|p2a: Excadrill|evasion|1\n|-sideend|p2: quagsy|move: Aurora Veil\n|\n|-weather|none\n|upkeep\n|turn|6\n|\n|t:|1700135645\n|switch|p1a: Gliscor|Gliscor, M|100\/100\n|move|p2a: Excadrill|Rock Slide|p1a: Gliscor\n|-damage|p1a: Gliscor|83\/100\n|\n|-status|p1a: Gliscor|tox|[from] item: Toxic Orb\n|upkeep\n|turn|7\n|\n|t:|1700135654\n|switch|p2a: Ninetales|Ninetales-Alola, M, shiny|94\/100 tox\n|-weather|Snow|[from] ability: Snow Warning|[of] p2a: Ninetales\n|move|p1a: Gliscor|Substitute|p1a: Gliscor\n|-start|p1a: Gliscor|Substitute\n|-damage|p1a: Gliscor|58\/100 tox\n|\n|-weather|Snow|[upkeep]\n|-damage|p2a: Ninetales|88\/100 tox|[from] psn\n|-heal|p1a: Gliscor|70\/100 tox|[from] ability: Poison Heal\n|upkeep\n|turn|8\n|\n|t:|1700135672\n|move|p2a: Ninetales|Encore|p1a: Gliscor\n|-start|p1a: Gliscor|Encore\n|move|p1a: Gliscor|Substitute|p1a: Gliscor\n|-fail|p1a: Gliscor|move: Substitute\n|\n|-weather|Snow|[upkeep]\n|-damage|p2a: Ninetales|76\/100 tox|[from] psn\n|-heal|p1a: Gliscor|83\/100 tox|[from] ability: Poison Heal\n|upkeep\n|turn|9\n|\n|t:|1700135679\n|move|p2a: Ninetales|Aurora Veil|p2a: Ninetales\n|-sidestart|p2: quagsy|move: Aurora Veil\n|move|p1a: Gliscor|Substitute|p1a: Gliscor\n|-fail|p1a: Gliscor|move: Substitute\n|\n|-weather|Snow|[upkeep]\n|-damage|p2a: Ninetales|58\/100 tox|[from] psn\n|-heal|p1a: Gliscor|95\/100 tox|[from] ability: Poison Heal\n|upkeep\n|turn|10\n|\n|t:|1700135693\n|move|p2a: Ninetales|Freeze-Dry|p1a: Gliscor\n|-supereffective|p1a: Gliscor\n|-end|p1a: Gliscor|Substitute\n|move|p1a: Gliscor|Substitute|p1a: Gliscor\n|-start|p1a: Gliscor|Substitute\n|-damage|p1a: Gliscor|70\/100 tox\n|\n|-weather|Snow|[upkeep]\n|-damage|p2a: Ninetales|34\/100 tox|[from] psn\n|-heal|p1a: Gliscor|83\/100 tox|[from] ability: Poison Heal\n|-end|p1a: Gliscor|Encore\n|upkeep\n|turn|11\n|\n|t:|1700135709\n|switch|p2a: Celesteela|Celesteela|100\/100\n|move|p1a: Gliscor|Protect||[still]\n|-fail|p1a: Gliscor\n|\n|-weather|none\n|-heal|p1a: Gliscor|95\/100 tox|[from] ability: Poison Heal\n|upkeep\n|turn|12\n|\n|t:|1700135713\n|switch|p1a: Zapdos|Zapdos, shiny|30\/100\n|move|p2a: Celesteela|Meteor Beam||[still]\n|-prepare|p2a: Celesteela|Meteor Beam\n|-boost|p2a: Celesteela|spa|1\n|-enditem|p2a: Celesteela|Power Herb\n|-anim|p2a: Celesteela|Meteor Beam|p1a: Zapdos\n|-supereffective|p1a: Zapdos\n|-damage|p1a: Zapdos|0 fnt\n|faint|p1a: Zapdos\n|-ability|p2a: Celesteela|Beast Boost|boost\n|-boost|p2a: Celesteela|spa|1\n|\n|upkeep\n|\n|t:|1700135735\n|switch|p1a: Pawmot|Pawmot, F|100\/100\n|turn|13\n|\n|t:|1700135740\n|move|p1a: Pawmot|Double Shock|p2a: Celesteela\n|-supereffective|p2a: Celesteela\n|-damage|p2a: Celesteela|54\/100\n|-start|p1a: Pawmot|typechange|???\/Fighting|[from] move: Double Shock\n|move|p2a: Celesteela|Air Slash|p1a: Pawmot\n|-supereffective|p1a: Pawmot\n|-crit|p1a: Pawmot\n|-damage|p1a: Pawmot|0 fnt\n|faint|p1a: Pawmot\n|-ability|p2a: Celesteela|Beast Boost|boost\n|-boost|p2a: Celesteela|spa|1\n|\n|upkeep\n|\n|t:|1700135749\n|switch|p1a: Ditto|Ditto|100\/100\n|-transform|p1a: Ditto|p2a: Celesteela|[from] ability: Imposter\n|turn|14\n|\n|t:|1700135755\n|-terastallize|p1a: Ditto|Water\n|-terastallize|p2a: Celesteela|Dragon\n|move|p1a: Ditto|Flamethrower|p2a: Celesteela\n|-resisted|p2a: Celesteela\n|-damage|p2a: Celesteela|37\/100\n|move|p2a: Celesteela|Flamethrower|p1a: Ditto\n|-resisted|p1a: Ditto\n|-damage|p1a: Ditto|57\/100\n|\n|upkeep\n|turn|15\n|c|\u2606quagsy|duuuuuuude\n|\n|t:|1700135769\n|switch|p1a: Lokix|Lokix, M|100\/100\n|move|p2a: Celesteela|Air Slash|p1a: Lokix\n|-supereffective|p1a: Lokix\n|-damage|p1a: Lokix|0 fnt\n|faint|p1a: Lokix\n|-ability|p2a: Celesteela|Beast Boost|boost\n|-boost|p2a: Celesteela|spa|1\n|\n|upkeep\n|\n|t:|1700135773\n|switch|p1a: Gliscor|Gliscor, M|95\/100 tox\n|turn|16\n|\n|t:|1700135792\n|switch|p1a: Aegislash|Aegislash, M, shiny|88\/100\n|switch|p2a: Ninetales|Ninetales-Alola, M, shiny|34\/100 tox\n|-weather|Snow|[from] ability: Snow Warning|[of] p2a: Ninetales\n|\n|-weather|Snow|[upkeep]\n|-heal|p1a: Aegislash|94\/100|[from] item: Leftovers\n|-damage|p2a: Ninetales|29\/100 tox|[from] psn\n|-sideend|p2: quagsy|move: Aurora Veil\n|upkeep\n|turn|17\n|\n|t:|1700135800\n|move|p2a: Ninetales|Aurora Veil|p2a: Ninetales\n|-sidestart|p2: quagsy|move: Aurora Veil\n|-formechange|p1a: Aegislash|Aegislash-Blade||[from] ability: Stance Change\n|move|p1a: Aegislash|Shadow Ball|p2a: Ninetales\n|-damage|p2a: Ninetales|10\/100 tox\n|\n|-weather|Snow|[upkeep]\n|-heal|p1a: Aegislash|100\/100|[from] item: Leftovers\n|-damage|p2a: Ninetales|0 fnt|[from] psn\n|faint|p2a: Ninetales\n|upkeep\n|\n|t:|1700135809\n|switch|p2a: Gyarados|Gyarados, F, shiny|100\/100\n|-ability|p2a: Gyarados|Intimidate|boost\n|-unboost|p1a: Aegislash|atk|1\n|turn|18\n|\n|t:|1700135818\n|detailschange|p2a: Gyarados|Gyarados-Mega, F, shiny\n|-mega|p2a: Gyarados|Gyarados|Gyaradosite\n|-ability|p2a: Gyarados|Mold Breaker\n|move|p2a: Gyarados|Taunt|p1a: Aegislash\n|-start|p1a: Aegislash|move: Taunt\n|cant|p1a: Aegislash|move: Taunt|Toxic\n|\n|-weather|Snow|[upkeep]\n|upkeep\n|turn|19\n|-message|Stonedmask forfeited.\n|\n|win|quagsy\n|raw|Stonedmask's rating: 1409 &rarr; <strong>1390<\/strong><br \/>(-19 for losing)\n|raw|quagsy's rating: 1424 &rarr; <strong>1443<\/strong><br \/>(+19 for winning)\n|l|\u2606Stonedmask\n","uploadtime":1700135837,"views":7,"p1id":"stonedmask","p2id":"quagsy","formatid":"gen9nationaldex","rating":1390,"private":0,"password":""}