{"id":"gen9nationaldex-1993981412","p1":"qiuqiuchan","p2":"Rankuroi","format":"[Gen 9] National Dex","log":"|j|\u2606qiuqiuchan\n|j|\u2606Rankuroi\n|t:|1700387582\n|gametype|singles\n|player|p1|qiuqiuchan|dawn|1170\n|player|p2|Rankuroi|erika|1245\n|teamsize|p1|6\n|teamsize|p2|6\n|gen|9\n|tier|[Gen 9] National Dex\n|rated|\n|rule|HP Percentage Mod: HP is shown in percentages\n|rule|Endless Battle Clause: Forcing endless battles is banned\n|rule|OHKO Clause: OHKO moves are banned\n|rule|Evasion Clause: Evasion abilities, items, and moves are banned\n|rule|Evasion Abilities Clause: Evasion abilities are banned\n|rule|Evasion Items Clause: Evasion items are banned\n|rule|Evasion Moves Clause: Evasion moves are banned\n|rule|Species Clause: Limit one of each Pok\u00e9mon\n|rule|Sleep Clause Mod: Limit one foe put to sleep\n|clearpoke\n|poke|p1|Charizard, F|\n|poke|p1|Ferrothorn, M|\n|poke|p1|Volcarona, F|\n|poke|p1|Dragonite, F|\n|poke|p1|Weavile, F|\n|poke|p1|Zapdos|\n|poke|p2|Victreebel, M|\n|poke|p2|Torkoal, M|\n|poke|p2|Seaking, M|\n|poke|p2|Octillery, F|\n|poke|p2|Spiritomb, M|\n|poke|p2|Sunflora, M|\n|teampreview\n|inactive|Battle timer is ON: inactive players will automatically lose when time's up. (requested by Rankuroi)\n|\n|t:|1700387588\n|start\n|switch|p1a: Zapdos|Zapdos|100\/100\n|switch|p2a: Octillery|Octillery, F|100\/100\n|turn|1\n|\n|t:|1700387594\n|switch|p2a: Seaking|Seaking, M|100\/100\n|move|p1a: Zapdos|Toxic|p2a: Seaking\n|-status|p2a: Seaking|tox\n|\n|-damage|p2a: Seaking|95\/100 tox|[from] psn\n|upkeep\n|turn|2\n|\n|t:|1700387604\n|move|p1a: Zapdos|Hurricane|p2a: Seaking|[miss]\n|-miss|p1a: Zapdos|p2a: Seaking\n|move|p2a: Seaking|Waterfall|p1a: Zapdos\n|-damage|p1a: Zapdos|66\/100\n|-damage|p2a: Seaking|85\/100 tox|[from] item: Life Orb\n|\n|-damage|p2a: Seaking|73\/100 tox|[from] psn\n|upkeep\n|turn|3\n|\n|t:|1700387615\n|switch|p1a: Ferrothorn|Ferrothorn, M|100\/100\n|move|p2a: Seaking|Poison Jab|p1a: Ferrothorn\n|-immune|p1a: Ferrothorn\n|\n|-damage|p2a: Seaking|55\/100 tox|[from] psn\n|upkeep\n|turn|4\n|\n|t:|1700387623\n|switch|p2a: Octillery|Octillery, F|100\/100\n|move|p1a: Ferrothorn|Stealth Rock|p2a: Octillery\n|-sidestart|p2: Rankuroi|move: Stealth Rock\n|\n|upkeep\n|turn|5\n|\n|t:|1700387629\n|switch|p1a: Zapdos|Zapdos|66\/100\n|move|p2a: Octillery|Flamethrower|p1a: Zapdos\n|-damage|p1a: Zapdos|41\/100\n|-enditem|p1a: Zapdos|Sitrus Berry|[eat]\n|-heal|p1a: Zapdos|66\/100|[from] item: Sitrus Berry\n|\n|upkeep\n|turn|6\n|\n|t:|1700387637\n|move|p1a: Zapdos|Toxic|p2a: Octillery\n|-status|p2a: Octillery|tox\n|move|p2a: Octillery|Ice Beam|p1a: Zapdos\n|-supereffective|p1a: Zapdos\n|-damage|p1a: Zapdos|14\/100\n|\n|-damage|p2a: Octillery|94\/100 tox|[from] psn\n|upkeep\n|turn|7\n|\n|t:|1700387646\n|switch|p2a: Seaking|Seaking, M|55\/100 tox\n|-damage|p2a: Seaking|42\/100 tox|[from] Stealth Rock\n|move|p1a: Zapdos|Roost|p1a: Zapdos\n|-heal|p1a: Zapdos|64\/100\n|-singleturn|p1a: Zapdos|move: Roost\n|\n|-damage|p2a: Seaking|36\/100 tox|[from] psn\n|upkeep\n|turn|8\n|\n|t:|1700387656\n|switch|p1a: Ferrothorn|Ferrothorn, M|100\/100\n|move|p2a: Seaking|Drill Run|p1a: Ferrothorn\n|-damage|p1a: Ferrothorn|78\/100\n|-damage|p2a: Seaking|24\/100 tox|[from] ability: Iron Barbs|[of] p1a: Ferrothorn\n|-damage|p2a: Seaking|7\/100 tox|[from] item: Rocky Helmet|[of] p1a: Ferrothorn\n|-damage|p2a: Seaking|0 fnt|[from] item: Life Orb\n|faint|p2a: Seaking\n|\n|upkeep\n|\n|t:|1700387667\n|switch|p2a: Torkoal|Torkoal, M, shiny|100\/100\n|-damage|p2a: Torkoal|76\/100|[from] Stealth Rock\n|-weather|SunnyDay|[from] ability: Drought|[of] p2a: Torkoal\n|turn|9\n|\n|t:|1700387680\n|-terastallize|p1a: Ferrothorn|Water\n|move|p1a: Ferrothorn|Toxic|p2a: Torkoal\n|-status|p2a: Torkoal|tox\n|move|p2a: Torkoal|Rapid Spin|p1a: Ferrothorn\n|-damage|p1a: Ferrothorn|71\/100\n|-boost|p2a: Torkoal|spe|1\n|-damage|p2a: Torkoal|63\/100 tox|[from] ability: Iron Barbs|[of] p1a: Ferrothorn\n|-damage|p2a: Torkoal|47\/100 tox|[from] item: Rocky Helmet|[of] p1a: Ferrothorn\n|-sideend|p2: Rankuroi|Stealth Rock|[from] move: Rapid Spin|[of] p2a: Torkoal\n|\n|-weather|SunnyDay|[upkeep]\n|-damage|p2a: Torkoal|41\/100 tox|[from] psn\n|upkeep\n|turn|10\n|\n|t:|1700387693\n|switch|p2a: Victreebel|Victreebel, M, shiny|100\/100\n|move|p1a: Ferrothorn|Leech Seed|p2a: Victreebel\n|-immune|p2a: Victreebel\n|\n|-weather|SunnyDay|[upkeep]\n|upkeep\n|turn|11\n|\n|t:|1700387701\n|switch|p1a: Dragonite|Dragonite, F|100\/100\n|move|p2a: Victreebel|Growth|p2a: Victreebel\n|-boost|p2a: Victreebel|atk|2\n|-boost|p2a: Victreebel|spa|2\n|\n|-weather|SunnyDay|[upkeep]\n|upkeep\n|turn|12\n|\n|t:|1700387708\n|move|p2a: Victreebel|Growth|p2a: Victreebel\n|-boost|p2a: Victreebel|atk|2\n|-boost|p2a: Victreebel|spa|2\n|move|p1a: Dragonite|Outrage|p2a: Victreebel\n|-enditem|p2a: Victreebel|Focus Sash\n|-damage|p2a: Victreebel|1\/100\n|\n|-weather|SunnyDay|[upkeep]\n|upkeep\n|turn|13\n|\n|t:|1700387718\n|move|p2a: Victreebel|Sludge Bomb|p1a: Dragonite\n|-damage|p1a: Dragonite|47\/100\n|move|p1a: Dragonite|Outrage|p2a: Victreebel|[from]lockedmove\n|-damage|p2a: Victreebel|0 fnt\n|faint|p2a: Victreebel\n|\n|-weather|SunnyDay|[upkeep]\n|upkeep\n|\n|t:|1700387727\n|switch|p2a: Sunflora|Sunflora, M, shiny|100\/100\n|turn|14\n|\n|t:|1700387730\n|-terastallize|p2a: Sunflora|Fairy\n|move|p1a: Dragonite|Outrage|p2a: Sunflora|[from]lockedmove\n|-immune|p2a: Sunflora\n|-start|p1a: Dragonite|confusion|[fatigue]\n|move|p2a: Sunflora|Dazzling Gleam|p1a: Dragonite\n|-supereffective|p1a: Dragonite\n|-damage|p1a: Dragonite|0 fnt\n|faint|p1a: Dragonite\n|\n|-weather|SunnyDay|[upkeep]\n|-damage|p2a: Sunflora|88\/100|[from] ability: Solar Power|[of] p2a: Sunflora\n|upkeep\n|\n|t:|1700387734\n|switch|p1a: Ferrothorn|Ferrothorn, M, tera:Water|71\/100\n|turn|15\n|\n|t:|1700387745\n|move|p2a: Sunflora|Giga Drain|p1a: Ferrothorn\n|-supereffective|p1a: Ferrothorn\n|-damage|p1a: Ferrothorn|0 fnt\n|-heal|p2a: Sunflora|100\/100|[from] drain|[of] p1a: Ferrothorn\n|faint|p1a: Ferrothorn\n|\n|-weather|SunnyDay|[upkeep]\n|-damage|p2a: Sunflora|88\/100|[from] ability: Solar Power|[of] p2a: Sunflora\n|upkeep\n|\n|t:|1700387751\n|switch|p1a: Charizard|Charizard, F, shiny|100\/100\n|turn|16\n|\n|t:|1700387756\n|detailschange|p1a: Charizard|Charizard-Mega-Y, F, shiny\n|-mega|p1a: Charizard|Charizard|Charizardite Y\n|move|p1a: Charizard|Heat Wave|p2a: Sunflora\n|-damage|p2a: Sunflora|4\/100\n|move|p2a: Sunflora|Sludge Bomb|p1a: Charizard\n|-damage|p1a: Charizard|53\/100\n|-status|p1a: Charizard|psn\n|\n|-weather|none\n|-damage|p1a: Charizard|41\/100 psn|[from] psn\n|upkeep\n|turn|17\n|\n|t:|1700387770\n|switch|p2a: Octillery|Octillery, F|94\/100 tox\n|move|p1a: Charizard|Air Slash|p2a: Octillery|[miss]\n|-miss|p1a: Charizard|p2a: Octillery\n|\n|-damage|p1a: Charizard|28\/100 psn|[from] psn\n|-damage|p2a: Octillery|88\/100 tox|[from] psn\n|upkeep\n|turn|18\n|\n|t:|1700387778\n|switch|p1a: Zapdos|Zapdos|64\/100\n|move|p2a: Octillery|Ice Beam|p1a: Zapdos\n|-supereffective|p1a: Zapdos\n|-damage|p1a: Zapdos|11\/100\n|-status|p1a: Zapdos|frz\n|\n|-damage|p2a: Octillery|76\/100 tox|[from] psn\n|upkeep\n|turn|19\n|\n|t:|1700387788\n|cant|p1a: Zapdos|frz\n|move|p2a: Octillery|Surf|p1a: Zapdos\n|-damage|p1a: Zapdos|0 fnt\n|faint|p1a: Zapdos\n|\n|-damage|p2a: Octillery|57\/100 tox|[from] psn\n|upkeep\n|\n|t:|1700387793\n|switch|p1a: Charizard|Charizard-Mega-Y, F, shiny|28\/100 psn\n|-weather|SunnyDay|[from] ability: Drought|[of] p1a: Charizard\n|turn|20\n|\n|t:|1700387800\n|switch|p2a: Sunflora|Sunflora, M, shiny, tera:Fairy|4\/100\n|move|p1a: Charizard|Hidden Power|p2a: Sunflora\n|-damage|p2a: Sunflora|0 fnt\n|faint|p2a: Sunflora\n|\n|-weather|SunnyDay|[upkeep]\n|-damage|p1a: Charizard|16\/100 psn|[from] psn\n|upkeep\n|\n|t:|1700387812\n|switch|p2a: Octillery|Octillery, F|57\/100 tox\n|turn|21\n|\n|t:|1700387816\n|move|p1a: Charizard|Hidden Power|p2a: Octillery\n|-supereffective|p2a: Octillery\n|-damage|p2a: Octillery|9\/100 tox\n|move|p2a: Octillery|Surf|p1a: Charizard\n|-supereffective|p1a: Charizard\n|-damage|p1a: Charizard|0 fnt\n|faint|p1a: Charizard\n|\n|-weather|SunnyDay|[upkeep]\n|-damage|p2a: Octillery|3\/100 tox|[from] psn\n|upkeep\n|\n|t:|1700387821\n|switch|p1a: Volcarona|Volcarona, F|100\/100\n|turn|22\n|\n|t:|1700387831\n|switch|p2a: Spiritomb|Spiritomb, M, shiny|100\/100\n|move|p1a: Volcarona|Quiver Dance|p1a: Volcarona\n|-boost|p1a: Volcarona|spa|1\n|-boost|p1a: Volcarona|spd|1\n|-boost|p1a: Volcarona|spe|1\n|\n|-weather|SunnyDay|[upkeep]\n|upkeep\n|turn|23\n|\n|t:|1700387840\n|move|p1a: Volcarona|Bug Buzz|p2a: Spiritomb\n|-damage|p2a: Spiritomb|42\/100\n|move|p2a: Spiritomb|Rock Tomb|p1a: Volcarona\n|-supereffective|p1a: Volcarona\n|-damage|p1a: Volcarona|0 fnt\n|faint|p1a: Volcarona\n|\n|-weather|SunnyDay|[upkeep]\n|upkeep\n|\n|t:|1700387845\n|switch|p1a: Weavile|Weavile, F|100\/100\n|-ability|p1a: Weavile|Pressure\n|turn|24\n|\n|t:|1700387854\n|move|p1a: Weavile|Throat Chop|p2a: Spiritomb\n|-damage|p2a: Spiritomb|0 fnt\n|faint|p2a: Spiritomb\n|\n|-weather|none\n|upkeep\n|\n|t:|1700387862\n|switch|p2a: Torkoal|Torkoal, M, shiny|41\/100 tox\n|-weather|SunnyDay|[from] ability: Drought|[of] p2a: Torkoal\n|turn|25\n|\n|t:|1700387866\n|move|p1a: Weavile|Throat Chop|p2a: Torkoal\n|-damage|p2a: Torkoal|12\/100 tox\n|-start|p2a: Torkoal|Throat Chop|[silent]\n|move|p2a: Torkoal|Flamethrower|p1a: Weavile\n|-supereffective|p1a: Weavile\n|-damage|p1a: Weavile|0 fnt\n|faint|p1a: Weavile\n|\n|win|Rankuroi\n|raw|qiuqiuchan's rating: 1170 &rarr; <strong>1150<\/strong><br \/>(-20 for losing)\n|raw|Rankuroi's rating: 1245 &rarr; <strong>1265<\/strong><br \/>(+20 for winning)\n|l|\u2606qiuqiuchan\n|c|\u2606Rankuroi|Gg\n","uploadtime":1700387890,"views":6,"p1id":"qiuqiuchan","p2id":"rankuroi","formatid":"gen9nationaldex","rating":1150,"private":0,"password":""}