{"id":"gen9nationaldex-1988719445","p1":"DufauxZac","p2":"Bronzong","format":"[Gen 9] National Dex","log":"|j|\u2606DufauxZac\n|j|\u2606Bronzong\n|t:|1699754562\n|gametype|singles\n|player|p1|DufauxZac|brock|\n|player|p2|Bronzong|hassel|\n|teamsize|p1|6\n|teamsize|p2|6\n|gen|9\n|tier|[Gen 9] National Dex\n|rule|HP Percentage Mod: HP is shown in percentages\n|rule|Endless Battle Clause: Forcing endless battles is banned\n|rule|OHKO Clause: OHKO moves are banned\n|rule|Evasion Clause: Evasion abilities, items, and moves are banned\n|rule|Evasion Abilities Clause: Evasion abilities are banned\n|rule|Evasion Items Clause: Evasion items are banned\n|rule|Evasion Moves Clause: Evasion moves are banned\n|rule|Species Clause: Limit one of each Pok\u00e9mon\n|rule|Sleep Clause Mod: Limit one foe put to sleep\n|clearpoke\n|poke|p1|Farigiraf, F|\n|poke|p1|Girafarig, F|\n|poke|p1|Porygon-Z|\n|poke|p1|Skeledirge, M|\n|poke|p1|Sinistcha|\n|poke|p1|Yanmega, M|\n|poke|p2|Arcanine-Hisui, F|\n|poke|p2|Corviknight, M|\n|poke|p2|Noivern, M|\n|poke|p2|Suicune|\n|poke|p2|Dachsbun, M|\n|poke|p2|Spidops, F|\n|teampreview\n|inactive|Battle timer is ON: inactive players will automatically lose when time's up. (requested by Bronzong)\n|j| Reptilestyle\n|\n|t:|1699754579\n|start\n|switch|p1a: Yanmega|Yanmega, M|100\/100\n|switch|p2a: Suicune|Suicune|100\/100\n|turn|1\n|c|\u2606DufauxZac|my tera is fairy btw what's yours\n|c|\u2606Bronzong|Flying\n|inactive|DufauxZac has 270 seconds left.\n|c|\u2606DufauxZac|kk\n|\n|t:|1699754619\n|switch|p1a: Sinistcha|Sinistcha|100\/100\n|move|p2a: Suicune|Whirlpool|p1a: Sinistcha\n|-resisted|p1a: Sinistcha\n|-damage|p1a: Sinistcha|92\/100\n|-activate|p1a: Sinistcha|move: Whirlpool|[of] p2a: Suicune\n|\n|-damage|p1a: Sinistcha|79\/100|[from] move: Whirlpool|[partiallytrapped]\n|upkeep\n|turn|2\n|\n|t:|1699754638\n|move|p2a: Suicune|Ice Beam|p1a: Sinistcha\n|-supereffective|p1a: Sinistcha\n|-damage|p1a: Sinistcha|17\/100\n|move|p1a: Sinistcha|Matcha Gotcha|p2a: Suicune\n|-supereffective|p2a: Suicune\n|-damage|p2a: Suicune|57\/100\n|-heal|p1a: Sinistcha|42\/100|[from] drain|[of] p2a: Suicune\n|\n|-damage|p1a: Sinistcha|30\/100|[from] move: Whirlpool|[partiallytrapped]\n|upkeep\n|turn|3\n|inactive|DufauxZac has 270 seconds left.\n|\n|t:|1699754656\n|switch|p1a: Girafarig|Girafarig, F|100\/100\n|move|p2a: Suicune|Ice Beam|p1a: Girafarig\n|-damage|p1a: Girafarig|55\/100\n|\n|upkeep\n|turn|4\n|inactive|DufauxZac has 270 seconds left.\n|c|\u2606Bronzong|Huh?\n|inactive|Bronzong has 270 seconds left.\n|\n|t:|1699754689\n|move|p1a: Girafarig|Thunder Wave|p2a: Suicune\n|-status|p2a: Suicune|par\n|cant|p2a: Suicune|par\n|\n|upkeep\n|turn|5\n|inactive|DufauxZac has 270 seconds left.\n|c|\u2606DufauxZac|what\n|c|\u2606Bronzong|Whirlpool prevents switch out I thought\n|c|\u2606Bronzong|unless I'm insane\n|c|\u2606Bronzong|Which is likely\n|inactive|DufauxZac has 240 seconds left.\n|c|\u2606DufauxZac|pranked ig\n|c|\u2606Bronzong|ig\n|inactive|DufauxZac has 210 seconds left.\n|\n|t:|1699754760\n|switch|p1a: Sinistcha|Sinistcha|30\/100\n|move|p2a: Suicune|Whirlpool|p1a: Sinistcha\n|-resisted|p1a: Sinistcha\n|-damage|p1a: Sinistcha|20\/100\n|-activate|p1a: Sinistcha|move: Whirlpool|[of] p2a: Suicune\n|\n|-damage|p1a: Sinistcha|8\/100|[from] move: Whirlpool|[partiallytrapped]\n|upkeep\n|turn|6\n|\n|t:|1699754771\n|move|p1a: Sinistcha|Strength Sap|p2a: Suicune\n|-unboost|p2a: Suicune|atk|1\n|-heal|p1a: Sinistcha|48\/100\n|move|p2a: Suicune|Ice Beam|p1a: Sinistcha\n|-supereffective|p1a: Sinistcha\n|-damage|p1a: Sinistcha|0 fnt\n|faint|p1a: Sinistcha\n|\n|upkeep\n|\n|t:|1699754782\n|switch|p1a: Farigiraf|Farigiraf, F|100\/100\n|turn|7\n|\n|t:|1699754793\n|move|p1a: Farigiraf|Nasty Plot|p1a: Farigiraf\n|-boost|p1a: Farigiraf|spa|2\n|move|p2a: Suicune|Whirlpool|p1a: Farigiraf\n|-damage|p1a: Farigiraf|84\/100\n|-activate|p1a: Farigiraf|move: Whirlpool|[of] p2a: Suicune\n|\n|-damage|p1a: Farigiraf|72\/100|[from] move: Whirlpool|[partiallytrapped]\n|upkeep\n|turn|8\n|inactive|Bronzong has 270 seconds left.\n|\n|t:|1699754818\n|move|p1a: Farigiraf|Thunderbolt|p2a: Suicune\n|-supereffective|p2a: Suicune\n|-damage|p2a: Suicune|0 fnt\n|faint|p2a: Suicune\n|\n|-end|p1a: Farigiraf|Whirlpool|[partiallytrapped]|[silent]\n|upkeep\n|\n|t:|1699754845\n|switch|p2a: Noivern|Noivern, M|100\/100\n|turn|9\n|\n|t:|1699754854\n|-terastallize|p1a: Farigiraf|Fairy\n|move|p2a: Noivern|Draco Meteor|p1a: Farigiraf\n|-immune|p1a: Farigiraf\n|move|p1a: Farigiraf|Thunderbolt|p2a: Noivern\n|-damage|p2a: Noivern|26\/100\n|\n|upkeep\n|turn|10\n|c|\u2606Bronzong|ah I'm dumb I thought it was Girafirig\n|c|\u2606DufauxZac|lmao\n|c|\u2606DufauxZac|Dupranked\n|inactive|Bronzong has 240 seconds left.\n|\n|t:|1699754892\n|move|p2a: Noivern|Boomburst|p1a: Farigiraf\n|-damage|p1a: Farigiraf|28\/100\n|move|p1a: Farigiraf|Psychic|p2a: Noivern\n|-damage|p2a: Noivern|0 fnt\n|faint|p2a: Noivern\n|\n|upkeep\n|c|\u2606Bronzong|This is what I get for playing Risk of Rain Returns instead of calcing\n|\n|t:|1699754900\n|switch|p2a: Spidops|Spidops, F|100\/100\n|turn|11\n|inactive|Bronzong has 240 seconds left.\n|\n|t:|1699754913\n|move|p1a: Farigiraf|Nasty Plot|p1a: Farigiraf\n|-boost|p1a: Farigiraf|spa|2\n|move|p2a: Spidops|Throat Chop|p1a: Farigiraf\n|-resisted|p1a: Farigiraf\n|-damage|p1a: Farigiraf|12\/100\n|-start|p1a: Farigiraf|Throat Chop|[silent]\n|-enditem|p1a: Farigiraf|Salac Berry|[eat]\n|-boost|p1a: Farigiraf|spe|1|[from] item: Salac Berry\n|\n|upkeep\n|turn|12\n|inactive|DufauxZac has 240 seconds left.\n|inactive|Bronzong has 240 seconds left.\n|c|\u2606Bronzong|bruh I'm ass\n|\n|t:|1699754926\n|move|p1a: Farigiraf|Psychic|p2a: Spidops\n|-damage|p2a: Spidops|0 fnt\n|faint|p2a: Spidops\n|\n|-end|p1a: Farigiraf|Throat Chop|[silent]\n|-activate|p1a: Farigiraf|ability: Cud Chew\n|-enditem|p1a: Farigiraf|Salac Berry|[eat]\n|-boost|p1a: Farigiraf|spe|1|[from] item: Salac Berry\n|upkeep\n|\n|t:|1699754940\n|switch|p2a: Dachsbun|Dachsbun, M|100\/100\n|turn|13\n|\n|t:|1699754952\n|move|p1a: Farigiraf|Psychic|p2a: Dachsbun\n|-damage|p2a: Dachsbun|0 fnt\n|faint|p2a: Dachsbun\n|\n|upkeep\n|c|\u2606Bronzong|I just had to click not Throat Chop\n|\n|t:|1699754956\n|switch|p2a: Arcanine|Arcanine-Hisui, F|100\/100\n|turn|14\n|\n|t:|1699754961\n|move|p2a: Arcanine|Extreme Speed|p1a: Farigiraf\n|-damage|p1a: Farigiraf|0 fnt\n|faint|p1a: Farigiraf\n|\n|upkeep\n|\n|t:|1699754966\n|switch|p1a: Girafarig|Girafarig, F|55\/100\n|turn|15\n|\n|t:|1699754969\n|switch|p2a: Corviknight|Corviknight, M|100\/100\n|move|p1a: Girafarig|Earthquake|p2a: Corviknight\n|-immune|p2a: Corviknight\n|\n|upkeep\n|turn|16\n|\n|t:|1699754976\n|switch|p1a: Skeledirge|Skeledirge, M|100\/100\n|move|p2a: Corviknight|Brave Bird|p1a: Skeledirge\n|-damage|p1a: Skeledirge|59\/100\n|-damage|p2a: Corviknight|86\/100|[from] Recoil\n|\n|-heal|p2a: Corviknight|93\/100|[from] item: Leftovers\n|-heal|p1a: Skeledirge|65\/100|[from] item: Leftovers\n|upkeep\n|turn|17\n|\n|t:|1699754988\n|move|p2a: Corviknight|Brave Bird|p1a: Skeledirge\n|-damage|p1a: Skeledirge|20\/100\n|-damage|p2a: Corviknight|78\/100|[from] Recoil\n|move|p1a: Skeledirge|Substitute|p1a: Skeledirge\n|-fail|p1a: Skeledirge|move: Substitute|[weak]\n|\n|-heal|p2a: Corviknight|84\/100|[from] item: Leftovers\n|-heal|p1a: Skeledirge|27\/100|[from] item: Leftovers\n|upkeep\n|turn|18\n|c|\u2606DufauxZac|happens\n|\n|t:|1699755000\n|move|p2a: Corviknight|Brave Bird|p1a: Skeledirge\n|-damage|p1a: Skeledirge|0 fnt\n|faint|p1a: Skeledirge\n|-damage|p2a: Corviknight|75\/100|[from] Recoil\n|\n|-heal|p2a: Corviknight|81\/100|[from] item: Leftovers\n|upkeep\n|\n|t:|1699755005\n|switch|p1a: Girafarig|Girafarig, F|55\/100\n|turn|19\n|\n|t:|1699755009\n|move|p1a: Girafarig|Thunder Wave|p2a: Corviknight\n|-status|p2a: Corviknight|par\n|cant|p2a: Corviknight|par\n|\n|-heal|p2a: Corviknight|88\/100 par|[from] item: Leftovers\n|upkeep\n|turn|20\n|\n|t:|1699755026\n|switch|p1a: Yanmega|Yanmega, M|100\/100\n|move|p2a: Corviknight|Brave Bird|p1a: Yanmega\n|-supereffective|p1a: Yanmega\n|-damage|p1a: Yanmega|0 fnt\n|faint|p1a: Yanmega\n|-damage|p2a: Corviknight|62\/100 par|[from] Recoil\n|\n|-heal|p2a: Corviknight|68\/100 par|[from] item: Leftovers\n|upkeep\n|\n|t:|1699755028\n|switch|p1a: Porygon-Z|Porygon-Z|100\/100\n|turn|21\n|l| Reptilestyle\n|\n|t:|1699755039\n|move|p1a: Porygon-Z|Dark Pulse|p2a: Corviknight\n|-damage|p2a: Corviknight|31\/100 par\n|-damage|p1a: Porygon-Z|91\/100|[from] item: Life Orb\n|move|p2a: Corviknight|U-turn|p1a: Porygon-Z\n|-damage|p1a: Porygon-Z|58\/100\n|\n|t:|1699755045\n|switch|p2a: Arcanine|Arcanine-Hisui, F|100\/100|[from] U-turn\n|\n|upkeep\n|turn|22\n|c|\u2606DufauxZac|Don't worry i'm also dumb casue i brought the wrong move lol\n|c|\u2606Bronzong|LOL NOO\n|\n|t:|1699755062\n|move|p2a: Arcanine|Extreme Speed|p1a: Porygon-Z\n|-damage|p1a: Porygon-Z|0 fnt\n|faint|p1a: Porygon-Z\n|\n|upkeep\n|\n|t:|1699755064\n|switch|p1a: Girafarig|Girafarig, F|55\/100\n|turn|23\n|\n|t:|1699755073\n|move|p2a: Arcanine|Extreme Speed|p1a: Girafarig\n|-damage|p1a: Girafarig|0 fnt\n|faint|p1a: Girafarig\n|\n|win|Bronzong\n|c|\u2606Bronzong|any changes?\n","uploadtime":1699755083,"views":19,"p1id":"dufauxzac","p2id":"bronzong","formatid":"gen9nationaldex","rating":0,"private":0,"password":""}