{"id":"gen9nationaldex-1998870193","p1":"Autistic_Rabbit","p2":"baigu2","format":"[Gen 9] National Dex","log":"|html|<div class=\"broadcast-blue\"><strong>[Gen 9] National Dex is currently suspecting Sneasler! For information on how to participate check out the <a href=\"https:\/\/www.smogon.com\/forums\/threads\/sv-national-dex-suspect-8-just-dance.3731534\/\">suspect thread<\/a>.<\/strong><\/div>\n|j|\u2606Autistic_Rabbit\n|j|\u2606baigu2\n|t:|1701006202\n|gametype|singles\n|player|p1|Autistic_Rabbit|dawn|1597\n|player|p2|baigu2|169|1869\n|teamsize|p1|6\n|teamsize|p2|6\n|gen|9\n|tier|[Gen 9] National Dex\n|rated|\n|rule|HP Percentage Mod: HP is shown in percentages\n|rule|Endless Battle Clause: Forcing endless battles is banned\n|rule|OHKO Clause: OHKO moves are banned\n|rule|Evasion Clause: Evasion abilities, items, and moves are banned\n|rule|Evasion Abilities Clause: Evasion abilities are banned\n|rule|Evasion Items Clause: Evasion items are banned\n|rule|Evasion Moves Clause: Evasion moves are banned\n|rule|Species Clause: Limit one of each Pok\u00e9mon\n|rule|Sleep Clause Mod: Limit one foe put to sleep\n|clearpoke\n|poke|p1|Mawile, M|\n|poke|p1|Marowak-Alola, F|\n|poke|p1|Hatterene, F|\n|poke|p1|Cresselia, F|\n|poke|p1|Porygon2|\n|poke|p1|Ursaluna, F|\n|poke|p2|Ursaluna, F|\n|poke|p2|Slowking, F|\n|poke|p2|Corviknight, M|\n|poke|p2|Hoopa-Unbound|\n|poke|p2|Dragonite, M|\n|poke|p2|Tapu Koko|\n|teampreview\n|\n|t:|1701006218\n|start\n|switch|p1a: Mawile|Mawile, M|100\/100\n|switch|p2a: Tapu Koko|Tapu Koko|100\/100\n|-fieldstart|move: Electric Terrain|[from] ability: Electric Surge|[of] p2a: Tapu Koko\n|-ability|p1a: Mawile|Intimidate|boost\n|-unboost|p2a: Tapu Koko|atk|1\n|turn|1\n|inactive|Battle timer is ON: inactive players will automatically lose when time's up. (requested by baigu2)\n|\n|t:|1701006242\n|detailschange|p1a: Mawile|Mawile-Mega, M\n|-mega|p1a: Mawile|Mawile|Mawilite\n|move|p2a: Tapu Koko|Volt Switch|p1a: Mawile\n|-damage|p1a: Mawile|32\/100\n|\n|t:|1701006246\n|switch|p2a: Corviknight|Corviknight, M|100\/100|[from] Volt Switch\n|-ability|p2a: Corviknight|Pressure\n|move|p1a: Mawile|Play Rough|p2a: Corviknight\n|-resisted|p2a: Corviknight\n|-damage|p2a: Corviknight|74\/100\n|-damage|p1a: Mawile|15\/100|[from] item: Rocky Helmet|[of] p2a: Corviknight\n|\n|upkeep\n|turn|2\n|\n|t:|1701006255\n|switch|p1a: Marowak|Marowak-Alola, F|100\/100\n|move|p2a: Corviknight|Roost|p2a: Corviknight\n|-heal|p2a: Corviknight|100\/100\n|-singleturn|p2a: Corviknight|move: Roost\n|\n|upkeep\n|turn|3\n|\n|t:|1701006276\n|move|p2a: Corviknight|U-turn|p1a: Marowak\n|-resisted|p1a: Marowak\n|-damage|p1a: Marowak|97\/100\n|\n|t:|1701006278\n|switch|p2a: Dragonite|Dragonite, M|100\/100|[from] U-turn\n|move|p1a: Marowak|Flare Blitz|p2a: Dragonite\n|-resisted|p2a: Dragonite\n|-damage|p2a: Dragonite|76\/100\n|\n|upkeep\n|turn|4\n|\n|t:|1701006287\n|-terastallize|p1a: Marowak|Ghost\n|move|p2a: Dragonite|Dual Wingbeat|p1a: Marowak\n|-damage|p1a: Marowak|62\/100\n|-damage|p1a: Marowak|25\/100\n|-hitcount|p1a: Marowak|2\n|move|p1a: Marowak|Poltergeist|p2a: Dragonite\n|-activate|p2a: Dragonite|move: Poltergeist|Choice Band\n|-damage|p2a: Dragonite|0 fnt\n|faint|p2a: Dragonite\n|\n|upkeep\n|\n|t:|1701006298\n|switch|p2a: \u718a\u5927|Ursaluna, F|100\/100\n|turn|5\n|l|\u2606Autistic_Rabbit\n|inactive|Autistic_Rabbit disconnected and has a minute to reconnect!\n|player|p1|\n|inactive|Autistic_Rabbit has 30 seconds to reconnect!\n|inactive|Autistic_Rabbit has 20 seconds to reconnect!\n|inactive|Autistic_Rabbit has 15 seconds to reconnect!\n|j|\u2606Autistic_Rabbit\n|inactive|Autistic_Rabbit reconnected and has 95 seconds left.\n|player|p1|Autistic_Rabbit|dawn\n|\n|t:|1701006357\n|switch|p1a: Mawile|Mawile-Mega, M|15\/100\n|move|p2a: \u718a\u5927|Throat Chop|p1a: Mawile\n|-resisted|p1a: Mawile\n|-damage|p1a: Mawile|1\/100\n|-start|p1a: Mawile|Throat Chop|[silent]\n|\n|-fieldend|move: Electric Terrain\n|-status|p2a: \u718a\u5927|brn|[from] item: Flame Orb\n|upkeep\n|turn|6\n|inactive|Autistic_Rabbit has 90 seconds left.\n|\n|t:|1701006377\n|move|p1a: Mawile|Sucker Punch|p2a: \u718a\u5927\n|-damage|p2a: \u718a\u5927|67\/100 brn\n|move|p2a: \u718a\u5927|Throat Chop|p1a: Mawile\n|-resisted|p1a: Mawile\n|-damage|p1a: Mawile|0 fnt\n|faint|p1a: Mawile\n|\n|-damage|p2a: \u718a\u5927|61\/100 brn|[from] brn\n|upkeep\n|\n|t:|1701006383\n|switch|p1a: Hatterene|Hatterene, F|100\/100\n|turn|7\n|\n|t:|1701006386\n|switch|p2a: Slowking|Slowking, F|100\/100\n|move|p1a: Hatterene|Trick Room|p1a: Hatterene\n|-fieldstart|move: Trick Room|[of] p1a: Hatterene\n|\n|upkeep\n|turn|8\n|\n|t:|1701006397\n|switch|p1a: Ursaluna|Ursaluna, F|100\/100\n|move|p2a: Slowking|Trick Room|p2a: Slowking\n|-fieldend|move: Trick Room\n|\n|-status|p1a: Ursaluna|brn|[from] item: Flame Orb\n|upkeep\n|turn|9\n|\n|t:|1701006409\n|switch|p2a: Corviknight|Corviknight, M|100\/100\n|-ability|p2a: Corviknight|Pressure\n|move|p1a: Ursaluna|Fire Punch|p2a: Corviknight\n|-supereffective|p2a: Corviknight\n|-damage|p2a: Corviknight|41\/100\n|-damage|p1a: Ursaluna|84\/100 brn|[from] item: Rocky Helmet|[of] p2a: Corviknight\n|\n|-damage|p1a: Ursaluna|78\/100 brn|[from] brn\n|upkeep\n|turn|10\n|\n|t:|1701006420\n|move|p2a: Corviknight|Roost|p2a: Corviknight\n|-heal|p2a: Corviknight|91\/100\n|-singleturn|p2a: Corviknight|move: Roost\n|move|p1a: Ursaluna|Headlong Rush|p2a: Corviknight\n|-supereffective|p2a: Corviknight\n|-damage|p2a: Corviknight|0 fnt\n|-unboost|p1a: Ursaluna|def|1\n|-unboost|p1a: Ursaluna|spd|1\n|-damage|p1a: Ursaluna|61\/100 brn|[from] item: Rocky Helmet|[of] p2a: Corviknight\n|faint|p2a: Corviknight\n|\n|-damage|p1a: Ursaluna|55\/100 brn|[from] brn\n|upkeep\n|\n|t:|1701006425\n|switch|p2a: \u718a\u5927|Ursaluna, F|61\/100 brn\n|turn|11\n|\n|t:|1701006441\n|switch|p1a: Porygon2|Porygon2|100\/100\n|-ability|p1a: Porygon2|Guts|[from] ability: Trace|[of] p2a: \u718a\u5927\n|move|p2a: \u718a\u5927|Facade|p1a: Porygon2\n|-damage|p1a: Porygon2|38\/100\n|\n|-damage|p2a: \u718a\u5927|55\/100 brn|[from] brn\n|upkeep\n|turn|12\n|\n|t:|1701006449\n|move|p2a: \u718a\u5927|Facade|p1a: Porygon2\n|-damage|p1a: Porygon2|0 fnt\n|faint|p1a: Porygon2\n|\n|-damage|p2a: \u718a\u5927|49\/100 brn|[from] brn\n|upkeep\n|\n|t:|1701006451\n|switch|p1a: Hatterene|Hatterene, F|100\/100\n|turn|13\n|\n|t:|1701006457\n|move|p2a: \u718a\u5927|Facade|p1a: Hatterene\n|-enditem|p1a: Hatterene|Focus Sash\n|-damage|p1a: Hatterene|1\/100\n|move|p1a: Hatterene|Trick Room|p1a: Hatterene\n|-fieldstart|move: Trick Room|[of] p1a: Hatterene\n|\n|-damage|p2a: \u718a\u5927|42\/100 brn|[from] brn\n|upkeep\n|turn|14\n|j| Kanto one and only\n|inactive|Autistic_Rabbit has 120 seconds left.\n|\n|t:|1701006479\n|switch|p2a: Slowking|Slowking, F|100\/100\n|move|p1a: Hatterene|Healing Wish|p1a: Hatterene\n|faint|p1a: Hatterene\n|\n|upkeep\n|\n|t:|1701006493\n|switch|p1a: Marowak|Marowak-Alola, F, tera:Ghost|25\/100\n|-heal|p1a: Marowak|100\/100|[from] move: Healing Wish\n|turn|15\n|\n|t:|1701006501\n|-terastallize|p2a: Slowking|Fire\n|move|p1a: Marowak|Poltergeist|p2a: Slowking\n|-activate|p2a: Slowking|move: Poltergeist|Heavy-Duty Boots\n|-damage|p2a: Slowking|0 fnt\n|faint|p2a: Slowking\n|\n|upkeep\n|\n|t:|1701006513\n|switch|p2a: Tapu Koko|Tapu Koko|100\/100\n|-fieldstart|move: Electric Terrain|[from] ability: Electric Surge|[of] p2a: Tapu Koko\n|turn|16\n|inactive|Autistic_Rabbit has 120 seconds left.\n|\n|t:|1701006519\n|move|p1a: Marowak|Flare Blitz|p2a: Tapu Koko\n|-damage|p2a: Tapu Koko|0 fnt\n|faint|p2a: Tapu Koko\n|\n|upkeep\n|\n|t:|1701006521\n|switch|p2a: Hoopa|Hoopa-Unbound|100\/100\n|turn|17\n|\n|t:|1701006524\n|move|p1a: Marowak|Flare Blitz|p2a: Hoopa\n|-crit|p2a: Hoopa\n|-damage|p2a: Hoopa|0 fnt\n|faint|p2a: Hoopa\n|\n|-fieldend|move: Trick Room\n|upkeep\n|\n|t:|1701006526\n|switch|p2a: \u718a\u5927|Ursaluna, F|42\/100 brn\n|turn|18\n|\n|t:|1701006531\n|switch|p1a: Ursaluna|Ursaluna, F|55\/100 brn\n|move|p2a: \u718a\u5927|Throat Chop|p1a: Ursaluna\n|-damage|p1a: Ursaluna|22\/100 brn\n|-start|p1a: Ursaluna|Throat Chop|[silent]\n|\n|-damage|p2a: \u718a\u5927|36\/100 brn|[from] brn\n|-damage|p1a: Ursaluna|16\/100 brn|[from] brn\n|upkeep\n|turn|19\n|\n|t:|1701006540\n|move|p2a: \u718a\u5927|Facade|p1a: Ursaluna\n|-damage|p1a: Ursaluna|0 fnt\n|faint|p1a: Ursaluna\n|\n|-damage|p2a: \u718a\u5927|30\/100 brn|[from] brn\n|upkeep\n|\n|t:|1701006544\n|switch|p1a: Cresselia|Cresselia, F|100\/100\n|turn|20\n|\n|t:|1701006548\n|move|p2a: \u718a\u5927|Facade|p1a: Cresselia\n|-damage|p1a: Cresselia|38\/100\n|move|p1a: Cresselia|Trick Room|p1a: Cresselia\n|-fieldstart|move: Trick Room|[of] p1a: Cresselia\n|\n|-damage|p2a: \u718a\u5927|24\/100 brn|[from] brn\n|-fieldend|move: Electric Terrain\n|upkeep\n|turn|21\n|\n|t:|1701006552\n|move|p2a: \u718a\u5927|Headlong Rush|p1a: Cresselia\n|-immune|p1a: Cresselia|[from] ability: Levitate\n|move|p1a: Cresselia|Lunar Dance|p1a: Cresselia\n|faint|p1a: Cresselia\n|\n|-damage|p2a: \u718a\u5927|18\/100 brn|[from] brn\n|upkeep\n|\n|t:|1701006557\n|switch|p1a: Marowak|Marowak-Alola, F, tera:Ghost|100\/100\n|-heal|p1a: Marowak|100\/100|[from] move: Lunar Dance\n|turn|22\n|-message|baigu2 forfeited.\n|\n|win|Autistic_Rabbit\n|raw|Autistic_Rabbit's rating: 1597 &rarr; <strong>1630<\/strong><br \/>(+33 for winning)\n|raw|baigu2's rating: 1869 &rarr; <strong>1836<\/strong><br \/>(-33 for losing)\n|l|\u2606baigu2\n","uploadtime":1701006597,"views":9,"p1id":"autisticrabbit","p2id":"baigu2","formatid":"gen9nationaldex","rating":1630,"private":0,"password":""}