{"id":"gen9nationaldex-1991016801","p1":"Edelgard1162","p2":"vlpraca","format":"[Gen 9] National Dex","log":"|j|\u2606Edelgard1162\n|j|\u203dvlpraca\n|t:|1700028577\n|gametype|singles\n|player|p1|Edelgard1162|rika|1282\n|player|p2|vlpraca|brock|1338\n|teamsize|p1|6\n|teamsize|p2|6\n|gen|9\n|tier|[Gen 9] National Dex\n|rated|\n|rule|HP Percentage Mod: HP is shown in percentages\n|rule|Endless Battle Clause: Forcing endless battles is banned\n|rule|OHKO Clause: OHKO moves are banned\n|rule|Evasion Clause: Evasion abilities, items, and moves are banned\n|rule|Evasion Abilities Clause: Evasion abilities are banned\n|rule|Evasion Items Clause: Evasion items are banned\n|rule|Evasion Moves Clause: Evasion moves are banned\n|rule|Species Clause: Limit one of each Pok\u00e9mon\n|rule|Sleep Clause Mod: Limit one foe put to sleep\n|clearpoke\n|poke|p1|Kleavor, F|\n|poke|p1|Zapdos|\n|poke|p1|Iron Valiant|\n|poke|p1|Empoleon, F|\n|poke|p1|Clefable, F|\n|poke|p1|Garchomp, F|\n|poke|p2|Serperior, F|\n|poke|p2|Togekiss, F|\n|poke|p2|Ferrothorn, F|\n|poke|p2|Arcanine-Hisui, M|\n|poke|p2|Slowking, F|\n|poke|p2|Tyranitar, F|\n|teampreview\n|inactive|Battle timer is ON: inactive players will automatically lose when time's up. (requested by Edelgard1162)\n|\n|t:|1700028586\n|start\n|switch|p1a: Kleavor|Kleavor, F|100\/100\n|switch|p2a: Slowking|Slowking, F|100\/100\n|turn|1\n|inactive|Edelgard1162 has 120 seconds left.\n|\n|t:|1700028626\n|switch|p2a: Ferrothorn|Ferrothorn, F|100\/100\n|move|p1a: Kleavor|Stone Axe|p2a: Ferrothorn\n|-resisted|p2a: Ferrothorn\n|-damage|p2a: Ferrothorn|82\/100\n|-damage|p1a: Kleavor|88\/100|[from] ability: Iron Barbs|[of] p2a: Ferrothorn\n|-sidestart|p2: vlpraca|move: Stealth Rock\n|\n|-heal|p2a: Ferrothorn|88\/100|[from] item: Leftovers\n|upkeep\n|turn|2\n|\n|t:|1700028640\n|switch|p1a: Clefable|Clefable, F|100\/100\n|move|p2a: Ferrothorn|Leech Seed|p1a: Clefable\n|-start|p1a: Clefable|move: Leech Seed\n|\n|-heal|p2a: Ferrothorn|94\/100|[from] item: Leftovers\n|upkeep\n|turn|3\n|\n|t:|1700028647\n|move|p1a: Clefable|Calm Mind|p1a: Clefable\n|-boost|p1a: Clefable|spa|1\n|-boost|p1a: Clefable|spd|1\n|move|p2a: Ferrothorn|Thunder Wave|p1a: Clefable\n|-status|p1a: Clefable|par\n|\n|-heal|p2a: Ferrothorn|99\/100|[from] item: Leftovers\n|upkeep\n|turn|4\n|inactive|Edelgard1162 has 120 seconds left.\n|\n|t:|1700028652\n|switch|p2a: Togekiss|Togekiss, F|100\/100\n|-damage|p2a: Togekiss|76\/100|[from] Stealth Rock\n|cant|p1a: Clefable|par\n|\n|-heal|p2a: Togekiss|82\/100|[from] item: Leftovers\n|upkeep\n|turn|5\n|inactive|Edelgard1162 has 120 seconds left.\n|\n|t:|1700028663\n|move|p2a: Togekiss|Air Slash|p1a: Clefable\n|-damage|p1a: Clefable|76\/100 par\n|move|p1a: Clefable|Calm Mind|p1a: Clefable\n|-boost|p1a: Clefable|spa|1\n|-boost|p1a: Clefable|spd|1\n|\n|-heal|p2a: Togekiss|88\/100|[from] item: Leftovers\n|-heal|p1a: Clefable|82\/100 par|[from] item: Leftovers\n|upkeep\n|turn|6\n|inactive|Edelgard1162 has 120 seconds left.\n|\n|t:|1700028674\n|move|p2a: Togekiss|Air Slash|p1a: Clefable\n|-damage|p1a: Clefable|64\/100 par\n|move|p1a: Clefable|Moonblast|p2a: Togekiss\n|-damage|p2a: Togekiss|28\/100\n|\n|-heal|p2a: Togekiss|34\/100|[from] item: Leftovers\n|-heal|p1a: Clefable|70\/100 par|[from] item: Leftovers\n|upkeep\n|turn|7\n|\n|t:|1700028681\n|switch|p1a: Kleavor|Kleavor, F|88\/100\n|move|p2a: Togekiss|Air Slash|p1a: Kleavor\n|-damage|p1a: Kleavor|26\/100\n|\n|-heal|p2a: Togekiss|40\/100|[from] item: Leftovers\n|upkeep\n|turn|8\n|\n|t:|1700028686\n|switch|p2a: Ferrothorn|Ferrothorn, F|99\/100\n|-damage|p2a: Ferrothorn|94\/100|[from] Stealth Rock\n|move|p1a: Kleavor|Stone Axe|p2a: Ferrothorn\n|-resisted|p2a: Ferrothorn\n|-damage|p2a: Ferrothorn|72\/100\n|-damage|p1a: Kleavor|14\/100|[from] ability: Iron Barbs|[of] p2a: Ferrothorn\n|\n|-heal|p2a: Ferrothorn|78\/100|[from] item: Leftovers\n|upkeep\n|turn|9\n|\n|t:|1700028705\n|switch|p1a: Zapdos|Zapdos|100\/100\n|move|p2a: Ferrothorn|Stealth Rock|p1a: Zapdos\n|-sidestart|p1: Edelgard1162|move: Stealth Rock\n|\n|-heal|p2a: Ferrothorn|85\/100|[from] item: Leftovers\n|upkeep\n|turn|10\n|inactive|Edelgard1162 has 120 seconds left.\n|\n|t:|1700028726\n|move|p1a: Zapdos|Hurricane|p2a: Ferrothorn\n|-damage|p2a: Ferrothorn|51\/100\n|move|p2a: Ferrothorn|Leech Seed|p1a: Zapdos\n|-start|p1a: Zapdos|move: Leech Seed\n|\n|-heal|p2a: Ferrothorn|57\/100|[from] item: Leftovers\n|-damage|p1a: Zapdos|88\/100|[from] Leech Seed|[of] p2a: Ferrothorn\n|-heal|p2a: Ferrothorn|74\/100|[silent]\n|upkeep\n|turn|11\n|\n|t:|1700028732\n|move|p2a: Ferrothorn|Protect|p2a: Ferrothorn\n|-singleturn|p2a: Ferrothorn|Protect\n|move|p1a: Zapdos|Defog|p2a: Ferrothorn\n|-activate|p2a: Ferrothorn|move: Protect\n|\n|-heal|p2a: Ferrothorn|80\/100|[from] item: Leftovers\n|-damage|p1a: Zapdos|76\/100|[from] Leech Seed|[of] p2a: Ferrothorn\n|-heal|p2a: Ferrothorn|96\/100|[silent]\n|upkeep\n|turn|12\n|\n|t:|1700028739\n|switch|p1a: Garchomp|Garchomp, F|100\/100\n|-damage|p1a: Garchomp|94\/100|[from] Stealth Rock\n|move|p2a: Ferrothorn|Stealth Rock||[still]\n|-fail|p2a: Ferrothorn\n|\n|-heal|p2a: Ferrothorn|100\/100|[from] item: Leftovers\n|upkeep\n|turn|13\n|\n|t:|1700028744\n|move|p1a: Garchomp|Substitute|p1a: Garchomp\n|-start|p1a: Garchomp|Substitute\n|-damage|p1a: Garchomp|69\/100\n|move|p2a: Ferrothorn|Leech Seed||[still]\n|-fail|p2a: Ferrothorn\n|\n|upkeep\n|turn|14\n|\n|t:|1700028748\n|switch|p2a: Togekiss|Togekiss, F|40\/100\n|-damage|p2a: Togekiss|15\/100|[from] Stealth Rock\n|move|p1a: Garchomp|Swords Dance|p1a: Garchomp\n|-boost|p1a: Garchomp|atk|2\n|\n|-heal|p2a: Togekiss|21\/100|[from] item: Leftovers\n|upkeep\n|turn|15\n|\n|t:|1700028760\n|switch|p1a: Zapdos|Zapdos|76\/100\n|move|p2a: Togekiss|Dazzling Gleam|p1a: Zapdos\n|-damage|p1a: Zapdos|35\/100\n|\n|-heal|p2a: Togekiss|28\/100|[from] item: Leftovers\n|upkeep\n|turn|16\n|\n|t:|1700028770\n|-terastallize|p2a: Togekiss|Ground\n|move|p1a: Zapdos|Roost|p1a: Zapdos\n|-heal|p1a: Zapdos|85\/100\n|-singleturn|p1a: Zapdos|move: Roost\n|move|p2a: Togekiss|Dazzling Gleam|p1a: Zapdos\n|-damage|p1a: Zapdos|44\/100\n|\n|-heal|p2a: Togekiss|34\/100|[from] item: Leftovers\n|upkeep\n|turn|17\n|\n|t:|1700028778\n|move|p1a: Zapdos|Roost|p1a: Zapdos\n|-heal|p1a: Zapdos|94\/100\n|-singleturn|p1a: Zapdos|move: Roost\n|move|p2a: Togekiss|Roost|p2a: Togekiss\n|-heal|p2a: Togekiss|84\/100\n|\n|-heal|p2a: Togekiss|90\/100|[from] item: Leftovers\n|upkeep\n|turn|18\n|\n|t:|1700028784\n|move|p1a: Zapdos|Defog|p2a: Togekiss\n|-unboost|p2a: Togekiss|evasion|1\n|-sideend|p2: vlpraca|Stealth Rock|[from] move: Defog|[of] p1a: Zapdos\n|-sideend|p1: Edelgard1162|Stealth Rock|[from] move: Defog|[of] p1a: Zapdos\n|move|p2a: Togekiss|Dazzling Gleam|p1a: Zapdos\n|-damage|p1a: Zapdos|54\/100\n|\n|-heal|p2a: Togekiss|96\/100|[from] item: Leftovers\n|upkeep\n|turn|19\n|\n|t:|1700028786\n|move|p1a: Zapdos|Hurricane|p2a: Togekiss\n|-damage|p2a: Togekiss|55\/100\n|move|p2a: Togekiss|Dazzling Gleam|p1a: Zapdos\n|-damage|p1a: Zapdos|13\/100\n|\n|-heal|p2a: Togekiss|61\/100|[from] item: Leftovers\n|upkeep\n|turn|20\n|\n|t:|1700028793\n|switch|p2a: Tyranitar|Tyranitar, F|100\/100\n|-weather|Sandstorm|[from] ability: Sand Stream|[of] p2a: Tyranitar\n|move|p1a: Zapdos|Roost|p1a: Zapdos\n|-heal|p1a: Zapdos|63\/100\n|-singleturn|p1a: Zapdos|move: Roost\n|\n|-weather|Sandstorm|[upkeep]\n|-damage|p1a: Zapdos|57\/100|[from] Sandstorm\n|upkeep\n|turn|21\n|\n|t:|1700028796\n|switch|p1a: Garchomp|Garchomp, F|69\/100\n|detailschange|p2a: Tyranitar|Tyranitar-Mega, F\n|-mega|p2a: Tyranitar|Tyranitar|Tyranitarite\n|move|p2a: Tyranitar|Rock Slide|p1a: Garchomp\n|-resisted|p1a: Garchomp\n|-damage|p1a: Garchomp|48\/100\n|\n|-weather|Sandstorm|[upkeep]\n|upkeep\n|turn|22\n|\n|t:|1700028811\n|switch|p1a: Empoleon|Empoleon, F|100\/100\n|switch|p2a: Slowking|Slowking, F|100\/100\n|\n|-weather|Sandstorm|[upkeep]\n|-damage|p2a: Slowking|94\/100|[from] Sandstorm\n|-heal|p2a: Slowking|100\/100|[from] item: Leftovers\n|upkeep\n|turn|23\n|\n|t:|1700028816\n|move|p1a: Empoleon|Scald|p2a: Slowking\n|-resisted|p2a: Slowking\n|-damage|p2a: Slowking|84\/100\n|move|p2a: Slowking|Scald|p1a: Empoleon\n|-resisted|p1a: Empoleon\n|-damage|p1a: Empoleon|85\/100\n|\n|-weather|Sandstorm|[upkeep]\n|-damage|p2a: Slowking|78\/100|[from] Sandstorm\n|-heal|p1a: Empoleon|92\/100|[from] item: Leftovers\n|-heal|p2a: Slowking|84\/100|[from] item: Leftovers\n|upkeep\n|turn|24\n|\n|t:|1700028822\n|move|p1a: Empoleon|Scald|p2a: Slowking\n|-resisted|p2a: Slowking\n|-damage|p2a: Slowking|65\/100\n|-status|p2a: Slowking|brn\n|move|p2a: Slowking|Scald|p1a: Empoleon\n|-resisted|p1a: Empoleon\n|-damage|p1a: Empoleon|76\/100\n|-status|p1a: Empoleon|brn\n|\n|-weather|none\n|-heal|p1a: Empoleon|82\/100 brn|[from] item: Leftovers\n|-heal|p2a: Slowking|71\/100 brn|[from] item: Leftovers\n|-damage|p1a: Empoleon|76\/100 brn|[from] brn\n|-damage|p2a: Slowking|65\/100 brn|[from] brn\n|upkeep\n|turn|25\n|\n|t:|1700028836\n|switch|p2a: Ferrothorn|Ferrothorn, F|100\/100\n|move|p1a: Empoleon|Scald|p2a: Ferrothorn\n|-resisted|p2a: Ferrothorn\n|-damage|p2a: Ferrothorn|84\/100\n|\n|-heal|p1a: Empoleon|82\/100 brn|[from] item: Leftovers\n|-heal|p2a: Ferrothorn|90\/100|[from] item: Leftovers\n|-damage|p1a: Empoleon|76\/100 brn|[from] brn\n|upkeep\n|turn|26\n|\n|t:|1700028842\n|move|p1a: Empoleon|Scald|p2a: Ferrothorn\n|-resisted|p2a: Ferrothorn\n|-damage|p2a: Ferrothorn|76\/100\n|move|p2a: Ferrothorn|Stealth Rock|p1a: Empoleon\n|-sidestart|p1: Edelgard1162|move: Stealth Rock\n|\n|-heal|p1a: Empoleon|82\/100 brn|[from] item: Leftovers\n|-heal|p2a: Ferrothorn|82\/100|[from] item: Leftovers\n|-damage|p1a: Empoleon|76\/100 brn|[from] brn\n|upkeep\n|turn|27\n|\n|t:|1700028851\n|switch|p1a: Zapdos|Zapdos|57\/100\n|move|p2a: Ferrothorn|Leech Seed|p1a: Zapdos\n|-start|p1a: Zapdos|move: Leech Seed\n|\n|-heal|p2a: Ferrothorn|88\/100|[from] item: Leftovers\n|-damage|p1a: Zapdos|45\/100|[from] Leech Seed|[of] p2a: Ferrothorn\n|-heal|p2a: Ferrothorn|100\/100|[silent]\n|upkeep\n|turn|28\n|\n|t:|1700028855\n|switch|p2a: Tyranitar|Tyranitar-Mega, F|100\/100\n|-weather|Sandstorm|[from] ability: Sand Stream|[of] p2a: Tyranitar\n|move|p1a: Zapdos|Defog|p2a: Tyranitar\n|-unboost|p2a: Tyranitar|evasion|1\n|-sideend|p1: Edelgard1162|Stealth Rock|[from] move: Defog|[of] p1a: Zapdos\n|\n|-weather|Sandstorm|[upkeep]\n|-damage|p1a: Zapdos|39\/100|[from] Sandstorm\n|-damage|p1a: Zapdos|26\/100|[from] Leech Seed|[of] p2a: Tyranitar\n|upkeep\n|turn|29\n|\n|t:|1700028859\n|move|p1a: Zapdos|Volt Switch|p2a: Tyranitar\n|-damage|p2a: Tyranitar|88\/100\n|\n|t:|1700028862\n|switch|p1a: Garchomp|Garchomp, F|48\/100|[from] Volt Switch\n|move|p2a: Tyranitar|Rock Slide|p1a: Garchomp\n|-resisted|p1a: Garchomp\n|-damage|p1a: Garchomp|28\/100\n|\n|-weather|Sandstorm|[upkeep]\n|upkeep\n|turn|30\n|\n|t:|1700028891\n|switch|p1a: Zapdos|Zapdos|26\/100\n|switch|p2a: Slowking|Slowking, F|99\/100 brn\n|\n|-weather|Sandstorm|[upkeep]\n|-damage|p1a: Zapdos|20\/100|[from] Sandstorm\n|-damage|p2a: Slowking|93\/100 brn|[from] Sandstorm\n|-heal|p2a: Slowking|99\/100 brn|[from] item: Leftovers\n|-damage|p2a: Slowking|93\/100 brn|[from] brn\n|upkeep\n|turn|31\n|\n|t:|1700028896\n|move|p1a: Zapdos|Roost|p1a: Zapdos\n|-heal|p1a: Zapdos|70\/100\n|-singleturn|p1a: Zapdos|move: Roost\n|move|p2a: Slowking|Ice Beam|p1a: Zapdos\n|-crit|p1a: Zapdos\n|-damage|p1a: Zapdos|30\/100\n|\n|-weather|Sandstorm|[upkeep]\n|-damage|p1a: Zapdos|24\/100|[from] Sandstorm\n|-damage|p2a: Slowking|87\/100 brn|[from] Sandstorm\n|-heal|p2a: Slowking|93\/100 brn|[from] item: Leftovers\n|-damage|p2a: Slowking|87\/100 brn|[from] brn\n|upkeep\n|turn|32\n|\n|t:|1700028905\n|move|p1a: Zapdos|Roost|p1a: Zapdos\n|-heal|p1a: Zapdos|74\/100\n|-singleturn|p1a: Zapdos|move: Roost\n|move|p2a: Slowking|Psychic|p1a: Zapdos\n|-damage|p1a: Zapdos|39\/100\n|\n|-weather|none\n|-heal|p2a: Slowking|93\/100 brn|[from] item: Leftovers\n|-damage|p2a: Slowking|87\/100 brn|[from] brn\n|upkeep\n|turn|33\n|\n|t:|1700028911\n|switch|p2a: Tyranitar|Tyranitar-Mega, F|88\/100\n|-weather|Sandstorm|[from] ability: Sand Stream|[of] p2a: Tyranitar\n|move|p1a: Zapdos|Volt Switch|p2a: Tyranitar\n|-damage|p2a: Tyranitar|77\/100\n|\n|t:|1700028914\n|switch|p1a: Garchomp|Garchomp, F|28\/100|[from] Volt Switch\n|\n|-weather|Sandstorm|[upkeep]\n|upkeep\n|turn|34\n|\n|t:|1700028922\n|switch|p2a: Ferrothorn|Ferrothorn, F|100\/100\n|move|p1a: Garchomp|Earthquake|p2a: Ferrothorn\n|-damage|p2a: Ferrothorn|60\/100\n|\n|-weather|Sandstorm|[upkeep]\n|-heal|p2a: Ferrothorn|66\/100|[from] item: Leftovers\n|upkeep\n|turn|35\n|\n|t:|1700028931\n|move|p1a: Garchomp|Substitute|p1a: Garchomp\n|-start|p1a: Garchomp|Substitute\n|-damage|p1a: Garchomp|3\/100\n|move|p2a: Ferrothorn|Leech Seed||[still]\n|-fail|p2a: Ferrothorn\n|\n|-weather|Sandstorm|[upkeep]\n|-heal|p2a: Ferrothorn|72\/100|[from] item: Leftovers\n|upkeep\n|turn|36\n|\n|t:|1700028938\n|switch|p1a: Zapdos|Zapdos|39\/100\n|switch|p2a: Togekiss|Togekiss, F, tera:Ground|61\/100\n|\n|-weather|Sandstorm|[upkeep]\n|-damage|p1a: Zapdos|33\/100|[from] Sandstorm\n|-heal|p2a: Togekiss|67\/100|[from] item: Leftovers\n|upkeep\n|turn|37\n|\n|t:|1700028946\n|switch|p2a: Tyranitar|Tyranitar-Mega, F|77\/100\n|move|p1a: Zapdos|Hurricane|p2a: Tyranitar\n|-resisted|p2a: Tyranitar\n|-damage|p2a: Tyranitar|67\/100\n|-start|p2a: Tyranitar|confusion\n|\n|-weather|none\n|upkeep\n|turn|38\n|\n|t:|1700028951\n|move|p1a: Zapdos|Volt Switch|p2a: Tyranitar\n|-damage|p2a: Tyranitar|49\/100\n|\n|t:|1700028954\n|switch|p1a: Garchomp|Garchomp, F|3\/100|[from] Volt Switch\n|-activate|p2a: Tyranitar|confusion\n|-damage|p2a: Tyranitar|39\/100|[from] confusion\n|\n|upkeep\n|turn|39\n|\n|t:|1700028959\n|move|p1a: Garchomp|Earthquake|p2a: Tyranitar\n|-supereffective|p2a: Tyranitar\n|-damage|p2a: Tyranitar|0 fnt\n|faint|p2a: Tyranitar\n|\n|upkeep\n|\n|t:|1700028961\n|switch|p2a: Serperior|Serperior, F|100\/100\n|turn|40\n|\n|t:|1700028966\n|move|p2a: Serperior|Leaf Storm|p1a: Garchomp\n|-damage|p1a: Garchomp|0 fnt\n|-boost|p2a: Serperior|spa|2\n|faint|p1a: Garchomp\n|\n|upkeep\n|\n|t:|1700028969\n|switch|p1a: Zapdos|Zapdos|33\/100\n|turn|41\n|\n|t:|1700028974\n|move|p2a: Serperior|Hidden Power|p1a: Zapdos\n|-supereffective|p1a: Zapdos\n|-damage|p1a: Zapdos|0 fnt\n|faint|p1a: Zapdos\n|\n|upkeep\n|\n|t:|1700028983\n|switch|p1a: Kleavor|Kleavor, F|14\/100\n|turn|42\n|inactive|Edelgard1162 has 120 seconds left.\n|\n|t:|1700029029\n|move|p1a: Kleavor|X-Scissor|p2a: Serperior\n|-supereffective|p2a: Serperior\n|-damage|p2a: Serperior|0 fnt\n|faint|p2a: Serperior\n|\n|upkeep\n|\n|t:|1700029038\n|switch|p2a: Arcanine|Arcanine-Hisui, M|100\/100\n|turn|43\n|\n|t:|1700029046\n|switch|p1a: Empoleon|Empoleon, F|76\/100 brn\n|move|p2a: Arcanine|Extreme Speed|p1a: Empoleon\n|-resisted|p1a: Empoleon\n|-damage|p1a: Empoleon|59\/100 brn\n|-damage|p2a: Arcanine|91\/100|[from] item: Life Orb\n|\n|-heal|p1a: Empoleon|65\/100 brn|[from] item: Leftovers\n|-damage|p1a: Empoleon|59\/100 brn|[from] brn\n|upkeep\n|turn|44\n|inactive|Edelgard1162 has 120 seconds left.\n|\n|t:|1700029051\n|switch|p2a: Ferrothorn|Ferrothorn, F|72\/100\n|move|p1a: Empoleon|Scald|p2a: Ferrothorn\n|-resisted|p2a: Ferrothorn\n|-damage|p2a: Ferrothorn|56\/100\n|\n|-heal|p1a: Empoleon|65\/100 brn|[from] item: Leftovers\n|-heal|p2a: Ferrothorn|63\/100|[from] item: Leftovers\n|-damage|p1a: Empoleon|59\/100 brn|[from] brn\n|upkeep\n|turn|45\n|\n|t:|1700029057\n|switch|p1a: Iron Valiant|Iron Valiant|100\/100\n|-enditem|p1a: Iron Valiant|Booster Energy\n|-activate|p1a: Iron Valiant|ability: Quark Drive|[fromitem]\n|-start|p1a: Iron Valiant|quarkdrivespe\n|move|p2a: Ferrothorn|Stealth Rock|p1a: Iron Valiant\n|-sidestart|p1: Edelgard1162|move: Stealth Rock\n|\n|-heal|p2a: Ferrothorn|69\/100|[from] item: Leftovers\n|upkeep\n|turn|46\n|\n|t:|1700029061\n|move|p1a: Iron Valiant|Close Combat|p2a: Ferrothorn\n|-supereffective|p2a: Ferrothorn\n|-damage|p2a: Ferrothorn|0 fnt\n|-unboost|p1a: Iron Valiant|def|1\n|-unboost|p1a: Iron Valiant|spd|1\n|-damage|p1a: Iron Valiant|88\/100|[from] ability: Iron Barbs|[of] p2a: Ferrothorn\n|faint|p2a: Ferrothorn\n|\n|upkeep\n|\n|t:|1700029064\n|switch|p2a: Slowking|Slowking, F|100\/100 brn\n|turn|47\n|\n|t:|1700029091\n|-end|p1a: Iron Valiant|Quark Drive|[silent]\n|switch|p1a: Clefable|Clefable, F|70\/100 par\n|move|p2a: Slowking|Psychic|p1a: Clefable\n|-damage|p1a: Clefable|33\/100 par\n|\n|-heal|p1a: Clefable|39\/100 par|[from] item: Leftovers\n|-damage|p2a: Slowking|94\/100 brn|[from] brn\n|upkeep\n|turn|48\n|\n|t:|1700029097\n|move|p2a: Slowking|Psychic|p1a: Clefable\n|-damage|p1a: Clefable|5\/100 par\n|move|p1a: Clefable|Soft-Boiled|p1a: Clefable\n|-heal|p1a: Clefable|55\/100 par\n|\n|-heal|p2a: Slowking|100\/100 brn|[from] item: Leftovers\n|-heal|p1a: Clefable|61\/100 par|[from] item: Leftovers\n|-damage|p2a: Slowking|94\/100 brn|[from] brn\n|upkeep\n|turn|49\n|\n|t:|1700029101\n|switch|p2a: Togekiss|Togekiss, F, tera:Ground|67\/100\n|move|p1a: Clefable|Soft-Boiled|p1a: Clefable\n|-heal|p1a: Clefable|100\/100 par\n|\n|-heal|p2a: Togekiss|73\/100|[from] item: Leftovers\n|upkeep\n|turn|50\n|\n|t:|1700029104\n|move|p2a: Togekiss|Air Slash|p1a: Clefable\n|-damage|p1a: Clefable|64\/100 par\n|move|p1a: Clefable|Moonblast|p2a: Togekiss\n|-damage|p2a: Togekiss|43\/100\n|\n|-heal|p2a: Togekiss|49\/100|[from] item: Leftovers\n|-heal|p1a: Clefable|71\/100 par|[from] item: Leftovers\n|upkeep\n|turn|51\n|\n|t:|1700029109\n|move|p2a: Togekiss|Air Slash|p1a: Clefable\n|-damage|p1a: Clefable|34\/100 par\n|move|p1a: Clefable|Moonblast|p2a: Togekiss\n|-damage|p2a: Togekiss|22\/100\n|-unboost|p2a: Togekiss|spa|1\n|\n|-heal|p2a: Togekiss|28\/100|[from] item: Leftovers\n|-heal|p1a: Clefable|40\/100 par|[from] item: Leftovers\n|upkeep\n|turn|52\n|\n|t:|1700029113\n|move|p2a: Togekiss|Air Slash|p1a: Clefable\n|-damage|p1a: Clefable|17\/100 par\n|cant|p1a: Clefable|flinch\n|\n|-heal|p2a: Togekiss|34\/100|[from] item: Leftovers\n|-heal|p1a: Clefable|23\/100 par|[from] item: Leftovers\n|upkeep\n|turn|53\n|\n|t:|1700029116\n|move|p2a: Togekiss|Air Slash|p1a: Clefable\n|-damage|p1a: Clefable|0 fnt\n|faint|p1a: Clefable\n|\n|-heal|p2a: Togekiss|40\/100|[from] item: Leftovers\n|upkeep\n|\n|t:|1700029120\n|switch|p1a: Iron Valiant|Iron Valiant|88\/100\n|-damage|p1a: Iron Valiant|82\/100|[from] Stealth Rock\n|turn|54\n|\n|t:|1700029125\n|move|p1a: Iron Valiant|Moonblast|p2a: Togekiss\n|-damage|p2a: Togekiss|0 fnt\n|faint|p2a: Togekiss\n|\n|upkeep\n|\n|t:|1700029128\n|switch|p2a: Slowking|Slowking, F|100\/100 brn\n|turn|55\n|\n|t:|1700029144\n|-terastallize|p1a: Iron Valiant|Electric\n|move|p1a: Iron Valiant|Thunderbolt|p2a: Slowking\n|-supereffective|p2a: Slowking\n|-damage|p2a: Slowking|32\/100 brn\n|move|p2a: Slowking|Psychic|p1a: Iron Valiant\n|-damage|p1a: Iron Valiant|0 fnt\n|faint|p1a: Iron Valiant\n|-end|p1a: Iron Valiant|Quark Drive|[silent]\n|\n|-heal|p2a: Slowking|38\/100 brn|[from] item: Leftovers\n|-damage|p2a: Slowking|32\/100 brn|[from] brn\n|upkeep\n|\n|t:|1700029151\n|switch|p1a: Kleavor|Kleavor, F|14\/100\n|-damage|p1a: Kleavor|0 fnt|[from] Stealth Rock\n|faint|p1a: Kleavor\n|\n|t:|1700029153\n|switch|p1a: Empoleon|Empoleon, F|59\/100 brn\n|-damage|p1a: Empoleon|52\/100 brn|[from] Stealth Rock\n|turn|56\n|\n|t:|1700029161\n|move|p1a: Empoleon|Roost|p1a: Empoleon\n|-heal|p1a: Empoleon|100\/100 brn\n|-singleturn|p1a: Empoleon|move: Roost\n|move|p2a: Slowking|Psychic|p1a: Empoleon\n|-resisted|p1a: Empoleon\n|-damage|p1a: Empoleon|84\/100 brn\n|\n|-heal|p1a: Empoleon|90\/100 brn|[from] item: Leftovers\n|-heal|p2a: Slowking|38\/100 brn|[from] item: Leftovers\n|-damage|p1a: Empoleon|84\/100 brn|[from] brn\n|-damage|p2a: Slowking|32\/100 brn|[from] brn\n|upkeep\n|turn|57\n|\n|t:|1700029168\n|move|p1a: Empoleon|Flash Cannon|p2a: Slowking\n|-resisted|p2a: Slowking\n|-damage|p2a: Slowking|13\/100 brn\n|move|p2a: Slowking|Scald|p1a: Empoleon\n|-resisted|p1a: Empoleon\n|-damage|p1a: Empoleon|69\/100 brn\n|\n|-heal|p1a: Empoleon|75\/100 brn|[from] item: Leftovers\n|-heal|p2a: Slowking|19\/100 brn|[from] item: Leftovers\n|-damage|p1a: Empoleon|69\/100 brn|[from] brn\n|-damage|p2a: Slowking|13\/100 brn|[from] brn\n|upkeep\n|turn|58\n|\n|t:|1700029173\n|move|p1a: Empoleon|Flash Cannon|p2a: Slowking\n|-resisted|p2a: Slowking\n|-damage|p2a: Slowking|0 fnt\n|faint|p2a: Slowking\n|\n|-heal|p1a: Empoleon|75\/100 brn|[from] item: Leftovers\n|-damage|p1a: Empoleon|69\/100 brn|[from] brn\n|upkeep\n|\n|t:|1700029176\n|switch|p2a: Arcanine|Arcanine-Hisui, M|91\/100\n|turn|59\n|\n|t:|1700029182\n|move|p2a: Arcanine|Close Combat|p1a: Empoleon\n|-supereffective|p1a: Empoleon\n|-damage|p1a: Empoleon|0 fnt\n|-unboost|p2a: Arcanine|def|1\n|-unboost|p2a: Arcanine|spd|1\n|faint|p1a: Empoleon\n|-damage|p2a: Arcanine|81\/100|[from] item: Life Orb\n|\n|win|vlpraca\n|raw|Edelgard1162's rating: 1282 &rarr; <strong>1261<\/strong><br \/>(-21 for losing)\n|raw|vlpraca's rating: 1338 &rarr; <strong>1355<\/strong><br \/>(+17 for winning)\n","uploadtime":1700029185,"views":5,"p1id":"edelgard1162","p2id":"vlpraca","formatid":"gen9nationaldex","rating":1261,"private":0,"password":""}