{"id":"gen9nationaldex-1989040529","p1":"Bident01","p2":"barquissimo","format":"[Gen 9] National Dex","log":"|j|\u2606Bident01\n|j|\u2606barquissimo\n|t:|1699805480\n|gametype|singles\n|player|p1|Bident01|brock|1102\n|player|p2|barquissimo|preschooler|1071\n|teamsize|p1|6\n|teamsize|p2|6\n|gen|9\n|tier|[Gen 9] National Dex\n|rated|\n|rule|HP Percentage Mod: HP is shown in percentages\n|rule|Endless Battle Clause: Forcing endless battles is banned\n|rule|OHKO Clause: OHKO moves are banned\n|rule|Evasion Clause: Evasion abilities, items, and moves are banned\n|rule|Evasion Abilities Clause: Evasion abilities are banned\n|rule|Evasion Items Clause: Evasion items are banned\n|rule|Evasion Moves Clause: Evasion moves are banned\n|rule|Species Clause: Limit one of each Pok\u00e9mon\n|rule|Sleep Clause Mod: Limit one foe put to sleep\n|clearpoke\n|poke|p1|Salamence, F|\n|poke|p1|Greninja-*, M|\n|poke|p1|Slowbro, F|\n|poke|p1|Steelix, F|\n|poke|p1|Arbok, F|\n|poke|p1|Sceptile, M|\n|poke|p2|Samurott-Hisui, M|\n|poke|p2|Ursaluna, M|\n|poke|p2|Meowscarada, F|\n|poke|p2|Sneasler, M|\n|poke|p2|Zapdos|\n|poke|p2|Dragonite, M|\n|teampreview\n|inactive|Battle timer is ON: inactive players will automatically lose when time's up. (requested by Bident01)\n|\n|t:|1699805486\n|start\n|switch|p1a: Slowbro|Slowbro, F|100\/100\n|switch|p2a: Samurott|Samurott-Hisui, M|100\/100\n|turn|1\n|\n|t:|1699805501\n|move|p2a: Samurott|Ceaseless Edge|p1a: Slowbro\n|-supereffective|p1a: Slowbro\n|-damage|p1a: Slowbro|63\/100\n|-sidestart|p1: Bident01|Spikes\n|move|p1a: Slowbro|Toxic|p2a: Samurott\n|-status|p2a: Samurott|tox\n|\n|-heal|p1a: Slowbro|70\/100|[from] item: Leftovers\n|-damage|p2a: Samurott|94\/100 tox|[from] psn\n|upkeep\n|turn|2\n|\n|t:|1699805515\n|-terastallize|p1a: Slowbro|Steel\n|move|p2a: Samurott|Knock Off|p1a: Slowbro\n|-damage|p1a: Slowbro|44\/100\n|-enditem|p1a: Slowbro|Leftovers|[from] move: Knock Off|[of] p2a: Samurott\n|move|p1a: Slowbro|Ice Beam|p2a: Samurott\n|-resisted|p2a: Samurott\n|-damage|p2a: Samurott|80\/100 tox\n|\n|-damage|p2a: Samurott|67\/100 tox|[from] psn\n|upkeep\n|turn|3\n|\n|t:|1699805527\n|move|p2a: Samurott|Ceaseless Edge|p1a: Slowbro\n|-damage|p1a: Slowbro|26\/100\n|-sidestart|p1: Bident01|Spikes\n|move|p1a: Slowbro|Slack Off|p1a: Slowbro\n|-heal|p1a: Slowbro|76\/100\n|\n|-damage|p2a: Samurott|48\/100 tox|[from] psn\n|upkeep\n|turn|4\n|\n|t:|1699805535\n|move|p2a: Samurott|Ceaseless Edge|p1a: Slowbro\n|-damage|p1a: Slowbro|59\/100\n|-sidestart|p1: Bident01|Spikes\n|move|p1a: Slowbro|Slack Off|p1a: Slowbro\n|-heal|p1a: Slowbro|100\/100\n|\n|-damage|p2a: Samurott|24\/100 tox|[from] psn\n|upkeep\n|turn|5\n|\n|t:|1699805552\n|move|p2a: Samurott|Surf|p1a: Slowbro\n|-damage|p1a: Slowbro|56\/100\n|move|p1a: Slowbro|Ice Beam|p2a: Samurott\n|-resisted|p2a: Samurott\n|-damage|p2a: Samurott|8\/100 tox\n|\n|-damage|p2a: Samurott|0 fnt|[from] psn\n|faint|p2a: Samurott\n|upkeep\n|\n|t:|1699805571\n|switch|p2a: Sneasler|Sneasler, M|100\/100\n|turn|6\n|\n|t:|1699805586\n|move|p2a: Sneasler|Fake Out|p1a: Slowbro\n|-resisted|p1a: Slowbro\n|-damage|p1a: Slowbro|52\/100\n|cant|p1a: Slowbro|flinch\n|\n|upkeep\n|turn|7\n|\n|t:|1699805601\n|move|p2a: Sneasler|Dire Claw|p1a: Slowbro\n|-immune|p1a: Slowbro\n|move|p1a: Slowbro|Toxic|p2a: Sneasler\n|-immune|p2a: Sneasler\n|\n|upkeep\n|turn|8\n|\n|t:|1699805609\n|move|p2a: Sneasler|Close Combat|p1a: Slowbro\n|-supereffective|p1a: Slowbro\n|-damage|p1a: Slowbro|0 fnt\n|-unboost|p2a: Sneasler|def|1\n|-unboost|p2a: Sneasler|spd|1\n|faint|p1a: Slowbro\n|\n|upkeep\n|inactive|Bident01 has 120 seconds left.\n|\n|t:|1699805643\n|switch|p1a: Salamence|Salamence, F|100\/100\n|turn|9\n|\n|t:|1699805665\n|move|p2a: Sneasler|U-turn|p1a: Salamence\n|-resisted|p1a: Salamence\n|-damage|p1a: Salamence|86\/100\n|\n|t:|1699805675\n|switch|p2a: Ursaluna|Ursaluna, M|100\/100|[from] U-turn\n|move|p1a: Salamence|Hurricane|p2a: Ursaluna|[miss]\n|-miss|p1a: Salamence|p2a: Ursaluna\n|\n|-status|p2a: Ursaluna|brn|[from] item: Flame Orb\n|upkeep\n|turn|10\n|inactive|barquissimo has 120 seconds left.\n|\n|t:|1699805696\n|switch|p1a: Greninja|Greninja, M|100\/100\n|-damage|p1a: Greninja|76\/100|[from] Spikes\n|move|p2a: Ursaluna|Facade|p1a: Greninja\n|-crit|p1a: Greninja\n|-damage|p1a: Greninja|0 fnt\n|faint|p1a: Greninja\n|\n|-damage|p2a: Ursaluna|94\/100 brn|[from] brn\n|upkeep\n|\n|t:|1699805706\n|switch|p1a: Steelix|Steelix, F|100\/100\n|-damage|p1a: Steelix|76\/100|[from] Spikes\n|turn|11\n|\n|t:|1699805714\n|detailschange|p1a: Steelix|Steelix-Mega, F\n|-mega|p1a: Steelix|Steelix|Steelixite\n|move|p2a: Ursaluna|Earthquake|p1a: Steelix\n|-supereffective|p1a: Steelix\n|-damage|p1a: Steelix|0 fnt\n|faint|p1a: Steelix\n|\n|-damage|p2a: Ursaluna|88\/100 brn|[from] brn\n|upkeep\n|\n|t:|1699805724\n|switch|p1a: Arbok|Arbok, F|100\/100\n|-damage|p1a: Arbok|75\/100|[from] Spikes\n|-ability|p1a: Arbok|Intimidate|boost\n|-unboost|p2a: Ursaluna|atk|1\n|turn|12\n|\n|t:|1699805737\n|move|p1a: Arbok|Aqua Tail|p2a: Ursaluna\n|-supereffective|p2a: Ursaluna\n|-damage|p2a: Ursaluna|48\/100 brn\n|move|p2a: Ursaluna|Earthquake|p1a: Arbok\n|-supereffective|p1a: Arbok\n|-damage|p1a: Arbok|0 fnt\n|faint|p1a: Arbok\n|\n|-damage|p2a: Ursaluna|41\/100 brn|[from] brn\n|upkeep\n|\n|t:|1699805746\n|switch|p1a: Sceptile|Sceptile, M|100\/100\n|-damage|p1a: Sceptile|76\/100|[from] Spikes\n|turn|13\n|\n|t:|1699805756\n|move|p1a: Sceptile|Leaf Storm|p2a: Ursaluna|[miss]\n|-miss|p1a: Sceptile|p2a: Ursaluna\n|move|p2a: Ursaluna|Facade|p1a: Sceptile\n|-damage|p1a: Sceptile|0 fnt\n|faint|p1a: Sceptile\n|\n|-damage|p2a: Ursaluna|35\/100 brn|[from] brn\n|upkeep\n|\n|t:|1699805764\n|switch|p1a: Salamence|Salamence, F|86\/100\n|turn|14\n|\n|t:|1699805772\n|move|p1a: Salamence|Draco Meteor|p2a: Ursaluna\n|-crit|p2a: Ursaluna\n|-damage|p2a: Ursaluna|0 fnt\n|-unboost|p1a: Salamence|spa|2\n|faint|p2a: Ursaluna\n|-ability|p1a: Salamence|Moxie|boost\n|-boost|p1a: Salamence|atk|1\n|\n|upkeep\n|\n|t:|1699805782\n|switch|p2a: Sneasler|Sneasler, M|100\/100\n|turn|15\n|\n|t:|1699805792\n|move|p2a: Sneasler|Fake Out|p1a: Salamence\n|-damage|p1a: Salamence|69\/100\n|cant|p1a: Salamence|flinch\n|\n|upkeep\n|turn|16\n|\n|t:|1699805804\n|move|p2a: Sneasler|Dire Claw|p1a: Salamence\n|-damage|p1a: Salamence|18\/100\n|move|p1a: Salamence|Hurricane|p2a: Sneasler\n|-supereffective|p2a: Sneasler\n|-damage|p2a: Sneasler|29\/100\n|-start|p2a: Sneasler|confusion\n|\n|upkeep\n|turn|17\n|\n|t:|1699805812\n|-activate|p2a: Sneasler|confusion\n|move|p2a: Sneasler|U-turn|p1a: Salamence\n|-resisted|p1a: Salamence\n|-damage|p1a: Salamence|3\/100\n|\n|t:|1699805816\n|switch|p2a: Dragonite|Dragonite, M|100\/100|[from] U-turn\n|move|p1a: Salamence|Roost|p1a: Salamence\n|-heal|p1a: Salamence|53\/100\n|-singleturn|p1a: Salamence|move: Roost\n|\n|upkeep\n|turn|18\n|\n|t:|1699805827\n|move|p1a: Salamence|Draco Meteor|p2a: Dragonite\n|-supereffective|p2a: Dragonite\n|-damage|p2a: Dragonite|69\/100\n|-unboost|p1a: Salamence|spa|2\n|move|p2a: Dragonite|Dragon Dance|p2a: Dragonite\n|-boost|p2a: Dragonite|atk|1\n|-boost|p2a: Dragonite|spe|1\n|\n|upkeep\n|turn|19\n|\n|t:|1699805842\n|move|p2a: Dragonite|Extreme Speed|p1a: Salamence\n|-damage|p1a: Salamence|0 fnt\n|faint|p1a: Salamence\n|\n|win|barquissimo\n|raw|Bident01's rating: 1102 &rarr; <strong>1075<\/strong><br \/>(-27 for losing)\n|raw|barquissimo's rating: 1071 &rarr; <strong>1103<\/strong><br \/>(+32 for winning)\n|l|\u2606Bident01\n|c|\u2606barquissimo|ggwp\n","uploadtime":1699805862,"views":12,"p1id":"bident01","p2id":"barquissimo","formatid":"gen9nationaldex","rating":1075,"private":0,"password":""}