{"id":"gen9nationaldex-1994406609","p1":"LEONERROR500","p2":"Klawf Up A Lung","format":"[Gen 9] National Dex","log":"|j|\u2606LEONERROR500\n|j|\u2606Klawf Up A Lung\n|inactive|Battle timer is ON: inactive players will automatically lose when time's up.\n|t:|1700440356\n|gametype|singles\n|player|p1|LEONERROR500|red|\n|player|p2|Klawf Up A Lung|salvatore|\n|teamsize|p1|6\n|teamsize|p2|6\n|gen|9\n|tier|[Gen 9] National Dex\n|rated|Tournament battle\n|rule|HP Percentage Mod: HP is shown in percentages\n|rule|Endless Battle Clause: Forcing endless battles is banned\n|rule|OHKO Clause: OHKO moves are banned\n|rule|Evasion Clause: Evasion abilities, items, and moves are banned\n|rule|Evasion Abilities Clause: Evasion abilities are banned\n|rule|Evasion Items Clause: Evasion items are banned\n|rule|Evasion Moves Clause: Evasion moves are banned\n|rule|Species Clause: Limit one of each Pok\u00e9mon\n|rule|Sleep Clause Mod: Limit one foe put to sleep\n|clearpoke\n|poke|p1|Meowscarada, F|\n|poke|p1|Great Tusk|\n|poke|p1|Heatran, F|\n|poke|p1|Zapdos|\n|poke|p1|Ogerpon-Wellspring, F|\n|poke|p1|Greninja-*, M|\n|poke|p2|Tapu Lele|\n|poke|p2|Blacephalon|\n|poke|p2|Zamazenta-*|\n|poke|p2|Aegislash, M|\n|poke|p2|Guzzlord|\n|poke|p2|Zapdos|\n|teampreview\n|inactive|LEONERROR500 also wants the timer to be on.\n|inactive|Klawf Up A Lung also wants the timer to be on.\n|c|\u2606LEONERROR500|glhf\n|j| prince5\n|j| Potatofromsinnoh\n|l| prince5\n|c|\u2606Klawf Up A Lung|U2\n|c| Potatofromsinnoh|guzzlord is so silly\n|\n|t:|1700440382\n|start\n|switch|p1a: Heatran|Heatran, F|100\/100\n|switch|p2a: Osage|Guzzlord, shiny|100\/100\n|-item|p1a: Heatran|Air Balloon\n|turn|1\n|\n|t:|1700440388\n|move|p1a: Heatran|Stealth Rock|p2a: Osage\n|-sidestart|p2: Klawf Up A Lung|move: Stealth Rock\n|move|p2a: Osage|Knock Off|p1a: Heatran\n|-damage|p1a: Heatran|72\/100\n|-enditem|p1a: Heatran|Air Balloon\n|\n|upkeep\n|turn|2\n|\n|t:|1700440393\n|switch|p1a: Great Tusk|Great Tusk|100\/100\n|move|p2a: Osage|Protect||[still]\n|-fail|p2a: Osage\n|\n|upkeep\n|turn|3\n|\n|t:|1700440398\n|move|p2a: Osage|Protect|p2a: Osage\n|-singleturn|p2a: Osage|Protect\n|move|p1a: Great Tusk|Close Combat|p2a: Osage\n|-activate|p2a: Osage|move: Protect\n|\n|upkeep\n|turn|4\n|\n|t:|1700440409\n|-end|p1a: Great Tusk|Protosynthesis|[silent]\n|switch|p1a: Meowscarada|Meowscarada, F|100\/100\n|move|p2a: Osage|Toxic|p1a: Meowscarada\n|-status|p1a: Meowscarada|tox\n|\n|-damage|p1a: Meowscarada|94\/100 tox|[from] psn\n|upkeep\n|turn|5\n|\n|t:|1700440413\n|move|p2a: Osage|Protect|p2a: Osage\n|-singleturn|p2a: Osage|Protect\n|move|p1a: Meowscarada|U-turn|p2a: Osage\n|-start|p1a: Meowscarada|typechange|Bug|[from] ability: Protean\n|-activate|p2a: Osage|move: Protect\n|\n|-damage|p1a: Meowscarada|82\/100 tox|[from] psn\n|upkeep\n|turn|6\n|\n|t:|1700440415\n|switch|p2a: Honey Locust|Zapdos|100\/100\n|-damage|p2a: Honey Locust|76\/100|[from] Stealth Rock\n|move|p1a: Meowscarada|U-turn|p2a: Honey Locust\n|-resisted|p2a: Honey Locust\n|-crit|p2a: Honey Locust\n|-damage|p2a: Honey Locust|48\/100\n|-damage|p1a: Meowscarada|66\/100 tox|[from] item: Rocky Helmet|[of] p2a: Honey Locust\n|\n|t:|1700440424\n|switch|p1a: Greninja|Greninja, M|100\/100|[from] U-turn\n|\n|upkeep\n|turn|7\n|\n|t:|1700440429\n|switch|p2a: Osage|Guzzlord, shiny|100\/100\n|-damage|p2a: Osage|88\/100|[from] Stealth Rock\n|move|p1a: Greninja|Ice Beam|p2a: Osage\n|-supereffective|p2a: Osage\n|-damage|p2a: Osage|61\/100\n|\n|-heal|p2a: Osage|67\/100|[from] item: Leftovers\n|upkeep\n|turn|8\n|\n|t:|1700440436\n|switch|p1a: Heatran|Heatran, F|72\/100\n|move|p2a: Osage|Toxic|p1a: Heatran\n|-immune|p1a: Heatran\n|\n|-heal|p2a: Osage|73\/100|[from] item: Leftovers\n|upkeep\n|turn|9\n|\n|t:|1700440438\n|move|p1a: Heatran|Taunt|p2a: Osage\n|-start|p2a: Osage|move: Taunt\n|move|p2a: Osage|Earthquake|p1a: Heatran\n|-supereffective|p1a: Heatran\n|-damage|p1a: Heatran|0 fnt\n|faint|p1a: Heatran\n|-ability|p2a: Osage|Beast Boost|boost\n|-boost|p2a: Osage|atk|1\n|\n|-heal|p2a: Osage|79\/100|[from] item: Leftovers\n|upkeep\n|\n|t:|1700440442\n|switch|p1a: Meowscarada|Meowscarada, F|66\/100 tox\n|turn|10\n|\n|t:|1700440445\n|switch|p2a: Honey Locust|Zapdos|48\/100\n|-damage|p2a: Honey Locust|23\/100|[from] Stealth Rock\n|move|p1a: Meowscarada|U-turn|p2a: Honey Locust\n|-start|p1a: Meowscarada|typechange|Bug|[from] ability: Protean\n|-resisted|p2a: Honey Locust\n|-damage|p2a: Honey Locust|4\/100\n|-damage|p1a: Meowscarada|49\/100 tox|[from] item: Rocky Helmet|[of] p2a: Honey Locust\n|\n|t:|1700440448\n|switch|p1a: Ogerpon|Ogerpon-Wellspring, F|100\/100|[from] U-turn\n|\n|upkeep\n|turn|11\n|j| bingo bronson\n|\n|t:|1700440450\n|move|p1a: Ogerpon|Ivy Cudgel|p2a: Honey Locust|[anim] Ivy Cudgel Water\n|-damage|p2a: Honey Locust|0 fnt\n|faint|p2a: Honey Locust\n|\n|upkeep\n|c| Potatofromsinnoh|holy shit\n|\n|t:|1700440458\n|switch|p2a: Oak|Aegislash, M|100\/100\n|-damage|p2a: Oak|94\/100|[from] Stealth Rock\n|turn|12\n|\n|t:|1700440463\n|switch|p1a: Great Tusk|Great Tusk|100\/100\n|move|p2a: Oak|Toxic|p1a: Great Tusk\n|-status|p1a: Great Tusk|tox\n|\n|-heal|p2a: Oak|100\/100|[from] item: Leftovers\n|-damage|p1a: Great Tusk|94\/100 tox|[from] psn\n|upkeep\n|turn|13\n|\n|t:|1700440466\n|move|p2a: Oak|King's Shield|p2a: Oak\n|-singleturn|p2a: Oak|Protect\n|move|p1a: Great Tusk|Earthquake|p2a: Oak\n|-activate|p2a: Oak|move: Protect\n|\n|-damage|p1a: Great Tusk|82\/100 tox|[from] psn\n|upkeep\n|turn|14\n|\n|t:|1700440473\n|move|p1a: Great Tusk|Earthquake|p2a: Oak\n|-supereffective|p2a: Oak\n|-damage|p2a: Oak|11\/100\n|-formechange|p2a: Oak|Aegislash-Blade||[from] ability: Stance Change\n|move|p2a: Oak|Shadow Ball|p1a: Great Tusk\n|-damage|p1a: Great Tusk|30\/100 tox\n|\n|-heal|p2a: Oak|17\/100|[from] item: Leftovers\n|-damage|p1a: Great Tusk|11\/100 tox|[from] psn\n|upkeep\n|turn|15\n|l| bingo bronson\n|\n|t:|1700440477\n|-formechange|p2a: Oak|Aegislash||[from] ability: Stance Change\n|move|p2a: Oak|King's Shield|p2a: Oak\n|-singleturn|p2a: Oak|Protect\n|move|p1a: Great Tusk|Earthquake|p2a: Oak\n|-activate|p2a: Oak|move: Protect\n|\n|-heal|p2a: Oak|23\/100|[from] item: Leftovers\n|-damage|p1a: Great Tusk|0 fnt|[from] psn\n|faint|p1a: Great Tusk\n|-end|p1a: Great Tusk|Protosynthesis|[silent]\n|upkeep\n|\n|t:|1700440480\n|switch|p1a: Greninja|Greninja, M|100\/100\n|turn|16\n|\n|t:|1700440488\n|move|p1a: Greninja|Dark Pulse|p2a: Oak\n|-supereffective|p2a: Oak\n|-damage|p2a: Oak|0 fnt\n|faint|p2a: Oak\n|-ability|p1a: Greninja|Battle Bond|boost\n|-boost|p1a: Greninja|atk|1\n|-boost|p1a: Greninja|spa|1\n|-boost|p1a: Greninja|spe|1\n|-activate|p1a: Greninja|ability: Battle Bond\n|\n|upkeep\n|\n|t:|1700440505\n|switch|p2a: Osage|Guzzlord, shiny|79\/100\n|-damage|p2a: Osage|67\/100|[from] Stealth Rock\n|turn|17\n|\n|t:|1700440511\n|-terastallize|p2a: Osage|Dark\n|move|p1a: Greninja|Ice Beam|p2a: Osage\n|-damage|p2a: Osage|45\/100\n|move|p2a: Osage|Toxic|p1a: Greninja\n|-status|p1a: Greninja|tox\n|\n|-heal|p2a: Osage|51\/100|[from] item: Leftovers\n|-damage|p1a: Greninja|95\/100 tox|[from] psn\n|upkeep\n|turn|18\n|c| Potatofromsinnoh|why is guzzlord actually working rn?\n|\n|t:|1700440529\n|move|p2a: Osage|Protect|p2a: Osage\n|-singleturn|p2a: Osage|Protect\n|-zpower|p1a: Greninja\n|move|p1a: Greninja|Black Hole Eclipse|p2a: Osage|[zeffect]\n|-resisted|p2a: Osage\n|-zbroken|p2a: Osage\n|-damage|p2a: Osage|44\/100\n|\n|-heal|p2a: Osage|50\/100|[from] item: Leftovers\n|-damage|p1a: Greninja|83\/100 tox|[from] psn\n|upkeep\n|turn|19\n|c|\u2606LEONERROR500|cuz i have no toxic switch\n|\n|t:|1700440541\n|move|p1a: Greninja|Hydro Pump|p2a: Osage\n|-damage|p2a: Osage|9\/100\n|move|p2a: Osage|Earthquake|p1a: Greninja\n|-damage|p1a: Greninja|46\/100 tox\n|\n|-heal|p2a: Osage|15\/100|[from] item: Leftovers\n|-damage|p1a: Greninja|28\/100 tox|[from] psn\n|upkeep\n|turn|20\n|\n|t:|1700440544\n|move|p2a: Osage|Protect|p2a: Osage\n|-singleturn|p2a: Osage|Protect\n|move|p1a: Greninja|Surf|p2a: Osage\n|-activate|p2a: Osage|move: Protect\n|\n|-heal|p2a: Osage|22\/100|[from] item: Leftovers\n|-damage|p1a: Greninja|4\/100 tox|[from] psn\n|upkeep\n|turn|21\n|\n|t:|1700440547\n|move|p1a: Greninja|Surf|p2a: Osage\n|-damage|p2a: Osage|0 fnt\n|faint|p2a: Osage\n|\n|-damage|p1a: Greninja|0 fnt|[from] psn\n|faint|p1a: Greninja\n|upkeep\n|\n|t:|1700440551\n|switch|p1a: Ogerpon|Ogerpon-Wellspring, F|100\/100\n|switch|p2a: Tapu Lele|Tapu Lele|100\/100\n|-damage|p2a: Tapu Lele|88\/100|[from] Stealth Rock\n|-fieldstart|move: Psychic Terrain|[from] ability: Psychic Surge|[of] p2a: Tapu Lele\n|turn|22\n|\n|t:|1700440556\n|-terastallize|p1a: Ogerpon|Water\n|detailschange|p1a: Ogerpon|Ogerpon-Wellspring-Tera, F, tera:Water\n|-ability|p1a: Ogerpon|Embody Aspect (Wellspring)|boost\n|-boost|p1a: Ogerpon|spd|1\n|move|p1a: Ogerpon|Ivy Cudgel|p2a: Tapu Lele|[anim] Ivy Cudgel Water\n|-damage|p2a: Tapu Lele|0 fnt\n|faint|p2a: Tapu Lele\n|\n|upkeep\n|j| jkljlkh\n|\n|t:|1700440565\n|switch|p2a: Blacephalon|Blacephalon|100\/100\n|-damage|p2a: Blacephalon|76\/100|[from] Stealth Rock\n|turn|23\n|\n|t:|1700440567\n|move|p2a: Blacephalon|Expanding Force|p1a: Ogerpon\n|-damage|p1a: Ogerpon|57\/100\n|move|p1a: Ogerpon|Ivy Cudgel|p2a: Blacephalon|[anim] Ivy Cudgel Water\n|-supereffective|p2a: Blacephalon\n|-damage|p2a: Blacephalon|0 fnt\n|faint|p2a: Blacephalon\n|\n|upkeep\n|\n|t:|1700440572\n|switch|p2a: Zamazenta|Zamazenta|100\/100\n|-damage|p2a: Zamazenta|94\/100|[from] Stealth Rock\n|-ability|p2a: Zamazenta|Dauntless Shield|boost\n|-boost|p2a: Zamazenta|def|1\n|turn|24\n|\n|t:|1700440575\n|move|p2a: Zamazenta|Wild Charge|p1a: Ogerpon\n|-supereffective|p1a: Ogerpon\n|-damage|p1a: Ogerpon|0 fnt\n|faint|p1a: Ogerpon\n|-damage|p2a: Zamazenta|81\/100|[from] Recoil\n|\n|upkeep\n|\n|t:|1700440578\n|switch|p1a: Zapdos|Zapdos|100\/100\n|turn|25\n|\n|t:|1700440580\n|move|p2a: Zamazenta|Wild Charge|p1a: Zapdos\n|-damage|p1a: Zapdos|67\/100\n|-damage|p2a: Zamazenta|71\/100|[from] Recoil\n|move|p1a: Zapdos|Hurricane|p2a: Zamazenta\n|-supereffective|p2a: Zamazenta\n|-damage|p2a: Zamazenta|0 fnt\n|faint|p2a: Zamazenta\n|\n|win|LEONERROR500\n|n|\u2606LEONERROR500|leonerror500\n|n|\u2606Klawf Up A Lung|klawfupalung\n|n| Potatofromsinnoh|potatofromsinnoh\n|n| jkljlkh|jkljlkh\n","uploadtime":1700440581,"views":4,"p1id":"leonerror500","p2id":"klawfupalung","formatid":"gen9nationaldex","rating":0,"private":0,"password":""}