{"id":"gen9nationaldex-1996866862","p1":"The power of ROCK","p2":"Anacode","format":"[Gen 9] National Dex","log":"|html|<div class=\"broadcast-blue\"><strong>[Gen 9] National Dex is currently suspecting Sneasler! For information on how to participate check out the <a href=\"https:\/\/www.smogon.com\/forums\/threads\/sv-national-dex-suspect-8-just-dance.3731534\/\">suspect thread<\/a>.<\/strong><\/div>\n|j|\u2606The power of ROCK\n|j|\u2606Anacode\n|t:|1700737650\n|gametype|singles\n|player|p1|The power of ROCK|roark|1629\n|player|p2|Anacode|101|1580\n|teamsize|p1|6\n|teamsize|p2|6\n|gen|9\n|tier|[Gen 9] National Dex\n|rated|\n|rule|HP Percentage Mod: HP is shown in percentages\n|rule|Endless Battle Clause: Forcing endless battles is banned\n|rule|OHKO Clause: OHKO moves are banned\n|rule|Evasion Clause: Evasion abilities, items, and moves are banned\n|rule|Evasion Abilities Clause: Evasion abilities are banned\n|rule|Evasion Items Clause: Evasion items are banned\n|rule|Evasion Moves Clause: Evasion moves are banned\n|rule|Species Clause: Limit one of each Pok\u00e9mon\n|rule|Sleep Clause Mod: Limit one foe put to sleep\n|clearpoke\n|poke|p1|Tyranitar, M|\n|poke|p1|Garganacl, F|\n|poke|p1|Aggron, M|\n|poke|p1|Glimmora, F|\n|poke|p1|Aurorus, F|\n|poke|p1|Rampardos, F|\n|poke|p2|Charizard, M|\n|poke|p2|Ferrothorn, F|\n|poke|p2|Cinderace, F|\n|poke|p2|Clodsire, F|\n|poke|p2|Ogerpon-Wellspring, F|\n|poke|p2|Great Tusk|\n|teampreview\n|inactive|Battle timer is ON: inactive players will automatically lose when time's up. (requested by Anacode)\n|c|\u2606The power of ROCK|Welcome to the ROCK gym\n|j| CCCCold\n|c|\u2606Anacode|hi champ\n|c|\u2606Anacode|gl\n|\n|t:|1700737678\n|start\n|switch|p1a: Rampardos|Rampardos, F|100\/100\n|switch|p2a: Great Tusk|Great Tusk|100\/100\n|-ability|p1a: Rampardos|Mold Breaker\n|turn|1\n|\n|t:|1700737684\n|switch|p1a: Glimmora|Glimmora, F|100\/100\n|move|p2a: Great Tusk|Headlong Rush|p1a: Glimmora\n|-supereffective|p1a: Glimmora\n|-damage|p1a: Glimmora|0 fnt\n|-unboost|p2a: Great Tusk|def|1\n|-unboost|p2a: Great Tusk|spd|1\n|-activate|p1a: Glimmora|ability: Toxic Debris\n|-sidestart|p2: Anacode|move: Toxic Spikes\n|faint|p1a: Glimmora\n|\n|upkeep\n|\n|t:|1700737686\n|switch|p1a: Garganacl|Garganacl, F|100\/100\n|turn|2\n|\n|t:|1700737690\n|-terastallize|p1a: Garganacl|Ghost\n|move|p2a: Great Tusk|Headlong Rush|p1a: Garganacl\n|-damage|p1a: Garganacl|53\/100\n|-unboost|p2a: Great Tusk|def|1\n|-unboost|p2a: Great Tusk|spd|1\n|move|p1a: Garganacl|Salt Cure|p2a: Great Tusk\n|-resisted|p2a: Great Tusk\n|-damage|p2a: Great Tusk|96\/100\n|-start|p2a: Great Tusk|Salt Cure\n|\n|-damage|p2a: Great Tusk|84\/100|[from] Salt Cure\n|upkeep\n|turn|3\n|\n|t:|1700737694\n|-end|p2a: Great Tusk|Protosynthesis|[silent]\n|switch|p2a: Charizard|Charizard, M|100\/100\n|move|p1a: Garganacl|Recover|p1a: Garganacl\n|-heal|p1a: Garganacl|100\/100\n|\n|upkeep\n|turn|4\n|\n|t:|1700737699\n|detailschange|p2a: Charizard|Charizard-Mega-Y, M\n|-mega|p2a: Charizard|Charizard|Charizardite Y\n|-weather|SunnyDay|[from] ability: Drought|[of] p2a: Charizard\n|move|p2a: Charizard|Flamethrower|p1a: Garganacl\n|-damage|p1a: Garganacl|48\/100\n|-enditem|p1a: Garganacl|Maranga Berry|[eat]\n|-boost|p1a: Garganacl|spd|1|[from] item: Maranga Berry\n|move|p1a: Garganacl|Recover|p1a: Garganacl\n|-heal|p1a: Garganacl|98\/100\n|\n|-weather|SunnyDay|[upkeep]\n|upkeep\n|turn|5\n|\n|t:|1700737710\n|move|p2a: Charizard|Flamethrower|p1a: Garganacl\n|-damage|p1a: Garganacl|62\/100\n|move|p1a: Garganacl|Salt Cure|p2a: Charizard\n|-supereffective|p2a: Charizard\n|-damage|p2a: Charizard|22\/100\n|-start|p2a: Charizard|Salt Cure\n|\n|-weather|SunnyDay|[upkeep]\n|-damage|p2a: Charizard|10\/100|[from] Salt Cure\n|upkeep\n|turn|6\n|\n|t:|1700737715\n|switch|p2a: Clodsire|Clodsire, F|100\/100\n|-sideend|p2: Anacode|move: Toxic Spikes|[of] p2a: Clodsire\n|move|p1a: Garganacl|Recover|p1a: Garganacl\n|-heal|p1a: Garganacl|100\/100\n|\n|-weather|SunnyDay|[upkeep]\n|upkeep\n|turn|7\n|\n|t:|1700737721\n|move|p1a: Garganacl|Salt Cure|p2a: Clodsire\n|-resisted|p2a: Clodsire\n|-damage|p2a: Clodsire|93\/100\n|-start|p2a: Clodsire|Salt Cure\n|move|p2a: Clodsire|Spikes|p1a: Garganacl\n|-sidestart|p1: The power of ROCK|Spikes\n|\n|-weather|SunnyDay|[upkeep]\n|-heal|p2a: Clodsire|99\/100|[from] item: Black Sludge\n|-damage|p2a: Clodsire|87\/100|[from] Salt Cure\n|upkeep\n|turn|8\n|j| xuxiansheng\n|\n|t:|1700737724\n|switch|p1a: Aurorus|Aurorus, F|100\/100\n|-damage|p1a: Aurorus|88\/100|[from] Spikes\n|-weather|Snow|[from] ability: Snow Warning|[of] p1a: Aurorus\n|move|p2a: Clodsire|Spikes|p1a: Aurorus\n|-sidestart|p1: The power of ROCK|Spikes\n|\n|-weather|Snow|[upkeep]\n|-heal|p2a: Clodsire|93\/100|[from] item: Black Sludge\n|-damage|p2a: Clodsire|81\/100|[from] Salt Cure\n|upkeep\n|turn|9\n|\n|t:|1700737730\n|switch|p2a: Charizard|Charizard-Mega-Y, M|10\/100\n|-weather|SunnyDay|[from] ability: Drought|[of] p2a: Charizard\n|move|p1a: Aurorus|Aurora Veil||[still]\n|-fail|p1a: Aurorus\n|\n|-weather|SunnyDay|[upkeep]\n|upkeep\n|turn|10\n|\n|t:|1700737735\n|switch|p1a: Tyranitar|Tyranitar, M|100\/100\n|-damage|p1a: Tyranitar|84\/100|[from] Spikes\n|-weather|Sandstorm|[from] ability: Sand Stream|[of] p1a: Tyranitar\n|move|p2a: Charizard|Flamethrower|p1a: Tyranitar\n|-resisted|p1a: Tyranitar\n|-damage|p1a: Tyranitar|76\/100\n|\n|-weather|Sandstorm|[upkeep]\n|-damage|p2a: Charizard|4\/100|[from] Sandstorm\n|upkeep\n|turn|11\n|\n|t:|1700737739\n|move|p2a: Charizard|Focus Blast|p1a: Tyranitar\n|-supereffective|p1a: Tyranitar\n|-damage|p1a: Tyranitar|19\/100\n|-unboost|p1a: Tyranitar|spd|1\n|move|p1a: Tyranitar|Pursuit|p2a: Charizard\n|-damage|p2a: Charizard|0 fnt\n|faint|p2a: Charizard\n|\n|-weather|Sandstorm|[upkeep]\n|upkeep\n|\n|t:|1700737748\n|switch|p2a: Ogerpon|Ogerpon-Wellspring, F|100\/100\n|turn|12\n|\n|t:|1700737751\n|move|p2a: Ogerpon|Ivy Cudgel|p1a: Tyranitar|[anim] Ivy Cudgel Water\n|-supereffective|p1a: Tyranitar\n|-damage|p1a: Tyranitar|0 fnt\n|faint|p1a: Tyranitar\n|\n|-weather|Sandstorm|[upkeep]\n|-damage|p2a: Ogerpon|95\/100|[from] Sandstorm\n|upkeep\n|\n|t:|1700737768\n|switch|p1a: Aggron|Aggron, M|100\/100\n|-damage|p1a: Aggron|84\/100|[from] Spikes\n|turn|13\n|\n|t:|1700737773\n|detailschange|p1a: Aggron|Aggron-Mega, M\n|-mega|p1a: Aggron|Aggron|Aggronite\n|move|p2a: Ogerpon|U-turn|p1a: Aggron\n|-resisted|p1a: Aggron\n|-damage|p1a: Aggron|78\/100\n|\n|t:|1700737776\n|switch|p2a: Great Tusk|Great Tusk|84\/100|[from] U-turn\n|move|p1a: Aggron|Iron Defense|p1a: Aggron\n|-boost|p1a: Aggron|def|2\n|\n|-weather|Sandstorm|[upkeep]\n|upkeep\n|turn|14\n|\n|t:|1700737785\n|move|p2a: Great Tusk|Close Combat|p1a: Aggron\n|-supereffective|p1a: Aggron\n|-damage|p1a: Aggron|56\/100\n|-unboost|p2a: Great Tusk|def|1\n|-unboost|p2a: Great Tusk|spd|1\n|move|p1a: Aggron|Iron Defense|p1a: Aggron\n|-boost|p1a: Aggron|def|2\n|\n|-weather|none\n|upkeep\n|turn|15\n|\n|t:|1700737792\n|-end|p2a: Great Tusk|Protosynthesis|[silent]\n|switch|p2a: Ferrothorn|Ferrothorn, F|100\/100\n|move|p1a: Aggron|Body Press|p2a: Ferrothorn\n|-supereffective|p2a: Ferrothorn\n|-damage|p2a: Ferrothorn|0 fnt\n|-damage|p1a: Aggron|44\/100|[from] ability: Iron Barbs|[of] p2a: Ferrothorn\n|-damage|p1a: Aggron|27\/100|[from] item: Rocky Helmet|[of] p2a: Ferrothorn\n|faint|p2a: Ferrothorn\n|\n|upkeep\n|\n|t:|1700737797\n|switch|p2a: Clodsire|Clodsire, F|81\/100\n|turn|16\n|\n|t:|1700737799\n|move|p1a: Aggron|Rest|p1a: Aggron\n|-status|p1a: Aggron|slp|[from] move: Rest\n|-heal|p1a: Aggron|100\/100 slp|[silent]\n|move|p2a: Clodsire|Earth Power|p1a: Aggron\n|-supereffective|p1a: Aggron\n|-damage|p1a: Aggron|69\/100 slp\n|\n|-heal|p2a: Clodsire|87\/100|[from] item: Black Sludge\n|upkeep\n|turn|17\n|\n|t:|1700737805\n|cant|p1a: Aggron|slp\n|move|p1a: Aggron|Sleep Talk|p1a: Aggron\n|move|p1a: Aggron|Body Press|p2a: Clodsire|[from]move: Sleep Talk\n|-resisted|p2a: Clodsire\n|-crit|p2a: Clodsire\n|-damage|p2a: Clodsire|48\/100\n|move|p2a: Clodsire|Earth Power|p1a: Aggron\n|-supereffective|p1a: Aggron\n|-damage|p1a: Aggron|39\/100 slp\n|\n|-heal|p2a: Clodsire|54\/100|[from] item: Black Sludge\n|upkeep\n|turn|18\n|\n|t:|1700737809\n|cant|p1a: Aggron|slp\n|move|p1a: Aggron|Sleep Talk|p1a: Aggron\n|move|p1a: Aggron|Iron Defense|p1a: Aggron|[from]move: Sleep Talk\n|-boost|p1a: Aggron|def|2\n|move|p2a: Clodsire|Earth Power|p1a: Aggron\n|-supereffective|p1a: Aggron\n|-damage|p1a: Aggron|10\/100 slp\n|\n|-heal|p2a: Clodsire|61\/100|[from] item: Black Sludge\n|upkeep\n|turn|19\n|\n|t:|1700737813\n|-curestatus|p1a: Aggron|slp|[msg]\n|move|p1a: Aggron|Rest|p1a: Aggron\n|-status|p1a: Aggron|slp|[from] move: Rest\n|-heal|p1a: Aggron|100\/100 slp|[silent]\n|move|p2a: Clodsire|Earth Power|p1a: Aggron\n|-supereffective|p1a: Aggron\n|-damage|p1a: Aggron|68\/100 slp\n|\n|-heal|p2a: Clodsire|67\/100|[from] item: Black Sludge\n|upkeep\n|turn|20\n|\n|t:|1700737818\n|cant|p1a: Aggron|slp\n|move|p1a: Aggron|Sleep Talk|p1a: Aggron\n|move|p1a: Aggron|Iron Defense|p1a: Aggron|[from]move: Sleep Talk\n|-boost|p1a: Aggron|def|0\n|move|p2a: Clodsire|Earth Power|p1a: Aggron\n|-supereffective|p1a: Aggron\n|-damage|p1a: Aggron|39\/100 slp\n|\n|-heal|p2a: Clodsire|73\/100|[from] item: Black Sludge\n|upkeep\n|turn|21\n|\n|t:|1700737825\n|switch|p2a: Ogerpon|Ogerpon-Wellspring, F|95\/100\n|cant|p1a: Aggron|slp\n|move|p1a: Aggron|Sleep Talk|p1a: Aggron\n|move|p1a: Aggron|Rest||[from]move: Sleep Talk|[still]\n|-fail|p1a: Aggron\n|\n|upkeep\n|turn|22\n|\n|t:|1700737834\n|move|p2a: Ogerpon|Ivy Cudgel|p1a: Aggron|[anim] Ivy Cudgel Water\n|-damage|p1a: Aggron|33\/100 slp\n|-curestatus|p1a: Aggron|slp|[msg]\n|move|p1a: Aggron|Body Press|p2a: Ogerpon\n|-damage|p2a: Ogerpon|0 fnt\n|faint|p2a: Ogerpon\n|\n|upkeep\n|\n|t:|1700737842\n|switch|p2a: Cinderace|Cinderace, F|100\/100\n|turn|23\n|\n|t:|1700737844\n|move|p2a: Cinderace|Pyro Ball|p1a: Aggron\n|-supereffective|p1a: Aggron\n|-damage|p1a: Aggron|20\/100\n|move|p1a: Aggron|Rest|p1a: Aggron\n|-status|p1a: Aggron|slp|[from] move: Rest\n|-heal|p1a: Aggron|100\/100 slp|[silent]\n|\n|upkeep\n|turn|24\n|l| CCCCold\n|-message|Anacode forfeited.\n|\n|win|The power of ROCK\n|raw|The power of ROCK's rating: 1629 &rarr; <strong>1646<\/strong><br \/>(+17 for winning)\n|raw|Anacode's rating: 1580 &rarr; <strong>1563<\/strong><br \/>(-17 for losing)\n|l|\u2606Anacode\n|c|\u2606The power of ROCK|gg xD\n|l| xuxiansheng\n","uploadtime":1700737859,"views":0,"p1id":"thepowerofrock","p2id":"anacode","formatid":"gen9nationaldex","rating":1563,"private":0,"password":""}