{"id":"gen9nationaldex-1999910386","p1":"bacontwin","p2":"xtheghostfairyx","format":"[Gen 9] National Dex","log":"|html|<div class=\"broadcast-blue\"><strong>[Gen 9] National Dex is currently suspecting Sneasler! For information on how to participate check out the <a href=\"https:\/\/www.smogon.com\/forums\/threads\/sv-national-dex-suspect-8-just-dance.3731534\/\">suspect thread<\/a>.<\/strong><\/div>\n|j|\u2606bacontwin\n|j|\u2606xtheghostfairyx\n|t:|1701129035\n|gametype|singles\n|player|p1|bacontwin|169|\n|player|p2|xtheghostfairyx|265|\n|teamsize|p1|6\n|teamsize|p2|6\n|gen|9\n|tier|[Gen 9] National Dex\n|rule|HP Percentage Mod: HP is shown in percentages\n|rule|Endless Battle Clause: Forcing endless battles is banned\n|rule|OHKO Clause: OHKO moves are banned\n|rule|Evasion Clause: Evasion abilities, items, and moves are banned\n|rule|Evasion Abilities Clause: Evasion abilities are banned\n|rule|Evasion Items Clause: Evasion items are banned\n|rule|Evasion Moves Clause: Evasion moves are banned\n|rule|Species Clause: Limit one of each Pok\u00e9mon\n|rule|Sleep Clause Mod: Limit one foe put to sleep\n|clearpoke\n|poke|p1|Starmie|\n|poke|p1|Ninetales-Alola, F|\n|poke|p1|Sandslash-Alola, M|\n|poke|p1|Overqwil, F|\n|poke|p1|Rotom-Heat|\n|poke|p1|Tyranitar, M|\n|poke|p2|Swampert, F|\n|poke|p2|Charizard, M|\n|poke|p2|Gardevoir, F|\n|poke|p2|Walrein, M|\n|poke|p2|Jolteon, M|\n|poke|p2|Grapploct, F|\n|teampreview\n|\n|t:|1701129055\n|start\n|switch|p1a: Shuriken|Starmie, shiny|100\/100\n|switch|p2a: Ruby|Charizard, M|100\/100\n|turn|1\n|\n|t:|1701129066\n|switch|p2a: Topaz|Jolteon, M|100\/100\n|move|p1a: Shuriken|Thunderbolt|p2a: Topaz\n|-immune|p2a: Topaz|[from] ability: Volt Absorb\n|\n|upkeep\n|turn|2\n|\n|t:|1701129085\n|switch|p1a: Reptar|Tyranitar, M|100\/100\n|-weather|Sandstorm|[from] ability: Sand Stream|[of] p1a: Reptar\n|move|p2a: Topaz|Thunderbolt|p1a: Reptar\n|-damage|p1a: Reptar|80\/100\n|\n|-weather|Sandstorm|[upkeep]\n|-damage|p2a: Topaz|94\/100|[from] Sandstorm\n|-heal|p1a: Reptar|86\/100|[from] item: Leftovers\n|upkeep\n|turn|3\n|\n|t:|1701129100\n|move|p2a: Topaz|Volt Switch|p1a: Reptar\n|-damage|p1a: Reptar|70\/100\n|\n|t:|1701129105\n|switch|p2a: Sapphire|Swampert, F|100\/100|[from] Volt Switch\n|move|p1a: Reptar|Earthquake|p2a: Sapphire\n|-damage|p2a: Sapphire|72\/100\n|\n|-weather|Sandstorm|[upkeep]\n|-heal|p1a: Reptar|76\/100|[from] item: Leftovers\n|upkeep\n|turn|4\n|\n|t:|1701129118\n|switch|p1a: Mrs. Puff|Overqwil, F, shiny|100\/100\n|-ability|p1a: Mrs. Puff|Intimidate|boost\n|-unboost|p2a: Sapphire|atk|1\n|move|p2a: Sapphire|Surf|p1a: Mrs. Puff\n|-damage|p1a: Mrs. Puff|71\/100\n|\n|-weather|Sandstorm|[upkeep]\n|-damage|p1a: Mrs. Puff|65\/100|[from] Sandstorm\n|upkeep\n|turn|5\n|\n|t:|1701129131\n|move|p1a: Mrs. Puff|Toxic Spikes|p2a: Sapphire\n|-sidestart|p2: xtheghostfairyx|move: Toxic Spikes\n|move|p2a: Sapphire|Earthquake|p1a: Mrs. Puff\n|-supereffective|p1a: Mrs. Puff\n|-damage|p1a: Mrs. Puff|12\/100\n|\n|-weather|Sandstorm|[upkeep]\n|-damage|p1a: Mrs. Puff|6\/100|[from] Sandstorm\n|upkeep\n|turn|6\n|\n|t:|1701129148\n|switch|p1a: mIcRoWaVe GrEaSe|Rotom-Heat|100\/100\n|move|p2a: Sapphire|Earthquake|p1a: mIcRoWaVe GrEaSe\n|-immune|p1a: mIcRoWaVe GrEaSe|[from] ability: Levitate\n|\n|-weather|none\n|upkeep\n|turn|7\n|\n|t:|1701129159\n|move|p1a: mIcRoWaVe GrEaSe|Toxic|p2a: Sapphire\n|-status|p2a: Sapphire|tox\n|move|p2a: Sapphire|Darkest Lariat|p1a: mIcRoWaVe GrEaSe\n|-damage|p1a: mIcRoWaVe GrEaSe|84\/100\n|\n|-heal|p1a: mIcRoWaVe GrEaSe|91\/100|[from] item: Leftovers\n|-damage|p2a: Sapphire|66\/100 tox|[from] psn\n|upkeep\n|turn|8\n|\n|t:|1701129174\n|move|p1a: mIcRoWaVe GrEaSe|Hyper Voice|p2a: Sapphire\n|-damage|p2a: Sapphire|45\/100 tox\n|move|p2a: Sapphire|Surf|p1a: mIcRoWaVe GrEaSe\n|-supereffective|p1a: mIcRoWaVe GrEaSe\n|-damage|p1a: mIcRoWaVe GrEaSe|37\/100\n|\n|-heal|p1a: mIcRoWaVe GrEaSe|43\/100|[from] item: Leftovers\n|-damage|p2a: Sapphire|33\/100 tox|[from] psn\n|upkeep\n|turn|9\n|\n|t:|1701129183\n|move|p1a: mIcRoWaVe GrEaSe|Volt Switch|p2a: Sapphire\n|-immune|p2a: Sapphire\n|move|p2a: Sapphire|Surf|p1a: mIcRoWaVe GrEaSe\n|-supereffective|p1a: mIcRoWaVe GrEaSe\n|-damage|p1a: mIcRoWaVe GrEaSe|0 fnt\n|faint|p1a: mIcRoWaVe GrEaSe\n|\n|-damage|p2a: Sapphire|15\/100 tox|[from] psn\n|upkeep\n|\n|t:|1701129192\n|switch|p1a: Shuriken|Starmie, shiny|100\/100\n|turn|10\n|\n|t:|1701129201\n|move|p1a: Shuriken|Grass Knot|p2a: Sapphire\n|-supereffective|p2a: Sapphire\n|-damage|p2a: Sapphire|0 fnt\n|faint|p2a: Sapphire\n|-damage|p1a: Shuriken|91\/100|[from] item: Life Orb\n|\n|upkeep\n|\n|t:|1701129209\n|switch|p2a: Topaz|Jolteon, M|94\/100\n|-status|p2a: Topaz|psn\n|turn|11\n|\n|t:|1701129240\n|-terastallize|p1a: Shuriken|Grass\n|move|p1a: Shuriken|Grass Knot|p2a: Topaz\n|-damage|p2a: Topaz|66\/100 psn\n|-damage|p1a: Shuriken|81\/100|[from] item: Life Orb\n|move|p2a: Topaz|Thunderbolt|p1a: Shuriken\n|-resisted|p1a: Shuriken\n|-damage|p1a: Shuriken|54\/100\n|-status|p1a: Shuriken|par\n|\n|-damage|p2a: Topaz|53\/100 psn|[from] psn\n|upkeep\n|turn|12\n|\n|t:|1701129266\n|move|p2a: Topaz|Volt Switch|p1a: Shuriken\n|-resisted|p1a: Shuriken\n|-damage|p1a: Shuriken|32\/100 par\n|\n|t:|1701129270\n|switch|p2a: Ruby|Charizard, M|100\/100|[from] Volt Switch\n|move|p1a: Shuriken|Scald|p2a: Ruby\n|-supereffective|p2a: Ruby\n|-damage|p2a: Ruby|0 fnt\n|faint|p2a: Ruby\n|-damage|p1a: Shuriken|22\/100 par|[from] item: Life Orb\n|\n|upkeep\n|\n|t:|1701129284\n|switch|p2a: Frostii|Walrein, M|100\/100\n|-status|p2a: Frostii|psn\n|turn|13\n|\n|t:|1701129294\n|switch|p1a: Snow Miser|Ninetales-Alola, F|100\/100\n|-weather|Snow|[from] ability: Snow Warning|[of] p1a: Snow Miser\n|move|p2a: Frostii|Ice Beam|p1a: Snow Miser\n|-resisted|p1a: Snow Miser\n|-damage|p1a: Snow Miser|86\/100\n|\n|-weather|Snow|[upkeep]\n|-damage|p2a: Frostii|88\/100 psn|[from] psn\n|upkeep\n|turn|14\n|\n|t:|1701129315\n|switch|p2a: Jade|Gardevoir, F|100\/100\n|-status|p2a: Jade|psn\n|move|p1a: Snow Miser|Aurora Veil|p1a: Snow Miser\n|-sidestart|p1: bacontwin|move: Aurora Veil\n|\n|-weather|Snow|[upkeep]\n|-damage|p2a: Jade|88\/100 psn|[from] psn\n|upkeep\n|turn|15\n|\n|t:|1701129341\n|switch|p1a: Ice Cube|Sandslash-Alola, M|100\/100\n|move|p2a: Jade|Moonblast|p1a: Ice Cube\n|-resisted|p1a: Ice Cube\n|-damage|p1a: Ice Cube|84\/100\n|-unboost|p1a: Ice Cube|spa|1\n|\n|-weather|Snow|[upkeep]\n|-damage|p2a: Jade|76\/100 psn|[from] psn\n|upkeep\n|turn|16\n|\n|t:|1701129353\n|move|p1a: Ice Cube|Swords Dance|p1a: Ice Cube\n|-boost|p1a: Ice Cube|atk|2\n|move|p2a: Jade|Psychic|p1a: Ice Cube\n|-resisted|p1a: Ice Cube\n|-damage|p1a: Ice Cube|67\/100\n|-unboost|p1a: Ice Cube|spd|1\n|\n|-weather|Snow|[upkeep]\n|-damage|p2a: Jade|64\/100 psn|[from] psn\n|upkeep\n|turn|17\n|\n|t:|1701129384\n|move|p1a: Ice Cube|Iron Head|p2a: Jade\n|-supereffective|p2a: Jade\n|-damage|p2a: Jade|0 fnt\n|faint|p2a: Jade\n|\n|-weather|Snow|[upkeep]\n|upkeep\n|\n|t:|1701129396\n|switch|p2a: Frostii|Walrein, M|88\/100 psn\n|turn|18\n|\n|t:|1701129404\n|-terastallize|p2a: Frostii|Ice\n|move|p1a: Ice Cube|Iron Head|p2a: Frostii\n|-supereffective|p2a: Frostii\n|-damage|p2a: Frostii|6\/100 psn\n|move|p2a: Frostii|Earthquake|p1a: Ice Cube\n|-supereffective|p1a: Ice Cube\n|-damage|p1a: Ice Cube|53\/100\n|\n|-weather|Snow|[upkeep]\n|-damage|p2a: Frostii|0 fnt|[from] psn\n|faint|p2a: Frostii\n|-sideend|p1: bacontwin|move: Aurora Veil\n|upkeep\n|\n|t:|1701129419\n|switch|p2a: Krystalle|Grapploct, F|100\/100\n|-status|p2a: Krystalle|psn\n|turn|19\n|\n|t:|1701129446\n|move|p1a: Ice Cube|Triple Axel|p2a: Krystalle\n|-damage|p2a: Krystalle|81\/100 psn\n|-damage|p2a: Krystalle|38\/100 psn\n|-damage|p2a: Krystalle|0 fnt\n|faint|p2a: Krystalle\n|-hitcount|p2: Krystalle|3\n|\n|-weather|Snow|[upkeep]\n|upkeep\n|\n|t:|1701129455\n|switch|p2a: Topaz|Jolteon, M|53\/100 psn\n|turn|20\n|\n|t:|1701129461\n|move|p1a: Ice Cube|Triple Axel|p2a: Topaz\n|-damage|p2a: Topaz|21\/100 psn\n|-damage|p2a: Topaz|0 fnt\n|faint|p2a: Topaz\n|-hitcount|p2: Topaz|2\n|\n|win|bacontwin\n|c|\u2606bacontwin|gg\n","uploadtime":1701129473,"views":23,"p1id":"bacontwin","p2id":"xtheghostfairyx","formatid":"gen9nationaldex","rating":0,"private":0,"password":""}