{"id":"gen9nationaldex-1997327720","p1":"looking 4 horizons","p2":"Aesiro13","format":"[Gen 9] National Dex","log":"|j|\u2606looking 4 horizons\n|j|\u2606Aesiro13\n|inactive|Battle timer is ON: inactive players will automatically lose when time's up.\n|t:|1700789925\n|gametype|singles\n|player|p1|looking 4 horizons|silver-masters|\n|player|p2|Aesiro13|giacomo|\n|teamsize|p1|6\n|teamsize|p2|6\n|gen|9\n|tier|[Gen 9] National Dex\n|rated|Tournament battle\n|rule|HP Percentage Mod: HP is shown in percentages\n|rule|Endless Battle Clause: Forcing endless battles is banned\n|rule|OHKO Clause: OHKO moves are banned\n|rule|Evasion Clause: Evasion abilities, items, and moves are banned\n|rule|Evasion Abilities Clause: Evasion abilities are banned\n|rule|Evasion Items Clause: Evasion items are banned\n|rule|Evasion Moves Clause: Evasion moves are banned\n|rule|Species Clause: Limit one of each Pok\u00e9mon\n|rule|Sleep Clause Mod: Limit one foe put to sleep\n|clearpoke\n|poke|p1|Shuckle, M|\n|poke|p1|Ogerpon-Wellspring, F|\n|poke|p1|Terrakion|\n|poke|p1|Tornadus-Therian, M|\n|poke|p1|Cresceidon, F|\n|poke|p1|Tapu Lele|\n|poke|p2|Glimmora, F|\n|poke|p2|Gyarados, M|\n|poke|p2|Landorus-Therian, M|\n|poke|p2|Heatran, M|\n|poke|p2|Nihilego|\n|poke|p2|Cresceidon, M|\n|teampreview\n|inactive|looking 4 horizons also wants the timer to be on.\n|\n|t:|1700789939\n|start\n|switch|p1a: Shuckle|Shuckle, M|100\/100\n|switch|p2a: Cresceidon|Cresceidon, M, shiny|100\/100\n|turn|1\n|\n|t:|1700789947\n|move|p2a: Cresceidon|Thunder Wave|p1a: Shuckle\n|-status|p1a: Shuckle|par\n|move|p1a: Shuckle|Sticky Web|p2a: Cresceidon\n|-sidestart|p2: Aesiro13|move: Sticky Web\n|\n|upkeep\n|turn|2\n|\n|t:|1700789953\n|move|p2a: Cresceidon|Earth Power|p1a: Shuckle\n|-damage|p1a: Shuckle|91\/100 par\n|move|p1a: Shuckle|Stealth Rock|p2a: Cresceidon\n|-sidestart|p2: Aesiro13|move: Stealth Rock\n|\n|upkeep\n|turn|3\n|\n|t:|1700789969\n|switch|p2a: Glimmora|Glimmora, F|100\/100\n|-activate|p2a: Glimmora|move: Sticky Web\n|-unboost|p2a: Glimmora|spe|1\n|-damage|p2a: Glimmora|88\/100|[from] Stealth Rock\n|move|p1a: Shuckle|Final Gambit|p2a: Glimmora\n|-damage|p2a: Glimmora|29\/100\n|faint|p1a: Shuckle\n|\n|-heal|p2a: Glimmora|35\/100|[from] item: Leftovers\n|upkeep\n|\n|t:|1700789984\n|switch|p1a: Ogerpon|Ogerpon-Wellspring, F|100\/100\n|turn|4\n|\n|t:|1700789995\n|switch|p2a: Landorus|Landorus-Therian, M|100\/100\n|-damage|p2a: Landorus|88\/100|[from] Stealth Rock\n|-ability|p2a: Landorus|Intimidate|boost\n|-unboost|p1a: Ogerpon|atk|1\n|move|p1a: Ogerpon|Ivy Cudgel|p2a: Landorus|[anim] Ivy Cudgel Water\n|-supereffective|p2a: Landorus\n|-damage|p2a: Landorus|0 fnt\n|faint|p2a: Landorus\n|\n|upkeep\n|\n|t:|1700790008\n|switch|p2a: Gyarados|Gyarados, M, shiny|100\/100\n|-damage|p2a: Gyarados|76\/100|[from] Stealth Rock\n|-ability|p2a: Gyarados|Intimidate|boost\n|-unboost|p1a: Ogerpon|atk|1\n|turn|5\n|\n|t:|1700790022\n|switch|p1a: Tornadus|Tornadus-Therian, M|100\/100\n|detailschange|p2a: Gyarados|Gyarados-Mega, M, shiny\n|-mega|p2a: Gyarados|Gyarados|Gyaradosite\n|-ability|p2a: Gyarados|Mold Breaker\n|move|p2a: Gyarados|Dragon Dance|p2a: Gyarados\n|-boost|p2a: Gyarados|atk|1\n|-boost|p2a: Gyarados|spe|1\n|\n|upkeep\n|turn|6\n|\n|t:|1700790028\n|move|p2a: Gyarados|Iron Head|p1a: Tornadus\n|-damage|p1a: Tornadus|35\/100\n|-zpower|p1a: Tornadus\n|move|p1a: Tornadus|Supersonic Skystrike|p2a: Gyarados|[zeffect]\n|-crit|p2a: Gyarados\n|-damage|p2a: Gyarados|0 fnt\n|faint|p2a: Gyarados\n|\n|upkeep\n|\n|t:|1700790047\n|switch|p2a: Glimmora|Glimmora, F|35\/100\n|-activate|p2a: Glimmora|move: Sticky Web\n|-unboost|p2a: Glimmora|spe|1\n|-damage|p2a: Glimmora|23\/100|[from] Stealth Rock\n|turn|7\n|\n|t:|1700790056\n|move|p1a: Tornadus|Hurricane|p2a: Glimmora\n|-resisted|p2a: Glimmora\n|-damage|p2a: Glimmora|0 fnt\n|faint|p2a: Glimmora\n|\n|upkeep\n|\n|t:|1700790066\n|switch|p2a: Nihilego|Nihilego|100\/100\n|-activate|p2a: Nihilego|move: Sticky Web\n|-unboost|p2a: Nihilego|spe|1\n|-damage|p2a: Nihilego|88\/100|[from] Stealth Rock\n|turn|8\n|inactive|looking 4 horizons has 120 seconds left.\n|j| Ineros\n|\n|t:|1700790112\n|move|p1a: Tornadus|Nasty Plot|p1a: Tornadus\n|-boost|p1a: Tornadus|spa|2\n|move|p2a: Nihilego|Power Gem|p1a: Tornadus\n|-supereffective|p1a: Tornadus\n|-damage|p1a: Tornadus|0 fnt\n|faint|p1a: Tornadus\n|-ability|p2a: Nihilego|Beast Boost|boost\n|-boost|p2a: Nihilego|spa|1\n|\n|upkeep\n|\n|t:|1700790116\n|switch|p1a: Terrakion|Terrakion|100\/100\n|turn|9\n|\n|t:|1700790120\n|-terastallize|p2a: Nihilego|Flying\n|move|p1a: Terrakion|Earthquake|p2a: Nihilego\n|-immune|p2a: Nihilego\n|move|p2a: Nihilego|Meteor Beam||[still]\n|-prepare|p2a: Nihilego|Meteor Beam\n|-boost|p2a: Nihilego|spa|1\n|-enditem|p2a: Nihilego|Power Herb\n|-anim|p2a: Nihilego|Meteor Beam|p1a: Terrakion\n|-resisted|p1a: Terrakion\n|-damage|p1a: Terrakion|32\/100\n|\n|upkeep\n|turn|10\n|j| unusuncia\n|\n|t:|1700790132\n|move|p1a: Terrakion|Stone Edge|p2a: Nihilego\n|-supereffective|p2a: Nihilego\n|-crit|p2a: Nihilego\n|-damage|p2a: Nihilego|0 fnt\n|faint|p2a: Nihilego\n|-damage|p1a: Terrakion|22\/100|[from] item: Life Orb\n|\n|upkeep\n|l| unusuncia\n|c| Ineros|Bro\n|\n|t:|1700790144\n|switch|p2a: Cresceidon|Cresceidon, M, shiny|100\/100\n|-activate|p2a: Cresceidon|move: Sticky Web\n|-unboost|p2a: Cresceidon|spe|1\n|-damage|p2a: Cresceidon|88\/100|[from] Stealth Rock\n|turn|11\n|c| Ineros|Wait no\n|\n|t:|1700790162\n|move|p1a: Terrakion|Stone Edge|p2a: Cresceidon\n|-damage|p2a: Cresceidon|29\/100\n|-damage|p1a: Terrakion|12\/100|[from] item: Life Orb\n|move|p2a: Cresceidon|Recover|p2a: Cresceidon\n|-heal|p2a: Cresceidon|79\/100\n|\n|-heal|p2a: Cresceidon|85\/100|[from] item: Leftovers\n|upkeep\n|turn|12\n|\n|t:|1700790170\n|-terastallize|p1a: Terrakion|Rock\n|move|p1a: Terrakion|Stone Edge|p2a: Cresceidon\n|-damage|p2a: Cresceidon|3\/100\n|-damage|p1a: Terrakion|2\/100|[from] item: Life Orb\n|move|p2a: Cresceidon|Recover|p2a: Cresceidon\n|-heal|p2a: Cresceidon|53\/100\n|\n|-heal|p2a: Cresceidon|59\/100|[from] item: Leftovers\n|upkeep\n|turn|13\n|\n|t:|1700790179\n|move|p1a: Terrakion|Stone Edge|p2a: Cresceidon|[miss]\n|-miss|p1a: Terrakion|p2a: Cresceidon\n|move|p2a: Cresceidon|Recover|p2a: Cresceidon\n|-heal|p2a: Cresceidon|100\/100\n|\n|upkeep\n|turn|14\n|j| unusuncia\n|\n|t:|1700790184\n|move|p1a: Terrakion|Stone Edge|p2a: Cresceidon\n|-damage|p2a: Cresceidon|62\/100\n|-damage|p1a: Terrakion|0 fnt|[from] item: Life Orb\n|faint|p1a: Terrakion\n|move|p2a: Cresceidon|Earth Power|p1: Terrakion|[notarget]\n|-fail|p2a: Cresceidon\n|\n|-heal|p2a: Cresceidon|68\/100|[from] item: Leftovers\n|upkeep\n|\n|t:|1700790189\n|switch|p1a: Ogerpon|Ogerpon-Wellspring, F|100\/100\n|turn|15\n|j| Lechonkisuber\n|\n|t:|1700790196\n|move|p1a: Ogerpon|Power Whip|p2a: Cresceidon\n|-supereffective|p2a: Cresceidon\n|-crit|p2a: Cresceidon\n|-damage|p2a: Cresceidon|0 fnt\n|faint|p2a: Cresceidon\n|\n|upkeep\n|\n|t:|1700790200\n|switch|p2a: Heatran|Heatran, M|100\/100\n|-activate|p2a: Heatran|move: Sticky Web\n|-unboost|p2a: Heatran|spe|1\n|-damage|p2a: Heatran|88\/100|[from] Stealth Rock\n|turn|16\n|\n|t:|1700790212\n|move|p1a: Ogerpon|Ivy Cudgel|p2a: Heatran|[anim] Ivy Cudgel Water\n|-supereffective|p2a: Heatran\n|-damage|p2a: Heatran|0 fnt\n|faint|p2a: Heatran\n|\n|win|looking 4 horizons\n|n|\u2606looking 4 horizons|looking4horizons\n|n|\u2606Aesiro13|aesiro13\n|n| Ineros|ineros\n|n| unusuncia|unusuncia\n|n| Lechonkisuber|lechonkisuber\n","uploadtime":1700790213,"views":4,"p1id":"looking4horizons","p2id":"aesiro13","formatid":"gen9nationaldex","rating":0,"private":0,"password":""}