{"id":"gen9nationaldex-1998527610","p1":"imbwc","p2":"The Critical God","format":"[Gen 9] National Dex","log":"|html|<div class=\"broadcast-blue\"><strong>[Gen 9] National Dex is currently suspecting Sneasler! For information on how to participate check out the <a href=\"https:\/\/www.smogon.com\/forums\/threads\/sv-national-dex-suspect-8-just-dance.3731534\/\">suspect thread<\/a>.<\/strong><\/div>\n|j|\u2606imbwc\n|j|\u2606The Critical God\n|t:|1700952513\n|gametype|singles\n|player|p1|imbwc|poppy|1183\n|player|p2|The Critical God|265|1136\n|teamsize|p1|6\n|teamsize|p2|6\n|gen|9\n|tier|[Gen 9] National Dex\n|rated|\n|rule|HP Percentage Mod: HP is shown in percentages\n|rule|Endless Battle Clause: Forcing endless battles is banned\n|rule|OHKO Clause: OHKO moves are banned\n|rule|Evasion Clause: Evasion abilities, items, and moves are banned\n|rule|Evasion Abilities Clause: Evasion abilities are banned\n|rule|Evasion Items Clause: Evasion items are banned\n|rule|Evasion Moves Clause: Evasion moves are banned\n|rule|Species Clause: Limit one of each Pok\u00e9mon\n|rule|Sleep Clause Mod: Limit one foe put to sleep\n|clearpoke\n|poke|p1|Moltres|\n|poke|p1|Necrozma|\n|poke|p1|Zamazenta-*|\n|poke|p1|Zangoose, M|\n|poke|p1|Ribombee, M|\n|poke|p1|Zoroark-Hisui, M|\n|poke|p2|Kommo-o, M|\n|poke|p2|Sneasler, F|\n|poke|p2|Ogerpon-Wellspring, F|\n|poke|p2|Tapu Koko|\n|poke|p2|Landorus-Therian, M|\n|poke|p2|Iron Moth|\n|teampreview\n|j| kung fu pokechu\n|j| TheStroker\n|j| less might be more\n|inactive|Battle timer is ON: inactive players will automatically lose when time's up. (requested by The Critical God)\n|c|\u2606The Critical God|glhf\n|l| TheStroker\n|\n|t:|1700952576\n|start\n|switch|p1a: no bee|Ribombee, M|100\/100\n|switch|p2a: Tapu Koko|Tapu Koko|100\/100\n|-fieldstart|move: Electric Terrain|[from] ability: Electric Surge|[of] p2a: Tapu Koko\n|turn|1\n|\n|t:|1700952584\n|move|p2a: Tapu Koko|Light Screen|p2a: Tapu Koko\n|-sidestart|p2: The Critical God|move: Light Screen\n|move|p1a: no bee|Sticky Web|p2a: Tapu Koko\n|-sidestart|p2: The Critical God|move: Sticky Web\n|\n|upkeep\n|turn|2\n|\n|t:|1700952587\n|move|p2a: Tapu Koko|Reflect|p2a: Tapu Koko\n|-sidestart|p2: The Critical God|Reflect\n|move|p1a: no bee|Moonblast|p2a: Tapu Koko\n|-damage|p2a: Tapu Koko|75\/100\n|\n|upkeep\n|turn|3\n|\n|t:|1700952602\n|move|p2a: Tapu Koko|Volt Switch|p1a: no bee\n|-damage|p1a: no bee|48\/100\n|\n|t:|1700952609\n|switch|p2a: Iron Moth|Iron Moth|100\/100|[from] Volt Switch\n|-activate|p2a: Iron Moth|ability: Quark Drive\n|-start|p2a: Iron Moth|quarkdrivespa\n|-item|p2a: Iron Moth|Air Balloon\n|move|p1a: no bee|Quiver Dance|p1a: no bee\n|-boost|p1a: no bee|spa|1\n|-boost|p1a: no bee|spd|1\n|-boost|p1a: no bee|spe|1\n|\n|upkeep\n|turn|4\n|\n|t:|1700952620\n|move|p1a: no bee|Stun Spore|p2a: Iron Moth\n|-status|p2a: Iron Moth|par\n|move|p2a: Iron Moth|Sludge Wave|p1a: no bee\n|-supereffective|p1a: no bee\n|-crit|p1a: no bee\n|-damage|p1a: no bee|0 fnt\n|faint|p1a: no bee\n|\n|upkeep\n|\n|t:|1700952631\n|switch|p1a: lucker|Moltres|100\/100\n|turn|5\n|\n|t:|1700952635\n|move|p1a: lucker|Nasty Plot|p1a: lucker\n|-boost|p1a: lucker|spa|2\n|cant|p2a: Iron Moth|par\n|\n|-fieldend|move: Electric Terrain\n|-end|p2a: Iron Moth|Quark Drive\n|upkeep\n|turn|6\n|j| mistahmerrikuu\n|\n|t:|1700952644\n|move|p1a: lucker|Shadow Ball|p2a: Iron Moth\n|-damage|p2a: Iron Moth|59\/100 par\n|-enditem|p2a: Iron Moth|Air Balloon\n|cant|p2a: Iron Moth|par\n|\n|upkeep\n|turn|7\n|\n|t:|1700952650\n|move|p1a: lucker|Shadow Ball|p2a: Iron Moth\n|-damage|p2a: Iron Moth|19\/100 par\n|move|p2a: Iron Moth|Fiery Dance|p1a: lucker\n|-damage|p1a: lucker|6\/100\n|-boost|p2a: Iron Moth|spa|1\n|replace|p1a: Mangriff at home|Zoroark-Hisui, M\n|-end|p1a: Mangriff at home|Illusion\n|\n|upkeep\n|turn|8\n|c|\u2606The Critical God|oh my god fuck para\n|\n|t:|1700952663\n|move|p1a: Mangriff at home|Shadow Ball|p2a: Iron Moth\n|-damage|p2a: Iron Moth|0 fnt\n|faint|p2a: Iron Moth\n|-end|p2a: Iron Moth|Quark Drive|[silent]\n|\n|-sideend|p2: The Critical God|move: Light Screen\n|upkeep\n|\n|t:|1700952668\n|switch|p2a: Landorus|Landorus-Therian, M|100\/100\n|-ability|p2a: Landorus|Intimidate|boost\n|-unboost|p1a: Mangriff at home|atk|1\n|turn|9\n|\n|t:|1700952673\n|move|p1a: Mangriff at home|Shadow Ball|p2a: Landorus\n|-damage|p2a: Landorus|0 fnt\n|faint|p2a: Landorus\n|\n|-sideend|p2: The Critical God|Reflect\n|upkeep\n|\n|t:|1700952681\n|switch|p2a: Tapu Koko|Tapu Koko|75\/100\n|-activate|p2a: Tapu Koko|move: Sticky Web\n|-unboost|p2a: Tapu Koko|spe|1\n|-fieldstart|move: Electric Terrain|[from] ability: Electric Surge|[of] p2a: Tapu Koko\n|turn|10\n|\n|t:|1700952686\n|move|p1a: Mangriff at home|Shadow Ball|p2a: Tapu Koko\n|-damage|p2a: Tapu Koko|0 fnt\n|faint|p2a: Tapu Koko\n|\n|upkeep\n|-message|The Critical God forfeited.\n|\n|win|imbwc\n|raw|imbwc's rating: 1183 &rarr; <strong>1205<\/strong><br \/>(+22 for winning)\n|raw|The Critical God's rating: 1136 &rarr; <strong>1114<\/strong><br \/>(-22 for losing)\n|l|\u2606The Critical God\n","uploadtime":1700952710,"views":3,"p1id":"imbwc","p2id":"thecriticalgod","formatid":"gen9nationaldex","rating":1114,"private":0,"password":""}