{"id":"gen9nationaldex-1993499457","p1":"Chyoo","p2":"Kevin513","format":"[Gen 9] National Dex","log":"|j|\u2606Chyoo\n|j|\u2606Kevin513\n|t:|1700325154\n|gametype|singles\n|player|p1|Chyoo|li|\n|player|p2|Kevin513|palmer|\n|teamsize|p1|6\n|teamsize|p2|6\n|gen|9\n|tier|[Gen 9] National Dex\n|rule|HP Percentage Mod: HP is shown in percentages\n|rule|Endless Battle Clause: Forcing endless battles is banned\n|rule|OHKO Clause: OHKO moves are banned\n|rule|Evasion Clause: Evasion abilities, items, and moves are banned\n|rule|Evasion Abilities Clause: Evasion abilities are banned\n|rule|Evasion Items Clause: Evasion items are banned\n|rule|Evasion Moves Clause: Evasion moves are banned\n|rule|Species Clause: Limit one of each Pok\u00e9mon\n|rule|Sleep Clause Mod: Limit one foe put to sleep\n|clearpoke\n|poke|p1|Ribombee, M|\n|poke|p1|Whirlipede, M|\n|poke|p1|Perrserker, F|\n|poke|p1|Delibird, M|\n|poke|p1|Minun, F|\n|poke|p1|Durant, F|\n|poke|p2|Talonflame, F|\n|poke|p2|Lapras, M|\n|poke|p2|Slurpuff, M|\n|poke|p2|Mantine, M|\n|poke|p2|Slowbro-Galar, M|\n|poke|p2|Magmortar, F|\n|teampreview\n|\n|t:|1700325166\n|start\n|switch|p1a: Whirlipede|Whirlipede, M, shiny|100\/100\n|switch|p2a: Magmortar|Magmortar, F|100\/100\n|turn|1\n|\n|t:|1700325179\n|move|p1a: Whirlipede|Protect|p1a: Whirlipede\n|-singleturn|p1a: Whirlipede|Protect\n|move|p2a: Magmortar|Overheat|p1a: Whirlipede\n|-activate|p1a: Whirlipede|move: Protect\n|\n|-ability|p1a: Whirlipede|Speed Boost|boost\n|-boost|p1a: Whirlipede|spe|1\n|upkeep\n|turn|2\n|\n|t:|1700325188\n|move|p1a: Whirlipede|Spikes|p2a: Magmortar\n|-sidestart|p2: Kevin513|Spikes\n|move|p2a: Magmortar|Overheat|p1a: Whirlipede\n|-supereffective|p1a: Whirlipede\n|-enditem|p1a: Whirlipede|Focus Sash\n|-damage|p1a: Whirlipede|1\/100\n|-unboost|p2a: Magmortar|spa|2\n|\n|-ability|p1a: Whirlipede|Speed Boost|boost\n|-boost|p1a: Whirlipede|spe|1\n|upkeep\n|turn|3\n|\n|t:|1700325198\n|move|p1a: Whirlipede|Endeavor|p2a: Magmortar\n|-damage|p2a: Magmortar|1\/100\n|move|p2a: Magmortar|Overheat|p1a: Whirlipede\n|-supereffective|p1a: Whirlipede\n|-damage|p1a: Whirlipede|0 fnt\n|-unboost|p2a: Magmortar|spa|2\n|faint|p1a: Whirlipede\n|\n|upkeep\n|\n|t:|1700325222\n|switch|p1a: Minun|Minun, F|100\/100\n|turn|4\n|\n|t:|1700325234\n|switch|p2a: Slurpuff|Slurpuff, M, shiny|100\/100\n|-damage|p2a: Slurpuff|88\/100|[from] Spikes\n|move|p1a: Minun|Thunderbolt|p2a: Slurpuff\n|-damage|p2a: Slurpuff|57\/100\n|\n|upkeep\n|turn|5\n|\n|t:|1700325248\n|move|p1a: Minun|Thunderbolt|p2a: Slurpuff\n|-damage|p2a: Slurpuff|27\/100\n|-enditem|p2a: Slurpuff|Sitrus Berry|[eat]\n|-heal|p2a: Slurpuff|51\/100|[from] item: Sitrus Berry\n|move|p2a: Slurpuff|Cotton Guard|p2a: Slurpuff\n|-boost|p2a: Slurpuff|def|3\n|\n|upkeep\n|turn|6\n|\n|t:|1700325259\n|move|p2a: Slurpuff|Play Rough|p1a: Minun\n|-damage|p1a: Minun|22\/100\n|-enditem|p1a: Minun|Sitrus Berry|[eat]\n|-heal|p1a: Minun|47\/100|[from] item: Sitrus Berry\n|move|p1a: Minun|Thunderbolt|p2a: Slurpuff\n|-damage|p2a: Slurpuff|21\/100\n|\n|upkeep\n|turn|7\n|\n|t:|1700325267\n|switch|p1a: Perrserker|Perrserker, F|100\/100\n|move|p2a: Slurpuff|Play Rough|p1a: Perrserker\n|-resisted|p1a: Perrserker\n|-damage|p1a: Perrserker|87\/100\n|-damage|p2a: Slurpuff|4\/100|[from] item: Rocky Helmet|[of] p1a: Perrserker\n|\n|upkeep\n|turn|8\n|\n|t:|1700325275\n|move|p2a: Slurpuff|Yawn|p1a: Perrserker\n|-start|p1a: Perrserker|move: Yawn|[of] p2a: Slurpuff\n|move|p1a: Perrserker|Iron Head|p2a: Slurpuff\n|-supereffective|p2a: Slurpuff\n|-damage|p2a: Slurpuff|0 fnt\n|faint|p2a: Slurpuff\n|\n|upkeep\n|\n|t:|1700325284\n|switch|p2a: Mantine|Mantine, M, shiny|100\/100\n|turn|9\n|\n|t:|1700325293\n|move|p2a: Mantine|Defog|p1a: Perrserker\n|-unboost|p1a: Perrserker|evasion|1\n|-sideend|p2: Kevin513|Spikes|[from] move: Defog|[of] p2a: Mantine\n|move|p1a: Perrserker|U-turn|p2a: Mantine\n|-resisted|p2a: Mantine\n|-damage|p2a: Mantine|86\/100\n|\n|t:|1700325303\n|switch|p1a: Minun|Minun, F|47\/100|[from] U-turn\n|\n|-heal|p2a: Mantine|92\/100|[from] item: Leftovers\n|upkeep\n|turn|10\n|\n|t:|1700325334\n|move|p1a: Minun|Thunderbolt|p2a: Mantine\n|-supereffective|p2a: Mantine\n|-crit|p2a: Mantine\n|-damage|p2a: Mantine|0 fnt\n|faint|p2a: Mantine\n|\n|upkeep\n|\n|t:|1700325375\n|switch|p2a: Slowbro|Slowbro-Galar, M|100\/100\n|turn|11\n|\n|t:|1700325382\n|switch|p1a: Perrserker|Perrserker, F|87\/100\n|move|p2a: Slowbro|Shell Side Arm|p1a: Perrserker|[anim] Shell Side Arm Special\n|-immune|p1a: Perrserker\n|\n|upkeep\n|turn|12\n|\n|t:|1700325394\n|move|p1a: Perrserker|Iron Head|p2a: Slowbro\n|-damage|p2a: Slowbro|59\/100\n|cant|p2a: Slowbro|flinch\n|\n|-heal|p2a: Slowbro|65\/100|[from] item: Black Sludge\n|upkeep\n|turn|13\n|l|\u2606Chyoo\n|player|p1|\n|j|\u2606Chyoo\n|player|p1|Chyoo|li\n|l|\u2606Chyoo\n|player|p1|\n|j|\u2606Chyoo\n|player|p1|Chyoo|li\n|\n|t:|1700325453\n|move|p1a: Perrserker|Stealth Rock|p2a: Slowbro\n|-sidestart|p2: Kevin513|move: Stealth Rock\n|move|p2a: Slowbro|Thunder Wave|p1a: Perrserker\n|-status|p1a: Perrserker|par\n|\n|-heal|p2a: Slowbro|72\/100|[from] item: Black Sludge\n|upkeep\n|turn|14\n|\n|t:|1700325522\n|move|p2a: Slowbro|Psychic|p1a: Perrserker\n|-resisted|p1a: Perrserker\n|-damage|p1a: Perrserker|53\/100 par\n|move|p1a: Perrserker|Iron Head|p2a: Slowbro\n|-damage|p2a: Slowbro|32\/100\n|\n|-heal|p2a: Slowbro|38\/100|[from] item: Black Sludge\n|upkeep\n|turn|15\n|\n|t:|1700325532\n|move|p2a: Slowbro|Psychic|p1a: Perrserker\n|-resisted|p1a: Perrserker\n|-damage|p1a: Perrserker|21\/100 par\n|move|p1a: Perrserker|U-turn|p2a: Slowbro\n|-damage|p2a: Slowbro|13\/100\n|\n|t:|1700325542\n|switch|p1a: Durant|Durant, F|100\/100|[from] U-turn\n|\n|-heal|p2a: Slowbro|20\/100|[from] item: Black Sludge\n|upkeep\n|turn|16\n|l|\u2606Kevin513\n|player|p2|\n|j|\u2606Kevin513\n|player|p2|Kevin513|palmer\n|\n|t:|1700325584\n|switch|p2a: Magmortar|Magmortar, F|1\/100\n|-damage|p2a: Magmortar|0 fnt|[from] Stealth Rock\n|faint|p2a: Magmortar\n|move|p1a: Durant|Iron Head|p2: Magmortar|[notarget]\n|-fail|p1a: Durant\n|\n|upkeep\n|\n|t:|1700325590\n|switch|p2a: Talonflame|Talonflame, F|100\/100\n|-damage|p2a: Talonflame|51\/100|[from] Stealth Rock\n|turn|17\n|\n|t:|1700325600\n|switch|p1a: Perrserker|Perrserker, F|21\/100 par\n|move|p2a: Talonflame|Flare Blitz|p1a: Perrserker\n|-supereffective|p1a: Perrserker\n|-damage|p1a: Perrserker|0 fnt\n|-damage|p2a: Talonflame|34\/100|[from] item: Rocky Helmet|[of] p1a: Perrserker\n|faint|p1a: Perrserker\n|-damage|p2a: Talonflame|26\/100|[from] Recoil\n|\n|upkeep\n|\n|t:|1700325624\n|switch|p1a: Delibird|Delibird, M, shiny|100\/100\n|turn|18\n|\n|t:|1700325631\n|move|p2a: Talonflame|Flare Blitz|p1a: Delibird\n|-supereffective|p1a: Delibird\n|-enditem|p1a: Delibird|Focus Sash\n|-damage|p1a: Delibird|1\/100\n|-damage|p2a: Talonflame|1\/100|[from] Recoil\n|move|p1a: Delibird|Rapid Spin|p2a: Talonflame\n|-damage|p2a: Talonflame|0 fnt\n|-boost|p1a: Delibird|spe|1\n|faint|p2a: Talonflame\n|\n|upkeep\n|\n|t:|1700325641\n|switch|p2a: Lapras|Lapras, M, shiny|100\/100\n|-damage|p2a: Lapras|76\/100|[from] Stealth Rock\n|turn|19\n|\n|t:|1700325646\n|move|p1a: Delibird|Destiny Bond|p1a: Delibird\n|-singlemove|p1a: Delibird|Destiny Bond\n|move|p2a: Lapras|Hidden Power|p1a: Delibird\n|-supereffective|p1a: Delibird\n|-damage|p1a: Delibird|0 fnt\n|faint|p1a: Delibird\n|-activate|p1a: Delibird|move: Destiny Bond\n|faint|p2a: Lapras\n|\n|upkeep\n|\n|t:|1700325658\n|switch|p1a: Durant|Durant, F|100\/100\n|switch|p2a: Slowbro|Slowbro-Galar, M|53\/100\n|-damage|p2a: Slowbro|40\/100|[from] Stealth Rock\n|turn|20\n|\n|t:|1700325669\n|-terastallize|p2a: Slowbro|Dark\n|move|p1a: Durant|First Impression|p2a: Slowbro\n|-supereffective|p2a: Slowbro\n|-damage|p2a: Slowbro|0 fnt\n|faint|p2a: Slowbro\n|\n|win|Chyoo\n","uploadtime":1700325678,"views":22,"p1id":"chyoo","p2id":"kevin513","formatid":"gen9nationaldex","rating":0,"private":0,"password":""}