{"id":"gen9nationaldex-1990840315","p1":"1etdsathttfd","p2":"Joaovictor2","format":"[Gen 9] National Dex","log":"|j|\u26061etdsathttfd\n|j|\u2606Joaovictor2\n|t:|1700006332\n|gametype|singles\n|player|p1|1etdsathttfd|1|1000\n|player|p2|Joaovictor2|swimmerf|1040\n|teamsize|p1|6\n|teamsize|p2|6\n|gen|9\n|tier|[Gen 9] National Dex\n|rated|\n|rule|HP Percentage Mod: HP is shown in percentages\n|rule|Endless Battle Clause: Forcing endless battles is banned\n|rule|OHKO Clause: OHKO moves are banned\n|rule|Evasion Clause: Evasion abilities, items, and moves are banned\n|rule|Evasion Abilities Clause: Evasion abilities are banned\n|rule|Evasion Items Clause: Evasion items are banned\n|rule|Evasion Moves Clause: Evasion moves are banned\n|rule|Species Clause: Limit one of each Pok\u00e9mon\n|rule|Sleep Clause Mod: Limit one foe put to sleep\n|clearpoke\n|poke|p1|Garchomp, M|\n|poke|p1|Umbreon, M|\n|poke|p1|Charizard, M|\n|poke|p1|Gengar, F|\n|poke|p1|Sableye, M|\n|poke|p1|Greninja-*, M|\n|poke|p2|Garchomp, M|\n|poke|p2|Cresselia, F|\n|poke|p2|Crawdaunt, M|\n|poke|p2|Amoonguss, F|\n|poke|p2|Blaziken, F|\n|poke|p2|Tyranitar, F|\n|teampreview\n|\n|t:|1700006342\n|start\n|switch|p1a: Umbreon|Umbreon, M|100\/100\n|switch|p2a: Crawdaunt|Crawdaunt, M|100\/100\n|turn|1\n|\n|t:|1700006347\n|move|p1a: Umbreon|Toxic|p2a: Crawdaunt\n|-status|p2a: Crawdaunt|tox\n|move|p2a: Crawdaunt|Swords Dance|p2a: Crawdaunt\n|-boost|p2a: Crawdaunt|atk|2\n|\n|-damage|p2a: Crawdaunt|95\/100 tox|[from] psn\n|upkeep\n|turn|2\n|\n|t:|1700006355\n|move|p1a: Umbreon|Foul Play|p2a: Crawdaunt\n|-resisted|p2a: Crawdaunt\n|-crit|p2a: Crawdaunt\n|-damage|p2a: Crawdaunt|8\/100 tox\n|move|p2a: Crawdaunt|Swords Dance|p2a: Crawdaunt\n|-boost|p2a: Crawdaunt|atk|2\n|\n|-damage|p2a: Crawdaunt|0 fnt|[from] psn\n|faint|p2a: Crawdaunt\n|upkeep\n|\n|t:|1700006376\n|switch|p2a: Cresselia|Cresselia, F|100\/100\n|turn|3\n|\n|t:|1700006384\n|move|p1a: Umbreon|Toxic|p2a: Cresselia\n|-status|p2a: Cresselia|tox\n|move|p2a: Cresselia|Trick Room|p2a: Cresselia\n|-fieldstart|move: Trick Room|[of] p2a: Cresselia\n|\n|-damage|p2a: Cresselia|94\/100 tox|[from] psn\n|upkeep\n|turn|4\n|\n|t:|1700006391\n|move|p2a: Cresselia|Moonblast|p1a: Umbreon\n|-supereffective|p1a: Umbreon\n|-damage|p1a: Umbreon|67\/100\n|-unboost|p1a: Umbreon|spa|1\n|move|p1a: Umbreon|Foul Play|p2a: Cresselia\n|-supereffective|p2a: Cresselia\n|-enditem|p2a: Cresselia|Colbur Berry|[eat]\n|-enditem|p2a: Cresselia|Colbur Berry|[weaken]\n|-damage|p2a: Cresselia|83\/100 tox\n|\n|-heal|p1a: Umbreon|73\/100|[from] item: Leftovers\n|-damage|p2a: Cresselia|71\/100 tox|[from] psn\n|upkeep\n|turn|5\n|\n|t:|1700006400\n|move|p1a: Umbreon|Protect|p1a: Umbreon\n|-singleturn|p1a: Umbreon|Protect\n|move|p2a: Cresselia|Moonblast|p1a: Umbreon\n|-activate|p1a: Umbreon|move: Protect\n|\n|-heal|p1a: Umbreon|79\/100|[from] item: Leftovers\n|-damage|p2a: Cresselia|52\/100 tox|[from] psn\n|upkeep\n|turn|6\n|\n|t:|1700006416\n|move|p2a: Cresselia|Moonblast|p1a: Umbreon\n|-supereffective|p1a: Umbreon\n|-damage|p1a: Umbreon|43\/100\n|move|p1a: Umbreon|Foul Play|p2a: Cresselia\n|-supereffective|p2a: Cresselia\n|-damage|p2a: Cresselia|25\/100 tox\n|\n|-heal|p1a: Umbreon|49\/100|[from] item: Leftovers\n|-damage|p2a: Cresselia|1\/100 tox|[from] psn\n|upkeep\n|turn|7\n|\n|t:|1700006424\n|move|p2a: Cresselia|Moonblast|p1a: Umbreon\n|-supereffective|p1a: Umbreon\n|-damage|p1a: Umbreon|12\/100\n|move|p1a: Umbreon|Moonlight|p1a: Umbreon\n|-heal|p1a: Umbreon|62\/100\n|\n|-heal|p1a: Umbreon|68\/100|[from] item: Leftovers\n|-damage|p2a: Cresselia|0 fnt|[from] psn\n|faint|p2a: Cresselia\n|-fieldend|move: Trick Room\n|upkeep\n|\n|t:|1700006429\n|switch|p2a: Blaziken|Blaziken, F|100\/100\n|turn|8\n|\n|t:|1700006444\n|move|p1a: Umbreon|Protect|p1a: Umbreon\n|-singleturn|p1a: Umbreon|Protect\n|move|p2a: Blaziken|Brick Break|p1a: Umbreon\n|-activate|p1a: Umbreon|move: Protect\n|\n|-heal|p1a: Umbreon|74\/100|[from] item: Leftovers\n|-ability|p2a: Blaziken|Speed Boost|boost\n|-boost|p2a: Blaziken|spe|1\n|upkeep\n|turn|9\n|\n|t:|1700006450\n|move|p2a: Blaziken|Brick Break|p1a: Umbreon\n|-supereffective|p1a: Umbreon\n|-damage|p1a: Umbreon|24\/100\n|move|p1a: Umbreon|Toxic|p2a: Blaziken|[miss]\n|-miss|p1a: Umbreon|p2a: Blaziken\n|\n|-heal|p1a: Umbreon|30\/100|[from] item: Leftovers\n|-ability|p2a: Blaziken|Speed Boost|boost\n|-boost|p2a: Blaziken|spe|1\n|upkeep\n|turn|10\n|\n|t:|1700006457\n|move|p2a: Blaziken|Brick Break|p1a: Umbreon\n|-supereffective|p1a: Umbreon\n|-damage|p1a: Umbreon|0 fnt\n|faint|p1a: Umbreon\n|\n|-ability|p2a: Blaziken|Speed Boost|boost\n|-boost|p2a: Blaziken|spe|1\n|upkeep\n|\n|t:|1700006465\n|switch|p1a: Charizard|Charizard, M|100\/100\n|turn|11\n|\n|t:|1700006473\n|-terastallize|p2a: Blaziken|Fire\n|move|p2a: Blaziken|Blaze Kick|p1a: Charizard\n|-resisted|p1a: Charizard\n|-damage|p1a: Charizard|55\/100\n|move|p1a: Charizard|Fire Fang|p2a: Blaziken\n|-resisted|p2a: Blaziken\n|-damage|p2a: Blaziken|84\/100\n|\n|-ability|p2a: Blaziken|Speed Boost|boost\n|-boost|p2a: Blaziken|spe|1\n|upkeep\n|turn|12\n|\n|t:|1700006485\n|move|p2a: Blaziken|Blaze Kick|p1a: Charizard\n|-resisted|p1a: Charizard\n|-damage|p1a: Charizard|13\/100\n|move|p1a: Charizard|Air Slash|p2a: Blaziken|[miss]\n|-miss|p1a: Charizard|p2a: Blaziken\n|\n|-ability|p2a: Blaziken|Speed Boost|boost\n|-boost|p2a: Blaziken|spe|1\n|upkeep\n|turn|13\n|\n|t:|1700006496\n|move|p2a: Blaziken|Blaze Kick|p1a: Charizard\n|-resisted|p1a: Charizard\n|-damage|p1a: Charizard|0 fnt\n|faint|p1a: Charizard\n|\n|-ability|p2a: Blaziken|Speed Boost|boost\n|-boost|p2a: Blaziken|spe|1\n|upkeep\n|\n|t:|1700006513\n|switch|p1a: Gengar|Gengar, F|100\/100\n|turn|14\n|\n|t:|1700006523\n|move|p2a: Blaziken|Blaze Kick|p1a: Gengar|[miss]\n|-miss|p2a: Blaziken|p1a: Gengar\n|move|p1a: Gengar|Thunderbolt|p2a: Blaziken\n|-damage|p2a: Blaziken|37\/100\n|-damage|p1a: Gengar|91\/100|[from] item: Life Orb\n|\n|upkeep\n|turn|15\n|\n|t:|1700006530\n|move|p2a: Blaziken|Blaze Kick|p1a: Gengar\n|-damage|p1a: Gengar|0 fnt\n|faint|p1a: Gengar\n|\n|upkeep\n|\n|t:|1700006538\n|switch|p1a: Greninja|Greninja, M|100\/100\n|turn|16\n|\n|t:|1700006543\n|move|p2a: Blaziken|Close Combat|p1a: Greninja\n|-supereffective|p1a: Greninja\n|-damage|p1a: Greninja|0 fnt\n|-unboost|p2a: Blaziken|def|1\n|-unboost|p2a: Blaziken|spd|1\n|faint|p1a: Greninja\n|\n|upkeep\n|\n|t:|1700006551\n|switch|p1a: Sableye|Sableye, M|100\/100\n|turn|17\n|\n|t:|1700006558\n|move|p2a: Blaziken|Blaze Kick|p1a: Sableye\n|-damage|p1a: Sableye|12\/100\n|-enditem|p1a: Sableye|Aguav Berry|[eat]\n|-heal|p1a: Sableye|46\/100|[from] item: Aguav Berry\n|move|p1a: Sableye|Foul Play|p2a: Blaziken\n|-damage|p2a: Blaziken|0 fnt\n|faint|p2a: Blaziken\n|\n|upkeep\n|\n|t:|1700006578\n|switch|p2a: Tyranitar|Tyranitar, F|100\/100\n|-weather|Sandstorm|[from] ability: Sand Stream|[of] p2a: Tyranitar\n|turn|18\n|\n|t:|1700006582\n|move|p1a: Sableye|Recover|p1a: Sableye\n|-heal|p1a: Sableye|96\/100\n|move|p2a: Tyranitar|Earthquake|p1a: Sableye\n|-damage|p1a: Sableye|29\/100\n|\n|-weather|Sandstorm|[upkeep]\n|-damage|p1a: Sableye|23\/100|[from] Sandstorm\n|upkeep\n|turn|19\n|\n|t:|1700006596\n|move|p1a: Sableye|Will-O-Wisp|p2a: Tyranitar\n|-hint|Since gen 7, Dark is immune to Prankster moves.\n|-immune|p2a: Tyranitar\n|move|p2a: Tyranitar|Earthquake|p1a: Sableye\n|-damage|p1a: Sableye|0 fnt\n|faint|p1a: Sableye\n|\n|-weather|Sandstorm|[upkeep]\n|upkeep\n|\n|t:|1700006601\n|switch|p1a: Garchomp|Garchomp, M|100\/100\n|turn|20\n|\n|t:|1700006608\n|move|p1a: Garchomp|Swords Dance|p1a: Garchomp\n|-boost|p1a: Garchomp|atk|2\n|move|p2a: Tyranitar|Earthquake|p1a: Garchomp\n|-damage|p1a: Garchomp|52\/100\n|\n|-weather|Sandstorm|[upkeep]\n|upkeep\n|turn|21\n|\n|t:|1700006615\n|move|p1a: Garchomp|Dragon Claw|p2a: Tyranitar\n|-damage|p2a: Tyranitar|36\/100\n|move|p2a: Tyranitar|Earthquake|p1a: Garchomp\n|-damage|p1a: Garchomp|0 fnt\n|faint|p1a: Garchomp\n|\n|win|Joaovictor2\n|raw|1etdsathttfd's rating: 1000 &rarr; <strong>1000<\/strong><br \/>(+0 for losing)\n|raw|Joaovictor2's rating: 1040 &rarr; <strong>1070<\/strong><br \/>(+30 for winning)\n|l|\u26061etdsathttfd\n","uploadtime":1700006629,"views":16,"p1id":"1etdsathttfd","p2id":"joaovictor2","formatid":"gen9nationaldex","rating":1000,"private":0,"password":""}