{"id":"gen9nationaldex-1991976951","p1":"plasma_fistem","p2":"DeathRayKPK","format":"[Gen 9] National Dex","log":"|j|\u2606plasma_fistem\n|j|\u2606DeathRayKPK\n|t:|1700144396\n|gametype|singles\n|player|p1|plasma_fistem|1|\n|player|p2|DeathRayKPK|2|\n|teamsize|p1|6\n|teamsize|p2|6\n|gen|9\n|tier|[Gen 9] National Dex\n|rule|HP Percentage Mod: HP is shown in percentages\n|rule|Endless Battle Clause: Forcing endless battles is banned\n|rule|OHKO Clause: OHKO moves are banned\n|rule|Evasion Clause: Evasion abilities, items, and moves are banned\n|rule|Evasion Abilities Clause: Evasion abilities are banned\n|rule|Evasion Items Clause: Evasion items are banned\n|rule|Evasion Moves Clause: Evasion moves are banned\n|rule|Species Clause: Limit one of each Pok\u00e9mon\n|rule|Sleep Clause Mod: Limit one foe put to sleep\n|clearpoke\n|poke|p1|Dragalge, M|\n|poke|p1|Okidogi, M|\n|poke|p1|Glimmora, F|\n|poke|p1|Iron Moth|\n|poke|p1|Overqwil, M|\n|poke|p1|Amoonguss, F|\n|poke|p2|Scizor, M|\n|poke|p2|Heatran, M|\n|poke|p2|Ferrothorn, M|\n|poke|p2|Goodra-Hisui, F|\n|poke|p2|Skarmory, M|\n|poke|p2|Kartana|\n|teampreview\n|inactive|Battle timer is ON: inactive players will automatically lose when time's up. (requested by plasma_fistem)\n|c|\u2606DeathRayKPK|poison team noice\n|c|\u2606DeathRayKPK|glhf\n|c|\u2606plasma_fistem|Gl\n|\n|t:|1700144419\n|start\n|switch|p1a: Glimmora|Glimmora, F|100\/100\n|switch|p2a: Kartana|Kartana|100\/100\n|turn|1\n|\n|t:|1700144434\n|move|p2a: Kartana|Smart Strike|p1a: Glimmora\n|-supereffective|p1a: Glimmora\n|-damage|p1a: Glimmora|0 fnt\n|-activate|p1a: Glimmora|ability: Toxic Debris\n|-sidestart|p2: DeathRayKPK|move: Toxic Spikes\n|faint|p1a: Glimmora\n|-ability|p2a: Kartana|Beast Boost|boost\n|-boost|p2a: Kartana|atk|1\n|\n|upkeep\n|inactive|plasma_fistem has 270 seconds left.\n|\n|t:|1700144467\n|switch|p1a: Overqwil|Overqwil, M|100\/100\n|-ability|p1a: Overqwil|Intimidate|boost\n|-unboost|p2a: Kartana|atk|1\n|turn|2\n|inactive|DeathRayKPK has 270 seconds left.\n|inactive|DeathRayKPK has 240 seconds left.\n|\n|t:|1700144532\n|switch|p1a: Okidogi|Okidogi, M|100\/100\n|move|p2a: Kartana|Smart Strike|p1a: Okidogi\n|-damage|p1a: Okidogi|67\/100\n|-damage|p2a: Kartana|84\/100|[from] item: Rocky Helmet|[of] p1a: Okidogi\n|\n|upkeep\n|turn|3\n|inactive|DeathRayKPK has 240 seconds left.\n|inactive|DeathRayKPK has 210 seconds left.\n|\n|t:|1700144589\n|switch|p2a: Scizor|Scizor, M|100\/100\n|move|p1a: Okidogi|Knock Off|p2a: Scizor\n|-damage|p2a: Scizor|85\/100\n|\n|upkeep\n|turn|4\n|\n|t:|1700144603\n|detailschange|p2a: Scizor|Scizor-Mega, M\n|-mega|p2a: Scizor|Scizor|Scizorite\n|move|p2a: Scizor|Bullet Punch|p1a: Okidogi\n|-damage|p1a: Okidogi|43\/100\n|-damage|p2a: Scizor|68\/100|[from] item: Rocky Helmet|[of] p1a: Okidogi\n|move|p1a: Okidogi|Bulk Up|p1a: Okidogi\n|-boost|p1a: Okidogi|atk|1\n|-boost|p1a: Okidogi|def|1\n|\n|upkeep\n|turn|5\n|inactive|plasma_fistem has 270 seconds left.\n|\n|t:|1700144628\n|move|p1a: Okidogi|Drain Punch|p2a: Scizor\n|-damage|p2a: Scizor|36\/100\n|-heal|p1a: Okidogi|57\/100|[from] drain|[of] p2a: Scizor\n|move|p2a: Scizor|Swords Dance|p2a: Scizor\n|-boost|p2a: Scizor|atk|2\n|\n|upkeep\n|turn|6\n|inactive|DeathRayKPK has 180 seconds left.\n|c|\u2606DeathRayKPK|yeah some part of me tells me this team would benefit aegislash\n|c|\u2606DeathRayKPK|against fighting\n|\n|t:|1700144669\n|move|p1a: Okidogi|Drain Punch|p2a: Scizor\n|-damage|p2a: Scizor|6\/100\n|-heal|p1a: Okidogi|71\/100|[from] drain|[of] p2a: Scizor\n|move|p2a: Scizor|Roost|p2a: Scizor\n|-heal|p2a: Scizor|56\/100\n|-singleturn|p2a: Scizor|move: Roost\n|\n|upkeep\n|turn|7\n|\n|t:|1700144678\n|move|p1a: Okidogi|Bulk Up|p1a: Okidogi\n|-boost|p1a: Okidogi|atk|1\n|-boost|p1a: Okidogi|def|1\n|move|p2a: Scizor|Roost|p2a: Scizor\n|-heal|p2a: Scizor|100\/100\n|-singleturn|p2a: Scizor|move: Roost\n|\n|upkeep\n|turn|8\n|inactive|DeathRayKPK has 180 seconds left.\n|\n|t:|1700144685\n|move|p1a: Okidogi|Drain Punch|p2a: Scizor\n|-damage|p2a: Scizor|61\/100\n|-heal|p1a: Okidogi|89\/100|[from] drain|[of] p2a: Scizor\n|move|p2a: Scizor|Swords Dance|p2a: Scizor\n|-boost|p2a: Scizor|atk|2\n|\n|upkeep\n|turn|9\n|inactive|plasma_fistem has 270 seconds left.\n|inactive|DeathRayKPK has 180 seconds left.\n|\n|t:|1700144701\n|move|p1a: Okidogi|Bulk Up|p1a: Okidogi\n|-boost|p1a: Okidogi|atk|1\n|-boost|p1a: Okidogi|def|1\n|move|p2a: Scizor|Swords Dance|p2a: Scizor\n|-boost|p2a: Scizor|atk|2\n|\n|upkeep\n|turn|10\n|inactive|DeathRayKPK has 180 seconds left.\n|\n|t:|1700144708\n|move|p2a: Scizor|Bullet Punch|p1a: Okidogi\n|-damage|p1a: Okidogi|53\/100\n|-damage|p2a: Scizor|45\/100|[from] item: Rocky Helmet|[of] p1a: Okidogi\n|move|p1a: Okidogi|Drain Punch|p2a: Scizor\n|-damage|p2a: Scizor|0 fnt\n|-heal|p1a: Okidogi|73\/100|[from] drain|[of] p2a: Scizor\n|faint|p2a: Scizor\n|\n|upkeep\n|j| Najirs\n|inactive|DeathRayKPK has 180 seconds left.\n|c| Najirs|Why is mono poison fighting mono steel\n|c| Najirs|Lmfao\n|c|\u2606plasma_fistem|Testing\n|c|\u2606DeathRayKPK|yeah\n|c| Najirs|Not an accurate test\n|inactive|DeathRayKPK has 150 seconds left.\n|\n|t:|1700144744\n|switch|p2a: Heatran|Heatran, M|100\/100\n|turn|11\n|c| Najirs|Tests should be against average natdex teams\n|inactive|DeathRayKPK has 150 seconds left.\n|\n|t:|1700144762\n|-terastallize|p2a: Heatran|Bug\n|move|p1a: Okidogi|Drain Punch|p2a: Heatran\n|-resisted|p2a: Heatran\n|-damage|p2a: Heatran|66\/100\n|-heal|p1a: Okidogi|91\/100|[from] drain|[of] p2a: Heatran\n|move|p2a: Heatran|Earth Power|p1a: Okidogi\n|-supereffective|p1a: Okidogi\n|-damage|p1a: Okidogi|43\/100\n|\n|-heal|p2a: Heatran|72\/100|[from] item: Leftovers\n|upkeep\n|turn|12\n|inactive|DeathRayKPK has 150 seconds left.\n|c| Najirs|My brother in Christ\n|\n|t:|1700144778\n|move|p1a: Okidogi|Poison Jab|p2a: Heatran\n|-damage|p2a: Heatran|0 fnt\n|faint|p2a: Heatran\n|\n|upkeep\n|c|\u2606DeathRayKPK|woah\n|c|\u2606DeathRayKPK|damn\n|c|\u2606DeathRayKPK|what is that thing\n|c| Najirs|Terastilization makes you vulnerable\n|c|\u2606DeathRayKPK|ik\n|c| Najirs|Don't tera\n|c|\u2606DeathRayKPK|but still\n|c|\u2606DeathRayKPK|what is that thing\n|inactive|DeathRayKPK has 120 seconds left.\n|c|\u2606plasma_fistem|You let it set up 3 bulk ups\n|c|\u2606DeathRayKPK|still bro\n|c|\u2606DeathRayKPK|I get beaten by mons I never see\n|inactive|DeathRayKPK has 90 seconds left.\n|c|\u2606DeathRayKPK|quite often\n|c|\u2606DeathRayKPK|i'm anyways testing\n|c|\u2606DeathRayKPK|also\n|c|\u2606DeathRayKPK|I was thinking\n|c|\u2606DeathRayKPK|that aegislash does well\n|c|\u2606DeathRayKPK|whatchu think Srijan\n|\n|t:|1700144859\n|switch|p2a: Skarmory|Skarmory, M|100\/100\n|turn|13\n|\n|t:|1700144877\n|move|p1a: Okidogi|Drain Punch|p2a: Skarmory\n|-damage|p2a: Skarmory|50\/100\n|-heal|p1a: Okidogi|65\/100|[from] drain|[of] p2a: Skarmory\n|-damage|p1a: Okidogi|49\/100|[from] item: Rocky Helmet|[of] p2a: Skarmory\n|move|p2a: Skarmory|Counter|p1a: Okidogi\n|-damage|p1a: Okidogi|0 fnt\n|-damage|p2a: Skarmory|34\/100|[from] item: Rocky Helmet|[of] p1a: Okidogi\n|faint|p1a: Okidogi\n|\n|upkeep\n|\n|t:|1700144889\n|switch|p1a: Iron Moth|Iron Moth|100\/100\n|-enditem|p1a: Iron Moth|Booster Energy\n|-activate|p1a: Iron Moth|ability: Quark Drive|[fromitem]\n|-start|p1a: Iron Moth|quarkdrivespe\n|turn|14\n|c|\u2606DeathRayKPK|goodbye\n|\n|t:|1700144897\n|switch|p2a: Goodra|Goodra-Hisui, F|100\/100\n|move|p1a: Iron Moth|Fiery Dance|p2a: Goodra\n|-damage|p2a: Goodra|73\/100\n|\n|-heal|p2a: Goodra|79\/100|[from] item: Leftovers\n|upkeep\n|turn|15\n|c| Najirs|Lolll nice counter\n|\n|t:|1700144917\n|move|p1a: Iron Moth|Fiery Dance|p2a: Goodra\n|-damage|p2a: Goodra|51\/100\n|move|p2a: Goodra|Dragon Tail|p1a: Iron Moth\n|-damage|p1a: Iron Moth|67\/100\n|-end|p1a: Iron Moth|Quark Drive|[silent]\n|drag|p1a: Dragalge|Dragalge, M|100\/100\n|\n|-heal|p2a: Goodra|57\/100|[from] item: Leftovers\n|upkeep\n|turn|16\n|c| Najirs|@trashman\n|inactive|plasma_fistem has 270 seconds left.\n|inactive|DeathRayKPK has 60 seconds left.\n|c| Najirs|I think you should have brought weezing levitate\n|inactive|DeathRayKPK has 30 seconds left.\n|c|\u2606plasma_fistem|Yeah but then im pretty sure he will think id bring one too\n|inactive|DeathRayKPK has 20 seconds left.\n|inactive|DeathRayKPK has 15 seconds left.\n|\n|t:|1700144989\n|move|p2a: Goodra|Acid Spray|p1a: Dragalge\n|-resisted|p1a: Dragalge\n|-damage|p1a: Dragalge|97\/100\n|-unboost|p1a: Dragalge|spd|2\n|move|p1a: Dragalge|Flip Turn|p2a: Goodra\n|-resisted|p2a: Goodra\n|-damage|p2a: Goodra|53\/100\n|-ability|p2a: Goodra|Gooey\n|-unboost|p1a: Dragalge|spe|1\n|inactive|DeathRayKPK has 20 seconds left this turn.\n|c| Najirs|What can he do though\n|inactive|plasma_fistem has 270 seconds left.\n|\n|t:|1700144999\n|switch|p1a: Overqwil|Overqwil, M|100\/100|[from] Flip Turn\n|-ability|p1a: Overqwil|Intimidate|boost\n|-unboost|p2a: Goodra|atk|1\n|\n|-heal|p2a: Goodra|59\/100|[from] item: Leftovers\n|upkeep\n|turn|17\n|inactive|DeathRayKPK has 30 seconds left this turn.\n|inactive|plasma_fistem has 270 seconds left.\n|inactive|DeathRayKPK has 20 seconds left.\n|inactive|DeathRayKPK has 15 seconds left.\n|\n|t:|1700145016\n|switch|p2a: Skarmory|Skarmory, M|34\/100\n|move|p1a: Overqwil|Crunch|p2a: Skarmory\n|-damage|p2a: Skarmory|0 fnt\n|-damage|p1a: Overqwil|84\/100|[from] item: Rocky Helmet|[of] p2a: Skarmory\n|faint|p2a: Skarmory\n|-damage|p1a: Overqwil|74\/100|[from] item: Life Orb\n|\n|upkeep\n|inactive|DeathRayKPK has 20 seconds left this turn.\n|inactive|DeathRayKPK has 15 seconds left.\n|c|\u2606DeathRayKPK|woah\n|inactive|DeathRayKPK has 10 seconds left.\n|c|\u2606DeathRayKPK|he killed SKARMORY\n|c|\u2606DeathRayKPK|HOW DARE you\n|\n|t:|1700145030\n|switch|p2a: Ferrothorn|Ferrothorn, M|100\/100\n|turn|18\n|inactive|DeathRayKPK has 20 seconds left this turn.\n|inactive|DeathRayKPK has 15 seconds left.\n|inactive|plasma_fistem has 270 seconds left.\n|l| Najirs\n|c|\u2606DeathRayKPK|k jk\n|c|\u2606DeathRayKPK|I'm not pissed and all\n|\n|t:|1700145053\n|switch|p1a: Amoonguss|Amoonguss, F|100\/100\n|move|p2a: Ferrothorn|Leech Seed|p1a: Amoonguss\n|-immune|p1a: Amoonguss\n|\n|upkeep\n|turn|19\n|inactive|DeathRayKPK has 25 seconds left this turn.\n|inactive|plasma_fistem has 270 seconds left.\n|inactive|DeathRayKPK has 20 seconds left.\n|c|\u2606DeathRayKPK|it's just that I usually expect skarmory to live certain things\n|inactive|DeathRayKPK has 15 seconds left.\n|\n|t:|1700145065\n|switch|p2a: Goodra|Goodra-Hisui, F|59\/100\n|move|p1a: Amoonguss|Foul Play|p2a: Goodra\n|-damage|p2a: Goodra|39\/100\n|-ability|p2a: Goodra|Gooey\n|-unboost|p1a: Amoonguss|spe|1\n|\n|-heal|p2a: Goodra|45\/100|[from] item: Leftovers\n|upkeep\n|turn|20\n|inactive|DeathRayKPK has 25 seconds left this turn.\n|inactive|plasma_fistem has 270 seconds left.\n|inactive|DeathRayKPK has 20 seconds left.\n|inactive|DeathRayKPK has 15 seconds left.\n|\n|t:|1700145076\n|move|p2a: Goodra|Fire Blast|p1a: Amoonguss\n|-supereffective|p1a: Amoonguss\n|-damage|p1a: Amoonguss|32\/100\n|move|p1a: Amoonguss|Stun Spore|p2a: Goodra\n|-status|p2a: Goodra|par\n|\n|-heal|p2a: Goodra|51\/100 par|[from] item: Leftovers\n|-heal|p1a: Amoonguss|38\/100|[from] item: Leftovers\n|upkeep\n|turn|21\n|inactive|DeathRayKPK has 25 seconds left this turn.\n|inactive|DeathRayKPK has 20 seconds left.\n|\n|t:|1700145086\n|switch|p1a: Dragalge|Dragalge, M|97\/100\n|cant|p2a: Goodra|par\n|\n|-heal|p2a: Goodra|57\/100 par|[from] item: Leftovers\n|upkeep\n|turn|22\n|inactive|DeathRayKPK has 30 seconds left this turn.\n|inactive|DeathRayKPK has 20 seconds left.\n|\n|t:|1700145097\n|move|p1a: Dragalge|Dragon Pulse|p2a: Goodra\n|-damage|p2a: Goodra|22\/100 par\n|move|p2a: Goodra|Dragon Tail|p1a: Dragalge\n|-supereffective|p1a: Dragalge\n|-damage|p1a: Dragalge|50\/100\n|drag|p1a: Iron Moth|Iron Moth|67\/100\n|\n|-heal|p2a: Goodra|29\/100 par|[from] item: Leftovers\n|upkeep\n|turn|23\n|inactive|DeathRayKPK has 30 seconds left this turn.\n|inactive|DeathRayKPK has 20 seconds left.\n|inactive|DeathRayKPK has 15 seconds left.\n|\n|t:|1700145113\n|move|p1a: Iron Moth|Fiery Dance|p2a: Goodra\n|-damage|p2a: Goodra|3\/100 par\n|move|p2a: Goodra|Dragon Tail|p1a: Iron Moth\n|-damage|p1a: Iron Moth|35\/100\n|-end|p1a: Iron Moth|Quark Drive|[silent]\n|drag|p1a: Overqwil|Overqwil, M|74\/100\n|-ability|p1a: Overqwil|Intimidate|boost\n|-unboost|p2a: Goodra|atk|1\n|\n|-heal|p2a: Goodra|9\/100 par|[from] item: Leftovers\n|upkeep\n|turn|24\n|inactive|DeathRayKPK has 25 seconds left this turn.\n|j| Najirs\n|inactive|DeathRayKPK has 20 seconds left.\n|inactive|DeathRayKPK has 15 seconds left.\n|inactive|DeathRayKPK has 10 seconds left.\n|\n|t:|1700145129\n|move|p1a: Overqwil|Agility|p1a: Overqwil\n|-boost|p1a: Overqwil|spe|2\n|move|p2a: Goodra|Dragon Tail|p1a: Overqwil\n|-damage|p1a: Overqwil|58\/100\n|drag|p1a: Dragalge|Dragalge, M|50\/100\n|\n|-heal|p2a: Goodra|15\/100 par|[from] item: Leftovers\n|upkeep\n|turn|25\n|inactive|DeathRayKPK has 20 seconds left this turn.\n|inactive|DeathRayKPK has 15 seconds left.\n|inactive|DeathRayKPK has 10 seconds left.\n|\n|t:|1700145140\n|switch|p2a: Ferrothorn|Ferrothorn, M|100\/100\n|move|p1a: Dragalge|Dragon Pulse|p2a: Ferrothorn\n|-resisted|p2a: Ferrothorn\n|-damage|p2a: Ferrothorn|79\/100\n|\n|-heal|p2a: Ferrothorn|86\/100|[from] item: Leftovers\n|upkeep\n|turn|26\n|inactive|DeathRayKPK has 20 seconds left this turn.\n|inactive|DeathRayKPK has 15 seconds left.\n|\n|t:|1700145148\n|switch|p1a: Amoonguss|Amoonguss, F|72\/100\n|move|p2a: Ferrothorn|Stealth Rock|p1a: Amoonguss\n|-sidestart|p1: plasma_fistem|move: Stealth Rock\n|\n|-heal|p1a: Amoonguss|78\/100|[from] item: Leftovers\n|-heal|p2a: Ferrothorn|92\/100|[from] item: Leftovers\n|upkeep\n|turn|27\n|inactive|DeathRayKPK has 25 seconds left this turn.\n|inactive|DeathRayKPK has 20 seconds left.\n|inactive|DeathRayKPK has 15 seconds left.\n|\n|t:|1700145162\n|move|p2a: Ferrothorn|Protect|p2a: Ferrothorn\n|-singleturn|p2a: Ferrothorn|Protect\n|move|p1a: Amoonguss|Foul Play|p2a: Ferrothorn\n|-activate|p2a: Ferrothorn|move: Protect\n|\n|-heal|p1a: Amoonguss|84\/100|[from] item: Leftovers\n|-heal|p2a: Ferrothorn|98\/100|[from] item: Leftovers\n|upkeep\n|turn|28\n|inactive|DeathRayKPK has 25 seconds left this turn.\n|inactive|DeathRayKPK has 20 seconds left.\n|c| Najirs|Lmao\n|inactive|DeathRayKPK has 15 seconds left.\n|\n|t:|1700145178\n|switch|p1a: Overqwil|Overqwil, M|58\/100\n|-damage|p1a: Overqwil|46\/100|[from] Stealth Rock\n|-ability|p1a: Overqwil|Intimidate|boost\n|-unboost|p2a: Ferrothorn|atk|1\n|move|p2a: Ferrothorn|Power Whip|p1a: Overqwil\n|-resisted|p1a: Overqwil\n|-crit|p1a: Overqwil\n|-damage|p1a: Overqwil|12\/100\n|\n|-heal|p2a: Ferrothorn|100\/100|[from] item: Leftovers\n|upkeep\n|turn|29\n|inactive|DeathRayKPK has 25 seconds left this turn.\n|inactive|DeathRayKPK has 20 seconds left.\n|inactive|DeathRayKPK has 15 seconds left.\n|\n|t:|1700145190\n|move|p1a: Overqwil|Crunch|p2a: Ferrothorn\n|-damage|p2a: Ferrothorn|66\/100\n|-damage|p1a: Overqwil|0 fnt|[from] ability: Iron Barbs|[of] p2a: Ferrothorn\n|faint|p1a: Overqwil\n|move|p2a: Ferrothorn|Leech Seed|p1: Overqwil|[notarget]\n|-fail|p2a: Ferrothorn\n|\n|-heal|p2a: Ferrothorn|72\/100|[from] item: Leftovers\n|upkeep\n|inactive|DeathRayKPK has 20 seconds left this turn.\n|\n|t:|1700145197\n|switch|p1a: Iron Moth|Iron Moth|35\/100\n|-damage|p1a: Iron Moth|10\/100|[from] Stealth Rock\n|turn|30\n|inactive|DeathRayKPK has 30 seconds left this turn.\n|inactive|DeathRayKPK has 20 seconds left.\n|inactive|DeathRayKPK has 15 seconds left.\n|\n|t:|1700145214\n|move|p2a: Ferrothorn|Protect|p2a: Ferrothorn\n|-singleturn|p2a: Ferrothorn|Protect\n|move|p1a: Iron Moth|Fiery Dance|p2a: Ferrothorn\n|-activate|p2a: Ferrothorn|move: Protect\n|\n|-heal|p2a: Ferrothorn|78\/100|[from] item: Leftovers\n|upkeep\n|turn|31\n|inactive|DeathRayKPK has 25 seconds left this turn.\n|inactive|DeathRayKPK has 20 seconds left.\n|\n|t:|1700145221\n|switch|p2a: Goodra|Goodra-Hisui, F|15\/100 par\n|move|p1a: Iron Moth|Fiery Dance|p2a: Goodra\n|-crit|p2a: Goodra\n|-damage|p2a: Goodra|0 fnt\n|faint|p2a: Goodra\n|\n|upkeep\n|inactive|DeathRayKPK has 25 seconds left this turn.\n|inactive|DeathRayKPK has 20 seconds left.\n|\n|t:|1700145228\n|switch|p2a: Kartana|Kartana|84\/100\n|turn|32\n|inactive|DeathRayKPK has 30 seconds left this turn.\n|inactive|DeathRayKPK has 20 seconds left.\n|\n|t:|1700145242\n|-end|p1a: Iron Moth|Quark Drive|[silent]\n|switch|p1a: Amoonguss|Amoonguss, F|100\/100\n|-damage|p1a: Amoonguss|88\/100|[from] Stealth Rock\n|move|p2a: Kartana|Knock Off|p1a: Amoonguss\n|-damage|p1a: Amoonguss|60\/100\n|-enditem|p1a: Amoonguss|Leftovers|[from] move: Knock Off|[of] p2a: Kartana\n|\n|upkeep\n|turn|33\n|inactive|DeathRayKPK has 30 seconds left this turn.\n|inactive|DeathRayKPK has 20 seconds left.\n|\n|t:|1700145252\n|switch|p2a: Ferrothorn|Ferrothorn, M|78\/100\n|move|p1a: Amoonguss|Stun Spore|p2a: Ferrothorn\n|-immune|p2a: Ferrothorn\n|\n|-heal|p2a: Ferrothorn|85\/100|[from] item: Leftovers\n|upkeep\n|turn|34\n|inactive|DeathRayKPK has 30 seconds left this turn.\n|c|\u2606plasma_fistem|Fucking hell gg\n|inactive|DeathRayKPK has 20 seconds left.\n|c|\u2606plasma_fistem|I quit\n|-message|plasma_fistem forfeited.\n|\n|win|DeathRayKPK\n|inactive|DeathRayKPK has 25 seconds left this turn.\n|l|\u2606plasma_fistem\n|c| Najirs|Wtf dude\n|c|\u2606DeathRayKPK|gg\n|c| Najirs|Why switch\n|c|\u2606DeathRayKPK|what happened bro\n|c|\u2606DeathRayKPK|xD\n|c|\u2606DeathRayKPK|why did he get so pissed lol\n|c| Najirs|Scartana?\n|c|\u2606DeathRayKPK|yeah\n|c|\u2606DeathRayKPK|and I had the rocks on\n|c| Najirs|Oh\n|c| Najirs|You would win then\n|c|\u2606DeathRayKPK|but man got triggered lol\n|c|\u2606DeathRayKPK|jeez\n|c| Najirs|Lol\n|c|\u2606DeathRayKPK|Now he knows how it feels like huh\n|c|\u2606DeathRayKPK|he thinks he always dominates these tiny little bulk games huh\n|c| Najirs|Lollll\n|c|\u2606DeathRayKPK|K jk\n|c| Najirs|Lmaooo\n|c|\u2606DeathRayKPK|Srijan\n|c|\u2606DeathRayKPK|I have taken out the trash\n","uploadtime":1700145359,"views":9,"p1id":"plasmafistem","p2id":"deathraykpk","formatid":"gen9nationaldex","rating":0,"private":0,"password":""}