{"id":"gen9nationaldex-1999499149","p1":"SmallerNoys","p2":"wohaokewuna","format":"[Gen 9] National Dex","log":"|html|<div class=\"broadcast-blue\"><strong>[Gen 9] National Dex is currently suspecting Sneasler! For information on how to participate check out the <a href=\"https:\/\/www.smogon.com\/forums\/threads\/sv-national-dex-suspect-8-just-dance.3731534\/\">suspect thread<\/a>.<\/strong><\/div>\n|j|\u2606SmallerNoys\n|j|\u2606wohaokewuna\n|t:|1701089395\n|gametype|singles\n|player|p1|SmallerNoys|dancer|1230\n|player|p2|wohaokewuna|169|1266\n|teamsize|p1|6\n|teamsize|p2|6\n|gen|9\n|tier|[Gen 9] National Dex\n|rated|\n|rule|HP Percentage Mod: HP is shown in percentages\n|rule|Endless Battle Clause: Forcing endless battles is banned\n|rule|OHKO Clause: OHKO moves are banned\n|rule|Evasion Clause: Evasion abilities, items, and moves are banned\n|rule|Evasion Abilities Clause: Evasion abilities are banned\n|rule|Evasion Items Clause: Evasion items are banned\n|rule|Evasion Moves Clause: Evasion moves are banned\n|rule|Species Clause: Limit one of each Pok\u00e9mon\n|rule|Sleep Clause Mod: Limit one foe put to sleep\n|clearpoke\n|poke|p1|Kartana|\n|poke|p1|Landorus-Therian, M|\n|poke|p1|Iron Valiant|\n|poke|p1|Tapu Koko|\n|poke|p1|Toxapex, F|\n|poke|p1|Scizor, F|\n|poke|p2|Blissey, F|\n|poke|p2|Krookodile, F|\n|poke|p2|Bouffalant, F|\n|poke|p2|Noivern, F|\n|poke|p2|Venusaur, M|\n|poke|p2|Victini|\n|teampreview\n|inactive|Battle timer is ON: inactive players will automatically lose when time's up. (requested by wohaokewuna)\n|\n|t:|1701089412\n|start\n|switch|p1a: Kartana|Kartana|100\/100\n|switch|p2a: Victini|Victini|100\/100\n|turn|1\n|\n|t:|1701089426\n|move|p2a: Victini|V-create|p1a: Kartana\n|-supereffective|p1a: Kartana\n|-damage|p1a: Kartana|0 fnt\n|-unboost|p2a: Victini|spe|1\n|-unboost|p2a: Victini|def|1\n|-unboost|p2a: Victini|spd|1\n|faint|p1a: Kartana\n|\n|upkeep\n|\n|t:|1701089438\n|switch|p1a: Landorus|Landorus-Therian, M|100\/100\n|-ability|p1a: Landorus|Intimidate|boost\n|-unboost|p2a: Victini|atk|1\n|turn|2\n|\n|t:|1701089444\n|switch|p2a: Noivern|Noivern, F|100\/100\n|move|p1a: Landorus|U-turn|p2a: Noivern\n|-resisted|p2a: Noivern\n|-damage|p2a: Noivern|85\/100\n|\n|t:|1701089449\n|switch|p1a: Tapu Koko|Tapu Koko|100\/100|[from] U-turn\n|-fieldstart|move: Electric Terrain|[from] ability: Electric Surge|[of] p1a: Tapu Koko\n|\n|upkeep\n|turn|3\n|\n|t:|1701089461\n|switch|p2a: Blissey|Blissey, F|100\/100\n|move|p1a: Tapu Koko|Hidden Power|p2a: Blissey\n|-damage|p2a: Blissey|94\/100\n|\n|upkeep\n|turn|4\n|\n|t:|1701089471\n|switch|p1a: Iron Valiant|Iron Valiant|100\/100\n|-activate|p1a: Iron Valiant|ability: Quark Drive\n|-start|p1a: Iron Valiant|quarkdrivespe\n|move|p2a: Blissey|Teleport|p2a: Blissey\n|\n|t:|1701089483\n|switch|p2a: Venusaur|Venusaur, M|100\/100|[from] Teleport\n|\n|upkeep\n|turn|5\n|\n|t:|1701089490\n|detailschange|p2a: Venusaur|Venusaur-Mega, M\n|-mega|p2a: Venusaur|Venusaur|Venusaurite\n|move|p1a: Iron Valiant|Psyshock|p2a: Venusaur\n|-supereffective|p2a: Venusaur\n|-damage|p2a: Venusaur|55\/100\n|move|p2a: Venusaur|Sludge Bomb|p1a: Iron Valiant\n|-supereffective|p1a: Iron Valiant\n|-damage|p1a: Iron Valiant|0 fnt\n|faint|p1a: Iron Valiant\n|-end|p1a: Iron Valiant|Quark Drive|[silent]\n|\n|upkeep\n|\n|t:|1701089499\n|switch|p1a: Scizor|Scizor, F|100\/100\n|turn|6\n|\n|t:|1701089504\n|move|p2a: Venusaur|Leech Seed|p1a: Scizor\n|-start|p1a: Scizor|move: Leech Seed\n|move|p1a: Scizor|Swords Dance|p1a: Scizor\n|-boost|p1a: Scizor|atk|2\n|\n|-damage|p1a: Scizor|88\/100|[from] Leech Seed|[of] p2a: Venusaur\n|-heal|p2a: Venusaur|67\/100|[silent]\n|-fieldend|move: Electric Terrain\n|upkeep\n|turn|7\n|\n|t:|1701089512\n|move|p2a: Venusaur|Giga Drain|p1a: Scizor\n|-resisted|p1a: Scizor\n|-damage|p1a: Scizor|82\/100\n|-heal|p2a: Venusaur|70\/100|[from] drain|[of] p1a: Scizor\n|move|p1a: Scizor|Swords Dance|p1a: Scizor\n|-boost|p1a: Scizor|atk|2\n|\n|-damage|p1a: Scizor|70\/100|[from] Leech Seed|[of] p2a: Venusaur\n|-heal|p2a: Venusaur|82\/100|[silent]\n|upkeep\n|turn|8\n|\n|t:|1701089524\n|move|p2a: Venusaur|Giga Drain|p1a: Scizor\n|-resisted|p1a: Scizor\n|-damage|p1a: Scizor|64\/100\n|-heal|p2a: Venusaur|84\/100|[from] drain|[of] p1a: Scizor\n|move|p1a: Scizor|Swords Dance|p1a: Scizor\n|-boost|p1a: Scizor|atk|2\n|\n|-damage|p1a: Scizor|52\/100|[from] Leech Seed|[of] p2a: Venusaur\n|-heal|p2a: Venusaur|96\/100|[silent]\n|upkeep\n|turn|9\n|\n|t:|1701089534\n|move|p2a: Venusaur|Sleep Powder|p1a: Scizor\n|-status|p1a: Scizor|slp|[from] move: Sleep Powder\n|cant|p1a: Scizor|slp\n|\n|-damage|p1a: Scizor|40\/100 slp|[from] Leech Seed|[of] p2a: Venusaur\n|-heal|p2a: Venusaur|100\/100|[silent]\n|upkeep\n|turn|10\n|\n|t:|1701089542\n|switch|p2a: Noivern|Noivern, F|85\/100\n|-curestatus|p1a: Scizor|slp|[msg]\n|move|p1a: Scizor|Roost|p1a: Scizor\n|-heal|p1a: Scizor|90\/100\n|-singleturn|p1a: Scizor|move: Roost\n|\n|-damage|p1a: Scizor|77\/100|[from] Leech Seed|[of] p2a: Noivern\n|-heal|p2a: Noivern|99\/100|[silent]\n|upkeep\n|turn|11\n|\n|t:|1701089559\n|detailschange|p1a: Scizor|Scizor-Mega, F\n|-mega|p1a: Scizor|Scizor|Scizorite\n|move|p1a: Scizor|Bullet Punch|p2a: Noivern\n|-damage|p2a: Noivern|0 fnt\n|faint|p2a: Noivern\n|\n|upkeep\n|\n|t:|1701089566\n|switch|p2a: Venusaur|Venusaur-Mega, M|100\/100\n|turn|12\n|\n|t:|1701089574\n|move|p2a: Venusaur|Sleep Powder|p1a: Scizor\n|-status|p1a: Scizor|slp|[from] move: Sleep Powder\n|cant|p1a: Scizor|slp\n|\n|-damage|p1a: Scizor|65\/100 slp|[from] Leech Seed|[of] p2a: Venusaur\n|upkeep\n|turn|13\n|\n|t:|1701089582\n|switch|p2a: Victini|Victini|100\/100\n|-curestatus|p1a: Scizor|slp|[msg]\n|move|p1a: Scizor|Roost|p1a: Scizor\n|-heal|p1a: Scizor|100\/100\n|-singleturn|p1a: Scizor|move: Roost\n|\n|-damage|p1a: Scizor|88\/100|[from] Leech Seed|[of] p2a: Victini\n|upkeep\n|turn|14\n|\n|t:|1701089593\n|move|p1a: Scizor|Bullet Punch|p2a: Victini\n|-resisted|p2a: Victini\n|-damage|p2a: Victini|55\/100\n|move|p2a: Victini|V-create|p1a: Scizor\n|-supereffective|p1a: Scizor\n|-damage|p1a: Scizor|0 fnt\n|-unboost|p2a: Victini|spe|1\n|-unboost|p2a: Victini|def|1\n|-unboost|p2a: Victini|spd|1\n|faint|p1a: Scizor\n|\n|upkeep\n|\n|t:|1701089605\n|switch|p1a: Tapu Koko|Tapu Koko|100\/100\n|-fieldstart|move: Electric Terrain|[from] ability: Electric Surge|[of] p1a: Tapu Koko\n|turn|15\n|\n|t:|1701089611\n|switch|p2a: Krookodile|Krookodile, F|100\/100\n|move|p1a: Tapu Koko|Dazzling Gleam|p2a: Krookodile\n|-supereffective|p2a: Krookodile\n|-damage|p2a: Krookodile|10\/100\n|\n|upkeep\n|turn|16\n|\n|t:|1701089621\n|move|p1a: Tapu Koko|Hidden Power|p2a: Krookodile\n|-supereffective|p2a: Krookodile\n|-damage|p2a: Krookodile|0 fnt\n|faint|p2a: Krookodile\n|\n|upkeep\n|\n|t:|1701089625\n|switch|p2a: Victini|Victini|55\/100\n|turn|17\n|\n|t:|1701089633\n|-terastallize|p1a: Tapu Koko|Fairy\n|move|p2a: Victini|Bolt Strike|p1a: Tapu Koko\n|-damage|p1a: Tapu Koko|50\/100\n|-status|p1a: Tapu Koko|par\n|move|p1a: Tapu Koko|Thunderbolt|p2a: Victini\n|-damage|p2a: Victini|11\/100\n|\n|upkeep\n|turn|18\n|\n|t:|1701089642\n|switch|p2a: Blissey|Blissey, F|94\/100\n|cant|p1a: Tapu Koko|par\n|\n|upkeep\n|turn|19\n|\n|t:|1701089648\n|move|p2a: Blissey|Seismic Toss|p1a: Tapu Koko\n|-damage|p1a: Tapu Koko|15\/100 par\n|cant|p1a: Tapu Koko|par\n|\n|-fieldend|move: Electric Terrain\n|upkeep\n|turn|20\n|\n|t:|1701089654\n|move|p2a: Blissey|Seismic Toss|p1a: Tapu Koko\n|-damage|p1a: Tapu Koko|0 fnt\n|faint|p1a: Tapu Koko\n|\n|upkeep\n|\n|t:|1701089659\n|switch|p1a: Toxapex|Toxapex, F|100\/100\n|turn|21\n|\n|t:|1701089664\n|switch|p2a: Bouffalant|Bouffalant, F|100\/100\n|move|p1a: Toxapex|Toxic|p2a: Bouffalant\n|-status|p2a: Bouffalant|tox\n|\n|-damage|p2a: Bouffalant|94\/100 tox|[from] psn\n|upkeep\n|turn|22\n|\n|t:|1701089673\n|move|p2a: Bouffalant|Earthquake|p1a: Toxapex\n|-supereffective|p1a: Toxapex\n|-damage|p1a: Toxapex|58\/100\n|move|p1a: Toxapex|Scald|p2a: Bouffalant\n|-damage|p2a: Bouffalant|76\/100 tox\n|\n|-heal|p2a: Bouffalant|82\/100 tox|[from] item: Leftovers\n|-heal|p1a: Toxapex|64\/100|[from] item: Leftovers\n|-damage|p2a: Bouffalant|70\/100 tox|[from] psn\n|upkeep\n|turn|23\n|\n|t:|1701089684\n|move|p2a: Bouffalant|Body Slam|p1a: Toxapex\n|-damage|p1a: Toxapex|36\/100\n|-status|p1a: Toxapex|par\n|move|p1a: Toxapex|Recover|p1a: Toxapex\n|-heal|p1a: Toxapex|87\/100 par\n|\n|-heal|p2a: Bouffalant|76\/100 tox|[from] item: Leftovers\n|-heal|p1a: Toxapex|93\/100 par|[from] item: Leftovers\n|-damage|p2a: Bouffalant|58\/100 tox|[from] psn\n|upkeep\n|turn|24\n|\n|t:|1701089695\n|switch|p2a: Venusaur|Venusaur-Mega, M|100\/100\n|move|p1a: Toxapex|Toxic|p2a: Venusaur\n|-immune|p2a: Venusaur\n|\n|-heal|p1a: Toxapex|99\/100 par|[from] item: Leftovers\n|upkeep\n|turn|25\n|c|\u2606SmallerNoys|Fuck guy I started out really bad and I fucked up the whole game lol\n|inactive|SmallerNoys has 120 seconds left.\n|c|\u2606SmallerNoys|I wish I could say gg but shit I didn\u2019t do a thing\n|-message|SmallerNoys forfeited.\n|\n|win|wohaokewuna\n|raw|SmallerNoys's rating: 1230 &rarr; <strong>1208<\/strong><br \/>(-22 for losing)\n|raw|wohaokewuna's rating: 1266 &rarr; <strong>1288<\/strong><br \/>(+22 for winning)\n","uploadtime":1701089717,"views":1,"p1id":"smallernoys","p2id":"wohaokewuna","formatid":"gen9nationaldex","rating":1208,"private":0,"password":""}