{"id":"gen9nationaldex-1992532222","p1":"Cards of Ace","p2":"Wobbuffet xplus","format":"[Gen 9] National Dex","log":"|j|\u2606Cards of Ace\n|j|\u2606Wobbuffet xplus\n|t:|1700200746\n|gametype|singles\n|player|p1|Cards of Ace|169|1093\n|player|p2|Wobbuffet xplus|cynthia|1000\n|teamsize|p1|6\n|teamsize|p2|6\n|gen|9\n|tier|[Gen 9] National Dex\n|rated|\n|rule|HP Percentage Mod: HP is shown in percentages\n|rule|Endless Battle Clause: Forcing endless battles is banned\n|rule|OHKO Clause: OHKO moves are banned\n|rule|Evasion Clause: Evasion abilities, items, and moves are banned\n|rule|Evasion Abilities Clause: Evasion abilities are banned\n|rule|Evasion Items Clause: Evasion items are banned\n|rule|Evasion Moves Clause: Evasion moves are banned\n|rule|Species Clause: Limit one of each Pok\u00e9mon\n|rule|Sleep Clause Mod: Limit one foe put to sleep\n|clearpoke\n|poke|p1|Celebi|\n|poke|p1|Victini|\n|poke|p1|Manaphy|\n|poke|p1|Hoopa|\n|poke|p1|Meloetta|\n|poke|p1|Diancie|\n|poke|p2|Toxapex, M|\n|poke|p2|Clefable, F|\n|poke|p2|Gliscor, F|\n|poke|p2|Ferrothorn, F|\n|poke|p2|Kommo-o, M|\n|poke|p2|Gyarados, M|\n|teampreview\n|\n|t:|1700200758\n|start\n|switch|p1a: Diancie|Diancie|100\/100\n|switch|p2a: Batman|Gliscor, F, shiny|100\/100\n|turn|1\n|\n|t:|1700200764\n|detailschange|p1a: Diancie|Diancie-Mega\n|-mega|p1a: Diancie|Diancie|Diancite\n|move|p1a: Diancie|Moonblast|p2a: Batman\n|-damage|p2a: Batman|30\/100\n|-unboost|p2a: Batman|spa|1\n|move|p2a: Batman|Earthquake|p1a: Diancie\n|-supereffective|p1a: Diancie\n|-damage|p1a: Diancie|0 fnt\n|faint|p1a: Diancie\n|\n|-status|p2a: Batman|tox|[from] item: Toxic Orb\n|upkeep\n|\n|t:|1700200772\n|switch|p1a: Hoopa|Hoopa|100\/100\n|turn|2\n|\n|t:|1700200777\n|switch|p2a: Ferrothorn|Ferrothorn, F, shiny|100\/100\n|move|p1a: Hoopa|Hyperspace Hole|p2a: Ferrothorn\n|-resisted|p2a: Ferrothorn\n|-damage|p2a: Ferrothorn|81\/100\n|\n|-heal|p2a: Ferrothorn|87\/100|[from] item: Leftovers\n|upkeep\n|turn|3\n|\n|t:|1700200785\n|move|p1a: Hoopa|Focus Blast|p2a: Ferrothorn\n|-supereffective|p2a: Ferrothorn\n|-damage|p2a: Ferrothorn|2\/100\n|move|p2a: Ferrothorn|Toxic|p1a: Hoopa\n|-status|p1a: Hoopa|tox\n|\n|-heal|p2a: Ferrothorn|8\/100|[from] item: Leftovers\n|-damage|p1a: Hoopa|94\/100 tox|[from] psn\n|upkeep\n|turn|4\n|\n|t:|1700200797\n|switch|p2a: Batman|Gliscor, F, shiny|30\/100 tox\n|move|p1a: Hoopa|Hyperspace Hole|p2a: Batman\n|-damage|p2a: Batman|0 fnt\n|faint|p2a: Batman\n|\n|-damage|p1a: Hoopa|82\/100 tox|[from] psn\n|upkeep\n|\n|t:|1700200806\n|switch|p2a: Dragon King|Kommo-o, M|100\/100\n|turn|5\n|\n|t:|1700200810\n|-zpower|p2a: Dragon King\n|move|p2a: Dragon King|Clangorous Soulblaze|p1a: Hoopa|[zeffect]\n|-crit|p1a: Hoopa\n|-damage|p1a: Hoopa|0 fnt\n|faint|p1a: Hoopa\n|-boost|p2a: Dragon King|atk|1\n|-boost|p2a: Dragon King|def|1\n|-boost|p2a: Dragon King|spa|1\n|-boost|p2a: Dragon King|spd|1\n|-boost|p2a: Dragon King|spe|1\n|\n|upkeep\n|\n|t:|1700200814\n|switch|p1a: Meloetta|Meloetta|100\/100\n|turn|6\n|\n|t:|1700200823\n|-terastallize|p1a: Meloetta|Fairy\n|move|p2a: Dragon King|Drain Punch|p1a: Meloetta\n|-resisted|p1a: Meloetta\n|-damage|p1a: Meloetta|71\/100\n|move|p1a: Meloetta|Tera Blast|p2a: Dragon King|[anim] Tera Blast Fairy\n|-supereffective|p2a: Dragon King\n|-crit|p2a: Dragon King\n|-damage|p2a: Dragon King|0 fnt\n|faint|p2a: Dragon King\n|\n|upkeep\n|\n|t:|1700200833\n|switch|p2a: The Great wall|Toxapex, M|100\/100\n|turn|7\n|\n|t:|1700200836\n|move|p1a: Meloetta|Psychic|p2a: The Great wall\n|-supereffective|p2a: The Great wall\n|-damage|p2a: The Great wall|27\/100\n|move|p2a: The Great wall|Toxic|p1a: Meloetta\n|-status|p1a: Meloetta|tox\n|\n|-heal|p2a: The Great wall|34\/100|[from] item: Black Sludge\n|-damage|p1a: Meloetta|65\/100 tox|[from] psn\n|upkeep\n|turn|8\n|\n|t:|1700200847\n|switch|p1a: Manaphy|Manaphy|100\/100\n|move|p2a: The Great wall|Baneful Bunker||[still]\n|-fail|p2a: The Great wall\n|\n|-heal|p2a: The Great wall|40\/100|[from] item: Black Sludge\n|upkeep\n|turn|9\n|\n|t:|1700200857\n|move|p1a: Manaphy|Acid Armor|p1a: Manaphy\n|-boost|p1a: Manaphy|def|2\n|move|p2a: The Great wall|Toxic|p1a: Manaphy\n|-status|p1a: Manaphy|tox\n|\n|-heal|p2a: The Great wall|46\/100|[from] item: Black Sludge\n|-damage|p1a: Manaphy|94\/100 tox|[from] psn\n|upkeep\n|turn|10\n|\n|t:|1700200865\n|move|p1a: Manaphy|Take Heart|p1a: Manaphy\n|-boost|p1a: Manaphy|spa|1\n|-boost|p1a: Manaphy|spd|1\n|-curestatus|p1a: Manaphy|tox|[msg]\n|move|p2a: The Great wall|Recover|p2a: The Great wall\n|-heal|p2a: The Great wall|96\/100\n|\n|-heal|p1a: Manaphy|100\/100|[from] item: Leftovers\n|-heal|p2a: The Great wall|100\/100|[from] item: Black Sludge\n|upkeep\n|turn|11\n|\n|t:|1700200875\n|move|p1a: Manaphy|Take Heart|p1a: Manaphy\n|-boost|p1a: Manaphy|spa|1\n|-boost|p1a: Manaphy|spd|1\n|move|p2a: The Great wall|Toxic|p1a: Manaphy\n|-status|p1a: Manaphy|tox\n|\n|-damage|p1a: Manaphy|94\/100 tox|[from] psn\n|upkeep\n|turn|12\n|\n|t:|1700200881\n|move|p1a: Manaphy|Take Heart|p1a: Manaphy\n|-boost|p1a: Manaphy|spa|1\n|-boost|p1a: Manaphy|spd|1\n|-curestatus|p1a: Manaphy|tox|[msg]\n|move|p2a: The Great wall|Haze|p2a: The Great wall\n|-clearallboost\n|\n|-heal|p1a: Manaphy|100\/100|[from] item: Leftovers\n|upkeep\n|turn|13\n|\n|t:|1700200890\n|move|p1a: Manaphy|Take Heart|p1a: Manaphy\n|-boost|p1a: Manaphy|spa|1\n|-boost|p1a: Manaphy|spd|1\n|move|p2a: The Great wall|Toxic|p1a: Manaphy\n|-status|p1a: Manaphy|tox\n|\n|-damage|p1a: Manaphy|94\/100 tox|[from] psn\n|upkeep\n|turn|14\n|\n|t:|1700200897\n|switch|p2a: Ferrothorn|Ferrothorn, F, shiny|8\/100\n|move|p1a: Manaphy|Stored Power|p2a: Ferrothorn\n|-resisted|p2a: Ferrothorn\n|-damage|p2a: Ferrothorn|0 fnt\n|faint|p2a: Ferrothorn\n|\n|-heal|p1a: Manaphy|100\/100 tox|[from] item: Leftovers\n|-damage|p1a: Manaphy|88\/100 tox|[from] psn\n|upkeep\n|\n|t:|1700200906\n|switch|p2a: Monster of ocean|Gyarados, M, shiny|100\/100\n|turn|15\n|\n|t:|1700200910\n|detailschange|p2a: Monster of ocean|Gyarados-Mega, M, shiny\n|-mega|p2a: Monster of ocean|Gyarados|Gyaradosite\n|-ability|p2a: Monster of ocean|Mold Breaker\n|move|p2a: Monster of ocean|Dragon Dance|p2a: Monster of ocean\n|-boost|p2a: Monster of ocean|atk|1\n|-boost|p2a: Monster of ocean|spe|1\n|move|p1a: Manaphy|Acid Armor|p1a: Manaphy\n|-boost|p1a: Manaphy|def|2\n|\n|-heal|p1a: Manaphy|94\/100 tox|[from] item: Leftovers\n|-damage|p1a: Manaphy|76\/100 tox|[from] psn\n|upkeep\n|turn|16\n|\n|t:|1700200922\n|move|p2a: Monster of ocean|Dragon Dance|p2a: Monster of ocean\n|-boost|p2a: Monster of ocean|atk|1\n|-boost|p2a: Monster of ocean|spe|1\n|move|p1a: Manaphy|Take Heart|p1a: Manaphy\n|-boost|p1a: Manaphy|spa|1\n|-boost|p1a: Manaphy|spd|1\n|-curestatus|p1a: Manaphy|tox|[msg]\n|\n|-heal|p1a: Manaphy|82\/100|[from] item: Leftovers\n|upkeep\n|turn|17\n|\n|t:|1700200932\n|move|p2a: Monster of ocean|Earthquake|p1a: Manaphy\n|-damage|p1a: Manaphy|47\/100\n|move|p1a: Manaphy|Hydro Pump|p2a: Monster of ocean\n|-resisted|p2a: Monster of ocean\n|-damage|p2a: Monster of ocean|59\/100\n|\n|-heal|p1a: Manaphy|53\/100|[from] item: Leftovers\n|upkeep\n|turn|18\n|\n|t:|1700200939\n|move|p2a: Monster of ocean|Dragon Dance|p2a: Monster of ocean\n|-boost|p2a: Monster of ocean|atk|1\n|-boost|p2a: Monster of ocean|spe|1\n|move|p1a: Manaphy|Hydro Pump|p2a: Monster of ocean\n|-resisted|p2a: Monster of ocean\n|-damage|p2a: Monster of ocean|12\/100\n|\n|-heal|p1a: Manaphy|59\/100|[from] item: Leftovers\n|upkeep\n|turn|19\n|\n|t:|1700200948\n|move|p2a: Monster of ocean|Earthquake|p1a: Manaphy\n|-damage|p1a: Manaphy|15\/100\n|move|p1a: Manaphy|Hydro Pump|p2a: Monster of ocean\n|-resisted|p2a: Monster of ocean\n|-damage|p2a: Monster of ocean|0 fnt\n|faint|p2a: Monster of ocean\n|\n|-heal|p1a: Manaphy|22\/100|[from] item: Leftovers\n|upkeep\n|\n|t:|1700200957\n|switch|p2a: The Great wall|Toxapex, M|100\/100\n|turn|20\n|\n|t:|1700200960\n|move|p1a: Manaphy|Stored Power|p2a: The Great wall\n|-supereffective|p2a: The Great wall\n|-damage|p2a: The Great wall|0 fnt\n|faint|p2a: The Great wall\n|\n|-heal|p1a: Manaphy|28\/100|[from] item: Leftovers\n|upkeep\n|c|\u2606Wobbuffet xplus|mother fuker\n|c|\u2606Wobbuffet xplus|get a life asshole\n|c|\u2606Cards of Ace|Lmao\n|c|\u2606Cards of Ace|okay stalled\n|c|\u2606Cards of Ace|that\u2019s what you get for using stall noob\n|inactive|Battle timer is ON: inactive players will automatically lose when time's up. (requested by Cards of Ace)\n|c|\u2606Wobbuffet xplus|suker\n|c|\u2606Wobbuffet xplus|get lost\n|c|\u2606Cards of Ace|Cry harder\n|inactive|Wobbuffet xplus has 120 seconds left.\n|c|\u2606Wobbuffet xplus|ur mother is crying harder now\n|c|\u2606Wobbuffet xplus|batserd\n|inactive|Wobbuffet xplus has 90 seconds left.\n|c|\u2606Wobbuffet xplus|uh uh uh\n|c|\u2606Wobbuffet xplus|ur mother crying\n|c|\u2606Cards of Ace|Gogo gaga looking ah baby\n|\n|t:|1700201069\n|switch|p2a: game changer|Clefable, F, shiny|100\/100\n|turn|21\n|c|\u2606Wobbuffet xplus|wait more\n|c|\u2606Wobbuffet xplus|i start new game\n|c|\u2606Cards of Ace|You are just free points\n|inactive|Wobbuffet xplus has 120 seconds left.\n|c|\u2606Wobbuffet xplus|https:\/\/play.pokemonshowdown.com\/battle-gen9nationaldex-1992534117\n|c|\u2606Wobbuffet xplus|new game\n|inactive|Wobbuffet xplus has 90 seconds left.\n|c|\u2606Cards of Ace|Idc\n|inactive|Wobbuffet xplus has 60 seconds left.\n|inactive|Wobbuffet xplus has 30 seconds left.\n|\n|t:|1700201191\n|move|p1a: Manaphy|Stored Power|p2a: game changer\n|-damage|p2a: game changer|42\/100\n|move|p2a: game changer|Soft-Boiled|p2a: game changer\n|-heal|p2a: game changer|92\/100\n|\n|-heal|p1a: Manaphy|34\/100|[from] item: Leftovers\n|-heal|p2a: game changer|98\/100|[from] item: Leftovers\n|upkeep\n|turn|22\n|\n|t:|1700201199\n|move|p1a: Manaphy|Stored Power|p2a: game changer\n|-damage|p2a: game changer|39\/100\n|move|p2a: game changer|Soft-Boiled|p2a: game changer\n|-heal|p2a: game changer|89\/100\n|\n|-heal|p1a: Manaphy|40\/100|[from] item: Leftovers\n|-heal|p2a: game changer|95\/100|[from] item: Leftovers\n|upkeep\n|turn|23\n|\n|t:|1700201206\n|move|p1a: Manaphy|Stored Power|p2a: game changer\n|-damage|p2a: game changer|40\/100\n|move|p2a: game changer|Soft-Boiled|p2a: game changer\n|-heal|p2a: game changer|90\/100\n|\n|-heal|p1a: Manaphy|46\/100|[from] item: Leftovers\n|-heal|p2a: game changer|96\/100|[from] item: Leftovers\n|upkeep\n|turn|24\n|\n|t:|1700201214\n|move|p1a: Manaphy|Stored Power|p2a: game changer\n|-damage|p2a: game changer|40\/100\n|move|p2a: game changer|Soft-Boiled|p2a: game changer\n|-heal|p2a: game changer|90\/100\n|\n|-heal|p1a: Manaphy|52\/100|[from] item: Leftovers\n|-heal|p2a: game changer|96\/100|[from] item: Leftovers\n|upkeep\n|turn|25\n|\n|t:|1700201221\n|move|p1a: Manaphy|Stored Power|p2a: game changer\n|-damage|p2a: game changer|32\/100\n|move|p2a: game changer|Soft-Boiled|p2a: game changer\n|-heal|p2a: game changer|82\/100\n|\n|-heal|p1a: Manaphy|59\/100|[from] item: Leftovers\n|-heal|p2a: game changer|88\/100|[from] item: Leftovers\n|upkeep\n|turn|26\n|c|\u2606Wobbuffet xplus|more wait\n|c|\u2606Wobbuffet xplus|lol\n|c|\u2606Cards of Ace|You still lost \u201clol\u201d\n|\n|t:|1700201242\n|move|p1a: Manaphy|Take Heart|p1a: Manaphy\n|-boost|p1a: Manaphy|spa|1\n|-boost|p1a: Manaphy|spd|1\n|move|p2a: game changer|Soft-Boiled|p2a: game changer\n|-heal|p2a: game changer|100\/100\n|\n|-heal|p1a: Manaphy|65\/100|[from] item: Leftovers\n|upkeep\n|turn|27\n|\n|t:|1700201253\n|move|p1a: Manaphy|Stored Power|p2a: game changer\n|-damage|p2a: game changer|2\/100\n|move|p2a: game changer|Toxic|p1a: Manaphy\n|-status|p1a: Manaphy|tox\n|\n|-heal|p1a: Manaphy|71\/100 tox|[from] item: Leftovers\n|-heal|p2a: game changer|8\/100|[from] item: Leftovers\n|-damage|p1a: Manaphy|65\/100 tox|[from] psn\n|upkeep\n|turn|28\n|c|\u2606Wobbuffet xplus|lol\n|c|\u2606Cards of Ace|gg ez\n|c|\u2606Wobbuffet xplus|last move\n|c|\u2606Wobbuffet xplus|bye\n|c|\u2606Cards of Ace|You were annoying\n|c|\u2606Cards of Ace|bye\n|inactive|Wobbuffet xplus has 30 seconds left.\n|inactive|Wobbuffet xplus has 20 seconds left.\n|inactive|Wobbuffet xplus has 15 seconds left.\n|inactive|Wobbuffet xplus has 10 seconds left.\n|c|\u2606Cards of Ace|I\u2019ll time you out actually\n|inactive|Wobbuffet xplus has 5 seconds left.\n|c|\u2606Cards of Ace|more satisfying\n|-message|Wobbuffet xplus lost due to inactivity.\n|\n|win|Cards of Ace\n|raw|Cards of Ace's rating: 1093 &rarr; <strong>1112<\/strong><br \/>(+19 for winning)\n|raw|Wobbuffet xplus's rating: 1000 &rarr; <strong>1000<\/strong><br \/>(+0 for losing)\n","uploadtime":1700200967,"views":4,"p1id":"cardsoface","p2id":"wobbuffetxplus","formatid":"gen9nationaldex","rating":1000,"private":0,"password":""}