{"id":"gen9nationaldex-1997292359","p1":"TheStroker","p2":"yanami-test","format":"[Gen 9] National Dex","log":"|html|<div class=\"broadcast-blue\"><strong>[Gen 9] National Dex is currently suspecting Sneasler! For information on how to participate check out the <a href=\"https:\/\/www.smogon.com\/forums\/threads\/sv-national-dex-suspect-8-just-dance.3731534\/\">suspect thread<\/a>.<\/strong><\/div>\n|j|\u2606TheStroker\n|j|\u2606yanami-test\n|t:|1700785527\n|gametype|singles\n|player|p1|TheStroker|janitor|1604\n|player|p2|yanami-test|dawn-masters3|1621\n|teamsize|p1|6\n|teamsize|p2|6\n|gen|9\n|tier|[Gen 9] National Dex\n|rated|\n|rule|HP Percentage Mod: HP is shown in percentages\n|rule|Endless Battle Clause: Forcing endless battles is banned\n|rule|OHKO Clause: OHKO moves are banned\n|rule|Evasion Clause: Evasion abilities, items, and moves are banned\n|rule|Evasion Abilities Clause: Evasion abilities are banned\n|rule|Evasion Items Clause: Evasion items are banned\n|rule|Evasion Moves Clause: Evasion moves are banned\n|rule|Species Clause: Limit one of each Pok\u00e9mon\n|rule|Sleep Clause Mod: Limit one foe put to sleep\n|clearpoke\n|poke|p1|Blaziken, F|\n|poke|p1|Mew|\n|poke|p1|Kyurem|\n|poke|p1|Garganacl, F|\n|poke|p1|Kleavor, M|\n|poke|p1|Ribombee, M|\n|poke|p2|Tapu Koko|\n|poke|p2|Great Tusk|\n|poke|p2|Ditto|\n|poke|p2|Dragonite, F|\n|poke|p2|Ogerpon-Wellspring, F|\n|poke|p2|Heatran, M|\n|teampreview\n|j| kung fu pokechu\n|inactive|Battle timer is ON: inactive players will automatically lose when time's up. (requested by yanami-test)\n|j| Zangoosefriend96\n|j| less might be more\n|j| myfeethurt\n|inactive|TheStroker has 120 seconds left.\n|\n|t:|1700785588\n|start\n|switch|p1a: Synergy|Kleavor, M|100\/100\n|switch|p2a: \u7279\u6027\uff1a\u80dc\u5229\u4e4b\u661f|Heatran, M|100\/100\n|turn|1\n|\n|t:|1700785595\n|move|p2a: \u7279\u6027\uff1a\u80dc\u5229\u4e4b\u661f|Eruption|p1a: Synergy\n|-damage|p1a: Synergy|0 fnt\n|faint|p1a: Synergy\n|\n|upkeep\n|\n|t:|1700785605\n|switch|p1a: At least 2|Garganacl, F|100\/100\n|turn|2\n|\n|t:|1700785611\n|switch|p2a: \u4e16\u754c\u548c\u5e73\u5168\u9760\u4f60|Great Tusk|100\/100\n|move|p1a: At least 2|Ice Punch|p2a: \u4e16\u754c\u548c\u5e73\u5168\u9760\u4f60\n|-supereffective|p2a: \u4e16\u754c\u548c\u5e73\u5168\u9760\u4f60\n|-damage|p2a: \u4e16\u754c\u548c\u5e73\u5168\u9760\u4f60|54\/100\n|\n|-heal|p2a: \u4e16\u754c\u548c\u5e73\u5168\u9760\u4f60|60\/100|[from] item: Leftovers\n|upkeep\n|turn|3\n|\n|t:|1700785622\n|move|p2a: \u4e16\u754c\u548c\u5e73\u5168\u9760\u4f60|Stealth Rock|p1a: At least 2\n|-sidestart|p1: TheStroker|move: Stealth Rock\n|move|p1a: At least 2|Ice Punch|p2a: \u4e16\u754c\u548c\u5e73\u5168\u9760\u4f60\n|-supereffective|p2a: \u4e16\u754c\u548c\u5e73\u5168\u9760\u4f60\n|-damage|p2a: \u4e16\u754c\u548c\u5e73\u5168\u9760\u4f60|13\/100\n|\n|-heal|p2a: \u4e16\u754c\u548c\u5e73\u5168\u9760\u4f60|20\/100|[from] item: Leftovers\n|upkeep\n|turn|4\n|\n|t:|1700785625\n|move|p2a: \u4e16\u754c\u548c\u5e73\u5168\u9760\u4f60|Earthquake|p1a: At least 2\n|-supereffective|p1a: At least 2\n|-damage|p1a: At least 2|32\/100\n|move|p1a: At least 2|Ice Punch|p2a: \u4e16\u754c\u548c\u5e73\u5168\u9760\u4f60\n|-supereffective|p2a: \u4e16\u754c\u548c\u5e73\u5168\u9760\u4f60\n|-damage|p2a: \u4e16\u754c\u548c\u5e73\u5168\u9760\u4f60|0 fnt\n|faint|p2a: \u4e16\u754c\u548c\u5e73\u5168\u9760\u4f60\n|-end|p2a: \u4e16\u754c\u548c\u5e73\u5168\u9760\u4f60|Protosynthesis|[silent]\n|\n|upkeep\n|\n|t:|1700785628\n|switch|p2a: \u7eaf\u7231\u6218\u795e|Ogerpon-Wellspring, F|100\/100\n|turn|5\n|\n|t:|1700785635\n|switch|p1a: Wow|Kyurem|100\/100\n|-damage|p1a: Wow|76\/100|[from] Stealth Rock\n|-ability|p1a: Wow|Pressure\n|move|p2a: \u7eaf\u7231\u6218\u795e|Substitute|p2a: \u7eaf\u7231\u6218\u795e\n|-start|p2a: \u7eaf\u7231\u6218\u795e|Substitute\n|-damage|p2a: \u7eaf\u7231\u6218\u795e|76\/100\n|\n|upkeep\n|turn|6\n|\n|t:|1700785645\n|move|p2a: \u7eaf\u7231\u6218\u795e|Swords Dance|p2a: \u7eaf\u7231\u6218\u795e\n|-boost|p2a: \u7eaf\u7231\u6218\u795e|atk|2\n|move|p1a: Wow|Freeze-Dry|p2a: \u7eaf\u7231\u6218\u795e\n|-supereffective|p2a: \u7eaf\u7231\u6218\u795e\n|-end|p2a: \u7eaf\u7231\u6218\u795e|Substitute\n|\n|upkeep\n|turn|7\n|\n|t:|1700785650\n|move|p2a: \u7eaf\u7231\u6218\u795e|Ivy Cudgel|p1a: Wow|[anim] Ivy Cudgel Water\n|-resisted|p1a: Wow\n|-damage|p1a: Wow|18\/100\n|move|p1a: Wow|Freeze-Dry|p2a: \u7eaf\u7231\u6218\u795e\n|-supereffective|p2a: \u7eaf\u7231\u6218\u795e\n|-damage|p2a: \u7eaf\u7231\u6218\u795e|0 fnt\n|faint|p2a: \u7eaf\u7231\u6218\u795e\n|\n|upkeep\n|\n|t:|1700785659\n|switch|p2a: \u7279\u6027\uff1a\u80dc\u5229\u4e4b\u661f|Heatran, M|100\/100\n|turn|8\n|\n|t:|1700785664\n|move|p2a: \u7279\u6027\uff1a\u80dc\u5229\u4e4b\u661f|Eruption|p1a: Wow\n|-damage|p1a: Wow|0 fnt\n|faint|p1a: Wow\n|\n|upkeep\n|\n|t:|1700785678\n|switch|p1a: Turkeyduckchicken|Blaziken, F|100\/100\n|-damage|p1a: Turkeyduckchicken|88\/100|[from] Stealth Rock\n|turn|9\n|\n|t:|1700785680\n|move|p1a: Turkeyduckchicken|Protect|p1a: Turkeyduckchicken\n|-singleturn|p1a: Turkeyduckchicken|Protect\n|move|p2a: \u7279\u6027\uff1a\u80dc\u5229\u4e4b\u661f|Eruption|p1a: Turkeyduckchicken\n|-activate|p1a: Turkeyduckchicken|move: Protect\n|\n|-ability|p1a: Turkeyduckchicken|Speed Boost|boost\n|-boost|p1a: Turkeyduckchicken|spe|1\n|upkeep\n|turn|10\n|\n|t:|1700785695\n|switch|p2a: \u901f\u5ea6\u523b\u5728\u540d\u5b57\u91cc|Dragonite, F|100\/100\n|move|p1a: Turkeyduckchicken|Close Combat|p2a: \u901f\u5ea6\u523b\u5728\u540d\u5b57\u91cc\n|-resisted|p2a: \u901f\u5ea6\u523b\u5728\u540d\u5b57\u91cc\n|-damage|p2a: \u901f\u5ea6\u523b\u5728\u540d\u5b57\u91cc|87\/100\n|-unboost|p1a: Turkeyduckchicken|def|1\n|-unboost|p1a: Turkeyduckchicken|spd|1\n|\n|-ability|p1a: Turkeyduckchicken|Speed Boost|boost\n|-boost|p1a: Turkeyduckchicken|spe|1\n|upkeep\n|turn|11\n|\n|t:|1700785704\n|move|p2a: \u901f\u5ea6\u523b\u5728\u540d\u5b57\u91cc|Extreme Speed|p1a: Turkeyduckchicken\n|-damage|p1a: Turkeyduckchicken|15\/100\n|-zpower|p1a: Turkeyduckchicken\n|move|p1a: Turkeyduckchicken|Inferno Overdrive|p2a: \u901f\u5ea6\u523b\u5728\u540d\u5b57\u91cc|[zeffect]\n|-resisted|p2a: \u901f\u5ea6\u523b\u5728\u540d\u5b57\u91cc\n|-damage|p2a: \u901f\u5ea6\u523b\u5728\u540d\u5b57\u91cc|42\/100\n|\n|-ability|p1a: Turkeyduckchicken|Speed Boost|boost\n|-boost|p1a: Turkeyduckchicken|spe|1\n|upkeep\n|turn|12\n|\n|t:|1700785717\n|move|p1a: Turkeyduckchicken|Close Combat|p2a: \u901f\u5ea6\u523b\u5728\u540d\u5b57\u91cc\n|-resisted|p2a: \u901f\u5ea6\u523b\u5728\u540d\u5b57\u91cc\n|-damage|p2a: \u901f\u5ea6\u523b\u5728\u540d\u5b57\u91cc|14\/100\n|-unboost|p1a: Turkeyduckchicken|def|1\n|-unboost|p1a: Turkeyduckchicken|spd|1\n|move|p2a: \u901f\u5ea6\u523b\u5728\u540d\u5b57\u91cc|Roost|p2a: \u901f\u5ea6\u523b\u5728\u540d\u5b57\u91cc\n|-heal|p2a: \u901f\u5ea6\u523b\u5728\u540d\u5b57\u91cc|64\/100\n|-singleturn|p2a: \u901f\u5ea6\u523b\u5728\u540d\u5b57\u91cc|move: Roost\n|\n|-ability|p1a: Turkeyduckchicken|Speed Boost|boost\n|-boost|p1a: Turkeyduckchicken|spe|1\n|upkeep\n|turn|13\n|\n|t:|1700785723\n|move|p1a: Turkeyduckchicken|Close Combat|p2a: \u901f\u5ea6\u523b\u5728\u540d\u5b57\u91cc\n|-resisted|p2a: \u901f\u5ea6\u523b\u5728\u540d\u5b57\u91cc\n|-damage|p2a: \u901f\u5ea6\u523b\u5728\u540d\u5b57\u91cc|35\/100\n|-unboost|p1a: Turkeyduckchicken|def|1\n|-unboost|p1a: Turkeyduckchicken|spd|1\n|move|p2a: \u901f\u5ea6\u523b\u5728\u540d\u5b57\u91cc|Roost|p2a: \u901f\u5ea6\u523b\u5728\u540d\u5b57\u91cc\n|-heal|p2a: \u901f\u5ea6\u523b\u5728\u540d\u5b57\u91cc|85\/100\n|-singleturn|p2a: \u901f\u5ea6\u523b\u5728\u540d\u5b57\u91cc|move: Roost\n|\n|-ability|p1a: Turkeyduckchicken|Speed Boost|boost\n|-boost|p1a: Turkeyduckchicken|spe|1\n|upkeep\n|turn|14\n|\n|t:|1700785733\n|switch|p1a: How|Ribombee, M|100\/100\n|-damage|p1a: How|76\/100|[from] Stealth Rock\n|move|p2a: \u901f\u5ea6\u523b\u5728\u540d\u5b57\u91cc|Roost|p2a: \u901f\u5ea6\u523b\u5728\u540d\u5b57\u91cc\n|-heal|p2a: \u901f\u5ea6\u523b\u5728\u540d\u5b57\u91cc|100\/100\n|-singleturn|p2a: \u901f\u5ea6\u523b\u5728\u540d\u5b57\u91cc|move: Roost\n|\n|upkeep\n|turn|15\n|\n|t:|1700785738\n|move|p2a: \u901f\u5ea6\u523b\u5728\u540d\u5b57\u91cc|Extreme Speed|p1a: How\n|-damage|p1a: How|10\/100\n|move|p1a: How|Stun Spore|p2a: \u901f\u5ea6\u523b\u5728\u540d\u5b57\u91cc\n|-status|p2a: \u901f\u5ea6\u523b\u5728\u540d\u5b57\u91cc|par\n|\n|upkeep\n|turn|16\n|\n|t:|1700785758\n|move|p2a: \u901f\u5ea6\u523b\u5728\u540d\u5b57\u91cc|Extreme Speed|p1a: How\n|-damage|p1a: How|0 fnt\n|faint|p1a: How\n|\n|upkeep\n|\n|t:|1700785764\n|switch|p1a: Very thankful|Mew|100\/100\n|-damage|p1a: Very thankful|88\/100|[from] Stealth Rock\n|turn|17\n|\n|t:|1700785767\n|switch|p2a: \u7279\u6027\uff1a\u80dc\u5229\u4e4b\u661f|Heatran, M|100\/100\n|move|p1a: Very thankful|Cosmic Power|p1a: Very thankful\n|-boost|p1a: Very thankful|def|1\n|-boost|p1a: Very thankful|spd|1\n|\n|-heal|p1a: Very thankful|94\/100|[from] item: Leftovers\n|upkeep\n|turn|18\n|\n|t:|1700785773\n|move|p2a: \u7279\u6027\uff1a\u80dc\u5229\u4e4b\u661f|Eruption|p1a: Very thankful\n|-damage|p1a: Very thankful|49\/100\n|move|p1a: Very thankful|Soft-Boiled|p1a: Very thankful\n|-heal|p1a: Very thankful|99\/100\n|\n|-heal|p1a: Very thankful|100\/100|[from] item: Leftovers\n|upkeep\n|turn|19\n|\n|t:|1700785779\n|move|p2a: \u7279\u6027\uff1a\u80dc\u5229\u4e4b\u661f|Eruption|p1a: Very thankful\n|-damage|p1a: Very thankful|53\/100\n|move|p1a: Very thankful|Cosmic Power|p1a: Very thankful\n|-boost|p1a: Very thankful|def|1\n|-boost|p1a: Very thankful|spd|1\n|\n|-heal|p1a: Very thankful|59\/100|[from] item: Leftovers\n|upkeep\n|turn|20\n|\n|t:|1700785781\n|move|p2a: \u7279\u6027\uff1a\u80dc\u5229\u4e4b\u661f|Eruption|p1a: Very thankful\n|-damage|p1a: Very thankful|27\/100\n|move|p1a: Very thankful|Soft-Boiled|p1a: Very thankful\n|-heal|p1a: Very thankful|77\/100\n|\n|-heal|p1a: Very thankful|84\/100|[from] item: Leftovers\n|upkeep\n|turn|21\n|\n|t:|1700785784\n|move|p2a: \u7279\u6027\uff1a\u80dc\u5229\u4e4b\u661f|Eruption|p1a: Very thankful\n|-damage|p1a: Very thankful|52\/100\n|move|p1a: Very thankful|Cosmic Power|p1a: Very thankful\n|-boost|p1a: Very thankful|def|1\n|-boost|p1a: Very thankful|spd|1\n|\n|-heal|p1a: Very thankful|58\/100|[from] item: Leftovers\n|upkeep\n|turn|22\n|\n|t:|1700785790\n|switch|p2a: \u4ee5\u5f7c\u4e4b\u9053\u8fd8\u65bd\u5f7c\u8eab|Ditto|100\/100\n|-transform|p2a: \u4ee5\u5f7c\u4e4b\u9053\u8fd8\u65bd\u5f7c\u8eab|p1a: Very thankful|[from] ability: Imposter\n|move|p1a: Very thankful|Soft-Boiled|p1a: Very thankful\n|-heal|p1a: Very thankful|100\/100\n|\n|upkeep\n|turn|23\n|\n|t:|1700785797\n|move|p2a: \u4ee5\u5f7c\u4e4b\u9053\u8fd8\u65bd\u5f7c\u8eab|Stored Power|p1a: Very thankful\n|-resisted|p1a: Very thankful\n|-damage|p1a: Very thankful|92\/100\n|move|p1a: Very thankful|Cosmic Power|p1a: Very thankful\n|-boost|p1a: Very thankful|def|1\n|-boost|p1a: Very thankful|spd|1\n|\n|-heal|p1a: Very thankful|98\/100|[from] item: Leftovers\n|upkeep\n|turn|24\n|\n|t:|1700785799\n|move|p2a: \u4ee5\u5f7c\u4e4b\u9053\u8fd8\u65bd\u5f7c\u8eab|Stored Power|p1a: Very thankful\n|-resisted|p1a: Very thankful\n|-damage|p1a: Very thankful|91\/100\n|move|p1a: Very thankful|Cosmic Power|p1a: Very thankful\n|-boost|p1a: Very thankful|def|1\n|-boost|p1a: Very thankful|spd|1\n|\n|-heal|p1a: Very thankful|97\/100|[from] item: Leftovers\n|upkeep\n|turn|25\n|\n|t:|1700785802\n|move|p2a: \u4ee5\u5f7c\u4e4b\u9053\u8fd8\u65bd\u5f7c\u8eab|Stored Power|p1a: Very thankful\n|-resisted|p1a: Very thankful\n|-damage|p1a: Very thankful|91\/100\n|move|p1a: Very thankful|Cosmic Power|p1a: Very thankful\n|-boost|p1a: Very thankful|def|1\n|-boost|p1a: Very thankful|spd|1\n|\n|-heal|p1a: Very thankful|97\/100|[from] item: Leftovers\n|upkeep\n|turn|26\n|\n|t:|1700785808\n|switch|p2a: \u7279\u6027\uff1a\u80dc\u5229\u4e4b\u661f|Heatran, M|100\/100\n|move|p1a: Very thankful|Stored Power|p2a: \u7279\u6027\uff1a\u80dc\u5229\u4e4b\u661f\n|-resisted|p2a: \u7279\u6027\uff1a\u80dc\u5229\u4e4b\u661f\n|-damage|p2a: \u7279\u6027\uff1a\u80dc\u5229\u4e4b\u661f|57\/100\n|\n|-heal|p1a: Very thankful|100\/100|[from] item: Leftovers\n|upkeep\n|turn|27\n|\n|t:|1700785814\n|switch|p2a: \u4ee5\u5f7c\u4e4b\u9053\u8fd8\u65bd\u5f7c\u8eab|Ditto|100\/100\n|-transform|p2a: \u4ee5\u5f7c\u4e4b\u9053\u8fd8\u65bd\u5f7c\u8eab|p1a: Very thankful|[from] ability: Imposter\n|move|p1a: Very thankful|Body Press|p2a: \u4ee5\u5f7c\u4e4b\u9053\u8fd8\u65bd\u5f7c\u8eab\n|-resisted|p2a: \u4ee5\u5f7c\u4e4b\u9053\u8fd8\u65bd\u5f7c\u8eab\n|-damage|p2a: \u4ee5\u5f7c\u4e4b\u9053\u8fd8\u65bd\u5f7c\u8eab|90\/100\n|\n|upkeep\n|turn|28\n|\n|t:|1700785818\n|move|p2a: \u4ee5\u5f7c\u4e4b\u9053\u8fd8\u65bd\u5f7c\u8eab|Stored Power|p1a: Very thankful\n|-resisted|p1a: Very thankful\n|-damage|p1a: Very thankful|91\/100\n|move|p1a: Very thankful|Stored Power|p2a: \u4ee5\u5f7c\u4e4b\u9053\u8fd8\u65bd\u5f7c\u8eab\n|-resisted|p2a: \u4ee5\u5f7c\u4e4b\u9053\u8fd8\u65bd\u5f7c\u8eab\n|-damage|p2a: \u4ee5\u5f7c\u4e4b\u9053\u8fd8\u65bd\u5f7c\u8eab|77\/100\n|\n|-heal|p1a: Very thankful|97\/100|[from] item: Leftovers\n|upkeep\n|turn|29\n|\n|t:|1700785820\n|move|p2a: \u4ee5\u5f7c\u4e4b\u9053\u8fd8\u65bd\u5f7c\u8eab|Stored Power|p1a: Very thankful\n|-resisted|p1a: Very thankful\n|-damage|p1a: Very thankful|88\/100\n|move|p1a: Very thankful|Stored Power|p2a: \u4ee5\u5f7c\u4e4b\u9053\u8fd8\u65bd\u5f7c\u8eab\n|-resisted|p2a: \u4ee5\u5f7c\u4e4b\u9053\u8fd8\u65bd\u5f7c\u8eab\n|-damage|p2a: \u4ee5\u5f7c\u4e4b\u9053\u8fd8\u65bd\u5f7c\u8eab|64\/100\n|\n|-heal|p1a: Very thankful|94\/100|[from] item: Leftovers\n|upkeep\n|turn|30\n|\n|t:|1700785823\n|move|p2a: \u4ee5\u5f7c\u4e4b\u9053\u8fd8\u65bd\u5f7c\u8eab|Stored Power|p1a: Very thankful\n|-resisted|p1a: Very thankful\n|-damage|p1a: Very thankful|84\/100\n|move|p1a: Very thankful|Stored Power|p2a: \u4ee5\u5f7c\u4e4b\u9053\u8fd8\u65bd\u5f7c\u8eab\n|-resisted|p2a: \u4ee5\u5f7c\u4e4b\u9053\u8fd8\u65bd\u5f7c\u8eab\n|-damage|p2a: \u4ee5\u5f7c\u4e4b\u9053\u8fd8\u65bd\u5f7c\u8eab|50\/100\n|\n|-heal|p1a: Very thankful|90\/100|[from] item: Leftovers\n|upkeep\n|turn|31\n|\n|t:|1700785825\n|switch|p2a: \u7279\u6027\uff1a\u80dc\u5229\u4e4b\u661f|Heatran, M|57\/100\n|move|p1a: Very thankful|Stored Power|p2a: \u7279\u6027\uff1a\u80dc\u5229\u4e4b\u661f\n|-resisted|p2a: \u7279\u6027\uff1a\u80dc\u5229\u4e4b\u661f\n|-crit|p2a: \u7279\u6027\uff1a\u80dc\u5229\u4e4b\u661f\n|-damage|p2a: \u7279\u6027\uff1a\u80dc\u5229\u4e4b\u661f|0 fnt\n|faint|p2a: \u7279\u6027\uff1a\u80dc\u5229\u4e4b\u661f\n|\n|-heal|p1a: Very thankful|96\/100|[from] item: Leftovers\n|upkeep\n|\n|t:|1700785827\n|switch|p2a: \u4ee5\u5f7c\u4e4b\u9053\u8fd8\u65bd\u5f7c\u8eab|Ditto|50\/100\n|-transform|p2a: \u4ee5\u5f7c\u4e4b\u9053\u8fd8\u65bd\u5f7c\u8eab|p1a: Very thankful|[from] ability: Imposter\n|turn|32\n|\n|t:|1700785829\n|move|p2a: \u4ee5\u5f7c\u4e4b\u9053\u8fd8\u65bd\u5f7c\u8eab|Soft-Boiled|p2a: \u4ee5\u5f7c\u4e4b\u9053\u8fd8\u65bd\u5f7c\u8eab\n|-heal|p2a: \u4ee5\u5f7c\u4e4b\u9053\u8fd8\u65bd\u5f7c\u8eab|99\/100\n|move|p1a: Very thankful|Stored Power|p2a: \u4ee5\u5f7c\u4e4b\u9053\u8fd8\u65bd\u5f7c\u8eab\n|-resisted|p2a: \u4ee5\u5f7c\u4e4b\u9053\u8fd8\u65bd\u5f7c\u8eab\n|-damage|p2a: \u4ee5\u5f7c\u4e4b\u9053\u8fd8\u65bd\u5f7c\u8eab|87\/100\n|\n|-heal|p1a: Very thankful|100\/100|[from] item: Leftovers\n|upkeep\n|turn|33\n|\n|t:|1700785834\n|move|p2a: \u4ee5\u5f7c\u4e4b\u9053\u8fd8\u65bd\u5f7c\u8eab|Soft-Boiled|p2a: \u4ee5\u5f7c\u4e4b\u9053\u8fd8\u65bd\u5f7c\u8eab\n|-heal|p2a: \u4ee5\u5f7c\u4e4b\u9053\u8fd8\u65bd\u5f7c\u8eab|100\/100\n|move|p1a: Very thankful|Stored Power|p2a: \u4ee5\u5f7c\u4e4b\u9053\u8fd8\u65bd\u5f7c\u8eab\n|-resisted|p2a: \u4ee5\u5f7c\u4e4b\u9053\u8fd8\u65bd\u5f7c\u8eab\n|-damage|p2a: \u4ee5\u5f7c\u4e4b\u9053\u8fd8\u65bd\u5f7c\u8eab|88\/100\n|\n|upkeep\n|turn|34\n|\n|t:|1700785840\n|move|p2a: \u4ee5\u5f7c\u4e4b\u9053\u8fd8\u65bd\u5f7c\u8eab|Soft-Boiled|p2a: \u4ee5\u5f7c\u4e4b\u9053\u8fd8\u65bd\u5f7c\u8eab\n|-heal|p2a: \u4ee5\u5f7c\u4e4b\u9053\u8fd8\u65bd\u5f7c\u8eab|100\/100\n|move|p1a: Very thankful|Body Press|p2a: \u4ee5\u5f7c\u4e4b\u9053\u8fd8\u65bd\u5f7c\u8eab\n|-resisted|p2a: \u4ee5\u5f7c\u4e4b\u9053\u8fd8\u65bd\u5f7c\u8eab\n|-crit|p2a: \u4ee5\u5f7c\u4e4b\u9053\u8fd8\u65bd\u5f7c\u8eab\n|-damage|p2a: \u4ee5\u5f7c\u4e4b\u9053\u8fd8\u65bd\u5f7c\u8eab|39\/100\n|\n|upkeep\n|turn|35\n|\n|t:|1700785845\n|move|p2a: \u4ee5\u5f7c\u4e4b\u9053\u8fd8\u65bd\u5f7c\u8eab|Soft-Boiled|p2a: \u4ee5\u5f7c\u4e4b\u9053\u8fd8\u65bd\u5f7c\u8eab\n|-heal|p2a: \u4ee5\u5f7c\u4e4b\u9053\u8fd8\u65bd\u5f7c\u8eab|89\/100\n|move|p1a: Very thankful|Body Press|p2a: \u4ee5\u5f7c\u4e4b\u9053\u8fd8\u65bd\u5f7c\u8eab\n|-resisted|p2a: \u4ee5\u5f7c\u4e4b\u9053\u8fd8\u65bd\u5f7c\u8eab\n|-damage|p2a: \u4ee5\u5f7c\u4e4b\u9053\u8fd8\u65bd\u5f7c\u8eab|78\/100\n|\n|upkeep\n|turn|36\n|\n|t:|1700785849\n|move|p2a: \u4ee5\u5f7c\u4e4b\u9053\u8fd8\u65bd\u5f7c\u8eab|Soft-Boiled|p2a: \u4ee5\u5f7c\u4e4b\u9053\u8fd8\u65bd\u5f7c\u8eab\n|-heal|p2a: \u4ee5\u5f7c\u4e4b\u9053\u8fd8\u65bd\u5f7c\u8eab|100\/100\n|move|p1a: Very thankful|Body Press|p2a: \u4ee5\u5f7c\u4e4b\u9053\u8fd8\u65bd\u5f7c\u8eab\n|-resisted|p2a: \u4ee5\u5f7c\u4e4b\u9053\u8fd8\u65bd\u5f7c\u8eab\n|-damage|p2a: \u4ee5\u5f7c\u4e4b\u9053\u8fd8\u65bd\u5f7c\u8eab|89\/100\n|\n|upkeep\n|turn|37\n|\n|t:|1700785851\n|switch|p2a: \u901f\u5ea6\u523b\u5728\u540d\u5b57\u91cc|Dragonite, F|100\/100 par\n|move|p1a: Very thankful|Stored Power|p2a: \u901f\u5ea6\u523b\u5728\u540d\u5b57\u91cc\n|-damage|p2a: \u901f\u5ea6\u523b\u5728\u540d\u5b57\u91cc|59\/100 par\n|\n|upkeep\n|turn|38\n|\n|t:|1700785856\n|switch|p2a: \u4ee5\u5f7c\u4e4b\u9053\u8fd8\u65bd\u5f7c\u8eab|Ditto|89\/100\n|-transform|p2a: \u4ee5\u5f7c\u4e4b\u9053\u8fd8\u65bd\u5f7c\u8eab|p1a: Very thankful|[from] ability: Imposter\n|move|p1a: Very thankful|Stored Power|p2a: \u4ee5\u5f7c\u4e4b\u9053\u8fd8\u65bd\u5f7c\u8eab\n|-resisted|p2a: \u4ee5\u5f7c\u4e4b\u9053\u8fd8\u65bd\u5f7c\u8eab\n|-damage|p2a: \u4ee5\u5f7c\u4e4b\u9053\u8fd8\u65bd\u5f7c\u8eab|77\/100\n|\n|upkeep\n|turn|39\n|\n|t:|1700785862\n|move|p2a: \u4ee5\u5f7c\u4e4b\u9053\u8fd8\u65bd\u5f7c\u8eab|Soft-Boiled|p2a: \u4ee5\u5f7c\u4e4b\u9053\u8fd8\u65bd\u5f7c\u8eab\n|-heal|p2a: \u4ee5\u5f7c\u4e4b\u9053\u8fd8\u65bd\u5f7c\u8eab|100\/100\n|move|p1a: Very thankful|Body Press|p2a: \u4ee5\u5f7c\u4e4b\u9053\u8fd8\u65bd\u5f7c\u8eab\n|-resisted|p2a: \u4ee5\u5f7c\u4e4b\u9053\u8fd8\u65bd\u5f7c\u8eab\n|-damage|p2a: \u4ee5\u5f7c\u4e4b\u9053\u8fd8\u65bd\u5f7c\u8eab|90\/100\n|\n|upkeep\n|turn|40\n|\n|t:|1700785864\n|move|p2a: \u4ee5\u5f7c\u4e4b\u9053\u8fd8\u65bd\u5f7c\u8eab|Soft-Boiled|p2a: \u4ee5\u5f7c\u4e4b\u9053\u8fd8\u65bd\u5f7c\u8eab\n|-heal|p2a: \u4ee5\u5f7c\u4e4b\u9053\u8fd8\u65bd\u5f7c\u8eab|100\/100\n|move|p1a: Very thankful|Body Press|p2a: \u4ee5\u5f7c\u4e4b\u9053\u8fd8\u65bd\u5f7c\u8eab\n|-resisted|p2a: \u4ee5\u5f7c\u4e4b\u9053\u8fd8\u65bd\u5f7c\u8eab\n|-damage|p2a: \u4ee5\u5f7c\u4e4b\u9053\u8fd8\u65bd\u5f7c\u8eab|90\/100\n|\n|upkeep\n|turn|41\n|\n|t:|1700785867\n|move|p2a: \u4ee5\u5f7c\u4e4b\u9053\u8fd8\u65bd\u5f7c\u8eab|Soft-Boiled|p2a: \u4ee5\u5f7c\u4e4b\u9053\u8fd8\u65bd\u5f7c\u8eab\n|-heal|p2a: \u4ee5\u5f7c\u4e4b\u9053\u8fd8\u65bd\u5f7c\u8eab|100\/100\n|move|p1a: Very thankful|Body Press|p2a: \u4ee5\u5f7c\u4e4b\u9053\u8fd8\u65bd\u5f7c\u8eab\n|-resisted|p2a: \u4ee5\u5f7c\u4e4b\u9053\u8fd8\u65bd\u5f7c\u8eab\n|-damage|p2a: \u4ee5\u5f7c\u4e4b\u9053\u8fd8\u65bd\u5f7c\u8eab|89\/100\n|\n|upkeep\n|turn|42\n|\n|t:|1700785870\n|move|p2a: \u4ee5\u5f7c\u4e4b\u9053\u8fd8\u65bd\u5f7c\u8eab|Soft-Boiled|p2a: \u4ee5\u5f7c\u4e4b\u9053\u8fd8\u65bd\u5f7c\u8eab\n|-heal|p2a: \u4ee5\u5f7c\u4e4b\u9053\u8fd8\u65bd\u5f7c\u8eab|100\/100\n|move|p1a: Very thankful|Cosmic Power|p1a: Very thankful\n|-boost|p1a: Very thankful|def|0\n|-boost|p1a: Very thankful|spd|0\n|\n|upkeep\n|turn|43\n|\n|t:|1700785873\n|move|p2a: \u4ee5\u5f7c\u4e4b\u9053\u8fd8\u65bd\u5f7c\u8eab|Soft-Boiled||[still]\n|-fail|p2a: \u4ee5\u5f7c\u4e4b\u9053\u8fd8\u65bd\u5f7c\u8eab|heal\n|move|p1a: Very thankful|Cosmic Power|p1a: Very thankful\n|-boost|p1a: Very thankful|def|0\n|-boost|p1a: Very thankful|spd|0\n|\n|upkeep\n|turn|44\n|\n|t:|1700785877\n|switch|p2a: \u901f\u5ea6\u523b\u5728\u540d\u5b57\u91cc|Dragonite, F|59\/100 par\n|move|p1a: Very thankful|Stored Power|p2a: \u901f\u5ea6\u523b\u5728\u540d\u5b57\u91cc\n|-damage|p2a: \u901f\u5ea6\u523b\u5728\u540d\u5b57\u91cc|0 fnt\n|faint|p2a: \u901f\u5ea6\u523b\u5728\u540d\u5b57\u91cc\n|\n|upkeep\n|\n|t:|1700785880\n|switch|p2a: \u4ee5\u5f7c\u4e4b\u9053\u8fd8\u65bd\u5f7c\u8eab|Ditto|100\/100\n|-transform|p2a: \u4ee5\u5f7c\u4e4b\u9053\u8fd8\u65bd\u5f7c\u8eab|p1a: Very thankful|[from] ability: Imposter\n|turn|45\n|\n|t:|1700785888\n|move|p2a: \u4ee5\u5f7c\u4e4b\u9053\u8fd8\u65bd\u5f7c\u8eab|Stored Power|p1a: Very thankful\n|-resisted|p1a: Very thankful\n|-damage|p1a: Very thankful|91\/100\n|move|p1a: Very thankful|Body Press|p2a: \u4ee5\u5f7c\u4e4b\u9053\u8fd8\u65bd\u5f7c\u8eab\n|-resisted|p2a: \u4ee5\u5f7c\u4e4b\u9053\u8fd8\u65bd\u5f7c\u8eab\n|-damage|p2a: \u4ee5\u5f7c\u4e4b\u9053\u8fd8\u65bd\u5f7c\u8eab|90\/100\n|\n|-heal|p1a: Very thankful|97\/100|[from] item: Leftovers\n|upkeep\n|turn|46\n|\n|t:|1700785894\n|move|p2a: \u4ee5\u5f7c\u4e4b\u9053\u8fd8\u65bd\u5f7c\u8eab|Stored Power|p1a: Very thankful\n|-resisted|p1a: Very thankful\n|-damage|p1a: Very thankful|88\/100\n|move|p1a: Very thankful|Stored Power|p2a: \u4ee5\u5f7c\u4e4b\u9053\u8fd8\u65bd\u5f7c\u8eab\n|-resisted|p2a: \u4ee5\u5f7c\u4e4b\u9053\u8fd8\u65bd\u5f7c\u8eab\n|-damage|p2a: \u4ee5\u5f7c\u4e4b\u9053\u8fd8\u65bd\u5f7c\u8eab|77\/100\n|\n|-heal|p1a: Very thankful|94\/100|[from] item: Leftovers\n|upkeep\n|turn|47\n|\n|t:|1700785900\n|move|p2a: \u4ee5\u5f7c\u4e4b\u9053\u8fd8\u65bd\u5f7c\u8eab|Stored Power|p1a: Very thankful\n|-resisted|p1a: Very thankful\n|-damage|p1a: Very thankful|85\/100\n|move|p1a: Very thankful|Body Press|p2a: \u4ee5\u5f7c\u4e4b\u9053\u8fd8\u65bd\u5f7c\u8eab\n|-resisted|p2a: \u4ee5\u5f7c\u4e4b\u9053\u8fd8\u65bd\u5f7c\u8eab\n|-damage|p2a: \u4ee5\u5f7c\u4e4b\u9053\u8fd8\u65bd\u5f7c\u8eab|65\/100\n|\n|-heal|p1a: Very thankful|91\/100|[from] item: Leftovers\n|upkeep\n|turn|48\n|\n|t:|1700785904\n|switch|p2a: \u901f\u5ea6\u5728\u4f60\u4e4b\u4e0a|Tapu Koko|100\/100\n|-fieldstart|move: Electric Terrain|[from] ability: Electric Surge|[of] p2a: \u901f\u5ea6\u5728\u4f60\u4e4b\u4e0a\n|move|p1a: Very thankful|Body Press|p2a: \u901f\u5ea6\u5728\u4f60\u4e4b\u4e0a\n|-resisted|p2a: \u901f\u5ea6\u5728\u4f60\u4e4b\u4e0a\n|-damage|p2a: \u901f\u5ea6\u5728\u4f60\u4e4b\u4e0a|46\/100\n|\n|-heal|p1a: Very thankful|97\/100|[from] item: Leftovers\n|upkeep\n|turn|49\n|\n|t:|1700785911\n|switch|p2a: \u4ee5\u5f7c\u4e4b\u9053\u8fd8\u65bd\u5f7c\u8eab|Ditto|65\/100\n|-transform|p2a: \u4ee5\u5f7c\u4e4b\u9053\u8fd8\u65bd\u5f7c\u8eab|p1a: Very thankful|[from] ability: Imposter\n|move|p1a: Very thankful|Cosmic Power|p1a: Very thankful\n|-boost|p1a: Very thankful|def|0\n|-boost|p1a: Very thankful|spd|0\n|\n|-heal|p1a: Very thankful|100\/100|[from] item: Leftovers\n|upkeep\n|turn|50\n|\n|t:|1700785915\n|move|p2a: \u4ee5\u5f7c\u4e4b\u9053\u8fd8\u65bd\u5f7c\u8eab|Soft-Boiled|p2a: \u4ee5\u5f7c\u4e4b\u9053\u8fd8\u65bd\u5f7c\u8eab\n|-heal|p2a: \u4ee5\u5f7c\u4e4b\u9053\u8fd8\u65bd\u5f7c\u8eab|100\/100\n|move|p1a: Very thankful|Cosmic Power|p1a: Very thankful\n|-boost|p1a: Very thankful|def|0\n|-boost|p1a: Very thankful|spd|0\n|\n|upkeep\n|turn|51\n|\n|t:|1700785918\n|move|p2a: \u4ee5\u5f7c\u4e4b\u9053\u8fd8\u65bd\u5f7c\u8eab|Soft-Boiled||[still]\n|-fail|p2a: \u4ee5\u5f7c\u4e4b\u9053\u8fd8\u65bd\u5f7c\u8eab|heal\n|move|p1a: Very thankful|Cosmic Power|p1a: Very thankful\n|-boost|p1a: Very thankful|def|0\n|-boost|p1a: Very thankful|spd|0\n|\n|upkeep\n|turn|52\n|\n|t:|1700785922\n|move|p2a: \u4ee5\u5f7c\u4e4b\u9053\u8fd8\u65bd\u5f7c\u8eab|Soft-Boiled||[still]\n|-fail|p2a: \u4ee5\u5f7c\u4e4b\u9053\u8fd8\u65bd\u5f7c\u8eab|heal\n|move|p1a: Very thankful|Cosmic Power|p1a: Very thankful\n|-boost|p1a: Very thankful|def|0\n|-boost|p1a: Very thankful|spd|0\n|\n|-fieldend|move: Electric Terrain\n|upkeep\n|turn|53\n|\n|t:|1700785929\n|switch|p2a: \u901f\u5ea6\u5728\u4f60\u4e4b\u4e0a|Tapu Koko|46\/100\n|-fieldstart|move: Electric Terrain|[from] ability: Electric Surge|[of] p2a: \u901f\u5ea6\u5728\u4f60\u4e4b\u4e0a\n|move|p1a: Very thankful|Cosmic Power|p1a: Very thankful\n|-boost|p1a: Very thankful|def|0\n|-boost|p1a: Very thankful|spd|0\n|\n|upkeep\n|turn|54\n|\n|t:|1700785931\n|switch|p2a: \u4ee5\u5f7c\u4e4b\u9053\u8fd8\u65bd\u5f7c\u8eab|Ditto|100\/100\n|-transform|p2a: \u4ee5\u5f7c\u4e4b\u9053\u8fd8\u65bd\u5f7c\u8eab|p1a: Very thankful|[from] ability: Imposter\n|move|p1a: Very thankful|Body Press|p2a: \u4ee5\u5f7c\u4e4b\u9053\u8fd8\u65bd\u5f7c\u8eab\n|-resisted|p2a: \u4ee5\u5f7c\u4e4b\u9053\u8fd8\u65bd\u5f7c\u8eab\n|-damage|p2a: \u4ee5\u5f7c\u4e4b\u9053\u8fd8\u65bd\u5f7c\u8eab|90\/100\n|\n|upkeep\n|turn|55\n|\n|t:|1700785934\n|move|p2a: \u4ee5\u5f7c\u4e4b\u9053\u8fd8\u65bd\u5f7c\u8eab|Stored Power|p1a: Very thankful\n|-resisted|p1a: Very thankful\n|-damage|p1a: Very thankful|91\/100\n|move|p1a: Very thankful|Cosmic Power|p1a: Very thankful\n|-boost|p1a: Very thankful|def|0\n|-boost|p1a: Very thankful|spd|0\n|\n|-heal|p1a: Very thankful|97\/100|[from] item: Leftovers\n|upkeep\n|turn|56\n|\n|t:|1700785940\n|move|p2a: \u4ee5\u5f7c\u4e4b\u9053\u8fd8\u65bd\u5f7c\u8eab|Stored Power|p1a: Very thankful\n|-resisted|p1a: Very thankful\n|-damage|p1a: Very thankful|87\/100\n|move|p1a: Very thankful|Body Press|p2a: \u4ee5\u5f7c\u4e4b\u9053\u8fd8\u65bd\u5f7c\u8eab\n|-resisted|p2a: \u4ee5\u5f7c\u4e4b\u9053\u8fd8\u65bd\u5f7c\u8eab\n|-damage|p2a: \u4ee5\u5f7c\u4e4b\u9053\u8fd8\u65bd\u5f7c\u8eab|79\/100\n|\n|-heal|p1a: Very thankful|93\/100|[from] item: Leftovers\n|upkeep\n|turn|57\n|\n|t:|1700785944\n|move|p2a: \u4ee5\u5f7c\u4e4b\u9053\u8fd8\u65bd\u5f7c\u8eab|Stored Power|p1a: Very thankful\n|-resisted|p1a: Very thankful\n|-damage|p1a: Very thankful|85\/100\n|move|p1a: Very thankful|Cosmic Power|p1a: Very thankful\n|-boost|p1a: Very thankful|def|0\n|-boost|p1a: Very thankful|spd|0\n|\n|-heal|p1a: Very thankful|91\/100|[from] item: Leftovers\n|-fieldend|move: Electric Terrain\n|upkeep\n|turn|58\n|\n|t:|1700785950\n|switch|p2a: \u901f\u5ea6\u5728\u4f60\u4e4b\u4e0a|Tapu Koko|46\/100\n|-fieldstart|move: Electric Terrain|[from] ability: Electric Surge|[of] p2a: \u901f\u5ea6\u5728\u4f60\u4e4b\u4e0a\n|move|p1a: Very thankful|Cosmic Power|p1a: Very thankful\n|-boost|p1a: Very thankful|def|0\n|-boost|p1a: Very thankful|spd|0\n|\n|-heal|p1a: Very thankful|97\/100|[from] item: Leftovers\n|upkeep\n|turn|59\n|\n|t:|1700785955\n|switch|p2a: \u4ee5\u5f7c\u4e4b\u9053\u8fd8\u65bd\u5f7c\u8eab|Ditto|79\/100\n|-transform|p2a: \u4ee5\u5f7c\u4e4b\u9053\u8fd8\u65bd\u5f7c\u8eab|p1a: Very thankful|[from] ability: Imposter\n|move|p1a: Very thankful|Stored Power|p2a: \u4ee5\u5f7c\u4e4b\u9053\u8fd8\u65bd\u5f7c\u8eab\n|-resisted|p2a: \u4ee5\u5f7c\u4e4b\u9053\u8fd8\u65bd\u5f7c\u8eab\n|-damage|p2a: \u4ee5\u5f7c\u4e4b\u9053\u8fd8\u65bd\u5f7c\u8eab|67\/100\n|\n|-heal|p1a: Very thankful|100\/100|[from] item: Leftovers\n|upkeep\n|turn|60\n|\n|t:|1700785959\n|move|p2a: \u4ee5\u5f7c\u4e4b\u9053\u8fd8\u65bd\u5f7c\u8eab|Stored Power|p1a: Very thankful\n|-resisted|p1a: Very thankful\n|-damage|p1a: Very thankful|92\/100\n|move|p1a: Very thankful|Cosmic Power|p1a: Very thankful\n|-boost|p1a: Very thankful|def|0\n|-boost|p1a: Very thankful|spd|0\n|\n|-heal|p1a: Very thankful|98\/100|[from] item: Leftovers\n|upkeep\n|turn|61\n|\n|t:|1700785962\n|move|p2a: \u4ee5\u5f7c\u4e4b\u9053\u8fd8\u65bd\u5f7c\u8eab|Stored Power|p1a: Very thankful\n|-resisted|p1a: Very thankful\n|-damage|p1a: Very thankful|88\/100\n|move|p1a: Very thankful|Cosmic Power|p1a: Very thankful\n|-boost|p1a: Very thankful|def|0\n|-boost|p1a: Very thankful|spd|0\n|\n|-heal|p1a: Very thankful|94\/100|[from] item: Leftovers\n|upkeep\n|turn|62\n|\n|t:|1700785968\n|move|p2a: \u4ee5\u5f7c\u4e4b\u9053\u8fd8\u65bd\u5f7c\u8eab|Stored Power|p1a: Very thankful\n|-resisted|p1a: Very thankful\n|-damage|p1a: Very thankful|85\/100\n|move|p1a: Very thankful|Cosmic Power|p1a: Very thankful\n|-boost|p1a: Very thankful|def|0\n|-boost|p1a: Very thankful|spd|0\n|\n|-heal|p1a: Very thankful|92\/100|[from] item: Leftovers\n|-fieldend|move: Electric Terrain\n|upkeep\n|turn|63\n|\n|t:|1700785970\n|switch|p2a: \u901f\u5ea6\u5728\u4f60\u4e4b\u4e0a|Tapu Koko|46\/100\n|-fieldstart|move: Electric Terrain|[from] ability: Electric Surge|[of] p2a: \u901f\u5ea6\u5728\u4f60\u4e4b\u4e0a\n|move|p1a: Very thankful|Body Press|p2a: \u901f\u5ea6\u5728\u4f60\u4e4b\u4e0a\n|-resisted|p2a: \u901f\u5ea6\u5728\u4f60\u4e4b\u4e0a\n|-damage|p2a: \u901f\u5ea6\u5728\u4f60\u4e4b\u4e0a|0 fnt\n|faint|p2a: \u901f\u5ea6\u5728\u4f60\u4e4b\u4e0a\n|\n|-heal|p1a: Very thankful|98\/100|[from] item: Leftovers\n|upkeep\n|\n|t:|1700785971\n|switch|p2a: \u4ee5\u5f7c\u4e4b\u9053\u8fd8\u65bd\u5f7c\u8eab|Ditto|67\/100\n|-transform|p2a: \u4ee5\u5f7c\u4e4b\u9053\u8fd8\u65bd\u5f7c\u8eab|p1a: Very thankful|[from] ability: Imposter\n|turn|64\n|\n|t:|1700785986\n|move|p2a: \u4ee5\u5f7c\u4e4b\u9053\u8fd8\u65bd\u5f7c\u8eab|Stored Power|p1a: Very thankful\n|-resisted|p1a: Very thankful\n|-crit|p1a: Very thankful\n|-damage|p1a: Very thankful|38\/100\n|move|p1a: Very thankful|Stored Power|p2a: \u4ee5\u5f7c\u4e4b\u9053\u8fd8\u65bd\u5f7c\u8eab\n|-resisted|p2a: \u4ee5\u5f7c\u4e4b\u9053\u8fd8\u65bd\u5f7c\u8eab\n|-damage|p2a: \u4ee5\u5f7c\u4e4b\u9053\u8fd8\u65bd\u5f7c\u8eab|55\/100\n|\n|-heal|p1a: Very thankful|45\/100|[from] item: Leftovers\n|upkeep\n|turn|65\n|\n|t:|1700785990\n|move|p2a: \u4ee5\u5f7c\u4e4b\u9053\u8fd8\u65bd\u5f7c\u8eab|Stored Power|p1a: Very thankful\n|-resisted|p1a: Very thankful\n|-damage|p1a: Very thankful|34\/100\n|move|p1a: Very thankful|Soft-Boiled|p1a: Very thankful\n|-heal|p1a: Very thankful|84\/100\n|\n|-heal|p1a: Very thankful|90\/100|[from] item: Leftovers\n|upkeep\n|turn|66\n|\n|t:|1700785993\n|move|p2a: \u4ee5\u5f7c\u4e4b\u9053\u8fd8\u65bd\u5f7c\u8eab|Stored Power|p1a: Very thankful\n|-resisted|p1a: Very thankful\n|-damage|p1a: Very thankful|81\/100\n|move|p1a: Very thankful|Stored Power|p2a: \u4ee5\u5f7c\u4e4b\u9053\u8fd8\u65bd\u5f7c\u8eab\n|-resisted|p2a: \u4ee5\u5f7c\u4e4b\u9053\u8fd8\u65bd\u5f7c\u8eab\n|-damage|p2a: \u4ee5\u5f7c\u4e4b\u9053\u8fd8\u65bd\u5f7c\u8eab|43\/100\n|\n|-heal|p1a: Very thankful|88\/100|[from] item: Leftovers\n|upkeep\n|turn|67\n|-message|yanami-test forfeited.\n|\n|win|TheStroker\n|raw|TheStroker's rating: 1604 &rarr; <strong>1625<\/strong><br \/>(+21 for winning)\n|raw|yanami-test's rating: 1621 &rarr; <strong>1600<\/strong><br \/>(-21 for losing)\n|l|\u2606yanami-test\n|l| less might be more\n|l| Zangoosefriend96\n|l|\u2606TheStroker\n|l| myfeethurt\n|j| myfeethurt\n|j|\u2606TheStroker\n|player|p1|TheStroker|janitor\n|j| less might be more\n|j| Zangoosefriend96\n|l| kung fu pokechu\n|j| kung fu pokechu\n","uploadtime":1700785999,"views":4,"p1id":"thestroker","p2id":"yanamitest","formatid":"gen9nationaldex","rating":1600,"private":0,"password":""}