{"id":"gen9nationaldex-1998200040","p1":"Superfunandgames","p2":"zzs20011011","format":"[Gen 9] National Dex","log":"|html|<div class=\"broadcast-blue\"><strong>[Gen 9] National Dex is currently suspecting Sneasler! For information on how to participate check out the <a href=\"https:\/\/www.smogon.com\/forums\/threads\/sv-national-dex-suspect-8-just-dance.3731534\/\">suspect thread<\/a>.<\/strong><\/div>\n|j|\u2606Superfunandgames\n|j|\u2606zzs20011011\n|t:|1700911362\n|gametype|singles\n|player|p1|Superfunandgames|volkner|1162\n|player|p2|zzs20011011|iris-gen5bw2|1259\n|teamsize|p1|6\n|teamsize|p2|6\n|gen|9\n|tier|[Gen 9] National Dex\n|rated|\n|rule|HP Percentage Mod: HP is shown in percentages\n|rule|Endless Battle Clause: Forcing endless battles is banned\n|rule|OHKO Clause: OHKO moves are banned\n|rule|Evasion Clause: Evasion abilities, items, and moves are banned\n|rule|Evasion Abilities Clause: Evasion abilities are banned\n|rule|Evasion Items Clause: Evasion items are banned\n|rule|Evasion Moves Clause: Evasion moves are banned\n|rule|Species Clause: Limit one of each Pok\u00e9mon\n|rule|Sleep Clause Mod: Limit one foe put to sleep\n|clearpoke\n|poke|p1|Latios, M|\n|poke|p1|Ogerpon-Wellspring, F|\n|poke|p1|Gastrodon-East, F|\n|poke|p1|Rotom-Wash|\n|poke|p1|Zeraora|\n|poke|p1|Ceruledge, M|\n|poke|p2|Mawile, F|\n|poke|p2|Iron Valiant|\n|poke|p2|Rotom-Wash|\n|poke|p2|Tapu Koko|\n|poke|p2|Heatran, M|\n|poke|p2|Landorus-Therian, M|\n|teampreview\n|inactive|Battle timer is ON: inactive players will automatically lose when time's up. (requested by zzs20011011)\n|\n|t:|1700911369\n|start\n|switch|p1a: Ceruledge|Ceruledge, M|100\/100\n|switch|p2a: Rotom|Rotom-Wash|100\/100\n|turn|1\n|\n|t:|1700911378\n|switch|p1a: Zeraora|Zeraora|100\/100\n|move|p2a: Rotom|Hydro Pump|p1a: Zeraora\n|-damage|p1a: Zeraora|51\/100\n|\n|upkeep\n|turn|2\n|\n|t:|1700911399\n|switch|p2a: Landorus|Landorus-Therian, M, shiny|100\/100\n|-ability|p2a: Landorus|Intimidate|boost\n|-unboost|p1a: Zeraora|atk|1\n|move|p1a: Zeraora|Bulk Up|p1a: Zeraora\n|-boost|p1a: Zeraora|atk|1\n|-boost|p1a: Zeraora|def|1\n|\n|upkeep\n|turn|3\n|\n|t:|1700911419\n|switch|p1a: Rotom|Rotom-Wash|100\/100\n|move|p2a: Landorus|Earthquake|p1a: Rotom\n|-immune|p1a: Rotom|[from] ability: Levitate\n|\n|upkeep\n|turn|4\n|\n|t:|1700911433\n|move|p2a: Landorus|U-turn|p1a: Rotom\n|-damage|p1a: Rotom|74\/100\n|\n|t:|1700911441\n|switch|p2a: Rotom|Rotom-Wash|100\/100|[from] U-turn\n|move|p1a: Rotom|Hydro Pump|p2a: Rotom|[miss]\n|-miss|p1a: Rotom|p2a: Rotom\n|\n|-heal|p1a: Rotom|80\/100|[from] item: Leftovers\n|upkeep\n|turn|5\n|\n|t:|1700911453\n|move|p1a: Rotom|Volt Switch|p2a: Rotom\n|-damage|p2a: Rotom|76\/100\n|\n|t:|1700911458\n|switch|p1a: Zeraora|Zeraora|51\/100|[from] Volt Switch\n|move|p2a: Rotom|Volt Switch|p1a: Zeraora\n|-heal|p1a: Zeraora|76\/100|[from] ability: Volt Absorb|[of] p2a: Rotom\n|\n|-heal|p2a: Rotom|82\/100|[from] item: Leftovers\n|upkeep\n|turn|6\n|\n|t:|1700911475\n|move|p1a: Zeraora|Fake Out|p2a: Rotom\n|-damage|p2a: Rotom|68\/100\n|-damage|p1a: Zeraora|66\/100|[from] item: Life Orb\n|cant|p2a: Rotom|flinch\n|\n|-heal|p2a: Rotom|75\/100|[from] item: Leftovers\n|upkeep\n|turn|7\n|\n|t:|1700911491\n|switch|p2a: Landorus|Landorus-Therian, M, shiny|100\/100\n|-ability|p2a: Landorus|Intimidate|boost\n|-unboost|p1a: Zeraora|atk|1\n|move|p1a: Zeraora|Plasma Fists|p2a: Landorus\n|-immune|p2a: Landorus\n|\n|upkeep\n|turn|8\n|\n|t:|1700911506\n|switch|p1a: Latios|Latios, M|100\/100\n|move|p2a: Landorus|U-turn|p1a: Latios\n|-supereffective|p1a: Latios\n|-damage|p1a: Latios|27\/100\n|\n|t:|1700911514\n|switch|p2a: Tapu Koko|Tapu Koko|100\/100|[from] U-turn\n|-fieldstart|move: Electric Terrain|[from] ability: Electric Surge|[of] p2a: Tapu Koko\n|\n|upkeep\n|turn|9\n|\n|t:|1700911524\n|switch|p1a: Rotom|Rotom-Wash|80\/100\n|move|p2a: Tapu Koko|U-turn|p1a: Rotom\n|-damage|p1a: Rotom|57\/100\n|\n|t:|1700911529\n|switch|p2a: Iron Valiant|Iron Valiant|100\/100|[from] U-turn\n|-activate|p2a: Iron Valiant|ability: Quark Drive\n|-start|p2a: Iron Valiant|quarkdrivespe\n|\n|-heal|p1a: Rotom|63\/100|[from] item: Leftovers\n|upkeep\n|turn|10\n|\n|t:|1700911547\n|move|p2a: Iron Valiant|Moonblast|p1a: Rotom\n|-damage|p1a: Rotom|5\/100\n|move|p1a: Rotom|Thunder Wave|p2a: Iron Valiant\n|-status|p2a: Iron Valiant|par\n|\n|-heal|p1a: Rotom|12\/100|[from] item: Leftovers\n|upkeep\n|turn|11\n|\n|t:|1700911558\n|move|p2a: Iron Valiant|Moonblast|p1a: Rotom\n|-damage|p1a: Rotom|0 fnt\n|faint|p1a: Rotom\n|\n|upkeep\n|\n|t:|1700911567\n|switch|p1a: Zeraora|Zeraora|66\/100\n|turn|12\n|\n|t:|1700911576\n|-end|p2a: Iron Valiant|Quark Drive|[silent]\n|switch|p2a: Landorus|Landorus-Therian, M, shiny|100\/100\n|-ability|p2a: Landorus|Intimidate|boost\n|-unboost|p1a: Zeraora|atk|1\n|move|p1a: Zeraora|Fake Out|p2a: Landorus\n|-damage|p2a: Landorus|90\/100\n|-damage|p1a: Zeraora|56\/100|[from] item: Life Orb\n|\n|-fieldend|move: Electric Terrain\n|upkeep\n|turn|13\n|\n|t:|1700911593\n|switch|p1a: Gastrodon|Gastrodon-East, F|100\/100\n|move|p2a: Landorus|Earthquake|p1a: Gastrodon\n|-damage|p1a: Gastrodon|53\/100\n|\n|-heal|p1a: Gastrodon|59\/100|[from] item: Leftovers\n|upkeep\n|turn|14\n|\n|t:|1700911607\n|move|p2a: Landorus|U-turn|p1a: Gastrodon\n|-damage|p1a: Gastrodon|36\/100\n|\n|t:|1700911613\n|switch|p2a: Rotom|Rotom-Wash|75\/100|[from] U-turn\n|move|p1a: Gastrodon|Recover|p1a: Gastrodon\n|-heal|p1a: Gastrodon|86\/100\n|\n|-heal|p2a: Rotom|81\/100|[from] item: Leftovers\n|-heal|p1a: Gastrodon|92\/100|[from] item: Leftovers\n|upkeep\n|turn|15\n|\n|t:|1700911633\n|move|p2a: Rotom|Will-O-Wisp|p1a: Gastrodon|[miss]\n|-miss|p2a: Rotom|p1a: Gastrodon\n|move|p1a: Gastrodon|Scald|p2a: Rotom\n|-resisted|p2a: Rotom\n|-damage|p2a: Rotom|66\/100\n|\n|-heal|p2a: Rotom|72\/100|[from] item: Leftovers\n|-heal|p1a: Gastrodon|98\/100|[from] item: Leftovers\n|upkeep\n|turn|16\n|\n|t:|1700911652\n|switch|p2a: Tapu Koko|Tapu Koko|100\/100\n|-fieldstart|move: Electric Terrain|[from] ability: Electric Surge|[of] p2a: Tapu Koko\n|-terastallize|p1a: Gastrodon|Fire\n|move|p1a: Gastrodon|Scald|p2a: Tapu Koko\n|-damage|p2a: Tapu Koko|51\/100\n|\n|-heal|p1a: Gastrodon|100\/100|[from] item: Leftovers\n|upkeep\n|turn|17\n|\n|t:|1700911673\n|-zpower|p2a: Tapu Koko\n|move|p2a: Tapu Koko|Gigavolt Havoc|p1a: Gastrodon|[zeffect]\n|-damage|p1a: Gastrodon|13\/100\n|move|p1a: Gastrodon|Scald|p2a: Tapu Koko\n|-damage|p2a: Tapu Koko|6\/100\n|\n|-heal|p1a: Gastrodon|19\/100|[from] item: Leftovers\n|upkeep\n|turn|18\n|\n|t:|1700911686\n|switch|p1a: Zeraora|Zeraora|56\/100\n|move|p2a: Tapu Koko|U-turn|p1a: Zeraora\n|-damage|p1a: Zeraora|28\/100\n|\n|t:|1700911696\n|switch|p2a: ku\u78b3|Mawile, F, shiny|100\/100|[from] U-turn\n|-ability|p2a: ku\u78b3|Intimidate|boost\n|-unboost|p1a: Zeraora|atk|1\n|\n|upkeep\n|turn|19\n|\n|t:|1700911706\n|detailschange|p2a: ku\u78b3|Mawile-Mega, F, shiny\n|-mega|p2a: ku\u78b3|Mawile|Mawilite\n|move|p2a: ku\u78b3|Sucker Punch|p1a: Zeraora\n|-damage|p1a: Zeraora|0 fnt\n|faint|p1a: Zeraora\n|\n|upkeep\n|\n|t:|1700911714\n|switch|p1a: Ceruledge|Ceruledge, M|100\/100\n|turn|20\n|\n|t:|1700911740\n|switch|p2a: Heatran|Heatran, M|100\/100\n|move|p1a: Ceruledge|Bitter Blade|p2a: Heatran\n|-start|p2a: Heatran|ability: Flash Fire\n|\n|-fieldend|move: Electric Terrain\n|upkeep\n|turn|21\n|\n|t:|1700911753\n|-terastallize|p2a: Heatran|Bug\n|move|p1a: Ceruledge|Swords Dance|p1a: Ceruledge\n|-boost|p1a: Ceruledge|atk|2\n|move|p2a: Heatran|Earth Power|p1a: Ceruledge\n|-supereffective|p1a: Ceruledge\n|-damage|p1a: Ceruledge|41\/100\n|\n|-heal|p1a: Ceruledge|47\/100|[from] item: Leftovers\n|upkeep\n|turn|22\n|\n|t:|1700911766\n|move|p1a: Ceruledge|Poltergeist|p2a: Heatran\n|-activate|p2a: Heatran|move: Poltergeist|Leftovers\n|-damage|p2a: Heatran|2\/100\n|move|p2a: Heatran|Earth Power|p1a: Ceruledge\n|-supereffective|p1a: Ceruledge\n|-damage|p1a: Ceruledge|0 fnt\n|faint|p1a: Ceruledge\n|\n|-heal|p2a: Heatran|9\/100|[from] item: Leftovers\n|upkeep\n|\n|t:|1700911778\n|switch|p1a: Ogerpon|Ogerpon-Wellspring, F|100\/100\n|turn|23\n|\n|t:|1700911792\n|move|p1a: Ogerpon|Swords Dance|p1a: Ogerpon\n|-boost|p1a: Ogerpon|atk|2\n|move|p2a: Heatran|Taunt|p1a: Ogerpon\n|-start|p1a: Ogerpon|move: Taunt\n|\n|-heal|p2a: Heatran|15\/100|[from] item: Leftovers\n|upkeep\n|turn|24\n|\n|t:|1700911801\n|move|p1a: Ogerpon|Trailblaze|p2a: Heatran\n|-resisted|p2a: Heatran\n|-damage|p2a: Heatran|0 fnt\n|-boost|p1a: Ogerpon|spe|1\n|faint|p2a: Heatran\n|\n|upkeep\n|\n|t:|1700911808\n|switch|p2a: Landorus|Landorus-Therian, M, shiny|90\/100\n|-ability|p2a: Landorus|Intimidate|boost\n|-unboost|p1a: Ogerpon|atk|1\n|turn|25\n|\n|t:|1700911816\n|switch|p2a: ku\u78b3|Mawile-Mega, F, shiny|100\/100\n|move|p1a: Ogerpon|Ivy Cudgel|p2a: ku\u78b3|[anim] Ivy Cudgel Water\n|-damage|p2a: ku\u78b3|11\/100\n|\n|upkeep\n|turn|26\n|\n|t:|1700911828\n|move|p2a: ku\u78b3|Sucker Punch|p1a: Ogerpon\n|-damage|p1a: Ogerpon|40\/100\n|move|p1a: Ogerpon|Ivy Cudgel|p2a: ku\u78b3|[anim] Ivy Cudgel Water\n|-damage|p2a: ku\u78b3|0 fnt\n|faint|p2a: ku\u78b3\n|\n|-end|p1a: Ogerpon|move: Taunt\n|upkeep\n|\n|t:|1700911846\n|switch|p2a: Rotom|Rotom-Wash|72\/100\n|turn|27\n|\n|t:|1700911856\n|move|p1a: Ogerpon|Trailblaze|p2a: Rotom\n|-supereffective|p2a: Rotom\n|-damage|p2a: Rotom|4\/100\n|-boost|p1a: Ogerpon|spe|1\n|move|p2a: Rotom|Will-O-Wisp|p1a: Ogerpon\n|-status|p1a: Ogerpon|brn\n|\n|-heal|p2a: Rotom|10\/100|[from] item: Leftovers\n|-damage|p1a: Ogerpon|34\/100 brn|[from] brn\n|upkeep\n|turn|28\n|\n|t:|1700911870\n|switch|p2a: Iron Valiant|Iron Valiant|100\/100 par\n|move|p1a: Ogerpon|Swords Dance|p1a: Ogerpon\n|-boost|p1a: Ogerpon|atk|2\n|\n|-damage|p1a: Ogerpon|28\/100 brn|[from] brn\n|upkeep\n|turn|29\n|\n|t:|1700911880\n|move|p1a: Ogerpon|Ivy Cudgel|p2a: Iron Valiant|[anim] Ivy Cudgel Water\n|-damage|p2a: Iron Valiant|8\/100 par\n|move|p2a: Iron Valiant|Moonblast|p1a: Ogerpon\n|-damage|p1a: Ogerpon|0 fnt\n|faint|p1a: Ogerpon\n|\n|upkeep\n|\n|t:|1700911890\n|switch|p1a: Latios|Latios, M|27\/100\n|turn|30\n|\n|t:|1700911904\n|detailschange|p1a: Latios|Latios-Mega, M\n|-mega|p1a: Latios|Latios|Latiosite\n|move|p1a: Latios|Psyshock|p2a: Iron Valiant\n|-supereffective|p2a: Iron Valiant\n|-damage|p2a: Iron Valiant|0 fnt\n|faint|p2a: Iron Valiant\n|-end|p2a: Iron Valiant|Quark Drive|[silent]\n|\n|upkeep\n|\n|t:|1700911907\n|switch|p2a: Tapu Koko|Tapu Koko|6\/100\n|-fieldstart|move: Electric Terrain|[from] ability: Electric Surge|[of] p2a: Tapu Koko\n|turn|31\n|\n|t:|1700911931\n|move|p2a: Tapu Koko|Hidden Power|p1a: Latios\n|-supereffective|p1a: Latios\n|-damage|p1a: Latios|1\/100\n|move|p1a: Latios|Psyshock|p2a: Tapu Koko\n|-damage|p2a: Tapu Koko|0 fnt\n|faint|p2a: Tapu Koko\n|\n|upkeep\n|\n|t:|1700911943\n|switch|p2a: Landorus|Landorus-Therian, M, shiny|90\/100\n|-ability|p2a: Landorus|Intimidate|boost\n|-unboost|p1a: Latios|atk|1\n|turn|32\n|\n|t:|1700911950\n|move|p1a: Latios|Draco Meteor|p2a: Landorus\n|-damage|p2a: Landorus|38\/100\n|-unboost|p1a: Latios|spa|2\n|move|p2a: Landorus|U-turn|p1a: Latios\n|-supereffective|p1a: Latios\n|-damage|p1a: Latios|0 fnt\n|faint|p1a: Latios\n|\n|t:|1700911957\n|switch|p2a: Rotom|Rotom-Wash|10\/100|[from] U-turn\n|\n|-heal|p2a: Rotom|17\/100|[from] item: Leftovers\n|upkeep\n|\n|t:|1700911963\n|switch|p1a: Gastrodon|Gastrodon-East, F, tera:Fire|19\/100\n|turn|33\n|\n|t:|1700911976\n|move|p2a: Rotom|Volt Switch|p1a: Gastrodon\n|-damage|p1a: Gastrodon|0 fnt\n|faint|p1a: Gastrodon\n|\n|win|zzs20011011\n|raw|Superfunandgames's rating: 1162 &rarr; <strong>1144<\/strong><br \/>(-18 for losing)\n|raw|zzs20011011's rating: 1259 &rarr; <strong>1277<\/strong><br \/>(+18 for winning)\n|c|\u2606zzs20011011|gg\n","uploadtime":1700911990,"views":0,"p1id":"superfunandgames","p2id":"zzs20011011","formatid":"gen9nationaldex","rating":1144,"private":0,"password":""}