{"id":"gen9nationaldex-1995534585","p1":"ryangregory78","p2":"elvisma","format":"[Gen 9] National Dex","log":"|html|<div class=\"broadcast-blue\"><strong>[Gen 9] National Dex is currently suspecting Sneasler! For information on how to participate check out the <a href=\"https:\/\/www.smogon.com\/forums\/threads\/sv-national-dex-suspect-8-just-dance.3731534\/\">suspect thread<\/a>.<\/strong><\/div>\n|j|\u2606ryangregory78\n|j|\u2606elvisma\n|t:|1700580647\n|gametype|singles\n|player|p1|ryangregory78|170|1550\n|player|p2|elvisma|red-masters|1739\n|teamsize|p1|6\n|teamsize|p2|6\n|gen|9\n|tier|[Gen 9] National Dex\n|rated|\n|rule|HP Percentage Mod: HP is shown in percentages\n|rule|Endless Battle Clause: Forcing endless battles is banned\n|rule|OHKO Clause: OHKO moves are banned\n|rule|Evasion Clause: Evasion abilities, items, and moves are banned\n|rule|Evasion Abilities Clause: Evasion abilities are banned\n|rule|Evasion Items Clause: Evasion items are banned\n|rule|Evasion Moves Clause: Evasion moves are banned\n|rule|Species Clause: Limit one of each Pok\u00e9mon\n|rule|Sleep Clause Mod: Limit one foe put to sleep\n|clearpoke\n|poke|p1|Rillaboom, M|\n|poke|p1|Sneasler, F|\n|poke|p1|Kartana|\n|poke|p1|Heatran, M|\n|poke|p1|Manaphy|\n|poke|p1|Iron Hands|\n|poke|p2|Azelf|\n|poke|p2|Charizard, M|\n|poke|p2|Ribombee, M|\n|poke|p2|Great Tusk|\n|poke|p2|Ogerpon-Wellspring, F|\n|poke|p2|Victini|\n|teampreview\n|inactive|Battle timer is ON: inactive players will automatically lose when time's up. (requested by ryangregory78)\n|\n|t:|1700580660\n|start\n|switch|p1a: The Good Doctor|Rillaboom, M|100\/100\n|switch|p2a: SPIN TO WIN|Great Tusk|100\/100\n|-fieldstart|move: Grassy Terrain|[from] ability: Grassy Surge|[of] p1a: The Good Doctor\n|-enditem|p2a: SPIN TO WIN|Booster Energy\n|-activate|p2a: SPIN TO WIN|ability: Protosynthesis|[fromitem]\n|-start|p2a: SPIN TO WIN|protosynthesisatk\n|turn|1\n|\n|t:|1700580666\n|-terastallize|p2a: SPIN TO WIN|Ice\n|move|p1a: The Good Doctor|Grassy Glide|p2a: SPIN TO WIN\n|-damage|p2a: SPIN TO WIN|74\/100\n|move|p2a: SPIN TO WIN|Ice Spinner|p1a: The Good Doctor\n|-supereffective|p1a: The Good Doctor\n|-damage|p1a: The Good Doctor|4\/100\n|-fieldend|move: Grassy Terrain\n|\n|upkeep\n|turn|2\n|\n|t:|1700580671\n|switch|p1a: Veil|Manaphy|100\/100\n|move|p2a: SPIN TO WIN|Rapid Spin|p1a: Veil\n|-damage|p1a: Veil|82\/100\n|-boost|p2a: SPIN TO WIN|spe|1\n|\n|-heal|p1a: Veil|88\/100|[from] item: Leftovers\n|upkeep\n|turn|3\n|\n|t:|1700580674\n|move|p2a: SPIN TO WIN|Headlong Rush|p1a: Veil\n|-damage|p1a: Veil|21\/100\n|-unboost|p2a: SPIN TO WIN|def|1\n|-unboost|p2a: SPIN TO WIN|spd|1\n|move|p1a: Veil|Scald|p2a: SPIN TO WIN\n|-damage|p2a: SPIN TO WIN|10\/100\n|-status|p2a: SPIN TO WIN|brn\n|\n|-heal|p1a: Veil|28\/100|[from] item: Leftovers\n|-damage|p2a: SPIN TO WIN|3\/100 brn|[from] brn\n|upkeep\n|turn|4\n|\n|t:|1700580689\n|move|p2a: SPIN TO WIN|Close Combat|p1a: Veil\n|-damage|p1a: Veil|0 fnt\n|-unboost|p2a: SPIN TO WIN|def|1\n|-unboost|p2a: SPIN TO WIN|spd|1\n|faint|p1a: Veil\n|\n|-damage|p2a: SPIN TO WIN|0 fnt|[from] brn\n|faint|p2a: SPIN TO WIN\n|-end|p2a: SPIN TO WIN|Protosynthesis|[silent]\n|upkeep\n|\n|t:|1700580691\n|switch|p1a: The Good Doctor|Rillaboom, M|4\/100\n|switch|p2a: ZA BEE|Ribombee, M|100\/100\n|-fieldstart|move: Grassy Terrain|[from] ability: Grassy Surge|[of] p1a: The Good Doctor\n|turn|5\n|\n|t:|1700580693\n|switch|p1a: Puzzle Box|Heatran, M|100\/100\n|move|p2a: ZA BEE|Moonblast|p1a: Puzzle Box\n|-resisted|p1a: Puzzle Box\n|-damage|p1a: Puzzle Box|90\/100\n|-unboost|p1a: Puzzle Box|spa|1\n|\n|-heal|p1a: Puzzle Box|96\/100|[from] Grassy Terrain\n|-heal|p1a: Puzzle Box|100\/100|[from] item: Leftovers\n|upkeep\n|turn|6\n|\n|t:|1700580696\n|move|p2a: ZA BEE|Sticky Web|p1a: Puzzle Box\n|-sidestart|p1: ryangregory78|move: Sticky Web\n|move|p1a: Puzzle Box|Taunt|p2a: ZA BEE\n|-start|p2a: ZA BEE|move: Taunt\n|\n|upkeep\n|turn|7\n|\n|t:|1700580699\n|switch|p2a: touchgrassdrinkH2O|Ogerpon-Wellspring, F|100\/100\n|move|p1a: Puzzle Box|Stealth Rock|p2a: touchgrassdrinkH2O\n|-sidestart|p2: elvisma|move: Stealth Rock\n|\n|upkeep\n|turn|8\n|\n|t:|1700580702\n|switch|p1a: A Cell Divides|Kartana|100\/100\n|-activate|p1a: A Cell Divides|move: Sticky Web\n|-unboost|p1a: A Cell Divides|spe|1\n|move|p2a: touchgrassdrinkH2O|Swords Dance|p2a: touchgrassdrinkH2O\n|-boost|p2a: touchgrassdrinkH2O|atk|2\n|\n|upkeep\n|turn|9\n|\n|t:|1700580713\n|switch|p2a: ZA BEE|Ribombee, M|100\/100\n|-damage|p2a: ZA BEE|76\/100|[from] Stealth Rock\n|move|p1a: A Cell Divides|Leaf Blade|p2a: ZA BEE\n|-resisted|p2a: ZA BEE\n|-damage|p2a: ZA BEE|0 fnt\n|faint|p2a: ZA BEE\n|-ability|p1a: A Cell Divides|Beast Boost|boost\n|-boost|p1a: A Cell Divides|atk|1\n|\n|upkeep\n|\n|t:|1700580717\n|switch|p2a: ampheros|Charizard, M|100\/100\n|-damage|p2a: ampheros|51\/100|[from] Stealth Rock\n|turn|10\n|\n|t:|1700580741\n|switch|p1a: Clear|Iron Hands|100\/100\n|-activate|p1a: Clear|move: Sticky Web\n|-unboost|p1a: Clear|spe|1\n|detailschange|p2a: ampheros|Charizard-Mega-X, M\n|-mega|p2a: ampheros|Charizard|Charizardite X\n|move|p2a: ampheros|Dragon Dance|p2a: ampheros\n|-boost|p2a: ampheros|atk|1\n|-boost|p2a: ampheros|spe|1\n|\n|-heal|p2a: ampheros|57\/100|[from] Grassy Terrain\n|upkeep\n|turn|11\n|c|\u2606elvisma|burn\n|c|\u2606elvisma|burn\n|\n|t:|1700580751\n|move|p2a: ampheros|Fire Punch|p1a: Clear\n|-crit|p1a: Clear\n|-damage|p1a: Clear|15\/100\n|move|p1a: Clear|Drain Punch|p2a: ampheros\n|-damage|p2a: ampheros|8\/100\n|-heal|p1a: Clear|31\/100|[from] drain|[of] p2a: ampheros\n|\n|-heal|p2a: ampheros|14\/100|[from] Grassy Terrain\n|-heal|p1a: Clear|37\/100|[from] Grassy Terrain\n|-heal|p1a: Clear|43\/100|[from] item: Leftovers\n|upkeep\n|turn|12\n|\n|t:|1700580757\n|move|p2a: ampheros|Dragon Claw|p1a: Clear\n|-damage|p1a: Clear|0 fnt\n|faint|p1a: Clear\n|-end|p1a: Clear|Quark Drive|[silent]\n|\n|-heal|p2a: ampheros|20\/100|[from] Grassy Terrain\n|-fieldend|move: Grassy Terrain\n|upkeep\n|\n|t:|1700580762\n|switch|p1a: The Good Doctor|Rillaboom, M|4\/100\n|-activate|p1a: The Good Doctor|move: Sticky Web\n|-unboost|p1a: The Good Doctor|spe|1\n|-fieldstart|move: Grassy Terrain|[from] ability: Grassy Surge|[of] p1a: The Good Doctor\n|turn|13\n|\n|t:|1700580767\n|move|p1a: The Good Doctor|Grassy Glide|p2a: ampheros\n|-resisted|p2a: ampheros\n|-damage|p2a: ampheros|10\/100\n|move|p2a: ampheros|Fire Punch|p1a: The Good Doctor\n|-supereffective|p1a: The Good Doctor\n|-damage|p1a: The Good Doctor|0 fnt\n|faint|p1a: The Good Doctor\n|\n|-heal|p2a: ampheros|16\/100|[from] Grassy Terrain\n|upkeep\n|\n|t:|1700580776\n|switch|p1a: Host|Sneasler, F|100\/100\n|-activate|p1a: Host|move: Sticky Web\n|-unboost|p1a: Host|spe|1\n|-enditem|p1a: Host|Grassy Seed\n|-boost|p1a: Host|def|1|[from] item: Grassy Seed\n|turn|14\n|\n|t:|1700580788\n|move|p2a: ampheros|Dragon Claw|p1a: Host\n|-damage|p1a: Host|21\/100\n|move|p1a: Host|Acrobatics|p2a: ampheros\n|-crit|p2a: ampheros\n|-damage|p2a: ampheros|0 fnt\n|faint|p2a: ampheros\n|\n|-heal|p1a: Host|27\/100|[from] Grassy Terrain\n|upkeep\n|\n|t:|1700580798\n|switch|p2a: V create spam|Victini|100\/100\n|-damage|p2a: V create spam|76\/100|[from] Stealth Rock\n|turn|15\n|\n|t:|1700580802\n|move|p1a: Host|Gunk Shot|p2a: V create spam|[miss]\n|-miss|p1a: Host|p2a: V create spam\n|-zpower|p2a: V create spam\n|move|p2a: V create spam|Z-Celebrate|p2a: V create spam|[anim]Celebrate\n|-boost|p2a: V create spam|atk|1|[zeffect]\n|-boost|p2a: V create spam|def|1|[zeffect]\n|-boost|p2a: V create spam|spa|1|[zeffect]\n|-boost|p2a: V create spam|spd|1|[zeffect]\n|-boost|p2a: V create spam|spe|1|[zeffect]\n|-activate|p2a: V create spam|move: Celebrate\n|\n|-heal|p2a: V create spam|82\/100|[from] Grassy Terrain\n|-heal|p1a: Host|33\/100|[from] Grassy Terrain\n|upkeep\n|turn|16\n|\n|t:|1700580805\n|move|p2a: V create spam|Stored Power|p1a: Host\n|-supereffective|p1a: Host\n|-damage|p1a: Host|0 fnt\n|faint|p1a: Host\n|\n|-heal|p2a: V create spam|88\/100|[from] Grassy Terrain\n|upkeep\n|\n|t:|1700580809\n|switch|p1a: Puzzle Box|Heatran, M|100\/100\n|-activate|p1a: Puzzle Box|move: Sticky Web\n|-unboost|p1a: Puzzle Box|spe|1\n|turn|17\n|\n|t:|1700580814\n|switch|p2a: touchgrassdrinkH2O|Ogerpon-Wellspring, F|100\/100\n|-damage|p2a: touchgrassdrinkH2O|88\/100|[from] Stealth Rock\n|-terastallize|p1a: Puzzle Box|Ghost\n|move|p1a: Puzzle Box|Earth Power|p2a: touchgrassdrinkH2O\n|-resisted|p2a: touchgrassdrinkH2O\n|-damage|p2a: touchgrassdrinkH2O|68\/100\n|\n|-heal|p2a: touchgrassdrinkH2O|74\/100|[from] Grassy Terrain\n|upkeep\n|turn|18\n|\n|t:|1700580821\n|switch|p1a: A Cell Divides|Kartana|100\/100\n|-activate|p1a: A Cell Divides|move: Sticky Web\n|-unboost|p1a: A Cell Divides|spe|1\n|move|p2a: touchgrassdrinkH2O|Swords Dance|p2a: touchgrassdrinkH2O\n|-boost|p2a: touchgrassdrinkH2O|atk|2\n|\n|-heal|p2a: touchgrassdrinkH2O|80\/100|[from] Grassy Terrain\n|upkeep\n|turn|19\n|\n|t:|1700580828\n|switch|p2a: V create spam|Victini|88\/100\n|-damage|p2a: V create spam|63\/100|[from] Stealth Rock\n|move|p1a: A Cell Divides|Leaf Blade|p2a: V create spam\n|-resisted|p2a: V create spam\n|-damage|p2a: V create spam|8\/100\n|\n|-heal|p2a: V create spam|15\/100|[from] Grassy Terrain\n|upkeep\n|turn|20\n|\n|t:|1700580831\n|switch|p1a: Puzzle Box|Heatran, M, tera:Ghost|100\/100\n|-activate|p1a: Puzzle Box|move: Sticky Web\n|-unboost|p1a: Puzzle Box|spe|1\n|move|p2a: V create spam|Searing Shot|p1a: Puzzle Box\n|-start|p1a: Puzzle Box|ability: Flash Fire\n|\n|-heal|p2a: V create spam|21\/100|[from] Grassy Terrain\n|-fieldend|move: Grassy Terrain\n|upkeep\n|turn|21\n|\n|t:|1700580838\n|move|p2a: V create spam|Energy Ball|p1a: Puzzle Box\n|-damage|p1a: Puzzle Box|78\/100\n|move|p1a: Puzzle Box|Magma Storm|p2a: V create spam|[miss]\n|-miss|p1a: Puzzle Box|p2a: V create spam\n|\n|-heal|p1a: Puzzle Box|84\/100|[from] item: Leftovers\n|upkeep\n|turn|22\n|\n|t:|1700580843\n|move|p2a: V create spam|Energy Ball|p1a: Puzzle Box\n|-damage|p1a: Puzzle Box|60\/100\n|move|p1a: Puzzle Box|Earth Power|p2a: V create spam\n|-supereffective|p2a: V create spam\n|-damage|p2a: V create spam|0 fnt\n|faint|p2a: V create spam\n|\n|-heal|p1a: Puzzle Box|66\/100|[from] item: Leftovers\n|upkeep\n|\n|t:|1700580847\n|switch|p2a: pls dont u-turn|Azelf|100\/100\n|-damage|p2a: pls dont u-turn|88\/100|[from] Stealth Rock\n|turn|23\n|\n|t:|1700580849\n|move|p2a: pls dont u-turn|Mystical Power|p1a: Puzzle Box\n|-damage|p1a: Puzzle Box|35\/100\n|-boost|p2a: pls dont u-turn|spa|1\n|move|p1a: Puzzle Box|Magma Storm|p2a: pls dont u-turn\n|-damage|p2a: pls dont u-turn|4\/100\n|-activate|p2a: pls dont u-turn|move: Magma Storm|[of] p1a: Puzzle Box\n|\n|-heal|p1a: Puzzle Box|41\/100|[from] item: Leftovers\n|-damage|p2a: pls dont u-turn|0 fnt|[from] move: Magma Storm|[partiallytrapped]\n|faint|p2a: pls dont u-turn\n|upkeep\n|\n|t:|1700580856\n|switch|p2a: touchgrassdrinkH2O|Ogerpon-Wellspring, F|80\/100\n|-damage|p2a: touchgrassdrinkH2O|67\/100|[from] Stealth Rock\n|turn|24\n|\n|t:|1700580859\n|move|p2a: touchgrassdrinkH2O|Swords Dance|p2a: touchgrassdrinkH2O\n|-boost|p2a: touchgrassdrinkH2O|atk|2\n|move|p1a: Puzzle Box|Magma Storm|p2a: touchgrassdrinkH2O\n|-damage|p2a: touchgrassdrinkH2O|0 fnt\n|faint|p2a: touchgrassdrinkH2O\n|\n|win|ryangregory78\n|raw|ryangregory78's rating: 1550 &rarr; <strong>1580<\/strong><br \/>(+30 for winning)\n|raw|elvisma's rating: 1739 &rarr; <strong>1709<\/strong><br \/>(-30 for losing)\n|c|\u2606elvisma|gg\n","uploadtime":1700580865,"views":0,"p1id":"ryangregory78","p2id":"elvisma","formatid":"gen9nationaldex","rating":1580,"private":0,"password":""}