{"id":"gen9nationaldex-1988838155","p1":"Nomer16","p2":"cocakk","format":"[Gen 9] National Dex","log":"|j|\u2606Nomer16\n|j|\u2606cocakk\n|t:|1699771087\n|gametype|singles\n|player|p1|Nomer16|gentleman-gen4|1864\n|player|p2|cocakk|102|1675\n|teamsize|p1|6\n|teamsize|p2|6\n|gen|9\n|tier|[Gen 9] National Dex\n|rated|\n|rule|HP Percentage Mod: HP is shown in percentages\n|rule|Endless Battle Clause: Forcing endless battles is banned\n|rule|OHKO Clause: OHKO moves are banned\n|rule|Evasion Clause: Evasion abilities, items, and moves are banned\n|rule|Evasion Abilities Clause: Evasion abilities are banned\n|rule|Evasion Items Clause: Evasion items are banned\n|rule|Evasion Moves Clause: Evasion moves are banned\n|rule|Species Clause: Limit one of each Pok\u00e9mon\n|rule|Sleep Clause Mod: Limit one foe put to sleep\n|clearpoke\n|poke|p1|Umbreon, F|\n|poke|p1|Volcarona, F|\n|poke|p1|Serperior, F|\n|poke|p1|Lopunny, M|\n|poke|p1|Corviknight, M|\n|poke|p1|Gliscor, M|\n|poke|p2|Dragonite, F|\n|poke|p2|Tapu Koko|\n|poke|p2|Landorus-Therian, M|\n|poke|p2|Urshifu-*, F|\n|poke|p2|Greninja-*, M|\n|poke|p2|Scizor, F|\n|teampreview\n|inactive|Battle timer is ON: inactive players will automatically lose when time's up. (requested by cocakk)\n|\n|t:|1699771104\n|start\n|switch|p1a: Evangelyna|Umbreon, F|100\/100\n|switch|p2a: Tapu Koko|Tapu Koko|100\/100\n|-fieldstart|move: Electric Terrain|[from] ability: Electric Surge|[of] p2a: Tapu Koko\n|turn|1\n|j| YJLF2\n|\n|t:|1699771111\n|move|p2a: Tapu Koko|Dazzling Gleam|p1a: Evangelyna\n|-supereffective|p1a: Evangelyna\n|-damage|p1a: Evangelyna|40\/100\n|move|p1a: Evangelyna|Toxic|p2a: Tapu Koko\n|-status|p2a: Tapu Koko|tox\n|\n|-heal|p1a: Evangelyna|46\/100|[from] item: Leftovers\n|-damage|p2a: Tapu Koko|94\/100 tox|[from] psn\n|upkeep\n|turn|2\n|\n|t:|1699771120\n|switch|p2a: Dragonite|Dragonite, F|100\/100\n|move|p1a: Evangelyna|Protect||[still]\n|-fail|p1a: Evangelyna\n|\n|-heal|p1a: Evangelyna|52\/100|[from] item: Leftovers\n|upkeep\n|turn|3\n|\n|t:|1699771124\n|move|p2a: Dragonite|Dual Wingbeat|p1a: Evangelyna\n|-damage|p1a: Evangelyna|30\/100\n|-crit|p1a: Evangelyna\n|-damage|p1a: Evangelyna|0 fnt\n|faint|p1a: Evangelyna\n|-hitcount|p1: Evangelyna|2\n|\n|upkeep\n|\n|t:|1699771129\n|switch|p1a: Silver|Corviknight, M|100\/100\n|-ability|p1a: Silver|Pressure\n|turn|4\n|\n|t:|1699771135\n|switch|p2a: Landorus|Landorus-Therian, M|100\/100\n|-ability|p2a: Landorus|Intimidate|boost\n|-unboost|p1a: Silver|atk|1\n|move|p1a: Silver|Brave Bird|p2a: Landorus\n|-damage|p2a: Landorus|83\/100\n|-damage|p1a: Silver|84\/100|[from] item: Rocky Helmet|[of] p2a: Landorus\n|-damage|p1a: Silver|78\/100|[from] Recoil\n|\n|upkeep\n|turn|5\n|\n|t:|1699771139\n|switch|p1a: Joker|Gliscor, M|100\/100\n|move|p2a: Landorus|U-turn|p1a: Joker\n|-resisted|p1a: Joker\n|-damage|p1a: Joker|91\/100\n|\n|t:|1699771143\n|switch|p2a: Greninja|Greninja, M|100\/100|[from] U-turn\n|\n|-fieldend|move: Electric Terrain\n|-status|p1a: Joker|tox|[from] item: Toxic Orb\n|upkeep\n|turn|6\n|\n|t:|1699771146\n|-terastallize|p1a: Joker|Water\n|move|p2a: Greninja|Hydro Pump|p1a: Joker|[miss]\n|-miss|p2a: Greninja|p1a: Joker\n|move|p1a: Joker|Toxic|p2a: Greninja\n|-status|p2a: Greninja|tox\n|\n|-damage|p2a: Greninja|95\/100 tox|[from] psn\n|-heal|p1a: Joker|100\/100 tox|[from] ability: Poison Heal\n|upkeep\n|turn|7\n|\n|t:|1699771158\n|switch|p2a: Landorus|Landorus-Therian, M|83\/100\n|-ability|p2a: Landorus|Intimidate|boost\n|-unboost|p1a: Joker|atk|1\n|move|p1a: Joker|Earthquake|p2a: Landorus\n|-immune|p2a: Landorus\n|\n|upkeep\n|turn|8\n|\n|t:|1699771161\n|move|p1a: Joker|Toxic|p2a: Landorus\n|-status|p2a: Landorus|tox\n|move|p2a: Landorus|U-turn|p1a: Joker\n|-damage|p1a: Joker|83\/100 tox\n|\n|t:|1699771164\n|switch|p2a: Tapu Koko|Tapu Koko|94\/100 tox|[from] U-turn\n|-fieldstart|move: Electric Terrain|[from] ability: Electric Surge|[of] p2a: Tapu Koko\n|\n|-damage|p2a: Tapu Koko|88\/100 tox|[from] psn\n|-heal|p1a: Joker|95\/100 tox|[from] ability: Poison Heal\n|upkeep\n|turn|9\n|\n|t:|1699771167\n|switch|p1a: Charlotte|Serperior, F|100\/100\n|-terastallize|p2a: Tapu Koko|Electric\n|move|p2a: Tapu Koko|Volt Switch|p1a: Charlotte\n|-resisted|p1a: Charlotte\n|-damage|p1a: Charlotte|52\/100\n|\n|t:|1699771172\n|switch|p2a: Greninja|Greninja, M|95\/100 tox|[from] Volt Switch\n|\n|-heal|p1a: Charlotte|58\/100|[from] item: Leftovers\n|-damage|p2a: Greninja|89\/100 tox|[from] psn\n|upkeep\n|turn|10\n|\n|t:|1699771180\n|switch|p1a: Joker|Gliscor, M, tera:Water|95\/100 tox\n|move|p2a: Greninja|Hydro Pump|p1a: Joker\n|-resisted|p1a: Joker\n|-damage|p1a: Joker|68\/100 tox\n|-damage|p2a: Greninja|79\/100 tox|[from] item: Life Orb\n|\n|-damage|p2a: Greninja|67\/100 tox|[from] psn\n|-heal|p1a: Joker|80\/100 tox|[from] ability: Poison Heal\n|upkeep\n|turn|11\n|\n|t:|1699771183\n|move|p2a: Greninja|Grass Knot|p1a: Joker\n|-supereffective|p1a: Joker\n|-damage|p1a: Joker|44\/100 tox\n|-damage|p2a: Greninja|57\/100 tox|[from] item: Life Orb\n|move|p1a: Joker|Earthquake|p2a: Greninja\n|-damage|p2a: Greninja|5\/100 tox\n|\n|-damage|p2a: Greninja|0 fnt|[from] psn\n|faint|p2a: Greninja\n|-heal|p1a: Joker|57\/100 tox|[from] ability: Poison Heal\n|upkeep\n|\n|t:|1699771187\n|switch|p2a: Tapu Koko|Tapu Koko, tera:Electric|88\/100 tox\n|turn|12\n|\n|t:|1699771192\n|move|p2a: Tapu Koko|Volt Switch|p1a: Joker\n|-supereffective|p1a: Joker\n|-damage|p1a: Joker|0 fnt\n|faint|p1a: Joker\n|\n|t:|1699771195\n|switch|p2a: Landorus|Landorus-Therian, M|83\/100 tox|[from] Volt Switch\n|\n|-damage|p2a: Landorus|77\/100 tox|[from] psn\n|-fieldend|move: Electric Terrain\n|upkeep\n|\n|t:|1699771206\n|switch|p1a: Bonnie|Lopunny, M|100\/100\n|turn|13\n|\n|t:|1699771217\n|switch|p2a: Scizor|Scizor, F|100\/100\n|detailschange|p1a: Bonnie|Lopunny-Mega, M\n|-mega|p1a: Bonnie|Lopunny|Lopunnite\n|move|p1a: Bonnie|Fake Out|p2a: Scizor\n|-resisted|p2a: Scizor\n|-damage|p2a: Scizor|90\/100\n|\n|upkeep\n|turn|14\n|\n|t:|1699771220\n|switch|p1a: Sunny|Volcarona, F|100\/100\n|detailschange|p2a: Scizor|Scizor-Mega, F\n|-mega|p2a: Scizor|Scizor|Scizorite\n|move|p2a: Scizor|U-turn|p1a: Sunny\n|-resisted|p1a: Sunny\n|-damage|p1a: Sunny|73\/100\n|\n|t:|1699771224\n|switch|p2a: Tapu Koko|Tapu Koko, tera:Electric|88\/100 tox|[from] U-turn\n|-fieldstart|move: Electric Terrain|[from] ability: Electric Surge|[of] p2a: Tapu Koko\n|\n|-damage|p2a: Tapu Koko|82\/100 tox|[from] psn\n|upkeep\n|turn|15\n|\n|t:|1699771227\n|move|p2a: Tapu Koko|Volt Switch|p1a: Sunny\n|-damage|p1a: Sunny|0 fnt\n|faint|p1a: Sunny\n|-message|Nomer16 forfeited.\n|\n|win|cocakk\n|raw|Nomer16's rating: 1864 &rarr; <strong>1834<\/strong><br \/>(-30 for losing)\n|raw|cocakk's rating: 1675 &rarr; <strong>1705<\/strong><br \/>(+30 for winning)\n|l|\u2606Nomer16\n","uploadtime":1699771236,"views":5,"p1id":"nomer16","p2id":"cocakk","formatid":"gen9nationaldex","rating":1705,"private":0,"password":""}