{"id":"gen9nationaldex-1987124204","p1":"Flamme1230","p2":"Crispito00","format":"[Gen 9] National Dex","log":"|j|\u2606Flamme1230\n|j|\u2606Crispito00\n|t:|1699558047\n|gametype|singles\n|player|p1|Flamme1230|cynthia-gen4|1084\n|player|p2|Crispito00|plasmagrunt-gen5bw|1000\n|teamsize|p1|6\n|teamsize|p2|6\n|gen|9\n|tier|[Gen 9] National Dex\n|rated|\n|rule|HP Percentage Mod: HP is shown in percentages\n|rule|Endless Battle Clause: Forcing endless battles is banned\n|rule|OHKO Clause: OHKO moves are banned\n|rule|Evasion Clause: Evasion abilities, items, and moves are banned\n|rule|Evasion Abilities Clause: Evasion abilities are banned\n|rule|Evasion Items Clause: Evasion items are banned\n|rule|Evasion Moves Clause: Evasion moves are banned\n|rule|Species Clause: Limit one of each Pok\u00e9mon\n|rule|Sleep Clause Mod: Limit one foe put to sleep\n|clearpoke\n|poke|p1|Deoxys-Defense|\n|poke|p1|Spidops, M|\n|poke|p1|Iron Moth|\n|poke|p1|Ferrothorn, M|\n|poke|p1|Skarmory, M|\n|poke|p1|Mew|\n|poke|p2|Garchomp, F|\n|poke|p2|Metagross|\n|poke|p2|Greninja-*, M|\n|poke|p2|Kommo-o, F|\n|poke|p2|Centiskorch, M|\n|poke|p2|Aegislash, F|\n|teampreview\n|inactive|Battle timer is ON: inactive players will automatically lose when time's up. (requested by Flamme1230)\n|\n|t:|1699558057\n|start\n|switch|p1a: a l i e n|Deoxys-Defense|100\/100\n|switch|p2a: Centiskorch|Centiskorch, M|100\/100\n|-ability|p1a: a l i e n|Pressure\n|turn|1\n|\n|t:|1699558066\n|move|p1a: a l i e n|Stealth Rock|p2a: Centiskorch\n|-sidestart|p2: Crispito00|move: Stealth Rock\n|move|p2a: Centiskorch|Fire Lash|p1a: a l i e n\n|-damage|p1a: a l i e n|69\/100\n|-unboost|p1a: a l i e n|def|1\n|-damage|p2a: Centiskorch|84\/100|[from] item: Rocky Helmet|[of] p1a: a l i e n\n|\n|upkeep\n|turn|2\n|\n|t:|1699558074\n|move|p1a: a l i e n|Spikes|p2a: Centiskorch\n|-sidestart|p2: Crispito00|Spikes\n|move|p2a: Centiskorch|Knock Off|p1a: a l i e n\n|-supereffective|p1a: a l i e n\n|-damage|p1a: a l i e n|0 fnt\n|-damage|p2a: Centiskorch|67\/100|[from] item: Rocky Helmet|[of] p1a: a l i e n\n|-enditem|p1a: a l i e n|Rocky Helmet|[from] move: Knock Off|[of] p2a: Centiskorch\n|faint|p1a: a l i e n\n|\n|upkeep\n|\n|t:|1699558084\n|switch|p1a: Iron Moth|Iron Moth|100\/100\n|turn|3\n|\n|t:|1699558093\n|move|p1a: Iron Moth|Substitute|p1a: Iron Moth\n|-start|p1a: Iron Moth|Substitute\n|-damage|p1a: Iron Moth|76\/100\n|move|p2a: Centiskorch|Leech Life|p1a: Iron Moth\n|-resisted|p1a: Iron Moth\n|-crit|p1a: Iron Moth\n|-activate|p1a: Iron Moth|move: Substitute|[damage]\n|-heal|p2a: Centiskorch|78\/100|[from] drain|[of] p1a: Iron Moth\n|\n|upkeep\n|turn|4\n|\n|t:|1699558101\n|move|p1a: Iron Moth|Toxic Spikes|p2a: Centiskorch\n|-sidestart|p2: Crispito00|move: Toxic Spikes\n|move|p2a: Centiskorch|Power Whip|p1a: Iron Moth\n|-resisted|p1a: Iron Moth\n|-end|p1a: Iron Moth|Substitute\n|\n|upkeep\n|turn|5\n|\n|t:|1699558107\n|move|p1a: Iron Moth|Toxic Spikes|p2a: Centiskorch\n|-sidestart|p2: Crispito00|move: Toxic Spikes\n|move|p2a: Centiskorch|Knock Off|p1a: Iron Moth\n|-damage|p1a: Iron Moth|28\/100\n|-enditem|p1a: Iron Moth|Focus Sash|[from] move: Knock Off|[of] p2a: Centiskorch\n|\n|upkeep\n|turn|6\n|\n|t:|1699558116\n|move|p2a: Centiskorch|Knock Off|p1a: Iron Moth\n|-damage|p1a: Iron Moth|0 fnt\n|faint|p1a: Iron Moth\n|-end|p1a: Iron Moth|Quark Drive|[silent]\n|\n|upkeep\n|\n|t:|1699558129\n|switch|p1a: m e t a l b a l l|Ferrothorn, M|100\/100\n|turn|7\n|\n|t:|1699558135\n|move|p1a: m e t a l b a l l|Protect|p1a: m e t a l b a l l\n|-singleturn|p1a: m e t a l b a l l|Protect\n|move|p2a: Centiskorch|Fire Lash|p1a: m e t a l b a l l\n|-activate|p1a: m e t a l b a l l|move: Protect\n|\n|upkeep\n|turn|8\n|\n|t:|1699558142\n|move|p2a: Centiskorch|Knock Off|p1a: m e t a l b a l l\n|-damage|p1a: m e t a l b a l l|77\/100\n|-damage|p2a: Centiskorch|66\/100|[from] ability: Iron Barbs|[of] p1a: m e t a l b a l l\n|-enditem|p1a: m e t a l b a l l|Leftovers|[from] move: Knock Off|[of] p2a: Centiskorch\n|move|p1a: m e t a l b a l l|Spikes|p2a: Centiskorch\n|-sidestart|p2: Crispito00|Spikes\n|\n|upkeep\n|turn|9\n|\n|t:|1699558149\n|move|p2a: Centiskorch|Fire Lash|p1a: m e t a l b a l l\n|-supereffective|p1a: m e t a l b a l l\n|-damage|p1a: m e t a l b a l l|0 fnt\n|-damage|p2a: Centiskorch|53\/100|[from] ability: Iron Barbs|[of] p1a: m e t a l b a l l\n|faint|p1a: m e t a l b a l l\n|\n|upkeep\n|\n|t:|1699558152\n|switch|p1a: p r o t o t y p e|Mew|100\/100\n|turn|10\n|\n|t:|1699558158\n|move|p1a: p r o t o t y p e|Spikes|p2a: Centiskorch\n|-sidestart|p2: Crispito00|Spikes\n|move|p2a: Centiskorch|Leech Life|p1a: p r o t o t y p e\n|-supereffective|p1a: p r o t o t y p e\n|-damage|p1a: p r o t o t y p e|13\/100\n|-heal|p2a: Centiskorch|97\/100|[from] drain|[of] p1a: p r o t o t y p e\n|\n|upkeep\n|turn|11\n|\n|t:|1699558165\n|-zpower|p1a: p r o t o t y p e\n|move|p1a: p r o t o t y p e|Genesis Supernova|p2a: Centiskorch|[zeffect]\n|-damage|p2a: Centiskorch|37\/100\n|-fieldstart|move: Psychic Terrain\n|move|p2a: Centiskorch|Leech Life|p1a: p r o t o t y p e\n|-supereffective|p1a: p r o t o t y p e\n|-damage|p1a: p r o t o t y p e|0 fnt\n|-heal|p2a: Centiskorch|44\/100|[from] drain|[of] p1a: p r o t o t y p e\n|faint|p1a: p r o t o t y p e\n|\n|upkeep\n|\n|t:|1699558170\n|switch|p1a: w e b s|Spidops, M|100\/100\n|turn|12\n|\n|t:|1699558181\n|move|p1a: w e b s|Silk Trap|p1a: w e b s\n|-singleturn|p1a: w e b s|Protect\n|move|p2a: Centiskorch|Fire Lash|p1a: w e b s\n|-activate|p1a: w e b s|move: Protect\n|-unboost|p2a: Centiskorch|spe|1\n|\n|upkeep\n|turn|13\n|\n|t:|1699558188\n|move|p2a: Centiskorch|Fire Lash|p1a: w e b s\n|-supereffective|p1a: w e b s\n|-damage|p1a: w e b s|20\/100\n|-unboost|p1a: w e b s|def|1\n|move|p1a: w e b s|Sticky Web|p2a: Centiskorch\n|-sidestart|p2: Crispito00|move: Sticky Web\n|\n|-heal|p1a: w e b s|26\/100|[from] item: Leftovers\n|upkeep\n|turn|14\n|\n|t:|1699558195\n|move|p1a: w e b s|Silk Trap|p1a: w e b s\n|-singleturn|p1a: w e b s|Protect\n|move|p2a: Centiskorch|Fire Lash|p1a: w e b s\n|-activate|p1a: w e b s|move: Protect\n|-unboost|p2a: Centiskorch|spe|1\n|\n|-heal|p1a: w e b s|32\/100|[from] item: Leftovers\n|upkeep\n|turn|15\n|\n|t:|1699558204\n|move|p1a: w e b s|Silk Trap||[still]\n|-fail|p1a: w e b s\n|move|p2a: Centiskorch|Fire Lash|p1a: w e b s\n|-supereffective|p1a: w e b s\n|-damage|p1a: w e b s|0 fnt\n|faint|p1a: w e b s\n|\n|-fieldend|move: Psychic Terrain\n|upkeep\n|\n|t:|1699558206\n|switch|p1a: a n g r y b i r d|Skarmory, M|100\/100\n|turn|16\n|\n|t:|1699558215\n|move|p2a: Centiskorch|Power Whip|p1a: a n g r y b i r d\n|-resisted|p1a: a n g r y b i r d\n|-damage|p1a: a n g r y b i r d|95\/100\n|move|p1a: a n g r y b i r d|Whirlwind|p2a: Centiskorch\n|drag|p2a: Garchomp|Garchomp, F|100\/100\n|-damage|p2a: Garchomp|94\/100|[from] Stealth Rock\n|-damage|p2a: Garchomp|69\/100|[from] Spikes\n|-status|p2a: Garchomp|tox\n|-activate|p2a: Garchomp|move: Sticky Web\n|-unboost|p2a: Garchomp|spe|1\n|\n|-heal|p1a: a n g r y b i r d|100\/100|[from] item: Leftovers\n|-damage|p2a: Garchomp|63\/100 tox|[from] psn\n|upkeep\n|turn|17\n|\n|t:|1699558233\n|move|p2a: Garchomp|Earthquake|p1a: a n g r y b i r d\n|-immune|p1a: a n g r y b i r d\n|move|p1a: a n g r y b i r d|Whirlwind|p2a: Garchomp\n|drag|p2a: Kommo-o|Kommo-o, F|100\/100\n|-damage|p2a: Kommo-o|94\/100|[from] Stealth Rock\n|-damage|p2a: Kommo-o|70\/100|[from] Spikes\n|-status|p2a: Kommo-o|tox\n|-activate|p2a: Kommo-o|move: Sticky Web\n|-unboost|p2a: Kommo-o|spe|1\n|\n|-damage|p2a: Kommo-o|63\/100 tox|[from] psn\n|upkeep\n|turn|18\n|\n|t:|1699558246\n|-terastallize|p2a: Kommo-o|Dragon\n|move|p2a: Kommo-o|Boomburst|p1a: a n g r y b i r d\n|-resisted|p1a: a n g r y b i r d\n|-damage|p1a: a n g r y b i r d|71\/100\n|-enditem|p2a: Kommo-o|Throat Spray\n|-boost|p2a: Kommo-o|spa|1|[from] item: Throat Spray\n|move|p1a: a n g r y b i r d|Whirlwind|p2a: Kommo-o\n|drag|p2a: Greninja|Greninja, M|100\/100\n|-damage|p2a: Greninja|88\/100|[from] Stealth Rock\n|-damage|p2a: Greninja|63\/100|[from] Spikes\n|-status|p2a: Greninja|tox\n|-activate|p2a: Greninja|move: Sticky Web\n|-unboost|p2a: Greninja|spe|1\n|\n|-heal|p1a: a n g r y b i r d|77\/100|[from] item: Leftovers\n|-damage|p2a: Greninja|57\/100 tox|[from] psn\n|upkeep\n|turn|19\n|\n|t:|1699558263\n|move|p2a: Greninja|Low Kick|p1a: a n g r y b i r d\n|-damage|p1a: a n g r y b i r d|63\/100\n|-damage|p2a: Greninja|48\/100 tox|[from] item: Life Orb\n|move|p1a: a n g r y b i r d|Roost|p1a: a n g r y b i r d\n|-heal|p1a: a n g r y b i r d|100\/100\n|-singleturn|p1a: a n g r y b i r d|move: Roost\n|\n|-damage|p2a: Greninja|36\/100 tox|[from] psn\n|upkeep\n|turn|20\n|\n|t:|1699558272\n|move|p2a: Greninja|Ice Beam|p1a: a n g r y b i r d\n|-damage|p1a: a n g r y b i r d|50\/100\n|-damage|p2a: Greninja|26\/100 tox|[from] item: Life Orb\n|move|p1a: a n g r y b i r d|Whirlwind|p2a: Greninja\n|drag|p2a: Kommo-o|Kommo-o, F, tera:Dragon|63\/100 tox\n|-damage|p2a: Kommo-o|51\/100 tox|[from] Stealth Rock\n|-damage|p2a: Kommo-o|26\/100 tox|[from] Spikes\n|-activate|p2a: Kommo-o|move: Sticky Web\n|-unboost|p2a: Kommo-o|spe|1\n|\n|-heal|p1a: a n g r y b i r d|56\/100|[from] item: Leftovers\n|-damage|p2a: Kommo-o|20\/100 tox|[from] psn\n|upkeep\n|turn|21\n|\n|t:|1699558284\n|move|p2a: Kommo-o|Clanging Scales|p1a: a n g r y b i r d\n|-resisted|p1a: a n g r y b i r d\n|-damage|p1a: a n g r y b i r d|12\/100\n|-unboost|p2a: Kommo-o|def|1\n|move|p1a: a n g r y b i r d|Roost|p1a: a n g r y b i r d\n|-heal|p1a: a n g r y b i r d|62\/100\n|-singleturn|p1a: a n g r y b i r d|move: Roost\n|\n|-heal|p1a: a n g r y b i r d|68\/100|[from] item: Leftovers\n|-damage|p2a: Kommo-o|8\/100 tox|[from] psn\n|upkeep\n|turn|22\n|\n|t:|1699558294\n|move|p2a: Kommo-o|Clanging Scales|p1a: a n g r y b i r d\n|-resisted|p1a: a n g r y b i r d\n|-damage|p1a: a n g r y b i r d|26\/100\n|-unboost|p2a: Kommo-o|def|1\n|move|p1a: a n g r y b i r d|Roost|p1a: a n g r y b i r d\n|-heal|p1a: a n g r y b i r d|76\/100\n|-singleturn|p1a: a n g r y b i r d|move: Roost\n|\n|-heal|p1a: a n g r y b i r d|82\/100|[from] item: Leftovers\n|-damage|p2a: Kommo-o|0 fnt|[from] psn\n|faint|p2a: Kommo-o\n|upkeep\n|\n|t:|1699558305\n|switch|p2a: Garchomp|Garchomp, F|63\/100 tox\n|-damage|p2a: Garchomp|57\/100 tox|[from] Stealth Rock\n|-damage|p2a: Garchomp|32\/100 tox|[from] Spikes\n|-activate|p2a: Garchomp|move: Sticky Web\n|-unboost|p2a: Garchomp|spe|1\n|turn|23\n|\n|t:|1699558313\n|move|p2a: Garchomp|Scale Shot|p1a: a n g r y b i r d\n|-resisted|p1a: a n g r y b i r d\n|-damage|p1a: a n g r y b i r d|78\/100\n|-resisted|p1a: a n g r y b i r d\n|-crit|p1a: a n g r y b i r d\n|-damage|p1a: a n g r y b i r d|72\/100\n|-resisted|p1a: a n g r y b i r d\n|-damage|p1a: a n g r y b i r d|68\/100\n|-resisted|p1a: a n g r y b i r d\n|-damage|p1a: a n g r y b i r d|64\/100\n|-hitcount|p1a: a n g r y b i r d|4\n|-unboost|p2a: Garchomp|def|1\n|-boost|p2a: Garchomp|spe|1\n|move|p1a: a n g r y b i r d|Whirlwind|p2a: Garchomp\n|drag|p2a: Greninja|Greninja, M|26\/100 tox\n|-damage|p2a: Greninja|13\/100 tox|[from] Stealth Rock\n|-damage|p2a: Greninja|0 fnt|[from] Spikes\n|-activate|p2a: Greninja|move: Sticky Web\n|faint|p2a: Greninja\n|\n|-heal|p1a: a n g r y b i r d|70\/100|[from] item: Leftovers\n|upkeep\n|\n|t:|1699558331\n|switch|p2a: Metagross|Metagross, shiny|100\/100\n|-damage|p2a: Metagross|94\/100|[from] Stealth Rock\n|-damage|p2a: Metagross|69\/100|[from] Spikes\n|-activate|p2a: Metagross|move: Sticky Web\n|-fail|p2a: Metagross|unboost|[from] ability: Clear Body|[of] p2a: Metagross\n|turn|24\n|\n|t:|1699558337\n|move|p1a: a n g r y b i r d|Roost|p1a: a n g r y b i r d\n|-heal|p1a: a n g r y b i r d|100\/100\n|-singleturn|p1a: a n g r y b i r d|move: Roost\n|move|p2a: Metagross|Hammer Arm|p1a: a n g r y b i r d\n|-supereffective|p1a: a n g r y b i r d\n|-damage|p1a: a n g r y b i r d|57\/100\n|-unboost|p2a: Metagross|spe|1\n|\n|-heal|p1a: a n g r y b i r d|63\/100|[from] item: Leftovers\n|upkeep\n|turn|25\n|\n|t:|1699558349\n|move|p1a: a n g r y b i r d|Roost|p1a: a n g r y b i r d\n|-heal|p1a: a n g r y b i r d|100\/100\n|-singleturn|p1a: a n g r y b i r d|move: Roost\n|move|p2a: Metagross|Zen Headbutt|p1a: a n g r y b i r d\n|-resisted|p1a: a n g r y b i r d\n|-damage|p1a: a n g r y b i r d|87\/100\n|\n|-heal|p1a: a n g r y b i r d|93\/100|[from] item: Leftovers\n|upkeep\n|turn|26\n|\n|t:|1699558358\n|move|p2a: Metagross|Hammer Arm|p1a: a n g r y b i r d|[miss]\n|-miss|p2a: Metagross|p1a: a n g r y b i r d\n|move|p1a: a n g r y b i r d|Whirlwind|p2a: Metagross\n|drag|p2a: Centiskorch|Centiskorch, M|44\/100\n|-damage|p2a: Centiskorch|0 fnt|[from] Stealth Rock\n|-activate|p2a: Centiskorch|move: Sticky Web\n|faint|p2a: Centiskorch\n|\n|-heal|p1a: a n g r y b i r d|99\/100|[from] item: Leftovers\n|upkeep\n|\n|t:|1699558367\n|switch|p2a: Aegislash|Aegislash, F, shiny|100\/100\n|-damage|p2a: Aegislash|94\/100|[from] Stealth Rock\n|-damage|p2a: Aegislash|69\/100|[from] Spikes\n|-activate|p2a: Aegislash|move: Sticky Web\n|-unboost|p2a: Aegislash|spe|1\n|turn|27\n|\n|t:|1699558376\n|move|p2a: Aegislash|King's Shield|p2a: Aegislash\n|-singleturn|p2a: Aegislash|Protect\n|move|p1a: a n g r y b i r d|Whirlwind|p2a: Aegislash\n|drag|p2a: Garchomp|Garchomp, F|32\/100 tox\n|-damage|p2a: Garchomp|26\/100 tox|[from] Stealth Rock\n|-damage|p2a: Garchomp|1\/100 tox|[from] Spikes\n|-activate|p2a: Garchomp|move: Sticky Web\n|-unboost|p2a: Garchomp|spe|1\n|\n|-heal|p1a: a n g r y b i r d|100\/100|[from] item: Leftovers\n|-damage|p2a: Garchomp|0 fnt|[from] psn\n|faint|p2a: Garchomp\n|upkeep\n|\n|t:|1699558387\n|switch|p2a: Metagross|Metagross, shiny|69\/100\n|-damage|p2a: Metagross|63\/100|[from] Stealth Rock\n|-damage|p2a: Metagross|38\/100|[from] Spikes\n|-activate|p2a: Metagross|move: Sticky Web\n|-fail|p2a: Metagross|unboost|[from] ability: Clear Body|[of] p2a: Metagross\n|turn|28\n|\n|t:|1699558402\n|move|p2a: Metagross|Hammer Arm|p1a: a n g r y b i r d|[miss]\n|-miss|p2a: Metagross|p1a: a n g r y b i r d\n|move|p1a: a n g r y b i r d|Whirlwind|p2a: Metagross\n|drag|p2a: Aegislash|Aegislash, F, shiny|69\/100\n|-damage|p2a: Aegislash|63\/100|[from] Stealth Rock\n|-damage|p2a: Aegislash|38\/100|[from] Spikes\n|-activate|p2a: Aegislash|move: Sticky Web\n|-unboost|p2a: Aegislash|spe|1\n|\n|upkeep\n|turn|29\n|\n|t:|1699558415\n|-formechange|p2a: Aegislash|Aegislash-Blade||[from] ability: Stance Change\n|move|p2a: Aegislash|Shadow Ball|p1a: a n g r y b i r d\n|-damage|p1a: a n g r y b i r d|50\/100\n|move|p1a: a n g r y b i r d|Whirlwind|p2a: Aegislash\n|drag|p2a: Metagross|Metagross, shiny|38\/100\n|-damage|p2a: Metagross|32\/100|[from] Stealth Rock\n|-damage|p2a: Metagross|7\/100|[from] Spikes\n|-activate|p2a: Metagross|move: Sticky Web\n|-fail|p2a: Metagross|unboost|[from] ability: Clear Body|[of] p2a: Metagross\n|\n|-heal|p1a: a n g r y b i r d|56\/100|[from] item: Leftovers\n|upkeep\n|turn|30\n|\n|t:|1699558428\n|move|p1a: a n g r y b i r d|Roost|p1a: a n g r y b i r d\n|-heal|p1a: a n g r y b i r d|100\/100\n|-singleturn|p1a: a n g r y b i r d|move: Roost\n|move|p2a: Metagross|Meteor Mash|p1a: a n g r y b i r d\n|-resisted|p1a: a n g r y b i r d\n|-damage|p1a: a n g r y b i r d|84\/100\n|-boost|p2a: Metagross|atk|1\n|\n|-heal|p1a: a n g r y b i r d|90\/100|[from] item: Leftovers\n|upkeep\n|turn|31\n|\n|t:|1699558438\n|move|p1a: a n g r y b i r d|Brave Bird|p2a: Metagross\n|-resisted|p2a: Metagross\n|-damage|p2a: Metagross|0 fnt\n|faint|p2a: Metagross\n|-damage|p1a: a n g r y b i r d|88\/100|[from] Recoil\n|\n|-heal|p1a: a n g r y b i r d|94\/100|[from] item: Leftovers\n|upkeep\n|\n|t:|1699558445\n|switch|p2a: Aegislash|Aegislash, F, shiny|38\/100\n|-damage|p2a: Aegislash|32\/100|[from] Stealth Rock\n|-damage|p2a: Aegislash|7\/100|[from] Spikes\n|-activate|p2a: Aegislash|move: Sticky Web\n|-unboost|p2a: Aegislash|spe|1\n|turn|32\n|\n|t:|1699558454\n|move|p1a: a n g r y b i r d|Brave Bird|p2a: Aegislash\n|-resisted|p2a: Aegislash\n|-damage|p2a: Aegislash|0 fnt\n|faint|p2a: Aegislash\n|-damage|p1a: a n g r y b i r d|92\/100|[from] Recoil\n|\n|win|Flamme1230\n|raw|Flamme1230's rating: 1084 &rarr; <strong>1105<\/strong><br \/>(+21 for winning)\n|raw|Crispito00's rating: 1000 &rarr; <strong>1000<\/strong><br \/>(+0 for losing)\n","uploadtime":1699558465,"views":5,"p1id":"flamme1230","p2id":"crispito00","formatid":"gen9nationaldex","rating":1000,"private":0,"password":""}