{"id":"gen9nationaldex-1988458772","p1":"tyc0on_tm","p2":"D0JOmasterlord","format":"[Gen 9] National Dex","log":"|j|\u2606tyc0on_tm\n|j|\u2606D0JOmasterlord\n|t:|1699725151\n|gametype|singles\n|player|p1|tyc0on_tm|169|\n|player|p2|D0JOmasterlord|265|\n|teamsize|p1|6\n|teamsize|p2|6\n|gen|9\n|tier|[Gen 9] National Dex\n|rule|HP Percentage Mod: HP is shown in percentages\n|rule|Endless Battle Clause: Forcing endless battles is banned\n|rule|OHKO Clause: OHKO moves are banned\n|rule|Evasion Clause: Evasion abilities, items, and moves are banned\n|rule|Evasion Abilities Clause: Evasion abilities are banned\n|rule|Evasion Items Clause: Evasion items are banned\n|rule|Evasion Moves Clause: Evasion moves are banned\n|rule|Species Clause: Limit one of each Pok\u00e9mon\n|rule|Sleep Clause Mod: Limit one foe put to sleep\n|clearpoke\n|poke|p1|Mawile, M|\n|poke|p1|Lapras, F|\n|poke|p1|Torterra, F|\n|poke|p1|Bronzong|\n|poke|p1|Magcargo, F|\n|poke|p1|Raichu-Alola, M|\n|poke|p2|Sharpedo, F|\n|poke|p2|Mamoswine, F|\n|poke|p2|Dubwool, F|\n|poke|p2|Thundurus-Therian, M|\n|poke|p2|Escavalier, M|\n|poke|p2|Dondozo, F|\n|teampreview\n|c|\u2606D0JOmasterlord|glhf\n|\n|t:|1699725162\n|start\n|switch|p1a: Bronzong|Bronzong|100\/100\n|switch|p2a: Mamoswine|Mamoswine, F, shiny|100\/100\n|turn|1\n|\n|t:|1699725171\n|move|p2a: Mamoswine|Stealth Rock|p1a: Bronzong\n|-sidestart|p1: tyc0on_tm|move: Stealth Rock\n|move|p1a: Bronzong|Shadow Ball|p2a: Mamoswine\n|-damage|p2a: Mamoswine|79\/100\n|-unboost|p2a: Mamoswine|spd|1\n|\n|-heal|p2a: Mamoswine|85\/100|[from] item: Leftovers\n|upkeep\n|turn|2\n|c|\u2606D0JOmasterlord|my guys are all shiny\n|\n|t:|1699725185\n|move|p2a: Mamoswine|Earthquake|p1a: Bronzong\n|-supereffective|p1a: Bronzong\n|-damage|p1a: Bronzong|0 fnt\n|faint|p1a: Bronzong\n|\n|-heal|p2a: Mamoswine|91\/100|[from] item: Leftovers\n|upkeep\n|\n|t:|1699725192\n|switch|p1a: Raichu|Raichu-Alola, M|100\/100\n|-damage|p1a: Raichu|88\/100|[from] Stealth Rock\n|turn|3\n|\n|t:|1699725197\n|move|p2a: Mamoswine|Ice Shard|p1a: Raichu\n|-damage|p1a: Raichu|28\/100\n|move|p1a: Raichu|Thunderbolt|p2a: Mamoswine\n|-immune|p2a: Mamoswine\n|\n|-heal|p2a: Mamoswine|97\/100|[from] item: Leftovers\n|upkeep\n|turn|4\n|\n|t:|1699725206\n|move|p2a: Mamoswine|Ice Shard|p1a: Raichu\n|-crit|p1a: Raichu\n|-damage|p1a: Raichu|0 fnt\n|faint|p1a: Raichu\n|\n|-heal|p2a: Mamoswine|100\/100|[from] item: Leftovers\n|upkeep\n|c|\u2606D0JOmasterlord|thunderbolt fr\n|\n|t:|1699725212\n|switch|p1a: Mawile|Mawile, M|100\/100\n|-damage|p1a: Mawile|95\/100|[from] Stealth Rock\n|-ability|p1a: Mawile|Intimidate|boost\n|-unboost|p2a: Mamoswine|atk|1\n|turn|5\n|\n|t:|1699725218\n|move|p2a: Mamoswine|Earthquake|p1a: Mawile\n|-supereffective|p1a: Mawile\n|-damage|p1a: Mawile|0 fnt\n|faint|p1a: Mawile\n|\n|upkeep\n|\n|t:|1699725222\n|switch|p1a: Torterra|Torterra, F|100\/100\n|-damage|p1a: Torterra|94\/100|[from] Stealth Rock\n|turn|6\n|\n|t:|1699725227\n|move|p2a: Mamoswine|Ice Shard|p1a: Torterra\n|-supereffective|p1a: Torterra\n|-damage|p1a: Torterra|45\/100\n|move|p1a: Torterra|Earthquake|p2a: Mamoswine\n|-damage|p2a: Mamoswine|59\/100\n|\n|-heal|p2a: Mamoswine|65\/100|[from] item: Leftovers\n|-heal|p1a: Torterra|51\/100|[from] item: Leftovers\n|upkeep\n|turn|7\n|\n|t:|1699725235\n|move|p2a: Mamoswine|Ice Shard|p1a: Torterra\n|-supereffective|p1a: Torterra\n|-crit|p1a: Torterra\n|-damage|p1a: Torterra|0 fnt\n|faint|p1a: Torterra\n|\n|-heal|p2a: Mamoswine|71\/100|[from] item: Leftovers\n|upkeep\n|\n|t:|1699725242\n|switch|p1a: Magcargo|Magcargo, F|100\/100\n|-damage|p1a: Magcargo|76\/100|[from] Stealth Rock\n|turn|8\n|\n|t:|1699725249\n|move|p2a: Mamoswine|Earthquake|p1a: Magcargo\n|-supereffective|p1a: Magcargo\n|-damage|p1a: Magcargo|0 fnt\n|faint|p1a: Magcargo\n|\n|-heal|p2a: Mamoswine|77\/100|[from] item: Leftovers\n|upkeep\n|c|\u2606tyc0on_tm|winning fr\n|\n|t:|1699725256\n|switch|p1a: Lapras|Lapras, F|100\/100\n|-damage|p1a: Lapras|75\/100|[from] Stealth Rock\n|turn|9\n|\n|t:|1699725261\n|move|p2a: Mamoswine|Ice Shard|p1a: Lapras\n|-resisted|p1a: Lapras\n|-damage|p1a: Lapras|72\/100\n|move|p1a: Lapras|Signal Beam|p2a: Mamoswine\n|-damage|p2a: Mamoswine|28\/100\n|\n|-heal|p2a: Mamoswine|34\/100|[from] item: Leftovers\n|-heal|p1a: Lapras|78\/100|[from] item: Leftovers\n|upkeep\n|turn|10\n|\n|t:|1699725272\n|move|p2a: Mamoswine|Earthquake|p1a: Lapras\n|-damage|p1a: Lapras|47\/100\n|move|p1a: Lapras|Signal Beam|p2a: Mamoswine\n|-damage|p2a: Mamoswine|0 fnt\n|faint|p2a: Mamoswine\n|\n|-heal|p1a: Lapras|54\/100|[from] item: Leftovers\n|upkeep\n|c|\u2606D0JOmasterlord|yeah you kille mamoswine\n|\n|t:|1699725290\n|switch|p2a: Sharpedo|Sharpedo, F, shiny|100\/100\n|turn|11\n|\n|t:|1699725296\n|detailschange|p2a: Sharpedo|Sharpedo-Mega, F, shiny\n|-mega|p2a: Sharpedo|Sharpedo|Sharpedonite\n|move|p2a: Sharpedo|Crunch|p1a: Lapras\n|-damage|p1a: Lapras|0 fnt\n|faint|p1a: Lapras\n|\n|win|D0JOmasterlord\n|c|\u2606D0JOmasterlord|but he kills\n|l|\u2606tyc0on_tm\n|c|\u2606D0JOmasterlord|i gtg have dinner\n|l|\u2606D0JOmasterlord\n|j|\u2606tyc0on_tm\n|player|p1|tyc0on_tm|169\n","uploadtime":1699725384,"views":21,"p1id":"tyc0ontm","p2id":"d0jomasterlord","formatid":"gen9nationaldex","rating":0,"private":0,"password":""}