{"id":"gen9nationaldex-1998547751","p1":"RARMolina","p2":"Gamer00ooO","format":"[Gen 9] National Dex","log":"|html|<div class=\"broadcast-blue\"><strong>[Gen 9] National Dex is currently suspecting Sneasler! For information on how to participate check out the <a href=\"https:\/\/www.smogon.com\/forums\/threads\/sv-national-dex-suspect-8-just-dance.3731534\/\">suspect thread<\/a>.<\/strong><\/div>\n|j|\u2606RARMolina\n|j|\u2606Gamer00ooO\n|t:|1700954886\n|gametype|singles\n|player|p1|RARMolina|phorus-unite|\n|player|p2|Gamer00ooO|hilbert|\n|teamsize|p1|6\n|teamsize|p2|6\n|gen|9\n|tier|[Gen 9] National Dex\n|rule|HP Percentage Mod: HP is shown in percentages\n|rule|Endless Battle Clause: Forcing endless battles is banned\n|rule|OHKO Clause: OHKO moves are banned\n|rule|Evasion Clause: Evasion abilities, items, and moves are banned\n|rule|Evasion Abilities Clause: Evasion abilities are banned\n|rule|Evasion Items Clause: Evasion items are banned\n|rule|Evasion Moves Clause: Evasion moves are banned\n|rule|Species Clause: Limit one of each Pok\u00e9mon\n|rule|Sleep Clause Mod: Limit one foe put to sleep\n|clearpoke\n|poke|p1|Empoleon, M|\n|poke|p1|Garchomp, M|\n|poke|p1|Pelipper, M|\n|poke|p1|Jellicent, F|\n|poke|p1|Golisopod, M|\n|poke|p1|Swampert, F|\n|poke|p2|Sneasler, M|\n|poke|p2|Gliscor, F|\n|poke|p2|Klefki, M|\n|poke|p2|Venusaur, M|\n|poke|p2|Enamorus, F|\n|poke|p2|Goodra-Hisui, F|\n|teampreview\n|c|\u2606RARMolina|YA PAREN CON LOS TIPO PLANTA CTMS\n|j| Void280\n|\n|t:|1700954914\n|start\n|switch|p1a: Bocho|Garchomp, M|100\/100\n|switch|p2a: Llaveros|Klefki, M|100\/100\n|turn|1\n|j| Sylveon(404)\n|j| WSoldat\n|j| Fabrizio8\n|j| Sai4rr\n|c| Fabrizio8|rompele el culo molina!\n|\n|t:|1700954993\n|move|p2a: Llaveros|Reflect|p2a: Llaveros\n|-sidestart|p2: Gamer00ooO|Reflect\n|move|p1a: Bocho|Swords Dance|p1a: Bocho\n|-boost|p1a: Bocho|atk|2\n|\n|upkeep\n|turn|2\n|c| Sai4rr|Yo no tengo tipo planta\n|c|\u2606RARMolina|Fabrizio luego de esto tomar\u00e9 un descanso no mames cuatro retadores seguidos xd\n|c| Sai4rr|Y a\u00fan as\u00ed casi\n|c| Sylveon(404)|xddd\n|c| WSoldat|Osea que no puede usar a dipplin rar? Pipipi\n|c| Void280|No hay m\u00e1s retadores hasta ma\u00f1ana creo\n|c| Fabrizio8|no problem, tomate unas vacaciones\n|\n|t:|1700955034\n|switch|p2a: Enamorus|Enamorus, F|100\/100\n|move|p1a: Bocho|Earthquake|p2a: Enamorus\n|-immune|p2a: Enamorus\n|\n|upkeep\n|turn|3\n|c| Void280|Minimo hasta ma\u00f1ana\n|\n|t:|1700955043\n|switch|p1a: Srta. Tess|Jellicent, F|100\/100\n|move|p2a: Enamorus|Superpower|p1a: Srta. Tess\n|-immune|p1a: Srta. Tess\n|\n|upkeep\n|turn|4\n|c| Void280|Si Pep y Roy defienden, m\u00e1s tiempo\n|c|\u2606RARMolina|No mi cielo\n|c|\u2606RARMolina|Ciela*\n|c|\u2606Gamer00ooO|Ok\n|c| Sylveon(404)|XD\n|c| Sai4rr|Te imaginas que gamer le gana a Molina\n|c| Sylveon(404)|referencia al reality molina?\n|\n|t:|1700955076\n|switch|p2a: Goodra|Goodra-Hisui, F|100\/100\n|move|p1a: Srta. Tess|Shadow Ball|p2a: Goodra\n|-damage|p2a: Goodra|81\/100\n|\n|-heal|p2a: Goodra|87\/100|[from] item: Leftovers\n|upkeep\n|turn|5\n|c| Fabrizio8|lol\n|\n|t:|1700955086\n|switch|p1a: Weater report|Pelipper, M|100\/100\n|-weather|RainDance|[from] ability: Drizzle|[of] p1a: Weater report\n|move|p2a: Goodra|Knock Off|p1a: Weater report\n|-damage|p1a: Weater report|80\/100\n|-enditem|p1a: Weater report|Damp Rock|[from] move: Knock Off|[of] p2a: Goodra\n|\n|-weather|RainDance|[upkeep]\n|-heal|p2a: Goodra|93\/100|[from] item: Leftovers\n|upkeep\n|turn|6\n|\n|t:|1700955094\n|move|p1a: Weater report|Knock Off|p2a: Goodra\n|-damage|p2a: Goodra|89\/100\n|-enditem|p2a: Goodra|Leftovers|[from] move: Knock Off|[of] p1a: Weater report\n|move|p2a: Goodra|Ice Spinner|p1a: Weater report\n|-damage|p1a: Weater report|62\/100\n|\n|-weather|RainDance|[upkeep]\n|upkeep\n|turn|7\n|c| Sai4rr|Pero Gamer le gan\u00f3 a pep?\n|c|\u2606RARMolina|No voy a dejar qu\u00e9 enamorus se boostee\n|c| Fabrizio8|molina pierdes esta, te hecho del sv\n|c| Void280|No Sai, pero los otros dos Alto Mandos estan \"ocupados\"\n|c| Sai4rr|a\n|c| Sylveon(404)|xd\n|c| Sai4rr|Molina si pierdes esta te sacan del server\n|\n|t:|1700955181\n|switch|p1a: Jatziri|Swampert, F|100\/100\n|switch|p2a: Venusaur|Venusaur, M|100\/100\n|\n|-weather|RainDance|[upkeep]\n|upkeep\n|turn|8\n|c|\u2606RARMolina|Tu me hechas del server y ver\u00e1s que es el infierno\n|c| Sai4rr|Y te ponen el rol de vendehumos\n|c|\u2606RARMolina|Y no estoy bromeando\n|\n|t:|1700955196\n|detailschange|p1a: Jatziri|Swampert-Mega, F\n|-mega|p1a: Jatziri|Swampert|Swampertite\n|detailschange|p2a: Venusaur|Venusaur-Mega, M\n|-mega|p2a: Venusaur|Venusaur|Venusaurite\n|move|p1a: Jatziri|Flip Turn|p2a: Venusaur\n|-resisted|p2a: Venusaur\n|-damage|p2a: Venusaur|90\/100\n|\n|t:|1700955202\n|switch|p1a: Shredder|Golisopod, M|100\/100|[from] Flip Turn\n|move|p2a: Venusaur|Giga Drain|p1a: Shredder\n|-damage|p1a: Shredder|71\/100\n|-heal|p2a: Venusaur|100\/100|[from] drain|[of] p1a: Shredder\n|\n|-weather|RainDance|[upkeep]\n|-sideend|p2: Gamer00ooO|Reflect\n|upkeep\n|turn|9\n|c| Fabrizio8|eso molinaaaa\n|c| WSoldat|Golisopod se deberia llamar El Lechero, o ns\n|c| Sai4rr|Eso Molina\n|c|\u2606RARMolina|Lleg\u00f3 el lecherooooooooo\n|c| Sylveon(404)|XDDD\n|c| Sylveon(404)|le queda el mote\n|c| WSoldat|Pa qur cuando salga gritar \"LLEGO EL LECHEROOOOOO\"\n|c|\u2606Gamer00ooO|No sea tan dr\u00e1stico si gano\n|\n|t:|1700955259\n|switch|p2a: Llaveros|Klefki, M|100\/100\n|move|p1a: Shredder|First Impression|p2a: Llaveros\n|-resisted|p2a: Llaveros\n|-damage|p2a: Llaveros|90\/100\n|\n|-weather|RainDance|[upkeep]\n|upkeep\n|turn|10\n|\n|t:|1700955265\n|move|p2a: Llaveros|Thunder Wave|p1a: Shredder\n|-status|p1a: Shredder|par\n|move|p1a: Shredder|Razor Shell|p2a: Llaveros\n|-damage|p2a: Llaveros|33\/100\n|\n|-weather|RainDance|[upkeep]\n|upkeep\n|turn|11\n|c| Void280|XD\n|c| Sylveon(404)|tio me acorde que a un mega rayquaza en el radical red lo llama el lechero\n|c| Void280|Mote god\n|\n|t:|1700955273\n|move|p2a: Llaveros|Reflect|p2a: Llaveros\n|-sidestart|p2: Gamer00ooO|Reflect\n|cant|p1a: Shredder|par\n|\n|-weather|RainDance|[upkeep]\n|upkeep\n|turn|12\n|c| Sylveon(404)|y le quedaba el mote\n|c| Sylveon(404)|xd\n|c| Sai4rr|Ojo\n|c| Sai4rr|Molina\n|\n|t:|1700955343\n|switch|p2a: Venusaur|Venusaur-Mega, M|100\/100\n|move|p1a: Shredder|Razor Shell|p2a: Venusaur\n|-resisted|p2a: Venusaur\n|-damage|p2a: Venusaur|88\/100\n|-unboost|p2a: Venusaur|def|1\n|\n|-weather|none\n|upkeep\n|turn|13\n|\n|t:|1700955352\n|cant|p1a: Shredder|par\n|move|p2a: Venusaur|Giga Drain|p1a: Shredder\n|-damage|p1a: Shredder|43\/100 par\n|-heal|p2a: Venusaur|99\/100|[from] drain|[of] p1a: Shredder\n|-activate|p1a: Shredder|ability: Emergency Exit\n|\n|t:|1700955358\n|switch|p1a: Weater report|Pelipper, M|62\/100\n|-weather|RainDance|[from] ability: Drizzle|[of] p1a: Weater report\n|\n|-weather|RainDance|[upkeep]\n|upkeep\n|turn|14\n|c| Fabrizio8|lol\n|c| WSoldat|No joda y esa suerte\n|\n|t:|1700955378\n|switch|p2a: Goodra|Goodra-Hisui, F|89\/100\n|move|p1a: Weater report|Hurricane|p2a: Goodra\n|-resisted|p2a: Goodra\n|-damage|p2a: Goodra|75\/100\n|\n|-weather|RainDance|[upkeep]\n|upkeep\n|turn|15\n|c| Sai4rr|Te imaginas que le gana\n|\n|t:|1700955390\n|switch|p1a: Srta. Tess|Jellicent, F|100\/100\n|move|p2a: Goodra|Ice Spinner|p1a: Srta. Tess\n|-resisted|p1a: Srta. Tess\n|-damage|p1a: Srta. Tess|91\/100\n|-start|p2a: Goodra|Disable|Ice Spinner|[from] ability: Cursed Body|[of] p1a: Srta. Tess\n|\n|-weather|RainDance|[upkeep]\n|-heal|p1a: Srta. Tess|97\/100|[from] item: Leftovers\n|upkeep\n|turn|16\n|\n|t:|1700955398\n|move|p2a: Goodra|Knock Off|p1a: Srta. Tess\n|-supereffective|p1a: Srta. Tess\n|-damage|p1a: Srta. Tess|48\/100\n|-enditem|p1a: Srta. Tess|Leftovers|[from] move: Knock Off|[of] p2a: Goodra\n|move|p1a: Srta. Tess|Shadow Ball|p2a: Goodra\n|-crit|p2a: Goodra\n|-damage|p2a: Goodra|46\/100\n|-unboost|p2a: Goodra|spd|1\n|\n|-weather|RainDance|[upkeep]\n|upkeep\n|turn|17\n|c| Fabrizio8|looool\n|\n|t:|1700955408\n|move|p2a: Goodra|Knock Off|p1a: Srta. Tess\n|-supereffective|p1a: Srta. Tess\n|-damage|p1a: Srta. Tess|12\/100\n|move|p1a: Srta. Tess|Recover|p1a: Srta. Tess\n|-heal|p1a: Srta. Tess|62\/100\n|\n|-weather|none\n|upkeep\n|turn|18\n|c| WSoldat|Xd\n|\n|t:|1700955415\n|switch|p2a: Llaveros|Klefki, M|33\/100\n|-terastallize|p1a: Srta. Tess|Fairy\n|move|p1a: Srta. Tess|Recover|p1a: Srta. Tess\n|-heal|p1a: Srta. Tess|100\/100\n|\n|-sideend|p2: Gamer00ooO|Reflect\n|upkeep\n|turn|19\n|\n|t:|1700955422\n|move|p2a: Llaveros|Light Screen|p2a: Llaveros\n|-sidestart|p2: Gamer00ooO|move: Light Screen\n|move|p1a: Srta. Tess|Scald|p2a: Llaveros\n|-damage|p2a: Llaveros|21\/100\n|\n|upkeep\n|turn|20\n|c| WSoldat|Justo estaba diciendo \"bajale la defensa especial\"\n|c| Void280|En un juego de RNG lo peor es que es posible que gane si Molina tiene mala suerte\n|c| WSoldat|Y salen con eaas\n|\n|t:|1700955433\n|move|p2a: Llaveros|Thunder Wave|p1a: Srta. Tess\n|-status|p1a: Srta. Tess|par\n|move|p1a: Srta. Tess|Scald|p2a: Llaveros\n|-damage|p2a: Llaveros|9\/100\n|-status|p2a: Llaveros|brn\n|\n|-damage|p2a: Llaveros|3\/100 brn|[from] brn\n|upkeep\n|turn|21\n|c| Sylveon(404)|xd\n|\n|t:|1700955440\n|move|p2a: Llaveros|Reflect|p2a: Llaveros\n|-sidestart|p2: Gamer00ooO|Reflect\n|cant|p1a: Srta. Tess|par\n|\n|-damage|p2a: Llaveros|0 fnt|[from] brn\n|faint|p2a: Llaveros\n|upkeep\n|c|\u2606RARMolina|Perfecto\n|\n|t:|1700955449\n|switch|p2a: Goodra|Goodra-Hisui, F|46\/100\n|turn|22\n|\n|t:|1700955460\n|switch|p1a: Weater report|Pelipper, M|62\/100\n|-weather|RainDance|[from] ability: Drizzle|[of] p1a: Weater report\n|move|p2a: Goodra|Iron Head|p1a: Weater report\n|-resisted|p1a: Weater report\n|-damage|p1a: Weater report|48\/100\n|\n|-weather|RainDance|[upkeep]\n|upkeep\n|turn|23\n|\n|t:|1700955468\n|move|p1a: Weater report|Defog|p2a: Goodra\n|-unboost|p2a: Goodra|evasion|1\n|-sideend|p2: Gamer00ooO|Reflect\n|-sideend|p2: Gamer00ooO|move: Light Screen\n|move|p2a: Goodra|Knock Off|p1a: Weater report\n|-damage|p1a: Weater report|34\/100\n|\n|-weather|RainDance|[upkeep]\n|upkeep\n|turn|24\n|c| WSoldat|Gente yo le anulo la mufa a molina\n|c| Void280|Lo que jode es ese Sneasler ahi detras\n|\n|t:|1700955495\n|switch|p1a: Jatziri|Swampert-Mega, F|100\/100\n|move|p2a: Goodra|Knock Off|p1a: Jatziri\n|-damage|p1a: Jatziri|83\/100\n|\n|-weather|RainDance|[upkeep]\n|upkeep\n|turn|25\n|\n|t:|1700955502\n|switch|p2a: Venusaur|Venusaur-Mega, M|99\/100\n|move|p1a: Jatziri|Earthquake|p2a: Venusaur\n|-damage|p2a: Venusaur|53\/100\n|\n|-weather|RainDance|[upkeep]\n|upkeep\n|turn|26\n|\n|t:|1700955507\n|move|p1a: Jatziri|Flip Turn|p2a: Venusaur\n|-resisted|p2a: Venusaur\n|-damage|p2a: Venusaur|31\/100\n|\n|t:|1700955511\n|switch|p1a: Shredder|Golisopod, M|43\/100 par|[from] Flip Turn\n|move|p2a: Venusaur|Giga Drain|p1a: Shredder\n|-damage|p1a: Shredder|15\/100 par\n|-heal|p2a: Venusaur|42\/100|[from] drain|[of] p1a: Shredder\n|\n|-weather|none\n|upkeep\n|turn|27\n|c| Sai4rr|Sneasler no hace nada contra el agua ntp\n|\n|t:|1700955519\n|cant|p1a: Shredder|par\n|move|p2a: Venusaur|Giga Drain|p1a: Shredder\n|-damage|p1a: Shredder|0 fnt\n|-heal|p2a: Venusaur|48\/100|[from] drain|[of] p1a: Shredder\n|faint|p1a: Shredder\n|\n|upkeep\n|\n|t:|1700955526\n|switch|p1a: Bocho|Garchomp, M|100\/100\n|turn|28\n|c| Fabrizio8|NOOOOO\n|c| Void280|Si se tira un Danza Espada ya te digo que si\n|c| Sylveon(404)|anulo mufa\n|\n|t:|1700955544\n|switch|p2a: Enamorus|Enamorus, F|100\/100\n|move|p1a: Bocho|Swords Dance|p1a: Bocho\n|-boost|p1a: Bocho|atk|2\n|\n|upkeep\n|turn|29\n|\n|t:|1700955550\n|move|p2a: Enamorus|Superpower|p1a: Bocho\n|-damage|p1a: Bocho|71\/100\n|-boost|p2a: Enamorus|atk|1\n|-boost|p2a: Enamorus|def|1\n|-damage|p2a: Enamorus|88\/100|[from] ability: Rough Skin|[of] p1a: Bocho\n|move|p1a: Bocho|Liquidation|p2a: Enamorus\n|-damage|p2a: Enamorus|29\/100\n|\n|upkeep\n|turn|30\n|c| Sai4rr|VAMOSS bocho\n|c| Fabrizio8|uuuuuh, le regalo un danza espada\n|\n|t:|1700955562\n|move|p2a: Enamorus|Iron Head|p1a: Bocho\n|-damage|p1a: Bocho|38\/100\n|-damage|p2a: Enamorus|17\/100|[from] ability: Rough Skin|[of] p1a: Bocho\n|move|p1a: Bocho|Liquidation|p2a: Enamorus\n|-damage|p2a: Enamorus|0 fnt\n|faint|p2a: Enamorus\n|\n|upkeep\n|\n|t:|1700955576\n|switch|p2a: Sneasler|Sneasler, M|100\/100\n|turn|31\n|\n|t:|1700955601\n|switch|p1a: Weater report|Pelipper, M|34\/100\n|-weather|RainDance|[from] ability: Drizzle|[of] p1a: Weater report\n|move|p2a: Sneasler|Fake Out|p1a: Weater report\n|-damage|p1a: Weater report|24\/100\n|\n|-weather|RainDance|[upkeep]\n|upkeep\n|turn|32\n|\n|t:|1700955608\n|move|p2a: Sneasler|U-turn|p1a: Weater report\n|-resisted|p1a: Weater report\n|-damage|p1a: Weater report|15\/100\n|-status|p1a: Weater report|psn|[from] ability: Poison Touch|[of] p2a: Sneasler\n|\n|t:|1700955614\n|switch|p2a: Goodra|Goodra-Hisui, F|46\/100|[from] U-turn\n|move|p1a: Weater report|Hurricane|p2a: Goodra\n|-resisted|p2a: Goodra\n|-damage|p2a: Goodra|30\/100\n|\n|-weather|RainDance|[upkeep]\n|-damage|p1a: Weater report|3\/100 psn|[from] psn\n|upkeep\n|turn|33\n|\n|t:|1700955625\n|move|p1a: Weater report|U-turn|p2a: Goodra\n|-resisted|p2a: Goodra\n|-damage|p2a: Goodra|27\/100\n|\n|t:|1700955630\n|switch|p1a: Jatziri|Swampert-Mega, F|83\/100|[from] U-turn\n|move|p2a: Goodra|Knock Off|p1a: Jatziri\n|-damage|p1a: Jatziri|64\/100\n|\n|-weather|RainDance|[upkeep]\n|upkeep\n|turn|34\n|c| Sai4rr|Ojo con gamer\n|c| Sai4rr|Ya dur\u00f3 m\u00e1s que Maxi\n|c| Fabrizio8|ese goodra no tiene otra cosa para golpear?\n|\n|t:|1700955659\n|-terastallize|p2a: Goodra|Flying\n|move|p1a: Jatziri|Ice Punch|p2a: Goodra\n|-supereffective|p2a: Goodra\n|-damage|p2a: Goodra|0 fnt\n|faint|p2a: Goodra\n|\n|-weather|RainDance|[upkeep]\n|upkeep\n|c| Fabrizio8|UUUU\n|c| Sai4rr|Se regal\u00f3\n|\n|t:|1700955672\n|switch|p2a: Sneasler|Sneasler, M|100\/100\n|turn|35\n|\n|t:|1700955676\n|move|p2a: Sneasler|Fake Out|p1a: Jatziri\n|-damage|p1a: Jatziri|51\/100\n|cant|p1a: Jatziri|flinch\n|\n|-weather|none\n|upkeep\n|turn|36\n|\n|t:|1700955694\n|switch|p1a: Weater report|Pelipper, M|3\/100 psn\n|-weather|RainDance|[from] ability: Drizzle|[of] p1a: Weater report\n|move|p2a: Sneasler|U-turn|p1a: Weater report\n|-resisted|p1a: Weater report\n|-damage|p1a: Weater report|0 fnt\n|faint|p1a: Weater report\n|c| Void280|Posion Touch Sneasler hum\n|j| lolowtf09\n|\n|t:|1700955718\n|switch|p2a: Venusaur|Venusaur-Mega, M|48\/100|[from] U-turn\n|\n|-weather|RainDance|[upkeep]\n|upkeep\n|c| Sylveon(404)|waos\n|\n|t:|1700955731\n|switch|p1a: Bocho|Garchomp, M|38\/100\n|turn|37\n|c| Sai4rr|No le sabe\n|c| lolowtf09|llego y veo a molina en apuros?\n|\n|t:|1700955736\n|move|p1a: Bocho|Scale Shot|p2a: Venusaur\n|-damage|p2a: Venusaur|37\/100\n|-damage|p2a: Venusaur|26\/100\n|-damage|p2a: Venusaur|16\/100\n|-damage|p2a: Venusaur|6\/100\n|-damage|p2a: Venusaur|0 fnt\n|faint|p2a: Venusaur\n|-hitcount|p2: Venusaur|5\n|-unboost|p1a: Bocho|def|1\n|-boost|p1a: Bocho|spe|1\n|\n|-weather|RainDance|[upkeep]\n|upkeep\n|c| Sylveon(404)|waos\n|c| WSoldat|Gamer sera una multi de fabri?\n|c| WSoldat|Osea\n|c| lolowtf09|a no esta bien\n|c| Sylveon(404)|XD\n|c| WSoldat|Sneasler con toque toxico\n|\n|t:|1700955758\n|switch|p2a: Scorp corp|Gliscor, F|100\/100\n|turn|38\n|c| WSoldat|Eso lo dice todo\n|c| Sylveon(404)|mall\n|c| lolowtf09|dale molina\n|\n|t:|1700955778\n|move|p1a: Bocho|Liquidation|p2a: Scorp corp\n|-supereffective|p2a: Scorp corp\n|-damage|p2a: Scorp corp|11\/100\n|-unboost|p2a: Scorp corp|def|1\n|move|p2a: Scorp corp|Facade|p1a: Bocho\n|-damage|p1a: Bocho|9\/100\n|-damage|p2a: Scorp corp|0 fnt|[from] ability: Rough Skin|[of] p1a: Bocho\n|faint|p2a: Scorp corp\n|\n|-weather|RainDance|[upkeep]\n|upkeep\n|\n|t:|1700955782\n|switch|p2a: Sneasler|Sneasler, M|100\/100\n|turn|39\n|c| lolowtf09|pero el avatar de molina no es especialista de agua,baneado\n|c| Sylveon(404)|mal\n|c| Sai4rr|Dale Molina\n|c| WSoldat|QUE MIERDA ACABA DE PASAR\n|\n|t:|1700955802\n|move|p2a: Sneasler|Fake Out|p1a: Bocho\n|-damage|p1a: Bocho|0 fnt\n|-damage|p2a: Sneasler|88\/100|[from] ability: Rough Skin|[of] p1a: Bocho\n|faint|p1a: Bocho\n|\n|-weather|RainDance|[upkeep]\n|upkeep\n|\n|t:|1700955807\n|switch|p1a: Jatziri|Swampert-Mega, F|51\/100\n|turn|40\n|c|\u2606RARMolina|Ahora ter\n|c|\u2606RARMolina|Terremoto\n|\n|t:|1700955829\n|move|p1a: Jatziri|Earthquake|p2a: Sneasler\n|-supereffective|p2a: Sneasler\n|-damage|p2a: Sneasler|0 fnt\n|faint|p2a: Sneasler\n|\n|win|RARMolina\n|c| lolowtf09|otro chiste venezolano?\n|c| Void280|gg Molina\n|c| Fabrizio8|VAMOOOS\n|c|\u2606Gamer00ooO|Gg.\n|c|\u2606RARMolina|Gg\n","uploadtime":1700955836,"views":16,"p1id":"rarmolina","p2id":"gamer00ooo","formatid":"gen9nationaldex","rating":0,"private":0,"password":""}