{"id":"gen9nationaldex-1992199528","p1":"mitob1","p2":"TroolyGhoulie","format":"[Gen 9] National Dex","log":"|j|\u2606mitob1\n|j|\u2606TroolyGhoulie\n|t:|1700163249\n|gametype|singles\n|player|p1|mitob1|gambler|1256\n|player|p2|TroolyGhoulie|mina|1169\n|teamsize|p1|6\n|teamsize|p2|6\n|gen|9\n|tier|[Gen 9] National Dex\n|rated|\n|rule|HP Percentage Mod: HP is shown in percentages\n|rule|Endless Battle Clause: Forcing endless battles is banned\n|rule|OHKO Clause: OHKO moves are banned\n|rule|Evasion Clause: Evasion abilities, items, and moves are banned\n|rule|Evasion Abilities Clause: Evasion abilities are banned\n|rule|Evasion Items Clause: Evasion items are banned\n|rule|Evasion Moves Clause: Evasion moves are banned\n|rule|Species Clause: Limit one of each Pok\u00e9mon\n|rule|Sleep Clause Mod: Limit one foe put to sleep\n|clearpoke\n|poke|p1|Ribombee, M|\n|poke|p1|Heatran, F|\n|poke|p1|Garchomp, F|\n|poke|p1|Gyarados, F|\n|poke|p1|Arctozolt|\n|poke|p1|Bisharp, F|\n|poke|p2|Lopunny, M|\n|poke|p2|Landorus-Therian, M|\n|poke|p2|Ogerpon-Wellspring, F|\n|poke|p2|Tapu Koko|\n|poke|p2|Volcarona, M|\n|poke|p2|Ninetales-Alola, F|\n|teampreview\n|c|\u2606TroolyGhoulie|gl hf\n|\n|t:|1700163264\n|start\n|switch|p1a: Ribombee|Ribombee, M, shiny|100\/100\n|switch|p2a: Volcarona|Volcarona, M|100\/100\n|turn|1\n|c|\u2606mitob1|glhf\n|\n|t:|1700163278\n|-terastallize|p2a: Volcarona|Grass\n|move|p1a: Ribombee|Sticky Web|p2a: Volcarona\n|-sidestart|p2: TroolyGhoulie|move: Sticky Web\n|move|p2a: Volcarona|Quiver Dance|p2a: Volcarona\n|-boost|p2a: Volcarona|spa|1\n|-boost|p2a: Volcarona|spd|1\n|-boost|p2a: Volcarona|spe|1\n|\n|upkeep\n|turn|2\n|\n|t:|1700163285\n|move|p2a: Volcarona|Quiver Dance|p2a: Volcarona\n|-boost|p2a: Volcarona|spa|1\n|-boost|p2a: Volcarona|spd|1\n|-boost|p2a: Volcarona|spe|1\n|move|p1a: Ribombee|Stun Spore|p2a: Volcarona\n|-immune|p2a: Volcarona\n|\n|upkeep\n|turn|3\n|\n|t:|1700163293\n|move|p2a: Volcarona|Bug Buzz|p1a: Ribombee\n|-resisted|p1a: Ribombee\n|-damage|p1a: Ribombee|5\/100\n|move|p1a: Ribombee|Bug Buzz|p2a: Volcarona\n|-supereffective|p2a: Volcarona\n|-damage|p2a: Volcarona|55\/100\n|\n|upkeep\n|turn|4\n|\n|t:|1700163299\n|move|p2a: Volcarona|Giga Drain|p1a: Ribombee\n|-resisted|p1a: Ribombee\n|-damage|p1a: Ribombee|0 fnt\n|-heal|p2a: Volcarona|58\/100|[from] drain|[of] p1a: Ribombee\n|faint|p1a: Ribombee\n|\n|upkeep\n|c|\u2606TroolyGhoulie|i messed up my sets so ima lose lol\n|\n|t:|1700163309\n|switch|p1a: Heatran|Heatran, F|100\/100\n|-item|p1a: Heatran|Air Balloon\n|turn|5\n|\n|t:|1700163314\n|move|p2a: Volcarona|Bug Buzz|p1a: Heatran\n|-resisted|p1a: Heatran\n|-damage|p1a: Heatran|79\/100\n|-enditem|p1a: Heatran|Air Balloon\n|move|p1a: Heatran|Magma Storm|p2a: Volcarona\n|-supereffective|p2a: Volcarona\n|-damage|p2a: Volcarona|0 fnt\n|faint|p2a: Volcarona\n|\n|upkeep\n|\n|t:|1700163319\n|switch|p2a: Ogerpon|Ogerpon-Wellspring, F|100\/100\n|-activate|p2a: Ogerpon|move: Sticky Web\n|-unboost|p2a: Ogerpon|spe|1\n|turn|6\n|\n|t:|1700163330\n|switch|p1a: Gyarados|Gyarados, F|100\/100\n|-ability|p1a: Gyarados|Intimidate|boost\n|-unboost|p2a: Ogerpon|atk|1\n|move|p2a: Ogerpon|Swords Dance|p2a: Ogerpon\n|-boost|p2a: Ogerpon|atk|2\n|\n|upkeep\n|turn|7\n|\n|t:|1700163340\n|detailschange|p1a: Gyarados|Gyarados-Mega, F\n|-mega|p1a: Gyarados|Gyarados|Gyaradosite\n|-ability|p1a: Gyarados|Mold Breaker\n|move|p1a: Gyarados|Crunch|p2a: Ogerpon\n|-damage|p2a: Ogerpon|33\/100\n|-unboost|p2a: Ogerpon|def|1\n|move|p2a: Ogerpon|Horn Leech|p1a: Gyarados\n|-supereffective|p1a: Gyarados\n|-damage|p1a: Gyarados|0 fnt\n|-heal|p2a: Ogerpon|88\/100|[from] drain|[of] p1a: Gyarados\n|faint|p1a: Gyarados\n|\n|upkeep\n|\n|t:|1700163354\n|switch|p1a: Bisharp|Bisharp, F|100\/100\n|turn|8\n|\n|t:|1700163358\n|move|p2a: Ogerpon|Swords Dance|p2a: Ogerpon\n|-boost|p2a: Ogerpon|atk|2\n|move|p1a: Bisharp|Iron Head|p2a: Ogerpon\n|-resisted|p2a: Ogerpon\n|-crit|p2a: Ogerpon\n|-damage|p2a: Ogerpon|25\/100\n|\n|upkeep\n|turn|9\n|\n|t:|1700163364\n|move|p1a: Bisharp|Sucker Punch||[still]\n|-fail|p1a: Bisharp\n|move|p2a: Ogerpon|Synthesis|p2a: Ogerpon\n|-heal|p2a: Ogerpon|75\/100\n|\n|upkeep\n|turn|10\n|c|\u2606TroolyGhoulie|damm unfortunate crit\n|\n|t:|1700163377\n|move|p2a: Ogerpon|Ivy Cudgel|p1a: Bisharp|[anim] Ivy Cudgel Water\n|-damage|p1a: Bisharp|8\/100\n|move|p1a: Bisharp|Swords Dance|p1a: Bisharp\n|-boost|p1a: Bisharp|atk|2\n|\n|upkeep\n|turn|11\n|\n|t:|1700163384\n|move|p1a: Bisharp|Sucker Punch|p2a: Ogerpon\n|-damage|p2a: Ogerpon|0 fnt\n|faint|p2a: Ogerpon\n|\n|upkeep\n|\n|t:|1700163388\n|switch|p2a: Landorus|Landorus-Therian, M|100\/100\n|-ability|p2a: Landorus|Intimidate|boost\n|-unboost|p1a: Bisharp|atk|1\n|-ability|p1a: Bisharp|Defiant|boost\n|-boost|p1a: Bisharp|atk|2\n|turn|12\n|\n|t:|1700163396\n|move|p1a: Bisharp|Sucker Punch|p2a: Landorus\n|-damage|p2a: Landorus|2\/100\n|move|p2a: Landorus|U-turn|p1a: Bisharp\n|-damage|p1a: Bisharp|0 fnt\n|faint|p1a: Bisharp\n|\n|t:|1700163401\n|switch|p2a: Tapu Koko|Tapu Koko|100\/100|[from] U-turn\n|-activate|p2a: Tapu Koko|move: Sticky Web\n|-unboost|p2a: Tapu Koko|spe|1\n|-fieldstart|move: Electric Terrain|[from] ability: Electric Surge|[of] p2a: Tapu Koko\n|\n|upkeep\n|\n|t:|1700163413\n|switch|p1a: Garchomp|Garchomp, F|100\/100\n|turn|13\n|\n|t:|1700163420\n|switch|p2a: Landorus|Landorus-Therian, M|2\/100\n|-ability|p2a: Landorus|Intimidate|boost\n|-unboost|p1a: Garchomp|atk|1\n|move|p1a: Garchomp|Earthquake|p2a: Landorus\n|-immune|p2a: Landorus\n|\n|-heal|p2a: Landorus|8\/100|[from] item: Leftovers\n|upkeep\n|turn|14\n|\n|t:|1700163429\n|move|p2a: Landorus|Toxic|p1a: Garchomp|[miss]\n|-miss|p2a: Landorus|p1a: Garchomp\n|move|p1a: Garchomp|Poison Jab|p2a: Landorus\n|-resisted|p2a: Landorus\n|-damage|p2a: Landorus|0 fnt\n|faint|p2a: Landorus\n|\n|upkeep\n|c|\u2606TroolyGhoulie|damm lol\n|\n|t:|1700163436\n|switch|p2a: Lopunny|Lopunny, M|100\/100\n|-activate|p2a: Lopunny|move: Sticky Web\n|-unboost|p2a: Lopunny|spe|1\n|turn|15\n|\n|t:|1700163450\n|detailschange|p2a: Lopunny|Lopunny-Mega, M\n|-mega|p2a: Lopunny|Lopunny|Lopunnite\n|move|p1a: Garchomp|Scale Shot|p2a: Lopunny|[miss]\n|-miss|p1a: Garchomp|p2a: Lopunny\n|move|p2a: Lopunny|Triple Axel|p1a: Garchomp\n|-supereffective|p1a: Garchomp\n|-damage|p1a: Garchomp|70\/100\n|-damage|p2a: Lopunny|88\/100|[from] ability: Rough Skin|[of] p1a: Garchomp\n|-supereffective|p1a: Garchomp\n|-damage|p1a: Garchomp|11\/100\n|-damage|p2a: Lopunny|76\/100|[from] ability: Rough Skin|[of] p1a: Garchomp\n|-supereffective|p1a: Garchomp\n|-damage|p1a: Garchomp|0 fnt\n|-damage|p2a: Lopunny|64\/100|[from] ability: Rough Skin|[of] p1a: Garchomp\n|faint|p1a: Garchomp\n|-hitcount|p1: Garchomp|3\n|\n|upkeep\n|\n|t:|1700163475\n|switch|p1a: Heatran|Heatran, F|79\/100\n|turn|16\n|\n|t:|1700163478\n|-terastallize|p1a: Heatran|Fire\n|move|p2a: Lopunny|Close Combat|p1a: Heatran\n|-damage|p1a: Heatran|23\/100\n|-unboost|p2a: Lopunny|def|1\n|-unboost|p2a: Lopunny|spd|1\n|move|p1a: Heatran|Magma Storm|p2a: Lopunny|[miss]\n|-miss|p1a: Heatran|p2a: Lopunny\n|\n|-fieldend|move: Electric Terrain\n|upkeep\n|turn|17\n|c|\u2606mitob1|;-;\n|c|\u2606TroolyGhoulie|oh\n|c|\u2606TroolyGhoulie|sorry bout that\n|\n|t:|1700163509\n|move|p2a: Lopunny|Close Combat|p1a: Heatran\n|-damage|p1a: Heatran|0 fnt\n|-unboost|p2a: Lopunny|def|1\n|-unboost|p2a: Lopunny|spd|1\n|faint|p1a: Heatran\n|\n|upkeep\n|\n|t:|1700163515\n|switch|p1a: Arctozolt|Arctozolt|100\/100\n|turn|18\n|\n|t:|1700163528\n|move|p2a: Lopunny|Close Combat|p1a: Arctozolt\n|-supereffective|p1a: Arctozolt\n|-damage|p1a: Arctozolt|0 fnt\n|-unboost|p2a: Lopunny|def|1\n|-unboost|p2a: Lopunny|spd|1\n|faint|p1a: Arctozolt\n|\n|win|TroolyGhoulie\n|raw|mitob1's rating: 1256 &rarr; <strong>1225<\/strong><br \/>(-31 for losing)\n|raw|TroolyGhoulie's rating: 1169 &rarr; <strong>1200<\/strong><br \/>(+31 for winning)\n|c|\u2606TroolyGhoulie|gg wp\n|c|\u2606mitob1|gg\n|l|\u2606mitob1\n","uploadtime":1700163537,"views":10,"p1id":"mitob1","p2id":"troolyghoulie","formatid":"gen9nationaldex","rating":1200,"private":0,"password":""}