{"id":"gen9nationaldex-1988220384","p1":"HuangZhiHan","p2":"Wehoo12000","format":"[Gen 9] National Dex","log":"|j|\u2606HuangZhiHan\n|j|\u2606Wehoo12000\n|t:|1699687964\n|gametype|singles\n|player|p1|HuangZhiHan|cyrus|1315\n|player|p2|Wehoo12000|pokemaniac|1230\n|teamsize|p1|6\n|teamsize|p2|6\n|gen|9\n|tier|[Gen 9] National Dex\n|rated|\n|rule|HP Percentage Mod: HP is shown in percentages\n|rule|Endless Battle Clause: Forcing endless battles is banned\n|rule|OHKO Clause: OHKO moves are banned\n|rule|Evasion Clause: Evasion abilities, items, and moves are banned\n|rule|Evasion Abilities Clause: Evasion abilities are banned\n|rule|Evasion Items Clause: Evasion items are banned\n|rule|Evasion Moves Clause: Evasion moves are banned\n|rule|Species Clause: Limit one of each Pok\u00e9mon\n|rule|Sleep Clause Mod: Limit one foe put to sleep\n|clearpoke\n|poke|p1|Zapdos|\n|poke|p1|Nihilego|\n|poke|p1|Mimikyu, M|\n|poke|p1|Toxapex, M|\n|poke|p1|Bisharp, M|\n|poke|p1|Shuckle, M|\n|poke|p2|Meowscarada, F|\n|poke|p2|Porygon-Z|\n|poke|p2|Jirachi|\n|poke|p2|Great Tusk|\n|poke|p2|Diancie|\n|poke|p2|Dondozo, M|\n|teampreview\n|\n|t:|1699687972\n|start\n|switch|p1a: Shuckle|Shuckle, M|100\/100\n|switch|p2a: Pink diamond|Diancie|100\/100\n|turn|1\n|\n|t:|1699687983\n|detailschange|p2a: Pink diamond|Diancie-Mega\n|-mega|p2a: Pink diamond|Diancie|Diancite\n|move|p2a: Pink diamond|Diamond Storm|p1a: Shuckle|[miss]\n|-miss|p2a: Pink diamond|p1a: Shuckle\n|move|p1a: Shuckle|Encore|p2a: Pink diamond\n|move|p2a: Pink diamond|Encore||[from]ability: Magic Bounce|[still]\n|-fail|p2a: Pink diamond\n|\n|upkeep\n|turn|2\n|\n|t:|1699688005\n|switch|p1a: Toxapex|Toxapex, M|100\/100\n|move|p2a: Pink diamond|Diamond Storm|p1a: Toxapex\n|-damage|p1a: Toxapex|53\/100\n|-boost|p2a: Pink diamond|def|2\n|\n|-heal|p1a: Toxapex|59\/100|[from] item: Black Sludge\n|upkeep\n|turn|3\n|\n|t:|1699688014\n|move|p1a: Toxapex|Baneful Bunker|p1a: Toxapex\n|-singleturn|p1a: Toxapex|move: Protect\n|move|p2a: Pink diamond|Stealth Rock|p1a: Toxapex\n|-sidestart|p1: HuangZhiHan|move: Stealth Rock\n|\n|-heal|p1a: Toxapex|65\/100|[from] item: Black Sludge\n|upkeep\n|turn|4\n|inactive|Battle timer is ON: inactive players will automatically lose when time's up. (requested by Wehoo12000)\n|\n|t:|1699688045\n|switch|p1a: Shuckle|Shuckle, M|100\/100\n|-damage|p1a: Shuckle|75\/100|[from] Stealth Rock\n|move|p2a: Pink diamond|Explosion|p1a: Shuckle\n|-resisted|p1a: Shuckle\n|-damage|p1a: Shuckle|49\/100\n|faint|p2a: Pink diamond\n|\n|upkeep\n|\n|t:|1699688053\n|switch|p2a: Stewie Griffin|Jirachi|100\/100\n|turn|5\n|\n|t:|1699688061\n|move|p2a: Stewie Griffin|Iron Head|p1a: Shuckle\n|-supereffective|p1a: Shuckle\n|-damage|p1a: Shuckle|19\/100\n|-enditem|p1a: Shuckle|Red Card|[of] p2a: Stewie Griffin\n|drag|p2a: Mastobate|Great Tusk|100\/100\n|cant|p1a: Shuckle|flinch\n|\n|upkeep\n|turn|6\n|\n|t:|1699688074\n|move|p2a: Mastobate|Body Press|p1a: Shuckle\n|-damage|p1a: Shuckle|0 fnt\n|faint|p1a: Shuckle\n|\n|upkeep\n|\n|t:|1699688089\n|switch|p1a: Zapdos|Zapdos|100\/100\n|-damage|p1a: Zapdos|75\/100|[from] Stealth Rock\n|turn|7\n|\n|t:|1699688119\n|-terastallize|p2a: Mastobate|Ground\n|move|p1a: Zapdos|Defog|p2a: Mastobate\n|-unboost|p2a: Mastobate|evasion|1\n|-sideend|p1: HuangZhiHan|Stealth Rock|[from] move: Defog|[of] p1a: Zapdos\n|move|p2a: Mastobate|Rapid Spin|p1a: Zapdos\n|-damage|p1a: Zapdos|64\/100\n|-boost|p2a: Mastobate|spe|1\n|-damage|p2a: Mastobate|84\/100|[from] item: Rocky Helmet|[of] p1a: Zapdos\n|\n|upkeep\n|turn|8\n|\n|t:|1699688129\n|move|p2a: Mastobate|Bulk Up|p2a: Mastobate\n|-boost|p2a: Mastobate|atk|1\n|-boost|p2a: Mastobate|def|1\n|move|p1a: Zapdos|Roost|p1a: Zapdos\n|-heal|p1a: Zapdos|100\/100\n|-singleturn|p1a: Zapdos|move: Roost\n|\n|upkeep\n|turn|9\n|\n|t:|1699688146\n|move|p2a: Mastobate|Bulk Up|p2a: Mastobate\n|-boost|p2a: Mastobate|atk|1\n|-boost|p2a: Mastobate|def|1\n|move|p1a: Zapdos|Hurricane|p2a: Mastobate\n|-damage|p2a: Mastobate|19\/100\n|\n|upkeep\n|turn|10\n|inactive|Wehoo12000 has 120 seconds left.\n|\n|t:|1699688170\n|move|p2a: Mastobate|Body Press|p1a: Zapdos\n|-resisted|p1a: Zapdos\n|-damage|p1a: Zapdos|67\/100\n|-damage|p2a: Mastobate|2\/100|[from] item: Rocky Helmet|[of] p1a: Zapdos\n|move|p1a: Zapdos|Hurricane|p2a: Mastobate\n|-damage|p2a: Mastobate|0 fnt\n|faint|p2a: Mastobate\n|-end|p2a: Mastobate|Protosynthesis|[silent]\n|\n|upkeep\n|\n|t:|1699688177\n|switch|p2a: Rose toy|Porygon-Z|100\/100\n|-ability|p2a: Rose toy|Download|boost\n|-boost|p2a: Rose toy|spa|1\n|turn|11\n|\n|t:|1699688192\n|switch|p1a: Toxapex|Toxapex, M|65\/100\n|-zpower|p2a: Rose toy\n|move|p2a: Rose toy|Z-Conversion|p2a: Rose toy|[anim]Conversion\n|-boost|p2a: Rose toy|atk|1|[zeffect]\n|-boost|p2a: Rose toy|def|1|[zeffect]\n|-boost|p2a: Rose toy|spa|1|[zeffect]\n|-boost|p2a: Rose toy|spd|1|[zeffect]\n|-boost|p2a: Rose toy|spe|1|[zeffect]\n|-start|p2a: Rose toy|typechange|Electric\n|\n|-heal|p1a: Toxapex|72\/100|[from] item: Black Sludge\n|upkeep\n|turn|12\n|\n|t:|1699688206\n|move|p2a: Rose toy|Discharge|p1a: Toxapex\n|-supereffective|p1a: Toxapex\n|-damage|p1a: Toxapex|0 fnt\n|faint|p1a: Toxapex\n|\n|upkeep\n|inactive|HuangZhiHan has 120 seconds left.\n|\n|t:|1699688236\n|switch|p1a: Mimikyu|Mimikyu, M|100\/100\n|turn|13\n|\n|t:|1699688246\n|move|p2a: Rose toy|Discharge|p1a: Mimikyu\n|-activate|p1a: Mimikyu|ability: Disguise\n|-damage|p1a: Mimikyu|100\/100\n|-status|p1a: Mimikyu|par\n|detailschange|p1a: Mimikyu|Mimikyu-Busted, M\n|-damage|p1a: Mimikyu|88\/100 par|[from] pokemon: Mimikyu-Busted\n|move|p1a: Mimikyu|Play Rough|p2a: Rose toy\n|-damage|p2a: Rose toy|46\/100\n|-damage|p1a: Mimikyu|78\/100 par|[from] item: Life Orb\n|\n|upkeep\n|turn|14\n|inactive|HuangZhiHan has 120 seconds left.\n|\n|t:|1699688266\n|move|p1a: Mimikyu|Shadow Sneak|p2a: Rose toy\n|-damage|p2a: Rose toy|22\/100\n|-damage|p1a: Mimikyu|68\/100 par|[from] item: Life Orb\n|move|p2a: Rose toy|Conversion 2|p1a: Mimikyu\n|-start|p2a: Rose toy|typechange|Dark\n|\n|upkeep\n|turn|15\n|\n|t:|1699688279\n|move|p1a: Mimikyu|Shadow Sneak|p2a: Rose toy\n|-resisted|p2a: Rose toy\n|-damage|p2a: Rose toy|11\/100\n|-damage|p1a: Mimikyu|58\/100 par|[from] item: Life Orb\n|move|p2a: Rose toy|Discharge|p1a: Mimikyu\n|-damage|p1a: Mimikyu|0 fnt\n|faint|p1a: Mimikyu\n|\n|upkeep\n|\n|t:|1699688300\n|switch|p1a: Bisharp|Bisharp, M|100\/100\n|turn|16\n|\n|t:|1699688309\n|move|p2a: Rose toy|Tri Attack|p1a: Bisharp\n|-resisted|p1a: Bisharp\n|-damage|p1a: Bisharp|52\/100\n|move|p1a: Bisharp|Knock Off|p2a: Rose toy\n|-resisted|p2a: Rose toy\n|-damage|p2a: Rose toy|0 fnt\n|faint|p2a: Rose toy\n|\n|upkeep\n|\n|t:|1699688317\n|switch|p2a: Stewie Griffin|Jirachi|100\/100\n|turn|17\n|\n|t:|1699688323\n|switch|p1a: Zapdos|Zapdos|67\/100\n|move|p2a: Stewie Griffin|Iron Defense|p2a: Stewie Griffin\n|-boost|p2a: Stewie Griffin|def|2\n|\n|upkeep\n|turn|18\n|\n|t:|1699688334\n|move|p2a: Stewie Griffin|Ancient Power|p1a: Zapdos\n|-supereffective|p1a: Zapdos\n|-damage|p1a: Zapdos|37\/100\n|move|p1a: Zapdos|Hurricane|p2a: Stewie Griffin\n|-resisted|p2a: Stewie Griffin\n|-damage|p2a: Stewie Griffin|85\/100\n|\n|upkeep\n|turn|19\n|\n|t:|1699688346\n|move|p2a: Stewie Griffin|Ancient Power|p1a: Zapdos\n|-supereffective|p1a: Zapdos\n|-damage|p1a: Zapdos|3\/100\n|-boost|p2a: Stewie Griffin|atk|1\n|-boost|p2a: Stewie Griffin|def|1\n|-boost|p2a: Stewie Griffin|spa|1\n|-boost|p2a: Stewie Griffin|spd|1\n|-boost|p2a: Stewie Griffin|spe|1\n|move|p1a: Zapdos|Roost|p1a: Zapdos\n|-heal|p1a: Zapdos|53\/100\n|-singleturn|p1a: Zapdos|move: Roost\n|\n|upkeep\n|turn|20\n|\n|t:|1699688361\n|move|p2a: Stewie Griffin|Ancient Power|p1a: Zapdos\n|-supereffective|p1a: Zapdos\n|-damage|p1a: Zapdos|11\/100\n|move|p1a: Zapdos|Volt Switch|p2a: Stewie Griffin\n|-damage|p2a: Stewie Griffin|72\/100\n|\n|t:|1699688368\n|switch|p1a: Nihilego|Nihilego|100\/100|[from] Volt Switch\n|\n|upkeep\n|turn|21\n|\n|t:|1699688377\n|-terastallize|p1a: Nihilego|Fire\n|move|p2a: Stewie Griffin|Iron Head|p1a: Nihilego\n|-resisted|p1a: Nihilego\n|-damage|p1a: Nihilego|68\/100\n|move|p1a: Nihilego|Hidden Power|p2a: Stewie Griffin\n|-supereffective|p2a: Stewie Griffin\n|-damage|p2a: Stewie Griffin|47\/100\n|-enditem|p2a: Stewie Griffin|Weakness Policy\n|-boost|p2a: Stewie Griffin|atk|2|[from] item: Weakness Policy\n|-boost|p2a: Stewie Griffin|spa|2|[from] item: Weakness Policy\n|\n|upkeep\n|turn|22\n|inactive|HuangZhiHan has 120 seconds left.\n|\n|t:|1699688395\n|move|p2a: Stewie Griffin|Ancient Power|p1a: Nihilego\n|-supereffective|p1a: Nihilego\n|-damage|p1a: Nihilego|11\/100\n|-boost|p2a: Stewie Griffin|atk|1\n|-boost|p2a: Stewie Griffin|def|1\n|-boost|p2a: Stewie Griffin|spa|1\n|-boost|p2a: Stewie Griffin|spd|1\n|-boost|p2a: Stewie Griffin|spe|1\n|move|p1a: Nihilego|Meteor Beam||[still]\n|-prepare|p1a: Nihilego|Meteor Beam\n|-boost|p1a: Nihilego|spa|1\n|-enditem|p1a: Nihilego|Power Herb\n|-anim|p1a: Nihilego|Meteor Beam|p2a: Stewie Griffin|[miss]\n|-miss|p1a: Nihilego|p2a: Stewie Griffin\n|\n|upkeep\n|turn|23\n|\n|t:|1699688406\n|move|p2a: Stewie Griffin|Ancient Power|p1a: Nihilego\n|-supereffective|p1a: Nihilego\n|-damage|p1a: Nihilego|0 fnt\n|faint|p1a: Nihilego\n|\n|upkeep\n|\n|t:|1699688411\n|switch|p1a: Bisharp|Bisharp, M|52\/100\n|turn|24\n|inactive|HuangZhiHan has 120 seconds left.\n|\n|t:|1699688423\n|move|p1a: Bisharp|Sucker Punch|p2a: Stewie Griffin\n|-supereffective|p2a: Stewie Griffin\n|-damage|p2a: Stewie Griffin|21\/100\n|move|p2a: Stewie Griffin|Iron Head|p1a: Bisharp\n|-resisted|p1a: Bisharp\n|-damage|p1a: Bisharp|5\/100\n|\n|upkeep\n|turn|25\n|inactive|HuangZhiHan has 120 seconds left.\n|\n|t:|1699688437\n|move|p2a: Stewie Griffin|Thunder Wave|p1a: Bisharp\n|-status|p1a: Bisharp|par\n|move|p1a: Bisharp|Knock Off|p2a: Stewie Griffin\n|-supereffective|p2a: Stewie Griffin\n|-damage|p2a: Stewie Griffin|0 fnt\n|faint|p2a: Stewie Griffin\n|\n|upkeep\n|\n|t:|1699688446\n|switch|p2a: Green catulon|Meowscarada, F, shiny|100\/100\n|turn|26\n|\n|t:|1699688461\n|move|p2a: Green catulon|U-turn|p1a: Bisharp\n|-start|p2a: Green catulon|typechange|Bug|[from] ability: Protean\n|-damage|p1a: Bisharp|0 fnt\n|faint|p1a: Bisharp\n|-damage|p2a: Green catulon|91\/100|[from] item: Life Orb\n|\n|t:|1699688462\n|switch|p2a: Piss fish|Dondozo, M, shiny|100\/100|[from] U-turn\n|\n|upkeep\n|\n|t:|1699688470\n|switch|p1a: Zapdos|Zapdos|11\/100\n|turn|27\n|\n|t:|1699688473\n|move|p1a: Zapdos|Roost|p1a: Zapdos\n|-heal|p1a: Zapdos|61\/100\n|-singleturn|p1a: Zapdos|move: Roost\n|move|p2a: Piss fish|Wave Crash|p1a: Zapdos\n|-damage|p1a: Zapdos|29\/100\n|-damage|p2a: Piss fish|84\/100|[from] item: Rocky Helmet|[of] p1a: Zapdos\n|-damage|p2a: Piss fish|77\/100|[from] Recoil\n|\n|-heal|p2a: Piss fish|83\/100|[from] item: Leftovers\n|upkeep\n|turn|28\n|\n|t:|1699688483\n|move|p1a: Zapdos|Roost|p1a: Zapdos\n|-heal|p1a: Zapdos|79\/100\n|-singleturn|p1a: Zapdos|move: Roost\n|move|p2a: Piss fish|Wave Crash|p1a: Zapdos\n|-damage|p1a: Zapdos|47\/100\n|-damage|p2a: Piss fish|67\/100|[from] item: Rocky Helmet|[of] p1a: Zapdos\n|-status|p2a: Piss fish|par|[from] ability: Static|[of] p1a: Zapdos\n|-damage|p2a: Piss fish|59\/100 par|[from] Recoil\n|\n|-heal|p2a: Piss fish|66\/100 par|[from] item: Leftovers\n|upkeep\n|turn|29\n|\n|t:|1699688495\n|move|p1a: Zapdos|Roost|p1a: Zapdos\n|-heal|p1a: Zapdos|97\/100\n|-singleturn|p1a: Zapdos|move: Roost\n|move|p2a: Piss fish|Wave Crash|p1a: Zapdos\n|-damage|p1a: Zapdos|61\/100\n|-damage|p2a: Piss fish|49\/100 par|[from] item: Rocky Helmet|[of] p1a: Zapdos\n|-damage|p2a: Piss fish|41\/100 par|[from] Recoil\n|\n|-heal|p2a: Piss fish|47\/100 par|[from] item: Leftovers\n|upkeep\n|turn|30\n|\n|t:|1699688506\n|move|p1a: Zapdos|Roost|p1a: Zapdos\n|-heal|p1a: Zapdos|100\/100\n|-singleturn|p1a: Zapdos|move: Roost\n|move|p2a: Piss fish|Wave Crash|p1a: Zapdos\n|-damage|p1a: Zapdos|64\/100\n|-damage|p2a: Piss fish|31\/100 par|[from] item: Rocky Helmet|[of] p1a: Zapdos\n|-damage|p2a: Piss fish|22\/100 par|[from] Recoil\n|\n|-heal|p2a: Piss fish|29\/100 par|[from] item: Leftovers\n|upkeep\n|turn|31\n|\n|t:|1699688517\n|move|p1a: Zapdos|Roost|p1a: Zapdos\n|-heal|p1a: Zapdos|100\/100\n|-singleturn|p1a: Zapdos|move: Roost\n|move|p2a: Piss fish|Wave Crash|p1a: Zapdos\n|-damage|p1a: Zapdos|69\/100\n|-damage|p2a: Piss fish|12\/100 par|[from] item: Rocky Helmet|[of] p1a: Zapdos\n|-damage|p2a: Piss fish|5\/100 par|[from] Recoil\n|\n|-heal|p2a: Piss fish|11\/100 par|[from] item: Leftovers\n|upkeep\n|turn|32\n|\n|t:|1699688531\n|move|p1a: Zapdos|Roost|p1a: Zapdos\n|-heal|p1a: Zapdos|100\/100\n|-singleturn|p1a: Zapdos|move: Roost\n|move|p2a: Piss fish|Wave Crash|p1a: Zapdos\n|-damage|p1a: Zapdos|66\/100\n|-damage|p2a: Piss fish|0 fnt|[from] item: Rocky Helmet|[of] p1a: Zapdos\n|faint|p2a: Piss fish\n|\n|upkeep\n|inactive|Wehoo12000 has 120 seconds left.\n|\n|t:|1699688567\n|switch|p2a: Green catulon|Meowscarada, F, shiny|91\/100\n|turn|33\n|\n|t:|1699688574\n|move|p2a: Green catulon|Flower Trick|p1a: Zapdos\n|-start|p2a: Green catulon|typechange|Grass|[from] ability: Protean\n|-resisted|p1a: Zapdos\n|-crit|p1a: Zapdos\n|-damage|p1a: Zapdos|41\/100\n|-damage|p2a: Green catulon|81\/100|[from] item: Life Orb\n|move|p1a: Zapdos|Hurricane|p2a: Green catulon\n|-supereffective|p2a: Green catulon\n|-damage|p2a: Green catulon|0 fnt\n|faint|p2a: Green catulon\n|\n|win|HuangZhiHan\n|raw|HuangZhiHan's rating: 1315 &rarr; <strong>1330<\/strong><br \/>(+15 for winning)\n|raw|Wehoo12000's rating: 1230 &rarr; <strong>1211<\/strong><br \/>(-19 for losing)\n|l|\u2606Wehoo12000\n|n| ZhiHanTvT|huangzhihan\n","uploadtime":1699688905,"views":13,"p1id":"huangzhihan","p2id":"wehoo12000","formatid":"gen9nationaldex","rating":1211,"private":0,"password":""}