{"id":"gen9nationaldex-1991045727","p1":"Tokiwakano","p2":"sdsslsy","format":"[Gen 9] National Dex","log":"|j|\u2606Tokiwakano\n|j|\u2606sdsslsy\n|t:|1700033896\n|gametype|singles\n|player|p1|Tokiwakano|caitlin|1743\n|player|p2|sdsslsy|265|1675\n|teamsize|p1|6\n|teamsize|p2|6\n|gen|9\n|tier|[Gen 9] National Dex\n|rated|\n|rule|HP Percentage Mod: HP is shown in percentages\n|rule|Endless Battle Clause: Forcing endless battles is banned\n|rule|OHKO Clause: OHKO moves are banned\n|rule|Evasion Clause: Evasion abilities, items, and moves are banned\n|rule|Evasion Abilities Clause: Evasion abilities are banned\n|rule|Evasion Items Clause: Evasion items are banned\n|rule|Evasion Moves Clause: Evasion moves are banned\n|rule|Species Clause: Limit one of each Pok\u00e9mon\n|rule|Sleep Clause Mod: Limit one foe put to sleep\n|clearpoke\n|poke|p1|Tapu Koko|\n|poke|p1|Iron Valiant|\n|poke|p1|Garchomp, M|\n|poke|p1|Ferrothorn, M|\n|poke|p1|Scizor, M|\n|poke|p1|Landorus-Therian, M|\n|poke|p2|Zeraora|\n|poke|p2|Chansey, F|\n|poke|p2|Diancie|\n|poke|p2|Great Tusk|\n|poke|p2|Alomomola, F|\n|poke|p2|Dragonite, M|\n|teampreview\n|inactive|Battle timer is ON: inactive players will automatically lose when time's up. (requested by sdsslsy)\n|\n|t:|1700033904\n|start\n|switch|p1a: Iron Valiant|Iron Valiant|100\/100\n|switch|p2a: Alomomola|Alomomola, F|100\/100\n|turn|1\n|\n|t:|1700033909\n|move|p2a: Alomomola|Protect|p2a: Alomomola\n|-singleturn|p2a: Alomomola|Protect\n|move|p1a: Iron Valiant|Thunderbolt|p2a: Alomomola\n|-activate|p2a: Alomomola|move: Protect\n|\n|upkeep\n|turn|2\n|\n|t:|1700033917\n|-end|p1a: Iron Valiant|Quark Drive|[silent]\n|switch|p1a: Tapu Koko|Tapu Koko|100\/100\n|-fieldstart|move: Electric Terrain|[from] ability: Electric Surge|[of] p1a: Tapu Koko\n|switch|p2a: Zeraora|Zeraora|100\/100\n|\n|upkeep\n|turn|3\n|\n|t:|1700033926\n|switch|p1a: Landorus|Landorus-Therian, M|100\/100\n|-ability|p1a: Landorus|Intimidate|boost\n|-unboost|p2a: Zeraora|atk|1\n|move|p2a: Zeraora|Knock Off|p1a: Landorus\n|-damage|p1a: Landorus|71\/100\n|-enditem|p1a: Landorus|Leftovers|[from] move: Knock Off|[of] p2a: Zeraora\n|\n|upkeep\n|turn|4\n|\n|t:|1700033933\n|switch|p2a: Alomomola|Alomomola, F|100\/100\n|move|p1a: Landorus|Toxic|p2a: Alomomola\n|-status|p2a: Alomomola|tox\n|\n|-damage|p2a: Alomomola|94\/100 tox|[from] psn\n|upkeep\n|turn|5\n|\n|t:|1700033938\n|switch|p1a: Ferrothorn|Ferrothorn, M|100\/100\n|move|p2a: Alomomola|Toxic|p1a: Ferrothorn\n|-immune|p1a: Ferrothorn\n|\n|-damage|p2a: Alomomola|82\/100 tox|[from] psn\n|upkeep\n|turn|6\n|\n|t:|1700033943\n|switch|p2a: Diancie|Diancie|100\/100\n|move|p1a: Ferrothorn|Stealth Rock|p2a: Diancie\n|-sidestart|p2: sdsslsy|move: Stealth Rock\n|\n|-fieldend|move: Electric Terrain\n|upkeep\n|turn|7\n|\n|t:|1700033958\n|switch|p1a: Iron Valiant|Iron Valiant|100\/100\n|detailschange|p2a: Diancie|Diancie-Mega\n|-mega|p2a: Diancie|Diancie|Diancite\n|move|p2a: Diancie|Stealth Rock|p1a: Iron Valiant\n|-sidestart|p1: Tokiwakano|move: Stealth Rock\n|\n|upkeep\n|turn|8\n|\n|t:|1700033967\n|switch|p2a: Chansey|Chansey, F|100\/100\n|-damage|p2a: Chansey|88\/100|[from] Stealth Rock\n|-terastallize|p1a: Iron Valiant|Fairy\n|move|p1a: Iron Valiant|Moonblast|p2a: Chansey\n|-damage|p2a: Chansey|58\/100\n|\n|upkeep\n|turn|9\n|\n|t:|1700033973\n|move|p1a: Iron Valiant|Moonblast|p2a: Chansey\n|-damage|p2a: Chansey|27\/100\n|move|p2a: Chansey|Soft-Boiled|p2a: Chansey\n|-heal|p2a: Chansey|77\/100\n|\n|upkeep\n|turn|10\n|\n|t:|1700033978\n|-end|p1a: Iron Valiant|Quark Drive|[silent]\n|switch|p1a: Garchomp|Garchomp, M|100\/100\n|-damage|p1a: Garchomp|94\/100|[from] Stealth Rock\n|move|p2a: Chansey|Teleport|p2a: Chansey\n|\n|t:|1700033981\n|switch|p2a: Great Tusk|Great Tusk|100\/100|[from] Teleport\n|-damage|p2a: Great Tusk|98\/100|[from] Stealth Rock\n|\n|-heal|p2a: Great Tusk|100\/100|[from] item: Leftovers\n|upkeep\n|turn|11\n|\n|t:|1700033986\n|move|p1a: Garchomp|Swords Dance|p1a: Garchomp\n|-boost|p1a: Garchomp|atk|2\n|move|p2a: Great Tusk|Rapid Spin|p1a: Garchomp\n|-damage|p1a: Garchomp|79\/100\n|-boost|p2a: Great Tusk|spe|1\n|-damage|p2a: Great Tusk|88\/100|[from] ability: Rough Skin|[of] p1a: Garchomp\n|-sideend|p2: sdsslsy|Stealth Rock|[from] move: Rapid Spin|[of] p2a: Great Tusk\n|\n|-heal|p2a: Great Tusk|94\/100|[from] item: Leftovers\n|upkeep\n|turn|12\n|\n|t:|1700033990\n|move|p2a: Great Tusk|Ice Spinner|p1a: Garchomp\n|-supereffective|p1a: Garchomp\n|-damage|p1a: Garchomp|0 fnt\n|-damage|p2a: Great Tusk|82\/100|[from] ability: Rough Skin|[of] p1a: Garchomp\n|faint|p1a: Garchomp\n|\n|-heal|p2a: Great Tusk|88\/100|[from] item: Leftovers\n|upkeep\n|\n|t:|1700033997\n|switch|p1a: Tapu Koko|Tapu Koko|100\/100\n|-fieldstart|move: Electric Terrain|[from] ability: Electric Surge|[of] p1a: Tapu Koko\n|turn|13\n|\n|t:|1700034006\n|switch|p1a: Landorus|Landorus-Therian, M|71\/100\n|-damage|p1a: Landorus|59\/100|[from] Stealth Rock\n|-ability|p1a: Landorus|Intimidate|boost\n|-unboost|p2a: Great Tusk|atk|1\n|-end|p2a: Great Tusk|Protosynthesis|[silent]\n|switch|p2a: Chansey|Chansey, F|77\/100\n|\n|upkeep\n|turn|14\n|\n|t:|1700034010\n|move|p1a: Landorus|Defog|p2a: Chansey\n|-unboost|p2a: Chansey|evasion|1\n|-sideend|p1: Tokiwakano|Stealth Rock|[from] move: Defog|[of] p1a: Landorus\n|-fieldend|move: Electric Terrain\n|move|p2a: Chansey|Heal Bell|p2a: Chansey\n|-activate|p2a: Chansey|move: Heal Bell\n|-curestatus|p2: Alomomola|tox|[msg]\n|\n|upkeep\n|turn|15\n|\n|t:|1700034021\n|move|p1a: Landorus|U-turn|p2a: Chansey\n|-damage|p2a: Chansey|64\/100\n|\n|t:|1700034028\n|switch|p1a: Ferrothorn|Ferrothorn, M|100\/100|[from] U-turn\n|move|p2a: Chansey|Teleport|p2a: Chansey\n|\n|t:|1700034032\n|switch|p2a: Dragonite|Dragonite, M|100\/100|[from] Teleport\n|\n|upkeep\n|turn|16\n|\n|t:|1700034036\n|move|p2a: Dragonite|Fire Punch|p1a: Ferrothorn\n|-supereffective|p1a: Ferrothorn\n|-damage|p1a: Ferrothorn|4\/100\n|-damage|p2a: Dragonite|88\/100|[from] ability: Iron Barbs|[of] p1a: Ferrothorn\n|move|p1a: Ferrothorn|Leech Seed|p2a: Dragonite\n|-start|p2a: Dragonite|move: Leech Seed\n|\n|-heal|p1a: Ferrothorn|10\/100|[from] item: Leftovers\n|-damage|p2a: Dragonite|76\/100|[from] Leech Seed|[of] p1a: Ferrothorn\n|-heal|p1a: Ferrothorn|22\/100|[silent]\n|upkeep\n|turn|17\n|\n|t:|1700034046\n|switch|p2a: Diancie|Diancie-Mega|100\/100\n|switch|p1a: Landorus|Landorus-Therian, M|59\/100\n|-ability|p1a: Landorus|Intimidate|boost\n|-unboost|p2a: Diancie|atk|1\n|\n|upkeep\n|turn|18\n|\n|t:|1700034053\n|move|p2a: Diancie|Moonblast|p1a: Landorus\n|-damage|p1a: Landorus|12\/100\n|move|p1a: Landorus|Earthquake|p2a: Diancie\n|-supereffective|p2a: Diancie\n|-damage|p2a: Diancie|0 fnt\n|faint|p2a: Diancie\n|\n|upkeep\n|\n|t:|1700034059\n|switch|p2a: Dragonite|Dragonite, M|76\/100\n|turn|19\n|\n|t:|1700034066\n|switch|p1a: Ferrothorn|Ferrothorn, M|22\/100\n|move|p2a: Dragonite|Extreme Speed|p1a: Ferrothorn\n|-resisted|p1a: Ferrothorn\n|-damage|p1a: Ferrothorn|10\/100\n|-damage|p2a: Dragonite|64\/100|[from] ability: Iron Barbs|[of] p1a: Ferrothorn\n|\n|-heal|p1a: Ferrothorn|16\/100|[from] item: Leftovers\n|upkeep\n|turn|20\n|\n|t:|1700034079\n|switch|p2a: Great Tusk|Great Tusk|88\/100\n|move|p1a: Ferrothorn|Leech Seed|p2a: Great Tusk\n|-start|p2a: Great Tusk|move: Leech Seed\n|\n|-heal|p2a: Great Tusk|94\/100|[from] item: Leftovers\n|-heal|p1a: Ferrothorn|22\/100|[from] item: Leftovers\n|-damage|p2a: Great Tusk|82\/100|[from] Leech Seed|[of] p1a: Ferrothorn\n|-heal|p1a: Ferrothorn|37\/100|[silent]\n|upkeep\n|turn|21\n|\n|t:|1700034089\n|switch|p1a: Landorus|Landorus-Therian, M|12\/100\n|-ability|p1a: Landorus|Intimidate|boost\n|-unboost|p2a: Great Tusk|atk|1\n|move|p2a: Great Tusk|Rapid Spin|p1a: Landorus\n|-crit|p1a: Landorus\n|-damage|p1a: Landorus|0 fnt\n|-boost|p2a: Great Tusk|spe|1\n|-end|p2a: Great Tusk|Leech Seed|[from] move: Rapid Spin|[of] p2a: Great Tusk\n|faint|p1a: Landorus\n|\n|-heal|p2a: Great Tusk|88\/100|[from] item: Leftovers\n|upkeep\n|\n|t:|1700034097\n|switch|p1a: Iron Valiant|Iron Valiant, tera:Fairy|100\/100\n|turn|22\n|\n|t:|1700034112\n|-end|p2a: Great Tusk|Protosynthesis|[silent]\n|switch|p2a: Chansey|Chansey, F|64\/100\n|move|p1a: Iron Valiant|Moonblast|p2a: Chansey\n|-damage|p2a: Chansey|32\/100\n|\n|upkeep\n|turn|23\n|\n|t:|1700034118\n|move|p1a: Iron Valiant|Moonblast|p2a: Chansey\n|-damage|p2a: Chansey|0 fnt\n|faint|p2a: Chansey\n|\n|upkeep\n|\n|t:|1700034123\n|switch|p2a: Zeraora|Zeraora|100\/100\n|turn|24\n|\n|t:|1700034134\n|-end|p1a: Iron Valiant|Quark Drive|[silent]\n|switch|p1a: Tapu Koko|Tapu Koko|100\/100\n|-fieldstart|move: Electric Terrain|[from] ability: Electric Surge|[of] p1a: Tapu Koko\n|move|p2a: Zeraora|Knock Off|p1a: Tapu Koko\n|-resisted|p1a: Tapu Koko\n|-damage|p1a: Tapu Koko|71\/100\n|-enditem|p1a: Tapu Koko|Heavy-Duty Boots|[from] move: Knock Off|[of] p2a: Zeraora\n|\n|upkeep\n|turn|25\n|\n|t:|1700034142\n|move|p2a: Zeraora|Knock Off|p1a: Tapu Koko\n|-resisted|p1a: Tapu Koko\n|-damage|p1a: Tapu Koko|51\/100\n|move|p1a: Tapu Koko|Dazzling Gleam|p2a: Zeraora\n|-damage|p2a: Zeraora|56\/100\n|\n|upkeep\n|turn|26\n|\n|t:|1700034146\n|switch|p2a: Alomomola|Alomomola, F|100\/100\n|move|p1a: Tapu Koko|Roost|p1a: Tapu Koko\n|-heal|p1a: Tapu Koko|100\/100\n|-singleturn|p1a: Tapu Koko|move: Roost\n|\n|upkeep\n|turn|27\n|\n|t:|1700034160\n|move|p2a: Alomomola|Protect|p2a: Alomomola\n|-singleturn|p2a: Alomomola|Protect\n|move|p1a: Tapu Koko|Volt Switch|p2a: Alomomola\n|-activate|p2a: Alomomola|move: Protect\n|\n|upkeep\n|turn|28\n|j| Nomer16\n|\n|t:|1700034164\n|move|p1a: Tapu Koko|Dazzling Gleam|p2a: Alomomola\n|-damage|p2a: Alomomola|61\/100\n|move|p2a: Alomomola|Toxic|p1a: Tapu Koko|[miss]\n|-miss|p2a: Alomomola|p1a: Tapu Koko\n|\n|-fieldend|move: Electric Terrain\n|upkeep\n|turn|29\n|\n|t:|1700034172\n|move|p2a: Alomomola|Protect|p2a: Alomomola\n|-singleturn|p2a: Alomomola|Protect\n|move|p1a: Tapu Koko|Dazzling Gleam|p2a: Alomomola\n|-activate|p2a: Alomomola|move: Protect\n|\n|upkeep\n|turn|30\n|\n|t:|1700034179\n|move|p1a: Tapu Koko|Volt Switch|p2a: Alomomola\n|-supereffective|p2a: Alomomola\n|-damage|p2a: Alomomola|0 fnt\n|faint|p2a: Alomomola\n|\n|t:|1700034185\n|switch|p1a: Iron Valiant|Iron Valiant, tera:Fairy|100\/100|[from] Volt Switch\n|\n|upkeep\n|\n|t:|1700034188\n|switch|p2a: Zeraora|Zeraora|56\/100\n|turn|31\n|\n|t:|1700034191\n|-end|p1a: Iron Valiant|Quark Drive|[silent]\n|switch|p1a: Tapu Koko|Tapu Koko|100\/100\n|-fieldstart|move: Electric Terrain|[from] ability: Electric Surge|[of] p1a: Tapu Koko\n|move|p2a: Zeraora|Plasma Fists|p1a: Tapu Koko\n|-resisted|p1a: Tapu Koko\n|-damage|p1a: Tapu Koko|40\/100\n|-fieldactivate|move: Ion Deluge\n|-hint|Normal-type moves become Electric-type after using Plasma Fists.\n|\n|upkeep\n|turn|32\n|\n|t:|1700034197\n|switch|p1a: Ferrothorn|Ferrothorn, M|37\/100\n|move|p2a: Zeraora|Plasma Fists|p1a: Ferrothorn\n|-resisted|p1a: Ferrothorn\n|-damage|p1a: Ferrothorn|9\/100\n|-fieldactivate|move: Ion Deluge\n|-hint|Normal-type moves become Electric-type after using Plasma Fists.\n|-damage|p2a: Zeraora|44\/100|[from] ability: Iron Barbs|[of] p1a: Ferrothorn\n|\n|-heal|p1a: Ferrothorn|16\/100|[from] item: Leftovers\n|upkeep\n|turn|33\n|\n|t:|1700034199\n|move|p2a: Zeraora|Plasma Fists|p1a: Ferrothorn\n|-resisted|p1a: Ferrothorn\n|-damage|p1a: Ferrothorn|0 fnt\n|-fieldactivate|move: Ion Deluge\n|-hint|Normal-type moves become Electric-type after using Plasma Fists.\n|-damage|p2a: Zeraora|32\/100|[from] ability: Iron Barbs|[of] p1a: Ferrothorn\n|faint|p1a: Ferrothorn\n|\n|upkeep\n|\n|t:|1700034202\n|switch|p1a: Iron Valiant|Iron Valiant, tera:Fairy|100\/100\n|-activate|p1a: Iron Valiant|ability: Quark Drive\n|-start|p1a: Iron Valiant|quarkdrivespe\n|turn|34\n|\n|t:|1700034213\n|move|p1a: Iron Valiant|Moonblast|p2a: Zeraora\n|-damage|p2a: Zeraora|0 fnt\n|faint|p2a: Zeraora\n|\n|upkeep\n|\n|t:|1700034216\n|switch|p2a: Great Tusk|Great Tusk|88\/100\n|turn|35\n|\n|t:|1700034222\n|-terastallize|p2a: Great Tusk|Steel\n|move|p1a: Iron Valiant|Moonblast|p2a: Great Tusk\n|-resisted|p2a: Great Tusk\n|-damage|p2a: Great Tusk|29\/100\n|move|p2a: Great Tusk|Rapid Spin|p1a: Iron Valiant\n|-damage|p1a: Iron Valiant|81\/100\n|-boost|p2a: Great Tusk|spe|1\n|\n|-heal|p2a: Great Tusk|35\/100|[from] item: Leftovers\n|-fieldend|move: Electric Terrain\n|-end|p1a: Iron Valiant|Quark Drive\n|upkeep\n|turn|36\n|\n|t:|1700034231\n|-end|p1a: Iron Valiant|Quark Drive|[silent]\n|switch|p1a: Tapu Koko|Tapu Koko|40\/100\n|-fieldstart|move: Electric Terrain|[from] ability: Electric Surge|[of] p1a: Tapu Koko\n|move|p2a: Great Tusk|Ice Spinner|p1a: Tapu Koko\n|-damage|p1a: Tapu Koko|9\/100\n|-fieldend|move: Electric Terrain\n|\n|-heal|p2a: Great Tusk|41\/100|[from] item: Leftovers\n|upkeep\n|turn|37\n|\n|t:|1700034242\n|switch|p1a: Scizor|Scizor, M|100\/100\n|move|p2a: Great Tusk|Rapid Spin|p1a: Scizor\n|-resisted|p1a: Scizor\n|-damage|p1a: Scizor|94\/100\n|-boost|p2a: Great Tusk|spe|1\n|\n|-heal|p2a: Great Tusk|47\/100|[from] item: Leftovers\n|upkeep\n|turn|38\n|\n|t:|1700034246\n|detailschange|p1a: Scizor|Scizor-Mega, M\n|-mega|p1a: Scizor|Scizor|Scizorite\n|move|p2a: Great Tusk|Bulk Up|p2a: Great Tusk\n|-boost|p2a: Great Tusk|atk|1\n|-boost|p2a: Great Tusk|def|1\n|move|p1a: Scizor|Knock Off|p2a: Great Tusk\n|-damage|p2a: Great Tusk|37\/100\n|-enditem|p2a: Great Tusk|Leftovers|[from] move: Knock Off|[of] p1a: Scizor\n|\n|upkeep\n|turn|39\n|\n|t:|1700034256\n|move|p2a: Great Tusk|Headlong Rush|p1a: Scizor\n|-damage|p1a: Scizor|41\/100\n|-unboost|p2a: Great Tusk|def|1\n|-unboost|p2a: Great Tusk|spd|1\n|move|p1a: Scizor|Knock Off|p2a: Great Tusk\n|-damage|p2a: Great Tusk|26\/100\n|\n|upkeep\n|turn|40\n|l| Nomer16\n|\n|t:|1700034271\n|switch|p1a: Tapu Koko|Tapu Koko|9\/100\n|-fieldstart|move: Electric Terrain|[from] ability: Electric Surge|[of] p1a: Tapu Koko\n|move|p2a: Great Tusk|Headlong Rush|p1a: Tapu Koko\n|-supereffective|p1a: Tapu Koko\n|-damage|p1a: Tapu Koko|0 fnt\n|-unboost|p2a: Great Tusk|def|1\n|-unboost|p2a: Great Tusk|spd|1\n|faint|p1a: Tapu Koko\n|\n|upkeep\n|\n|t:|1700034275\n|switch|p1a: Scizor|Scizor-Mega, M|41\/100\n|turn|41\n|\n|t:|1700034281\n|move|p1a: Scizor|Bullet Punch|p2a: Great Tusk\n|-resisted|p2a: Great Tusk\n|-crit|p2a: Great Tusk\n|-damage|p2a: Great Tusk|7\/100\n|move|p2a: Great Tusk|Headlong Rush|p1a: Scizor\n|-damage|p1a: Scizor|0 fnt\n|-unboost|p2a: Great Tusk|def|1\n|-unboost|p2a: Great Tusk|spd|1\n|faint|p1a: Scizor\n|\n|upkeep\n|\n|t:|1700034285\n|switch|p1a: Iron Valiant|Iron Valiant, tera:Fairy|81\/100\n|-activate|p1a: Iron Valiant|ability: Quark Drive\n|-start|p1a: Iron Valiant|quarkdrivespe\n|turn|42\n|\n|t:|1700034288\n|move|p1a: Iron Valiant|Moonblast|p2a: Great Tusk\n|-resisted|p2a: Great Tusk\n|-damage|p2a: Great Tusk|0 fnt\n|faint|p2a: Great Tusk\n|-end|p2a: Great Tusk|Protosynthesis|[silent]\n|\n|upkeep\n|\n|t:|1700034289\n|switch|p2a: Dragonite|Dragonite, M|64\/100\n|turn|43\n|\n|t:|1700034292\n|move|p2a: Dragonite|Extreme Speed|p1a: Iron Valiant\n|-damage|p1a: Iron Valiant|15\/100\n|move|p1a: Iron Valiant|Moonblast|p2a: Dragonite\n|-supereffective|p2a: Dragonite\n|-damage|p2a: Dragonite|0 fnt\n|faint|p2a: Dragonite\n|\n|win|Tokiwakano\n|raw|Tokiwakano's rating: 1743 &rarr; <strong>1759<\/strong><br \/>(+16 for winning)\n|raw|sdsslsy's rating: 1675 &rarr; <strong>1659<\/strong><br \/>(-16 for losing)\n","uploadtime":1700034298,"views":6,"p1id":"tokiwakano","p2id":"sdsslsy","formatid":"gen9nationaldex","rating":1659,"private":0,"password":""}