{"id":"gen9nationaldex-1987969236","p1":"Red Vs Showdown","p2":"Guape","format":"[Gen 9] National Dex","log":"|j|\u2606Red Vs Showdown\n|j|\u2606Guape\n|inactive|Battle timer is ON: inactive players will automatically lose when time's up.\n|t:|1699654308\n|gametype|singles\n|player|p1|Red Vs Showdown|red-gen2|\n|player|p2|Guape|boarder-gen2|\n|teamsize|p1|6\n|teamsize|p2|6\n|gen|9\n|tier|[Gen 9] National Dex\n|rated|Tournament battle\n|rule|HP Percentage Mod: HP is shown in percentages\n|rule|Endless Battle Clause: Forcing endless battles is banned\n|rule|OHKO Clause: OHKO moves are banned\n|rule|Evasion Clause: Evasion abilities, items, and moves are banned\n|rule|Evasion Abilities Clause: Evasion abilities are banned\n|rule|Evasion Items Clause: Evasion items are banned\n|rule|Evasion Moves Clause: Evasion moves are banned\n|rule|Species Clause: Limit one of each Pok\u00e9mon\n|rule|Sleep Clause Mod: Limit one foe put to sleep\n|clearpoke\n|poke|p1|Pikachu, F|\n|poke|p1|Charizard, F|\n|poke|p1|Blastoise, F|\n|poke|p1|Venusaur, M|\n|poke|p1|Snorlax, F|\n|poke|p1|Espeon, F|\n|poke|p2|Latias, F|\n|poke|p2|Clodsire, M|\n|poke|p2|Gliscor, F|\n|poke|p2|Toxapex, F|\n|poke|p2|Kartana|\n|poke|p2|Weavile, M|\n|teampreview\n|c|\u2606Red Vs Showdown|...\n|c|\u2606Guape|uh huh\n|\n|t:|1699654338\n|start\n|switch|p1a: Blastoise|Blastoise, F|100\/100\n|switch|p2a: Latias|Latias, F|100\/100\n|turn|1\n|\n|t:|1699654343\n|switch|p2a: Clodsire|Clodsire, M|100\/100\n|move|p1a: Blastoise|Flip Turn|p2a: Clodsire\n|-supereffective|p2a: Clodsire\n|-damage|p2a: Clodsire|63\/100\n|\n|t:|1699654346\n|switch|p1a: Charizard|Charizard, F|100\/100|[from] Flip Turn\n|\n|upkeep\n|turn|2\n|\n|t:|1699654351\n|detailschange|p1a: Charizard|Charizard-Mega-Y, F\n|-mega|p1a: Charizard|Charizard|Charizardite Y\n|-weather|SunnyDay|[from] ability: Drought|[of] p1a: Charizard\n|move|p1a: Charizard|Fire Blast|p2a: Clodsire\n|-damage|p2a: Clodsire|10\/100\n|move|p2a: Clodsire|Recover|p2a: Clodsire\n|-heal|p2a: Clodsire|60\/100\n|\n|-weather|SunnyDay|[upkeep]\n|upkeep\n|turn|3\n|\n|t:|1699654360\n|move|p1a: Charizard|Fire Blast|p2a: Clodsire\n|-damage|p2a: Clodsire|9\/100\n|-status|p2a: Clodsire|brn\n|move|p2a: Clodsire|Recover|p2a: Clodsire\n|-heal|p2a: Clodsire|59\/100 brn\n|\n|-weather|SunnyDay|[upkeep]\n|-damage|p2a: Clodsire|52\/100 brn|[from] brn\n|upkeep\n|turn|4\n|\n|t:|1699654368\n|move|p1a: Charizard|Fire Blast|p2a: Clodsire|[miss]\n|-miss|p1a: Charizard|p2a: Clodsire\n|move|p2a: Clodsire|Recover|p2a: Clodsire\n|-heal|p2a: Clodsire|100\/100 brn\n|\n|-weather|SunnyDay|[upkeep]\n|-damage|p2a: Clodsire|94\/100 brn|[from] brn\n|upkeep\n|turn|5\n|\n|t:|1699654374\n|switch|p1a: Espeon|Espeon, F|100\/100\n|switch|p2a: Latias|Latias, F|100\/100\n|\n|-weather|SunnyDay|[upkeep]\n|upkeep\n|turn|6\n|\n|t:|1699654380\n|detailschange|p2a: Latias|Latias-Mega, F\n|-mega|p2a: Latias|Latias|Latiasite\n|move|p1a: Espeon|Dazzling Gleam|p2a: Latias\n|-supereffective|p2a: Latias\n|-damage|p2a: Latias|62\/100\n|move|p2a: Latias|Calm Mind|p2a: Latias\n|-boost|p2a: Latias|spa|1\n|-boost|p2a: Latias|spd|1\n|\n|-weather|none\n|upkeep\n|turn|7\n|\n|t:|1699654384\n|switch|p1a: Snorlax|Snorlax, F|100\/100\n|move|p2a: Latias|Recover|p2a: Latias\n|-heal|p2a: Latias|100\/100\n|\n|upkeep\n|turn|8\n|\n|t:|1699654388\n|switch|p2a: Gliscor|Gliscor, F|100\/100\n|move|p1a: Snorlax|Return|p2a: Gliscor\n|-damage|p2a: Gliscor|33\/100\n|\n|-status|p2a: Gliscor|tox|[from] item: Toxic Orb\n|upkeep\n|turn|9\n|\n|t:|1699654394\n|switch|p2a: Toxapex|Toxapex, F|100\/100\n|switch|p1a: Blastoise|Blastoise, F|100\/100\n|\n|upkeep\n|turn|10\n|\n|t:|1699654397\n|move|p1a: Blastoise|Flip Turn|p2a: Toxapex\n|-resisted|p2a: Toxapex\n|-damage|p2a: Toxapex|96\/100\n|-damage|p1a: Blastoise|84\/100|[from] item: Rocky Helmet|[of] p2a: Toxapex\n|\n|t:|1699654401\n|switch|p1a: Charizard|Charizard-Mega-Y, F|100\/100|[from] Flip Turn\n|-weather|SunnyDay|[from] ability: Drought|[of] p1a: Charizard\n|move|p2a: Toxapex|Toxic|p1a: Charizard\n|-status|p1a: Charizard|tox\n|\n|-weather|SunnyDay|[upkeep]\n|-damage|p1a: Charizard|94\/100 tox|[from] psn\n|upkeep\n|turn|11\n|\n|t:|1699654404\n|switch|p1a: Venusaur|Venusaur, M|100\/100\n|switch|p2a: Latias|Latias-Mega, F|100\/100\n|\n|-weather|SunnyDay|[upkeep]\n|upkeep\n|turn|12\n|\n|t:|1699654409\n|switch|p1a: Snorlax|Snorlax, F|100\/100\n|switch|p2a: Clodsire|Clodsire, M|94\/100 brn\n|\n|-weather|SunnyDay|[upkeep]\n|-damage|p2a: Clodsire|88\/100 brn|[from] brn\n|upkeep\n|turn|13\n|\n|t:|1699654415\n|switch|p2a: Toxapex|Toxapex, F|100\/100\n|move|p1a: Snorlax|Return|p2a: Toxapex\n|-damage|p2a: Toxapex|51\/100\n|-damage|p1a: Snorlax|84\/100|[from] item: Rocky Helmet|[of] p2a: Toxapex\n|\n|-weather|SunnyDay|[upkeep]\n|upkeep\n|turn|14\n|\n|t:|1699654419\n|move|p1a: Snorlax|Return|p2a: Toxapex\n|-damage|p2a: Toxapex|5\/100\n|-damage|p1a: Snorlax|67\/100|[from] item: Rocky Helmet|[of] p2a: Toxapex\n|move|p2a: Toxapex|Recover|p2a: Toxapex\n|-heal|p2a: Toxapex|56\/100\n|\n|-weather|none\n|upkeep\n|turn|15\n|\n|t:|1699654427\n|switch|p1a: Charizard|Charizard-Mega-Y, F|94\/100 tox\n|-weather|SunnyDay|[from] ability: Drought|[of] p1a: Charizard\n|move|p2a: Toxapex|Recover|p2a: Toxapex\n|-heal|p2a: Toxapex|100\/100\n|\n|-weather|SunnyDay|[upkeep]\n|-damage|p1a: Charizard|88\/100 tox|[from] psn\n|upkeep\n|turn|16\n|\n|t:|1699654432\n|switch|p2a: Latias|Latias-Mega, F|100\/100\n|move|p1a: Charizard|Fire Blast|p2a: Latias|[miss]\n|-miss|p1a: Charizard|p2a: Latias\n|\n|-weather|SunnyDay|[upkeep]\n|-damage|p1a: Charizard|76\/100 tox|[from] psn\n|upkeep\n|turn|17\n|\n|t:|1699654439\n|switch|p1a: Espeon|Espeon, F|100\/100\n|move|p2a: Latias|Psyshock|p1a: Espeon\n|-resisted|p1a: Espeon\n|-crit|p1a: Espeon\n|-damage|p1a: Espeon|50\/100\n|\n|-weather|SunnyDay|[upkeep]\n|upkeep\n|turn|18\n|\n|t:|1699654444\n|move|p1a: Espeon|Dazzling Gleam|p2a: Latias\n|-supereffective|p2a: Latias\n|-damage|p2a: Latias|62\/100\n|move|p2a: Latias|Psyshock|p1a: Espeon\n|-resisted|p1a: Espeon\n|-damage|p1a: Espeon|17\/100\n|\n|-weather|SunnyDay|[upkeep]\n|upkeep\n|turn|19\n|\n|t:|1699654446\n|switch|p2a: Clodsire|Clodsire, M|88\/100 brn\n|move|p1a: Espeon|Dazzling Gleam|p2a: Clodsire\n|-resisted|p2a: Clodsire\n|-damage|p2a: Clodsire|81\/100 brn\n|\n|-weather|none\n|-damage|p2a: Clodsire|75\/100 brn|[from] brn\n|upkeep\n|turn|20\n|\n|t:|1699654450\n|switch|p1a: Blastoise|Blastoise, F|84\/100\n|move|p2a: Clodsire|Earthquake|p1a: Blastoise\n|-damage|p1a: Blastoise|76\/100\n|\n|-heal|p1a: Blastoise|82\/100|[from] item: Leftovers\n|-damage|p2a: Clodsire|68\/100 brn|[from] brn\n|upkeep\n|turn|21\n|\n|t:|1699654454\n|switch|p2a: Latias|Latias-Mega, F|62\/100\n|move|p1a: Blastoise|Flip Turn|p2a: Latias\n|-resisted|p2a: Latias\n|-damage|p2a: Latias|54\/100\n|\n|t:|1699654456\n|switch|p1a: Snorlax|Snorlax, F|67\/100|[from] Flip Turn\n|\n|upkeep\n|turn|22\n|\n|t:|1699654461\n|move|p2a: Latias|Recover|p2a: Latias\n|-heal|p2a: Latias|100\/100\n|move|p1a: Snorlax|Pursuit|p2a: Latias\n|-supereffective|p2a: Latias\n|-damage|p2a: Latias|66\/100\n|\n|upkeep\n|turn|23\n|\n|t:|1699654467\n|switch|p1a: Blastoise|Blastoise, F|82\/100\n|move|p2a: Latias|Calm Mind|p2a: Latias\n|-boost|p2a: Latias|spa|1\n|-boost|p2a: Latias|spd|1\n|\n|-heal|p1a: Blastoise|88\/100|[from] item: Leftovers\n|upkeep\n|turn|24\n|\n|t:|1699654470\n|switch|p2a: Clodsire|Clodsire, M|68\/100 brn\n|move|p1a: Blastoise|Flip Turn|p2a: Clodsire\n|-supereffective|p2a: Clodsire\n|-damage|p2a: Clodsire|30\/100 brn\n|\n|t:|1699654478\n|switch|p1a: Pikachu|Pikachu, F|100\/100|[from] Flip Turn\n|\n|-damage|p2a: Clodsire|24\/100 brn|[from] brn\n|upkeep\n|turn|25\n|\n|t:|1699654485\n|switch|p2a: Toxapex|Toxapex, F|100\/100\n|move|p1a: Pikachu|Extreme Speed|p2a: Toxapex\n|-damage|p2a: Toxapex|78\/100\n|-damage|p1a: Pikachu|84\/100|[from] item: Rocky Helmet|[of] p2a: Toxapex\n|\n|upkeep\n|turn|26\n|j| XXMurdrXX\n|\n|t:|1699654491\n|switch|p2a: Clodsire|Clodsire, M|24\/100 brn\n|move|p1a: Pikachu|Extreme Speed|p2a: Clodsire\n|-damage|p2a: Clodsire|0 fnt\n|faint|p2a: Clodsire\n|\n|upkeep\n|\n|t:|1699654496\n|switch|p2a: Gliscor|Gliscor, F|33\/100 tox\n|turn|27\n|\n|t:|1699654504\n|-terastallize|p1a: Pikachu|Normal\n|move|p1a: Pikachu|Extreme Speed|p2a: Gliscor\n|-damage|p2a: Gliscor|0 fnt\n|faint|p2a: Gliscor\n|\n|upkeep\n|\n|t:|1699654514\n|switch|p2a: Kartana|Kartana|100\/100\n|turn|28\n|\n|t:|1699654523\n|switch|p1a: Blastoise|Blastoise, F|88\/100\n|move|p2a: Kartana|Knock Off|p1a: Blastoise\n|-damage|p1a: Blastoise|60\/100\n|-enditem|p1a: Blastoise|Leftovers|[from] move: Knock Off|[of] p2a: Kartana\n|\n|upkeep\n|turn|29\n|\n|t:|1699654526\n|switch|p2a: Toxapex|Toxapex, F|100\/100\n|move|p1a: Blastoise|Flip Turn|p2a: Toxapex\n|-resisted|p2a: Toxapex\n|-crit|p2a: Toxapex\n|-damage|p2a: Toxapex|93\/100\n|-damage|p1a: Blastoise|43\/100|[from] item: Rocky Helmet|[of] p2a: Toxapex\n|\n|t:|1699654530\n|switch|p1a: Pikachu|Pikachu, F, tera:Normal|84\/100|[from] Flip Turn\n|\n|upkeep\n|turn|30\n|\n|t:|1699654546\n|move|p1a: Pikachu|Volt Tackle|p2a: Toxapex\n|-supereffective|p2a: Toxapex\n|-damage|p2a: Toxapex|0 fnt\n|-damage|p1a: Pikachu|67\/100|[from] item: Rocky Helmet|[of] p2a: Toxapex\n|faint|p2a: Toxapex\n|-damage|p1a: Pikachu|24\/100|[from] Recoil\n|\n|upkeep\n|\n|t:|1699654549\n|switch|p2a: Latias|Latias-Mega, F|66\/100\n|turn|31\n|\n|t:|1699654559\n|move|p1a: Pikachu|Extreme Speed|p2a: Latias\n|-damage|p2a: Latias|23\/100\n|move|p2a: Latias|Recover|p2a: Latias\n|-heal|p2a: Latias|74\/100\n|\n|upkeep\n|turn|32\n|l| XXMurdrXX\n|\n|t:|1699654565\n|switch|p1a: Snorlax|Snorlax, F|67\/100\n|move|p2a: Latias|Recover|p2a: Latias\n|-heal|p2a: Latias|100\/100\n|\n|upkeep\n|turn|33\n|\n|t:|1699654567\n|switch|p2a: Kartana|Kartana|100\/100\n|move|p1a: Snorlax|Return|p2a: Kartana\n|-resisted|p2a: Kartana\n|-damage|p2a: Kartana|62\/100\n|\n|upkeep\n|turn|34\n|\n|t:|1699654577\n|switch|p1a: Blastoise|Blastoise, F|43\/100\n|move|p2a: Kartana|Leaf Blade|p1a: Blastoise\n|-supereffective|p1a: Blastoise\n|-crit|p1a: Blastoise\n|-damage|p1a: Blastoise|0 fnt\n|faint|p1a: Blastoise\n|-ability|p2a: Kartana|Beast Boost|boost\n|-boost|p2a: Kartana|atk|1\n|\n|upkeep\n|\n|t:|1699654585\n|switch|p1a: Charizard|Charizard-Mega-Y, F|76\/100 tox\n|-weather|SunnyDay|[from] ability: Drought|[of] p1a: Charizard\n|turn|35\n|\n|t:|1699654593\n|move|p2a: Kartana|Leaf Blade|p1a: Charizard\n|-resisted|p1a: Charizard\n|-damage|p1a: Charizard|44\/100 tox\n|move|p1a: Charizard|Fire Blast|p2a: Kartana\n|-supereffective|p2a: Kartana\n|-damage|p2a: Kartana|0 fnt\n|faint|p2a: Kartana\n|\n|-weather|SunnyDay|[upkeep]\n|-damage|p1a: Charizard|38\/100 tox|[from] psn\n|upkeep\n|\n|t:|1699654604\n|switch|p2a: Latias|Latias-Mega, F|100\/100\n|turn|36\n|\n|t:|1699654609\n|switch|p1a: Snorlax|Snorlax, F|67\/100\n|move|p2a: Latias|Calm Mind|p2a: Latias\n|-boost|p2a: Latias|spa|1\n|-boost|p2a: Latias|spd|1\n|\n|-weather|SunnyDay|[upkeep]\n|upkeep\n|turn|37\n|\n|t:|1699654613\n|move|p2a: Latias|Psyshock|p1a: Snorlax\n|-damage|p1a: Snorlax|16\/100\n|move|p1a: Snorlax|Return|p2a: Latias\n|-damage|p2a: Latias|39\/100\n|\n|-weather|SunnyDay|[upkeep]\n|upkeep\n|turn|38\n|\n|t:|1699654626\n|move|p2a: Latias|Psyshock|p1a: Snorlax\n|-damage|p1a: Snorlax|0 fnt\n|faint|p1a: Snorlax\n|\n|-weather|SunnyDay|[upkeep]\n|upkeep\n|\n|t:|1699654636\n|switch|p1a: Pikachu|Pikachu, F, tera:Normal|24\/100\n|turn|39\n|\n|t:|1699654645\n|switch|p2a: Weavile|Weavile, M|100\/100\n|-ability|p2a: Weavile|Pressure\n|move|p1a: Pikachu|Extreme Speed|p2a: Weavile\n|-damage|p2a: Weavile|12\/100\n|\n|-weather|none\n|upkeep\n|turn|40\n|\n|t:|1699654648\n|move|p1a: Pikachu|Extreme Speed|p2a: Weavile\n|-damage|p2a: Weavile|0 fnt\n|faint|p2a: Weavile\n|\n|upkeep\n|\n|t:|1699654658\n|switch|p2a: Latias|Latias-Mega, F|39\/100\n|turn|41\n|c|\u2606Guape|this must be a scarf\n|\n|t:|1699654696\n|switch|p1a: Espeon|Espeon, F|17\/100\n|move|p2a: Latias|Recover|p2a: Latias\n|-heal|p2a: Latias|89\/100\n|\n|upkeep\n|turn|42\n|\n|t:|1699654700\n|move|p1a: Espeon|Dazzling Gleam|p2a: Latias\n|-supereffective|p2a: Latias\n|-crit|p2a: Latias\n|-damage|p2a: Latias|33\/100\n|move|p2a: Latias|Calm Mind|p2a: Latias\n|-boost|p2a: Latias|spa|1\n|-boost|p2a: Latias|spd|1\n|\n|upkeep\n|turn|43\n|\n|t:|1699654703\n|move|p1a: Espeon|Dazzling Gleam|p2a: Latias\n|-supereffective|p2a: Latias\n|-damage|p2a: Latias|9\/100\n|move|p2a: Latias|Recover|p2a: Latias\n|-heal|p2a: Latias|59\/100\n|\n|upkeep\n|turn|44\n|\n|t:|1699654705\n|move|p1a: Espeon|Dazzling Gleam|p2a: Latias\n|-supereffective|p2a: Latias\n|-damage|p2a: Latias|32\/100\n|move|p2a: Latias|Recover|p2a: Latias\n|-heal|p2a: Latias|83\/100\n|\n|upkeep\n|turn|45\n|\n|t:|1699654707\n|move|p1a: Espeon|Dazzling Gleam|p2a: Latias\n|-supereffective|p2a: Latias\n|-damage|p2a: Latias|59\/100\n|move|p2a: Latias|Calm Mind|p2a: Latias\n|-boost|p2a: Latias|spa|1\n|-boost|p2a: Latias|spd|1\n|\n|upkeep\n|turn|46\n|\n|t:|1699654709\n|move|p1a: Espeon|Dazzling Gleam|p2a: Latias\n|-supereffective|p2a: Latias\n|-damage|p2a: Latias|40\/100\n|move|p2a: Latias|Recover|p2a: Latias\n|-heal|p2a: Latias|90\/100\n|\n|upkeep\n|turn|47\n|\n|t:|1699654715\n|move|p1a: Espeon|Dazzling Gleam|p2a: Latias\n|-supereffective|p2a: Latias\n|-damage|p2a: Latias|72\/100\n|move|p2a: Latias|Psyshock|p1a: Espeon\n|-resisted|p1a: Espeon\n|-damage|p1a: Espeon|0 fnt\n|faint|p1a: Espeon\n|\n|upkeep\n|\n|t:|1699654719\n|switch|p1a: Pikachu|Pikachu, F, tera:Normal|24\/100\n|turn|48\n|\n|t:|1699654722\n|move|p1a: Pikachu|Fake Out|p2a: Latias\n|-damage|p2a: Latias|52\/100\n|cant|p2a: Latias|flinch\n|\n|upkeep\n|turn|49\n|\n|t:|1699654725\n|switch|p1a: Charizard|Charizard-Mega-Y, F|38\/100 tox\n|-weather|SunnyDay|[from] ability: Drought|[of] p1a: Charizard\n|move|p2a: Latias|Psyshock|p1a: Charizard\n|-damage|p1a: Charizard|0 fnt\n|faint|p1a: Charizard\n|\n|-weather|SunnyDay|[upkeep]\n|upkeep\n|\n|t:|1699654734\n|switch|p1a: Venusaur|Venusaur, M|100\/100\n|turn|50\n|c|\u2606Guape|I see good idea\n|\n|t:|1699654745\n|move|p1a: Venusaur|Sludge Bomb|p2a: Latias\n|-damage|p2a: Latias|39\/100\n|-status|p2a: Latias|psn\n|move|p2a: Latias|Psyshock|p1a: Venusaur\n|-supereffective|p1a: Venusaur\n|-crit|p1a: Venusaur\n|-damage|p1a: Venusaur|0 fnt\n|faint|p1a: Venusaur\n|\n|-weather|SunnyDay|[upkeep]\n|-damage|p2a: Latias|27\/100 psn|[from] psn\n|upkeep\n|\n|t:|1699654749\n|switch|p1a: Pikachu|Pikachu, F, tera:Normal|24\/100\n|turn|51\n|\n|t:|1699654751\n|move|p1a: Pikachu|Fake Out|p2a: Latias\n|-damage|p2a: Latias|6\/100 psn\n|cant|p2a: Latias|flinch\n|\n|-weather|SunnyDay|[upkeep]\n|-damage|p2a: Latias|0 fnt|[from] psn\n|faint|p2a: Latias\n|\n|win|Red Vs Showdown\n|upkeep\n|n|\u2606Red Vs Showdown|redvsshowdown\n|n|\u2606Guape|guape\n|c|\u2606Red Vs Showdown|...\n|c|\u2606Guape|gg\n","uploadtime":1699654760,"views":4,"p1id":"redvsshowdown","p2id":"guape","formatid":"gen9nationaldex","rating":0,"private":0,"password":""}