{"id":"gen9nationaldex-1988055109","p1":"sleepling1","p2":"Hysuto","format":"[Gen 9] National Dex","log":"|j|\u2606sleepling1\n|j|\u2606Hysuto\n|t:|1699664041\n|gametype|singles\n|player|p1|sleepling1|mina|1527\n|player|p2|Hysuto|burglar|1521\n|teamsize|p1|6\n|teamsize|p2|6\n|gen|9\n|tier|[Gen 9] National Dex\n|rated|\n|rule|HP Percentage Mod: HP is shown in percentages\n|rule|Endless Battle Clause: Forcing endless battles is banned\n|rule|OHKO Clause: OHKO moves are banned\n|rule|Evasion Clause: Evasion abilities, items, and moves are banned\n|rule|Evasion Abilities Clause: Evasion abilities are banned\n|rule|Evasion Items Clause: Evasion items are banned\n|rule|Evasion Moves Clause: Evasion moves are banned\n|rule|Species Clause: Limit one of each Pok\u00e9mon\n|rule|Sleep Clause Mod: Limit one foe put to sleep\n|clearpoke\n|poke|p1|Charizard, M|\n|poke|p1|Torkoal, M|\n|poke|p1|Lilligant-Hisui, F|\n|poke|p1|Victini|\n|poke|p1|Great Tusk|\n|poke|p1|Hatterene, F|\n|poke|p2|Alomomola, M|\n|poke|p2|Aggron, F|\n|poke|p2|Heatran, F|\n|poke|p2|Rillaboom, M|\n|poke|p2|Sneasler, F|\n|poke|p2|Moltres|\n|teampreview\n|inactive|Battle timer is ON: inactive players will automatically lose when time's up. (requested by Hysuto)\n|inactive|sleepling1 also wants the timer to be on.\n|\n|t:|1699664056\n|start\n|switch|p1a: \u56fa\u62c9\u9f9f|Torkoal, M|100\/100\n|switch|p2a: Rillaboom|Rillaboom, M|100\/100\n|-fieldstart|move: Grassy Terrain|[from] ability: Grassy Surge|[of] p2a: Rillaboom\n|-weather|SunnyDay|[from] ability: Drought|[of] p1a: \u56fa\u62c9\u9f9f\n|turn|1\n|\n|t:|1699664069\n|switch|p2a: Heatran|Heatran, F|100\/100\n|switch|p1a: \u559c\u6b22\u6492\u9489\u5b50\uff1f|Hatterene, F|100\/100\n|\n|-weather|SunnyDay|[upkeep]\n|upkeep\n|turn|2\n|\n|t:|1699664077\n|switch|p1a: \u5443\u554a\uff01\u6674\u5929\u66b4\u98ce|Charizard, M|100\/100\n|move|p2a: Heatran|Flash Cannon|p1a: \u5443\u554a\uff01\u6674\u5929\u66b4\u98ce\n|-resisted|p1a: \u5443\u554a\uff01\u6674\u5929\u66b4\u98ce\n|-crit|p1a: \u5443\u554a\uff01\u6674\u5929\u66b4\u98ce\n|-damage|p1a: \u5443\u554a\uff01\u6674\u5929\u66b4\u98ce|65\/100\n|-unboost|p1a: \u5443\u554a\uff01\u6674\u5929\u66b4\u98ce|spd|1\n|\n|-weather|SunnyDay|[upkeep]\n|upkeep\n|turn|3\n|\n|t:|1699664083\n|detailschange|p1a: \u5443\u554a\uff01\u6674\u5929\u66b4\u98ce|Charizard-Mega-Y, M\n|-mega|p1a: \u5443\u554a\uff01\u6674\u5929\u66b4\u98ce|Charizard|Charizardite Y\n|move|p1a: \u5443\u554a\uff01\u6674\u5929\u66b4\u98ce|Scorching Sands|p2a: Heatran\n|-supereffective|p2a: Heatran\n|-damage|p2a: Heatran|55\/100\n|move|p2a: Heatran|Power Gem|p1a: \u5443\u554a\uff01\u6674\u5929\u66b4\u98ce\n|-supereffective|p1a: \u5443\u554a\uff01\u6674\u5929\u66b4\u98ce\n|-damage|p1a: \u5443\u554a\uff01\u6674\u5929\u66b4\u98ce|0 fnt\n|faint|p1a: \u5443\u554a\uff01\u6674\u5929\u66b4\u98ce\n|\n|-weather|SunnyDay|[upkeep]\n|-heal|p2a: Heatran|61\/100|[from] Grassy Terrain\n|upkeep\n|\n|t:|1699664093\n|switch|p1a: \u754c\u53f6\u4f0a\u5e03|Lilligant-Hisui, F|100\/100\n|turn|4\n|\n|t:|1699664098\n|switch|p2a: Moltres|Moltres|100\/100\n|move|p1a: \u754c\u53f6\u4f0a\u5e03|Close Combat|p2a: Moltres\n|-resisted|p2a: Moltres\n|-damage|p2a: Moltres|78\/100\n|-unboost|p1a: \u754c\u53f6\u4f0a\u5e03|def|1\n|-unboost|p1a: \u754c\u53f6\u4f0a\u5e03|spd|1\n|\n|-weather|SunnyDay|[upkeep]\n|upkeep\n|turn|5\n|\n|t:|1699664106\n|switch|p1a: \u270c\ud83c\udffb|Victini|100\/100\n|move|p2a: Moltres|Flamethrower|p1a: \u270c\ud83c\udffb\n|-resisted|p1a: \u270c\ud83c\udffb\n|-damage|p1a: \u270c\ud83c\udffb|71\/100\n|\n|-weather|SunnyDay|[upkeep]\n|-heal|p1a: \u270c\ud83c\udffb|77\/100|[from] Grassy Terrain\n|-fieldend|move: Grassy Terrain\n|upkeep\n|turn|6\n|\n|t:|1699664110\n|switch|p2a: Heatran|Heatran, F|61\/100\n|-terastallize|p1a: \u270c\ud83c\udffb|Fire\n|move|p1a: \u270c\ud83c\udffb|V-create|p2a: Heatran\n|-start|p2a: Heatran|ability: Flash Fire\n|\n|-weather|SunnyDay|[upkeep]\n|upkeep\n|turn|7\n|\n|t:|1699664117\n|switch|p1a: \u559c\u6b22\u6492\u9489\u5b50\uff1f|Hatterene, F|100\/100\n|move|p2a: Heatran|Magma Storm|p1a: \u559c\u6b22\u6492\u9489\u5b50\uff1f\n|-damage|p1a: \u559c\u6b22\u6492\u9489\u5b50\uff1f|0 fnt\n|faint|p1a: \u559c\u6b22\u6492\u9489\u5b50\uff1f\n|\n|-weather|SunnyDay|[upkeep]\n|upkeep\n|\n|t:|1699664119\n|switch|p1a: \u8859\u95e8|Great Tusk|100\/100\n|-activate|p1a: \u8859\u95e8|ability: Protosynthesis\n|-start|p1a: \u8859\u95e8|protosynthesisdef\n|turn|8\n|\n|t:|1699664122\n|-end|p2a: Heatran|ability: Flash Fire|[silent]\n|switch|p2a: Moltres|Moltres|78\/100\n|move|p1a: \u8859\u95e8|Earthquake|p2a: Moltres\n|-immune|p2a: Moltres\n|\n|-weather|none\n|-end|p1a: \u8859\u95e8|Protosynthesis\n|upkeep\n|turn|9\n|-message|sleepling1 forfeited.\n|\n|win|Hysuto\n|raw|sleepling1's rating: 1527 &rarr; <strong>1507<\/strong><br \/>(-20 for losing)\n|raw|Hysuto's rating: 1521 &rarr; <strong>1541<\/strong><br \/>(+20 for winning)\n|l|\u2606sleepling1\n","uploadtime":1699664139,"views":23,"p1id":"sleepling1","p2id":"hysuto","formatid":"gen9nationaldex","rating":1507,"private":0,"password":""}