{"id":"gen9nationaldex-1993956296","p1":"daybreak wave2","p2":"yaoyuanzhiyi","format":"[Gen 9] National Dex","log":"|j|\u2606daybreak wave2\n|j|\u2606yaoyuanzhiyi\n|t:|1700382413\n|gametype|singles\n|player|p1|daybreak wave2|lillie-masters2|1509\n|player|p2|yaoyuanzhiyi|unknown|1488\n|teamsize|p1|6\n|teamsize|p2|6\n|gen|9\n|tier|[Gen 9] National Dex\n|rated|\n|rule|HP Percentage Mod: HP is shown in percentages\n|rule|Endless Battle Clause: Forcing endless battles is banned\n|rule|OHKO Clause: OHKO moves are banned\n|rule|Evasion Clause: Evasion abilities, items, and moves are banned\n|rule|Evasion Abilities Clause: Evasion abilities are banned\n|rule|Evasion Items Clause: Evasion items are banned\n|rule|Evasion Moves Clause: Evasion moves are banned\n|rule|Species Clause: Limit one of each Pok\u00e9mon\n|rule|Sleep Clause Mod: Limit one foe put to sleep\n|clearpoke\n|poke|p1|Pinsir, M|\n|poke|p1|Aegislash, M|\n|poke|p1|Ogerpon-Wellspring, F|\n|poke|p1|Moltres|\n|poke|p1|Electrode-Hisui|\n|poke|p1|Clodsire, M|\n|poke|p2|Lopunny, M|\n|poke|p2|Hatterene, F|\n|poke|p2|Ceruledge, F|\n|poke|p2|Rotom-Wash|\n|poke|p2|Weavile, F|\n|poke|p2|Ferrothorn, F|\n|teampreview\n|\n|t:|1700382431\n|start\n|switch|p1a: \u6d1b\u6258\u59c6-\u5207\u5272|Electrode-Hisui|100\/100\n|switch|p2a: Rotom|Rotom-Wash|100\/100\n|turn|1\n|\n|t:|1700382440\n|switch|p2a: Ferrothorn|Ferrothorn, F, shiny|100\/100\n|move|p1a: \u6d1b\u6258\u59c6-\u5207\u5272|Volt Switch|p2a: Ferrothorn\n|-resisted|p2a: Ferrothorn\n|-damage|p2a: Ferrothorn|83\/100\n|\n|t:|1700382445\n|switch|p1a: \u70c8\u7bad\u9e70|Moltres|100\/100|[from] Volt Switch\n|\n|-heal|p2a: Ferrothorn|89\/100|[from] item: Leftovers\n|upkeep\n|turn|2\n|\n|t:|1700382459\n|switch|p2a: Rotom|Rotom-Wash|100\/100\n|move|p1a: \u70c8\u7bad\u9e70|Flamethrower|p2a: Rotom\n|-resisted|p2a: Rotom\n|-damage|p2a: Rotom|76\/100\n|\n|upkeep\n|turn|3\n|\n|t:|1700382471\n|switch|p1a: \u6c34\u72f1\u5352|Ogerpon-Wellspring, F|100\/100\n|move|p2a: Rotom|Trick||[still]\n|-fail|p2a: Rotom\n|\n|upkeep\n|turn|4\n|\n|t:|1700382481\n|switch|p2a: Ferrothorn|Ferrothorn, F, shiny|89\/100\n|move|p1a: \u6c34\u72f1\u5352|Swords Dance|p1a: \u6c34\u72f1\u5352\n|-boost|p1a: \u6c34\u72f1\u5352|atk|2\n|\n|-heal|p2a: Ferrothorn|95\/100|[from] item: Leftovers\n|upkeep\n|turn|5\n|\n|t:|1700382489\n|move|p1a: \u6c34\u72f1\u5352|Taunt|p2a: Ferrothorn\n|-start|p2a: Ferrothorn|move: Taunt\n|cant|p2a: Ferrothorn|move: Taunt|Leech Seed\n|\n|-heal|p2a: Ferrothorn|100\/100|[from] item: Leftovers\n|upkeep\n|turn|6\n|\n|t:|1700382495\n|move|p1a: \u6c34\u72f1\u5352|Ivy Cudgel|p2a: Ferrothorn|[anim] Ivy Cudgel Water\n|-resisted|p2a: Ferrothorn\n|-damage|p2a: Ferrothorn|50\/100\n|move|p2a: Ferrothorn|Gyro Ball|p1a: \u6c34\u72f1\u5352\n|-resisted|p1a: \u6c34\u72f1\u5352\n|-damage|p1a: \u6c34\u72f1\u5352|58\/100\n|\n|-heal|p2a: Ferrothorn|56\/100|[from] item: Leftovers\n|upkeep\n|turn|7\n|\n|t:|1700382510\n|move|p1a: \u6c34\u72f1\u5352|Horn Leech|p2a: Ferrothorn\n|-resisted|p2a: Ferrothorn\n|-damage|p2a: Ferrothorn|39\/100\n|-heal|p1a: \u6c34\u72f1\u5352|66\/100|[from] drain|[of] p2a: Ferrothorn\n|-damage|p1a: \u6c34\u72f1\u5352|54\/100|[from] ability: Iron Barbs|[of] p2a: Ferrothorn\n|move|p2a: Ferrothorn|Gyro Ball|p1a: \u6c34\u72f1\u5352\n|-resisted|p1a: \u6c34\u72f1\u5352\n|-damage|p1a: \u6c34\u72f1\u5352|14\/100\n|\n|-heal|p2a: Ferrothorn|45\/100|[from] item: Leftovers\n|-end|p2a: Ferrothorn|move: Taunt\n|upkeep\n|turn|8\n|\n|t:|1700382540\n|-terastallize|p2a: Ferrothorn|Water\n|move|p1a: \u6c34\u72f1\u5352|Ivy Cudgel|p2a: Ferrothorn|[anim] Ivy Cudgel Water\n|-resisted|p2a: Ferrothorn\n|-damage|p2a: Ferrothorn|0 fnt\n|faint|p2a: Ferrothorn\n|\n|upkeep\n|\n|t:|1700382549\n|switch|p2a: Rotom|Rotom-Wash|76\/100\n|turn|9\n|\n|t:|1700382555\n|move|p2a: Rotom|Volt Switch|p1a: \u6c34\u72f1\u5352\n|-damage|p1a: \u6c34\u72f1\u5352|0 fnt\n|faint|p1a: \u6c34\u72f1\u5352\n|\n|t:|1700382559\n|switch|p2a: Lopunny|Lopunny, M|100\/100|[from] Volt Switch\n|\n|upkeep\n|\n|t:|1700382563\n|switch|p1a: \u70c8\u7bad\u9e70|Moltres|100\/100\n|turn|10\n|\n|t:|1700382571\n|switch|p2a: Rotom|Rotom-Wash|76\/100\n|move|p1a: \u70c8\u7bad\u9e70|U-turn|p2a: Rotom\n|-damage|p2a: Rotom|55\/100\n|\n|t:|1700382578\n|switch|p1a: \u6d1b\u6258\u59c6-\u5207\u5272|Electrode-Hisui|100\/100|[from] U-turn\n|\n|upkeep\n|turn|11\n|\n|t:|1700382602\n|switch|p2a: Hatterene|Hatterene, F|100\/100\n|move|p1a: \u6d1b\u6258\u59c6-\u5207\u5272|Thunderbolt|p2a: Hatterene\n|-damage|p2a: Hatterene|51\/100\n|\n|-heal|p2a: Hatterene|57\/100|[from] item: Leftovers\n|upkeep\n|turn|12\n|\n|t:|1700382614\n|switch|p1a: \u571f~\u2191\u738b|Clodsire, M|100\/100\n|move|p2a: Hatterene|Draining Kiss|p1a: \u571f~\u2191\u738b\n|-resisted|p1a: \u571f~\u2191\u738b\n|-damage|p1a: \u571f~\u2191\u738b|94\/100\n|-heal|p2a: Hatterene|65\/100|[from] drain|[of] p1a: \u571f~\u2191\u738b\n|\n|-heal|p2a: Hatterene|72\/100|[from] item: Leftovers\n|upkeep\n|turn|13\n|\n|t:|1700382623\n|switch|p2a: Rotom|Rotom-Wash|55\/100\n|move|p1a: \u571f~\u2191\u738b|Stealth Rock|p2a: Rotom\n|-sidestart|p2: yaoyuanzhiyi|move: Stealth Rock\n|\n|upkeep\n|turn|14\n|\n|t:|1700382632\n|move|p2a: Rotom|Trick|p1a: \u571f~\u2191\u738b\n|-activate|p2a: Rotom|move: Trick|[of] p1a: \u571f~\u2191\u738b\n|-item|p1a: \u571f~\u2191\u738b|Choice Scarf|[from] move: Trick\n|-item|p2a: Rotom|Heavy-Duty Boots|[from] move: Trick\n|move|p1a: \u571f~\u2191\u738b|Recover|p1a: \u571f~\u2191\u738b\n|-heal|p1a: \u571f~\u2191\u738b|100\/100\n|\n|upkeep\n|turn|15\n|\n|t:|1700382645\n|switch|p1a: \u6d1b\u6258\u59c6-\u5207\u5272|Electrode-Hisui|100\/100\n|move|p2a: Rotom|Defog|p1a: \u6d1b\u6258\u59c6-\u5207\u5272\n|-unboost|p1a: \u6d1b\u6258\u59c6-\u5207\u5272|evasion|1\n|-sideend|p2: yaoyuanzhiyi|Stealth Rock|[from] move: Defog|[of] p2a: Rotom\n|\n|upkeep\n|turn|16\n|\n|t:|1700382654\n|move|p1a: \u6d1b\u6258\u59c6-\u5207\u5272|Thunderbolt|p2a: Rotom\n|-damage|p2a: Rotom|0 fnt\n|faint|p2a: Rotom\n|\n|upkeep\n|\n|t:|1700382669\n|switch|p2a: Lopunny|Lopunny, M|100\/100\n|turn|17\n|\n|t:|1700382680\n|switch|p1a: \u70c8\u7bad\u9e70|Moltres|100\/100\n|detailschange|p2a: Lopunny|Lopunny-Mega, M\n|-mega|p2a: Lopunny|Lopunny|Lopunnite\n|move|p2a: Lopunny|U-turn|p1a: \u70c8\u7bad\u9e70\n|-resisted|p1a: \u70c8\u7bad\u9e70\n|-damage|p1a: \u70c8\u7bad\u9e70|97\/100\n|-status|p2a: Lopunny|brn|[from] ability: Flame Body|[of] p1a: \u70c8\u7bad\u9e70\n|\n|t:|1700382685\n|switch|p2a: Ceruledge|Ceruledge, F|100\/100|[from] U-turn\n|\n|upkeep\n|turn|18\n|\n|t:|1700382699\n|switch|p1a: \u571f~\u2191\u738b|Clodsire, M|100\/100\n|move|p2a: Ceruledge|Bitter Blade|p1a: \u571f~\u2191\u738b\n|-damage|p1a: \u571f~\u2191\u738b|47\/100\n|\n|upkeep\n|turn|19\n|\n|t:|1700382709\n|move|p2a: Ceruledge|Bitter Blade|p1a: \u571f~\u2191\u738b\n|-damage|p1a: \u571f~\u2191\u738b|0 fnt\n|faint|p1a: \u571f~\u2191\u738b\n|\n|upkeep\n|\n|t:|1700382727\n|switch|p1a: \u7532\u54e5|Pinsir, M, shiny|100\/100\n|turn|20\n|\n|t:|1700382740\n|detailschange|p1a: \u7532\u54e5|Pinsir-Mega, M, shiny\n|-mega|p1a: \u7532\u54e5|Pinsir|Pinsirite\n|move|p1a: \u7532\u54e5|Earthquake|p2a: Ceruledge\n|-supereffective|p2a: Ceruledge\n|-damage|p2a: Ceruledge|0 fnt\n|faint|p2a: Ceruledge\n|\n|upkeep\n|\n|t:|1700382747\n|switch|p2a: Weavile|Weavile, F|100\/100\n|-ability|p2a: Weavile|Pressure\n|turn|21\n|\n|t:|1700382752\n|switch|p1a: \u70c8\u7bad\u9e70|Moltres|97\/100\n|move|p2a: Weavile|Triple Axel|p1a: \u70c8\u7bad\u9e70\n|-damage|p1a: \u70c8\u7bad\u9e70|89\/100\n|-status|p2a: Weavile|brn|[from] ability: Flame Body|[of] p1a: \u70c8\u7bad\u9e70\n|-damage|p1a: \u70c8\u7bad\u9e70|82\/100\n|-damage|p1a: \u70c8\u7bad\u9e70|70\/100\n|-hitcount|p1a: \u70c8\u7bad\u9e70|3\n|\n|-damage|p2a: Weavile|94\/100 brn|[from] brn\n|upkeep\n|turn|22\n|\n|t:|1700382763\n|move|p2a: Weavile|Knock Off|p1a: \u70c8\u7bad\u9e70\n|-crit|p1a: \u70c8\u7bad\u9e70\n|-damage|p1a: \u70c8\u7bad\u9e70|44\/100\n|-enditem|p1a: \u70c8\u7bad\u9e70|Heavy-Duty Boots|[from] move: Knock Off|[of] p2a: Weavile\n|move|p1a: \u70c8\u7bad\u9e70|U-turn|p2a: Weavile\n|-supereffective|p2a: Weavile\n|-damage|p2a: Weavile|44\/100 brn\n|\n|t:|1700382771\n|switch|p1a: \u6d1b\u6258\u59c6-\u5207\u5272|Electrode-Hisui|100\/100|[from] U-turn\n|\n|-damage|p2a: Weavile|38\/100 brn|[from] brn\n|upkeep\n|turn|23\n|\n|t:|1700382781\n|move|p2a: Weavile|Ice Shard|p1a: \u6d1b\u6258\u59c6-\u5207\u5272\n|-supereffective|p1a: \u6d1b\u6258\u59c6-\u5207\u5272\n|-damage|p1a: \u6d1b\u6258\u59c6-\u5207\u5272|64\/100\n|move|p1a: \u6d1b\u6258\u59c6-\u5207\u5272|Volt Switch|p2a: Weavile\n|-damage|p2a: Weavile|0 fnt\n|faint|p2a: Weavile\n|\n|t:|1700382796\n|switch|p1a: \u585e\u8c6a\u5bcc|Aegislash, M, shiny|100\/100|[from] Volt Switch\n|\n|upkeep\n|\n|t:|1700382803\n|switch|p2a: Lopunny|Lopunny-Mega, M|100\/100 brn\n|turn|24\n|\n|t:|1700382809\n|move|p1a: \u585e\u8c6a\u5bcc|King's Shield|p1a: \u585e\u8c6a\u5bcc\n|-singleturn|p1a: \u585e\u8c6a\u5bcc|Protect\n|move|p2a: Lopunny|High Jump Kick|p1a: \u585e\u8c6a\u5bcc\n|-activate|p1a: \u585e\u8c6a\u5bcc|move: Protect\n|-unboost|p2a: Lopunny|atk|1\n|-damage|p2a: Lopunny|51\/100 brn|[from] highjumpkick\n|\n|-damage|p2a: Lopunny|45\/100 brn|[from] brn\n|upkeep\n|turn|25\n|\n|t:|1700382816\n|switch|p1a: \u70c8\u7bad\u9e70|Moltres|44\/100\n|move|p2a: Lopunny|High Jump Kick|p1a: \u70c8\u7bad\u9e70\n|-resisted|p1a: \u70c8\u7bad\u9e70\n|-damage|p1a: \u70c8\u7bad\u9e70|37\/100\n|\n|-damage|p2a: Lopunny|39\/100 brn|[from] brn\n|upkeep\n|turn|26\n|\n|t:|1700382824\n|move|p2a: Lopunny|Return|p1a: \u70c8\u7bad\u9e70\n|-damage|p1a: \u70c8\u7bad\u9e70|25\/100\n|move|p1a: \u70c8\u7bad\u9e70|Flamethrower|p2a: Lopunny\n|-damage|p2a: Lopunny|0 fnt\n|faint|p2a: Lopunny\n|\n|upkeep\n|\n|t:|1700382831\n|switch|p2a: Hatterene|Hatterene, F|72\/100\n|turn|27\n|\n|t:|1700382834\n|switch|p1a: \u585e\u8c6a\u5bcc|Aegislash, M, shiny|100\/100\n|move|p2a: Hatterene|Calm Mind|p2a: Hatterene\n|-boost|p2a: Hatterene|spa|1\n|-boost|p2a: Hatterene|spd|1\n|\n|-heal|p2a: Hatterene|78\/100|[from] item: Leftovers\n|upkeep\n|turn|28\n|\n|t:|1700382841\n|-zpower|p1a: \u585e\u8c6a\u5bcc\n|-formechange|p1a: \u585e\u8c6a\u5bcc|Aegislash-Blade||[from] ability: Stance Change\n|move|p1a: \u585e\u8c6a\u5bcc|Never-Ending Nightmare|p2a: Hatterene|[zeffect]\n|-supereffective|p2a: Hatterene\n|-damage|p2a: Hatterene|0 fnt\n|faint|p2a: Hatterene\n|\n|win|daybreak wave2\n|raw|daybreak wave2's rating: 1509 &rarr; <strong>1528<\/strong><br \/>(+19 for winning)\n|raw|yaoyuanzhiyi's rating: 1488 &rarr; <strong>1469<\/strong><br \/>(-19 for losing)\n","uploadtime":1700382851,"views":7,"p1id":"daybreakwave2","p2id":"yaoyuanzhiyi","formatid":"gen9nationaldex","rating":1469,"private":0,"password":""}