{"id":"gen9nationaldex-1996531494","p1":"Feuertraene","p2":"aimbotJames","format":"[Gen 9] National Dex","log":"|html|<div class=\"broadcast-blue\"><strong>[Gen 9] National Dex is currently suspecting Sneasler! For information on how to participate check out the <a href=\"https:\/\/www.smogon.com\/forums\/threads\/sv-national-dex-suspect-8-just-dance.3731534\/\">suspect thread<\/a>.<\/strong><\/div>\n|j|\u2606Feuertraene\n|j|\u2606aimbotJames\n|inactive|Battle timer is ON: inactive players will automatically lose when time's up.\n|t:|1700691252\n|gametype|singles\n|player|p1|Feuertraene|cynthia-gen4|\n|player|p2|aimbotJames|teamrocket|\n|teamsize|p1|6\n|teamsize|p2|6\n|gen|9\n|tier|[Gen 9] National Dex\n|rated|Tournament battle\n|rule|HP Percentage Mod: HP is shown in percentages\n|rule|Endless Battle Clause: Forcing endless battles is banned\n|rule|OHKO Clause: OHKO moves are banned\n|rule|Evasion Clause: Evasion abilities, items, and moves are banned\n|rule|Evasion Abilities Clause: Evasion abilities are banned\n|rule|Evasion Items Clause: Evasion items are banned\n|rule|Evasion Moves Clause: Evasion moves are banned\n|rule|Species Clause: Limit one of each Pok\u00e9mon\n|rule|Sleep Clause Mod: Limit one foe put to sleep\n|clearpoke\n|poke|p1|Victini|\n|poke|p1|Lopunny, F|\n|poke|p1|Great Tusk|\n|poke|p1|Zapdos|\n|poke|p1|Ting-Lu|\n|poke|p1|Iron Valiant|\n|poke|p2|Urshifu-*, M|\n|poke|p2|Glimmora, M|\n|poke|p2|Clodsire, M|\n|poke|p2|Zapdos|\n|poke|p2|Tapu Lele|\n|poke|p2|Sneasler, F|\n|teampreview\n|inactive|Feuertraene also wants the timer to be on.\n|inactive|Feuertraene has 120 seconds left.\n|\n|t:|1700691282\n|start\n|switch|p1a: Lopunny|Lopunny, F|100\/100\n|switch|p2a: Tapu Lele|Tapu Lele, shiny|100\/100\n|-fieldstart|move: Psychic Terrain|[from] ability: Psychic Surge|[of] p2a: Tapu Lele\n|turn|1\n|\n|t:|1700691294\n|switch|p1a: Victini|Victini|100\/100\n|move|p2a: Tapu Lele|Moonblast|p1a: Victini\n|-resisted|p1a: Victini\n|-damage|p1a: Victini|78\/100\n|-unboost|p1a: Victini|spa|1\n|\n|upkeep\n|turn|2\n|\n|t:|1700691302\n|switch|p2a: Zapdos|Zapdos, shiny|100\/100\n|switch|p1a: Ting-Lu|Ting-Lu|100\/100\n|-ability|p1a: Ting-Lu|Vessel of Ruin\n|\n|upkeep\n|turn|3\n|\n|t:|1700691307\n|move|p2a: Zapdos|Hurricane|p1a: Ting-Lu|[miss]\n|-miss|p2a: Zapdos|p1a: Ting-Lu\n|move|p1a: Ting-Lu|Spikes|p2a: Zapdos\n|-sidestart|p2: aimbotJames|Spikes\n|\n|upkeep\n|turn|4\n|\n|t:|1700691311\n|move|p2a: Zapdos|Defog|p1a: Ting-Lu\n|-unboost|p1a: Ting-Lu|evasion|1\n|-sideend|p2: aimbotJames|Spikes|[from] move: Defog|[of] p2a: Zapdos\n|-fieldend|move: Psychic Terrain\n|move|p1a: Ting-Lu|Whirlwind|p2a: Zapdos\n|drag|p2a: Urshifu|Urshifu-Rapid-Strike, M|100\/100\n|\n|upkeep\n|turn|5\n|\n|t:|1700691316\n|switch|p1a: Zapdos|Zapdos|100\/100\n|move|p2a: Urshifu|Trailblaze|p1a: Zapdos\n|-resisted|p1a: Zapdos\n|-damage|p1a: Zapdos|93\/100\n|-boost|p2a: Urshifu|spe|1\n|\n|upkeep\n|turn|6\n|\n|t:|1700691327\n|-terastallize|p2a: Urshifu|Fire\n|move|p2a: Urshifu|Swords Dance|p2a: Urshifu\n|-boost|p2a: Urshifu|atk|2\n|move|p1a: Zapdos|Hurricane|p2a: Urshifu\n|-damage|p2a: Urshifu|33\/100\n|-start|p2a: Urshifu|confusion\n|\n|upkeep\n|turn|7\n|\n|t:|1700691333\n|-activate|p2a: Urshifu|confusion\n|move|p2a: Urshifu|Surging Strikes|p1a: Zapdos\n|-crit|p1a: Zapdos\n|-damage|p1a: Zapdos|57\/100\n|-crit|p1a: Zapdos\n|-damage|p1a: Zapdos|20\/100\n|-crit|p1a: Zapdos\n|-damage|p1a: Zapdos|0 fnt\n|faint|p1a: Zapdos\n|-hitcount|p1: Zapdos|3\n|\n|upkeep\n|\n|t:|1700691336\n|switch|p1a: Lopunny|Lopunny, F|100\/100\n|turn|8\n|\n|t:|1700691341\n|detailschange|p1a: Lopunny|Lopunny-Mega, F\n|-mega|p1a: Lopunny|Lopunny|Lopunnite\n|move|p1a: Lopunny|Fake Out|p2a: Urshifu\n|-damage|p2a: Urshifu|8\/100\n|cant|p2a: Urshifu|flinch\n|\n|upkeep\n|turn|9\n|\n|t:|1700691346\n|move|p1a: Lopunny|Quick Attack|p2a: Urshifu\n|-damage|p2a: Urshifu|0 fnt\n|faint|p2a: Urshifu\n|\n|upkeep\n|\n|t:|1700691350\n|switch|p2a: Tapu Lele|Tapu Lele, shiny|100\/100\n|-fieldstart|move: Psychic Terrain|[from] ability: Psychic Surge|[of] p2a: Tapu Lele\n|turn|10\n|\n|t:|1700691367\n|switch|p2a: Sneasler|Sneasler, F|100\/100\n|-enditem|p2a: Sneasler|Psychic Seed\n|-boost|p2a: Sneasler|spd|1|[from] item: Psychic Seed\n|switch|p1a: Great Tusk|Great Tusk|100\/100\n|\n|upkeep\n|turn|11\n|\n|t:|1700691375\n|-terastallize|p1a: Great Tusk|Steel\n|move|p2a: Sneasler|Swords Dance|p2a: Sneasler\n|-boost|p2a: Sneasler|atk|2\n|move|p1a: Great Tusk|Ice Spinner|p2a: Sneasler\n|-damage|p2a: Sneasler|61\/100\n|-fieldend|move: Psychic Terrain\n|\n|upkeep\n|turn|12\n|\n|t:|1700691384\n|move|p2a: Sneasler|Close Combat|p1a: Great Tusk\n|-supereffective|p1a: Great Tusk\n|-damage|p1a: Great Tusk|0 fnt\n|-unboost|p2a: Sneasler|def|1\n|-unboost|p2a: Sneasler|spd|1\n|faint|p1a: Great Tusk\n|-end|p1a: Great Tusk|Protosynthesis|[silent]\n|\n|upkeep\n|\n|t:|1700691389\n|switch|p1a: Lopunny|Lopunny-Mega, F|100\/100\n|turn|13\n|\n|t:|1700691392\n|switch|p2a: Tapu Lele|Tapu Lele, shiny|100\/100\n|-fieldstart|move: Psychic Terrain|[from] ability: Psychic Surge|[of] p2a: Tapu Lele\n|move|p1a: Lopunny|Fake Out|p2a: Tapu Lele\n|-activate|p2a: Tapu Lele|move: Psychic Terrain\n|\n|upkeep\n|turn|14\n|\n|t:|1700691414\n|switch|p1a: Ting-Lu|Ting-Lu|100\/100\n|-ability|p1a: Ting-Lu|Vessel of Ruin\n|move|p2a: Tapu Lele|Moonblast|p1a: Ting-Lu\n|-supereffective|p1a: Ting-Lu\n|-damage|p1a: Ting-Lu|58\/100\n|\n|-heal|p1a: Ting-Lu|64\/100|[from] item: Leftovers\n|upkeep\n|turn|15\n|\n|t:|1700691422\n|move|p2a: Tapu Lele|Moonblast|p1a: Ting-Lu\n|-supereffective|p1a: Ting-Lu\n|-damage|p1a: Ting-Lu|23\/100\n|move|p1a: Ting-Lu|Spikes|p2a: Tapu Lele\n|-sidestart|p2: aimbotJames|Spikes\n|\n|-heal|p1a: Ting-Lu|30\/100|[from] item: Leftovers\n|upkeep\n|turn|16\n|\n|t:|1700691425\n|move|p2a: Tapu Lele|Moonblast|p1a: Ting-Lu\n|-supereffective|p1a: Ting-Lu\n|-damage|p1a: Ting-Lu|0 fnt\n|faint|p1a: Ting-Lu\n|\n|upkeep\n|\n|t:|1700691427\n|switch|p1a: Victini|Victini|78\/100\n|turn|17\n|\n|t:|1700691438\n|switch|p2a: Clodsire|Clodsire, M, shiny|100\/100\n|-damage|p2a: Clodsire|88\/100|[from] Spikes\n|-zpower|p1a: Victini\n|move|p1a: Victini|Z-Celebrate|p1a: Victini|[anim]Celebrate\n|-boost|p1a: Victini|atk|1|[zeffect]\n|-boost|p1a: Victini|def|1|[zeffect]\n|-boost|p1a: Victini|spa|1|[zeffect]\n|-boost|p1a: Victini|spd|1|[zeffect]\n|-boost|p1a: Victini|spe|1|[zeffect]\n|-activate|p1a: Victini|move: Celebrate\n|\n|-fieldend|move: Psychic Terrain\n|upkeep\n|turn|18\n|\n|t:|1700691442\n|move|p1a: Victini|Stored Power|p2a: Clodsire\n|-supereffective|p2a: Clodsire\n|-damage|p2a: Clodsire|2\/100\n|-enditem|p2a: Clodsire|Red Card|[of] p1a: Victini\n|drag|p1a: Lopunny|Lopunny-Mega, F|100\/100\n|move|p2a: Clodsire|Stealth Rock|p1a: Lopunny\n|-sidestart|p1: Feuertraene|move: Stealth Rock\n|\n|upkeep\n|turn|19\n|\n|t:|1700691452\n|move|p1a: Lopunny|Return|p2a: Clodsire\n|-damage|p2a: Clodsire|0 fnt\n|faint|p2a: Clodsire\n|\n|upkeep\n|\n|t:|1700691456\n|switch|p2a: Tapu Lele|Tapu Lele, shiny|100\/100\n|-damage|p2a: Tapu Lele|88\/100|[from] Spikes\n|-fieldstart|move: Psychic Terrain|[from] ability: Psychic Surge|[of] p2a: Tapu Lele\n|turn|20\n|\n|t:|1700691461\n|switch|p1a: Victini|Victini|78\/100\n|-damage|p1a: Victini|53\/100|[from] Stealth Rock\n|move|p2a: Tapu Lele|Psychic|p1a: Victini\n|-resisted|p1a: Victini\n|-damage|p1a: Victini|24\/100\n|\n|upkeep\n|turn|21\n|\n|t:|1700691467\n|move|p2a: Tapu Lele|Psychic|p1a: Victini\n|-resisted|p1a: Victini\n|-damage|p1a: Victini|0 fnt\n|faint|p1a: Victini\n|\n|upkeep\n|\n|t:|1700691474\n|switch|p1a: Iron Valiant|Iron Valiant|100\/100\n|-damage|p1a: Iron Valiant|94\/100|[from] Stealth Rock\n|turn|22\n|\n|t:|1700691479\n|move|p2a: Tapu Lele|Psychic|p1a: Iron Valiant\n|-supereffective|p1a: Iron Valiant\n|-damage|p1a: Iron Valiant|0 fnt\n|faint|p1a: Iron Valiant\n|-end|p1a: Iron Valiant|Quark Drive|[silent]\n|\n|upkeep\n|\n|t:|1700691482\n|switch|p1a: Lopunny|Lopunny-Mega, F|100\/100\n|-damage|p1a: Lopunny|95\/100|[from] Stealth Rock\n|turn|23\n|\n|t:|1700691484\n|move|p2a: Tapu Lele|Psychic|p1a: Lopunny\n|-supereffective|p1a: Lopunny\n|-damage|p1a: Lopunny|0 fnt\n|faint|p1a: Lopunny\n|\n|win|aimbotJames\n|n|\u2606Feuertraene|feuertraene\n|n|\u2606aimbotJames|aimbotjames\n|l|\u2606Feuertraene\n","uploadtime":1700691491,"views":2,"p1id":"feuertraene","p2id":"aimbotjames","formatid":"gen9nationaldex","rating":0,"private":0,"password":""}