{"id":"gen9nationaldex-1993015865","p1":"gelatoasdf","p2":"Tank Tests","format":"[Gen 9] National Dex","log":"|j|\u203dgelatoasdf\n|j|\u2606Tank Tests\n|t:|1700255732\n|gametype|singles\n|player|p1|gelatoasdf|xerosic|1331\n|player|p2|Tank Tests|169|1421\n|teamsize|p1|6\n|teamsize|p2|6\n|gen|9\n|tier|[Gen 9] National Dex\n|rated|\n|rule|HP Percentage Mod: HP is shown in percentages\n|rule|Endless Battle Clause: Forcing endless battles is banned\n|rule|OHKO Clause: OHKO moves are banned\n|rule|Evasion Clause: Evasion abilities, items, and moves are banned\n|rule|Evasion Abilities Clause: Evasion abilities are banned\n|rule|Evasion Items Clause: Evasion items are banned\n|rule|Evasion Moves Clause: Evasion moves are banned\n|rule|Species Clause: Limit one of each Pok\u00e9mon\n|rule|Sleep Clause Mod: Limit one foe put to sleep\n|clearpoke\n|poke|p1|Kyurem|\n|poke|p1|Gliscor, F|\n|poke|p1|Scizor, M|\n|poke|p1|Iron Hands|\n|poke|p1|Swellow, M|\n|poke|p1|Arbok, F|\n|poke|p2|Pawmot, M|\n|poke|p2|Rabsca, M|\n|poke|p2|Banette, F|\n|poke|p2|Victini|\n|poke|p2|Dragonite, F|\n|poke|p2|Forretress, M|\n|teampreview\n|\n|t:|1700255805\n|start\n|switch|p1a: Arbok|Arbok, F|100\/100\n|switch|p2a: Victini|Victini|100\/100\n|-ability|p1a: Arbok|Intimidate|boost\n|-unboost|p2a: Victini|atk|1\n|turn|1\n|\n|t:|1700255811\n|switch|p2a: Forretress|Forretress, M|100\/100\n|move|p1a: Arbok|Switcheroo|p2a: Forretress\n|-activate|p1a: Arbok|move: Trick|[of] p2a: Forretress\n|-item|p2a: Forretress|Black Sludge|[from] move: Switcheroo\n|-item|p1a: Arbok|Heavy-Duty Boots|[from] move: Switcheroo\n|\n|-damage|p2a: Forretress|88\/100|[from] item: Black Sludge\n|upkeep\n|turn|2\n|\n|t:|1700255818\n|move|p1a: Arbok|Substitute|p1a: Arbok\n|-start|p1a: Arbok|Substitute\n|-damage|p1a: Arbok|75\/100\n|move|p2a: Forretress|Stealth Rock|p1a: Arbok\n|-sidestart|p1: gelatoasdf|move: Stealth Rock\n|\n|-damage|p2a: Forretress|76\/100|[from] item: Black Sludge\n|upkeep\n|turn|3\n|\n|t:|1700255837\n|move|p1a: Arbok|Protect|p1a: Arbok\n|-singleturn|p1a: Arbok|Protect\n|move|p2a: Forretress|Explosion|p1a: Arbok\n|-activate|p1a: Arbok|move: Protect\n|faint|p2a: Forretress\n|\n|upkeep\n|\n|t:|1700255840\n|switch|p2a: Banette|Banette, F|100\/100\n|turn|4\n|\n|t:|1700255845\n|detailschange|p2a: Banette|Banette-Mega, F\n|-mega|p2a: Banette|Banette|Banettite\n|move|p2a: Banette|Encore|p1a: Arbok\n|-start|p1a: Arbok|Encore\n|move|p1a: Arbok|Protect||[still]\n|-fail|p1a: Arbok\n|\n|upkeep\n|turn|5\n|\n|t:|1700255851\n|switch|p2a: Dragonite|Dragonite, F|100\/100\n|move|p1a: Arbok|Protect||[still]\n|-fail|p1a: Arbok\n|\n|upkeep\n|turn|6\n|\n|t:|1700255857\n|switch|p1a: Iron Hands|Iron Hands, shiny|100\/100\n|-damage|p1a: Iron Hands|94\/100|[from] Stealth Rock\n|move|p2a: Dragonite|Dragon Dance|p2a: Dragonite\n|-boost|p2a: Dragonite|atk|1\n|-boost|p2a: Dragonite|spe|1\n|\n|upkeep\n|turn|7\n|\n|t:|1700255862\n|move|p1a: Iron Hands|Fake Out|p2a: Dragonite\n|-damage|p2a: Dragonite|92\/100\n|cant|p2a: Dragonite|flinch\n|\n|upkeep\n|turn|8\n|\n|t:|1700255865\n|-terastallize|p2a: Dragonite|Normal\n|-terastallize|p1a: Iron Hands|Grass\n|move|p2a: Dragonite|Earthquake|p1a: Iron Hands\n|-resisted|p1a: Iron Hands\n|-damage|p1a: Iron Hands|77\/100\n|move|p1a: Iron Hands|Ice Punch|p2a: Dragonite\n|-crit|p2a: Dragonite\n|-damage|p2a: Dragonite|40\/100\n|\n|upkeep\n|turn|9\n|\n|t:|1700255875\n|move|p2a: Dragonite|Extreme Speed|p1a: Iron Hands\n|-damage|p1a: Iron Hands|31\/100\n|move|p1a: Iron Hands|Drain Punch|p2a: Dragonite\n|-supereffective|p2a: Dragonite\n|-damage|p2a: Dragonite|0 fnt\n|-heal|p1a: Iron Hands|43\/100|[from] drain|[of] p2a: Dragonite\n|faint|p2a: Dragonite\n|\n|upkeep\n|\n|t:|1700255878\n|switch|p2a: Victini|Victini|100\/100\n|turn|10\n|\n|t:|1700255891\n|move|p2a: Victini|V-create|p1a: Iron Hands\n|-supereffective|p1a: Iron Hands\n|-damage|p1a: Iron Hands|0 fnt\n|-unboost|p2a: Victini|spe|1\n|-unboost|p2a: Victini|def|1\n|-unboost|p2a: Victini|spd|1\n|faint|p1a: Iron Hands\n|-end|p1a: Iron Hands|Quark Drive|[silent]\n|\n|upkeep\n|\n|t:|1700255895\n|switch|p1a: Gliscor|Gliscor, F|100\/100\n|-damage|p1a: Gliscor|88\/100|[from] Stealth Rock\n|turn|11\n|\n|t:|1700255897\n|switch|p2a: Rabsca|Rabsca, M|100\/100\n|move|p1a: Gliscor|Defog|p2a: Rabsca\n|-unboost|p2a: Rabsca|evasion|1\n|-sideend|p1: gelatoasdf|Stealth Rock|[from] move: Defog|[of] p1a: Gliscor\n|\n|-status|p1a: Gliscor|tox|[from] item: Toxic Orb\n|upkeep\n|turn|12\n|\n|t:|1700255901\n|switch|p1a: Swellow|Swellow, M|100\/100\n|move|p2a: Rabsca|Revival Blessing|p2a: Rabsca\n|-enditem|p2a: Rabsca|Leppa Berry|[eat]\n|-activate|p2a: Rabsca|item: Leppa Berry|Revival Blessing|[consumed]\n|\n|t:|1700255905\n|-heal|p2: Dragonite|50\/100|[from] move: Revival Blessing\n|\n|upkeep\n|turn|13\n|\n|t:|1700255913\n|move|p1a: Swellow|Boomburst|p2a: Rabsca\n|-damage|p2a: Rabsca|37\/100\n|move|p2a: Rabsca|Revival Blessing|p2a: Rabsca\n|\n|t:|1700255915\n|-heal|p2: Forretress|50\/100|[from] move: Revival Blessing\n|\n|upkeep\n|turn|14\n|\n|t:|1700255924\n|move|p1a: Swellow|Boomburst|p2a: Rabsca\n|-crit|p2a: Rabsca\n|-damage|p2a: Rabsca|0 fnt\n|faint|p2a: Rabsca\n|\n|upkeep\n|\n|t:|1700255928\n|switch|p2a: Victini|Victini|100\/100\n|turn|15\n|\n|t:|1700255933\n|switch|p1a: Gliscor|Gliscor, F|88\/100 tox\n|move|p2a: Victini|V-create|p1a: Gliscor\n|-damage|p1a: Gliscor|22\/100 tox\n|-unboost|p2a: Victini|spe|1\n|-unboost|p2a: Victini|def|1\n|-unboost|p2a: Victini|spd|1\n|\n|-heal|p1a: Gliscor|34\/100 tox|[from] ability: Poison Heal\n|upkeep\n|turn|16\n|\n|t:|1700255938\n|move|p2a: Victini|V-create|p1a: Gliscor\n|-damage|p1a: Gliscor|0 fnt\n|-unboost|p2a: Victini|spe|1\n|-unboost|p2a: Victini|def|1\n|-unboost|p2a: Victini|spd|1\n|faint|p1a: Gliscor\n|\n|upkeep\n|\n|t:|1700255941\n|switch|p1a: Swellow|Swellow, M|100\/100\n|turn|17\n|\n|t:|1700255945\n|switch|p2a: Banette|Banette-Mega, F|100\/100\n|move|p1a: Swellow|Boomburst|p2a: Banette\n|-damage|p2a: Banette|0 fnt\n|faint|p2a: Banette\n|\n|upkeep\n|\n|t:|1700255953\n|switch|p2a: Victini|Victini|100\/100\n|turn|18\n|\n|t:|1700255958\n|switch|p1a: Arbok|Arbok, F|75\/100\n|-ability|p1a: Arbok|Intimidate|boost\n|-unboost|p2a: Victini|atk|1\n|move|p2a: Victini|V-create|p1a: Arbok\n|-damage|p1a: Arbok|26\/100\n|-unboost|p2a: Victini|spe|1\n|-unboost|p2a: Victini|def|1\n|-unboost|p2a: Victini|spd|1\n|\n|upkeep\n|turn|19\n|\n|t:|1700255971\n|move|p1a: Arbok|Protect|p1a: Arbok\n|-singleturn|p1a: Arbok|Protect\n|move|p2a: Victini|V-create|p1a: Arbok\n|-activate|p1a: Arbok|move: Protect\n|\n|upkeep\n|turn|20\n|\n|t:|1700255974\n|move|p2a: Victini|V-create|p1a: Arbok\n|-damage|p1a: Arbok|0 fnt\n|-unboost|p2a: Victini|spe|1\n|-unboost|p2a: Victini|def|1\n|-unboost|p2a: Victini|spd|1\n|faint|p1a: Arbok\n|\n|upkeep\n|\n|t:|1700255976\n|switch|p1a: Swellow|Swellow, M|100\/100\n|turn|21\n|\n|t:|1700255979\n|switch|p2a: Forretress|Forretress, M|50\/100\n|move|p1a: Swellow|Boomburst|p2a: Forretress\n|-resisted|p2a: Forretress\n|-damage|p2a: Forretress|12\/100\n|\n|-damage|p2a: Forretress|0 fnt|[from] item: Black Sludge\n|faint|p2a: Forretress\n|upkeep\n|\n|t:|1700255981\n|switch|p2a: Victini|Victini|100\/100\n|turn|22\n|\n|t:|1700255985\n|move|p2a: Victini|Bolt Strike|p1a: Swellow\n|-supereffective|p1a: Swellow\n|-damage|p1a: Swellow|0 fnt\n|faint|p1a: Swellow\n|\n|upkeep\n|\n|t:|1700255988\n|switch|p1a: Scizor|Scizor, M|100\/100\n|turn|23\n|\n|t:|1700255991\n|switch|p2a: Pawmot|Pawmot, M|100\/100\n|detailschange|p1a: Scizor|Scizor-Mega, M\n|-mega|p1a: Scizor|Scizor|Scizorite\n|move|p1a: Scizor|Knock Off|p2a: Pawmot\n|-resisted|p2a: Pawmot\n|-damage|p2a: Pawmot|73\/100\n|-enditem|p2a: Pawmot|Leppa Berry|[from] move: Knock Off|[of] p1a: Scizor\n|\n|upkeep\n|turn|24\n|\n|t:|1700255996\n|move|p2a: Pawmot|Thunder Wave|p1a: Scizor\n|-status|p1a: Scizor|par\n|move|p1a: Scizor|U-turn|p2a: Pawmot\n|-resisted|p2a: Pawmot\n|-damage|p2a: Pawmot|43\/100\n|\n|t:|1700255998\n|switch|p1a: Kyurem|Kyurem, shiny|100\/100|[from] U-turn\n|-ability|p1a: Kyurem|Pressure\n|\n|upkeep\n|turn|25\n|\n|t:|1700256003\n|move|p2a: Pawmot|Close Combat|p1a: Kyurem\n|-supereffective|p1a: Kyurem\n|-damage|p1a: Kyurem|0 fnt\n|-unboost|p2a: Pawmot|def|1\n|-unboost|p2a: Pawmot|spd|1\n|faint|p1a: Kyurem\n|\n|upkeep\n|\n|t:|1700256006\n|switch|p1a: Scizor|Scizor-Mega, M|100\/100 par\n|turn|26\n|\n|t:|1700256009\n|cant|p1a: Scizor|par\n|move|p2a: Pawmot|Revival Blessing|p2a: Pawmot\n|-message|gelatoasdf forfeited.\n|\n|win|Tank Tests\n|raw|gelatoasdf's rating: 1331 &rarr; <strong>1316<\/strong><br \/>(-15 for losing)\n|raw|Tank Tests's rating: 1421 &rarr; <strong>1436<\/strong><br \/>(+15 for winning)\n|l|\u203dgelatoasdf\n","uploadtime":1700256028,"views":15,"p1id":"gelatoasdf","p2id":"tanktests","formatid":"gen9nationaldex","rating":1316,"private":0,"password":""}