{"id":"gen9nationaldex-1990847508","p1":"Artheizen","p2":"Fallout 3 Enjoyer","format":"[Gen 9] National Dex","log":"|j|\u2606Artheizen\n|j|\u2606Fallout 3 Enjoyer\n|t:|1700007137\n|gametype|singles\n|player|p1|Artheizen|265|1226\n|player|p2|Fallout 3 Enjoyer|acetrainerf|1243\n|teamsize|p1|6\n|teamsize|p2|6\n|gen|9\n|tier|[Gen 9] National Dex\n|rated|\n|rule|HP Percentage Mod: HP is shown in percentages\n|rule|Endless Battle Clause: Forcing endless battles is banned\n|rule|OHKO Clause: OHKO moves are banned\n|rule|Evasion Clause: Evasion abilities, items, and moves are banned\n|rule|Evasion Abilities Clause: Evasion abilities are banned\n|rule|Evasion Items Clause: Evasion items are banned\n|rule|Evasion Moves Clause: Evasion moves are banned\n|rule|Species Clause: Limit one of each Pok\u00e9mon\n|rule|Sleep Clause Mod: Limit one foe put to sleep\n|clearpoke\n|poke|p1|Sirfetch\u2019d, M|\n|poke|p1|Swampert, F|\n|poke|p1|Metagross|\n|poke|p1|Roserade, F|\n|poke|p1|Incineroar, M|\n|poke|p1|Togekiss, F|\n|poke|p2|Clodsire, F|\n|poke|p2|Bellibolt, F|\n|poke|p2|Politoed, F|\n|poke|p2|Poliwrath, F|\n|poke|p2|Swampert, F|\n|poke|p2|Toxicroak, F|\n|teampreview\n|inactive|Battle timer is ON: inactive players will automatically lose when time's up. (requested by Fallout 3 Enjoyer)\n|inactive|Artheizen also wants the timer to be on.\n|inactive|Artheizen has 120 seconds left.\n|\n|t:|1700007180\n|start\n|switch|p1a: Togekiss|Togekiss, F|100\/100\n|switch|p2a: Damp Frog|Politoed, F, shiny|100\/100\n|-weather|RainDance|[from] ability: Drizzle|[of] p2a: Damp Frog\n|turn|1\n|\n|t:|1700007199\n|move|p1a: Togekiss|Air Slash|p2a: Damp Frog\n|-damage|p2a: Damp Frog|77\/100\n|move|p2a: Damp Frog|Ice Beam|p1a: Togekiss\n|-supereffective|p1a: Togekiss\n|-crit|p1a: Togekiss\n|-damage|p1a: Togekiss|54\/100\n|\n|-weather|RainDance|[upkeep]\n|upkeep\n|turn|2\n|inactive|Artheizen has 120 seconds left.\n|\n|t:|1700007231\n|switch|p1a: Swampert|Swampert, F|100\/100\n|switch|p2a: Charge Frog|Bellibolt, F|100\/100\n|\n|-weather|RainDance|[upkeep]\n|upkeep\n|turn|3\n|inactive|Artheizen has 120 seconds left.\n|\n|t:|1700007240\n|switch|p2a: Fisty Frog|Poliwrath, F|100\/100\n|detailschange|p1a: Swampert|Swampert-Mega, F\n|-mega|p1a: Swampert|Swampert|Swampertite\n|move|p1a: Swampert|Earthquake|p2a: Fisty Frog\n|-crit|p2a: Fisty Frog\n|-damage|p2a: Fisty Frog|13\/100\n|\n|-weather|RainDance|[upkeep]\n|upkeep\n|turn|4\n|\n|t:|1700007247\n|move|p2a: Fisty Frog|Drain Punch|p1a: Swampert\n|-damage|p1a: Swampert|63\/100\n|-heal|p2a: Fisty Frog|33\/100|[from] drain|[of] p1a: Swampert\n|-damage|p2a: Fisty Frog|23\/100|[from] item: Life Orb\n|move|p1a: Swampert|Earthquake|p2a: Fisty Frog\n|-damage|p2a: Fisty Frog|0 fnt\n|faint|p2a: Fisty Frog\n|\n|-weather|RainDance|[upkeep]\n|upkeep\n|\n|t:|1700007252\n|switch|p2a: Poison Frog|Toxicroak, F|100\/100\n|turn|5\n|\n|t:|1700007256\n|move|p2a: Poison Frog|Fake Out|p1a: Swampert\n|-damage|p1a: Swampert|52\/100\n|cant|p1a: Swampert|flinch\n|\n|-weather|RainDance|[upkeep]\n|upkeep\n|turn|6\n|\n|t:|1700007269\n|-terastallize|p2a: Poison Frog|Dark\n|move|p2a: Poison Frog|Sucker Punch|p1a: Swampert\n|-damage|p1a: Swampert|24\/100\n|move|p1a: Swampert|Earthquake|p2a: Poison Frog\n|-damage|p2a: Poison Frog|14\/100\n|\n|-weather|RainDance|[upkeep]\n|-heal|p2a: Poison Frog|26\/100|[from] ability: Dry Skin\n|upkeep\n|turn|7\n|\n|t:|1700007280\n|move|p2a: Poison Frog|Sucker Punch|p1a: Swampert\n|-damage|p1a: Swampert|0 fnt\n|faint|p1a: Swampert\n|\n|-weather|RainDance|[upkeep]\n|-heal|p2a: Poison Frog|38\/100|[from] ability: Dry Skin\n|upkeep\n|inactive|Artheizen has 120 seconds left.\n|\n|t:|1700007325\n|switch|p1a: Togekiss|Togekiss, F|54\/100\n|turn|8\n|\n|t:|1700007330\n|move|p2a: Poison Frog|Sucker Punch|p1a: Togekiss\n|-resisted|p1a: Togekiss\n|-crit|p1a: Togekiss\n|-damage|p1a: Togekiss|30\/100\n|-damage|p2a: Poison Frog|22\/100|[from] item: Rocky Helmet|[of] p1a: Togekiss\n|move|p1a: Togekiss|Dazzling Gleam|p2a: Poison Frog\n|-supereffective|p2a: Poison Frog\n|-crit|p2a: Poison Frog\n|-damage|p2a: Poison Frog|0 fnt\n|faint|p2a: Poison Frog\n|\n|-weather|none\n|upkeep\n|\n|t:|1700007336\n|switch|p2a: Damp Frog|Politoed, F, shiny|77\/100\n|-weather|RainDance|[from] ability: Drizzle|[of] p2a: Damp Frog\n|turn|9\n|\n|t:|1700007338\n|move|p1a: Togekiss|Soft-Boiled|p1a: Togekiss\n|-heal|p1a: Togekiss|80\/100\n|move|p2a: Damp Frog|Ice Beam|p1a: Togekiss\n|-supereffective|p1a: Togekiss\n|-damage|p1a: Togekiss|50\/100\n|\n|-weather|RainDance|[upkeep]\n|upkeep\n|turn|10\n|\n|t:|1700007344\n|switch|p2a: Roid Frog|Swampert, F|100\/100\n|move|p1a: Togekiss|Soft-Boiled|p1a: Togekiss\n|-heal|p1a: Togekiss|99\/100\n|\n|-weather|RainDance|[upkeep]\n|upkeep\n|turn|11\n|\n|t:|1700007349\n|detailschange|p2a: Roid Frog|Swampert-Mega, F\n|-mega|p2a: Roid Frog|Swampert|Swampertite\n|move|p2a: Roid Frog|Liquidation|p1a: Togekiss\n|-damage|p1a: Togekiss|28\/100\n|-damage|p2a: Roid Frog|84\/100|[from] item: Rocky Helmet|[of] p1a: Togekiss\n|move|p1a: Togekiss|Air Slash|p2a: Roid Frog\n|-damage|p2a: Roid Frog|53\/100\n|\n|-weather|RainDance|[upkeep]\n|upkeep\n|turn|12\n|\n|t:|1700007360\n|move|p2a: Roid Frog|Liquidation|p1a: Togekiss\n|-damage|p1a: Togekiss|0 fnt\n|-damage|p2a: Roid Frog|37\/100|[from] item: Rocky Helmet|[of] p1a: Togekiss\n|faint|p1a: Togekiss\n|\n|-weather|RainDance|[upkeep]\n|upkeep\n|\n|t:|1700007365\n|switch|p1a: Roserade|Roserade, F|100\/100\n|turn|13\n|\n|t:|1700007371\n|move|p2a: Roid Frog|Flip Turn|p1a: Roserade\n|-resisted|p1a: Roserade\n|-damage|p1a: Roserade|65\/100\n|\n|t:|1700007372\n|switch|p2a: Clodsire|Clodsire, F|100\/100|[from] Flip Turn\n|move|p1a: Roserade|Energy Ball|p2a: Clodsire\n|-damage|p2a: Clodsire|72\/100\n|\n|-weather|RainDance|[upkeep]\n|-heal|p1a: Roserade|71\/100|[from] item: Black Sludge\n|-heal|p2a: Clodsire|78\/100|[from] item: Black Sludge\n|upkeep\n|turn|14\n|inactive|Artheizen has 120 seconds left.\n|\n|t:|1700007413\n|move|p1a: Roserade|Energy Ball|p2a: Clodsire\n|-damage|p2a: Clodsire|53\/100\n|move|p2a: Clodsire|Stealth Rock|p1a: Roserade\n|-sidestart|p1: Artheizen|move: Stealth Rock\n|\n|-weather|RainDance|[upkeep]\n|-heal|p1a: Roserade|77\/100|[from] item: Black Sludge\n|-heal|p2a: Clodsire|59\/100|[from] item: Black Sludge\n|upkeep\n|turn|15\n|\n|t:|1700007421\n|move|p1a: Roserade|Energy Ball|p2a: Clodsire\n|-damage|p2a: Clodsire|29\/100\n|-unboost|p2a: Clodsire|spd|1\n|move|p2a: Clodsire|Poison Jab|p1a: Roserade\n|-damage|p1a: Roserade|52\/100\n|\n|-weather|RainDance|[upkeep]\n|-heal|p1a: Roserade|58\/100|[from] item: Black Sludge\n|-heal|p2a: Clodsire|35\/100|[from] item: Black Sludge\n|upkeep\n|turn|16\n|inactive|Artheizen has 120 seconds left.\n|\n|t:|1700007428\n|move|p1a: Roserade|Energy Ball|p2a: Clodsire\n|-damage|p2a: Clodsire|0 fnt\n|faint|p2a: Clodsire\n|\n|-weather|none\n|-heal|p1a: Roserade|64\/100|[from] item: Black Sludge\n|upkeep\n|\n|t:|1700007432\n|switch|p2a: Damp Frog|Politoed, F, shiny|77\/100\n|-weather|RainDance|[from] ability: Drizzle|[of] p2a: Damp Frog\n|turn|17\n|\n|t:|1700007436\n|move|p1a: Roserade|Synthesis|p1a: Roserade\n|-heal|p1a: Roserade|89\/100\n|move|p2a: Damp Frog|Ice Beam|p1a: Roserade\n|-supereffective|p1a: Roserade\n|-damage|p1a: Roserade|40\/100\n|\n|-weather|RainDance|[upkeep]\n|-heal|p1a: Roserade|46\/100|[from] item: Black Sludge\n|upkeep\n|turn|18\n|\n|t:|1700007442\n|move|p1a: Roserade|Energy Ball|p2a: Damp Frog\n|-supereffective|p2a: Damp Frog\n|-damage|p2a: Damp Frog|26\/100\n|move|p2a: Damp Frog|Ice Beam|p1a: Roserade\n|-supereffective|p1a: Roserade\n|-damage|p1a: Roserade|3\/100\n|\n|-weather|RainDance|[upkeep]\n|-heal|p1a: Roserade|9\/100|[from] item: Black Sludge\n|upkeep\n|turn|19\n|\n|t:|1700007448\n|move|p1a: Roserade|Energy Ball|p2a: Damp Frog\n|-supereffective|p2a: Damp Frog\n|-damage|p2a: Damp Frog|0 fnt\n|faint|p2a: Damp Frog\n|\n|-weather|RainDance|[upkeep]\n|-heal|p1a: Roserade|15\/100|[from] item: Black Sludge\n|upkeep\n|\n|t:|1700007449\n|switch|p2a: Roid Frog|Swampert-Mega, F|37\/100\n|turn|20\n|\n|t:|1700007453\n|move|p2a: Roid Frog|Ice Punch|p1a: Roserade\n|-supereffective|p1a: Roserade\n|-damage|p1a: Roserade|0 fnt\n|faint|p1a: Roserade\n|\n|-weather|RainDance|[upkeep]\n|upkeep\n|\n|t:|1700007460\n|switch|p1a: Sirfetch\u2019d|Sirfetch\u2019d, M|100\/100\n|-damage|p1a: Sirfetch\u2019d|94\/100|[from] Stealth Rock\n|turn|21\n|\n|t:|1700007463\n|move|p2a: Roid Frog|Liquidation|p1a: Sirfetch\u2019d\n|-damage|p1a: Sirfetch\u2019d|6\/100\n|move|p1a: Sirfetch\u2019d|Leaf Blade|p2a: Roid Frog\n|-supereffective|p2a: Roid Frog\n|-crit|p2a: Roid Frog\n|-damage|p2a: Roid Frog|0 fnt\n|faint|p2a: Roid Frog\n|\n|-weather|RainDance|[upkeep]\n|upkeep\n|\n|t:|1700007465\n|switch|p2a: Charge Frog|Bellibolt, F|100\/100\n|turn|22\n|\n|t:|1700007471\n|move|p1a: Sirfetch\u2019d|Leaf Blade|p2a: Charge Frog\n|-crit|p2a: Charge Frog\n|-damage|p2a: Charge Frog|73\/100\n|-start|p2a: Charge Frog|Charge|Leaf Blade|[from] ability: Electromorphosis\n|move|p2a: Charge Frog|Charge Beam|p1a: Sirfetch\u2019d\n|-damage|p1a: Sirfetch\u2019d|0 fnt\n|-boost|p2a: Charge Frog|spa|1\n|faint|p1a: Sirfetch\u2019d\n|-end|p2a: Charge Frog|Charge|[silent]\n|\n|-weather|RainDance|[upkeep]\n|-heal|p2a: Charge Frog|79\/100|[from] item: Leftovers\n|upkeep\n|\n|t:|1700007483\n|switch|p1a: Incineroar|Incineroar, M|100\/100\n|-damage|p1a: Incineroar|76\/100|[from] Stealth Rock\n|-ability|p1a: Incineroar|Intimidate|boost\n|-unboost|p2a: Charge Frog|atk|1\n|turn|23\n|\n|t:|1700007488\n|move|p1a: Incineroar|Bulk Up|p1a: Incineroar\n|-boost|p1a: Incineroar|atk|1\n|-boost|p1a: Incineroar|def|1\n|move|p2a: Charge Frog|Muddy Water|p1a: Incineroar\n|-supereffective|p1a: Incineroar\n|-damage|p1a: Incineroar|0 fnt\n|faint|p1a: Incineroar\n|\n|-weather|RainDance|[upkeep]\n|-heal|p2a: Charge Frog|85\/100|[from] item: Leftovers\n|upkeep\n|\n|t:|1700007511\n|switch|p1a: Metagross|Metagross|100\/100\n|-damage|p1a: Metagross|94\/100|[from] Stealth Rock\n|turn|24\n|\n|t:|1700007517\n|-terastallize|p1a: Metagross|Steel\n|move|p1a: Metagross|Power-Up Punch|p2a: Charge Frog\n|-damage|p2a: Charge Frog|77\/100\n|-boost|p1a: Metagross|atk|1\n|-start|p2a: Charge Frog|Charge|Power-Up Punch|[from] ability: Electromorphosis\n|move|p2a: Charge Frog|Charge Beam|p1a: Metagross\n|-damage|p1a: Metagross|62\/100\n|-end|p2a: Charge Frog|Charge|[silent]\n|\n|-weather|none\n|-heal|p2a: Charge Frog|83\/100|[from] item: Leftovers\n|upkeep\n|turn|25\n|\n|t:|1700007531\n|move|p1a: Metagross|Meteor Mash|p2a: Charge Frog\n|-resisted|p2a: Charge Frog\n|-damage|p2a: Charge Frog|53\/100\n|-start|p2a: Charge Frog|Charge|Meteor Mash|[from] ability: Electromorphosis\n|move|p2a: Charge Frog|Charge Beam|p1a: Metagross\n|-damage|p1a: Metagross|30\/100\n|-boost|p2a: Charge Frog|spa|1\n|-end|p2a: Charge Frog|Charge|[silent]\n|\n|-heal|p2a: Charge Frog|60\/100|[from] item: Leftovers\n|upkeep\n|turn|26\n|\n|t:|1700007540\n|move|p1a: Metagross|Power-Up Punch|p2a: Charge Frog\n|-damage|p2a: Charge Frog|47\/100\n|-boost|p1a: Metagross|atk|1\n|-start|p2a: Charge Frog|Charge|Power-Up Punch|[from] ability: Electromorphosis\n|move|p2a: Charge Frog|Parabolic Charge|p1a: Metagross\n|-damage|p1a: Metagross|0 fnt\n|-heal|p2a: Charge Frog|60\/100|[from] drain|[of] p1a: Metagross\n|faint|p1a: Metagross\n|-end|p2a: Charge Frog|Charge|[silent]\n|\n|win|Fallout 3 Enjoyer\n|raw|Artheizen's rating: 1226 &rarr; <strong>1202<\/strong><br \/>(-24 for losing)\n|raw|Fallout 3 Enjoyer's rating: 1243 &rarr; <strong>1267<\/strong><br \/>(+24 for winning)\n|c|\u2606Fallout 3 Enjoyer|gg\n|l|\u2606Artheizen\n","uploadtime":1700007546,"views":11,"p1id":"artheizen","p2id":"fallout3enjoyer","formatid":"gen9nationaldex","rating":1202,"private":0,"password":""}