{"id":"gen9nationaldex-1994248543","p1":"Apicklenamedrick","p2":"massivehumongous","format":"[Gen 9] National Dex","log":"|j|\u2606Apicklenamedrick\n|j|\u2606massivehumongous\n|t:|1700423271\n|gametype|singles\n|player|p1|Apicklenamedrick|265|1364\n|player|p2|massivehumongous|palmer|1457\n|teamsize|p1|6\n|teamsize|p2|6\n|gen|9\n|tier|[Gen 9] National Dex\n|rated|\n|rule|HP Percentage Mod: HP is shown in percentages\n|rule|Endless Battle Clause: Forcing endless battles is banned\n|rule|OHKO Clause: OHKO moves are banned\n|rule|Evasion Clause: Evasion abilities, items, and moves are banned\n|rule|Evasion Abilities Clause: Evasion abilities are banned\n|rule|Evasion Items Clause: Evasion items are banned\n|rule|Evasion Moves Clause: Evasion moves are banned\n|rule|Species Clause: Limit one of each Pok\u00e9mon\n|rule|Sleep Clause Mod: Limit one foe put to sleep\n|clearpoke\n|poke|p1|Aegislash, M|\n|poke|p1|Blaziken, M|\n|poke|p1|Landorus-Therian, M|\n|poke|p1|Diancie|\n|poke|p1|Dondozo, M|\n|poke|p1|Mamoswine, F|\n|poke|p2|Hoopa-Unbound|\n|poke|p2|Iron Valiant|\n|poke|p2|Slowbro, F|\n|poke|p2|Tornadus-Therian, M|\n|poke|p2|Great Tusk|\n|poke|p2|Rotom-Wash|\n|teampreview\n|inactive|Battle timer is ON: inactive players will automatically lose when time's up. (requested by Apicklenamedrick)\n|\n|t:|1700423280\n|start\n|switch|p1a: Mamoswine|Mamoswine, F|100\/100\n|switch|p2a: Rotom|Rotom-Wash|100\/100\n|turn|1\n|\n|t:|1700423306\n|-terastallize|p1a: Mamoswine|Grass\n|move|p2a: Rotom|Hydro Pump|p1a: Mamoswine|[miss]\n|-miss|p2a: Rotom|p1a: Mamoswine\n|move|p1a: Mamoswine|Trailblaze|p2a: Rotom\n|-supereffective|p2a: Rotom\n|-damage|p2a: Rotom|31\/100\n|-boost|p1a: Mamoswine|spe|1\n|\n|upkeep\n|turn|2\n|\n|t:|1700423320\n|switch|p2a: Slowbro|Slowbro, F|100\/100\n|move|p1a: Mamoswine|Icicle Crash|p2a: Slowbro\n|-resisted|p2a: Slowbro\n|-damage|p2a: Slowbro|88\/100\n|\n|upkeep\n|turn|3\n|\n|t:|1700423327\n|move|p1a: Mamoswine|Trailblaze|p2a: Slowbro\n|-supereffective|p2a: Slowbro\n|-damage|p2a: Slowbro|51\/100\n|-boost|p1a: Mamoswine|spe|1\n|move|p2a: Slowbro|Future Sight|p1a: Mamoswine\n|-start|p2a: Slowbro|move: Future Sight\n|\n|upkeep\n|turn|4\n|\n|t:|1700423334\n|move|p1a: Mamoswine|Trailblaze|p2a: Slowbro\n|-supereffective|p2a: Slowbro\n|-damage|p2a: Slowbro|13\/100\n|-boost|p1a: Mamoswine|spe|1\n|move|p2a: Slowbro|Slack Off|p2a: Slowbro\n|-heal|p2a: Slowbro|63\/100\n|\n|upkeep\n|turn|5\n|\n|t:|1700423343\n|switch|p1a: Aegislash|Aegislash, M|100\/100\n|move|p2a: Slowbro|Slack Off|p2a: Slowbro\n|-heal|p2a: Slowbro|100\/100\n|\n|-end|p1a: Aegislash|move: Future Sight\n|-resisted|p1a: Aegislash\n|-damage|p1a: Aegislash|85\/100\n|-heal|p1a: Aegislash|92\/100|[from] item: Leftovers\n|upkeep\n|turn|6\n|\n|t:|1700423354\n|move|p1a: Aegislash|Swords Dance|p1a: Aegislash\n|-boost|p1a: Aegislash|atk|2\n|move|p2a: Slowbro|Teleport|p2a: Slowbro\n|\n|t:|1700423357\n|switch|p2a: Hoopa|Hoopa-Unbound|100\/100|[from] Teleport\n|\n|-heal|p1a: Aegislash|98\/100|[from] item: Leftovers\n|upkeep\n|turn|7\n|\n|t:|1700423364\n|move|p1a: Aegislash|King's Shield|p1a: Aegislash\n|-singleturn|p1a: Aegislash|Protect\n|move|p2a: Hoopa|Hyperspace Fury|p1a: Aegislash\n|-activate|p1a: Aegislash|move: Hyperspace Fury|[broken]\n|-supereffective|p1a: Aegislash\n|-damage|p1a: Aegislash|0 fnt\n|-unboost|p2a: Hoopa|def|1\n|faint|p1a: Aegislash\n|\n|upkeep\n|c|\u2606Apicklenamedrick|Ok learned something new\n|c|\u2606Apicklenamedrick|never actually seen that poke before\n|inactive|Apicklenamedrick has 120 seconds left.\n|c|\u2606massivehumongous|this dies to uturn so thats why\n|\n|t:|1700423396\n|switch|p1a: Landorus|Landorus-Therian, M|100\/100\n|-ability|p1a: Landorus|Intimidate|boost\n|-unboost|p2a: Hoopa|atk|1\n|turn|8\n|inactive|Apicklenamedrick has 120 seconds left.\n|\n|t:|1700423407\n|switch|p2a: Rotom|Rotom-Wash|31\/100\n|move|p1a: Landorus|Stealth Rock|p2a: Rotom\n|-sidestart|p2: massivehumongous|move: Stealth Rock\n|\n|upkeep\n|turn|9\n|inactive|Apicklenamedrick has 120 seconds left.\n|\n|t:|1700423419\n|move|p2a: Rotom|Will-O-Wisp|p1a: Landorus|[miss]\n|-miss|p2a: Rotom|p1a: Landorus\n|move|p1a: Landorus|Stone Edge|p2a: Rotom\n|-crit|p2a: Rotom\n|-damage|p2a: Rotom|0 fnt\n|faint|p2a: Rotom\n|\n|upkeep\n|\n|t:|1700423422\n|switch|p2a: Great Tusk|Great Tusk|100\/100\n|-damage|p2a: Great Tusk|98\/100|[from] Stealth Rock\n|turn|10\n|\n|t:|1700423432\n|move|p2a: Great Tusk|Rapid Spin|p1a: Landorus\n|-damage|p1a: Landorus|90\/100\n|-boost|p2a: Great Tusk|spe|1\n|-sideend|p2: massivehumongous|Stealth Rock|[from] move: Rapid Spin|[of] p2a: Great Tusk\n|move|p1a: Landorus|U-turn|p2a: Great Tusk\n|-resisted|p2a: Great Tusk\n|-damage|p2a: Great Tusk|92\/100\n|inactive|Apicklenamedrick has 120 seconds left.\n|\n|t:|1700423447\n|switch|p1a: Dondozo|Dondozo, M|100\/100|[from] U-turn\n|\n|-heal|p2a: Great Tusk|99\/100|[from] item: Leftovers\n|upkeep\n|turn|11\n|inactive|Apicklenamedrick has 120 seconds left.\n|\n|t:|1700423454\n|-end|p2a: Great Tusk|Protosynthesis|[silent]\n|switch|p2a: Iron Valiant|Iron Valiant|100\/100\n|move|p1a: Dondozo|Yawn|p2a: Iron Valiant\n|-start|p2a: Iron Valiant|move: Yawn|[of] p1a: Dondozo\n|\n|upkeep\n|turn|12\n|\n|t:|1700423461\n|-end|p2a: Iron Valiant|Quark Drive|[silent]\n|switch|p2a: Tornadus|Tornadus-Therian, M|100\/100\n|switch|p1a: Landorus|Landorus-Therian, M|90\/100\n|-ability|p1a: Landorus|Intimidate|boost\n|-unboost|p2a: Tornadus|atk|1\n|\n|upkeep\n|turn|13\n|\n|t:|1700423469\n|move|p2a: Tornadus|Knock Off|p1a: Landorus\n|-damage|p1a: Landorus|81\/100\n|-enditem|p1a: Landorus|Heavy-Duty Boots|[from] move: Knock Off|[of] p2a: Tornadus\n|move|p1a: Landorus|Stone Edge|p2a: Tornadus\n|-supereffective|p2a: Tornadus\n|-damage|p2a: Tornadus|29\/100\n|\n|upkeep\n|turn|14\n|\n|t:|1700423479\n|move|p2a: Tornadus|U-turn|p1a: Landorus\n|-resisted|p1a: Landorus\n|-damage|p1a: Landorus|77\/100\n|\n|t:|1700423481\n|switch|p2a: Great Tusk|Great Tusk|99\/100|[from] U-turn\n|move|p1a: Landorus|U-turn|p2a: Great Tusk\n|-resisted|p2a: Great Tusk\n|-damage|p2a: Great Tusk|93\/100\n|\n|t:|1700423489\n|switch|p1a: Diancie|Diancie|100\/100|[from] U-turn\n|\n|-heal|p2a: Great Tusk|99\/100|[from] item: Leftovers\n|upkeep\n|turn|15\n|\n|t:|1700423497\n|-end|p2a: Great Tusk|Protosynthesis|[silent]\n|switch|p2a: Tornadus|Tornadus-Therian, M|63\/100\n|detailschange|p1a: Diancie|Diancie-Mega\n|-mega|p1a: Diancie|Diancie|Diancite\n|move|p1a: Diancie|Moonblast|p2a: Tornadus\n|-damage|p2a: Tornadus|27\/100\n|-unboost|p2a: Tornadus|spa|1\n|\n|upkeep\n|turn|16\n|\n|t:|1700423508\n|switch|p2a: Slowbro|Slowbro, F|100\/100\n|move|p1a: Diancie|Diamond Storm|p2a: Slowbro\n|-crit|p2a: Slowbro\n|-damage|p2a: Slowbro|56\/100\n|\n|upkeep\n|turn|17\n|\n|t:|1700423528\n|move|p1a: Diancie|Moonblast|p2a: Slowbro\n|-damage|p2a: Slowbro|0 fnt\n|faint|p2a: Slowbro\n|\n|upkeep\n|\n|t:|1700423530\n|switch|p2a: Hoopa|Hoopa-Unbound|100\/100\n|turn|18\n|\n|t:|1700423537\n|switch|p1a: Landorus|Landorus-Therian, M|77\/100\n|-ability|p1a: Landorus|Intimidate|boost\n|-unboost|p2a: Hoopa|atk|1\n|move|p2a: Hoopa|Hyperspace Fury|p1a: Landorus\n|-crit|p1a: Landorus\n|-damage|p1a: Landorus|0 fnt\n|-unboost|p2a: Hoopa|def|1\n|faint|p1a: Landorus\n|\n|upkeep\n|\n|t:|1700423552\n|switch|p1a: Blaziken|Blaziken, M|100\/100\n|turn|19\n|\n|t:|1700423557\n|switch|p2a: Great Tusk|Great Tusk|99\/100\n|move|p1a: Blaziken|Swords Dance|p1a: Blaziken\n|-boost|p1a: Blaziken|atk|2\n|\n|-heal|p2a: Great Tusk|100\/100|[from] item: Leftovers\n|-ability|p1a: Blaziken|Speed Boost|boost\n|-boost|p1a: Blaziken|spe|1\n|upkeep\n|turn|20\n|\n|t:|1700423567\n|-zpower|p1a: Blaziken\n|move|p1a: Blaziken|Inferno Overdrive|p2a: Great Tusk|[zeffect]\n|-damage|p2a: Great Tusk|0 fnt\n|faint|p2a: Great Tusk\n|-end|p2a: Great Tusk|Protosynthesis|[silent]\n|\n|-ability|p1a: Blaziken|Speed Boost|boost\n|-boost|p1a: Blaziken|spe|1\n|upkeep\n|-message|massivehumongous forfeited.\n|\n|win|Apicklenamedrick\n|raw|Apicklenamedrick's rating: 1364 &rarr; <strong>1389<\/strong><br \/>(+25 for winning)\n|raw|massivehumongous's rating: 1457 &rarr; <strong>1432<\/strong><br \/>(-25 for losing)\n|l|\u2606massivehumongous\n|c|\u2606Apicklenamedrick|Gg\n","uploadtime":1700423685,"views":11,"p1id":"apicklenamedrick","p2id":"massivehumongous","formatid":"gen9nationaldex","rating":1389,"private":0,"password":""}