{"id":"gen9nationaldex-1993477825","p1":"V3RD35","p2":"KangWS","format":"[Gen 9] National Dex","log":"|j|\u2606V3RD35\n|j|\u2606KangWS\n|t:|1700322697\n|gametype|singles\n|player|p1|V3RD35|youngster-gen4dp|1495\n|player|p2|KangWS|clerkf|1531\n|teamsize|p1|6\n|teamsize|p2|6\n|gen|9\n|tier|[Gen 9] National Dex\n|rated|\n|rule|HP Percentage Mod: HP is shown in percentages\n|rule|Endless Battle Clause: Forcing endless battles is banned\n|rule|OHKO Clause: OHKO moves are banned\n|rule|Evasion Clause: Evasion abilities, items, and moves are banned\n|rule|Evasion Abilities Clause: Evasion abilities are banned\n|rule|Evasion Items Clause: Evasion items are banned\n|rule|Evasion Moves Clause: Evasion moves are banned\n|rule|Species Clause: Limit one of each Pok\u00e9mon\n|rule|Sleep Clause Mod: Limit one foe put to sleep\n|clearpoke\n|poke|p1|Landorus-Therian, M|\n|poke|p1|Ninetales-Alola, F|\n|poke|p1|Gyarados, M|\n|poke|p1|Kommo-o, M|\n|poke|p1|Volcarona, F|\n|poke|p1|Scizor, M|\n|poke|p2|Banette, M|\n|poke|p2|Hoopa-Unbound|\n|poke|p2|Iron Valiant|\n|poke|p2|Alomomola, F|\n|poke|p2|Slowking-Galar, M|\n|poke|p2|Moltres|\n|teampreview\n|inactive|Battle timer is ON: inactive players will automatically lose when time's up. (requested by V3RD35)\n|\n|t:|1700322706\n|start\n|switch|p1a: Ninetales|Ninetales-Alola, F|100\/100\n|switch|p2a: Slowking|Slowking-Galar, M, shiny|100\/100\n|-weather|Snow|[from] ability: Snow Warning|[of] p1a: Ninetales\n|turn|1\n|\n|t:|1700322714\n|move|p1a: Ninetales|Aurora Veil|p1a: Ninetales\n|-sidestart|p1: V3RD35|move: Aurora Veil\n|move|p2a: Slowking|Toxic|p1a: Ninetales\n|-status|p1a: Ninetales|tox\n|\n|-weather|Snow|[upkeep]\n|-damage|p1a: Ninetales|94\/100 tox|[from] psn\n|upkeep\n|turn|2\n|\n|t:|1700322723\n|switch|p1a: Landorus|Landorus-Therian, M|100\/100\n|-ability|p1a: Landorus|Intimidate|boost\n|-unboost|p2a: Slowking|atk|1\n|move|p2a: Slowking|Sludge Wave|p1a: Landorus\n|-resisted|p1a: Landorus\n|-damage|p1a: Landorus|89\/100\n|\n|-weather|Snow|[upkeep]\n|upkeep\n|turn|3\n|\n|t:|1700322732\n|switch|p2a: Moltres|Moltres|100\/100\n|move|p1a: Landorus|U-turn|p2a: Moltres\n|-resisted|p2a: Moltres\n|-damage|p2a: Moltres|94\/100\n|\n|t:|1700322750\n|switch|p1a: Gyarados|Gyarados, M|100\/100|[from] U-turn\n|-ability|p1a: Gyarados|Intimidate|boost\n|-unboost|p2a: Moltres|atk|1\n|\n|-weather|Snow|[upkeep]\n|upkeep\n|turn|4\n|inactive|KangWS has 120 seconds left.\n|\n|t:|1700322783\n|switch|p2a: Alomomola|Alomomola, F, shiny|100\/100\n|detailschange|p1a: Gyarados|Gyarados-Mega, M\n|-mega|p1a: Gyarados|Gyarados|Gyaradosite\n|-ability|p1a: Gyarados|Mold Breaker\n|move|p1a: Gyarados|Substitute|p1a: Gyarados\n|-start|p1a: Gyarados|Substitute\n|-damage|p1a: Gyarados|76\/100\n|\n|-weather|Snow|[upkeep]\n|upkeep\n|turn|5\n|inactive|KangWS has 120 seconds left.\n|\n|t:|1700322799\n|move|p1a: Gyarados|Dragon Dance|p1a: Gyarados\n|-boost|p1a: Gyarados|atk|1\n|-boost|p1a: Gyarados|spe|1\n|move|p2a: Alomomola|Flip Turn|p1a: Gyarados\n|-resisted|p1a: Gyarados\n|-crit|p1a: Gyarados\n|-activate|p1a: Gyarados|move: Substitute|[damage]\n|\n|t:|1700322815\n|switch|p2a: Banette|Banette, M|100\/100|[from] Flip Turn\n|-item|p1a: Gyarados|Gyaradosite|[from] ability: Frisk|[of] p2a: Banette|[identify]\n|\n|-weather|none\n|upkeep\n|turn|6\n|\n|t:|1700322824\n|detailschange|p2a: Banette|Banette-Mega, M\n|-mega|p2a: Banette|Banette|Banettite\n|move|p2a: Banette|Destiny Bond|p2a: Banette\n|-singlemove|p2a: Banette|Destiny Bond\n|move|p1a: Gyarados|Crunch|p2a: Banette\n|-supereffective|p2a: Banette\n|-damage|p2a: Banette|0 fnt\n|faint|p2a: Banette\n|-activate|p2a: Banette|move: Destiny Bond\n|faint|p1a: Gyarados\n|\n|upkeep\n|\n|t:|1700322841\n|switch|p1a: Kommo-o|Kommo-o, M|100\/100\n|switch|p2a: Moltres|Moltres|94\/100\n|turn|7\n|\n|t:|1700322853\n|move|p1a: Kommo-o|Clangorous Soul|p1a: Kommo-o\n|-boost|p1a: Kommo-o|atk|1\n|-boost|p1a: Kommo-o|def|1\n|-boost|p1a: Kommo-o|spa|1\n|-boost|p1a: Kommo-o|spd|1\n|-boost|p1a: Kommo-o|spe|1\n|-damage|p1a: Kommo-o|68\/100\n|move|p2a: Moltres|Defog|p1a: Kommo-o\n|-unboost|p1a: Kommo-o|evasion|1\n|-sideend|p1: V3RD35|move: Aurora Veil\n|\n|upkeep\n|turn|8\n|\n|t:|1700322864\n|-zpower|p1a: Kommo-o\n|move|p1a: Kommo-o|Clangorous Soulblaze|p2a: Moltres|[zeffect]\n|-damage|p2a: Moltres|31\/100\n|-boost|p1a: Kommo-o|atk|1\n|-boost|p1a: Kommo-o|def|1\n|-boost|p1a: Kommo-o|spa|1\n|-boost|p1a: Kommo-o|spd|1\n|-boost|p1a: Kommo-o|spe|1\n|move|p2a: Moltres|Defog|p1a: Kommo-o\n|-unboost|p1a: Kommo-o|evasion|1\n|\n|upkeep\n|turn|9\n|inactive|KangWS has 120 seconds left.\n|\n|t:|1700322892\n|switch|p2a: Iron Valiant|Iron Valiant, shiny|100\/100\n|-enditem|p2a: Iron Valiant|Booster Energy\n|-activate|p2a: Iron Valiant|ability: Quark Drive|[fromitem]\n|-start|p2a: Iron Valiant|quarkdrivespe\n|move|p1a: Kommo-o|Thunder Punch|p2a: Iron Valiant\n|-damage|p2a: Iron Valiant|35\/100\n|\n|upkeep\n|turn|10\n|\n|t:|1700322900\n|move|p1a: Kommo-o|Thunder Punch|p2a: Iron Valiant\n|-damage|p2a: Iron Valiant|0 fnt\n|faint|p2a: Iron Valiant\n|-end|p2a: Iron Valiant|Quark Drive|[silent]\n|\n|upkeep\n|\n|t:|1700322911\n|switch|p2a: Slowking|Slowking-Galar, M, shiny|100\/100\n|turn|11\n|\n|t:|1700322920\n|-terastallize|p2a: Slowking|Fairy\n|move|p1a: Kommo-o|Thunder Punch|p2a: Slowking\n|-damage|p2a: Slowking|68\/100\n|move|p2a: Slowking|Ice Beam|p1a: Kommo-o\n|-supereffective|p1a: Kommo-o\n|-damage|p1a: Kommo-o|38\/100\n|\n|-heal|p2a: Slowking|74\/100|[from] item: Leftovers\n|upkeep\n|turn|12\n|\n|t:|1700322931\n|move|p1a: Kommo-o|Drain Punch|p2a: Slowking\n|-resisted|p2a: Slowking\n|-damage|p2a: Slowking|48\/100\n|-heal|p1a: Kommo-o|55\/100|[from] drain|[of] p2a: Slowking\n|move|p2a: Slowking|Ice Beam|p1a: Kommo-o\n|-supereffective|p1a: Kommo-o\n|-damage|p1a: Kommo-o|28\/100\n|\n|-heal|p2a: Slowking|54\/100|[from] item: Leftovers\n|upkeep\n|turn|13\n|inactive|KangWS has 120 seconds left.\n|\n|t:|1700322941\n|move|p1a: Kommo-o|Drain Punch|p2a: Slowking\n|-resisted|p2a: Slowking\n|-damage|p2a: Slowking|31\/100\n|-heal|p1a: Kommo-o|44\/100|[from] drain|[of] p2a: Slowking\n|move|p2a: Slowking|Ice Beam|p1a: Kommo-o\n|-supereffective|p1a: Kommo-o\n|-damage|p1a: Kommo-o|13\/100\n|\n|-heal|p2a: Slowking|37\/100|[from] item: Leftovers\n|upkeep\n|turn|14\n|\n|t:|1700322952\n|switch|p2a: Alomomola|Alomomola, F, shiny|100\/100\n|move|p1a: Kommo-o|Thunder Punch|p2a: Alomomola\n|-supereffective|p2a: Alomomola\n|-crit|p2a: Alomomola\n|-damage|p2a: Alomomola|24\/100\n|-damage|p1a: Kommo-o|0 fnt|[from] item: Rocky Helmet|[of] p2a: Alomomola\n|faint|p1a: Kommo-o\n|\n|upkeep\n|\n|t:|1700322962\n|switch|p1a: Ninetales|Ninetales-Alola, F|94\/100 tox\n|-weather|Snow|[from] ability: Snow Warning|[of] p1a: Ninetales\n|turn|15\n|\n|t:|1700322969\n|move|p1a: Ninetales|Aurora Veil|p1a: Ninetales\n|-sidestart|p1: V3RD35|move: Aurora Veil\n|move|p2a: Alomomola|Wish|p2a: Alomomola\n|\n|-weather|Snow|[upkeep]\n|-damage|p1a: Ninetales|88\/100 tox|[from] psn\n|upkeep\n|turn|16\n|\n|t:|1700322976\n|switch|p1a: Scizor|Scizor, M|100\/100\n|switch|p2a: Moltres|Moltres|31\/100\n|\n|-weather|Snow|[upkeep]\n|-heal|p2a: Moltres|99\/100|[from] move: Wish|[wisher] Alomomola\n|upkeep\n|turn|17\n|\n|t:|1700322990\n|move|p2a: Moltres|Defog|p1a: Scizor\n|-unboost|p1a: Scizor|evasion|1\n|-sideend|p1: V3RD35|move: Aurora Veil\n|move|p1a: Scizor|Knock Off|p2a: Moltres\n|-damage|p2a: Moltres|54\/100\n|-enditem|p2a: Moltres|Heavy-Duty Boots|[from] move: Knock Off|[of] p1a: Scizor\n|-damage|p1a: Scizor|91\/100|[from] item: Life Orb\n|\n|-weather|Snow|[upkeep]\n|upkeep\n|turn|18\n|\n|t:|1700323009\n|switch|p1a: Volcarona|Volcarona, F|100\/100\n|move|p2a: Moltres|Mystical Fire|p1a: Volcarona\n|-damage|p1a: Volcarona|65\/100\n|-unboost|p1a: Volcarona|spa|1\n|\n|-weather|Snow|[upkeep]\n|upkeep\n|turn|19\n|\n|t:|1700323028\n|switch|p1a: Landorus|Landorus-Therian, M|89\/100\n|-ability|p1a: Landorus|Intimidate|boost\n|-unboost|p2a: Moltres|atk|1\n|move|p2a: Moltres|Air Slash|p1a: Landorus|[miss]\n|-miss|p2a: Moltres|p1a: Landorus\n|\n|-weather|none\n|upkeep\n|turn|20\n|\n|t:|1700323048\n|move|p1a: Landorus|Stealth Rock|p2a: Moltres\n|-sidestart|p2: KangWS|move: Stealth Rock\n|move|p2a: Moltres|Mystical Fire|p1a: Landorus\n|-crit|p1a: Landorus\n|-damage|p1a: Landorus|24\/100\n|-unboost|p1a: Landorus|spa|1\n|\n|upkeep\n|turn|21\n|\n|t:|1700323058\n|switch|p1a: Ninetales|Ninetales-Alola, F|88\/100 tox\n|-weather|Snow|[from] ability: Snow Warning|[of] p1a: Ninetales\n|move|p2a: Moltres|Mystical Fire|p1a: Ninetales\n|-supereffective|p1a: Ninetales\n|-damage|p1a: Ninetales|24\/100 tox\n|-unboost|p1a: Ninetales|spa|1\n|\n|-weather|Snow|[upkeep]\n|-damage|p1a: Ninetales|18\/100 tox|[from] psn\n|upkeep\n|turn|22\n|\n|t:|1700323070\n|move|p1a: Ninetales|Encore|p2a: Moltres\n|-start|p2a: Moltres|Encore\n|move|p2a: Moltres|Mystical Fire|p1a: Ninetales\n|-supereffective|p1a: Ninetales\n|-damage|p1a: Ninetales|0 fnt\n|faint|p1a: Ninetales\n|\n|-weather|Snow|[upkeep]\n|upkeep\n|-message|V3RD35 forfeited.\n|\n|win|KangWS\n|raw|V3RD35's rating: 1495 &rarr; <strong>1477<\/strong><br \/>(-18 for losing)\n|raw|KangWS's rating: 1531 &rarr; <strong>1549<\/strong><br \/>(+18 for winning)\n|l|\u2606V3RD35\n","uploadtime":1700323088,"views":6,"p1id":"v3rd35","p2id":"kangws","formatid":"gen9nationaldex","rating":1477,"private":0,"password":""}