{"id":"gen9nationaldex-1989774506","p1":"amoghxit","p2":"Ikfelk","format":"[Gen 9] National Dex","log":"|j|\u2606amoghxit\n|j|\u2606Ikfelk\n|t:|1699894624\n|gametype|singles\n|player|p1|amoghxit|veteran|1176\n|player|p2|Ikfelk|acetrainersnowf|1136\n|teamsize|p1|6\n|teamsize|p2|6\n|gen|9\n|tier|[Gen 9] National Dex\n|rated|\n|rule|HP Percentage Mod: HP is shown in percentages\n|rule|Endless Battle Clause: Forcing endless battles is banned\n|rule|OHKO Clause: OHKO moves are banned\n|rule|Evasion Clause: Evasion abilities, items, and moves are banned\n|rule|Evasion Abilities Clause: Evasion abilities are banned\n|rule|Evasion Items Clause: Evasion items are banned\n|rule|Evasion Moves Clause: Evasion moves are banned\n|rule|Species Clause: Limit one of each Pok\u00e9mon\n|rule|Sleep Clause Mod: Limit one foe put to sleep\n|clearpoke\n|poke|p1|Galvantula, F|\n|poke|p1|Roserade, M|\n|poke|p1|Ceruledge, F|\n|poke|p1|Bibarel, M|\n|poke|p1|Tapu Bulu|\n|poke|p1|Latios, M|\n|poke|p2|Porygon2|\n|poke|p2|Gyarados, F|\n|poke|p2|Polteageist-Antique|\n|poke|p2|Klefki, M|\n|poke|p2|Primarina, M|\n|poke|p2|Glaceon, F|\n|teampreview\n|inactive|Battle timer is ON: inactive players will automatically lose when time's up. (requested by amoghxit)\n|\n|t:|1699894640\n|start\n|switch|p1a: Galvantula|Galvantula, F|100\/100\n|switch|p2a: Porygon2|Porygon2|100\/100\n|-ability|p2a: Porygon2|Compound Eyes|[from] ability: Trace|[of] p1a: Galvantula\n|turn|1\n|\n|t:|1699894650\n|move|p1a: Galvantula|Sticky Web|p2a: Porygon2\n|-sidestart|p2: Ikfelk|move: Sticky Web\n|move|p2a: Porygon2|Toxic|p1a: Galvantula\n|-status|p1a: Galvantula|tox\n|\n|-damage|p1a: Galvantula|94\/100 tox|[from] psn\n|upkeep\n|turn|2\n|\n|t:|1699894665\n|move|p1a: Galvantula|Thunder|p2a: Porygon2\n|-damage|p2a: Porygon2|73\/100\n|move|p2a: Porygon2|Trick Room|p2a: Porygon2\n|-fieldstart|move: Trick Room|[of] p2a: Porygon2\n|\n|-damage|p1a: Galvantula|82\/100 tox|[from] psn\n|upkeep\n|turn|3\n|\n|t:|1699894691\n|switch|p2a: Glaceon|Glaceon, F, shiny|100\/100\n|-activate|p2a: Glaceon|move: Sticky Web\n|-unboost|p2a: Glaceon|spe|1\n|move|p1a: Galvantula|Bug Buzz|p2a: Glaceon\n|-damage|p2a: Glaceon|61\/100\n|\n|-damage|p1a: Galvantula|64\/100 tox|[from] psn\n|upkeep\n|turn|4\n|inactive|Ikfelk has 120 seconds left.\n|\n|t:|1699894707\n|move|p2a: Glaceon|Shadow Ball|p1a: Galvantula\n|-damage|p1a: Galvantula|0 fnt\n|faint|p1a: Galvantula\n|\n|upkeep\n|\n|t:|1699894720\n|switch|p1a: Ceruledge|Ceruledge, F|100\/100\n|turn|5\n|\n|t:|1699894733\n|move|p2a: Glaceon|Shadow Ball|p1a: Ceruledge\n|-supereffective|p1a: Ceruledge\n|-enditem|p1a: Ceruledge|Focus Sash\n|-damage|p1a: Ceruledge|1\/100\n|-unboost|p1a: Ceruledge|spd|1\n|move|p1a: Ceruledge|Swords Dance|p1a: Ceruledge\n|-boost|p1a: Ceruledge|atk|2\n|\n|upkeep\n|turn|6\n|\n|t:|1699894744\n|move|p1a: Ceruledge|Shadow Sneak|p2a: Glaceon\n|-damage|p2a: Glaceon|20\/100\n|move|p2a: Glaceon|Shadow Ball|p1a: Ceruledge\n|-supereffective|p1a: Ceruledge\n|-damage|p1a: Ceruledge|0 fnt\n|faint|p1a: Ceruledge\n|\n|-fieldend|move: Trick Room\n|upkeep\n|\n|t:|1699894755\n|switch|p1a: Latios|Latios, M|100\/100\n|turn|7\n|\n|t:|1699894760\n|detailschange|p1a: Latios|Latios-Mega, M\n|-mega|p1a: Latios|Latios|Latiosite\n|move|p1a: Latios|Psychic|p2a: Glaceon\n|-damage|p2a: Glaceon|0 fnt\n|faint|p2a: Glaceon\n|\n|upkeep\n|\n|t:|1699894768\n|switch|p2a: Porygon2|Porygon2|73\/100\n|-activate|p2a: Porygon2|move: Sticky Web\n|-unboost|p2a: Porygon2|spe|1\n|-ability|p2a: Porygon2|Levitate|[from] ability: Trace|[of] p1a: Latios\n|turn|8\n|\n|t:|1699894781\n|move|p1a: Latios|Aura Sphere|p2a: Porygon2\n|-supereffective|p2a: Porygon2\n|-damage|p2a: Porygon2|38\/100\n|move|p2a: Porygon2|Toxic|p1a: Latios\n|-status|p1a: Latios|tox\n|\n|-damage|p1a: Latios|95\/100 tox|[from] psn\n|upkeep\n|turn|9\n|\n|t:|1699894799\n|move|p1a: Latios|Psychic|p2a: Porygon2\n|-damage|p2a: Porygon2|6\/100\n|-unboost|p2a: Porygon2|spd|1\n|move|p2a: Porygon2|Trick Room|p2a: Porygon2\n|-fieldstart|move: Trick Room|[of] p2a: Porygon2\n|\n|-damage|p1a: Latios|83\/100 tox|[from] psn\n|upkeep\n|turn|10\n|\n|t:|1699894809\n|switch|p2a: Primarina|Primarina, M|100\/100\n|-activate|p2a: Primarina|move: Sticky Web\n|-unboost|p2a: Primarina|spe|1\n|move|p1a: Latios|Psychic|p2a: Primarina\n|-damage|p2a: Primarina|52\/100\n|\n|-damage|p1a: Latios|65\/100 tox|[from] psn\n|upkeep\n|turn|11\n|\n|t:|1699894819\n|move|p2a: Primarina|Moonblast|p1a: Latios\n|-supereffective|p1a: Latios\n|-damage|p1a: Latios|0 fnt\n|faint|p1a: Latios\n|\n|upkeep\n|\n|t:|1699894830\n|switch|p1a: Roserade|Roserade, M|100\/100\n|turn|12\n|\n|t:|1699894853\n|switch|p1a: Tapu Bulu|Tapu Bulu|100\/100\n|-fieldstart|move: Grassy Terrain|[from] ability: Grassy Surge|[of] p1a: Tapu Bulu\n|move|p2a: Primarina|Psychic|p1a: Tapu Bulu\n|-damage|p1a: Tapu Bulu|66\/100\n|\n|-heal|p2a: Primarina|58\/100|[from] Grassy Terrain\n|-heal|p1a: Tapu Bulu|72\/100|[from] Grassy Terrain\n|-heal|p1a: Tapu Bulu|78\/100|[from] item: Leftovers\n|upkeep\n|turn|13\n|\n|t:|1699894866\n|switch|p1a: I am superman|Bibarel, M|100\/100\n|-zpower|p2a: Primarina\n|move|p2a: Primarina|Oceanic Operetta|p1a: I am superman|[zeffect]\n|-resisted|p1a: I am superman\n|-damage|p1a: I am superman|11\/100\n|\n|-heal|p2a: Primarina|64\/100|[from] Grassy Terrain\n|-heal|p1a: I am superman|17\/100|[from] Grassy Terrain\n|-fieldend|move: Trick Room\n|upkeep\n|turn|14\n|inactive|amoghxit has 120 seconds left.\n|\n|t:|1699894882\n|move|p1a: I am superman|Thunder Wave|p2a: Primarina\n|-status|p2a: Primarina|par\n|move|p2a: Primarina|Energy Ball|p1a: I am superman\n|-supereffective|p1a: I am superman\n|-damage|p1a: I am superman|0 fnt\n|faint|p1a: I am superman\n|\n|-heal|p2a: Primarina|70\/100 par|[from] Grassy Terrain\n|upkeep\n|inactive|amoghxit has 120 seconds left.\n|\n|t:|1699894893\n|switch|p1a: Roserade|Roserade, M|100\/100\n|turn|15\n|inactive|amoghxit has 120 seconds left.\n|\n|t:|1699894908\n|move|p1a: Roserade|Swords Dance|p1a: Roserade\n|-boost|p1a: Roserade|atk|2\n|move|p2a: Primarina|Psychic|p1a: Roserade\n|-supereffective|p1a: Roserade\n|-damage|p1a: Roserade|21\/100\n|-unboost|p1a: Roserade|spd|1\n|\n|-heal|p1a: Roserade|27\/100|[from] Grassy Terrain\n|-heal|p2a: Primarina|76\/100 par|[from] Grassy Terrain\n|upkeep\n|turn|16\n|inactive|amoghxit has 120 seconds left.\n|\n|t:|1699894921\n|move|p1a: Roserade|Grassy Glide|p2a: Primarina\n|-supereffective|p2a: Primarina\n|-damage|p2a: Primarina|0 fnt\n|faint|p2a: Primarina\n|\n|-heal|p1a: Roserade|33\/100|[from] Grassy Terrain\n|-fieldend|move: Grassy Terrain\n|upkeep\n|\n|t:|1699894938\n|switch|p2a: ikfelk|Klefki, M|100\/100\n|-activate|p2a: ikfelk|move: Sticky Web\n|-unboost|p2a: ikfelk|spe|1\n|turn|17\n|\n|t:|1699894948\n|move|p2a: ikfelk|Reflect|p2a: ikfelk\n|-sidestart|p2: Ikfelk|Reflect\n|move|p1a: Roserade|Grassy Glide|p2a: ikfelk\n|-resisted|p2a: ikfelk\n|-damage|p2a: ikfelk|83\/100\n|\n|upkeep\n|turn|18\n|\n|t:|1699894956\n|move|p1a: Roserade|Swords Dance|p1a: Roserade\n|-boost|p1a: Roserade|atk|2\n|move|p2a: ikfelk|Draining Kiss|p1a: Roserade\n|-resisted|p1a: Roserade\n|-damage|p1a: Roserade|20\/100\n|-heal|p2a: ikfelk|91\/100|[from] drain|[of] p1a: Roserade\n|\n|upkeep\n|turn|19\n|\n|t:|1699894968\n|move|p1a: Roserade|Grassy Glide|p2a: ikfelk\n|-resisted|p2a: ikfelk\n|-damage|p2a: ikfelk|67\/100\n|move|p2a: ikfelk|Draining Kiss|p1a: Roserade\n|-resisted|p1a: Roserade\n|-damage|p1a: Roserade|6\/100\n|-heal|p2a: ikfelk|76\/100|[from] drain|[of] p1a: Roserade\n|\n|upkeep\n|turn|20\n|\n|t:|1699894980\n|move|p1a: Roserade|Grassy Glide|p2a: ikfelk\n|-resisted|p2a: ikfelk\n|-damage|p2a: ikfelk|49\/100\n|move|p2a: ikfelk|Draining Kiss|p1a: Roserade\n|-resisted|p1a: Roserade\n|-damage|p1a: Roserade|0 fnt\n|-heal|p2a: ikfelk|52\/100|[from] drain|[of] p1a: Roserade\n|faint|p1a: Roserade\n|\n|upkeep\n|\n|t:|1699894991\n|switch|p1a: Tapu Bulu|Tapu Bulu|78\/100\n|-fieldstart|move: Grassy Terrain|[from] ability: Grassy Surge|[of] p1a: Tapu Bulu\n|turn|21\n|\n|t:|1699895002\n|move|p1a: Tapu Bulu|High Horsepower|p2a: ikfelk\n|-supereffective|p2a: ikfelk\n|-damage|p2a: ikfelk|21\/100\n|move|p2a: ikfelk|Draining Kiss|p1a: Tapu Bulu\n|-damage|p1a: Tapu Bulu|64\/100\n|-heal|p2a: ikfelk|32\/100|[from] drain|[of] p1a: Tapu Bulu\n|\n|-heal|p1a: Tapu Bulu|71\/100|[from] Grassy Terrain\n|-heal|p1a: Tapu Bulu|77\/100|[from] item: Leftovers\n|-heal|p2a: ikfelk|38\/100|[from] Grassy Terrain\n|upkeep\n|turn|22\n|\n|t:|1699895019\n|switch|p2a: Gyarados|Gyarados, F, shiny|100\/100\n|move|p1a: Tapu Bulu|High Horsepower|p2a: Gyarados\n|-immune|p2a: Gyarados\n|\n|-heal|p1a: Tapu Bulu|83\/100|[from] Grassy Terrain\n|-heal|p1a: Tapu Bulu|89\/100|[from] item: Leftovers\n|upkeep\n|turn|23\n|inactive|amoghxit has 120 seconds left.\n|\n|t:|1699895035\n|move|p2a: Gyarados|Bounce||[still]\n|-prepare|p2a: Gyarados|Bounce\n|move|p1a: Tapu Bulu|Horn Leech|p2a: Gyarados|[miss]\n|-miss|p1a: Tapu Bulu|p2a: Gyarados\n|\n|-heal|p1a: Tapu Bulu|95\/100|[from] Grassy Terrain\n|-heal|p1a: Tapu Bulu|100\/100|[from] item: Leftovers\n|upkeep\n|turn|24\n|inactive|amoghxit has 120 seconds left.\n|\n|t:|1699895048\n|move|p2a: Gyarados|Bounce|p1a: Tapu Bulu|[from]lockedmove\n|-supereffective|p1a: Tapu Bulu\n|-damage|p1a: Tapu Bulu|24\/100\n|-status|p1a: Tapu Bulu|par\n|move|p1a: Tapu Bulu|Horn Leech|p2a: Gyarados\n|-damage|p2a: Gyarados|65\/100\n|-heal|p1a: Tapu Bulu|41\/100 par|[from] drain|[of] p2a: Gyarados\n|\n|-heal|p1a: Tapu Bulu|47\/100 par|[from] Grassy Terrain\n|-heal|p1a: Tapu Bulu|53\/100 par|[from] item: Leftovers\n|-sideend|p2: Ikfelk|Reflect\n|upkeep\n|turn|25\n|inactive|amoghxit has 120 seconds left.\n|\n|t:|1699895064\n|move|p2a: Gyarados|Bounce||[still]\n|-prepare|p2a: Gyarados|Bounce\n|move|p1a: Tapu Bulu|Horn Leech|p2a: Gyarados|[miss]\n|-miss|p1a: Tapu Bulu|p2a: Gyarados\n|\n|-heal|p1a: Tapu Bulu|59\/100 par|[from] Grassy Terrain\n|-heal|p1a: Tapu Bulu|65\/100 par|[from] item: Leftovers\n|-fieldend|move: Grassy Terrain\n|upkeep\n|turn|26\n|inactive|amoghxit has 120 seconds left.\n|\n|t:|1699895075\n|move|p2a: Gyarados|Bounce|p1a: Tapu Bulu|[from]lockedmove|[miss]\n|-miss|p2a: Gyarados|p1a: Tapu Bulu\n|move|p1a: Tapu Bulu|Horn Leech|p2a: Gyarados\n|-damage|p2a: Gyarados|10\/100\n|-heal|p1a: Tapu Bulu|92\/100 par|[from] drain|[of] p2a: Gyarados\n|\n|-heal|p1a: Tapu Bulu|98\/100 par|[from] item: Leftovers\n|upkeep\n|turn|27\n|inactive|amoghxit has 120 seconds left.\n|\n|t:|1699895089\n|move|p2a: Gyarados|Bounce||[still]\n|-prepare|p2a: Gyarados|Bounce\n|move|p1a: Tapu Bulu|Megahorn|p2a: Gyarados|[miss]\n|-miss|p1a: Tapu Bulu|p2a: Gyarados\n|\n|-heal|p1a: Tapu Bulu|100\/100 par|[from] item: Leftovers\n|upkeep\n|turn|28\n|inactive|amoghxit has 120 seconds left.\n|\n|t:|1699895098\n|move|p2a: Gyarados|Bounce|p1a: Tapu Bulu|[from]lockedmove\n|-supereffective|p1a: Tapu Bulu\n|-damage|p1a: Tapu Bulu|21\/100 par\n|move|p1a: Tapu Bulu|Horn Leech|p2a: Gyarados\n|-damage|p2a: Gyarados|0 fnt\n|-heal|p1a: Tapu Bulu|26\/100 par|[from] drain|[of] p2a: Gyarados\n|faint|p2a: Gyarados\n|\n|-heal|p1a: Tapu Bulu|32\/100 par|[from] item: Leftovers\n|upkeep\n|\n|t:|1699895109\n|switch|p2a: Polteageist|Polteageist-Antique|100\/100\n|-activate|p2a: Polteageist|move: Sticky Web\n|-unboost|p2a: Polteageist|spe|1\n|turn|29\n|\n|t:|1699895121\n|move|p2a: Polteageist|Shell Smash|p2a: Polteageist\n|-unboost|p2a: Polteageist|def|1\n|-unboost|p2a: Polteageist|spd|1\n|-boost|p2a: Polteageist|atk|2\n|-boost|p2a: Polteageist|spa|2\n|-boost|p2a: Polteageist|spe|2\n|move|p1a: Tapu Bulu|Megahorn|p2a: Polteageist\n|-resisted|p2a: Polteageist\n|-damage|p2a: Polteageist|37\/100\n|-ability|p2a: Polteageist|Weak Armor|boost\n|-unboost|p2a: Polteageist|def|1\n|-boost|p2a: Polteageist|spe|2\n|\n|-heal|p1a: Tapu Bulu|38\/100 par|[from] item: Leftovers\n|upkeep\n|turn|30\n|inactive|amoghxit has 120 seconds left.\n|\n|t:|1699895137\n|move|p2a: Polteageist|Stored Power|p1a: Tapu Bulu\n|-damage|p1a: Tapu Bulu|0 fnt\n|faint|p1a: Tapu Bulu\n|\n|win|Ikfelk\n|raw|amoghxit's rating: 1176 &rarr; <strong>1148<\/strong><br \/>(-28 for losing)\n|raw|Ikfelk's rating: 1136 &rarr; <strong>1164<\/strong><br \/>(+28 for winning)\n","uploadtime":1699895142,"views":4,"p1id":"amoghxit","p2id":"ikfelk","formatid":"gen9nationaldex","rating":1148,"private":0,"password":""}