{"id":"gen9nationaldex-1993531779","p1":"fsd4fw","p2":"pultedheist","format":"[Gen 9] National Dex","log":"|j|\u2606fsd4fw\n|j|\u2606pultedheist\n|t:|1700328718\n|gametype|singles\n|player|p1|fsd4fw|cyclistf-gen4|1253\n|player|p2|pultedheist|youngcouple-gen4dp|1205\n|teamsize|p1|6\n|teamsize|p2|6\n|gen|9\n|tier|[Gen 9] National Dex\n|rated|\n|rule|HP Percentage Mod: HP is shown in percentages\n|rule|Endless Battle Clause: Forcing endless battles is banned\n|rule|OHKO Clause: OHKO moves are banned\n|rule|Evasion Clause: Evasion abilities, items, and moves are banned\n|rule|Evasion Abilities Clause: Evasion abilities are banned\n|rule|Evasion Items Clause: Evasion items are banned\n|rule|Evasion Moves Clause: Evasion moves are banned\n|rule|Species Clause: Limit one of each Pok\u00e9mon\n|rule|Sleep Clause Mod: Limit one foe put to sleep\n|clearpoke\n|poke|p1|Toxapex, M|\n|poke|p1|Dondozo, F|\n|poke|p1|Gliscor, F|\n|poke|p1|Blissey, F|\n|poke|p1|Corviknight, M|\n|poke|p1|Tyranitar, M|\n|poke|p2|Blacephalon|\n|poke|p2|Gliscor, F|\n|poke|p2|Lilligant-Hisui, F|\n|poke|p2|Toxapex, F|\n|poke|p2|Diancie|\n|poke|p2|Tapu Lele|\n|teampreview\n|inactive|Battle timer is ON: inactive players will automatically lose when time's up. (requested by pultedheist)\n|inactive|fsd4fw also wants the timer to be on.\n|j| Repeater211\n|inactive|pultedheist has 120 seconds left.\n|j| Delphox23102008\n|\n|t:|1700328758\n|start\n|switch|p1a: Tyranitar|Tyranitar, M|100\/100\n|switch|p2a: Diancie|Diancie|100\/100\n|-weather|Sandstorm|[from] ability: Sand Stream|[of] p1a: Tyranitar\n|turn|1\n|\n|t:|1700328782\n|detailschange|p2a: Diancie|Diancie-Mega\n|-mega|p2a: Diancie|Diancie|Diancite\n|detailschange|p1a: Tyranitar|Tyranitar-Mega, M\n|-mega|p1a: Tyranitar|Tyranitar|Tyranitarite\n|move|p2a: Diancie|Stealth Rock|p1a: Tyranitar\n|-sidestart|p1: fsd4fw|move: Stealth Rock\n|move|p1a: Tyranitar|Ice Punch|p2a: Diancie\n|-damage|p2a: Diancie|62\/100\n|\n|-weather|Sandstorm|[upkeep]\n|upkeep\n|turn|2\n|\n|t:|1700328789\n|switch|p1a: Gliscor|Gliscor, F|100\/100\n|-damage|p1a: Gliscor|88\/100|[from] Stealth Rock\n|move|p2a: Diancie|Moonblast|p1a: Gliscor\n|-damage|p1a: Gliscor|18\/100\n|\n|-weather|Sandstorm|[upkeep]\n|-status|p1a: Gliscor|tox|[from] item: Toxic Orb\n|upkeep\n|turn|3\n|\n|t:|1700328795\n|switch|p1a: Toxapex|Toxapex, M|100\/100\n|move|p2a: Diancie|Moonblast|p1a: Toxapex\n|-resisted|p1a: Toxapex\n|-damage|p1a: Toxapex|79\/100\n|\n|-weather|Sandstorm|[upkeep]\n|-damage|p1a: Toxapex|73\/100|[from] Sandstorm\n|upkeep\n|turn|4\n|\n|t:|1700328810\n|move|p2a: Diancie|Earth Power|p1a: Toxapex\n|-supereffective|p1a: Toxapex\n|-damage|p1a: Toxapex|19\/100\n|move|p1a: Toxapex|Knock Off|p2a: Diancie\n|-resisted|p2a: Diancie\n|-damage|p2a: Diancie|56\/100\n|\n|-weather|Sandstorm|[upkeep]\n|-damage|p1a: Toxapex|13\/100|[from] Sandstorm\n|upkeep\n|turn|5\n|\n|t:|1700328815\n|switch|p1a: Corviknight|Corviknight, M|100\/100\n|-damage|p1a: Corviknight|88\/100|[from] Stealth Rock\n|-ability|p1a: Corviknight|Pressure\n|move|p2a: Diancie|Moonblast|p1a: Corviknight\n|-resisted|p1a: Corviknight\n|-damage|p1a: Corviknight|68\/100\n|\n|-weather|none\n|-heal|p1a: Corviknight|74\/100|[from] item: Leftovers\n|upkeep\n|turn|6\n|\n|t:|1700328821\n|switch|p2a: Blacephalon|Blacephalon|100\/100\n|move|p1a: Corviknight|Iron Head|p2a: Blacephalon\n|-resisted|p2a: Blacephalon\n|-damage|p2a: Blacephalon|73\/100\n|\n|-heal|p1a: Corviknight|80\/100|[from] item: Leftovers\n|upkeep\n|turn|7\n|\n|t:|1700328830\n|switch|p2a: Lilligant|Lilligant-Hisui, F|100\/100\n|switch|p1a: Tyranitar|Tyranitar-Mega, M|100\/100\n|-damage|p1a: Tyranitar|88\/100|[from] Stealth Rock\n|-weather|Sandstorm|[from] ability: Sand Stream|[of] p1a: Tyranitar\n|\n|-weather|Sandstorm|[upkeep]\n|-damage|p2a: Lilligant|94\/100|[from] Sandstorm\n|upkeep\n|turn|8\n|\n|t:|1700328838\n|switch|p1a: Toxapex|Toxapex, M|47\/100\n|move|p2a: Lilligant|Close Combat|p1a: Toxapex\n|-resisted|p1a: Toxapex\n|-damage|p1a: Toxapex|20\/100\n|-unboost|p2a: Lilligant|def|1\n|-unboost|p2a: Lilligant|spd|1\n|\n|-weather|Sandstorm|[upkeep]\n|-damage|p2a: Lilligant|88\/100|[from] Sandstorm\n|-damage|p1a: Toxapex|14\/100|[from] Sandstorm\n|upkeep\n|turn|9\n|\n|t:|1700328845\n|switch|p1a: Corviknight|Corviknight, M|80\/100\n|-damage|p1a: Corviknight|68\/100|[from] Stealth Rock\n|-ability|p1a: Corviknight|Pressure\n|move|p2a: Lilligant|Close Combat|p1a: Corviknight\n|-damage|p1a: Corviknight|1\/100\n|-unboost|p2a: Lilligant|def|1\n|-unboost|p2a: Lilligant|spd|1\n|\n|-weather|Sandstorm|[upkeep]\n|-damage|p2a: Lilligant|82\/100|[from] Sandstorm\n|-heal|p1a: Corviknight|7\/100|[from] item: Leftovers\n|upkeep\n|turn|10\n|-message|fsd4fw forfeited.\n|\n|win|pultedheist\n|raw|fsd4fw's rating: 1253 &rarr; <strong>1225<\/strong><br \/>(-28 for losing)\n|raw|pultedheist's rating: 1205 &rarr; <strong>1233<\/strong><br \/>(+28 for winning)\n|l|\u2606fsd4fw\n|l| Repeater211\n|j| Repeater211\n|l| Repeater211\n|n| Delphox23102008@!|delphox23102008\n|n| Delphox23102008|delphox23102008\n","uploadtime":1700328885,"views":19,"p1id":"fsd4fw","p2id":"pultedheist","formatid":"gen9nationaldex","rating":1225,"private":0,"password":""}