{"id":"gen9nationaldex-1999797931","p1":"Marcesgo","p2":"Nei-tortilla","format":"[Gen 9] National Dex","log":"|html|<div class=\"broadcast-blue\"><strong>[Gen 9] National Dex is currently suspecting Sneasler! For information on how to participate check out the <a href=\"https:\/\/www.smogon.com\/forums\/threads\/sv-national-dex-suspect-8-just-dance.3731534\/\">suspect thread<\/a>.<\/strong><\/div>\n|j|\u2606Marcesgo\n|j|\u2606Nei-tortilla\n|t:|1701117641\n|gametype|singles\n|player|p1|Marcesgo|sailor|\n|player|p2|Nei-tortilla|riley|\n|teamsize|p1|6\n|teamsize|p2|6\n|gen|9\n|tier|[Gen 9] National Dex\n|rule|HP Percentage Mod: HP is shown in percentages\n|rule|Endless Battle Clause: Forcing endless battles is banned\n|rule|OHKO Clause: OHKO moves are banned\n|rule|Evasion Clause: Evasion abilities, items, and moves are banned\n|rule|Evasion Abilities Clause: Evasion abilities are banned\n|rule|Evasion Items Clause: Evasion items are banned\n|rule|Evasion Moves Clause: Evasion moves are banned\n|rule|Species Clause: Limit one of each Pok\u00e9mon\n|rule|Sleep Clause Mod: Limit one foe put to sleep\n|clearpoke\n|poke|p1|Landorus-Therian, M|\n|poke|p1|Volcarona, F|\n|poke|p1|Bisharp, M|\n|poke|p1|Mienshao, M|\n|poke|p1|Gothitelle, F|\n|poke|p1|Ferrothorn, M|\n|poke|p2|Galvantula, M|\n|poke|p2|Darmanitan, M|\n|poke|p2|Serperior, F|\n|poke|p2|Jellicent, M|\n|poke|p2|Bisharp, F|\n|poke|p2|Landorus-Therian, M|\n|teampreview\n|j| Neitor el 08\n|c| Neitor el 08|marcesgo yo confio esque derrotes a mi hermano\n|c|\u2606Marcesgo|Suerte!\n|c| Neitor el 08|pero no hagsa que pierda mi compadre\n|c| Neitor el 08|mi hermano te dice suerte\n|\n|t:|1701117698\n|start\n|switch|p1a: Volcarona|Volcarona, F|100\/100\n|switch|p2a: Landorus|Landorus-Therian, M|100\/100\n|-ability|p2a: Landorus|Intimidate|boost\n|-unboost|p1a: Volcarona|atk|1\n|turn|1\n|\n|t:|1701117717\n|switch|p1a: Landorus|Landorus-Therian, M|100\/100\n|-ability|p1a: Landorus|Intimidate|boost\n|-unboost|p2a: Landorus|atk|1\n|move|p2a: Landorus|Stone Edge|p1a: Landorus|[miss]\n|-miss|p2a: Landorus|p1a: Landorus\n|\n|upkeep\n|turn|2\n|j| chema778\n|c| Neitor el 08|asi si\n|\n|t:|1701117738\n|move|p2a: Landorus|Stealth Rock|p1a: Landorus\n|-sidestart|p1: Marcesgo|move: Stealth Rock\n|move|p1a: Landorus|Toxic|p2a: Landorus\n|-status|p2a: Landorus|tox\n|\n|-damage|p2a: Landorus|95\/100 tox|[from] psn\n|upkeep\n|turn|3\n|c| chema778|suetre\n|\n|t:|1701117748\n|switch|p2a: Galvantula|Galvantula, M, shiny|100\/100\n|move|p1a: Landorus|Stealth Rock|p2a: Galvantula\n|-sidestart|p2: Nei-tortilla|move: Stealth Rock\n|\n|upkeep\n|turn|4\n|\n|t:|1701117768\n|move|p2a: Galvantula|Sticky Web|p1a: Landorus\n|-sidestart|p1: Marcesgo|move: Sticky Web\n|move|p1a: Landorus|Earthquake|p2a: Galvantula\n|-damage|p2a: Galvantula|10\/100\n|\n|upkeep\n|turn|5\n|\n|t:|1701117779\n|move|p2a: Galvantula|Bug Buzz|p1a: Landorus\n|-resisted|p1a: Landorus\n|-crit|p1a: Landorus\n|-damage|p1a: Landorus|70\/100\n|move|p1a: Landorus|U-turn|p2a: Galvantula\n|-damage|p2a: Galvantula|0 fnt\n|faint|p2a: Galvantula\n|\n|t:|1701117803\n|switch|p1a: Bisharp|Bisharp, M|100\/100|[from] U-turn\n|-damage|p1a: Bisharp|95\/100|[from] Stealth Rock\n|-activate|p1a: Bisharp|move: Sticky Web\n|-unboost|p1a: Bisharp|spe|1\n|-ability|p1a: Bisharp|Defiant|boost\n|-boost|p1a: Bisharp|atk|2\n|\n|upkeep\n|\n|t:|1701117819\n|switch|p2a: Serperior|Serperior, F|100\/100\n|-damage|p2a: Serperior|88\/100|[from] Stealth Rock\n|turn|6\n|\n|t:|1701117835\n|move|p2a: Serperior|Glare|p1a: Bisharp\n|-status|p1a: Bisharp|par\n|cant|p1a: Bisharp|par\n|\n|upkeep\n|turn|7\n|\n|t:|1701117843\n|move|p2a: Serperior|Substitute|p2a: Serperior\n|-start|p2a: Serperior|Substitute\n|-damage|p2a: Serperior|63\/100\n|move|p1a: Bisharp|Night Slash|p2a: Serperior\n|-end|p2a: Serperior|Substitute\n|\n|upkeep\n|turn|8\n|\n|t:|1701117857\n|move|p2a: Serperior|Substitute|p2a: Serperior\n|-start|p2a: Serperior|Substitute\n|-damage|p2a: Serperior|39\/100\n|move|p1a: Bisharp|Night Slash|p2a: Serperior\n|-end|p2a: Serperior|Substitute\n|\n|upkeep\n|turn|9\n|\n|t:|1701117864\n|move|p2a: Serperior|Leaf Storm|p1a: Bisharp\n|-resisted|p1a: Bisharp\n|-damage|p1a: Bisharp|67\/100 par\n|-boost|p2a: Serperior|spa|2\n|move|p1a: Bisharp|Night Slash|p2a: Serperior\n|-damage|p2a: Serperior|0 fnt\n|faint|p2a: Serperior\n|\n|upkeep\n|\n|t:|1701117876\n|switch|p2a: Bisharp|Bisharp, F|100\/100\n|-damage|p2a: Bisharp|95\/100|[from] Stealth Rock\n|turn|10\n|\n|t:|1701117894\n|switch|p1a: Ferrothorn|Ferrothorn, M|100\/100\n|-damage|p1a: Ferrothorn|94\/100|[from] Stealth Rock\n|-activate|p1a: Ferrothorn|move: Sticky Web\n|-unboost|p1a: Ferrothorn|spe|1\n|move|p2a: Bisharp|Swords Dance|p2a: Bisharp\n|-boost|p2a: Bisharp|atk|2\n|\n|-heal|p1a: Ferrothorn|100\/100|[from] item: Leftovers\n|upkeep\n|turn|11\n|\n|t:|1701117905\n|move|p2a: Bisharp|Knock Off|p1a: Ferrothorn\n|-damage|p1a: Ferrothorn|12\/100\n|-damage|p2a: Bisharp|82\/100|[from] ability: Iron Barbs|[of] p1a: Ferrothorn\n|-enditem|p1a: Ferrothorn|Leftovers|[from] move: Knock Off|[of] p2a: Bisharp\n|move|p1a: Ferrothorn|Leech Seed|p2a: Bisharp\n|-start|p2a: Bisharp|move: Leech Seed\n|\n|-damage|p2a: Bisharp|70\/100|[from] Leech Seed|[of] p1a: Ferrothorn\n|-heal|p1a: Ferrothorn|21\/100|[silent]\n|upkeep\n|turn|12\n|\n|t:|1701117923\n|move|p2a: Bisharp|Knock Off|p1a: Ferrothorn\n|-damage|p1a: Ferrothorn|0 fnt\n|-damage|p2a: Bisharp|58\/100|[from] ability: Iron Barbs|[of] p1a: Ferrothorn\n|faint|p1a: Ferrothorn\n|\n|upkeep\n|\n|t:|1701117936\n|switch|p1a: Mienshao|Mienshao, M|100\/100\n|-damage|p1a: Mienshao|95\/100|[from] Stealth Rock\n|-activate|p1a: Mienshao|move: Sticky Web\n|-unboost|p1a: Mienshao|spe|1\n|turn|13\n|\n|t:|1701117948\n|switch|p2a: Jellicent|Jellicent, M|100\/100\n|-damage|p2a: Jellicent|88\/100|[from] Stealth Rock\n|move|p1a: Mienshao|Close Combat|p2a: Jellicent\n|-immune|p2a: Jellicent\n|\n|-heal|p2a: Jellicent|94\/100|[from] item: Leftovers\n|upkeep\n|turn|14\n|\n|t:|1701117963\n|switch|p1a: Bisharp|Bisharp, M|67\/100 par\n|-damage|p1a: Bisharp|61\/100 par|[from] Stealth Rock\n|-activate|p1a: Bisharp|move: Sticky Web\n|-unboost|p1a: Bisharp|spe|1\n|-ability|p1a: Bisharp|Defiant|boost\n|-boost|p1a: Bisharp|atk|2\n|move|p2a: Jellicent|Taunt|p1a: Bisharp\n|-start|p1a: Bisharp|move: Taunt\n|\n|-heal|p2a: Jellicent|100\/100|[from] item: Leftovers\n|upkeep\n|turn|15\n|\n|t:|1701117989\n|switch|p2a: Darmanitan|Darmanitan, M|100\/100\n|-damage|p2a: Darmanitan|76\/100|[from] Stealth Rock\n|move|p1a: Bisharp|Night Slash|p2a: Darmanitan\n|-damage|p2a: Darmanitan|0 fnt\n|faint|p2a: Darmanitan\n|\n|upkeep\n|\n|t:|1701117997\n|switch|p2a: Bisharp|Bisharp, F|58\/100\n|-damage|p2a: Bisharp|52\/100|[from] Stealth Rock\n|turn|16\n|\n|t:|1701118016\n|move|p2a: Bisharp|Swords Dance|p2a: Bisharp\n|-boost|p2a: Bisharp|atk|2\n|move|p1a: Bisharp|Night Slash|p2a: Bisharp\n|-resisted|p2a: Bisharp\n|-damage|p2a: Bisharp|0 fnt\n|faint|p2a: Bisharp\n|\n|-end|p1a: Bisharp|move: Taunt\n|upkeep\n|\n|t:|1701118027\n|switch|p2a: Landorus|Landorus-Therian, M|95\/100 tox\n|-damage|p2a: Landorus|82\/100 tox|[from] Stealth Rock\n|-ability|p2a: Landorus|Intimidate|boost\n|-unboost|p1a: Bisharp|atk|1\n|-ability|p1a: Bisharp|Defiant|boost\n|-boost|p1a: Bisharp|atk|2\n|turn|17\n|\n|t:|1701118038\n|switch|p1a: Landorus|Landorus-Therian, M|70\/100\n|-damage|p1a: Landorus|58\/100|[from] Stealth Rock\n|-ability|p1a: Landorus|Intimidate|boost\n|-unboost|p2a: Landorus|atk|1\n|move|p2a: Landorus|Bulk Up|p2a: Landorus\n|-boost|p2a: Landorus|atk|1\n|-boost|p2a: Landorus|def|1\n|\n|-damage|p2a: Landorus|76\/100 tox|[from] psn\n|upkeep\n|turn|18\n|\n|t:|1701118065\n|move|p2a: Landorus|Stone Edge|p1a: Landorus\n|-damage|p1a: Landorus|32\/100\n|move|p1a: Landorus|U-turn|p2a: Landorus\n|-resisted|p2a: Landorus\n|-damage|p2a: Landorus|69\/100 tox\n|\n|t:|1701118082\n|switch|p1a: Gothitelle|Gothitelle, F|100\/100|[from] U-turn\n|-damage|p1a: Gothitelle|88\/100|[from] Stealth Rock\n|-activate|p1a: Gothitelle|move: Sticky Web\n|-unboost|p1a: Gothitelle|spe|1\n|-item|p2a: Landorus|Sitrus Berry|[from] ability: Frisk|[of] p1a: Gothitelle|[identify]\n|\n|-damage|p2a: Landorus|58\/100 tox|[from] psn\n|upkeep\n|turn|19\n|\n|t:|1701118094\n|move|p2a: Landorus|Earthquake|p1a: Gothitelle\n|-damage|p1a: Gothitelle|31\/100\n|-enditem|p1a: Gothitelle|Sitrus Berry|[eat]\n|-heal|p1a: Gothitelle|56\/100|[from] item: Sitrus Berry\n|move|p1a: Gothitelle|Reflect|p1a: Gothitelle\n|-sidestart|p1: Marcesgo|Reflect\n|\n|-damage|p2a: Landorus|40\/100 tox|[from] psn\n|upkeep\n|-enditem|p2a: Landorus|Sitrus Berry|[eat]\n|-heal|p2a: Landorus|64\/100 tox|[from] item: Sitrus Berry\n|turn|20\n|\n|t:|1701118107\n|move|p2a: Landorus|Earthquake|p1a: Gothitelle\n|-damage|p1a: Gothitelle|29\/100\n|move|p1a: Gothitelle|Psychic|p2a: Landorus\n|-damage|p2a: Landorus|24\/100 tox\n|\n|-damage|p2a: Landorus|0 fnt|[from] psn\n|faint|p2a: Landorus\n|upkeep\n|\n|t:|1701118115\n|switch|p2a: Jellicent|Jellicent, M|100\/100\n|-damage|p2a: Jellicent|88\/100|[from] Stealth Rock\n|turn|21\n|\n|t:|1701118121\n|move|p2a: Jellicent|Scald|p1a: Gothitelle\n|-damage|p1a: Gothitelle|13\/100\n|move|p1a: Gothitelle|Light Screen|p1a: Gothitelle\n|-sidestart|p1: Marcesgo|move: Light Screen\n|\n|-heal|p2a: Jellicent|94\/100|[from] item: Leftovers\n|upkeep\n|turn|22\n|\n|t:|1701118132\n|move|p2a: Jellicent|Scald|p1a: Gothitelle\n|-damage|p1a: Gothitelle|6\/100\n|move|p1a: Gothitelle|Toxic|p2a: Jellicent\n|-status|p2a: Jellicent|tox\n|\n|-heal|p2a: Jellicent|100\/100 tox|[from] item: Leftovers\n|-damage|p2a: Jellicent|94\/100 tox|[from] psn\n|upkeep\n|turn|23\n|\n|t:|1701118146\n|move|p2a: Jellicent|Scald|p1a: Gothitelle\n|-damage|p1a: Gothitelle|0 fnt\n|faint|p1a: Gothitelle\n|\n|-heal|p2a: Jellicent|100\/100 tox|[from] item: Leftovers\n|-damage|p2a: Jellicent|88\/100 tox|[from] psn\n|-sideend|p1: Marcesgo|Reflect\n|upkeep\n|\n|t:|1701118157\n|switch|p1a: Bisharp|Bisharp, M|61\/100 par\n|-damage|p1a: Bisharp|55\/100 par|[from] Stealth Rock\n|-activate|p1a: Bisharp|move: Sticky Web\n|-unboost|p1a: Bisharp|spe|1\n|-ability|p1a: Bisharp|Defiant|boost\n|-boost|p1a: Bisharp|atk|2\n|turn|24\n|\n|t:|1701118165\n|move|p2a: Jellicent|Recover|p2a: Jellicent\n|-heal|p2a: Jellicent|100\/100 tox\n|move|p1a: Bisharp|Night Slash|p2a: Jellicent\n|-supereffective|p2a: Jellicent\n|-damage|p2a: Jellicent|0 fnt\n|faint|p2a: Jellicent\n|\n|win|Marcesgo\n|c| chema778|gg\n|l|\u2606Nei-tortilla\n|c|\u2606Marcesgo|Gg\n","uploadtime":1701118186,"views":2,"p1id":"marcesgo","p2id":"neitortilla","formatid":"gen9nationaldex","rating":0,"private":0,"password":""}