{"id":"gen9nationaldex-1993828505","p1":"Twind_gg","p2":"saikxs","format":"[Gen 9] National Dex","log":"|j|\u2606Twind_gg\n|j|\u2606saikxs\n|t:|1700362333\n|gametype|singles\n|player|p1|Twind_gg|falkner|1092\n|player|p2|saikxs|waiter-gen4dp|1078\n|teamsize|p1|6\n|teamsize|p2|6\n|gen|9\n|tier|[Gen 9] National Dex\n|rated|\n|rule|HP Percentage Mod: HP is shown in percentages\n|rule|Endless Battle Clause: Forcing endless battles is banned\n|rule|OHKO Clause: OHKO moves are banned\n|rule|Evasion Clause: Evasion abilities, items, and moves are banned\n|rule|Evasion Abilities Clause: Evasion abilities are banned\n|rule|Evasion Items Clause: Evasion items are banned\n|rule|Evasion Moves Clause: Evasion moves are banned\n|rule|Species Clause: Limit one of each Pok\u00e9mon\n|rule|Sleep Clause Mod: Limit one foe put to sleep\n|clearpoke\n|poke|p1|Gallade, M|\n|poke|p1|Aegislash, M|\n|poke|p1|Volcarona, F|\n|poke|p1|Greninja-*, M|\n|poke|p1|Ninetales-Alola, M|\n|poke|p1|Clodsire, M|\n|poke|p2|Tapu Koko|\n|poke|p2|Hawlucha, M|\n|poke|p2|Toxapex, F|\n|poke|p2|Sableye, M|\n|poke|p2|Bisharp, F|\n|poke|p2|Incineroar, F|\n|teampreview\n|\n|t:|1700362352\n|start\n|switch|p1a: Clodsire|Clodsire, M|100\/100\n|switch|p2a: Tapu Koko|Tapu Koko|100\/100\n|-fieldstart|move: Electric Terrain|[from] ability: Electric Surge|[of] p2a: Tapu Koko\n|turn|1\n|c|\u2606saikxs|nice joke pokemon bro\n|c|\u2606saikxs|im so sorry i gotta kill you clodsire\n|inactive|Battle timer is ON: inactive players will automatically lose when time's up. (requested by saikxs)\n|c|\u2606Twind_gg|:(\n|\n|t:|1700362401\n|move|p2a: Tapu Koko|Thunderbolt|p1a: Clodsire\n|-immune|p1a: Clodsire\n|move|p1a: Clodsire|Toxic Spikes|p2a: Tapu Koko\n|-sidestart|p2: saikxs|move: Toxic Spikes\n|\n|upkeep\n|turn|2\n|c|\u2606saikxs|:(\n|c|\u2606saikxs|poor clodsire\n|\n|t:|1700362413\n|switch|p2a: Hawlucha|Hawlucha, M|100\/100\n|-enditem|p2a: Hawlucha|Electric Seed\n|-boost|p2a: Hawlucha|def|1|[from] item: Electric Seed\n|move|p1a: Clodsire|Toxic Spikes|p2a: Hawlucha\n|-sidestart|p2: saikxs|move: Toxic Spikes\n|\n|upkeep\n|turn|3\n|\n|t:|1700362427\n|move|p2a: Hawlucha|Swords Dance|p2a: Hawlucha\n|-boost|p2a: Hawlucha|atk|2\n|move|p1a: Clodsire|Spikes|p2a: Hawlucha\n|-sidestart|p2: saikxs|Spikes\n|\n|upkeep\n|turn|4\n|c|\u2606Twind_gg|setting up\n|c|\u2606Twind_gg|dam\n|\n|t:|1700362445\n|move|p2a: Hawlucha|Acrobatics|p1a: Clodsire\n|-damage|p1a: Clodsire|0 fnt\n|faint|p1a: Clodsire\n|\n|upkeep\n|c|\u2606saikxs|sowry\n|\n|t:|1700362460\n|switch|p1a: Aegislash|Aegislash, M, shiny|100\/100\n|turn|5\n|\n|t:|1700362471\n|move|p2a: Hawlucha|Acrobatics|p1a: Aegislash\n|-resisted|p1a: Aegislash\n|-damage|p1a: Aegislash|63\/100\n|-formechange|p1a: Aegislash|Aegislash-Blade||[from] ability: Stance Change\n|move|p1a: Aegislash|Iron Head|p2a: Hawlucha\n|-damage|p2a: Hawlucha|57\/100\n|\n|-fieldend|move: Electric Terrain\n|upkeep\n|turn|6\n|\n|t:|1700362486\n|-formechange|p1a: Aegislash|Aegislash||[from] ability: Stance Change\n|move|p1a: Aegislash|King's Shield|p1a: Aegislash\n|-singleturn|p1a: Aegislash|Protect\n|move|p2a: Hawlucha|Acrobatics|p1a: Aegislash\n|-activate|p1a: Aegislash|move: Protect\n|-unboost|p2a: Hawlucha|atk|1\n|\n|upkeep\n|turn|7\n|\n|t:|1700362495\n|move|p2a: Hawlucha|Acrobatics|p1a: Aegislash\n|-resisted|p1a: Aegislash\n|-damage|p1a: Aegislash|34\/100\n|-formechange|p1a: Aegislash|Aegislash-Blade||[from] ability: Stance Change\n|move|p1a: Aegislash|Iron Head|p2a: Hawlucha\n|-damage|p2a: Hawlucha|13\/100\n|\n|upkeep\n|turn|8\n|\n|t:|1700362505\n|-formechange|p1a: Aegislash|Aegislash||[from] ability: Stance Change\n|move|p1a: Aegislash|King's Shield|p1a: Aegislash\n|-singleturn|p1a: Aegislash|Protect\n|move|p2a: Hawlucha|Acrobatics|p1a: Aegislash\n|-activate|p1a: Aegislash|move: Protect\n|-unboost|p2a: Hawlucha|atk|1\n|\n|upkeep\n|turn|9\n|c|\u2606Twind_gg|yay\n|\n|t:|1700362514\n|move|p2a: Hawlucha|Acrobatics|p1a: Aegislash\n|-resisted|p1a: Aegislash\n|-crit|p1a: Aegislash\n|-damage|p1a: Aegislash|7\/100\n|-formechange|p1a: Aegislash|Aegislash-Blade||[from] ability: Stance Change\n|move|p1a: Aegislash|Iron Head|p2a: Hawlucha\n|-damage|p2a: Hawlucha|0 fnt\n|faint|p2a: Hawlucha\n|\n|upkeep\n|c|\u2606saikxs|nice aegislash\n|c|\u2606saikxs|cool pokemon\n|c|\u2606Twind_gg|no more clodsire muderurs\n|\n|t:|1700362538\n|switch|p2a: Tapu Koko|Tapu Koko|100\/100\n|-status|p2a: Tapu Koko|tox\n|-damage|p2a: Tapu Koko|88\/100 tox|[from] Spikes\n|-fieldstart|move: Electric Terrain|[from] ability: Electric Surge|[of] p2a: Tapu Koko\n|turn|10\n|c|\u2606Twind_gg|alsi thx\n|\n|t:|1700362555\n|-formechange|p1a: Aegislash|Aegislash||[from] ability: Stance Change\n|move|p1a: Aegislash|King's Shield|p1a: Aegislash\n|-singleturn|p1a: Aegislash|Protect\n|move|p2a: Tapu Koko|Volt Switch|p1a: Aegislash\n|-activate|p1a: Aegislash|move: Protect\n|\n|-damage|p2a: Tapu Koko|82\/100 tox|[from] psn\n|upkeep\n|turn|11\n|c|\u2606saikxs|I'm a humble butler sir im here to entertain.\n|c|\u2606saikxs|Not to be toxic.\n|c|\u2606saikxs|:)\n|inactive|Twind_gg has 120 seconds left.\n|inactive|saikxs has 120 seconds left.\n|c|\u2606Twind_gg|:)\n|\n|t:|1700362592\n|move|p2a: Tapu Koko|Volt Switch|p1a: Aegislash\n|-crit|p1a: Aegislash\n|-damage|p1a: Aegislash|0 fnt\n|faint|p1a: Aegislash\n|inactive|saikxs has 120 seconds left.\n|\n|t:|1700362601\n|switch|p2a: Sableye|Sableye, M|100\/100|[from] Volt Switch\n|-status|p2a: Sableye|tox\n|-damage|p2a: Sableye|88\/100 tox|[from] Spikes\n|\n|-damage|p2a: Sableye|82\/100 tox|[from] psn\n|upkeep\n|\n|t:|1700362620\n|switch|p1a: Ninetales|Ninetales-Alola, M|100\/100\n|-weather|Snow|[from] ability: Snow Warning|[of] p1a: Ninetales\n|turn|12\n|inactive|saikxs has 120 seconds left.\n|\n|t:|1700362637\n|detailschange|p2a: Sableye|Sableye-Mega, M\n|-mega|p2a: Sableye|Sableye|Sablenite\n|move|p1a: Ninetales|Dazzling Gleam|p2a: Sableye\n|-supereffective|p2a: Sableye\n|-damage|p2a: Sableye|25\/100 tox\n|move|p2a: Sableye|Recover|p2a: Sableye\n|-heal|p2a: Sableye|75\/100 tox\n|\n|-weather|Snow|[upkeep]\n|-damage|p2a: Sableye|63\/100 tox|[from] psn\n|upkeep\n|turn|13\n|inactive|saikxs has 120 seconds left.\n|c|\u2606Twind_gg|recovrr\n|c|\u2606Twind_gg|bruh\n|\n|t:|1700362652\n|move|p1a: Ninetales|Dazzling Gleam|p2a: Sableye\n|-supereffective|p2a: Sableye\n|-damage|p2a: Sableye|2\/100 tox\n|move|p2a: Sableye|Recover|p2a: Sableye\n|-heal|p2a: Sableye|52\/100 tox\n|\n|-weather|Snow|[upkeep]\n|-damage|p2a: Sableye|34\/100 tox|[from] psn\n|upkeep\n|turn|14\n|inactive|saikxs has 120 seconds left.\n|\n|t:|1700362669\n|switch|p2a: Bisharp|Bisharp, F|100\/100\n|-damage|p2a: Bisharp|88\/100|[from] Spikes\n|move|p1a: Ninetales|Dazzling Gleam|p2a: Bisharp\n|-damage|p2a: Bisharp|35\/100\n|\n|-weather|Snow|[upkeep]\n|-fieldend|move: Electric Terrain\n|upkeep\n|turn|15\n|inactive|saikxs has 120 seconds left.\n|c|\u2606Twind_gg|nevrr seen megas stall lol\n|c|\u2606saikxs|xd\n|c|\u2606Twind_gg|now\n|c|\u2606saikxs|strategy to catch ppl offguard\n|inactive|saikxs has 90 seconds left.\n|\n|t:|1700362708\n|move|p2a: Bisharp|Sucker Punch|p1a: Ninetales\n|-resisted|p1a: Ninetales\n|-damage|p1a: Ninetales|74\/100\n|-damage|p2a: Bisharp|25\/100|[from] item: Life Orb\n|move|p1a: Ninetales|Blizzard|p2a: Bisharp\n|-resisted|p2a: Bisharp\n|-damage|p2a: Bisharp|0 fnt\n|faint|p2a: Bisharp\n|\n|-weather|Snow|[upkeep]\n|-heal|p1a: Ninetales|80\/100|[from] item: Leftovers\n|upkeep\n|inactive|saikxs has 90 seconds left.\n|\n|t:|1700362715\n|switch|p2a: Incineroar|Incineroar, F|100\/100\n|-status|p2a: Incineroar|tox\n|-damage|p2a: Incineroar|88\/100 tox|[from] Spikes\n|-ability|p2a: Incineroar|Intimidate|boost\n|-unboost|p1a: Ninetales|atk|1\n|turn|16\n|c|\u2606Twind_gg|well it sure works\n|c|\u2606saikxs|u like plushies\n|\n|t:|1700362727\n|move|p1a: Ninetales|Dazzling Gleam|p2a: Incineroar\n|-damage|p2a: Incineroar|58\/100 tox\n|move|p2a: Incineroar|Substitute|p2a: Incineroar\n|-start|p2a: Incineroar|Substitute\n|-damage|p2a: Incineroar|33\/100 tox\n|\n|-weather|none\n|-heal|p1a: Ninetales|86\/100|[from] item: Leftovers\n|-damage|p2a: Incineroar|27\/100 tox|[from] psn\n|upkeep\n|turn|17\n|c|\u2606Twind_gg|yea\n|c|\u2606saikxs|here\n|\n|t:|1700362739\n|move|p1a: Ninetales|Dark Pulse|p2a: Incineroar\n|-resisted|p2a: Incineroar\n|-activate|p2a: Incineroar|move: Substitute|[damage]\n|move|p2a: Incineroar|Bulk Up|p2a: Incineroar\n|-boost|p2a: Incineroar|atk|1\n|-boost|p2a: Incineroar|def|1\n|\n|-heal|p1a: Ninetales|91\/100|[from] item: Leftovers\n|-damage|p2a: Incineroar|14\/100 tox|[from] psn\n|upkeep\n|turn|18\n|c|\u2606Twind_gg|ooh\n|c|\u2606Twind_gg|wait no\n|\n|t:|1700362754\n|move|p1a: Ninetales|Dazzling Gleam|p2a: Incineroar\n|-crit|p2a: Incineroar\n|-end|p2a: Incineroar|Substitute\n|move|p2a: Incineroar|Power Trip|p1a: Ninetales\n|-resisted|p1a: Ninetales\n|-damage|p1a: Ninetales|64\/100\n|\n|-heal|p1a: Ninetales|69\/100|[from] item: Leftovers\n|-damage|p2a: Incineroar|0 fnt|[from] psn\n|faint|p2a: Incineroar\n|upkeep\n|c|\u2606saikxs|dang\n|c|\u2606saikxs|my ace got hit with poison\n|c|\u2606saikxs|nice move bro\n|c|\u2606saikxs|time to stall\n|c|\u2606saikxs|xd\n|inactive|saikxs has 90 seconds left.\n|\n|t:|1700362779\n|switch|p2a: Sableye|Sableye-Mega, M|34\/100 tox\n|-damage|p2a: Sableye|22\/100 tox|[from] Spikes\n|turn|19\n|c|\u2606Twind_gg|w spikes\n|c|\u2606Twind_gg|nooo\n|c|\u2606Twind_gg|xd\n|c|\u2606saikxs|w spikes\n|inactive|saikxs has 90 seconds left.\n|\n|t:|1700362791\n|move|p1a: Ninetales|Dazzling Gleam|p2a: Sableye\n|-supereffective|p2a: Sableye\n|-damage|p2a: Sableye|0 fnt\n|faint|p2a: Sableye\n|\n|-heal|p1a: Ninetales|75\/100|[from] item: Leftovers\n|upkeep\n|c|\u2606Twind_gg|yes\n|inactive|saikxs has 90 seconds left.\n|\n|t:|1700362798\n|switch|p2a: Tapu Koko|Tapu Koko|82\/100 tox\n|-damage|p2a: Tapu Koko|70\/100 tox|[from] Spikes\n|-fieldstart|move: Electric Terrain|[from] ability: Electric Surge|[of] p2a: Tapu Koko\n|turn|20\n|c|\u2606Twind_gg|no stalling\n|c|\u2606saikxs|yellow\n|\n|t:|1700362806\n|move|p2a: Tapu Koko|Thunderbolt|p1a: Ninetales\n|-damage|p1a: Ninetales|0 fnt\n|faint|p1a: Ninetales\n|\n|-damage|p2a: Tapu Koko|63\/100 tox|[from] psn\n|upkeep\n|c|\u2606Twind_gg|my eyes\n|inactive|Twind_gg has 120 seconds left.\n|c|\u2606Twind_gg|ow\n|\n|t:|1700362818\n|switch|p1a: Kingsler|Gallade, M, shiny|100\/100\n|turn|21\n|c|\u2606saikxs|xd\n|inactive|Twind_gg has 120 seconds left.\n|c|\u2606saikxs|WAIT\n|c|\u2606Twind_gg|u havent seen my guy in a cape yet\n|c|\u2606saikxs|look at\u00a0my speed xd\n|c|\u2606Twind_gg|i cant see\n|c|\u2606saikxs|i forgot i had that speed\n|c|\u2606Twind_gg|394?\n|inactive|saikxs has 90 seconds left.\n|c|\u2606saikxs|ye\n|c|\u2606Twind_gg|oh no\n|\n|t:|1700362855\n|detailschange|p1a: Kingsler|Gallade-Mega, M, shiny\n|-mega|p1a: Kingsler|Gallade|Galladite\n|move|p2a: Tapu Koko|Thunderbolt|p1a: Kingsler\n|-damage|p1a: Kingsler|20\/100\n|move|p1a: Kingsler|Psycho Cut|p2a: Tapu Koko\n|-damage|p2a: Tapu Koko|4\/100 tox\n|\n|-damage|p2a: Tapu Koko|0 fnt|[from] psn\n|faint|p2a: Tapu Koko\n|upkeep\n|c|\u2606saikxs|NICE\n|c|\u2606Twind_gg|poison yesss\n|\n|t:|1700362867\n|switch|p2a: Toxapex|Toxapex, F, shiny|100\/100\n|-sideend|p2: saikxs|move: Toxic Spikes|[of] p2a: Toxapex\n|-damage|p2a: Toxapex|88\/100|[from] Spikes\n|turn|22\n|c|\u2606saikxs|poison clutch\n|\n|t:|1700362878\n|move|p2a: Toxapex|Baneful Bunker|p2a: Toxapex\n|-singleturn|p2a: Toxapex|move: Protect\n|move|p1a: Kingsler|Leaf Blade|p2a: Toxapex\n|-activate|p2a: Toxapex|move: Protect\n|-status|p1a: Kingsler|psn\n|\n|-heal|p2a: Toxapex|94\/100|[from] item: Black Sludge\n|-damage|p1a: Kingsler|8\/100 psn|[from] psn\n|upkeep\n|turn|23\n|c|\u2606Twind_gg|poison best status\n|c|\u2606saikxs|poison best status\n|c|\u2606saikxs|reverse uno\n|c|\u2606Twind_gg|howd i get posioned HUH\n|\n|t:|1700362907\n|move|p1a: Kingsler|Leaf Blade|p2a: Toxapex\n|-damage|p2a: Toxapex|70\/100\n|move|p2a: Toxapex|Recover|p2a: Toxapex\n|-heal|p2a: Toxapex|100\/100\n|\n|-damage|p1a: Kingsler|0 fnt|[from] psn\n|faint|p1a: Kingsler\n|upkeep\n|c|\u2606saikxs|i baneful bunkered u\n|c|\u2606Twind_gg|oh\n|inactive|Twind_gg has 90 seconds left.\n|\n|t:|1700362918\n|switch|p1a: Volcarona|Volcarona, F, shiny|100\/100\n|turn|24\n|c|\u2606saikxs|protect that giv u poison\n|\n|t:|1700362923\n|move|p2a: Toxapex|Baneful Bunker|p2a: Toxapex\n|-singleturn|p2a: Toxapex|move: Protect\n|-zpower|p1a: Volcarona\n|move|p1a: Volcarona|Inferno Overdrive|p2a: Toxapex|[zeffect]\n|-resisted|p2a: Toxapex\n|-zbroken|p2a: Toxapex\n|-damage|p2a: Toxapex|91\/100\n|\n|-heal|p2a: Toxapex|97\/100|[from] item: Black Sludge\n|-fieldend|move: Electric Terrain\n|upkeep\n|turn|25\n|inactive|saikxs has 90 seconds left.\n|c|\u2606Twind_gg|ima use this for style points'\n|\n|t:|1700362935\n|move|p1a: Volcarona|Quiver Dance|p1a: Volcarona\n|-boost|p1a: Volcarona|spa|1\n|-boost|p1a: Volcarona|spd|1\n|-boost|p1a: Volcarona|spe|1\n|move|p2a: Toxapex|Recover|p2a: Toxapex\n|-heal|p2a: Toxapex|100\/100\n|\n|upkeep\n|turn|26\n|inactive|saikxs has 90 seconds left.\n|\n|t:|1700362942\n|move|p2a: Toxapex|Baneful Bunker|p2a: Toxapex\n|-singleturn|p2a: Toxapex|move: Protect\n|move|p1a: Volcarona|Quiver Dance|p1a: Volcarona\n|-boost|p1a: Volcarona|spa|1\n|-boost|p1a: Volcarona|spd|1\n|-boost|p1a: Volcarona|spe|1\n|\n|upkeep\n|turn|27\n|inactive|saikxs has 90 seconds left.\n|c|\u2606Twind_gg|do u have any attacks on it\n|c|\u2606saikxs|Sometimes i hate volcarona\n|\n|t:|1700362961\n|move|p1a: Volcarona|Quiver Dance|p1a: Volcarona\n|-boost|p1a: Volcarona|spa|1\n|-boost|p1a: Volcarona|spd|1\n|-boost|p1a: Volcarona|spe|1\n|move|p2a: Toxapex|Haze|p2a: Toxapex\n|-clearallboost\n|\n|upkeep\n|turn|28\n|inactive|saikxs has 90 seconds left.\n|c|\u2606saikxs|:)\n|c|\u2606Twind_gg|NO\n|c|\u2606saikxs|haze\n|c|\u2606Twind_gg|YOU\n|\n|t:|1700362973\n|move|p2a: Toxapex|Baneful Bunker|p2a: Toxapex\n|-singleturn|p2a: Toxapex|move: Protect\n|move|p1a: Volcarona|Quiver Dance|p1a: Volcarona\n|-boost|p1a: Volcarona|spa|1\n|-boost|p1a: Volcarona|spd|1\n|-boost|p1a: Volcarona|spe|1\n|\n|upkeep\n|turn|29\n|c|\u2606Twind_gg|>:(\n|c|\u2606saikxs|xd\n|c|\u2606Twind_gg|i will get them back\n|c|\u2606saikxs|try\n|c|\u2606Twind_gg|or i have a beter idea\n|\n|t:|1700362990\n|move|p1a: Volcarona|Bug Buzz|p2a: Toxapex\n|-resisted|p2a: Toxapex\n|-damage|p2a: Toxapex|70\/100\n|move|p2a: Toxapex|Haze|p2a: Toxapex\n|-clearallboost\n|\n|-heal|p2a: Toxapex|76\/100|[from] item: Black Sludge\n|upkeep\n|turn|30\n|c|\u2606Twind_gg|oh no\n|\n|t:|1700363002\n|move|p2a: Toxapex|Baneful Bunker|p2a: Toxapex\n|-singleturn|p2a: Toxapex|move: Protect\n|move|p1a: Volcarona|Giga Drain|p2a: Toxapex\n|-activate|p2a: Toxapex|move: Protect\n|\n|-heal|p2a: Toxapex|82\/100|[from] item: Black Sludge\n|upkeep\n|turn|31\n|c|\u2606saikxs|attack me\n|c|\u2606Twind_gg|no\n|c|\u2606Twind_gg|im dumb\n|\n|t:|1700363011\n|move|p1a: Volcarona|Giga Drain|p2a: Toxapex\n|-damage|p2a: Toxapex|60\/100\n|move|p2a: Toxapex|Scald|p1a: Volcarona\n|-supereffective|p1a: Volcarona\n|-damage|p1a: Volcarona|68\/100\n|\n|-heal|p2a: Toxapex|66\/100|[from] item: Black Sludge\n|upkeep\n|turn|32\n|c|\u2606Twind_gg|my moves dnt make contact\n|c|\u2606Twind_gg|im fine\n|\n|t:|1700363021\n|move|p2a: Toxapex|Baneful Bunker|p2a: Toxapex\n|-singleturn|p2a: Toxapex|move: Protect\n|move|p1a: Volcarona|Giga Drain|p2a: Toxapex\n|-activate|p2a: Toxapex|move: Protect\n|\n|-heal|p2a: Toxapex|73\/100|[from] item: Black Sludge\n|upkeep\n|turn|33\n|c|\u2606Twind_gg|U have scald\n|\n|t:|1700363029\n|move|p1a: Volcarona|Giga Drain|p2a: Toxapex\n|-damage|p2a: Toxapex|50\/100\n|-heal|p1a: Volcarona|78\/100|[from] drain|[of] p2a: Toxapex\n|move|p2a: Toxapex|Recover|p2a: Toxapex\n|-heal|p2a: Toxapex|99\/100\n|\n|-heal|p2a: Toxapex|100\/100|[from] item: Black Sludge\n|upkeep\n|turn|34\n|inactive|saikxs has 120 seconds left.\n|c|\u2606Twind_gg|dam it\n|\n|t:|1700363037\n|move|p2a: Toxapex|Baneful Bunker|p2a: Toxapex\n|-singleturn|p2a: Toxapex|move: Protect\n|move|p1a: Volcarona|Quiver Dance|p1a: Volcarona\n|-boost|p1a: Volcarona|spa|1\n|-boost|p1a: Volcarona|spd|1\n|-boost|p1a: Volcarona|spe|1\n|\n|upkeep\n|turn|35\n|inactive|Twind_gg has 120 seconds left.\n|inactive|saikxs has 120 seconds left.\n|c|\u2606saikxs|imma let u get to 2\n|c|\u2606saikxs|and at 2.5\n|c|\u2606saikxs|imma haze\n|\n|t:|1700363059\n|move|p1a: Volcarona|Giga Drain|p2a: Toxapex\n|-damage|p2a: Toxapex|62\/100\n|-heal|p1a: Volcarona|94\/100|[from] drain|[of] p2a: Toxapex\n|move|p2a: Toxapex|Haze|p2a: Toxapex\n|-clearallboost\n|\n|-heal|p2a: Toxapex|68\/100|[from] item: Black Sludge\n|upkeep\n|turn|36\n|c|\u2606Twind_gg|yes\n|inactive|saikxs has 120 seconds left.\n|c|\u2606saikxs|knew it\n|\n|t:|1700363076\n|move|p2a: Toxapex|Baneful Bunker|p2a: Toxapex\n|-singleturn|p2a: Toxapex|move: Protect\n|move|p1a: Volcarona|Quiver Dance|p1a: Volcarona\n|-boost|p1a: Volcarona|spa|1\n|-boost|p1a: Volcarona|spd|1\n|-boost|p1a: Volcarona|spe|1\n|\n|-heal|p2a: Toxapex|75\/100|[from] item: Black Sludge\n|upkeep\n|turn|37\n|c|\u2606Twind_gg|lets go\n|c|\u2606saikxs|no physical attacks?\n|inactive|saikxs has 120 seconds left.\n|inactive|Twind_gg has 90 seconds left.\n|\n|t:|1700363097\n|move|p1a: Volcarona|Giga Drain|p2a: Toxapex\n|-damage|p2a: Toxapex|40\/100\n|-heal|p1a: Volcarona|100\/100|[from] drain|[of] p2a: Toxapex\n|move|p2a: Toxapex|Recover|p2a: Toxapex\n|-heal|p2a: Toxapex|90\/100\n|\n|-heal|p2a: Toxapex|96\/100|[from] item: Black Sludge\n|upkeep\n|turn|38\n|c|\u2606Twind_gg|yh\n|inactive|Twind_gg has 90 seconds left.\n|inactive|saikxs has 120 seconds left.\n|c|\u2606saikxs|xd\n|c|\u2606Twind_gg|not even on greninja\n|\n|t:|1700363113\n|move|p1a: Volcarona|Giga Drain|p2a: Toxapex\n|-damage|p2a: Toxapex|60\/100\n|move|p2a: Toxapex|Scald|p1a: Volcarona\n|-supereffective|p1a: Volcarona\n|-damage|p1a: Volcarona|81\/100\n|\n|-heal|p2a: Toxapex|67\/100|[from] item: Black Sludge\n|upkeep\n|turn|39\n|\n|t:|1700363120\n|move|p2a: Toxapex|Baneful Bunker|p2a: Toxapex\n|-singleturn|p2a: Toxapex|move: Protect\n|move|p1a: Volcarona|Quiver Dance|p1a: Volcarona\n|-boost|p1a: Volcarona|spa|1\n|-boost|p1a: Volcarona|spd|1\n|-boost|p1a: Volcarona|spe|1\n|\n|-heal|p2a: Toxapex|73\/100|[from] item: Black Sludge\n|upkeep\n|turn|40\n|c|\u2606Twind_gg|yes\n|\n|t:|1700363130\n|move|p1a: Volcarona|Giga Drain|p2a: Toxapex\n|-damage|p2a: Toxapex|28\/100\n|-heal|p1a: Volcarona|99\/100|[from] drain|[of] p2a: Toxapex\n|move|p2a: Toxapex|Recover|p2a: Toxapex\n|-heal|p2a: Toxapex|78\/100\n|\n|-heal|p2a: Toxapex|84\/100|[from] item: Black Sludge\n|upkeep\n|turn|41\n|c|\u2606saikxs|ik ur mentality\n|c|\u2606saikxs|xd\n|c|\u2606Twind_gg|lol\n|\n|t:|1700363144\n|move|p2a: Toxapex|Baneful Bunker|p2a: Toxapex\n|-singleturn|p2a: Toxapex|move: Protect\n|move|p1a: Volcarona|Giga Drain|p2a: Toxapex\n|-activate|p2a: Toxapex|move: Protect\n|\n|-heal|p2a: Toxapex|91\/100|[from] item: Black Sludge\n|upkeep\n|turn|42\n|inactive|Twind_gg has 90 seconds left.\n|c|\u2606Twind_gg|oh no\n|\n|t:|1700363181\n|move|p1a: Volcarona|Quiver Dance|p1a: Volcarona\n|-boost|p1a: Volcarona|spa|1\n|-boost|p1a: Volcarona|spd|1\n|-boost|p1a: Volcarona|spe|1\n|move|p2a: Toxapex|Haze|p2a: Toxapex\n|-clearallboost\n|\n|-heal|p2a: Toxapex|97\/100|[from] item: Black Sludge\n|upkeep\n|turn|43\n|inactive|Twind_gg has 90 seconds left.\n|c|\u2606Twind_gg|NO\n|c|\u2606saikxs|haze\n|c|\u2606Twind_gg|dang t\n|c|\u2606saikxs|ik ur mentality\n|\n|t:|1700363196\n|-terastallize|p2a: Toxapex|Poison\n|move|p2a: Toxapex|Baneful Bunker|p2a: Toxapex\n|-singleturn|p2a: Toxapex|move: Protect\n|move|p1a: Volcarona|Quiver Dance|p1a: Volcarona\n|-boost|p1a: Volcarona|spa|1\n|-boost|p1a: Volcarona|spd|1\n|-boost|p1a: Volcarona|spe|1\n|\n|-heal|p2a: Toxapex|100\/100|[from] item: Black Sludge\n|upkeep\n|turn|44\n|inactive|Twind_gg has 90 seconds left.\n|\n|t:|1700363223\n|move|p1a: Volcarona|Bug Buzz|p2a: Toxapex\n|-resisted|p2a: Toxapex\n|-damage|p2a: Toxapex|65\/100\n|move|p2a: Toxapex|Scald|p1a: Volcarona\n|-supereffective|p1a: Volcarona\n|-damage|p1a: Volcarona|82\/100\n|\n|-heal|p2a: Toxapex|72\/100|[from] item: Black Sludge\n|upkeep\n|turn|45\n|c|\u2606saikxs|this gonna take forever\n|c|\u2606Twind_gg|now i can do this\n|c|\u2606saikxs|rematch?\n|c|\u2606Twind_gg|after this\n|c|\u2606saikxs|alr\n|inactive|saikxs has 120 seconds left.\n|c|\u2606saikxs|also\n|c|\u2606Twind_gg|yh?\n|c|\u2606saikxs|lemme add you as a friend\n|c|\u2606saikxs|xd\n|c|\u2606saikxs|u funni\n|c|\u2606Twind_gg|ight\n|c|\u2606Twind_gg|thx\n|c|\u2606Twind_gg|u too\n|c|\u2606saikxs|thx\n|c|\u2606Twind_gg|i sent req\n|inactive|saikxs has 90 seconds left.\n|inactive|saikxs has 60 seconds left.\n|c|\u2606saikxs|how do i become\n|c|\u2606saikxs|autoconfirmed\n|\n|t:|1700363323\n|move|p2a: Toxapex|Baneful Bunker|p2a: Toxapex\n|-singleturn|p2a: Toxapex|move: Protect\n|move|p1a: Volcarona|Fiery Dance|p2a: Toxapex\n|-activate|p2a: Toxapex|move: Protect\n|\n|-heal|p2a: Toxapex|78\/100|[from] item: Black Sludge\n|upkeep\n|turn|46\n|inactive|saikxs has 60 seconds left.\n|c|\u2606Twind_gg|hm\n|\n|t:|1700363331\n|move|p1a: Volcarona|Quiver Dance|p1a: Volcarona\n|-boost|p1a: Volcarona|spa|1\n|-boost|p1a: Volcarona|spd|1\n|-boost|p1a: Volcarona|spe|1\n|move|p2a: Toxapex|Haze|p2a: Toxapex\n|-clearallboost\n|\n|-heal|p2a: Toxapex|84\/100|[from] item: Black Sludge\n|upkeep\n|turn|47\n|c|\u2606Twind_gg|dang it\n|\n|t:|1700363340\n|move|p1a: Volcarona|Fiery Dance|p2a: Toxapex\n|-damage|p2a: Toxapex|45\/100\n|-boost|p1a: Volcarona|spa|1\n|move|p2a: Toxapex|Scald|p1a: Volcarona\n|-supereffective|p1a: Volcarona\n|-damage|p1a: Volcarona|54\/100\n|\n|-heal|p2a: Toxapex|51\/100|[from] item: Black Sludge\n|upkeep\n|turn|48\n|\n|t:|1700363351\n|move|p2a: Toxapex|Baneful Bunker|p2a: Toxapex\n|-singleturn|p2a: Toxapex|move: Protect\n|move|p1a: Volcarona|Fiery Dance|p2a: Toxapex\n|-activate|p2a: Toxapex|move: Protect\n|\n|-heal|p2a: Toxapex|57\/100|[from] item: Black Sludge\n|upkeep\n|turn|49\n|c|\u2606Twind_gg|I WILL PREVAIL\n|c|\u2606Twind_gg|oh no\n|\n|t:|1700363359\n|move|p1a: Volcarona|Fiery Dance|p2a: Toxapex\n|-damage|p2a: Toxapex|0 fnt\n|-boost|p1a: Volcarona|spa|1\n|faint|p2a: Toxapex\n|\n|win|Twind_gg\n|raw|Twind_gg's rating: 1092 &rarr; <strong>1117<\/strong><br \/>(+25 for winning)\n|raw|saikxs's rating: 1078 &rarr; <strong>1057<\/strong><br \/>(-21 for losing)\n|c|\u2606saikxs|??\n|c|\u2606Twind_gg|YeS\n|c|\u2606saikxs|gg\n|c|\u2606Twind_gg|lets go\n|c|\u2606Twind_gg|gg\n|c|\u2606saikxs|how do i get\n|c|\u2606saikxs|autocon\n|c|\u2606saikxs|firmed\n|c|\u2606Twind_gg|for what'\n|c|\u2606saikxs|for request\n|c|\u2606Twind_gg|what\n|c|\u2606Twind_gg|i dont get it\n|c|\u2606saikxs|for the friend\n|c|\u2606saikxs|request\n|c|\u2606saikxs|wait\n|c|\u2606Twind_gg|when u sent me a request u got autoconfirmed\n|c|\u2606saikxs|accept\n|c|\u2606Twind_gg|?\n|c|\u2606Twind_gg|i did\n|c|\u2606saikxs|ok\n|c|\u2606saikxs|wia\n|c|\u2606saikxs|wait\n|c|\u2606saikxs|dont disconnect\n|c|\u2606saikxs|pls\n|c|\u2606Twind_gg|i wont\n|c|\u2606Twind_gg|dw\n|c|\u2606Twind_gg|if u have discord i can add you there\n|c|\u2606saikxs|YE\n|c|\u2606saikxs|wus ur user\n|c|\u2606Twind_gg|Twin_d\n|c|\u2606Twind_gg|my user\n|c|\u2606saikxs|done\n|c|\u2606saikxs|Gon freecs\n|c|\u2606saikxs|freecss\n|c|\u2606Twind_gg|ok\n","uploadtime":1700363717,"views":7,"p1id":"twindgg","p2id":"saikxs","formatid":"gen9nationaldex","rating":1057,"private":0,"password":""}