{"id":"gen9nationaldex-1989511279","p1":"Asta Demon noob","p2":"jjordan11","format":"[Gen 9] National Dex","log":"|j|\u2606Asta Demon noob\n|j|\u2606jjordan11\n|t:|1699863227\n|gametype|singles\n|player|p1|Asta Demon noob|cynthia-gen4|1581\n|player|p2|jjordan11|101|1587\n|teamsize|p1|6\n|teamsize|p2|6\n|gen|9\n|tier|[Gen 9] National Dex\n|rated|\n|rule|HP Percentage Mod: HP is shown in percentages\n|rule|Endless Battle Clause: Forcing endless battles is banned\n|rule|OHKO Clause: OHKO moves are banned\n|rule|Evasion Clause: Evasion abilities, items, and moves are banned\n|rule|Evasion Abilities Clause: Evasion abilities are banned\n|rule|Evasion Items Clause: Evasion items are banned\n|rule|Evasion Moves Clause: Evasion moves are banned\n|rule|Species Clause: Limit one of each Pok\u00e9mon\n|rule|Sleep Clause Mod: Limit one foe put to sleep\n|clearpoke\n|poke|p1|Scizor, F|\n|poke|p1|Moltres|\n|poke|p1|Ogerpon-Wellspring, F|\n|poke|p1|Clodsire, F|\n|poke|p1|Iron Valiant|\n|poke|p1|Serperior, F|\n|poke|p2|Gardevoir, M|\n|poke|p2|Tapu Lele|\n|poke|p2|Urshifu-*, M|\n|poke|p2|Moltres|\n|poke|p2|Amoonguss, M|\n|poke|p2|Landorus-Therian, M|\n|teampreview\n|\n|t:|1699863244\n|start\n|switch|p1a: Ogerpon|Ogerpon-Wellspring, F|100\/100\n|switch|p2a: Gardevoir|Gardevoir, M, shiny|100\/100\n|-ability|p2a: Gardevoir|Water Absorb|[from] ability: Trace|[of] p1a: Ogerpon\n|turn|1\n|inactive|Battle timer is ON: inactive players will automatically lose when time's up. (requested by Asta Demon noob)\n|j| littlestinker123\n|\n|t:|1699863258\n|switch|p1a: Moltres|Moltres|100\/100\n|detailschange|p2a: Gardevoir|Gardevoir-Mega, M, shiny\n|-mega|p2a: Gardevoir|Gardevoir|Gardevoirite\n|move|p2a: Gardevoir|Hyper Voice|p1a: Moltres\n|-resisted|p1a: Moltres\n|-damage|p1a: Moltres|60\/100\n|\n|upkeep\n|turn|2\n|\n|t:|1699863268\n|move|p2a: Gardevoir|Psychic|p1a: Moltres\n|-damage|p1a: Moltres|2\/100\n|move|p1a: Moltres|Roost|p1a: Moltres\n|-heal|p1a: Moltres|52\/100\n|-singleturn|p1a: Moltres|move: Roost\n|\n|upkeep\n|turn|3\n|\n|t:|1699863275\n|switch|p1a: Scizor|Scizor, F|100\/100\n|move|p2a: Gardevoir|Psychic|p1a: Scizor\n|-resisted|p1a: Scizor\n|-damage|p1a: Scizor|64\/100\n|\n|upkeep\n|turn|4\n|\n|t:|1699863286\n|switch|p2a: Moltres|Moltres|100\/100\n|switch|p1a: Ogerpon|Ogerpon-Wellspring, F|100\/100\n|\n|upkeep\n|turn|5\n|\n|t:|1699863292\n|-terastallize|p2a: Moltres|Grass\n|move|p1a: Ogerpon|Substitute|p1a: Ogerpon\n|-start|p1a: Ogerpon|Substitute\n|-damage|p1a: Ogerpon|76\/100\n|move|p2a: Moltres|Will-O-Wisp||[still]\n|-fail|p2a: Moltres\n|\n|upkeep\n|turn|6\n|\n|t:|1699863300\n|move|p1a: Ogerpon|Swords Dance|p1a: Ogerpon\n|-boost|p1a: Ogerpon|atk|2\n|move|p2a: Moltres|U-turn|p1a: Ogerpon\n|-supereffective|p1a: Ogerpon\n|-end|p1a: Ogerpon|Substitute\n|\n|t:|1699863308\n|switch|p2a: Tapu Lele|Tapu Lele, shiny|100\/100|[from] U-turn\n|-fieldstart|move: Psychic Terrain|[from] ability: Psychic Surge|[of] p2a: Tapu Lele\n|\n|upkeep\n|turn|7\n|\n|t:|1699863330\n|move|p2a: Tapu Lele|Psychic|p1a: Ogerpon\n|-damage|p1a: Ogerpon|1\/100\n|-unboost|p1a: Ogerpon|spd|1\n|move|p1a: Ogerpon|Ivy Cudgel|p2a: Tapu Lele\n|-damage|p2a: Tapu Lele|0 fnt\n|faint|p2a: Tapu Lele\n|\n|upkeep\n|\n|t:|1699863337\n|switch|p2a: Moltres|Moltres, tera:Grass|100\/100\n|turn|8\n|\n|t:|1699863348\n|move|p1a: Ogerpon|Ivy Cudgel|p2a: Moltres\n|-resisted|p2a: Moltres\n|-damage|p2a: Moltres|58\/100\n|move|p2a: Moltres|U-turn|p1a: Ogerpon\n|-supereffective|p1a: Ogerpon\n|-damage|p1a: Ogerpon|0 fnt\n|faint|p1a: Ogerpon\n|\n|t:|1699863356\n|switch|p2a: Gardevoir|Gardevoir-Mega, M, shiny|100\/100|[from] U-turn\n|\n|upkeep\n|\n|t:|1699863371\n|switch|p1a: Serperior|Serperior, F|100\/100\n|turn|9\n|\n|t:|1699863381\n|move|p1a: Serperior|Glare|p2a: Gardevoir\n|-status|p2a: Gardevoir|par\n|move|p2a: Gardevoir|Expanding Force|p1a: Serperior\n|-damage|p1a: Serperior|0 fnt\n|faint|p1a: Serperior\n|\n|upkeep\n|\n|t:|1699863399\n|switch|p1a: Moltres|Moltres|52\/100\n|turn|10\n|\n|t:|1699863403\n|move|p1a: Moltres|Mystical Fire|p2a: Gardevoir\n|-crit|p2a: Gardevoir\n|-damage|p2a: Gardevoir|58\/100 par\n|-unboost|p2a: Gardevoir|spa|1\n|move|p2a: Gardevoir|Expanding Force|p1a: Moltres\n|-damage|p1a: Moltres|0 fnt\n|faint|p1a: Moltres\n|\n|-fieldend|move: Psychic Terrain\n|upkeep\n|\n|t:|1699863415\n|switch|p1a: Iron Valiant|Iron Valiant|100\/100\n|-enditem|p1a: Iron Valiant|Booster Energy\n|-activate|p1a: Iron Valiant|ability: Quark Drive|[fromitem]\n|-start|p1a: Iron Valiant|quarkdrivespe\n|turn|11\n|\n|t:|1699863422\n|-terastallize|p1a: Iron Valiant|Steel\n|move|p1a: Iron Valiant|Calm Mind|p1a: Iron Valiant\n|-boost|p1a: Iron Valiant|spa|1\n|-boost|p1a: Iron Valiant|spd|1\n|move|p2a: Gardevoir|Hyper Voice|p1a: Iron Valiant\n|-resisted|p1a: Iron Valiant\n|-damage|p1a: Iron Valiant|72\/100\n|\n|upkeep\n|turn|12\n|\n|t:|1699863433\n|move|p1a: Iron Valiant|Calm Mind|p1a: Iron Valiant\n|-boost|p1a: Iron Valiant|spa|1\n|-boost|p1a: Iron Valiant|spd|1\n|move|p2a: Gardevoir|Future Sight|p1a: Iron Valiant\n|-start|p2a: Gardevoir|move: Future Sight\n|\n|upkeep\n|turn|13\n|\n|t:|1699863442\n|switch|p2a: Amoonguss|Amoonguss, M|100\/100\n|move|p1a: Iron Valiant|Moonblast|p2a: Amoonguss\n|-resisted|p2a: Amoonguss\n|-damage|p2a: Amoonguss|67\/100\n|-enditem|p2a: Amoonguss|Eject Button\n|\n|t:|1699863448\n|switch|p2a: Urshifu|Urshifu-Rapid-Strike, M|100\/100\n|\n|upkeep\n|turn|14\n|\n|t:|1699863454\n|switch|p2a: Moltres|Moltres, tera:Grass|58\/100\n|move|p1a: Iron Valiant|Moonblast|p2a: Moltres\n|-damage|p2a: Moltres|0 fnt\n|faint|p2a: Moltres\n|\n|-end|p1a: Iron Valiant|move: Future Sight\n|-resisted|p1a: Iron Valiant\n|-damage|p1a: Iron Valiant|36\/100\n|upkeep\n|\n|t:|1699863463\n|switch|p2a: Urshifu|Urshifu-Rapid-Strike, M|100\/100\n|turn|15\n|\n|t:|1699863467\n|move|p2a: Urshifu|Aqua Jet|p1a: Iron Valiant\n|-damage|p1a: Iron Valiant|0 fnt\n|faint|p1a: Iron Valiant\n|-end|p1a: Iron Valiant|Quark Drive|[silent]\n|\n|upkeep\n|\n|t:|1699863472\n|switch|p1a: Scizor|Scizor, F|64\/100\n|turn|16\n|\n|t:|1699863476\n|switch|p2a: Landorus|Landorus-Therian, M|100\/100\n|-ability|p2a: Landorus|Intimidate|boost\n|-unboost|p1a: Scizor|atk|1\n|detailschange|p1a: Scizor|Scizor-Mega, F\n|-mega|p1a: Scizor|Scizor|Scizorite\n|move|p1a: Scizor|Swords Dance|p1a: Scizor\n|-boost|p1a: Scizor|atk|2\n|\n|upkeep\n|turn|17\n|\n|t:|1699863487\n|switch|p2a: Urshifu|Urshifu-Rapid-Strike, M|100\/100\n|move|p1a: Scizor|Roost|p1a: Scizor\n|-heal|p1a: Scizor|100\/100\n|-singleturn|p1a: Scizor|move: Roost\n|\n|upkeep\n|turn|18\n|\n|t:|1699863495\n|move|p2a: Urshifu|Surging Strikes|p1a: Scizor\n|-crit|p1a: Scizor\n|-damage|p1a: Scizor|83\/100\n|-crit|p1a: Scizor\n|-damage|p1a: Scizor|66\/100\n|-crit|p1a: Scizor\n|-damage|p1a: Scizor|47\/100\n|-hitcount|p1a: Scizor|3\n|move|p1a: Scizor|Knock Off|p2a: Urshifu\n|-resisted|p2a: Urshifu\n|-damage|p2a: Urshifu|77\/100\n|-enditem|p2a: Urshifu|Choice Band|[from] move: Knock Off|[of] p1a: Scizor\n|\n|upkeep\n|turn|19\n|\n|t:|1699863509\n|move|p2a: Urshifu|Surging Strikes|p1a: Scizor\n|-crit|p1a: Scizor\n|-damage|p1a: Scizor|34\/100\n|-crit|p1a: Scizor\n|-damage|p1a: Scizor|22\/100\n|-crit|p1a: Scizor\n|-damage|p1a: Scizor|10\/100\n|-hitcount|p1a: Scizor|3\n|move|p1a: Scizor|Roost|p1a: Scizor\n|-heal|p1a: Scizor|61\/100\n|-singleturn|p1a: Scizor|move: Roost\n|\n|upkeep\n|turn|20\n|\n|t:|1699863522\n|switch|p2a: Landorus|Landorus-Therian, M|100\/100\n|-ability|p2a: Landorus|Intimidate|boost\n|-unboost|p1a: Scizor|atk|1\n|move|p1a: Scizor|Swords Dance|p1a: Scizor\n|-boost|p1a: Scizor|atk|2\n|\n|upkeep\n|turn|21\n|\n|t:|1699863532\n|switch|p2a: Amoonguss|Amoonguss, M|100\/100\n|move|p1a: Scizor|Roost|p1a: Scizor\n|-heal|p1a: Scizor|100\/100\n|-singleturn|p1a: Scizor|move: Roost\n|\n|upkeep\n|turn|22\n|\n|t:|1699863539\n|switch|p1a: Clodsire|Clodsire, F|100\/100\n|move|p2a: Amoonguss|Spore|p1a: Clodsire\n|-status|p1a: Clodsire|slp|[from] move: Spore\n|\n|upkeep\n|turn|23\n|\n|t:|1699863547\n|switch|p2a: Landorus|Landorus-Therian, M|100\/100\n|-ability|p2a: Landorus|Intimidate|boost\n|-unboost|p1a: Clodsire|atk|1\n|switch|p1a: Scizor|Scizor-Mega, F|100\/100\n|\n|upkeep\n|turn|24\n|\n|t:|1699863558\n|move|p2a: Landorus|Earthquake|p1a: Scizor\n|-damage|p1a: Scizor|72\/100\n|move|p1a: Scizor|Swords Dance|p1a: Scizor\n|-boost|p1a: Scizor|atk|2\n|\n|upkeep\n|turn|25\n|\n|t:|1699863564\n|move|p2a: Landorus|Earthquake|p1a: Scizor\n|-damage|p1a: Scizor|45\/100\n|move|p1a: Scizor|Swords Dance|p1a: Scizor\n|-boost|p1a: Scizor|atk|2\n|\n|upkeep\n|turn|26\n|\n|t:|1699863572\n|move|p2a: Landorus|Earthquake|p1a: Scizor\n|-damage|p1a: Scizor|18\/100\n|move|p1a: Scizor|Roost|p1a: Scizor\n|-heal|p1a: Scizor|68\/100\n|-singleturn|p1a: Scizor|move: Roost\n|\n|upkeep\n|turn|27\n|\n|t:|1699863578\n|move|p2a: Landorus|Earthquake|p1a: Scizor\n|-damage|p1a: Scizor|41\/100\n|move|p1a: Scizor|Roost|p1a: Scizor\n|-heal|p1a: Scizor|91\/100\n|-singleturn|p1a: Scizor|move: Roost\n|\n|upkeep\n|turn|28\n|\n|t:|1699863585\n|move|p1a: Scizor|Bullet Punch|p2a: Landorus\n|-damage|p2a: Landorus|42\/100\n|-damage|p1a: Scizor|74\/100|[from] item: Rocky Helmet|[of] p2a: Landorus\n|move|p2a: Landorus|Earthquake|p1a: Scizor\n|-damage|p1a: Scizor|45\/100\n|\n|upkeep\n|turn|29\n|\n|t:|1699863593\n|move|p2a: Landorus|Earthquake|p1a: Scizor\n|-damage|p1a: Scizor|14\/100\n|move|p1a: Scizor|Roost|p1a: Scizor\n|-heal|p1a: Scizor|64\/100\n|-singleturn|p1a: Scizor|move: Roost\n|\n|upkeep\n|turn|30\n|\n|t:|1699863600\n|move|p2a: Landorus|Earthquake|p1a: Scizor\n|-damage|p1a: Scizor|32\/100\n|move|p1a: Scizor|Roost|p1a: Scizor\n|-heal|p1a: Scizor|82\/100\n|-singleturn|p1a: Scizor|move: Roost\n|\n|upkeep\n|turn|31\n|\n|t:|1699863609\n|move|p1a: Scizor|Bullet Punch|p2a: Landorus\n|-damage|p2a: Landorus|0 fnt\n|-damage|p1a: Scizor|66\/100|[from] item: Rocky Helmet|[of] p2a: Landorus\n|faint|p2a: Landorus\n|\n|upkeep\n|\n|t:|1699863614\n|switch|p2a: Urshifu|Urshifu-Rapid-Strike, M|77\/100\n|turn|32\n|\n|t:|1699863635\n|move|p2a: Urshifu|Surging Strikes|p1a: Scizor\n|-crit|p1a: Scizor\n|-damage|p1a: Scizor|52\/100\n|-crit|p1a: Scizor\n|-damage|p1a: Scizor|39\/100\n|-crit|p1a: Scizor\n|-damage|p1a: Scizor|26\/100\n|-hitcount|p1a: Scizor|3\n|move|p1a: Scizor|Roost|p1a: Scizor\n|-heal|p1a: Scizor|76\/100\n|-singleturn|p1a: Scizor|move: Roost\n|\n|upkeep\n|turn|33\n|\n|t:|1699863645\n|move|p1a: Scizor|Bullet Punch|p2a: Urshifu\n|-resisted|p2a: Urshifu\n|-damage|p2a: Urshifu|33\/100\n|move|p2a: Urshifu|Surging Strikes|p1a: Scizor\n|-crit|p1a: Scizor\n|-damage|p1a: Scizor|65\/100\n|-crit|p1a: Scizor\n|-damage|p1a: Scizor|52\/100\n|-crit|p1a: Scizor\n|-damage|p1a: Scizor|39\/100\n|-hitcount|p1a: Scizor|3\n|\n|upkeep\n|turn|34\n|c|\u2606jjordan11|gg\n|\n|t:|1699863656\n|move|p1a: Scizor|Bullet Punch|p2a: Urshifu\n|-resisted|p2a: Urshifu\n|-damage|p2a: Urshifu|0 fnt\n|faint|p2a: Urshifu\n|\n|upkeep\n|-message|jjordan11 forfeited.\n|\n|win|Asta Demon noob\n|raw|Asta Demon noob's rating: 1581 &rarr; <strong>1601<\/strong><br \/>(+20 for winning)\n|raw|jjordan11's rating: 1587 &rarr; <strong>1567<\/strong><br \/>(-20 for losing)\n|l|\u2606jjordan11\n|l| littlestinker123\n","uploadtime":1699863947,"views":17,"p1id":"astademonnoob","p2id":"jjordan11","formatid":"gen9nationaldex","rating":1567,"private":0,"password":""}