{"id":"gen9nationaldex-1988338364","p1":"deanking654","p2":"Frititi","format":"[Gen 9] National Dex","log":"|j|\u2606deanking654\n|j|\u2606Frititi\n|t:|1699710728\n|gametype|singles\n|player|p1|deanking654|101|\n|player|p2|Frititi|byron|\n|teamsize|p1|6\n|teamsize|p2|6\n|gen|9\n|tier|[Gen 9] National Dex\n|rule|HP Percentage Mod: HP is shown in percentages\n|rule|Endless Battle Clause: Forcing endless battles is banned\n|rule|OHKO Clause: OHKO moves are banned\n|rule|Evasion Clause: Evasion abilities, items, and moves are banned\n|rule|Evasion Abilities Clause: Evasion abilities are banned\n|rule|Evasion Items Clause: Evasion items are banned\n|rule|Evasion Moves Clause: Evasion moves are banned\n|rule|Species Clause: Limit one of each Pok\u00e9mon\n|rule|Sleep Clause Mod: Limit one foe put to sleep\n|clearpoke\n|poke|p1|Toxapex, F|\n|poke|p1|Samurott-Hisui, F|\n|poke|p1|Skeledirge, M|\n|poke|p1|Weezing-Galar, F|\n|poke|p1|Slowking-Galar, M|\n|poke|p1|Beedrill, M|\n|poke|p2|Scizor, F|\n|poke|p2|Ting-Lu|\n|poke|p2|Toxapex, F|\n|poke|p2|Iron Moth|\n|poke|p2|Weavile, M|\n|poke|p2|Zoroark-Hisui, M|\n|teampreview\n|c|\u2606Frititi|glhf\n|c|\u2606deanking654|suerte pa\n|c|\u2606Frititi|igualmente <3\n|\n|t:|1699710776\n|start\n|switch|p1a: Beedrill|Beedrill, M|100\/100\n|switch|p2a: Iron Moth|Iron Moth|100\/100\n|turn|1\n|\n|t:|1699710807\n|detailschange|p1a: Beedrill|Beedrill-Mega, M\n|-mega|p1a: Beedrill|Beedrill|Beedrillite\n|move|p1a: Beedrill|Drill Run|p2a: Iron Moth\n|-supereffective|p2a: Iron Moth\n|-damage|p2a: Iron Moth|0 fnt\n|faint|p2a: Iron Moth\n|-end|p2a: Iron Moth|Quark Drive|[silent]\n|\n|upkeep\n|c|\u2606Frititi|dolor\n|\n|t:|1699710821\n|switch|p2a: Scizor|Scizor, F|100\/100\n|turn|2\n|\n|t:|1699710828\n|switch|p1a: Skeledirge|Skeledirge, M|100\/100\n|detailschange|p2a: Scizor|Scizor-Mega, F\n|-mega|p2a: Scizor|Scizor|Scizorite\n|move|p2a: Scizor|U-turn|p1a: Skeledirge\n|-resisted|p1a: Skeledirge\n|-damage|p1a: Skeledirge|93\/100\n|l|\u2606Frititi\n|player|p2|\n|j|\u2606Frititi\n|player|p2|Frititi|byron\n|\n|t:|1699710862\n|switch|p2a: Scizor|Scizor-Mega, F|100\/100|[from] U-turn\n|\n|-heal|p1a: Skeledirge|99\/100|[from] item: Leftovers\n|upkeep\n|turn|3\n|c|\u2606Frititi|como JAJAJ\n|c|\u2606deanking654|zorark ehhh\n|c|\u2606Frititi|naaaa\n|c|\u2606Frititi|para nada\n|c|\u2606deanking654|imagina\n|\n|t:|1699710899\n|switch|p1a: Samurott|Samurott-Hisui, F|100\/100\n|move|p2a: Scizor|Shadow Ball|p1a: Samurott\n|-resisted|p1a: Samurott\n|-damage|p1a: Samurott|71\/100\n|\n|upkeep\n|turn|4\n|l|\u2606Frititi\n|player|p2|\n|j|\u2606Frititi\n|player|p2|Frititi|byron\n|\n|t:|1699710929\n|switch|p2a: Scizor|Scizor-Mega, F|100\/100\n|move|p1a: Samurott|Knock Off|p2a: Scizor\n|-damage|p2a: Scizor|83\/100\n|\n|upkeep\n|turn|5\n|\n|t:|1699710944\n|switch|p1a: Slowking|Slowking-Galar, M|100\/100\n|move|p2a: Scizor|U-turn|p1a: Slowking\n|-damage|p1a: Slowking|64\/100\n|\n|t:|1699710953\n|switch|p2a: Scizor|Scizor-Mega, F|100\/100|[from] U-turn\n|\n|upkeep\n|turn|6\n|c|\u2606Frititi|pq justo scizor XD\n|\n|t:|1699710977\n|-terastallize|p1a: Slowking|Poison\n|replace|p2a: Zoroark|Zoroark-Hisui, M\n|-end|p2a: Zoroark|Illusion\n|-zpower|p2a: Zoroark\n|move|p2a: Zoroark|Z-Happy Hour|p2a: Zoroark|[anim]Happy Hour\n|-boost|p2a: Zoroark|atk|1|[zeffect]\n|-boost|p2a: Zoroark|def|1|[zeffect]\n|-boost|p2a: Zoroark|spa|1|[zeffect]\n|-boost|p2a: Zoroark|spd|1|[zeffect]\n|-boost|p2a: Zoroark|spe|1|[zeffect]\n|move|p1a: Slowking|Thunder Wave|p2a: Zoroark\n|-status|p2a: Zoroark|par\n|\n|upkeep\n|turn|7\n|c|\u2606Frititi|NOO\n|\n|t:|1699710990\n|move|p2a: Zoroark|Hyper Voice|p1a: Slowking\n|-damage|p1a: Slowking|20\/100\n|move|p1a: Slowking|Chilly Reception|p1a: Slowking\n|-weather|Snow\n|\n|t:|1699710998\n|switch|p1a: Beedrill|Beedrill-Mega, M|100\/100|[from] Chilly Reception\n|\n|-weather|Snow|[upkeep]\n|upkeep\n|turn|8\n|c|\u2606Frititi|keseso\n|\n|t:|1699711004\n|move|p1a: Beedrill|Knock Off|p2a: Zoroark\n|-supereffective|p2a: Zoroark\n|-crit|p2a: Zoroark\n|-damage|p2a: Zoroark|0 fnt\n|faint|p2a: Zoroark\n|\n|-weather|Snow|[upkeep]\n|upkeep\n|c|\u2606deanking654|aqlv\n|\n|t:|1699711010\n|switch|p2a: Scizor|Scizor-Mega, F|83\/100\n|turn|9\n|c|\u2606deanking654|esos hax\n|\n|t:|1699711017\n|switch|p1a: Skeledirge|Skeledirge, M|99\/100\n|move|p2a: Scizor|U-turn|p1a: Skeledirge\n|-resisted|p1a: Skeledirge\n|-damage|p1a: Skeledirge|93\/100\n|\n|t:|1699711020\n|switch|p2a: Weavile|Weavile, M|100\/100|[from] U-turn\n|-ability|p2a: Weavile|Pressure\n|\n|-weather|Snow|[upkeep]\n|-heal|p1a: Skeledirge|99\/100|[from] item: Leftovers\n|upkeep\n|turn|10\n|c|\u2606deanking654|el chilly te pone la nevada por la cara\n|\n|t:|1699711039\n|switch|p1a: Weezing|Weezing-Galar, F|100\/100\n|move|p2a: Weavile|Knock Off|p1a: Weezing\n|-resisted|p1a: Weezing\n|-damage|p1a: Weezing|76\/100\n|-enditem|p1a: Weezing|Black Sludge|[from] move: Knock Off|[of] p2a: Weavile\n|\n|-weather|Snow|[upkeep]\n|upkeep\n|turn|11\n|c|\u2606Frititi|humildad\n|\n|t:|1699711049\n|switch|p2a: Scizor|Scizor-Mega, F|83\/100\n|move|p1a: Weezing|Will-O-Wisp|p2a: Scizor|[miss]\n|-miss|p1a: Weezing|p2a: Scizor\n|\n|-weather|none\n|upkeep\n|turn|12\n|\n|t:|1699711058\n|move|p2a: Scizor|U-turn|p1a: Weezing\n|-resisted|p1a: Weezing\n|-damage|p1a: Weezing|71\/100\n|\n|t:|1699711059\n|switch|p2a: Toxapex|Toxapex, F|100\/100|[from] U-turn\n|move|p1a: Weezing|Will-O-Wisp|p2a: Toxapex\n|-status|p2a: Toxapex|brn\n|\n|-damage|p2a: Toxapex|94\/100 brn|[from] brn\n|upkeep\n|turn|13\n|\n|t:|1699711066\n|switch|p1a: Slowking|Slowking-Galar, M, tera:Poison|53\/100\n|move|p2a: Toxapex|Scald|p1a: Slowking\n|-damage|p1a: Slowking|43\/100\n|\n|-heal|p2a: Toxapex|100\/100 brn|[from] item: Black Sludge\n|-damage|p2a: Toxapex|94\/100 brn|[from] brn\n|upkeep\n|turn|14\n|\n|t:|1699711075\n|switch|p2a: Ting-Lu|Ting-Lu|100\/100\n|-ability|p2a: Ting-Lu|Vessel of Ruin\n|move|p1a: Slowking|Future Sight|p2a: Ting-Lu\n|-start|p1a: Slowking|move: Future Sight\n|\n|upkeep\n|turn|15\n|\n|t:|1699711086\n|switch|p1a: Toxapex|Toxapex, F|100\/100\n|move|p2a: Ting-Lu|Earthquake|p1a: Toxapex\n|-supereffective|p1a: Toxapex\n|-damage|p1a: Toxapex|53\/100\n|\n|-heal|p1a: Toxapex|59\/100|[from] item: Black Sludge\n|upkeep\n|turn|16\n|\n|t:|1699711095\n|move|p2a: Ting-Lu|Earthquake|p1a: Toxapex\n|-supereffective|p1a: Toxapex\n|-damage|p1a: Toxapex|10\/100\n|move|p1a: Toxapex|Scald|p2a: Ting-Lu\n|-supereffective|p2a: Ting-Lu\n|-damage|p2a: Ting-Lu|86\/100\n|\n|-end|p2a: Ting-Lu|move: Future Sight\n|-immune|p2a: Ting-Lu\n|-heal|p2a: Ting-Lu|93\/100|[from] item: Leftovers\n|-heal|p1a: Toxapex|16\/100|[from] item: Black Sludge\n|upkeep\n|turn|17\n|\n|t:|1699711101\n|switch|p1a: Samurott|Samurott-Hisui, F|71\/100\n|move|p2a: Ting-Lu|Stealth Rock|p1a: Samurott\n|-sidestart|p1: deanking654|move: Stealth Rock\n|\n|-heal|p2a: Ting-Lu|99\/100|[from] item: Leftovers\n|upkeep\n|turn|18\n|\n|t:|1699711107\n|switch|p2a: Scizor|Scizor-Mega, F|83\/100\n|move|p1a: Samurott|Flip Turn|p2a: Scizor\n|-damage|p2a: Scizor|66\/100\n|\n|t:|1699711109\n|switch|p1a: Skeledirge|Skeledirge, M|99\/100|[from] Flip Turn\n|-damage|p1a: Skeledirge|74\/100|[from] Stealth Rock\n|\n|-heal|p1a: Skeledirge|80\/100|[from] item: Leftovers\n|upkeep\n|turn|19\n|\n|t:|1699711118\n|switch|p2a: Ting-Lu|Ting-Lu|99\/100\n|-ability|p2a: Ting-Lu|Vessel of Ruin\n|move|p1a: Skeledirge|Yawn|p2a: Ting-Lu\n|-start|p2a: Ting-Lu|move: Yawn|[of] p1a: Skeledirge\n|\n|-heal|p1a: Skeledirge|86\/100|[from] item: Leftovers\n|-heal|p2a: Ting-Lu|100\/100|[from] item: Leftovers\n|upkeep\n|turn|20\n|c|\u2606Frititi|menudo bobo JAJA\n|\n|t:|1699711129\n|switch|p2a: Toxapex|Toxapex, F|100\/100 brn\n|move|p1a: Skeledirge|Torch Song|p2a: Toxapex\n|-resisted|p2a: Toxapex\n|-damage|p2a: Toxapex|89\/100 brn\n|-boost|p1a: Skeledirge|spa|1\n|\n|-heal|p1a: Skeledirge|92\/100|[from] item: Leftovers\n|-heal|p2a: Toxapex|95\/100 brn|[from] item: Black Sludge\n|-damage|p2a: Toxapex|89\/100 brn|[from] brn\n|upkeep\n|turn|21\n|\n|t:|1699711137\n|switch|p1a: Slowking|Slowking-Galar, M, tera:Poison|77\/100\n|-damage|p1a: Slowking|64\/100|[from] Stealth Rock\n|move|p2a: Toxapex|Toxic|p1a: Slowking\n|-immune|p1a: Slowking\n|\n|-heal|p2a: Toxapex|95\/100 brn|[from] item: Black Sludge\n|-damage|p2a: Toxapex|89\/100 brn|[from] brn\n|upkeep\n|turn|22\n|\n|t:|1699711143\n|switch|p2a: Ting-Lu|Ting-Lu|100\/100\n|-ability|p2a: Ting-Lu|Vessel of Ruin\n|move|p1a: Slowking|Chilly Reception|p1a: Slowking\n|-weather|Snow\n|\n|t:|1699711149\n|switch|p1a: Weezing|Weezing-Galar, F|71\/100|[from] Chilly Reception\n|-damage|p1a: Weezing|59\/100|[from] Stealth Rock\n|\n|-weather|Snow|[upkeep]\n|upkeep\n|turn|23\n|\n|t:|1699711156\n|switch|p2a: Toxapex|Toxapex, F|100\/100 brn\n|move|p1a: Weezing|Will-O-Wisp|p2a: Toxapex\n|-fail|p2a: Toxapex|brn\n|\n|-weather|Snow|[upkeep]\n|-damage|p2a: Toxapex|94\/100 brn|[from] brn\n|upkeep\n|turn|24\n|\n|t:|1699711158\n|move|p1a: Weezing|Defog|p2a: Toxapex\n|-unboost|p2a: Toxapex|evasion|1\n|-sideend|p1: deanking654|Stealth Rock|[from] move: Defog|[of] p1a: Weezing\n|move|p2a: Toxapex|Scald|p1a: Weezing\n|-damage|p1a: Weezing|35\/100\n|-status|p1a: Weezing|brn\n|\n|-weather|Snow|[upkeep]\n|-heal|p2a: Toxapex|100\/100 brn|[from] item: Black Sludge\n|-damage|p1a: Weezing|29\/100 brn|[from] brn\n|-damage|p2a: Toxapex|94\/100 brn|[from] brn\n|upkeep\n|turn|25\n|\n|t:|1699711166\n|move|p1a: Weezing|Pain Split|p2a: Toxapex\n|-sethp|p2a: Toxapex|63\/100 brn|[from] move: Pain Split|[silent]\n|-sethp|p1a: Weezing|57\/100 brn|[from] move: Pain Split\n|move|p2a: Toxapex|Scald|p1a: Weezing\n|-crit|p1a: Weezing\n|-damage|p1a: Weezing|26\/100 brn\n|\n|-weather|Snow|[upkeep]\n|-heal|p2a: Toxapex|69\/100 brn|[from] item: Black Sludge\n|-damage|p1a: Weezing|20\/100 brn|[from] brn\n|-damage|p2a: Toxapex|63\/100 brn|[from] brn\n|upkeep\n|turn|26\n|\n|t:|1699711173\n|move|p1a: Weezing|Pain Split|p2a: Toxapex\n|-sethp|p2a: Toxapex|42\/100 brn|[from] move: Pain Split|[silent]\n|-sethp|p1a: Weezing|39\/100 brn|[from] move: Pain Split\n|move|p2a: Toxapex|Recover|p2a: Toxapex\n|-heal|p2a: Toxapex|92\/100 brn\n|\n|-weather|none\n|-heal|p2a: Toxapex|99\/100 brn|[from] item: Black Sludge\n|-damage|p1a: Weezing|33\/100 brn|[from] brn\n|-damage|p2a: Toxapex|92\/100 brn|[from] brn\n|upkeep\n|turn|27\n|\n|t:|1699711178\n|move|p1a: Weezing|Pain Split|p2a: Toxapex\n|-sethp|p2a: Toxapex|64\/100 brn|[from] move: Pain Split|[silent]\n|-sethp|p1a: Weezing|58\/100 brn|[from] move: Pain Split\n|move|p2a: Toxapex|Scald|p1a: Weezing\n|-damage|p1a: Weezing|35\/100 brn\n|\n|-heal|p2a: Toxapex|70\/100 brn|[from] item: Black Sludge\n|-damage|p1a: Weezing|29\/100 brn|[from] brn\n|-damage|p2a: Toxapex|64\/100 brn|[from] brn\n|upkeep\n|turn|28\n|\n|t:|1699711184\n|switch|p1a: Slowking|Slowking-Galar, M, tera:Poison|97\/100\n|move|p2a: Toxapex|Scald|p1a: Slowking\n|-crit|p1a: Slowking\n|-damage|p1a: Slowking|82\/100\n|\n|-heal|p2a: Toxapex|70\/100 brn|[from] item: Black Sludge\n|-damage|p2a: Toxapex|64\/100 brn|[from] brn\n|upkeep\n|turn|29\n|\n|t:|1699711190\n|switch|p2a: Ting-Lu|Ting-Lu|100\/100\n|-ability|p2a: Ting-Lu|Vessel of Ruin\n|move|p1a: Slowking|Chilly Reception|p1a: Slowking\n|-weather|Snow\n|\n|t:|1699711194\n|switch|p1a: Beedrill|Beedrill-Mega, M|100\/100|[from] Chilly Reception\n|\n|-weather|Snow|[upkeep]\n|upkeep\n|turn|30\n|c|\u2606Frititi|hasta la pinga de eso JAJA\n|c|\u2606deanking654|xd jaja\n|\n|t:|1699711209\n|switch|p2a: Scizor|Scizor-Mega, F|66\/100\n|move|p1a: Beedrill|U-turn|p2a: Scizor\n|-resisted|p2a: Scizor\n|-damage|p2a: Scizor|51\/100\n|c|\u2606deanking654|el nuevo teleport con nieve incluido\n|\n|t:|1699711220\n|switch|p1a: Skeledirge|Skeledirge, M|92\/100|[from] U-turn\n|\n|-weather|Snow|[upkeep]\n|-heal|p1a: Skeledirge|98\/100|[from] item: Leftovers\n|upkeep\n|turn|31\n|c|\u2606Frititi|esto es un 100\/0\n|c|\u2606Frititi|lo que me estas jugando JAJA\n|c|\u2606Frititi|paliza\n|\n|t:|1699711238\n|move|p2a: Scizor|U-turn|p1a: Skeledirge\n|-resisted|p1a: Skeledirge\n|-damage|p1a: Skeledirge|91\/100\n|\n|t:|1699711240\n|switch|p2a: Ting-Lu|Ting-Lu|100\/100|[from] U-turn\n|-ability|p2a: Ting-Lu|Vessel of Ruin\n|move|p1a: Skeledirge|Yawn|p2a: Ting-Lu\n|-start|p2a: Ting-Lu|move: Yawn|[of] p1a: Skeledirge\n|\n|-weather|Snow|[upkeep]\n|-heal|p1a: Skeledirge|97\/100|[from] item: Leftovers\n|upkeep\n|turn|32\n|\n|t:|1699711251\n|move|p1a: Skeledirge|Will-O-Wisp|p2a: Ting-Lu\n|-status|p2a: Ting-Lu|brn\n|move|p2a: Ting-Lu|Earthquake|p1a: Skeledirge\n|-supereffective|p1a: Skeledirge\n|-damage|p1a: Skeledirge|69\/100\n|\n|-weather|Snow|[upkeep]\n|-heal|p1a: Skeledirge|75\/100|[from] item: Leftovers\n|-damage|p2a: Ting-Lu|94\/100 brn|[from] brn\n|-end|p2a: Ting-Lu|move: Yawn|[silent]\n|upkeep\n|turn|33\n|c|\u2606Frititi|predicts chikitas\n|c|\u2606deanking654|caiste\n|c|\u2606Frititi|va tiro ff\n|c|\u2606Frititi|es gg\n|c|\u2606Frititi|no vamos a alargar m\u00e1s\n|-message|Frititi forfeited.\n|\n|win|deanking654\n|c|\u2606Frititi|gg\n|c|\u2606Frititi|1-0\n|c|\u2606deanking654|gg pa\n|c|\u2606deanking654|es b03?\n|c|\u2606Frititi|si\n|c|\u2606deanking654|lol, ni atencion le puse al torneo\n|c|\u2606Frititi|JAJJAJA\n|c|\u2606Frititi|mola chillear\n|c|\u2606Frititi|good\n|c|\u2606deanking654|seee\n|l|\u2606Frititi\n","uploadtime":1699711619,"views":5,"p1id":"deanking654","p2id":"frititi","formatid":"gen9nationaldex","rating":0,"private":0,"password":""}