{"id":"gen9nationaldex-1995990178","p1":"Richie2016","p2":"Pyrophobia","format":"[Gen 9] National Dex","log":"|html|<div class=\"broadcast-blue\"><strong>[Gen 9] National Dex is currently suspecting Sneasler! For information on how to participate check out the <a href=\"https:\/\/www.smogon.com\/forums\/threads\/sv-national-dex-suspect-8-just-dance.3731534\/\">suspect thread<\/a>.<\/strong><\/div>\n|j|\u2606Richie2016\n|j|\u2606Pyrophobia\n|t:|1700626108\n|gametype|singles\n|player|p1|Richie2016|cynthia|1464\n|player|p2|Pyrophobia|169|1531\n|teamsize|p1|6\n|teamsize|p2|6\n|gen|9\n|tier|[Gen 9] National Dex\n|rated|\n|rule|HP Percentage Mod: HP is shown in percentages\n|rule|Endless Battle Clause: Forcing endless battles is banned\n|rule|OHKO Clause: OHKO moves are banned\n|rule|Evasion Clause: Evasion abilities, items, and moves are banned\n|rule|Evasion Abilities Clause: Evasion abilities are banned\n|rule|Evasion Items Clause: Evasion items are banned\n|rule|Evasion Moves Clause: Evasion moves are banned\n|rule|Species Clause: Limit one of each Pok\u00e9mon\n|rule|Sleep Clause Mod: Limit one foe put to sleep\n|clearpoke\n|poke|p1|Lopunny, F|\n|poke|p1|Alomomola, F|\n|poke|p1|Moltres|\n|poke|p1|Ferrothorn, F|\n|poke|p1|Gliscor, F|\n|poke|p1|Greninja-*, M|\n|poke|p2|Scizor, M|\n|poke|p2|Moltres|\n|poke|p2|Alomomola, F|\n|poke|p2|Clodsire, M|\n|poke|p2|Ninetales-Alola, F|\n|poke|p2|Tapu Koko|\n|teampreview\n|\n|t:|1700626133\n|start\n|switch|p1a: Ferrothorn|Ferrothorn, F, shiny|100\/100\n|switch|p2a: Tapu Koko|Tapu Koko|100\/100\n|-fieldstart|move: Electric Terrain|[from] ability: Electric Surge|[of] p2a: Tapu Koko\n|turn|1\n|inactive|Battle timer is ON: inactive players will automatically lose when time's up. (requested by Richie2016)\n|l|\u2606Pyrophobia\n|inactive|Pyrophobia disconnected and has a minute to reconnect!\n|player|p2|\n|j|\u2606Pyrophobia\n|inactive|Pyrophobia reconnected and has 140 seconds left.\n|player|p2|Pyrophobia|169\n|\n|t:|1700626149\n|move|p2a: Tapu Koko|U-turn|p1a: Ferrothorn\n|-damage|p1a: Ferrothorn|89\/100\n|-damage|p2a: Tapu Koko|88\/100|[from] ability: Iron Barbs|[of] p1a: Ferrothorn\n|\n|t:|1700626153\n|switch|p2a: Ninetales|Ninetales-Alola, F|100\/100|[from] U-turn\n|-weather|Snow|[from] ability: Snow Warning|[of] p2a: Ninetales\n|move|p1a: Ferrothorn|Gyro Ball|p2a: Ninetales\n|-supereffective|p2a: Ninetales\n|-damage|p2a: Ninetales|0 fnt\n|faint|p2a: Ninetales\n|\n|-weather|Snow|[upkeep]\n|-heal|p1a: Ferrothorn|95\/100|[from] item: Leftovers\n|upkeep\n|\n|t:|1700626158\n|switch|p2a: Moltres|Moltres|100\/100\n|turn|2\n|\n|t:|1700626168\n|switch|p1a: Gliscor|Gliscor, F, shiny|100\/100\n|move|p2a: Moltres|U-turn|p1a: Gliscor\n|-resisted|p1a: Gliscor\n|-damage|p1a: Gliscor|95\/100\n|\n|t:|1700626177\n|switch|p2a: Scizor|Scizor, M|100\/100|[from] U-turn\n|\n|-weather|Snow|[upkeep]\n|-status|p1a: Gliscor|tox|[from] item: Toxic Orb\n|upkeep\n|turn|3\n|\n|t:|1700626186\n|switch|p1a: Moltres|Moltres|100\/100\n|detailschange|p2a: Scizor|Scizor-Mega, M\n|-mega|p2a: Scizor|Scizor|Scizorite\n|move|p2a: Scizor|Swords Dance|p2a: Scizor\n|-boost|p2a: Scizor|atk|2\n|\n|-weather|Snow|[upkeep]\n|upkeep\n|turn|4\n|\n|t:|1700626194\n|switch|p2a: Alomomola|Alomomola, F|100\/100\n|move|p1a: Moltres|Mystical Fire|p2a: Alomomola\n|-resisted|p2a: Alomomola\n|-damage|p2a: Alomomola|89\/100\n|-unboost|p2a: Alomomola|spa|1\n|\n|-weather|Snow|[upkeep]\n|upkeep\n|turn|5\n|\n|t:|1700626202\n|switch|p1a: Ferrothorn|Ferrothorn, F, shiny|95\/100\n|move|p2a: Alomomola|Flip Turn|p1a: Ferrothorn\n|-resisted|p1a: Ferrothorn\n|-damage|p1a: Ferrothorn|90\/100\n|-damage|p2a: Alomomola|77\/100|[from] ability: Iron Barbs|[of] p1a: Ferrothorn\n|\n|t:|1700626213\n|switch|p2a: Moltres|Moltres|100\/100|[from] Flip Turn\n|\n|-weather|none\n|-heal|p1a: Ferrothorn|96\/100|[from] item: Leftovers\n|-fieldend|move: Electric Terrain\n|upkeep\n|turn|6\n|\n|t:|1700626226\n|switch|p1a: Alomomola|Alomomola, F|100\/100\n|move|p2a: Moltres|Will-O-Wisp|p1a: Alomomola\n|-status|p1a: Alomomola|brn\n|\n|-damage|p1a: Alomomola|94\/100 brn|[from] brn\n|upkeep\n|turn|7\n|\n|t:|1700626232\n|move|p2a: Moltres|U-turn|p1a: Alomomola\n|-damage|p1a: Alomomola|85\/100 brn\n|\n|t:|1700626235\n|switch|p2a: Tapu Koko|Tapu Koko|88\/100|[from] U-turn\n|-fieldstart|move: Electric Terrain|[from] ability: Electric Surge|[of] p2a: Tapu Koko\n|move|p1a: Alomomola|Flip Turn|p2a: Tapu Koko\n|-damage|p2a: Tapu Koko|76\/100\n|\n|t:|1700626246\n|switch|p1a: Lopunny|Lopunny, F, shiny|100\/100|[from] Flip Turn\n|\n|upkeep\n|turn|8\n|\n|t:|1700626252\n|switch|p2a: Moltres|Moltres|100\/100\n|detailschange|p1a: Lopunny|Lopunny-Mega, F, shiny\n|-mega|p1a: Lopunny|Lopunny|Lopunnite\n|move|p1a: Lopunny|Fake Out|p2a: Moltres\n|-damage|p2a: Moltres|85\/100\n|-status|p1a: Lopunny|brn|[from] ability: Flame Body|[of] p2a: Moltres\n|\n|-damage|p1a: Lopunny|95\/100 brn|[from] brn\n|upkeep\n|turn|9\n|\n|t:|1700626265\n|switch|p1a: Gliscor|Gliscor, F, shiny|95\/100 tox\n|move|p2a: Moltres|U-turn|p1a: Gliscor\n|-resisted|p1a: Gliscor\n|-damage|p1a: Gliscor|89\/100 tox\n|\n|t:|1700626275\n|switch|p2a: Scizor|Scizor-Mega, M|100\/100|[from] U-turn\n|\n|-heal|p1a: Gliscor|100\/100 tox|[from] ability: Poison Heal\n|upkeep\n|turn|10\n|\n|t:|1700626279\n|switch|p1a: Moltres|Moltres|100\/100\n|move|p2a: Scizor|Knock Off|p1a: Moltres\n|-damage|p1a: Moltres|67\/100\n|-status|p2a: Scizor|brn|[from] ability: Flame Body|[of] p1a: Moltres\n|-enditem|p1a: Moltres|Heavy-Duty Boots|[from] move: Knock Off|[of] p2a: Scizor\n|\n|-damage|p2a: Scizor|94\/100 brn|[from] brn\n|upkeep\n|turn|11\n|-message|Pyrophobia forfeited.\n|\n|win|Richie2016\n|raw|Richie2016's rating: 1464 &rarr; <strong>1488<\/strong><br \/>(+24 for winning)\n|raw|Pyrophobia's rating: 1531 &rarr; <strong>1507<\/strong><br \/>(-24 for losing)\n|l|\u2606Pyrophobia\n","uploadtime":1700626292,"views":0,"p1id":"richie2016","p2id":"pyrophobia","formatid":"gen9nationaldex","rating":1488,"private":0,"password":""}