{"id":"gen9nationaldex-1991466795","p1":"MCantando","p2":"Blake-Mamba","format":"[Gen 9] National Dex","log":"|j|\u2606MCantando\n|j|\u2606Blake-Mamba\n|t:|1700079607\n|gametype|singles\n|player|p1|MCantando|1|1319\n|player|p2|Blake-Mamba|juan|1404\n|teamsize|p1|6\n|teamsize|p2|6\n|gen|9\n|tier|[Gen 9] National Dex\n|rated|\n|rule|HP Percentage Mod: HP is shown in percentages\n|rule|Endless Battle Clause: Forcing endless battles is banned\n|rule|OHKO Clause: OHKO moves are banned\n|rule|Evasion Clause: Evasion abilities, items, and moves are banned\n|rule|Evasion Abilities Clause: Evasion abilities are banned\n|rule|Evasion Items Clause: Evasion items are banned\n|rule|Evasion Moves Clause: Evasion moves are banned\n|rule|Species Clause: Limit one of each Pok\u00e9mon\n|rule|Sleep Clause Mod: Limit one foe put to sleep\n|clearpoke\n|poke|p1|Skeledirge, F|\n|poke|p1|Toxapex, F|\n|poke|p1|Eldegoss, F|\n|poke|p1|Rabsca, M|\n|poke|p1|Dondozo, M|\n|poke|p1|Scizor, M|\n|poke|p2|Galvantula, F|\n|poke|p2|Serperior, M|\n|poke|p2|Volcarona, M|\n|poke|p2|Carracosta, F|\n|poke|p2|Archeops, F|\n|poke|p2|Golurk|\n|teampreview\n|\n|t:|1700079627\n|start\n|switch|p1a: Rabsca|Rabsca, M|100\/100\n|switch|p2a: Galvantula|Galvantula, F|100\/100\n|turn|1\n|\n|t:|1700079633\n|move|p2a: Galvantula|Bug Buzz|p1a: Rabsca\n|-supereffective|p1a: Rabsca\n|-damage|p1a: Rabsca|25\/100\n|move|p1a: Rabsca|Trick Room|p1a: Rabsca\n|-fieldstart|move: Trick Room|[of] p1a: Rabsca\n|\n|upkeep\n|turn|2\n|\n|t:|1700079648\n|switch|p1a: Dondozo|Dondozo, M|100\/100\n|move|p2a: Galvantula|Sticky Web|p1a: Dondozo\n|-sidestart|p1: MCantando|move: Sticky Web\n|\n|upkeep\n|turn|3\n|\n|t:|1700079654\n|move|p1a: Dondozo|Curse|p1a: Dondozo\n|-unboost|p1a: Dondozo|spe|1\n|-boost|p1a: Dondozo|atk|1\n|-boost|p1a: Dondozo|def|1\n|move|p2a: Galvantula|Thunder|p1a: Dondozo\n|-supereffective|p1a: Dondozo\n|-damage|p1a: Dondozo|5\/100\n|\n|-heal|p1a: Dondozo|11\/100|[from] item: Leftovers\n|upkeep\n|turn|4\n|\n|t:|1700079664\n|-terastallize|p1a: Dondozo|Ghost\n|move|p1a: Dondozo|Rest|p1a: Dondozo\n|-status|p1a: Dondozo|slp|[from] move: Rest\n|-heal|p1a: Dondozo|100\/100 slp|[silent]\n|move|p2a: Galvantula|Giga Drain|p1a: Dondozo\n|-damage|p1a: Dondozo|79\/100 slp\n|\n|-heal|p1a: Dondozo|85\/100 slp|[from] item: Leftovers\n|upkeep\n|turn|5\n|\n|t:|1700079675\n|cant|p1a: Dondozo|slp\n|move|p2a: Galvantula|Thunder|p1a: Dondozo\n|-damage|p1a: Dondozo|37\/100 slp\n|\n|-heal|p1a: Dondozo|43\/100 slp|[from] item: Leftovers\n|-fieldend|move: Trick Room\n|upkeep\n|turn|6\n|\n|t:|1700079683\n|move|p2a: Galvantula|Thunder|p1a: Dondozo\n|-damage|p1a: Dondozo|0 fnt\n|faint|p1a: Dondozo\n|\n|upkeep\n|\n|t:|1700079691\n|switch|p1a: Scizor|Scizor, M|100\/100\n|-activate|p1a: Scizor|move: Sticky Web\n|-unboost|p1a: Scizor|spe|1\n|turn|7\n|\n|t:|1700079696\n|switch|p2a: Volcarona|Volcarona, M|100\/100\n|detailschange|p1a: Scizor|Scizor-Mega, M\n|-mega|p1a: Scizor|Scizor|Scizorite\n|move|p1a: Scizor|Swords Dance|p1a: Scizor\n|-boost|p1a: Scizor|atk|2\n|\n|upkeep\n|turn|8\n|\n|t:|1700079703\n|switch|p1a: Toxapex|Toxapex, F, shiny|100\/100\n|-activate|p1a: Toxapex|move: Sticky Web\n|-unboost|p1a: Toxapex|spe|1\n|move|p2a: Volcarona|Fiery Dance|p1a: Toxapex\n|-resisted|p1a: Toxapex\n|-damage|p1a: Toxapex|86\/100\n|-boost|p2a: Volcarona|spa|1\n|\n|-heal|p1a: Toxapex|92\/100|[from] item: Leftovers\n|upkeep\n|turn|9\n|\n|t:|1700079715\n|switch|p2a: Galvantula|Galvantula, F|100\/100\n|move|p1a: Toxapex|Toxic|p2a: Galvantula\n|-status|p2a: Galvantula|tox\n|\n|-heal|p1a: Toxapex|98\/100|[from] item: Leftovers\n|-damage|p2a: Galvantula|94\/100 tox|[from] psn\n|upkeep\n|turn|10\n|\n|t:|1700079724\n|move|p1a: Toxapex|Baneful Bunker|p1a: Toxapex\n|-singleturn|p1a: Toxapex|move: Protect\n|move|p2a: Galvantula|Thunder|p1a: Toxapex\n|-activate|p1a: Toxapex|move: Protect\n|\n|-heal|p1a: Toxapex|100\/100|[from] item: Leftovers\n|-damage|p2a: Galvantula|82\/100 tox|[from] psn\n|upkeep\n|turn|11\n|\n|t:|1700079736\n|switch|p1a: Eldegoss|Eldegoss, F|100\/100\n|move|p2a: Galvantula|Thunder|p1a: Eldegoss\n|-resisted|p1a: Eldegoss\n|-damage|p1a: Eldegoss|78\/100\n|-status|p1a: Eldegoss|par\n|\n|-damage|p2a: Galvantula|64\/100 tox|[from] psn\n|upkeep\n|turn|12\n|\n|t:|1700079745\n|switch|p1a: Toxapex|Toxapex, F, shiny|100\/100\n|-activate|p1a: Toxapex|move: Sticky Web\n|-unboost|p1a: Toxapex|spe|1\n|move|p2a: Galvantula|Bug Buzz|p1a: Toxapex\n|-resisted|p1a: Toxapex\n|-crit|p1a: Toxapex\n|-damage|p1a: Toxapex|79\/100\n|\n|-heal|p1a: Toxapex|85\/100|[from] item: Leftovers\n|-damage|p2a: Galvantula|40\/100 tox|[from] psn\n|upkeep\n|turn|13\n|\n|t:|1700079757\n|switch|p2a: Golurk|Golurk|100\/100\n|move|p1a: Toxapex|Baneful Bunker||[still]\n|-fail|p1a: Toxapex\n|\n|-heal|p1a: Toxapex|92\/100|[from] item: Leftovers\n|upkeep\n|turn|14\n|\n|t:|1700079765\n|-terastallize|p2a: Golurk|Ground\n|move|p2a: Golurk|Earthquake|p1a: Toxapex\n|-supereffective|p1a: Toxapex\n|-damage|p1a: Toxapex|0 fnt\n|faint|p1a: Toxapex\n|\n|upkeep\n|\n|t:|1700079771\n|switch|p1a: Eldegoss|Eldegoss, F|100\/100 par\n|turn|15\n|\n|t:|1700079775\n|switch|p2a: Volcarona|Volcarona, M|100\/100\n|move|p1a: Eldegoss|Energy Ball|p2a: Volcarona\n|-resisted|p2a: Volcarona\n|-damage|p2a: Volcarona|95\/100\n|\n|upkeep\n|turn|16\n|\n|t:|1700079782\n|switch|p1a: Skeledirge|Skeledirge, F, shiny|100\/100\n|-activate|p1a: Skeledirge|move: Sticky Web\n|-unboost|p1a: Skeledirge|spe|1\n|move|p2a: Volcarona|Fiery Dance|p1a: Skeledirge\n|-resisted|p1a: Skeledirge\n|-damage|p1a: Skeledirge|81\/100\n|-boost|p2a: Volcarona|spa|1\n|\n|-heal|p1a: Skeledirge|87\/100|[from] item: Leftovers\n|upkeep\n|turn|17\n|inactive|Battle timer is ON: inactive players will automatically lose when time's up. (requested by Blake-Mamba)\n|l|\u2606Blake-Mamba\n|inactive|Blake-Mamba disconnected and has a minute to reconnect!\n|player|p2|\n|j|\u2606Blake-Mamba\n|inactive|Blake-Mamba reconnected and has 125 seconds left.\n|player|p2|Blake-Mamba|juan\n|inactive|Blake-Mamba has 120 seconds left.\n|\n|t:|1700079832\n|move|p2a: Volcarona|Fiery Dance|p1a: Skeledirge\n|-resisted|p1a: Skeledirge\n|-damage|p1a: Skeledirge|68\/100\n|-boost|p2a: Volcarona|spa|1\n|move|p1a: Skeledirge|Will-O-Wisp|p2a: Volcarona\n|-immune|p2a: Volcarona\n|\n|-heal|p1a: Skeledirge|74\/100|[from] item: Leftovers\n|upkeep\n|turn|18\n|\n|t:|1700079843\n|switch|p2a: Galvantula|Galvantula, F|40\/100 tox\n|move|p1a: Skeledirge|Torch Song|p2a: Galvantula\n|-supereffective|p2a: Galvantula\n|-damage|p2a: Galvantula|0 fnt\n|-boost|p1a: Skeledirge|spa|1\n|faint|p2a: Galvantula\n|\n|-heal|p1a: Skeledirge|80\/100|[from] item: Leftovers\n|upkeep\n|\n|t:|1700079855\n|switch|p2a: Archeops|Archeops, F|100\/100\n|turn|19\n|\n|t:|1700079861\n|switch|p1a: Eldegoss|Eldegoss, F|100\/100 par\n|move|p2a: Archeops|Stone Edge|p1a: Eldegoss|[miss]\n|-miss|p2a: Archeops|p1a: Eldegoss\n|\n|upkeep\n|turn|20\n|\n|t:|1700079867\n|move|p2a: Archeops|Stone Edge|p1a: Eldegoss\n|-damage|p1a: Eldegoss|27\/100 par\n|move|p1a: Eldegoss|Sleep Powder|p2a: Archeops\n|-status|p2a: Archeops|slp|[from] move: Sleep Powder\n|\n|upkeep\n|turn|21\n|\n|t:|1700079875\n|switch|p2a: Serperior|Serperior, M|100\/100\n|switch|p1a: Scizor|Scizor-Mega, M|100\/100\n|-activate|p1a: Scizor|move: Sticky Web\n|-unboost|p1a: Scizor|spe|1\n|\n|upkeep\n|turn|22\n|\n|t:|1700079883\n|move|p2a: Serperior|Hidden Power|p1a: Scizor\n|-supereffective|p1a: Scizor\n|-damage|p1a: Scizor|22\/100\n|-damage|p2a: Serperior|91\/100|[from] item: Life Orb\n|move|p1a: Scizor|Knock Off|p2a: Serperior\n|-damage|p2a: Serperior|51\/100\n|-enditem|p2a: Serperior|Life Orb|[from] move: Knock Off|[of] p1a: Scizor\n|\n|upkeep\n|turn|23\n|\n|t:|1700079892\n|switch|p1a: Skeledirge|Skeledirge, F, shiny|80\/100\n|-activate|p1a: Skeledirge|move: Sticky Web\n|-unboost|p1a: Skeledirge|spe|1\n|move|p2a: Serperior|Hidden Power|p1a: Skeledirge\n|-resisted|p1a: Skeledirge\n|-damage|p1a: Skeledirge|74\/100\n|\n|-heal|p1a: Skeledirge|80\/100|[from] item: Leftovers\n|upkeep\n|turn|24\n|\n|t:|1700079903\n|switch|p2a: Archeops|Archeops, F|100\/100 slp\n|move|p1a: Skeledirge|Will-O-Wisp|p2a: Archeops|[miss]\n|-miss|p1a: Skeledirge|p2a: Archeops\n|\n|-heal|p1a: Skeledirge|86\/100|[from] item: Leftovers\n|upkeep\n|turn|25\n|\n|t:|1700079911\n|cant|p2a: Archeops|slp\n|move|p1a: Skeledirge|Hex|p2a: Archeops\n|-damage|p2a: Archeops|25\/100 slp\n|\n|-heal|p1a: Skeledirge|92\/100|[from] item: Leftovers\n|upkeep\n|turn|26\n|\n|t:|1700079919\n|cant|p2a: Archeops|slp\n|move|p1a: Skeledirge|Hex|p2a: Archeops\n|-damage|p2a: Archeops|0 fnt\n|faint|p2a: Archeops\n|\n|-heal|p1a: Skeledirge|99\/100|[from] item: Leftovers\n|upkeep\n|\n|t:|1700079927\n|switch|p2a: Golurk|Golurk, tera:Ground|100\/100\n|turn|27\n|\n|t:|1700079941\n|switch|p1a: Eldegoss|Eldegoss, F|60\/100 par\n|move|p2a: Golurk|Earthquake|p1a: Eldegoss\n|-resisted|p1a: Eldegoss\n|-damage|p1a: Eldegoss|30\/100 par\n|\n|upkeep\n|turn|28\n|\n|t:|1700079948\n|switch|p1a: Rabsca|Rabsca, M|25\/100\n|-activate|p1a: Rabsca|move: Sticky Web\n|-unboost|p1a: Rabsca|spe|1\n|move|p2a: Golurk|Poltergeist|p1a: Rabsca\n|-activate|p1a: Rabsca|move: Poltergeist|Leppa Berry\n|-supereffective|p1a: Rabsca\n|-damage|p1a: Rabsca|0 fnt\n|faint|p1a: Rabsca\n|\n|upkeep\n|\n|t:|1700079957\n|switch|p1a: Eldegoss|Eldegoss, F|63\/100 par\n|turn|29\n|\n|t:|1700079961\n|move|p2a: Golurk|Poltergeist|p1a: Eldegoss\n|-activate|p1a: Eldegoss|move: Poltergeist|Heavy-Duty Boots\n|-damage|p1a: Eldegoss|13\/100 par\n|move|p1a: Eldegoss|Energy Ball|p2a: Golurk\n|-supereffective|p2a: Golurk\n|-damage|p2a: Golurk|35\/100\n|-enditem|p2a: Golurk|Weakness Policy\n|-boost|p2a: Golurk|atk|2|[from] item: Weakness Policy\n|-boost|p2a: Golurk|spa|2|[from] item: Weakness Policy\n|\n|upkeep\n|turn|30\n|\n|t:|1700079971\n|switch|p1a: Scizor|Scizor-Mega, M|22\/100\n|-activate|p1a: Scizor|move: Sticky Web\n|-unboost|p1a: Scizor|spe|1\n|move|p2a: Golurk|Poltergeist|p1a: Scizor\n|-activate|p1a: Scizor|move: Poltergeist|Scizorite\n|-damage|p1a: Scizor|0 fnt\n|faint|p1a: Scizor\n|\n|upkeep\n|\n|t:|1700079980\n|switch|p1a: Eldegoss|Eldegoss, F|47\/100 par\n|turn|31\n|\n|t:|1700079983\n|move|p2a: Golurk|Poltergeist|p1a: Eldegoss\n|-activate|p1a: Eldegoss|move: Poltergeist|Heavy-Duty Boots\n|-damage|p1a: Eldegoss|0 fnt\n|faint|p1a: Eldegoss\n|\n|upkeep\n|\n|t:|1700079988\n|switch|p1a: Skeledirge|Skeledirge, F, shiny|99\/100\n|-activate|p1a: Skeledirge|move: Sticky Web\n|-unboost|p1a: Skeledirge|spe|1\n|turn|32\n|\n|t:|1700079993\n|move|p2a: Golurk|Earthquake|p1a: Skeledirge\n|-supereffective|p1a: Skeledirge\n|-damage|p1a: Skeledirge|0 fnt\n|faint|p1a: Skeledirge\n|\n|win|Blake-Mamba\n|raw|MCantando's rating: 1319 &rarr; <strong>1304<\/strong><br \/>(-15 for losing)\n|raw|Blake-Mamba's rating: 1404 &rarr; <strong>1419<\/strong><br \/>(+15 for winning)\n|c|\u2606Blake-Mamba|Gg\n","uploadtime":1700080010,"views":4,"p1id":"mcantando","p2id":"blakemamba","formatid":"gen9nationaldex","rating":1304,"private":0,"password":""}