{"id":"gen9nationaldex-1996231280","p1":"cintifies","p2":"Joey Mojuice","format":"[Gen 9] National Dex","log":"|html|<div class=\"broadcast-blue\"><strong>[Gen 9] National Dex is currently suspecting Sneasler! For information on how to participate check out the <a href=\"https:\/\/www.smogon.com\/forums\/threads\/sv-national-dex-suspect-8-just-dance.3731534\/\">suspect thread<\/a>.<\/strong><\/div>\n|j|\u2606cintifies\n|j|\u2606Joey Mojuice\n|t:|1700661966\n|gametype|singles\n|player|p1|cintifies|acerola|1195\n|player|p2|Joey Mojuice|169|1194\n|teamsize|p1|6\n|teamsize|p2|6\n|gen|9\n|tier|[Gen 9] National Dex\n|rated|\n|rule|HP Percentage Mod: HP is shown in percentages\n|rule|Endless Battle Clause: Forcing endless battles is banned\n|rule|OHKO Clause: OHKO moves are banned\n|rule|Evasion Clause: Evasion abilities, items, and moves are banned\n|rule|Evasion Abilities Clause: Evasion abilities are banned\n|rule|Evasion Items Clause: Evasion items are banned\n|rule|Evasion Moves Clause: Evasion moves are banned\n|rule|Species Clause: Limit one of each Pok\u00e9mon\n|rule|Sleep Clause Mod: Limit one foe put to sleep\n|clearpoke\n|poke|p1|Sneasler, F|\n|poke|p1|Rillaboom, M|\n|poke|p1|Slowking-Galar, F|\n|poke|p1|Salamence, M|\n|poke|p1|Lopunny, F|\n|poke|p1|Alomomola, F|\n|poke|p2|Scizor, F|\n|poke|p2|Urshifu-*, M|\n|poke|p2|Glimmora, F|\n|poke|p2|Sinistcha|\n|poke|p2|Thundurus, M|\n|poke|p2|Maushold|\n|teampreview\n|inactive|Battle timer is ON: inactive players will automatically lose when time's up. (requested by cintifies)\n|\n|t:|1700661975\n|start\n|switch|p1a: Rillaboom|Rillaboom, M, shiny|100\/100\n|switch|p2a: Glimmora|Glimmora, F|100\/100\n|-fieldstart|move: Grassy Terrain|[from] ability: Grassy Surge|[of] p1a: Rillaboom\n|turn|1\n|\n|t:|1700661994\n|move|p2a: Glimmora|Stealth Rock|p1a: Rillaboom\n|-sidestart|p1: cintifies|move: Stealth Rock\n|move|p1a: Rillaboom|U-turn|p2a: Glimmora\n|-resisted|p2a: Glimmora\n|-damage|p2a: Glimmora|78\/100\n|-activate|p2a: Glimmora|ability: Toxic Debris\n|-sidestart|p1: cintifies|move: Toxic Spikes\n|-enditem|p2a: Glimmora|Red Card|[of] p1a: Rillaboom\n|drag|p1a: Slowking|Slowking-Galar, F, shiny|100\/100\n|-damage|p1a: Slowking|88\/100|[from] Stealth Rock\n|-sideend|p1: cintifies|move: Toxic Spikes|[of] p1a: Slowking\n|\n|-heal|p2a: Glimmora|85\/100|[from] Grassy Terrain\n|-heal|p1a: Slowking|94\/100|[from] Grassy Terrain\n|upkeep\n|turn|2\n|l|\u2606Joey Mojuice\n|inactive|Joey Mojuice disconnected and has a minute to reconnect!\n|player|p2|\n|j|\u2606Joey Mojuice\n|inactive|Joey Mojuice reconnected and has 120 seconds left.\n|player|p2|Joey Mojuice|169\n|\n|t:|1700662027\n|move|p2a: Glimmora|Power Gem|p1a: Slowking\n|-damage|p1a: Slowking|70\/100\n|move|p1a: Slowking|Thunder Wave|p2a: Glimmora\n|-status|p2a: Glimmora|par\n|\n|-heal|p2a: Glimmora|91\/100 par|[from] Grassy Terrain\n|-heal|p1a: Slowking|76\/100|[from] Grassy Terrain\n|upkeep\n|turn|3\n|inactive|Joey Mojuice has 120 seconds left.\n|\n|t:|1700662053\n|switch|p2a: Scizor|Scizor, F|100\/100\n|move|p1a: Slowking|Chilly Reception|p1a: Slowking\n|-weather|Snow\n|\n|t:|1700662074\n|switch|p1a: Sneasler|Sneasler, F, shiny|100\/100|[from] Chilly Reception\n|-damage|p1a: Sneasler|95\/100|[from] Stealth Rock\n|-enditem|p1a: Sneasler|Grassy Seed\n|-boost|p1a: Sneasler|def|1|[from] item: Grassy Seed\n|\n|-weather|Snow|[upkeep]\n|-heal|p1a: Sneasler|100\/100|[from] Grassy Terrain\n|upkeep\n|turn|4\n|\n|t:|1700662097\n|switch|p2a: Urshifu|Urshifu-Rapid-Strike, M|100\/100\n|move|p1a: Sneasler|Swords Dance|p1a: Sneasler\n|-boost|p1a: Sneasler|atk|2\n|\n|-weather|Snow|[upkeep]\n|upkeep\n|turn|5\n|\n|t:|1700662111\n|move|p1a: Sneasler|Dire Claw|p2a: Urshifu\n|-damage|p2a: Urshifu|10\/100\n|move|p2a: Urshifu|Surging Strikes|p1a: Sneasler\n|-crit|p1a: Sneasler\n|-damage|p1a: Sneasler|65\/100\n|-crit|p1a: Sneasler\n|-damage|p1a: Sneasler|26\/100\n|-crit|p1a: Sneasler\n|-damage|p1a: Sneasler|0 fnt\n|faint|p1a: Sneasler\n|-hitcount|p1: Sneasler|3\n|\n|-weather|Snow|[upkeep]\n|-heal|p2a: Urshifu|16\/100|[from] Grassy Terrain\n|-fieldend|move: Grassy Terrain\n|upkeep\n|inactive|cintifies has 120 seconds left.\n|c|\u2606cintifies|is this +atk nature\n|c|\u2606cintifies|nvm\n|\n|t:|1700662168\n|switch|p1a: Lopunny|Lopunny, F, shiny|100\/100\n|-damage|p1a: Lopunny|88\/100|[from] Stealth Rock\n|turn|6\n|\n|t:|1700662180\n|detailschange|p1a: Lopunny|Lopunny-Mega, F, shiny\n|-mega|p1a: Lopunny|Lopunny|Lopunnite\n|move|p2a: Urshifu|Aqua Jet|p1a: Lopunny\n|-damage|p1a: Lopunny|58\/100\n|move|p1a: Lopunny|Retaliate|p2a: Urshifu\n|-damage|p2a: Urshifu|0 fnt\n|faint|p2a: Urshifu\n|\n|-weather|Snow|[upkeep]\n|upkeep\n|\n|t:|1700662200\n|switch|p2a: Sinistcha|Sinistcha|100\/100\n|turn|7\n|\n|t:|1700662213\n|move|p1a: Lopunny|U-turn|p2a: Sinistcha\n|-crit|p2a: Sinistcha\n|-damage|p2a: Sinistcha|64\/100\n|\n|t:|1700662217\n|switch|p1a: Slowking|Slowking-Galar, F, shiny|100\/100|[from] U-turn\n|-damage|p1a: Slowking|88\/100|[from] Stealth Rock\n|move|p2a: Sinistcha|Strength Sap|p1a: Slowking\n|-unboost|p1a: Slowking|atk|1\n|-heal|p2a: Sinistcha|100\/100\n|\n|-weather|none\n|upkeep\n|turn|8\n|inactive|cintifies has 120 seconds left.\n|\n|t:|1700662236\n|switch|p2a: Glimmora|Glimmora, F|91\/100 par\n|move|p1a: Slowking|Thunder Wave|p2a: Glimmora\n|-fail|p2a: Glimmora|par\n|\n|upkeep\n|turn|9\n|inactive|cintifies has 120 seconds left.\n|\n|t:|1700662247\n|move|p2a: Glimmora|Power Gem|p1a: Slowking\n|-damage|p1a: Slowking|65\/100\n|move|p1a: Slowking|Chilly Reception|p1a: Slowking\n|-weather|Snow\n|\n|t:|1700662251\n|switch|p1a: Alomomola|Alomomola, F|100\/100|[from] Chilly Reception\n|\n|-weather|Snow|[upkeep]\n|upkeep\n|turn|10\n|\n|t:|1700662259\n|move|p1a: Alomomola|Wish|p1a: Alomomola\n|move|p2a: Glimmora|Energy Ball|p1a: Alomomola\n|-supereffective|p1a: Alomomola\n|-damage|p1a: Alomomola|42\/100\n|\n|-weather|Snow|[upkeep]\n|upkeep\n|turn|11\n|\n|t:|1700662278\n|switch|p1a: Salamence|Salamence, M, shiny|100\/100\n|-damage|p1a: Salamence|76\/100|[from] Stealth Rock\n|move|p2a: Glimmora|Mortal Spin|p1a: Salamence\n|-damage|p1a: Salamence|68\/100\n|-status|p1a: Salamence|psn\n|\n|-weather|Snow|[upkeep]\n|-heal|p1a: Salamence|100\/100 psn|[from] move: Wish|[wisher] Alomomola\n|-damage|p1a: Salamence|88\/100 psn|[from] psn\n|upkeep\n|turn|12\n|\n|t:|1700662291\n|move|p1a: Salamence|Substitute|p1a: Salamence\n|-start|p1a: Salamence|Substitute\n|-damage|p1a: Salamence|63\/100 psn\n|move|p2a: Glimmora|Power Gem|p1a: Salamence\n|-supereffective|p1a: Salamence\n|-end|p1a: Salamence|Substitute\n|\n|-weather|Snow|[upkeep]\n|-damage|p1a: Salamence|51\/100 psn|[from] psn\n|upkeep\n|turn|13\n|\n|t:|1700662300\n|move|p1a: Salamence|Earthquake|p2a: Glimmora\n|-supereffective|p2a: Glimmora\n|-crit|p2a: Glimmora\n|-damage|p2a: Glimmora|0 fnt\n|-activate|p2a: Glimmora|ability: Toxic Debris\n|-sidestart|p1: cintifies|move: Toxic Spikes\n|faint|p2a: Glimmora\n|-ability|p1a: Salamence|Moxie|boost\n|-boost|p1a: Salamence|atk|1\n|\n|-weather|none\n|-damage|p1a: Salamence|39\/100 psn|[from] psn\n|upkeep\n|inactive|Joey Mojuice has 90 seconds left.\n|\n|t:|1700662333\n|switch|p2a: Thundurus|Thundurus, M|100\/100\n|turn|14\n|\n|t:|1700662341\n|-zpower|p1a: Salamence\n|move|p1a: Salamence|Supersonic Skystrike|p2a: Thundurus|[zeffect]\n|-resisted|p2a: Thundurus\n|-damage|p2a: Thundurus|15\/100\n|-enditem|p2a: Thundurus|Sitrus Berry|[eat]\n|-heal|p2a: Thundurus|40\/100|[from] item: Sitrus Berry\n|move|p2a: Thundurus|Thunder|p1a: Salamence\n|-damage|p1a: Salamence|0 fnt\n|faint|p1a: Salamence\n|\n|upkeep\n|\n|t:|1700662348\n|switch|p1a: Slowking|Slowking-Galar, F, shiny|98\/100\n|-damage|p1a: Slowking|86\/100|[from] Stealth Rock\n|-sideend|p1: cintifies|move: Toxic Spikes|[of] p1a: Slowking\n|turn|15\n|\n|t:|1700662360\n|move|p2a: Thundurus|Thunder Wave|p1a: Slowking\n|-status|p1a: Slowking|par\n|move|p1a: Slowking|Chilly Reception|p1a: Slowking\n|-weather|Snow\n|\n|t:|1700662374\n|switch|p1a: Lopunny|Lopunny-Mega, F, shiny|58\/100|[from] Chilly Reception\n|-damage|p1a: Lopunny|53\/100|[from] Stealth Rock\n|\n|-weather|Snow|[upkeep]\n|upkeep\n|turn|16\n|\n|t:|1700662382\n|move|p2a: Thundurus|Thunder Wave|p1a: Lopunny|[miss]\n|-miss|p2a: Thundurus|p1a: Lopunny\n|move|p1a: Lopunny|Return|p2a: Thundurus\n|-damage|p2a: Thundurus|0 fnt\n|faint|p2a: Thundurus\n|\n|-weather|Snow|[upkeep]\n|upkeep\n|\n|t:|1700662398\n|switch|p2a: Sinistcha|Sinistcha|100\/100\n|turn|17\n|\n|t:|1700662402\n|move|p1a: Lopunny|U-turn|p2a: Sinistcha\n|-damage|p2a: Sinistcha|75\/100\n|\n|t:|1700662410\n|switch|p1a: Rillaboom|Rillaboom, M, shiny|100\/100|[from] U-turn\n|-damage|p1a: Rillaboom|88\/100|[from] Stealth Rock\n|-fieldstart|move: Grassy Terrain|[from] ability: Grassy Surge|[of] p1a: Rillaboom\n|move|p2a: Sinistcha|Trick Room|p2a: Sinistcha\n|-fieldstart|move: Trick Room|[of] p2a: Sinistcha\n|\n|-weather|Snow|[upkeep]\n|-heal|p2a: Sinistcha|81\/100|[from] Grassy Terrain\n|-heal|p2a: Sinistcha|87\/100|[from] item: Leftovers\n|-heal|p1a: Rillaboom|94\/100|[from] Grassy Terrain\n|upkeep\n|turn|18\n|inactive|Joey Mojuice has 120 seconds left.\n|\n|t:|1700662424\n|move|p2a: Sinistcha|Strength Sap|p1a: Rillaboom\n|-unboost|p1a: Rillaboom|atk|1\n|-heal|p2a: Sinistcha|100\/100\n|move|p1a: Rillaboom|Knock Off|p2a: Sinistcha\n|-supereffective|p2a: Sinistcha\n|-damage|p2a: Sinistcha|35\/100\n|-enditem|p2a: Sinistcha|Leftovers|[from] move: Knock Off|[of] p1a: Rillaboom\n|\n|-weather|Snow|[upkeep]\n|-heal|p2a: Sinistcha|41\/100|[from] Grassy Terrain\n|-heal|p1a: Rillaboom|100\/100|[from] Grassy Terrain\n|upkeep\n|turn|19\n|inactive|Joey Mojuice has 120 seconds left.\n|\n|t:|1700662436\n|switch|p1a: Slowking|Slowking-Galar, F, shiny|100\/100 par\n|-damage|p1a: Slowking|88\/100 par|[from] Stealth Rock\n|move|p2a: Sinistcha|Matcha Gotcha|p1a: Slowking\n|-resisted|p1a: Slowking\n|-damage|p1a: Slowking|71\/100 par\n|-heal|p2a: Sinistcha|51\/100|[from] drain|[of] p1a: Slowking\n|\n|-weather|none\n|-heal|p1a: Slowking|77\/100 par|[from] Grassy Terrain\n|-heal|p2a: Sinistcha|57\/100|[from] Grassy Terrain\n|upkeep\n|turn|20\n|inactive|Joey Mojuice has 120 seconds left.\n|\n|t:|1700662449\n|move|p1a: Slowking|Sludge Bomb|p2a: Sinistcha\n|-damage|p2a: Sinistcha|19\/100\n|move|p2a: Sinistcha|Hex|p1a: Slowking\n|-supereffective|p1a: Slowking\n|-damage|p1a: Slowking|0 fnt\n|faint|p1a: Slowking\n|\n|-heal|p2a: Sinistcha|25\/100|[from] Grassy Terrain\n|upkeep\n|\n|t:|1700662460\n|switch|p1a: Lopunny|Lopunny-Mega, F, shiny|53\/100\n|-damage|p1a: Lopunny|47\/100|[from] Stealth Rock\n|turn|21\n|inactive|Joey Mojuice has 120 seconds left.\n|\n|t:|1700662471\n|switch|p1a: Rillaboom|Rillaboom, M, shiny|100\/100\n|-damage|p1a: Rillaboom|88\/100|[from] Stealth Rock\n|move|p2a: Sinistcha|Strength Sap|p1a: Rillaboom\n|-unboost|p1a: Rillaboom|atk|1\n|-heal|p2a: Sinistcha|100\/100\n|\n|-heal|p1a: Rillaboom|94\/100|[from] Grassy Terrain\n|-fieldend|move: Trick Room\n|-fieldend|move: Grassy Terrain\n|upkeep\n|turn|22\n|inactive|Joey Mojuice has 120 seconds left.\n|\n|t:|1700662486\n|move|p1a: Rillaboom|U-turn|p2a: Sinistcha\n|-damage|p2a: Sinistcha|77\/100\n|\n|t:|1700662488\n|switch|p1a: Alomomola|Alomomola, F|76\/100|[from] U-turn\n|move|p2a: Sinistcha|Strength Sap|p1a: Alomomola\n|-unboost|p1a: Alomomola|atk|1\n|-heal|p2a: Sinistcha|100\/100\n|\n|upkeep\n|turn|23\n|\n|t:|1700662498\n|move|p2a: Sinistcha|Matcha Gotcha|p1a: Alomomola\n|-supereffective|p1a: Alomomola\n|-damage|p1a: Alomomola|0 fnt\n|faint|p1a: Alomomola\n|\n|upkeep\n|c|\u2606cintifies|why r u so annoying man\n|\n|t:|1700662507\n|switch|p1a: Lopunny|Lopunny-Mega, F, shiny|47\/100\n|-damage|p1a: Lopunny|41\/100|[from] Stealth Rock\n|turn|24\n|inactive|cintifies has 120 seconds left.\n|\n|t:|1700662557\n|move|p1a: Lopunny|Retaliate|p2a: Sinistcha\n|-damage|p2a: Sinistcha|33\/100\n|move|p2a: Sinistcha|Strength Sap|p1a: Lopunny\n|-unboost|p1a: Lopunny|atk|1\n|-heal|p2a: Sinistcha|100\/100\n|\n|upkeep\n|turn|25\n|-message|cintifies forfeited.\n|\n|win|Joey Mojuice\n|raw|cintifies's rating: 1195 &rarr; <strong>1170<\/strong><br \/>(-25 for losing)\n|raw|Joey Mojuice's rating: 1194 &rarr; <strong>1219<\/strong><br \/>(+25 for winning)\n|l|\u2606cintifies\n","uploadtime":1700662569,"views":8,"p1id":"cintifies","p2id":"joeymojuice","formatid":"gen9nationaldex","rating":1170,"private":0,"password":""}