{"id":"gen9nationaldex-1990097846","p1":"Avinoob","p2":"Kuzwa","format":"[Gen 9] National Dex","log":"|j|\u2606Avinoob\n|j|\u2606Kuzwa\n|t:|1699924280\n|gametype|singles\n|player|p1|Avinoob|blue|1187\n|player|p2|Kuzwa|parasollady|1227\n|teamsize|p1|6\n|teamsize|p2|6\n|gen|9\n|tier|[Gen 9] National Dex\n|rated|\n|rule|HP Percentage Mod: HP is shown in percentages\n|rule|Endless Battle Clause: Forcing endless battles is banned\n|rule|OHKO Clause: OHKO moves are banned\n|rule|Evasion Clause: Evasion abilities, items, and moves are banned\n|rule|Evasion Abilities Clause: Evasion abilities are banned\n|rule|Evasion Items Clause: Evasion items are banned\n|rule|Evasion Moves Clause: Evasion moves are banned\n|rule|Species Clause: Limit one of each Pok\u00e9mon\n|rule|Sleep Clause Mod: Limit one foe put to sleep\n|clearpoke\n|poke|p1|Decidueye-Hisui, F|\n|poke|p1|Slowbro-Galar, M|\n|poke|p1|Samurott-Hisui, F|\n|poke|p1|Beedrill, M|\n|poke|p1|Iron Valiant|\n|poke|p1|Tapu Koko|\n|poke|p2|Gallade, M|\n|poke|p2|Kartana|\n|poke|p2|Weavile, M|\n|poke|p2|Quaquaval, M|\n|poke|p2|Ogerpon-Wellspring, F|\n|poke|p2|Zeraora|\n|teampreview\n|inactive|Battle timer is ON: inactive players will automatically lose when time's up. (requested by Avinoob)\n|\n|t:|1699924299\n|start\n|switch|p1a: Decidueye|Decidueye-Hisui, F|100\/100\n|switch|p2a: Kamoshida|Quaquaval, M|100\/100\n|turn|1\n|\n|t:|1699924304\n|move|p2a: Kamoshida|Ice Spinner|p1a: Decidueye\n|-supereffective|p1a: Decidueye\n|-damage|p1a: Decidueye|44\/100\n|move|p1a: Decidueye|Substitute|p1a: Decidueye\n|-start|p1a: Decidueye|Substitute\n|-damage|p1a: Decidueye|19\/100\n|\n|-heal|p1a: Decidueye|25\/100|[from] item: Leftovers\n|upkeep\n|turn|2\n|\n|t:|1699924312\n|-terastallize|p1a: Decidueye|Grass\n|move|p2a: Kamoshida|Ice Spinner|p1a: Decidueye\n|-supereffective|p1a: Decidueye\n|-end|p1a: Decidueye|Substitute\n|move|p1a: Decidueye|Trailblaze|p2a: Kamoshida\n|-supereffective|p2a: Kamoshida\n|-enditem|p2a: Kamoshida|Focus Sash\n|-damage|p2a: Kamoshida|1\/100\n|-boost|p1a: Decidueye|spe|1\n|\n|-heal|p1a: Decidueye|31\/100|[from] item: Leftovers\n|upkeep\n|turn|3\n|\n|t:|1699924330\n|switch|p1a: Tapu Koko|Tapu Koko|100\/100\n|-fieldstart|move: Electric Terrain|[from] ability: Electric Surge|[of] p1a: Tapu Koko\n|move|p2a: Kamoshida|Ice Spinner|p1a: Tapu Koko\n|-damage|p1a: Tapu Koko|61\/100\n|-fieldend|move: Electric Terrain\n|\n|-heal|p1a: Tapu Koko|67\/100|[from] item: Leftovers\n|upkeep\n|turn|4\n|\n|t:|1699924340\n|switch|p2a: Ken Amada|Zeraora|100\/100\n|move|p1a: Tapu Koko|Volt Switch|p2a: Ken Amada\n|-immune|p2a: Ken Amada|[from] ability: Volt Absorb\n|\n|-heal|p1a: Tapu Koko|73\/100|[from] item: Leftovers\n|upkeep\n|turn|5\n|\n|t:|1699924348\n|move|p2a: Ken Amada|Fake Out|p1a: Tapu Koko\n|-damage|p1a: Tapu Koko|55\/100\n|cant|p1a: Tapu Koko|flinch\n|\n|-heal|p1a: Tapu Koko|61\/100|[from] item: Leftovers\n|upkeep\n|turn|6\n|\n|t:|1699924353\n|move|p2a: Ken Amada|Bulk Up|p2a: Ken Amada\n|-boost|p2a: Ken Amada|atk|1\n|-boost|p2a: Ken Amada|def|1\n|move|p1a: Tapu Koko|Roar|p2a: Ken Amada\n|drag|p2a: Ryoji Mochizuki|Gallade, M, shiny|100\/100\n|\n|-heal|p1a: Tapu Koko|67\/100|[from] item: Leftovers\n|upkeep\n|turn|7\n|\n|t:|1699924362\n|switch|p2a: Kamoshida|Quaquaval, M|1\/100\n|move|p1a: Tapu Koko|Volt Switch|p2a: Kamoshida\n|-supereffective|p2a: Kamoshida\n|-damage|p2a: Kamoshida|0 fnt\n|faint|p2a: Kamoshida\n|\n|t:|1699924371\n|switch|p1a: Decidueye|Decidueye-Hisui, F, tera:Grass|31\/100|[from] Volt Switch\n|\n|-heal|p1a: Decidueye|37\/100|[from] item: Leftovers\n|upkeep\n|\n|t:|1699924375\n|switch|p2a: Ken Amada|Zeraora|100\/100\n|turn|8\n|\n|t:|1699924388\n|switch|p1a: Tapu Koko|Tapu Koko|67\/100\n|-fieldstart|move: Electric Terrain|[from] ability: Electric Surge|[of] p1a: Tapu Koko\n|move|p2a: Ken Amada|Fake Out|p1a: Tapu Koko\n|-damage|p1a: Tapu Koko|49\/100\n|\n|-heal|p1a: Tapu Koko|55\/100|[from] item: Leftovers\n|upkeep\n|turn|9\n|\n|t:|1699924397\n|move|p2a: Ken Amada|Plasma Fists|p1a: Tapu Koko\n|-resisted|p1a: Tapu Koko\n|-damage|p1a: Tapu Koko|9\/100\n|-fieldactivate|move: Ion Deluge\n|-hint|Normal-type moves become Electric-type after using Plasma Fists.\n|move|p1a: Tapu Koko|Dazzling Gleam|p2a: Ken Amada\n|-damage|p2a: Ken Amada|55\/100\n|\n|-heal|p1a: Tapu Koko|15\/100|[from] item: Leftovers\n|upkeep\n|turn|10\n|\n|t:|1699924409\n|move|p2a: Ken Amada|Plasma Fists|p1a: Tapu Koko\n|-resisted|p1a: Tapu Koko\n|-damage|p1a: Tapu Koko|0 fnt\n|-fieldactivate|move: Ion Deluge\n|-hint|Normal-type moves become Electric-type after using Plasma Fists.\n|faint|p1a: Tapu Koko\n|\n|upkeep\n|\n|t:|1699924415\n|switch|p1a: Iron Valiant|Iron Valiant|100\/100\n|-activate|p1a: Iron Valiant|ability: Quark Drive\n|-start|p1a: Iron Valiant|quarkdrivespe\n|turn|11\n|\n|t:|1699924424\n|switch|p2a: Junpei Iori|Weavile, M, shiny|100\/100\n|move|p1a: Iron Valiant|Moonblast|p2a: Junpei Iori\n|-supereffective|p2a: Junpei Iori\n|-enditem|p2a: Junpei Iori|Focus Sash\n|-damage|p2a: Junpei Iori|1\/100\n|-unboost|p2a: Junpei Iori|spa|1\n|-damage|p1a: Iron Valiant|91\/100|[from] item: Life Orb\n|\n|upkeep\n|turn|12\n|\n|t:|1699924432\n|move|p1a: Iron Valiant|Aura Sphere|p2a: Junpei Iori\n|-supereffective|p2a: Junpei Iori\n|-damage|p2a: Junpei Iori|0 fnt\n|faint|p2a: Junpei Iori\n|-damage|p1a: Iron Valiant|81\/100|[from] item: Life Orb\n|\n|-fieldend|move: Electric Terrain\n|-end|p1a: Iron Valiant|Quark Drive\n|upkeep\n|\n|t:|1699924442\n|switch|p2a: Makoto Yuki|Kartana, shiny|100\/100\n|turn|13\n|\n|t:|1699924446\n|move|p1a: Iron Valiant|Aura Sphere|p2a: Makoto Yuki\n|-supereffective|p2a: Makoto Yuki\n|-enditem|p2a: Makoto Yuki|Focus Sash\n|-damage|p2a: Makoto Yuki|1\/100\n|-damage|p1a: Iron Valiant|71\/100|[from] item: Life Orb\n|move|p2a: Makoto Yuki|Smart Strike|p1a: Iron Valiant\n|-supereffective|p1a: Iron Valiant\n|-crit|p1a: Iron Valiant\n|-damage|p1a: Iron Valiant|0 fnt\n|faint|p1a: Iron Valiant\n|-end|p1a: Iron Valiant|Quark Drive|[silent]\n|-ability|p2a: Makoto Yuki|Beast Boost|boost\n|-boost|p2a: Makoto Yuki|atk|1\n|\n|upkeep\n|\n|t:|1699924460\n|switch|p1a: Beedrill|Beedrill, M|100\/100\n|turn|14\n|\n|t:|1699924463\n|detailschange|p1a: Beedrill|Beedrill-Mega, M\n|-mega|p1a: Beedrill|Beedrill|Beedrillite\n|move|p1a: Beedrill|Fell Stinger|p2a: Makoto Yuki\n|-damage|p2a: Makoto Yuki|0 fnt\n|faint|p2a: Makoto Yuki\n|-boost|p1a: Beedrill|atk|3\n|\n|upkeep\n|\n|t:|1699924477\n|switch|p2a: Aigis|Ogerpon-Wellspring, F|100\/100\n|turn|15\n|\n|t:|1699924490\n|move|p1a: Beedrill|Fell Stinger|p2a: Aigis\n|-supereffective|p2a: Aigis\n|-damage|p2a: Aigis|0 fnt\n|faint|p2a: Aigis\n|-boost|p1a: Beedrill|atk|3\n|\n|upkeep\n|\n|t:|1699924493\n|switch|p2a: Ken Amada|Zeraora|55\/100\n|turn|16\n|\n|t:|1699924501\n|switch|p1a: Slowbro|Slowbro-Galar, M|100\/100\n|-terastallize|p2a: Ken Amada|Flying\n|move|p2a: Ken Amada|Plasma Fists|p1a: Slowbro\n|-damage|p1a: Slowbro|55\/100\n|-fieldactivate|move: Ion Deluge\n|-hint|Normal-type moves become Electric-type after using Plasma Fists.\n|\n|upkeep\n|turn|17\n|-activate|p1a: Slowbro|ability: Quick Draw\n|\n|t:|1699924512\n|move|p1a: Slowbro|Scald|p2a: Ken Amada\n|-damage|p2a: Ken Amada|12\/100\n|-damage|p1a: Slowbro|45\/100|[from] item: Life Orb\n|move|p2a: Ken Amada|Plasma Fists|p1a: Slowbro\n|-damage|p1a: Slowbro|6\/100\n|-fieldactivate|move: Ion Deluge\n|-hint|Normal-type moves become Electric-type after using Plasma Fists.\n|\n|upkeep\n|turn|18\n|\n|t:|1699924524\n|move|p2a: Ken Amada|Drain Punch|p1a: Slowbro\n|-resisted|p1a: Slowbro\n|-damage|p1a: Slowbro|2\/100\n|-heal|p2a: Ken Amada|15\/100|[from] drain|[of] p1a: Slowbro\n|move|p1a: Slowbro|Scald|p2a: Ken Amada\n|-damage|p2a: Ken Amada|0 fnt\n|faint|p2a: Ken Amada\n|-damage|p1a: Slowbro|0 fnt|[from] item: Life Orb\n|faint|p1a: Slowbro\n|\n|upkeep\n|\n|t:|1699924537\n|switch|p2a: Ryoji Mochizuki|Gallade, M, shiny|100\/100\n|switch|p1a: Beedrill|Beedrill-Mega, M|100\/100\n|turn|19\n|\n|t:|1699924541\n|detailschange|p2a: Ryoji Mochizuki|Gallade-Mega, M, shiny\n|-mega|p2a: Ryoji Mochizuki|Gallade|Galladite\n|move|p1a: Beedrill|X-Scissor|p2a: Ryoji Mochizuki\n|-damage|p2a: Ryoji Mochizuki|10\/100\n|move|p2a: Ryoji Mochizuki|Psycho Cut|p1a: Beedrill\n|-supereffective|p1a: Beedrill\n|-damage|p1a: Beedrill|0 fnt\n|faint|p1a: Beedrill\n|\n|upkeep\n|\n|t:|1699924553\n|switch|p1a: Samurott|Samurott-Hisui, F|100\/100\n|turn|20\n|\n|t:|1699924557\n|move|p2a: Ryoji Mochizuki|Sacred Sword|p1a: Samurott\n|-supereffective|p1a: Samurott\n|-damage|p1a: Samurott|0 fnt\n|faint|p1a: Samurott\n|\n|upkeep\n|\n|t:|1699924562\n|switch|p1a: Decidueye|Decidueye-Hisui, F, tera:Grass|37\/100\n|turn|21\n|\n|t:|1699924565\n|move|p2a: Ryoji Mochizuki|Sacred Sword|p1a: Decidueye\n|-damage|p1a: Decidueye|0 fnt\n|faint|p1a: Decidueye\n|\n|win|Kuzwa\n|raw|Avinoob's rating: 1187 &rarr; <strong>1165<\/strong><br \/>(-22 for losing)\n|raw|Kuzwa's rating: 1227 &rarr; <strong>1249<\/strong><br \/>(+22 for winning)\n|l|\u2606Avinoob\n","uploadtime":1699924569,"views":5,"p1id":"avinoob","p2id":"kuzwa","formatid":"gen9nationaldex","rating":1165,"private":0,"password":""}