{"id":"gen9nationaldex-1988944280","p1":"Escanor_cruel","p2":"fengfengzuikeai","format":"[Gen 9] National Dex","log":"|j|\u2606Escanor_cruel\n|j|\u2606fengfengzuikeai\n|t:|1699792277\n|gametype|singles\n|player|p1|Escanor_cruel|dawn|1623\n|player|p2|fengfengzuikeai|2|1761\n|teamsize|p1|6\n|teamsize|p2|6\n|gen|9\n|tier|[Gen 9] National Dex\n|rated|\n|rule|HP Percentage Mod: HP is shown in percentages\n|rule|Endless Battle Clause: Forcing endless battles is banned\n|rule|OHKO Clause: OHKO moves are banned\n|rule|Evasion Clause: Evasion abilities, items, and moves are banned\n|rule|Evasion Abilities Clause: Evasion abilities are banned\n|rule|Evasion Items Clause: Evasion items are banned\n|rule|Evasion Moves Clause: Evasion moves are banned\n|rule|Species Clause: Limit one of each Pok\u00e9mon\n|rule|Sleep Clause Mod: Limit one foe put to sleep\n|clearpoke\n|poke|p1|Tapu Koko|\n|poke|p1|Toxapex, F|\n|poke|p1|Heatran, M|\n|poke|p1|Garchomp, M|\n|poke|p1|Urshifu-*, F|\n|poke|p1|Great Tusk|\n|poke|p2|Urshifu-*, F|\n|poke|p2|Garchomp, M|\n|poke|p2|Zapdos|\n|poke|p2|Blaziken, M|\n|poke|p2|Rillaboom, M|\n|poke|p2|Slowking, F|\n|teampreview\n|inactive|Battle timer is ON: inactive players will automatically lose when time's up. (requested by Escanor_cruel)\n|\n|t:|1699792286\n|start\n|switch|p1a: Tapu Koko|Tapu Koko|100\/100\n|switch|p2a: Garchomp|Garchomp, M|100\/100\n|-fieldstart|move: Electric Terrain|[from] ability: Electric Surge|[of] p1a: Tapu Koko\n|turn|1\n|\n|t:|1699792294\n|switch|p1a: Great Tusk|Great Tusk|100\/100\n|detailschange|p2a: Garchomp|Garchomp-Mega, M\n|-mega|p2a: Garchomp|Garchomp|Garchompite\n|move|p2a: Garchomp|Earth Power|p1a: Great Tusk\n|-damage|p1a: Great Tusk|50\/100\n|-unboost|p1a: Great Tusk|spd|1\n|\n|-heal|p1a: Great Tusk|56\/100|[from] item: Leftovers\n|upkeep\n|turn|2\n|\n|t:|1699792310\n|move|p1a: Great Tusk|Ice Spinner|p2a: Garchomp\n|-supereffective|p2a: Garchomp\n|-damage|p2a: Garchomp|51\/100\n|-fieldend|move: Electric Terrain\n|move|p2a: Garchomp|Earth Power|p1a: Great Tusk\n|-damage|p1a: Great Tusk|0 fnt\n|faint|p1a: Great Tusk\n|-end|p1a: Great Tusk|Protosynthesis|[silent]\n|\n|upkeep\n|\n|t:|1699792319\n|switch|p1a: Tapu Koko|Tapu Koko|100\/100\n|-fieldstart|move: Electric Terrain|[from] ability: Electric Surge|[of] p1a: Tapu Koko\n|turn|3\n|\n|t:|1699792326\n|switch|p2a: Rillaboom|Rillaboom, M|100\/100\n|-fieldstart|move: Grassy Terrain|[from] ability: Grassy Surge|[of] p2a: Rillaboom\n|move|p1a: Tapu Koko|Dazzling Gleam|p2a: Rillaboom\n|-damage|p2a: Rillaboom|46\/100\n|\n|-heal|p2a: Rillaboom|52\/100|[from] Grassy Terrain\n|-heal|p2a: Rillaboom|58\/100|[from] item: Leftovers\n|upkeep\n|turn|4\n|\n|t:|1699792332\n|switch|p1a: Heatran|Heatran, M|100\/100\n|move|p2a: Rillaboom|U-turn|p1a: Heatran\n|-resisted|p1a: Heatran\n|-damage|p1a: Heatran|95\/100\n|\n|t:|1699792335\n|switch|p2a: Garchomp|Garchomp-Mega, M|51\/100|[from] U-turn\n|\n|-heal|p2a: Garchomp|57\/100|[from] Grassy Terrain\n|-heal|p1a: Heatran|100\/100|[from] Grassy Terrain\n|upkeep\n|turn|5\n|j| Marvolo-Riddle\n|\n|t:|1699792346\n|-terastallize|p1a: Heatran|Grass\n|move|p2a: Garchomp|Earth Power|p1a: Heatran\n|-resisted|p1a: Heatran\n|-damage|p1a: Heatran|87\/100\n|move|p1a: Heatran|Tera Blast|p2a: Garchomp|[anim] Tera Blast Grass\n|-damage|p2a: Garchomp|14\/100\n|\n|-heal|p2a: Garchomp|21\/100|[from] Grassy Terrain\n|-heal|p1a: Heatran|93\/100|[from] Grassy Terrain\n|-heal|p1a: Heatran|99\/100|[from] item: Leftovers\n|upkeep\n|turn|6\n|\n|t:|1699792363\n|switch|p2a: Slowking|Slowking, F|100\/100\n|move|p1a: Heatran|Magma Storm|p2a: Slowking|[miss]\n|-miss|p1a: Heatran|p2a: Slowking\n|\n|-heal|p1a: Heatran|100\/100|[from] Grassy Terrain\n|upkeep\n|turn|7\n|\n|t:|1699792369\n|move|p1a: Heatran|Taunt|p2a: Slowking\n|-start|p2a: Slowking|move: Taunt\n|cant|p2a: Slowking|move: Taunt|Toxic\n|\n|-fieldend|move: Grassy Terrain\n|upkeep\n|turn|8\n|\n|t:|1699792374\n|switch|p2a: Zapdos|Zapdos|100\/100\n|move|p1a: Heatran|Magma Storm|p2a: Zapdos\n|-damage|p2a: Zapdos|55\/100\n|-activate|p2a: Zapdos|move: Magma Storm|[of] p1a: Heatran\n|\n|-damage|p2a: Zapdos|42\/100|[from] move: Magma Storm|[partiallytrapped]\n|upkeep\n|turn|9\n|\n|t:|1699792382\n|switch|p1a: Tapu Koko|Tapu Koko|100\/100\n|-fieldstart|move: Electric Terrain|[from] ability: Electric Surge|[of] p1a: Tapu Koko\n|move|p2a: Zapdos|Toxic|p1a: Tapu Koko\n|-status|p1a: Tapu Koko|tox\n|\n|-damage|p1a: Tapu Koko|94\/100 tox|[from] psn\n|-end|p2a: Zapdos|Magma Storm|[partiallytrapped]|[silent]\n|upkeep\n|turn|10\n|\n|t:|1699792389\n|switch|p2a: Slowking|Slowking, F|100\/100\n|move|p1a: Tapu Koko|Dazzling Gleam|p2a: Slowking\n|-damage|p2a: Slowking|69\/100\n|\n|-damage|p1a: Tapu Koko|82\/100 tox|[from] psn\n|upkeep\n|turn|11\n|j| solgaz\n|\n|t:|1699792396\n|switch|p1a: Urshifu|Urshifu-Rapid-Strike, F|100\/100\n|move|p2a: Slowking|Chilly Reception|p2a: Slowking\n|-weather|Snow\n|\n|t:|1699792399\n|switch|p2a: Rillaboom|Rillaboom, M|58\/100|[from] Chilly Reception\n|-fieldstart|move: Grassy Terrain|[from] ability: Grassy Surge|[of] p2a: Rillaboom\n|\n|-weather|Snow|[upkeep]\n|-heal|p2a: Rillaboom|64\/100|[from] Grassy Terrain\n|-heal|p2a: Rillaboom|70\/100|[from] item: Leftovers\n|upkeep\n|turn|12\n|\n|t:|1699792404\n|switch|p1a: Toxapex|Toxapex, F|100\/100\n|move|p2a: Rillaboom|Grassy Glide|p1a: Toxapex\n|-damage|p1a: Toxapex|73\/100\n|\n|-weather|Snow|[upkeep]\n|-heal|p2a: Rillaboom|76\/100|[from] Grassy Terrain\n|-heal|p2a: Rillaboom|83\/100|[from] item: Leftovers\n|-heal|p1a: Toxapex|79\/100|[from] Grassy Terrain\n|upkeep\n|turn|13\n|\n|t:|1699792412\n|-terastallize|p2a: Rillaboom|Grass\n|move|p2a: Rillaboom|Wood Hammer|p1a: Toxapex\n|-damage|p1a: Toxapex|13\/100\n|-damage|p2a: Rillaboom|66\/100|[from] Recoil\n|move|p1a: Toxapex|Toxic|p2a: Rillaboom\n|-status|p2a: Rillaboom|tox\n|\n|-weather|Snow|[upkeep]\n|-heal|p2a: Rillaboom|73\/100 tox|[from] Grassy Terrain\n|-heal|p2a: Rillaboom|79\/100 tox|[from] item: Leftovers\n|-heal|p1a: Toxapex|19\/100|[from] Grassy Terrain\n|-damage|p2a: Rillaboom|73\/100 tox|[from] psn\n|upkeep\n|turn|14\n|\n|t:|1699792421\n|switch|p1a: Heatran|Heatran, M, tera:Grass|100\/100\n|move|p2a: Rillaboom|U-turn|p1a: Heatran\n|-supereffective|p1a: Heatran\n|-damage|p1a: Heatran|56\/100\n|\n|t:|1699792425\n|switch|p2a: Blaziken|Blaziken, M|100\/100|[from] U-turn\n|\n|-weather|Snow|[upkeep]\n|-heal|p1a: Heatran|62\/100|[from] Grassy Terrain\n|-heal|p1a: Heatran|68\/100|[from] item: Leftovers\n|upkeep\n|turn|15\n|\n|t:|1699792432\n|move|p2a: Blaziken|Swords Dance|p2a: Blaziken\n|-boost|p2a: Blaziken|atk|2\n|move|p1a: Heatran|Earth Power|p2a: Blaziken\n|-supereffective|p2a: Blaziken\n|-damage|p2a: Blaziken|20\/100\n|\n|-weather|none\n|-heal|p2a: Blaziken|26\/100|[from] Grassy Terrain\n|-heal|p1a: Heatran|75\/100|[from] Grassy Terrain\n|-heal|p1a: Heatran|81\/100|[from] item: Leftovers\n|-fieldend|move: Grassy Terrain\n|-ability|p2a: Blaziken|Speed Boost|boost\n|-boost|p2a: Blaziken|spe|1\n|upkeep\n|turn|16\n|\n|t:|1699792448\n|switch|p1a: Garchomp|Garchomp, M|100\/100\n|move|p2a: Blaziken|Close Combat|p1a: Garchomp\n|-damage|p1a: Garchomp|0 fnt\n|-unboost|p2a: Blaziken|def|1\n|-unboost|p2a: Blaziken|spd|1\n|-damage|p2a: Blaziken|14\/100|[from] ability: Rough Skin|[of] p1a: Garchomp\n|faint|p1a: Garchomp\n|\n|-ability|p2a: Blaziken|Speed Boost|boost\n|-boost|p2a: Blaziken|spe|1\n|upkeep\n|j| dsfjghkszbryxp\n|\n|t:|1699792454\n|switch|p1a: Urshifu|Urshifu-Rapid-Strike, F|100\/100\n|turn|17\n|\n|t:|1699792457\n|move|p1a: Urshifu|Aqua Jet|p2a: Blaziken\n|-supereffective|p2a: Blaziken\n|-damage|p2a: Blaziken|0 fnt\n|faint|p2a: Blaziken\n|\n|upkeep\n|\n|t:|1699792467\n|switch|p2a: Urshifu|Urshifu-Rapid-Strike, F|100\/100\n|turn|18\n|\n|t:|1699792471\n|switch|p1a: Toxapex|Toxapex, F|53\/100\n|move|p2a: Urshifu|U-turn|p1a: Toxapex\n|-resisted|p1a: Toxapex\n|-damage|p1a: Toxapex|45\/100\n|\n|t:|1699792473\n|switch|p2a: Rillaboom|Rillaboom, M, tera:Grass|73\/100 tox|[from] U-turn\n|-fieldstart|move: Grassy Terrain|[from] ability: Grassy Surge|[of] p2a: Rillaboom\n|\n|-heal|p2a: Rillaboom|79\/100 tox|[from] Grassy Terrain\n|-heal|p2a: Rillaboom|85\/100 tox|[from] item: Leftovers\n|-heal|p1a: Toxapex|51\/100|[from] Grassy Terrain\n|-damage|p2a: Rillaboom|79\/100 tox|[from] psn\n|upkeep\n|turn|19\n|\n|t:|1699792483\n|switch|p1a: Heatran|Heatran, M, tera:Grass|81\/100\n|move|p2a: Rillaboom|Wood Hammer|p1a: Heatran\n|-resisted|p1a: Heatran\n|-damage|p1a: Heatran|34\/100\n|-damage|p2a: Rillaboom|64\/100 tox|[from] Recoil\n|\n|-heal|p2a: Rillaboom|70\/100 tox|[from] Grassy Terrain\n|-heal|p2a: Rillaboom|76\/100 tox|[from] item: Leftovers\n|-heal|p1a: Heatran|41\/100|[from] Grassy Terrain\n|-heal|p1a: Heatran|47\/100|[from] item: Leftovers\n|-damage|p2a: Rillaboom|64\/100 tox|[from] psn\n|upkeep\n|turn|20\n|\n|t:|1699792490\n|move|p2a: Rillaboom|U-turn|p1a: Heatran\n|-supereffective|p1a: Heatran\n|-damage|p1a: Heatran|6\/100\n|\n|t:|1699792493\n|switch|p2a: Garchomp|Garchomp-Mega, M|21\/100|[from] U-turn\n|move|p1a: Heatran|Magma Storm|p2a: Garchomp\n|-resisted|p2a: Garchomp\n|-damage|p2a: Garchomp|1\/100\n|-activate|p2a: Garchomp|move: Magma Storm|[of] p1a: Heatran\n|\n|-heal|p2a: Garchomp|7\/100|[from] Grassy Terrain\n|-heal|p1a: Heatran|13\/100|[from] Grassy Terrain\n|-heal|p1a: Heatran|19\/100|[from] item: Leftovers\n|-damage|p2a: Garchomp|0 fnt|[from] move: Magma Storm|[partiallytrapped]\n|faint|p2a: Garchomp\n|upkeep\n|\n|t:|1699792495\n|switch|p2a: Urshifu|Urshifu-Rapid-Strike, F|100\/100\n|turn|21\n|\n|t:|1699792501\n|switch|p1a: Tapu Koko|Tapu Koko|82\/100 tox\n|-fieldstart|move: Electric Terrain|[from] ability: Electric Surge|[of] p1a: Tapu Koko\n|move|p2a: Urshifu|U-turn|p1a: Tapu Koko\n|-resisted|p1a: Tapu Koko\n|-damage|p1a: Tapu Koko|66\/100 tox\n|\n|t:|1699792504\n|switch|p2a: Rillaboom|Rillaboom, M, tera:Grass|64\/100 tox|[from] U-turn\n|-fieldstart|move: Grassy Terrain|[from] ability: Grassy Surge|[of] p2a: Rillaboom\n|\n|-heal|p1a: Tapu Koko|72\/100 tox|[from] Grassy Terrain\n|-heal|p2a: Rillaboom|70\/100 tox|[from] Grassy Terrain\n|-heal|p2a: Rillaboom|76\/100 tox|[from] item: Leftovers\n|-damage|p1a: Tapu Koko|66\/100 tox|[from] psn\n|-damage|p2a: Rillaboom|70\/100 tox|[from] psn\n|upkeep\n|turn|22\n|j| hainiumm\n|\n|t:|1699792524\n|move|p2a: Rillaboom|Grassy Glide|p1a: Tapu Koko\n|-damage|p1a: Tapu Koko|0 fnt\n|faint|p1a: Tapu Koko\n|\n|-heal|p2a: Rillaboom|76\/100 tox|[from] Grassy Terrain\n|-heal|p2a: Rillaboom|83\/100 tox|[from] item: Leftovers\n|-damage|p2a: Rillaboom|70\/100 tox|[from] psn\n|upkeep\n|\n|t:|1699792529\n|switch|p1a: Toxapex|Toxapex, F|84\/100\n|turn|23\n|\n|t:|1699792535\n|switch|p2a: Slowking|Slowking, F|100\/100\n|move|p1a: Toxapex|Recover|p1a: Toxapex\n|-heal|p1a: Toxapex|100\/100\n|\n|upkeep\n|turn|24\n|\n|t:|1699792537\n|move|p1a: Toxapex|Toxic|p2a: Slowking\n|-status|p2a: Slowking|tox\n|move|p2a: Slowking|Future Sight|p1a: Toxapex\n|-start|p2a: Slowking|move: Future Sight\n|\n|-damage|p2a: Slowking|94\/100 tox|[from] psn\n|upkeep\n|turn|25\n|\n|t:|1699792541\n|switch|p1a: Urshifu|Urshifu-Rapid-Strike, F|100\/100\n|move|p2a: Slowking|Chilly Reception|p2a: Slowking\n|-weather|Snow\n|\n|t:|1699792547\n|switch|p2a: Zapdos|Zapdos|42\/100|[from] Chilly Reception\n|\n|-weather|Snow|[upkeep]\n|-fieldend|move: Grassy Terrain\n|upkeep\n|turn|26\n|\n|t:|1699792551\n|move|p1a: Urshifu|Surging Strikes|p2a: Zapdos\n|-crit|p2a: Zapdos\n|-damage|p2a: Zapdos|22\/100\n|-crit|p2a: Zapdos\n|-damage|p2a: Zapdos|0 fnt\n|faint|p2a: Zapdos\n|-hitcount|p2: Zapdos|2\n|\n|-weather|Snow|[upkeep]\n|-end|p1a: Urshifu|move: Future Sight\n|-supereffective|p1a: Urshifu\n|-damage|p1a: Urshifu|0 fnt\n|faint|p1a: Urshifu\n|upkeep\n|\n|t:|1699792560\n|switch|p1a: Heatran|Heatran, M, tera:Grass|19\/100\n|switch|p2a: Urshifu|Urshifu-Rapid-Strike, F|100\/100\n|turn|27\n|\n|t:|1699792563\n|switch|p1a: Toxapex|Toxapex, F|100\/100\n|move|p2a: Urshifu|U-turn|p1a: Toxapex\n|-resisted|p1a: Toxapex\n|-damage|p1a: Toxapex|93\/100\n|\n|t:|1699792565\n|switch|p2a: Slowking|Slowking, F|100\/100 tox|[from] U-turn\n|\n|-weather|Snow|[upkeep]\n|-damage|p2a: Slowking|94\/100 tox|[from] psn\n|upkeep\n|turn|28\n|\n|t:|1699792568\n|switch|p1a: Heatran|Heatran, M, tera:Grass|19\/100\n|move|p2a: Slowking|Future Sight|p1a: Heatran\n|-start|p2a: Slowking|move: Future Sight\n|\n|-weather|Snow|[upkeep]\n|-heal|p1a: Heatran|25\/100|[from] item: Leftovers\n|-damage|p2a: Slowking|82\/100 tox|[from] psn\n|upkeep\n|turn|29\n|\n|t:|1699792570\n|move|p1a: Heatran|Tera Blast|p2a: Slowking|[anim] Tera Blast Grass\n|-supereffective|p2a: Slowking\n|-damage|p2a: Slowking|40\/100 tox\n|move|p2a: Slowking|Toxic|p1a: Heatran\n|-status|p1a: Heatran|tox\n|\n|-weather|none\n|-heal|p1a: Heatran|31\/100 tox|[from] item: Leftovers\n|-damage|p1a: Heatran|25\/100 tox|[from] psn\n|-damage|p2a: Slowking|21\/100 tox|[from] psn\n|upkeep\n|turn|30\n|\n|t:|1699792579\n|switch|p2a: Urshifu|Urshifu-Rapid-Strike, F|100\/100\n|move|p1a: Heatran|Magma Storm|p2a: Urshifu\n|-resisted|p2a: Urshifu\n|-damage|p2a: Urshifu|68\/100\n|-activate|p2a: Urshifu|move: Magma Storm|[of] p1a: Heatran\n|\n|-end|p1a: Heatran|move: Future Sight\n|-damage|p1a: Heatran|1\/100 tox\n|-heal|p1a: Heatran|7\/100 tox|[from] item: Leftovers\n|-damage|p1a: Heatran|0 fnt|[from] psn\n|faint|p1a: Heatran\n|-end|p2a: Urshifu|Magma Storm|[partiallytrapped]|[silent]\n|upkeep\n|\n|t:|1699792582\n|switch|p1a: Toxapex|Toxapex, F|100\/100\n|turn|31\n|\n|t:|1699792584\n|switch|p2a: Slowking|Slowking, F|55\/100 tox\n|move|p1a: Toxapex|Scald|p2a: Slowking\n|-resisted|p2a: Slowking\n|-damage|p2a: Slowking|50\/100 tox\n|\n|-damage|p2a: Slowking|44\/100 tox|[from] psn\n|upkeep\n|turn|32\n|\n|t:|1699792588\n|move|p1a: Toxapex|Scald|p2a: Slowking\n|-resisted|p2a: Slowking\n|-damage|p2a: Slowking|39\/100 tox\n|move|p2a: Slowking|Future Sight|p1a: Toxapex\n|-start|p2a: Slowking|move: Future Sight\n|\n|-damage|p2a: Slowking|27\/100 tox|[from] psn\n|upkeep\n|turn|33\n|\n|t:|1699792592\n|move|p1a: Toxapex|Scald|p2a: Slowking\n|-resisted|p2a: Slowking\n|-damage|p2a: Slowking|22\/100 tox\n|move|p2a: Slowking|Chilly Reception|p2a: Slowking\n|-weather|Snow\n|\n|t:|1699792593\n|switch|p2a: Rillaboom|Rillaboom, M, tera:Grass|70\/100 tox|[from] Chilly Reception\n|-fieldstart|move: Grassy Terrain|[from] ability: Grassy Surge|[of] p2a: Rillaboom\n|\n|-weather|Snow|[upkeep]\n|-heal|p2a: Rillaboom|76\/100 tox|[from] Grassy Terrain\n|-heal|p2a: Rillaboom|83\/100 tox|[from] item: Leftovers\n|-damage|p2a: Rillaboom|76\/100 tox|[from] psn\n|upkeep\n|turn|34\n|\n|t:|1699792595\n|move|p2a: Rillaboom|Wood Hammer|p1a: Toxapex\n|-damage|p1a: Toxapex|33\/100\n|-damage|p2a: Rillaboom|60\/100 tox|[from] Recoil\n|move|p1a: Toxapex|Recover|p1a: Toxapex\n|-heal|p1a: Toxapex|83\/100\n|\n|-weather|Snow|[upkeep]\n|-end|p1a: Toxapex|move: Future Sight\n|-supereffective|p1a: Toxapex\n|-damage|p1a: Toxapex|11\/100\n|-heal|p2a: Rillaboom|66\/100 tox|[from] Grassy Terrain\n|-heal|p2a: Rillaboom|72\/100 tox|[from] item: Leftovers\n|-heal|p1a: Toxapex|17\/100|[from] Grassy Terrain\n|-damage|p2a: Rillaboom|60\/100 tox|[from] psn\n|upkeep\n|turn|35\n|-message|Escanor_cruel forfeited.\n|\n|win|fengfengzuikeai\n|raw|Escanor_cruel's rating: 1623 &rarr; <strong>1611<\/strong><br \/>(-12 for losing)\n|raw|fengfengzuikeai's rating: 1761 &rarr; <strong>1773<\/strong><br \/>(+12 for winning)\n|l|\u2606Escanor_cruel\n","uploadtime":1699792604,"views":4,"p1id":"escanorcruel","p2id":"fengfengzuikeai","formatid":"gen9nationaldex","rating":1611,"private":0,"password":""}