{"id":"gen9nationaldex-1990936810","p1":"GABRIEL_HU","p2":"spylent6","format":"[Gen 9] National Dex","log":"|j|\u2606GABRIEL_HU\n|j|\u2606spylent6\n|t:|1700017149\n|gametype|singles\n|player|p1|GABRIEL_HU|guitarist|1356\n|player|p2|spylent6|palmer|1306\n|teamsize|p1|6\n|teamsize|p2|6\n|gen|9\n|tier|[Gen 9] National Dex\n|rated|\n|rule|HP Percentage Mod: HP is shown in percentages\n|rule|Endless Battle Clause: Forcing endless battles is banned\n|rule|OHKO Clause: OHKO moves are banned\n|rule|Evasion Clause: Evasion abilities, items, and moves are banned\n|rule|Evasion Abilities Clause: Evasion abilities are banned\n|rule|Evasion Items Clause: Evasion items are banned\n|rule|Evasion Moves Clause: Evasion moves are banned\n|rule|Species Clause: Limit one of each Pok\u00e9mon\n|rule|Sleep Clause Mod: Limit one foe put to sleep\n|clearpoke\n|poke|p1|Garganacl, M|\n|poke|p1|Greninja-*, M|\n|poke|p1|Zapdos|\n|poke|p1|Great Tusk|\n|poke|p1|Heatran, F|\n|poke|p1|Scizor, F|\n|poke|p2|Hatterene, F|\n|poke|p2|Porygon2|\n|poke|p2|Mawile, M|\n|poke|p2|Crawdaunt, F|\n|poke|p2|Cresselia, F|\n|poke|p2|Cursola, F|\n|teampreview\n|inactive|Battle timer is ON: inactive players will automatically lose when time's up. (requested by spylent6)\n|\n|t:|1700017160\n|start\n|switch|p1a: Great Tusk|Great Tusk|100\/100\n|switch|p2a: Mawile|Mawile, M|100\/100\n|-ability|p2a: Mawile|Intimidate|boost\n|-unboost|p1a: Great Tusk|atk|1\n|turn|1\n|\n|t:|1700017165\n|switch|p2a: Cresselia|Cresselia, F|100\/100\n|move|p1a: Great Tusk|Headlong Rush|p2a: Cresselia\n|-immune|p2a: Cresselia|[from] ability: Levitate\n|\n|upkeep\n|turn|2\n|\n|t:|1700017173\n|-end|p1a: Great Tusk|Protosynthesis|[silent]\n|switch|p1a: Scizor|Scizor, F|100\/100\n|switch|p2a: Hatterene|Hatterene, F|100\/100\n|\n|upkeep\n|turn|3\n|\n|t:|1700017181\n|switch|p2a: Mawile|Mawile, M|100\/100\n|-ability|p2a: Mawile|Intimidate|boost\n|-unboost|p1a: Scizor|atk|1\n|detailschange|p1a: Scizor|Scizor-Mega, F\n|-mega|p1a: Scizor|Scizor|Scizorite\n|move|p1a: Scizor|Bullet Punch|p2a: Mawile\n|-damage|p2a: Mawile|77\/100\n|\n|upkeep\n|turn|4\n|\n|t:|1700017199\n|switch|p1a: Zapdos|Zapdos|100\/100\n|detailschange|p2a: Mawile|Mawile-Mega, M\n|-mega|p2a: Mawile|Mawile|Mawilite\n|move|p2a: Mawile|Thunder Punch|p1a: Zapdos\n|-damage|p1a: Zapdos|68\/100\n|-status|p2a: Mawile|par|[from] ability: Static|[of] p1a: Zapdos\n|\n|upkeep\n|turn|5\n|\n|t:|1700017207\n|move|p1a: Zapdos|Roost|p1a: Zapdos\n|-heal|p1a: Zapdos|100\/100\n|-singleturn|p1a: Zapdos|move: Roost\n|move|p2a: Mawile|Play Rough|p1a: Zapdos\n|-damage|p1a: Zapdos|37\/100\n|\n|upkeep\n|turn|6\n|\n|t:|1700017216\n|move|p1a: Zapdos|Roost|p1a: Zapdos\n|-heal|p1a: Zapdos|87\/100\n|-singleturn|p1a: Zapdos|move: Roost\n|move|p2a: Mawile|Thunder Punch|p1a: Zapdos\n|-resisted|p1a: Zapdos\n|-damage|p1a: Zapdos|68\/100\n|\n|upkeep\n|turn|7\n|\n|t:|1700017221\n|move|p1a: Zapdos|U-turn|p2a: Mawile\n|-resisted|p2a: Mawile\n|-damage|p2a: Mawile|74\/100 par\n|\n|t:|1700017227\n|switch|p1a: Heatran|Heatran, F|100\/100|[from] U-turn\n|move|p2a: Mawile|Play Rough|p1a: Heatran\n|-resisted|p1a: Heatran\n|-damage|p1a: Heatran|81\/100\n|-damage|p2a: Mawile|58\/100 par|[from] item: Rocky Helmet|[of] p1a: Heatran\n|\n|upkeep\n|turn|8\n|\n|t:|1700017236\n|switch|p2a: Porygon2|Porygon2|100\/100\n|-ability|p2a: Porygon2|Flash Fire|[from] ability: Trace|[of] p1a: Heatran\n|move|p1a: Heatran|Stealth Rock|p2a: Porygon2\n|-sidestart|p2: spylent6|move: Stealth Rock\n|\n|upkeep\n|turn|9\n|\n|t:|1700017240\n|move|p1a: Heatran|Toxic|p2a: Porygon2\n|-status|p2a: Porygon2|tox\n|move|p2a: Porygon2|Trick Room|p2a: Porygon2\n|-fieldstart|move: Trick Room|[of] p2a: Porygon2\n|\n|-damage|p2a: Porygon2|94\/100 tox|[from] psn\n|upkeep\n|turn|10\n|\n|t:|1700017244\n|move|p1a: Heatran|Protect|p1a: Heatran\n|-singleturn|p1a: Heatran|Protect\n|move|p2a: Porygon2|Teleport|p2a: Porygon2\n|\n|t:|1700017247\n|switch|p2a: Crawdaunt|Crawdaunt, F, shiny|100\/100|[from] Teleport\n|-damage|p2a: Crawdaunt|88\/100|[from] Stealth Rock\n|\n|upkeep\n|turn|11\n|\n|t:|1700017254\n|switch|p1a: Zapdos|Zapdos|68\/100\n|move|p2a: Crawdaunt|Knock Off|p1a: Zapdos\n|-damage|p1a: Zapdos|4\/100\n|-status|p2a: Crawdaunt|par|[from] ability: Static|[of] p1a: Zapdos\n|-enditem|p1a: Zapdos|Heavy-Duty Boots|[from] move: Knock Off|[of] p2a: Crawdaunt\n|-damage|p2a: Crawdaunt|78\/100 par|[from] item: Life Orb\n|\n|upkeep\n|turn|12\n|\n|t:|1700017271\n|switch|p1a: Great Tusk|Great Tusk|100\/100\n|cant|p2a: Crawdaunt|par\n|\n|upkeep\n|turn|13\n|\n|t:|1700017280\n|move|p2a: Crawdaunt|Crabhammer|p1a: Great Tusk\n|-supereffective|p1a: Great Tusk\n|-damage|p1a: Great Tusk|0 fnt\n|faint|p1a: Great Tusk\n|-end|p1a: Great Tusk|Protosynthesis|[silent]\n|-damage|p2a: Crawdaunt|68\/100 par|[from] item: Life Orb\n|\n|-fieldend|move: Trick Room\n|upkeep\n|\n|t:|1700017283\n|switch|p1a: Zapdos|Zapdos|4\/100\n|turn|14\n|\n|t:|1700017285\n|move|p2a: Crawdaunt|Aqua Jet|p1a: Zapdos\n|-damage|p1a: Zapdos|0 fnt\n|faint|p1a: Zapdos\n|-damage|p2a: Crawdaunt|58\/100 par|[from] item: Life Orb\n|\n|upkeep\n|\n|t:|1700017289\n|switch|p1a: Garganacl|Garganacl, M, shiny|100\/100\n|turn|15\n|\n|t:|1700017296\n|-terastallize|p1a: Garganacl|Water\n|move|p1a: Garganacl|Body Press|p2a: Crawdaunt\n|-supereffective|p2a: Crawdaunt\n|-damage|p2a: Crawdaunt|0 fnt\n|faint|p2a: Crawdaunt\n|\n|upkeep\n|\n|t:|1700017308\n|switch|p2a: Hatterene|Hatterene, F|100\/100\n|-damage|p2a: Hatterene|88\/100|[from] Stealth Rock\n|turn|16\n|\n|t:|1700017311\n|move|p1a: Garganacl|Salt Cure|p2a: Hatterene\n|-damage|p2a: Hatterene|72\/100\n|-start|p2a: Hatterene|Salt Cure\n|move|p2a: Hatterene|Trick Room|p2a: Hatterene\n|-fieldstart|move: Trick Room|[of] p2a: Hatterene\n|\n|-damage|p2a: Hatterene|60\/100|[from] Salt Cure\n|upkeep\n|turn|17\n|\n|t:|1700017320\n|move|p2a: Hatterene|Healing Wish|p2a: Hatterene\n|faint|p2a: Hatterene\n|move|p1a: Garganacl|Iron Defense|p1a: Garganacl\n|-boost|p1a: Garganacl|def|2\n|\n|upkeep\n|\n|t:|1700017323\n|switch|p2a: Cursola|Cursola, F|100\/100\n|-damage|p2a: Cursola|88\/100|[from] Stealth Rock\n|turn|18\n|\n|t:|1700017333\n|-terastallize|p2a: Cursola|Ghost\n|move|p2a: Cursola|Shadow Ball|p1a: Garganacl\n|-crit|p1a: Garganacl\n|-damage|p1a: Garganacl|50\/100\n|-unboost|p1a: Garganacl|spd|1\n|move|p1a: Garganacl|Salt Cure|p2a: Cursola\n|-crit|p2a: Cursola\n|-damage|p2a: Cursola|44\/100\n|-start|p2a: Cursola|Salt Cure\n|\n|-heal|p1a: Garganacl|56\/100|[from] item: Leftovers\n|-damage|p2a: Cursola|32\/100|[from] Salt Cure\n|upkeep\n|turn|19\n|\n|t:|1700017344\n|move|p2a: Cursola|Shadow Ball|p1a: Garganacl\n|-damage|p1a: Garganacl|6\/100\n|-unboost|p1a: Garganacl|spd|1\n|move|p1a: Garganacl|Recover|p1a: Garganacl\n|-heal|p1a: Garganacl|56\/100\n|\n|-heal|p1a: Garganacl|62\/100|[from] item: Leftovers\n|-damage|p2a: Cursola|20\/100|[from] Salt Cure\n|upkeep\n|turn|20\n|\n|t:|1700017350\n|switch|p1a: Greninja|Greninja, M|100\/100\n|move|p2a: Cursola|Shadow Ball|p1a: Greninja\n|-resisted|p1a: Greninja\n|-damage|p1a: Greninja|25\/100\n|\n|-damage|p2a: Cursola|7\/100|[from] Salt Cure\n|-fieldend|move: Trick Room\n|upkeep\n|turn|21\n|\n|t:|1700017356\n|move|p1a: Greninja|Water Shuriken|p2a: Cursola\n|-damage|p2a: Cursola|0 fnt\n|faint|p2a: Cursola\n|-ability|p1a: Greninja|Battle Bond|boost\n|-boost|p1a: Greninja|atk|1\n|-boost|p1a: Greninja|spa|1\n|-boost|p1a: Greninja|spe|1\n|-activate|p1a: Greninja|ability: Battle Bond\n|-hitcount|p2: Cursola|1\n|-damage|p1a: Greninja|15\/100|[from] item: Life Orb\n|\n|upkeep\n|\n|t:|1700017360\n|switch|p2a: Mawile|Mawile-Mega, M|58\/100 par\n|-heal|p2a: Mawile|100\/100|[from] move: Healing Wish\n|-damage|p2a: Mawile|95\/100|[from] Stealth Rock\n|turn|22\n|\n|t:|1700017369\n|move|p2a: Mawile|Sucker Punch|p1a: Greninja\n|-resisted|p1a: Greninja\n|-damage|p1a: Greninja|0 fnt\n|faint|p1a: Greninja\n|\n|upkeep\n|\n|t:|1700017372\n|switch|p1a: Heatran|Heatran, F|81\/100\n|turn|23\n|\n|t:|1700017376\n|switch|p2a: Porygon2|Porygon2|94\/100 tox\n|-damage|p2a: Porygon2|82\/100 tox|[from] Stealth Rock\n|-ability|p2a: Porygon2|Flash Fire|[from] ability: Trace|[of] p1a: Heatran\n|move|p1a: Heatran|Protect||[still]\n|-fail|p1a: Heatran\n|\n|-damage|p2a: Porygon2|76\/100 tox|[from] psn\n|upkeep\n|turn|24\n|\n|t:|1700017380\n|move|p1a: Heatran|Magma Storm|p2a: Porygon2\n|-start|p2a: Porygon2|ability: Flash Fire\n|move|p2a: Porygon2|Trick Room|p2a: Porygon2\n|-fieldstart|move: Trick Room|[of] p2a: Porygon2\n|\n|-damage|p2a: Porygon2|64\/100 tox|[from] psn\n|upkeep\n|turn|25\n|\n|t:|1700017385\n|move|p1a: Heatran|Protect|p1a: Heatran\n|-singleturn|p1a: Heatran|Protect\n|move|p2a: Porygon2|Teleport|p2a: Porygon2\n|\n|t:|1700017387\n|-end|p2a: Porygon2|ability: Flash Fire|[silent]\n|switch|p2a: Mawile|Mawile-Mega, M|95\/100|[from] Teleport\n|-damage|p2a: Mawile|89\/100|[from] Stealth Rock\n|\n|upkeep\n|turn|26\n|\n|t:|1700017399\n|move|p2a: Mawile|Thunder Punch|p1a: Heatran\n|-damage|p1a: Heatran|37\/100\n|-damage|p2a: Mawile|72\/100|[from] item: Rocky Helmet|[of] p1a: Heatran\n|move|p1a: Heatran|Magma Storm|p2a: Mawile\n|-supereffective|p2a: Mawile\n|-damage|p2a: Mawile|0 fnt\n|faint|p2a: Mawile\n|\n|upkeep\n|\n|t:|1700017402\n|switch|p2a: Porygon2|Porygon2|64\/100 tox\n|-damage|p2a: Porygon2|51\/100 tox|[from] Stealth Rock\n|-ability|p2a: Porygon2|Flash Fire|[from] ability: Trace|[of] p1a: Heatran\n|turn|27\n|\n|t:|1700017408\n|move|p1a: Heatran|Protect|p1a: Heatran\n|-singleturn|p1a: Heatran|Protect\n|move|p2a: Porygon2|Recover|p2a: Porygon2\n|-heal|p2a: Porygon2|100\/100 tox\n|\n|-damage|p2a: Porygon2|94\/100 tox|[from] psn\n|upkeep\n|turn|28\n|\n|t:|1700017418\n|move|p2a: Porygon2|Ice Beam|p1a: Heatran\n|-resisted|p1a: Heatran\n|-damage|p1a: Heatran|34\/100\n|move|p1a: Heatran|Magma Storm|p2a: Porygon2\n|-start|p2a: Porygon2|ability: Flash Fire\n|\n|-damage|p2a: Porygon2|82\/100 tox|[from] psn\n|-fieldend|move: Trick Room\n|upkeep\n|turn|29\n|\n|t:|1700017422\n|move|p1a: Heatran|Protect|p1a: Heatran\n|-singleturn|p1a: Heatran|Protect\n|move|p2a: Porygon2|Teleport|p2a: Porygon2\n|\n|t:|1700017424\n|-end|p2a: Porygon2|ability: Flash Fire|[silent]\n|switch|p2a: Cresselia|Cresselia, F|100\/100|[from] Teleport\n|-damage|p2a: Cresselia|88\/100|[from] Stealth Rock\n|\n|upkeep\n|turn|30\n|\n|t:|1700017426\n|move|p1a: Heatran|Toxic|p2a: Cresselia\n|-status|p2a: Cresselia|tox\n|move|p2a: Cresselia|Moonblast|p1a: Heatran\n|-resisted|p1a: Heatran\n|-damage|p1a: Heatran|31\/100\n|\n|-damage|p2a: Cresselia|82\/100 tox|[from] psn\n|upkeep\n|turn|31\n|\n|t:|1700017431\n|move|p1a: Heatran|Magma Storm|p2a: Cresselia\n|-damage|p2a: Cresselia|54\/100 tox\n|-activate|p2a: Cresselia|move: Magma Storm|[of] p1a: Heatran\n|move|p2a: Cresselia|Moonblast|p1a: Heatran\n|-resisted|p1a: Heatran\n|-damage|p1a: Heatran|28\/100\n|-unboost|p1a: Heatran|spa|1\n|\n|-damage|p2a: Cresselia|42\/100 tox|[from] psn\n|-damage|p2a: Cresselia|30\/100 tox|[from] move: Magma Storm|[partiallytrapped]\n|upkeep\n|turn|32\n|\n|t:|1700017436\n|move|p1a: Heatran|Protect|p1a: Heatran\n|-singleturn|p1a: Heatran|Protect\n|move|p2a: Cresselia|Trick Room|p2a: Cresselia\n|-fieldstart|move: Trick Room|[of] p2a: Cresselia\n|\n|-damage|p2a: Cresselia|11\/100 tox|[from] psn\n|-damage|p2a: Cresselia|0 fnt|[from] move: Magma Storm|[partiallytrapped]\n|faint|p2a: Cresselia\n|upkeep\n|\n|t:|1700017439\n|switch|p2a: Porygon2|Porygon2|82\/100 tox\n|-damage|p2a: Porygon2|70\/100 tox|[from] Stealth Rock\n|-ability|p2a: Porygon2|Flash Fire|[from] ability: Trace|[of] p1a: Heatran\n|turn|33\n|-message|spylent6 forfeited.\n|\n|win|GABRIEL_HU\n|raw|GABRIEL_HU's rating: 1356 &rarr; <strong>1373<\/strong><br \/>(+17 for winning)\n|raw|spylent6's rating: 1306 &rarr; <strong>1289<\/strong><br \/>(-17 for losing)\n|l|\u2606spylent6\n","uploadtime":1700017445,"views":4,"p1id":"gabrielhu","p2id":"spylent6","formatid":"gen9nationaldex","rating":1289,"private":0,"password":""}