{"id":"gen9nationaldex-1997522461","p1":"QIxhQI","p2":"renp5","format":"[Gen 9] National Dex","log":"|html|<div class=\"broadcast-blue\"><strong>[Gen 9] National Dex is currently suspecting Sneasler! For information on how to participate check out the <a href=\"https:\/\/www.smogon.com\/forums\/threads\/sv-national-dex-suspect-8-just-dance.3731534\/\">suspect thread<\/a>.<\/strong><\/div>\n|j|\u2606QIxhQI\n|j|\u2606renp5\n|t:|1700819699\n|gametype|singles\n|player|p1|QIxhQI|170|1585\n|player|p2|renp5|cynthia-gen7|1647\n|teamsize|p1|6\n|teamsize|p2|6\n|gen|9\n|tier|[Gen 9] National Dex\n|rated|\n|rule|HP Percentage Mod: HP is shown in percentages\n|rule|Endless Battle Clause: Forcing endless battles is banned\n|rule|OHKO Clause: OHKO moves are banned\n|rule|Evasion Clause: Evasion abilities, items, and moves are banned\n|rule|Evasion Abilities Clause: Evasion abilities are banned\n|rule|Evasion Items Clause: Evasion items are banned\n|rule|Evasion Moves Clause: Evasion moves are banned\n|rule|Species Clause: Limit one of each Pok\u00e9mon\n|rule|Sleep Clause Mod: Limit one foe put to sleep\n|clearpoke\n|poke|p1|Mawile, M|\n|poke|p1|Marowak-Alola, M|\n|poke|p1|Hatterene, F|\n|poke|p1|Cresselia, F|\n|poke|p1|Porygon2|\n|poke|p1|Ursaluna, M|\n|poke|p2|Greninja-*, M|\n|poke|p2|Slowking-Galar, F|\n|poke|p2|Heatran, F|\n|poke|p2|Rillaboom, F|\n|poke|p2|Medicham, F|\n|poke|p2|Gliscor, M|\n|teampreview\n|inactive|Battle timer is ON: inactive players will automatically lose when time's up. (requested by QIxhQI)\n|\n|t:|1700819715\n|start\n|switch|p1a: Hatterene|Hatterene, F|100\/100\n|switch|p2a: Medicham|Medicham, F|100\/100\n|turn|1\n|\n|t:|1700819722\n|switch|p1a: Marowak|Marowak-Alola, M|100\/100\n|detailschange|p2a: Medicham|Medicham-Mega, F\n|-mega|p2a: Medicham|Medicham|Medichamite\n|move|p2a: Medicham|Fake Out|p1a: Marowak\n|-immune|p1a: Marowak\n|\n|upkeep\n|turn|2\n|\n|t:|1700819742\n|move|p2a: Medicham|Zen Headbutt|p1a: Marowak\n|-damage|p1a: Marowak|31\/100\n|move|p1a: Marowak|Poltergeist|p2a: Medicham\n|-activate|p2a: Medicham|move: Poltergeist|Medichamite\n|-supereffective|p2a: Medicham\n|-damage|p2a: Medicham|0 fnt\n|faint|p2a: Medicham\n|\n|upkeep\n|\n|t:|1700819747\n|switch|p2a: Greninja|Greninja, M|100\/100\n|turn|3\n|\n|t:|1700819758\n|switch|p1a: Cresselia|Cresselia, F|100\/100\n|move|p2a: Greninja|Dark Pulse|p1a: Cresselia\n|-supereffective|p1a: Cresselia\n|-enditem|p1a: Cresselia|Colbur Berry|[eat]\n|-enditem|p1a: Cresselia|Colbur Berry|[weaken]\n|-damage|p1a: Cresselia|66\/100\n|\n|upkeep\n|turn|4\n|\n|t:|1700819771\n|switch|p1a: Porygon2|Porygon2|100\/100\n|move|p2a: Greninja|Dark Pulse|p1a: Porygon2\n|-damage|p1a: Porygon2|68\/100\n|\n|upkeep\n|turn|5\n|inactive|renp5 has 120 seconds left.\n|\n|t:|1700819815\n|switch|p2a: Slowking|Slowking-Galar, F|100\/100\n|-ability|p1a: Porygon2|Regenerator|[from] ability: Trace|[of] p2a: Slowking\n|move|p1a: Porygon2|Teleport|p1a: Porygon2\n|\n|t:|1700819827\n|switch|p1a: Ursaluna|Ursaluna, M|100\/100|[from] Teleport\n|\n|-status|p1a: Ursaluna|brn|[from] item: Flame Orb\n|upkeep\n|turn|6\n|inactive|renp5 has 120 seconds left.\n|\n|t:|1700819848\n|switch|p2a: Heatran|Heatran, F|100\/100\n|move|p1a: Ursaluna|Facade|p2a: Heatran\n|-resisted|p2a: Heatran\n|-damage|p2a: Heatran|48\/100\n|\n|-heal|p2a: Heatran|54\/100|[from] item: Leftovers\n|-damage|p1a: Ursaluna|94\/100 brn|[from] brn\n|upkeep\n|turn|7\n|\n|t:|1700819857\n|move|p2a: Heatran|Magma Storm|p1a: Ursaluna\n|-damage|p1a: Ursaluna|54\/100 brn\n|-activate|p1a: Ursaluna|move: Magma Storm|[of] p2a: Heatran\n|move|p1a: Ursaluna|Earthquake|p2a: Heatran\n|-supereffective|p2a: Heatran\n|-crit|p2a: Heatran\n|-damage|p2a: Heatran|0 fnt\n|faint|p2a: Heatran\n|\n|-damage|p1a: Ursaluna|48\/100 brn|[from] brn\n|-end|p1a: Ursaluna|Magma Storm|[partiallytrapped]|[silent]\n|upkeep\n|\n|t:|1700819862\n|switch|p2a: Greninja|Greninja, M|100\/100\n|turn|8\n|\n|t:|1700819877\n|switch|p1a: Marowak|Marowak-Alola, M|31\/100\n|move|p2a: Greninja|Hydro Pump|p1a: Marowak\n|-supereffective|p1a: Marowak\n|-damage|p1a: Marowak|0 fnt\n|faint|p1a: Marowak\n|-ability|p2a: Greninja|Battle Bond|boost\n|-boost|p2a: Greninja|atk|1\n|-boost|p2a: Greninja|spa|1\n|-boost|p2a: Greninja|spe|1\n|-activate|p2a: Greninja|ability: Battle Bond\n|\n|upkeep\n|\n|t:|1700819882\n|switch|p1a: Hatterene|Hatterene, F|100\/100\n|turn|9\n|\n|t:|1700819887\n|-terastallize|p2a: Greninja|Water\n|move|p2a: Greninja|Hydro Pump|p1a: Hatterene\n|-enditem|p1a: Hatterene|Focus Sash\n|-damage|p1a: Hatterene|1\/100\n|move|p1a: Hatterene|Trick Room|p1a: Hatterene\n|-fieldstart|move: Trick Room|[of] p1a: Hatterene\n|\n|upkeep\n|turn|10\n|\n|t:|1700819901\n|switch|p2a: Slowking|Slowking-Galar, F|100\/100\n|move|p1a: Hatterene|Healing Wish|p1a: Hatterene\n|faint|p1a: Hatterene\n|\n|upkeep\n|\n|t:|1700819911\n|switch|p1a: Ursaluna|Ursaluna, M|48\/100 brn\n|-heal|p1a: Ursaluna|100\/100|[from] move: Healing Wish\n|turn|11\n|\n|t:|1700819915\n|switch|p2a: Gliscor|Gliscor, M|100\/100\n|move|p1a: Ursaluna|Swords Dance|p1a: Ursaluna\n|-boost|p1a: Ursaluna|atk|2\n|\n|-status|p1a: Ursaluna|brn|[from] item: Flame Orb\n|-status|p2a: Gliscor|tox|[from] item: Toxic Orb\n|upkeep\n|turn|12\n|\n|t:|1700819920\n|move|p2a: Gliscor|Protect|p2a: Gliscor\n|-singleturn|p2a: Gliscor|Protect\n|move|p1a: Ursaluna|Facade|p2a: Gliscor\n|-activate|p2a: Gliscor|move: Protect\n|\n|-damage|p1a: Ursaluna|94\/100 brn|[from] brn\n|upkeep\n|turn|13\n|\n|t:|1700819923\n|switch|p2a: Slowking|Slowking-Galar, F|100\/100\n|move|p1a: Ursaluna|Facade|p2a: Slowking\n|-damage|p2a: Slowking|0 fnt\n|faint|p2a: Slowking\n|\n|-damage|p1a: Ursaluna|88\/100 brn|[from] brn\n|-fieldend|move: Trick Room\n|upkeep\n|\n|t:|1700819930\n|switch|p2a: Rillaboom|Rillaboom, F|100\/100\n|-fieldstart|move: Grassy Terrain|[from] ability: Grassy Surge|[of] p2a: Rillaboom\n|turn|14\n|\n|t:|1700819935\n|switch|p1a: Mawile|Mawile, M|100\/100\n|-ability|p1a: Mawile|Intimidate|boost\n|-unboost|p2a: Rillaboom|atk|1\n|move|p2a: Rillaboom|Wood Hammer|p1a: Mawile\n|-resisted|p1a: Mawile\n|-damage|p1a: Mawile|48\/100\n|-damage|p2a: Rillaboom|85\/100|[from] Recoil\n|\n|-heal|p2a: Rillaboom|91\/100|[from] Grassy Terrain\n|-heal|p1a: Mawile|54\/100|[from] Grassy Terrain\n|upkeep\n|turn|15\n|inactive|QIxhQI has 120 seconds left.\n|\n|t:|1700819968\n|switch|p2a: Gliscor|Gliscor, M|100\/100 tox\n|detailschange|p1a: Mawile|Mawile-Mega, M\n|-mega|p1a: Mawile|Mawile|Mawilite\n|move|p1a: Mawile|Play Rough|p2a: Gliscor\n|-damage|p2a: Gliscor|28\/100 tox\n|\n|-heal|p1a: Mawile|60\/100|[from] Grassy Terrain\n|-heal|p2a: Gliscor|40\/100 tox|[from] ability: Poison Heal\n|upkeep\n|turn|16\n|\n|t:|1700819976\n|move|p2a: Gliscor|Earthquake|p1a: Mawile\n|-supereffective|p1a: Mawile\n|-damage|p1a: Mawile|28\/100\n|move|p1a: Mawile|Ice Punch|p2a: Gliscor\n|-supereffective|p2a: Gliscor\n|-damage|p2a: Gliscor|0 fnt\n|faint|p2a: Gliscor\n|\n|-heal|p1a: Mawile|34\/100|[from] Grassy Terrain\n|upkeep\n|\n|t:|1700819979\n|switch|p2a: Greninja|Greninja, M, tera:Water|100\/100\n|turn|17\n|\n|t:|1700819985\n|move|p1a: Mawile|Sucker Punch|p2a: Greninja\n|-damage|p2a: Greninja|19\/100\n|move|p2a: Greninja|Hydro Pump|p1a: Mawile\n|-damage|p1a: Mawile|0 fnt\n|faint|p1a: Mawile\n|\n|-heal|p2a: Greninja|25\/100|[from] Grassy Terrain\n|upkeep\n|\n|t:|1700819997\n|switch|p1a: Porygon2|Porygon2|100\/100\n|turn|18\n|\n|t:|1700820006\n|move|p2a: Greninja|Hydro Pump|p1a: Porygon2\n|-damage|p1a: Porygon2|48\/100\n|move|p1a: Porygon2|Trick Room|p1a: Porygon2\n|-fieldstart|move: Trick Room|[of] p1a: Porygon2\n|\n|-heal|p1a: Porygon2|54\/100|[from] Grassy Terrain\n|-heal|p2a: Greninja|31\/100|[from] Grassy Terrain\n|-fieldend|move: Grassy Terrain\n|upkeep\n|turn|19\n|\n|t:|1700820014\n|move|p1a: Porygon2|Thunderbolt|p2a: Greninja\n|-supereffective|p2a: Greninja\n|-damage|p2a: Greninja|0 fnt\n|faint|p2a: Greninja\n|\n|upkeep\n|\n|t:|1700820020\n|switch|p2a: Rillaboom|Rillaboom, F|91\/100\n|-fieldstart|move: Grassy Terrain|[from] ability: Grassy Surge|[of] p1a: Porygon2\n|-ability|p1a: Porygon2|Grassy Surge|[from] ability: Trace|[of] p2a: Rillaboom\n|turn|20\n|\n|t:|1700820024\n|move|p2a: Rillaboom|Grassy Glide|p1a: Porygon2\n|-damage|p1a: Porygon2|25\/100\n|move|p1a: Porygon2|Teleport|p1a: Porygon2\n|\n|t:|1700820028\n|switch|p1a: Ursaluna|Ursaluna, M|88\/100 brn|[from] Teleport\n|\n|-heal|p1a: Ursaluna|94\/100 brn|[from] Grassy Terrain\n|-heal|p2a: Rillaboom|98\/100|[from] Grassy Terrain\n|-damage|p1a: Ursaluna|88\/100 brn|[from] brn\n|upkeep\n|turn|21\n|\n|t:|1700820031\n|-terastallize|p1a: Ursaluna|Normal\n|move|p2a: Rillaboom|Grassy Glide|p1a: Ursaluna\n|-damage|p1a: Ursaluna|49\/100 brn\n|move|p1a: Ursaluna|Fire Punch|p2a: Rillaboom\n|-supereffective|p2a: Rillaboom\n|-damage|p2a: Rillaboom|2\/100\n|\n|-heal|p1a: Ursaluna|55\/100 brn|[from] Grassy Terrain\n|-heal|p2a: Rillaboom|8\/100|[from] Grassy Terrain\n|-damage|p1a: Ursaluna|49\/100 brn|[from] brn\n|upkeep\n|turn|22\n|-message|renp5 forfeited.\n|\n|win|QIxhQI\n|raw|QIxhQI's rating: 1585 &rarr; <strong>1609<\/strong><br \/>(+24 for winning)\n|raw|renp5's rating: 1647 &rarr; <strong>1623<\/strong><br \/>(-24 for losing)\n|l|\u2606renp5\n","uploadtime":1700820044,"views":3,"p1id":"qixhqi","p2id":"renp5","formatid":"gen9nationaldex","rating":1609,"private":0,"password":""}