{"id":"gen9nationaldex-1993412742","p1":"Percy_Valdez","p2":"ralca 1","format":"[Gen 9] National Dex","log":"|j|\u2606Percy_Valdez\n|j|\u2606ralca 1\n|t:|1700314468\n|gametype|singles\n|player|p1|Percy_Valdez|lucas|1020\n|player|p2|ralca 1|steven|1083\n|teamsize|p1|6\n|teamsize|p2|6\n|gen|9\n|tier|[Gen 9] National Dex\n|rated|\n|rule|HP Percentage Mod: HP is shown in percentages\n|rule|Endless Battle Clause: Forcing endless battles is banned\n|rule|OHKO Clause: OHKO moves are banned\n|rule|Evasion Clause: Evasion abilities, items, and moves are banned\n|rule|Evasion Abilities Clause: Evasion abilities are banned\n|rule|Evasion Items Clause: Evasion items are banned\n|rule|Evasion Moves Clause: Evasion moves are banned\n|rule|Species Clause: Limit one of each Pok\u00e9mon\n|rule|Sleep Clause Mod: Limit one foe put to sleep\n|clearpoke\n|poke|p1|Ferrothorn, M|\n|poke|p1|Kommo-o, M|\n|poke|p1|Corviknight, M|\n|poke|p1|Lopunny, M|\n|poke|p1|Tapu Lele|\n|poke|p1|Thundurus-Therian, M|\n|poke|p2|Samurott, M|\n|poke|p2|Emboar, F|\n|poke|p2|Serperior, F|\n|poke|p2|Unfezant, F|\n|poke|p2|Haxorus, M|\n|poke|p2|Hydreigon, M|\n|teampreview\n|\n|t:|1700314482\n|start\n|switch|p1a: Ferrothorn|Ferrothorn, M|100\/100\n|switch|p2a: Unfezant|Unfezant, F|100\/100\n|turn|1\n|\n|t:|1700314493\n|move|p2a: Unfezant|Tailwind|p2a: Unfezant\n|-sidestart|p2: ralca 1|move: Tailwind\n|move|p1a: Ferrothorn|Frustration|p2a: Unfezant\n|-damage|p2a: Unfezant|59\/100\n|\n|upkeep\n|turn|2\n|\n|t:|1700314505\n|switch|p2a: Emboar|Emboar, F|100\/100\n|move|p1a: Ferrothorn|Gyro Ball|p2a: Emboar\n|-resisted|p2a: Emboar\n|-damage|p2a: Emboar|64\/100\n|\n|upkeep\n|turn|3\n|\n|t:|1700314514\n|move|p2a: Emboar|Flare Blitz|p1a: Ferrothorn\n|-supereffective|p1a: Ferrothorn\n|-damage|p1a: Ferrothorn|0 fnt\n|-damage|p2a: Emboar|52\/100|[from] ability: Iron Barbs|[of] p1a: Ferrothorn\n|-damage|p2a: Emboar|35\/100|[from] item: Rocky Helmet|[of] p1a: Ferrothorn\n|faint|p1a: Ferrothorn\n|-damage|p2a: Emboar|9\/100|[from] Recoil\n|\n|upkeep\n|\n|t:|1700314530\n|switch|p1a: Lopunny|Lopunny, M|100\/100\n|turn|4\n|\n|t:|1700314539\n|detailschange|p1a: Lopunny|Lopunny-Mega, M\n|-mega|p1a: Lopunny|Lopunny|Lopunnite\n|move|p1a: Lopunny|Close Combat|p2a: Emboar\n|-damage|p2a: Emboar|0 fnt\n|-unboost|p1a: Lopunny|def|1\n|-unboost|p1a: Lopunny|spd|1\n|faint|p2a: Emboar\n|\n|-sideend|p2: ralca 1|move: Tailwind\n|upkeep\n|\n|t:|1700314550\n|switch|p2a: Unfezant|Unfezant, F|59\/100\n|turn|5\n|\n|t:|1700314555\n|move|p1a: Lopunny|Return|p2a: Unfezant\n|-damage|p2a: Unfezant|0 fnt\n|faint|p2a: Unfezant\n|\n|upkeep\n|\n|t:|1700314561\n|switch|p2a: Samurott|Samurott, M|100\/100\n|turn|6\n|\n|t:|1700314566\n|move|p1a: Lopunny|Return|p2a: Samurott\n|-damage|p2a: Samurott|48\/100\n|move|p2a: Samurott|Swords Dance|p2a: Samurott\n|-boost|p2a: Samurott|atk|2\n|\n|upkeep\n|turn|7\n|\n|t:|1700314574\n|move|p2a: Samurott|Aqua Jet|p1a: Lopunny\n|-damage|p1a: Lopunny|10\/100\n|move|p1a: Lopunny|Return|p2a: Samurott\n|-damage|p2a: Samurott|0 fnt\n|faint|p2a: Samurott\n|\n|upkeep\n|\n|t:|1700314579\n|switch|p2a: Serperior|Serperior, F|100\/100\n|turn|8\n|\n|t:|1700314585\n|-terastallize|p2a: Serperior|Grass\n|move|p1a: Lopunny|Drain Punch|p2a: Serperior\n|-damage|p2a: Serperior|54\/100\n|-heal|p1a: Lopunny|35\/100|[from] drain|[of] p2a: Serperior\n|move|p2a: Serperior|Leaf Storm|p1a: Lopunny\n|-damage|p1a: Lopunny|0 fnt\n|-boost|p2a: Serperior|spa|2\n|faint|p1a: Lopunny\n|-damage|p2a: Serperior|44\/100|[from] item: Life Orb\n|\n|upkeep\n|\n|t:|1700314603\n|switch|p1a: Corviknight|Corviknight, M|100\/100\n|turn|9\n|\n|t:|1700314615\n|-terastallize|p1a: Corviknight|Flying\n|move|p2a: Serperior|Leaf Storm|p1a: Corviknight\n|-resisted|p1a: Corviknight\n|-damage|p1a: Corviknight|4\/100\n|-boost|p2a: Serperior|spa|2\n|-damage|p2a: Serperior|34\/100|[from] item: Life Orb\n|move|p1a: Corviknight|Brave Bird|p2a: Serperior\n|-supereffective|p2a: Serperior\n|-damage|p2a: Serperior|0 fnt\n|faint|p2a: Serperior\n|-damage|p1a: Corviknight|0 fnt|[from] Recoil\n|faint|p1a: Corviknight\n|\n|upkeep\n|\n|t:|1700314635\n|switch|p2a: Haxorus|Haxorus, M|100\/100\n|switch|p1a: Kommo-o|Kommo-o, M|100\/100\n|turn|10\n|\n|t:|1700314642\n|move|p2a: Haxorus|Dragon Dance|p2a: Haxorus\n|-boost|p2a: Haxorus|atk|1\n|-boost|p2a: Haxorus|spe|1\n|-zpower|p1a: Kommo-o\n|move|p1a: Kommo-o|Clangorous Soulblaze|p2a: Haxorus|[zeffect]\n|-supereffective|p2a: Haxorus\n|-damage|p2a: Haxorus|0 fnt\n|faint|p2a: Haxorus\n|-boost|p1a: Kommo-o|atk|1\n|-boost|p1a: Kommo-o|def|1\n|-boost|p1a: Kommo-o|spa|1\n|-boost|p1a: Kommo-o|spd|1\n|-boost|p1a: Kommo-o|spe|1\n|\n|upkeep\n|\n|t:|1700314656\n|switch|p2a: Hydreigon|Hydreigon, M|100\/100\n|turn|11\n|\n|t:|1700314664\n|move|p1a: Kommo-o|Clanging Scales|p2a: Hydreigon\n|-supereffective|p2a: Hydreigon\n|-damage|p2a: Hydreigon|0 fnt\n|faint|p2a: Hydreigon\n|\n|win|Percy_Valdez\n|raw|Percy_Valdez's rating: 1020 &rarr; <strong>1064<\/strong><br \/>(+44 for winning)\n|raw|ralca 1's rating: 1083 &rarr; <strong>1057<\/strong><br \/>(-26 for losing)\n|c|\u2606Percy_Valdez|Gg\n","uploadtime":1700314719,"views":19,"p1id":"percyvaldez","p2id":"ralca1","formatid":"gen9nationaldex","rating":1057,"private":0,"password":""}