{"id":"gen9nationaldex-1991866165","p1":"mariousHex","p2":"nijika1001","format":"[Gen 9] National Dex","log":"|j|\u2606mariousHex\n|j|\u2606nijika1001\n|t:|1700130720\n|gametype|singles\n|player|p1|mariousHex|lillie-masters|1466\n|player|p2|nijika1001|170|1360\n|teamsize|p1|6\n|teamsize|p2|6\n|gen|9\n|tier|[Gen 9] National Dex\n|rated|\n|rule|HP Percentage Mod: HP is shown in percentages\n|rule|Endless Battle Clause: Forcing endless battles is banned\n|rule|OHKO Clause: OHKO moves are banned\n|rule|Evasion Clause: Evasion abilities, items, and moves are banned\n|rule|Evasion Abilities Clause: Evasion abilities are banned\n|rule|Evasion Items Clause: Evasion items are banned\n|rule|Evasion Moves Clause: Evasion moves are banned\n|rule|Species Clause: Limit one of each Pok\u00e9mon\n|rule|Sleep Clause Mod: Limit one foe put to sleep\n|clearpoke\n|poke|p1|Rillaboom, F|\n|poke|p1|Heatran, F|\n|poke|p1|Urshifu-*, M|\n|poke|p1|Slowking-Galar, F|\n|poke|p1|Thundurus-Therian, M|\n|poke|p1|Weezing-Galar, F|\n|poke|p2|Greninja-*, M|\n|poke|p2|Lopunny, M|\n|poke|p2|Serperior, F|\n|poke|p2|Heatran, M|\n|poke|p2|Zapdos|\n|poke|p2|Cloyster, M|\n|teampreview\n|inactive|Battle timer is ON: inactive players will automatically lose when time's up. (requested by mariousHex)\n|\n|t:|1700130751\n|start\n|switch|p1a: Urshifu|Urshifu-Rapid-Strike, M|100\/100\n|switch|p2a: Cloyster|Cloyster, M|100\/100\n|turn|1\n|\n|t:|1700130761\n|switch|p2a: Zapdos|Zapdos|100\/100\n|move|p1a: Urshifu|Close Combat|p2a: Zapdos\n|-resisted|p2a: Zapdos\n|-damage|p2a: Zapdos|52\/100\n|-unboost|p1a: Urshifu|def|1\n|-unboost|p1a: Urshifu|spd|1\n|\n|upkeep\n|turn|2\n|\n|t:|1700130769\n|switch|p1a: Thundurus|Thundurus-Therian, M|100\/100\n|move|p2a: Zapdos|Volt Switch|p1a: Thundurus\n|-immune|p1a: Thundurus|[from] ability: Volt Absorb\n|\n|upkeep\n|turn|3\n|\n|t:|1700130781\n|move|p1a: Thundurus|Volt Switch|p2a: Zapdos\n|-crit|p2a: Zapdos\n|-damage|p2a: Zapdos|8\/100\n|\n|t:|1700130789\n|switch|p1a: Slowking|Slowking-Galar, F|100\/100|[from] Volt Switch\n|move|p2a: Zapdos|Toxic|p1a: Slowking\n|-immune|p1a: Slowking\n|\n|upkeep\n|turn|4\n|\n|t:|1700130796\n|move|p2a: Zapdos|Hurricane|p1a: Slowking\n|-damage|p1a: Slowking|68\/100\n|-start|p1a: Slowking|confusion\n|-activate|p1a: Slowking|confusion\n|-damage|p1a: Slowking|63\/100|[from] confusion\n|\n|upkeep\n|turn|5\n|\n|t:|1700130802\n|move|p2a: Zapdos|Hurricane|p1a: Slowking\n|-damage|p1a: Slowking|28\/100\n|-activate|p1a: Slowking|confusion\n|-damage|p1a: Slowking|23\/100|[from] confusion\n|\n|upkeep\n|turn|6\n|\n|t:|1700130811\n|switch|p1a: Heatran|Heatran, F|100\/100\n|move|p2a: Zapdos|Hurricane|p1a: Heatran\n|-resisted|p1a: Heatran\n|-damage|p1a: Heatran|86\/100\n|\n|-heal|p1a: Heatran|92\/100|[from] item: Leftovers\n|upkeep\n|turn|7\n|\n|t:|1700130821\n|move|p2a: Zapdos|Volt Switch|p1a: Heatran\n|-damage|p1a: Heatran|75\/100\n|\n|t:|1700130827\n|switch|p2a: Greninja|Greninja, M|100\/100|[from] Volt Switch\n|move|p1a: Heatran|Stealth Rock|p2a: Greninja\n|-sidestart|p2: nijika1001|move: Stealth Rock\n|\n|-heal|p1a: Heatran|81\/100|[from] item: Leftovers\n|upkeep\n|turn|8\n|\n|t:|1700130838\n|switch|p1a: Urshifu|Urshifu-Rapid-Strike, M|100\/100\n|-terastallize|p2a: Greninja|Water\n|move|p2a: Greninja|Hydro Pump|p1a: Urshifu\n|-resisted|p1a: Urshifu\n|-damage|p1a: Urshifu|28\/100\n|\n|upkeep\n|turn|9\n|\n|t:|1700130848\n|move|p2a: Greninja|Hydro Pump|p1a: Urshifu\n|-resisted|p1a: Urshifu\n|-damage|p1a: Urshifu|0 fnt\n|faint|p1a: Urshifu\n|-ability|p2a: Greninja|Battle Bond|boost\n|-boost|p2a: Greninja|atk|1\n|-boost|p2a: Greninja|spa|1\n|-boost|p2a: Greninja|spe|1\n|-activate|p2a: Greninja|ability: Battle Bond\n|\n|upkeep\n|\n|t:|1700130850\n|switch|p1a: Rillaboom|Rillaboom, F|100\/100\n|-fieldstart|move: Grassy Terrain|[from] ability: Grassy Surge|[of] p1a: Rillaboom\n|turn|10\n|\n|t:|1700130866\n|move|p2a: Greninja|Hydro Pump|p1a: Rillaboom\n|-resisted|p1a: Rillaboom\n|-damage|p1a: Rillaboom|0 fnt\n|faint|p1a: Rillaboom\n|\n|upkeep\n|-message|mariousHex forfeited.\n|\n|win|nijika1001\n|raw|mariousHex's rating: 1466 &rarr; <strong>1440<\/strong><br \/>(-26 for losing)\n|raw|nijika1001's rating: 1360 &rarr; <strong>1386<\/strong><br \/>(+26 for winning)\n|l|\u2606mariousHex\n","uploadtime":1700130874,"views":5,"p1id":"marioushex","p2id":"nijika1001","formatid":"gen9nationaldex","rating":1386,"private":0,"password":""}