{"id":"gen9nationaldex-2000216106","p1":"Waddledee9009","p2":"sgyyds","format":"[Gen 9] National Dex","log":"|html|<div class=\"broadcast-blue\"><strong>[Gen 9] National Dex is currently suspecting Sneasler! For information on how to participate check out the <a href=\"https:\/\/www.smogon.com\/forums\/threads\/sv-national-dex-suspect-8-just-dance.3731534\/\">suspect thread<\/a>.<\/strong><\/div>\n|j|\u2606Waddledee9009\n|j|\u2606sgyyds\n|t:|1701173332\n|gametype|singles\n|player|p1|Waddledee9009|smasher|1077\n|player|p2|sgyyds|lucas|1000\n|teamsize|p1|6\n|teamsize|p2|6\n|gen|9\n|tier|[Gen 9] National Dex\n|rated|\n|rule|HP Percentage Mod: HP is shown in percentages\n|rule|Endless Battle Clause: Forcing endless battles is banned\n|rule|OHKO Clause: OHKO moves are banned\n|rule|Evasion Clause: Evasion abilities, items, and moves are banned\n|rule|Evasion Abilities Clause: Evasion abilities are banned\n|rule|Evasion Items Clause: Evasion items are banned\n|rule|Evasion Moves Clause: Evasion moves are banned\n|rule|Species Clause: Limit one of each Pok\u00e9mon\n|rule|Sleep Clause Mod: Limit one foe put to sleep\n|clearpoke\n|poke|p1|Alomomola, F|\n|poke|p1|Banette, M|\n|poke|p1|Gliscor, F|\n|poke|p1|Glimmora, F|\n|poke|p1|Blaziken, F|\n|poke|p1|Iron Valiant|\n|poke|p2|Torkoal, M|\n|poke|p2|Snorlax, M|\n|poke|p2|Rotom-Wash|\n|poke|p2|Scyther, M|\n|poke|p2|Samurott-Hisui, F|\n|poke|p2|Meowscarada, F|\n|teampreview\n|\n|t:|1701173337\n|start\n|switch|p1a: Blaziken|Blaziken, F|100\/100\n|switch|p2a: Scyther|Scyther, M|100\/100\n|turn|1\n|\n|t:|1701173346\n|-terastallize|p2a: Scyther|Flying\n|move|p1a: Blaziken|Protect|p1a: Blaziken\n|-singleturn|p1a: Blaziken|Protect\n|move|p2a: Scyther|Swords Dance|p2a: Scyther\n|-boost|p2a: Scyther|atk|2\n|\n|-ability|p1a: Blaziken|Speed Boost|boost\n|-boost|p1a: Blaziken|spe|1\n|upkeep\n|turn|2\n|\n|t:|1701173353\n|move|p1a: Blaziken|Fire Punch|p2a: Scyther\n|-damage|p2a: Scyther|68\/100\n|move|p2a: Scyther|Swords Dance|p2a: Scyther\n|-boost|p2a: Scyther|atk|2\n|\n|-ability|p1a: Blaziken|Speed Boost|boost\n|-boost|p1a: Blaziken|spe|1\n|upkeep\n|turn|3\n|\n|t:|1701173360\n|move|p1a: Blaziken|Fire Punch|p2a: Scyther\n|-damage|p2a: Scyther|32\/100\n|move|p2a: Scyther|Aerial Ace|p1a: Blaziken\n|-supereffective|p1a: Blaziken\n|-damage|p1a: Blaziken|0 fnt\n|faint|p1a: Blaziken\n|\n|upkeep\n|\n|t:|1701173375\n|switch|p1a: Iron Valiant|Iron Valiant|100\/100\n|-enditem|p1a: Iron Valiant|Booster Energy\n|-activate|p1a: Iron Valiant|ability: Quark Drive|[fromitem]\n|-start|p1a: Iron Valiant|quarkdrivespe\n|turn|4\n|\n|t:|1701173385\n|switch|p2a: Torkoal|Torkoal, M|100\/100\n|-weather|SunnyDay|[from] ability: Drought|[of] p2a: Torkoal\n|move|p1a: Iron Valiant|Charge Beam|p2a: Torkoal\n|-damage|p2a: Torkoal|79\/100\n|\n|-weather|SunnyDay|[upkeep]\n|upkeep\n|turn|5\n|\n|t:|1701173397\n|move|p1a: Iron Valiant|Charge Beam|p2a: Torkoal\n|-damage|p2a: Torkoal|55\/100\n|-boost|p1a: Iron Valiant|spa|1\n|move|p2a: Torkoal|Lava Plume|p1a: Iron Valiant\n|-damage|p1a: Iron Valiant|17\/100\n|\n|-weather|SunnyDay|[upkeep]\n|upkeep\n|turn|6\n|\n|t:|1701173409\n|move|p1a: Iron Valiant|Dazzling Gleam|p2a: Torkoal\n|-resisted|p2a: Torkoal\n|-damage|p2a: Torkoal|19\/100\n|move|p2a: Torkoal|Solar Beam||[still]\n|-prepare|p2a: Torkoal|Solar Beam\n|-anim|p2a: Torkoal|Solar Beam|p1a: Iron Valiant\n|-damage|p1a: Iron Valiant|0 fnt\n|faint|p1a: Iron Valiant\n|-end|p1a: Iron Valiant|Quark Drive|[silent]\n|\n|-weather|SunnyDay|[upkeep]\n|upkeep\n|\n|t:|1701173414\n|switch|p1a: Gliscor|Gliscor, F, shiny|100\/100\n|turn|7\n|\n|t:|1701173422\n|move|p1a: Gliscor|Hone Claws|p1a: Gliscor\n|-boost|p1a: Gliscor|atk|1\n|-boost|p1a: Gliscor|accuracy|1\n|move|p2a: Torkoal|Solar Beam||[still]\n|-prepare|p2a: Torkoal|Solar Beam\n|-anim|p2a: Torkoal|Solar Beam|p1a: Gliscor\n|-damage|p1a: Gliscor|63\/100\n|\n|-weather|SunnyDay|[upkeep]\n|-status|p1a: Gliscor|tox|[from] item: Toxic Orb\n|upkeep\n|turn|8\n|\n|t:|1701173434\n|switch|p2a: Samurott|Samurott-Hisui, F|100\/100\n|move|p1a: Gliscor|Hone Claws|p1a: Gliscor\n|-boost|p1a: Gliscor|atk|1\n|-boost|p1a: Gliscor|accuracy|1\n|\n|-weather|none\n|-heal|p1a: Gliscor|75\/100 tox|[from] ability: Poison Heal\n|upkeep\n|turn|9\n|\n|t:|1701173443\n|move|p2a: Samurott|Aqua Jet|p1a: Gliscor\n|-supereffective|p1a: Gliscor\n|-damage|p1a: Gliscor|34\/100 tox\n|move|p1a: Gliscor|Acrobatics|p2a: Samurott\n|-damage|p2a: Samurott|36\/100\n|\n|-heal|p2a: Samurott|42\/100|[from] item: Leftovers\n|-heal|p1a: Gliscor|47\/100 tox|[from] ability: Poison Heal\n|upkeep\n|turn|10\n|\n|t:|1701173454\n|move|p2a: Samurott|Aqua Jet|p1a: Gliscor\n|-supereffective|p1a: Gliscor\n|-damage|p1a: Gliscor|7\/100 tox\n|move|p1a: Gliscor|Acrobatics|p2a: Samurott\n|-damage|p2a: Samurott|0 fnt\n|faint|p2a: Samurott\n|\n|-heal|p1a: Gliscor|19\/100 tox|[from] ability: Poison Heal\n|upkeep\n|\n|t:|1701173461\n|switch|p2a: Scyther|Scyther, M, tera:Flying|32\/100\n|turn|11\n|\n|t:|1701173467\n|move|p1a: Gliscor|Earthquake|p2a: Scyther\n|-immune|p2a: Scyther\n|move|p2a: Scyther|Aerial Ace|p1a: Gliscor\n|-damage|p1a: Gliscor|0 fnt\n|faint|p1a: Gliscor\n|\n|upkeep\n|\n|t:|1701173469\n|switch|p1a: Banette|Banette, M|100\/100\n|turn|12\n|\n|t:|1701173480\n|detailschange|p1a: Banette|Banette-Mega, M\n|-mega|p1a: Banette|Banette|Banettite\n|move|p1a: Banette|Shadow Sneak|p2a: Scyther\n|-damage|p2a: Scyther|8\/100\n|move|p2a: Scyther|Swords Dance|p2a: Scyther\n|-boost|p2a: Scyther|atk|2\n|\n|upkeep\n|turn|13\n|\n|t:|1701173488\n|switch|p2a: Torkoal|Torkoal, M|19\/100\n|-weather|SunnyDay|[from] ability: Drought|[of] p2a: Torkoal\n|move|p1a: Banette|Shadow Sneak|p2a: Torkoal\n|-damage|p2a: Torkoal|2\/100\n|\n|-weather|SunnyDay|[upkeep]\n|upkeep\n|turn|14\n|\n|t:|1701173495\n|move|p1a: Banette|Shadow Sneak|p2a: Torkoal\n|-damage|p2a: Torkoal|0 fnt\n|faint|p2a: Torkoal\n|\n|-weather|SunnyDay|[upkeep]\n|upkeep\n|\n|t:|1701173500\n|switch|p2a: Meowscarada|Meowscarada, F|100\/100\n|turn|15\n|\n|t:|1701173506\n|move|p2a: Meowscarada|Sucker Punch|p1a: Banette\n|-start|p2a: Meowscarada|typechange|Dark|[from] ability: Protean\n|-supereffective|p1a: Banette\n|-damage|p1a: Banette|8\/100\n|move|p1a: Banette|Dazzling Gleam|p2a: Meowscarada\n|-supereffective|p2a: Meowscarada\n|-damage|p2a: Meowscarada|46\/100\n|\n|-weather|SunnyDay|[upkeep]\n|upkeep\n|turn|16\n|\n|t:|1701173516\n|move|p2a: Meowscarada|Sucker Punch|p1a: Banette\n|-supereffective|p1a: Banette\n|-damage|p1a: Banette|0 fnt\n|faint|p1a: Banette\n|\n|-weather|SunnyDay|[upkeep]\n|upkeep\n|\n|t:|1701173524\n|switch|p1a: Glimmora|Glimmora, F|100\/100\n|turn|17\n|\n|t:|1701173528\n|switch|p2a: Scyther|Scyther, M, tera:Flying|8\/100\n|move|p1a: Glimmora|Power Gem|p2a: Scyther\n|-supereffective|p2a: Scyther\n|-damage|p2a: Scyther|0 fnt\n|faint|p2a: Scyther\n|\n|-weather|none\n|upkeep\n|\n|t:|1701173533\n|switch|p2a: Meowscarada|Meowscarada, F|46\/100\n|turn|18\n|\n|t:|1701173543\n|move|p2a: Meowscarada|Flower Trick|p1a: Glimmora\n|-start|p2a: Meowscarada|typechange|Grass|[from] ability: Protean\n|-crit|p1a: Glimmora\n|-damage|p1a: Glimmora|38\/100\n|-activate|p1a: Glimmora|ability: Toxic Debris\n|-sidestart|p2: sgyyds|move: Toxic Spikes\n|move|p1a: Glimmora|Sludge Bomb|p2a: Meowscarada\n|-supereffective|p2a: Meowscarada\n|-damage|p2a: Meowscarada|0 fnt\n|faint|p2a: Meowscarada\n|\n|upkeep\n|\n|t:|1701173553\n|switch|p2a: Snorlax|Snorlax, M|100\/100\n|turn|19\n|\n|t:|1701173559\n|move|p1a: Glimmora|Spiky Shield|p1a: Glimmora\n|-singleturn|p1a: Glimmora|move: Protect\n|move|p2a: Snorlax|Earthquake|p1a: Glimmora\n|-activate|p1a: Glimmora|move: Protect\n|\n|upkeep\n|turn|20\n|\n|t:|1701173568\n|move|p1a: Glimmora|Power Gem|p2a: Snorlax\n|-damage|p2a: Snorlax|79\/100\n|move|p2a: Snorlax|Heavy Slam|p1a: Glimmora\n|-supereffective|p1a: Glimmora\n|-damage|p1a: Glimmora|0 fnt\n|-activate|p1a: Glimmora|ability: Toxic Debris\n|-sidestart|p2: sgyyds|move: Toxic Spikes\n|faint|p1a: Glimmora\n|\n|-heal|p2a: Snorlax|85\/100|[from] item: Leftovers\n|upkeep\n|\n|t:|1701173576\n|switch|p1a: Alomomola|Alomomola, F|100\/100\n|turn|21\n|\n|t:|1701173581\n|switch|p2a: Rotom|Rotom-Wash|100\/100\n|move|p1a: Alomomola|Toxic|p2a: Rotom\n|-status|p2a: Rotom|tox\n|\n|-damage|p2a: Rotom|94\/100 tox|[from] psn\n|upkeep\n|turn|22\n|\n|t:|1701173587\n|move|p2a: Rotom|Nasty Plot|p2a: Rotom\n|-boost|p2a: Rotom|spa|2\n|move|p1a: Alomomola|Wish|p1a: Alomomola\n|\n|-heal|p2a: Rotom|100\/100 tox|[from] item: Leftovers\n|-damage|p2a: Rotom|88\/100 tox|[from] psn\n|upkeep\n|turn|23\n|\n|t:|1701173598\n|move|p2a: Rotom|Nasty Plot|p2a: Rotom\n|-boost|p2a: Rotom|spa|2\n|move|p1a: Alomomola|Ice Beam|p2a: Rotom\n|-resisted|p2a: Rotom\n|-damage|p2a: Rotom|83\/100 tox\n|\n|-heal|p2a: Rotom|90\/100 tox|[from] item: Leftovers\n|-damage|p2a: Rotom|71\/100 tox|[from] psn\n|upkeep\n|turn|24\n|\n|t:|1701173605\n|move|p2a: Rotom|Volt Switch|p1a: Alomomola\n|-supereffective|p1a: Alomomola\n|-damage|p1a: Alomomola|0 fnt\n|faint|p1a: Alomomola\n|\n|win|sgyyds\n|raw|Waddledee9009's rating: 1077 &rarr; <strong>1051<\/strong><br \/>(-26 for losing)\n|raw|sgyyds's rating: 1000 &rarr; <strong>1049<\/strong><br \/>(+49 for winning)\n","uploadtime":1701173612,"views":5,"p1id":"waddledee9009","p2id":"sgyyds","formatid":"gen9nationaldex","rating":1049,"private":0,"password":""}