{"id":"gen9nationaldex-1998864401","p1":"wqdong","p2":"baigu2","format":"[Gen 9] National Dex","log":"|html|<div class=\"broadcast-blue\"><strong>[Gen 9] National Dex is currently suspecting Sneasler! For information on how to participate check out the <a href=\"https:\/\/www.smogon.com\/forums\/threads\/sv-national-dex-suspect-8-just-dance.3731534\/\">suspect thread<\/a>.<\/strong><\/div>\n|j|\u2606wqdong\n|j|\u2606baigu2\n|t:|1701005287\n|gametype|singles\n|player|p1|wqdong|rosa|1832\n|player|p2|baigu2|169|1843\n|teamsize|p1|6\n|teamsize|p2|6\n|gen|9\n|tier|[Gen 9] National Dex\n|rated|\n|rule|HP Percentage Mod: HP is shown in percentages\n|rule|Endless Battle Clause: Forcing endless battles is banned\n|rule|OHKO Clause: OHKO moves are banned\n|rule|Evasion Clause: Evasion abilities, items, and moves are banned\n|rule|Evasion Abilities Clause: Evasion abilities are banned\n|rule|Evasion Items Clause: Evasion items are banned\n|rule|Evasion Moves Clause: Evasion moves are banned\n|rule|Species Clause: Limit one of each Pok\u00e9mon\n|rule|Sleep Clause Mod: Limit one foe put to sleep\n|clearpoke\n|poke|p1|Alomomola, M|\n|poke|p1|Ogerpon-Wellspring, F|\n|poke|p1|Tapu Lele|\n|poke|p1|Bisharp, M|\n|poke|p1|Landorus-Therian, M|\n|poke|p1|Arcanine, F|\n|poke|p2|Ursaluna, F|\n|poke|p2|Slowking, M|\n|poke|p2|Corviknight, M|\n|poke|p2|Hoopa-Unbound|\n|poke|p2|Dragonite, M|\n|poke|p2|Tapu Koko|\n|teampreview\n|\n|t:|1701005300\n|start\n|switch|p1a: Landorus|Landorus-Therian, M|100\/100\n|switch|p2a: Corviknight|Corviknight, M|100\/100\n|-ability|p1a: Landorus|Intimidate|boost\n|-unboost|p2a: Corviknight|atk|1\n|-ability|p2a: Corviknight|Pressure\n|turn|1\n|inactive|Battle timer is ON: inactive players will automatically lose when time's up. (requested by wqdong)\n|\n|t:|1701005329\n|switch|p1a: Tapu Lele|Tapu Lele|100\/100\n|-fieldstart|move: Psychic Terrain|[from] ability: Psychic Surge|[of] p1a: Tapu Lele\n|move|p2a: Corviknight|U-turn|p1a: Tapu Lele\n|-damage|p1a: Tapu Lele|87\/100\n|\n|t:|1701005339\n|switch|p2a: Slowking|Slowking, M|100\/100|[from] U-turn\n|\n|upkeep\n|turn|2\n|\n|t:|1701005356\n|switch|p1a: Bisharp|Bisharp, M|100\/100\n|move|p2a: Slowking|Trick Room|p2a: Slowking\n|-fieldstart|move: Trick Room|[of] p2a: Slowking\n|\n|upkeep\n|turn|3\n|\n|t:|1701005364\n|switch|p2a: \u718a\u5927|Ursaluna, F|100\/100\n|move|p1a: Bisharp|Swords Dance|p1a: Bisharp\n|-boost|p1a: Bisharp|atk|2\n|\n|-status|p2a: \u718a\u5927|brn|[from] item: Flame Orb\n|upkeep\n|turn|4\n|\n|t:|1701005380\n|-terastallize|p1a: Bisharp|Ghost\n|move|p2a: \u718a\u5927|Headlong Rush|p1a: Bisharp\n|-damage|p1a: Bisharp|11\/100\n|-unboost|p2a: \u718a\u5927|def|1\n|-unboost|p2a: \u718a\u5927|spd|1\n|move|p1a: Bisharp|Knock Off|p2a: \u718a\u5927\n|-damage|p2a: \u718a\u5927|0 fnt\n|-enditem|p2a: \u718a\u5927|Flame Orb|[from] move: Knock Off|[of] p1a: Bisharp\n|faint|p2a: \u718a\u5927\n|\n|upkeep\n|\n|t:|1701005390\n|switch|p2a: Corviknight|Corviknight, M|100\/100\n|-ability|p2a: Corviknight|Pressure\n|turn|5\n|\n|t:|1701005399\n|move|p2a: Corviknight|Brave Bird|p1a: Bisharp\n|-damage|p1a: Bisharp|0 fnt\n|faint|p1a: Bisharp\n|-damage|p2a: Corviknight|98\/100|[from] Recoil\n|\n|-fieldend|move: Psychic Terrain\n|upkeep\n|\n|t:|1701005405\n|switch|p1a: Arcanine|Arcanine, F|100\/100\n|-ability|p1a: Arcanine|Intimidate|boost\n|-unboost|p2a: Corviknight|atk|1\n|turn|6\n|\n|t:|1701005418\n|switch|p2a: Slowking|Slowking, M|100\/100\n|move|p1a: Arcanine|Will-O-Wisp|p2a: Slowking\n|-status|p2a: Slowking|brn\n|\n|-damage|p2a: Slowking|94\/100 brn|[from] brn\n|-fieldend|move: Trick Room\n|upkeep\n|turn|7\n|\n|t:|1701005433\n|move|p1a: Arcanine|Will-O-Wisp|p2a: Slowking\n|-fail|p2a: Slowking|brn\n|move|p2a: Slowking|Teleport|p2a: Slowking\n|\n|t:|1701005440\n|switch|p2a: Hoopa|Hoopa-Unbound|100\/100|[from] Teleport\n|\n|upkeep\n|turn|8\n|j| Poulet Miku\n|\n|t:|1701005448\n|-zpower|p2a: Hoopa\n|move|p2a: Hoopa|All-Out Pummeling|p1a: Arcanine|[zeffect]\n|-damage|p1a: Arcanine|18\/100\n|move|p1a: Arcanine|Will-O-Wisp|p2a: Hoopa\n|-status|p2a: Hoopa|brn\n|\n|-damage|p2a: Hoopa|95\/100 brn|[from] brn\n|upkeep\n|turn|9\n|\n|t:|1701005461\n|switch|p1a: Alomomola|Alomomola, M|100\/100\n|move|p2a: Hoopa|Psychic|p1a: Alomomola\n|-damage|p1a: Alomomola|52\/100\n|\n|-damage|p2a: Hoopa|89\/100 brn|[from] brn\n|upkeep\n|turn|10\n|\n|t:|1701005470\n|move|p2a: Hoopa|Nasty Plot|p2a: Hoopa\n|-boost|p2a: Hoopa|spa|2\n|move|p1a: Alomomola|Wish|p1a: Alomomola\n|\n|-damage|p2a: Hoopa|83\/100 brn|[from] brn\n|upkeep\n|turn|11\n|\n|t:|1701005486\n|switch|p1a: Arcanine|Arcanine, F|18\/100\n|-ability|p1a: Arcanine|Intimidate|boost\n|-unboost|p2a: Hoopa|atk|1\n|move|p2a: Hoopa|Psychic|p1a: Arcanine\n|-damage|p1a: Arcanine|0 fnt\n|faint|p1a: Arcanine\n|\n|-damage|p2a: Hoopa|77\/100 brn|[from] brn\n|upkeep\n|\n|t:|1701005501\n|switch|p1a: Ogerpon|Ogerpon-Wellspring, F|100\/100\n|turn|12\n|\n|t:|1701005509\n|switch|p2a: Corviknight|Corviknight, M|98\/100\n|-ability|p2a: Corviknight|Pressure\n|move|p1a: Ogerpon|Ivy Cudgel|p2a: Corviknight|[anim] Ivy Cudgel Water\n|-damage|p2a: Corviknight|60\/100\n|\n|upkeep\n|turn|13\n|\n|t:|1701005519\n|switch|p1a: Alomomola|Alomomola, M|85\/100\n|move|p2a: Corviknight|Brave Bird|p1a: Alomomola\n|-damage|p1a: Alomomola|64\/100\n|-damage|p2a: Corviknight|44\/100|[from] item: Rocky Helmet|[of] p1a: Alomomola\n|-damage|p2a: Corviknight|35\/100|[from] Recoil\n|\n|upkeep\n|turn|14\n|j| NicksRokaya\n|\n|t:|1701005528\n|move|p2a: Corviknight|Roost|p2a: Corviknight\n|-heal|p2a: Corviknight|85\/100\n|-singleturn|p2a: Corviknight|move: Roost\n|move|p1a: Alomomola|Wish|p1a: Alomomola\n|\n|upkeep\n|turn|15\n|\n|t:|1701005537\n|switch|p2a: Tapu Koko|Tapu Koko|100\/100\n|-fieldstart|move: Electric Terrain|[from] ability: Electric Surge|[of] p2a: Tapu Koko\n|move|p1a: Alomomola|Flip Turn|p2a: Tapu Koko\n|-damage|p2a: Tapu Koko|78\/100\n|\n|t:|1701005544\n|switch|p1a: Tapu Lele|Tapu Lele|87\/100|[from] Flip Turn\n|-fieldstart|move: Psychic Terrain|[from] ability: Psychic Surge|[of] p1a: Tapu Lele\n|\n|-heal|p1a: Tapu Lele|100\/100|[from] move: Wish|[wisher] Alomomola\n|upkeep\n|turn|16\n|l| Poulet Miku\n|\n|t:|1701005557\n|move|p2a: Tapu Koko|Volt Switch|p1a: Tapu Lele\n|-damage|p1a: Tapu Lele|52\/100\n|j| Poulet Miku\n|\n|t:|1701005566\n|switch|p2a: Slowking|Slowking, M|100\/100 brn|[from] Volt Switch\n|move|p1a: Tapu Lele|Psychic|p2a: Slowking\n|-resisted|p2a: Slowking\n|-damage|p2a: Slowking|72\/100 brn\n|\n|-damage|p2a: Slowking|66\/100 brn|[from] brn\n|upkeep\n|turn|17\n|\n|t:|1701005577\n|move|p1a: Tapu Lele|Psychic|p2a: Slowking\n|-resisted|p2a: Slowking\n|-damage|p2a: Slowking|41\/100 brn\n|-unboost|p2a: Slowking|spd|1\n|move|p2a: Slowking|Teleport|p2a: Slowking\n|\n|t:|1701005580\n|switch|p2a: Dragonite|Dragonite, M|100\/100|[from] Teleport\n|\n|upkeep\n|turn|18\n|\n|t:|1701005592\n|switch|p1a: Alomomola|Alomomola, M|98\/100\n|switch|p2a: Tapu Koko|Tapu Koko|78\/100\n|-fieldstart|move: Electric Terrain|[from] ability: Electric Surge|[of] p2a: Tapu Koko\n|\n|upkeep\n|turn|19\n|\n|t:|1701005600\n|switch|p1a: Landorus|Landorus-Therian, M|100\/100\n|-ability|p1a: Landorus|Intimidate|boost\n|-unboost|p2a: Tapu Koko|atk|1\n|move|p2a: Tapu Koko|Volt Switch|p1a: Landorus\n|-immune|p1a: Landorus\n|\n|upkeep\n|turn|20\n|l| NicksRokaya\n|\n|t:|1701005608\n|switch|p1a: Alomomola|Alomomola, M|100\/100\n|switch|p2a: Corviknight|Corviknight, M|85\/100\n|-ability|p2a: Corviknight|Pressure\n|\n|upkeep\n|turn|21\n|\n|t:|1701005619\n|switch|p2a: Slowking|Slowking, M|74\/100 brn\n|move|p1a: Alomomola|Wish|p1a: Alomomola\n|\n|-damage|p2a: Slowking|68\/100 brn|[from] brn\n|upkeep\n|turn|22\n|\n|t:|1701005626\n|move|p1a: Alomomola|Flip Turn|p2a: Slowking\n|-resisted|p2a: Slowking\n|-damage|p2a: Slowking|60\/100 brn\n|\n|t:|1701005629\n|switch|p1a: Tapu Lele|Tapu Lele|52\/100|[from] Flip Turn\n|-fieldstart|move: Psychic Terrain|[from] ability: Psychic Surge|[of] p1a: Tapu Lele\n|move|p2a: Slowking|Teleport|p2a: Slowking\n|\n|t:|1701005633\n|switch|p2a: Tapu Koko|Tapu Koko|78\/100|[from] Teleport\n|-fieldstart|move: Electric Terrain|[from] ability: Electric Surge|[of] p2a: Tapu Koko\n|\n|-heal|p1a: Tapu Lele|100\/100|[from] move: Wish|[wisher] Alomomola\n|upkeep\n|turn|23\n|\n|t:|1701005652\n|-terastallize|p2a: Tapu Koko|Electric\n|move|p2a: Tapu Koko|Thunderbolt|p1a: Tapu Lele\n|-damage|p1a: Tapu Lele|0 fnt\n|faint|p1a: Tapu Lele\n|\n|upkeep\n|\n|t:|1701005660\n|switch|p1a: Landorus|Landorus-Therian, M|100\/100\n|-ability|p1a: Landorus|Intimidate|boost\n|-unboost|p2a: Tapu Koko|atk|1\n|turn|24\n|\n|t:|1701005665\n|switch|p2a: Corviknight|Corviknight, M|85\/100\n|-ability|p2a: Corviknight|Pressure\n|move|p1a: Landorus|U-turn|p2a: Corviknight\n|-resisted|p2a: Corviknight\n|-damage|p2a: Corviknight|81\/100\n|-damage|p1a: Landorus|84\/100|[from] item: Rocky Helmet|[of] p2a: Corviknight\n|\n|t:|1701005676\n|switch|p1a: Ogerpon|Ogerpon-Wellspring, F|100\/100|[from] U-turn\n|\n|upkeep\n|turn|25\n|\n|t:|1701005683\n|move|p1a: Ogerpon|Ivy Cudgel|p2a: Corviknight|[anim] Ivy Cudgel Water\n|-damage|p2a: Corviknight|45\/100\n|move|p2a: Corviknight|Brave Bird|p1a: Ogerpon\n|-supereffective|p1a: Ogerpon\n|-damage|p1a: Ogerpon|0 fnt\n|faint|p1a: Ogerpon\n|-damage|p2a: Corviknight|20\/100|[from] Recoil\n|\n|upkeep\n|\n|t:|1701005694\n|switch|p1a: Landorus|Landorus-Therian, M|84\/100\n|-ability|p1a: Landorus|Intimidate|boost\n|-unboost|p2a: Corviknight|atk|1\n|turn|26\n|\n|t:|1701005701\n|switch|p2a: Hoopa|Hoopa-Unbound|77\/100 brn\n|move|p1a: Landorus|Stone Edge|p2a: Hoopa\n|-crit|p2a: Hoopa\n|-damage|p2a: Hoopa|0 fnt\n|faint|p2a: Hoopa\n|\n|-fieldend|move: Electric Terrain\n|upkeep\n|\n|t:|1701005705\n|switch|p2a: Dragonite|Dragonite, M|100\/100\n|turn|27\n|\n|t:|1701005711\n|switch|p1a: Alomomola|Alomomola, M|100\/100\n|move|p2a: Dragonite|Outrage|p1a: Alomomola\n|-damage|p1a: Alomomola|40\/100\n|-damage|p2a: Dragonite|84\/100|[from] item: Rocky Helmet|[of] p1a: Alomomola\n|\n|upkeep\n|turn|28\n|\n|t:|1701005722\n|move|p2a: Dragonite|Outrage|p1a: Alomomola|[from]lockedmove\n|-damage|p1a: Alomomola|0 fnt\n|-damage|p2a: Dragonite|67\/100|[from] item: Rocky Helmet|[of] p1a: Alomomola\n|faint|p1a: Alomomola\n|\n|upkeep\n|\n|t:|1701005728\n|switch|p1a: Landorus|Landorus-Therian, M|84\/100\n|-ability|p1a: Landorus|Intimidate|boost\n|-unboost|p2a: Dragonite|atk|1\n|turn|29\n|-message|wqdong forfeited.\n|\n|win|baigu2\n|raw|wqdong's rating: 1832 &rarr; <strong>1813<\/strong><br \/>(-19 for losing)\n|raw|baigu2's rating: 1843 &rarr; <strong>1862<\/strong><br \/>(+19 for winning)\n|l|\u2606wqdong\n","uploadtime":1701005733,"views":26,"p1id":"wqdong","p2id":"baigu2","formatid":"gen9nationaldex","rating":1813,"private":0,"password":""}