{"id":"gen9nationaldex-1999280151","p1":"PWA Wright","p2":"trenko","format":"[Gen 9] National Dex","log":"|html|<div class=\"broadcast-blue\"><strong>[Gen 9] National Dex is currently suspecting Sneasler! For information on how to participate check out the <a href=\"https:\/\/www.smogon.com\/forums\/threads\/sv-national-dex-suspect-8-just-dance.3731534\/\">suspect thread<\/a>.<\/strong><\/div>\n|j|\u2606PWA Wright\n|j|\u2606trenko\n|t:|1701054438\n|gametype|singles\n|player|p1|PWA Wright|cynthia|1782\n|player|p2|trenko|pokekid|1666\n|teamsize|p1|6\n|teamsize|p2|6\n|gen|9\n|tier|[Gen 9] National Dex\n|rated|\n|rule|HP Percentage Mod: HP is shown in percentages\n|rule|Endless Battle Clause: Forcing endless battles is banned\n|rule|OHKO Clause: OHKO moves are banned\n|rule|Evasion Clause: Evasion abilities, items, and moves are banned\n|rule|Evasion Abilities Clause: Evasion abilities are banned\n|rule|Evasion Items Clause: Evasion items are banned\n|rule|Evasion Moves Clause: Evasion moves are banned\n|rule|Species Clause: Limit one of each Pok\u00e9mon\n|rule|Sleep Clause Mod: Limit one foe put to sleep\n|clearpoke\n|poke|p1|Garchomp, M|\n|poke|p1|Dondozo, M|\n|poke|p1|Tyranitar, F|\n|poke|p1|Charizard, F|\n|poke|p1|Clodsire, F|\n|poke|p1|Corviknight, M|\n|poke|p2|Glimmora, F|\n|poke|p2|Ogerpon-Wellspring, F|\n|poke|p2|Ceruledge, F|\n|poke|p2|Scizor, M|\n|poke|p2|Iron Valiant|\n|poke|p2|Dragonite, F|\n|teampreview\n|\n|t:|1701054452\n|start\n|switch|p1a: Garchomp|Garchomp, M|100\/100\n|switch|p2a: Glimmora|Glimmora, F|100\/100\n|turn|1\n|\n|t:|1701054455\n|move|p1a: Garchomp|Scale Shot|p2a: Glimmora\n|-damage|p2a: Glimmora|86\/100\n|-activate|p2a: Glimmora|ability: Toxic Debris\n|-sidestart|p1: PWA Wright|move: Toxic Spikes\n|-damage|p2a: Glimmora|69\/100\n|-activate|p2a: Glimmora|ability: Toxic Debris\n|-sidestart|p1: PWA Wright|move: Toxic Spikes\n|-damage|p2a: Glimmora|54\/100\n|-damage|p2a: Glimmora|38\/100\n|-hitcount|p2a: Glimmora|4\n|-unboost|p1a: Garchomp|def|1\n|-boost|p1a: Garchomp|spe|1\n|move|p2a: Glimmora|Stealth Rock|p1a: Garchomp\n|-sidestart|p1: PWA Wright|move: Stealth Rock\n|\n|upkeep\n|turn|2\n|\n|t:|1701054472\n|move|p1a: Garchomp|Earthquake|p2a: Glimmora\n|-supereffective|p2a: Glimmora\n|-damage|p2a: Glimmora|0 fnt\n|faint|p2a: Glimmora\n|\n|upkeep\n|\n|t:|1701054475\n|switch|p2a: Iron Valiant|Iron Valiant|100\/100\n|-enditem|p2a: Iron Valiant|Booster Energy\n|-activate|p2a: Iron Valiant|ability: Quark Drive|[fromitem]\n|-start|p2a: Iron Valiant|quarkdrivespe\n|turn|3\n|\n|t:|1701054491\n|-end|p2a: Iron Valiant|Quark Drive|[silent]\n|switch|p2a: Dragonite|Dragonite, F|100\/100\n|-terastallize|p1a: Garchomp|Fire\n|move|p1a: Garchomp|Swords Dance|p1a: Garchomp\n|-boost|p1a: Garchomp|atk|2\n|\n|upkeep\n|turn|4\n|\n|t:|1701054504\n|move|p1a: Garchomp|Scale Shot|p2a: Dragonite\n|-supereffective|p2a: Dragonite\n|-damage|p2a: Dragonite|72\/100\n|-supereffective|p2a: Dragonite\n|-damage|p2a: Dragonite|15\/100\n|-supereffective|p2a: Dragonite\n|-damage|p2a: Dragonite|0 fnt\n|faint|p2a: Dragonite\n|-hitcount|p2: Dragonite|3\n|-unboost|p1a: Garchomp|def|1\n|-boost|p1a: Garchomp|spe|1\n|\n|upkeep\n|\n|t:|1701054512\n|switch|p2a: Ceruledge|Ceruledge, F|100\/100\n|turn|5\n|\n|t:|1701054517\n|move|p1a: Garchomp|Scale Shot|p2a: Ceruledge\n|-damage|p2a: Ceruledge|66\/100\n|-ability|p2a: Ceruledge|Weak Armor|boost\n|-unboost|p2a: Ceruledge|def|1\n|-boost|p2a: Ceruledge|spe|2\n|-damage|p2a: Ceruledge|15\/100\n|-ability|p2a: Ceruledge|Weak Armor|boost\n|-unboost|p2a: Ceruledge|def|1\n|-boost|p2a: Ceruledge|spe|2\n|-damage|p2a: Ceruledge|0 fnt\n|faint|p2a: Ceruledge\n|-hitcount|p2: Ceruledge|3\n|-unboost|p1a: Garchomp|def|1\n|-boost|p1a: Garchomp|spe|1\n|\n|upkeep\n|\n|t:|1701054521\n|switch|p2a: Scizor|Scizor, M|100\/100\n|turn|6\n|\n|t:|1701054532\n|detailschange|p2a: Scizor|Scizor-Mega, M\n|-mega|p2a: Scizor|Scizor|Scizorite\n|move|p2a: Scizor|Bullet Punch|p1a: Garchomp\n|-resisted|p1a: Garchomp\n|-damage|p1a: Garchomp|51\/100\n|-damage|p2a: Scizor|88\/100|[from] ability: Rough Skin|[of] p1a: Garchomp\n|move|p1a: Garchomp|Tera Blast|p2a: Scizor|[anim] Tera Blast Fire\n|-supereffective|p2a: Scizor\n|-damage|p2a: Scizor|0 fnt\n|faint|p2a: Scizor\n|\n|upkeep\n|-message|trenko forfeited.\n|\n|win|PWA Wright\n|raw|PWA Wright's rating: 1782 &rarr; <strong>1796<\/strong><br \/>(+14 for winning)\n|raw|trenko's rating: 1666 &rarr; <strong>1652<\/strong><br \/>(-14 for losing)\n|l|\u2606trenko\n","uploadtime":1701054549,"views":6,"p1id":"pwawright","p2id":"trenko","formatid":"gen9nationaldex","rating":1652,"private":0,"password":""}