{"id":"gen9nationaldex-1994522686","p1":"clayanto","p2":"troubler","format":"[Gen 9] National Dex","log":"|j|\u2606clayanto\n|j|\u2606troubler\n|t:|1700454201\n|gametype|singles\n|player|p1|clayanto|2|1445\n|player|p2|troubler|1|1379\n|teamsize|p1|6\n|teamsize|p2|6\n|gen|9\n|tier|[Gen 9] National Dex\n|rated|\n|rule|HP Percentage Mod: HP is shown in percentages\n|rule|Endless Battle Clause: Forcing endless battles is banned\n|rule|OHKO Clause: OHKO moves are banned\n|rule|Evasion Clause: Evasion abilities, items, and moves are banned\n|rule|Evasion Abilities Clause: Evasion abilities are banned\n|rule|Evasion Items Clause: Evasion items are banned\n|rule|Evasion Moves Clause: Evasion moves are banned\n|rule|Species Clause: Limit one of each Pok\u00e9mon\n|rule|Sleep Clause Mod: Limit one foe put to sleep\n|clearpoke\n|poke|p1|Tapu Lele|\n|poke|p1|Moltres|\n|poke|p1|Urshifu-*, F|\n|poke|p1|Banette, F|\n|poke|p1|Kommo-o, M|\n|poke|p1|Landorus-Therian, M|\n|poke|p2|Moltres|\n|poke|p2|Landorus-Therian, M|\n|poke|p2|Slowking-Galar, F|\n|poke|p2|Hoopa-Unbound|\n|poke|p2|Lopunny, M|\n|poke|p2|Urshifu-*, M|\n|teampreview\n|inactive|Battle timer is ON: inactive players will automatically lose when time's up. (requested by clayanto)\n|inactive|troubler also wants the timer to be on.\n|\n|t:|1700454208\n|start\n|switch|p1a: Urshifu|Urshifu-Rapid-Strike, F|100\/100\n|switch|p2a: Landorus|Landorus-Therian, M|100\/100\n|-ability|p2a: Landorus|Intimidate|boost\n|-unboost|p1a: Urshifu|atk|1\n|turn|1\n|\n|t:|1700454220\n|-terastallize|p2a: Landorus|Water\n|move|p1a: Urshifu|Trailblaze|p2a: Landorus\n|-supereffective|p2a: Landorus\n|-damage|p2a: Landorus|82\/100\n|-boost|p1a: Urshifu|spe|1\n|move|p2a: Landorus|Earthquake|p1a: Urshifu\n|-damage|p1a: Urshifu|50\/100\n|\n|-heal|p2a: Landorus|88\/100|[from] item: Leftovers\n|upkeep\n|turn|2\n|\n|t:|1700454235\n|switch|p1a: Landorus|Landorus-Therian, M|100\/100\n|-ability|p1a: Landorus|Intimidate|boost\n|-unboost|p2a: Landorus|atk|1\n|move|p2a: Landorus|Earthquake|p1a: Landorus\n|-immune|p1a: Landorus\n|\n|-heal|p2a: Landorus|94\/100|[from] item: Leftovers\n|upkeep\n|turn|3\n|\n|t:|1700454241\n|move|p1a: Landorus|Knock Off|p2a: Landorus\n|-damage|p2a: Landorus|67\/100\n|-enditem|p2a: Landorus|Leftovers|[from] move: Knock Off|[of] p1a: Landorus\n|move|p2a: Landorus|Stealth Rock|p1a: Landorus\n|-sidestart|p1: clayanto|move: Stealth Rock\n|\n|upkeep\n|turn|4\n|\n|t:|1700454247\n|move|p1a: Landorus|Earthquake|p2a: Landorus\n|-damage|p2a: Landorus|21\/100\n|move|p2a: Landorus|U-turn|p1a: Landorus\n|-resisted|p1a: Landorus\n|-damage|p1a: Landorus|92\/100\n|-damage|p2a: Landorus|5\/100|[from] item: Rocky Helmet|[of] p1a: Landorus\n|\n|t:|1700454254\n|switch|p2a: Urshifu|Urshifu-Rapid-Strike, M|100\/100|[from] U-turn\n|\n|upkeep\n|turn|5\n|\n|t:|1700454259\n|switch|p1a: Kommo-o|Kommo-o, M|100\/100\n|-damage|p1a: Kommo-o|94\/100|[from] Stealth Rock\n|move|p2a: Urshifu|Surging Strikes|p1a: Kommo-o\n|-resisted|p1a: Kommo-o\n|-crit|p1a: Kommo-o\n|-damage|p1a: Kommo-o|84\/100\n|-resisted|p1a: Kommo-o\n|-crit|p1a: Kommo-o\n|-damage|p1a: Kommo-o|74\/100\n|-resisted|p1a: Kommo-o\n|-crit|p1a: Kommo-o\n|-damage|p1a: Kommo-o|64\/100\n|-hitcount|p1a: Kommo-o|3\n|\n|upkeep\n|turn|6\n|\n|t:|1700454271\n|switch|p2a: Landorus|Landorus-Therian, M, tera:Water|5\/100\n|-ability|p2a: Landorus|Intimidate|boost\n|-unboost|p1a: Kommo-o|atk|1\n|-zpower|p1a: Kommo-o\n|move|p1a: Kommo-o|Clangorous Soulblaze|p2a: Landorus|[zeffect]\n|-crit|p2a: Landorus\n|-damage|p2a: Landorus|0 fnt\n|faint|p2a: Landorus\n|-boost|p1a: Kommo-o|atk|1\n|-boost|p1a: Kommo-o|def|1\n|-boost|p1a: Kommo-o|spa|1\n|-boost|p1a: Kommo-o|spd|1\n|-boost|p1a: Kommo-o|spe|1\n|\n|upkeep\n|\n|t:|1700454285\n|switch|p2a: Urshifu|Urshifu-Rapid-Strike, M|100\/100\n|turn|7\n|\n|t:|1700454290\n|move|p2a: Urshifu|Ice Spinner|p1a: Kommo-o\n|-supereffective|p1a: Kommo-o\n|-damage|p1a: Kommo-o|23\/100\n|move|p1a: Kommo-o|Clanging Scales|p2a: Urshifu\n|-crit|p2a: Urshifu\n|-damage|p2a: Urshifu|0 fnt\n|faint|p2a: Urshifu\n|-unboost|p1a: Kommo-o|def|1\n|\n|upkeep\n|\n|t:|1700454293\n|switch|p2a: Lopunny|Lopunny, M, shiny|100\/100\n|turn|8\n|\n|t:|1700454296\n|switch|p1a: Tapu Lele|Tapu Lele|100\/100\n|-damage|p1a: Tapu Lele|88\/100|[from] Stealth Rock\n|-fieldstart|move: Psychic Terrain|[from] ability: Psychic Surge|[of] p1a: Tapu Lele\n|detailschange|p2a: Lopunny|Lopunny-Mega, M, shiny\n|-mega|p2a: Lopunny|Lopunny|Lopunnite\n|move|p2a: Lopunny|Fake Out|p1a: Tapu Lele\n|-activate|p1a: Tapu Lele|move: Psychic Terrain\n|\n|upkeep\n|turn|9\n|\n|t:|1700454302\n|switch|p2a: Slowking|Slowking-Galar, F|100\/100\n|move|p1a: Tapu Lele|Psychic|p2a: Slowking\n|-damage|p2a: Slowking|60\/100\n|\n|upkeep\n|turn|10\n|\n|t:|1700454316\n|-terastallize|p1a: Tapu Lele|Psychic\n|move|p1a: Tapu Lele|Psyshock|p2a: Slowking\n|-damage|p2a: Slowking|0 fnt\n|faint|p2a: Slowking\n|\n|upkeep\n|\n|t:|1700454325\n|switch|p2a: Hoopa|Hoopa-Unbound|100\/100\n|turn|11\n|\n|t:|1700454327\n|move|p2a: Hoopa|Hyperspace Fury|p1a: Tapu Lele\n|-supereffective|p1a: Tapu Lele\n|-crit|p1a: Tapu Lele\n|-damage|p1a: Tapu Lele|0 fnt\n|-unboost|p2a: Hoopa|def|1\n|faint|p1a: Tapu Lele\n|\n|upkeep\n|\n|t:|1700454333\n|switch|p1a: Landorus|Landorus-Therian, M|92\/100\n|-damage|p1a: Landorus|80\/100|[from] Stealth Rock\n|-ability|p1a: Landorus|Intimidate|boost\n|-unboost|p2a: Hoopa|atk|1\n|turn|12\n|\n|t:|1700454338\n|switch|p2a: Moltres|Moltres|100\/100\n|switch|p1a: Kommo-o|Kommo-o, M|23\/100\n|-damage|p1a: Kommo-o|17\/100|[from] Stealth Rock\n|\n|-fieldend|move: Psychic Terrain\n|upkeep\n|turn|13\n|\n|t:|1700454345\n|move|p1a: Kommo-o|Clanging Scales|p2a: Moltres\n|-damage|p2a: Moltres|49\/100\n|-unboost|p1a: Kommo-o|def|1\n|move|p2a: Moltres|Scorching Sands|p1a: Kommo-o\n|-damage|p1a: Kommo-o|0 fnt\n|faint|p1a: Kommo-o\n|\n|upkeep\n|\n|t:|1700454350\n|switch|p1a: Urshifu|Urshifu-Rapid-Strike, F|50\/100\n|-damage|p1a: Urshifu|44\/100|[from] Stealth Rock\n|turn|14\n|\n|t:|1700454358\n|move|p1a: Urshifu|Trailblaze|p2a: Moltres\n|-resisted|p2a: Moltres\n|-damage|p2a: Moltres|46\/100\n|-boost|p1a: Urshifu|spe|1\n|move|p2a: Moltres|Scorching Sands|p1a: Urshifu\n|-damage|p1a: Urshifu|15\/100\n|\n|upkeep\n|turn|15\n|\n|t:|1700454363\n|move|p1a: Urshifu|Surging Strikes|p2a: Moltres\n|-supereffective|p2a: Moltres\n|-crit|p2a: Moltres\n|-damage|p2a: Moltres|13\/100\n|-supereffective|p2a: Moltres\n|-crit|p2a: Moltres\n|-damage|p2a: Moltres|0 fnt\n|faint|p2a: Moltres\n|-hitcount|p2: Moltres|2\n|\n|upkeep\n|\n|t:|1700454367\n|switch|p2a: Lopunny|Lopunny-Mega, M, shiny|100\/100\n|turn|16\n|\n|t:|1700454369\n|switch|p1a: Banette|Banette, F|100\/100\n|-damage|p1a: Banette|88\/100|[from] Stealth Rock\n|move|p2a: Lopunny|Fake Out|p1a: Banette\n|-damage|p1a: Banette|55\/100\n|\n|upkeep\n|turn|17\n|\n|t:|1700454372\n|detailschange|p1a: Banette|Banette-Mega, F\n|-mega|p1a: Banette|Banette|Banettite\n|move|p1a: Banette|Encore|p2a: Lopunny\n|-start|p2a: Lopunny|Encore\n|move|p2a: Lopunny|Fake Out||[still]\n|-hint|Fake Out only works on your first turn out.\n|-fail|p2a: Lopunny\n|\n|upkeep\n|turn|18\n|\n|t:|1700454378\n|switch|p2a: Hoopa|Hoopa-Unbound|100\/100\n|switch|p1a: Moltres|Moltres|100\/100\n|\n|upkeep\n|turn|19\n|\n|t:|1700454383\n|move|p2a: Hoopa|Hyperspace Fury|p1a: Moltres\n|-damage|p1a: Moltres|58\/100\n|-unboost|p2a: Hoopa|def|1\n|move|p1a: Moltres|U-turn|p2a: Hoopa\n|-supereffective|p2a: Hoopa\n|-damage|p2a: Hoopa|0 fnt\n|faint|p2a: Hoopa\n|\n|t:|1700454386\n|switch|p1a: Urshifu|Urshifu-Rapid-Strike, F|15\/100|[from] U-turn\n|-damage|p1a: Urshifu|9\/100|[from] Stealth Rock\n|\n|upkeep\n|\n|t:|1700454392\n|switch|p2a: Lopunny|Lopunny-Mega, M, shiny|100\/100\n|turn|20\n|\n|t:|1700454399\n|move|p2a: Lopunny|Frustration|p1a: Urshifu\n|-damage|p1a: Urshifu|0 fnt\n|faint|p1a: Urshifu\n|\n|upkeep\n|\n|t:|1700454401\n|switch|p1a: Banette|Banette-Mega, F|55\/100\n|-damage|p1a: Banette|42\/100|[from] Stealth Rock\n|turn|21\n|\n|t:|1700454412\n|move|p1a: Banette|Destiny Bond|p1a: Banette\n|-singlemove|p1a: Banette|Destiny Bond\n|move|p2a: Lopunny|Frustration|p1a: Banette\n|-damage|p1a: Banette|0 fnt\n|faint|p1a: Banette\n|-activate|p1a: Banette|move: Destiny Bond\n|faint|p2a: Lopunny\n|\n|win|clayanto\n|raw|clayanto's rating: 1445 &rarr; <strong>1461<\/strong><br \/>(+16 for winning)\n|raw|troubler's rating: 1379 &rarr; <strong>1363<\/strong><br \/>(-16 for losing)\n|l|\u2606troubler\n","uploadtime":1700454429,"views":5,"p1id":"clayanto","p2id":"troubler","formatid":"gen9nationaldex","rating":1363,"private":0,"password":""}