{"id":"gen9nationaldex-1990327331","p1":"HWH344","p2":"GAGA233","format":"[Gen 9] National Dex","log":"|j|\u2606HWH344\n|j|\u2606GAGA233\n|t:|1699957324\n|gametype|singles\n|player|p1|HWH344|169|1637\n|player|p2|GAGA233|red|1536\n|teamsize|p1|6\n|teamsize|p2|6\n|gen|9\n|tier|[Gen 9] National Dex\n|rated|\n|rule|HP Percentage Mod: HP is shown in percentages\n|rule|Endless Battle Clause: Forcing endless battles is banned\n|rule|OHKO Clause: OHKO moves are banned\n|rule|Evasion Clause: Evasion abilities, items, and moves are banned\n|rule|Evasion Abilities Clause: Evasion abilities are banned\n|rule|Evasion Items Clause: Evasion items are banned\n|rule|Evasion Moves Clause: Evasion moves are banned\n|rule|Species Clause: Limit one of each Pok\u00e9mon\n|rule|Sleep Clause Mod: Limit one foe put to sleep\n|clearpoke\n|poke|p1|Banette, M|\n|poke|p1|Tapu Koko|\n|poke|p1|Ting-Lu|\n|poke|p1|Iron Valiant|\n|poke|p1|Toxapex, M|\n|poke|p1|Gliscor, F|\n|poke|p2|Ogerpon, F|\n|poke|p2|Corviknight, M|\n|poke|p2|Clodsire, F|\n|poke|p2|Tyranitar, F|\n|poke|p2|Alomomola, F|\n|poke|p2|Banette, F|\n|teampreview\n|inactive|Battle timer is ON: inactive players will automatically lose when time's up. (requested by GAGA233)\n|inactive|HWH344 has 120 seconds left.\n|\n|t:|1699957386\n|start\n|switch|p1a: Banette|Banette, M|100\/100\n|switch|p2a: Clodsire|Clodsire, F|100\/100\n|turn|1\n|\n|t:|1699957393\n|switch|p2a: Tyranitar|Tyranitar, F|100\/100\n|-weather|Sandstorm|[from] ability: Sand Stream|[of] p2a: Tyranitar\n|detailschange|p1a: Banette|Banette-Mega, M\n|-mega|p1a: Banette|Banette|Banettite\n|move|p1a: Banette|Poltergeist|p2a: Tyranitar\n|-activate|p2a: Tyranitar|move: Poltergeist|Assault Vest\n|-resisted|p2a: Tyranitar\n|-damage|p2a: Tyranitar|73\/100\n|\n|-weather|Sandstorm|[upkeep]\n|-damage|p1a: Banette|94\/100|[from] Sandstorm\n|upkeep\n|turn|2\n|\n|t:|1699957400\n|move|p1a: Banette|Destiny Bond|p1a: Banette\n|-singlemove|p1a: Banette|Destiny Bond\n|move|p2a: Tyranitar|Pursuit|p1a: Banette\n|-supereffective|p1a: Banette\n|-damage|p1a: Banette|49\/100\n|\n|-weather|Sandstorm|[upkeep]\n|-damage|p1a: Banette|43\/100|[from] Sandstorm\n|upkeep\n|turn|3\n|\n|t:|1699957412\n|-activate|p1a: Banette|move: Pursuit\n|move|p2a: Tyranitar|Pursuit|p1a: Banette|[from]Pursuit\n|-supereffective|p1a: Banette\n|-damage|p1a: Banette|0 fnt\n|faint|p1a: Banette\n|-hint|A Pokemon can't switch between when it runs out of HP and when it faints\n|\n|-weather|Sandstorm|[upkeep]\n|upkeep\n|\n|t:|1699957422\n|switch|p1a: Gliscor|Gliscor, F|100\/100\n|turn|4\n|\n|t:|1699957428\n|switch|p1a: Tapu Koko|Tapu Koko|100\/100\n|-fieldstart|move: Electric Terrain|[from] ability: Electric Surge|[of] p1a: Tapu Koko\n|move|p2a: Tyranitar|Ice Beam|p1a: Tapu Koko\n|-damage|p1a: Tapu Koko|56\/100\n|\n|-weather|Sandstorm|[upkeep]\n|-damage|p1a: Tapu Koko|50\/100|[from] Sandstorm\n|upkeep\n|turn|5\n|\n|t:|1699957435\n|move|p1a: Tapu Koko|U-turn|p2a: Tyranitar\n|-supereffective|p2a: Tyranitar\n|-damage|p2a: Tyranitar|48\/100\n|\n|t:|1699957441\n|switch|p1a: Gliscor|Gliscor, F|100\/100|[from] U-turn\n|move|p2a: Tyranitar|Earthquake|p1a: Gliscor\n|-immune|p1a: Gliscor\n|\n|-weather|none\n|-status|p1a: Gliscor|tox|[from] item: Toxic Orb\n|upkeep\n|turn|6\n|\n|t:|1699957452\n|switch|p2a: Corviknight|Corviknight, M|100\/100\n|-ability|p2a: Corviknight|Pressure\n|move|p1a: Gliscor|Earthquake|p2a: Corviknight\n|-immune|p2a: Corviknight\n|\n|upkeep\n|turn|7\n|\n|t:|1699957460\n|switch|p1a: Tapu Koko|Tapu Koko|50\/100\n|move|p2a: Corviknight|U-turn|p1a: Tapu Koko\n|-resisted|p1a: Tapu Koko\n|-damage|p1a: Tapu Koko|40\/100\n|\n|t:|1699957468\n|switch|p2a: Clodsire|Clodsire, F|100\/100|[from] U-turn\n|\n|upkeep\n|turn|8\n|\n|t:|1699957477\n|move|p1a: Tapu Koko|U-turn|p2a: Clodsire\n|-resisted|p2a: Clodsire\n|-damage|p2a: Clodsire|91\/100\n|\n|t:|1699957482\n|switch|p1a: Gliscor|Gliscor, F|100\/100 tox|[from] U-turn\n|move|p2a: Clodsire|Stealth Rock|p1a: Gliscor\n|-sidestart|p1: HWH344|move: Stealth Rock\n|\n|-heal|p2a: Clodsire|97\/100|[from] item: Black Sludge\n|-fieldend|move: Electric Terrain\n|upkeep\n|turn|9\n|\n|t:|1699957489\n|switch|p2a: Ogerpon|Ogerpon, F|100\/100\n|move|p1a: Gliscor|Defog|p2a: Ogerpon\n|-unboost|p2a: Ogerpon|evasion|1\n|-ability|p2a: Ogerpon|Defiant|boost\n|-boost|p2a: Ogerpon|atk|2\n|-sideend|p1: HWH344|Stealth Rock|[from] move: Defog|[of] p1a: Gliscor\n|\n|upkeep\n|turn|10\n|\n|t:|1699957503\n|-terastallize|p2a: Ogerpon|Grass\n|detailschange|p2a: Ogerpon|Ogerpon-Teal-Tera, F, tera:Grass\n|-ability|p2a: Ogerpon|Embody Aspect (Teal)|boost\n|-boost|p2a: Ogerpon|spe|1\n|move|p2a: Ogerpon|Ivy Cudgel|p1a: Gliscor\n|-crit|p1a: Gliscor\n|-damage|p1a: Gliscor|0 fnt\n|faint|p1a: Gliscor\n|\n|upkeep\n|\n|t:|1699957510\n|switch|p1a: Tapu Koko|Tapu Koko|40\/100\n|-fieldstart|move: Electric Terrain|[from] ability: Electric Surge|[of] p1a: Tapu Koko\n|turn|11\n|\n|t:|1699957513\n|move|p2a: Ogerpon|Ivy Cudgel|p1a: Tapu Koko\n|-damage|p1a: Tapu Koko|0 fnt\n|faint|p1a: Tapu Koko\n|\n|upkeep\n|\n|t:|1699957514\n|switch|p1a: Iron Valiant|Iron Valiant|100\/100\n|-activate|p1a: Iron Valiant|ability: Quark Drive\n|-start|p1a: Iron Valiant|quarkdrivespe\n|turn|12\n|\n|t:|1699957517\n|-terastallize|p1a: Iron Valiant|Fairy\n|move|p1a: Iron Valiant|Moonblast|p2a: Ogerpon\n|-damage|p2a: Ogerpon|4\/100\n|-unboost|p2a: Ogerpon|spa|1\n|-damage|p1a: Iron Valiant|91\/100|[from] item: Life Orb\n|move|p2a: Ogerpon|Ivy Cudgel|p1a: Iron Valiant\n|-crit|p1a: Iron Valiant\n|-damage|p1a: Iron Valiant|0 fnt\n|faint|p1a: Iron Valiant\n|-end|p1a: Iron Valiant|Quark Drive|[silent]\n|\n|upkeep\n|l|\u2606HWH344\n|inactive|HWH344 disconnected and has a minute to reconnect!\n|player|p1|\n|inactive|HWH344 has 30 seconds to reconnect!\n|inactive|HWH344 has 20 seconds to reconnect!\n|inactive|HWH344 has 15 seconds to reconnect!\n|inactive|HWH344 has 10 seconds to reconnect!\n|inactive|HWH344 has 5 seconds to reconnect!\n|-message|HWH344 lost due to inactivity.\n|\n|win|GAGA233\n|raw|HWH344's rating: 1637 &rarr; <strong>1611<\/strong><br \/>(-26 for losing)\n|raw|GAGA233's rating: 1536 &rarr; <strong>1562<\/strong><br \/>(+26 for winning)\n","uploadtime":1699957586,"views":33,"p1id":"hwh344","p2id":"gaga233","formatid":"gen9nationaldex","rating":1562,"private":0,"password":""}