{"id":"gen9nationaldex-1992532445","p1":"Lxkaa","p2":"blizzard og 12","format":"[Gen 9] National Dex","log":"|j|\u2606Lxkaa\n|j|\u2606blizzard og 12\n|t:|1700200785\n|gametype|singles\n|player|p1|Lxkaa|hilbert|1233\n|player|p2|blizzard og 12|1|1194\n|teamsize|p1|6\n|teamsize|p2|6\n|gen|9\n|tier|[Gen 9] National Dex\n|rated|\n|rule|HP Percentage Mod: HP is shown in percentages\n|rule|Endless Battle Clause: Forcing endless battles is banned\n|rule|OHKO Clause: OHKO moves are banned\n|rule|Evasion Clause: Evasion abilities, items, and moves are banned\n|rule|Evasion Abilities Clause: Evasion abilities are banned\n|rule|Evasion Items Clause: Evasion items are banned\n|rule|Evasion Moves Clause: Evasion moves are banned\n|rule|Species Clause: Limit one of each Pok\u00e9mon\n|rule|Sleep Clause Mod: Limit one foe put to sleep\n|clearpoke\n|poke|p1|Samurott-Hisui, M|\n|poke|p1|Gliscor, M|\n|poke|p1|Ferrothorn, M|\n|poke|p1|Dragonite, F|\n|poke|p1|Volcarona, F|\n|poke|p1|Clefable, F|\n|poke|p2|Garganacl, M|\n|poke|p2|Grimmsnarl, M|\n|poke|p2|Feraligatr, F|\n|poke|p2|Toxapex, M|\n|poke|p2|Pawmot, F|\n|poke|p2|Dragonite, M|\n|teampreview\n|\n|t:|1700200793\n|start\n|switch|p1a: Ferrothorn|Ferrothorn, M|100\/100\n|switch|p2a: Grimmsnarl|Grimmsnarl, M|100\/100\n|turn|1\n|inactive|Battle timer is ON: inactive players will automatically lose when time's up. (requested by blizzard og 12)\n|\n|t:|1700200817\n|move|p2a: Grimmsnarl|Taunt|p1a: Ferrothorn\n|-start|p1a: Ferrothorn|move: Taunt\n|cant|p1a: Ferrothorn|move: Taunt|Leech Seed\n|\n|upkeep\n|turn|2\n|\n|t:|1700200825\n|move|p2a: Grimmsnarl|Reflect|p2a: Grimmsnarl\n|-sidestart|p2: blizzard og 12|Reflect\n|move|p1a: Ferrothorn|Gyro Ball|p2a: Grimmsnarl\n|-supereffective|p2a: Grimmsnarl\n|-damage|p2a: Grimmsnarl|67\/100\n|\n|upkeep\n|turn|3\n|\n|t:|1700200830\n|move|p2a: Grimmsnarl|Light Screen|p2a: Grimmsnarl\n|-sidestart|p2: blizzard og 12|move: Light Screen\n|move|p1a: Ferrothorn|Gyro Ball|p2a: Grimmsnarl\n|-supereffective|p2a: Grimmsnarl\n|-damage|p2a: Grimmsnarl|32\/100\n|\n|-end|p1a: Ferrothorn|move: Taunt\n|upkeep\n|turn|4\n|\n|t:|1700200839\n|move|p2a: Grimmsnarl|Taunt|p1a: Ferrothorn\n|-start|p1a: Ferrothorn|move: Taunt\n|cant|p1a: Ferrothorn|move: Taunt|Leech Seed\n|\n|upkeep\n|turn|5\n|\n|t:|1700200844\n|move|p2a: Grimmsnarl|Parting Shot|p1a: Ferrothorn\n|-unboost|p1a: Ferrothorn|atk|1\n|-unboost|p1a: Ferrothorn|spa|1\n|\n|t:|1700200855\n|switch|p2a: Pawmot|Pawmot, F|100\/100|[from] Parting Shot\n|move|p1a: Ferrothorn|Gyro Ball|p2a: Pawmot\n|-resisted|p2a: Pawmot\n|-damage|p2a: Pawmot|87\/100\n|\n|upkeep\n|turn|6\n|inactive|Lxkaa has 120 seconds left.\n|\n|t:|1700200890\n|switch|p1a: Gliscor|Gliscor, M|100\/100\n|move|p2a: Pawmot|Close Combat|p1a: Gliscor\n|-resisted|p1a: Gliscor\n|-damage|p1a: Gliscor|73\/100\n|-unboost|p2a: Pawmot|def|1\n|-unboost|p2a: Pawmot|spd|1\n|-damage|p2a: Pawmot|77\/100|[from] item: Life Orb\n|\n|-status|p1a: Gliscor|tox|[from] item: Toxic Orb\n|upkeep\n|turn|7\n|inactive|Lxkaa has 120 seconds left.\n|\n|t:|1700200905\n|switch|p2a: Toxapex|Toxapex, M|100\/100\n|move|p1a: Gliscor|Defog|p2a: Toxapex\n|-unboost|p2a: Toxapex|evasion|1\n|-sideend|p2: blizzard og 12|Reflect\n|-sideend|p2: blizzard og 12|move: Light Screen\n|\n|-heal|p1a: Gliscor|86\/100 tox|[from] ability: Poison Heal\n|upkeep\n|turn|8\n|inactive|Lxkaa has 120 seconds left.\n|\n|t:|1700200916\n|move|p1a: Gliscor|U-turn|p2a: Toxapex\n|-resisted|p2a: Toxapex\n|-damage|p2a: Toxapex|96\/100\n|\n|t:|1700200919\n|switch|p1a: Ferrothorn|Ferrothorn, M|100\/100|[from] U-turn\n|move|p2a: Toxapex|Scald|p1a: Ferrothorn\n|-resisted|p1a: Ferrothorn\n|-damage|p1a: Ferrothorn|95\/100\n|\n|-heal|p1a: Ferrothorn|100\/100|[from] item: Leftovers\n|upkeep\n|turn|9\n|\n|t:|1700200940\n|switch|p2a: Pawmot|Pawmot, F|77\/100\n|move|p1a: Ferrothorn|Leech Seed|p2a: Pawmot\n|-start|p2a: Pawmot|move: Leech Seed\n|\n|-damage|p2a: Pawmot|65\/100|[from] Leech Seed|[of] p1a: Ferrothorn\n|upkeep\n|turn|10\n|\n|t:|1700200960\n|-terastallize|p1a: Ferrothorn|Ghost\n|move|p2a: Pawmot|Close Combat|p1a: Ferrothorn\n|-immune|p1a: Ferrothorn\n|move|p1a: Ferrothorn|Stealth Rock|p2a: Pawmot\n|-sidestart|p2: blizzard og 12|move: Stealth Rock\n|\n|-damage|p2a: Pawmot|52\/100|[from] Leech Seed|[of] p1a: Ferrothorn\n|upkeep\n|turn|11\n|\n|t:|1700200972\n|switch|p2a: Toxapex|Toxapex, M|100\/100\n|move|p1a: Ferrothorn|Power Whip|p2a: Toxapex\n|-damage|p2a: Toxapex|74\/100\n|\n|upkeep\n|turn|12\n|\n|t:|1700200982\n|move|p2a: Toxapex|Toxic Spikes|p1a: Ferrothorn\n|-sidestart|p1: Lxkaa|move: Toxic Spikes\n|move|p1a: Ferrothorn|Gyro Ball|p2a: Toxapex\n|-resisted|p2a: Toxapex\n|-damage|p2a: Toxapex|68\/100\n|\n|upkeep\n|turn|13\n|\n|t:|1700200988\n|move|p2a: Toxapex|Toxic Spikes|p1a: Ferrothorn\n|-sidestart|p1: Lxkaa|move: Toxic Spikes\n|move|p1a: Ferrothorn|Leech Seed|p2a: Toxapex\n|-start|p2a: Toxapex|move: Leech Seed\n|\n|-damage|p2a: Toxapex|56\/100|[from] Leech Seed|[of] p1a: Ferrothorn\n|upkeep\n|turn|14\n|\n|t:|1700200997\n|move|p2a: Toxapex|Scald|p1a: Ferrothorn\n|-damage|p1a: Ferrothorn|89\/100\n|move|p1a: Ferrothorn|Power Whip|p2a: Toxapex\n|-damage|p2a: Toxapex|32\/100\n|\n|-heal|p1a: Ferrothorn|96\/100|[from] item: Leftovers\n|-damage|p2a: Toxapex|20\/100|[from] Leech Seed|[of] p1a: Ferrothorn\n|-heal|p1a: Ferrothorn|100\/100|[silent]\n|upkeep\n|turn|15\n|\n|t:|1700201006\n|move|p2a: Toxapex|Recover|p2a: Toxapex\n|-heal|p2a: Toxapex|70\/100\n|move|p1a: Ferrothorn|Power Whip|p2a: Toxapex\n|-damage|p2a: Toxapex|47\/100\n|\n|-damage|p2a: Toxapex|35\/100|[from] Leech Seed|[of] p1a: Ferrothorn\n|upkeep\n|turn|16\n|\n|t:|1700201015\n|move|p2a: Toxapex|Scald|p1a: Ferrothorn\n|-damage|p1a: Ferrothorn|89\/100\n|move|p1a: Ferrothorn|Power Whip|p2a: Toxapex\n|-damage|p2a: Toxapex|13\/100\n|\n|-heal|p1a: Ferrothorn|95\/100|[from] item: Leftovers\n|-damage|p2a: Toxapex|1\/100|[from] Leech Seed|[of] p1a: Ferrothorn\n|-heal|p1a: Ferrothorn|100\/100|[silent]\n|upkeep\n|turn|17\n|\n|t:|1700201025\n|move|p2a: Toxapex|Scald|p1a: Ferrothorn\n|-damage|p1a: Ferrothorn|89\/100\n|move|p1a: Ferrothorn|Power Whip|p2a: Toxapex\n|-damage|p2a: Toxapex|0 fnt\n|faint|p2a: Toxapex\n|\n|-heal|p1a: Ferrothorn|95\/100|[from] item: Leftovers\n|upkeep\n|\n|t:|1700201039\n|switch|p2a: Dragonite|Dragonite, M|100\/100\n|turn|18\n|inactive|Lxkaa has 120 seconds left.\n|\n|t:|1700201073\n|move|p2a: Dragonite|Toxic|p1a: Ferrothorn\n|-status|p1a: Ferrothorn|tox\n|move|p1a: Ferrothorn|Leech Seed|p2a: Dragonite|[miss]\n|-miss|p1a: Ferrothorn|p2a: Dragonite\n|\n|-heal|p1a: Ferrothorn|100\/100 tox|[from] item: Leftovers\n|-damage|p1a: Ferrothorn|94\/100 tox|[from] psn\n|upkeep\n|turn|19\n|\n|t:|1700201090\n|move|p2a: Dragonite|Protect|p2a: Dragonite\n|-singleturn|p2a: Dragonite|Protect\n|move|p1a: Ferrothorn|Leech Seed|p2a: Dragonite\n|-activate|p2a: Dragonite|move: Protect\n|\n|-heal|p1a: Ferrothorn|100\/100 tox|[from] item: Leftovers\n|-damage|p1a: Ferrothorn|88\/100 tox|[from] psn\n|upkeep\n|turn|20\n|\n|t:|1700201103\n|move|p2a: Dragonite|Protect|p2a: Dragonite\n|-singleturn|p2a: Dragonite|Protect\n|move|p1a: Ferrothorn|Leech Seed|p2a: Dragonite\n|-activate|p2a: Dragonite|move: Protect\n|\n|-heal|p1a: Ferrothorn|94\/100 tox|[from] item: Leftovers\n|-damage|p1a: Ferrothorn|75\/100 tox|[from] psn\n|upkeep\n|turn|21\n|\n|t:|1700201119\n|move|p2a: Dragonite|Toxic|p1a: Ferrothorn\n|-fail|p1a: Ferrothorn|tox\n|move|p1a: Ferrothorn|Leech Seed|p2a: Dragonite\n|-start|p2a: Dragonite|move: Leech Seed\n|\n|-heal|p1a: Ferrothorn|82\/100 tox|[from] item: Leftovers\n|-damage|p2a: Dragonite|88\/100|[from] Leech Seed|[of] p1a: Ferrothorn\n|-heal|p1a: Ferrothorn|95\/100 tox|[silent]\n|-damage|p1a: Ferrothorn|70\/100 tox|[from] psn\n|upkeep\n|turn|22\n|\n|t:|1700201128\n|move|p2a: Dragonite|Protect|p2a: Dragonite\n|-singleturn|p2a: Dragonite|Protect\n|move|p1a: Ferrothorn|Gyro Ball|p2a: Dragonite\n|-activate|p2a: Dragonite|move: Protect\n|\n|-heal|p1a: Ferrothorn|77\/100 tox|[from] item: Leftovers\n|-damage|p2a: Dragonite|76\/100|[from] Leech Seed|[of] p1a: Ferrothorn\n|-heal|p1a: Ferrothorn|90\/100 tox|[silent]\n|-damage|p1a: Ferrothorn|59\/100 tox|[from] psn\n|upkeep\n|turn|23\n|\n|t:|1700201137\n|move|p2a: Dragonite|Protect||[still]\n|-fail|p2a: Dragonite\n|move|p1a: Ferrothorn|Gyro Ball|p2a: Dragonite\n|-damage|p2a: Dragonite|41\/100\n|\n|-heal|p1a: Ferrothorn|65\/100 tox|[from] item: Leftovers\n|-damage|p2a: Dragonite|29\/100|[from] Leech Seed|[of] p1a: Ferrothorn\n|-heal|p1a: Ferrothorn|79\/100 tox|[silent]\n|-damage|p1a: Ferrothorn|41\/100 tox|[from] psn\n|upkeep\n|turn|24\n|inactive|Lxkaa has 120 seconds left.\n|\n|t:|1700201174\n|switch|p1a: Gliscor|Gliscor, M|86\/100 tox\n|move|p2a: Dragonite|Roost|p2a: Dragonite\n|-heal|p2a: Dragonite|79\/100\n|-singleturn|p2a: Dragonite|move: Roost\n|\n|-damage|p2a: Dragonite|66\/100|[from] Leech Seed|[of] p1a: Gliscor\n|-heal|p1a: Gliscor|99\/100 tox|[silent]\n|-heal|p1a: Gliscor|100\/100 tox|[from] ability: Poison Heal\n|upkeep\n|turn|25\n|inactive|Lxkaa has 120 seconds left.\n|\n|t:|1700201188\n|switch|p2a: Grimmsnarl|Grimmsnarl, M|32\/100\n|-damage|p2a: Grimmsnarl|20\/100|[from] Stealth Rock\n|move|p1a: Gliscor|Defog|p2a: Grimmsnarl\n|-unboost|p2a: Grimmsnarl|evasion|1\n|-sideend|p2: blizzard og 12|Stealth Rock|[from] move: Defog|[of] p1a: Gliscor\n|-sideend|p1: Lxkaa|Toxic Spikes|[from] move: Defog|[of] p1a: Gliscor\n|\n|upkeep\n|turn|26\n|inactive|Lxkaa has 120 seconds left.\n|\n|t:|1700201206\n|move|p2a: Grimmsnarl|Reflect|p2a: Grimmsnarl\n|-sidestart|p2: blizzard og 12|Reflect\n|move|p1a: Gliscor|U-turn|p2a: Grimmsnarl\n|-damage|p2a: Grimmsnarl|10\/100\n|\n|t:|1700201214\n|switch|p1a: Samurott|Samurott-Hisui, M|100\/100|[from] U-turn\n|\n|upkeep\n|turn|27\n|\n|t:|1700201223\n|move|p2a: Grimmsnarl|Light Screen|p2a: Grimmsnarl\n|-sidestart|p2: blizzard og 12|move: Light Screen\n|move|p1a: Samurott|Ceaseless Edge|p2a: Grimmsnarl\n|-resisted|p2a: Grimmsnarl\n|-damage|p2a: Grimmsnarl|3\/100\n|-sidestart|p2: blizzard og 12|Spikes\n|\n|upkeep\n|turn|28\n|inactive|Lxkaa has 120 seconds left.\n|\n|t:|1700201230\n|move|p2a: Grimmsnarl|Parting Shot|p1a: Samurott\n|-hint|Since gen 7, Dark is immune to Prankster moves.\n|-immune|p1a: Samurott\n|move|p1a: Samurott|Ceaseless Edge|p2a: Grimmsnarl\n|-resisted|p2a: Grimmsnarl\n|-damage|p2a: Grimmsnarl|0 fnt\n|-sidestart|p2: blizzard og 12|Spikes\n|faint|p2a: Grimmsnarl\n|\n|upkeep\n|\n|t:|1700201243\n|switch|p2a: Garganacl|Garganacl, M|100\/100\n|-damage|p2a: Garganacl|84\/100|[from] Spikes\n|turn|29\n|\n|t:|1700201250\n|-terastallize|p2a: Garganacl|Water\n|move|p1a: Samurott|Ceaseless Edge|p2a: Garganacl\n|-damage|p2a: Garganacl|70\/100\n|-sidestart|p2: blizzard og 12|Spikes\n|move|p2a: Garganacl|Salt Cure|p1a: Samurott\n|-damage|p1a: Samurott|81\/100\n|-start|p1a: Samurott|Salt Cure\n|\n|-heal|p2a: Garganacl|76\/100|[from] item: Leftovers\n|-damage|p1a: Samurott|57\/100|[from] Salt Cure\n|upkeep\n|turn|30\n|\n|t:|1700201261\n|move|p1a: Samurott|Flip Turn|p2a: Garganacl\n|-resisted|p2a: Garganacl\n|-damage|p2a: Garganacl|72\/100\n|inactive|Lxkaa has 120 seconds left.\n|\n|t:|1700201277\n|switch|p1a: Ferrothorn|Ferrothorn, M, tera:Ghost|41\/100 tox|[from] Flip Turn\n|move|p2a: Garganacl|Curse|p2a: Garganacl\n|-unboost|p2a: Garganacl|spe|1\n|-boost|p2a: Garganacl|atk|1\n|-boost|p2a: Garganacl|def|1\n|\n|-heal|p2a: Garganacl|78\/100|[from] item: Leftovers\n|-heal|p1a: Ferrothorn|48\/100 tox|[from] item: Leftovers\n|-damage|p1a: Ferrothorn|41\/100 tox|[from] psn\n|upkeep\n|turn|31\n|inactive|Lxkaa has 120 seconds left.\n|\n|t:|1700201291\n|move|p2a: Garganacl|Earthquake|p1a: Ferrothorn\n|-damage|p1a: Ferrothorn|17\/100 tox\n|move|p1a: Ferrothorn|Leech Seed|p2a: Garganacl\n|-start|p2a: Garganacl|move: Leech Seed\n|\n|-heal|p2a: Garganacl|84\/100|[from] item: Leftovers\n|-heal|p1a: Ferrothorn|23\/100 tox|[from] item: Leftovers\n|-damage|p2a: Garganacl|72\/100|[from] Leech Seed|[of] p1a: Ferrothorn\n|-heal|p1a: Ferrothorn|37\/100 tox|[silent]\n|-damage|p1a: Ferrothorn|25\/100 tox|[from] psn\n|upkeep\n|turn|32\n|inactive|Lxkaa has 120 seconds left.\n|\n|t:|1700201302\n|move|p2a: Garganacl|Recover|p2a: Garganacl\n|-heal|p2a: Garganacl|100\/100\n|move|p1a: Ferrothorn|Stealth Rock|p2a: Garganacl\n|-sidestart|p2: blizzard og 12|move: Stealth Rock\n|\n|-heal|p1a: Ferrothorn|31\/100 tox|[from] item: Leftovers\n|-damage|p2a: Garganacl|88\/100|[from] Leech Seed|[of] p1a: Ferrothorn\n|-heal|p1a: Ferrothorn|45\/100 tox|[silent]\n|-damage|p1a: Ferrothorn|26\/100 tox|[from] psn\n|upkeep\n|turn|33\n|\n|t:|1700201317\n|move|p2a: Garganacl|Curse|p2a: Garganacl\n|-unboost|p2a: Garganacl|spe|1\n|-boost|p2a: Garganacl|atk|1\n|-boost|p2a: Garganacl|def|1\n|move|p1a: Ferrothorn|Power Whip|p2a: Garganacl\n|-supereffective|p2a: Garganacl\n|-damage|p2a: Garganacl|74\/100\n|\n|-heal|p2a: Garganacl|81\/100|[from] item: Leftovers\n|-heal|p1a: Ferrothorn|33\/100 tox|[from] item: Leftovers\n|-damage|p2a: Garganacl|68\/100|[from] Leech Seed|[of] p1a: Ferrothorn\n|-heal|p1a: Ferrothorn|47\/100 tox|[silent]\n|-damage|p1a: Ferrothorn|22\/100 tox|[from] psn\n|-sideend|p2: blizzard og 12|Reflect\n|upkeep\n|turn|34\n|inactive|Lxkaa has 120 seconds left.\n|\n|t:|1700201337\n|move|p2a: Garganacl|Recover|p2a: Garganacl\n|-heal|p2a: Garganacl|100\/100\n|move|p1a: Ferrothorn|Power Whip|p2a: Garganacl\n|-supereffective|p2a: Garganacl\n|-damage|p2a: Garganacl|75\/100\n|\n|-heal|p2a: Garganacl|81\/100|[from] item: Leftovers\n|-heal|p1a: Ferrothorn|28\/100 tox|[from] item: Leftovers\n|-damage|p2a: Garganacl|69\/100|[from] Leech Seed|[of] p1a: Ferrothorn\n|-heal|p1a: Ferrothorn|42\/100 tox|[silent]\n|-damage|p1a: Ferrothorn|11\/100 tox|[from] psn\n|-sideend|p2: blizzard og 12|move: Light Screen\n|upkeep\n|turn|35\n|inactive|Lxkaa has 120 seconds left.\n|\n|t:|1700201349\n|move|p2a: Garganacl|Recover|p2a: Garganacl\n|-heal|p2a: Garganacl|100\/100\n|move|p1a: Ferrothorn|Power Whip|p2a: Garganacl\n|-supereffective|p2a: Garganacl\n|-damage|p2a: Garganacl|74\/100\n|\n|-heal|p2a: Garganacl|80\/100|[from] item: Leftovers\n|-heal|p1a: Ferrothorn|17\/100 tox|[from] item: Leftovers\n|-damage|p2a: Garganacl|67\/100|[from] Leech Seed|[of] p1a: Ferrothorn\n|-heal|p1a: Ferrothorn|31\/100 tox|[silent]\n|-damage|p1a: Ferrothorn|0 fnt|[from] psn\n|faint|p1a: Ferrothorn\n|upkeep\n|inactive|Lxkaa has 120 seconds left.\n|\n|t:|1700201362\n|switch|p1a: Clefable|Clefable, F|100\/100\n|turn|36\n|\n|t:|1700201367\n|move|p1a: Clefable|Calm Mind|p1a: Clefable\n|-boost|p1a: Clefable|spa|1\n|-boost|p1a: Clefable|spd|1\n|move|p2a: Garganacl|Salt Cure|p1a: Clefable\n|-damage|p1a: Clefable|81\/100\n|-start|p1a: Clefable|Salt Cure\n|\n|-heal|p1a: Clefable|87\/100|[from] item: Leftovers\n|-heal|p2a: Garganacl|74\/100|[from] item: Leftovers\n|-damage|p2a: Garganacl|61\/100|[from] Leech Seed|[of] p1a: Clefable\n|-heal|p1a: Clefable|99\/100|[silent]\n|upkeep\n|turn|37\n|\n|t:|1700201380\n|move|p1a: Clefable|Moonblast|p2a: Garganacl\n|-damage|p2a: Garganacl|32\/100\n|-unboost|p2a: Garganacl|spa|1\n|move|p2a: Garganacl|Recover|p2a: Garganacl\n|-heal|p2a: Garganacl|82\/100\n|\n|-heal|p1a: Clefable|100\/100|[from] item: Leftovers\n|-heal|p2a: Garganacl|88\/100|[from] item: Leftovers\n|-damage|p2a: Garganacl|75\/100|[from] Leech Seed|[of] p1a: Clefable\n|upkeep\n|turn|38\n|\n|t:|1700201392\n|move|p1a: Clefable|Calm Mind|p1a: Clefable\n|-boost|p1a: Clefable|spa|1\n|-boost|p1a: Clefable|spd|1\n|move|p2a: Garganacl|Earthquake|p1a: Clefable\n|-damage|p1a: Clefable|65\/100\n|\n|-heal|p1a: Clefable|71\/100|[from] item: Leftovers\n|-heal|p2a: Garganacl|82\/100|[from] item: Leftovers\n|-damage|p2a: Garganacl|69\/100|[from] Leech Seed|[of] p1a: Clefable\n|-heal|p1a: Clefable|83\/100|[silent]\n|upkeep\n|turn|39\n|\n|t:|1700201402\n|move|p1a: Clefable|Moonblast|p2a: Garganacl\n|-damage|p2a: Garganacl|28\/100\n|move|p2a: Garganacl|Earthquake|p1a: Clefable\n|-damage|p1a: Clefable|48\/100\n|\n|-heal|p1a: Clefable|55\/100|[from] item: Leftovers\n|-heal|p2a: Garganacl|34\/100|[from] item: Leftovers\n|-damage|p2a: Garganacl|22\/100|[from] Leech Seed|[of] p1a: Clefable\n|-heal|p1a: Clefable|67\/100|[silent]\n|upkeep\n|turn|40\n|\n|t:|1700201412\n|move|p1a: Clefable|Moonblast|p2a: Garganacl\n|-crit|p2a: Garganacl\n|-damage|p2a: Garganacl|0 fnt\n|faint|p2a: Garganacl\n|\n|-heal|p1a: Clefable|73\/100|[from] item: Leftovers\n|upkeep\n|\n|t:|1700201418\n|switch|p2a: Dragonite|Dragonite, M|66\/100\n|turn|41\n|\n|t:|1700201422\n|move|p2a: Dragonite|Defog|p1a: Clefable\n|-unboost|p1a: Clefable|evasion|1\n|-sideend|p2: blizzard og 12|Spikes|[from] move: Defog|[of] p2a: Dragonite\n|-sideend|p2: blizzard og 12|Stealth Rock|[from] move: Defog|[of] p2a: Dragonite\n|move|p1a: Clefable|Moonblast|p2a: Dragonite\n|-supereffective|p2a: Dragonite\n|-damage|p2a: Dragonite|0 fnt\n|faint|p2a: Dragonite\n|\n|-heal|p1a: Clefable|79\/100|[from] item: Leftovers\n|upkeep\n|\n|t:|1700201431\n|switch|p2a: Pawmot|Pawmot, F|52\/100\n|turn|42\n|\n|t:|1700201442\n|move|p2a: Pawmot|Revival Blessing|p2a: Pawmot\n|\n|t:|1700201447\n|-heal|p2: Garganacl|50\/100|[from] move: Revival Blessing\n|move|p1a: Clefable|Moonblast|p2a: Pawmot\n|-supereffective|p2a: Pawmot\n|-damage|p2a: Pawmot|0 fnt\n|faint|p2a: Pawmot\n|\n|-heal|p1a: Clefable|86\/100|[from] item: Leftovers\n|upkeep\n|\n|t:|1700201456\n|switch|p2a: Feraligatr|Feraligatr, F|100\/100\n|turn|43\n|\n|t:|1700201468\n|move|p2a: Feraligatr|Dragon Dance|p2a: Feraligatr\n|-boost|p2a: Feraligatr|atk|1\n|-boost|p2a: Feraligatr|spe|1\n|move|p1a: Clefable|Wish|p1a: Clefable\n|\n|-heal|p1a: Clefable|92\/100|[from] item: Leftovers\n|upkeep\n|turn|44\n|\n|t:|1700201477\n|move|p2a: Feraligatr|Liquidation|p1a: Clefable\n|-damage|p1a: Clefable|13\/100\n|move|p1a: Clefable|Healing Wish|p1a: Clefable\n|faint|p1a: Clefable\n|\n|upkeep\n|\n|t:|1700201492\n|switch|p1a: Samurott|Samurott-Hisui, M|57\/100\n|-heal|p1a: Samurott|100\/100|[from] move: Healing Wish\n|turn|45\n|\n|t:|1700201511\n|move|p2a: Feraligatr|Dragon Dance|p2a: Feraligatr\n|-boost|p2a: Feraligatr|atk|1\n|-boost|p2a: Feraligatr|spe|1\n|move|p1a: Samurott|Ceaseless Edge|p2a: Feraligatr\n|-damage|p2a: Feraligatr|52\/100\n|-sidestart|p2: blizzard og 12|Spikes\n|\n|upkeep\n|turn|46\n|\n|t:|1700201534\n|move|p2a: Feraligatr|Liquidation|p1a: Samurott\n|-resisted|p1a: Samurott\n|-damage|p1a: Samurott|15\/100\n|move|p1a: Samurott|Ceaseless Edge|p2a: Feraligatr\n|-damage|p2a: Feraligatr|2\/100\n|-sidestart|p2: blizzard og 12|Spikes\n|\n|upkeep\n|turn|47\n|\n|t:|1700201541\n|move|p1a: Samurott|Sucker Punch|p2a: Feraligatr\n|-damage|p2a: Feraligatr|0 fnt\n|faint|p2a: Feraligatr\n|\n|upkeep\n|\n|t:|1700201545\n|switch|p2a: Garganacl|Garganacl, M|50\/100\n|-damage|p2a: Garganacl|34\/100|[from] Spikes\n|turn|48\n|\n|t:|1700201549\n|move|p1a: Samurott|Razor Shell|p2a: Garganacl\n|-supereffective|p2a: Garganacl\n|-damage|p2a: Garganacl|0 fnt\n|faint|p2a: Garganacl\n|\n|win|Lxkaa\n|raw|Lxkaa's rating: 1233 &rarr; <strong>1255<\/strong><br \/>(+22 for winning)\n|raw|blizzard og 12's rating: 1194 &rarr; <strong>1172<\/strong><br \/>(-22 for losing)\n|l|\u2606blizzard og 12\n","uploadtime":1700201563,"views":7,"p1id":"lxkaa","p2id":"blizzardog12","formatid":"gen9nationaldex","rating":1172,"private":0,"password":""}