{"id":"gen9nationaldex-1988534135","p1":"lightningkatana","p2":"female charizard","format":"[Gen 9] National Dex","log":"|j|\u2606lightningkatana\n|j|\u2606female charizard\n|t:|1699733252\n|gametype|singles\n|player|p1|lightningkatana|1|1172\n|player|p2|female charizard|170|1138\n|teamsize|p1|6\n|teamsize|p2|6\n|gen|9\n|tier|[Gen 9] National Dex\n|rated|\n|rule|HP Percentage Mod: HP is shown in percentages\n|rule|Endless Battle Clause: Forcing endless battles is banned\n|rule|OHKO Clause: OHKO moves are banned\n|rule|Evasion Clause: Evasion abilities, items, and moves are banned\n|rule|Evasion Abilities Clause: Evasion abilities are banned\n|rule|Evasion Items Clause: Evasion items are banned\n|rule|Evasion Moves Clause: Evasion moves are banned\n|rule|Species Clause: Limit one of each Pok\u00e9mon\n|rule|Sleep Clause Mod: Limit one foe put to sleep\n|clearpoke\n|poke|p1|Rillaboom, F|\n|poke|p1|Hawlucha, M|\n|poke|p1|Magnezone|\n|poke|p1|Zapdos|\n|poke|p1|Heatran, F|\n|poke|p1|Clodsire, M|\n|poke|p2|Rampardos, F|\n|poke|p2|Scream Tail|\n|poke|p2|Slowking, M|\n|poke|p2|Stakataka|\n|poke|p2|Boldore, F|\n|poke|p2|Electrode-Hisui|\n|teampreview\n|j| Lonsol\n|j| Zangoosefriend96\n|j| kung fu pokechu\n|\n|t:|1699733293\n|start\n|switch|p1a: Clodsire|Clodsire, M|100\/100\n|switch|p2a: More appropriate|Boldore, F|100\/100\n|turn|1\n|j| imbleach\n|\n|t:|1699733301\n|move|p1a: Clodsire|Toxic|p2a: More appropriate\n|-status|p2a: More appropriate|tox\n|move|p2a: More appropriate|Stealth Rock|p1a: Clodsire\n|-sidestart|p1: lightningkatana|move: Stealth Rock\n|\n|-damage|p2a: More appropriate|94\/100 tox|[from] psn\n|upkeep\n|turn|2\n|\n|t:|1699733304\n|move|p1a: Clodsire|Spikes|p2a: More appropriate\n|-sidestart|p2: female charizard|Spikes\n|move|p2a: More appropriate|Earthquake|p1a: Clodsire\n|-supereffective|p1a: Clodsire\n|-damage|p1a: Clodsire|30\/100\n|\n|-damage|p2a: More appropriate|82\/100 tox|[from] psn\n|upkeep\n|turn|3\n|\n|t:|1699733319\n|switch|p1a: Rillaboom|Rillaboom, F|100\/100\n|-damage|p1a: Rillaboom|88\/100|[from] Stealth Rock\n|-fieldstart|move: Grassy Terrain|[from] ability: Grassy Surge|[of] p1a: Rillaboom\n|move|p2a: More appropriate|Earthquake|p1a: Rillaboom\n|-resisted|p1a: Rillaboom\n|-damage|p1a: Rillaboom|79\/100\n|\n|-heal|p1a: Rillaboom|85\/100|[from] Grassy Terrain\n|-heal|p2a: More appropriate|88\/100 tox|[from] Grassy Terrain\n|-damage|p2a: More appropriate|70\/100 tox|[from] psn\n|upkeep\n|turn|4\n|j| magikarpfisherman\n|\n|t:|1699733335\n|move|p1a: Rillaboom|U-turn|p2a: More appropriate\n|-damage|p2a: More appropriate|46\/100 tox\n|\n|t:|1699733352\n|switch|p1a: Zapdos|Zapdos, shiny|100\/100|[from] U-turn\n|move|p2a: More appropriate|Explosion|p1a: Zapdos\n|-damage|p1a: Zapdos|38\/100\n|faint|p2a: More appropriate\n|\n|upkeep\n|c| magikarpfisherman|lamp\n|\n|t:|1699733380\n|switch|p2a: tay tay|Scream Tail|100\/100\n|-damage|p2a: tay tay|88\/100|[from] Spikes\n|turn|5\n|c| magikarpfisherman|I can't triforce\n|\n|t:|1699733409\n|move|p2a: tay tay|Boomburst|p1a: Zapdos\n|-damage|p1a: Zapdos|15\/100\n|-enditem|p2a: tay tay|Throat Spray\n|-boost|p2a: tay tay|spa|1|[from] item: Throat Spray\n|move|p1a: Zapdos|Roost|p1a: Zapdos\n|-heal|p1a: Zapdos|65\/100\n|-singleturn|p1a: Zapdos|move: Roost\n|\n|-heal|p2a: tay tay|94\/100|[from] Grassy Terrain\n|-heal|p1a: Zapdos|71\/100|[from] Grassy Terrain\n|upkeep\n|turn|6\n|j| mistahmerrikuu\n|\n|t:|1699733434\n|move|p2a: tay tay|Calm Mind|p2a: tay tay\n|-boost|p2a: tay tay|spa|1\n|-boost|p2a: tay tay|spd|1\n|move|p1a: Zapdos|Defog|p2a: tay tay\n|-unboost|p2a: tay tay|evasion|1\n|-sideend|p2: female charizard|Spikes|[from] move: Defog|[of] p1a: Zapdos\n|-sideend|p1: lightningkatana|Stealth Rock|[from] move: Defog|[of] p1a: Zapdos\n|-fieldend|move: Grassy Terrain\n|\n|upkeep\n|turn|7\n|\n|t:|1699733453\n|switch|p1a: Clodsire|Clodsire, M|30\/100\n|move|p2a: tay tay|Boomburst|p1a: Clodsire\n|-damage|p1a: Clodsire|18\/100\n|\n|upkeep\n|turn|8\n|\n|t:|1699733459\n|-terastallize|p2a: tay tay|Normal\n|move|p2a: tay tay|Boomburst|p1a: Clodsire\n|-damage|p1a: Clodsire|0 fnt\n|faint|p1a: Clodsire\n|\n|upkeep\n|\n|t:|1699733475\n|switch|p1a: Rillaboom|Rillaboom, F|85\/100\n|-fieldstart|move: Grassy Terrain|[from] ability: Grassy Surge|[of] p1a: Rillaboom\n|turn|9\n|\n|t:|1699733481\n|-terastallize|p1a: Rillaboom|Grass\n|move|p1a: Rillaboom|Grassy Glide|p2a: tay tay\n|-damage|p2a: tay tay|27\/100\n|move|p2a: tay tay|Flamethrower|p1a: Rillaboom\n|-supereffective|p1a: Rillaboom\n|-damage|p1a: Rillaboom|8\/100\n|\n|-heal|p2a: tay tay|33\/100|[from] Grassy Terrain\n|-heal|p1a: Rillaboom|14\/100|[from] Grassy Terrain\n|upkeep\n|turn|10\n|c| magikarpfisherman|specs weedle\n|\n|t:|1699733505\n|move|p1a: Rillaboom|Grassy Glide|p2a: tay tay\n|-damage|p2a: tay tay|0 fnt\n|faint|p2a: tay tay\n|-end|p2a: tay tay|Protosynthesis|[silent]\n|\n|-heal|p1a: Rillaboom|20\/100|[from] Grassy Terrain\n|upkeep\n|\n|t:|1699733511\n|switch|p2a: too anxious >.<|Stakataka|100\/100\n|turn|11\n|\n|t:|1699733527\n|switch|p1a: Hawlucha|Hawlucha, M|100\/100\n|-enditem|p1a: Hawlucha|Grassy Seed\n|-boost|p1a: Hawlucha|def|1|[from] item: Grassy Seed\n|move|p2a: too anxious >.<|Gyro Ball|p1a: Hawlucha\n|-damage|p1a: Hawlucha|0 fnt\n|faint|p1a: Hawlucha\n|-ability|p2a: too anxious >.<|Beast Boost|boost\n|-boost|p2a: too anxious >.<|def|1\n|-damage|p2a: too anxious >.<|91\/100|[from] item: Life Orb\n|\n|-heal|p2a: too anxious >.<|97\/100|[from] Grassy Terrain\n|upkeep\n|\n|t:|1699733548\n|switch|p1a: Magnezone|Magnezone|100\/100\n|turn|12\n|\n|t:|1699733558\n|move|p1a: Magnezone|Hidden Power|p2a: too anxious >.<\n|-damage|p2a: too anxious >.<|74\/100\n|move|p2a: too anxious >.<|Trick Room|p2a: too anxious >.<\n|-fieldstart|move: Trick Room|[of] p2a: too anxious >.<\n|\n|-heal|p2a: too anxious >.<|81\/100|[from] Grassy Terrain\n|upkeep\n|turn|13\n|\n|t:|1699733565\n|move|p2a: too anxious >.<|Superpower|p1a: Magnezone\n|-supereffective|p1a: Magnezone\n|-damage|p1a: Magnezone|0 fnt\n|-unboost|p2a: too anxious >.<|atk|1\n|-unboost|p2a: too anxious >.<|def|1\n|faint|p1a: Magnezone\n|-ability|p2a: too anxious >.<|Beast Boost|boost\n|-boost|p2a: too anxious >.<|def|1\n|-damage|p2a: too anxious >.<|71\/100|[from] item: Life Orb\n|\n|-heal|p2a: too anxious >.<|77\/100|[from] Grassy Terrain\n|-fieldend|move: Grassy Terrain\n|upkeep\n|\n|t:|1699733575\n|switch|p1a: Heatran|Heatran, F|100\/100\n|turn|14\n|\n|t:|1699733579\n|move|p2a: too anxious >.<|Superpower|p1a: Heatran\n|-supereffective|p1a: Heatran\n|-damage|p1a: Heatran|34\/100\n|-unboost|p2a: too anxious >.<|atk|1\n|-unboost|p2a: too anxious >.<|def|1\n|-damage|p2a: too anxious >.<|67\/100|[from] item: Life Orb\n|move|p1a: Heatran|Magma Storm|p2a: too anxious >.<\n|-damage|p2a: too anxious >.<|18\/100\n|-activate|p2a: too anxious >.<|move: Magma Storm|[of] p1a: Heatran\n|\n|-heal|p1a: Heatran|41\/100|[from] item: Leftovers\n|-damage|p2a: too anxious >.<|6\/100|[from] move: Magma Storm|[partiallytrapped]\n|upkeep\n|turn|15\n|\n|t:|1699733590\n|move|p2a: too anxious >.<|Superpower|p1a: Heatran\n|-supereffective|p1a: Heatran\n|-damage|p1a: Heatran|0 fnt\n|-unboost|p2a: too anxious >.<|atk|1\n|-unboost|p2a: too anxious >.<|def|1\n|faint|p1a: Heatran\n|-ability|p2a: too anxious >.<|Beast Boost|boost\n|-boost|p2a: too anxious >.<|def|1\n|-damage|p2a: too anxious >.<|0 fnt|[from] item: Life Orb\n|faint|p2a: too anxious >.<\n|\n|upkeep\n|\n|t:|1699733601\n|switch|p2a: ur divorced uncle|Rampardos, F|100\/100\n|switch|p1a: Rillaboom|Rillaboom, F, tera:Grass|20\/100\n|-fieldstart|move: Grassy Terrain|[from] ability: Grassy Surge|[of] p1a: Rillaboom\n|turn|16\n|\n|t:|1699733611\n|switch|p2a: fear and anger|Electrode-Hisui|100\/100\n|move|p1a: Rillaboom|Grassy Glide|p2a: fear and anger\n|-resisted|p2a: fear and anger\n|-damage|p2a: fear and anger|26\/100\n|\n|-heal|p1a: Rillaboom|27\/100|[from] Grassy Terrain\n|-heal|p2a: fear and anger|32\/100|[from] Grassy Terrain\n|-heal|p2a: fear and anger|38\/100|[from] item: Leftovers\n|-fieldend|move: Trick Room\n|upkeep\n|turn|17\n|\n|t:|1699733622\n|move|p1a: Rillaboom|Grassy Glide|p2a: fear and anger\n|-resisted|p2a: fear and anger\n|-damage|p2a: fear and anger|0 fnt\n|faint|p2a: fear and anger\n|\n|-heal|p1a: Rillaboom|33\/100|[from] Grassy Terrain\n|upkeep\n|\n|t:|1699733643\n|switch|p2a: it was this|Slowking, M|100\/100\n|turn|18\n|\n|t:|1699733651\n|switch|p1a: Zapdos|Zapdos, shiny|71\/100\n|move|p2a: it was this|Flamethrower|p1a: Zapdos\n|-damage|p1a: Zapdos|29\/100\n|\n|upkeep\n|turn|19\n|\n|t:|1699733663\n|move|p1a: Zapdos|Discharge|p2a: it was this\n|-supereffective|p2a: it was this\n|-damage|p2a: it was this|51\/100\n|move|p2a: it was this|Flamethrower|p1a: Zapdos\n|-damage|p1a: Zapdos|0 fnt\n|faint|p1a: Zapdos\n|\n|-heal|p2a: it was this|57\/100|[from] Grassy Terrain\n|upkeep\n|\n|t:|1699733668\n|switch|p1a: Rillaboom|Rillaboom, F, tera:Grass|33\/100\n|turn|20\n|\n|t:|1699733674\n|move|p1a: Rillaboom|Wood Hammer|p2a: it was this\n|-supereffective|p2a: it was this\n|-damage|p2a: it was this|0 fnt\n|faint|p2a: it was this\n|-damage|p1a: Rillaboom|11\/100|[from] Recoil\n|\n|-heal|p1a: Rillaboom|17\/100|[from] Grassy Terrain\n|-fieldend|move: Grassy Terrain\n|upkeep\n|\n|t:|1699733676\n|switch|p2a: ur divorced uncle|Rampardos, F|100\/100\n|turn|21\n|\n|t:|1699733678\n|move|p1a: Rillaboom|Wood Hammer|p2a: ur divorced uncle\n|-supereffective|p2a: ur divorced uncle\n|-damage|p2a: ur divorced uncle|0 fnt\n|faint|p2a: ur divorced uncle\n|-damage|p1a: Rillaboom|0 fnt|[from] Recoil\n|faint|p1a: Rillaboom\n|\n|win|lightningkatana\n|raw|lightningkatana's rating: 1172 &rarr; <strong>1195<\/strong><br \/>(+23 for winning)\n|raw|female charizard's rating: 1138 &rarr; <strong>1115<\/strong><br \/>(-23 for losing)\n","uploadtime":1699733696,"views":4,"p1id":"lightningkatana","p2id":"femalecharizard","formatid":"gen9nationaldex","rating":1115,"private":0,"password":""}