{"id":"gen9nationaldex-1998167524","p1":"Xc1432","p2":"cmondanmit","format":"[Gen 9] National Dex","log":"|html|<div class=\"broadcast-blue\"><strong>[Gen 9] National Dex is currently suspecting Sneasler! For information on how to participate check out the <a href=\"https:\/\/www.smogon.com\/forums\/threads\/sv-national-dex-suspect-8-just-dance.3731534\/\">suspect thread<\/a>.<\/strong><\/div>\n|j|\u2606Xc1432\n|j|\u2606cmondanmit\n|t:|1700904863\n|gametype|singles\n|player|p1|Xc1432|wallace|1043\n|player|p2|cmondanmit|102|1044\n|teamsize|p1|6\n|teamsize|p2|6\n|gen|9\n|tier|[Gen 9] National Dex\n|rated|\n|rule|HP Percentage Mod: HP is shown in percentages\n|rule|Endless Battle Clause: Forcing endless battles is banned\n|rule|OHKO Clause: OHKO moves are banned\n|rule|Evasion Clause: Evasion abilities, items, and moves are banned\n|rule|Evasion Abilities Clause: Evasion abilities are banned\n|rule|Evasion Items Clause: Evasion items are banned\n|rule|Evasion Moves Clause: Evasion moves are banned\n|rule|Species Clause: Limit one of each Pok\u00e9mon\n|rule|Sleep Clause Mod: Limit one foe put to sleep\n|clearpoke\n|poke|p1|Skuntank, F|\n|poke|p1|Purugly, F|\n|poke|p1|Gardevoir, F|\n|poke|p1|Gyarados, M|\n|poke|p1|Lilligant, F|\n|poke|p1|Sableye, M|\n|poke|p2|Sneasler, F|\n|poke|p2|Charizard, M|\n|poke|p2|Zamazenta-*|\n|poke|p2|Hoopa-Unbound|\n|poke|p2|Dragonite, F|\n|poke|p2|Azumarill, M|\n|teampreview\n|\n|t:|1700904868\n|start\n|switch|p1a: Sableye|Sableye, M|100\/100\n|switch|p2a: Post-Hardcore.|Sneasler, F|100\/100\n|turn|1\n|inactive|Battle timer is ON: inactive players will automatically lose when time's up. (requested by Xc1432)\n|\n|t:|1700904874\n|move|p1a: Sableye|Will-O-Wisp|p2a: Post-Hardcore.\n|-status|p2a: Post-Hardcore.|brn\n|move|p2a: Post-Hardcore.|Toxic Spikes|p1a: Sableye\n|-sidestart|p1: Xc1432|move: Toxic Spikes\n|\n|-damage|p2a: Post-Hardcore.|95\/100 brn|[from] brn\n|upkeep\n|turn|2\n|\n|t:|1700904896\n|move|p2a: Post-Hardcore.|Toxic Spikes|p1a: Sableye\n|-sidestart|p1: Xc1432|move: Toxic Spikes\n|move|p1a: Sableye|Knock Off|p2a: Post-Hardcore.\n|-resisted|p2a: Post-Hardcore.\n|-damage|p2a: Post-Hardcore.|71\/100 brn\n|-enditem|p2a: Post-Hardcore.|Covert Cloak|[from] move: Knock Off|[of] p1a: Sableye\n|\n|-damage|p2a: Post-Hardcore.|65\/100 brn|[from] brn\n|upkeep\n|turn|3\n|\n|t:|1700904908\n|switch|p1a: Skuntank|Skuntank, F|100\/100\n|-sideend|p1: Xc1432|move: Toxic Spikes|[of] p1a: Skuntank\n|-terastallize|p2a: Post-Hardcore.|Steel\n|move|p2a: Post-Hardcore.|Toxic Spikes|p1a: Skuntank\n|-sidestart|p1: Xc1432|move: Toxic Spikes\n|\n|-damage|p2a: Post-Hardcore.|59\/100 brn|[from] brn\n|upkeep\n|turn|4\n|\n|t:|1700904918\n|move|p2a: Post-Hardcore.|Dire Claw|p1a: Skuntank\n|-resisted|p1a: Skuntank\n|-damage|p1a: Skuntank|86\/100\n|-status|p1a: Skuntank|slp\n|cant|p1a: Skuntank|slp\n|\n|-damage|p2a: Post-Hardcore.|53\/100 brn|[from] brn\n|upkeep\n|turn|5\n|\n|t:|1700904946\n|switch|p1a: Gyarados|Gyarados, M|100\/100\n|-ability|p1a: Gyarados|Intimidate|boost\n|-unboost|p2a: Post-Hardcore.|atk|1\n|move|p2a: Post-Hardcore.|Acrobatics|p1a: Gyarados\n|-damage|p1a: Gyarados|84\/100\n|\n|-damage|p2a: Post-Hardcore.|47\/100 brn|[from] brn\n|upkeep\n|turn|6\n|\n|t:|1700904958\n|move|p2a: Post-Hardcore.|Dire Claw|p1a: Gyarados\n|-damage|p1a: Gyarados|64\/100\n|-status|p1a: Gyarados|par\n|move|p1a: Gyarados|Earthquake|p2a: Post-Hardcore.\n|-supereffective|p2a: Post-Hardcore.\n|-damage|p2a: Post-Hardcore.|0 fnt\n|faint|p2a: Post-Hardcore.\n|\n|upkeep\n|\n|t:|1700904972\n|switch|p2a: Slaithe|Zamazenta|100\/100\n|-ability|p2a: Slaithe|Dauntless Shield|boost\n|-boost|p2a: Slaithe|def|1\n|turn|7\n|\n|t:|1700904976\n|move|p1a: Gyarados|Bounce||[still]\n|-prepare|p1a: Gyarados|Bounce\n|move|p2a: Slaithe|Roar|p1a: Gyarados|[miss]\n|-miss|p2a: Slaithe|p1a: Gyarados\n|\n|upkeep\n|turn|8\n|\n|t:|1700904982\n|move|p1a: Gyarados|Bounce|p2a: Slaithe|[from]lockedmove\n|-supereffective|p2a: Slaithe\n|-damage|p2a: Slaithe|40\/100\n|move|p2a: Slaithe|Roar|p1a: Gyarados\n|drag|p1a: Sableye|Sableye, M|100\/100\n|-status|p1a: Sableye|psn\n|\n|-damage|p1a: Sableye|88\/100 psn|[from] psn\n|upkeep\n|turn|9\n|\n|t:|1700904994\n|move|p1a: Sableye|Thunder Wave|p2a: Slaithe\n|-status|p2a: Slaithe|par\n|cant|p2a: Slaithe|par\n|\n|-heal|p1a: Sableye|94\/100 psn|[from] item: Leftovers\n|-damage|p1a: Sableye|82\/100 psn|[from] psn\n|upkeep\n|turn|10\n|\n|t:|1700905003\n|move|p1a: Sableye|Disable|p2a: Slaithe\n|-start|p2a: Slaithe|Disable|Roar\n|cant|p2a: Slaithe|Disable|Roar\n|\n|-heal|p1a: Sableye|88\/100 psn|[from] item: Leftovers\n|-damage|p1a: Sableye|76\/100 psn|[from] psn\n|upkeep\n|turn|11\n|\n|t:|1700905011\n|move|p2a: Slaithe|Iron Head|p1a: Sableye\n|-damage|p1a: Sableye|42\/100 psn\n|move|p1a: Sableye|Knock Off|p2a: Slaithe\n|-resisted|p2a: Slaithe\n|-damage|p2a: Slaithe|31\/100 par\n|-enditem|p2a: Slaithe|Covert Cloak|[from] move: Knock Off|[of] p1a: Sableye\n|\n|-heal|p1a: Sableye|48\/100 psn|[from] item: Leftovers\n|-damage|p1a: Sableye|36\/100 psn|[from] psn\n|upkeep\n|turn|12\n|\n|t:|1700905022\n|move|p2a: Slaithe|Iron Head|p1a: Sableye\n|-damage|p1a: Sableye|0 fnt\n|faint|p1a: Sableye\n|\n|upkeep\n|\n|t:|1700905026\n|switch|p1a: Gyarados|Gyarados, M|64\/100 par\n|-ability|p1a: Gyarados|Intimidate|boost\n|-unboost|p2a: Slaithe|atk|1\n|turn|13\n|\n|t:|1700905034\n|cant|p2a: Slaithe|par\n|move|p1a: Gyarados|Waterfall|p2a: Slaithe\n|-damage|p2a: Slaithe|4\/100 par\n|\n|-end|p2a: Slaithe|Disable\n|upkeep\n|turn|14\n|\n|t:|1700905042\n|move|p2a: Slaithe|Iron Head|p1a: Gyarados\n|-resisted|p1a: Gyarados\n|-damage|p1a: Gyarados|52\/100 par\n|cant|p1a: Gyarados|par\n|\n|upkeep\n|turn|15\n|\n|t:|1700905048\n|move|p1a: Gyarados|Waterfall|p2a: Slaithe\n|-damage|p2a: Slaithe|0 fnt\n|faint|p2a: Slaithe\n|\n|upkeep\n|\n|t:|1700905060\n|switch|p2a: Voyage|Hoopa-Unbound|100\/100\n|turn|16\n|\n|t:|1700905065\n|move|p2a: Voyage|Thunderbolt|p1a: Gyarados\n|-supereffective|p1a: Gyarados\n|-enditem|p1a: Gyarados|Wacan Berry|[eat]\n|-enditem|p1a: Gyarados|Wacan Berry|[weaken]\n|-damage|p1a: Gyarados|0 fnt\n|faint|p1a: Gyarados\n|\n|upkeep\n|\n|t:|1700905073\n|switch|p1a: Purugly|Purugly, F|100\/100\n|-status|p1a: Purugly|psn\n|turn|17\n|\n|t:|1700905079\n|move|p1a: Purugly|Fake Out|p2a: Voyage\n|-damage|p2a: Voyage|71\/100\n|move|p2a: Voyage|Psychic|p1a: Purugly\n|-damage|p1a: Purugly|0 fnt\n|faint|p1a: Purugly\n|\n|upkeep\n|\n|t:|1700905084\n|switch|p1a: Lilligant|Lilligant, F|100\/100\n|turn|18\n|\n|t:|1700905090\n|move|p1a: Lilligant|Energy Ball|p2a: Voyage\n|-damage|p2a: Voyage|27\/100\n|move|p2a: Voyage|Hyper Beam|p1a: Lilligant\n|-damage|p1a: Lilligant|0 fnt\n|-mustrecharge|p2a: Voyage\n|faint|p1a: Lilligant\n|\n|upkeep\n|\n|t:|1700905096\n|switch|p1a: Gardevoir|Gardevoir, F, shiny|100\/100\n|-status|p1a: Gardevoir|psn\n|-ability|p1a: Gardevoir|Magician|[from] ability: Trace|[of] p2a: Voyage\n|turn|19\n|\n|t:|1700905103\n|detailschange|p1a: Gardevoir|Gardevoir-Mega, F, shiny\n|-mega|p1a: Gardevoir|Gardevoir|Gardevoirite\n|move|p1a: Gardevoir|Moonblast|p2a: Voyage\n|-supereffective|p2a: Voyage\n|-damage|p2a: Voyage|0 fnt\n|faint|p2a: Voyage\n|\n|-damage|p1a: Gardevoir|88\/100 psn|[from] psn\n|upkeep\n|\n|t:|1700905114\n|switch|p2a: Flower|Azumarill, M|100\/100\n|turn|20\n|\n|t:|1700905119\n|move|p1a: Gardevoir|Psychic|p2a: Flower\n|-damage|p2a: Flower|39\/100\n|move|p2a: Flower|Waterfall|p1a: Gardevoir\n|-damage|p1a: Gardevoir|2\/100 psn\n|\n|-damage|p1a: Gardevoir|0 fnt|[from] psn\n|faint|p1a: Gardevoir\n|upkeep\n|\n|t:|1700905122\n|switch|p1a: Skuntank|Skuntank, F|86\/100 slp\n|-sideend|p1: Xc1432|move: Toxic Spikes|[of] p1a: Skuntank\n|turn|21\n|\n|t:|1700905132\n|cant|p1a: Skuntank|slp\n|move|p2a: Flower|Waterfall|p1a: Skuntank\n|-damage|p1a: Skuntank|15\/100 slp\n|\n|upkeep\n|turn|22\n|\n|t:|1700905138\n|-curestatus|p1a: Skuntank|slp|[msg]\n|move|p1a: Skuntank|Poison Jab|p2a: Flower\n|-supereffective|p2a: Flower\n|-damage|p2a: Flower|0 fnt\n|faint|p2a: Flower\n|\n|upkeep\n|\n|t:|1700905145\n|switch|p2a: Dragoon|Dragonite, F|100\/100\n|turn|23\n|\n|t:|1700905148\n|move|p2a: Dragoon|Extreme Speed|p1a: Skuntank\n|-damage|p1a: Skuntank|0 fnt\n|-damage|p2a: Dragoon|75\/100|[from] ability: Aftermath|[of] p1a: Skuntank\n|faint|p1a: Skuntank\n|\n|win|cmondanmit\n|raw|Xc1432's rating: 1043 &rarr; <strong>1027<\/strong><br \/>(-16 for losing)\n|raw|cmondanmit's rating: 1044 &rarr; <strong>1077<\/strong><br \/>(+33 for winning)\n|l|\u2606Xc1432\n","uploadtime":1700905156,"views":5,"p1id":"xc1432","p2id":"cmondanmit","formatid":"gen9nationaldex","rating":1027,"private":0,"password":""}