{"id":"gen9nationaldex-2000069726","p1":"FlyingSudowoodo","p2":"YSBYS","format":"[Gen 9] National Dex","log":"|html|<div class=\"broadcast-blue\"><strong>[Gen 9] National Dex is currently suspecting Sneasler! For information on how to participate check out the <a href=\"https:\/\/www.smogon.com\/forums\/threads\/sv-national-dex-suspect-8-just-dance.3731534\/\">suspect thread<\/a>.<\/strong><\/div>\n|j|\u2606FlyingSudowoodo\n|j|\u2606YSBYS\n|t:|1701149243\n|gametype|singles\n|player|p1|FlyingSudowoodo|brock|1339\n|player|p2|YSBYS|pokekid|1407\n|teamsize|p1|6\n|teamsize|p2|6\n|gen|9\n|tier|[Gen 9] National Dex\n|rated|\n|rule|HP Percentage Mod: HP is shown in percentages\n|rule|Endless Battle Clause: Forcing endless battles is banned\n|rule|OHKO Clause: OHKO moves are banned\n|rule|Evasion Clause: Evasion abilities, items, and moves are banned\n|rule|Evasion Abilities Clause: Evasion abilities are banned\n|rule|Evasion Items Clause: Evasion items are banned\n|rule|Evasion Moves Clause: Evasion moves are banned\n|rule|Species Clause: Limit one of each Pok\u00e9mon\n|rule|Sleep Clause Mod: Limit one foe put to sleep\n|clearpoke\n|poke|p1|Garganacl, F|\n|poke|p1|Diancie|\n|poke|p1|Glimmora, M|\n|poke|p1|Ogerpon-Cornerstone, F|\n|poke|p1|Golem-Alola, M|\n|poke|p1|Tyranitar, F|\n|poke|p2|Ninetales-Alola, F|\n|poke|p2|Banette, M|\n|poke|p2|Garganacl, F|\n|poke|p2|Dragonite, F|\n|poke|p2|Victini|\n|poke|p2|Mew|\n|teampreview\n|inactive|Battle timer is ON: inactive players will automatically lose when time's up. (requested by FlyingSudowoodo)\n|\n|t:|1701149274\n|start\n|switch|p1a: Tyranitar|Tyranitar, F|100\/100\n|switch|p2a: Banette|Banette, M|100\/100\n|-weather|Sandstorm|[from] ability: Sand Stream|[of] p1a: Tyranitar\n|turn|1\n|\n|t:|1701149285\n|switch|p1a: Garganacl|Garganacl, F|100\/100\n|detailschange|p2a: Banette|Banette-Mega, M\n|-mega|p2a: Banette|Banette|Banettite\n|move|p2a: Banette|Destiny Bond|p2a: Banette\n|-singlemove|p2a: Banette|Destiny Bond\n|\n|-weather|Sandstorm|[upkeep]\n|-damage|p2a: Banette|95\/100|[from] Sandstorm\n|upkeep\n|turn|2\n|\n|t:|1701149296\n|move|p2a: Banette|Poltergeist|p1a: Garganacl\n|-activate|p1a: Garganacl|move: Poltergeist|Leftovers\n|-damage|p1a: Garganacl|76\/100\n|move|p1a: Garganacl|Stealth Rock|p2a: Banette\n|-sidestart|p2: YSBYS|move: Stealth Rock\n|\n|-weather|Sandstorm|[upkeep]\n|-damage|p2a: Banette|89\/100|[from] Sandstorm\n|-heal|p1a: Garganacl|83\/100|[from] item: Leftovers\n|upkeep\n|turn|3\n|\n|t:|1701149305\n|move|p2a: Banette|Encore|p1a: Garganacl\n|-start|p1a: Garganacl|Encore\n|move|p1a: Garganacl|Stealth Rock||[still]\n|-fail|p1a: Garganacl\n|\n|-weather|Sandstorm|[upkeep]\n|-damage|p2a: Banette|83\/100|[from] Sandstorm\n|-heal|p1a: Garganacl|89\/100|[from] item: Leftovers\n|upkeep\n|turn|4\n|\n|t:|1701149313\n|switch|p2a: Ninetales|Ninetales-Alola, F|100\/100\n|-damage|p2a: Ninetales|76\/100|[from] Stealth Rock\n|-weather|Snow|[from] ability: Snow Warning|[of] p2a: Ninetales\n|switch|p1a: Diancie|Diancie|100\/100\n|\n|-weather|Snow|[upkeep]\n|upkeep\n|turn|5\n|\n|t:|1701149325\n|switch|p1a: Tyranitar|Tyranitar, F|100\/100\n|-weather|Sandstorm|[from] ability: Sand Stream|[of] p1a: Tyranitar\n|move|p2a: Ninetales|Freeze-Dry|p1a: Tyranitar\n|-damage|p1a: Tyranitar|92\/100\n|\n|-weather|Sandstorm|[upkeep]\n|-damage|p2a: Ninetales|70\/100|[from] Sandstorm\n|upkeep\n|turn|6\n|\n|t:|1701149340\n|switch|p2a: Garganacl|Garganacl, F|100\/100\n|-damage|p2a: Garganacl|88\/100|[from] Stealth Rock\n|move|p1a: Tyranitar|Stone Edge|p2a: Garganacl\n|-damage|p2a: Garganacl|51\/100\n|\n|-weather|Sandstorm|[upkeep]\n|-heal|p2a: Garganacl|57\/100|[from] item: Leftovers\n|upkeep\n|turn|7\n|\n|t:|1701149348\n|move|p1a: Tyranitar|Knock Off|p2a: Garganacl\n|-damage|p2a: Garganacl|17\/100\n|-enditem|p2a: Garganacl|Leftovers|[from] move: Knock Off|[of] p1a: Tyranitar\n|move|p2a: Garganacl|Iron Defense|p2a: Garganacl\n|-boost|p2a: Garganacl|def|2\n|\n|-weather|Sandstorm|[upkeep]\n|upkeep\n|turn|8\n|\n|t:|1701149359\n|move|p1a: Tyranitar|Pursuit|p2a: Garganacl\n|-damage|p2a: Garganacl|8\/100\n|move|p2a: Garganacl|Recover|p2a: Garganacl\n|-heal|p2a: Garganacl|58\/100\n|\n|-weather|Sandstorm|[upkeep]\n|upkeep\n|turn|9\n|\n|t:|1701149368\n|move|p1a: Tyranitar|Superpower|p2a: Garganacl\n|-supereffective|p2a: Garganacl\n|-damage|p2a: Garganacl|29\/100\n|-unboost|p1a: Tyranitar|atk|1\n|-unboost|p1a: Tyranitar|def|1\n|move|p2a: Garganacl|Recover|p2a: Garganacl\n|-heal|p2a: Garganacl|79\/100\n|\n|-weather|none\n|upkeep\n|turn|10\n|\n|t:|1701149388\n|switch|p1a: Garganacl|Garganacl, F|89\/100\n|move|p2a: Garganacl|Body Press|p1a: Garganacl\n|-supereffective|p1a: Garganacl\n|-damage|p1a: Garganacl|29\/100\n|\n|-heal|p1a: Garganacl|35\/100|[from] item: Leftovers\n|upkeep\n|turn|11\n|\n|t:|1701149396\n|-terastallize|p1a: Garganacl|Ghost\n|move|p1a: Garganacl|Salt Cure|p2a: Garganacl\n|-damage|p2a: Garganacl|74\/100\n|-start|p2a: Garganacl|Salt Cure\n|move|p2a: Garganacl|Body Press|p1a: Garganacl\n|-immune|p1a: Garganacl\n|\n|-heal|p1a: Garganacl|41\/100|[from] item: Leftovers\n|-damage|p2a: Garganacl|62\/100|[from] Salt Cure\n|upkeep\n|turn|12\n|\n|t:|1701149414\n|switch|p1a: Diancie|Diancie|100\/100\n|switch|p2a: Mew|Mew|100\/100\n|-damage|p2a: Mew|88\/100|[from] Stealth Rock\n|\n|upkeep\n|turn|13\n|\n|t:|1701149421\n|detailschange|p1a: Diancie|Diancie-Mega\n|-mega|p1a: Diancie|Diancie|Diancite\n|move|p1a: Diancie|Mystical Fire|p2a: Mew\n|-damage|p2a: Mew|61\/100\n|move|p2a: Mew|Cosmic Power|p2a: Mew\n|-boost|p2a: Mew|def|1\n|-boost|p2a: Mew|spd|1\n|\n|upkeep\n|turn|14\n|\n|t:|1701149429\n|switch|p1a: Garganacl|Garganacl, F, tera:Ghost|41\/100\n|move|p2a: Mew|Roost|p2a: Mew\n|-heal|p2a: Mew|100\/100\n|-singleturn|p2a: Mew|move: Roost\n|\n|-heal|p1a: Garganacl|47\/100|[from] item: Leftovers\n|upkeep\n|turn|15\n|\n|t:|1701149437\n|move|p2a: Mew|Cosmic Power|p2a: Mew\n|-boost|p2a: Mew|def|1\n|-boost|p2a: Mew|spd|1\n|move|p1a: Garganacl|Salt Cure|p2a: Mew\n|-damage|p2a: Mew|94\/100\n|\n|-heal|p1a: Garganacl|54\/100|[from] item: Leftovers\n|upkeep\n|turn|16\n|\n|t:|1701149445\n|switch|p1a: Tyranitar|Tyranitar, F|92\/100\n|-weather|Sandstorm|[from] ability: Sand Stream|[of] p1a: Tyranitar\n|move|p2a: Mew|Cosmic Power|p2a: Mew\n|-boost|p2a: Mew|def|1\n|-boost|p2a: Mew|spd|1\n|\n|-weather|Sandstorm|[upkeep]\n|-damage|p2a: Mew|88\/100|[from] Sandstorm\n|upkeep\n|turn|17\n|\n|t:|1701149453\n|move|p2a: Mew|Body Press|p1a: Tyranitar\n|-supereffective|p1a: Tyranitar\n|-damage|p1a: Tyranitar|0 fnt\n|faint|p1a: Tyranitar\n|\n|-weather|Sandstorm|[upkeep]\n|-damage|p2a: Mew|82\/100|[from] Sandstorm\n|upkeep\n|\n|t:|1701149460\n|switch|p1a: Ogerpon|Ogerpon-Cornerstone, F|100\/100\n|turn|18\n|\n|t:|1701149468\n|move|p1a: Ogerpon|Ivy Cudgel|p2a: Mew|[anim] Ivy Cudgel Rock\n|-crit|p2a: Mew\n|-damage|p2a: Mew|8\/100\n|move|p2a: Mew|Roost|p2a: Mew\n|-heal|p2a: Mew|58\/100\n|-singleturn|p2a: Mew|move: Roost\n|\n|-weather|Sandstorm|[upkeep]\n|-damage|p2a: Mew|52\/100|[from] Sandstorm\n|upkeep\n|turn|19\n|\n|t:|1701149476\n|move|p1a: Ogerpon|Encore|p2a: Mew\n|-start|p2a: Mew|Encore\n|move|p2a: Mew|Roost|p2a: Mew\n|-heal|p2a: Mew|100\/100\n|-singleturn|p2a: Mew|move: Roost\n|\n|-weather|Sandstorm|[upkeep]\n|-damage|p2a: Mew|94\/100|[from] Sandstorm\n|upkeep\n|turn|20\n|\n|t:|1701149491\n|switch|p2a: Garganacl|Garganacl, F|62\/100\n|-damage|p2a: Garganacl|49\/100|[from] Stealth Rock\n|move|p1a: Ogerpon|Swords Dance|p1a: Ogerpon\n|-boost|p1a: Ogerpon|atk|2\n|\n|-weather|none\n|upkeep\n|turn|21\n|\n|t:|1701149513\n|move|p1a: Ogerpon|Horn Leech|p2a: Garganacl\n|-supereffective|p2a: Garganacl\n|-damage|p2a: Garganacl|0 fnt\n|faint|p2a: Garganacl\n|\n|upkeep\n|\n|t:|1701149517\n|switch|p2a: Banette|Banette-Mega, M|83\/100\n|-damage|p2a: Banette|70\/100|[from] Stealth Rock\n|turn|22\n|\n|t:|1701149522\n|switch|p1a: Diancie|Diancie-Mega|100\/100\n|move|p2a: Banette|Destiny Bond|p2a: Banette\n|-singlemove|p2a: Banette|Destiny Bond\n|\n|upkeep\n|turn|23\n|\n|t:|1701149539\n|switch|p2a: Mew|Mew|94\/100\n|-damage|p2a: Mew|82\/100|[from] Stealth Rock\n|move|p1a: Diancie|Diamond Storm|p2a: Mew\n|-damage|p2a: Mew|39\/100\n|-boost|p1a: Diancie|def|2\n|\n|upkeep\n|turn|24\n|\n|t:|1701149561\n|switch|p2a: Victini|Victini|100\/100\n|-damage|p2a: Victini|76\/100|[from] Stealth Rock\n|move|p1a: Diancie|Diamond Storm|p2a: Victini\n|-supereffective|p2a: Victini\n|-damage|p2a: Victini|0 fnt\n|-boost|p1a: Diancie|def|2\n|faint|p2a: Victini\n|\n|upkeep\n|\n|t:|1701149570\n|switch|p2a: Banette|Banette-Mega, M|70\/100\n|-damage|p2a: Banette|58\/100|[from] Stealth Rock\n|turn|25\n|\n|t:|1701149575\n|move|p2a: Banette|Destiny Bond|p2a: Banette\n|-singlemove|p2a: Banette|Destiny Bond\n|move|p1a: Diancie|Mystical Fire|p2a: Banette\n|-damage|p2a: Banette|15\/100\n|-unboost|p2a: Banette|spa|1\n|\n|upkeep\n|turn|26\n|\n|t:|1701149594\n|switch|p1a: Glimmora|Glimmora, M|100\/100\n|-item|p1a: Glimmora|Air Balloon\n|move|p2a: Banette|Poltergeist|p1a: Glimmora\n|-activate|p1a: Glimmora|move: Poltergeist|Air Balloon\n|-damage|p1a: Glimmora|11\/100\n|-activate|p1a: Glimmora|ability: Toxic Debris\n|-sidestart|p2: YSBYS|move: Toxic Spikes\n|-enditem|p1a: Glimmora|Air Balloon\n|\n|upkeep\n|turn|27\n|\n|t:|1701149607\n|move|p2a: Banette|Shadow Sneak|p1a: Glimmora\n|-damage|p1a: Glimmora|0 fnt\n|-activate|p1a: Glimmora|ability: Toxic Debris\n|-sidestart|p2: YSBYS|move: Toxic Spikes\n|faint|p1a: Glimmora\n|\n|upkeep\n|\n|t:|1701149615\n|switch|p1a: Ogerpon|Ogerpon-Cornerstone, F|100\/100\n|turn|28\n|\n|t:|1701149618\n|move|p2a: Banette|Destiny Bond|p2a: Banette\n|-singlemove|p2a: Banette|Destiny Bond\n|move|p1a: Ogerpon|Encore|p2a: Banette\n|-start|p2a: Banette|Encore\n|\n|upkeep\n|turn|29\n|\n|t:|1701149626\n|move|p2a: Banette|Destiny Bond||[still]\n|-fail|p2a: Banette\n|move|p1a: Ogerpon|Ivy Cudgel|p2a: Banette|[anim] Ivy Cudgel Rock\n|-damage|p2a: Banette|0 fnt\n|faint|p2a: Banette\n|\n|upkeep\n|\n|t:|1701149637\n|switch|p2a: Dragonite|Dragonite, F|100\/100\n|turn|30\n|\n|t:|1701149642\n|move|p1a: Ogerpon|Ivy Cudgel|p2a: Dragonite|[anim] Ivy Cudgel Rock\n|-supereffective|p2a: Dragonite\n|-damage|p2a: Dragonite|36\/100\n|move|p2a: Dragonite|Earthquake|p1a: Ogerpon\n|-damage|p1a: Ogerpon|47\/100\n|\n|upkeep\n|turn|31\n|\n|t:|1701149656\n|-terastallize|p2a: Dragonite|Normal\n|move|p1a: Ogerpon|Ivy Cudgel|p2a: Dragonite|[anim] Ivy Cudgel Rock\n|-damage|p2a: Dragonite|0 fnt\n|faint|p2a: Dragonite\n|\n|upkeep\n|-message|YSBYS forfeited.\n|\n|win|FlyingSudowoodo\n|raw|FlyingSudowoodo's rating: 1339 &rarr; <strong>1363<\/strong><br \/>(+24 for winning)\n|raw|YSBYS's rating: 1407 &rarr; <strong>1383<\/strong><br \/>(-24 for losing)\n|l|\u2606YSBYS\n","uploadtime":1701149667,"views":3,"p1id":"flyingsudowoodo","p2id":"ysbys","formatid":"gen9nationaldex","rating":1363,"private":0,"password":""}