{"id":"gen9nationaldex-2000515841","p1":"Air9321","p2":"xaca12345","format":"[Gen 9] National Dex","log":"|html|<div class=\"broadcast-blue\"><strong>[Gen 9] National Dex is currently suspecting Sneasler! For information on how to participate check out the <a href=\"https:\/\/www.smogon.com\/forums\/threads\/sv-national-dex-suspect-8-just-dance.3731534\/\">suspect thread<\/a>.<\/strong><\/div>\n|j|\u2606Air9321\n|j|\u2606xaca12345\n|t:|1701201342\n|gametype|singles\n|player|p1|Air9321|acetrainer-gen4dp|1034\n|player|p2|xaca12345|101|1000\n|teamsize|p1|6\n|teamsize|p2|6\n|gen|9\n|tier|[Gen 9] National Dex\n|rated|\n|rule|HP Percentage Mod: HP is shown in percentages\n|rule|Endless Battle Clause: Forcing endless battles is banned\n|rule|OHKO Clause: OHKO moves are banned\n|rule|Evasion Clause: Evasion abilities, items, and moves are banned\n|rule|Evasion Abilities Clause: Evasion abilities are banned\n|rule|Evasion Items Clause: Evasion items are banned\n|rule|Evasion Moves Clause: Evasion moves are banned\n|rule|Species Clause: Limit one of each Pok\u00e9mon\n|rule|Sleep Clause Mod: Limit one foe put to sleep\n|clearpoke\n|poke|p1|Pyukumuku, F|\n|poke|p1|Blissey, F|\n|poke|p1|Chansey, F|\n|poke|p1|Clefable, F|\n|poke|p1|Ferrothorn, M|\n|poke|p1|Gliscor, F|\n|poke|p2|Garchomp, F|\n|poke|p2|Altaria, F|\n|poke|p2|Dragonite, F|\n|poke|p2|Hydreigon, M|\n|poke|p2|Salamence, F|\n|poke|p2|Kommo-o, M|\n|teampreview\n|inactive|Battle timer is ON: inactive players will automatically lose when time's up. (requested by Air9321)\n|inactive|xaca12345 has 120 seconds left.\n|\n|t:|1701201380\n|start\n|switch|p1a: Pyukumuku|Pyukumuku, F|100\/100\n|switch|p2a: Hydreigon|Hydreigon, M|100\/100\n|turn|1\n|inactive|Air9321 has 120 seconds left.\n|\n|t:|1701201421\n|move|p2a: Hydreigon|Dark Pulse|p1a: Pyukumuku\n|-damage|p1a: Pyukumuku|73\/100\n|move|p1a: Pyukumuku|Block|p2a: Hydreigon\n|-activate|p2a: Hydreigon|trapped\n|\n|-heal|p1a: Pyukumuku|79\/100|[from] item: Leftovers\n|upkeep\n|turn|2\n|\n|t:|1701201440\n|switch|p1a: Clefable|Clefable, F|100\/100\n|move|p2a: Hydreigon|Bite|p1a: Clefable\n|-resisted|p1a: Clefable\n|-damage|p1a: Clefable|91\/100\n|-damage|p2a: Hydreigon|84\/100|[from] item: Rocky Helmet|[of] p1a: Clefable\n|\n|upkeep\n|turn|3\n|\n|t:|1701201461\n|move|p2a: Hydreigon|Dark Pulse|p1a: Clefable\n|-resisted|p1a: Clefable\n|-damage|p1a: Clefable|75\/100\n|move|p1a: Clefable|Moonblast|p2a: Hydreigon\n|-supereffective|p2a: Hydreigon\n|-damage|p2a: Hydreigon|0 fnt\n|faint|p2a: Hydreigon\n|\n|upkeep\n|\n|t:|1701201471\n|switch|p2a: Salamence|Salamence, F|100\/100\n|-ability|p2a: Salamence|Intimidate|boost\n|-unboost|p1a: Clefable|atk|1\n|turn|4\n|\n|t:|1701201483\n|switch|p1a: Pyukumuku|Pyukumuku, F|79\/100\n|move|p2a: Salamence|Outrage|p1a: Pyukumuku\n|-damage|p1a: Pyukumuku|39\/100\n|\n|-heal|p1a: Pyukumuku|45\/100|[from] item: Leftovers\n|upkeep\n|turn|5\n|\n|t:|1701201494\n|move|p2a: Salamence|Outrage|p1a: Pyukumuku|[from]lockedmove\n|-damage|p1a: Pyukumuku|10\/100\n|-start|p2a: Salamence|confusion|[fatigue]\n|move|p1a: Pyukumuku|Recover|p1a: Pyukumuku\n|-heal|p1a: Pyukumuku|60\/100\n|\n|-heal|p1a: Pyukumuku|66\/100|[from] item: Leftovers\n|upkeep\n|turn|6\n|\n|t:|1701201511\n|-activate|p2a: Salamence|confusion\n|move|p2a: Salamence|Outrage|p1a: Pyukumuku\n|-damage|p1a: Pyukumuku|27\/100\n|move|p1a: Pyukumuku|Recover|p1a: Pyukumuku\n|-heal|p1a: Pyukumuku|77\/100\n|\n|-heal|p1a: Pyukumuku|83\/100|[from] item: Leftovers\n|upkeep\n|turn|7\n|\n|t:|1701201521\n|-activate|p2a: Salamence|confusion\n|move|p2a: Salamence|Outrage|p1a: Pyukumuku|[from]lockedmove\n|-damage|p1a: Pyukumuku|44\/100\n|move|p1a: Pyukumuku|Recover|p1a: Pyukumuku\n|-heal|p1a: Pyukumuku|94\/100\n|\n|-heal|p1a: Pyukumuku|100\/100|[from] item: Leftovers\n|upkeep\n|turn|8\n|inactive|Air9321 has 120 seconds left.\n|\n|t:|1701201531\n|-activate|p2a: Salamence|confusion\n|-damage|p2a: Salamence|86\/100|[from] confusion\n|move|p1a: Pyukumuku|Block|p2a: Salamence\n|-activate|p2a: Salamence|trapped\n|\n|upkeep\n|turn|9\n|\n|t:|1701201539\n|switch|p1a: Clefable|Clefable, F|75\/100\n|-end|p2a: Salamence|confusion\n|move|p2a: Salamence|Fire Fang|p1a: Clefable|[miss]\n|-miss|p2a: Salamence|p1a: Clefable\n|\n|upkeep\n|turn|10\n|\n|t:|1701201548\n|move|p2a: Salamence|Outrage|p1a: Clefable\n|-immune|p1a: Clefable\n|move|p1a: Clefable|Moonblast|p2a: Salamence\n|-supereffective|p2a: Salamence\n|-damage|p2a: Salamence|17\/100\n|\n|upkeep\n|turn|11\n|\n|t:|1701201559\n|switch|p2a: Garchomp|Garchomp, F|100\/100\n|move|p1a: Clefable|Stealth Rock|p2a: Garchomp\n|-sidestart|p2: xaca12345|move: Stealth Rock\n|\n|upkeep\n|turn|12\n|\n|t:|1701201566\n|move|p2a: Garchomp|Earthquake|p1a: Clefable\n|-damage|p1a: Clefable|41\/100\n|move|p1a: Clefable|Soft-Boiled|p1a: Clefable\n|-heal|p1a: Clefable|91\/100\n|\n|upkeep\n|turn|13\n|\n|t:|1701201574\n|switch|p1a: Pyukumuku|Pyukumuku, F|100\/100\n|move|p2a: Garchomp|Earthquake|p1a: Pyukumuku\n|-damage|p1a: Pyukumuku|67\/100\n|\n|-heal|p1a: Pyukumuku|73\/100|[from] item: Leftovers\n|upkeep\n|turn|14\n|\n|t:|1701201585\n|move|p2a: Garchomp|Earthquake|p1a: Pyukumuku\n|-damage|p1a: Pyukumuku|44\/100\n|move|p1a: Pyukumuku|Block|p2a: Garchomp\n|-activate|p2a: Garchomp|trapped\n|\n|-heal|p1a: Pyukumuku|50\/100|[from] item: Leftovers\n|upkeep\n|turn|15\n|\n|t:|1701201600\n|move|p2a: Garchomp|Earthquake|p1a: Pyukumuku\n|-damage|p1a: Pyukumuku|19\/100\n|move|p1a: Pyukumuku|Recover|p1a: Pyukumuku\n|-heal|p1a: Pyukumuku|69\/100\n|\n|-heal|p1a: Pyukumuku|75\/100|[from] item: Leftovers\n|upkeep\n|turn|16\n|\n|t:|1701201618\n|move|p2a: Garchomp|Earthquake|p1a: Pyukumuku\n|-damage|p1a: Pyukumuku|44\/100\n|move|p1a: Pyukumuku|Recover|p1a: Pyukumuku\n|-heal|p1a: Pyukumuku|94\/100\n|\n|-heal|p1a: Pyukumuku|100\/100|[from] item: Leftovers\n|upkeep\n|turn|17\n|\n|t:|1701201647\n|switch|p1a: Gliscor|Gliscor, F|100\/100\n|move|p2a: Garchomp|Earthquake|p1a: Gliscor\n|-immune|p1a: Gliscor\n|\n|-status|p1a: Gliscor|tox|[from] item: Toxic Orb\n|upkeep\n|turn|18\n|\n|t:|1701201665\n|move|p2a: Garchomp|Fire Blast|p1a: Gliscor\n|-damage|p1a: Gliscor|78\/100 tox\n|move|p1a: Gliscor|Swords Dance|p1a: Gliscor\n|-boost|p1a: Gliscor|atk|2\n|\n|-heal|p1a: Gliscor|91\/100 tox|[from] ability: Poison Heal\n|upkeep\n|turn|19\n|\n|t:|1701201682\n|move|p1a: Gliscor|Swords Dance|p1a: Gliscor\n|-boost|p1a: Gliscor|atk|2\n|move|p2a: Garchomp|Dragon Tail|p1a: Gliscor\n|-damage|p1a: Gliscor|70\/100 tox\n|drag|p1a: Ferrothorn|Ferrothorn, M|100\/100\n|\n|upkeep\n|turn|20\n|\n|t:|1701201692\n|switch|p2a: Kommo-o|Kommo-o, M|100\/100\n|-damage|p2a: Kommo-o|94\/100|[from] Stealth Rock\n|move|p1a: Ferrothorn|Leech Seed|p2a: Kommo-o|[miss]\n|-miss|p1a: Ferrothorn|p2a: Kommo-o\n|\n|upkeep\n|turn|21\n|\n|t:|1701201702\n|move|p2a: Kommo-o|Flamethrower|p1a: Ferrothorn\n|-supereffective|p1a: Ferrothorn\n|-damage|p1a: Ferrothorn|22\/100\n|move|p1a: Ferrothorn|Leech Seed|p2a: Kommo-o\n|-start|p2a: Kommo-o|move: Leech Seed\n|\n|-heal|p1a: Ferrothorn|28\/100|[from] item: Leftovers\n|-damage|p2a: Kommo-o|82\/100|[from] Leech Seed|[of] p1a: Ferrothorn\n|-heal|p1a: Ferrothorn|39\/100|[silent]\n|upkeep\n|turn|22\n|\n|t:|1701201712\n|switch|p1a: Pyukumuku|Pyukumuku, F|100\/100\n|move|p2a: Kommo-o|Flamethrower|p1a: Pyukumuku\n|-resisted|p1a: Pyukumuku\n|-damage|p1a: Pyukumuku|91\/100\n|\n|-heal|p1a: Pyukumuku|97\/100|[from] item: Leftovers\n|-damage|p2a: Kommo-o|70\/100|[from] Leech Seed|[of] p1a: Pyukumuku\n|-heal|p1a: Pyukumuku|100\/100|[silent]\n|upkeep\n|turn|23\n|\n|t:|1701201724\n|move|p2a: Kommo-o|Close Combat|p1a: Pyukumuku\n|-damage|p1a: Pyukumuku|65\/100\n|-unboost|p2a: Kommo-o|def|1\n|-unboost|p2a: Kommo-o|spd|1\n|move|p1a: Pyukumuku|Block|p2a: Kommo-o\n|-activate|p2a: Kommo-o|trapped\n|\n|-heal|p1a: Pyukumuku|71\/100|[from] item: Leftovers\n|-damage|p2a: Kommo-o|57\/100|[from] Leech Seed|[of] p1a: Pyukumuku\n|-heal|p1a: Pyukumuku|83\/100|[silent]\n|upkeep\n|turn|24\n|\n|t:|1701201748\n|move|p2a: Kommo-o|Close Combat|p1a: Pyukumuku\n|-damage|p1a: Pyukumuku|50\/100\n|-unboost|p2a: Kommo-o|def|1\n|-unboost|p2a: Kommo-o|spd|1\n|move|p1a: Pyukumuku|Recover|p1a: Pyukumuku\n|-heal|p1a: Pyukumuku|100\/100\n|\n|-damage|p2a: Kommo-o|45\/100|[from] Leech Seed|[of] p1a: Pyukumuku\n|upkeep\n|turn|25\n|\n|t:|1701201761\n|move|p2a: Kommo-o|Dragon Claw|p1a: Pyukumuku\n|-damage|p1a: Pyukumuku|77\/100\n|move|p1a: Pyukumuku|Recover|p1a: Pyukumuku\n|-heal|p1a: Pyukumuku|100\/100\n|\n|-damage|p2a: Kommo-o|32\/100|[from] Leech Seed|[of] p1a: Pyukumuku\n|upkeep\n|turn|26\n|inactive|xaca12345 has 120 seconds left.\n|inactive|xaca12345 has 90 seconds left.\n|inactive|xaca12345 has 60 seconds left.\n|inactive|xaca12345 has 30 seconds left.\n|inactive|xaca12345 has 20 seconds left.\n|inactive|xaca12345 has 15 seconds left.\n|inactive|xaca12345 has 10 seconds left.\n|inactive|xaca12345 has 5 seconds left.\n|-message|xaca12345 lost due to inactivity.\n|\n|win|Air9321\n|raw|Air9321's rating: 1034 &rarr; <strong>1065<\/strong><br \/>(+31 for winning)\n|raw|xaca12345's rating: 1000 &rarr; <strong>1000<\/strong><br \/>(+0 for losing)\n","uploadtime":1701201935,"views":6,"p1id":"air9321","p2id":"xaca12345","formatid":"gen9nationaldex","rating":1000,"private":0,"password":""}