{"id":"gen9nationaldex-1988722230","p1":"Sebas1547","p2":"readingwin","format":"[Gen 9] National Dex","log":"|j|\u2606Sebas1547\n|j|\u2606readingwin\n|t:|1699754894\n|gametype|singles\n|player|p1|Sebas1547|crasherwake|1241\n|player|p2|readingwin|170|1213\n|teamsize|p1|6\n|teamsize|p2|6\n|gen|9\n|tier|[Gen 9] National Dex\n|rated|\n|rule|HP Percentage Mod: HP is shown in percentages\n|rule|Endless Battle Clause: Forcing endless battles is banned\n|rule|OHKO Clause: OHKO moves are banned\n|rule|Evasion Clause: Evasion abilities, items, and moves are banned\n|rule|Evasion Abilities Clause: Evasion abilities are banned\n|rule|Evasion Items Clause: Evasion items are banned\n|rule|Evasion Moves Clause: Evasion moves are banned\n|rule|Species Clause: Limit one of each Pok\u00e9mon\n|rule|Sleep Clause Mod: Limit one foe put to sleep\n|clearpoke\n|poke|p1|Venusaur, M|\n|poke|p1|Aegislash, M|\n|poke|p1|Claydol|\n|poke|p1|Kommo-o, M|\n|poke|p1|Jolteon, M|\n|poke|p1|Flareon, M|\n|poke|p2|Pelipper, M|\n|poke|p2|Talonflame, M|\n|poke|p2|Kingdra, M|\n|poke|p2|Zapdos|\n|poke|p2|Swampert, M|\n|poke|p2|Ferrothorn, M|\n|teampreview\n|inactive|Battle timer is ON: inactive players will automatically lose when time's up. (requested by readingwin)\n|\n|t:|1699754906\n|start\n|switch|p1a: Zeus|Jolteon, M|100\/100\n|switch|p2a: Talonflame|Talonflame, M|100\/100\n|turn|1\n|\n|t:|1699754916\n|switch|p2a: Swampert|Swampert, M|100\/100\n|move|p1a: Zeus|Hyper Voice|p2a: Swampert\n|-damage|p2a: Swampert|59\/100\n|\n|upkeep\n|turn|2\n|\n|t:|1699754923\n|switch|p1a: Eyesmon|Claydol|100\/100\n|detailschange|p2a: Swampert|Swampert-Mega, M\n|-mega|p2a: Swampert|Swampert|Swampertite\n|move|p2a: Swampert|Earthquake|p1a: Eyesmon\n|-immune|p1a: Eyesmon|[from] ability: Levitate\n|\n|upkeep\n|turn|3\n|\n|t:|1699754935\n|move|p2a: Swampert|Flip Turn|p1a: Eyesmon\n|-supereffective|p1a: Eyesmon\n|-damage|p1a: Eyesmon|23\/100\n|\n|t:|1699754940\n|switch|p2a: Pelipper|Pelipper, M|100\/100|[from] Flip Turn\n|-weather|RainDance|[from] ability: Drizzle|[of] p2a: Pelipper\n|move|p1a: Eyesmon|Stealth Rock|p2a: Pelipper\n|-sidestart|p2: readingwin|move: Stealth Rock\n|\n|-weather|RainDance|[upkeep]\n|upkeep\n|turn|4\n|\n|t:|1699754950\n|move|p1a: Eyesmon|Explosion|p2a: Pelipper\n|-damage|p2a: Pelipper|49\/100\n|faint|p1a: Eyesmon\n|move|p2a: Pelipper|Scald|p1: Eyesmon|[notarget]\n|-fail|p2a: Pelipper\n|\n|-weather|RainDance|[upkeep]\n|upkeep\n|\n|t:|1699754968\n|switch|p1a: Zeus|Jolteon, M|100\/100\n|turn|5\n|\n|t:|1699754989\n|switch|p2a: Zapdos|Zapdos|100\/100\n|-ability|p2a: Zapdos|Pressure\n|move|p1a: Zeus|Hyper Voice|p2a: Zapdos\n|-damage|p2a: Zapdos|56\/100\n|\n|-weather|RainDance|[upkeep]\n|upkeep\n|turn|6\n|\n|t:|1699755013\n|move|p1a: Zeus|Hyper Voice|p2a: Zapdos\n|-damage|p2a: Zapdos|8\/100\n|move|p2a: Zapdos|Defog|p1a: Zeus\n|-unboost|p1a: Zeus|evasion|1\n|-sideend|p2: readingwin|Stealth Rock|[from] move: Defog|[of] p2a: Zapdos\n|\n|-weather|RainDance|[upkeep]\n|upkeep\n|turn|7\n|\n|t:|1699755025\n|move|p1a: Zeus|Hyper Voice|p2a: Zapdos\n|-damage|p2a: Zapdos|0 fnt\n|faint|p2a: Zapdos\n|\n|-weather|RainDance|[upkeep]\n|upkeep\n|\n|t:|1699755029\n|switch|p2a: Kingdra|Kingdra, M|100\/100\n|turn|8\n|\n|t:|1699755035\n|move|p2a: Kingdra|Flip Turn|p1a: Zeus\n|-damage|p1a: Zeus|29\/100\n|-damage|p2a: Kingdra|91\/100|[from] item: Life Orb\n|\n|t:|1699755040\n|switch|p2a: Swampert|Swampert-Mega, M|59\/100|[from] Flip Turn\n|move|p1a: Zeus|Hyper Voice|p2a: Swampert\n|-damage|p2a: Swampert|23\/100\n|\n|-weather|RainDance|[upkeep]\n|upkeep\n|turn|9\n|\n|t:|1699755054\n|move|p2a: Swampert|Liquidation|p1a: Zeus\n|-damage|p1a: Zeus|0 fnt\n|faint|p1a: Zeus\n|\n|-weather|RainDance|[upkeep]\n|upkeep\n|\n|t:|1699755059\n|switch|p1a: Inkamon|Kommo-o, M|100\/100\n|turn|10\n|\n|t:|1699755064\n|move|p2a: Swampert|Ice Punch|p1a: Inkamon\n|-supereffective|p1a: Inkamon\n|-damage|p1a: Inkamon|35\/100\n|move|p1a: Inkamon|Clangorous Soul|p1a: Inkamon\n|-boost|p1a: Inkamon|atk|1\n|-boost|p1a: Inkamon|def|1\n|-boost|p1a: Inkamon|spa|1\n|-boost|p1a: Inkamon|spd|1\n|-boost|p1a: Inkamon|spe|1\n|-damage|p1a: Inkamon|3\/100\n|\n|-weather|none\n|upkeep\n|turn|11\n|\n|t:|1699755074\n|-zpower|p1a: Inkamon\n|move|p1a: Inkamon|Clangorous Soulblaze|p2a: Swampert|[zeffect]\n|-damage|p2a: Swampert|0 fnt\n|faint|p2a: Swampert\n|-boost|p1a: Inkamon|atk|1\n|-boost|p1a: Inkamon|def|1\n|-boost|p1a: Inkamon|spa|1\n|-boost|p1a: Inkamon|spd|1\n|-boost|p1a: Inkamon|spe|1\n|\n|upkeep\n|\n|t:|1699755089\n|switch|p2a: Talonflame|Talonflame, M|100\/100\n|turn|12\n|\n|t:|1699755092\n|move|p2a: Talonflame|Air Slash|p1a: Inkamon\n|-supereffective|p1a: Inkamon\n|-damage|p1a: Inkamon|0 fnt\n|faint|p1a: Inkamon\n|\n|upkeep\n|\n|t:|1699755096\n|switch|p1a: Juonochi|Aegislash, M, shiny|100\/100\n|turn|13\n|\n|t:|1699755103\n|switch|p2a: Pelipper|Pelipper, M|49\/100\n|-weather|RainDance|[from] ability: Drizzle|[of] p2a: Pelipper\n|move|p1a: Juonochi|Swords Dance|p1a: Juonochi\n|-boost|p1a: Juonochi|atk|2\n|\n|-weather|RainDance|[upkeep]\n|upkeep\n|turn|14\n|\n|t:|1699755118\n|move|p2a: Pelipper|U-turn|p1a: Juonochi\n|-resisted|p1a: Juonochi\n|-damage|p1a: Juonochi|99\/100\n|\n|t:|1699755121\n|switch|p2a: Ferrothorn|Ferrothorn, M|100\/100|[from] U-turn\n|-formechange|p1a: Juonochi|Aegislash-Blade||[from] ability: Stance Change\n|move|p1a: Juonochi|Iron Head|p2a: Ferrothorn\n|-resisted|p2a: Ferrothorn\n|-damage|p2a: Ferrothorn|53\/100\n|-damage|p1a: Juonochi|87\/100|[from] ability: Iron Barbs|[of] p2a: Ferrothorn\n|-damage|p1a: Juonochi|77\/100|[from] item: Life Orb\n|\n|-weather|RainDance|[upkeep]\n|-heal|p2a: Ferrothorn|59\/100|[from] item: Leftovers\n|upkeep\n|turn|15\n|\n|t:|1699755132\n|-formechange|p1a: Juonochi|Aegislash||[from] ability: Stance Change\n|move|p1a: Juonochi|King's Shield|p1a: Juonochi\n|-singleturn|p1a: Juonochi|Protect\n|move|p2a: Ferrothorn|Leech Seed|p1a: Juonochi|[miss]\n|-miss|p2a: Ferrothorn|p1a: Juonochi\n|\n|-weather|RainDance|[upkeep]\n|-heal|p2a: Ferrothorn|65\/100|[from] item: Leftovers\n|upkeep\n|turn|16\n|\n|t:|1699755144\n|move|p1a: Juonochi|Swords Dance|p1a: Juonochi\n|-boost|p1a: Juonochi|atk|2\n|move|p2a: Ferrothorn|Leech Seed|p1a: Juonochi\n|-start|p1a: Juonochi|move: Leech Seed\n|\n|-weather|RainDance|[upkeep]\n|-heal|p2a: Ferrothorn|71\/100|[from] item: Leftovers\n|-damage|p1a: Juonochi|64\/100|[from] Leech Seed|[of] p2a: Ferrothorn\n|-heal|p2a: Ferrothorn|82\/100|[silent]\n|upkeep\n|turn|17\n|\n|t:|1699755155\n|move|p2a: Ferrothorn|Protect|p2a: Ferrothorn\n|-singleturn|p2a: Ferrothorn|Protect\n|-formechange|p1a: Juonochi|Aegislash-Blade||[from] ability: Stance Change\n|move|p1a: Juonochi|Iron Head|p2a: Ferrothorn\n|-activate|p2a: Ferrothorn|move: Protect\n|\n|-weather|RainDance|[upkeep]\n|-heal|p2a: Ferrothorn|88\/100|[from] item: Leftovers\n|-damage|p1a: Juonochi|52\/100|[from] Leech Seed|[of] p2a: Ferrothorn\n|-heal|p2a: Ferrothorn|99\/100|[silent]\n|upkeep\n|turn|18\n|\n|t:|1699755173\n|move|p1a: Juonochi|Iron Head|p2a: Ferrothorn\n|-resisted|p2a: Ferrothorn\n|-damage|p2a: Ferrothorn|34\/100\n|-damage|p1a: Juonochi|40\/100|[from] ability: Iron Barbs|[of] p2a: Ferrothorn\n|-damage|p1a: Juonochi|30\/100|[from] item: Life Orb\n|move|p2a: Ferrothorn|Stealth Rock|p1a: Juonochi\n|-sidestart|p1: Sebas1547|move: Stealth Rock\n|\n|-weather|RainDance|[upkeep]\n|-heal|p2a: Ferrothorn|40\/100|[from] item: Leftovers\n|-damage|p1a: Juonochi|17\/100|[from] Leech Seed|[of] p2a: Ferrothorn\n|-heal|p2a: Ferrothorn|51\/100|[silent]\n|upkeep\n|turn|19\n|inactive|Sebas1547 has 120 seconds left.\n|inactive|Sebas1547 has 90 seconds left.\n|\n|t:|1699755258\n|move|p1a: Juonochi|Iron Head|p2a: Ferrothorn\n|-resisted|p2a: Ferrothorn\n|-damage|p2a: Ferrothorn|0 fnt\n|-damage|p1a: Juonochi|5\/100|[from] ability: Iron Barbs|[of] p2a: Ferrothorn\n|faint|p2a: Ferrothorn\n|-damage|p1a: Juonochi|0 fnt|[from] item: Life Orb\n|faint|p1a: Juonochi\n|\n|-weather|RainDance|[upkeep]\n|upkeep\n|\n|t:|1699755269\n|switch|p1a: BreakDramon|Venusaur, M|100\/100\n|switch|p2a: Kingdra|Kingdra, M|91\/100\n|-damage|p1a: BreakDramon|88\/100|[from] Stealth Rock\n|turn|20\n|\n|t:|1699755277\n|detailschange|p1a: BreakDramon|Venusaur-Mega, M\n|-mega|p1a: BreakDramon|Venusaur|Venusaurite\n|move|p2a: Kingdra|Hurricane|p1a: BreakDramon\n|-supereffective|p1a: BreakDramon\n|-damage|p1a: BreakDramon|30\/100\n|-start|p1a: BreakDramon|confusion\n|-damage|p2a: Kingdra|81\/100|[from] item: Life Orb\n|-activate|p1a: BreakDramon|confusion\n|-damage|p1a: BreakDramon|25\/100|[from] confusion\n|\n|-weather|none\n|upkeep\n|turn|21\n|l|\u2606Sebas1547\n|inactive|Sebas1547 disconnected and has a minute to reconnect!\n|player|p1|\n|inactive|readingwin has 120 seconds left.\n|inactive|Sebas1547 has 30 seconds to reconnect!\n|inactive|Sebas1547 has 20 seconds to reconnect!\n|inactive|Sebas1547 has 15 seconds to reconnect!\n|inactive|Sebas1547 has 10 seconds to reconnect!\n|inactive|Sebas1547 has 5 seconds to reconnect!\n|-message|Sebas1547 lost due to inactivity.\n|\n|win|readingwin\n|inactive|Sebas1547 has 20 seconds left this turn.\n|raw|Sebas1547's rating: 1241 &rarr; <strong>1214<\/strong><br \/>(-27 for losing)\n|raw|readingwin's rating: 1213 &rarr; <strong>1240<\/strong><br \/>(+27 for winning)\n","uploadtime":1699755351,"views":9,"p1id":"sebas1547","p2id":"readingwin","formatid":"gen9nationaldex","rating":1214,"private":0,"password":""}