{"id":"gen9nationaldex-1993633500","p1":"Zayko_096","p2":"mutsurini-kun","format":"[Gen 9] National Dex","log":"|j|\u2606Zayko_096\n|j|\u2606mutsurini-kun\n|t:|1700339733\n|gametype|singles\n|player|p1|Zayko_096|colress|1183\n|player|p2|mutsurini-kun|266|1240\n|teamsize|p1|6\n|teamsize|p2|6\n|gen|9\n|tier|[Gen 9] National Dex\n|rated|\n|rule|HP Percentage Mod: HP is shown in percentages\n|rule|Endless Battle Clause: Forcing endless battles is banned\n|rule|OHKO Clause: OHKO moves are banned\n|rule|Evasion Clause: Evasion abilities, items, and moves are banned\n|rule|Evasion Abilities Clause: Evasion abilities are banned\n|rule|Evasion Items Clause: Evasion items are banned\n|rule|Evasion Moves Clause: Evasion moves are banned\n|rule|Species Clause: Limit one of each Pok\u00e9mon\n|rule|Sleep Clause Mod: Limit one foe put to sleep\n|clearpoke\n|poke|p1|Leavanny, M|\n|poke|p1|Jirachi|\n|poke|p1|Basculegion-F, F|\n|poke|p1|Dragonite, M|\n|poke|p1|Florges-White, F|\n|poke|p1|Corviknight, M|\n|poke|p2|Infernape, M|\n|poke|p2|Lucario, M|\n|poke|p2|Machamp, F|\n|poke|p2|Conkeldurr, M|\n|poke|p2|Sawk, M|\n|poke|p2|Gallade, M|\n|teampreview\n|\n|t:|1700339738\n|start\n|switch|p1a: Leavanny|Leavanny, M|100\/100\n|switch|p2a: Gallade|Gallade, M|100\/100\n|turn|1\n|\n|t:|1700339744\n|move|p1a: Leavanny|Sticky Web|p2a: Gallade\n|-sidestart|p2: mutsurini-kun|move: Sticky Web\n|move|p2a: Gallade|Psycho Cut|p1a: Leavanny\n|-damage|p1a: Leavanny|50\/100\n|-enditem|p1a: Leavanny|Eject Button\n|\n|t:|1700339751\n|switch|p1a: Corviknight|Corviknight, M, shiny|100\/100\n|\n|upkeep\n|turn|2\n|\n|t:|1700339758\n|detailschange|p2a: Gallade|Gallade-Mega, M\n|-mega|p2a: Gallade|Gallade|Galladite\n|move|p2a: Gallade|Close Combat|p1a: Corviknight\n|-damage|p1a: Corviknight|27\/100\n|-unboost|p2a: Gallade|def|1\n|-unboost|p2a: Gallade|spd|1\n|-enditem|p1a: Corviknight|Red Card|[of] p2a: Gallade\n|drag|p2a: Infernape|Infernape, M|100\/100\n|-activate|p2a: Infernape|move: Sticky Web\n|-unboost|p2a: Infernape|spe|1\n|move|p1a: Corviknight|Brave Bird|p2a: Infernape\n|-supereffective|p2a: Infernape\n|-enditem|p2a: Infernape|Focus Sash\n|-damage|p2a: Infernape|1\/100\n|-damage|p1a: Corviknight|0 fnt|[from] Recoil\n|faint|p1a: Corviknight\n|\n|upkeep\n|\n|t:|1700339772\n|switch|p1a: Dragonite|Dragonite, M|100\/100\n|turn|3\n|\n|t:|1700339778\n|move|p1a: Dragonite|Dragon Dance|p1a: Dragonite\n|-boost|p1a: Dragonite|atk|1\n|-boost|p1a: Dragonite|spe|1\n|move|p2a: Infernape|Iron Tail|p1a: Dragonite\n|-damage|p1a: Dragonite|84\/100\n|\n|upkeep\n|turn|4\n|\n|t:|1700339784\n|move|p1a: Dragonite|Dragon Claw|p2a: Infernape\n|-damage|p2a: Infernape|0 fnt\n|faint|p2a: Infernape\n|\n|upkeep\n|\n|t:|1700339790\n|switch|p2a: Sawk|Sawk, M|100\/100\n|-activate|p2a: Sawk|move: Sticky Web\n|-unboost|p2a: Sawk|spe|1\n|turn|5\n|\n|t:|1700339796\n|move|p1a: Dragonite|Dragon Claw|p2a: Sawk\n|-damage|p2a: Sawk|14\/100\n|move|p2a: Sawk|Ice Punch|p1a: Dragonite\n|-supereffective|p1a: Dragonite\n|-damage|p1a: Dragonite|0 fnt\n|faint|p1a: Dragonite\n|\n|upkeep\n|\n|t:|1700339802\n|switch|p1a: Leavanny|Leavanny, M|50\/100\n|turn|6\n|\n|t:|1700339810\n|move|p1a: Leavanny|Fell Stinger|p2a: Sawk\n|-resisted|p2a: Sawk\n|-damage|p2a: Sawk|0 fnt\n|faint|p2a: Sawk\n|-boost|p1a: Leavanny|atk|3\n|\n|upkeep\n|\n|t:|1700339822\n|switch|p2a: Lucario|Lucario, M|100\/100\n|-activate|p2a: Lucario|move: Sticky Web\n|-unboost|p2a: Lucario|spe|1\n|turn|7\n|\n|t:|1700339834\n|move|p1a: Leavanny|Low Kick|p2a: Lucario\n|-supereffective|p2a: Lucario\n|-enditem|p2a: Lucario|Focus Sash\n|-damage|p2a: Lucario|1\/100\n|move|p2a: Lucario|Flash Cannon|p1a: Leavanny\n|-damage|p1a: Leavanny|0 fnt\n|faint|p1a: Leavanny\n|\n|upkeep\n|\n|t:|1700339844\n|switch|p1a: Basculegion|Basculegion-F, F|100\/100\n|turn|8\n|\n|t:|1700339849\n|move|p1a: Basculegion|Crunch|p2a: Lucario\n|-resisted|p2a: Lucario\n|-damage|p2a: Lucario|0 fnt\n|faint|p2a: Lucario\n|\n|upkeep\n|\n|t:|1700339856\n|switch|p2a: Machamp|Machamp, F|100\/100\n|-activate|p2a: Machamp|move: Sticky Web\n|-unboost|p2a: Machamp|spe|1\n|turn|9\n|\n|t:|1700339861\n|move|p1a: Basculegion|Wave Crash|p2a: Machamp\n|-damage|p2a: Machamp|48\/100\n|-enditem|p2a: Machamp|Sitrus Berry|[eat]\n|-heal|p2a: Machamp|73\/100|[from] item: Sitrus Berry\n|-damage|p1a: Basculegion|86\/100|[from] Recoil\n|move|p2a: Machamp|Payback|p1a: Basculegion\n|-supereffective|p1a: Basculegion\n|-damage|p1a: Basculegion|0 fnt\n|faint|p1a: Basculegion\n|\n|upkeep\n|\n|t:|1700339870\n|switch|p1a: Florges|Florges-White, F, shiny|100\/100\n|turn|10\n|\n|t:|1700339875\n|move|p2a: Machamp|Bullet Punch|p1a: Florges\n|-supereffective|p1a: Florges\n|-damage|p1a: Florges|58\/100\n|move|p1a: Florges|Moonblast|p2a: Machamp\n|-supereffective|p2a: Machamp\n|-crit|p2a: Machamp\n|-damage|p2a: Machamp|0 fnt\n|faint|p2a: Machamp\n|\n|-heal|p1a: Florges|64\/100|[from] item: Leftovers\n|upkeep\n|\n|t:|1700339886\n|switch|p2a: Conkeldurr|Conkeldurr, M|100\/100\n|-activate|p2a: Conkeldurr|move: Sticky Web\n|-unboost|p2a: Conkeldurr|spe|1\n|turn|11\n|\n|t:|1700339898\n|move|p1a: Florges|Moonblast|p2a: Conkeldurr\n|-supereffective|p2a: Conkeldurr\n|-damage|p2a: Conkeldurr|20\/100\n|move|p2a: Conkeldurr|Ice Punch|p1a: Florges\n|-damage|p1a: Florges|22\/100\n|\n|-heal|p1a: Florges|29\/100|[from] item: Leftovers\n|upkeep\n|turn|12\n|\n|t:|1700339910\n|move|p1a: Florges|Moonblast|p2a: Conkeldurr\n|-supereffective|p2a: Conkeldurr\n|-damage|p2a: Conkeldurr|0 fnt\n|faint|p2a: Conkeldurr\n|\n|-heal|p1a: Florges|34\/100|[from] item: Leftovers\n|upkeep\n|\n|t:|1700339917\n|switch|p2a: Gallade|Gallade-Mega, M|100\/100\n|-activate|p2a: Gallade|move: Sticky Web\n|-unboost|p2a: Gallade|spe|1\n|turn|13\n|\n|t:|1700339922\n|move|p2a: Gallade|Psycho Cut|p1a: Florges\n|-damage|p1a: Florges|0 fnt\n|faint|p1a: Florges\n|\n|upkeep\n|\n|t:|1700339926\n|switch|p1a: Jirachi|Jirachi|100\/100\n|turn|14\n|\n|t:|1700339936\n|move|p1a: Jirachi|Zen Headbutt|p2a: Gallade\n|-damage|p2a: Gallade|56\/100\n|move|p2a: Gallade|Close Combat|p1a: Jirachi\n|-damage|p1a: Jirachi|23\/100\n|-unboost|p2a: Gallade|def|1\n|-unboost|p2a: Gallade|spd|1\n|\n|upkeep\n|turn|15\n|\n|t:|1700339944\n|move|p1a: Jirachi|Zen Headbutt|p2a: Gallade|[miss]\n|-miss|p1a: Jirachi|p2a: Gallade\n|move|p2a: Gallade|Close Combat|p1a: Jirachi\n|-damage|p1a: Jirachi|0 fnt\n|-unboost|p2a: Gallade|def|1\n|-unboost|p2a: Gallade|spd|1\n|faint|p1a: Jirachi\n|\n|win|mutsurini-kun\n|raw|Zayko_096's rating: 1183 &rarr; <strong>1162<\/strong><br \/>(-21 for losing)\n|raw|mutsurini-kun's rating: 1240 &rarr; <strong>1261<\/strong><br \/>(+21 for winning)\n","uploadtime":1700339958,"views":11,"p1id":"zayko096","p2id":"mutsurinikun","formatid":"gen9nationaldex","rating":1162,"private":0,"password":""}