{"id":"gen9nationaldex-1995046762","p1":"Leocrack57","p2":"Toxic Ariados","format":"[Gen 9] National Dex","log":"|html|<div class=\"broadcast-blue\"><strong>[Gen 9] National Dex is currently suspecting Sneasler! For information on how to participate check out the <a href=\"https:\/\/www.smogon.com\/forums\/threads\/sv-national-dex-suspect-8-just-dance.3731534\/\">suspect thread<\/a>.<\/strong><\/div>\n|j|\u2606Leocrack57\n|j|\u2606Toxic Ariados\n|t:|1700516817\n|gametype|singles\n|player|p1|Leocrack57|hilbert|1493\n|player|p2|Toxic Ariados|lucas|1635\n|teamsize|p1|6\n|teamsize|p2|6\n|gen|9\n|tier|[Gen 9] National Dex\n|rated|\n|rule|HP Percentage Mod: HP is shown in percentages\n|rule|Endless Battle Clause: Forcing endless battles is banned\n|rule|OHKO Clause: OHKO moves are banned\n|rule|Evasion Clause: Evasion abilities, items, and moves are banned\n|rule|Evasion Abilities Clause: Evasion abilities are banned\n|rule|Evasion Items Clause: Evasion items are banned\n|rule|Evasion Moves Clause: Evasion moves are banned\n|rule|Species Clause: Limit one of each Pok\u00e9mon\n|rule|Sleep Clause Mod: Limit one foe put to sleep\n|clearpoke\n|poke|p1|Mimikyu, M|\n|poke|p1|Basculegion, M|\n|poke|p1|Excadrill, M|\n|poke|p1|Metagross|\n|poke|p1|Hydreigon, M|\n|poke|p1|Pinsir, M|\n|poke|p2|Grimmsnarl, M|\n|poke|p2|Okidogi, M|\n|poke|p2|Volcarona, F|\n|poke|p2|Great Tusk|\n|poke|p2|Ogerpon-Cornerstone, F|\n|poke|p2|Jirachi|\n|teampreview\n|inactive|Battle timer is ON: inactive players will automatically lose when time's up. (requested by Leocrack57)\n|\n|t:|1700516837\n|start\n|switch|p1a: Dante|Metagross|100\/100\n|switch|p2a: Diablo|Grimmsnarl, M|100\/100\n|turn|1\n|\n|t:|1700516841\n|switch|p2a: Solstice|Volcarona, F|100\/100\n|move|p1a: Dante|Iron Head|p2a: Solstice\n|-resisted|p2a: Solstice\n|-damage|p2a: Solstice|72\/100\n|-status|p1a: Dante|brn|[from] ability: Flame Body|[of] p2a: Solstice\n|\n|-damage|p1a: Dante|95\/100 brn|[from] brn\n|upkeep\n|turn|2\n|\n|t:|1700516858\n|switch|p2a: Wrath|Okidogi, M|100\/100\n|move|p1a: Dante|Earthquake|p2a: Wrath\n|-supereffective|p2a: Wrath\n|-damage|p2a: Wrath|69\/100\n|-enditem|p2a: Wrath|Weakness Policy\n|-boost|p2a: Wrath|atk|2|[from] item: Weakness Policy\n|-boost|p2a: Wrath|spa|2|[from] item: Weakness Policy\n|\n|-damage|p1a: Dante|89\/100 brn|[from] brn\n|upkeep\n|turn|3\n|\n|t:|1700516865\n|move|p2a: Wrath|Drain Punch|p1a: Dante\n|-damage|p1a: Dante|31\/100 brn\n|-heal|p2a: Wrath|92\/100|[from] drain|[of] p1a: Dante\n|move|p1a: Dante|Earthquake|p2a: Wrath\n|-supereffective|p2a: Wrath\n|-crit|p2a: Wrath\n|-damage|p2a: Wrath|43\/100\n|\n|-damage|p1a: Dante|25\/100 brn|[from] brn\n|upkeep\n|turn|4\n|\n|t:|1700516874\n|move|p2a: Wrath|Drain Punch|p1a: Dante\n|-damage|p1a: Dante|0 fnt\n|-heal|p2a: Wrath|53\/100|[from] drain|[of] p1a: Dante\n|faint|p1a: Dante\n|\n|upkeep\n|\n|t:|1700516883\n|switch|p1a: Drake|Pinsir, M|100\/100\n|turn|5\n|\n|t:|1700516890\n|detailschange|p1a: Drake|Pinsir-Mega, M\n|-mega|p1a: Drake|Pinsir|Pinsirite\n|move|p1a: Drake|Quick Attack|p2a: Wrath\n|-supereffective|p2a: Wrath\n|-damage|p2a: Wrath|3\/100\n|move|p2a: Wrath|Poison Jab|p1a: Drake\n|-damage|p1a: Drake|12\/100\n|-status|p1a: Drake|psn\n|\n|-damage|p1a: Drake|0 fnt|[from] psn\n|faint|p1a: Drake\n|upkeep\n|c|\u2606Toxic Ariados|?\n|c|\u2606Toxic Ariados|why not just attack with idk\n|c|\u2606Toxic Ariados|return\n|c|\u2606Toxic Ariados|you had the kill\n|\n|t:|1700516916\n|switch|p1a: Alfred|Excadrill, M|100\/100\n|-ability|p1a: Alfred|Mold Breaker\n|turn|6\n|\n|t:|1700516926\n|move|p1a: Alfred|Earthquake|p2a: Wrath\n|-supereffective|p2a: Wrath\n|-damage|p2a: Wrath|0 fnt\n|faint|p2a: Wrath\n|\n|upkeep\n|\n|t:|1700516930\n|switch|p2a: Bedrock|Great Tusk|100\/100\n|turn|7\n|\n|t:|1700516940\n|switch|p1a: Hern\u00e1n|Hydreigon, M|100\/100\n|move|p2a: Bedrock|Headlong Rush|p1a: Hern\u00e1n\n|-immune|p1a: Hern\u00e1n|[from] ability: Levitate\n|\n|upkeep\n|turn|8\n|\n|t:|1700516957\n|move|p2a: Bedrock|Close Combat|p1a: Hern\u00e1n\n|-supereffective|p1a: Hern\u00e1n\n|-damage|p1a: Hern\u00e1n|0 fnt\n|-unboost|p2a: Bedrock|def|1\n|-unboost|p2a: Bedrock|spd|1\n|faint|p1a: Hern\u00e1n\n|\n|upkeep\n|\n|t:|1700516962\n|switch|p1a: Edward|Basculegion, M|100\/100\n|turn|9\n|\n|t:|1700516978\n|move|p2a: Bedrock|Headlong Rush|p1a: Edward\n|-damage|p1a: Edward|38\/100\n|-unboost|p2a: Bedrock|def|1\n|-unboost|p2a: Bedrock|spd|1\n|move|p1a: Edward|Wave Crash|p2a: Bedrock\n|-supereffective|p2a: Bedrock\n|-damage|p2a: Bedrock|0 fnt\n|faint|p2a: Bedrock\n|-end|p2a: Bedrock|Protosynthesis|[silent]\n|-damage|p1a: Edward|9\/100|[from] Recoil\n|\n|upkeep\n|\n|t:|1700516984\n|switch|p2a: Ogerpon|Ogerpon-Cornerstone, F|100\/100\n|turn|10\n|\n|t:|1700517000\n|switch|p1a: Nightmare|Mimikyu, M|100\/100\n|move|p2a: Ogerpon|Horn Leech|p1a: Nightmare\n|-activate|p1a: Nightmare|ability: Disguise\n|-damage|p1a: Nightmare|100\/100\n|detailschange|p1a: Nightmare|Mimikyu-Busted, M\n|-damage|p1a: Nightmare|88\/100|[from] pokemon: Mimikyu-Busted\n|\n|upkeep\n|turn|11\n|\n|t:|1700517008\n|-terastallize|p2a: Ogerpon|Rock\n|detailschange|p2a: Ogerpon|Ogerpon-Cornerstone-Tera, F, tera:Rock\n|-ability|p2a: Ogerpon|Embody Aspect (Cornerstone)|boost\n|-boost|p2a: Ogerpon|def|1\n|move|p2a: Ogerpon|Ivy Cudgel|p1a: Nightmare|[anim] Ivy Cudgel Rock\n|-damage|p1a: Nightmare|0 fnt\n|faint|p1a: Nightmare\n|\n|upkeep\n|\n|t:|1700517022\n|switch|p1a: Alfred|Excadrill, M|100\/100\n|-ability|p1a: Alfred|Mold Breaker\n|turn|12\n|\n|t:|1700517031\n|move|p2a: Ogerpon|Swords Dance|p2a: Ogerpon\n|-boost|p2a: Ogerpon|atk|2\n|move|p1a: Alfred|Rapid Spin|p2a: Ogerpon\n|-resisted|p2a: Ogerpon\n|-damage|p2a: Ogerpon|93\/100\n|-boost|p1a: Alfred|spe|1\n|\n|upkeep\n|turn|13\n|\n|t:|1700517036\n|move|p1a: Alfred|Swords Dance|p1a: Alfred\n|-boost|p1a: Alfred|atk|2\n|move|p2a: Ogerpon|Stomping Tantrum|p1a: Alfred\n|-supereffective|p1a: Alfred\n|-enditem|p1a: Alfred|Focus Sash\n|-damage|p1a: Alfred|1\/100\n|\n|upkeep\n|turn|14\n|\n|t:|1700517046\n|move|p1a: Alfred|Earthquake|p2a: Ogerpon\n|-supereffective|p2a: Ogerpon\n|-damage|p2a: Ogerpon|0 fnt\n|faint|p2a: Ogerpon\n|\n|upkeep\n|\n|t:|1700517048\n|switch|p2a: Diablo|Grimmsnarl, M|100\/100\n|turn|15\n|\n|t:|1700517053\n|move|p2a: Diablo|Reflect|p2a: Diablo\n|-sidestart|p2: Toxic Ariados|Reflect\n|move|p1a: Alfred|Earthquake|p2a: Diablo\n|-damage|p2a: Diablo|42\/100\n|\n|upkeep\n|turn|16\n|\n|t:|1700517063\n|move|p2a: Diablo|Taunt|p1a: Alfred\n|-start|p1a: Alfred|move: Taunt\n|move|p1a: Alfred|Earthquake|p2a: Diablo\n|-damage|p2a: Diablo|0 fnt\n|faint|p2a: Diablo\n|\n|upkeep\n|\n|t:|1700517065\n|switch|p2a: Solstice|Volcarona, F|72\/100\n|turn|17\n|\n|t:|1700517069\n|move|p1a: Alfred|Brick Break|p2a: Solstice\n|-sideend|p2: Toxic Ariados|Reflect\n|-resisted|p2a: Solstice\n|-damage|p2a: Solstice|34\/100\n|move|p2a: Solstice|Fiery Dance|p1a: Alfred\n|-supereffective|p1a: Alfred\n|-damage|p1a: Alfred|0 fnt\n|faint|p1a: Alfred\n|\n|upkeep\n|\n|t:|1700517074\n|switch|p1a: Edward|Basculegion, M|9\/100\n|turn|18\n|\n|t:|1700517080\n|-terastallize|p1a: Edward|Water\n|move|p1a: Edward|Aqua Jet|p2a: Solstice\n|-supereffective|p2a: Solstice\n|-damage|p2a: Solstice|0 fnt\n|faint|p2a: Solstice\n|\n|upkeep\n|\n|t:|1700517084\n|switch|p2a: Stardust|Jirachi, shiny|100\/100\n|turn|19\n|\n|t:|1700517088\n|move|p1a: Edward|Aqua Jet|p2a: Stardust\n|-damage|p2a: Stardust|63\/100\n|move|p2a: Stardust|Iron Head|p1a: Edward\n|-resisted|p1a: Edward\n|-damage|p1a: Edward|0 fnt\n|faint|p1a: Edward\n|\n|win|Toxic Ariados\n|raw|Leocrack57's rating: 1493 &rarr; <strong>1481<\/strong><br \/>(-12 for losing)\n|raw|Toxic Ariados's rating: 1635 &rarr; <strong>1647<\/strong><br \/>(+12 for winning)\n|c|\u2606Toxic Ariados|gg\n","uploadtime":1700517096,"views":1,"p1id":"leocrack57","p2id":"toxicariados","formatid":"gen9nationaldex","rating":1481,"private":0,"password":""}