{"id":"gen9nationaldex-1993896900","p1":"I am a fat Mermaid","p2":"dsadfgasdad","format":"[Gen 9] National Dex","log":"|j|\u2606I am a fat Mermaid\n|j|\u2606dsadfgasdad\n|t:|1700371768\n|gametype|singles\n|player|p1|I am a fat Mermaid|101|1369\n|player|p2|dsadfgasdad|1|1430\n|teamsize|p1|6\n|teamsize|p2|6\n|gen|9\n|tier|[Gen 9] National Dex\n|rated|\n|rule|HP Percentage Mod: HP is shown in percentages\n|rule|Endless Battle Clause: Forcing endless battles is banned\n|rule|OHKO Clause: OHKO moves are banned\n|rule|Evasion Clause: Evasion abilities, items, and moves are banned\n|rule|Evasion Abilities Clause: Evasion abilities are banned\n|rule|Evasion Items Clause: Evasion items are banned\n|rule|Evasion Moves Clause: Evasion moves are banned\n|rule|Species Clause: Limit one of each Pok\u00e9mon\n|rule|Sleep Clause Mod: Limit one foe put to sleep\n|clearpoke\n|poke|p1|Blissey, F|\n|poke|p1|Aerodactyl, F|\n|poke|p1|Torkoal, M|\n|poke|p1|Heatran, M|\n|poke|p1|Great Tusk|\n|poke|p1|Ferrothorn, M|\n|poke|p2|Samurott-Hisui, M|\n|poke|p2|Weavile, M|\n|poke|p2|Maushold-Four|\n|poke|p2|Volcarona, F|\n|poke|p2|Garganacl, M|\n|poke|p2|Gliscor, M|\n|teampreview\n|inactive|Battle timer is ON: inactive players will automatically lose when time's up. (requested by dsadfgasdad)\n|\n|t:|1700371777\n|start\n|switch|p1a: It's time|Aerodactyl, F, shiny|100\/100\n|switch|p2a: Garganacl|Garganacl, M|100\/100\n|-ability|p1a: It's time|Unnerve\n|turn|1\n|\n|t:|1700371788\n|switch|p1a: Iron Turds|Great Tusk, shiny|100\/100\n|move|p2a: Garganacl|Salt Cure|p1a: Iron Turds\n|-resisted|p1a: Iron Turds\n|-damage|p1a: Iron Turds|99\/100\n|-start|p1a: Iron Turds|Salt Cure\n|\n|-damage|p1a: Iron Turds|86\/100|[from] Salt Cure\n|upkeep\n|turn|2\n|\n|t:|1700371792\n|-end|p1a: Iron Turds|Protosynthesis|[silent]\n|switch|p1a: Ferrothorn|Ferrothorn, M|100\/100\n|move|p2a: Garganacl|Protect||[still]\n|-fail|p2a: Garganacl\n|\n|upkeep\n|turn|3\n|\n|t:|1700371795\n|move|p2a: Garganacl|Salt Cure|p1a: Ferrothorn\n|-resisted|p1a: Ferrothorn\n|-damage|p1a: Ferrothorn|96\/100\n|-start|p1a: Ferrothorn|Salt Cure\n|move|p1a: Ferrothorn|Leech Seed|p2a: Garganacl\n|-start|p2a: Garganacl|move: Leech Seed\n|\n|-heal|p1a: Ferrothorn|100\/100|[from] item: Leftovers\n|-damage|p2a: Garganacl|88\/100|[from] Leech Seed|[of] p1a: Ferrothorn\n|-damage|p1a: Ferrothorn|75\/100|[from] Salt Cure\n|upkeep\n|turn|4\n|\n|t:|1700371800\n|switch|p1a: Iron Turds|Great Tusk, shiny|86\/100\n|move|p2a: Garganacl|Stealth Rock|p1a: Iron Turds\n|-sidestart|p1: I am a fat Mermaid|move: Stealth Rock\n|\n|-heal|p2a: Garganacl|94\/100|[from] item: Leftovers\n|-damage|p2a: Garganacl|82\/100|[from] Leech Seed|[of] p1a: Iron Turds\n|-heal|p1a: Iron Turds|98\/100|[silent]\n|upkeep\n|turn|5\n|\n|t:|1700371807\n|switch|p2a: Gliscor|Gliscor, M|100\/100\n|move|p1a: Iron Turds|Rapid Spin|p2a: Gliscor\n|-damage|p2a: Gliscor|91\/100\n|-boost|p1a: Iron Turds|spe|1\n|-sideend|p1: I am a fat Mermaid|Stealth Rock|[from] move: Rapid Spin|[of] p1a: Iron Turds\n|\n|-status|p2a: Gliscor|tox|[from] item: Toxic Orb\n|upkeep\n|turn|6\n|\n|t:|1700371815\n|-end|p1a: Iron Turds|Protosynthesis|[silent]\n|switch|p1a: It's time|Aerodactyl, F, shiny|100\/100\n|-ability|p1a: It's time|Unnerve\n|move|p2a: Gliscor|Toxic|p1a: It's time\n|-status|p1a: It's time|tox\n|\n|-damage|p1a: It's time|95\/100 tox|[from] psn\n|-heal|p2a: Gliscor|100\/100 tox|[from] ability: Poison Heal\n|upkeep\n|turn|7\n|\n|t:|1700371821\n|switch|p2a: Weavile|Weavile, M|100\/100\n|-ability|p2a: Weavile|Pressure\n|detailschange|p1a: It's time|Aerodactyl-Mega, F, shiny\n|-mega|p1a: It's time|Aerodactyl|Aerodactylite\n|move|p1a: It's time|Ice Fang|p2a: Weavile\n|-resisted|p2a: Weavile\n|-damage|p2a: Weavile|75\/100\n|\n|-damage|p1a: It's time|83\/100 tox|[from] psn\n|upkeep\n|turn|8\n|\n|t:|1700371827\n|switch|p1a: Smoke Signals|Torkoal, M, shiny|100\/100\n|-weather|SunnyDay|[from] ability: Drought|[of] p1a: Smoke Signals\n|move|p2a: Weavile|Ice Shard|p1a: Smoke Signals\n|-resisted|p1a: Smoke Signals\n|-damage|p1a: Smoke Signals|94\/100\n|\n|-weather|SunnyDay|[upkeep]\n|upkeep\n|turn|9\n|\n|t:|1700371836\n|switch|p2a: Garganacl|Garganacl, M|82\/100\n|move|p1a: Smoke Signals|Stealth Rock|p2a: Garganacl\n|-sidestart|p2: dsadfgasdad|move: Stealth Rock\n|\n|-weather|SunnyDay|[upkeep]\n|-heal|p2a: Garganacl|88\/100|[from] item: Leftovers\n|upkeep\n|turn|10\n|\n|t:|1700371839\n|switch|p1a: Iron Turds|Great Tusk, shiny|98\/100\n|-activate|p1a: Iron Turds|ability: Protosynthesis\n|-start|p1a: Iron Turds|protosynthesisdef\n|move|p2a: Garganacl|Salt Cure|p1a: Iron Turds\n|-resisted|p1a: Iron Turds\n|-crit|p1a: Iron Turds\n|-damage|p1a: Iron Turds|96\/100\n|-start|p1a: Iron Turds|Salt Cure\n|\n|-weather|SunnyDay|[upkeep]\n|-heal|p2a: Garganacl|94\/100|[from] item: Leftovers\n|-damage|p1a: Iron Turds|84\/100|[from] Salt Cure\n|upkeep\n|turn|11\n|\n|t:|1700371844\n|move|p2a: Garganacl|Protect|p2a: Garganacl\n|-singleturn|p2a: Garganacl|Protect\n|move|p1a: Iron Turds|Body Press|p2a: Garganacl\n|-activate|p2a: Garganacl|move: Protect\n|\n|-weather|SunnyDay|[upkeep]\n|-heal|p2a: Garganacl|100\/100|[from] item: Leftovers\n|-damage|p1a: Iron Turds|71\/100|[from] Salt Cure\n|upkeep\n|turn|12\n|\n|t:|1700371853\n|-end|p1a: Iron Turds|Protosynthesis|[silent]\n|switch|p1a: Ferrothorn|Ferrothorn, M|75\/100\n|switch|p2a: Volcarona|Volcarona, F|100\/100\n|\n|-weather|SunnyDay|[upkeep]\n|-heal|p1a: Ferrothorn|82\/100|[from] item: Leftovers\n|upkeep\n|turn|13\n|\n|t:|1700371862\n|switch|p2a: Samurott|Samurott-Hisui, M|100\/100\n|-damage|p2a: Samurott|88\/100|[from] Stealth Rock\n|switch|p1a: Blob|Blissey, F, shiny|100\/100\n|\n|-weather|SunnyDay|[upkeep]\n|upkeep\n|turn|14\n|\n|t:|1700371875\n|move|p2a: Samurott|Knock Off|p1a: Blob\n|-damage|p1a: Blob|19\/100\n|-enditem|p1a: Blob|Leftovers|[from] move: Knock Off|[of] p2a: Samurott\n|move|p1a: Blob|Thunder Wave|p2a: Samurott\n|-status|p2a: Samurott|par\n|\n|-weather|SunnyDay|[upkeep]\n|upkeep\n|turn|15\n|\n|t:|1700371882\n|switch|p1a: Iron Turds|Great Tusk, shiny|71\/100\n|-activate|p1a: Iron Turds|ability: Protosynthesis\n|-start|p1a: Iron Turds|protosynthesisdef\n|cant|p2a: Samurott|par\n|\n|-weather|none\n|-end|p1a: Iron Turds|Protosynthesis\n|upkeep\n|turn|16\n|\n|t:|1700371890\n|switch|p2a: Gliscor|Gliscor, M|100\/100 tox\n|-damage|p2a: Gliscor|88\/100 tox|[from] Stealth Rock\n|-end|p1a: Iron Turds|Protosynthesis|[silent]\n|switch|p1a: Smoke Signals|Torkoal, M, shiny|94\/100\n|-weather|SunnyDay|[from] ability: Drought|[of] p1a: Smoke Signals\n|\n|-weather|SunnyDay|[upkeep]\n|-heal|p2a: Gliscor|100\/100 tox|[from] ability: Poison Heal\n|upkeep\n|turn|17\n|\n|t:|1700371901\n|switch|p1a: It's time|Aerodactyl-Mega, F, shiny|83\/100 tox\n|move|p2a: Gliscor|Toxic|p1a: It's time\n|-fail|p1a: It's time|tox\n|\n|-weather|SunnyDay|[upkeep]\n|-damage|p1a: It's time|77\/100 tox|[from] psn\n|upkeep\n|turn|18\n|\n|t:|1700371906\n|switch|p2a: Garganacl|Garganacl, M|100\/100\n|-damage|p2a: Garganacl|88\/100|[from] Stealth Rock\n|move|p1a: It's time|Stone Edge|p2a: Garganacl\n|-damage|p2a: Garganacl|54\/100\n|\n|-weather|SunnyDay|[upkeep]\n|-heal|p2a: Garganacl|61\/100|[from] item: Leftovers\n|-damage|p1a: It's time|65\/100 tox|[from] psn\n|upkeep\n|turn|19\n|\n|t:|1700371916\n|switch|p1a: Iron Turds|Great Tusk, shiny|71\/100\n|-activate|p1a: Iron Turds|ability: Protosynthesis\n|-start|p1a: Iron Turds|protosynthesisdef\n|move|p2a: Garganacl|Recover|p2a: Garganacl\n|-heal|p2a: Garganacl|100\/100\n|\n|-weather|SunnyDay|[upkeep]\n|upkeep\n|turn|20\n|\n|t:|1700371920\n|-end|p1a: Iron Turds|Protosynthesis|[silent]\n|switch|p1a: Ferrothorn|Ferrothorn, M|82\/100\n|move|p2a: Garganacl|Protect||[still]\n|-fail|p2a: Garganacl\n|\n|-weather|SunnyDay|[upkeep]\n|-heal|p1a: Ferrothorn|88\/100|[from] item: Leftovers\n|upkeep\n|turn|21\n|\n|t:|1700371923\n|move|p2a: Garganacl|Salt Cure|p1a: Ferrothorn\n|-resisted|p1a: Ferrothorn\n|-damage|p1a: Ferrothorn|83\/100\n|-start|p1a: Ferrothorn|Salt Cure\n|move|p1a: Ferrothorn|Spikes|p2a: Garganacl\n|-sidestart|p2: dsadfgasdad|Spikes\n|\n|-weather|SunnyDay|[upkeep]\n|-heal|p1a: Ferrothorn|89\/100|[from] item: Leftovers\n|-damage|p1a: Ferrothorn|64\/100|[from] Salt Cure\n|upkeep\n|turn|22\n|\n|t:|1700371928\n|switch|p1a: Iron Turds|Great Tusk, shiny|71\/100\n|-activate|p1a: Iron Turds|ability: Protosynthesis\n|-start|p1a: Iron Turds|protosynthesisdef\n|move|p2a: Garganacl|Salt Cure|p1a: Iron Turds\n|-resisted|p1a: Iron Turds\n|-damage|p1a: Iron Turds|70\/100\n|-start|p1a: Iron Turds|Salt Cure\n|\n|-weather|SunnyDay|[upkeep]\n|-damage|p1a: Iron Turds|58\/100|[from] Salt Cure\n|upkeep\n|turn|23\n|\n|t:|1700371932\n|move|p2a: Garganacl|Protect|p2a: Garganacl\n|-singleturn|p2a: Garganacl|Protect\n|move|p1a: Iron Turds|Body Press|p2a: Garganacl\n|-activate|p2a: Garganacl|move: Protect\n|\n|-weather|none\n|-end|p1a: Iron Turds|Protosynthesis\n|-damage|p1a: Iron Turds|45\/100|[from] Salt Cure\n|upkeep\n|turn|24\n|\n|t:|1700371937\n|-end|p1a: Iron Turds|Protosynthesis|[silent]\n|switch|p1a: Ferrothorn|Ferrothorn, M|64\/100\n|switch|p2a: Gliscor|Gliscor, M|100\/100 tox\n|-damage|p2a: Gliscor|88\/100 tox|[from] Stealth Rock\n|\n|-heal|p1a: Ferrothorn|70\/100|[from] item: Leftovers\n|-heal|p2a: Gliscor|100\/100 tox|[from] ability: Poison Heal\n|upkeep\n|turn|25\n|\n|t:|1700371942\n|move|p2a: Gliscor|Defog|p1a: Ferrothorn\n|-unboost|p1a: Ferrothorn|evasion|1\n|-sideend|p2: dsadfgasdad|Spikes|[from] move: Defog|[of] p2a: Gliscor\n|-sideend|p2: dsadfgasdad|Stealth Rock|[from] move: Defog|[of] p2a: Gliscor\n|move|p1a: Ferrothorn|Leech Seed|p2a: Gliscor\n|-start|p2a: Gliscor|move: Leech Seed\n|\n|-heal|p1a: Ferrothorn|77\/100|[from] item: Leftovers\n|-damage|p2a: Gliscor|88\/100 tox|[from] Leech Seed|[of] p1a: Ferrothorn\n|-heal|p1a: Ferrothorn|89\/100|[silent]\n|-heal|p2a: Gliscor|100\/100 tox|[from] ability: Poison Heal\n|upkeep\n|turn|26\n|\n|t:|1700371951\n|switch|p2a: Volcarona|Volcarona, F|100\/100\n|move|p1a: Ferrothorn|Gyro Ball|p2a: Volcarona\n|-resisted|p2a: Volcarona\n|-damage|p2a: Volcarona|61\/100\n|-status|p1a: Ferrothorn|brn|[from] ability: Flame Body|[of] p2a: Volcarona\n|\n|-heal|p1a: Ferrothorn|95\/100 brn|[from] item: Leftovers\n|-damage|p1a: Ferrothorn|89\/100 brn|[from] brn\n|upkeep\n|turn|27\n|\n|t:|1700371964\n|switch|p2a: Garganacl|Garganacl, M|100\/100\n|switch|p1a: Blob|Blissey, F, shiny|19\/100\n|\n|upkeep\n|turn|28\n|\n|t:|1700371970\n|move|p1a: Blob|Stealth Rock|p2a: Garganacl\n|-sidestart|p2: dsadfgasdad|move: Stealth Rock\n|move|p2a: Garganacl|Salt Cure|p1a: Blob\n|-damage|p1a: Blob|0 fnt\n|faint|p1a: Blob\n|\n|upkeep\n|\n|t:|1700371977\n|switch|p1a: Krakatoa|Heatran, M|100\/100\n|turn|29\n|\n|t:|1700371982\n|move|p1a: Krakatoa|Flash Cannon|p2a: Garganacl\n|-supereffective|p2a: Garganacl\n|-damage|p2a: Garganacl|47\/100\n|move|p2a: Garganacl|Salt Cure|p1a: Krakatoa\n|-damage|p1a: Krakatoa|87\/100\n|-start|p1a: Krakatoa|Salt Cure\n|\n|-heal|p2a: Garganacl|53\/100|[from] item: Leftovers\n|-damage|p1a: Krakatoa|62\/100|[from] Salt Cure\n|upkeep\n|turn|30\n|\n|t:|1700371985\n|move|p2a: Garganacl|Protect|p2a: Garganacl\n|-singleturn|p2a: Garganacl|Protect\n|move|p1a: Krakatoa|Flash Cannon|p2a: Garganacl\n|-activate|p2a: Garganacl|move: Protect\n|\n|-heal|p2a: Garganacl|59\/100|[from] item: Leftovers\n|-damage|p1a: Krakatoa|38\/100|[from] Salt Cure\n|upkeep\n|turn|31\n|c|\u2606I am a fat Mermaid|Garg stall is so cringe\n|-message|I am a fat Mermaid forfeited.\n|\n|win|dsadfgasdad\n|raw|I am a fat Mermaid's rating: 1369 &rarr; <strong>1352<\/strong><br \/>(-17 for losing)\n|raw|dsadfgasdad's rating: 1430 &rarr; <strong>1447<\/strong><br \/>(+17 for winning)\n|l|\u2606I am a fat Mermaid\n|c|\u2606dsadfgasdad|how is this stall\n|c|\u2606dsadfgasdad|i literally have 4 offensive mons\n|j| Ineros\n","uploadtime":1700372042,"views":17,"p1id":"iamafatmermaid","p2id":"dsadfgasdad","formatid":"gen9nationaldex","rating":1352,"private":0,"password":""}