{"id":"gen9nationaldex-1997763622","p1":"Starwarier","p2":"alooop4","format":"[Gen 9] National Dex","log":"|html|<div class=\"broadcast-blue\"><strong>[Gen 9] National Dex is currently suspecting Sneasler! For information on how to participate check out the <a href=\"https:\/\/www.smogon.com\/forums\/threads\/sv-national-dex-suspect-8-just-dance.3731534\/\">suspect thread<\/a>.<\/strong><\/div>\n|j|\u2606Starwarier\n|j|\u2606alooop4\n|t:|1700850096\n|gametype|singles\n|player|p1|Starwarier|102|1079\n|player|p2|alooop4|lucas|1022\n|teamsize|p1|6\n|teamsize|p2|6\n|gen|9\n|tier|[Gen 9] National Dex\n|rated|\n|rule|HP Percentage Mod: HP is shown in percentages\n|rule|Endless Battle Clause: Forcing endless battles is banned\n|rule|OHKO Clause: OHKO moves are banned\n|rule|Evasion Clause: Evasion abilities, items, and moves are banned\n|rule|Evasion Abilities Clause: Evasion abilities are banned\n|rule|Evasion Items Clause: Evasion items are banned\n|rule|Evasion Moves Clause: Evasion moves are banned\n|rule|Species Clause: Limit one of each Pok\u00e9mon\n|rule|Sleep Clause Mod: Limit one foe put to sleep\n|clearpoke\n|poke|p1|Pinsir, M|\n|poke|p1|Espeon, M|\n|poke|p1|Gyarados, F|\n|poke|p1|Serperior, M|\n|poke|p1|Gliscor, M|\n|poke|p1|Jolteon, M|\n|poke|p2|Alakazam, M|\n|poke|p2|Infernape, M|\n|poke|p2|Exploud, F|\n|poke|p2|Heracross, M|\n|poke|p2|Zapdos|\n|poke|p2|Gyarados, M|\n|teampreview\n|inactive|Battle timer is ON: inactive players will automatically lose when time's up. (requested by Starwarier)\n|\n|t:|1700850107\n|start\n|switch|p1a: Espeon|Espeon, M|100\/100\n|switch|p2a: Infernape|Infernape, M|100\/100\n|turn|1\n|\n|t:|1700850123\n|move|p1a: Espeon|Reflect|p1a: Espeon\n|-sidestart|p1: Starwarier|Reflect\n|move|p2a: Infernape|Nasty Plot|p2a: Infernape\n|-boost|p2a: Infernape|spa|2\n|\n|upkeep\n|turn|2\n|\n|t:|1700850136\n|move|p1a: Espeon|Psychic|p2a: Infernape\n|-supereffective|p2a: Infernape\n|-damage|p2a: Infernape|0 fnt\n|faint|p2a: Infernape\n|\n|upkeep\n|\n|t:|1700850151\n|switch|p2a: Gyarados|Gyarados, M|100\/100\n|turn|3\n|\n|t:|1700850155\n|-terastallize|p2a: Gyarados|Water\n|move|p1a: Espeon|Light Screen|p1a: Espeon\n|-sidestart|p1: Starwarier|move: Light Screen\n|move|p2a: Gyarados|Dragon Dance|p2a: Gyarados\n|-boost|p2a: Gyarados|atk|1\n|-boost|p2a: Gyarados|spe|1\n|\n|upkeep\n|turn|4\n|\n|t:|1700850179\n|move|p2a: Gyarados|Bounce||[still]\n|-prepare|p2a: Gyarados|Bounce\n|move|p1a: Espeon|Psychic|p2a: Gyarados|[miss]\n|-miss|p1a: Espeon|p2a: Gyarados\n|\n|upkeep\n|turn|5\n|\n|t:|1700850188\n|switch|p1a: Jolteon|Jolteon, M|100\/100\n|move|p2a: Gyarados|Bounce|p1a: Jolteon|[from]lockedmove|[miss]\n|-miss|p2a: Gyarados|p1a: Jolteon\n|\n|upkeep\n|turn|6\n|\n|t:|1700850197\n|move|p2a: Gyarados|Bounce||[still]\n|-prepare|p2a: Gyarados|Bounce\n|move|p1a: Jolteon|Thunderbolt|p2a: Gyarados|[miss]\n|-miss|p1a: Jolteon|p2a: Gyarados\n|\n|upkeep\n|turn|7\n|\n|t:|1700850203\n|move|p1a: Jolteon|Detect|p1a: Jolteon\n|-singleturn|p1a: Jolteon|Protect\n|move|p2a: Gyarados|Bounce|p1a: Jolteon|[from]lockedmove\n|-activate|p1a: Jolteon|move: Protect\n|\n|upkeep\n|turn|8\n|\n|t:|1700850209\n|move|p2a: Gyarados|Bounce||[still]\n|-prepare|p2a: Gyarados|Bounce\n|move|p1a: Jolteon|Thunderbolt|p2a: Gyarados|[miss]\n|-miss|p1a: Jolteon|p2a: Gyarados\n|\n|-sideend|p1: Starwarier|Reflect\n|upkeep\n|turn|9\n|\n|t:|1700850217\n|move|p2a: Gyarados|Bounce|p1a: Jolteon|[from]lockedmove\n|-resisted|p1a: Jolteon\n|-damage|p1a: Jolteon|44\/100\n|move|p1a: Jolteon|Thunderbolt|p2a: Gyarados\n|-supereffective|p2a: Gyarados\n|-damage|p2a: Gyarados|0 fnt\n|faint|p2a: Gyarados\n|\n|upkeep\n|\n|t:|1700850224\n|switch|p2a: Heracross|Heracross, M|100\/100\n|turn|10\n|\n|t:|1700850232\n|detailschange|p2a: Heracross|Heracross-Mega, M\n|-mega|p2a: Heracross|Heracross|Heracronite\n|move|p1a: Jolteon|Thunder Wave|p2a: Heracross\n|-status|p2a: Heracross|par\n|cant|p2a: Heracross|par\n|\n|-sideend|p1: Starwarier|move: Light Screen\n|upkeep\n|turn|11\n|\n|t:|1700850239\n|move|p1a: Jolteon|Thunderbolt|p2a: Heracross\n|-damage|p2a: Heracross|49\/100 par\n|move|p2a: Heracross|Stone Edge|p1a: Jolteon\n|-damage|p1a: Jolteon|0 fnt\n|faint|p1a: Jolteon\n|\n|upkeep\n|\n|t:|1700850254\n|switch|p1a: Espeon|Espeon, M|100\/100\n|turn|12\n|\n|t:|1700850257\n|move|p1a: Espeon|Reflect|p1a: Espeon\n|-sidestart|p1: Starwarier|Reflect\n|cant|p2a: Heracross|par\n|\n|upkeep\n|turn|13\n|\n|t:|1700850265\n|move|p1a: Espeon|Light Screen|p1a: Espeon\n|-sidestart|p1: Starwarier|move: Light Screen\n|cant|p2a: Heracross|par\n|\n|upkeep\n|turn|14\n|\n|t:|1700850269\n|move|p1a: Espeon|Psychic|p2a: Heracross\n|-supereffective|p2a: Heracross\n|-damage|p2a: Heracross|0 fnt\n|faint|p2a: Heracross\n|\n|upkeep\n|\n|t:|1700850275\n|switch|p2a: Exploud|Exploud, F|100\/100\n|turn|15\n|\n|t:|1700850278\n|move|p1a: Espeon|Psychic|p2a: Exploud\n|-damage|p2a: Exploud|37\/100\n|move|p2a: Exploud|Boomburst|p1a: Espeon\n|-damage|p1a: Espeon|48\/100\n|\n|upkeep\n|turn|16\n|\n|t:|1700850284\n|move|p1a: Espeon|Psychic|p2a: Exploud\n|-damage|p2a: Exploud|0 fnt\n|faint|p2a: Exploud\n|\n|upkeep\n|\n|t:|1700850289\n|switch|p2a: Alakazam|Alakazam, M|100\/100\n|turn|17\n|\n|t:|1700850294\n|move|p1a: Espeon|Shadow Ball|p2a: Alakazam\n|-supereffective|p2a: Alakazam\n|-damage|p2a: Alakazam|36\/100\n|move|p2a: Alakazam|Shadow Ball|p1a: Espeon\n|-supereffective|p1a: Espeon\n|-damage|p1a: Espeon|7\/100\n|\n|upkeep\n|turn|18\n|\n|t:|1700850302\n|move|p1a: Espeon|Shadow Ball|p2a: Alakazam\n|-supereffective|p2a: Alakazam\n|-damage|p2a: Alakazam|0 fnt\n|faint|p2a: Alakazam\n|\n|upkeep\n|\n|t:|1700850307\n|switch|p2a: Zapdos|Zapdos|100\/100\n|-ability|p2a: Zapdos|Pressure\n|turn|19\n|\n|t:|1700850311\n|move|p1a: Espeon|Psychic|p2a: Zapdos\n|-damage|p2a: Zapdos|44\/100\n|move|p2a: Zapdos|Thunderbolt|p1a: Espeon\n|-damage|p1a: Espeon|0 fnt\n|faint|p1a: Espeon\n|-damage|p2a: Zapdos|34\/100|[from] item: Life Orb\n|\n|-sideend|p1: Starwarier|Reflect\n|upkeep\n|\n|t:|1700850315\n|switch|p1a: Gliscor|Gliscor, M|100\/100\n|turn|20\n|-message|alooop4 forfeited.\n|\n|win|Starwarier\n|raw|Starwarier's rating: 1079 &rarr; <strong>1103<\/strong><br \/>(+24 for winning)\n|raw|alooop4's rating: 1022 &rarr; <strong>1011<\/strong><br \/>(-11 for losing)\n|l|\u2606alooop4\n","uploadtime":1700850320,"views":1,"p1id":"starwarier","p2id":"alooop4","formatid":"gen9nationaldex","rating":1011,"private":0,"password":""}