{"id":"gen9nationaldex-1992071348","p1":"Koolwraith","p2":"Gaddini","format":"[Gen 9] National Dex","log":"|j|\u2606Koolwraith\n|j|\u2606Gaddini\n|t:|1700152662\n|gametype|singles\n|player|p1|Koolwraith|karen|1215\n|player|p2|Gaddini|shadowtriad|1202\n|teamsize|p1|6\n|teamsize|p2|6\n|gen|9\n|tier|[Gen 9] National Dex\n|rated|\n|rule|HP Percentage Mod: HP is shown in percentages\n|rule|Endless Battle Clause: Forcing endless battles is banned\n|rule|OHKO Clause: OHKO moves are banned\n|rule|Evasion Clause: Evasion abilities, items, and moves are banned\n|rule|Evasion Abilities Clause: Evasion abilities are banned\n|rule|Evasion Items Clause: Evasion items are banned\n|rule|Evasion Moves Clause: Evasion moves are banned\n|rule|Species Clause: Limit one of each Pok\u00e9mon\n|rule|Sleep Clause Mod: Limit one foe put to sleep\n|clearpoke\n|poke|p1|Galvantula, F|\n|poke|p1|Breloom, F|\n|poke|p1|Swampert, F|\n|poke|p1|Togekiss, M|\n|poke|p1|Porygon2|\n|poke|p1|Mew|\n|poke|p2|Torkoal, F|\n|poke|p2|Ninetales, F|\n|poke|p2|Delphox, M|\n|poke|p2|Charizard, F|\n|poke|p2|Arcanine-Hisui, F|\n|poke|p2|Heatran, F|\n|teampreview\n|inactive|Battle timer is ON: inactive players will automatically lose when time's up. (requested by Gaddini)\n|\n|t:|1700152673\n|start\n|switch|p1a: Porygon2|Porygon2|100\/100\n|switch|p2a: Torkoal|Torkoal, F|100\/100\n|-weather|SunnyDay|[from] ability: Drought|[of] p2a: Torkoal\n|turn|1\n|\n|t:|1700152679\n|move|p1a: Porygon2|Tri Attack|p2a: Torkoal\n|-damage|p2a: Torkoal|51\/100\n|move|p2a: Torkoal|Toxic|p1a: Porygon2\n|-status|p1a: Porygon2|tox\n|\n|-weather|SunnyDay|[upkeep]\n|-damage|p1a: Porygon2|94\/100 tox|[from] psn\n|upkeep\n|turn|2\n|\n|t:|1700152686\n|switch|p2a: Heatran|Heatran, F|100\/100\n|-item|p2a: Heatran|Air Balloon\n|move|p1a: Porygon2|Tri Attack|p2a: Heatran\n|-resisted|p2a: Heatran\n|-damage|p2a: Heatran|83\/100\n|-enditem|p2a: Heatran|Air Balloon\n|\n|-weather|SunnyDay|[upkeep]\n|-damage|p1a: Porygon2|82\/100 tox|[from] psn\n|upkeep\n|turn|3\n|\n|t:|1700152696\n|move|p2a: Heatran|Magma Storm|p1a: Porygon2\n|-damage|p1a: Porygon2|34\/100 tox\n|-activate|p1a: Porygon2|move: Magma Storm|[of] p2a: Heatran\n|move|p1a: Porygon2|Tri Attack|p2a: Heatran\n|-resisted|p2a: Heatran\n|-damage|p2a: Heatran|63\/100\n|\n|-weather|SunnyDay|[upkeep]\n|-damage|p1a: Porygon2|15\/100 tox|[from] psn\n|-damage|p1a: Porygon2|3\/100 tox|[from] move: Magma Storm|[partiallytrapped]\n|upkeep\n|turn|4\n|\n|t:|1700152708\n|move|p2a: Heatran|Dark Pulse|p1a: Porygon2\n|-damage|p1a: Porygon2|0 fnt\n|faint|p1a: Porygon2\n|\n|-weather|SunnyDay|[upkeep]\n|upkeep\n|\n|t:|1700152723\n|switch|p1a: Breloom|Breloom, F|100\/100\n|turn|5\n|\n|t:|1700152729\n|-terastallize|p2a: Heatran|Flying\n|move|p1a: Breloom|Mach Punch|p2a: Heatran\n|-resisted|p2a: Heatran\n|-damage|p2a: Heatran|42\/100\n|-damage|p1a: Breloom|91\/100|[from] item: Life Orb\n|move|p2a: Heatran|Magma Storm|p1a: Breloom|[miss]\n|-miss|p2a: Heatran|p1a: Breloom\n|\n|-weather|SunnyDay|[upkeep]\n|upkeep\n|turn|6\n|\n|t:|1700152739\n|move|p1a: Breloom|Rock Tomb|p2a: Heatran\n|-supereffective|p2a: Heatran\n|-damage|p2a: Heatran|0 fnt\n|faint|p2a: Heatran\n|-damage|p1a: Breloom|81\/100|[from] item: Life Orb\n|\n|-weather|SunnyDay|[upkeep]\n|upkeep\n|\n|t:|1700152745\n|switch|p2a: Torkoal|Torkoal, F|51\/100\n|turn|7\n|\n|t:|1700152748\n|move|p1a: Breloom|Spore|p2a: Torkoal\n|-status|p2a: Torkoal|slp|[from] move: Spore\n|cant|p2a: Torkoal|slp\n|\n|-weather|SunnyDay|[upkeep]\n|upkeep\n|turn|8\n|\n|t:|1700152754\n|move|p1a: Breloom|Rock Tomb|p2a: Torkoal\n|-supereffective|p2a: Torkoal\n|-damage|p2a: Torkoal|3\/100 slp\n|-unboost|p2a: Torkoal|spe|1\n|-damage|p1a: Breloom|71\/100|[from] item: Life Orb\n|cant|p2a: Torkoal|slp\n|\n|-weather|none\n|upkeep\n|turn|9\n|\n|t:|1700152765\n|move|p1a: Breloom|Rock Tomb|p2a: Torkoal\n|-supereffective|p2a: Torkoal\n|-damage|p2a: Torkoal|0 fnt\n|faint|p2a: Torkoal\n|-damage|p1a: Breloom|61\/100|[from] item: Life Orb\n|\n|upkeep\n|\n|t:|1700152771\n|switch|p2a: Delphox|Delphox, M|100\/100\n|turn|10\n|\n|t:|1700152777\n|switch|p1a: Togekiss|Togekiss, M|100\/100\n|move|p2a: Delphox|Psychic|p1a: Togekiss\n|-damage|p1a: Togekiss|64\/100\n|\n|-heal|p1a: Togekiss|70\/100|[from] item: Leftovers\n|upkeep\n|turn|11\n|\n|t:|1700152784\n|-zpower|p2a: Delphox\n|move|p2a: Delphox|Shattered Psyche|p1a: Togekiss|[zeffect]\n|-damage|p1a: Togekiss|6\/100\n|move|p1a: Togekiss|Thunder Wave|p2a: Delphox\n|-status|p2a: Delphox|par\n|\n|-heal|p1a: Togekiss|12\/100|[from] item: Leftovers\n|upkeep\n|turn|12\n|\n|t:|1700152793\n|move|p1a: Togekiss|Roost|p1a: Togekiss\n|-heal|p1a: Togekiss|62\/100\n|-singleturn|p1a: Togekiss|move: Roost\n|cant|p2a: Delphox|par\n|\n|-heal|p1a: Togekiss|68\/100|[from] item: Leftovers\n|upkeep\n|turn|13\n|\n|t:|1700152801\n|switch|p2a: Ninetales|Ninetales, F|100\/100\n|-weather|SunnyDay|[from] ability: Drought|[of] p2a: Ninetales\n|move|p1a: Togekiss|Air Slash|p2a: Ninetales\n|-damage|p2a: Ninetales|68\/100\n|\n|-weather|SunnyDay|[upkeep]\n|-heal|p1a: Togekiss|75\/100|[from] item: Leftovers\n|upkeep\n|turn|14\n|\n|t:|1700152809\n|move|p2a: Ninetales|Flamethrower|p1a: Togekiss\n|-damage|p1a: Togekiss|36\/100\n|-status|p1a: Togekiss|brn\n|move|p1a: Togekiss|Thunder Wave|p2a: Ninetales\n|-status|p2a: Ninetales|par\n|\n|-weather|SunnyDay|[upkeep]\n|-heal|p1a: Togekiss|42\/100 brn|[from] item: Leftovers\n|-damage|p1a: Togekiss|36\/100 brn|[from] brn\n|upkeep\n|turn|15\n|\n|t:|1700152819\n|move|p1a: Togekiss|Roost|p1a: Togekiss\n|-heal|p1a: Togekiss|86\/100 brn\n|-singleturn|p1a: Togekiss|move: Roost\n|cant|p2a: Ninetales|par\n|\n|-weather|SunnyDay|[upkeep]\n|-heal|p1a: Togekiss|92\/100 brn|[from] item: Leftovers\n|-damage|p1a: Togekiss|86\/100 brn|[from] brn\n|upkeep\n|turn|16\n|\n|t:|1700152827\n|move|p1a: Togekiss|Ancient Power|p2a: Ninetales\n|-supereffective|p2a: Ninetales\n|-crit|p2a: Ninetales\n|-damage|p2a: Ninetales|13\/100 par\n|move|p2a: Ninetales|Flamethrower|p1a: Togekiss\n|-damage|p1a: Togekiss|46\/100 brn\n|\n|-weather|SunnyDay|[upkeep]\n|-heal|p1a: Togekiss|52\/100 brn|[from] item: Leftovers\n|-damage|p1a: Togekiss|46\/100 brn|[from] brn\n|upkeep\n|turn|17\n|\n|t:|1700152838\n|switch|p2a: Arcanine|Arcanine-Hisui, F, shiny|100\/100\n|move|p1a: Togekiss|Roost|p1a: Togekiss\n|-heal|p1a: Togekiss|96\/100 brn\n|-singleturn|p1a: Togekiss|move: Roost\n|\n|-weather|none\n|-heal|p1a: Togekiss|100\/100 brn|[from] item: Leftovers\n|-damage|p1a: Togekiss|94\/100 brn|[from] brn\n|upkeep\n|turn|18\n|\n|t:|1700152847\n|move|p2a: Arcanine|Head Smash|p1a: Togekiss\n|-supereffective|p1a: Togekiss\n|-damage|p1a: Togekiss|0 fnt\n|faint|p1a: Togekiss\n|\n|upkeep\n|\n|t:|1700152860\n|switch|p1a: Galvantula|Galvantula, F|100\/100\n|turn|19\n|\n|t:|1700152863\n|move|p2a: Arcanine|Head Smash|p1a: Galvantula|[miss]\n|-miss|p2a: Arcanine|p1a: Galvantula\n|move|p1a: Galvantula|Thunder|p2a: Arcanine\n|-damage|p2a: Arcanine|47\/100\n|\n|upkeep\n|turn|20\n|\n|t:|1700152869\n|move|p2a: Arcanine|Head Smash|p1a: Galvantula\n|-supereffective|p1a: Galvantula\n|-enditem|p1a: Galvantula|Focus Sash\n|-damage|p1a: Galvantula|1\/100\n|move|p1a: Galvantula|Thunder|p2a: Arcanine\n|-damage|p2a: Arcanine|0 fnt\n|faint|p2a: Arcanine\n|\n|upkeep\n|\n|t:|1700152879\n|switch|p2a: Charizard|Charizard, F, shiny|100\/100\n|turn|21\n|\n|t:|1700152882\n|detailschange|p2a: Charizard|Charizard-Mega-X, F, shiny\n|-mega|p2a: Charizard|Charizard|Charizardite X\n|move|p1a: Galvantula|Thunder|p2a: Charizard\n|-resisted|p2a: Charizard\n|-damage|p2a: Charizard|72\/100\n|-status|p2a: Charizard|par\n|cant|p2a: Charizard|par\n|\n|upkeep\n|turn|22\n|c|\u2606Gaddini|WTFFFF\n|\n|t:|1700152893\n|move|p1a: Galvantula|Sticky Web|p2a: Charizard\n|-sidestart|p2: Gaddini|move: Sticky Web\n|cant|p2a: Charizard|par\n|\n|upkeep\n|turn|23\n|c|\u2606Gaddini|CAN I PLAY\n|\n|t:|1700152900\n|move|p1a: Galvantula|Thunder|p2a: Charizard\n|-resisted|p2a: Charizard\n|-damage|p2a: Charizard|44\/100 par\n|move|p2a: Charizard|Dragon Dance|p2a: Charizard\n|-boost|p2a: Charizard|atk|1\n|-boost|p2a: Charizard|spe|1\n|\n|upkeep\n|turn|24\n|\n|t:|1700152907\n|move|p1a: Galvantula|Thunder|p2a: Charizard\n|-resisted|p2a: Charizard\n|-crit|p2a: Charizard\n|-damage|p2a: Charizard|0 fnt\n|faint|p2a: Charizard\n|\n|upkeep\n|\n|t:|1700152913\n|switch|p2a: Ninetales|Ninetales, F|13\/100 par\n|-activate|p2a: Ninetales|move: Sticky Web\n|-unboost|p2a: Ninetales|spe|1\n|-weather|SunnyDay|[from] ability: Drought|[of] p2a: Ninetales\n|turn|25\n|\n|t:|1700152918\n|move|p1a: Galvantula|Thunder|p2a: Ninetales\n|-damage|p2a: Ninetales|0 fnt\n|faint|p2a: Ninetales\n|\n|-weather|SunnyDay|[upkeep]\n|upkeep\n|\n|t:|1700152922\n|switch|p2a: Delphox|Delphox, M|100\/100 par\n|-activate|p2a: Delphox|move: Sticky Web\n|-unboost|p2a: Delphox|spe|1\n|turn|26\n|\n|t:|1700152929\n|move|p1a: Galvantula|Thunder|p2a: Delphox\n|-damage|p2a: Delphox|41\/100 par\n|move|p2a: Delphox|Flamethrower|p1a: Galvantula\n|-supereffective|p1a: Galvantula\n|-damage|p1a: Galvantula|0 fnt\n|faint|p1a: Galvantula\n|\n|-weather|SunnyDay|[upkeep]\n|upkeep\n|c|\u2606Gaddini|youre so lucky\n|c|\u2606Gaddini|ggs\n|\n|t:|1700152939\n|switch|p1a: Breloom|Breloom, F|61\/100\n|turn|27\n|\n|t:|1700152942\n|move|p1a: Breloom|Rock Tomb|p2a: Delphox\n|-supereffective|p2a: Delphox\n|-damage|p2a: Delphox|0 fnt\n|faint|p2a: Delphox\n|-damage|p1a: Breloom|51\/100|[from] item: Life Orb\n|\n|win|Koolwraith\n|raw|Koolwraith's rating: 1215 &rarr; <strong>1239<\/strong><br \/>(+24 for winning)\n|raw|Gaddini's rating: 1202 &rarr; <strong>1178<\/strong><br \/>(-24 for losing)\n|l|\u2606Gaddini\n","uploadtime":1700152955,"views":5,"p1id":"koolwraith","p2id":"gaddini","formatid":"gen9nationaldex","rating":1178,"private":0,"password":""}