{"id":"gen9nationaldex-1993281582","p1":"Vekotj","p2":"gock glocker","format":"[Gen 9] National Dex","log":"|j|\u2606Vekotj\n|j|\u2606gock glocker\n|t:|1700289634\n|gametype|singles\n|player|p1|Vekotj|ghetsis-gen5bw|1418\n|player|p2|gock glocker|acerola-masters|1507\n|teamsize|p1|6\n|teamsize|p2|6\n|gen|9\n|tier|[Gen 9] National Dex\n|rated|\n|rule|HP Percentage Mod: HP is shown in percentages\n|rule|Endless Battle Clause: Forcing endless battles is banned\n|rule|OHKO Clause: OHKO moves are banned\n|rule|Evasion Clause: Evasion abilities, items, and moves are banned\n|rule|Evasion Abilities Clause: Evasion abilities are banned\n|rule|Evasion Items Clause: Evasion items are banned\n|rule|Evasion Moves Clause: Evasion moves are banned\n|rule|Species Clause: Limit one of each Pok\u00e9mon\n|rule|Sleep Clause Mod: Limit one foe put to sleep\n|clearpoke\n|poke|p1|Celesteela|\n|poke|p1|Urshifu-*, F|\n|poke|p1|Kartana|\n|poke|p1|Xurkitree|\n|poke|p1|Kommo-o, M|\n|poke|p1|Sharpedo, M|\n|poke|p2|Gallade, M|\n|poke|p2|Great Tusk|\n|poke|p2|Tinkaton, F|\n|poke|p2|Muk-Alola, F|\n|poke|p2|Samurott-Hisui, F|\n|poke|p2|Iron Valiant|\n|teampreview\n|inactive|Battle timer is ON: inactive players will automatically lose when time's up. (requested by gock glocker)\n|inactive|Vekotj also wants the timer to be on.\n|inactive|gock glocker has 120 seconds left.\n|\n|t:|1700289681\n|start\n|switch|p1a: Celesteela|Celesteela, shiny|100\/100\n|switch|p2a: Tinkaton|Tinkaton, F|100\/100\n|-item|p2a: Tinkaton|Air Balloon\n|turn|1\n|\n|t:|1700289689\n|move|p2a: Tinkaton|Stealth Rock|p1a: Celesteela\n|-sidestart|p1: Vekotj|move: Stealth Rock\n|move|p1a: Celesteela|Autotomize|p1a: Celesteela\n|-boost|p1a: Celesteela|spe|2\n|-start|p1a: Celesteela|Autotomize\n|\n|upkeep\n|turn|2\n|\n|t:|1700289696\n|move|p1a: Celesteela|Flamethrower|p2a: Tinkaton\n|-supereffective|p2a: Tinkaton\n|-damage|p2a: Tinkaton|45\/100\n|-enditem|p2a: Tinkaton|Air Balloon\n|move|p2a: Tinkaton|Encore|p1a: Celesteela\n|-start|p1a: Celesteela|Encore\n|\n|upkeep\n|turn|3\n|\n|t:|1700289704\n|switch|p2a: Samurott|Samurott-Hisui, F|100\/100\n|move|p1a: Celesteela|Flamethrower|p2a: Samurott\n|-resisted|p2a: Samurott\n|-damage|p2a: Samurott|78\/100\n|\n|upkeep\n|turn|4\n|\n|t:|1700289710\n|move|p2a: Samurott|Ceaseless Edge|p1a: Celesteela|[miss]\n|-miss|p2a: Samurott|p1a: Celesteela\n|move|p1a: Celesteela|Flamethrower|p2a: Samurott\n|-resisted|p2a: Samurott\n|-damage|p2a: Samurott|56\/100\n|\n|upkeep\n|turn|5\n|\n|t:|1700289716\n|move|p2a: Samurott|Ceaseless Edge|p1a: Celesteela|[miss]\n|-miss|p2a: Samurott|p1a: Celesteela\n|move|p1a: Celesteela|Flamethrower|p2a: Samurott\n|-resisted|p2a: Samurott\n|-damage|p2a: Samurott|32\/100\n|\n|-end|p1a: Celesteela|Encore\n|upkeep\n|turn|6\n|\n|t:|1700289724\n|move|p2a: Samurott|Ceaseless Edge|p1a: Celesteela|[miss]\n|-miss|p2a: Samurott|p1a: Celesteela\n|move|p1a: Celesteela|Giga Drain|p2a: Samurott\n|-supereffective|p2a: Samurott\n|-damage|p2a: Samurott|0 fnt\n|faint|p2a: Samurott\n|-ability|p1a: Celesteela|Beast Boost|boost\n|-boost|p1a: Celesteela|spa|1\n|\n|upkeep\n|c|\u2606gock glocker|3 for 3 im ready\n|c|\u2606gock glocker|KING\n|c|\u2606gock glocker|you got this\n|c|\u2606Vekotj|lol\n|c|\u2606gock glocker|now you have air slash right\n|\n|t:|1700289751\n|switch|p2a: Iron Valiant|Iron Valiant|100\/100\n|-enditem|p2a: Iron Valiant|Booster Energy\n|-activate|p2a: Iron Valiant|ability: Quark Drive|[fromitem]\n|-start|p2a: Iron Valiant|quarkdrivespe\n|turn|7\n|\n|t:|1700289759\n|-terastallize|p1a: Celesteela|Fire\n|move|p2a: Iron Valiant|Thunderbolt|p1a: Celesteela\n|-damage|p1a: Celesteela|75\/100\n|move|p1a: Celesteela|Flamethrower|p2a: Iron Valiant\n|-damage|p2a: Iron Valiant|0 fnt\n|faint|p2a: Iron Valiant\n|-end|p2a: Iron Valiant|Quark Drive|[silent]\n|-ability|p1a: Celesteela|Beast Boost|boost\n|-boost|p1a: Celesteela|spa|1\n|\n|-heal|p1a: Celesteela|81\/100|[from] item: Leftovers\n|upkeep\n|c|\u2606gock glocker|thats far worse\n|\n|t:|1700289778\n|switch|p2a: Muk|Muk-Alola, F|100\/100\n|turn|8\n|\n|t:|1700289782\n|move|p1a: Celesteela|Flamethrower|p2a: Muk\n|-damage|p2a: Muk|61\/100\n|move|p2a: Muk|Knock Off|p1a: Celesteela\n|-damage|p1a: Celesteela|52\/100\n|-enditem|p1a: Celesteela|Leftovers|[from] move: Knock Off|[of] p2a: Muk\n|\n|upkeep\n|turn|9\n|\n|t:|1700289788\n|move|p1a: Celesteela|Flamethrower|p2a: Muk\n|-damage|p2a: Muk|25\/100\n|move|p2a: Muk|Rock Slide|p1a: Celesteela\n|-supereffective|p1a: Celesteela\n|-damage|p1a: Celesteela|18\/100\n|\n|upkeep\n|turn|10\n|\n|t:|1700289794\n|move|p1a: Celesteela|Flamethrower|p2a: Muk\n|-damage|p2a: Muk|0 fnt\n|faint|p2a: Muk\n|-ability|p1a: Celesteela|Beast Boost|boost\n|-boost|p1a: Celesteela|spa|1\n|\n|upkeep\n|\n|t:|1700289805\n|switch|p2a: Gallade|Gallade, M|100\/100\n|turn|11\n|\n|t:|1700289811\n|detailschange|p2a: Gallade|Gallade-Mega, M\n|-mega|p2a: Gallade|Gallade|Galladite\n|move|p2a: Gallade|Knock Off|p1a: Celesteela\n|-damage|p1a: Celesteela|0 fnt\n|faint|p1a: Celesteela\n|\n|upkeep\n|\n|t:|1700289816\n|switch|p1a: Kommo-o|Kommo-o, M, shiny|100\/100\n|-damage|p1a: Kommo-o|94\/100|[from] Stealth Rock\n|turn|12\n|\n|t:|1700289821\n|switch|p2a: Tinkaton|Tinkaton, F|45\/100\n|-zpower|p1a: Kommo-o\n|move|p1a: Kommo-o|Clangorous Soulblaze|p2a: Tinkaton|[zeffect]\n|-immune|p2a: Tinkaton\n|\n|upkeep\n|turn|13\n|\n|t:|1700289827\n|move|p2a: Tinkaton|Thunder Wave|p1a: Kommo-o\n|-status|p1a: Kommo-o|par\n|move|p1a: Kommo-o|Aura Sphere|p2a: Tinkaton\n|-damage|p2a: Tinkaton|15\/100\n|\n|upkeep\n|turn|14\n|\n|t:|1700289834\n|switch|p1a: Kartana|Kartana, shiny|100\/100\n|-damage|p1a: Kartana|94\/100|[from] Stealth Rock\n|move|p2a: Tinkaton|Encore||[still]\n|-fail|p2a: Tinkaton\n|\n|upkeep\n|turn|15\n|\n|t:|1700289845\n|move|p1a: Kartana|Leaf Blade|p2a: Tinkaton\n|-resisted|p2a: Tinkaton\n|-damage|p2a: Tinkaton|0 fnt\n|faint|p2a: Tinkaton\n|-ability|p1a: Kartana|Beast Boost|boost\n|-boost|p1a: Kartana|atk|1\n|\n|upkeep\n|\n|t:|1700289851\n|switch|p2a: Great Tusk|Great Tusk|100\/100\n|-enditem|p2a: Great Tusk|Booster Energy\n|-activate|p2a: Great Tusk|ability: Protosynthesis|[fromitem]\n|-start|p2a: Great Tusk|protosynthesisatk\n|turn|16\n|\n|t:|1700289857\n|-terastallize|p2a: Great Tusk|Ice\n|move|p1a: Kartana|Leaf Blade|p2a: Great Tusk\n|-damage|p2a: Great Tusk|19\/100\n|move|p2a: Great Tusk|Bulk Up|p2a: Great Tusk\n|-boost|p2a: Great Tusk|atk|1\n|-boost|p2a: Great Tusk|def|1\n|\n|upkeep\n|turn|17\n|c|\u2606gock glocker|i see\n|inactive|gock glocker has 120 seconds left.\n|\n|t:|1700289908\n|move|p1a: Kartana|Leaf Blade|p2a: Great Tusk\n|-damage|p2a: Great Tusk|0 fnt\n|faint|p2a: Great Tusk\n|-end|p2a: Great Tusk|Protosynthesis|[silent]\n|-ability|p1a: Kartana|Beast Boost|boost\n|-boost|p1a: Kartana|atk|1\n|\n|upkeep\n|\n|t:|1700289921\n|switch|p2a: Gallade|Gallade-Mega, M|100\/100\n|turn|18\n|\n|t:|1700289933\n|move|p2a: Gallade|Knock Off|p1a: Kartana\n|-damage|p1a: Kartana|54\/100\n|-enditem|p1a: Kartana|Choice Band|[from] move: Knock Off|[of] p2a: Gallade\n|move|p1a: Kartana|Leaf Blade|p2a: Gallade\n|-damage|p2a: Gallade|0 fnt\n|faint|p2a: Gallade\n|\n|win|Vekotj\n|raw|Vekotj's rating: 1418 &rarr; <strong>1443<\/strong><br \/>(+25 for winning)\n|raw|gock glocker's rating: 1507 &rarr; <strong>1482<\/strong><br \/>(-25 for losing)\n","uploadtime":1700289944,"views":15,"p1id":"vekotj","p2id":"gockglocker","formatid":"gen9nationaldex","rating":1443,"private":0,"password":""}