{"id":"gen9nationaldex-1995385098","p1":"shfeha","p2":"itay80771","format":"[Gen 9] National Dex","log":"|html|<div class=\"broadcast-blue\"><strong>[Gen 9] National Dex is currently suspecting Sneasler! For information on how to participate check out the <a href=\"https:\/\/www.smogon.com\/forums\/threads\/sv-national-dex-suspect-8-just-dance.3731534\/\">suspect thread<\/a>.<\/strong><\/div>\n|j|\u2606shfeha\n|j|\u2606itay80771\n|t:|1700563558\n|gametype|singles\n|player|p1|shfeha|cyclist|1186\n|player|p2|itay80771|266|1179\n|teamsize|p1|6\n|teamsize|p2|6\n|gen|9\n|tier|[Gen 9] National Dex\n|rated|\n|rule|HP Percentage Mod: HP is shown in percentages\n|rule|Endless Battle Clause: Forcing endless battles is banned\n|rule|OHKO Clause: OHKO moves are banned\n|rule|Evasion Clause: Evasion abilities, items, and moves are banned\n|rule|Evasion Abilities Clause: Evasion abilities are banned\n|rule|Evasion Items Clause: Evasion items are banned\n|rule|Evasion Moves Clause: Evasion moves are banned\n|rule|Species Clause: Limit one of each Pok\u00e9mon\n|rule|Sleep Clause Mod: Limit one foe put to sleep\n|clearpoke\n|poke|p1|Bisharp, F|\n|poke|p1|Tornadus-Therian, M|\n|poke|p1|Medicham, M|\n|poke|p1|Great Tusk|\n|poke|p1|Rillaboom, M|\n|poke|p1|Cinderace, M|\n|poke|p2|Landorus-Therian, M|\n|poke|p2|Clodsire, M|\n|poke|p2|Excadrill, F|\n|poke|p2|Hippowdon, M|\n|poke|p2|Garchomp, F|\n|poke|p2|Torterra, F|\n|teampreview\n|inactive|Battle timer is ON: inactive players will automatically lose when time's up. (requested by itay80771)\n|inactive|shfeha also wants the timer to be on.\n|\n|t:|1700563571\n|start\n|switch|p1a: Great Tusk|Great Tusk|100\/100\n|switch|p2a: Broccoli|Torterra, F|100\/100\n|turn|1\n|\n|t:|1700563587\n|-terastallize|p2a: Broccoli|Water\n|move|p1a: Great Tusk|Stealth Rock|p2a: Broccoli\n|-sidestart|p2: itay80771|move: Stealth Rock\n|move|p2a: Broccoli|Shell Smash|p2a: Broccoli\n|-unboost|p2a: Broccoli|def|1\n|-unboost|p2a: Broccoli|spd|1\n|-boost|p2a: Broccoli|atk|2\n|-boost|p2a: Broccoli|spa|2\n|-boost|p2a: Broccoli|spe|2\n|\n|upkeep\n|turn|2\n|\n|t:|1700563596\n|move|p2a: Broccoli|Bullet Seed|p1a: Great Tusk\n|-supereffective|p1a: Great Tusk\n|-crit|p1a: Great Tusk\n|-damage|p1a: Great Tusk|46\/100\n|-supereffective|p1a: Great Tusk\n|-damage|p1a: Great Tusk|13\/100\n|-supereffective|p1a: Great Tusk\n|-damage|p1a: Great Tusk|0 fnt\n|faint|p1a: Great Tusk\n|-end|p1a: Great Tusk|Protosynthesis|[silent]\n|-hitcount|p1: Great Tusk|3\n|\n|upkeep\n|\n|t:|1700563605\n|switch|p1a: Medicham|Medicham, M|100\/100\n|turn|3\n|\n|t:|1700563609\n|detailschange|p1a: Medicham|Medicham-Mega, M\n|-mega|p1a: Medicham|Medicham|Medichamite\n|move|p1a: Medicham|Fake Out|p2a: Broccoli\n|-damage|p2a: Broccoli|69\/100\n|cant|p2a: Broccoli|flinch\n|\n|upkeep\n|turn|4\n|\n|t:|1700563617\n|switch|p1a: Tornadus|Tornadus-Therian, M|100\/100\n|move|p2a: Broccoli|Bullet Seed|p1a: Tornadus\n|-resisted|p1a: Tornadus\n|-crit|p1a: Tornadus\n|-damage|p1a: Tornadus|76\/100\n|-resisted|p1a: Tornadus\n|-damage|p1a: Tornadus|60\/100\n|-resisted|p1a: Tornadus\n|-crit|p1a: Tornadus\n|-damage|p1a: Tornadus|37\/100\n|-resisted|p1a: Tornadus\n|-damage|p1a: Tornadus|20\/100\n|-resisted|p1a: Tornadus\n|-damage|p1a: Tornadus|3\/100\n|-hitcount|p1a: Tornadus|5\n|-enditem|p1a: Tornadus|Eject Button\n|\n|t:|1700563625\n|switch|p1a: Bisharp|Bisharp, F, shiny|100\/100\n|\n|upkeep\n|turn|5\n|\n|t:|1700563633\n|move|p1a: Bisharp|Sucker Punch|p2a: Broccoli\n|-damage|p2a: Broccoli|0 fnt\n|faint|p2a: Broccoli\n|\n|upkeep\n|\n|t:|1700563641\n|switch|p2a: Behemoth|Landorus-Therian, M, shiny|100\/100\n|-damage|p2a: Behemoth|88\/100|[from] Stealth Rock\n|-ability|p2a: Behemoth|Intimidate|boost\n|-unboost|p1a: Bisharp|atk|1\n|-ability|p1a: Bisharp|Defiant|boost\n|-boost|p1a: Bisharp|atk|2\n|turn|6\n|\n|t:|1700563645\n|move|p2a: Behemoth|Knock Off|p1a: Bisharp\n|-resisted|p1a: Bisharp\n|-damage|p1a: Bisharp|77\/100\n|-enditem|p1a: Bisharp|Black Glasses|[from] move: Knock Off|[of] p2a: Behemoth\n|-damage|p2a: Behemoth|78\/100|[from] item: Life Orb\n|move|p1a: Bisharp|Knock Off|p2a: Behemoth\n|-damage|p2a: Behemoth|0 fnt\n|-enditem|p2a: Behemoth|Life Orb|[from] move: Knock Off|[of] p1a: Bisharp\n|faint|p2a: Behemoth\n|\n|upkeep\n|\n|t:|1700563655\n|switch|p2a: Happy Hippo|Hippowdon, M|100\/100\n|-damage|p2a: Happy Hippo|94\/100|[from] Stealth Rock\n|-weather|Sandstorm|[from] ability: Sand Stream|[of] p2a: Happy Hippo\n|turn|7\n|\n|t:|1700563660\n|move|p1a: Bisharp|Knock Off|p2a: Happy Hippo\n|-damage|p2a: Happy Hippo|37\/100\n|-enditem|p2a: Happy Hippo|Smooth Rock|[from] move: Knock Off|[of] p1a: Bisharp\n|move|p2a: Happy Hippo|Curse|p2a: Happy Hippo\n|-unboost|p2a: Happy Hippo|spe|1\n|-boost|p2a: Happy Hippo|atk|1\n|-boost|p2a: Happy Hippo|def|1\n|\n|-weather|Sandstorm|[upkeep]\n|upkeep\n|turn|8\n|\n|t:|1700563665\n|move|p1a: Bisharp|Knock Off|p2a: Happy Hippo\n|-damage|p2a: Happy Hippo|12\/100\n|move|p2a: Happy Hippo|Slack Off|p2a: Happy Hippo\n|-heal|p2a: Happy Hippo|62\/100\n|\n|-weather|Sandstorm|[upkeep]\n|upkeep\n|turn|9\n|\n|t:|1700563671\n|move|p1a: Bisharp|Swords Dance|p1a: Bisharp\n|-boost|p1a: Bisharp|atk|2\n|move|p2a: Happy Hippo|Slack Off|p2a: Happy Hippo\n|-heal|p2a: Happy Hippo|100\/100\n|\n|-weather|Sandstorm|[upkeep]\n|upkeep\n|turn|10\n|\n|t:|1700563678\n|move|p1a: Bisharp|Knock Off|p2a: Happy Hippo\n|-damage|p2a: Happy Hippo|60\/100\n|move|p2a: Happy Hippo|Body Press|p1a: Bisharp\n|-supereffective|p1a: Bisharp\n|-damage|p1a: Bisharp|0 fnt\n|faint|p1a: Bisharp\n|\n|-weather|Sandstorm|[upkeep]\n|upkeep\n|\n|t:|1700563688\n|switch|p1a: Rillaboom|Rillaboom, M, shiny|100\/100\n|-fieldstart|move: Grassy Terrain|[from] ability: Grassy Surge|[of] p1a: Rillaboom\n|turn|11\n|\n|t:|1700563693\n|move|p1a: Rillaboom|Wood Hammer|p2a: Happy Hippo\n|-supereffective|p2a: Happy Hippo\n|-damage|p2a: Happy Hippo|0 fnt\n|faint|p2a: Happy Hippo\n|-damage|p1a: Rillaboom|76\/100|[from] Recoil\n|\n|-weather|Sandstorm|[upkeep]\n|-damage|p1a: Rillaboom|70\/100|[from] Sandstorm\n|-heal|p1a: Rillaboom|76\/100|[from] Grassy Terrain\n|upkeep\n|\n|t:|1700563697\n|switch|p2a: Madara|Garchomp, F|100\/100\n|-damage|p2a: Madara|94\/100|[from] Stealth Rock\n|turn|12\n|\n|t:|1700563703\n|detailschange|p2a: Madara|Garchomp-Mega, F\n|-mega|p2a: Madara|Garchomp|Garchompite\n|move|p1a: Rillaboom|Grassy Glide|p2a: Madara\n|-damage|p2a: Madara|61\/100\n|move|p2a: Madara|Scale Shot|p1a: Rillaboom\n|-damage|p1a: Rillaboom|58\/100\n|-damage|p1a: Rillaboom|39\/100\n|-damage|p1a: Rillaboom|19\/100\n|-damage|p1a: Rillaboom|0 fnt\n|faint|p1a: Rillaboom\n|-hitcount|p1: Rillaboom|4\n|-unboost|p2a: Madara|def|1\n|-boost|p2a: Madara|spe|1\n|\n|-weather|Sandstorm|[upkeep]\n|-heal|p2a: Madara|68\/100|[from] Grassy Terrain\n|upkeep\n|\n|t:|1700563716\n|switch|p1a: Medicham|Medicham-Mega, M|100\/100\n|turn|13\n|\n|t:|1700563726\n|move|p1a: Medicham|Fake Out|p2a: Madara\n|-damage|p2a: Madara|40\/100\n|cant|p2a: Madara|flinch\n|\n|-weather|Sandstorm|[upkeep]\n|-damage|p1a: Medicham|94\/100|[from] Sandstorm\n|-heal|p2a: Madara|47\/100|[from] Grassy Terrain\n|-heal|p1a: Medicham|100\/100|[from] Grassy Terrain\n|upkeep\n|turn|14\n|\n|t:|1700563735\n|switch|p1a: Tornadus|Tornadus-Therian, M|36\/100\n|move|p2a: Madara|Scale Shot|p1a: Tornadus\n|-crit|p1a: Tornadus\n|-damage|p1a: Tornadus|1\/100\n|-damage|p1a: Tornadus|0 fnt\n|faint|p1a: Tornadus\n|-hitcount|p1: Tornadus|2\n|-unboost|p2a: Madara|def|1\n|-boost|p2a: Madara|spe|1\n|\n|-weather|none\n|-heal|p2a: Madara|53\/100|[from] Grassy Terrain\n|upkeep\n|\n|t:|1700563740\n|switch|p1a: Medicham|Medicham-Mega, M|100\/100\n|turn|15\n|\n|t:|1700563744\n|move|p1a: Medicham|Fake Out|p2a: Madara\n|-damage|p2a: Madara|12\/100\n|cant|p2a: Madara|flinch\n|\n|-heal|p2a: Madara|18\/100|[from] Grassy Terrain\n|-fieldend|move: Grassy Terrain\n|upkeep\n|turn|16\n|\n|t:|1700563748\n|move|p1a: Medicham|Bullet Punch|p2a: Madara\n|-damage|p2a: Madara|0 fnt\n|faint|p2a: Madara\n|\n|upkeep\n|\n|t:|1700563752\n|switch|p2a: Pooper 2.0|Clodsire, M, shiny|100\/100\n|-damage|p2a: Pooper 2.0|94\/100|[from] Stealth Rock\n|turn|17\n|\n|t:|1700563755\n|move|p1a: Medicham|Zen Headbutt|p2a: Pooper 2.0\n|-supereffective|p2a: Pooper 2.0\n|-damage|p2a: Pooper 2.0|0 fnt\n|faint|p2a: Pooper 2.0\n|\n|upkeep\n|\n|t:|1700563758\n|switch|p2a: Moldera|Excadrill, F, shiny|100\/100\n|-damage|p2a: Moldera|97\/100|[from] Stealth Rock\n|turn|18\n|\n|t:|1700563760\n|move|p1a: Medicham|Close Combat|p2a: Moldera\n|-supereffective|p2a: Moldera\n|-damage|p2a: Moldera|0 fnt\n|-unboost|p1a: Medicham|def|1\n|-unboost|p1a: Medicham|spd|1\n|faint|p2a: Moldera\n|\n|win|shfeha\n|raw|shfeha's rating: 1186 &rarr; <strong>1210<\/strong><br \/>(+24 for winning)\n|raw|itay80771's rating: 1179 &rarr; <strong>1155<\/strong><br \/>(-24 for losing)\n","uploadtime":1700563763,"views":2,"p1id":"shfeha","p2id":"itay80771","formatid":"gen9nationaldex","rating":1155,"private":0,"password":""}