{"id":"gen9nationaldex-1994481324","p1":"Djujao","p2":"Mrunal","format":"[Gen 9] National Dex","log":"|j|\u2606Djujao\n|j|\u2606Mrunal\n|t:|1700448945\n|gametype|singles\n|player|p1|Djujao|pilot|\n|player|p2|Mrunal|cheryl|\n|teamsize|p1|6\n|teamsize|p2|6\n|gen|9\n|tier|[Gen 9] National Dex\n|rule|HP Percentage Mod: HP is shown in percentages\n|rule|Endless Battle Clause: Forcing endless battles is banned\n|rule|OHKO Clause: OHKO moves are banned\n|rule|Evasion Clause: Evasion abilities, items, and moves are banned\n|rule|Evasion Abilities Clause: Evasion abilities are banned\n|rule|Evasion Items Clause: Evasion items are banned\n|rule|Evasion Moves Clause: Evasion moves are banned\n|rule|Species Clause: Limit one of each Pok\u00e9mon\n|rule|Sleep Clause Mod: Limit one foe put to sleep\n|clearpoke\n|poke|p1|Infernape, F|\n|poke|p1|Ribombee, M|\n|poke|p1|Scizor, M|\n|poke|p1|Goodra-Hisui, F|\n|poke|p1|Slowking-Galar, F|\n|poke|p1|Dragonite, M|\n|poke|p2|Rillaboom, M|\n|poke|p2|Breloom, M|\n|poke|p2|Ferrothorn, M|\n|poke|p2|Ogerpon-Cornerstone, F|\n|poke|p2|Sceptile, M|\n|poke|p2|Meowscarada, F|\n|teampreview\n|c|\u2606Mrunal|Hi\n|c|\u2606Djujao|glhf!\n|c|\u2606Mrunal|hf\n|\n|t:|1700448958\n|start\n|switch|p1a: Ribombee|Ribombee, M|100\/100\n|switch|p2a: Rillaboom|Rillaboom, M|100\/100\n|-fieldstart|move: Grassy Terrain|[from] ability: Grassy Surge|[of] p2a: Rillaboom\n|turn|1\n|\n|t:|1700448966\n|move|p2a: Rillaboom|Fake Out|p1a: Ribombee\n|-damage|p1a: Ribombee|74\/100\n|move|p1a: Ribombee|Sticky Web|p2a: Rillaboom\n|-sidestart|p2: Mrunal|move: Sticky Web\n|\n|-heal|p1a: Ribombee|80\/100|[from] Grassy Terrain\n|upkeep\n|turn|2\n|\n|t:|1700448976\n|move|p1a: Ribombee|Bug Buzz|p2a: Rillaboom\n|-supereffective|p2a: Rillaboom\n|-damage|p2a: Rillaboom|3\/100\n|move|p2a: Rillaboom|U-turn|p1a: Ribombee\n|-resisted|p1a: Ribombee\n|-damage|p1a: Ribombee|56\/100\n|\n|t:|1700448990\n|switch|p2a: Sceptile|Sceptile, M|100\/100|[from] U-turn\n|-activate|p2a: Sceptile|move: Sticky Web\n|-unboost|p2a: Sceptile|spe|1\n|-enditem|p2a: Sceptile|Grassy Seed\n|-boost|p2a: Sceptile|def|1|[from] item: Grassy Seed\n|\n|-heal|p1a: Ribombee|62\/100|[from] Grassy Terrain\n|upkeep\n|turn|3\n|\n|t:|1700449002\n|move|p2a: Sceptile|Rock Slide|p1a: Ribombee\n|-supereffective|p1a: Ribombee\n|-damage|p1a: Ribombee|0 fnt\n|faint|p1a: Ribombee\n|\n|upkeep\n|\n|t:|1700449031\n|switch|p1a: Infernape|Infernape, F|100\/100\n|turn|4\n|\n|t:|1700449036\n|move|p1a: Infernape|Fake Out|p2a: Sceptile\n|-damage|p2a: Sceptile|86\/100\n|-damage|p1a: Infernape|91\/100|[from] item: Life Orb\n|cant|p2a: Sceptile|flinch\n|\n|-heal|p2a: Sceptile|92\/100|[from] Grassy Terrain\n|-heal|p1a: Infernape|97\/100|[from] Grassy Terrain\n|upkeep\n|turn|5\n|\n|t:|1700449048\n|move|p2a: Sceptile|Grass Whistle|p1a: Infernape\n|-status|p1a: Infernape|slp|[from] move: Grass Whistle\n|cant|p1a: Infernape|slp\n|\n|-heal|p2a: Sceptile|98\/100|[from] Grassy Terrain\n|-heal|p1a: Infernape|100\/100 slp|[from] Grassy Terrain\n|upkeep\n|turn|6\n|\n|t:|1700449058\n|move|p2a: Sceptile|Acrobatics|p1a: Infernape\n|-supereffective|p1a: Infernape\n|-damage|p1a: Infernape|0 fnt\n|faint|p1a: Infernape\n|\n|-heal|p2a: Sceptile|100\/100|[from] Grassy Terrain\n|upkeep\n|\n|t:|1700449068\n|switch|p1a: Dragonite|Dragonite, M|100\/100\n|turn|7\n|\n|t:|1700449073\n|move|p2a: Sceptile|Thunder Punch|p1a: Dragonite\n|-damage|p1a: Dragonite|88\/100\n|-status|p1a: Dragonite|par\n|cant|p1a: Dragonite|par\n|\n|-heal|p1a: Dragonite|95\/100 par|[from] item: Leftovers\n|upkeep\n|turn|8\n|\n|t:|1700449082\n|move|p2a: Sceptile|Thunder Punch|p1a: Dragonite\n|-damage|p1a: Dragonite|70\/100 par\n|move|p1a: Dragonite|Dual Wingbeat|p2a: Sceptile\n|-supereffective|p2a: Sceptile\n|-damage|p2a: Sceptile|45\/100\n|-supereffective|p2a: Sceptile\n|-damage|p2a: Sceptile|0 fnt\n|faint|p2a: Sceptile\n|-hitcount|p2: Sceptile|2\n|\n|-heal|p1a: Dragonite|77\/100 par|[from] item: Leftovers\n|-fieldend|move: Grassy Terrain\n|upkeep\n|\n|t:|1700449095\n|switch|p2a: Rillaboom|Rillaboom, M|3\/100\n|-activate|p2a: Rillaboom|move: Sticky Web\n|-unboost|p2a: Rillaboom|spe|1\n|-fieldstart|move: Grassy Terrain|[from] ability: Grassy Surge|[of] p2a: Rillaboom\n|turn|9\n|\n|t:|1700449100\n|move|p2a: Rillaboom|Fake Out|p1a: Dragonite\n|-damage|p1a: Dragonite|62\/100 par\n|cant|p1a: Dragonite|flinch\n|\n|-heal|p2a: Rillaboom|9\/100|[from] Grassy Terrain\n|-heal|p1a: Dragonite|69\/100 par|[from] item: Leftovers\n|upkeep\n|turn|10\n|\n|t:|1700449109\n|move|p1a: Dragonite|Extreme Speed|p2a: Rillaboom\n|-damage|p2a: Rillaboom|0 fnt\n|faint|p2a: Rillaboom\n|\n|-heal|p1a: Dragonite|75\/100 par|[from] item: Leftovers\n|upkeep\n|\n|t:|1700449120\n|switch|p2a: Breloom|Breloom, M|100\/100\n|-activate|p2a: Breloom|move: Sticky Web\n|-unboost|p2a: Breloom|spe|1\n|turn|11\n|\n|t:|1700449127\n|cant|p1a: Dragonite|par\n|move|p2a: Breloom|Rock Tomb|p1a: Dragonite\n|-supereffective|p1a: Dragonite\n|-damage|p1a: Dragonite|2\/100 par\n|-unboost|p1a: Dragonite|spe|1\n|\n|-heal|p1a: Dragonite|9\/100 par|[from] item: Leftovers\n|upkeep\n|turn|12\n|\n|t:|1700449136\n|move|p1a: Dragonite|Extreme Speed|p2a: Breloom\n|-damage|p2a: Breloom|53\/100\n|move|p2a: Breloom|Rock Tomb|p1a: Dragonite\n|-supereffective|p1a: Dragonite\n|-damage|p1a: Dragonite|0 fnt\n|faint|p1a: Dragonite\n|\n|-heal|p2a: Breloom|59\/100|[from] Grassy Terrain\n|upkeep\n|\n|t:|1700449149\n|switch|p1a: Scizor|Scizor, M|100\/100\n|turn|13\n|\n|t:|1700449160\n|switch|p2a: Ferrothorn|Ferrothorn, M|100\/100\n|-activate|p2a: Ferrothorn|move: Sticky Web\n|-unboost|p2a: Ferrothorn|spe|1\n|detailschange|p1a: Scizor|Scizor-Mega, M\n|-mega|p1a: Scizor|Scizor|Scizorite\n|move|p1a: Scizor|U-turn|p2a: Ferrothorn\n|-damage|p2a: Ferrothorn|68\/100\n|-damage|p1a: Scizor|88\/100|[from] ability: Iron Barbs|[of] p2a: Ferrothorn\n|-damage|p1a: Scizor|72\/100|[from] item: Rocky Helmet|[of] p2a: Ferrothorn\n|\n|t:|1700449170\n|switch|p1a: Goodra|Goodra-Hisui, F|100\/100|[from] U-turn\n|\n|-heal|p2a: Ferrothorn|74\/100|[from] Grassy Terrain\n|upkeep\n|turn|14\n|\n|t:|1700449177\n|move|p1a: Goodra|Flamethrower|p2a: Ferrothorn\n|-supereffective|p2a: Ferrothorn\n|-damage|p2a: Ferrothorn|0 fnt\n|faint|p2a: Ferrothorn\n|\n|upkeep\n|\n|t:|1700449187\n|switch|p2a: Breloom|Breloom, M|59\/100\n|-activate|p2a: Breloom|move: Sticky Web\n|-unboost|p2a: Breloom|spe|1\n|turn|15\n|\n|t:|1700449197\n|switch|p1a: Slowking|Slowking-Galar, F|100\/100\n|move|p2a: Breloom|Power-Up Punch|p1a: Slowking\n|-resisted|p1a: Slowking\n|-damage|p1a: Slowking|92\/100\n|-boost|p2a: Breloom|atk|1\n|\n|-heal|p2a: Breloom|65\/100|[from] Grassy Terrain\n|-heal|p1a: Slowking|98\/100|[from] Grassy Terrain\n|-heal|p1a: Slowking|100\/100|[from] item: Black Sludge\n|upkeep\n|turn|16\n|\n|t:|1700449209\n|switch|p2a: Meowscarada|Meowscarada, F|100\/100\n|-activate|p2a: Meowscarada|move: Sticky Web\n|-unboost|p2a: Meowscarada|spe|1\n|move|p1a: Slowking|Sludge Wave|p2a: Meowscarada\n|-supereffective|p2a: Meowscarada\n|-damage|p2a: Meowscarada|0 fnt\n|faint|p2a: Meowscarada\n|\n|-fieldend|move: Grassy Terrain\n|upkeep\n|\n|t:|1700449220\n|switch|p2a: Breloom|Breloom, M|65\/100\n|-activate|p2a: Breloom|move: Sticky Web\n|-unboost|p2a: Breloom|spe|1\n|turn|17\n|\n|t:|1700449225\n|move|p2a: Breloom|Power-Up Punch|p1a: Slowking\n|-resisted|p1a: Slowking\n|-damage|p1a: Slowking|93\/100\n|-boost|p2a: Breloom|atk|1\n|move|p1a: Slowking|Sludge Wave|p2a: Breloom\n|-supereffective|p2a: Breloom\n|-damage|p2a: Breloom|0 fnt\n|faint|p2a: Breloom\n|\n|-heal|p1a: Slowking|99\/100|[from] item: Black Sludge\n|upkeep\n|\n|t:|1700449236\n|switch|p2a: Ogerpon|Ogerpon-Cornerstone, F|100\/100\n|-activate|p2a: Ogerpon|move: Sticky Web\n|-unboost|p2a: Ogerpon|spe|1\n|turn|18\n|\n|t:|1700449244\n|move|p2a: Ogerpon|Knock Off|p1a: Slowking\n|-supereffective|p1a: Slowking\n|-damage|p1a: Slowking|23\/100\n|-enditem|p1a: Slowking|Black Sludge|[from] move: Knock Off|[of] p2a: Ogerpon\n|move|p1a: Slowking|Sludge Wave|p2a: Ogerpon\n|-damage|p2a: Ogerpon|62\/100\n|\n|upkeep\n|turn|19\n|\n|t:|1700449251\n|move|p2a: Ogerpon|Knock Off|p1a: Slowking\n|-supereffective|p1a: Slowking\n|-damage|p1a: Slowking|0 fnt\n|faint|p1a: Slowking\n|\n|upkeep\n|\n|t:|1700449255\n|switch|p1a: Scizor|Scizor-Mega, M|72\/100\n|turn|20\n|\n|t:|1700449260\n|move|p1a: Scizor|Bullet Punch|p2a: Ogerpon\n|-supereffective|p2a: Ogerpon\n|-damage|p2a: Ogerpon|0 fnt\n|faint|p2a: Ogerpon\n|\n|win|Djujao\n|c|\u2606Djujao|gg\n|c|\u2606Mrunal|Gg\n|l|\u2606Djujao\n|c|\u2606Mrunal|post it in replay. I will give you badge.\n","uploadtime":1700449284,"views":8,"p1id":"djujao","p2id":"mrunal","formatid":"gen9nationaldex","rating":0,"private":0,"password":""}