{"id":"gen9nationaldex-1999900698","p1":"Plagueoftoads","p2":"Aesiro13","format":"[Gen 9] National Dex","log":"|html|<div class=\"broadcast-blue\"><strong>[Gen 9] National Dex is currently suspecting Sneasler! For information on how to participate check out the <a href=\"https:\/\/www.smogon.com\/forums\/threads\/sv-national-dex-suspect-8-just-dance.3731534\/\">suspect thread<\/a>.<\/strong><\/div>\n|j|\u2606Plagueoftoads\n|j|\u2606Aesiro13\n|t:|1701127959\n|gametype|singles\n|player|p1|Plagueoftoads|pokemaniac|1365\n|player|p2|Aesiro13|giacomo|1272\n|teamsize|p1|6\n|teamsize|p2|6\n|gen|9\n|tier|[Gen 9] National Dex\n|rated|\n|rule|HP Percentage Mod: HP is shown in percentages\n|rule|Endless Battle Clause: Forcing endless battles is banned\n|rule|OHKO Clause: OHKO moves are banned\n|rule|Evasion Clause: Evasion abilities, items, and moves are banned\n|rule|Evasion Abilities Clause: Evasion abilities are banned\n|rule|Evasion Items Clause: Evasion items are banned\n|rule|Evasion Moves Clause: Evasion moves are banned\n|rule|Species Clause: Limit one of each Pok\u00e9mon\n|rule|Sleep Clause Mod: Limit one foe put to sleep\n|clearpoke\n|poke|p1|Victreebel, F|\n|poke|p1|Torkoal, F|\n|poke|p1|Houndoom, F|\n|poke|p1|Great Tusk|\n|poke|p1|Scream Tail|\n|poke|p1|Clodsire, F|\n|poke|p2|Sneasler, M|\n|poke|p2|Samurott-Hisui, M|\n|poke|p2|Glimmora, M|\n|poke|p2|Iron Valiant|\n|poke|p2|Corviknight, M|\n|poke|p2|Volcarona, F|\n|teampreview\n|inactive|Battle timer is ON: inactive players will automatically lose when time's up. (requested by Plagueoftoads)\n|c|\u2606Aesiro13|holy shit\n|c|\u2606Aesiro13|victreebel\n|c|\u2606Plagueoftoads|Don\u2019t sleep on him \ud83d\ude08\ud83d\ude08\n|inactive|Aesiro13 has 120 seconds left.\n|\n|t:|1701128001\n|start\n|switch|p1a: Torkoal|Torkoal, F|100\/100\n|switch|p2a: Samurott|Samurott-Hisui, M, shiny|100\/100\n|-weather|SunnyDay|[from] ability: Drought|[of] p1a: Torkoal\n|turn|1\n|\n|t:|1701128009\n|switch|p1a: Great Tusk|Great Tusk|100\/100\n|-activate|p1a: Great Tusk|ability: Protosynthesis\n|-start|p1a: Great Tusk|protosynthesisatk\n|move|p2a: Samurott|Ceaseless Edge|p1a: Great Tusk|[miss]\n|-miss|p2a: Samurott|p1a: Great Tusk\n|\n|-weather|SunnyDay|[upkeep]\n|upkeep\n|turn|2\n|\n|t:|1701128018\n|switch|p2a: Mine Shining|Corviknight, M, shiny|100\/100\n|move|p1a: Great Tusk|Knock Off|p2a: Mine Shining\n|-damage|p2a: Mine Shining|76\/100\n|-enditem|p2a: Mine Shining|Leftovers|[from] move: Knock Off|[of] p1a: Great Tusk\n|\n|-weather|SunnyDay|[upkeep]\n|upkeep\n|turn|3\n|\n|t:|1701128025\n|-end|p1a: Great Tusk|Protosynthesis|[silent]\n|switch|p1a: Torkoal|Torkoal, F|100\/100\n|move|p2a: Mine Shining|Iron Defense|p2a: Mine Shining\n|-boost|p2a: Mine Shining|def|2\n|\n|-weather|SunnyDay|[upkeep]\n|upkeep\n|turn|4\n|\n|t:|1701128029\n|move|p2a: Mine Shining|U-turn|p1a: Torkoal\n|-resisted|p1a: Torkoal\n|-damage|p1a: Torkoal|96\/100\n|\n|t:|1701128033\n|switch|p2a: Volcarona|Volcarona, F, shiny|100\/100|[from] U-turn\n|move|p1a: Torkoal|Stealth Rock|p2a: Volcarona\n|-sidestart|p2: Aesiro13|move: Stealth Rock\n|\n|-weather|SunnyDay|[upkeep]\n|upkeep\n|turn|5\n|\n|t:|1701128040\n|switch|p1a: Clodsire|Clodsire, F|100\/100\n|move|p2a: Volcarona|Quiver Dance|p2a: Volcarona\n|-boost|p2a: Volcarona|spa|1\n|-boost|p2a: Volcarona|spd|1\n|-boost|p2a: Volcarona|spe|1\n|\n|-weather|SunnyDay|[upkeep]\n|upkeep\n|turn|6\n|\n|t:|1701128059\n|switch|p2a: discombobulate|Sneasler, M, shiny|100\/100\n|-damage|p2a: discombobulate|95\/100|[from] Stealth Rock\n|move|p1a: Clodsire|Poison Jab|p2a: discombobulate\n|-resisted|p2a: discombobulate\n|-damage|p2a: discombobulate|77\/100\n|\n|-weather|SunnyDay|[upkeep]\n|upkeep\n|turn|7\n|\n|t:|1701128085\n|move|p2a: discombobulate|Fake Out|p1a: Clodsire\n|-enditem|p2a: discombobulate|Normal Gem|[from] gem\n|-damage|p1a: Clodsire|86\/100\n|cant|p1a: Clodsire|flinch\n|\n|-weather|SunnyDay|[upkeep]\n|-heal|p1a: Clodsire|93\/100|[from] item: Leftovers\n|upkeep\n|turn|8\n|\n|t:|1701128106\n|move|p2a: discombobulate|Dire Claw|p1a: Clodsire\n|-resisted|p1a: Clodsire\n|-damage|p1a: Clodsire|86\/100\n|move|p1a: Clodsire|Earthquake|p2a: discombobulate\n|-supereffective|p2a: discombobulate\n|-damage|p2a: discombobulate|0 fnt\n|faint|p2a: discombobulate\n|\n|-weather|none\n|-heal|p1a: Clodsire|92\/100|[from] item: Leftovers\n|upkeep\n|c|\u2606Aesiro13|:\/\n|inactive|Aesiro13 has 120 seconds left.\n|\n|t:|1701128128\n|switch|p2a: Volcarona|Volcarona, F, shiny|100\/100\n|turn|9\n|c|\u2606Plagueoftoads|:)\n|inactive|Aesiro13 has 120 seconds left.\n|\n|t:|1701128137\n|move|p2a: Volcarona|Quiver Dance|p2a: Volcarona\n|-boost|p2a: Volcarona|spa|1\n|-boost|p2a: Volcarona|spd|1\n|-boost|p2a: Volcarona|spe|1\n|move|p1a: Clodsire|Poison Jab|p2a: Volcarona\n|-damage|p2a: Volcarona|64\/100\n|\n|-heal|p1a: Clodsire|98\/100|[from] item: Leftovers\n|upkeep\n|turn|10\n|\n|t:|1701128143\n|move|p2a: Volcarona|Giga Drain|p1a: Clodsire\n|-damage|p1a: Clodsire|77\/100\n|-heal|p2a: Volcarona|81\/100|[from] drain|[of] p1a: Clodsire\n|move|p1a: Clodsire|Poison Jab|p2a: Volcarona\n|-damage|p2a: Volcarona|46\/100\n|-status|p2a: Volcarona|psn\n|\n|-heal|p1a: Clodsire|83\/100|[from] item: Leftovers\n|-damage|p2a: Volcarona|34\/100 psn|[from] psn\n|upkeep\n|turn|11\n|\n|t:|1701128158\n|switch|p2a: Samurott|Samurott-Hisui, M, shiny|100\/100\n|-damage|p2a: Samurott|88\/100|[from] Stealth Rock\n|move|p1a: Clodsire|Spikes|p2a: Samurott\n|-sidestart|p2: Aesiro13|Spikes\n|\n|-heal|p1a: Clodsire|89\/100|[from] item: Leftovers\n|upkeep\n|turn|12\n|\n|t:|1701128166\n|switch|p1a: Torkoal|Torkoal, F|96\/100\n|-weather|SunnyDay|[from] ability: Drought|[of] p1a: Torkoal\n|move|p2a: Samurott|Razor Shell|p1a: Torkoal\n|-supereffective|p1a: Torkoal\n|-damage|p1a: Torkoal|66\/100\n|-unboost|p1a: Torkoal|def|1\n|\n|-weather|SunnyDay|[upkeep]\n|upkeep\n|turn|13\n|\n|t:|1701128172\n|switch|p1a: Victreebel|Victreebel, F, shiny|100\/100\n|move|p2a: Samurott|Razor Shell|p1a: Victreebel\n|-resisted|p1a: Victreebel\n|-damage|p1a: Victreebel|80\/100\n|-unboost|p1a: Victreebel|def|1\n|\n|-weather|SunnyDay|[upkeep]\n|upkeep\n|turn|14\n|\n|t:|1701128193\n|switch|p2a: Mine Shining|Corviknight, M, shiny|76\/100\n|-damage|p2a: Mine Shining|64\/100|[from] Stealth Rock\n|move|p1a: Victreebel|Giga Drain|p2a: Mine Shining\n|-resisted|p2a: Mine Shining\n|-damage|p2a: Mine Shining|53\/100\n|-heal|p1a: Victreebel|87\/100|[from] drain|[of] p2a: Mine Shining\n|-damage|p1a: Victreebel|77\/100|[from] item: Life Orb\n|\n|-weather|SunnyDay|[upkeep]\n|upkeep\n|turn|15\n|\n|t:|1701128198\n|move|p1a: Victreebel|Weather Ball|p2a: Mine Shining\n|-supereffective|p2a: Mine Shining\n|-damage|p2a: Mine Shining|0 fnt\n|faint|p2a: Mine Shining\n|-damage|p1a: Victreebel|67\/100|[from] item: Life Orb\n|\n|-weather|SunnyDay|[upkeep]\n|upkeep\n|\n|t:|1701128211\n|switch|p2a: Volcarona|Volcarona, F, shiny|34\/100 psn\n|turn|16\n|\n|t:|1701128217\n|move|p1a: Victreebel|Weather Ball|p2a: Volcarona\n|-damage|p2a: Volcarona|0 fnt\n|faint|p2a: Volcarona\n|-damage|p1a: Victreebel|57\/100|[from] item: Life Orb\n|\n|-weather|SunnyDay|[upkeep]\n|upkeep\n|\n|t:|1701128225\n|switch|p2a: Glimmora|Glimmora, M|100\/100\n|-damage|p2a: Glimmora|88\/100|[from] Stealth Rock\n|-damage|p2a: Glimmora|76\/100|[from] Spikes\n|turn|17\n|\n|t:|1701128227\n|move|p2a: Glimmora|Spiky Shield|p2a: Glimmora\n|-singleturn|p2a: Glimmora|move: Protect\n|move|p1a: Victreebel|Giga Drain|p2a: Glimmora\n|-activate|p2a: Glimmora|move: Protect\n|\n|-weather|SunnyDay|[upkeep]\n|-heal|p2a: Glimmora|82\/100|[from] item: Leftovers\n|upkeep\n|turn|18\n|\n|t:|1701128235\n|move|p1a: Victreebel|Giga Drain|p2a: Glimmora\n|-damage|p2a: Glimmora|28\/100\n|-heal|p1a: Victreebel|90\/100|[from] drain|[of] p2a: Glimmora\n|-damage|p1a: Victreebel|80\/100|[from] item: Life Orb\n|move|p2a: Glimmora|Stealth Rock|p1a: Victreebel\n|-sidestart|p1: Plagueoftoads|move: Stealth Rock\n|\n|-weather|SunnyDay|[upkeep]\n|-heal|p2a: Glimmora|34\/100|[from] item: Leftovers\n|upkeep\n|turn|19\n|\n|t:|1701128244\n|move|p2a: Glimmora|Spiky Shield|p2a: Glimmora\n|-singleturn|p2a: Glimmora|move: Protect\n|move|p1a: Victreebel|Giga Drain|p2a: Glimmora\n|-activate|p2a: Glimmora|move: Protect\n|\n|-weather|none\n|-heal|p2a: Glimmora|40\/100|[from] item: Leftovers\n|upkeep\n|turn|20\n|\n|t:|1701128254\n|switch|p1a: Torkoal|Torkoal, F|66\/100\n|-damage|p1a: Torkoal|41\/100|[from] Stealth Rock\n|-weather|SunnyDay|[from] ability: Drought|[of] p1a: Torkoal\n|move|p2a: Glimmora|Mortal Spin|p1a: Torkoal\n|-damage|p1a: Torkoal|38\/100\n|-status|p1a: Torkoal|psn\n|-sideend|p2: Aesiro13|Spikes|[from] move: Mortal Spin|[of] p2a: Glimmora\n|-sideend|p2: Aesiro13|Stealth Rock|[from] move: Mortal Spin|[of] p2a: Glimmora\n|\n|-weather|SunnyDay|[upkeep]\n|-heal|p2a: Glimmora|47\/100|[from] item: Leftovers\n|-damage|p1a: Torkoal|25\/100 psn|[from] psn\n|upkeep\n|turn|21\n|\n|t:|1701128266\n|move|p2a: Glimmora|Spiky Shield|p2a: Glimmora\n|-singleturn|p2a: Glimmora|move: Protect\n|move|p1a: Torkoal|Stealth Rock|p2a: Glimmora\n|-sidestart|p2: Aesiro13|move: Stealth Rock\n|\n|-weather|SunnyDay|[upkeep]\n|-heal|p2a: Glimmora|53\/100|[from] item: Leftovers\n|-damage|p1a: Torkoal|13\/100 psn|[from] psn\n|upkeep\n|turn|22\n|\n|t:|1701128271\n|move|p2a: Glimmora|Mortal Spin|p1a: Torkoal\n|-damage|p1a: Torkoal|10\/100 psn\n|-sideend|p2: Aesiro13|Stealth Rock|[from] move: Mortal Spin|[of] p2a: Glimmora\n|move|p1a: Torkoal|Earthquake|p2a: Glimmora\n|-supereffective|p2a: Glimmora\n|-damage|p2a: Glimmora|0 fnt\n|-activate|p2a: Glimmora|ability: Toxic Debris\n|-sidestart|p1: Plagueoftoads|move: Toxic Spikes\n|faint|p2a: Glimmora\n|\n|-weather|SunnyDay|[upkeep]\n|-damage|p1a: Torkoal|0 fnt|[from] psn\n|faint|p1a: Torkoal\n|upkeep\n|\n|t:|1701128286\n|switch|p2a: Iron Valiant|Iron Valiant, shiny|100\/100\n|switch|p1a: Clodsire|Clodsire, F|89\/100\n|-damage|p1a: Clodsire|83\/100|[from] Stealth Rock\n|-sideend|p1: Plagueoftoads|move: Toxic Spikes|[of] p1a: Clodsire\n|turn|23\n|\n|t:|1701128299\n|-terastallize|p1a: Clodsire|Water\n|move|p2a: Iron Valiant|Shadow Ball|p1a: Clodsire\n|-damage|p1a: Clodsire|56\/100\n|-damage|p2a: Iron Valiant|91\/100|[from] item: Life Orb\n|move|p1a: Clodsire|Poison Jab|p2a: Iron Valiant\n|-supereffective|p2a: Iron Valiant\n|-damage|p2a: Iron Valiant|35\/100\n|-status|p2a: Iron Valiant|psn\n|\n|-weather|SunnyDay|[upkeep]\n|-heal|p1a: Clodsire|62\/100|[from] item: Leftovers\n|-damage|p2a: Iron Valiant|22\/100 psn|[from] psn\n|upkeep\n|turn|24\n|\n|t:|1701128307\n|move|p2a: Iron Valiant|Thunderbolt|p1a: Clodsire\n|-supereffective|p1a: Clodsire\n|-damage|p1a: Clodsire|7\/100\n|-damage|p2a: Iron Valiant|13\/100 psn|[from] item: Life Orb\n|move|p1a: Clodsire|Recover|p1a: Clodsire\n|-heal|p1a: Clodsire|57\/100\n|\n|-weather|SunnyDay|[upkeep]\n|-heal|p1a: Clodsire|63\/100|[from] item: Leftovers\n|-damage|p2a: Iron Valiant|0 fnt|[from] psn\n|faint|p2a: Iron Valiant\n|-end|p2a: Iron Valiant|Quark Drive|[silent]\n|upkeep\n|\n|t:|1701128313\n|switch|p2a: Samurott|Samurott-Hisui, M, shiny|88\/100\n|turn|25\n|\n|t:|1701128317\n|move|p2a: Samurott|Ceaseless Edge|p1a: Clodsire\n|-damage|p1a: Clodsire|29\/100\n|-sidestart|p1: Plagueoftoads|Spikes\n|move|p1a: Clodsire|Poison Jab|p2a: Samurott\n|-damage|p2a: Samurott|62\/100\n|\n|-weather|SunnyDay|[upkeep]\n|-heal|p1a: Clodsire|35\/100|[from] item: Leftovers\n|upkeep\n|turn|26\n|\n|t:|1701128322\n|move|p2a: Samurott|Ceaseless Edge|p1a: Clodsire\n|-damage|p1a: Clodsire|6\/100\n|-sidestart|p1: Plagueoftoads|Spikes\n|move|p1a: Clodsire|Poison Jab|p2a: Samurott\n|-damage|p2a: Samurott|34\/100\n|\n|-weather|SunnyDay|[upkeep]\n|-heal|p1a: Clodsire|12\/100|[from] item: Leftovers\n|upkeep\n|turn|27\n|\n|t:|1701128327\n|move|p2a: Samurott|Ceaseless Edge|p1a: Clodsire\n|-damage|p1a: Clodsire|0 fnt\n|-sidestart|p1: Plagueoftoads|Spikes\n|faint|p1a: Clodsire\n|\n|-weather|none\n|upkeep\n|\n|t:|1701128332\n|switch|p1a: Great Tusk|Great Tusk|100\/100\n|-damage|p1a: Great Tusk|98\/100|[from] Stealth Rock\n|-damage|p1a: Great Tusk|73\/100|[from] Spikes\n|turn|28\n|c|\u2606Aesiro13|you did well man\n|c|\u2606Aesiro13|good game :D\n|c|\u2606Plagueoftoads|Ggs\n|\n|t:|1701128345\n|move|p1a: Great Tusk|Headlong Rush|p2a: Samurott\n|-damage|p2a: Samurott|0 fnt\n|-unboost|p1a: Great Tusk|def|1\n|-unboost|p1a: Great Tusk|spd|1\n|faint|p2a: Samurott\n|\n|win|Plagueoftoads\n|raw|Plagueoftoads's rating: 1365 &rarr; <strong>1380<\/strong><br \/>(+15 for winning)\n|raw|Aesiro13's rating: 1272 &rarr; <strong>1254<\/strong><br \/>(-18 for losing)\n|c|\u2606Plagueoftoads|:)\n|l|\u2606Plagueoftoads\n","uploadtime":1701128355,"views":1,"p1id":"plagueoftoads","p2id":"aesiro13","formatid":"gen9nationaldex","rating":1254,"private":0,"password":""}