{"id":"gen9nationaldex-1988854713","p1":"A.private","p2":"Logjob22","format":"[Gen 9] National Dex","log":"|j|\u2606A.private\n|j|\u2606Logjob22\n|t:|1699774501\n|gametype|singles\n|player|p1|A.private|rosa|1062\n|player|p2|Logjob22|gentleman-gen4dp|1152\n|teamsize|p1|6\n|teamsize|p2|6\n|gen|9\n|tier|[Gen 9] National Dex\n|rated|\n|rule|HP Percentage Mod: HP is shown in percentages\n|rule|Endless Battle Clause: Forcing endless battles is banned\n|rule|OHKO Clause: OHKO moves are banned\n|rule|Evasion Clause: Evasion abilities, items, and moves are banned\n|rule|Evasion Abilities Clause: Evasion abilities are banned\n|rule|Evasion Items Clause: Evasion items are banned\n|rule|Evasion Moves Clause: Evasion moves are banned\n|rule|Species Clause: Limit one of each Pok\u00e9mon\n|rule|Sleep Clause Mod: Limit one foe put to sleep\n|clearpoke\n|poke|p1|Lycanroc-Dusk, M|\n|poke|p1|Absol, F|\n|poke|p1|Claydol|\n|poke|p1|Oricorio-Sensu, M|\n|poke|p1|Entei|\n|poke|p1|Azumarill, M|\n|poke|p2|Vanilluxe, M|\n|poke|p2|Arctovish|\n|poke|p2|Sandslash-Alola, M|\n|poke|p2|Ninetales-Alola, F|\n|poke|p2|Beartic, M|\n|poke|p2|Aurorus, F|\n|teampreview\n|inactive|Battle timer is ON: inactive players will automatically lose when time's up. (requested by A.private)\n|\n|t:|1699774517\n|start\n|switch|p1a: Absol|Absol, F|100\/100\n|switch|p2a: Ninetales|Ninetales-Alola, F|100\/100\n|-weather|Snow|[from] ability: Snow Warning|[of] p2a: Ninetales\n|turn|1\n|\n|t:|1699774524\n|detailschange|p1a: Absol|Absol-Mega, F\n|-mega|p1a: Absol|Absol|Absolite\n|move|p1a: Absol|Snatch|p1a: Absol\n|-singleturn|p1a: Absol|Snatch\n|move|p2a: Ninetales|Aurora Veil|p2a: Ninetales\n|-activate|p1a: Absol|move: Snatch|[of] p2a: Ninetales\n|move|p1a: Absol|Aurora Veil|p1a: Absol|[from]Snatch\n|-sidestart|p1: A.private|move: Aurora Veil\n|\n|-weather|Snow|[upkeep]\n|upkeep\n|turn|2\n|\n|t:|1699774538\n|move|p2a: Ninetales|Encore|p1a: Absol\n|move|p1a: Absol|Encore||[from]ability: Magic Bounce|[still]\n|-fail|p1a: Absol\n|move|p1a: Absol|Knock Off|p2a: Ninetales\n|-resisted|p2a: Ninetales\n|-damage|p2a: Ninetales|77\/100\n|-enditem|p2a: Ninetales|Light Clay|[from] move: Knock Off|[of] p1a: Absol\n|\n|-weather|Snow|[upkeep]\n|upkeep\n|turn|3\n|\n|t:|1699774562\n|switch|p1a: Entei|Entei|100\/100\n|move|p2a: Ninetales|Aurora Veil|p2a: Ninetales\n|-sidestart|p2: Logjob22|move: Aurora Veil\n|\n|-weather|Snow|[upkeep]\n|upkeep\n|turn|4\n|\n|t:|1699774573\n|switch|p2a: Arctovish|Arctovish, shiny|100\/100\n|move|p1a: Entei|Will-O-Wisp|p2a: Arctovish\n|-status|p2a: Arctovish|brn\n|\n|-weather|Snow|[upkeep]\n|-damage|p2a: Arctovish|94\/100 brn|[from] brn\n|upkeep\n|turn|5\n|\n|t:|1699774584\n|switch|p2a: Sandslash|Sandslash-Alola, M|100\/100\n|move|p1a: Entei|Extreme Speed|p2a: Sandslash\n|-resisted|p2a: Sandslash\n|-damage|p2a: Sandslash|97\/100\n|\n|-weather|none\n|-sideend|p1: A.private|move: Aurora Veil\n|upkeep\n|turn|6\n|\n|t:|1699774599\n|switch|p2a: Ninetales|Ninetales-Alola, F|77\/100\n|-weather|Snow|[from] ability: Snow Warning|[of] p2a: Ninetales\n|move|p1a: Entei|Sacred Fire|p2a: Ninetales\n|-supereffective|p2a: Ninetales\n|-crit|p2a: Ninetales\n|-damage|p2a: Ninetales|0 fnt\n|faint|p2a: Ninetales\n|\n|-weather|Snow|[upkeep]\n|upkeep\n|\n|t:|1699774614\n|switch|p2a: Aurorus|Aurorus, F, shiny|100\/100\n|turn|7\n|\n|t:|1699774622\n|-terastallize|p2a: Aurorus|Rock\n|move|p1a: Entei|Stomping Tantrum|p2a: Aurorus\n|-supereffective|p2a: Aurorus\n|-damage|p2a: Aurorus|79\/100\n|move|p2a: Aurorus|Earth Power|p1a: Entei\n|-supereffective|p1a: Entei\n|-damage|p1a: Entei|20\/100\n|-unboost|p1a: Entei|spd|1\n|\n|-weather|Snow|[upkeep]\n|-sideend|p2: Logjob22|move: Aurora Veil\n|upkeep\n|turn|8\n|\n|t:|1699774644\n|switch|p1a: Azumarill|Azumarill, M|100\/100\n|move|p2a: Aurorus|Earth Power|p1a: Azumarill\n|-damage|p1a: Azumarill|75\/100\n|-unboost|p1a: Azumarill|spd|1\n|\n|-weather|Snow|[upkeep]\n|upkeep\n|turn|9\n|\n|t:|1699774652\n|switch|p2a: Vanilluxe|Vanilluxe, M, shiny|100\/100\n|move|p1a: Azumarill|Liquidation|p2a: Vanilluxe\n|-damage|p2a: Vanilluxe|59\/100\n|\n|-weather|Snow|[upkeep]\n|upkeep\n|turn|10\n|\n|t:|1699774667\n|switch|p1a: Absol|Absol-Mega, F|100\/100\n|move|p2a: Vanilluxe|Freeze-Dry|p1a: Absol\n|-damage|p1a: Absol|50\/100\n|\n|-weather|none\n|upkeep\n|turn|11\n|\n|t:|1699774673\n|move|p2a: Vanilluxe|Freeze-Dry|p1a: Absol\n|-damage|p1a: Absol|0 fnt\n|faint|p1a: Absol\n|\n|upkeep\n|\n|t:|1699774679\n|switch|p1a: Lycanroc|Lycanroc-Dusk, M|100\/100\n|turn|12\n|\n|t:|1699774689\n|switch|p2a: Sandslash|Sandslash-Alola, M|97\/100\n|move|p1a: Lycanroc|Close Combat|p2a: Sandslash\n|-supereffective|p2a: Sandslash\n|-damage|p2a: Sandslash|0 fnt\n|-unboost|p1a: Lycanroc|def|1\n|-unboost|p1a: Lycanroc|spd|1\n|faint|p2a: Sandslash\n|\n|upkeep\n|\n|t:|1699774703\n|switch|p2a: Arctovish|Arctovish, shiny|94\/100 brn\n|turn|13\n|\n|t:|1699774709\n|move|p1a: Lycanroc|Close Combat|p2a: Arctovish\n|-supereffective|p2a: Arctovish\n|-damage|p2a: Arctovish|0 fnt\n|-unboost|p1a: Lycanroc|def|1\n|-unboost|p1a: Lycanroc|spd|1\n|faint|p2a: Arctovish\n|\n|upkeep\n|\n|t:|1699774719\n|switch|p2a: Beartic|Beartic, M|100\/100\n|turn|14\n|\n|t:|1699774726\n|switch|p1a: Azumarill|Azumarill, M|75\/100\n|move|p2a: Beartic|Aqua Jet|p1a: Azumarill\n|-resisted|p1a: Azumarill\n|-damage|p1a: Azumarill|69\/100\n|\n|upkeep\n|turn|15\n|\n|t:|1699774735\n|switch|p2a: Vanilluxe|Vanilluxe, M, shiny|59\/100\n|-weather|Snow|[from] ability: Snow Warning|[of] p2a: Vanilluxe\n|move|p1a: Azumarill|Brick Break|p2a: Vanilluxe\n|-supereffective|p2a: Vanilluxe\n|-damage|p2a: Vanilluxe|6\/100\n|\n|-weather|Snow|[upkeep]\n|upkeep\n|turn|16\n|\n|t:|1699774744\n|move|p1a: Azumarill|Aqua Jet|p2a: Vanilluxe\n|-damage|p2a: Vanilluxe|0 fnt\n|faint|p2a: Vanilluxe\n|\n|-weather|Snow|[upkeep]\n|upkeep\n|\n|t:|1699774750\n|switch|p2a: Aurorus|Aurorus, F, shiny, tera:Rock|79\/100\n|turn|17\n|\n|t:|1699774757\n|switch|p1a: Oricorio|Oricorio-Sensu, M|100\/100\n|move|p2a: Aurorus|Freeze-Dry|p1a: Oricorio\n|-supereffective|p1a: Oricorio\n|-damage|p1a: Oricorio|0 fnt\n|faint|p1a: Oricorio\n|\n|-weather|Snow|[upkeep]\n|upkeep\n|\n|t:|1699774763\n|switch|p1a: Claydol|Claydol|100\/100\n|turn|18\n|\n|t:|1699774767\n|-terastallize|p1a: Claydol|Steel\n|move|p1a: Claydol|Earth Power|p2a: Aurorus\n|-supereffective|p2a: Aurorus\n|-damage|p2a: Aurorus|24\/100\n|-unboost|p2a: Aurorus|spd|1\n|move|p2a: Aurorus|Freeze-Dry|p1a: Claydol\n|-resisted|p1a: Claydol\n|-damage|p1a: Claydol|81\/100\n|\n|-weather|Snow|[upkeep]\n|upkeep\n|turn|19\n|\n|t:|1699774775\n|switch|p2a: Beartic|Beartic, M|100\/100\n|move|p1a: Claydol|Earth Power|p2a: Beartic\n|-damage|p2a: Beartic|67\/100\n|\n|-weather|none\n|upkeep\n|turn|20\n|\n|t:|1699774788\n|move|p2a: Beartic|Superpower|p1a: Claydol\n|-supereffective|p1a: Claydol\n|-damage|p1a: Claydol|4\/100\n|-unboost|p2a: Beartic|atk|1\n|-unboost|p2a: Beartic|def|1\n|-enditem|p1a: Claydol|Aguav Berry|[eat]\n|-heal|p1a: Claydol|38\/100|[from] item: Aguav Berry\n|move|p1a: Claydol|Teleport|p1a: Claydol\n|-message|Logjob22 forfeited.\n|\n|win|A.private\n|raw|A.private's rating: 1062 &rarr; <strong>1100<\/strong><br \/>(+38 for winning)\n|raw|Logjob22's rating: 1152 &rarr; <strong>1121<\/strong><br \/>(-31 for losing)\n|l|\u2606Logjob22\n","uploadtime":1699774799,"views":6,"p1id":"aprivate","p2id":"logjob22","formatid":"gen9nationaldex","rating":1100,"private":0,"password":""}