{"id":"gen9nationaldex-1999054837","p1":"Aquanots","p2":"Xander#8155","format":"[Gen 9] National Dex","log":"|html|<div class=\"broadcast-blue\"><strong>[Gen 9] National Dex is currently suspecting Sneasler! For information on how to participate check out the <a href=\"https:\/\/www.smogon.com\/forums\/threads\/sv-national-dex-suspect-8-just-dance.3731534\/\">suspect thread<\/a>.<\/strong><\/div>\n|j|\u2606Aquanots\n|j|\u2606Xander#8155\n|t:|1701028297\n|gametype|singles\n|player|p1|Aquanots|shadowtriad|1155\n|player|p2|Xander#8155|grimsley|1140\n|teamsize|p1|6\n|teamsize|p2|6\n|gen|9\n|tier|[Gen 9] National Dex\n|rated|\n|rule|HP Percentage Mod: HP is shown in percentages\n|rule|Endless Battle Clause: Forcing endless battles is banned\n|rule|OHKO Clause: OHKO moves are banned\n|rule|Evasion Clause: Evasion abilities, items, and moves are banned\n|rule|Evasion Abilities Clause: Evasion abilities are banned\n|rule|Evasion Items Clause: Evasion items are banned\n|rule|Evasion Moves Clause: Evasion moves are banned\n|rule|Species Clause: Limit one of each Pok\u00e9mon\n|rule|Sleep Clause Mod: Limit one foe put to sleep\n|clearpoke\n|poke|p1|Pelipper, M|\n|poke|p1|Greninja-*, M|\n|poke|p1|Quaquaval, M|\n|poke|p1|Empoleon, M|\n|poke|p1|Ogerpon-Wellspring, F|\n|poke|p1|Quagsire, M|\n|poke|p2|Flygon, F|\n|poke|p2|Cacturne, M|\n|poke|p2|Hippowdon, M|\n|poke|p2|Miltank, F|\n|poke|p2|Excadrill, M|\n|poke|p2|Mudsdale, M|\n|teampreview\n|\n|t:|1701028307\n|start\n|switch|p1a: Greninja|Greninja, M|100\/100\n|switch|p2a: Hippowdon|Hippowdon, M|100\/100\n|-weather|Sandstorm|[from] ability: Sand Stream|[of] p2a: Hippowdon\n|turn|1\n|c|\u2606Xander#8155|Oh no\n|\n|t:|1701028314\n|switch|p2a: Cacturne|Cacturne, M|100\/100\n|move|p1a: Greninja|Surf|p2a: Cacturne\n|-immune|p2a: Cacturne|[from] ability: Water Absorb\n|\n|-weather|Sandstorm|[upkeep]\n|-damage|p1a: Greninja|95\/100|[from] Sandstorm\n|-damage|p2a: Cacturne|94\/100|[from] Sandstorm\n|upkeep\n|turn|2\n|\n|t:|1701028330\n|switch|p1a: Pelipper|Pelipper, M|100\/100\n|-weather|RainDance|[from] ability: Drizzle|[of] p1a: Pelipper\n|-terastallize|p2a: Cacturne|Ghost\n|move|p2a: Cacturne|Giga Drain|p1a: Pelipper\n|-damage|p1a: Pelipper|44\/100\n|-heal|p2a: Cacturne|100\/100|[from] drain|[of] p1a: Pelipper\n|\n|-weather|RainDance|[upkeep]\n|upkeep\n|turn|3\n|\n|t:|1701028343\n|move|p2a: Cacturne|Spikes|p1a: Pelipper\n|-sidestart|p1: Aquanots|Spikes\n|move|p1a: Pelipper|Hurricane|p2a: Cacturne\n|-enditem|p2a: Cacturne|Focus Sash\n|-damage|p2a: Cacturne|1\/100\n|-damage|p1a: Pelipper|35\/100|[from] item: Life Orb\n|\n|-weather|RainDance|[upkeep]\n|upkeep\n|turn|4\n|\n|t:|1701028369\n|switch|p1a: Greninja|Greninja, M|95\/100\n|-damage|p1a: Greninja|82\/100|[from] Spikes\n|move|p2a: Cacturne|Destiny Bond|p2a: Cacturne\n|-singlemove|p2a: Cacturne|Destiny Bond\n|\n|-weather|RainDance|[upkeep]\n|upkeep\n|turn|5\n|inactive|Battle timer is ON: inactive players will automatically lose when time's up. (requested by Aquanots)\n|\n|t:|1701028394\n|switch|p1a: Empoleon|Empoleon, M|100\/100\n|-damage|p1a: Empoleon|88\/100|[from] Spikes\n|move|p2a: Cacturne|Giga Drain|p1a: Empoleon\n|-damage|p1a: Empoleon|48\/100\n|-heal|p2a: Cacturne|23\/100|[from] drain|[of] p1a: Empoleon\n|\n|-weather|RainDance|[upkeep]\n|upkeep\n|turn|6\n|\n|t:|1701028409\n|move|p1a: Empoleon|Blizzard|p2a: Cacturne|[miss]\n|-miss|p1a: Empoleon|p2a: Cacturne\n|-enditem|p1a: Empoleon|Blunder Policy\n|-boost|p1a: Empoleon|spe|2\n|move|p2a: Cacturne|Destiny Bond|p2a: Cacturne\n|-singlemove|p2a: Cacturne|Destiny Bond\n|\n|-weather|none\n|upkeep\n|turn|7\n|\n|t:|1701028418\n|move|p1a: Empoleon|Vacuum Wave|p2a: Cacturne\n|-immune|p2a: Cacturne\n|move|p2a: Cacturne|Giga Drain|p1a: Empoleon\n|-damage|p1a: Empoleon|3\/100\n|-heal|p2a: Cacturne|48\/100|[from] drain|[of] p1a: Empoleon\n|\n|upkeep\n|turn|8\n|\n|t:|1701028428\n|move|p1a: Empoleon|Hydro Pump|p2a: Cacturne\n|-heal|p2a: Cacturne|73\/100|[from] ability: Water Absorb|[of] p1a: Empoleon\n|move|p2a: Cacturne|Destiny Bond|p2a: Cacturne\n|-singlemove|p2a: Cacturne|Destiny Bond\n|\n|upkeep\n|turn|9\n|c|\u2606Aquanots|I forgot\n|-message|Aquanots forfeited.\n|\n|win|Xander#8155\n|raw|Aquanots's rating: 1155 &rarr; <strong>1129<\/strong><br \/>(-26 for losing)\n|raw|Xander#8155's rating: 1140 &rarr; <strong>1166<\/strong><br \/>(+26 for winning)\n|l|\u2606Aquanots\n","uploadtime":1701028452,"views":22,"p1id":"aquanots","p2id":"xander8155","formatid":"gen9nationaldex","rating":1129,"private":0,"password":""}