{"id":"gen9nationaldex-1987727766","p1":"RedHoodKat","p2":"The power of ROCK","format":"[Gen 9] National Dex","log":"|j|\u2606RedHoodKat\n|j|\u2606The power of ROCK\n|t:|1699631459\n|gametype|singles\n|player|p1|RedHoodKat|colress|\n|player|p2|The power of ROCK|roark|\n|teamsize|p1|6\n|teamsize|p2|6\n|gen|9\n|tier|[Gen 9] National Dex\n|rule|HP Percentage Mod: HP is shown in percentages\n|rule|Endless Battle Clause: Forcing endless battles is banned\n|rule|OHKO Clause: OHKO moves are banned\n|rule|Evasion Clause: Evasion abilities, items, and moves are banned\n|rule|Evasion Abilities Clause: Evasion abilities are banned\n|rule|Evasion Items Clause: Evasion items are banned\n|rule|Evasion Moves Clause: Evasion moves are banned\n|rule|Species Clause: Limit one of each Pok\u00e9mon\n|rule|Sleep Clause Mod: Limit one foe put to sleep\n|clearpoke\n|poke|p1|Scizor, M|\n|poke|p1|Bisharp, M|\n|poke|p1|Excadrill, M|\n|poke|p1|Goodra-Hisui, F|\n|poke|p1|Empoleon, M|\n|poke|p1|Lucario, M|\n|poke|p2|Tyranitar, M|\n|poke|p2|Garganacl, F|\n|poke|p2|Aggron, F|\n|poke|p2|Cradily, F|\n|poke|p2|Glimmora, M|\n|poke|p2|Stakataka|\n|teampreview\n|j| Reality_Check56\n|c| Reality_Check56|lol\n|c|\u2606The power of ROCK|Welcome to the ROCK gym\n|j| BeeZeeSD\n|c| BeeZeeSD|Ought to be interesting\n|c| Reality_Check56|lol\n|c| Reality_Check56|yes\n|c| BeeZeeSD|ROCK, how many do you plan on bonking with Staka?\n|c| Reality_Check56|they weak to each other\n|c|\u2606The power of ROCK|lol well\n|c|\u2606RedHoodKat|in our recent matches he hasnt used it\n|c|\u2606The power of ROCK|the last time i played this guy i havent used it one\n|c|\u2606The power of ROCK|once*\n|c|\u2606The power of ROCK|lol\n|\n|t:|1699631575\n|start\n|switch|p1a: Lucario|Lucario, M|100\/100\n|switch|p2a: Cradily|Cradily, F|100\/100\n|turn|1\n|\n|t:|1699631582\n|switch|p2a: Glimmora|Glimmora, M|100\/100\n|move|p1a: Lucario|Flash Cannon|p2a: Glimmora\n|-supereffective|p2a: Glimmora\n|-damage|p2a: Glimmora|2\/100\n|\n|upkeep\n|turn|2\n|\n|t:|1699631589\n|move|p2a: Glimmora|Earth Power|p1a: Lucario\n|-supereffective|p1a: Lucario\n|-damage|p1a: Lucario|1\/100\n|move|p1a: Lucario|Aura Sphere|p2a: Glimmora\n|-damage|p2a: Glimmora|0 fnt\n|faint|p2a: Glimmora\n|\n|upkeep\n|c|\u2606RedHoodKat|1 hp lol\n|\n|t:|1699631616\n|switch|p2a: Tyranitar|Tyranitar, M|100\/100\n|-weather|Sandstorm|[from] ability: Sand Stream|[of] p2a: Tyranitar\n|turn|3\n|\n|t:|1699631622\n|move|p1a: Lucario|Aura Sphere|p2a: Tyranitar\n|-supereffective|p2a: Tyranitar\n|-damage|p2a: Tyranitar|55\/100\n|move|p2a: Tyranitar|Pursuit|p1a: Lucario\n|-resisted|p1a: Lucario\n|-damage|p1a: Lucario|0 fnt\n|faint|p1a: Lucario\n|\n|-weather|Sandstorm|[upkeep]\n|upkeep\n|c| BeeZeeSD|Stakataka honestly always puts so much work in\n|\n|t:|1699631634\n|switch|p1a: 2 Sharp|Bisharp, M, shiny|100\/100\n|turn|4\n|c|\u2606The power of ROCK|yeah\n|\n|t:|1699631643\n|switch|p2a: Stakataka|Stakataka|100\/100\n|move|p1a: 2 Sharp|Swords Dance|p1a: 2 Sharp\n|-boost|p1a: 2 Sharp|atk|2\n|\n|-weather|Sandstorm|[upkeep]\n|upkeep\n|turn|5\n|\n|t:|1699631651\n|move|p1a: 2 Sharp|Brick Break|p2a: Stakataka\n|-supereffective|p2a: Stakataka\n|-enditem|p2a: Stakataka|Focus Sash\n|-damage|p2a: Stakataka|1\/100\n|move|p2a: Stakataka|Trick Room|p2a: Stakataka\n|-fieldstart|move: Trick Room|[of] p2a: Stakataka\n|\n|-weather|Sandstorm|[upkeep]\n|upkeep\n|turn|6\n|\n|t:|1699631655\n|move|p1a: 2 Sharp|Sucker Punch|p2a: Stakataka\n|-damage|p2a: Stakataka|0 fnt\n|faint|p2a: Stakataka\n|\n|-weather|Sandstorm|[upkeep]\n|upkeep\n|\n|t:|1699631658\n|switch|p2a: Aggron|Aggron, F|100\/100\n|turn|7\n|c|\u2606RedHoodKat|:)\n|\n|t:|1699631663\n|detailschange|p2a: Aggron|Aggron-Mega, F\n|-mega|p2a: Aggron|Aggron|Aggronite\n|move|p2a: Aggron|Iron Defense|p2a: Aggron\n|-boost|p2a: Aggron|def|2\n|move|p1a: 2 Sharp|Brick Break|p2a: Aggron\n|-supereffective|p2a: Aggron\n|-damage|p2a: Aggron|85\/100\n|\n|-weather|none\n|upkeep\n|turn|8\n|\n|t:|1699631668\n|move|p2a: Aggron|Body Press|p1a: 2 Sharp\n|-supereffective|p1a: 2 Sharp\n|-damage|p1a: 2 Sharp|0 fnt\n|faint|p1a: 2 Sharp\n|\n|upkeep\n|\n|t:|1699631675\n|switch|p1a: Beats Paper|Scizor, M|100\/100\n|turn|9\n|\n|t:|1699631680\n|move|p2a: Aggron|Iron Defense|p2a: Aggron\n|-boost|p2a: Aggron|def|2\n|move|p1a: Beats Paper|Brick Break|p2a: Aggron\n|-supereffective|p2a: Aggron\n|-damage|p2a: Aggron|80\/100\n|\n|-fieldend|move: Trick Room\n|upkeep\n|turn|10\n|\n|t:|1699631683\n|switch|p1a: Peguins Madagascar|Empoleon, M|100\/100\n|move|p2a: Aggron|Body Press|p1a: Peguins Madagascar\n|-supereffective|p1a: Peguins Madagascar\n|-damage|p1a: Peguins Madagascar|0 fnt\n|faint|p1a: Peguins Madagascar\n|\n|upkeep\n|\n|t:|1699631688\n|switch|p1a: Immortal Killer|Goodra-Hisui, F, shiny|100\/100\n|turn|11\n|\n|t:|1699631696\n|move|p1a: Immortal Killer|Flamethrower|p2a: Aggron\n|-supereffective|p2a: Aggron\n|-damage|p2a: Aggron|25\/100\n|move|p2a: Aggron|Body Press|p1a: Immortal Killer\n|-supereffective|p1a: Immortal Killer\n|-damage|p1a: Immortal Killer|0 fnt\n|-damage|p2a: Aggron|8\/100|[from] item: Rocky Helmet|[of] p1a: Immortal Killer\n|-ability|p1a: Immortal Killer|Gooey\n|-unboost|p2a: Aggron|spe|1\n|faint|p1a: Immortal Killer\n|\n|upkeep\n|\n|t:|1699631702\n|switch|p1a: Beats Paper|Scizor, M|100\/100\n|turn|12\n|\n|t:|1699631705\n|move|p1a: Beats Paper|Brick Break|p2a: Aggron\n|-supereffective|p2a: Aggron\n|-damage|p2a: Aggron|3\/100\n|move|p2a: Aggron|Body Press|p1a: Beats Paper\n|-damage|p1a: Beats Paper|0 fnt\n|faint|p1a: Beats Paper\n|\n|upkeep\n|\n|t:|1699631710\n|switch|p1a: Mole Man|Excadrill, M|100\/100\n|-ability|p1a: Mole Man|Mold Breaker\n|turn|13\n|c| Reality_Check56|lol\n|\n|t:|1699631715\n|move|p1a: Mole Man|Rapid Spin|p2a: Aggron\n|-resisted|p2a: Aggron\n|-damage|p2a: Aggron|1\/100\n|-boost|p1a: Mole Man|spe|1\n|move|p2a: Aggron|Body Press|p1a: Mole Man\n|-supereffective|p1a: Mole Man\n|-damage|p1a: Mole Man|0 fnt\n|faint|p1a: Mole Man\n|\n|win|The power of ROCK\n|c| Reality_Check56|thats hard to kill\n|c|\u2606RedHoodKat|gg\n|c|\u2606The power of ROCK|gg xD\n|l|\u2606RedHoodKat\n","uploadtime":1699631722,"views":4,"p1id":"redhoodkat","p2id":"thepowerofrock","formatid":"gen9nationaldex","rating":0,"private":0,"password":""}