{"id":"gen9nationaldex-1999010844","p1":"bignutta","p2":"TeaBooker","format":"[Gen 9] National Dex","log":"|html|<div class=\"broadcast-blue\"><strong>[Gen 9] National Dex is currently suspecting Sneasler! For information on how to participate check out the <a href=\"https:\/\/www.smogon.com\/forums\/threads\/sv-national-dex-suspect-8-just-dance.3731534\/\">suspect thread<\/a>.<\/strong><\/div>\n|j|\u2606bignutta\n|j|\u2606TeaBooker\n|t:|1701023616\n|gametype|singles\n|player|p1|bignutta|brycenman|1148\n|player|p2|TeaBooker|ash-kalos|1195\n|teamsize|p1|6\n|teamsize|p2|6\n|gen|9\n|tier|[Gen 9] National Dex\n|rated|\n|rule|HP Percentage Mod: HP is shown in percentages\n|rule|Endless Battle Clause: Forcing endless battles is banned\n|rule|OHKO Clause: OHKO moves are banned\n|rule|Evasion Clause: Evasion abilities, items, and moves are banned\n|rule|Evasion Abilities Clause: Evasion abilities are banned\n|rule|Evasion Items Clause: Evasion items are banned\n|rule|Evasion Moves Clause: Evasion moves are banned\n|rule|Species Clause: Limit one of each Pok\u00e9mon\n|rule|Sleep Clause Mod: Limit one foe put to sleep\n|clearpoke\n|poke|p1|Mamoswine, F|\n|poke|p1|Absol, F|\n|poke|p1|Maractus, L1, F|\n|poke|p1|Quaquaval, M|\n|poke|p1|Oricorio-Sensu, M|\n|poke|p1|Bisharp, M|\n|poke|p2|Lopunny, M|\n|poke|p2|Crobat, F|\n|poke|p2|Golem, F|\n|poke|p2|Accelgor, F|\n|poke|p2|Polteageist|\n|poke|p2|Heatran, M|\n|teampreview\n|inactive|Battle timer is ON: inactive players will automatically lose when time's up. (requested by TeaBooker)\n|\n|t:|1701023646\n|start\n|switch|p1a: Absol|Absol, F|100\/100\n|switch|p2a: Lopunny|Lopunny, M, shiny|100\/100\n|turn|1\n|\n|t:|1701023672\n|detailschange|p2a: Lopunny|Lopunny-Mega, M, shiny\n|-mega|p2a: Lopunny|Lopunny|Lopunnite\n|detailschange|p1a: Absol|Absol-Mega, F\n|-mega|p1a: Absol|Absol|Absolite\n|move|p2a: Lopunny|Fake Out|p1a: Absol\n|-damage|p1a: Absol|61\/100\n|cant|p1a: Absol|flinch\n|\n|upkeep\n|turn|2\n|inactive|bignutta has 120 seconds left.\n|\n|t:|1701023688\n|move|p2a: Lopunny|U-turn|p1a: Absol\n|-supereffective|p1a: Absol\n|-damage|p1a: Absol|0 fnt\n|faint|p1a: Absol\n|\n|t:|1701023698\n|switch|p2a: Golem|Golem, F|100\/100|[from] U-turn\n|\n|upkeep\n|\n|t:|1701023703\n|switch|p1a: Mamoswine|Mamoswine, F, shiny|100\/100\n|turn|3\n|\n|t:|1701023710\n|move|p2a: Golem|Stealth Rock|p1a: Mamoswine\n|-sidestart|p1: bignutta|move: Stealth Rock\n|move|p1a: Mamoswine|Trailblaze|p2a: Golem\n|-supereffective|p2a: Golem\n|-damage|p2a: Golem|30\/100\n|-boost|p1a: Mamoswine|spe|1\n|\n|upkeep\n|turn|4\n|\n|t:|1701023720\n|move|p1a: Mamoswine|Trailblaze|p2a: Golem\n|-supereffective|p2a: Golem\n|-damage|p2a: Golem|0 fnt\n|-boost|p1a: Mamoswine|spe|1\n|faint|p2a: Golem\n|\n|upkeep\n|\n|t:|1701023734\n|switch|p2a: Heatran|Heatran, M|100\/100\n|turn|5\n|\n|t:|1701023739\n|move|p2a: Heatran|Protect|p2a: Heatran\n|-singleturn|p2a: Heatran|Protect\n|move|p1a: Mamoswine|Earthquake|p2a: Heatran\n|-activate|p2a: Heatran|move: Protect\n|\n|upkeep\n|turn|6\n|\n|t:|1701023757\n|-terastallize|p2a: Heatran|Grass\n|move|p1a: Mamoswine|Trailblaze|p2a: Heatran\n|-resisted|p2a: Heatran\n|-damage|p2a: Heatran|94\/100\n|-boost|p1a: Mamoswine|spe|1\n|move|p2a: Heatran|Magma Storm|p1a: Mamoswine\n|-supereffective|p1a: Mamoswine\n|-damage|p1a: Mamoswine|65\/100\n|-activate|p1a: Mamoswine|move: Magma Storm|[of] p2a: Heatran\n|\n|-heal|p2a: Heatran|99\/100|[from] item: Leftovers\n|-damage|p1a: Mamoswine|52\/100|[from] move: Magma Storm|[partiallytrapped]\n|upkeep\n|turn|7\n|\n|t:|1701023772\n|move|p2a: Heatran|Protect|p2a: Heatran\n|-singleturn|p2a: Heatran|Protect\n|move|p1a: Mamoswine|Ice Shard|p2a: Heatran\n|-activate|p2a: Heatran|move: Protect\n|\n|-heal|p2a: Heatran|100\/100|[from] item: Leftovers\n|-damage|p1a: Mamoswine|40\/100|[from] move: Magma Storm|[partiallytrapped]\n|upkeep\n|turn|8\n|\n|t:|1701023781\n|move|p1a: Mamoswine|Ice Shard|p2a: Heatran\n|-supereffective|p2a: Heatran\n|-damage|p2a: Heatran|69\/100\n|move|p2a: Heatran|Toxic|p1a: Mamoswine\n|-status|p1a: Mamoswine|tox\n|\n|-heal|p2a: Heatran|76\/100|[from] item: Leftovers\n|-damage|p1a: Mamoswine|34\/100 tox|[from] psn\n|-damage|p1a: Mamoswine|21\/100 tox|[from] move: Magma Storm|[partiallytrapped]\n|upkeep\n|turn|9\n|\n|t:|1701023794\n|move|p2a: Heatran|Protect|p2a: Heatran\n|-singleturn|p2a: Heatran|Protect\n|move|p1a: Mamoswine|Ice Shard|p2a: Heatran\n|-activate|p2a: Heatran|move: Protect\n|\n|-heal|p2a: Heatran|82\/100|[from] item: Leftovers\n|-damage|p1a: Mamoswine|9\/100 tox|[from] psn\n|-damage|p1a: Mamoswine|0 fnt|[from] move: Magma Storm|[partiallytrapped]\n|faint|p1a: Mamoswine\n|upkeep\n|\n|t:|1701023806\n|switch|p1a: Quaquaval|Quaquaval, M|100\/100\n|-damage|p1a: Quaquaval|94\/100|[from] Stealth Rock\n|turn|10\n|\n|t:|1701023813\n|move|p1a: Quaquaval|Rapid Spin|p2a: Heatran\n|-damage|p2a: Heatran|70\/100\n|-boost|p1a: Quaquaval|spe|1\n|-status|p1a: Quaquaval|brn|[from] ability: Flame Body|[of] p2a: Heatran\n|-enditem|p1a: Quaquaval|Lum Berry|[eat]\n|-curestatus|p1a: Quaquaval|brn|[msg]\n|-sideend|p1: bignutta|Stealth Rock|[from] move: Rapid Spin|[of] p1a: Quaquaval\n|move|p2a: Heatran|Toxic|p1a: Quaquaval\n|-status|p1a: Quaquaval|tox\n|\n|-heal|p2a: Heatran|76\/100|[from] item: Leftovers\n|-damage|p1a: Quaquaval|88\/100 tox|[from] psn\n|upkeep\n|turn|11\n|\n|t:|1701023832\n|move|p1a: Quaquaval|Encore|p2a: Heatran\n|-start|p2a: Heatran|Encore\n|move|p2a: Heatran|Toxic|p1a: Quaquaval|[miss]\n|-miss|p2a: Heatran|p1a: Quaquaval\n|\n|-heal|p2a: Heatran|82\/100|[from] item: Leftovers\n|-damage|p1a: Quaquaval|76\/100 tox|[from] psn\n|upkeep\n|turn|12\n|\n|t:|1701023843\n|switch|p2a: Crobat|Crobat, F|100\/100\n|move|p1a: Quaquaval|Close Combat|p2a: Crobat\n|-resisted|p2a: Crobat\n|-damage|p2a: Crobat|84\/100\n|-unboost|p1a: Quaquaval|def|1\n|-unboost|p1a: Quaquaval|spd|1\n|\n|-damage|p1a: Quaquaval|58\/100 tox|[from] psn\n|upkeep\n|turn|13\n|\n|t:|1701023856\n|switch|p1a: Bisharp|Bisharp, M|100\/100\n|move|p2a: Crobat|Super Fang|p1a: Bisharp\n|-damage|p1a: Bisharp|50\/100\n|\n|upkeep\n|turn|14\n|\n|t:|1701023863\n|move|p2a: Crobat|U-turn|p1a: Bisharp\n|-crit|p1a: Bisharp\n|-damage|p1a: Bisharp|37\/100\n|\n|t:|1701023866\n|switch|p2a: Heatran|Heatran, M, tera:Grass|82\/100|[from] U-turn\n|move|p1a: Bisharp|Iron Head|p2a: Heatran\n|-damage|p2a: Heatran|53\/100\n|-status|p1a: Bisharp|brn|[from] ability: Flame Body|[of] p2a: Heatran\n|\n|-heal|p2a: Heatran|59\/100|[from] item: Leftovers\n|-damage|p1a: Bisharp|31\/100 brn|[from] brn\n|upkeep\n|turn|15\n|\n|t:|1701023880\n|move|p2a: Heatran|Magma Storm|p1a: Bisharp\n|-supereffective|p1a: Bisharp\n|-damage|p1a: Bisharp|0 fnt\n|faint|p1a: Bisharp\n|\n|-heal|p2a: Heatran|66\/100|[from] item: Leftovers\n|upkeep\n|\n|t:|1701023891\n|switch|p1a: Maractus|Maractus, L1, F|100\/100\n|turn|16\n|\n|t:|1701023895\n|move|p2a: Heatran|Magma Storm|p1a: Maractus\n|-supereffective|p1a: Maractus\n|-enditem|p1a: Maractus|Focus Sash\n|-damage|p1a: Maractus|9\/100\n|-activate|p1a: Maractus|move: Magma Storm|[of] p2a: Heatran\n|move|p1a: Maractus|Endeavor|p2a: Heatran\n|-damage|p2a: Heatran|1\/100\n|-status|p1a: Maractus|brn|[from] ability: Flame Body|[of] p2a: Heatran\n|\n|-heal|p2a: Heatran|7\/100|[from] item: Leftovers\n|-damage|p1a: Maractus|0 fnt|[from] brn\n|faint|p1a: Maractus\n|upkeep\n|c|\u2606bignutta|gotta love burn activate every time possible\n|inactive|bignutta has 120 seconds left.\n|-message|bignutta forfeited.\n|\n|win|TeaBooker\n|raw|bignutta's rating: 1148 &rarr; <strong>1126<\/strong><br \/>(-22 for losing)\n|raw|TeaBooker's rating: 1195 &rarr; <strong>1217<\/strong><br \/>(+22 for winning)\n|l|\u2606bignutta\n","uploadtime":1701023953,"views":11,"p1id":"bignutta","p2id":"teabooker","formatid":"gen9nationaldex","rating":1126,"private":0,"password":""}