{"id":"gen9nationaldex-1998996285","p1":"MasterList2015","p2":"BurningPizza11","format":"[Gen 9] National Dex","log":"|html|<div class=\"broadcast-blue\"><strong>[Gen 9] National Dex is currently suspecting Sneasler! For information on how to participate check out the <a href=\"https:\/\/www.smogon.com\/forums\/threads\/sv-national-dex-suspect-8-just-dance.3731534\/\">suspect thread<\/a>.<\/strong><\/div>\n|j|\u2606MasterList2015\n|j|\u2606BurningPizza11\n|t:|1701022048\n|gametype|singles\n|player|p1|MasterList2015|red|1150\n|player|p2|BurningPizza11|firebreather|1083\n|teamsize|p1|6\n|teamsize|p2|6\n|gen|9\n|tier|[Gen 9] National Dex\n|rated|\n|rule|HP Percentage Mod: HP is shown in percentages\n|rule|Endless Battle Clause: Forcing endless battles is banned\n|rule|OHKO Clause: OHKO moves are banned\n|rule|Evasion Clause: Evasion abilities, items, and moves are banned\n|rule|Evasion Abilities Clause: Evasion abilities are banned\n|rule|Evasion Items Clause: Evasion items are banned\n|rule|Evasion Moves Clause: Evasion moves are banned\n|rule|Species Clause: Limit one of each Pok\u00e9mon\n|rule|Sleep Clause Mod: Limit one foe put to sleep\n|clearpoke\n|poke|p1|Pikachu-Kalos, M|\n|poke|p1|Charizard, F|\n|poke|p1|Krookodile, F|\n|poke|p1|Greninja-*, M|\n|poke|p1|Infernape, F|\n|poke|p1|Sceptile, F|\n|poke|p2|Victini|\n|poke|p2|Slurpuff, M|\n|poke|p2|Lycanroc-Midnight, F|\n|poke|p2|Buzzwole|\n|poke|p2|Infernape, F|\n|poke|p2|Charizard, F|\n|teampreview\n|\n|t:|1701022061\n|start\n|switch|p1a: Pikachu|Pikachu-Kalos, M|100\/100\n|switch|p2a: Lycanroc|Lycanroc-Midnight, F|100\/100\n|turn|1\n|\n|t:|1701022070\n|move|p1a: Pikachu|Fake Out|p2a: Lycanroc\n|-resisted|p2a: Lycanroc\n|-damage|p2a: Lycanroc|89\/100\n|cant|p2a: Lycanroc|flinch\n|\n|upkeep\n|turn|2\n|\n|t:|1701022075\n|switch|p1a: Krookodile|Krookodile, F|100\/100\n|-ability|p1a: Krookodile|Intimidate|boost\n|-unboost|p2a: Lycanroc|atk|1\n|move|p2a: Lycanroc|Stone Edge|p1a: Krookodile\n|-resisted|p1a: Krookodile\n|-damage|p1a: Krookodile|81\/100\n|\n|upkeep\n|turn|3\n|\n|t:|1701022081\n|switch|p2a: Charizard|Charizard, F|100\/100\n|move|p1a: Krookodile|Stealth Rock|p2a: Charizard\n|-sidestart|p2: BurningPizza11|move: Stealth Rock\n|\n|upkeep\n|turn|4\n|\n|t:|1701022085\n|switch|p1a: Sceptile|Sceptile, F|100\/100\n|detailschange|p2a: Charizard|Charizard-Mega-Y, F\n|-mega|p2a: Charizard|Charizard|Charizardite Y\n|-weather|SunnyDay|[from] ability: Drought|[of] p2a: Charizard\n|move|p2a: Charizard|Solar Beam||[still]\n|-prepare|p2a: Charizard|Solar Beam\n|-anim|p2a: Charizard|Solar Beam|p1a: Sceptile\n|-resisted|p1a: Sceptile\n|-damage|p1a: Sceptile|68\/100\n|\n|-weather|SunnyDay|[upkeep]\n|upkeep\n|turn|5\n|\n|t:|1701022088\n|move|p1a: Sceptile|Hidden Power|p2a: Charizard\n|-supereffective|p2a: Charizard\n|-damage|p2a: Charizard|0 fnt\n|faint|p2a: Charizard\n|\n|-weather|SunnyDay|[upkeep]\n|upkeep\n|\n|t:|1701022093\n|switch|p2a: Victini|Victini|100\/100\n|-damage|p2a: Victini|76\/100|[from] Stealth Rock\n|turn|6\n|\n|t:|1701022095\n|move|p1a: Sceptile|Hidden Power|p2a: Victini\n|-supereffective|p2a: Victini\n|-damage|p2a: Victini|22\/100\n|-zpower|p2a: Victini\n|move|p2a: Victini|Z-Celebrate|p2a: Victini|[anim]Celebrate\n|-boost|p2a: Victini|atk|1|[zeffect]\n|-boost|p2a: Victini|def|1|[zeffect]\n|-boost|p2a: Victini|spa|1|[zeffect]\n|-boost|p2a: Victini|spd|1|[zeffect]\n|-boost|p2a: Victini|spe|1|[zeffect]\n|-activate|p2a: Victini|move: Celebrate\n|\n|-weather|SunnyDay|[upkeep]\n|upkeep\n|turn|7\n|\n|t:|1701022112\n|move|p2a: Victini|Searing Shot|p1a: Sceptile\n|-supereffective|p1a: Sceptile\n|-damage|p1a: Sceptile|0 fnt\n|faint|p1a: Sceptile\n|\n|-weather|SunnyDay|[upkeep]\n|upkeep\n|\n|t:|1701022114\n|switch|p1a: Pikachu|Pikachu-Kalos, M|100\/100\n|turn|8\n|\n|t:|1701022119\n|move|p1a: Pikachu|Fake Out|p2a: Victini\n|-damage|p2a: Victini|11\/100\n|cant|p2a: Victini|flinch\n|\n|-weather|none\n|upkeep\n|turn|9\n|\n|t:|1701022125\n|switch|p1a: Krookodile|Krookodile, F|81\/100\n|-ability|p1a: Krookodile|Intimidate|boost\n|-unboost|p2a: Victini|atk|1\n|move|p2a: Victini|Searing Shot|p1a: Krookodile\n|-damage|p1a: Krookodile|0 fnt\n|faint|p1a: Krookodile\n|\n|upkeep\n|\n|t:|1701022127\n|switch|p1a: Greninja|Greninja, M|100\/100\n|turn|10\n|\n|t:|1701022131\n|switch|p2a: Buzzwole|Buzzwole|100\/100\n|-damage|p2a: Buzzwole|88\/100|[from] Stealth Rock\n|move|p1a: Greninja|Water Shuriken|p2a: Buzzwole\n|-damage|p2a: Buzzwole|78\/100\n|-damage|p2a: Buzzwole|66\/100\n|-crit|p2a: Buzzwole\n|-damage|p2a: Buzzwole|50\/100\n|-hitcount|p2a: Buzzwole|3\n|\n|-heal|p2a: Buzzwole|56\/100|[from] item: Leftovers\n|upkeep\n|turn|11\n|\n|t:|1701022138\n|switch|p1a: Charizard|Charizard, F|100\/100\n|move|p2a: Buzzwole|Hammer Arm|p1a: Charizard\n|-resisted|p1a: Charizard\n|-damage|p1a: Charizard|68\/100\n|-unboost|p2a: Buzzwole|spe|1\n|\n|-heal|p2a: Buzzwole|63\/100|[from] item: Leftovers\n|upkeep\n|turn|12\n|\n|t:|1701022142\n|switch|p2a: Victini|Victini|11\/100\n|-damage|p2a: Victini|0 fnt|[from] Stealth Rock\n|faint|p2a: Victini\n|move|p1a: Charizard|Air Slash|p2: Victini|[notarget]\n|-fail|p1a: Charizard\n|\n|upkeep\n|\n|t:|1701022147\n|switch|p2a: Lycanroc|Lycanroc-Midnight, F|89\/100\n|-damage|p2a: Lycanroc|77\/100|[from] Stealth Rock\n|turn|13\n|\n|t:|1701022152\n|move|p2a: Lycanroc|Stone Edge|p1a: Charizard\n|-supereffective|p1a: Charizard\n|-damage|p1a: Charizard|0 fnt\n|faint|p1a: Charizard\n|\n|upkeep\n|\n|t:|1701022157\n|switch|p1a: Greninja|Greninja, M|100\/100\n|turn|14\n|\n|t:|1701022162\n|switch|p2a: Slurpuff|Slurpuff, M|100\/100\n|-damage|p2a: Slurpuff|88\/100|[from] Stealth Rock\n|move|p1a: Greninja|Scald|p2a: Slurpuff\n|-damage|p2a: Slurpuff|24\/100\n|-enditem|p2a: Slurpuff|Sitrus Berry|[eat]\n|-heal|p2a: Slurpuff|49\/100|[from] item: Sitrus Berry\n|\n|upkeep\n|turn|15\n|\n|t:|1701022169\n|move|p2a: Slurpuff|Play Rough|p1a: Greninja\n|-supereffective|p1a: Greninja\n|-damage|p1a: Greninja|0 fnt\n|faint|p1a: Greninja\n|\n|upkeep\n|\n|t:|1701022172\n|switch|p1a: Infernape|Infernape, F|100\/100\n|turn|16\n|\n|t:|1701022175\n|move|p2a: Slurpuff|Play Rough|p1a: Infernape\n|-damage|p1a: Infernape|49\/100\n|move|p1a: Infernape|Flare Blitz|p2a: Slurpuff\n|-damage|p2a: Slurpuff|0 fnt\n|faint|p2a: Slurpuff\n|-damage|p1a: Infernape|32\/100|[from] Recoil\n|\n|upkeep\n|\n|t:|1701022179\n|switch|p2a: Lycanroc|Lycanroc-Midnight, F|77\/100\n|-damage|p2a: Lycanroc|64\/100|[from] Stealth Rock\n|turn|17\n|\n|t:|1701022184\n|-terastallize|p2a: Lycanroc|Rock\n|move|p1a: Infernape|Mach Punch|p2a: Lycanroc\n|-supereffective|p2a: Lycanroc\n|-crit|p2a: Lycanroc\n|-damage|p2a: Lycanroc|0 fnt\n|faint|p2a: Lycanroc\n|\n|upkeep\n|\n|t:|1701022192\n|switch|p2a: Infernape|Infernape, F|100\/100\n|-damage|p2a: Infernape|88\/100|[from] Stealth Rock\n|turn|18\n|\n|t:|1701022194\n|move|p2a: Infernape|Swords Dance|p2a: Infernape\n|-boost|p2a: Infernape|atk|2\n|move|p1a: Infernape|Close Combat|p2a: Infernape\n|-damage|p2a: Infernape|0 fnt\n|-unboost|p1a: Infernape|def|1\n|-unboost|p1a: Infernape|spd|1\n|faint|p2a: Infernape\n|\n|upkeep\n|-message|BurningPizza11 forfeited.\n|\n|win|MasterList2015\n|raw|MasterList2015's rating: 1150 &rarr; <strong>1170<\/strong><br \/>(+20 for winning)\n|raw|BurningPizza11's rating: 1083 &rarr; <strong>1065<\/strong><br \/>(-18 for losing)\n|l|\u2606BurningPizza11\n","uploadtime":1701022205,"views":4,"p1id":"masterlist2015","p2id":"burningpizza11","formatid":"gen9nationaldex","rating":1065,"private":0,"password":""}