{"id":"gen9nationaldex-1998463939","p1":"Reine Booette","p2":"Onlymanever","format":"[Gen 9] National Dex","log":"|html|<div class=\"broadcast-blue\"><strong>[Gen 9] National Dex is currently suspecting Sneasler! For information on how to participate check out the <a href=\"https:\/\/www.smogon.com\/forums\/threads\/sv-national-dex-suspect-8-just-dance.3731534\/\">suspect thread<\/a>.<\/strong><\/div>\n|j|\u2606Reine Booette\n|j|\u203dOnlymanever\n|t:|1700945206\n|gametype|singles\n|player|p1|Reine Booette|maid|1109\n|player|p2|Onlymanever|lyra|1128\n|teamsize|p1|6\n|teamsize|p2|6\n|gen|9\n|tier|[Gen 9] National Dex\n|rated|\n|rule|HP Percentage Mod: HP is shown in percentages\n|rule|Endless Battle Clause: Forcing endless battles is banned\n|rule|OHKO Clause: OHKO moves are banned\n|rule|Evasion Clause: Evasion abilities, items, and moves are banned\n|rule|Evasion Abilities Clause: Evasion abilities are banned\n|rule|Evasion Items Clause: Evasion items are banned\n|rule|Evasion Moves Clause: Evasion moves are banned\n|rule|Species Clause: Limit one of each Pok\u00e9mon\n|rule|Sleep Clause Mod: Limit one foe put to sleep\n|clearpoke\n|poke|p1|Gardevoir, F|\n|poke|p1|Garchomp, F|\n|poke|p1|Corviknight, M|\n|poke|p1|Urshifu-*, M|\n|poke|p1|Tapu Fini|\n|poke|p1|Tapu Lele|\n|poke|p2|Decidueye, F|\n|poke|p2|Bruxish, M|\n|poke|p2|Turtonator, M|\n|poke|p2|Lycanroc, F|\n|poke|p2|Komala, M|\n|poke|p2|Vikavolt, M|\n|teampreview\n|inactive|Battle timer is ON: inactive players will automatically lose when time's up. (requested by Reine Booette)\n|\n|t:|1700945224\n|start\n|switch|p1a: Garchomp|Garchomp, F|100\/100\n|switch|p2a: Vikavolt|Vikavolt, M|100\/100\n|turn|1\n|\n|t:|1700945230\n|move|p1a: Garchomp|Stealth Rock|p2a: Vikavolt\n|-sidestart|p2: Onlymanever|move: Stealth Rock\n|move|p2a: Vikavolt|Sticky Web|p1a: Garchomp\n|-sidestart|p1: Reine Booette|move: Sticky Web\n|\n|upkeep\n|turn|2\n|\n|t:|1700945238\n|move|p1a: Garchomp|Fire Blast|p2a: Vikavolt|[miss]\n|-miss|p1a: Garchomp|p2a: Vikavolt\n|move|p2a: Vikavolt|Bug Buzz|p1a: Garchomp\n|-damage|p1a: Garchomp|49\/100\n|\n|upkeep\n|turn|3\n|inactive|Onlymanever has 120 seconds left.\n|\n|t:|1700945284\n|switch|p2a: Bruxish|Bruxish, M|100\/100\n|-damage|p2a: Bruxish|88\/100|[from] Stealth Rock\n|move|p1a: Garchomp|Earthquake|p2a: Bruxish\n|-damage|p2a: Bruxish|20\/100\n|\n|-heal|p2a: Bruxish|26\/100|[from] item: Leftovers\n|upkeep\n|turn|4\n|\n|t:|1700945296\n|move|p2a: Bruxish|Wave Crash|p1a: Garchomp\n|-damage|p1a: Garchomp|15\/100\n|-damage|p2a: Bruxish|13\/100|[from] ability: Rough Skin|[of] p1a: Garchomp\n|-damage|p2a: Bruxish|0 fnt|[from] item: Rocky Helmet|[of] p1a: Garchomp\n|faint|p2a: Bruxish\n|move|p1a: Garchomp|Earthquake|p2: Bruxish|[notarget]\n|-fail|p1a: Garchomp\n|\n|upkeep\n|\n|t:|1700945314\n|switch|p2a: Lycanroc|Lycanroc, F|100\/100\n|-damage|p2a: Lycanroc|88\/100|[from] Stealth Rock\n|turn|5\n|\n|t:|1700945320\n|move|p2a: Lycanroc|Close Combat|p1a: Garchomp\n|-damage|p1a: Garchomp|0 fnt\n|-unboost|p2a: Lycanroc|def|1\n|-unboost|p2a: Lycanroc|spd|1\n|-damage|p2a: Lycanroc|76\/100|[from] ability: Rough Skin|[of] p1a: Garchomp\n|-damage|p2a: Lycanroc|59\/100|[from] item: Rocky Helmet|[of] p1a: Garchomp\n|faint|p1a: Garchomp\n|\n|-heal|p2a: Lycanroc|65\/100|[from] item: Leftovers\n|upkeep\n|\n|t:|1700945334\n|switch|p1a: Urshifu|Urshifu-Rapid-Strike, M|100\/100\n|-activate|p1a: Urshifu|move: Sticky Web\n|-unboost|p1a: Urshifu|spe|1\n|turn|6\n|\n|t:|1700945340\n|move|p2a: Lycanroc|Close Combat|p1a: Urshifu\n|-damage|p1a: Urshifu|61\/100\n|-unboost|p2a: Lycanroc|def|1\n|-unboost|p2a: Lycanroc|spd|1\n|move|p1a: Urshifu|U-turn|p2a: Lycanroc\n|-damage|p2a: Lycanroc|0 fnt\n|faint|p2a: Lycanroc\n|\n|t:|1700945348\n|switch|p1a: Corviknight|Corviknight, M|100\/100|[from] U-turn\n|-ability|p1a: Corviknight|Pressure\n|\n|upkeep\n|\n|t:|1700945354\n|switch|p2a: Turtonator|Turtonator, M|100\/100\n|-damage|p2a: Turtonator|76\/100|[from] Stealth Rock\n|turn|7\n|inactive|Onlymanever has 120 seconds left.\n|\n|t:|1700945359\n|move|p1a: Corviknight|Defog|p2a: Turtonator\n|-unboost|p2a: Turtonator|evasion|1\n|-sideend|p2: Onlymanever|Stealth Rock|[from] move: Defog|[of] p1a: Corviknight\n|-sideend|p1: Reine Booette|Sticky Web|[from] move: Defog|[of] p1a: Corviknight\n|move|p2a: Turtonator|Bulk Up|p2a: Turtonator\n|-boost|p2a: Turtonator|atk|1\n|-boost|p2a: Turtonator|def|1\n|\n|-heal|p2a: Turtonator|82\/100|[from] item: Leftovers\n|upkeep\n|turn|8\n|inactive|Onlymanever has 120 seconds left.\n|\n|t:|1700945369\n|switch|p1a: Urshifu|Urshifu-Rapid-Strike, M|61\/100\n|move|p2a: Turtonator|Bulk Up|p2a: Turtonator\n|-boost|p2a: Turtonator|atk|1\n|-boost|p2a: Turtonator|def|1\n|\n|-heal|p2a: Turtonator|88\/100|[from] item: Leftovers\n|upkeep\n|turn|9\n|\n|t:|1700945379\n|-terastallize|p1a: Urshifu|Water\n|move|p1a: Urshifu|Surging Strikes|p2a: Turtonator\n|-damage|p2a: Turtonator|78\/100\n|-damage|p2a: Turtonator|68\/100\n|-damage|p2a: Turtonator|57\/100\n|-hitcount|p2a: Turtonator|3\n|move|p2a: Turtonator|Dragon Claw|p1a: Urshifu\n|-damage|p1a: Urshifu|2\/100\n|\n|-heal|p2a: Turtonator|63\/100|[from] item: Leftovers\n|upkeep\n|turn|10\n|inactive|Onlymanever has 120 seconds left.\n|\n|t:|1700945396\n|switch|p1a: Tapu Lele|Tapu Lele, shiny|100\/100\n|-fieldstart|move: Psychic Terrain|[from] ability: Psychic Surge|[of] p1a: Tapu Lele\n|move|p2a: Turtonator|Flamethrower|p1a: Tapu Lele\n|-damage|p1a: Tapu Lele|62\/100\n|\n|-heal|p2a: Turtonator|69\/100|[from] item: Leftovers\n|upkeep\n|turn|11\n|inactive|Onlymanever has 120 seconds left.\n|\n|t:|1700945407\n|move|p1a: Tapu Lele|Moonblast|p2a: Turtonator\n|-damage|p2a: Turtonator|0 fnt\n|faint|p2a: Turtonator\n|\n|upkeep\n|inactive|Onlymanever has 120 seconds left.\n|\n|t:|1700945414\n|switch|p2a: Decidueye|Decidueye, F|100\/100\n|turn|12\n|\n|t:|1700945417\n|switch|p1a: Corviknight|Corviknight, M|100\/100\n|-ability|p1a: Corviknight|Pressure\n|move|p2a: Decidueye|Spirit Shackle|p1a: Corviknight\n|-damage|p1a: Corviknight|78\/100\n|-activate|p1a: Corviknight|trapped\n|\n|upkeep\n|turn|13\n|\n|t:|1700945427\n|move|p2a: Decidueye|Swords Dance|p2a: Decidueye\n|-boost|p2a: Decidueye|atk|2\n|move|p1a: Corviknight|U-turn|p2a: Decidueye\n|-damage|p2a: Decidueye|79\/100\n|\n|t:|1700945433\n|switch|p1a: Gardevoir|Gardevoir, F, shiny|100\/100|[from] U-turn\n|\n|-heal|p2a: Decidueye|85\/100|[from] item: Leftovers\n|upkeep\n|turn|14\n|\n|t:|1700945447\n|detailschange|p1a: Gardevoir|Gardevoir-Mega, F, shiny\n|-mega|p1a: Gardevoir|Gardevoir|Gardevoirite\n|move|p1a: Gardevoir|Mystical Fire|p2a: Decidueye\n|-supereffective|p2a: Decidueye\n|-damage|p2a: Decidueye|12\/100\n|-unboost|p2a: Decidueye|spa|1\n|move|p2a: Decidueye|Spirit Shackle|p1a: Gardevoir\n|-supereffective|p1a: Gardevoir\n|-damage|p1a: Gardevoir|0 fnt\n|faint|p1a: Gardevoir\n|\n|-heal|p2a: Decidueye|18\/100|[from] item: Leftovers\n|-fieldend|move: Psychic Terrain\n|upkeep\n|\n|t:|1700945462\n|switch|p1a: Tapu Lele|Tapu Lele, shiny|62\/100\n|-fieldstart|move: Psychic Terrain|[from] ability: Psychic Surge|[of] p1a: Tapu Lele\n|turn|15\n|\n|t:|1700945467\n|move|p1a: Tapu Lele|Moonblast|p2a: Decidueye\n|-damage|p2a: Decidueye|0 fnt\n|faint|p2a: Decidueye\n|\n|upkeep\n|\n|t:|1700945473\n|switch|p2a: Komala|Komala, M|100\/100\n|-ability|p2a: Komala|Comatose\n|turn|16\n|\n|t:|1700945478\n|switch|p1a: Corviknight|Corviknight, M|78\/100\n|-ability|p1a: Corviknight|Pressure\n|move|p2a: Komala|Body Slam|p1a: Corviknight\n|-resisted|p1a: Corviknight\n|-damage|p1a: Corviknight|66\/100\n|-damage|p2a: Komala|84\/100|[from] item: Rocky Helmet|[of] p1a: Corviknight\n|\n|-heal|p2a: Komala|90\/100|[from] item: Leftovers\n|upkeep\n|turn|17\n|\n|t:|1700945491\n|move|p2a: Komala|Bulk Up|p2a: Komala\n|-boost|p2a: Komala|atk|1\n|-boost|p2a: Komala|def|1\n|move|p1a: Corviknight|Roost|p1a: Corviknight\n|-heal|p1a: Corviknight|100\/100\n|-singleturn|p1a: Corviknight|move: Roost\n|\n|-heal|p2a: Komala|96\/100|[from] item: Leftovers\n|upkeep\n|turn|18\n|\n|t:|1700945502\n|move|p2a: Komala|Bulk Up|p2a: Komala\n|-boost|p2a: Komala|atk|1\n|-boost|p2a: Komala|def|1\n|move|p1a: Corviknight|U-turn|p2a: Komala\n|-crit|p2a: Komala\n|-damage|p2a: Komala|56\/100\n|\n|t:|1700945507\n|switch|p1a: Urshifu|Urshifu-Rapid-Strike, M, tera:Water|2\/100|[from] U-turn\n|\n|-heal|p2a: Komala|62\/100|[from] item: Leftovers\n|upkeep\n|turn|19\n|\n|t:|1700945515\n|move|p1a: Urshifu|Surging Strikes|p2a: Komala\n|-crit|p2a: Komala\n|-damage|p2a: Komala|16\/100\n|-crit|p2a: Komala\n|-damage|p2a: Komala|0 fnt\n|faint|p2a: Komala\n|-hitcount|p2: Komala|2\n|\n|-fieldend|move: Psychic Terrain\n|upkeep\n|\n|t:|1700945523\n|switch|p2a: Vikavolt|Vikavolt, M|100\/100\n|turn|20\n|\n|t:|1700945528\n|move|p1a: Urshifu|Surging Strikes|p2a: Vikavolt\n|-crit|p2a: Vikavolt\n|-damage|p2a: Vikavolt|69\/100\n|-crit|p2a: Vikavolt\n|-damage|p2a: Vikavolt|33\/100\n|-crit|p2a: Vikavolt\n|-damage|p2a: Vikavolt|0 fnt\n|faint|p2a: Vikavolt\n|-hitcount|p2: Vikavolt|3\n|\n|win|Reine Booette\n|raw|Reine Booette's rating: 1109 &rarr; <strong>1135<\/strong><br \/>(+26 for winning)\n|raw|Onlymanever's rating: 1128 &rarr; <strong>1102<\/strong><br \/>(-26 for losing)\n","uploadtime":1700945539,"views":4,"p1id":"reinebooette","p2id":"onlymanever","formatid":"gen9nationaldex","rating":1102,"private":0,"password":""}