{"id":"gen9nationaldex-1995306787","p1":"bakabamikayak","p2":"DJRRRR","format":"[Gen 9] National Dex","log":"|html|<div class=\"broadcast-blue\"><strong>[Gen 9] National Dex is currently suspecting Sneasler! For information on how to participate check out the <a href=\"https:\/\/www.smogon.com\/forums\/threads\/sv-national-dex-suspect-8-just-dance.3731534\/\">suspect thread<\/a>.<\/strong><\/div>\n|j|\u2606bakabamikayak\n|j|\u2606DJRRRR\n|t:|1700550732\n|gametype|singles\n|player|p1|bakabamikayak|clerkf|1315\n|player|p2|DJRRRR|roxie|1346\n|teamsize|p1|6\n|teamsize|p2|6\n|gen|9\n|tier|[Gen 9] National Dex\n|rated|\n|rule|HP Percentage Mod: HP is shown in percentages\n|rule|Endless Battle Clause: Forcing endless battles is banned\n|rule|OHKO Clause: OHKO moves are banned\n|rule|Evasion Clause: Evasion abilities, items, and moves are banned\n|rule|Evasion Abilities Clause: Evasion abilities are banned\n|rule|Evasion Items Clause: Evasion items are banned\n|rule|Evasion Moves Clause: Evasion moves are banned\n|rule|Species Clause: Limit one of each Pok\u00e9mon\n|rule|Sleep Clause Mod: Limit one foe put to sleep\n|clearpoke\n|poke|p1|Florges, F|\n|poke|p1|Diancie|\n|poke|p1|Cloyster, F|\n|poke|p1|Ogerpon-Cornerstone, F|\n|poke|p1|Corviknight, M|\n|poke|p1|Reuniclus, M|\n|poke|p2|Victini|\n|poke|p2|Heatran, M|\n|poke|p2|Blacephalon|\n|poke|p2|Torkoal, M|\n|poke|p2|Venusaur, F|\n|poke|p2|Great Tusk|\n|teampreview\n|inactive|Battle timer is ON: inactive players will automatically lose when time's up. (requested by bakabamikayak)\n|\n|t:|1700550745\n|start\n|switch|p1a: Diancie|Diancie|100\/100\n|switch|p2a: Victini|Victini|100\/100\n|turn|1\n|\n|t:|1700550753\n|detailschange|p1a: Diancie|Diancie-Mega\n|-mega|p1a: Diancie|Diancie|Diancite\n|move|p1a: Diancie|Diamond Storm|p2a: Victini\n|-supereffective|p2a: Victini\n|-damage|p2a: Victini|5\/100\n|move|p2a: Victini|Final Gambit|p1a: Diancie\n|-damage|p1a: Diancie|92\/100\n|faint|p2a: Victini\n|\n|upkeep\n|\n|t:|1700550779\n|switch|p2a: Torkoal|Torkoal, M|100\/100\n|-weather|SunnyDay|[from] ability: Drought|[of] p2a: Torkoal\n|turn|2\n|\n|t:|1700550807\n|switch|p1a: Reuniclus|Reuniclus, M|100\/100\n|switch|p2a: Venusaur|Venusaur, F|100\/100\n|\n|-weather|SunnyDay|[upkeep]\n|upkeep\n|turn|3\n|inactive|DJRRRR has 120 seconds left.\n|\n|t:|1700550834\n|move|p2a: Venusaur|Growth|p2a: Venusaur\n|-boost|p2a: Venusaur|atk|2\n|-boost|p2a: Venusaur|spa|2\n|move|p1a: Reuniclus|Infestation|p2a: Venusaur\n|-damage|p2a: Venusaur|92\/100\n|-activate|p2a: Venusaur|move: Infestation|[of] p1a: Reuniclus\n|\n|-weather|SunnyDay|[upkeep]\n|-damage|p2a: Venusaur|80\/100|[from] move: Infestation|[partiallytrapped]\n|upkeep\n|turn|4\n|\n|t:|1700550845\n|move|p2a: Venusaur|Weather Ball|p1a: Reuniclus\n|-damage|p1a: Reuniclus|0 fnt\n|faint|p1a: Reuniclus\n|-damage|p2a: Venusaur|70\/100|[from] item: Life Orb\n|\n|-weather|SunnyDay|[upkeep]\n|-end|p2a: Venusaur|Infestation|[partiallytrapped]|[silent]\n|upkeep\n|\n|t:|1700550865\n|switch|p1a: Ogerpon|Ogerpon-Cornerstone, F|100\/100\n|turn|5\n|inactive|DJRRRR has 120 seconds left.\n|\n|t:|1700550872\n|move|p1a: Ogerpon|Spiky Shield|p1a: Ogerpon\n|-singleturn|p1a: Ogerpon|move: Protect\n|move|p2a: Venusaur|Sludge Bomb|p1a: Ogerpon\n|-activate|p1a: Ogerpon|move: Protect\n|\n|-weather|SunnyDay|[upkeep]\n|upkeep\n|turn|6\n|\n|t:|1700550901\n|-terastallize|p1a: Ogerpon|Rock\n|detailschange|p1a: Ogerpon|Ogerpon-Cornerstone-Tera, F, tera:Rock\n|-ability|p1a: Ogerpon|Embody Aspect (Cornerstone)|boost\n|-boost|p1a: Ogerpon|def|1\n|move|p2a: Venusaur|Weather Ball|p1a: Ogerpon\n|-resisted|p1a: Ogerpon\n|-damage|p1a: Ogerpon|36\/100\n|-damage|p2a: Venusaur|60\/100|[from] item: Life Orb\n|move|p1a: Ogerpon|Ivy Cudgel|p2a: Venusaur|[anim] Ivy Cudgel Rock\n|-damage|p2a: Venusaur|0 fnt\n|faint|p2a: Venusaur\n|\n|-weather|SunnyDay|[upkeep]\n|upkeep\n|\n|t:|1700550915\n|switch|p2a: Heatran|Heatran, M|100\/100\n|turn|7\n|\n|t:|1700550928\n|switch|p1a: Cloyster|Cloyster, F|100\/100\n|move|p2a: Heatran|Eruption|p1a: Cloyster\n|-damage|p1a: Cloyster|0 fnt\n|faint|p1a: Cloyster\n|\n|-weather|SunnyDay|[upkeep]\n|upkeep\n|inactive|bakabamikayak has 120 seconds left.\n|\n|t:|1700550945\n|switch|p1a: Diancie|Diancie-Mega|92\/100\n|turn|8\n|\n|t:|1700550953\n|-terastallize|p2a: Heatran|Fire\n|move|p2a: Heatran|Eruption|p1a: Diancie\n|-resisted|p1a: Diancie\n|-crit|p1a: Diancie\n|-damage|p1a: Diancie|0 fnt\n|faint|p1a: Diancie\n|\n|-weather|SunnyDay|[upkeep]\n|upkeep\n|inactive|bakabamikayak has 120 seconds left.\n|\n|t:|1700550975\n|switch|p1a: Florges|Florges, F|100\/100\n|turn|9\n|\n|t:|1700550978\n|move|p2a: Heatran|Eruption|p1a: Florges\n|-damage|p1a: Florges|20\/100\n|move|p1a: Florges|Calm Mind|p1a: Florges\n|-boost|p1a: Florges|spa|1\n|-boost|p1a: Florges|spd|1\n|\n|-weather|none\n|-heal|p1a: Florges|26\/100|[from] item: Leftovers\n|upkeep\n|turn|10\n|\n|t:|1700550983\n|move|p2a: Heatran|Eruption|p1a: Florges\n|-damage|p1a: Florges|0 fnt\n|faint|p1a: Florges\n|\n|upkeep\n|\n|t:|1700550986\n|switch|p1a: Ogerpon|Ogerpon-Cornerstone-Tera, F, tera:Rock|36\/100\n|-ability|p1a: Ogerpon|Embody Aspect (Cornerstone)|boost\n|-boost|p1a: Ogerpon|def|1\n|turn|11\n|\n|t:|1700550990\n|move|p2a: Heatran|Eruption|p1a: Ogerpon\n|-resisted|p1a: Ogerpon\n|-damage|p1a: Ogerpon|0 fnt\n|faint|p1a: Ogerpon\n|\n|upkeep\n|inactive|bakabamikayak has 120 seconds left.\n|-message|bakabamikayak forfeited.\n|\n|win|DJRRRR\n|raw|bakabamikayak's rating: 1315 &rarr; <strong>1298<\/strong><br \/>(-17 for losing)\n|raw|DJRRRR's rating: 1363 &rarr; <strong>1380<\/strong><br \/>(+17 for winning)\n|l|\u2606bakabamikayak\n","uploadtime":1700551056,"views":4,"p1id":"bakabamikayak","p2id":"djrrrr","formatid":"gen9nationaldex","rating":1298,"private":0,"password":""}