{"id":"gen9nationaldex-1999167887","p1":"WHEREisONE\u561e","p2":"monsterapper","format":"[Gen 9] National Dex","log":"|html|<div class=\"broadcast-blue\"><strong>[Gen 9] National Dex is currently suspecting Sneasler! For information on how to participate check out the <a href=\"https:\/\/www.smogon.com\/forums\/threads\/sv-national-dex-suspect-8-just-dance.3731534\/\">suspect thread<\/a>.<\/strong><\/div>\n|j|\u2606WHEREisONE\u561e\n|j|\u2606monsterapper\n|t:|1701040690\n|gametype|singles\n|player|p1|WHEREisONE\u561e|acetrainersnow|1430\n|player|p2|monsterapper|veteran|1428\n|teamsize|p1|6\n|teamsize|p2|6\n|gen|9\n|tier|[Gen 9] National Dex\n|rated|\n|rule|HP Percentage Mod: HP is shown in percentages\n|rule|Endless Battle Clause: Forcing endless battles is banned\n|rule|OHKO Clause: OHKO moves are banned\n|rule|Evasion Clause: Evasion abilities, items, and moves are banned\n|rule|Evasion Abilities Clause: Evasion abilities are banned\n|rule|Evasion Items Clause: Evasion items are banned\n|rule|Evasion Moves Clause: Evasion moves are banned\n|rule|Species Clause: Limit one of each Pok\u00e9mon\n|rule|Sleep Clause Mod: Limit one foe put to sleep\n|clearpoke\n|poke|p1|Diancie|\n|poke|p1|Ferrothorn, M|\n|poke|p1|Garchomp, M|\n|poke|p1|Alomomola, F|\n|poke|p1|Moltres|\n|poke|p1|Bisharp, M|\n|poke|p2|Lopunny, F|\n|poke|p2|Zoroark-Hisui, F|\n|poke|p2|Blissey, F|\n|poke|p2|Ditto|\n|poke|p2|Staraptor, F|\n|poke|p2|Ursaluna, M|\n|teampreview\n|inactive|Battle timer is ON: inactive players will automatically lose when time's up. (requested by WHEREisONE\u561e)\n|inactive|monsterapper has 120 seconds left.\n|\n|t:|1701040727\n|start\n|switch|p1a: \u5730\u9f99|Garchomp, M|100\/100\n|switch|p2a: Shang Tsung|Ditto|100\/100\n|-transform|p2a: Shang Tsung|p1a: \u5730\u9f99|[from] ability: Imposter\n|turn|1\n|\n|t:|1701040744\n|switch|p1a: \u8349\u94a2|Ferrothorn, M|100\/100\n|move|p2a: Shang Tsung|Scale Shot|p1a: \u8349\u94a2\n|-resisted|p1a: \u8349\u94a2\n|-damage|p1a: \u8349\u94a2|96\/100\n|-resisted|p1a: \u8349\u94a2\n|-damage|p1a: \u8349\u94a2|92\/100\n|-resisted|p1a: \u8349\u94a2\n|-damage|p1a: \u8349\u94a2|87\/100\n|-hitcount|p1a: \u8349\u94a2|3\n|-unboost|p2a: Shang Tsung|def|1\n|-boost|p2a: Shang Tsung|spe|1\n|\n|-heal|p1a: \u8349\u94a2|94\/100|[from] item: Leftovers\n|upkeep\n|turn|2\n|inactive|monsterapper has 120 seconds left.\n|\n|t:|1701040794\n|switch|p2a: Tamago|Blissey, F|100\/100\n|move|p1a: \u8349\u94a2|Leech Seed|p2a: Tamago\n|-start|p2a: Tamago|move: Leech Seed\n|\n|-heal|p1a: \u8349\u94a2|99\/100|[from] item: Leftovers\n|-damage|p2a: Tamago|88\/100|[from] Leech Seed|[of] p1a: \u8349\u94a2\n|-heal|p1a: \u8349\u94a2|100\/100|[silent]\n|upkeep\n|turn|3\n|\n|t:|1701040804\n|switch|p1a: \u5288\u65a9\u53f8\u4ee4|Bisharp, M|100\/100\n|move|p2a: Tamago|Teleport|p2a: Tamago\n|inactive|monsterapper has 90 seconds left.\n|\n|t:|1701040828\n|switch|p2a: Oliver|Ursaluna, M|100\/100|[from] Teleport\n|\n|-status|p2a: Oliver|brn|[from] item: Flame Orb\n|upkeep\n|turn|4\n|\n|t:|1701040837\n|switch|p1a: \u8349\u94a2|Ferrothorn, M|100\/100\n|move|p2a: Oliver|Earthquake|p1a: \u8349\u94a2\n|-damage|p1a: \u8349\u94a2|36\/100\n|\n|-heal|p1a: \u8349\u94a2|43\/100|[from] item: Leftovers\n|-damage|p2a: Oliver|94\/100 brn|[from] brn\n|upkeep\n|turn|5\n|\n|t:|1701040847\n|move|p1a: \u8349\u94a2|Protect|p1a: \u8349\u94a2\n|-singleturn|p1a: \u8349\u94a2|Protect\n|move|p2a: Oliver|Earthquake|p1a: \u8349\u94a2\n|-activate|p1a: \u8349\u94a2|move: Protect\n|\n|-heal|p1a: \u8349\u94a2|49\/100|[from] item: Leftovers\n|-damage|p2a: Oliver|88\/100 brn|[from] brn\n|upkeep\n|turn|6\n|\n|t:|1701040861\n|switch|p1a: \u4fdd\u59c6\u66fc\u6ce2|Alomomola, F|100\/100\n|move|p2a: Oliver|Earthquake|p1a: \u4fdd\u59c6\u66fc\u6ce2\n|-damage|p1a: \u4fdd\u59c6\u66fc\u6ce2|43\/100\n|\n|-damage|p2a: Oliver|82\/100 brn|[from] brn\n|upkeep\n|turn|7\n|\n|t:|1701040873\n|move|p2a: Oliver|Facade|p1a: \u4fdd\u59c6\u66fc\u6ce2\n|-crit|p1a: \u4fdd\u59c6\u66fc\u6ce2\n|-damage|p1a: \u4fdd\u59c6\u66fc\u6ce2|0 fnt\n|faint|p1a: \u4fdd\u59c6\u66fc\u6ce2\n|\n|-damage|p2a: Oliver|75\/100 brn|[from] brn\n|upkeep\n|\n|t:|1701040890\n|switch|p1a: \u706b\u7130\u9e1f|Moltres|100\/100\n|turn|8\n|\n|t:|1701040893\n|move|p1a: \u706b\u7130\u9e1f|Hurricane|p2a: Oliver|[miss]\n|-miss|p1a: \u706b\u7130\u9e1f|p2a: Oliver\n|move|p2a: Oliver|Facade|p1a: \u706b\u7130\u9e1f\n|-damage|p1a: \u706b\u7130\u9e1f|0 fnt\n|faint|p1a: \u706b\u7130\u9e1f\n|\n|-damage|p2a: Oliver|69\/100 brn|[from] brn\n|upkeep\n|\n|t:|1701040904\n|switch|p1a: \u8349\u94a2|Ferrothorn, M|49\/100\n|turn|9\n|\n|t:|1701040907\n|move|p1a: \u8349\u94a2|Protect|p1a: \u8349\u94a2\n|-singleturn|p1a: \u8349\u94a2|Protect\n|move|p2a: Oliver|Earthquake|p1a: \u8349\u94a2\n|-activate|p1a: \u8349\u94a2|move: Protect\n|\n|-heal|p1a: \u8349\u94a2|55\/100|[from] item: Leftovers\n|-damage|p2a: Oliver|63\/100 brn|[from] brn\n|upkeep\n|turn|10\n|\n|t:|1701040916\n|move|p2a: Oliver|Earthquake|p1a: \u8349\u94a2\n|-crit|p1a: \u8349\u94a2\n|-damage|p1a: \u8349\u94a2|0 fnt\n|faint|p1a: \u8349\u94a2\n|\n|-damage|p2a: Oliver|57\/100 brn|[from] brn\n|upkeep\n|\n|t:|1701040920\n|switch|p1a: \u8482\u5b89\u5e0c|Diancie|100\/100\n|turn|11\n|\n|t:|1701040924\n|detailschange|p1a: \u8482\u5b89\u5e0c|Diancie-Mega\n|-mega|p1a: \u8482\u5b89\u5e0c|Diancie|Diancite\n|move|p1a: \u8482\u5b89\u5e0c|Moonblast|p2a: Oliver\n|-damage|p2a: Oliver|4\/100 brn\n|move|p2a: Oliver|Earthquake|p1a: \u8482\u5b89\u5e0c\n|-supereffective|p1a: \u8482\u5b89\u5e0c\n|-damage|p1a: \u8482\u5b89\u5e0c|0 fnt\n|faint|p1a: \u8482\u5b89\u5e0c\n|\n|-damage|p2a: Oliver|0 fnt|[from] brn\n|faint|p2a: Oliver\n|upkeep\n|\n|t:|1701040940\n|switch|p1a: \u5730\u9f99|Garchomp, M|100\/100\n|switch|p2a: Shang Tsung|Ditto|100\/100\n|-transform|p2a: Shang Tsung|p1a: \u5730\u9f99|[from] ability: Imposter\n|turn|12\n|\n|t:|1701040947\n|-terastallize|p1a: \u5730\u9f99|Steel\n|move|p2a: Shang Tsung|Scale Shot|p1a: \u5730\u9f99\n|-resisted|p1a: \u5730\u9f99\n|-damage|p1a: \u5730\u9f99|94\/100\n|-resisted|p1a: \u5730\u9f99\n|-damage|p1a: \u5730\u9f99|87\/100\n|-resisted|p1a: \u5730\u9f99\n|-damage|p1a: \u5730\u9f99|80\/100\n|-hitcount|p1a: \u5730\u9f99|3\n|-unboost|p2a: Shang Tsung|def|1\n|-boost|p2a: Shang Tsung|spe|1\n|move|p1a: \u5730\u9f99|Scale Shot|p2a: Shang Tsung\n|-supereffective|p2a: Shang Tsung\n|-damage|p2a: Shang Tsung|57\/100\n|-supereffective|p2a: Shang Tsung\n|-damage|p2a: Shang Tsung|12\/100\n|-supereffective|p2a: Shang Tsung\n|-damage|p2a: Shang Tsung|0 fnt\n|faint|p2a: Shang Tsung\n|-hitcount|p2: Shang Tsung|3\n|-unboost|p1a: \u5730\u9f99|def|1\n|-boost|p1a: \u5730\u9f99|spe|1\n|\n|upkeep\n|inactive|monsterapper has 120 seconds left.\n|\n|t:|1701040985\n|switch|p2a: DemonDice|Staraptor, F|100\/100\n|-ability|p2a: DemonDice|Intimidate|boost\n|-unboost|p1a: \u5730\u9f99|atk|1\n|turn|13\n|\n|t:|1701040993\n|move|p1a: \u5730\u9f99|Scale Shot|p2a: DemonDice\n|-damage|p2a: DemonDice|93\/100\n|-damage|p2a: DemonDice|85\/100\n|-damage|p2a: DemonDice|77\/100\n|-damage|p2a: DemonDice|70\/100\n|-damage|p2a: DemonDice|62\/100\n|-hitcount|p2a: DemonDice|5\n|-unboost|p1a: \u5730\u9f99|def|1\n|-boost|p1a: \u5730\u9f99|spe|1\n|move|p2a: DemonDice|U-turn|p1a: \u5730\u9f99\n|-resisted|p1a: \u5730\u9f99\n|-damage|p1a: \u5730\u9f99|63\/100\n|-damage|p2a: DemonDice|50\/100|[from] ability: Rough Skin|[of] p1a: \u5730\u9f99\n|\n|t:|1701041008\n|switch|p2a: Miruko|Lopunny, F|100\/100|[from] U-turn\n|\n|upkeep\n|turn|14\n|\n|t:|1701041014\n|detailschange|p2a: Miruko|Lopunny-Mega, F\n|-mega|p2a: Miruko|Lopunny|Lopunnite\n|move|p2a: Miruko|Fake Out|p1a: \u5730\u9f99\n|-resisted|p1a: \u5730\u9f99\n|-damage|p1a: \u5730\u9f99|42\/100\n|-damage|p2a: Miruko|88\/100|[from] ability: Rough Skin|[of] p1a: \u5730\u9f99\n|cant|p1a: \u5730\u9f99|flinch\n|\n|upkeep\n|turn|15\n|inactive|monsterapper has 120 seconds left.\n|\n|t:|1701041024\n|move|p1a: \u5730\u9f99|Earthquake|p2a: Miruko\n|-damage|p2a: Miruko|44\/100\n|move|p2a: Miruko|Close Combat|p1a: \u5730\u9f99\n|-supereffective|p1a: \u5730\u9f99\n|-damage|p1a: \u5730\u9f99|0 fnt\n|-unboost|p2a: Miruko|def|1\n|-unboost|p2a: Miruko|spd|1\n|-damage|p2a: Miruko|31\/100|[from] ability: Rough Skin|[of] p1a: \u5730\u9f99\n|faint|p1a: \u5730\u9f99\n|\n|upkeep\n|\n|t:|1701041030\n|switch|p1a: \u5288\u65a9\u53f8\u4ee4|Bisharp, M|100\/100\n|turn|16\n|\n|t:|1701041035\n|move|p1a: \u5288\u65a9\u53f8\u4ee4|Sucker Punch|p2a: Miruko\n|-resisted|p2a: Miruko\n|-damage|p2a: Miruko|0 fnt\n|faint|p2a: Miruko\n|\n|upkeep\n|\n|t:|1701041042\n|switch|p2a: DemonDice|Staraptor, F|100\/100\n|turn|17\n|\n|t:|1701041050\n|move|p1a: \u5288\u65a9\u53f8\u4ee4|Sucker Punch|p2a: DemonDice\n|-supereffective|p2a: DemonDice\n|-enditem|p2a: DemonDice|Focus Sash\n|-damage|p2a: DemonDice|1\/100\n|replace|p2a: E621|Zoroark-Hisui, F\n|-end|p2a: E621|Illusion\n|move|p2a: E621|Flamethrower|p1a: \u5288\u65a9\u53f8\u4ee4\n|-supereffective|p1a: \u5288\u65a9\u53f8\u4ee4\n|-crit|p1a: \u5288\u65a9\u53f8\u4ee4\n|-damage|p1a: \u5288\u65a9\u53f8\u4ee4|8\/100\n|\n|upkeep\n|turn|18\n|\n|t:|1701041059\n|move|p1a: \u5288\u65a9\u53f8\u4ee4|Sucker Punch||[still]\n|-fail|p1a: \u5288\u65a9\u53f8\u4ee4\n|move|p2a: E621|Nasty Plot|p2a: E621\n|-boost|p2a: E621|spa|2\n|\n|upkeep\n|turn|19\n|\n|t:|1701041064\n|move|p1a: \u5288\u65a9\u53f8\u4ee4|Sucker Punch|p2a: E621\n|-supereffective|p2a: E621\n|-damage|p2a: E621|0 fnt\n|faint|p2a: E621\n|\n|upkeep\n|\n|t:|1701041068\n|switch|p2a: Tamago|Blissey, F|88\/100\n|turn|20\n|\n|t:|1701041071\n|move|p1a: \u5288\u65a9\u53f8\u4ee4|Knock Off|p2a: Tamago\n|-damage|p2a: Tamago|43\/100\n|-enditem|p2a: Tamago|Heavy-Duty Boots|[from] move: Knock Off|[of] p1a: \u5288\u65a9\u53f8\u4ee4\n|move|p2a: Tamago|Seismic Toss|p1a: \u5288\u65a9\u53f8\u4ee4\n|-damage|p1a: \u5288\u65a9\u53f8\u4ee4|0 fnt\n|faint|p1a: \u5288\u65a9\u53f8\u4ee4\n|\n|win|monsterapper\n|raw|WHEREisONE\u561e's rating: 1430 &rarr; <strong>1410<\/strong><br \/>(-20 for losing)\n|raw|monsterapper's rating: 1428 &rarr; <strong>1448<\/strong><br \/>(+20 for winning)\n|l|\u2606WHEREisONE\u561e\n","uploadtime":1701041081,"views":3,"p1id":"whereisone","p2id":"monsterapper","formatid":"gen9nationaldex","rating":1410,"private":0,"password":""}