{"id":"gen9nationaldex-1994539211","p1":"nickytbh","p2":"NDSNEZ ban voter","format":"[Gen 9] National Dex","log":"|j|\u2606nickytbh\n|j|\u2606NDSNEZ ban voter\n|t:|1700456563\n|gametype|singles\n|player|p1|nickytbh|101|1257\n|player|p2|NDSNEZ ban voter|102|1341\n|teamsize|p1|6\n|teamsize|p2|6\n|gen|9\n|tier|[Gen 9] National Dex\n|rated|\n|rule|HP Percentage Mod: HP is shown in percentages\n|rule|Endless Battle Clause: Forcing endless battles is banned\n|rule|OHKO Clause: OHKO moves are banned\n|rule|Evasion Clause: Evasion abilities, items, and moves are banned\n|rule|Evasion Abilities Clause: Evasion abilities are banned\n|rule|Evasion Items Clause: Evasion items are banned\n|rule|Evasion Moves Clause: Evasion moves are banned\n|rule|Species Clause: Limit one of each Pok\u00e9mon\n|rule|Sleep Clause Mod: Limit one foe put to sleep\n|clearpoke\n|poke|p1|Lopunny, F|\n|poke|p1|Tyranitar, M|\n|poke|p1|Skarmory, M|\n|poke|p1|Nidoking, M|\n|poke|p1|Urshifu-*, M|\n|poke|p1|Toxapex, F|\n|poke|p2|Toxapex, M|\n|poke|p2|Dondozo, F|\n|poke|p2|Gliscor, M|\n|poke|p2|Blissey, F|\n|poke|p2|Corviknight, F|\n|poke|p2|Tyranitar, M|\n|teampreview\n|j| GGwebas\n|j| Umbre test\n|l| GGwebas\n|\n|t:|1700456585\n|start\n|switch|p1a: Skarmory|Skarmory, M|100\/100\n|switch|p2a: Gliscor|Gliscor, M|100\/100\n|turn|1\n|\n|t:|1700456588\n|move|p2a: Gliscor|Protect|p2a: Gliscor\n|-singleturn|p2a: Gliscor|Protect\n|move|p1a: Skarmory|Spikes|p2a: Gliscor\n|-sidestart|p2: NDSNEZ ban voter|Spikes\n|\n|-status|p2a: Gliscor|tox|[from] item: Toxic Orb\n|upkeep\n|turn|2\n|\n|t:|1700456591\n|switch|p2a: Corviknight|Corviknight, F|100\/100\n|-ability|p2a: Corviknight|Pressure\n|move|p1a: Skarmory|Spikes|p2a: Corviknight\n|-sidestart|p2: NDSNEZ ban voter|Spikes\n|\n|upkeep\n|turn|3\n|\n|t:|1700456593\n|switch|p2a: Gliscor|Gliscor, M|100\/100 tox\n|move|p1a: Skarmory|Whirlwind|p2a: Gliscor\n|drag|p2a: Dondozo|Dondozo, F|100\/100\n|\n|upkeep\n|turn|4\n|\n|t:|1700456596\n|switch|p2a: Corviknight|Corviknight, F|100\/100\n|-ability|p2a: Corviknight|Pressure\n|move|p1a: Skarmory|Spikes|p2a: Corviknight\n|-sidestart|p2: NDSNEZ ban voter|Spikes\n|\n|upkeep\n|turn|5\n|\n|t:|1700456599\n|move|p2a: Corviknight|Defog|p1a: Skarmory\n|-unboost|p1a: Skarmory|evasion|1\n|-sideend|p2: NDSNEZ ban voter|Spikes|[from] move: Defog|[of] p2a: Corviknight\n|move|p1a: Skarmory|Whirlwind|p2a: Corviknight\n|drag|p2a: Tyranitar|Tyranitar, M|100\/100\n|-weather|Sandstorm|[from] ability: Sand Stream|[of] p2a: Tyranitar\n|\n|-weather|Sandstorm|[upkeep]\n|upkeep\n|turn|6\n|\n|t:|1700456605\n|switch|p2a: Corviknight|Corviknight, F|100\/100\n|-ability|p2a: Corviknight|Pressure\n|move|p1a: Skarmory|Spikes|p2a: Corviknight\n|-sidestart|p2: NDSNEZ ban voter|Spikes\n|\n|-weather|Sandstorm|[upkeep]\n|upkeep\n|turn|7\n|\n|t:|1700456610\n|switch|p2a: Toxapex|Toxapex, M|100\/100\n|move|p1a: Skarmory|Whirlwind|p2a: Toxapex\n|drag|p2a: Blissey|Blissey, F|100\/100\n|\n|-weather|Sandstorm|[upkeep]\n|-damage|p2a: Blissey|94\/100|[from] Sandstorm\n|upkeep\n|turn|8\n|\n|t:|1700456615\n|switch|p2a: Corviknight|Corviknight, F|100\/100\n|-ability|p2a: Corviknight|Pressure\n|move|p1a: Skarmory|Toxic|p2a: Corviknight\n|-immune|p2a: Corviknight\n|\n|-weather|Sandstorm|[upkeep]\n|upkeep\n|turn|9\n|\n|t:|1700456619\n|switch|p2a: Toxapex|Toxapex, M|100\/100\n|move|p1a: Skarmory|Spikes|p2a: Toxapex\n|-sidestart|p2: NDSNEZ ban voter|Spikes\n|\n|-weather|none\n|upkeep\n|turn|10\n|\n|t:|1700456623\n|move|p2a: Toxapex|Knock Off|p1a: Skarmory\n|-damage|p1a: Skarmory|92\/100\n|-damage|p2a: Toxapex|84\/100|[from] item: Rocky Helmet|[of] p1a: Skarmory\n|-enditem|p1a: Skarmory|Rocky Helmet|[from] move: Knock Off|[of] p2a: Toxapex\n|move|p1a: Skarmory|Whirlwind|p2a: Toxapex\n|drag|p2a: Gliscor|Gliscor, M|100\/100 tox\n|\n|upkeep\n|turn|11\n|\n|t:|1700456628\n|switch|p2a: Corviknight|Corviknight, F|100\/100\n|-ability|p2a: Corviknight|Pressure\n|move|p1a: Skarmory|Spikes|p2a: Corviknight\n|-sidestart|p2: NDSNEZ ban voter|Spikes\n|\n|upkeep\n|turn|12\n|\n|t:|1700456631\n|move|p1a: Skarmory|Spikes||[still]\n|-fail|p1a: Skarmory\n|move|p2a: Corviknight|Defog|p1a: Skarmory\n|-unboost|p1a: Skarmory|evasion|1\n|-sideend|p2: NDSNEZ ban voter|Spikes|[from] move: Defog|[of] p2a: Corviknight\n|\n|upkeep\n|turn|13\n|\n|t:|1700456634\n|switch|p2a: Gliscor|Gliscor, M|100\/100 tox\n|move|p1a: Skarmory|Whirlwind|p2a: Gliscor\n|drag|p2a: Tyranitar|Tyranitar, M|100\/100\n|-weather|Sandstorm|[from] ability: Sand Stream|[of] p2a: Tyranitar\n|\n|-weather|Sandstorm|[upkeep]\n|upkeep\n|turn|14\n|\n|t:|1700456639\n|switch|p2a: Corviknight|Corviknight, F|100\/100\n|-ability|p2a: Corviknight|Pressure\n|move|p1a: Skarmory|Spikes|p2a: Corviknight\n|-sidestart|p2: NDSNEZ ban voter|Spikes\n|\n|-weather|Sandstorm|[upkeep]\n|upkeep\n|turn|15\n|\n|t:|1700456642\n|switch|p2a: Toxapex|Toxapex, M|100\/100\n|move|p1a: Skarmory|Whirlwind|p2a: Toxapex\n|drag|p2a: Dondozo|Dondozo, F|100\/100\n|\n|-weather|Sandstorm|[upkeep]\n|-damage|p2a: Dondozo|94\/100|[from] Sandstorm\n|upkeep\n|turn|16\n|\n|t:|1700456650\n|switch|p2a: Corviknight|Corviknight, F|100\/100\n|-ability|p2a: Corviknight|Pressure\n|move|p1a: Skarmory|Spikes|p2a: Corviknight\n|-sidestart|p2: NDSNEZ ban voter|Spikes\n|\n|-weather|Sandstorm|[upkeep]\n|upkeep\n|turn|17\n|\n|t:|1700456654\n|switch|p2a: Toxapex|Toxapex, M|100\/100\n|move|p1a: Skarmory|Whirlwind|p2a: Toxapex\n|drag|p2a: Tyranitar|Tyranitar, M|100\/100\n|-damage|p2a: Tyranitar|84\/100|[from] Spikes\n|\n|-weather|none\n|upkeep\n|turn|18\n|\n|t:|1700456659\n|switch|p2a: Corviknight|Corviknight, F|100\/100\n|-ability|p2a: Corviknight|Pressure\n|move|p1a: Skarmory|Spikes|p2a: Corviknight\n|-sidestart|p2: NDSNEZ ban voter|Spikes\n|\n|upkeep\n|turn|19\n|\n|t:|1700456663\n|move|p2a: Corviknight|Defog|p1a: Skarmory\n|-unboost|p1a: Skarmory|evasion|1\n|-sideend|p2: NDSNEZ ban voter|Spikes|[from] move: Defog|[of] p2a: Corviknight\n|move|p1a: Skarmory|Whirlwind|p2a: Corviknight\n|drag|p2a: Blissey|Blissey, F|94\/100\n|\n|upkeep\n|turn|20\n|\n|t:|1700456666\n|switch|p2a: Corviknight|Corviknight, F|100\/100\n|-ability|p2a: Corviknight|Pressure\n|move|p1a: Skarmory|Spikes|p2a: Corviknight\n|-sidestart|p2: NDSNEZ ban voter|Spikes\n|\n|upkeep\n|turn|21\n|\n|t:|1700456669\n|switch|p2a: Toxapex|Toxapex, M|100\/100\n|move|p1a: Skarmory|Spikes|p2a: Toxapex\n|-sidestart|p2: NDSNEZ ban voter|Spikes\n|\n|upkeep\n|turn|22\n|\n|t:|1700456671\n|switch|p2a: Corviknight|Corviknight, F|100\/100\n|-ability|p2a: Corviknight|Pressure\n|move|p1a: Skarmory|Whirlwind|p2a: Corviknight\n|drag|p2a: Toxapex|Toxapex, M|100\/100\n|\n|upkeep\n|turn|23\n|\n|t:|1700456673\n|switch|p2a: Corviknight|Corviknight, F|100\/100\n|-ability|p2a: Corviknight|Pressure\n|move|p1a: Skarmory|Whirlwind|p2a: Corviknight\n|drag|p2a: Blissey|Blissey, F|94\/100\n|\n|upkeep\n|turn|24\n|\n|t:|1700456678\n|switch|p2a: Toxapex|Toxapex, M|100\/100\n|move|p1a: Skarmory|Whirlwind|p2a: Toxapex\n|drag|p2a: Tyranitar|Tyranitar, M|84\/100\n|-damage|p2a: Tyranitar|67\/100|[from] Spikes\n|-weather|Sandstorm|[from] ability: Sand Stream|[of] p2a: Tyranitar\n|\n|-weather|Sandstorm|[upkeep]\n|upkeep\n|turn|25\n|\n|t:|1700456685\n|switch|p2a: Corviknight|Corviknight, F|100\/100\n|-ability|p2a: Corviknight|Pressure\n|move|p1a: Skarmory|Whirlwind|p2a: Corviknight\n|drag|p2a: Blissey|Blissey, F|94\/100\n|\n|-weather|Sandstorm|[upkeep]\n|-damage|p2a: Blissey|88\/100|[from] Sandstorm\n|upkeep\n|turn|26\n|c| Umbre test|Click taunt then he can't defog btw\n|\n|t:|1700456689\n|switch|p2a: Corviknight|Corviknight, F|100\/100\n|-ability|p2a: Corviknight|Pressure\n|move|p1a: Skarmory|Whirlwind|p2a: Corviknight\n|drag|p2a: Tyranitar|Tyranitar, M|67\/100\n|-damage|p2a: Tyranitar|51\/100|[from] Spikes\n|\n|-weather|Sandstorm|[upkeep]\n|upkeep\n|turn|27\n|c|\u2606NDSNEZ ban voter|he doesn't have taunt\n|\n|t:|1700456698\n|detailschange|p2a: Tyranitar|Tyranitar-Mega, M\n|-mega|p2a: Tyranitar|Tyranitar|Tyranitarite\n|move|p2a: Tyranitar|Rest|p2a: Tyranitar\n|-status|p2a: Tyranitar|slp|[from] move: Rest\n|-heal|p2a: Tyranitar|100\/100 slp|[silent]\n|move|p1a: Skarmory|Whirlwind|p2a: Tyranitar\n|drag|p2a: Blissey|Blissey, F|88\/100\n|\n|-weather|Sandstorm|[upkeep]\n|-damage|p2a: Blissey|82\/100|[from] Sandstorm\n|upkeep\n|turn|28\n|c| Umbre test|Wow...\n|c| Umbre test|How can someone not run taunt\n|\n|t:|1700456708\n|switch|p2a: Corviknight|Corviknight, F|100\/100\n|-ability|p2a: Corviknight|Pressure\n|move|p1a: Skarmory|Whirlwind|p2a: Corviknight\n|drag|p2a: Blissey|Blissey, F|82\/100\n|\n|-weather|none\n|upkeep\n|turn|29\n|c| Umbre test|Impossible\n|\n|t:|1700456711\n|switch|p2a: Corviknight|Corviknight, F|100\/100\n|-ability|p2a: Corviknight|Pressure\n|move|p1a: Skarmory|Whirlwind|p2a: Corviknight\n|drag|p2a: Tyranitar|Tyranitar-Mega, M|100\/100 slp\n|-damage|p2a: Tyranitar|84\/100 slp|[from] Spikes\n|-weather|Sandstorm|[from] ability: Sand Stream|[of] p2a: Tyranitar\n|\n|-weather|Sandstorm|[upkeep]\n|upkeep\n|turn|30\n|\n|t:|1700456714\n|switch|p2a: Corviknight|Corviknight, F|100\/100\n|-ability|p2a: Corviknight|Pressure\n|move|p1a: Skarmory|Whirlwind|p2a: Corviknight\n|drag|p2a: Blissey|Blissey, F|82\/100\n|\n|-weather|Sandstorm|[upkeep]\n|-damage|p2a: Blissey|76\/100|[from] Sandstorm\n|upkeep\n|turn|31\n|\n|t:|1700456716\n|switch|p2a: Corviknight|Corviknight, F|100\/100\n|-ability|p2a: Corviknight|Pressure\n|move|p1a: Skarmory|Whirlwind|p2a: Corviknight\n|drag|p2a: Blissey|Blissey, F|76\/100\n|\n|-weather|Sandstorm|[upkeep]\n|-damage|p2a: Blissey|70\/100|[from] Sandstorm\n|upkeep\n|turn|32\n|\n|t:|1700456718\n|switch|p2a: Corviknight|Corviknight, F|100\/100\n|-ability|p2a: Corviknight|Pressure\n|move|p1a: Skarmory|Whirlwind|p2a: Corviknight\n|drag|p2a: Tyranitar|Tyranitar-Mega, M|84\/100 slp\n|-damage|p2a: Tyranitar|67\/100 slp|[from] Spikes\n|\n|-weather|Sandstorm|[upkeep]\n|upkeep\n|turn|33\n|\n|t:|1700456721\n|switch|p2a: Corviknight|Corviknight, F|100\/100\n|-ability|p2a: Corviknight|Pressure\n|move|p1a: Skarmory|Whirlwind|p2a: Corviknight\n|drag|p2a: Blissey|Blissey, F|70\/100\n|\n|-weather|none\n|upkeep\n|turn|34\n|c|\u2606NDSNEZ ban voter|lol\n|c|\u2606NDSNEZ ban voter|no more whilwind pp\n|\n|t:|1700456732\n|switch|p1a: Nidoking|Nidoking, M|100\/100\n|switch|p2a: Corviknight|Corviknight, F|100\/100\n|-ability|p2a: Corviknight|Pressure\n|\n|upkeep\n|turn|35\n|\n|t:|1700456737\n|move|p2a: Corviknight|Protect|p2a: Corviknight\n|-singleturn|p2a: Corviknight|Protect\n|move|p1a: Nidoking|Flamethrower|p2a: Corviknight\n|-activate|p2a: Corviknight|move: Protect\n|\n|upkeep\n|turn|36\n|\n|t:|1700456741\n|switch|p2a: Blissey|Blissey, F|70\/100\n|move|p1a: Nidoking|Substitute|p1a: Nidoking\n|-start|p1a: Nidoking|Substitute\n|-damage|p1a: Nidoking|76\/100\n|\n|upkeep\n|turn|37\n|\n|t:|1700456746\n|move|p1a: Nidoking|Sludge Wave|p2a: Blissey\n|-damage|p2a: Blissey|51\/100\n|move|p2a: Blissey|Soft-Boiled|p2a: Blissey\n|-heal|p2a: Blissey|100\/100\n|\n|upkeep\n|turn|38\n|c|\u2606NDSNEZ ban voter|don't tlel me he has focus punch\n|c|\u2606NDSNEZ ban voter|ffs\n|c| Umbre test|Kid named focus punch si coming out\n|\n|t:|1700456754\n|move|p1a: Nidoking|Earth Power|p2a: Blissey\n|-damage|p2a: Blissey|84\/100\n|move|p2a: Blissey|Seismic Toss|p1a: Nidoking\n|-end|p1a: Nidoking|Substitute\n|\n|upkeep\n|turn|39\n|c| Umbre test|Oh ok\n|\n|t:|1700456761\n|switch|p1a: Skarmory|Skarmory, M|92\/100\n|move|p2a: Blissey|Seismic Toss|p1a: Skarmory\n|-damage|p1a: Skarmory|62\/100\n|\n|upkeep\n|turn|40\n|\n|t:|1700456767\n|switch|p1a: Nidoking|Nidoking, M|76\/100\n|switch|p2a: Corviknight|Corviknight, F|100\/100\n|-ability|p2a: Corviknight|Pressure\n|\n|upkeep\n|turn|41\n|\n|t:|1700456771\n|move|p2a: Corviknight|Protect|p2a: Corviknight\n|-singleturn|p2a: Corviknight|Protect\n|move|p1a: Nidoking|Substitute|p1a: Nidoking\n|-start|p1a: Nidoking|Substitute\n|-damage|p1a: Nidoking|51\/100\n|\n|upkeep\n|turn|42\n|\n|t:|1700456778\n|switch|p1a: Urshifu|Urshifu-Rapid-Strike, M|100\/100\n|switch|p2a: Blissey|Blissey, F|84\/100\n|\n|upkeep\n|turn|43\n|\n|t:|1700456781\n|switch|p2a: Toxapex|Toxapex, M|100\/100\n|move|p1a: Urshifu|Close Combat|p2a: Toxapex\n|-resisted|p2a: Toxapex\n|-damage|p2a: Toxapex|67\/100\n|-unboost|p1a: Urshifu|def|1\n|-unboost|p1a: Urshifu|spd|1\n|\n|upkeep\n|turn|44\n|\n|t:|1700456790\n|switch|p1a: Skarmory|Skarmory, M|62\/100\n|move|p2a: Toxapex|Toxic|p1a: Skarmory\n|-immune|p1a: Skarmory\n|\n|upkeep\n|turn|45\n|\n|t:|1700456807\n|switch|p2a: Corviknight|Corviknight, F|100\/100\n|-ability|p2a: Corviknight|Pressure\n|move|p1a: Skarmory|Spikes|p2a: Corviknight\n|-sidestart|p2: NDSNEZ ban voter|Spikes\n|\n|upkeep\n|turn|46\n|\n|t:|1700456815\n|switch|p1a: Nidoking|Nidoking, M|51\/100\n|move|p2a: Corviknight|Defog|p1a: Nidoking\n|-unboost|p1a: Nidoking|evasion|1\n|-sideend|p2: NDSNEZ ban voter|Spikes|[from] move: Defog|[of] p2a: Corviknight\n|\n|upkeep\n|turn|47\n|\n|t:|1700456818\n|switch|p2a: Blissey|Blissey, F|84\/100\n|move|p1a: Nidoking|Substitute|p1a: Nidoking\n|-start|p1a: Nidoking|Substitute\n|-damage|p1a: Nidoking|26\/100\n|\n|upkeep\n|turn|48\n|\n|t:|1700456822\n|move|p1a: Nidoking|Sludge Wave|p2a: Blissey\n|-damage|p2a: Blissey|67\/100\n|move|p2a: Blissey|Seismic Toss|p1a: Nidoking\n|-end|p1a: Nidoking|Substitute\n|\n|upkeep\n|turn|49\n|c|\u2606NDSNEZ ban voter|wait he's basically walled by gliscor\n|\n|t:|1700456830\n|switch|p1a: Urshifu|Urshifu-Rapid-Strike, M|100\/100\n|move|p2a: Blissey|Soft-Boiled|p2a: Blissey\n|-heal|p2a: Blissey|100\/100\n|\n|upkeep\n|turn|50\n|\n|t:|1700456833\n|switch|p2a: Toxapex|Toxapex, M|100\/100\n|move|p1a: Urshifu|U-turn|p2a: Toxapex\n|-resisted|p2a: Toxapex\n|-damage|p2a: Toxapex|88\/100\n|\n|t:|1700456840\n|switch|p1a: Tyranitar|Tyranitar, M|100\/100|[from] U-turn\n|-weather|Sandstorm|[from] ability: Sand Stream|[of] p1a: Tyranitar\n|\n|-weather|Sandstorm|[upkeep]\n|-damage|p2a: Toxapex|82\/100|[from] Sandstorm\n|upkeep\n|turn|51\n|\n|t:|1700456843\n|switch|p2a: Gliscor|Gliscor, M|100\/100 tox\n|move|p1a: Tyranitar|Rock Slide|p2a: Gliscor\n|-damage|p2a: Gliscor|80\/100 tox\n|\n|-weather|Sandstorm|[upkeep]\n|-heal|p2a: Gliscor|93\/100 tox|[from] ability: Poison Heal\n|upkeep\n|turn|52\n|c| Umbre test|Ice beam\n|c| Umbre test|Rn\n|c| Umbre test|Watch\n|\n|t:|1700456855\n|switch|p1a: Toxapex|Toxapex, F|100\/100\n|move|p2a: Gliscor|Protect||[still]\n|-fail|p2a: Gliscor\n|\n|-weather|Sandstorm|[upkeep]\n|-damage|p1a: Toxapex|94\/100|[from] Sandstorm\n|-heal|p1a: Toxapex|100\/100|[from] item: Black Sludge\n|-heal|p2a: Gliscor|100\/100 tox|[from] ability: Poison Heal\n|upkeep\n|turn|53\n|c|\u2606NDSNEZ ban voter|bet\n|\n|t:|1700456860\n|move|p2a: Gliscor|Spikes|p1a: Toxapex\n|-sidestart|p1: nickytbh|Spikes\n|move|p1a: Toxapex|Scald|p2a: Gliscor\n|-supereffective|p2a: Gliscor\n|-damage|p2a: Gliscor|63\/100 tox\n|\n|-weather|Sandstorm|[upkeep]\n|-damage|p1a: Toxapex|94\/100|[from] Sandstorm\n|-heal|p1a: Toxapex|100\/100|[from] item: Black Sludge\n|-heal|p2a: Gliscor|75\/100 tox|[from] ability: Poison Heal\n|upkeep\n|turn|54\n|c| Umbre test|Man\n|\n|t:|1700456863\n|move|p2a: Gliscor|Spikes|p1a: Toxapex\n|-sidestart|p1: nickytbh|Spikes\n|move|p1a: Toxapex|Scald|p2a: Gliscor\n|-supereffective|p2a: Gliscor\n|-damage|p2a: Gliscor|39\/100 tox\n|\n|-weather|none\n|-heal|p2a: Gliscor|52\/100 tox|[from] ability: Poison Heal\n|upkeep\n|turn|55\n|\n|t:|1700456865\n|move|p2a: Gliscor|Protect|p2a: Gliscor\n|-singleturn|p2a: Gliscor|Protect\n|move|p1a: Toxapex|Scald|p2a: Gliscor\n|-activate|p2a: Gliscor|move: Protect\n|\n|-heal|p2a: Gliscor|64\/100 tox|[from] ability: Poison Heal\n|upkeep\n|turn|56\n|\n|t:|1700456869\n|move|p2a: Gliscor|Earthquake|p1a: Toxapex\n|-supereffective|p1a: Toxapex\n|-crit|p1a: Toxapex\n|-damage|p1a: Toxapex|23\/100\n|move|p1a: Toxapex|Scald|p2a: Gliscor\n|-supereffective|p2a: Gliscor\n|-crit|p2a: Gliscor\n|-damage|p2a: Gliscor|12\/100 tox\n|\n|-heal|p1a: Toxapex|29\/100|[from] item: Black Sludge\n|-heal|p2a: Gliscor|24\/100 tox|[from] ability: Poison Heal\n|upkeep\n|turn|57\n|\n|t:|1700456875\n|move|p2a: Gliscor|Protect|p2a: Gliscor\n|-singleturn|p2a: Gliscor|Protect\n|move|p1a: Toxapex|Scald|p2a: Gliscor\n|-activate|p2a: Gliscor|move: Protect\n|\n|-heal|p1a: Toxapex|35\/100|[from] item: Black Sludge\n|-heal|p2a: Gliscor|37\/100 tox|[from] ability: Poison Heal\n|upkeep\n|turn|58\n|\n|t:|1700456877\n|move|p2a: Gliscor|Earthquake|p1a: Toxapex\n|-supereffective|p1a: Toxapex\n|-damage|p1a: Toxapex|0 fnt\n|faint|p1a: Toxapex\n|\n|-heal|p2a: Gliscor|49\/100 tox|[from] ability: Poison Heal\n|upkeep\n|\n|t:|1700456879\n|switch|p1a: Lopunny|Lopunny, F|100\/100\n|-damage|p1a: Lopunny|84\/100|[from] Spikes\n|turn|59\n|c|\u2606NDSNEZ ban voter|wtf?\n|\n|t:|1700456882\n|move|p2a: Gliscor|Protect|p2a: Gliscor\n|-singleturn|p2a: Gliscor|Protect\n|move|p1a: Lopunny|Fake Out|p2a: Gliscor\n|-activate|p2a: Gliscor|move: Protect\n|\n|-heal|p2a: Gliscor|62\/100 tox|[from] ability: Poison Heal\n|upkeep\n|turn|60\n|c|\u2606NDSNEZ ban voter|no mega either?\n|\n|t:|1700456889\n|switch|p2a: Toxapex|Toxapex, M|100\/100\n|detailschange|p1a: Lopunny|Lopunny-Mega, F\n|-mega|p1a: Lopunny|Lopunny|Lopunnite\n|move|p1a: Lopunny|Ice Punch|p2a: Toxapex\n|-resisted|p2a: Toxapex\n|-damage|p2a: Toxapex|93\/100\n|-status|p2a: Toxapex|frz\n|\n|upkeep\n|turn|61\n|c| Umbre test|Yo mega\n|c| Umbre test|Become mega\n|c|\u2606NDSNEZ ban voter|LOL\n|\n|t:|1700456894\n|-curestatus|p2a: Toxapex|frz|[msg]\n|move|p2a: Toxapex|Baneful Bunker|p2a: Toxapex\n|-singleturn|p2a: Toxapex|move: Protect\n|move|p1a: Lopunny|Return|p2a: Toxapex\n|-activate|p2a: Toxapex|move: Protect\n|-status|p1a: Lopunny|psn\n|\n|-damage|p1a: Lopunny|72\/100 psn|[from] psn\n|upkeep\n|turn|62\n|c|\u2606NDSNEZ ban voter|oh\n|c|\u2606NDSNEZ ban voter|no fun in that ;-;\n|\n|t:|1700456901\n|switch|p1a: Tyranitar|Tyranitar, M|100\/100\n|-damage|p1a: Tyranitar|84\/100|[from] Spikes\n|-weather|Sandstorm|[from] ability: Sand Stream|[of] p1a: Tyranitar\n|move|p2a: Toxapex|Knock Off|p1a: Tyranitar\n|-resisted|p1a: Tyranitar\n|-damage|p1a: Tyranitar|77\/100\n|-enditem|p1a: Tyranitar|Assault Vest|[from] move: Knock Off|[of] p2a: Toxapex\n|\n|-weather|Sandstorm|[upkeep]\n|-damage|p2a: Toxapex|87\/100|[from] Sandstorm\n|upkeep\n|turn|63\n|\n|t:|1700456905\n|switch|p2a: Gliscor|Gliscor, M|62\/100 tox\n|move|p1a: Tyranitar|Rock Slide|p2a: Gliscor\n|-damage|p2a: Gliscor|41\/100 tox\n|\n|-weather|Sandstorm|[upkeep]\n|-heal|p2a: Gliscor|53\/100 tox|[from] ability: Poison Heal\n|upkeep\n|turn|64\n|\n|t:|1700456909\n|switch|p1a: Urshifu|Urshifu-Rapid-Strike, M|100\/100\n|-damage|p1a: Urshifu|84\/100|[from] Spikes\n|move|p2a: Gliscor|Protect||[still]\n|-fail|p2a: Gliscor\n|\n|-weather|Sandstorm|[upkeep]\n|-damage|p1a: Urshifu|78\/100|[from] Sandstorm\n|-heal|p2a: Gliscor|66\/100 tox|[from] ability: Poison Heal\n|upkeep\n|turn|65\n|\n|t:|1700456916\n|switch|p2a: Toxapex|Toxapex, M|100\/100\n|move|p1a: Urshifu|Aqua Jet|p2a: Toxapex\n|-resisted|p2a: Toxapex\n|-damage|p2a: Toxapex|91\/100\n|\n|-weather|Sandstorm|[upkeep]\n|-damage|p1a: Urshifu|72\/100|[from] Sandstorm\n|-damage|p2a: Toxapex|85\/100|[from] Sandstorm\n|upkeep\n|turn|66\n|\n|t:|1700456919\n|switch|p1a: Skarmory|Skarmory, M|62\/100\n|move|p2a: Toxapex|Toxic|p1a: Skarmory\n|-immune|p1a: Skarmory\n|\n|-weather|none\n|upkeep\n|turn|67\n|\n|t:|1700456924\n|switch|p2a: Corviknight|Corviknight, F|100\/100\n|-ability|p2a: Corviknight|Pressure\n|move|p1a: Skarmory|Spikes|p2a: Corviknight\n|-sidestart|p2: NDSNEZ ban voter|Spikes\n|\n|upkeep\n|turn|68\n|\n|t:|1700456927\n|move|p2a: Corviknight|Protect|p2a: Corviknight\n|-singleturn|p2a: Corviknight|Protect\n|move|p1a: Skarmory|Roost|p1a: Skarmory\n|-heal|p1a: Skarmory|100\/100\n|-singleturn|p1a: Skarmory|move: Roost\n|\n|upkeep\n|turn|69\n|\n|t:|1700456931\n|switch|p2a: Gliscor|Gliscor, M|66\/100 tox\n|move|p1a: Skarmory|Spikes|p2a: Gliscor\n|-sidestart|p2: NDSNEZ ban voter|Spikes\n|\n|-heal|p2a: Gliscor|78\/100 tox|[from] ability: Poison Heal\n|upkeep\n|turn|70\n|\n|t:|1700456937\n|switch|p2a: Corviknight|Corviknight, F|100\/100\n|-ability|p2a: Corviknight|Pressure\n|move|p1a: Skarmory|Spikes|p2a: Corviknight\n|-sidestart|p2: NDSNEZ ban voter|Spikes\n|\n|upkeep\n|turn|71\n|\n|t:|1700456947\n|switch|p1a: Tyranitar|Tyranitar, M|77\/100\n|-damage|p1a: Tyranitar|61\/100|[from] Spikes\n|-weather|Sandstorm|[from] ability: Sand Stream|[of] p1a: Tyranitar\n|move|p2a: Corviknight|Defog|p1a: Tyranitar\n|-unboost|p1a: Tyranitar|evasion|1\n|-sideend|p1: nickytbh|Spikes|[from] move: Defog|[of] p2a: Corviknight\n|-sideend|p2: NDSNEZ ban voter|Spikes|[from] move: Defog|[of] p2a: Corviknight\n|\n|-weather|Sandstorm|[upkeep]\n|upkeep\n|turn|72\n|\n|t:|1700456951\n|switch|p2a: Gliscor|Gliscor, M|78\/100 tox\n|move|p1a: Tyranitar|Fire Punch|p2a: Gliscor\n|-damage|p2a: Gliscor|65\/100 tox\n|\n|-weather|Sandstorm|[upkeep]\n|-heal|p2a: Gliscor|78\/100 tox|[from] ability: Poison Heal\n|upkeep\n|turn|73\n|\n|t:|1700456956\n|switch|p1a: Skarmory|Skarmory, M|100\/100\n|move|p2a: Gliscor|Spikes|p1a: Skarmory\n|-sidestart|p1: nickytbh|Spikes\n|\n|-weather|Sandstorm|[upkeep]\n|-heal|p2a: Gliscor|90\/100 tox|[from] ability: Poison Heal\n|upkeep\n|turn|74\n|\n|t:|1700456959\n|switch|p2a: Corviknight|Corviknight, F|100\/100\n|-ability|p2a: Corviknight|Pressure\n|move|p1a: Skarmory|Spikes|p2a: Corviknight\n|-sidestart|p2: NDSNEZ ban voter|Spikes\n|\n|-weather|Sandstorm|[upkeep]\n|upkeep\n|turn|75\n|\n|t:|1700456963\n|move|p2a: Corviknight|Protect|p2a: Corviknight\n|-singleturn|p2a: Corviknight|Protect\n|move|p1a: Skarmory|Spikes|p2a: Corviknight\n|-sidestart|p2: NDSNEZ ban voter|Spikes\n|\n|-weather|none\n|upkeep\n|turn|76\n|c| Umbre test|Noooo it's joever\n|c| Umbre test|Rip\n|c|\u2606NDSNEZ ban voter|no more spikes\n|\n|t:|1700456973\n|switch|p1a: Urshifu|Urshifu-Rapid-Strike, M|72\/100\n|-damage|p1a: Urshifu|59\/100|[from] Spikes\n|move|p2a: Corviknight|Defog|p1a: Urshifu\n|-unboost|p1a: Urshifu|evasion|1\n|-sideend|p1: nickytbh|Spikes|[from] move: Defog|[of] p2a: Corviknight\n|-sideend|p2: NDSNEZ ban voter|Spikes|[from] move: Defog|[of] p2a: Corviknight\n|\n|upkeep\n|turn|77\n|\n|t:|1700456977\n|switch|p2a: Toxapex|Toxapex, M|100\/100\n|move|p1a: Urshifu|U-turn|p2a: Toxapex\n|-resisted|p2a: Toxapex\n|-damage|p2a: Toxapex|87\/100\n|\n|t:|1700456981\n|switch|p1a: Lopunny|Lopunny-Mega, F|72\/100 psn|[from] U-turn\n|\n|-damage|p1a: Lopunny|60\/100 psn|[from] psn\n|upkeep\n|turn|78\n|\n|t:|1700456985\n|move|p2a: Toxapex|Baneful Bunker|p2a: Toxapex\n|-singleturn|p2a: Toxapex|move: Protect\n|move|p1a: Lopunny|Fake Out|p2a: Toxapex\n|-activate|p2a: Toxapex|move: Protect\n|\n|-damage|p1a: Lopunny|47\/100 psn|[from] psn\n|upkeep\n|turn|79\n|\n|t:|1700456995\n|switch|p1a: Skarmory|Skarmory, M|100\/100\n|move|p2a: Toxapex|Recover|p2a: Toxapex\n|-heal|p2a: Toxapex|100\/100\n|\n|upkeep\n|turn|80\n|c| Umbre test|Can you knock Nidoking\n|c| Umbre test|On the switch\n|c| Umbre test|Oh ok\n|\n|t:|1700457007\n|switch|p2a: Gliscor|Gliscor, M|90\/100 tox\n|move|p1a: Skarmory|Toxic|p2a: Gliscor\n|-fail|p2a: Gliscor|tox\n|\n|-heal|p2a: Gliscor|100\/100 tox|[from] ability: Poison Heal\n|upkeep\n|turn|81\n|\n|t:|1700457011\n|switch|p1a: Urshifu|Urshifu-Rapid-Strike, M|59\/100\n|move|p2a: Gliscor|Spikes|p1a: Urshifu\n|-sidestart|p1: nickytbh|Spikes\n|\n|upkeep\n|turn|82\n|\n|t:|1700457017\n|switch|p2a: Toxapex|Toxapex, M|100\/100\n|move|p1a: Urshifu|Close Combat|p2a: Toxapex\n|-resisted|p2a: Toxapex\n|-damage|p2a: Toxapex|69\/100\n|-unboost|p1a: Urshifu|def|1\n|-unboost|p1a: Urshifu|spd|1\n|\n|upkeep\n|turn|83\n|\n|t:|1700457022\n|switch|p1a: Tyranitar|Tyranitar, M|61\/100\n|-damage|p1a: Tyranitar|49\/100|[from] Spikes\n|-weather|Sandstorm|[from] ability: Sand Stream|[of] p1a: Tyranitar\n|move|p2a: Toxapex|Recover|p2a: Toxapex\n|-heal|p2a: Toxapex|100\/100\n|\n|-weather|Sandstorm|[upkeep]\n|-damage|p2a: Toxapex|95\/100|[from] Sandstorm\n|upkeep\n|turn|84\n|\n|t:|1700457026\n|switch|p2a: Gliscor|Gliscor, M|100\/100 tox\n|move|p1a: Tyranitar|Rock Slide|p2a: Gliscor\n|-damage|p2a: Gliscor|80\/100 tox\n|\n|-weather|Sandstorm|[upkeep]\n|-heal|p2a: Gliscor|93\/100 tox|[from] ability: Poison Heal\n|upkeep\n|turn|85\n|\n|t:|1700457030\n|move|p2a: Gliscor|Spikes|p1a: Tyranitar\n|-sidestart|p1: nickytbh|Spikes\n|move|p1a: Tyranitar|Rock Slide|p2a: Gliscor\n|-damage|p2a: Gliscor|70\/100 tox\n|\n|-weather|Sandstorm|[upkeep]\n|-heal|p2a: Gliscor|82\/100 tox|[from] ability: Poison Heal\n|upkeep\n|turn|86\n|\n|t:|1700457033\n|move|p2a: Gliscor|Earthquake|p1a: Tyranitar\n|-supereffective|p1a: Tyranitar\n|-damage|p1a: Tyranitar|0 fnt\n|faint|p1a: Tyranitar\n|\n|-weather|Sandstorm|[upkeep]\n|-heal|p2a: Gliscor|95\/100 tox|[from] ability: Poison Heal\n|upkeep\n|\n|t:|1700457036\n|switch|p1a: Urshifu|Urshifu-Rapid-Strike, M|59\/100\n|-damage|p1a: Urshifu|43\/100|[from] Spikes\n|turn|87\n|\n|t:|1700457038\n|switch|p2a: Toxapex|Toxapex, M|100\/100\n|move|p1a: Urshifu|U-turn|p2a: Toxapex\n|-resisted|p2a: Toxapex\n|-damage|p2a: Toxapex|89\/100\n|\n|t:|1700457040\n|switch|p1a: Lopunny|Lopunny-Mega, F|47\/100 psn|[from] U-turn\n|-damage|p1a: Lopunny|31\/100 psn|[from] Spikes\n|\n|-weather|none\n|-damage|p1a: Lopunny|19\/100 psn|[from] psn\n|upkeep\n|turn|88\n|\n|t:|1700457042\n|move|p2a: Toxapex|Baneful Bunker|p2a: Toxapex\n|-singleturn|p2a: Toxapex|move: Protect\n|move|p1a: Lopunny|Fake Out|p2a: Toxapex\n|-activate|p2a: Toxapex|move: Protect\n|\n|-damage|p1a: Lopunny|6\/100 psn|[from] psn\n|upkeep\n|turn|89\n|\n|t:|1700457046\n|switch|p2a: Tyranitar|Tyranitar-Mega, M|67\/100 slp\n|-weather|Sandstorm|[from] ability: Sand Stream|[of] p2a: Tyranitar\n|move|p1a: Lopunny|Return|p2a: Tyranitar\n|-resisted|p2a: Tyranitar\n|-damage|p2a: Tyranitar|51\/100 slp\n|\n|-weather|Sandstorm|[upkeep]\n|-damage|p1a: Lopunny|0 fnt|[from] Sandstorm\n|faint|p1a: Lopunny\n|upkeep\n|\n|t:|1700457049\n|switch|p1a: Nidoking|Nidoking, M|26\/100\n|-damage|p1a: Nidoking|10\/100|[from] Spikes\n|turn|90\n|j| leona misa\n|\n|t:|1700457052\n|move|p1a: Nidoking|Earth Power|p2a: Tyranitar\n|-supereffective|p2a: Tyranitar\n|-crit|p2a: Tyranitar\n|-damage|p2a: Tyranitar|0 fnt\n|faint|p2a: Tyranitar\n|\n|-weather|Sandstorm|[upkeep]\n|upkeep\n|c|\u2606NDSNEZ ban voter|zamn\n|\n|t:|1700457059\n|switch|p2a: Gliscor|Gliscor, M|95\/100 tox\n|turn|91\n|c| Umbre test|Why did you let a Mon die\n|c|\u2606NDSNEZ ban voter|bc\n|c|\u2606NDSNEZ ban voter|funne\n|\n|t:|1700457067\n|move|p1a: Nidoking|Sludge Wave|p2a: Gliscor\n|-resisted|p2a: Gliscor\n|-damage|p2a: Gliscor|59\/100 tox\n|move|p2a: Gliscor|Earthquake|p1a: Nidoking\n|-supereffective|p1a: Nidoking\n|-damage|p1a: Nidoking|0 fnt\n|faint|p1a: Nidoking\n|\n|-weather|Sandstorm|[upkeep]\n|-heal|p2a: Gliscor|72\/100 tox|[from] ability: Poison Heal\n|upkeep\n|c| Umbre test|This is outrageous\n|\n|t:|1700457071\n|switch|p1a: Urshifu|Urshifu-Rapid-Strike, M|43\/100\n|-damage|p1a: Urshifu|27\/100|[from] Spikes\n|turn|92\n|\n|t:|1700457074\n|switch|p2a: Toxapex|Toxapex, M|100\/100\n|move|p1a: Urshifu|Close Combat|p2a: Toxapex\n|-resisted|p2a: Toxapex\n|-damage|p2a: Toxapex|68\/100\n|-unboost|p1a: Urshifu|def|1\n|-unboost|p1a: Urshifu|spd|1\n|\n|-weather|Sandstorm|[upkeep]\n|-damage|p1a: Urshifu|20\/100|[from] Sandstorm\n|-damage|p2a: Toxapex|62\/100|[from] Sandstorm\n|upkeep\n|turn|93\n|\n|t:|1700457078\n|move|p1a: Urshifu|Close Combat|p2a: Toxapex\n|-resisted|p2a: Toxapex\n|-damage|p2a: Toxapex|33\/100\n|-unboost|p1a: Urshifu|def|1\n|-unboost|p1a: Urshifu|spd|1\n|move|p2a: Toxapex|Knock Off|p1a: Urshifu\n|-resisted|p1a: Urshifu\n|-damage|p1a: Urshifu|5\/100\n|-enditem|p1a: Urshifu|Choice Band|[from] move: Knock Off|[of] p2a: Toxapex\n|\n|-weather|none\n|upkeep\n|turn|94\n|\n|t:|1700457081\n|move|p1a: Urshifu|Close Combat|p2a: Toxapex\n|-resisted|p2a: Toxapex\n|-damage|p2a: Toxapex|13\/100\n|-unboost|p1a: Urshifu|def|1\n|-unboost|p1a: Urshifu|spd|1\n|move|p2a: Toxapex|Recover|p2a: Toxapex\n|-heal|p2a: Toxapex|63\/100\n|\n|upkeep\n|turn|95\n|\n|t:|1700457086\n|move|p2a: Toxapex|Baneful Bunker|p2a: Toxapex\n|-singleturn|p2a: Toxapex|move: Protect\n|move|p1a: Urshifu|Close Combat|p2a: Toxapex\n|-resisted|p2a: Toxapex\n|-damage|p2a: Toxapex|41\/100\n|-unboost|p1a: Urshifu|def|1\n|-unboost|p1a: Urshifu|spd|1\n|\n|upkeep\n|turn|96\n|\n|t:|1700457091\n|move|p1a: Urshifu|Stone Edge|p2a: Toxapex\n|-crit|p2a: Toxapex\n|-damage|p2a: Toxapex|7\/100\n|move|p2a: Toxapex|Recover|p2a: Toxapex\n|-heal|p2a: Toxapex|58\/100\n|\n|upkeep\n|turn|97\n|c|\u2606NDSNEZ ban voter|lol i knew that would happen\n|c|\u2606NDSNEZ ban voter|wtf??\n|c|\u2606NDSNEZ ban voter|stone edge???\n|\n|t:|1700457098\n|move|p1a: Urshifu|Close Combat|p2a: Toxapex\n|-resisted|p2a: Toxapex\n|-damage|p2a: Toxapex|34\/100\n|-unboost|p1a: Urshifu|def|1\n|-unboost|p1a: Urshifu|spd|1\n|move|p2a: Toxapex|Knock Off|p1a: Urshifu\n|-resisted|p1a: Urshifu\n|-damage|p1a: Urshifu|0 fnt\n|faint|p1a: Urshifu\n|\n|upkeep\n|\n|t:|1700457101\n|switch|p1a: Skarmory|Skarmory, M|100\/100\n|turn|98\n|c|\u2606NDSNEZ ban voter|bro hates volc so much\n|c| Umbre test|Stone edge is him\n|\n|t:|1700457108\n|switch|p2a: Corviknight|Corviknight, F|100\/100\n|-ability|p2a: Corviknight|Pressure\n|move|p1a: Skarmory|Toxic|p2a: Corviknight\n|-immune|p2a: Corviknight\n|\n|upkeep\n|turn|99\n|\n|t:|1700457110\n|switch|p2a: Toxapex|Toxapex, M|67\/100\n|move|p1a: Skarmory|Toxic|p2a: Toxapex\n|-immune|p2a: Toxapex\n|\n|upkeep\n|turn|100\n|\n|t:|1700457112\n|switch|p2a: Corviknight|Corviknight, F|100\/100\n|-ability|p2a: Corviknight|Pressure\n|move|p1a: Skarmory|Toxic|p2a: Corviknight\n|-immune|p2a: Corviknight\n|\n|upkeep\n|turn|101\n|\n|t:|1700457115\n|switch|p2a: Toxapex|Toxapex, M|100\/100\n|move|p1a: Skarmory|Toxic|p2a: Toxapex\n|-immune|p2a: Toxapex\n|\n|upkeep\n|turn|102\n|\n|t:|1700457117\n|switch|p2a: Corviknight|Corviknight, F|100\/100\n|-ability|p2a: Corviknight|Pressure\n|move|p1a: Skarmory|Toxic|p2a: Corviknight\n|-immune|p2a: Corviknight\n|\n|upkeep\n|turn|103\n|c| Umbre test|Get spike up for next game\n|c| Umbre test|Yo Nicky type \/offer draw\n|c|\u2606NDSNEZ ban voter|after this gonna go sleep or smth\n|c|\u2606NDSNEZ ban voter|if he actually does i might accept\n|c| Umbre test|Offerdraw In 1 word\n|c|\u2606nickytbh|not working\n|c|\u2606NDSNEZ ban voter|just for funne\n|c| Umbre test|Pleaseee\n|c|\u2606nickytbh|OK\nnickytbh is offering a tie.\nNDSNEZ ban voter rejected the tie.\n|c| Umbre test|LETS GOOO\n|c| Umbre test|WTF\n|c| Umbre test|Nah\n|c|\u2606NDSNEZ ban voter|nah sorry i need the gxe\n|c|\u2606nickytbh|kilzl yourself\n|c| Umbre test|U suck\n|c|\u2606NDSNEZ ban voter|I'm sorry :(\n|c|\u2606NDSNEZ ban voter|I need gxe\n|c|\u2606nickytbh|u need to get yo money up\n|c|\u2606nickytbh|jit\n|c|\u2606NDSNEZ ban voter|Do you want me to vote ban or dnb on sneasler\n|c|\u2606nickytbh|lets go band for band\n|c|\u2606NDSNEZ ban voter|Don't worry I will vote for you\n|c|\u2606NDSNEZ ban voter|trust\n|c| Umbre test|So based\n|c|\u2606NDSNEZ ban voter|do you want to ban or no ban snasler\n|inactive|Battle timer is ON: inactive players will automatically lose when time's up. (requested by NDSNEZ ban voter)\n|c| Umbre test|He's not using sneasler he must want ban\n|c| Umbre test|Let's go\n|c| Umbre test|W\n|c|\u2606NDSNEZ ban voter|bet i want ban too\n|inactive|nickytbh has 120 seconds left.\n|c| Umbre test|Save this replay pls\n|c|\u2606nickytbh|why ttar\n|c|\u2606NDSNEZ ban voter|idk\n|c|\u2606nickytbh|wouldnt like\n|c|\u2606nickytbh|mega scizor be so much btr for u\n|inactive|nickytbh has 90 seconds left.\n|c|\u2606nickytbh|???\n|c|\u2606NDSNEZ ban voter|nah\n|c| Umbre test|Ttar is good\n|c| Umbre test|Ttar is bulkier\n|inactive|nickytbh has 60 seconds left.\n|c|\u2606nickytbh|idk how to forfeit\n|c|\u2606nickytbh|honestly\n|inactive|nickytbh has 30 seconds left.\n|c| Umbre test|You can type \/forfeit\n|inactive|nickytbh has 20 seconds left.\n|-message|nickytbh forfeited.\n|\n|win|NDSNEZ ban voter\n|raw|nickytbh's rating: 1257 &rarr; <strong>1238<\/strong><br \/>(-19 for losing)\n|raw|NDSNEZ ban voter's rating: 1341 &rarr; <strong>1356<\/strong><br \/>(+15 for winning)\n|c| Umbre test|Or like press the x button on the game\n|c| Umbre test|Gg\n|c|\u2606NDSNEZ ban voter|Ty\n|c| Umbre test|Based opponent\n|c|\u2606NDSNEZ ban voter|i will vote ban for you\n|c|\u2606NDSNEZ ban voter|Dw\n|l|\u2606NDSNEZ ban voter\n","uploadtime":1700457170,"views":7,"p1id":"nickytbh","p2id":"ndsnezbanvoter","formatid":"gen9nationaldex","rating":1238,"private":0,"password":""}