{"id":"gen9nationaldex-1987334186","p1":"FisheePhishee","p2":"PapaPena","format":"[Gen 9] National Dex","log":"|j|\u2606FisheePhishee\n|j|\u2606PapaPena\n|t:|1699578708\n|gametype|singles\n|player|p1|FisheePhishee|170|\n|player|p2|PapaPena|102|\n|teamsize|p1|6\n|teamsize|p2|6\n|gen|9\n|tier|[Gen 9] National Dex\n|rule|HP Percentage Mod: HP is shown in percentages\n|rule|Endless Battle Clause: Forcing endless battles is banned\n|rule|OHKO Clause: OHKO moves are banned\n|rule|Evasion Clause: Evasion abilities, items, and moves are banned\n|rule|Evasion Abilities Clause: Evasion abilities are banned\n|rule|Evasion Items Clause: Evasion items are banned\n|rule|Evasion Moves Clause: Evasion moves are banned\n|rule|Species Clause: Limit one of each Pok\u00e9mon\n|rule|Sleep Clause Mod: Limit one foe put to sleep\n|clearpoke\n|poke|p1|Toxapex, M|\n|poke|p1|Ceruledge, F|\n|poke|p1|Slither Wing|\n|poke|p1|Vivillon, F|\n|poke|p1|Perrserker, F|\n|poke|p1|Krokorok, M|\n|poke|p2|Moltres|\n|poke|p2|Tornadus-Therian, M|\n|poke|p2|Klefki, F|\n|poke|p2|Eelektross, M|\n|poke|p2|Basculin, M|\n|poke|p2|Toedscool, M|\n|teampreview\n|\n|t:|1699578736\n|start\n|switch|p1a: Krokorok|Krokorok, M|100\/100\n|switch|p2a: Basculin|Basculin, M|100\/100\n|-ability|p1a: Krokorok|Intimidate|boost\n|-unboost|p2a: Basculin|atk|1\n|turn|1\n|\n|t:|1699578801\n|switch|p1a: Toxapex|Toxapex, M|100\/100\n|move|p2a: Basculin|Wave Crash|p1a: Toxapex\n|-resisted|p1a: Toxapex\n|-damage|p1a: Toxapex|88\/100\n|-damage|p2a: Basculin|96\/100|[from] Recoil\n|\n|-heal|p1a: Toxapex|95\/100|[from] item: Leftovers\n|upkeep\n|turn|2\n|\n|t:|1699578820\n|move|p2a: Basculin|Psychic Fangs|p1a: Toxapex\n|-supereffective|p1a: Toxapex\n|-damage|p1a: Toxapex|70\/100\n|move|p1a: Toxapex|Scald|p2a: Basculin\n|-resisted|p2a: Basculin\n|-damage|p2a: Basculin|81\/100\n|\n|-heal|p1a: Toxapex|76\/100|[from] item: Leftovers\n|upkeep\n|turn|3\n|\n|t:|1699578871\n|switch|p1a: Vivillon|Vivillon, F|100\/100\n|move|p2a: Basculin|Psychic Fangs|p1a: Vivillon\n|-damage|p1a: Vivillon|78\/100\n|\n|upkeep\n|turn|4\n|\n|t:|1699578891\n|move|p2a: Basculin|Head Smash|p1a: Vivillon\n|-supereffective|p1a: Vivillon\n|-damage|p1a: Vivillon|0 fnt\n|faint|p1a: Vivillon\n|-damage|p2a: Basculin|39\/100|[from] Recoil\n|\n|upkeep\n|\n|t:|1699578923\n|switch|p1a: Perrserker|Perrserker, F|100\/100\n|turn|5\n|\n|t:|1699578947\n|move|p1a: Perrserker|Fake Out|p2a: Basculin\n|-damage|p2a: Basculin|15\/100\n|cant|p2a: Basculin|flinch\n|\n|upkeep\n|turn|6\n|\n|t:|1699578980\n|move|p2a: Basculin|Head Smash|p1a: Perrserker|[miss]\n|-miss|p2a: Basculin|p1a: Perrserker\n|move|p1a: Perrserker|U-turn|p2a: Basculin\n|-damage|p2a: Basculin|0 fnt\n|faint|p2a: Basculin\n|\n|t:|1699579014\n|switch|p1a: Toxapex|Toxapex, M|100\/100|[from] U-turn\n|\n|upkeep\n|\n|t:|1699579022\n|switch|p2a: Klefki|Klefki, F|100\/100\n|turn|7\n|\n|t:|1699579069\n|move|p2a: Klefki|Reflect|p2a: Klefki\n|-sidestart|p2: PapaPena|Reflect\n|move|p1a: Toxapex|Scald|p2a: Klefki\n|-damage|p2a: Klefki|81\/100\n|\n|upkeep\n|turn|8\n|\n|t:|1699579075\n|move|p2a: Klefki|Light Screen|p2a: Klefki\n|-sidestart|p2: PapaPena|move: Light Screen\n|move|p1a: Toxapex|Scald|p2a: Klefki\n|-damage|p2a: Klefki|71\/100\n|\n|upkeep\n|turn|9\n|\n|t:|1699579088\n|switch|p2a: what dat mouth do|Eelektross, M|100\/100\n|move|p1a: Toxapex|Toxic|p2a: what dat mouth do\n|-status|p2a: what dat mouth do|tox\n|\n|-damage|p2a: what dat mouth do|94\/100 tox|[from] psn\n|upkeep\n|turn|10\n|\n|t:|1699579105\n|switch|p1a: Krokorok|Krokorok, M|100\/100\n|-ability|p1a: Krokorok|Intimidate|boost\n|-unboost|p2a: what dat mouth do|atk|1\n|move|p2a: what dat mouth do|Thunder Punch|p1a: Krokorok\n|-immune|p1a: Krokorok\n|\n|-damage|p2a: what dat mouth do|82\/100 tox|[from] psn\n|upkeep\n|turn|11\n|\n|t:|1699579120\n|switch|p2a: Tornadus|Tornadus-Therian, M|100\/100\n|move|p1a: Krokorok|Earthquake|p2a: Tornadus\n|-immune|p2a: Tornadus\n|\n|upkeep\n|turn|12\n|\n|t:|1699579137\n|move|p2a: Tornadus|Bleakwind Storm|p1a: Krokorok\n|-damage|p1a: Krokorok|30\/100\n|-unboost|p1a: Krokorok|spe|1\n|move|p1a: Krokorok|Stone Edge|p2a: Tornadus\n|-supereffective|p2a: Tornadus\n|-damage|p2a: Tornadus|63\/100\n|\n|-heal|p2a: Tornadus|69\/100|[from] item: Leftovers\n|upkeep\n|turn|13\n|\n|t:|1699579155\n|move|p2a: Tornadus|Bleakwind Storm|p1a: Krokorok|[miss]\n|-miss|p2a: Tornadus|p1a: Krokorok\n|move|p1a: Krokorok|Stone Edge|p2a: Tornadus\n|-supereffective|p2a: Tornadus\n|-damage|p2a: Tornadus|35\/100\n|\n|-heal|p2a: Tornadus|41\/100|[from] item: Leftovers\n|upkeep\n|turn|14\n|\n|t:|1699579171\n|move|p2a: Tornadus|Bleakwind Storm|p1a: Krokorok\n|-damage|p1a: Krokorok|0 fnt\n|faint|p1a: Krokorok\n|\n|-heal|p2a: Tornadus|47\/100|[from] item: Leftovers\n|-sideend|p2: PapaPena|Reflect\n|upkeep\n|\n|t:|1699579240\n|switch|p1a: Ceruledge|Ceruledge, F, shiny|100\/100\n|turn|15\n|\n|t:|1699579267\n|switch|p2a: Klefki|Klefki, F|71\/100\n|move|p1a: Ceruledge|Shadow Sneak|p2a: Klefki\n|-damage|p2a: Klefki|56\/100\n|\n|-sideend|p2: PapaPena|move: Light Screen\n|upkeep\n|turn|16\n|\n|t:|1699579290\n|move|p2a: Klefki|Reflect|p2a: Klefki\n|-sidestart|p2: PapaPena|Reflect\n|move|p1a: Ceruledge|Bitter Blade|p2a: Klefki\n|-supereffective|p2a: Klefki\n|-damage|p2a: Klefki|14\/100\n|\n|upkeep\n|turn|17\n|\n|t:|1699579300\n|move|p2a: Klefki|Light Screen|p2a: Klefki\n|-sidestart|p2: PapaPena|move: Light Screen\n|move|p1a: Ceruledge|Bitter Blade|p2a: Klefki\n|-supereffective|p2a: Klefki\n|-damage|p2a: Klefki|0 fnt\n|faint|p2a: Klefki\n|\n|upkeep\n|\n|t:|1699579310\n|switch|p2a: what dat mouth do|Eelektross, M|82\/100 tox\n|turn|18\n|\n|t:|1699579442\n|move|p1a: Ceruledge|Bitter Blade|p2a: what dat mouth do\n|-damage|p2a: what dat mouth do|58\/100 tox\n|move|p2a: what dat mouth do|Stomping Tantrum|p1a: Ceruledge\n|-supereffective|p1a: Ceruledge\n|-damage|p1a: Ceruledge|0 fnt\n|faint|p1a: Ceruledge\n|\n|-damage|p2a: what dat mouth do|52\/100 tox|[from] psn\n|upkeep\n|\n|t:|1699579457\n|switch|p1a: Perrserker|Perrserker, F|100\/100\n|turn|19\n|\n|t:|1699579478\n|switch|p2a: Tornadus|Tornadus-Therian, M|80\/100\n|move|p1a: Perrserker|Fake Out|p2a: Tornadus\n|-damage|p2a: Tornadus|71\/100\n|\n|-heal|p2a: Tornadus|77\/100|[from] item: Leftovers\n|upkeep\n|turn|20\n|\n|t:|1699579514\n|switch|p2a: what dat mouth do|Eelektross, M|52\/100 tox\n|move|p1a: Perrserker|Close Combat|p2a: what dat mouth do\n|-damage|p2a: what dat mouth do|27\/100 tox\n|-unboost|p1a: Perrserker|def|1\n|-unboost|p1a: Perrserker|spd|1\n|\n|-damage|p2a: what dat mouth do|21\/100 tox|[from] psn\n|upkeep\n|turn|21\n|\n|t:|1699579545\n|move|p2a: what dat mouth do|Close Combat|p1a: Perrserker\n|-supereffective|p1a: Perrserker\n|-damage|p1a: Perrserker|0 fnt\n|-unboost|p2a: what dat mouth do|def|1\n|-unboost|p2a: what dat mouth do|spd|1\n|faint|p1a: Perrserker\n|\n|-damage|p2a: what dat mouth do|9\/100 tox|[from] psn\n|upkeep\n|\n|t:|1699579563\n|switch|p1a: Slither Wing|Slither Wing|100\/100\n|-enditem|p1a: Slither Wing|Booster Energy\n|-activate|p1a: Slither Wing|ability: Protosynthesis|[fromitem]\n|-start|p1a: Slither Wing|protosynthesisatk\n|turn|22\n|\n|t:|1699579576\n|move|p1a: Slither Wing|Wild Charge|p2a: what dat mouth do\n|-resisted|p2a: what dat mouth do\n|-damage|p2a: what dat mouth do|0 fnt\n|faint|p2a: what dat mouth do\n|-damage|p1a: Slither Wing|98\/100|[from] Recoil\n|\n|upkeep\n|\n|t:|1699579586\n|switch|p2a: squeeward|Toedscool, M|100\/100\n|turn|23\n|\n|t:|1699579605\n|move|p1a: Slither Wing|U-turn|p2a: squeeward\n|-supereffective|p2a: squeeward\n|-damage|p2a: squeeward|0 fnt\n|faint|p2a: squeeward\n|\n|t:|1699579609\n|-end|p1a: Slither Wing|Protosynthesis|[silent]\n|switch|p1a: Toxapex|Toxapex, M|100\/100|[from] U-turn\n|\n|-sideend|p2: PapaPena|Reflect\n|upkeep\n|\n|t:|1699579633\n|switch|p2a: flame-ingo|Moltres, shiny|100\/100\n|turn|24\n|\n|t:|1699579647\n|-terastallize|p2a: flame-ingo|Steel\n|move|p2a: flame-ingo|Scorching Sands|p1a: Toxapex\n|-supereffective|p1a: Toxapex\n|-damage|p1a: Toxapex|70\/100\n|-status|p1a: Toxapex|brn\n|move|p1a: Toxapex|Scald|p2a: flame-ingo\n|-damage|p2a: flame-ingo|94\/100\n|\n|-heal|p1a: Toxapex|76\/100 brn|[from] item: Leftovers\n|-damage|p1a: Toxapex|70\/100 brn|[from] brn\n|-sideend|p2: PapaPena|move: Light Screen\n|upkeep\n|turn|25\n|\n|t:|1699579704\n|move|p2a: flame-ingo|Scorching Sands|p1a: Toxapex\n|-supereffective|p1a: Toxapex\n|-damage|p1a: Toxapex|40\/100 brn\n|move|p1a: Toxapex|Recover|p1a: Toxapex\n|-heal|p1a: Toxapex|90\/100 brn\n|\n|-heal|p1a: Toxapex|96\/100 brn|[from] item: Leftovers\n|-damage|p1a: Toxapex|90\/100 brn|[from] brn\n|upkeep\n|turn|26\n|\n|t:|1699579730\n|switch|p1a: Slither Wing|Slither Wing|98\/100\n|move|p2a: flame-ingo|Scorching Sands|p1a: Slither Wing\n|-resisted|p1a: Slither Wing\n|-damage|p1a: Slither Wing|88\/100\n|\n|upkeep\n|turn|27\n|\n|t:|1699579773\n|switch|p2a: Tornadus|Tornadus-Therian, M|100\/100\n|move|p1a: Slither Wing|Close Combat|p2a: Tornadus\n|-resisted|p2a: Tornadus\n|-damage|p2a: Tornadus|50\/100\n|-unboost|p1a: Slither Wing|def|1\n|-unboost|p1a: Slither Wing|spd|1\n|\n|-heal|p2a: Tornadus|56\/100|[from] item: Leftovers\n|upkeep\n|turn|28\n|\n|t:|1699579794\n|switch|p2a: flame-ingo|Moltres, shiny, tera:Steel|94\/100\n|-end|p1a: Slither Wing|Protosynthesis|[silent]\n|switch|p1a: Toxapex|Toxapex, M|100\/100 brn\n|\n|-damage|p1a: Toxapex|94\/100 brn|[from] brn\n|upkeep\n|turn|29\n|\n|t:|1699579810\n|move|p2a: flame-ingo|Air Slash|p1a: Toxapex\n|-damage|p1a: Toxapex|71\/100 brn\n|move|p1a: Toxapex|Toxic|p2a: flame-ingo\n|-immune|p2a: flame-ingo\n|\n|-heal|p1a: Toxapex|77\/100 brn|[from] item: Leftovers\n|-damage|p1a: Toxapex|71\/100 brn|[from] brn\n|upkeep\n|turn|30\n|\n|t:|1699579832\n|move|p2a: flame-ingo|Air Slash|p1a: Toxapex\n|-damage|p1a: Toxapex|45\/100 brn\n|move|p1a: Toxapex|Recover|p1a: Toxapex\n|-heal|p1a: Toxapex|95\/100 brn\n|\n|-heal|p1a: Toxapex|100\/100 brn|[from] item: Leftovers\n|-damage|p1a: Toxapex|94\/100 brn|[from] brn\n|upkeep\n|turn|31\n|\n|t:|1699579861\n|move|p2a: flame-ingo|Air Slash|p1a: Toxapex|[miss]\n|-miss|p2a: flame-ingo|p1a: Toxapex\n|move|p1a: Toxapex|Scald|p2a: flame-ingo\n|-damage|p2a: flame-ingo|82\/100\n|\n|-heal|p1a: Toxapex|100\/100 brn|[from] item: Leftovers\n|-damage|p1a: Toxapex|94\/100 brn|[from] brn\n|upkeep\n|turn|32\n|\n|t:|1699579878\n|move|p2a: flame-ingo|Air Slash|p1a: Toxapex\n|-damage|p1a: Toxapex|71\/100 brn\n|cant|p1a: Toxapex|flinch\n|\n|-heal|p1a: Toxapex|77\/100 brn|[from] item: Leftovers\n|-damage|p1a: Toxapex|71\/100 brn|[from] brn\n|upkeep\n|turn|33\n|\n|t:|1699579888\n|move|p2a: flame-ingo|Air Slash|p1a: Toxapex\n|-damage|p1a: Toxapex|47\/100 brn\n|cant|p1a: Toxapex|flinch\n|\n|-heal|p1a: Toxapex|53\/100 brn|[from] item: Leftovers\n|-damage|p1a: Toxapex|47\/100 brn|[from] brn\n|upkeep\n|turn|34\n|\n|t:|1699579896\n|switch|p1a: Slither Wing|Slither Wing|88\/100\n|move|p2a: flame-ingo|Air Slash|p1a: Slither Wing\n|-supereffective|p1a: Slither Wing\n|-damage|p1a: Slither Wing|0 fnt\n|faint|p1a: Slither Wing\n|-end|p1a: Slither Wing|Protosynthesis|[silent]\n|\n|upkeep\n|\n|t:|1699579902\n|switch|p1a: Toxapex|Toxapex, M|80\/100 brn\n|turn|35\n|\n|t:|1699579906\n|move|p2a: flame-ingo|Scorching Sands|p1a: Toxapex\n|-supereffective|p1a: Toxapex\n|-damage|p1a: Toxapex|50\/100 brn\n|move|p1a: Toxapex|Scald|p2a: flame-ingo\n|-damage|p2a: flame-ingo|71\/100\n|\n|-heal|p1a: Toxapex|56\/100 brn|[from] item: Leftovers\n|-damage|p1a: Toxapex|50\/100 brn|[from] brn\n|upkeep\n|turn|36\n|\n|t:|1699579916\n|move|p2a: flame-ingo|Scorching Sands|p1a: Toxapex\n|-supereffective|p1a: Toxapex\n|-damage|p1a: Toxapex|21\/100 brn\n|move|p1a: Toxapex|Recover|p1a: Toxapex\n|-heal|p1a: Toxapex|71\/100 brn\n|\n|-heal|p1a: Toxapex|77\/100 brn|[from] item: Leftovers\n|-damage|p1a: Toxapex|71\/100 brn|[from] brn\n|upkeep\n|turn|37\n|\n|t:|1699579924\n|move|p2a: flame-ingo|Air Slash|p1a: Toxapex\n|-damage|p1a: Toxapex|45\/100 brn\n|move|p1a: Toxapex|Recover|p1a: Toxapex\n|-heal|p1a: Toxapex|95\/100 brn\n|\n|-heal|p1a: Toxapex|100\/100 brn|[from] item: Leftovers\n|-damage|p1a: Toxapex|94\/100 brn|[from] brn\n|upkeep\n|turn|38\n|\n|t:|1699579932\n|move|p2a: flame-ingo|Scorching Sands|p1a: Toxapex\n|-supereffective|p1a: Toxapex\n|-damage|p1a: Toxapex|65\/100 brn\n|move|p1a: Toxapex|Scald|p2a: flame-ingo\n|-damage|p2a: flame-ingo|60\/100\n|-status|p2a: flame-ingo|brn\n|\n|-heal|p1a: Toxapex|71\/100 brn|[from] item: Leftovers\n|-damage|p2a: flame-ingo|54\/100 brn|[from] brn\n|-damage|p1a: Toxapex|65\/100 brn|[from] brn\n|upkeep\n|turn|39\n|\n|t:|1699579945\n|move|p2a: flame-ingo|Roost|p2a: flame-ingo\n|-heal|p2a: flame-ingo|100\/100 brn\n|move|p1a: Toxapex|Recover|p1a: Toxapex\n|-heal|p1a: Toxapex|100\/100 brn\n|\n|-damage|p2a: flame-ingo|94\/100 brn|[from] brn\n|-damage|p1a: Toxapex|94\/100 brn|[from] brn\n|upkeep\n|turn|40\n|\n|t:|1699579958\n|-terastallize|p1a: Toxapex|Steel\n|move|p2a: flame-ingo|Scorching Sands|p1a: Toxapex\n|-supereffective|p1a: Toxapex\n|-crit|p1a: Toxapex\n|-damage|p1a: Toxapex|48\/100 brn\n|move|p1a: Toxapex|Scald|p2a: flame-ingo\n|-damage|p2a: flame-ingo|83\/100 brn\n|\n|-heal|p1a: Toxapex|54\/100 brn|[from] item: Leftovers\n|-damage|p2a: flame-ingo|77\/100 brn|[from] brn\n|-damage|p1a: Toxapex|48\/100 brn|[from] brn\n|upkeep\n|turn|41\n|\n|t:|1699579974\n|move|p2a: flame-ingo|Scorching Sands|p1a: Toxapex\n|-supereffective|p1a: Toxapex\n|-damage|p1a: Toxapex|15\/100 brn\n|move|p1a: Toxapex|Scald|p2a: flame-ingo\n|-damage|p2a: flame-ingo|66\/100 brn\n|\n|-heal|p1a: Toxapex|21\/100 brn|[from] item: Leftovers\n|-damage|p2a: flame-ingo|60\/100 brn|[from] brn\n|-damage|p1a: Toxapex|15\/100 brn|[from] brn\n|upkeep\n|turn|42\n|\n|t:|1699579983\n|move|p2a: flame-ingo|Scorching Sands|p1a: Toxapex\n|-supereffective|p1a: Toxapex\n|-damage|p1a: Toxapex|0 fnt\n|faint|p1a: Toxapex\n|\n|win|PapaPena\n|l|\u2606FisheePhishee\n","uploadtime":1699580001,"views":6,"p1id":"fisheephishee","p2id":"papapena","formatid":"gen9nationaldex","rating":0,"private":0,"password":""}