{"id":"gen9nationaldex-1993729265","p1":"Huntyisha","p2":"CommonBaxcaliburW","format":"[Gen 9] National Dex","log":"|j|\u2606Huntyisha\n|j|\u2606CommonBaxcaliburW\n|t:|1700350331\n|gametype|singles\n|player|p1|Huntyisha|caitlin|1188\n|player|p2|CommonBaxcaliburW|whitney|1297\n|teamsize|p1|6\n|teamsize|p2|6\n|gen|9\n|tier|[Gen 9] National Dex\n|rated|\n|rule|HP Percentage Mod: HP is shown in percentages\n|rule|Endless Battle Clause: Forcing endless battles is banned\n|rule|OHKO Clause: OHKO moves are banned\n|rule|Evasion Clause: Evasion abilities, items, and moves are banned\n|rule|Evasion Abilities Clause: Evasion abilities are banned\n|rule|Evasion Items Clause: Evasion items are banned\n|rule|Evasion Moves Clause: Evasion moves are banned\n|rule|Species Clause: Limit one of each Pok\u00e9mon\n|rule|Sleep Clause Mod: Limit one foe put to sleep\n|clearpoke\n|poke|p1|Tsareena, F|\n|poke|p1|Diancie|\n|poke|p1|Jolteon, F|\n|poke|p1|Enamorus, F|\n|poke|p1|Mimikyu, F|\n|poke|p1|Ninetales-Alola, F|\n|poke|p2|Weavile, M|\n|poke|p2|Samurott-Hisui, M|\n|poke|p2|Scizor, M|\n|poke|p2|Rillaboom, M|\n|poke|p2|Blacephalon|\n|poke|p2|Urshifu-*, M|\n|teampreview\n|\n|t:|1700350347\n|start\n|switch|p1a: Ninetales|Ninetales-Alola, F, shiny|100\/100\n|switch|p2a: Blacephalon|Blacephalon|100\/100\n|-weather|Snow|[from] ability: Snow Warning|[of] p1a: Ninetales\n|turn|1\n|\n|t:|1700350353\n|move|p1a: Ninetales|Aurora Veil|p1a: Ninetales\n|-sidestart|p1: Huntyisha|move: Aurora Veil\n|move|p2a: Blacephalon|Fire Blast|p1a: Ninetales\n|-supereffective|p1a: Ninetales\n|-damage|p1a: Ninetales|34\/100\n|\n|-weather|Snow|[upkeep]\n|upkeep\n|turn|2\n|\n|t:|1700350360\n|-terastallize|p1a: Ninetales|Water\n|move|p1a: Ninetales|Tera Blast|p2a: Blacephalon|[anim] Tera Blast Water\n|-supereffective|p2a: Blacephalon\n|-damage|p2a: Blacephalon|20\/100\n|move|p2a: Blacephalon|Flame Charge|p1a: Ninetales\n|-resisted|p1a: Ninetales\n|-damage|p1a: Ninetales|28\/100\n|-boost|p2a: Blacephalon|spe|1\n|\n|-weather|Snow|[upkeep]\n|upkeep\n|turn|3\n|inactive|Battle timer is ON: inactive players will automatically lose when time's up. (requested by CommonBaxcaliburW)\n|\n|t:|1700350371\n|move|p2a: Blacephalon|Hidden Power|p1a: Ninetales\n|-supereffective|p1a: Ninetales\n|-damage|p1a: Ninetales|5\/100\n|move|p1a: Ninetales|Tera Blast|p2a: Blacephalon|[anim] Tera Blast Water\n|-supereffective|p2a: Blacephalon\n|-damage|p2a: Blacephalon|0 fnt\n|faint|p2a: Blacephalon\n|\n|-weather|Snow|[upkeep]\n|upkeep\n|\n|t:|1700350374\n|switch|p2a: Samurott|Samurott-Hisui, M|100\/100\n|turn|4\n|\n|t:|1700350381\n|move|p1a: Ninetales|Moonblast|p2a: Samurott\n|-supereffective|p2a: Samurott\n|-damage|p2a: Samurott|15\/100\n|move|p2a: Samurott|Ceaseless Edge|p1a: Ninetales\n|-damage|p1a: Ninetales|0 fnt\n|-sidestart|p1: Huntyisha|Spikes\n|faint|p1a: Ninetales\n|\n|-weather|Snow|[upkeep]\n|upkeep\n|\n|t:|1700350390\n|switch|p1a: Tsareena|Tsareena, F, shiny|100\/100\n|turn|5\n|\n|t:|1700350393\n|move|p2a: Samurott|Ceaseless Edge|p1a: Tsareena\n|-damage|p1a: Tsareena|75\/100\n|-sidestart|p1: Huntyisha|Spikes\n|move|p1a: Tsareena|Rapid Spin|p2a: Samurott\n|-damage|p2a: Samurott|0 fnt\n|-boost|p1a: Tsareena|spe|1\n|-sideend|p1: Huntyisha|Spikes|[from] move: Rapid Spin|[of] p1a: Tsareena\n|faint|p2a: Samurott\n|\n|-weather|none\n|upkeep\n|\n|t:|1700350400\n|switch|p2a: Scizor|Scizor, M|100\/100\n|turn|6\n|\n|t:|1700350407\n|detailschange|p2a: Scizor|Scizor-Mega, M\n|-mega|p2a: Scizor|Scizor|Scizorite\n|move|p1a: Tsareena|Knock Off|p2a: Scizor\n|-damage|p2a: Scizor|84\/100\n|move|p2a: Scizor|Swords Dance|p2a: Scizor\n|-boost|p2a: Scizor|atk|2\n|\n|upkeep\n|turn|7\n|\n|t:|1700350430\n|move|p1a: Tsareena|Power Whip|p2a: Scizor\n|-resisted|p2a: Scizor\n|-damage|p2a: Scizor|73\/100\n|move|p2a: Scizor|Dual Wingbeat|p1a: Tsareena\n|-supereffective|p1a: Tsareena\n|-damage|p1a: Tsareena|9\/100\n|-supereffective|p1a: Tsareena\n|-crit|p1a: Tsareena\n|-damage|p1a: Tsareena|0 fnt\n|faint|p1a: Tsareena\n|-hitcount|p1: Tsareena|2\n|\n|upkeep\n|inactive|Huntyisha has 120 seconds left.\n|\n|t:|1700350446\n|switch|p1a: Enamorus|Enamorus, F, shiny|100\/100\n|turn|8\n|\n|t:|1700350450\n|move|p2a: Scizor|Bullet Punch|p1a: Enamorus\n|-supereffective|p1a: Enamorus\n|-damage|p1a: Enamorus|0 fnt\n|faint|p1a: Enamorus\n|\n|-sideend|p1: Huntyisha|move: Aurora Veil\n|upkeep\n|\n|t:|1700350455\n|switch|p1a: Mimikyu|Mimikyu, F|100\/100\n|turn|9\n|\n|t:|1700350459\n|move|p1a: Mimikyu|Shadow Claw|p2a: Scizor\n|-damage|p2a: Scizor|42\/100\n|-damage|p1a: Mimikyu|91\/100|[from] item: Life Orb\n|move|p2a: Scizor|Bug Bite|p1a: Mimikyu\n|-activate|p1a: Mimikyu|ability: Disguise\n|-damage|p1a: Mimikyu|91\/100\n|detailschange|p1a: Mimikyu|Mimikyu-Busted, F\n|-damage|p1a: Mimikyu|78\/100|[from] pokemon: Mimikyu-Busted\n|\n|upkeep\n|turn|10\n|\n|t:|1700350469\n|move|p2a: Scizor|Bullet Punch|p1a: Mimikyu\n|-supereffective|p1a: Mimikyu\n|-damage|p1a: Mimikyu|0 fnt\n|faint|p1a: Mimikyu\n|\n|upkeep\n|\n|t:|1700350475\n|switch|p1a: Jolteon|Jolteon, F|100\/100\n|turn|11\n|-message|Huntyisha forfeited.\n|\n|win|CommonBaxcaliburW\n|raw|Huntyisha's rating: 1188 &rarr; <strong>1171<\/strong><br \/>(-17 for losing)\n|raw|CommonBaxcaliburW's rating: 1297 &rarr; <strong>1314<\/strong><br \/>(+17 for winning)\n|l|\u2606Huntyisha\n","uploadtime":1700350492,"views":7,"p1id":"huntyisha","p2id":"commonbaxcaliburw","formatid":"gen9nationaldex","rating":1171,"private":0,"password":""}