{"id":"gen9nationaldex-1989960221","p1":"cheeseeggsandbacon","p2":"Sly Killdex 2","format":"[Gen 9] National Dex","log":"|j|\u2606cheeseeggsandbacon\n|j|\u2606Sly Killdex 2\n|t:|1699910361\n|gametype|singles\n|player|p1|cheeseeggsandbacon|veteran|1000\n|player|p2|Sly Killdex 2|volkner|1089\n|teamsize|p1|6\n|teamsize|p2|6\n|gen|9\n|tier|[Gen 9] National Dex\n|rated|\n|rule|HP Percentage Mod: HP is shown in percentages\n|rule|Endless Battle Clause: Forcing endless battles is banned\n|rule|OHKO Clause: OHKO moves are banned\n|rule|Evasion Clause: Evasion abilities, items, and moves are banned\n|rule|Evasion Abilities Clause: Evasion abilities are banned\n|rule|Evasion Items Clause: Evasion items are banned\n|rule|Evasion Moves Clause: Evasion moves are banned\n|rule|Species Clause: Limit one of each Pok\u00e9mon\n|rule|Sleep Clause Mod: Limit one foe put to sleep\n|clearpoke\n|poke|p1|Torkoal, F|\n|poke|p1|Houndoom, M|\n|poke|p1|Lilligant-Hisui, F|\n|poke|p1|Meowstic, M|\n|poke|p1|Sneasler, M|\n|poke|p1|Heliolisk, M|\n|poke|p2|Silvally-*|\n|poke|p2|Lycanroc-Midnight, F|\n|poke|p2|Ribombee, M|\n|poke|p2|Oricorio-Pa'u, F|\n|poke|p2|Crabrawler, F|\n|poke|p2|Vikavolt, F|\n|teampreview\n|inactive|Battle timer is ON: inactive players will automatically lose when time's up. (requested by cheeseeggsandbacon)\n|\n|t:|1699910376\n|start\n|switch|p1a: Torkoal|Torkoal, F|100\/100\n|switch|p2a: Lycanroc|Lycanroc-Midnight, F|100\/100\n|-weather|SunnyDay|[from] ability: Drought|[of] p1a: Torkoal\n|turn|1\n|\n|t:|1699910384\n|move|p2a: Lycanroc|Stone Edge|p1a: Torkoal\n|-supereffective|p1a: Torkoal\n|-damage|p1a: Torkoal|45\/100\n|move|p1a: Torkoal|Stealth Rock|p2a: Lycanroc\n|-sidestart|p2: Sly Killdex 2|move: Stealth Rock\n|\n|-weather|SunnyDay|[upkeep]\n|upkeep\n|turn|2\n|\n|t:|1699910398\n|switch|p1a: Lilligant|Lilligant-Hisui, F, shiny|100\/100\n|move|p2a: Lycanroc|Stone Edge|p1a: Lilligant\n|-resisted|p1a: Lilligant\n|-damage|p1a: Lilligant|64\/100\n|\n|-weather|SunnyDay|[upkeep]\n|upkeep\n|turn|3\n|\n|t:|1699910424\n|switch|p2a: Vikavolt|Vikavolt, F|100\/100\n|move|p1a: Lilligant|Victory Dance|p1a: Lilligant\n|-boost|p1a: Lilligant|atk|1\n|-boost|p1a: Lilligant|def|1\n|-boost|p1a: Lilligant|spe|1\n|\n|-weather|SunnyDay|[upkeep]\n|upkeep\n|turn|4\n|\n|t:|1699910437\n|switch|p1a: Sneasler|Sneasler, M|100\/100\n|move|p2a: Vikavolt|Bug Buzz|p1a: Sneasler\n|-resisted|p1a: Sneasler\n|-damage|p1a: Sneasler|82\/100\n|\n|-weather|SunnyDay|[upkeep]\n|upkeep\n|turn|5\n|\n|t:|1699910444\n|switch|p1a: Torkoal|Torkoal, F|45\/100\n|move|p2a: Vikavolt|Sticky Web|p1a: Torkoal\n|-sidestart|p1: cheeseeggsandbacon|move: Sticky Web\n|\n|-weather|SunnyDay|[upkeep]\n|upkeep\n|turn|6\n|\n|t:|1699910451\n|move|p2a: Vikavolt|Volt Switch|p1a: Torkoal\n|-damage|p1a: Torkoal|0 fnt\n|faint|p1a: Torkoal\n|\n|t:|1699910465\n|switch|p2a: Oricorio|Oricorio-Pa'u, F|100\/100|[from] Volt Switch\n|\n|-weather|SunnyDay|[upkeep]\n|upkeep\n|\n|t:|1699910492\n|switch|p1a: Sneasler|Sneasler, M|82\/100\n|-activate|p1a: Sneasler|move: Sticky Web\n|-unboost|p1a: Sneasler|spe|1\n|turn|7\n|inactive|Sly Killdex 2 has 120 seconds left.\n|\n|t:|1699910529\n|move|p1a: Sneasler|Endure|p1a: Sneasler\n|-singleturn|p1a: Sneasler|move: Endure\n|move|p2a: Oricorio|Revelation Dance|p1a: Sneasler\n|-supereffective|p1a: Sneasler\n|-activate|p1a: Sneasler|move: Endure\n|-damage|p1a: Sneasler|1\/100\n|-enditem|p1a: Sneasler|Liechi Berry|[eat]\n|-boost|p1a: Sneasler|atk|1|[from] item: Liechi Berry\n|\n|-weather|SunnyDay|[upkeep]\n|upkeep\n|turn|8\n|inactive|Sly Killdex 2 has 120 seconds left.\n|\n|t:|1699910543\n|move|p1a: Sneasler|Dire Claw|p2a: Oricorio\n|-damage|p2a: Oricorio|0 fnt\n|faint|p2a: Oricorio\n|\n|-weather|none\n|upkeep\n|\n|t:|1699910550\n|switch|p2a: Silvally|Silvally-Water|100\/100\n|-damage|p2a: Silvally|88\/100|[from] Stealth Rock\n|turn|9\n|\n|t:|1699910557\n|move|p1a: Sneasler|Close Combat|p2a: Silvally\n|-damage|p2a: Silvally|0 fnt\n|-unboost|p1a: Sneasler|def|1\n|-unboost|p1a: Sneasler|spd|1\n|faint|p2a: Silvally\n|\n|upkeep\n|\n|t:|1699910560\n|switch|p2a: Crabrawler|Crabrawler, F|100\/100\n|-damage|p2a: Crabrawler|94\/100|[from] Stealth Rock\n|turn|10\n|\n|t:|1699910569\n|-terastallize|p2a: Crabrawler|Steel\n|move|p1a: Sneasler|Acrobatics|p2a: Crabrawler\n|-resisted|p2a: Crabrawler\n|-damage|p2a: Crabrawler|40\/100\n|move|p2a: Crabrawler|Close Combat|p1a: Sneasler\n|-resisted|p1a: Sneasler\n|-damage|p1a: Sneasler|0 fnt\n|-unboost|p2a: Crabrawler|def|1\n|-unboost|p2a: Crabrawler|spd|1\n|faint|p1a: Sneasler\n|\n|upkeep\n|\n|t:|1699910581\n|switch|p1a: Meowstic|Meowstic, M|100\/100\n|-activate|p1a: Meowstic|move: Sticky Web\n|-unboost|p1a: Meowstic|spe|1\n|turn|11\n|\n|t:|1699910589\n|move|p1a: Meowstic|Reflect|p1a: Meowstic\n|-sidestart|p1: cheeseeggsandbacon|Reflect\n|move|p2a: Crabrawler|Close Combat|p1a: Meowstic\n|-resisted|p1a: Meowstic\n|-damage|p1a: Meowstic|77\/100\n|-unboost|p2a: Crabrawler|def|1\n|-unboost|p2a: Crabrawler|spd|1\n|\n|upkeep\n|turn|12\n|\n|t:|1699910598\n|move|p1a: Meowstic|Sunny Day|p1a: Meowstic\n|-weather|SunnyDay\n|move|p2a: Crabrawler|Close Combat|p1a: Meowstic\n|-resisted|p1a: Meowstic\n|-crit|p1a: Meowstic\n|-damage|p1a: Meowstic|4\/100\n|-unboost|p2a: Crabrawler|def|1\n|-unboost|p2a: Crabrawler|spd|1\n|\n|-weather|SunnyDay|[upkeep]\n|upkeep\n|turn|13\n|\n|t:|1699910608\n|move|p1a: Meowstic|Light Screen|p1a: Meowstic\n|-sidestart|p1: cheeseeggsandbacon|move: Light Screen\n|move|p2a: Crabrawler|Close Combat|p1a: Meowstic\n|-resisted|p1a: Meowstic\n|-damage|p1a: Meowstic|0 fnt\n|-unboost|p2a: Crabrawler|def|1\n|-unboost|p2a: Crabrawler|spd|1\n|faint|p1a: Meowstic\n|\n|-weather|SunnyDay|[upkeep]\n|upkeep\n|\n|t:|1699910618\n|switch|p1a: Lilligant|Lilligant-Hisui, F, shiny|64\/100\n|-activate|p1a: Lilligant|move: Sticky Web\n|-unboost|p1a: Lilligant|spe|1\n|turn|14\n|\n|t:|1699910628\n|move|p1a: Lilligant|Axe Kick|p2a: Crabrawler\n|-supereffective|p2a: Crabrawler\n|-damage|p2a: Crabrawler|0 fnt\n|faint|p2a: Crabrawler\n|\n|-weather|SunnyDay|[upkeep]\n|upkeep\n|\n|t:|1699910636\n|switch|p2a: Ribombee|Ribombee, M|100\/100\n|turn|15\n|\n|t:|1699910650\n|switch|p1a: Heliolisk|Heliolisk, M|100\/100\n|-activate|p1a: Heliolisk|move: Sticky Web\n|-unboost|p1a: Heliolisk|spe|1\n|move|p2a: Ribombee|Moonblast|p1a: Heliolisk\n|-damage|p1a: Heliolisk|73\/100\n|\n|-weather|SunnyDay|[upkeep]\n|-damage|p1a: Heliolisk|61\/100|[from] ability: Solar Power|[of] p1a: Heliolisk\n|upkeep\n|turn|16\n|\n|t:|1699910661\n|-terastallize|p1a: Heliolisk|Fire\n|move|p2a: Ribombee|Quiver Dance|p2a: Ribombee\n|-boost|p2a: Ribombee|spa|1\n|-boost|p2a: Ribombee|spd|1\n|-boost|p2a: Ribombee|spe|1\n|move|p1a: Heliolisk|Weather Ball|p2a: Ribombee\n|-supereffective|p2a: Ribombee\n|-damage|p2a: Ribombee|0 fnt\n|faint|p2a: Ribombee\n|\n|-weather|none\n|upkeep\n|\n|t:|1699910668\n|switch|p2a: Lycanroc|Lycanroc-Midnight, F|100\/100\n|-damage|p2a: Lycanroc|88\/100|[from] Stealth Rock\n|turn|17\n|\n|t:|1699910690\n|move|p2a: Lycanroc|Stone Edge|p1a: Heliolisk\n|-supereffective|p1a: Heliolisk\n|-damage|p1a: Heliolisk|0 fnt\n|faint|p1a: Heliolisk\n|\n|upkeep\n|\n|t:|1699910696\n|switch|p1a: Lilligant|Lilligant-Hisui, F, shiny|64\/100\n|-activate|p1a: Lilligant|move: Sticky Web\n|-unboost|p1a: Lilligant|spe|1\n|turn|18\n|\n|t:|1699910712\n|switch|p2a: Vikavolt|Vikavolt, F|100\/100\n|move|p1a: Lilligant|Leaf Blade|p2a: Vikavolt\n|-resisted|p2a: Vikavolt\n|-damage|p2a: Vikavolt|78\/100\n|\n|-sideend|p1: cheeseeggsandbacon|Reflect\n|upkeep\n|turn|19\n|\n|t:|1699910732\n|move|p1a: Lilligant|Ice Spinner|p2a: Vikavolt\n|-damage|p2a: Vikavolt|50\/100\n|move|p2a: Vikavolt|Volt Switch|p1a: Lilligant\n|-resisted|p1a: Lilligant\n|-damage|p1a: Lilligant|47\/100\n|\n|t:|1699910735\n|switch|p2a: Lycanroc|Lycanroc-Midnight, F|88\/100|[from] Volt Switch\n|-damage|p2a: Lycanroc|76\/100|[from] Stealth Rock\n|\n|upkeep\n|turn|20\n|\n|t:|1699910743\n|move|p2a: Lycanroc|Close Combat|p1a: Lilligant\n|-damage|p1a: Lilligant|0 fnt\n|-unboost|p2a: Lycanroc|def|1\n|-unboost|p2a: Lycanroc|spd|1\n|faint|p1a: Lilligant\n|\n|-sideend|p1: cheeseeggsandbacon|move: Light Screen\n|upkeep\n|\n|t:|1699910750\n|switch|p1a: Houndoom|Houndoom, M|100\/100\n|-activate|p1a: Houndoom|move: Sticky Web\n|-unboost|p1a: Houndoom|spe|1\n|turn|21\n|\n|t:|1699910758\n|switch|p2a: Vikavolt|Vikavolt, F|50\/100\n|detailschange|p1a: Houndoom|Houndoom-Mega, M\n|-mega|p1a: Houndoom|Houndoom|Houndoominite\n|move|p1a: Houndoom|Flamethrower|p2a: Vikavolt\n|-supereffective|p2a: Vikavolt\n|-damage|p2a: Vikavolt|0 fnt\n|faint|p2a: Vikavolt\n|\n|upkeep\n|\n|t:|1699910763\n|switch|p2a: Lycanroc|Lycanroc-Midnight, F|76\/100\n|-damage|p2a: Lycanroc|64\/100|[from] Stealth Rock\n|turn|22\n|\n|t:|1699910774\n|move|p2a: Lycanroc|Stone Edge|p1a: Houndoom\n|-supereffective|p1a: Houndoom\n|-damage|p1a: Houndoom|0 fnt\n|faint|p1a: Houndoom\n|\n|win|Sly Killdex 2\n|raw|cheeseeggsandbacon's rating: 1000 &rarr; <strong>1000<\/strong><br \/>(+0 for losing)\n|raw|Sly Killdex 2's rating: 1089 &rarr; <strong>1109<\/strong><br \/>(+20 for winning)\n","uploadtime":1699910783,"views":4,"p1id":"cheeseeggsandbacon","p2id":"slykilldex2","formatid":"gen9nationaldex","rating":1000,"private":0,"password":""}