{"id":"gen9nationaldex-1988691969","p1":"biezouhaoma","p2":"plentyofpaper","format":"[Gen 9] National Dex","log":"|j|\u203dbiezouhaoma\n|j|\u2606plentyofpaper\n|t:|1699751277\n|gametype|singles\n|player|p1|biezouhaoma|bugcatcher-gen4dp|1806\n|player|p2|plentyofpaper|cynthia-gen4|1694\n|teamsize|p1|6\n|teamsize|p2|6\n|gen|9\n|tier|[Gen 9] National Dex\n|rated|\n|rule|HP Percentage Mod: HP is shown in percentages\n|rule|Endless Battle Clause: Forcing endless battles is banned\n|rule|OHKO Clause: OHKO moves are banned\n|rule|Evasion Clause: Evasion abilities, items, and moves are banned\n|rule|Evasion Abilities Clause: Evasion abilities are banned\n|rule|Evasion Items Clause: Evasion items are banned\n|rule|Evasion Moves Clause: Evasion moves are banned\n|rule|Species Clause: Limit one of each Pok\u00e9mon\n|rule|Sleep Clause Mod: Limit one foe put to sleep\n|clearpoke\n|poke|p1|Pelipper, F|\n|poke|p1|Barraskewda, M|\n|poke|p1|Garganacl, F|\n|poke|p1|Scizor, F|\n|poke|p1|Volcanion|\n|poke|p1|Iron Treads|\n|poke|p2|Torkoal, M|\n|poke|p2|Chandelure, F|\n|poke|p2|Exeggutor-Alola, F|\n|poke|p2|Marowak-Alola, F|\n|poke|p2|Stakataka|\n|poke|p2|Hatterene, F|\n|teampreview\n|inactive|Battle timer is ON: inactive players will automatically lose when time's up. (requested by plentyofpaper)\n|inactive|biezouhaoma also wants the timer to be on.\n|\n|t:|1699751296\n|start\n|switch|p1a: Volcanion|Volcanion|100\/100\n|switch|p2a: The Tortoise|Torkoal, M|100\/100\n|-weather|SunnyDay|[from] ability: Drought|[of] p2a: The Tortoise\n|turn|1\n|\n|t:|1699751312\n|switch|p2a: The Lorax|Exeggutor-Alola, F|100\/100\n|move|p1a: Volcanion|Overheat|p2a: The Lorax\n|-damage|p2a: The Lorax|0 fnt\n|-unboost|p1a: Volcanion|spa|2\n|faint|p2a: The Lorax\n|\n|-weather|SunnyDay|[upkeep]\n|upkeep\n|\n|t:|1699751324\n|switch|p2a: Headless Horseman|Marowak-Alola, F|100\/100\n|turn|2\n|\n|t:|1699751330\n|switch|p1a: Iron Treads|Iron Treads|100\/100\n|move|p2a: Headless Horseman|Poltergeist|p1a: Iron Treads\n|-activate|p1a: Iron Treads|move: Poltergeist|Icium Z\n|-damage|p1a: Iron Treads|21\/100\n|\n|-weather|SunnyDay|[upkeep]\n|upkeep\n|turn|3\n|\n|t:|1699751342\n|switch|p2a: Jack-o-Lantern|Chandelure, F|100\/100\n|-item|p2a: Jack-o-Lantern|Air Balloon\n|move|p1a: Iron Treads|Stealth Rock|p2a: Jack-o-Lantern\n|-sidestart|p2: plentyofpaper|move: Stealth Rock\n|\n|-weather|SunnyDay|[upkeep]\n|upkeep\n|turn|4\n|\n|t:|1699751348\n|move|p1a: Iron Treads|Ice Spinner|p2a: Jack-o-Lantern\n|-resisted|p2a: Jack-o-Lantern\n|-damage|p2a: Jack-o-Lantern|87\/100\n|-enditem|p2a: Jack-o-Lantern|Air Balloon\n|move|p2a: Jack-o-Lantern|Trick Room|p2a: Jack-o-Lantern\n|-fieldstart|move: Trick Room|[of] p2a: Jack-o-Lantern\n|\n|-weather|SunnyDay|[upkeep]\n|upkeep\n|turn|5\n|\n|t:|1699751359\n|move|p2a: Jack-o-Lantern|Shadow Ball|p1a: Iron Treads\n|-damage|p1a: Iron Treads|0 fnt\n|faint|p1a: Iron Treads\n|-end|p1a: Iron Treads|Quark Drive|[silent]\n|\n|-weather|SunnyDay|[upkeep]\n|upkeep\n|\n|t:|1699751362\n|switch|p1a: Pelipper|Pelipper, F|100\/100\n|-weather|RainDance|[from] ability: Drizzle|[of] p1a: Pelipper\n|turn|6\n|\n|t:|1699751367\n|move|p2a: Jack-o-Lantern|Shadow Ball|p1a: Pelipper\n|-damage|p1a: Pelipper|32\/100\n|move|p1a: Pelipper|Scald|p2a: Jack-o-Lantern\n|-supereffective|p2a: Jack-o-Lantern\n|-damage|p2a: Jack-o-Lantern|0 fnt\n|faint|p2a: Jack-o-Lantern\n|\n|-weather|RainDance|[upkeep]\n|upkeep\n|\n|t:|1699751389\n|switch|p2a: The Tortoise|Torkoal, M|100\/100\n|-damage|p2a: The Tortoise|76\/100|[from] Stealth Rock\n|-weather|SunnyDay|[from] ability: Drought|[of] p2a: The Tortoise\n|turn|7\n|\n|t:|1699751400\n|move|p2a: The Tortoise|Solar Beam||[still]\n|-prepare|p2a: The Tortoise|Solar Beam\n|-anim|p2a: The Tortoise|Solar Beam|p1a: Pelipper\n|-damage|p1a: Pelipper|0 fnt\n|faint|p1a: Pelipper\n|\n|-weather|SunnyDay|[upkeep]\n|upkeep\n|\n|t:|1699751412\n|switch|p1a: Garganacl|Garganacl, F|100\/100\n|turn|8\n|\n|t:|1699751422\n|move|p2a: The Tortoise|Solar Beam||[still]\n|-prepare|p2a: The Tortoise|Solar Beam\n|-anim|p2a: The Tortoise|Solar Beam|p1a: Garganacl\n|-supereffective|p1a: Garganacl\n|-damage|p1a: Garganacl|50\/100\n|move|p1a: Garganacl|Salt Cure|p2a: The Tortoise\n|-supereffective|p2a: The Tortoise\n|-damage|p2a: The Tortoise|56\/100\n|-start|p2a: The Tortoise|Salt Cure\n|\n|-weather|SunnyDay|[upkeep]\n|-heal|p1a: Garganacl|57\/100|[from] item: Leftovers\n|-damage|p2a: The Tortoise|43\/100|[from] Salt Cure\n|-fieldend|move: Trick Room\n|upkeep\n|turn|9\n|\n|t:|1699751437\n|switch|p2a: The Brick House|Stakataka|100\/100\n|-damage|p2a: The Brick House|94\/100|[from] Stealth Rock\n|move|p1a: Garganacl|Salt Cure|p2a: The Brick House\n|-resisted|p2a: The Brick House\n|-damage|p2a: The Brick House|91\/100\n|-start|p2a: The Brick House|Salt Cure\n|\n|-weather|SunnyDay|[upkeep]\n|-heal|p1a: Garganacl|63\/100|[from] item: Leftovers\n|-damage|p2a: The Brick House|66\/100|[from] Salt Cure\n|upkeep\n|turn|10\n|\n|t:|1699751448\n|move|p1a: Garganacl|Iron Defense|p1a: Garganacl\n|-boost|p1a: Garganacl|def|2\n|move|p2a: The Brick House|Gyro Ball|p1a: Garganacl\n|-supereffective|p1a: Garganacl\n|-damage|p1a: Garganacl|24\/100\n|\n|-weather|SunnyDay|[upkeep]\n|-heal|p1a: Garganacl|30\/100|[from] item: Leftovers\n|-damage|p2a: The Brick House|41\/100|[from] Salt Cure\n|upkeep\n|turn|11\n|\n|t:|1699751461\n|move|p1a: Garganacl|Protect|p1a: Garganacl\n|-singleturn|p1a: Garganacl|Protect\n|move|p2a: The Brick House|Trick Room|p2a: The Brick House\n|-fieldstart|move: Trick Room|[of] p2a: The Brick House\n|\n|-weather|SunnyDay|[upkeep]\n|-heal|p1a: Garganacl|36\/100|[from] item: Leftovers\n|-damage|p2a: The Brick House|16\/100|[from] Salt Cure\n|upkeep\n|turn|12\n|j| ooMIZUHASUoo\n|inactive|biezouhaoma has 120 seconds left.\n|\n|t:|1699751495\n|-terastallize|p2a: The Brick House|Fire\n|move|p1a: Garganacl|Protect|p1a: Garganacl\n|-singleturn|p1a: Garganacl|Protect\n|move|p2a: The Brick House|Gyro Ball|p1a: Garganacl\n|-activate|p1a: Garganacl|move: Protect\n|\n|-weather|SunnyDay|[upkeep]\n|-heal|p1a: Garganacl|42\/100|[from] item: Leftovers\n|-damage|p2a: The Brick House|4\/100|[from] Salt Cure\n|upkeep\n|turn|13\n|inactive|biezouhaoma has 120 seconds left.\n|\n|t:|1699751507\n|move|p2a: The Brick House|Gyro Ball|p1a: Garganacl\n|-supereffective|p1a: Garganacl\n|-damage|p1a: Garganacl|7\/100\n|move|p1a: Garganacl|Recover|p1a: Garganacl\n|-heal|p1a: Garganacl|57\/100\n|\n|-weather|SunnyDay|[upkeep]\n|-heal|p1a: Garganacl|63\/100|[from] item: Leftovers\n|-damage|p2a: The Brick House|0 fnt|[from] Salt Cure\n|faint|p2a: The Brick House\n|upkeep\n|c|\u2606plentyofpaper|Crap.\n|c|\u2606plentyofpaper|That was a fun last ditch effort though.\n|\n|t:|1699751525\n|switch|p2a: The Wicked Witch|Hatterene, F|100\/100\n|-damage|p2a: The Wicked Witch|88\/100|[from] Stealth Rock\n|turn|14\n|\n|t:|1699751531\n|move|p2a: The Wicked Witch|Psychic|p1a: Garganacl\n|-damage|p1a: Garganacl|29\/100\n|move|p1a: Garganacl|Salt Cure|p2a: The Wicked Witch\n|-damage|p2a: The Wicked Witch|71\/100\n|-start|p2a: The Wicked Witch|Salt Cure\n|\n|-weather|none\n|-heal|p1a: Garganacl|35\/100|[from] item: Leftovers\n|-damage|p2a: The Wicked Witch|59\/100|[from] Salt Cure\n|upkeep\n|turn|15\n|\n|t:|1699751541\n|move|p1a: Garganacl|Protect|p1a: Garganacl\n|-singleturn|p1a: Garganacl|Protect\n|move|p2a: The Wicked Witch|Psychic|p1a: Garganacl\n|-activate|p1a: Garganacl|move: Protect\n|\n|-heal|p1a: Garganacl|41\/100|[from] item: Leftovers\n|-damage|p2a: The Wicked Witch|46\/100|[from] Salt Cure\n|-fieldend|move: Trick Room\n|upkeep\n|turn|16\n|\n|t:|1699751546\n|move|p1a: Garganacl|Recover|p1a: Garganacl\n|-heal|p1a: Garganacl|91\/100\n|move|p2a: The Wicked Witch|Trick Room|p2a: The Wicked Witch\n|-fieldstart|move: Trick Room|[of] p2a: The Wicked Witch\n|\n|-heal|p1a: Garganacl|97\/100|[from] item: Leftovers\n|-damage|p2a: The Wicked Witch|34\/100|[from] Salt Cure\n|upkeep\n|turn|17\n|\n|t:|1699751553\n|move|p1a: Garganacl|Protect|p1a: Garganacl\n|-singleturn|p1a: Garganacl|Protect\n|move|p2a: The Wicked Witch|Healing Wish|p2a: The Wicked Witch\n|faint|p2a: The Wicked Witch\n|\n|-heal|p1a: Garganacl|100\/100|[from] item: Leftovers\n|upkeep\n|\n|t:|1699751560\n|switch|p2a: The Tortoise|Torkoal, M|43\/100\n|-heal|p2a: The Tortoise|100\/100|[from] move: Healing Wish\n|-damage|p2a: The Tortoise|76\/100|[from] Stealth Rock\n|-weather|SunnyDay|[from] ability: Drought|[of] p2a: The Tortoise\n|turn|18\n|\n|t:|1699751567\n|-terastallize|p1a: Garganacl|Dragon\n|move|p2a: The Tortoise|Solar Beam||[still]\n|-prepare|p2a: The Tortoise|Solar Beam\n|-anim|p2a: The Tortoise|Solar Beam|p1a: Garganacl\n|-resisted|p1a: Garganacl\n|-damage|p1a: Garganacl|89\/100\n|move|p1a: Garganacl|Iron Defense|p1a: Garganacl\n|-boost|p1a: Garganacl|def|2\n|\n|-weather|SunnyDay|[upkeep]\n|-heal|p1a: Garganacl|95\/100|[from] item: Leftovers\n|upkeep\n|turn|19\n|\n|t:|1699751571\n|move|p2a: The Tortoise|Overheat|p1a: Garganacl\n|-resisted|p1a: Garganacl\n|-damage|p1a: Garganacl|67\/100\n|-unboost|p2a: The Tortoise|spa|2\n|move|p1a: Garganacl|Salt Cure|p2a: The Tortoise\n|-supereffective|p2a: The Tortoise\n|-damage|p2a: The Tortoise|56\/100\n|-start|p2a: The Tortoise|Salt Cure\n|\n|-weather|SunnyDay|[upkeep]\n|-heal|p1a: Garganacl|74\/100|[from] item: Leftovers\n|-damage|p2a: The Tortoise|43\/100|[from] Salt Cure\n|upkeep\n|turn|20\n|\n|t:|1699751576\n|move|p2a: The Tortoise|Overheat|p1a: Garganacl\n|-resisted|p1a: Garganacl\n|-damage|p1a: Garganacl|59\/100\n|-unboost|p2a: The Tortoise|spa|2\n|move|p1a: Garganacl|Salt Cure|p2a: The Tortoise\n|-supereffective|p2a: The Tortoise\n|-damage|p2a: The Tortoise|22\/100\n|\n|-weather|SunnyDay|[upkeep]\n|-heal|p1a: Garganacl|66\/100|[from] item: Leftovers\n|-damage|p2a: The Tortoise|9\/100|[from] Salt Cure\n|-fieldend|move: Trick Room\n|upkeep\n|turn|21\n|\n|t:|1699751578\n|move|p1a: Garganacl|Recover|p1a: Garganacl\n|-heal|p1a: Garganacl|100\/100\n|move|p2a: The Tortoise|Overheat|p1a: Garganacl\n|-resisted|p1a: Garganacl\n|-damage|p1a: Garganacl|91\/100\n|-unboost|p2a: The Tortoise|spa|2\n|\n|-weather|SunnyDay|[upkeep]\n|-heal|p1a: Garganacl|97\/100|[from] item: Leftovers\n|-damage|p2a: The Tortoise|0 fnt|[from] Salt Cure\n|faint|p2a: The Tortoise\n|upkeep\n|\n|t:|1699751582\n|switch|p2a: Headless Horseman|Marowak-Alola, F|100\/100\n|-damage|p2a: Headless Horseman|75\/100|[from] Stealth Rock\n|turn|22\n|\n|t:|1699751586\n|move|p2a: Headless Horseman|Outrage|p1a: Garganacl\n|-supereffective|p1a: Garganacl\n|-damage|p1a: Garganacl|70\/100\n|move|p1a: Garganacl|Salt Cure|p2a: Headless Horseman\n|-supereffective|p2a: Headless Horseman\n|-damage|p2a: Headless Horseman|44\/100\n|-start|p2a: Headless Horseman|Salt Cure\n|\n|-weather|SunnyDay|[upkeep]\n|-heal|p1a: Garganacl|76\/100|[from] item: Leftovers\n|-damage|p2a: Headless Horseman|32\/100|[from] Salt Cure\n|upkeep\n|turn|23\n|\n|t:|1699751589\n|move|p1a: Garganacl|Protect|p1a: Garganacl\n|-singleturn|p1a: Garganacl|Protect\n|move|p2a: Headless Horseman|Outrage|p1a: Garganacl|[from]lockedmove\n|-activate|p1a: Garganacl|move: Protect\n|\n|-weather|SunnyDay|[upkeep]\n|-heal|p1a: Garganacl|82\/100|[from] item: Leftovers\n|-damage|p2a: Headless Horseman|19\/100|[from] Salt Cure\n|upkeep\n|turn|24\n|\n|t:|1699751593\n|switch|p1a: Scizor|Scizor, F|100\/100\n|move|p2a: Headless Horseman|Outrage|p1a: Scizor\n|-resisted|p1a: Scizor\n|-damage|p1a: Scizor|68\/100\n|\n|-weather|SunnyDay|[upkeep]\n|-damage|p2a: Headless Horseman|7\/100|[from] Salt Cure\n|upkeep\n|turn|25\n|\n|t:|1699751595\n|detailschange|p1a: Scizor|Scizor-Mega, F\n|-mega|p1a: Scizor|Scizor|Scizorite\n|move|p1a: Scizor|Bullet Punch|p2a: Headless Horseman\n|-resisted|p2a: Headless Horseman\n|-damage|p2a: Headless Horseman|0 fnt\n|faint|p2a: Headless Horseman\n|\n|win|biezouhaoma\n|raw|biezouhaoma's rating: 1806 &rarr; <strong>1820<\/strong><br \/>(+14 for winning)\n|raw|plentyofpaper's rating: 1694 &rarr; <strong>1680<\/strong><br \/>(-14 for losing)\n|l|\u2606plentyofpaper\n","uploadtime":1699751687,"views":15,"p1id":"biezouhaoma","p2id":"plentyofpaper","formatid":"gen9nationaldex","rating":1680,"private":0,"password":""}