{"id":"gen9nationaldex-1993835059","p1":"Missdirexion","p2":"kuuuze","format":"[Gen 9] National Dex","log":"|j|\u2606Missdirexion\n|j|\u2606kuuuze\n|t:|1700363160\n|gametype|singles\n|player|p1|Missdirexion|allister|1025\n|player|p2|kuuuze|cheren-gen5bw2|1068\n|teamsize|p1|1\n|teamsize|p2|6\n|gen|9\n|tier|[Gen 9] National Dex\n|rated|\n|rule|HP Percentage Mod: HP is shown in percentages\n|rule|Endless Battle Clause: Forcing endless battles is banned\n|rule|OHKO Clause: OHKO moves are banned\n|rule|Evasion Clause: Evasion abilities, items, and moves are banned\n|rule|Evasion Abilities Clause: Evasion abilities are banned\n|rule|Evasion Items Clause: Evasion items are banned\n|rule|Evasion Moves Clause: Evasion moves are banned\n|rule|Species Clause: Limit one of each Pok\u00e9mon\n|rule|Sleep Clause Mod: Limit one foe put to sleep\n|clearpoke\n|poke|p1|Shuckle, M|\n|poke|p2|Audino, F|\n|poke|p2|Scolipede, F|\n|poke|p2|Delphox, F|\n|poke|p2|Krookodile, M|\n|poke|p2|Aegislash, F|\n|poke|p2|Ditto|\n|teampreview\n|inactive|Battle timer is ON: inactive players will automatically lose when time's up. (requested by Missdirexion)\n|\n|t:|1700363165\n|start\n|switch|p1a: Shuckle|Shuckle, M|100\/100\n|switch|p2a: Acid Chloride|Scolipede, F|100\/100\n|turn|1\n|\n|t:|1700363170\n|move|p2a: Acid Chloride|Swords Dance|p2a: Acid Chloride\n|-boost|p2a: Acid Chloride|atk|2\n|move|p1a: Shuckle|Substitute|p1a: Shuckle\n|-start|p1a: Shuckle|Substitute\n|-damage|p1a: Shuckle|76\/100\n|\n|-ability|p2a: Acid Chloride|Speed Boost|boost\n|-boost|p2a: Acid Chloride|spe|1\n|upkeep\n|turn|2\n|\n|t:|1700363178\n|move|p2a: Acid Chloride|Earthquake|p1a: Shuckle\n|-end|p1a: Shuckle|Substitute\n|move|p1a: Shuckle|Shell Smash|p1a: Shuckle\n|-boost|p1a: Shuckle|def|1\n|-boost|p1a: Shuckle|spd|1\n|-unboost|p1a: Shuckle|atk|2\n|-unboost|p1a: Shuckle|spa|2\n|-unboost|p1a: Shuckle|spe|2\n|\n|-ability|p2a: Acid Chloride|Speed Boost|boost\n|-boost|p2a: Acid Chloride|spe|1\n|upkeep\n|turn|3\n|\n|t:|1700363189\n|-terastallize|p1a: Shuckle|Bug\n|move|p2a: Acid Chloride|Earthquake|p1a: Shuckle\n|-resisted|p1a: Shuckle\n|-damage|p1a: Shuckle|61\/100\n|move|p1a: Shuckle|Shell Smash|p1a: Shuckle\n|-boost|p1a: Shuckle|def|1\n|-boost|p1a: Shuckle|spd|1\n|-unboost|p1a: Shuckle|atk|2\n|-unboost|p1a: Shuckle|spa|2\n|-unboost|p1a: Shuckle|spe|2\n|\n|-ability|p2a: Acid Chloride|Speed Boost|boost\n|-boost|p2a: Acid Chloride|spe|1\n|upkeep\n|turn|4\n|\n|t:|1700363203\n|move|p2a: Acid Chloride|Rock Slide|p1a: Shuckle\n|-supereffective|p1a: Shuckle\n|-damage|p1a: Shuckle|27\/100\n|move|p1a: Shuckle|Shell Smash|p1a: Shuckle\n|-boost|p1a: Shuckle|def|1\n|-boost|p1a: Shuckle|spd|1\n|-unboost|p1a: Shuckle|atk|2\n|-unboost|p1a: Shuckle|spa|2\n|-unboost|p1a: Shuckle|spe|2\n|\n|-ability|p2a: Acid Chloride|Speed Boost|boost\n|-boost|p2a: Acid Chloride|spe|1\n|upkeep\n|turn|5\n|\n|t:|1700363213\n|move|p2a: Acid Chloride|Rock Slide|p1a: Shuckle\n|-supereffective|p1a: Shuckle\n|-damage|p1a: Shuckle|0 fnt\n|faint|p1a: Shuckle\n|\n|win|kuuuze\n|raw|Missdirexion's rating: 1025 &rarr; <strong>1013<\/strong><br \/>(-12 for losing)\n|raw|kuuuze's rating: 1068 &rarr; <strong>1094<\/strong><br \/>(+26 for winning)\n|l|\u2606Missdirexion\n","uploadtime":1700363220,"views":7,"p1id":"missdirexion","p2id":"kuuuze","formatid":"gen9nationaldex","rating":1013,"private":0,"password":""}