{"id":"gen9nationaldex-1988694499","p1":"starnotgay","p2":"MV ice","format":"[Gen 9] National Dex","log":"|j|\u2606starnotgay\n|j|\u2606MV ice\n|t:|1699751589\n|gametype|singles\n|player|p1|starnotgay|swimmerf-gen4|1146\n|player|p2|MV ice|alain|1040\n|teamsize|p1|6\n|teamsize|p2|6\n|gen|9\n|tier|[Gen 9] National Dex\n|rated|\n|rule|HP Percentage Mod: HP is shown in percentages\n|rule|Endless Battle Clause: Forcing endless battles is banned\n|rule|OHKO Clause: OHKO moves are banned\n|rule|Evasion Clause: Evasion abilities, items, and moves are banned\n|rule|Evasion Abilities Clause: Evasion abilities are banned\n|rule|Evasion Items Clause: Evasion items are banned\n|rule|Evasion Moves Clause: Evasion moves are banned\n|rule|Species Clause: Limit one of each Pok\u00e9mon\n|rule|Sleep Clause Mod: Limit one foe put to sleep\n|clearpoke\n|poke|p1|Meowscarada, F|\n|poke|p1|Dragonite, M|\n|poke|p1|Scizor, M|\n|poke|p1|Rotom-Heat|\n|poke|p1|Tornadus-Therian, M|\n|poke|p1|Crawdaunt, F|\n|poke|p2|Medicham, F|\n|poke|p2|Vikavolt, F|\n|poke|p2|Clodsire, M|\n|poke|p2|Corviknight, F|\n|poke|p2|Samurott-Hisui, M|\n|poke|p2|Blaziken, F|\n|teampreview\n|inactive|Battle timer is ON: inactive players will automatically lose when time's up. (requested by MV ice)\n|\n|t:|1699751599\n|start\n|switch|p1a: Beabadoobee|Meowscarada, F|100\/100\n|switch|p2a: Vikavolt|Vikavolt, F|100\/100\n|turn|1\n|\n|t:|1699751609\n|move|p1a: Beabadoobee|Toxic Spikes|p2a: Vikavolt\n|-sidestart|p2: MV ice|move: Toxic Spikes\n|move|p2a: Vikavolt|Sticky Web|p1a: Beabadoobee\n|-sidestart|p1: starnotgay|move: Sticky Web\n|\n|upkeep\n|turn|2\n|\n|t:|1699751615\n|move|p1a: Beabadoobee|Knock Off|p2a: Vikavolt\n|-damage|p2a: Vikavolt|49\/100\n|-enditem|p2a: Vikavolt|Focus Sash|[from] move: Knock Off|[of] p1a: Beabadoobee\n|move|p2a: Vikavolt|Bug Buzz|p1a: Beabadoobee\n|-supereffective|p1a: Beabadoobee\n|-enditem|p1a: Beabadoobee|Focus Sash\n|-damage|p1a: Beabadoobee|1\/100\n|\n|upkeep\n|turn|3\n|\n|t:|1699751624\n|move|p1a: Beabadoobee|Knock Off|p2a: Vikavolt\n|-damage|p2a: Vikavolt|13\/100\n|move|p2a: Vikavolt|Volt Switch|p1a: Beabadoobee\n|-resisted|p1a: Beabadoobee\n|-damage|p1a: Beabadoobee|0 fnt\n|faint|p1a: Beabadoobee\n|\n|t:|1699751629\n|switch|p2a: Clodsire|Clodsire, M|100\/100|[from] Volt Switch\n|-sideend|p2: MV ice|move: Toxic Spikes|[of] p2a: Clodsire\n|\n|upkeep\n|\n|t:|1699751644\n|switch|p1a: D-Wade|Dragonite, M|100\/100\n|turn|4\n|\n|t:|1699751652\n|move|p1a: D-Wade|Earthquake|p2a: Clodsire\n|-supereffective|p2a: Clodsire\n|-damage|p2a: Clodsire|8\/100\n|move|p2a: Clodsire|Toxic|p1a: D-Wade\n|-status|p1a: D-Wade|tox\n|\n|-damage|p1a: D-Wade|94\/100 tox|[from] psn\n|upkeep\n|turn|5\n|\n|t:|1699751660\n|switch|p2a: Vikavolt|Vikavolt, F|13\/100\n|move|p1a: D-Wade|Extreme Speed|p2a: Vikavolt\n|-damage|p2a: Vikavolt|0 fnt\n|faint|p2a: Vikavolt\n|\n|-damage|p1a: D-Wade|82\/100 tox|[from] psn\n|upkeep\n|\n|t:|1699751670\n|switch|p2a: Corviknight|Corviknight, F, shiny|100\/100\n|turn|6\n|\n|t:|1699751682\n|switch|p1a: Rotom|Rotom-Heat|100\/100\n|move|p2a: Corviknight|Agility|p2a: Corviknight\n|-boost|p2a: Corviknight|spe|2\n|\n|upkeep\n|turn|7\n|\n|t:|1699751694\n|-terastallize|p2a: Corviknight|Water\n|move|p2a: Corviknight|Iron Defense|p2a: Corviknight\n|-boost|p2a: Corviknight|def|2\n|move|p1a: Rotom|Overheat|p2a: Corviknight|[miss]\n|-miss|p1a: Rotom|p2a: Corviknight\n|\n|upkeep\n|turn|8\n|\n|t:|1699751707\n|move|p2a: Corviknight|Power Trip|p1a: Rotom\n|-damage|p1a: Rotom|79\/100\n|move|p1a: Rotom|Volt Switch|p2a: Corviknight\n|-supereffective|p2a: Corviknight\n|-damage|p2a: Corviknight|64\/100\n|-enditem|p2a: Corviknight|Weakness Policy\n|-boost|p2a: Corviknight|atk|2|[from] item: Weakness Policy\n|-boost|p2a: Corviknight|spa|2|[from] item: Weakness Policy\n|\n|t:|1699751724\n|switch|p1a: Crawdaunt|Crawdaunt, F|100\/100|[from] Volt Switch\n|-activate|p1a: Crawdaunt|move: Sticky Web\n|-unboost|p1a: Crawdaunt|spe|1\n|\n|upkeep\n|turn|9\n|\n|t:|1699751732\n|move|p2a: Corviknight|Iron Defense|p2a: Corviknight\n|-boost|p2a: Corviknight|def|2\n|move|p1a: Crawdaunt|Close Combat|p2a: Corviknight\n|-damage|p2a: Corviknight|45\/100\n|-unboost|p1a: Crawdaunt|def|1\n|-unboost|p1a: Crawdaunt|spd|1\n|\n|upkeep\n|turn|10\n|\n|t:|1699751739\n|move|p2a: Corviknight|Roost|p2a: Corviknight\n|-heal|p2a: Corviknight|95\/100\n|move|p1a: Crawdaunt|Close Combat|p2a: Corviknight\n|-damage|p2a: Corviknight|78\/100\n|-unboost|p1a: Crawdaunt|def|1\n|-unboost|p1a: Crawdaunt|spd|1\n|\n|upkeep\n|turn|11\n|\n|t:|1699751746\n|switch|p1a: Overthinking T|Tornadus-Therian, M, shiny|100\/100\n|move|p2a: Corviknight|Iron Defense|p2a: Corviknight\n|-boost|p2a: Corviknight|def|2\n|\n|upkeep\n|turn|12\n|c|\u2606starnotgay|womp\n|-message|starnotgay forfeited.\n|\n|win|MV ice\n|raw|starnotgay's rating: 1146 &rarr; <strong>1114<\/strong><br \/>(-32 for losing)\n|raw|MV ice's rating: 1040 &rarr; <strong>1084<\/strong><br \/>(+44 for winning)\n|l|\u2606starnotgay\n","uploadtime":1699751793,"views":9,"p1id":"starnotgay","p2id":"mvice","formatid":"gen9nationaldex","rating":1084,"private":0,"password":""}