{"id":"gen9nationaldex-1990109545","p1":"Tpd le Spew","p2":"goblinnovember468","format":"[Gen 9] National Dex","log":"|j|\u2606Tpd le Spew\n|j|\u2606goblinnovember468\n|t:|1699925543\n|gametype|singles\n|player|p1|Tpd le Spew|drayden|1709\n|player|p2|goblinnovember468|steven-masters|1793\n|teamsize|p1|6\n|teamsize|p2|6\n|gen|9\n|tier|[Gen 9] National Dex\n|rated|\n|rule|HP Percentage Mod: HP is shown in percentages\n|rule|Endless Battle Clause: Forcing endless battles is banned\n|rule|OHKO Clause: OHKO moves are banned\n|rule|Evasion Clause: Evasion abilities, items, and moves are banned\n|rule|Evasion Abilities Clause: Evasion abilities are banned\n|rule|Evasion Items Clause: Evasion items are banned\n|rule|Evasion Moves Clause: Evasion moves are banned\n|rule|Species Clause: Limit one of each Pok\u00e9mon\n|rule|Sleep Clause Mod: Limit one foe put to sleep\n|clearpoke\n|poke|p1|Raikou|\n|poke|p1|Entei|\n|poke|p1|Suicune|\n|poke|p1|Celebi|\n|poke|p1|Tyranitar, F|\n|poke|p1|Skarmory, F|\n|poke|p2|Greninja-*, M|\n|poke|p2|Tapu Koko|\n|poke|p2|Iron Moth|\n|poke|p2|Landorus-Therian, M|\n|poke|p2|Iron Valiant|\n|poke|p2|Scizor, M|\n|teampreview\n|j| YJLF2\n|j| playeraccount\n|\n|t:|1699925583\n|start\n|switch|p1a: Moose|Suicune, shiny|100\/100\n|switch|p2a: Landorus|Landorus-Therian, M|100\/100\n|-ability|p2a: Landorus|Intimidate|boost\n|-unboost|p1a: Moose|atk|1\n|-ability|p1a: Moose|Pressure\n|turn|1\n|c|\u2606Tpd le Spew|Glhf mna\n|\n|t:|1699925589\n|move|p2a: Landorus|Toxic|p1a: Moose\n|-status|p1a: Moose|tox\n|move|p1a: Moose|Scald|p2a: Landorus\n|-supereffective|p2a: Landorus\n|-damage|p2a: Landorus|49\/100\n|\n|-damage|p1a: Moose|94\/100 tox|[from] psn\n|upkeep\n|turn|2\n|\n|t:|1699925594\n|move|p2a: Landorus|U-turn|p1a: Moose\n|-damage|p1a: Moose|83\/100 tox\n|\n|t:|1699925596\n|switch|p2a: Tapu Koko|Tapu Koko|100\/100|[from] U-turn\n|-fieldstart|move: Electric Terrain|[from] ability: Electric Surge|[of] p2a: Tapu Koko\n|move|p1a: Moose|Scald|p2a: Tapu Koko\n|-damage|p2a: Tapu Koko|64\/100\n|-status|p2a: Tapu Koko|brn\n|\n|-heal|p1a: Moose|89\/100 tox|[from] item: Leftovers\n|-damage|p1a: Moose|76\/100 tox|[from] psn\n|-damage|p2a: Tapu Koko|58\/100 brn|[from] brn\n|upkeep\n|turn|3\n|\n|t:|1699925605\n|switch|p1a: Kubo|Raikou, shiny|100\/100\n|-ability|p1a: Kubo|Pressure\n|move|p2a: Tapu Koko|U-turn|p1a: Kubo\n|-damage|p1a: Kubo|89\/100\n|inactive|Battle timer is ON: inactive players will automatically lose when time's up. (requested by goblinnovember468)\n|\n|t:|1699925611\n|switch|p2a: Iron Moth|Iron Moth|100\/100|[from] U-turn\n|-activate|p2a: Iron Moth|ability: Quark Drive\n|-start|p2a: Iron Moth|quarkdrivespe\n|\n|-heal|p1a: Kubo|95\/100|[from] item: Leftovers\n|upkeep\n|turn|4\n|\n|t:|1699925621\n|switch|p1a: Rock|Tyranitar, F, shiny|100\/100\n|-weather|Sandstorm|[from] ability: Sand Stream|[of] p1a: Rock\n|move|p2a: Iron Moth|Fiery Dance|p1a: Rock\n|-resisted|p1a: Rock\n|-damage|p1a: Rock|93\/100\n|-boost|p2a: Iron Moth|spa|1\n|\n|-weather|Sandstorm|[upkeep]\n|-damage|p2a: Iron Moth|95\/100|[from] Sandstorm\n|-heal|p1a: Rock|99\/100|[from] item: Leftovers\n|upkeep\n|turn|5\n|\n|t:|1699925628\n|-terastallize|p2a: Iron Moth|Ground\n|move|p2a: Iron Moth|Tera Blast|p1a: Rock|[anim] Tera Blast Ground\n|-supereffective|p1a: Rock\n|-damage|p1a: Rock|52\/100\n|move|p1a: Rock|Roar|p2a: Iron Moth\n|-end|p2a: Iron Moth|Quark Drive|[silent]\n|drag|p2a: Landorus|Landorus-Therian, M|49\/100\n|-ability|p2a: Landorus|Intimidate|boost\n|-unboost|p1a: Rock|atk|1\n|\n|-weather|Sandstorm|[upkeep]\n|-heal|p1a: Rock|58\/100|[from] item: Leftovers\n|upkeep\n|turn|6\n|\n|t:|1699925635\n|switch|p1a: Scissors|Skarmory, F, shiny|100\/100\n|move|p2a: Landorus|Stealth Rock|p1a: Scissors\n|-sidestart|p1: Tpd le Spew|move: Stealth Rock\n|\n|-weather|Sandstorm|[upkeep]\n|upkeep\n|turn|7\n|\n|t:|1699925640\n|move|p2a: Landorus|U-turn|p1a: Scissors\n|-resisted|p1a: Scissors\n|-damage|p1a: Scissors|97\/100\n|-damage|p2a: Landorus|32\/100|[from] item: Rocky Helmet|[of] p1a: Scissors\n|\n|t:|1699925641\n|switch|p2a: Tapu Koko|Tapu Koko|58\/100 brn|[from] U-turn\n|move|p1a: Scissors|Defog|p2a: Tapu Koko\n|-unboost|p2a: Tapu Koko|evasion|1\n|-sideend|p1: Tpd le Spew|Stealth Rock|[from] move: Defog|[of] p1a: Scissors\n|-fieldend|move: Electric Terrain\n|\n|-weather|Sandstorm|[upkeep]\n|-damage|p2a: Tapu Koko|52\/100 brn|[from] Sandstorm\n|-damage|p2a: Tapu Koko|46\/100 brn|[from] brn\n|upkeep\n|turn|8\n|\n|t:|1699925650\n|switch|p1a: Kubo|Raikou, shiny|95\/100\n|-ability|p1a: Kubo|Pressure\n|move|p2a: Tapu Koko|Roost|p2a: Tapu Koko\n|-heal|p2a: Tapu Koko|96\/100 brn\n|-singleturn|p2a: Tapu Koko|move: Roost\n|\n|-weather|none\n|-heal|p1a: Kubo|100\/100|[from] item: Leftovers\n|-damage|p2a: Tapu Koko|90\/100 brn|[from] brn\n|upkeep\n|turn|9\n|\n|t:|1699925658\n|move|p2a: Tapu Koko|U-turn|p1a: Kubo\n|-damage|p1a: Kubo|90\/100\n|\n|t:|1699925660\n|switch|p2a: Landorus|Landorus-Therian, M|32\/100|[from] U-turn\n|-ability|p2a: Landorus|Intimidate|boost\n|-unboost|p1a: Kubo|atk|1\n|move|p1a: Kubo|Substitute|p1a: Kubo\n|-start|p1a: Kubo|Substitute\n|-damage|p1a: Kubo|65\/100\n|\n|-heal|p1a: Kubo|72\/100|[from] item: Leftovers\n|upkeep\n|turn|10\n|\n|t:|1699925663\n|move|p1a: Kubo|Protect|p1a: Kubo\n|-singleturn|p1a: Kubo|Protect\n|move|p2a: Landorus|Earthquake|p1a: Kubo\n|-activate|p1a: Kubo|move: Protect\n|\n|-heal|p1a: Kubo|78\/100|[from] item: Leftovers\n|upkeep\n|turn|11\n|\n|t:|1699925667\n|move|p1a: Kubo|Scald|p2a: Landorus\n|-supereffective|p2a: Landorus\n|-damage|p2a: Landorus|0 fnt\n|faint|p2a: Landorus\n|\n|-heal|p1a: Kubo|84\/100|[from] item: Leftovers\n|upkeep\n|\n|t:|1699925674\n|switch|p2a: Iron Moth|Iron Moth, tera:Ground|95\/100\n|turn|12\n|\n|t:|1699925680\n|move|p1a: Kubo|Protect|p1a: Kubo\n|-singleturn|p1a: Kubo|Protect\n|move|p2a: Iron Moth|Fiery Dance|p1a: Kubo\n|-activate|p1a: Kubo|move: Protect\n|\n|-heal|p1a: Kubo|90\/100|[from] item: Leftovers\n|upkeep\n|turn|13\n|\n|t:|1699925684\n|move|p1a: Kubo|Calm Mind|p1a: Kubo\n|-boost|p1a: Kubo|spa|1\n|-boost|p1a: Kubo|spd|1\n|move|p2a: Iron Moth|Fiery Dance|p1a: Kubo\n|-activate|p1a: Kubo|move: Substitute|[damage]\n|\n|-heal|p1a: Kubo|96\/100|[from] item: Leftovers\n|upkeep\n|turn|14\n|\n|t:|1699925694\n|move|p1a: Kubo|Calm Mind|p1a: Kubo\n|-boost|p1a: Kubo|spa|1\n|-boost|p1a: Kubo|spd|1\n|move|p2a: Iron Moth|Fiery Dance|p1a: Kubo\n|-end|p1a: Kubo|Substitute\n|-boost|p2a: Iron Moth|spa|1\n|\n|-heal|p1a: Kubo|100\/100|[from] item: Leftovers\n|upkeep\n|turn|15\n|\n|t:|1699925702\n|move|p1a: Kubo|Substitute|p1a: Kubo\n|-start|p1a: Kubo|Substitute\n|-damage|p1a: Kubo|76\/100\n|move|p2a: Iron Moth|Tera Blast|p1a: Kubo|[anim] Tera Blast Ground\n|-supereffective|p1a: Kubo\n|-end|p1a: Kubo|Substitute\n|\n|-heal|p1a: Kubo|82\/100|[from] item: Leftovers\n|upkeep\n|turn|16\n|\n|t:|1699925708\n|move|p1a: Kubo|Protect|p1a: Kubo\n|-singleturn|p1a: Kubo|Protect\n|move|p2a: Iron Moth|Tera Blast|p1a: Kubo|[anim] Tera Blast Ground\n|-activate|p1a: Kubo|move: Protect\n|\n|-heal|p1a: Kubo|88\/100|[from] item: Leftovers\n|upkeep\n|turn|17\n|\n|t:|1699925713\n|-terastallize|p1a: Kubo|Flying\n|move|p1a: Kubo|Substitute|p1a: Kubo\n|-start|p1a: Kubo|Substitute\n|-damage|p1a: Kubo|63\/100\n|move|p2a: Iron Moth|Tera Blast|p1a: Kubo|[anim] Tera Blast Ground\n|-immune|p1a: Kubo\n|\n|-heal|p1a: Kubo|69\/100|[from] item: Leftovers\n|upkeep\n|turn|18\n|\n|t:|1699925720\n|move|p1a: Kubo|Protect|p1a: Kubo\n|-singleturn|p1a: Kubo|Protect\n|move|p2a: Iron Moth|Fiery Dance|p1a: Kubo\n|-activate|p1a: Kubo|move: Protect\n|\n|-heal|p1a: Kubo|76\/100|[from] item: Leftovers\n|upkeep\n|turn|19\n|\n|t:|1699925722\n|move|p1a: Kubo|Calm Mind|p1a: Kubo\n|-boost|p1a: Kubo|spa|1\n|-boost|p1a: Kubo|spd|1\n|move|p2a: Iron Moth|Fiery Dance|p1a: Kubo\n|-activate|p1a: Kubo|move: Substitute|[damage]\n|-boost|p2a: Iron Moth|spa|1\n|\n|-heal|p1a: Kubo|82\/100|[from] item: Leftovers\n|upkeep\n|turn|20\n|\n|t:|1699925729\n|-end|p2a: Iron Moth|Quark Drive|[silent]\n|switch|p2a: Tapu Koko|Tapu Koko|90\/100 brn\n|-fieldstart|move: Electric Terrain|[from] ability: Electric Surge|[of] p2a: Tapu Koko\n|move|p1a: Kubo|Protect||[still]\n|-fail|p1a: Kubo\n|\n|-heal|p1a: Kubo|88\/100|[from] item: Leftovers\n|-damage|p2a: Tapu Koko|84\/100 brn|[from] brn\n|upkeep\n|turn|21\n|\n|t:|1699925731\n|move|p1a: Kubo|Protect|p1a: Kubo\n|-singleturn|p1a: Kubo|Protect\n|move|p2a: Tapu Koko|Thunderbolt|p1a: Kubo\n|-activate|p1a: Kubo|move: Protect\n|\n|-heal|p1a: Kubo|94\/100|[from] item: Leftovers\n|-damage|p2a: Tapu Koko|78\/100 brn|[from] brn\n|upkeep\n|turn|22\n|\n|t:|1699925739\n|move|p2a: Tapu Koko|Thunderbolt|p1a: Kubo\n|-supereffective|p1a: Kubo\n|-end|p1a: Kubo|Substitute\n|move|p1a: Kubo|Substitute|p1a: Kubo\n|-start|p1a: Kubo|Substitute\n|-damage|p1a: Kubo|69\/100\n|\n|-heal|p1a: Kubo|76\/100|[from] item: Leftovers\n|-damage|p2a: Tapu Koko|72\/100 brn|[from] brn\n|upkeep\n|turn|23\n|\n|t:|1699925741\n|move|p1a: Kubo|Protect|p1a: Kubo\n|-singleturn|p1a: Kubo|Protect\n|move|p2a: Tapu Koko|Thunderbolt|p1a: Kubo\n|-activate|p1a: Kubo|move: Protect\n|\n|-heal|p1a: Kubo|82\/100|[from] item: Leftovers\n|-damage|p2a: Tapu Koko|66\/100 brn|[from] brn\n|upkeep\n|turn|24\n|\n|t:|1699925746\n|move|p2a: Tapu Koko|Thunderbolt|p1a: Kubo\n|-supereffective|p1a: Kubo\n|-end|p1a: Kubo|Substitute\n|move|p1a: Kubo|Scald|p2a: Tapu Koko\n|-damage|p2a: Tapu Koko|0 fnt\n|faint|p2a: Tapu Koko\n|\n|-heal|p1a: Kubo|88\/100|[from] item: Leftovers\n|upkeep\n|\n|t:|1699925756\n|switch|p2a: Iron Valiant|Iron Valiant|100\/100\n|-activate|p2a: Iron Valiant|ability: Quark Drive\n|-start|p2a: Iron Valiant|quarkdrivespe\n|turn|25\n|\n|t:|1699925766\n|move|p2a: Iron Valiant|Psyshock|p1a: Kubo\n|-damage|p1a: Kubo|39\/100\n|-damage|p2a: Iron Valiant|91\/100|[from] item: Life Orb\n|move|p1a: Kubo|Scald|p2a: Iron Valiant\n|-damage|p2a: Iron Valiant|0 fnt\n|faint|p2a: Iron Valiant\n|-end|p2a: Iron Valiant|Quark Drive|[silent]\n|\n|-heal|p1a: Kubo|45\/100|[from] item: Leftovers\n|upkeep\n|\n|t:|1699925769\n|switch|p2a: Scizor|Scizor, M|100\/100\n|turn|26\n|\n|t:|1699925791\n|detailschange|p2a: Scizor|Scizor-Mega, M\n|-mega|p2a: Scizor|Scizor|Scizorite\n|move|p1a: Kubo|Protect|p1a: Kubo\n|-singleturn|p1a: Kubo|Protect\n|move|p2a: Scizor|Bullet Punch|p1a: Kubo\n|-activate|p1a: Kubo|move: Protect\n|\n|-heal|p1a: Kubo|52\/100|[from] item: Leftovers\n|upkeep\n|turn|27\n|\n|t:|1699925799\n|move|p2a: Scizor|Bullet Punch|p1a: Kubo\n|-crit|p1a: Kubo\n|-damage|p1a: Kubo|0 fnt\n|faint|p1a: Kubo\n|\n|-fieldend|move: Electric Terrain\n|upkeep\n|\n|t:|1699925802\n|switch|p1a: Simba|Entei, shiny|100\/100\n|-ability|p1a: Simba|Pressure\n|turn|28\n|\n|t:|1699925805\n|switch|p2a: Greninja|Greninja, M|100\/100\n|move|p1a: Simba|Curse|p1a: Simba\n|-unboost|p1a: Simba|spe|1\n|-boost|p1a: Simba|atk|1\n|-boost|p1a: Simba|def|1\n|\n|upkeep\n|turn|29\n|l| playeraccount\n|\n|t:|1699925816\n|switch|p1a: Paper|Celebi|100\/100\n|move|p2a: Greninja|Dark Pulse|p1a: Paper\n|-supereffective|p1a: Paper\n|-damage|p1a: Paper|35\/100\n|-damage|p2a: Greninja|91\/100|[from] item: Life Orb\n|\n|-heal|p1a: Paper|41\/100|[from] item: Leftovers\n|upkeep\n|turn|30\n|\n|t:|1699925819\n|switch|p1a: Rock|Tyranitar, F, shiny|58\/100\n|-weather|Sandstorm|[from] ability: Sand Stream|[of] p1a: Rock\n|move|p2a: Greninja|Dark Pulse|p1a: Rock\n|-resisted|p1a: Rock\n|-crit|p1a: Rock\n|-damage|p1a: Rock|44\/100\n|-damage|p2a: Greninja|81\/100|[from] item: Life Orb\n|\n|-weather|Sandstorm|[upkeep]\n|-damage|p2a: Greninja|75\/100|[from] Sandstorm\n|-heal|p1a: Rock|50\/100|[from] item: Leftovers\n|upkeep\n|turn|31\n|\n|t:|1699925824\n|move|p2a: Greninja|Surf|p1a: Rock\n|-supereffective|p1a: Rock\n|-damage|p1a: Rock|9\/100\n|-damage|p2a: Greninja|65\/100|[from] item: Life Orb\n|move|p1a: Rock|Stealth Rock|p2a: Greninja\n|-sidestart|p2: goblinnovember468|move: Stealth Rock\n|\n|-weather|Sandstorm|[upkeep]\n|-damage|p2a: Greninja|59\/100|[from] Sandstorm\n|-heal|p1a: Rock|15\/100|[from] item: Leftovers\n|upkeep\n|turn|32\n|\n|t:|1699925829\n|switch|p1a: Moose|Suicune, shiny|76\/100 tox\n|-ability|p1a: Moose|Pressure\n|move|p2a: Greninja|Surf|p1a: Moose\n|-resisted|p1a: Moose\n|-damage|p1a: Moose|57\/100 tox\n|-damage|p2a: Greninja|49\/100|[from] item: Life Orb\n|\n|-weather|Sandstorm|[upkeep]\n|-damage|p2a: Greninja|43\/100|[from] Sandstorm\n|-damage|p1a: Moose|51\/100 tox|[from] Sandstorm\n|-heal|p1a: Moose|57\/100 tox|[from] item: Leftovers\n|-damage|p1a: Moose|51\/100 tox|[from] psn\n|upkeep\n|turn|33\n|\n|t:|1699925833\n|switch|p2a: Iron Moth|Iron Moth, tera:Ground|95\/100\n|move|p1a: Moose|Rest|p1a: Moose\n|-status|p1a: Moose|slp|[from] move: Rest\n|-heal|p1a: Moose|100\/100 slp|[silent]\n|\n|-weather|Sandstorm|[upkeep]\n|-damage|p1a: Moose|94\/100 slp|[from] Sandstorm\n|-heal|p1a: Moose|100\/100 slp|[from] item: Leftovers\n|upkeep\n|turn|34\n|\n|t:|1699925837\n|move|p2a: Iron Moth|Fiery Dance|p1a: Moose\n|-resisted|p1a: Moose\n|-damage|p1a: Moose|84\/100 slp\n|cant|p1a: Moose|slp\n|\n|-weather|none\n|-heal|p1a: Moose|91\/100 slp|[from] item: Leftovers\n|upkeep\n|turn|35\n|\n|t:|1699925840\n|move|p2a: Iron Moth|Fiery Dance|p1a: Moose\n|-resisted|p1a: Moose\n|-damage|p1a: Moose|76\/100 slp\n|cant|p1a: Moose|slp\n|\n|-heal|p1a: Moose|82\/100 slp|[from] item: Leftovers\n|upkeep\n|turn|36\n|\n|t:|1699925844\n|move|p2a: Iron Moth|Energy Ball|p1a: Moose\n|-supereffective|p1a: Moose\n|-damage|p1a: Moose|36\/100 slp\n|-curestatus|p1a: Moose|slp|[msg]\n|move|p1a: Moose|Calm Mind|p1a: Moose\n|-boost|p1a: Moose|spa|1\n|-boost|p1a: Moose|spd|1\n|\n|-heal|p1a: Moose|42\/100|[from] item: Leftovers\n|upkeep\n|turn|37\n|\n|t:|1699925849\n|move|p2a: Iron Moth|Fiery Dance|p1a: Moose\n|-resisted|p1a: Moose\n|-damage|p1a: Moose|31\/100\n|-boost|p2a: Iron Moth|spa|1\n|move|p1a: Moose|Rest|p1a: Moose\n|-status|p1a: Moose|slp|[from] move: Rest\n|-heal|p1a: Moose|100\/100 slp|[silent]\n|\n|upkeep\n|turn|38\n|j| snivy ye \u53f6\u86c7\n|\n|t:|1699925857\n|move|p2a: Iron Moth|Energy Ball|p1a: Moose\n|-supereffective|p1a: Moose\n|-damage|p1a: Moose|51\/100 slp\n|cant|p1a: Moose|slp\n|\n|-heal|p1a: Moose|58\/100 slp|[from] item: Leftovers\n|upkeep\n|turn|39\n|\n|t:|1699925875\n|switch|p1a: Scissors|Skarmory, F, shiny|97\/100\n|move|p2a: Iron Moth|Energy Ball|p1a: Scissors\n|-resisted|p1a: Scissors\n|-damage|p1a: Scissors|82\/100\n|\n|upkeep\n|turn|40\n|\n|t:|1699925891\n|-end|p2a: Iron Moth|Quark Drive|[silent]\n|switch|p2a: Scizor|Scizor-Mega, M|100\/100\n|-damage|p2a: Scizor|88\/100|[from] Stealth Rock\n|move|p1a: Scissors|Whirlwind|p2a: Scizor\n|drag|p2a: Iron Moth|Iron Moth, tera:Ground|95\/100\n|\n|upkeep\n|turn|41\n|\n|t:|1699925902\n|-end|p2a: Iron Moth|Quark Drive|[silent]\n|switch|p2a: Scizor|Scizor-Mega, M|88\/100\n|-damage|p2a: Scizor|76\/100|[from] Stealth Rock\n|move|p1a: Scissors|Brave Bird|p2a: Scizor\n|-damage|p2a: Scizor|51\/100\n|-damage|p1a: Scissors|74\/100|[from] Recoil\n|\n|upkeep\n|turn|42\n|\n|t:|1699925908\n|move|p2a: Scizor|Knock Off|p1a: Scissors\n|-damage|p1a: Scissors|49\/100\n|-damage|p2a: Scizor|34\/100|[from] item: Rocky Helmet|[of] p1a: Scissors\n|-enditem|p1a: Scissors|Rocky Helmet|[from] move: Knock Off|[of] p2a: Scizor\n|move|p1a: Scissors|Whirlwind|p2a: Scizor\n|drag|p2a: Greninja|Greninja, M|43\/100\n|-damage|p2a: Greninja|31\/100|[from] Stealth Rock\n|\n|upkeep\n|turn|43\n|\n|t:|1699925918\n|switch|p1a: Rock|Tyranitar, F, shiny|15\/100\n|-weather|Sandstorm|[from] ability: Sand Stream|[of] p1a: Rock\n|move|p2a: Greninja|Dark Pulse|p1a: Rock\n|-resisted|p1a: Rock\n|-damage|p1a: Rock|6\/100\n|-damage|p2a: Greninja|21\/100|[from] item: Life Orb\n|\n|-weather|Sandstorm|[upkeep]\n|-damage|p2a: Greninja|15\/100|[from] Sandstorm\n|-heal|p1a: Rock|12\/100|[from] item: Leftovers\n|upkeep\n|turn|44\n|\n|t:|1699925938\n|move|p2a: Greninja|Ice Beam|p1a: Rock\n|-damage|p1a: Rock|0 fnt\n|faint|p1a: Rock\n|-ability|p2a: Greninja|Battle Bond|boost\n|-boost|p2a: Greninja|atk|1\n|-boost|p2a: Greninja|spa|1\n|-boost|p2a: Greninja|spe|1\n|-activate|p2a: Greninja|ability: Battle Bond\n|-damage|p2a: Greninja|5\/100|[from] item: Life Orb\n|\n|-weather|Sandstorm|[upkeep]\n|-damage|p2a: Greninja|0 fnt|[from] Sandstorm\n|faint|p2a: Greninja\n|upkeep\n|\n|t:|1699925948\n|switch|p2a: Iron Moth|Iron Moth, tera:Ground|95\/100\n|switch|p1a: Simba|Entei, shiny|100\/100\n|-ability|p1a: Simba|Pressure\n|turn|45\n|\n|t:|1699925951\n|-end|p2a: Iron Moth|Quark Drive|[silent]\n|switch|p2a: Scizor|Scizor-Mega, M|34\/100\n|-damage|p2a: Scizor|22\/100|[from] Stealth Rock\n|switch|p1a: Scissors|Skarmory, F, shiny|49\/100\n|\n|-weather|Sandstorm|[upkeep]\n|upkeep\n|turn|46\n|\n|t:|1699925959\n|move|p2a: Scizor|Roost|p2a: Scizor\n|-heal|p2a: Scizor|72\/100\n|-singleturn|p2a: Scizor|move: Roost\n|move|p1a: Scissors|Brave Bird|p2a: Scizor\n|-damage|p2a: Scizor|46\/100\n|-damage|p1a: Scissors|40\/100|[from] Recoil\n|\n|-weather|Sandstorm|[upkeep]\n|upkeep\n|turn|47\n|\n|t:|1699925962\n|move|p2a: Scizor|Roost|p2a: Scizor\n|-heal|p2a: Scizor|96\/100\n|-singleturn|p2a: Scizor|move: Roost\n|move|p1a: Scissors|Roost|p1a: Scissors\n|-heal|p1a: Scissors|90\/100\n|-singleturn|p1a: Scissors|move: Roost\n|\n|-weather|none\n|upkeep\n|turn|48\n|\n|t:|1699925964\n|move|p2a: Scizor|Swords Dance|p2a: Scizor\n|-boost|p2a: Scizor|atk|2\n|move|p1a: Scissors|Whirlwind|p2a: Scizor\n|drag|p2a: Iron Moth|Iron Moth, tera:Ground|95\/100\n|\n|upkeep\n|turn|49\n|\n|t:|1699925968\n|move|p2a: Iron Moth|Energy Ball|p1a: Scissors\n|-resisted|p1a: Scissors\n|-damage|p1a: Scissors|79\/100\n|move|p1a: Scissors|Whirlwind|p2a: Iron Moth\n|-end|p2a: Iron Moth|Quark Drive|[silent]\n|drag|p2a: Scizor|Scizor-Mega, M|96\/100\n|-damage|p2a: Scizor|83\/100|[from] Stealth Rock\n|\n|upkeep\n|turn|50\n|c|\u2606goblinnovember468|triple pressure\n|c|\u2606goblinnovember468|is extremely corny ngl\n|\n|t:|1699925978\n|move|p2a: Scizor|Swords Dance|p2a: Scizor\n|-boost|p2a: Scizor|atk|2\n|move|p1a: Scissors|Brave Bird|p2a: Scizor\n|-damage|p2a: Scizor|58\/100\n|-damage|p1a: Scissors|71\/100|[from] Recoil\n|\n|upkeep\n|turn|51\n|\n|t:|1699925980\n|move|p2a: Scizor|Knock Off|p1a: Scissors\n|-damage|p1a: Scissors|40\/100\n|move|p1a: Scissors|Whirlwind|p2a: Scizor\n|drag|p2a: Iron Moth|Iron Moth, tera:Ground|95\/100\n|\n|upkeep\n|turn|52\n|\n|t:|1699925986\n|move|p2a: Iron Moth|Energy Ball|p1a: Scissors\n|-resisted|p1a: Scissors\n|-damage|p1a: Scissors|30\/100\n|move|p1a: Scissors|Roost|p1a: Scissors\n|-heal|p1a: Scissors|80\/100\n|-singleturn|p1a: Scissors|move: Roost\n|\n|upkeep\n|turn|53\n|\n|t:|1699925992\n|switch|p1a: Simba|Entei, shiny|100\/100\n|-ability|p1a: Simba|Pressure\n|move|p2a: Iron Moth|Energy Ball|p1a: Simba\n|-resisted|p1a: Simba\n|-damage|p1a: Simba|91\/100\n|\n|-heal|p1a: Simba|97\/100|[from] item: Leftovers\n|upkeep\n|turn|54\n|\n|t:|1699925998\n|switch|p1a: Scissors|Skarmory, F, shiny|80\/100\n|move|p2a: Iron Moth|Tera Blast|p1a: Scissors|[anim] Tera Blast Ground\n|-immune|p1a: Scissors\n|\n|upkeep\n|turn|55\n|-message|goblinnovember468 forfeited.\n|\n|win|Tpd le Spew\n|raw|Tpd le Spew's rating: 1709 &rarr; <strong>1734<\/strong><br \/>(+25 for winning)\n|raw|goblinnovember468's rating: 1793 &rarr; <strong>1768<\/strong><br \/>(-25 for losing)\n|l|\u2606goblinnovember468\n|j|\u2606goblinnovember468\n|player|p2|goblinnovember468|steven-masters\n|l|\u2606goblinnovember468\n|player|p2|\n|c|\u2606Tpd le Spew|Gg\n|l| YJLF2\n","uploadtime":1699926053,"views":26,"p1id":"tpdlespew","p2id":"goblinnovember468","formatid":"gen9nationaldex","rating":1734,"private":0,"password":""}