{"id":"gen9nationaldex-1988692595","p1":"Torigami2013","p2":"Jor99fran","format":"[Gen 9] National Dex","log":"|j|\u2606Torigami2013\n|j|\u2606Jor99fran\n|t:|1699751352\n|gametype|singles\n|player|p1|Torigami2013|volkner|\n|player|p2|Jor99fran|ghetsis|\n|teamsize|p1|6\n|teamsize|p2|6\n|gen|9\n|tier|[Gen 9] National Dex\n|rule|HP Percentage Mod: HP is shown in percentages\n|rule|Endless Battle Clause: Forcing endless battles is banned\n|rule|OHKO Clause: OHKO moves are banned\n|rule|Evasion Clause: Evasion abilities, items, and moves are banned\n|rule|Evasion Abilities Clause: Evasion abilities are banned\n|rule|Evasion Items Clause: Evasion items are banned\n|rule|Evasion Moves Clause: Evasion moves are banned\n|rule|Species Clause: Limit one of each Pok\u00e9mon\n|rule|Sleep Clause Mod: Limit one foe put to sleep\n|clearpoke\n|poke|p1|Garchomp, M|\n|poke|p1|Torterra, M|\n|poke|p1|Clodsire, M|\n|poke|p1|Mudsdale, M|\n|poke|p1|Swampert, M|\n|poke|p1|Golurk|\n|poke|p2|Zoroark-Hisui, M|\n|poke|p2|Mimikyu, F|\n|poke|p2|Froslass, F|\n|poke|p2|Ceruledge, F|\n|poke|p2|Mismagius, M|\n|poke|p2|Typhlosion-Hisui, F|\n|teampreview\n|\n|t:|1699751365\n|start\n|switch|p1a: Terreneitor|Torterra, M|100\/100\n|switch|p2a: Froslass|Froslass, F|100\/100\n|turn|1\n|\n|t:|1699751378\n|switch|p1a: Froggi|Swampert, M|100\/100\n|move|p2a: Froslass|Spikes|p1a: Froggi\n|-sidestart|p1: Torigami2013|Spikes\n|\n|upkeep\n|turn|2\n|\n|t:|1699751385\n|detailschange|p1a: Froggi|Swampert-Mega, M\n|-mega|p1a: Froggi|Swampert|Swampertite\n|move|p2a: Froslass|Spikes|p1a: Froggi\n|-sidestart|p1: Torigami2013|Spikes\n|move|p1a: Froggi|Ancient Power|p2a: Froslass\n|-supereffective|p2a: Froslass\n|-damage|p2a: Froslass|36\/100\n|-start|p1a: Froggi|Disable|Ancient Power|[from] ability: Cursed Body|[of] p2a: Froslass\n|\n|upkeep\n|turn|3\n|\n|t:|1699751397\n|move|p2a: Froslass|Taunt|p1a: Froggi\n|-start|p1a: Froggi|move: Taunt\n|move|p1a: Froggi|Earth Power|p2a: Froslass\n|-damage|p2a: Froslass|0 fnt\n|faint|p2a: Froslass\n|\n|upkeep\n|c|\u2606Jor99fran|su trabajo ya est\u00e1 hecho\n|\n|t:|1699751410\n|switch|p2a: Ceruledge|Ceruledge, F|100\/100\n|turn|4\n|\n|t:|1699751420\n|-terastallize|p2a: Ceruledge|Ghost\n|move|p2a: Ceruledge|Grass Knot|p1a: Froggi\n|-supereffective|p1a: Froggi\n|-damage|p1a: Froggi|0 fnt\n|faint|p1a: Froggi\n|\n|upkeep\n|c|\u2606Jor99fran|real o SUS\n|c|\u2606Jor99fran|adivina\n|\n|t:|1699751445\n|switch|p1a: Terreneitor|Torterra, M|100\/100\n|-damage|p1a: Terreneitor|84\/100|[from] Spikes\n|turn|5\n|\n|t:|1699751451\n|move|p2a: Ceruledge|Flamethrower|p1a: Terreneitor\n|-supereffective|p1a: Terreneitor\n|-damage|p1a: Terreneitor|7\/100\n|move|p1a: Terreneitor|Shell Smash|p1a: Terreneitor\n|-unboost|p1a: Terreneitor|def|1\n|-unboost|p1a: Terreneitor|spd|1\n|-boost|p1a: Terreneitor|atk|2\n|-boost|p1a: Terreneitor|spa|2\n|-boost|p1a: Terreneitor|spe|2\n|-enditem|p1a: Terreneitor|White Herb\n|-clearnegativeboost|p1a: Terreneitor|[silent]\n|\n|upkeep\n|turn|6\n|\n|t:|1699751468\n|move|p1a: Terreneitor|Headlong Rush|p2a: Ceruledge\n|-enditem|p2a: Ceruledge|Focus Sash\n|-damage|p2a: Ceruledge|1\/100\n|-unboost|p1a: Terreneitor|def|1\n|-unboost|p1a: Terreneitor|spd|1\n|replace|p2a: Zoroark|Zoroark-Hisui, M\n|-end|p2a: Zoroark|Illusion\n|move|p2a: Zoroark|Flamethrower|p1a: Terreneitor\n|-supereffective|p1a: Terreneitor\n|-damage|p1a: Terreneitor|0 fnt\n|faint|p1a: Terreneitor\n|\n|upkeep\n|c|\u2606Torigami2013|o.o\n|\n|t:|1699751484\n|switch|p1a: Perchero el Toro|Mudsdale, M, shiny|100\/100\n|-damage|p1a: Perchero el Toro|84\/100|[from] Spikes\n|turn|7\n|c|\u2606Jor99fran|jeje\n|\n|t:|1699751492\n|move|p2a: Zoroark|Grass Knot|p1a: Perchero el Toro\n|-supereffective|p1a: Perchero el Toro\n|-damage|p1a: Perchero el Toro|37\/100\n|-ability|p1a: Perchero el Toro|Stamina|boost\n|-boost|p1a: Perchero el Toro|def|1\n|move|p1a: Perchero el Toro|Earthquake|p2a: Zoroark\n|-damage|p2a: Zoroark|0 fnt\n|faint|p2a: Zoroark\n|\n|upkeep\n|\n|t:|1699751504\n|switch|p2a: Typhlosion|Typhlosion-Hisui, F|100\/100\n|-item|p1a: Perchero el Toro|Assault Vest|[from] ability: Frisk|[of] p2a: Typhlosion|[identify]\n|turn|8\n|\n|t:|1699751509\n|move|p2a: Typhlosion|Infernal Parade|p1a: Perchero el Toro\n|-damage|p1a: Perchero el Toro|19\/100\n|-ability|p1a: Perchero el Toro|Stamina|boost\n|-boost|p1a: Perchero el Toro|def|1\n|move|p1a: Perchero el Toro|Earthquake|p2a: Typhlosion\n|-supereffective|p2a: Typhlosion\n|-damage|p2a: Typhlosion|0 fnt\n|faint|p2a: Typhlosion\n|\n|upkeep\n|\n|t:|1699751515\n|switch|p2a: Mimikyu|Mimikyu, F|100\/100\n|turn|9\n|\n|t:|1699751522\n|move|p2a: Mimikyu|Shadow Sneak|p1a: Perchero el Toro\n|-damage|p1a: Perchero el Toro|8\/100\n|-ability|p1a: Perchero el Toro|Stamina|boost\n|-boost|p1a: Perchero el Toro|def|1\n|-damage|p2a: Mimikyu|91\/100|[from] item: Life Orb\n|move|p1a: Perchero el Toro|Earthquake|p2a: Mimikyu\n|-activate|p2a: Mimikyu|ability: Disguise\n|-damage|p2a: Mimikyu|91\/100\n|detailschange|p2a: Mimikyu|Mimikyu-Busted, F\n|-damage|p2a: Mimikyu|78\/100|[from] pokemon: Mimikyu-Busted\n|\n|upkeep\n|turn|10\n|\n|t:|1699751533\n|move|p2a: Mimikyu|Shadow Sneak|p1a: Perchero el Toro\n|-damage|p1a: Perchero el Toro|0 fnt\n|faint|p1a: Perchero el Toro\n|-damage|p2a: Mimikyu|68\/100|[from] item: Life Orb\n|\n|upkeep\n|\n|t:|1699751542\n|switch|p1a: Dogaeen|Golurk|100\/100\n|-damage|p1a: Dogaeen|84\/100|[from] Spikes\n|turn|11\n|\n|t:|1699751558\n|move|p2a: Mimikyu|Shadow Claw|p1a: Dogaeen\n|-supereffective|p1a: Dogaeen\n|-damage|p1a: Dogaeen|0 fnt\n|faint|p1a: Dogaeen\n|-damage|p2a: Mimikyu|58\/100|[from] item: Life Orb\n|\n|upkeep\n|c|\u2606Jor99fran|XD\n|\n|t:|1699751567\n|switch|p1a: \u00d1am \u00d1am \u00d1am|Clodsire, M|100\/100\n|-damage|p1a: \u00d1am \u00d1am \u00d1am|84\/100|[from] Spikes\n|turn|12\n|\n|t:|1699751582\n|-terastallize|p1a: \u00d1am \u00d1am \u00d1am|Normal\n|move|p2a: Mimikyu|Shadow Claw|p1a: \u00d1am \u00d1am \u00d1am\n|-immune|p1a: \u00d1am \u00d1am \u00d1am\n|move|p1a: \u00d1am \u00d1am \u00d1am|Earthquake|p2a: Mimikyu\n|-damage|p2a: Mimikyu|8\/100\n|\n|-heal|p1a: \u00d1am \u00d1am \u00d1am|90\/100|[from] item: Leftovers\n|upkeep\n|turn|13\n|c|\u2606Jor99fran|XD\n|\n|t:|1699751591\n|move|p2a: Mimikyu|Play Rough|p1a: \u00d1am \u00d1am \u00d1am\n|-damage|p1a: \u00d1am \u00d1am \u00d1am|37\/100\n|-damage|p2a: Mimikyu|0 fnt|[from] item: Life Orb\n|faint|p2a: Mimikyu\n|move|p1a: \u00d1am \u00d1am \u00d1am|Earthquake|p2: Mimikyu|[notarget]\n|-fail|p1a: \u00d1am \u00d1am \u00d1am\n|\n|-heal|p1a: \u00d1am \u00d1am \u00d1am|43\/100|[from] item: Leftovers\n|upkeep\n|j| N3ROZ3RO\n|\n|t:|1699751597\n|switch|p2a: Ceruledge|Ceruledge, F|100\/100\n|turn|14\n|\n|t:|1699751604\n|move|p2a: Ceruledge|Bitter Blade|p1a: \u00d1am \u00d1am \u00d1am\n|-damage|p1a: \u00d1am \u00d1am \u00d1am|0 fnt\n|faint|p1a: \u00d1am \u00d1am \u00d1am\n|\n|upkeep\n|\n|t:|1699751608\n|switch|p1a: Gami|Garchomp, M|100\/100\n|-damage|p1a: Gami|84\/100|[from] Spikes\n|turn|15\n|\n|t:|1699751639\n|move|p1a: Gami|Swords Dance|p1a: Gami\n|-boost|p1a: Gami|atk|2\n|move|p2a: Ceruledge|Bitter Blade|p1a: Gami\n|-resisted|p1a: Gami\n|-damage|p1a: Gami|62\/100\n|-damage|p2a: Ceruledge|88\/100|[from] ability: Rough Skin|[of] p1a: Gami\n|\n|upkeep\n|turn|16\n|\n|t:|1699751649\n|move|p1a: Gami|Earthquake|p2a: Ceruledge\n|-supereffective|p2a: Ceruledge\n|-damage|p2a: Ceruledge|0 fnt\n|faint|p2a: Ceruledge\n|\n|upkeep\n|\n|t:|1699751652\n|switch|p2a: Mismagius|Mismagius, M|100\/100\n|turn|17\n|\n|t:|1699751662\n|move|p2a: Mismagius|Trick|p1a: Gami\n|-activate|p2a: Mismagius|move: Trick|[of] p1a: Gami\n|-item|p1a: Gami|Choice Scarf|[from] move: Trick\n|-item|p2a: Mismagius|Yache Berry|[from] move: Trick\n|move|p1a: Gami|Dragon Claw|p2a: Mismagius\n|-damage|p2a: Mismagius|0 fnt\n|faint|p2a: Mismagius\n|\n|win|Torigami2013\n|c|\u2606Jor99fran|deb\u00ed aber usado\n|c|\u2606Jor99fran|mismo festimo\n|c|\u2606Jor99fran|haber*\n|c|\u2606Jor99fran|destino*\n|c|\u2606Torigami2013|ubieses perdido igual\n|c|\u2606Jor99fran|nop\n|c|\u2606Jor99fran|banda focus\n|c|\u2606Torigami2013|que banda focus?\n|c|\u2606Jor99fran|digo choise scarb\n|c|\u2606Jor99fran|scarf\n|c|\u2606Jor99fran|XD\n|c|\u2606Jor99fran|la mimagius es una kamikaz\n|c|\u2606Jor99fran|e\n|c|\u2606Torigami2013|XD\n|c|\u2606Jor99fran|mismagius\u00a8*\n|c|\u2606Torigami2013|uno con mi equipo normal dale\n|l|\u2606Torigami2013\n|c|\u2606Jor99fran|dale\n|l|\u2606Jor99fran\n","uploadtime":1699751808,"views":8,"p1id":"torigami2013","p2id":"jor99fran","formatid":"gen9nationaldex","rating":0,"private":0,"password":""}