{"id":"gen9nationaldex-1990851101","p1":"Ryan&Ditto","p2":"Aceman2798","format":"[Gen 9] National Dex","log":"|j|\u2606Ryan&Ditto\n|j|\u2606Aceman2798\n|t:|1700007530\n|gametype|singles\n|player|p1|Ryan&Ditto|unknown|\n|player|p2|Aceman2798|acetrainer-gen4dp|\n|teamsize|p1|6\n|teamsize|p2|6\n|gen|9\n|tier|[Gen 9] National Dex\n|rule|HP Percentage Mod: HP is shown in percentages\n|rule|Endless Battle Clause: Forcing endless battles is banned\n|rule|OHKO Clause: OHKO moves are banned\n|rule|Evasion Clause: Evasion abilities, items, and moves are banned\n|rule|Evasion Abilities Clause: Evasion abilities are banned\n|rule|Evasion Items Clause: Evasion items are banned\n|rule|Evasion Moves Clause: Evasion moves are banned\n|rule|Species Clause: Limit one of each Pok\u00e9mon\n|rule|Sleep Clause Mod: Limit one foe put to sleep\n|clearpoke\n|poke|p1|Weezing-Galar, M|\n|poke|p1|Corviknight, F|\n|poke|p1|Blissey, F|\n|poke|p1|Sinistcha|\n|poke|p1|Ditto|\n|poke|p1|Chandelure, F|\n|poke|p2|Gardevoir, M|\n|poke|p2|Revavroom, M|\n|poke|p2|Corviknight, M|\n|poke|p2|Zoroark, M|\n|poke|p2|Ditto|\n|poke|p2|Smeargle, F|\n|teampreview\n|c|\u2606Ryan&Ditto|glhf\n|\n|t:|1700007572\n|start\n|switch|p1a: Sinisn'tea|Sinistcha|100\/100\n|switch|p2a: Smeargle|Smeargle, F|100\/100\n|turn|1\n|\n|t:|1700007585\n|switch|p1a: Riku|Weezing-Galar, M|100\/100\n|move|p2a: Smeargle|Ceaseless Edge|p1a: Riku\n|-resisted|p1a: Riku\n|-damage|p1a: Riku|99\/100\n|-sidestart|p1: Ryan&Ditto|Spikes\n|\n|-heal|p1a: Riku|100\/100|[from] item: Leftovers\n|upkeep\n|turn|2\n|\n|t:|1700007595\n|switch|p1a: Sinisn'tea|Sinistcha|100\/100\n|-damage|p1a: Sinisn'tea|88\/100|[from] Spikes\n|move|p2a: Smeargle|Spore|p1a: Sinisn'tea\n|-immune|p1a: Sinisn'tea\n|\n|upkeep\n|turn|3\n|\n|t:|1700007601\n|move|p2a: Smeargle|Ceaseless Edge|p1a: Sinisn'tea\n|-supereffective|p1a: Sinisn'tea\n|-enditem|p1a: Sinisn'tea|Colbur Berry|[eat]\n|-enditem|p1a: Sinisn'tea|Colbur Berry|[weaken]\n|-damage|p1a: Sinisn'tea|85\/100\n|-sidestart|p1: Ryan&Ditto|Spikes\n|move|p1a: Sinisn'tea|Matcha Gotcha|p2a: Smeargle\n|-damage|p2a: Smeargle|35\/100\n|-heal|p1a: Sinisn'tea|100\/100|[from] drain|[of] p2a: Smeargle\n|-status|p2a: Smeargle|brn\n|\n|-damage|p2a: Smeargle|29\/100 brn|[from] brn\n|upkeep\n|turn|4\n|\n|t:|1700007611\n|move|p2a: Smeargle|Parting Shot|p1a: Sinisn'tea\n|-unboost|p1a: Sinisn'tea|atk|1\n|-unboost|p1a: Sinisn'tea|spa|1\n|\n|t:|1700007615\n|switch|p2a: Revavroom|Revavroom, M|100\/100|[from] Parting Shot\n|move|p1a: Sinisn'tea|Matcha Gotcha|p2a: Revavroom\n|-resisted|p2a: Revavroom\n|-damage|p2a: Revavroom|94\/100\n|\n|-heal|p2a: Revavroom|99\/100|[from] item: Black Sludge\n|upkeep\n|turn|5\n|\n|t:|1700007626\n|switch|p1a: Mechon|Corviknight, F|100\/100\n|-ability|p1a: Mechon|Pressure\n|move|p2a: Revavroom|Toxic Spikes|p1a: Mechon\n|-sidestart|p1: Ryan&Ditto|move: Toxic Spikes\n|\n|-heal|p2a: Revavroom|100\/100|[from] item: Black Sludge\n|upkeep\n|turn|6\n|\n|t:|1700007636\n|switch|p2a: Gardevoir|Gardevoir, M|100\/100\n|-ability|p2a: Gardevoir|Pressure\n|-ability|p2a: Gardevoir|Pressure|[from] ability: Trace|[of] p1a: Mechon\n|move|p1a: Mechon|Iron Defense|p1a: Mechon\n|-boost|p1a: Mechon|def|2\n|\n|upkeep\n|turn|7\n|\n|t:|1700007652\n|switch|p1a: Sharla|Blissey, F|100\/100\n|-damage|p1a: Sharla|84\/100|[from] Spikes\n|-status|p1a: Sharla|psn\n|detailschange|p2a: Gardevoir|Gardevoir-Mega, M\n|-mega|p2a: Gardevoir|Gardevoir|Gardevoirite\n|move|p2a: Gardevoir|Thunderbolt|p1a: Sharla\n|-damage|p1a: Sharla|72\/100 psn\n|\n|-heal|p1a: Sharla|78\/100 psn|[from] item: Leftovers\n|-damage|p1a: Sharla|65\/100 psn|[from] psn\n|upkeep\n|turn|8\n|\n|t:|1700007660\n|switch|p2a: Revavroom|Revavroom, M|100\/100\n|move|p1a: Sharla|Toxic|p2a: Revavroom\n|-immune|p2a: Revavroom\n|\n|-heal|p1a: Sharla|71\/100 psn|[from] item: Leftovers\n|-damage|p1a: Sharla|59\/100 psn|[from] psn\n|upkeep\n|turn|9\n|\n|t:|1700007678\n|switch|p2a: Gardevoir|Gardevoir-Mega, M|100\/100\n|move|p1a: Sharla|Soft-Boiled|p1a: Sharla\n|-heal|p1a: Sharla|100\/100 psn\n|\n|-damage|p1a: Sharla|88\/100 psn|[from] psn\n|upkeep\n|turn|10\n|\n|t:|1700007683\n|switch|p2a: Corviknight|Corviknight, M|100\/100\n|move|p1a: Sharla|Stealth Rock|p2a: Corviknight\n|-sidestart|p2: Aceman2798|move: Stealth Rock\n|\n|-heal|p1a: Sharla|94\/100 psn|[from] item: Leftovers\n|-damage|p1a: Sharla|82\/100 psn|[from] psn\n|upkeep\n|turn|11\n|\n|t:|1700007692\n|-curestatus|p1a: Sharla|psn|[from] ability: Natural Cure\n|switch|p1a: Riku|Weezing-Galar, M|100\/100\n|move|p2a: Corviknight|Agility|p2a: Corviknight\n|-boost|p2a: Corviknight|spe|2\n|\n|upkeep\n|turn|12\n|\n|t:|1700007707\n|switch|p2a: Revavroom|Revavroom, M|100\/100\n|-damage|p2a: Revavroom|94\/100|[from] Stealth Rock\n|move|p1a: Riku|Will-O-Wisp|p2a: Revavroom\n|-status|p2a: Revavroom|brn\n|\n|-heal|p2a: Revavroom|100\/100 brn|[from] item: Black Sludge\n|-damage|p2a: Revavroom|94\/100 brn|[from] brn\n|upkeep\n|turn|13\n|\n|t:|1700007713\n|move|p2a: Revavroom|Toxic Spikes|p1a: Riku\n|-sidestart|p1: Ryan&Ditto|move: Toxic Spikes\n|move|p1a: Riku|Defog|p2a: Revavroom\n|-unboost|p2a: Revavroom|evasion|1\n|-sideend|p2: Aceman2798|Stealth Rock|[from] move: Defog|[of] p1a: Riku\n|-sideend|p1: Ryan&Ditto|Spikes|[from] move: Defog|[of] p1a: Riku\n|-sideend|p1: Ryan&Ditto|Toxic Spikes|[from] move: Defog|[of] p1a: Riku\n|\n|-heal|p2a: Revavroom|100\/100 brn|[from] item: Black Sludge\n|-damage|p2a: Revavroom|94\/100 brn|[from] brn\n|upkeep\n|turn|14\n|\n|t:|1700007718\n|switch|p1a: Mechon|Corviknight, F|100\/100\n|-ability|p1a: Mechon|Pressure\n|move|p2a: Revavroom|Iron Head|p1a: Mechon\n|-resisted|p1a: Mechon\n|-damage|p1a: Mechon|95\/100\n|\n|-heal|p2a: Revavroom|100\/100 brn|[from] item: Black Sludge\n|-heal|p1a: Mechon|100\/100|[from] item: Leftovers\n|-damage|p2a: Revavroom|94\/100 brn|[from] brn\n|upkeep\n|turn|15\n|\n|t:|1700007746\n|move|p2a: Revavroom|Toxic Spikes|p1a: Mechon\n|-sidestart|p1: Ryan&Ditto|move: Toxic Spikes\n|move|p1a: Mechon|Brave Bird|p2a: Revavroom\n|-resisted|p2a: Revavroom\n|-damage|p2a: Revavroom|74\/100 brn\n|-damage|p1a: Mechon|94\/100|[from] Recoil\n|\n|-heal|p2a: Revavroom|80\/100 brn|[from] item: Black Sludge\n|-heal|p1a: Mechon|99\/100|[from] item: Leftovers\n|-damage|p2a: Revavroom|74\/100 brn|[from] brn\n|upkeep\n|turn|16\n|\n|t:|1700007754\n|move|p2a: Revavroom|Toxic Spikes|p1a: Mechon\n|-sidestart|p1: Ryan&Ditto|move: Toxic Spikes\n|move|p1a: Mechon|Brave Bird|p2a: Revavroom\n|-resisted|p2a: Revavroom\n|-damage|p2a: Revavroom|56\/100 brn\n|-damage|p1a: Mechon|95\/100|[from] Recoil\n|\n|-heal|p2a: Revavroom|62\/100 brn|[from] item: Black Sludge\n|-heal|p1a: Mechon|100\/100|[from] item: Leftovers\n|-damage|p2a: Revavroom|56\/100 brn|[from] brn\n|upkeep\n|turn|17\n|j| MagnificentMudkip\n|\n|t:|1700007770\n|switch|p2a: Ditto|Ditto|100\/100\n|-transform|p2a: Ditto|p1a: Mechon|[from] ability: Imposter\n|-ability|p2a: Ditto|Pressure\n|move|p1a: Mechon|Iron Defense|p1a: Mechon\n|-boost|p1a: Mechon|def|2\n|\n|upkeep\n|turn|18\n|\n|t:|1700007784\n|switch|p2a: Gardevoir|Gardevoir-Mega, M|100\/100\n|move|p1a: Mechon|Iron Defense|p1a: Mechon\n|-boost|p1a: Mechon|def|2\n|\n|upkeep\n|turn|19\n|\n|t:|1700007802\n|switch|p1a: Sharla|Blissey, F|82\/100\n|-status|p1a: Sharla|tox\n|move|p2a: Gardevoir|Calm Mind|p2a: Gardevoir\n|-boost|p2a: Gardevoir|spa|1\n|-boost|p2a: Gardevoir|spd|1\n|\n|-heal|p1a: Sharla|88\/100 tox|[from] item: Leftovers\n|-damage|p1a: Sharla|82\/100 tox|[from] psn\n|upkeep\n|turn|20\n|\n|t:|1700007817\n|switch|p2a: Smeargle|Smeargle, F|29\/100 brn\n|move|p1a: Sharla|Toxic||[still]\n|-fail|p1a: Sharla\n|\n|-heal|p1a: Sharla|88\/100 tox|[from] item: Leftovers\n|-damage|p1a: Sharla|76\/100 tox|[from] psn\n|-damage|p2a: Smeargle|23\/100 brn|[from] brn\n|upkeep\n|turn|21\n|\n|t:|1700007842\n|move|p2a: Smeargle|Sticky Web|p1a: Sharla\n|-sidestart|p1: Ryan&Ditto|move: Sticky Web\n|move|p1a: Sharla|Seismic Toss|p2a: Smeargle\n|-damage|p2a: Smeargle|0 fnt\n|faint|p2a: Smeargle\n|\n|-heal|p1a: Sharla|82\/100 tox|[from] item: Leftovers\n|-damage|p1a: Sharla|63\/100 tox|[from] psn\n|upkeep\n|\n|t:|1700007883\n|switch|p2a: Gardevoir|Gardevoir-Mega, M|100\/100\n|turn|22\n|\n|t:|1700007886\n|move|p2a: Gardevoir|Calm Mind|p2a: Gardevoir\n|-boost|p2a: Gardevoir|spa|1\n|-boost|p2a: Gardevoir|spd|1\n|move|p1a: Sharla|Toxic|p2a: Gardevoir\n|-status|p2a: Gardevoir|tox\n|\n|-heal|p1a: Sharla|69\/100 tox|[from] item: Leftovers\n|-damage|p2a: Gardevoir|94\/100 tox|[from] psn\n|-damage|p1a: Sharla|45\/100 tox|[from] psn\n|upkeep\n|turn|23\n|\n|t:|1700007891\n|move|p2a: Gardevoir|Calm Mind|p2a: Gardevoir\n|-boost|p2a: Gardevoir|spa|1\n|-boost|p2a: Gardevoir|spd|1\n|move|p1a: Sharla|Soft-Boiled|p1a: Sharla\n|-heal|p1a: Sharla|95\/100 tox\n|\n|-heal|p1a: Sharla|100\/100 tox|[from] item: Leftovers\n|-damage|p2a: Gardevoir|82\/100 tox|[from] psn\n|-damage|p1a: Sharla|70\/100 tox|[from] psn\n|upkeep\n|turn|24\n|\n|t:|1700007894\n|move|p2a: Gardevoir|Calm Mind|p2a: Gardevoir\n|-boost|p2a: Gardevoir|spa|1\n|-boost|p2a: Gardevoir|spd|1\n|move|p1a: Sharla|Seismic Toss|p2a: Gardevoir\n|-damage|p2a: Gardevoir|46\/100 tox\n|\n|-heal|p1a: Sharla|76\/100 tox|[from] item: Leftovers\n|-damage|p2a: Gardevoir|28\/100 tox|[from] psn\n|-damage|p1a: Sharla|39\/100 tox|[from] psn\n|upkeep\n|turn|25\n|\n|t:|1700007901\n|-curestatus|p1a: Sharla|tox|[from] ability: Natural Cure\n|switch|p1a: literally me|Ditto, shiny|100\/100\n|-status|p1a: literally me|tox\n|-activate|p1a: literally me|move: Sticky Web\n|-unboost|p1a: literally me|spe|1\n|-transform|p1a: literally me|p2a: Gardevoir|[from] ability: Imposter\n|move|p2a: Gardevoir|Draining Kiss|p1a: literally me\n|-damage|p1a: literally me|73\/100 tox\n|-heal|p2a: Gardevoir|50\/100 tox|[from] drain|[of] p1a: literally me\n|\n|-damage|p1a: literally me|67\/100 tox|[from] psn\n|-damage|p2a: Gardevoir|25\/100 tox|[from] psn\n|upkeep\n|turn|26\n|\n|t:|1700007919\n|switch|p2a: Revavroom|Revavroom, M|56\/100 brn\n|move|p1a: literally me|Thunderbolt|p2a: Revavroom\n|-damage|p2a: Revavroom|0 fnt\n|faint|p2a: Revavroom\n|\n|-damage|p1a: literally me|56\/100 tox|[from] psn\n|upkeep\n|\n|t:|1700007924\n|switch|p2a: Corviknight|Corviknight, M|100\/100\n|turn|27\n|\n|t:|1700007936\n|switch|p1a: Riku|Weezing-Galar, M|100\/100\n|-terastallize|p2a: Corviknight|Ground\n|move|p2a: Corviknight|Agility|p2a: Corviknight\n|-boost|p2a: Corviknight|spe|2\n|\n|upkeep\n|turn|28\n|\n|t:|1700007944\n|move|p2a: Corviknight|Bulk Up|p2a: Corviknight\n|-boost|p2a: Corviknight|atk|1\n|-boost|p2a: Corviknight|def|1\n|move|p1a: Riku|Defog|p2a: Corviknight\n|-ability|p2a: Corviknight|Mirror Armor\n|-unboost|p1a: Riku|evasion|1\n|-sideend|p1: Ryan&Ditto|Toxic Spikes|[from] move: Defog|[of] p1a: Riku\n|-sideend|p1: Ryan&Ditto|Sticky Web|[from] move: Defog|[of] p1a: Riku\n|\n|upkeep\n|turn|29\n|\n|t:|1700007955\n|switch|p2a: Gardevoir|Gardevoir-Mega, M|100\/100\n|move|p1a: Riku|Will-O-Wisp|p2a: Gardevoir\n|-status|p2a: Gardevoir|brn\n|\n|-damage|p2a: Gardevoir|94\/100 brn|[from] brn\n|upkeep\n|turn|30\n|\n|t:|1700007966\n|switch|p1a: Sharla|Blissey, F|39\/100\n|move|p2a: Gardevoir|Sludge Bomb|p1a: Sharla\n|-damage|p1a: Sharla|30\/100\n|-status|p1a: Sharla|psn\n|\n|-heal|p1a: Sharla|36\/100 psn|[from] item: Leftovers\n|-damage|p1a: Sharla|23\/100 psn|[from] psn\n|-damage|p2a: Gardevoir|88\/100 brn|[from] brn\n|upkeep\n|turn|31\n|\n|t:|1700007970\n|move|p2a: Gardevoir|Nasty Plot|p2a: Gardevoir\n|-boost|p2a: Gardevoir|spa|2\n|move|p1a: Sharla|Soft-Boiled|p1a: Sharla\n|-heal|p1a: Sharla|73\/100 psn\n|\n|-heal|p1a: Sharla|80\/100 psn|[from] item: Leftovers\n|-damage|p1a: Sharla|67\/100 psn|[from] psn\n|-damage|p2a: Gardevoir|82\/100 brn|[from] brn\n|upkeep\n|turn|32\n|j| Frandy1234\n|\n|t:|1700007977\n|move|p2a: Gardevoir|Dark Pulse|p1a: Sharla\n|-damage|p1a: Sharla|42\/100 psn\n|move|p1a: Sharla|Seismic Toss|p2a: Gardevoir\n|-damage|p2a: Gardevoir|44\/100 brn\n|replace|p2a: Zoroark|Zoroark, M\n|-end|p2a: Zoroark|Illusion\n|\n|-heal|p1a: Sharla|48\/100 psn|[from] item: Leftovers\n|-damage|p1a: Sharla|36\/100 psn|[from] psn\n|-damage|p2a: Zoroark|38\/100 brn|[from] brn\n|upkeep\n|turn|33\n|\n|t:|1700007982\n|move|p2a: Zoroark|Dark Pulse|p1a: Sharla\n|-damage|p1a: Sharla|9\/100 psn\n|cant|p1a: Sharla|flinch\n|\n|-heal|p1a: Sharla|15\/100 psn|[from] item: Leftovers\n|-damage|p1a: Sharla|3\/100 psn|[from] psn\n|-damage|p2a: Zoroark|32\/100 brn|[from] brn\n|upkeep\n|turn|34\n|\n|t:|1700007987\n|move|p2a: Zoroark|Dark Pulse|p1a: Sharla\n|-damage|p1a: Sharla|0 fnt\n|faint|p1a: Sharla\n|\n|-damage|p2a: Zoroark|25\/100 brn|[from] brn\n|upkeep\n|\n|t:|1700007989\n|switch|p1a: literally me|Ditto, shiny|56\/100 tox\n|-transform|p1a: literally me|p2a: Zoroark|[from] ability: Imposter\n|turn|35\n|\n|t:|1700008002\n|switch|p2a: Gardevoir|Gardevoir-Mega, M|25\/100 tox\n|move|p1a: literally me|Dark Pulse|p2a: Gardevoir\n|-damage|p2a: Gardevoir|0 fnt\n|faint|p2a: Gardevoir\n|\n|-damage|p1a: literally me|49\/100 tox|[from] psn\n|upkeep\n|\n|t:|1700008006\n|switch|p2a: Ditto|Ditto|100\/100\n|turn|36\n|\n|t:|1700008019\n|move|p1a: literally me|Dark Pulse|p2a: Ditto\n|-damage|p2a: Ditto|0 fnt\n|faint|p2a: Ditto\n|\n|-damage|p1a: literally me|37\/100 tox|[from] psn\n|upkeep\n|\n|t:|1700008025\n|switch|p2a: Corviknight|Corviknight, M, tera:Ground|100\/100\n|turn|37\n|\n|t:|1700008034\n|move|p1a: literally me|Dark Pulse|p2a: Corviknight\n|-damage|p2a: Corviknight|43\/100\n|move|p2a: Corviknight|Agility|p2a: Corviknight\n|-boost|p2a: Corviknight|spe|2\n|\n|-heal|p2a: Corviknight|50\/100|[from] item: Leftovers\n|-damage|p1a: literally me|19\/100 tox|[from] psn\n|upkeep\n|turn|38\n|\n|t:|1700008041\n|switch|p1a: Riku|Weezing-Galar, M|100\/100\n|move|p2a: Corviknight|Agility|p2a: Corviknight\n|-boost|p2a: Corviknight|spe|2\n|\n|-heal|p2a: Corviknight|56\/100|[from] item: Leftovers\n|upkeep\n|turn|39\n|\n|t:|1700008053\n|move|p2a: Corviknight|Bulk Up|p2a: Corviknight\n|-boost|p2a: Corviknight|atk|1\n|-boost|p2a: Corviknight|def|1\n|move|p1a: Riku|Strange Steam|p2a: Corviknight\n|-damage|p2a: Corviknight|38\/100\n|\n|-heal|p2a: Corviknight|44\/100|[from] item: Leftovers\n|upkeep\n|turn|40\n|\n|t:|1700008057\n|switch|p2a: Corviknight|Corviknight, M|25\/100 brn\n|move|p1a: Riku|Will-O-Wisp|p2a: Corviknight\n|-fail|p2a: Corviknight|brn\n|\n|-damage|p2a: Corviknight|19\/100 brn|[from] brn\n|upkeep\n|-start|p2a: Corviknight|typechange|Ground|[silent]\n|turn|41\n|\n|t:|1700008069\n|move|p2a: Corviknight|Sludge Bomb|p1a: Riku\n|-damage|p1a: Riku|62\/100\n|move|p1a: Riku|Strange Steam|p2a: Corviknight\n|-supereffective|p2a: Corviknight\n|-damage|p2a: Corviknight|0 fnt\n|replace|p2a: Zoroark|Zoroark, M\n|-end|p2a: Zoroark|Illusion\n|faint|p2a: Zoroark\n|\n|-heal|p1a: Riku|68\/100|[from] item: Leftovers\n|upkeep\n|\n|t:|1700008074\n|switch|p2a: Corviknight|Corviknight, M, tera:Ground|44\/100\n|turn|42\n|\n|t:|1700008077\n|switch|p1a: Sinisn'tea|Sinistcha|100\/100\n|move|p2a: Corviknight|Roost|p2a: Corviknight\n|-heal|p2a: Corviknight|94\/100\n|\n|-heal|p2a: Corviknight|99\/100|[from] item: Leftovers\n|upkeep\n|turn|43\n|\n|t:|1700008084\n|move|p1a: Sinisn'tea|Matcha Gotcha|p2a: Corviknight\n|-supereffective|p2a: Corviknight\n|-damage|p2a: Corviknight|58\/100\n|move|p2a: Corviknight|Agility|p2a: Corviknight\n|-boost|p2a: Corviknight|spe|2\n|\n|-heal|p2a: Corviknight|64\/100|[from] item: Leftovers\n|upkeep\n|turn|44\n|\n|t:|1700008092\n|-terastallize|p1a: Sinisn'tea|Steel\n|move|p2a: Corviknight|Bulk Up|p2a: Corviknight\n|-boost|p2a: Corviknight|atk|1\n|-boost|p2a: Corviknight|def|1\n|move|p1a: Sinisn'tea|Calm Mind|p1a: Sinisn'tea\n|-boost|p1a: Sinisn'tea|spa|1\n|-boost|p1a: Sinisn'tea|spd|1\n|\n|-heal|p2a: Corviknight|71\/100|[from] item: Leftovers\n|upkeep\n|turn|45\n|\n|t:|1700008100\n|move|p2a: Corviknight|Bulk Up|p2a: Corviknight\n|-boost|p2a: Corviknight|atk|1\n|-boost|p2a: Corviknight|def|1\n|move|p1a: Sinisn'tea|Matcha Gotcha|p2a: Corviknight\n|-supereffective|p2a: Corviknight\n|-damage|p2a: Corviknight|0 fnt\n|faint|p2a: Corviknight\n|\n|win|Ryan&Ditto\n|c|\u2606Aceman2798|gg\n|c|\u2606Ryan&Ditto|gg\n|l|\u2606Aceman2798\n","uploadtime":1700008110,"views":37,"p1id":"ryanditto","p2id":"aceman2798","formatid":"gen9nationaldex","rating":0,"private":0,"password":""}