{"id":"gen9nationaldex-1994840523","p1":"socoolsoda","p2":"runeatest","format":"[Gen 9] National Dex","log":"|html|<div class=\"broadcast-blue\"><strong>[Gen 9] National Dex is currently suspecting Sneasler! For information on how to participate check out the <a href=\"https:\/\/www.smogon.com\/forums\/threads\/sv-national-dex-suspect-8-just-dance.3731534\/\">suspect thread<\/a>.<\/strong><\/div>\n|j|\u2606socoolsoda\n|j|\u2606runeatest\n|t:|1700497644\n|gametype|singles\n|player|p1|socoolsoda|bruno|1206\n|player|p2|runeatest|fisherman-gen4|1107\n|teamsize|p1|6\n|teamsize|p2|6\n|gen|9\n|tier|[Gen 9] National Dex\n|rated|\n|rule|HP Percentage Mod: HP is shown in percentages\n|rule|Endless Battle Clause: Forcing endless battles is banned\n|rule|OHKO Clause: OHKO moves are banned\n|rule|Evasion Clause: Evasion abilities, items, and moves are banned\n|rule|Evasion Abilities Clause: Evasion abilities are banned\n|rule|Evasion Items Clause: Evasion items are banned\n|rule|Evasion Moves Clause: Evasion moves are banned\n|rule|Species Clause: Limit one of each Pok\u00e9mon\n|rule|Sleep Clause Mod: Limit one foe put to sleep\n|clearpoke\n|poke|p1|Enamorus, F|\n|poke|p1|Ogerpon-Wellspring, F|\n|poke|p1|Glimmora, F|\n|poke|p1|Bisharp, M|\n|poke|p1|Landorus-Therian, M|\n|poke|p1|Heatran, M|\n|poke|p2|Vaporeon, M|\n|poke|p2|Salamence, M|\n|poke|p2|Hitmontop, M|\n|poke|p2|Electivire, M|\n|poke|p2|Togekiss, M|\n|poke|p2|Houndoom, M|\n|teampreview\n|inactive|Battle timer is ON: inactive players will automatically lose when time's up. (requested by runeatest)\n|\n|t:|1700497668\n|start\n|switch|p1a: Glimmora|Glimmora, F|100\/100\n|switch|p2a: Hitmontop|Hitmontop, M|100\/100\n|turn|1\n|\n|t:|1700497679\n|move|p1a: Glimmora|Protect|p1a: Glimmora\n|-singleturn|p1a: Glimmora|Protect\n|move|p2a: Hitmontop|High Jump Kick|p1a: Glimmora\n|-activate|p1a: Glimmora|move: Protect\n|-damage|p2a: Hitmontop|50\/100|[from] highjumpkick\n|\n|upkeep\n|turn|2\n|\n|t:|1700497706\n|switch|p1a: Enamorus|Enamorus, F, shiny|100\/100\n|move|p2a: Hitmontop|High Jump Kick|p1a: Enamorus\n|-resisted|p1a: Enamorus\n|-damage|p1a: Enamorus|75\/100\n|\n|-heal|p1a: Enamorus|81\/100|[from] item: Leftovers\n|upkeep\n|turn|3\n|\n|t:|1700497713\n|switch|p2a: Togekiss|Togekiss, M, shiny|100\/100\n|move|p1a: Enamorus|Moonblast|p2a: Togekiss\n|-damage|p2a: Togekiss|50\/100\n|\n|-heal|p1a: Enamorus|87\/100|[from] item: Leftovers\n|upkeep\n|turn|4\n|\n|t:|1700497720\n|move|p1a: Enamorus|Moonblast|p2a: Togekiss\n|-damage|p2a: Togekiss|4\/100\n|move|p2a: Togekiss|Thunder Wave|p1a: Enamorus\n|-status|p1a: Enamorus|par\n|\n|-heal|p1a: Enamorus|94\/100 par|[from] item: Leftovers\n|upkeep\n|turn|5\n|\n|t:|1700497727\n|move|p2a: Togekiss|Roost|p2a: Togekiss\n|-heal|p2a: Togekiss|54\/100\n|-singleturn|p2a: Togekiss|move: Roost\n|move|p1a: Enamorus|Moonblast|p2a: Togekiss\n|-damage|p2a: Togekiss|6\/100\n|\n|-heal|p1a: Enamorus|99\/100 par|[from] item: Leftovers\n|upkeep\n|turn|6\n|\n|t:|1700497736\n|move|p2a: Togekiss|Roost|p2a: Togekiss\n|-heal|p2a: Togekiss|56\/100\n|-singleturn|p2a: Togekiss|move: Roost\n|cant|p1a: Enamorus|par\n|\n|-heal|p1a: Enamorus|100\/100 par|[from] item: Leftovers\n|upkeep\n|turn|7\n|\n|t:|1700497745\n|move|p2a: Togekiss|Air Slash|p1a: Enamorus\n|-damage|p1a: Enamorus|52\/100 par\n|cant|p1a: Enamorus|flinch\n|\n|-heal|p1a: Enamorus|58\/100 par|[from] item: Leftovers\n|upkeep\n|turn|8\n|\n|t:|1700497752\n|switch|p1a: Glimmora|Glimmora, F|100\/100\n|move|p2a: Togekiss|Air Slash|p1a: Glimmora\n|-resisted|p1a: Glimmora\n|-damage|p1a: Glimmora|75\/100\n|\n|upkeep\n|turn|9\n|\n|t:|1700497758\n|move|p1a: Glimmora|Mortal Spin|p2a: Togekiss\n|-supereffective|p2a: Togekiss\n|-damage|p2a: Togekiss|42\/100\n|-status|p2a: Togekiss|psn\n|-enditem|p2a: Togekiss|Lum Berry|[eat]\n|-curestatus|p2a: Togekiss|psn|[msg]\n|move|p2a: Togekiss|Air Slash|p1a: Glimmora\n|-resisted|p1a: Glimmora\n|-damage|p1a: Glimmora|49\/100\n|\n|upkeep\n|turn|10\n|\n|t:|1700497768\n|move|p1a: Glimmora|Mortal Spin|p2a: Togekiss\n|-supereffective|p2a: Togekiss\n|-damage|p2a: Togekiss|27\/100\n|-status|p2a: Togekiss|psn\n|move|p2a: Togekiss|Thunder Wave|p1a: Glimmora\n|-status|p1a: Glimmora|par\n|\n|-damage|p2a: Togekiss|14\/100 psn|[from] psn\n|upkeep\n|turn|11\n|\n|t:|1700497776\n|switch|p2a: Vaporeon|Vaporeon, M|100\/100\n|cant|p1a: Glimmora|par\n|\n|upkeep\n|turn|12\n|\n|t:|1700497782\n|move|p2a: Vaporeon|Hydro Pump|p1a: Glimmora\n|-supereffective|p1a: Glimmora\n|-damage|p1a: Glimmora|0 fnt\n|faint|p1a: Glimmora\n|\n|upkeep\n|\n|t:|1700497785\n|switch|p1a: Ogerpon|Ogerpon-Wellspring, F|100\/100\n|turn|13\n|\n|t:|1700497799\n|switch|p2a: Salamence|Salamence, M|100\/100\n|-ability|p2a: Salamence|Intimidate|boost\n|-unboost|p1a: Ogerpon|atk|1\n|move|p1a: Ogerpon|Ivy Cudgel|p2a: Salamence|[anim] Ivy Cudgel Water\n|-resisted|p2a: Salamence\n|-damage|p2a: Salamence|74\/100\n|\n|upkeep\n|turn|14\n|\n|t:|1700497811\n|move|p1a: Ogerpon|U-turn|p2a: Salamence\n|-resisted|p2a: Salamence\n|-damage|p2a: Salamence|62\/100\n|\n|t:|1700497815\n|switch|p1a: Enamorus|Enamorus, F, shiny|58\/100 par|[from] U-turn\n|move|p2a: Salamence|Air Slash|p1a: Enamorus\n|-damage|p1a: Enamorus|0 fnt\n|faint|p1a: Enamorus\n|\n|upkeep\n|\n|t:|1700497827\n|switch|p1a: Bisharp|Bisharp, M, shiny|100\/100\n|turn|15\n|\n|t:|1700497835\n|switch|p2a: Hitmontop|Hitmontop, M|50\/100\n|-terastallize|p1a: Bisharp|Flying\n|move|p1a: Bisharp|Knock Off|p2a: Hitmontop\n|-resisted|p2a: Hitmontop\n|-damage|p2a: Hitmontop|9\/100\n|-enditem|p2a: Hitmontop|Focus Sash|[from] move: Knock Off|[of] p1a: Bisharp\n|\n|upkeep\n|turn|16\n|\n|t:|1700497843\n|move|p1a: Bisharp|Sucker Punch|p2a: Hitmontop\n|-resisted|p2a: Hitmontop\n|-damage|p2a: Hitmontop|0 fnt\n|faint|p2a: Hitmontop\n|\n|upkeep\n|\n|t:|1700497848\n|switch|p2a: Salamence|Salamence, M|62\/100\n|-ability|p2a: Salamence|Intimidate|boost\n|-unboost|p1a: Bisharp|atk|1\n|-ability|p1a: Bisharp|Defiant|boost\n|-boost|p1a: Bisharp|atk|2\n|turn|17\n|\n|t:|1700497853\n|move|p2a: Salamence|Draco Meteor|p1a: Bisharp\n|-damage|p1a: Bisharp|15\/100\n|-unboost|p2a: Salamence|spa|2\n|move|p1a: Bisharp|Knock Off|p2a: Salamence\n|-damage|p2a: Salamence|0 fnt\n|-enditem|p2a: Salamence|Choice Specs|[from] move: Knock Off|[of] p1a: Bisharp\n|faint|p2a: Salamence\n|\n|upkeep\n|\n|t:|1700497862\n|switch|p2a: Vaporeon|Vaporeon, M|100\/100\n|turn|18\n|\n|t:|1700497866\n|move|p1a: Bisharp|Sucker Punch|p2a: Vaporeon\n|-damage|p2a: Vaporeon|46\/100\n|move|p2a: Vaporeon|Ice Beam|p1a: Bisharp\n|-supereffective|p1a: Bisharp\n|-damage|p1a: Bisharp|0 fnt\n|faint|p1a: Bisharp\n|\n|-heal|p2a: Vaporeon|52\/100|[from] item: Leftovers\n|upkeep\n|\n|t:|1700497871\n|switch|p1a: Ogerpon|Ogerpon-Wellspring, F|100\/100\n|turn|19\n|\n|t:|1700497879\n|move|p1a: Ogerpon|Horn Leech|p2a: Vaporeon\n|-supereffective|p2a: Vaporeon\n|-damage|p2a: Vaporeon|0 fnt\n|faint|p2a: Vaporeon\n|\n|upkeep\n|\n|t:|1700497885\n|switch|p2a: Electivire|Electivire, M, shiny|100\/100\n|-item|p2a: Electivire|Air Balloon\n|turn|20\n|\n|t:|1700497891\n|switch|p1a: Landorus|Landorus-Therian, M|100\/100\n|-ability|p1a: Landorus|Intimidate|boost\n|-unboost|p2a: Electivire|atk|1\n|move|p2a: Electivire|Ice Punch|p1a: Landorus\n|-supereffective|p1a: Landorus\n|-damage|p1a: Landorus|14\/100\n|\n|upkeep\n|turn|21\n|\n|t:|1700497899\n|move|p1a: Landorus|Earthquake|p2a: Electivire\n|-immune|p2a: Electivire\n|move|p2a: Electivire|Ice Punch|p1a: Landorus\n|-supereffective|p1a: Landorus\n|-damage|p1a: Landorus|0 fnt\n|faint|p1a: Landorus\n|\n|upkeep\n|\n|t:|1700497903\n|switch|p1a: Heatran|Heatran, M|100\/100\n|turn|22\n|\n|t:|1700497908\n|switch|p2a: Houndoom|Houndoom, M|100\/100\n|move|p1a: Heatran|Toxic|p2a: Houndoom\n|-status|p2a: Houndoom|tox\n|\n|-damage|p2a: Houndoom|94\/100 tox|[from] psn\n|upkeep\n|turn|23\n|\n|t:|1700497918\n|move|p2a: Houndoom|Nasty Plot|p2a: Houndoom\n|-boost|p2a: Houndoom|spa|2\n|move|p1a: Heatran|Earth Power|p2a: Houndoom\n|-supereffective|p2a: Houndoom\n|-damage|p2a: Houndoom|21\/100 tox\n|\n|-damage|p2a: Houndoom|8\/100 tox|[from] psn\n|upkeep\n|turn|24\n|\n|t:|1700497927\n|move|p2a: Houndoom|Dark Pulse|p1a: Heatran\n|-damage|p1a: Heatran|50\/100\n|move|p1a: Heatran|Earth Power|p2a: Houndoom\n|-supereffective|p2a: Houndoom\n|-damage|p2a: Houndoom|0 fnt\n|faint|p2a: Houndoom\n|\n|-heal|p1a: Heatran|56\/100|[from] item: Leftovers\n|upkeep\n|\n|t:|1700497935\n|switch|p2a: Electivire|Electivire, M, shiny|100\/100\n|-item|p2a: Electivire|Air Balloon\n|turn|25\n|\n|t:|1700497941\n|move|p2a: Electivire|Earthquake|p1a: Heatran\n|-supereffective|p1a: Heatran\n|-damage|p1a: Heatran|0 fnt\n|faint|p1a: Heatran\n|\n|upkeep\n|\n|t:|1700497944\n|switch|p1a: Ogerpon|Ogerpon-Wellspring, F|100\/100\n|turn|26\n|\n|t:|1700497953\n|move|p1a: Ogerpon|Horn Leech|p2a: Electivire\n|-damage|p2a: Electivire|23\/100\n|-enditem|p2a: Electivire|Air Balloon\n|move|p2a: Electivire|Thunder Punch|p1a: Ogerpon\n|-damage|p1a: Ogerpon|48\/100\n|-status|p1a: Ogerpon|par\n|\n|upkeep\n|turn|27\n|\n|t:|1700497961\n|move|p2a: Electivire|Thunder Punch|p1a: Ogerpon\n|-damage|p1a: Ogerpon|0 fnt\n|faint|p1a: Ogerpon\n|\n|win|runeatest\n|raw|socoolsoda's rating: 1206 &rarr; <strong>1174<\/strong><br \/>(-32 for losing)\n|raw|runeatest's rating: 1107 &rarr; <strong>1139<\/strong><br \/>(+32 for winning)\n|l|\u2606socoolsoda\n","uploadtime":1700497970,"views":1,"p1id":"socoolsoda","p2id":"runeatest","formatid":"gen9nationaldex","rating":1139,"private":0,"password":""}