{"id":"gen9nationaldex-1993208023","p1":"MFLong","p2":"yuiiopii1010","format":"[Gen 9] National Dex","log":"|j|\u2606MFLong\n|j|\u2606yuiiopii1010\n|t:|1700278186\n|gametype|singles\n|player|p1|MFLong|nate|\n|player|p2|yuiiopii1010|red|\n|teamsize|p1|3\n|teamsize|p2|3\n|gen|9\n|tier|[Gen 9] National Dex\n|rule|HP Percentage Mod: HP is shown in percentages\n|rule|Endless Battle Clause: Forcing endless battles is banned\n|rule|OHKO Clause: OHKO moves are banned\n|rule|Evasion Clause: Evasion abilities, items, and moves are banned\n|rule|Evasion Abilities Clause: Evasion abilities are banned\n|rule|Evasion Items Clause: Evasion items are banned\n|rule|Evasion Moves Clause: Evasion moves are banned\n|rule|Species Clause: Limit one of each Pok\u00e9mon\n|rule|Sleep Clause Mod: Limit one foe put to sleep\n|clearpoke\n|poke|p1|Morelull, L5, F|\n|poke|p1|Phantump, L5, M|\n|poke|p1|Lileep, L5, M|\n|poke|p2|Fuecoco, L5, F|\n|poke|p2|Grookey, L5, M|\n|poke|p2|Scorbunny, L5, F|\n|teampreview\n|\n|t:|1700278199\n|start\n|switch|p1a: Lileep|Lileep, L5, M|100\/100\n|switch|p2a: Scorbunny|Scorbunny, L5, F|100\/100\n|turn|1\n|\n|t:|1700278210\n|move|p2a: Scorbunny|Tackle|p1a: Lileep\n|-start|p2a: Scorbunny|typechange|Normal|[from] ability: Libero\n|-resisted|p1a: Lileep\n|-damage|p1a: Lileep|92\/100\n|move|p1a: Lileep|Bind|p2a: Scorbunny\n|-damage|p2a: Scorbunny|91\/100\n|-activate|p2a: Scorbunny|move: Bind|[of] p1a: Lileep\n|\n|-damage|p2a: Scorbunny|81\/100|[from] move: Bind|[partiallytrapped]\n|upkeep\n|turn|2\n|\n|t:|1700278213\n|move|p2a: Scorbunny|Tackle|p1a: Lileep\n|-resisted|p1a: Lileep\n|-damage|p1a: Lileep|83\/100\n|move|p1a: Lileep|Acid|p2a: Scorbunny\n|-damage|p2a: Scorbunny|62\/100\n|-unboost|p2a: Scorbunny|spd|1\n|\n|-damage|p2a: Scorbunny|53\/100|[from] move: Bind|[partiallytrapped]\n|upkeep\n|turn|3\n|\n|t:|1700278221\n|move|p2a: Scorbunny|Growl|p1a: Lileep\n|-unboost|p1a: Lileep|atk|1\n|move|p1a: Lileep|Acid|p2a: Scorbunny\n|-damage|p2a: Scorbunny|20\/100\n|-unboost|p2a: Scorbunny|spd|1\n|\n|-damage|p2a: Scorbunny|10\/100|[from] move: Bind|[partiallytrapped]\n|upkeep\n|turn|4\n|\n|t:|1700278231\n|move|p2a: Scorbunny|Growl|p1a: Lileep\n|-unboost|p1a: Lileep|atk|1\n|move|p1a: Lileep|Acid|p2a: Scorbunny\n|-damage|p2a: Scorbunny|0 fnt\n|faint|p2a: Scorbunny\n|\n|upkeep\n|\n|t:|1700278233\n|switch|p2a: Fuecoco|Fuecoco, L5, F|100\/100\n|turn|5\n|\n|t:|1700278246\n|move|p2a: Fuecoco|Ember|p1a: Lileep\n|-damage|p1a: Lileep|66\/100\n|move|p1a: Lileep|Bind|p2a: Fuecoco\n|-damage|p2a: Fuecoco|87\/100\n|-activate|p2a: Fuecoco|move: Bind|[of] p1a: Lileep\n|\n|-damage|p2a: Fuecoco|79\/100|[from] move: Bind|[partiallytrapped]\n|upkeep\n|turn|6\n|\n|t:|1700278251\n|move|p2a: Fuecoco|Ember|p1a: Lileep\n|-damage|p1a: Lileep|40\/100\n|move|p1a: Lileep|Acid|p2a: Fuecoco\n|-damage|p2a: Fuecoco|61\/100\n|\n|-damage|p2a: Fuecoco|53\/100|[from] move: Bind|[partiallytrapped]\n|upkeep\n|turn|7\n|\n|t:|1700278254\n|move|p2a: Fuecoco|Ember|p1a: Lileep\n|-damage|p1a: Lileep|22\/100\n|-status|p1a: Lileep|brn\n|move|p1a: Lileep|Acid|p2a: Fuecoco\n|-damage|p2a: Fuecoco|35\/100\n|\n|-damage|p1a: Lileep|18\/100 brn|[from] brn\n|-damage|p2a: Fuecoco|27\/100|[from] move: Bind|[partiallytrapped]\n|upkeep\n|turn|8\n|\n|t:|1700278257\n|move|p2a: Fuecoco|Ember|p1a: Lileep\n|-damage|p1a: Lileep|0 fnt\n|faint|p1a: Lileep\n|\n|-end|p2a: Fuecoco|Bind|[partiallytrapped]|[silent]\n|upkeep\n|\n|t:|1700278267\n|switch|p1a: Morelull|Morelull, L5, F|100\/100\n|turn|9\n|\n|t:|1700278270\n|move|p2a: Fuecoco|Ember|p1a: Morelull\n|-supereffective|p1a: Morelull\n|-damage|p1a: Morelull|40\/100\n|move|p1a: Morelull|Confuse Ray|p2a: Fuecoco\n|-start|p2a: Fuecoco|confusion\n|\n|upkeep\n|turn|10\n|\n|t:|1700278273\n|-activate|p2a: Fuecoco|confusion\n|move|p2a: Fuecoco|Ember|p1a: Morelull\n|-supereffective|p1a: Morelull\n|-damage|p1a: Morelull|0 fnt\n|faint|p1a: Morelull\n|\n|upkeep\n|\n|t:|1700278276\n|switch|p1a: Phantump|Phantump, L5, M|100\/100\n|turn|11\n|\n|t:|1700278278\n|move|p1a: Phantump|Astonish|p2a: Fuecoco\n|-damage|p2a: Fuecoco|9\/100\n|cant|p2a: Fuecoco|flinch\n|\n|upkeep\n|turn|12\n|\n|t:|1700278282\n|move|p1a: Phantump|Astonish|p2a: Fuecoco\n|-damage|p2a: Fuecoco|0 fnt\n|faint|p2a: Fuecoco\n|\n|upkeep\n|\n|t:|1700278284\n|switch|p2a: Grookey|Grookey, L5, M|100\/100\n|-fieldstart|move: Grassy Terrain|[from] ability: Grassy Surge|[of] p2a: Grookey\n|turn|13\n|\n|t:|1700278288\n|move|p2a: Grookey|Scratch|p1a: Phantump\n|-immune|p1a: Phantump\n|move|p1a: Phantump|Astonish|p2a: Grookey\n|-damage|p2a: Grookey|81\/100\n|\n|-heal|p2a: Grookey|86\/100|[from] Grassy Terrain\n|upkeep\n|turn|14\n|\n|t:|1700278290\n|move|p2a: Grookey|Scratch|p1a: Phantump\n|-immune|p1a: Phantump\n|move|p1a: Phantump|Astonish|p2a: Grookey\n|-damage|p2a: Grookey|58\/100\n|\n|-heal|p2a: Grookey|62\/100|[from] Grassy Terrain\n|upkeep\n|turn|15\n|\n|t:|1700278293\n|move|p2a: Grookey|Scratch|p1a: Phantump\n|-immune|p1a: Phantump\n|move|p1a: Phantump|Astonish|p2a: Grookey\n|-damage|p2a: Grookey|43\/100\n|\n|-heal|p2a: Grookey|48\/100|[from] Grassy Terrain\n|upkeep\n|turn|16\n|\n|t:|1700278295\n|move|p2a: Grookey|Scratch|p1a: Phantump\n|-immune|p1a: Phantump\n|move|p1a: Phantump|Astonish|p2a: Grookey\n|-damage|p2a: Grookey|29\/100\n|\n|-heal|p2a: Grookey|34\/100|[from] Grassy Terrain\n|upkeep\n|turn|17\n|\n|t:|1700278296\n|move|p2a: Grookey|Scratch|p1a: Phantump\n|-immune|p1a: Phantump\n|move|p1a: Phantump|Astonish|p2a: Grookey\n|-damage|p2a: Grookey|15\/100\n|\n|-heal|p2a: Grookey|20\/100|[from] Grassy Terrain\n|-fieldend|move: Grassy Terrain\n|upkeep\n|turn|18\n|\n|t:|1700278299\n|move|p2a: Grookey|Scratch|p1a: Phantump\n|-immune|p1a: Phantump\n|move|p1a: Phantump|Astonish|p2a: Grookey\n|-damage|p2a: Grookey|0 fnt\n|faint|p2a: Grookey\n|\n|win|MFLong\n","uploadtime":1700278310,"views":12,"p1id":"mflong","p2id":"yuiiopii1010","formatid":"gen9nationaldex","rating":0,"private":0,"password":""}