{"id":"gen9nationaldex-1998274462","p1":"lolowtf09","p2":"Martu2863","format":"[Gen 9] National Dex","log":"|html|<div class=\"broadcast-blue\"><strong>[Gen 9] National Dex is currently suspecting Sneasler! For information on how to participate check out the <a href=\"https:\/\/www.smogon.com\/forums\/threads\/sv-national-dex-suspect-8-just-dance.3731534\/\">suspect thread<\/a>.<\/strong><\/div>\n|j|\u2606lolowtf09\n|j|\u2606Martu2863\n|t:|1700923282\n|gametype|singles\n|player|p1|lolowtf09|roark|\n|player|p2|Martu2863|cynthia-gen4|\n|teamsize|p1|6\n|teamsize|p2|6\n|gen|9\n|tier|[Gen 9] National Dex\n|rule|HP Percentage Mod: HP is shown in percentages\n|rule|Endless Battle Clause: Forcing endless battles is banned\n|rule|OHKO Clause: OHKO moves are banned\n|rule|Evasion Clause: Evasion abilities, items, and moves are banned\n|rule|Evasion Abilities Clause: Evasion abilities are banned\n|rule|Evasion Items Clause: Evasion items are banned\n|rule|Evasion Moves Clause: Evasion moves are banned\n|rule|Species Clause: Limit one of each Pok\u00e9mon\n|rule|Sleep Clause Mod: Limit one foe put to sleep\n|clearpoke\n|poke|p1|Tyranitar, F|\n|poke|p1|Aerodactyl, M|\n|poke|p1|Stakataka|\n|poke|p1|Ogerpon-Cornerstone, F|\n|poke|p1|Nihilego|\n|poke|p1|Dracozolt|\n|poke|p2|Krookodile, F|\n|poke|p2|Moltres|\n|poke|p2|Tapu Fini|\n|poke|p2|Rillaboom, M|\n|poke|p2|Kartana|\n|poke|p2|Manectric, F|\n|teampreview\n|c|\u2606Martu2863|Suerte\n|j| Sai4rr\n|c|\u2606lolowtf09|necesitare\n|\n|t:|1700923316\n|start\n|switch|p1a: Multi concha|Stakataka|100\/100\n|switch|p2a: Zen|Manectric, F|100\/100\n|turn|1\n|\n|t:|1700923324\n|detailschange|p2a: Zen|Manectric-Mega, F\n|-mega|p2a: Zen|Manectric|Manectite\n|-ability|p2a: Zen|Intimidate|boost\n|-unboost|p1a: Multi concha|atk|1\n|move|p2a: Zen|Flamethrower|p1a: Multi concha\n|-crit|p1a: Multi concha\n|-damage|p1a: Multi concha|54\/100\n|move|p1a: Multi concha|Stealth Rock|p2a: Zen\n|-sidestart|p2: Martu2863|move: Stealth Rock\n|\n|-heal|p1a: Multi concha|60\/100|[from] item: Leftovers\n|upkeep\n|turn|2\n|j| WSoldat\n|j| Void280\n|\n|t:|1700923334\n|move|p2a: Zen|Volt Switch|p1a: Multi concha\n|-damage|p1a: Multi concha|17\/100\n|\n|t:|1700923343\n|switch|p2a: Fenix|Moltres|100\/100|[from] Volt Switch\n|move|p1a: Multi concha|Earthquake|p2a: Fenix\n|-immune|p2a: Fenix\n|\n|-heal|p1a: Multi concha|24\/100|[from] item: Leftovers\n|upkeep\n|turn|3\n|\n|t:|1700923351\n|move|p2a: Fenix|Flamethrower|p1a: Multi concha\n|-crit|p1a: Multi concha\n|-damage|p1a: Multi concha|0 fnt\n|faint|p1a: Multi concha\n|\n|upkeep\n|c| WSoldat|Stakataka besto Ulya ente\n|\n|t:|1700923359\n|switch|p1a: Concha arenosa|Tyranitar, F|100\/100\n|-weather|Sandstorm|[from] ability: Sand Stream|[of] p1a: Concha arenosa\n|turn|4\n|\n|t:|1700923370\n|-terastallize|p2a: Fenix|Water\n|move|p2a: Fenix|Will-O-Wisp|p1a: Concha arenosa|[miss]\n|-miss|p2a: Fenix|p1a: Concha arenosa\n|move|p1a: Concha arenosa|Power-Up Punch|p2a: Fenix\n|-damage|p2a: Fenix|89\/100\n|-boost|p1a: Concha arenosa|atk|1\n|-status|p1a: Concha arenosa|brn|[from] ability: Flame Body|[of] p2a: Fenix\n|\n|-weather|Sandstorm|[upkeep]\n|-damage|p2a: Fenix|83\/100|[from] Sandstorm\n|-damage|p1a: Concha arenosa|94\/100 brn|[from] brn\n|upkeep\n|turn|5\n|\n|t:|1700923385\n|switch|p2a: Zen|Manectric-Mega, F|100\/100\n|-damage|p2a: Zen|88\/100|[from] Stealth Rock\n|-ability|p2a: Zen|Intimidate|boost\n|-unboost|p1a: Concha arenosa|atk|1\n|switch|p1a: Concha humeda|Nihilego|100\/100\n|\n|-weather|Sandstorm|[upkeep]\n|-damage|p2a: Zen|82\/100|[from] Sandstorm\n|upkeep\n|turn|6\n|c| WSoldat|XDDD\n|c| Sai4rr|Y se quema\n|\n|t:|1700923395\n|move|p1a: Concha humeda|Sludge Wave|p2a: Zen\n|-damage|p2a: Zen|7\/100\n|move|p2a: Zen|Volt Switch|p1a: Concha humeda\n|-damage|p1a: Concha humeda|81\/100\n|\n|t:|1700923405\n|switch|p2a: Gavial|Krookodile, F|100\/100|[from] Volt Switch\n|-damage|p2a: Gavial|94\/100|[from] Stealth Rock\n|-ability|p2a: Gavial|Intimidate|boost\n|-unboost|p1a: Concha humeda|atk|1\n|\n|-weather|Sandstorm|[upkeep]\n|upkeep\n|turn|7\n|\n|t:|1700923414\n|switch|p1a: Mega concha|Aerodactyl, M|100\/100\n|-ability|p1a: Mega concha|Unnerve\n|move|p2a: Gavial|Crunch|p1a: Mega concha\n|-damage|p1a: Mega concha|40\/100\n|\n|-weather|Sandstorm|[upkeep]\n|upkeep\n|turn|8\n|\n|t:|1700923425\n|detailschange|p1a: Mega concha|Aerodactyl-Mega, M\n|-mega|p1a: Mega concha|Aerodactyl|Aerodactylite\n|move|p2a: Gavial|Crunch|p1a: Mega concha\n|-damage|p1a: Mega concha|0 fnt\n|faint|p1a: Mega concha\n|\n|-weather|none\n|upkeep\n|\n|t:|1700923436\n|switch|p1a: Concha arenosa|Tyranitar, F|94\/100 brn\n|-weather|Sandstorm|[from] ability: Sand Stream|[of] p1a: Concha arenosa\n|turn|9\n|c| Sai4rr|Pendejo no usa a mega Diancie\n|\n|t:|1700923445\n|switch|p2a: Tarzan|Rillaboom, M|100\/100\n|-damage|p2a: Tarzan|88\/100|[from] Stealth Rock\n|-fieldstart|move: Grassy Terrain|[from] ability: Grassy Surge|[of] p2a: Tarzan\n|-terastallize|p1a: Concha arenosa|Fighting\n|move|p1a: Concha arenosa|Power-Up Punch|p2a: Tarzan\n|-damage|p2a: Tarzan|68\/100\n|-boost|p1a: Concha arenosa|atk|1\n|\n|-weather|Sandstorm|[upkeep]\n|-damage|p2a: Tarzan|62\/100|[from] Sandstorm\n|-damage|p1a: Concha arenosa|88\/100 brn|[from] Sandstorm\n|-heal|p2a: Tarzan|68\/100|[from] Grassy Terrain\n|-heal|p1a: Concha arenosa|94\/100 brn|[from] Grassy Terrain\n|-damage|p1a: Concha arenosa|88\/100 brn|[from] brn\n|upkeep\n|turn|10\n|c| Void280|Callate Sai\n|\n|t:|1700923455\n|move|p2a: Tarzan|U-turn|p1a: Concha arenosa\n|-resisted|p1a: Concha arenosa\n|-damage|p1a: Concha arenosa|75\/100 brn\n|\n|t:|1700923460\n|switch|p2a: Zen|Manectric-Mega, F|7\/100|[from] U-turn\n|-damage|p2a: Zen|0 fnt|[from] Stealth Rock\n|faint|p2a: Zen\n|move|p1a: Concha arenosa|Crunch|p2: Zen|[notarget]\n|-fail|p1a: Concha arenosa\n|\n|-weather|Sandstorm|[upkeep]\n|-damage|p1a: Concha arenosa|68\/100 brn|[from] Sandstorm\n|-heal|p1a: Concha arenosa|75\/100 brn|[from] Grassy Terrain\n|-damage|p1a: Concha arenosa|68\/100 brn|[from] brn\n|upkeep\n|\n|t:|1700923482\n|switch|p2a: Fenix|Moltres, tera:Water|83\/100\n|turn|11\n|\n|t:|1700923488\n|move|p2a: Fenix|Flamethrower|p1a: Concha arenosa\n|-damage|p1a: Concha arenosa|48\/100 brn\n|move|p1a: Concha arenosa|Crunch|p2a: Fenix\n|-crit|p2a: Fenix\n|-damage|p2a: Fenix|47\/100\n|\n|-weather|Sandstorm|[upkeep]\n|-damage|p2a: Fenix|41\/100|[from] Sandstorm\n|-damage|p1a: Concha arenosa|42\/100 brn|[from] Sandstorm\n|-heal|p2a: Fenix|47\/100|[from] Grassy Terrain\n|-heal|p1a: Concha arenosa|48\/100 brn|[from] Grassy Terrain\n|-damage|p1a: Concha arenosa|42\/100 brn|[from] brn\n|upkeep\n|turn|12\n|\n|t:|1700923496\n|move|p2a: Fenix|Roost|p2a: Fenix\n|-heal|p2a: Fenix|97\/100\n|move|p1a: Concha arenosa|Crunch|p2a: Fenix\n|-damage|p2a: Fenix|73\/100\n|-unboost|p2a: Fenix|def|1\n|\n|-weather|Sandstorm|[upkeep]\n|-damage|p2a: Fenix|67\/100|[from] Sandstorm\n|-damage|p1a: Concha arenosa|36\/100 brn|[from] Sandstorm\n|-heal|p2a: Fenix|73\/100|[from] Grassy Terrain\n|-heal|p1a: Concha arenosa|42\/100 brn|[from] Grassy Terrain\n|-damage|p1a: Concha arenosa|36\/100 brn|[from] brn\n|upkeep\n|turn|13\n|\n|t:|1700923505\n|switch|p2a: Gavial|Krookodile, F|94\/100\n|-damage|p2a: Gavial|88\/100|[from] Stealth Rock\n|-ability|p2a: Gavial|Intimidate|boost\n|-unboost|p1a: Concha arenosa|atk|1\n|move|p1a: Concha arenosa|Crunch|p2a: Gavial\n|-resisted|p2a: Gavial\n|-damage|p2a: Gavial|75\/100\n|-unboost|p2a: Gavial|def|1\n|\n|-weather|none\n|-heal|p2a: Gavial|81\/100|[from] Grassy Terrain\n|-heal|p1a: Concha arenosa|42\/100 brn|[from] Grassy Terrain\n|-damage|p1a: Concha arenosa|36\/100 brn|[from] brn\n|-fieldend|move: Grassy Terrain\n|upkeep\n|turn|14\n|\n|t:|1700923516\n|switch|p1a: Concha negra|Ogerpon-Cornerstone, F|100\/100\n|move|p2a: Gavial|Earthquake|p1a: Concha negra\n|-damage|p1a: Concha negra|36\/100\n|\n|upkeep\n|turn|15\n|c|\u2606lolowtf09|al menos no sera un 6-0\n|\n|t:|1700923526\n|move|p2a: Gavial|Earthquake|p1a: Concha negra\n|-damage|p1a: Concha negra|0 fnt\n|faint|p1a: Concha negra\n|\n|upkeep\n|\n|t:|1700923534\n|switch|p1a: Concha humeda|Nihilego|81\/100\n|turn|16\n|\n|t:|1700923537\n|switch|p2a: Kanaloa|Tapu Fini|100\/100\n|-damage|p2a: Kanaloa|88\/100|[from] Stealth Rock\n|-fieldstart|move: Misty Terrain|[from] ability: Misty Surge|[of] p2a: Kanaloa\n|move|p1a: Concha humeda|Dazzling Gleam|p2a: Kanaloa\n|-damage|p2a: Kanaloa|73\/100\n|\n|-heal|p2a: Kanaloa|79\/100|[from] item: Leftovers\n|upkeep\n|turn|17\n|\n|t:|1700923547\n|switch|p1a: Concha arenosa|Tyranitar, F, tera:Fighting|36\/100 brn\n|-weather|Sandstorm|[from] ability: Sand Stream|[of] p1a: Concha arenosa\n|move|p2a: Kanaloa|Calm Mind|p2a: Kanaloa\n|-boost|p2a: Kanaloa|spa|1\n|-boost|p2a: Kanaloa|spd|1\n|\n|-weather|Sandstorm|[upkeep]\n|-damage|p2a: Kanaloa|73\/100|[from] Sandstorm\n|-damage|p1a: Concha arenosa|29\/100 brn|[from] Sandstorm\n|-heal|p2a: Kanaloa|79\/100|[from] item: Leftovers\n|-damage|p1a: Concha arenosa|23\/100 brn|[from] brn\n|upkeep\n|turn|18\n|\n|t:|1700923554\n|move|p2a: Kanaloa|Draining Kiss|p1a: Concha arenosa\n|-supereffective|p1a: Concha arenosa\n|-damage|p1a: Concha arenosa|0 fnt\n|-heal|p2a: Kanaloa|99\/100|[from] drain|[of] p1a: Concha arenosa\n|faint|p1a: Concha arenosa\n|\n|-weather|Sandstorm|[upkeep]\n|-damage|p2a: Kanaloa|93\/100|[from] Sandstorm\n|-heal|p2a: Kanaloa|99\/100|[from] item: Leftovers\n|upkeep\n|\n|t:|1700923557\n|switch|p1a: YoNoTengoConcha|Dracozolt|100\/100\n|turn|19\n|\n|t:|1700923571\n|move|p1a: YoNoTengoConcha|Fire Fang|p2a: Kanaloa\n|-resisted|p2a: Kanaloa\n|-crit|p2a: Kanaloa\n|-damage|p2a: Kanaloa|80\/100\n|-damage|p1a: YoNoTengoConcha|91\/100|[from] item: Life Orb\n|move|p2a: Kanaloa|Draining Kiss|p1a: YoNoTengoConcha\n|-supereffective|p1a: YoNoTengoConcha\n|-damage|p1a: YoNoTengoConcha|23\/100\n|-heal|p2a: Kanaloa|100\/100|[from] drain|[of] p1a: YoNoTengoConcha\n|\n|-weather|Sandstorm|[upkeep]\n|-damage|p2a: Kanaloa|94\/100|[from] Sandstorm\n|-heal|p2a: Kanaloa|100\/100|[from] item: Leftovers\n|upkeep\n|turn|20\n|\n|t:|1700923579\n|switch|p2a: Gavial|Krookodile, F|81\/100\n|-damage|p2a: Gavial|75\/100|[from] Stealth Rock\n|-ability|p2a: Gavial|Intimidate|boost\n|-unboost|p1a: YoNoTengoConcha|atk|1\n|move|p1a: YoNoTengoConcha|Bolt Beak|p2a: Gavial\n|-immune|p2a: Gavial\n|\n|-weather|Sandstorm|[upkeep]\n|-fieldend|Misty Terrain\n|upkeep\n|turn|21\n|\n|t:|1700923592\n|switch|p2a: Fenix|Moltres, tera:Water|73\/100\n|move|p1a: YoNoTengoConcha|Dragon Claw|p2a: Fenix\n|-damage|p2a: Fenix|48\/100\n|-damage|p1a: YoNoTengoConcha|13\/100|[from] item: Life Orb\n|\n|-weather|none\n|upkeep\n|turn|22\n|\n|t:|1700923599\n|switch|p2a: Gavial|Krookodile, F|75\/100\n|-damage|p2a: Gavial|68\/100|[from] Stealth Rock\n|-ability|p2a: Gavial|Intimidate|boost\n|-unboost|p1a: YoNoTengoConcha|atk|1\n|move|p1a: YoNoTengoConcha|Bolt Beak|p2a: Gavial\n|-immune|p2a: Gavial\n|\n|upkeep\n|turn|23\n|\n|t:|1700923608\n|move|p2a: Gavial|Earthquake|p1a: YoNoTengoConcha\n|-supereffective|p1a: YoNoTengoConcha\n|-damage|p1a: YoNoTengoConcha|0 fnt\n|faint|p1a: YoNoTengoConcha\n|\n|upkeep\n|\n|t:|1700923610\n|switch|p1a: Concha humeda|Nihilego|81\/100\n|turn|24\n|\n|t:|1700923620\n|switch|p2a: Kanaloa|Tapu Fini|100\/100\n|-damage|p2a: Kanaloa|88\/100|[from] Stealth Rock\n|-fieldstart|move: Misty Terrain|[from] ability: Misty Surge|[of] p2a: Kanaloa\n|move|p1a: Concha humeda|Charge Beam|p2a: Kanaloa\n|-supereffective|p2a: Kanaloa\n|-damage|p2a: Kanaloa|68\/100\n|\n|-heal|p2a: Kanaloa|74\/100|[from] item: Leftovers\n|upkeep\n|turn|25\n|c|\u2606lolowtf09|gg\n|\n|t:|1700923629\n|move|p1a: Concha humeda|Charge Beam|p2a: Kanaloa\n|-supereffective|p2a: Kanaloa\n|-damage|p2a: Kanaloa|55\/100\n|move|p2a: Kanaloa|Calm Mind|p2a: Kanaloa\n|-boost|p2a: Kanaloa|spa|1\n|-boost|p2a: Kanaloa|spd|1\n|\n|-heal|p2a: Kanaloa|61\/100|[from] item: Leftovers\n|upkeep\n|turn|26\n|c|\u2606Martu2863|Gg\n|\n|t:|1700923640\n|move|p1a: Concha humeda|Charge Beam|p2a: Kanaloa\n|-supereffective|p2a: Kanaloa\n|-damage|p2a: Kanaloa|47\/100\n|-boost|p1a: Concha humeda|spa|1\n|move|p2a: Kanaloa|Surf|p1a: Concha humeda\n|-supereffective|p1a: Concha humeda\n|-damage|p1a: Concha humeda|14\/100\n|\n|-heal|p2a: Kanaloa|53\/100|[from] item: Leftovers\n|upkeep\n|turn|27\n|c|\u2606lolowtf09|al menos mata a a fini\n|\n|t:|1700923654\n|move|p1a: Concha humeda|Charge Beam|p2a: Kanaloa\n|-supereffective|p2a: Kanaloa\n|-damage|p2a: Kanaloa|31\/100\n|move|p2a: Kanaloa|Surf|p1a: Concha humeda\n|-supereffective|p1a: Concha humeda\n|-damage|p1a: Concha humeda|0 fnt\n|faint|p1a: Concha humeda\n|\n|win|Martu2863\n|c|\u2606lolowtf09|nop\n|c| Sai4rr|Gg\n|c| WSoldat|Xd\n|l| Void280\n","uploadtime":1700923662,"views":2,"p1id":"lolowtf09","p2id":"martu2863","formatid":"gen9nationaldex","rating":0,"private":0,"password":""}