{"id":"gen9nationaldex-1991168027","p1":"JL_recruta","p2":"K. Repola","format":"[Gen 9] National Dex","log":"|j|\u2606JL_recruta\n|j|\u2606K. Repola\n|t:|1700052773\n|gametype|singles\n|player|p1|JL_recruta|nate|1356\n|player|p2|K. Repola|gentleman|1449\n|teamsize|p1|6\n|teamsize|p2|6\n|gen|9\n|tier|[Gen 9] National Dex\n|rated|\n|rule|HP Percentage Mod: HP is shown in percentages\n|rule|Endless Battle Clause: Forcing endless battles is banned\n|rule|OHKO Clause: OHKO moves are banned\n|rule|Evasion Clause: Evasion abilities, items, and moves are banned\n|rule|Evasion Abilities Clause: Evasion abilities are banned\n|rule|Evasion Items Clause: Evasion items are banned\n|rule|Evasion Moves Clause: Evasion moves are banned\n|rule|Species Clause: Limit one of each Pok\u00e9mon\n|rule|Sleep Clause Mod: Limit one foe put to sleep\n|clearpoke\n|poke|p1|Incineroar, M|\n|poke|p1|Noivern, M|\n|poke|p1|Dondozo, M|\n|poke|p1|Clodsire, F|\n|poke|p1|Scizor, F|\n|poke|p1|Thundurus-Therian, M|\n|poke|p2|Koffing, F|\n|poke|p2|Corsola-Galar, M|\n|poke|p2|Glimmora, F|\n|poke|p2|Whimsicott, M|\n|poke|p2|Corviknight, M|\n|poke|p2|Blissey, F|\n|teampreview\n|c|\u2606K. Repola|greetings\n|\n|t:|1700052802\n|start\n|switch|p1a: Incineroar|Incineroar, M|100\/100\n|switch|p2a: Kimalle|Glimmora, F|100\/100\n|-ability|p1a: Incineroar|Intimidate|boost\n|-unboost|p2a: Kimalle|atk|1\n|turn|1\n|\n|t:|1700052823\n|move|p1a: Incineroar|Fake Out|p2a: Kimalle\n|-resisted|p2a: Kimalle\n|-damage|p2a: Kimalle|94\/100\n|cant|p2a: Kimalle|flinch\n|\n|upkeep\n|turn|2\n|c|\u2606JL_recruta|corrosion?\n|c|\u2606K. Repola|Guess so\n|\n|t:|1700052850\n|move|p2a: Kimalle|Power Gem|p1a: Incineroar\n|-supereffective|p1a: Incineroar\n|-damage|p1a: Incineroar|60\/100\n|move|p1a: Incineroar|Knock Off|p2a: Kimalle\n|-damage|p2a: Kimalle|48\/100\n|-enditem|p2a: Kimalle|Choice Scarf|[from] move: Knock Off|[of] p1a: Incineroar\n|\n|upkeep\n|turn|3\n|\n|t:|1700052872\n|move|p2a: Kimalle|Toxic|p1a: Incineroar\n|-status|p1a: Incineroar|tox\n|move|p1a: Incineroar|U-turn|p2a: Kimalle\n|-resisted|p2a: Kimalle\n|-damage|p2a: Kimalle|38\/100\n|\n|t:|1700052875\n|switch|p1a: Noivern|Noivern, M|100\/100|[from] U-turn\n|\n|upkeep\n|turn|4\n|\n|t:|1700052887\n|switch|p2a: Emmi|Blissey, F|100\/100\n|move|p1a: Noivern|Dark Pulse|p2a: Emmi\n|-damage|p2a: Emmi|89\/100\n|\n|-heal|p2a: Emmi|95\/100|[from] item: Leftovers\n|upkeep\n|turn|5\n|\n|t:|1700052898\n|switch|p1a: Scizor|Scizor, F|100\/100\n|move|p2a: Emmi|Teleport|p2a: Emmi\n|\n|t:|1700052902\n|switch|p2a: \u0160\u00f6k\u00f6|Koffing, F, shiny|100\/100|[from] Teleport\n|-ability|p2a: \u0160\u00f6k\u00f6|Neutralizing Gas\n|\n|upkeep\n|turn|6\n|\n|t:|1700052907\n|detailschange|p1a: Scizor|Scizor-Mega, F\n|-mega|p1a: Scizor|Scizor|Scizorite\n|move|p1a: Scizor|Swords Dance|p1a: Scizor\n|-boost|p1a: Scizor|atk|2\n|move|p2a: \u0160\u00f6k\u00f6|Flamethrower|p1a: Scizor\n|-supereffective|p1a: Scizor\n|-damage|p1a: Scizor|38\/100\n|\n|upkeep\n|turn|7\n|\n|t:|1700052914\n|move|p1a: Scizor|Dual Wingbeat|p2a: \u0160\u00f6k\u00f6\n|-damage|p2a: \u0160\u00f6k\u00f6|73\/100\n|-damage|p2a: \u0160\u00f6k\u00f6|46\/100\n|-hitcount|p2a: \u0160\u00f6k\u00f6|2\n|move|p2a: \u0160\u00f6k\u00f6|Flamethrower|p1a: Scizor\n|-supereffective|p1a: Scizor\n|-damage|p1a: Scizor|0 fnt\n|faint|p1a: Scizor\n|\n|upkeep\n|\n|t:|1700052920\n|switch|p1a: Noivern|Noivern, M|100\/100\n|turn|8\n|\n|t:|1700052925\n|-end|p2a: \u0160\u00f6k\u00f6|ability: Neutralizing Gas\n|switch|p2a: Emmi|Blissey, F|95\/100\n|move|p1a: Noivern|U-turn|p2a: Emmi\n|-damage|p2a: Emmi|86\/100\n|\n|t:|1700052932\n|switch|p1a: Incineroar|Incineroar, M|60\/100 tox|[from] U-turn\n|-ability|p1a: Incineroar|Intimidate|boost\n|-unboost|p2a: Emmi|atk|1\n|\n|-heal|p2a: Emmi|92\/100|[from] item: Leftovers\n|-damage|p1a: Incineroar|54\/100 tox|[from] psn\n|upkeep\n|turn|9\n|\n|t:|1700052944\n|switch|p2a: Ritari Peloton|Corviknight, M|100\/100\n|move|p1a: Incineroar|Knock Off|p2a: Ritari Peloton\n|-damage|p2a: Ritari Peloton|71\/100\n|-damage|p1a: Incineroar|38\/100 tox|[from] item: Rocky Helmet|[of] p2a: Ritari Peloton\n|-enditem|p2a: Ritari Peloton|Rocky Helmet|[from] move: Knock Off|[of] p1a: Incineroar\n|\n|-damage|p1a: Incineroar|26\/100 tox|[from] psn\n|upkeep\n|turn|10\n|\n|t:|1700052952\n|move|p2a: Ritari Peloton|Roost|p2a: Ritari Peloton\n|-heal|p2a: Ritari Peloton|100\/100\n|-singleturn|p2a: Ritari Peloton|move: Roost\n|move|p1a: Incineroar|Overheat|p2a: Ritari Peloton|[miss]\n|-miss|p1a: Incineroar|p2a: Ritari Peloton\n|\n|-damage|p1a: Incineroar|7\/100 tox|[from] psn\n|upkeep\n|turn|11\n|c|\u2606K. Repola|wow\n|\n|t:|1700052964\n|move|p2a: Ritari Peloton|U-turn|p1a: Incineroar\n|-damage|p1a: Incineroar|0 fnt\n|faint|p1a: Incineroar\n|c|\u2606JL_recruta|XD\n|\n|t:|1700052971\n|switch|p2a: Lumu|Whimsicott, M|100\/100|[from] U-turn\n|\n|upkeep\n|\n|t:|1700052975\n|switch|p1a: Clodsire|Clodsire, F|100\/100\n|turn|12\n|\n|t:|1700052979\n|move|p2a: Lumu|Switcheroo|p1a: Clodsire\n|-activate|p2a: Lumu|move: Trick|[of] p1a: Clodsire\n|-item|p1a: Clodsire|Choice Scarf|[from] move: Switcheroo\n|-item|p2a: Lumu|Leftovers|[from] move: Switcheroo\n|move|p1a: Clodsire|Sludge Bomb|p2a: Lumu\n|-supereffective|p2a: Lumu\n|-damage|p2a: Lumu|0 fnt\n|faint|p2a: Lumu\n|\n|upkeep\n|\n|t:|1700052987\n|switch|p2a: Ritari Peloton|Corviknight, M|100\/100\n|turn|13\n|\n|t:|1700052991\n|switch|p1a: Thundurus|Thundurus-Therian, M|100\/100\n|move|p2a: Ritari Peloton|U-turn|p1a: Thundurus\n|-resisted|p1a: Thundurus\n|-damage|p1a: Thundurus|89\/100\n|\n|t:|1700053011\n|switch|p2a: Korkki|Corsola-Galar, M|100\/100|[from] U-turn\n|\n|upkeep\n|turn|14\n|\n|t:|1700053024\n|move|p1a: Thundurus|Nasty Plot|p1a: Thundurus\n|-boost|p1a: Thundurus|spa|2\n|move|p2a: Korkki|Calm Mind|p2a: Korkki\n|-boost|p2a: Korkki|spa|1\n|-boost|p2a: Korkki|spd|1\n|\n|upkeep\n|turn|15\n|\n|t:|1700053036\n|move|p1a: Thundurus|Nasty Plot|p1a: Thundurus\n|-boost|p1a: Thundurus|spa|2\n|move|p2a: Korkki|Ice Beam|p1a: Thundurus\n|-supereffective|p1a: Thundurus\n|-damage|p1a: Thundurus|31\/100\n|-status|p1a: Thundurus|frz\n|\n|upkeep\n|turn|16\n|c|\u2606JL_recruta|XD\n|c|\u2606K. Repola|really\n|c|\u2606K. Repola|I am so sorry\n|-message|JL_recruta forfeited.\n|\n|win|K. Repola\n|raw|JL_recruta's rating: 1356 &rarr; <strong>1341<\/strong><br \/>(-15 for losing)\n|raw|K. Repola's rating: 1449 &rarr; <strong>1464<\/strong><br \/>(+15 for winning)\n|c|\u2606K. Repola|frost bite should be in this\n|c|\u2606JL_recruta|gg\n|c|\u2606K. Repola|freeze is so booring\n|c|\u2606K. Repola|My apologies\n|c|\u2606K. Repola|GG\n|l|\u2606JL_recruta\n","uploadtime":1700053097,"views":8,"p1id":"jlrecruta","p2id":"krepola","formatid":"gen9nationaldex","rating":1341,"private":0,"password":""}