{"id":"gen9nationaldex-1999509816","p1":"ttheus","p2":"AesirEcho","format":"[Gen 9] National Dex","log":"|html|<div class=\"broadcast-blue\"><strong>[Gen 9] National Dex is currently suspecting Sneasler! For information on how to participate check out the <a href=\"https:\/\/www.smogon.com\/forums\/threads\/sv-national-dex-suspect-8-just-dance.3731534\/\">suspect thread<\/a>.<\/strong><\/div>\n|j|\u2606ttheus\n|j|\u2606AesirEcho\n|t:|1701090717\n|gametype|singles\n|player|p1|ttheus|1|\n|player|p2|AesirEcho|ethan-masters|\n|teamsize|p1|6\n|teamsize|p2|6\n|gen|9\n|tier|[Gen 9] National Dex\n|rule|HP Percentage Mod: HP is shown in percentages\n|rule|Endless Battle Clause: Forcing endless battles is banned\n|rule|OHKO Clause: OHKO moves are banned\n|rule|Evasion Clause: Evasion abilities, items, and moves are banned\n|rule|Evasion Abilities Clause: Evasion abilities are banned\n|rule|Evasion Items Clause: Evasion items are banned\n|rule|Evasion Moves Clause: Evasion moves are banned\n|rule|Species Clause: Limit one of each Pok\u00e9mon\n|rule|Sleep Clause Mod: Limit one foe put to sleep\n|clearpoke\n|poke|p1|Garchomp, F|\n|poke|p1|Charizard, M|\n|poke|p1|Gigalith, M|\n|poke|p1|Dracozolt|\n|poke|p1|Gliscor, M|\n|poke|p1|Ogerpon-Wellspring, F|\n|poke|p2|Kyurem|\n|poke|p2|Lopunny, M|\n|poke|p2|Samurott-Hisui, F|\n|poke|p2|Slowking-Galar, F|\n|poke|p2|Heatran, M|\n|poke|p2|Landorus-Therian, M|\n|teampreview\n|\n|t:|1701090729\n|start\n|switch|p1a: Gigalith|Gigalith, M, shiny|100\/100\n|switch|p2a: Victor Mare|Samurott-Hisui, F|100\/100\n|-weather|Sandstorm|[from] ability: Sand Stream|[of] p1a: Gigalith\n|turn|1\n|\n|t:|1701090738\n|move|p2a: Victor Mare|Razor Shell|p1a: Gigalith\n|-supereffective|p1a: Gigalith\n|-damage|p1a: Gigalith|21\/100\n|-unboost|p1a: Gigalith|def|1\n|move|p1a: Gigalith|Stealth Rock|p2a: Victor Mare\n|-sidestart|p2: AesirEcho|move: Stealth Rock\n|\n|-weather|Sandstorm|[upkeep]\n|-damage|p2a: Victor Mare|94\/100|[from] Sandstorm\n|-heal|p1a: Gigalith|28\/100|[from] item: Leftovers\n|upkeep\n|turn|2\n|\n|t:|1701090745\n|switch|p1a: Dracozolt|Dracozolt|100\/100\n|move|p2a: Victor Mare|Razor Shell|p1a: Dracozolt\n|-resisted|p1a: Dracozolt\n|-damage|p1a: Dracozolt|71\/100\n|\n|-weather|Sandstorm|[upkeep]\n|-damage|p2a: Victor Mare|88\/100|[from] Sandstorm\n|upkeep\n|turn|3\n|\n|t:|1701090754\n|switch|p2a: Dominus Terrae|Landorus-Therian, M|100\/100\n|-damage|p2a: Dominus Terrae|88\/100|[from] Stealth Rock\n|-ability|p2a: Dominus Terrae|Intimidate|boost\n|-unboost|p1a: Dracozolt|atk|1\n|move|p1a: Dracozolt|Rock Tomb|p2a: Dominus Terrae\n|-damage|p2a: Dominus Terrae|80\/100\n|-unboost|p2a: Dominus Terrae|spe|1\n|\n|-weather|Sandstorm|[upkeep]\n|-heal|p2a: Dominus Terrae|86\/100|[from] item: Leftovers\n|upkeep\n|turn|4\n|\n|t:|1701090764\n|switch|p1a: H\u00f3rus|Gliscor, M, shiny|100\/100\n|move|p2a: Dominus Terrae|Earthquake|p1a: H\u00f3rus\n|-immune|p1a: H\u00f3rus\n|\n|-weather|Sandstorm|[upkeep]\n|-heal|p2a: Dominus Terrae|92\/100|[from] item: Leftovers\n|-status|p1a: H\u00f3rus|tox|[from] item: Toxic Orb\n|upkeep\n|turn|5\n|\n|t:|1701090774\n|move|p1a: H\u00f3rus|Swords Dance|p1a: H\u00f3rus\n|-boost|p1a: H\u00f3rus|atk|2\n|move|p2a: Dominus Terrae|Defog|p1a: H\u00f3rus\n|-unboost|p1a: H\u00f3rus|evasion|1\n|-sideend|p2: AesirEcho|Stealth Rock|[from] move: Defog|[of] p2a: Dominus Terrae\n|\n|-weather|none\n|-heal|p2a: Dominus Terrae|98\/100|[from] item: Leftovers\n|upkeep\n|turn|6\n|\n|t:|1701090778\n|move|p1a: H\u00f3rus|Facade|p2a: Dominus Terrae\n|-damage|p2a: Dominus Terrae|36\/100\n|move|p2a: Dominus Terrae|U-turn|p1a: H\u00f3rus\n|-resisted|p1a: H\u00f3rus\n|-damage|p1a: H\u00f3rus|90\/100 tox\n|\n|t:|1701090782\n|switch|p2a: Victor Mare|Samurott-Hisui, F|88\/100|[from] U-turn\n|\n|-heal|p1a: H\u00f3rus|100\/100 tox|[from] ability: Poison Heal\n|upkeep\n|turn|7\n|\n|t:|1701090789\n|-terastallize|p1a: H\u00f3rus|Water\n|move|p2a: Victor Mare|Razor Shell|p1a: H\u00f3rus\n|-resisted|p1a: H\u00f3rus\n|-damage|p1a: H\u00f3rus|80\/100 tox\n|move|p1a: H\u00f3rus|Facade|p2a: Victor Mare\n|-damage|p2a: Victor Mare|0 fnt\n|faint|p2a: Victor Mare\n|\n|-heal|p1a: H\u00f3rus|93\/100 tox|[from] ability: Poison Heal\n|upkeep\n|\n|t:|1701090798\n|switch|p2a: Rixator|Lopunny, M|100\/100\n|turn|8\n|\n|t:|1701090804\n|detailschange|p2a: Rixator|Lopunny-Mega, M\n|-mega|p2a: Rixator|Lopunny|Lopunnite\n|move|p2a: Rixator|Fake Out|p1a: H\u00f3rus\n|-damage|p1a: H\u00f3rus|73\/100 tox\n|cant|p1a: H\u00f3rus|flinch\n|\n|-heal|p1a: H\u00f3rus|85\/100 tox|[from] ability: Poison Heal\n|upkeep\n|turn|9\n|\n|t:|1701090817\n|move|p2a: Rixator|Close Combat|p1a: H\u00f3rus\n|-damage|p1a: H\u00f3rus|33\/100 tox\n|-unboost|p2a: Rixator|def|1\n|-unboost|p2a: Rixator|spd|1\n|move|p1a: H\u00f3rus|Facade|p2a: Rixator\n|-damage|p2a: Rixator|0 fnt\n|faint|p2a: Rixator\n|\n|-heal|p1a: H\u00f3rus|46\/100 tox|[from] ability: Poison Heal\n|upkeep\n|\n|t:|1701090828\n|switch|p2a: Gelida Vagus|Kyurem|100\/100\n|-ability|p2a: Gelida Vagus|Pressure\n|turn|10\n|\n|t:|1701090837\n|-terastallize|p2a: Gelida Vagus|Steel\n|move|p2a: Gelida Vagus|Freeze-Dry|p1a: H\u00f3rus\n|-supereffective|p1a: H\u00f3rus\n|-crit|p1a: H\u00f3rus\n|-damage|p1a: H\u00f3rus|0 fnt\n|faint|p1a: H\u00f3rus\n|\n|upkeep\n|\n|t:|1701090846\n|switch|p1a: Gigalith|Gigalith, M, shiny|28\/100\n|-weather|Sandstorm|[from] ability: Sand Stream|[of] p1a: Gigalith\n|turn|11\n|\n|t:|1701090849\n|move|p2a: Gelida Vagus|Earth Power|p1a: Gigalith\n|-supereffective|p1a: Gigalith\n|-crit|p1a: Gigalith\n|-damage|p1a: Gigalith|0 fnt\n|faint|p1a: Gigalith\n|\n|-weather|Sandstorm|[upkeep]\n|upkeep\n|\n|t:|1701090855\n|switch|p1a: Dracozolt|Dracozolt|71\/100\n|turn|12\n|\n|t:|1701090860\n|switch|p2a: Dominus Terrae|Landorus-Therian, M|36\/100\n|-ability|p2a: Dominus Terrae|Intimidate|boost\n|-unboost|p1a: Dracozolt|atk|1\n|move|p1a: Dracozolt|Earthquake|p2a: Dominus Terrae\n|-immune|p2a: Dominus Terrae\n|\n|-weather|Sandstorm|[upkeep]\n|-heal|p2a: Dominus Terrae|42\/100|[from] item: Leftovers\n|upkeep\n|turn|13\n|\n|t:|1701090867\n|switch|p1a: Charizard|Charizard, M|100\/100\n|move|p2a: Dominus Terrae|Earthquake|p1a: Charizard\n|-immune|p1a: Charizard\n|\n|-weather|Sandstorm|[upkeep]\n|-damage|p1a: Charizard|94\/100|[from] Sandstorm\n|-heal|p2a: Dominus Terrae|48\/100|[from] item: Leftovers\n|upkeep\n|turn|14\n|\n|t:|1701090877\n|switch|p2a: Mantichora|Heatran, M|100\/100\n|detailschange|p1a: Charizard|Charizard-Mega-X, M\n|-mega|p1a: Charizard|Charizard|Charizardite X\n|move|p1a: Charizard|Dragon Dance|p1a: Charizard\n|-boost|p1a: Charizard|atk|1\n|-boost|p1a: Charizard|spe|1\n|\n|-weather|Sandstorm|[upkeep]\n|-damage|p1a: Charizard|88\/100|[from] Sandstorm\n|upkeep\n|turn|15\n|\n|t:|1701090886\n|switch|p2a: Dominus Terrae|Landorus-Therian, M|48\/100\n|-ability|p2a: Dominus Terrae|Intimidate|boost\n|-unboost|p1a: Charizard|atk|1\n|move|p1a: Charizard|Dragon Claw|p2a: Dominus Terrae\n|-damage|p2a: Dominus Terrae|9\/100\n|\n|-weather|none\n|-heal|p2a: Dominus Terrae|15\/100|[from] item: Leftovers\n|upkeep\n|turn|16\n|\n|t:|1701090897\n|switch|p2a: Mantichora|Heatran, M|100\/100\n|move|p1a: Charizard|Dragon Claw|p2a: Mantichora\n|-resisted|p2a: Mantichora\n|-damage|p2a: Mantichora|79\/100\n|\n|-heal|p2a: Mantichora|85\/100|[from] item: Leftovers\n|upkeep\n|turn|17\n|\n|t:|1701090905\n|move|p1a: Charizard|Dragon Dance|p1a: Charizard\n|-boost|p1a: Charizard|atk|1\n|-boost|p1a: Charizard|spe|1\n|move|p2a: Mantichora|Earth Power|p1a: Charizard\n|-supereffective|p1a: Charizard\n|-damage|p1a: Charizard|24\/100\n|\n|-heal|p2a: Mantichora|91\/100|[from] item: Leftovers\n|upkeep\n|turn|18\n|\n|t:|1701090911\n|move|p1a: Charizard|Dragon Claw|p2a: Mantichora\n|-resisted|p2a: Mantichora\n|-damage|p2a: Mantichora|59\/100\n|move|p2a: Mantichora|Earth Power|p1a: Charizard\n|-supereffective|p1a: Charizard\n|-damage|p1a: Charizard|0 fnt\n|faint|p1a: Charizard\n|\n|-heal|p2a: Mantichora|65\/100|[from] item: Leftovers\n|upkeep\n|\n|t:|1701090917\n|switch|p1a: Ogerpon|Ogerpon-Wellspring, F|100\/100\n|turn|19\n|\n|t:|1701090924\n|switch|p2a: Stella Pulvis|Slowking-Galar, F|100\/100\n|move|p1a: Ogerpon|Swords Dance|p1a: Ogerpon\n|-boost|p1a: Ogerpon|atk|2\n|\n|upkeep\n|turn|20\n|\n|t:|1701090931\n|move|p1a: Ogerpon|Knock Off|p2a: Stella Pulvis\n|-supereffective|p2a: Stella Pulvis\n|-damage|p2a: Stella Pulvis|0 fnt\n|-enditem|p2a: Stella Pulvis|Heavy-Duty Boots|[from] move: Knock Off|[of] p1a: Ogerpon\n|faint|p2a: Stella Pulvis\n|\n|upkeep\n|\n|t:|1701090937\n|switch|p2a: Gelida Vagus|Kyurem, tera:Steel|100\/100\n|-ability|p2a: Gelida Vagus|Pressure\n|turn|21\n|\n|t:|1701090941\n|move|p1a: Ogerpon|Knock Off|p2a: Gelida Vagus\n|-damage|p2a: Gelida Vagus|34\/100\n|-enditem|p2a: Gelida Vagus|Heavy-Duty Boots|[from] move: Knock Off|[of] p1a: Ogerpon\n|move|p2a: Gelida Vagus|Freeze-Dry|p1a: Ogerpon\n|-supereffective|p1a: Ogerpon\n|-damage|p1a: Ogerpon|0 fnt\n|faint|p1a: Ogerpon\n|\n|upkeep\n|\n|t:|1701090949\n|switch|p1a: Garchomp|Garchomp, F|100\/100\n|turn|22\n|\n|t:|1701090955\n|switch|p2a: Dominus Terrae|Landorus-Therian, M|15\/100\n|-ability|p2a: Dominus Terrae|Intimidate|boost\n|-unboost|p1a: Garchomp|atk|1\n|move|p1a: Garchomp|Fire Fang|p2a: Dominus Terrae\n|-crit|p2a: Dominus Terrae\n|-damage|p2a: Dominus Terrae|0 fnt\n|faint|p2a: Dominus Terrae\n|\n|upkeep\n|\n|t:|1701090964\n|switch|p2a: Gelida Vagus|Kyurem, tera:Steel|34\/100\n|-ability|p2a: Gelida Vagus|Pressure\n|turn|23\n|\n|t:|1701090973\n|move|p1a: Garchomp|Fire Fang|p2a: Gelida Vagus\n|-supereffective|p2a: Gelida Vagus\n|-damage|p2a: Gelida Vagus|7\/100\n|move|p2a: Gelida Vagus|Freeze-Dry|p1a: Garchomp\n|-supereffective|p1a: Garchomp\n|-damage|p1a: Garchomp|0 fnt\n|faint|p1a: Garchomp\n|\n|upkeep\n|\n|t:|1701090979\n|switch|p1a: Dracozolt|Dracozolt|71\/100\n|turn|24\n|\n|t:|1701090986\n|move|p1a: Dracozolt|Earthquake|p2a: Gelida Vagus\n|-supereffective|p2a: Gelida Vagus\n|-damage|p2a: Gelida Vagus|0 fnt\n|faint|p2a: Gelida Vagus\n|\n|upkeep\n|\n|t:|1701090989\n|switch|p2a: Mantichora|Heatran, M|65\/100\n|turn|25\n|\n|t:|1701090998\n|move|p1a: Dracozolt|Earthquake|p2a: Mantichora\n|-supereffective|p2a: Mantichora\n|-damage|p2a: Mantichora|0 fnt\n|faint|p2a: Mantichora\n|\n|win|ttheus\n","uploadtime":1701091003,"views":1,"p1id":"ttheus","p2id":"aesirecho","formatid":"gen9nationaldex","rating":0,"private":0,"password":""}