{"id":"gen9nationaldex-1999297000","p1":"theduck898","p2":"BlueB4llz","format":"[Gen 9] National Dex","log":"|html|<div class=\"broadcast-blue\"><strong>[Gen 9] National Dex is currently suspecting Sneasler! For information on how to participate check out the <a href=\"https:\/\/www.smogon.com\/forums\/threads\/sv-national-dex-suspect-8-just-dance.3731534\/\">suspect thread<\/a>.<\/strong><\/div>\n|j|\u2606theduck898\n|j|\u2606BlueB4llz\n|t:|1701056594\n|gametype|singles\n|player|p1|theduck898|caitlin|\n|player|p2|BlueB4llz|birdkeeper|\n|teamsize|p1|6\n|teamsize|p2|6\n|gen|9\n|tier|[Gen 9] National Dex\n|rule|HP Percentage Mod: HP is shown in percentages\n|rule|Endless Battle Clause: Forcing endless battles is banned\n|rule|OHKO Clause: OHKO moves are banned\n|rule|Evasion Clause: Evasion abilities, items, and moves are banned\n|rule|Evasion Abilities Clause: Evasion abilities are banned\n|rule|Evasion Items Clause: Evasion items are banned\n|rule|Evasion Moves Clause: Evasion moves are banned\n|rule|Species Clause: Limit one of each Pok\u00e9mon\n|rule|Sleep Clause Mod: Limit one foe put to sleep\n|clearpoke\n|poke|p1|Metagross|\n|poke|p1|Skarmory, F|\n|poke|p1|Scizor, M|\n|poke|p1|Ferrothorn, F|\n|poke|p1|Magnezone|\n|poke|p1|Heatran, M|\n|poke|p2|Heatran, M|\n|poke|p2|Metagross|\n|poke|p2|Aegislash, F|\n|poke|p2|Dugtrio-Alola, M|\n|poke|p2|Skarmory, M|\n|poke|p2|Magnezone|\n|teampreview\n|\n|t:|1701056602\n|start\n|switch|p1a: Scizor|Scizor, M|100\/100\n|switch|p2a: Magnezone|Magnezone|100\/100\n|turn|1\n|\n|t:|1701056620\n|switch|p2a: Aegislash|Aegislash, F|100\/100\n|move|p1a: Scizor|Swords Dance|p1a: Scizor\n|-boost|p1a: Scizor|atk|2\n|\n|upkeep\n|turn|2\n|\n|t:|1701056626\n|move|p1a: Scizor|Bug Bite|p2a: Aegislash\n|-resisted|p2a: Aegislash\n|-damage|p2a: Aegislash|81\/100\n|move|p2a: Aegislash|Swords Dance|p2a: Aegislash\n|-boost|p2a: Aegislash|atk|2\n|\n|-heal|p2a: Aegislash|87\/100|[from] item: Leftovers\n|upkeep\n|turn|3\n|\n|t:|1701056631\n|move|p2a: Aegislash|King's Shield|p2a: Aegislash\n|-singleturn|p2a: Aegislash|Protect\n|move|p1a: Scizor|Swords Dance|p1a: Scizor\n|-boost|p1a: Scizor|atk|2\n|\n|-heal|p2a: Aegislash|93\/100|[from] item: Leftovers\n|upkeep\n|turn|4\n|\n|t:|1701056641\n|move|p1a: Scizor|Bug Bite|p2a: Aegislash\n|-resisted|p2a: Aegislash\n|-damage|p2a: Aegislash|63\/100\n|-formechange|p2a: Aegislash|Aegislash-Blade||[from] ability: Stance Change\n|move|p2a: Aegislash|Shadow Claw|p1a: Scizor\n|-damage|p1a: Scizor|12\/100\n|\n|-heal|p2a: Aegislash|69\/100|[from] item: Leftovers\n|upkeep\n|turn|5\n|\n|t:|1701056654\n|-formechange|p2a: Aegislash|Aegislash||[from] ability: Stance Change\n|move|p2a: Aegislash|King's Shield|p2a: Aegislash\n|-singleturn|p2a: Aegislash|Protect\n|move|p1a: Scizor|Bug Bite|p2a: Aegislash\n|-activate|p2a: Aegislash|move: Protect\n|-unboost|p1a: Scizor|atk|1\n|\n|-heal|p2a: Aegislash|75\/100|[from] item: Leftovers\n|upkeep\n|turn|6\n|\n|t:|1701056663\n|-formechange|p2a: Aegislash|Aegislash-Blade||[from] ability: Stance Change\n|move|p2a: Aegislash|Shadow Sneak|p1a: Scizor\n|-damage|p1a: Scizor|0 fnt\n|faint|p1a: Scizor\n|\n|-heal|p2a: Aegislash|82\/100|[from] item: Leftovers\n|upkeep\n|\n|t:|1701056673\n|switch|p1a: Heatran|Heatran, M|100\/100\n|turn|7\n|\n|t:|1701056705\n|switch|p2a: Skarmory|Skarmory, M|100\/100\n|move|p1a: Heatran|Earth Power|p2a: Skarmory\n|-immune|p2a: Skarmory\n|\n|upkeep\n|turn|8\n|\n|t:|1701056715\n|switch|p1a: Metagross|Metagross|100\/100\n|switch|p2a: Heatran|Heatran, M|100\/100\n|\n|upkeep\n|turn|9\n|\n|t:|1701056757\n|switch|p1a: Skarmory|Skarmory, F|100\/100\n|move|p2a: Heatran|Lava Plume|p1a: Skarmory\n|-supereffective|p1a: Skarmory\n|-damage|p1a: Skarmory|7\/100\n|-enditem|p1a: Skarmory|Figy Berry|[eat]\n|-heal|p1a: Skarmory|40\/100|[from] item: Figy Berry\n|\n|upkeep\n|turn|10\n|\n|t:|1701056777\n|move|p2a: Heatran|Stealth Rock|p1a: Skarmory\n|-sidestart|p1: theduck898|move: Stealth Rock\n|move|p1a: Skarmory|Stealth Rock|p2a: Heatran\n|-sidestart|p2: BlueB4llz|move: Stealth Rock\n|\n|upkeep\n|turn|11\n|\n|t:|1701056781\n|move|p2a: Heatran|Lava Plume|p1a: Skarmory\n|-supereffective|p1a: Skarmory\n|-damage|p1a: Skarmory|0 fnt\n|faint|p1a: Skarmory\n|\n|upkeep\n|\n|t:|1701056785\n|switch|p1a: Heatran|Heatran, M|100\/100\n|-damage|p1a: Heatran|88\/100|[from] Stealth Rock\n|turn|12\n|\n|t:|1701056792\n|move|p1a: Heatran|Earth Power|p2a: Heatran\n|-supereffective|p2a: Heatran\n|-damage|p2a: Heatran|20\/100\n|move|p2a: Heatran|Earth Power|p1a: Heatran\n|-supereffective|p1a: Heatran\n|-damage|p1a: Heatran|0 fnt\n|faint|p1a: Heatran\n|\n|upkeep\n|\n|t:|1701056802\n|switch|p1a: Ferrothorn|Ferrothorn, F|100\/100\n|-damage|p1a: Ferrothorn|95\/100|[from] Stealth Rock\n|turn|13\n|c|\u2606BlueB4llz|offensive heatran is crazy\n|\n|t:|1701056811\n|move|p2a: Heatran|Lava Plume|p1a: Ferrothorn\n|-supereffective|p1a: Ferrothorn\n|-damage|p1a: Ferrothorn|0 fnt\n|faint|p1a: Ferrothorn\n|\n|upkeep\n|\n|t:|1701056820\n|switch|p1a: Magnezone|Magnezone|100\/100\n|-damage|p1a: Magnezone|94\/100|[from] Stealth Rock\n|-item|p1a: Magnezone|Air Balloon\n|turn|14\n|\n|t:|1701056826\n|move|p2a: Heatran|Lava Plume|p1a: Magnezone\n|-supereffective|p1a: Magnezone\n|-damage|p1a: Magnezone|24\/100\n|-enditem|p1a: Magnezone|Air Balloon\n|move|p1a: Magnezone|Volt Switch|p2a: Heatran\n|-damage|p2a: Heatran|0 fnt\n|faint|p2a: Heatran\n|\n|t:|1701056829\n|switch|p1a: Metagross|Metagross|100\/100|[from] Volt Switch\n|-damage|p1a: Metagross|94\/100|[from] Stealth Rock\n|\n|upkeep\n|\n|t:|1701056840\n|switch|p2a: Dugtrio|Dugtrio-Alola, M|100\/100\n|-damage|p2a: Dugtrio|98\/100|[from] Stealth Rock\n|turn|15\n|\n|t:|1701056843\n|move|p2a: Dugtrio|Earthquake|p1a: Metagross\n|-supereffective|p1a: Metagross\n|-damage|p1a: Metagross|29\/100\n|move|p1a: Metagross|Agility|p1a: Metagross\n|-boost|p1a: Metagross|spe|2\n|\n|upkeep\n|turn|16\n|\n|t:|1701056847\n|move|p2a: Dugtrio|Earthquake|p1a: Metagross\n|-supereffective|p1a: Metagross\n|-damage|p1a: Metagross|0 fnt\n|faint|p1a: Metagross\n|\n|upkeep\n|\n|t:|1701056849\n|switch|p1a: Magnezone|Magnezone|24\/100\n|-damage|p1a: Magnezone|18\/100|[from] Stealth Rock\n|turn|17\n|\n|t:|1701056852\n|move|p2a: Dugtrio|Earthquake|p1a: Magnezone\n|-supereffective|p1a: Magnezone\n|-damage|p1a: Magnezone|0 fnt\n|faint|p1a: Magnezone\n|\n|win|BlueB4llz\n|c|\u2606theduck898|gg\n|c|\u2606BlueB4llz|gg\n","uploadtime":1701056859,"views":8,"p1id":"theduck898","p2id":"blueb4llz","formatid":"gen9nationaldex","rating":0,"private":0,"password":""}