{"id":"gen9nationaldex-1999744446","p1":"Marcesgo","p2":"Nei-tortilla","format":"[Gen 9] National Dex","log":"|html|<div class=\"broadcast-blue\"><strong>[Gen 9] National Dex is currently suspecting Sneasler! For information on how to participate check out the <a href=\"https:\/\/www.smogon.com\/forums\/threads\/sv-national-dex-suspect-8-just-dance.3731534\/\">suspect thread<\/a>.<\/strong><\/div>\n|j|\u2606Marcesgo\n|j|\u2606Nei-tortilla\n|t:|1701112863\n|gametype|singles\n|player|p1|Marcesgo|sailor|\n|player|p2|Nei-tortilla|riley|\n|teamsize|p1|6\n|teamsize|p2|6\n|gen|9\n|tier|[Gen 9] National Dex\n|rule|HP Percentage Mod: HP is shown in percentages\n|rule|Endless Battle Clause: Forcing endless battles is banned\n|rule|OHKO Clause: OHKO moves are banned\n|rule|Evasion Clause: Evasion abilities, items, and moves are banned\n|rule|Evasion Abilities Clause: Evasion abilities are banned\n|rule|Evasion Items Clause: Evasion items are banned\n|rule|Evasion Moves Clause: Evasion moves are banned\n|rule|Species Clause: Limit one of each Pok\u00e9mon\n|rule|Sleep Clause Mod: Limit one foe put to sleep\n|clearpoke\n|poke|p1|Landorus-Therian, M|\n|poke|p1|Volcarona, F|\n|poke|p1|Bisharp, M|\n|poke|p1|Mienshao, M|\n|poke|p1|Gothitelle, M|\n|poke|p1|Ferrothorn, M|\n|poke|p2|Galvantula, M|\n|poke|p2|Darmanitan, F|\n|poke|p2|Serperior, M|\n|poke|p2|Jellicent, M|\n|poke|p2|Bisharp, M|\n|poke|p2|Landorus-Therian, M|\n|teampreview\n|c|\u2606Marcesgo|Suerte!\n|\n|t:|1701112894\n|start\n|switch|p1a: Landorus|Landorus-Therian, M|100\/100\n|switch|p2a: Galvantula|Galvantula, M, shiny|100\/100\n|-ability|p1a: Landorus|Intimidate|boost\n|-unboost|p2a: Galvantula|atk|1\n|turn|1\n|\n|t:|1701112902\n|move|p2a: Galvantula|Sticky Web|p1a: Landorus\n|-sidestart|p1: Marcesgo|move: Sticky Web\n|move|p1a: Landorus|Stealth Rock|p2a: Galvantula\n|-sidestart|p2: Nei-tortilla|move: Stealth Rock\n|\n|upkeep\n|turn|2\n|\n|t:|1701112923\n|switch|p2a: Landorus|Landorus-Therian, M|100\/100\n|-damage|p2a: Landorus|88\/100|[from] Stealth Rock\n|-ability|p2a: Landorus|Intimidate|boost\n|-unboost|p1a: Landorus|atk|1\n|move|p1a: Landorus|Toxic|p2a: Landorus\n|-status|p2a: Landorus|tox\n|\n|-damage|p2a: Landorus|82\/100 tox|[from] psn\n|upkeep\n|turn|3\n|\n|t:|1701112940\n|move|p2a: Landorus|Stealth Rock|p1a: Landorus\n|-sidestart|p1: Marcesgo|move: Stealth Rock\n|move|p1a: Landorus|U-turn|p2a: Landorus\n|-resisted|p2a: Landorus\n|-damage|p2a: Landorus|75\/100 tox\n|\n|t:|1701112942\n|switch|p1a: Mienshao|Mienshao, M|100\/100|[from] U-turn\n|-activate|p1a: Mienshao|move: Sticky Web\n|-unboost|p1a: Mienshao|spe|1\n|-damage|p1a: Mienshao|95\/100|[from] Stealth Rock\n|\n|-damage|p2a: Landorus|64\/100 tox|[from] psn\n|upkeep\n|turn|4\n|\n|t:|1701112952\n|switch|p2a: Jellicent|Jellicent, M|100\/100\n|-damage|p2a: Jellicent|88\/100|[from] Stealth Rock\n|move|p1a: Mienshao|Ice Spinner|p2a: Jellicent\n|-resisted|p2a: Jellicent\n|-damage|p2a: Jellicent|71\/100\n|\n|-heal|p2a: Jellicent|78\/100|[from] item: Leftovers\n|upkeep\n|turn|5\n|\n|t:|1701112978\n|switch|p1a: Ferrothorn|Ferrothorn, M|100\/100\n|-activate|p1a: Ferrothorn|move: Sticky Web\n|-unboost|p1a: Ferrothorn|spe|1\n|-damage|p1a: Ferrothorn|94\/100|[from] Stealth Rock\n|move|p2a: Jellicent|Will-O-Wisp|p1a: Ferrothorn\n|-status|p1a: Ferrothorn|brn\n|\n|-heal|p2a: Jellicent|84\/100|[from] item: Leftovers\n|-heal|p1a: Ferrothorn|100\/100 brn|[from] item: Leftovers\n|-damage|p1a: Ferrothorn|94\/100 brn|[from] brn\n|upkeep\n|turn|6\n|\n|t:|1701113009\n|switch|p2a: Darmanitan|Darmanitan, F|100\/100\n|-damage|p2a: Darmanitan|76\/100|[from] Stealth Rock\n|move|p1a: Ferrothorn|Gyro Ball|p2a: Darmanitan\n|-resisted|p2a: Darmanitan\n|-damage|p2a: Darmanitan|56\/100\n|\n|-heal|p1a: Ferrothorn|100\/100 brn|[from] item: Leftovers\n|-damage|p1a: Ferrothorn|94\/100 brn|[from] brn\n|upkeep\n|turn|7\n|\n|t:|1701113025\n|switch|p2a: Landorus|Landorus-Therian, M|64\/100 tox\n|-damage|p2a: Landorus|51\/100 tox|[from] Stealth Rock\n|-ability|p2a: Landorus|Intimidate|boost\n|-unboost|p1a: Ferrothorn|atk|1\n|switch|p1a: Landorus|Landorus-Therian, M|100\/100\n|-damage|p1a: Landorus|88\/100|[from] Stealth Rock\n|-ability|p1a: Landorus|Intimidate|boost\n|-unboost|p2a: Landorus|atk|1\n|\n|-damage|p2a: Landorus|45\/100 tox|[from] psn\n|upkeep\n|-enditem|p2a: Landorus|Sitrus Berry|[eat]\n|-heal|p2a: Landorus|70\/100 tox|[from] item: Sitrus Berry\n|turn|8\n|l|\u2606Marcesgo\n|player|p1|\n|j|\u2606Marcesgo\n|player|p1|Marcesgo|sailor\n|\n|t:|1701113097\n|move|p2a: Landorus|Stone Edge|p1a: Landorus|[miss]\n|-miss|p2a: Landorus|p1a: Landorus\n|move|p1a: Landorus|U-turn|p2a: Landorus\n|-resisted|p2a: Landorus\n|-damage|p2a: Landorus|60\/100 tox\n|l|\u2606Marcesgo\n|player|p1|\n|inactive|Battle timer is ON: inactive players will automatically lose when time's up. (requested by Nei-tortilla)\n|j|\u2606Marcesgo\n|inactive|Marcesgo reconnected and has 300 seconds left.\n|player|p1|Marcesgo|sailor\n|c|\u2606Marcesgo|Fua perdona esque estoy \u00e8 un tten\n|c|\u2606Marcesgo|Tren\n|\n|t:|1701113165\n|switch|p1a: Ferrothorn|Ferrothorn, M|94\/100 brn|[from] U-turn\n|-activate|p1a: Ferrothorn|move: Sticky Web\n|-unboost|p1a: Ferrothorn|spe|1\n|-damage|p1a: Ferrothorn|88\/100 brn|[from] Stealth Rock\n|\n|-heal|p1a: Ferrothorn|94\/100 brn|[from] item: Leftovers\n|-damage|p2a: Landorus|48\/100 tox|[from] psn\n|-damage|p1a: Ferrothorn|88\/100 brn|[from] brn\n|upkeep\n|turn|9\n|\n|t:|1701113181\n|move|p2a: Landorus|Bulk Up|p2a: Landorus\n|-boost|p2a: Landorus|atk|1\n|-boost|p2a: Landorus|def|1\n|move|p1a: Ferrothorn|Leech Seed|p2a: Landorus\n|-start|p2a: Landorus|move: Leech Seed\n|\n|-heal|p1a: Ferrothorn|94\/100 brn|[from] item: Leftovers\n|-damage|p2a: Landorus|36\/100 tox|[from] Leech Seed|[of] p1a: Ferrothorn\n|-heal|p1a: Ferrothorn|100\/100 brn|[silent]\n|-damage|p2a: Landorus|18\/100 tox|[from] psn\n|-damage|p1a: Ferrothorn|94\/100 brn|[from] brn\n|upkeep\n|turn|10\n|\n|t:|1701113193\n|move|p2a: Landorus|Earthquake|p1a: Ferrothorn\n|-damage|p1a: Ferrothorn|54\/100 brn\n|move|p1a: Ferrothorn|Gyro Ball|p2a: Landorus\n|-damage|p2a: Landorus|2\/100 tox\n|\n|-heal|p1a: Ferrothorn|60\/100 brn|[from] item: Leftovers\n|-damage|p2a: Landorus|0 fnt|[from] Leech Seed|[of] p1a: Ferrothorn\n|-heal|p1a: Ferrothorn|62\/100 brn|[silent]\n|faint|p2a: Landorus\n|-damage|p1a: Ferrothorn|55\/100 brn|[from] brn\n|upkeep\n|l|\u2606Marcesgo\n|inactive|Marcesgo disconnected and has 275 seconds to reconnect!\n|player|p1|\n|inactive|Nei-tortilla has 270 seconds left.\n|j|\u2606Marcesgo\n|inactive|Marcesgo reconnected.\n|player|p1|Marcesgo|sailor\n|\n|t:|1701113222\n|switch|p2a: Serperior|Serperior, M|100\/100\n|-damage|p2a: Serperior|88\/100|[from] Stealth Rock\n|turn|11\n|inactive|Nei-tortilla has 270 seconds left.\n|\n|t:|1701113228\n|switch|p1a: Volcarona|Volcarona, F|100\/100\n|-activate|p1a: Volcarona|move: Sticky Web\n|-unboost|p1a: Volcarona|spe|1\n|-damage|p1a: Volcarona|51\/100|[from] Stealth Rock\n|move|p2a: Serperior|Substitute|p2a: Serperior\n|-start|p2a: Serperior|Substitute\n|-damage|p2a: Serperior|63\/100\n|\n|upkeep\n|turn|12\n|inactive|Nei-tortilla has 270 seconds left.\n|\n|t:|1701113241\n|move|p2a: Serperior|Glare|p1a: Volcarona\n|-status|p1a: Volcarona|par\n|cant|p1a: Volcarona|par\n|\n|upkeep\n|turn|13\n|\n|t:|1701113248\n|move|p2a: Serperior|Leaf Storm|p1a: Volcarona\n|-resisted|p1a: Volcarona\n|-damage|p1a: Volcarona|36\/100 par\n|-boost|p2a: Serperior|spa|2\n|move|p1a: Volcarona|Bug Buzz|p2a: Serperior\n|-supereffective|p2a: Serperior\n|-damage|p2a: Serperior|0 fnt\n|faint|p2a: Serperior\n|\n|upkeep\n|inactive|Nei-tortilla has 270 seconds left.\n|\n|t:|1701113261\n|switch|p2a: Jellicent|Jellicent, M|84\/100\n|-damage|p2a: Jellicent|71\/100|[from] Stealth Rock\n|turn|14\n|\n|t:|1701113276\n|switch|p1a: Ferrothorn|Ferrothorn, M|55\/100 brn\n|-activate|p1a: Ferrothorn|move: Sticky Web\n|-unboost|p1a: Ferrothorn|spe|1\n|-damage|p1a: Ferrothorn|49\/100 brn|[from] Stealth Rock\n|move|p2a: Jellicent|Scald|p1a: Ferrothorn\n|-resisted|p1a: Ferrothorn\n|-damage|p1a: Ferrothorn|41\/100 brn\n|\n|-heal|p2a: Jellicent|78\/100|[from] item: Leftovers\n|-heal|p1a: Ferrothorn|47\/100 brn|[from] item: Leftovers\n|-damage|p1a: Ferrothorn|41\/100 brn|[from] brn\n|upkeep\n|turn|15\n|\n|t:|1701113289\n|move|p2a: Jellicent|Taunt|p1a: Ferrothorn\n|-start|p1a: Ferrothorn|move: Taunt\n|cant|p1a: Ferrothorn|move: Taunt|Leech Seed\n|\n|-heal|p2a: Jellicent|84\/100|[from] item: Leftovers\n|-heal|p1a: Ferrothorn|47\/100 brn|[from] item: Leftovers\n|-damage|p1a: Ferrothorn|41\/100 brn|[from] brn\n|upkeep\n|turn|16\n|\n|t:|1701113306\n|switch|p2a: Bisharp|Bisharp, M|100\/100\n|-damage|p2a: Bisharp|95\/100|[from] Stealth Rock\n|move|p1a: Ferrothorn|Power Whip|p2a: Bisharp\n|-resisted|p2a: Bisharp\n|-damage|p2a: Bisharp|82\/100\n|\n|-heal|p1a: Ferrothorn|47\/100 brn|[from] item: Leftovers\n|-damage|p1a: Ferrothorn|41\/100 brn|[from] brn\n|upkeep\n|turn|17\n|\n|t:|1701113317\n|switch|p1a: Mienshao|Mienshao, M|100\/100\n|-activate|p1a: Mienshao|move: Sticky Web\n|-unboost|p1a: Mienshao|spe|1\n|-damage|p1a: Mienshao|95\/100|[from] Stealth Rock\n|move|p2a: Bisharp|Swords Dance|p2a: Bisharp\n|-boost|p2a: Bisharp|atk|2\n|\n|upkeep\n|turn|18\n|inactive|Nei-tortilla has 270 seconds left.\n|\n|t:|1701113334\n|switch|p2a: Jellicent|Jellicent, M|84\/100\n|-damage|p2a: Jellicent|71\/100|[from] Stealth Rock\n|move|p1a: Mienshao|Close Combat|p2a: Jellicent\n|-immune|p2a: Jellicent\n|\n|-heal|p2a: Jellicent|78\/100|[from] item: Leftovers\n|upkeep\n|turn|19\n|inactive|Nei-tortilla has 270 seconds left.\n|\n|t:|1701113345\n|switch|p1a: Bisharp|Bisharp, M|100\/100\n|-activate|p1a: Bisharp|move: Sticky Web\n|-unboost|p1a: Bisharp|spe|1\n|-ability|p1a: Bisharp|Defiant|boost\n|-boost|p1a: Bisharp|atk|2\n|-damage|p1a: Bisharp|95\/100|[from] Stealth Rock\n|move|p2a: Jellicent|Scald|p1a: Bisharp\n|-crit|p1a: Bisharp\n|-damage|p1a: Bisharp|55\/100\n|\n|-heal|p2a: Jellicent|84\/100|[from] item: Leftovers\n|upkeep\n|turn|20\n|inactive|Nei-tortilla has 270 seconds left.\n|\n|t:|1701113362\n|switch|p2a: Galvantula|Galvantula, M, shiny|100\/100\n|-damage|p2a: Galvantula|76\/100|[from] Stealth Rock\n|move|p1a: Bisharp|Swords Dance|p1a: Bisharp\n|-boost|p1a: Bisharp|atk|2\n|\n|upkeep\n|turn|21\n|inactive|Nei-tortilla has 270 seconds left.\n|\n|t:|1701113372\n|move|p1a: Bisharp|Sucker Punch|p2a: Galvantula\n|-damage|p2a: Galvantula|0 fnt\n|faint|p2a: Galvantula\n|\n|upkeep\n|\n|t:|1701113380\n|switch|p2a: Jellicent|Jellicent, M|84\/100\n|-damage|p2a: Jellicent|71\/100|[from] Stealth Rock\n|turn|22\n|\n|t:|1701113385\n|move|p2a: Jellicent|Will-O-Wisp|p1a: Bisharp\n|-status|p1a: Bisharp|brn\n|move|p1a: Bisharp|Night Slash|p2a: Jellicent\n|-supereffective|p2a: Jellicent\n|-crit|p2a: Jellicent\n|-damage|p2a: Jellicent|0 fnt\n|faint|p2a: Jellicent\n|\n|-damage|p1a: Bisharp|49\/100 brn|[from] brn\n|upkeep\n|inactive|Nei-tortilla has 270 seconds left.\n|\n|t:|1701113396\n|switch|p2a: Bisharp|Bisharp, M|82\/100\n|-damage|p2a: Bisharp|76\/100|[from] Stealth Rock\n|turn|23\n|\n|t:|1701113401\n|move|p1a: Bisharp|Sucker Punch||[still]\n|-fail|p1a: Bisharp\n|move|p2a: Bisharp|Swords Dance|p2a: Bisharp\n|-boost|p2a: Bisharp|atk|2\n|\n|-damage|p1a: Bisharp|43\/100 brn|[from] brn\n|upkeep\n|turn|24\n|\n|t:|1701113413\n|move|p2a: Bisharp|Swords Dance|p2a: Bisharp\n|-boost|p2a: Bisharp|atk|2\n|move|p1a: Bisharp|Iron Head|p2a: Bisharp\n|-resisted|p2a: Bisharp\n|-damage|p2a: Bisharp|32\/100\n|\n|-damage|p1a: Bisharp|37\/100 brn|[from] brn\n|upkeep\n|turn|25\n|inactive|Nei-tortilla has 270 seconds left.\n|\n|t:|1701113429\n|move|p2a: Bisharp|Sucker Punch|p1a: Bisharp\n|-resisted|p1a: Bisharp\n|-damage|p1a: Bisharp|0 fnt\n|faint|p1a: Bisharp\n|\n|upkeep\n|\n|t:|1701113437\n|switch|p1a: Landorus|Landorus-Therian, M|88\/100\n|-damage|p1a: Landorus|76\/100|[from] Stealth Rock\n|-ability|p1a: Landorus|Intimidate|boost\n|-unboost|p2a: Bisharp|atk|1\n|-ability|p2a: Bisharp|Defiant|boost\n|-boost|p2a: Bisharp|atk|2\n|turn|26\n|\n|t:|1701113448\n|move|p2a: Bisharp|Sucker Punch|p1a: Landorus\n|-damage|p1a: Landorus|0 fnt\n|-damage|p2a: Bisharp|15\/100|[from] item: Rocky Helmet|[of] p1a: Landorus\n|faint|p1a: Landorus\n|\n|upkeep\n|\n|t:|1701113453\n|switch|p1a: Ferrothorn|Ferrothorn, M|41\/100 brn\n|-activate|p1a: Ferrothorn|move: Sticky Web\n|-unboost|p1a: Ferrothorn|spe|1\n|-damage|p1a: Ferrothorn|34\/100 brn|[from] Stealth Rock\n|turn|27\n|\n|t:|1701113460\n|move|p2a: Bisharp|Knock Off|p1a: Ferrothorn\n|-damage|p1a: Ferrothorn|0 fnt\n|-damage|p2a: Bisharp|3\/100|[from] ability: Iron Barbs|[of] p1a: Ferrothorn\n|-enditem|p1a: Ferrothorn|Leftovers|[from] move: Knock Off|[of] p2a: Bisharp\n|faint|p1a: Ferrothorn\n|\n|upkeep\n|\n|t:|1701113488\n|switch|p1a: Volcarona|Volcarona, F|36\/100 par\n|-activate|p1a: Volcarona|move: Sticky Web\n|-unboost|p1a: Volcarona|spe|1\n|-damage|p1a: Volcarona|0 fnt|[from] Stealth Rock\n|faint|p1a: Volcarona\n|c|\u2606Marcesgo|No me lo puedo creer\n|inactive|Marcesgo has 270 seconds left.\n|\n|t:|1701113501\n|switch|p1a: Mienshao|Mienshao, M|100\/100\n|-activate|p1a: Mienshao|move: Sticky Web\n|-unboost|p1a: Mienshao|spe|1\n|-damage|p1a: Mienshao|95\/100|[from] Stealth Rock\n|turn|28\n|\n|t:|1701113510\n|-terastallize|p1a: Mienshao|Steel\n|move|p2a: Bisharp|Iron Head|p1a: Mienshao\n|-resisted|p1a: Mienshao\n|-damage|p1a: Mienshao|0 fnt\n|faint|p1a: Mienshao\n|\n|upkeep\n|\n|t:|1701113516\n|switch|p1a: Gothitelle|Gothitelle, M|100\/100\n|-activate|p1a: Gothitelle|move: Sticky Web\n|-unboost|p1a: Gothitelle|spe|1\n|-damage|p1a: Gothitelle|88\/100|[from] Stealth Rock\n|-item|p2a: Bisharp|Black Glasses|[from] ability: Frisk|[of] p1a: Gothitelle|[identify]\n|turn|29\n|\n|t:|1701113524\n|move|p2a: Bisharp|Knock Off|p1a: Gothitelle\n|-supereffective|p1a: Gothitelle\n|-damage|p1a: Gothitelle|0 fnt\n|-enditem|p1a: Gothitelle|Sitrus Berry|[from] move: Knock Off|[of] p2a: Bisharp\n|faint|p1a: Gothitelle\n|\n|win|Nei-tortilla\n|c|\u2606Marcesgo|Gg\n","uploadtime":1701113544,"views":14,"p1id":"marcesgo","p2id":"neitortilla","formatid":"gen9nationaldex","rating":0,"private":0,"password":""}