{"id":"gen9nationaldex-1990359297","p1":"Kartik thats it","p2":"Poke_Gamer_Devil","format":"[Gen 9] National Dex","log":"|j|\u2606Kartik thats it\n|j|\u2606Poke_Gamer_Devil\n|t:|1699961893\n|gametype|singles\n|player|p1|Kartik thats it|volkner|\n|player|p2|Poke_Gamer_Devil|hilbert|\n|teamsize|p1|6\n|teamsize|p2|6\n|gen|9\n|tier|[Gen 9] National Dex\n|rule|HP Percentage Mod: HP is shown in percentages\n|rule|Endless Battle Clause: Forcing endless battles is banned\n|rule|OHKO Clause: OHKO moves are banned\n|rule|Evasion Clause: Evasion abilities, items, and moves are banned\n|rule|Evasion Abilities Clause: Evasion abilities are banned\n|rule|Evasion Items Clause: Evasion items are banned\n|rule|Evasion Moves Clause: Evasion moves are banned\n|rule|Species Clause: Limit one of each Pok\u00e9mon\n|rule|Sleep Clause Mod: Limit one foe put to sleep\n|clearpoke\n|poke|p1|Zapdos|\n|poke|p1|Latias, F|\n|poke|p1|Skeledirge, M|\n|poke|p1|Tapu Lele|\n|poke|p1|Ogerpon-Wellspring, F|\n|poke|p1|Sneasler, M|\n|poke|p2|Charizard, F|\n|poke|p2|Polteageist-Antique|\n|poke|p2|Ceruledge, M|\n|poke|p2|Shuckle, F|\n|poke|p2|Kartana|\n|poke|p2|Sableye, M|\n|teampreview\n|inactive|Battle timer is ON: inactive players will automatically lose when time's up. (requested by Poke_Gamer_Devil)\n|\n|t:|1699961911\n|start\n|switch|p1a: Devil ka baap\ud83e\udec4\ud83c\udfff|Latias, F, shiny|100\/100\n|switch|p2a: Sableye|Sableye, M|100\/100\n|turn|1\n|j| Blazzeon\n|\n|t:|1699961925\n|detailschange|p1a: Devil ka baap\ud83e\udec4\ud83c\udfff|Latias-Mega, F, shiny\n|-mega|p1a: Devil ka baap\ud83e\udec4\ud83c\udfff|Latias|Latiasite\n|move|p2a: Sableye|Light Screen|p2a: Sableye\n|-sidestart|p2: Poke_Gamer_Devil|move: Light Screen\n|move|p1a: Devil ka baap\ud83e\udec4\ud83c\udfff|Shadow Ball|p2a: Sableye\n|-damage|p2a: Sableye|79\/100\n|-unboost|p2a: Sableye|spd|1\n|\n|upkeep\n|turn|2\n|c| Blazzeon|And mand ka tola\n|c| Blazzeon|Jo na nacha wo bhen ka lora\n|\n|t:|1699961946\n|move|p2a: Sableye|Reflect|p2a: Sableye\n|-sidestart|p2: Poke_Gamer_Devil|Reflect\n|move|p1a: Devil ka baap\ud83e\udec4\ud83c\udfff|Shadow Ball|p2a: Sableye\n|-damage|p2a: Sableye|52\/100\n|-unboost|p2a: Sableye|spd|1\n|\n|upkeep\n|turn|3\n|\n|t:|1699961958\n|switch|p2a: Shuckle|Shuckle, F|100\/100\n|move|p1a: Devil ka baap\ud83e\udec4\ud83c\udfff|Shadow Ball|p2a: Shuckle\n|-damage|p2a: Shuckle|89\/100\n|\n|-heal|p2a: Shuckle|95\/100|[from] item: Leftovers\n|upkeep\n|turn|4\n|\n|t:|1699961969\n|move|p1a: Devil ka baap\ud83e\udec4\ud83c\udfff|Magic Coat|p1a: Devil ka baap\ud83e\udec4\ud83c\udfff\n|-singleturn|p1a: Devil ka baap\ud83e\udec4\ud83c\udfff|move: Magic Coat\n|move|p2a: Shuckle|Toxic|p1a: Devil ka baap\ud83e\udec4\ud83c\udfff\n|move|p1a: Devil ka baap\ud83e\udec4\ud83c\udfff|Toxic|p2a: Shuckle|[from]Magic Coat\n|-status|p2a: Shuckle|tox\n|\n|-heal|p2a: Shuckle|100\/100 tox|[from] item: Leftovers\n|-damage|p2a: Shuckle|94\/100 tox|[from] psn\n|upkeep\n|turn|5\n|\n|t:|1699961983\n|move|p1a: Devil ka baap\ud83e\udec4\ud83c\udfff|Magic Coat|p1a: Devil ka baap\ud83e\udec4\ud83c\udfff\n|-singleturn|p1a: Devil ka baap\ud83e\udec4\ud83c\udfff|move: Magic Coat\n|move|p2a: Shuckle|Toxic|p1a: Devil ka baap\ud83e\udec4\ud83c\udfff\n|move|p1a: Devil ka baap\ud83e\udec4\ud83c\udfff|Toxic|p2a: Shuckle|[from]Magic Coat\n|-fail|p2a: Shuckle|tox\n|\n|-heal|p2a: Shuckle|100\/100 tox|[from] item: Leftovers\n|-damage|p2a: Shuckle|88\/100 tox|[from] psn\n|upkeep\n|turn|6\n|\n|t:|1699961998\n|switch|p2a: Polteageist|Polteageist-Antique|100\/100\n|move|p1a: Devil ka baap\ud83e\udec4\ud83c\udfff|Dragon Pulse|p2a: Polteageist\n|-damage|p2a: Polteageist|71\/100\n|\n|upkeep\n|turn|7\n|c| Blazzeon|Sabka Pokemon churata hai osha2\n|\n|t:|1699962006\n|-terastallize|p2a: Polteageist|Steel\n|move|p1a: Devil ka baap\ud83e\udec4\ud83c\udfff|Shadow Ball|p2a: Polteageist\n|-damage|p2a: Polteageist|52\/100\n|move|p2a: Polteageist|Shell Smash|p2a: Polteageist\n|-unboost|p2a: Polteageist|def|1\n|-unboost|p2a: Polteageist|spd|1\n|-boost|p2a: Polteageist|atk|2\n|-boost|p2a: Polteageist|spa|2\n|-boost|p2a: Polteageist|spe|2\n|-enditem|p2a: Polteageist|White Herb\n|-clearnegativeboost|p2a: Polteageist|[silent]\n|\n|upkeep\n|turn|8\n|j| psycotia\n|\n|t:|1699962023\n|move|p2a: Polteageist|Strength Sap|p1a: Devil ka baap\ud83e\udec4\ud83c\udfff\n|-unboost|p1a: Devil ka baap\ud83e\udec4\ud83c\udfff|atk|1\n|-heal|p2a: Polteageist|100\/100\n|move|p1a: Devil ka baap\ud83e\udec4\ud83c\udfff|Dragon Pulse|p2a: Polteageist\n|-resisted|p2a: Polteageist\n|-damage|p2a: Polteageist|87\/100\n|\n|-sideend|p2: Poke_Gamer_Devil|move: Light Screen\n|upkeep\n|turn|9\n|\n|t:|1699962035\n|move|p2a: Polteageist|Stored Power|p1a: Devil ka baap\ud83e\udec4\ud83c\udfff\n|-resisted|p1a: Devil ka baap\ud83e\udec4\ud83c\udfff\n|-damage|p1a: Devil ka baap\ud83e\udec4\ud83c\udfff|62\/100\n|move|p1a: Devil ka baap\ud83e\udec4\ud83c\udfff|Shadow Ball|p2a: Polteageist\n|-damage|p2a: Polteageist|55\/100\n|\n|-sideend|p2: Poke_Gamer_Devil|Reflect\n|upkeep\n|turn|10\n|\n|t:|1699962046\n|move|p2a: Polteageist|Giga Drain|p1a: Devil ka baap\ud83e\udec4\ud83c\udfff\n|-resisted|p1a: Devil ka baap\ud83e\udec4\ud83c\udfff\n|-damage|p1a: Devil ka baap\ud83e\udec4\ud83c\udfff|41\/100\n|-heal|p2a: Polteageist|67\/100|[from] drain|[of] p1a: Devil ka baap\ud83e\udec4\ud83c\udfff\n|move|p1a: Devil ka baap\ud83e\udec4\ud83c\udfff|Shadow Ball|p2a: Polteageist\n|-damage|p2a: Polteageist|33\/100\n|\n|upkeep\n|turn|11\n|\n|t:|1699962062\n|move|p2a: Polteageist|Giga Drain|p1a: Devil ka baap\ud83e\udec4\ud83c\udfff\n|-resisted|p1a: Devil ka baap\ud83e\udec4\ud83c\udfff\n|-crit|p1a: Devil ka baap\ud83e\udec4\ud83c\udfff\n|-damage|p1a: Devil ka baap\ud83e\udec4\ud83c\udfff|8\/100\n|-heal|p2a: Polteageist|52\/100|[from] drain|[of] p1a: Devil ka baap\ud83e\udec4\ud83c\udfff\n|move|p1a: Devil ka baap\ud83e\udec4\ud83c\udfff|Shadow Ball|p2a: Polteageist\n|-damage|p2a: Polteageist|19\/100\n|-unboost|p2a: Polteageist|spd|1\n|\n|upkeep\n|turn|12\n|\n|t:|1699962073\n|move|p2a: Polteageist|Giga Drain|p1a: Devil ka baap\ud83e\udec4\ud83c\udfff\n|-resisted|p1a: Devil ka baap\ud83e\udec4\ud83c\udfff\n|-damage|p1a: Devil ka baap\ud83e\udec4\ud83c\udfff|0 fnt\n|-heal|p2a: Polteageist|24\/100|[from] drain|[of] p1a: Devil ka baap\ud83e\udec4\ud83c\udfff\n|faint|p1a: Devil ka baap\ud83e\udec4\ud83c\udfff\n|\n|upkeep\n|c| Blazzeon|Tf is devil ka baap\n|inactive|Kartik thats it has 270 seconds left.\n|\n|t:|1699962122\n|switch|p1a: Louis|Zapdos, shiny|100\/100\n|turn|13\n|\n|t:|1699962130\n|move|p2a: Polteageist|Stored Power|p1a: Louis\n|-damage|p1a: Louis|0 fnt\n|faint|p1a: Louis\n|\n|upkeep\n|\n|t:|1699962143\n|switch|p1a: Liam|Tapu Lele, shiny|100\/100\n|-fieldstart|move: Psychic Terrain|[from] ability: Psychic Surge|[of] p1a: Liam\n|turn|14\n|\n|t:|1699962155\n|move|p2a: Polteageist|Stored Power|p1a: Liam\n|-resisted|p1a: Liam\n|-damage|p1a: Liam|58\/100\n|move|p1a: Liam|Psychic|p2a: Polteageist\n|-resisted|p2a: Polteageist\n|-damage|p2a: Polteageist|0 fnt\n|faint|p2a: Polteageist\n|\n|upkeep\n|\n|t:|1699962162\n|switch|p2a: Sableye|Sableye, M|52\/100\n|turn|15\n|\n|t:|1699962174\n|move|p2a: Sableye|Light Screen|p2a: Sableye\n|-sidestart|p2: Poke_Gamer_Devil|move: Light Screen\n|move|p1a: Liam|Moonblast|p2a: Sableye\n|-supereffective|p2a: Sableye\n|-damage|p2a: Sableye|0 fnt\n|faint|p2a: Sableye\n|\n|upkeep\n|\n|t:|1699962181\n|switch|p2a: Shuckle|Shuckle, F|88\/100 tox\n|turn|16\n|inactive|Kartik thats it has 240 seconds left.\n|\n|t:|1699962215\n|switch|p1a: Zayn|Sneasler, M, shiny|100\/100\n|-enditem|p1a: Zayn|Psychic Seed\n|-boost|p1a: Zayn|spd|1|[from] item: Psychic Seed\n|move|p2a: Shuckle|Sticky Web|p1a: Zayn\n|-sidestart|p1: Kartik thats it|move: Sticky Web\n|\n|-heal|p2a: Shuckle|94\/100 tox|[from] item: Leftovers\n|-damage|p2a: Shuckle|88\/100 tox|[from] psn\n|upkeep\n|turn|17\n|inactive|Kartik thats it has 240 seconds left.\n|\n|t:|1699962246\n|move|p1a: Zayn|Swords Dance|p1a: Zayn\n|-boost|p1a: Zayn|atk|2\n|move|p2a: Shuckle|Stealth Rock|p1a: Zayn\n|-sidestart|p1: Kartik thats it|move: Stealth Rock\n|\n|-heal|p2a: Shuckle|94\/100 tox|[from] item: Leftovers\n|-damage|p2a: Shuckle|82\/100 tox|[from] psn\n|upkeep\n|turn|18\n|\n|t:|1699962262\n|move|p1a: Zayn|Close Combat|p2a: Shuckle\n|-damage|p2a: Shuckle|0 fnt\n|-unboost|p1a: Zayn|def|1\n|-unboost|p1a: Zayn|spd|1\n|faint|p2a: Shuckle\n|\n|-fieldend|move: Psychic Terrain\n|upkeep\n|c|\u2606Kartik thats it|Shit\n|\n|t:|1699962266\n|switch|p2a: Ceruledge|Ceruledge, M|100\/100\n|turn|19\n|\n|t:|1699962276\n|-terastallize|p1a: Zayn|Flying\n|move|p1a: Zayn|Shadow Claw|p2a: Ceruledge\n|-supereffective|p2a: Ceruledge\n|-enditem|p2a: Ceruledge|Focus Sash\n|-damage|p2a: Ceruledge|1\/100\n|-ability|p2a: Ceruledge|Weak Armor|boost\n|-unboost|p2a: Ceruledge|def|1\n|-boost|p2a: Ceruledge|spe|2\n|move|p2a: Ceruledge|Swords Dance|p2a: Ceruledge\n|-boost|p2a: Ceruledge|atk|2\n|\n|upkeep\n|turn|20\n|\n|t:|1699962291\n|move|p1a: Zayn|Shadow Claw|p2a: Ceruledge\n|-supereffective|p2a: Ceruledge\n|-damage|p2a: Ceruledge|0 fnt\n|faint|p2a: Ceruledge\n|\n|upkeep\n|\n|t:|1699962297\n|switch|p2a: Charizard|Charizard, F|100\/100\n|turn|21\n|c| Blazzeon|700+ hoti h sneasler ki speed\n|inactive|Kartik thats it has 240 seconds left.\n|\n|t:|1699962304\n|detailschange|p2a: Charizard|Charizard-Mega-Y, F\n|-mega|p2a: Charizard|Charizard|Charizardite Y\n|-weather|SunnyDay|[from] ability: Drought|[of] p2a: Charizard\n|move|p1a: Zayn|Dire Claw|p2a: Charizard\n|-damage|p2a: Charizard|0 fnt\n|faint|p2a: Charizard\n|\n|-weather|SunnyDay|[upkeep]\n|upkeep\n|c| Blazzeon|Devil kya krra ye bsb\n|\n|t:|1699962311\n|switch|p2a: Kartana|Kartana|100\/100\n|turn|22\n|c| psycotia|gg\n|c|\u2606Poke_Gamer_Devil|Misclick\n|c|\u2606Kartik thats it|Gg\n|c|\u2606Poke_Gamer_Devil|Aur thunder punch leliya galti se thunder wave ki jagah\n|inactive|Poke_Gamer_Devil has 270 seconds left.\n|\n|t:|1699962341\n|move|p1a: Zayn|Close Combat|p2a: Kartana\n|-supereffective|p2a: Kartana\n|-damage|p2a: Kartana|0 fnt\n|-unboost|p1a: Zayn|def|1\n|-unboost|p1a: Zayn|spd|1\n|faint|p2a: Kartana\n|\n|win|Kartik thats it\n|l|\u2606Poke_Gamer_Devil\n","uploadtime":1699962354,"views":4,"p1id":"kartikthatsit","p2id":"pokegamerdevil","formatid":"gen9nationaldex","rating":0,"private":0,"password":""}