{"id":"gen9nationaldex-1998735723","p1":"steelix217891011","p2":"Alex428","format":"[Gen 9] National Dex","log":"|html|<div class=\"broadcast-blue\"><strong>[Gen 9] National Dex is currently suspecting Sneasler! For information on how to participate check out the <a href=\"https:\/\/www.smogon.com\/forums\/threads\/sv-national-dex-suspect-8-just-dance.3731534\/\">suspect thread<\/a>.<\/strong><\/div>\n|j|\u2606steelix217891011\n|j|\u2606Alex428\n|t:|1700980300\n|gametype|singles\n|player|p1|steelix217891011|marshal|1059\n|player|p2|Alex428|palmer|1000\n|teamsize|p1|6\n|teamsize|p2|6\n|gen|9\n|tier|[Gen 9] National Dex\n|rated|\n|rule|HP Percentage Mod: HP is shown in percentages\n|rule|Endless Battle Clause: Forcing endless battles is banned\n|rule|OHKO Clause: OHKO moves are banned\n|rule|Evasion Clause: Evasion abilities, items, and moves are banned\n|rule|Evasion Abilities Clause: Evasion abilities are banned\n|rule|Evasion Items Clause: Evasion items are banned\n|rule|Evasion Moves Clause: Evasion moves are banned\n|rule|Species Clause: Limit one of each Pok\u00e9mon\n|rule|Sleep Clause Mod: Limit one foe put to sleep\n|clearpoke\n|poke|p1|Corviknight, M|\n|poke|p1|Decidueye-Hisui, M|\n|poke|p1|Braviary, M|\n|poke|p1|Pidgeot, M|\n|poke|p1|Blaziken, M|\n|poke|p1|Togekiss, F|\n|poke|p2|Slowking-Galar, F|\n|poke|p2|Corviknight, M|\n|poke|p2|Clefable, F|\n|poke|p2|Latias, F|\n|poke|p2|Gastrodon, M|\n|poke|p2|Weavile, M|\n|teampreview\n|\n|t:|1700980312\n|start\n|switch|p1a: Pidgeot|Pidgeot, M|100\/100\n|switch|p2a: Clefable|Clefable, F|100\/100\n|turn|1\n|\n|t:|1700980322\n|detailschange|p1a: Pidgeot|Pidgeot-Mega, M\n|-mega|p1a: Pidgeot|Pidgeot|Pidgeotite\n|move|p1a: Pidgeot|U-turn|p2a: Clefable\n|-resisted|p2a: Clefable\n|-damage|p2a: Clefable|94\/100\n|\n|t:|1700980327\n|switch|p1a: Corviknight|Corviknight, M|100\/100|[from] U-turn\n|move|p2a: Clefable|Stealth Rock|p1a: Corviknight\n|-sidestart|p1: steelix217891011|move: Stealth Rock\n|\n|upkeep\n|turn|2\n|\n|t:|1700980349\n|switch|p2a: Weavile|Weavile, M|100\/100\n|-ability|p2a: Weavile|Pressure\n|move|p1a: Corviknight|Iron Head|p2a: Weavile\n|-supereffective|p2a: Weavile\n|-damage|p2a: Weavile|0 fnt\n|faint|p2a: Weavile\n|\n|upkeep\n|\n|t:|1700980361\n|switch|p2a: Gastrodon|Gastrodon, M|100\/100\n|turn|3\n|\n|t:|1700980367\n|move|p1a: Corviknight|Iron Head|p2a: Gastrodon\n|-resisted|p2a: Gastrodon\n|-crit|p2a: Gastrodon\n|-damage|p2a: Gastrodon|77\/100\n|move|p2a: Gastrodon|Scald|p1a: Corviknight\n|-damage|p1a: Corviknight|73\/100\n|\n|-heal|p1a: Corviknight|79\/100|[from] item: Leftovers\n|-heal|p2a: Gastrodon|83\/100|[from] item: Leftovers\n|upkeep\n|turn|4\n|\n|t:|1700980377\n|move|p1a: Corviknight|Brave Bird|p2a: Gastrodon\n|-damage|p2a: Gastrodon|30\/100\n|-damage|p1a: Corviknight|57\/100|[from] Recoil\n|move|p2a: Gastrodon|Scald|p1a: Corviknight\n|-damage|p1a: Corviknight|27\/100\n|\n|-heal|p1a: Corviknight|33\/100|[from] item: Leftovers\n|-heal|p2a: Gastrodon|36\/100|[from] item: Leftovers\n|upkeep\n|turn|5\n|inactive|Battle timer is ON: inactive players will automatically lose when time's up. (requested by steelix217891011)\n|\n|t:|1700980388\n|move|p1a: Corviknight|Roost|p1a: Corviknight\n|-heal|p1a: Corviknight|83\/100\n|-singleturn|p1a: Corviknight|move: Roost\n|move|p2a: Gastrodon|Scald|p1a: Corviknight\n|-damage|p1a: Corviknight|52\/100\n|\n|-heal|p1a: Corviknight|58\/100|[from] item: Leftovers\n|-heal|p2a: Gastrodon|43\/100|[from] item: Leftovers\n|upkeep\n|turn|6\n|\n|t:|1700980401\n|move|p1a: Corviknight|Iron Head|p2a: Gastrodon\n|-resisted|p2a: Gastrodon\n|-damage|p2a: Gastrodon|26\/100\n|cant|p2a: Gastrodon|flinch\n|\n|-heal|p1a: Corviknight|65\/100|[from] item: Leftovers\n|-heal|p2a: Gastrodon|32\/100|[from] item: Leftovers\n|upkeep\n|turn|7\n|\n|t:|1700980410\n|move|p1a: Corviknight|Iron Head|p2a: Gastrodon\n|-resisted|p2a: Gastrodon\n|-damage|p2a: Gastrodon|13\/100\n|cant|p2a: Gastrodon|flinch\n|\n|-heal|p1a: Corviknight|71\/100|[from] item: Leftovers\n|-heal|p2a: Gastrodon|19\/100|[from] item: Leftovers\n|upkeep\n|turn|8\n|\n|t:|1700980426\n|move|p1a: Corviknight|Iron Head|p2a: Gastrodon\n|-resisted|p2a: Gastrodon\n|-damage|p2a: Gastrodon|2\/100\n|cant|p2a: Gastrodon|flinch\n|\n|-heal|p1a: Corviknight|77\/100|[from] item: Leftovers\n|-heal|p2a: Gastrodon|8\/100|[from] item: Leftovers\n|upkeep\n|turn|9\n|\n|t:|1700980434\n|move|p1a: Corviknight|Iron Head|p2a: Gastrodon\n|-resisted|p2a: Gastrodon\n|-damage|p2a: Gastrodon|0 fnt\n|faint|p2a: Gastrodon\n|\n|-heal|p1a: Corviknight|83\/100|[from] item: Leftovers\n|upkeep\n|\n|t:|1700980455\n|switch|p2a: Latias|Latias, F|100\/100\n|turn|10\n|\n|t:|1700980464\n|detailschange|p2a: Latias|Latias-Mega, F\n|-mega|p2a: Latias|Latias|Latiasite\n|move|p2a: Latias|Mystical Fire|p1a: Corviknight\n|-supereffective|p1a: Corviknight\n|-damage|p1a: Corviknight|27\/100\n|-ability|p1a: Corviknight|Mirror Armor\n|-unboost|p2a: Latias|spa|1\n|move|p1a: Corviknight|Iron Head|p2a: Latias\n|-damage|p2a: Latias|74\/100\n|\n|-heal|p1a: Corviknight|33\/100|[from] item: Leftovers\n|upkeep\n|turn|11\n|\n|t:|1700980475\n|move|p2a: Latias|Calm Mind|p2a: Latias\n|-boost|p2a: Latias|spa|1\n|-boost|p2a: Latias|spd|1\n|move|p1a: Corviknight|Iron Head|p2a: Latias\n|-damage|p2a: Latias|47\/100\n|\n|-heal|p1a: Corviknight|40\/100|[from] item: Leftovers\n|upkeep\n|turn|12\n|\n|t:|1700980483\n|move|p2a: Latias|Mystical Fire|p1a: Corviknight\n|-supereffective|p1a: Corviknight\n|-damage|p1a: Corviknight|0 fnt\n|faint|p1a: Corviknight\n|\n|upkeep\n|\n|t:|1700980497\n|switch|p1a: Togekiss|Togekiss, F|100\/100\n|-damage|p1a: Togekiss|76\/100|[from] Stealth Rock\n|turn|13\n|\n|t:|1700980506\n|move|p2a: Latias|Mystical Fire|p1a: Togekiss\n|-crit|p1a: Togekiss\n|-damage|p1a: Togekiss|47\/100\n|-unboost|p1a: Togekiss|spa|1\n|move|p1a: Togekiss|Air Slash|p2a: Latias\n|-damage|p2a: Latias|32\/100\n|-damage|p1a: Togekiss|37\/100|[from] item: Life Orb\n|\n|upkeep\n|turn|14\n|\n|t:|1700980511\n|move|p2a: Latias|Recover|p2a: Latias\n|-heal|p2a: Latias|82\/100\n|move|p1a: Togekiss|Dazzling Gleam|p2a: Latias\n|-supereffective|p2a: Latias\n|-damage|p2a: Latias|45\/100\n|-damage|p1a: Togekiss|27\/100|[from] item: Life Orb\n|\n|upkeep\n|turn|15\n|\n|t:|1700980519\n|move|p2a: Latias|Recover|p2a: Latias\n|-heal|p2a: Latias|95\/100\n|move|p1a: Togekiss|Wish|p1a: Togekiss\n|\n|upkeep\n|turn|16\n|\n|t:|1700980525\n|move|p2a: Latias|Calm Mind|p2a: Latias\n|-boost|p2a: Latias|spa|1\n|-boost|p2a: Latias|spd|1\n|move|p1a: Togekiss|Dazzling Gleam|p2a: Latias\n|-supereffective|p2a: Latias\n|-crit|p2a: Latias\n|-damage|p2a: Latias|0 fnt\n|faint|p2a: Latias\n|-damage|p1a: Togekiss|17\/100|[from] item: Life Orb\n|\n|-heal|p1a: Togekiss|67\/100|[from] move: Wish|[wisher] Togekiss\n|upkeep\n|\n|t:|1700980541\n|switch|p2a: Slowking|Slowking-Galar, F|100\/100\n|turn|17\n|\n|t:|1700980553\n|move|p1a: Togekiss|Air Slash|p2a: Slowking\n|-crit|p2a: Slowking\n|-damage|p2a: Slowking|33\/100\n|-damage|p1a: Togekiss|57\/100|[from] item: Life Orb\n|cant|p2a: Slowking|flinch\n|\n|upkeep\n|turn|18\n|\n|t:|1700980568\n|move|p1a: Togekiss|Air Slash|p2a: Slowking\n|-damage|p2a: Slowking|6\/100\n|-damage|p1a: Togekiss|47\/100|[from] item: Life Orb\n|cant|p2a: Slowking|flinch\n|\n|upkeep\n|turn|19\n|\n|t:|1700980577\n|move|p1a: Togekiss|Air Slash|p2a: Slowking\n|-damage|p2a: Slowking|0 fnt\n|faint|p2a: Slowking\n|-damage|p1a: Togekiss|37\/100|[from] item: Life Orb\n|\n|upkeep\n|\n|t:|1700980585\n|switch|p2a: Clefable|Clefable, F|94\/100\n|turn|20\n|\n|t:|1700980593\n|move|p1a: Togekiss|Wish|p1a: Togekiss\n|move|p2a: Clefable|Moonblast|p1a: Togekiss\n|-damage|p1a: Togekiss|13\/100\n|\n|upkeep\n|turn|21\n|\n|t:|1700980598\n|move|p1a: Togekiss|Air Slash|p2a: Clefable\n|-damage|p2a: Clefable|70\/100\n|-damage|p1a: Togekiss|3\/100|[from] item: Life Orb\n|cant|p2a: Clefable|flinch\n|\n|-heal|p1a: Togekiss|53\/100|[from] move: Wish|[wisher] Togekiss\n|upkeep\n|turn|22\n|\n|t:|1700980606\n|move|p1a: Togekiss|Air Slash|p2a: Clefable\n|-damage|p2a: Clefable|47\/100\n|-damage|p1a: Togekiss|43\/100|[from] item: Life Orb\n|cant|p2a: Clefable|flinch\n|\n|upkeep\n|turn|23\n|\n|t:|1700980612\n|move|p1a: Togekiss|Air Slash|p2a: Clefable\n|-damage|p2a: Clefable|22\/100\n|-damage|p1a: Togekiss|33\/100|[from] item: Life Orb\n|cant|p2a: Clefable|flinch\n|\n|upkeep\n|turn|24\n|\n|t:|1700980615\n|move|p1a: Togekiss|Air Slash|p2a: Clefable\n|-damage|p2a: Clefable|0 fnt\n|faint|p2a: Clefable\n|-damage|p1a: Togekiss|23\/100|[from] item: Life Orb\n|\n|upkeep\n|-message|Alex428 forfeited.\n|\n|win|steelix217891011\n|raw|steelix217891011's rating: 1059 &rarr; <strong>1085<\/strong><br \/>(+26 for winning)\n|raw|Alex428's rating: 1000 &rarr; <strong>1000<\/strong><br \/>(+0 for losing)\n|l|\u2606Alex428\n","uploadtime":1700980643,"views":12,"p1id":"steelix217891011","p2id":"alex428","formatid":"gen9nationaldex","rating":1000,"private":0,"password":""}