{"id":"gen9nationaldex-1998692869","p1":"miaoTV-\u9752","p2":"vestkid27","format":"[Gen 9] National Dex","log":"|html|<div class=\"broadcast-blue\"><strong>[Gen 9] National Dex is currently suspecting Sneasler! For information on how to participate check out the <a href=\"https:\/\/www.smogon.com\/forums\/threads\/sv-national-dex-suspect-8-just-dance.3731534\/\">suspect thread<\/a>.<\/strong><\/div>\n|j|\u2606miaoTV-\u9752\n|j|\u2606vestkid27\n|t:|1700973398\n|gametype|singles\n|player|p1|miaoTV-\u9752|265|1435\n|player|p2|vestkid27|janitor|1515\n|teamsize|p1|6\n|teamsize|p2|6\n|gen|9\n|tier|[Gen 9] National Dex\n|rated|\n|rule|HP Percentage Mod: HP is shown in percentages\n|rule|Endless Battle Clause: Forcing endless battles is banned\n|rule|OHKO Clause: OHKO moves are banned\n|rule|Evasion Clause: Evasion abilities, items, and moves are banned\n|rule|Evasion Abilities Clause: Evasion abilities are banned\n|rule|Evasion Items Clause: Evasion items are banned\n|rule|Evasion Moves Clause: Evasion moves are banned\n|rule|Species Clause: Limit one of each Pok\u00e9mon\n|rule|Sleep Clause Mod: Limit one foe put to sleep\n|clearpoke\n|poke|p1|Tapu Koko|\n|poke|p1|Zapdos|\n|poke|p1|Marowak-Alola, M|\n|poke|p1|Scizor, M|\n|poke|p1|Landorus-Therian, M|\n|poke|p1|Dhelmise|\n|poke|p2|Steelix, M|\n|poke|p2|Pinsir, F|\n|poke|p2|Victini|\n|poke|p2|Brambleghast, M|\n|poke|p2|Umbreon, M|\n|poke|p2|Seismitoad, M|\n|teampreview\n|c|\u2606vestkid27|Glhf\n|inactive|Battle timer is ON: inactive players will automatically lose when time's up. (requested by miaoTV-\u9752)\n|\n|t:|1700973426\n|start\n|switch|p1a: Marowak|Marowak-Alola, M|100\/100\n|switch|p2a: Victini|Victini|100\/100\n|turn|1\n|\n|t:|1700973436\n|move|p2a: Victini|U-turn|p1a: Marowak\n|-resisted|p1a: Marowak\n|-damage|p1a: Marowak|97\/100\n|\n|t:|1700973439\n|switch|p2a: Umbreon|Umbreon, M|100\/100|[from] U-turn\n|move|p1a: Marowak|Earthquake|p2a: Umbreon\n|-damage|p2a: Umbreon|71\/100\n|\n|-heal|p2a: Umbreon|77\/100|[from] item: Leftovers\n|upkeep\n|turn|2\n|\n|t:|1700973448\n|switch|p1a: Scizor|Scizor, M|100\/100\n|move|p2a: Umbreon|Foul Play|p1a: Scizor\n|-damage|p1a: Scizor|46\/100\n|\n|-heal|p2a: Umbreon|83\/100|[from] item: Leftovers\n|upkeep\n|turn|3\n|\n|t:|1700973461\n|detailschange|p1a: Scizor|Scizor-Mega, M\n|-mega|p1a: Scizor|Scizor|Scizorite\n|move|p1a: Scizor|U-turn|p2a: Umbreon\n|-supereffective|p2a: Umbreon\n|-damage|p2a: Umbreon|34\/100\n|\n|t:|1700973469\n|switch|p1a: Zapdos|Zapdos|100\/100|[from] U-turn\n|-ability|p1a: Zapdos|Pressure\n|move|p2a: Umbreon|Foul Play|p1a: Zapdos\n|-damage|p1a: Zapdos|73\/100\n|\n|-heal|p1a: Zapdos|79\/100|[from] item: Leftovers\n|-heal|p2a: Umbreon|40\/100|[from] item: Leftovers\n|upkeep\n|turn|4\n|\n|t:|1700973481\n|move|p2a: Umbreon|Protect|p2a: Umbreon\n|-singleturn|p2a: Umbreon|Protect\n|move|p1a: Zapdos|U-turn|p2a: Umbreon\n|-activate|p2a: Umbreon|move: Protect\n|\n|-heal|p1a: Zapdos|86\/100|[from] item: Leftovers\n|-heal|p2a: Umbreon|46\/100|[from] item: Leftovers\n|upkeep\n|turn|5\n|\n|t:|1700973491\n|move|p1a: Zapdos|U-turn|p2a: Umbreon\n|-supereffective|p2a: Umbreon\n|-damage|p2a: Umbreon|32\/100\n|\n|t:|1700973495\n|switch|p1a: Scizor|Scizor-Mega, M|46\/100|[from] U-turn\n|move|p2a: Umbreon|Wish|p2a: Umbreon\n|\n|-heal|p2a: Umbreon|38\/100|[from] item: Leftovers\n|upkeep\n|turn|6\n|\n|t:|1700973506\n|switch|p2a: Victini|Victini|100\/100\n|move|p1a: Scizor|Roost|p1a: Scizor\n|-heal|p1a: Scizor|96\/100\n|-singleturn|p1a: Scizor|move: Roost\n|\n|upkeep\n|turn|7\n|\n|t:|1700973516\n|switch|p1a: Landorus|Landorus-Therian, M|100\/100\n|-ability|p1a: Landorus|Intimidate|boost\n|-unboost|p2a: Victini|atk|1\n|move|p2a: Victini|Blue Flare|p1a: Landorus\n|-damage|p1a: Landorus|6\/100\n|\n|upkeep\n|turn|8\n|\n|t:|1700973532\n|switch|p2a: Brambleghast|Brambleghast, M|100\/100\n|switch|p1a: Marowak|Marowak-Alola, M|97\/100\n|\n|upkeep\n|turn|9\n|inactive|vestkid27 has 120 seconds left.\n|\n|t:|1700973567\n|switch|p2a: Umbreon|Umbreon, M|38\/100\n|switch|p1a: Zapdos|Zapdos|86\/100\n|-ability|p1a: Zapdos|Pressure\n|\n|-heal|p1a: Zapdos|92\/100|[from] item: Leftovers\n|-heal|p2a: Umbreon|44\/100|[from] item: Leftovers\n|upkeep\n|turn|10\n|inactive|vestkid27 has 120 seconds left.\n|\n|t:|1700973577\n|move|p2a: Umbreon|Protect|p2a: Umbreon\n|-singleturn|p2a: Umbreon|Protect\n|move|p1a: Zapdos|U-turn|p2a: Umbreon\n|-activate|p2a: Umbreon|move: Protect\n|\n|-heal|p1a: Zapdos|98\/100|[from] item: Leftovers\n|-heal|p2a: Umbreon|50\/100|[from] item: Leftovers\n|upkeep\n|turn|11\n|inactive|vestkid27 has 120 seconds left.\n|\n|t:|1700973591\n|switch|p2a: Victini|Victini|100\/100\n|move|p1a: Zapdos|U-turn|p2a: Victini\n|-damage|p2a: Victini|88\/100\n|\n|t:|1700973594\n|switch|p1a: Marowak|Marowak-Alola, M|97\/100|[from] U-turn\n|\n|upkeep\n|turn|12\n|\n|t:|1700973610\n|move|p2a: Victini|U-turn|p1a: Marowak\n|-resisted|p1a: Marowak\n|-damage|p1a: Marowak|94\/100\n|\n|t:|1700973615\n|switch|p2a: Seismitoad|Seismitoad, M|100\/100|[from] U-turn\n|move|p1a: Marowak|Poltergeist|p2a: Seismitoad\n|-activate|p2a: Seismitoad|move: Poltergeist|Leftovers\n|-damage|p2a: Seismitoad|0 fnt\n|faint|p2a: Seismitoad\n|\n|upkeep\n|inactive|vestkid27 has 120 seconds left.\n|\n|t:|1700973640\n|switch|p2a: Umbreon|Umbreon, M|50\/100\n|turn|13\n|\n|t:|1700973645\n|switch|p1a: Tapu Koko|Tapu Koko|100\/100\n|-fieldstart|move: Electric Terrain|[from] ability: Electric Surge|[of] p1a: Tapu Koko\n|move|p2a: Umbreon|Wish|p2a: Umbreon\n|\n|-heal|p2a: Umbreon|57\/100|[from] item: Leftovers\n|upkeep\n|turn|14\n|\n|t:|1700973654\n|switch|p2a: Brambleghast|Brambleghast, M|100\/100\n|move|p1a: Tapu Koko|U-turn|p2a: Brambleghast\n|-damage|p2a: Brambleghast|74\/100\n|\n|t:|1700973662\n|switch|p1a: Scizor|Scizor-Mega, M|96\/100|[from] U-turn\n|\n|-heal|p2a: Brambleghast|100\/100|[from] move: Wish|[wisher] Umbreon\n|upkeep\n|turn|15\n|\n|t:|1700973668\n|move|p2a: Brambleghast|Spikes|p1a: Scizor\n|-sidestart|p1: miaoTV-\u9752|Spikes\n|move|p1a: Scizor|U-turn|p2a: Brambleghast\n|-damage|p2a: Brambleghast|12\/100\n|\n|t:|1700973675\n|switch|p1a: Tapu Koko|Tapu Koko|100\/100|[from] U-turn\n|-damage|p1a: Tapu Koko|88\/100|[from] Spikes\n|\n|upkeep\n|turn|16\n|\n|t:|1700973694\n|switch|p2a: Victini|Victini|88\/100\n|move|p1a: Tapu Koko|U-turn|p2a: Victini\n|-damage|p2a: Victini|72\/100\n|\n|t:|1700973704\n|switch|p1a: Zapdos|Zapdos|98\/100|[from] U-turn\n|-ability|p1a: Zapdos|Pressure\n|\n|-heal|p1a: Zapdos|100\/100|[from] item: Leftovers\n|upkeep\n|turn|17\n|\n|t:|1700973713\n|-terastallize|p1a: Zapdos|Water\n|move|p2a: Victini|Trick|p1a: Zapdos\n|-activate|p2a: Victini|move: Trick|[of] p1a: Zapdos\n|-item|p1a: Zapdos|Choice Specs|[from] move: Trick\n|-item|p2a: Victini|Leftovers|[from] move: Trick\n|move|p1a: Zapdos|Discharge|p2a: Victini\n|-damage|p2a: Victini|2\/100\n|\n|-heal|p2a: Victini|8\/100|[from] item: Leftovers\n|-fieldend|move: Electric Terrain\n|upkeep\n|turn|18\n|\n|t:|1700973735\n|switch|p1a: Landorus|Landorus-Therian, M|6\/100\n|-ability|p1a: Landorus|Intimidate|boost\n|-unboost|p2a: Victini|atk|1\n|move|p2a: Victini|U-turn|p1a: Landorus\n|-resisted|p1a: Landorus\n|-damage|p1a: Landorus|2\/100\n|\n|t:|1700973741\n|switch|p2a: Brambleghast|Brambleghast, M|12\/100|[from] U-turn\n|\n|upkeep\n|turn|19\n|\n|t:|1700973748\n|move|p2a: Brambleghast|Spikes|p1a: Landorus\n|-sidestart|p1: miaoTV-\u9752|Spikes\n|move|p1a: Landorus|Defog|p2a: Brambleghast\n|-unboost|p2a: Brambleghast|evasion|1\n|-sideend|p1: miaoTV-\u9752|Spikes|[from] move: Defog|[of] p1a: Landorus\n|\n|upkeep\n|turn|20\n|\n|t:|1700973754\n|move|p2a: Brambleghast|Spikes|p1a: Landorus\n|-sidestart|p1: miaoTV-\u9752|Spikes\n|move|p1a: Landorus|U-turn|p2a: Brambleghast\n|-damage|p2a: Brambleghast|0 fnt\n|faint|p2a: Brambleghast\n|\n|t:|1700973761\n|switch|p1a: Dhelmise|Dhelmise|100\/100|[from] U-turn\n|-damage|p1a: Dhelmise|88\/100|[from] Spikes\n|\n|upkeep\n|\n|t:|1700973769\n|switch|p2a: Pinsir|Pinsir, F|100\/100\n|turn|21\n|\n|t:|1700973781\n|switch|p1a: Landorus|Landorus-Therian, M|2\/100\n|-ability|p1a: Landorus|Intimidate|boost\n|-unboost|p2a: Pinsir|atk|1\n|detailschange|p2a: Pinsir|Pinsir-Mega, F\n|-mega|p2a: Pinsir|Pinsir|Pinsirite\n|move|p2a: Pinsir|Return|p1a: Landorus\n|-damage|p1a: Landorus|0 fnt\n|faint|p1a: Landorus\n|\n|upkeep\n|\n|t:|1700973786\n|switch|p1a: Zapdos|Zapdos, tera:Water|100\/100\n|-damage|p1a: Zapdos|88\/100|[from] Spikes\n|-ability|p1a: Zapdos|Pressure\n|turn|22\n|\n|t:|1700973806\n|switch|p2a: Steelix|Steelix, M|100\/100\n|move|p1a: Zapdos|Discharge|p2a: Steelix\n|-immune|p2a: Steelix\n|\n|upkeep\n|turn|23\n|\n|t:|1700973816\n|switch|p1a: Dhelmise|Dhelmise|88\/100\n|-damage|p1a: Dhelmise|75\/100|[from] Spikes\n|move|p2a: Steelix|Dragon Tail|p1a: Dhelmise\n|-damage|p1a: Dhelmise|60\/100\n|drag|p1a: Zapdos|Zapdos, tera:Water|88\/100\n|-damage|p1a: Zapdos|75\/100|[from] Spikes\n|-ability|p1a: Zapdos|Pressure\n|\n|upkeep\n|turn|24\n|\n|t:|1700973828\n|move|p1a: Zapdos|Defog|p2a: Steelix\n|-unboost|p2a: Steelix|evasion|1\n|-sideend|p1: miaoTV-\u9752|Spikes|[from] move: Defog|[of] p1a: Zapdos\n|move|p2a: Steelix|Dragon Tail|p1a: Zapdos\n|-damage|p1a: Zapdos|59\/100\n|drag|p1a: Tapu Koko|Tapu Koko|88\/100\n|-fieldstart|move: Electric Terrain|[from] ability: Electric Surge|[of] p1a: Tapu Koko\n|\n|upkeep\n|turn|25\n|\n|t:|1700973838\n|move|p1a: Tapu Koko|U-turn|p2a: Steelix\n|-resisted|p2a: Steelix\n|-damage|p2a: Steelix|96\/100\n|\n|t:|1700973841\n|switch|p1a: Dhelmise|Dhelmise|60\/100|[from] U-turn\n|move|p2a: Steelix|Earthquake|p1a: Dhelmise\n|-resisted|p1a: Dhelmise\n|-damage|p1a: Dhelmise|39\/100\n|\n|upkeep\n|turn|26\n|\n|t:|1700973860\n|switch|p2a: Pinsir|Pinsir-Mega, F|100\/100\n|move|p1a: Dhelmise|Poltergeist|p2a: Pinsir\n|-activate|p2a: Pinsir|move: Poltergeist|Pinsirite\n|-damage|p2a: Pinsir|0 fnt\n|faint|p2a: Pinsir\n|\n|upkeep\n|\n|t:|1700973877\n|switch|p2a: Umbreon|Umbreon, M|57\/100\n|turn|27\n|\n|t:|1700973882\n|move|p2a: Umbreon|Wish|p2a: Umbreon\n|move|p1a: Dhelmise|Poltergeist|p2a: Umbreon\n|-activate|p2a: Umbreon|move: Poltergeist|Leftovers\n|-resisted|p2a: Umbreon\n|-crit|p2a: Umbreon\n|-damage|p2a: Umbreon|12\/100\n|\n|-heal|p2a: Umbreon|19\/100|[from] item: Leftovers\n|upkeep\n|turn|28\n|\n|t:|1700973891\n|move|p2a: Umbreon|Foul Play|p1a: Dhelmise\n|-supereffective|p1a: Dhelmise\n|-crit|p1a: Dhelmise\n|-damage|p1a: Dhelmise|0 fnt\n|faint|p1a: Dhelmise\n|\n|-heal|p2a: Umbreon|69\/100|[from] move: Wish|[wisher] Umbreon\n|-heal|p2a: Umbreon|75\/100|[from] item: Leftovers\n|-fieldend|move: Electric Terrain\n|upkeep\n|\n|t:|1700973894\n|switch|p1a: Scizor|Scizor-Mega, M|96\/100\n|turn|29\n|\n|t:|1700973903\n|move|p1a: Scizor|Curse|p1a: Scizor\n|-unboost|p1a: Scizor|spe|1\n|-boost|p1a: Scizor|atk|1\n|-boost|p1a: Scizor|def|1\n|move|p2a: Umbreon|Wish|p2a: Umbreon\n|\n|-heal|p2a: Umbreon|81\/100|[from] item: Leftovers\n|upkeep\n|turn|30\n|\n|t:|1700973915\n|move|p1a: Scizor|Bullet Punch|p2a: Umbreon\n|-damage|p2a: Umbreon|48\/100\n|move|p2a: Umbreon|Taunt|p1a: Scizor\n|-start|p1a: Scizor|move: Taunt\n|\n|-heal|p2a: Umbreon|98\/100|[from] move: Wish|[wisher] Umbreon\n|-heal|p2a: Umbreon|100\/100|[from] item: Leftovers\n|upkeep\n|turn|31\n|\n|t:|1700973925\n|move|p2a: Umbreon|Wish|p2a: Umbreon\n|move|p1a: Scizor|U-turn|p2a: Umbreon\n|-supereffective|p2a: Umbreon\n|-damage|p2a: Umbreon|28\/100\n|\n|t:|1700973928\n|switch|p1a: Tapu Koko|Tapu Koko|88\/100|[from] U-turn\n|-fieldstart|move: Electric Terrain|[from] ability: Electric Surge|[of] p1a: Tapu Koko\n|\n|-heal|p2a: Umbreon|35\/100|[from] item: Leftovers\n|upkeep\n|turn|32\n|\n|t:|1700973944\n|move|p2a: Umbreon|Protect|p2a: Umbreon\n|-singleturn|p2a: Umbreon|Protect\n|move|p1a: Tapu Koko|Dazzling Gleam|p2a: Umbreon\n|-activate|p2a: Umbreon|move: Protect\n|\n|-heal|p2a: Umbreon|85\/100|[from] move: Wish|[wisher] Umbreon\n|-heal|p2a: Umbreon|91\/100|[from] item: Leftovers\n|upkeep\n|turn|33\n|\n|t:|1700973953\n|switch|p1a: Scizor|Scizor-Mega, M|96\/100\n|move|p2a: Umbreon|Wish|p2a: Umbreon\n|\n|-heal|p2a: Umbreon|97\/100|[from] item: Leftovers\n|upkeep\n|turn|34\n|\n|t:|1700973962\n|move|p1a: Scizor|Bullet Punch|p2a: Umbreon\n|-damage|p2a: Umbreon|73\/100\n|move|p2a: Umbreon|Foul Play|p1a: Scizor\n|-damage|p1a: Scizor|51\/100\n|\n|-heal|p2a: Umbreon|100\/100|[from] move: Wish|[wisher] Umbreon\n|upkeep\n|turn|35\n|\n|t:|1700973973\n|move|p1a: Scizor|Roost|p1a: Scizor\n|-heal|p1a: Scizor|100\/100\n|-singleturn|p1a: Scizor|move: Roost\n|move|p2a: Umbreon|Taunt|p1a: Scizor\n|-start|p1a: Scizor|move: Taunt\n|\n|-fieldend|move: Electric Terrain\n|upkeep\n|turn|36\n|\n|t:|1700973983\n|move|p1a: Scizor|U-turn|p2a: Umbreon\n|-supereffective|p2a: Umbreon\n|-damage|p2a: Umbreon|44\/100\n|\n|t:|1700973985\n|switch|p1a: Zapdos|Zapdos, tera:Water|59\/100|[from] U-turn\n|-ability|p1a: Zapdos|Pressure\n|move|p2a: Umbreon|Foul Play|p1a: Zapdos\n|-damage|p1a: Zapdos|31\/100\n|\n|-heal|p2a: Umbreon|50\/100|[from] item: Leftovers\n|upkeep\n|turn|37\n|\n|t:|1700973995\n|move|p1a: Zapdos|Roost|p1a: Zapdos\n|-heal|p1a: Zapdos|81\/100\n|move|p2a: Umbreon|Wish|p2a: Umbreon\n|\n|-heal|p2a: Umbreon|56\/100|[from] item: Leftovers\n|upkeep\n|turn|38\n|\n|t:|1700974003\n|switch|p1a: Tapu Koko|Tapu Koko|88\/100\n|-fieldstart|move: Electric Terrain|[from] ability: Electric Surge|[of] p1a: Tapu Koko\n|move|p2a: Umbreon|Taunt|p1a: Tapu Koko\n|-start|p1a: Tapu Koko|move: Taunt\n|\n|-heal|p2a: Umbreon|100\/100|[from] move: Wish|[wisher] Umbreon\n|upkeep\n|turn|39\n|\n|t:|1700974013\n|move|p1a: Tapu Koko|U-turn|p2a: Umbreon\n|-supereffective|p2a: Umbreon\n|-damage|p2a: Umbreon|81\/100\n|\n|t:|1700974017\n|switch|p1a: Zapdos|Zapdos, tera:Water|81\/100|[from] U-turn\n|-ability|p1a: Zapdos|Pressure\n|move|p2a: Umbreon|Wish|p2a: Umbreon\n|\n|-heal|p2a: Umbreon|87\/100|[from] item: Leftovers\n|upkeep\n|turn|40\n|\n|t:|1700974028\n|move|p1a: Zapdos|U-turn|p2a: Umbreon\n|-supereffective|p2a: Umbreon\n|-damage|p2a: Umbreon|71\/100\n|\n|t:|1700974032\n|switch|p1a: Scizor|Scizor-Mega, M|100\/100|[from] U-turn\n|move|p2a: Umbreon|Foul Play|p1a: Scizor\n|-damage|p1a: Scizor|55\/100\n|\n|-heal|p2a: Umbreon|100\/100|[from] move: Wish|[wisher] Umbreon\n|upkeep\n|turn|41\n|\n|t:|1700974041\n|move|p1a: Scizor|U-turn|p2a: Umbreon\n|-supereffective|p2a: Umbreon\n|-damage|p2a: Umbreon|47\/100\n|\n|t:|1700974044\n|switch|p1a: Zapdos|Zapdos, tera:Water|81\/100|[from] U-turn\n|-ability|p1a: Zapdos|Pressure\n|move|p2a: Umbreon|Wish|p2a: Umbreon\n|\n|-heal|p2a: Umbreon|53\/100|[from] item: Leftovers\n|upkeep\n|turn|42\n|\n|t:|1700974072\n|move|p2a: Umbreon|Protect|p2a: Umbreon\n|-singleturn|p2a: Umbreon|Protect\n|move|p1a: Zapdos|Discharge|p2a: Umbreon\n|-activate|p2a: Umbreon|move: Protect\n|\n|-heal|p2a: Umbreon|100\/100|[from] move: Wish|[wisher] Umbreon\n|-fieldend|move: Electric Terrain\n|upkeep\n|turn|43\n|\n|t:|1700974081\n|switch|p1a: Scizor|Scizor-Mega, M|55\/100\n|move|p2a: Umbreon|Wish|p2a: Umbreon\n|\n|upkeep\n|turn|44\n|\n|t:|1700974086\n|switch|p2a: Victini|Victini|8\/100\n|move|p1a: Scizor|Roost|p1a: Scizor\n|-heal|p1a: Scizor|100\/100\n|-singleturn|p1a: Scizor|move: Roost\n|\n|-heal|p2a: Victini|66\/100|[from] move: Wish|[wisher] Umbreon\n|-heal|p2a: Victini|72\/100|[from] item: Leftovers\n|upkeep\n|turn|45\n|\n|t:|1700974099\n|switch|p1a: Marowak|Marowak-Alola, M|94\/100\n|move|p2a: Victini|Blue Flare|p1a: Marowak\n|-resisted|p1a: Marowak\n|-damage|p1a: Marowak|57\/100\n|\n|-heal|p2a: Victini|78\/100|[from] item: Leftovers\n|upkeep\n|turn|46\n|\n|t:|1700974109\n|move|p2a: Victini|U-turn|p1a: Marowak\n|-resisted|p1a: Marowak\n|-damage|p1a: Marowak|53\/100\n|\n|t:|1700974112\n|switch|p2a: Umbreon|Umbreon, M|100\/100|[from] U-turn\n|move|p1a: Marowak|Flare Blitz|p2a: Umbreon\n|-crit|p2a: Umbreon\n|-damage|p2a: Umbreon|10\/100\n|-damage|p1a: Marowak|15\/100|[from] Recoil\n|\n|-heal|p2a: Umbreon|16\/100|[from] item: Leftovers\n|upkeep\n|turn|47\n|\n|t:|1700974126\n|switch|p1a: Scizor|Scizor-Mega, M|100\/100\n|move|p2a: Umbreon|Wish|p2a: Umbreon\n|\n|-heal|p2a: Umbreon|23\/100|[from] item: Leftovers\n|upkeep\n|turn|48\n|\n|t:|1700974134\n|move|p2a: Umbreon|Protect|p2a: Umbreon\n|-singleturn|p2a: Umbreon|Protect\n|move|p1a: Scizor|Curse|p1a: Scizor\n|-unboost|p1a: Scizor|spe|1\n|-boost|p1a: Scizor|atk|1\n|-boost|p1a: Scizor|def|1\n|\n|-heal|p2a: Umbreon|73\/100|[from] move: Wish|[wisher] Umbreon\n|-heal|p2a: Umbreon|79\/100|[from] item: Leftovers\n|upkeep\n|turn|49\n|\n|t:|1700974148\n|switch|p2a: Victini|Victini|78\/100\n|move|p1a: Scizor|U-turn|p2a: Victini\n|-damage|p2a: Victini|13\/100\n|\n|t:|1700974153\n|switch|p1a: Tapu Koko|Tapu Koko|88\/100|[from] U-turn\n|-fieldstart|move: Electric Terrain|[from] ability: Electric Surge|[of] p1a: Tapu Koko\n|\n|-heal|p2a: Victini|19\/100|[from] item: Leftovers\n|upkeep\n|turn|50\n|\n|t:|1700974162\n|switch|p2a: Steelix|Steelix, M|96\/100\n|move|p1a: Tapu Koko|Dazzling Gleam|p2a: Steelix\n|-resisted|p2a: Steelix\n|-damage|p2a: Steelix|73\/100\n|\n|upkeep\n|turn|51\n|\n|t:|1700974169\n|switch|p1a: Zapdos|Zapdos, tera:Water|81\/100\n|-ability|p1a: Zapdos|Pressure\n|move|p2a: Steelix|Earthquake|p1a: Zapdos\n|-damage|p1a: Zapdos|36\/100\n|\n|upkeep\n|turn|52\n|\n|t:|1700974177\n|move|p1a: Zapdos|Roost|p1a: Zapdos\n|-heal|p1a: Zapdos|86\/100\n|move|p2a: Steelix|Earthquake|p1a: Zapdos\n|-damage|p1a: Zapdos|46\/100\n|\n|upkeep\n|turn|53\n|\n|t:|1700974184\n|move|p1a: Zapdos|Roost|p1a: Zapdos\n|-heal|p1a: Zapdos|96\/100\n|move|p2a: Steelix|Dragon Tail|p1a: Zapdos\n|-damage|p1a: Zapdos|77\/100\n|drag|p1a: Marowak|Marowak-Alola, M|15\/100\n|\n|-fieldend|move: Electric Terrain\n|upkeep\n|turn|54\n|\n|t:|1700974199\n|switch|p2a: Umbreon|Umbreon, M|79\/100\n|move|p1a: Marowak|Flare Blitz|p2a: Umbreon\n|-damage|p2a: Umbreon|17\/100\n|-damage|p1a: Marowak|0 fnt|[from] Recoil\n|faint|p1a: Marowak\n|\n|-heal|p2a: Umbreon|23\/100|[from] item: Leftovers\n|upkeep\n|\n|t:|1700974203\n|switch|p1a: Scizor|Scizor-Mega, M|100\/100\n|turn|55\n|\n|t:|1700974216\n|move|p2a: Umbreon|Protect|p2a: Umbreon\n|-singleturn|p2a: Umbreon|Protect\n|move|p1a: Scizor|U-turn|p2a: Umbreon\n|-activate|p2a: Umbreon|move: Protect\n|\n|-heal|p2a: Umbreon|29\/100|[from] item: Leftovers\n|upkeep\n|turn|56\n|\n|t:|1700974235\n|-terastallize|p2a: Umbreon|Ghost\n|move|p1a: Scizor|U-turn|p2a: Umbreon\n|-resisted|p2a: Umbreon\n|-damage|p2a: Umbreon|16\/100\n|\n|t:|1700974242\n|switch|p1a: Tapu Koko|Tapu Koko|88\/100|[from] U-turn\n|-fieldstart|move: Electric Terrain|[from] ability: Electric Surge|[of] p1a: Tapu Koko\n|move|p2a: Umbreon|Wish|p2a: Umbreon\n|\n|-heal|p2a: Umbreon|22\/100|[from] item: Leftovers\n|upkeep\n|turn|57\n|\n|t:|1700974251\n|move|p2a: Umbreon|Protect|p2a: Umbreon\n|-singleturn|p2a: Umbreon|Protect\n|move|p1a: Tapu Koko|Dazzling Gleam|p2a: Umbreon\n|-activate|p2a: Umbreon|move: Protect\n|\n|-heal|p2a: Umbreon|72\/100|[from] move: Wish|[wisher] Umbreon\n|-heal|p2a: Umbreon|78\/100|[from] item: Leftovers\n|upkeep\n|turn|58\n|\n|t:|1700974261\n|switch|p1a: Zapdos|Zapdos, tera:Water|77\/100\n|-ability|p1a: Zapdos|Pressure\n|move|p2a: Umbreon|Wish|p2a: Umbreon\n|\n|-heal|p2a: Umbreon|84\/100|[from] item: Leftovers\n|upkeep\n|turn|59\n|\n|t:|1700974270\n|switch|p2a: Steelix|Steelix, M|73\/100\n|move|p1a: Zapdos|Discharge|p2a: Steelix\n|-immune|p2a: Steelix\n|\n|-heal|p2a: Steelix|100\/100|[from] move: Wish|[wisher] Umbreon\n|upkeep\n|turn|60\n|\n|t:|1700974282\n|switch|p1a: Scizor|Scizor-Mega, M|100\/100\n|move|p2a: Steelix|Earthquake|p1a: Scizor\n|-damage|p1a: Scizor|69\/100\n|\n|-fieldend|move: Electric Terrain\n|upkeep\n|turn|61\n|\n|t:|1700974290\n|move|p1a: Scizor|U-turn|p2a: Steelix\n|-resisted|p2a: Steelix\n|-damage|p2a: Steelix|89\/100\n|\n|t:|1700974292\n|switch|p1a: Zapdos|Zapdos, tera:Water|77\/100|[from] U-turn\n|-ability|p1a: Zapdos|Pressure\n|move|p2a: Steelix|Earthquake|p1a: Zapdos\n|-damage|p1a: Zapdos|33\/100\n|\n|upkeep\n|turn|62\n|\n|t:|1700974301\n|move|p1a: Zapdos|Roost|p1a: Zapdos\n|-heal|p1a: Zapdos|83\/100\n|move|p2a: Steelix|Dragon Tail|p1a: Zapdos\n|-damage|p1a: Zapdos|66\/100\n|drag|p1a: Tapu Koko|Tapu Koko|88\/100\n|-fieldstart|move: Electric Terrain|[from] ability: Electric Surge|[of] p1a: Tapu Koko\n|\n|upkeep\n|turn|63\n|\n|t:|1700974310\n|move|p1a: Tapu Koko|U-turn|p2a: Steelix\n|-resisted|p2a: Steelix\n|-damage|p2a: Steelix|85\/100\n|\n|t:|1700974312\n|switch|p1a: Zapdos|Zapdos, tera:Water|66\/100|[from] U-turn\n|-ability|p1a: Zapdos|Pressure\n|move|p2a: Steelix|Earthquake|p1a: Zapdos\n|-damage|p1a: Zapdos|24\/100\n|\n|upkeep\n|turn|64\n|\n|t:|1700974321\n|move|p1a: Zapdos|Roost|p1a: Zapdos\n|-heal|p1a: Zapdos|74\/100\n|move|p2a: Steelix|Earthquake|p1a: Zapdos\n|-damage|p1a: Zapdos|33\/100\n|\n|upkeep\n|turn|65\n|\n|t:|1700974329\n|move|p1a: Zapdos|Roost|p1a: Zapdos\n|-heal|p1a: Zapdos|83\/100\n|move|p2a: Steelix|Dragon Tail|p1a: Zapdos\n|-damage|p1a: Zapdos|65\/100\n|drag|p1a: Tapu Koko|Tapu Koko|88\/100\n|\n|upkeep\n|turn|66\n|\n|t:|1700974340\n|move|p1a: Tapu Koko|U-turn|p2a: Steelix\n|-resisted|p2a: Steelix\n|-damage|p2a: Steelix|81\/100\n|\n|t:|1700974343\n|switch|p1a: Zapdos|Zapdos, tera:Water|65\/100|[from] U-turn\n|-ability|p1a: Zapdos|Pressure\n|move|p2a: Steelix|Earthquake|p1a: Zapdos\n|-damage|p1a: Zapdos|21\/100\n|\n|-fieldend|move: Electric Terrain\n|upkeep\n|turn|67\n|\n|t:|1700974352\n|move|p1a: Zapdos|Roost|p1a: Zapdos\n|-heal|p1a: Zapdos|71\/100\n|move|p2a: Steelix|Smack Down|p1a: Zapdos\n|-damage|p1a: Zapdos|56\/100\n|\n|upkeep\n|turn|68\n|\n|t:|1700974359\n|switch|p1a: Scizor|Scizor-Mega, M|69\/100\n|move|p2a: Steelix|Smack Down|p1a: Scizor\n|-damage|p1a: Scizor|57\/100\n|\n|upkeep\n|turn|69\n|\n|t:|1700974365\n|move|p1a: Scizor|Roost|p1a: Scizor\n|-heal|p1a: Scizor|100\/100\n|-singleturn|p1a: Scizor|move: Roost\n|move|p2a: Steelix|Dragon Tail|p1a: Scizor|[miss]\n|-miss|p2a: Steelix|p1a: Scizor\n|\n|upkeep\n|turn|70\n|\n|t:|1700974373\n|move|p1a: Scizor|Curse|p1a: Scizor\n|-unboost|p1a: Scizor|spe|1\n|-boost|p1a: Scizor|atk|1\n|-boost|p1a: Scizor|def|1\n|move|p2a: Steelix|Dragon Tail|p1a: Scizor\n|-resisted|p1a: Scizor\n|-damage|p1a: Scizor|96\/100\n|drag|p1a: Tapu Koko|Tapu Koko|88\/100\n|-fieldstart|move: Electric Terrain|[from] ability: Electric Surge|[of] p1a: Tapu Koko\n|\n|upkeep\n|turn|71\n|\n|t:|1700974383\n|move|p1a: Tapu Koko|U-turn|p2a: Steelix\n|-resisted|p2a: Steelix\n|-damage|p2a: Steelix|76\/100\n|\n|t:|1700974386\n|switch|p1a: Scizor|Scizor-Mega, M|96\/100|[from] U-turn\n|move|p2a: Steelix|Heavy Slam|p1a: Scizor\n|-resisted|p1a: Scizor\n|-damage|p1a: Scizor|83\/100\n|\n|upkeep\n|turn|72\n|\n|t:|1700974397\n|move|p1a: Scizor|Curse|p1a: Scizor\n|-unboost|p1a: Scizor|spe|1\n|-boost|p1a: Scizor|atk|1\n|-boost|p1a: Scizor|def|1\n|move|p2a: Steelix|Dragon Tail|p1a: Scizor\n|-resisted|p1a: Scizor\n|-damage|p1a: Scizor|78\/100\n|drag|p1a: Tapu Koko|Tapu Koko|88\/100\n|\n|upkeep\n|turn|73\n|\n|t:|1700974407\n|move|p1a: Tapu Koko|U-turn|p2a: Steelix\n|-resisted|p2a: Steelix\n|-damage|p2a: Steelix|72\/100\n|\n|t:|1700974410\n|switch|p1a: Scizor|Scizor-Mega, M|78\/100|[from] U-turn\n|move|p2a: Steelix|Dragon Tail|p1a: Scizor\n|-resisted|p1a: Scizor\n|-damage|p1a: Scizor|72\/100\n|drag|p1a: Zapdos|Zapdos, tera:Water|56\/100\n|-ability|p1a: Zapdos|Pressure\n|\n|upkeep\n|turn|74\n|\n|t:|1700974421\n|switch|p2a: Umbreon|Umbreon, M, tera:Ghost|84\/100\n|move|p1a: Zapdos|U-turn|p2a: Umbreon\n|-resisted|p2a: Umbreon\n|-crit|p2a: Umbreon\n|-damage|p2a: Umbreon|79\/100\n|\n|t:|1700974426\n|switch|p1a: Tapu Koko|Tapu Koko|88\/100|[from] U-turn\n|\n|-heal|p2a: Umbreon|85\/100|[from] item: Leftovers\n|-fieldend|move: Electric Terrain\n|upkeep\n|turn|75\n|\n|t:|1700974433\n|move|p1a: Tapu Koko|Volt Switch|p2a: Umbreon\n|-damage|p2a: Umbreon|57\/100\n|\n|t:|1700974437\n|switch|p1a: Zapdos|Zapdos, tera:Water|56\/100|[from] Volt Switch\n|-ability|p1a: Zapdos|Pressure\n|move|p2a: Umbreon|Wish|p2a: Umbreon\n|\n|-heal|p2a: Umbreon|63\/100|[from] item: Leftovers\n|upkeep\n|turn|76\n|\n|t:|1700974446\n|move|p1a: Zapdos|Discharge|p2a: Umbreon\n|-damage|p2a: Umbreon|27\/100\n|move|p2a: Umbreon|Foul Play|p1a: Zapdos\n|-damage|p1a: Zapdos|30\/100\n|\n|-heal|p2a: Umbreon|77\/100|[from] move: Wish|[wisher] Umbreon\n|-heal|p2a: Umbreon|83\/100|[from] item: Leftovers\n|upkeep\n|turn|77\n|\n|t:|1700974459\n|move|p1a: Zapdos|Discharge|p2a: Umbreon\n|-damage|p2a: Umbreon|50\/100\n|move|p2a: Umbreon|Wish|p2a: Umbreon\n|\n|-heal|p2a: Umbreon|56\/100|[from] item: Leftovers\n|upkeep\n|turn|78\n|\n|t:|1700974469\n|switch|p2a: Steelix|Steelix, M|72\/100\n|move|p1a: Zapdos|Discharge|p2a: Steelix\n|-immune|p2a: Steelix\n|\n|-heal|p2a: Steelix|100\/100|[from] move: Wish|[wisher] Umbreon\n|upkeep\n|turn|79\n|\n|t:|1700974480\n|switch|p1a: Scizor|Scizor-Mega, M|72\/100\n|move|p2a: Steelix|Heavy Slam|p1a: Scizor\n|-resisted|p1a: Scizor\n|-damage|p1a: Scizor|60\/100\n|\n|upkeep\n|turn|80\n|\n|t:|1700974487\n|move|p1a: Scizor|Curse|p1a: Scizor\n|-unboost|p1a: Scizor|spe|1\n|-boost|p1a: Scizor|atk|1\n|-boost|p1a: Scizor|def|1\n|move|p2a: Steelix|Dragon Tail|p1a: Scizor|[miss]\n|-miss|p2a: Steelix|p1a: Scizor\n|\n|upkeep\n|turn|81\n|\n|t:|1700974494\n|move|p1a: Scizor|Bullet Punch|p2a: Steelix\n|-resisted|p2a: Steelix\n|-damage|p2a: Steelix|85\/100\n|move|p2a: Steelix|Dragon Tail|p1a: Scizor\n|-resisted|p1a: Scizor\n|-damage|p1a: Scizor|55\/100\n|drag|p1a: Zapdos|Zapdos, tera:Water|30\/100\n|-ability|p1a: Zapdos|Pressure\n|\n|upkeep\n|turn|82\n|\n|t:|1700974504\n|move|p1a: Zapdos|Roost|p1a: Zapdos\n|-heal|p1a: Zapdos|80\/100\n|move|p2a: Steelix|Smack Down|p1a: Zapdos\n|-damage|p1a: Zapdos|64\/100\n|\n|upkeep\n|turn|83\n|\n|t:|1700974511\n|switch|p1a: Scizor|Scizor-Mega, M|55\/100\n|move|p2a: Steelix|Smack Down|p1a: Scizor\n|-damage|p1a: Scizor|45\/100\n|\n|upkeep\n|turn|84\n|\n|t:|1700974516\n|move|p1a: Scizor|Roost|p1a: Scizor\n|-heal|p1a: Scizor|95\/100\n|-singleturn|p1a: Scizor|move: Roost\n|move|p2a: Steelix|Smack Down|p1a: Scizor\n|-damage|p1a: Scizor|83\/100\n|\n|upkeep\n|turn|85\n|inactive|vestkid27 has 120 seconds left.\n|\n|t:|1700974536\n|move|p1a: Scizor|Curse|p1a: Scizor\n|-unboost|p1a: Scizor|spe|1\n|-boost|p1a: Scizor|atk|1\n|-boost|p1a: Scizor|def|1\n|move|p2a: Steelix|Smack Down|p1a: Scizor\n|-damage|p1a: Scizor|76\/100\n|\n|upkeep\n|turn|86\n|\n|t:|1700974545\n|move|p1a: Scizor|Curse|p1a: Scizor\n|-unboost|p1a: Scizor|spe|1\n|-boost|p1a: Scizor|atk|1\n|-boost|p1a: Scizor|def|1\n|move|p2a: Steelix|Dragon Tail|p1a: Scizor\n|-resisted|p1a: Scizor\n|-damage|p1a: Scizor|73\/100\n|drag|p1a: Zapdos|Zapdos, tera:Water|64\/100\n|-ability|p1a: Zapdos|Pressure\n|\n|upkeep\n|turn|87\n|inactive|vestkid27 has 90 seconds left.\n|\n|t:|1700974575\n|switch|p2a: Umbreon|Umbreon, M, tera:Ghost|56\/100\n|move|p1a: Zapdos|U-turn|p2a: Umbreon\n|-resisted|p2a: Umbreon\n|-damage|p2a: Umbreon|52\/100\n|\n|t:|1700974579\n|switch|p1a: Tapu Koko|Tapu Koko|88\/100|[from] U-turn\n|-fieldstart|move: Electric Terrain|[from] ability: Electric Surge|[of] p1a: Tapu Koko\n|\n|-heal|p2a: Umbreon|58\/100|[from] item: Leftovers\n|upkeep\n|turn|88\n|\n|t:|1700974587\n|move|p2a: Umbreon|Protect|p2a: Umbreon\n|-singleturn|p2a: Umbreon|Protect\n|move|p1a: Tapu Koko|Thunderbolt|p2a: Umbreon\n|-activate|p2a: Umbreon|move: Protect\n|\n|-heal|p2a: Umbreon|64\/100|[from] item: Leftovers\n|upkeep\n|turn|89\n|inactive|vestkid27 has 90 seconds left.\n|\n|t:|1700974597\n|switch|p2a: Steelix|Steelix, M|85\/100\n|move|p1a: Tapu Koko|Thunderbolt|p2a: Steelix\n|-immune|p2a: Steelix\n|\n|upkeep\n|turn|90\n|inactive|vestkid27 has 90 seconds left.\n|\n|t:|1700974614\n|switch|p1a: Zapdos|Zapdos, tera:Water|64\/100\n|-ability|p1a: Zapdos|Pressure\n|move|p2a: Steelix|Smack Down|p1a: Zapdos\n|-damage|p1a: Zapdos|50\/100\n|\n|upkeep\n|turn|91\n|\n|t:|1700974622\n|move|p1a: Zapdos|U-turn|p2a: Steelix\n|-resisted|p2a: Steelix\n|-damage|p2a: Steelix|81\/100\n|\n|t:|1700974625\n|switch|p1a: Scizor|Scizor-Mega, M|73\/100|[from] U-turn\n|move|p2a: Steelix|Smack Down|p1a: Scizor\n|-damage|p1a: Scizor|62\/100\n|\n|-fieldend|move: Electric Terrain\n|upkeep\n|turn|92\n|\n|t:|1700974633\n|switch|p2a: Victini|Victini|19\/100\n|move|p1a: Scizor|Curse|p1a: Scizor\n|-unboost|p1a: Scizor|spe|1\n|-boost|p1a: Scizor|atk|1\n|-boost|p1a: Scizor|def|1\n|\n|-heal|p2a: Victini|25\/100|[from] item: Leftovers\n|upkeep\n|turn|93\n|\n|t:|1700974643\n|move|p1a: Scizor|Bullet Punch|p2a: Victini\n|-resisted|p2a: Victini\n|-damage|p2a: Victini|0 fnt\n|faint|p2a: Victini\n|\n|upkeep\n|\n|t:|1700974648\n|switch|p2a: Umbreon|Umbreon, M, tera:Ghost|64\/100\n|turn|94\n|\n|t:|1700974653\n|move|p1a: Scizor|Bullet Punch|p2a: Umbreon\n|-damage|p2a: Umbreon|32\/100\n|move|p2a: Umbreon|Foul Play|p1a: Scizor\n|-damage|p1a: Scizor|13\/100\n|\n|-heal|p2a: Umbreon|38\/100|[from] item: Leftovers\n|upkeep\n|turn|95\n|\n|t:|1700974670\n|switch|p1a: Zapdos|Zapdos, tera:Water|50\/100\n|-ability|p1a: Zapdos|Pressure\n|move|p2a: Umbreon|Foul Play|p1a: Zapdos\n|-damage|p1a: Zapdos|20\/100\n|\n|-heal|p2a: Umbreon|44\/100|[from] item: Leftovers\n|upkeep\n|turn|96\n|\n|t:|1700974680\n|move|p2a: Umbreon|Protect|p2a: Umbreon\n|-singleturn|p2a: Umbreon|Protect\n|move|p1a: Zapdos|U-turn|p2a: Umbreon\n|-activate|p2a: Umbreon|move: Protect\n|\n|-heal|p2a: Umbreon|50\/100|[from] item: Leftovers\n|upkeep\n|turn|97\n|\n|t:|1700974692\n|move|p1a: Zapdos|U-turn|p2a: Umbreon\n|-resisted|p2a: Umbreon\n|-damage|p2a: Umbreon|47\/100\n|\n|t:|1700974695\n|switch|p1a: Tapu Koko|Tapu Koko|88\/100|[from] U-turn\n|-fieldstart|move: Electric Terrain|[from] ability: Electric Surge|[of] p1a: Tapu Koko\n|move|p2a: Umbreon|Wish|p2a: Umbreon\n|\n|-heal|p2a: Umbreon|53\/100|[from] item: Leftovers\n|upkeep\n|turn|98\n|\n|t:|1700974706\n|move|p2a: Umbreon|Protect|p2a: Umbreon\n|-singleturn|p2a: Umbreon|Protect\n|move|p1a: Tapu Koko|Dazzling Gleam|p2a: Umbreon\n|-activate|p2a: Umbreon|move: Protect\n|\n|-heal|p2a: Umbreon|100\/100|[from] move: Wish|[wisher] Umbreon\n|upkeep\n|turn|99\n|\n|t:|1700974716\n|switch|p2a: Steelix|Steelix, M|81\/100\n|move|p1a: Tapu Koko|Dazzling Gleam|p2a: Steelix\n|-resisted|p2a: Steelix\n|-damage|p2a: Steelix|58\/100\n|\n|upkeep\n|turn|100\n|\n|t:|1700974725\n|switch|p1a: Zapdos|Zapdos, tera:Water|20\/100\n|-ability|p1a: Zapdos|Pressure\n|move|p2a: Steelix|Heavy Slam|p1a: Zapdos\n|-resisted|p1a: Zapdos\n|-damage|p1a: Zapdos|0 fnt\n|faint|p1a: Zapdos\n|\n|upkeep\n|\n|t:|1700974727\n|switch|p1a: Scizor|Scizor-Mega, M|13\/100\n|turn|101\n|\n|t:|1700974743\n|switch|p2a: Umbreon|Umbreon, M, tera:Ghost|100\/100\n|move|p1a: Scizor|Roost|p1a: Scizor\n|-heal|p1a: Scizor|63\/100\n|-singleturn|p1a: Scizor|move: Roost\n|\n|-fieldend|move: Electric Terrain\n|upkeep\n|turn|102\n|\n|t:|1700974751\n|move|p1a: Scizor|U-turn|p2a: Umbreon\n|-resisted|p2a: Umbreon\n|-damage|p2a: Umbreon|87\/100\n|\n|t:|1700974752\n|switch|p1a: Tapu Koko|Tapu Koko|88\/100|[from] U-turn\n|-fieldstart|move: Electric Terrain|[from] ability: Electric Surge|[of] p1a: Tapu Koko\n|move|p2a: Umbreon|Foul Play|p1a: Tapu Koko\n|-resisted|p1a: Tapu Koko\n|-damage|p1a: Tapu Koko|65\/100\n|\n|-heal|p2a: Umbreon|93\/100|[from] item: Leftovers\n|upkeep\n|turn|103\n|inactive|vestkid27 has 60 seconds left.\n|\n|t:|1700974769\n|move|p1a: Tapu Koko|Thunderbolt|p2a: Umbreon\n|-damage|p2a: Umbreon|44\/100\n|move|p2a: Umbreon|Foul Play|p1a: Tapu Koko\n|-resisted|p1a: Tapu Koko\n|-damage|p1a: Tapu Koko|43\/100\n|\n|-heal|p2a: Umbreon|50\/100|[from] item: Leftovers\n|upkeep\n|turn|104\n|inactive|vestkid27 has 60 seconds left.\n|\n|t:|1700974778\n|move|p2a: Umbreon|Protect|p2a: Umbreon\n|-singleturn|p2a: Umbreon|Protect\n|move|p1a: Tapu Koko|Thunderbolt|p2a: Umbreon\n|-activate|p2a: Umbreon|move: Protect\n|\n|-heal|p2a: Umbreon|56\/100|[from] item: Leftovers\n|upkeep\n|turn|105\n|inactive|vestkid27 has 60 seconds left.\n|\n|t:|1700974787\n|switch|p2a: Steelix|Steelix, M|58\/100\n|move|p1a: Tapu Koko|Thunderbolt|p2a: Steelix\n|-immune|p2a: Steelix\n|\n|upkeep\n|turn|106\n|inactive|vestkid27 has 60 seconds left.\n|\n|t:|1700974793\n|switch|p1a: Scizor|Scizor-Mega, M|63\/100\n|move|p2a: Steelix|Earthquake|p1a: Scizor\n|-damage|p1a: Scizor|32\/100\n|\n|-fieldend|move: Electric Terrain\n|upkeep\n|turn|107\n|inactive|vestkid27 has 60 seconds left.\n|\n|t:|1700974802\n|switch|p2a: Umbreon|Umbreon, M, tera:Ghost|56\/100\n|move|p1a: Scizor|Roost|p1a: Scizor\n|-heal|p1a: Scizor|82\/100\n|-singleturn|p1a: Scizor|move: Roost\n|\n|-heal|p2a: Umbreon|62\/100|[from] item: Leftovers\n|upkeep\n|turn|108\n|inactive|vestkid27 has 60 seconds left.\n|\n|t:|1700974810\n|move|p1a: Scizor|U-turn|p2a: Umbreon\n|-resisted|p2a: Umbreon\n|-damage|p2a: Umbreon|49\/100\n|\n|t:|1700974812\n|switch|p1a: Tapu Koko|Tapu Koko|43\/100|[from] U-turn\n|-fieldstart|move: Electric Terrain|[from] ability: Electric Surge|[of] p1a: Tapu Koko\n|move|p2a: Umbreon|Foul Play|p1a: Tapu Koko\n|-resisted|p1a: Tapu Koko\n|-damage|p1a: Tapu Koko|18\/100\n|\n|-heal|p2a: Umbreon|55\/100|[from] item: Leftovers\n|upkeep\n|turn|109\n|inactive|vestkid27 has 60 seconds left.\n|\n|t:|1700974824\n|switch|p2a: Steelix|Steelix, M|58\/100\n|move|p1a: Tapu Koko|Thunderbolt|p2a: Steelix\n|-immune|p2a: Steelix\n|\n|upkeep\n|turn|110\n|inactive|vestkid27 has 60 seconds left.\n|\n|t:|1700974832\n|switch|p1a: Scizor|Scizor-Mega, M|82\/100\n|move|p2a: Steelix|Earthquake|p1a: Scizor\n|-damage|p1a: Scizor|48\/100\n|\n|upkeep\n|turn|111\n|inactive|vestkid27 has 60 seconds left.\n|\n|t:|1700974849\n|switch|p2a: Umbreon|Umbreon, M, tera:Ghost|55\/100\n|move|p1a: Scizor|Curse|p1a: Scizor\n|-unboost|p1a: Scizor|spe|1\n|-boost|p1a: Scizor|atk|1\n|-boost|p1a: Scizor|def|1\n|\n|-heal|p2a: Umbreon|61\/100|[from] item: Leftovers\n|upkeep\n|turn|112\n|inactive|vestkid27 has 60 seconds left.\n|\n|t:|1700974858\n|move|p1a: Scizor|Bullet Punch|p2a: Umbreon\n|-damage|p2a: Umbreon|27\/100\n|move|p2a: Umbreon|Foul Play|p1a: Scizor\n|-damage|p1a: Scizor|7\/100\n|\n|-heal|p2a: Umbreon|33\/100|[from] item: Leftovers\n|-fieldend|move: Electric Terrain\n|upkeep\n|turn|113\n|inactive|vestkid27 has 60 seconds left.\n|\n|t:|1700974867\n|move|p2a: Umbreon|Protect|p2a: Umbreon\n|-singleturn|p2a: Umbreon|Protect\n|move|p1a: Scizor|Roost|p1a: Scizor\n|-heal|p1a: Scizor|57\/100\n|-singleturn|p1a: Scizor|move: Roost\n|\n|-heal|p2a: Umbreon|39\/100|[from] item: Leftovers\n|upkeep\n|turn|114\n|inactive|vestkid27 has 60 seconds left.\n|\n|t:|1700974893\n|switch|p2a: Steelix|Steelix, M|58\/100\n|move|p1a: Scizor|Bullet Punch|p2a: Steelix\n|-resisted|p2a: Steelix\n|-damage|p2a: Steelix|43\/100\n|\n|upkeep\n|turn|115\n|\n|t:|1700974900\n|move|p1a: Scizor|Curse|p1a: Scizor\n|-unboost|p1a: Scizor|spe|1\n|-boost|p1a: Scizor|atk|1\n|-boost|p1a: Scizor|def|1\n|move|p2a: Steelix|Heavy Slam|p1a: Scizor\n|-resisted|p1a: Scizor\n|-damage|p1a: Scizor|50\/100\n|\n|upkeep\n|turn|116\n|\n|t:|1700974910\n|move|p2a: Steelix|Heavy Slam|p1a: Scizor\n|-resisted|p1a: Scizor\n|-damage|p1a: Scizor|44\/100\n|move|p1a: Scizor|Curse|p1a: Scizor\n|-unboost|p1a: Scizor|spe|1\n|-boost|p1a: Scizor|atk|1\n|-boost|p1a: Scizor|def|1\n|\n|upkeep\n|turn|117\n|\n|t:|1700974918\n|move|p1a: Scizor|Bullet Punch|p2a: Steelix\n|-resisted|p2a: Steelix\n|-damage|p2a: Steelix|16\/100\n|move|p2a: Steelix|Heavy Slam|p1a: Scizor\n|-resisted|p1a: Scizor\n|-damage|p1a: Scizor|39\/100\n|\n|upkeep\n|turn|118\n|\n|t:|1700974927\n|move|p2a: Steelix|Heavy Slam|p1a: Scizor\n|-resisted|p1a: Scizor\n|-damage|p1a: Scizor|34\/100\n|move|p1a: Scizor|Curse|p1a: Scizor\n|-unboost|p1a: Scizor|spe|1\n|-boost|p1a: Scizor|atk|1\n|-boost|p1a: Scizor|def|1\n|\n|upkeep\n|turn|119\n|\n|t:|1700974935\n|move|p1a: Scizor|Bullet Punch|p2a: Steelix\n|-resisted|p2a: Steelix\n|-damage|p2a: Steelix|0 fnt\n|faint|p2a: Steelix\n|\n|upkeep\n|c|\u2606miaoTV-\u9752|\u3002\u3002\u3002\n|\n|t:|1700974940\n|switch|p2a: Umbreon|Umbreon, M, tera:Ghost|39\/100\n|turn|120\n|c|\u2606miaoTV-\u9752|goodgame\n|\n|t:|1700974948\n|move|p2a: Umbreon|Protect|p2a: Umbreon\n|-singleturn|p2a: Umbreon|Protect\n|move|p1a: Scizor|Bullet Punch|p2a: Umbreon\n|-activate|p2a: Umbreon|move: Protect\n|\n|-heal|p2a: Umbreon|45\/100|[from] item: Leftovers\n|upkeep\n|turn|121\n|\n|t:|1700974956\n|move|p1a: Scizor|Bullet Punch|p2a: Umbreon\n|-damage|p2a: Umbreon|0 fnt\n|faint|p2a: Umbreon\n|\n|win|miaoTV-\u9752\n|raw|miaoTV-\u9752's rating: 1435 &rarr; <strong>1460<\/strong><br \/>(+25 for winning)\n|raw|vestkid27's rating: 1515 &rarr; <strong>1490<\/strong><br \/>(-25 for losing)\n|c|\u2606vestkid27|GG...lol\n|c|\u2606vestkid27|That was the ultimate battle lol\n","uploadtime":1700974972,"views":5,"p1id":"miaotv","p2id":"vestkid27","formatid":"gen9nationaldex","rating":1460,"private":0,"password":""}