{"id":"gen9nationaldex-1997631321","p1":"Fuirdec","p2":"hcff","format":"[Gen 9] National Dex","log":"|html|<div class=\"broadcast-blue\"><strong>[Gen 9] National Dex is currently suspecting Sneasler! For information on how to participate check out the <a href=\"https:\/\/www.smogon.com\/forums\/threads\/sv-national-dex-suspect-8-just-dance.3731534\/\">suspect thread<\/a>.<\/strong><\/div>\n|j|\u2606Fuirdec\n|j|\u2606hcff@!\n|t:|1700835281\n|gametype|singles\n|player|p1|Fuirdec|preschoolerf|1321\n|player|p2|hcff|ingo|1284\n|teamsize|p1|6\n|teamsize|p2|6\n|gen|9\n|tier|[Gen 9] National Dex\n|rated|\n|rule|HP Percentage Mod: HP is shown in percentages\n|rule|Endless Battle Clause: Forcing endless battles is banned\n|rule|OHKO Clause: OHKO moves are banned\n|rule|Evasion Clause: Evasion abilities, items, and moves are banned\n|rule|Evasion Abilities Clause: Evasion abilities are banned\n|rule|Evasion Items Clause: Evasion items are banned\n|rule|Evasion Moves Clause: Evasion moves are banned\n|rule|Species Clause: Limit one of each Pok\u00e9mon\n|rule|Sleep Clause Mod: Limit one foe put to sleep\n|clearpoke\n|poke|p1|Victini|\n|poke|p1|Zamazenta-*|\n|poke|p1|Urshifu-*, F|\n|poke|p1|Landorus-Therian, M|\n|poke|p1|Dragonite, M|\n|poke|p1|Rotom-Wash|\n|poke|p2|Latias, F|\n|poke|p2|Virizion|\n|poke|p2|Heatran, F|\n|poke|p2|Salamence, F|\n|poke|p2|Barraskewda, M|\n|poke|p2|Hatterene, F|\n|teampreview\n|inactive|Battle timer is ON: inactive players will automatically lose when time's up. (requested by hcff)\n|inactive|Fuirdec also wants the timer to be on.\n|\n|t:|1700835303\n|start\n|switch|p1a: Zamazenta|Zamazenta|100\/100\n|switch|p2a: Barraskewda|Barraskewda, M|100\/100\n|-ability|p1a: Zamazenta|Dauntless Shield|boost\n|-boost|p1a: Zamazenta|def|1\n|turn|1\n|\n|t:|1700835313\n|move|p1a: Zamazenta|Wild Charge|p2a: Barraskewda\n|-supereffective|p2a: Barraskewda\n|-damage|p2a: Barraskewda|0 fnt\n|faint|p2a: Barraskewda\n|-damage|p1a: Zamazenta|80\/100|[from] Recoil\n|\n|upkeep\n|\n|t:|1700835318\n|switch|p2a: Latias|Latias, F|100\/100\n|turn|2\n|\n|t:|1700835323\n|switch|p1a: Rotom|Rotom-Wash, shiny|100\/100\n|move|p2a: Latias|Substitute|p2a: Latias\n|-start|p2a: Latias|Substitute\n|-damage|p2a: Latias|75\/100\n|\n|-heal|p2a: Latias|82\/100|[from] item: Leftovers\n|upkeep\n|turn|3\n|\n|t:|1700835331\n|move|p2a: Latias|Calm Mind|p2a: Latias\n|-boost|p2a: Latias|spa|1\n|-boost|p2a: Latias|spd|1\n|move|p1a: Rotom|Foul Play|p2a: Latias\n|-supereffective|p2a: Latias\n|-end|p2a: Latias|Substitute\n|\n|-heal|p2a: Latias|88\/100|[from] item: Leftovers\n|upkeep\n|turn|4\n|\n|t:|1700835339\n|-terastallize|p2a: Latias|Poison\n|move|p2a: Latias|Substitute|p2a: Latias\n|-start|p2a: Latias|Substitute\n|-damage|p2a: Latias|63\/100\n|move|p1a: Rotom|Foul Play|p2a: Latias\n|-activate|p2a: Latias|move: Substitute|[damage]\n|\n|-heal|p2a: Latias|69\/100|[from] item: Leftovers\n|upkeep\n|turn|5\n|\n|t:|1700835351\n|move|p2a: Latias|Calm Mind|p2a: Latias\n|-boost|p2a: Latias|spa|1\n|-boost|p2a: Latias|spd|1\n|move|p1a: Rotom|Foul Play|p2a: Latias\n|-end|p2a: Latias|Substitute\n|\n|-heal|p2a: Latias|75\/100|[from] item: Leftovers\n|upkeep\n|turn|6\n|\n|t:|1700835355\n|switch|p1a: Victini|Victini|100\/100\n|move|p2a: Latias|Substitute|p2a: Latias\n|-start|p2a: Latias|Substitute\n|-damage|p2a: Latias|50\/100\n|\n|-heal|p2a: Latias|56\/100|[from] item: Leftovers\n|upkeep\n|turn|7\n|\n|t:|1700835361\n|move|p2a: Latias|Psyshock|p1a: Victini\n|-resisted|p1a: Victini\n|-damage|p1a: Victini|70\/100\n|move|p1a: Victini|Blue Flare|p2a: Latias\n|-activate|p2a: Latias|move: Substitute|[damage]\n|\n|-heal|p2a: Latias|62\/100|[from] item: Leftovers\n|upkeep\n|turn|8\n|\n|t:|1700835367\n|move|p2a: Latias|Psyshock|p1a: Victini\n|-resisted|p1a: Victini\n|-damage|p1a: Victini|42\/100\n|move|p1a: Victini|Blue Flare|p2a: Latias\n|-end|p2a: Latias|Substitute\n|\n|-heal|p2a: Latias|68\/100|[from] item: Leftovers\n|upkeep\n|turn|9\n|\n|t:|1700835372\n|move|p2a: Latias|Substitute|p2a: Latias\n|-start|p2a: Latias|Substitute\n|-damage|p2a: Latias|43\/100\n|move|p1a: Victini|Future Sight|p2a: Latias\n|-start|p1a: Victini|move: Future Sight\n|\n|-heal|p2a: Latias|49\/100|[from] item: Leftovers\n|upkeep\n|turn|10\n|\n|t:|1700835374\n|move|p2a: Latias|Calm Mind|p2a: Latias\n|-boost|p2a: Latias|spa|1\n|-boost|p2a: Latias|spd|1\n|move|p1a: Victini|Blue Flare|p2a: Latias\n|-activate|p2a: Latias|move: Substitute|[damage]\n|\n|-heal|p2a: Latias|55\/100|[from] item: Leftovers\n|upkeep\n|turn|11\n|\n|t:|1700835380\n|move|p2a: Latias|Mystical Fire|p1a: Victini\n|-resisted|p1a: Victini\n|-damage|p1a: Victini|17\/100\n|-unboost|p1a: Victini|spa|1\n|move|p1a: Victini|Blue Flare|p2a: Latias\n|-end|p2a: Latias|Substitute\n|\n|-end|p2a: Latias|move: Future Sight\n|-supereffective|p2a: Latias\n|-damage|p2a: Latias|33\/100\n|-heal|p2a: Latias|40\/100|[from] item: Leftovers\n|upkeep\n|turn|12\n|\n|t:|1700835389\n|switch|p1a: Urshifu|Urshifu-Rapid-Strike, F|100\/100\n|move|p2a: Latias|Substitute|p2a: Latias\n|-start|p2a: Latias|Substitute\n|-damage|p2a: Latias|15\/100\n|\n|-heal|p2a: Latias|21\/100|[from] item: Leftovers\n|upkeep\n|turn|13\n|\n|t:|1700835392\n|move|p2a: Latias|Psyshock|p1a: Urshifu\n|-supereffective|p1a: Urshifu\n|-crit|p1a: Urshifu\n|-damage|p1a: Urshifu|0 fnt\n|faint|p1a: Urshifu\n|\n|-heal|p2a: Latias|27\/100|[from] item: Leftovers\n|upkeep\n|\n|t:|1700835401\n|switch|p1a: Victini|Victini|17\/100\n|turn|14\n|\n|t:|1700835405\n|move|p2a: Latias|Psyshock|p1a: Victini\n|-resisted|p1a: Victini\n|-damage|p1a: Victini|0 fnt\n|faint|p1a: Victini\n|\n|-heal|p2a: Latias|33\/100|[from] item: Leftovers\n|upkeep\n|-message|Fuirdec forfeited.\n|\n|win|hcff\n|raw|Fuirdec's rating: 1321 &rarr; <strong>1299<\/strong><br \/>(-22 for losing)\n|raw|hcff's rating: 1284 &rarr; <strong>1312<\/strong><br \/>(+28 for winning)\n|l|\u2606Fuirdec\n","uploadtime":1700835443,"views":4,"p1id":"fuirdec","p2id":"hcff","formatid":"gen9nationaldex","rating":1299,"private":0,"password":""}