{"id":"gen9nationaldex-1991588090","p1":"Garry97","p2":"Atriumz","format":"[Gen 9] National Dex","log":"|j|\u203dGarry97\n|j|\u2606Atriumz\n|t:|1700091429\n|gametype|singles\n|player|p1|Garry97|eri|1422\n|player|p2|Atriumz|101|1465\n|teamsize|p1|6\n|teamsize|p2|6\n|gen|9\n|tier|[Gen 9] National Dex\n|rated|\n|rule|HP Percentage Mod: HP is shown in percentages\n|rule|Endless Battle Clause: Forcing endless battles is banned\n|rule|OHKO Clause: OHKO moves are banned\n|rule|Evasion Clause: Evasion abilities, items, and moves are banned\n|rule|Evasion Abilities Clause: Evasion abilities are banned\n|rule|Evasion Items Clause: Evasion items are banned\n|rule|Evasion Moves Clause: Evasion moves are banned\n|rule|Species Clause: Limit one of each Pok\u00e9mon\n|rule|Sleep Clause Mod: Limit one foe put to sleep\n|clearpoke\n|poke|p1|Bewear, M|\n|poke|p1|Hariyama, M|\n|poke|p1|Kommo-o, M|\n|poke|p1|Gallade, M|\n|poke|p1|Lucario, M|\n|poke|p1|Blaziken, M|\n|poke|p2|Lopunny, M|\n|poke|p2|Sneasler, M|\n|poke|p2|Rillaboom, F|\n|poke|p2|Great Tusk|\n|poke|p2|Blacephalon|\n|poke|p2|Volcarona, M|\n|teampreview\n|\n|t:|1700091439\n|start\n|switch|p1a: Blaziken|Blaziken, M|100\/100\n|switch|p2a: Lopunny|Lopunny, M|100\/100\n|turn|1\n|\n|t:|1700091445\n|detailschange|p2a: Lopunny|Lopunny-Mega, M\n|-mega|p2a: Lopunny|Lopunny|Lopunnite\n|move|p1a: Blaziken|Protect|p1a: Blaziken\n|-singleturn|p1a: Blaziken|Protect\n|move|p2a: Lopunny|Fake Out|p1a: Blaziken\n|-activate|p1a: Blaziken|move: Protect\n|\n|-ability|p1a: Blaziken|Speed Boost|boost\n|-boost|p1a: Blaziken|spe|1\n|upkeep\n|turn|2\n|\n|t:|1700091455\n|move|p1a: Blaziken|Fire Blast|p2a: Lopunny\n|-damage|p2a: Lopunny|18\/100\n|-damage|p1a: Blaziken|91\/100|[from] item: Life Orb\n|move|p2a: Lopunny|Return|p1a: Blaziken\n|-damage|p1a: Blaziken|0 fnt\n|faint|p1a: Blaziken\n|\n|upkeep\n|\n|t:|1700091465\n|switch|p1a: Hariyama|Hariyama, M, shiny|100\/100\n|turn|3\n|\n|t:|1700091470\n|switch|p2a: Blacephalon|Blacephalon|100\/100\n|move|p1a: Hariyama|Fake Out|p2a: Blacephalon\n|-immune|p2a: Blacephalon\n|\n|upkeep\n|turn|4\n|\n|t:|1700091478\n|switch|p2a: Rillaboom|Rillaboom, F|100\/100\n|-fieldstart|move: Grassy Terrain|[from] ability: Grassy Surge|[of] p2a: Rillaboom\n|move|p1a: Hariyama|Knock Off|p2a: Rillaboom\n|-damage|p2a: Rillaboom|65\/100\n|-enditem|p2a: Rillaboom|Assault Vest|[from] move: Knock Off|[of] p1a: Hariyama\n|\n|-heal|p2a: Rillaboom|71\/100|[from] Grassy Terrain\n|upkeep\n|turn|5\n|\n|t:|1700091489\n|switch|p1a: Bewear|Bewear, M|100\/100\n|move|p2a: Rillaboom|Knock Off|p1a: Bewear\n|-resisted|p1a: Bewear\n|-damage|p1a: Bewear|95\/100\n|-damage|p2a: Rillaboom|54\/100|[from] item: Rocky Helmet|[of] p1a: Bewear\n|-enditem|p1a: Bewear|Rocky Helmet|[from] move: Knock Off|[of] p2a: Rillaboom\n|\n|-heal|p2a: Rillaboom|61\/100|[from] Grassy Terrain\n|-heal|p1a: Bewear|100\/100|[from] Grassy Terrain\n|upkeep\n|turn|6\n|\n|t:|1700091501\n|switch|p2a: Blacephalon|Blacephalon|100\/100\n|move|p1a: Bewear|Toxic|p2a: Blacephalon\n|-status|p2a: Blacephalon|tox\n|\n|-damage|p2a: Blacephalon|94\/100 tox|[from] psn\n|upkeep\n|turn|7\n|\n|t:|1700091509\n|switch|p1a: Hariyama|Hariyama, M, shiny|100\/100\n|move|p2a: Blacephalon|Mind Blown|p1a: Hariyama\n|-damage|p1a: Hariyama|75\/100\n|-damage|p2a: Blacephalon|44\/100 tox|[from] mindblown\n|\n|-heal|p2a: Blacephalon|50\/100 tox|[from] Grassy Terrain\n|-heal|p1a: Hariyama|81\/100|[from] Grassy Terrain\n|-damage|p2a: Blacephalon|38\/100 tox|[from] psn\n|upkeep\n|turn|8\n|\n|t:|1700091521\n|switch|p2a: Lopunny|Lopunny-Mega, M|18\/100\n|move|p1a: Hariyama|Close Combat|p2a: Lopunny\n|-supereffective|p2a: Lopunny\n|-crit|p2a: Lopunny\n|-damage|p2a: Lopunny|0 fnt\n|-unboost|p1a: Hariyama|def|1\n|-unboost|p1a: Hariyama|spd|1\n|faint|p2a: Lopunny\n|\n|-heal|p1a: Hariyama|87\/100|[from] Grassy Terrain\n|-fieldend|move: Grassy Terrain\n|upkeep\n|\n|t:|1700091525\n|switch|p2a: Rillaboom|Rillaboom, F|61\/100\n|-fieldstart|move: Grassy Terrain|[from] ability: Grassy Surge|[of] p2a: Rillaboom\n|turn|9\n|\n|t:|1700091538\n|switch|p1a: Bewear|Bewear, M|100\/100\n|move|p2a: Rillaboom|Wood Hammer|p1a: Bewear\n|-damage|p1a: Bewear|77\/100\n|-damage|p2a: Rillaboom|50\/100|[from] Recoil\n|\n|-heal|p2a: Rillaboom|57\/100|[from] Grassy Terrain\n|-heal|p1a: Bewear|83\/100|[from] Grassy Terrain\n|upkeep\n|turn|10\n|\n|t:|1700091550\n|move|p2a: Rillaboom|U-turn|p1a: Bewear\n|-resisted|p1a: Bewear\n|-damage|p1a: Bewear|79\/100\n|\n|t:|1700091552\n|switch|p2a: Sneasler|Sneasler, M|100\/100|[from] U-turn\n|-enditem|p2a: Sneasler|Grassy Seed\n|-boost|p2a: Sneasler|def|1|[from] item: Grassy Seed\n|move|p1a: Bewear|Ice Punch|p2a: Sneasler\n|-damage|p2a: Sneasler|76\/100\n|\n|-heal|p2a: Sneasler|82\/100|[from] Grassy Terrain\n|-heal|p1a: Bewear|85\/100|[from] Grassy Terrain\n|upkeep\n|turn|11\n|\n|t:|1700091566\n|move|p2a: Sneasler|Hone Claws|p2a: Sneasler\n|-boost|p2a: Sneasler|atk|1\n|-boost|p2a: Sneasler|accuracy|1\n|move|p1a: Bewear|Ice Punch|p2a: Sneasler\n|-damage|p2a: Sneasler|58\/100\n|\n|-heal|p2a: Sneasler|64\/100|[from] Grassy Terrain\n|-heal|p1a: Bewear|91\/100|[from] Grassy Terrain\n|upkeep\n|turn|12\n|\n|t:|1700091576\n|move|p2a: Sneasler|Close Combat|p1a: Bewear\n|-supereffective|p1a: Bewear\n|-damage|p1a: Bewear|27\/100\n|-unboost|p2a: Sneasler|def|1\n|-unboost|p2a: Sneasler|spd|1\n|move|p1a: Bewear|Ice Punch|p2a: Sneasler\n|-damage|p2a: Sneasler|27\/100\n|\n|-heal|p2a: Sneasler|33\/100|[from] Grassy Terrain\n|-heal|p1a: Bewear|33\/100|[from] Grassy Terrain\n|upkeep\n|turn|13\n|\n|t:|1700091588\n|-terastallize|p1a: Bewear|Fairy\n|move|p2a: Sneasler|Close Combat|p1a: Bewear\n|-resisted|p1a: Bewear\n|-damage|p1a: Bewear|16\/100\n|-unboost|p2a: Sneasler|def|1\n|-unboost|p2a: Sneasler|spd|1\n|move|p1a: Bewear|Drain Punch|p2a: Sneasler\n|-resisted|p2a: Sneasler\n|-damage|p2a: Sneasler|0 fnt\n|-heal|p1a: Bewear|27\/100|[from] drain|[of] p2a: Sneasler\n|faint|p2a: Sneasler\n|\n|-heal|p1a: Bewear|33\/100|[from] Grassy Terrain\n|-fieldend|move: Grassy Terrain\n|upkeep\n|\n|t:|1700091600\n|switch|p2a: Rillaboom|Rillaboom, F|57\/100\n|-fieldstart|move: Grassy Terrain|[from] ability: Grassy Surge|[of] p2a: Rillaboom\n|turn|14\n|\n|t:|1700091608\n|move|p2a: Rillaboom|Wood Hammer|p1a: Bewear\n|-damage|p1a: Bewear|8\/100\n|-damage|p2a: Rillaboom|46\/100|[from] Recoil\n|move|p1a: Bewear|Ice Punch|p2a: Rillaboom\n|-supereffective|p2a: Rillaboom\n|-damage|p2a: Rillaboom|0 fnt\n|faint|p2a: Rillaboom\n|\n|-heal|p1a: Bewear|14\/100|[from] Grassy Terrain\n|upkeep\n|\n|t:|1700091611\n|switch|p2a: Blacephalon|Blacephalon|38\/100 tox\n|turn|15\n|\n|t:|1700091621\n|switch|p1a: Hariyama|Hariyama, M, shiny|87\/100\n|move|p2a: Blacephalon|Psychic|p1a: Hariyama\n|-supereffective|p1a: Hariyama\n|-damage|p1a: Hariyama|49\/100\n|\n|-heal|p2a: Blacephalon|44\/100 tox|[from] Grassy Terrain\n|-heal|p1a: Hariyama|55\/100|[from] Grassy Terrain\n|-damage|p2a: Blacephalon|38\/100 tox|[from] psn\n|upkeep\n|turn|16\n|\n|t:|1700091638\n|switch|p2a: Great Tusk|Great Tusk|100\/100\n|switch|p1a: Gallade|Gallade, M|100\/100\n|\n|upkeep\n|turn|17\n|\n|t:|1700091649\n|-end|p2a: Great Tusk|Protosynthesis|[silent]\n|switch|p2a: Blacephalon|Blacephalon|38\/100 tox\n|detailschange|p1a: Gallade|Gallade-Mega, M\n|-mega|p1a: Gallade|Gallade|Galladite\n|move|p1a: Gallade|Psycho Cut|p2a: Blacephalon\n|-damage|p2a: Blacephalon|0 fnt\n|faint|p2a: Blacephalon\n|\n|upkeep\n|\n|t:|1700091659\n|switch|p2a: Great Tusk|Great Tusk|100\/100\n|turn|18\n|\n|t:|1700091664\n|-terastallize|p2a: Great Tusk|Steel\n|move|p1a: Gallade|Psycho Cut|p2a: Great Tusk\n|-resisted|p2a: Great Tusk\n|-damage|p2a: Great Tusk|86\/100\n|move|p2a: Great Tusk|Earthquake|p1a: Gallade\n|-damage|p1a: Gallade|65\/100\n|\n|-heal|p1a: Gallade|71\/100|[from] Grassy Terrain\n|-heal|p2a: Great Tusk|92\/100|[from] Grassy Terrain\n|-fieldend|move: Grassy Terrain\n|upkeep\n|turn|19\n|\n|t:|1700091675\n|move|p1a: Gallade|Close Combat|p2a: Great Tusk\n|-supereffective|p2a: Great Tusk\n|-damage|p2a: Great Tusk|0 fnt\n|-unboost|p1a: Gallade|def|1\n|-unboost|p1a: Gallade|spd|1\n|faint|p2a: Great Tusk\n|-end|p2a: Great Tusk|Protosynthesis|[silent]\n|\n|upkeep\n|\n|t:|1700091678\n|switch|p2a: Volcarona|Volcarona, M|100\/100\n|turn|20\n|\n|t:|1700091685\n|switch|p1a: Hariyama|Hariyama, M, shiny|55\/100\n|move|p2a: Volcarona|Quiver Dance|p2a: Volcarona\n|-boost|p2a: Volcarona|spa|1\n|-boost|p2a: Volcarona|spd|1\n|-boost|p2a: Volcarona|spe|1\n|\n|upkeep\n|turn|21\n|\n|t:|1700091693\n|move|p1a: Hariyama|Fake Out|p2a: Volcarona\n|-damage|p2a: Volcarona|77\/100\n|cant|p2a: Volcarona|flinch\n|\n|-heal|p2a: Volcarona|83\/100|[from] item: Leftovers\n|upkeep\n|turn|22\n|\n|t:|1700091700\n|move|p2a: Volcarona|Flamethrower|p1a: Hariyama\n|-damage|p1a: Hariyama|34\/100\n|move|p1a: Hariyama|Stone Edge|p2a: Volcarona\n|-supereffective|p2a: Volcarona\n|-damage|p2a: Volcarona|0 fnt\n|faint|p2a: Volcarona\n|\n|win|Garry97\n|raw|Garry97's rating: 1422 &rarr; <strong>1444<\/strong><br \/>(+22 for winning)\n|raw|Atriumz's rating: 1465 &rarr; <strong>1443<\/strong><br \/>(-22 for losing)\n|l|\u2606Atriumz\n","uploadtime":1700091713,"views":21,"p1id":"garry97","p2id":"atriumz","formatid":"gen9nationaldex","rating":1443,"private":0,"password":""}