{"id":"gen9nationaldex-1992877519","p1":"FunnyFlinch","p2":"xgcl","format":"[Gen 9] National Dex","log":"|j|\u2606FunnyFlinch\n|j|\u2606xgcl\n|t:|1700243181\n|gametype|singles\n|player|p1|FunnyFlinch|colress|1228\n|player|p2|xgcl|ingo|1317\n|teamsize|p1|6\n|teamsize|p2|6\n|gen|9\n|tier|[Gen 9] National Dex\n|rated|\n|rule|HP Percentage Mod: HP is shown in percentages\n|rule|Endless Battle Clause: Forcing endless battles is banned\n|rule|OHKO Clause: OHKO moves are banned\n|rule|Evasion Clause: Evasion abilities, items, and moves are banned\n|rule|Evasion Abilities Clause: Evasion abilities are banned\n|rule|Evasion Items Clause: Evasion items are banned\n|rule|Evasion Moves Clause: Evasion moves are banned\n|rule|Species Clause: Limit one of each Pok\u00e9mon\n|rule|Sleep Clause Mod: Limit one foe put to sleep\n|clearpoke\n|poke|p1|Sableye, M|\n|poke|p1|Toxapex, F|\n|poke|p1|Alomomola, M|\n|poke|p1|Garganacl, M|\n|poke|p1|Skeledirge, M|\n|poke|p1|Ferrothorn, M|\n|poke|p2|Blaziken, M|\n|poke|p2|Lopunny, M|\n|poke|p2|Sneasler, F|\n|poke|p2|Urshifu-*, M|\n|poke|p2|Zeraora|\n|poke|p2|Greninja-*, M|\n|teampreview\n|inactive|Battle timer is ON: inactive players will automatically lose when time's up. (requested by xgcl)\n|c|\u2606xgcl|stall team\n|c|\u2606FunnyFlinch|no\n|c|\u2606FunnyFlinch|i would never\n|c|\u2606xgcl|ok\n|c|\u2606xgcl|whatever\n|inactive|FunnyFlinch has 120 seconds left.\n|c|\u2606FunnyFlinch|i think i lose tho\n|\n|t:|1700243224\n|start\n|switch|p1a: Ferrothorn|Ferrothorn, M|100\/100\n|switch|p2a: Sneasler|Sneasler, F|100\/100\n|turn|1\n|c|\u2606xgcl|they're just annoying tbh\n|\n|t:|1700243232\n|move|p2a: Sneasler|Close Combat|p1a: Ferrothorn\n|-supereffective|p1a: Ferrothorn\n|-damage|p1a: Ferrothorn|24\/100\n|-unboost|p2a: Sneasler|def|1\n|-unboost|p2a: Sneasler|spd|1\n|-damage|p2a: Sneasler|88\/100|[from] ability: Iron Barbs|[of] p1a: Ferrothorn\n|-enditem|p2a: Sneasler|White Herb\n|-clearnegativeboost|p2a: Sneasler|[silent]\n|move|p1a: Ferrothorn|Spikes|p2a: Sneasler\n|-sidestart|p2: xgcl|Spikes\n|\n|-heal|p1a: Ferrothorn|30\/100|[from] item: Leftovers\n|upkeep\n|turn|2\n|\n|t:|1700243248\n|switch|p1a: Sableye|Sableye, M|100\/100\n|move|p2a: Sneasler|Close Combat|p1a: Sableye\n|-immune|p1a: Sableye\n|\n|upkeep\n|turn|3\n|\n|t:|1700243254\n|-terastallize|p2a: Sneasler|Dark\n|move|p1a: Sableye|Fake Out|p2a: Sneasler\n|-damage|p2a: Sneasler|68\/100\n|cant|p2a: Sneasler|flinch\n|\n|upkeep\n|turn|4\n|\n|t:|1700243279\n|switch|p1a: Toxapex|Toxapex, F|100\/100\n|move|p2a: Sneasler|Swords Dance|p2a: Sneasler\n|-boost|p2a: Sneasler|atk|2\n|\n|upkeep\n|turn|5\n|\n|t:|1700243298\n|move|p2a: Sneasler|Rock Slide|p1a: Toxapex\n|-damage|p1a: Toxapex|70\/100\n|move|p1a: Toxapex|Haze|p1a: Toxapex\n|-clearallboost\n|\n|-heal|p1a: Toxapex|76\/100|[from] item: Leftovers\n|upkeep\n|turn|6\n|\n|t:|1700243306\n|switch|p2a: Zeraora|Zeraora|100\/100\n|-damage|p2a: Zeraora|88\/100|[from] Spikes\n|move|p1a: Toxapex|Toxic|p2a: Zeraora\n|-status|p2a: Zeraora|tox\n|\n|-heal|p1a: Toxapex|82\/100|[from] item: Leftovers\n|-damage|p2a: Zeraora|82\/100 tox|[from] psn\n|upkeep\n|turn|7\n|\n|t:|1700243315\n|switch|p1a: Ferrothorn|Ferrothorn, M|30\/100\n|move|p2a: Zeraora|Plasma Fists|p1a: Ferrothorn\n|-resisted|p1a: Ferrothorn\n|-damage|p1a: Ferrothorn|13\/100\n|-fieldactivate|move: Ion Deluge\n|-hint|Normal-type moves become Electric-type after using Plasma Fists.\n|-damage|p2a: Zeraora|70\/100 tox|[from] ability: Iron Barbs|[of] p1a: Ferrothorn\n|-damage|p2a: Zeraora|60\/100 tox|[from] item: Life Orb\n|\n|-heal|p1a: Ferrothorn|19\/100|[from] item: Leftovers\n|-damage|p2a: Zeraora|48\/100 tox|[from] psn\n|upkeep\n|turn|8\n|\n|t:|1700243331\n|move|p2a: Zeraora|Hidden Power|p1a: Ferrothorn\n|-damage|p1a: Ferrothorn|4\/100\n|-damage|p2a: Zeraora|38\/100 tox|[from] item: Life Orb\n|move|p1a: Ferrothorn|Spikes|p2a: Zeraora\n|-sidestart|p2: xgcl|Spikes\n|\n|-heal|p1a: Ferrothorn|11\/100|[from] item: Leftovers\n|-damage|p2a: Zeraora|20\/100 tox|[from] psn\n|upkeep\n|turn|9\n|\n|t:|1700243345\n|switch|p1a: Sableye|Sableye, M|100\/100\n|move|p2a: Zeraora|Plasma Fists|p1a: Sableye\n|-damage|p1a: Sableye|14\/100\n|-fieldactivate|move: Ion Deluge\n|-hint|Normal-type moves become Electric-type after using Plasma Fists.\n|-damage|p2a: Zeraora|11\/100 tox|[from] item: Life Orb\n|\n|-damage|p2a: Zeraora|0 fnt|[from] psn\n|faint|p2a: Zeraora\n|upkeep\n|\n|t:|1700243349\n|switch|p2a: Game thrower ong|Greninja, M|100\/100\n|-damage|p2a: Game thrower ong|84\/100|[from] Spikes\n|turn|10\n|\n|t:|1700243358\n|move|p1a: Sableye|Fake Out|p2a: Game thrower ong\n|-damage|p2a: Game thrower ong|67\/100\n|cant|p2a: Game thrower ong|flinch\n|\n|upkeep\n|turn|11\n|\n|t:|1700243363\n|move|p2a: Game thrower ong|Water Shuriken|p1a: Sableye\n|-damage|p1a: Sableye|0 fnt\n|faint|p1a: Sableye\n|-ability|p2a: Game thrower ong|Battle Bond|boost\n|-boost|p2a: Game thrower ong|atk|1\n|-boost|p2a: Game thrower ong|spa|1\n|-boost|p2a: Game thrower ong|spe|1\n|-activate|p2a: Game thrower ong|ability: Battle Bond\n|-hitcount|p1: Sableye|1\n|-damage|p2a: Game thrower ong|57\/100|[from] item: Life Orb\n|\n|upkeep\n|c|\u2606FunnyFlinch|i forgor\n|c|\u2606FunnyFlinch|it was priority\n|\n|t:|1700243381\n|switch|p1a: Alomomola|Alomomola, M|100\/100\n|turn|12\n|\n|t:|1700243387\n|move|p2a: Game thrower ong|Dark Pulse|p1a: Alomomola\n|-damage|p1a: Alomomola|5\/100\n|-enditem|p1a: Alomomola|Red Card|[of] p2a: Game thrower ong\n|drag|p2a: Lopunny|Lopunny, M|100\/100\n|-damage|p2a: Lopunny|84\/100|[from] Spikes\n|cant|p1a: Alomomola|flinch\n|\n|upkeep\n|turn|13\n|\n|t:|1700243396\n|switch|p1a: Ferrothorn|Ferrothorn, M|11\/100\n|detailschange|p2a: Lopunny|Lopunny-Mega, M\n|-mega|p2a: Lopunny|Lopunny|Lopunnite\n|move|p2a: Lopunny|Fake Out|p1a: Ferrothorn\n|-resisted|p1a: Ferrothorn\n|-damage|p1a: Ferrothorn|5\/100\n|-damage|p2a: Lopunny|72\/100|[from] ability: Iron Barbs|[of] p1a: Ferrothorn\n|\n|-heal|p1a: Ferrothorn|11\/100|[from] item: Leftovers\n|upkeep\n|turn|14\n|\n|t:|1700243408\n|move|p2a: Lopunny|Close Combat|p1a: Ferrothorn\n|-supereffective|p1a: Ferrothorn\n|-damage|p1a: Ferrothorn|0 fnt\n|-unboost|p2a: Lopunny|def|1\n|-unboost|p2a: Lopunny|spd|1\n|-damage|p2a: Lopunny|60\/100|[from] ability: Iron Barbs|[of] p1a: Ferrothorn\n|faint|p1a: Ferrothorn\n|\n|upkeep\n|\n|t:|1700243421\n|switch|p1a: Toxapex|Toxapex, F|100\/100\n|turn|15\n|\n|t:|1700243437\n|move|p2a: Lopunny|Return|p1a: Toxapex\n|-damage|p1a: Toxapex|69\/100\n|move|p1a: Toxapex|Toxic|p2a: Lopunny\n|-status|p2a: Lopunny|tox\n|\n|-heal|p1a: Toxapex|75\/100|[from] item: Leftovers\n|-damage|p2a: Lopunny|54\/100 tox|[from] psn\n|upkeep\n|turn|16\n|\n|t:|1700243447\n|move|p2a: Lopunny|Return|p1a: Toxapex\n|-damage|p1a: Toxapex|43\/100\n|move|p1a: Toxapex|Infestation|p2a: Lopunny\n|-resisted|p2a: Lopunny\n|-damage|p2a: Lopunny|51\/100 tox\n|-activate|p2a: Lopunny|move: Infestation|[of] p1a: Toxapex\n|\n|-heal|p1a: Toxapex|49\/100|[from] item: Leftovers\n|-damage|p2a: Lopunny|39\/100 tox|[from] psn\n|-damage|p2a: Lopunny|27\/100 tox|[from] move: Infestation|[partiallytrapped]\n|upkeep\n|turn|17\n|\n|t:|1700243458\n|move|p2a: Lopunny|Return|p1a: Toxapex\n|-damage|p1a: Toxapex|16\/100\n|move|p1a: Toxapex|Liquidation|p2a: Lopunny\n|-damage|p2a: Lopunny|0 fnt\n|faint|p2a: Lopunny\n|\n|-heal|p1a: Toxapex|22\/100|[from] item: Leftovers\n|upkeep\n|\n|t:|1700243460\n|switch|p2a: Blaziken|Blaziken, M|100\/100\n|-damage|p2a: Blaziken|84\/100|[from] Spikes\n|turn|18\n|\n|t:|1700243474\n|move|p2a: Blaziken|Earthquake|p1a: Toxapex\n|-supereffective|p1a: Toxapex\n|-damage|p1a: Toxapex|0 fnt\n|faint|p1a: Toxapex\n|\n|-ability|p2a: Blaziken|Speed Boost|boost\n|-boost|p2a: Blaziken|spe|1\n|upkeep\n|c|\u2606FunnyFlinch|i thought you would sd\n|\n|t:|1700243496\n|switch|p1a: Garganacl|Garganacl, M|100\/100\n|turn|19\n|c|\u2606xgcl|whats the point\n|c|\u2606FunnyFlinch|to wall break\n|\n|t:|1700243507\n|move|p2a: Blaziken|Swords Dance|p2a: Blaziken\n|-boost|p2a: Blaziken|atk|2\n|move|p1a: Garganacl|Salt Cure|p2a: Blaziken\n|-damage|p2a: Blaziken|65\/100\n|-start|p2a: Blaziken|Salt Cure\n|\n|-damage|p2a: Blaziken|52\/100|[from] Salt Cure\n|-ability|p2a: Blaziken|Speed Boost|boost\n|-boost|p2a: Blaziken|spe|1\n|upkeep\n|turn|20\n|\n|t:|1700243516\n|move|p1a: Garganacl|Protect|p1a: Garganacl\n|-singleturn|p1a: Garganacl|Protect\n|move|p2a: Blaziken|Close Combat|p1a: Garganacl\n|-activate|p1a: Garganacl|move: Protect\n|\n|-damage|p2a: Blaziken|40\/100|[from] Salt Cure\n|-ability|p2a: Blaziken|Speed Boost|boost\n|-boost|p2a: Blaziken|spe|1\n|upkeep\n|turn|21\n|\n|t:|1700243528\n|-terastallize|p1a: Garganacl|Water\n|move|p2a: Blaziken|Close Combat|p1a: Garganacl\n|-damage|p1a: Garganacl|8\/100\n|-unboost|p2a: Blaziken|def|1\n|-unboost|p2a: Blaziken|spd|1\n|move|p1a: Garganacl|Iron Defense|p1a: Garganacl\n|-boost|p1a: Garganacl|def|2\n|\n|-heal|p1a: Garganacl|14\/100|[from] item: Leftovers\n|-damage|p2a: Blaziken|28\/100|[from] Salt Cure\n|-ability|p2a: Blaziken|Speed Boost|boost\n|-boost|p2a: Blaziken|spe|1\n|upkeep\n|turn|22\n|\n|t:|1700243540\n|move|p1a: Garganacl|Protect|p1a: Garganacl\n|-singleturn|p1a: Garganacl|Protect\n|move|p2a: Blaziken|Earthquake|p1a: Garganacl\n|-activate|p1a: Garganacl|move: Protect\n|\n|-heal|p1a: Garganacl|21\/100|[from] item: Leftovers\n|-damage|p2a: Blaziken|15\/100|[from] Salt Cure\n|-ability|p2a: Blaziken|Speed Boost|boost\n|-boost|p2a: Blaziken|spe|1\n|upkeep\n|turn|23\n|\n|t:|1700243557\n|move|p2a: Blaziken|Earthquake|p1a: Garganacl\n|-damage|p1a: Garganacl|0 fnt\n|faint|p1a: Garganacl\n|\n|-damage|p2a: Blaziken|3\/100|[from] Salt Cure\n|-ability|p2a: Blaziken|Speed Boost|boost\n|-boost|p2a: Blaziken|spe|1\n|upkeep\n|inactive|FunnyFlinch has 120 seconds left.\n|\n|t:|1700243568\n|switch|p1a: Alomomola|Alomomola, M|38\/100\n|turn|24\n|\n|t:|1700243573\n|move|p2a: Blaziken|Earthquake|p1a: Alomomola\n|-damage|p1a: Alomomola|0 fnt\n|faint|p1a: Alomomola\n|\n|-damage|p2a: Blaziken|0 fnt|[from] Salt Cure\n|faint|p2a: Blaziken\n|upkeep\n|\n|t:|1700243579\n|switch|p2a: Game thrower ong|Greninja, M|57\/100\n|switch|p1a: Skeledirge|Skeledirge, M|100\/100\n|-damage|p2a: Game thrower ong|40\/100|[from] Spikes\n|turn|25\n|\n|t:|1700243585\n|move|p2a: Game thrower ong|Dark Pulse|p1a: Skeledirge\n|-supereffective|p1a: Skeledirge\n|-crit|p1a: Skeledirge\n|-damage|p1a: Skeledirge|0 fnt\n|faint|p1a: Skeledirge\n|-damage|p2a: Game thrower ong|31\/100|[from] item: Life Orb\n|\n|win|xgcl\n|raw|FunnyFlinch's rating: 1228 &rarr; <strong>1209<\/strong><br \/>(-19 for losing)\n|raw|xgcl's rating: 1317 &rarr; <strong>1332<\/strong><br \/>(+15 for winning)\n|l|\u2606FunnyFlinch\n|l|\u2606xgcl\n|j|\u2606xgcl\n|player|p2|xgcl|ingo\n|c|\u2606xgcl|uhh\n|c|\u2606xgcl|what\n","uploadtime":1700245584,"views":6,"p1id":"funnyflinch","p2id":"xgcl","formatid":"gen9nationaldex","rating":1209,"private":0,"password":""}