{"id":"gen9nationaldex-1993474008","p1":"dragon 64531","p2":"KangWS","format":"[Gen 9] National Dex","log":"|j|\u2606dragon 64531\n|j|\u2606KangWS\n|t:|1700322249\n|gametype|singles\n|player|p1|dragon 64531|scientist|1436\n|player|p2|KangWS|clerkf|1515\n|teamsize|p1|6\n|teamsize|p2|6\n|gen|9\n|tier|[Gen 9] National Dex\n|rated|\n|rule|HP Percentage Mod: HP is shown in percentages\n|rule|Endless Battle Clause: Forcing endless battles is banned\n|rule|OHKO Clause: OHKO moves are banned\n|rule|Evasion Clause: Evasion abilities, items, and moves are banned\n|rule|Evasion Abilities Clause: Evasion abilities are banned\n|rule|Evasion Items Clause: Evasion items are banned\n|rule|Evasion Moves Clause: Evasion moves are banned\n|rule|Species Clause: Limit one of each Pok\u00e9mon\n|rule|Sleep Clause Mod: Limit one foe put to sleep\n|clearpoke\n|poke|p1|Greninja-*, M|\n|poke|p1|Ogerpon-Wellspring, F|\n|poke|p1|Pelipper, F|\n|poke|p1|Ferrothorn, F|\n|poke|p1|Barraskewda, M|\n|poke|p1|Scizor, F|\n|poke|p2|Banette, M|\n|poke|p2|Hoopa-Unbound|\n|poke|p2|Iron Valiant|\n|poke|p2|Alomomola, F|\n|poke|p2|Slowking-Galar, M|\n|poke|p2|Moltres|\n|teampreview\n|inactive|Battle timer is ON: inactive players will automatically lose when time's up. (requested by KangWS)\n|\n|t:|1700322258\n|start\n|switch|p1a: Pelipper|Pelipper, F, shiny|100\/100\n|switch|p2a: Slowking|Slowking-Galar, M, shiny|100\/100\n|-weather|RainDance|[from] ability: Drizzle|[of] p1a: Pelipper\n|turn|1\n|\n|t:|1700322266\n|move|p1a: Pelipper|Scald|p2a: Slowking\n|-damage|p2a: Slowking|70\/100\n|move|p2a: Slowking|Chilly Reception|p2a: Slowking\n|-weather|Snow\n|\n|t:|1700322273\n|switch|p2a: Iron Valiant|Iron Valiant, shiny|100\/100|[from] Chilly Reception\n|-enditem|p2a: Iron Valiant|Booster Energy\n|-activate|p2a: Iron Valiant|ability: Quark Drive|[fromitem]\n|-start|p2a: Iron Valiant|quarkdrivespe\n|\n|-weather|Snow|[upkeep]\n|upkeep\n|turn|2\n|\n|t:|1700322281\n|move|p2a: Iron Valiant|Close Combat|p1a: Pelipper\n|-resisted|p1a: Pelipper\n|-damage|p1a: Pelipper|81\/100\n|-unboost|p2a: Iron Valiant|def|1\n|-unboost|p2a: Iron Valiant|spd|1\n|move|p1a: Pelipper|Hurricane|p2a: Iron Valiant\n|-supereffective|p2a: Iron Valiant\n|-damage|p2a: Iron Valiant|0 fnt\n|faint|p2a: Iron Valiant\n|-end|p2a: Iron Valiant|Quark Drive|[silent]\n|\n|-weather|Snow|[upkeep]\n|upkeep\n|\n|t:|1700322293\n|switch|p2a: Hoopa|Hoopa-Unbound|100\/100\n|turn|3\n|\n|t:|1700322300\n|switch|p1a: Ferrothorn|Ferrothorn, F, shiny|100\/100\n|move|p2a: Hoopa|Hyperspace Fury|p1a: Ferrothorn\n|-damage|p1a: Ferrothorn|24\/100\n|-unboost|p2a: Hoopa|def|1\n|\n|-weather|Snow|[upkeep]\n|upkeep\n|turn|4\n|\n|t:|1700322312\n|move|p2a: Hoopa|Hyperspace Fury|p1a: Ferrothorn\n|-damage|p1a: Ferrothorn|0 fnt\n|-unboost|p2a: Hoopa|def|1\n|faint|p1a: Ferrothorn\n|\n|-weather|Snow|[upkeep]\n|upkeep\n|\n|t:|1700322318\n|switch|p1a: Scizor|Scizor, F, shiny|100\/100\n|turn|5\n|\n|t:|1700322324\n|switch|p2a: Moltres|Moltres|100\/100\n|detailschange|p1a: Scizor|Scizor-Mega, F, shiny\n|-mega|p1a: Scizor|Scizor|Scizorite\n|move|p1a: Scizor|U-turn|p2a: Moltres\n|-resisted|p2a: Moltres\n|-damage|p2a: Moltres|89\/100\n|-status|p1a: Scizor|brn|[from] ability: Flame Body|[of] p2a: Moltres\n|\n|t:|1700322332\n|switch|p1a: Pelipper|Pelipper, F, shiny|81\/100|[from] U-turn\n|-weather|RainDance|[from] ability: Drizzle|[of] p1a: Pelipper\n|\n|-weather|RainDance|[upkeep]\n|upkeep\n|turn|6\n|\n|t:|1700322342\n|move|p2a: Moltres|Ancient Power|p1a: Pelipper\n|-supereffective|p1a: Pelipper\n|-damage|p1a: Pelipper|33\/100\n|move|p1a: Pelipper|Scald|p2a: Moltres\n|-supereffective|p2a: Moltres\n|-crit|p2a: Moltres\n|-damage|p2a: Moltres|0 fnt\n|faint|p2a: Moltres\n|\n|-weather|RainDance|[upkeep]\n|upkeep\n|\n|t:|1700322358\n|switch|p2a: Slowking|Slowking-Galar, M, shiny|100\/100\n|turn|7\n|\n|t:|1700322366\n|move|p1a: Pelipper|Roost|p1a: Pelipper\n|-heal|p1a: Pelipper|83\/100\n|-singleturn|p1a: Pelipper|move: Roost\n|move|p2a: Slowking|Sludge Wave|p1a: Pelipper\n|-damage|p1a: Pelipper|36\/100\n|\n|-weather|RainDance|[upkeep]\n|upkeep\n|turn|8\n|\n|t:|1700322374\n|move|p1a: Pelipper|Scald|p2a: Slowking\n|-crit|p2a: Slowking\n|-damage|p2a: Slowking|55\/100\n|-status|p2a: Slowking|brn\n|move|p2a: Slowking|Toxic|p1a: Pelipper\n|-status|p1a: Pelipper|tox\n|\n|-weather|RainDance|[upkeep]\n|-heal|p2a: Slowking|61\/100 brn|[from] item: Leftovers\n|-damage|p1a: Pelipper|30\/100 tox|[from] psn\n|-damage|p2a: Slowking|55\/100 brn|[from] brn\n|upkeep\n|turn|9\n|\n|t:|1700322386\n|switch|p1a: Scizor|Scizor-Mega, F, shiny|100\/100 brn\n|move|p2a: Slowking|Chilly Reception|p2a: Slowking\n|-weather|Snow\n|\n|t:|1700322395\n|switch|p2a: Alomomola|Alomomola, F, shiny|100\/100|[from] Chilly Reception\n|\n|-weather|Snow|[upkeep]\n|-damage|p1a: Scizor|94\/100 brn|[from] brn\n|upkeep\n|turn|10\n|\n|t:|1700322402\n|move|p1a: Scizor|Bug Bite|p2a: Alomomola\n|-damage|p2a: Alomomola|85\/100\n|-damage|p1a: Scizor|78\/100 brn|[from] item: Rocky Helmet|[of] p2a: Alomomola\n|move|p2a: Alomomola|Flip Turn|p1a: Scizor\n|-damage|p1a: Scizor|65\/100 brn\n|\n|t:|1700322416\n|switch|p2a: Banette|Banette, M|100\/100|[from] Flip Turn\n|-item|p1a: Scizor|Scizorite|[from] ability: Frisk|[of] p2a: Banette|[identify]\n|\n|-weather|Snow|[upkeep]\n|-damage|p1a: Scizor|59\/100 brn|[from] brn\n|upkeep\n|turn|11\n|\n|t:|1700322425\n|switch|p2a: Alomomola|Alomomola, F, shiny|100\/100\n|move|p1a: Scizor|U-turn|p2a: Alomomola\n|-damage|p2a: Alomomola|89\/100\n|-damage|p1a: Scizor|42\/100 brn|[from] item: Rocky Helmet|[of] p2a: Alomomola\n|\n|t:|1700322434\n|switch|p1a: Ogerpon|Ogerpon-Wellspring, F|100\/100|[from] U-turn\n|\n|-weather|Snow|[upkeep]\n|upkeep\n|turn|12\n|\n|t:|1700322455\n|switch|p2a: Banette|Banette, M|100\/100\n|-item|p1a: Ogerpon|Wellspring Mask|[from] ability: Frisk|[of] p2a: Banette|[identify]\n|move|p1a: Ogerpon|Horn Leech|p2a: Banette\n|-damage|p2a: Banette|31\/100\n|\n|-weather|Snow|[upkeep]\n|upkeep\n|turn|13\n|\n|t:|1700322464\n|detailschange|p2a: Banette|Banette-Mega, M\n|-mega|p2a: Banette|Banette|Banettite\n|move|p2a: Banette|Destiny Bond|p2a: Banette\n|-singlemove|p2a: Banette|Destiny Bond\n|move|p1a: Ogerpon|Knock Off|p2a: Banette\n|-supereffective|p2a: Banette\n|-damage|p2a: Banette|0 fnt\n|faint|p2a: Banette\n|-activate|p2a: Banette|move: Destiny Bond\n|faint|p1a: Ogerpon\n|\n|-weather|none\n|upkeep\n|\n|t:|1700322478\n|switch|p1a: Pelipper|Pelipper, F, shiny|30\/100 tox\n|switch|p2a: Alomomola|Alomomola, F, shiny|100\/100\n|-weather|RainDance|[from] ability: Drizzle|[of] p1a: Pelipper\n|turn|14\n|\n|t:|1700322487\n|move|p1a: Pelipper|Scald|p2a: Alomomola\n|-resisted|p2a: Alomomola\n|-damage|p2a: Alomomola|75\/100\n|move|p2a: Alomomola|Flip Turn|p1a: Pelipper\n|-resisted|p1a: Pelipper\n|-damage|p1a: Pelipper|20\/100 tox\n|\n|t:|1700322494\n|switch|p2a: Hoopa|Hoopa-Unbound|100\/100|[from] Flip Turn\n|\n|-weather|RainDance|[upkeep]\n|-damage|p1a: Pelipper|14\/100 tox|[from] psn\n|upkeep\n|turn|15\n|\n|t:|1700322503\n|move|p2a: Hoopa|Hyperspace Fury|p1a: Pelipper\n|-damage|p1a: Pelipper|0 fnt\n|-unboost|p2a: Hoopa|def|1\n|faint|p1a: Pelipper\n|\n|-weather|RainDance|[upkeep]\n|upkeep\n|\n|t:|1700322509\n|switch|p1a: Barraskewda|Barraskewda, M, shiny|100\/100\n|turn|16\n|\n|t:|1700322517\n|switch|p2a: Alomomola|Alomomola, F, shiny|100\/100\n|move|p1a: Barraskewda|Liquidation|p2a: Alomomola\n|-resisted|p2a: Alomomola\n|-damage|p2a: Alomomola|73\/100\n|-damage|p1a: Barraskewda|84\/100|[from] item: Rocky Helmet|[of] p2a: Alomomola\n|\n|-weather|RainDance|[upkeep]\n|upkeep\n|turn|17\n|\n|t:|1700322531\n|switch|p1a: Scizor|Scizor-Mega, F, shiny|42\/100 brn\n|move|p2a: Alomomola|Flip Turn|p1a: Scizor\n|-damage|p1a: Scizor|24\/100 brn\n|\n|t:|1700322543\n|switch|p2a: Hoopa|Hoopa-Unbound|100\/100|[from] Flip Turn\n|\n|-weather|RainDance|[upkeep]\n|-damage|p1a: Scizor|17\/100 brn|[from] brn\n|upkeep\n|turn|18\n|\n|t:|1700322568\n|move|p2a: Hoopa|Hyperspace Fury|p1a: Scizor\n|-damage|p1a: Scizor|0 fnt\n|-unboost|p2a: Hoopa|def|1\n|faint|p1a: Scizor\n|\n|-weather|RainDance|[upkeep]\n|upkeep\n|\n|t:|1700322577\n|switch|p1a: Greninja|Greninja, M|100\/100\n|turn|19\n|\n|t:|1700322600\n|-terastallize|p2a: Hoopa|Dark\n|move|p1a: Greninja|Dark Pulse|p2a: Hoopa\n|-resisted|p2a: Hoopa\n|-crit|p2a: Hoopa\n|-damage|p2a: Hoopa|66\/100\n|move|p2a: Hoopa|Hyperspace Fury|p1a: Greninja\n|-resisted|p1a: Greninja\n|-damage|p1a: Greninja|0 fnt\n|-unboost|p2a: Hoopa|def|1\n|faint|p1a: Greninja\n|\n|-weather|RainDance|[upkeep]\n|upkeep\n|\n|t:|1700322610\n|switch|p1a: Barraskewda|Barraskewda, M, shiny|84\/100\n|turn|20\n|\n|t:|1700322625\n|switch|p2a: Alomomola|Alomomola, F, shiny|100\/100\n|move|p1a: Barraskewda|Close Combat|p2a: Alomomola\n|-crit|p2a: Alomomola\n|-damage|p2a: Alomomola|43\/100\n|-unboost|p1a: Barraskewda|def|1\n|-unboost|p1a: Barraskewda|spd|1\n|-damage|p1a: Barraskewda|68\/100|[from] item: Rocky Helmet|[of] p2a: Alomomola\n|\n|-weather|RainDance|[upkeep]\n|upkeep\n|turn|21\n|\n|t:|1700322634\n|switch|p2a: Slowking|Slowking-Galar, M, shiny|89\/100 brn\n|move|p1a: Barraskewda|Close Combat|p2a: Slowking\n|-resisted|p2a: Slowking\n|-damage|p2a: Slowking|77\/100 brn\n|-unboost|p1a: Barraskewda|def|1\n|-unboost|p1a: Barraskewda|spd|1\n|\n|-weather|none\n|-heal|p2a: Slowking|83\/100 brn|[from] item: Leftovers\n|-damage|p2a: Slowking|77\/100 brn|[from] brn\n|upkeep\n|turn|22\n|\n|t:|1700322645\n|move|p1a: Barraskewda|Close Combat|p2a: Slowking\n|-resisted|p2a: Slowking\n|-damage|p2a: Slowking|65\/100 brn\n|-unboost|p1a: Barraskewda|def|1\n|-unboost|p1a: Barraskewda|spd|1\n|move|p2a: Slowking|Sludge Wave|p1a: Barraskewda\n|-damage|p1a: Barraskewda|0 fnt\n|faint|p1a: Barraskewda\n|\n|win|KangWS\n|raw|dragon 64531's rating: 1436 &rarr; <strong>1420<\/strong><br \/>(-16 for losing)\n|raw|KangWS's rating: 1515 &rarr; <strong>1531<\/strong><br \/>(+16 for winning)\n","uploadtime":1700322655,"views":6,"p1id":"dragon64531","p2id":"kangws","formatid":"gen9nationaldex","rating":1420,"private":0,"password":""}