{"id":"gen9nationaldex-1994949117","p1":"Elvisma","p2":"MachPunch93","format":"[Gen 9] National Dex","log":"|html|<div class=\"broadcast-blue\"><strong>[Gen 9] National Dex is currently suspecting Sneasler! For information on how to participate check out the <a href=\"https:\/\/www.smogon.com\/forums\/threads\/sv-national-dex-suspect-8-just-dance.3731534\/\">suspect thread<\/a>.<\/strong><\/div>\n|j|\u2606Elvisma\n|j|\u2606MachPunch93\n|t:|1700507304\n|gametype|singles\n|player|p1|Elvisma|red-masters|1778\n|player|p2|MachPunch93|alder|1656\n|teamsize|p1|6\n|teamsize|p2|6\n|gen|9\n|tier|[Gen 9] National Dex\n|rated|\n|rule|HP Percentage Mod: HP is shown in percentages\n|rule|Endless Battle Clause: Forcing endless battles is banned\n|rule|OHKO Clause: OHKO moves are banned\n|rule|Evasion Clause: Evasion abilities, items, and moves are banned\n|rule|Evasion Abilities Clause: Evasion abilities are banned\n|rule|Evasion Items Clause: Evasion items are banned\n|rule|Evasion Moves Clause: Evasion moves are banned\n|rule|Species Clause: Limit one of each Pok\u00e9mon\n|rule|Sleep Clause Mod: Limit one foe put to sleep\n|clearpoke\n|poke|p1|Azelf|\n|poke|p1|Charizard, M|\n|poke|p1|Ribombee, M|\n|poke|p1|Great Tusk|\n|poke|p1|Ogerpon-Wellspring, F|\n|poke|p1|Victini|\n|poke|p2|Charizard, M|\n|poke|p2|Landorus-Therian, M|\n|poke|p2|Heatran, F|\n|poke|p2|Zapdos|\n|poke|p2|Zeraora|\n|poke|p2|Iron Hands|\n|teampreview\n|\n|t:|1700507324\n|start\n|switch|p1a: ampheros|Charizard, M|100\/100\n|switch|p2a: Heatran|Heatran, F|100\/100\n|turn|1\n|\n|t:|1700507330\n|switch|p2a: Landorus|Landorus-Therian, M|100\/100\n|-ability|p2a: Landorus|Intimidate|boost\n|-unboost|p1a: ampheros|atk|1\n|detailschange|p1a: ampheros|Charizard-Mega-X, M\n|-mega|p1a: ampheros|Charizard|Charizardite X\n|move|p1a: ampheros|Earthquake|p2a: Landorus\n|-immune|p2a: Landorus\n|\n|upkeep\n|turn|2\n|\n|t:|1700507341\n|switch|p1a: ZA BEE|Ribombee, M|100\/100\n|move|p2a: Landorus|Earthquake|p1a: ZA BEE\n|-resisted|p1a: ZA BEE\n|-damage|p1a: ZA BEE|40\/100\n|\n|upkeep\n|turn|3\n|\n|t:|1700507349\n|switch|p1a: pls dont u-turn|Azelf|100\/100\n|move|p2a: Landorus|Earthquake|p1a: pls dont u-turn\n|-immune|p1a: pls dont u-turn|[from] ability: Levitate\n|\n|upkeep\n|turn|4\n|\n|t:|1700507357\n|switch|p2a: Heatran|Heatran, F|100\/100\n|move|p1a: pls dont u-turn|Mystical Power|p2a: Heatran\n|-resisted|p2a: Heatran\n|-damage|p2a: Heatran|82\/100\n|-boost|p1a: pls dont u-turn|spa|1\n|\n|upkeep\n|turn|5\n|c|\u2606Elvisma|i can tell thats scarfed\n|c|\u2606Elvisma|from how its not defensive\n|c|\u2606Elvisma|lando\n|\n|t:|1700507382\n|switch|p1a: V create spam|Victini|100\/100\n|move|p2a: Heatran|Magma Storm|p1a: V create spam\n|-resisted|p1a: V create spam\n|-damage|p1a: V create spam|77\/100\n|-activate|p1a: V create spam|move: Magma Storm|[of] p2a: Heatran\n|\n|-damage|p1a: V create spam|64\/100|[from] move: Magma Storm|[partiallytrapped]\n|upkeep\n|turn|6\n|\n|t:|1700507400\n|switch|p2a: Landorus|Landorus-Therian, M|100\/100\n|-ability|p2a: Landorus|Intimidate|boost\n|-unboost|p1a: V create spam|atk|1\n|-zpower|p1a: V create spam\n|move|p1a: V create spam|Z-Celebrate|p1a: V create spam|[anim]Celebrate\n|-boost|p1a: V create spam|atk|1|[zeffect]\n|-boost|p1a: V create spam|def|1|[zeffect]\n|-boost|p1a: V create spam|spa|1|[zeffect]\n|-boost|p1a: V create spam|spd|1|[zeffect]\n|-boost|p1a: V create spam|spe|1|[zeffect]\n|-activate|p1a: V create spam|move: Celebrate\n|\n|-end|p1a: V create spam|Magma Storm|[partiallytrapped]|[silent]\n|upkeep\n|turn|7\n|c|\u2606Elvisma|burn\n|c|\u2606Elvisma|pls\n|c|\u2606Elvisma|game\n|\n|t:|1700507412\n|switch|p2a: Heatran|Heatran, F|82\/100\n|move|p1a: V create spam|Stored Power|p2a: Heatran\n|-resisted|p2a: Heatran\n|-damage|p2a: Heatran|51\/100\n|\n|upkeep\n|turn|8\n|\n|t:|1700507419\n|move|p1a: V create spam|Stored Power|p2a: Heatran\n|-resisted|p2a: Heatran\n|-damage|p2a: Heatran|18\/100\n|move|p2a: Heatran|Earth Power|p1a: V create spam\n|-supereffective|p1a: V create spam\n|-damage|p1a: V create spam|25\/100\n|\n|upkeep\n|turn|9\n|\n|t:|1700507426\n|move|p1a: V create spam|Stored Power|p2a: Heatran\n|-resisted|p2a: Heatran\n|-damage|p2a: Heatran|0 fnt\n|faint|p2a: Heatran\n|\n|upkeep\n|\n|t:|1700507432\n|switch|p2a: Iron Hands|Iron Hands|100\/100\n|turn|10\n|\n|t:|1700507436\n|move|p1a: V create spam|Stored Power|p2a: Iron Hands\n|-supereffective|p2a: Iron Hands\n|-damage|p2a: Iron Hands|35\/100\n|move|p2a: Iron Hands|Earthquake|p1a: V create spam\n|-supereffective|p1a: V create spam\n|-crit|p1a: V create spam\n|-damage|p1a: V create spam|0 fnt\n|faint|p1a: V create spam\n|\n|upkeep\n|\n|t:|1700507440\n|switch|p1a: ZA BEE|Ribombee, M|40\/100\n|turn|11\n|\n|t:|1700507450\n|move|p1a: ZA BEE|Moonblast|p2a: Iron Hands\n|-supereffective|p2a: Iron Hands\n|-damage|p2a: Iron Hands|0 fnt\n|faint|p2a: Iron Hands\n|-end|p2a: Iron Hands|Quark Drive|[silent]\n|\n|upkeep\n|c|\u2606Elvisma|eh webs aint gonna do crap\n|\n|t:|1700507456\n|switch|p2a: Zeraora|Zeraora|100\/100\n|turn|12\n|\n|t:|1700507460\n|move|p2a: Zeraora|Plasma Fists|p1a: ZA BEE\n|-damage|p1a: ZA BEE|0 fnt\n|-fieldactivate|move: Ion Deluge\n|-hint|Normal-type moves become Electric-type after using Plasma Fists.\n|faint|p1a: ZA BEE\n|\n|upkeep\n|\n|t:|1700507463\n|switch|p1a: TUSK SWEEP|Great Tusk|100\/100\n|-enditem|p1a: TUSK SWEEP|Booster Energy\n|-activate|p1a: TUSK SWEEP|ability: Protosynthesis|[fromitem]\n|-start|p1a: TUSK SWEEP|protosynthesisatk\n|turn|13\n|\n|t:|1700507472\n|switch|p2a: Landorus|Landorus-Therian, M|100\/100\n|-ability|p2a: Landorus|Intimidate|boost\n|-unboost|p1a: TUSK SWEEP|atk|1\n|-terastallize|p1a: TUSK SWEEP|Ice\n|move|p1a: TUSK SWEEP|Rapid Spin|p2a: Landorus\n|-damage|p2a: Landorus|82\/100\n|-boost|p1a: TUSK SWEEP|spe|1\n|\n|upkeep\n|turn|14\n|\n|t:|1700507482\n|switch|p2a: Zapdos|Zapdos|100\/100\n|move|p1a: TUSK SWEEP|Ice Spinner|p2a: Zapdos\n|-supereffective|p2a: Zapdos\n|-crit|p2a: Zapdos\n|-damage|p2a: Zapdos|0 fnt\n|faint|p2a: Zapdos\n|\n|upkeep\n|\n|t:|1700507490\n|switch|p2a: Charizard|Charizard, M|100\/100\n|turn|15\n|\n|t:|1700507498\n|-end|p1a: TUSK SWEEP|Protosynthesis|[silent]\n|switch|p1a: ampheros|Charizard-Mega-X, M|100\/100\n|detailschange|p2a: Charizard|Charizard-Mega-Y, M\n|-mega|p2a: Charizard|Charizard|Charizardite Y\n|-weather|SunnyDay|[from] ability: Drought|[of] p2a: Charizard\n|move|p2a: Charizard|Weather Ball|p1a: ampheros\n|-resisted|p1a: ampheros\n|-damage|p1a: ampheros|69\/100\n|\n|-weather|SunnyDay|[upkeep]\n|upkeep\n|turn|16\n|\n|t:|1700507510\n|move|p1a: ampheros|Dragon Claw|p2a: Charizard\n|-damage|p2a: Charizard|21\/100\n|move|p2a: Charizard|Scorching Sands|p1a: ampheros\n|-supereffective|p1a: ampheros\n|-damage|p1a: ampheros|0 fnt\n|faint|p1a: ampheros\n|\n|-weather|SunnyDay|[upkeep]\n|upkeep\n|\n|t:|1700507515\n|switch|p1a: pls dont u-turn|Azelf|100\/100\n|turn|17\n|c|\u2606Elvisma|dont miss\n|c|\u2606Elvisma|pls\n|c|\u2606Elvisma|game\n|c|\u2606Elvisma|im asking nicly\n|\n|t:|1700507532\n|switch|p2a: Landorus|Landorus-Therian, M|82\/100\n|-ability|p2a: Landorus|Intimidate|boost\n|-unboost|p1a: pls dont u-turn|atk|1\n|move|p1a: pls dont u-turn|Mystical Power|p2a: Landorus|[miss]\n|-miss|p1a: pls dont u-turn|p2a: Landorus\n|\n|-weather|SunnyDay|[upkeep]\n|upkeep\n|turn|18\n|c|\u2606Elvisma|MOTHER\n|\n|t:|1700507543\n|move|p2a: Landorus|Knock Off|p1a: pls dont u-turn\n|-supereffective|p1a: pls dont u-turn\n|-damage|p1a: pls dont u-turn|0 fnt\n|-enditem|p1a: pls dont u-turn|Assault Vest|[from] move: Knock Off|[of] p2a: Landorus\n|faint|p1a: pls dont u-turn\n|\n|-weather|SunnyDay|[upkeep]\n|upkeep\n|\n|t:|1700507547\n|switch|p1a: touchgrassdrinkH2O|Ogerpon-Wellspring, F|100\/100\n|turn|19\n|\n|t:|1700507570\n|move|p2a: Landorus|Knock Off|p1a: touchgrassdrinkH2O\n|-damage|p1a: touchgrassdrinkH2O|66\/100\n|move|p1a: touchgrassdrinkH2O|Swords Dance|p1a: touchgrassdrinkH2O\n|-boost|p1a: touchgrassdrinkH2O|atk|2\n|\n|-weather|none\n|upkeep\n|turn|20\n|\n|t:|1700507585\n|switch|p2a: Charizard|Charizard-Mega-Y, M|21\/100\n|-weather|SunnyDay|[from] ability: Drought|[of] p2a: Charizard\n|move|p1a: touchgrassdrinkH2O|Horn Leech|p2a: Charizard\n|-resisted|p2a: Charizard\n|-damage|p2a: Charizard|0 fnt\n|-heal|p1a: touchgrassdrinkH2O|76\/100|[from] drain|[of] p2a: Charizard\n|faint|p2a: Charizard\n|\n|-weather|SunnyDay|[upkeep]\n|upkeep\n|\n|t:|1700507597\n|switch|p2a: Zeraora|Zeraora|100\/100\n|turn|21\n|\n|t:|1700507602\n|-terastallize|p2a: Zeraora|Fairy\n|move|p2a: Zeraora|Bulk Up|p2a: Zeraora\n|-boost|p2a: Zeraora|atk|1\n|-boost|p2a: Zeraora|def|1\n|move|p1a: touchgrassdrinkH2O|Horn Leech|p2a: Zeraora\n|-damage|p2a: Zeraora|25\/100\n|-heal|p1a: touchgrassdrinkH2O|100\/100|[from] drain|[of] p2a: Zeraora\n|\n|-weather|SunnyDay|[upkeep]\n|-heal|p2a: Zeraora|31\/100|[from] item: Leftovers\n|upkeep\n|turn|22\n|\n|t:|1700507615\n|move|p2a: Zeraora|Play Rough|p1a: touchgrassdrinkH2O\n|-damage|p1a: touchgrassdrinkH2O|18\/100\n|move|p1a: touchgrassdrinkH2O|Horn Leech|p2a: Zeraora\n|-damage|p2a: Zeraora|0 fnt\n|-heal|p1a: touchgrassdrinkH2O|34\/100|[from] drain|[of] p2a: Zeraora\n|faint|p2a: Zeraora\n|\n|-weather|SunnyDay|[upkeep]\n|upkeep\n|c|\u2606MachPunch93|Can't wait for that fk to be banned\n|\n|t:|1700507638\n|switch|p2a: Landorus|Landorus-Therian, M|82\/100\n|-ability|p2a: Landorus|Intimidate|boost\n|-unboost|p1a: touchgrassdrinkH2O|atk|1\n|turn|23\n|\n|t:|1700507642\n|move|p2a: Landorus|Earthquake|p1a: touchgrassdrinkH2O\n|-resisted|p1a: touchgrassdrinkH2O\n|-damage|p1a: touchgrassdrinkH2O|0 fnt\n|faint|p1a: touchgrassdrinkH2O\n|\n|-weather|SunnyDay|[upkeep]\n|upkeep\n|\n|t:|1700507645\n|switch|p1a: TUSK SWEEP|Great Tusk, tera:Ice|100\/100\n|-activate|p1a: TUSK SWEEP|ability: Protosynthesis\n|-start|p1a: TUSK SWEEP|protosynthesisatk\n|turn|24\n|\n|t:|1700507653\n|move|p2a: Landorus|Earthquake|p1a: TUSK SWEEP\n|-damage|p1a: TUSK SWEEP|60\/100\n|move|p1a: TUSK SWEEP|Ice Spinner|p2a: Landorus\n|-supereffective|p2a: Landorus\n|-damage|p2a: Landorus|0 fnt\n|faint|p2a: Landorus\n|\n|win|Elvisma\n|raw|Elvisma's rating: 1778 &rarr; <strong>1791<\/strong><br \/>(+13 for winning)\n|raw|MachPunch93's rating: 1656 &rarr; <strong>1643<\/strong><br \/>(-13 for losing)\n|c|\u2606Elvisma|gg\n|c|\u2606MachPunch93|Fk off\n|l|\u2606MachPunch93\n","uploadtime":1700507659,"views":9,"p1id":"elvisma","p2id":"machpunch93","formatid":"gen9nationaldex","rating":1643,"private":0,"password":""}