{"id":"gen9nationaldex-1987655893","p1":"Forever1507","p2":"jzhuc1841","format":"[Gen 9] National Dex","log":"|j|\u2606Forever1507\n|j|\u2606jzhuc1841\n|t:|1699624579\n|gametype|singles\n|player|p1|Forever1507|1|\n|player|p2|jzhuc1841|hilbert-wonderlauncher|\n|teamsize|p1|6\n|teamsize|p2|6\n|gen|9\n|tier|[Gen 9] National Dex\n|rule|HP Percentage Mod: HP is shown in percentages\n|rule|Endless Battle Clause: Forcing endless battles is banned\n|rule|OHKO Clause: OHKO moves are banned\n|rule|Evasion Clause: Evasion abilities, items, and moves are banned\n|rule|Evasion Abilities Clause: Evasion abilities are banned\n|rule|Evasion Items Clause: Evasion items are banned\n|rule|Evasion Moves Clause: Evasion moves are banned\n|rule|Species Clause: Limit one of each Pok\u00e9mon\n|rule|Sleep Clause Mod: Limit one foe put to sleep\n|clearpoke\n|poke|p1|Charizard, F|\n|poke|p1|Corviknight, F|\n|poke|p1|Kommo-o, F|\n|poke|p1|Rillaboom, F|\n|poke|p1|Sneasler, M|\n|poke|p1|Volcarona, F|\n|poke|p2|Zamazenta-*|\n|poke|p2|Banette, F|\n|poke|p2|Heatran, M|\n|poke|p2|Zapdos|\n|poke|p2|Urshifu-*, F|\n|poke|p2|Salamence, F|\n|teampreview\n|\n|t:|1699624597\n|start\n|switch|p1a: I HATE HEATRAN|Volcarona, F|100\/100\n|switch|p2a: Urshifu|Urshifu-Rapid-Strike, F|100\/100\n|turn|1\n|j| Mr.checkmate\u65e0\u5fc3\u65e0\u68a6\n|\n|t:|1699624615\n|switch|p1a: GENSHIN IMPACT|Rillaboom, F|100\/100\n|-fieldstart|move: Grassy Terrain|[from] ability: Grassy Surge|[of] p1a: GENSHIN IMPACT\n|move|p2a: Urshifu|U-turn|p1a: GENSHIN IMPACT\n|-supereffective|p1a: GENSHIN IMPACT\n|-crit|p1a: GENSHIN IMPACT\n|-damage|p1a: GENSHIN IMPACT|25\/100\n|\n|t:|1699624629\n|switch|p2a: Heatran|Heatran, M|100\/100|[from] U-turn\n|\n|-heal|p1a: GENSHIN IMPACT|32\/100|[from] Grassy Terrain\n|upkeep\n|turn|2\n|\n|t:|1699624636\n|move|p1a: GENSHIN IMPACT|U-turn|p2a: Heatran\n|-resisted|p2a: Heatran\n|-damage|p2a: Heatran|94\/100\n|\n|t:|1699624642\n|switch|p1a: I HATE HEATRAN|Volcarona, F|100\/100|[from] U-turn\n|move|p2a: Heatran|Magma Storm|p1a: I HATE HEATRAN\n|-damage|p1a: I HATE HEATRAN|47\/100\n|-activate|p1a: I HATE HEATRAN|move: Magma Storm|[of] p2a: Heatran\n|\n|-heal|p1a: I HATE HEATRAN|54\/100|[from] Grassy Terrain\n|-heal|p2a: Heatran|99\/100|[from] Grassy Terrain\n|-heal|p2a: Heatran|100\/100|[from] item: Leftovers\n|-damage|p1a: I HATE HEATRAN|41\/100|[from] move: Magma Storm|[partiallytrapped]\n|upkeep\n|turn|3\n|c|\u2606jzhuc1841|\u8fd9\u82f1\u6587\u540d\n|l| Mr.checkmate\u65e0\u5fc3\u65e0\u68a6\n|\n|t:|1699624658\n|move|p1a: I HATE HEATRAN|Quiver Dance|p1a: I HATE HEATRAN\n|-boost|p1a: I HATE HEATRAN|spa|1\n|-boost|p1a: I HATE HEATRAN|spd|1\n|-boost|p1a: I HATE HEATRAN|spe|1\n|move|p2a: Heatran|Stealth Rock|p1a: I HATE HEATRAN\n|-sidestart|p1: Forever1507|move: Stealth Rock\n|\n|-heal|p1a: I HATE HEATRAN|47\/100|[from] Grassy Terrain\n|-damage|p1a: I HATE HEATRAN|35\/100|[from] move: Magma Storm|[partiallytrapped]\n|upkeep\n|turn|4\n|\n|t:|1699624666\n|-terastallize|p1a: I HATE HEATRAN|Ground\n|move|p1a: I HATE HEATRAN|Tera Blast|p2a: Heatran|[anim] Tera Blast Ground\n|-supereffective|p2a: Heatran\n|-damage|p2a: Heatran|0 fnt\n|faint|p2a: Heatran\n|\n|-heal|p1a: I HATE HEATRAN|41\/100|[from] Grassy Terrain\n|-end|p1a: I HATE HEATRAN|Magma Storm|[partiallytrapped]|[silent]\n|upkeep\n|c|\u2606jzhuc1841|\u679c\u7136\n|\n|t:|1699624679\n|switch|p2a: Urshifu|Urshifu-Rapid-Strike, F|100\/100\n|turn|5\n|\n|t:|1699624683\n|move|p2a: Urshifu|Aqua Jet|p1a: I HATE HEATRAN\n|-supereffective|p1a: I HATE HEATRAN\n|-damage|p1a: I HATE HEATRAN|0 fnt\n|faint|p1a: I HATE HEATRAN\n|\n|-fieldend|move: Grassy Terrain\n|upkeep\n|\n|t:|1699624690\n|switch|p1a: I AM STALL|Corviknight, F|100\/100\n|-damage|p1a: I AM STALL|88\/100|[from] Stealth Rock\n|-ability|p1a: I AM STALL|Pressure\n|turn|6\n|\n|t:|1699624711\n|switch|p2a: Zapdos|Zapdos|100\/100\n|move|p1a: I AM STALL|Defog|p2a: Zapdos\n|-unboost|p2a: Zapdos|evasion|1\n|-sideend|p1: Forever1507|Stealth Rock|[from] move: Defog|[of] p1a: I AM STALL\n|\n|upkeep\n|turn|7\n|\n|t:|1699624722\n|switch|p1a: NO FAIRY PLZ|Kommo-o, F|100\/100\n|move|p2a: Zapdos|Volt Switch|p1a: NO FAIRY PLZ\n|-resisted|p1a: NO FAIRY PLZ\n|-damage|p1a: NO FAIRY PLZ|83\/100\n|\n|t:|1699624728\n|switch|p2a: Salamence|Salamence, F|100\/100|[from] Volt Switch\n|\n|upkeep\n|turn|8\n|\n|t:|1699624745\n|switch|p1a: I AM STALL|Corviknight, F|88\/100\n|-ability|p1a: I AM STALL|Pressure\n|-zpower|p2a: Salamence\n|move|p2a: Salamence|Devastating Drake|p1a: I AM STALL|[zeffect]\n|-resisted|p1a: I AM STALL\n|-damage|p1a: I AM STALL|56\/100\n|\n|upkeep\n|turn|9\n|\n|t:|1699624751\n|move|p2a: Salamence|Dragon Dance|p2a: Salamence\n|-boost|p2a: Salamence|atk|1\n|-boost|p2a: Salamence|spe|1\n|move|p1a: I AM STALL|Bulk Up|p1a: I AM STALL\n|-boost|p1a: I AM STALL|atk|1\n|-boost|p1a: I AM STALL|def|1\n|\n|upkeep\n|turn|10\n|\n|t:|1699624758\n|switch|p2a: Zapdos|Zapdos|100\/100\n|move|p1a: I AM STALL|Bulk Up|p1a: I AM STALL\n|-boost|p1a: I AM STALL|atk|1\n|-boost|p1a: I AM STALL|def|1\n|\n|upkeep\n|turn|11\n|\n|t:|1699624764\n|move|p2a: Zapdos|Volt Switch|p1a: I AM STALL\n|-supereffective|p1a: I AM STALL\n|-damage|p1a: I AM STALL|0 fnt\n|faint|p1a: I AM STALL\n|\n|t:|1699624773\n|switch|p2a: Urshifu|Urshifu-Rapid-Strike, F|100\/100|[from] Volt Switch\n|\n|upkeep\n|\n|t:|1699624780\n|switch|p1a: GENSHIN IMPACT|Rillaboom, F|32\/100\n|-fieldstart|move: Grassy Terrain|[from] ability: Grassy Surge|[of] p1a: GENSHIN IMPACT\n|turn|12\n|\n|t:|1699624794\n|switch|p2a: Zapdos|Zapdos|100\/100\n|move|p1a: GENSHIN IMPACT|U-turn|p2a: Zapdos\n|-resisted|p2a: Zapdos\n|-damage|p2a: Zapdos|88\/100\n|-status|p1a: GENSHIN IMPACT|par|[from] ability: Static|[of] p2a: Zapdos\n|\n|t:|1699624800\n|switch|p1a: WHY JUST UUBL|Charizard, F|100\/100|[from] U-turn\n|\n|upkeep\n|turn|13\n|\n|t:|1699624804\n|detailschange|p1a: WHY JUST UUBL|Charizard-Mega-X, F\n|-mega|p1a: WHY JUST UUBL|Charizard|Charizardite X\n|move|p1a: WHY JUST UUBL|Dragon Dance|p1a: WHY JUST UUBL\n|-boost|p1a: WHY JUST UUBL|atk|1\n|-boost|p1a: WHY JUST UUBL|spe|1\n|move|p2a: Zapdos|Volt Switch|p1a: WHY JUST UUBL\n|-resisted|p1a: WHY JUST UUBL\n|-damage|p1a: WHY JUST UUBL|81\/100\n|\n|t:|1699624812\n|switch|p2a: Banette|Banette, F|100\/100|[from] Volt Switch\n|\n|-heal|p1a: WHY JUST UUBL|87\/100|[from] Grassy Terrain\n|upkeep\n|turn|14\n|\n|t:|1699624816\n|switch|p1a: NO FAIRY PLZ|Kommo-o, F|83\/100\n|detailschange|p2a: Banette|Banette-Mega, F\n|-mega|p2a: Banette|Banette|Banettite\n|move|p2a: Banette|Destiny Bond|p2a: Banette\n|-singlemove|p2a: Banette|Destiny Bond\n|\n|-heal|p1a: NO FAIRY PLZ|90\/100|[from] Grassy Terrain\n|upkeep\n|turn|15\n|\n|t:|1699624822\n|-zpower|p1a: NO FAIRY PLZ\n|move|p1a: NO FAIRY PLZ|Clangorous Soulblaze|p2a: Banette|[zeffect]\n|-damage|p2a: Banette|0 fnt\n|faint|p2a: Banette\n|-activate|p2a: Banette|move: Destiny Bond\n|faint|p1a: NO FAIRY PLZ\n|\n|upkeep\n|\n|t:|1699624837\n|switch|p1a: R YOU BANNING ME?|Sneasler, M|100\/100\n|switch|p2a: Salamence|Salamence, F|100\/100\n|-enditem|p1a: R YOU BANNING ME?|Grassy Seed\n|-boost|p1a: R YOU BANNING ME?|def|1|[from] item: Grassy Seed\n|turn|16\n|\n|t:|1699624845\n|move|p1a: R YOU BANNING ME?|Dire Claw|p2a: Salamence\n|-damage|p2a: Salamence|44\/100\n|-status|p2a: Salamence|psn\n|move|p2a: Salamence|Dual Wingbeat|p1a: R YOU BANNING ME?\n|-supereffective|p1a: R YOU BANNING ME?\n|-damage|p1a: R YOU BANNING ME?|48\/100\n|-supereffective|p1a: R YOU BANNING ME?\n|-damage|p1a: R YOU BANNING ME?|3\/100\n|-hitcount|p1a: R YOU BANNING ME?|2\n|\n|-heal|p1a: R YOU BANNING ME?|9\/100|[from] Grassy Terrain\n|-damage|p2a: Salamence|32\/100 psn|[from] psn\n|-fieldend|move: Grassy Terrain\n|upkeep\n|turn|17\n|\n|t:|1699624856\n|move|p1a: R YOU BANNING ME?|Dire Claw|p2a: Salamence\n|-damage|p2a: Salamence|0 fnt\n|faint|p2a: Salamence\n|\n|upkeep\n|c|\u2606Forever1507|6\n|\n|t:|1699624861\n|switch|p2a: Urshifu|Urshifu-Rapid-Strike, F|100\/100\n|turn|18\n|\n|t:|1699624874\n|move|p1a: R YOU BANNING ME?|Acrobatics|p2a: Urshifu\n|-supereffective|p2a: Urshifu\n|-damage|p2a: Urshifu|10\/100\n|move|p2a: Urshifu|Surging Strikes|p1a: R YOU BANNING ME?\n|-crit|p1a: R YOU BANNING ME?\n|-damage|p1a: R YOU BANNING ME?|0 fnt\n|faint|p1a: R YOU BANNING ME?\n|-hitcount|p1: R YOU BANNING ME?|1\n|\n|upkeep\n|\n|t:|1699624883\n|switch|p1a: WHY JUST UUBL|Charizard-Mega-X, F|87\/100\n|turn|19\n|\n|t:|1699624886\n|move|p2a: Urshifu|Surging Strikes|p1a: WHY JUST UUBL\n|-crit|p1a: WHY JUST UUBL\n|-damage|p1a: WHY JUST UUBL|67\/100\n|-crit|p1a: WHY JUST UUBL\n|-damage|p1a: WHY JUST UUBL|46\/100\n|-crit|p1a: WHY JUST UUBL\n|-damage|p1a: WHY JUST UUBL|25\/100\n|-hitcount|p1a: WHY JUST UUBL|3\n|move|p1a: WHY JUST UUBL|Dragon Dance|p1a: WHY JUST UUBL\n|-boost|p1a: WHY JUST UUBL|atk|1\n|-boost|p1a: WHY JUST UUBL|spe|1\n|\n|upkeep\n|turn|20\n|\n|t:|1699624894\n|move|p1a: WHY JUST UUBL|Dragon Claw|p2a: Urshifu\n|-damage|p2a: Urshifu|0 fnt\n|faint|p2a: Urshifu\n|\n|upkeep\n|\n|t:|1699624897\n|switch|p2a: Zamazenta|Zamazenta|100\/100\n|-ability|p2a: Zamazenta|Dauntless Shield|boost\n|-boost|p2a: Zamazenta|def|1\n|turn|21\n|\n|t:|1699624904\n|move|p1a: WHY JUST UUBL|Flare Blitz|p2a: Zamazenta\n|-damage|p2a: Zamazenta|48\/100\n|-damage|p1a: WHY JUST UUBL|6\/100|[from] Recoil\n|move|p2a: Zamazenta|Iron Defense|p2a: Zamazenta\n|-boost|p2a: Zamazenta|def|2\n|\n|-heal|p2a: Zamazenta|54\/100|[from] item: Leftovers\n|upkeep\n|turn|22\n|\n|t:|1699624914\n|move|p1a: WHY JUST UUBL|Dragon Dance|p1a: WHY JUST UUBL\n|-boost|p1a: WHY JUST UUBL|atk|1\n|-boost|p1a: WHY JUST UUBL|spe|1\n|move|p2a: Zamazenta|Substitute|p2a: Zamazenta\n|-start|p2a: Zamazenta|Substitute\n|-damage|p2a: Zamazenta|29\/100\n|\n|-heal|p2a: Zamazenta|35\/100|[from] item: Leftovers\n|upkeep\n|turn|23\n|\n|t:|1699624919\n|move|p1a: WHY JUST UUBL|Flare Blitz|p2a: Zamazenta\n|-end|p2a: Zamazenta|Substitute\n|-damage|p1a: WHY JUST UUBL|0 fnt|[from] Recoil|[of] p2a: Zamazenta\n|faint|p1a: WHY JUST UUBL\n|move|p2a: Zamazenta|Body Press|p1: WHY JUST UUBL|[notarget]\n|-fail|p2a: Zamazenta\n|\n|-heal|p2a: Zamazenta|41\/100|[from] item: Leftovers\n|upkeep\n|\n|t:|1699624922\n|switch|p1a: GENSHIN IMPACT|Rillaboom, F|32\/100 par\n|-fieldstart|move: Grassy Terrain|[from] ability: Grassy Surge|[of] p1a: GENSHIN IMPACT\n|turn|24\n|\n|t:|1699624929\n|move|p2a: Zamazenta|Body Press|p1a: GENSHIN IMPACT\n|-damage|p1a: GENSHIN IMPACT|0 fnt\n|faint|p1a: GENSHIN IMPACT\n|\n|win|jzhuc1841\n|l|\u2606Forever1507\n","uploadtime":1699625052,"views":4,"p1id":"forever1507","p2id":"jzhuc1841","formatid":"gen9nationaldex","rating":0,"private":0,"password":""}