{"id":"gen9nationaldex-1989291168","p1":"spylent6","p2":"RandoTestAccount","format":"[Gen 9] National Dex","log":"|j|\u2606spylent6\n|j|\u2606RandoTestAccount\n|t:|1699832584\n|gametype|singles\n|player|p1|spylent6|palmer|1211\n|player|p2|RandoTestAccount|pokemonrangerf|1121\n|teamsize|p1|6\n|teamsize|p2|6\n|gen|9\n|tier|[Gen 9] National Dex\n|rated|\n|rule|HP Percentage Mod: HP is shown in percentages\n|rule|Endless Battle Clause: Forcing endless battles is banned\n|rule|OHKO Clause: OHKO moves are banned\n|rule|Evasion Clause: Evasion abilities, items, and moves are banned\n|rule|Evasion Abilities Clause: Evasion abilities are banned\n|rule|Evasion Items Clause: Evasion items are banned\n|rule|Evasion Moves Clause: Evasion moves are banned\n|rule|Species Clause: Limit one of each Pok\u00e9mon\n|rule|Sleep Clause Mod: Limit one foe put to sleep\n|clearpoke\n|poke|p1|Hatterene, F|\n|poke|p1|Porygon2|\n|poke|p1|Mawile, M|\n|poke|p1|Crawdaunt, F|\n|poke|p1|Cresselia, F|\n|poke|p1|Excadrill, M|\n|poke|p2|Umbreon, F|\n|poke|p2|Excadrill, F|\n|poke|p2|Corviknight, F|\n|poke|p2|Tapu Fini|\n|poke|p2|Sableye, F|\n|poke|p2|Dragalge, F|\n|teampreview\n|inactive|Battle timer is ON: inactive players will automatically lose when time's up. (requested by spylent6)\n|\n|t:|1699832596\n|start\n|switch|p1a: Excadrill|Excadrill, M|100\/100\n|switch|p2a: The Lonesome One|Excadrill, F, shiny|100\/100\n|-ability|p2a: The Lonesome One|Mold Breaker\n|-ability|p1a: Excadrill|Mold Breaker\n|turn|1\n|\n|t:|1699832602\n|switch|p2a: Ephialtes Keeper|Corviknight, F, shiny|100\/100\n|-ability|p2a: Ephialtes Keeper|Pressure\n|move|p1a: Excadrill|Stealth Rock|p2a: Ephialtes Keeper\n|-sidestart|p2: RandoTestAccount|move: Stealth Rock\n|\n|upkeep\n|turn|2\n|\n|t:|1699832606\n|switch|p1a: Cresselia|Cresselia, F|100\/100\n|move|p2a: Ephialtes Keeper|Defog|p1a: Cresselia\n|-unboost|p1a: Cresselia|evasion|1\n|-sideend|p2: RandoTestAccount|Stealth Rock|[from] move: Defog|[of] p2a: Ephialtes Keeper\n|\n|upkeep\n|turn|3\n|\n|t:|1699832611\n|move|p2a: Ephialtes Keeper|U-turn|p1a: Cresselia\n|-supereffective|p1a: Cresselia\n|-damage|p1a: Cresselia|86\/100\n|-damage|p2a: Ephialtes Keeper|84\/100|[from] item: Rocky Helmet|[of] p1a: Cresselia\n|\n|t:|1699832613\n|switch|p2a: Spectre of Emerald|Sableye, F, shiny|100\/100|[from] U-turn\n|move|p1a: Cresselia|Trick Room|p1a: Cresselia\n|-fieldstart|move: Trick Room|[of] p1a: Cresselia\n|\n|upkeep\n|turn|4\n|\n|t:|1699832621\n|switch|p1a: Hatterene|Hatterene, F|100\/100\n|detailschange|p2a: Spectre of Emerald|Sableye-Mega, F, shiny\n|-mega|p2a: Spectre of Emerald|Sableye|Sablenite\n|move|p2a: Spectre of Emerald|Calm Mind|p2a: Spectre of Emerald\n|-boost|p2a: Spectre of Emerald|spa|1\n|-boost|p2a: Spectre of Emerald|spd|1\n|\n|upkeep\n|turn|5\n|\n|t:|1699832630\n|switch|p2a: Ephialtes Keeper|Corviknight, F, shiny|84\/100\n|-ability|p2a: Ephialtes Keeper|Pressure\n|move|p1a: Hatterene|Nuzzle|p2a: Ephialtes Keeper\n|-supereffective|p2a: Ephialtes Keeper\n|-damage|p2a: Ephialtes Keeper|78\/100\n|-status|p2a: Ephialtes Keeper|par\n|-damage|p1a: Hatterene|84\/100|[from] item: Rocky Helmet|[of] p2a: Ephialtes Keeper\n|\n|upkeep\n|turn|6\n|\n|t:|1699832640\n|move|p2a: Ephialtes Keeper|U-turn|p1a: Hatterene\n|-damage|p1a: Hatterene|67\/100\n|\n|t:|1699832645\n|switch|p2a: The Droplet Tear|Tapu Fini, shiny|100\/100|[from] U-turn\n|-fieldstart|move: Misty Terrain|[from] ability: Misty Surge|[of] p2a: The Droplet Tear\n|move|p1a: Hatterene|Mystical Fire|p2a: The Droplet Tear\n|-resisted|p2a: The Droplet Tear\n|-damage|p2a: The Droplet Tear|93\/100\n|-unboost|p2a: The Droplet Tear|spa|1\n|\n|-heal|p2a: The Droplet Tear|99\/100|[from] item: Leftovers\n|upkeep\n|turn|7\n|\n|t:|1699832653\n|move|p1a: Hatterene|Nuzzle|p2a: The Droplet Tear\n|-supereffective|p2a: The Droplet Tear\n|-damage|p2a: The Droplet Tear|92\/100\n|move|p2a: The Droplet Tear|Substitute|p2a: The Droplet Tear\n|-start|p2a: The Droplet Tear|Substitute\n|-damage|p2a: The Droplet Tear|67\/100\n|\n|-heal|p2a: The Droplet Tear|73\/100|[from] item: Leftovers\n|-fieldend|move: Trick Room\n|upkeep\n|turn|8\n|\n|t:|1699832660\n|move|p2a: The Droplet Tear|Calm Mind|p2a: The Droplet Tear\n|-boost|p2a: The Droplet Tear|spa|1\n|-boost|p2a: The Droplet Tear|spd|1\n|move|p1a: Hatterene|Trick Room|p1a: Hatterene\n|-fieldstart|move: Trick Room|[of] p1a: Hatterene\n|\n|-heal|p2a: The Droplet Tear|79\/100|[from] item: Leftovers\n|upkeep\n|turn|9\n|\n|t:|1699832663\n|move|p1a: Hatterene|Healing Wish|p1a: Hatterene\n|faint|p1a: Hatterene\n|move|p2a: The Droplet Tear|Calm Mind|p2a: The Droplet Tear\n|-boost|p2a: The Droplet Tear|spa|1\n|-boost|p2a: The Droplet Tear|spd|1\n|\n|-heal|p2a: The Droplet Tear|85\/100|[from] item: Leftovers\n|upkeep\n|\n|t:|1699832671\n|switch|p1a: Mawile|Mawile, M|100\/100\n|-ability|p1a: Mawile|Intimidate|boost\n|-immune|p2a: The Droplet Tear\n|turn|10\n|\n|t:|1699832676\n|detailschange|p1a: Mawile|Mawile-Mega, M\n|-mega|p1a: Mawile|Mawile|Mawilite\n|move|p1a: Mawile|Iron Head|p2a: The Droplet Tear\n|-end|p2a: The Droplet Tear|Substitute\n|move|p2a: The Droplet Tear|Scald|p1a: Mawile\n|-damage|p1a: Mawile|57\/100\n|\n|-heal|p2a: The Droplet Tear|92\/100|[from] item: Leftovers\n|-fieldend|Misty Terrain\n|upkeep\n|turn|11\n|\n|t:|1699832679\n|move|p1a: Mawile|Thunder Punch|p2a: The Droplet Tear\n|-supereffective|p2a: The Droplet Tear\n|-damage|p2a: The Droplet Tear|17\/100\n|move|p2a: The Droplet Tear|Scald|p1a: Mawile\n|-damage|p1a: Mawile|6\/100\n|\n|-heal|p2a: The Droplet Tear|24\/100|[from] item: Leftovers\n|upkeep\n|turn|12\n|\n|t:|1699832683\n|switch|p2a: Ephialtes Keeper|Corviknight, F, shiny|78\/100 par\n|-ability|p2a: Ephialtes Keeper|Pressure\n|move|p1a: Mawile|Thunder Punch|p2a: Ephialtes Keeper\n|-supereffective|p2a: Ephialtes Keeper\n|-damage|p2a: Ephialtes Keeper|3\/100 par\n|-damage|p1a: Mawile|0 fnt|[from] item: Rocky Helmet|[of] p2a: Ephialtes Keeper\n|faint|p1a: Mawile\n|\n|-fieldend|move: Trick Room\n|upkeep\n|\n|t:|1699832689\n|switch|p1a: Excadrill|Excadrill, M|100\/100\n|-ability|p1a: Excadrill|Mold Breaker\n|turn|13\n|\n|t:|1699832693\n|switch|p2a: Spectre of Emerald|Sableye-Mega, F, shiny|100\/100\n|move|p1a: Excadrill|Rapid Spin|p2a: Spectre of Emerald\n|-immune|p2a: Spectre of Emerald\n|\n|upkeep\n|turn|14\n|\n|t:|1699832701\n|move|p1a: Excadrill|Earthquake|p2a: Spectre of Emerald\n|-damage|p2a: Spectre of Emerald|72\/100\n|move|p2a: Spectre of Emerald|Calm Mind|p2a: Spectre of Emerald\n|-boost|p2a: Spectre of Emerald|spa|1\n|-boost|p2a: Spectre of Emerald|spd|1\n|\n|upkeep\n|turn|15\n|\n|t:|1699832705\n|switch|p1a: Crawdaunt|Crawdaunt, F, shiny|100\/100\n|move|p2a: Spectre of Emerald|Will-O-Wisp|p1a: Crawdaunt\n|-status|p1a: Crawdaunt|brn\n|\n|-damage|p1a: Crawdaunt|94\/100 brn|[from] brn\n|upkeep\n|turn|16\n|\n|t:|1699832708\n|move|p1a: Crawdaunt|Swords Dance|p1a: Crawdaunt\n|-boost|p1a: Crawdaunt|atk|2\n|move|p2a: Spectre of Emerald|Calm Mind|p2a: Spectre of Emerald\n|-boost|p2a: Spectre of Emerald|spa|1\n|-boost|p2a: Spectre of Emerald|spd|1\n|\n|-damage|p1a: Crawdaunt|88\/100 brn|[from] brn\n|upkeep\n|turn|17\n|\n|t:|1699832710\n|move|p1a: Crawdaunt|Swords Dance|p1a: Crawdaunt\n|-boost|p1a: Crawdaunt|atk|2\n|move|p2a: Spectre of Emerald|Dark Pulse|p1a: Crawdaunt\n|-resisted|p1a: Crawdaunt\n|-damage|p1a: Crawdaunt|50\/100 brn\n|\n|-damage|p1a: Crawdaunt|44\/100 brn|[from] brn\n|upkeep\n|turn|18\n|\n|t:|1699832715\n|move|p1a: Crawdaunt|Crabhammer|p2a: Spectre of Emerald\n|-damage|p2a: Spectre of Emerald|0 fnt\n|faint|p2a: Spectre of Emerald\n|-damage|p1a: Crawdaunt|34\/100 brn|[from] item: Life Orb\n|\n|-damage|p1a: Crawdaunt|28\/100 brn|[from] brn\n|upkeep\n|\n|t:|1699832731\n|switch|p2a: Agony Steelheart|Dragalge, F, shiny|100\/100\n|turn|19\n|\n|t:|1699832735\n|switch|p1a: Porygon2|Porygon2|100\/100\n|-ability|p1a: Porygon2|Adaptability|[from] ability: Trace|[of] p2a: Agony Steelheart\n|move|p2a: Agony Steelheart|Dragon Pulse|p1a: Porygon2\n|-damage|p1a: Porygon2|75\/100\n|\n|upkeep\n|turn|20\n|\n|t:|1699832740\n|move|p2a: Agony Steelheart|Toxic|p1a: Porygon2\n|-status|p1a: Porygon2|tox\n|move|p1a: Porygon2|Trick Room|p1a: Porygon2\n|-fieldstart|move: Trick Room|[of] p1a: Porygon2\n|\n|-damage|p1a: Porygon2|69\/100 tox|[from] psn\n|upkeep\n|turn|21\n|\n|t:|1699832743\n|move|p2a: Agony Steelheart|Acid Spray|p1a: Porygon2\n|-damage|p1a: Porygon2|59\/100 tox\n|-unboost|p1a: Porygon2|spd|2\n|move|p1a: Porygon2|Teleport|p1a: Porygon2\n|\n|t:|1699832746\n|switch|p1a: Crawdaunt|Crawdaunt, F, shiny|28\/100 brn|[from] Teleport\n|-heal|p1a: Crawdaunt|100\/100|[from] move: Healing Wish\n|\n|upkeep\n|turn|22\n|\n|t:|1699832757\n|move|p1a: Crawdaunt|Swords Dance|p1a: Crawdaunt\n|-boost|p1a: Crawdaunt|atk|2\n|move|p2a: Agony Steelheart|Acid Spray|p1a: Crawdaunt\n|-damage|p1a: Crawdaunt|69\/100\n|-unboost|p1a: Crawdaunt|spd|2\n|\n|upkeep\n|turn|23\n|\n|t:|1699832762\n|move|p1a: Crawdaunt|Crunch|p2a: Agony Steelheart\n|-damage|p2a: Agony Steelheart|0 fnt\n|faint|p2a: Agony Steelheart\n|-damage|p1a: Crawdaunt|59\/100|[from] item: Life Orb\n|\n|upkeep\n|\n|t:|1699832776\n|switch|p2a: Nika Reanukko|Umbreon, F, shiny|100\/100\n|turn|24\n|\n|t:|1699832779\n|switch|p2a: Ephialtes Keeper|Corviknight, F, shiny|3\/100 par\n|-ability|p2a: Ephialtes Keeper|Pressure\n|move|p1a: Crawdaunt|Crabhammer|p2a: Ephialtes Keeper|[miss]\n|-miss|p1a: Crawdaunt|p2a: Ephialtes Keeper\n|\n|-fieldend|move: Trick Room\n|upkeep\n|turn|25\n|\n|t:|1699832784\n|move|p1a: Crawdaunt|Aqua Jet|p2a: Ephialtes Keeper\n|-damage|p2a: Ephialtes Keeper|0 fnt\n|-damage|p1a: Crawdaunt|42\/100|[from] item: Rocky Helmet|[of] p2a: Ephialtes Keeper\n|faint|p2a: Ephialtes Keeper\n|-damage|p1a: Crawdaunt|32\/100|[from] item: Life Orb\n|\n|upkeep\n|\n|t:|1699832787\n|switch|p2a: The Droplet Tear|Tapu Fini, shiny|24\/100\n|-fieldstart|move: Misty Terrain|[from] ability: Misty Surge|[of] p2a: The Droplet Tear\n|turn|26\n|\n|t:|1699832801\n|move|p2a: The Droplet Tear|Moonblast|p1a: Crawdaunt\n|-supereffective|p1a: Crawdaunt\n|-damage|p1a: Crawdaunt|0 fnt\n|faint|p1a: Crawdaunt\n|\n|-heal|p2a: The Droplet Tear|30\/100|[from] item: Leftovers\n|upkeep\n|\n|t:|1699832805\n|switch|p1a: Excadrill|Excadrill, M|100\/100\n|-ability|p1a: Excadrill|Mold Breaker\n|turn|27\n|\n|t:|1699832813\n|move|p1a: Excadrill|Rapid Spin|p2a: The Droplet Tear\n|-damage|p2a: The Droplet Tear|17\/100\n|-boost|p1a: Excadrill|spe|1\n|move|p2a: The Droplet Tear|Scald|p1a: Excadrill\n|-supereffective|p1a: Excadrill\n|-damage|p1a: Excadrill|57\/100\n|\n|-heal|p2a: The Droplet Tear|24\/100|[from] item: Leftovers\n|upkeep\n|turn|28\n|\n|t:|1699832820\n|move|p1a: Excadrill|Earthquake|p2a: The Droplet Tear\n|-damage|p2a: The Droplet Tear|0 fnt\n|faint|p2a: The Droplet Tear\n|\n|upkeep\n|\n|t:|1699832822\n|switch|p2a: Nika Reanukko|Umbreon, F, shiny|100\/100\n|turn|29\n|\n|t:|1699832824\n|move|p1a: Excadrill|Toxic|p2a: Nika Reanukko\n|-activate|p2a: Nika Reanukko|move: Misty Terrain\n|move|p2a: Nika Reanukko|Wish|p2a: Nika Reanukko\n|\n|upkeep\n|turn|30\n|\n|t:|1699832832\n|move|p1a: Excadrill|Stealth Rock|p2a: Nika Reanukko\n|-sidestart|p2: RandoTestAccount|move: Stealth Rock\n|move|p2a: Nika Reanukko|Payback|p1a: Excadrill\n|-damage|p1a: Excadrill|25\/100\n|\n|-fieldend|Misty Terrain\n|upkeep\n|turn|31\n|\n|t:|1699832839\n|move|p1a: Excadrill|Earthquake|p2a: Nika Reanukko\n|-damage|p2a: Nika Reanukko|63\/100\n|move|p2a: Nika Reanukko|Payback|p1a: Excadrill\n|-damage|p1a: Excadrill|0 fnt\n|faint|p1a: Excadrill\n|\n|-heal|p2a: Nika Reanukko|69\/100|[from] item: Leftovers\n|upkeep\n|\n|t:|1699832843\n|switch|p1a: Cresselia|Cresselia, F|86\/100\n|turn|32\n|\n|t:|1699832846\n|move|p1a: Cresselia|Moonblast|p2a: Nika Reanukko\n|-supereffective|p2a: Nika Reanukko\n|-damage|p2a: Nika Reanukko|52\/100\n|move|p2a: Nika Reanukko|Curse|p2a: Nika Reanukko\n|-unboost|p2a: Nika Reanukko|spe|1\n|-boost|p2a: Nika Reanukko|atk|1\n|-boost|p2a: Nika Reanukko|def|1\n|\n|-heal|p2a: Nika Reanukko|58\/100|[from] item: Leftovers\n|upkeep\n|turn|33\n|\n|t:|1699832850\n|move|p1a: Cresselia|Moonblast|p2a: Nika Reanukko\n|-supereffective|p2a: Nika Reanukko\n|-damage|p2a: Nika Reanukko|39\/100\n|-unboost|p2a: Nika Reanukko|spa|1\n|move|p2a: Nika Reanukko|Wish|p2a: Nika Reanukko\n|\n|-heal|p2a: Nika Reanukko|45\/100|[from] item: Leftovers\n|upkeep\n|turn|34\n|\n|t:|1699832854\n|move|p1a: Cresselia|Moonblast|p2a: Nika Reanukko\n|-supereffective|p2a: Nika Reanukko\n|-damage|p2a: Nika Reanukko|27\/100\n|move|p2a: Nika Reanukko|Curse|p2a: Nika Reanukko\n|-unboost|p2a: Nika Reanukko|spe|1\n|-boost|p2a: Nika Reanukko|atk|1\n|-boost|p2a: Nika Reanukko|def|1\n|\n|-heal|p2a: Nika Reanukko|77\/100|[from] move: Wish|[wisher] Nika Reanukko\n|-heal|p2a: Nika Reanukko|83\/100|[from] item: Leftovers\n|upkeep\n|turn|35\n|\n|t:|1699832858\n|move|p1a: Cresselia|Moonblast|p2a: Nika Reanukko\n|-supereffective|p2a: Nika Reanukko\n|-damage|p2a: Nika Reanukko|66\/100\n|move|p2a: Nika Reanukko|Curse|p2a: Nika Reanukko\n|-unboost|p2a: Nika Reanukko|spe|1\n|-boost|p2a: Nika Reanukko|atk|1\n|-boost|p2a: Nika Reanukko|def|1\n|\n|-heal|p2a: Nika Reanukko|72\/100|[from] item: Leftovers\n|upkeep\n|turn|36\n|\n|t:|1699832860\n|move|p1a: Cresselia|Moonblast|p2a: Nika Reanukko\n|-supereffective|p2a: Nika Reanukko\n|-damage|p2a: Nika Reanukko|55\/100\n|move|p2a: Nika Reanukko|Wish|p2a: Nika Reanukko\n|\n|-heal|p2a: Nika Reanukko|61\/100|[from] item: Leftovers\n|upkeep\n|turn|37\n|\n|t:|1699832865\n|move|p1a: Cresselia|Moonblast|p2a: Nika Reanukko\n|-supereffective|p2a: Nika Reanukko\n|-damage|p2a: Nika Reanukko|44\/100\n|move|p2a: Nika Reanukko|Curse|p2a: Nika Reanukko\n|-unboost|p2a: Nika Reanukko|spe|1\n|-boost|p2a: Nika Reanukko|atk|1\n|-boost|p2a: Nika Reanukko|def|1\n|\n|-heal|p2a: Nika Reanukko|94\/100|[from] move: Wish|[wisher] Nika Reanukko\n|-heal|p2a: Nika Reanukko|99\/100|[from] item: Leftovers\n|upkeep\n|turn|38\n|\n|t:|1699832883\n|move|p1a: Cresselia|Moonblast|p2a: Nika Reanukko\n|-supereffective|p2a: Nika Reanukko\n|-damage|p2a: Nika Reanukko|83\/100\n|move|p2a: Nika Reanukko|Curse|p2a: Nika Reanukko\n|-unboost|p2a: Nika Reanukko|spe|1\n|-boost|p2a: Nika Reanukko|atk|1\n|-boost|p2a: Nika Reanukko|def|1\n|\n|-heal|p2a: Nika Reanukko|89\/100|[from] item: Leftovers\n|upkeep\n|turn|39\n|\n|t:|1699832886\n|move|p1a: Cresselia|Moonblast|p2a: Nika Reanukko\n|-supereffective|p2a: Nika Reanukko\n|-damage|p2a: Nika Reanukko|70\/100\n|move|p2a: Nika Reanukko|Curse|p2a: Nika Reanukko\n|-unboost|p2a: Nika Reanukko|spe|1\n|-boost|p2a: Nika Reanukko|atk|1\n|-boost|p2a: Nika Reanukko|def|1\n|\n|-heal|p2a: Nika Reanukko|76\/100|[from] item: Leftovers\n|upkeep\n|turn|40\n|-message|spylent6 forfeited.\n|\n|win|RandoTestAccount\n|raw|spylent6's rating: 1211 &rarr; <strong>1182<\/strong><br \/>(-29 for losing)\n|raw|RandoTestAccount's rating: 1150 &rarr; <strong>1179<\/strong><br \/>(+29 for winning)\n|l|\u2606spylent6\n","uploadtime":1699832890,"views":4,"p1id":"spylent6","p2id":"randotestaccount","formatid":"gen9nationaldex","rating":1179,"private":0,"password":""}