{"id":"gen9nationaldex-1998007748","p1":"fwog_12","p2":"CheesiePants","format":"[Gen 9] National Dex","log":"|html|<div class=\"broadcast-blue\"><strong>[Gen 9] National Dex is currently suspecting Sneasler! For information on how to participate check out the <a href=\"https:\/\/www.smogon.com\/forums\/threads\/sv-national-dex-suspect-8-just-dance.3731534\/\">suspect thread<\/a>.<\/strong><\/div>\n|j|\u2606fwog_12\n|j|\u2606CheesiePants\n|t:|1700878273\n|gametype|singles\n|player|p1|fwog_12|harlequin|\n|player|p2|CheesiePants|hoopster|\n|teamsize|p1|6\n|teamsize|p2|6\n|gen|9\n|tier|[Gen 9] National Dex\n|rule|HP Percentage Mod: HP is shown in percentages\n|rule|Endless Battle Clause: Forcing endless battles is banned\n|rule|OHKO Clause: OHKO moves are banned\n|rule|Evasion Clause: Evasion abilities, items, and moves are banned\n|rule|Evasion Abilities Clause: Evasion abilities are banned\n|rule|Evasion Items Clause: Evasion items are banned\n|rule|Evasion Moves Clause: Evasion moves are banned\n|rule|Species Clause: Limit one of each Pok\u00e9mon\n|rule|Sleep Clause Mod: Limit one foe put to sleep\n|clearpoke\n|poke|p1|Sneasler, M|\n|poke|p1|Rillaboom, F|\n|poke|p1|Diancie|\n|poke|p1|Cloyster, F|\n|poke|p1|Cinderace, M|\n|poke|p1|Enamorus-Therian, F|\n|poke|p2|Dragonite, M|\n|poke|p2|Kleavor, M|\n|poke|p2|Ninetales-Alola, M|\n|poke|p2|Venusaur, F|\n|poke|p2|Arctovish|\n|poke|p2|Polteageist|\n|teampreview\n|j| dogswithgunz\n|j| The ShaqtusLOL\n|c| dogswithgunz|r\n|j| HOTDOHG\n|c| The ShaqtusLOL|Hi guys\n|\n|t:|1700878309\n|start\n|switch|p1a: Pinkskin Plague|Diancie|100\/100\n|switch|p2a: CAMOMEAL|Polteageist, shiny|100\/100\n|turn|1\n|\n|t:|1700878323\n|switch|p1a: Purpskin Punisher|Cloyster, F|100\/100\n|move|p2a: CAMOMEAL|Shell Smash|p2a: CAMOMEAL\n|-unboost|p2a: CAMOMEAL|def|1\n|-unboost|p2a: CAMOMEAL|spd|1\n|-boost|p2a: CAMOMEAL|atk|2\n|-boost|p2a: CAMOMEAL|spa|2\n|-boost|p2a: CAMOMEAL|spe|2\n|\n|upkeep\n|turn|2\n|\n|t:|1700878334\n|move|p2a: CAMOMEAL|Giga Drain|p1a: Purpskin Punisher\n|-supereffective|p1a: Purpskin Punisher\n|-enditem|p1a: Purpskin Punisher|Focus Sash\n|-damage|p1a: Purpskin Punisher|1\/100\n|move|p1a: Purpskin Punisher|Shell Smash|p1a: Purpskin Punisher\n|-unboost|p1a: Purpskin Punisher|def|1\n|-unboost|p1a: Purpskin Punisher|spd|1\n|-boost|p1a: Purpskin Punisher|atk|2\n|-boost|p1a: Purpskin Punisher|spa|2\n|-boost|p1a: Purpskin Punisher|spe|2\n|\n|upkeep\n|turn|3\n|\n|t:|1700878349\n|move|p1a: Purpskin Punisher|Icicle Spear|p2a: CAMOMEAL\n|-damage|p2a: CAMOMEAL|31\/100\n|-ability|p2a: CAMOMEAL|Weak Armor|boost\n|-unboost|p2a: CAMOMEAL|def|1\n|-boost|p2a: CAMOMEAL|spe|2\n|-damage|p2a: CAMOMEAL|0 fnt\n|faint|p2a: CAMOMEAL\n|-hitcount|p2: CAMOMEAL|2\n|\n|upkeep\n|\n|t:|1700878360\n|switch|p2a: DancyPants|Dragonite, M|100\/100\n|turn|4\n|\n|t:|1700878384\n|move|p2a: DancyPants|Extreme Speed|p1a: Purpskin Punisher\n|-damage|p1a: Purpskin Punisher|0 fnt\n|faint|p1a: Purpskin Punisher\n|\n|upkeep\n|\n|t:|1700878409\n|switch|p1a: Pinkskin Plague|Diancie|100\/100\n|turn|5\n|\n|t:|1700878494\n|switch|p2a: Vegan Burger|Venusaur, F|100\/100\n|detailschange|p1a: Pinkskin Plague|Diancie-Mega\n|-mega|p1a: Pinkskin Plague|Diancie|Diancite\n|move|p1a: Pinkskin Plague|Diamond Storm|p2a: Vegan Burger\n|-damage|p2a: Vegan Burger|51\/100\n|\n|upkeep\n|turn|6\n|\n|t:|1700878529\n|detailschange|p2a: Vegan Burger|Venusaur-Mega, F\n|-mega|p2a: Vegan Burger|Venusaur|Venusaurite\n|move|p1a: Pinkskin Plague|Diamond Storm|p2a: Vegan Burger\n|-damage|p2a: Vegan Burger|13\/100\n|move|p2a: Vegan Burger|Giga Drain|p1a: Pinkskin Plague\n|-supereffective|p1a: Pinkskin Plague\n|-damage|p1a: Pinkskin Plague|8\/100\n|-heal|p2a: Vegan Burger|44\/100|[from] drain|[of] p1a: Pinkskin Plague\n|\n|upkeep\n|turn|7\n|\n|t:|1700878559\n|switch|p1a: this mf luke fr|Enamorus-Therian, F|100\/100\n|move|p2a: Vegan Burger|Giga Drain|p1a: this mf luke fr\n|-resisted|p1a: this mf luke fr\n|-damage|p1a: this mf luke fr|87\/100\n|-heal|p2a: Vegan Burger|50\/100|[from] drain|[of] p1a: this mf luke fr\n|\n|-heal|p1a: this mf luke fr|93\/100|[from] item: Leftovers\n|upkeep\n|turn|8\n|\n|t:|1700878573\n|move|p2a: Vegan Burger|Leech Seed|p1a: this mf luke fr\n|-start|p1a: this mf luke fr|move: Leech Seed\n|move|p1a: this mf luke fr|Psychic|p2a: Vegan Burger\n|-supereffective|p2a: Vegan Burger\n|-damage|p2a: Vegan Burger|17\/100\n|\n|-heal|p1a: this mf luke fr|99\/100|[from] item: Leftovers\n|-damage|p1a: this mf luke fr|87\/100|[from] Leech Seed|[of] p2a: Vegan Burger\n|-heal|p2a: Vegan Burger|29\/100|[silent]\n|upkeep\n|turn|9\n|\n|t:|1700878588\n|move|p2a: Vegan Burger|Giga Drain|p1a: this mf luke fr\n|-resisted|p1a: this mf luke fr\n|-damage|p1a: this mf luke fr|72\/100\n|-heal|p2a: Vegan Burger|36\/100|[from] drain|[of] p1a: this mf luke fr\n|move|p1a: this mf luke fr|Psychic|p2a: Vegan Burger\n|-supereffective|p2a: Vegan Burger\n|-damage|p2a: Vegan Burger|6\/100\n|\n|-heal|p1a: this mf luke fr|79\/100|[from] item: Leftovers\n|-damage|p1a: this mf luke fr|66\/100|[from] Leech Seed|[of] p2a: Vegan Burger\n|-heal|p2a: Vegan Burger|18\/100|[silent]\n|upkeep\n|turn|10\n|\n|t:|1700878607\n|move|p2a: Vegan Burger|Toxic|p1a: this mf luke fr\n|-status|p1a: this mf luke fr|tox\n|move|p1a: this mf luke fr|Psychic|p2a: Vegan Burger\n|-supereffective|p2a: Vegan Burger\n|-damage|p2a: Vegan Burger|0 fnt\n|faint|p2a: Vegan Burger\n|\n|-heal|p1a: this mf luke fr|72\/100 tox|[from] item: Leftovers\n|-damage|p1a: this mf luke fr|66\/100 tox|[from] psn\n|upkeep\n|\n|t:|1700878619\n|switch|p2a: Butterman|Kleavor, M|100\/100\n|turn|11\n|\n|t:|1700878654\n|move|p2a: Butterman|Stone Axe|p1a: this mf luke fr\n|-supereffective|p1a: this mf luke fr\n|-damage|p1a: this mf luke fr|0 fnt\n|-sidestart|p1: fwog_12|move: Stealth Rock\n|faint|p1a: this mf luke fr\n|\n|upkeep\n|\n|t:|1700878659\n|switch|p1a: MESSI MESSI MESSI|Cinderace, M|100\/100\n|turn|12\n|\n|t:|1700878699\n|switch|p1a: Bulky Barry|Rillaboom, F, shiny|100\/100\n|-damage|p1a: Bulky Barry|88\/100|[from] Stealth Rock\n|-fieldstart|move: Grassy Terrain|[from] ability: Grassy Surge|[of] p1a: Bulky Barry\n|move|p2a: Butterman|Stone Axe|p1a: Bulky Barry\n|-damage|p1a: Bulky Barry|33\/100\n|\n|-heal|p1a: Bulky Barry|39\/100|[from] Grassy Terrain\n|upkeep\n|turn|13\n|\n|t:|1700878712\n|move|p1a: Bulky Barry|Grassy Glide|p2a: Butterman\n|-damage|p2a: Butterman|55\/100\n|move|p2a: Butterman|Stone Axe|p1a: Bulky Barry\n|-damage|p1a: Bulky Barry|0 fnt\n|faint|p1a: Bulky Barry\n|\n|-heal|p2a: Butterman|61\/100|[from] Grassy Terrain\n|upkeep\n|\n|t:|1700878724\n|switch|p1a: Beesler|Sneasler, M, shiny|100\/100\n|-damage|p1a: Beesler|95\/100|[from] Stealth Rock\n|-enditem|p1a: Beesler|Grassy Seed\n|-boost|p1a: Beesler|def|1|[from] item: Grassy Seed\n|turn|14\n|\n|t:|1700878755\n|move|p1a: Beesler|Rock Slide|p2a: Butterman|[miss]\n|-miss|p1a: Beesler|p2a: Butterman\n|move|p2a: Butterman|Stone Axe|p1a: Beesler\n|-resisted|p1a: Beesler\n|-damage|p1a: Beesler|63\/100\n|\n|-heal|p1a: Beesler|69\/100|[from] Grassy Terrain\n|-heal|p2a: Butterman|67\/100|[from] Grassy Terrain\n|upkeep\n|turn|15\n|\n|t:|1700878775\n|move|p1a: Beesler|Swords Dance|p1a: Beesler\n|-boost|p1a: Beesler|atk|2\n|move|p2a: Butterman|Stone Axe|p1a: Beesler\n|-resisted|p1a: Beesler\n|-damage|p1a: Beesler|39\/100\n|\n|-heal|p1a: Beesler|45\/100|[from] Grassy Terrain\n|-heal|p2a: Butterman|73\/100|[from] Grassy Terrain\n|upkeep\n|turn|16\n|\n|t:|1700878795\n|move|p1a: Beesler|Close Combat|p2a: Butterman\n|-damage|p2a: Butterman|0 fnt\n|-unboost|p1a: Beesler|def|1\n|-unboost|p1a: Beesler|spd|1\n|faint|p2a: Butterman\n|\n|-heal|p1a: Beesler|51\/100|[from] Grassy Terrain\n|upkeep\n|\n|t:|1700878802\n|switch|p2a: concubine|Ninetales-Alola, M|100\/100\n|-weather|Snow|[from] ability: Snow Warning|[of] p2a: concubine\n|turn|17\n|\n|t:|1700878809\n|move|p1a: Beesler|Dire Claw|p2a: concubine\n|-supereffective|p2a: concubine\n|-damage|p2a: concubine|0 fnt\n|faint|p2a: concubine\n|\n|-weather|Snow|[upkeep]\n|-heal|p1a: Beesler|57\/100|[from] Grassy Terrain\n|upkeep\n|\n|t:|1700878816\n|switch|p2a: DancyPants|Dragonite, M|100\/100\n|turn|18\n|\n|t:|1700878890\n|move|p1a: Beesler|Dire Claw|p2a: DancyPants\n|-damage|p2a: DancyPants|55\/100\n|move|p2a: DancyPants|Earthquake|p1a: Beesler\n|-supereffective|p1a: Beesler\n|-damage|p1a: Beesler|0 fnt\n|faint|p1a: Beesler\n|\n|-weather|Snow|[upkeep]\n|upkeep\n|l| The ShaqtusLOL\n|\n|t:|1700878911\n|switch|p1a: MESSI MESSI MESSI|Cinderace, M|100\/100\n|turn|19\n|j| The ShaqtusLOL\n|\n|t:|1700878924\n|move|p1a: MESSI MESSI MESSI|Pyro Ball|p2a: DancyPants\n|-resisted|p2a: DancyPants\n|-damage|p2a: DancyPants|23\/100\n|move|p2a: DancyPants|Earthquake|p1a: MESSI MESSI MESSI\n|-supereffective|p1a: MESSI MESSI MESSI\n|-crit|p1a: MESSI MESSI MESSI\n|-damage|p1a: MESSI MESSI MESSI|8\/100\n|\n|-weather|Snow|[upkeep]\n|-heal|p1a: MESSI MESSI MESSI|14\/100|[from] Grassy Terrain\n|-fieldend|move: Grassy Terrain\n|upkeep\n|turn|20\n|\n|t:|1700878936\n|-terastallize|p2a: DancyPants|Normal\n|move|p2a: DancyPants|Extreme Speed|p1a: MESSI MESSI MESSI\n|-damage|p1a: MESSI MESSI MESSI|0 fnt\n|faint|p1a: MESSI MESSI MESSI\n|\n|-weather|Snow|[upkeep]\n|upkeep\n|\n|t:|1700878943\n|switch|p1a: Pinkskin Plague|Diancie-Mega|8\/100\n|-damage|p1a: Pinkskin Plague|0 fnt|[from] Stealth Rock\n|faint|p1a: Pinkskin Plague\n|\n|win|CheesiePants\n","uploadtime":1700878952,"views":21,"p1id":"fwog12","p2id":"cheesiepants","formatid":"gen9nationaldex","rating":0,"private":0,"password":""}