{"id":"gen9nationaldex-1990162998","p1":"Citrusy-Crow-64","p2":"stargobble","format":"[Gen 9] National Dex","log":"|j|\u2606Citrusy-Crow-64\n|j|\u2606stargobble\n|t:|1699931537\n|gametype|singles\n|player|p1|Citrusy-Crow-64|170|\n|player|p2|stargobble|clerk|\n|teamsize|p1|6\n|teamsize|p2|6\n|gen|9\n|tier|[Gen 9] National Dex\n|rule|HP Percentage Mod: HP is shown in percentages\n|rule|Endless Battle Clause: Forcing endless battles is banned\n|rule|OHKO Clause: OHKO moves are banned\n|rule|Evasion Clause: Evasion abilities, items, and moves are banned\n|rule|Evasion Abilities Clause: Evasion abilities are banned\n|rule|Evasion Items Clause: Evasion items are banned\n|rule|Evasion Moves Clause: Evasion moves are banned\n|rule|Species Clause: Limit one of each Pok\u00e9mon\n|rule|Sleep Clause Mod: Limit one foe put to sleep\n|clearpoke\n|poke|p1|Heracross, M|\n|poke|p1|Lucario, M|\n|poke|p1|Carbink|\n|poke|p1|Lickilicky, F|\n|poke|p1|Golisopod, F|\n|poke|p1|Quagsire, M|\n|poke|p2|Zygarde-10%|\n|poke|p2|Cetitan, M|\n|poke|p2|Araquanid, M|\n|poke|p2|Carkol, F|\n|poke|p2|Runerigus, M|\n|poke|p2|Abomasnow, M|\n|teampreview\n|\n|t:|1699931566\n|start\n|switch|p1a: Carbon Monoxide|Carbink, shiny|100\/100\n|switch|p2a: Ian Quarud|Araquanid, M|100\/100\n|turn|1\n|\n|t:|1699931657\n|move|p1a: Carbon Monoxide|Stealth Rock|p2a: Ian Quarud\n|-sidestart|p2: stargobble|move: Stealth Rock\n|move|p2a: Ian Quarud|Liquidation|p1a: Carbon Monoxide\n|-supereffective|p1a: Carbon Monoxide\n|-damage|p1a: Carbon Monoxide|33\/100\n|\n|upkeep\n|turn|2\n|\n|t:|1699931687\n|move|p1a: Carbon Monoxide|Explosion|p2a: Ian Quarud\n|-damage|p2a: Ian Quarud|76\/100\n|faint|p1a: Carbon Monoxide\n|move|p2a: Ian Quarud|Sticky Web|p1: Carbon Monoxide\n|-sidestart|p1: Citrusy-Crow-64|move: Sticky Web\n|\n|-heal|p2a: Ian Quarud|82\/100|[from] item: Leftovers\n|upkeep\n|\n|t:|1699931738\n|switch|p1a: Horn E. Boy|Heracross, M|100\/100\n|-activate|p1a: Horn E. Boy|move: Sticky Web\n|-unboost|p1a: Horn E. Boy|spe|1\n|turn|3\n|\n|t:|1699931767\n|switch|p2a: Gus Renuri|Runerigus, M|100\/100\n|-damage|p2a: Gus Renuri|95\/100|[from] Stealth Rock\n|move|p1a: Horn E. Boy|Trailblaze|p2a: Gus Renuri\n|-supereffective|p2a: Gus Renuri\n|-damage|p2a: Gus Renuri|73\/100\n|-boost|p1a: Horn E. Boy|spe|1\n|-activate|p2a: Gus Renuri|ability: Wandering Spirit|Guts|Wandering Spirit|[of] p1a: Horn E. Boy\n|\n|-heal|p2a: Gus Renuri|79\/100|[from] item: Leftovers\n|upkeep\n|turn|4\n|\n|t:|1699931823\n|switch|p1a: Sir Quagmire|Quagsire, M, shiny|100\/100\n|-activate|p1a: Sir Quagmire|move: Sticky Web\n|-unboost|p1a: Sir Quagmire|spe|1\n|move|p2a: Gus Renuri|Protect||[still]\n|-fail|p2a: Gus Renuri\n|\n|-heal|p2a: Gus Renuri|85\/100|[from] item: Leftovers\n|upkeep\n|turn|5\n|\n|t:|1699931849\n|switch|p1a: Golisopod|Golisopod, F, shiny|100\/100\n|move|p2a: Gus Renuri|Protect||[still]\n|-fail|p2a: Gus Renuri\n|\n|-heal|p2a: Gus Renuri|91\/100|[from] item: Leftovers\n|upkeep\n|turn|6\n|\n|t:|1699931878\n|move|p1a: Golisopod|Waterfall|p2a: Gus Renuri\n|-supereffective|p2a: Gus Renuri\n|-damage|p2a: Gus Renuri|35\/100\n|move|p2a: Gus Renuri|Will-O-Wisp|p1a: Golisopod\n|-status|p1a: Golisopod|brn\n|\n|-heal|p2a: Gus Renuri|41\/100|[from] item: Leftovers\n|-damage|p1a: Golisopod|94\/100 brn|[from] brn\n|upkeep\n|turn|7\n|\n|t:|1699931893\n|move|p2a: Gus Renuri|Protect|p2a: Gus Renuri\n|-singleturn|p2a: Gus Renuri|Protect\n|move|p1a: Golisopod|Poison Jab|p2a: Gus Renuri\n|-activate|p2a: Gus Renuri|move: Protect\n|\n|-heal|p2a: Gus Renuri|47\/100|[from] item: Leftovers\n|-damage|p1a: Golisopod|88\/100 brn|[from] brn\n|upkeep\n|turn|8\n|\n|t:|1699931993\n|switch|p1a: Sickly Licks|Lickilicky, F, shiny|100\/100\n|-activate|p1a: Sickly Licks|move: Sticky Web\n|-unboost|p1a: Sickly Licks|spe|1\n|switch|p2a: Won A MOBAs|Abomasnow, M, shiny|100\/100\n|-damage|p2a: Won A MOBAs|76\/100|[from] Stealth Rock\n|-weather|Snow|[from] ability: Snow Warning|[of] p2a: Won A MOBAs\n|\n|-weather|Snow|[upkeep]\n|upkeep\n|turn|9\n|\n|t:|1699932052\n|switch|p2a: AR Lock|Carkol, F, shiny|100\/100\n|-damage|p2a: AR Lock|76\/100|[from] Stealth Rock\n|move|p1a: Sickly Licks|Substitute|p1a: Sickly Licks\n|-start|p1a: Sickly Licks|Substitute\n|-damage|p1a: Sickly Licks|76\/100\n|\n|-weather|Snow|[upkeep]\n|-heal|p1a: Sickly Licks|82\/100|[from] item: Leftovers\n|upkeep\n|turn|10\n|\n|t:|1699932070\n|move|p2a: AR Lock|Rapid Spin|p1a: Sickly Licks\n|-activate|p1a: Sickly Licks|move: Substitute|[damage]\n|-sideend|p2: stargobble|Stealth Rock|[from] move: Rapid Spin|[of] p2a: AR Lock\n|-boost|p2a: AR Lock|spe|1\n|move|p1a: Sickly Licks|Thunderbolt|p2a: AR Lock\n|-damage|p2a: AR Lock|60\/100\n|-status|p2a: AR Lock|par\n|\n|-weather|Snow|[upkeep]\n|-heal|p1a: Sickly Licks|88\/100|[from] item: Leftovers\n|upkeep\n|turn|11\n|\n|t:|1699932098\n|cant|p2a: AR Lock|par\n|move|p1a: Sickly Licks|Earthquake|p2a: AR Lock\n|-supereffective|p2a: AR Lock\n|-damage|p2a: AR Lock|18\/100 par\n|\n|-weather|Snow|[upkeep]\n|-heal|p1a: Sickly Licks|94\/100|[from] item: Leftovers\n|upkeep\n|turn|12\n|\n|t:|1699932125\n|move|p2a: AR Lock|Spikes|p1a: Sickly Licks\n|-sidestart|p1: Citrusy-Crow-64|Spikes\n|move|p1a: Sickly Licks|Earthquake|p2a: AR Lock\n|-supereffective|p2a: AR Lock\n|-damage|p2a: AR Lock|0 fnt\n|faint|p2a: AR Lock\n|\n|-weather|none\n|-heal|p1a: Sickly Licks|99\/100|[from] item: Leftovers\n|upkeep\n|\n|t:|1699932158\n|switch|p2a: Won A MOBAs|Abomasnow, M, shiny|76\/100\n|-weather|Snow|[from] ability: Snow Warning|[of] p2a: Won A MOBAs\n|turn|13\n|\n|t:|1699932180\n|switch|p2a: Gus Renuri|Runerigus, M|47\/100\n|move|p1a: Sickly Licks|Body Slam|p2a: Gus Renuri\n|-immune|p2a: Gus Renuri\n|\n|-weather|Snow|[upkeep]\n|-heal|p2a: Gus Renuri|53\/100|[from] item: Leftovers\n|-heal|p1a: Sickly Licks|100\/100|[from] item: Leftovers\n|upkeep\n|turn|14\n|\n|t:|1699932204\n|switch|p1a: Sir Quagmire|Quagsire, M, shiny|100\/100\n|-activate|p1a: Sir Quagmire|move: Sticky Web\n|-unboost|p1a: Sir Quagmire|spe|1\n|-damage|p1a: Sir Quagmire|88\/100|[from] Spikes\n|move|p2a: Gus Renuri|Iron Defense|p2a: Gus Renuri\n|-boost|p2a: Gus Renuri|def|2\n|\n|-weather|Snow|[upkeep]\n|-heal|p2a: Gus Renuri|58\/100|[from] item: Leftovers\n|-heal|p1a: Sir Quagmire|94\/100|[from] item: Leftovers\n|upkeep\n|turn|15\n|\n|t:|1699932218\n|move|p2a: Gus Renuri|Protect|p2a: Gus Renuri\n|-singleturn|p2a: Gus Renuri|Protect\n|move|p1a: Sir Quagmire|Surf|p2a: Gus Renuri\n|-activate|p2a: Gus Renuri|move: Protect\n|\n|-weather|Snow|[upkeep]\n|-heal|p2a: Gus Renuri|64\/100|[from] item: Leftovers\n|-heal|p1a: Sir Quagmire|99\/100|[from] item: Leftovers\n|upkeep\n|turn|16\n|\n|t:|1699932227\n|switch|p2a: Ian Quarud|Araquanid, M|82\/100\n|move|p1a: Sir Quagmire|Yawn|p2a: Ian Quarud\n|-start|p2a: Ian Quarud|move: Yawn|[of] p1a: Sir Quagmire\n|\n|-weather|Snow|[upkeep]\n|-heal|p2a: Ian Quarud|88\/100|[from] item: Leftovers\n|-heal|p1a: Sir Quagmire|100\/100|[from] item: Leftovers\n|upkeep\n|turn|17\n|\n|t:|1699932250\n|switch|p2a: Won A MOBAs|Abomasnow, M, shiny|76\/100\n|move|p1a: Sir Quagmire|Protect||[still]\n|-fail|p1a: Sir Quagmire\n|\n|-weather|none\n|upkeep\n|turn|18\n|\n|t:|1699932262\n|move|p2a: Won A MOBAs|Leaf Storm|p1a: Sir Quagmire\n|-supereffective|p1a: Sir Quagmire\n|-damage|p1a: Sir Quagmire|0 fnt\n|-unboost|p2a: Won A MOBAs|spa|2\n|faint|p1a: Sir Quagmire\n|\n|upkeep\n|\n|t:|1699932275\n|switch|p1a: Horn E. Boy|Heracross, M|100\/100\n|-activate|p1a: Horn E. Boy|move: Sticky Web\n|-unboost|p1a: Horn E. Boy|spe|1\n|-damage|p1a: Horn E. Boy|88\/100|[from] Spikes\n|turn|19\n|\n|t:|1699932329\n|switch|p2a: Ian Quarud|Araquanid, M|88\/100\n|move|p1a: Horn E. Boy|Trailblaze|p2a: Ian Quarud\n|-damage|p2a: Ian Quarud|74\/100\n|-boost|p1a: Horn E. Boy|spe|1\n|\n|-heal|p2a: Ian Quarud|80\/100|[from] item: Leftovers\n|upkeep\n|turn|20\n|\n|t:|1699932341\n|move|p1a: Horn E. Boy|Rock Slide|p2a: Ian Quarud\n|-supereffective|p2a: Ian Quarud\n|-damage|p2a: Ian Quarud|42\/100\n|move|p2a: Ian Quarud|Liquidation|p1a: Horn E. Boy\n|-damage|p1a: Horn E. Boy|23\/100\n|\n|-heal|p2a: Ian Quarud|48\/100|[from] item: Leftovers\n|upkeep\n|turn|21\n|\n|t:|1699932356\n|move|p1a: Horn E. Boy|Rock Slide|p2a: Ian Quarud\n|-supereffective|p2a: Ian Quarud\n|-damage|p2a: Ian Quarud|11\/100\n|move|p2a: Ian Quarud|Liquidation|p1a: Horn E. Boy\n|-damage|p1a: Horn E. Boy|0 fnt\n|faint|p1a: Horn E. Boy\n|\n|-heal|p2a: Ian Quarud|17\/100|[from] item: Leftovers\n|upkeep\n|\n|t:|1699932378\n|switch|p1a: Golisopod|Golisopod, F, shiny|88\/100 brn\n|turn|22\n|\n|t:|1699932396\n|move|p1a: Golisopod|First Impression|p2a: Ian Quarud\n|-damage|p2a: Ian Quarud|0 fnt\n|faint|p2a: Ian Quarud\n|\n|-damage|p1a: Golisopod|82\/100 brn|[from] brn\n|upkeep\n|\n|t:|1699932408\n|switch|p2a: Won A MOBAs|Abomasnow, M, shiny|76\/100\n|-weather|Snow|[from] ability: Snow Warning|[of] p2a: Won A MOBAs\n|turn|23\n|\n|t:|1699932424\n|move|p2a: Won A MOBAs|Aurora Veil|p2a: Won A MOBAs\n|-sidestart|p2: stargobble|move: Aurora Veil\n|move|p1a: Golisopod|Poison Jab|p2a: Won A MOBAs\n|-supereffective|p2a: Won A MOBAs\n|-damage|p2a: Won A MOBAs|68\/100\n|\n|-weather|Snow|[upkeep]\n|-damage|p1a: Golisopod|76\/100 brn|[from] brn\n|upkeep\n|turn|24\n|\n|t:|1699932448\n|switch|p2a: Nice Tat|Cetitan, M|100\/100\n|move|p1a: Golisopod|Poison Jab|p2a: Nice Tat\n|-damage|p2a: Nice Tat|96\/100\n|\n|-weather|Snow|[upkeep]\n|-damage|p1a: Golisopod|69\/100 brn|[from] brn\n|upkeep\n|turn|25\n|\n|t:|1699932469\n|move|p2a: Nice Tat|Play Rough|p1a: Golisopod\n|-damage|p1a: Golisopod|48\/100 brn\n|-unboost|p1a: Golisopod|atk|1\n|-activate|p1a: Golisopod|ability: Emergency Exit\n|\n|t:|1699932475\n|switch|p1a: Don't Hug Me|Lucario, M|100\/100\n|-activate|p1a: Don't Hug Me|move: Sticky Web\n|-unboost|p1a: Don't Hug Me|spe|1\n|-damage|p1a: Don't Hug Me|88\/100|[from] Spikes\n|\n|-weather|Snow|[upkeep]\n|upkeep\n|turn|26\n|\n|t:|1699932500\n|move|p2a: Nice Tat|Earthquake|p1a: Don't Hug Me\n|-supereffective|p1a: Don't Hug Me\n|-damage|p1a: Don't Hug Me|0 fnt\n|faint|p1a: Don't Hug Me\n|\n|-weather|Snow|[upkeep]\n|upkeep\n|\n|t:|1699932508\n|switch|p1a: Sickly Licks|Lickilicky, F, shiny|100\/100\n|-activate|p1a: Sickly Licks|move: Sticky Web\n|-unboost|p1a: Sickly Licks|spe|1\n|-damage|p1a: Sickly Licks|88\/100|[from] Spikes\n|turn|27\n|\n|t:|1699932516\n|move|p2a: Nice Tat|Ice Spinner|p1a: Sickly Licks\n|-crit|p1a: Sickly Licks\n|-damage|p1a: Sickly Licks|40\/100\n|move|p1a: Sickly Licks|Thunderbolt|p2a: Nice Tat\n|-damage|p2a: Nice Tat|88\/100\n|\n|-weather|none\n|-heal|p1a: Sickly Licks|46\/100|[from] item: Leftovers\n|upkeep\n|turn|28\n|\n|t:|1699932537\n|move|p2a: Nice Tat|Ice Spinner|p1a: Sickly Licks\n|-damage|p1a: Sickly Licks|12\/100\n|move|p1a: Sickly Licks|Earthquake|p2a: Nice Tat\n|-damage|p2a: Nice Tat|79\/100\n|\n|-heal|p1a: Sickly Licks|18\/100|[from] item: Leftovers\n|upkeep\n|turn|29\n|\n|t:|1699932545\n|move|p2a: Nice Tat|Ice Spinner|p1a: Sickly Licks\n|-damage|p1a: Sickly Licks|0 fnt\n|faint|p1a: Sickly Licks\n|\n|upkeep\n|\n|t:|1699932550\n|switch|p1a: Golisopod|Golisopod, F, shiny|48\/100 brn\n|turn|30\n|c|\u2606Citrusy-Crow-64|gg\n|\n|t:|1699932562\n|switch|p2a: Gus Renuri|Runerigus, M|64\/100\n|move|p1a: Golisopod|Liquidation|p2a: Gus Renuri\n|-supereffective|p2a: Gus Renuri\n|-damage|p2a: Gus Renuri|51\/100\n|-activate|p2a: Gus Renuri|ability: Wandering Spirit|Emergency Exit|Wandering Spirit|[of] p1a: Golisopod\n|\n|-heal|p2a: Gus Renuri|57\/100|[from] item: Leftovers\n|-damage|p1a: Golisopod|42\/100 brn|[from] brn\n|-sideend|p2: stargobble|move: Aurora Veil\n|upkeep\n|turn|31\n|c|\u2606stargobble|gg\n|\n|t:|1699932575\n|move|p2a: Gus Renuri|Protect|p2a: Gus Renuri\n|-singleturn|p2a: Gus Renuri|Protect\n|move|p1a: Golisopod|Liquidation|p2a: Gus Renuri\n|-activate|p2a: Gus Renuri|move: Protect\n|\n|-heal|p2a: Gus Renuri|63\/100|[from] item: Leftovers\n|-damage|p1a: Golisopod|36\/100 brn|[from] brn\n|upkeep\n|turn|32\n|\n|t:|1699932584\n|move|p1a: Golisopod|Liquidation|p2a: Gus Renuri\n|-supereffective|p2a: Gus Renuri\n|-damage|p2a: Gus Renuri|33\/100\n|-activate|p2a: Gus Renuri|ability: Emergency Exit\n|\n|t:|1699932595\n|switch|p2a: Dez Yarg|Zygarde-10%|100\/100\n|-ability|p2a: Dez Yarg|Aura Break\n|\n|-damage|p1a: Golisopod|29\/100 brn|[from] brn\n|upkeep\n|turn|33\n|\n|t:|1699932607\n|move|p2a: Dez Yarg|Outrage|p1a: Golisopod\n|-damage|p1a: Golisopod|0 fnt\n|-activate|p1a: Golisopod|ability: Wandering Spirit|Aura Break|Wandering Spirit|[of] p2a: Dez Yarg\n|faint|p1a: Golisopod\n|\n|win|stargobble\n","uploadtime":1699932621,"views":5,"p1id":"citrusycrow64","p2id":"stargobble","formatid":"gen9nationaldex","rating":0,"private":0,"password":""}