{"id":"gen9nationaldex-1988402716","p1":"Espeon-Chan XD v","p2":"lYLxuanxuan","format":"[Gen 9] National Dex","log":"|j|\u2606Espeon-Chan XD v\n|j|\u203dlYLxuanxuan\n|t:|1699719010\n|gametype|singles\n|player|p1|Espeon-Chan XD v|n|1157\n|player|p2|lYLxuanxuan|dawn|1258\n|teamsize|p1|6\n|teamsize|p2|6\n|gen|9\n|tier|[Gen 9] National Dex\n|rated|\n|rule|HP Percentage Mod: HP is shown in percentages\n|rule|Endless Battle Clause: Forcing endless battles is banned\n|rule|OHKO Clause: OHKO moves are banned\n|rule|Evasion Clause: Evasion abilities, items, and moves are banned\n|rule|Evasion Abilities Clause: Evasion abilities are banned\n|rule|Evasion Items Clause: Evasion items are banned\n|rule|Evasion Moves Clause: Evasion moves are banned\n|rule|Species Clause: Limit one of each Pok\u00e9mon\n|rule|Sleep Clause Mod: Limit one foe put to sleep\n|clearpoke\n|poke|p1|Pelipper, F|\n|poke|p1|Swampert, M|\n|poke|p1|Ferrothorn, F|\n|poke|p1|Zapdos|\n|poke|p1|Magnezone|\n|poke|p1|Iron Valiant|\n|poke|p2|Landorus-Therian, M|\n|poke|p2|Kartana|\n|poke|p2|Hawlucha, M|\n|poke|p2|Tapu Koko|\n|poke|p2|Gardevoir, F|\n|poke|p2|Jirachi|\n|teampreview\n|inactive|Battle timer is ON: inactive players will automatically lose when time's up. (requested by lYLxuanxuan)\n|\n|t:|1699719020\n|start\n|switch|p1a: Pelipper|Pelipper, F, shiny|100\/100\n|switch|p2a: Landorus|Landorus-Therian, M, shiny|100\/100\n|-ability|p2a: Landorus|Intimidate|boost\n|-unboost|p1a: Pelipper|atk|1\n|-weather|RainDance|[from] ability: Drizzle|[of] p1a: Pelipper\n|turn|1\n|\n|t:|1699719023\n|move|p2a: Landorus|Stealth Rock|p1a: Pelipper\n|-sidestart|p1: Espeon-Chan XD v|move: Stealth Rock\n|move|p1a: Pelipper|Weather Ball|p2a: Landorus\n|-supereffective|p2a: Landorus\n|-enditem|p2a: Landorus|Focus Sash\n|-damage|p2a: Landorus|1\/100\n|\n|-weather|RainDance|[upkeep]\n|upkeep\n|turn|2\n|\n|t:|1699719031\n|move|p2a: Landorus|Explosion|p1a: Pelipper\n|-damage|p1a: Pelipper|16\/100\n|faint|p2a: Landorus\n|move|p1a: Pelipper|U-turn|p2: Landorus|[notarget]\n|-fail|p1a: Pelipper\n|\n|-weather|RainDance|[upkeep]\n|upkeep\n|\n|t:|1699719038\n|switch|p2a: Tapu Koko|Tapu Koko, shiny|100\/100\n|-fieldstart|move: Electric Terrain|[from] ability: Electric Surge|[of] p2a: Tapu Koko\n|turn|3\n|\n|t:|1699719041\n|switch|p1a: Swampert|Swampert, M, shiny|100\/100\n|-damage|p1a: Swampert|94\/100|[from] Stealth Rock\n|move|p2a: Tapu Koko|U-turn|p1a: Swampert\n|-damage|p1a: Swampert|76\/100\n|\n|t:|1699719055\n|switch|p2a: Hawlucha|Hawlucha, M, shiny|100\/100|[from] U-turn\n|-enditem|p2a: Hawlucha|Electric Seed\n|-boost|p2a: Hawlucha|def|1|[from] item: Electric Seed\n|\n|-weather|RainDance|[upkeep]\n|upkeep\n|turn|4\n|\n|t:|1699719063\n|detailschange|p1a: Swampert|Swampert-Mega, M, shiny\n|-mega|p1a: Swampert|Swampert|Swampertite\n|-terastallize|p2a: Hawlucha|Fighting\n|move|p2a: Hawlucha|High Jump Kick|p1a: Swampert\n|-damage|p1a: Swampert|8\/100\n|move|p1a: Swampert|Liquidation|p2a: Hawlucha\n|-damage|p2a: Hawlucha|15\/100\n|\n|-weather|RainDance|[upkeep]\n|upkeep\n|turn|5\n|\n|t:|1699719073\n|move|p2a: Hawlucha|Acrobatics|p1a: Swampert\n|-damage|p1a: Swampert|0 fnt\n|faint|p1a: Swampert\n|\n|-weather|RainDance|[upkeep]\n|upkeep\n|\n|t:|1699719080\n|switch|p1a: Zapdos|Zapdos, shiny|100\/100\n|-ability|p1a: Zapdos|Pressure\n|turn|6\n|\n|t:|1699719087\n|move|p2a: Hawlucha|Stone Edge|p1a: Zapdos\n|-supereffective|p1a: Zapdos\n|-crit|p1a: Zapdos\n|-damage|p1a: Zapdos|21\/100\n|move|p1a: Zapdos|Thunder|p2a: Hawlucha\n|-damage|p2a: Hawlucha|0 fnt\n|faint|p2a: Hawlucha\n|\n|-weather|RainDance|[upkeep]\n|upkeep\n|\n|t:|1699719093\n|switch|p2a: Tapu Koko|Tapu Koko, shiny|100\/100\n|turn|7\n|\n|t:|1699719098\n|switch|p1a: Magnezone|Magnezone, shiny|100\/100\n|-damage|p1a: Magnezone|94\/100|[from] Stealth Rock\n|move|p2a: Tapu Koko|Volt Switch|p1a: Magnezone\n|-resisted|p1a: Magnezone\n|-damage|p1a: Magnezone|80\/100\n|\n|t:|1699719107\n|switch|p2a: Kartana|Kartana, shiny|100\/100|[from] Volt Switch\n|\n|-weather|RainDance|[upkeep]\n|-fieldend|move: Electric Terrain\n|upkeep\n|turn|8\n|\n|t:|1699719112\n|move|p2a: Kartana|Sacred Sword|p1a: Magnezone\n|-supereffective|p1a: Magnezone\n|-damage|p1a: Magnezone|0 fnt\n|faint|p1a: Magnezone\n|-ability|p2a: Kartana|Beast Boost|boost\n|-boost|p2a: Kartana|atk|1\n|\n|-weather|none\n|upkeep\n|\n|t:|1699719116\n|switch|p1a: Ferrothorn|Ferrothorn, F, shiny|100\/100\n|-damage|p1a: Ferrothorn|94\/100|[from] Stealth Rock\n|turn|9\n|\n|t:|1699719121\n|move|p2a: Kartana|Sacred Sword|p1a: Ferrothorn\n|-supereffective|p1a: Ferrothorn\n|-damage|p1a: Ferrothorn|0 fnt\n|-damage|p2a: Kartana|88\/100|[from] ability: Iron Barbs|[of] p1a: Ferrothorn\n|faint|p1a: Ferrothorn\n|-ability|p2a: Kartana|Beast Boost|boost\n|-boost|p2a: Kartana|atk|1\n|\n|upkeep\n|\n|t:|1699719127\n|switch|p1a: Iron Valiant|Iron Valiant, shiny|100\/100\n|-damage|p1a: Iron Valiant|94\/100|[from] Stealth Rock\n|turn|10\n|\n|t:|1699719133\n|switch|p2a: Jirachi|Jirachi, shiny|100\/100\n|-terastallize|p1a: Iron Valiant|Fairy\n|move|p1a: Iron Valiant|Moonblast|p2a: Jirachi\n|-resisted|p2a: Jirachi\n|-damage|p2a: Jirachi|56\/100\n|-unboost|p2a: Jirachi|spa|1\n|\n|upkeep\n|turn|11\n|\n|t:|1699719137\n|move|p1a: Iron Valiant|Moonblast|p2a: Jirachi\n|-resisted|p2a: Jirachi\n|-damage|p2a: Jirachi|7\/100\n|-zpower|p2a: Jirachi\n|move|p2a: Jirachi|Z-Happy Hour|p2a: Jirachi|[anim]Happy Hour\n|-boost|p2a: Jirachi|atk|1|[zeffect]\n|-boost|p2a: Jirachi|def|1|[zeffect]\n|-boost|p2a: Jirachi|spa|1|[zeffect]\n|-boost|p2a: Jirachi|spd|1|[zeffect]\n|-boost|p2a: Jirachi|spe|1|[zeffect]\n|\n|upkeep\n|turn|12\n|\n|t:|1699719142\n|move|p2a: Jirachi|Iron Head|p1a: Iron Valiant\n|-supereffective|p1a: Iron Valiant\n|-damage|p1a: Iron Valiant|0 fnt\n|faint|p1a: Iron Valiant\n|-end|p1a: Iron Valiant|Quark Drive|[silent]\n|\n|upkeep\n|\n|t:|1699719157\n|switch|p1a: Pelipper|Pelipper, F, shiny|16\/100\n|-damage|p1a: Pelipper|0 fnt|[from] Stealth Rock\n|faint|p1a: Pelipper\n|\n|t:|1699719158\n|switch|p1a: Zapdos|Zapdos, shiny|21\/100\n|-ability|p1a: Zapdos|Pressure\n|turn|13\n|\n|t:|1699719163\n|move|p2a: Jirachi|Zen Headbutt|p1a: Zapdos\n|-damage|p1a: Zapdos|0 fnt\n|faint|p1a: Zapdos\n|\n|win|lYLxuanxuan\n|raw|Espeon-Chan XD v's rating: 1157 &rarr; <strong>1139<\/strong><br \/>(-18 for losing)\n|raw|lYLxuanxuan's rating: 1258 &rarr; <strong>1276<\/strong><br \/>(+18 for winning)\n|l|\u2606Espeon-Chan XD v\n","uploadtime":1699719171,"views":14,"p1id":"espeonchanxdv","p2id":"lylxuanxuan","formatid":"gen9nationaldex","rating":1139,"private":0,"password":""}