{"id":"gen9nationaldex-1987455424","p1":"TheQuobGobbler","p2":"ADCasey","format":"[Gen 9] National Dex","log":"|j|\u2606TheQuobGobbler\n|j|\u2606ADCasey\n|t:|1699594234\n|gametype|singles\n|player|p1|TheQuobGobbler|ghetsis|1168\n|player|p2|ADCasey|1|1283\n|teamsize|p1|6\n|teamsize|p2|6\n|gen|9\n|tier|[Gen 9] National Dex\n|rated|\n|rule|HP Percentage Mod: HP is shown in percentages\n|rule|Endless Battle Clause: Forcing endless battles is banned\n|rule|OHKO Clause: OHKO moves are banned\n|rule|Evasion Clause: Evasion abilities, items, and moves are banned\n|rule|Evasion Abilities Clause: Evasion abilities are banned\n|rule|Evasion Items Clause: Evasion items are banned\n|rule|Evasion Moves Clause: Evasion moves are banned\n|rule|Species Clause: Limit one of each Pok\u00e9mon\n|rule|Sleep Clause Mod: Limit one foe put to sleep\n|clearpoke\n|poke|p1|Salazzle, F|\n|poke|p1|Magnemite, L1|\n|poke|p1|Probopass, L2, F|\n|poke|p1|Mandibuzz, F|\n|poke|p1|Nosepass, L1, F|\n|poke|p1|Tentacruel, F|\n|poke|p2|Inteleon, M|\n|poke|p2|Maushold|\n|poke|p2|Whimsicott, F|\n|poke|p2|Greninja-*, M|\n|poke|p2|Quaquaval, M|\n|poke|p2|Mimikyu, F|\n|teampreview\n|inactive|Battle timer is ON: inactive players will automatically lose when time's up. (requested by ADCasey)\n|\n|t:|1699594247\n|start\n|switch|p1a: Literally Level 1|Magnemite, L1|100\/100\n|switch|p2a: Yusuke|Inteleon, M|100\/100\n|turn|1\n|\n|t:|1699594252\n|move|p2a: Yusuke|U-turn|p1a: Literally Level 1\n|-resisted|p1a: Literally Level 1\n|-ability|p1a: Literally Level 1|Sturdy\n|-damage|p1a: Literally Level 1|10\/100\n|-enditem|p1a: Literally Level 1|Berry Juice\n|-heal|p1a: Literally Level 1|100\/100|[from] item: Berry Juice\n|\n|t:|1699594257\n|switch|p2a: Maushold|Maushold|100\/100|[from] U-turn\n|move|p1a: Literally Level 1|Toxic|p2a: Maushold\n|-status|p2a: Maushold|tox\n|\n|-damage|p2a: Maushold|94\/100 tox|[from] psn\n|upkeep\n|turn|2\n|\n|t:|1699594264\n|switch|p1a: Sh\ud83d\udca9tbird|Mandibuzz, F|100\/100\n|move|p2a: Maushold|Tidy Up|p2a: Maushold\n|-boost|p2a: Maushold|atk|1\n|-boost|p2a: Maushold|spe|1\n|\n|-damage|p2a: Maushold|82\/100 tox|[from] psn\n|upkeep\n|turn|3\n|\n|t:|1699594269\n|move|p2a: Maushold|Population Bomb|p1a: Sh\ud83d\udca9tbird\n|-damage|p1a: Sh\ud83d\udca9tbird|91\/100\n|-damage|p1a: Sh\ud83d\udca9tbird|82\/100\n|-damage|p1a: Sh\ud83d\udca9tbird|72\/100\n|-damage|p1a: Sh\ud83d\udca9tbird|63\/100\n|-damage|p1a: Sh\ud83d\udca9tbird|53\/100\n|-damage|p1a: Sh\ud83d\udca9tbird|43\/100\n|-damage|p1a: Sh\ud83d\udca9tbird|33\/100\n|-damage|p1a: Sh\ud83d\udca9tbird|23\/100\n|-damage|p1a: Sh\ud83d\udca9tbird|14\/100\n|-damage|p1a: Sh\ud83d\udca9tbird|5\/100\n|-hitcount|p1a: Sh\ud83d\udca9tbird|10\n|move|p1a: Sh\ud83d\udca9tbird|Foul Play|p2a: Maushold\n|-damage|p2a: Maushold|2\/100 tox\n|\n|-damage|p2a: Maushold|0 fnt|[from] psn\n|faint|p2a: Maushold\n|upkeep\n|\n|t:|1699594287\n|switch|p2a: Greninja|Greninja, M|100\/100\n|turn|4\n|\n|t:|1699594294\n|switch|p1a: Sh\ud83d\udca9tsquid|Tentacruel, F|100\/100\n|move|p2a: Greninja|Surf|p1a: Sh\ud83d\udca9tsquid\n|-resisted|p1a: Sh\ud83d\udca9tsquid\n|-damage|p1a: Sh\ud83d\udca9tsquid|83\/100\n|\n|-heal|p1a: Sh\ud83d\udca9tsquid|90\/100|[from] item: Leftovers\n|upkeep\n|turn|5\n|l|\u2606ADCasey\n|inactive|ADCasey disconnected and has a minute to reconnect!\n|player|p2|\n|c|\u2606TheQuobGobbler|lol\n|inactive|ADCasey has 30 seconds to reconnect!\n|j|\u2606ADCasey\n|inactive|ADCasey reconnected and has 120 seconds left.\n|player|p2|ADCasey|1\n|\n|t:|1699594328\n|move|p2a: Greninja|Extrasensory|p1a: Sh\ud83d\udca9tsquid\n|-supereffective|p1a: Sh\ud83d\udca9tsquid\n|-damage|p1a: Sh\ud83d\udca9tsquid|49\/100\n|move|p1a: Sh\ud83d\udca9tsquid|Toxic|p2a: Greninja\n|-status|p2a: Greninja|tox\n|\n|-heal|p1a: Sh\ud83d\udca9tsquid|55\/100|[from] item: Leftovers\n|-damage|p2a: Greninja|95\/100 tox|[from] psn\n|upkeep\n|turn|6\n|inactive|TheQuobGobbler has 120 seconds left.\n|\n|t:|1699594358\n|switch|p1a: Sh\ud83d\udca9tbird|Mandibuzz, F|5\/100\n|move|p2a: Greninja|Extrasensory|p1a: Sh\ud83d\udca9tbird\n|-immune|p1a: Sh\ud83d\udca9tbird\n|\n|-damage|p2a: Greninja|83\/100 tox|[from] psn\n|upkeep\n|turn|7\n|\n|t:|1699594367\n|switch|p1a: Click the \u274c|Nosepass, L1, F, shiny|100\/100\n|move|p2a: Greninja|Dark Pulse|p1a: Click the \u274c\n|-ability|p1a: Click the \u274c|Sturdy\n|-damage|p1a: Click the \u274c|10\/100\n|-enditem|p1a: Click the \u274c|Berry Juice\n|-heal|p1a: Click the \u274c|100\/100|[from] item: Berry Juice\n|\n|-damage|p2a: Greninja|65\/100 tox|[from] psn\n|upkeep\n|turn|8\n|\n|t:|1699594371\n|move|p1a: Click the \u274c|Protect|p1a: Click the \u274c\n|-singleturn|p1a: Click the \u274c|Protect\n|move|p2a: Greninja|Surf|p1a: Click the \u274c\n|-activate|p1a: Click the \u274c|move: Protect\n|\n|-damage|p2a: Greninja|41\/100 tox|[from] psn\n|upkeep\n|turn|9\n|\n|t:|1699594377\n|move|p2a: Greninja|Dark Pulse|p1a: Click the \u274c\n|-ability|p1a: Click the \u274c|Sturdy\n|-damage|p1a: Click the \u274c|10\/100\n|move|p1a: Click the \u274c|Pain Split|p2a: Greninja\n|-sethp|p2a: Greninja|21\/100 tox|[from] move: Pain Split|[silent]\n|-sethp|p1a: Click the \u274c|100\/100|[from] move: Pain Split\n|\n|-damage|p2a: Greninja|0 fnt|[from] psn\n|faint|p2a: Greninja\n|upkeep\n|\n|t:|1699594397\n|switch|p2a: EARL|Whimsicott, F|100\/100\n|turn|10\n|\n|t:|1699594415\n|switch|p1a: Sh\ud83d\udca9tbird|Mandibuzz, F|5\/100\n|move|p2a: EARL|Moonblast|p1a: Sh\ud83d\udca9tbird\n|-supereffective|p1a: Sh\ud83d\udca9tbird\n|-damage|p1a: Sh\ud83d\udca9tbird|0 fnt\n|faint|p1a: Sh\ud83d\udca9tbird\n|\n|upkeep\n|\n|t:|1699594420\n|switch|p1a: Sh\ud83d\udca9tsquid|Tentacruel, F|55\/100\n|turn|11\n|\n|t:|1699594448\n|move|p2a: EARL|Stun Spore|p1a: Sh\ud83d\udca9tsquid\n|-status|p1a: Sh\ud83d\udca9tsquid|par\n|move|p1a: Sh\ud83d\udca9tsquid|Toxic|p2a: EARL\n|-status|p2a: EARL|tox\n|\n|-heal|p1a: Sh\ud83d\udca9tsquid|61\/100 par|[from] item: Leftovers\n|-damage|p2a: EARL|94\/100 tox|[from] psn\n|upkeep\n|turn|12\n|\n|t:|1699594453\n|move|p2a: EARL|Moonblast|p1a: Sh\ud83d\udca9tsquid\n|-resisted|p1a: Sh\ud83d\udca9tsquid\n|-damage|p1a: Sh\ud83d\udca9tsquid|47\/100 par\n|move|p1a: Sh\ud83d\udca9tsquid|Toxic|p2a: EARL\n|-fail|p2a: EARL|tox\n|\n|-heal|p1a: Sh\ud83d\udca9tsquid|54\/100 par|[from] item: Leftovers\n|-damage|p2a: EARL|82\/100 tox|[from] psn\n|upkeep\n|turn|13\n|\n|t:|1699594465\n|move|p2a: EARL|Energy Ball|p1a: Sh\ud83d\udca9tsquid\n|-damage|p1a: Sh\ud83d\udca9tsquid|28\/100 par\n|move|p1a: Sh\ud83d\udca9tsquid|Rapid Spin|p2a: EARL\n|-damage|p2a: EARL|71\/100 tox\n|-boost|p1a: Sh\ud83d\udca9tsquid|spe|1\n|\n|-heal|p1a: Sh\ud83d\udca9tsquid|34\/100 par|[from] item: Leftovers\n|-damage|p2a: EARL|52\/100 tox|[from] psn\n|upkeep\n|turn|14\n|\n|t:|1699594470\n|switch|p1a: No Fun Allowed|Salazzle, F|100\/100\n|move|p2a: EARL|Tailwind|p2a: EARL\n|-sidestart|p2: ADCasey|move: Tailwind\n|\n|-damage|p2a: EARL|28\/100 tox|[from] psn\n|upkeep\n|turn|15\n|\n|t:|1699594474\n|move|p1a: No Fun Allowed|Protect|p1a: No Fun Allowed\n|-singleturn|p1a: No Fun Allowed|Protect\n|move|p2a: EARL|Moonblast|p1a: No Fun Allowed\n|-activate|p1a: No Fun Allowed|move: Protect\n|\n|-damage|p2a: EARL|0 fnt|[from] psn\n|faint|p2a: EARL\n|upkeep\n|\n|t:|1699594477\n|switch|p2a: Gay Duck|Quaquaval, M|100\/100\n|turn|16\n|\n|t:|1699594487\n|switch|p1a: Sh\ud83d\udca9tsquid|Tentacruel, F|34\/100 par\n|move|p2a: Gay Duck|Bulk Up|p2a: Gay Duck\n|-boost|p2a: Gay Duck|atk|1\n|-boost|p2a: Gay Duck|def|1\n|\n|-heal|p1a: Sh\ud83d\udca9tsquid|40\/100 par|[from] item: Leftovers\n|upkeep\n|turn|17\n|\n|t:|1699594495\n|-terastallize|p2a: Gay Duck|Steel\n|move|p2a: Gay Duck|Aqua Step|p1a: Sh\ud83d\udca9tsquid\n|-resisted|p1a: Sh\ud83d\udca9tsquid\n|-damage|p1a: Sh\ud83d\udca9tsquid|5\/100 par\n|-boost|p2a: Gay Duck|spe|1\n|cant|p1a: Sh\ud83d\udca9tsquid|par\n|\n|-heal|p1a: Sh\ud83d\udca9tsquid|11\/100 par|[from] item: Leftovers\n|-sideend|p2: ADCasey|move: Tailwind\n|upkeep\n|turn|18\n|\n|t:|1699594516\n|move|p2a: Gay Duck|Aqua Step|p1a: Sh\ud83d\udca9tsquid\n|-resisted|p1a: Sh\ud83d\udca9tsquid\n|-damage|p1a: Sh\ud83d\udca9tsquid|0 fnt\n|-boost|p2a: Gay Duck|spe|1\n|faint|p1a: Sh\ud83d\udca9tsquid\n|-ability|p2a: Gay Duck|Moxie|boost\n|-boost|p2a: Gay Duck|atk|1\n|\n|upkeep\n|\n|t:|1699594526\n|switch|p1a: Click the \u274c|Nosepass, L1, F, shiny|100\/100\n|turn|19\n|\n|t:|1699594530\n|move|p1a: Click the \u274c|Protect|p1a: Click the \u274c\n|-singleturn|p1a: Click the \u274c|Protect\n|move|p2a: Gay Duck|Aqua Step|p1a: Click the \u274c\n|-activate|p1a: Click the \u274c|move: Protect\n|\n|upkeep\n|turn|20\n|\n|t:|1699594543\n|move|p2a: Gay Duck|Aqua Step|p1a: Click the \u274c\n|-supereffective|p1a: Click the \u274c\n|-ability|p1a: Click the \u274c|Sturdy\n|-damage|p1a: Click the \u274c|10\/100\n|-boost|p2a: Gay Duck|spe|1\n|move|p1a: Click the \u274c|Pain Split|p2a: Gay Duck\n|-sethp|p2a: Gay Duck|51\/100|[from] move: Pain Split|[silent]\n|-sethp|p1a: Click the \u274c|100\/100|[from] move: Pain Split\n|\n|-heal|p2a: Gay Duck|57\/100|[from] item: Leftovers\n|upkeep\n|turn|21\n|\n|t:|1699594548\n|move|p1a: Click the \u274c|Protect|p1a: Click the \u274c\n|-singleturn|p1a: Click the \u274c|Protect\n|move|p2a: Gay Duck|Bulk Up|p2a: Gay Duck\n|-boost|p2a: Gay Duck|atk|1\n|-boost|p2a: Gay Duck|def|1\n|\n|-heal|p2a: Gay Duck|63\/100|[from] item: Leftovers\n|upkeep\n|turn|22\n|\n|t:|1699594550\n|move|p2a: Gay Duck|Aqua Step|p1a: Click the \u274c\n|-supereffective|p1a: Click the \u274c\n|-ability|p1a: Click the \u274c|Sturdy\n|-damage|p1a: Click the \u274c|10\/100\n|-boost|p2a: Gay Duck|spe|1\n|move|p1a: Click the \u274c|Pain Split|p2a: Gay Duck\n|-sethp|p2a: Gay Duck|32\/100|[from] move: Pain Split|[silent]\n|-sethp|p1a: Click the \u274c|100\/100|[from] move: Pain Split\n|\n|-heal|p2a: Gay Duck|38\/100|[from] item: Leftovers\n|upkeep\n|turn|23\n|\n|t:|1699594552\n|move|p2a: Gay Duck|Roost|p2a: Gay Duck\n|-heal|p2a: Gay Duck|88\/100\n|move|p1a: Click the \u274c|Pain Split|p2a: Gay Duck\n|-sethp|p2a: Gay Duck|45\/100|[from] move: Pain Split|[silent]\n|-sethp|p1a: Click the \u274c|100\/100|[from] move: Pain Split\n|\n|-heal|p2a: Gay Duck|51\/100|[from] item: Leftovers\n|upkeep\n|turn|24\n|\n|t:|1699594556\n|move|p2a: Gay Duck|Bulk Up|p2a: Gay Duck\n|-boost|p2a: Gay Duck|atk|1\n|-boost|p2a: Gay Duck|def|1\n|move|p1a: Click the \u274c|Pain Split|p2a: Gay Duck\n|-sethp|p2a: Gay Duck|27\/100|[from] move: Pain Split|[silent]\n|-sethp|p1a: Click the \u274c|100\/100|[from] move: Pain Split\n|\n|-heal|p2a: Gay Duck|33\/100|[from] item: Leftovers\n|upkeep\n|turn|25\n|\n|t:|1699594571\n|move|p2a: Gay Duck|Roost|p2a: Gay Duck\n|-heal|p2a: Gay Duck|84\/100\n|move|p1a: Click the \u274c|Pain Split|p2a: Gay Duck\n|-sethp|p2a: Gay Duck|44\/100|[from] move: Pain Split|[silent]\n|-sethp|p1a: Click the \u274c|100\/100|[from] move: Pain Split\n|\n|-heal|p2a: Gay Duck|50\/100|[from] item: Leftovers\n|upkeep\n|turn|26\n|\n|t:|1699594578\n|move|p2a: Gay Duck|Roost|p2a: Gay Duck\n|-heal|p2a: Gay Duck|99\/100\n|move|p1a: Click the \u274c|Pain Split|p2a: Gay Duck\n|-sethp|p2a: Gay Duck|51\/100|[from] move: Pain Split|[silent]\n|-sethp|p1a: Click the \u274c|100\/100|[from] move: Pain Split\n|\n|-heal|p2a: Gay Duck|57\/100|[from] item: Leftovers\n|upkeep\n|turn|27\n|\n|t:|1699594593\n|move|p2a: Gay Duck|Bulk Up|p2a: Gay Duck\n|-boost|p2a: Gay Duck|atk|1\n|-boost|p2a: Gay Duck|def|1\n|move|p1a: Click the \u274c|Pain Split|p2a: Gay Duck\n|-sethp|p2a: Gay Duck|30\/100|[from] move: Pain Split|[silent]\n|-sethp|p1a: Click the \u274c|100\/100|[from] move: Pain Split\n|\n|-heal|p2a: Gay Duck|36\/100|[from] item: Leftovers\n|upkeep\n|turn|28\n|\n|t:|1699594608\n|move|p2a: Gay Duck|Roost|p2a: Gay Duck\n|-heal|p2a: Gay Duck|87\/100\n|move|p1a: Click the \u274c|Pain Split|p2a: Gay Duck\n|-sethp|p2a: Gay Duck|45\/100|[from] move: Pain Split|[silent]\n|-sethp|p1a: Click the \u274c|100\/100|[from] move: Pain Split\n|\n|-heal|p2a: Gay Duck|51\/100|[from] item: Leftovers\n|upkeep\n|turn|29\n|\n|t:|1699594614\n|move|p2a: Gay Duck|Aqua Step|p1a: Click the \u274c\n|-supereffective|p1a: Click the \u274c\n|-ability|p1a: Click the \u274c|Sturdy\n|-damage|p1a: Click the \u274c|10\/100\n|-boost|p2a: Gay Duck|spe|1\n|move|p1a: Click the \u274c|Pain Split|p2a: Gay Duck\n|-sethp|p2a: Gay Duck|26\/100|[from] move: Pain Split|[silent]\n|-sethp|p1a: Click the \u274c|100\/100|[from] move: Pain Split\n|\n|-heal|p2a: Gay Duck|32\/100|[from] item: Leftovers\n|upkeep\n|turn|30\n|\n|t:|1699594618\n|move|p1a: Click the \u274c|Protect|p1a: Click the \u274c\n|-singleturn|p1a: Click the \u274c|Protect\n|move|p2a: Gay Duck|Roost|p2a: Gay Duck\n|-heal|p2a: Gay Duck|82\/100\n|\n|-heal|p2a: Gay Duck|88\/100|[from] item: Leftovers\n|upkeep\n|turn|31\n|\n|t:|1699594632\n|move|p2a: Gay Duck|Bulk Up|p2a: Gay Duck\n|-boost|p2a: Gay Duck|atk|1\n|-boost|p2a: Gay Duck|def|1\n|move|p1a: Click the \u274c|Pain Split|p2a: Gay Duck\n|-sethp|p2a: Gay Duck|46\/100|[from] move: Pain Split|[silent]\n|-sethp|p1a: Click the \u274c|100\/100|[from] move: Pain Split\n|\n|-heal|p2a: Gay Duck|52\/100|[from] item: Leftovers\n|upkeep\n|turn|32\n|\n|t:|1699594643\n|move|p1a: Click the \u274c|Protect|p1a: Click the \u274c\n|-singleturn|p1a: Click the \u274c|Protect\n|move|p2a: Gay Duck|Bulk Up|p2a: Gay Duck\n|-boost|p2a: Gay Duck|atk|0\n|-boost|p2a: Gay Duck|def|1\n|\n|-heal|p2a: Gay Duck|58\/100|[from] item: Leftovers\n|upkeep\n|turn|33\n|\n|t:|1699594654\n|move|p2a: Gay Duck|Bulk Up|p2a: Gay Duck\n|-boost|p2a: Gay Duck|atk|0\n|-boost|p2a: Gay Duck|def|0\n|move|p1a: Click the \u274c|Pain Split|p2a: Gay Duck\n|-sethp|p2a: Gay Duck|30\/100|[from] move: Pain Split|[silent]\n|-sethp|p1a: Click the \u274c|100\/100|[from] move: Pain Split\n|\n|-heal|p2a: Gay Duck|36\/100|[from] item: Leftovers\n|upkeep\n|turn|34\n|\n|t:|1699594660\n|move|p2a: Gay Duck|Bulk Up|p2a: Gay Duck\n|-boost|p2a: Gay Duck|atk|0\n|-boost|p2a: Gay Duck|def|0\n|move|p1a: Click the \u274c|Pain Split|p2a: Gay Duck\n|-sethp|p2a: Gay Duck|20\/100|[from] move: Pain Split|[silent]\n|-sethp|p1a: Click the \u274c|100\/100|[from] move: Pain Split\n|\n|-heal|p2a: Gay Duck|26\/100|[from] item: Leftovers\n|upkeep\n|turn|35\n|\n|t:|1699594664\n|move|p1a: Click the \u274c|Protect|p1a: Click the \u274c\n|-singleturn|p1a: Click the \u274c|Protect\n|move|p2a: Gay Duck|Roost|p2a: Gay Duck\n|-heal|p2a: Gay Duck|76\/100\n|\n|-heal|p2a: Gay Duck|82\/100|[from] item: Leftovers\n|upkeep\n|turn|36\n|\n|t:|1699594668\n|move|p2a: Gay Duck|Bulk Up|p2a: Gay Duck\n|-boost|p2a: Gay Duck|atk|0\n|-boost|p2a: Gay Duck|def|0\n|move|p1a: Click the \u274c|Pain Split|p2a: Gay Duck\n|-sethp|p2a: Gay Duck|43\/100|[from] move: Pain Split|[silent]\n|-sethp|p1a: Click the \u274c|100\/100|[from] move: Pain Split\n|\n|-heal|p2a: Gay Duck|49\/100|[from] item: Leftovers\n|upkeep\n|turn|37\n|\n|t:|1699594670\n|move|p1a: Click the \u274c|Protect|p1a: Click the \u274c\n|-singleturn|p1a: Click the \u274c|Protect\n|move|p2a: Gay Duck|Bulk Up|p2a: Gay Duck\n|-boost|p2a: Gay Duck|atk|0\n|-boost|p2a: Gay Duck|def|0\n|\n|-heal|p2a: Gay Duck|55\/100|[from] item: Leftovers\n|upkeep\n|turn|38\n|\n|t:|1699594673\n|move|p1a: Click the \u274c|Magic Coat|p1a: Click the \u274c\n|-singleturn|p1a: Click the \u274c|move: Magic Coat\n|move|p2a: Gay Duck|Bulk Up|p2a: Gay Duck\n|-boost|p2a: Gay Duck|atk|0\n|-boost|p2a: Gay Duck|def|0\n|\n|-heal|p2a: Gay Duck|61\/100|[from] item: Leftovers\n|upkeep\n|turn|39\n|\n|t:|1699594676\n|move|p1a: Click the \u274c|Protect|p1a: Click the \u274c\n|-singleturn|p1a: Click the \u274c|Protect\n|move|p2a: Gay Duck|Bulk Up|p2a: Gay Duck\n|-boost|p2a: Gay Duck|atk|0\n|-boost|p2a: Gay Duck|def|0\n|\n|-heal|p2a: Gay Duck|67\/100|[from] item: Leftovers\n|upkeep\n|turn|40\n|\n|t:|1699594679\n|move|p2a: Gay Duck|Bulk Up|p2a: Gay Duck\n|-boost|p2a: Gay Duck|atk|0\n|-boost|p2a: Gay Duck|def|0\n|move|p1a: Click the \u274c|Pain Split|p2a: Gay Duck\n|-sethp|p2a: Gay Duck|35\/100|[from] move: Pain Split|[silent]\n|-sethp|p1a: Click the \u274c|100\/100|[from] move: Pain Split\n|\n|-heal|p2a: Gay Duck|41\/100|[from] item: Leftovers\n|upkeep\n|turn|41\n|\n|t:|1699594684\n|move|p1a: Click the \u274c|Magic Coat|p1a: Click the \u274c\n|-singleturn|p1a: Click the \u274c|move: Magic Coat\n|move|p2a: Gay Duck|Bulk Up|p2a: Gay Duck\n|-boost|p2a: Gay Duck|atk|0\n|-boost|p2a: Gay Duck|def|0\n|\n|-heal|p2a: Gay Duck|47\/100|[from] item: Leftovers\n|upkeep\n|turn|42\n|\n|t:|1699594697\n|move|p1a: Click the \u274c|Protect|p1a: Click the \u274c\n|-singleturn|p1a: Click the \u274c|Protect\n|move|p2a: Gay Duck|Bulk Up|p2a: Gay Duck\n|-boost|p2a: Gay Duck|atk|0\n|-boost|p2a: Gay Duck|def|0\n|\n|-heal|p2a: Gay Duck|53\/100|[from] item: Leftovers\n|upkeep\n|turn|43\n|\n|t:|1699594704\n|move|p2a: Gay Duck|Aqua Step|p1a: Click the \u274c\n|-supereffective|p1a: Click the \u274c\n|-ability|p1a: Click the \u274c|Sturdy\n|-damage|p1a: Click the \u274c|10\/100\n|-boost|p2a: Gay Duck|spe|1\n|move|p1a: Click the \u274c|Pain Split|p2a: Gay Duck\n|-sethp|p2a: Gay Duck|27\/100|[from] move: Pain Split|[silent]\n|-sethp|p1a: Click the \u274c|100\/100|[from] move: Pain Split\n|\n|-heal|p2a: Gay Duck|33\/100|[from] item: Leftovers\n|upkeep\n|turn|44\n|\n|t:|1699594716\n|move|p1a: Click the \u274c|Protect|p1a: Click the \u274c\n|-singleturn|p1a: Click the \u274c|Protect\n|move|p2a: Gay Duck|Bulk Up|p2a: Gay Duck\n|-boost|p2a: Gay Duck|atk|0\n|-boost|p2a: Gay Duck|def|0\n|\n|-heal|p2a: Gay Duck|39\/100|[from] item: Leftovers\n|upkeep\n|turn|45\n|\n|t:|1699594720\n|move|p2a: Gay Duck|Roost|p2a: Gay Duck\n|-heal|p2a: Gay Duck|89\/100\n|move|p1a: Click the \u274c|Pain Split|p2a: Gay Duck\n|-sethp|p2a: Gay Duck|46\/100|[from] move: Pain Split|[silent]\n|-sethp|p1a: Click the \u274c|100\/100|[from] move: Pain Split\n|\n|-heal|p2a: Gay Duck|52\/100|[from] item: Leftovers\n|upkeep\n|turn|46\n|\n|t:|1699594725\n|move|p1a: Click the \u274c|Magic Coat|p1a: Click the \u274c\n|-singleturn|p1a: Click the \u274c|move: Magic Coat\n|move|p2a: Gay Duck|Bulk Up|p2a: Gay Duck\n|-boost|p2a: Gay Duck|atk|0\n|-boost|p2a: Gay Duck|def|0\n|\n|-heal|p2a: Gay Duck|58\/100|[from] item: Leftovers\n|upkeep\n|turn|47\n|\n|t:|1699594733\n|move|p2a: Gay Duck|Bulk Up|p2a: Gay Duck\n|-boost|p2a: Gay Duck|atk|0\n|-boost|p2a: Gay Duck|def|0\n|move|p1a: Click the \u274c|Pain Split|p2a: Gay Duck\n|-sethp|p2a: Gay Duck|31\/100|[from] move: Pain Split|[silent]\n|-sethp|p1a: Click the \u274c|100\/100|[from] move: Pain Split\n|\n|-heal|p2a: Gay Duck|37\/100|[from] item: Leftovers\n|upkeep\n|turn|48\n|\n|t:|1699594737\n|move|p1a: Click the \u274c|Magic Coat|p1a: Click the \u274c\n|-singleturn|p1a: Click the \u274c|move: Magic Coat\n|move|p2a: Gay Duck|Bulk Up|p2a: Gay Duck\n|-boost|p2a: Gay Duck|atk|0\n|-boost|p2a: Gay Duck|def|0\n|\n|-heal|p2a: Gay Duck|43\/100|[from] item: Leftovers\n|upkeep\n|turn|49\n|\n|t:|1699594743\n|move|p1a: Click the \u274c|Magic Coat|p1a: Click the \u274c\n|-singleturn|p1a: Click the \u274c|move: Magic Coat\n|move|p2a: Gay Duck|Bulk Up|p2a: Gay Duck\n|-boost|p2a: Gay Duck|atk|0\n|-boost|p2a: Gay Duck|def|0\n|\n|-heal|p2a: Gay Duck|49\/100|[from] item: Leftovers\n|upkeep\n|turn|50\n|\n|t:|1699594747\n|move|p1a: Click the \u274c|Protect|p1a: Click the \u274c\n|-singleturn|p1a: Click the \u274c|Protect\n|move|p2a: Gay Duck|Bulk Up|p2a: Gay Duck\n|-boost|p2a: Gay Duck|atk|0\n|-boost|p2a: Gay Duck|def|0\n|\n|-heal|p2a: Gay Duck|55\/100|[from] item: Leftovers\n|upkeep\n|turn|51\n|\n|t:|1699594764\n|move|p2a: Gay Duck|Bulk Up|p2a: Gay Duck\n|-boost|p2a: Gay Duck|atk|0\n|-boost|p2a: Gay Duck|def|0\n|move|p1a: Click the \u274c|Pain Split|p2a: Gay Duck\n|-sethp|p2a: Gay Duck|29\/100|[from] move: Pain Split|[silent]\n|-sethp|p1a: Click the \u274c|100\/100|[from] move: Pain Split\n|\n|-heal|p2a: Gay Duck|35\/100|[from] item: Leftovers\n|upkeep\n|turn|52\n|\n|t:|1699594768\n|move|p1a: Click the \u274c|Magic Coat|p1a: Click the \u274c\n|-singleturn|p1a: Click the \u274c|move: Magic Coat\n|move|p2a: Gay Duck|Bulk Up|p2a: Gay Duck\n|-boost|p2a: Gay Duck|atk|0\n|-boost|p2a: Gay Duck|def|0\n|\n|-heal|p2a: Gay Duck|41\/100|[from] item: Leftovers\n|upkeep\n|turn|53\n|\n|t:|1699594774\n|move|p2a: Gay Duck|Bulk Up|p2a: Gay Duck\n|-boost|p2a: Gay Duck|atk|0\n|-boost|p2a: Gay Duck|def|0\n|move|p1a: Click the \u274c|Pain Split|p2a: Gay Duck\n|-sethp|p2a: Gay Duck|22\/100|[from] move: Pain Split|[silent]\n|-sethp|p1a: Click the \u274c|100\/100|[from] move: Pain Split\n|\n|-heal|p2a: Gay Duck|28\/100|[from] item: Leftovers\n|upkeep\n|turn|54\n|\n|t:|1699594777\n|move|p1a: Click the \u274c|Magic Coat|p1a: Click the \u274c\n|-singleturn|p1a: Click the \u274c|move: Magic Coat\n|move|p2a: Gay Duck|Roost|p2a: Gay Duck\n|-heal|p2a: Gay Duck|78\/100\n|\n|-heal|p2a: Gay Duck|84\/100|[from] item: Leftovers\n|upkeep\n|turn|55\n|\n|t:|1699594789\n|move|p1a: Click the \u274c|Protect|p1a: Click the \u274c\n|-singleturn|p1a: Click the \u274c|Protect\n|move|p2a: Gay Duck|Bulk Up|p2a: Gay Duck\n|-boost|p2a: Gay Duck|atk|0\n|-boost|p2a: Gay Duck|def|0\n|\n|-heal|p2a: Gay Duck|90\/100|[from] item: Leftovers\n|upkeep\n|turn|56\n|\n|t:|1699594794\n|move|p2a: Gay Duck|Bulk Up|p2a: Gay Duck\n|-boost|p2a: Gay Duck|atk|0\n|-boost|p2a: Gay Duck|def|0\n|move|p1a: Click the \u274c|Pain Split|p2a: Gay Duck\n|-sethp|p2a: Gay Duck|47\/100|[from] move: Pain Split|[silent]\n|-sethp|p1a: Click the \u274c|100\/100|[from] move: Pain Split\n|\n|-heal|p2a: Gay Duck|53\/100|[from] item: Leftovers\n|upkeep\n|turn|57\n|\n|t:|1699594800\n|move|p1a: Click the \u274c|Protect|p1a: Click the \u274c\n|-singleturn|p1a: Click the \u274c|Protect\n|move|p2a: Gay Duck|Bulk Up|p2a: Gay Duck\n|-boost|p2a: Gay Duck|atk|0\n|-boost|p2a: Gay Duck|def|0\n|\n|-heal|p2a: Gay Duck|59\/100|[from] item: Leftovers\n|upkeep\n|turn|58\n|\n|t:|1699594805\n|move|p2a: Gay Duck|Bulk Up|p2a: Gay Duck\n|-boost|p2a: Gay Duck|atk|0\n|-boost|p2a: Gay Duck|def|0\n|move|p1a: Click the \u274c|Pain Split|p2a: Gay Duck\n|-sethp|p2a: Gay Duck|31\/100|[from] move: Pain Split|[silent]\n|-sethp|p1a: Click the \u274c|100\/100|[from] move: Pain Split\n|\n|-heal|p2a: Gay Duck|37\/100|[from] item: Leftovers\n|upkeep\n|turn|59\n|\n|t:|1699594807\n|move|p1a: Click the \u274c|Magic Coat|p1a: Click the \u274c\n|-singleturn|p1a: Click the \u274c|move: Magic Coat\n|move|p2a: Gay Duck|Bulk Up|p2a: Gay Duck\n|-boost|p2a: Gay Duck|atk|0\n|-boost|p2a: Gay Duck|def|0\n|\n|-heal|p2a: Gay Duck|43\/100|[from] item: Leftovers\n|upkeep\n|turn|60\n|\n|t:|1699594814\n|move|p2a: Gay Duck|Bulk Up|p2a: Gay Duck\n|-boost|p2a: Gay Duck|atk|0\n|-boost|p2a: Gay Duck|def|0\n|move|p1a: Click the \u274c|Pain Split|p2a: Gay Duck\n|-sethp|p2a: Gay Duck|23\/100|[from] move: Pain Split|[silent]\n|-sethp|p1a: Click the \u274c|100\/100|[from] move: Pain Split\n|\n|-heal|p2a: Gay Duck|29\/100|[from] item: Leftovers\n|upkeep\n|turn|61\n|\n|t:|1699594817\n|move|p1a: Click the \u274c|Protect|p1a: Click the \u274c\n|-singleturn|p1a: Click the \u274c|Protect\n|move|p2a: Gay Duck|Bulk Up|p2a: Gay Duck\n|-boost|p2a: Gay Duck|atk|0\n|-boost|p2a: Gay Duck|def|0\n|\n|-heal|p2a: Gay Duck|35\/100|[from] item: Leftovers\n|upkeep\n|turn|62\n|\n|t:|1699594820\n|move|p1a: Click the \u274c|Magic Coat|p1a: Click the \u274c\n|-singleturn|p1a: Click the \u274c|move: Magic Coat\n|move|p2a: Gay Duck|Bulk Up|p2a: Gay Duck\n|-boost|p2a: Gay Duck|atk|0\n|-boost|p2a: Gay Duck|def|0\n|\n|-heal|p2a: Gay Duck|41\/100|[from] item: Leftovers\n|upkeep\n|turn|63\n|\n|t:|1699594826\n|move|p1a: Click the \u274c|Magic Coat|p1a: Click the \u274c\n|-singleturn|p1a: Click the \u274c|move: Magic Coat\n|move|p2a: Gay Duck|Aqua Step|p1a: Click the \u274c\n|-supereffective|p1a: Click the \u274c\n|-ability|p1a: Click the \u274c|Sturdy\n|-damage|p1a: Click the \u274c|10\/100\n|\n|-heal|p2a: Gay Duck|47\/100|[from] item: Leftovers\n|upkeep\n|turn|64\n|\n|t:|1699594833\n|move|p1a: Click the \u274c|Protect|p1a: Click the \u274c\n|-singleturn|p1a: Click the \u274c|Protect\n|move|p2a: Gay Duck|Aqua Step|p1a: Click the \u274c\n|-activate|p1a: Click the \u274c|move: Protect\n|\n|-heal|p2a: Gay Duck|53\/100|[from] item: Leftovers\n|upkeep\n|turn|65\n|\n|t:|1699594837\n|move|p1a: Click the \u274c|Protect|p1a: Click the \u274c\n|-singleturn|p1a: Click the \u274c|Protect\n|move|p2a: Gay Duck|Aqua Step|p1a: Click the \u274c\n|-activate|p1a: Click the \u274c|move: Protect\n|\n|-heal|p2a: Gay Duck|59\/100|[from] item: Leftovers\n|upkeep\n|turn|66\n|c|\u2606TheQuobGobbler|lol\n|\n|t:|1699594850\n|move|p2a: Gay Duck|Aqua Step|p1a: Click the \u274c\n|-supereffective|p1a: Click the \u274c\n|-damage|p1a: Click the \u274c|0 fnt\n|faint|p1a: Click the \u274c\n|\n|-heal|p2a: Gay Duck|65\/100|[from] item: Leftovers\n|upkeep\n|\n|t:|1699594856\n|switch|p1a: No Fun Allowed|Salazzle, F|100\/100\n|turn|67\n|\n|t:|1699594860\n|move|p1a: No Fun Allowed|Protect|p1a: No Fun Allowed\n|-singleturn|p1a: No Fun Allowed|Protect\n|move|p2a: Gay Duck|Aqua Step|p1a: No Fun Allowed\n|-activate|p1a: No Fun Allowed|move: Protect\n|\n|-heal|p2a: Gay Duck|71\/100|[from] item: Leftovers\n|upkeep\n|turn|68\n|inactive|TheQuobGobbler has 120 seconds left.\n|\n|t:|1699594891\n|switch|p1a: Level2\ufe0f\u20e3Level2\ufe0f\u20e3|Probopass, L2, F, shiny|100\/100\n|move|p2a: Gay Duck|Aqua Step|p1a: Level2\ufe0f\u20e3Level2\ufe0f\u20e3\n|-supereffective|p1a: Level2\ufe0f\u20e3Level2\ufe0f\u20e3\n|-ability|p1a: Level2\ufe0f\u20e3Level2\ufe0f\u20e3|Sturdy\n|-damage|p1a: Level2\ufe0f\u20e3Level2\ufe0f\u20e3|8\/100\n|-enditem|p1a: Level2\ufe0f\u20e3Level2\ufe0f\u20e3|Berry Juice\n|-heal|p1a: Level2\ufe0f\u20e3Level2\ufe0f\u20e3|100\/100|[from] item: Berry Juice\n|\n|-heal|p2a: Gay Duck|77\/100|[from] item: Leftovers\n|upkeep\n|turn|69\n|\n|t:|1699594897\n|move|p2a: Gay Duck|Aqua Step|p1a: Level2\ufe0f\u20e3Level2\ufe0f\u20e3\n|-supereffective|p1a: Level2\ufe0f\u20e3Level2\ufe0f\u20e3\n|-ability|p1a: Level2\ufe0f\u20e3Level2\ufe0f\u20e3|Sturdy\n|-damage|p1a: Level2\ufe0f\u20e3Level2\ufe0f\u20e3|8\/100\n|move|p1a: Level2\ufe0f\u20e3Level2\ufe0f\u20e3|Pain Split|p2a: Gay Duck\n|-sethp|p2a: Gay Duck|39\/100|[from] move: Pain Split|[silent]\n|-sethp|p1a: Level2\ufe0f\u20e3Level2\ufe0f\u20e3|100\/100|[from] move: Pain Split\n|\n|-heal|p2a: Gay Duck|45\/100|[from] item: Leftovers\n|upkeep\n|turn|70\n|\n|t:|1699594903\n|move|p2a: Gay Duck|Aqua Step|p1a: Level2\ufe0f\u20e3Level2\ufe0f\u20e3\n|-supereffective|p1a: Level2\ufe0f\u20e3Level2\ufe0f\u20e3\n|-ability|p1a: Level2\ufe0f\u20e3Level2\ufe0f\u20e3|Sturdy\n|-damage|p1a: Level2\ufe0f\u20e3Level2\ufe0f\u20e3|8\/100\n|move|p1a: Level2\ufe0f\u20e3Level2\ufe0f\u20e3|Pain Split|p2a: Gay Duck\n|-sethp|p2a: Gay Duck|23\/100|[from] move: Pain Split|[silent]\n|-sethp|p1a: Level2\ufe0f\u20e3Level2\ufe0f\u20e3|100\/100|[from] move: Pain Split\n|\n|-heal|p2a: Gay Duck|29\/100|[from] item: Leftovers\n|upkeep\n|turn|71\n|\n|t:|1699594926\n|move|p2a: Gay Duck|Aqua Step|p1a: Level2\ufe0f\u20e3Level2\ufe0f\u20e3\n|-supereffective|p1a: Level2\ufe0f\u20e3Level2\ufe0f\u20e3\n|-ability|p1a: Level2\ufe0f\u20e3Level2\ufe0f\u20e3|Sturdy\n|-damage|p1a: Level2\ufe0f\u20e3Level2\ufe0f\u20e3|8\/100\n|move|p1a: Level2\ufe0f\u20e3Level2\ufe0f\u20e3|Pain Split|p2a: Gay Duck\n|-sethp|p2a: Gay Duck|15\/100|[from] move: Pain Split|[silent]\n|-sethp|p1a: Level2\ufe0f\u20e3Level2\ufe0f\u20e3|100\/100|[from] move: Pain Split\n|\n|-heal|p2a: Gay Duck|21\/100|[from] item: Leftovers\n|upkeep\n|turn|72\n|\n|t:|1699594930\n|move|p2a: Gay Duck|Close Combat|p1a: Level2\ufe0f\u20e3Level2\ufe0f\u20e3\n|-supereffective|p1a: Level2\ufe0f\u20e3Level2\ufe0f\u20e3\n|-ability|p1a: Level2\ufe0f\u20e3Level2\ufe0f\u20e3|Sturdy\n|-damage|p1a: Level2\ufe0f\u20e3Level2\ufe0f\u20e3|8\/100\n|-unboost|p2a: Gay Duck|def|1\n|-unboost|p2a: Gay Duck|spd|1\n|move|p1a: Level2\ufe0f\u20e3Level2\ufe0f\u20e3|Pain Split|p2a: Gay Duck\n|-sethp|p2a: Gay Duck|11\/100|[from] move: Pain Split|[silent]\n|-sethp|p1a: Level2\ufe0f\u20e3Level2\ufe0f\u20e3|100\/100|[from] move: Pain Split\n|\n|-heal|p2a: Gay Duck|17\/100|[from] item: Leftovers\n|upkeep\n|turn|73\n|\n|t:|1699594934\n|move|p1a: Level2\ufe0f\u20e3Level2\ufe0f\u20e3|Protect|p1a: Level2\ufe0f\u20e3Level2\ufe0f\u20e3\n|-singleturn|p1a: Level2\ufe0f\u20e3Level2\ufe0f\u20e3|Protect\n|move|p2a: Gay Duck|Close Combat|p1a: Level2\ufe0f\u20e3Level2\ufe0f\u20e3\n|-activate|p1a: Level2\ufe0f\u20e3Level2\ufe0f\u20e3|move: Protect\n|\n|-heal|p2a: Gay Duck|23\/100|[from] item: Leftovers\n|upkeep\n|turn|74\n|\n|t:|1699594939\n|move|p2a: Gay Duck|Close Combat|p1a: Level2\ufe0f\u20e3Level2\ufe0f\u20e3\n|-supereffective|p1a: Level2\ufe0f\u20e3Level2\ufe0f\u20e3\n|-ability|p1a: Level2\ufe0f\u20e3Level2\ufe0f\u20e3|Sturdy\n|-damage|p1a: Level2\ufe0f\u20e3Level2\ufe0f\u20e3|8\/100\n|-unboost|p2a: Gay Duck|def|1\n|-unboost|p2a: Gay Duck|spd|1\n|move|p1a: Level2\ufe0f\u20e3Level2\ufe0f\u20e3|Pain Split|p2a: Gay Duck\n|-sethp|p2a: Gay Duck|12\/100|[from] move: Pain Split|[silent]\n|-sethp|p1a: Level2\ufe0f\u20e3Level2\ufe0f\u20e3|100\/100|[from] move: Pain Split\n|\n|-heal|p2a: Gay Duck|18\/100|[from] item: Leftovers\n|upkeep\n|turn|75\n|\n|t:|1699594941\n|move|p1a: Level2\ufe0f\u20e3Level2\ufe0f\u20e3|Protect|p1a: Level2\ufe0f\u20e3Level2\ufe0f\u20e3\n|-singleturn|p1a: Level2\ufe0f\u20e3Level2\ufe0f\u20e3|Protect\n|move|p2a: Gay Duck|Close Combat|p1a: Level2\ufe0f\u20e3Level2\ufe0f\u20e3\n|-activate|p1a: Level2\ufe0f\u20e3Level2\ufe0f\u20e3|move: Protect\n|\n|-heal|p2a: Gay Duck|24\/100|[from] item: Leftovers\n|upkeep\n|turn|76\n|\n|t:|1699594944\n|move|p2a: Gay Duck|Close Combat|p1a: Level2\ufe0f\u20e3Level2\ufe0f\u20e3\n|-supereffective|p1a: Level2\ufe0f\u20e3Level2\ufe0f\u20e3\n|-ability|p1a: Level2\ufe0f\u20e3Level2\ufe0f\u20e3|Sturdy\n|-damage|p1a: Level2\ufe0f\u20e3Level2\ufe0f\u20e3|8\/100\n|-unboost|p2a: Gay Duck|def|1\n|-unboost|p2a: Gay Duck|spd|1\n|move|p1a: Level2\ufe0f\u20e3Level2\ufe0f\u20e3|Pain Split|p2a: Gay Duck\n|-sethp|p2a: Gay Duck|12\/100|[from] move: Pain Split|[silent]\n|-sethp|p1a: Level2\ufe0f\u20e3Level2\ufe0f\u20e3|100\/100|[from] move: Pain Split\n|\n|-heal|p2a: Gay Duck|18\/100|[from] item: Leftovers\n|upkeep\n|turn|77\n|\n|t:|1699594947\n|move|p1a: Level2\ufe0f\u20e3Level2\ufe0f\u20e3|Protect|p1a: Level2\ufe0f\u20e3Level2\ufe0f\u20e3\n|-singleturn|p1a: Level2\ufe0f\u20e3Level2\ufe0f\u20e3|Protect\n|move|p2a: Gay Duck|Close Combat|p1a: Level2\ufe0f\u20e3Level2\ufe0f\u20e3\n|-activate|p1a: Level2\ufe0f\u20e3Level2\ufe0f\u20e3|move: Protect\n|\n|-heal|p2a: Gay Duck|24\/100|[from] item: Leftovers\n|upkeep\n|turn|78\n|\n|t:|1699594950\n|move|p2a: Gay Duck|Close Combat|p1a: Level2\ufe0f\u20e3Level2\ufe0f\u20e3\n|-supereffective|p1a: Level2\ufe0f\u20e3Level2\ufe0f\u20e3\n|-ability|p1a: Level2\ufe0f\u20e3Level2\ufe0f\u20e3|Sturdy\n|-damage|p1a: Level2\ufe0f\u20e3Level2\ufe0f\u20e3|8\/100\n|-unboost|p2a: Gay Duck|def|1\n|-unboost|p2a: Gay Duck|spd|1\n|move|p1a: Level2\ufe0f\u20e3Level2\ufe0f\u20e3|Pain Split|p2a: Gay Duck\n|-sethp|p2a: Gay Duck|12\/100|[from] move: Pain Split|[silent]\n|-sethp|p1a: Level2\ufe0f\u20e3Level2\ufe0f\u20e3|100\/100|[from] move: Pain Split\n|\n|-heal|p2a: Gay Duck|18\/100|[from] item: Leftovers\n|upkeep\n|turn|79\n|\n|t:|1699594953\n|move|p1a: Level2\ufe0f\u20e3Level2\ufe0f\u20e3|Protect|p1a: Level2\ufe0f\u20e3Level2\ufe0f\u20e3\n|-singleturn|p1a: Level2\ufe0f\u20e3Level2\ufe0f\u20e3|Protect\n|move|p2a: Gay Duck|Close Combat|p1a: Level2\ufe0f\u20e3Level2\ufe0f\u20e3\n|-activate|p1a: Level2\ufe0f\u20e3Level2\ufe0f\u20e3|move: Protect\n|\n|-heal|p2a: Gay Duck|24\/100|[from] item: Leftovers\n|upkeep\n|turn|80\n|\n|t:|1699594962\n|-activate|p2a: Gay Duck|move: Struggle\n|move|p2a: Gay Duck|Struggle|p1a: Level2\ufe0f\u20e3Level2\ufe0f\u20e3\n|-ability|p1a: Level2\ufe0f\u20e3Level2\ufe0f\u20e3|Sturdy\n|-damage|p1a: Level2\ufe0f\u20e3Level2\ufe0f\u20e3|8\/100\n|-damage|p2a: Gay Duck|0 fnt|[from] recoil\n|faint|p2a: Gay Duck\n|move|p1a: Level2\ufe0f\u20e3Level2\ufe0f\u20e3|Toxic|p2: Gay Duck|[notarget]\n|-fail|p1a: Level2\ufe0f\u20e3Level2\ufe0f\u20e3\n|\n|upkeep\n|\n|t:|1699594966\n|switch|p2a: Mimikyu|Mimikyu, F|100\/100\n|turn|81\n|\n|t:|1699594970\n|move|p2a: Mimikyu|Swords Dance|p2a: Mimikyu\n|-boost|p2a: Mimikyu|atk|2\n|move|p1a: Level2\ufe0f\u20e3Level2\ufe0f\u20e3|Toxic|p2a: Mimikyu|[miss]\n|-miss|p1a: Level2\ufe0f\u20e3Level2\ufe0f\u20e3|p2a: Mimikyu\n|\n|upkeep\n|turn|82\n|\n|t:|1699594978\n|move|p2a: Mimikyu|Shadow Sneak|p1a: Level2\ufe0f\u20e3Level2\ufe0f\u20e3\n|-damage|p1a: Level2\ufe0f\u20e3Level2\ufe0f\u20e3|0 fnt\n|faint|p1a: Level2\ufe0f\u20e3Level2\ufe0f\u20e3\n|-damage|p2a: Mimikyu|91\/100|[from] item: Life Orb\n|\n|upkeep\n|\n|t:|1699594982\n|switch|p1a: No Fun Allowed|Salazzle, F|100\/100\n|turn|83\n|\n|t:|1699594992\n|move|p1a: No Fun Allowed|Substitute|p1a: No Fun Allowed\n|-start|p1a: No Fun Allowed|Substitute\n|-damage|p1a: No Fun Allowed|76\/100\n|move|p2a: Mimikyu|Play Rough|p1a: No Fun Allowed\n|-resisted|p1a: No Fun Allowed\n|-end|p1a: No Fun Allowed|Substitute\n|-damage|p2a: Mimikyu|81\/100|[from] item: Life Orb\n|\n|-heal|p1a: No Fun Allowed|82\/100|[from] item: Leftovers\n|upkeep\n|turn|84\n|\n|t:|1699594998\n|move|p1a: No Fun Allowed|Protect|p1a: No Fun Allowed\n|-singleturn|p1a: No Fun Allowed|Protect\n|move|p2a: Mimikyu|Shadow Sneak|p1a: No Fun Allowed\n|-activate|p1a: No Fun Allowed|move: Protect\n|\n|-heal|p1a: No Fun Allowed|88\/100|[from] item: Leftovers\n|upkeep\n|turn|85\n|\n|t:|1699595009\n|move|p2a: Mimikyu|Shadow Sneak|p1a: No Fun Allowed\n|-damage|p1a: No Fun Allowed|10\/100\n|-damage|p2a: Mimikyu|71\/100|[from] item: Life Orb\n|move|p1a: No Fun Allowed|Toxic|p2a: Mimikyu\n|-status|p2a: Mimikyu|tox\n|\n|-heal|p1a: No Fun Allowed|16\/100|[from] item: Leftovers\n|-damage|p2a: Mimikyu|65\/100 tox|[from] psn\n|upkeep\n|turn|86\n|\n|t:|1699595014\n|move|p1a: No Fun Allowed|Protect|p1a: No Fun Allowed\n|-singleturn|p1a: No Fun Allowed|Protect\n|move|p2a: Mimikyu|Swords Dance|p2a: Mimikyu\n|-boost|p2a: Mimikyu|atk|2\n|\n|-heal|p1a: No Fun Allowed|22\/100|[from] item: Leftovers\n|-damage|p2a: Mimikyu|53\/100 tox|[from] psn\n|upkeep\n|turn|87\n|\n|t:|1699595018\n|move|p1a: No Fun Allowed|Protect||[still]\n|-fail|p1a: No Fun Allowed\n|move|p2a: Mimikyu|Shadow Sneak|p1a: No Fun Allowed\n|-damage|p1a: No Fun Allowed|0 fnt\n|faint|p1a: No Fun Allowed\n|-damage|p2a: Mimikyu|43\/100 tox|[from] item: Life Orb\n|\n|-damage|p2a: Mimikyu|25\/100 tox|[from] psn\n|upkeep\n|\n|t:|1699595020\n|switch|p1a: Literally Level 1|Magnemite, L1|100\/100\n|turn|88\n|\n|t:|1699595024\n|move|p2a: Mimikyu|Taunt|p1a: Literally Level 1\n|-start|p1a: Literally Level 1|move: Taunt\n|cant|p1a: Literally Level 1|move: Taunt|Recycle\n|\n|-damage|p2a: Mimikyu|1\/100 tox|[from] psn\n|upkeep\n|turn|89\n|-message|TheQuobGobbler forfeited.\n|\n|win|ADCasey\n|raw|TheQuobGobbler's rating: 1168 &rarr; <strong>1151<\/strong><br \/>(-17 for losing)\n|raw|ADCasey's rating: 1283 &rarr; <strong>1300<\/strong><br \/>(+17 for winning)\n|l|\u2606TheQuobGobbler\n","uploadtime":1699595040,"views":19,"p1id":"thequobgobbler","p2id":"adcasey","formatid":"gen9nationaldex","rating":1151,"private":0,"password":""}