{"id":"gen9nationaldex-1994871193","p1":"AlastorTheOverlord","p2":"videorelaxant777","format":"[Gen 9] National Dex","log":"|html|<div class=\"broadcast-blue\"><strong>[Gen 9] National Dex is currently suspecting Sneasler! For information on how to participate check out the <a href=\"https:\/\/www.smogon.com\/forums\/threads\/sv-national-dex-suspect-8-just-dance.3731534\/\">suspect thread<\/a>.<\/strong><\/div>\n|j|\u2606AlastorTheOverlord\n|j|\u203dvideorelaxant777\n|t:|1700500400\n|gametype|singles\n|player|p1|AlastorTheOverlord|n|1107\n|player|p2|videorelaxant777|acerola|1119\n|teamsize|p1|6\n|teamsize|p2|6\n|gen|9\n|tier|[Gen 9] National Dex\n|rated|\n|rule|HP Percentage Mod: HP is shown in percentages\n|rule|Endless Battle Clause: Forcing endless battles is banned\n|rule|OHKO Clause: OHKO moves are banned\n|rule|Evasion Clause: Evasion abilities, items, and moves are banned\n|rule|Evasion Abilities Clause: Evasion abilities are banned\n|rule|Evasion Items Clause: Evasion items are banned\n|rule|Evasion Moves Clause: Evasion moves are banned\n|rule|Species Clause: Limit one of each Pok\u00e9mon\n|rule|Sleep Clause Mod: Limit one foe put to sleep\n|clearpoke\n|poke|p1|Greninja-*, M|\n|poke|p1|Garchomp, M|\n|poke|p1|Chandelure, M|\n|poke|p1|Azumarill, M|\n|poke|p1|Aegislash, M|\n|poke|p1|Talonflame, M|\n|poke|p2|Pelipper, M|\n|poke|p2|Swampert, F|\n|poke|p2|Alomomola, M|\n|poke|p2|Greninja-*, F|\n|poke|p2|Urshifu-*, F|\n|poke|p2|Gliscor, F|\n|teampreview\n|inactive|Battle timer is ON: inactive players will automatically lose when time's up. (requested by AlastorTheOverlord)\n|\n|t:|1700500412\n|start\n|switch|p1a: Garchomp|Garchomp, M|100\/100\n|switch|p2a: Pelipper|Pelipper, M|100\/100\n|-weather|RainDance|[from] ability: Drizzle|[of] p2a: Pelipper\n|turn|1\n|inactive|videorelaxant777 has 120 seconds left.\n|\n|t:|1700500449\n|move|p1a: Garchomp|Swords Dance|p1a: Garchomp\n|-boost|p1a: Garchomp|atk|2\n|move|p2a: Pelipper|Ice Beam|p1a: Garchomp\n|-supereffective|p1a: Garchomp\n|-damage|p1a: Garchomp|18\/100\n|-status|p1a: Garchomp|frz\n|\n|-weather|RainDance|[upkeep]\n|upkeep\n|turn|2\n|\n|t:|1700500460\n|cant|p1a: Garchomp|frz\n|move|p2a: Pelipper|Tailwind|p2a: Pelipper\n|-sidestart|p2: videorelaxant777|move: Tailwind\n|\n|-weather|RainDance|[upkeep]\n|upkeep\n|turn|3\n|\n|t:|1700500465\n|switch|p2a: Swampert|Swampert, F, shiny|100\/100\n|cant|p1a: Garchomp|frz\n|\n|-weather|RainDance|[upkeep]\n|upkeep\n|turn|4\n|\n|t:|1700500470\n|cant|p1a: Garchomp|frz\n|move|p2a: Swampert|Bulk Up|p2a: Swampert\n|-boost|p2a: Swampert|atk|1\n|-boost|p2a: Swampert|def|1\n|\n|-weather|RainDance|[upkeep]\n|upkeep\n|turn|5\n|\n|t:|1700500479\n|detailschange|p1a: Garchomp|Garchomp-Mega, M\n|-mega|p1a: Garchomp|Garchomp|Garchompite\n|move|p2a: Swampert|Bulk Up|p2a: Swampert\n|-boost|p2a: Swampert|atk|1\n|-boost|p2a: Swampert|def|1\n|cant|p1a: Garchomp|frz\n|\n|-weather|RainDance|[upkeep]\n|-sideend|p2: videorelaxant777|move: Tailwind\n|upkeep\n|turn|6\n|\n|t:|1700500492\n|detailschange|p2a: Swampert|Swampert-Mega, F, shiny\n|-mega|p2a: Swampert|Swampert|Swampertite\n|move|p2a: Swampert|Ice Punch|p1a: Garchomp\n|-supereffective|p1a: Garchomp\n|-damage|p1a: Garchomp|0 fnt\n|faint|p1a: Garchomp\n|\n|-weather|RainDance|[upkeep]\n|upkeep\n|\n|t:|1700500504\n|switch|p1a: Chandelure|Chandelure, M|100\/100\n|turn|7\n|\n|t:|1700500509\n|move|p1a: Chandelure|Energy Ball|p2a: Swampert\n|-supereffective|p2a: Swampert\n|-damage|p2a: Swampert|0 fnt\n|faint|p2a: Swampert\n|\n|-weather|RainDance|[upkeep]\n|upkeep\n|\n|t:|1700500525\n|switch|p2a: Urshifu|Urshifu-Rapid-Strike, F|100\/100\n|turn|8\n|\n|t:|1700500532\n|move|p1a: Chandelure|Energy Ball|p2a: Urshifu\n|-supereffective|p2a: Urshifu\n|-damage|p2a: Urshifu|3\/100\n|move|p2a: Urshifu|Surging Strikes|p1a: Chandelure\n|-supereffective|p1a: Chandelure\n|-crit|p1a: Chandelure\n|-damage|p1a: Chandelure|0 fnt\n|faint|p1a: Chandelure\n|-hitcount|p1: Chandelure|1\n|\n|-weather|none\n|upkeep\n|\n|t:|1700500538\n|switch|p1a: Azumarill|Azumarill, M|100\/100\n|turn|9\n|\n|t:|1700500544\n|switch|p2a: Alomomola|Alomomola, M, shiny|100\/100\n|move|p1a: Azumarill|Aqua Jet|p2a: Alomomola\n|-resisted|p2a: Alomomola\n|-damage|p2a: Alomomola|94\/100\n|\n|-heal|p2a: Alomomola|99\/100|[from] item: Leftovers\n|upkeep\n|turn|10\n|inactive|videorelaxant777 has 120 seconds left.\n|\n|t:|1700500588\n|switch|p1a: Aegislash|Aegislash, M|100\/100\n|move|p2a: Alomomola|Scald|p1a: Aegislash\n|-damage|p1a: Aegislash|90\/100\n|\n|-heal|p2a: Alomomola|100\/100|[from] item: Leftovers\n|-heal|p1a: Aegislash|96\/100|[from] item: Leftovers\n|upkeep\n|turn|11\n|\n|t:|1700500596\n|move|p2a: Alomomola|Rain Dance|p2a: Alomomola\n|-weather|RainDance\n|move|p1a: Aegislash|Swords Dance|p1a: Aegislash\n|-boost|p1a: Aegislash|atk|2\n|\n|-weather|RainDance|[upkeep]\n|-heal|p1a: Aegislash|100\/100|[from] item: Leftovers\n|upkeep\n|turn|12\n|inactive|videorelaxant777 has 120 seconds left.\n|\n|t:|1700500602\n|move|p2a: Alomomola|Scald|p1a: Aegislash\n|-damage|p1a: Aegislash|83\/100\n|-status|p1a: Aegislash|brn\n|move|p1a: Aegislash|Swords Dance|p1a: Aegislash\n|-boost|p1a: Aegislash|atk|2\n|\n|-weather|RainDance|[upkeep]\n|-heal|p1a: Aegislash|89\/100 brn|[from] item: Leftovers\n|-damage|p1a: Aegislash|83\/100 brn|[from] brn\n|upkeep\n|turn|13\n|\n|t:|1700500609\n|-formechange|p1a: Aegislash|Aegislash-Blade||[from] ability: Stance Change\n|move|p1a: Aegislash|Shadow Sneak|p2a: Alomomola\n|-damage|p2a: Alomomola|78\/100\n|move|p2a: Alomomola|Rest|p2a: Alomomola\n|-status|p2a: Alomomola|slp|[from] move: Rest\n|-heal|p2a: Alomomola|100\/100 slp|[silent]\n|\n|-weather|RainDance|[upkeep]\n|-activate|p2a: Alomomola|ability: Hydration\n|-curestatus|p2a: Alomomola|slp|[msg]\n|-heal|p1a: Aegislash|89\/100 brn|[from] item: Leftovers\n|-damage|p1a: Aegislash|83\/100 brn|[from] brn\n|upkeep\n|turn|14\n|\n|t:|1700500618\n|move|p2a: Alomomola|Wish|p2a: Alomomola\n|move|p1a: Aegislash|Swords Dance|p1a: Aegislash\n|-boost|p1a: Aegislash|atk|2\n|\n|-weather|RainDance|[upkeep]\n|-heal|p1a: Aegislash|89\/100 brn|[from] item: Leftovers\n|-damage|p1a: Aegislash|83\/100 brn|[from] brn\n|upkeep\n|turn|15\n|\n|t:|1700500628\n|move|p1a: Aegislash|Shadow Sneak|p2a: Alomomola\n|-damage|p2a: Alomomola|72\/100\n|move|p2a: Alomomola|Scald|p1a: Aegislash\n|-damage|p1a: Aegislash|47\/100 brn\n|\n|-weather|none\n|-heal|p2a: Alomomola|100\/100|[from] move: Wish|[wisher] Alomomola\n|-heal|p1a: Aegislash|53\/100 brn|[from] item: Leftovers\n|-damage|p1a: Aegislash|47\/100 brn|[from] brn\n|upkeep\n|turn|16\n|\n|t:|1700500638\n|move|p2a: Alomomola|Scald|p1a: Aegislash\n|-damage|p1a: Aegislash|23\/100 brn\n|move|p1a: Aegislash|Iron Head|p2a: Alomomola\n|-resisted|p2a: Alomomola\n|-damage|p2a: Alomomola|73\/100\n|\n|-heal|p2a: Alomomola|80\/100|[from] item: Leftovers\n|-heal|p1a: Aegislash|30\/100 brn|[from] item: Leftovers\n|-damage|p1a: Aegislash|23\/100 brn|[from] brn\n|upkeep\n|turn|17\n|\n|t:|1700500647\n|move|p2a: Alomomola|Rain Dance|p2a: Alomomola\n|-weather|RainDance\n|move|p1a: Aegislash|Sacred Sword|p2a: Alomomola\n|-crit|p2a: Alomomola\n|-damage|p2a: Alomomola|15\/100\n|\n|-weather|RainDance|[upkeep]\n|-heal|p2a: Alomomola|21\/100|[from] item: Leftovers\n|-heal|p1a: Aegislash|30\/100 brn|[from] item: Leftovers\n|-damage|p1a: Aegislash|23\/100 brn|[from] brn\n|upkeep\n|turn|18\n|\n|t:|1700500658\n|move|p1a: Aegislash|Shadow Sneak|p2a: Alomomola\n|-damage|p2a: Alomomola|0 fnt\n|faint|p2a: Alomomola\n|\n|-weather|RainDance|[upkeep]\n|-heal|p1a: Aegislash|30\/100 brn|[from] item: Leftovers\n|-damage|p1a: Aegislash|23\/100 brn|[from] brn\n|upkeep\n|\n|t:|1700500663\n|switch|p2a: Urshifu|Urshifu-Rapid-Strike, F|3\/100\n|turn|19\n|\n|t:|1700500689\n|switch|p2a: Gliscor|Gliscor, F|100\/100\n|move|p1a: Aegislash|Shadow Sneak|p2a: Gliscor\n|-damage|p2a: Gliscor|69\/100\n|\n|-weather|RainDance|[upkeep]\n|-heal|p1a: Aegislash|30\/100 brn|[from] item: Leftovers\n|-damage|p1a: Aegislash|23\/100 brn|[from] brn\n|-status|p2a: Gliscor|tox|[from] item: Toxic Orb\n|upkeep\n|turn|20\n|\n|t:|1700500699\n|move|p2a: Gliscor|Stealth Rock|p1a: Aegislash\n|-sidestart|p1: AlastorTheOverlord|move: Stealth Rock\n|move|p1a: Aegislash|Iron Head|p2a: Gliscor\n|-damage|p2a: Gliscor|4\/100 tox\n|\n|-weather|RainDance|[upkeep]\n|-heal|p1a: Aegislash|30\/100 brn|[from] item: Leftovers\n|-heal|p2a: Gliscor|17\/100 tox|[from] ability: Poison Heal\n|-damage|p1a: Aegislash|23\/100 brn|[from] brn\n|upkeep\n|turn|21\n|\n|t:|1700500703\n|move|p1a: Aegislash|Shadow Sneak|p2a: Gliscor\n|-damage|p2a: Gliscor|0 fnt\n|faint|p2a: Gliscor\n|\n|-weather|none\n|-heal|p1a: Aegislash|30\/100 brn|[from] item: Leftovers\n|-damage|p1a: Aegislash|23\/100 brn|[from] brn\n|upkeep\n|\n|t:|1700500711\n|switch|p2a: Pelipper|Pelipper, M|100\/100\n|-weather|RainDance|[from] ability: Drizzle|[of] p2a: Pelipper\n|turn|22\n|\n|t:|1700500718\n|move|p1a: Aegislash|Shadow Sneak|p2a: Pelipper\n|-damage|p2a: Pelipper|49\/100\n|move|p2a: Pelipper|Tailwind|p2a: Pelipper\n|-sidestart|p2: videorelaxant777|move: Tailwind\n|\n|-weather|RainDance|[upkeep]\n|-heal|p1a: Aegislash|30\/100 brn|[from] item: Leftovers\n|-damage|p1a: Aegislash|23\/100 brn|[from] brn\n|upkeep\n|turn|23\n|\n|t:|1700500722\n|move|p1a: Aegislash|Shadow Sneak|p2a: Pelipper\n|-damage|p2a: Pelipper|2\/100\n|move|p2a: Pelipper|Hurricane|p1a: Aegislash\n|-resisted|p1a: Aegislash\n|-damage|p1a: Aegislash|0 fnt\n|faint|p1a: Aegislash\n|\n|-weather|RainDance|[upkeep]\n|upkeep\n|\n|t:|1700500728\n|switch|p1a: Talonflame|Talonflame, M|100\/100\n|turn|24\n|\n|t:|1700500731\n|move|p1a: Talonflame|Defog|p2a: Pelipper\n|-unboost|p2a: Pelipper|evasion|1\n|-sideend|p1: AlastorTheOverlord|Stealth Rock|[from] move: Defog|[of] p1a: Talonflame\n|move|p2a: Pelipper|Ice Beam|p1a: Talonflame\n|-damage|p1a: Talonflame|68\/100\n|\n|-weather|RainDance|[upkeep]\n|upkeep\n|turn|25\n|\n|t:|1700500738\n|move|p1a: Talonflame|Brave Bird|p2a: Pelipper\n|-damage|p2a: Pelipper|0 fnt\n|faint|p2a: Pelipper\n|-damage|p1a: Talonflame|67\/100|[from] Recoil\n|\n|-weather|RainDance|[upkeep]\n|-sideend|p2: videorelaxant777|move: Tailwind\n|upkeep\n|\n|t:|1700500747\n|switch|p2a: Urshifu|Urshifu-Rapid-Strike, F|3\/100\n|turn|26\n|\n|t:|1700500751\n|move|p1a: Talonflame|U-turn|p2a: Urshifu\n|-resisted|p2a: Urshifu\n|-damage|p2a: Urshifu|0 fnt\n|faint|p2a: Urshifu\n|\n|t:|1700500757\n|switch|p1a: Azumarill|Azumarill, M|100\/100|[from] U-turn\n|\n|-weather|RainDance|[upkeep]\n|upkeep\n|\n|t:|1700500760\n|switch|p2a: Greninja|Greninja, F, shiny|100\/100\n|turn|27\n|\n|t:|1700500765\n|move|p2a: Greninja|Dark Pulse|p1a: Azumarill\n|-start|p2a: Greninja|typechange|Dark|[from] ability: Protean\n|-resisted|p1a: Azumarill\n|-damage|p1a: Azumarill|76\/100\n|-damage|p2a: Greninja|91\/100|[from] item: Life Orb\n|cant|p1a: Azumarill|flinch\n|\n|-weather|RainDance|[upkeep]\n|upkeep\n|turn|28\n|\n|t:|1700500773\n|move|p2a: Greninja|Dark Pulse|p1a: Azumarill\n|-resisted|p1a: Azumarill\n|-damage|p1a: Azumarill|53\/100\n|-damage|p2a: Greninja|81\/100|[from] item: Life Orb\n|move|p1a: Azumarill|Belly Drum|p1a: Azumarill\n|-damage|p1a: Azumarill|4\/100\n|-setboost|p1a: Azumarill|atk|6|[from] move: Belly Drum\n|-enditem|p1a: Azumarill|Sitrus Berry|[eat]\n|-heal|p1a: Azumarill|28\/100|[from] item: Sitrus Berry\n|\n|-weather|RainDance|[upkeep]\n|upkeep\n|turn|29\n|\n|t:|1700500780\n|move|p1a: Azumarill|Aqua Jet|p2a: Greninja\n|-damage|p2a: Greninja|0 fnt\n|faint|p2a: Greninja\n|\n|win|AlastorTheOverlord\n|raw|AlastorTheOverlord's rating: 1107 &rarr; <strong>1133<\/strong><br \/>(+26 for winning)\n|raw|videorelaxant777's rating: 1119 &rarr; <strong>1093<\/strong><br \/>(-26 for losing)\n|l|\u203dvideorelaxant777\n","uploadtime":1700500790,"views":8,"p1id":"alastortheoverlord","p2id":"videorelaxant777","formatid":"gen9nationaldex","rating":1093,"private":0,"password":""}