{"id":"gen9nationaldex-1993178213","p1":"zkayani","p2":"ItsPookinTime","format":"[Gen 9] National Dex","log":"|j|\u2606zkayani\n|j|\u2606ItsPookinTime\n|t:|1700274353\n|gametype|singles\n|player|p1|zkayani|265|\n|player|p2|ItsPookinTime|byron|\n|teamsize|p1|6\n|teamsize|p2|6\n|gen|9\n|tier|[Gen 9] National Dex\n|rule|HP Percentage Mod: HP is shown in percentages\n|rule|Endless Battle Clause: Forcing endless battles is banned\n|rule|OHKO Clause: OHKO moves are banned\n|rule|Evasion Clause: Evasion abilities, items, and moves are banned\n|rule|Evasion Abilities Clause: Evasion abilities are banned\n|rule|Evasion Items Clause: Evasion items are banned\n|rule|Evasion Moves Clause: Evasion moves are banned\n|rule|Species Clause: Limit one of each Pok\u00e9mon\n|rule|Sleep Clause Mod: Limit one foe put to sleep\n|clearpoke\n|poke|p1|Aerodactyl, M|\n|poke|p1|Mantine, M|\n|poke|p1|Donphan, F|\n|poke|p1|Kadabra, M|\n|poke|p1|Gallade, M|\n|poke|p1|Persian-Alola, F|\n|poke|p2|Serperior, M|\n|poke|p2|Braviary-Hisui, M|\n|poke|p2|Kingdra, M|\n|poke|p2|Obstagoon, F|\n|poke|p2|Copperajah, F|\n|poke|p2|Electrode-Hisui|\n|teampreview\n|\n|t:|1700274362\n|start\n|switch|p1a: Aerodactyl|Aerodactyl, M|100\/100\n|switch|p2a: Kingdra|Kingdra, M|100\/100\n|turn|1\n|\n|t:|1700274410\n|detailschange|p1a: Aerodactyl|Aerodactyl-Mega, M\n|-mega|p1a: Aerodactyl|Aerodactyl|Aerodactylite\n|move|p1a: Aerodactyl|Dual Wingbeat|p2a: Kingdra\n|-damage|p2a: Kingdra|70\/100\n|-damage|p2a: Kingdra|41\/100\n|-hitcount|p2a: Kingdra|2\n|move|p2a: Kingdra|Ice Beam|p1a: Aerodactyl\n|-supereffective|p1a: Aerodactyl\n|-damage|p1a: Aerodactyl|60\/100\n|\n|-heal|p2a: Kingdra|47\/100|[from] item: Leftovers\n|upkeep\n|turn|2\n|\n|t:|1700274424\n|switch|p2a: Copperajah|Copperajah, F|100\/100\n|move|p1a: Aerodactyl|Stone Edge|p2a: Copperajah|[miss]\n|-miss|p1a: Aerodactyl|p2a: Copperajah\n|\n|upkeep\n|turn|3\n|\n|t:|1700274441\n|switch|p1a: Donphan|Donphan, F|100\/100\n|move|p2a: Copperajah|Heavy Slam|p1a: Donphan\n|-damage|p1a: Donphan|51\/100\n|\n|-heal|p1a: Donphan|58\/100|[from] item: Leftovers\n|upkeep\n|turn|4\n|\n|t:|1700274469\n|switch|p2a: Braviary|Braviary-Hisui, M|100\/100\n|move|p1a: Donphan|Knock Off|p2a: Braviary\n|-supereffective|p2a: Braviary\n|-damage|p2a: Braviary|30\/100\n|-enditem|p2a: Braviary|Heavy-Duty Boots|[from] move: Knock Off|[of] p1a: Donphan\n|\n|-heal|p1a: Donphan|64\/100|[from] item: Leftovers\n|upkeep\n|turn|5\n|\n|t:|1700274493\n|switch|p1a: Aerodactyl|Aerodactyl-Mega, M|60\/100\n|move|p2a: Braviary|Esper Wing|p1a: Aerodactyl\n|-damage|p1a: Aerodactyl|13\/100\n|-boost|p2a: Braviary|spe|1\n|\n|upkeep\n|turn|6\n|\n|t:|1700274501\n|move|p1a: Aerodactyl|Stone Edge|p2a: Braviary\n|-supereffective|p2a: Braviary\n|-damage|p2a: Braviary|0 fnt\n|faint|p2a: Braviary\n|\n|upkeep\n|\n|t:|1700274511\n|switch|p2a: Electrode|Electrode-Hisui|100\/100\n|turn|7\n|\n|t:|1700274515\n|move|p2a: Electrode|Volt Switch|p1a: Aerodactyl\n|-supereffective|p1a: Aerodactyl\n|-damage|p1a: Aerodactyl|0 fnt\n|faint|p1a: Aerodactyl\n|\n|t:|1700274521\n|switch|p2a: Serperior|Serperior, M|100\/100|[from] Volt Switch\n|\n|upkeep\n|\n|t:|1700274536\n|switch|p1a: Gallade|Gallade, M|100\/100\n|turn|8\n|\n|t:|1700274542\n|move|p2a: Serperior|Leaf Storm|p1a: Gallade\n|-damage|p1a: Gallade|51\/100\n|-boost|p2a: Serperior|spa|2\n|move|p1a: Gallade|Sacred Sword|p2a: Serperior\n|-damage|p2a: Serperior|10\/100\n|\n|upkeep\n|turn|9\n|\n|t:|1700274559\n|switch|p1a: Persian|Persian-Alola, F|100\/100\n|move|p2a: Serperior|Leaf Storm|p1a: Persian\n|-damage|p1a: Persian|0 fnt\n|-boost|p2a: Serperior|spa|2\n|faint|p1a: Persian\n|\n|upkeep\n|\n|t:|1700274580\n|switch|p1a: Mantine|Mantine, M|100\/100\n|turn|10\n|\n|t:|1700274584\n|move|p2a: Serperior|Leaf Storm|p1a: Mantine\n|-damage|p1a: Mantine|0 fnt\n|-boost|p2a: Serperior|spa|2\n|faint|p1a: Mantine\n|\n|upkeep\n|\n|t:|1700274606\n|switch|p1a: Gallade|Gallade, M|51\/100\n|turn|11\n|\n|t:|1700274617\n|move|p2a: Serperior|Leaf Storm|p1a: Gallade\n|-damage|p1a: Gallade|0 fnt\n|faint|p1a: Gallade\n|\n|upkeep\n|\n|t:|1700274623\n|switch|p1a: Kadabra|Kadabra, M|100\/100\n|turn|12\n|\n|t:|1700274628\n|move|p2a: Serperior|Leaf Storm|p1a: Kadabra\n|-enditem|p1a: Kadabra|Focus Sash\n|-damage|p1a: Kadabra|1\/100\n|move|p1a: Kadabra|Dazzling Gleam|p2a: Serperior\n|-damage|p2a: Serperior|0 fnt\n|faint|p2a: Serperior\n|\n|upkeep\n|\n|t:|1700274636\n|switch|p2a: Electrode|Electrode-Hisui|100\/100\n|turn|13\n|\n|t:|1700274647\n|move|p2a: Electrode|Explosion|p1a: Kadabra\n|-damage|p1a: Kadabra|0 fnt\n|faint|p2a: Electrode\n|faint|p1a: Kadabra\n|\n|upkeep\n|\n|t:|1700274654\n|switch|p2a: Kingdra|Kingdra, M|47\/100\n|switch|p1a: Donphan|Donphan, F|64\/100\n|turn|14\n|\n|t:|1700274660\n|move|p2a: Kingdra|Ice Beam|p1a: Donphan\n|-supereffective|p1a: Donphan\n|-damage|p1a: Donphan|13\/100\n|move|p1a: Donphan|Earthquake|p2a: Kingdra\n|-damage|p2a: Kingdra|0 fnt\n|faint|p2a: Kingdra\n|\n|-heal|p1a: Donphan|19\/100|[from] item: Leftovers\n|upkeep\n|\n|t:|1700274668\n|switch|p2a: Copperajah|Copperajah, F|100\/100\n|turn|15\n|\n|t:|1700274672\n|move|p1a: Donphan|Earthquake|p2a: Copperajah\n|-supereffective|p2a: Copperajah\n|-damage|p2a: Copperajah|0 fnt\n|faint|p2a: Copperajah\n|\n|-heal|p1a: Donphan|25\/100|[from] item: Leftovers\n|upkeep\n|\n|t:|1700274677\n|switch|p2a: Obstagoon|Obstagoon, F|100\/100\n|turn|16\n|\n|t:|1700274684\n|move|p2a: Obstagoon|Facade|p1a: Donphan\n|-damage|p1a: Donphan|3\/100\n|move|p1a: Donphan|Earthquake|p2a: Obstagoon\n|-damage|p2a: Obstagoon|48\/100\n|\n|-heal|p1a: Donphan|9\/100|[from] item: Leftovers\n|-status|p2a: Obstagoon|brn|[from] item: Flame Orb\n|upkeep\n|turn|17\n|\n|t:|1700274692\n|move|p2a: Obstagoon|Facade|p1a: Donphan\n|-damage|p1a: Donphan|0 fnt\n|faint|p1a: Donphan\n|\n|win|ItsPookinTime\n","uploadtime":1700274699,"views":19,"p1id":"zkayani","p2id":"itspookintime","formatid":"gen9nationaldex","rating":0,"private":0,"password":""}