{"id":"gen9nationaldex-1993496806","p1":"AerBlaziken","p2":"Perpetinal","format":"[Gen 9] National Dex","log":"|j|\u2606AerBlaziken\n|j|\u2606Perpetinal\n|t:|1700324856\n|gametype|singles\n|player|p1|AerBlaziken|hexmaniac-gen6|1299\n|player|p2|Perpetinal|101|1222\n|teamsize|p1|6\n|teamsize|p2|6\n|gen|9\n|tier|[Gen 9] National Dex\n|rated|\n|rule|HP Percentage Mod: HP is shown in percentages\n|rule|Endless Battle Clause: Forcing endless battles is banned\n|rule|OHKO Clause: OHKO moves are banned\n|rule|Evasion Clause: Evasion abilities, items, and moves are banned\n|rule|Evasion Abilities Clause: Evasion abilities are banned\n|rule|Evasion Items Clause: Evasion items are banned\n|rule|Evasion Moves Clause: Evasion moves are banned\n|rule|Species Clause: Limit one of each Pok\u00e9mon\n|rule|Sleep Clause Mod: Limit one foe put to sleep\n|clearpoke\n|poke|p1|Wo-Chien|\n|poke|p1|Porygon-Z|\n|poke|p1|Rhydon, M|\n|poke|p1|Scizor, M|\n|poke|p1|Dusknoir, M|\n|poke|p1|Zoroark-Hisui, M|\n|poke|p2|Swampert, M|\n|poke|p2|Pelipper, F|\n|poke|p2|Clefable, F|\n|poke|p2|Ferrothorn, F|\n|poke|p2|Grimmsnarl, M|\n|poke|p2|Poliwrath, M|\n|teampreview\n|\n|t:|1700324873\n|start\n|switch|p1a: Deez Nuts|Rhydon, M|100\/100\n|switch|p2a: Ferrothorn|Ferrothorn, F|100\/100\n|turn|1\n|c|\u2606AerBlaziken|bro why tf are sounds on i was listening to rob zombie\n|\n|t:|1700324903\n|move|p1a: Deez Nuts|Power-Up Punch|p2a: Ferrothorn\n|-supereffective|p2a: Ferrothorn\n|-damage|p2a: Ferrothorn|78\/100\n|-boost|p1a: Deez Nuts|atk|1\n|-damage|p1a: Deez Nuts|88\/100|[from] ability: Iron Barbs|[of] p2a: Ferrothorn\n|move|p2a: Ferrothorn|Stealth Rock|p1a: Deez Nuts\n|-sidestart|p1: AerBlaziken|move: Stealth Rock\n|\n|-heal|p2a: Ferrothorn|84\/100|[from] item: Leftovers\n|upkeep\n|turn|2\n|c|\u2606Perpetinal|Check in the top of the right\n|c|\u2606Perpetinal|Near your name\n|c|\u2606Perpetinal|You can mute the sounds\n|c|\u2606AerBlaziken|ty\n|\n|t:|1700324940\n|move|p1a: Deez Nuts|Power-Up Punch|p2a: Ferrothorn\n|-supereffective|p2a: Ferrothorn\n|-damage|p2a: Ferrothorn|50\/100\n|-boost|p1a: Deez Nuts|atk|1\n|-damage|p1a: Deez Nuts|75\/100|[from] ability: Iron Barbs|[of] p2a: Ferrothorn\n|move|p2a: Ferrothorn|Leech Seed|p1a: Deez Nuts\n|-start|p1a: Deez Nuts|move: Leech Seed\n|\n|-heal|p2a: Ferrothorn|56\/100|[from] item: Leftovers\n|-damage|p1a: Deez Nuts|63\/100|[from] Leech Seed|[of] p2a: Ferrothorn\n|-heal|p2a: Ferrothorn|69\/100|[silent]\n|upkeep\n|turn|3\n|c|\u2606Perpetinal|np\n|\n|t:|1700324956\n|switch|p2a: Grimmsnarl|Grimmsnarl, M|100\/100\n|move|p1a: Deez Nuts|Earthquake|p2a: Grimmsnarl\n|-damage|p2a: Grimmsnarl|1\/100\n|\n|-damage|p1a: Deez Nuts|50\/100|[from] Leech Seed|[of] p2a: Grimmsnarl\n|-heal|p2a: Grimmsnarl|12\/100|[silent]\n|upkeep\n|turn|4\n|\n|t:|1700324967\n|move|p2a: Grimmsnarl|Reflect|p2a: Grimmsnarl\n|-sidestart|p2: Perpetinal|Reflect\n|move|p1a: Deez Nuts|Power-Up Punch|p2a: Grimmsnarl\n|-damage|p2a: Grimmsnarl|0 fnt\n|-boost|p1a: Deez Nuts|atk|1\n|faint|p2a: Grimmsnarl\n|\n|upkeep\n|\n|t:|1700324973\n|switch|p2a: Pelipper|Pelipper, F, shiny|100\/100\n|-weather|RainDance|[from] ability: Drizzle|[of] p2a: Pelipper\n|turn|5\n|\n|t:|1700324982\n|move|p2a: Pelipper|Scald|p1a: Deez Nuts\n|-supereffective|p1a: Deez Nuts\n|-damage|p1a: Deez Nuts|0 fnt\n|faint|p1a: Deez Nuts\n|\n|-weather|RainDance|[upkeep]\n|upkeep\n|\n|t:|1700325002\n|switch|p1a: Hellraiser|Dusknoir, M|100\/100\n|-damage|p1a: Hellraiser|88\/100|[from] Stealth Rock\n|-ability|p1a: Hellraiser|Pressure\n|turn|6\n|\n|t:|1700325017\n|switch|p2a: Ferrothorn|Ferrothorn, F|69\/100\n|move|p1a: Hellraiser|Shadow Sneak|p2a: Ferrothorn\n|-damage|p2a: Ferrothorn|61\/100\n|-damage|p1a: Hellraiser|76\/100|[from] ability: Iron Barbs|[of] p2a: Ferrothorn\n|\n|-weather|RainDance|[upkeep]\n|-heal|p2a: Ferrothorn|67\/100|[from] item: Leftovers\n|upkeep\n|turn|7\n|\n|t:|1700325031\n|move|p1a: Hellraiser|Pain Split|p2a: Ferrothorn\n|-sethp|p2a: Ferrothorn|65\/100|[from] move: Pain Split|[silent]\n|-sethp|p1a: Hellraiser|78\/100|[from] move: Pain Split\n|move|p2a: Ferrothorn|Leech Seed|p1a: Hellraiser\n|-start|p1a: Hellraiser|move: Leech Seed\n|\n|-weather|RainDance|[upkeep]\n|-heal|p2a: Ferrothorn|72\/100|[from] item: Leftovers\n|-damage|p1a: Hellraiser|66\/100|[from] Leech Seed|[of] p2a: Ferrothorn\n|-heal|p2a: Ferrothorn|82\/100|[silent]\n|upkeep\n|turn|8\n|\n|t:|1700325042\n|move|p1a: Hellraiser|Shadow Sneak|p2a: Ferrothorn\n|-damage|p2a: Ferrothorn|73\/100\n|-damage|p1a: Hellraiser|54\/100|[from] ability: Iron Barbs|[of] p2a: Ferrothorn\n|move|p2a: Ferrothorn|Knock Off|p1a: Hellraiser\n|-supereffective|p1a: Hellraiser\n|-damage|p1a: Hellraiser|19\/100\n|-enditem|p1a: Hellraiser|Spooky Plate|[from] move: Knock Off|[of] p2a: Ferrothorn\n|\n|-weather|RainDance|[upkeep]\n|-heal|p2a: Ferrothorn|79\/100|[from] item: Leftovers\n|-damage|p1a: Hellraiser|7\/100|[from] Leech Seed|[of] p2a: Ferrothorn\n|-heal|p2a: Ferrothorn|90\/100|[silent]\n|upkeep\n|turn|9\n|\n|t:|1700325065\n|move|p1a: Hellraiser|Pain Split|p2a: Ferrothorn\n|-sethp|p2a: Ferrothorn|48\/100|[from] move: Pain Split|[silent]\n|-sethp|p1a: Hellraiser|57\/100|[from] move: Pain Split\n|move|p2a: Ferrothorn|Knock Off|p1a: Hellraiser\n|-supereffective|p1a: Hellraiser\n|-damage|p1a: Hellraiser|32\/100\n|\n|-weather|RainDance|[upkeep]\n|-heal|p2a: Ferrothorn|54\/100|[from] item: Leftovers\n|-damage|p1a: Hellraiser|20\/100|[from] Leech Seed|[of] p2a: Ferrothorn\n|-heal|p2a: Ferrothorn|64\/100|[silent]\n|upkeep\n|turn|10\n|\n|t:|1700325075\n|move|p1a: Hellraiser|Disable|p2a: Ferrothorn\n|-start|p2a: Ferrothorn|Disable|Knock Off\n|move|p2a: Ferrothorn|Thunder Wave|p1a: Hellraiser\n|-status|p1a: Hellraiser|par\n|\n|-weather|RainDance|[upkeep]\n|-heal|p2a: Ferrothorn|70\/100|[from] item: Leftovers\n|-damage|p1a: Hellraiser|8\/100 par|[from] Leech Seed|[of] p2a: Ferrothorn\n|-heal|p2a: Ferrothorn|81\/100|[silent]\n|upkeep\n|turn|11\n|\n|t:|1700325092\n|move|p2a: Ferrothorn|Leech Seed||[still]\n|-fail|p2a: Ferrothorn\n|cant|p1a: Hellraiser|par\n|\n|-weather|RainDance|[upkeep]\n|-heal|p2a: Ferrothorn|87\/100|[from] item: Leftovers\n|-damage|p1a: Hellraiser|0 fnt|[from] Leech Seed|[of] p2a: Ferrothorn\n|-heal|p2a: Ferrothorn|93\/100|[silent]\n|faint|p1a: Hellraiser\n|-sideend|p2: Perpetinal|Reflect\n|upkeep\n|\n|t:|1700325106\n|switch|p1a: #FreePorygon|Porygon-Z, shiny|100\/100\n|-damage|p1a: #FreePorygon|88\/100|[from] Stealth Rock\n|turn|12\n|\n|t:|1700325116\n|switch|p2a: Poliwrath|Poliwrath, M|100\/100\n|move|p1a: #FreePorygon|Flamethrower|p2a: Poliwrath\n|-resisted|p2a: Poliwrath\n|-damage|p2a: Poliwrath|90\/100\n|-damage|p1a: #FreePorygon|78\/100|[from] item: Life Orb\n|\n|-weather|none\n|-heal|p2a: Poliwrath|96\/100|[from] item: Leftovers\n|upkeep\n|turn|13\n|\n|t:|1700325137\n|move|p1a: #FreePorygon|Hyper Voice|p2a: Poliwrath\n|-damage|p2a: Poliwrath|35\/100\n|-damage|p1a: #FreePorygon|68\/100|[from] item: Life Orb\n|move|p2a: Poliwrath|Bulk Up|p2a: Poliwrath\n|-boost|p2a: Poliwrath|atk|1\n|-boost|p2a: Poliwrath|def|1\n|\n|-heal|p2a: Poliwrath|42\/100|[from] item: Leftovers\n|upkeep\n|turn|14\n|\n|t:|1700325150\n|switch|p2a: Clefable|Clefable, F|100\/100\n|move|p1a: #FreePorygon|Hyper Voice|p2a: Clefable\n|-crit|p2a: Clefable\n|-damage|p2a: Clefable|14\/100\n|-damage|p1a: #FreePorygon|58\/100|[from] item: Life Orb\n|\n|-heal|p2a: Clefable|21\/100|[from] item: Leftovers\n|upkeep\n|turn|15\n|\n|t:|1700325163\n|switch|p2a: Pelipper|Pelipper, F, shiny|100\/100\n|-weather|RainDance|[from] ability: Drizzle|[of] p2a: Pelipper\n|move|p1a: #FreePorygon|Hyper Voice|p2a: Pelipper\n|-damage|p2a: Pelipper|12\/100\n|-damage|p1a: #FreePorygon|49\/100|[from] item: Life Orb\n|\n|-weather|RainDance|[upkeep]\n|upkeep\n|turn|16\n|\n|t:|1700325181\n|switch|p2a: Clefable|Clefable, F|21\/100\n|move|p1a: #FreePorygon|Hyper Voice|p2a: Clefable\n|-damage|p2a: Clefable|0 fnt\n|faint|p2a: Clefable\n|-damage|p1a: #FreePorygon|39\/100|[from] item: Life Orb\n|\n|-weather|RainDance|[upkeep]\n|upkeep\n|\n|t:|1700325191\n|switch|p2a: Swampert|Swampert, M, shiny|100\/100\n|turn|17\n|\n|t:|1700325197\n|detailschange|p2a: Swampert|Swampert-Mega, M, shiny\n|-mega|p2a: Swampert|Swampert|Swampertite\n|move|p2a: Swampert|Waterfall|p1a: #FreePorygon\n|-damage|p1a: #FreePorygon|0 fnt\n|replace|p1a: Okami|Zoroark-Hisui, M, shiny\n|-end|p1a: Okami|Illusion\n|faint|p1a: Okami\n|\n|-weather|RainDance|[upkeep]\n|upkeep\n|\n|t:|1700325204\n|switch|p1a: LiveSlugReaction|Wo-Chien|100\/100\n|-damage|p1a: LiveSlugReaction|88\/100|[from] Stealth Rock\n|-ability|p1a: LiveSlugReaction|Tablets of Ruin\n|turn|18\n|\n|t:|1700325213\n|switch|p2a: Ferrothorn|Ferrothorn, F|93\/100\n|move|p1a: LiveSlugReaction|Ruination|p2a: Ferrothorn\n|-damage|p2a: Ferrothorn|47\/100\n|\n|-weather|RainDance|[upkeep]\n|-heal|p2a: Ferrothorn|53\/100|[from] item: Leftovers\n|upkeep\n|turn|19\n|\n|t:|1700325221\n|move|p1a: LiveSlugReaction|Ruination|p2a: Ferrothorn\n|-damage|p2a: Ferrothorn|27\/100\n|move|p2a: Ferrothorn|Thunder Wave|p1a: LiveSlugReaction\n|-status|p1a: LiveSlugReaction|par\n|\n|-weather|RainDance|[upkeep]\n|-heal|p2a: Ferrothorn|33\/100|[from] item: Leftovers\n|upkeep\n|turn|20\n|\n|t:|1700325231\n|move|p1a: LiveSlugReaction|Ruination|p2a: Ferrothorn\n|-damage|p2a: Ferrothorn|17\/100\n|move|p2a: Ferrothorn|Knock Off|p1a: LiveSlugReaction\n|-resisted|p1a: LiveSlugReaction\n|-damage|p1a: LiveSlugReaction|82\/100 par\n|-enditem|p1a: LiveSlugReaction|Big Root|[from] move: Knock Off|[of] p2a: Ferrothorn\n|\n|-weather|RainDance|[upkeep]\n|-heal|p2a: Ferrothorn|23\/100|[from] item: Leftovers\n|upkeep\n|turn|21\n|\n|t:|1700325241\n|switch|p2a: Poliwrath|Poliwrath, M|42\/100\n|move|p1a: LiveSlugReaction|Giga Drain|p2a: Poliwrath\n|-supereffective|p2a: Poliwrath\n|-damage|p2a: Poliwrath|0 fnt\n|-heal|p1a: LiveSlugReaction|100\/100 par|[from] drain|[of] p2a: Poliwrath\n|faint|p2a: Poliwrath\n|\n|-weather|RainDance|[upkeep]\n|upkeep\n|\n|t:|1700325253\n|switch|p2a: Swampert|Swampert-Mega, M, shiny|100\/100\n|turn|22\n|\n|t:|1700325259\n|move|p2a: Swampert|Ice Punch|p1a: LiveSlugReaction\n|-supereffective|p1a: LiveSlugReaction\n|-damage|p1a: LiveSlugReaction|66\/100 par\n|move|p1a: LiveSlugReaction|Giga Drain|p2a: Swampert\n|-supereffective|p2a: Swampert\n|-damage|p2a: Swampert|0 fnt\n|-heal|p1a: LiveSlugReaction|100\/100 par|[from] drain|[of] p2a: Swampert\n|faint|p2a: Swampert\n|\n|-weather|none\n|upkeep\n|\n|t:|1700325269\n|switch|p2a: Pelipper|Pelipper, F, shiny|12\/100\n|-weather|RainDance|[from] ability: Drizzle|[of] p2a: Pelipper\n|turn|23\n|\n|t:|1700325273\n|move|p2a: Pelipper|Hurricane|p1a: LiveSlugReaction\n|-supereffective|p1a: LiveSlugReaction\n|-damage|p1a: LiveSlugReaction|51\/100 par\n|move|p1a: LiveSlugReaction|Giga Drain|p2a: Pelipper\n|-damage|p2a: Pelipper|0 fnt\n|-heal|p1a: LiveSlugReaction|56\/100 par|[from] drain|[of] p2a: Pelipper\n|faint|p2a: Pelipper\n|\n|-weather|RainDance|[upkeep]\n|upkeep\n|\n|t:|1700325282\n|switch|p2a: Ferrothorn|Ferrothorn, F|23\/100\n|turn|24\n|\n|t:|1700325287\n|cant|p1a: LiveSlugReaction|par\n|move|p2a: Ferrothorn|Knock Off|p1a: LiveSlugReaction\n|-resisted|p1a: LiveSlugReaction\n|-damage|p1a: LiveSlugReaction|52\/100 par\n|\n|-weather|RainDance|[upkeep]\n|-heal|p2a: Ferrothorn|29\/100|[from] item: Leftovers\n|upkeep\n|turn|25\n|-message|Perpetinal forfeited.\n|\n|win|AerBlaziken\n|raw|AerBlaziken's rating: 1299 &rarr; <strong>1319<\/strong><br \/>(+20 for winning)\n|raw|Perpetinal's rating: 1222 &rarr; <strong>1202<\/strong><br \/>(-20 for losing)\n|l|\u2606Perpetinal\n","uploadtime":1700325297,"views":16,"p1id":"aerblaziken","p2id":"perpetinal","formatid":"gen9nationaldex","rating":1202,"private":0,"password":""}