{"id":"gen9nationaldex-1987433666","p1":"immun!ty","p2":"Square K","format":"[Gen 9] National Dex","log":"|j|\u2606immun!ty\n|j|\u2606Square K\n|t:|1699590898\n|gametype|singles\n|player|p1|immun!ty|pokemonbreederf-gen4|1484\n|player|p2|Square K|chuck|1469\n|teamsize|p1|6\n|teamsize|p2|6\n|gen|9\n|tier|[Gen 9] National Dex\n|rated|\n|rule|HP Percentage Mod: HP is shown in percentages\n|rule|Endless Battle Clause: Forcing endless battles is banned\n|rule|OHKO Clause: OHKO moves are banned\n|rule|Evasion Clause: Evasion abilities, items, and moves are banned\n|rule|Evasion Abilities Clause: Evasion abilities are banned\n|rule|Evasion Items Clause: Evasion items are banned\n|rule|Evasion Moves Clause: Evasion moves are banned\n|rule|Species Clause: Limit one of each Pok\u00e9mon\n|rule|Sleep Clause Mod: Limit one foe put to sleep\n|clearpoke\n|poke|p1|Banette, F|\n|poke|p1|Alomomola, F|\n|poke|p1|Rotom-Heat|\n|poke|p1|Tapu Lele|\n|poke|p1|Ferrothorn, F|\n|poke|p1|Sneasler, F|\n|poke|p2|Landorus-Therian, M|\n|poke|p2|Heatran, F|\n|poke|p2|Clodsire, F|\n|poke|p2|Lopunny, F|\n|poke|p2|Urshifu-*, F|\n|poke|p2|Corviknight, F|\n|teampreview\n|inactive|Battle timer is ON: inactive players will automatically lose when time's up. (requested by immun!ty)\n|c|\u2606immun!ty|hf\n|c|\u2606immun!ty|tbh u have some huge threats to my team \ud83d\ude2d\n|\n|t:|1699590926\n|start\n|switch|p1a: Tapu Lele|Tapu Lele|100\/100\n|switch|p2a: \u95ea\u5149\u7684\u5f17\u83b1\u4ec0|Lopunny, F, shiny|100\/100\n|-fieldstart|move: Psychic Terrain|[from] ability: Psychic Surge|[of] p1a: Tapu Lele\n|turn|1\n|c|\u2606Square K|haha\n|\n|t:|1699590946\n|detailschange|p2a: \u95ea\u5149\u7684\u5f17\u83b1\u4ec0|Lopunny-Mega, F, shiny\n|-mega|p2a: \u95ea\u5149\u7684\u5f17\u83b1\u4ec0|Lopunny|Lopunnite\n|move|p2a: \u95ea\u5149\u7684\u5f17\u83b1\u4ec0|U-turn|p1a: Tapu Lele\n|-damage|p1a: Tapu Lele|57\/100\n|\n|t:|1699590953\n|switch|p2a: \u91d1\u5c5e\u9a91\u58eb|Heatran, F|100\/100|[from] U-turn\n|move|p1a: Tapu Lele|Psychic|p2a: \u91d1\u5c5e\u9a91\u58eb\n|-resisted|p2a: \u91d1\u5c5e\u9a91\u58eb\n|-damage|p2a: \u91d1\u5c5e\u9a91\u58eb|59\/100\n|\n|-heal|p2a: \u91d1\u5c5e\u9a91\u58eb|65\/100|[from] item: Leftovers\n|upkeep\n|turn|2\n|\n|t:|1699590963\n|switch|p1a: Rotom|Rotom-Heat, shiny|100\/100\n|-terastallize|p2a: \u91d1\u5c5e\u9a91\u58eb|Grass\n|move|p2a: \u91d1\u5c5e\u9a91\u58eb|Tera Blast|p1a: Rotom|[anim] Tera Blast Grass\n|-resisted|p1a: Rotom\n|-damage|p1a: Rotom|81\/100\n|\n|-heal|p2a: \u91d1\u5c5e\u9a91\u58eb|71\/100|[from] item: Leftovers\n|upkeep\n|turn|3\n|inactive|immun!ty has 120 seconds left.\n|\n|t:|1699590997\n|move|p2a: \u91d1\u5c5e\u9a91\u58eb|Protect|p2a: \u91d1\u5c5e\u9a91\u58eb\n|-singleturn|p2a: \u91d1\u5c5e\u9a91\u58eb|Protect\n|move|p1a: Rotom|Volt Switch|p2a: \u91d1\u5c5e\u9a91\u58eb\n|-activate|p2a: \u91d1\u5c5e\u9a91\u58eb|move: Protect\n|\n|-heal|p2a: \u91d1\u5c5e\u9a91\u58eb|77\/100|[from] item: Leftovers\n|upkeep\n|turn|4\n|\n|t:|1699591006\n|switch|p2a: \u732a\u795e|Clodsire, F|100\/100\n|move|p1a: Rotom|Volt Switch|p2a: \u732a\u795e\n|-immune|p2a: \u732a\u795e\n|\n|upkeep\n|turn|5\n|\n|t:|1699591016\n|switch|p1a: Tapu Lele|Tapu Lele|57\/100\n|move|p2a: \u732a\u795e|Yawn|p1a: Tapu Lele\n|-start|p1a: Tapu Lele|move: Yawn|[of] p2a: \u732a\u795e\n|\n|-fieldend|move: Psychic Terrain\n|upkeep\n|turn|6\n|\n|t:|1699591025\n|switch|p1a: Ferrothorn|Ferrothorn, F|100\/100\n|switch|p2a: \u95ea\u5149\u7684\u5f17\u83b1\u4ec0|Lopunny-Mega, F, shiny|100\/100\n|\n|upkeep\n|turn|7\n|\n|t:|1699591031\n|-terastallize|p1a: Ferrothorn|Flying\n|move|p2a: \u95ea\u5149\u7684\u5f17\u83b1\u4ec0|Close Combat|p1a: Ferrothorn\n|-resisted|p1a: Ferrothorn\n|-damage|p1a: Ferrothorn|82\/100\n|-unboost|p2a: \u95ea\u5149\u7684\u5f17\u83b1\u4ec0|def|1\n|-unboost|p2a: \u95ea\u5149\u7684\u5f17\u83b1\u4ec0|spd|1\n|-damage|p2a: \u95ea\u5149\u7684\u5f17\u83b1\u4ec0|88\/100|[from] ability: Iron Barbs|[of] p1a: Ferrothorn\n|move|p1a: Ferrothorn|Thunder Wave|p2a: \u95ea\u5149\u7684\u5f17\u83b1\u4ec0\n|-status|p2a: \u95ea\u5149\u7684\u5f17\u83b1\u4ec0|par\n|\n|-heal|p1a: Ferrothorn|88\/100|[from] item: Leftovers\n|upkeep\n|turn|8\n|\n|t:|1699591047\n|switch|p2a: king|Landorus-Therian, M|100\/100\n|-ability|p2a: king|Intimidate|boost\n|-unboost|p1a: Ferrothorn|atk|1\n|move|p1a: Ferrothorn|Stealth Rock|p2a: king\n|-sidestart|p2: Square K|move: Stealth Rock\n|\n|-heal|p1a: Ferrothorn|94\/100|[from] item: Leftovers\n|upkeep\n|turn|9\n|\n|t:|1699591053\n|-zpower|p2a: king\n|move|p2a: king|Continental Crush|p1a: Ferrothorn|[zeffect]\n|-supereffective|p1a: Ferrothorn\n|-damage|p1a: Ferrothorn|7\/100\n|move|p1a: Ferrothorn|Leech Seed|p2a: king\n|-start|p2a: king|move: Leech Seed\n|\n|-heal|p1a: Ferrothorn|13\/100|[from] item: Leftovers\n|-damage|p2a: king|88\/100|[from] Leech Seed|[of] p1a: Ferrothorn\n|-heal|p1a: Ferrothorn|26\/100|[silent]\n|upkeep\n|turn|10\n|\n|t:|1699591062\n|switch|p1a: Alomomola|Alomomola, F|100\/100\n|move|p2a: king|Stone Edge|p1a: Alomomola\n|-damage|p1a: Alomomola|77\/100\n|-enditem|p1a: Alomomola|Red Card|[of] p2a: king\n|drag|p2a: \u94f6\u8272\u7360\u7259|Urshifu-Rapid-Strike, F|100\/100\n|-damage|p2a: \u94f6\u8272\u7360\u7259|94\/100|[from] Stealth Rock\n|\n|upkeep\n|turn|11\n|\n|t:|1699591074\n|move|p2a: \u94f6\u8272\u7360\u7259|U-turn|p1a: Alomomola\n|-damage|p1a: Alomomola|62\/100\n|\n|t:|1699591085\n|switch|p2a: \u732a\u795e|Clodsire, F|100\/100|[from] U-turn\n|-damage|p2a: \u732a\u795e|94\/100|[from] Stealth Rock\n|move|p1a: Alomomola|Acrobatics|p2a: \u732a\u795e\n|-damage|p2a: \u732a\u795e|72\/100\n|\n|-heal|p2a: \u732a\u795e|78\/100|[from] item: Black Sludge\n|upkeep\n|turn|12\n|\n|t:|1699591093\n|move|p1a: Alomomola|Wish|p1a: Alomomola\n|move|p2a: \u732a\u795e|Yawn|p1a: Alomomola\n|-start|p1a: Alomomola|move: Yawn|[of] p2a: \u732a\u795e\n|\n|-heal|p2a: \u732a\u795e|85\/100|[from] item: Black Sludge\n|upkeep\n|turn|13\n|\n|t:|1699591100\n|switch|p1a: Ferrothorn|Ferrothorn, F, tera:Flying|26\/100\n|move|p2a: \u732a\u795e|Yawn|p1a: Ferrothorn\n|-start|p1a: Ferrothorn|move: Yawn|[of] p2a: \u732a\u795e\n|\n|-heal|p1a: Ferrothorn|93\/100|[from] move: Wish|[wisher] Alomomola\n|-heal|p1a: Ferrothorn|99\/100|[from] item: Leftovers\n|-heal|p2a: \u732a\u795e|91\/100|[from] item: Black Sludge\n|upkeep\n|turn|14\n|\n|t:|1699591108\n|switch|p1a: Alomomola|Alomomola, F|95\/100\n|move|p2a: \u732a\u795e|Protect||[still]\n|-fail|p2a: \u732a\u795e\n|\n|-heal|p2a: \u732a\u795e|97\/100|[from] item: Black Sludge\n|upkeep\n|turn|15\n|\n|t:|1699591117\n|move|p1a: Alomomola|Flip Turn|p2a: \u732a\u795e\n|-heal|p2a: \u732a\u795e|100\/100|[from] ability: Water Absorb|[of] p1a: Alomomola\n|move|p2a: \u732a\u795e|Earthquake|p1a: Alomomola\n|-damage|p1a: Alomomola|79\/100\n|\n|upkeep\n|turn|16\n|\n|t:|1699591125\n|move|p1a: Alomomola|Acrobatics|p2a: \u732a\u795e\n|-damage|p2a: \u732a\u795e|79\/100\n|move|p2a: \u732a\u795e|Yawn|p1a: Alomomola\n|-start|p1a: Alomomola|move: Yawn|[of] p2a: \u732a\u795e\n|\n|-heal|p2a: \u732a\u795e|85\/100|[from] item: Black Sludge\n|upkeep\n|turn|17\n|\n|t:|1699591134\n|switch|p1a: Rotom|Rotom-Heat, shiny|81\/100\n|switch|p2a: \u6b7b\u4ea1\u6539\u9020\u4eba|Corviknight, F|100\/100\n|-damage|p2a: \u6b7b\u4ea1\u6539\u9020\u4eba|88\/100|[from] Stealth Rock\n|\n|upkeep\n|turn|18\n|\n|t:|1699591140\n|switch|p2a: king|Landorus-Therian, M|88\/100\n|-damage|p2a: king|76\/100|[from] Stealth Rock\n|-ability|p2a: king|Intimidate|boost\n|-unboost|p1a: Rotom|atk|1\n|move|p1a: Rotom|Overheat|p2a: king\n|-damage|p2a: king|19\/100\n|-unboost|p1a: Rotom|spa|2\n|\n|upkeep\n|turn|19\n|\n|t:|1699591150\n|switch|p2a: \u91d1\u5c5e\u9a91\u58eb|Heatran, F, tera:Grass|77\/100\n|-damage|p2a: \u91d1\u5c5e\u9a91\u58eb|65\/100|[from] Stealth Rock\n|switch|p1a: Alomomola|Alomomola, F|100\/100\n|\n|-heal|p2a: \u91d1\u5c5e\u9a91\u58eb|71\/100|[from] item: Leftovers\n|upkeep\n|turn|20\n|\n|t:|1699591163\n|switch|p1a: Rotom|Rotom-Heat, shiny|81\/100\n|move|p2a: \u91d1\u5c5e\u9a91\u58eb|Tera Blast|p1a: Rotom|[anim] Tera Blast Grass\n|-resisted|p1a: Rotom\n|-damage|p1a: Rotom|59\/100\n|\n|-heal|p2a: \u91d1\u5c5e\u9a91\u58eb|77\/100|[from] item: Leftovers\n|upkeep\n|turn|21\n|\n|t:|1699591171\n|move|p2a: \u91d1\u5c5e\u9a91\u58eb|Protect|p2a: \u91d1\u5c5e\u9a91\u58eb\n|-singleturn|p2a: \u91d1\u5c5e\u9a91\u58eb|Protect\n|move|p1a: Rotom|Volt Switch|p2a: \u91d1\u5c5e\u9a91\u58eb\n|-activate|p2a: \u91d1\u5c5e\u9a91\u58eb|move: Protect\n|\n|-heal|p2a: \u91d1\u5c5e\u9a91\u58eb|84\/100|[from] item: Leftovers\n|upkeep\n|turn|22\n|\n|t:|1699591180\n|move|p1a: Rotom|Volt Switch|p2a: \u91d1\u5c5e\u9a91\u58eb\n|-resisted|p2a: \u91d1\u5c5e\u9a91\u58eb\n|-damage|p2a: \u91d1\u5c5e\u9a91\u58eb|73\/100\n|\n|t:|1699591188\n|switch|p1a: Banette|Banette, F|100\/100|[from] Volt Switch\n|-item|p2a: \u91d1\u5c5e\u9a91\u58eb|Leftovers|[from] ability: Frisk|[of] p1a: Banette|[identify]\n|move|p2a: \u91d1\u5c5e\u9a91\u58eb|Heat Wave|p1a: Banette\n|-damage|p1a: Banette|18\/100\n|\n|-heal|p2a: \u91d1\u5c5e\u9a91\u58eb|79\/100|[from] item: Leftovers\n|upkeep\n|turn|23\n|\n|t:|1699591197\n|detailschange|p1a: Banette|Banette-Mega, F\n|-mega|p1a: Banette|Banette|Banettite\n|move|p2a: \u91d1\u5c5e\u9a91\u58eb|Protect|p2a: \u91d1\u5c5e\u9a91\u58eb\n|-singleturn|p2a: \u91d1\u5c5e\u9a91\u58eb|Protect\n|move|p1a: Banette|Destiny Bond|p1a: Banette\n|-singlemove|p1a: Banette|Destiny Bond\n|\n|-heal|p2a: \u91d1\u5c5e\u9a91\u58eb|85\/100|[from] item: Leftovers\n|upkeep\n|turn|24\n|\n|t:|1699591207\n|move|p2a: \u91d1\u5c5e\u9a91\u58eb|Heat Wave|p1a: Banette\n|-damage|p1a: Banette|0 fnt\n|faint|p1a: Banette\n|-activate|p1a: Banette|move: Destiny Bond\n|faint|p2a: \u91d1\u5c5e\u9a91\u58eb\n|\n|upkeep\n|c|\u2606immun!ty|worth it definitely\n|\n|t:|1699591220\n|switch|p2a: king|Landorus-Therian, M|19\/100\n|switch|p1a: Tapu Lele|Tapu Lele|57\/100\n|-fieldstart|move: Psychic Terrain|[from] ability: Psychic Surge|[of] p1a: Tapu Lele\n|-damage|p2a: king|7\/100|[from] Stealth Rock\n|-ability|p2a: king|Intimidate|boost\n|-unboost|p1a: Tapu Lele|atk|1\n|turn|25\n|\n|t:|1699591226\n|move|p1a: Tapu Lele|Psychic|p2a: king\n|-damage|p2a: king|0 fnt\n|faint|p2a: king\n|\n|upkeep\n|\n|t:|1699591231\n|switch|p2a: \u94f6\u8272\u7360\u7259|Urshifu-Rapid-Strike, F|94\/100\n|-damage|p2a: \u94f6\u8272\u7360\u7259|88\/100|[from] Stealth Rock\n|turn|26\n|\n|t:|1699591239\n|switch|p2a: \u6b7b\u4ea1\u6539\u9020\u4eba|Corviknight, F|88\/100\n|-damage|p2a: \u6b7b\u4ea1\u6539\u9020\u4eba|76\/100|[from] Stealth Rock\n|switch|p1a: Alomomola|Alomomola, F|100\/100\n|\n|upkeep\n|turn|27\n|\n|t:|1699591246\n|switch|p1a: Ferrothorn|Ferrothorn, F, tera:Flying|99\/100\n|move|p2a: \u6b7b\u4ea1\u6539\u9020\u4eba|Iron Defense|p2a: \u6b7b\u4ea1\u6539\u9020\u4eba\n|-boost|p2a: \u6b7b\u4ea1\u6539\u9020\u4eba|def|2\n|\n|-heal|p1a: Ferrothorn|100\/100|[from] item: Leftovers\n|upkeep\n|turn|28\n|\n|t:|1699591252\n|move|p2a: \u6b7b\u4ea1\u6539\u9020\u4eba|Brave Bird|p1a: Ferrothorn\n|-damage|p1a: Ferrothorn|80\/100\n|-damage|p2a: \u6b7b\u4ea1\u6539\u9020\u4eba|64\/100|[from] ability: Iron Barbs|[of] p1a: Ferrothorn\n|-damage|p2a: \u6b7b\u4ea1\u6539\u9020\u4eba|58\/100|[from] Recoil\n|move|p1a: Ferrothorn|Thunder Wave|p2a: \u6b7b\u4ea1\u6539\u9020\u4eba|[miss]\n|-miss|p1a: Ferrothorn|p2a: \u6b7b\u4ea1\u6539\u9020\u4eba\n|\n|-heal|p1a: Ferrothorn|86\/100|[from] item: Leftovers\n|upkeep\n|turn|29\n|\n|t:|1699591256\n|move|p2a: \u6b7b\u4ea1\u6539\u9020\u4eba|Roost|p2a: \u6b7b\u4ea1\u6539\u9020\u4eba\n|-heal|p2a: \u6b7b\u4ea1\u6539\u9020\u4eba|100\/100\n|-singleturn|p2a: \u6b7b\u4ea1\u6539\u9020\u4eba|move: Roost\n|move|p1a: Ferrothorn|Leech Seed|p2a: \u6b7b\u4ea1\u6539\u9020\u4eba\n|-start|p2a: \u6b7b\u4ea1\u6539\u9020\u4eba|move: Leech Seed\n|\n|-heal|p1a: Ferrothorn|93\/100|[from] item: Leftovers\n|-damage|p2a: \u6b7b\u4ea1\u6539\u9020\u4eba|88\/100|[from] Leech Seed|[of] p1a: Ferrothorn\n|-heal|p1a: Ferrothorn|100\/100|[silent]\n|-fieldend|move: Psychic Terrain\n|upkeep\n|turn|30\n|\n|t:|1699591266\n|switch|p2a: \u94f6\u8272\u7360\u7259|Urshifu-Rapid-Strike, F|88\/100\n|-damage|p2a: \u94f6\u8272\u7360\u7259|82\/100|[from] Stealth Rock\n|move|p1a: Ferrothorn|Thunder Wave|p2a: \u94f6\u8272\u7360\u7259\n|-status|p2a: \u94f6\u8272\u7360\u7259|par\n|\n|upkeep\n|turn|31\n|\n|t:|1699591273\n|switch|p1a: Alomomola|Alomomola, F|100\/100\n|move|p2a: \u94f6\u8272\u7360\u7259|U-turn|p1a: Alomomola\n|-damage|p1a: Alomomola|85\/100\n|\n|t:|1699591283\n|switch|p2a: \u732a\u795e|Clodsire, F|85\/100|[from] U-turn\n|-damage|p2a: \u732a\u795e|79\/100|[from] Stealth Rock\n|\n|-heal|p2a: \u732a\u795e|85\/100|[from] item: Black Sludge\n|upkeep\n|turn|32\n|\n|t:|1699591292\n|move|p1a: Alomomola|Wish|p1a: Alomomola\n|move|p2a: \u732a\u795e|Yawn|p1a: Alomomola\n|-start|p1a: Alomomola|move: Yawn|[of] p2a: \u732a\u795e\n|\n|-heal|p2a: \u732a\u795e|91\/100|[from] item: Black Sludge\n|upkeep\n|turn|33\n|\n|t:|1699591296\n|switch|p1a: Tapu Lele|Tapu Lele|57\/100\n|-fieldstart|move: Psychic Terrain|[from] ability: Psychic Surge|[of] p1a: Tapu Lele\n|move|p2a: \u732a\u795e|Yawn|p1a: Tapu Lele\n|-start|p1a: Tapu Lele|move: Yawn|[of] p2a: \u732a\u795e\n|\n|-heal|p1a: Tapu Lele|100\/100|[from] move: Wish|[wisher] Alomomola\n|-heal|p2a: \u732a\u795e|97\/100|[from] item: Black Sludge\n|upkeep\n|turn|34\n|\n|t:|1699591304\n|switch|p1a: Alomomola|Alomomola, F|100\/100\n|move|p2a: \u732a\u795e|Yawn|p1a: Alomomola\n|-start|p1a: Alomomola|move: Yawn|[of] p2a: \u732a\u795e\n|\n|-heal|p2a: \u732a\u795e|100\/100|[from] item: Black Sludge\n|upkeep\n|turn|35\n|\n|t:|1699591308\n|switch|p1a: Rotom|Rotom-Heat, shiny|59\/100\n|move|p2a: \u732a\u795e|Protect||[still]\n|-fail|p2a: \u732a\u795e\n|\n|upkeep\n|turn|36\n|\n|t:|1699591316\n|move|p1a: Rotom|Will-O-Wisp|p2a: \u732a\u795e\n|-status|p2a: \u732a\u795e|brn\n|move|p2a: \u732a\u795e|Yawn|p1a: Rotom\n|-start|p1a: Rotom|move: Yawn|[of] p2a: \u732a\u795e\n|\n|-damage|p2a: \u732a\u795e|94\/100 brn|[from] brn\n|upkeep\n|turn|37\n|\n|t:|1699591322\n|switch|p1a: Alomomola|Alomomola, F|100\/100\n|switch|p2a: \u95ea\u5149\u7684\u5f17\u83b1\u4ec0|Lopunny-Mega, F, shiny|88\/100 par\n|-damage|p2a: \u95ea\u5149\u7684\u5f17\u83b1\u4ec0|82\/100 par|[from] Stealth Rock\n|\n|-fieldend|move: Psychic Terrain\n|upkeep\n|turn|38\n|c|\u2606Square K|I lost\n|-message|Square K forfeited.\n|\n|win|immun!ty\n|raw|immun!ty's rating: 1484 &rarr; <strong>1503<\/strong><br \/>(+19 for winning)\n|raw|Square K's rating: 1469 &rarr; <strong>1450<\/strong><br \/>(-19 for losing)\n|l|\u2606Square K\n|c|\u2606immun!ty|yea sorry\n","uploadtime":1699591363,"views":4,"p1id":"immunty","p2id":"squarek","formatid":"gen9nationaldex","rating":1450,"private":0,"password":""}