{"id":"gen9nationaldex-1995844678","p1":"PM4201","p2":"MP1024","format":"[Gen 9] National Dex","log":"|html|<div class=\"broadcast-blue\"><strong>[Gen 9] National Dex is currently suspecting Sneasler! For information on how to participate check out the <a href=\"https:\/\/www.smogon.com\/forums\/threads\/sv-national-dex-suspect-8-just-dance.3731534\/\">suspect thread<\/a>.<\/strong><\/div>\n|j|\u2606PM4201\n|j|\u2606MP1024\n|t:|1700608908\n|gametype|singles\n|player|p1|PM4201|pokemonranger-gen4|\n|player|p2|MP1024|scientist|\n|teamsize|p1|6\n|teamsize|p2|6\n|gen|9\n|tier|[Gen 9] National Dex\n|rule|HP Percentage Mod: HP is shown in percentages\n|rule|Endless Battle Clause: Forcing endless battles is banned\n|rule|OHKO Clause: OHKO moves are banned\n|rule|Evasion Clause: Evasion abilities, items, and moves are banned\n|rule|Evasion Abilities Clause: Evasion abilities are banned\n|rule|Evasion Items Clause: Evasion items are banned\n|rule|Evasion Moves Clause: Evasion moves are banned\n|rule|Species Clause: Limit one of each Pok\u00e9mon\n|rule|Sleep Clause Mod: Limit one foe put to sleep\n|clearpoke\n|poke|p1|Samurott-Hisui, F|\n|poke|p1|Zoroark-Hisui, M|\n|poke|p1|Kleavor, M|\n|poke|p1|Ursaluna, F|\n|poke|p1|Porygon-Z|\n|poke|p1|Gengar, M|\n|poke|p2|Blacephalon|\n|poke|p2|Celesteela|\n|poke|p2|Nihilego|\n|poke|p2|Xurkitree|\n|poke|p2|Grumpig, F|\n|poke|p2|Ludicolo, M|\n|teampreview\n|inactive|Battle timer is ON: inactive players will automatically lose when time's up. (requested by MP1024)\n|inactive|PM4201 has 270 seconds left.\n|\n|t:|1700608942\n|start\n|switch|p1a: Porygon-Z|Porygon-Z|100\/100\n|switch|p2a: Grumpig|Grumpig, F|100\/100\n|turn|1\n|\n|t:|1700608956\n|move|p1a: Porygon-Z|Tri Attack|p2a: Grumpig\n|-damage|p2a: Grumpig|30\/100\n|-status|p2a: Grumpig|frz\n|-enditem|p2a: Grumpig|Iapapa Berry|[eat]\n|-heal|p2a: Grumpig|63\/100 frz|[from] item: Iapapa Berry\n|cant|p2a: Grumpig|frz\n|\n|upkeep\n|turn|2\n|\n|t:|1700608966\n|move|p1a: Porygon-Z|Tri Attack|p2a: Grumpig\n|-damage|p2a: Grumpig|0 fnt\n|faint|p2a: Grumpig\n|\n|upkeep\n|\n|t:|1700608976\n|switch|p2a: Blacephalon|Blacephalon|100\/100\n|turn|3\n|\n|t:|1700608982\n|move|p2a: Blacephalon|Mind Blown|p1a: Porygon-Z\n|-damage|p1a: Porygon-Z|0 fnt\n|-damage|p2a: Blacephalon|50\/100|[from] mindblown\n|faint|p1a: Porygon-Z\n|-ability|p2a: Blacephalon|Beast Boost|boost\n|-boost|p2a: Blacephalon|spa|1\n|\n|-heal|p2a: Blacephalon|56\/100|[from] item: Leftovers\n|upkeep\n|\n|t:|1700609004\n|switch|p1a: Samurott|Samurott-Hisui, F|100\/100\n|turn|4\n|\n|t:|1700609014\n|move|p2a: Blacephalon|Mind Blown|p1a: Samurott\n|-resisted|p1a: Samurott\n|-damage|p1a: Samurott|4\/100\n|-damage|p2a: Blacephalon|6\/100|[from] mindblown\n|move|p1a: Samurott|Flip Turn|p2a: Blacephalon\n|-supereffective|p2a: Blacephalon\n|-damage|p2a: Blacephalon|0 fnt\n|faint|p2a: Blacephalon\n|-damage|p1a: Samurott|0 fnt|[from] item: Life Orb\n|faint|p1a: Samurott\n|\n|upkeep\n|\n|t:|1700609030\n|switch|p2a: Ludicolo|Ludicolo, M|100\/100\n|switch|p1a: Ursaluna|Ursaluna, F|100\/100\n|turn|5\n|\n|t:|1700609044\n|move|p2a: Ludicolo|Waterfall|p1a: Ursaluna\n|-supereffective|p1a: Ursaluna\n|-crit|p1a: Ursaluna\n|-damage|p1a: Ursaluna|1\/100\n|move|p1a: Ursaluna|Fire Punch|p2a: Ludicolo\n|-damage|p2a: Ludicolo|62\/100\n|\n|-status|p1a: Ursaluna|brn|[from] item: Flame Orb\n|upkeep\n|turn|6\n|\n|t:|1700609053\n|move|p2a: Ludicolo|Waterfall|p1a: Ursaluna\n|-supereffective|p1a: Ursaluna\n|-damage|p1a: Ursaluna|0 fnt\n|faint|p1a: Ursaluna\n|\n|upkeep\n|\n|t:|1700609059\n|switch|p1a: Kleavor|Kleavor, M|100\/100\n|turn|7\n|\n|t:|1700609068\n|move|p1a: Kleavor|X-Scissor|p2a: Ludicolo\n|-supereffective|p2a: Ludicolo\n|-damage|p2a: Ludicolo|0 fnt\n|faint|p2a: Ludicolo\n|\n|upkeep\n|\n|t:|1700609081\n|switch|p2a: Celesteela|Celesteela|100\/100\n|turn|8\n|\n|t:|1700609086\n|move|p1a: Kleavor|X-Scissor|p2a: Celesteela\n|-resisted|p2a: Celesteela\n|-damage|p2a: Celesteela|86\/100\n|move|p2a: Celesteela|Leech Seed|p1a: Kleavor\n|-start|p1a: Kleavor|move: Leech Seed\n|\n|-damage|p1a: Kleavor|88\/100|[from] Leech Seed|[of] p2a: Celesteela\n|-heal|p2a: Celesteela|95\/100|[silent]\n|upkeep\n|turn|9\n|\n|t:|1700609098\n|switch|p1a: Gengar|Gengar, M|100\/100\n|move|p2a: Celesteela|Flash Cannon|p1a: Gengar\n|-damage|p1a: Gengar|13\/100\n|replace|p1a: Zoroark|Zoroark-Hisui, M\n|-end|p1a: Zoroark|Illusion\n|\n|upkeep\n|turn|10\n|\n|t:|1700609110\n|move|p1a: Zoroark|Bitter Malice|p2a: Celesteela\n|-damage|p2a: Celesteela|66\/100\n|-unboost|p2a: Celesteela|atk|1\n|move|p2a: Celesteela|Giga Drain|p1a: Zoroark\n|-damage|p1a: Zoroark|0 fnt\n|-heal|p2a: Celesteela|70\/100|[from] drain|[of] p1a: Zoroark\n|faint|p1a: Zoroark\n|-ability|p2a: Celesteela|Beast Boost|boost\n|-boost|p2a: Celesteela|spa|1\n|\n|upkeep\n|\n|t:|1700609118\n|switch|p1a: Kleavor|Kleavor, M|88\/100\n|turn|11\n|\n|t:|1700609124\n|move|p1a: Kleavor|Stone Axe|p2a: Celesteela\n|-damage|p2a: Celesteela|14\/100\n|-enditem|p2a: Celesteela|Aguav Berry|[eat]\n|-heal|p2a: Celesteela|47\/100|[from] item: Aguav Berry\n|move|p2a: Celesteela|Energy Ball|p1a: Kleavor\n|-damage|p1a: Kleavor|18\/100\n|\n|upkeep\n|turn|12\n|\n|t:|1700609135\n|move|p1a: Kleavor|Stone Axe|p2a: Celesteela\n|-damage|p2a: Celesteela|0 fnt\n|faint|p2a: Celesteela\n|\n|upkeep\n|\n|t:|1700609139\n|switch|p2a: Xurkitree|Xurkitree|100\/100\n|turn|13\n|\n|t:|1700609145\n|move|p1a: Kleavor|Stone Axe|p2a: Xurkitree\n|-damage|p2a: Xurkitree|0 fnt\n|faint|p2a: Xurkitree\n|\n|upkeep\n|\n|t:|1700609148\n|switch|p2a: Nihilego|Nihilego|100\/100\n|turn|14\n|\n|t:|1700609152\n|move|p2a: Nihilego|Power Gem|p1a: Kleavor\n|-supereffective|p1a: Kleavor\n|-damage|p1a: Kleavor|0 fnt\n|faint|p1a: Kleavor\n|-ability|p2a: Nihilego|Beast Boost|boost\n|-boost|p2a: Nihilego|spa|1\n|\n|upkeep\n|\n|t:|1700609159\n|switch|p1a: Gengar|Gengar, M|100\/100\n|turn|15\n|\n|t:|1700609167\n|move|p1a: Gengar|Shadow Ball|p2a: Nihilego\n|-damage|p2a: Nihilego|66\/100\n|move|p2a: Nihilego|Hex|p1a: Gengar\n|-supereffective|p1a: Gengar\n|-damage|p1a: Gengar|23\/100\n|\n|upkeep\n|turn|16\n|\n|t:|1700609179\n|move|p1a: Gengar|Dark Pulse|p2a: Nihilego\n|-damage|p2a: Nihilego|46\/100\n|move|p2a: Nihilego|Power Gem|p1a: Gengar\n|-damage|p1a: Gengar|0 fnt\n|faint|p1a: Gengar\n|\n|win|MP1024\n","uploadtime":1700609189,"views":0,"p1id":"pm4201","p2id":"mp1024","formatid":"gen9nationaldex","rating":0,"private":0,"password":""}