{"id":"gen9nationaldex-1996909338","p1":"Necrozminator","p2":"KendelRed","format":"[Gen 9] National Dex","log":"|html|<div class=\"broadcast-blue\"><strong>[Gen 9] National Dex is currently suspecting Sneasler! For information on how to participate check out the <a href=\"https:\/\/www.smogon.com\/forums\/threads\/sv-national-dex-suspect-8-just-dance.3731534\/\">suspect thread<\/a>.<\/strong><\/div>\n|j|\u2606Necrozminator\n|j|\u2606KendelRed\n|t:|1700743525\n|gametype|singles\n|player|p1|Necrozminator|will|1127\n|player|p2|KendelRed|red|1101\n|teamsize|p1|6\n|teamsize|p2|6\n|gen|9\n|tier|[Gen 9] National Dex\n|rated|\n|rule|HP Percentage Mod: HP is shown in percentages\n|rule|Endless Battle Clause: Forcing endless battles is banned\n|rule|OHKO Clause: OHKO moves are banned\n|rule|Evasion Clause: Evasion abilities, items, and moves are banned\n|rule|Evasion Abilities Clause: Evasion abilities are banned\n|rule|Evasion Items Clause: Evasion items are banned\n|rule|Evasion Moves Clause: Evasion moves are banned\n|rule|Species Clause: Limit one of each Pok\u00e9mon\n|rule|Sleep Clause Mod: Limit one foe put to sleep\n|clearpoke\n|poke|p1|Ditto|\n|poke|p1|Zebstrika, F|\n|poke|p1|Carnivine, M|\n|poke|p1|Meloetta|\n|poke|p1|Braviary-Hisui, M|\n|poke|p1|Ursaluna, F|\n|poke|p2|Excadrill, M|\n|poke|p2|Gyarados, F|\n|poke|p2|Alomomola, M|\n|poke|p2|Cinderace, F|\n|poke|p2|Togekiss, M|\n|poke|p2|Hydreigon, F|\n|teampreview\n|inactive|Battle timer is ON: inactive players will automatically lose when time's up. (requested by Necrozminator)\n|\n|t:|1700743533\n|start\n|switch|p1a: Braviary|Braviary-Hisui, M|100\/100\n|switch|p2a: Alomomola|Alomomola, M|100\/100\n|turn|1\n|\n|t:|1700743541\n|move|p1a: Braviary|Hurricane|p2a: Alomomola\n|-damage|p2a: Alomomola|0 fnt\n|faint|p2a: Alomomola\n|\n|upkeep\n|\n|t:|1700743552\n|switch|p2a: Excadrill|Excadrill, M|100\/100\n|-ability|p2a: Excadrill|Mold Breaker\n|turn|2\n|\n|t:|1700743557\n|move|p2a: Excadrill|Rock Slide|p1a: Braviary\n|-supereffective|p1a: Braviary\n|-damage|p1a: Braviary|21\/100\n|move|p1a: Braviary|Heat Wave|p2a: Excadrill\n|-supereffective|p2a: Excadrill\n|-enditem|p2a: Excadrill|Focus Sash\n|-damage|p2a: Excadrill|1\/100\n|\n|upkeep\n|turn|3\n|\n|t:|1700743571\n|switch|p1a: Ditto|Ditto|100\/100\n|-transform|p1a: Ditto|p2a: Excadrill|[from] ability: Imposter\n|-ability|p1a: Ditto|Mold Breaker\n|move|p2a: Excadrill|Rock Slide|p1a: Ditto\n|-resisted|p1a: Ditto\n|-damage|p1a: Ditto|88\/100\n|\n|upkeep\n|turn|4\n|\n|t:|1700743586\n|move|p1a: Ditto|Iron Head|p2a: Excadrill\n|-resisted|p2a: Excadrill\n|-damage|p2a: Excadrill|0 fnt\n|faint|p2a: Excadrill\n|\n|upkeep\n|\n|t:|1700743596\n|switch|p2a: Gyarados|Gyarados, F|100\/100\n|turn|5\n|\n|t:|1700743604\n|switch|p1a: Zebstrika|Zebstrika, F|100\/100\n|-terastallize|p2a: Gyarados|Water\n|move|p2a: Gyarados|Dragon Dance|p2a: Gyarados\n|-boost|p2a: Gyarados|atk|1\n|-boost|p2a: Gyarados|spe|1\n|\n|upkeep\n|turn|6\n|\n|t:|1700743612\n|move|p1a: Zebstrika|Wild Charge|p2a: Gyarados\n|-supereffective|p2a: Gyarados\n|-damage|p2a: Gyarados|0 fnt\n|faint|p2a: Gyarados\n|-damage|p1a: Zebstrika|72\/100|[from] Recoil\n|\n|-heal|p1a: Zebstrika|78\/100|[from] item: Leftovers\n|upkeep\n|\n|t:|1700743625\n|switch|p2a: Hydreigon|Hydreigon, F|100\/100\n|turn|7\n|\n|t:|1700743632\n|move|p2a: Hydreigon|Fire Blast|p1a: Zebstrika|[miss]\n|-miss|p2a: Hydreigon|p1a: Zebstrika\n|move|p1a: Zebstrika|Low Kick|p2a: Hydreigon\n|-supereffective|p2a: Hydreigon\n|-crit|p2a: Hydreigon\n|-damage|p2a: Hydreigon|0 fnt\n|faint|p2a: Hydreigon\n|\n|-heal|p1a: Zebstrika|84\/100|[from] item: Leftovers\n|upkeep\n|\n|t:|1700743643\n|switch|p2a: Togekiss|Togekiss, M|100\/100\n|turn|8\n|\n|t:|1700743647\n|move|p1a: Zebstrika|Wild Charge|p2a: Togekiss\n|-supereffective|p2a: Togekiss\n|-damage|p2a: Togekiss|17\/100\n|-damage|p1a: Zebstrika|58\/100|[from] Recoil\n|move|p2a: Togekiss|Thunder Wave|p1a: Zebstrika\n|-immune|p1a: Zebstrika\n|\n|-heal|p1a: Zebstrika|64\/100|[from] item: Leftovers\n|-heal|p2a: Togekiss|23\/100|[from] item: Leftovers\n|upkeep\n|turn|9\n|\n|t:|1700743659\n|move|p1a: Zebstrika|Flame Charge|p2a: Togekiss\n|-damage|p2a: Togekiss|7\/100\n|-boost|p1a: Zebstrika|spe|1\n|move|p2a: Togekiss|Flamethrower|p1a: Zebstrika\n|-damage|p1a: Zebstrika|10\/100\n|\n|-heal|p1a: Zebstrika|16\/100|[from] item: Leftovers\n|-heal|p2a: Togekiss|13\/100|[from] item: Leftovers\n|upkeep\n|turn|10\n|\n|t:|1700743669\n|move|p1a: Zebstrika|Wild Charge|p2a: Togekiss\n|-supereffective|p2a: Togekiss\n|-damage|p2a: Togekiss|0 fnt\n|faint|p2a: Togekiss\n|-damage|p1a: Zebstrika|12\/100|[from] Recoil\n|\n|-heal|p1a: Zebstrika|18\/100|[from] item: Leftovers\n|upkeep\n|\n|t:|1700743677\n|switch|p2a: Cinderace|Cinderace, F|100\/100\n|turn|11\n|\n|t:|1700743687\n|move|p1a: Zebstrika|Wild Charge|p2a: Cinderace\n|-damage|p2a: Cinderace|41\/100\n|-damage|p1a: Zebstrika|3\/100|[from] Recoil\n|move|p2a: Cinderace|Pyro Ball|p1a: Zebstrika\n|-damage|p1a: Zebstrika|0 fnt\n|faint|p1a: Zebstrika\n|\n|upkeep\n|\n|t:|1700743698\n|switch|p1a: Meloetta|Meloetta|100\/100\n|turn|12\n|\n|t:|1700743703\n|move|p2a: Cinderace|U-turn|p1a: Meloetta\n|-start|p2a: Cinderace|typechange|Bug|[from] ability: Libero\n|-supereffective|p1a: Meloetta\n|-damage|p1a: Meloetta|20\/100\n|move|p1a: Meloetta|Psychic|p2a: Cinderace\n|-damage|p2a: Cinderace|0 fnt\n|faint|p2a: Cinderace\n|\n|win|Necrozminator\n|raw|Necrozminator's rating: 1127 &rarr; <strong>1150<\/strong><br \/>(+23 for winning)\n|raw|KendelRed's rating: 1101 &rarr; <strong>1078<\/strong><br \/>(-23 for losing)\n","uploadtime":1700743713,"views":0,"p1id":"necrozminator","p2id":"kendelred","formatid":"gen9nationaldex","rating":1078,"private":0,"password":""}