{"id":"gen9nationaldex-1998249597","p1":"hiilovecats","p2":"Volo202_0","format":"[Gen 9] National Dex","log":"|html|<div class=\"broadcast-blue\"><strong>[Gen 9] National Dex is currently suspecting Sneasler! For information on how to participate check out the <a href=\"https:\/\/www.smogon.com\/forums\/threads\/sv-national-dex-suspect-8-just-dance.3731534\/\">suspect thread<\/a>.<\/strong><\/div>\n|j|\u2606hiilovecats\n|j|\u2606Volo202_0\n|t:|1700919739\n|gametype|singles\n|player|p1|hiilovecats|102|1049\n|player|p2|Volo202_0|unknown|1030\n|teamsize|p1|6\n|teamsize|p2|6\n|gen|9\n|tier|[Gen 9] National Dex\n|rated|\n|rule|HP Percentage Mod: HP is shown in percentages\n|rule|Endless Battle Clause: Forcing endless battles is banned\n|rule|OHKO Clause: OHKO moves are banned\n|rule|Evasion Clause: Evasion abilities, items, and moves are banned\n|rule|Evasion Abilities Clause: Evasion abilities are banned\n|rule|Evasion Items Clause: Evasion items are banned\n|rule|Evasion Moves Clause: Evasion moves are banned\n|rule|Species Clause: Limit one of each Pok\u00e9mon\n|rule|Sleep Clause Mod: Limit one foe put to sleep\n|clearpoke\n|poke|p1|Heracross, F|\n|poke|p1|Swellow, F|\n|poke|p1|Ursaluna, F|\n|poke|p1|Luxray, F|\n|poke|p1|Obstagoon, M|\n|poke|p1|Flareon, M|\n|poke|p2|Arcanine-Hisui, F|\n|poke|p2|Spiritomb, F|\n|poke|p2|Lucario, M|\n|poke|p2|Garchomp, F|\n|poke|p2|Togekiss, F|\n|poke|p2|Roserade, F|\n|teampreview\n|\n|t:|1700919750\n|start\n|switch|p1a: Heracross|Heracross, F|100\/100\n|switch|p2a: Spiritomb|Spiritomb, F|100\/100\n|-ability|p2a: Spiritomb|Pressure\n|turn|1\n|\n|t:|1700919763\n|move|p1a: Heracross|Trailblaze|p2a: Spiritomb\n|-damage|p2a: Spiritomb|81\/100\n|-boost|p1a: Heracross|spe|1\n|-damage|p1a: Heracross|84\/100|[from] item: Rocky Helmet|[of] p2a: Spiritomb\n|move|p2a: Spiritomb|Foul Play|p1a: Heracross\n|-resisted|p1a: Heracross\n|-damage|p1a: Heracross|48\/100\n|\n|-status|p1a: Heracross|brn|[from] item: Flame Orb\n|upkeep\n|turn|2\n|\n|t:|1700919780\n|move|p1a: Heracross|Megahorn|p2a: Spiritomb\n|-damage|p2a: Spiritomb|0 fnt\n|-damage|p1a: Heracross|31\/100 brn|[from] item: Rocky Helmet|[of] p2a: Spiritomb\n|faint|p2a: Spiritomb\n|\n|-damage|p1a: Heracross|25\/100 brn|[from] brn\n|upkeep\n|\n|t:|1700919797\n|switch|p2a: Arcanine|Arcanine-Hisui, F|100\/100\n|turn|3\n|\n|t:|1700919807\n|move|p1a: Heracross|Close Combat|p2a: Arcanine\n|-supereffective|p2a: Arcanine\n|-damage|p2a: Arcanine|0 fnt\n|-unboost|p1a: Heracross|def|1\n|-unboost|p1a: Heracross|spd|1\n|faint|p2a: Arcanine\n|\n|-damage|p1a: Heracross|19\/100 brn|[from] brn\n|upkeep\n|\n|t:|1700919816\n|switch|p2a: Togekiss|Togekiss, F, shiny|100\/100\n|turn|4\n|\n|t:|1700919826\n|move|p2a: Togekiss|Extreme Speed|p1a: Heracross\n|-damage|p1a: Heracross|0 fnt\n|faint|p1a: Heracross\n|\n|upkeep\n|\n|t:|1700919833\n|switch|p1a: Luxray|Luxray, F|100\/100\n|turn|5\n|\n|t:|1700919837\n|switch|p2a: Garchomp|Garchomp, F|100\/100\n|move|p1a: Luxray|Wild Charge|p2a: Garchomp\n|-immune|p2a: Garchomp\n|\n|-status|p1a: Luxray|brn|[from] item: Flame Orb\n|upkeep\n|turn|6\n|\n|t:|1700919856\n|detailschange|p2a: Garchomp|Garchomp-Mega, F\n|-mega|p2a: Garchomp|Garchomp|Garchompite\n|-terastallize|p1a: Luxray|Dark\n|move|p1a: Luxray|Play Rough|p2a: Garchomp\n|-supereffective|p2a: Garchomp\n|-damage|p2a: Garchomp|41\/100\n|move|p2a: Garchomp|Earthquake|p1a: Luxray\n|-damage|p1a: Luxray|26\/100 brn\n|\n|-damage|p1a: Luxray|20\/100 brn|[from] brn\n|upkeep\n|turn|7\n|\n|t:|1700919870\n|switch|p1a: Swellow|Swellow, F|100\/100\n|switch|p2a: Lucario|Lucario, M|100\/100\n|\n|-status|p1a: Swellow|brn|[from] item: Flame Orb\n|upkeep\n|turn|8\n|\n|t:|1700919885\n|switch|p2a: Togekiss|Togekiss, F, shiny|100\/100\n|move|p1a: Swellow|U-turn|p2a: Togekiss\n|-resisted|p2a: Togekiss\n|-damage|p2a: Togekiss|93\/100\n|\n|t:|1700919890\n|switch|p1a: Ursaluna|Ursaluna, F|100\/100|[from] U-turn\n|\n|-status|p1a: Ursaluna|brn|[from] item: Flame Orb\n|upkeep\n|turn|9\n|\n|t:|1700919910\n|switch|p2a: Lucario|Lucario, M|100\/100\n|move|p1a: Ursaluna|Trailblaze|p2a: Lucario\n|-resisted|p2a: Lucario\n|-damage|p2a: Lucario|80\/100\n|-boost|p1a: Ursaluna|spe|1\n|\n|-damage|p1a: Ursaluna|94\/100 brn|[from] brn\n|upkeep\n|turn|10\n|\n|t:|1700919925\n|move|p2a: Lucario|Drain Punch|p1a: Ursaluna\n|-supereffective|p1a: Ursaluna\n|-damage|p1a: Ursaluna|46\/100 brn\n|-heal|p2a: Lucario|100\/100|[from] drain|[of] p1a: Ursaluna\n|move|p1a: Ursaluna|Earthquake|p2a: Lucario\n|-supereffective|p2a: Lucario\n|-damage|p2a: Lucario|0 fnt\n|faint|p2a: Lucario\n|\n|-damage|p1a: Ursaluna|40\/100 brn|[from] brn\n|upkeep\n|\n|t:|1700919932\n|switch|p2a: Roserade|Roserade, F|100\/100\n|turn|11\n|\n|t:|1700919942\n|switch|p1a: Flareon|Flareon, M|100\/100\n|move|p2a: Roserade|Sludge Bomb|p1a: Flareon\n|-damage|p1a: Flareon|54\/100\n|-status|p1a: Flareon|psn\n|\n|-damage|p1a: Flareon|41\/100 psn|[from] psn\n|upkeep\n|turn|12\n|\n|t:|1700919962\n|move|p2a: Roserade|Sludge Bomb|p1a: Flareon\n|-damage|p1a: Flareon|0 fnt\n|faint|p1a: Flareon\n|\n|upkeep\n|\n|t:|1700919967\n|switch|p1a: Swellow|Swellow, F|100\/100 brn\n|turn|13\n|\n|t:|1700919975\n|switch|p2a: Garchomp|Garchomp-Mega, F|41\/100\n|move|p1a: Swellow|Brave Bird|p2a: Garchomp\n|-damage|p2a: Garchomp|0 fnt\n|faint|p2a: Garchomp\n|-damage|p1a: Swellow|81\/100 brn|[from] Recoil\n|\n|-damage|p1a: Swellow|75\/100 brn|[from] brn\n|upkeep\n|\n|t:|1700919985\n|switch|p2a: Togekiss|Togekiss, F, shiny|93\/100\n|turn|14\n|\n|t:|1700919993\n|move|p1a: Swellow|Facade|p2a: Togekiss\n|-damage|p2a: Togekiss|4\/100\n|move|p2a: Togekiss|Ancient Power|p1a: Swellow\n|-supereffective|p1a: Swellow\n|-damage|p1a: Swellow|0 fnt\n|faint|p1a: Swellow\n|\n|upkeep\n|\n|t:|1700920008\n|switch|p1a: Ursaluna|Ursaluna, F|40\/100 brn\n|turn|15\n|\n|t:|1700920023\n|move|p2a: Togekiss|Dazzling Gleam|p1a: Ursaluna\n|-crit|p1a: Ursaluna\n|-damage|p1a: Ursaluna|0 fnt\n|faint|p1a: Ursaluna\n|\n|upkeep\n|\n|t:|1700920030\n|switch|p1a: Obstagoon|Obstagoon, M|100\/100\n|turn|16\n|\n|t:|1700920037\n|-terastallize|p2a: Togekiss|Fairy\n|move|p1a: Obstagoon|Knock Off|p2a: Togekiss\n|-resisted|p2a: Togekiss\n|-damage|p2a: Togekiss|0 fnt\n|-enditem|p2a: Togekiss|Heavy-Duty Boots|[from] move: Knock Off|[of] p1a: Obstagoon\n|faint|p2a: Togekiss\n|\n|-status|p1a: Obstagoon|brn|[from] item: Flame Orb\n|upkeep\n|\n|t:|1700920041\n|switch|p2a: Roserade|Roserade, F|100\/100\n|turn|17\n|\n|t:|1700920050\n|move|p1a: Obstagoon|Facade|p2a: Roserade\n|-damage|p2a: Roserade|0 fnt\n|faint|p2a: Roserade\n|\n|win|hiilovecats\n|raw|hiilovecats's rating: 1049 &rarr; <strong>1080<\/strong><br \/>(+31 for winning)\n|raw|Volo202_0's rating: 1030 &rarr; <strong>1016<\/strong><br \/>(-14 for losing)\n|c|\u2606hiilovecats|gg\n|l|\u2606Volo202_0\n","uploadtime":1700920190,"views":1,"p1id":"hiilovecats","p2id":"volo2020","formatid":"gen9nationaldex","rating":1016,"private":0,"password":""}