{"id":"gen9nationaldex-1997324105","p1":"klangerstein","p2":"Yakkosalabama","format":"[Gen 9] National Dex","log":"|html|<div class=\"broadcast-blue\"><strong>[Gen 9] National Dex is currently suspecting Sneasler! For information on how to participate check out the <a href=\"https:\/\/www.smogon.com\/forums\/threads\/sv-national-dex-suspect-8-just-dance.3731534\/\">suspect thread<\/a>.<\/strong><\/div>\n|j|\u2606klangerstein\n|j|\u2606Yakkosalabama\n|t:|1700789480\n|gametype|singles\n|player|p1|klangerstein|wallace|1265\n|player|p2|Yakkosalabama|volo|1369\n|teamsize|p1|6\n|teamsize|p2|6\n|gen|9\n|tier|[Gen 9] National Dex\n|rated|\n|rule|HP Percentage Mod: HP is shown in percentages\n|rule|Endless Battle Clause: Forcing endless battles is banned\n|rule|OHKO Clause: OHKO moves are banned\n|rule|Evasion Clause: Evasion abilities, items, and moves are banned\n|rule|Evasion Abilities Clause: Evasion abilities are banned\n|rule|Evasion Items Clause: Evasion items are banned\n|rule|Evasion Moves Clause: Evasion moves are banned\n|rule|Species Clause: Limit one of each Pok\u00e9mon\n|rule|Sleep Clause Mod: Limit one foe put to sleep\n|clearpoke\n|poke|p1|Klawf, F|\n|poke|p1|Hippowdon, M|\n|poke|p1|Seismitoad, M|\n|poke|p1|Gliscor, F|\n|poke|p1|Tyranitar, M|\n|poke|p1|Toedscruel, F|\n|poke|p2|Kommo-o, M|\n|poke|p2|Kartana|\n|poke|p2|Tapu Koko|\n|poke|p2|Diancie|\n|poke|p2|Landorus-Therian, M|\n|poke|p2|Grimmsnarl, M|\n|teampreview\n|inactive|Battle timer is ON: inactive players will automatically lose when time's up. (requested by klangerstein)\n|inactive|Yakkosalabama also wants the timer to be on.\n|\n|t:|1700789501\n|start\n|switch|p1a: Hippowdon|Hippowdon, M|100\/100\n|switch|p2a: Landorus|Landorus-Therian, M|100\/100\n|-ability|p2a: Landorus|Intimidate|boost\n|-unboost|p1a: Hippowdon|atk|1\n|-weather|Sandstorm|[from] ability: Sand Stream|[of] p1a: Hippowdon\n|turn|1\n|\n|t:|1700789506\n|move|p2a: Landorus|Stealth Rock|p1a: Hippowdon\n|-sidestart|p1: klangerstein|move: Stealth Rock\n|move|p1a: Hippowdon|Toxic|p2a: Landorus\n|-status|p2a: Landorus|tox\n|\n|-weather|Sandstorm|[upkeep]\n|-damage|p2a: Landorus|94\/100 tox|[from] psn\n|upkeep\n|turn|2\n|\n|t:|1700789514\n|move|p1a: Hippowdon|Protect|p1a: Hippowdon\n|-singleturn|p1a: Hippowdon|Protect\n|move|p2a: Landorus|U-turn|p1a: Hippowdon\n|-activate|p1a: Hippowdon|move: Protect\n|\n|-weather|Sandstorm|[upkeep]\n|-heal|p2a: Landorus|100\/100 tox|[from] item: Leftovers\n|-damage|p2a: Landorus|88\/100 tox|[from] psn\n|upkeep\n|turn|3\n|\n|t:|1700789525\n|switch|p1a: Gliscor|Gliscor, F|100\/100\n|-damage|p1a: Gliscor|88\/100|[from] Stealth Rock\n|move|p2a: Landorus|U-turn|p1a: Gliscor\n|-resisted|p1a: Gliscor\n|-damage|p1a: Gliscor|80\/100\n|\n|t:|1700789538\n|switch|p2a: Kommo-o|Kommo-o, M|100\/100|[from] U-turn\n|\n|-weather|Sandstorm|[upkeep]\n|-damage|p2a: Kommo-o|94\/100|[from] Sandstorm\n|-status|p1a: Gliscor|tox|[from] item: Toxic Orb\n|upkeep\n|turn|4\n|\n|t:|1700789545\n|move|p1a: Gliscor|Protect|p1a: Gliscor\n|-singleturn|p1a: Gliscor|Protect\n|move|p2a: Kommo-o|Clangorous Soul|p2a: Kommo-o\n|-boost|p2a: Kommo-o|atk|1\n|-boost|p2a: Kommo-o|def|1\n|-boost|p2a: Kommo-o|spa|1\n|-boost|p2a: Kommo-o|spd|1\n|-boost|p2a: Kommo-o|spe|1\n|-damage|p2a: Kommo-o|61\/100\n|-enditem|p2a: Kommo-o|Throat Spray\n|-boost|p2a: Kommo-o|spa|1|[from] item: Throat Spray\n|\n|-weather|Sandstorm|[upkeep]\n|-damage|p2a: Kommo-o|55\/100|[from] Sandstorm\n|-heal|p1a: Gliscor|92\/100 tox|[from] ability: Poison Heal\n|upkeep\n|turn|5\n|\n|t:|1700789550\n|move|p2a: Kommo-o|Clanging Scales|p1a: Gliscor\n|-damage|p1a: Gliscor|0 fnt\n|faint|p1a: Gliscor\n|-unboost|p2a: Kommo-o|def|1\n|\n|-weather|none\n|upkeep\n|\n|t:|1700789559\n|switch|p1a: Toedscruel|Toedscruel, F|100\/100\n|turn|6\n|\n|t:|1700789563\n|-terastallize|p2a: Kommo-o|Dragon\n|move|p2a: Kommo-o|Clanging Scales|p1a: Toedscruel\n|-damage|p1a: Toedscruel|19\/100\n|-unboost|p2a: Kommo-o|def|1\n|move|p1a: Toedscruel|Rapid Spin|p2a: Kommo-o\n|-damage|p2a: Kommo-o|43\/100\n|-boost|p1a: Toedscruel|spe|1\n|-sideend|p1: klangerstein|Stealth Rock|[from] move: Rapid Spin|[of] p1a: Toedscruel\n|\n|upkeep\n|turn|7\n|\n|t:|1700789572\n|move|p2a: Kommo-o|Boomburst|p1a: Toedscruel\n|-damage|p1a: Toedscruel|0 fnt\n|faint|p1a: Toedscruel\n|\n|upkeep\n|\n|t:|1700789576\n|switch|p1a: Hippowdon|Hippowdon, M|100\/100\n|-weather|Sandstorm|[from] ability: Sand Stream|[of] p1a: Hippowdon\n|turn|8\n|\n|t:|1700789583\n|switch|p1a: Klawf|Klawf, F|100\/100\n|move|p2a: Kommo-o|Clanging Scales|p1a: Klawf\n|-enditem|p1a: Klawf|Focus Sash\n|-damage|p1a: Klawf|1\/100\n|-ability|p1a: Klawf|Anger Shell|boost\n|-boost|p1a: Klawf|atk|1\n|-boost|p1a: Klawf|spa|1\n|-boost|p1a: Klawf|spe|1\n|-unboost|p1a: Klawf|def|1\n|-unboost|p1a: Klawf|spd|1\n|-unboost|p2a: Kommo-o|def|1\n|\n|-weather|Sandstorm|[upkeep]\n|-damage|p2a: Kommo-o|37\/100|[from] Sandstorm\n|upkeep\n|turn|9\n|\n|t:|1700789593\n|move|p2a: Kommo-o|Drain Punch|p1a: Klawf\n|-supereffective|p1a: Klawf\n|-damage|p1a: Klawf|0 fnt\n|-heal|p2a: Kommo-o|37\/100|[from] drain|[of] p1a: Klawf\n|faint|p1a: Klawf\n|\n|-weather|Sandstorm|[upkeep]\n|-damage|p2a: Kommo-o|31\/100|[from] Sandstorm\n|upkeep\n|\n|t:|1700789600\n|switch|p1a: Seismitoad|Seismitoad, M|100\/100\n|turn|10\n|\n|t:|1700789607\n|move|p2a: Kommo-o|Clanging Scales|p1a: Seismitoad\n|-damage|p1a: Seismitoad|0 fnt\n|faint|p1a: Seismitoad\n|-unboost|p2a: Kommo-o|def|1\n|\n|-weather|Sandstorm|[upkeep]\n|-damage|p2a: Kommo-o|25\/100|[from] Sandstorm\n|upkeep\n|-message|klangerstein forfeited.\n|\n|win|Yakkosalabama\n|raw|klangerstein's rating: 1265 &rarr; <strong>1247<\/strong><br \/>(-18 for losing)\n|raw|Yakkosalabama's rating: 1369 &rarr; <strong>1383<\/strong><br \/>(+14 for winning)\n|l|\u2606klangerstein\n","uploadtime":1700789615,"views":3,"p1id":"klangerstein","p2id":"yakkosalabama","formatid":"gen9nationaldex","rating":1247,"private":0,"password":""}