{"id":"gen9nationaldex-1996914461","p1":"The power of ROCK","p2":"yunyunao","format":"[Gen 9] National Dex","log":"|html|<div class=\"broadcast-blue\"><strong>[Gen 9] National Dex is currently suspecting Sneasler! For information on how to participate check out the <a href=\"https:\/\/www.smogon.com\/forums\/threads\/sv-national-dex-suspect-8-just-dance.3731534\/\">suspect thread<\/a>.<\/strong><\/div>\n|j|\u2606The power of ROCK\n|j|\u2606yunyunao\n|t:|1700744186\n|gametype|singles\n|player|p1|The power of ROCK|roark|1646\n|player|p2|yunyunao|1|1688\n|teamsize|p1|6\n|teamsize|p2|6\n|gen|9\n|tier|[Gen 9] National Dex\n|rated|\n|rule|HP Percentage Mod: HP is shown in percentages\n|rule|Endless Battle Clause: Forcing endless battles is banned\n|rule|OHKO Clause: OHKO moves are banned\n|rule|Evasion Clause: Evasion abilities, items, and moves are banned\n|rule|Evasion Abilities Clause: Evasion abilities are banned\n|rule|Evasion Items Clause: Evasion items are banned\n|rule|Evasion Moves Clause: Evasion moves are banned\n|rule|Species Clause: Limit one of each Pok\u00e9mon\n|rule|Sleep Clause Mod: Limit one foe put to sleep\n|clearpoke\n|poke|p1|Tyranitar, F|\n|poke|p1|Garganacl, F|\n|poke|p1|Aggron, F|\n|poke|p1|Glimmora, M|\n|poke|p1|Aurorus, F|\n|poke|p1|Rampardos, F|\n|poke|p2|Ninetales-Alola, F|\n|poke|p2|Moltres-Galar|\n|poke|p2|Kommo-o, M|\n|poke|p2|Zamazenta-*|\n|poke|p2|Glimmora, M|\n|poke|p2|Gyarados, M|\n|teampreview\n|\n|t:|1700744201\n|start\n|switch|p1a: Glimmora|Glimmora, M|100\/100\n|switch|p2a: Ninetales|Ninetales-Alola, F|100\/100\n|-weather|Snow|[from] ability: Snow Warning|[of] p2a: Ninetales\n|turn|1\n|\n|t:|1700744221\n|move|p1a: Glimmora|Sludge Wave|p2a: Ninetales\n|-supereffective|p2a: Ninetales\n|-damage|p2a: Ninetales|7\/100\n|move|p2a: Ninetales|Aurora Veil|p2a: Ninetales\n|-sidestart|p2: yunyunao|move: Aurora Veil\n|\n|-weather|Snow|[upkeep]\n|upkeep\n|turn|2\n|\n|t:|1700744262\n|switch|p2a: Moltres|Moltres-Galar|100\/100\n|move|p1a: Glimmora|Sludge Wave|p2a: Moltres\n|-damage|p2a: Moltres|80\/100\n|\n|-weather|Snow|[upkeep]\n|upkeep\n|turn|3\n|\n|t:|1700744275\n|switch|p1a: Tyranitar|Tyranitar, F|100\/100\n|-weather|Sandstorm|[from] ability: Sand Stream|[of] p1a: Tyranitar\n|move|p2a: Moltres|Agility|p2a: Moltres\n|-boost|p2a: Moltres|spe|2\n|\n|-weather|Sandstorm|[upkeep]\n|-damage|p2a: Moltres|73\/100|[from] Sandstorm\n|upkeep\n|turn|4\n|j| Xceptr\n|\n|t:|1700744285\n|move|p2a: Moltres|Nasty Plot|p2a: Moltres\n|-boost|p2a: Moltres|spa|2\n|move|p1a: Tyranitar|Dragon Tail|p2a: Moltres\n|-damage|p2a: Moltres|63\/100\n|drag|p2a: Gyarados|Gyarados, M|100\/100\n|-ability|p2a: Gyarados|Intimidate|boost\n|-unboost|p1a: Tyranitar|atk|1\n|\n|-weather|Sandstorm|[upkeep]\n|-damage|p2a: Gyarados|94\/100|[from] Sandstorm\n|upkeep\n|turn|5\n|\n|t:|1700744308\n|switch|p1a: Glimmora|Glimmora, M|100\/100\n|detailschange|p2a: Gyarados|Gyarados-Mega, M\n|-mega|p2a: Gyarados|Gyarados|Gyaradosite\n|-ability|p2a: Gyarados|Mold Breaker\n|move|p2a: Gyarados|Dragon Dance|p2a: Gyarados\n|-boost|p2a: Gyarados|atk|1\n|-boost|p2a: Gyarados|spe|1\n|\n|-weather|Sandstorm|[upkeep]\n|-damage|p2a: Gyarados|88\/100|[from] Sandstorm\n|upkeep\n|turn|6\n|\n|t:|1700744311\n|move|p1a: Glimmora|Mortal Spin|p2a: Gyarados\n|-damage|p2a: Gyarados|86\/100\n|-status|p2a: Gyarados|psn\n|move|p2a: Gyarados|Earthquake|p1a: Glimmora\n|-supereffective|p1a: Glimmora\n|-damage|p1a: Glimmora|0 fnt\n|-activate|p1a: Glimmora|ability: Toxic Debris\n|-sidestart|p2: yunyunao|move: Toxic Spikes\n|faint|p1a: Glimmora\n|\n|-weather|Sandstorm|[upkeep]\n|-damage|p2a: Gyarados|80\/100 psn|[from] Sandstorm\n|-damage|p2a: Gyarados|67\/100 psn|[from] psn\n|upkeep\n|\n|t:|1700744315\n|switch|p1a: Aggron|Aggron, F|100\/100\n|turn|7\n|\n|t:|1700744358\n|detailschange|p1a: Aggron|Aggron-Mega, F\n|-mega|p1a: Aggron|Aggron|Aggronite\n|move|p2a: Gyarados|Dragon Dance|p2a: Gyarados\n|-boost|p2a: Gyarados|atk|1\n|-boost|p2a: Gyarados|spe|1\n|move|p1a: Aggron|Body Press|p2a: Gyarados\n|-supereffective|p2a: Gyarados\n|-damage|p2a: Gyarados|22\/100 psn\n|\n|-weather|none\n|-damage|p2a: Gyarados|10\/100 psn|[from] psn\n|upkeep\n|turn|8\n|\n|t:|1700744381\n|switch|p1a: Rampardos|Rampardos, F|100\/100\n|-ability|p1a: Rampardos|Mold Breaker\n|move|p2a: Gyarados|Waterfall|p1a: Rampardos\n|-supereffective|p1a: Rampardos\n|-damage|p1a: Rampardos|0 fnt\n|faint|p1a: Rampardos\n|\n|-damage|p2a: Gyarados|0 fnt|[from] psn\n|faint|p2a: Gyarados\n|-sideend|p2: yunyunao|move: Aurora Veil\n|upkeep\n|\n|t:|1700744401\n|switch|p2a: Glimmora|Glimmora, M|100\/100\n|switch|p1a: Aurorus|Aurorus, F|100\/100\n|-sideend|p2: yunyunao|move: Toxic Spikes|[of] p2a: Glimmora\n|-weather|Snow|[from] ability: Snow Warning|[of] p1a: Aurorus\n|turn|9\n|\n|t:|1700744411\n|move|p2a: Glimmora|Power Gem|p1a: Aurorus\n|-supereffective|p1a: Aurorus\n|-damage|p1a: Aurorus|24\/100\n|move|p1a: Aurorus|Aurora Veil|p1a: Aurorus\n|-sidestart|p1: The power of ROCK|move: Aurora Veil\n|\n|-weather|Snow|[upkeep]\n|upkeep\n|turn|10\n|\n|t:|1700744435\n|switch|p1a: Garganacl|Garganacl, F|100\/100\n|move|p2a: Glimmora|Power Gem|p1a: Garganacl\n|-damage|p1a: Garganacl|86\/100\n|-enditem|p1a: Garganacl|Maranga Berry|[eat]\n|-boost|p1a: Garganacl|spd|1|[from] item: Maranga Berry\n|\n|-weather|Snow|[upkeep]\n|upkeep\n|turn|11\n|\n|t:|1700744449\n|move|p2a: Glimmora|Power Gem|p1a: Garganacl\n|-damage|p1a: Garganacl|76\/100\n|move|p1a: Garganacl|Iron Defense|p1a: Garganacl\n|-boost|p1a: Garganacl|def|2\n|\n|-weather|Snow|[upkeep]\n|upkeep\n|turn|12\n|\n|t:|1700744475\n|switch|p2a: Ninetales|Ninetales-Alola, F|7\/100\n|move|p1a: Garganacl|Salt Cure|p2a: Ninetales\n|-supereffective|p2a: Ninetales\n|-damage|p2a: Ninetales|0 fnt\n|faint|p2a: Ninetales\n|\n|-weather|Snow|[upkeep]\n|upkeep\n|\n|t:|1700744489\n|switch|p2a: Zamazenta|Zamazenta|100\/100\n|-ability|p2a: Zamazenta|Dauntless Shield|boost\n|-boost|p2a: Zamazenta|def|1\n|turn|13\n|j| ndsnez monika\n|j| chuntaro-kun\n|c| ndsnez monika|what elo is this\n|j| Shamoneamola\u2655\n|c| Shamoneamola\u2655|instant shamone\n|c| Shamoneamola\u2655|1650s\n|\n|t:|1700744551\n|-terastallize|p1a: Garganacl|Ghost\n|move|p2a: Zamazenta|Substitute|p2a: Zamazenta\n|-start|p2a: Zamazenta|Substitute\n|-damage|p2a: Zamazenta|76\/100\n|move|p1a: Garganacl|Iron Defense|p1a: Garganacl\n|-boost|p1a: Garganacl|def|2\n|\n|-weather|none\n|-heal|p2a: Zamazenta|82\/100|[from] item: Leftovers\n|upkeep\n|turn|14\n|c| ndsnez monika|garga says\n|c| ndsnez monika|nah, I'd win\n|c| ndsnez monika|Tera flying tho\n|\n|t:|1700744593\n|switch|p2a: Moltres|Moltres-Galar|63\/100\n|move|p1a: Garganacl|Iron Defense|p1a: Garganacl\n|-boost|p1a: Garganacl|def|2\n|\n|upkeep\n|turn|15\n|c|\u2606The power of ROCK|if he crits its gg\n|\n|t:|1700744612\n|move|p2a: Moltres|Nasty Plot|p2a: Moltres\n|-boost|p2a: Moltres|spa|2\n|move|p1a: Garganacl|Body Press|p2a: Moltres\n|-damage|p2a: Moltres|0 fnt\n|faint|p2a: Moltres\n|\n|upkeep\n|c|\u2606The power of ROCK|NVM\n|c| ndsnez monika|haxxed\n|\n|t:|1700744622\n|switch|p2a: Glimmora|Glimmora, M|100\/100\n|turn|16\n|l| chuntaro-kun\n|\n|t:|1700744629\n|move|p2a: Glimmora|Sludge Wave|p1a: Garganacl\n|-resisted|p1a: Garganacl\n|-damage|p1a: Garganacl|70\/100\n|move|p1a: Garganacl|Salt Cure|p2a: Glimmora\n|-damage|p2a: Glimmora|85\/100\n|-start|p2a: Glimmora|Salt Cure\n|-activate|p2a: Glimmora|ability: Toxic Debris\n|-sidestart|p1: The power of ROCK|move: Toxic Spikes\n|\n|-damage|p2a: Glimmora|73\/100|[from] Salt Cure\n|-sideend|p1: The power of ROCK|move: Aurora Veil\n|upkeep\n|turn|17\n|c| ndsnez monika|salt aids\n|c|\u2606The power of ROCK|lmao\n|\n|t:|1700744649\n|move|p2a: Glimmora|Sludge Wave|p1a: Garganacl\n|-resisted|p1a: Garganacl\n|-damage|p1a: Garganacl|58\/100\n|move|p1a: Garganacl|Recover|p1a: Garganacl\n|-heal|p1a: Garganacl|100\/100\n|\n|-damage|p2a: Glimmora|60\/100|[from] Salt Cure\n|upkeep\n|turn|18\n|c| Shamoneamola\u2655|maranga berry garg is demonic\n|c| Shamoneamola\u2655|its so thicc\n|c| ndsnez monika|evil\n|c|\u2606The power of ROCK|it takes 30% from a greninja dark pulse\n|c|\u2606The power of ROCK|when its a ghost type\n|c|\u2606The power of ROCK|thats insane\n|-message|yunyunao forfeited.\n|\n|win|The power of ROCK\n|raw|The power of ROCK's rating: 1646 &rarr; <strong>1667<\/strong><br \/>(+21 for winning)\n|raw|yunyunao's rating: 1662 &rarr; <strong>1641<\/strong><br \/>(-21 for losing)\n|l|\u2606yunyunao\n|c|\u2606The power of ROCK|gg lol\n|c| ndsnez monika|battle bond:\n|l| Shamoneamola\u2655\n|l| ndsnez monika\n|c|\u2606The power of ROCK|30% without battle bond\n","uploadtime":1700744713,"views":0,"p1id":"thepowerofrock","p2id":"yunyunao","formatid":"gen9nationaldex","rating":1641,"private":0,"password":""}