{"id":"gen9nationaldex-1990732196","p1":"Artheizen","p2":"savagewolf98420","format":"[Gen 9] National Dex","log":"|j|\u2606Artheizen\n|j|\u2606savagewolf98420\n|t:|1699995690\n|gametype|singles\n|player|p1|Artheizen|2|1122\n|player|p2|savagewolf98420|koga|1254\n|teamsize|p1|6\n|teamsize|p2|6\n|gen|9\n|tier|[Gen 9] National Dex\n|rated|\n|rule|HP Percentage Mod: HP is shown in percentages\n|rule|Endless Battle Clause: Forcing endless battles is banned\n|rule|OHKO Clause: OHKO moves are banned\n|rule|Evasion Clause: Evasion abilities, items, and moves are banned\n|rule|Evasion Abilities Clause: Evasion abilities are banned\n|rule|Evasion Items Clause: Evasion items are banned\n|rule|Evasion Moves Clause: Evasion moves are banned\n|rule|Species Clause: Limit one of each Pok\u00e9mon\n|rule|Sleep Clause Mod: Limit one foe put to sleep\n|clearpoke\n|poke|p1|Sirfetch\u2019d, M|\n|poke|p1|Swampert, M|\n|poke|p1|Metagross|\n|poke|p1|Roserade, F|\n|poke|p1|Incineroar, F|\n|poke|p1|Togekiss, M|\n|poke|p2|Swampert, F|\n|poke|p2|Pelipper, M|\n|poke|p2|Zapdos|\n|poke|p2|Rotom-Wash|\n|poke|p2|Manaphy|\n|poke|p2|Kabutops, M|\n|teampreview\n|inactive|Battle timer is ON: inactive players will automatically lose when time's up. (requested by Artheizen)\n|\n|t:|1699995699\n|start\n|switch|p1a: Sirfetch\u2019d|Sirfetch\u2019d, M|100\/100\n|switch|p2a: Pelipper|Pelipper, M|100\/100\n|-weather|RainDance|[from] ability: Drizzle|[of] p2a: Pelipper\n|turn|1\n|\n|t:|1699995711\n|move|p2a: Pelipper|Hurricane|p1a: Sirfetch\u2019d\n|-supereffective|p1a: Sirfetch\u2019d\n|-damage|p1a: Sirfetch\u2019d|23\/100\n|move|p1a: Sirfetch\u2019d|Swords Dance|p1a: Sirfetch\u2019d\n|-boost|p1a: Sirfetch\u2019d|atk|2\n|\n|-weather|RainDance|[upkeep]\n|upkeep\n|turn|2\n|\n|t:|1699995719\n|move|p2a: Pelipper|U-turn|p1a: Sirfetch\u2019d\n|-resisted|p1a: Sirfetch\u2019d\n|-damage|p1a: Sirfetch\u2019d|19\/100\n|\n|t:|1699995729\n|switch|p2a: Zapdos|Zapdos|100\/100|[from] U-turn\n|move|p1a: Sirfetch\u2019d|Leaf Blade|p2a: Zapdos\n|-resisted|p2a: Zapdos\n|-crit|p2a: Zapdos\n|-damage|p2a: Zapdos|55\/100\n|-status|p1a: Sirfetch\u2019d|par|[from] ability: Static|[of] p2a: Zapdos\n|\n|-weather|RainDance|[upkeep]\n|upkeep\n|turn|3\n|\n|t:|1699995741\n|move|p2a: Zapdos|Hurricane|p1a: Sirfetch\u2019d\n|-supereffective|p1a: Sirfetch\u2019d\n|-damage|p1a: Sirfetch\u2019d|0 fnt\n|faint|p1a: Sirfetch\u2019d\n|\n|-weather|RainDance|[upkeep]\n|upkeep\n|\n|t:|1699995764\n|switch|p1a: Swampert|Swampert, M|100\/100\n|turn|4\n|\n|t:|1699995772\n|detailschange|p1a: Swampert|Swampert-Mega, M\n|-mega|p1a: Swampert|Swampert|Swampertite\n|move|p1a: Swampert|Ice Punch|p2a: Zapdos\n|-supereffective|p2a: Zapdos\n|-damage|p2a: Zapdos|0 fnt\n|-status|p1a: Swampert|par|[from] ability: Static|[of] p2a: Zapdos\n|faint|p2a: Zapdos\n|\n|-weather|RainDance|[upkeep]\n|upkeep\n|\n|t:|1699995789\n|switch|p2a: Kabutops|Kabutops, M|100\/100\n|turn|5\n|\n|t:|1699995798\n|move|p2a: Kabutops|Flip Turn|p1a: Swampert\n|-damage|p1a: Swampert|61\/100 par\n|\n|t:|1699995812\n|switch|p2a: Pelipper|Pelipper, M|100\/100|[from] Flip Turn\n|cant|p1a: Swampert|par\n|\n|-weather|none\n|upkeep\n|turn|6\n|\n|t:|1699995828\n|move|p2a: Pelipper|U-turn|p1a: Swampert\n|-damage|p1a: Swampert|54\/100 par\n|\n|t:|1699995831\n|switch|p2a: Rotom|Rotom-Wash|100\/100|[from] U-turn\n|move|p1a: Swampert|Ice Punch|p2a: Rotom\n|-resisted|p2a: Rotom\n|-damage|p2a: Rotom|81\/100\n|\n|upkeep\n|turn|7\n|\n|t:|1699995841\n|move|p2a: Rotom|Rain Dance|p2a: Rotom\n|-weather|RainDance\n|cant|p1a: Swampert|par\n|\n|-weather|RainDance|[upkeep]\n|upkeep\n|turn|8\n|\n|t:|1699995852\n|switch|p2a: Swampert|Swampert, F|100\/100\n|move|p1a: Swampert|Liquidation|p2a: Swampert\n|-damage|p2a: Swampert|31\/100\n|\n|-weather|RainDance|[upkeep]\n|upkeep\n|turn|9\n|\n|t:|1699995864\n|detailschange|p2a: Swampert|Swampert-Mega, F\n|-mega|p2a: Swampert|Swampert|Swampertite\n|move|p2a: Swampert|Flip Turn|p1a: Swampert\n|-damage|p1a: Swampert|7\/100 par\n|\n|t:|1699995869\n|switch|p2a: Kabutops|Kabutops, M|100\/100|[from] Flip Turn\n|move|p1a: Swampert|Liquidation|p2a: Kabutops\n|-damage|p2a: Kabutops|6\/100\n|\n|-weather|RainDance|[upkeep]\n|upkeep\n|turn|10\n|\n|t:|1699995878\n|move|p2a: Kabutops|Rapid Spin|p1a: Swampert\n|-damage|p1a: Swampert|0 fnt\n|-boost|p2a: Kabutops|spe|1\n|faint|p1a: Swampert\n|\n|-weather|RainDance|[upkeep]\n|upkeep\n|\n|t:|1699995892\n|switch|p1a: Metagross|Metagross|100\/100\n|turn|11\n|\n|t:|1699995898\n|move|p1a: Metagross|Bullet Punch|p2a: Kabutops\n|-damage|p2a: Kabutops|0 fnt\n|faint|p2a: Kabutops\n|\n|-weather|RainDance|[upkeep]\n|upkeep\n|\n|t:|1699995910\n|switch|p2a: Swampert|Swampert-Mega, F|31\/100\n|turn|12\n|\n|t:|1699995935\n|move|p2a: Swampert|Earthquake|p1a: Metagross\n|-supereffective|p1a: Metagross\n|-damage|p1a: Metagross|12\/100\n|move|p1a: Metagross|Meteor Mash|p2a: Swampert\n|-resisted|p2a: Swampert\n|-damage|p2a: Swampert|14\/100\n|\n|-weather|RainDance|[upkeep]\n|upkeep\n|turn|13\n|\n|t:|1699995948\n|move|p1a: Metagross|Bullet Punch|p2a: Swampert\n|-resisted|p2a: Swampert\n|-damage|p2a: Swampert|6\/100\n|move|p2a: Swampert|Flip Turn|p1a: Metagross\n|-damage|p1a: Metagross|0 fnt\n|faint|p1a: Metagross\n|\n|t:|1699995957\n|switch|p2a: Rotom|Rotom-Wash|81\/100|[from] Flip Turn\n|\n|-weather|RainDance|[upkeep]\n|upkeep\n|\n|t:|1699995966\n|switch|p1a: Roserade|Roserade, F|100\/100\n|turn|14\n|\n|t:|1699995973\n|move|p2a: Rotom|Thunder|p1a: Roserade\n|-resisted|p1a: Roserade\n|-damage|p1a: Roserade|74\/100\n|move|p1a: Roserade|Energy Ball|p2a: Rotom\n|-supereffective|p2a: Rotom\n|-damage|p2a: Rotom|0 fnt\n|faint|p2a: Rotom\n|\n|-weather|none\n|-heal|p1a: Roserade|80\/100|[from] item: Black Sludge\n|upkeep\n|\n|t:|1699995988\n|switch|p2a: Pelipper|Pelipper, M|100\/100\n|-weather|RainDance|[from] ability: Drizzle|[of] p2a: Pelipper\n|turn|15\n|l|\u2606savagewolf98420\n|inactive|savagewolf98420 disconnected and has a minute to reconnect!\n|player|p2|\n|\n|t:|1699996013\n|move|p1a: Roserade|Toxic|p2a: Pelipper\n|-status|p2a: Pelipper|tox\n|move|p2a: Pelipper|Hurricane|p1a: Roserade\n|-supereffective|p1a: Roserade\n|-damage|p1a: Roserade|2\/100\n|-start|p1a: Roserade|confusion\n|\n|-weather|RainDance|[upkeep]\n|-heal|p1a: Roserade|8\/100|[from] item: Black Sludge\n|-damage|p2a: Pelipper|94\/100 tox|[from] psn\n|upkeep\n|turn|16\n|inactive|savagewolf98420 has 30 seconds to reconnect!\n|inactive|savagewolf98420 has 20 seconds to reconnect!\n|j|\u2606savagewolf98420\n|inactive|savagewolf98420 reconnected and has 110 seconds left.\n|player|p2|savagewolf98420|koga\n|\n|t:|1699996061\n|-activate|p1a: Roserade|confusion\n|-damage|p1a: Roserade|0 fnt|[from] confusion\n|faint|p1a: Roserade\n|move|p2a: Pelipper|U-turn|p1: Roserade|[notarget]\n|-fail|p2a: Pelipper\n|\n|-weather|RainDance|[upkeep]\n|-damage|p2a: Pelipper|82\/100 tox|[from] psn\n|upkeep\n|\n|t:|1699996065\n|switch|p1a: Togekiss|Togekiss, M|100\/100\n|turn|17\n|\n|t:|1699996077\n|move|p1a: Togekiss|Shadow Ball|p2a: Pelipper\n|-damage|p2a: Pelipper|52\/100 tox\n|move|p2a: Pelipper|U-turn|p1a: Togekiss\n|-resisted|p1a: Togekiss\n|-damage|p1a: Togekiss|99\/100\n|-damage|p2a: Pelipper|35\/100 tox|[from] item: Rocky Helmet|[of] p1a: Togekiss\n|\n|t:|1699996084\n|switch|p2a: Manaphy|Manaphy|100\/100|[from] U-turn\n|\n|-weather|RainDance|[upkeep]\n|upkeep\n|turn|18\n|inactive|Artheizen has 120 seconds left.\n|inactive|Artheizen has 90 seconds left.\n|\n|t:|1699996160\n|move|p2a: Manaphy|Tail Glow|p2a: Manaphy\n|-boost|p2a: Manaphy|spa|3\n|move|p1a: Togekiss|Dazzling Gleam|p2a: Manaphy\n|-crit|p2a: Manaphy\n|-damage|p2a: Manaphy|53\/100\n|\n|-weather|RainDance|[upkeep]\n|-heal|p2a: Manaphy|60\/100|[from] item: Leftovers\n|upkeep\n|turn|19\n|inactive|savagewolf98420 has 120 seconds left.\n|\n|t:|1699996173\n|-terastallize|p1a: Togekiss|Ghost\n|move|p2a: Manaphy|Scald|p1a: Togekiss\n|-damage|p1a: Togekiss|0 fnt\n|faint|p1a: Togekiss\n|\n|-weather|none\n|-heal|p2a: Manaphy|66\/100|[from] item: Leftovers\n|upkeep\n|\n|t:|1699996181\n|switch|p1a: Incineroar|Incineroar, F|100\/100\n|-ability|p1a: Incineroar|Intimidate|boost\n|-unboost|p2a: Manaphy|atk|1\n|turn|20\n|\n|t:|1699996186\n|move|p2a: Manaphy|Scald|p1a: Incineroar\n|-supereffective|p1a: Incineroar\n|-damage|p1a: Incineroar|0 fnt\n|faint|p1a: Incineroar\n|\n|win|savagewolf98420\n|raw|Artheizen's rating: 1122 &rarr; <strong>1106<\/strong><br \/>(-16 for losing)\n|raw|savagewolf98420's rating: 1254 &rarr; <strong>1270<\/strong><br \/>(+16 for winning)\n|l|\u2606Artheizen\n","uploadtime":1699996193,"views":4,"p1id":"artheizen","p2id":"savagewolf98420","formatid":"gen9nationaldex","rating":1106,"private":0,"password":""}