{"id":"gen9nationaldex-1988010368","p1":"DeadComedy","p2":"Thatoneguy189","format":"[Gen 9] National Dex","log":"|j|\u2606DeadComedy\n|j|\u2606Thatoneguy189\n|t:|1699658812\n|gametype|singles\n|player|p1|DeadComedy|alder|1221\n|player|p2|Thatoneguy189|102|1242\n|teamsize|p1|6\n|teamsize|p2|6\n|gen|9\n|tier|[Gen 9] National Dex\n|rated|\n|rule|HP Percentage Mod: HP is shown in percentages\n|rule|Endless Battle Clause: Forcing endless battles is banned\n|rule|OHKO Clause: OHKO moves are banned\n|rule|Evasion Clause: Evasion abilities, items, and moves are banned\n|rule|Evasion Abilities Clause: Evasion abilities are banned\n|rule|Evasion Items Clause: Evasion items are banned\n|rule|Evasion Moves Clause: Evasion moves are banned\n|rule|Species Clause: Limit one of each Pok\u00e9mon\n|rule|Sleep Clause Mod: Limit one foe put to sleep\n|clearpoke\n|poke|p1|Hatterene, F|\n|poke|p1|Toxtricity-Low-Key, M|\n|poke|p1|Frosmoth, F|\n|poke|p1|Slowbro-Galar, F|\n|poke|p1|Urshifu-*, M|\n|poke|p1|Dracozolt|\n|poke|p2|Reuniclus, M|\n|poke|p2|Gliscor, M|\n|poke|p2|Skeledirge, F|\n|poke|p2|Toxapex, M|\n|poke|p2|Ferrothorn, F|\n|poke|p2|Ninetales-Alola, M|\n|teampreview\n|inactive|Battle timer is ON: inactive players will automatically lose when time's up. (requested by Thatoneguy189)\n|\n|t:|1699658824\n|start\n|switch|p1a: Bang|Urshifu-Rapid-Strike, M|100\/100\n|switch|p2a: Gliscor|Gliscor, M|100\/100\n|turn|1\n|\n|t:|1699658832\n|switch|p2a: Ferrothorn|Ferrothorn, F|100\/100\n|move|p1a: Bang|Ice Spinner|p2a: Ferrothorn\n|-damage|p2a: Ferrothorn|77\/100\n|-damage|p1a: Bang|88\/100|[from] ability: Iron Barbs|[of] p2a: Ferrothorn\n|-damage|p1a: Bang|72\/100|[from] item: Rocky Helmet|[of] p2a: Ferrothorn\n|-damage|p1a: Bang|62\/100|[from] item: Life Orb\n|\n|upkeep\n|turn|2\n|\n|t:|1699658842\n|switch|p2a: Skeledirge|Skeledirge, F|100\/100\n|move|p1a: Bang|Drain Punch|p2a: Skeledirge\n|-immune|p2a: Skeledirge\n|\n|upkeep\n|turn|3\n|\n|t:|1699658847\n|switch|p2a: Toxapex|Toxapex, M|100\/100\n|move|p1a: Bang|Surging Strikes|p2a: Toxapex\n|-resisted|p2a: Toxapex\n|-crit|p2a: Toxapex\n|-damage|p2a: Toxapex|91\/100\n|-resisted|p2a: Toxapex\n|-crit|p2a: Toxapex\n|-damage|p2a: Toxapex|82\/100\n|-resisted|p2a: Toxapex\n|-crit|p2a: Toxapex\n|-damage|p2a: Toxapex|73\/100\n|-hitcount|p2a: Toxapex|3\n|-damage|p1a: Bang|52\/100|[from] item: Life Orb\n|\n|-heal|p2a: Toxapex|79\/100|[from] item: Leftovers\n|upkeep\n|turn|4\n|\n|t:|1699658860\n|switch|p1a: Thiccums|Dracozolt|100\/100\n|move|p2a: Toxapex|Poison Jab|p1a: Thiccums\n|-crit|p1a: Thiccums\n|-damage|p1a: Thiccums|65\/100\n|-status|p1a: Thiccums|psn\n|\n|-heal|p2a: Toxapex|85\/100|[from] item: Leftovers\n|-damage|p1a: Thiccums|53\/100 psn|[from] psn\n|upkeep\n|turn|5\n|\n|t:|1699658871\n|move|p2a: Toxapex|Baneful Bunker|p2a: Toxapex\n|-singleturn|p2a: Toxapex|move: Protect\n|move|p1a: Thiccums|Dragon Claw|p2a: Toxapex\n|-activate|p2a: Toxapex|move: Protect\n|\n|-heal|p2a: Toxapex|91\/100|[from] item: Leftovers\n|-damage|p1a: Thiccums|40\/100 psn|[from] psn\n|upkeep\n|turn|6\n|\n|t:|1699658879\n|switch|p2a: Ninetales|Ninetales-Alola, M|100\/100\n|-weather|Snow|[from] ability: Snow Warning|[of] p2a: Ninetales\n|move|p1a: Thiccums|Dragon Claw|p2a: Ninetales\n|-immune|p2a: Ninetales\n|\n|-weather|Snow|[upkeep]\n|-damage|p1a: Thiccums|28\/100 psn|[from] psn\n|upkeep\n|turn|7\n|\n|t:|1699658889\n|switch|p1a: Patrick|Slowbro-Galar, F|100\/100\n|move|p2a: Ninetales|Blizzard|p1a: Patrick\n|-damage|p1a: Patrick|55\/100\n|\n|-weather|Snow|[upkeep]\n|-heal|p1a: Patrick|61\/100|[from] item: Leftovers\n|upkeep\n|turn|8\n|\n|t:|1699658901\n|switch|p2a: Ferrothorn|Ferrothorn, F|77\/100\n|move|p1a: Patrick|Shell Side Arm|p2a: Ferrothorn|[anim] Shell Side Arm Special\n|-immune|p2a: Ferrothorn\n|\n|-weather|Snow|[upkeep]\n|-heal|p1a: Patrick|67\/100|[from] item: Leftovers\n|upkeep\n|turn|9\n|\n|t:|1699658914\n|switch|p2a: Gliscor|Gliscor, M|100\/100\n|move|p1a: Patrick|Earthquake|p2a: Gliscor\n|-immune|p2a: Gliscor\n|\n|-weather|Snow|[upkeep]\n|-heal|p1a: Patrick|73\/100|[from] item: Leftovers\n|-status|p2a: Gliscor|tox|[from] item: Toxic Orb\n|upkeep\n|turn|10\n|\n|t:|1699658922\n|move|p2a: Gliscor|Earthquake|p1a: Patrick\n|-supereffective|p1a: Patrick\n|-damage|p1a: Patrick|17\/100\n|move|p1a: Patrick|Zen Headbutt|p2a: Gliscor\n|-damage|p2a: Gliscor|78\/100 tox\n|\n|-weather|none\n|-heal|p1a: Patrick|23\/100|[from] item: Leftovers\n|-heal|p2a: Gliscor|91\/100 tox|[from] ability: Poison Heal\n|upkeep\n|turn|11\n|\n|t:|1699658931\n|move|p2a: Gliscor|Earthquake|p1a: Patrick\n|-supereffective|p1a: Patrick\n|-damage|p1a: Patrick|0 fnt\n|faint|p1a: Patrick\n|\n|-heal|p2a: Gliscor|100\/100 tox|[from] ability: Poison Heal\n|upkeep\n|\n|t:|1699658940\n|switch|p1a: Bang|Urshifu-Rapid-Strike, M|52\/100\n|turn|12\n|\n|t:|1699658947\n|switch|p2a: Ferrothorn|Ferrothorn, F|77\/100\n|move|p1a: Bang|Surging Strikes|p2a: Ferrothorn\n|-resisted|p2a: Ferrothorn\n|-crit|p2a: Ferrothorn\n|-damage|p2a: Ferrothorn|68\/100\n|-damage|p1a: Bang|40\/100|[from] ability: Iron Barbs|[of] p2a: Ferrothorn\n|-damage|p1a: Bang|23\/100|[from] item: Rocky Helmet|[of] p2a: Ferrothorn\n|-resisted|p2a: Ferrothorn\n|-crit|p2a: Ferrothorn\n|-damage|p2a: Ferrothorn|60\/100\n|-damage|p1a: Bang|11\/100|[from] ability: Iron Barbs|[of] p2a: Ferrothorn\n|-damage|p1a: Bang|0 fnt|[from] item: Rocky Helmet|[of] p2a: Ferrothorn\n|faint|p1a: Bang\n|-hitcount|p2a: Ferrothorn|2\n|\n|upkeep\n|\n|t:|1699658961\n|switch|p1a: Alice|Hatterene, F|100\/100\n|turn|13\n|\n|t:|1699658975\n|switch|p2a: Gliscor|Gliscor, M|100\/100 tox\n|move|p1a: Alice|Trick Room|p1a: Alice\n|-fieldstart|move: Trick Room|[of] p1a: Alice\n|\n|upkeep\n|turn|14\n|\n|t:|1699658980\n|move|p1a: Alice|Draining Kiss|p2a: Gliscor\n|-damage|p2a: Gliscor|61\/100 tox\n|move|p2a: Gliscor|Poison Jab|p1a: Alice\n|-supereffective|p1a: Alice\n|-damage|p1a: Alice|41\/100\n|-status|p1a: Alice|psn\n|\n|-heal|p1a: Alice|47\/100 psn|[from] item: Leftovers\n|-damage|p1a: Alice|34\/100 psn|[from] psn\n|-heal|p2a: Gliscor|74\/100 tox|[from] ability: Poison Heal\n|upkeep\n|turn|15\n|\n|t:|1699658991\n|move|p1a: Alice|Draining Kiss|p2a: Gliscor\n|-damage|p2a: Gliscor|38\/100 tox\n|-heal|p1a: Alice|63\/100 psn|[from] drain|[of] p2a: Gliscor\n|move|p2a: Gliscor|Earthquake|p1a: Alice\n|-damage|p1a: Alice|11\/100 psn\n|\n|-heal|p1a: Alice|17\/100 psn|[from] item: Leftovers\n|-damage|p1a: Alice|5\/100 psn|[from] psn\n|-heal|p2a: Gliscor|50\/100 tox|[from] ability: Poison Heal\n|upkeep\n|turn|16\n|\n|t:|1699659001\n|move|p1a: Alice|Draining Kiss|p2a: Gliscor\n|-damage|p2a: Gliscor|10\/100 tox\n|-heal|p1a: Alice|37\/100 psn|[from] drain|[of] p2a: Gliscor\n|move|p2a: Gliscor|Poison Jab|p1a: Alice\n|-supereffective|p1a: Alice\n|-damage|p1a: Alice|0 fnt\n|faint|p1a: Alice\n|\n|-heal|p2a: Gliscor|22\/100 tox|[from] ability: Poison Heal\n|upkeep\n|\n|t:|1699659011\n|switch|p1a: Luna|Frosmoth, F|100\/100\n|turn|17\n|\n|t:|1699659019\n|move|p1a: Luna|Quiver Dance|p1a: Luna\n|-boost|p1a: Luna|spa|1\n|-boost|p1a: Luna|spd|1\n|-boost|p1a: Luna|spe|1\n|move|p2a: Gliscor|Fire Fang|p1a: Luna\n|-supereffective|p1a: Luna\n|-enditem|p1a: Luna|Focus Sash\n|-damage|p1a: Luna|1\/100\n|\n|-heal|p2a: Gliscor|35\/100 tox|[from] ability: Poison Heal\n|-fieldend|move: Trick Room\n|upkeep\n|turn|18\n|\n|t:|1699659028\n|move|p1a: Luna|Ice Beam|p2a: Gliscor\n|-supereffective|p2a: Gliscor\n|-damage|p2a: Gliscor|0 fnt\n|faint|p2a: Gliscor\n|\n|upkeep\n|\n|t:|1699659033\n|switch|p2a: Ninetales|Ninetales-Alola, M|100\/100\n|-weather|Snow|[from] ability: Snow Warning|[of] p2a: Ninetales\n|turn|19\n|\n|t:|1699659039\n|move|p2a: Ninetales|Blizzard|p1a: Luna\n|-resisted|p1a: Luna\n|-damage|p1a: Luna|0 fnt\n|faint|p1a: Luna\n|\n|-weather|Snow|[upkeep]\n|upkeep\n|\n|t:|1699659045\n|switch|p1a: Thiccums|Dracozolt|28\/100 psn\n|turn|20\n|\n|t:|1699659051\n|move|p1a: Thiccums|Bolt Beak|p2a: Ninetales|[miss]\n|-miss|p1a: Thiccums|p2a: Ninetales\n|move|p2a: Ninetales|Blizzard|p1a: Thiccums\n|-supereffective|p1a: Thiccums\n|-damage|p1a: Thiccums|0 fnt\n|faint|p1a: Thiccums\n|\n|-weather|Snow|[upkeep]\n|upkeep\n|\n|t:|1699659058\n|switch|p1a: Paul Jones|Toxtricity-Low-Key, M|100\/100\n|-item|p1a: Paul Jones|Air Balloon\n|turn|21\n|\n|t:|1699659064\n|move|p2a: Ninetales|Blizzard|p1a: Paul Jones\n|-damage|p1a: Paul Jones|49\/100\n|-enditem|p1a: Paul Jones|Air Balloon\n|move|p1a: Paul Jones|Overdrive|p2a: Ninetales\n|-damage|p2a: Ninetales|40\/100\n|\n|-weather|Snow|[upkeep]\n|upkeep\n|turn|22\n|\n|t:|1699659072\n|move|p2a: Ninetales|Blizzard|p1a: Paul Jones\n|-damage|p1a: Paul Jones|0 fnt\n|faint|p1a: Paul Jones\n|\n|win|Thatoneguy189\n|raw|DeadComedy's rating: 1221 &rarr; <strong>1198<\/strong><br \/>(-23 for losing)\n|raw|Thatoneguy189's rating: 1242 &rarr; <strong>1265<\/strong><br \/>(+23 for winning)\n|l|\u2606DeadComedy\n","uploadtime":1699659083,"views":4,"p1id":"deadcomedy","p2id":"thatoneguy189","formatid":"gen9nationaldex","rating":1198,"private":0,"password":""}