{"id":"gen9nationaldex-1996647394","p1":"Reivya","p2":"Jsrex4","format":"[Gen 9] National Dex","log":"|html|<div class=\"broadcast-blue\"><strong>[Gen 9] National Dex is currently suspecting Sneasler! For information on how to participate check out the <a href=\"https:\/\/www.smogon.com\/forums\/threads\/sv-national-dex-suspect-8-just-dance.3731534\/\">suspect thread<\/a>.<\/strong><\/div>\n|j|\u2606Reivya\n|j|\u2606Jsrex4\n|t:|1700704831\n|gametype|singles\n|player|p1|Reivya|veteranf|1119\n|player|p2|Jsrex4|169|1043\n|teamsize|p1|6\n|teamsize|p2|6\n|gen|9\n|tier|[Gen 9] National Dex\n|rated|\n|rule|HP Percentage Mod: HP is shown in percentages\n|rule|Endless Battle Clause: Forcing endless battles is banned\n|rule|OHKO Clause: OHKO moves are banned\n|rule|Evasion Clause: Evasion abilities, items, and moves are banned\n|rule|Evasion Abilities Clause: Evasion abilities are banned\n|rule|Evasion Items Clause: Evasion items are banned\n|rule|Evasion Moves Clause: Evasion moves are banned\n|rule|Species Clause: Limit one of each Pok\u00e9mon\n|rule|Sleep Clause Mod: Limit one foe put to sleep\n|clearpoke\n|poke|p1|Druddigon, M|\n|poke|p1|Drapion, M|\n|poke|p1|Florges, F|\n|poke|p1|Gallade, M|\n|poke|p1|Tsareena, F|\n|poke|p1|Skarmory, F|\n|poke|p2|Deoxys-Defense|\n|poke|p2|Wo-Chien|\n|poke|p2|Vivillon, M|\n|poke|p2|Blissey, F|\n|poke|p2|Pyroar, F|\n|poke|p2|Altaria, M|\n|teampreview\n|inactive|Battle timer is ON: inactive players will automatically lose when time's up. (requested by Jsrex4)\n|c|\u2606Reivya|good luck, have fun\n|\n|t:|1700704843\n|start\n|switch|p1a: Tsareena|Tsareena, F|100\/100\n|switch|p2a: Pyroar|Pyroar, F|100\/100\n|turn|1\n|\n|t:|1700704854\n|switch|p1a: Drapion|Drapion, M|100\/100\n|move|p2a: Pyroar|Flame Charge|p1a: Drapion\n|-damage|p1a: Drapion|89\/100\n|-boost|p2a: Pyroar|spe|1\n|\n|-heal|p1a: Drapion|95\/100|[from] item: Leftovers\n|upkeep\n|turn|2\n|inactive|Jsrex4 has 120 seconds left.\n|\n|t:|1700704885\n|switch|p2a: Wo-Chien|Wo-Chien|100\/100\n|-ability|p2a: Wo-Chien|Tablets of Ruin\n|move|p1a: Drapion|Roar|p2a: Wo-Chien\n|drag|p2a: Pyroar|Pyroar, F|100\/100\n|\n|-heal|p1a: Drapion|100\/100|[from] item: Leftovers\n|upkeep\n|turn|3\n|inactive|Jsrex4 has 120 seconds left.\n|\n|t:|1700704901\n|switch|p2a: Wo-Chien|Wo-Chien|100\/100\n|-ability|p2a: Wo-Chien|Tablets of Ruin\n|-terastallize|p1a: Drapion|Ground\n|move|p1a: Drapion|Earthquake|p2a: Wo-Chien\n|-resisted|p2a: Wo-Chien\n|-damage|p2a: Wo-Chien|89\/100\n|\n|upkeep\n|turn|4\n|inactive|Jsrex4 has 120 seconds left.\n|\n|t:|1700704917\n|move|p2a: Wo-Chien|Leaf Storm|p1a: Drapion\n|-supereffective|p1a: Drapion\n|-damage|p1a: Drapion|0 fnt\n|-unboost|p2a: Wo-Chien|spa|2\n|faint|p1a: Drapion\n|\n|upkeep\n|\n|t:|1700704936\n|switch|p1a: Gallade|Gallade, M|100\/100\n|turn|5\n|inactive|Jsrex4 has 120 seconds left.\n|\n|t:|1700704947\n|detailschange|p1a: Gallade|Gallade-Mega, M\n|-mega|p1a: Gallade|Gallade|Galladite\n|move|p1a: Gallade|Knock Off|p2a: Wo-Chien\n|-resisted|p2a: Wo-Chien\n|-damage|p2a: Wo-Chien|75\/100\n|-enditem|p2a: Wo-Chien|Assault Vest|[from] move: Knock Off|[of] p1a: Gallade\n|move|p2a: Wo-Chien|Knock Off|p1a: Gallade\n|-crit|p1a: Gallade\n|-damage|p1a: Gallade|60\/100\n|\n|upkeep\n|turn|6\n|inactive|Jsrex4 has 120 seconds left.\n|\n|t:|1700704962\n|move|p1a: Gallade|Close Combat|p2a: Wo-Chien\n|-supereffective|p2a: Wo-Chien\n|-damage|p2a: Wo-Chien|0 fnt\n|-unboost|p1a: Gallade|def|1\n|-unboost|p1a: Gallade|spd|1\n|faint|p2a: Wo-Chien\n|\n|upkeep\n|inactive|Jsrex4 has 120 seconds left.\n|\n|t:|1700704980\n|switch|p2a: Altaria|Altaria, M, shiny|100\/100\n|-ability|p2a: Altaria|Cloud Nine\n|turn|7\n|\n|t:|1700704990\n|switch|p1a: Skarmory|Skarmory, F|100\/100\n|detailschange|p2a: Altaria|Altaria-Mega, M, shiny\n|-mega|p2a: Altaria|Altaria|Altarianite\n|move|p2a: Altaria|Moonblast|p1a: Skarmory\n|-resisted|p1a: Skarmory\n|-damage|p1a: Skarmory|84\/100\n|-unboost|p1a: Skarmory|spa|1\n|\n|-heal|p1a: Skarmory|90\/100|[from] item: Leftovers\n|upkeep\n|turn|8\n|inactive|Jsrex4 has 120 seconds left.\n|\n|t:|1700705007\n|switch|p2a: Pyroar|Pyroar, F|100\/100\n|move|p1a: Skarmory|Steel Wing|p2a: Pyroar\n|-resisted|p2a: Pyroar\n|-damage|p2a: Pyroar|88\/100\n|\n|-heal|p1a: Skarmory|96\/100|[from] item: Leftovers\n|upkeep\n|turn|9\n|inactive|Jsrex4 has 120 seconds left.\n|\n|t:|1700705017\n|switch|p1a: Druddigon|Druddigon, M|100\/100\n|move|p2a: Pyroar|Flame Charge|p1a: Druddigon\n|-resisted|p1a: Druddigon\n|-damage|p1a: Druddigon|95\/100\n|-boost|p2a: Pyroar|spe|1\n|-damage|p2a: Pyroar|76\/100|[from] ability: Rough Skin|[of] p1a: Druddigon\n|-damage|p2a: Pyroar|59\/100|[from] item: Rocky Helmet|[of] p1a: Druddigon\n|\n|upkeep\n|turn|10\n|inactive|Jsrex4 has 120 seconds left.\n|\n|t:|1700705033\n|switch|p2a: Altaria|Altaria-Mega, M, shiny|100\/100\n|move|p1a: Druddigon|Glare|p2a: Altaria\n|-status|p2a: Altaria|par\n|\n|upkeep\n|turn|11\n|inactive|Jsrex4 has 120 seconds left.\n|\n|t:|1700705041\n|switch|p1a: Skarmory|Skarmory, F|96\/100\n|move|p2a: Altaria|Moonblast|p1a: Skarmory\n|-resisted|p1a: Skarmory\n|-damage|p1a: Skarmory|79\/100\n|-unboost|p1a: Skarmory|spa|1\n|\n|-heal|p1a: Skarmory|85\/100|[from] item: Leftovers\n|upkeep\n|turn|12\n|inactive|Jsrex4 has 120 seconds left.\n|\n|t:|1700705055\n|switch|p2a: Pyroar|Pyroar, F|59\/100\n|move|p1a: Skarmory|Stealth Rock|p2a: Pyroar\n|-sidestart|p2: Jsrex4|move: Stealth Rock\n|\n|-heal|p1a: Skarmory|91\/100|[from] item: Leftovers\n|upkeep\n|turn|13\n|\n|t:|1700705063\n|switch|p1a: Druddigon|Druddigon, M|95\/100\n|move|p2a: Pyroar|Crunch|p1a: Druddigon\n|-damage|p1a: Druddigon|83\/100\n|-damage|p2a: Pyroar|47\/100|[from] ability: Rough Skin|[of] p1a: Druddigon\n|-damage|p2a: Pyroar|31\/100|[from] item: Rocky Helmet|[of] p1a: Druddigon\n|\n|upkeep\n|turn|14\n|inactive|Jsrex4 has 120 seconds left.\n|\n|t:|1700705080\n|switch|p2a: Altaria|Altaria-Mega, M, shiny|100\/100 par\n|-damage|p2a: Altaria|88\/100 par|[from] Stealth Rock\n|move|p1a: Druddigon|Dragon Tail|p2a: Altaria\n|-immune|p2a: Altaria\n|\n|upkeep\n|turn|15\n|\n|t:|1700705095\n|switch|p1a: Skarmory|Skarmory, F|91\/100\n|move|p2a: Altaria|Dragon Claw|p1a: Skarmory\n|-resisted|p1a: Skarmory\n|-crit|p1a: Skarmory\n|-damage|p1a: Skarmory|70\/100\n|\n|-heal|p1a: Skarmory|76\/100|[from] item: Leftovers\n|upkeep\n|turn|16\n|\n|t:|1700705105\n|move|p1a: Skarmory|Spikes|p2a: Altaria\n|-sidestart|p2: Jsrex4|Spikes\n|move|p2a: Altaria|Earthquake|p1a: Skarmory\n|-immune|p1a: Skarmory\n|\n|-heal|p1a: Skarmory|82\/100|[from] item: Leftovers\n|upkeep\n|turn|17\n|\n|t:|1700705119\n|switch|p2a: Blissey|Blissey, F|100\/100\n|-damage|p2a: Blissey|88\/100|[from] Stealth Rock\n|-damage|p2a: Blissey|76\/100|[from] Spikes\n|move|p1a: Skarmory|Iron Defense|p1a: Skarmory\n|-boost|p1a: Skarmory|def|2\n|\n|-heal|p1a: Skarmory|88\/100|[from] item: Leftovers\n|upkeep\n|turn|18\n|\n|t:|1700705132\n|switch|p1a: Tsareena|Tsareena, F|100\/100\n|move|p2a: Blissey|Flamethrower|p1a: Tsareena\n|-supereffective|p1a: Tsareena\n|-damage|p1a: Tsareena|77\/100\n|\n|upkeep\n|turn|19\n|\n|t:|1700705140\n|move|p1a: Tsareena|Taunt|p2a: Blissey\n|-start|p2a: Blissey|move: Taunt\n|move|p2a: Blissey|Flamethrower|p1a: Tsareena\n|-supereffective|p1a: Tsareena\n|-damage|p1a: Tsareena|52\/100\n|\n|upkeep\n|turn|20\n|\n|t:|1700705153\n|switch|p1a: Druddigon|Druddigon, M|83\/100\n|move|p2a: Blissey|Flamethrower|p1a: Druddigon\n|-resisted|p1a: Druddigon\n|-damage|p1a: Druddigon|76\/100\n|\n|upkeep\n|turn|21\n|\n|t:|1700705161\n|move|p2a: Blissey|Ice Beam|p1a: Druddigon\n|-supereffective|p1a: Druddigon\n|-damage|p1a: Druddigon|51\/100\n|-status|p1a: Druddigon|frz\n|-curestatus|p1a: Druddigon|frz|[msg]\n|move|p1a: Druddigon|Dragon Tail|p2a: Blissey\n|-damage|p2a: Blissey|56\/100\n|-damage|p1a: Druddigon|34\/100|[from] item: Rocky Helmet|[of] p2a: Blissey\n|drag|p2a: Deoxys|Deoxys-Defense|100\/100\n|-damage|p2a: Deoxys|88\/100|[from] Stealth Rock\n|-damage|p2a: Deoxys|76\/100|[from] Spikes\n|-ability|p2a: Deoxys|Pressure\n|\n|-heal|p2a: Deoxys|82\/100|[from] item: Leftovers\n|upkeep\n|turn|22\n|\n|t:|1700705179\n|move|p2a: Deoxys|Ice Beam|p1a: Druddigon\n|-supereffective|p1a: Druddigon\n|-damage|p1a: Druddigon|8\/100\n|move|p1a: Druddigon|Rest|p1a: Druddigon\n|-status|p1a: Druddigon|slp|[from] move: Rest\n|-heal|p1a: Druddigon|100\/100 slp|[silent]\n|\n|-heal|p2a: Deoxys|88\/100|[from] item: Leftovers\n|upkeep\n|turn|23\n|\n|t:|1700705194\n|switch|p1a: Florges|Florges, F|100\/100\n|move|p2a: Deoxys|Ice Beam|p1a: Florges\n|-damage|p1a: Florges|93\/100\n|\n|-heal|p2a: Deoxys|94\/100|[from] item: Leftovers\n|upkeep\n|turn|24\n|\n|t:|1700705206\n|move|p1a: Florges|Magic Coat|p1a: Florges\n|-singleturn|p1a: Florges|move: Magic Coat\n|move|p2a: Deoxys|Extreme Speed|p1a: Florges\n|-damage|p1a: Florges|67\/100\n|\n|-heal|p2a: Deoxys|100\/100|[from] item: Leftovers\n|upkeep\n|turn|25\n|\n|t:|1700705230\n|switch|p1a: Gallade|Gallade-Mega, M|60\/100\n|move|p2a: Deoxys|Extreme Speed|p1a: Gallade\n|-damage|p1a: Gallade|38\/100\n|\n|upkeep\n|turn|26\n|\n|t:|1700705237\n|move|p1a: Gallade|Knock Off|p2a: Deoxys\n|-supereffective|p2a: Deoxys\n|-damage|p2a: Deoxys|16\/100\n|-enditem|p2a: Deoxys|Leftovers|[from] move: Knock Off|[of] p1a: Gallade\n|move|p2a: Deoxys|Shadow Ball|p1a: Gallade\n|-supereffective|p1a: Gallade\n|-damage|p1a: Gallade|7\/100\n|\n|upkeep\n|turn|27\n|\n|t:|1700705247\n|move|p2a: Deoxys|Extreme Speed|p1a: Gallade\n|-damage|p1a: Gallade|0 fnt\n|faint|p1a: Gallade\n|\n|upkeep\n|\n|t:|1700705271\n|switch|p1a: Druddigon|Druddigon, M|100\/100 slp\n|turn|28\n|\n|t:|1700705275\n|move|p2a: Deoxys|Ice Beam|p1a: Druddigon\n|-supereffective|p1a: Druddigon\n|-damage|p1a: Druddigon|74\/100 slp\n|cant|p1a: Druddigon|slp\n|\n|upkeep\n|turn|29\n|\n|t:|1700705281\n|move|p2a: Deoxys|Ice Beam|p1a: Druddigon\n|-supereffective|p1a: Druddigon\n|-damage|p1a: Druddigon|48\/100 slp\n|cant|p1a: Druddigon|slp\n|\n|upkeep\n|turn|30\n|\n|t:|1700705287\n|move|p2a: Deoxys|Ice Beam|p1a: Druddigon\n|-supereffective|p1a: Druddigon\n|-damage|p1a: Druddigon|20\/100 slp\n|-curestatus|p1a: Druddigon|slp|[msg]\n|move|p1a: Druddigon|Rest|p1a: Druddigon\n|-status|p1a: Druddigon|slp|[from] move: Rest\n|-heal|p1a: Druddigon|100\/100 slp|[silent]\n|\n|upkeep\n|turn|31\n|\n|t:|1700705297\n|move|p2a: Deoxys|Ice Beam|p1a: Druddigon\n|-supereffective|p1a: Druddigon\n|-damage|p1a: Druddigon|76\/100 slp\n|cant|p1a: Druddigon|slp\n|\n|upkeep\n|turn|32\n|\n|t:|1700705305\n|move|p2a: Deoxys|Ice Beam|p1a: Druddigon\n|-supereffective|p1a: Druddigon\n|-damage|p1a: Druddigon|52\/100 slp\n|cant|p1a: Druddigon|slp\n|\n|upkeep\n|turn|33\n|\n|t:|1700705311\n|move|p2a: Deoxys|Ice Beam|p1a: Druddigon\n|-supereffective|p1a: Druddigon\n|-damage|p1a: Druddigon|25\/100 slp\n|-curestatus|p1a: Druddigon|slp|[msg]\n|move|p1a: Druddigon|Dragon Tail|p2a: Deoxys\n|-damage|p2a: Deoxys|0 fnt\n|faint|p2a: Deoxys\n|\n|upkeep\n|\n|t:|1700705327\n|switch|p2a: Altaria|Altaria-Mega, M, shiny|88\/100 par\n|-damage|p2a: Altaria|76\/100 par|[from] Stealth Rock\n|-damage|p2a: Altaria|63\/100 par|[from] Spikes\n|turn|34\n|\n|t:|1700705341\n|switch|p1a: Skarmory|Skarmory, F|88\/100\n|move|p2a: Altaria|Moonblast|p1a: Skarmory\n|-resisted|p1a: Skarmory\n|-damage|p1a: Skarmory|70\/100\n|\n|-heal|p1a: Skarmory|76\/100|[from] item: Leftovers\n|upkeep\n|turn|35\n|\n|t:|1700705351\n|switch|p2a: Blissey|Blissey, F|56\/100\n|-damage|p2a: Blissey|44\/100|[from] Stealth Rock\n|-damage|p2a: Blissey|31\/100|[from] Spikes\n|move|p1a: Skarmory|Iron Defense|p1a: Skarmory\n|-boost|p1a: Skarmory|def|2\n|\n|-heal|p1a: Skarmory|82\/100|[from] item: Leftovers\n|upkeep\n|turn|36\n|\n|t:|1700705364\n|move|p1a: Skarmory|Spikes|p2a: Blissey\n|-sidestart|p2: Jsrex4|Spikes\n|move|p2a: Blissey|Flamethrower|p1a: Skarmory\n|-supereffective|p1a: Skarmory\n|-damage|p1a: Skarmory|50\/100\n|\n|-heal|p1a: Skarmory|56\/100|[from] item: Leftovers\n|upkeep\n|turn|37\n|\n|t:|1700705375\n|move|p1a: Skarmory|Spikes|p2a: Blissey\n|-sidestart|p2: Jsrex4|Spikes\n|move|p2a: Blissey|Wish|p2a: Blissey\n|\n|-heal|p1a: Skarmory|62\/100|[from] item: Leftovers\n|upkeep\n|turn|38\n|\n|t:|1700705385\n|switch|p1a: Florges|Florges, F|67\/100\n|move|p2a: Blissey|Flamethrower|p1a: Florges\n|-damage|p1a: Florges|58\/100\n|\n|-heal|p2a: Blissey|81\/100|[from] move: Wish|[wisher] Blissey\n|upkeep\n|turn|39\n|\n|t:|1700705396\n|move|p1a: Florges|Moonblast|p2a: Blissey\n|-damage|p2a: Blissey|68\/100\n|move|p2a: Blissey|Shadow Ball|p1a: Florges\n|-damage|p1a: Florges|50\/100\n|\n|upkeep\n|turn|40\n|\n|t:|1700705417\n|move|p1a: Florges|Moonblast|p2a: Blissey\n|-damage|p2a: Blissey|54\/100\n|-unboost|p2a: Blissey|spa|1\n|move|p2a: Blissey|Ice Beam|p1a: Florges\n|-damage|p1a: Florges|44\/100\n|\n|upkeep\n|turn|41\n|\n|t:|1700705428\n|move|p1a: Florges|Moonblast|p2a: Blissey\n|-damage|p2a: Blissey|40\/100\n|move|p2a: Blissey|Wish|p2a: Blissey\n|\n|upkeep\n|turn|42\n|\n|t:|1700705438\n|switch|p2a: Pyroar|Pyroar, F|31\/100\n|-damage|p2a: Pyroar|6\/100|[from] Stealth Rock\n|-damage|p2a: Pyroar|0 fnt|[from] Spikes\n|faint|p2a: Pyroar\n|move|p1a: Florges|Moonblast|p2: Pyroar|[notarget]\n|-fail|p1a: Florges\n|\n|upkeep\n|\n|t:|1700705447\n|switch|p2a: Altaria|Altaria-Mega, M, shiny|63\/100 par\n|-damage|p2a: Altaria|51\/100 par|[from] Stealth Rock\n|-damage|p2a: Altaria|26\/100 par|[from] Spikes\n|turn|43\n|\n|t:|1700705457\n|move|p1a: Florges|Moonblast|p2a: Altaria\n|-supereffective|p2a: Altaria\n|-damage|p2a: Altaria|0 fnt\n|faint|p2a: Altaria\n|\n|upkeep\n|\n|t:|1700705463\n|switch|p2a: Blissey|Blissey, F|40\/100\n|-damage|p2a: Blissey|28\/100|[from] Stealth Rock\n|-damage|p2a: Blissey|3\/100|[from] Spikes\n|turn|44\n|\n|t:|1700705470\n|move|p1a: Florges|Moonblast|p2a: Blissey\n|-damage|p2a: Blissey|0 fnt\n|faint|p2a: Blissey\n|\n|upkeep\n|\n|t:|1700705475\n|switch|p2a: Vivillon|Vivillon, M, shiny|100\/100\n|-damage|p2a: Vivillon|51\/100|[from] Stealth Rock\n|turn|45\n|\n|t:|1700705482\n|move|p1a: Florges|Magic Coat|p1a: Florges\n|-singleturn|p1a: Florges|move: Magic Coat\n|move|p2a: Vivillon|Sleep Powder|p1a: Florges\n|move|p1a: Florges|Sleep Powder|p2a: Vivillon|[from]Magic Coat\n|-status|p2a: Vivillon|slp|[from] move: Sleep Powder\n|\n|upkeep\n|turn|46\n|\n|t:|1700705493\n|cant|p2a: Vivillon|slp\n|move|p1a: Florges|Moonblast|p2a: Vivillon\n|-damage|p2a: Vivillon|0 fnt\n|faint|p2a: Vivillon\n|\n|win|Reivya\n|raw|Reivya's rating: 1119 &rarr; <strong>1139<\/strong><br \/>(+20 for winning)\n|raw|Jsrex4's rating: 1043 &rarr; <strong>1030<\/strong><br \/>(-13 for losing)\n|l|\u2606Jsrex4\n|c|\u2606Reivya|ggwp\n","uploadtime":1700705501,"views":10,"p1id":"reivya","p2id":"jsrex4","formatid":"gen9nationaldex","rating":1030,"private":0,"password":""}