{"id":"gen9nationaldex-1990122179","p1":"JogadorCaro","p2":"Z4A4Z","format":"[Gen 9] National Dex","log":"|j|\u2606JogadorCaro\n|j|\u2606Z4A4Z\n|t:|1699926918\n|gametype|singles\n|player|p1|JogadorCaro|tate|1697\n|player|p2|Z4A4Z|unknown|1837\n|teamsize|p1|6\n|teamsize|p2|6\n|gen|9\n|tier|[Gen 9] National Dex\n|rated|\n|rule|HP Percentage Mod: HP is shown in percentages\n|rule|Endless Battle Clause: Forcing endless battles is banned\n|rule|OHKO Clause: OHKO moves are banned\n|rule|Evasion Clause: Evasion abilities, items, and moves are banned\n|rule|Evasion Abilities Clause: Evasion abilities are banned\n|rule|Evasion Items Clause: Evasion items are banned\n|rule|Evasion Moves Clause: Evasion moves are banned\n|rule|Species Clause: Limit one of each Pok\u00e9mon\n|rule|Sleep Clause Mod: Limit one foe put to sleep\n|clearpoke\n|poke|p1|Garganacl, M|\n|poke|p1|Zamazenta-*|\n|poke|p1|Volcarona, M|\n|poke|p1|Hoopa-Unbound|\n|poke|p1|Dondozo, M|\n|poke|p1|Rotom-Wash|\n|poke|p2|Charizard, F|\n|poke|p2|Blastoise, M|\n|poke|p2|Venusaur, F|\n|poke|p2|Dragonite, M|\n|poke|p2|Rhydon, M|\n|poke|p2|Chansey, F|\n|teampreview\n|inactive|Battle timer is ON: inactive players will automatically lose when time's up. (requested by Z4A4Z)\n|\n|t:|1699926927\n|start\n|switch|p1a: mulher|Rotom-Wash|100\/100\n|switch|p2a: Essence of Kanto|Dragonite, M|100\/100\n|turn|1\n|\n|t:|1699926931\n|move|p1a: mulher|Volt Switch|p2a: Essence of Kanto\n|-crit|p2a: Essence of Kanto\n|-damage|p2a: Essence of Kanto|83\/100\n|\n|t:|1699926934\n|switch|p1a: Bale\u00e3o|Dondozo, M|100\/100|[from] Volt Switch\n|move|p2a: Essence of Kanto|Outrage|p1a: Bale\u00e3o\n|-damage|p1a: Bale\u00e3o|42\/100\n|\n|-heal|p1a: Bale\u00e3o|48\/100|[from] item: Leftovers\n|upkeep\n|turn|2\n|\n|t:|1699926944\n|move|p2a: Essence of Kanto|Outrage|p1a: Bale\u00e3o|[from]lockedmove\n|-crit|p1a: Bale\u00e3o\n|-damage|p1a: Bale\u00e3o|0 fnt\n|faint|p1a: Bale\u00e3o\n|\n|upkeep\n|\n|t:|1699926948\n|switch|p1a: Toji|Zamazenta|100\/100\n|-ability|p1a: Toji|Dauntless Shield|boost\n|-boost|p1a: Toji|def|1\n|turn|3\n|\n|t:|1699926950\n|move|p1a: Toji|Ice Fang|p2a: Essence of Kanto\n|-supereffective|p2a: Essence of Kanto\n|-damage|p2a: Essence of Kanto|0 fnt\n|faint|p2a: Essence of Kanto\n|\n|upkeep\n|\n|t:|1699926954\n|switch|p2a: Essence of Fire|Charizard, F, shiny|100\/100\n|turn|4\n|\n|t:|1699926959\n|switch|p1a: mulher|Rotom-Wash|100\/100\n|move|p2a: Essence of Fire|Will-O-Wisp|p1a: mulher\n|-status|p1a: mulher|brn\n|\n|-damage|p1a: mulher|94\/100 brn|[from] brn\n|upkeep\n|turn|5\n|\n|t:|1699926967\n|switch|p2a: Essence of Grass|Venusaur, F, shiny|100\/100\n|move|p1a: mulher|Volt Switch|p2a: Essence of Grass\n|-resisted|p2a: Essence of Grass\n|-damage|p2a: Essence of Grass|92\/100\n|\n|t:|1699926977\n|switch|p1a: Agito|Hoopa-Unbound|100\/100|[from] Volt Switch\n|\n|-heal|p2a: Essence of Grass|98\/100|[from] item: Leftovers\n|upkeep\n|turn|6\n|\n|t:|1699926985\n|switch|p2a: Essence of Marowak|Rhydon, M, shiny|100\/100\n|move|p1a: Agito|Psychic|p2a: Essence of Marowak\n|-damage|p2a: Essence of Marowak|14\/100\n|\n|upkeep\n|turn|7\n|c|\u2606JogadorCaro|wheere is the mega\n|\n|t:|1699926991\n|move|p1a: Agito|Psychic|p2a: Essence of Marowak\n|-damage|p2a: Essence of Marowak|0 fnt\n|faint|p2a: Essence of Marowak\n|\n|upkeep\n|\n|t:|1699926994\n|switch|p2a: Essence of Fire|Charizard, F, shiny|100\/100\n|turn|8\n|\n|t:|1699927000\n|switch|p1a: mulher|Rotom-Wash|94\/100 brn\n|detailschange|p2a: Essence of Fire|Charizard-Mega-Y, F, shiny\n|-mega|p2a: Essence of Fire|Charizard|Charizardite Y\n|-weather|SunnyDay|[from] ability: Drought|[of] p2a: Essence of Fire\n|move|p2a: Essence of Fire|Overheat|p1a: mulher\n|-resisted|p1a: mulher\n|-damage|p1a: mulher|56\/100 brn\n|-unboost|p2a: Essence of Fire|spa|2\n|\n|-weather|SunnyDay|[upkeep]\n|-heal|p1a: mulher|62\/100 brn|[from] item: Leftovers\n|-damage|p1a: mulher|56\/100 brn|[from] brn\n|upkeep\n|turn|9\n|c|\u2606JogadorCaro|there you are\n|\n|t:|1699927010\n|switch|p2a: Essence of Grass|Venusaur, F, shiny|98\/100\n|move|p1a: mulher|Volt Switch|p2a: Essence of Grass\n|-resisted|p2a: Essence of Grass\n|-damage|p2a: Essence of Grass|89\/100\n|\n|t:|1699927016\n|switch|p1a: Agito|Hoopa-Unbound|100\/100|[from] Volt Switch\n|\n|-weather|SunnyDay|[upkeep]\n|-heal|p2a: Essence of Grass|95\/100|[from] item: Leftovers\n|upkeep\n|turn|10\n|\n|t:|1699927022\n|-terastallize|p2a: Essence of Grass|Fairy\n|move|p2a: Essence of Grass|Toxic|p1a: Agito\n|-status|p1a: Agito|tox\n|move|p1a: Agito|Psychic|p2a: Essence of Grass\n|-damage|p2a: Essence of Grass|32\/100\n|\n|-weather|SunnyDay|[upkeep]\n|-heal|p2a: Essence of Grass|38\/100|[from] item: Leftovers\n|-damage|p1a: Agito|95\/100 tox|[from] psn\n|upkeep\n|turn|11\n|\n|t:|1699927030\n|switch|p2a: Essence of Ghost|Chansey, F, shiny|100\/100\n|move|p1a: Agito|Psychic|p2a: Essence of Ghost\n|-damage|p2a: Essence of Ghost|72\/100\n|\n|-weather|SunnyDay|[upkeep]\n|-damage|p1a: Agito|83\/100 tox|[from] psn\n|upkeep\n|turn|12\n|\n|t:|1699927039\n|switch|p1a: Endeavor|Volcarona, M|100\/100\n|move|p2a: Essence of Ghost|Wish|p2a: Essence of Ghost\n|\n|-weather|none\n|upkeep\n|turn|13\n|\n|t:|1699927044\n|switch|p2a: Essence of Grass|Venusaur, F, shiny, tera:Fairy|38\/100\n|move|p1a: Endeavor|Fiery Dance|p2a: Essence of Grass\n|-damage|p2a: Essence of Grass|10\/100\n|\n|-heal|p2a: Essence of Grass|100\/100|[from] move: Wish|[wisher] Essence of Ghost\n|upkeep\n|turn|14\n|\n|t:|1699927050\n|move|p1a: Endeavor|Quiver Dance|p1a: Endeavor\n|-boost|p1a: Endeavor|spa|1\n|-boost|p1a: Endeavor|spd|1\n|-boost|p1a: Endeavor|spe|1\n|move|p2a: Essence of Grass|Toxic|p1a: Endeavor\n|-status|p1a: Endeavor|tox\n|\n|-damage|p1a: Endeavor|94\/100 tox|[from] psn\n|upkeep\n|turn|15\n|\n|t:|1699927055\n|switch|p2a: Essence of Ghost|Chansey, F, shiny|72\/100\n|move|p1a: Endeavor|Fiery Dance|p2a: Essence of Ghost\n|-damage|p2a: Essence of Ghost|52\/100\n|\n|-damage|p1a: Endeavor|82\/100 tox|[from] psn\n|upkeep\n|turn|16\n|\n|t:|1699927061\n|switch|p1a: Toji|Zamazenta|100\/100\n|move|p2a: Essence of Ghost|Soft-Boiled|p2a: Essence of Ghost\n|-heal|p2a: Essence of Ghost|100\/100\n|\n|upkeep\n|turn|17\n|\n|t:|1699927073\n|switch|p1a: Agito|Hoopa-Unbound|83\/100 tox\n|switch|p2a: Essence of Fire|Charizard-Mega-Y, F, shiny|100\/100\n|-weather|SunnyDay|[from] ability: Drought|[of] p2a: Essence of Fire\n|\n|-weather|SunnyDay|[upkeep]\n|-damage|p1a: Agito|77\/100 tox|[from] psn\n|upkeep\n|turn|18\n|\n|t:|1699927085\n|switch|p1a: mulher|Rotom-Wash|56\/100 brn\n|move|p2a: Essence of Fire|Roost||[still]\n|-fail|p2a: Essence of Fire|heal\n|\n|-weather|SunnyDay|[upkeep]\n|-heal|p1a: mulher|62\/100 brn|[from] item: Leftovers\n|-damage|p1a: mulher|56\/100 brn|[from] brn\n|upkeep\n|turn|19\n|\n|t:|1699927088\n|switch|p2a: Essence of Grass|Venusaur, F, shiny, tera:Fairy|100\/100\n|move|p1a: mulher|Volt Switch|p2a: Essence of Grass\n|-damage|p2a: Essence of Grass|82\/100\n|\n|t:|1699927094\n|switch|p1a: Endeavor|Volcarona, M|82\/100 tox|[from] Volt Switch\n|\n|-weather|SunnyDay|[upkeep]\n|-heal|p2a: Essence of Grass|88\/100|[from] item: Leftovers\n|-damage|p1a: Endeavor|76\/100 tox|[from] psn\n|upkeep\n|turn|20\n|j| xuxiansheng\n|\n|t:|1699927099\n|switch|p2a: Essence of Water|Blastoise, M, shiny|100\/100\n|switch|p1a: mulher|Rotom-Wash|56\/100 brn\n|\n|-weather|SunnyDay|[upkeep]\n|-heal|p1a: mulher|62\/100 brn|[from] item: Leftovers\n|-damage|p1a: mulher|56\/100 brn|[from] brn\n|upkeep\n|turn|21\n|\n|t:|1699927104\n|move|p1a: mulher|Volt Switch|p2a: Essence of Water\n|-supereffective|p2a: Essence of Water\n|-damage|p2a: Essence of Water|69\/100\n|\n|t:|1699927115\n|switch|p1a: Mahoraga|Garganacl, M|100\/100|[from] Volt Switch\n|move|p2a: Essence of Water|Mirror Coat|p1a: Mahoraga\n|-damage|p1a: Mahoraga|44\/100\n|\n|-weather|none\n|-heal|p2a: Essence of Water|75\/100|[from] item: Leftovers\n|-heal|p1a: Mahoraga|50\/100|[from] item: Leftovers\n|upkeep\n|turn|22\n|\n|t:|1699927124\n|-terastallize|p1a: Mahoraga|Ghost\n|move|p2a: Essence of Water|Hydro Pump|p1a: Mahoraga\n|-damage|p1a: Mahoraga|20\/100\n|move|p1a: Mahoraga|Recover|p1a: Mahoraga\n|-heal|p1a: Mahoraga|70\/100\n|\n|-heal|p2a: Essence of Water|81\/100|[from] item: Leftovers\n|-heal|p1a: Mahoraga|76\/100|[from] item: Leftovers\n|upkeep\n|turn|23\n|\n|t:|1699927129\n|switch|p2a: Essence of Grass|Venusaur, F, shiny, tera:Fairy|88\/100\n|move|p1a: Mahoraga|Salt Cure|p2a: Essence of Grass\n|-damage|p2a: Essence of Grass|74\/100\n|-start|p2a: Essence of Grass|Salt Cure\n|\n|-heal|p2a: Essence of Grass|80\/100|[from] item: Leftovers\n|-heal|p1a: Mahoraga|82\/100|[from] item: Leftovers\n|-damage|p2a: Essence of Grass|68\/100|[from] Salt Cure\n|upkeep\n|turn|24\n|c|\u2606Z4A4Z|Domain expansion\n|\n|t:|1699927135\n|move|p2a: Essence of Grass|Leech Seed|p1a: Mahoraga\n|-start|p1a: Mahoraga|move: Leech Seed\n|move|p1a: Mahoraga|Iron Defense|p1a: Mahoraga\n|-boost|p1a: Mahoraga|def|2\n|\n|-heal|p2a: Essence of Grass|74\/100|[from] item: Leftovers\n|-heal|p1a: Mahoraga|88\/100|[from] item: Leftovers\n|-damage|p1a: Mahoraga|76\/100|[from] Leech Seed|[of] p2a: Essence of Grass\n|-heal|p2a: Essence of Grass|88\/100|[silent]\n|-damage|p2a: Essence of Grass|75\/100|[from] Salt Cure\n|upkeep\n|turn|25\n|\n|t:|1699927141\n|switch|p1a: Agito|Hoopa-Unbound|77\/100 tox\n|move|p2a: Essence of Grass|Giga Drain|p1a: Agito\n|-damage|p1a: Agito|54\/100 tox\n|-heal|p2a: Essence of Grass|85\/100|[from] drain|[of] p1a: Agito\n|\n|-heal|p2a: Essence of Grass|91\/100|[from] item: Leftovers\n|-damage|p1a: Agito|48\/100 tox|[from] psn\n|-damage|p2a: Essence of Grass|78\/100|[from] Salt Cure\n|upkeep\n|turn|26\n|c|\u2606JogadorCaro|finally notice\n|\n|t:|1699927151\n|switch|p2a: Essence of Ghost|Chansey, F, shiny|100\/100\n|move|p1a: Agito|Trick|p2a: Essence of Ghost\n|-activate|p1a: Agito|move: Trick|[of] p2a: Essence of Ghost\n|-item|p2a: Essence of Ghost|Choice Specs|[from] move: Trick\n|-item|p1a: Agito|Eviolite|[from] move: Trick\n|\n|-damage|p1a: Agito|36\/100 tox|[from] psn\n|upkeep\n|turn|27\n|\n|t:|1699927155\n|move|p1a: Agito|Focus Blast|p2a: Essence of Ghost|[miss]\n|-miss|p1a: Agito|p2a: Essence of Ghost\n|move|p2a: Essence of Ghost|Wish|p2a: Essence of Ghost\n|\n|-damage|p1a: Agito|18\/100 tox|[from] psn\n|upkeep\n|turn|28\n|\n|t:|1699927159\n|switch|p2a: Essence of Grass|Venusaur, F, shiny, tera:Fairy|78\/100\n|move|p1a: Agito|Focus Blast|p2a: Essence of Grass\n|-resisted|p2a: Essence of Grass\n|-damage|p2a: Essence of Grass|60\/100\n|\n|-heal|p2a: Essence of Grass|100\/100|[from] move: Wish|[wisher] Essence of Ghost\n|-damage|p1a: Agito|0 fnt|[from] psn\n|faint|p1a: Agito\n|upkeep\n|\n|t:|1699927168\n|switch|p1a: Mahoraga|Garganacl, M, tera:Ghost|76\/100\n|turn|29\n|\n|t:|1699927173\n|move|p2a: Essence of Grass|Leech Seed|p1a: Mahoraga\n|-start|p1a: Mahoraga|move: Leech Seed\n|move|p1a: Mahoraga|Salt Cure|p2a: Essence of Grass\n|-damage|p2a: Essence of Grass|85\/100\n|-start|p2a: Essence of Grass|Salt Cure\n|\n|-heal|p2a: Essence of Grass|91\/100|[from] item: Leftovers\n|-heal|p1a: Mahoraga|82\/100|[from] item: Leftovers\n|-damage|p1a: Mahoraga|70\/100|[from] Leech Seed|[of] p2a: Essence of Grass\n|-heal|p2a: Essence of Grass|100\/100|[silent]\n|-damage|p2a: Essence of Grass|88\/100|[from] Salt Cure\n|upkeep\n|turn|30\n|\n|t:|1699927177\n|switch|p1a: Endeavor|Volcarona, M|76\/100 tox\n|move|p2a: Essence of Grass|Giga Drain|p1a: Endeavor\n|-resisted|p1a: Endeavor\n|-damage|p1a: Endeavor|70\/100 tox\n|-heal|p2a: Essence of Grass|91\/100|[from] drain|[of] p1a: Endeavor\n|\n|-heal|p2a: Essence of Grass|97\/100|[from] item: Leftovers\n|-damage|p1a: Endeavor|64\/100 tox|[from] psn\n|-damage|p2a: Essence of Grass|85\/100|[from] Salt Cure\n|upkeep\n|turn|31\n|\n|t:|1699927180\n|switch|p1a: Toji|Zamazenta|100\/100\n|switch|p2a: Essence of Ghost|Chansey, F, shiny|100\/100\n|\n|upkeep\n|turn|32\n|\n|t:|1699927185\n|switch|p2a: Essence of Fire|Charizard-Mega-Y, F, shiny|100\/100\n|-weather|SunnyDay|[from] ability: Drought|[of] p2a: Essence of Fire\n|move|p1a: Toji|Wild Charge|p2a: Essence of Fire\n|-supereffective|p2a: Essence of Fire\n|-damage|p2a: Essence of Fire|27\/100\n|-damage|p1a: Toji|80\/100|[from] Recoil\n|\n|-weather|SunnyDay|[upkeep]\n|upkeep\n|turn|33\n|\n|t:|1699927190\n|switch|p2a: Essence of Ghost|Chansey, F, shiny|100\/100\n|move|p1a: Toji|Wild Charge|p2a: Essence of Ghost\n|-damage|p2a: Essence of Ghost|60\/100\n|-damage|p1a: Toji|58\/100|[from] Recoil\n|\n|-weather|SunnyDay|[upkeep]\n|upkeep\n|turn|34\n|\n|t:|1699927197\n|switch|p1a: Mahoraga|Garganacl, M, tera:Ghost|70\/100\n|move|p2a: Essence of Ghost|Soft-Boiled|p2a: Essence of Ghost\n|-heal|p2a: Essence of Ghost|100\/100\n|\n|-weather|SunnyDay|[upkeep]\n|-heal|p1a: Mahoraga|76\/100|[from] item: Leftovers\n|upkeep\n|turn|35\n|j| snivy ye \u53f6\u86c7\n|\n|t:|1699927199\n|switch|p2a: Essence of Grass|Venusaur, F, shiny, tera:Fairy|85\/100\n|move|p1a: Mahoraga|Salt Cure|p2a: Essence of Grass\n|-damage|p2a: Essence of Grass|69\/100\n|-start|p2a: Essence of Grass|Salt Cure\n|\n|-weather|SunnyDay|[upkeep]\n|-heal|p2a: Essence of Grass|75\/100|[from] item: Leftovers\n|-heal|p1a: Mahoraga|82\/100|[from] item: Leftovers\n|-damage|p2a: Essence of Grass|63\/100|[from] Salt Cure\n|upkeep\n|turn|36\n|\n|t:|1699927207\n|switch|p2a: Essence of Ghost|Chansey, F, shiny|100\/100\n|switch|p1a: Endeavor|Volcarona, M|64\/100 tox\n|\n|-weather|none\n|-damage|p1a: Endeavor|57\/100 tox|[from] psn\n|upkeep\n|turn|37\n|\n|t:|1699927210\n|switch|p1a: Mahoraga|Garganacl, M, tera:Ghost|82\/100\n|move|p2a: Essence of Ghost|Wish|p2a: Essence of Ghost\n|\n|-heal|p1a: Mahoraga|88\/100|[from] item: Leftovers\n|upkeep\n|turn|38\n|\n|t:|1699927215\n|switch|p2a: Essence of Grass|Venusaur, F, shiny, tera:Fairy|63\/100\n|move|p1a: Mahoraga|Salt Cure|p2a: Essence of Grass\n|-damage|p2a: Essence of Grass|47\/100\n|-start|p2a: Essence of Grass|Salt Cure\n|\n|-heal|p2a: Essence of Grass|100\/100|[from] move: Wish|[wisher] Essence of Ghost\n|-heal|p1a: Mahoraga|95\/100|[from] item: Leftovers\n|-damage|p2a: Essence of Grass|88\/100|[from] Salt Cure\n|upkeep\n|turn|39\n|\n|t:|1699927222\n|switch|p2a: Essence of Water|Blastoise, M, shiny|81\/100\n|switch|p1a: Endeavor|Volcarona, M|57\/100 tox\n|\n|-heal|p2a: Essence of Water|87\/100|[from] item: Leftovers\n|-damage|p1a: Endeavor|51\/100 tox|[from] psn\n|upkeep\n|turn|40\n|\n|t:|1699927225\n|move|p1a: Endeavor|Giga Drain|p2a: Essence of Water\n|-supereffective|p2a: Essence of Water\n|-damage|p2a: Essence of Water|52\/100\n|-heal|p1a: Endeavor|72\/100 tox|[from] drain|[of] p2a: Essence of Water\n|move|p2a: Essence of Water|Hydro Pump|p1a: Endeavor\n|-supereffective|p1a: Endeavor\n|-damage|p1a: Endeavor|0 fnt\n|faint|p1a: Endeavor\n|\n|-heal|p2a: Essence of Water|59\/100|[from] item: Leftovers\n|upkeep\n|\n|t:|1699927234\n|switch|p1a: Toji|Zamazenta|58\/100\n|turn|41\n|\n|t:|1699927236\n|move|p2a: Essence of Water|Protect|p2a: Essence of Water\n|-singleturn|p2a: Essence of Water|Protect\n|move|p1a: Toji|Close Combat|p2a: Essence of Water\n|-activate|p2a: Essence of Water|move: Protect\n|\n|-heal|p2a: Essence of Water|65\/100|[from] item: Leftovers\n|upkeep\n|turn|42\n|\n|t:|1699927241\n|switch|p1a: mulher|Rotom-Wash|56\/100 brn\n|move|p2a: Essence of Water|Hydro Pump|p1a: mulher\n|-resisted|p1a: mulher\n|-damage|p1a: mulher|42\/100 brn\n|\n|-heal|p1a: mulher|49\/100 brn|[from] item: Leftovers\n|-heal|p2a: Essence of Water|71\/100|[from] item: Leftovers\n|-damage|p1a: mulher|42\/100 brn|[from] brn\n|upkeep\n|turn|43\n|\n|t:|1699927245\n|move|p2a: Essence of Water|Protect|p2a: Essence of Water\n|-singleturn|p2a: Essence of Water|Protect\n|move|p1a: mulher|Pain Split|p2a: Essence of Water\n|-activate|p2a: Essence of Water|move: Protect\n|\n|-heal|p1a: mulher|49\/100 brn|[from] item: Leftovers\n|-heal|p2a: Essence of Water|77\/100|[from] item: Leftovers\n|-damage|p1a: mulher|42\/100 brn|[from] brn\n|upkeep\n|turn|44\n|\n|t:|1699927250\n|switch|p2a: Essence of Fire|Charizard-Mega-Y, F, shiny|27\/100\n|-weather|SunnyDay|[from] ability: Drought|[of] p2a: Essence of Fire\n|move|p1a: mulher|Volt Switch|p2a: Essence of Fire\n|-supereffective|p2a: Essence of Fire\n|-damage|p2a: Essence of Fire|0 fnt\n|faint|p2a: Essence of Fire\n|\n|t:|1699927254\n|switch|p1a: Mahoraga|Garganacl, M, tera:Ghost|95\/100|[from] Volt Switch\n|\n|-weather|SunnyDay|[upkeep]\n|-heal|p1a: Mahoraga|100\/100|[from] item: Leftovers\n|upkeep\n|\n|t:|1699927256\n|switch|p2a: Essence of Grass|Venusaur, F, shiny, tera:Fairy|88\/100\n|turn|45\n|\n|t:|1699927258\n|move|p2a: Essence of Grass|Leech Seed|p1a: Mahoraga\n|-start|p1a: Mahoraga|move: Leech Seed\n|move|p1a: Mahoraga|Salt Cure|p2a: Essence of Grass\n|-damage|p2a: Essence of Grass|74\/100\n|-start|p2a: Essence of Grass|Salt Cure\n|\n|-weather|SunnyDay|[upkeep]\n|-heal|p2a: Essence of Grass|80\/100|[from] item: Leftovers\n|-damage|p1a: Mahoraga|88\/100|[from] Leech Seed|[of] p2a: Essence of Grass\n|-heal|p2a: Essence of Grass|94\/100|[silent]\n|-damage|p2a: Essence of Grass|81\/100|[from] Salt Cure\n|upkeep\n|turn|46\n|\n|t:|1699927262\n|switch|p1a: Toji|Zamazenta|58\/100\n|move|p2a: Essence of Grass|Giga Drain|p1a: Toji\n|-damage|p1a: Toji|34\/100\n|-heal|p2a: Essence of Grass|92\/100|[from] drain|[of] p1a: Toji\n|\n|-weather|SunnyDay|[upkeep]\n|-heal|p2a: Essence of Grass|98\/100|[from] item: Leftovers\n|-damage|p2a: Essence of Grass|85\/100|[from] Salt Cure\n|upkeep\n|turn|47\n|\n|t:|1699927271\n|switch|p2a: Essence of Water|Blastoise, M, shiny|77\/100\n|move|p1a: Toji|Close Combat|p2a: Essence of Water\n|-damage|p2a: Essence of Water|0 fnt\n|-unboost|p1a: Toji|def|1\n|-unboost|p1a: Toji|spd|1\n|faint|p2a: Essence of Water\n|\n|-weather|SunnyDay|[upkeep]\n|upkeep\n|\n|t:|1699927273\n|switch|p2a: Essence of Grass|Venusaur, F, shiny, tera:Fairy|85\/100\n|turn|48\n|\n|t:|1699927279\n|switch|p1a: mulher|Rotom-Wash|42\/100 brn\n|move|p2a: Essence of Grass|Giga Drain|p1a: mulher\n|-supereffective|p1a: mulher\n|-damage|p1a: mulher|5\/100 brn\n|-heal|p2a: Essence of Grass|100\/100|[from] drain|[of] p1a: mulher\n|\n|-weather|none\n|-heal|p1a: mulher|11\/100 brn|[from] item: Leftovers\n|-damage|p1a: mulher|5\/100 brn|[from] brn\n|upkeep\n|turn|49\n|\n|t:|1699927282\n|move|p1a: mulher|Pain Split|p2a: Essence of Grass\n|-sethp|p2a: Essence of Grass|52\/100|[from] move: Pain Split|[silent]\n|-sethp|p1a: mulher|62\/100 brn|[from] move: Pain Split\n|move|p2a: Essence of Grass|Giga Drain|p1a: mulher\n|-supereffective|p1a: mulher\n|-damage|p1a: mulher|23\/100 brn\n|-heal|p2a: Essence of Grass|69\/100|[from] drain|[of] p1a: mulher\n|\n|-heal|p1a: mulher|29\/100 brn|[from] item: Leftovers\n|-heal|p2a: Essence of Grass|75\/100|[from] item: Leftovers\n|-damage|p1a: mulher|23\/100 brn|[from] brn\n|upkeep\n|turn|50\n|\n|t:|1699927286\n|move|p1a: mulher|Pain Split|p2a: Essence of Grass\n|-sethp|p2a: Essence of Grass|47\/100|[from] move: Pain Split|[silent]\n|-sethp|p1a: mulher|56\/100 brn|[from] move: Pain Split\n|move|p2a: Essence of Grass|Giga Drain|p1a: mulher\n|-supereffective|p1a: mulher\n|-damage|p1a: mulher|17\/100 brn\n|-heal|p2a: Essence of Grass|63\/100|[from] drain|[of] p1a: mulher\n|\n|-heal|p1a: mulher|23\/100 brn|[from] item: Leftovers\n|-heal|p2a: Essence of Grass|69\/100|[from] item: Leftovers\n|-damage|p1a: mulher|17\/100 brn|[from] brn\n|upkeep\n|turn|51\n|\n|t:|1699927290\n|move|p1a: mulher|Pain Split|p2a: Essence of Grass\n|-sethp|p2a: Essence of Grass|42\/100|[from] move: Pain Split|[silent]\n|-sethp|p1a: mulher|50\/100 brn|[from] move: Pain Split\n|move|p2a: Essence of Grass|Giga Drain|p1a: mulher\n|-supereffective|p1a: mulher\n|-damage|p1a: mulher|10\/100 brn\n|-heal|p2a: Essence of Grass|58\/100|[from] drain|[of] p1a: mulher\n|\n|-heal|p1a: mulher|17\/100 brn|[from] item: Leftovers\n|-heal|p2a: Essence of Grass|64\/100|[from] item: Leftovers\n|-damage|p1a: mulher|10\/100 brn|[from] brn\n|upkeep\n|turn|52\n|\n|t:|1699927293\n|move|p1a: mulher|Pain Split|p2a: Essence of Grass\n|-sethp|p2a: Essence of Grass|36\/100|[from] move: Pain Split|[silent]\n|-sethp|p1a: mulher|44\/100 brn|[from] move: Pain Split\n|move|p2a: Essence of Grass|Giga Drain|p1a: mulher\n|-supereffective|p1a: mulher\n|-damage|p1a: mulher|3\/100 brn\n|-heal|p2a: Essence of Grass|53\/100|[from] drain|[of] p1a: mulher\n|\n|-heal|p1a: mulher|10\/100 brn|[from] item: Leftovers\n|-heal|p2a: Essence of Grass|59\/100|[from] item: Leftovers\n|-damage|p1a: mulher|3\/100 brn|[from] brn\n|upkeep\n|turn|53\n|\n|t:|1699927299\n|move|p1a: mulher|Pain Split|p2a: Essence of Grass\n|-sethp|p2a: Essence of Grass|31\/100|[from] move: Pain Split|[silent]\n|-sethp|p1a: mulher|37\/100 brn|[from] move: Pain Split\n|move|p2a: Essence of Grass|Giga Drain|p1a: mulher\n|-supereffective|p1a: mulher\n|-damage|p1a: mulher|0 fnt\n|-heal|p2a: Essence of Grass|46\/100|[from] drain|[of] p1a: mulher\n|faint|p1a: mulher\n|\n|-heal|p2a: Essence of Grass|52\/100|[from] item: Leftovers\n|upkeep\n|\n|t:|1699927310\n|switch|p1a: Mahoraga|Garganacl, M, tera:Ghost|88\/100\n|turn|54\n|\n|t:|1699927314\n|switch|p2a: Essence of Ghost|Chansey, F, shiny|100\/100\n|move|p1a: Mahoraga|Salt Cure|p2a: Essence of Ghost\n|-damage|p2a: Essence of Ghost|88\/100\n|-start|p2a: Essence of Ghost|Salt Cure\n|\n|-heal|p1a: Mahoraga|94\/100|[from] item: Leftovers\n|-damage|p2a: Essence of Ghost|75\/100|[from] Salt Cure\n|upkeep\n|turn|55\n|\n|t:|1699927318\n|move|p2a: Essence of Ghost|Wish|p2a: Essence of Ghost\n|move|p1a: Mahoraga|Iron Defense|p1a: Mahoraga\n|-boost|p1a: Mahoraga|def|2\n|\n|-heal|p1a: Mahoraga|100\/100|[from] item: Leftovers\n|-damage|p2a: Essence of Ghost|63\/100|[from] Salt Cure\n|upkeep\n|turn|56\n|\n|t:|1699927320\n|switch|p2a: Essence of Grass|Venusaur, F, shiny, tera:Fairy|52\/100\n|move|p1a: Mahoraga|Body Press|p2a: Essence of Grass\n|-resisted|p2a: Essence of Grass\n|-damage|p2a: Essence of Grass|17\/100\n|\n|-heal|p2a: Essence of Grass|100\/100|[from] move: Wish|[wisher] Essence of Ghost\n|upkeep\n|turn|57\n|\n|t:|1699927324\n|move|p2a: Essence of Grass|Leech Seed|p1a: Mahoraga\n|-start|p1a: Mahoraga|move: Leech Seed\n|move|p1a: Mahoraga|Iron Defense|p1a: Mahoraga\n|-boost|p1a: Mahoraga|def|2\n|\n|-damage|p1a: Mahoraga|88\/100|[from] Leech Seed|[of] p2a: Essence of Grass\n|upkeep\n|turn|58\n|\n|t:|1699927328\n|switch|p2a: Essence of Ghost|Chansey, F, shiny|63\/100\n|move|p1a: Mahoraga|Iron Defense|p1a: Mahoraga\n|-boost|p1a: Mahoraga|def|2\n|\n|-heal|p1a: Mahoraga|94\/100|[from] item: Leftovers\n|-damage|p1a: Mahoraga|82\/100|[from] Leech Seed|[of] p2a: Essence of Ghost\n|-heal|p2a: Essence of Ghost|70\/100|[silent]\n|upkeep\n|turn|59\n|\n|t:|1699927330\n|move|p2a: Essence of Ghost|Wish|p2a: Essence of Ghost\n|move|p1a: Mahoraga|Body Press|p2a: Essence of Ghost\n|-supereffective|p2a: Essence of Ghost\n|-damage|p2a: Essence of Ghost|0 fnt\n|faint|p2a: Essence of Ghost\n|\n|-heal|p1a: Mahoraga|88\/100|[from] item: Leftovers\n|upkeep\n|\n|t:|1699927333\n|switch|p2a: Essence of Grass|Venusaur, F, shiny, tera:Fairy|100\/100\n|turn|60\n|\n|t:|1699927339\n|move|p2a: Essence of Grass|Sludge Bomb|p1a: Mahoraga\n|-resisted|p1a: Mahoraga\n|-damage|p1a: Mahoraga|73\/100\n|move|p1a: Mahoraga|Salt Cure|p2a: Essence of Grass\n|-damage|p2a: Essence of Grass|85\/100\n|-start|p2a: Essence of Grass|Salt Cure\n|\n|-heal|p2a: Essence of Grass|100\/100|[from] move: Wish|[wisher] Essence of Ghost\n|-heal|p1a: Mahoraga|79\/100|[from] item: Leftovers\n|-damage|p1a: Mahoraga|67\/100|[from] Leech Seed|[of] p2a: Essence of Grass\n|-damage|p2a: Essence of Grass|88\/100|[from] Salt Cure\n|upkeep\n|turn|61\n|\n|t:|1699927342\n|move|p2a: Essence of Grass|Giga Drain|p1a: Mahoraga\n|-damage|p1a: Mahoraga|45\/100\n|-heal|p2a: Essence of Grass|100\/100|[from] drain|[of] p1a: Mahoraga\n|move|p1a: Mahoraga|Body Press|p2a: Essence of Grass\n|-resisted|p2a: Essence of Grass\n|-damage|p2a: Essence of Grass|32\/100\n|\n|-heal|p2a: Essence of Grass|38\/100|[from] item: Leftovers\n|-heal|p1a: Mahoraga|51\/100|[from] item: Leftovers\n|-damage|p1a: Mahoraga|38\/100|[from] Leech Seed|[of] p2a: Essence of Grass\n|-heal|p2a: Essence of Grass|52\/100|[silent]\n|-damage|p2a: Essence of Grass|40\/100|[from] Salt Cure\n|upkeep\n|turn|62\n|\n|t:|1699927349\n|move|p2a: Essence of Grass|Giga Drain|p1a: Mahoraga\n|-damage|p1a: Mahoraga|14\/100\n|-heal|p2a: Essence of Grass|53\/100|[from] drain|[of] p1a: Mahoraga\n|move|p1a: Mahoraga|Body Press|p2a: Essence of Grass\n|-resisted|p2a: Essence of Grass\n|-damage|p2a: Essence of Grass|0 fnt\n|faint|p2a: Essence of Grass\n|\n|win|JogadorCaro\n|raw|JogadorCaro's rating: 1697 &rarr; <strong>1725<\/strong><br \/>(+28 for winning)\n|raw|Z4A4Z's rating: 1837 &rarr; <strong>1809<\/strong><br \/>(-28 for losing)\n|c|\u2606Z4A4Z|Gg\n|c|\u2606JogadorCaro|gg\n|c|\u2606JogadorCaro|wp dude\n|c|\u2606JogadorCaro|and nice team\n","uploadtime":1699927366,"views":8,"p1id":"jogadorcaro","p2id":"z4a4z","formatid":"gen9nationaldex","rating":1725,"private":0,"password":""}