{"id":"gen9nationaldex-1997461763","p1":"Lukexz","p2":"NDSNEZgoinginsane","format":"[Gen 9] National Dex","log":"|html|<div class=\"broadcast-blue\"><strong>[Gen 9] National Dex is currently suspecting Sneasler! For information on how to participate check out the <a href=\"https:\/\/www.smogon.com\/forums\/threads\/sv-national-dex-suspect-8-just-dance.3731534\/\">suspect thread<\/a>.<\/strong><\/div>\n|j|\u2606Lukexz\n|j|\u2606NDSNEZgoinginsane\n|t:|1700809452\n|gametype|singles\n|player|p1|Lukexz|265|1426\n|player|p2|NDSNEZgoinginsane|steven-masters|1581\n|teamsize|p1|6\n|teamsize|p2|6\n|gen|9\n|tier|[Gen 9] National Dex\n|rated|\n|rule|HP Percentage Mod: HP is shown in percentages\n|rule|Endless Battle Clause: Forcing endless battles is banned\n|rule|OHKO Clause: OHKO moves are banned\n|rule|Evasion Clause: Evasion abilities, items, and moves are banned\n|rule|Evasion Abilities Clause: Evasion abilities are banned\n|rule|Evasion Items Clause: Evasion items are banned\n|rule|Evasion Moves Clause: Evasion moves are banned\n|rule|Species Clause: Limit one of each Pok\u00e9mon\n|rule|Sleep Clause Mod: Limit one foe put to sleep\n|clearpoke\n|poke|p1|Medicham, M|\n|poke|p1|Ferrothorn, F|\n|poke|p1|Zapdos|\n|poke|p1|Weavile, M|\n|poke|p1|Garchomp, M|\n|poke|p1|Rotom-Wash|\n|poke|p2|Garganacl, M|\n|poke|p2|Ogerpon-Wellspring, F|\n|poke|p2|Iron Valiant|\n|poke|p2|Scizor, F|\n|poke|p2|Garchomp, F|\n|poke|p2|Zapdos|\n|teampreview\n|c|\u2606NDSNEZgoinginsane|e\n|\n|t:|1700809465\n|start\n|switch|p1a: Rotom|Rotom-Wash|100\/100\n|switch|p2a: Garchomp|Garchomp, F, shiny|100\/100\n|turn|1\n|\n|t:|1700809475\n|move|p1a: Rotom|Trick|p2a: Garchomp\n|-activate|p1a: Rotom|move: Trick|[of] p2a: Garchomp\n|-item|p2a: Garchomp|Choice Scarf|[from] move: Trick\n|-item|p1a: Rotom|Life Orb|[from] move: Trick\n|move|p2a: Garchomp|Stealth Rock|p1a: Rotom\n|-sidestart|p1: Lukexz|move: Stealth Rock\n|\n|upkeep\n|turn|2\n|\n|t:|1700809487\n|move|p2a: Garchomp|Stealth Rock||[still]\n|-fail|p2a: Garchomp\n|move|p1a: Rotom|Will-O-Wisp|p2a: Garchomp\n|-status|p2a: Garchomp|brn\n|\n|-damage|p2a: Garchomp|94\/100 brn|[from] brn\n|upkeep\n|turn|3\n|\n|t:|1700809495\n|switch|p2a: Ogerpon|Ogerpon-Wellspring, F|100\/100\n|move|p1a: Rotom|Hydro Pump|p2a: Ogerpon\n|-immune|p2a: Ogerpon|[from] ability: Water Absorb\n|\n|upkeep\n|turn|4\n|\n|t:|1700809500\n|switch|p1a: Ferrothorn|Ferrothorn, F|100\/100\n|-damage|p1a: Ferrothorn|94\/100|[from] Stealth Rock\n|move|p2a: Ogerpon|Taunt|p1a: Ferrothorn\n|-start|p1a: Ferrothorn|move: Taunt\n|\n|-heal|p1a: Ferrothorn|100\/100|[from] item: Leftovers\n|upkeep\n|turn|5\n|\n|t:|1700809504\n|switch|p2a: Garchomp|Garchomp, F, shiny|94\/100 brn\n|move|p1a: Ferrothorn|Gyro Ball|p2a: Garchomp\n|-damage|p2a: Garchomp|47\/100 brn\n|-damage|p1a: Ferrothorn|88\/100|[from] ability: Rough Skin|[of] p2a: Garchomp\n|\n|-heal|p1a: Ferrothorn|94\/100|[from] item: Leftovers\n|-damage|p2a: Garchomp|41\/100 brn|[from] brn\n|upkeep\n|turn|6\n|\n|t:|1700809509\n|switch|p1a: Rotom|Rotom-Wash|100\/100\n|-damage|p1a: Rotom|88\/100|[from] Stealth Rock\n|move|p2a: Garchomp|Fire Blast|p1a: Rotom\n|-resisted|p1a: Rotom\n|-damage|p1a: Rotom|71\/100\n|\n|-damage|p2a: Garchomp|35\/100 brn|[from] brn\n|upkeep\n|turn|7\n|\n|t:|1700809516\n|switch|p2a: Garganacl|Garganacl, M|100\/100\n|move|p1a: Rotom|Will-O-Wisp|p2a: Garganacl\n|-immune|p2a: Garganacl|[from] ability: Purifying Salt\n|\n|upkeep\n|turn|8\n|\n|t:|1700809523\n|switch|p2a: Ogerpon|Ogerpon-Wellspring, F|100\/100\n|move|p1a: Rotom|Hydro Pump|p2a: Ogerpon\n|-immune|p2a: Ogerpon|[from] ability: Water Absorb\n|\n|upkeep\n|turn|9\n|\n|t:|1700809529\n|move|p2a: Ogerpon|Taunt|p1a: Rotom\n|-start|p1a: Rotom|move: Taunt\n|move|p1a: Rotom|Volt Switch|p2a: Ogerpon\n|-damage|p2a: Ogerpon|52\/100\n|-damage|p1a: Rotom|61\/100|[from] item: Life Orb\n|\n|t:|1700809541\n|switch|p1a: Zapdos|Zapdos, shiny|100\/100|[from] Volt Switch\n|\n|upkeep\n|turn|10\n|inactive|Battle timer is ON: inactive players will automatically lose when time's up. (requested by Lukexz)\n|\n|t:|1700809547\n|switch|p2a: Garganacl|Garganacl, M|100\/100\n|move|p1a: Zapdos|Defog|p2a: Garganacl\n|-unboost|p2a: Garganacl|evasion|1\n|-sideend|p1: Lukexz|Stealth Rock|[from] move: Defog|[of] p1a: Zapdos\n|\n|upkeep\n|turn|11\n|\n|t:|1700809556\n|move|p1a: Zapdos|Volt Switch|p2a: Garganacl\n|-damage|p2a: Garganacl|75\/100\n|\n|t:|1700809560\n|switch|p1a: Medicham|Medicham, M|100\/100|[from] Volt Switch\n|move|p2a: Garganacl|Salt Cure|p1a: Medicham\n|-resisted|p1a: Medicham\n|-damage|p1a: Medicham|89\/100\n|-start|p1a: Medicham|Salt Cure\n|\n|-heal|p2a: Garganacl|81\/100|[from] item: Leftovers\n|-damage|p1a: Medicham|77\/100|[from] Salt Cure\n|upkeep\n|turn|12\n|\n|t:|1700809568\n|detailschange|p1a: Medicham|Medicham-Mega, M\n|-mega|p1a: Medicham|Medicham|Medichamite\n|-terastallize|p2a: Garganacl|Ghost\n|move|p1a: Medicham|Fake Out|p2a: Garganacl\n|-immune|p2a: Garganacl\n|move|p2a: Garganacl|Iron Defense|p2a: Garganacl\n|-boost|p2a: Garganacl|def|2\n|\n|-heal|p2a: Garganacl|88\/100|[from] item: Leftovers\n|-damage|p1a: Medicham|64\/100|[from] Salt Cure\n|upkeep\n|turn|13\n|\n|t:|1700809581\n|switch|p1a: Garchomp|Garchomp, M|100\/100\n|move|p2a: Garganacl|Salt Cure|p1a: Garchomp\n|-resisted|p1a: Garchomp\n|-damage|p1a: Garchomp|96\/100\n|-start|p1a: Garchomp|Salt Cure\n|\n|-heal|p2a: Garganacl|94\/100|[from] item: Leftovers\n|-damage|p1a: Garchomp|84\/100|[from] Salt Cure\n|upkeep\n|turn|14\n|\n|t:|1700809583\n|move|p2a: Garganacl|Iron Defense|p2a: Garganacl\n|-boost|p2a: Garganacl|def|2\n|move|p1a: Garchomp|Dragon Tail|p2a: Garganacl\n|-damage|p2a: Garganacl|88\/100\n|drag|p2a: Zapdos|Zapdos, shiny|100\/100\n|\n|-damage|p1a: Garchomp|71\/100|[from] Salt Cure\n|upkeep\n|turn|15\n|\n|t:|1700809588\n|move|p2a: Zapdos|Hurricane|p1a: Garchomp\n|-damage|p1a: Garchomp|30\/100\n|move|p1a: Garchomp|Toxic|p2a: Zapdos\n|-status|p2a: Zapdos|tox\n|\n|-damage|p2a: Zapdos|94\/100 tox|[from] psn\n|-damage|p1a: Garchomp|17\/100|[from] Salt Cure\n|upkeep\n|turn|16\n|\n|t:|1700809596\n|switch|p1a: Zapdos|Zapdos, shiny|100\/100\n|move|p2a: Zapdos|Hurricane|p1a: Zapdos|[miss]\n|-miss|p2a: Zapdos|p1a: Zapdos\n|\n|-damage|p2a: Zapdos|82\/100 tox|[from] psn\n|upkeep\n|turn|17\n|\n|t:|1700809603\n|move|p2a: Zapdos|Volt Switch|p1a: Zapdos\n|-damage|p1a: Zapdos|75\/100\n|\n|t:|1700809604\n|switch|p2a: Garchomp|Garchomp, F, shiny|35\/100 brn|[from] Volt Switch\n|move|p1a: Zapdos|Hurricane|p2a: Garchomp\n|-damage|p2a: Garchomp|0 fnt\n|faint|p2a: Garchomp\n|\n|upkeep\n|\n|t:|1700809615\n|switch|p2a: Zapdos|Zapdos, shiny|82\/100 tox\n|turn|18\n|\n|t:|1700809619\n|move|p2a: Zapdos|Hurricane|p1a: Zapdos|[miss]\n|-miss|p2a: Zapdos|p1a: Zapdos\n|move|p1a: Zapdos|Roost|p1a: Zapdos\n|-heal|p1a: Zapdos|100\/100\n|-singleturn|p1a: Zapdos|move: Roost\n|\n|-damage|p2a: Zapdos|76\/100 tox|[from] psn\n|upkeep\n|turn|19\n|\n|t:|1700809626\n|move|p2a: Zapdos|Roost|p2a: Zapdos\n|-heal|p2a: Zapdos|100\/100 tox\n|-singleturn|p2a: Zapdos|move: Roost\n|move|p1a: Zapdos|Hurricane|p2a: Zapdos|[miss]\n|-miss|p1a: Zapdos|p2a: Zapdos\n|\n|-damage|p2a: Zapdos|88\/100 tox|[from] psn\n|upkeep\n|turn|20\n|\n|t:|1700809632\n|move|p2a: Zapdos|Hurricane|p1a: Zapdos|[miss]\n|-miss|p2a: Zapdos|p1a: Zapdos\n|move|p1a: Zapdos|Hurricane|p2a: Zapdos\n|-resisted|p2a: Zapdos\n|-damage|p2a: Zapdos|61\/100 tox\n|-start|p2a: Zapdos|confusion\n|\n|-damage|p2a: Zapdos|43\/100 tox|[from] psn\n|upkeep\n|turn|21\n|\n|t:|1700809635\n|-activate|p2a: Zapdos|confusion\n|move|p2a: Zapdos|Roost|p2a: Zapdos\n|-heal|p2a: Zapdos|93\/100 tox\n|-singleturn|p2a: Zapdos|move: Roost\n|move|p1a: Zapdos|Hurricane|p2a: Zapdos|[miss]\n|-miss|p1a: Zapdos|p2a: Zapdos\n|\n|-damage|p2a: Zapdos|69\/100 tox|[from] psn\n|upkeep\n|turn|22\n|\n|t:|1700809641\n|-activate|p2a: Zapdos|confusion\n|-damage|p2a: Zapdos|63\/100 tox|[from] confusion\n|move|p1a: Zapdos|Hurricane|p2a: Zapdos|[miss]\n|-miss|p1a: Zapdos|p2a: Zapdos\n|\n|-damage|p2a: Zapdos|33\/100 tox|[from] psn\n|upkeep\n|turn|23\n|\n|t:|1700809645\n|-end|p2a: Zapdos|confusion\n|move|p2a: Zapdos|Roost|p2a: Zapdos\n|-heal|p2a: Zapdos|83\/100 tox\n|-singleturn|p2a: Zapdos|move: Roost\n|move|p1a: Zapdos|Hurricane|p2a: Zapdos\n|-resisted|p2a: Zapdos\n|-damage|p2a: Zapdos|58\/100 tox\n|\n|-damage|p2a: Zapdos|22\/100 tox|[from] psn\n|upkeep\n|turn|24\n|\n|t:|1700809649\n|move|p2a: Zapdos|Hurricane|p1a: Zapdos\n|-resisted|p1a: Zapdos\n|-damage|p1a: Zapdos|80\/100\n|-start|p1a: Zapdos|confusion\n|-activate|p1a: Zapdos|confusion\n|-damage|p1a: Zapdos|73\/100|[from] confusion\n|\n|-damage|p2a: Zapdos|0 fnt|[from] psn\n|faint|p2a: Zapdos\n|upkeep\n|\n|t:|1700809654\n|switch|p2a: Iron Valiant|Iron Valiant|100\/100\n|-enditem|p2a: Iron Valiant|Booster Energy\n|-activate|p2a: Iron Valiant|ability: Quark Drive|[fromitem]\n|-start|p2a: Iron Valiant|quarkdrivespe\n|turn|25\n|\n|t:|1700809665\n|move|p2a: Iron Valiant|Calm Mind|p2a: Iron Valiant\n|-boost|p2a: Iron Valiant|spa|1\n|-boost|p2a: Iron Valiant|spd|1\n|-activate|p1a: Zapdos|confusion\n|move|p1a: Zapdos|Hurricane|p2a: Iron Valiant\n|-supereffective|p2a: Iron Valiant\n|-damage|p2a: Iron Valiant|0 fnt\n|faint|p2a: Iron Valiant\n|-end|p2a: Iron Valiant|Quark Drive|[silent]\n|\n|upkeep\n|c|\u2606NDSNEZgoinginsane|man\n|c|\u2606NDSNEZgoinginsane|i wish my zap had that kind of willpower\n|c|\u2606NDSNEZgoinginsane|thats nuts\n|\n|t:|1700809684\n|switch|p2a: Scizor|Scizor, F|100\/100\n|turn|26\n|\n|t:|1700809700\n|detailschange|p2a: Scizor|Scizor-Mega, F\n|-mega|p2a: Scizor|Scizor|Scizorite\n|-end|p1a: Zapdos|confusion\n|move|p1a: Zapdos|Hurricane|p2a: Scizor\n|-damage|p2a: Scizor|45\/100\n|move|p2a: Scizor|Swords Dance|p2a: Scizor\n|-boost|p2a: Scizor|atk|2\n|\n|upkeep\n|turn|27\n|\n|t:|1700809713\n|move|p1a: Zapdos|Hurricane|p2a: Scizor\n|-damage|p2a: Scizor|0 fnt\n|faint|p2a: Scizor\n|\n|upkeep\n|c|\u2606NDSNEZgoinginsane|dude\n|c|\u2606NDSNEZgoinginsane|holy\n|c|\u2606Lukexz|sorry\n|c|\u2606NDSNEZgoinginsane|why cant mine do this\n|\n|t:|1700809721\n|switch|p2a: Garganacl|Garganacl, M, tera:Ghost|88\/100\n|turn|28\n|c|\u2606NDSNEZgoinginsane|im not even mad\n|c|\u2606NDSNEZgoinginsane|im just shocked\n|\n|t:|1700809728\n|move|p1a: Zapdos|Volt Switch|p2a: Garganacl\n|-damage|p2a: Garganacl|62\/100\n|\n|t:|1700809731\n|switch|p1a: Weavile|Weavile, M|100\/100|[from] Volt Switch\n|-ability|p1a: Weavile|Pressure\n|move|p2a: Garganacl|Salt Cure|p1a: Weavile\n|-supereffective|p1a: Weavile\n|-damage|p1a: Weavile|49\/100\n|-start|p1a: Weavile|Salt Cure\n|\n|-heal|p2a: Garganacl|68\/100|[from] item: Leftovers\n|-damage|p1a: Weavile|37\/100|[from] Salt Cure\n|upkeep\n|turn|29\n|\n|t:|1700809735\n|move|p1a: Weavile|Knock Off|p2a: Garganacl\n|-supereffective|p2a: Garganacl\n|-damage|p2a: Garganacl|1\/100\n|-enditem|p2a: Garganacl|Leftovers|[from] move: Knock Off|[of] p1a: Weavile\n|move|p2a: Garganacl|Recover|p2a: Garganacl\n|-heal|p2a: Garganacl|51\/100\n|\n|-damage|p1a: Weavile|24\/100|[from] Salt Cure\n|upkeep\n|turn|30\n|\n|t:|1700809741\n|move|p1a: Weavile|Knock Off|p2a: Garganacl\n|-supereffective|p2a: Garganacl\n|-damage|p2a: Garganacl|6\/100\n|move|p2a: Garganacl|Recover|p2a: Garganacl\n|-heal|p2a: Garganacl|56\/100\n|\n|-damage|p1a: Weavile|12\/100|[from] Salt Cure\n|upkeep\n|turn|31\n|\n|t:|1700809745\n|move|p1a: Weavile|Knock Off|p2a: Garganacl\n|-supereffective|p2a: Garganacl\n|-damage|p2a: Garganacl|13\/100\n|move|p2a: Garganacl|Recover|p2a: Garganacl\n|-heal|p2a: Garganacl|63\/100\n|\n|-damage|p1a: Weavile|0 fnt|[from] Salt Cure\n|faint|p1a: Weavile\n|upkeep\n|\n|t:|1700809768\n|switch|p1a: Zapdos|Zapdos, shiny|73\/100\n|turn|32\n|\n|t:|1700809775\n|move|p1a: Zapdos|Hurricane|p2a: Garganacl\n|-crit|p2a: Garganacl\n|-damage|p2a: Garganacl|10\/100\n|-start|p2a: Garganacl|confusion\n|-activate|p2a: Garganacl|confusion\n|move|p2a: Garganacl|Recover|p2a: Garganacl\n|-heal|p2a: Garganacl|60\/100\n|\n|upkeep\n|turn|33\n|c|\u2606NDSNEZgoinginsane|??????\n|\n|t:|1700809781\n|move|p1a: Zapdos|Volt Switch|p2a: Garganacl\n|-damage|p2a: Garganacl|37\/100\n|\n|t:|1700809787\n|switch|p1a: Rotom|Rotom-Wash|61\/100|[from] Volt Switch\n|-activate|p2a: Garganacl|confusion\n|move|p2a: Garganacl|Recover|p2a: Garganacl\n|-heal|p2a: Garganacl|87\/100\n|\n|upkeep\n|turn|34\n|\n|t:|1700809791\n|move|p1a: Rotom|Will-O-Wisp|p2a: Garganacl|[miss]\n|-miss|p1a: Rotom|p2a: Garganacl\n|-activate|p2a: Garganacl|confusion\n|-damage|p2a: Garganacl|81\/100|[from] confusion\n|\n|upkeep\n|turn|35\n|\n|t:|1700809795\n|switch|p2a: Ogerpon|Ogerpon-Wellspring, F|52\/100\n|move|p1a: Rotom|Hydro Pump|p2a: Ogerpon\n|-heal|p2a: Ogerpon|77\/100|[from] ability: Water Absorb|[of] p1a: Rotom\n|\n|upkeep\n|turn|36\n|\n|t:|1700809803\n|switch|p2a: Garganacl|Garganacl, M, tera:Ghost|81\/100\n|switch|p1a: Ferrothorn|Ferrothorn, F|94\/100\n|\n|-heal|p1a: Ferrothorn|100\/100|[from] item: Leftovers\n|upkeep\n|turn|37\n|\n|t:|1700809809\n|move|p2a: Garganacl|Salt Cure|p1a: Ferrothorn\n|-resisted|p1a: Ferrothorn\n|-damage|p1a: Ferrothorn|97\/100\n|-start|p1a: Ferrothorn|Salt Cure\n|move|p1a: Ferrothorn|Stealth Rock|p2a: Garganacl\n|-sidestart|p2: NDSNEZgoinginsane|move: Stealth Rock\n|\n|-heal|p1a: Ferrothorn|100\/100|[from] item: Leftovers\n|-damage|p1a: Ferrothorn|75\/100|[from] Salt Cure\n|upkeep\n|turn|38\n|\n|t:|1700809813\n|switch|p1a: Garchomp|Garchomp, M|17\/100\n|move|p2a: Garganacl|Iron Defense|p2a: Garganacl\n|-boost|p2a: Garganacl|def|2\n|\n|upkeep\n|turn|39\n|\n|t:|1700809818\n|move|p2a: Garganacl|Body Press|p1a: Garchomp\n|-damage|p1a: Garchomp|0 fnt\n|-damage|p2a: Garganacl|68\/100|[from] ability: Rough Skin|[of] p1a: Garchomp\n|-damage|p2a: Garganacl|52\/100|[from] item: Rocky Helmet|[of] p1a: Garchomp\n|faint|p1a: Garchomp\n|\n|upkeep\n|\n|t:|1700809833\n|switch|p1a: Medicham|Medicham-Mega, M|64\/100\n|turn|40\n|\n|t:|1700809835\n|move|p1a: Medicham|Fake Out|p2a: Garganacl\n|-immune|p2a: Garganacl\n|move|p2a: Garganacl|Recover|p2a: Garganacl\n|-heal|p2a: Garganacl|100\/100\n|\n|upkeep\n|turn|41\n|\n|t:|1700809839\n|move|p1a: Medicham|Zen Headbutt|p2a: Garganacl\n|-damage|p2a: Garganacl|76\/100\n|cant|p2a: Garganacl|flinch\n|\n|upkeep\n|turn|42\n|c|\u2606NDSNEZgoinginsane|lol\n|\n|t:|1700809844\n|move|p1a: Medicham|Zen Headbutt|p2a: Garganacl\n|-damage|p2a: Garganacl|53\/100\n|move|p2a: Garganacl|Iron Defense|p2a: Garganacl\n|-boost|p2a: Garganacl|def|2\n|\n|upkeep\n|turn|43\n|\n|t:|1700809848\n|move|p1a: Medicham|Zen Headbutt|p2a: Garganacl\n|-damage|p2a: Garganacl|39\/100\n|cant|p2a: Garganacl|flinch\n|\n|upkeep\n|turn|44\n|c|\u2606NDSNEZgoinginsane|lol\n|\n|t:|1700809852\n|move|p1a: Medicham|Zen Headbutt|p2a: Garganacl\n|-damage|p2a: Garganacl|24\/100\n|move|p2a: Garganacl|Recover|p2a: Garganacl\n|-heal|p2a: Garganacl|74\/100\n|\n|upkeep\n|turn|45\n|\n|t:|1700809864\n|move|p1a: Medicham|Zen Headbutt|p2a: Garganacl\n|-damage|p2a: Garganacl|58\/100\n|move|p2a: Garganacl|Salt Cure|p1a: Medicham\n|-resisted|p1a: Medicham\n|-damage|p1a: Medicham|54\/100\n|-start|p1a: Medicham|Salt Cure\n|\n|-damage|p1a: Medicham|42\/100|[from] Salt Cure\n|upkeep\n|turn|46\n|\n|t:|1700809869\n|move|p1a: Medicham|Zen Headbutt|p2a: Garganacl\n|-damage|p2a: Garganacl|41\/100\n|move|p2a: Garganacl|Recover|p2a: Garganacl\n|-heal|p2a: Garganacl|91\/100\n|\n|-damage|p1a: Medicham|30\/100|[from] Salt Cure\n|upkeep\n|turn|47\n|\n|t:|1700809873\n|switch|p1a: Zapdos|Zapdos, shiny|73\/100\n|move|p2a: Garganacl|Body Press|p1a: Zapdos\n|-resisted|p1a: Zapdos\n|-damage|p1a: Zapdos|39\/100\n|\n|upkeep\n|turn|48\n|\n|t:|1700809878\n|move|p1a: Zapdos|Roost|p1a: Zapdos\n|-heal|p1a: Zapdos|89\/100\n|-singleturn|p1a: Zapdos|move: Roost\n|move|p2a: Garganacl|Salt Cure|p1a: Zapdos\n|-damage|p1a: Zapdos|75\/100\n|-start|p1a: Zapdos|Salt Cure\n|\n|-damage|p1a: Zapdos|63\/100|[from] Salt Cure\n|upkeep\n|turn|49\n|\n|t:|1700809881\n|move|p1a: Zapdos|Volt Switch|p2a: Garganacl\n|-damage|p2a: Garganacl|68\/100\n|\n|t:|1700809888\n|switch|p1a: Rotom|Rotom-Wash|61\/100|[from] Volt Switch\n|move|p2a: Garganacl|Body Press|p1a: Rotom\n|-damage|p1a: Rotom|0 fnt\n|faint|p1a: Rotom\n|\n|upkeep\n|\n|t:|1700809890\n|switch|p1a: Zapdos|Zapdos, shiny|63\/100\n|turn|50\n|\n|t:|1700809895\n|move|p1a: Zapdos|Hurricane|p2a: Garganacl|[miss]\n|-miss|p1a: Zapdos|p2a: Garganacl\n|move|p2a: Garganacl|Salt Cure|p1a: Zapdos\n|-supereffective|p1a: Zapdos\n|-damage|p1a: Zapdos|32\/100\n|-start|p1a: Zapdos|Salt Cure\n|\n|-damage|p1a: Zapdos|20\/100|[from] Salt Cure\n|upkeep\n|turn|51\n|\n|t:|1700809905\n|move|p1a: Zapdos|Volt Switch|p2a: Garganacl\n|-damage|p2a: Garganacl|43\/100\n|\n|t:|1700809909\n|switch|p1a: Ferrothorn|Ferrothorn, F|75\/100|[from] Volt Switch\n|move|p2a: Garganacl|Body Press|p1a: Ferrothorn\n|-supereffective|p1a: Ferrothorn\n|-damage|p1a: Ferrothorn|0 fnt\n|-damage|p2a: Garganacl|31\/100|[from] ability: Iron Barbs|[of] p1a: Ferrothorn\n|faint|p1a: Ferrothorn\n|\n|upkeep\n|\n|t:|1700809912\n|switch|p1a: Zapdos|Zapdos, shiny|20\/100\n|turn|52\n|\n|t:|1700809914\n|move|p1a: Zapdos|Roost|p1a: Zapdos\n|-heal|p1a: Zapdos|70\/100\n|-singleturn|p1a: Zapdos|move: Roost\n|move|p2a: Garganacl|Body Press|p1a: Zapdos\n|-damage|p1a: Zapdos|0 fnt\n|faint|p1a: Zapdos\n|\n|upkeep\n|\n|t:|1700809918\n|switch|p1a: Medicham|Medicham-Mega, M|30\/100\n|turn|53\n|\n|t:|1700809921\n|move|p1a: Medicham|Zen Headbutt|p2a: Garganacl\n|-damage|p2a: Garganacl|14\/100\n|move|p2a: Garganacl|Body Press|p1a: Medicham\n|-resisted|p1a: Medicham\n|-damage|p1a: Medicham|0 fnt\n|faint|p1a: Medicham\n|\n|win|NDSNEZgoinginsane\n|raw|Lukexz's rating: 1426 &rarr; <strong>1414<\/strong><br \/>(-12 for losing)\n|raw|NDSNEZgoinginsane's rating: 1581 &rarr; <strong>1593<\/strong><br \/>(+12 for winning)\n","uploadtime":1700809924,"views":11,"p1id":"lukexz","p2id":"ndsnezgoinginsane","formatid":"gen9nationaldex","rating":1414,"private":0,"password":""}