{"id":"gen9nationaldex-1990061489","p1":"vheneko","p2":"dodoisugly","format":"[Gen 9] National Dex","log":"|j|\u2606vheneko\n|j|\u2606dodoisugly\n|t:|1699920382\n|gametype|singles\n|player|p1|vheneko|pilot|1346\n|player|p2|dodoisugly|169|1491\n|teamsize|p1|6\n|teamsize|p2|6\n|gen|9\n|tier|[Gen 9] National Dex\n|rated|\n|rule|HP Percentage Mod: HP is shown in percentages\n|rule|Endless Battle Clause: Forcing endless battles is banned\n|rule|OHKO Clause: OHKO moves are banned\n|rule|Evasion Clause: Evasion abilities, items, and moves are banned\n|rule|Evasion Abilities Clause: Evasion abilities are banned\n|rule|Evasion Items Clause: Evasion items are banned\n|rule|Evasion Moves Clause: Evasion moves are banned\n|rule|Species Clause: Limit one of each Pok\u00e9mon\n|rule|Sleep Clause Mod: Limit one foe put to sleep\n|clearpoke\n|poke|p1|Druddigon, F|\n|poke|p1|Hawlucha, F|\n|poke|p1|Iron Moth|\n|poke|p1|Tyrantrum, M|\n|poke|p1|Comfey, F|\n|poke|p1|Scizor, F|\n|poke|p2|Talonflame, M|\n|poke|p2|Iron Valiant|\n|poke|p2|Glimmora, F|\n|poke|p2|Mawile, M|\n|poke|p2|Kyurem|\n|poke|p2|Quagsire, F|\n|teampreview\n|\n|t:|1699920388\n|start\n|switch|p1a: Iron Moth|Iron Moth|100\/100\n|switch|p2a: Glimmora|Glimmora, F|100\/100\n|turn|1\n|\n|t:|1699920394\n|move|p1a: Iron Moth|Substitute|p1a: Iron Moth\n|-start|p1a: Iron Moth|Substitute\n|-damage|p1a: Iron Moth|76\/100\n|move|p2a: Glimmora|Stealth Rock|p1a: Iron Moth\n|-sidestart|p1: vheneko|move: Stealth Rock\n|\n|-heal|p1a: Iron Moth|82\/100|[from] item: Leftovers\n|upkeep\n|turn|2\n|inactive|Battle timer is ON: inactive players will automatically lose when time's up. (requested by dodoisugly)\n|\n|t:|1699920401\n|move|p1a: Iron Moth|Fiery Dance|p2a: Glimmora\n|-resisted|p2a: Glimmora\n|-damage|p2a: Glimmora|78\/100\n|-boost|p1a: Iron Moth|spa|1\n|move|p2a: Glimmora|Earth Power|p1a: Iron Moth\n|-supereffective|p1a: Iron Moth\n|-end|p1a: Iron Moth|Substitute\n|\n|-heal|p1a: Iron Moth|88\/100|[from] item: Leftovers\n|upkeep\n|turn|3\n|\n|t:|1699920412\n|-terastallize|p1a: Iron Moth|Bug\n|move|p1a: Iron Moth|Substitute|p1a: Iron Moth\n|-start|p1a: Iron Moth|Substitute\n|-damage|p1a: Iron Moth|63\/100\n|move|p2a: Glimmora|Earth Power|p1a: Iron Moth\n|-resisted|p1a: Iron Moth\n|-activate|p1a: Iron Moth|move: Substitute|[damage]\n|\n|-heal|p1a: Iron Moth|69\/100|[from] item: Leftovers\n|upkeep\n|turn|4\n|\n|t:|1699920423\n|move|p1a: Iron Moth|Energy Ball|p2a: Glimmora\n|-damage|p2a: Glimmora|27\/100\n|move|p2a: Glimmora|Earth Power|p1a: Iron Moth\n|-resisted|p1a: Iron Moth\n|-end|p1a: Iron Moth|Substitute\n|\n|-heal|p1a: Iron Moth|75\/100|[from] item: Leftovers\n|upkeep\n|turn|5\n|\n|t:|1699920432\n|move|p1a: Iron Moth|Substitute|p1a: Iron Moth\n|-start|p1a: Iron Moth|Substitute\n|-damage|p1a: Iron Moth|50\/100\n|move|p2a: Glimmora|Earth Power|p1a: Iron Moth\n|-resisted|p1a: Iron Moth\n|-activate|p1a: Iron Moth|move: Substitute|[damage]\n|\n|-heal|p1a: Iron Moth|56\/100|[from] item: Leftovers\n|upkeep\n|turn|6\n|\n|t:|1699920440\n|move|p1a: Iron Moth|Fiery Dance|p2a: Glimmora\n|-resisted|p2a: Glimmora\n|-damage|p2a: Glimmora|0 fnt\n|faint|p2a: Glimmora\n|\n|-heal|p1a: Iron Moth|62\/100|[from] item: Leftovers\n|upkeep\n|\n|t:|1699920457\n|switch|p2a: Talonflame|Talonflame, M|100\/100\n|turn|7\n|\n|t:|1699920463\n|move|p2a: Talonflame|Hurricane|p1a: Iron Moth\n|-supereffective|p1a: Iron Moth\n|-end|p1a: Iron Moth|Substitute\n|move|p1a: Iron Moth|Sludge Wave|p2a: Talonflame\n|-damage|p2a: Talonflame|0 fnt\n|faint|p2a: Talonflame\n|\n|-heal|p1a: Iron Moth|68\/100|[from] item: Leftovers\n|upkeep\n|\n|t:|1699920472\n|switch|p2a: Iron Valiant|Iron Valiant|100\/100\n|-enditem|p2a: Iron Valiant|Booster Energy\n|-activate|p2a: Iron Valiant|ability: Quark Drive|[fromitem]\n|-start|p2a: Iron Valiant|quarkdrivespe\n|turn|8\n|\n|t:|1699920482\n|move|p2a: Iron Valiant|Destiny Bond|p2a: Iron Valiant\n|-singlemove|p2a: Iron Valiant|Destiny Bond\n|move|p1a: Iron Moth|Fiery Dance|p2a: Iron Valiant\n|-damage|p2a: Iron Valiant|0 fnt\n|faint|p2a: Iron Valiant\n|-activate|p2a: Iron Valiant|move: Destiny Bond\n|-end|p2a: Iron Valiant|Quark Drive|[silent]\n|faint|p1a: Iron Moth\n|-end|p1a: Iron Moth|Quark Drive|[silent]\n|\n|upkeep\n|\n|t:|1699920491\n|switch|p2a: Mawile|Mawile, M|100\/100\n|switch|p1a: Druddigon|Druddigon, F|100\/100\n|-ability|p2a: Mawile|Intimidate|boost\n|-unboost|p1a: Druddigon|atk|1\n|-damage|p1a: Druddigon|88\/100|[from] Stealth Rock\n|turn|9\n|\n|t:|1699920502\n|detailschange|p2a: Mawile|Mawile-Mega, M\n|-mega|p2a: Mawile|Mawile|Mawilite\n|move|p2a: Mawile|Play Rough|p1a: Druddigon\n|-supereffective|p1a: Druddigon\n|-damage|p1a: Druddigon|0 fnt\n|-damage|p2a: Mawile|88\/100|[from] ability: Rough Skin|[of] p1a: Druddigon\n|-damage|p2a: Mawile|72\/100|[from] item: Rocky Helmet|[of] p1a: Druddigon\n|faint|p1a: Druddigon\n|\n|upkeep\n|\n|t:|1699920510\n|switch|p1a: Scizor|Scizor, F|100\/100\n|-damage|p1a: Scizor|88\/100|[from] Stealth Rock\n|turn|10\n|\n|t:|1699920519\n|switch|p2a: Quagsire|Quagsire, F|100\/100\n|detailschange|p1a: Scizor|Scizor-Mega, F\n|-mega|p1a: Scizor|Scizor|Scizorite\n|move|p1a: Scizor|Swords Dance|p1a: Scizor\n|-boost|p1a: Scizor|atk|2\n|\n|upkeep\n|turn|11\n|\n|t:|1699920531\n|move|p1a: Scizor|Defog|p2a: Quagsire\n|-unboost|p2a: Quagsire|evasion|1\n|-sideend|p1: vheneko|Stealth Rock|[from] move: Defog|[of] p1a: Scizor\n|move|p2a: Quagsire|Scald|p1a: Scizor\n|-damage|p1a: Scizor|75\/100\n|\n|upkeep\n|turn|12\n|\n|t:|1699920543\n|switch|p1a: i saw this on yt|Hawlucha, F, shiny|100\/100\n|move|p2a: Quagsire|Scald|p1a: i saw this on yt\n|-damage|p1a: i saw this on yt|70\/100\n|\n|upkeep\n|turn|13\n|\n|t:|1699920571\n|switch|p2a: Mawile|Mawile-Mega, M|72\/100\n|move|p1a: i saw this on yt|Swagger|p2a: Mawile\n|-boost|p2a: Mawile|atk|2\n|-enditem|p1a: i saw this on yt|Mirror Herb\n|-boost|p1a: i saw this on yt|atk|2|[from] item: Mirror Herb\n|-start|p2a: Mawile|confusion\n|\n|upkeep\n|turn|14\n|\n|t:|1699920581\n|move|p1a: i saw this on yt|Drain Punch|p2a: Mawile\n|-damage|p2a: Mawile|9\/100\n|-heal|p1a: i saw this on yt|100\/100|[from] drain|[of] p2a: Mawile\n|-activate|p2a: Mawile|confusion\n|move|p2a: Mawile|Iron Head|p1a: i saw this on yt\n|-damage|p1a: i saw this on yt|0 fnt\n|faint|p1a: i saw this on yt\n|\n|upkeep\n|\n|t:|1699920589\n|switch|p1a: Comfey|Comfey, F|100\/100\n|turn|15\n|\n|t:|1699920594\n|move|p1a: Comfey|Draining Kiss|p2a: Mawile\n|-resisted|p2a: Mawile\n|-damage|p2a: Mawile|0 fnt\n|faint|p2a: Mawile\n|\n|upkeep\n|\n|t:|1699920602\n|switch|p2a: Kyurem|Kyurem|100\/100\n|-ability|p2a: Kyurem|Pressure\n|turn|16\n|\n|t:|1699920607\n|switch|p1a: Scizor|Scizor-Mega, F|75\/100\n|move|p2a: Kyurem|Protect||[still]\n|-fail|p2a: Kyurem\n|\n|upkeep\n|turn|17\n|\n|t:|1699920613\n|switch|p2a: Quagsire|Quagsire, F|100\/100\n|move|p1a: Scizor|Roost|p1a: Scizor\n|-heal|p1a: Scizor|100\/100\n|-singleturn|p1a: Scizor|move: Roost\n|\n|upkeep\n|turn|18\n|\n|t:|1699920623\n|switch|p1a: Comfey|Comfey, F|100\/100\n|move|p2a: Quagsire|Counter||[still]\n|-fail|p2a: Quagsire\n|\n|upkeep\n|turn|19\n|\n|t:|1699920629\n|move|p1a: Comfey|Calm Mind|p1a: Comfey\n|-boost|p1a: Comfey|spa|1\n|-boost|p1a: Comfey|spd|1\n|move|p2a: Quagsire|Earthquake|p1a: Comfey\n|-damage|p1a: Comfey|64\/100\n|\n|-heal|p1a: Comfey|70\/100|[from] item: Leftovers\n|upkeep\n|turn|20\n|\n|t:|1699920644\n|switch|p2a: Kyurem|Kyurem|100\/100\n|-ability|p2a: Kyurem|Pressure\n|move|p1a: Comfey|Giga Drain|p2a: Kyurem\n|-resisted|p2a: Kyurem\n|-damage|p2a: Kyurem|85\/100\n|-heal|p1a: Comfey|80\/100|[from] drain|[of] p2a: Kyurem\n|\n|-heal|p2a: Kyurem|91\/100|[from] item: Leftovers\n|-heal|p1a: Comfey|86\/100|[from] item: Leftovers\n|upkeep\n|turn|21\n|\n|t:|1699920657\n|-terastallize|p2a: Kyurem|Poison\n|move|p2a: Kyurem|Substitute|p2a: Kyurem\n|-start|p2a: Kyurem|Substitute\n|-damage|p2a: Kyurem|66\/100\n|move|p1a: Comfey|Calm Mind|p1a: Comfey\n|-boost|p1a: Comfey|spa|1\n|-boost|p1a: Comfey|spd|1\n|\n|-heal|p2a: Kyurem|73\/100|[from] item: Leftovers\n|-heal|p1a: Comfey|93\/100|[from] item: Leftovers\n|upkeep\n|turn|22\n|\n|t:|1699920669\n|move|p2a: Kyurem|Freeze-Dry|p1a: Comfey\n|-damage|p1a: Comfey|73\/100\n|-status|p1a: Comfey|frz\n|cant|p1a: Comfey|frz\n|\n|-heal|p2a: Kyurem|79\/100|[from] item: Leftovers\n|-heal|p1a: Comfey|79\/100 frz|[from] item: Leftovers\n|upkeep\n|turn|23\n|\n|t:|1699920679\n|move|p2a: Kyurem|Earth Power|p1a: Comfey\n|-damage|p1a: Comfey|63\/100 frz\n|cant|p1a: Comfey|frz\n|\n|-heal|p2a: Kyurem|85\/100|[from] item: Leftovers\n|-heal|p1a: Comfey|69\/100 frz|[from] item: Leftovers\n|upkeep\n|turn|24\n|\n|t:|1699920689\n|move|p2a: Kyurem|Earth Power|p1a: Comfey\n|-damage|p1a: Comfey|51\/100 frz\n|cant|p1a: Comfey|frz\n|\n|-heal|p2a: Kyurem|91\/100|[from] item: Leftovers\n|-heal|p1a: Comfey|58\/100 frz|[from] item: Leftovers\n|upkeep\n|turn|25\n|\n|t:|1699920699\n|move|p2a: Kyurem|Earth Power|p1a: Comfey\n|-damage|p1a: Comfey|42\/100 frz\n|cant|p1a: Comfey|frz\n|\n|-heal|p2a: Kyurem|98\/100|[from] item: Leftovers\n|-heal|p1a: Comfey|49\/100 frz|[from] item: Leftovers\n|upkeep\n|turn|26\n|\n|t:|1699920709\n|move|p2a: Kyurem|Earth Power|p1a: Comfey\n|-damage|p1a: Comfey|34\/100 frz\n|cant|p1a: Comfey|frz\n|\n|-heal|p2a: Kyurem|100\/100|[from] item: Leftovers\n|-heal|p1a: Comfey|40\/100 frz|[from] item: Leftovers\n|upkeep\n|turn|27\n|\n|t:|1699920718\n|move|p2a: Kyurem|Earth Power|p1a: Comfey\n|-damage|p1a: Comfey|25\/100 frz\n|cant|p1a: Comfey|frz\n|\n|-heal|p1a: Comfey|32\/100 frz|[from] item: Leftovers\n|upkeep\n|turn|28\n|c|\u2606vheneko|someone want a flower ice cream? \/j\n|\n|t:|1699920734\n|move|p2a: Kyurem|Earth Power|p1a: Comfey\n|-damage|p1a: Comfey|16\/100 frz\n|cant|p1a: Comfey|frz\n|\n|-heal|p1a: Comfey|22\/100 frz|[from] item: Leftovers\n|upkeep\n|turn|29\n|\n|t:|1699920742\n|move|p2a: Kyurem|Earth Power|p1a: Comfey\n|-damage|p1a: Comfey|6\/100 frz\n|cant|p1a: Comfey|frz\n|\n|-heal|p1a: Comfey|13\/100 frz|[from] item: Leftovers\n|upkeep\n|turn|30\n|\n|t:|1699920751\n|move|p2a: Kyurem|Earth Power|p1a: Comfey\n|-damage|p1a: Comfey|0 fnt\n|faint|p1a: Comfey\n|\n|upkeep\n|\n|t:|1699920757\n|switch|p1a: Scizor|Scizor-Mega, F|100\/100\n|turn|31\n|\n|t:|1699920761\n|move|p2a: Kyurem|Protect|p2a: Kyurem\n|-singleturn|p2a: Kyurem|Protect\n|move|p1a: Scizor|Swords Dance|p1a: Scizor\n|-boost|p1a: Scizor|atk|2\n|\n|upkeep\n|turn|32\n|\n|t:|1699920769\n|switch|p1a: Tyrantrum|Tyrantrum, M|100\/100\n|move|p2a: Kyurem|Substitute|p2a: Kyurem\n|-fail|p2a: Kyurem|move: Substitute\n|\n|upkeep\n|turn|33\n|\n|t:|1699920778\n|move|p2a: Kyurem|Freeze-Dry|p1a: Tyrantrum\n|-supereffective|p1a: Tyrantrum\n|-crit|p1a: Tyrantrum\n|-damage|p1a: Tyrantrum|0 fnt\n|faint|p1a: Tyrantrum\n|\n|upkeep\n|\n|t:|1699920784\n|switch|p1a: Scizor|Scizor-Mega, F|100\/100\n|turn|34\n|c|\u2606dodoisugly|Im so sorry\n|\n|t:|1699920789\n|move|p2a: Kyurem|Earth Power|p1a: Scizor\n|-damage|p1a: Scizor|77\/100\n|move|p1a: Scizor|Swords Dance|p1a: Scizor\n|-boost|p1a: Scizor|atk|2\n|\n|upkeep\n|turn|35\n|c|\u2606vheneko|today isnt my day dont worry\n|\n|t:|1699920801\n|move|p2a: Kyurem|Earth Power|p1a: Scizor\n|-damage|p1a: Scizor|54\/100\n|move|p1a: Scizor|Swords Dance|p1a: Scizor\n|-boost|p1a: Scizor|atk|2\n|\n|upkeep\n|turn|36\n|\n|t:|1699920809\n|move|p2a: Kyurem|Protect|p2a: Kyurem\n|-singleturn|p2a: Kyurem|Protect\n|move|p1a: Scizor|Swords Dance|p1a: Scizor\n|-boost|p1a: Scizor|atk|2\n|\n|upkeep\n|turn|37\n|\n|t:|1699920816\n|move|p2a: Kyurem|Earth Power|p1a: Scizor\n|-damage|p1a: Scizor|33\/100\n|move|p1a: Scizor|Roost|p1a: Scizor\n|-heal|p1a: Scizor|84\/100\n|-singleturn|p1a: Scizor|move: Roost\n|\n|upkeep\n|turn|38\n|\n|t:|1699920824\n|move|p1a: Scizor|Bullet Punch|p2a: Kyurem\n|-end|p2a: Kyurem|Substitute\n|move|p2a: Kyurem|Freeze-Dry|p1a: Scizor\n|-resisted|p1a: Scizor\n|-damage|p1a: Scizor|70\/100\n|\n|upkeep\n|turn|39\n|\n|t:|1699920831\n|move|p1a: Scizor|Bullet Punch|p2a: Kyurem\n|-damage|p2a: Kyurem|0 fnt\n|faint|p2a: Kyurem\n|\n|upkeep\n|\n|t:|1699920834\n|switch|p2a: Quagsire|Quagsire, F|100\/100\n|turn|40\n|\n|t:|1699920839\n|move|p1a: Scizor|Bullet Punch|p2a: Quagsire\n|-resisted|p2a: Quagsire\n|-damage|p2a: Quagsire|91\/100\n|move|p2a: Quagsire|Scald|p1a: Scizor\n|-damage|p1a: Scizor|59\/100\n|\n|-heal|p2a: Quagsire|97\/100|[from] item: Leftovers\n|upkeep\n|turn|41\n|\n|t:|1699920848\n|move|p1a: Scizor|Bullet Punch|p2a: Quagsire\n|-resisted|p2a: Quagsire\n|-damage|p2a: Quagsire|87\/100\n|move|p2a: Quagsire|Scald|p1a: Scizor\n|-damage|p1a: Scizor|45\/100\n|\n|-heal|p2a: Quagsire|93\/100|[from] item: Leftovers\n|upkeep\n|turn|42\n|c|\u2606vheneko|well, at this pint its just a waste of time triying to kill quagsire, gg\n|inactive|vheneko has 120 seconds left.\n|-message|vheneko forfeited.\n|\n|win|dodoisugly\n|raw|vheneko's rating: 1346 &rarr; <strong>1334<\/strong><br \/>(-12 for losing)\n|raw|dodoisugly's rating: 1491 &rarr; <strong>1503<\/strong><br \/>(+12 for winning)\n|l|\u2606dodoisugly\n","uploadtime":1699920891,"views":9,"p1id":"vheneko","p2id":"dodoisugly","formatid":"gen9nationaldex","rating":1334,"private":0,"password":""}