{"id":"gen9nationaldex-1990102311","p1":"coolmanbestguy123","p2":"Potatofromsinnoh","format":"[Gen 9] National Dex","log":"|j|\u2606coolmanbestguy123\n|j|\u2606Potatofromsinnoh\n|t:|1699924761\n|gametype|singles\n|player|p1|coolmanbestguy123|volo|\n|player|p2|Potatofromsinnoh|pokemonbreederf-gen4|\n|teamsize|p1|6\n|teamsize|p2|6\n|gen|9\n|tier|[Gen 9] National Dex\n|rule|HP Percentage Mod: HP is shown in percentages\n|rule|Endless Battle Clause: Forcing endless battles is banned\n|rule|OHKO Clause: OHKO moves are banned\n|rule|Evasion Clause: Evasion abilities, items, and moves are banned\n|rule|Evasion Abilities Clause: Evasion abilities are banned\n|rule|Evasion Items Clause: Evasion items are banned\n|rule|Evasion Moves Clause: Evasion moves are banned\n|rule|Species Clause: Limit one of each Pok\u00e9mon\n|rule|Sleep Clause Mod: Limit one foe put to sleep\n|clearpoke\n|poke|p1|Ogerpon-Wellspring, F|\n|poke|p1|Dragonite, M|\n|poke|p1|Sneasler, M|\n|poke|p1|Tapu Lele|\n|poke|p1|Glimmora, F|\n|poke|p1|Blaziken, M|\n|poke|p2|Golurk|\n|poke|p2|Rillaboom, F|\n|poke|p2|Hatterene, F|\n|poke|p2|Absol, F|\n|poke|p2|Infernape, M|\n|poke|p2|Greninja-*, M|\n|teampreview\n|inactive|Battle timer is ON: inactive players will automatically lose when time's up. (requested by coolmanbestguy123)\n|\n|t:|1699924778\n|start\n|switch|p1a: thy end is now|Sneasler, M|100\/100\n|switch|p2a: Eiki|Infernape, M|100\/100\n|turn|1\n|j| Chili D Handsome\n|c|\u2606Potatofromsinnoh|waaaa\n|c|\u2606coolmanbestguy123|my fave team sinces godzilla banned\n|c| Chili D Handsome|Monkee\n|\n|t:|1699924799\n|switch|p1a: lala lele|Tapu Lele|100\/100\n|-fieldstart|move: Psychic Terrain|[from] ability: Psychic Surge|[of] p1a: lala lele\n|move|p2a: Eiki|Fire Blast|p1a: lala lele\n|-damage|p1a: lala lele|16\/100\n|\n|upkeep\n|turn|2\n|j|+adem\n|\n|t:|1699924813\n|switch|p2a: Hatterene|Hatterene, F|100\/100\n|move|p1a: lala lele|Thunderbolt|p2a: Hatterene\n|-crit|p2a: Hatterene\n|-damage|p2a: Hatterene|55\/100\n|\n|-heal|p2a: Hatterene|61\/100|[from] item: Leftovers\n|upkeep\n|turn|3\n|c|\u2606coolmanbestguy123|special ape go brr\n|l|+adem\n|\n|t:|1699924830\n|switch|p1a: Its Oger|Ogerpon-Wellspring, F|100\/100\n|move|p2a: Hatterene|Nuzzle|p1a: Its Oger\n|-damage|p1a: Its Oger|96\/100\n|-status|p1a: Its Oger|par\n|\n|-heal|p2a: Hatterene|67\/100|[from] item: Leftovers\n|upkeep\n|turn|4\n|j| Toxic Ariados\n|c|\u2606Potatofromsinnoh|goopy\n|c|\u2606Potatofromsinnoh|im gooping\n|j| Thiagoreis3108\n|l| Thiagoreis3108\n|\n|t:|1699924850\n|cant|p1a: Its Oger|par\n|move|p2a: Hatterene|Psychic|p1a: Its Oger\n|-damage|p1a: Its Oger|20\/100 par\n|\n|-heal|p2a: Hatterene|73\/100|[from] item: Leftovers\n|upkeep\n|turn|5\n|c|\u2606coolmanbestguy123|he aint ready to get goobed rq\n|c|\u2606Potatofromsinnoh|oh my god\n|inactive|Potatofromsinnoh has 270 seconds left.\n|\n|t:|1699924872\n|switch|p2a: Toad|Greninja, M|100\/100\n|move|p1a: Its Oger|U-turn|p2a: Toad\n|-supereffective|p2a: Toad\n|-damage|p2a: Toad|13\/100\n|c| Chili D Handsome|Aoe 4 da win\n|c| Chili D Handsome|Ape*\n|\n|t:|1699924880\n|switch|p1a: thy end is now|Sneasler, M|100\/100|[from] U-turn\n|-enditem|p1a: thy end is now|Psychic Seed\n|-boost|p1a: thy end is now|spd|1|[from] item: Psychic Seed\n|\n|-fieldend|move: Psychic Terrain\n|upkeep\n|turn|6\n|c| Chili D Handsome|???\n|c| Toxic Ariados|oh no\n|c| Toxic Ariados|im getting flashbacks\n|c| Toxic Ariados|that golurk\n|inactive|Potatofromsinnoh has 270 seconds left.\n|c| Chili D Handsome|Golurk?\n|c|\u2606Potatofromsinnoh|funny golurk\n|\n|t:|1699924904\n|move|p2a: Toad|Water Shuriken|p1a: thy end is now\n|-damage|p1a: thy end is now|91\/100\n|-damage|p1a: thy end is now|83\/100\n|-damage|p1a: thy end is now|74\/100\n|-damage|p1a: thy end is now|66\/100\n|-hitcount|p1a: thy end is now|4\n|-damage|p2a: Toad|4\/100|[from] item: Life Orb\n|move|p1a: thy end is now|Swords Dance|p1a: thy end is now\n|-boost|p1a: thy end is now|atk|2\n|\n|upkeep\n|turn|7\n|c|\u2606coolmanbestguy123|i either get punished or not for the play\n|c|\u2606coolmanbestguy123|and i didnt\n|inactive|Potatofromsinnoh has 270 seconds left.\n|c| Chili D Handsome|Whats up with golurk?\n|c|\u2606coolmanbestguy123|:)\n|\n|t:|1699924916\n|move|p2a: Toad|Water Shuriken|p1a: thy end is now\n|-damage|p1a: thy end is now|58\/100\n|-damage|p1a: thy end is now|49\/100\n|-damage|p1a: thy end is now|40\/100\n|-hitcount|p1a: thy end is now|3\n|-damage|p2a: Toad|0 fnt|[from] item: Life Orb\n|faint|p2a: Toad\n|move|p1a: thy end is now|Dire Claw|p2: Toad|[notarget]\n|-fail|p1a: thy end is now\n|\n|upkeep\n|\n|t:|1699924924\n|switch|p2a: Hammurabi|Rillaboom, F|100\/100\n|-fieldstart|move: Grassy Terrain|[from] ability: Grassy Surge|[of] p2a: Hammurabi\n|-enditem|p2a: Hammurabi|Grassy Seed\n|-boost|p2a: Hammurabi|def|1|[from] item: Grassy Seed\n|turn|8\n|c| Toxic Ariados|why didnt you double sd there?\n|j| XXMurdrXX\n|c|\u2606Potatofromsinnoh|mmmmm\n|inactive|Potatofromsinnoh has 270 seconds left.\n|c| Toxic Ariados|he was gonna die to orb\n|c|\u2606Potatofromsinnoh|monkey\n|c| Chili D Handsome|Monkey\n|c|\u2606Potatofromsinnoh|hammurabi's code\n|inactive|coolmanbestguy123 has 270 seconds left.\n|\n|t:|1699924963\n|-terastallize|p2a: Hammurabi|Grass\n|move|p2a: Hammurabi|Grassy Glide|p1a: thy end is now\n|-resisted|p1a: thy end is now\n|-damage|p1a: thy end is now|0 fnt\n|faint|p1a: thy end is now\n|\n|upkeep\n|\n|t:|1699924971\n|switch|p1a: lala lele|Tapu Lele|16\/100\n|-fieldstart|move: Psychic Terrain|[from] ability: Psychic Surge|[of] p1a: lala lele\n|turn|9\n|c|\u2606Potatofromsinnoh|i call this the monkey slam fr fr\n|inactive|Potatofromsinnoh has 270 seconds left.\n|c|\u2606coolmanbestguy123|goobing time?????\n|\n|t:|1699924994\n|move|p1a: lala lele|Moonblast|p2a: Hammurabi\n|-damage|p2a: Hammurabi|45\/100\n|move|p2a: Hammurabi|Acrobatics|p1a: lala lele\n|-damage|p1a: lala lele|0 fnt\n|faint|p1a: lala lele\n|\n|upkeep\n|inactive|coolmanbestguy123 has 270 seconds left.\n|c|\u2606Potatofromsinnoh|monkey so powerful\n|\n|t:|1699925023\n|switch|p1a: plug|Glimmora, F|100\/100\n|turn|10\n|\n|t:|1699925028\n|move|p1a: plug|Stealth Rock|p2a: Hammurabi\n|-sidestart|p2: Potatofromsinnoh|move: Stealth Rock\n|move|p2a: Hammurabi|Drain Punch|p1a: plug\n|-damage|p1a: plug|68\/100\n|-heal|p2a: Hammurabi|59\/100|[from] drain|[of] p1a: plug\n|-activate|p1a: plug|ability: Toxic Debris\n|-sidestart|p2: Potatofromsinnoh|move: Toxic Spikes\n|\n|upkeep\n|turn|11\n|c|\u2606Potatofromsinnoh|hey i dont like that\n|\n|t:|1699925044\n|switch|p2a: Golurk|Golurk|100\/100\n|-damage|p2a: Golurk|94\/100|[from] Stealth Rock\n|-status|p2a: Golurk|psn\n|move|p1a: plug|Mortal Spin|p2a: Golurk\n|-resisted|p2a: Golurk\n|-damage|p2a: Golurk|93\/100 psn\n|\n|-damage|p2a: Golurk|80\/100 psn|[from] psn\n|upkeep\n|turn|12\n|c|\u2606coolmanbestguy123|toxic spikes\n|c|\u2606Potatofromsinnoh|golurk\n|\n|t:|1699925051\n|switch|p1a: Its Oger|Ogerpon-Wellspring, F|20\/100 par\n|move|p2a: Golurk|Rock Polish|p2a: Golurk\n|-boost|p2a: Golurk|spe|2\n|\n|-damage|p2a: Golurk|68\/100 psn|[from] psn\n|upkeep\n|turn|13\n|c| Chili D Handsome|Cringemora\n|c|\u2606Potatofromsinnoh|show me this guys balls\n|\n|t:|1699925058\n|move|p2a: Golurk|Poltergeist|p1a: Its Oger\n|-activate|p1a: Its Oger|move: Poltergeist|Wellspring Mask\n|-damage|p1a: Its Oger|0 fnt\n|faint|p1a: Its Oger\n|\n|-damage|p2a: Golurk|55\/100 psn|[from] psn\n|-fieldend|move: Psychic Terrain\n|upkeep\n|c| Chili D Handsome|???\n|\n|t:|1699925069\n|switch|p1a: KFC|Blaziken, M|100\/100\n|turn|14\n|c|\u2606coolmanbestguy123|!dt poltergeist\n|raw|<ul class=\"utilichart\"><li class=\"result\"><span class=\"col movenamecol\"><a href=\"https:\/\/dex.pokemonshowdown.com\/moves\/poltergeist\">Poltergeist<\/a><\/span> <span class=\"col typecol\"><img src=\"\/\/play.pokemonshowdown.com\/sprites\/types\/Ghost.png\" alt=\"Ghost\" width=\"32\" height=\"14\"><img src=\"\/\/play.pokemonshowdown.com\/sprites\/categories\/Physical.png\" alt=\"Physical\" width=\"32\" height=\"14\"><\/span> <span class=\"col labelcol\"><em>Power<\/em><br>110<\/span> <span class=\"col widelabelcol\"><em>Accuracy<\/em><br>90%<\/span> <span class=\"col pplabelcol\"><em>PP<\/em><br>8<\/span> <span class=\"col movedesccol\">Fails if the target has no held item.<\/span> <\/li><li style=\"clear:both\"><\/li><\/ul>\n|raw|<font size=\"1\"><font color=\"#686868\">Priority:<\/font> 0&nbsp;|&ThickSpace;<font color=\"#686868\">Gen:<\/font> 8&nbsp;|&ThickSpace;<font color=\"#686868\">Z-Power:<\/font> 185&nbsp;|&ThickSpace;<font color=\"#686868\">Dynamax Power:<\/font> 140&nbsp;|&ThickSpace;<font color=\"#686868\">Target:<\/font> One Adjacent Pok\u00e9mon<\/font>\n\n|c|\u2606Potatofromsinnoh|uhhhh i mean\n|\n|t:|1699925082\n|move|p1a: KFC|Protect|p1a: KFC\n|-singleturn|p1a: KFC|Protect\n|move|p2a: Golurk|Rock Polish|p2a: Golurk\n|-boost|p2a: Golurk|spe|2\n|\n|-damage|p2a: Golurk|43\/100 psn|[from] psn\n|-ability|p1a: KFC|Speed Boost|boost\n|-boost|p1a: KFC|spe|1\n|upkeep\n|turn|15\n|\n|t:|1699925094\n|move|p2a: Golurk|Earthquake|p1a: KFC\n|-supereffective|p1a: KFC\n|-damage|p1a: KFC|0 fnt\n|faint|p1a: KFC\n|\n|-damage|p2a: Golurk|30\/100 psn|[from] psn\n|upkeep\n|c|\u2606coolmanbestguy123|mm\n|c|\u2606coolmanbestguy123|i want rematch >:(\n|\n|t:|1699925105\n|switch|p1a: Da Biggest D|Dragonite, M|100\/100\n|turn|16\n|c| Toxic Ariados|where mega kick\n|c|\u2606Potatofromsinnoh|uhhhhhh\n|\n|t:|1699925119\n|-terastallize|p1a: Da Biggest D|Normal\n|move|p2a: Golurk|Dynamic Punch|p1a: Da Biggest D\n|-supereffective|p1a: Da Biggest D\n|-damage|p1a: Da Biggest D|53\/100\n|-start|p1a: Da Biggest D|confusion\n|-activate|p1a: Da Biggest D|confusion\n|-damage|p1a: Da Biggest D|35\/100|[from] confusion\n|\n|-damage|p2a: Golurk|18\/100 psn|[from] psn\n|upkeep\n|turn|17\n|c| XXMurdrXX|SUS potato SUS\n|l| XXMurdrXX\n|\n|t:|1699925131\n|switch|p1a: plug|Glimmora, F|68\/100\n|move|p2a: Golurk|Dynamic Punch|p1a: plug\n|-damage|p1a: plug|30\/100\n|-start|p1a: plug|confusion\n|-activate|p1a: plug|ability: Toxic Debris\n|-sidestart|p2: Potatofromsinnoh|move: Toxic Spikes\n|\n|-damage|p2a: Golurk|5\/100 psn|[from] psn\n|upkeep\n|turn|18\n|c| Chili D Handsome|Bruuuh\n|j| XXMurdrXX\n|\n|t:|1699925138\n|move|p2a: Golurk|Earthquake|p1a: plug\n|-supereffective|p1a: plug\n|-damage|p1a: plug|0 fnt\n|faint|p1a: plug\n|\n|-damage|p2a: Golurk|0 fnt|[from] psn\n|faint|p2a: Golurk\n|upkeep\n|\n|t:|1699925147\n|switch|p1a: Da Biggest D|Dragonite, M, tera:Normal|35\/100\n|switch|p2a: Eiki|Infernape, M|100\/100\n|-damage|p2a: Eiki|88\/100|[from] Stealth Rock\n|-status|p2a: Eiki|tox\n|turn|19\n|c| Chili D Handsome|Ape\n|c| Chili D Handsome|Aoe\n|c|\u2606coolmanbestguy123|time to so win\n|c| Chili D Handsome|Ape\n|c| Chili D Handsome|Ape\n|c|\u2606Potatofromsinnoh|mmmm\n|c|\u2606Potatofromsinnoh|monkey\n|\n|t:|1699925156\n|move|p1a: Da Biggest D|Extreme Speed|p2a: Eiki\n|-damage|p2a: Eiki|12\/100 tox\n|move|p2a: Eiki|Aura Sphere|p1a: Da Biggest D\n|-supereffective|p1a: Da Biggest D\n|-damage|p1a: Da Biggest D|0 fnt\n|faint|p1a: Da Biggest D\n|\n|win|Potatofromsinnoh\n|c|\u2606coolmanbestguy123|gg\n|c|\u2606Potatofromsinnoh|gg\n|c|\u2606coolmanbestguy123|run it back >:(\n","uploadtime":1699925168,"views":25,"p1id":"coolmanbestguy123","p2id":"potatofromsinnoh","formatid":"gen9nationaldex","rating":0,"private":0,"password":""}