{"id":"gen9nationaldex-1992800918","p1":"adem","p2":"adriyun","format":"[Gen 9] National Dex","log":"|j|\u2606adem\n|j|\u2606adriyun\n|t:|1700236601\n|gametype|singles\n|player|p1|adem|#adem|\n|player|p2|adriyun|170|\n|teamsize|p1|6\n|teamsize|p2|6\n|gen|9\n|tier|[Gen 9] National Dex\n|rule|HP Percentage Mod: HP is shown in percentages\n|rule|Endless Battle Clause: Forcing endless battles is banned\n|rule|OHKO Clause: OHKO moves are banned\n|rule|Evasion Clause: Evasion abilities, items, and moves are banned\n|rule|Evasion Abilities Clause: Evasion abilities are banned\n|rule|Evasion Items Clause: Evasion items are banned\n|rule|Evasion Moves Clause: Evasion moves are banned\n|rule|Species Clause: Limit one of each Pok\u00e9mon\n|rule|Sleep Clause Mod: Limit one foe put to sleep\n|clearpoke\n|poke|p1|Mawile, F|\n|poke|p1|Rotom-Wash|\n|poke|p1|Cinderace, M|\n|poke|p1|Slowking-Galar, F|\n|poke|p1|Landorus-Therian, M|\n|poke|p1|Zamazenta-*|\n|poke|p2|Great Tusk|\n|poke|p2|Tornadus-Therian, M|\n|poke|p2|Ferrothorn, M|\n|poke|p2|Pidgeot, F|\n|poke|p2|Latios, M|\n|poke|p2|Kartana|\n|teampreview\n|inactive|Battle timer is ON: inactive players will automatically lose when time's up. (requested by adriyun)\n|c|\u2606adem|?\n|c|\u2606adriyun|this was my only legal team LMFAOO\n|c|\u2606adriyun|i\u2019m on mobile\n|\n|t:|1700236626\n|start\n|switch|p1a: Zamazenta|Zamazenta|100\/100\n|switch|p2a: Tornadus|Tornadus-Therian, M|100\/100\n|-ability|p1a: Zamazenta|Dauntless Shield|boost\n|-boost|p1a: Zamazenta|def|1\n|turn|1\n|inactive|adem has 270 seconds left.\n|\n|t:|1700236659\n|switch|p1a: Slowking|Slowking-Galar, F|100\/100\n|switch|p2a: Great Tusk|Great Tusk|100\/100\n|\n|upkeep\n|turn|2\n|\n|t:|1700236668\n|-end|p2a: Great Tusk|Protosynthesis|[silent]\n|switch|p2a: Ferrothorn|Ferrothorn, M|100\/100\n|move|p1a: Slowking|Chilly Reception|p1a: Slowking\n|-weather|Snow\n|\n|t:|1700236676\n|switch|p1a: Zamazenta|Zamazenta|100\/100|[from] Chilly Reception\n|\n|-weather|Snow|[upkeep]\n|upkeep\n|turn|3\n|\n|t:|1700236683\n|move|p1a: Zamazenta|Close Combat|p2a: Ferrothorn\n|-supereffective|p2a: Ferrothorn\n|-damage|p2a: Ferrothorn|32\/100\n|-unboost|p1a: Zamazenta|def|1\n|-unboost|p1a: Zamazenta|spd|1\n|-damage|p1a: Zamazenta|88\/100|[from] ability: Iron Barbs|[of] p2a: Ferrothorn\n|move|p2a: Ferrothorn|Stealth Rock|p1a: Zamazenta\n|-sidestart|p1: adem|move: Stealth Rock\n|\n|-weather|Snow|[upkeep]\n|-heal|p2a: Ferrothorn|39\/100|[from] item: Leftovers\n|upkeep\n|turn|4\n|\n|t:|1700236688\n|switch|p2a: Tornadus|Tornadus-Therian, M|100\/100\n|move|p1a: Zamazenta|Crunch|p2a: Tornadus\n|-damage|p2a: Tornadus|69\/100\n|\n|-weather|Snow|[upkeep]\n|upkeep\n|turn|5\n|\n|t:|1700236694\n|switch|p2a: Great Tusk|Great Tusk|100\/100\n|move|p1a: Zamazenta|Stone Edge|p2a: Great Tusk\n|-resisted|p2a: Great Tusk\n|-damage|p2a: Great Tusk|97\/100\n|\n|-weather|Snow|[upkeep]\n|-heal|p2a: Great Tusk|100\/100|[from] item: Leftovers\n|upkeep\n|turn|6\n|\n|t:|1700236700\n|switch|p1a: Landorus|Landorus-Therian, M|100\/100\n|-damage|p1a: Landorus|88\/100|[from] Stealth Rock\n|-ability|p1a: Landorus|Intimidate|boost\n|-unboost|p2a: Great Tusk|atk|1\n|move|p2a: Great Tusk|Close Combat|p1a: Landorus\n|-resisted|p1a: Landorus\n|-damage|p1a: Landorus|75\/100\n|-unboost|p2a: Great Tusk|def|1\n|-unboost|p2a: Great Tusk|spd|1\n|-damage|p2a: Great Tusk|84\/100|[from] item: Rocky Helmet|[of] p1a: Landorus\n|\n|-weather|none\n|-heal|p2a: Great Tusk|90\/100|[from] item: Leftovers\n|upkeep\n|turn|7\n|\n|t:|1700236708\n|switch|p1a: Rotom|Rotom-Wash|100\/100\n|-damage|p1a: Rotom|88\/100|[from] Stealth Rock\n|-end|p2a: Great Tusk|Protosynthesis|[silent]\n|switch|p2a: Kartana|Kartana|100\/100\n|\n|upkeep\n|turn|8\n|\n|t:|1700236715\n|switch|p1a: Landorus|Landorus-Therian, M|75\/100\n|-damage|p1a: Landorus|63\/100|[from] Stealth Rock\n|-ability|p1a: Landorus|Intimidate|boost\n|-unboost|p2a: Kartana|atk|1\n|-terastallize|p2a: Kartana|Grass\n|move|p2a: Kartana|Leaf Blade|p1a: Landorus\n|-damage|p1a: Landorus|25\/100\n|-damage|p2a: Kartana|84\/100|[from] item: Rocky Helmet|[of] p1a: Landorus\n|\n|upkeep\n|turn|9\n|\n|t:|1700236721\n|switch|p2a: Latios|Latios, M|100\/100\n|switch|p1a: Slowking|Slowking-Galar, F|100\/100\n|\n|upkeep\n|turn|10\n|\n|t:|1700236726\n|move|p2a: Latios|Psyshock|p1a: Slowking\n|-damage|p1a: Slowking|60\/100\n|-damage|p2a: Latios|91\/100|[from] item: Life Orb\n|move|p1a: Slowking|Future Sight|p2a: Latios\n|-start|p1a: Slowking|move: Future Sight\n|\n|upkeep\n|turn|11\n|\n|t:|1700236732\n|move|p2a: Latios|Psyshock|p1a: Slowking\n|-damage|p1a: Slowking|20\/100\n|-damage|p2a: Latios|81\/100|[from] item: Life Orb\n|move|p1a: Slowking|Chilly Reception|p1a: Slowking\n|-weather|Snow\n|c|\u2606adem|holy\n|c|\u2606adem|latios suck\n|c|\u2606adriyun|ong LMFAO\n|\n|t:|1700236747\n|switch|p1a: Mawile|Mawile, F|100\/100|[from] Chilly Reception\n|-damage|p1a: Mawile|94\/100|[from] Stealth Rock\n|\n|-weather|Snow|[upkeep]\n|upkeep\n|turn|12\n|\n|t:|1700236751\n|detailschange|p1a: Mawile|Mawile-Mega, F\n|-mega|p1a: Mawile|Mawile|Mawilite\n|move|p1a: Mawile|Sucker Punch|p2a: Latios\n|-supereffective|p2a: Latios\n|-damage|p2a: Latios|0 fnt\n|faint|p2a: Latios\n|\n|-weather|Snow|[upkeep]\n|-hint|Future Sight did not hit because the target is fainted.\n|upkeep\n|\n|t:|1700236756\n|switch|p2a: Great Tusk|Great Tusk|90\/100\n|turn|13\n|\n|t:|1700236760\n|switch|p1a: Landorus|Landorus-Therian, M|25\/100\n|-damage|p1a: Landorus|13\/100|[from] Stealth Rock\n|-ability|p1a: Landorus|Intimidate|boost\n|-unboost|p2a: Great Tusk|atk|1\n|move|p2a: Great Tusk|Earthquake|p1a: Landorus\n|-immune|p1a: Landorus\n|\n|-weather|Snow|[upkeep]\n|-heal|p2a: Great Tusk|96\/100|[from] item: Leftovers\n|upkeep\n|turn|14\n|\n|t:|1700236764\n|move|p1a: Landorus|Stealth Rock|p2a: Great Tusk\n|-sidestart|p2: adriyun|move: Stealth Rock\n|move|p2a: Great Tusk|Ice Spinner|p1a: Landorus\n|-supereffective|p1a: Landorus\n|-damage|p1a: Landorus|0 fnt\n|-damage|p2a: Great Tusk|80\/100|[from] item: Rocky Helmet|[of] p1a: Landorus\n|faint|p1a: Landorus\n|\n|-weather|Snow|[upkeep]\n|-heal|p2a: Great Tusk|86\/100|[from] item: Leftovers\n|upkeep\n|\n|t:|1700236770\n|switch|p1a: Rotom|Rotom-Wash|88\/100\n|-damage|p1a: Rotom|75\/100|[from] Stealth Rock\n|turn|15\n|\n|t:|1700236773\n|move|p1a: Rotom|Hydro Pump|p2a: Great Tusk\n|-supereffective|p2a: Great Tusk\n|-damage|p2a: Great Tusk|0 fnt\n|faint|p2a: Great Tusk\n|-end|p2a: Great Tusk|Protosynthesis|[silent]\n|\n|-weather|none\n|upkeep\n|\n|t:|1700236776\n|switch|p2a: Kartana|Kartana, tera:Grass|84\/100\n|-damage|p2a: Kartana|72\/100|[from] Stealth Rock\n|turn|16\n|c|\u2606adem|defensive tusk\n|c|\u2606adem|such a bad set Man.\n|c|\u2606adriyun|fr..\n|\n|t:|1700236793\n|switch|p1a: Cinderace|Cinderace, M|100\/100\n|move|p2a: Kartana|Leaf Blade|p1a: Cinderace\n|-resisted|p1a: Cinderace\n|-damage|p1a: Cinderace|51\/100\n|\n|upkeep\n|turn|17\n|c|\u2606adem|Ate\n|c|\u2606adriyun|true\n|\n|t:|1700236806\n|move|p2a: Kartana|Leaf Blade|p1a: Cinderace\n|-resisted|p1a: Cinderace\n|-damage|p1a: Cinderace|2\/100\n|move|p1a: Cinderace|Pyro Ball|p2a: Kartana\n|-supereffective|p2a: Kartana\n|-damage|p2a: Kartana|0 fnt\n|faint|p2a: Kartana\n|\n|upkeep\n|c|\u2606adriyun|roll\n|c|\u2606adem|Yep\n|c|\u2606adriyun|prob idk\n|c|\u2606adem|Nope\n|c|\u2606adem|not a roll.\n|c|\u2606adriyun|such a roller\n|c|\u2606adem|\ud83d\ude08\n|\n|t:|1700236828\n|switch|p2a: Pidgeot|Pidgeot, F|100\/100\n|-damage|p2a: Pidgeot|76\/100|[from] Stealth Rock\n|turn|18\n|c|\u2606adem|u wont guess the set\u2026.\n|\n|t:|1700236831\n|detailschange|p2a: Pidgeot|Pidgeot-Mega, F\n|-mega|p2a: Pidgeot|Pidgeot|Pidgeotite\n|move|p2a: Pidgeot|Hurricane|p1a: Cinderace\n|-damage|p1a: Cinderace|0 fnt\n|faint|p1a: Cinderace\n|\n|upkeep\n|\n|t:|1700236841\n|switch|p1a: Mawile|Mawile-Mega, F|94\/100\n|-damage|p1a: Mawile|88\/100|[from] Stealth Rock\n|turn|19\n|\n|t:|1700236844\n|move|p2a: Pidgeot|Heat Wave|p1a: Mawile\n|-supereffective|p1a: Mawile\n|-damage|p1a: Mawile|0 fnt\n|faint|p1a: Mawile\n|\n|upkeep\n|c|\u2606adem|ok wtf\n|c|\u2606adem|i didnt think thag killed\n|\n|t:|1700236855\n|switch|p1a: Rotom|Rotom-Wash|75\/100\n|-damage|p1a: Rotom|63\/100|[from] Stealth Rock\n|turn|20\n|c|\u2606adriyun|me neither LMFAO\n|\n|t:|1700236861\n|move|p2a: Pidgeot|U-turn|p1a: Rotom\n|-damage|p1a: Rotom|52\/100\n|\n|t:|1700236862\n|switch|p2a: Tornadus|Tornadus-Therian, M|100\/100|[from] U-turn\n|-damage|p2a: Tornadus|76\/100|[from] Stealth Rock\n|move|p1a: Rotom|Volt Switch|p2a: Tornadus\n|-supereffective|p2a: Tornadus\n|-damage|p2a: Tornadus|44\/100\n|\n|t:|1700236870\n|switch|p1a: Zamazenta|Zamazenta|88\/100|[from] Volt Switch\n|\n|upkeep\n|turn|21\n|\n|t:|1700236874\n|move|p1a: Zamazenta|Stone Edge|p2a: Tornadus|[miss]\n|-miss|p1a: Zamazenta|p2a: Tornadus\n|move|p2a: Tornadus|Hurricane|p1a: Zamazenta|[miss]\n|-miss|p2a: Tornadus|p1a: Zamazenta\n|\n|upkeep\n|turn|22\n|\n|t:|1700236877\n|move|p1a: Zamazenta|Stone Edge|p2a: Tornadus|[miss]\n|-miss|p1a: Zamazenta|p2a: Tornadus\n|move|p2a: Tornadus|Hurricane|p1a: Zamazenta\n|-supereffective|p1a: Zamazenta\n|-damage|p1a: Zamazenta|14\/100\n|-start|p1a: Zamazenta|confusion\n|\n|upkeep\n|turn|23\n|\n|t:|1700236882\n|switch|p2a: Ferrothorn|Ferrothorn, M|39\/100\n|-damage|p2a: Ferrothorn|32\/100|[from] Stealth Rock\n|-activate|p1a: Zamazenta|confusion\n|move|p1a: Zamazenta|Stone Edge|p2a: Ferrothorn\n|-resisted|p2a: Ferrothorn\n|-damage|p2a: Ferrothorn|23\/100\n|\n|-heal|p2a: Ferrothorn|29\/100|[from] item: Leftovers\n|upkeep\n|turn|24\n|\n|t:|1700236885\n|-activate|p1a: Zamazenta|confusion\n|move|p1a: Zamazenta|Close Combat|p2a: Ferrothorn\n|-supereffective|p2a: Ferrothorn\n|-damage|p2a: Ferrothorn|0 fnt\n|-unboost|p1a: Zamazenta|def|1\n|-unboost|p1a: Zamazenta|spd|1\n|-damage|p1a: Zamazenta|1\/100|[from] ability: Iron Barbs|[of] p2a: Ferrothorn\n|faint|p2a: Ferrothorn\n|\n|upkeep\n|\n|t:|1700236889\n|switch|p2a: Tornadus|Tornadus-Therian, M|77\/100\n|-damage|p2a: Tornadus|52\/100|[from] Stealth Rock\n|turn|25\n|\n|t:|1700236892\n|-activate|p1a: Zamazenta|confusion\n|-damage|p1a: Zamazenta|0 fnt|[from] confusion\n|faint|p1a: Zamazenta\n|move|p2a: Tornadus|U-turn|p1: Zamazenta|[notarget]\n|-fail|p2a: Tornadus\n|\n|upkeep\n|c|\u2606adem|ok\n|c|\u2606adem|i won\n|c|\u2606adriyun|hehehe\n|c|\u2606adem|if i hit even 1\n|c|\u2606adem|of that\n|c|\u2606adriyun|proof\n|c|\u2606adem|i tera and kill pidge\n|c|\u2606adem|Urgh.\n|c|\u2606adriyun|proof\n|\n|t:|1700236918\n|switch|p1a: Slowking|Slowking-Galar, F|53\/100\n|turn|26\n|\n|t:|1700236922\n|move|p2a: Tornadus|Knock Off|p1a: Slowking\n|-supereffective|p1a: Slowking\n|-damage|p1a: Slowking|24\/100\n|-enditem|p1a: Slowking|Heavy-Duty Boots|[from] move: Knock Off|[of] p2a: Tornadus\n|move|p1a: Slowking|Sludge Bomb|p2a: Tornadus\n|-damage|p2a: Tornadus|30\/100\n|\n|upkeep\n|turn|27\n|c|\u2606adem|Noob\n|\n|t:|1700236930\n|move|p2a: Tornadus|Hurricane|p1a: Slowking|[miss]\n|-miss|p2a: Tornadus|p1a: Slowking\n|move|p1a: Slowking|Chilly Reception|p1a: Slowking\n|-weather|Snow\n|\n|t:|1700236932\n|switch|p1a: Rotom|Rotom-Wash|52\/100|[from] Chilly Reception\n|-damage|p1a: Rotom|40\/100|[from] Stealth Rock\n|\n|-weather|Snow|[upkeep]\n|upkeep\n|turn|28\n|\n|t:|1700236936\n|move|p2a: Tornadus|Hurricane|p1a: Rotom\n|-resisted|p1a: Rotom\n|-damage|p1a: Rotom|18\/100\n|-start|p1a: Rotom|confusion\n|-activate|p1a: Rotom|confusion\n|-zpower|p1a: Rotom\n|move|p1a: Rotom|Hydro Vortex|p2a: Tornadus|[zeffect]\n|-damage|p2a: Tornadus|0 fnt\n|faint|p2a: Tornadus\n|\n|-weather|Snow|[upkeep]\n|upkeep\n|\n|t:|1700236939\n|switch|p2a: Pidgeot|Pidgeot-Mega, F|76\/100\n|-damage|p2a: Pidgeot|51\/100|[from] Stealth Rock\n|turn|29\n|\n|t:|1700236942\n|move|p2a: Pidgeot|Hurricane|p1a: Rotom\n|-resisted|p1a: Rotom\n|-damage|p1a: Rotom|0 fnt\n|faint|p1a: Rotom\n|\n|-weather|Snow|[upkeep]\n|upkeep\n|\n|t:|1700236943\n|switch|p1a: Slowking|Slowking-Galar, F|57\/100\n|-damage|p1a: Slowking|45\/100|[from] Stealth Rock\n|turn|30\n|\n|t:|1700236950\n|move|p2a: Pidgeot|Hurricane|p1a: Slowking\n|-damage|p1a: Slowking|0 fnt\n|faint|p1a: Slowking\n|\n|win|adriyun\n|c|\u2606adem|Yep.\n|c|\u2606adriyun|gg ez\n","uploadtime":1700236959,"views":28,"p1id":"adem","p2id":"adriyun","formatid":"gen9nationaldex","rating":0,"private":0,"password":""}