{"id":"gen9nationaldex-1987994927","p1":"EABL XD","p2":"alcatel999","format":"[Gen 9] National Dex","log":"|j|\u2606EABL XD\n|j|\u2606alcatel999\n|t:|1699657080\n|gametype|singles\n|player|p1|EABL XD|gambler|1298\n|player|p2|alcatel999|rocketgrunt|1290\n|teamsize|p1|6\n|teamsize|p2|6\n|gen|9\n|tier|[Gen 9] National Dex\n|rated|\n|rule|HP Percentage Mod: HP is shown in percentages\n|rule|Endless Battle Clause: Forcing endless battles is banned\n|rule|OHKO Clause: OHKO moves are banned\n|rule|Evasion Clause: Evasion abilities, items, and moves are banned\n|rule|Evasion Abilities Clause: Evasion abilities are banned\n|rule|Evasion Items Clause: Evasion items are banned\n|rule|Evasion Moves Clause: Evasion moves are banned\n|rule|Species Clause: Limit one of each Pok\u00e9mon\n|rule|Sleep Clause Mod: Limit one foe put to sleep\n|clearpoke\n|poke|p1|Garganacl, F|\n|poke|p1|Galvantula, M|\n|poke|p1|Great Tusk|\n|poke|p1|Greninja-*, M|\n|poke|p1|Kommo-o, M|\n|poke|p1|Maushold-Four|\n|poke|p2|Dragonite, F|\n|poke|p2|Blaziken, F|\n|poke|p2|Tangrowth, F|\n|poke|p2|Snorlax, F|\n|poke|p2|Zoroark-Hisui, F|\n|poke|p2|Starmie|\n|teampreview\n|inactive|Battle timer is ON: inactive players will automatically lose when time's up. (requested by alcatel999)\n|c|\u2606alcatel999|GL HF\n|\n|t:|1699657157\n|start\n|switch|p1a: La Gran Tula|Galvantula, M, shiny|100\/100\n|switch|p2a: KFC|Blaziken, F|100\/100\n|turn|1\n|\n|t:|1699657169\n|move|p1a: La Gran Tula|Thunder Wave|p2a: KFC\n|-status|p2a: KFC|par\n|move|p2a: KFC|Flare Blitz|p1a: La Gran Tula\n|-supereffective|p1a: La Gran Tula\n|-enditem|p1a: La Gran Tula|Focus Sash\n|-damage|p1a: La Gran Tula|1\/100\n|-damage|p2a: KFC|73\/100 par|[from] Recoil\n|\n|-heal|p2a: KFC|79\/100 par|[from] item: Leftovers\n|-ability|p2a: KFC|Speed Boost|boost\n|-boost|p2a: KFC|spe|1\n|upkeep\n|turn|2\n|\n|t:|1699657176\n|move|p1a: La Gran Tula|Sticky Web|p2a: KFC\n|-sidestart|p2: alcatel999|move: Sticky Web\n|cant|p2a: KFC|par\n|\n|-heal|p2a: KFC|85\/100 par|[from] item: Leftovers\n|-ability|p2a: KFC|Speed Boost|boost\n|-boost|p2a: KFC|spe|1\n|upkeep\n|turn|3\n|\n|t:|1699657179\n|move|p1a: La Gran Tula|Thunder|p2a: KFC\n|-damage|p2a: KFC|22\/100 par\n|move|p2a: KFC|Swords Dance|p2a: KFC\n|-boost|p2a: KFC|atk|2\n|\n|-heal|p2a: KFC|28\/100 par|[from] item: Leftovers\n|-ability|p2a: KFC|Speed Boost|boost\n|-boost|p2a: KFC|spe|1\n|upkeep\n|turn|4\n|\n|t:|1699657203\n|move|p1a: La Gran Tula|Thunder|p2a: KFC\n|-damage|p2a: KFC|0 fnt\n|faint|p2a: KFC\n|\n|upkeep\n|\n|t:|1699657209\n|switch|p2a: PatricioEstrella|Starmie|100\/100\n|-activate|p2a: PatricioEstrella|move: Sticky Web\n|-unboost|p2a: PatricioEstrella|spe|1\n|turn|5\n|\n|t:|1699657213\n|-terastallize|p2a: PatricioEstrella|Ground\n|move|p1a: La Gran Tula|Thunder Wave|p2a: PatricioEstrella\n|-immune|p2a: PatricioEstrella\n|move|p2a: PatricioEstrella|Rapid Spin|p1a: La Gran Tula\n|-damage|p1a: La Gran Tula|0 fnt\n|-boost|p2a: PatricioEstrella|spe|1\n|-sideend|p2: alcatel999|Sticky Web|[from] move: Rapid Spin|[of] p2a: PatricioEstrella\n|faint|p1a: La Gran Tula\n|\n|upkeep\n|\n|t:|1699657217\n|switch|p1a: Komodo|Kommo-o, M|100\/100\n|turn|6\n|\n|t:|1699657223\n|move|p2a: PatricioEstrella|Ice Beam|p1a: Komodo\n|-supereffective|p1a: Komodo\n|-damage|p1a: Komodo|16\/100\n|-zpower|p1a: Komodo\n|move|p1a: Komodo|Clangorous Soulblaze|p2a: PatricioEstrella|[zeffect]\n|-damage|p2a: PatricioEstrella|15\/100\n|-boost|p1a: Komodo|atk|1\n|-boost|p1a: Komodo|def|1\n|-boost|p1a: Komodo|spa|1\n|-boost|p1a: Komodo|spd|1\n|-boost|p1a: Komodo|spe|1\n|\n|upkeep\n|turn|7\n|\n|t:|1699657228\n|move|p1a: Komodo|Drain Punch|p2a: PatricioEstrella\n|-damage|p2a: PatricioEstrella|0 fnt\n|-heal|p1a: Komodo|23\/100|[from] drain|[of] p2a: PatricioEstrella\n|faint|p2a: PatricioEstrella\n|\n|upkeep\n|\n|t:|1699657233\n|switch|p2a: Mariposon|Dragonite, F|100\/100\n|turn|8\n|\n|t:|1699657240\n|move|p1a: Komodo|Outrage|p2a: Mariposon\n|-enditem|p2a: Mariposon|Focus Sash\n|-damage|p2a: Mariposon|1\/100\n|replace|p2a: Amongus|Zoroark-Hisui, F\n|-end|p2a: Amongus|Illusion\n|move|p2a: Amongus|Bitter Malice|p1a: Komodo\n|-damage|p1a: Komodo|0 fnt\n|faint|p1a: Komodo\n|\n|upkeep\n|\n|t:|1699657246\n|switch|p1a: El Ninja|Greninja, M|100\/100\n|turn|9\n|\n|t:|1699657250\n|switch|p2a: RellenitoDeAmor|Snorlax, F|100\/100\n|move|p1a: El Ninja|Water Shuriken|p2a: RellenitoDeAmor\n|-damage|p2a: RellenitoDeAmor|96\/100\n|-damage|p2a: RellenitoDeAmor|91\/100\n|-hitcount|p2a: RellenitoDeAmor|2\n|-damage|p1a: El Ninja|91\/100|[from] item: Life Orb\n|\n|-heal|p2a: RellenitoDeAmor|97\/100|[from] item: Leftovers\n|upkeep\n|turn|10\n|\n|t:|1699657256\n|switch|p1a: Familia \ud83d\ude10\ud83d\udc4d\ud83c\udffd|Maushold-Four|100\/100\n|move|p2a: RellenitoDeAmor|Curse|p2a: RellenitoDeAmor\n|-unboost|p2a: RellenitoDeAmor|spe|1\n|-boost|p2a: RellenitoDeAmor|atk|1\n|-boost|p2a: RellenitoDeAmor|def|1\n|\n|-heal|p2a: RellenitoDeAmor|100\/100|[from] item: Leftovers\n|upkeep\n|turn|11\n|\n|t:|1699657261\n|-terastallize|p1a: Familia \ud83d\ude10\ud83d\udc4d\ud83c\udffd|Normal\n|move|p1a: Familia \ud83d\ude10\ud83d\udc4d\ud83c\udffd|Population Bomb|p2a: RellenitoDeAmor\n|-damage|p2a: RellenitoDeAmor|90\/100\n|-damage|p2a: RellenitoDeAmor|81\/100\n|-damage|p2a: RellenitoDeAmor|71\/100\n|-damage|p2a: RellenitoDeAmor|61\/100\n|-damage|p2a: RellenitoDeAmor|50\/100\n|-damage|p2a: RellenitoDeAmor|41\/100\n|-damage|p2a: RellenitoDeAmor|31\/100\n|-damage|p2a: RellenitoDeAmor|21\/100\n|-damage|p2a: RellenitoDeAmor|10\/100\n|-damage|p2a: RellenitoDeAmor|0 fnt\n|faint|p2a: RellenitoDeAmor\n|-hitcount|p2: RellenitoDeAmor|10\n|\n|upkeep\n|\n|t:|1699657271\n|switch|p2a: Mariposon|Dragonite, F|1\/100\n|turn|12\n|\n|t:|1699657289\n|move|p2a: Mariposon|Sludge Bomb|p1a: Familia \ud83d\ude10\ud83d\udc4d\ud83c\udffd\n|-damage|p1a: Familia \ud83d\ude10\ud83d\udc4d\ud83c\udffd|59\/100\n|-status|p1a: Familia \ud83d\ude10\ud83d\udc4d\ud83c\udffd|psn\n|move|p1a: Familia \ud83d\ude10\ud83d\udc4d\ud83c\udffd|Aerial Ace|p2a: Mariposon\n|-damage|p2a: Mariposon|0 fnt\n|replace|p2a: Amongus|Zoroark-Hisui, F\n|-end|p2a: Amongus|Illusion\n|faint|p2a: Amongus\n|\n|-damage|p1a: Familia \ud83d\ude10\ud83d\udc4d\ud83c\udffd|46\/100 psn|[from] psn\n|upkeep\n|\n|t:|1699657294\n|switch|p2a: Mariposon|Dragonite, F|100\/100\n|turn|13\n|\n|t:|1699657297\n|move|p1a: Familia \ud83d\ude10\ud83d\udc4d\ud83c\udffd|Population Bomb|p2a: Mariposon\n|-damage|p2a: Mariposon|91\/100\n|-damage|p2a: Mariposon|71\/100\n|-damage|p2a: Mariposon|52\/100\n|-crit|p2a: Mariposon\n|-damage|p2a: Mariposon|23\/100\n|-damage|p2a: Mariposon|6\/100\n|-damage|p2a: Mariposon|0 fnt\n|faint|p2a: Mariposon\n|-hitcount|p2: Mariposon|6\n|\n|-damage|p1a: Familia \ud83d\ude10\ud83d\udc4d\ud83c\udffd|34\/100 psn|[from] psn\n|upkeep\n|\n|t:|1699657301\n|switch|p2a: HuevoPeludo|Tangrowth, F|100\/100\n|turn|14\n|\n|t:|1699657306\n|move|p1a: Familia \ud83d\ude10\ud83d\udc4d\ud83c\udffd|Population Bomb|p2a: HuevoPeludo\n|-damage|p2a: HuevoPeludo|92\/100\n|-damage|p1a: Familia \ud83d\ude10\ud83d\udc4d\ud83c\udffd|17\/100 psn|[from] item: Rocky Helmet|[of] p2a: HuevoPeludo\n|-damage|p2a: HuevoPeludo|84\/100\n|-damage|p1a: Familia \ud83d\ude10\ud83d\udc4d\ud83c\udffd|0 fnt|[from] item: Rocky Helmet|[of] p2a: HuevoPeludo\n|faint|p1a: Familia \ud83d\ude10\ud83d\udc4d\ud83c\udffd\n|-hitcount|p2a: HuevoPeludo|2\n|move|p2a: HuevoPeludo|Synthesis|p2a: HuevoPeludo\n|-heal|p2a: HuevoPeludo|100\/100\n|\n|upkeep\n|\n|t:|1699657315\n|switch|p1a: Golem del Maincra|Garganacl, F|100\/100\n|turn|15\n|-message|alcatel999 forfeited.\n|\n|win|EABL XD\n|raw|EABL XD's rating: 1298 &rarr; <strong>1322<\/strong><br \/>(+24 for winning)\n|raw|alcatel999's rating: 1290 &rarr; <strong>1266<\/strong><br \/>(-24 for losing)\n|l|\u2606alcatel999\n","uploadtime":1699657324,"views":18,"p1id":"eablxd","p2id":"alcatel999","formatid":"gen9nationaldex","rating":1266,"private":0,"password":""}