{"id":"gen9nationaldex-1990797569","p1":"Jarl_jake","p2":"SninemaSnins","format":"[Gen 9] National Dex","log":"|j|\u2606Jarl_jake\n|j|\u2606SninemaSnins\n|t:|1700001836\n|gametype|singles\n|player|p1|Jarl_jake|red|1366\n|player|p2|SninemaSnins|workerice|1296\n|teamsize|p1|6\n|teamsize|p2|6\n|gen|9\n|tier|[Gen 9] National Dex\n|rated|\n|rule|HP Percentage Mod: HP is shown in percentages\n|rule|Endless Battle Clause: Forcing endless battles is banned\n|rule|OHKO Clause: OHKO moves are banned\n|rule|Evasion Clause: Evasion abilities, items, and moves are banned\n|rule|Evasion Abilities Clause: Evasion abilities are banned\n|rule|Evasion Items Clause: Evasion items are banned\n|rule|Evasion Moves Clause: Evasion moves are banned\n|rule|Species Clause: Limit one of each Pok\u00e9mon\n|rule|Sleep Clause Mod: Limit one foe put to sleep\n|clearpoke\n|poke|p1|Ninetales-Alola, F|\n|poke|p1|Serperior, F|\n|poke|p1|Salamence, M|\n|poke|p1|Blaziken, M|\n|poke|p1|Blastoise, F|\n|poke|p1|Grimmsnarl, M|\n|poke|p2|Ninetales-Alola, F|\n|poke|p2|Cetitan, M|\n|poke|p2|Frosmoth, F|\n|poke|p2|Sandslash-Alola, M|\n|poke|p2|Piloswine, M|\n|poke|p2|Cloyster, M|\n|teampreview\n|\n|t:|1700001853\n|start\n|switch|p1a: Chicharron|Blaziken, M, shiny|100\/100\n|switch|p2a: Have an ice day|Ninetales-Alola, F|100\/100\n|-weather|Snow|[from] ability: Snow Warning|[of] p2a: Have an ice day\n|turn|1\n|\n|t:|1700001868\n|switch|p2a: Stay cool man|Cloyster, M|100\/100\n|move|p1a: Chicharron|Swords Dance|p1a: Chicharron\n|-boost|p1a: Chicharron|atk|2\n|\n|-weather|Snow|[upkeep]\n|-ability|p1a: Chicharron|Speed Boost|boost\n|-boost|p1a: Chicharron|spe|1\n|upkeep\n|turn|2\n|\n|t:|1700001903\n|-terastallize|p2a: Stay cool man|Ghost\n|move|p1a: Chicharron|Thunder Punch|p2a: Stay cool man\n|-damage|p2a: Stay cool man|51\/100\n|move|p2a: Stay cool man|Shell Smash|p2a: Stay cool man\n|-unboost|p2a: Stay cool man|def|1\n|-unboost|p2a: Stay cool man|spd|1\n|-boost|p2a: Stay cool man|atk|2\n|-boost|p2a: Stay cool man|spa|2\n|-boost|p2a: Stay cool man|spe|2\n|-enditem|p2a: Stay cool man|White Herb\n|-clearnegativeboost|p2a: Stay cool man|[silent]\n|\n|-weather|Snow|[upkeep]\n|-ability|p1a: Chicharron|Speed Boost|boost\n|-boost|p1a: Chicharron|spe|1\n|upkeep\n|turn|3\n|inactive|Battle timer is ON: inactive players will automatically lose when time's up. (requested by SninemaSnins)\n|\n|t:|1700001920\n|move|p2a: Stay cool man|Surf|p1a: Chicharron\n|-supereffective|p1a: Chicharron\n|-enditem|p1a: Chicharron|Focus Sash\n|-damage|p1a: Chicharron|1\/100\n|move|p1a: Chicharron|Blaze Kick|p2a: Stay cool man|[miss]\n|-miss|p1a: Chicharron|p2a: Stay cool man\n|\n|-weather|Snow|[upkeep]\n|-ability|p1a: Chicharron|Speed Boost|boost\n|-boost|p1a: Chicharron|spe|1\n|upkeep\n|turn|4\n|\n|t:|1700001932\n|move|p1a: Chicharron|Blaze Kick|p2a: Stay cool man\n|-damage|p2a: Stay cool man|0 fnt\n|faint|p2a: Stay cool man\n|\n|-weather|Snow|[upkeep]\n|-ability|p1a: Chicharron|Speed Boost|boost\n|-boost|p1a: Chicharron|spe|1\n|upkeep\n|\n|t:|1700001943\n|switch|p2a: Don't be so cold|Cetitan, M|100\/100\n|turn|5\n|\n|t:|1700001966\n|switch|p1a: Fat Girl|Blastoise, F, shiny|100\/100\n|move|p2a: Don't be so cold|Ice Shard|p1a: Fat Girl\n|-resisted|p1a: Fat Girl\n|-damage|p1a: Fat Girl|90\/100\n|\n|-weather|Snow|[upkeep]\n|upkeep\n|turn|6\n|\n|t:|1700001983\n|switch|p2a: Why so frostrated?|Frosmoth, F|100\/100\n|move|p1a: Fat Girl|Scald|p2a: Why so frostrated?\n|-damage|p2a: Why so frostrated?|78\/100\n|-status|p2a: Why so frostrated?|brn\n|\n|-weather|Snow|[upkeep]\n|-damage|p2a: Why so frostrated?|72\/100 brn|[from] brn\n|upkeep\n|turn|7\n|\n|t:|1700002002\n|switch|p1a: Grendel|Grimmsnarl, M, shiny|100\/100\n|move|p2a: Why so frostrated?|Quiver Dance|p2a: Why so frostrated?\n|-boost|p2a: Why so frostrated?|spa|1\n|-boost|p2a: Why so frostrated?|spd|1\n|-boost|p2a: Why so frostrated?|spe|1\n|\n|-weather|Snow|[upkeep]\n|-damage|p2a: Why so frostrated?|66\/100 brn|[from] brn\n|upkeep\n|turn|8\n|\n|t:|1700002013\n|move|p1a: Grendel|Sucker Punch|p2a: Why so frostrated?\n|-damage|p2a: Why so frostrated?|26\/100 brn\n|move|p2a: Why so frostrated?|Ice Beam|p1a: Grendel\n|-damage|p1a: Grendel|24\/100\n|\n|-weather|none\n|-damage|p2a: Why so frostrated?|20\/100 brn|[from] brn\n|upkeep\n|turn|9\n|\n|t:|1700002031\n|move|p1a: Grendel|Sucker Punch||[still]\n|-fail|p1a: Grendel\n|move|p2a: Why so frostrated?|Quiver Dance|p2a: Why so frostrated?\n|-boost|p2a: Why so frostrated?|spa|1\n|-boost|p2a: Why so frostrated?|spd|1\n|-boost|p2a: Why so frostrated?|spe|1\n|\n|-damage|p2a: Why so frostrated?|14\/100 brn|[from] brn\n|upkeep\n|turn|10\n|\n|t:|1700002040\n|move|p1a: Grendel|Sucker Punch|p2a: Why so frostrated?\n|-crit|p2a: Why so frostrated?\n|-damage|p2a: Why so frostrated?|0 fnt\n|faint|p2a: Why so frostrated?\n|\n|upkeep\n|\n|t:|1700002045\n|switch|p2a: Have an ice day|Ninetales-Alola, F|100\/100\n|-weather|Snow|[from] ability: Snow Warning|[of] p2a: Have an ice day\n|turn|11\n|\n|t:|1700002053\n|move|p1a: Grendel|Thunder Wave|p2a: Have an ice day\n|-status|p2a: Have an ice day|par\n|move|p2a: Have an ice day|Encore|p1a: Grendel\n|-start|p1a: Grendel|Encore\n|\n|-weather|Snow|[upkeep]\n|upkeep\n|turn|12\n|\n|t:|1700002068\n|switch|p1a: Fat Girl|Blastoise, F, shiny|90\/100\n|move|p2a: Have an ice day|Aurora Veil|p2a: Have an ice day\n|-sidestart|p2: SninemaSnins|move: Aurora Veil\n|\n|-weather|Snow|[upkeep]\n|upkeep\n|turn|13\n|\n|t:|1700002085\n|move|p1a: Fat Girl|Shell Smash|p1a: Fat Girl\n|-unboost|p1a: Fat Girl|def|1\n|-unboost|p1a: Fat Girl|spd|1\n|-boost|p1a: Fat Girl|atk|2\n|-boost|p1a: Fat Girl|spa|2\n|-boost|p1a: Fat Girl|spe|2\n|cant|p2a: Have an ice day|par\n|\n|-weather|Snow|[upkeep]\n|upkeep\n|turn|14\n|\n|t:|1700002095\n|move|p1a: Fat Girl|Scald|p2a: Have an ice day\n|-damage|p2a: Have an ice day|67\/100 par\n|move|p2a: Have an ice day|Freeze-Dry|p1a: Fat Girl\n|-supereffective|p1a: Fat Girl\n|-damage|p1a: Fat Girl|29\/100\n|\n|-weather|Snow|[upkeep]\n|upkeep\n|turn|15\n|\n|t:|1700002109\n|move|p1a: Fat Girl|Scald|p2a: Have an ice day\n|-crit|p2a: Have an ice day\n|-damage|p2a: Have an ice day|0 fnt\n|faint|p2a: Have an ice day\n|\n|-weather|Snow|[upkeep]\n|upkeep\n|\n|t:|1700002133\n|switch|p2a: Chill out bro|Sandslash-Alola, M|100\/100\n|turn|16\n|\n|t:|1700002145\n|-terastallize|p1a: Fat Girl|Water\n|move|p2a: Chill out bro|Earthquake|p1a: Fat Girl\n|-damage|p1a: Fat Girl|0 fnt\n|faint|p1a: Fat Girl\n|\n|-weather|Snow|[upkeep]\n|-sideend|p2: SninemaSnins|move: Aurora Veil\n|upkeep\n|\n|t:|1700002158\n|switch|p1a: Grendel|Grimmsnarl, M, shiny|24\/100\n|turn|17\n|\n|t:|1700002164\n|move|p1a: Grendel|Thunder Wave|p2a: Chill out bro\n|-status|p2a: Chill out bro|par\n|move|p2a: Chill out bro|Iron Head|p1a: Grendel\n|-supereffective|p1a: Grendel\n|-damage|p1a: Grendel|0 fnt\n|faint|p1a: Grendel\n|\n|-weather|Snow|[upkeep]\n|upkeep\n|\n|t:|1700002182\n|switch|p1a: Paarthurnax|Salamence, M, shiny|100\/100\n|turn|18\n|\n|t:|1700002186\n|move|p1a: Paarthurnax|Fire Blast|p2a: Chill out bro\n|-supereffective|p2a: Chill out bro\n|-damage|p2a: Chill out bro|0 fnt\n|faint|p2a: Chill out bro\n|-ability|p1a: Paarthurnax|Moxie|boost\n|-boost|p1a: Paarthurnax|atk|1\n|\n|-weather|none\n|upkeep\n|\n|t:|1700002195\n|switch|p2a: Snow big deal|Piloswine, M|100\/100\n|turn|19\n|\n|t:|1700002200\n|move|p1a: Paarthurnax|Dual Wingbeat|p2a: Snow big deal\n|-damage|p2a: Snow big deal|78\/100\n|-damage|p2a: Snow big deal|56\/100\n|-hitcount|p2a: Snow big deal|2\n|move|p2a: Snow big deal|Toxic|p1a: Paarthurnax\n|-status|p1a: Paarthurnax|tox\n|-enditem|p1a: Paarthurnax|Lum Berry|[eat]\n|-curestatus|p1a: Paarthurnax|tox|[msg]\n|\n|upkeep\n|turn|20\n|\n|t:|1700002210\n|move|p1a: Paarthurnax|Fire Blast|p2a: Snow big deal\n|-supereffective|p2a: Snow big deal\n|-damage|p2a: Snow big deal|36\/100\n|move|p2a: Snow big deal|Toxic|p1a: Paarthurnax\n|-status|p1a: Paarthurnax|tox\n|\n|-damage|p1a: Paarthurnax|94\/100 tox|[from] psn\n|upkeep\n|turn|21\n|\n|t:|1700002223\n|move|p1a: Paarthurnax|Dual Wingbeat|p2a: Snow big deal\n|-damage|p2a: Snow big deal|12\/100\n|-damage|p2a: Snow big deal|0 fnt\n|faint|p2a: Snow big deal\n|-ability|p1a: Paarthurnax|Moxie|boost\n|-boost|p1a: Paarthurnax|atk|1\n|-hitcount|p2: Snow big deal|2\n|\n|-damage|p1a: Paarthurnax|82\/100 tox|[from] psn\n|upkeep\n|\n|t:|1700002232\n|switch|p2a: Don't be so cold|Cetitan, M|100\/100\n|turn|22\n|\n|t:|1700002237\n|move|p2a: Don't be so cold|Ice Shard|p1a: Paarthurnax\n|-supereffective|p1a: Paarthurnax\n|-damage|p1a: Paarthurnax|0 fnt\n|faint|p1a: Paarthurnax\n|\n|upkeep\n|\n|t:|1700002248\n|switch|p1a: Kurama|Ninetales-Alola, F, shiny|100\/100\n|-weather|Snow|[from] ability: Snow Warning|[of] p1a: Kurama\n|turn|23\n|\n|t:|1700002262\n|move|p2a: Don't be so cold|Belly Drum|p2a: Don't be so cold\n|-damage|p2a: Don't be so cold|50\/100\n|-setboost|p2a: Don't be so cold|atk|6|[from] move: Belly Drum\n|move|p1a: Kurama|Encore|p2a: Don't be so cold\n|-start|p2a: Don't be so cold|Encore\n|\n|-weather|Snow|[upkeep]\n|upkeep\n|turn|24\n|\n|t:|1700002272\n|-zpower|p2a: Don't be so cold\n|move|p2a: Don't be so cold|Z-Belly Drum||[anim]Belly Drum|[still]\n|-heal|p2a: Don't be so cold|100\/100|[zeffect]\n|-fail|p2a: Don't be so cold\n|move|p1a: Kurama|Moonblast|p2a: Don't be so cold\n|-damage|p2a: Don't be so cold|62\/100\n|-unboost|p2a: Don't be so cold|spa|1\n|\n|-weather|Snow|[upkeep]\n|upkeep\n|turn|25\n|\n|t:|1700002291\n|move|p2a: Don't be so cold|Belly Drum||[still]\n|-fail|p2a: Don't be so cold\n|move|p1a: Kurama|Moonblast|p2a: Don't be so cold\n|-damage|p2a: Don't be so cold|19\/100\n|\n|-weather|Snow|[upkeep]\n|upkeep\n|turn|26\n|\n|t:|1700002299\n|move|p2a: Don't be so cold|Belly Drum||[still]\n|-fail|p2a: Don't be so cold\n|move|p1a: Kurama|Moonblast|p2a: Don't be so cold\n|-damage|p2a: Don't be so cold|0 fnt\n|faint|p2a: Don't be so cold\n|\n|win|Jarl_jake\n|raw|Jarl_jake's rating: 1366 &rarr; <strong>1382<\/strong><br \/>(+16 for winning)\n|raw|SninemaSnins's rating: 1296 &rarr; <strong>1276<\/strong><br \/>(-20 for losing)\n","uploadtime":1700002308,"views":25,"p1id":"jarljake","p2id":"sninemasnins","formatid":"gen9nationaldex","rating":1276,"private":0,"password":""}