{"id":"gen9nationaldex-1998712695","p1":"sackdawincon","p2":"hcff","format":"[Gen 9] National Dex","log":"|html|<div class=\"broadcast-blue\"><strong>[Gen 9] National Dex is currently suspecting Sneasler! For information on how to participate check out the <a href=\"https:\/\/www.smogon.com\/forums\/threads\/sv-national-dex-suspect-8-just-dance.3731534\/\">suspect thread<\/a>.<\/strong><\/div>\n|j|\u2606sackdawincon\n|j|\u2606hcff\n|t:|1700976387\n|gametype|singles\n|player|p1|sackdawincon|falkner-gen2|1472\n|player|p2|hcff|ingo|1488\n|teamsize|p1|6\n|teamsize|p2|6\n|gen|9\n|tier|[Gen 9] National Dex\n|rated|\n|rule|HP Percentage Mod: HP is shown in percentages\n|rule|Endless Battle Clause: Forcing endless battles is banned\n|rule|OHKO Clause: OHKO moves are banned\n|rule|Evasion Clause: Evasion abilities, items, and moves are banned\n|rule|Evasion Abilities Clause: Evasion abilities are banned\n|rule|Evasion Items Clause: Evasion items are banned\n|rule|Evasion Moves Clause: Evasion moves are banned\n|rule|Species Clause: Limit one of each Pok\u00e9mon\n|rule|Sleep Clause Mod: Limit one foe put to sleep\n|clearpoke\n|poke|p1|Moltres|\n|poke|p1|Alomomola, M|\n|poke|p1|Landorus-Therian, M|\n|poke|p1|Ferrothorn, F|\n|poke|p1|Hitmontop, M|\n|poke|p1|Tapu Lele|\n|poke|p2|Latias, F|\n|poke|p2|Virizion|\n|poke|p2|Salamence, F|\n|poke|p2|Barraskewda, F|\n|poke|p2|Heatran, F|\n|poke|p2|Hatterene, F|\n|teampreview\n|inactive|Battle timer is ON: inactive players will automatically lose when time's up. (requested by hcff)\n|\n|t:|1700976415\n|start\n|switch|p1a: Moltres|Moltres|100\/100\n|switch|p2a: Barraskewda|Barraskewda, F|100\/100\n|turn|1\n|\n|t:|1700976420\n|switch|p1a: Ferrothorn|Ferrothorn, F|100\/100\n|move|p2a: Barraskewda|Flip Turn|p1a: Ferrothorn\n|-resisted|p1a: Ferrothorn\n|-damage|p1a: Ferrothorn|85\/100\n|-damage|p2a: Barraskewda|88\/100|[from] ability: Iron Barbs|[of] p1a: Ferrothorn\n|\n|t:|1700976423\n|switch|p2a: Latias|Latias, F|100\/100|[from] Flip Turn\n|\n|-heal|p1a: Ferrothorn|91\/100|[from] item: Leftovers\n|upkeep\n|turn|2\n|\n|t:|1700976436\n|switch|p1a: Landorus|Landorus-Therian, M|100\/100\n|-ability|p1a: Landorus|Intimidate|boost\n|-unboost|p2a: Latias|atk|1\n|move|p2a: Latias|Substitute|p2a: Latias\n|-start|p2a: Latias|Substitute\n|-damage|p2a: Latias|75\/100\n|\n|-heal|p2a: Latias|82\/100|[from] item: Leftovers\n|upkeep\n|turn|3\n|\n|t:|1700976439\n|move|p2a: Latias|Calm Mind|p2a: Latias\n|-boost|p2a: Latias|spa|1\n|-boost|p2a: Latias|spd|1\n|move|p1a: Landorus|U-turn|p2a: Latias\n|-supereffective|p2a: Latias\n|-end|p2a: Latias|Substitute\n|\n|t:|1700976450\n|switch|p1a: Hitmontop|Hitmontop, M|100\/100|[from] U-turn\n|\n|-heal|p2a: Latias|88\/100|[from] item: Leftovers\n|upkeep\n|turn|4\n|\n|t:|1700976458\n|move|p2a: Latias|Psyshock|p1a: Hitmontop\n|-supereffective|p1a: Hitmontop\n|-damage|p1a: Hitmontop|0 fnt\n|faint|p1a: Hitmontop\n|\n|-heal|p2a: Latias|94\/100|[from] item: Leftovers\n|upkeep\n|\n|t:|1700976464\n|switch|p1a: Tapu Lele|Tapu Lele|100\/100\n|-fieldstart|move: Psychic Terrain|[from] ability: Psychic Surge|[of] p1a: Tapu Lele\n|turn|5\n|\n|t:|1700976471\n|move|p1a: Tapu Lele|Moonblast|p2a: Latias\n|-supereffective|p2a: Latias\n|-damage|p2a: Latias|39\/100\n|move|p2a: Latias|Calm Mind|p2a: Latias\n|-boost|p2a: Latias|spa|1\n|-boost|p2a: Latias|spd|1\n|\n|-heal|p2a: Latias|45\/100|[from] item: Leftovers\n|upkeep\n|turn|6\n|\n|t:|1700976477\n|-terastallize|p2a: Latias|Fairy\n|move|p1a: Tapu Lele|Moonblast|p2a: Latias\n|-damage|p2a: Latias|25\/100\n|move|p2a: Latias|Roost|p2a: Latias\n|-heal|p2a: Latias|75\/100\n|\n|-heal|p2a: Latias|81\/100|[from] item: Leftovers\n|upkeep\n|turn|7\n|\n|t:|1700976483\n|switch|p1a: Alomomola|Alomomola, M|100\/100\n|move|p2a: Latias|Substitute|p2a: Latias\n|-start|p2a: Latias|Substitute\n|-damage|p2a: Latias|56\/100\n|\n|-heal|p2a: Latias|62\/100|[from] item: Leftovers\n|upkeep\n|turn|8\n|\n|t:|1700976504\n|switch|p1a: Ferrothorn|Ferrothorn, F|91\/100\n|move|p2a: Latias|Calm Mind|p2a: Latias\n|-boost|p2a: Latias|spa|1\n|-boost|p2a: Latias|spd|1\n|\n|-heal|p2a: Latias|68\/100|[from] item: Leftovers\n|-heal|p1a: Ferrothorn|98\/100|[from] item: Leftovers\n|upkeep\n|turn|9\n|\n|t:|1700976513\n|move|p2a: Latias|Roost|p2a: Latias\n|-heal|p2a: Latias|100\/100\n|move|p1a: Ferrothorn|Curse|p1a: Ferrothorn\n|-unboost|p1a: Ferrothorn|spe|1\n|-boost|p1a: Ferrothorn|atk|1\n|-boost|p1a: Ferrothorn|def|1\n|\n|-heal|p1a: Ferrothorn|100\/100|[from] item: Leftovers\n|-fieldend|move: Psychic Terrain\n|upkeep\n|turn|10\n|\n|t:|1700976518\n|switch|p2a: Heatran|Heatran, F|100\/100\n|move|p1a: Ferrothorn|Curse|p1a: Ferrothorn\n|-unboost|p1a: Ferrothorn|spe|1\n|-boost|p1a: Ferrothorn|atk|1\n|-boost|p1a: Ferrothorn|def|1\n|\n|upkeep\n|turn|11\n|\n|t:|1700976523\n|-terastallize|p1a: Ferrothorn|Fighting\n|move|p2a: Heatran|Magma Storm|p1a: Ferrothorn\n|-crit|p1a: Ferrothorn\n|-damage|p1a: Ferrothorn|55\/100\n|-activate|p1a: Ferrothorn|move: Magma Storm|[of] p2a: Heatran\n|move|p1a: Ferrothorn|Body Press|p2a: Heatran\n|-supereffective|p2a: Heatran\n|-damage|p2a: Heatran|0 fnt\n|faint|p2a: Heatran\n|\n|-heal|p1a: Ferrothorn|62\/100|[from] item: Leftovers\n|-end|p1a: Ferrothorn|Magma Storm|[partiallytrapped]|[silent]\n|upkeep\n|\n|t:|1700976536\n|switch|p2a: Hatterene|Hatterene, F|100\/100\n|turn|12\n|\n|t:|1700976556\n|switch|p1a: Landorus|Landorus-Therian, M|100\/100\n|-ability|p1a: Landorus|Intimidate|boost\n|-unboost|p2a: Hatterene|atk|1\n|move|p2a: Hatterene|Draining Kiss|p1a: Landorus\n|-damage|p1a: Landorus|85\/100\n|\n|upkeep\n|turn|13\n|\n|t:|1700976562\n|move|p1a: Landorus|Knock Off|p2a: Hatterene\n|-crit|p2a: Hatterene\n|-damage|p2a: Hatterene|46\/100\n|-enditem|p2a: Hatterene|Leftovers|[from] move: Knock Off|[of] p1a: Landorus\n|move|p2a: Hatterene|Calm Mind|p2a: Hatterene\n|-boost|p2a: Hatterene|spa|1\n|-boost|p2a: Hatterene|spd|1\n|\n|upkeep\n|turn|14\n|\n|t:|1700976569\n|move|p1a: Landorus|Earthquake|p2a: Hatterene\n|-damage|p2a: Hatterene|0 fnt\n|faint|p2a: Hatterene\n|\n|upkeep\n|\n|t:|1700976572\n|switch|p2a: Barraskewda|Barraskewda, F|88\/100\n|turn|15\n|\n|t:|1700976581\n|switch|p1a: Alomomola|Alomomola, M|100\/100\n|move|p2a: Barraskewda|Flip Turn|p1a: Alomomola\n|-resisted|p1a: Alomomola\n|-damage|p1a: Alomomola|87\/100\n|\n|t:|1700976584\n|switch|p2a: Latias|Latias, F, tera:Fairy|100\/100|[from] Flip Turn\n|\n|upkeep\n|turn|16\n|\n|t:|1700976593\n|move|p2a: Latias|Substitute|p2a: Latias\n|-start|p2a: Latias|Substitute\n|-damage|p2a: Latias|75\/100\n|move|p1a: Alomomola|Flip Turn|p2a: Latias\n|-activate|p2a: Latias|move: Substitute|[damage]\n|\n|t:|1700976607\n|switch|p1a: Tapu Lele|Tapu Lele|100\/100|[from] Flip Turn\n|-fieldstart|move: Psychic Terrain|[from] ability: Psychic Surge|[of] p1a: Tapu Lele\n|\n|-heal|p2a: Latias|82\/100|[from] item: Leftovers\n|upkeep\n|turn|17\n|\n|t:|1700976614\n|move|p1a: Tapu Lele|Psychic|p2a: Latias\n|-end|p2a: Latias|Substitute\n|move|p2a: Latias|Calm Mind|p2a: Latias\n|-boost|p2a: Latias|spa|1\n|-boost|p2a: Latias|spd|1\n|\n|-heal|p2a: Latias|88\/100|[from] item: Leftovers\n|upkeep\n|turn|18\n|\n|t:|1700976617\n|move|p1a: Tapu Lele|Psychic|p2a: Latias\n|-damage|p2a: Latias|56\/100\n|move|p2a: Latias|Calm Mind|p2a: Latias\n|-boost|p2a: Latias|spa|1\n|-boost|p2a: Latias|spd|1\n|\n|-heal|p2a: Latias|62\/100|[from] item: Leftovers\n|upkeep\n|turn|19\n|\n|t:|1700976620\n|move|p1a: Tapu Lele|Psychic|p2a: Latias\n|-damage|p2a: Latias|41\/100\n|move|p2a: Latias|Substitute|p2a: Latias\n|-start|p2a: Latias|Substitute\n|-damage|p2a: Latias|16\/100\n|\n|-heal|p2a: Latias|22\/100|[from] item: Leftovers\n|upkeep\n|turn|20\n|\n|t:|1700976624\n|move|p1a: Tapu Lele|Psychic|p2a: Latias\n|-crit|p2a: Latias\n|-end|p2a: Latias|Substitute\n|move|p2a: Latias|Roost|p2a: Latias\n|-heal|p2a: Latias|72\/100\n|\n|-heal|p2a: Latias|78\/100|[from] item: Leftovers\n|-fieldend|move: Psychic Terrain\n|upkeep\n|turn|21\n|\n|t:|1700976634\n|switch|p1a: Alomomola|Alomomola, M|100\/100\n|move|p2a: Latias|Substitute|p2a: Latias\n|-start|p2a: Latias|Substitute\n|-damage|p2a: Latias|53\/100\n|\n|-heal|p2a: Latias|59\/100|[from] item: Leftovers\n|upkeep\n|turn|22\n|\n|t:|1700976637\n|move|p2a: Latias|Calm Mind|p2a: Latias\n|-boost|p2a: Latias|spa|1\n|-boost|p2a: Latias|spd|1\n|move|p1a: Alomomola|Wish|p1a: Alomomola\n|\n|-heal|p2a: Latias|65\/100|[from] item: Leftovers\n|upkeep\n|turn|23\n|\n|t:|1700976643\n|move|p2a: Latias|Roost|p2a: Latias\n|-heal|p2a: Latias|100\/100\n|move|p1a: Alomomola|Flip Turn|p2a: Latias\n|-activate|p2a: Latias|move: Substitute|[damage]\n|\n|t:|1700976647\n|switch|p1a: Ferrothorn|Ferrothorn, F, tera:Fighting|62\/100|[from] Flip Turn\n|\n|-heal|p1a: Ferrothorn|100\/100|[from] move: Wish|[wisher] Alomomola\n|upkeep\n|turn|24\n|\n|t:|1700976656\n|switch|p1a: Landorus|Landorus-Therian, M|85\/100\n|-ability|p1a: Landorus|Intimidate|boost\n|-immune|p2a: Latias\n|move|p2a: Latias|Psyshock|p1a: Landorus\n|-damage|p1a: Landorus|3\/100\n|\n|upkeep\n|turn|25\n|-message|sackdawincon forfeited.\n|\n|win|hcff\n|raw|sackdawincon's rating: 1472 &rarr; <strong>1452<\/strong><br \/>(-20 for losing)\n|raw|hcff's rating: 1471 &rarr; <strong>1491<\/strong><br \/>(+20 for winning)\n|l|\u2606sackdawincon\n","uploadtime":1700976665,"views":1,"p1id":"sackdawincon","p2id":"hcff","formatid":"gen9nationaldex","rating":1452,"private":0,"password":""}