{"id":"gen9nationaldex-1998695248","p1":"Red Ragnor","p2":"Ivan9plus","format":"[Gen 9] National Dex","log":"|html|<div class=\"broadcast-blue\"><strong>[Gen 9] National Dex is currently suspecting Sneasler! For information on how to participate check out the <a href=\"https:\/\/www.smogon.com\/forums\/threads\/sv-national-dex-suspect-8-just-dance.3731534\/\">suspect thread<\/a>.<\/strong><\/div>\n|j|\u2606Red Ragnor\n|j|\u2606Ivan9plus\n|t:|1700973733\n|gametype|singles\n|player|p1|Red Ragnor|265|\n|player|p2|Ivan9plus|lucas|\n|teamsize|p1|6\n|teamsize|p2|6\n|gen|9\n|tier|[Gen 9] National Dex\n|rule|HP Percentage Mod: HP is shown in percentages\n|rule|Endless Battle Clause: Forcing endless battles is banned\n|rule|OHKO Clause: OHKO moves are banned\n|rule|Evasion Clause: Evasion abilities, items, and moves are banned\n|rule|Evasion Abilities Clause: Evasion abilities are banned\n|rule|Evasion Items Clause: Evasion items are banned\n|rule|Evasion Moves Clause: Evasion moves are banned\n|rule|Species Clause: Limit one of each Pok\u00e9mon\n|rule|Sleep Clause Mod: Limit one foe put to sleep\n|clearpoke\n|poke|p1|Qwilfish-Hisui, F|\n|poke|p1|Crocalor, M|\n|poke|p1|Gligar, M|\n|poke|p1|Tangela, F|\n|poke|p1|Wartortle, F|\n|poke|p1|Ceruledge, F|\n|poke|p2|Nihilego|\n|poke|p2|Ferrothorn, F|\n|poke|p2|Volcarona, F|\n|poke|p2|Cloyster, F|\n|poke|p2|Basculegion, M|\n|poke|p2|Sandaconda, M|\n|teampreview\n|inactive|Battle timer is ON: inactive players will automatically lose when time's up. (requested by Red Ragnor)\n|inactiveoff|Battle timer is now OFF.\n|c|\u2606Ivan9plus|Esta curioso ese equipo\n|c|\u2606Red Ragnor|Jjajsjas\n|c|\u2606Ivan9plus|Uno empezaria a subestimar pero conociendote\n|\n|t:|1700973784\n|start\n|switch|p1a: Qwilfish|Qwilfish-Hisui, F|100\/100\n|switch|p2a: Ferrothorn|Ferrothorn, F|100\/100\n|-ability|p1a: Qwilfish|Intimidate|boost\n|-unboost|p2a: Ferrothorn|atk|1\n|turn|1\n|\n|t:|1700973805\n|move|p1a: Qwilfish|Toxic Spikes|p2a: Ferrothorn\n|-sidestart|p2: Ivan9plus|move: Toxic Spikes\n|move|p2a: Ferrothorn|Leech Seed|p1a: Qwilfish\n|-start|p1a: Qwilfish|move: Leech Seed\n|\n|-damage|p1a: Qwilfish|88\/100|[from] Leech Seed|[of] p2a: Ferrothorn\n|upkeep\n|turn|2\n|\n|t:|1700973811\n|move|p1a: Qwilfish|Toxic Spikes|p2a: Ferrothorn\n|-sidestart|p2: Ivan9plus|move: Toxic Spikes\n|move|p2a: Ferrothorn|Curse|p2a: Ferrothorn\n|-unboost|p2a: Ferrothorn|spe|1\n|-boost|p2a: Ferrothorn|atk|1\n|-boost|p2a: Ferrothorn|def|1\n|\n|-damage|p1a: Qwilfish|76\/100|[from] Leech Seed|[of] p2a: Ferrothorn\n|upkeep\n|turn|3\n|\n|t:|1700973822\n|switch|p1a: Crocalor|Crocalor, M|100\/100\n|move|p2a: Ferrothorn|Curse|p2a: Ferrothorn\n|-unboost|p2a: Ferrothorn|spe|1\n|-boost|p2a: Ferrothorn|atk|1\n|-boost|p2a: Ferrothorn|def|1\n|\n|upkeep\n|turn|4\n|\n|t:|1700973837\n|move|p1a: Crocalor|Yawn|p2a: Ferrothorn\n|-start|p2a: Ferrothorn|move: Yawn|[of] p1a: Crocalor\n|move|p2a: Ferrothorn|Leech Seed|p1a: Crocalor\n|-start|p1a: Crocalor|move: Leech Seed\n|\n|-damage|p1a: Crocalor|88\/100|[from] Leech Seed|[of] p2a: Ferrothorn\n|upkeep\n|turn|5\n|c|\u2606Ivan9plus|Basado\n|\n|t:|1700973856\n|switch|p1a: Gligar|Gligar, M|100\/100\n|switch|p2a: Nihilego|Nihilego|100\/100\n|-sideend|p2: Ivan9plus|move: Toxic Spikes|[of] p2a: Nihilego\n|\n|upkeep\n|turn|6\n|\n|t:|1700973870\n|move|p2a: Nihilego|Meteor Beam||[still]\n|-prepare|p2a: Nihilego|Meteor Beam\n|-boost|p2a: Nihilego|spa|1\n|-enditem|p2a: Nihilego|Power Herb\n|-anim|p2a: Nihilego|Meteor Beam|p1a: Gligar\n|-damage|p1a: Gligar|0 fnt\n|faint|p1a: Gligar\n|-ability|p2a: Nihilego|Beast Boost|boost\n|-boost|p2a: Nihilego|spa|1\n|\n|upkeep\n|c|\u2606Red Ragnor|Waos\n|c|\u2606Red Ragnor|Aprendiste buenos trucos\n|c|\u2606Ivan9plus|Llevo haciendo el equipo como dese hace 2 mesesxd\n|c|\u2606Ivan9plus|Juntando lo mejor de lo mejor jajja\n|\n|t:|1700973957\n|switch|p1a: Qwilfish|Qwilfish-Hisui, F|76\/100\n|-ability|p1a: Qwilfish|Intimidate|boost\n|-unboost|p2a: Nihilego|atk|1\n|turn|7\n|\n|t:|1700973972\n|move|p2a: Nihilego|Body Slam|p1a: Qwilfish\n|-damage|p1a: Qwilfish|71\/100\n|-status|p1a: Qwilfish|par\n|move|p1a: Qwilfish|Destiny Bond|p1a: Qwilfish\n|-singlemove|p1a: Qwilfish|Destiny Bond\n|\n|upkeep\n|turn|8\n|c|\u2606Ivan9plus|Eso dura un turno o hasta q se muera???\n|c|\u2606Red Ragnor|Hasta q no seleccione otro ataque\n|\n|t:|1700974027\n|switch|p2a: Ferrothorn|Ferrothorn, F|100\/100\n|cant|p1a: Qwilfish|par\n|\n|upkeep\n|turn|9\n|\n|t:|1700974040\n|switch|p1a: Tangela|Tangela, F|100\/100\n|move|p2a: Ferrothorn|Curse|p2a: Ferrothorn\n|-unboost|p2a: Ferrothorn|spe|1\n|-boost|p2a: Ferrothorn|atk|1\n|-boost|p2a: Ferrothorn|def|1\n|\n|upkeep\n|turn|10\n|\n|t:|1700974048\n|move|p1a: Tangela|Knock Off|p2a: Ferrothorn\n|-damage|p2a: Ferrothorn|95\/100\n|-damage|p1a: Tangela|88\/100|[from] ability: Iron Barbs|[of] p2a: Ferrothorn\n|-damage|p1a: Tangela|72\/100|[from] item: Rocky Helmet|[of] p2a: Ferrothorn\n|-enditem|p2a: Ferrothorn|Rocky Helmet|[from] move: Knock Off|[of] p1a: Tangela\n|move|p2a: Ferrothorn|Curse|p2a: Ferrothorn\n|-unboost|p2a: Ferrothorn|spe|1\n|-boost|p2a: Ferrothorn|atk|1\n|-boost|p2a: Ferrothorn|def|1\n|\n|upkeep\n|turn|11\n|\n|t:|1700974061\n|switch|p1a: Crocalor|Crocalor, M|88\/100\n|move|p2a: Ferrothorn|Gyro Ball|p1a: Crocalor\n|-resisted|p1a: Crocalor\n|-damage|p1a: Crocalor|68\/100\n|\n|upkeep\n|turn|12\n|\n|t:|1700974078\n|move|p1a: Crocalor|Slack Off|p1a: Crocalor\n|-heal|p1a: Crocalor|100\/100\n|move|p2a: Ferrothorn|Leech Seed|p1a: Crocalor\n|-start|p1a: Crocalor|move: Leech Seed\n|\n|-damage|p1a: Crocalor|88\/100|[from] Leech Seed|[of] p2a: Ferrothorn\n|-heal|p2a: Ferrothorn|100\/100|[silent]\n|upkeep\n|turn|13\n|\n|t:|1700974090\n|move|p1a: Crocalor|Flamethrower|p2a: Ferrothorn\n|-supereffective|p2a: Ferrothorn\n|-damage|p2a: Ferrothorn|1\/100\n|move|p2a: Ferrothorn|Gyro Ball|p1a: Crocalor\n|-resisted|p1a: Crocalor\n|-damage|p1a: Crocalor|70\/100\n|\n|-damage|p1a: Crocalor|58\/100|[from] Leech Seed|[of] p2a: Ferrothorn\n|-heal|p2a: Ferrothorn|14\/100|[silent]\n|upkeep\n|turn|14\n|\n|t:|1700974110\n|switch|p2a: Cloyster|Cloyster, F, shiny|100\/100\n|move|p1a: Crocalor|Slack Off|p1a: Crocalor\n|-heal|p1a: Crocalor|100\/100\n|\n|-damage|p1a: Crocalor|88\/100|[from] Leech Seed|[of] p2a: Cloyster\n|upkeep\n|turn|15\n|\n|t:|1700974132\n|switch|p1a: Qwilfish|Qwilfish-Hisui, F|71\/100 par\n|-ability|p1a: Qwilfish|Intimidate|boost\n|-unboost|p2a: Cloyster|atk|1\n|move|p2a: Cloyster|Rock Blast|p1a: Qwilfish\n|-damage|p1a: Qwilfish|68\/100 par\n|-damage|p1a: Qwilfish|65\/100 par\n|-damage|p1a: Qwilfish|62\/100 par\n|-damage|p1a: Qwilfish|59\/100 par\n|-damage|p1a: Qwilfish|56\/100 par\n|-hitcount|p1a: Qwilfish|5\n|\n|upkeep\n|turn|16\n|\n|t:|1700974155\n|move|p2a: Cloyster|Shell Smash|p2a: Cloyster\n|-unboost|p2a: Cloyster|def|1\n|-unboost|p2a: Cloyster|spd|1\n|-boost|p2a: Cloyster|atk|2\n|-boost|p2a: Cloyster|spa|2\n|-boost|p2a: Cloyster|spe|2\n|cant|p1a: Qwilfish|par\n|\n|upkeep\n|turn|17\n|\n|t:|1700974173\n|move|p2a: Cloyster|Icicle Spear|p1a: Qwilfish\n|-damage|p1a: Qwilfish|45\/100 par\n|-damage|p1a: Qwilfish|35\/100 par\n|-damage|p1a: Qwilfish|26\/100 par\n|-damage|p1a: Qwilfish|16\/100 par\n|-damage|p1a: Qwilfish|7\/100 par\n|-hitcount|p1a: Qwilfish|5\n|move|p1a: Qwilfish|Haze|p1a: Qwilfish\n|-clearallboost\n|\n|upkeep\n|turn|18\n|\n|t:|1700974192\n|move|p2a: Cloyster|Shell Smash|p2a: Cloyster\n|-unboost|p2a: Cloyster|def|1\n|-unboost|p2a: Cloyster|spd|1\n|-boost|p2a: Cloyster|atk|2\n|-boost|p2a: Cloyster|spa|2\n|-boost|p2a: Cloyster|spe|2\n|move|p1a: Qwilfish|Haze|p1a: Qwilfish\n|-clearallboost\n|\n|upkeep\n|turn|19\n|c|\u2606Red Ragnor|xd\n|c|\u2606Ivan9plus|xd\n|\n|t:|1700974236\n|move|p2a: Cloyster|Razor Shell|p1a: Qwilfish\n|-damage|p1a: Qwilfish|0 fnt\n|faint|p1a: Qwilfish\n|\n|upkeep\n|\n|t:|1700974251\n|switch|p1a: Wartortle|Wartortle, F|100\/100\n|turn|20\n|\n|t:|1700974271\n|switch|p2a: Ferrothorn|Ferrothorn, F|14\/100\n|move|p1a: Wartortle|Iron Defense|p1a: Wartortle\n|-boost|p1a: Wartortle|def|2\n|\n|upkeep\n|turn|21\n|\n|t:|1700974299\n|move|p1a: Wartortle|Scald|p2a: Ferrothorn\n|-resisted|p2a: Ferrothorn\n|-damage|p2a: Ferrothorn|6\/100\n|move|p2a: Ferrothorn|Leech Seed|p1a: Wartortle\n|-start|p1a: Wartortle|move: Leech Seed\n|\n|-damage|p1a: Wartortle|88\/100|[from] Leech Seed|[of] p2a: Ferrothorn\n|-heal|p2a: Ferrothorn|17\/100|[silent]\n|upkeep\n|turn|22\n|\n|t:|1700974318\n|switch|p1a: Crocalor|Crocalor, M|88\/100\n|move|p2a: Ferrothorn|Curse|p2a: Ferrothorn\n|-unboost|p2a: Ferrothorn|spe|1\n|-boost|p2a: Ferrothorn|atk|1\n|-boost|p2a: Ferrothorn|def|1\n|\n|upkeep\n|turn|23\n|\n|t:|1700974339\n|switch|p2a: Basculegion|Basculegion, M|100\/100\n|move|p1a: Crocalor|Will-O-Wisp|p2a: Basculegion\n|-status|p2a: Basculegion|brn\n|\n|-damage|p2a: Basculegion|94\/100 brn|[from] brn\n|upkeep\n|turn|24\n|\n|t:|1700974362\n|switch|p1a: Tangela|Tangela, F|100\/100\n|move|p2a: Basculegion|Shadow Ball|p1a: Tangela\n|-damage|p1a: Tangela|54\/100\n|-unboost|p1a: Tangela|spd|1\n|\n|-damage|p2a: Basculegion|88\/100 brn|[from] brn\n|upkeep\n|turn|25\n|\n|t:|1700974383\n|switch|p1a: Wartortle|Wartortle, F|88\/100\n|move|p2a: Basculegion|Shadow Ball|p1a: Wartortle\n|-damage|p1a: Wartortle|70\/100\n|\n|-damage|p2a: Basculegion|82\/100 brn|[from] brn\n|upkeep\n|turn|26\n|\n|t:|1700974400\n|switch|p2a: Ferrothorn|Ferrothorn, F|17\/100\n|move|p1a: Wartortle|Iron Defense|p1a: Wartortle\n|-boost|p1a: Wartortle|def|2\n|\n|upkeep\n|turn|27\n|\n|t:|1700974412\n|move|p1a: Wartortle|Scald|p2a: Ferrothorn\n|-resisted|p2a: Ferrothorn\n|-damage|p2a: Ferrothorn|9\/100\n|move|p2a: Ferrothorn|Seed Bomb|p1a: Wartortle\n|-supereffective|p1a: Wartortle\n|-damage|p1a: Wartortle|49\/100\n|\n|upkeep\n|turn|28\n|\n|t:|1700974424\n|move|p1a: Wartortle|Scald|p2a: Ferrothorn\n|-resisted|p2a: Ferrothorn\n|-crit|p2a: Ferrothorn\n|-damage|p2a: Ferrothorn|0 fnt\n|faint|p2a: Ferrothorn\n|\n|upkeep\n|c|\u2606Ivan9plus|pipipi\n|\n|t:|1700974436\n|switch|p2a: Volcarona|Volcarona, F|100\/100\n|turn|29\n|\n|t:|1700974444\n|switch|p1a: Crocalor|Crocalor, M|88\/100\n|move|p2a: Volcarona|Giga Drain|p1a: Crocalor\n|-resisted|p1a: Crocalor\n|-damage|p1a: Crocalor|80\/100\n|\n|upkeep\n|turn|30\n|c|\u2606Red Ragnor|pipipi yo\n|\n|t:|1700974463\n|move|p2a: Volcarona|Quiver Dance|p2a: Volcarona\n|-boost|p2a: Volcarona|spa|1\n|-boost|p2a: Volcarona|spd|1\n|-boost|p2a: Volcarona|spe|1\n|move|p1a: Crocalor|Yawn|p2a: Volcarona\n|-start|p2a: Volcarona|move: Yawn|[of] p1a: Crocalor\n|\n|upkeep\n|turn|31\n|\n|t:|1700974483\n|switch|p2a: Sandaconda|Sandaconda, M, shiny|100\/100\n|switch|p1a: Wartortle|Wartortle, F|49\/100\n|\n|upkeep\n|turn|32\n|\n|t:|1700974495\n|-terastallize|p2a: Sandaconda|Dragon\n|move|p2a: Sandaconda|Coil|p2a: Sandaconda\n|-boost|p2a: Sandaconda|atk|1\n|-boost|p2a: Sandaconda|def|1\n|-boost|p2a: Sandaconda|accuracy|1\n|move|p1a: Wartortle|Iron Defense|p1a: Wartortle\n|-boost|p1a: Wartortle|def|2\n|\n|upkeep\n|turn|33\n|\n|t:|1700974504\n|move|p2a: Sandaconda|Coil|p2a: Sandaconda\n|-boost|p2a: Sandaconda|atk|1\n|-boost|p2a: Sandaconda|def|1\n|-boost|p2a: Sandaconda|accuracy|1\n|move|p1a: Wartortle|Iron Defense|p1a: Wartortle\n|-boost|p1a: Wartortle|def|2\n|\n|upkeep\n|turn|34\n|\n|t:|1700974515\n|move|p2a: Sandaconda|Earthquake|p1a: Wartortle\n|-damage|p1a: Wartortle|22\/100\n|move|p1a: Wartortle|Iron Defense|p1a: Wartortle\n|-boost|p1a: Wartortle|def|2\n|\n|upkeep\n|turn|35\n|\n|t:|1700974522\n|move|p2a: Sandaconda|Coil|p2a: Sandaconda\n|-boost|p2a: Sandaconda|atk|1\n|-boost|p2a: Sandaconda|def|1\n|-boost|p2a: Sandaconda|accuracy|1\n|move|p1a: Wartortle|Life Dew|p1a: Wartortle\n|-heal|p1a: Wartortle|47\/100\n|\n|upkeep\n|turn|36\n|\n|t:|1700974533\n|move|p2a: Sandaconda|Stone Edge|p1a: Wartortle\n|-damage|p1a: Wartortle|31\/100\n|move|p1a: Wartortle|Life Dew|p1a: Wartortle\n|-heal|p1a: Wartortle|56\/100\n|\n|upkeep\n|turn|37\n|\n|t:|1700974540\n|move|p2a: Sandaconda|Coil|p2a: Sandaconda\n|-boost|p2a: Sandaconda|atk|1\n|-boost|p2a: Sandaconda|def|1\n|-boost|p2a: Sandaconda|accuracy|1\n|move|p1a: Wartortle|Life Dew|p1a: Wartortle\n|-heal|p1a: Wartortle|81\/100\n|\n|upkeep\n|turn|38\n|\n|t:|1700974548\n|move|p2a: Sandaconda|Earthquake|p1a: Wartortle\n|-crit|p1a: Wartortle\n|-damage|p1a: Wartortle|0 fnt\n|faint|p1a: Wartortle\n|\n|upkeep\n|c|\u2606Red Ragnor|pipipipi\n|\n|t:|1700974560\n|switch|p1a: Tangela|Tangela, F|88\/100\n|turn|39\n|\n|t:|1700974584\n|move|p2a: Sandaconda|Coil|p2a: Sandaconda\n|-boost|p2a: Sandaconda|atk|1\n|-boost|p2a: Sandaconda|def|1\n|-boost|p2a: Sandaconda|accuracy|1\n|move|p1a: Tangela|Leech Seed|p2a: Sandaconda\n|-start|p2a: Sandaconda|move: Leech Seed\n|\n|-damage|p2a: Sandaconda|88\/100|[from] Leech Seed|[of] p1a: Tangela\n|-heal|p1a: Tangela|99\/100|[silent]\n|upkeep\n|turn|40\n|\n|t:|1700974595\n|move|p2a: Sandaconda|Earthquake|p1a: Tangela\n|-resisted|p1a: Tangela\n|-damage|p1a: Tangela|67\/100\n|move|p1a: Tangela|Knock Off|p2a: Sandaconda\n|-damage|p2a: Sandaconda|85\/100\n|-enditem|p2a: Sandaconda|Leftovers|[from] move: Knock Off|[of] p1a: Tangela\n|\n|-damage|p2a: Sandaconda|73\/100|[from] Leech Seed|[of] p1a: Tangela\n|-heal|p1a: Tangela|79\/100|[silent]\n|upkeep\n|turn|41\n|\n|t:|1700974610\n|move|p2a: Sandaconda|Stone Edge|p1a: Tangela\n|-damage|p1a: Tangela|29\/100\n|move|p1a: Tangela|Synthesis|p1a: Tangela\n|-heal|p1a: Tangela|79\/100\n|\n|-damage|p2a: Sandaconda|60\/100|[from] Leech Seed|[of] p1a: Tangela\n|-heal|p1a: Tangela|92\/100|[silent]\n|upkeep\n|turn|42\n|\n|t:|1700974620\n|move|p2a: Sandaconda|Coil|p2a: Sandaconda\n|-boost|p2a: Sandaconda|atk|1\n|-boost|p2a: Sandaconda|def|1\n|-boost|p2a: Sandaconda|accuracy|1\n|move|p1a: Tangela|Synthesis|p1a: Tangela\n|-heal|p1a: Tangela|100\/100\n|\n|-damage|p2a: Sandaconda|48\/100|[from] Leech Seed|[of] p1a: Tangela\n|upkeep\n|turn|43\n|\n|t:|1700974631\n|move|p2a: Sandaconda|Rest|p2a: Sandaconda\n|-status|p2a: Sandaconda|slp|[from] move: Rest\n|-heal|p2a: Sandaconda|100\/100 slp|[silent]\n|move|p1a: Tangela|Synthesis|p1a: Tangela\n|-fail|p1a: Tangela|heal\n|\n|-activate|p2a: Sandaconda|ability: Shed Skin\n|-curestatus|p2a: Sandaconda|slp|[msg]\n|-damage|p2a: Sandaconda|88\/100|[from] Leech Seed|[of] p1a: Tangela\n|upkeep\n|turn|44\n|\n|t:|1700974651\n|move|p2a: Sandaconda|Stone Edge|p1a: Tangela\n|-damage|p1a: Tangela|43\/100\n|move|p1a: Tangela|Giga Drain|p2a: Sandaconda\n|-resisted|p2a: Sandaconda\n|-damage|p2a: Sandaconda|72\/100\n|-heal|p1a: Tangela|51\/100|[from] drain|[of] p2a: Sandaconda\n|\n|-damage|p2a: Sandaconda|59\/100|[from] Leech Seed|[of] p1a: Tangela\n|-heal|p1a: Tangela|64\/100|[silent]\n|upkeep\n|turn|45\n|\n|t:|1700974662\n|move|p2a: Sandaconda|Stone Edge|p1a: Tangela\n|-damage|p1a: Tangela|12\/100\n|move|p1a: Tangela|Synthesis|p1a: Tangela\n|-heal|p1a: Tangela|62\/100\n|\n|-damage|p2a: Sandaconda|47\/100|[from] Leech Seed|[of] p1a: Tangela\n|-heal|p1a: Tangela|74\/100|[silent]\n|upkeep\n|turn|46\n|\n|t:|1700974671\n|move|p2a: Sandaconda|Earthquake|p1a: Tangela\n|-resisted|p1a: Tangela\n|-damage|p1a: Tangela|37\/100\n|move|p1a: Tangela|Synthesis|p1a: Tangela\n|-heal|p1a: Tangela|87\/100\n|\n|-damage|p2a: Sandaconda|35\/100|[from] Leech Seed|[of] p1a: Tangela\n|-heal|p1a: Tangela|99\/100|[silent]\n|upkeep\n|turn|47\n|\n|t:|1700974683\n|move|p2a: Sandaconda|Rest|p2a: Sandaconda\n|-status|p2a: Sandaconda|slp|[from] move: Rest\n|-heal|p2a: Sandaconda|100\/100 slp|[silent]\n|move|p1a: Tangela|Giga Drain|p2a: Sandaconda\n|-resisted|p2a: Sandaconda\n|-damage|p2a: Sandaconda|84\/100 slp\n|-heal|p1a: Tangela|100\/100|[from] drain|[of] p2a: Sandaconda\n|\n|-damage|p2a: Sandaconda|71\/100 slp|[from] Leech Seed|[of] p1a: Tangela\n|upkeep\n|turn|48\n|\n|t:|1700974703\n|cant|p2a: Sandaconda|slp\n|move|p1a: Tangela|Giga Drain|p2a: Sandaconda\n|-resisted|p2a: Sandaconda\n|-damage|p2a: Sandaconda|54\/100 slp\n|\n|-damage|p2a: Sandaconda|42\/100 slp|[from] Leech Seed|[of] p1a: Tangela\n|upkeep\n|turn|49\n|\n|t:|1700974711\n|cant|p2a: Sandaconda|slp\n|move|p1a: Tangela|Giga Drain|p2a: Sandaconda\n|-resisted|p2a: Sandaconda\n|-damage|p2a: Sandaconda|23\/100 slp\n|\n|-damage|p2a: Sandaconda|10\/100 slp|[from] Leech Seed|[of] p1a: Tangela\n|upkeep\n|turn|50\n|\n|t:|1700974727\n|-curestatus|p2a: Sandaconda|slp|[msg]\n|move|p2a: Sandaconda|Rest|p2a: Sandaconda\n|-status|p2a: Sandaconda|slp|[from] move: Rest\n|-heal|p2a: Sandaconda|100\/100 slp|[silent]\n|move|p1a: Tangela|Giga Drain|p2a: Sandaconda\n|-resisted|p2a: Sandaconda\n|-damage|p2a: Sandaconda|82\/100 slp\n|\n|-activate|p2a: Sandaconda|ability: Shed Skin\n|-curestatus|p2a: Sandaconda|slp|[msg]\n|-damage|p2a: Sandaconda|69\/100|[from] Leech Seed|[of] p1a: Tangela\n|upkeep\n|turn|51\n|c|\u2606Ivan9plus|Me dio miedo jjaja\n|\n|t:|1700974748\n|move|p2a: Sandaconda|Stone Edge|p1a: Tangela\n|-damage|p1a: Tangela|45\/100\n|move|p1a: Tangela|Giga Drain|p2a: Sandaconda\n|-resisted|p2a: Sandaconda\n|-damage|p2a: Sandaconda|53\/100\n|-heal|p1a: Tangela|53\/100|[from] drain|[of] p2a: Sandaconda\n|\n|-damage|p2a: Sandaconda|41\/100|[from] Leech Seed|[of] p1a: Tangela\n|-heal|p1a: Tangela|65\/100|[silent]\n|upkeep\n|turn|52\n|c|\u2606Red Ragnor|Yo a\u00fan lo tengo\n|\n|t:|1700974758\n|move|p2a: Sandaconda|Stone Edge|p1a: Tangela\n|-damage|p1a: Tangela|11\/100\n|move|p1a: Tangela|Synthesis|p1a: Tangela\n|-heal|p1a: Tangela|61\/100\n|\n|-damage|p2a: Sandaconda|29\/100|[from] Leech Seed|[of] p1a: Tangela\n|-heal|p1a: Tangela|73\/100|[silent]\n|upkeep\n|turn|53\n|\n|t:|1700974774\n|move|p2a: Sandaconda|Rest|p2a: Sandaconda\n|-status|p2a: Sandaconda|slp|[from] move: Rest\n|-heal|p2a: Sandaconda|100\/100 slp|[silent]\n|move|p1a: Tangela|Giga Drain|p2a: Sandaconda\n|-resisted|p2a: Sandaconda\n|-damage|p2a: Sandaconda|83\/100 slp\n|-heal|p1a: Tangela|82\/100|[from] drain|[of] p2a: Sandaconda\n|\n|-damage|p2a: Sandaconda|71\/100 slp|[from] Leech Seed|[of] p1a: Tangela\n|-heal|p1a: Tangela|94\/100|[silent]\n|upkeep\n|turn|54\n|\n|t:|1700974807\n|cant|p2a: Sandaconda|slp\n|move|p1a: Tangela|Giga Drain|p2a: Sandaconda\n|-resisted|p2a: Sandaconda\n|-damage|p2a: Sandaconda|54\/100 slp\n|-heal|p1a: Tangela|100\/100|[from] drain|[of] p2a: Sandaconda\n|\n|-damage|p2a: Sandaconda|42\/100 slp|[from] Leech Seed|[of] p1a: Tangela\n|upkeep\n|turn|55\n|\n|t:|1700974822\n|cant|p2a: Sandaconda|slp\n|move|p1a: Tangela|Giga Drain|p2a: Sandaconda\n|-resisted|p2a: Sandaconda\n|-damage|p2a: Sandaconda|24\/100 slp\n|\n|-activate|p2a: Sandaconda|ability: Shed Skin\n|-curestatus|p2a: Sandaconda|slp|[msg]\n|-damage|p2a: Sandaconda|12\/100|[from] Leech Seed|[of] p1a: Tangela\n|upkeep\n|turn|56\n|\n|t:|1700974845\n|move|p2a: Sandaconda|Rest|p2a: Sandaconda\n|-status|p2a: Sandaconda|slp|[from] move: Rest\n|-heal|p2a: Sandaconda|100\/100 slp|[silent]\n|move|p1a: Tangela|Giga Drain|p2a: Sandaconda\n|-resisted|p2a: Sandaconda\n|-damage|p2a: Sandaconda|83\/100 slp\n|\n|-damage|p2a: Sandaconda|70\/100 slp|[from] Leech Seed|[of] p1a: Tangela\n|upkeep\n|turn|57\n|\n|t:|1700974854\n|cant|p2a: Sandaconda|slp\n|move|p1a: Tangela|Giga Drain|p2a: Sandaconda\n|-resisted|p2a: Sandaconda\n|-damage|p2a: Sandaconda|53\/100 slp\n|\n|-damage|p2a: Sandaconda|41\/100 slp|[from] Leech Seed|[of] p1a: Tangela\n|upkeep\n|turn|58\n|\n|t:|1700974862\n|cant|p2a: Sandaconda|slp\n|move|p1a: Tangela|Giga Drain|p2a: Sandaconda\n|-resisted|p2a: Sandaconda\n|-damage|p2a: Sandaconda|25\/100 slp\n|\n|-damage|p2a: Sandaconda|12\/100 slp|[from] Leech Seed|[of] p1a: Tangela\n|upkeep\n|turn|59\n|\n|t:|1700974870\n|-curestatus|p2a: Sandaconda|slp|[msg]\n|move|p2a: Sandaconda|Rest|p2a: Sandaconda\n|-status|p2a: Sandaconda|slp|[from] move: Rest\n|-heal|p2a: Sandaconda|100\/100 slp|[silent]\n|move|p1a: Tangela|Giga Drain|p2a: Sandaconda\n|-resisted|p2a: Sandaconda\n|-crit|p2a: Sandaconda\n|-damage|p2a: Sandaconda|73\/100 slp\n|\n|-damage|p2a: Sandaconda|60\/100 slp|[from] Leech Seed|[of] p1a: Tangela\n|upkeep\n|turn|60\n|\n|t:|1700974880\n|cant|p2a: Sandaconda|slp\n|move|p1a: Tangela|Giga Drain|p2a: Sandaconda\n|-resisted|p2a: Sandaconda\n|-damage|p2a: Sandaconda|43\/100 slp\n|\n|-damage|p2a: Sandaconda|30\/100 slp|[from] Leech Seed|[of] p1a: Tangela\n|upkeep\n|turn|61\n|\n|t:|1700974889\n|cant|p2a: Sandaconda|slp\n|move|p1a: Tangela|Giga Drain|p2a: Sandaconda\n|-resisted|p2a: Sandaconda\n|-damage|p2a: Sandaconda|12\/100 slp\n|\n|-damage|p2a: Sandaconda|0 fnt|[from] Leech Seed|[of] p1a: Tangela\n|faint|p2a: Sandaconda\n|upkeep\n|c|\u2606Red Ragnor|Eeeeee decimos todos\n|c|\u2606Ivan9plus|eso si es mala suerte\n|\n|t:|1700974925\n|switch|p2a: Volcarona|Volcarona, F|100\/100\n|turn|62\n|\n|t:|1700974935\n|switch|p1a: Crocalor|Crocalor, M|80\/100\n|move|p2a: Volcarona|Fiery Dance|p1a: Crocalor\n|-resisted|p1a: Crocalor\n|-damage|p1a: Crocalor|64\/100\n|\n|upkeep\n|turn|63\n|\n|t:|1700974952\n|switch|p2a: Cloyster|Cloyster, F, shiny|100\/100\n|move|p1a: Crocalor|Yawn|p2a: Cloyster\n|-start|p2a: Cloyster|move: Yawn|[of] p1a: Crocalor\n|\n|upkeep\n|turn|64\n|\n|t:|1700974963\n|switch|p2a: Basculegion|Basculegion, M|82\/100 brn\n|move|p1a: Crocalor|Slack Off|p1a: Crocalor\n|-heal|p1a: Crocalor|100\/100\n|\n|-damage|p2a: Basculegion|76\/100 brn|[from] brn\n|upkeep\n|turn|65\n|\n|t:|1700975012\n|switch|p1a: Tangela|Tangela, F|100\/100\n|move|p2a: Basculegion|Shadow Ball|p1a: Tangela\n|-damage|p1a: Tangela|54\/100\n|\n|-damage|p2a: Basculegion|70\/100 brn|[from] brn\n|upkeep\n|turn|66\n|\n|t:|1700975042\n|switch|p2a: Cloyster|Cloyster, F, shiny|100\/100\n|move|p1a: Tangela|Knock Off|p2a: Cloyster\n|-damage|p2a: Cloyster|89\/100\n|-enditem|p2a: Cloyster|Leftovers|[from] move: Knock Off|[of] p1a: Tangela\n|\n|upkeep\n|turn|67\n|\n|t:|1700975064\n|move|p2a: Cloyster|Shell Smash|p2a: Cloyster\n|-unboost|p2a: Cloyster|def|1\n|-unboost|p2a: Cloyster|spd|1\n|-boost|p2a: Cloyster|atk|2\n|-boost|p2a: Cloyster|spa|2\n|-boost|p2a: Cloyster|spe|2\n|move|p1a: Tangela|Giga Drain|p2a: Cloyster\n|-supereffective|p2a: Cloyster\n|-damage|p2a: Cloyster|0 fnt\n|-heal|p1a: Tangela|86\/100|[from] drain|[of] p2a: Cloyster\n|faint|p2a: Cloyster\n|\n|upkeep\n|\n|t:|1700975080\n|switch|p2a: Volcarona|Volcarona, F|100\/100\n|turn|68\n|\n|t:|1700975086\n|move|p2a: Volcarona|Quiver Dance|p2a: Volcarona\n|-boost|p2a: Volcarona|spa|1\n|-boost|p2a: Volcarona|spd|1\n|-boost|p2a: Volcarona|spe|1\n|move|p1a: Tangela|Leech Seed|p2a: Volcarona\n|-start|p2a: Volcarona|move: Leech Seed\n|\n|-damage|p2a: Volcarona|88\/100|[from] Leech Seed|[of] p1a: Tangela\n|-heal|p1a: Tangela|97\/100|[silent]\n|upkeep\n|turn|69\n|\n|t:|1700975100\n|switch|p1a: Crocalor|Crocalor, M|100\/100\n|move|p2a: Volcarona|Quiver Dance|p2a: Volcarona\n|-boost|p2a: Volcarona|spa|1\n|-boost|p2a: Volcarona|spd|1\n|-boost|p2a: Volcarona|spe|1\n|\n|-damage|p2a: Volcarona|76\/100|[from] Leech Seed|[of] p1a: Crocalor\n|upkeep\n|turn|70\n|\n|t:|1700975117\n|move|p2a: Volcarona|Fiery Dance|p1a: Crocalor\n|-resisted|p1a: Crocalor\n|-damage|p1a: Crocalor|86\/100\n|move|p1a: Crocalor|Flamethrower|p2a: Volcarona\n|-damage|p2a: Volcarona|48\/100\n|\n|-damage|p2a: Volcarona|36\/100|[from] Leech Seed|[of] p1a: Crocalor\n|-heal|p1a: Crocalor|97\/100|[silent]\n|upkeep\n|turn|71\n|c|\u2606Ivan9plus|No amigo no debi contestarle al antonio\n|c|\u2606Red Ragnor|Jjasjajsa\n|c|\u2606Ivan9plus|Ni vi q ya era tangela\n|\n|t:|1700975160\n|switch|p2a: Nihilego|Nihilego|100\/100\n|move|p1a: Crocalor|Yawn|p2a: Nihilego\n|-start|p2a: Nihilego|move: Yawn|[of] p1a: Crocalor\n|\n|upkeep\n|turn|72\n|\n|t:|1700975173\n|switch|p2a: Volcarona|Volcarona, F|36\/100\n|switch|p1a: Tangela|Tangela, F|100\/100\n|\n|upkeep\n|turn|73\n|\n|t:|1700975182\n|switch|p1a: Crocalor|Crocalor, M|97\/100\n|move|p2a: Volcarona|Fiery Dance|p1a: Crocalor\n|-resisted|p1a: Crocalor\n|-damage|p1a: Crocalor|82\/100\n|\n|upkeep\n|turn|74\n|\n|t:|1700975196\n|move|p2a: Volcarona|Giga Drain|p1a: Crocalor\n|-resisted|p1a: Crocalor\n|-damage|p1a: Crocalor|73\/100\n|-heal|p2a: Volcarona|41\/100|[from] drain|[of] p1a: Crocalor\n|move|p1a: Crocalor|Flamethrower|p2a: Volcarona\n|-damage|p2a: Volcarona|8\/100\n|\n|upkeep\n|turn|75\n|\n|t:|1700975209\n|move|p2a: Volcarona|Giga Drain|p1a: Crocalor\n|-resisted|p1a: Crocalor\n|-damage|p1a: Crocalor|65\/100\n|-heal|p2a: Volcarona|13\/100|[from] drain|[of] p1a: Crocalor\n|move|p1a: Crocalor|Flamethrower|p2a: Volcarona\n|-damage|p2a: Volcarona|0 fnt\n|faint|p2a: Volcarona\n|\n|upkeep\n|\n|t:|1700975221\n|switch|p2a: Nihilego|Nihilego|100\/100\n|turn|76\n|\n|t:|1700975244\n|move|p2a: Nihilego|Body Slam|p1a: Crocalor\n|-damage|p1a: Crocalor|56\/100\n|-status|p1a: Crocalor|par\n|move|p1a: Crocalor|Will-O-Wisp|p2a: Nihilego\n|-status|p2a: Nihilego|brn\n|\n|-damage|p2a: Nihilego|94\/100 brn|[from] brn\n|upkeep\n|turn|77\n|\n|t:|1700975256\n|move|p2a: Nihilego|Clear Smog|p1a: Crocalor\n|-damage|p1a: Crocalor|39\/100 par\n|-clearboost|p1a: Crocalor\n|move|p1a: Crocalor|Slack Off|p1a: Crocalor\n|-heal|p1a: Crocalor|89\/100 par\n|\n|-damage|p2a: Nihilego|88\/100 brn|[from] brn\n|upkeep\n|turn|78\n|\n|t:|1700975266\n|move|p2a: Nihilego|Meteor Beam||[still]\n|-prepare|p2a: Nihilego|Meteor Beam\n|-boost|p2a: Nihilego|spa|1\n|move|p1a: Crocalor|Flamethrower|p2a: Nihilego\n|-resisted|p2a: Nihilego\n|-damage|p2a: Nihilego|80\/100 brn\n|\n|-damage|p2a: Nihilego|73\/100 brn|[from] brn\n|upkeep\n|turn|79\n|\n|t:|1700975281\n|move|p2a: Nihilego|Meteor Beam|p1a: Crocalor|[from]lockedmove\n|-supereffective|p1a: Crocalor\n|-damage|p1a: Crocalor|10\/100 par\n|move|p1a: Crocalor|Flamethrower|p2a: Nihilego\n|-resisted|p2a: Nihilego\n|-damage|p2a: Nihilego|65\/100 brn\n|\n|-damage|p2a: Nihilego|59\/100 brn|[from] brn\n|upkeep\n|turn|80\n|\n|t:|1700975295\n|move|p2a: Nihilego|Meteor Beam||[still]\n|-prepare|p2a: Nihilego|Meteor Beam\n|-boost|p2a: Nihilego|spa|1\n|move|p1a: Crocalor|Flamethrower|p2a: Nihilego\n|-resisted|p2a: Nihilego\n|-damage|p2a: Nihilego|50\/100 brn\n|\n|-damage|p2a: Nihilego|44\/100 brn|[from] brn\n|upkeep\n|turn|81\n|\n|t:|1700975306\n|move|p2a: Nihilego|Meteor Beam|p1a: Crocalor|[from]lockedmove\n|-supereffective|p1a: Crocalor\n|-damage|p1a: Crocalor|0 fnt\n|faint|p1a: Crocalor\n|-ability|p2a: Nihilego|Beast Boost|boost\n|-boost|p2a: Nihilego|spa|1\n|\n|-damage|p2a: Nihilego|38\/100 brn|[from] brn\n|upkeep\n|\n|t:|1700975314\n|switch|p1a: Ceruledge|Ceruledge, F|100\/100\n|turn|82\n|\n|t:|1700975328\n|-terastallize|p1a: Ceruledge|Ghost\n|move|p1a: Ceruledge|Shadow Sneak|p2a: Nihilego\n|-damage|p2a: Nihilego|0 fnt\n|faint|p2a: Nihilego\n|\n|upkeep\n|\n|t:|1700975336\n|switch|p2a: Basculegion|Basculegion, M|70\/100 brn\n|turn|83\n|c|\u2606Ivan9plus|pipipi\n|\n|t:|1700975352\n|move|p1a: Ceruledge|Shadow Sneak|p2a: Basculegion\n|-supereffective|p2a: Basculegion\n|-damage|p2a: Basculegion|0 fnt\n|faint|p2a: Basculegion\n|\n|win|Red Ragnor\n|c|\u2606Red Ragnor|gg\n","uploadtime":1700975365,"views":20,"p1id":"redragnor","p2id":"ivan9plus","formatid":"gen9nationaldex","rating":0,"private":0,"password":""}