{"id":"gen9nationaldex-1999184011","p1":"darkinfernape24","p2":"monsterapper","format":"[Gen 9] National Dex","log":"|html|<div class=\"broadcast-blue\"><strong>[Gen 9] National Dex is currently suspecting Sneasler! For information on how to participate check out the <a href=\"https:\/\/www.smogon.com\/forums\/threads\/sv-national-dex-suspect-8-just-dance.3731534\/\">suspect thread<\/a>.<\/strong><\/div>\n|j|\u2606darkinfernape24\n|j|\u2606monsterapper\n|t:|1701042615\n|gametype|singles\n|player|p1|darkinfernape24|hilbert|1350\n|player|p2|monsterapper|veteran|1429\n|teamsize|p1|6\n|teamsize|p2|6\n|gen|9\n|tier|[Gen 9] National Dex\n|rated|\n|rule|HP Percentage Mod: HP is shown in percentages\n|rule|Endless Battle Clause: Forcing endless battles is banned\n|rule|OHKO Clause: OHKO moves are banned\n|rule|Evasion Clause: Evasion abilities, items, and moves are banned\n|rule|Evasion Abilities Clause: Evasion abilities are banned\n|rule|Evasion Items Clause: Evasion items are banned\n|rule|Evasion Moves Clause: Evasion moves are banned\n|rule|Species Clause: Limit one of each Pok\u00e9mon\n|rule|Sleep Clause Mod: Limit one foe put to sleep\n|clearpoke\n|poke|p1|Infernape, M|\n|poke|p1|Dragonite, M|\n|poke|p1|Zoroark-Hisui, M|\n|poke|p1|Tyranitar, M|\n|poke|p1|Gliscor, M|\n|poke|p1|Glimmora, M|\n|poke|p2|Lopunny, F|\n|poke|p2|Zoroark-Hisui, F|\n|poke|p2|Blissey, F|\n|poke|p2|Ditto|\n|poke|p2|Staraptor, F|\n|poke|p2|Ursaluna, M|\n|teampreview\n|inactive|Battle timer is ON: inactive players will automatically lose when time's up. (requested by darkinfernape24)\n|\n|t:|1701042644\n|start\n|switch|p1a: Glimmora|Glimmora, M|100\/100\n|switch|p2a: Shang Tsung|Ditto|100\/100\n|-transform|p2a: Shang Tsung|p1a: Glimmora|[from] ability: Imposter\n|turn|1\n|\n|t:|1701042670\n|switch|p2a: Oliver|Ursaluna, M|100\/100\n|move|p1a: Glimmora|Substitute|p1a: Glimmora\n|-start|p1a: Glimmora|Substitute\n|-damage|p1a: Glimmora|76\/100\n|\n|-status|p2a: Oliver|brn|[from] item: Flame Orb\n|upkeep\n|turn|2\n|\n|t:|1701042678\n|move|p1a: Glimmora|Stealth Rock|p2a: Oliver\n|-sidestart|p2: monsterapper|move: Stealth Rock\n|move|p2a: Oliver|Swords Dance|p2a: Oliver\n|-boost|p2a: Oliver|atk|2\n|\n|-damage|p2a: Oliver|94\/100 brn|[from] brn\n|upkeep\n|turn|3\n|\n|t:|1701042686\n|move|p1a: Glimmora|Spikes|p2a: Oliver\n|-sidestart|p2: monsterapper|Spikes\n|move|p2a: Oliver|Facade|p1a: Glimmora\n|-resisted|p1a: Glimmora\n|-end|p1a: Glimmora|Substitute\n|\n|-damage|p2a: Oliver|88\/100 brn|[from] brn\n|upkeep\n|turn|4\n|\n|t:|1701042695\n|move|p1a: Glimmora|Substitute|p1a: Glimmora\n|-start|p1a: Glimmora|Substitute\n|-damage|p1a: Glimmora|51\/100\n|move|p2a: Oliver|Facade|p1a: Glimmora\n|-resisted|p1a: Glimmora\n|-end|p1a: Glimmora|Substitute\n|\n|-damage|p2a: Oliver|82\/100 brn|[from] brn\n|upkeep\n|turn|5\n|\n|t:|1701042704\n|move|p1a: Glimmora|Spikes|p2a: Oliver\n|-sidestart|p2: monsterapper|Spikes\n|move|p2a: Oliver|Facade|p1a: Glimmora\n|-resisted|p1a: Glimmora\n|-damage|p1a: Glimmora|0 fnt\n|-activate|p1a: Glimmora|ability: Toxic Debris\n|-sidestart|p2: monsterapper|move: Toxic Spikes\n|faint|p1a: Glimmora\n|\n|-damage|p2a: Oliver|75\/100 brn|[from] brn\n|upkeep\n|\n|t:|1701042714\n|switch|p1a: Infernape|Infernape, M|100\/100\n|turn|6\n|\n|t:|1701042720\n|-terastallize|p2a: Oliver|Ground\n|move|p1a: Infernape|Focus Blast|p2a: Oliver\n|-damage|p2a: Oliver|41\/100 brn\n|move|p2a: Oliver|Earthquake|p1a: Infernape\n|-damage|p1a: Infernape|0 fnt\n|replace|p1a: Zoroark|Zoroark-Hisui, M\n|-end|p1a: Zoroark|Illusion\n|faint|p1a: Zoroark\n|\n|-damage|p2a: Oliver|34\/100 brn|[from] brn\n|upkeep\n|\n|t:|1701042731\n|switch|p1a: Infernape|Infernape, M|100\/100\n|turn|7\n|\n|t:|1701042735\n|switch|p1a: Gliscor|Gliscor, M|100\/100\n|move|p2a: Oliver|Earthquake|p1a: Gliscor\n|-immune|p1a: Gliscor\n|\n|-damage|p2a: Oliver|28\/100 brn|[from] brn\n|-status|p1a: Gliscor|tox|[from] item: Toxic Orb\n|upkeep\n|turn|8\n|\n|t:|1701042742\n|move|p1a: Gliscor|Swords Dance|p1a: Gliscor\n|-boost|p1a: Gliscor|atk|2\n|move|p2a: Oliver|Facade|p1a: Gliscor\n|-damage|p1a: Gliscor|0 fnt\n|faint|p1a: Gliscor\n|\n|-damage|p2a: Oliver|22\/100 brn|[from] brn\n|upkeep\n|\n|t:|1701042750\n|switch|p1a: Infernape|Infernape, M|100\/100\n|turn|9\n|\n|t:|1701042753\n|move|p1a: Infernape|Mach Punch|p2a: Oliver\n|-damage|p2a: Oliver|3\/100 brn\n|-damage|p1a: Infernape|91\/100|[from] item: Life Orb\n|move|p2a: Oliver|Facade|p1a: Infernape\n|-damage|p1a: Infernape|0 fnt\n|faint|p1a: Infernape\n|\n|-damage|p2a: Oliver|0 fnt|[from] brn\n|faint|p2a: Oliver\n|upkeep\n|\n|t:|1701042764\n|switch|p1a: Dragonite|Dragonite, M|100\/100\n|switch|p2a: DemonDice|Staraptor, F|100\/100\n|-ability|p2a: DemonDice|Intimidate|boost\n|-unboost|p1a: Dragonite|atk|1\n|turn|10\n|\n|t:|1701042770\n|move|p1a: Dragonite|Dragon Dance|p1a: Dragonite\n|-boost|p1a: Dragonite|atk|1\n|-boost|p1a: Dragonite|spe|1\n|move|p2a: DemonDice|Defog|p1a: Dragonite\n|-unboost|p1a: Dragonite|evasion|1\n|-sideend|p2: monsterapper|Spikes|[from] move: Defog|[of] p2a: DemonDice\n|-sideend|p2: monsterapper|Toxic Spikes|[from] move: Defog|[of] p2a: DemonDice\n|-sideend|p2: monsterapper|Stealth Rock|[from] move: Defog|[of] p2a: DemonDice\n|\n|upkeep\n|turn|11\n|\n|t:|1701042777\n|move|p1a: Dragonite|Dragon Dance|p1a: Dragonite\n|-boost|p1a: Dragonite|atk|1\n|-boost|p1a: Dragonite|spe|1\n|move|p2a: DemonDice|U-turn|p1a: Dragonite\n|-resisted|p1a: Dragonite\n|-damage|p1a: Dragonite|96\/100\n|\n|t:|1701042794\n|switch|p2a: Miruko|Lopunny, F|100\/100|[from] U-turn\n|\n|upkeep\n|turn|12\n|\n|t:|1701042801\n|-terastallize|p1a: Dragonite|Normal\n|move|p1a: Dragonite|Extreme Speed|p2a: Miruko\n|-immune|p2a: Miruko\n|move|p2a: Miruko|Hyper Voice|p1a: Dragonite\n|-damage|p1a: Dragonite|47\/100\n|\n|upkeep\n|turn|13\n|\n|t:|1701042808\n|move|p1a: Dragonite|Dragon Claw|p2a: Miruko\n|-enditem|p2a: Miruko|Focus Sash\n|-damage|p2a: Miruko|1\/100\n|replace|p2a: E621|Zoroark-Hisui, F\n|-end|p2a: E621|Illusion\n|move|p2a: E621|Hyper Voice|p1a: Dragonite\n|-damage|p1a: Dragonite|0 fnt\n|faint|p1a: Dragonite\n|\n|upkeep\n|\n|t:|1701042816\n|switch|p1a: Tyranitar|Tyranitar, M|100\/100\n|-weather|Sandstorm|[from] ability: Sand Stream|[of] p1a: Tyranitar\n|turn|14\n|\n|t:|1701042821\n|detailschange|p1a: Tyranitar|Tyranitar-Mega, M\n|-mega|p1a: Tyranitar|Tyranitar|Tyranitarite\n|move|p2a: E621|Hyper Voice|p1a: Tyranitar\n|-resisted|p1a: Tyranitar\n|-damage|p1a: Tyranitar|87\/100\n|move|p1a: Tyranitar|Dragon Dance|p1a: Tyranitar\n|-boost|p1a: Tyranitar|atk|1\n|-boost|p1a: Tyranitar|spe|1\n|\n|-weather|Sandstorm|[upkeep]\n|-damage|p2a: E621|0 fnt|[from] Sandstorm\n|faint|p2a: E621\n|upkeep\n|\n|t:|1701042838\n|switch|p2a: Miruko|Lopunny, F|100\/100\n|turn|15\n|\n|t:|1701042844\n|detailschange|p2a: Miruko|Lopunny-Mega, F\n|-mega|p2a: Miruko|Lopunny|Lopunnite\n|move|p2a: Miruko|Fake Out|p1a: Tyranitar\n|-resisted|p1a: Tyranitar\n|-damage|p1a: Tyranitar|79\/100\n|cant|p1a: Tyranitar|flinch\n|\n|-weather|Sandstorm|[upkeep]\n|-damage|p2a: Miruko|94\/100|[from] Sandstorm\n|upkeep\n|turn|16\n|\n|t:|1701042851\n|move|p2a: Miruko|Close Combat|p1a: Tyranitar\n|-supereffective|p1a: Tyranitar\n|-damage|p1a: Tyranitar|0 fnt\n|-unboost|p2a: Miruko|def|1\n|-unboost|p2a: Miruko|spd|1\n|faint|p1a: Tyranitar\n|\n|win|monsterapper\n|raw|darkinfernape24's rating: 1350 &rarr; <strong>1334<\/strong><br \/>(-16 for losing)\n|raw|monsterapper's rating: 1429 &rarr; <strong>1445<\/strong><br \/>(+16 for winning)\n","uploadtime":1701042860,"views":2,"p1id":"darkinfernape24","p2id":"monsterapper","formatid":"gen9nationaldex","rating":1334,"private":0,"password":""}