{"id":"gen9nationaldex-1992574175","p1":"GoYouSureYeahGetit","p2":"WillingStar","format":"[Gen 9] National Dex","log":"|j|\u2606GoYouSureYeahGetit\n|j|\u2606WillingStar\n|t:|1700208356\n|gametype|singles\n|player|p1|GoYouSureYeahGetit|bea|1480\n|player|p2|WillingStar|riley|1496\n|teamsize|p1|6\n|teamsize|p2|6\n|gen|9\n|tier|[Gen 9] National Dex\n|rated|\n|rule|HP Percentage Mod: HP is shown in percentages\n|rule|Endless Battle Clause: Forcing endless battles is banned\n|rule|OHKO Clause: OHKO moves are banned\n|rule|Evasion Clause: Evasion abilities, items, and moves are banned\n|rule|Evasion Abilities Clause: Evasion abilities are banned\n|rule|Evasion Items Clause: Evasion items are banned\n|rule|Evasion Moves Clause: Evasion moves are banned\n|rule|Species Clause: Limit one of each Pok\u00e9mon\n|rule|Sleep Clause Mod: Limit one foe put to sleep\n|clearpoke\n|poke|p1|Xurkitree|\n|poke|p1|Zapdos-Galar|\n|poke|p1|Landorus-Therian, M|\n|poke|p1|Alomomola, M|\n|poke|p1|Chansey, F|\n|poke|p1|Rillaboom, M|\n|poke|p2|Regice|\n|poke|p2|Gyarados, F|\n|poke|p2|Ninetales-Alola, F|\n|poke|p2|Tapu Lele|\n|poke|p2|Zoroark-Hisui, M|\n|poke|p2|Kartana|\n|teampreview\n|c|\u2606GoYouSureYeahGetit|gl\n|c|\u2606GoYouSureYeahGetit|hf\n|\n|t:|1700208366\n|start\n|switch|p1a: Rillaboom|Rillaboom, M|100\/100\n|switch|p2a: Kartana|Kartana|100\/100\n|-fieldstart|move: Grassy Terrain|[from] ability: Grassy Surge|[of] p1a: Rillaboom\n|turn|1\n|inactive|Battle timer is ON: inactive players will automatically lose when time's up. (requested by GoYouSureYeahGetit)\n|\n|t:|1700208381\n|move|p1a: Rillaboom|Grassy Glide|p2a: Kartana\n|-enditem|p2a: Kartana|Focus Sash\n|-damage|p2a: Kartana|1\/100\n|replace|p2a: Zoroark|Zoroark-Hisui, M, shiny\n|-end|p2a: Zoroark|Illusion\n|move|p2a: Zoroark|Nasty Plot|p2a: Zoroark\n|-boost|p2a: Zoroark|spa|2\n|\n|-heal|p2a: Zoroark|7\/100|[from] Grassy Terrain\n|upkeep\n|turn|2\n|\n|t:|1700208386\n|switch|p2a: Kartana|Kartana|100\/100\n|move|p1a: Rillaboom|Grassy Glide|p2a: Kartana\n|-resisted|p2a: Kartana\n|-damage|p2a: Kartana|85\/100\n|\n|-heal|p2a: Kartana|92\/100|[from] Grassy Terrain\n|upkeep\n|turn|3\n|\n|t:|1700208394\n|switch|p1a: Landorus|Landorus-Therian, M, shiny|100\/100\n|-ability|p1a: Landorus|Intimidate|boost\n|-unboost|p2a: Kartana|atk|1\n|move|p2a: Kartana|Leaf Blade|p1a: Landorus\n|-damage|p1a: Landorus|55\/100\n|\n|-heal|p2a: Kartana|98\/100|[from] Grassy Terrain\n|upkeep\n|turn|4\n|\n|t:|1700208402\n|switch|p1a: Zapdos|Zapdos-Galar, shiny|100\/100\n|move|p2a: Kartana|Leaf Blade|p1a: Zapdos\n|-resisted|p1a: Zapdos\n|-damage|p1a: Zapdos|72\/100\n|\n|-heal|p2a: Kartana|100\/100|[from] Grassy Terrain\n|upkeep\n|turn|5\n|\n|t:|1700208410\n|switch|p2a: Kartana|Kartana|7\/100\n|move|p1a: Zapdos|Blaze Kick|p2a: Kartana\n|-damage|p2a: Kartana|0 fnt\n|replace|p2a: Zoroark|Zoroark-Hisui, M, shiny\n|-end|p2a: Zoroark|Illusion\n|faint|p2a: Zoroark\n|\n|-fieldend|move: Grassy Terrain\n|upkeep\n|\n|t:|1700208432\n|switch|p2a: Gyarados|Gyarados, F, shiny|100\/100\n|-ability|p2a: Gyarados|Intimidate|boost\n|-unboost|p1a: Zapdos|atk|1\n|-ability|p1a: Zapdos|Defiant|boost\n|-boost|p1a: Zapdos|atk|2\n|turn|6\n|\n|t:|1700208444\n|switch|p1a: Alomomola|Alomomola, M, shiny|100\/100\n|switch|p2a: Ninetales|Ninetales-Alola, F|100\/100\n|-weather|Snow|[from] ability: Snow Warning|[of] p2a: Ninetales\n|\n|-weather|Snow|[upkeep]\n|upkeep\n|turn|7\n|\n|t:|1700208458\n|move|p2a: Ninetales|Aurora Veil|p2a: Ninetales\n|-sidestart|p2: WillingStar|move: Aurora Veil\n|move|p1a: Alomomola|Flip Turn|p2a: Ninetales\n|-crit|p2a: Ninetales\n|-damage|p2a: Ninetales|79\/100\n|\n|t:|1700208462\n|switch|p1a: Xurkitree|Xurkitree, shiny|100\/100|[from] Flip Turn\n|\n|-weather|Snow|[upkeep]\n|upkeep\n|turn|8\n|\n|t:|1700208472\n|switch|p2a: Regice|Regice, shiny|100\/100\n|move|p1a: Xurkitree|Zap Cannon|p2a: Regice\n|-damage|p2a: Regice|79\/100\n|-status|p2a: Regice|par\n|\n|-weather|Snow|[upkeep]\n|upkeep\n|turn|9\n|\n|t:|1700208481\n|switch|p1a: Chansey|Chansey, F, shiny|100\/100\n|move|p2a: Regice|Blizzard|p1a: Chansey\n|-damage|p1a: Chansey|86\/100\n|\n|-weather|Snow|[upkeep]\n|upkeep\n|turn|10\n|\n|t:|1700208492\n|move|p1a: Chansey|Seismic Toss|p2a: Regice\n|-damage|p2a: Regice|45\/100 par\n|move|p2a: Regice|Focus Blast|p1a: Chansey|[miss]\n|-miss|p2a: Regice|p1a: Chansey\n|\n|-weather|none\n|upkeep\n|turn|11\n|\n|t:|1700208504\n|move|p1a: Chansey|Seismic Toss|p2a: Regice\n|-damage|p2a: Regice|12\/100 par\n|move|p2a: Regice|Focus Blast|p1a: Chansey\n|-supereffective|p1a: Chansey\n|-damage|p1a: Chansey|66\/100\n|\n|upkeep\n|turn|12\n|\n|t:|1700208508\n|move|p1a: Chansey|Seismic Toss|p2a: Regice\n|-damage|p2a: Regice|0 fnt\n|faint|p2a: Regice\n|\n|upkeep\n|\n|t:|1700208511\n|switch|p2a: Tapu Lele|Tapu Lele, shiny|100\/100\n|-fieldstart|move: Psychic Terrain|[from] ability: Psychic Surge|[of] p2a: Tapu Lele\n|turn|13\n|\n|t:|1700208529\n|move|p2a: Tapu Lele|Psyshock|p1a: Chansey\n|-damage|p1a: Chansey|12\/100\n|move|p1a: Chansey|Soft-Boiled|p1a: Chansey\n|-heal|p1a: Chansey|63\/100\n|\n|upkeep\n|turn|14\n|\n|t:|1700208550\n|switch|p2a: Ninetales|Ninetales-Alola, F|79\/100\n|-weather|Snow|[from] ability: Snow Warning|[of] p2a: Ninetales\n|move|p1a: Chansey|Teleport|p1a: Chansey\n|inactive|GoYouSureYeahGetit has 120 seconds left.\n|\n|t:|1700208589\n|switch|p1a: Rillaboom|Rillaboom, M|100\/100|[from] Teleport\n|-fieldstart|move: Grassy Terrain|[from] ability: Grassy Surge|[of] p1a: Rillaboom\n|\n|-weather|Snow|[upkeep]\n|-heal|p2a: Ninetales|85\/100|[from] Grassy Terrain\n|-sideend|p2: WillingStar|move: Aurora Veil\n|upkeep\n|turn|15\n|inactive|GoYouSureYeahGetit has 120 seconds left.\n|\n|t:|1700208598\n|-terastallize|p1a: Rillaboom|Grass\n|move|p1a: Rillaboom|Grassy Glide|p2a: Ninetales\n|-damage|p2a: Ninetales|24\/100\n|move|p2a: Ninetales|Aurora Veil|p2a: Ninetales\n|-sidestart|p2: WillingStar|move: Aurora Veil\n|\n|-weather|Snow|[upkeep]\n|-heal|p2a: Ninetales|30\/100|[from] Grassy Terrain\n|upkeep\n|turn|16\n|inactive|GoYouSureYeahGetit has 120 seconds left.\n|\n|t:|1700208611\n|switch|p2a: Kartana|Kartana|100\/100\n|move|p1a: Rillaboom|Grassy Glide|p2a: Kartana\n|-resisted|p2a: Kartana\n|-damage|p2a: Kartana|89\/100\n|\n|-weather|Snow|[upkeep]\n|-heal|p2a: Kartana|95\/100|[from] Grassy Terrain\n|upkeep\n|turn|17\n|\n|t:|1700208617\n|switch|p1a: Landorus|Landorus-Therian, M, shiny|55\/100\n|-ability|p1a: Landorus|Intimidate|boost\n|-unboost|p2a: Kartana|atk|1\n|move|p2a: Kartana|Leaf Blade|p1a: Landorus\n|-damage|p1a: Landorus|12\/100\n|\n|-weather|Snow|[upkeep]\n|-heal|p2a: Kartana|100\/100|[from] Grassy Terrain\n|upkeep\n|turn|18\n|\n|t:|1700208619\n|switch|p1a: Zapdos|Zapdos-Galar, shiny|72\/100\n|move|p2a: Kartana|Leaf Blade|p1a: Zapdos\n|-resisted|p1a: Zapdos\n|-damage|p1a: Zapdos|42\/100\n|\n|-weather|none\n|-fieldend|move: Grassy Terrain\n|upkeep\n|turn|19\n|\n|t:|1700208625\n|switch|p2a: Ninetales|Ninetales-Alola, F|30\/100\n|-weather|Snow|[from] ability: Snow Warning|[of] p2a: Ninetales\n|move|p1a: Zapdos|Blaze Kick|p2a: Ninetales|[miss]\n|-miss|p1a: Zapdos|p2a: Ninetales\n|\n|-weather|Snow|[upkeep]\n|upkeep\n|turn|20\n|\n|t:|1700208651\n|switch|p1a: Chansey|Chansey, F, shiny|63\/100\n|switch|p2a: Tapu Lele|Tapu Lele, shiny|100\/100\n|-fieldstart|move: Psychic Terrain|[from] ability: Psychic Surge|[of] p2a: Tapu Lele\n|\n|-weather|Snow|[upkeep]\n|upkeep\n|turn|21\n|\n|t:|1700208657\n|move|p2a: Tapu Lele|Psyshock|p1a: Chansey\n|-damage|p1a: Chansey|13\/100\n|move|p1a: Chansey|Teleport|p1a: Chansey\n|\n|t:|1700208664\n|switch|p1a: Rillaboom|Rillaboom, M, tera:Grass|100\/100|[from] Teleport\n|-fieldstart|move: Grassy Terrain|[from] ability: Grassy Surge|[of] p1a: Rillaboom\n|\n|-weather|Snow|[upkeep]\n|upkeep\n|turn|22\n|\n|t:|1700208667\n|switch|p2a: Kartana|Kartana|100\/100\n|move|p1a: Rillaboom|Grassy Glide|p2a: Kartana\n|-resisted|p2a: Kartana\n|-damage|p2a: Kartana|90\/100\n|\n|-weather|Snow|[upkeep]\n|-heal|p2a: Kartana|96\/100|[from] Grassy Terrain\n|-sideend|p2: WillingStar|move: Aurora Veil\n|upkeep\n|turn|23\n|\n|t:|1700208676\n|switch|p1a: Landorus|Landorus-Therian, M, shiny|12\/100\n|-ability|p1a: Landorus|Intimidate|boost\n|-unboost|p2a: Kartana|atk|1\n|move|p2a: Kartana|Leaf Blade|p1a: Landorus\n|-damage|p1a: Landorus|0 fnt\n|faint|p1a: Landorus\n|-ability|p2a: Kartana|Beast Boost|boost\n|-boost|p2a: Kartana|atk|1\n|\n|-weather|none\n|-heal|p2a: Kartana|100\/100|[from] Grassy Terrain\n|upkeep\n|\n|t:|1700208678\n|switch|p1a: Xurkitree|Xurkitree, shiny|100\/100\n|turn|24\n|\n|t:|1700208683\n|switch|p2a: Ninetales|Ninetales-Alola, F|30\/100\n|-weather|Snow|[from] ability: Snow Warning|[of] p2a: Ninetales\n|move|p1a: Xurkitree|Zap Cannon|p2a: Ninetales\n|-damage|p2a: Ninetales|0 fnt\n|faint|p2a: Ninetales\n|-ability|p1a: Xurkitree|Beast Boost|boost\n|-boost|p1a: Xurkitree|spa|1\n|\n|-weather|Snow|[upkeep]\n|upkeep\n|\n|t:|1700208690\n|switch|p2a: Tapu Lele|Tapu Lele, shiny|100\/100\n|-fieldstart|move: Psychic Terrain|[from] ability: Psychic Surge|[of] p2a: Tapu Lele\n|turn|25\n|\n|t:|1700208702\n|switch|p1a: Chansey|Chansey, F, shiny|13\/100\n|move|p2a: Tapu Lele|Moonblast|p1a: Chansey\n|-damage|p1a: Chansey|0 fnt\n|faint|p1a: Chansey\n|\n|-weather|Snow|[upkeep]\n|upkeep\n|\n|t:|1700208705\n|switch|p1a: Zapdos|Zapdos-Galar, shiny|42\/100\n|turn|26\n|\n|t:|1700208715\n|-terastallize|p2a: Tapu Lele|Steel\n|move|p1a: Zapdos|Brave Bird|p2a: Tapu Lele\n|-resisted|p2a: Tapu Lele\n|-damage|p2a: Tapu Lele|56\/100\n|-damage|p1a: Zapdos|29\/100|[from] Recoil\n|move|p2a: Tapu Lele|Moonblast|p1a: Zapdos\n|-supereffective|p1a: Zapdos\n|-damage|p1a: Zapdos|0 fnt\n|faint|p1a: Zapdos\n|\n|-weather|Snow|[upkeep]\n|upkeep\n|\n|t:|1700208726\n|switch|p1a: Rillaboom|Rillaboom, M, tera:Grass|100\/100\n|-fieldstart|move: Grassy Terrain|[from] ability: Grassy Surge|[of] p1a: Rillaboom\n|turn|27\n|\n|t:|1700208731\n|switch|p2a: Kartana|Kartana|100\/100\n|move|p1a: Rillaboom|Grassy Glide|p2a: Kartana\n|-resisted|p2a: Kartana\n|-damage|p2a: Kartana|80\/100\n|\n|-weather|Snow|[upkeep]\n|-heal|p2a: Kartana|86\/100|[from] Grassy Terrain\n|upkeep\n|turn|28\n|\n|t:|1700208738\n|switch|p1a: Alomomola|Alomomola, M, shiny|100\/100\n|move|p2a: Kartana|Leaf Blade|p1a: Alomomola\n|-supereffective|p1a: Alomomola\n|-damage|p1a: Alomomola|17\/100\n|-damage|p2a: Kartana|70\/100|[from] item: Rocky Helmet|[of] p1a: Alomomola\n|\n|-weather|none\n|-heal|p2a: Kartana|76\/100|[from] Grassy Terrain\n|-heal|p1a: Alomomola|23\/100|[from] Grassy Terrain\n|upkeep\n|turn|29\n|\n|t:|1700208740\n|move|p2a: Kartana|Leaf Blade|p1a: Alomomola\n|-supereffective|p1a: Alomomola\n|-damage|p1a: Alomomola|0 fnt\n|-damage|p2a: Kartana|59\/100|[from] item: Rocky Helmet|[of] p1a: Alomomola\n|faint|p1a: Alomomola\n|-ability|p2a: Kartana|Beast Boost|boost\n|-boost|p2a: Kartana|atk|1\n|\n|-heal|p2a: Kartana|65\/100|[from] Grassy Terrain\n|upkeep\n|\n|t:|1700208743\n|switch|p1a: Xurkitree|Xurkitree, shiny|100\/100\n|turn|30\n|\n|t:|1700208745\n|move|p2a: Kartana|Leaf Blade|p1a: Xurkitree\n|-damage|p1a: Xurkitree|0 fnt\n|faint|p1a: Xurkitree\n|-ability|p2a: Kartana|Beast Boost|boost\n|-boost|p2a: Kartana|atk|1\n|\n|-heal|p2a: Kartana|72\/100|[from] Grassy Terrain\n|upkeep\n|\n|t:|1700208749\n|switch|p1a: Rillaboom|Rillaboom, M, tera:Grass|100\/100\n|turn|31\n|\n|t:|1700208753\n|move|p2a: Kartana|Leaf Blade|p1a: Rillaboom\n|-resisted|p1a: Rillaboom\n|-damage|p1a: Rillaboom|31\/100\n|move|p1a: Rillaboom|Knock Off|p2a: Kartana\n|-damage|p2a: Kartana|19\/100\n|-enditem|p2a: Kartana|Choice Scarf|[from] move: Knock Off|[of] p1a: Rillaboom\n|\n|-heal|p2a: Kartana|26\/100|[from] Grassy Terrain\n|-heal|p1a: Rillaboom|37\/100|[from] Grassy Terrain\n|-fieldend|move: Grassy Terrain\n|upkeep\n|turn|32\n|c|\u2606GoYouSureYeahGetit|gg\n|\n|t:|1700208759\n|move|p2a: Kartana|Sacred Sword|p1a: Rillaboom\n|-damage|p1a: Rillaboom|0 fnt\n|faint|p1a: Rillaboom\n|\n|win|WillingStar\n|raw|GoYouSureYeahGetit's rating: 1480 &rarr; <strong>1461<\/strong><br \/>(-19 for losing)\n|raw|WillingStar's rating: 1496 &rarr; <strong>1515<\/strong><br \/>(+19 for winning)\n|l|\u2606GoYouSureYeahGetit\n","uploadtime":1700208765,"views":7,"p1id":"goyousureyeahgetit","p2id":"willingstar","formatid":"gen9nationaldex","rating":1461,"private":0,"password":""}