{"id":"gen9nationaldex-1993838624","p1":"ohiomoment1","p2":"DaLootKid","format":"[Gen 9] National Dex","log":"|j|\u2606ohiomoment1\n|j|\u2606DaLootKid\n|t:|1700363614\n|gametype|singles\n|player|p1|ohiomoment1|2|\n|player|p2|DaLootKid|beauty-gen4dp|\n|teamsize|p1|6\n|teamsize|p2|6\n|gen|9\n|tier|[Gen 9] National Dex\n|rule|HP Percentage Mod: HP is shown in percentages\n|rule|Endless Battle Clause: Forcing endless battles is banned\n|rule|OHKO Clause: OHKO moves are banned\n|rule|Evasion Clause: Evasion abilities, items, and moves are banned\n|rule|Evasion Abilities Clause: Evasion abilities are banned\n|rule|Evasion Items Clause: Evasion items are banned\n|rule|Evasion Moves Clause: Evasion moves are banned\n|rule|Species Clause: Limit one of each Pok\u00e9mon\n|rule|Sleep Clause Mod: Limit one foe put to sleep\n|clearpoke\n|poke|p1|Steelix, F|\n|poke|p1|Beedrill, F|\n|poke|p1|Exploud, F|\n|poke|p1|Scrafty, M|\n|poke|p1|Hypno, M|\n|poke|p1|Omastar, F|\n|poke|p2|Flamigo, F|\n|poke|p2|Terrakion|\n|poke|p2|Ceruledge, M|\n|poke|p2|Mantine, F|\n|poke|p2|Emolga, M|\n|poke|p2|Toxtricity, M|\n|teampreview\n|c|\u2606DaLootKid|fuk you\n|c|\u2606ohiomoment1|bbbbr\n|n|\u203dDaLootKid|dalootkid\n|j| Spiderki\n|j| DragonSlayer103\n|c| Spiderki|finally\n|c| DragonSlayer103|I love cupcake\n|c| Spiderki|kill each other\n|\n|t:|1700364012\n|start\n|switch|p1a: Beedrill|Beedrill, F|100\/100\n|switch|p2a: FukYoo|Emolga, M|100\/100\n|turn|1\n|j| Dekugon\n|\n|t:|1700364063\n|detailschange|p1a: Beedrill|Beedrill-Mega, F\n|-mega|p1a: Beedrill|Beedrill|Beedrillite\n|move|p1a: Beedrill|U-turn|p2a: FukYoo\n|-resisted|p2a: FukYoo\n|-damage|p2a: FukYoo|47\/100\n|\n|t:|1700364067\n|switch|p1a: Exploud|Exploud, F|100\/100|[from] U-turn\n|move|p2a: FukYoo|Tailwind|p2a: FukYoo\n|-sidestart|p2: DaLootKid|move: Tailwind\n|\n|upkeep\n|turn|2\n|\n|t:|1700364104\n|switch|p2a: Gyatt|Terrakion|100\/100\n|-terastallize|p1a: Exploud|Normal\n|move|p1a: Exploud|Boomburst|p2a: Gyatt\n|-resisted|p2a: Gyatt\n|-damage|p2a: Gyatt|35\/100\n|\n|upkeep\n|turn|3\n|\n|t:|1700364127\n|switch|p1a: Hypno|Hypno, M|100\/100\n|move|p2a: Gyatt|Close Combat|p1a: Hypno\n|-resisted|p1a: Hypno\n|-damage|p1a: Hypno|41\/100\n|-unboost|p2a: Gyatt|def|1\n|-unboost|p2a: Gyatt|spd|1\n|\n|-heal|p1a: Hypno|47\/100|[from] item: Leftovers\n|upkeep\n|turn|4\n|\n|t:|1700364149\n|move|p1a: Hypno|Protect|p1a: Hypno\n|-singleturn|p1a: Hypno|Protect\n|move|p2a: Gyatt|Close Combat|p1a: Hypno\n|-activate|p1a: Hypno|move: Protect\n|\n|-heal|p1a: Hypno|53\/100|[from] item: Leftovers\n|-sideend|p2: DaLootKid|move: Tailwind\n|upkeep\n|turn|5\n|\n|t:|1700364181\n|switch|p1a: Scrafty|Scrafty, M|100\/100\n|move|p2a: Gyatt|Close Combat|p1a: Scrafty\n|-supereffective|p1a: Scrafty\n|-damage|p1a: Scrafty|0 fnt\n|-unboost|p2a: Gyatt|def|1\n|-unboost|p2a: Gyatt|spd|1\n|faint|p1a: Scrafty\n|\n|upkeep\n|\n|t:|1700364189\n|switch|p1a: Beedrill|Beedrill-Mega, F|100\/100\n|turn|6\n|c| Spiderki|THATS INAPROPRIATE\n|c| Spiderki|YOUR BANNNNNJNNED\n|\n|t:|1700364226\n|move|p1a: Beedrill|U-turn|p2a: Gyatt\n|-resisted|p2a: Gyatt\n|-damage|p2a: Gyatt|0 fnt\n|faint|p2a: Gyatt\n|\n|t:|1700364236\n|switch|p1a: Exploud|Exploud, F, tera:Normal|100\/100|[from] U-turn\n|\n|upkeep\n|\n|t:|1700364240\n|switch|p2a: Border Boy|Flamigo, F|100\/100\n|turn|7\n|c| DragonSlayer103|I cant breathe\n|\n|t:|1700364263\n|move|p2a: Border Boy|Close Combat|p1a: Exploud\n|-supereffective|p1a: Exploud\n|-damage|p1a: Exploud|0 fnt\n|-unboost|p2a: Border Boy|def|1\n|-unboost|p2a: Border Boy|spd|1\n|faint|p1a: Exploud\n|\n|upkeep\n|\n|t:|1700364278\n|switch|p1a: Beedrill|Beedrill-Mega, F|100\/100\n|turn|8\n|c| Spiderki|NOOOOOOOOOOOOOOOOOOOOOOOOOOOOOOOOOOOOOOOOOOOOOOOOOOOOOOOOOOOOOOOOOOOOOOOOOOOOOOOOOOOOOOOOOOOOOOOOOOOOOOOOOOOOOOOOOOOOOOOOOOOOOOOOOOOOOOOOOOOOOOOOOOOOOOOOOOOOOOOOOOOOOOOOOOOOOOOOOO\n|\n|t:|1700364293\n|move|p1a: Beedrill|Air Cutter|p2a: Border Boy\n|-supereffective|p2a: Border Boy\n|-damage|p2a: Border Boy|82\/100\n|move|p2a: Border Boy|Brave Bird|p1a: Beedrill\n|-supereffective|p1a: Beedrill\n|-damage|p1a: Beedrill|0 fnt\n|faint|p1a: Beedrill\n|-damage|p2a: Border Boy|53\/100|[from] Recoil\n|\n|upkeep\n|c| Spiderki|i hate you ally\n|\n|t:|1700364302\n|switch|p1a: Omastar|Omastar, F|100\/100\n|turn|9\n|\n|t:|1700364348\n|move|p1a: Omastar|Endure|p1a: Omastar\n|-singleturn|p1a: Omastar|move: Endure\n|move|p2a: Border Boy|Close Combat|p1a: Omastar\n|-supereffective|p1a: Omastar\n|-activate|p1a: Omastar|move: Endure\n|-damage|p1a: Omastar|1\/100\n|-unboost|p2a: Border Boy|def|1\n|-unboost|p2a: Border Boy|spd|1\n|-ability|p1a: Omastar|Weak Armor|boost\n|-unboost|p1a: Omastar|def|1\n|-boost|p1a: Omastar|spe|2\n|-enditem|p1a: Omastar|White Herb\n|-clearnegativeboost|p1a: Omastar|[silent]\n|\n|upkeep\n|turn|10\n|\n|t:|1700364380\n|move|p1a: Omastar|Ice Beam|p2a: Border Boy\n|-supereffective|p2a: Border Boy\n|-damage|p2a: Border Boy|0 fnt\n|faint|p2a: Border Boy\n|\n|upkeep\n|\n|t:|1700364397\n|switch|p2a: Sugondees|Ceruledge, M, shiny|100\/100\n|turn|11\n|\n|t:|1700364429\n|move|p2a: Sugondees|Shadow Sneak|p1a: Omastar\n|-damage|p1a: Omastar|0 fnt\n|faint|p1a: Omastar\n|\n|upkeep\n|\n|t:|1700364473\n|switch|p1a: Hypno|Hypno, M|53\/100\n|turn|12\n|\n|t:|1700364485\n|move|p1a: Hypno|Protect|p1a: Hypno\n|-singleturn|p1a: Hypno|Protect\n|move|p2a: Sugondees|Close Combat|p1a: Hypno\n|-activate|p1a: Hypno|move: Protect\n|\n|-heal|p1a: Hypno|59\/100|[from] item: Leftovers\n|upkeep\n|turn|13\n|\n|t:|1700364507\n|move|p2a: Sugondees|Shadow Sneak|p1a: Hypno\n|-supereffective|p1a: Hypno\n|-damage|p1a: Hypno|9\/100\n|move|p1a: Hypno|Wish|p1a: Hypno\n|\n|-heal|p1a: Hypno|15\/100|[from] item: Leftovers\n|upkeep\n|turn|14\n|\n|t:|1700364535\n|move|p1a: Hypno|Protect|p1a: Hypno\n|-singleturn|p1a: Hypno|Protect\n|move|p2a: Sugondees|Shadow Sneak|p1a: Hypno\n|-activate|p1a: Hypno|move: Protect\n|\n|-heal|p1a: Hypno|65\/100|[from] move: Wish|[wisher] Hypno\n|-heal|p1a: Hypno|71\/100|[from] item: Leftovers\n|upkeep\n|turn|15\n|\n|t:|1700364543\n|move|p2a: Sugondees|Shadow Sneak|p1a: Hypno\n|-supereffective|p1a: Hypno\n|-damage|p1a: Hypno|13\/100\n|move|p1a: Hypno|Wish|p1a: Hypno\n|\n|-heal|p1a: Hypno|20\/100|[from] item: Leftovers\n|upkeep\n|turn|16\n|\n|t:|1700364548\n|move|p1a: Hypno|Protect|p1a: Hypno\n|-singleturn|p1a: Hypno|Protect\n|move|p2a: Sugondees|Shadow Sneak|p1a: Hypno\n|-activate|p1a: Hypno|move: Protect\n|\n|-heal|p1a: Hypno|69\/100|[from] move: Wish|[wisher] Hypno\n|-heal|p1a: Hypno|76\/100|[from] item: Leftovers\n|upkeep\n|turn|17\n|\n|t:|1700364556\n|move|p2a: Sugondees|Shadow Sneak|p1a: Hypno\n|-supereffective|p1a: Hypno\n|-damage|p1a: Hypno|24\/100\n|move|p1a: Hypno|Wish|p1a: Hypno\n|\n|-heal|p1a: Hypno|30\/100|[from] item: Leftovers\n|upkeep\n|turn|18\n|\n|t:|1700364561\n|move|p1a: Hypno|Protect|p1a: Hypno\n|-singleturn|p1a: Hypno|Protect\n|move|p2a: Sugondees|Shadow Sneak|p1a: Hypno\n|-activate|p1a: Hypno|move: Protect\n|\n|-heal|p1a: Hypno|80\/100|[from] move: Wish|[wisher] Hypno\n|-heal|p1a: Hypno|86\/100|[from] item: Leftovers\n|upkeep\n|turn|19\n|\n|t:|1700364571\n|move|p2a: Sugondees|Swords Dance|p2a: Sugondees\n|-boost|p2a: Sugondees|atk|2\n|move|p1a: Hypno|Wish|p1a: Hypno\n|\n|-heal|p1a: Hypno|92\/100|[from] item: Leftovers\n|upkeep\n|turn|20\n|\n|t:|1700364608\n|switch|p1a: Steelix|Steelix, F|100\/100\n|move|p2a: Sugondees|Shadow Sneak|p1a: Steelix\n|-damage|p1a: Steelix|78\/100\n|\n|-heal|p1a: Steelix|100\/100|[from] move: Wish|[wisher] Hypno\n|upkeep\n|turn|21\n|\n|t:|1700364630\n|move|p2a: Sugondees|Close Combat|p1a: Steelix\n|-supereffective|p1a: Steelix\n|-damage|p1a: Steelix|8\/100\n|-unboost|p2a: Sugondees|def|1\n|-unboost|p2a: Sugondees|spd|1\n|move|p1a: Steelix|Earthquake|p2a: Sugondees\n|-supereffective|p2a: Sugondees\n|-enditem|p2a: Sugondees|Focus Sash\n|-damage|p2a: Sugondees|1\/100\n|-ability|p2a: Sugondees|Weak Armor|boost\n|-unboost|p2a: Sugondees|def|1\n|-boost|p2a: Sugondees|spe|2\n|\n|upkeep\n|turn|22\n|\n|t:|1700364648\n|switch|p1a: Hypno|Hypno, M|92\/100\n|move|p2a: Sugondees|Shadow Sneak|p1a: Hypno\n|-supereffective|p1a: Hypno\n|-damage|p1a: Hypno|0 fnt\n|faint|p1a: Hypno\n|\n|upkeep\n|\n|t:|1700364653\n|switch|p1a: Steelix|Steelix, F|8\/100\n|turn|23\n|\n|t:|1700364682\n|move|p2a: Sugondees|Shadow Sneak|p1a: Steelix\n|-damage|p1a: Steelix|0 fnt\n|faint|p1a: Steelix\n|\n|win|DaLootKid\n|l| Spiderki\n|l| DragonSlayer103\n|l|\u203dDaLootKid\n","uploadtime":1700363829,"views":8,"p1id":"ohiomoment1","p2id":"dalootkid","formatid":"gen9nationaldex","rating":0,"private":0,"password":""}