{"id":"gen9nationaldex-1998005898","p1":"NDSNEZyedropwhen","p2":"Tyrrano","format":"[Gen 9] National Dex","log":"|html|<div class=\"broadcast-blue\"><strong>[Gen 9] National Dex is currently suspecting Sneasler! For information on how to participate check out the <a href=\"https:\/\/www.smogon.com\/forums\/threads\/sv-national-dex-suspect-8-just-dance.3731534\/\">suspect thread<\/a>.<\/strong><\/div>\n|j|\u2606NDSNEZyedropwhen\n|j|\u2606Tyrrano\n|t:|1700878041\n|gametype|singles\n|player|p1|NDSNEZyedropwhen|adaman|1243\n|player|p2|Tyrrano|veteran|1359\n|teamsize|p1|6\n|teamsize|p2|6\n|gen|9\n|tier|[Gen 9] National Dex\n|rated|\n|rule|HP Percentage Mod: HP is shown in percentages\n|rule|Endless Battle Clause: Forcing endless battles is banned\n|rule|OHKO Clause: OHKO moves are banned\n|rule|Evasion Clause: Evasion abilities, items, and moves are banned\n|rule|Evasion Abilities Clause: Evasion abilities are banned\n|rule|Evasion Items Clause: Evasion items are banned\n|rule|Evasion Moves Clause: Evasion moves are banned\n|rule|Species Clause: Limit one of each Pok\u00e9mon\n|rule|Sleep Clause Mod: Limit one foe put to sleep\n|clearpoke\n|poke|p1|Toxapex, F|\n|poke|p1|Dondozo, F|\n|poke|p1|Gliscor, F|\n|poke|p1|Blissey, F|\n|poke|p1|Corviknight, M|\n|poke|p1|Tyranitar, F|\n|poke|p2|Zeraora|\n|poke|p2|Rillaboom, F|\n|poke|p2|Hawlucha, M|\n|poke|p2|Urshifu-*, M|\n|poke|p2|Volcarona, M|\n|poke|p2|Scizor, M|\n|teampreview\n|\n|t:|1700878079\n|start\n|switch|p1a: Gliscor|Gliscor, F|100\/100\n|switch|p2a: Zeraora|Zeraora|100\/100\n|turn|1\n|\n|t:|1700878085\n|move|p1a: Gliscor|Protect|p1a: Gliscor\n|-singleturn|p1a: Gliscor|Protect\n|move|p2a: Zeraora|Knock Off|p1a: Gliscor\n|-activate|p1a: Gliscor|move: Protect\n|\n|-status|p1a: Gliscor|tox|[from] item: Toxic Orb\n|upkeep\n|turn|2\n|\n|t:|1700878092\n|switch|p2a: Rillaboom|Rillaboom, F|100\/100\n|-fieldstart|move: Grassy Terrain|[from] ability: Grassy Surge|[of] p2a: Rillaboom\n|move|p1a: Gliscor|Spikes|p2a: Rillaboom\n|-sidestart|p2: Tyrrano|Spikes\n|\n|upkeep\n|turn|3\n|\n|t:|1700878096\n|switch|p1a: Corviknight|Corviknight, M|100\/100\n|-ability|p1a: Corviknight|Pressure\n|move|p2a: Rillaboom|Grassy Glide|p1a: Corviknight\n|-resisted|p1a: Corviknight\n|-damage|p1a: Corviknight|91\/100\n|-damage|p2a: Rillaboom|91\/100|[from] item: Life Orb\n|\n|-heal|p2a: Rillaboom|97\/100|[from] Grassy Terrain\n|-heal|p1a: Corviknight|97\/100|[from] item: Leftovers\n|upkeep\n|turn|4\n|\n|t:|1700878103\n|switch|p1a: Gliscor|Gliscor, F|100\/100 tox\n|move|p2a: Rillaboom|U-turn|p1a: Gliscor\n|-resisted|p1a: Gliscor\n|-damage|p1a: Gliscor|91\/100 tox\n|-damage|p2a: Rillaboom|87\/100|[from] item: Life Orb\n|\n|t:|1700878122\n|switch|p2a: Urshifu|Urshifu-Rapid-Strike, M|100\/100|[from] U-turn\n|-damage|p2a: Urshifu|88\/100|[from] Spikes\n|\n|-heal|p2a: Urshifu|94\/100|[from] Grassy Terrain\n|-heal|p1a: Gliscor|100\/100 tox|[from] ability: Poison Heal\n|upkeep\n|turn|5\n|\n|t:|1700878124\n|switch|p1a: Toxapex|Toxapex, F|100\/100\n|move|p2a: Urshifu|Surging Strikes|p1a: Toxapex\n|-resisted|p1a: Toxapex\n|-crit|p1a: Toxapex\n|-damage|p1a: Toxapex|93\/100\n|-resisted|p1a: Toxapex\n|-crit|p1a: Toxapex\n|-damage|p1a: Toxapex|86\/100\n|-resisted|p1a: Toxapex\n|-crit|p1a: Toxapex\n|-damage|p1a: Toxapex|78\/100\n|-hitcount|p1a: Toxapex|3\n|\n|-heal|p2a: Urshifu|100\/100|[from] Grassy Terrain\n|-heal|p1a: Toxapex|84\/100|[from] Grassy Terrain\n|upkeep\n|turn|6\n|\n|t:|1700878132\n|switch|p2a: Zeraora|Zeraora|100\/100\n|-damage|p2a: Zeraora|88\/100|[from] Spikes\n|move|p1a: Toxapex|Knock Off|p2a: Zeraora\n|-damage|p2a: Zeraora|69\/100\n|-enditem|p2a: Zeraora|Life Orb|[from] move: Knock Off|[of] p1a: Toxapex\n|\n|-heal|p2a: Zeraora|75\/100|[from] Grassy Terrain\n|-heal|p1a: Toxapex|90\/100|[from] Grassy Terrain\n|-fieldend|move: Grassy Terrain\n|upkeep\n|turn|7\n|\n|t:|1700878137\n|switch|p1a: Gliscor|Gliscor, F|100\/100 tox\n|move|p2a: Zeraora|Plasma Fists|p1a: Gliscor\n|-immune|p1a: Gliscor\n|\n|upkeep\n|turn|8\n|\n|t:|1700878141\n|move|p2a: Zeraora|Taunt|p1a: Gliscor\n|-start|p1a: Gliscor|move: Taunt\n|cant|p1a: Gliscor|move: Taunt|Spikes\n|\n|upkeep\n|turn|9\n|\n|t:|1700878155\n|move|p2a: Zeraora|Knock Off|p1a: Gliscor\n|-damage|p1a: Gliscor|80\/100 tox\n|-enditem|p1a: Gliscor|Toxic Orb|[from] move: Knock Off|[of] p2a: Zeraora\n|move|p1a: Gliscor|Earthquake|p2a: Zeraora\n|-supereffective|p2a: Zeraora\n|-damage|p2a: Zeraora|0 fnt\n|faint|p2a: Zeraora\n|\n|-heal|p1a: Gliscor|92\/100 tox|[from] ability: Poison Heal\n|upkeep\n|-message|Tyrrano forfeited.\n|\n|win|NDSNEZyedropwhen\n|raw|NDSNEZyedropwhen's rating: 1243 &rarr; <strong>1276<\/strong><br \/>(+33 for winning)\n|raw|Tyrrano's rating: 1359 &rarr; <strong>1333<\/strong><br \/>(-26 for losing)\n|l|\u2606Tyrrano\n","uploadtime":1700878162,"views":1,"p1id":"ndsnezyedropwhen","p2id":"tyrrano","formatid":"gen9nationaldex","rating":1276,"private":0,"password":""}