{"id":"gen9nationaldex-1998942230","p1":"jkljlkh","p2":"The Np sweep","format":"[Gen 9] National Dex","log":"|html|<div class=\"broadcast-blue\"><strong>[Gen 9] National Dex is currently suspecting Sneasler! For information on how to participate check out the <a href=\"https:\/\/www.smogon.com\/forums\/threads\/sv-national-dex-suspect-8-just-dance.3731534\/\">suspect thread<\/a>.<\/strong><\/div>\n|j|\u2606jkljlkh\n|j|\u203dThe Np sweep\n|t:|1701015869\n|gametype|singles\n|player|p1|jkljlkh|2|1889\n|player|p2|The Np sweep|hilbert|1945\n|teamsize|p1|6\n|teamsize|p2|6\n|gen|9\n|tier|[Gen 9] National Dex\n|rated|\n|rule|HP Percentage Mod: HP is shown in percentages\n|rule|Endless Battle Clause: Forcing endless battles is banned\n|rule|OHKO Clause: OHKO moves are banned\n|rule|Evasion Clause: Evasion abilities, items, and moves are banned\n|rule|Evasion Abilities Clause: Evasion abilities are banned\n|rule|Evasion Items Clause: Evasion items are banned\n|rule|Evasion Moves Clause: Evasion moves are banned\n|rule|Species Clause: Limit one of each Pok\u00e9mon\n|rule|Sleep Clause Mod: Limit one foe put to sleep\n|clearpoke\n|poke|p1|Toxapex, F|\n|poke|p1|Dondozo, M|\n|poke|p1|Gliscor, M|\n|poke|p1|Blissey, F|\n|poke|p1|Corviknight, F|\n|poke|p1|Tyranitar, F|\n|poke|p2|Ferrothorn, M|\n|poke|p2|Tapu Lele|\n|poke|p2|Iron Valiant|\n|poke|p2|Aegislash, F|\n|poke|p2|Kyurem|\n|poke|p2|Great Tusk|\n|teampreview\n|inactive|Battle timer is ON: inactive players will automatically lose when time's up. (requested by The Np sweep)\n|\n|t:|1701015887\n|start\n|switch|p1a: Gliscor|Gliscor, M|100\/100\n|switch|p2a: Kyurem|Kyurem, shiny|100\/100\n|-ability|p2a: Kyurem|Pressure\n|turn|1\n|j| jkliopqwe\n|\n|t:|1701015903\n|move|p1a: Gliscor|Protect|p1a: Gliscor\n|-singleturn|p1a: Gliscor|Protect\n|move|p2a: Kyurem|Ice Beam|p1a: Gliscor\n|-activate|p1a: Gliscor|move: Protect\n|\n|-status|p1a: Gliscor|tox|[from] item: Toxic Orb\n|upkeep\n|turn|2\n|\n|t:|1701015909\n|switch|p2a: Great Tusk|Great Tusk|100\/100\n|switch|p1a: Toxapex|Toxapex, F|100\/100\n|\n|upkeep\n|turn|3\n|\n|t:|1701015911\n|move|p2a: Great Tusk|Earthquake|p1a: Toxapex\n|-supereffective|p1a: Toxapex\n|-damage|p1a: Toxapex|46\/100\n|move|p1a: Toxapex|Toxic|p2a: Great Tusk\n|-status|p2a: Great Tusk|tox\n|\n|-damage|p2a: Great Tusk|94\/100 tox|[from] psn\n|upkeep\n|turn|4\n|\n|t:|1701015913\n|switch|p1a: Gliscor|Gliscor, M|100\/100 tox\n|move|p2a: Great Tusk|Stealth Rock|p1a: Gliscor\n|-sidestart|p1: jkljlkh|move: Stealth Rock\n|\n|-heal|p2a: Great Tusk|100\/100 tox|[from] item: Leftovers\n|-damage|p2a: Great Tusk|88\/100 tox|[from] psn\n|upkeep\n|turn|5\n|\n|t:|1701015918\n|move|p1a: Gliscor|Protect|p1a: Gliscor\n|-singleturn|p1a: Gliscor|Protect\n|move|p2a: Great Tusk|Ice Spinner|p1a: Gliscor\n|-activate|p1a: Gliscor|move: Protect\n|\n|-heal|p2a: Great Tusk|94\/100 tox|[from] item: Leftovers\n|-damage|p2a: Great Tusk|76\/100 tox|[from] psn\n|upkeep\n|turn|6\n|\n|t:|1701015924\n|-end|p2a: Great Tusk|Protosynthesis|[silent]\n|switch|p2a: Iron Valiant|Iron Valiant|100\/100\n|switch|p1a: Toxapex|Toxapex, F|80\/100\n|\n|upkeep\n|turn|7\n|\n|t:|1701015928\n|-end|p2a: Iron Valiant|Quark Drive|[silent]\n|switch|p2a: Aegislash|Aegislash, F, shiny|100\/100\n|move|p1a: Toxapex|Toxic|p2a: Aegislash\n|-immune|p2a: Aegislash\n|\n|upkeep\n|turn|8\n|\n|t:|1701015930\n|-formechange|p2a: Aegislash|Aegislash-Blade||[from] ability: Stance Change\n|move|p2a: Aegislash|Shadow Ball|p1a: Toxapex\n|-damage|p1a: Toxapex|41\/100\n|move|p1a: Toxapex|Knock Off|p2a: Aegislash\n|-supereffective|p2a: Aegislash\n|-damage|p2a: Aegislash|62\/100\n|\n|upkeep\n|turn|9\n|\n|t:|1701015937\n|switch|p1a: Gliscor|Gliscor, M|100\/100 tox\n|-damage|p1a: Gliscor|88\/100 tox|[from] Stealth Rock\n|move|p2a: Aegislash|Close Combat|p1a: Gliscor\n|-resisted|p1a: Gliscor\n|-damage|p1a: Gliscor|76\/100 tox\n|-unboost|p2a: Aegislash|def|1\n|-unboost|p2a: Aegislash|spd|1\n|\n|-heal|p1a: Gliscor|89\/100 tox|[from] ability: Poison Heal\n|upkeep\n|turn|10\n|\n|t:|1701015942\n|switch|p2a: Ferrothorn|Ferrothorn, M|100\/100\n|move|p1a: Gliscor|Earthquake|p2a: Ferrothorn\n|-damage|p2a: Ferrothorn|75\/100\n|\n|-heal|p2a: Ferrothorn|81\/100|[from] item: Leftovers\n|-heal|p1a: Gliscor|100\/100 tox|[from] ability: Poison Heal\n|upkeep\n|turn|11\n|\n|t:|1701015945\n|move|p1a: Gliscor|Protect|p1a: Gliscor\n|-singleturn|p1a: Gliscor|Protect\n|move|p2a: Ferrothorn|Leech Seed|p1a: Gliscor\n|-activate|p1a: Gliscor|move: Protect\n|\n|-heal|p2a: Ferrothorn|87\/100|[from] item: Leftovers\n|upkeep\n|turn|12\n|\n|t:|1701015948\n|switch|p1a: Toxapex|Toxapex, F|74\/100\n|move|p2a: Ferrothorn|Leech Seed|p1a: Toxapex\n|-start|p1a: Toxapex|move: Leech Seed\n|\n|-heal|p2a: Ferrothorn|94\/100|[from] item: Leftovers\n|-damage|p1a: Toxapex|62\/100|[from] Leech Seed|[of] p2a: Ferrothorn\n|-heal|p2a: Ferrothorn|100\/100|[silent]\n|upkeep\n|turn|13\n|\n|t:|1701015952\n|switch|p1a: Corviknight|Corviknight, F|100\/100\n|-damage|p1a: Corviknight|88\/100|[from] Stealth Rock\n|-ability|p1a: Corviknight|Pressure\n|switch|p2a: Aegislash|Aegislash, F, shiny|62\/100\n|\n|-heal|p1a: Corviknight|94\/100|[from] item: Leftovers\n|upkeep\n|turn|14\n|\n|t:|1701015954\n|-formechange|p2a: Aegislash|Aegislash-Blade||[from] ability: Stance Change\n|move|p2a: Aegislash|Shadow Ball|p1a: Corviknight\n|-damage|p1a: Corviknight|59\/100\n|move|p1a: Corviknight|Defog|p2a: Aegislash\n|-unboost|p2a: Aegislash|evasion|1\n|-sideend|p1: jkljlkh|Stealth Rock|[from] move: Defog|[of] p1a: Corviknight\n|\n|-heal|p1a: Corviknight|65\/100|[from] item: Leftovers\n|upkeep\n|turn|15\n|j| NicksRokaya\n|\n|t:|1701015959\n|move|p1a: Corviknight|Protect|p1a: Corviknight\n|-singleturn|p1a: Corviknight|Protect\n|move|p2a: Aegislash|Shadow Ball|p1a: Corviknight\n|-activate|p1a: Corviknight|move: Protect\n|\n|-heal|p1a: Corviknight|71\/100|[from] item: Leftovers\n|upkeep\n|turn|16\n|\n|t:|1701015962\n|switch|p1a: Gliscor|Gliscor, M|100\/100 tox\n|move|p2a: Aegislash|Shadow Ball|p1a: Gliscor\n|-damage|p1a: Gliscor|45\/100 tox\n|\n|-heal|p1a: Gliscor|58\/100 tox|[from] ability: Poison Heal\n|upkeep\n|turn|17\n|\n|t:|1701015971\n|switch|p2a: Ferrothorn|Ferrothorn, M|100\/100\n|move|p1a: Gliscor|Earthquake|p2a: Ferrothorn\n|-damage|p2a: Ferrothorn|74\/100\n|\n|-heal|p2a: Ferrothorn|80\/100|[from] item: Leftovers\n|-heal|p1a: Gliscor|70\/100 tox|[from] ability: Poison Heal\n|upkeep\n|turn|18\n|\n|t:|1701015973\n|move|p1a: Gliscor|Protect|p1a: Gliscor\n|-singleturn|p1a: Gliscor|Protect\n|move|p2a: Ferrothorn|Leech Seed|p1a: Gliscor\n|-activate|p1a: Gliscor|move: Protect\n|\n|-heal|p2a: Ferrothorn|87\/100|[from] item: Leftovers\n|-heal|p1a: Gliscor|83\/100 tox|[from] ability: Poison Heal\n|upkeep\n|turn|19\n|\n|t:|1701015976\n|switch|p1a: Corviknight|Corviknight, F|71\/100\n|-ability|p1a: Corviknight|Pressure\n|move|p2a: Ferrothorn|Spikes|p1a: Corviknight\n|-sidestart|p1: jkljlkh|Spikes\n|\n|-heal|p1a: Corviknight|78\/100|[from] item: Leftovers\n|-heal|p2a: Ferrothorn|93\/100|[from] item: Leftovers\n|upkeep\n|turn|20\n|\n|t:|1701015986\n|move|p1a: Corviknight|Protect|p1a: Corviknight\n|-singleturn|p1a: Corviknight|Protect\n|move|p2a: Ferrothorn|Leech Seed|p1a: Corviknight\n|-activate|p1a: Corviknight|move: Protect\n|\n|-heal|p1a: Corviknight|84\/100|[from] item: Leftovers\n|-heal|p2a: Ferrothorn|99\/100|[from] item: Leftovers\n|upkeep\n|turn|21\n|\n|t:|1701015988\n|switch|p1a: Toxapex|Toxapex, F|96\/100\n|move|p2a: Ferrothorn|Spikes|p1a: Toxapex\n|-sidestart|p1: jkljlkh|Spikes\n|\n|-heal|p2a: Ferrothorn|100\/100|[from] item: Leftovers\n|upkeep\n|turn|22\n|\n|t:|1701015992\n|move|p1a: Toxapex|Knock Off|p2a: Ferrothorn\n|-damage|p2a: Ferrothorn|89\/100\n|-damage|p1a: Toxapex|83\/100|[from] ability: Iron Barbs|[of] p2a: Ferrothorn\n|-enditem|p2a: Ferrothorn|Leftovers|[from] move: Knock Off|[of] p1a: Toxapex\n|move|p2a: Ferrothorn|Leech Seed|p1a: Toxapex\n|-start|p1a: Toxapex|move: Leech Seed\n|\n|-damage|p1a: Toxapex|71\/100|[from] Leech Seed|[of] p2a: Ferrothorn\n|-heal|p2a: Ferrothorn|99\/100|[silent]\n|upkeep\n|turn|23\n|\n|t:|1701015997\n|switch|p1a: Gliscor|Gliscor, M|83\/100 tox\n|switch|p2a: Iron Valiant|Iron Valiant|100\/100\n|\n|-heal|p1a: Gliscor|95\/100 tox|[from] ability: Poison Heal\n|upkeep\n|turn|24\n|\n|t:|1701016003\n|move|p1a: Gliscor|Protect|p1a: Gliscor\n|-singleturn|p1a: Gliscor|Protect\n|move|p2a: Iron Valiant|Moonblast|p1a: Gliscor\n|-activate|p1a: Gliscor|move: Protect\n|\n|-heal|p1a: Gliscor|100\/100 tox|[from] ability: Poison Heal\n|upkeep\n|turn|25\n|\n|t:|1701016005\n|switch|p1a: Toxapex|Toxapex, F|100\/100\n|move|p2a: Iron Valiant|Moonblast|p1a: Toxapex\n|-resisted|p1a: Toxapex\n|-damage|p1a: Toxapex|80\/100\n|-damage|p2a: Iron Valiant|91\/100|[from] item: Life Orb\n|\n|upkeep\n|turn|26\n|\n|t:|1701016009\n|-end|p2a: Iron Valiant|Quark Drive|[silent]\n|switch|p2a: Aegislash|Aegislash, F, shiny|62\/100\n|move|p1a: Toxapex|Toxic|p2a: Aegislash\n|-immune|p2a: Aegislash\n|\n|upkeep\n|turn|27\n|\n|t:|1701016012\n|switch|p1a: Gliscor|Gliscor, M|100\/100 tox\n|-formechange|p2a: Aegislash|Aegislash-Blade||[from] ability: Stance Change\n|move|p2a: Aegislash|Shadow Ball|p1a: Gliscor\n|-damage|p1a: Gliscor|42\/100 tox\n|\n|-heal|p1a: Gliscor|54\/100 tox|[from] ability: Poison Heal\n|upkeep\n|turn|28\n|\n|t:|1701016015\n|move|p1a: Gliscor|Spikes|p2a: Aegislash\n|-sidestart|p2: The Np sweep|Spikes\n|-zpower|p2a: Aegislash\n|move|p2a: Aegislash|Never-Ending Nightmare|p1a: Gliscor|[zeffect]\n|-damage|p1a: Gliscor|0 fnt\n|faint|p1a: Gliscor\n|\n|upkeep\n|\n|t:|1701016018\n|switch|p1a: Tyranitar|Tyranitar, F|100\/100\n|-damage|p1a: Tyranitar|84\/100|[from] Spikes\n|-weather|Sandstorm|[from] ability: Sand Stream|[of] p1a: Tyranitar\n|turn|29\n|\n|t:|1701016021\n|detailschange|p1a: Tyranitar|Tyranitar-Mega, F\n|-mega|p1a: Tyranitar|Tyranitar|Tyranitarite\n|-formechange|p2a: Aegislash|Aegislash||[from] ability: Stance Change\n|move|p2a: Aegislash|King's Shield|p2a: Aegislash\n|-singleturn|p2a: Aegislash|Protect\n|move|p1a: Tyranitar|Pursuit|p2a: Aegislash\n|-activate|p2a: Aegislash|move: Protect\n|-unboost|p1a: Tyranitar|atk|1\n|\n|-weather|Sandstorm|[upkeep]\n|upkeep\n|turn|30\n|\n|t:|1701016026\n|move|p1a: Tyranitar|Knock Off|p2a: Aegislash\n|-supereffective|p2a: Aegislash\n|-damage|p2a: Aegislash|16\/100\n|-formechange|p2a: Aegislash|Aegislash-Blade||[from] ability: Stance Change\n|move|p2a: Aegislash|Close Combat|p1a: Tyranitar\n|-supereffective|p1a: Tyranitar\n|-damage|p1a: Tyranitar|2\/100\n|-unboost|p2a: Aegislash|def|1\n|-unboost|p2a: Aegislash|spd|1\n|\n|-weather|Sandstorm|[upkeep]\n|upkeep\n|turn|31\n|\n|t:|1701016033\n|switch|p1a: Toxapex|Toxapex, F|100\/100\n|move|p2a: Aegislash|Shadow Sneak|p1a: Toxapex\n|-damage|p1a: Toxapex|89\/100\n|\n|-weather|Sandstorm|[upkeep]\n|-damage|p1a: Toxapex|83\/100|[from] Sandstorm\n|upkeep\n|turn|32\n|j| RedFRLG2004\n|\n|t:|1701016036\n|switch|p2a: Ferrothorn|Ferrothorn, M|99\/100\n|-damage|p2a: Ferrothorn|87\/100|[from] Spikes\n|move|p1a: Toxapex|Knock Off|p2a: Ferrothorn\n|-crit|p2a: Ferrothorn\n|-damage|p2a: Ferrothorn|75\/100\n|-damage|p1a: Toxapex|70\/100|[from] ability: Iron Barbs|[of] p2a: Ferrothorn\n|\n|-weather|Sandstorm|[upkeep]\n|-damage|p1a: Toxapex|65\/100|[from] Sandstorm\n|upkeep\n|turn|33\n|\n|t:|1701016039\n|switch|p1a: Corviknight|Corviknight, F|84\/100\n|-ability|p1a: Corviknight|Pressure\n|move|p2a: Ferrothorn|Leech Seed|p1a: Corviknight\n|-start|p1a: Corviknight|move: Leech Seed\n|\n|-weather|none\n|-heal|p1a: Corviknight|90\/100|[from] item: Leftovers\n|-damage|p1a: Corviknight|78\/100|[from] Leech Seed|[of] p2a: Ferrothorn\n|-heal|p2a: Ferrothorn|89\/100|[silent]\n|upkeep\n|turn|34\n|l| RedFRLG2004\n|\n|t:|1701016043\n|switch|p2a: Kyurem|Kyurem, shiny|100\/100\n|-damage|p2a: Kyurem|88\/100|[from] Spikes\n|-ability|p2a: Kyurem|Pressure\n|move|p1a: Corviknight|Defog|p2a: Kyurem\n|-unboost|p2a: Kyurem|evasion|1\n|-sideend|p2: The Np sweep|Spikes|[from] move: Defog|[of] p1a: Corviknight\n|-sideend|p1: jkljlkh|Spikes|[from] move: Defog|[of] p1a: Corviknight\n|\n|-heal|p1a: Corviknight|84\/100|[from] item: Leftovers\n|-damage|p1a: Corviknight|71\/100|[from] Leech Seed|[of] p2a: Kyurem\n|-heal|p2a: Kyurem|100\/100|[silent]\n|upkeep\n|turn|35\n|\n|t:|1701016048\n|switch|p2a: Iron Valiant|Iron Valiant|91\/100\n|move|p1a: Corviknight|Protect||[still]\n|-fail|p1a: Corviknight\n|\n|-heal|p1a: Corviknight|78\/100|[from] item: Leftovers\n|-damage|p1a: Corviknight|65\/100|[from] Leech Seed|[of] p2a: Iron Valiant\n|-heal|p2a: Iron Valiant|100\/100|[silent]\n|upkeep\n|turn|36\n|\n|t:|1701016052\n|switch|p1a: Toxapex|Toxapex, F|98\/100\n|move|p2a: Iron Valiant|Close Combat|p1a: Toxapex\n|-resisted|p1a: Toxapex\n|-damage|p1a: Toxapex|73\/100\n|-unboost|p2a: Iron Valiant|def|1\n|-unboost|p2a: Iron Valiant|spd|1\n|-damage|p2a: Iron Valiant|91\/100|[from] item: Life Orb\n|\n|upkeep\n|turn|37\n|\n|t:|1701016058\n|-end|p2a: Iron Valiant|Quark Drive|[silent]\n|switch|p2a: Great Tusk|Great Tusk|76\/100 tox\n|move|p1a: Toxapex|Baneful Bunker||[still]\n|-fail|p1a: Toxapex\n|\n|-heal|p2a: Great Tusk|82\/100 tox|[from] item: Leftovers\n|-damage|p2a: Great Tusk|76\/100 tox|[from] psn\n|upkeep\n|turn|38\n|\n|t:|1701016059\n|move|p2a: Great Tusk|Stealth Rock|p1a: Toxapex\n|-sidestart|p1: jkljlkh|move: Stealth Rock\n|move|p1a: Toxapex|Knock Off|p2a: Great Tusk\n|-resisted|p2a: Great Tusk\n|-damage|p2a: Great Tusk|72\/100 tox\n|-enditem|p2a: Great Tusk|Leftovers|[from] move: Knock Off|[of] p1a: Toxapex\n|\n|-damage|p2a: Great Tusk|59\/100 tox|[from] psn\n|upkeep\n|turn|39\n|\n|t:|1701016064\n|-end|p2a: Great Tusk|Protosynthesis|[silent]\n|switch|p2a: Iron Valiant|Iron Valiant|91\/100\n|move|p1a: Toxapex|Baneful Bunker||[still]\n|-fail|p1a: Toxapex\n|\n|upkeep\n|turn|40\n|\n|t:|1701016068\n|-end|p2a: Iron Valiant|Quark Drive|[silent]\n|switch|p2a: Aegislash|Aegislash, F, shiny|16\/100\n|move|p1a: Toxapex|Toxic|p2a: Aegislash\n|-immune|p2a: Aegislash\n|\n|upkeep\n|turn|41\n|\n|t:|1701016070\n|-formechange|p2a: Aegislash|Aegislash-Blade||[from] ability: Stance Change\n|move|p2a: Aegislash|Shadow Ball|p1a: Toxapex\n|-damage|p1a: Toxapex|38\/100\n|move|p1a: Toxapex|Knock Off|p2a: Aegislash\n|-supereffective|p2a: Aegislash\n|-damage|p2a: Aegislash|0 fnt\n|faint|p2a: Aegislash\n|\n|upkeep\n|\n|t:|1701016072\n|switch|p2a: Iron Valiant|Iron Valiant|91\/100\n|turn|42\n|\n|t:|1701016074\n|move|p1a: Toxapex|Baneful Bunker|p1a: Toxapex\n|-singleturn|p1a: Toxapex|move: Protect\n|move|p2a: Iron Valiant|Psychic|p1a: Toxapex\n|-activate|p1a: Toxapex|move: Protect\n|\n|upkeep\n|turn|43\n|j| RedFRLG2004\n|\n|t:|1701016084\n|switch|p1a: Tyranitar|Tyranitar-Mega, F|2\/100\n|-damage|p1a: Tyranitar|0 fnt|[from] Stealth Rock\n|faint|p1a: Tyranitar\n|-terastallize|p2a: Iron Valiant|Fighting\n|move|p2a: Iron Valiant|Close Combat|p1: Tyranitar|[notarget]\n|-fail|p2a: Iron Valiant\n|\n|upkeep\n|\n|t:|1701016086\n|switch|p1a: Toxapex|Toxapex, F|72\/100\n|turn|44\n|\n|t:|1701016089\n|-end|p2a: Iron Valiant|Quark Drive|[silent]\n|switch|p2a: Ferrothorn|Ferrothorn, M|89\/100\n|move|p1a: Toxapex|Toxic|p2a: Ferrothorn\n|-immune|p2a: Ferrothorn\n|\n|upkeep\n|turn|45\n|\n|t:|1701016091\n|switch|p1a: Corviknight|Corviknight, F|65\/100\n|-damage|p1a: Corviknight|53\/100|[from] Stealth Rock\n|-ability|p1a: Corviknight|Pressure\n|move|p2a: Ferrothorn|Leech Seed|p1a: Corviknight\n|-start|p1a: Corviknight|move: Leech Seed\n|\n|-heal|p1a: Corviknight|59\/100|[from] item: Leftovers\n|-damage|p1a: Corviknight|46\/100|[from] Leech Seed|[of] p2a: Ferrothorn\n|-heal|p2a: Ferrothorn|100\/100|[silent]\n|upkeep\n|turn|46\n|\n|t:|1701016094\n|switch|p2a: Iron Valiant|Iron Valiant, tera:Fighting|91\/100\n|move|p1a: Corviknight|Roost|p1a: Corviknight\n|-heal|p1a: Corviknight|96\/100\n|-singleturn|p1a: Corviknight|move: Roost\n|\n|-heal|p1a: Corviknight|100\/100|[from] item: Leftovers\n|-damage|p1a: Corviknight|88\/100|[from] Leech Seed|[of] p2a: Iron Valiant\n|-heal|p2a: Iron Valiant|100\/100|[silent]\n|upkeep\n|turn|47\n|\n|t:|1701016097\n|switch|p1a: Toxapex|Toxapex, F|100\/100\n|move|p2a: Iron Valiant|Close Combat|p1a: Toxapex\n|-resisted|p1a: Toxapex\n|-damage|p1a: Toxapex|65\/100\n|-unboost|p2a: Iron Valiant|def|1\n|-unboost|p2a: Iron Valiant|spd|1\n|-damage|p2a: Iron Valiant|91\/100|[from] item: Life Orb\n|\n|upkeep\n|turn|48\n|j| craw me maybe\n|\n|t:|1701016105\n|move|p1a: Toxapex|Baneful Bunker|p1a: Toxapex\n|-singleturn|p1a: Toxapex|move: Protect\n|move|p2a: Iron Valiant|Psychic|p1a: Toxapex\n|-activate|p1a: Toxapex|move: Protect\n|\n|upkeep\n|turn|49\n|\n|t:|1701016112\n|-terastallize|p1a: Toxapex|Psychic\n|move|p2a: Iron Valiant|Psychic|p1a: Toxapex\n|-resisted|p1a: Toxapex\n|-damage|p1a: Toxapex|51\/100\n|-damage|p2a: Iron Valiant|81\/100|[from] item: Life Orb\n|move|p1a: Toxapex|Toxic|p2a: Iron Valiant\n|-status|p2a: Iron Valiant|tox\n|\n|-damage|p2a: Iron Valiant|75\/100 tox|[from] psn\n|upkeep\n|turn|50\n|\n|t:|1701016119\n|-end|p2a: Iron Valiant|Quark Drive|[silent]\n|switch|p2a: Kyurem|Kyurem, shiny|100\/100\n|-ability|p2a: Kyurem|Pressure\n|move|p1a: Toxapex|Baneful Bunker||[still]\n|-fail|p1a: Toxapex\n|\n|upkeep\n|turn|51\n|\n|t:|1701016122\n|move|p1a: Toxapex|Baneful Bunker|p1a: Toxapex\n|-singleturn|p1a: Toxapex|move: Protect\n|move|p2a: Kyurem|Draco Meteor|p1a: Toxapex\n|-activate|p1a: Toxapex|move: Protect\n|\n|upkeep\n|turn|52\n|\n|t:|1701016125\n|switch|p2a: Iron Valiant|Iron Valiant, tera:Fighting|75\/100 tox\n|switch|p1a: Corviknight|Corviknight, F|88\/100\n|-damage|p1a: Corviknight|75\/100|[from] Stealth Rock\n|-ability|p1a: Corviknight|Pressure\n|\n|-heal|p1a: Corviknight|82\/100|[from] item: Leftovers\n|-damage|p2a: Iron Valiant|69\/100 tox|[from] psn\n|upkeep\n|turn|53\n|l| RedFRLG2004\n|\n|t:|1701016130\n|-end|p2a: Iron Valiant|Quark Drive|[silent]\n|switch|p2a: Kyurem|Kyurem, shiny|100\/100\n|-ability|p2a: Kyurem|Pressure\n|move|p1a: Corviknight|Protect||[still]\n|-fail|p1a: Corviknight\n|\n|-heal|p1a: Corviknight|88\/100|[from] item: Leftovers\n|upkeep\n|turn|54\n|\n|t:|1701016133\n|move|p1a: Corviknight|Protect|p1a: Corviknight\n|-singleturn|p1a: Corviknight|Protect\n|move|p2a: Kyurem|Ice Beam|p1a: Corviknight\n|-activate|p1a: Corviknight|move: Protect\n|\n|-heal|p1a: Corviknight|94\/100|[from] item: Leftovers\n|upkeep\n|turn|55\n|\n|t:|1701016136\n|switch|p1a: Blissey|Blissey, F|100\/100\n|move|p2a: Kyurem|Ice Beam|p1a: Blissey\n|-damage|p1a: Blissey|81\/100\n|\n|upkeep\n|turn|56\n|\n|t:|1701016138\n|switch|p2a: Ferrothorn|Ferrothorn, M|100\/100\n|move|p1a: Blissey|Stealth Rock|p2a: Ferrothorn\n|-sidestart|p2: The Np sweep|move: Stealth Rock\n|\n|upkeep\n|turn|57\n|\n|t:|1701016141\n|switch|p1a: Corviknight|Corviknight, F|94\/100\n|-damage|p1a: Corviknight|82\/100|[from] Stealth Rock\n|-ability|p1a: Corviknight|Pressure\n|move|p2a: Ferrothorn|Spikes|p1a: Corviknight\n|-sidestart|p1: jkljlkh|Spikes\n|\n|-heal|p1a: Corviknight|88\/100|[from] item: Leftovers\n|upkeep\n|turn|58\n|\n|t:|1701016145\n|move|p1a: Corviknight|Defog|p2a: Ferrothorn\n|-unboost|p2a: Ferrothorn|evasion|1\n|-sideend|p2: The Np sweep|Stealth Rock|[from] move: Defog|[of] p1a: Corviknight\n|-sideend|p1: jkljlkh|Spikes|[from] move: Defog|[of] p1a: Corviknight\n|-sideend|p1: jkljlkh|Stealth Rock|[from] move: Defog|[of] p1a: Corviknight\n|move|p2a: Ferrothorn|Spikes|p1a: Corviknight\n|-sidestart|p1: jkljlkh|Spikes\n|\n|-heal|p1a: Corviknight|94\/100|[from] item: Leftovers\n|upkeep\n|turn|59\n|\n|t:|1701016149\n|switch|p1a: Toxapex|Toxapex, F, tera:Psychic|84\/100\n|move|p2a: Ferrothorn|Spikes|p1a: Toxapex\n|-sidestart|p1: jkljlkh|Spikes\n|\n|upkeep\n|turn|60\n|\n|t:|1701016152\n|switch|p1a: Corviknight|Corviknight, F|94\/100\n|-ability|p1a: Corviknight|Pressure\n|move|p2a: Ferrothorn|Leech Seed|p1a: Corviknight\n|-start|p1a: Corviknight|move: Leech Seed\n|\n|-heal|p1a: Corviknight|100\/100|[from] item: Leftovers\n|-damage|p1a: Corviknight|88\/100|[from] Leech Seed|[of] p2a: Ferrothorn\n|upkeep\n|turn|61\n|\n|t:|1701016155\n|switch|p1a: Toxapex|Toxapex, F, tera:Psychic|100\/100\n|move|p2a: Ferrothorn|Spikes|p1a: Toxapex\n|-sidestart|p1: jkljlkh|Spikes\n|\n|upkeep\n|turn|62\n|\n|t:|1701016159\n|switch|p1a: Corviknight|Corviknight, F|88\/100\n|-ability|p1a: Corviknight|Pressure\n|switch|p2a: Kyurem|Kyurem, shiny|100\/100\n|-ability|p2a: Kyurem|Pressure\n|\n|-heal|p1a: Corviknight|94\/100|[from] item: Leftovers\n|upkeep\n|turn|63\n|\n|t:|1701016162\n|move|p2a: Kyurem|Ice Beam|p1a: Corviknight\n|-damage|p1a: Corviknight|50\/100\n|move|p1a: Corviknight|Iron Head|p2a: Kyurem\n|-supereffective|p2a: Kyurem\n|-damage|p2a: Kyurem|53\/100\n|\n|-heal|p1a: Corviknight|56\/100|[from] item: Leftovers\n|upkeep\n|turn|64\n|\n|t:|1701016164\n|move|p1a: Corviknight|Protect|p1a: Corviknight\n|-singleturn|p1a: Corviknight|Protect\n|move|p2a: Kyurem|Ice Beam|p1a: Corviknight\n|-activate|p1a: Corviknight|move: Protect\n|\n|-heal|p1a: Corviknight|62\/100|[from] item: Leftovers\n|upkeep\n|turn|65\n|\n|t:|1701016166\n|switch|p1a: Blissey|Blissey, F|81\/100\n|move|p2a: Kyurem|Ice Beam|p1a: Blissey\n|-damage|p1a: Blissey|62\/100\n|\n|upkeep\n|turn|66\n|\n|t:|1701016171\n|switch|p2a: Great Tusk|Great Tusk|59\/100 tox\n|move|p1a: Blissey|Soft-Boiled|p1a: Blissey\n|-heal|p1a: Blissey|100\/100\n|\n|-damage|p2a: Great Tusk|53\/100 tox|[from] psn\n|upkeep\n|turn|67\n|\n|t:|1701016180\n|-end|p2a: Great Tusk|Protosynthesis|[silent]\n|switch|p2a: Kyurem|Kyurem, shiny|53\/100\n|-ability|p2a: Kyurem|Pressure\n|switch|p1a: Corviknight|Corviknight, F|62\/100\n|-ability|p1a: Corviknight|Pressure\n|\n|-heal|p1a: Corviknight|68\/100|[from] item: Leftovers\n|upkeep\n|turn|68\n|\n|t:|1701016189\n|move|p1a: Corviknight|Protect|p1a: Corviknight\n|-singleturn|p1a: Corviknight|Protect\n|move|p2a: Kyurem|Freeze-Dry|p1a: Corviknight\n|-activate|p1a: Corviknight|move: Protect\n|\n|-heal|p1a: Corviknight|75\/100|[from] item: Leftovers\n|upkeep\n|turn|69\n|\n|t:|1701016197\n|move|p2a: Kyurem|Freeze-Dry|p1a: Corviknight\n|-damage|p1a: Corviknight|36\/100\n|move|p1a: Corviknight|Iron Head|p2a: Kyurem\n|-supereffective|p2a: Kyurem\n|-damage|p2a: Kyurem|8\/100\n|\n|-heal|p1a: Corviknight|43\/100|[from] item: Leftovers\n|upkeep\n|turn|70\n|\n|t:|1701016204\n|switch|p2a: Iron Valiant|Iron Valiant, tera:Fighting|69\/100 tox\n|move|p1a: Corviknight|Protect||[still]\n|-fail|p1a: Corviknight\n|\n|-heal|p1a: Corviknight|49\/100|[from] item: Leftovers\n|-damage|p2a: Iron Valiant|62\/100 tox|[from] psn\n|upkeep\n|turn|71\n|\n|t:|1701016206\n|move|p1a: Corviknight|Protect|p1a: Corviknight\n|-singleturn|p1a: Corviknight|Protect\n|move|p2a: Iron Valiant|Close Combat|p1a: Corviknight\n|-activate|p1a: Corviknight|move: Protect\n|\n|-heal|p1a: Corviknight|55\/100|[from] item: Leftovers\n|-damage|p2a: Iron Valiant|50\/100 tox|[from] psn\n|upkeep\n|turn|72\n|\n|t:|1701016209\n|switch|p1a: Toxapex|Toxapex, F, tera:Psychic|100\/100\n|move|p2a: Iron Valiant|Knock Off|p1a: Toxapex\n|-supereffective|p1a: Toxapex\n|-damage|p1a: Toxapex|51\/100\n|-enditem|p1a: Toxapex|Heavy-Duty Boots|[from] move: Knock Off|[of] p2a: Iron Valiant\n|-damage|p2a: Iron Valiant|40\/100 tox|[from] item: Life Orb\n|\n|-damage|p2a: Iron Valiant|22\/100 tox|[from] psn\n|upkeep\n|turn|73\n|\n|t:|1701016216\n|move|p1a: Toxapex|Baneful Bunker|p1a: Toxapex\n|-singleturn|p1a: Toxapex|move: Protect\n|move|p2a: Iron Valiant|Moonblast|p1a: Toxapex\n|-activate|p1a: Toxapex|move: Protect\n|\n|-damage|p2a: Iron Valiant|0 fnt|[from] psn\n|faint|p2a: Iron Valiant\n|-end|p2a: Iron Valiant|Quark Drive|[silent]\n|upkeep\n|\n|t:|1701016220\n|switch|p2a: Kyurem|Kyurem, shiny|8\/100\n|-ability|p2a: Kyurem|Pressure\n|turn|74\n|\n|t:|1701016224\n|switch|p1a: Blissey|Blissey, F|100\/100\n|move|p2a: Kyurem|Draco Meteor|p1a: Blissey|[miss]\n|-miss|p2a: Kyurem|p1a: Blissey\n|\n|upkeep\n|turn|75\n|\n|t:|1701016230\n|switch|p2a: Tapu Lele|Tapu Lele, shiny|100\/100\n|-fieldstart|move: Psychic Terrain|[from] ability: Psychic Surge|[of] p2a: Tapu Lele\n|move|p1a: Blissey|Seismic Toss|p2a: Tapu Lele\n|-damage|p2a: Tapu Lele|65\/100\n|\n|upkeep\n|turn|76\n|\n|t:|1701016233\n|switch|p1a: Toxapex|Toxapex, F, tera:Psychic|84\/100\n|-damage|p1a: Toxapex|59\/100|[from] Spikes\n|move|p2a: Tapu Lele|Psyshock|p1a: Toxapex\n|-resisted|p1a: Toxapex\n|-damage|p1a: Toxapex|43\/100\n|\n|upkeep\n|turn|77\n|\n|t:|1701016237\n|switch|p2a: Ferrothorn|Ferrothorn, M|100\/100\n|move|p1a: Toxapex|Recover|p1a: Toxapex\n|-heal|p1a: Toxapex|93\/100\n|\n|upkeep\n|turn|78\n|\n|t:|1701016241\n|switch|p1a: Corviknight|Corviknight, F|55\/100\n|-ability|p1a: Corviknight|Pressure\n|switch|p2a: Kyurem|Kyurem, shiny|8\/100\n|-ability|p2a: Kyurem|Pressure\n|\n|-heal|p1a: Corviknight|61\/100|[from] item: Leftovers\n|upkeep\n|turn|79\n|\n|t:|1701016243\n|move|p1a: Corviknight|Protect|p1a: Corviknight\n|-singleturn|p1a: Corviknight|Protect\n|move|p2a: Kyurem|Ice Beam|p1a: Corviknight\n|-activate|p1a: Corviknight|move: Protect\n|\n|-heal|p1a: Corviknight|68\/100|[from] item: Leftovers\n|-fieldend|move: Psychic Terrain\n|upkeep\n|turn|80\n|\n|t:|1701016246\n|switch|p1a: Blissey|Blissey, F|100\/100\n|move|p2a: Kyurem|Ice Beam|p1a: Blissey\n|-damage|p1a: Blissey|80\/100\n|-status|p1a: Blissey|frz\n|\n|upkeep\n|turn|81\n|\n|t:|1701016250\n|switch|p2a: Tapu Lele|Tapu Lele, shiny|65\/100\n|-fieldstart|move: Psychic Terrain|[from] ability: Psychic Surge|[of] p2a: Tapu Lele\n|-curestatus|p1a: Blissey|frz|[from] ability: Natural Cure\n|switch|p1a: Dondozo|Dondozo, M|100\/100\n|\n|upkeep\n|turn|82\n|\n|t:|1701016255\n|switch|p1a: Toxapex|Toxapex, F, tera:Psychic|100\/100\n|-damage|p1a: Toxapex|76\/100|[from] Spikes\n|move|p2a: Tapu Lele|Psychic|p1a: Toxapex\n|-resisted|p1a: Toxapex\n|-damage|p1a: Toxapex|53\/100\n|\n|upkeep\n|turn|83\n|-message|The Np sweep forfeited.\n|\n|win|jkljlkh\n|raw|jkljlkh's rating: 1889 &rarr; <strong>1912<\/strong><br \/>(+23 for winning)\n|raw|The Np sweep's rating: 1945 &rarr; <strong>1922<\/strong><br \/>(-23 for losing)\n|l|\u203dThe Np sweep\n|c|\u2606jkljlkh|gg\n","uploadtime":1701016263,"views":15,"p1id":"jkljlkh","p2id":"thenpsweep","formatid":"gen9nationaldex","rating":1912,"private":0,"password":""}