{"id":"gen9nationaldex-1990084547","p1":"mrSetekh","p2":"water_pickle","format":"[Gen 9] National Dex","log":"|j|\u2606mrSetekh\n|j|\u2606water_pickle\n|t:|1699922870\n|gametype|singles\n|player|p1|mrSetekh|n|1116\n|player|p2|water_pickle|1|1048\n|teamsize|p1|6\n|teamsize|p2|6\n|gen|9\n|tier|[Gen 9] National Dex\n|rated|\n|rule|HP Percentage Mod: HP is shown in percentages\n|rule|Endless Battle Clause: Forcing endless battles is banned\n|rule|OHKO Clause: OHKO moves are banned\n|rule|Evasion Clause: Evasion abilities, items, and moves are banned\n|rule|Evasion Abilities Clause: Evasion abilities are banned\n|rule|Evasion Items Clause: Evasion items are banned\n|rule|Evasion Moves Clause: Evasion moves are banned\n|rule|Species Clause: Limit one of each Pok\u00e9mon\n|rule|Sleep Clause Mod: Limit one foe put to sleep\n|clearpoke\n|poke|p1|Venusaur, M|\n|poke|p1|Ferrothorn, M|\n|poke|p1|Breloom, M|\n|poke|p1|Ludicolo, M|\n|poke|p1|Cradily, F|\n|poke|p1|Rillaboom, M|\n|poke|p2|Ninetales-Alola, F|\n|poke|p2|Pikachu, F|\n|poke|p2|Jirachi|\n|poke|p2|Dragonite, M|\n|poke|p2|Sharpedo, M|\n|poke|p2|Dodrio, F|\n|teampreview\n|inactive|Battle timer is ON: inactive players will automatically lose when time's up. (requested by water_pickle)\n|c|\u2606water_pickle|this is not monotype\n|c|\u2606mrSetekh|why\n|\n|t:|1699922903\n|start\n|switch|p1a: Ferrothorn|Ferrothorn, M|100\/100\n|switch|p2a: Ninetales|Ninetales-Alola, F|100\/100\n|-weather|Snow|[from] ability: Snow Warning|[of] p2a: Ninetales\n|turn|1\n|\n|t:|1699922911\n|move|p2a: Ninetales|Aurora Veil|p2a: Ninetales\n|-sidestart|p2: water_pickle|move: Aurora Veil\n|move|p1a: Ferrothorn|Stealth Rock|p2a: Ninetales\n|-sidestart|p2: water_pickle|move: Stealth Rock\n|\n|-weather|Snow|[upkeep]\n|upkeep\n|turn|2\n|\n|t:|1699922916\n|move|p2a: Ninetales|Encore|p1a: Ferrothorn\n|-start|p1a: Ferrothorn|Encore\n|move|p1a: Ferrothorn|Stealth Rock||[still]\n|-fail|p1a: Ferrothorn\n|\n|-weather|Snow|[upkeep]\n|upkeep\n|turn|3\n|\n|t:|1699922928\n|switch|p1a: Cradily|Cradily, F|100\/100\n|move|p2a: Ninetales|Nasty Plot|p2a: Ninetales\n|-boost|p2a: Ninetales|spa|2\n|\n|-weather|Snow|[upkeep]\n|upkeep\n|turn|4\n|\n|t:|1699922936\n|move|p2a: Ninetales|Blizzard|p1a: Cradily\n|-supereffective|p1a: Cradily\n|-damage|p1a: Cradily|0 fnt\n|faint|p1a: Cradily\n|\n|-weather|Snow|[upkeep]\n|upkeep\n|\n|t:|1699922954\n|switch|p1a: Ferrothorn|Ferrothorn, M|100\/100\n|turn|5\n|\n|t:|1699922961\n|-terastallize|p1a: Ferrothorn|Steel\n|move|p2a: Ninetales|Blizzard|p1a: Ferrothorn\n|-resisted|p1a: Ferrothorn\n|-damage|p1a: Ferrothorn|64\/100\n|move|p1a: Ferrothorn|Gyro Ball|p2a: Ninetales\n|-supereffective|p2a: Ninetales\n|-damage|p2a: Ninetales|0 fnt\n|faint|p2a: Ninetales\n|\n|-weather|none\n|-heal|p1a: Ferrothorn|70\/100|[from] item: Leftovers\n|upkeep\n|\n|t:|1699922972\n|switch|p2a: Jirachi|Jirachi|100\/100\n|-damage|p2a: Jirachi|94\/100|[from] Stealth Rock\n|turn|6\n|\n|t:|1699922991\n|switch|p1a: Rillaboom|Rillaboom, M|100\/100\n|-fieldstart|move: Grassy Terrain|[from] ability: Grassy Surge|[of] p1a: Rillaboom\n|move|p2a: Jirachi|Drain Punch|p1a: Rillaboom\n|-damage|p1a: Rillaboom|79\/100\n|-heal|p2a: Jirachi|100\/100|[from] drain|[of] p1a: Rillaboom\n|\n|-heal|p1a: Rillaboom|85\/100|[from] Grassy Terrain\n|-heal|p1a: Rillaboom|91\/100|[from] item: Leftovers\n|upkeep\n|turn|7\n|inactive|water_pickle has 120 seconds left.\n|\n|t:|1699923019\n|move|p2a: Jirachi|Iron Head|p1a: Rillaboom\n|-damage|p1a: Rillaboom|52\/100\n|move|p1a: Rillaboom|Swords Dance|p1a: Rillaboom\n|-boost|p1a: Rillaboom|atk|2\n|\n|-heal|p1a: Rillaboom|59\/100|[from] Grassy Terrain\n|-heal|p1a: Rillaboom|65\/100|[from] item: Leftovers\n|upkeep\n|turn|8\n|\n|t:|1699923031\n|move|p2a: Jirachi|Iron Head|p1a: Rillaboom\n|-damage|p1a: Rillaboom|27\/100\n|cant|p1a: Rillaboom|flinch\n|\n|-heal|p1a: Rillaboom|33\/100|[from] Grassy Terrain\n|-heal|p1a: Rillaboom|39\/100|[from] item: Leftovers\n|-sideend|p2: water_pickle|move: Aurora Veil\n|upkeep\n|turn|9\n|c|\u2606mrSetekh|fuck\n|\n|t:|1699923041\n|move|p2a: Jirachi|Iron Head|p1a: Rillaboom\n|-damage|p1a: Rillaboom|3\/100\n|move|p1a: Rillaboom|Knock Off|p2a: Jirachi\n|-supereffective|p2a: Jirachi\n|-damage|p2a: Jirachi|0 fnt\n|-enditem|p2a: Jirachi|Leftovers|[from] move: Knock Off|[of] p1a: Rillaboom\n|faint|p2a: Jirachi\n|\n|-heal|p1a: Rillaboom|9\/100|[from] Grassy Terrain\n|-heal|p1a: Rillaboom|15\/100|[from] item: Leftovers\n|upkeep\n|c|\u2606mrSetekh|yeeeeee\n|c|\u2606water_pickle|ooooooooooh\n|c|\u2606water_pickle|luck\n|inactive|water_pickle has 120 seconds left.\n|\n|t:|1699923059\n|switch|p2a: Pikachu|Pikachu, F|100\/100\n|-damage|p2a: Pikachu|88\/100|[from] Stealth Rock\n|turn|10\n|\n|t:|1699923066\n|move|p2a: Pikachu|Fake Out|p1a: Rillaboom\n|-damage|p1a: Rillaboom|0 fnt\n|faint|p1a: Rillaboom\n|\n|-heal|p2a: Pikachu|94\/100|[from] Grassy Terrain\n|-fieldend|move: Grassy Terrain\n|upkeep\n|c|\u2606water_pickle|yesssir\n|inactive|mrSetekh has 120 seconds left.\n|\n|t:|1699923096\n|switch|p1a: Ferrothorn|Ferrothorn, M, tera:Steel|70\/100\n|turn|11\n|\n|t:|1699923102\n|move|p2a: Pikachu|Nuzzle|p1a: Ferrothorn\n|-damage|p1a: Ferrothorn|63\/100\n|-status|p1a: Ferrothorn|par\n|-damage|p2a: Pikachu|82\/100|[from] ability: Iron Barbs|[of] p1a: Ferrothorn\n|cant|p1a: Ferrothorn|par\n|\n|-heal|p1a: Ferrothorn|69\/100 par|[from] item: Leftovers\n|upkeep\n|turn|12\n|\n|t:|1699923111\n|move|p2a: Pikachu|Volt Switch|p1a: Ferrothorn\n|-damage|p1a: Ferrothorn|47\/100 par\n|\n|t:|1699923117\n|switch|p2a: Dodrio|Dodrio, F|100\/100|[from] Volt Switch\n|-damage|p2a: Dodrio|76\/100|[from] Stealth Rock\n|move|p1a: Ferrothorn|Leech Seed|p2a: Dodrio\n|-start|p2a: Dodrio|move: Leech Seed\n|\n|-heal|p1a: Ferrothorn|53\/100 par|[from] item: Leftovers\n|-damage|p2a: Dodrio|63\/100|[from] Leech Seed|[of] p1a: Ferrothorn\n|-heal|p1a: Ferrothorn|62\/100 par|[silent]\n|upkeep\n|turn|13\n|c|\u2606mrSetekh|im gonna risk it\n|\n|t:|1699923134\n|move|p1a: Ferrothorn|Curse|p1a: Ferrothorn\n|-unboost|p1a: Ferrothorn|spe|1\n|-boost|p1a: Ferrothorn|atk|1\n|-boost|p1a: Ferrothorn|def|1\n|move|p2a: Dodrio|Whirlwind|p1a: Ferrothorn\n|drag|p1a: Breloom|Breloom, M|100\/100\n|\n|-damage|p2a: Dodrio|51\/100|[from] Leech Seed|[of] p1a: Breloom\n|upkeep\n|turn|14\n|c|\u2606mrSetekh|oh\n|inactive|mrSetekh has 120 seconds left.\n|\n|t:|1699923165\n|switch|p2a: Pikachu|Pikachu, F|82\/100\n|-damage|p2a: Pikachu|70\/100|[from] Stealth Rock\n|move|p1a: Breloom|Mach Punch|p2a: Pikachu\n|-damage|p2a: Pikachu|0 fnt\n|faint|p2a: Pikachu\n|\n|upkeep\n|c|\u2606water_pickle|damn\n|\n|t:|1699923175\n|switch|p2a: Sharpedo|Sharpedo, M|100\/100\n|-damage|p2a: Sharpedo|88\/100|[from] Stealth Rock\n|turn|15\n|inactive|mrSetekh has 120 seconds left.\n|\n|t:|1699923202\n|detailschange|p2a: Sharpedo|Sharpedo-Mega, M\n|-mega|p2a: Sharpedo|Sharpedo|Sharpedonite\n|move|p2a: Sharpedo|Psychic Fangs|p1a: Breloom\n|-supereffective|p1a: Breloom\n|-enditem|p1a: Breloom|Focus Sash\n|-damage|p1a: Breloom|1\/100\n|move|p1a: Breloom|Spore|p2a: Sharpedo\n|-status|p2a: Sharpedo|slp|[from] move: Spore\n|\n|upkeep\n|turn|16\n|\n|t:|1699923217\n|cant|p2a: Sharpedo|slp\n|move|p1a: Breloom|Swords Dance|p1a: Breloom\n|-boost|p1a: Breloom|atk|2\n|\n|upkeep\n|turn|17\n|c|\u2606water_pickle|i hate going to sleep\n|c|\u2606water_pickle|why you bully me\n|\n|t:|1699923228\n|-curestatus|p2a: Sharpedo|slp|[msg]\n|move|p2a: Sharpedo|Aqua Jet|p1a: Breloom\n|-resisted|p1a: Breloom\n|-damage|p1a: Breloom|0 fnt\n|faint|p1a: Breloom\n|\n|upkeep\n|c|\u2606mrSetekh|noooooooooooooooo\n|c|\u2606water_pickle|yessir\n|c|\u2606mrSetekh|priority\n|inactive|mrSetekh has 90 seconds left.\n|c|\u2606water_pickle|ik\n|\n|t:|1699923250\n|switch|p1a: Venusaur|Venusaur, M|100\/100\n|turn|18\n|c|\u2606water_pickle|but like 3v3 kinds even\n|\n|t:|1699923275\n|switch|p1a: Ferrothorn|Ferrothorn, M, tera:Steel|62\/100 par\n|move|p2a: Sharpedo|Crunch|p1a: Ferrothorn\n|-damage|p1a: Ferrothorn|20\/100 par\n|-damage|p2a: Sharpedo|76\/100|[from] ability: Iron Barbs|[of] p1a: Ferrothorn\n|\n|-heal|p1a: Ferrothorn|27\/100 par|[from] item: Leftovers\n|upkeep\n|turn|19\n|inactive|mrSetekh has 90 seconds left.\n|c|\u2606mrSetekh|thought u were going to psych bite me\n|c|\u2606water_pickle|this game kinda fair ngl\n|\n|t:|1699923309\n|move|p2a: Sharpedo|Crunch|p1a: Ferrothorn\n|-damage|p1a: Ferrothorn|0 fnt\n|-damage|p2a: Sharpedo|63\/100|[from] ability: Iron Barbs|[of] p1a: Ferrothorn\n|faint|p1a: Ferrothorn\n|\n|upkeep\n|c|\u2606water_pickle|im unpredictable\n|inactive|mrSetekh has 60 seconds left.\n|\n|t:|1699923321\n|switch|p1a: Ludicolo|Ludicolo, M|100\/100\n|turn|20\n|\n|t:|1699923332\n|move|p2a: Sharpedo|Crunch|p1a: Ludicolo\n|-damage|p1a: Ludicolo|0 fnt\n|faint|p1a: Ludicolo\n|\n|upkeep\n|c|\u2606mrSetekh|LOL\n|\n|t:|1699923338\n|switch|p1a: Venusaur|Venusaur, M|100\/100\n|turn|21\n|c|\u2606water_pickle|damn\n|c|\u2606mrSetekh|that was hard\n|\n|t:|1699923348\n|detailschange|p1a: Venusaur|Venusaur-Mega, M\n|-mega|p1a: Venusaur|Venusaur|Venusaurite\n|move|p2a: Sharpedo|Crunch|p1a: Venusaur\n|-damage|p1a: Venusaur|45\/100\n|move|p1a: Venusaur|Giga Drain|p2a: Sharpedo\n|-supereffective|p2a: Sharpedo\n|-damage|p2a: Sharpedo|0 fnt\n|-heal|p1a: Venusaur|69\/100|[from] drain|[of] p2a: Sharpedo\n|faint|p2a: Sharpedo\n|\n|upkeep\n|c|\u2606water_pickle|ik\n|n|!mrSetekh|mrsetekh\n|c|\u2606water_pickle|it was 416 attack stat\n|\n|t:|1699923362\n|switch|p2a: Dodrio|Dodrio, F|51\/100\n|-damage|p2a: Dodrio|26\/100|[from] Stealth Rock\n|turn|22\n|\n|t:|1699923370\n|move|p2a: Dodrio|Roost|p2a: Dodrio\n|-heal|p2a: Dodrio|76\/100\n|-singleturn|p2a: Dodrio|move: Roost\n|move|p1a: Venusaur|Sludge Bomb|p2a: Dodrio\n|-damage|p2a: Dodrio|0 fnt\n|faint|p2a: Dodrio\n|\n|upkeep\n|c|\u2606water_pickle|asdfhbawefhluiaew gfnyhawefoaef\n|\n|t:|1699923378\n|switch|p2a: Dragonite|Dragonite, M|100\/100\n|-damage|p2a: Dragonite|76\/100|[from] Stealth Rock\n|turn|23\n|inactive|mrSetekh has 90 seconds left.\n|\n|t:|1699923401\n|-terastallize|p2a: Dragonite|Dragon\n|move|p2a: Dragonite|Dragon Dance|p2a: Dragonite\n|-boost|p2a: Dragonite|atk|1\n|-boost|p2a: Dragonite|spe|1\n|move|p1a: Venusaur|Sludge Bomb|p2a: Dragonite\n|-damage|p2a: Dragonite|19\/100\n|\n|-heal|p2a: Dragonite|25\/100|[from] item: Leftovers\n|upkeep\n|turn|24\n|c|\u2606water_pickle|very close\n|c|\u2606water_pickle|idk think im dead\n|\n|t:|1699923421\n|move|p2a: Dragonite|Extreme Speed|p1a: Venusaur\n|-damage|p1a: Venusaur|35\/100\n|move|p1a: Venusaur|Sludge Bomb|p2a: Dragonite\n|-damage|p2a: Dragonite|0 fnt\n|faint|p2a: Dragonite\n|\n|win|mrSetekh\n|raw|mrSetekh's rating: 1116 &rarr; <strong>1136<\/strong><br \/>(+20 for winning)\n|raw|water_pickle's rating: 1048 &rarr; <strong>1034<\/strong><br \/>(-14 for losing)\n","uploadtime":1699923359,"views":10,"p1id":"mrsetekh","p2id":"waterpickle","formatid":"gen9nationaldex","rating":1034,"private":0,"password":""}