{"id":"gen9nationaldex-1989494887","p1":"grass knot zygarde","p2":"Xy1n","format":"[Gen 9] National Dex","log":"|j|\u2606grass knot zygarde\n|j|\u2606Xy1n\n|t:|1699860262\n|gametype|singles\n|player|p1|grass knot zygarde|dawn|\n|player|p2|Xy1n|marlon|\n|teamsize|p1|6\n|teamsize|p2|6\n|gen|9\n|tier|[Gen 9] National Dex\n|rule|HP Percentage Mod: HP is shown in percentages\n|rule|Endless Battle Clause: Forcing endless battles is banned\n|rule|OHKO Clause: OHKO moves are banned\n|rule|Evasion Clause: Evasion abilities, items, and moves are banned\n|rule|Evasion Abilities Clause: Evasion abilities are banned\n|rule|Evasion Items Clause: Evasion items are banned\n|rule|Evasion Moves Clause: Evasion moves are banned\n|rule|Species Clause: Limit one of each Pok\u00e9mon\n|rule|Sleep Clause Mod: Limit one foe put to sleep\n|clearpoke\n|poke|p1|Tyranitar, F|\n|poke|p1|Excadrill, F|\n|poke|p1|Rotom-Wash|\n|poke|p1|Iron Valiant|\n|poke|p1|Ferrothorn, F|\n|poke|p1|Moltres|\n|poke|p2|Lopunny, F|\n|poke|p2|Tornadus-Therian, M|\n|poke|p2|Ting-Lu|\n|poke|p2|Heatran, M|\n|poke|p2|Blacephalon|\n|poke|p2|Rotom-Wash|\n|teampreview\n|inactive|Battle timer is ON: inactive players will automatically lose when time's up. (requested by grass knot zygarde)\n|inactive|grass knot zygarde has 270 seconds left.\n|c|\u2606grass knot zygarde|my team\n|c|\u2606grass knot zygarde|matches up terribly into rotom wash\n|c|\u2606grass knot zygarde|if u dont win here\n|c|\u2606grass knot zygarde|ima be so upset\n|inactive|grass knot zygarde has 240 seconds left.\n|c|\u2606Xy1n|ill try my hardest\n|inactive|Xy1n has 270 seconds left.\n|\n|t:|1699860360\n|start\n|switch|p1a: Carabellum|Ferrothorn, F, shiny|100\/100\n|switch|p2a: Rotom|Rotom-Wash|100\/100\n|turn|1\n|\n|t:|1699860368\n|move|p2a: Rotom|Volt Switch|p1a: Carabellum\n|-resisted|p1a: Carabellum\n|-damage|p1a: Carabellum|91\/100\n|\n|t:|1699860380\n|switch|p2a: Heatran|Heatran, M|100\/100|[from] Volt Switch\n|move|p1a: Carabellum|Leech Seed|p2a: Heatran\n|-start|p2a: Heatran|move: Leech Seed\n|\n|-heal|p1a: Carabellum|97\/100|[from] item: Leftovers\n|-damage|p2a: Heatran|88\/100|[from] Leech Seed|[of] p1a: Carabellum\n|-heal|p1a: Carabellum|100\/100|[silent]\n|upkeep\n|turn|2\n|\n|t:|1699860388\n|switch|p1a: Takanashi Kiara|Moltres, shiny|100\/100\n|move|p2a: Heatran|Taunt|p1a: Takanashi Kiara\n|-start|p1a: Takanashi Kiara|move: Taunt\n|\n|-heal|p2a: Heatran|94\/100|[from] item: Leftovers\n|-damage|p2a: Heatran|82\/100|[from] Leech Seed|[of] p1a: Takanashi Kiara\n|upkeep\n|turn|3\n|\n|t:|1699860400\n|switch|p2a: Rotom|Rotom-Wash|100\/100\n|move|p1a: Takanashi Kiara|U-turn|p2a: Rotom\n|-damage|p2a: Rotom|87\/100\n|l|\u2606grass knot zygarde\n|inactive|grass knot zygarde disconnected and has 300 seconds to reconnect!\n|player|p1|\n|j|\u2606grass knot zygarde\n|inactive|grass knot zygarde reconnected and has 300 seconds left.\n|player|p1|grass knot zygarde|dawn\n|\n|t:|1699860439\n|switch|p1a: Carabellum|Ferrothorn, F, shiny|100\/100|[from] U-turn\n|\n|-heal|p2a: Rotom|94\/100|[from] item: Leftovers\n|upkeep\n|turn|4\n|\n|t:|1699860447\n|move|p2a: Rotom|Will-O-Wisp|p1a: Carabellum\n|-status|p1a: Carabellum|brn\n|move|p1a: Carabellum|Power Whip|p2a: Rotom\n|-supereffective|p2a: Rotom\n|-crit|p2a: Rotom\n|-damage|p2a: Rotom|43\/100\n|\n|-heal|p2a: Rotom|49\/100|[from] item: Leftovers\n|-damage|p1a: Carabellum|94\/100 brn|[from] brn\n|upkeep\n|turn|5\n|\n|t:|1699860454\n|move|p2a: Rotom|Protect|p2a: Rotom\n|-singleturn|p2a: Rotom|Protect\n|move|p1a: Carabellum|Leech Seed|p2a: Rotom\n|-activate|p2a: Rotom|move: Protect\n|\n|-heal|p2a: Rotom|55\/100|[from] item: Leftovers\n|-heal|p1a: Carabellum|100\/100 brn|[from] item: Leftovers\n|-damage|p1a: Carabellum|94\/100 brn|[from] brn\n|upkeep\n|turn|6\n|c|\u2606Xy1n|why would u attack me\n|c|\u2606grass knot zygarde|cuz i wanna get rid of this\n|\n|t:|1699860483\n|move|p2a: Rotom|Volt Switch|p1a: Carabellum\n|-resisted|p1a: Carabellum\n|-damage|p1a: Carabellum|84\/100 brn\n|\n|t:|1699860489\n|switch|p2a: Heatran|Heatran, M|82\/100|[from] Volt Switch\n|move|p1a: Carabellum|Leech Seed|p2a: Heatran|[miss]\n|-miss|p1a: Carabellum|p2a: Heatran\n|\n|-heal|p2a: Heatran|88\/100|[from] item: Leftovers\n|-heal|p1a: Carabellum|90\/100 brn|[from] item: Leftovers\n|-damage|p1a: Carabellum|84\/100 brn|[from] brn\n|upkeep\n|turn|7\n|\n|t:|1699860497\n|switch|p1a: clean|Rotom-Wash, shiny|100\/100\n|move|p2a: Heatran|Stealth Rock|p1a: clean\n|-sidestart|p1: grass knot zygarde|move: Stealth Rock\n|\n|-heal|p2a: Heatran|94\/100|[from] item: Leftovers\n|upkeep\n|turn|8\n|\n|t:|1699860514\n|move|p2a: Heatran|Magma Storm|p1a: clean\n|-resisted|p1a: clean\n|-damage|p1a: clean|72\/100\n|-activate|p1a: clean|move: Magma Storm|[of] p2a: Heatran\n|move|p1a: clean|Hydro Pump|p2a: Heatran\n|-supereffective|p2a: Heatran\n|-damage|p2a: Heatran|18\/100\n|\n|-heal|p2a: Heatran|24\/100|[from] item: Leftovers\n|-heal|p1a: clean|78\/100|[from] item: Leftovers\n|-damage|p1a: clean|66\/100|[from] move: Magma Storm|[partiallytrapped]\n|upkeep\n|turn|9\n|c|\u2606Xy1n|why didnt u predict a switch in\n|c|\u2606Xy1n|smh\n|inactive|Xy1n has 270 seconds left.\n|\n|t:|1699860539\n|switch|p2a: Rotom|Rotom-Wash|55\/100\n|move|p1a: clean|Volt Switch|p2a: Rotom\n|-damage|p2a: Rotom|27\/100\n|c|\u2606grass knot zygarde|why do u switch into\n|c|\u2606grass knot zygarde|what*\n|\n|t:|1699860552\n|switch|p1a: Carabellum|Ferrothorn, F, shiny|84\/100 brn|[from] Volt Switch\n|-damage|p1a: Carabellum|78\/100 brn|[from] Stealth Rock\n|\n|-heal|p2a: Rotom|34\/100|[from] item: Leftovers\n|-heal|p1a: Carabellum|84\/100 brn|[from] item: Leftovers\n|-damage|p1a: Carabellum|78\/100 brn|[from] brn\n|upkeep\n|turn|10\n|\n|t:|1699860556\n|move|p2a: Rotom|Protect|p2a: Rotom\n|-singleturn|p2a: Rotom|Protect\n|move|p1a: Carabellum|Leech Seed|p2a: Rotom\n|-activate|p2a: Rotom|move: Protect\n|\n|-heal|p2a: Rotom|40\/100|[from] item: Leftovers\n|-heal|p1a: Carabellum|84\/100 brn|[from] item: Leftovers\n|-damage|p1a: Carabellum|78\/100 brn|[from] brn\n|upkeep\n|turn|11\n|\n|t:|1699860569\n|move|p2a: Rotom|Volt Switch|p1a: Carabellum\n|-resisted|p1a: Carabellum\n|-damage|p1a: Carabellum|68\/100 brn\n|inactive|Xy1n has 270 seconds left.\n|c|\u2606grass knot zygarde|the reason why u dont win is cuz u dont have a comp player mentality\n|\n|t:|1699860606\n|switch|p2a: Blacephalon|Blacephalon|100\/100|[from] Volt Switch\n|move|p1a: Carabellum|Leech Seed|p2a: Blacephalon\n|-start|p2a: Blacephalon|move: Leech Seed\n|\n|-heal|p1a: Carabellum|74\/100 brn|[from] item: Leftovers\n|-damage|p2a: Blacephalon|88\/100|[from] Leech Seed|[of] p1a: Carabellum\n|-heal|p1a: Carabellum|83\/100 brn|[silent]\n|-damage|p1a: Carabellum|77\/100 brn|[from] brn\n|upkeep\n|turn|12\n|inactive|Xy1n has 240 seconds left.\n|\n|t:|1699860637\n|switch|p2a: Rotom|Rotom-Wash|40\/100\n|switch|p1a: Takanashi Kiara|Moltres, shiny|100\/100\n|\n|-heal|p2a: Rotom|46\/100|[from] item: Leftovers\n|upkeep\n|turn|13\n|\n|t:|1699860645\n|move|p2a: Rotom|Hydro Pump|p1a: Takanashi Kiara|[miss]\n|-miss|p2a: Rotom|p1a: Takanashi Kiara\n|move|p1a: Takanashi Kiara|U-turn|p2a: Rotom\n|-damage|p2a: Rotom|35\/100\n|c|\u2606Xy1n|brh\n|\n|t:|1699860659\n|switch|p1a: we're tyraniback|Tyranitar, F, shiny|100\/100|[from] U-turn\n|-damage|p1a: we're tyraniback|88\/100|[from] Stealth Rock\n|-weather|Sandstorm|[from] ability: Sand Stream|[of] p1a: we're tyraniback\n|\n|-weather|Sandstorm|[upkeep]\n|-damage|p2a: Rotom|28\/100|[from] Sandstorm\n|-heal|p2a: Rotom|35\/100|[from] item: Leftovers\n|upkeep\n|turn|14\n|\n|t:|1699860670\n|detailschange|p1a: we're tyraniback|Tyranitar-Mega, F, shiny\n|-mega|p1a: we're tyraniback|Tyranitar|Tyranitarite\n|move|p1a: we're tyraniback|Knock Off|p2a: Rotom\n|-damage|p2a: Rotom|0 fnt\n|-enditem|p2a: Rotom|Leftovers|[from] move: Knock Off|[of] p1a: we're tyraniback\n|faint|p2a: Rotom\n|\n|-weather|Sandstorm|[upkeep]\n|upkeep\n|c|\u2606Xy1n|oh\n|c|\u2606Xy1n|i thought i outsped\n|\n|t:|1699860684\n|switch|p2a: Lopunny|Lopunny, F|100\/100\n|turn|15\n|inactive|Xy1n has 240 seconds left.\n|\n|t:|1699860700\n|switch|p1a: Takanashi Kiara|Moltres, shiny|100\/100\n|detailschange|p2a: Lopunny|Lopunny-Mega, F\n|-mega|p2a: Lopunny|Lopunny|Lopunnite\n|move|p2a: Lopunny|Close Combat|p1a: Takanashi Kiara\n|-resisted|p1a: Takanashi Kiara\n|-damage|p1a: Takanashi Kiara|71\/100\n|-unboost|p2a: Lopunny|def|1\n|-unboost|p2a: Lopunny|spd|1\n|-status|p2a: Lopunny|brn|[from] ability: Flame Body|[of] p1a: Takanashi Kiara\n|\n|-weather|Sandstorm|[upkeep]\n|-damage|p2a: Lopunny|95\/100 brn|[from] Sandstorm\n|-damage|p1a: Takanashi Kiara|64\/100|[from] Sandstorm\n|-damage|p2a: Lopunny|89\/100 brn|[from] brn\n|upkeep\n|turn|16\n|c|\u2606grass knot zygarde|common misconception\n|c|\u2606Xy1n|FUCK u\n|\n|t:|1699860712\n|switch|p2a: Heatran|Heatran, M|24\/100\n|move|p1a: Takanashi Kiara|U-turn|p2a: Heatran\n|-resisted|p2a: Heatran\n|-damage|p2a: Heatran|20\/100\n|c|\u2606Xy1n|o nvm\n|c|\u2606Xy1n|im scrappy\n|c|\u2606Xy1n|so it dont do anythin\n|c|\u2606grass knot zygarde|do reckless plays expect the consequences\n|inactive|grass knot zygarde has 270 seconds left.\n|c|\u2606grass knot zygarde|btw thats not how scrappy works\n|c|\u2606Xy1n|o\n|\n|t:|1699860750\n|switch|p1a: Omaru Polka|Excadrill, F, shiny|100\/100|[from] U-turn\n|-damage|p1a: Omaru Polka|97\/100|[from] Stealth Rock\n|\n|-weather|Sandstorm|[upkeep]\n|-heal|p2a: Heatran|27\/100|[from] item: Leftovers\n|upkeep\n|turn|17\n|c|\u2606Xy1n|but when i click on lopunny it doesent show the attack going down after burn\n|\n|t:|1699860767\n|move|p1a: Omaru Polka|Earthquake|p2a: Heatran\n|-supereffective|p2a: Heatran\n|-damage|p2a: Heatran|0 fnt\n|faint|p2a: Heatran\n|\n|-weather|none\n|upkeep\n|\n|t:|1699860775\n|switch|p2a: Blacephalon|Blacephalon|88\/100\n|turn|18\n|inactive|grass knot zygarde has 270 seconds left.\n|inactive|Xy1n has 240 seconds left.\n|c|\u2606grass knot zygarde|thats because its the base power of the moves getting halved not the attack stat\n|c|\u2606Xy1n|Oh\n|\n|t:|1699860798\n|switch|p1a: we're tyraniback|Tyranitar-Mega, F, shiny|88\/100\n|-damage|p1a: we're tyraniback|76\/100|[from] Stealth Rock\n|-weather|Sandstorm|[from] ability: Sand Stream|[of] p1a: we're tyraniback\n|move|p2a: Blacephalon|Flamethrower|p1a: we're tyraniback\n|-resisted|p1a: we're tyraniback\n|-damage|p1a: we're tyraniback|61\/100\n|\n|-weather|Sandstorm|[upkeep]\n|-damage|p2a: Blacephalon|82\/100|[from] Sandstorm\n|upkeep\n|turn|19\n|\n|t:|1699860803\n|-activate|p2a: Blacephalon|move: Pursuit\n|move|p1a: we're tyraniback|Pursuit|p2a: Blacephalon|[from]Pursuit\n|-supereffective|p2a: Blacephalon\n|-damage|p2a: Blacephalon|0 fnt\n|faint|p2a: Blacephalon\n|-hint|A Pokemon can't switch between when it runs out of HP and when it faints\n|\n|-weather|Sandstorm|[upkeep]\n|upkeep\n|\n|t:|1699860809\n|switch|p2a: Lopunny|Lopunny-Mega, F|89\/100 brn\n|turn|20\n|\n|t:|1699860816\n|switch|p1a: clean|Rotom-Wash, shiny|66\/100\n|-damage|p1a: clean|53\/100|[from] Stealth Rock\n|move|p2a: Lopunny|Fake Out|p1a: clean\n|-damage|p1a: clean|45\/100\n|\n|-weather|Sandstorm|[upkeep]\n|-damage|p2a: Lopunny|83\/100 brn|[from] Sandstorm\n|-damage|p1a: clean|38\/100|[from] Sandstorm\n|-heal|p1a: clean|45\/100|[from] item: Leftovers\n|-damage|p2a: Lopunny|77\/100 brn|[from] brn\n|upkeep\n|turn|21\n|\n|t:|1699860828\n|move|p2a: Lopunny|Close Combat|p1a: clean\n|-damage|p1a: clean|19\/100\n|-unboost|p2a: Lopunny|def|1\n|-unboost|p2a: Lopunny|spd|1\n|move|p1a: clean|Defog|p2a: Lopunny\n|-unboost|p2a: Lopunny|evasion|1\n|-sideend|p1: grass knot zygarde|Stealth Rock|[from] move: Defog|[of] p1a: clean\n|\n|-weather|Sandstorm|[upkeep]\n|-damage|p2a: Lopunny|71\/100 brn|[from] Sandstorm\n|-damage|p1a: clean|12\/100|[from] Sandstorm\n|-heal|p1a: clean|19\/100|[from] item: Leftovers\n|-damage|p2a: Lopunny|65\/100 brn|[from] brn\n|upkeep\n|turn|22\n|\n|t:|1699860838\n|switch|p1a: Takanashi Kiara|Moltres, shiny|64\/100\n|move|p2a: Lopunny|U-turn|p1a: Takanashi Kiara\n|-resisted|p1a: Takanashi Kiara\n|-damage|p1a: Takanashi Kiara|61\/100\n|\n|t:|1699860846\n|switch|p2a: Tornadus|Tornadus-Therian, M|100\/100|[from] U-turn\n|\n|-weather|none\n|upkeep\n|turn|23\n|inactive|Xy1n has 270 seconds left.\n|c|\u2606grass knot zygarde|u should keep torn t alive if u dont wanna get torn apart by iron valiant\n|\n|t:|1699860869\n|move|p2a: Tornadus|U-turn|p1a: Takanashi Kiara\n|-resisted|p1a: Takanashi Kiara\n|-damage|p1a: Takanashi Kiara|58\/100\n|\n|t:|1699860874\n|switch|p2a: Ting-Lu|Ting-Lu|100\/100|[from] U-turn\n|-ability|p2a: Ting-Lu|Vessel of Ruin\n|move|p1a: Takanashi Kiara|U-turn|p2a: Ting-Lu\n|-supereffective|p2a: Ting-Lu\n|-damage|p2a: Ting-Lu|85\/100\n|\n|t:|1699860889\n|switch|p1a: clean|Rotom-Wash, shiny|19\/100|[from] U-turn\n|\n|-heal|p1a: clean|25\/100|[from] item: Leftovers\n|-heal|p2a: Ting-Lu|91\/100|[from] item: Leftovers\n|upkeep\n|turn|24\n|inactive|Xy1n has 270 seconds left.\n|inactive|Xy1n has 240 seconds left.\n|\n|t:|1699860958\n|move|p1a: clean|Will-O-Wisp|p2a: Ting-Lu\n|-status|p2a: Ting-Lu|brn\n|move|p2a: Ting-Lu|Whirlwind|p1a: clean\n|drag|p1a: Takanashi Kiara|Moltres, shiny|58\/100\n|\n|-heal|p2a: Ting-Lu|97\/100 brn|[from] item: Leftovers\n|-damage|p2a: Ting-Lu|91\/100 brn|[from] brn\n|upkeep\n|turn|25\n|\n|t:|1699860966\n|move|p1a: Takanashi Kiara|Roost|p1a: Takanashi Kiara\n|-heal|p1a: Takanashi Kiara|100\/100\n|-singleturn|p1a: Takanashi Kiara|move: Roost\n|move|p2a: Ting-Lu|Ruination|p1a: Takanashi Kiara\n|-damage|p1a: Takanashi Kiara|50\/100\n|\n|-heal|p2a: Ting-Lu|97\/100 brn|[from] item: Leftovers\n|-damage|p2a: Ting-Lu|91\/100 brn|[from] brn\n|upkeep\n|turn|26\n|\n|t:|1699860973\n|move|p1a: Takanashi Kiara|Roost|p1a: Takanashi Kiara\n|-heal|p1a: Takanashi Kiara|100\/100\n|-singleturn|p1a: Takanashi Kiara|move: Roost\n|move|p2a: Ting-Lu|Spikes|p1a: Takanashi Kiara\n|-sidestart|p1: grass knot zygarde|Spikes\n|\n|-heal|p2a: Ting-Lu|97\/100 brn|[from] item: Leftovers\n|-damage|p2a: Ting-Lu|91\/100 brn|[from] brn\n|upkeep\n|turn|27\n|\n|t:|1699860976\n|move|p1a: Takanashi Kiara|U-turn|p2a: Ting-Lu\n|-supereffective|p2a: Ting-Lu\n|-damage|p2a: Ting-Lu|74\/100 brn\n|\n|t:|1699860979\n|switch|p1a: clean|Rotom-Wash, shiny|25\/100|[from] U-turn\n|move|p2a: Ting-Lu|Ruination|p1a: clean\n|-damage|p1a: clean|13\/100\n|\n|-heal|p1a: clean|19\/100|[from] item: Leftovers\n|-heal|p2a: Ting-Lu|80\/100 brn|[from] item: Leftovers\n|-damage|p2a: Ting-Lu|74\/100 brn|[from] brn\n|upkeep\n|turn|28\n|\n|t:|1699860984\n|move|p1a: clean|Defog|p2a: Ting-Lu\n|-unboost|p2a: Ting-Lu|evasion|1\n|-sideend|p1: grass knot zygarde|Spikes|[from] move: Defog|[of] p1a: clean\n|move|p2a: Ting-Lu|Whirlwind|p1a: clean\n|drag|p1a: Omaru Polka|Excadrill, F, shiny|97\/100\n|\n|-heal|p2a: Ting-Lu|80\/100 brn|[from] item: Leftovers\n|-damage|p2a: Ting-Lu|74\/100 brn|[from] brn\n|upkeep\n|turn|29\n|\n|t:|1699860995\n|move|p1a: Omaru Polka|Swords Dance|p1a: Omaru Polka\n|-boost|p1a: Omaru Polka|atk|2\n|move|p2a: Ting-Lu|Ruination|p1a: Omaru Polka|[miss]\n|-miss|p2a: Ting-Lu|p1a: Omaru Polka\n|\n|-heal|p2a: Ting-Lu|80\/100 brn|[from] item: Leftovers\n|-damage|p2a: Ting-Lu|74\/100 brn|[from] brn\n|upkeep\n|turn|30\n|inactive|Xy1n has 270 seconds left.\n|\n|t:|1699861001\n|-zpower|p1a: Omaru Polka\n|move|p1a: Omaru Polka|Corkscrew Crash|p2a: Ting-Lu|[zeffect]\n|-damage|p2a: Ting-Lu|0 fnt\n|faint|p2a: Ting-Lu\n|\n|upkeep\n|\n|t:|1699861003\n|switch|p2a: Lopunny|Lopunny-Mega, F|65\/100 brn\n|turn|31\n|\n|t:|1699861014\n|move|p2a: Lopunny|Fake Out|p1a: Omaru Polka\n|-resisted|p1a: Omaru Polka\n|-damage|p1a: Omaru Polka|90\/100\n|cant|p1a: Omaru Polka|flinch\n|\n|-damage|p2a: Lopunny|59\/100 brn|[from] brn\n|upkeep\n|turn|32\n|c|\u2606grass knot zygarde|btw\n|c|\u2606Xy1n|ye\n|c|\u2606grass knot zygarde|close combat has a 35% chance to kill\n|c|\u2606grass knot zygarde|so\n|\n|t:|1699861039\n|move|p2a: Lopunny|Close Combat|p1a: Omaru Polka\n|-supereffective|p1a: Omaru Polka\n|-damage|p1a: Omaru Polka|0 fnt\n|-unboost|p2a: Lopunny|def|1\n|-unboost|p2a: Lopunny|spd|1\n|faint|p1a: Omaru Polka\n|\n|-damage|p2a: Lopunny|53\/100 brn|[from] brn\n|upkeep\n|c|\u2606grass knot zygarde|there ya go\n|inactive|grass knot zygarde has 270 seconds left.\n|c|\u2606Xy1n|u ruined your 6-0\n|\n|t:|1699861053\n|switch|p1a: Roboco|Iron Valiant, shiny|100\/100\n|-enditem|p1a: Roboco|Booster Energy\n|-activate|p1a: Roboco|ability: Quark Drive|[fromitem]\n|-start|p1a: Roboco|quarkdrivespe\n|turn|33\n|\n|t:|1699861057\n|move|p1a: Roboco|Calm Mind|p1a: Roboco\n|-boost|p1a: Roboco|spa|1\n|-boost|p1a: Roboco|spd|1\n|move|p2a: Lopunny|U-turn|p1a: Roboco\n|-resisted|p1a: Roboco\n|-damage|p1a: Roboco|96\/100\n|\n|t:|1699861059\n|switch|p2a: Tornadus|Tornadus-Therian, M|100\/100|[from] U-turn\n|\n|upkeep\n|turn|34\n|c|\u2606grass knot zygarde|i felt kinda bad\n|\n|t:|1699861074\n|-terastallize|p1a: Roboco|Steel\n|-terastallize|p2a: Tornadus|Flying\n|move|p1a: Roboco|Calm Mind|p1a: Roboco\n|-boost|p1a: Roboco|spa|1\n|-boost|p1a: Roboco|spd|1\n|move|p2a: Tornadus|Hurricane|p1a: Roboco\n|-resisted|p1a: Roboco\n|-damage|p1a: Roboco|72\/100\n|-start|p1a: Roboco|confusion\n|\n|upkeep\n|turn|35\n|\n|t:|1699861084\n|-activate|p1a: Roboco|confusion\n|move|p1a: Roboco|Thunderbolt|p2a: Tornadus\n|-supereffective|p2a: Tornadus\n|-damage|p2a: Tornadus|32\/100\n|move|p2a: Tornadus|Heat Wave|p1a: Roboco\n|-supereffective|p1a: Roboco\n|-damage|p1a: Roboco|28\/100\n|\n|upkeep\n|turn|36\n|c|\u2606Xy1n|hit yourself\n|c|\u2606Xy1n|please\n|\n|t:|1699861092\n|-activate|p1a: Roboco|confusion\n|-damage|p1a: Roboco|14\/100|[from] confusion\n|move|p2a: Tornadus|Heat Wave|p1a: Roboco\n|-supereffective|p1a: Roboco\n|-damage|p1a: Roboco|0 fnt\n|faint|p1a: Roboco\n|-end|p1a: Roboco|Quark Drive|[silent]\n|\n|upkeep\n|\n|t:|1699861099\n|switch|p1a: we're tyraniback|Tyranitar-Mega, F, shiny|61\/100\n|-weather|Sandstorm|[from] ability: Sand Stream|[of] p1a: we're tyraniback\n|turn|37\n|c|\u2606Xy1n|!dt confused\nNo Pok\u00e9mon, item, move, ability or nature named 'confused' was found. Showing the data of 'Confusion' instead.\n|raw|<ul class=\"utilichart\"><li class=\"result\"><span class=\"col movenamecol\"><a href=\"https:\/\/dex.pokemonshowdown.com\/moves\/confusion\">Confusion<\/a><\/span> <span class=\"col typecol\"><img src=\"\/\/play.pokemonshowdown.com\/sprites\/types\/Psychic.png\" alt=\"Psychic\" width=\"32\" height=\"14\"><img src=\"\/\/play.pokemonshowdown.com\/sprites\/categories\/Special.png\" alt=\"Special\" width=\"32\" height=\"14\"><\/span> <span class=\"col labelcol\"><em>Power<\/em><br>50<\/span> <span class=\"col widelabelcol\"><em>Accuracy<\/em><br>100%<\/span> <span class=\"col pplabelcol\"><em>PP<\/em><br>40<\/span> <span class=\"col movedesccol\">10% chance to confuse the target.<\/span> <\/li><li style=\"clear:both\"><\/li><\/ul>\n|raw|<font size=\"1\"><font color=\"#686868\">Priority:<\/font> 0&nbsp;|&ThickSpace;<font color=\"#686868\">Gen:<\/font> 1&nbsp;|&ThickSpace;&#10003; Boosted by Sheer Force&nbsp;|&ThickSpace;<font color=\"#686868\">Z-Power:<\/font> 100&nbsp;|&ThickSpace;<font color=\"#686868\">Dynamax Power:<\/font> 100&nbsp;|&ThickSpace;<font color=\"#686868\">Target:<\/font> One Adjacent Pok\u00e9mon<\/font>\n\n|\n|t:|1699861108\n|move|p2a: Tornadus|U-turn|p1a: we're tyraniback\n|-supereffective|p1a: we're tyraniback\n|-damage|p1a: we're tyraniback|41\/100\n|-activate|p2a: Tornadus|move: Pursuit\n|move|p1a: we're tyraniback|Pursuit|p2a: Tornadus|[from]Pursuit\n|-crit|p2a: Tornadus\n|-damage|p2a: Tornadus|0 fnt\n|faint|p2a: Tornadus\n|\n|-weather|Sandstorm|[upkeep]\n|upkeep\n|\n|t:|1699861110\n|switch|p2a: Lopunny|Lopunny-Mega, F|53\/100 brn\n|turn|38\n|c|\u2606grass knot zygarde|confusion is 50%\n|c|\u2606Xy1n|ohh\n|\n|t:|1699861121\n|switch|p1a: Takanashi Kiara|Moltres, shiny|100\/100\n|move|p2a: Lopunny|Fake Out|p1a: Takanashi Kiara\n|-damage|p1a: Takanashi Kiara|89\/100\n|\n|-weather|Sandstorm|[upkeep]\n|-damage|p2a: Lopunny|47\/100 brn|[from] Sandstorm\n|-damage|p1a: Takanashi Kiara|83\/100|[from] Sandstorm\n|-damage|p2a: Lopunny|41\/100 brn|[from] brn\n|upkeep\n|turn|39\n|\n|t:|1699861127\n|move|p2a: Lopunny|Frustration|p1a: Takanashi Kiara\n|-crit|p1a: Takanashi Kiara\n|-damage|p1a: Takanashi Kiara|83\/100\n|move|p1a: Takanashi Kiara|Flamethrower|p2a: Lopunny\n|-damage|p2a: Lopunny|0 fnt\n|faint|p2a: Lopunny\n|\n|win|grass knot zygarde\n|c|\u2606Xy1n|gg\n|c|\u2606grass knot zygarde|???\n|c|\u2606grass knot zygarde|LOL\n|c|\u2606grass knot zygarde|DID U NOT\n|c|\u2606grass knot zygarde|XYIN\n|c|\u2606grass knot zygarde|COME ON NOW\n|c|\u2606Xy1n|i have the happiness on 255\n|c|\u2606grass knot zygarde|HAHAHAHA\n","uploadtime":1699861159,"views":5,"p1id":"grassknotzygarde","p2id":"xy1n","formatid":"gen9nationaldex","rating":0,"private":0,"password":""}