{"id":"gen9nationaldex-1988826585","p1":"Xukuijun","p2":"CHSwhite","format":"[Gen 9] National Dex","log":"|j|\u2606Xukuijun\n|j|\u2606CHSwhite\n|t:|1699769084\n|gametype|singles\n|player|p1|Xukuijun|hilbert-wonderlauncher|1566\n|player|p2|CHSwhite|gentleman-gen4|1678\n|teamsize|p1|6\n|teamsize|p2|6\n|gen|9\n|tier|[Gen 9] National Dex\n|rated|\n|rule|HP Percentage Mod: HP is shown in percentages\n|rule|Endless Battle Clause: Forcing endless battles is banned\n|rule|OHKO Clause: OHKO moves are banned\n|rule|Evasion Clause: Evasion abilities, items, and moves are banned\n|rule|Evasion Abilities Clause: Evasion abilities are banned\n|rule|Evasion Items Clause: Evasion items are banned\n|rule|Evasion Moves Clause: Evasion moves are banned\n|rule|Species Clause: Limit one of each Pok\u00e9mon\n|rule|Sleep Clause Mod: Limit one foe put to sleep\n|clearpoke\n|poke|p1|Pelipper, F|\n|poke|p1|Ferrothorn, F|\n|poke|p1|Swampert, F|\n|poke|p1|Zapdos|\n|poke|p1|Iron Treads|\n|poke|p1|Greninja-*, M|\n|poke|p2|Tapu Lele|\n|poke|p2|Alomomola, M|\n|poke|p2|Chansey, F|\n|poke|p2|Lopunny, F|\n|poke|p2|Corviknight, F|\n|poke|p2|Gliscor, M|\n|teampreview\n|\n|t:|1699769102\n|start\n|switch|p1a: Pelipper|Pelipper, F|100\/100\n|switch|p2a: Tapu Lele|Tapu Lele|100\/100\n|-fieldstart|move: Psychic Terrain|[from] ability: Psychic Surge|[of] p2a: Tapu Lele\n|-weather|RainDance|[from] ability: Drizzle|[of] p1a: Pelipper\n|turn|1\n|\n|t:|1699769110\n|switch|p2a: Lopunny|Lopunny, F|100\/100\n|switch|p1a: Iron Treads|Iron Treads|100\/100\n|-enditem|p1a: Iron Treads|Booster Energy\n|-activate|p1a: Iron Treads|ability: Quark Drive|[fromitem]\n|-start|p1a: Iron Treads|quarkdrivespe\n|\n|-weather|RainDance|[upkeep]\n|upkeep\n|turn|2\n|\n|t:|1699769121\n|detailschange|p2a: Lopunny|Lopunny-Mega, F\n|-mega|p2a: Lopunny|Lopunny|Lopunnite\n|move|p1a: Iron Treads|Iron Head|p2a: Lopunny\n|-damage|p2a: Lopunny|49\/100\n|move|p2a: Lopunny|Close Combat|p1a: Iron Treads\n|-supereffective|p1a: Iron Treads\n|-damage|p1a: Iron Treads|0 fnt\n|-unboost|p2a: Lopunny|def|1\n|-unboost|p2a: Lopunny|spd|1\n|faint|p1a: Iron Treads\n|-end|p1a: Iron Treads|Quark Drive|[silent]\n|\n|-weather|RainDance|[upkeep]\n|upkeep\n|\n|t:|1699769131\n|switch|p1a: Swampert|Swampert, F|100\/100\n|turn|3\n|\n|t:|1699769142\n|switch|p2a: Alomomola|Alomomola, M|100\/100\n|detailschange|p1a: Swampert|Swampert-Mega, F\n|-mega|p1a: Swampert|Swampert|Swampertite\n|move|p1a: Swampert|Flip Turn|p2a: Alomomola\n|-resisted|p2a: Alomomola\n|-damage|p2a: Alomomola|86\/100\n|\n|t:|1699769151\n|switch|p1a: Greninja|Greninja, M|100\/100|[from] Flip Turn\n|\n|-weather|RainDance|[upkeep]\n|upkeep\n|turn|4\n|\n|t:|1699769163\n|switch|p2a: Chansey|Chansey, F|100\/100\n|move|p1a: Greninja|Dark Pulse|p2a: Chansey\n|-damage|p2a: Chansey|86\/100\n|-damage|p1a: Greninja|91\/100|[from] item: Life Orb\n|\n|-weather|RainDance|[upkeep]\n|upkeep\n|turn|5\n|\n|t:|1699769174\n|switch|p1a: Ferrothorn|Ferrothorn, F|100\/100\n|move|p2a: Chansey|Thunder Wave|p1a: Ferrothorn\n|-status|p1a: Ferrothorn|par\n|\n|-weather|RainDance|[upkeep]\n|-fieldend|move: Psychic Terrain\n|upkeep\n|turn|6\n|inactive|Battle timer is ON: inactive players will automatically lose when time's up. (requested by Xukuijun)\n|\n|t:|1699769184\n|switch|p2a: Gliscor|Gliscor, M|100\/100\n|move|p1a: Ferrothorn|Stealth Rock|p2a: Gliscor\n|-sidestart|p2: CHSwhite|move: Stealth Rock\n|\n|-weather|RainDance|[upkeep]\n|-status|p2a: Gliscor|tox|[from] item: Toxic Orb\n|upkeep\n|turn|7\n|\n|t:|1699769192\n|move|p2a: Gliscor|Spikes|p1a: Ferrothorn\n|-sidestart|p1: Xukuijun|Spikes\n|move|p1a: Ferrothorn|Gyro Ball|p2a: Gliscor\n|-damage|p2a: Gliscor|60\/100 tox\n|\n|-weather|RainDance|[upkeep]\n|-heal|p2a: Gliscor|73\/100 tox|[from] ability: Poison Heal\n|upkeep\n|turn|8\n|\n|t:|1699769207\n|switch|p1a: Swampert|Swampert-Mega, F|100\/100\n|-damage|p1a: Swampert|88\/100|[from] Spikes\n|move|p2a: Gliscor|Protect||[still]\n|-fail|p2a: Gliscor\n|\n|-weather|none\n|-heal|p2a: Gliscor|85\/100 tox|[from] ability: Poison Heal\n|upkeep\n|turn|9\n|\n|t:|1699769216\n|move|p2a: Gliscor|Protect|p2a: Gliscor\n|-singleturn|p2a: Gliscor|Protect\n|move|p1a: Swampert|Flip Turn|p2a: Gliscor\n|-activate|p2a: Gliscor|move: Protect\n|\n|-heal|p2a: Gliscor|98\/100 tox|[from] ability: Poison Heal\n|upkeep\n|turn|10\n|\n|t:|1699769231\n|switch|p2a: Alomomola|Alomomola, M|100\/100\n|move|p1a: Swampert|Flip Turn|p2a: Alomomola\n|-resisted|p2a: Alomomola\n|-crit|p2a: Alomomola\n|-damage|p2a: Alomomola|86\/100\n|\n|t:|1699769235\n|switch|p1a: Zapdos|Zapdos|100\/100|[from] Flip Turn\n|\n|upkeep\n|turn|11\n|\n|t:|1699769254\n|switch|p1a: Pelipper|Pelipper, F|100\/100\n|-weather|RainDance|[from] ability: Drizzle|[of] p1a: Pelipper\n|switch|p2a: Chansey|Chansey, F|86\/100\n|-damage|p2a: Chansey|73\/100|[from] Stealth Rock\n|\n|-weather|RainDance|[upkeep]\n|upkeep\n|turn|12\n|\n|t:|1699769271\n|move|p1a: Pelipper|U-turn|p2a: Chansey\n|-crit|p2a: Chansey\n|-damage|p2a: Chansey|65\/100\n|\n|t:|1699769275\n|switch|p1a: Swampert|Swampert-Mega, F|88\/100|[from] U-turn\n|-damage|p1a: Swampert|76\/100|[from] Spikes\n|move|p2a: Chansey|Soft-Boiled|p2a: Chansey\n|-heal|p2a: Chansey|100\/100\n|\n|-weather|RainDance|[upkeep]\n|upkeep\n|turn|13\n|\n|t:|1699769290\n|switch|p2a: Alomomola|Alomomola, M|100\/100\n|move|p1a: Swampert|Earthquake|p2a: Alomomola\n|-damage|p2a: Alomomola|68\/100\n|\n|-weather|RainDance|[upkeep]\n|upkeep\n|turn|14\n|\n|t:|1699769299\n|move|p1a: Swampert|Earthquake|p2a: Alomomola\n|-damage|p2a: Alomomola|35\/100\n|move|p2a: Alomomola|Wish|p2a: Alomomola\n|\n|-weather|RainDance|[upkeep]\n|upkeep\n|turn|15\n|\n|t:|1699769307\n|switch|p1a: Zapdos|Zapdos|100\/100\n|move|p2a: Alomomola|Protect||[still]\n|-fail|p2a: Alomomola\n|\n|-weather|RainDance|[upkeep]\n|-heal|p2a: Alomomola|85\/100|[from] move: Wish|[wisher] Alomomola\n|upkeep\n|turn|16\n|\n|t:|1699769317\n|switch|p2a: Chansey|Chansey, F|100\/100\n|-damage|p2a: Chansey|88\/100|[from] Stealth Rock\n|move|p1a: Zapdos|Volt Switch|p2a: Chansey\n|-damage|p2a: Chansey|77\/100\n|\n|t:|1699769322\n|switch|p1a: Swampert|Swampert-Mega, F|76\/100|[from] Volt Switch\n|-damage|p1a: Swampert|64\/100|[from] Spikes\n|\n|-weather|RainDance|[upkeep]\n|upkeep\n|turn|17\n|\n|t:|1699769332\n|switch|p2a: Alomomola|Alomomola, M|100\/100\n|move|p1a: Swampert|Earthquake|p2a: Alomomola\n|-damage|p2a: Alomomola|71\/100\n|\n|-weather|RainDance|[upkeep]\n|upkeep\n|turn|18\n|\n|t:|1699769341\n|move|p1a: Swampert|Earthquake|p2a: Alomomola\n|-damage|p2a: Alomomola|40\/100\n|move|p2a: Alomomola|Flip Turn|p1a: Swampert\n|-damage|p1a: Swampert|43\/100\n|\n|t:|1699769347\n|switch|p2a: Tapu Lele|Tapu Lele|100\/100|[from] Flip Turn\n|-damage|p2a: Tapu Lele|88\/100|[from] Stealth Rock\n|-fieldstart|move: Psychic Terrain|[from] ability: Psychic Surge|[of] p2a: Tapu Lele\n|\n|-weather|none\n|upkeep\n|turn|19\n|\n|t:|1699769363\n|switch|p1a: Pelipper|Pelipper, F|100\/100\n|-weather|RainDance|[from] ability: Drizzle|[of] p1a: Pelipper\n|move|p2a: Tapu Lele|Hidden Power|p1a: Pelipper\n|-resisted|p1a: Pelipper\n|-damage|p1a: Pelipper|93\/100\n|\n|-weather|RainDance|[upkeep]\n|upkeep\n|turn|20\n|j| Kawaii Irene\n|\n|t:|1699769378\n|switch|p2a: Alomomola|Alomomola, M|74\/100\n|move|p1a: Pelipper|U-turn|p2a: Alomomola\n|-damage|p2a: Alomomola|69\/100\n|\n|t:|1699769383\n|switch|p1a: Zapdos|Zapdos|100\/100|[from] U-turn\n|\n|-weather|RainDance|[upkeep]\n|upkeep\n|turn|21\n|\n|t:|1699769395\n|move|p2a: Alomomola|Protect|p2a: Alomomola\n|-singleturn|p2a: Alomomola|Protect\n|move|p1a: Zapdos|Volt Switch|p2a: Alomomola\n|-activate|p2a: Alomomola|move: Protect\n|\n|-weather|RainDance|[upkeep]\n|upkeep\n|turn|22\n|\n|t:|1699769403\n|switch|p2a: Chansey|Chansey, F|77\/100\n|-damage|p2a: Chansey|65\/100|[from] Stealth Rock\n|move|p1a: Zapdos|Volt Switch|p2a: Chansey\n|-damage|p2a: Chansey|54\/100\n|\n|t:|1699769411\n|switch|p1a: Greninja|Greninja, M|91\/100|[from] Volt Switch\n|-damage|p1a: Greninja|78\/100|[from] Spikes\n|\n|-weather|RainDance|[upkeep]\n|-fieldend|move: Psychic Terrain\n|upkeep\n|turn|23\n|\n|t:|1699769420\n|move|p1a: Greninja|Dark Pulse|p2a: Chansey\n|-damage|p2a: Chansey|41\/100\n|-damage|p1a: Greninja|69\/100|[from] item: Life Orb\n|move|p2a: Chansey|Soft-Boiled|p2a: Chansey\n|-heal|p2a: Chansey|91\/100\n|\n|-weather|RainDance|[upkeep]\n|upkeep\n|turn|24\n|\n|t:|1699769431\n|switch|p1a: Swampert|Swampert-Mega, F|43\/100\n|-damage|p1a: Swampert|31\/100|[from] Spikes\n|move|p2a: Chansey|Thunder Wave|p1a: Swampert\n|-immune|p1a: Swampert\n|\n|-weather|RainDance|[upkeep]\n|upkeep\n|turn|25\n|j| Yeayyyyyyyyyyyy\n|\n|t:|1699769441\n|switch|p2a: Alomomola|Alomomola, M|100\/100\n|move|p1a: Swampert|Earthquake|p2a: Alomomola\n|-damage|p2a: Alomomola|70\/100\n|\n|-weather|RainDance|[upkeep]\n|upkeep\n|turn|26\n|\n|t:|1699769449\n|move|p1a: Swampert|Earthquake|p2a: Alomomola\n|-damage|p2a: Alomomola|37\/100\n|move|p2a: Alomomola|Flip Turn|p1a: Swampert\n|-damage|p1a: Swampert|10\/100\n|\n|t:|1699769459\n|switch|p2a: Tapu Lele|Tapu Lele|88\/100|[from] Flip Turn\n|-damage|p2a: Tapu Lele|76\/100|[from] Stealth Rock\n|-fieldstart|move: Psychic Terrain|[from] ability: Psychic Surge|[of] p2a: Tapu Lele\n|\n|-weather|none\n|upkeep\n|turn|27\n|\n|t:|1699769476\n|switch|p1a: Pelipper|Pelipper, F|93\/100\n|-weather|RainDance|[from] ability: Drizzle|[of] p1a: Pelipper\n|move|p2a: Tapu Lele|Moonblast|p1a: Pelipper\n|-damage|p1a: Pelipper|20\/100\n|\n|-weather|RainDance|[upkeep]\n|upkeep\n|turn|28\n|\n|t:|1699769486\n|switch|p1a: Ferrothorn|Ferrothorn, F|100\/100 par\n|-damage|p1a: Ferrothorn|88\/100 par|[from] Spikes\n|move|p2a: Tapu Lele|Moonblast|p1a: Ferrothorn\n|-resisted|p1a: Ferrothorn\n|-damage|p1a: Ferrothorn|54\/100 par\n|\n|-weather|RainDance|[upkeep]\n|-heal|p1a: Ferrothorn|60\/100 par|[from] item: Leftovers\n|upkeep\n|turn|29\n|\n|t:|1699769504\n|switch|p2a: Gliscor|Gliscor, M|98\/100 tox\n|-damage|p2a: Gliscor|85\/100 tox|[from] Stealth Rock\n|cant|p1a: Ferrothorn|par\n|\n|-weather|RainDance|[upkeep]\n|-heal|p1a: Ferrothorn|66\/100 par|[from] item: Leftovers\n|-heal|p2a: Gliscor|98\/100 tox|[from] ability: Poison Heal\n|upkeep\n|turn|30\n|l| Yeayyyyyyyyyyyy\n|\n|t:|1699769515\n|switch|p1a: Swampert|Swampert-Mega, F|10\/100\n|-damage|p1a: Swampert|0 fnt|[from] Spikes\n|faint|p1a: Swampert\n|move|p2a: Gliscor|Spikes|p1: Swampert\n|-sidestart|p1: Xukuijun|Spikes\n|\n|-weather|RainDance|[upkeep]\n|-heal|p2a: Gliscor|100\/100 tox|[from] ability: Poison Heal\n|-fieldend|move: Psychic Terrain\n|upkeep\n|\n|t:|1699769518\n|switch|p1a: Greninja|Greninja, M|69\/100\n|-damage|p1a: Greninja|52\/100|[from] Spikes\n|turn|31\n|\n|t:|1699769523\n|switch|p2a: Chansey|Chansey, F|91\/100\n|-damage|p2a: Chansey|78\/100|[from] Stealth Rock\n|move|p1a: Greninja|Hydro Pump|p2a: Chansey|[miss]\n|-miss|p1a: Greninja|p2a: Chansey\n|\n|-weather|RainDance|[upkeep]\n|upkeep\n|turn|32\n|-message|Xukuijun forfeited.\n|\n|win|CHSwhite\n|raw|Xukuijun's rating: 1566 &rarr; <strong>1552<\/strong><br \/>(-14 for losing)\n|raw|CHSwhite's rating: 1678 &rarr; <strong>1692<\/strong><br \/>(+14 for winning)\n|l|\u2606Xukuijun\n","uploadtime":1699769546,"views":9,"p1id":"xukuijun","p2id":"chswhite","formatid":"gen9nationaldex","rating":1552,"private":0,"password":""}