{"id":"gen9nationaldex-1989015576","p1":"S8ivam","p2":"Xero Dracohart","format":"[Gen 9] National Dex","log":"|j|\u2606S8ivam\n|j|\u2606Xero Dracohart\n|t:|1699802469\n|gametype|singles\n|player|p1|S8ivam|red|1102\n|player|p2|Xero Dracohart|ingo|1025\n|teamsize|p1|6\n|teamsize|p2|6\n|gen|9\n|tier|[Gen 9] National Dex\n|rated|\n|rule|HP Percentage Mod: HP is shown in percentages\n|rule|Endless Battle Clause: Forcing endless battles is banned\n|rule|OHKO Clause: OHKO moves are banned\n|rule|Evasion Clause: Evasion abilities, items, and moves are banned\n|rule|Evasion Abilities Clause: Evasion abilities are banned\n|rule|Evasion Items Clause: Evasion items are banned\n|rule|Evasion Moves Clause: Evasion moves are banned\n|rule|Species Clause: Limit one of each Pok\u00e9mon\n|rule|Sleep Clause Mod: Limit one foe put to sleep\n|clearpoke\n|poke|p1|Torkoal, F|\n|poke|p1|Venusaur, M|\n|poke|p1|Swampert, M|\n|poke|p1|Blacephalon|\n|poke|p1|Tapu Fini|\n|poke|p1|Hydreigon, F|\n|poke|p2|Lopunny, M|\n|poke|p2|Glaceon, F|\n|poke|p2|Kleavor, M|\n|poke|p2|Feraligatr, F|\n|poke|p2|Clawitzer, F|\n|poke|p2|Arcanine-Hisui, M|\n|teampreview\n|inactive|Battle timer is ON: inactive players will automatically lose when time's up. (requested by S8ivam)\n|\n|t:|1699802480\n|start\n|switch|p1a: Torkoal|Torkoal, F|100\/100\n|switch|p2a: Kleavor|Kleavor, M|100\/100\n|-weather|SunnyDay|[from] ability: Drought|[of] p1a: Torkoal\n|turn|1\n|\n|t:|1699802486\n|move|p2a: Kleavor|Stone Axe|p1a: Torkoal\n|-supereffective|p1a: Torkoal\n|-damage|p1a: Torkoal|35\/100\n|-sidestart|p1: S8ivam|move: Stealth Rock\n|move|p1a: Torkoal|Rapid Spin|p2a: Kleavor\n|-resisted|p2a: Kleavor\n|-damage|p2a: Kleavor|96\/100\n|-boost|p1a: Torkoal|spe|1\n|-sideend|p1: S8ivam|Stealth Rock|[from] move: Rapid Spin|[of] p1a: Torkoal\n|\n|-weather|SunnyDay|[upkeep]\n|upkeep\n|turn|2\n|\n|t:|1699802499\n|switch|p1a: Venusaur|Venusaur, M|100\/100\n|move|p2a: Kleavor|Stone Axe|p1a: Venusaur|[miss]\n|-miss|p2a: Kleavor|p1a: Venusaur\n|\n|-weather|SunnyDay|[upkeep]\n|upkeep\n|turn|3\n|\n|t:|1699802505\n|-terastallize|p2a: Kleavor|Psychic\n|move|p1a: Venusaur|Giga Drain|p2a: Kleavor\n|-damage|p2a: Kleavor|24\/100\n|-damage|p1a: Venusaur|91\/100|[from] item: Life Orb\n|move|p2a: Kleavor|Psycho Cut|p1a: Venusaur\n|-supereffective|p1a: Venusaur\n|-damage|p1a: Venusaur|0 fnt\n|faint|p1a: Venusaur\n|\n|-weather|SunnyDay|[upkeep]\n|upkeep\n|\n|t:|1699802517\n|switch|p1a: Hydreigon|Hydreigon, F|100\/100\n|turn|4\n|\n|t:|1699802523\n|switch|p2a: Clawitzer|Clawitzer, F|100\/100\n|move|p1a: Hydreigon|U-turn|p2a: Clawitzer\n|-damage|p2a: Clawitzer|85\/100\n|\n|t:|1699802532\n|switch|p1a: Swampert|Swampert, M, shiny|100\/100|[from] U-turn\n|\n|-weather|SunnyDay|[upkeep]\n|upkeep\n|turn|5\n|\n|t:|1699802544\n|detailschange|p1a: Swampert|Swampert-Mega, M, shiny\n|-mega|p1a: Swampert|Swampert|Swampertite\n|move|p1a: Swampert|Superpower|p2a: Clawitzer\n|-damage|p2a: Clawitzer|47\/100\n|-unboost|p1a: Swampert|atk|1\n|-unboost|p1a: Swampert|def|1\n|move|p2a: Clawitzer|Water Pulse|p1a: Swampert\n|-damage|p1a: Swampert|84\/100\n|\n|-weather|SunnyDay|[upkeep]\n|upkeep\n|turn|6\n|\n|t:|1699802553\n|move|p1a: Swampert|Superpower|p2a: Clawitzer\n|-damage|p2a: Clawitzer|23\/100\n|-unboost|p1a: Swampert|atk|1\n|-unboost|p1a: Swampert|def|1\n|move|p2a: Clawitzer|Dragon Pulse|p1a: Swampert\n|-damage|p1a: Swampert|58\/100\n|\n|-weather|SunnyDay|[upkeep]\n|upkeep\n|turn|7\n|\n|t:|1699802574\n|move|p1a: Swampert|Superpower|p2a: Clawitzer\n|-damage|p2a: Clawitzer|5\/100\n|-unboost|p1a: Swampert|atk|1\n|-unboost|p1a: Swampert|def|1\n|move|p2a: Clawitzer|Water Pulse|p1a: Swampert\n|-damage|p1a: Swampert|41\/100\n|\n|-weather|SunnyDay|[upkeep]\n|upkeep\n|turn|8\n|\n|t:|1699802580\n|move|p1a: Swampert|Superpower|p2a: Clawitzer\n|-damage|p2a: Clawitzer|0 fnt\n|-unboost|p1a: Swampert|atk|1\n|-unboost|p1a: Swampert|def|1\n|faint|p2a: Clawitzer\n|\n|-weather|none\n|upkeep\n|\n|t:|1699802582\n|switch|p2a: Kleavor|Kleavor, M, tera:Psychic|24\/100\n|turn|9\n|\n|t:|1699802589\n|move|p2a: Kleavor|Trailblaze|p1a: Swampert\n|-supereffective|p1a: Swampert\n|-damage|p1a: Swampert|0 fnt\n|-boost|p2a: Kleavor|spe|1\n|faint|p1a: Swampert\n|\n|upkeep\n|\n|t:|1699802596\n|switch|p1a: Hydreigon|Hydreigon, F|100\/100\n|turn|10\n|\n|t:|1699802603\n|move|p2a: Kleavor|Stone Axe|p1a: Hydreigon\n|-damage|p1a: Hydreigon|30\/100\n|-sidestart|p1: S8ivam|move: Stealth Rock\n|move|p1a: Hydreigon|U-turn|p2a: Kleavor\n|-supereffective|p2a: Kleavor\n|-crit|p2a: Kleavor\n|-damage|p2a: Kleavor|0 fnt\n|faint|p2a: Kleavor\n|\n|t:|1699802611\n|switch|p1a: Torkoal|Torkoal, F|35\/100|[from] U-turn\n|-damage|p1a: Torkoal|10\/100|[from] Stealth Rock\n|-weather|SunnyDay|[from] ability: Drought|[of] p1a: Torkoal\n|\n|-weather|SunnyDay|[upkeep]\n|upkeep\n|\n|t:|1699802628\n|switch|p2a: Lopunny|Lopunny, M|100\/100\n|turn|11\n|\n|t:|1699802632\n|detailschange|p2a: Lopunny|Lopunny-Mega, M\n|-mega|p2a: Lopunny|Lopunny|Lopunnite\n|move|p2a: Lopunny|Return|p1a: Torkoal\n|-damage|p1a: Torkoal|0 fnt\n|faint|p1a: Torkoal\n|\n|-weather|SunnyDay|[upkeep]\n|upkeep\n|\n|t:|1699802639\n|switch|p1a: Tapu Fini|Tapu Fini|100\/100\n|-damage|p1a: Tapu Fini|88\/100|[from] Stealth Rock\n|-fieldstart|move: Misty Terrain|[from] ability: Misty Surge|[of] p1a: Tapu Fini\n|turn|12\n|\n|t:|1699802654\n|move|p2a: Lopunny|U-turn|p1a: Tapu Fini\n|-resisted|p1a: Tapu Fini\n|-damage|p1a: Tapu Fini|80\/100\n|\n|t:|1699802656\n|switch|p2a: Feraligatr|Feraligatr, F|100\/100|[from] U-turn\n|move|p1a: Tapu Fini|Moonblast|p2a: Feraligatr\n|-damage|p2a: Feraligatr|57\/100\n|-unboost|p2a: Feraligatr|spa|1\n|\n|-weather|SunnyDay|[upkeep]\n|-heal|p1a: Tapu Fini|86\/100|[from] item: Leftovers\n|upkeep\n|turn|13\n|\n|t:|1699802664\n|move|p2a: Feraligatr|Dragon Dance|p2a: Feraligatr\n|-boost|p2a: Feraligatr|atk|1\n|-boost|p2a: Feraligatr|spe|1\n|move|p1a: Tapu Fini|Moonblast|p2a: Feraligatr\n|-damage|p2a: Feraligatr|17\/100\n|\n|-weather|SunnyDay|[upkeep]\n|-heal|p1a: Tapu Fini|92\/100|[from] item: Leftovers\n|upkeep\n|turn|14\n|\n|t:|1699802671\n|move|p2a: Feraligatr|Liquidation|p1a: Tapu Fini\n|-resisted|p1a: Tapu Fini\n|-damage|p1a: Tapu Fini|75\/100\n|move|p1a: Tapu Fini|Moonblast|p2a: Feraligatr\n|-damage|p2a: Feraligatr|0 fnt\n|faint|p2a: Feraligatr\n|\n|-weather|SunnyDay|[upkeep]\n|-heal|p1a: Tapu Fini|82\/100|[from] item: Leftovers\n|upkeep\n|\n|t:|1699802676\n|switch|p2a: Arcanine|Arcanine-Hisui, M|100\/100\n|turn|15\n|\n|t:|1699802679\n|-terastallize|p1a: Tapu Fini|Water\n|move|p2a: Arcanine|Wild Charge|p1a: Tapu Fini\n|-supereffective|p1a: Tapu Fini\n|-damage|p1a: Tapu Fini|47\/100\n|move|p1a: Tapu Fini|Moonblast|p2a: Arcanine\n|-resisted|p2a: Arcanine\n|-damage|p2a: Arcanine|83\/100\n|\n|-weather|SunnyDay|[upkeep]\n|-heal|p1a: Tapu Fini|53\/100|[from] item: Leftovers\n|upkeep\n|turn|16\n|\n|t:|1699802691\n|switch|p1a: Hydreigon|Hydreigon, F|30\/100\n|-damage|p1a: Hydreigon|18\/100|[from] Stealth Rock\n|move|p2a: Arcanine|Wild Charge|p1a: Hydreigon\n|-resisted|p1a: Hydreigon\n|-damage|p1a: Hydreigon|3\/100\n|\n|-weather|SunnyDay|[upkeep]\n|-fieldend|Misty Terrain\n|upkeep\n|turn|17\n|\n|t:|1699802703\n|move|p1a: Hydreigon|Draco Meteor|p2a: Arcanine\n|-damage|p2a: Arcanine|0 fnt\n|-unboost|p1a: Hydreigon|spa|2\n|faint|p2a: Arcanine\n|\n|-weather|none\n|upkeep\n|\n|t:|1699802705\n|switch|p2a: Lopunny|Lopunny-Mega, M|100\/100\n|turn|18\n|\n|t:|1699802716\n|move|p2a: Lopunny|Return|p1a: Hydreigon\n|-damage|p1a: Hydreigon|0 fnt\n|faint|p1a: Hydreigon\n|\n|upkeep\n|\n|t:|1699802719\n|switch|p1a: Tapu Fini|Tapu Fini, tera:Water|53\/100\n|-damage|p1a: Tapu Fini|40\/100|[from] Stealth Rock\n|-fieldstart|move: Misty Terrain|[from] ability: Misty Surge|[of] p1a: Tapu Fini\n|turn|19\n|inactive|Xero Dracohart has 120 seconds left.\n|c|\u2606S8ivam|\ud83e\udec3\ud83c\udffd\n|\n|t:|1699802769\n|move|p2a: Lopunny|High Jump Kick|p1a: Tapu Fini\n|-damage|p1a: Tapu Fini|0 fnt\n|faint|p1a: Tapu Fini\n|\n|upkeep\n|\n|t:|1699802773\n|switch|p1a: Blacephalon|Blacephalon|100\/100\n|-damage|p1a: Blacephalon|76\/100|[from] Stealth Rock\n|turn|20\n|\n|t:|1699802781\n|switch|p2a: Glaceon|Glaceon, F|100\/100\n|move|p1a: Blacephalon|Psychic|p2a: Glaceon\n|-damage|p2a: Glaceon|77\/100\n|\n|upkeep\n|turn|21\n|\n|t:|1699802787\n|move|p1a: Blacephalon|Psychic|p2a: Glaceon\n|-damage|p2a: Glaceon|52\/100\n|move|p2a: Glaceon|Mirror Coat|p1a: Blacephalon\n|-damage|p1a: Blacephalon|22\/100\n|\n|upkeep\n|turn|22\n|\n|t:|1699802793\n|move|p1a: Blacephalon|Psychic|p2a: Glaceon\n|-damage|p2a: Glaceon|28\/100\n|move|p2a: Glaceon|Shadow Ball|p1a: Blacephalon\n|-supereffective|p1a: Blacephalon\n|-damage|p1a: Blacephalon|0 fnt\n|faint|p1a: Blacephalon\n|\n|win|Xero Dracohart\n|raw|S8ivam's rating: 1102 &rarr; <strong>1072<\/strong><br \/>(-30 for losing)\n|raw|Xero Dracohart's rating: 1025 &rarr; <strong>1069<\/strong><br \/>(+44 for winning)\n","uploadtime":1699802844,"views":4,"p1id":"s8ivam","p2id":"xerodracohart","formatid":"gen9nationaldex","rating":1069,"private":0,"password":""}