{"id":"gen9nationaldex-1994822980","p1":"The little ones","p2":"along time I","format":"[Gen 9] National Dex","log":"|html|<div class=\"broadcast-blue\"><strong>[Gen 9] National Dex is currently suspecting Sneasler! For information on how to participate check out the <a href=\"https:\/\/www.smogon.com\/forums\/threads\/sv-national-dex-suspect-8-just-dance.3731534\/\">suspect thread<\/a>.<\/strong><\/div>\n|j|\u2606The little ones\n|j|\u2606along time I\n|t:|1700496072\n|gametype|singles\n|player|p1|The little ones|burglar|\n|player|p2|along time I|bugcatcher-gen4dp|\n|teamsize|p1|6\n|teamsize|p2|6\n|gen|9\n|tier|[Gen 9] National Dex\n|rule|HP Percentage Mod: HP is shown in percentages\n|rule|Endless Battle Clause: Forcing endless battles is banned\n|rule|OHKO Clause: OHKO moves are banned\n|rule|Evasion Clause: Evasion abilities, items, and moves are banned\n|rule|Evasion Abilities Clause: Evasion abilities are banned\n|rule|Evasion Items Clause: Evasion items are banned\n|rule|Evasion Moves Clause: Evasion moves are banned\n|rule|Species Clause: Limit one of each Pok\u00e9mon\n|rule|Sleep Clause Mod: Limit one foe put to sleep\n|clearpoke\n|poke|p1|Rotom-Wash|\n|poke|p1|Zeraora|\n|poke|p1|Silvally-*|\n|poke|p1|Garchomp, F|\n|poke|p1|Diancie|\n|poke|p1|Charizard, F|\n|poke|p2|Onix, M|\n|poke|p2|Silvally-*|\n|poke|p2|Sandaconda, F|\n|poke|p2|Garchomp, M|\n|poke|p2|Dugtrio-Alola, M|\n|poke|p2|Great Tusk|\n|teampreview\n|\n|t:|1700496089\n|start\n|switch|p1a: Charizard|Charizard, F|100\/100\n|switch|p2a: Dugtrio|Dugtrio-Alola, M|100\/100\n|turn|1\n|\n|t:|1700496100\n|move|p1a: Charizard|Dual Wingbeat|p2a: Dugtrio\n|-resisted|p2a: Dugtrio\n|-damage|p2a: Dugtrio|85\/100\n|-resisted|p2a: Dugtrio\n|-damage|p2a: Dugtrio|68\/100\n|-hitcount|p2a: Dugtrio|2\n|move|p2a: Dugtrio|Earth Power|p1a: Charizard\n|-immune|p1a: Charizard\n|\n|upkeep\n|turn|2\n|\n|t:|1700496111\n|detailschange|p1a: Charizard|Charizard-Mega-X, F\n|-mega|p1a: Charizard|Charizard|Charizardite X\n|move|p1a: Charizard|Dragon Dance|p1a: Charizard\n|-boost|p1a: Charizard|atk|1\n|-boost|p1a: Charizard|spe|1\n|move|p2a: Dugtrio|Body Slam|p1a: Charizard\n|-damage|p1a: Charizard|74\/100\n|\n|upkeep\n|turn|3\n|\n|t:|1700496129\n|move|p1a: Charizard|Air Slash|p2a: Dugtrio\n|-resisted|p2a: Dugtrio\n|-damage|p2a: Dugtrio|52\/100\n|cant|p2a: Dugtrio|flinch\n|\n|upkeep\n|turn|4\n|\n|t:|1700496139\n|move|p1a: Charizard|Dragon Dance|p1a: Charizard\n|-boost|p1a: Charizard|atk|1\n|-boost|p1a: Charizard|spe|1\n|move|p2a: Dugtrio|Agility|p2a: Dugtrio\n|-boost|p2a: Dugtrio|spe|2\n|\n|upkeep\n|turn|5\n|\n|t:|1700496149\n|move|p1a: Charizard|Air Slash|p2a: Dugtrio\n|-resisted|p2a: Dugtrio\n|-damage|p2a: Dugtrio|33\/100\n|cant|p2a: Dugtrio|flinch\n|\n|upkeep\n|turn|6\n|\n|t:|1700496164\n|-terastallize|p2a: Dugtrio|Ground\n|move|p1a: Charizard|Air Slash|p2a: Dugtrio\n|-damage|p2a: Dugtrio|0 fnt\n|faint|p2a: Dugtrio\n|\n|upkeep\n|\n|t:|1700496172\n|switch|p2a: Silvally|Silvally-Ground|100\/100\n|turn|7\n|\n|t:|1700496191\n|switch|p1a: Rotom|Rotom-Wash|100\/100\n|move|p2a: Silvally|Crunch|p1a: Rotom\n|-damage|p1a: Rotom|70\/100\n|\n|-heal|p1a: Rotom|76\/100|[from] item: Leftovers\n|upkeep\n|turn|8\n|\n|t:|1700496206\n|move|p1a: Rotom|Electric Terrain|p1a: Rotom\n|-fieldstart|move: Electric Terrain\n|move|p2a: Silvally|Crunch|p1a: Rotom\n|-damage|p1a: Rotom|47\/100\n|\n|-heal|p1a: Rotom|54\/100|[from] item: Leftovers\n|upkeep\n|turn|9\n|\n|t:|1700496216\n|move|p1a: Rotom|Rising Voltage|p2a: Silvally\n|-immune|p2a: Silvally\n|move|p2a: Silvally|Crunch|p1a: Rotom\n|-crit|p1a: Rotom\n|-damage|p1a: Rotom|12\/100\n|\n|-heal|p1a: Rotom|18\/100|[from] item: Leftovers\n|upkeep\n|turn|10\n|\n|t:|1700496228\n|switch|p1a: Silvally|Silvally-Electric|100\/100\n|move|p2a: Silvally|Crunch|p1a: Silvally\n|-damage|p1a: Silvally|73\/100\n|\n|upkeep\n|turn|11\n|\n|t:|1700496236\n|move|p1a: Silvally|Draco Meteor|p2a: Silvally\n|-damage|p2a: Silvally|75\/100\n|-unboost|p1a: Silvally|spa|2\n|move|p2a: Silvally|Crunch|p1a: Silvally\n|-damage|p1a: Silvally|44\/100\n|\n|upkeep\n|turn|12\n|\n|t:|1700496247\n|move|p1a: Silvally|Double-Edge|p2a: Silvally\n|-damage|p2a: Silvally|43\/100\n|-damage|p1a: Silvally|31\/100|[from] Recoil\n|move|p2a: Silvally|Crunch|p1a: Silvally\n|-damage|p1a: Silvally|6\/100\n|\n|-fieldend|move: Electric Terrain\n|upkeep\n|turn|13\n|\n|t:|1700496257\n|move|p1a: Silvally|Double-Edge|p2a: Silvally\n|-damage|p2a: Silvally|11\/100\n|-damage|p1a: Silvally|0 fnt|[from] Recoil\n|faint|p1a: Silvally\n|move|p2a: Silvally|Crunch|p1: Silvally|[notarget]\n|-fail|p2a: Silvally\n|\n|upkeep\n|\n|t:|1700496266\n|switch|p1a: Diancie|Diancie|100\/100\n|turn|14\n|\n|t:|1700496277\n|move|p2a: Silvally|Crunch|p1a: Diancie\n|-resisted|p1a: Diancie\n|-crit|p1a: Diancie\n|-damage|p1a: Diancie|83\/100\n|move|p1a: Diancie|Dazzling Gleam|p2a: Silvally\n|-crit|p2a: Silvally\n|-damage|p2a: Silvally|0 fnt\n|faint|p2a: Silvally\n|\n|upkeep\n|\n|t:|1700496287\n|switch|p2a: Sandaconda|Sandaconda, F|100\/100\n|turn|15\n|\n|t:|1700496297\n|move|p1a: Diancie|Draining Kiss|p2a: Sandaconda\n|-damage|p2a: Sandaconda|71\/100\n|-heal|p1a: Diancie|100\/100|[from] drain|[of] p2a: Sandaconda\n|-weather|Sandstorm|[from] ability: Sand Spit|[of] p2a: Sandaconda\n|move|p2a: Sandaconda|Body Press|p1a: Diancie\n|-damage|p1a: Diancie|79\/100\n|\n|-weather|Sandstorm|[upkeep]\n|upkeep\n|turn|16\n|\n|t:|1700496309\n|move|p1a: Diancie|Draining Kiss|p2a: Sandaconda\n|-damage|p2a: Sandaconda|44\/100\n|-heal|p1a: Diancie|100\/100|[from] drain|[of] p2a: Sandaconda\n|move|p2a: Sandaconda|Body Slam|p1a: Diancie\n|-resisted|p1a: Diancie\n|-damage|p1a: Diancie|88\/100\n|-status|p1a: Diancie|par\n|\n|-weather|Sandstorm|[upkeep]\n|upkeep\n|turn|17\n|\n|t:|1700496324\n|move|p2a: Sandaconda|Coil|p2a: Sandaconda\n|-boost|p2a: Sandaconda|atk|1\n|-boost|p2a: Sandaconda|def|1\n|-boost|p2a: Sandaconda|accuracy|1\n|move|p1a: Diancie|Draining Kiss|p2a: Sandaconda\n|-damage|p2a: Sandaconda|16\/100\n|-heal|p1a: Diancie|100\/100 par|[from] drain|[of] p2a: Sandaconda\n|\n|-weather|Sandstorm|[upkeep]\n|upkeep\n|turn|18\n|\n|t:|1700496334\n|move|p2a: Sandaconda|Body Press|p1a: Diancie\n|-damage|p1a: Diancie|64\/100 par\n|move|p1a: Diancie|Calm Mind|p1a: Diancie\n|-boost|p1a: Diancie|spa|1\n|-boost|p1a: Diancie|spd|1\n|\n|-weather|Sandstorm|[upkeep]\n|upkeep\n|turn|19\n|\n|t:|1700496345\n|move|p2a: Sandaconda|Body Press|p1a: Diancie\n|-damage|p1a: Diancie|31\/100 par\n|cant|p1a: Diancie|par\n|\n|-weather|none\n|upkeep\n|turn|20\n|\n|t:|1700496353\n|move|p2a: Sandaconda|Body Press|p1a: Diancie\n|-damage|p1a: Diancie|0 fnt\n|faint|p1a: Diancie\n|\n|upkeep\n|\n|t:|1700496363\n|switch|p1a: Zeraora|Zeraora|100\/100\n|turn|21\n|\n|t:|1700496371\n|move|p1a: Zeraora|Plasma Fists|p2a: Sandaconda\n|-immune|p2a: Sandaconda\n|move|p2a: Sandaconda|Drill Run|p1a: Zeraora\n|-supereffective|p1a: Zeraora\n|-damage|p1a: Zeraora|0 fnt\n|-damage|p2a: Sandaconda|0 fnt|[from] item: Rocky Helmet|[of] p1a: Zeraora\n|faint|p1a: Zeraora\n|faint|p2a: Sandaconda\n|\n|upkeep\n|\n|t:|1700496382\n|switch|p1a: Charizard|Charizard-Mega-X, F|74\/100\n|switch|p2a: Garchomp|Garchomp, M|100\/100\n|turn|22\n|\n|t:|1700496391\n|switch|p1a: Garchomp|Garchomp, F|100\/100\n|move|p2a: Garchomp|Aqua Tail|p1a: Garchomp\n|-damage|p1a: Garchomp|71\/100\n|-damage|p2a: Garchomp|88\/100|[from] ability: Rough Skin|[of] p1a: Garchomp\n|\n|upkeep\n|turn|23\n|\n|t:|1700496404\n|move|p1a: Garchomp|Frustration|p2a: Garchomp\n|-damage|p2a: Garchomp|57\/100\n|-damage|p1a: Garchomp|58\/100|[from] ability: Rough Skin|[of] p2a: Garchomp\n|move|p2a: Garchomp|Brick Break|p1a: Garchomp\n|-damage|p1a: Garchomp|31\/100\n|-damage|p2a: Garchomp|44\/100|[from] ability: Rough Skin|[of] p1a: Garchomp\n|\n|upkeep\n|turn|24\n|\n|t:|1700496416\n|move|p1a: Garchomp|Earthquake|p2a: Garchomp\n|-damage|p2a: Garchomp|3\/100\n|move|p2a: Garchomp|Crunch|p1a: Garchomp\n|-crit|p1a: Garchomp\n|-damage|p1a: Garchomp|0 fnt\n|-damage|p2a: Garchomp|0 fnt|[from] ability: Rough Skin|[of] p1a: Garchomp\n|faint|p1a: Garchomp\n|faint|p2a: Garchomp\n|\n|upkeep\n|\n|t:|1700496428\n|switch|p1a: Rotom|Rotom-Wash|18\/100\n|switch|p2a: Onix|Onix, M|100\/100\n|turn|25\n|\n|t:|1700496439\n|move|p1a: Rotom|Hydro Pump|p2a: Onix\n|-supereffective|p2a: Onix\n|-enditem|p2a: Onix|Focus Sash\n|-damage|p2a: Onix|1\/100\n|move|p2a: Onix|Ancient Power|p1a: Rotom\n|-crit|p1a: Rotom\n|-damage|p1a: Rotom|0 fnt\n|faint|p1a: Rotom\n|\n|upkeep\n|\n|t:|1700496449\n|switch|p1a: Charizard|Charizard-Mega-X, F|74\/100\n|turn|26\n|\n|t:|1700496457\n|move|p1a: Charizard|Dual Wingbeat|p2a: Onix\n|-resisted|p2a: Onix\n|-damage|p2a: Onix|0 fnt\n|faint|p2a: Onix\n|-hitcount|p2: Onix|1\n|\n|upkeep\n|\n|t:|1700496463\n|switch|p2a: Great Tusk|Great Tusk|100\/100\n|turn|27\n|\n|t:|1700496478\n|move|p1a: Charizard|Blaze Kick|p2a: Great Tusk\n|-damage|p2a: Great Tusk|64\/100\n|move|p2a: Great Tusk|Brick Break|p1a: Charizard\n|-damage|p1a: Charizard|35\/100\n|\n|upkeep\n|turn|28\n|\n|t:|1700496487\n|move|p1a: Charizard|Blaze Kick|p2a: Great Tusk\n|-damage|p2a: Great Tusk|21\/100\n|move|p2a: Great Tusk|Body Press|p1a: Charizard\n|-damage|p1a: Charizard|0 fnt\n|faint|p1a: Charizard\n|\n|win|along time I\n|l|\u2606The little ones\n","uploadtime":1700496502,"views":1,"p1id":"thelittleones","p2id":"alongtimei","formatid":"gen9nationaldex","rating":0,"private":0,"password":""}