{"id":"gen9nationaldex-1996901881","p1":"heimao1","p2":"bloody moth","format":"[Gen 9] National Dex","log":"|html|<div class=\"broadcast-blue\"><strong>[Gen 9] National Dex is currently suspecting Sneasler! For information on how to participate check out the <a href=\"https:\/\/www.smogon.com\/forums\/threads\/sv-national-dex-suspect-8-just-dance.3731534\/\">suspect thread<\/a>.<\/strong><\/div>\n|j|\u2606heimao1\n|j|\u2606bloody moth\n|t:|1700742548\n|gametype|singles\n|player|p1|heimao1|265|1534\n|player|p2|bloody moth|dawn|1548\n|teamsize|p1|6\n|teamsize|p2|6\n|gen|9\n|tier|[Gen 9] National Dex\n|rated|\n|rule|HP Percentage Mod: HP is shown in percentages\n|rule|Endless Battle Clause: Forcing endless battles is banned\n|rule|OHKO Clause: OHKO moves are banned\n|rule|Evasion Clause: Evasion abilities, items, and moves are banned\n|rule|Evasion Abilities Clause: Evasion abilities are banned\n|rule|Evasion Items Clause: Evasion items are banned\n|rule|Evasion Moves Clause: Evasion moves are banned\n|rule|Species Clause: Limit one of each Pok\u00e9mon\n|rule|Sleep Clause Mod: Limit one foe put to sleep\n|clearpoke\n|poke|p1|Aerodactyl, F|\n|poke|p1|Corviknight, M|\n|poke|p1|Dragonite, F|\n|poke|p1|Skeledirge, F|\n|poke|p1|Zapdos|\n|poke|p1|Chansey, F|\n|poke|p2|Sirfetch\u2019d, M|\n|poke|p2|Aegislash, F|\n|poke|p2|Tapu Koko|\n|poke|p2|Charizard, F|\n|poke|p2|Great Tusk|\n|poke|p2|Dragonite, F|\n|teampreview\n|\n|t:|1700742559\n|start\n|switch|p1a: Aerodactyl|Aerodactyl, F|100\/100\n|switch|p2a: Sirfetch\u2019d|Sirfetch\u2019d, M|100\/100\n|-ability|p1a: Aerodactyl|Pressure\n|turn|1\n|\n|t:|1700742567\n|switch|p2a: Aegislash|Aegislash, F|100\/100\n|detailschange|p1a: Aerodactyl|Aerodactyl-Mega, F\n|-mega|p1a: Aerodactyl|Aerodactyl|Aerodactylite\n|move|p1a: Aerodactyl|Dual Wingbeat|p2a: Aegislash|[miss]\n|-miss|p1a: Aerodactyl|p2a: Aegislash\n|\n|upkeep\n|turn|2\n|\n|t:|1700742581\n|move|p1a: Aerodactyl|Earthquake|p2a: Aegislash\n|-supereffective|p2a: Aegislash\n|-damage|p2a: Aegislash|36\/100\n|-formechange|p2a: Aegislash|Aegislash-Blade||[from] ability: Stance Change\n|move|p2a: Aegislash|Shadow Ball|p1a: Aerodactyl\n|-damage|p1a: Aerodactyl|40\/100\n|\n|-heal|p2a: Aegislash|42\/100|[from] item: Leftovers\n|upkeep\n|turn|3\n|\n|t:|1700742595\n|-formechange|p2a: Aegislash|Aegislash||[from] ability: Stance Change\n|move|p2a: Aegislash|King's Shield|p2a: Aegislash\n|-singleturn|p2a: Aegislash|Protect\n|move|p1a: Aerodactyl|Earthquake|p2a: Aegislash\n|-activate|p2a: Aegislash|move: Protect\n|\n|-heal|p2a: Aegislash|48\/100|[from] item: Leftovers\n|upkeep\n|turn|4\n|\n|t:|1700742608\n|switch|p2a: Dragonite|Dragonite, F|100\/100\n|move|p1a: Aerodactyl|Dual Wingbeat|p2a: Dragonite\n|-damage|p2a: Dragonite|85\/100\n|-damage|p2a: Dragonite|53\/100\n|-hitcount|p2a: Dragonite|2\n|\n|upkeep\n|turn|5\n|\n|t:|1700742618\n|-terastallize|p2a: Dragonite|Normal\n|move|p2a: Dragonite|Extreme Speed|p1a: Aerodactyl\n|-resisted|p1a: Aerodactyl\n|-damage|p1a: Aerodactyl|0 fnt\n|faint|p1a: Aerodactyl\n|\n|upkeep\n|\n|t:|1700742628\n|switch|p1a: Zapdos|Zapdos|100\/100\n|turn|6\n|\n|t:|1700742633\n|move|p2a: Dragonite|Extreme Speed|p1a: Zapdos\n|-damage|p1a: Zapdos|14\/100\n|move|p1a: Zapdos|Hurricane|p2a: Dragonite\n|-damage|p2a: Dragonite|0 fnt\n|faint|p2a: Dragonite\n|\n|upkeep\n|\n|t:|1700742637\n|switch|p2a: Tapu Koko|Tapu Koko|100\/100\n|-fieldstart|move: Electric Terrain|[from] ability: Electric Surge|[of] p2a: Tapu Koko\n|turn|7\n|\n|t:|1700742645\n|switch|p1a: Chansey|Chansey, F|100\/100\n|move|p2a: Tapu Koko|Volt Switch|p1a: Chansey\n|-damage|p1a: Chansey|83\/100\n|\n|t:|1700742649\n|switch|p2a: Sirfetch\u2019d|Sirfetch\u2019d, M|100\/100|[from] Volt Switch\n|\n|upkeep\n|turn|8\n|\n|t:|1700742655\n|switch|p1a: Corviknight|Corviknight, M|100\/100\n|-ability|p1a: Corviknight|Pressure\n|move|p2a: Sirfetch\u2019d|Knock Off|p1a: Corviknight\n|-damage|p1a: Corviknight|69\/100\n|-enditem|p1a: Corviknight|Covert Cloak|[from] move: Knock Off|[of] p2a: Sirfetch\u2019d\n|-damage|p2a: Sirfetch\u2019d|91\/100|[from] item: Life Orb\n|\n|upkeep\n|turn|9\n|\n|t:|1700742666\n|move|p1a: Corviknight|Roost|p1a: Corviknight\n|-heal|p1a: Corviknight|100\/100\n|-singleturn|p1a: Corviknight|move: Roost\n|move|p2a: Sirfetch\u2019d|Close Combat|p1a: Corviknight\n|-supereffective|p1a: Corviknight\n|-damage|p1a: Corviknight|0 fnt\n|-unboost|p2a: Sirfetch\u2019d|def|1\n|-unboost|p2a: Sirfetch\u2019d|spd|1\n|faint|p1a: Corviknight\n|-damage|p2a: Sirfetch\u2019d|81\/100|[from] item: Life Orb\n|\n|upkeep\n|\n|t:|1700742682\n|switch|p1a: Dragonite|Dragonite, F|100\/100\n|turn|10\n|\n|t:|1700742689\n|switch|p2a: Aegislash|Aegislash, F|48\/100\n|move|p1a: Dragonite|Dragon Dance|p1a: Dragonite\n|-boost|p1a: Dragonite|atk|1\n|-boost|p1a: Dragonite|spe|1\n|\n|-heal|p2a: Aegislash|54\/100|[from] item: Leftovers\n|upkeep\n|turn|11\n|\n|t:|1700742697\n|move|p1a: Dragonite|Earthquake|p2a: Aegislash\n|-supereffective|p2a: Aegislash\n|-damage|p2a: Aegislash|0 fnt\n|faint|p2a: Aegislash\n|\n|-fieldend|move: Electric Terrain\n|upkeep\n|\n|t:|1700742709\n|switch|p2a: Sirfetch\u2019d|Sirfetch\u2019d, M|81\/100\n|turn|12\n|\n|t:|1700742713\n|move|p2a: Sirfetch\u2019d|First Impression|p1a: Dragonite\n|-resisted|p1a: Dragonite\n|-damage|p1a: Dragonite|87\/100\n|-damage|p2a: Sirfetch\u2019d|71\/100|[from] item: Life Orb\n|move|p1a: Dragonite|Earthquake|p2a: Sirfetch\u2019d\n|-damage|p2a: Sirfetch\u2019d|11\/100\n|\n|upkeep\n|turn|13\n|\n|t:|1700742722\n|move|p1a: Dragonite|Facade|p2a: Sirfetch\u2019d\n|-damage|p2a: Sirfetch\u2019d|0 fnt\n|faint|p2a: Sirfetch\u2019d\n|\n|upkeep\n|\n|t:|1700742725\n|switch|p2a: Great Tusk|Great Tusk, shiny|100\/100\n|turn|14\n|\n|t:|1700742730\n|-zpower|p1a: Dragonite\n|move|p1a: Dragonite|Devastating Drake|p2a: Great Tusk|[zeffect]\n|-damage|p2a: Great Tusk|0 fnt\n|faint|p2a: Great Tusk\n|-end|p2a: Great Tusk|Protosynthesis|[silent]\n|\n|upkeep\n|-message|bloody moth forfeited.\n|\n|win|heimao1\n|raw|heimao1's rating: 1534 &rarr; <strong>1555<\/strong><br \/>(+21 for winning)\n|raw|bloody moth's rating: 1548 &rarr; <strong>1527<\/strong><br \/>(-21 for losing)\n|l|\u2606heimao1\n|j|\u2606heimao1\n|player|p1|heimao1|265\n","uploadtime":1700742792,"views":9,"p1id":"heimao1","p2id":"bloodymoth","formatid":"gen9nationaldex","rating":1527,"private":0,"password":""}