{"id":"gen9nationaldex-1987427611","p1":"Nachrox","p2":"Superlm436200","format":"[Gen 9] National Dex","log":"|j|\u2606Nachrox\n|j|\u2606Superlm436200\n|t:|1699590036\n|gametype|singles\n|player|p1|Nachrox|pokemaniac|1224\n|player|p2|Superlm436200|pokekid|1133\n|teamsize|p1|6\n|teamsize|p2|6\n|gen|9\n|tier|[Gen 9] National Dex\n|rated|\n|rule|HP Percentage Mod: HP is shown in percentages\n|rule|Endless Battle Clause: Forcing endless battles is banned\n|rule|OHKO Clause: OHKO moves are banned\n|rule|Evasion Clause: Evasion abilities, items, and moves are banned\n|rule|Evasion Abilities Clause: Evasion abilities are banned\n|rule|Evasion Items Clause: Evasion items are banned\n|rule|Evasion Moves Clause: Evasion moves are banned\n|rule|Species Clause: Limit one of each Pok\u00e9mon\n|rule|Sleep Clause Mod: Limit one foe put to sleep\n|clearpoke\n|poke|p1|Great Tusk|\n|poke|p1|Slither Wing|\n|poke|p1|Armaldo, M|\n|poke|p1|Aerodactyl, M|\n|poke|p1|Yanmega, F|\n|poke|p1|Drapion, F|\n|poke|p2|Lopunny, F|\n|poke|p2|Polteageist-Antique|\n|poke|p2|Serperior, F|\n|poke|p2|Samurott-Hisui, M|\n|poke|p2|Kommo-o, M|\n|poke|p2|Glimmora, M|\n|teampreview\n|inactive|Battle timer is ON: inactive players will automatically lose when time's up. (requested by Superlm436200)\n|\n|t:|1699590043\n|start\n|switch|p1a: Great Tusk|Great Tusk|100\/100\n|switch|p2a: Glimmora|Glimmora, M|100\/100\n|turn|1\n|\n|t:|1699590050\n|move|p1a: Great Tusk|Earthquake|p2a: Glimmora\n|-supereffective|p2a: Glimmora\n|-damage|p2a: Glimmora|0 fnt\n|-activate|p2a: Glimmora|ability: Toxic Debris\n|-sidestart|p1: Nachrox|move: Toxic Spikes\n|faint|p2a: Glimmora\n|\n|upkeep\n|\n|t:|1699590056\n|switch|p2a: Lopunny|Lopunny, F, shiny|100\/100\n|turn|2\n|\n|t:|1699590061\n|detailschange|p2a: Lopunny|Lopunny-Mega, F, shiny\n|-mega|p2a: Lopunny|Lopunny|Lopunnite\n|move|p2a: Lopunny|Fake Out|p1a: Great Tusk\n|-damage|p1a: Great Tusk|88\/100\n|cant|p1a: Great Tusk|flinch\n|\n|upkeep\n|turn|3\n|\n|t:|1699590067\n|switch|p2a: Polteageist|Polteageist-Antique, shiny|100\/100\n|move|p1a: Great Tusk|Rapid Spin|p2a: Polteageist\n|-immune|p2a: Polteageist\n|\n|upkeep\n|turn|4\n|\n|t:|1699590074\n|-end|p1a: Great Tusk|Protosynthesis|[silent]\n|switch|p1a: Drapion|Drapion, F|100\/100\n|-sideend|p1: Nachrox|move: Toxic Spikes|[of] p1a: Drapion\n|move|p2a: Polteageist|Shell Smash|p2a: Polteageist\n|-unboost|p2a: Polteageist|def|1\n|-unboost|p2a: Polteageist|spd|1\n|-boost|p2a: Polteageist|atk|2\n|-boost|p2a: Polteageist|spa|2\n|-boost|p2a: Polteageist|spe|2\n|\n|upkeep\n|turn|5\n|\n|t:|1699590091\n|switch|p2a: Lopunny|Lopunny-Mega, F, shiny|100\/100\n|move|p1a: Drapion|Knock Off|p2a: Lopunny\n|-resisted|p2a: Lopunny\n|-damage|p2a: Lopunny|84\/100\n|\n|upkeep\n|turn|6\n|\n|t:|1699590103\n|move|p2a: Lopunny|Fake Out|p1a: Drapion\n|-damage|p1a: Drapion|81\/100\n|cant|p1a: Drapion|flinch\n|\n|-heal|p1a: Drapion|87\/100|[from] item: Black Sludge\n|upkeep\n|turn|7\n|\n|t:|1699590111\n|move|p2a: Lopunny|Drain Punch|p1a: Drapion\n|-damage|p1a: Drapion|54\/100\n|-heal|p2a: Lopunny|100\/100|[from] drain|[of] p1a: Drapion\n|move|p1a: Drapion|Toxic|p2a: Lopunny\n|-status|p2a: Lopunny|tox\n|\n|-heal|p1a: Drapion|60\/100|[from] item: Black Sludge\n|-damage|p2a: Lopunny|94\/100 tox|[from] psn\n|upkeep\n|turn|8\n|\n|t:|1699590121\n|move|p2a: Lopunny|Drain Punch|p1a: Drapion\n|-damage|p1a: Drapion|25\/100\n|-heal|p2a: Lopunny|100\/100 tox|[from] drain|[of] p1a: Drapion\n|move|p1a: Drapion|Leech Life|p2a: Lopunny\n|-resisted|p2a: Lopunny\n|-damage|p2a: Lopunny|87\/100 tox\n|-heal|p1a: Drapion|31\/100|[from] drain|[of] p2a: Lopunny\n|\n|-heal|p1a: Drapion|37\/100|[from] item: Black Sludge\n|-damage|p2a: Lopunny|74\/100 tox|[from] psn\n|upkeep\n|turn|9\n|\n|t:|1699590135\n|switch|p1a: Yanmega|Yanmega, F|100\/100\n|move|p2a: Lopunny|Drain Punch|p1a: Yanmega\n|-resisted|p1a: Yanmega\n|-damage|p1a: Yanmega|87\/100\n|-heal|p2a: Lopunny|82\/100 tox|[from] drain|[of] p1a: Yanmega\n|\n|-damage|p2a: Lopunny|63\/100 tox|[from] psn\n|upkeep\n|turn|10\n|\n|t:|1699590147\n|switch|p2a: Samurott|Samurott-Hisui, M|100\/100\n|move|p1a: Yanmega|Protect||[still]\n|-fail|p1a: Yanmega\n|\n|-ability|p1a: Yanmega|Speed Boost|boost\n|-boost|p1a: Yanmega|spe|1\n|upkeep\n|turn|11\n|\n|t:|1699590156\n|move|p1a: Yanmega|Bug Buzz|p2a: Samurott\n|-supereffective|p2a: Samurott\n|-damage|p2a: Samurott|0 fnt\n|faint|p2a: Samurott\n|-damage|p1a: Yanmega|77\/100|[from] item: Life Orb\n|\n|-ability|p1a: Yanmega|Speed Boost|boost\n|-boost|p1a: Yanmega|spe|1\n|upkeep\n|\n|t:|1699590162\n|switch|p2a: Lopunny|Lopunny-Mega, F, shiny|63\/100 tox\n|turn|12\n|\n|t:|1699590166\n|move|p1a: Yanmega|Protect|p1a: Yanmega\n|-singleturn|p1a: Yanmega|Protect\n|move|p2a: Lopunny|Fake Out|p1a: Yanmega\n|-activate|p1a: Yanmega|move: Protect\n|\n|-damage|p2a: Lopunny|57\/100 tox|[from] psn\n|-ability|p1a: Yanmega|Speed Boost|boost\n|-boost|p1a: Yanmega|spe|1\n|upkeep\n|turn|13\n|\n|t:|1699590177\n|move|p1a: Yanmega|Bug Buzz|p2a: Lopunny\n|-resisted|p2a: Lopunny\n|-crit|p2a: Lopunny\n|-damage|p2a: Lopunny|0 fnt\n|faint|p2a: Lopunny\n|-damage|p1a: Yanmega|67\/100|[from] item: Life Orb\n|\n|-ability|p1a: Yanmega|Speed Boost|boost\n|-boost|p1a: Yanmega|spe|1\n|upkeep\n|\n|t:|1699590184\n|switch|p2a: Kommo-o|Kommo-o, M|100\/100\n|turn|14\n|\n|t:|1699590189\n|move|p1a: Yanmega|Air Slash|p2a: Kommo-o\n|-supereffective|p2a: Kommo-o\n|-damage|p2a: Kommo-o|0 fnt\n|faint|p2a: Kommo-o\n|-damage|p1a: Yanmega|58\/100|[from] item: Life Orb\n|\n|-ability|p1a: Yanmega|Speed Boost|boost\n|-boost|p1a: Yanmega|spe|1\n|upkeep\n|\n|t:|1699590193\n|switch|p2a: Polteageist|Polteageist-Antique, shiny|100\/100\n|turn|15\n|\n|t:|1699590204\n|move|p1a: Yanmega|Air Slash|p2a: Polteageist\n|-damage|p2a: Polteageist|35\/100\n|-damage|p1a: Yanmega|48\/100|[from] item: Life Orb\n|cant|p2a: Polteageist|flinch\n|\n|-ability|p1a: Yanmega|Speed Boost|boost\n|-boost|p1a: Yanmega|spe|1\n|upkeep\n|turn|16\n|-message|Superlm436200 forfeited.\n|\n|win|Nachrox\n|raw|Nachrox's rating: 1224 &rarr; <strong>1243<\/strong><br \/>(+19 for winning)\n|raw|Superlm436200's rating: 1133 &rarr; <strong>1114<\/strong><br \/>(-19 for losing)\n|l|\u2606Superlm436200\n","uploadtime":1699590221,"views":5,"p1id":"nachrox","p2id":"superlm436200","formatid":"gen9nationaldex","rating":1114,"private":0,"password":""}