{"id":"gen9nationaldex-1996066438","p1":"RoboDriveisthebest","p2":"Shinyxk","format":"[Gen 9] National Dex","log":"|html|<div class=\"broadcast-blue\"><strong>[Gen 9] National Dex is currently suspecting Sneasler! For information on how to participate check out the <a href=\"https:\/\/www.smogon.com\/forums\/threads\/sv-national-dex-suspect-8-just-dance.3731534\/\">suspect thread<\/a>.<\/strong><\/div>\n|j|\u2606RoboDriveisthebest\n|j|\u2606Shinyxk\n|t:|1700638462\n|gametype|singles\n|player|p1|RoboDriveisthebest|cilan|1047\n|player|p2|Shinyxk|youngster-gen8|1030\n|teamsize|p1|6\n|teamsize|p2|2\n|gen|9\n|tier|[Gen 9] National Dex\n|rated|\n|rule|HP Percentage Mod: HP is shown in percentages\n|rule|Endless Battle Clause: Forcing endless battles is banned\n|rule|OHKO Clause: OHKO moves are banned\n|rule|Evasion Clause: Evasion abilities, items, and moves are banned\n|rule|Evasion Abilities Clause: Evasion abilities are banned\n|rule|Evasion Items Clause: Evasion items are banned\n|rule|Evasion Moves Clause: Evasion moves are banned\n|rule|Species Clause: Limit one of each Pok\u00e9mon\n|rule|Sleep Clause Mod: Limit one foe put to sleep\n|clearpoke\n|poke|p1|Heatran, M|\n|poke|p1|Krookodile, M|\n|poke|p1|Kyurem|\n|poke|p1|Zapdos|\n|poke|p1|Ogerpon-Wellspring, F|\n|poke|p1|Diancie|\n|poke|p2|Latios, M|\n|poke|p2|Lapras, F|\n|teampreview\n|inactive|Battle timer is ON: inactive players will automatically lose when time's up. (requested by Shinyxk)\n|inactive|Shinyxk has 120 seconds left.\n|\n|t:|1700638517\n|start\n|switch|p1a: Kyurem|Kyurem|100\/100\n|switch|p2a: Latios|Latios, M|100\/100\n|-ability|p1a: Kyurem|Pressure\n|turn|1\n|inactive|RoboDriveisthebest has 120 seconds left.\n|inactive|Shinyxk has 120 seconds left.\n|\n|t:|1700638574\n|move|p2a: Latios|Reflect|p2a: Latios\n|-sidestart|p2: Shinyxk|Reflect\n|move|p1a: Kyurem|Dragon Dance|p1a: Kyurem\n|-boost|p1a: Kyurem|atk|1\n|-boost|p1a: Kyurem|spe|1\n|\n|upkeep\n|turn|2\n|\n|t:|1700638579\n|move|p2a: Latios|Rain Dance|p2a: Latios\n|-weather|RainDance\n|move|p1a: Kyurem|Icicle Spear|p2a: Latios\n|-supereffective|p2a: Latios\n|-damage|p2a: Latios|74\/100\n|-supereffective|p2a: Latios\n|-damage|p2a: Latios|49\/100\n|-supereffective|p2a: Latios\n|-damage|p2a: Latios|22\/100\n|-supereffective|p2a: Latios\n|-damage|p2a: Latios|0 fnt\n|faint|p2a: Latios\n|-hitcount|p2: Latios|4\n|\n|-weather|RainDance|[upkeep]\n|upkeep\n|\n|t:|1700638582\n|switch|p2a: Lapras|Lapras, F|100\/100\n|turn|3\n|inactive|RoboDriveisthebest has 120 seconds left.\n|\n|t:|1700638594\n|move|p1a: Kyurem|Icicle Spear|p2a: Lapras\n|-resisted|p2a: Lapras\n|-damage|p2a: Lapras|98\/100\n|-resisted|p2a: Lapras\n|-damage|p2a: Lapras|95\/100\n|-resisted|p2a: Lapras\n|-damage|p2a: Lapras|92\/100\n|-resisted|p2a: Lapras\n|-damage|p2a: Lapras|89\/100\n|-resisted|p2a: Lapras\n|-damage|p2a: Lapras|87\/100\n|-hitcount|p2a: Lapras|5\n|move|p2a: Lapras|Dragon Dance|p2a: Lapras\n|-boost|p2a: Lapras|atk|1\n|-boost|p2a: Lapras|spe|1\n|\n|-weather|RainDance|[upkeep]\n|upkeep\n|turn|4\n|inactive|Shinyxk has 120 seconds left.\n|\n|t:|1700638621\n|switch|p1a: Heatran|Heatran, M|100\/100\n|move|p2a: Lapras|Dragon Dance|p2a: Lapras\n|-boost|p2a: Lapras|atk|1\n|-boost|p2a: Lapras|spe|1\n|\n|-weather|RainDance|[upkeep]\n|upkeep\n|turn|5\n|\n|t:|1700638627\n|-terastallize|p2a: Lapras|Water\n|move|p2a: Lapras|Liquidation|p1a: Heatran\n|-supereffective|p1a: Heatran\n|-damage|p1a: Heatran|0 fnt\n|faint|p1a: Heatran\n|\n|-weather|RainDance|[upkeep]\n|-sideend|p2: Shinyxk|Reflect\n|upkeep\n|\n|t:|1700638633\n|switch|p1a: Zapdos|Zapdos|100\/100\n|turn|6\n|inactive|Shinyxk has 120 seconds left.\n|\n|t:|1700638649\n|-terastallize|p1a: Zapdos|Electric\n|move|p2a: Lapras|Liquidation|p1a: Zapdos\n|-damage|p1a: Zapdos|0 fnt\n|faint|p1a: Zapdos\n|\n|-weather|RainDance|[upkeep]\n|upkeep\n|\n|t:|1700638663\n|switch|p1a: Kyurem|Kyurem|100\/100\n|-ability|p1a: Kyurem|Pressure\n|turn|7\n|\n|t:|1700638669\n|switch|p1a: Ogerpon|Ogerpon-Wellspring, F|100\/100\n|move|p2a: Lapras|Liquidation|p1a: Ogerpon\n|-immune|p1a: Ogerpon|[from] ability: Water Absorb\n|\n|-weather|RainDance|[upkeep]\n|upkeep\n|turn|8\n|\n|t:|1700638675\n|move|p2a: Lapras|Megahorn|p1a: Ogerpon\n|-supereffective|p1a: Ogerpon\n|-damage|p1a: Ogerpon|0 fnt\n|faint|p1a: Ogerpon\n|\n|-weather|RainDance|[upkeep]\n|upkeep\n|\n|t:|1700638684\n|switch|p1a: Kyurem|Kyurem|100\/100\n|-ability|p1a: Kyurem|Pressure\n|turn|9\n|\n|t:|1700638687\n|move|p2a: Lapras|Liquidation|p1a: Kyurem\n|-resisted|p1a: Kyurem\n|-damage|p1a: Kyurem|41\/100\n|move|p1a: Kyurem|Icicle Spear|p2a: Lapras\n|-resisted|p2a: Lapras\n|-damage|p2a: Lapras|79\/100\n|-resisted|p2a: Lapras\n|-damage|p2a: Lapras|73\/100\n|-resisted|p2a: Lapras\n|-damage|p2a: Lapras|65\/100\n|-resisted|p2a: Lapras\n|-damage|p2a: Lapras|58\/100\n|-resisted|p2a: Lapras\n|-damage|p2a: Lapras|51\/100\n|-hitcount|p2a: Lapras|5\n|\n|-weather|none\n|upkeep\n|turn|10\n|\n|t:|1700638708\n|move|p2a: Lapras|Megahorn|p1a: Kyurem\n|-damage|p1a: Kyurem|0 fnt\n|faint|p1a: Kyurem\n|\n|upkeep\n|\n|t:|1700638713\n|switch|p1a: Diancie|Diancie|100\/100\n|turn|11\n|inactive|RoboDriveisthebest has 120 seconds left.\n|\n|t:|1700638746\n|move|p2a: Lapras|Liquidation|p1a: Diancie\n|-supereffective|p1a: Diancie\n|-damage|p1a: Diancie|0 fnt\n|faint|p1a: Diancie\n|\n|upkeep\n|\n|t:|1700638750\n|switch|p1a: Krookodile|Krookodile, M|100\/100\n|turn|12\n|\n|t:|1700638757\n|move|p1a: Krookodile|Earthquake|p2a: Lapras\n|-damage|p2a: Lapras|1\/100\n|move|p2a: Lapras|Liquidation|p1a: Krookodile\n|-supereffective|p1a: Krookodile\n|-damage|p1a: Krookodile|0 fnt\n|faint|p1a: Krookodile\n|\n|win|Shinyxk\n|raw|RoboDriveisthebest's rating: 1047 &rarr; <strong>1029<\/strong><br \/>(-18 for losing)\n|raw|Shinyxk's rating: 1020 &rarr; <strong>1060<\/strong><br \/>(+40 for winning)\n|l|\u2606RoboDriveisthebest\n","uploadtime":1700638775,"views":4,"p1id":"robodriveisthebest","p2id":"shinyxk","formatid":"gen9nationaldex","rating":1029,"private":0,"password":""}