{"id":"gen9nationaldex-1987960707","p1":"Asta Demon noob","p2":"not_kastadiva","format":"[Gen 9] National Dex","log":"|j|\u2606Asta Demon noob\n|j|\u2606not_kastadiva\n|t:|1699653405\n|gametype|singles\n|player|p1|Asta Demon noob|cynthia-gen4|1556\n|player|p2|not_kastadiva|170|1496\n|teamsize|p1|6\n|teamsize|p2|6\n|gen|9\n|tier|[Gen 9] National Dex\n|rated|\n|rule|HP Percentage Mod: HP is shown in percentages\n|rule|Endless Battle Clause: Forcing endless battles is banned\n|rule|OHKO Clause: OHKO moves are banned\n|rule|Evasion Clause: Evasion abilities, items, and moves are banned\n|rule|Evasion Abilities Clause: Evasion abilities are banned\n|rule|Evasion Items Clause: Evasion items are banned\n|rule|Evasion Moves Clause: Evasion moves are banned\n|rule|Species Clause: Limit one of each Pok\u00e9mon\n|rule|Sleep Clause Mod: Limit one foe put to sleep\n|clearpoke\n|poke|p1|Scizor, M|\n|poke|p1|Moltres|\n|poke|p1|Ogerpon-Wellspring, F|\n|poke|p1|Clodsire, M|\n|poke|p1|Iron Valiant|\n|poke|p1|Serperior, F|\n|poke|p2|Ursaluna, F|\n|poke|p2|Hatterene, F|\n|poke|p2|Hoopa-Unbound|\n|poke|p2|Sinistcha-Masterpiece|\n|poke|p2|Iron Hands|\n|poke|p2|Stakataka|\n|teampreview\n|inactive|Battle timer is ON: inactive players will automatically lose when time's up. (requested by Asta Demon noob)\n|\n|t:|1699653427\n|start\n|switch|p1a: Scizor|Scizor, M|100\/100\n|switch|p2a: Hatterene|Hatterene, F|100\/100\n|turn|1\n|\n|t:|1699653435\n|switch|p2a: Sinistcha|Sinistcha-Masterpiece|100\/100\n|detailschange|p1a: Scizor|Scizor-Mega, M\n|-mega|p1a: Scizor|Scizor|Scizorite\n|move|p1a: Scizor|Bullet Punch|p2a: Sinistcha\n|-damage|p2a: Sinistcha|80\/100\n|-damage|p1a: Scizor|84\/100|[from] item: Rocky Helmet|[of] p2a: Sinistcha\n|\n|upkeep\n|turn|2\n|\n|t:|1699653444\n|move|p1a: Scizor|Knock Off|p2a: Sinistcha\n|-supereffective|p2a: Sinistcha\n|-damage|p2a: Sinistcha|38\/100\n|-damage|p1a: Scizor|67\/100|[from] item: Rocky Helmet|[of] p2a: Sinistcha\n|-enditem|p2a: Sinistcha|Rocky Helmet|[from] move: Knock Off|[of] p1a: Scizor\n|move|p2a: Sinistcha|Trick Room|p2a: Sinistcha\n|-fieldstart|move: Trick Room|[of] p2a: Sinistcha\n|\n|upkeep\n|turn|3\n|\n|t:|1699653456\n|switch|p2a: Iron Hands|Iron Hands|100\/100\n|-enditem|p2a: Iron Hands|Booster Energy\n|-activate|p2a: Iron Hands|ability: Quark Drive|[fromitem]\n|-start|p2a: Iron Hands|quarkdriveatk\n|switch|p1a: Moltres|Moltres|100\/100\n|\n|upkeep\n|turn|4\n|\n|t:|1699653467\n|move|p2a: Iron Hands|Swords Dance|p2a: Iron Hands\n|-boost|p2a: Iron Hands|atk|2\n|move|p1a: Moltres|Will-O-Wisp|p2a: Iron Hands\n|-status|p2a: Iron Hands|brn\n|\n|-damage|p2a: Iron Hands|94\/100 brn|[from] brn\n|upkeep\n|turn|5\n|\n|t:|1699653476\n|switch|p1a: Clodsire|Clodsire, M|100\/100\n|move|p2a: Iron Hands|Wild Charge|p1a: Clodsire\n|-immune|p1a: Clodsire\n|\n|-damage|p2a: Iron Hands|88\/100 brn|[from] brn\n|upkeep\n|turn|6\n|\n|t:|1699653485\n|switch|p1a: Moltres|Moltres|100\/100\n|move|p2a: Iron Hands|Ice Punch|p1a: Moltres\n|-damage|p1a: Moltres|72\/100\n|\n|-damage|p2a: Iron Hands|82\/100 brn|[from] brn\n|-fieldend|move: Trick Room\n|upkeep\n|turn|7\n|\n|t:|1699653494\n|move|p1a: Moltres|Mystical Fire|p2a: Iron Hands\n|-damage|p2a: Iron Hands|52\/100 brn\n|-unboost|p2a: Iron Hands|spa|1\n|move|p2a: Iron Hands|Wild Charge|p1a: Moltres\n|-supereffective|p1a: Moltres\n|-damage|p1a: Moltres|0 fnt\n|faint|p1a: Moltres\n|-damage|p2a: Iron Hands|39\/100 brn|[from] Recoil\n|\n|-damage|p2a: Iron Hands|33\/100 brn|[from] brn\n|upkeep\n|\n|t:|1699653508\n|switch|p1a: Serperior|Serperior, F|100\/100\n|turn|8\n|\n|t:|1699653512\n|move|p1a: Serperior|Leaf Storm|p2a: Iron Hands\n|-damage|p2a: Iron Hands|0 fnt\n|-boost|p1a: Serperior|spa|2\n|faint|p2a: Iron Hands\n|-end|p2a: Iron Hands|Quark Drive|[silent]\n|\n|upkeep\n|\n|t:|1699653517\n|switch|p2a: Hatterene|Hatterene, F|100\/100\n|turn|9\n|\n|t:|1699653521\n|move|p1a: Serperior|Leaf Storm|p2a: Hatterene\n|-damage|p2a: Hatterene|24\/100\n|-boost|p1a: Serperior|spa|2\n|move|p2a: Hatterene|Trick Room|p2a: Hatterene\n|-fieldstart|move: Trick Room|[of] p2a: Hatterene\n|\n|upkeep\n|turn|10\n|\n|t:|1699653530\n|move|p2a: Hatterene|Healing Wish|p2a: Hatterene\n|faint|p2a: Hatterene\n|move|p1a: Serperior|Substitute|p1a: Serperior\n|-start|p1a: Serperior|Substitute\n|-damage|p1a: Serperior|76\/100\n|\n|-heal|p1a: Serperior|82\/100|[from] item: Leftovers\n|upkeep\n|\n|t:|1699653539\n|switch|p2a: Stakataka|Stakataka|100\/100\n|turn|11\n|\n|t:|1699653543\n|move|p2a: Stakataka|Heat Crash|p1a: Serperior\n|-supereffective|p1a: Serperior\n|-end|p1a: Serperior|Substitute\n|move|p1a: Serperior|Substitute|p1a: Serperior\n|-start|p1a: Serperior|Substitute\n|-damage|p1a: Serperior|57\/100\n|\n|-heal|p1a: Serperior|63\/100|[from] item: Leftovers\n|upkeep\n|turn|12\n|\n|t:|1699653552\n|move|p2a: Stakataka|Heat Crash|p1a: Serperior\n|-supereffective|p1a: Serperior\n|-end|p1a: Serperior|Substitute\n|move|p1a: Serperior|Substitute|p1a: Serperior\n|-start|p1a: Serperior|Substitute\n|-damage|p1a: Serperior|39\/100\n|\n|-heal|p1a: Serperior|45\/100|[from] item: Leftovers\n|upkeep\n|turn|13\n|\n|t:|1699653561\n|move|p2a: Stakataka|Heat Crash|p1a: Serperior\n|-supereffective|p1a: Serperior\n|-end|p1a: Serperior|Substitute\n|move|p1a: Serperior|Hidden Power|p2a: Stakataka\n|-damage|p2a: Stakataka|59\/100\n|\n|-heal|p1a: Serperior|51\/100|[from] item: Leftovers\n|-fieldend|move: Trick Room\n|upkeep\n|turn|14\n|\n|t:|1699653571\n|move|p1a: Serperior|Leaf Storm|p2a: Stakataka\n|-damage|p2a: Stakataka|0 fnt\n|-boost|p1a: Serperior|spa|2\n|faint|p2a: Stakataka\n|\n|-heal|p1a: Serperior|57\/100|[from] item: Leftovers\n|upkeep\n|\n|t:|1699653578\n|switch|p2a: Hoopa|Hoopa-Unbound|100\/100\n|turn|15\n|\n|t:|1699653582\n|move|p1a: Serperior|Leaf Storm|p2a: Hoopa\n|-damage|p2a: Hoopa|0 fnt\n|faint|p2a: Hoopa\n|\n|-heal|p1a: Serperior|63\/100|[from] item: Leftovers\n|upkeep\n|\n|t:|1699653585\n|switch|p2a: Sinistcha|Sinistcha-Masterpiece|38\/100\n|-heal|p2a: Sinistcha|100\/100|[from] move: Healing Wish\n|turn|16\n|\n|t:|1699653592\n|move|p1a: Serperior|Hidden Power|p2a: Sinistcha\n|-supereffective|p2a: Sinistcha\n|-damage|p2a: Sinistcha|26\/100\n|move|p2a: Sinistcha|Trick Room|p2a: Sinistcha\n|-fieldstart|move: Trick Room|[of] p2a: Sinistcha\n|\n|-heal|p1a: Serperior|70\/100|[from] item: Leftovers\n|upkeep\n|turn|17\n|c|\u2606not_kastadiva|Gg\n|\n|t:|1699653602\n|move|p2a: Sinistcha|Matcha Gotcha|p1a: Serperior\n|-resisted|p1a: Serperior\n|-damage|p1a: Serperior|51\/100\n|-heal|p2a: Sinistcha|34\/100|[from] drain|[of] p1a: Serperior\n|move|p1a: Serperior|Substitute|p1a: Serperior\n|-start|p1a: Serperior|Substitute\n|-damage|p1a: Serperior|26\/100\n|\n|-heal|p1a: Serperior|32\/100|[from] item: Leftovers\n|upkeep\n|turn|18\n|\n|t:|1699653615\n|move|p2a: Sinistcha|Matcha Gotcha|p1a: Serperior\n|-resisted|p1a: Serperior\n|-activate|p1a: Serperior|move: Substitute|[damage]\n|-heal|p2a: Sinistcha|42\/100|[from] drain|[of] p1a: Serperior\n|move|p1a: Serperior|Substitute|p1a: Serperior\n|-fail|p1a: Serperior|move: Substitute\n|\n|-heal|p1a: Serperior|39\/100|[from] item: Leftovers\n|upkeep\n|turn|19\n|\n|t:|1699653625\n|move|p2a: Sinistcha|Matcha Gotcha|p1a: Serperior\n|-resisted|p1a: Serperior\n|-end|p1a: Serperior|Substitute\n|-heal|p2a: Sinistcha|44\/100|[from] drain|[of] p1a: Serperior\n|move|p1a: Serperior|Substitute|p1a: Serperior\n|-start|p1a: Serperior|Substitute\n|-damage|p1a: Serperior|14\/100\n|\n|-heal|p1a: Serperior|20\/100|[from] item: Leftovers\n|upkeep\n|turn|20\n|\n|t:|1699653634\n|move|p2a: Sinistcha|Matcha Gotcha|p1a: Serperior\n|-resisted|p1a: Serperior\n|-activate|p1a: Serperior|move: Substitute|[damage]\n|-heal|p2a: Sinistcha|52\/100|[from] drain|[of] p1a: Serperior\n|move|p1a: Serperior|Hidden Power|p2a: Sinistcha\n|-supereffective|p2a: Sinistcha\n|-damage|p2a: Sinistcha|0 fnt\n|faint|p2a: Sinistcha\n|\n|-heal|p1a: Serperior|26\/100|[from] item: Leftovers\n|-fieldend|move: Trick Room\n|upkeep\n|\n|t:|1699653640\n|switch|p2a: Ursaluna|Ursaluna, F|100\/100\n|turn|21\n|\n|t:|1699653648\n|-terastallize|p2a: Ursaluna|Fire\n|move|p1a: Serperior|Leaf Storm|p2a: Ursaluna\n|-resisted|p2a: Ursaluna\n|-damage|p2a: Ursaluna|14\/100\n|move|p2a: Ursaluna|Facade|p1a: Serperior\n|-end|p1a: Serperior|Substitute\n|\n|-heal|p1a: Serperior|32\/100|[from] item: Leftovers\n|upkeep\n|turn|22\n|\n|t:|1699653659\n|move|p1a: Serperior|Hidden Power|p2a: Ursaluna\n|-resisted|p2a: Ursaluna\n|-damage|p2a: Ursaluna|0 fnt\n|faint|p2a: Ursaluna\n|\n|win|Asta Demon noob\n|raw|Asta Demon noob's rating: 1556 &rarr; <strong>1574<\/strong><br \/>(+18 for winning)\n|raw|not_kastadiva's rating: 1517 &rarr; <strong>1499<\/strong><br \/>(-18 for losing)\n|c|\u2606not_kastadiva|Not one miss\n|l|\u2606not_kastadiva\n","uploadtime":1699653869,"views":19,"p1id":"astademonnoob","p2id":"notkastadiva","formatid":"gen9nationaldex","rating":1499,"private":0,"password":""}