{"id":"gen9nationaldex-1989242171","p1":"Scizor Boladao","p2":"WAILORDPLAYSMUCH","format":"[Gen 9] National Dex","log":"|j|\u2606Scizor Boladao\n|j|\u2606WAILORDPLAYSMUCH\n|t:|1699827153\n|gametype|singles\n|player|p1|Scizor Boladao|misty-masters|1659\n|player|p2|WAILORDPLAYSMUCH|candice|1695\n|teamsize|p1|6\n|teamsize|p2|6\n|gen|9\n|tier|[Gen 9] National Dex\n|rated|\n|rule|HP Percentage Mod: HP is shown in percentages\n|rule|Endless Battle Clause: Forcing endless battles is banned\n|rule|OHKO Clause: OHKO moves are banned\n|rule|Evasion Clause: Evasion abilities, items, and moves are banned\n|rule|Evasion Abilities Clause: Evasion abilities are banned\n|rule|Evasion Items Clause: Evasion items are banned\n|rule|Evasion Moves Clause: Evasion moves are banned\n|rule|Species Clause: Limit one of each Pok\u00e9mon\n|rule|Sleep Clause Mod: Limit one foe put to sleep\n|clearpoke\n|poke|p1|Volcanion|\n|poke|p1|Heatran, M|\n|poke|p1|Scizor, F|\n|poke|p1|Landorus-Therian, M|\n|poke|p1|Tornadus-Therian, M|\n|poke|p1|Rotom-Wash|\n|poke|p2|Ribombee, M|\n|poke|p2|Iron Valiant|\n|poke|p2|Thundurus-Therian, M|\n|poke|p2|Diancie|\n|poke|p2|Ceruledge, F|\n|poke|p2|Volcarona, F|\n|teampreview\n|inactive|Battle timer is ON: inactive players will automatically lose when time's up. (requested by WAILORDPLAYSMUCH)\n|\n|t:|1699827167\n|start\n|switch|p1a: Rotom|Rotom-Wash, shiny|100\/100\n|switch|p2a: Ribombee|Ribombee, M|100\/100\n|turn|1\n|inactive|WAILORDPLAYSMUCH has 120 seconds left.\n|inactive|WAILORDPLAYSMUCH has 90 seconds left.\n|\n|t:|1699827230\n|move|p1a: Rotom|Volt Switch|p2a: Ribombee\n|-damage|p2a: Ribombee|56\/100\n|\n|t:|1699827234\n|switch|p1a: Scizor|Scizor, F|100\/100|[from] Volt Switch\n|move|p2a: Ribombee|Sticky Web|p1a: Scizor\n|-sidestart|p1: Scizor Boladao|move: Sticky Web\n|\n|upkeep\n|turn|2\n|\n|t:|1699827236\n|switch|p2a: Volcarona|Volcarona, F|100\/100\n|detailschange|p1a: Scizor|Scizor-Mega, F\n|-mega|p1a: Scizor|Scizor|Scizorite\n|move|p1a: Scizor|Bullet Punch|p2a: Volcarona\n|-resisted|p2a: Volcarona\n|-damage|p2a: Volcarona|79\/100\n|\n|upkeep\n|turn|3\n|\n|t:|1699827256\n|switch|p2a: ENZO|Ceruledge, F|100\/100\n|switch|p1a: Heatran|Heatran, M, shiny|100\/100\n|-activate|p1a: Heatran|move: Sticky Web\n|-unboost|p1a: Heatran|spe|1\n|\n|upkeep\n|turn|4\n|\n|t:|1699827262\n|switch|p1a: Landorus|Landorus-Therian, M|100\/100\n|-ability|p1a: Landorus|Intimidate|boost\n|-unboost|p2a: ENZO|atk|1\n|move|p2a: ENZO|Swords Dance|p2a: ENZO\n|-boost|p2a: ENZO|atk|2\n|\n|upkeep\n|turn|5\n|\n|t:|1699827269\n|move|p2a: ENZO|Poltergeist|p1a: Landorus\n|-activate|p1a: Landorus|move: Poltergeist|Leftovers\n|-damage|p1a: Landorus|43\/100\n|move|p1a: Landorus|Toxic|p2a: ENZO\n|-status|p2a: ENZO|tox\n|\n|-heal|p1a: Landorus|49\/100|[from] item: Leftovers\n|-damage|p2a: ENZO|94\/100 tox|[from] psn\n|upkeep\n|turn|6\n|\n|t:|1699827283\n|move|p2a: ENZO|Poltergeist|p1a: Landorus\n|-activate|p1a: Landorus|move: Poltergeist|Leftovers\n|-damage|p1a: Landorus|0 fnt\n|faint|p1a: Landorus\n|\n|-damage|p2a: ENZO|82\/100 tox|[from] psn\n|upkeep\n|\n|t:|1699827290\n|switch|p1a: Rotom|Rotom-Wash, shiny|100\/100\n|turn|7\n|\n|t:|1699827294\n|move|p1a: Rotom|Hydro Pump|p2a: ENZO\n|-supereffective|p2a: ENZO\n|-damage|p2a: ENZO|0 fnt\n|faint|p2a: ENZO\n|\n|upkeep\n|\n|t:|1699827307\n|switch|p2a: Ribombee|Ribombee, M|56\/100\n|turn|8\n|\n|t:|1699827321\n|move|p1a: Rotom|Hydro Pump|p2a: Ribombee\n|-damage|p2a: Ribombee|0 fnt\n|faint|p2a: Ribombee\n|\n|upkeep\n|\n|t:|1699827328\n|switch|p2a: Volcarona|Volcarona, F|79\/100\n|turn|9\n|\n|t:|1699827332\n|-terastallize|p2a: Volcarona|Grass\n|move|p1a: Rotom|Hydro Pump|p2a: Volcarona\n|-resisted|p2a: Volcarona\n|-damage|p2a: Volcarona|59\/100\n|move|p2a: Volcarona|Giga Drain|p1a: Rotom\n|-supereffective|p1a: Rotom\n|-damage|p1a: Rotom|17\/100\n|-heal|p2a: Volcarona|99\/100|[from] drain|[of] p1a: Rotom\n|\n|upkeep\n|turn|10\n|\n|t:|1699827336\n|switch|p1a: Heatran|Heatran, M, shiny|100\/100\n|-activate|p1a: Heatran|move: Sticky Web\n|-unboost|p1a: Heatran|spe|1\n|switch|p2a: VALENTINA|Diancie|100\/100\n|\n|upkeep\n|turn|11\n|\n|t:|1699827341\n|switch|p1a: Tornadus|Tornadus-Therian, M|100\/100\n|detailschange|p2a: VALENTINA|Diancie-Mega\n|-mega|p2a: VALENTINA|Diancie|Diancite\n|move|p2a: VALENTINA|Stealth Rock|p1a: Tornadus\n|-sidestart|p1: Scizor Boladao|move: Stealth Rock\n|\n|upkeep\n|turn|12\n|\n|t:|1699827346\n|-zpower|p1a: Tornadus\n|move|p1a: Tornadus|Supersonic Skystrike|p2a: VALENTINA|[zeffect]\n|-resisted|p2a: VALENTINA\n|-damage|p2a: VALENTINA|43\/100\n|move|p2a: VALENTINA|Moonblast|p1a: Tornadus\n|-damage|p1a: Tornadus|29\/100\n|\n|upkeep\n|turn|13\n|\n|t:|1699827355\n|move|p1a: Tornadus|Hurricane|p2a: VALENTINA|[miss]\n|-miss|p1a: Tornadus|p2a: VALENTINA\n|move|p2a: VALENTINA|Moonblast|p1a: Tornadus\n|-damage|p1a: Tornadus|0 fnt\n|faint|p1a: Tornadus\n|\n|upkeep\n|\n|t:|1699827358\n|switch|p1a: Scizor|Scizor-Mega, F|100\/100\n|-activate|p1a: Scizor|move: Sticky Web\n|-unboost|p1a: Scizor|spe|1\n|-damage|p1a: Scizor|88\/100|[from] Stealth Rock\n|turn|14\n|\n|t:|1699827362\n|switch|p2a: Volcarona|Volcarona, F, tera:Grass|99\/100\n|switch|p1a: Heatran|Heatran, M, shiny|100\/100\n|-activate|p1a: Heatran|move: Sticky Web\n|-unboost|p1a: Heatran|spe|1\n|-damage|p1a: Heatran|88\/100|[from] Stealth Rock\n|\n|-heal|p1a: Heatran|94\/100|[from] item: Leftovers\n|upkeep\n|turn|15\n|\n|t:|1699827367\n|switch|p2a: VALENTINA|Diancie-Mega|43\/100\n|move|p1a: Heatran|Magma Storm|p2a: VALENTINA\n|-resisted|p2a: VALENTINA\n|-damage|p2a: VALENTINA|7\/100\n|-activate|p2a: VALENTINA|move: Magma Storm|[of] p1a: Heatran\n|\n|-heal|p1a: Heatran|100\/100|[from] item: Leftovers\n|-damage|p2a: VALENTINA|0 fnt|[from] move: Magma Storm|[partiallytrapped]\n|faint|p2a: VALENTINA\n|upkeep\n|\n|t:|1699827371\n|switch|p2a: Iron Valiant|Iron Valiant|100\/100\n|-enditem|p2a: Iron Valiant|Booster Energy\n|-activate|p2a: Iron Valiant|ability: Quark Drive|[fromitem]\n|-start|p2a: Iron Valiant|quarkdrivespe\n|turn|16\n|\n|t:|1699827386\n|switch|p1a: Volcanion|Volcanion|100\/100\n|move|p2a: Iron Valiant|Focus Blast|p1a: Volcanion\n|-damage|p1a: Volcanion|28\/100\n|\n|upkeep\n|turn|17\n|\n|t:|1699827391\n|move|p2a: Iron Valiant|Focus Blast|p1a: Volcanion|[miss]\n|-miss|p2a: Iron Valiant|p1a: Volcanion\n|move|p1a: Volcanion|Flamethrower|p2a: Iron Valiant\n|-damage|p2a: Iron Valiant|7\/100\n|\n|upkeep\n|turn|18\n|\n|t:|1699827394\n|move|p2a: Iron Valiant|Focus Blast|p1a: Volcanion\n|-damage|p1a: Volcanion|0 fnt\n|faint|p1a: Volcanion\n|\n|upkeep\n|\n|t:|1699827396\n|switch|p1a: Scizor|Scizor-Mega, F|88\/100\n|-activate|p1a: Scizor|move: Sticky Web\n|-unboost|p1a: Scizor|spe|1\n|-damage|p1a: Scizor|75\/100|[from] Stealth Rock\n|turn|19\n|\n|t:|1699827399\n|move|p1a: Scizor|Bullet Punch|p2a: Iron Valiant\n|-supereffective|p2a: Iron Valiant\n|-damage|p2a: Iron Valiant|0 fnt\n|faint|p2a: Iron Valiant\n|-end|p2a: Iron Valiant|Quark Drive|[silent]\n|\n|upkeep\n|\n|t:|1699827400\n|switch|p2a: fuleco|Thundurus-Therian, M|100\/100\n|turn|20\n|\n|t:|1699827404\n|move|p2a: fuleco|Thunderbolt|p1a: Scizor\n|-damage|p1a: Scizor|29\/100\n|move|p1a: Scizor|Swords Dance|p1a: Scizor\n|-boost|p1a: Scizor|atk|2\n|\n|upkeep\n|turn|21\n|\n|t:|1699827411\n|move|p1a: Scizor|Bullet Punch|p2a: fuleco\n|-resisted|p2a: fuleco\n|-damage|p2a: fuleco|58\/100\n|move|p2a: fuleco|Thunderbolt|p1a: Scizor\n|-damage|p1a: Scizor|0 fnt\n|faint|p1a: Scizor\n|\n|upkeep\n|\n|t:|1699827414\n|switch|p1a: Rotom|Rotom-Wash, shiny|17\/100\n|-damage|p1a: Rotom|4\/100|[from] Stealth Rock\n|turn|22\n|\n|t:|1699827420\n|switch|p2a: Volcarona|Volcarona, F, tera:Grass|99\/100\n|move|p1a: Rotom|Hydro Pump|p2a: Volcarona|[miss]\n|-miss|p1a: Rotom|p2a: Volcarona\n|\n|upkeep\n|turn|23\n|\n|t:|1699827426\n|switch|p1a: Heatran|Heatran, M, shiny|100\/100\n|-activate|p1a: Heatran|move: Sticky Web\n|-unboost|p1a: Heatran|spe|1\n|-damage|p1a: Heatran|88\/100|[from] Stealth Rock\n|move|p2a: Volcarona|Giga Drain|p1a: Heatran\n|-resisted|p1a: Heatran\n|-damage|p1a: Heatran|77\/100\n|-heal|p2a: Volcarona|100\/100|[from] drain|[of] p1a: Heatran\n|\n|-heal|p1a: Heatran|83\/100|[from] item: Leftovers\n|upkeep\n|turn|24\n|\n|t:|1699827431\n|move|p2a: Volcarona|Quiver Dance|p2a: Volcarona\n|-boost|p2a: Volcarona|spa|1\n|-boost|p2a: Volcarona|spd|1\n|-boost|p2a: Volcarona|spe|1\n|move|p1a: Heatran|Magma Storm|p2a: Volcarona\n|-supereffective|p2a: Volcarona\n|-damage|p2a: Volcarona|21\/100\n|-activate|p2a: Volcarona|move: Magma Storm|[of] p1a: Heatran\n|\n|-heal|p1a: Heatran|90\/100|[from] item: Leftovers\n|-damage|p2a: Volcarona|9\/100|[from] move: Magma Storm|[partiallytrapped]\n|upkeep\n|turn|25\n|j| Valt10\n|\n|t:|1699827440\n|-terastallize|p1a: Heatran|Grass\n|move|p2a: Volcarona|Giga Drain|p1a: Heatran\n|-resisted|p1a: Heatran\n|-damage|p1a: Heatran|61\/100\n|-heal|p2a: Volcarona|24\/100|[from] drain|[of] p1a: Heatran\n|move|p1a: Heatran|Toxic|p2a: Volcarona\n|-status|p2a: Volcarona|tox\n|\n|-heal|p1a: Heatran|68\/100|[from] item: Leftovers\n|-damage|p2a: Volcarona|18\/100 tox|[from] psn\n|-damage|p2a: Volcarona|6\/100 tox|[from] move: Magma Storm|[partiallytrapped]\n|upkeep\n|turn|26\n|\n|t:|1699827445\n|move|p2a: Volcarona|Bug Buzz|p1a: Heatran\n|-supereffective|p1a: Heatran\n|-damage|p1a: Heatran|0 fnt\n|faint|p1a: Heatran\n|\n|-damage|p2a: Volcarona|0 fnt|[from] psn\n|faint|p2a: Volcarona\n|upkeep\n|\n|t:|1699827447\n|switch|p2a: fuleco|Thundurus-Therian, M|58\/100\n|switch|p1a: Rotom|Rotom-Wash, shiny|4\/100\n|-damage|p1a: Rotom|0 fnt|[from] Stealth Rock\n|faint|p1a: Rotom\n|\n|win|WAILORDPLAYSMUCH\n|raw|Scizor Boladao's rating: 1659 &rarr; <strong>1641<\/strong><br \/>(-18 for losing)\n|raw|WAILORDPLAYSMUCH's rating: 1695 &rarr; <strong>1713<\/strong><br \/>(+18 for winning)\n|l|\u2606Scizor Boladao\n|c|\u2606WAILORDPLAYSMUCH|gg\n|l| Valt10\n","uploadtime":1699827492,"views":7,"p1id":"scizorboladao","p2id":"wailordplaysmuch","formatid":"gen9nationaldex","rating":1641,"private":0,"password":""}