{"id":"gen9nationaldex-1997686874","p1":"baigu2","p2":"ReyPar5568","format":"[Gen 9] National Dex","log":"|html|<div class=\"broadcast-blue\"><strong>[Gen 9] National Dex is currently suspecting Sneasler! For information on how to participate check out the <a href=\"https:\/\/www.smogon.com\/forums\/threads\/sv-national-dex-suspect-8-just-dance.3731534\/\">suspect thread<\/a>.<\/strong><\/div>\n|j|\u2606baigu2\n|j|\u2606ReyPar5568\n|t:|1700841781\n|gametype|singles\n|player|p1|baigu2|169|1627\n|player|p2|ReyPar5568|265|1545\n|teamsize|p1|6\n|teamsize|p2|6\n|gen|9\n|tier|[Gen 9] National Dex\n|rated|\n|rule|HP Percentage Mod: HP is shown in percentages\n|rule|Endless Battle Clause: Forcing endless battles is banned\n|rule|OHKO Clause: OHKO moves are banned\n|rule|Evasion Clause: Evasion abilities, items, and moves are banned\n|rule|Evasion Abilities Clause: Evasion abilities are banned\n|rule|Evasion Items Clause: Evasion items are banned\n|rule|Evasion Moves Clause: Evasion moves are banned\n|rule|Species Clause: Limit one of each Pok\u00e9mon\n|rule|Sleep Clause Mod: Limit one foe put to sleep\n|clearpoke\n|poke|p1|Ursaluna, F|\n|poke|p1|Dragonite, M|\n|poke|p1|Slowking, F|\n|poke|p1|Tapu Koko|\n|poke|p1|Hoopa-Unbound|\n|poke|p1|Great Tusk|\n|poke|p2|Garchomp, M|\n|poke|p2|Corviknight, F|\n|poke|p2|Samurott-Hisui, F|\n|poke|p2|Gengar, M|\n|poke|p2|Rotom-Wash|\n|poke|p2|Clefable, M|\n|teampreview\n|\n|t:|1700841790\n|start\n|switch|p1a: Great Tusk|Great Tusk|100\/100\n|switch|p2a: Samurott|Samurott-Hisui, F|100\/100\n|turn|1\n|\n|t:|1700841793\n|move|p2a: Samurott|Razor Shell|p1a: Great Tusk\n|-supereffective|p1a: Great Tusk\n|-damage|p1a: Great Tusk|38\/100\n|move|p1a: Great Tusk|Rapid Spin|p2a: Samurott\n|-damage|p2a: Samurott|77\/100\n|-boost|p1a: Great Tusk|spe|1\n|\n|upkeep\n|turn|2\n|\n|t:|1700841804\n|switch|p2a: Gengar|Gengar, M|100\/100\n|move|p1a: Great Tusk|Headlong Rush|p2a: Gengar\n|-supereffective|p2a: Gengar\n|-damage|p2a: Gengar|0 fnt\n|-unboost|p1a: Great Tusk|def|1\n|-unboost|p1a: Great Tusk|spd|1\n|faint|p2a: Gengar\n|\n|upkeep\n|\n|t:|1700841811\n|switch|p2a: Corviknight|Corviknight, F|100\/100\n|turn|3\n|\n|t:|1700841814\n|-end|p1a: Great Tusk|Protosynthesis|[silent]\n|switch|p1a: Tapu Koko|Tapu Koko|100\/100\n|-fieldstart|move: Electric Terrain|[from] ability: Electric Surge|[of] p1a: Tapu Koko\n|move|p2a: Corviknight|U-turn|p1a: Tapu Koko\n|-resisted|p1a: Tapu Koko\n|-damage|p1a: Tapu Koko|91\/100\n|\n|t:|1700841820\n|switch|p2a: Rotom|Rotom-Wash|100\/100|[from] U-turn\n|\n|upkeep\n|turn|4\n|\n|t:|1700841828\n|move|p1a: Tapu Koko|U-turn|p2a: Rotom\n|-damage|p2a: Rotom|84\/100\n|\n|t:|1700841837\n|switch|p1a: Slowking|Slowking, F|100\/100|[from] U-turn\n|move|p2a: Rotom|Hydro Pump|p1a: Slowking\n|-resisted|p1a: Slowking\n|-damage|p1a: Slowking|89\/100\n|\n|-heal|p2a: Rotom|90\/100|[from] item: Leftovers\n|upkeep\n|turn|5\n|\n|t:|1700841845\n|move|p2a: Rotom|Volt Switch|p1a: Slowking\n|-supereffective|p1a: Slowking\n|-damage|p1a: Slowking|59\/100\n|\n|t:|1700841848\n|switch|p2a: Corviknight|Corviknight, F|100\/100|[from] Volt Switch\n|move|p1a: Slowking|Trick Room|p1a: Slowking\n|-fieldstart|move: Trick Room|[of] p1a: Slowking\n|\n|upkeep\n|turn|6\n|\n|t:|1700841851\n|move|p2a: Corviknight|U-turn|p1a: Slowking\n|-supereffective|p1a: Slowking\n|-damage|p1a: Slowking|26\/100\n|\n|t:|1700841852\n|switch|p2a: Rotom|Rotom-Wash|90\/100|[from] U-turn\n|move|p1a: Slowking|Teleport|p1a: Slowking\n|\n|t:|1700841855\n|switch|p1a: Ursaluna|Ursaluna, F|100\/100|[from] Teleport\n|\n|-heal|p2a: Rotom|96\/100|[from] item: Leftovers\n|-status|p1a: Ursaluna|brn|[from] item: Flame Orb\n|upkeep\n|turn|7\n|inactive|Battle timer is ON: inactive players will automatically lose when time's up. (requested by baigu2)\n|\n|t:|1700841861\n|-terastallize|p1a: Ursaluna|Normal\n|move|p1a: Ursaluna|Facade|p2a: Rotom\n|-damage|p2a: Rotom|0 fnt\n|faint|p2a: Rotom\n|\n|-damage|p1a: Ursaluna|94\/100 brn|[from] brn\n|-fieldend|move: Electric Terrain\n|upkeep\n|\n|t:|1700841866\n|switch|p2a: Corviknight|Corviknight, F|100\/100\n|turn|8\n|\n|t:|1700841870\n|move|p1a: Ursaluna|Facade|p2a: Corviknight\n|-resisted|p2a: Corviknight\n|-damage|p2a: Corviknight|53\/100\n|move|p2a: Corviknight|Roost|p2a: Corviknight\n|-heal|p2a: Corviknight|100\/100\n|-singleturn|p2a: Corviknight|move: Roost\n|\n|-damage|p1a: Ursaluna|88\/100 brn|[from] brn\n|upkeep\n|turn|9\n|\n|t:|1700841881\n|switch|p1a: Tapu Koko|Tapu Koko|91\/100\n|-fieldstart|move: Electric Terrain|[from] ability: Electric Surge|[of] p1a: Tapu Koko\n|move|p2a: Corviknight|U-turn|p1a: Tapu Koko\n|-resisted|p1a: Tapu Koko\n|-damage|p1a: Tapu Koko|82\/100\n|\n|t:|1700841891\n|switch|p2a: Clefable|Clefable, M|100\/100|[from] U-turn\n|\n|-fieldend|move: Trick Room\n|upkeep\n|turn|10\n|\n|t:|1700841895\n|move|p1a: Tapu Koko|U-turn|p2a: Clefable\n|-resisted|p2a: Clefable\n|-damage|p2a: Clefable|94\/100\n|\n|t:|1700841898\n|switch|p1a: Ursaluna|Ursaluna, F, tera:Normal|88\/100 brn|[from] U-turn\n|move|p2a: Clefable|Moonblast|p1a: Ursaluna\n|-damage|p1a: Ursaluna|61\/100 brn\n|\n|-damage|p1a: Ursaluna|55\/100 brn|[from] brn\n|upkeep\n|turn|11\n|\n|t:|1700841907\n|move|p2a: Clefable|Stealth Rock|p1a: Ursaluna\n|-sidestart|p1: baigu2|move: Stealth Rock\n|move|p1a: Ursaluna|Facade|p2a: Clefable\n|-damage|p2a: Clefable|0 fnt\n|faint|p2a: Clefable\n|\n|-damage|p1a: Ursaluna|49\/100 brn|[from] brn\n|upkeep\n|\n|t:|1700841910\n|switch|p2a: Samurott|Samurott-Hisui, F|77\/100\n|turn|12\n|\n|t:|1700841914\n|move|p2a: Samurott|Ceaseless Edge|p1a: Ursaluna\n|-damage|p1a: Ursaluna|18\/100 brn\n|-sidestart|p1: baigu2|Spikes\n|move|p1a: Ursaluna|Facade|p2a: Samurott\n|-damage|p2a: Samurott|0 fnt\n|faint|p2a: Samurott\n|\n|-damage|p1a: Ursaluna|11\/100 brn|[from] brn\n|upkeep\n|\n|t:|1700841920\n|switch|p2a: Garchomp|Garchomp, M|100\/100\n|turn|13\n|\n|t:|1700841930\n|move|p2a: Garchomp|Scale Shot|p1a: Ursaluna\n|-damage|p1a: Ursaluna|2\/100 brn\n|-damage|p1a: Ursaluna|0 fnt\n|faint|p1a: Ursaluna\n|-hitcount|p1: Ursaluna|2\n|-unboost|p2a: Garchomp|def|1\n|-boost|p2a: Garchomp|spe|1\n|\n|-fieldend|move: Electric Terrain\n|upkeep\n|\n|t:|1700841959\n|switch|p1a: Slowking|Slowking, F|59\/100\n|turn|14\n|\n|t:|1700841965\n|switch|p1a: Great Tusk|Great Tusk|38\/100\n|detailschange|p2a: Garchomp|Garchomp-Mega, M\n|-mega|p2a: Garchomp|Garchomp|Garchompite\n|move|p2a: Garchomp|Earthquake|p1a: Great Tusk\n|-damage|p1a: Great Tusk|1\/100\n|\n|upkeep\n|turn|15\n|\n|t:|1700841971\n|move|p2a: Garchomp|Earthquake|p1a: Great Tusk\n|-damage|p1a: Great Tusk|0 fnt\n|faint|p1a: Great Tusk\n|-end|p1a: Great Tusk|Protosynthesis|[silent]\n|\n|upkeep\n|\n|t:|1700841973\n|switch|p1a: Slowking|Slowking, F|92\/100\n|turn|16\n|\n|t:|1700841981\n|move|p2a: Garchomp|Earthquake|p1a: Slowking\n|-damage|p1a: Slowking|30\/100\n|move|p1a: Slowking|Trick Room|p1a: Slowking\n|-fieldstart|move: Trick Room|[of] p1a: Slowking\n|\n|upkeep\n|turn|17\n|\n|t:|1700841987\n|switch|p2a: Corviknight|Corviknight, F|100\/100\n|move|p1a: Slowking|Scald|p2a: Corviknight\n|-damage|p2a: Corviknight|73\/100\n|\n|upkeep\n|turn|18\n|\n|t:|1700841994\n|move|p1a: Slowking|Slack Off|p1a: Slowking\n|-heal|p1a: Slowking|80\/100\n|move|p2a: Corviknight|U-turn|p1a: Slowking\n|-supereffective|p1a: Slowking\n|-damage|p1a: Slowking|50\/100\n|\n|t:|1700841996\n|switch|p2a: Garchomp|Garchomp-Mega, M|100\/100|[from] U-turn\n|\n|upkeep\n|turn|19\n|\n|t:|1700842001\n|switch|p2a: Corviknight|Corviknight, F|73\/100\n|move|p1a: Slowking|Scald|p2a: Corviknight\n|-damage|p2a: Corviknight|45\/100\n|\n|upkeep\n|turn|20\n|\n|t:|1700842005\n|move|p1a: Slowking|Scald|p2a: Corviknight\n|-damage|p2a: Corviknight|19\/100\n|-status|p2a: Corviknight|brn\n|move|p2a: Corviknight|Roost|p2a: Corviknight\n|-heal|p2a: Corviknight|69\/100 brn\n|-singleturn|p2a: Corviknight|move: Roost\n|\n|-damage|p2a: Corviknight|63\/100 brn|[from] brn\n|-fieldend|move: Trick Room\n|upkeep\n|turn|21\n|\n|t:|1700842010\n|move|p2a: Corviknight|Roost|p2a: Corviknight\n|-heal|p2a: Corviknight|100\/100 brn\n|-singleturn|p2a: Corviknight|move: Roost\n|move|p1a: Slowking|Teleport|p1a: Slowking\n|\n|t:|1700842015\n|switch|p1a: Tapu Koko|Tapu Koko|82\/100|[from] Teleport\n|-damage|p1a: Tapu Koko|70\/100|[from] Stealth Rock\n|-damage|p1a: Tapu Koko|57\/100|[from] Spikes\n|-fieldstart|move: Electric Terrain|[from] ability: Electric Surge|[of] p1a: Tapu Koko\n|\n|-damage|p2a: Corviknight|94\/100 brn|[from] brn\n|upkeep\n|turn|22\n|\n|t:|1700842021\n|-terastallize|p2a: Corviknight|Fighting\n|move|p1a: Tapu Koko|Dazzling Gleam|p2a: Corviknight\n|-supereffective|p2a: Corviknight\n|-damage|p2a: Corviknight|0 fnt\n|faint|p2a: Corviknight\n|\n|upkeep\n|\n|t:|1700842025\n|switch|p2a: Garchomp|Garchomp-Mega, M|100\/100\n|turn|23\n|\n|t:|1700842028\n|move|p1a: Tapu Koko|Dazzling Gleam|p2a: Garchomp\n|-supereffective|p2a: Garchomp\n|-damage|p2a: Garchomp|0 fnt\n|faint|p2a: Garchomp\n|\n|win|baigu2\n|raw|baigu2's rating: 1627 &rarr; <strong>1642<\/strong><br \/>(+15 for winning)\n|raw|ReyPar5568's rating: 1545 &rarr; <strong>1530<\/strong><br \/>(-15 for losing)\n|l|\u2606ReyPar5568\n","uploadtime":1700842033,"views":0,"p1id":"baigu2","p2id":"reypar5568","formatid":"gen9nationaldex","rating":1530,"private":0,"password":""}