{"id":"gen9nationaldex-1995863633","p1":"Slender235","p2":"UseAmpharos5","format":"[Gen 9] National Dex","log":"|html|<div class=\"broadcast-blue\"><strong>[Gen 9] National Dex is currently suspecting Sneasler! For information on how to participate check out the <a href=\"https:\/\/www.smogon.com\/forums\/threads\/sv-national-dex-suspect-8-just-dance.3731534\/\">suspect thread<\/a>.<\/strong><\/div>\n|j|\u2606Slender235\n|j|\u2606UseAmpharos5\n|t:|1700611011\n|gametype|singles\n|player|p1|Slender235|ingo|1405\n|player|p2|UseAmpharos5|shauntal|1393\n|teamsize|p1|6\n|teamsize|p2|6\n|gen|9\n|tier|[Gen 9] National Dex\n|rated|\n|rule|HP Percentage Mod: HP is shown in percentages\n|rule|Endless Battle Clause: Forcing endless battles is banned\n|rule|OHKO Clause: OHKO moves are banned\n|rule|Evasion Clause: Evasion abilities, items, and moves are banned\n|rule|Evasion Abilities Clause: Evasion abilities are banned\n|rule|Evasion Items Clause: Evasion items are banned\n|rule|Evasion Moves Clause: Evasion moves are banned\n|rule|Species Clause: Limit one of each Pok\u00e9mon\n|rule|Sleep Clause Mod: Limit one foe put to sleep\n|clearpoke\n|poke|p1|Tapu Lele|\n|poke|p1|Slowking-Galar, M|\n|poke|p1|Ferrothorn, F|\n|poke|p1|Sneasler, F|\n|poke|p1|Zapdos|\n|poke|p1|Throh, M|\n|poke|p2|Alomomola, M|\n|poke|p2|Ting-Lu|\n|poke|p2|Ferrothorn, M|\n|poke|p2|Weavile, M|\n|poke|p2|Scizor, M|\n|poke|p2|Dragonite, F|\n|teampreview\n|inactive|Battle timer is ON: inactive players will automatically lose when time's up. (requested by Slender235)\n|\n|t:|1700611025\n|start\n|switch|p1a: Zapdos|Zapdos|100\/100\n|switch|p2a: Ting-Lu|Ting-Lu|100\/100\n|-ability|p2a: Ting-Lu|Vessel of Ruin\n|turn|1\n|\n|t:|1700611033\n|move|p1a: Zapdos|Hurricane|p2a: Ting-Lu\n|-damage|p2a: Ting-Lu|59\/100\n|move|p2a: Ting-Lu|Spikes|p1a: Zapdos\n|-sidestart|p1: Slender235|Spikes\n|\n|-heal|p2a: Ting-Lu|65\/100|[from] item: Leftovers\n|upkeep\n|turn|2\n|\n|t:|1700611050\n|switch|p2a: Weavile|Weavile, M|100\/100\n|move|p1a: Zapdos|Hurricane|p2a: Weavile\n|-damage|p2a: Weavile|0 fnt\n|faint|p2a: Weavile\n|\n|upkeep\n|\n|t:|1700611056\n|switch|p2a: Ting-Lu|Ting-Lu|65\/100\n|-ability|p2a: Ting-Lu|Vessel of Ruin\n|turn|3\n|\n|t:|1700611059\n|move|p1a: Zapdos|Hurricane|p2a: Ting-Lu\n|-damage|p2a: Ting-Lu|26\/100\n|move|p2a: Ting-Lu|Whirlwind|p1a: Zapdos\n|drag|p1a: Ferrothorn|Ferrothorn, F|100\/100\n|-damage|p1a: Ferrothorn|88\/100|[from] Spikes\n|\n|-heal|p2a: Ting-Lu|33\/100|[from] item: Leftovers\n|upkeep\n|turn|4\n|\n|t:|1700611069\n|move|p2a: Ting-Lu|Spikes|p1a: Ferrothorn\n|-sidestart|p1: Slender235|Spikes\n|move|p1a: Ferrothorn|Stealth Rock|p2a: Ting-Lu\n|-sidestart|p2: UseAmpharos5|move: Stealth Rock\n|\n|-heal|p2a: Ting-Lu|39\/100|[from] item: Leftovers\n|upkeep\n|turn|5\n|\n|t:|1700611075\n|move|p1a: Ferrothorn|Leech Seed|p2a: Ting-Lu\n|-start|p2a: Ting-Lu|move: Leech Seed\n|move|p2a: Ting-Lu|Whirlwind|p1a: Ferrothorn\n|drag|p1a: Zapdos|Zapdos|100\/100\n|\n|-heal|p2a: Ting-Lu|45\/100|[from] item: Leftovers\n|-damage|p2a: Ting-Lu|33\/100|[from] Leech Seed|[of] p1a: Zapdos\n|upkeep\n|turn|6\n|\n|t:|1700611089\n|move|p1a: Zapdos|Hurricane|p2a: Ting-Lu|[miss]\n|-miss|p1a: Zapdos|p2a: Ting-Lu\n|move|p2a: Ting-Lu|Whirlwind|p1a: Zapdos\n|drag|p1a: Ferrothorn|Ferrothorn, F|88\/100\n|-damage|p1a: Ferrothorn|72\/100|[from] Spikes\n|\n|-heal|p2a: Ting-Lu|39\/100|[from] item: Leftovers\n|-damage|p2a: Ting-Lu|26\/100|[from] Leech Seed|[of] p1a: Ferrothorn\n|-heal|p1a: Ferrothorn|88\/100|[silent]\n|upkeep\n|turn|7\n|\n|t:|1700611098\n|switch|p2a: Alomomola|Alomomola, M, shiny|100\/100\n|move|p1a: Ferrothorn|Spikes|p2a: Alomomola\n|-sidestart|p2: UseAmpharos5|Spikes\n|\n|upkeep\n|turn|8\n|\n|t:|1700611107\n|move|p2a: Alomomola|Wish|p2a: Alomomola\n|move|p1a: Ferrothorn|Leech Seed|p2a: Alomomola|[miss]\n|-miss|p1a: Ferrothorn|p2a: Alomomola\n|\n|upkeep\n|turn|9\n|\n|t:|1700611130\n|switch|p1a: Throh|Throh, M|100\/100\n|-damage|p1a: Throh|84\/100|[from] Spikes\n|move|p2a: Alomomola|Flip Turn|p1a: Throh\n|-damage|p1a: Throh|72\/100\n|\n|t:|1700611137\n|switch|p2a: Ting-Lu|Ting-Lu|26\/100|[from] Flip Turn\n|-damage|p2a: Ting-Lu|20\/100|[from] Stealth Rock\n|-damage|p2a: Ting-Lu|8\/100|[from] Spikes\n|-ability|p2a: Ting-Lu|Vessel of Ruin\n|\n|-heal|p2a: Ting-Lu|60\/100|[from] move: Wish|[wisher] Alomomola\n|-heal|p1a: Throh|78\/100|[from] item: Leftovers\n|-heal|p2a: Ting-Lu|66\/100|[from] item: Leftovers\n|upkeep\n|turn|10\n|\n|t:|1700611152\n|switch|p2a: Dragonite|Dragonite, F|100\/100\n|move|p1a: Throh|Toxic|p2a: Dragonite\n|-status|p2a: Dragonite|tox\n|\n|-heal|p1a: Throh|84\/100|[from] item: Leftovers\n|-damage|p2a: Dragonite|94\/100 tox|[from] psn\n|upkeep\n|turn|11\n|\n|t:|1700611160\n|move|p2a: Dragonite|Dragon Dance|p2a: Dragonite\n|-boost|p2a: Dragonite|atk|1\n|-boost|p2a: Dragonite|spe|1\n|move|p1a: Throh|Circle Throw|p2a: Dragonite|[miss]\n|-miss|p1a: Throh|p2a: Dragonite\n|\n|-heal|p1a: Throh|90\/100|[from] item: Leftovers\n|-damage|p2a: Dragonite|82\/100 tox|[from] psn\n|upkeep\n|turn|12\n|\n|t:|1700611166\n|move|p2a: Dragonite|Dragon Claw|p1a: Throh\n|-damage|p1a: Throh|37\/100\n|move|p1a: Throh|Circle Throw|p2a: Dragonite|[miss]\n|-miss|p1a: Throh|p2a: Dragonite\n|\n|-heal|p1a: Throh|43\/100|[from] item: Leftovers\n|-damage|p2a: Dragonite|63\/100 tox|[from] psn\n|upkeep\n|turn|13\n|c|\u2606Slender235|Come on man\n|\n|t:|1700611176\n|move|p2a: Dragonite|Earthquake|p1a: Throh\n|-damage|p1a: Throh|0 fnt\n|faint|p1a: Throh\n|\n|-damage|p2a: Dragonite|39\/100 tox|[from] psn\n|upkeep\n|\n|t:|1700611182\n|switch|p1a: Tapu Lele|Tapu Lele|100\/100\n|-damage|p1a: Tapu Lele|84\/100|[from] Spikes\n|-fieldstart|move: Psychic Terrain|[from] ability: Psychic Surge|[of] p1a: Tapu Lele\n|turn|14\n|\n|t:|1700611192\n|move|p1a: Tapu Lele|Moonblast|p2a: Dragonite\n|-supereffective|p2a: Dragonite\n|-damage|p2a: Dragonite|0 fnt\n|faint|p2a: Dragonite\n|\n|upkeep\n|\n|t:|1700611196\n|switch|p2a: Scizor|Scizor, M|100\/100\n|-damage|p2a: Scizor|88\/100|[from] Stealth Rock\n|-damage|p2a: Scizor|76\/100|[from] Spikes\n|turn|15\n|\n|t:|1700611210\n|switch|p1a: Ferrothorn|Ferrothorn, F|88\/100\n|-damage|p1a: Ferrothorn|71\/100|[from] Spikes\n|detailschange|p2a: Scizor|Scizor-Mega, M\n|-mega|p2a: Scizor|Scizor|Scizorite\n|move|p2a: Scizor|Swords Dance|p2a: Scizor\n|-boost|p2a: Scizor|atk|2\n|\n|upkeep\n|turn|16\n|\n|t:|1700611217\n|move|p2a: Scizor|Close Combat|p1a: Ferrothorn\n|-supereffective|p1a: Ferrothorn\n|-damage|p1a: Ferrothorn|0 fnt\n|-unboost|p2a: Scizor|def|1\n|-unboost|p2a: Scizor|spd|1\n|-damage|p2a: Scizor|64\/100|[from] ability: Iron Barbs|[of] p1a: Ferrothorn\n|-damage|p2a: Scizor|47\/100|[from] item: Rocky Helmet|[of] p1a: Ferrothorn\n|faint|p1a: Ferrothorn\n|\n|upkeep\n|\n|t:|1700611235\n|switch|p1a: Zapdos|Zapdos|100\/100\n|turn|17\n|\n|t:|1700611241\n|switch|p2a: Alomomola|Alomomola, M, shiny|100\/100\n|move|p1a: Zapdos|Volt Switch|p2a: Alomomola\n|-supereffective|p2a: Alomomola\n|-damage|p2a: Alomomola|12\/100\n|\n|t:|1700611245\n|switch|p1a: Sneasler|Sneasler, F|100\/100|[from] Volt Switch\n|-damage|p1a: Sneasler|84\/100|[from] Spikes\n|-enditem|p1a: Sneasler|Psychic Seed\n|-boost|p1a: Sneasler|spd|1|[from] item: Psychic Seed\n|\n|upkeep\n|turn|18\n|\n|t:|1700611260\n|move|p1a: Sneasler|Acrobatics|p2a: Alomomola\n|-damage|p2a: Alomomola|0 fnt\n|faint|p2a: Alomomola\n|\n|-fieldend|move: Psychic Terrain\n|upkeep\n|\n|t:|1700611264\n|switch|p2a: Ferrothorn|Ferrothorn, M|100\/100\n|-damage|p2a: Ferrothorn|95\/100|[from] Stealth Rock\n|-damage|p2a: Ferrothorn|82\/100|[from] Spikes\n|turn|19\n|\n|t:|1700611273\n|move|p1a: Sneasler|Close Combat|p2a: Ferrothorn\n|-supereffective|p2a: Ferrothorn\n|-damage|p2a: Ferrothorn|1\/100\n|-unboost|p1a: Sneasler|def|1\n|-unboost|p1a: Sneasler|spd|1\n|-damage|p1a: Sneasler|72\/100|[from] ability: Iron Barbs|[of] p2a: Ferrothorn\n|-damage|p1a: Sneasler|55\/100|[from] item: Rocky Helmet|[of] p2a: Ferrothorn\n|move|p2a: Ferrothorn|Leech Seed|p1a: Sneasler\n|-start|p1a: Sneasler|move: Leech Seed\n|\n|-damage|p1a: Sneasler|43\/100|[from] Leech Seed|[of] p2a: Ferrothorn\n|-heal|p2a: Ferrothorn|12\/100|[silent]\n|upkeep\n|turn|20\n|\n|t:|1700611285\n|move|p2a: Ferrothorn|Protect|p2a: Ferrothorn\n|-singleturn|p2a: Ferrothorn|Protect\n|move|p1a: Sneasler|Acrobatics|p2a: Ferrothorn\n|-activate|p2a: Ferrothorn|move: Protect\n|\n|-damage|p1a: Sneasler|30\/100|[from] Leech Seed|[of] p2a: Ferrothorn\n|-heal|p2a: Ferrothorn|22\/100|[silent]\n|upkeep\n|turn|21\n|\n|t:|1700611294\n|move|p1a: Sneasler|Close Combat|p2a: Ferrothorn\n|-supereffective|p2a: Ferrothorn\n|-damage|p2a: Ferrothorn|0 fnt\n|-unboost|p1a: Sneasler|def|1\n|-unboost|p1a: Sneasler|spd|1\n|-damage|p1a: Sneasler|18\/100|[from] ability: Iron Barbs|[of] p2a: Ferrothorn\n|-damage|p1a: Sneasler|1\/100|[from] item: Rocky Helmet|[of] p2a: Ferrothorn\n|faint|p2a: Ferrothorn\n|\n|upkeep\n|\n|t:|1700611302\n|switch|p2a: Scizor|Scizor-Mega, M|47\/100\n|-damage|p2a: Scizor|35\/100|[from] Stealth Rock\n|-damage|p2a: Scizor|23\/100|[from] Spikes\n|turn|22\n|\n|t:|1700611305\n|move|p1a: Sneasler|Close Combat|p2a: Scizor\n|-damage|p2a: Scizor|0 fnt\n|-unboost|p1a: Sneasler|def|1\n|-unboost|p1a: Sneasler|spd|1\n|faint|p2a: Scizor\n|\n|upkeep\n|\n|t:|1700611309\n|switch|p2a: Ting-Lu|Ting-Lu|66\/100\n|-damage|p2a: Ting-Lu|60\/100|[from] Stealth Rock\n|-damage|p2a: Ting-Lu|48\/100|[from] Spikes\n|-ability|p2a: Ting-Lu|Vessel of Ruin\n|turn|23\n|\n|t:|1700611315\n|move|p1a: Sneasler|Close Combat|p2a: Ting-Lu\n|-supereffective|p2a: Ting-Lu\n|-damage|p2a: Ting-Lu|0 fnt\n|-unboost|p1a: Sneasler|def|1\n|-unboost|p1a: Sneasler|spd|1\n|faint|p2a: Ting-Lu\n|\n|win|Slender235\n|raw|Slender235's rating: 1405 &rarr; <strong>1424<\/strong><br \/>(+19 for winning)\n|raw|UseAmpharos5's rating: 1393 &rarr; <strong>1374<\/strong><br \/>(-19 for losing)\n|l|\u2606UseAmpharos5\n|c|\u2606Slender235|Gg\n","uploadtime":1700611335,"views":0,"p1id":"slender235","p2id":"useampharos5","formatid":"gen9nationaldex","rating":1374,"private":0,"password":""}