{"id":"gen9nationaldex-1988468406","p1":"zeonteo","p2":"Sas12","format":"[Gen 9] National Dex","log":"|j|\u2606zeonteo\n|j|\u2606Sas12\n|t:|1699726166\n|gametype|singles\n|player|p1|zeonteo|pokemonranger-gen4|1304\n|player|p2|Sas12|266|1222\n|teamsize|p1|6\n|teamsize|p2|6\n|gen|9\n|tier|[Gen 9] National Dex\n|rated|\n|rule|HP Percentage Mod: HP is shown in percentages\n|rule|Endless Battle Clause: Forcing endless battles is banned\n|rule|OHKO Clause: OHKO moves are banned\n|rule|Evasion Clause: Evasion abilities, items, and moves are banned\n|rule|Evasion Abilities Clause: Evasion abilities are banned\n|rule|Evasion Items Clause: Evasion items are banned\n|rule|Evasion Moves Clause: Evasion moves are banned\n|rule|Species Clause: Limit one of each Pok\u00e9mon\n|rule|Sleep Clause Mod: Limit one foe put to sleep\n|clearpoke\n|poke|p1|Torkoal, F|\n|poke|p1|Charizard, F|\n|poke|p1|Hatterene, F|\n|poke|p1|Great Tusk|\n|poke|p1|Venusaur, F|\n|poke|p1|Garganacl, F|\n|poke|p2|Gothitelle, F|\n|poke|p2|Skarmory, F|\n|poke|p2|Chansey, F|\n|poke|p2|Solrock|\n|poke|p2|Toxapex, F|\n|poke|p2|Haxorus, M|\n|teampreview\n|inactive|Battle timer is ON: inactive players will automatically lose when time's up. (requested by zeonteo)\n|\n|t:|1699726172\n|start\n|switch|p1a: Garganacl|Garganacl, F|100\/100\n|switch|p2a: Toxapex|Toxapex, F|100\/100\n|turn|1\n|\n|t:|1699726182\n|-terastallize|p1a: Garganacl|Water\n|move|p2a: Toxapex|Scald|p1a: Garganacl\n|-resisted|p1a: Garganacl\n|-crit|p1a: Garganacl\n|-damage|p1a: Garganacl|93\/100\n|move|p1a: Garganacl|Salt Cure|p2a: Toxapex\n|-damage|p2a: Toxapex|92\/100\n|-start|p2a: Toxapex|Salt Cure\n|\n|-heal|p1a: Garganacl|99\/100|[from] item: Leftovers\n|-damage|p2a: Toxapex|67\/100|[from] Salt Cure\n|upkeep\n|turn|2\n|\n|t:|1699726195\n|switch|p2a: Skarmory|Skarmory, F|100\/100\n|move|p1a: Garganacl|Salt Cure|p2a: Skarmory\n|-damage|p2a: Skarmory|92\/100\n|-start|p2a: Skarmory|Salt Cure\n|\n|-heal|p2a: Skarmory|98\/100|[from] item: Leftovers\n|-heal|p1a: Garganacl|100\/100|[from] item: Leftovers\n|-damage|p2a: Skarmory|73\/100|[from] Salt Cure\n|upkeep\n|turn|3\n|\n|t:|1699726210\n|switch|p1a: Torkoal|Torkoal, F, shiny|100\/100\n|-weather|SunnyDay|[from] ability: Drought|[of] p1a: Torkoal\n|move|p2a: Skarmory|Whirlwind|p1a: Torkoal\n|drag|p1a: Hatterene|Hatterene, F|100\/100\n|\n|-weather|SunnyDay|[upkeep]\n|-heal|p2a: Skarmory|79\/100|[from] item: Leftovers\n|-damage|p2a: Skarmory|54\/100|[from] Salt Cure\n|upkeep\n|turn|4\n|\n|t:|1699726227\n|switch|p2a: Chansey|Chansey, F|100\/100\n|move|p1a: Hatterene|Mystical Fire|p2a: Chansey\n|-damage|p2a: Chansey|89\/100\n|-unboost|p2a: Chansey|spa|1\n|\n|-weather|SunnyDay|[upkeep]\n|upkeep\n|turn|5\n|\n|t:|1699726237\n|move|p2a: Chansey|Seismic Toss|p1a: Hatterene\n|-damage|p1a: Hatterene|69\/100\n|move|p1a: Hatterene|Calm Mind|p1a: Hatterene\n|-boost|p1a: Hatterene|spa|1\n|-boost|p1a: Hatterene|spd|1\n|\n|-weather|SunnyDay|[upkeep]\n|-heal|p1a: Hatterene|75\/100|[from] item: Leftovers\n|upkeep\n|turn|6\n|\n|t:|1699726249\n|move|p2a: Chansey|Seismic Toss|p1a: Hatterene\n|-damage|p1a: Hatterene|44\/100\n|move|p1a: Hatterene|Draining Kiss|p2a: Chansey\n|-damage|p2a: Chansey|79\/100\n|-heal|p1a: Hatterene|60\/100|[from] drain|[of] p2a: Chansey\n|\n|-weather|SunnyDay|[upkeep]\n|-heal|p1a: Hatterene|66\/100|[from] item: Leftovers\n|upkeep\n|turn|7\n|\n|t:|1699726260\n|switch|p1a: Great Tusk|Great Tusk|100\/100\n|-activate|p1a: Great Tusk|ability: Protosynthesis\n|-start|p1a: Great Tusk|protosynthesisdef\n|move|p2a: Chansey|Seismic Toss|p1a: Great Tusk\n|-damage|p1a: Great Tusk|77\/100\n|\n|-weather|SunnyDay|[upkeep]\n|-heal|p1a: Great Tusk|84\/100|[from] item: Leftovers\n|upkeep\n|turn|8\n|\n|t:|1699726276\n|switch|p2a: Skarmory|Skarmory, F|54\/100\n|move|p1a: Great Tusk|Ice Spinner|p2a: Skarmory\n|-damage|p2a: Skarmory|41\/100\n|\n|-weather|SunnyDay|[upkeep]\n|-heal|p1a: Great Tusk|90\/100|[from] item: Leftovers\n|-heal|p2a: Skarmory|47\/100|[from] item: Leftovers\n|upkeep\n|turn|9\n|\n|t:|1699726288\n|-end|p1a: Great Tusk|Protosynthesis|[silent]\n|switch|p1a: Hatterene|Hatterene, F|66\/100\n|move|p2a: Skarmory|Spikes|p1a: Hatterene\n|move|p1a: Hatterene|Spikes|p2a: Skarmory|[from]ability: Magic Bounce\n|-sidestart|p2: Sas12|Spikes\n|\n|-weather|SunnyDay|[upkeep]\n|-heal|p2a: Skarmory|53\/100|[from] item: Leftovers\n|-heal|p1a: Hatterene|72\/100|[from] item: Leftovers\n|upkeep\n|turn|10\n|\n|t:|1699726304\n|move|p1a: Hatterene|Mystical Fire|p2a: Skarmory\n|-supereffective|p2a: Skarmory\n|-damage|p2a: Skarmory|0 fnt\n|faint|p2a: Skarmory\n|\n|-weather|none\n|-heal|p1a: Hatterene|78\/100|[from] item: Leftovers\n|upkeep\n|\n|t:|1699726317\n|switch|p2a: Gothitelle|Gothitelle, F|100\/100\n|-damage|p2a: Gothitelle|88\/100|[from] Spikes\n|turn|11\n|\n|t:|1699726326\n|move|p2a: Gothitelle|Mean Look|p1a: Hatterene\n|move|p1a: Hatterene|Mean Look|p2a: Gothitelle|[from]ability: Magic Bounce\n|-activate|p2a: Gothitelle|trapped\n|move|p1a: Hatterene|Mystical Fire|p2a: Gothitelle\n|-damage|p2a: Gothitelle|67\/100\n|-unboost|p2a: Gothitelle|spa|1\n|-ability|p2a: Gothitelle|Competitive|boost\n|-boost|p2a: Gothitelle|spa|2\n|\n|-heal|p2a: Gothitelle|73\/100|[from] item: Leftovers\n|-heal|p1a: Hatterene|84\/100|[from] item: Leftovers\n|upkeep\n|turn|12\n|\n|t:|1699726341\n|move|p2a: Gothitelle|Cosmic Power|p2a: Gothitelle\n|-boost|p2a: Gothitelle|def|1\n|-boost|p2a: Gothitelle|spd|1\n|move|p1a: Hatterene|Calm Mind|p1a: Hatterene\n|-boost|p1a: Hatterene|spa|1\n|-boost|p1a: Hatterene|spd|1\n|\n|-heal|p2a: Gothitelle|80\/100|[from] item: Leftovers\n|-heal|p1a: Hatterene|90\/100|[from] item: Leftovers\n|upkeep\n|turn|13\n|\n|t:|1699726351\n|move|p2a: Gothitelle|Cosmic Power|p2a: Gothitelle\n|-boost|p2a: Gothitelle|def|1\n|-boost|p2a: Gothitelle|spd|1\n|move|p1a: Hatterene|Calm Mind|p1a: Hatterene\n|-boost|p1a: Hatterene|spa|1\n|-boost|p1a: Hatterene|spd|1\n|\n|-heal|p2a: Gothitelle|86\/100|[from] item: Leftovers\n|-heal|p1a: Hatterene|96\/100|[from] item: Leftovers\n|upkeep\n|turn|14\n|\n|t:|1699726361\n|move|p2a: Gothitelle|Cosmic Power|p2a: Gothitelle\n|-boost|p2a: Gothitelle|def|1\n|-boost|p2a: Gothitelle|spd|1\n|move|p1a: Hatterene|Calm Mind|p1a: Hatterene\n|-boost|p1a: Hatterene|spa|1\n|-boost|p1a: Hatterene|spd|1\n|\n|-heal|p2a: Gothitelle|92\/100|[from] item: Leftovers\n|-heal|p1a: Hatterene|100\/100|[from] item: Leftovers\n|upkeep\n|turn|15\n|\n|t:|1699726372\n|move|p2a: Gothitelle|Cosmic Power|p2a: Gothitelle\n|-boost|p2a: Gothitelle|def|1\n|-boost|p2a: Gothitelle|spd|1\n|move|p1a: Hatterene|Draining Kiss|p2a: Gothitelle\n|-damage|p2a: Gothitelle|74\/100\n|\n|-heal|p2a: Gothitelle|80\/100|[from] item: Leftovers\n|upkeep\n|turn|16\n|\n|t:|1699726380\n|switch|p1a: Garganacl|Garganacl, F, tera:Water|100\/100\n|move|p2a: Gothitelle|Cosmic Power|p2a: Gothitelle\n|-boost|p2a: Gothitelle|def|1\n|-boost|p2a: Gothitelle|spd|1\n|\n|-heal|p2a: Gothitelle|86\/100|[from] item: Leftovers\n|upkeep\n|turn|17\n|\n|t:|1699726389\n|move|p2a: Gothitelle|Stored Power|p1a: Garganacl\n|-damage|p1a: Garganacl|18\/100\n|move|p1a: Garganacl|Salt Cure|p2a: Gothitelle\n|-damage|p2a: Gothitelle|83\/100\n|-start|p2a: Gothitelle|Salt Cure\n|\n|-heal|p2a: Gothitelle|89\/100|[from] item: Leftovers\n|-heal|p1a: Garganacl|24\/100|[from] item: Leftovers\n|-damage|p2a: Gothitelle|77\/100|[from] Salt Cure\n|upkeep\n|turn|18\n|\n|t:|1699726402\n|switch|p1a: Hatterene|Hatterene, F|100\/100\n|move|p2a: Gothitelle|Stored Power|p1a: Hatterene\n|-resisted|p1a: Hatterene\n|-damage|p1a: Hatterene|57\/100\n|\n|-heal|p2a: Gothitelle|83\/100|[from] item: Leftovers\n|-heal|p1a: Hatterene|63\/100|[from] item: Leftovers\n|-damage|p2a: Gothitelle|71\/100|[from] Salt Cure\n|upkeep\n|turn|19\n|\n|t:|1699726416\n|move|p2a: Gothitelle|Stored Power|p1a: Hatterene\n|-resisted|p1a: Hatterene\n|-damage|p1a: Hatterene|22\/100\n|move|p1a: Hatterene|Trick Room|p1a: Hatterene\n|-fieldstart|move: Trick Room|[of] p1a: Hatterene\n|\n|-heal|p1a: Hatterene|28\/100|[from] item: Leftovers\n|-heal|p2a: Gothitelle|77\/100|[from] item: Leftovers\n|-damage|p2a: Gothitelle|64\/100|[from] Salt Cure\n|upkeep\n|turn|20\n|\n|t:|1699726426\n|move|p1a: Hatterene|Draining Kiss|p2a: Gothitelle\n|-damage|p2a: Gothitelle|58\/100\n|-heal|p1a: Hatterene|34\/100|[from] drain|[of] p2a: Gothitelle\n|move|p2a: Gothitelle|Stored Power|p1a: Hatterene\n|-resisted|p1a: Hatterene\n|-damage|p1a: Hatterene|0 fnt\n|faint|p1a: Hatterene\n|\n|-heal|p2a: Gothitelle|64\/100|[from] item: Leftovers\n|-damage|p2a: Gothitelle|51\/100|[from] Salt Cure\n|upkeep\n|\n|t:|1699726450\n|switch|p1a: Torkoal|Torkoal, F, shiny|100\/100\n|-weather|SunnyDay|[from] ability: Drought|[of] p1a: Torkoal\n|turn|21\n|\n|t:|1699726455\n|-terastallize|p2a: Gothitelle|Psychic\n|move|p1a: Torkoal|Yawn|p2a: Gothitelle\n|-start|p2a: Gothitelle|move: Yawn|[of] p1a: Torkoal\n|move|p2a: Gothitelle|Stored Power|p1a: Torkoal\n|-damage|p1a: Torkoal|0 fnt\n|faint|p1a: Torkoal\n|\n|-weather|SunnyDay|[upkeep]\n|-heal|p2a: Gothitelle|57\/100|[from] item: Leftovers\n|-damage|p2a: Gothitelle|45\/100|[from] Salt Cure\n|upkeep\n|\n|t:|1699726468\n|switch|p1a: Garganacl|Garganacl, F, tera:Water|24\/100\n|turn|22\n|\n|t:|1699726472\n|move|p1a: Garganacl|Recover|p1a: Garganacl\n|-heal|p1a: Garganacl|74\/100\n|move|p2a: Gothitelle|Rest|p2a: Gothitelle\n|-status|p2a: Gothitelle|slp|[from] move: Rest\n|-heal|p2a: Gothitelle|100\/100 slp|[silent]\n|\n|-weather|SunnyDay|[upkeep]\n|-heal|p1a: Garganacl|80\/100|[from] item: Leftovers\n|-damage|p2a: Gothitelle|88\/100 slp|[from] Salt Cure\n|-end|p2a: Gothitelle|move: Yawn|[silent]\n|upkeep\n|turn|23\n|\n|t:|1699726484\n|switch|p1a: Charizard|Charizard, F|100\/100\n|cant|p2a: Gothitelle|slp\n|\n|-weather|SunnyDay|[upkeep]\n|-heal|p2a: Gothitelle|94\/100 slp|[from] item: Leftovers\n|-damage|p2a: Gothitelle|82\/100 slp|[from] Salt Cure\n|-fieldend|move: Trick Room\n|upkeep\n|turn|24\n|\n|t:|1699726495\n|detailschange|p1a: Charizard|Charizard-Mega-Y, F\n|-mega|p1a: Charizard|Charizard|Charizardite Y\n|move|p1a: Charizard|Flamethrower|p2a: Gothitelle\n|-damage|p2a: Gothitelle|59\/100 slp\n|cant|p2a: Gothitelle|slp\n|\n|-weather|SunnyDay|[upkeep]\n|-heal|p2a: Gothitelle|65\/100 slp|[from] item: Leftovers\n|-damage|p2a: Gothitelle|53\/100 slp|[from] Salt Cure\n|upkeep\n|turn|25\n|\n|t:|1699726506\n|move|p1a: Charizard|Flamethrower|p2a: Gothitelle\n|-damage|p2a: Gothitelle|30\/100 slp\n|-curestatus|p2a: Gothitelle|slp|[msg]\n|move|p2a: Gothitelle|Stored Power|p1a: Charizard\n|-damage|p1a: Charizard|0 fnt\n|faint|p1a: Charizard\n|\n|-weather|SunnyDay|[upkeep]\n|-heal|p2a: Gothitelle|37\/100|[from] item: Leftovers\n|-damage|p2a: Gothitelle|24\/100|[from] Salt Cure\n|upkeep\n|\n|t:|1699726518\n|switch|p1a: Venusaur|Venusaur, F, shiny|100\/100\n|turn|26\n|\n|t:|1699726521\n|move|p1a: Venusaur|Sludge Bomb|p2a: Gothitelle\n|-damage|p2a: Gothitelle|10\/100\n|-damage|p1a: Venusaur|91\/100|[from] item: Life Orb\n|move|p2a: Gothitelle|Stored Power|p1a: Venusaur\n|-supereffective|p1a: Venusaur\n|-damage|p1a: Venusaur|0 fnt\n|faint|p1a: Venusaur\n|\n|-weather|SunnyDay|[upkeep]\n|-heal|p2a: Gothitelle|16\/100|[from] item: Leftovers\n|-damage|p2a: Gothitelle|4\/100|[from] Salt Cure\n|upkeep\n|\n|t:|1699726534\n|switch|p1a: Great Tusk|Great Tusk|90\/100\n|-activate|p1a: Great Tusk|ability: Protosynthesis\n|-start|p1a: Great Tusk|protosynthesisdef\n|turn|27\n|\n|t:|1699726540\n|move|p1a: Great Tusk|Rapid Spin|p2a: Gothitelle\n|-damage|p2a: Gothitelle|0 fnt\n|-boost|p1a: Great Tusk|spe|1\n|faint|p2a: Gothitelle\n|\n|-weather|SunnyDay|[upkeep]\n|-heal|p1a: Great Tusk|96\/100|[from] item: Leftovers\n|upkeep\n|\n|t:|1699726555\n|switch|p2a: Solrock|Solrock|100\/100\n|turn|28\n|\n|t:|1699726564\n|move|p1a: Great Tusk|Close Combat|p2a: Solrock\n|-damage|p2a: Solrock|65\/100\n|-unboost|p1a: Great Tusk|def|1\n|-unboost|p1a: Great Tusk|spd|1\n|move|p2a: Solrock|Toxic|p1a: Great Tusk\n|-status|p1a: Great Tusk|tox\n|\n|-weather|none\n|-end|p1a: Great Tusk|Protosynthesis\n|-heal|p1a: Great Tusk|100\/100 tox|[from] item: Leftovers\n|-heal|p2a: Solrock|71\/100|[from] item: Leftovers\n|-damage|p1a: Great Tusk|94\/100 tox|[from] psn\n|upkeep\n|turn|29\n|\n|t:|1699726577\n|-end|p1a: Great Tusk|Protosynthesis|[silent]\n|switch|p1a: Garganacl|Garganacl, F, tera:Water|80\/100\n|move|p2a: Solrock|Stealth Rock|p1a: Garganacl\n|-sidestart|p1: zeonteo|move: Stealth Rock\n|\n|-heal|p2a: Solrock|78\/100|[from] item: Leftovers\n|-heal|p1a: Garganacl|87\/100|[from] item: Leftovers\n|upkeep\n|turn|30\n|\n|t:|1699726586\n|move|p2a: Solrock|Toxic|p1a: Garganacl\n|-immune|p1a: Garganacl|[from] ability: Purifying Salt\n|move|p1a: Garganacl|Curse|p1a: Garganacl\n|-unboost|p1a: Garganacl|spe|1\n|-boost|p1a: Garganacl|atk|1\n|-boost|p1a: Garganacl|def|1\n|\n|-heal|p2a: Solrock|84\/100|[from] item: Leftovers\n|-heal|p1a: Garganacl|93\/100|[from] item: Leftovers\n|upkeep\n|turn|31\n|\n|t:|1699726597\n|switch|p2a: Haxorus|Haxorus, M|100\/100\n|-damage|p2a: Haxorus|88\/100|[from] Spikes\n|-ability|p2a: Haxorus|Mold Breaker\n|move|p1a: Garganacl|Salt Cure|p2a: Haxorus\n|-damage|p2a: Haxorus|65\/100\n|-start|p2a: Haxorus|Salt Cure\n|\n|-heal|p1a: Garganacl|99\/100|[from] item: Leftovers\n|-damage|p2a: Haxorus|53\/100|[from] Salt Cure\n|upkeep\n|turn|32\n|\n|t:|1699726609\n|move|p2a: Haxorus|Dragon Dance|p2a: Haxorus\n|-boost|p2a: Haxorus|atk|1\n|-boost|p2a: Haxorus|spe|1\n|move|p1a: Garganacl|Curse|p1a: Garganacl\n|-unboost|p1a: Garganacl|spe|1\n|-boost|p1a: Garganacl|atk|1\n|-boost|p1a: Garganacl|def|1\n|\n|-heal|p1a: Garganacl|100\/100|[from] item: Leftovers\n|-damage|p2a: Haxorus|40\/100|[from] Salt Cure\n|upkeep\n|turn|33\n|\n|t:|1699726623\n|move|p2a: Haxorus|Outrage|p1a: Garganacl\n|-damage|p1a: Garganacl|52\/100\n|-damage|p2a: Haxorus|30\/100|[from] item: Life Orb\n|move|p1a: Garganacl|Body Press|p2a: Haxorus\n|-damage|p2a: Haxorus|0 fnt\n|faint|p2a: Haxorus\n|\n|-heal|p1a: Garganacl|58\/100|[from] item: Leftovers\n|upkeep\n|\n|t:|1699726633\n|switch|p2a: Chansey|Chansey, F|79\/100\n|-damage|p2a: Chansey|67\/100|[from] Spikes\n|turn|34\n|\n|t:|1699726639\n|move|p2a: Chansey|Seismic Toss|p1a: Garganacl\n|-damage|p1a: Garganacl|34\/100\n|move|p1a: Garganacl|Salt Cure|p2a: Chansey\n|-damage|p2a: Chansey|48\/100\n|-start|p2a: Chansey|Salt Cure\n|\n|-heal|p1a: Garganacl|40\/100|[from] item: Leftovers\n|-damage|p2a: Chansey|35\/100|[from] Salt Cure\n|upkeep\n|turn|35\n|\n|t:|1699726649\n|move|p2a: Chansey|Seismic Toss|p1a: Garganacl\n|-damage|p1a: Garganacl|15\/100\n|move|p1a: Garganacl|Recover|p1a: Garganacl\n|-heal|p1a: Garganacl|65\/100\n|\n|-heal|p1a: Garganacl|71\/100|[from] item: Leftovers\n|-damage|p2a: Chansey|23\/100|[from] Salt Cure\n|upkeep\n|turn|36\n|-message|Sas12 forfeited.\n|\n|win|zeonteo\n|raw|zeonteo's rating: 1304 &rarr; <strong>1319<\/strong><br \/>(+15 for winning)\n|raw|Sas12's rating: 1222 &rarr; <strong>1203<\/strong><br \/>(-19 for losing)\n|l|\u2606Sas12\n","uploadtime":1699726667,"views":7,"p1id":"zeonteo","p2id":"sas12","formatid":"gen9nationaldex","rating":1203,"private":0,"password":""}