{"id":"gen9nationaldex-1993712002","p1":"mofee","p2":"SylverOmega","format":"[Gen 9] National Dex","log":"|j|\u2606mofee\n|j|\u2606SylverOmega\n|t:|1700348359\n|gametype|singles\n|player|p1|mofee|iris|1363\n|player|p2|SylverOmega|palmer|1337\n|teamsize|p1|6\n|teamsize|p2|6\n|gen|9\n|tier|[Gen 9] National Dex\n|rated|\n|rule|HP Percentage Mod: HP is shown in percentages\n|rule|Endless Battle Clause: Forcing endless battles is banned\n|rule|OHKO Clause: OHKO moves are banned\n|rule|Evasion Clause: Evasion abilities, items, and moves are banned\n|rule|Evasion Abilities Clause: Evasion abilities are banned\n|rule|Evasion Items Clause: Evasion items are banned\n|rule|Evasion Moves Clause: Evasion moves are banned\n|rule|Species Clause: Limit one of each Pok\u00e9mon\n|rule|Sleep Clause Mod: Limit one foe put to sleep\n|clearpoke\n|poke|p1|Mawile, M|\n|poke|p1|Iron Valiant|\n|poke|p1|Tyranitar, F|\n|poke|p1|Great Tusk|\n|poke|p1|Garganacl, F|\n|poke|p1|Clodsire, M|\n|poke|p2|Swellow, M|\n|poke|p2|Zoroark-Hisui, F|\n|poke|p2|Lopunny, F|\n|poke|p2|Indeedee, M|\n|poke|p2|Obstagoon, F|\n|poke|p2|Diggersby, M|\n|teampreview\n|inactive|Battle timer is ON: inactive players will automatically lose when time's up. (requested by mofee)\n|c|\u2606SylverOmega|Hf\n|inactive|mofee has 120 seconds left.\n|\n|t:|1700348396\n|start\n|switch|p1a: Great Tusk|Great Tusk|100\/100\n|switch|p2a: Obstagoon|Obstagoon, F|100\/100\n|turn|1\n|\n|t:|1700348406\n|move|p2a: Obstagoon|Obstruct|p2a: Obstagoon\n|-singleturn|p2a: Obstagoon|Protect\n|move|p1a: Great Tusk|Rapid Spin|p2a: Obstagoon\n|-activate|p2a: Obstagoon|move: Protect\n|-unboost|p1a: Great Tusk|def|2\n|\n|upkeep\n|turn|2\n|\n|t:|1700348414\n|move|p1a: Great Tusk|Rapid Spin|p2a: Obstagoon\n|-damage|p2a: Obstagoon|86\/100\n|-boost|p1a: Great Tusk|spe|1\n|move|p2a: Obstagoon|Parting Shot|p1a: Great Tusk\n|-unboost|p1a: Great Tusk|atk|1\n|-unboost|p1a: Great Tusk|spa|1\n|\n|t:|1700348427\n|switch|p2a: Indeedee|Indeedee, M|100\/100|[from] Parting Shot\n|-fieldstart|move: Psychic Terrain|[from] ability: Psychic Surge|[of] p2a: Indeedee\n|\n|upkeep\n|turn|3\n|\n|t:|1700348449\n|-end|p1a: Great Tusk|Protosynthesis|[silent]\n|switch|p1a: Mawile|Mawile, M|100\/100\n|-ability|p1a: Mawile|Intimidate|boost\n|-unboost|p2a: Indeedee|atk|1\n|move|p2a: Indeedee|Dazzling Gleam|p1a: Mawile\n|-resisted|p1a: Mawile\n|-damage|p1a: Mawile|78\/100\n|\n|upkeep\n|turn|4\n|\n|t:|1700348465\n|switch|p2a: Diggersby|Diggersby, M|100\/100\n|detailschange|p1a: Mawile|Mawile-Mega, M\n|-mega|p1a: Mawile|Mawile|Mawilite\n|move|p1a: Mawile|Swords Dance|p1a: Mawile\n|-boost|p1a: Mawile|atk|2\n|\n|upkeep\n|turn|5\n|\n|t:|1700348479\n|move|p1a: Mawile|Sucker Punch|p2a: Diggersby\n|-activate|p2a: Diggersby|move: Psychic Terrain\n|move|p2a: Diggersby|Earthquake|p1a: Mawile\n|-supereffective|p1a: Mawile\n|-damage|p1a: Mawile|0 fnt\n|faint|p1a: Mawile\n|\n|upkeep\n|\n|t:|1700348493\n|switch|p1a: Tyranitar|Tyranitar, F|100\/100\n|-weather|Sandstorm|[from] ability: Sand Stream|[of] p1a: Tyranitar\n|turn|6\n|\n|t:|1700348502\n|move|p2a: Diggersby|Earthquake|p1a: Tyranitar\n|-supereffective|p1a: Tyranitar\n|-damage|p1a: Tyranitar|0 fnt\n|faint|p1a: Tyranitar\n|\n|-weather|Sandstorm|[upkeep]\n|-fieldend|move: Psychic Terrain\n|upkeep\n|\n|t:|1700348509\n|switch|p1a: Iron Valiant|Iron Valiant|100\/100\n|-enditem|p1a: Iron Valiant|Booster Energy\n|-activate|p1a: Iron Valiant|ability: Quark Drive|[fromitem]\n|-start|p1a: Iron Valiant|quarkdrivespe\n|turn|7\n|\n|t:|1700348517\n|-terastallize|p2a: Diggersby|Fire\n|move|p1a: Iron Valiant|Focus Blast|p2a: Diggersby\n|-damage|p2a: Diggersby|36\/100\n|-enditem|p2a: Diggersby|Sitrus Berry|[eat]\n|-heal|p2a: Diggersby|61\/100|[from] item: Sitrus Berry\n|move|p2a: Diggersby|Fire Punch|p1a: Iron Valiant\n|-damage|p1a: Iron Valiant|37\/100\n|\n|-weather|Sandstorm|[upkeep]\n|-damage|p1a: Iron Valiant|31\/100|[from] Sandstorm\n|-damage|p2a: Diggersby|55\/100|[from] Sandstorm\n|upkeep\n|turn|8\n|\n|t:|1700348530\n|move|p2a: Diggersby|Quick Attack|p1a: Iron Valiant\n|-damage|p1a: Iron Valiant|0 fnt\n|faint|p1a: Iron Valiant\n|-end|p1a: Iron Valiant|Quark Drive|[silent]\n|\n|-weather|Sandstorm|[upkeep]\n|-damage|p2a: Diggersby|49\/100|[from] Sandstorm\n|upkeep\n|\n|t:|1700348543\n|switch|p1a: Great Tusk|Great Tusk|100\/100\n|turn|9\n|\n|t:|1700348547\n|switch|p2a: Swellow|Swellow, M, shiny|100\/100\n|move|p1a: Great Tusk|Headlong Rush|p2a: Swellow\n|-enditem|p2a: Swellow|Focus Sash\n|-damage|p2a: Swellow|1\/100\n|-unboost|p1a: Great Tusk|def|1\n|-unboost|p1a: Great Tusk|spd|1\n|replace|p2a: Zoroark|Zoroark-Hisui, F, shiny\n|-end|p2a: Zoroark|Illusion\n|\n|-weather|Sandstorm|[upkeep]\n|-damage|p2a: Zoroark|0 fnt|[from] Sandstorm\n|faint|p2a: Zoroark\n|upkeep\n|\n|t:|1700348562\n|switch|p2a: Indeedee|Indeedee, M|100\/100\n|-fieldstart|move: Psychic Terrain|[from] ability: Psychic Surge|[of] p2a: Indeedee\n|turn|10\n|\n|t:|1700348567\n|-end|p1a: Great Tusk|Protosynthesis|[silent]\n|switch|p1a: Clodsire|Clodsire, M|100\/100\n|move|p2a: Indeedee|Expanding Force|p1a: Clodsire\n|-supereffective|p1a: Clodsire\n|-damage|p1a: Clodsire|25\/100\n|\n|-weather|none\n|-heal|p1a: Clodsire|32\/100|[from] item: Leftovers\n|upkeep\n|turn|11\n|\n|t:|1700348579\n|-terastallize|p1a: Clodsire|Dark\n|move|p2a: Indeedee|Expanding Force|p1a: Clodsire\n|-immune|p1a: Clodsire\n|move|p1a: Clodsire|Recover|p1a: Clodsire\n|-heal|p1a: Clodsire|82\/100\n|\n|-heal|p1a: Clodsire|88\/100|[from] item: Leftovers\n|upkeep\n|turn|12\n|\n|t:|1700348590\n|switch|p2a: Lopunny|Lopunny, F, shiny|100\/100\n|move|p1a: Clodsire|Toxic|p2a: Lopunny\n|-status|p2a: Lopunny|tox\n|\n|-heal|p1a: Clodsire|94\/100|[from] item: Leftovers\n|-damage|p2a: Lopunny|95\/100 tox|[from] psn\n|upkeep\n|turn|13\n|\n|t:|1700348604\n|switch|p1a: Garganacl|Garganacl, F|100\/100\n|detailschange|p2a: Lopunny|Lopunny-Mega, F, shiny\n|-mega|p2a: Lopunny|Lopunny|Lopunnite\n|move|p2a: Lopunny|High Jump Kick|p1a: Garganacl\n|-supereffective|p1a: Garganacl\n|-damage|p1a: Garganacl|33\/100\n|\n|-heal|p1a: Garganacl|39\/100|[from] item: Leftovers\n|-damage|p2a: Lopunny|83\/100 tox|[from] psn\n|upkeep\n|turn|14\n|\n|t:|1700348617\n|move|p1a: Garganacl|Protect|p1a: Garganacl\n|-singleturn|p1a: Garganacl|Protect\n|move|p2a: Lopunny|U-turn|p1a: Garganacl\n|-activate|p1a: Garganacl|move: Protect\n|\n|-heal|p1a: Garganacl|46\/100|[from] item: Leftovers\n|-damage|p2a: Lopunny|65\/100 tox|[from] psn\n|-fieldend|move: Psychic Terrain\n|upkeep\n|turn|15\n|\n|t:|1700348627\n|move|p2a: Lopunny|High Jump Kick|p1a: Garganacl\n|-supereffective|p1a: Garganacl\n|-crit|p1a: Garganacl\n|-damage|p1a: Garganacl|0 fnt\n|faint|p1a: Garganacl\n|\n|-damage|p2a: Lopunny|41\/100 tox|[from] psn\n|upkeep\n|\n|t:|1700348631\n|switch|p1a: Great Tusk|Great Tusk|100\/100\n|turn|16\n|\n|t:|1700348648\n|move|p2a: Lopunny|High Jump Kick|p1a: Great Tusk|[miss]\n|-miss|p2a: Lopunny|p1a: Great Tusk\n|-damage|p2a: Lopunny|0 fnt|[from] highjumpkick\n|faint|p2a: Lopunny\n|move|p1a: Great Tusk|Rapid Spin|p2: Lopunny|[notarget]\n|-fail|p1a: Great Tusk\n|\n|upkeep\n|\n|t:|1700348661\n|switch|p2a: Obstagoon|Obstagoon, F|86\/100\n|turn|17\n|\n|t:|1700348672\n|-end|p1a: Great Tusk|Protosynthesis|[silent]\n|switch|p1a: Clodsire|Clodsire, M, tera:Dark|94\/100\n|move|p2a: Obstagoon|Obstruct||[still]\n|-fail|p2a: Obstagoon\n|\n|-heal|p2a: Obstagoon|92\/100|[from] item: Leftovers\n|-heal|p1a: Clodsire|100\/100|[from] item: Leftovers\n|upkeep\n|turn|18\n|\n|t:|1700348686\n|move|p2a: Obstagoon|Thunder Wave|p1a: Clodsire|[miss]\n|-miss|p2a: Obstagoon|p1a: Clodsire\n|move|p1a: Clodsire|Toxic|p2a: Obstagoon\n|-status|p2a: Obstagoon|tox\n|\n|-heal|p2a: Obstagoon|98\/100 tox|[from] item: Leftovers\n|-damage|p2a: Obstagoon|92\/100 tox|[from] psn\n|upkeep\n|turn|19\n|\n|t:|1700348705\n|switch|p1a: Great Tusk|Great Tusk|100\/100\n|move|p2a: Obstagoon|Parting Shot|p1a: Great Tusk\n|-unboost|p1a: Great Tusk|atk|1\n|-unboost|p1a: Great Tusk|spa|1\n|\n|t:|1700348712\n|switch|p2a: Swellow|Swellow, M, shiny|100\/100|[from] Parting Shot\n|\n|-status|p2a: Swellow|brn|[from] item: Flame Orb\n|upkeep\n|turn|20\n|\n|t:|1700348729\n|-end|p1a: Great Tusk|Protosynthesis|[silent]\n|switch|p1a: Clodsire|Clodsire, M, tera:Dark|100\/100\n|move|p2a: Swellow|Facade|p1a: Clodsire\n|-damage|p1a: Clodsire|6\/100\n|\n|-heal|p1a: Clodsire|12\/100|[from] item: Leftovers\n|-damage|p2a: Swellow|94\/100 brn|[from] brn\n|upkeep\n|turn|21\n|\n|t:|1700348739\n|move|p2a: Swellow|Facade|p1a: Clodsire\n|-damage|p1a: Clodsire|0 fnt\n|faint|p1a: Clodsire\n|\n|-damage|p2a: Swellow|88\/100 brn|[from] brn\n|upkeep\n|\n|t:|1700348741\n|switch|p1a: Great Tusk|Great Tusk|100\/100\n|turn|22\n|\n|t:|1700348752\n|switch|p2a: Obstagoon|Obstagoon, F|92\/100 tox\n|move|p1a: Great Tusk|Rapid Spin|p2a: Obstagoon\n|-damage|p2a: Obstagoon|79\/100 tox\n|-boost|p1a: Great Tusk|spe|1\n|\n|-heal|p2a: Obstagoon|85\/100 tox|[from] item: Leftovers\n|-damage|p2a: Obstagoon|79\/100 tox|[from] psn\n|upkeep\n|turn|23\n|\n|t:|1700348769\n|move|p2a: Obstagoon|Obstruct|p2a: Obstagoon\n|-singleturn|p2a: Obstagoon|Protect\n|move|p1a: Great Tusk|Close Combat|p2a: Obstagoon\n|-activate|p2a: Obstagoon|move: Protect\n|-unboost|p1a: Great Tusk|def|2\n|\n|-heal|p2a: Obstagoon|85\/100 tox|[from] item: Leftovers\n|-damage|p2a: Obstagoon|73\/100 tox|[from] psn\n|upkeep\n|turn|24\n|\n|t:|1700348782\n|move|p2a: Obstagoon|Obstruct|p2a: Obstagoon\n|-singleturn|p2a: Obstagoon|Protect\n|move|p1a: Great Tusk|Ice Spinner|p2a: Obstagoon\n|-activate|p2a: Obstagoon|move: Protect\n|-unboost|p1a: Great Tusk|def|2\n|\n|-heal|p2a: Obstagoon|79\/100 tox|[from] item: Leftovers\n|-damage|p2a: Obstagoon|60\/100 tox|[from] psn\n|upkeep\n|turn|25\n|\n|t:|1700348794\n|move|p2a: Obstagoon|Obstruct||[still]\n|-fail|p2a: Obstagoon\n|move|p1a: Great Tusk|Ice Spinner|p2a: Obstagoon\n|-damage|p2a: Obstagoon|40\/100 tox\n|\n|-heal|p2a: Obstagoon|46\/100 tox|[from] item: Leftovers\n|-damage|p2a: Obstagoon|21\/100 tox|[from] psn\n|upkeep\n|turn|26\n|\n|t:|1700348806\n|move|p1a: Great Tusk|Close Combat|p2a: Obstagoon\n|-supereffective|p2a: Obstagoon\n|-damage|p2a: Obstagoon|0 fnt\n|-unboost|p1a: Great Tusk|def|1\n|-unboost|p1a: Great Tusk|spd|1\n|faint|p2a: Obstagoon\n|\n|upkeep\n|\n|t:|1700348813\n|switch|p2a: Diggersby|Diggersby, M, tera:Fire|49\/100\n|turn|27\n|\n|t:|1700348817\n|move|p2a: Diggersby|Quick Attack|p1a: Great Tusk\n|-damage|p1a: Great Tusk|30\/100\n|move|p1a: Great Tusk|Headlong Rush|p2a: Diggersby\n|-supereffective|p2a: Diggersby\n|-damage|p2a: Diggersby|0 fnt\n|-unboost|p1a: Great Tusk|def|1\n|-unboost|p1a: Great Tusk|spd|1\n|faint|p2a: Diggersby\n|\n|upkeep\n|\n|t:|1700348827\n|switch|p2a: Swellow|Swellow, M, shiny|88\/100 brn\n|turn|28\n|\n|t:|1700348831\n|move|p2a: Swellow|Quick Attack|p1a: Great Tusk\n|-damage|p1a: Great Tusk|0 fnt\n|faint|p1a: Great Tusk\n|-end|p1a: Great Tusk|Protosynthesis|[silent]\n|\n|win|SylverOmega\n|raw|mofee's rating: 1363 &rarr; <strong>1342<\/strong><br \/>(-21 for losing)\n|raw|SylverOmega's rating: 1337 &rarr; <strong>1358<\/strong><br \/>(+21 for winning)\n|l|\u2606mofee\n","uploadtime":1700348846,"views":17,"p1id":"mofee","p2id":"sylveromega","formatid":"gen9nationaldex","rating":1342,"private":0,"password":""}