{"id":"gen9nationaldex-1989668914","p1":"khxng","p2":"V_m00nLover","format":"[Gen 9] National Dex","log":"|j|\u2606khxng\n|j|\u2606V_m00nLover\n|t:|1699885136\n|gametype|singles\n|player|p1|khxng|n-masters2|1459\n|player|p2|V_m00nLover|janine|1428\n|teamsize|p1|6\n|teamsize|p2|6\n|gen|9\n|tier|[Gen 9] National Dex\n|rated|\n|rule|HP Percentage Mod: HP is shown in percentages\n|rule|Endless Battle Clause: Forcing endless battles is banned\n|rule|OHKO Clause: OHKO moves are banned\n|rule|Evasion Clause: Evasion abilities, items, and moves are banned\n|rule|Evasion Abilities Clause: Evasion abilities are banned\n|rule|Evasion Items Clause: Evasion items are banned\n|rule|Evasion Moves Clause: Evasion moves are banned\n|rule|Species Clause: Limit one of each Pok\u00e9mon\n|rule|Sleep Clause Mod: Limit one foe put to sleep\n|clearpoke\n|poke|p1|Tapu Koko|\n|poke|p1|Sneasler, F|\n|poke|p1|Cloyster, F|\n|poke|p1|Jirachi|\n|poke|p1|Nidoking, M|\n|poke|p1|Ribombee, M|\n|poke|p2|Tapu Lele|\n|poke|p2|Alakazam, M|\n|poke|p2|Sneasler, M|\n|poke|p2|Heatran, M|\n|poke|p2|Banette, M|\n|poke|p2|Avalugg, M|\n|teampreview\n|inactive|Battle timer is ON: inactive players will automatically lose when time's up. (requested by khxng)\n|\n|t:|1699885143\n|start\n|switch|p1a: MAGIC CONCH|Cloyster, F, shiny|100\/100\n|switch|p2a: Tapu Lele|Tapu Lele|100\/100\n|-fieldstart|move: Psychic Terrain|[from] ability: Psychic Surge|[of] p2a: Tapu Lele\n|turn|1\n|\n|t:|1699885148\n|move|p2a: Tapu Lele|Thunderbolt|p1a: MAGIC CONCH\n|-supereffective|p1a: MAGIC CONCH\n|-enditem|p1a: MAGIC CONCH|Focus Sash\n|-damage|p1a: MAGIC CONCH|1\/100\n|move|p1a: MAGIC CONCH|Shell Smash|p1a: MAGIC CONCH\n|-unboost|p1a: MAGIC CONCH|def|1\n|-unboost|p1a: MAGIC CONCH|spd|1\n|-boost|p1a: MAGIC CONCH|atk|2\n|-boost|p1a: MAGIC CONCH|spa|2\n|-boost|p1a: MAGIC CONCH|spe|2\n|\n|upkeep\n|turn|2\n|\n|t:|1699885155\n|switch|p2a: Avalugg|Avalugg, M|100\/100\n|move|p1a: MAGIC CONCH|Icicle Spear|p2a: Avalugg\n|-resisted|p2a: Avalugg\n|-damage|p2a: Avalugg|96\/100\n|-resisted|p2a: Avalugg\n|-crit|p2a: Avalugg\n|-damage|p2a: Avalugg|88\/100\n|-resisted|p2a: Avalugg\n|-damage|p2a: Avalugg|84\/100\n|-resisted|p2a: Avalugg\n|-damage|p2a: Avalugg|80\/100\n|-resisted|p2a: Avalugg\n|-damage|p2a: Avalugg|75\/100\n|-hitcount|p2a: Avalugg|5\n|\n|upkeep\n|turn|3\n|\n|t:|1699885164\n|move|p1a: MAGIC CONCH|Rock Blast|p2a: Avalugg\n|-supereffective|p2a: Avalugg\n|-crit|p2a: Avalugg\n|-damage|p2a: Avalugg|55\/100\n|-supereffective|p2a: Avalugg\n|-damage|p2a: Avalugg|42\/100\n|-supereffective|p2a: Avalugg\n|-damage|p2a: Avalugg|29\/100\n|-supereffective|p2a: Avalugg\n|-damage|p2a: Avalugg|16\/100\n|-supereffective|p2a: Avalugg\n|-crit|p2a: Avalugg\n|-damage|p2a: Avalugg|0 fnt\n|faint|p2a: Avalugg\n|-hitcount|p2: Avalugg|5\n|\n|upkeep\n|\n|t:|1699885170\n|switch|p2a: Banette|Banette, M|100\/100\n|turn|4\n|\n|t:|1699885175\n|detailschange|p2a: Banette|Banette-Mega, M\n|-mega|p2a: Banette|Banette|Banettite\n|move|p2a: Banette|Destiny Bond|p2a: Banette\n|-singlemove|p2a: Banette|Destiny Bond\n|move|p1a: MAGIC CONCH|Icicle Spear|p2a: Banette\n|-damage|p2a: Banette|72\/100\n|-damage|p2a: Banette|41\/100\n|-damage|p2a: Banette|12\/100\n|-damage|p2a: Banette|0 fnt\n|faint|p2a: Banette\n|-activate|p2a: Banette|move: Destiny Bond\n|faint|p1a: MAGIC CONCH\n|-hitcount|p2: Banette|4\n|\n|upkeep\n|\n|t:|1699885185\n|switch|p1a: Ribombee|Ribombee, M|100\/100\n|switch|p2a: Sneasler|Sneasler, M|100\/100\n|-enditem|p2a: Sneasler|Psychic Seed\n|-boost|p2a: Sneasler|spd|1|[from] item: Psychic Seed\n|turn|5\n|\n|t:|1699885190\n|move|p2a: Sneasler|Dire Claw|p1a: Ribombee\n|-supereffective|p1a: Ribombee\n|-enditem|p1a: Ribombee|Focus Sash\n|-damage|p1a: Ribombee|1\/100\n|move|p1a: Ribombee|Stun Spore|p2a: Sneasler|[miss]\n|-miss|p1a: Ribombee|p2a: Sneasler\n|\n|-fieldend|move: Psychic Terrain\n|upkeep\n|turn|6\n|\n|t:|1699885198\n|move|p2a: Sneasler|Dire Claw|p1a: Ribombee\n|-supereffective|p1a: Ribombee\n|-damage|p1a: Ribombee|0 fnt\n|faint|p1a: Ribombee\n|\n|upkeep\n|\n|t:|1699885201\n|switch|p1a: lil baby|Jirachi, shiny|100\/100\n|turn|7\n|\n|t:|1699885206\n|move|p2a: Sneasler|Swords Dance|p2a: Sneasler\n|-boost|p2a: Sneasler|atk|2\n|-zpower|p1a: lil baby\n|move|p1a: lil baby|Z-Happy Hour|p1a: lil baby|[anim]Happy Hour\n|-boost|p1a: lil baby|atk|1|[zeffect]\n|-boost|p1a: lil baby|def|1|[zeffect]\n|-boost|p1a: lil baby|spa|1|[zeffect]\n|-boost|p1a: lil baby|spd|1|[zeffect]\n|-boost|p1a: lil baby|spe|1|[zeffect]\n|\n|upkeep\n|turn|8\n|\n|t:|1699885211\n|move|p2a: Sneasler|Close Combat|p1a: lil baby\n|-damage|p1a: lil baby|15\/100\n|-unboost|p2a: Sneasler|def|1\n|-unboost|p2a: Sneasler|spd|1\n|move|p1a: lil baby|Stored Power|p2a: Sneasler\n|-supereffective|p2a: Sneasler\n|-damage|p2a: Sneasler|0 fnt\n|faint|p2a: Sneasler\n|\n|upkeep\n|\n|t:|1699885222\n|switch|p2a: Tapu Lele|Tapu Lele|100\/100\n|-fieldstart|move: Psychic Terrain|[from] ability: Psychic Surge|[of] p2a: Tapu Lele\n|turn|9\n|\n|t:|1699885225\n|move|p1a: lil baby|Stored Power|p2a: Tapu Lele\n|-resisted|p2a: Tapu Lele\n|-damage|p2a: Tapu Lele|43\/100\n|move|p2a: Tapu Lele|Psychic|p1a: lil baby\n|-resisted|p1a: lil baby\n|-damage|p1a: lil baby|5\/100\n|\n|upkeep\n|turn|10\n|\n|t:|1699885228\n|move|p1a: lil baby|Stored Power|p2a: Tapu Lele\n|-resisted|p2a: Tapu Lele\n|-damage|p2a: Tapu Lele|0 fnt\n|faint|p2a: Tapu Lele\n|\n|upkeep\n|\n|t:|1699885235\n|switch|p2a: Heatran|Heatran, M|100\/100\n|turn|11\n|\n|t:|1699885247\n|move|p1a: lil baby|Aura Sphere|p2a: Heatran\n|-supereffective|p2a: Heatran\n|-damage|p2a: Heatran|25\/100\n|move|p2a: Heatran|Earth Power|p1a: lil baby\n|-supereffective|p1a: lil baby\n|-damage|p1a: lil baby|0 fnt\n|faint|p1a: lil baby\n|\n|upkeep\n|\n|t:|1699885253\n|switch|p1a: 4LOKO KOKO|Tapu Koko, shiny|100\/100\n|-fieldstart|move: Electric Terrain|[from] ability: Electric Surge|[of] p1a: 4LOKO KOKO\n|turn|12\n|\n|t:|1699885259\n|move|p1a: 4LOKO KOKO|Volt Switch|p2a: Heatran\n|-damage|p2a: Heatran|0 fnt\n|faint|p2a: Heatran\n|\n|t:|1699885263\n|switch|p1a: HIM|Sneasler, F, shiny|100\/100|[from] Volt Switch\n|-enditem|p1a: HIM|Electric Seed\n|-boost|p1a: HIM|def|1|[from] item: Electric Seed\n|\n|upkeep\n|\n|t:|1699885267\n|switch|p2a: Alakazam|Alakazam, M|100\/100\n|turn|13\n|\n|t:|1699885271\n|-terastallize|p1a: HIM|Flying\n|move|p1a: HIM|Dire Claw|p2a: Alakazam\n|-damage|p2a: Alakazam|0 fnt\n|faint|p2a: Alakazam\n|\n|win|khxng\n|raw|khxng's rating: 1459 &rarr; <strong>1477<\/strong><br \/>(+18 for winning)\n|raw|V_m00nLover's rating: 1428 &rarr; <strong>1410<\/strong><br \/>(-18 for losing)\n","uploadtime":1699885274,"views":4,"p1id":"khxng","p2id":"vm00nlover","formatid":"gen9nationaldex","rating":1410,"private":0,"password":""}