{"id":"gen9nationaldex-1996877900","p1":"But the government","p2":"WEED_SOLDIAH","format":"[Gen 9] National Dex","log":"|html|<div class=\"broadcast-blue\"><strong>[Gen 9] National Dex is currently suspecting Sneasler! For information on how to participate check out the <a href=\"https:\/\/www.smogon.com\/forums\/threads\/sv-national-dex-suspect-8-just-dance.3731534\/\">suspect thread<\/a>.<\/strong><\/div>\n|j|\u2606But the government\n|j|\u2606WEED_SOLDIAH\n|t:|1700739211\n|gametype|singles\n|player|p1|But the government|scientist-gen4dp|1216\n|player|p2|WEED_SOLDIAH|bianca|1188\n|teamsize|p1|6\n|teamsize|p2|6\n|gen|9\n|tier|[Gen 9] National Dex\n|rated|\n|rule|HP Percentage Mod: HP is shown in percentages\n|rule|Endless Battle Clause: Forcing endless battles is banned\n|rule|OHKO Clause: OHKO moves are banned\n|rule|Evasion Clause: Evasion abilities, items, and moves are banned\n|rule|Evasion Abilities Clause: Evasion abilities are banned\n|rule|Evasion Items Clause: Evasion items are banned\n|rule|Evasion Moves Clause: Evasion moves are banned\n|rule|Species Clause: Limit one of each Pok\u00e9mon\n|rule|Sleep Clause Mod: Limit one foe put to sleep\n|clearpoke\n|poke|p1|Claydol|\n|poke|p1|Garchomp, M|\n|poke|p1|Alomomola, M|\n|poke|p1|Pawmot, M|\n|poke|p1|Corviknight, M|\n|poke|p1|Mew|\n|poke|p2|Primarina, M|\n|poke|p2|Decidueye-Hisui, F|\n|poke|p2|Typhlosion, F|\n|poke|p2|Samurott-Hisui, M|\n|poke|p2|Torterra, M|\n|poke|p2|Cinderace, F|\n|teampreview\n|\n|t:|1700739219\n|start\n|switch|p1a: Corviknight|Corviknight, M|100\/100\n|switch|p2a: Samurott|Samurott-Hisui, M|100\/100\n|-ability|p1a: Corviknight|Pressure\n|turn|1\n|\n|t:|1700739227\n|move|p2a: Samurott|Aqua Cutter|p1a: Corviknight\n|-crit|p1a: Corviknight\n|-damage|p1a: Corviknight|50\/100\n|move|p1a: Corviknight|U-turn|p2a: Samurott\n|-supereffective|p2a: Samurott\n|-damage|p2a: Samurott|61\/100\n|\n|t:|1700739231\n|switch|p1a: Pawmot|Pawmot, M|100\/100|[from] U-turn\n|\n|upkeep\n|turn|2\n|\n|t:|1700739238\n|switch|p2a: Torterra|Torterra, M|100\/100\n|move|p1a: Pawmot|Close Combat|p2a: Torterra\n|-damage|p2a: Torterra|46\/100\n|-unboost|p1a: Pawmot|def|1\n|-unboost|p1a: Pawmot|spd|1\n|\n|upkeep\n|turn|3\n|\n|t:|1700739250\n|move|p1a: Pawmot|Close Combat|p2a: Torterra\n|-damage|p2a: Torterra|0 fnt\n|-unboost|p1a: Pawmot|def|1\n|-unboost|p1a: Pawmot|spd|1\n|faint|p2a: Torterra\n|\n|upkeep\n|\n|t:|1700739258\n|switch|p2a: Typhlosion|Typhlosion, F|100\/100\n|turn|4\n|\n|t:|1700739273\n|switch|p1a: Claydol|Claydol|100\/100\n|move|p2a: Typhlosion|Eruption|p1a: Claydol\n|-damage|p1a: Claydol|55\/100\n|\n|upkeep\n|turn|5\n|\n|t:|1700739283\n|-terastallize|p2a: Typhlosion|Fire\n|move|p2a: Typhlosion|Eruption|p1a: Claydol\n|-damage|p1a: Claydol|0 fnt\n|faint|p1a: Claydol\n|\n|upkeep\n|\n|t:|1700739299\n|switch|p1a: Garchomp|Garchomp, M|100\/100\n|turn|6\n|\n|t:|1700739309\n|switch|p2a: Decidueye|Decidueye-Hisui, F|100\/100\n|move|p1a: Garchomp|Earthquake|p2a: Decidueye\n|-resisted|p2a: Decidueye\n|-damage|p2a: Decidueye|72\/100\n|\n|-heal|p2a: Decidueye|78\/100|[from] item: Leftovers\n|upkeep\n|turn|7\n|\n|t:|1700739319\n|detailschange|p1a: Garchomp|Garchomp-Mega, M\n|-mega|p1a: Garchomp|Garchomp|Garchompite\n|move|p1a: Garchomp|Dragon Rush|p2a: Decidueye\n|-damage|p2a: Decidueye|8\/100\n|move|p2a: Decidueye|Leaf Blade|p1a: Garchomp\n|-damage|p1a: Garchomp|72\/100\n|\n|-heal|p2a: Decidueye|14\/100|[from] item: Leftovers\n|upkeep\n|turn|8\n|\n|t:|1700739330\n|move|p1a: Garchomp|Earthquake|p2a: Decidueye\n|-resisted|p2a: Decidueye\n|-damage|p2a: Decidueye|0 fnt\n|faint|p2a: Decidueye\n|\n|upkeep\n|\n|t:|1700739336\n|switch|p2a: Primarina|Primarina, M|100\/100\n|turn|9\n|inactive|Battle timer is ON: inactive players will automatically lose when time's up. (requested by But the government)\n|\n|t:|1700739345\n|switch|p1a: Corviknight|Corviknight, M|50\/100\n|-ability|p1a: Corviknight|Pressure\n|move|p2a: Primarina|Moonblast|p1a: Corviknight\n|-resisted|p1a: Corviknight\n|-damage|p1a: Corviknight|14\/100\n|-unboost|p1a: Corviknight|spa|1\n|-damage|p2a: Primarina|91\/100|[from] item: Life Orb\n|\n|upkeep\n|turn|10\n|\n|t:|1700739355\n|switch|p1a: Alomomola|Alomomola, M|100\/100\n|move|p2a: Primarina|Moonblast|p1a: Alomomola\n|-damage|p1a: Alomomola|14\/100\n|-damage|p2a: Primarina|81\/100|[from] item: Life Orb\n|\n|upkeep\n|turn|11\n|\n|t:|1700739366\n|-zpower|p1a: Alomomola\n|move|p1a: Alomomola|Z-Wish|p1a: Alomomola|[anim]Wish\n|-boost|p1a: Alomomola|spd|1|[zeffect]\n|move|p2a: Primarina|Moonblast|p1a: Alomomola\n|-damage|p1a: Alomomola|0 fnt\n|faint|p1a: Alomomola\n|-damage|p2a: Primarina|71\/100|[from] item: Life Orb\n|\n|upkeep\n|\n|t:|1700739374\n|switch|p1a: Corviknight|Corviknight, M|14\/100\n|-ability|p1a: Corviknight|Pressure\n|turn|12\n|\n|t:|1700739381\n|move|p1a: Corviknight|Roost|p1a: Corviknight\n|-heal|p1a: Corviknight|64\/100\n|-singleturn|p1a: Corviknight|move: Roost\n|move|p2a: Primarina|Moonblast|p1a: Corviknight\n|-resisted|p1a: Corviknight\n|-damage|p1a: Corviknight|31\/100\n|-damage|p2a: Primarina|61\/100|[from] item: Life Orb\n|\n|-heal|p1a: Corviknight|98\/100|[from] move: Wish|[wisher] Alomomola\n|upkeep\n|turn|13\n|\n|t:|1700739392\n|move|p1a: Corviknight|Brave Bird|p2a: Primarina\n|-damage|p2a: Primarina|16\/100\n|-damage|p1a: Corviknight|84\/100|[from] Recoil\n|move|p2a: Primarina|Hyper Voice|p1a: Corviknight\n|-damage|p1a: Corviknight|15\/100\n|-damage|p2a: Primarina|7\/100|[from] item: Life Orb\n|\n|upkeep\n|turn|14\n|\n|t:|1700739405\n|move|p1a: Corviknight|Roost|p1a: Corviknight\n|-heal|p1a: Corviknight|65\/100\n|-singleturn|p1a: Corviknight|move: Roost\n|move|p2a: Primarina|Hyper Voice|p1a: Corviknight\n|-damage|p1a: Corviknight|5\/100\n|-damage|p2a: Primarina|0 fnt|[from] item: Life Orb\n|faint|p2a: Primarina\n|\n|upkeep\n|\n|t:|1700739418\n|switch|p2a: Typhlosion|Typhlosion, F, tera:Fire|100\/100\n|turn|15\n|\n|t:|1700739424\n|switch|p1a: Mew|Mew|100\/100\n|move|p2a: Typhlosion|Eruption|p1a: Mew\n|-damage|p1a: Mew|4\/100\n|-enditem|p1a: Mew|Starf Berry|[eat]\n|-boost|p1a: Mew|spe|2|[from] item: Starf Berry\n|\n|upkeep\n|turn|16\n|\n|t:|1700739433\n|switch|p2a: Samurott|Samurott-Hisui, M|61\/100\n|move|p1a: Mew|Power Gem|p2a: Samurott\n|-damage|p2a: Samurott|29\/100\n|\n|upkeep\n|turn|17\n|\n|t:|1700739441\n|move|p1a: Mew|Aura Sphere|p2a: Samurott\n|-supereffective|p2a: Samurott\n|-damage|p2a: Samurott|0 fnt\n|faint|p2a: Samurott\n|\n|upkeep\n|\n|t:|1700739448\n|switch|p2a: Cinderace|Cinderace, F|100\/100\n|turn|18\n|\n|t:|1700739453\n|move|p1a: Mew|Power Gem|p2a: Cinderace\n|-supereffective|p2a: Cinderace\n|-damage|p2a: Cinderace|37\/100\n|move|p2a: Cinderace|Acrobatics|p1a: Mew\n|-start|p2a: Cinderace|typechange|Flying|[from] ability: Libero\n|-damage|p1a: Mew|0 fnt\n|faint|p1a: Mew\n|\n|upkeep\n|\n|t:|1700739460\n|switch|p1a: Pawmot|Pawmot, M|100\/100\n|turn|19\n|\n|t:|1700739466\n|move|p1a: Pawmot|Double Shock|p2a: Cinderace\n|-supereffective|p2a: Cinderace\n|-damage|p2a: Cinderace|0 fnt\n|-start|p1a: Pawmot|typechange|???\/Fighting|[from] move: Double Shock\n|faint|p2a: Cinderace\n|\n|upkeep\n|\n|t:|1700739472\n|switch|p2a: Typhlosion|Typhlosion, F, tera:Fire|100\/100\n|turn|20\n|\n|t:|1700739476\n|switch|p1a: Corviknight|Corviknight, M|5\/100\n|-ability|p1a: Corviknight|Pressure\n|move|p2a: Typhlosion|Eruption|p1a: Corviknight\n|-supereffective|p1a: Corviknight\n|-damage|p1a: Corviknight|0 fnt\n|faint|p1a: Corviknight\n|\n|upkeep\n|\n|t:|1700739487\n|switch|p1a: Pawmot|Pawmot, M|100\/100\n|turn|21\n|\n|t:|1700739494\n|-terastallize|p1a: Pawmot|Electric\n|move|p1a: Pawmot|Double Shock|p2a: Typhlosion\n|-damage|p2a: Typhlosion|0 fnt\n|-start|p1a: Pawmot|typechange|Electric|[from] move: Double Shock\n|faint|p2a: Typhlosion\n|\n|win|But the government\n|raw|But the government's rating: 1216 &rarr; <strong>1239<\/strong><br \/>(+23 for winning)\n|raw|WEED_SOLDIAH's rating: 1188 &rarr; <strong>1165<\/strong><br \/>(-23 for losing)\n|l|\u2606WEED_SOLDIAH\n","uploadtime":1700739509,"views":9,"p1id":"butthegovernment","p2id":"weedsoldiah","formatid":"gen9nationaldex","rating":1165,"private":0,"password":""}