{"id":"gen9nationaldex-2000671458","p1":"MattC (Banned)","p2":"Crown Oji","format":"[Gen 9] National Dex","log":"|j|\u2606MattC (Banned)\n|j|\u2606Crown Oji\n|inactive|Battle timer is ON: inactive players will automatically lose when time's up.\n|t:|1701217018\n|gametype|singles\n|player|p1|MattC (Banned)|gladion|\n|player|p2|Crown Oji|benga|\n|teamsize|p1|6\n|teamsize|p2|6\n|gen|9\n|tier|[Gen 9] National Dex\n|rated|Tournament battle\n|rule|HP Percentage Mod: HP is shown in percentages\n|rule|Endless Battle Clause: Forcing endless battles is banned\n|rule|OHKO Clause: OHKO moves are banned\n|rule|Evasion Clause: Evasion abilities, items, and moves are banned\n|rule|Evasion Abilities Clause: Evasion abilities are banned\n|rule|Evasion Items Clause: Evasion items are banned\n|rule|Evasion Moves Clause: Evasion moves are banned\n|rule|Species Clause: Limit one of each Pok\u00e9mon\n|rule|Sleep Clause Mod: Limit one foe put to sleep\n|rule|No Switching: All Pok\u00e9mon are trapped\n|clearpoke\n|poke|p1|Spidops, F|\n|poke|p1|Dondozo, M|\n|poke|p1|Serperior, F|\n|poke|p1|Medicham, M|\n|poke|p1|Sinistcha|\n|poke|p1|Zeraora|\n|poke|p2|Latios, M|\n|poke|p2|Buzzwole|\n|poke|p2|Gliscor, F|\n|poke|p2|Weavile, M|\n|poke|p2|Heatran, M|\n|poke|p2|Ogerpon-Wellspring, F|\n|teampreview\n|j|*Lady Monita \u2746\n|inactive|MattC (Banned) also wants the timer to be on.\n|c|\u2606MattC (Banned)|glhf\n|c|\u2606Crown Oji|u2\n|\n|t:|1701217032\n|start\n|switch|p1a: Spidops|Spidops, F|100\/100\n|switch|p2a: Heatran|Heatran, M|100\/100\n|turn|1\n|\n|t:|1701217053\n|move|p2a: Heatran|Taunt|p1a: Spidops\n|-start|p1a: Spidops|move: Taunt\n|-enditem|p1a: Spidops|Mental Herb\n|-end|p1a: Spidops|move: Taunt\n|move|p1a: Spidops|Sticky Web|p2a: Heatran\n|-sidestart|p2: Crown Oji|move: Sticky Web\n|\n|upkeep\n|turn|2\n|\n|t:|1701217062\n|move|p2a: Heatran|Stealth Rock|p1a: Spidops\n|-sidestart|p1: MattC (Banned)|move: Stealth Rock\n|move|p1a: Spidops|Spikes|p2a: Heatran\n|-sidestart|p2: Crown Oji|Spikes\n|\n|upkeep\n|turn|3\n|c|\u2606MattC (Banned)|im going out like a champion\n|\n|t:|1701217069\n|move|p2a: Heatran|Magma Storm|p1a: Spidops\n|-supereffective|p1a: Spidops\n|-damage|p1a: Spidops|0 fnt\n|faint|p1a: Spidops\n|\n|upkeep\n|\n|t:|1701217082\n|switch|p1a: Medicham|Medicham, M|100\/100\n|-damage|p1a: Medicham|94\/100|[from] Stealth Rock\n|turn|4\n|\n|t:|1701217091\n|detailschange|p1a: Medicham|Medicham-Mega, M\n|-mega|p1a: Medicham|Medicham|Medichamite\n|move|p1a: Medicham|Close Combat|p2a: Heatran\n|-supereffective|p2a: Heatran\n|-damage|p2a: Heatran|0 fnt\n|-unboost|p1a: Medicham|def|1\n|-unboost|p1a: Medicham|spd|1\n|faint|p2a: Heatran\n|\n|upkeep\n|inactive|Crown Oji has 120 seconds left.\n|inactive|Crown Oji has 90 seconds left.\n|\n|t:|1701217152\n|switch|p2a: Latios|Latios, M|100\/100\n|turn|5\n|\n|t:|1701217156\n|detailschange|p2a: Latios|Latios-Mega, M\n|-mega|p2a: Latios|Latios|Latiosite\n|move|p2a: Latios|Psychic|p1a: Medicham\n|-damage|p1a: Medicham|0 fnt\n|faint|p1a: Medicham\n|\n|upkeep\n|\n|t:|1701217168\n|switch|p1a: Zeraora|Zeraora|100\/100\n|-damage|p1a: Zeraora|88\/100|[from] Stealth Rock\n|turn|6\n|\n|t:|1701217175\n|-zpower|p1a: Zeraora\n|move|p1a: Zeraora|Devastating Drake|p2a: Latios|[zeffect]\n|-supereffective|p2a: Latios\n|-damage|p2a: Latios|0 fnt\n|faint|p2a: Latios\n|\n|upkeep\n|\n|t:|1701217180\n|switch|p2a: Gliscor|Gliscor, F|100\/100\n|turn|7\n|\n|t:|1701217185\n|move|p1a: Zeraora|Power-Up Punch|p2a: Gliscor\n|-resisted|p2a: Gliscor\n|-damage|p2a: Gliscor|95\/100\n|-boost|p1a: Zeraora|atk|1\n|move|p2a: Gliscor|Earthquake|p1a: Zeraora\n|-supereffective|p1a: Zeraora\n|-damage|p1a: Zeraora|0 fnt\n|faint|p1a: Zeraora\n|\n|-status|p2a: Gliscor|tox|[from] item: Toxic Orb\n|upkeep\n|j| happysh\n|l| happysh\n|\n|t:|1701217192\n|switch|p1a: Dondozo|Dondozo, M|100\/100\n|-damage|p1a: Dondozo|88\/100|[from] Stealth Rock\n|turn|8\n|\n|t:|1701217198\n|move|p2a: Gliscor|Toxic|p1a: Dondozo\n|-status|p1a: Dondozo|tox\n|move|p1a: Dondozo|Curse|p1a: Dondozo\n|-unboost|p1a: Dondozo|spe|1\n|-boost|p1a: Dondozo|atk|1\n|-boost|p1a: Dondozo|def|1\n|\n|-heal|p1a: Dondozo|94\/100 tox|[from] item: Leftovers\n|-heal|p2a: Gliscor|100\/100 tox|[from] ability: Poison Heal\n|-damage|p1a: Dondozo|88\/100 tox|[from] psn\n|upkeep\n|turn|9\n|\n|t:|1701217202\n|move|p2a: Gliscor|Earthquake|p1a: Dondozo\n|-damage|p1a: Dondozo|74\/100 tox\n|move|p1a: Dondozo|Curse|p1a: Dondozo\n|-unboost|p1a: Dondozo|spe|1\n|-boost|p1a: Dondozo|atk|1\n|-boost|p1a: Dondozo|def|1\n|\n|-heal|p1a: Dondozo|80\/100 tox|[from] item: Leftovers\n|-damage|p1a: Dondozo|68\/100 tox|[from] psn\n|upkeep\n|turn|10\n|\n|t:|1701217205\n|move|p2a: Gliscor|Earthquake|p1a: Dondozo\n|-damage|p1a: Dondozo|57\/100 tox\n|move|p1a: Dondozo|Curse|p1a: Dondozo\n|-unboost|p1a: Dondozo|spe|1\n|-boost|p1a: Dondozo|atk|1\n|-boost|p1a: Dondozo|def|1\n|\n|-heal|p1a: Dondozo|63\/100 tox|[from] item: Leftovers\n|-damage|p1a: Dondozo|44\/100 tox|[from] psn\n|upkeep\n|turn|11\n|\n|t:|1701217208\n|move|p2a: Gliscor|Earthquake|p1a: Dondozo\n|-damage|p1a: Dondozo|35\/100 tox\n|move|p1a: Dondozo|Rest|p1a: Dondozo\n|-status|p1a: Dondozo|slp|[from] move: Rest\n|-heal|p1a: Dondozo|100\/100 slp|[silent]\n|\n|upkeep\n|turn|12\n|\n|t:|1701217216\n|move|p2a: Gliscor|Defog|p1a: Dondozo\n|-unboost|p1a: Dondozo|evasion|1\n|-sideend|p1: MattC (Banned)|Stealth Rock|[from] move: Defog|[of] p2a: Gliscor\n|-sideend|p2: Crown Oji|Spikes|[from] move: Defog|[of] p2a: Gliscor\n|-sideend|p2: Crown Oji|Sticky Web|[from] move: Defog|[of] p2a: Gliscor\n|cant|p1a: Dondozo|slp\n|\n|upkeep\n|turn|13\n|\n|t:|1701217219\n|move|p2a: Gliscor|Earthquake|p1a: Dondozo\n|-damage|p1a: Dondozo|93\/100 slp\n|cant|p1a: Dondozo|slp\n|\n|-heal|p1a: Dondozo|99\/100 slp|[from] item: Leftovers\n|upkeep\n|turn|14\n|\n|t:|1701217222\n|move|p2a: Gliscor|Earthquake|p1a: Dondozo\n|-damage|p1a: Dondozo|91\/100 slp\n|-curestatus|p1a: Dondozo|slp|[msg]\n|move|p1a: Dondozo|Curse|p1a: Dondozo\n|-unboost|p1a: Dondozo|spe|1\n|-boost|p1a: Dondozo|atk|1\n|-boost|p1a: Dondozo|def|1\n|\n|-heal|p1a: Dondozo|97\/100|[from] item: Leftovers\n|upkeep\n|turn|15\n|\n|t:|1701217226\n|move|p2a: Gliscor|Toxic|p1a: Dondozo\n|-status|p1a: Dondozo|tox\n|move|p1a: Dondozo|Wave Crash|p2a: Gliscor\n|-supereffective|p2a: Gliscor\n|-damage|p2a: Gliscor|0 fnt\n|faint|p2a: Gliscor\n|-damage|p1a: Dondozo|74\/100 tox|[from] Recoil\n|\n|-heal|p1a: Dondozo|80\/100 tox|[from] item: Leftovers\n|-damage|p1a: Dondozo|74\/100 tox|[from] psn\n|upkeep\n|\n|t:|1701217230\n|switch|p2a: Ogerpon|Ogerpon-Wellspring, F|100\/100\n|turn|16\n|\n|t:|1701217235\n|move|p2a: Ogerpon|Power Whip|p1a: Dondozo\n|-supereffective|p1a: Dondozo\n|-damage|p1a: Dondozo|46\/100 tox\n|move|p1a: Dondozo|Rest|p1a: Dondozo\n|-status|p1a: Dondozo|slp|[from] move: Rest\n|-heal|p1a: Dondozo|100\/100 slp|[silent]\n|\n|upkeep\n|turn|17\n|\n|t:|1701217249\n|-terastallize|p1a: Dondozo|Dragon\n|move|p2a: Ogerpon|Power Whip|p1a: Dondozo\n|-resisted|p1a: Dondozo\n|-damage|p1a: Dondozo|93\/100 slp\n|cant|p1a: Dondozo|slp\n|\n|-heal|p1a: Dondozo|99\/100 slp|[from] item: Leftovers\n|upkeep\n|turn|18\n|\n|t:|1701217258\n|move|p2a: Ogerpon|Play Rough|p1a: Dondozo\n|-supereffective|p1a: Dondozo\n|-damage|p1a: Dondozo|84\/100 slp\n|cant|p1a: Dondozo|slp\n|\n|-heal|p1a: Dondozo|91\/100 slp|[from] item: Leftovers\n|upkeep\n|turn|19\n|\n|t:|1701217262\n|move|p2a: Ogerpon|Play Rough|p1a: Dondozo\n|-supereffective|p1a: Dondozo\n|-damage|p1a: Dondozo|77\/100 slp\n|-curestatus|p1a: Dondozo|slp|[msg]\n|move|p1a: Dondozo|Facade|p2a: Ogerpon\n|-damage|p2a: Ogerpon|36\/100\n|\n|-heal|p1a: Dondozo|83\/100|[from] item: Leftovers\n|upkeep\n|turn|20\n|\n|t:|1701217269\n|move|p2a: Ogerpon|Play Rough|p1a: Dondozo\n|-supereffective|p1a: Dondozo\n|-damage|p1a: Dondozo|68\/100\n|move|p1a: Dondozo|Facade|p2a: Ogerpon\n|-damage|p2a: Ogerpon|0 fnt\n|faint|p2a: Ogerpon\n|\n|-heal|p1a: Dondozo|74\/100|[from] item: Leftovers\n|upkeep\n|\n|t:|1701217273\n|switch|p2a: Weavile|Weavile, M|100\/100\n|-ability|p2a: Weavile|Pressure\n|turn|21\n|\n|t:|1701217282\n|move|p2a: Weavile|Triple Axel|p1a: Dondozo\n|-supereffective|p1a: Dondozo\n|-damage|p1a: Dondozo|68\/100\n|-supereffective|p1a: Dondozo\n|-damage|p1a: Dondozo|57\/100\n|-supereffective|p1a: Dondozo\n|-damage|p1a: Dondozo|39\/100\n|-hitcount|p1a: Dondozo|3\n|move|p1a: Dondozo|Wave Crash|p2a: Weavile\n|-damage|p2a: Weavile|0 fnt\n|faint|p2a: Weavile\n|-damage|p1a: Dondozo|21\/100|[from] Recoil\n|\n|-heal|p1a: Dondozo|27\/100|[from] item: Leftovers\n|upkeep\n|\n|t:|1701217291\n|switch|p2a: Buzzwole|Buzzwole|100\/100\n|turn|22\n|c|\u2606Crown Oji|gg\n|\n|t:|1701217294\n|move|p2a: Buzzwole|Ice Punch|p1a: Dondozo\n|-supereffective|p1a: Dondozo\n|-damage|p1a: Dondozo|18\/100\n|move|p1a: Dondozo|Rest|p1a: Dondozo\n|-status|p1a: Dondozo|slp|[from] move: Rest\n|-heal|p1a: Dondozo|100\/100 slp|[silent]\n|\n|upkeep\n|turn|23\n|\n|t:|1701217299\n|move|p2a: Buzzwole|Ice Punch|p1a: Dondozo\n|-supereffective|p1a: Dondozo\n|-damage|p1a: Dondozo|91\/100 slp\n|cant|p1a: Dondozo|slp\n|\n|-heal|p1a: Dondozo|97\/100 slp|[from] item: Leftovers\n|upkeep\n|turn|24\n|c|\u2606MattC (Banned)|gg\n|c|\u2606MattC (Banned)|dondozo too ggod\n|\n|t:|1701217307\n|move|p2a: Buzzwole|Ice Punch|p1a: Dondozo\n|-supereffective|p1a: Dondozo\n|-damage|p1a: Dondozo|88\/100 slp\n|cant|p1a: Dondozo|slp\n|\n|-heal|p1a: Dondozo|95\/100 slp|[from] item: Leftovers\n|upkeep\n|turn|25\n|c|\u2606MattC (Banned)|*good\n|-message|Crown Oji forfeited.\n|\n|win|MattC (Banned)\n|n|\u2606MattC (Banned)|mattcbanned\n|n|\u2606Crown Oji|crownoji\n|n|*Lady Monita \u2746|ladymonita\n|l|*Lady Monita \u2746\n|l|\u2606Crown Oji\n|l|\u2606MattC (Banned)\n|j|\u2606MattC (Banned)\n|player|p1|MattC (Banned)|gladion\n","uploadtime":1701217878,"views":0,"p1id":"mattcbanned","p2id":"crownoji","formatid":"gen9nationaldex","rating":0,"private":0,"password":""}