{"id":"gen9nationaldex-1997140586","p1":"Dabman1069","p2":"owendarkness","format":"[Gen 9] National Dex","log":"|html|<div class=\"broadcast-blue\"><strong>[Gen 9] National Dex is currently suspecting Sneasler! For information on how to participate check out the <a href=\"https:\/\/www.smogon.com\/forums\/threads\/sv-national-dex-suspect-8-just-dance.3731534\/\">suspect thread<\/a>.<\/strong><\/div>\n|j|\u2606Dabman1069\n|j|\u2606owendarkness\n|inactive|Battle timer is ON: inactive players will automatically lose when time's up.\n|t:|1700768596\n|gametype|singles\n|player|p1|Dabman1069|steven-masters2|\n|player|p2|owendarkness|cilan|\n|teamsize|p1|6\n|teamsize|p2|6\n|gen|9\n|tier|[Gen 9] National Dex\n|rated|Tournament battle\n|rule|HP Percentage Mod: HP is shown in percentages\n|rule|Endless Battle Clause: Forcing endless battles is banned\n|rule|OHKO Clause: OHKO moves are banned\n|rule|Evasion Clause: Evasion abilities, items, and moves are banned\n|rule|Evasion Abilities Clause: Evasion abilities are banned\n|rule|Evasion Items Clause: Evasion items are banned\n|rule|Evasion Moves Clause: Evasion moves are banned\n|rule|Species Clause: Limit one of each Pok\u00e9mon\n|rule|Sleep Clause Mod: Limit one foe put to sleep\n|clearpoke\n|poke|p1|Torkoal, M|\n|poke|p1|Charizard, F|\n|poke|p1|Iron Moth|\n|poke|p1|Heliolisk, F|\n|poke|p1|Landorus-Therian, M|\n|poke|p1|Weavile, F|\n|poke|p2|Kartana|\n|poke|p2|Landorus-Therian, M|\n|poke|p2|Mawile, F|\n|poke|p2|Blacephalon|\n|poke|p2|Toxapex, M|\n|poke|p2|Tornadus-Therian, M|\n|teampreview\n|c|\u2606Dabman1069|GL\n|c|\u2606owendarkness|u2\n|inactive|Dabman1069 has 120 seconds left.\n|\n|t:|1700768627\n|start\n|switch|p1a: Torkoal|Torkoal, M|100\/100\n|switch|p2a: Bam|Landorus-Therian, M|100\/100\n|-ability|p2a: Bam|Intimidate|boost\n|-unboost|p1a: Torkoal|atk|1\n|-weather|SunnyDay|[from] ability: Drought|[of] p1a: Torkoal\n|turn|1\n|j| akakPUMPKIN\n|\n|t:|1700768634\n|move|p2a: Bam|Earth Power|p1a: Torkoal\n|-supereffective|p1a: Torkoal\n|-damage|p1a: Torkoal|0 fnt\n|faint|p1a: Torkoal\n|\n|-weather|SunnyDay|[upkeep]\n|upkeep\n|j| The power of ROCK\n|\n|t:|1700768642\n|switch|p1a: Weavile|Weavile, F|100\/100\n|-ability|p1a: Weavile|Pressure\n|turn|2\n|\n|t:|1700768648\n|switch|p2a: Mr Hands|Mawile, F, shiny|100\/100\n|-ability|p2a: Mr Hands|Intimidate|boost\n|-unboost|p1a: Weavile|atk|1\n|move|p1a: Weavile|Knock Off|p2a: Mr Hands\n|-resisted|p2a: Mr Hands\n|-crit|p2a: Mr Hands\n|-damage|p2a: Mr Hands|44\/100\n|\n|-weather|SunnyDay|[upkeep]\n|upkeep\n|turn|3\n|j| jack12123\n|j| Charizardman2008\n|l| Charizardman2008\n|inactive|owendarkness has 120 seconds left.\n|inactive|owendarkness has 90 seconds left.\n|inactive|owendarkness has 60 seconds left.\n|\n|t:|1700768756\n|switch|p1a: Landorus|Landorus-Therian, M|100\/100\n|-ability|p1a: Landorus|Intimidate|boost\n|-unboost|p2a: Mr Hands|atk|1\n|switch|p2a: Eegats|Tornadus-Therian, M, shiny|100\/100\n|\n|-weather|SunnyDay|[upkeep]\n|upkeep\n|turn|4\n|\n|t:|1700768774\n|switch|p1a: Heliolisk|Heliolisk, F|100\/100\n|move|p2a: Eegats|Knock Off|p1a: Heliolisk\n|-damage|p1a: Heliolisk|54\/100\n|-enditem|p1a: Heliolisk|Choice Scarf|[from] move: Knock Off|[of] p2a: Eegats\n|\n|-weather|SunnyDay|[upkeep]\n|-damage|p1a: Heliolisk|42\/100|[from] ability: Solar Power|[of] p1a: Heliolisk\n|upkeep\n|turn|5\n|inactive|owendarkness has 60 seconds left.\n|\n|t:|1700768786\n|move|p2a: Eegats|U-turn|p1a: Heliolisk\n|-damage|p1a: Heliolisk|5\/100\n|\n|t:|1700768794\n|switch|p2a: Bam|Landorus-Therian, M|100\/100|[from] U-turn\n|-ability|p2a: Bam|Intimidate|boost\n|-unboost|p1a: Heliolisk|atk|1\n|move|p1a: Heliolisk|Weather Ball|p2a: Bam\n|-damage|p2a: Bam|13\/100\n|\n|-weather|SunnyDay|[upkeep]\n|-damage|p1a: Heliolisk|0 fnt|[from] ability: Solar Power|[of] p1a: Heliolisk\n|faint|p1a: Heliolisk\n|upkeep\n|\n|t:|1700768809\n|switch|p1a: Charizard|Charizard, F|100\/100\n|turn|6\n|inactive|owendarkness has 60 seconds left.\n|\n|t:|1700768825\n|detailschange|p1a: Charizard|Charizard-Mega-X, F\n|-mega|p1a: Charizard|Charizard|Charizardite X\n|move|p1a: Charizard|Dragon Claw|p2a: Bam\n|-damage|p2a: Bam|0 fnt\n|-damage|p1a: Charizard|84\/100|[from] item: Rocky Helmet|[of] p2a: Bam\n|faint|p2a: Bam\n|\n|-weather|SunnyDay|[upkeep]\n|upkeep\n|inactive|owendarkness has 30 seconds left.\n|inactive|owendarkness has 20 seconds left.\n|\n|t:|1700768867\n|switch|p2a: Humbug|Toxapex, M, shiny|100\/100\n|turn|7\n|inactive|owendarkness has 30 seconds left this turn.\n|\n|t:|1700768872\n|move|p1a: Charizard|Dragon Dance|p1a: Charizard\n|-boost|p1a: Charizard|atk|1\n|-boost|p1a: Charizard|spe|1\n|move|p2a: Humbug|Toxic|p1a: Charizard\n|-status|p1a: Charizard|tox\n|\n|-weather|SunnyDay|[upkeep]\n|-damage|p1a: Charizard|78\/100 tox|[from] psn\n|upkeep\n|turn|8\n|\n|t:|1700768876\n|move|p2a: Humbug|Baneful Bunker|p2a: Humbug\n|-singleturn|p2a: Humbug|move: Protect\n|move|p1a: Charizard|Dragon Claw|p2a: Humbug\n|-activate|p2a: Humbug|move: Protect\n|\n|-weather|none\n|-damage|p1a: Charizard|66\/100 tox|[from] psn\n|upkeep\n|turn|9\n|\n|t:|1700768888\n|move|p1a: Charizard|Dragon Claw|p2a: Humbug\n|-damage|p2a: Humbug|51\/100\n|-damage|p1a: Charizard|49\/100 tox|[from] item: Rocky Helmet|[of] p2a: Humbug\n|move|p2a: Humbug|Recover|p2a: Humbug\n|-heal|p2a: Humbug|100\/100\n|\n|-damage|p1a: Charizard|31\/100 tox|[from] psn\n|upkeep\n|turn|10\n|\n|t:|1700768894\n|switch|p1a: Landorus|Landorus-Therian, M|100\/100\n|-ability|p1a: Landorus|Intimidate|boost\n|-unboost|p2a: Humbug|atk|1\n|move|p2a: Humbug|Recover||[still]\n|-fail|p2a: Humbug|heal\n|\n|upkeep\n|turn|11\n|\n|t:|1700768907\n|move|p2a: Humbug|Baneful Bunker|p2a: Humbug\n|-singleturn|p2a: Humbug|move: Protect\n|move|p1a: Landorus|U-turn|p2a: Humbug\n|-activate|p2a: Humbug|move: Protect\n|-status|p1a: Landorus|psn\n|\n|-damage|p1a: Landorus|88\/100 psn|[from] psn\n|upkeep\n|turn|12\n|\n|t:|1700768915\n|move|p1a: Landorus|U-turn|p2a: Humbug\n|-resisted|p2a: Humbug\n|-damage|p2a: Humbug|94\/100\n|-damage|p1a: Landorus|72\/100 psn|[from] item: Rocky Helmet|[of] p2a: Humbug\n|\n|t:|1700768919\n|switch|p1a: Charizard|Charizard-Mega-X, F|31\/100 tox|[from] U-turn\n|move|p2a: Humbug|Recover|p2a: Humbug\n|-heal|p2a: Humbug|100\/100\n|\n|-damage|p1a: Charizard|25\/100 tox|[from] psn\n|upkeep\n|turn|13\n|\n|t:|1700768932\n|move|p1a: Charizard|Dragon Dance|p1a: Charizard\n|-boost|p1a: Charizard|atk|1\n|-boost|p1a: Charizard|spe|1\n|move|p2a: Humbug|Knock Off|p1a: Charizard\n|-damage|p1a: Charizard|18\/100 tox\n|\n|-damage|p1a: Charizard|6\/100 tox|[from] psn\n|upkeep\n|turn|14\n|\n|t:|1700768937\n|move|p2a: Humbug|Baneful Bunker|p2a: Humbug\n|-singleturn|p2a: Humbug|move: Protect\n|move|p1a: Charizard|Roost|p1a: Charizard\n|-heal|p1a: Charizard|56\/100 tox\n|-singleturn|p1a: Charizard|move: Roost\n|\n|-damage|p1a: Charizard|38\/100 tox|[from] psn\n|upkeep\n|turn|15\n|\n|t:|1700768956\n|move|p1a: Charizard|Roost|p1a: Charizard\n|-heal|p1a: Charizard|88\/100 tox\n|-singleturn|p1a: Charizard|move: Roost\n|move|p2a: Humbug|Recover||[still]\n|-fail|p2a: Humbug|heal\n|\n|-damage|p1a: Charizard|64\/100 tox|[from] psn\n|upkeep\n|turn|16\n|\n|t:|1700768966\n|switch|p1a: Landorus|Landorus-Therian, M|72\/100 psn\n|-ability|p1a: Landorus|Intimidate|boost\n|-unboost|p2a: Humbug|atk|1\n|move|p2a: Humbug|Baneful Bunker||[still]\n|-fail|p2a: Humbug\n|\n|-damage|p1a: Landorus|59\/100 psn|[from] psn\n|upkeep\n|turn|17\n|\n|t:|1700768972\n|move|p2a: Humbug|Baneful Bunker|p2a: Humbug\n|-singleturn|p2a: Humbug|move: Protect\n|move|p1a: Landorus|Earthquake|p2a: Humbug\n|-activate|p2a: Humbug|move: Protect\n|\n|-damage|p1a: Landorus|47\/100 psn|[from] psn\n|upkeep\n|turn|18\n|\n|t:|1700768975\n|switch|p2a: Eegats|Tornadus-Therian, M, shiny|100\/100\n|move|p1a: Landorus|U-turn|p2a: Eegats\n|-resisted|p2a: Eegats\n|-damage|p2a: Eegats|85\/100\n|\n|t:|1700768978\n|switch|p1a: Weavile|Weavile, F|100\/100|[from] U-turn\n|-ability|p1a: Weavile|Pressure\n|\n|upkeep\n|turn|19\n|\n|t:|1700768993\n|-terastallize|p1a: Weavile|Dark\n|-terastallize|p2a: Eegats|Fighting\n|move|p1a: Weavile|Knock Off|p2a: Eegats\n|-resisted|p2a: Eegats\n|-damage|p2a: Eegats|15\/100\n|-enditem|p2a: Eegats|Heavy-Duty Boots|[from] move: Knock Off|[of] p1a: Weavile\n|move|p2a: Eegats|Tera Blast|p1a: Weavile|[anim] Tera Blast Fighting\n|-supereffective|p1a: Weavile\n|-damage|p1a: Weavile|4\/100\n|\n|upkeep\n|turn|20\n|inactive|owendarkness has 90 seconds left.\n|\n|t:|1700769018\n|move|p1a: Weavile|Knock Off|p2a: Eegats\n|-resisted|p2a: Eegats\n|-damage|p2a: Eegats|0 fnt\n|faint|p2a: Eegats\n|\n|upkeep\n|\n|t:|1700769019\n|switch|p2a: Humbug|Toxapex, M, shiny|100\/100\n|turn|21\n|\n|t:|1700769033\n|switch|p1a: Landorus|Landorus-Therian, M|47\/100 psn\n|-ability|p1a: Landorus|Intimidate|boost\n|-unboost|p2a: Humbug|atk|1\n|move|p2a: Humbug|Knock Off|p1a: Landorus\n|-damage|p1a: Landorus|39\/100 psn\n|-damage|p2a: Humbug|84\/100|[from] item: Rocky Helmet|[of] p1a: Landorus\n|-enditem|p1a: Landorus|Rocky Helmet|[from] move: Knock Off|[of] p2a: Humbug\n|\n|-damage|p1a: Landorus|27\/100 psn|[from] psn\n|upkeep\n|turn|22\n|\n|t:|1700769041\n|move|p2a: Humbug|Baneful Bunker|p2a: Humbug\n|-singleturn|p2a: Humbug|move: Protect\n|move|p1a: Landorus|Earthquake|p2a: Humbug\n|-activate|p2a: Humbug|move: Protect\n|\n|-damage|p1a: Landorus|14\/100 psn|[from] psn\n|upkeep\n|turn|23\n|\n|t:|1700769044\n|move|p1a: Landorus|Earthquake|p2a: Humbug\n|-supereffective|p2a: Humbug\n|-damage|p2a: Humbug|27\/100\n|move|p2a: Humbug|Recover|p2a: Humbug\n|-heal|p2a: Humbug|77\/100\n|\n|-damage|p1a: Landorus|2\/100 psn|[from] psn\n|upkeep\n|turn|24\n|j| Aziz Le Bledart\n|\n|t:|1700769053\n|move|p2a: Humbug|Baneful Bunker|p2a: Humbug\n|-singleturn|p2a: Humbug|move: Protect\n|move|p1a: Landorus|Earthquake|p2a: Humbug\n|-activate|p2a: Humbug|move: Protect\n|\n|-damage|p1a: Landorus|0 fnt|[from] psn\n|faint|p1a: Landorus\n|upkeep\n|\n|t:|1700769061\n|switch|p1a: Iron Moth|Iron Moth|100\/100\n|-enditem|p1a: Iron Moth|Booster Energy\n|-activate|p1a: Iron Moth|ability: Quark Drive|[fromitem]\n|-start|p1a: Iron Moth|quarkdrivespe\n|turn|25\n|inactive|owendarkness has 120 seconds left.\n|\n|t:|1700769090\n|move|p1a: Iron Moth|Substitute|p1a: Iron Moth\n|-start|p1a: Iron Moth|Substitute\n|-damage|p1a: Iron Moth|76\/100\n|move|p2a: Humbug|Knock Off|p1a: Iron Moth\n|-activate|p1a: Iron Moth|move: Substitute|[damage]\n|\n|upkeep\n|turn|26\n|\n|t:|1700769096\n|move|p1a: Iron Moth|Fiery Dance|p2a: Humbug\n|-resisted|p2a: Humbug\n|-damage|p2a: Humbug|61\/100\n|-boost|p1a: Iron Moth|spa|1\n|move|p2a: Humbug|Knock Off|p1a: Iron Moth\n|-activate|p1a: Iron Moth|move: Substitute|[damage]\n|\n|upkeep\n|turn|27\n|\n|t:|1700769100\n|move|p1a: Iron Moth|Fiery Dance|p2a: Humbug\n|-resisted|p2a: Humbug\n|-damage|p2a: Humbug|37\/100\n|-boost|p1a: Iron Moth|spa|1\n|move|p2a: Humbug|Knock Off|p1a: Iron Moth\n|-end|p1a: Iron Moth|Substitute\n|\n|upkeep\n|turn|28\n|\n|t:|1700769110\n|switch|p2a: Mr Hands|Mawile, F, shiny|44\/100\n|-ability|p2a: Mr Hands|Intimidate|boost\n|-unboost|p1a: Iron Moth|atk|1\n|move|p1a: Iron Moth|Sludge Wave|p2a: Mr Hands\n|-immune|p2a: Mr Hands\n|\n|upkeep\n|turn|29\n|l| akakPUMPKIN\n|\n|t:|1700769117\n|detailschange|p2a: Mr Hands|Mawile-Mega, F, shiny\n|-mega|p2a: Mr Hands|Mawile|Mawilite\n|move|p2a: Mr Hands|Sucker Punch||[still]\n|-fail|p2a: Mr Hands\n|move|p1a: Iron Moth|Substitute|p1a: Iron Moth\n|-start|p1a: Iron Moth|Substitute\n|-damage|p1a: Iron Moth|51\/100\n|\n|upkeep\n|turn|30\n|\n|t:|1700769121\n|move|p2a: Mr Hands|Sucker Punch|p1a: Iron Moth\n|-end|p1a: Iron Moth|Substitute\n|move|p1a: Iron Moth|Fiery Dance|p2a: Mr Hands\n|-supereffective|p2a: Mr Hands\n|-damage|p2a: Mr Hands|0 fnt\n|faint|p2a: Mr Hands\n|\n|upkeep\n|\n|t:|1700769124\n|switch|p2a: Blacephalon|Blacephalon|100\/100\n|turn|31\n|inactive|Dabman1069 has 120 seconds left.\n|\n|t:|1700769178\n|move|p1a: Iron Moth|Sludge Wave|p2a: Blacephalon\n|-resisted|p2a: Blacephalon\n|-damage|p2a: Blacephalon|16\/100\n|move|p2a: Blacephalon|Shadow Ball|p1a: Iron Moth\n|-damage|p1a: Iron Moth|4\/100\n|\n|upkeep\n|turn|32\n|c|\u2606owendarkness|fuck\n|\n|t:|1700769190\n|move|p1a: Iron Moth|Fiery Dance|p2a: Blacephalon\n|-resisted|p2a: Blacephalon\n|-damage|p2a: Blacephalon|0 fnt\n|-boost|p1a: Iron Moth|spa|1\n|faint|p2a: Blacephalon\n|\n|upkeep\n|\n|t:|1700769194\n|switch|p2a: Humbug|Toxapex, M, shiny|70\/100\n|turn|33\n|\n|t:|1700769208\n|move|p1a: Iron Moth|Sludge Wave|p2a: Humbug\n|-resisted|p2a: Humbug\n|-damage|p2a: Humbug|18\/100\n|move|p2a: Humbug|Knock Off|p1a: Iron Moth\n|-damage|p1a: Iron Moth|0 fnt\n|faint|p1a: Iron Moth\n|-end|p1a: Iron Moth|Quark Drive|[silent]\n|\n|upkeep\n|\n|t:|1700769224\n|switch|p1a: Charizard|Charizard-Mega-X, F|64\/100 tox\n|turn|34\n|\n|t:|1700769230\n|move|p1a: Charizard|Dragon Claw|p2a: Humbug\n|-crit|p2a: Humbug\n|-damage|p2a: Humbug|0 fnt\n|-damage|p1a: Charizard|47\/100 tox|[from] item: Rocky Helmet|[of] p2a: Humbug\n|faint|p2a: Humbug\n|\n|-damage|p1a: Charizard|41\/100 tox|[from] psn\n|upkeep\n|\n|t:|1700769232\n|switch|p2a: Shwifty|Kartana, shiny|100\/100\n|turn|35\n|\n|t:|1700769238\n|move|p2a: Shwifty|Sacred Sword|p1a: Charizard\n|-damage|p1a: Charizard|0 fnt\n|faint|p1a: Charizard\n|-ability|p2a: Shwifty|Beast Boost|boost\n|-boost|p2a: Shwifty|atk|1\n|\n|upkeep\n|\n|t:|1700769242\n|switch|p1a: Weavile|Weavile, F, tera:Dark|4\/100\n|-ability|p1a: Weavile|Pressure\n|turn|36\n|c|\u2606Dabman1069|gg\n|\n|t:|1700769248\n|move|p1a: Weavile|Ice Shard|p2a: Shwifty\n|-damage|p2a: Shwifty|69\/100\n|move|p2a: Shwifty|Sacred Sword|p1a: Weavile\n|-supereffective|p1a: Weavile\n|-damage|p1a: Weavile|0 fnt\n|faint|p1a: Weavile\n|\n|win|owendarkness\n|n|\u2606Dabman1069|dabman1069\n|n|\u2606owendarkness|owendarkness\n|n| The power of ROCK|thepowerofrock\n|n| jack12123|jack12123\n|n| Aziz Le Bledart|azizlebledart\n","uploadtime":1700769249,"views":3,"p1id":"dabman1069","p2id":"owendarkness","formatid":"gen9nationaldex","rating":0,"private":0,"password":""}