{"id":"gen9nationaldex-1988642759","p1":"teizerowo","p2":"female charizard","format":"[Gen 9] National Dex","log":"|j|\u2606teizerowo\n|j|\u2606female charizard\n|t:|1699745371\n|gametype|singles\n|player|p1|teizerowo|red|1270\n|player|p2|female charizard|170|1242\n|teamsize|p1|6\n|teamsize|p2|6\n|gen|9\n|tier|[Gen 9] National Dex\n|rated|\n|rule|HP Percentage Mod: HP is shown in percentages\n|rule|Endless Battle Clause: Forcing endless battles is banned\n|rule|OHKO Clause: OHKO moves are banned\n|rule|Evasion Clause: Evasion abilities, items, and moves are banned\n|rule|Evasion Abilities Clause: Evasion abilities are banned\n|rule|Evasion Items Clause: Evasion items are banned\n|rule|Evasion Moves Clause: Evasion moves are banned\n|rule|Species Clause: Limit one of each Pok\u00e9mon\n|rule|Sleep Clause Mod: Limit one foe put to sleep\n|clearpoke\n|poke|p1|Tapu Koko|\n|poke|p1|Ferrothorn, F|\n|poke|p1|Charizard, M|\n|poke|p1|Porygon-Z|\n|poke|p1|Great Tusk|\n|poke|p1|Golisopod, M|\n|poke|p2|Kyurem|\n|poke|p2|Abomasnow, F|\n|poke|p2|Breloom, F|\n|poke|p2|Rhyperior, F|\n|poke|p2|Ogerpon-Wellspring, F|\n|poke|p2|Arbok, F|\n|teampreview\n|\n|t:|1699745377\n|start\n|switch|p1a: Ferrothorn|Ferrothorn, F|100\/100\n|switch|p2a: A subtle joke|Abomasnow, F|100\/100\n|-weather|Snow|[from] ability: Snow Warning|[of] p2a: A subtle joke\n|turn|1\n|\n|t:|1699745386\n|move|p2a: A subtle joke|Aurora Veil|p2a: A subtle joke\n|-sidestart|p2: female charizard|move: Aurora Veil\n|move|p1a: Ferrothorn|Stealth Rock|p2a: A subtle joke\n|-sidestart|p2: female charizard|move: Stealth Rock\n|\n|-weather|Snow|[upkeep]\n|upkeep\n|turn|2\n|\n|t:|1699745401\n|switch|p2a: bisexual|Breloom, F|100\/100\n|-damage|p2a: bisexual|94\/100|[from] Stealth Rock\n|move|p1a: Ferrothorn|Gyro Ball|p2a: bisexual\n|-damage|p2a: bisexual|59\/100\n|\n|-weather|Snow|[upkeep]\n|upkeep\n|turn|3\n|\n|t:|1699745413\n|move|p2a: bisexual|Dynamic Punch|p1a: Ferrothorn\n|-supereffective|p1a: Ferrothorn\n|-damage|p1a: Ferrothorn|25\/100\n|-start|p1a: Ferrothorn|confusion\n|-damage|p2a: bisexual|46\/100|[from] ability: Iron Barbs|[of] p1a: Ferrothorn\n|-activate|p1a: Ferrothorn|confusion\n|move|p1a: Ferrothorn|Gyro Ball|p2a: bisexual\n|-damage|p2a: bisexual|9\/100\n|\n|-weather|Snow|[upkeep]\n|-heal|p1a: Ferrothorn|32\/100|[from] item: Leftovers\n|upkeep\n|turn|4\n|\n|t:|1699745428\n|switch|p1a: Golisopod|Golisopod, M|100\/100\n|move|p2a: bisexual|Mach Punch|p1a: Golisopod\n|-resisted|p1a: Golisopod\n|-damage|p1a: Golisopod|90\/100\n|\n|-weather|Snow|[upkeep]\n|upkeep\n|turn|5\n|\n|t:|1699745438\n|move|p1a: Golisopod|First Impression|p2a: bisexual\n|-damage|p2a: bisexual|0 fnt\n|faint|p2a: bisexual\n|\n|-weather|none\n|upkeep\n|\n|t:|1699745449\n|switch|p2a: mods annoy me|Ogerpon-Wellspring, F|100\/100\n|-damage|p2a: mods annoy me|88\/100|[from] Stealth Rock\n|turn|6\n|\n|t:|1699745454\n|move|p2a: mods annoy me|Encore|p1a: Golisopod\n|-start|p1a: Golisopod|Encore\n|move|p1a: Golisopod|First Impression||[still]\n|-hint|First Impression only works on your first turn out.\n|-fail|p1a: Golisopod\n|\n|upkeep\n|turn|7\n|\n|t:|1699745463\n|switch|p2a: at last|Arbok, F|100\/100\n|-damage|p2a: at last|88\/100|[from] Stealth Rock\n|-ability|p2a: at last|Intimidate|boost\n|-unboost|p1a: Golisopod|atk|1\n|switch|p1a: Ferrothorn|Ferrothorn, F|32\/100\n|\n|-heal|p1a: Ferrothorn|38\/100|[from] item: Leftovers\n|upkeep\n|turn|8\n|\n|t:|1699745474\n|move|p2a: at last|Coil|p2a: at last\n|-boost|p2a: at last|atk|1\n|-boost|p2a: at last|def|1\n|-boost|p2a: at last|accuracy|1\n|move|p1a: Ferrothorn|Leech Seed|p2a: at last\n|-start|p2a: at last|move: Leech Seed\n|\n|-heal|p1a: Ferrothorn|44\/100|[from] item: Leftovers\n|-damage|p2a: at last|76\/100|[from] Leech Seed|[of] p1a: Ferrothorn\n|-heal|p1a: Ferrothorn|53\/100|[silent]\n|-sideend|p2: female charizard|move: Aurora Veil\n|upkeep\n|turn|9\n|\n|t:|1699745488\n|switch|p1a: Porygon-Z|Porygon-Z|100\/100\n|-ability|p1a: Porygon-Z|Download|boost\n|-boost|p1a: Porygon-Z|spa|1\n|move|p2a: at last|Scale Shot|p1a: Porygon-Z\n|-damage|p1a: Porygon-Z|84\/100\n|-damage|p1a: Porygon-Z|68\/100\n|-crit|p1a: Porygon-Z\n|-damage|p1a: Porygon-Z|44\/100\n|-damage|p1a: Porygon-Z|28\/100\n|-hitcount|p1a: Porygon-Z|4\n|-unboost|p2a: at last|def|1\n|-boost|p2a: at last|spe|1\n|\n|-damage|p2a: at last|64\/100|[from] Leech Seed|[of] p1a: Porygon-Z\n|-heal|p1a: Porygon-Z|38\/100|[silent]\n|upkeep\n|turn|10\n|j| kung fu pokechu\n|\n|t:|1699745505\n|switch|p1a: Tapu Koko|Tapu Koko|100\/100\n|-fieldstart|move: Electric Terrain|[from] ability: Electric Surge|[of] p1a: Tapu Koko\n|move|p2a: at last|Gunk Shot|p1a: Tapu Koko\n|-supereffective|p1a: Tapu Koko\n|-damage|p1a: Tapu Koko|0 fnt\n|faint|p1a: Tapu Koko\n|\n|upkeep\n|\n|t:|1699745517\n|switch|p1a: Great Tusk|Great Tusk|100\/100\n|turn|11\n|\n|t:|1699745521\n|-terastallize|p2a: at last|Dragon\n|move|p2a: at last|Scale Shot|p1a: Great Tusk\n|-damage|p1a: Great Tusk|89\/100\n|-damage|p1a: Great Tusk|79\/100\n|-crit|p1a: Great Tusk\n|-damage|p1a: Great Tusk|62\/100\n|-damage|p1a: Great Tusk|50\/100\n|-damage|p1a: Great Tusk|38\/100\n|-hitcount|p1a: Great Tusk|5\n|-unboost|p2a: at last|def|1\n|-boost|p2a: at last|spe|1\n|move|p1a: Great Tusk|Headlong Rush|p2a: at last\n|-damage|p2a: at last|0 fnt\n|-unboost|p1a: Great Tusk|def|1\n|-unboost|p1a: Great Tusk|spd|1\n|faint|p2a: at last\n|\n|upkeep\n|\n|t:|1699745530\n|switch|p2a: mods annoy me|Ogerpon-Wellspring, F|88\/100\n|-damage|p2a: mods annoy me|76\/100|[from] Stealth Rock\n|turn|12\n|j| Adamanzane\n|\n|t:|1699745542\n|switch|p2a: SOLID SUGGESTER|Rhyperior, F|100\/100\n|-damage|p2a: SOLID SUGGESTER|94\/100|[from] Stealth Rock\n|-end|p1a: Great Tusk|Protosynthesis|[silent]\n|switch|p1a: Ferrothorn|Ferrothorn, F|53\/100\n|\n|-heal|p1a: Ferrothorn|60\/100|[from] item: Leftovers\n|upkeep\n|turn|13\n|\n|t:|1699745552\n|move|p2a: SOLID SUGGESTER|Rock Polish|p2a: SOLID SUGGESTER\n|-boost|p2a: SOLID SUGGESTER|spe|2\n|move|p1a: Ferrothorn|Gyro Ball|p2a: SOLID SUGGESTER\n|-supereffective|p2a: SOLID SUGGESTER\n|-damage|p2a: SOLID SUGGESTER|41\/100\n|-enditem|p2a: SOLID SUGGESTER|Weakness Policy\n|-boost|p2a: SOLID SUGGESTER|atk|2|[from] item: Weakness Policy\n|-boost|p2a: SOLID SUGGESTER|spa|2|[from] item: Weakness Policy\n|\n|-heal|p1a: Ferrothorn|66\/100|[from] item: Leftovers\n|upkeep\n|turn|14\n|\n|t:|1699745562\n|move|p2a: SOLID SUGGESTER|Earthquake|p1a: Ferrothorn\n|-damage|p1a: Ferrothorn|0 fnt\n|faint|p1a: Ferrothorn\n|\n|-fieldend|move: Electric Terrain\n|upkeep\n|\n|t:|1699745568\n|switch|p1a: Golisopod|Golisopod, M|90\/100\n|turn|15\n|\n|t:|1699745572\n|move|p1a: Golisopod|Aqua Jet|p2a: SOLID SUGGESTER\n|-supereffective|p2a: SOLID SUGGESTER\n|-damage|p2a: SOLID SUGGESTER|0 fnt\n|faint|p2a: SOLID SUGGESTER\n|\n|upkeep\n|\n|t:|1699745577\n|switch|p2a: pressure friends|Kyurem|100\/100\n|-damage|p2a: pressure friends|76\/100|[from] Stealth Rock\n|-ability|p2a: pressure friends|Pressure\n|turn|16\n|\n|t:|1699745583\n|-terastallize|p1a: Golisopod|Bug\n|move|p2a: pressure friends|Substitute|p2a: pressure friends\n|-start|p2a: pressure friends|Substitute\n|-damage|p2a: pressure friends|51\/100\n|move|p1a: Golisopod|Leech Life|p2a: pressure friends\n|-end|p2a: pressure friends|Substitute\n|-heal|p1a: Golisopod|100\/100|[from] drain|[of] p2a: pressure friends\n|\n|-heal|p2a: pressure friends|57\/100|[from] item: Leftovers\n|upkeep\n|turn|17\n|\n|t:|1699745594\n|move|p2a: pressure friends|Protect|p2a: pressure friends\n|-singleturn|p2a: pressure friends|Protect\n|move|p1a: Golisopod|Leech Life|p2a: pressure friends\n|-activate|p2a: pressure friends|move: Protect\n|\n|-heal|p2a: pressure friends|63\/100|[from] item: Leftovers\n|upkeep\n|turn|18\n|\n|t:|1699745602\n|move|p2a: pressure friends|Substitute|p2a: pressure friends\n|-start|p2a: pressure friends|Substitute\n|-damage|p2a: pressure friends|38\/100\n|move|p1a: Golisopod|Leech Life|p2a: pressure friends\n|-end|p2a: pressure friends|Substitute\n|\n|-heal|p2a: pressure friends|44\/100|[from] item: Leftovers\n|upkeep\n|turn|19\n|\n|t:|1699745612\n|switch|p1a: Charizard|Charizard, M|100\/100\n|move|p2a: pressure friends|Protect||[still]\n|-fail|p2a: pressure friends\n|\n|-heal|p2a: pressure friends|50\/100|[from] item: Leftovers\n|upkeep\n|turn|20\n|l|\u2606female charizard\n|player|p2|\n|j|\u2606female charizard\n|player|p2|female charizard|170\n|\n|t:|1699745644\n|detailschange|p1a: Charizard|Charizard-Mega-Y, M\n|-mega|p1a: Charizard|Charizard|Charizardite Y\n|-weather|SunnyDay|[from] ability: Drought|[of] p1a: Charizard\n|move|p1a: Charizard|Flamethrower|p2a: pressure friends\n|-damage|p2a: pressure friends|0 fnt\n|faint|p2a: pressure friends\n|\n|-weather|SunnyDay|[upkeep]\n|upkeep\n|\n|t:|1699745648\n|switch|p2a: mods annoy me|Ogerpon-Wellspring, F|76\/100\n|-damage|p2a: mods annoy me|64\/100|[from] Stealth Rock\n|turn|21\n|\n|t:|1699745661\n|move|p2a: mods annoy me|Ivy Cudgel|p1a: Charizard\n|-supereffective|p1a: Charizard\n|-damage|p1a: Charizard|22\/100\n|move|p1a: Charizard|Air Slash|p2a: mods annoy me\n|-supereffective|p2a: mods annoy me\n|-damage|p2a: mods annoy me|0 fnt\n|faint|p2a: mods annoy me\n|\n|-weather|SunnyDay|[upkeep]\n|upkeep\n|\n|t:|1699745664\n|switch|p2a: A subtle joke|Abomasnow, F|100\/100\n|-damage|p2a: A subtle joke|75\/100|[from] Stealth Rock\n|-weather|Snow|[from] ability: Snow Warning|[of] p2a: A subtle joke\n|turn|22\n|\n|t:|1699745674\n|move|p2a: A subtle joke|Ice Shard|p1a: Charizard\n|-damage|p1a: Charizard|6\/100\n|move|p1a: Charizard|Flamethrower|p2a: A subtle joke\n|-supereffective|p2a: A subtle joke\n|-damage|p2a: A subtle joke|0 fnt\n|faint|p2a: A subtle joke\n|\n|win|teizerowo\n|raw|teizerowo's rating: 1270 &rarr; <strong>1291<\/strong><br \/>(+21 for winning)\n|raw|female charizard's rating: 1214 &rarr; <strong>1193<\/strong><br \/>(-21 for losing)\n|l|\u2606teizerowo\n|j| mistahmerrikuu\n|l| mistahmerrikuu\n","uploadtime":1699745776,"views":4,"p1id":"teizerowo","p2id":"femalecharizard","formatid":"gen9nationaldex","rating":1193,"private":0,"password":""}