{"id":"gen9nationaldex-1991936387","p1":"DORAYOYO","p2":"elvisma","format":"[Gen 9] National Dex","log":"|j|\u2606DORAYOYO\n|j|\u2606elvisma\n|t:|1700140189\n|gametype|singles\n|player|p1|DORAYOYO|102|1648\n|player|p2|elvisma|red-masters|1656\n|teamsize|p1|6\n|teamsize|p2|6\n|gen|9\n|tier|[Gen 9] National Dex\n|rated|\n|rule|HP Percentage Mod: HP is shown in percentages\n|rule|Endless Battle Clause: Forcing endless battles is banned\n|rule|OHKO Clause: OHKO moves are banned\n|rule|Evasion Clause: Evasion abilities, items, and moves are banned\n|rule|Evasion Abilities Clause: Evasion abilities are banned\n|rule|Evasion Items Clause: Evasion items are banned\n|rule|Evasion Moves Clause: Evasion moves are banned\n|rule|Species Clause: Limit one of each Pok\u00e9mon\n|rule|Sleep Clause Mod: Limit one foe put to sleep\n|clearpoke\n|poke|p1|Ogerpon-Wellspring, F|\n|poke|p1|Kommo-o, F|\n|poke|p1|Clefable, M|\n|poke|p1|Samurott-Hisui, F|\n|poke|p1|Gyarados, M|\n|poke|p1|Rillaboom, M|\n|poke|p2|Azelf|\n|poke|p2|Charizard, M|\n|poke|p2|Ribombee, M|\n|poke|p2|Great Tusk|\n|poke|p2|Ogerpon-Wellspring, F|\n|poke|p2|Victini|\n|teampreview\n|\n|t:|1700140202\n|start\n|switch|p1a: Samurott|Samurott-Hisui, F|100\/100\n|switch|p2a: ZA BEE|Ribombee, M|100\/100\n|turn|1\n|\n|t:|1700140213\n|-terastallize|p1a: Samurott|Water\n|move|p1a: Samurott|Aqua Jet|p2a: ZA BEE\n|-damage|p2a: ZA BEE|25\/100\n|move|p2a: ZA BEE|Sticky Web|p1a: Samurott\n|-sidestart|p1: DORAYOYO|move: Sticky Web\n|\n|upkeep\n|turn|2\n|\n|t:|1700140221\n|move|p1a: Samurott|Aqua Jet|p2a: ZA BEE\n|-damage|p2a: ZA BEE|0 fnt\n|faint|p2a: ZA BEE\n|\n|upkeep\n|\n|t:|1700140225\n|switch|p2a: touchgrassdrinkH2O|Ogerpon-Wellspring, F|100\/100\n|turn|3\n|\n|t:|1700140230\n|switch|p1a: Kommo-o|Kommo-o, F|100\/100\n|-activate|p1a: Kommo-o|move: Sticky Web\n|-unboost|p1a: Kommo-o|spe|1\n|move|p2a: touchgrassdrinkH2O|Swords Dance|p2a: touchgrassdrinkH2O\n|-boost|p2a: touchgrassdrinkH2O|atk|2\n|\n|upkeep\n|turn|4\n|\n|t:|1700140238\n|move|p2a: touchgrassdrinkH2O|Play Rough|p1a: Kommo-o|[miss]\n|-miss|p2a: touchgrassdrinkH2O|p1a: Kommo-o\n|-zpower|p1a: Kommo-o\n|move|p1a: Kommo-o|Clangorous Soulblaze|p2a: touchgrassdrinkH2O|[zeffect]\n|-damage|p2a: touchgrassdrinkH2O|13\/100\n|-boost|p1a: Kommo-o|atk|1\n|-boost|p1a: Kommo-o|def|1\n|-boost|p1a: Kommo-o|spa|1\n|-boost|p1a: Kommo-o|spd|1\n|-boost|p1a: Kommo-o|spe|1\n|\n|upkeep\n|turn|5\n|\n|t:|1700140255\n|move|p2a: touchgrassdrinkH2O|Play Rough|p1a: Kommo-o\n|-supereffective|p1a: Kommo-o\n|-damage|p1a: Kommo-o|0 fnt\n|faint|p1a: Kommo-o\n|\n|upkeep\n|c|\u2606elvisma|this is bull\n|\n|t:|1700140261\n|switch|p1a: Rillaboom|Rillaboom, M|100\/100\n|-activate|p1a: Rillaboom|move: Sticky Web\n|-unboost|p1a: Rillaboom|spe|1\n|-fieldstart|move: Grassy Terrain|[from] ability: Grassy Surge|[of] p1a: Rillaboom\n|turn|6\n|\n|t:|1700140267\n|switch|p2a: V create spam|Victini|100\/100\n|move|p1a: Rillaboom|Grassy Glide|p2a: V create spam\n|-resisted|p2a: V create spam\n|-damage|p2a: V create spam|79\/100\n|\n|-heal|p2a: V create spam|85\/100|[from] Grassy Terrain\n|upkeep\n|turn|7\n|\n|t:|1700140278\n|-zpower|p2a: V create spam\n|move|p2a: V create spam|Z-Celebrate|p2a: V create spam|[anim]Celebrate\n|-boost|p2a: V create spam|atk|1|[zeffect]\n|-boost|p2a: V create spam|def|1|[zeffect]\n|-boost|p2a: V create spam|spa|1|[zeffect]\n|-boost|p2a: V create spam|spd|1|[zeffect]\n|-boost|p2a: V create spam|spe|1|[zeffect]\n|-activate|p2a: V create spam|move: Celebrate\n|move|p1a: Rillaboom|U-turn|p2a: V create spam\n|-damage|p2a: V create spam|67\/100\n|\n|t:|1700140287\n|switch|p1a: Clefable|Clefable, M|100\/100|[from] U-turn\n|-activate|p1a: Clefable|move: Sticky Web\n|-unboost|p1a: Clefable|spe|1\n|\n|-heal|p2a: V create spam|74\/100|[from] Grassy Terrain\n|upkeep\n|turn|8\n|\n|t:|1700140294\n|move|p2a: V create spam|Stored Power|p1a: Clefable\n|-damage|p1a: Clefable|54\/100\n|move|p1a: Clefable|Calm Mind|p1a: Clefable\n|-boost|p1a: Clefable|spa|1\n|-boost|p1a: Clefable|spd|1\n|\n|-heal|p2a: V create spam|80\/100|[from] Grassy Terrain\n|-heal|p1a: Clefable|60\/100|[from] Grassy Terrain\n|-heal|p1a: Clefable|66\/100|[from] item: Leftovers\n|upkeep\n|turn|9\n|\n|t:|1700140304\n|move|p2a: V create spam|Stored Power|p1a: Clefable\n|-damage|p1a: Clefable|30\/100\n|move|p1a: Clefable|Wish|p1a: Clefable\n|\n|-heal|p2a: V create spam|86\/100|[from] Grassy Terrain\n|-heal|p1a: Clefable|36\/100|[from] Grassy Terrain\n|-heal|p1a: Clefable|42\/100|[from] item: Leftovers\n|upkeep\n|turn|10\n|\n|t:|1700140313\n|move|p2a: V create spam|Stored Power|p1a: Clefable\n|-damage|p1a: Clefable|7\/100\n|move|p1a: Clefable|Calm Mind|p1a: Clefable\n|-boost|p1a: Clefable|spa|1\n|-boost|p1a: Clefable|spd|1\n|\n|-heal|p1a: Clefable|57\/100|[from] move: Wish|[wisher] Clefable\n|-heal|p2a: V create spam|92\/100|[from] Grassy Terrain\n|-heal|p1a: Clefable|63\/100|[from] Grassy Terrain\n|-heal|p1a: Clefable|70\/100|[from] item: Leftovers\n|upkeep\n|turn|11\n|c|\u2606elvisma|its gonna crit sooner or later\n|\n|t:|1700140324\n|move|p2a: V create spam|Stored Power|p1a: Clefable\n|-damage|p1a: Clefable|47\/100\n|move|p1a: Clefable|Calm Mind|p1a: Clefable\n|-boost|p1a: Clefable|spa|1\n|-boost|p1a: Clefable|spd|1\n|\n|-heal|p2a: V create spam|98\/100|[from] Grassy Terrain\n|-heal|p1a: Clefable|53\/100|[from] Grassy Terrain\n|-heal|p1a: Clefable|59\/100|[from] item: Leftovers\n|upkeep\n|turn|12\n|\n|t:|1700140335\n|move|p2a: V create spam|Stored Power|p1a: Clefable\n|-damage|p1a: Clefable|39\/100\n|move|p1a: Clefable|Wish|p1a: Clefable\n|\n|-heal|p2a: V create spam|100\/100|[from] Grassy Terrain\n|-heal|p1a: Clefable|45\/100|[from] Grassy Terrain\n|-heal|p1a: Clefable|51\/100|[from] item: Leftovers\n|upkeep\n|turn|13\n|\n|t:|1700140343\n|move|p2a: V create spam|Stored Power|p1a: Clefable\n|-damage|p1a: Clefable|33\/100\n|move|p1a: Clefable|Calm Mind|p1a: Clefable\n|-boost|p1a: Clefable|spa|1\n|-boost|p1a: Clefable|spd|1\n|\n|-heal|p1a: Clefable|83\/100|[from] move: Wish|[wisher] Clefable\n|-heal|p1a: Clefable|89\/100|[from] Grassy Terrain\n|-heal|p1a: Clefable|95\/100|[from] item: Leftovers\n|-fieldend|move: Grassy Terrain\n|upkeep\n|turn|14\n|\n|t:|1700140385\n|move|p2a: V create spam|Stored Power|p1a: Clefable\n|-damage|p1a: Clefable|78\/100\n|move|p1a: Clefable|Calm Mind|p1a: Clefable\n|-boost|p1a: Clefable|spa|1\n|-boost|p1a: Clefable|spd|1\n|\n|-heal|p1a: Clefable|84\/100|[from] item: Leftovers\n|upkeep\n|turn|15\n|c|\u2606elvisma|pls rngesus\n|\n|t:|1700140394\n|move|p2a: V create spam|Stored Power|p1a: Clefable\n|-damage|p1a: Clefable|69\/100\n|move|p1a: Clefable|Wish|p1a: Clefable\n|\n|-heal|p1a: Clefable|75\/100|[from] item: Leftovers\n|upkeep\n|turn|16\n|\n|t:|1700140400\n|move|p2a: V create spam|Stored Power|p1a: Clefable\n|-damage|p1a: Clefable|60\/100\n|move|p1a: Clefable|Calm Mind|p1a: Clefable\n|-boost|p1a: Clefable|spa|1\n|-boost|p1a: Clefable|spd|1\n|\n|-heal|p1a: Clefable|100\/100|[from] move: Wish|[wisher] Clefable\n|upkeep\n|turn|17\n|\n|t:|1700140408\n|move|p2a: V create spam|Stored Power|p1a: Clefable\n|-damage|p1a: Clefable|88\/100\n|move|p1a: Clefable|Moonblast|p2a: V create spam\n|-resisted|p2a: V create spam\n|-damage|p2a: V create spam|38\/100\n|-unboost|p2a: V create spam|spa|1\n|\n|-heal|p1a: Clefable|94\/100|[from] item: Leftovers\n|upkeep\n|turn|18\n|\n|t:|1700140417\n|move|p2a: V create spam|Stored Power|p1a: Clefable\n|-damage|p1a: Clefable|83\/100\n|move|p1a: Clefable|Moonblast|p2a: V create spam\n|-resisted|p2a: V create spam\n|-damage|p2a: V create spam|0 fnt\n|faint|p2a: V create spam\n|\n|-heal|p1a: Clefable|89\/100|[from] item: Leftovers\n|upkeep\n|\n|t:|1700140426\n|switch|p2a: ampheros|Charizard, M|100\/100\n|turn|19\n|\n|t:|1700140438\n|detailschange|p2a: ampheros|Charizard-Mega-X, M\n|-mega|p2a: ampheros|Charizard|Charizardite X\n|move|p2a: ampheros|Fire Punch|p1a: Clefable\n|-damage|p1a: Clefable|53\/100\n|move|p1a: Clefable|Moonblast|p2a: ampheros\n|-damage|p2a: ampheros|0 fnt\n|faint|p2a: ampheros\n|\n|-heal|p1a: Clefable|59\/100|[from] item: Leftovers\n|upkeep\n|\n|t:|1700140443\n|switch|p2a: TUSK SWEEP|Great Tusk|100\/100\n|-enditem|p2a: TUSK SWEEP|Booster Energy\n|-activate|p2a: TUSK SWEEP|ability: Protosynthesis|[fromitem]\n|-start|p2a: TUSK SWEEP|protosynthesisatk\n|turn|20\n|\n|t:|1700140451\n|move|p2a: TUSK SWEEP|Headlong Rush|p1a: Clefable\n|-damage|p1a: Clefable|0 fnt\n|-unboost|p2a: TUSK SWEEP|def|1\n|-unboost|p2a: TUSK SWEEP|spd|1\n|faint|p1a: Clefable\n|\n|upkeep\n|\n|t:|1700140459\n|switch|p1a: Rillaboom|Rillaboom, M|100\/100\n|-activate|p1a: Rillaboom|move: Sticky Web\n|-unboost|p1a: Rillaboom|spe|1\n|-fieldstart|move: Grassy Terrain|[from] ability: Grassy Surge|[of] p1a: Rillaboom\n|turn|21\n|\n|t:|1700140466\n|-terastallize|p2a: TUSK SWEEP|Ice\n|move|p2a: TUSK SWEEP|Ice Spinner|p1a: Rillaboom\n|-supereffective|p1a: Rillaboom\n|-damage|p1a: Rillaboom|0 fnt\n|-fieldend|move: Grassy Terrain\n|faint|p1a: Rillaboom\n|\n|upkeep\n|\n|t:|1700140476\n|switch|p1a: Gyarados|Gyarados, M|100\/100\n|-ability|p1a: Gyarados|Intimidate|boost\n|-unboost|p2a: TUSK SWEEP|atk|1\n|turn|22\n|\n|t:|1700140486\n|move|p2a: TUSK SWEEP|Rapid Spin|p1a: Gyarados\n|-damage|p1a: Gyarados|83\/100\n|-boost|p2a: TUSK SWEEP|spe|1\n|move|p1a: Gyarados|Dragon Dance|p1a: Gyarados\n|-boost|p1a: Gyarados|atk|1\n|-boost|p1a: Gyarados|spe|1\n|\n|upkeep\n|turn|23\n|\n|t:|1700140507\n|move|p2a: TUSK SWEEP|Close Combat|p1a: Gyarados\n|-resisted|p1a: Gyarados\n|-damage|p1a: Gyarados|51\/100\n|-unboost|p2a: TUSK SWEEP|def|1\n|-unboost|p2a: TUSK SWEEP|spd|1\n|move|p1a: Gyarados|Waterfall|p2a: TUSK SWEEP\n|-damage|p2a: TUSK SWEEP|0 fnt\n|faint|p2a: TUSK SWEEP\n|-end|p2a: TUSK SWEEP|Protosynthesis|[silent]\n|\n|upkeep\n|\n|t:|1700140510\n|switch|p2a: pls dont u-turn|Azelf|100\/100\n|turn|24\n|\n|t:|1700140520\n|move|p1a: Gyarados|Taunt|p2a: pls dont u-turn\n|-start|p2a: pls dont u-turn|move: Taunt\n|move|p2a: pls dont u-turn|Thunderbolt|p1a: Gyarados\n|-supereffective|p1a: Gyarados\n|-damage|p1a: Gyarados|0 fnt\n|faint|p1a: Gyarados\n|\n|upkeep\n|\n|t:|1700140534\n|switch|p1a: Samurott|Samurott-Hisui, F, tera:Water|100\/100\n|-activate|p1a: Samurott|move: Sticky Web\n|-unboost|p1a: Samurott|spe|1\n|turn|25\n|\n|t:|1700140541\n|move|p1a: Samurott|Sucker Punch|p2a: pls dont u-turn\n|-supereffective|p2a: pls dont u-turn\n|-damage|p2a: pls dont u-turn|0 fnt\n|faint|p2a: pls dont u-turn\n|\n|upkeep\n|\n|t:|1700140544\n|switch|p2a: touchgrassdrinkH2O|Ogerpon-Wellspring, F|13\/100\n|turn|26\n|\n|t:|1700140551\n|switch|p1a: Ogerpon|Ogerpon-Wellspring, F|100\/100\n|-activate|p1a: Ogerpon|move: Sticky Web\n|-unboost|p1a: Ogerpon|spe|1\n|move|p2a: touchgrassdrinkH2O|Horn Leech|p1a: Ogerpon\n|-damage|p1a: Ogerpon|52\/100\n|-heal|p2a: touchgrassdrinkH2O|42\/100|[from] drain|[of] p1a: Ogerpon\n|\n|upkeep\n|turn|27\n|\n|t:|1700140561\n|move|p2a: touchgrassdrinkH2O|Horn Leech|p1a: Ogerpon\n|-damage|p1a: Ogerpon|0 fnt\n|-heal|p2a: touchgrassdrinkH2O|72\/100|[from] drain|[of] p1a: Ogerpon\n|faint|p1a: Ogerpon\n|\n|upkeep\n|\n|t:|1700140567\n|switch|p1a: Samurott|Samurott-Hisui, F, tera:Water|100\/100\n|-activate|p1a: Samurott|move: Sticky Web\n|-unboost|p1a: Samurott|spe|1\n|turn|28\n|\n|t:|1700140575\n|move|p1a: Samurott|Sucker Punch|p2a: touchgrassdrinkH2O\n|-damage|p2a: touchgrassdrinkH2O|2\/100\n|move|p2a: touchgrassdrinkH2O|Horn Leech|p1a: Samurott\n|-supereffective|p1a: Samurott\n|-damage|p1a: Samurott|0 fnt\n|-heal|p2a: touchgrassdrinkH2O|55\/100|[from] drain|[of] p1a: Samurott\n|faint|p1a: Samurott\n|\n|win|elvisma\n|raw|DORAYOYO's rating: 1648 &rarr; <strong>1628<\/strong><br \/>(-20 for losing)\n|raw|elvisma's rating: 1656 &rarr; <strong>1676<\/strong><br \/>(+20 for winning)\n|c|\u2606elvisma|dam\n|c|\u2606elvisma|banded\n|l|\u2606DORAYOYO\n","uploadtime":1700140584,"views":4,"p1id":"dorayoyo","p2id":"elvisma","formatid":"gen9nationaldex","rating":1628,"private":0,"password":""}