{"id":"gen9nationaldex-1988999136","p1":"srfrkool","p2":"TAP_ORI23","format":"[Gen 9] National Dex","log":"|j|\u2606srfrkool\n|j|\u2606TAP_ORI23\n|t:|1699800380\n|gametype|singles\n|player|p1|srfrkool|170|1105\n|player|p2|TAP_ORI23|acetrainerf|1039\n|teamsize|p1|6\n|teamsize|p2|6\n|gen|9\n|tier|[Gen 9] National Dex\n|rated|\n|rule|HP Percentage Mod: HP is shown in percentages\n|rule|Endless Battle Clause: Forcing endless battles is banned\n|rule|OHKO Clause: OHKO moves are banned\n|rule|Evasion Clause: Evasion abilities, items, and moves are banned\n|rule|Evasion Abilities Clause: Evasion abilities are banned\n|rule|Evasion Items Clause: Evasion items are banned\n|rule|Evasion Moves Clause: Evasion moves are banned\n|rule|Species Clause: Limit one of each Pok\u00e9mon\n|rule|Sleep Clause Mod: Limit one foe put to sleep\n|clearpoke\n|poke|p1|Floatzel, F|\n|poke|p1|Pelipper, M|\n|poke|p1|Barraskewda, M|\n|poke|p1|Basculegion, M|\n|poke|p1|Thundurus-Therian, M|\n|poke|p1|Heatran, M|\n|poke|p2|Quaquaval, M|\n|poke|p2|Lucario, M|\n|poke|p2|Luxray, F|\n|poke|p2|Meowscarada, F|\n|poke|p2|Altaria, F|\n|poke|p2|Gengar, M|\n|teampreview\n|\n|t:|1699800395\n|start\n|switch|p1a: Pelipper|Pelipper, M, shiny|100\/100\n|switch|p2a: Meowscarada|Meowscarada, F, shiny|100\/100\n|-weather|RainDance|[from] ability: Drizzle|[of] p1a: Pelipper\n|turn|1\n|\n|t:|1699800410\n|-terastallize|p2a: Meowscarada|Grass\n|-terastallize|p1a: Pelipper|Ground\n|move|p2a: Meowscarada|Petal Blizzard|p1a: Pelipper\n|-supereffective|p1a: Pelipper\n|-damage|p1a: Pelipper|21\/100\n|move|p1a: Pelipper|Blizzard|p2a: Meowscarada|[miss]\n|-miss|p1a: Pelipper|p2a: Meowscarada\n|\n|-weather|RainDance|[upkeep]\n|upkeep\n|turn|2\n|\n|t:|1699800431\n|switch|p1a: Thundurus|Thundurus-Therian, M, shiny|100\/100\n|move|p2a: Meowscarada|Petal Blizzard|p1a: Thundurus\n|-resisted|p1a: Thundurus\n|-damage|p1a: Thundurus|67\/100\n|\n|-weather|RainDance|[upkeep]\n|upkeep\n|turn|3\n|\n|t:|1699800444\n|move|p1a: Thundurus|Psychic|p2a: Meowscarada\n|-damage|p2a: Meowscarada|25\/100\n|move|p2a: Meowscarada|Taunt|p1a: Thundurus\n|-start|p1a: Thundurus|move: Taunt\n|\n|-weather|RainDance|[upkeep]\n|-heal|p2a: Meowscarada|32\/100|[from] item: Leftovers\n|upkeep\n|turn|4\n|\n|t:|1699800456\n|move|p1a: Thundurus|Psychic|p2a: Meowscarada\n|-damage|p2a: Meowscarada|0 fnt\n|faint|p2a: Meowscarada\n|\n|-weather|RainDance|[upkeep]\n|upkeep\n|\n|t:|1699800465\n|switch|p2a: Altaria|Altaria, F|100\/100\n|turn|5\n|\n|t:|1699800475\n|switch|p1a: Floatzel|Floatzel, F, shiny|100\/100\n|detailschange|p2a: Altaria|Altaria-Mega, F\n|-mega|p2a: Altaria|Altaria|Altarianite\n|move|p2a: Altaria|Air Cutter|p1a: Floatzel\n|-damage|p1a: Floatzel|68\/100\n|\n|-weather|none\n|upkeep\n|turn|6\n|\n|t:|1699800496\n|switch|p1a: Heatran|Heatran, M, shiny|100\/100\n|move|p2a: Altaria|Air Cutter|p1a: Heatran\n|-resisted|p1a: Heatran\n|-damage|p1a: Heatran|94\/100\n|\n|upkeep\n|turn|7\n|\n|t:|1699800506\n|switch|p2a: Quaquaval|Quaquaval, M|100\/100\n|move|p1a: Heatran|Dragon Pulse|p2a: Quaquaval\n|-damage|p2a: Quaquaval|48\/100\n|\n|-heal|p2a: Quaquaval|54\/100|[from] item: Leftovers\n|upkeep\n|turn|8\n|\n|t:|1699800520\n|move|p2a: Quaquaval|Aqua Step|p1a: Heatran\n|-supereffective|p1a: Heatran\n|-damage|p1a: Heatran|37\/100\n|-boost|p2a: Quaquaval|spe|1\n|-status|p2a: Quaquaval|brn|[from] ability: Flame Body|[of] p1a: Heatran\n|move|p1a: Heatran|Dragon Pulse|p2a: Quaquaval\n|-damage|p2a: Quaquaval|2\/100 brn\n|\n|-heal|p2a: Quaquaval|9\/100 brn|[from] item: Leftovers\n|-damage|p2a: Quaquaval|2\/100 brn|[from] brn\n|upkeep\n|turn|9\n|\n|t:|1699800534\n|switch|p1a: Pelipper|Pelipper, M, shiny, tera:Ground|21\/100\n|-weather|RainDance|[from] ability: Drizzle|[of] p1a: Pelipper\n|move|p2a: Quaquaval|Aqua Cutter|p1a: Pelipper\n|-supereffective|p1a: Pelipper\n|-damage|p1a: Pelipper|0 fnt\n|faint|p1a: Pelipper\n|\n|-weather|RainDance|[upkeep]\n|-heal|p2a: Quaquaval|9\/100 brn|[from] item: Leftovers\n|-damage|p2a: Quaquaval|2\/100 brn|[from] brn\n|upkeep\n|\n|t:|1699800551\n|switch|p1a: Barraskewda|Barraskewda, M, shiny|100\/100\n|turn|10\n|\n|t:|1699800557\n|switch|p2a: Luxray|Luxray, F|100\/100\n|move|p1a: Barraskewda|Liquidation|p2a: Luxray\n|-damage|p2a: Luxray|0 fnt\n|faint|p2a: Luxray\n|\n|-weather|RainDance|[upkeep]\n|upkeep\n|\n|t:|1699800565\n|switch|p2a: Gengar|Gengar, M|100\/100\n|turn|11\n|\n|t:|1699800569\n|move|p1a: Barraskewda|Liquidation|p2a: Gengar\n|-damage|p2a: Gengar|0 fnt\n|faint|p2a: Gengar\n|\n|-weather|RainDance|[upkeep]\n|upkeep\n|\n|t:|1699800576\n|switch|p2a: Lucario|Lucario, M|100\/100\n|turn|12\n|\n|t:|1699800582\n|move|p1a: Barraskewda|Liquidation|p2a: Lucario\n|-damage|p2a: Lucario|0 fnt\n|faint|p2a: Lucario\n|\n|-weather|RainDance|[upkeep]\n|upkeep\n|\n|t:|1699800589\n|switch|p2a: Altaria|Altaria-Mega, F|100\/100\n|turn|13\n|\n|t:|1699800596\n|move|p1a: Barraskewda|Liquidation|p2a: Altaria\n|-resisted|p2a: Altaria\n|-damage|p2a: Altaria|39\/100\n|move|p2a: Altaria|Fire Spin|p1a: Barraskewda\n|-resisted|p1a: Barraskewda\n|-damage|p1a: Barraskewda|95\/100\n|-activate|p1a: Barraskewda|move: Fire Spin|[of] p2a: Altaria\n|\n|-weather|none\n|-damage|p1a: Barraskewda|83\/100|[from] move: Fire Spin|[partiallytrapped]\n|upkeep\n|turn|14\n|\n|t:|1699800608\n|move|p1a: Barraskewda|Liquidation|p2a: Altaria\n|-resisted|p2a: Altaria\n|-damage|p2a: Altaria|1\/100\n|move|p2a: Altaria|Air Cutter|p1a: Barraskewda\n|-damage|p1a: Barraskewda|43\/100\n|\n|-damage|p1a: Barraskewda|31\/100|[from] move: Fire Spin|[partiallytrapped]\n|upkeep\n|turn|15\n|\n|t:|1699800619\n|switch|p2a: Quaquaval|Quaquaval, M|2\/100 brn\n|move|p1a: Barraskewda|Liquidation|p2a: Quaquaval\n|-resisted|p2a: Quaquaval\n|-damage|p2a: Quaquaval|0 fnt\n|faint|p2a: Quaquaval\n|\n|-end|p1a: Barraskewda|Fire Spin|[partiallytrapped]|[silent]\n|upkeep\n|\n|t:|1699800626\n|switch|p2a: Altaria|Altaria-Mega, F|1\/100\n|turn|16\n|\n|t:|1699800632\n|move|p1a: Barraskewda|Liquidation|p2a: Altaria\n|-resisted|p2a: Altaria\n|-damage|p2a: Altaria|0 fnt\n|faint|p2a: Altaria\n|\n|win|srfrkool\n|raw|srfrkool's rating: 1105 &rarr; <strong>1125<\/strong><br \/>(+20 for winning)\n|raw|TAP_ORI23's rating: 1039 &rarr; <strong>1026<\/strong><br \/>(-13 for losing)\n","uploadtime":1699800639,"views":4,"p1id":"srfrkool","p2id":"tapori23","formatid":"gen9nationaldex","rating":1026,"private":0,"password":""}