{"id":"gen9nationaldex-1989500324","p1":"shiyv","p2":"RoboDriveisthebest","format":"[Gen 9] National Dex","log":"|j|\u2606shiyv\n|j|\u2606RoboDriveisthebest\n|t:|1699861248\n|gametype|singles\n|player|p1|shiyv|170|1462\n|player|p2|RoboDriveisthebest|cilan|1376\n|teamsize|p1|6\n|teamsize|p2|6\n|gen|9\n|tier|[Gen 9] National Dex\n|rated|\n|rule|HP Percentage Mod: HP is shown in percentages\n|rule|Endless Battle Clause: Forcing endless battles is banned\n|rule|OHKO Clause: OHKO moves are banned\n|rule|Evasion Clause: Evasion abilities, items, and moves are banned\n|rule|Evasion Abilities Clause: Evasion abilities are banned\n|rule|Evasion Items Clause: Evasion items are banned\n|rule|Evasion Moves Clause: Evasion moves are banned\n|rule|Species Clause: Limit one of each Pok\u00e9mon\n|rule|Sleep Clause Mod: Limit one foe put to sleep\n|clearpoke\n|poke|p1|Tapu Koko|\n|poke|p1|Raichu-Alola, M|\n|poke|p1|Medicham, F|\n|poke|p1|Iron Hands|\n|poke|p1|Tyranitar, F|\n|poke|p1|Alomomola, F|\n|poke|p2|Iron Jugulis|\n|poke|p2|Tapu Koko|\n|poke|p2|Blaziken, M|\n|poke|p2|Slowbro, F|\n|poke|p2|Rillaboom, M|\n|poke|p2|Glimmora, M|\n|teampreview\n|inactive|Battle timer is ON: inactive players will automatically lose when time's up. (requested by shiyv)\n|\n|t:|1699861255\n|start\n|switch|p1a: Medicham|Medicham, F|100\/100\n|switch|p2a: Tapu Koko|Tapu Koko|100\/100\n|-fieldstart|move: Electric Terrain|[from] ability: Electric Surge|[of] p2a: Tapu Koko\n|turn|1\n|\n|t:|1699861259\n|detailschange|p1a: Medicham|Medicham-Mega, F\n|-mega|p1a: Medicham|Medicham|Medichamite\n|move|p1a: Medicham|Fake Out|p2a: Tapu Koko\n|-damage|p2a: Tapu Koko|66\/100\n|cant|p2a: Tapu Koko|flinch\n|\n|upkeep\n|turn|2\n|\n|t:|1699861282\n|switch|p1a: Iron Hands|Iron Hands|100\/100\n|-activate|p1a: Iron Hands|ability: Quark Drive\n|-start|p1a: Iron Hands|quarkdriveatk\n|move|p2a: Tapu Koko|U-turn|p1a: Iron Hands\n|-resisted|p1a: Iron Hands\n|-damage|p1a: Iron Hands|96\/100\n|\n|t:|1699861287\n|switch|p2a: Blaziken|Blaziken, M|100\/100|[from] U-turn\n|\n|upkeep\n|turn|3\n|\n|t:|1699861296\n|move|p2a: Blaziken|Power-Up Punch|p1a: Iron Hands\n|-damage|p1a: Iron Hands|84\/100\n|-boost|p2a: Blaziken|atk|1\n|move|p1a: Iron Hands|Earthquake|p2a: Blaziken\n|-supereffective|p2a: Blaziken\n|-damage|p2a: Blaziken|0 fnt\n|faint|p2a: Blaziken\n|\n|upkeep\n|\n|t:|1699861310\n|switch|p2a: Glimmora|Glimmora, M|100\/100\n|turn|4\n|\n|t:|1699861323\n|move|p2a: Glimmora|Mortal Spin|p1a: Iron Hands\n|-damage|p1a: Iron Hands|80\/100\n|-status|p1a: Iron Hands|psn\n|move|p1a: Iron Hands|Earthquake|p2a: Glimmora\n|-supereffective|p2a: Glimmora\n|-enditem|p2a: Glimmora|Focus Sash\n|-damage|p2a: Glimmora|1\/100\n|-activate|p2a: Glimmora|ability: Toxic Debris\n|-sidestart|p1: shiyv|move: Toxic Spikes\n|\n|-damage|p1a: Iron Hands|68\/100 psn|[from] psn\n|upkeep\n|turn|5\n|\n|t:|1699861339\n|move|p2a: Glimmora|Stealth Rock|p1a: Iron Hands\n|-sidestart|p1: shiyv|move: Stealth Rock\n|move|p1a: Iron Hands|Wild Charge|p2a: Glimmora\n|-damage|p2a: Glimmora|0 fnt\n|-activate|p2a: Glimmora|ability: Toxic Debris\n|-sidestart|p1: shiyv|move: Toxic Spikes\n|faint|p2a: Glimmora\n|-damage|p1a: Iron Hands|68\/100 psn|[from] Recoil\n|\n|-damage|p1a: Iron Hands|55\/100 psn|[from] psn\n|-fieldend|move: Electric Terrain\n|-end|p1a: Iron Hands|Quark Drive\n|upkeep\n|\n|t:|1699861357\n|switch|p2a: Rillaboom|Rillaboom, M|100\/100\n|-fieldstart|move: Grassy Terrain|[from] ability: Grassy Surge|[of] p2a: Rillaboom\n|turn|6\n|\n|t:|1699861374\n|move|p2a: Rillaboom|U-turn|p1a: Iron Hands\n|-resisted|p1a: Iron Hands\n|-damage|p1a: Iron Hands|45\/100 psn\n|\n|t:|1699861378\n|switch|p2a: Slowbro|Slowbro, F|100\/100|[from] U-turn\n|move|p1a: Iron Hands|Close Combat|p2a: Slowbro\n|-resisted|p2a: Slowbro\n|-damage|p2a: Slowbro|70\/100\n|-unboost|p1a: Iron Hands|def|1\n|-unboost|p1a: Iron Hands|spd|1\n|\n|-heal|p1a: Iron Hands|51\/100 psn|[from] Grassy Terrain\n|-heal|p2a: Slowbro|77\/100|[from] Grassy Terrain\n|-damage|p1a: Iron Hands|38\/100 psn|[from] psn\n|upkeep\n|turn|7\n|\n|t:|1699861400\n|switch|p2a: Tapu Koko|Tapu Koko|66\/100\n|-fieldstart|move: Electric Terrain|[from] ability: Electric Surge|[of] p2a: Tapu Koko\n|-activate|p1a: Iron Hands|ability: Quark Drive\n|-start|p1a: Iron Hands|quarkdriveatk\n|move|p1a: Iron Hands|Wild Charge|p2a: Tapu Koko\n|-resisted|p2a: Tapu Koko\n|-damage|p2a: Tapu Koko|3\/100\n|-damage|p1a: Iron Hands|28\/100 psn|[from] Recoil\n|\n|-damage|p1a: Iron Hands|16\/100 psn|[from] psn\n|upkeep\n|turn|8\n|\n|t:|1699861410\n|-end|p1a: Iron Hands|Quark Drive|[silent]\n|switch|p1a: Tyranitar|Tyranitar, F|100\/100\n|-status|p1a: Tyranitar|tox\n|-damage|p1a: Tyranitar|88\/100 tox|[from] Stealth Rock\n|-weather|Sandstorm|[from] ability: Sand Stream|[of] p1a: Tyranitar\n|move|p2a: Tapu Koko|Thunderbolt|p1a: Tyranitar\n|-damage|p1a: Tyranitar|54\/100 tox\n|\n|-weather|Sandstorm|[upkeep]\n|-damage|p2a: Tapu Koko|0 fnt|[from] Sandstorm\n|faint|p2a: Tapu Koko\n|-damage|p1a: Tyranitar|48\/100 tox|[from] psn\n|upkeep\n|\n|t:|1699861419\n|switch|p2a: Rillaboom|Rillaboom, M|100\/100\n|-fieldstart|move: Grassy Terrain|[from] ability: Grassy Surge|[of] p2a: Rillaboom\n|turn|9\n|\n|t:|1699861426\n|-terastallize|p2a: Rillaboom|Grass\n|-terastallize|p1a: Tyranitar|Flying\n|move|p2a: Rillaboom|Grassy Glide|p1a: Tyranitar\n|-resisted|p1a: Tyranitar\n|-damage|p1a: Tyranitar|17\/100 tox\n|move|p1a: Tyranitar|Ice Punch|p2a: Rillaboom\n|-supereffective|p2a: Rillaboom\n|-damage|p2a: Rillaboom|27\/100\n|\n|-weather|Sandstorm|[upkeep]\n|-damage|p2a: Rillaboom|20\/100|[from] Sandstorm\n|-damage|p1a: Tyranitar|10\/100 tox|[from] Sandstorm\n|-heal|p2a: Rillaboom|27\/100|[from] Grassy Terrain\n|-damage|p1a: Tyranitar|0 fnt|[from] psn\n|faint|p1a: Tyranitar\n|upkeep\n|\n|t:|1699861434\n|switch|p1a: Tapu Koko|Tapu Koko|100\/100\n|-status|p1a: Tapu Koko|tox\n|-damage|p1a: Tapu Koko|88\/100 tox|[from] Stealth Rock\n|-fieldstart|move: Electric Terrain|[from] ability: Electric Surge|[of] p1a: Tapu Koko\n|turn|10\n|\n|t:|1699861445\n|move|p1a: Tapu Koko|Volt Switch|p2a: Rillaboom\n|-resisted|p2a: Rillaboom\n|-damage|p2a: Rillaboom|0 fnt\n|faint|p2a: Rillaboom\n|\n|t:|1699861448\n|switch|p1a: Alomomola|Alomomola, F|100\/100|[from] Volt Switch\n|-status|p1a: Alomomola|tox\n|-damage|p1a: Alomomola|88\/100 tox|[from] Stealth Rock\n|\n|-weather|Sandstorm|[upkeep]\n|-damage|p1a: Alomomola|82\/100 tox|[from] Sandstorm\n|-damage|p1a: Alomomola|76\/100 tox|[from] psn\n|upkeep\n|\n|t:|1699861451\n|switch|p2a: Slowbro|Slowbro, F|100\/100\n|turn|11\n|\n|t:|1699861454\n|detailschange|p2a: Slowbro|Slowbro-Mega, F\n|-mega|p2a: Slowbro|Slowbro|Slowbronite\n|move|p1a: Alomomola|Healing Wish|p1a: Alomomola\n|faint|p1a: Alomomola\n|move|p2a: Slowbro|Calm Mind|p2a: Slowbro\n|-boost|p2a: Slowbro|spa|1\n|-boost|p2a: Slowbro|spd|1\n|\n|-weather|Sandstorm|[upkeep]\n|-damage|p2a: Slowbro|94\/100|[from] Sandstorm\n|upkeep\n|\n|t:|1699861460\n|switch|p1a: Iron Hands|Iron Hands|16\/100 psn\n|-heal|p1a: Iron Hands|100\/100|[from] move: Healing Wish\n|-status|p1a: Iron Hands|tox\n|-damage|p1a: Iron Hands|94\/100 tox|[from] Stealth Rock\n|-activate|p1a: Iron Hands|ability: Quark Drive\n|-start|p1a: Iron Hands|quarkdriveatk\n|turn|12\n|\n|t:|1699861463\n|move|p1a: Iron Hands|Wild Charge|p2a: Slowbro\n|-supereffective|p2a: Slowbro\n|-damage|p2a: Slowbro|0 fnt\n|faint|p2a: Slowbro\n|-damage|p1a: Iron Hands|75\/100 tox|[from] Recoil\n|\n|-weather|none\n|-damage|p1a: Iron Hands|69\/100 tox|[from] psn\n|upkeep\n|\n|t:|1699861466\n|switch|p2a: Iron Jugulis|Iron Jugulis|100\/100\n|-activate|p2a: Iron Jugulis|ability: Quark Drive\n|-start|p2a: Iron Jugulis|quarkdrivespe\n|turn|13\n|\n|t:|1699861469\n|move|p2a: Iron Jugulis|Air Slash|p1a: Iron Hands\n|-damage|p1a: Iron Hands|45\/100 tox\n|move|p1a: Iron Hands|Wild Charge|p2a: Iron Jugulis\n|-supereffective|p2a: Iron Jugulis\n|-damage|p2a: Iron Jugulis|0 fnt\n|faint|p2a: Iron Jugulis\n|-end|p2a: Iron Jugulis|Quark Drive|[silent]\n|-damage|p1a: Iron Hands|27\/100 tox|[from] Recoil\n|\n|win|shiyv\n|raw|shiyv's rating: 1462 &rarr; <strong>1477<\/strong><br \/>(+15 for winning)\n|raw|RoboDriveisthebest's rating: 1376 &rarr; <strong>1361<\/strong><br \/>(-15 for losing)\n|l|\u2606RoboDriveisthebest\n","uploadtime":1699861482,"views":6,"p1id":"shiyv","p2id":"robodriveisthebest","formatid":"gen9nationaldex","rating":1361,"private":0,"password":""}