{"id":"gen9nationaldex-1999423946","p1":"ikun321","p2":"zxcvbnm134","format":"[Gen 9] National Dex","log":"|html|<div class=\"broadcast-blue\"><strong>[Gen 9] National Dex is currently suspecting Sneasler! For information on how to participate check out the <a href=\"https:\/\/www.smogon.com\/forums\/threads\/sv-national-dex-suspect-8-just-dance.3731534\/\">suspect thread<\/a>.<\/strong><\/div>\n|j|\u2606ikun321\n|j|\u2606zxcvbnm134\n|t:|1701078180\n|gametype|singles\n|player|p1|ikun321|266|1420\n|player|p2|zxcvbnm134|102|1394\n|teamsize|p1|6\n|teamsize|p2|6\n|gen|9\n|tier|[Gen 9] National Dex\n|rated|\n|rule|HP Percentage Mod: HP is shown in percentages\n|rule|Endless Battle Clause: Forcing endless battles is banned\n|rule|OHKO Clause: OHKO moves are banned\n|rule|Evasion Clause: Evasion abilities, items, and moves are banned\n|rule|Evasion Abilities Clause: Evasion abilities are banned\n|rule|Evasion Items Clause: Evasion items are banned\n|rule|Evasion Moves Clause: Evasion moves are banned\n|rule|Species Clause: Limit one of each Pok\u00e9mon\n|rule|Sleep Clause Mod: Limit one foe put to sleep\n|clearpoke\n|poke|p1|Corviknight, M|\n|poke|p1|Banette, F|\n|poke|p1|Rillaboom, F|\n|poke|p1|Slowking-Galar, F|\n|poke|p1|Garganacl, M|\n|poke|p1|Great Tusk|\n|poke|p2|Greninja-*, M|\n|poke|p2|Sinistcha|\n|poke|p2|Corviknight, F|\n|poke|p2|Ting-Lu|\n|poke|p2|Dragonite, F|\n|poke|p2|Charizard, M|\n|teampreview\n|inactive|Battle timer is ON: inactive players will automatically lose when time's up. (requested by zxcvbnm134)\n|inactive|ikun321 also wants the timer to be on.\n|\n|t:|1701078199\n|start\n|switch|p1a: Rillaboom|Rillaboom, F|100\/100\n|switch|p2a: Corviknight|Corviknight, F|100\/100\n|-fieldstart|move: Grassy Terrain|[from] ability: Grassy Surge|[of] p1a: Rillaboom\n|turn|1\n|\n|t:|1701078209\n|switch|p1a: Garganacl|Garganacl, M|100\/100\n|move|p2a: Corviknight|Brave Bird|p1a: Garganacl\n|-resisted|p1a: Garganacl\n|-damage|p1a: Garganacl|89\/100\n|-damage|p2a: Corviknight|97\/100|[from] Recoil\n|\n|-heal|p1a: Garganacl|95\/100|[from] Grassy Terrain\n|-heal|p1a: Garganacl|100\/100|[from] item: Leftovers\n|upkeep\n|turn|2\n|\n|t:|1701078220\n|move|p2a: Corviknight|Body Press|p1a: Garganacl\n|-supereffective|p1a: Garganacl\n|-damage|p1a: Garganacl|66\/100\n|move|p1a: Garganacl|Stealth Rock|p2a: Corviknight\n|-sidestart|p2: zxcvbnm134|move: Stealth Rock\n|\n|-heal|p1a: Garganacl|72\/100|[from] Grassy Terrain\n|-heal|p1a: Garganacl|78\/100|[from] item: Leftovers\n|upkeep\n|turn|3\n|\n|t:|1701078225\n|move|p1a: Garganacl|Protect|p1a: Garganacl\n|-singleturn|p1a: Garganacl|Protect\n|move|p2a: Corviknight|Defog|p1a: Garganacl\n|-activate|p1a: Garganacl|move: Protect\n|\n|-heal|p1a: Garganacl|84\/100|[from] Grassy Terrain\n|-heal|p1a: Garganacl|91\/100|[from] item: Leftovers\n|upkeep\n|turn|4\n|\n|t:|1701078231\n|move|p2a: Corviknight|Defog|p1a: Garganacl\n|-unboost|p1a: Garganacl|evasion|1\n|-sideend|p2: zxcvbnm134|Stealth Rock|[from] move: Defog|[of] p2a: Corviknight\n|-fieldend|move: Grassy Terrain\n|move|p1a: Garganacl|Salt Cure|p2a: Corviknight\n|-damage|p2a: Corviknight|89\/100\n|-start|p2a: Corviknight|Salt Cure\n|\n|-heal|p1a: Garganacl|97\/100|[from] item: Leftovers\n|-damage|p2a: Corviknight|64\/100|[from] Salt Cure\n|upkeep\n|turn|5\n|\n|t:|1701078238\n|move|p2a: Corviknight|Body Press|p1a: Garganacl\n|-supereffective|p1a: Garganacl\n|-damage|p1a: Garganacl|58\/100\n|move|p1a: Garganacl|Stealth Rock|p2a: Corviknight\n|-sidestart|p2: zxcvbnm134|move: Stealth Rock\n|\n|-heal|p1a: Garganacl|64\/100|[from] item: Leftovers\n|-damage|p2a: Corviknight|39\/100|[from] Salt Cure\n|upkeep\n|turn|6\n|\n|t:|1701078245\n|move|p1a: Garganacl|Protect|p1a: Garganacl\n|-singleturn|p1a: Garganacl|Protect\n|move|p2a: Corviknight|Defog|p1a: Garganacl\n|-activate|p1a: Garganacl|move: Protect\n|\n|-heal|p1a: Garganacl|71\/100|[from] item: Leftovers\n|-damage|p2a: Corviknight|14\/100|[from] Salt Cure\n|upkeep\n|turn|7\n|\n|t:|1701078248\n|move|p2a: Corviknight|Roost|p2a: Corviknight\n|-heal|p2a: Corviknight|64\/100\n|-singleturn|p2a: Corviknight|move: Roost\n|move|p1a: Garganacl|Stealth Rock||[still]\n|-fail|p1a: Garganacl\n|\n|-heal|p1a: Garganacl|77\/100|[from] item: Leftovers\n|-damage|p2a: Corviknight|39\/100|[from] Salt Cure\n|upkeep\n|turn|8\n|\n|t:|1701078251\n|move|p1a: Garganacl|Protect|p1a: Garganacl\n|-singleturn|p1a: Garganacl|Protect\n|move|p2a: Corviknight|Roost|p2a: Corviknight\n|-heal|p2a: Corviknight|89\/100\n|-singleturn|p2a: Corviknight|move: Roost\n|\n|-heal|p1a: Garganacl|83\/100|[from] item: Leftovers\n|-damage|p2a: Corviknight|64\/100|[from] Salt Cure\n|upkeep\n|turn|9\n|\n|t:|1701078257\n|move|p2a: Corviknight|Defog|p1a: Garganacl\n|-unboost|p1a: Garganacl|evasion|1\n|-sideend|p2: zxcvbnm134|Stealth Rock|[from] move: Defog|[of] p2a: Corviknight\n|move|p1a: Garganacl|Stealth Rock|p2a: Corviknight\n|-sidestart|p2: zxcvbnm134|move: Stealth Rock\n|\n|-heal|p1a: Garganacl|89\/100|[from] item: Leftovers\n|-damage|p2a: Corviknight|39\/100|[from] Salt Cure\n|upkeep\n|turn|10\n|\n|t:|1701078265\n|switch|p1a: Banette|Banette, F|100\/100\n|-item|p2a: Corviknight|Rocky Helmet|[from] ability: Frisk|[of] p1a: Banette|[identify]\n|move|p2a: Corviknight|Roost|p2a: Corviknight\n|-heal|p2a: Corviknight|89\/100\n|-singleturn|p2a: Corviknight|move: Roost\n|\n|-damage|p2a: Corviknight|64\/100|[from] Salt Cure\n|upkeep\n|turn|11\n|\n|t:|1701078274\n|detailschange|p1a: Banette|Banette-Mega, F\n|-mega|p1a: Banette|Banette|Banettite\n|move|p1a: Banette|Encore|p2a: Corviknight\n|-start|p2a: Corviknight|Encore\n|move|p2a: Corviknight|Roost|p2a: Corviknight\n|-heal|p2a: Corviknight|100\/100\n|-singleturn|p2a: Corviknight|move: Roost\n|\n|-damage|p2a: Corviknight|75\/100|[from] Salt Cure\n|upkeep\n|turn|12\n|\n|t:|1701078286\n|switch|p2a: Greninja|Greninja, M|100\/100\n|-damage|p2a: Greninja|88\/100|[from] Stealth Rock\n|move|p1a: Banette|Poltergeist|p2a: Greninja\n|-activate|p2a: Greninja|move: Poltergeist|Waterium Z\n|-resisted|p2a: Greninja\n|-damage|p2a: Greninja|22\/100\n|\n|upkeep\n|turn|13\n|\n|t:|1701078292\n|switch|p1a: Slowking|Slowking-Galar, F|100\/100\n|-zpower|p2a: Greninja\n|move|p2a: Greninja|Hydro Vortex|p1a: Slowking|[zeffect]\n|-damage|p1a: Slowking|49\/100\n|\n|upkeep\n|turn|14\n|\n|t:|1701078308\n|move|p2a: Greninja|Dark Pulse|p1a: Slowking\n|-supereffective|p1a: Slowking\n|-damage|p1a: Slowking|9\/100\n|move|p1a: Slowking|Sludge Bomb|p2a: Greninja\n|-damage|p2a: Greninja|0 fnt\n|faint|p2a: Greninja\n|\n|upkeep\n|\n|t:|1701078315\n|switch|p2a: Corviknight|Corviknight, F|75\/100\n|-damage|p2a: Corviknight|63\/100|[from] Stealth Rock\n|turn|15\n|\n|t:|1701078329\n|switch|p1a: Garganacl|Garganacl, M|89\/100\n|move|p2a: Corviknight|Defog|p1a: Garganacl\n|-unboost|p1a: Garganacl|evasion|1\n|-sideend|p2: zxcvbnm134|Stealth Rock|[from] move: Defog|[of] p2a: Corviknight\n|\n|-heal|p1a: Garganacl|95\/100|[from] item: Leftovers\n|upkeep\n|turn|16\n|\n|t:|1701078335\n|switch|p2a: Charizard|Charizard, M, shiny|100\/100\n|move|p1a: Garganacl|Stealth Rock|p2a: Charizard\n|-sidestart|p2: zxcvbnm134|move: Stealth Rock\n|\n|-heal|p1a: Garganacl|100\/100|[from] item: Leftovers\n|upkeep\n|turn|17\n|\n|t:|1701078342\n|detailschange|p2a: Charizard|Charizard-Mega-Y, M, shiny\n|-mega|p2a: Charizard|Charizard|Charizardite Y\n|-weather|SunnyDay|[from] ability: Drought|[of] p2a: Charizard\n|move|p2a: Charizard|Scorching Sands|p1a: Garganacl\n|-supereffective|p1a: Garganacl\n|-damage|p1a: Garganacl|66\/100\n|move|p1a: Garganacl|Salt Cure|p2a: Charizard\n|-supereffective|p2a: Charizard\n|-damage|p2a: Charizard|18\/100\n|-start|p2a: Charizard|Salt Cure\n|\n|-weather|SunnyDay|[upkeep]\n|-heal|p1a: Garganacl|73\/100|[from] item: Leftovers\n|-damage|p2a: Charizard|6\/100|[from] Salt Cure\n|upkeep\n|turn|18\n|\n|t:|1701078352\n|move|p2a: Charizard|Solar Beam||[still]\n|-prepare|p2a: Charizard|Solar Beam\n|-anim|p2a: Charizard|Solar Beam|p1a: Garganacl\n|-supereffective|p1a: Garganacl\n|-damage|p1a: Garganacl|5\/100\n|move|p1a: Garganacl|Salt Cure|p2a: Charizard\n|-supereffective|p2a: Charizard\n|-damage|p2a: Charizard|0 fnt\n|faint|p2a: Charizard\n|\n|-weather|SunnyDay|[upkeep]\n|-heal|p1a: Garganacl|11\/100|[from] item: Leftovers\n|upkeep\n|\n|t:|1701078358\n|switch|p2a: Dragonite|Dragonite, F|100\/100\n|-damage|p2a: Dragonite|76\/100|[from] Stealth Rock\n|turn|19\n|\n|t:|1701078371\n|switch|p1a: Corviknight|Corviknight, M|100\/100\n|-ability|p1a: Corviknight|Pressure\n|-terastallize|p2a: Dragonite|Normal\n|move|p2a: Dragonite|Earthquake|p1a: Corviknight\n|-immune|p1a: Corviknight\n|\n|-weather|SunnyDay|[upkeep]\n|upkeep\n|turn|20\n|\n|t:|1701078382\n|switch|p2a: Sinistcha|Sinistcha|100\/100\n|-damage|p2a: Sinistcha|88\/100|[from] Stealth Rock\n|move|p1a: Corviknight|U-turn|p2a: Sinistcha\n|-damage|p2a: Sinistcha|78\/100\n|\n|t:|1701078395\n|switch|p1a: Banette|Banette-Mega, F|100\/100|[from] U-turn\n|\n|-weather|SunnyDay|[upkeep]\n|-heal|p2a: Sinistcha|84\/100|[from] item: Leftovers\n|upkeep\n|turn|21\n|\n|t:|1701078403\n|move|p1a: Banette|Pursuit|p2a: Sinistcha\n|-supereffective|p2a: Sinistcha\n|-damage|p2a: Sinistcha|55\/100\n|move|p2a: Sinistcha|Calm Mind|p2a: Sinistcha\n|-boost|p2a: Sinistcha|spa|1\n|-boost|p2a: Sinistcha|spd|1\n|\n|-weather|none\n|-heal|p2a: Sinistcha|61\/100|[from] item: Leftovers\n|upkeep\n|turn|22\n|\n|t:|1701078414\n|move|p1a: Banette|Encore|p2a: Sinistcha\n|-start|p2a: Sinistcha|Encore\n|move|p2a: Sinistcha|Calm Mind|p2a: Sinistcha\n|-boost|p2a: Sinistcha|spa|1\n|-boost|p2a: Sinistcha|spd|1\n|\n|-heal|p2a: Sinistcha|67\/100|[from] item: Leftovers\n|upkeep\n|turn|23\n|\n|t:|1701078419\n|move|p1a: Banette|Poltergeist|p2a: Sinistcha\n|-activate|p2a: Sinistcha|move: Poltergeist|Leftovers\n|-supereffective|p2a: Sinistcha\n|-damage|p2a: Sinistcha|0 fnt\n|faint|p2a: Sinistcha\n|\n|upkeep\n|\n|t:|1701078424\n|switch|p2a: Dragonite|Dragonite, F, tera:Normal|76\/100\n|-damage|p2a: Dragonite|63\/100|[from] Stealth Rock\n|turn|24\n|\n|t:|1701078429\n|switch|p1a: Corviknight|Corviknight, M|100\/100\n|-ability|p1a: Corviknight|Pressure\n|move|p2a: Dragonite|Thunder Punch|p1a: Corviknight\n|-supereffective|p1a: Corviknight\n|-damage|p1a: Corviknight|50\/100\n|\n|upkeep\n|turn|25\n|\n|t:|1701078436\n|switch|p1a: Great Tusk|Great Tusk|100\/100\n|move|p2a: Dragonite|Thunder Punch|p1a: Great Tusk\n|-immune|p1a: Great Tusk\n|\n|upkeep\n|turn|26\n|\n|t:|1701078440\n|switch|p2a: Ting-Lu|Ting-Lu|100\/100\n|-damage|p2a: Ting-Lu|94\/100|[from] Stealth Rock\n|-ability|p2a: Ting-Lu|Vessel of Ruin\n|move|p1a: Great Tusk|Close Combat|p2a: Ting-Lu\n|-supereffective|p2a: Ting-Lu\n|-damage|p2a: Ting-Lu|22\/100\n|-unboost|p1a: Great Tusk|def|1\n|-unboost|p1a: Great Tusk|spd|1\n|\n|-heal|p2a: Ting-Lu|28\/100|[from] item: Leftovers\n|upkeep\n|turn|27\n|\n|t:|1701078447\n|move|p1a: Great Tusk|Close Combat|p2a: Ting-Lu\n|-supereffective|p2a: Ting-Lu\n|-damage|p2a: Ting-Lu|0 fnt\n|-unboost|p1a: Great Tusk|def|1\n|-unboost|p1a: Great Tusk|spd|1\n|faint|p2a: Ting-Lu\n|\n|upkeep\n|-message|zxcvbnm134 forfeited.\n|\n|win|ikun321\n|raw|ikun321's rating: 1420 &rarr; <strong>1439<\/strong><br \/>(+19 for winning)\n|raw|zxcvbnm134's rating: 1394 &rarr; <strong>1375<\/strong><br \/>(-19 for losing)\n|l|\u2606zxcvbnm134\n","uploadtime":1701078454,"views":3,"p1id":"ikun321","p2id":"zxcvbnm134","formatid":"gen9nationaldex","rating":1375,"private":0,"password":""}