{"id":"gen9nationaldex-1990985695","p1":"GuardianRedPanda","p2":"IceBerryCoffee","format":"[Gen 9] National Dex","log":"|j|\u2606GuardianRedPanda\n|j|\u2606IceBerryCoffee\n|t:|1700023542\n|gametype|singles\n|player|p1|GuardianRedPanda|170|1137\n|player|p2|IceBerryCoffee|2|1248\n|teamsize|p1|6\n|teamsize|p2|6\n|gen|9\n|tier|[Gen 9] National Dex\n|rated|\n|rule|HP Percentage Mod: HP is shown in percentages\n|rule|Endless Battle Clause: Forcing endless battles is banned\n|rule|OHKO Clause: OHKO moves are banned\n|rule|Evasion Clause: Evasion abilities, items, and moves are banned\n|rule|Evasion Abilities Clause: Evasion abilities are banned\n|rule|Evasion Items Clause: Evasion items are banned\n|rule|Evasion Moves Clause: Evasion moves are banned\n|rule|Species Clause: Limit one of each Pok\u00e9mon\n|rule|Sleep Clause Mod: Limit one foe put to sleep\n|clearpoke\n|poke|p1|Octillery, F|\n|poke|p1|Moltres-Galar|\n|poke|p1|Skeledirge, M|\n|poke|p1|Iron Treads|\n|poke|p1|Beedrill, F|\n|poke|p1|Duraludon, M|\n|poke|p2|Corviknight, F|\n|poke|p2|Ting-Lu|\n|poke|p2|Lopunny, F|\n|poke|p2|Rillaboom, M|\n|poke|p2|Munkidori, M|\n|poke|p2|Blacephalon|\n|teampreview\n|inactive|Battle timer is ON: inactive players will automatically lose when time's up. (requested by IceBerryCoffee)\n|\n|t:|1700023554\n|start\n|switch|p1a: Skeledirge|Skeledirge, M|100\/100\n|switch|p2a: Ting-Lu|Ting-Lu|100\/100\n|-ability|p2a: Ting-Lu|Vessel of Ruin\n|turn|1\n|\n|t:|1700023569\n|move|p1a: Skeledirge|Will-O-Wisp|p2a: Ting-Lu\n|-status|p2a: Ting-Lu|brn\n|move|p2a: Ting-Lu|Stealth Rock|p1a: Skeledirge\n|-sidestart|p1: GuardianRedPanda|move: Stealth Rock\n|\n|-damage|p2a: Ting-Lu|94\/100 brn|[from] brn\n|upkeep\n|turn|2\n|\n|t:|1700023594\n|move|p1a: Skeledirge|Torch Song|p2a: Ting-Lu\n|-damage|p2a: Ting-Lu|78\/100 brn\n|-boost|p1a: Skeledirge|spa|1\n|move|p2a: Ting-Lu|Ruination|p1a: Skeledirge\n|-damage|p1a: Skeledirge|51\/100\n|\n|-heal|p2a: Ting-Lu|84\/100 brn|[from] item: Leftovers\n|-damage|p2a: Ting-Lu|78\/100 brn|[from] brn\n|upkeep\n|turn|3\n|\n|t:|1700023605\n|move|p1a: Skeledirge|Torch Song|p2a: Ting-Lu\n|-damage|p2a: Ting-Lu|52\/100 brn\n|-boost|p1a: Skeledirge|spa|1\n|move|p2a: Ting-Lu|Whirlwind|p1a: Skeledirge\n|drag|p1a: Beedrill|Beedrill, F|100\/100\n|-damage|p1a: Beedrill|76\/100|[from] Stealth Rock\n|\n|-heal|p2a: Ting-Lu|58\/100 brn|[from] item: Leftovers\n|-damage|p2a: Ting-Lu|52\/100 brn|[from] brn\n|upkeep\n|turn|4\n|\n|t:|1700023621\n|detailschange|p1a: Beedrill|Beedrill-Mega, F\n|-mega|p1a: Beedrill|Beedrill|Beedrillite\n|move|p1a: Beedrill|Fell Stinger|p2a: Ting-Lu\n|-supereffective|p2a: Ting-Lu\n|-damage|p2a: Ting-Lu|9\/100 brn\n|move|p2a: Ting-Lu|Whirlwind|p1a: Beedrill\n|drag|p1a: Duraludon|Duraludon, M|100\/100\n|-damage|p1a: Duraludon|94\/100|[from] Stealth Rock\n|\n|-heal|p2a: Ting-Lu|15\/100 brn|[from] item: Leftovers\n|-damage|p2a: Ting-Lu|9\/100 brn|[from] brn\n|upkeep\n|turn|5\n|\n|t:|1700023634\n|move|p1a: Duraludon|Body Press|p2a: Ting-Lu\n|-supereffective|p2a: Ting-Lu\n|-damage|p2a: Ting-Lu|0 fnt\n|faint|p2a: Ting-Lu\n|\n|upkeep\n|\n|t:|1700023644\n|switch|p2a: Rillaboom|Rillaboom, M|100\/100\n|-fieldstart|move: Grassy Terrain|[from] ability: Grassy Surge|[of] p2a: Rillaboom\n|turn|6\n|\n|t:|1700023659\n|move|p2a: Rillaboom|Swords Dance|p2a: Rillaboom\n|-boost|p2a: Rillaboom|atk|2\n|move|p1a: Duraludon|Thunder Wave|p2a: Rillaboom\n|-status|p2a: Rillaboom|par\n|\n|-heal|p1a: Duraludon|100\/100|[from] Grassy Terrain\n|upkeep\n|turn|7\n|\n|t:|1700023671\n|move|p1a: Duraludon|Steel Beam|p2a: Rillaboom\n|-damage|p2a: Rillaboom|10\/100 par\n|-damage|p1a: Duraludon|50\/100|[from] steelbeam\n|move|p2a: Rillaboom|Superpower|p1a: Duraludon\n|-supereffective|p1a: Duraludon\n|-damage|p1a: Duraludon|0 fnt\n|-unboost|p2a: Rillaboom|atk|1\n|-unboost|p2a: Rillaboom|def|1\n|-damage|p2a: Rillaboom|0 fnt|[from] item: Rocky Helmet|[of] p1a: Duraludon\n|faint|p1a: Duraludon\n|faint|p2a: Rillaboom\n|\n|upkeep\n|\n|t:|1700023689\n|switch|p2a: Munkidori|Munkidori, M|100\/100\n|switch|p1a: Octillery|Octillery, F|100\/100\n|-damage|p1a: Octillery|88\/100|[from] Stealth Rock\n|turn|8\n|\n|t:|1700023702\n|move|p2a: Munkidori|Sludge Wave|p1a: Octillery\n|-damage|p1a: Octillery|19\/100\n|move|p1a: Octillery|Hydro Pump|p2a: Munkidori\n|-damage|p2a: Munkidori|36\/100\n|\n|-heal|p2a: Munkidori|42\/100|[from] Grassy Terrain\n|-heal|p1a: Octillery|25\/100|[from] Grassy Terrain\n|upkeep\n|turn|9\n|\n|t:|1700023711\n|move|p2a: Munkidori|Sludge Wave|p1a: Octillery\n|-damage|p1a: Octillery|0 fnt\n|faint|p1a: Octillery\n|\n|-heal|p2a: Munkidori|48\/100|[from] Grassy Terrain\n|upkeep\n|inactive|GuardianRedPanda has 120 seconds left.\n|\n|t:|1700023735\n|switch|p1a: Beedrill|Beedrill-Mega, F|76\/100\n|-damage|p1a: Beedrill|51\/100|[from] Stealth Rock\n|turn|10\n|\n|t:|1700023740\n|switch|p2a: Corviknight|Corviknight, F|100\/100\n|-ability|p2a: Corviknight|Pressure\n|move|p1a: Beedrill|Fell Stinger|p2a: Corviknight\n|-resisted|p2a: Corviknight\n|-damage|p2a: Corviknight|94\/100\n|-damage|p1a: Beedrill|34\/100|[from] item: Rocky Helmet|[of] p2a: Corviknight\n|\n|-heal|p1a: Beedrill|40\/100|[from] Grassy Terrain\n|-fieldend|move: Grassy Terrain\n|upkeep\n|turn|11\n|\n|t:|1700023752\n|switch|p1a: Skeledirge|Skeledirge, M|51\/100\n|-damage|p1a: Skeledirge|26\/100|[from] Stealth Rock\n|move|p2a: Corviknight|U-turn|p1a: Skeledirge\n|-resisted|p1a: Skeledirge\n|-damage|p1a: Skeledirge|23\/100\n|-damage|p2a: Corviknight|77\/100|[from] item: Rocky Helmet|[of] p1a: Skeledirge\n|\n|t:|1700023761\n|switch|p2a: Blacephalon|Blacephalon|100\/100|[from] U-turn\n|\n|upkeep\n|turn|12\n|\n|t:|1700023770\n|move|p2a: Blacephalon|Shadow Ball|p1a: Skeledirge\n|-supereffective|p1a: Skeledirge\n|-damage|p1a: Skeledirge|0 fnt\n|faint|p1a: Skeledirge\n|-ability|p2a: Blacephalon|Beast Boost|boost\n|-boost|p2a: Blacephalon|spa|1\n|\n|upkeep\n|\n|t:|1700023785\n|switch|p1a: Moltres|Moltres-Galar|100\/100\n|-damage|p1a: Moltres|76\/100|[from] Stealth Rock\n|turn|13\n|\n|t:|1700023799\n|switch|p2a: Corviknight|Corviknight, F|77\/100\n|-ability|p2a: Corviknight|Pressure\n|-terastallize|p1a: Moltres|Dark\n|move|p1a: Moltres|Agility|p1a: Moltres\n|-boost|p1a: Moltres|spe|2\n|\n|upkeep\n|turn|14\n|\n|t:|1700023808\n|move|p1a: Moltres|Fiery Wrath|p2a: Corviknight\n|-damage|p2a: Corviknight|29\/100\n|move|p2a: Corviknight|U-turn|p1a: Moltres\n|-supereffective|p1a: Moltres\n|-damage|p1a: Moltres|40\/100\n|-enditem|p1a: Moltres|Weakness Policy\n|-boost|p1a: Moltres|atk|2|[from] item: Weakness Policy\n|-boost|p1a: Moltres|spa|2|[from] item: Weakness Policy\n|-ability|p1a: Moltres|Berserk|boost\n|-boost|p1a: Moltres|spa|1\n|\n|t:|1700023816\n|switch|p2a: Lopunny|Lopunny, F|100\/100|[from] U-turn\n|\n|upkeep\n|turn|15\n|\n|t:|1700023822\n|detailschange|p2a: Lopunny|Lopunny-Mega, F\n|-mega|p2a: Lopunny|Lopunny|Lopunnite\n|move|p2a: Lopunny|Fake Out|p1a: Moltres\n|-damage|p1a: Moltres|16\/100\n|cant|p1a: Moltres|flinch\n|\n|upkeep\n|turn|16\n|\n|t:|1700023828\n|switch|p2a: Corviknight|Corviknight, F|29\/100\n|-ability|p2a: Corviknight|Pressure\n|move|p1a: Moltres|Fiery Wrath|p2a: Corviknight\n|-damage|p2a: Corviknight|0 fnt\n|faint|p2a: Corviknight\n|\n|upkeep\n|\n|t:|1700023836\n|switch|p2a: Lopunny|Lopunny-Mega, F|100\/100\n|turn|17\n|\n|t:|1700023843\n|move|p2a: Lopunny|Fake Out|p1a: Moltres\n|-damage|p1a: Moltres|0 fnt\n|faint|p1a: Moltres\n|\n|upkeep\n|\n|t:|1700023851\n|switch|p1a: Beedrill|Beedrill-Mega, F|40\/100\n|-damage|p1a: Beedrill|16\/100|[from] Stealth Rock\n|turn|18\n|\n|t:|1700023865\n|switch|p2a: Munkidori|Munkidori, M|48\/100\n|move|p1a: Beedrill|Poison Jab|p2a: Munkidori\n|-resisted|p2a: Munkidori\n|-damage|p2a: Munkidori|1\/100\n|\n|upkeep\n|turn|19\n|\n|t:|1700023872\n|move|p2a: Munkidori|Psychic|p1a: Beedrill\n|-supereffective|p1a: Beedrill\n|-damage|p1a: Beedrill|0 fnt\n|faint|p1a: Beedrill\n|\n|upkeep\n|\n|t:|1700023877\n|switch|p1a: Iron Treads|Iron Treads|100\/100\n|-damage|p1a: Iron Treads|97\/100|[from] Stealth Rock\n|turn|20\n|\n|t:|1700023883\n|move|p2a: Munkidori|Psychic|p1a: Iron Treads\n|-resisted|p1a: Iron Treads\n|-damage|p1a: Iron Treads|75\/100\n|move|p1a: Iron Treads|Rapid Spin|p2a: Munkidori\n|-damage|p2a: Munkidori|0 fnt\n|-boost|p1a: Iron Treads|spe|1\n|-sideend|p1: GuardianRedPanda|Stealth Rock|[from] move: Rapid Spin|[of] p1a: Iron Treads\n|faint|p2a: Munkidori\n|\n|upkeep\n|\n|t:|1700023891\n|switch|p2a: Blacephalon|Blacephalon|100\/100\n|turn|21\n|\n|t:|1700023903\n|-terastallize|p2a: Blacephalon|Fire\n|move|p2a: Blacephalon|Flamethrower|p1a: Iron Treads\n|-supereffective|p1a: Iron Treads\n|-damage|p1a: Iron Treads|0 fnt\n|faint|p1a: Iron Treads\n|-end|p1a: Iron Treads|Quark Drive|[silent]\n|\n|win|IceBerryCoffee\n|raw|GuardianRedPanda's rating: 1137 &rarr; <strong>1120<\/strong><br \/>(-17 for losing)\n|raw|IceBerryCoffee's rating: 1248 &rarr; <strong>1265<\/strong><br \/>(+17 for winning)\n|l|\u2606GuardianRedPanda\n","uploadtime":1700023911,"views":4,"p1id":"guardianredpanda","p2id":"iceberrycoffee","formatid":"gen9nationaldex","rating":1120,"private":0,"password":""}