{"id":"gen9nationaldex-1988263462","p1":"xiaoheizi114514","p2":"taoke","format":"[Gen 9] National Dex","log":"|j|\u2606xiaoheizi114514\n|j|\u2606taoke\n|t:|1699697296\n|gametype|singles\n|player|p1|xiaoheizi114514|cyclist|\n|player|p2|taoke|cyclist|\n|teamsize|p1|6\n|teamsize|p2|6\n|gen|9\n|tier|[Gen 9] National Dex\n|rated|Tournament battle\n|rule|HP Percentage Mod: HP is shown in percentages\n|rule|Endless Battle Clause: Forcing endless battles is banned\n|rule|OHKO Clause: OHKO moves are banned\n|rule|Evasion Clause: Evasion abilities, items, and moves are banned\n|rule|Evasion Abilities Clause: Evasion abilities are banned\n|rule|Evasion Items Clause: Evasion items are banned\n|rule|Evasion Moves Clause: Evasion moves are banned\n|rule|Species Clause: Limit one of each Pok\u00e9mon\n|rule|Sleep Clause Mod: Limit one foe put to sleep\n|clearpoke\n|poke|p1|Dondozo, M|\n|poke|p1|Corviknight, M|\n|poke|p1|Blissey, F|\n|poke|p1|Clefable, F|\n|poke|p1|Tornadus-Therian, M|\n|poke|p1|Gliscor, F|\n|poke|p2|Zamazenta-*|\n|poke|p2|Vaporeon, F|\n|poke|p2|Umbreon, F|\n|poke|p2|Jolteon, M|\n|poke|p2|Espeon, M|\n|poke|p2|Sylveon, F|\n|teampreview\n|j| XYStarshone.\u6c34\u706b\u4fa0\u661f\u8000\n|j| hainiumm\n|j| xdswl\n|j| THBD differents\n|j| SleepingAbC\n|l| THBD differents\n|c|\u2606xiaoheizi114514|\u9003\u8bfe\u8001\u5e08\u597d\n|j| FMRMPL\n|\n|t:|1699697312\n|start\n|switch|p1a: Blissey|Blissey, F|100\/100\n|switch|p2a: Espeon|Espeon, M|100\/100\n|turn|1\n|\n|t:|1699697324\n|switch|p1a: Clefable|Clefable, F|100\/100\n|move|p2a: Espeon|Calm Mind|p2a: Espeon\n|-boost|p2a: Espeon|spa|1\n|-boost|p2a: Espeon|spd|1\n|\n|upkeep\n|turn|2\n|\n|t:|1699697326\n|move|p2a: Espeon|Calm Mind|p2a: Espeon\n|-boost|p2a: Espeon|spa|1\n|-boost|p2a: Espeon|spd|1\n|move|p1a: Clefable|Moonblast|p2a: Espeon\n|-damage|p2a: Espeon|68\/100\n|-unboost|p2a: Espeon|spa|1\n|\n|-heal|p2a: Espeon|74\/100|[from] item: Leftovers\n|upkeep\n|turn|3\n|\n|t:|1699697329\n|move|p2a: Espeon|Calm Mind|p2a: Espeon\n|-boost|p2a: Espeon|spa|1\n|-boost|p2a: Espeon|spd|1\n|move|p1a: Clefable|Moonblast|p2a: Espeon\n|-crit|p2a: Espeon\n|-damage|p2a: Espeon|24\/100\n|\n|-heal|p2a: Espeon|30\/100|[from] item: Leftovers\n|upkeep\n|turn|4\n|\n|t:|1699697338\n|switch|p1a: Tornadus|Tornadus-Therian, M|100\/100\n|move|p2a: Espeon|Morning Sun|p2a: Espeon\n|-heal|p2a: Espeon|80\/100\n|\n|-heal|p2a: Espeon|86\/100|[from] item: Leftovers\n|upkeep\n|turn|5\n|c|\u2606taoke|\u665a\u4e0a\u597d\n|\n|t:|1699697350\n|move|p1a: Tornadus|Knock Off|p2a: Espeon\n|-supereffective|p2a: Espeon\n|-damage|p2a: Espeon|31\/100\n|-enditem|p2a: Espeon|Leftovers|[from] move: Knock Off|[of] p1a: Tornadus\n|move|p2a: Espeon|Stored Power|p1a: Tornadus\n|-damage|p1a: Tornadus|0 fnt\n|faint|p1a: Tornadus\n|\n|upkeep\n|j| lightank\n|\n|t:|1699697357\n|switch|p1a: Blissey|Blissey, F|100\/100\n|turn|6\n|j| hbgzd\n|\n|t:|1699697359\n|move|p2a: Espeon|Morning Sun|p2a: Espeon\n|-heal|p2a: Espeon|81\/100\n|move|p1a: Blissey|Calm Mind|p1a: Blissey\n|-boost|p1a: Blissey|spa|1\n|-boost|p1a: Blissey|spd|1\n|\n|upkeep\n|turn|7\n|\n|t:|1699697363\n|move|p2a: Espeon|Calm Mind|p2a: Espeon\n|-boost|p2a: Espeon|spa|1\n|-boost|p2a: Espeon|spd|1\n|move|p1a: Blissey|Calm Mind|p1a: Blissey\n|-boost|p1a: Blissey|spa|1\n|-boost|p1a: Blissey|spd|1\n|\n|upkeep\n|turn|8\n|\n|t:|1699697365\n|move|p2a: Espeon|Calm Mind|p2a: Espeon\n|-boost|p2a: Espeon|spa|1\n|-boost|p2a: Espeon|spd|1\n|move|p1a: Blissey|Calm Mind|p1a: Blissey\n|-boost|p1a: Blissey|spa|1\n|-boost|p1a: Blissey|spd|1\n|\n|upkeep\n|turn|9\n|\n|t:|1699697368\n|move|p2a: Espeon|Calm Mind|p2a: Espeon\n|-boost|p2a: Espeon|spa|1\n|-boost|p2a: Espeon|spd|1\n|move|p1a: Blissey|Calm Mind|p1a: Blissey\n|-boost|p1a: Blissey|spa|1\n|-boost|p1a: Blissey|spd|1\n|\n|upkeep\n|turn|10\n|\n|t:|1699697372\n|move|p2a: Espeon|Calm Mind|p2a: Espeon\n|-boost|p2a: Espeon|spa|1\n|-boost|p2a: Espeon|spd|0\n|move|p1a: Blissey|Calm Mind|p1a: Blissey\n|-boost|p1a: Blissey|spa|1\n|-boost|p1a: Blissey|spd|1\n|\n|upkeep\n|turn|11\n|\n|t:|1699697374\n|move|p2a: Espeon|Stored Power|p1a: Blissey\n|-damage|p1a: Blissey|50\/100\n|move|p1a: Blissey|Calm Mind|p1a: Blissey\n|-boost|p1a: Blissey|spa|1\n|-boost|p1a: Blissey|spd|1\n|\n|-heal|p1a: Blissey|57\/100|[from] item: Leftovers\n|upkeep\n|turn|12\n|c| lightank|\u6211\u89c9\u5f97\n|\n|t:|1699697379\n|move|p1a: Blissey|Protect|p1a: Blissey\n|-singleturn|p1a: Blissey|Protect\n|move|p2a: Espeon|Stored Power|p1a: Blissey\n|-activate|p1a: Blissey|move: Protect\n|\n|-heal|p1a: Blissey|63\/100|[from] item: Leftovers\n|upkeep\n|turn|13\n|c| lightank|\u6709\u8e4a\u8df7\n|\n|t:|1699697386\n|move|p2a: Espeon|Stored Power|p1a: Blissey\n|-damage|p1a: Blissey|18\/100\n|move|p1a: Blissey|Wish|p1a: Blissey\n|\n|-heal|p1a: Blissey|24\/100|[from] item: Leftovers\n|upkeep\n|turn|14\n|j| AGisgood\u82cd\u54cd\u4fa0\n|c| SleepingAbC|\u770b\u8c01\u5148ct\n|c| xdswl|\u8fd9\u4e2a\u51a5\u60f3\u5927\u86cb\u662f\u4ec0\u4e48\u2026\u2026\n|c| XYStarshone.\u6c34\u706b\u4fa0\u661f\u8000|\u5408\u7406\u5427\n|c| xdswl|\u597d\u602a\u554a\n|\n|t:|1699697410\n|move|p1a: Blissey|Protect|p1a: Blissey\n|-singleturn|p1a: Blissey|Protect\n|move|p2a: Espeon|Stored Power|p1a: Blissey\n|-activate|p1a: Blissey|move: Protect\n|\n|-heal|p1a: Blissey|74\/100|[from] move: Wish|[wisher] Blissey\n|-heal|p1a: Blissey|80\/100|[from] item: Leftovers\n|upkeep\n|turn|15\n|c| SleepingAbC|\u7528\u6765\u6076\u5fc3\u5bcc\u8c6a\u548c\u8840\u6708\u7684\u5427\n|\n|t:|1699697415\n|move|p2a: Espeon|Stored Power|p1a: Blissey\n|-damage|p1a: Blissey|43\/100\n|move|p1a: Blissey|Wish|p1a: Blissey\n|\n|-heal|p1a: Blissey|49\/100|[from] item: Leftovers\n|upkeep\n|turn|16\n|c| XYStarshone.\u6c34\u706b\u4fa0\u661f\u8000|\u4f46\u662f\u4ed6\u4eec\u90fd\u4f3c\u4e86\u554a\uff08\uff09\n|\n|t:|1699697423\n|switch|p2a: Vaporeon|Vaporeon, F|100\/100\n|move|p1a: Blissey|Protect||[still]\n|-fail|p1a: Blissey\n|\n|-heal|p1a: Blissey|99\/100|[from] move: Wish|[wisher] Blissey\n|-heal|p1a: Blissey|100\/100|[from] item: Leftovers\n|upkeep\n|turn|17\n|\n|t:|1699697427\n|move|p2a: Vaporeon|Haze|p2a: Vaporeon\n|-clearallboost\n|move|p1a: Blissey|Toxic|p2a: Vaporeon\n|-status|p2a: Vaporeon|tox\n|\n|-damage|p2a: Vaporeon|94\/100 tox|[from] psn\n|upkeep\n|turn|18\n|c| xdswl|\u9003\u8001\u5e08\u7684\u8f85\u52a9\u529b\u8981\u6ca1pp\u4e86\uff08\u96fe\n|\n|t:|1699697431\n|switch|p2a: Umbreon|Umbreon, F|100\/100\n|move|p1a: Blissey|Calm Mind|p1a: Blissey\n|-boost|p1a: Blissey|spa|1\n|-boost|p1a: Blissey|spd|1\n|\n|upkeep\n|turn|19\n|\n|t:|1699697436\n|switch|p1a: Clefable|Clefable, F|100\/100\n|move|p2a: Umbreon|Toxic|p1a: Clefable\n|-status|p1a: Clefable|tox\n|\n|-damage|p1a: Clefable|94\/100 tox|[from] psn\n|upkeep\n|turn|20\n|\n|t:|1699697441\n|switch|p2a: Espeon|Espeon, M|81\/100\n|move|p1a: Clefable|Moonblast|p2a: Espeon\n|-damage|p2a: Espeon|47\/100\n|\n|-heal|p1a: Clefable|100\/100 tox|[from] item: Leftovers\n|-damage|p1a: Clefable|88\/100 tox|[from] psn\n|upkeep\n|turn|21\n|c| SleepingAbC|\u65f6\u4ee3\u9057\u7559\u4ea7\u54c1\n|\n|t:|1699697454\n|switch|p1a: Dondozo|Dondozo, M|100\/100\n|move|p2a: Espeon|Morning Sun|p2a: Espeon\n|-heal|p2a: Espeon|97\/100\n|\n|upkeep\n|turn|22\n|\n|t:|1699697458\n|switch|p2a: Umbreon|Umbreon, F|100\/100\n|move|p1a: Dondozo|Wave Crash|p2a: Umbreon\n|-damage|p2a: Umbreon|75\/100\n|-damage|p1a: Dondozo|94\/100|[from] Recoil\n|\n|-heal|p2a: Umbreon|81\/100|[from] item: Leftovers\n|-heal|p1a: Dondozo|99\/100|[from] item: Leftovers\n|upkeep\n|turn|23\n|\n|t:|1699697464\n|switch|p1a: Corviknight|Corviknight, M|100\/100\n|-ability|p1a: Corviknight|Pressure\n|move|p2a: Umbreon|Toxic|p1a: Corviknight\n|-immune|p1a: Corviknight\n|\n|-heal|p2a: Umbreon|88\/100|[from] item: Leftovers\n|upkeep\n|turn|24\n|\n|t:|1699697469\n|move|p1a: Corviknight|Iron Defense|p1a: Corviknight\n|-boost|p1a: Corviknight|def|2\n|move|p2a: Umbreon|Heal Bell|p2a: Umbreon\n|-activate|p2a: Umbreon|move: Heal Bell\n|-curestatus|p2: Vaporeon|tox|[msg]\n|\n|-heal|p2a: Umbreon|94\/100|[from] item: Leftovers\n|upkeep\n|turn|25\n|\n|t:|1699697472\n|switch|p2a: Vaporeon|Vaporeon, F|94\/100\n|move|p1a: Corviknight|Body Press|p2a: Vaporeon\n|-damage|p2a: Vaporeon|56\/100\n|\n|-heal|p2a: Vaporeon|62\/100|[from] item: Leftovers\n|upkeep\n|turn|26\n|c| xdswl|\u6211\u5728\u770b\u4ec0\u4e48\u5462\u2026\u2026\uff08\n|c| XYStarshone.\u6c34\u706b\u4fa0\u661f\u8000|taoke\u8001\u5e08\u7684\u62c6\u624b\u6559\u5ba4\uff08\u786e\u4fe1\uff09\n|\n|t:|1699697479\n|move|p1a: Corviknight|Body Press|p2a: Vaporeon\n|-damage|p2a: Vaporeon|22\/100\n|move|p2a: Vaporeon|Haze|p2a: Vaporeon\n|-clearallboost\n|\n|-heal|p2a: Vaporeon|29\/100|[from] item: Leftovers\n|upkeep\n|turn|27\n|\n|t:|1699697483\n|switch|p1a: Blissey|Blissey, F|100\/100\n|move|p2a: Vaporeon|Wish|p2a: Vaporeon\n|\n|-heal|p2a: Vaporeon|35\/100|[from] item: Leftovers\n|upkeep\n|turn|28\n|j| A3322\n|\n|t:|1699697487\n|move|p2a: Vaporeon|Protect|p2a: Vaporeon\n|-singleturn|p2a: Vaporeon|Protect\n|move|p1a: Blissey|Toxic|p2a: Vaporeon\n|-activate|p2a: Vaporeon|move: Protect\n|\n|-heal|p2a: Vaporeon|85\/100|[from] move: Wish|[wisher] Vaporeon\n|-heal|p2a: Vaporeon|91\/100|[from] item: Leftovers\n|upkeep\n|turn|29\n|\n|t:|1699697501\n|switch|p2a: Espeon|Espeon, M|97\/100\n|move|p1a: Blissey|Toxic|p2a: Espeon\n|move|p2a: Espeon|Toxic|p1a: Blissey|[from]ability: Magic Bounce\n|-status|p1a: Blissey|tox\n|\n|-damage|p1a: Blissey|94\/100 tox|[from] psn\n|upkeep\n|turn|30\n|\n|t:|1699697512\n|-curestatus|p1a: Blissey|tox|[from] ability: Natural Cure\n|switch|p1a: Clefable|Clefable, F|88\/100 tox\n|move|p2a: Espeon|Calm Mind|p2a: Espeon\n|-boost|p2a: Espeon|spa|1\n|-boost|p2a: Espeon|spd|1\n|\n|-heal|p1a: Clefable|94\/100 tox|[from] item: Leftovers\n|-damage|p1a: Clefable|88\/100 tox|[from] psn\n|upkeep\n|turn|31\n|\n|t:|1699697516\n|move|p2a: Espeon|Calm Mind|p2a: Espeon\n|-boost|p2a: Espeon|spa|1\n|-boost|p2a: Espeon|spd|1\n|move|p1a: Clefable|Moonblast|p2a: Espeon\n|-damage|p2a: Espeon|61\/100\n|-unboost|p2a: Espeon|spa|1\n|\n|-heal|p1a: Clefable|94\/100 tox|[from] item: Leftovers\n|-damage|p1a: Clefable|82\/100 tox|[from] psn\n|upkeep\n|turn|32\n|\n|t:|1699697520\n|switch|p1a: Blissey|Blissey, F|94\/100\n|move|p2a: Espeon|Stored Power|p1a: Blissey\n|-damage|p1a: Blissey|74\/100\n|\n|-heal|p1a: Blissey|81\/100|[from] item: Leftovers\n|upkeep\n|turn|33\n|c| xdswl|\u9003\u8001\u5e08\u5927\u6982\u5728\u627e\u673a\u4f1a\u8ba9\u76fe\u72d7\u6253\u5f00\u5c40\u9762\uff08\u96fe\n|\n|t:|1699697532\n|switch|p2a: Umbreon|Umbreon, F|94\/100\n|move|p1a: Blissey|Calm Mind|p1a: Blissey\n|-boost|p1a: Blissey|spa|1\n|-boost|p1a: Blissey|spd|1\n|\n|-heal|p2a: Umbreon|99\/100|[from] item: Leftovers\n|-heal|p1a: Blissey|87\/100|[from] item: Leftovers\n|upkeep\n|turn|34\n|\n|t:|1699697539\n|switch|p2a: Vaporeon|Vaporeon, F|91\/100\n|move|p1a: Blissey|Toxic|p2a: Vaporeon\n|-status|p2a: Vaporeon|tox\n|\n|-heal|p2a: Vaporeon|97\/100 tox|[from] item: Leftovers\n|-heal|p1a: Blissey|93\/100|[from] item: Leftovers\n|-damage|p2a: Vaporeon|91\/100 tox|[from] psn\n|upkeep\n|turn|35\n|\n|t:|1699697548\n|switch|p2a: Umbreon|Umbreon, F|99\/100\n|switch|p1a: Gliscor|Gliscor, F|100\/100\n|\n|-heal|p2a: Umbreon|100\/100|[from] item: Leftovers\n|-status|p1a: Gliscor|tox|[from] item: Toxic Orb\n|upkeep\n|turn|36\n|\n|t:|1699697560\n|switch|p2a: Zamazeon|Zamazenta|100\/100\n|-ability|p2a: Zamazeon|Dauntless Shield|boost\n|-boost|p2a: Zamazeon|def|1\n|move|p1a: Gliscor|Spikes|p2a: Zamazeon\n|-sidestart|p2: taoke|Spikes\n|\n|upkeep\n|turn|37\n|\n|t:|1699697569\n|switch|p1a: Dondozo|Dondozo, M|99\/100\n|move|p2a: Zamazeon|Iron Defense|p2a: Zamazeon\n|-boost|p2a: Zamazeon|def|2\n|\n|-heal|p1a: Dondozo|100\/100|[from] item: Leftovers\n|upkeep\n|turn|38\n|c| xdswl|\u989d\n|c| XYStarshone.\u6c34\u706b\u4fa0\u661f\u8000|\u627e\u5230\u4e86\uff08\uff1f\uff09\n|\n|t:|1699697573\n|switch|p2a: Umbreon|Umbreon, F|100\/100\n|-damage|p2a: Umbreon|88\/100|[from] Spikes\n|move|p1a: Dondozo|Wave Crash|p2a: Umbreon\n|-damage|p2a: Umbreon|62\/100\n|-damage|p1a: Dondozo|94\/100|[from] Recoil\n|\n|-heal|p2a: Umbreon|68\/100|[from] item: Leftovers\n|-heal|p1a: Dondozo|99\/100|[from] item: Leftovers\n|upkeep\n|turn|39\n|l| FMRMPL\n|\n|t:|1699697577\n|switch|p1a: Gliscor|Gliscor, F|100\/100 tox\n|move|p2a: Umbreon|Heal Bell|p2a: Umbreon\n|-activate|p2a: Umbreon|move: Heal Bell\n|-curestatus|p2: Vaporeon|tox|[msg]\n|\n|-heal|p2a: Umbreon|74\/100|[from] item: Leftovers\n|upkeep\n|turn|40\n|c| xdswl|\u8fd9\u51e0\u4e2a\u56de\u5408\u6ca1\u770b\u61c2\n|\n|t:|1699697585\n|switch|p2a: Espeon|Espeon, M|61\/100\n|-damage|p2a: Espeon|48\/100|[from] Spikes\n|move|p1a: Gliscor|Earthquake|p2a: Espeon\n|-crit|p2a: Espeon\n|-damage|p2a: Espeon|0 fnt\n|faint|p2a: Espeon\n|\n|upkeep\n|c|\u2606xiaoheizi114514|nice\n|\n|t:|1699697593\n|switch|p2a: Jolteon|Jolteon, M|100\/100\n|-damage|p2a: Jolteon|88\/100|[from] Spikes\n|turn|41\n|c| XYStarshone.\u6c34\u706b\u4fa0\u661f\u8000|\u5b8c\n|\n|t:|1699697596\n|switch|p1a: Blissey|Blissey, F|93\/100\n|move|p2a: Jolteon|Hidden Power|p1a: Blissey\n|-damage|p1a: Blissey|84\/100\n|-damage|p2a: Jolteon|78\/100|[from] item: Life Orb\n|\n|-heal|p1a: Blissey|90\/100|[from] item: Leftovers\n|upkeep\n|turn|42\n|c| XYStarshone.\u6c34\u706b\u4fa0\u661f\u8000|\u65e5\u5e03\u4f3c\u4e86\n|c| xdswl|\u96be\u53d7\u4e86\u554a\n|\n|t:|1699697607\n|switch|p2a: Zamazeon|Zamazenta|100\/100\n|-damage|p2a: Zamazeon|88\/100|[from] Spikes\n|move|p1a: Blissey|Toxic|p2a: Zamazeon|[miss]\n|-miss|p1a: Blissey|p2a: Zamazeon\n|\n|-heal|p2a: Zamazeon|94\/100|[from] item: Leftovers\n|-heal|p1a: Blissey|97\/100|[from] item: Leftovers\n|upkeep\n|turn|43\n|c| XYStarshone.\u6c34\u706b\u4fa0\u661f\u8000|\u554a\uff1f\n|c|\u2606xiaoheizi114514|uh\n|\n|t:|1699697618\n|switch|p1a: Gliscor|Gliscor, F|100\/100 tox\n|move|p2a: Zamazeon|Body Press|p1a: Gliscor\n|-resisted|p1a: Gliscor\n|-damage|p1a: Gliscor|87\/100 tox\n|\n|-heal|p2a: Zamazeon|100\/100|[from] item: Leftovers\n|-heal|p1a: Gliscor|99\/100 tox|[from] ability: Poison Heal\n|upkeep\n|turn|44\n|l| lightank\n|c| SleepingAbC|\u5927\u86cb\u8fd8\u662f\u61c2\u8282\u76ee\u6548\u679c\u7684\n|\n|t:|1699697630\n|move|p2a: Zamazeon|Iron Defense|p2a: Zamazeon\n|-boost|p2a: Zamazeon|def|2\n|move|p1a: Gliscor|Spikes|p2a: Zamazeon\n|-sidestart|p2: taoke|Spikes\n|\n|-heal|p1a: Gliscor|100\/100 tox|[from] ability: Poison Heal\n|upkeep\n|turn|45\n|\n|t:|1699697635\n|move|p2a: Zamazeon|Iron Defense|p2a: Zamazeon\n|-boost|p2a: Zamazeon|def|2\n|move|p1a: Gliscor|Spikes|p2a: Zamazeon\n|-sidestart|p2: taoke|Spikes\n|\n|upkeep\n|turn|46\n|\n|t:|1699697639\n|move|p2a: Zamazeon|Body Press|p1a: Gliscor\n|-resisted|p1a: Gliscor\n|-damage|p1a: Gliscor|60\/100 tox\n|move|p1a: Gliscor|Toxic|p2a: Zamazeon\n|-status|p2a: Zamazeon|tox\n|\n|-damage|p2a: Zamazeon|94\/100 tox|[from] psn\n|-heal|p1a: Gliscor|72\/100 tox|[from] ability: Poison Heal\n|upkeep\n|turn|47\n|c| xdswl|\u5929\u874e\u2014\u2014\u5927\u5bb6\u7684\u597d\u4f19\u4f34\uff01\n|c| XYStarshone.\u6c34\u706b\u4fa0\u661f\u8000|\u9003\u8001\u5e08\u4e0d\u6015\u5267\u6bd2\u5417\n|\n|t:|1699697645\n|move|p2a: Zamazeon|Body Press|p1a: Gliscor\n|-resisted|p1a: Gliscor\n|-damage|p1a: Gliscor|34\/100 tox\n|move|p1a: Gliscor|Roost|p1a: Gliscor\n|-heal|p1a: Gliscor|84\/100 tox\n|-singleturn|p1a: Gliscor|move: Roost\n|\n|-heal|p2a: Zamazeon|100\/100 tox|[from] item: Leftovers\n|-damage|p2a: Zamazeon|88\/100 tox|[from] psn\n|-heal|p1a: Gliscor|96\/100 tox|[from] ability: Poison Heal\n|upkeep\n|turn|48\n|c| SleepingAbC|\u54e6\u543c\n|\n|t:|1699697649\n|switch|p1a: Dondozo|Dondozo, M|99\/100\n|move|p2a: Zamazeon|Iron Defense|p2a: Zamazeon\n|-boost|p2a: Zamazeon|def|2\n|\n|-heal|p2a: Zamazeon|94\/100 tox|[from] item: Leftovers\n|-heal|p1a: Dondozo|100\/100|[from] item: Leftovers\n|-damage|p2a: Zamazeon|76\/100 tox|[from] psn\n|upkeep\n|turn|49\n|c| xdswl|\u6709\u7761\u89c9\n|\n|t:|1699697653\n|move|p2a: Zamazeon|Rest|p2a: Zamazeon\n|-status|p2a: Zamazeon|slp|[from] move: Rest\n|-heal|p2a: Zamazeon|100\/100 slp|[silent]\n|move|p1a: Dondozo|Wave Crash|p2a: Zamazeon\n|-damage|p2a: Zamazeon|69\/100 slp\n|-damage|p1a: Dondozo|92\/100|[from] Recoil\n|\n|-heal|p2a: Zamazeon|75\/100 slp|[from] item: Leftovers\n|-heal|p1a: Dondozo|99\/100|[from] item: Leftovers\n|upkeep\n|turn|50\n|c| XYStarshone.\u6c34\u706b\u4fa0\u661f\u8000|\u54e6\u54e6\n|\n|t:|1699697660\n|switch|p2a: Vaporeon|Vaporeon, F|91\/100\n|-damage|p2a: Vaporeon|66\/100|[from] Spikes\n|switch|p1a: Clefable|Clefable, F|82\/100 tox\n|\n|-heal|p2a: Vaporeon|72\/100|[from] item: Leftovers\n|-heal|p1a: Clefable|88\/100 tox|[from] item: Leftovers\n|-damage|p1a: Clefable|82\/100 tox|[from] psn\n|upkeep\n|turn|51\n|\n|t:|1699697665\n|move|p2a: Vaporeon|Scald|p1a: Clefable\n|-damage|p1a: Clefable|61\/100 tox\n|move|p1a: Clefable|Stealth Rock|p2a: Vaporeon\n|-sidestart|p2: taoke|move: Stealth Rock\n|\n|-heal|p2a: Vaporeon|79\/100|[from] item: Leftovers\n|-heal|p1a: Clefable|67\/100 tox|[from] item: Leftovers\n|-damage|p1a: Clefable|55\/100 tox|[from] psn\n|upkeep\n|turn|52\n|c| SleepingAbC|\u52bf\u5747\u529b\u654c\u5462\n|l| AGisgood\u82cd\u54cd\u4fa0\n|\n|t:|1699697672\n|move|p2a: Vaporeon|Scald|p1a: Clefable\n|-damage|p1a: Clefable|36\/100 tox\n|move|p1a: Clefable|Wish|p1a: Clefable\n|\n|-heal|p2a: Vaporeon|85\/100|[from] item: Leftovers\n|-heal|p1a: Clefable|42\/100 tox|[from] item: Leftovers\n|-damage|p1a: Clefable|24\/100 tox|[from] psn\n|upkeep\n|turn|53\n|\n|t:|1699697679\n|move|p1a: Clefable|Protect|p1a: Clefable\n|-singleturn|p1a: Clefable|Protect\n|move|p2a: Vaporeon|Scald|p1a: Clefable\n|-activate|p1a: Clefable|move: Protect\n|\n|-heal|p1a: Clefable|74\/100 tox|[from] move: Wish|[wisher] Clefable\n|-heal|p2a: Vaporeon|91\/100|[from] item: Leftovers\n|-heal|p1a: Clefable|80\/100 tox|[from] item: Leftovers\n|-damage|p1a: Clefable|55\/100 tox|[from] psn\n|upkeep\n|turn|54\n|\n|t:|1699697681\n|switch|p1a: Blissey|Blissey, F|97\/100\n|move|p2a: Vaporeon|Scald|p1a: Blissey\n|-damage|p1a: Blissey|86\/100\n|\n|-heal|p2a: Vaporeon|97\/100|[from] item: Leftovers\n|-heal|p1a: Blissey|92\/100|[from] item: Leftovers\n|upkeep\n|turn|55\n|c| xdswl|\u611f\u89c9\u9003\u8001\u5e08\u4eca\u5929\u4f1a\u628a\u6251\u51fbpp\u6253\u5b8c\uff08\n|c| hainiumm|gg\u4e86\n|c| hainiumm|\u9489\u5b50\n|inactive|Battle timer is ON: inactive players will automatically lose when time's up. (requested by xiaoheizi114514)\n|c| xdswl|hainiu\u8bf4\u5f97\u6709\u9053\u7406\n|\n|t:|1699697707\n|switch|p2a: Zamazeon|Zamazenta|75\/100 slp\n|-damage|p2a: Zamazeon|50\/100 slp|[from] Spikes\n|-damage|p2a: Zamazeon|44\/100 slp|[from] Stealth Rock\n|move|p1a: Blissey|Toxic||[still]\n|-fail|p1a: Blissey\n|\n|-heal|p2a: Zamazeon|50\/100 slp|[from] item: Leftovers\n|-heal|p1a: Blissey|98\/100|[from] item: Leftovers\n|upkeep\n|turn|56\n|\n|t:|1699697711\n|switch|p1a: Clefable|Clefable, F|55\/100 tox\n|cant|p2a: Zamazeon|slp\n|\n|-heal|p2a: Zamazeon|56\/100 slp|[from] item: Leftovers\n|-heal|p1a: Clefable|61\/100 tox|[from] item: Leftovers\n|-damage|p1a: Clefable|55\/100 tox|[from] psn\n|upkeep\n|turn|57\n|c| xdswl|\u76f8\u4fe1\u53d7\u961f\u4e13\u5bb6\n|c|\u2606taoke|\u6253\u4e0d\u4e86\u54af\n|c|\u2606taoke|gg\n|c|\u2606xiaoheizi114514|gg\n|-message|taoke forfeited.\n|\n|win|xiaoheizi114514\n|n|\u2606xiaoheizi114514|xiaoheizi114514\n|n|\u2606taoke|taoke\n|n| XYStarshone.\u6c34\u706b\u4fa0\u661f\u8000|xystarshone\n|n| hainiumm|hainiumm\n|n| xdswl|xdswl\n|n| SleepingAbC|sleepingabc\n|n| hbgzd|hbgzd\n|n| A3322|a3322\n","uploadtime":1699697732,"views":72,"p1id":"xiaoheizi114514","p2id":"taoke","formatid":"gen9nationaldex","rating":0,"private":0,"password":""}