{"id":"gen9nationaldex-2000277594","p1":"Blrrrd","p2":"slim36936","format":"[Gen 9] National Dex","log":"|html|<div class=\"broadcast-blue\"><strong>[Gen 9] National Dex is currently suspecting Sneasler! For information on how to participate check out the <a href=\"https:\/\/www.smogon.com\/forums\/threads\/sv-national-dex-suspect-8-just-dance.3731534\/\">suspect thread<\/a>.<\/strong><\/div>\n|j|\u2606Blrrrd\n|j|\u2606slim36936\n|t:|1701180553\n|gametype|singles\n|player|p1|Blrrrd|leon|1036\n|player|p2|slim36936|cynthia-gen4|1141\n|teamsize|p1|6\n|teamsize|p2|6\n|gen|9\n|tier|[Gen 9] National Dex\n|rated|\n|rule|HP Percentage Mod: HP is shown in percentages\n|rule|Endless Battle Clause: Forcing endless battles is banned\n|rule|OHKO Clause: OHKO moves are banned\n|rule|Evasion Clause: Evasion abilities, items, and moves are banned\n|rule|Evasion Abilities Clause: Evasion abilities are banned\n|rule|Evasion Items Clause: Evasion items are banned\n|rule|Evasion Moves Clause: Evasion moves are banned\n|rule|Species Clause: Limit one of each Pok\u00e9mon\n|rule|Sleep Clause Mod: Limit one foe put to sleep\n|clearpoke\n|poke|p1|Weezing, F|\n|poke|p1|Marowak-Alola, F|\n|poke|p1|Crobat, F|\n|poke|p1|Arbok, M|\n|poke|p1|Banette, F|\n|poke|p1|Gengar, M|\n|poke|p2|Dragonite, M|\n|poke|p2|Ursaluna, F|\n|poke|p2|Tapu Koko|\n|poke|p2|Garchomp, M|\n|poke|p2|Hoopa-Unbound|\n|poke|p2|Moltres|\n|teampreview\n|inactive|Battle timer is ON: inactive players will automatically lose when time's up. (requested by Blrrrd)\n|\n|t:|1701180568\n|start\n|switch|p1a: Weezing|Weezing, F|100\/100\n|switch|p2a: Hoopa|Hoopa-Unbound|100\/100\n|-ability|p1a: Weezing|Neutralizing Gas\n|turn|1\n|\n|t:|1701180581\n|move|p2a: Hoopa|Nasty Plot|p2a: Hoopa\n|-boost|p2a: Hoopa|spa|2\n|move|p1a: Weezing|Toxic|p2a: Hoopa\n|-status|p2a: Hoopa|tox\n|\n|-damage|p2a: Hoopa|95\/100 tox|[from] psn\n|upkeep\n|turn|2\n|\n|t:|1701180605\n|move|p2a: Hoopa|Nasty Plot|p2a: Hoopa\n|-boost|p2a: Hoopa|spa|2\n|move|p1a: Weezing|Explosion|p2a: Hoopa\n|-damage|p2a: Hoopa|9\/100 tox\n|faint|p1a: Weezing\n|-end|p1a: Weezing|ability: Neutralizing Gas\n|\n|-damage|p2a: Hoopa|0 fnt|[from] psn\n|faint|p2a: Hoopa\n|upkeep\n|\n|t:|1701180617\n|switch|p2a: Tapu Koko|Tapu Koko|100\/100\n|switch|p1a: Marowak|Marowak-Alola, F|100\/100\n|-fieldstart|move: Electric Terrain|[from] ability: Electric Surge|[of] p2a: Tapu Koko\n|turn|3\n|inactive|slim36936 has 120 seconds left.\n|\n|t:|1701180637\n|move|p2a: Tapu Koko|Thunderbolt|p1a: Marowak\n|-damage|p1a: Marowak|0 fnt\n|faint|p1a: Marowak\n|\n|upkeep\n|\n|t:|1701180651\n|switch|p1a: Agatha MegaGengar|Banette, F|100\/100\n|turn|4\n|inactive|slim36936 has 120 seconds left.\n|\n|t:|1701180676\n|switch|p2a: Dragonite|Dragonite, M|100\/100\n|detailschange|p1a: Agatha MegaGengar|Banette-Mega, F\n|-mega|p1a: Agatha MegaGengar|Banette|Banettite\n|move|p1a: Agatha MegaGengar|Poltergeist|p2a: Dragonite\n|-activate|p2a: Dragonite|move: Poltergeist|Heavy-Duty Boots\n|-damage|p2a: Dragonite|59\/100\n|\n|upkeep\n|turn|5\n|\n|t:|1701180690\n|-terastallize|p2a: Dragonite|Normal\n|move|p2a: Dragonite|Extreme Speed|p1a: Agatha MegaGengar\n|-immune|p1a: Agatha MegaGengar\n|move|p1a: Agatha MegaGengar|Taunt|p2a: Dragonite\n|-start|p2a: Dragonite|move: Taunt\n|\n|upkeep\n|turn|6\n|\n|t:|1701180703\n|move|p1a: Agatha MegaGengar|Encore|p2a: Dragonite\n|-start|p2a: Dragonite|Encore\n|move|p2a: Dragonite|Extreme Speed|p1a: Agatha MegaGengar\n|-immune|p1a: Agatha MegaGengar\n|\n|upkeep\n|turn|7\n|\n|t:|1701180716\n|switch|p2a: Tapu Koko|Tapu Koko|100\/100\n|switch|p1a: Gengar|Gengar, M|100\/100\n|\n|-fieldend|move: Electric Terrain\n|upkeep\n|turn|8\n|\n|t:|1701180737\n|move|p2a: Tapu Koko|U-turn|p1a: Gengar\n|-resisted|p1a: Gengar\n|-damage|p1a: Gengar|92\/100\n|-start|p2a: Tapu Koko|Disable|U-turn|[from] ability: Cursed Body|[of] p1a: Gengar\n|\n|t:|1701180745\n|switch|p2a: Garchomp|Garchomp, M|100\/100|[from] U-turn\n|move|p1a: Gengar|Hypnosis|p2a: Garchomp\n|-status|p2a: Garchomp|slp|[from] move: Hypnosis\n|\n|-heal|p1a: Gengar|99\/100|[from] item: Leftovers\n|upkeep\n|turn|9\n|\n|t:|1701180763\n|cant|p2a: Garchomp|slp\n|move|p1a: Gengar|Substitute|p1a: Gengar\n|-start|p1a: Gengar|Substitute\n|-damage|p1a: Gengar|74\/100\n|\n|-heal|p1a: Gengar|80\/100|[from] item: Leftovers\n|upkeep\n|turn|10\n|\n|t:|1701180776\n|-curestatus|p2a: Garchomp|slp|[msg]\n|move|p2a: Garchomp|Iron Head|p1a: Gengar\n|-end|p1a: Gengar|Substitute\n|move|p1a: Gengar|Shadow Ball|p2a: Garchomp\n|-damage|p2a: Garchomp|55\/100\n|\n|-heal|p1a: Gengar|86\/100|[from] item: Leftovers\n|upkeep\n|turn|11\n|\n|t:|1701180789\n|move|p2a: Garchomp|Iron Head|p1a: Gengar\n|-damage|p1a: Gengar|30\/100\n|move|p1a: Gengar|Hypnosis|p2a: Garchomp\n|-status|p2a: Garchomp|slp|[from] move: Hypnosis\n|\n|-heal|p1a: Gengar|36\/100|[from] item: Leftovers\n|upkeep\n|turn|12\n|\n|t:|1701180799\n|cant|p2a: Garchomp|slp\n|move|p1a: Gengar|Shadow Ball|p2a: Garchomp\n|-damage|p2a: Garchomp|6\/100 slp\n|\n|-heal|p1a: Gengar|42\/100|[from] item: Leftovers\n|upkeep\n|turn|13\n|\n|t:|1701180809\n|cant|p2a: Garchomp|slp\n|move|p1a: Gengar|Shadow Ball|p2a: Garchomp\n|-damage|p2a: Garchomp|0 fnt\n|faint|p2a: Garchomp\n|\n|-heal|p1a: Gengar|49\/100|[from] item: Leftovers\n|upkeep\n|\n|t:|1701180822\n|switch|p2a: Moltres|Moltres|100\/100\n|turn|14\n|\n|t:|1701180829\n|move|p1a: Gengar|Hypnosis|p2a: Moltres|[miss]\n|-miss|p1a: Gengar|p2a: Moltres\n|move|p2a: Moltres|Flamethrower|p1a: Gengar\n|-damage|p1a: Gengar|0 fnt\n|faint|p1a: Gengar\n|\n|upkeep\n|\n|t:|1701180835\n|switch|p1a: Agatha MegaGengar|Banette-Mega, F|100\/100\n|turn|15\n|\n|t:|1701180846\n|move|p2a: Moltres|U-turn|p1a: Agatha MegaGengar\n|-resisted|p1a: Agatha MegaGengar\n|-damage|p1a: Agatha MegaGengar|91\/100\n|\n|t:|1701180852\n|switch|p2a: Ursaluna|Ursaluna, F|100\/100|[from] U-turn\n|move|p1a: Agatha MegaGengar|Poltergeist|p2a: Ursaluna\n|-immune|p2a: Ursaluna\n|\n|upkeep\n|turn|16\n|\n|t:|1701180875\n|switch|p1a: Crobat|Crobat, F|100\/100\n|move|p2a: Ursaluna|Headlong Rush|p1a: Crobat\n|-immune|p1a: Crobat\n|\n|upkeep\n|turn|17\n|\n|t:|1701180884\n|-terastallize|p1a: Crobat|Ghost\n|move|p1a: Crobat|Nasty Plot|p1a: Crobat\n|-boost|p1a: Crobat|spa|2\n|move|p2a: Ursaluna|Stone Edge|p1a: Crobat\n|-damage|p1a: Crobat|49\/100\n|\n|upkeep\n|turn|18\n|\n|t:|1701180898\n|move|p1a: Crobat|Air Slash|p2a: Ursaluna\n|-damage|p2a: Ursaluna|71\/100\n|move|p2a: Ursaluna|Stone Edge|p1a: Crobat|[miss]\n|-miss|p2a: Ursaluna|p1a: Crobat\n|\n|upkeep\n|turn|19\n|\n|t:|1701180907\n|move|p1a: Crobat|Air Slash|p2a: Ursaluna\n|-damage|p2a: Ursaluna|39\/100\n|move|p2a: Ursaluna|Stone Edge|p1a: Crobat\n|-damage|p1a: Crobat|0 fnt\n|faint|p1a: Crobat\n|\n|upkeep\n|\n|t:|1701180913\n|switch|p1a: Arbok|Arbok, M|100\/100\n|turn|20\n|\n|t:|1701180917\n|move|p1a: Arbok|Coil|p1a: Arbok\n|-boost|p1a: Arbok|atk|1\n|-boost|p1a: Arbok|def|1\n|-boost|p1a: Arbok|accuracy|1\n|move|p2a: Ursaluna|Headlong Rush|p1a: Arbok\n|-supereffective|p1a: Arbok\n|-damage|p1a: Arbok|0 fnt\n|-unboost|p2a: Ursaluna|def|1\n|-unboost|p2a: Ursaluna|spd|1\n|faint|p1a: Arbok\n|\n|upkeep\n|-message|Blrrrd forfeited.\n|\n|win|slim36936\n|raw|Blrrrd's rating: 1036 &rarr; <strong>1025<\/strong><br \/>(-11 for losing)\n|raw|slim36936's rating: 1141 &rarr; <strong>1159<\/strong><br \/>(+18 for winning)\n|l|\u2606Blrrrd\n","uploadtime":1701180932,"views":3,"p1id":"blrrrd","p2id":"slim36936","formatid":"gen9nationaldex","rating":1025,"private":0,"password":""}