{"id":"gen9nationaldex-1998726544","p1":"The Gambit King","p2":"RKN3522","format":"[Gen 9] National Dex","log":"|html|<div class=\"broadcast-blue\"><strong>[Gen 9] National Dex is currently suspecting Sneasler! For information on how to participate check out the <a href=\"https:\/\/www.smogon.com\/forums\/threads\/sv-national-dex-suspect-8-just-dance.3731534\/\">suspect thread<\/a>.<\/strong><\/div>\n|j|\u2606The Gambit King\n|j|\u2606RKN3522\n|t:|1700978630\n|gametype|singles\n|player|p1|The Gambit King|ghetsis|1375\n|player|p2|RKN3522|169|1317\n|teamsize|p1|6\n|teamsize|p2|6\n|gen|9\n|tier|[Gen 9] National Dex\n|rated|\n|rule|HP Percentage Mod: HP is shown in percentages\n|rule|Endless Battle Clause: Forcing endless battles is banned\n|rule|OHKO Clause: OHKO moves are banned\n|rule|Evasion Clause: Evasion abilities, items, and moves are banned\n|rule|Evasion Abilities Clause: Evasion abilities are banned\n|rule|Evasion Items Clause: Evasion items are banned\n|rule|Evasion Moves Clause: Evasion moves are banned\n|rule|Species Clause: Limit one of each Pok\u00e9mon\n|rule|Sleep Clause Mod: Limit one foe put to sleep\n|clearpoke\n|poke|p1|Inteleon, M|\n|poke|p1|Cinderace, M|\n|poke|p1|Rillaboom, M|\n|poke|p1|Charizard, F|\n|poke|p1|Mr. Rime, M|\n|poke|p1|Kommo-o, F|\n|poke|p2|Ferrothorn, M|\n|poke|p2|Maushold|\n|poke|p2|Toxapex, M|\n|poke|p2|Heatran, M|\n|poke|p2|Durant, F|\n|poke|p2|Landorus-Therian, M|\n|teampreview\n|inactive|Battle timer is ON: inactive players will automatically lose when time's up. (requested by The Gambit King)\n|\n|t:|1700978676\n|start\n|switch|p1a: Inteleon|Inteleon, M|100\/100\n|switch|p2a: Ferrothorn|Ferrothorn, M|100\/100\n|turn|1\n|inactive|The Gambit King has 120 seconds left.\n|\n|t:|1700978708\n|switch|p1a: Charizard|Charizard, F, shiny|100\/100\n|move|p2a: Ferrothorn|Stealth Rock|p1a: Charizard\n|-sidestart|p1: The Gambit King|move: Stealth Rock\n|\n|upkeep\n|turn|2\n|\n|t:|1700978725\n|detailschange|p1a: Charizard|Charizard-Mega-Y, F, shiny\n|-mega|p1a: Charizard|Charizard|Charizardite Y\n|-weather|SunnyDay|[from] ability: Drought|[of] p1a: Charizard\n|move|p2a: Ferrothorn|Protect|p2a: Ferrothorn\n|-singleturn|p2a: Ferrothorn|Protect\n|move|p1a: Charizard|Ancient Power|p2a: Ferrothorn\n|-activate|p2a: Ferrothorn|move: Protect\n|\n|-weather|SunnyDay|[upkeep]\n|upkeep\n|turn|3\n|\n|t:|1700978733\n|switch|p2a: Toxapex|Toxapex, M|100\/100\n|move|p1a: Charizard|Weather Ball|p2a: Toxapex\n|-resisted|p2a: Toxapex\n|-damage|p2a: Toxapex|63\/100\n|\n|-weather|SunnyDay|[upkeep]\n|-heal|p2a: Toxapex|70\/100|[from] item: Leftovers\n|upkeep\n|turn|4\n|\n|t:|1700978739\n|move|p1a: Charizard|Ancient Power|p2a: Toxapex\n|-damage|p2a: Toxapex|50\/100\n|move|p2a: Toxapex|Toxic|p1a: Charizard\n|-status|p1a: Charizard|tox\n|\n|-weather|SunnyDay|[upkeep]\n|-heal|p2a: Toxapex|56\/100|[from] item: Leftovers\n|-damage|p1a: Charizard|94\/100 tox|[from] psn\n|upkeep\n|turn|5\n|\n|t:|1700978745\n|move|p1a: Charizard|Solar Beam||[still]\n|-prepare|p1a: Charizard|Solar Beam\n|-anim|p1a: Charizard|Solar Beam|p2a: Toxapex\n|-damage|p2a: Toxapex|13\/100\n|move|p2a: Toxapex|Recover|p2a: Toxapex\n|-heal|p2a: Toxapex|63\/100\n|\n|-weather|SunnyDay|[upkeep]\n|-heal|p2a: Toxapex|69\/100|[from] item: Leftovers\n|-damage|p1a: Charizard|82\/100 tox|[from] psn\n|upkeep\n|turn|6\n|\n|t:|1700978753\n|switch|p1a: Mr. Rime|Mr. Rime, M|100\/100\n|move|p2a: Toxapex|Recover|p2a: Toxapex\n|-heal|p2a: Toxapex|100\/100\n|\n|-weather|none\n|upkeep\n|turn|7\n|\n|t:|1700978759\n|move|p2a: Toxapex|Baneful Bunker|p2a: Toxapex\n|-singleturn|p2a: Toxapex|move: Protect\n|move|p1a: Mr. Rime|Rapid Spin|p2a: Toxapex\n|-activate|p2a: Toxapex|move: Protect\n|-status|p1a: Mr. Rime|psn\n|\n|-damage|p1a: Mr. Rime|88\/100 psn|[from] psn\n|upkeep\n|turn|8\n|\n|t:|1700978765\n|switch|p2a: Ferrothorn|Ferrothorn, M|100\/100\n|move|p1a: Mr. Rime|Rapid Spin|p2a: Ferrothorn\n|-resisted|p2a: Ferrothorn\n|-damage|p2a: Ferrothorn|98\/100\n|-boost|p1a: Mr. Rime|spe|1\n|-damage|p1a: Mr. Rime|76\/100 psn|[from] ability: Iron Barbs|[of] p2a: Ferrothorn\n|-sideend|p1: The Gambit King|Stealth Rock|[from] move: Rapid Spin|[of] p1a: Mr. Rime\n|\n|-heal|p2a: Ferrothorn|100\/100|[from] item: Leftovers\n|-damage|p1a: Mr. Rime|63\/100 psn|[from] psn\n|upkeep\n|turn|9\n|\n|t:|1700978770\n|switch|p1a: Cinderace|Cinderace, M|100\/100\n|move|p2a: Ferrothorn|Stealth Rock|p1a: Cinderace\n|-sidestart|p1: The Gambit King|move: Stealth Rock\n|\n|upkeep\n|turn|10\n|\n|t:|1700978774\n|move|p2a: Ferrothorn|Protect|p2a: Ferrothorn\n|-singleturn|p2a: Ferrothorn|Protect\n|move|p1a: Cinderace|Court Change|p1a: Cinderace\n|-start|p1a: Cinderace|typechange|Normal|[from] ability: Libero\n|-swapsideconditions\n|-activate|p1a: Cinderace|move: Court Change\n|\n|upkeep\n|turn|11\n|\n|t:|1700978782\n|switch|p2a: Heatran|Heatran, M|100\/100\n|-damage|p2a: Heatran|88\/100|[from] Stealth Rock\n|move|p1a: Cinderace|Pyro Ball|p2a: Heatran\n|-start|p2a: Heatran|ability: Flash Fire\n|\n|upkeep\n|turn|12\n|\n|t:|1700978792\n|move|p2a: Heatran|Eruption|p1a: Cinderace\n|-damage|p1a: Cinderace|0 fnt\n|faint|p1a: Cinderace\n|\n|upkeep\n|\n|t:|1700978799\n|switch|p1a: Kommo-o|Kommo-o, F|100\/100\n|turn|13\n|\n|t:|1700978812\n|-end|p2a: Heatran|ability: Flash Fire|[silent]\n|switch|p2a: Toxapex|Toxapex, M|100\/100\n|-damage|p2a: Toxapex|88\/100|[from] Stealth Rock\n|-zpower|p1a: Kommo-o\n|move|p1a: Kommo-o|Clangorous Soulblaze|p2a: Toxapex|[zeffect]\n|-damage|p2a: Toxapex|25\/100\n|-boost|p1a: Kommo-o|atk|1\n|-boost|p1a: Kommo-o|def|1\n|-boost|p1a: Kommo-o|spa|1\n|-boost|p1a: Kommo-o|spd|1\n|-boost|p1a: Kommo-o|spe|1\n|\n|-heal|p2a: Toxapex|31\/100|[from] item: Leftovers\n|upkeep\n|turn|14\n|\n|t:|1700978822\n|move|p2a: Toxapex|Baneful Bunker|p2a: Toxapex\n|-singleturn|p2a: Toxapex|move: Protect\n|move|p1a: Kommo-o|Boomburst|p2a: Toxapex\n|-activate|p2a: Toxapex|move: Protect\n|\n|-heal|p2a: Toxapex|37\/100|[from] item: Leftovers\n|upkeep\n|turn|15\n|\n|t:|1700978830\n|switch|p2a: Ferrothorn|Ferrothorn, M|100\/100\n|-damage|p2a: Ferrothorn|94\/100|[from] Stealth Rock\n|move|p1a: Kommo-o|Boomburst|p2a: Ferrothorn\n|-resisted|p2a: Ferrothorn\n|-damage|p2a: Ferrothorn|70\/100\n|\n|-heal|p2a: Ferrothorn|76\/100|[from] item: Leftovers\n|upkeep\n|turn|16\n|\n|t:|1700978833\n|-terastallize|p2a: Ferrothorn|Grass\n|move|p1a: Kommo-o|Flamethrower|p2a: Ferrothorn\n|-supereffective|p2a: Ferrothorn\n|-damage|p2a: Ferrothorn|5\/100\n|move|p2a: Ferrothorn|Leech Seed|p1a: Kommo-o\n|-start|p1a: Kommo-o|move: Leech Seed\n|\n|-heal|p2a: Ferrothorn|11\/100|[from] item: Leftovers\n|-damage|p1a: Kommo-o|88\/100|[from] Leech Seed|[of] p2a: Ferrothorn\n|-heal|p2a: Ferrothorn|21\/100|[silent]\n|upkeep\n|turn|17\n|\n|t:|1700978837\n|move|p2a: Ferrothorn|Protect|p2a: Ferrothorn\n|-singleturn|p2a: Ferrothorn|Protect\n|move|p1a: Kommo-o|Clangorous Soul|p1a: Kommo-o\n|-boost|p1a: Kommo-o|atk|1\n|-boost|p1a: Kommo-o|def|1\n|-boost|p1a: Kommo-o|spa|1\n|-boost|p1a: Kommo-o|spd|1\n|-boost|p1a: Kommo-o|spe|1\n|-damage|p1a: Kommo-o|55\/100\n|\n|-heal|p2a: Ferrothorn|27\/100|[from] item: Leftovers\n|-damage|p1a: Kommo-o|43\/100|[from] Leech Seed|[of] p2a: Ferrothorn\n|-heal|p2a: Ferrothorn|38\/100|[silent]\n|upkeep\n|turn|18\n|\n|t:|1700978846\n|move|p2a: Ferrothorn|Protect||[still]\n|-fail|p2a: Ferrothorn\n|move|p1a: Kommo-o|Boomburst|p2a: Ferrothorn\n|-damage|p2a: Ferrothorn|0 fnt\n|faint|p2a: Ferrothorn\n|\n|upkeep\n|\n|t:|1700978854\n|switch|p2a: Toxapex|Toxapex, M|70\/100\n|-damage|p2a: Toxapex|58\/100|[from] Stealth Rock\n|turn|19\n|\n|t:|1700978860\n|move|p1a: Kommo-o|Clanging Scales|p2a: Toxapex\n|-damage|p2a: Toxapex|0 fnt\n|faint|p2a: Toxapex\n|-unboost|p1a: Kommo-o|def|1\n|\n|upkeep\n|\n|t:|1700978870\n|switch|p2a: Landorus|Landorus-Therian, M|100\/100\n|-damage|p2a: Landorus|88\/100|[from] Stealth Rock\n|-ability|p2a: Landorus|Intimidate|boost\n|-unboost|p1a: Kommo-o|atk|1\n|turn|20\n|\n|t:|1700978877\n|move|p1a: Kommo-o|Boomburst|p2a: Landorus\n|-damage|p2a: Landorus|0 fnt\n|faint|p2a: Landorus\n|\n|upkeep\n|-message|RKN3522 forfeited.\n|\n|win|The Gambit King\n|raw|The Gambit King's rating: 1375 &rarr; <strong>1392<\/strong><br \/>(+17 for winning)\n|raw|RKN3522's rating: 1317 &rarr; <strong>1300<\/strong><br \/>(-17 for losing)\n|l|\u2606RKN3522\n","uploadtime":1700978894,"views":1,"p1id":"thegambitking","p2id":"rkn3522","formatid":"gen9nationaldex","rating":1300,"private":0,"password":""}