{"id":"gen9nationaldex-1996519756","p1":"SportsyReal","p2":"Orujo2","format":"[Gen 9] National Dex","log":"|html|<div class=\"broadcast-blue\"><strong>[Gen 9] National Dex is currently suspecting Sneasler! For information on how to participate check out the <a href=\"https:\/\/www.smogon.com\/forums\/threads\/sv-national-dex-suspect-8-just-dance.3731534\/\">suspect thread<\/a>.<\/strong><\/div>\n|j|\u2606SportsyReal\n|j|\u2606Orujo2\n|t:|1700690038\n|gametype|singles\n|player|p1|SportsyReal|lyra|\n|player|p2|Orujo2|hiker-gen4|\n|teamsize|p1|6\n|teamsize|p2|6\n|gen|9\n|tier|[Gen 9] National Dex\n|rule|HP Percentage Mod: HP is shown in percentages\n|rule|Endless Battle Clause: Forcing endless battles is banned\n|rule|OHKO Clause: OHKO moves are banned\n|rule|Evasion Clause: Evasion abilities, items, and moves are banned\n|rule|Evasion Abilities Clause: Evasion abilities are banned\n|rule|Evasion Items Clause: Evasion items are banned\n|rule|Evasion Moves Clause: Evasion moves are banned\n|rule|Species Clause: Limit one of each Pok\u00e9mon\n|rule|Sleep Clause Mod: Limit one foe put to sleep\n|clearpoke\n|poke|p1|Ribombee, F|\n|poke|p1|Dusclops, M|\n|poke|p1|Gyarados, M|\n|poke|p1|Umbreon, M|\n|poke|p1|Gliscor, M|\n|poke|p1|Scizor, F|\n|poke|p2|Swampert, F|\n|poke|p2|Tapu Koko|\n|poke|p2|Garchomp, M|\n|poke|p2|Kartana|\n|poke|p2|Volcarona, F|\n|poke|p2|Meowscarada, M|\n|teampreview\n|j| Guillarco28\n|\n|t:|1700690059\n|start\n|switch|p1a: Este Se\u00f1or|Ribombee, F|100\/100\n|switch|p2a: Swagmpert|Swampert, F, shiny|100\/100\n|turn|1\n|\n|t:|1700690071\n|-terastallize|p1a: Este Se\u00f1or|Fairy\n|move|p1a: Este Se\u00f1or|Sticky Web|p2a: Swagmpert\n|-sidestart|p2: Orujo2|move: Sticky Web\n|move|p2a: Swagmpert|Stealth Rock|p1a: Este Se\u00f1or\n|-sidestart|p1: SportsyReal|move: Stealth Rock\n|\n|upkeep\n|turn|2\n|\n|t:|1700690102\n|switch|p1a: Robotnik|Scizor, F|100\/100\n|-damage|p1a: Robotnik|88\/100|[from] Stealth Rock\n|switch|p2a: Pasa la papela|Kartana|100\/100\n|-activate|p2a: Pasa la papela|move: Sticky Web\n|-unboost|p2a: Pasa la papela|spe|1\n|\n|upkeep\n|turn|3\n|\n|t:|1700690150\n|switch|p1a: Este Se\u00f1or|Ribombee, F, tera:Fairy|100\/100\n|-damage|p1a: Este Se\u00f1or|88\/100|[from] Stealth Rock\n|move|p2a: Pasa la papela|Aerial Ace|p1a: Este Se\u00f1or\n|-damage|p1a: Este Se\u00f1or|44\/100\n|\n|upkeep\n|turn|4\n|\n|t:|1700690163\n|move|p1a: Este Se\u00f1or|Hidden Power|p2a: Pasa la papela\n|-supereffective|p2a: Pasa la papela\n|-damage|p2a: Pasa la papela|0 fnt\n|faint|p2a: Pasa la papela\n|\n|upkeep\n|\n|t:|1700690185\n|switch|p2a: TAPU G.O.A.T.|Tapu Koko, shiny|100\/100\n|-activate|p2a: TAPU G.O.A.T.|move: Sticky Web\n|-unboost|p2a: TAPU G.O.A.T.|spe|1\n|-fieldstart|move: Electric Terrain|[from] ability: Electric Surge|[of] p2a: TAPU G.O.A.T.\n|turn|5\n|\n|t:|1700690238\n|switch|p1a: Vikabolt|Gliscor, M|100\/100\n|-damage|p1a: Vikabolt|88\/100|[from] Stealth Rock\n|move|p2a: TAPU G.O.A.T.|Thunderbolt|p1a: Vikabolt\n|-immune|p1a: Vikabolt\n|\n|-status|p1a: Vikabolt|tox|[from] item: Toxic Orb\n|upkeep\n|turn|6\n|\n|t:|1700690265\n|move|p2a: TAPU G.O.A.T.|Grass Knot|p1a: Vikabolt\n|-damage|p1a: Vikabolt|64\/100 tox\n|move|p1a: Vikabolt|Toxic|p2a: TAPU G.O.A.T.\n|-status|p2a: TAPU G.O.A.T.|tox\n|\n|-damage|p2a: TAPU G.O.A.T.|94\/100 tox|[from] psn\n|-heal|p1a: Vikabolt|77\/100 tox|[from] ability: Poison Heal\n|upkeep\n|turn|7\n|\n|t:|1700690293\n|switch|p2a: Swagmpert|Swampert, F, shiny|100\/100\n|-activate|p2a: Swagmpert|move: Sticky Web\n|-unboost|p2a: Swagmpert|spe|1\n|move|p1a: Vikabolt|Earthquake|p2a: Swagmpert\n|-damage|p2a: Swagmpert|60\/100\n|\n|-heal|p1a: Vikabolt|89\/100 tox|[from] ability: Poison Heal\n|upkeep\n|turn|8\n|\n|t:|1700690310\n|switch|p1a: Robotnik|Scizor, F|88\/100\n|-damage|p1a: Robotnik|76\/100|[from] Stealth Rock\n|move|p2a: Swagmpert|Ice Punch|p1a: Robotnik\n|-resisted|p1a: Robotnik\n|-damage|p1a: Robotnik|65\/100\n|\n|upkeep\n|turn|9\n|\n|t:|1700690336\n|detailschange|p1a: Robotnik|Scizor-Mega, F\n|-mega|p1a: Robotnik|Scizor|Scizorite\n|move|p1a: Robotnik|Trailblaze|p2a: Swagmpert\n|-supereffective|p2a: Swagmpert\n|-damage|p2a: Swagmpert|0 fnt\n|-boost|p1a: Robotnik|spe|1\n|faint|p2a: Swagmpert\n|\n|-fieldend|move: Electric Terrain\n|upkeep\n|\n|t:|1700690353\n|switch|p2a: El Polillo|Volcarona, F|100\/100\n|turn|10\n|\n|t:|1700690379\n|move|p2a: El Polillo|Fiery Dance|p1a: Robotnik\n|-supereffective|p1a: Robotnik\n|-damage|p1a: Robotnik|0 fnt\n|faint|p1a: Robotnik\n|\n|upkeep\n|\n|t:|1700690385\n|switch|p1a: Longanizo|Gyarados, M, shiny|100\/100\n|-damage|p1a: Longanizo|75\/100|[from] Stealth Rock\n|-ability|p1a: Longanizo|Intimidate|boost\n|-unboost|p2a: El Polillo|atk|1\n|turn|11\n|\n|t:|1700690427\n|switch|p2a: TAPU G.O.A.T.|Tapu Koko, shiny|94\/100 tox\n|-activate|p2a: TAPU G.O.A.T.|move: Sticky Web\n|-unboost|p2a: TAPU G.O.A.T.|spe|1\n|-fieldstart|move: Electric Terrain|[from] ability: Electric Surge|[of] p2a: TAPU G.O.A.T.\n|move|p1a: Longanizo|Dragon Dance|p1a: Longanizo\n|-boost|p1a: Longanizo|atk|1\n|-boost|p1a: Longanizo|spe|1\n|\n|-damage|p2a: TAPU G.O.A.T.|88\/100 tox|[from] psn\n|upkeep\n|turn|12\n|\n|t:|1700690449\n|switch|p1a: Vikabolt|Gliscor, M|89\/100 tox\n|-damage|p1a: Vikabolt|77\/100 tox|[from] Stealth Rock\n|move|p2a: TAPU G.O.A.T.|Thunderbolt|p1a: Vikabolt\n|-immune|p1a: Vikabolt\n|\n|-damage|p2a: TAPU G.O.A.T.|76\/100 tox|[from] psn\n|-heal|p1a: Vikabolt|89\/100 tox|[from] ability: Poison Heal\n|upkeep\n|turn|13\n|\n|t:|1700690480\n|switch|p2a: Es un Garchomp|Meowscarada, M|100\/100\n|-activate|p2a: Es un Garchomp|move: Sticky Web\n|-unboost|p2a: Es un Garchomp|spe|1\n|move|p1a: Vikabolt|Earthquake|p2a: Es un Garchomp\n|-resisted|p2a: Es un Garchomp\n|-damage|p2a: Es un Garchomp|71\/100\n|\n|-heal|p1a: Vikabolt|100\/100 tox|[from] ability: Poison Heal\n|upkeep\n|turn|14\n|\n|t:|1700690531\n|move|p2a: Es un Garchomp|Low Kick|p1a: Vikabolt\n|-resisted|p1a: Vikabolt\n|-damage|p1a: Vikabolt|91\/100 tox\n|-damage|p2a: Es un Garchomp|61\/100|[from] item: Life Orb\n|move|p1a: Vikabolt|U-turn|p2a: Es un Garchomp\n|-supereffective|p2a: Es un Garchomp\n|-damage|p2a: Es un Garchomp|0 fnt\n|faint|p2a: Es un Garchomp\n|\n|t:|1700690553\n|switch|p1a: Este Se\u00f1or|Ribombee, F, tera:Fairy|44\/100|[from] U-turn\n|-damage|p1a: Este Se\u00f1or|32\/100|[from] Stealth Rock\n|\n|upkeep\n|\n|t:|1700690569\n|switch|p2a: Garch\u00f3n|Garchomp, M, shiny|100\/100\n|-activate|p2a: Garch\u00f3n|move: Sticky Web\n|-unboost|p2a: Garch\u00f3n|spe|1\n|turn|15\n|\n|t:|1700690578\n|detailschange|p2a: Garch\u00f3n|Garchomp-Mega, M, shiny\n|-mega|p2a: Garch\u00f3n|Garchomp|Garchompite\n|move|p1a: Este Se\u00f1or|Draining Kiss|p2a: Garch\u00f3n\n|-supereffective|p2a: Garch\u00f3n\n|-damage|p2a: Garch\u00f3n|42\/100\n|-heal|p1a: Este Se\u00f1or|100\/100|[from] drain|[of] p2a: Garch\u00f3n\n|move|p2a: Garch\u00f3n|Earthquake|p1a: Este Se\u00f1or\n|-damage|p1a: Este Se\u00f1or|0 fnt\n|faint|p1a: Este Se\u00f1or\n|\n|-fieldend|move: Electric Terrain\n|upkeep\n|\n|t:|1700690634\n|switch|p1a: Vikabolt|Gliscor, M|91\/100 tox\n|-damage|p1a: Vikabolt|79\/100 tox|[from] Stealth Rock\n|turn|16\n|\n|t:|1700690650\n|move|p1a: Vikabolt|Toxic|p2a: Garch\u00f3n\n|-status|p2a: Garch\u00f3n|tox\n|move|p2a: Garch\u00f3n|Dragon Claw|p1a: Vikabolt\n|-damage|p1a: Vikabolt|43\/100 tox\n|\n|-heal|p1a: Vikabolt|56\/100 tox|[from] ability: Poison Heal\n|-damage|p2a: Garch\u00f3n|36\/100 tox|[from] psn\n|upkeep\n|turn|17\n|\n|t:|1700690679\n|move|p1a: Vikabolt|Facade|p2a: Garch\u00f3n\n|-damage|p2a: Garch\u00f3n|2\/100 tox\n|move|p2a: Garch\u00f3n|Stone Edge|p1a: Vikabolt\n|-damage|p1a: Vikabolt|25\/100 tox\n|\n|-heal|p1a: Vikabolt|38\/100 tox|[from] ability: Poison Heal\n|-damage|p2a: Garch\u00f3n|0 fnt|[from] psn\n|faint|p2a: Garch\u00f3n\n|upkeep\n|\n|t:|1700690692\n|switch|p2a: El Polillo|Volcarona, F|100\/100\n|turn|18\n|\n|t:|1700690743\n|move|p2a: El Polillo|Fiery Dance|p1a: Vikabolt\n|-damage|p1a: Vikabolt|0 fnt\n|-boost|p2a: El Polillo|spa|1\n|faint|p1a: Vikabolt\n|\n|upkeep\n|\n|t:|1700690748\n|switch|p1a: Longanizo|Gyarados, M, shiny|75\/100\n|-damage|p1a: Longanizo|50\/100|[from] Stealth Rock\n|-ability|p1a: Longanizo|Intimidate|boost\n|-unboost|p2a: El Polillo|atk|1\n|turn|19\n|\n|t:|1700690771\n|switch|p2a: TAPU G.O.A.T.|Tapu Koko, shiny|76\/100 tox\n|-activate|p2a: TAPU G.O.A.T.|move: Sticky Web\n|-unboost|p2a: TAPU G.O.A.T.|spe|1\n|-fieldstart|move: Electric Terrain|[from] ability: Electric Surge|[of] p2a: TAPU G.O.A.T.\n|move|p1a: Longanizo|Earthquake|p2a: TAPU G.O.A.T.\n|-supereffective|p2a: TAPU G.O.A.T.\n|-damage|p2a: TAPU G.O.A.T.|0 fnt\n|faint|p2a: TAPU G.O.A.T.\n|\n|upkeep\n|\n|t:|1700690780\n|switch|p2a: El Polillo|Volcarona, F|100\/100\n|turn|20\n|\n|t:|1700690796\n|move|p2a: El Polillo|Fiery Dance|p1a: Longanizo\n|-resisted|p1a: Longanizo\n|-damage|p1a: Longanizo|25\/100\n|move|p1a: Longanizo|Waterfall|p2a: El Polillo\n|-supereffective|p2a: El Polillo\n|-damage|p2a: El Polillo|0 fnt\n|faint|p2a: El Polillo\n|\n|win|SportsyReal\n","uploadtime":1700690812,"views":20,"p1id":"sportsyreal","p2id":"orujo2","formatid":"gen9nationaldex","rating":0,"private":0,"password":""}