{"id":"gen9nationaldex-1992937937","p1":"Jor99fran","p2":"Azu_CriticalXD","format":"[Gen 9] National Dex","log":"|j|\u2606Jor99fran\n|j|\u2606Azu_CriticalXD\n|t:|1700248476\n|gametype|singles\n|player|p1|Jor99fran|ghetsis|\n|player|p2|Azu_CriticalXD|ltsurge|\n|teamsize|p1|6\n|teamsize|p2|6\n|gen|9\n|tier|[Gen 9] National Dex\n|rule|HP Percentage Mod: HP is shown in percentages\n|rule|Endless Battle Clause: Forcing endless battles is banned\n|rule|OHKO Clause: OHKO moves are banned\n|rule|Evasion Clause: Evasion abilities, items, and moves are banned\n|rule|Evasion Abilities Clause: Evasion abilities are banned\n|rule|Evasion Items Clause: Evasion items are banned\n|rule|Evasion Moves Clause: Evasion moves are banned\n|rule|Species Clause: Limit one of each Pok\u00e9mon\n|rule|Sleep Clause Mod: Limit one foe put to sleep\n|clearpoke\n|poke|p1|Basculegion-F, F|\n|poke|p1|Chandelure, F|\n|poke|p1|Gengar, M|\n|poke|p1|Decidueye, M|\n|poke|p1|Palossand, M|\n|poke|p1|Skeledirge, M|\n|poke|p2|Chansey, F|\n|poke|p2|Ursaluna, F|\n|poke|p2|Maushold-Four|\n|poke|p2|Regigigas|\n|poke|p2|Pidgeot, F|\n|poke|p2|Porygon-Z|\n|teampreview\n|c|\u2606Jor99fran|hola\n|c|\u2606Jor99fran|xd\n|\n|t:|1700248487\n|start\n|switch|p1a: Gengar|Gengar, M, shiny|100\/100\n|switch|p2a: Reginder|Regigigas, shiny|100\/100\n|-start|p2a: Reginder|ability: Slow Start\n|turn|1\n|c|\u2606Azu_CriticalXD|xd\n|\n|t:|1700248499\n|move|p1a: Gengar|Toxic Spikes|p2a: Reginder\n|-sidestart|p2: Azu_CriticalXD|move: Toxic Spikes\n|move|p2a: Reginder|Thunder Wave|p1a: Gengar\n|-status|p1a: Gengar|par\n|\n|upkeep\n|turn|2\n|inactive|Battle timer is ON: inactive players will automatically lose when time's up. (requested by Jor99fran)\n|\n|t:|1700248528\n|move|p1a: Gengar|Toxic Spikes|p2a: Reginder\n|-sidestart|p2: Azu_CriticalXD|move: Toxic Spikes\n|move|p2a: Reginder|Avalanche|p1a: Gengar\n|-damage|p1a: Gengar|74\/100 par\n|-start|p2a: Reginder|Disable|Avalanche|[from] ability: Cursed Body|[of] p1a: Gengar\n|\n|-heal|p1a: Gengar|81\/100 par|[from] item: Leftovers\n|upkeep\n|turn|3\n|c|\u2606Azu_CriticalXD|pipipi mandaba un msj\n|c|\u2606Jor99fran|a\n|c|\u2606Jor99fran|XD\n|\n|t:|1700248551\n|-end|p2a: Reginder|Slow Start|[silent]\n|switch|p2a: Dashy|Pidgeot, F, shiny|100\/100\n|move|p1a: Gengar|Will-O-Wisp|p2a: Dashy\n|-status|p2a: Dashy|brn\n|\n|-heal|p1a: Gengar|87\/100 par|[from] item: Leftovers\n|-damage|p2a: Dashy|94\/100 brn|[from] brn\n|upkeep\n|turn|4\n|\n|t:|1700248561\n|detailschange|p2a: Dashy|Pidgeot-Mega, F, shiny\n|-mega|p2a: Dashy|Pidgeot|Pidgeotite\n|move|p2a: Dashy|Hurricane|p1a: Gengar\n|-damage|p1a: Gengar|0 fnt\n|faint|p1a: Gengar\n|\n|-damage|p2a: Dashy|88\/100 brn|[from] brn\n|upkeep\n|\n|t:|1700248569\n|switch|p1a: Palossand|Palossand, M|100\/100\n|turn|5\n|\n|t:|1700248583\n|switch|p2a: Nightmares|Maushold-Four, shiny|100\/100\n|-status|p2a: Nightmares|tox\n|-terastallize|p1a: Palossand|Water\n|move|p1a: Palossand|Stealth Rock|p2a: Nightmares\n|-sidestart|p2: Azu_CriticalXD|move: Stealth Rock\n|\n|-damage|p2a: Nightmares|94\/100 tox|[from] psn\n|upkeep\n|turn|6\n|j| Oxxo_ntsm\n|\n|t:|1700248592\n|move|p2a: Nightmares|Encore|p1a: Palossand\n|-start|p1a: Palossand|Encore\n|move|p1a: Palossand|Stealth Rock||[still]\n|-fail|p1a: Palossand\n|\n|-damage|p2a: Nightmares|82\/100 tox|[from] psn\n|upkeep\n|turn|7\n|c| Oxxo_ntsm|Hola\n|c|\u2606Jor99fran|hola\n|c|\u2606Azu_CriticalXD|wenas\n|\n|t:|1700248607\n|switch|p1a: Chandelure|Chandelure, F|100\/100\n|move|p2a: Nightmares|Tidy Up|p2a: Nightmares\n|-sideend|p2: Azu_CriticalXD|Toxic Spikes\n|-sideend|p2: Azu_CriticalXD|Stealth Rock\n|-activate|p2a: Nightmares|move: Tidy Up\n|-boost|p2a: Nightmares|atk|1\n|-boost|p2a: Nightmares|spe|1\n|\n|-damage|p2a: Nightmares|63\/100 tox|[from] psn\n|upkeep\n|turn|8\n|\n|t:|1700248616\n|move|p2a: Nightmares|U-turn|p1a: Chandelure\n|-resisted|p1a: Chandelure\n|-damage|p1a: Chandelure|92\/100\n|\n|t:|1700248619\n|switch|p2a: Chachan|Chansey, F, shiny|100\/100|[from] U-turn\n|move|p1a: Chandelure|Flamethrower|p2a: Chachan\n|-damage|p2a: Chachan|86\/100\n|\n|upkeep\n|turn|9\n|\n|t:|1700248627\n|move|p1a: Chandelure|Calm Mind|p1a: Chandelure\n|-boost|p1a: Chandelure|spa|1\n|-boost|p1a: Chandelure|spd|1\n|move|p2a: Chachan|Heal Bell|p2a: Chachan\n|-activate|p2a: Chachan|move: Heal Bell\n|-curestatus|p2: Dashy|brn|[msg]\n|-curestatus|p2: Nightmares|tox|[msg]\n|\n|upkeep\n|turn|10\n|\n|t:|1700248638\n|move|p1a: Chandelure|Substitute|p1a: Chandelure\n|-start|p1a: Chandelure|Substitute\n|-damage|p1a: Chandelure|67\/100\n|move|p2a: Chachan|Thunder Wave||[still]\n|-fail|p2a: Chachan\n|\n|upkeep\n|turn|11\n|\n|t:|1700248645\n|move|p1a: Chandelure|Calm Mind|p1a: Chandelure\n|-boost|p1a: Chandelure|spa|1\n|-boost|p1a: Chandelure|spd|1\n|move|p2a: Chachan|Seismic Toss|p1a: Chandelure\n|-immune|p1a: Chandelure\n|\n|upkeep\n|turn|12\n|c|\u2606Jor99fran|gracias mi causa\n|\n|t:|1700248662\n|switch|p2a: Reginder|Regigigas, shiny|100\/100\n|-start|p2a: Reginder|ability: Slow Start\n|move|p1a: Chandelure|Calm Mind|p1a: Chandelure\n|-boost|p1a: Chandelure|spa|1\n|-boost|p1a: Chandelure|spd|1\n|\n|upkeep\n|turn|13\n|\n|t:|1700248671\n|move|p1a: Chandelure|Flamethrower|p2a: Reginder\n|-damage|p2a: Reginder|3\/100\n|move|p2a: Reginder|Avalanche|p1a: Chandelure\n|-resisted|p1a: Chandelure\n|-activate|p1a: Chandelure|move: Substitute|[damage]\n|\n|-heal|p2a: Reginder|9\/100|[from] item: Leftovers\n|upkeep\n|turn|14\n|\n|t:|1700248680\n|move|p1a: Chandelure|Flamethrower|p2a: Reginder\n|-damage|p2a: Reginder|0 fnt\n|faint|p2a: Reginder\n|-end|p2a: Reginder|Slow Start|[silent]\n|\n|upkeep\n|\n|t:|1700248689\n|switch|p2a: Dashy|Pidgeot-Mega, F, shiny|88\/100\n|turn|15\n|\n|t:|1700248700\n|move|p2a: Dashy|Hurricane|p1a: Chandelure\n|-end|p1a: Chandelure|Substitute\n|move|p1a: Chandelure|Flamethrower|p2a: Dashy\n|-damage|p2a: Dashy|0 fnt\n|faint|p2a: Dashy\n|\n|upkeep\n|c| Oxxo_ntsm|Duda, Chandelur no aprendia Psicocarga?\n|c| Oxxo_ntsm|Seria muy util\n|c|\u2606Azu_CriticalXD|xd el sustituto me jodio\n|c|\u2606Jor99fran|igual me sirve thrower\n|c|\u2606Jor99fran|XD\n|\n|t:|1700248726\n|switch|p2a: Glitchy.exe|Porygon-Z, shiny|100\/100\n|turn|16\n|c|\u2606Azu_CriticalXD|no puede aprender psiquico?\n|inactive|Azu_CriticalXD has 270 seconds left.\n|\n|t:|1700248742\n|move|p2a: Glitchy.exe|Thunderbolt|p1a: Chandelure\n|-damage|p1a: Chandelure|45\/100\n|move|p1a: Chandelure|Substitute|p1a: Chandelure\n|-start|p1a: Chandelure|Substitute\n|-damage|p1a: Chandelure|20\/100\n|\n|upkeep\n|turn|17\n|c|\u2606Jor99fran|si pero me sirve mas as\u00ed\n|\n|t:|1700248749\n|move|p2a: Glitchy.exe|Thunderbolt|p1a: Chandelure\n|-activate|p1a: Chandelure|move: Substitute|[damage]\n|move|p1a: Chandelure|Flamethrower|p2a: Glitchy.exe\n|-damage|p2a: Glitchy.exe|0 fnt\n|faint|p2a: Glitchy.exe\n|\n|upkeep\n|inactive|Azu_CriticalXD has 270 seconds left.\n|\n|t:|1700248760\n|switch|p2a: Fancie|Ursaluna, F, shiny|100\/100\n|turn|18\n|l| Oxxo_ntsm\n|\n|t:|1700248768\n|move|p1a: Chandelure|Flamethrower|p2a: Fancie\n|-damage|p2a: Fancie|0 fnt\n|faint|p2a: Fancie\n|\n|upkeep\n|\n|t:|1700248773\n|switch|p2a: Chachan|Chansey, F, shiny|86\/100\n|turn|19\n|c|\u2606Jor99fran|XDDDDD\n|\n|t:|1700248781\n|move|p1a: Chandelure|Calm Mind|p1a: Chandelure\n|-boost|p1a: Chandelure|spa|1\n|-boost|p1a: Chandelure|spd|1\n|move|p2a: Chachan|Seismic Toss|p1a: Chandelure\n|-immune|p1a: Chandelure\n|\n|upkeep\n|turn|20\n|\n|t:|1700248790\n|switch|p2a: Nightmares|Maushold-Four, shiny|63\/100\n|move|p1a: Chandelure|Flamethrower|p2a: Nightmares\n|-damage|p2a: Nightmares|0 fnt\n|faint|p2a: Nightmares\n|\n|upkeep\n|\n|t:|1700248796\n|switch|p2a: Chachan|Chansey, F, shiny|86\/100\n|turn|21\n|c|\u2606Jor99fran|tremenda papeada\n|c|\u2606Azu_CriticalXD|vrga me falto calculo\n|c|\u2606Azu_CriticalXD|si\n|\n|t:|1700248813\n|move|p1a: Chandelure|Flamethrower|p2a: Chachan\n|-damage|p2a: Chachan|39\/100\n|move|p2a: Chachan|Seismic Toss|p1a: Chandelure\n|-immune|p1a: Chandelure\n|\n|upkeep\n|turn|22\n|\n|t:|1700248820\n|move|p1a: Chandelure|Flamethrower|p2a: Chachan\n|-damage|p2a: Chachan|0 fnt\n|faint|p2a: Chachan\n|\n|win|Jor99fran\n|c|\u2606Jor99fran|XDD\n","uploadtime":1700248825,"views":8,"p1id":"jor99fran","p2id":"azucriticalxd","formatid":"gen9nationaldex","rating":0,"private":0,"password":""}