{"id":"gen9nationaldex-1989918981","p1":"Garchompbestpsuedo","p2":"Zaralacatunga","format":"[Gen 9] National Dex","log":"|j|\u2606Garchompbestpsuedo\n|j|\u2606Zaralacatunga\n|t:|1699906711\n|gametype|singles\n|player|p1|Garchompbestpsuedo|lyra|1086\n|player|p2|Zaralacatunga|steven|1021\n|teamsize|p1|6\n|teamsize|p2|6\n|gen|9\n|tier|[Gen 9] National Dex\n|rated|\n|rule|HP Percentage Mod: HP is shown in percentages\n|rule|Endless Battle Clause: Forcing endless battles is banned\n|rule|OHKO Clause: OHKO moves are banned\n|rule|Evasion Clause: Evasion abilities, items, and moves are banned\n|rule|Evasion Abilities Clause: Evasion abilities are banned\n|rule|Evasion Items Clause: Evasion items are banned\n|rule|Evasion Moves Clause: Evasion moves are banned\n|rule|Species Clause: Limit one of each Pok\u00e9mon\n|rule|Sleep Clause Mod: Limit one foe put to sleep\n|clearpoke\n|poke|p1|Flamigo, M|\n|poke|p1|Slither Wing|\n|poke|p1|Tauros-Paldea-Combat, M|\n|poke|p1|Grapploct, M|\n|poke|p1|Hitmontop, M|\n|poke|p1|Passimian, F|\n|poke|p2|Quagsire, M|\n|poke|p2|Scizor, M|\n|poke|p2|Drapion, F|\n|poke|p2|Zoroark-Hisui, F|\n|poke|p2|Jolteon, M|\n|poke|p2|Snorlax, M|\n|teampreview\n|c|\u2606Zaralacatunga|Glhf\n|inactive|Battle timer is ON: inactive players will automatically lose when time's up. (requested by Garchompbestpsuedo)\n|\n|t:|1699906725\n|start\n|switch|p1a: Flamigo|Flamigo, M|100\/100\n|switch|p2a: Drapion|Drapion, F|100\/100\n|turn|1\n|\n|t:|1699906734\n|move|p2a: Drapion|Iron Defense|p2a: Drapion\n|-boost|p2a: Drapion|def|2\n|move|p1a: Flamigo|Bulk Up|p1a: Flamigo\n|-boost|p1a: Flamigo|atk|1\n|-boost|p1a: Flamigo|def|1\n|\n|upkeep\n|turn|2\n|\n|t:|1699906742\n|move|p2a: Drapion|Toxic Spikes|p1a: Flamigo\n|-sidestart|p1: Garchompbestpsuedo|move: Toxic Spikes\n|move|p1a: Flamigo|Bulk Up|p1a: Flamigo\n|-boost|p1a: Flamigo|atk|1\n|-boost|p1a: Flamigo|def|1\n|\n|upkeep\n|turn|3\n|\n|t:|1699906749\n|move|p2a: Drapion|Iron Defense|p2a: Drapion\n|-boost|p2a: Drapion|def|2\n|move|p1a: Flamigo|Bulk Up|p1a: Flamigo\n|-boost|p1a: Flamigo|atk|1\n|-boost|p1a: Flamigo|def|1\n|\n|upkeep\n|turn|4\n|\n|t:|1699906756\n|move|p2a: Drapion|Iron Defense|p2a: Drapion\n|-boost|p2a: Drapion|def|2\n|move|p1a: Flamigo|Bulk Up|p1a: Flamigo\n|-boost|p1a: Flamigo|atk|1\n|-boost|p1a: Flamigo|def|1\n|\n|upkeep\n|turn|5\n|\n|t:|1699906763\n|move|p2a: Drapion|Toxic Spikes|p1a: Flamigo\n|-sidestart|p1: Garchompbestpsuedo|move: Toxic Spikes\n|move|p1a: Flamigo|Bulk Up|p1a: Flamigo\n|-boost|p1a: Flamigo|atk|1\n|-boost|p1a: Flamigo|def|1\n|\n|upkeep\n|turn|6\n|\n|t:|1699906773\n|move|p2a: Drapion|Substitute|p2a: Drapion\n|-start|p2a: Drapion|Substitute\n|-damage|p2a: Drapion|75\/100\n|move|p1a: Flamigo|Bulk Up|p1a: Flamigo\n|-boost|p1a: Flamigo|atk|1\n|-boost|p1a: Flamigo|def|1\n|\n|-heal|p2a: Drapion|82\/100|[from] item: Black Sludge\n|upkeep\n|turn|7\n|\n|t:|1699906783\n|move|p2a: Drapion|Toxic Spikes||[still]\n|-fail|p2a: Drapion\n|move|p1a: Flamigo|Brave Bird|p2a: Drapion\n|-end|p2a: Drapion|Substitute\n|-damage|p1a: Flamigo|92\/100|[from] Recoil|[of] p2a: Drapion\n|\n|-heal|p2a: Drapion|88\/100|[from] item: Black Sludge\n|-heal|p1a: Flamigo|98\/100|[from] item: Leftovers\n|upkeep\n|turn|8\n|\n|t:|1699906798\n|move|p2a: Drapion|Substitute|p2a: Drapion\n|-start|p2a: Drapion|Substitute\n|-damage|p2a: Drapion|63\/100\n|move|p1a: Flamigo|Brave Bird|p2a: Drapion\n|-end|p2a: Drapion|Substitute\n|-damage|p1a: Flamigo|89\/100|[from] Recoil|[of] p2a: Drapion\n|\n|-heal|p2a: Drapion|69\/100|[from] item: Black Sludge\n|-heal|p1a: Flamigo|95\/100|[from] item: Leftovers\n|upkeep\n|turn|9\n|\n|t:|1699906811\n|move|p2a: Drapion|Substitute|p2a: Drapion\n|-start|p2a: Drapion|Substitute\n|-damage|p2a: Drapion|44\/100\n|move|p1a: Flamigo|Brave Bird|p2a: Drapion\n|-end|p2a: Drapion|Substitute\n|-damage|p1a: Flamigo|86\/100|[from] Recoil|[of] p2a: Drapion\n|\n|-heal|p2a: Drapion|50\/100|[from] item: Black Sludge\n|-heal|p1a: Flamigo|93\/100|[from] item: Leftovers\n|upkeep\n|turn|10\n|\n|t:|1699906825\n|move|p2a: Drapion|Substitute|p2a: Drapion\n|-start|p2a: Drapion|Substitute\n|-damage|p2a: Drapion|25\/100\n|move|p1a: Flamigo|Brave Bird|p2a: Drapion\n|-end|p2a: Drapion|Substitute\n|-damage|p1a: Flamigo|84\/100|[from] Recoil|[of] p2a: Drapion\n|\n|-heal|p2a: Drapion|31\/100|[from] item: Black Sludge\n|-heal|p1a: Flamigo|90\/100|[from] item: Leftovers\n|upkeep\n|turn|11\n|\n|t:|1699906838\n|move|p2a: Drapion|Crunch|p1a: Flamigo\n|-resisted|p1a: Flamigo\n|-damage|p1a: Flamigo|86\/100\n|move|p1a: Flamigo|Brave Bird|p2a: Drapion\n|-damage|p2a: Drapion|0 fnt\n|faint|p2a: Drapion\n|-damage|p1a: Flamigo|75\/100|[from] Recoil\n|\n|-heal|p1a: Flamigo|81\/100|[from] item: Leftovers\n|upkeep\n|\n|t:|1699906853\n|switch|p2a: Jolteon|Jolteon, M|100\/100\n|turn|12\n|\n|t:|1699906862\n|move|p2a: Jolteon|Volt Switch|p1a: Flamigo\n|-supereffective|p1a: Flamigo\n|-damage|p1a: Flamigo|8\/100\n|\n|t:|1699906867\n|switch|p2a: Quagsire|Quagsire, M|100\/100|[from] Volt Switch\n|move|p1a: Flamigo|Brave Bird|p2a: Quagsire\n|-damage|p2a: Quagsire|38\/100\n|-damage|p1a: Flamigo|0 fnt|[from] Recoil\n|faint|p1a: Flamigo\n|\n|upkeep\n|\n|t:|1699906879\n|switch|p1a: Slither Wing|Slither Wing|100\/100\n|-status|p1a: Slither Wing|tox\n|turn|13\n|\n|t:|1699906891\n|switch|p2a: Scizor|Scizor, M|100\/100\n|move|p1a: Slither Wing|Lunge|p2a: Scizor\n|-resisted|p2a: Scizor\n|-damage|p2a: Scizor|76\/100\n|-unboost|p2a: Scizor|atk|1\n|\n|-damage|p1a: Slither Wing|94\/100 tox|[from] psn\n|upkeep\n|turn|14\n|\n|t:|1699906911\n|move|p2a: Scizor|Bullet Punch|p1a: Slither Wing\n|-damage|p1a: Slither Wing|68\/100 tox\n|move|p1a: Slither Wing|Bulk Up|p1a: Slither Wing\n|-boost|p1a: Slither Wing|atk|1\n|-boost|p1a: Slither Wing|def|1\n|\n|-heal|p1a: Slither Wing|74\/100 tox|[from] item: Leftovers\n|-damage|p1a: Slither Wing|62\/100 tox|[from] psn\n|upkeep\n|turn|15\n|\n|t:|1699906922\n|move|p2a: Scizor|Bullet Punch|p1a: Slither Wing\n|-damage|p1a: Slither Wing|43\/100 tox\n|move|p1a: Slither Wing|Close Combat|p2a: Scizor\n|-damage|p2a: Scizor|0 fnt\n|-unboost|p1a: Slither Wing|def|1\n|-unboost|p1a: Slither Wing|spd|1\n|faint|p2a: Scizor\n|\n|-heal|p1a: Slither Wing|49\/100 tox|[from] item: Leftovers\n|-damage|p1a: Slither Wing|31\/100 tox|[from] psn\n|upkeep\n|\n|t:|1699906935\n|switch|p2a: Jolteon|Jolteon, M|100\/100\n|turn|16\n|\n|t:|1699906944\n|-end|p1a: Slither Wing|Protosynthesis|[silent]\n|switch|p1a: Hitmontop|Hitmontop, M|100\/100\n|-status|p1a: Hitmontop|tox\n|move|p2a: Jolteon|Volt Switch|p1a: Hitmontop\n|-damage|p1a: Hitmontop|69\/100 tox\n|\n|t:|1699906951\n|switch|p2a: Quagsire|Quagsire, M|100\/100|[from] Volt Switch\n|\n|-heal|p1a: Hitmontop|75\/100 tox|[from] item: Leftovers\n|-damage|p1a: Hitmontop|69\/100 tox|[from] psn\n|upkeep\n|turn|17\n|\n|t:|1699906965\n|move|p2a: Quagsire|Nasty Plot|p2a: Quagsire\n|-boost|p2a: Quagsire|spa|2\n|move|p1a: Hitmontop|Triple Axel|p2a: Quagsire|[miss]\n|-miss|p1a: Hitmontop|p2a: Quagsire\n|\n|-heal|p1a: Hitmontop|75\/100 tox|[from] item: Leftovers\n|-damage|p1a: Hitmontop|63\/100 tox|[from] psn\n|upkeep\n|turn|18\n|\n|t:|1699906980\n|move|p2a: Quagsire|Bitter Malice|p1a: Hitmontop\n|-damage|p1a: Hitmontop|0 fnt\n|faint|p1a: Hitmontop\n|\n|upkeep\n|\n|t:|1699906990\n|switch|p1a: Grapploct|Grapploct, M|100\/100\n|-status|p1a: Grapploct|tox\n|turn|19\n|\n|t:|1699906997\n|move|p2a: Quagsire|Curse|p1a: Grapploct\n|-start|p1a: Grapploct|Curse|[of] p2a: Quagsire\n|-damage|p2a: Quagsire|50\/100\n|move|p1a: Grapploct|Topsy-Turvy|p2a: Quagsire\n|-invertboost|p2a: Quagsire|[from] move: Topsy-Turvy\n|\n|-damage|p1a: Grapploct|95\/100 tox|[from] psn\n|-damage|p1a: Grapploct|70\/100 tox|[from] Curse\n|upkeep\n|turn|20\n|\n|t:|1699907008\n|move|p2a: Quagsire|Nasty Plot|p2a: Quagsire\n|-boost|p2a: Quagsire|spa|2\n|move|p1a: Grapploct|Stomping Tantrum|p2a: Quagsire\n|-damage|p2a: Quagsire|2\/100\n|replace|p2a: Zoroark|Zoroark-Hisui, F\n|-end|p2a: Zoroark|Illusion\n|\n|-heal|p1a: Grapploct|76\/100 tox|[from] item: Leftovers\n|-damage|p1a: Grapploct|64\/100 tox|[from] psn\n|-damage|p1a: Grapploct|39\/100 tox|[from] Curse\n|upkeep\n|turn|21\n|\n|t:|1699907020\n|move|p2a: Zoroark|Bitter Malice|p1a: Grapploct\n|-damage|p1a: Grapploct|0 fnt\n|faint|p1a: Grapploct\n|\n|upkeep\n|\n|t:|1699907032\n|switch|p1a: Slither Wing|Slither Wing|31\/100 tox\n|turn|22\n|\n|t:|1699907037\n|move|p2a: Zoroark|Hyper Voice|p1a: Slither Wing\n|-damage|p1a: Slither Wing|0 fnt\n|faint|p1a: Slither Wing\n|-end|p1a: Slither Wing|Protosynthesis|[silent]\n|-enditem|p2a: Zoroark|Throat Spray\n|-boost|p2a: Zoroark|spa|1|[from] item: Throat Spray\n|\n|upkeep\n|\n|t:|1699907064\n|switch|p1a: Passimian|Passimian, F|100\/100\n|-status|p1a: Passimian|tox\n|turn|23\n|inactive|Garchompbestpsuedo has 120 seconds left.\n|\n|t:|1699907086\n|move|p2a: Zoroark|Curse|p1a: Passimian\n|-start|p1a: Passimian|Curse|[of] p2a: Zoroark\n|-damage|p2a: Zoroark|0 fnt\n|faint|p2a: Zoroark\n|move|p1a: Passimian|Earthquake|p2: Zoroark|[notarget]\n|-fail|p1a: Passimian\n|\n|-damage|p1a: Passimian|94\/100 tox|[from] psn\n|-damage|p1a: Passimian|69\/100 tox|[from] Curse\n|upkeep\n|inactive|Zaralacatunga has 120 seconds left.\n|\n|t:|1699907121\n|switch|p2a: Jolteon|Jolteon, M|100\/100\n|turn|24\n|\n|t:|1699907127\n|-terastallize|p2a: Jolteon|Electric\n|move|p2a: Jolteon|Electro Ball|p1a: Passimian\n|-damage|p1a: Passimian|17\/100 tox\n|move|p1a: Passimian|Earthquake|p2a: Jolteon\n|-supereffective|p2a: Jolteon\n|-damage|p2a: Jolteon|0 fnt\n|faint|p2a: Jolteon\n|\n|-heal|p1a: Passimian|23\/100 tox|[from] item: Leftovers\n|-damage|p1a: Passimian|10\/100 tox|[from] psn\n|-damage|p1a: Passimian|0 fnt|[from] Curse\n|faint|p1a: Passimian\n|upkeep\n|inactive|Zaralacatunga has 120 seconds left.\n|\n|t:|1699907144\n|switch|p2a: Quagsire|Quagsire, M|38\/100\n|switch|p1a: Tauros|Tauros-Paldea-Combat, M|100\/100\n|-status|p1a: Tauros|tox\n|turn|25\n|\n|t:|1699907152\n|move|p1a: Tauros|Close Combat|p2a: Quagsire\n|-damage|p2a: Quagsire|0 fnt\n|-unboost|p1a: Tauros|def|1\n|-unboost|p1a: Tauros|spd|1\n|faint|p2a: Quagsire\n|\n|-damage|p1a: Tauros|94\/100 tox|[from] psn\n|upkeep\n|\n|t:|1699907160\n|switch|p2a: Snorlax|Snorlax, M|100\/100\n|turn|26\n|inactive|Zaralacatunga has 120 seconds left.\n|\n|t:|1699907168\n|move|p1a: Tauros|Close Combat|p2a: Snorlax\n|-supereffective|p2a: Snorlax\n|-damage|p2a: Snorlax|32\/100\n|-unboost|p1a: Tauros|def|1\n|-unboost|p1a: Tauros|spd|1\n|move|p2a: Snorlax|Body Press|p1a: Tauros\n|-damage|p1a: Tauros|54\/100 tox\n|\n|-heal|p1a: Tauros|60\/100 tox|[from] item: Leftovers\n|-heal|p2a: Snorlax|38\/100|[from] item: Leftovers\n|-damage|p1a: Tauros|48\/100 tox|[from] psn\n|upkeep\n|turn|27\n|inactive|Zaralacatunga has 120 seconds left.\n|\n|t:|1699907181\n|move|p1a: Tauros|Close Combat|p2a: Snorlax\n|-supereffective|p2a: Snorlax\n|-damage|p2a: Snorlax|0 fnt\n|-unboost|p1a: Tauros|def|1\n|-unboost|p1a: Tauros|spd|1\n|faint|p2a: Snorlax\n|\n|win|Garchompbestpsuedo\n|raw|Garchompbestpsuedo's rating: 1086 &rarr; <strong>1108<\/strong><br \/>(+22 for winning)\n|raw|Zaralacatunga's rating: 1021 &rarr; <strong>1010<\/strong><br \/>(-11 for losing)\n|c|\u2606Zaralacatunga|Gg\n","uploadtime":1699907190,"views":12,"p1id":"garchompbestpsuedo","p2id":"zaralacatunga","formatid":"gen9nationaldex","rating":1010,"private":0,"password":""}