{"id":"gen9nationaldex-1988478953","p1":"wbehm","p2":"Vvbttij","format":"[Gen 9] National Dex","log":"|j|\u2606wbehm\n|j|\u2606Vvbttij\n|t:|1699727318\n|gametype|singles\n|player|p1|wbehm|102|1060\n|player|p2|Vvbttij|red|1038\n|teamsize|p1|6\n|teamsize|p2|6\n|gen|9\n|tier|[Gen 9] National Dex\n|rated|\n|rule|HP Percentage Mod: HP is shown in percentages\n|rule|Endless Battle Clause: Forcing endless battles is banned\n|rule|OHKO Clause: OHKO moves are banned\n|rule|Evasion Clause: Evasion abilities, items, and moves are banned\n|rule|Evasion Abilities Clause: Evasion abilities are banned\n|rule|Evasion Items Clause: Evasion items are banned\n|rule|Evasion Moves Clause: Evasion moves are banned\n|rule|Species Clause: Limit one of each Pok\u00e9mon\n|rule|Sleep Clause Mod: Limit one foe put to sleep\n|clearpoke\n|poke|p1|Salamence, M|\n|poke|p1|Breloom, M|\n|poke|p1|Luvdisc, M|\n|poke|p1|Glimmora, F|\n|poke|p1|Pincurchin, M|\n|poke|p1|Farigiraf, F|\n|poke|p2|Charizard, F|\n|poke|p2|Blastoise, F|\n|poke|p2|Venusaur, F|\n|poke|p2|Snorlax, F|\n|poke|p2|Lapras, F|\n|poke|p2|Pikachu, M|\n|teampreview\n|inactive|Battle timer is ON: inactive players will automatically lose when time's up. (requested by wbehm)\n|\n|t:|1699727326\n|start\n|switch|p1a: the disc|Luvdisc, M, shiny|100\/100\n|switch|p2a: Charizard|Charizard, F|100\/100\n|turn|1\n|\n|t:|1699727331\n|move|p2a: Charizard|Belly Drum|p2a: Charizard\n|-damage|p2a: Charizard|50\/100\n|-setboost|p2a: Charizard|atk|6|[from] move: Belly Drum\n|move|p1a: the disc|Hydro Pump|p2a: Charizard\n|-supereffective|p2a: Charizard\n|-crit|p2a: Charizard\n|-damage|p2a: Charizard|0 fnt\n|faint|p2a: Charizard\n|\n|upkeep\n|\n|t:|1699727338\n|switch|p2a: Pikachu|Pikachu, M|100\/100\n|turn|2\n|\n|t:|1699727341\n|move|p1a: the disc|Hydro Pump|p2a: Pikachu\n|-damage|p2a: Pikachu|0 fnt\n|faint|p2a: Pikachu\n|\n|upkeep\n|\n|t:|1699727350\n|switch|p2a: Lapras|Lapras, F|100\/100\n|turn|3\n|c|\u2606wbehm|specs luvdisc is bad not not as bad as regular luvdisc\n|\n|t:|1699727368\n|move|p1a: the disc|Hydro Pump|p2a: Lapras\n|-immune|p2a: Lapras|[from] ability: Water Absorb\n|move|p2a: Lapras|Dragon Dance|p2a: Lapras\n|-boost|p2a: Lapras|atk|1\n|-boost|p2a: Lapras|spe|1\n|\n|upkeep\n|turn|4\n|\n|t:|1699727376\n|switch|p1a: shroomy|Breloom, M, shiny|100\/100\n|move|p2a: Lapras|Dragon Dance|p2a: Lapras\n|-boost|p2a: Lapras|atk|1\n|-boost|p2a: Lapras|spe|1\n|\n|upkeep\n|turn|5\n|\n|t:|1699727382\n|move|p2a: Lapras|Freeze-Dry|p1a: shroomy\n|-supereffective|p1a: shroomy\n|-damage|p1a: shroomy|20\/100\n|move|p1a: shroomy|Bullet Seed|p2a: Lapras\n|-supereffective|p2a: Lapras\n|-damage|p2a: Lapras|60\/100\n|-supereffective|p2a: Lapras\n|-damage|p2a: Lapras|16\/100\n|-supereffective|p2a: Lapras\n|-damage|p2a: Lapras|0 fnt\n|faint|p2a: Lapras\n|-hitcount|p2: Lapras|3\n|\n|upkeep\n|\n|t:|1699727391\n|switch|p2a: Venusaur|Venusaur, F|100\/100\n|turn|6\n|\n|t:|1699727396\n|detailschange|p2a: Venusaur|Venusaur-Mega, F\n|-mega|p2a: Venusaur|Venusaur|Venusaurite\n|move|p1a: shroomy|Aerial Ace|p2a: Venusaur\n|-supereffective|p2a: Venusaur\n|-damage|p2a: Venusaur|66\/100\n|move|p2a: Venusaur|Curse|p2a: Venusaur\n|-unboost|p2a: Venusaur|spe|1\n|-boost|p2a: Venusaur|atk|1\n|-boost|p2a: Venusaur|def|1\n|\n|upkeep\n|turn|7\n|\n|t:|1699727404\n|move|p1a: shroomy|Aerial Ace|p2a: Venusaur\n|-supereffective|p2a: Venusaur\n|-damage|p2a: Venusaur|42\/100\n|move|p2a: Venusaur|Curse|p2a: Venusaur\n|-unboost|p2a: Venusaur|spe|1\n|-boost|p2a: Venusaur|atk|1\n|-boost|p2a: Venusaur|def|1\n|\n|upkeep\n|turn|8\n|\n|t:|1699727411\n|move|p1a: shroomy|Aerial Ace|p2a: Venusaur\n|-supereffective|p2a: Venusaur\n|-damage|p2a: Venusaur|22\/100\n|move|p2a: Venusaur|Synthesis|p2a: Venusaur\n|-heal|p2a: Venusaur|72\/100\n|\n|upkeep\n|turn|9\n|\n|t:|1699727423\n|move|p1a: shroomy|Aerial Ace|p2a: Venusaur\n|-supereffective|p2a: Venusaur\n|-damage|p2a: Venusaur|55\/100\n|move|p2a: Venusaur|Curse|p2a: Venusaur\n|-unboost|p2a: Venusaur|spe|1\n|-boost|p2a: Venusaur|atk|1\n|-boost|p2a: Venusaur|def|1\n|\n|upkeep\n|turn|10\n|\n|t:|1699727430\n|move|p1a: shroomy|Aerial Ace|p2a: Venusaur\n|-supereffective|p2a: Venusaur\n|-damage|p2a: Venusaur|39\/100\n|move|p2a: Venusaur|Synthesis|p2a: Venusaur\n|-heal|p2a: Venusaur|89\/100\n|\n|upkeep\n|turn|11\n|\n|t:|1699727436\n|move|p1a: shroomy|Aerial Ace|p2a: Venusaur\n|-supereffective|p2a: Venusaur\n|-damage|p2a: Venusaur|73\/100\n|move|p2a: Venusaur|Curse|p2a: Venusaur\n|-unboost|p2a: Venusaur|spe|1\n|-boost|p2a: Venusaur|atk|1\n|-boost|p2a: Venusaur|def|1\n|\n|upkeep\n|turn|12\n|\n|t:|1699727443\n|move|p1a: shroomy|Aerial Ace|p2a: Venusaur\n|-supereffective|p2a: Venusaur\n|-damage|p2a: Venusaur|61\/100\n|move|p2a: Venusaur|Curse|p2a: Venusaur\n|-unboost|p2a: Venusaur|spe|1\n|-boost|p2a: Venusaur|atk|1\n|-boost|p2a: Venusaur|def|1\n|\n|upkeep\n|turn|13\n|\n|t:|1699727449\n|move|p1a: shroomy|Aerial Ace|p2a: Venusaur\n|-supereffective|p2a: Venusaur\n|-damage|p2a: Venusaur|50\/100\n|move|p2a: Venusaur|Synthesis|p2a: Venusaur\n|-heal|p2a: Venusaur|100\/100\n|\n|upkeep\n|turn|14\n|\n|t:|1699727455\n|move|p1a: shroomy|Aerial Ace|p2a: Venusaur\n|-supereffective|p2a: Venusaur\n|-damage|p2a: Venusaur|90\/100\n|move|p2a: Venusaur|Earth Power|p1a: shroomy\n|-resisted|p1a: shroomy\n|-damage|p1a: shroomy|0 fnt\n|faint|p1a: shroomy\n|\n|upkeep\n|\n|t:|1699727466\n|switch|p1a: glitz and glam|Glimmora, F, shiny|100\/100\n|turn|15\n|\n|t:|1699727470\n|move|p1a: glitz and glam|Power Gem|p2a: Venusaur\n|-damage|p2a: Venusaur|56\/100\n|move|p2a: Venusaur|Earth Power|p1a: glitz and glam\n|-supereffective|p1a: glitz and glam\n|-enditem|p1a: glitz and glam|Focus Sash\n|-damage|p1a: glitz and glam|1\/100\n|\n|upkeep\n|turn|16\n|\n|t:|1699727484\n|move|p1a: glitz and glam|Power Gem|p2a: Venusaur\n|-damage|p2a: Venusaur|22\/100\n|move|p2a: Venusaur|Synthesis|p2a: Venusaur\n|-heal|p2a: Venusaur|72\/100\n|\n|upkeep\n|turn|17\n|\n|t:|1699727490\n|move|p1a: glitz and glam|Power Gem|p2a: Venusaur\n|-damage|p2a: Venusaur|38\/100\n|move|p2a: Venusaur|Synthesis|p2a: Venusaur\n|-heal|p2a: Venusaur|88\/100\n|\n|upkeep\n|turn|18\n|\n|t:|1699727495\n|move|p1a: glitz and glam|Power Gem|p2a: Venusaur\n|-damage|p2a: Venusaur|54\/100\n|move|p2a: Venusaur|Earth Power|p1a: glitz and glam\n|-supereffective|p1a: glitz and glam\n|-damage|p1a: glitz and glam|0 fnt\n|faint|p1a: glitz and glam\n|\n|upkeep\n|\n|t:|1699727502\n|switch|p1a: Pincurchin|Pincurchin, M, shiny|100\/100\n|-fieldstart|move: Electric Terrain|[from] ability: Electric Surge|[of] p1a: Pincurchin\n|turn|19\n|\n|t:|1699727508\n|move|p1a: Pincurchin|Scald|p2a: Venusaur\n|-resisted|p2a: Venusaur\n|-damage|p2a: Venusaur|45\/100\n|-status|p2a: Venusaur|brn\n|move|p2a: Venusaur|Synthesis|p2a: Venusaur\n|-heal|p2a: Venusaur|95\/100 brn\n|\n|-damage|p2a: Venusaur|89\/100 brn|[from] brn\n|upkeep\n|turn|20\n|\n|t:|1699727517\n|move|p1a: Pincurchin|Hex|p2a: Venusaur\n|-damage|p2a: Venusaur|58\/100 brn\n|move|p2a: Venusaur|Earth Power|p1a: Pincurchin\n|-supereffective|p1a: Pincurchin\n|-damage|p1a: Pincurchin|35\/100\n|-unboost|p1a: Pincurchin|spd|1\n|\n|-damage|p2a: Venusaur|52\/100 brn|[from] brn\n|upkeep\n|turn|21\n|\n|t:|1699727527\n|switch|p1a: derpy|Salamence, M, shiny|100\/100\n|move|p2a: Venusaur|Earth Power|p1a: derpy\n|-immune|p1a: derpy\n|\n|-damage|p2a: Venusaur|46\/100 brn|[from] brn\n|upkeep\n|turn|22\n|\n|t:|1699727535\n|move|p1a: derpy|Dragon Dance|p1a: derpy\n|-boost|p1a: derpy|atk|1\n|-boost|p1a: derpy|spe|1\n|move|p2a: Venusaur|Toxic|p1a: derpy\n|-status|p1a: derpy|tox\n|\n|-damage|p1a: derpy|94\/100 tox|[from] psn\n|-damage|p2a: Venusaur|40\/100 brn|[from] brn\n|upkeep\n|turn|23\n|\n|t:|1699727544\n|move|p1a: derpy|Dual Wingbeat|p2a: Venusaur\n|-supereffective|p2a: Venusaur\n|-damage|p2a: Venusaur|27\/100 brn\n|-supereffective|p2a: Venusaur\n|-damage|p2a: Venusaur|15\/100 brn\n|-hitcount|p2a: Venusaur|2\n|move|p2a: Venusaur|Synthesis|p2a: Venusaur\n|-heal|p2a: Venusaur|65\/100 brn\n|\n|-damage|p1a: derpy|82\/100 tox|[from] psn\n|-damage|p2a: Venusaur|59\/100 brn|[from] brn\n|-fieldend|move: Electric Terrain\n|upkeep\n|turn|24\n|\n|t:|1699727554\n|move|p1a: derpy|Dragon Dance|p1a: derpy\n|-boost|p1a: derpy|atk|1\n|-boost|p1a: derpy|spe|1\n|move|p2a: Venusaur|Synthesis|p2a: Venusaur\n|-heal|p2a: Venusaur|100\/100 brn\n|\n|-damage|p1a: derpy|64\/100 tox|[from] psn\n|-damage|p2a: Venusaur|94\/100 brn|[from] brn\n|upkeep\n|turn|25\n|\n|t:|1699727562\n|move|p1a: derpy|Dragon Dance|p1a: derpy\n|-boost|p1a: derpy|atk|1\n|-boost|p1a: derpy|spe|1\n|move|p2a: Venusaur|Curse|p2a: Venusaur\n|-unboost|p2a: Venusaur|spe|1\n|-boost|p2a: Venusaur|atk|1\n|-boost|p2a: Venusaur|def|1\n|\n|-damage|p1a: derpy|40\/100 tox|[from] psn\n|-damage|p2a: Venusaur|88\/100 brn|[from] brn\n|upkeep\n|turn|26\n|\n|t:|1699727571\n|move|p1a: derpy|Dual Wingbeat|p2a: Venusaur\n|-supereffective|p2a: Venusaur\n|-damage|p2a: Venusaur|70\/100 brn\n|-supereffective|p2a: Venusaur\n|-damage|p2a: Venusaur|54\/100 brn\n|-hitcount|p2a: Venusaur|2\n|move|p2a: Venusaur|Curse|p2a: Venusaur\n|\n|-damage|p1a: derpy|10\/100 tox|[from] psn\n|-damage|p2a: Venusaur|48\/100 brn|[from] brn\n|upkeep\n|turn|27\n|\n|t:|1699727582\n|move|p1a: derpy|Dual Wingbeat|p2a: Venusaur\n|-supereffective|p2a: Venusaur\n|-damage|p2a: Venusaur|32\/100 brn\n|-supereffective|p2a: Venusaur\n|-damage|p2a: Venusaur|18\/100 brn\n|-hitcount|p2a: Venusaur|2\n|move|p2a: Venusaur|Toxic|p1a: derpy\n|-fail|p1a: derpy|tox\n|\n|-damage|p1a: derpy|0 fnt|[from] psn\n|faint|p1a: derpy\n|-damage|p2a: Venusaur|11\/100 brn|[from] brn\n|upkeep\n|\n|t:|1699727595\n|switch|p1a: Pincurchin|Pincurchin, M, shiny|35\/100\n|-fieldstart|move: Electric Terrain|[from] ability: Electric Surge|[of] p1a: Pincurchin\n|turn|28\n|\n|t:|1699727601\n|move|p1a: Pincurchin|Hex|p2a: Venusaur\n|-damage|p2a: Venusaur|0 fnt\n|faint|p2a: Venusaur\n|\n|upkeep\n|\n|t:|1699727603\n|switch|p2a: Snorlax|Snorlax, F, shiny|100\/100\n|turn|29\n|\n|t:|1699727607\n|move|p2a: Snorlax|Belly Drum|p2a: Snorlax\n|-damage|p2a: Snorlax|50\/100\n|-setboost|p2a: Snorlax|atk|6|[from] move: Belly Drum\n|move|p1a: Pincurchin|Recover|p1a: Pincurchin\n|-heal|p1a: Pincurchin|85\/100\n|\n|upkeep\n|turn|30\n|\n|t:|1699727615\n|move|p2a: Snorlax|Rest||[still]\n|-activate|p2a: Snorlax|move: Electric Terrain\n|-fail|p2a: Snorlax\n|move|p1a: Pincurchin|Scald|p2a: Snorlax\n|-damage|p2a: Snorlax|37\/100\n|-status|p2a: Snorlax|brn\n|\n|-damage|p2a: Snorlax|31\/100 brn|[from] brn\n|upkeep\n|turn|31\n|\n|t:|1699727624\n|move|p2a: Snorlax|Earthquake|p1a: Pincurchin\n|-supereffective|p1a: Pincurchin\n|-damage|p1a: Pincurchin|0 fnt\n|faint|p1a: Pincurchin\n|\n|-damage|p2a: Snorlax|25\/100 brn|[from] brn\n|upkeep\n|\n|t:|1699727632\n|switch|p1a: Farigiraf|Farigiraf, F, shiny|100\/100\n|turn|32\n|\n|t:|1699727636\n|move|p1a: Farigiraf|Agility|p1a: Farigiraf\n|-boost|p1a: Farigiraf|spe|2\n|move|p2a: Snorlax|Earthquake|p1a: Farigiraf\n|-damage|p1a: Farigiraf|19\/100\n|\n|-damage|p2a: Snorlax|19\/100 brn|[from] brn\n|-fieldend|move: Electric Terrain\n|upkeep\n|turn|33\n|\n|t:|1699727645\n|move|p1a: Farigiraf|Hyper Voice|p2a: Snorlax\n|-damage|p2a: Snorlax|0 fnt\n|faint|p2a: Snorlax\n|\n|upkeep\n|\n|t:|1699727648\n|switch|p2a: Blastoise|Blastoise, F|100\/100\n|turn|34\n|\n|t:|1699727652\n|move|p1a: Farigiraf|Hyper Voice|p2a: Blastoise\n|-damage|p2a: Blastoise|51\/100\n|move|p2a: Blastoise|Shell Smash|p2a: Blastoise\n|-unboost|p2a: Blastoise|def|1\n|-unboost|p2a: Blastoise|spd|1\n|-boost|p2a: Blastoise|atk|2\n|-boost|p2a: Blastoise|spa|2\n|-boost|p2a: Blastoise|spe|2\n|\n|upkeep\n|turn|35\n|\n|t:|1699727660\n|move|p2a: Blastoise|Scald|p1a: Farigiraf\n|-damage|p1a: Farigiraf|0 fnt\n|faint|p1a: Farigiraf\n|\n|upkeep\n|\n|t:|1699727664\n|switch|p1a: the disc|Luvdisc, M, shiny|100\/100\n|turn|36\n|\n|t:|1699727671\n|move|p2a: Blastoise|Scald|p1a: the disc\n|-resisted|p1a: the disc\n|-damage|p1a: the disc|26\/100\n|move|p1a: the disc|Draining Kiss|p2a: Blastoise\n|-damage|p2a: Blastoise|31\/100\n|-heal|p1a: the disc|47\/100|[from] drain|[of] p2a: Blastoise\n|\n|upkeep\n|turn|37\n|\n|t:|1699727678\n|move|p2a: Blastoise|Scald|p1a: the disc\n|-resisted|p1a: the disc\n|-damage|p1a: the disc|0 fnt\n|faint|p1a: the disc\n|\n|win|Vvbttij\n|raw|wbehm's rating: 1060 &rarr; <strong>1040<\/strong><br \/>(-20 for losing)\n|raw|Vvbttij's rating: 1038 &rarr; <strong>1074<\/strong><br \/>(+36 for winning)\n|c|\u2606Vvbttij|Gg\n|c|\u2606wbehm|ggs\n","uploadtime":1699727685,"views":5,"p1id":"wbehm","p2id":"vvbttij","formatid":"gen9nationaldex","rating":1040,"private":0,"password":""}