{"id":"gen9nationaldex-1995290078","p1":"DeadComedy","p2":"yokito lakaka","format":"[Gen 9] National Dex","log":"|html|<div class=\"broadcast-blue\"><strong>[Gen 9] National Dex is currently suspecting Sneasler! For information on how to participate check out the <a href=\"https:\/\/www.smogon.com\/forums\/threads\/sv-national-dex-suspect-8-just-dance.3731534\/\">suspect thread<\/a>.<\/strong><\/div>\n|j|\u2606DeadComedy\n|j|\u2606yokito lakaka\n|t:|1700547714\n|gametype|singles\n|player|p1|DeadComedy|palmer|1125\n|player|p2|yokito lakaka|janitor|1150\n|teamsize|p1|6\n|teamsize|p2|6\n|gen|9\n|tier|[Gen 9] National Dex\n|rated|\n|rule|HP Percentage Mod: HP is shown in percentages\n|rule|Endless Battle Clause: Forcing endless battles is banned\n|rule|OHKO Clause: OHKO moves are banned\n|rule|Evasion Clause: Evasion abilities, items, and moves are banned\n|rule|Evasion Abilities Clause: Evasion abilities are banned\n|rule|Evasion Items Clause: Evasion items are banned\n|rule|Evasion Moves Clause: Evasion moves are banned\n|rule|Species Clause: Limit one of each Pok\u00e9mon\n|rule|Sleep Clause Mod: Limit one foe put to sleep\n|clearpoke\n|poke|p1|Mawile, F|\n|poke|p1|Latios, M|\n|poke|p1|Breloom, F|\n|poke|p1|Walrein, F|\n|poke|p1|Aggron, M|\n|poke|p1|Manectric, M|\n|poke|p2|Hatterene, F|\n|poke|p2|Garganacl, M|\n|poke|p2|Grimmsnarl, M|\n|poke|p2|Ting-Lu|\n|poke|p2|Serperior, F|\n|poke|p2|Sinistcha-Masterpiece|\n|teampreview\n|inactive|Battle timer is ON: inactive players will automatically lose when time's up. (requested by yokito lakaka)\n|\n|t:|1700547722\n|start\n|switch|p1a: Tusk|Walrein, F|100\/100\n|switch|p2a: rebotitos|Hatterene, F, shiny|100\/100\n|turn|1\n|\n|t:|1700547729\n|move|p1a: Tusk|Toxic|p2a: rebotitos\n|move|p2a: rebotitos|Toxic|p1a: Tusk|[from]ability: Magic Bounce\n|-status|p1a: Tusk|tox\n|move|p2a: rebotitos|Trick|p1a: Tusk\n|-activate|p2a: rebotitos|move: Trick|[of] p1a: Tusk\n|-item|p1a: Tusk|Choice Scarf|[from] move: Trick\n|-item|p2a: rebotitos|Leftovers|[from] move: Trick\n|\n|-damage|p1a: Tusk|94\/100 tox|[from] psn\n|upkeep\n|turn|2\n|\n|t:|1700547742\n|move|p1a: Tusk|Ice Beam|p2a: rebotitos\n|-damage|p2a: rebotitos|67\/100\n|move|p2a: rebotitos|Nuzzle|p1a: Tusk\n|-supereffective|p1a: Tusk\n|-damage|p1a: Tusk|88\/100 tox\n|\n|-heal|p2a: rebotitos|73\/100|[from] item: Leftovers\n|-damage|p1a: Tusk|75\/100 tox|[from] psn\n|upkeep\n|turn|3\n|\n|t:|1700547753\n|move|p1a: Tusk|Ice Beam|p2a: rebotitos\n|-damage|p2a: rebotitos|41\/100\n|move|p2a: rebotitos|Future Sight|p1a: Tusk\n|-start|p2a: rebotitos|move: Future Sight\n|\n|-heal|p2a: rebotitos|47\/100|[from] item: Leftovers\n|-damage|p1a: Tusk|57\/100 tox|[from] psn\n|upkeep\n|turn|4\n|\n|t:|1700547762\n|switch|p1a: Aggron|Aggron, M|100\/100\n|move|p2a: rebotitos|Mystical Fire|p1a: Aggron\n|-damage|p1a: Aggron|72\/100\n|-unboost|p1a: Aggron|spa|1\n|\n|-heal|p2a: rebotitos|53\/100|[from] item: Leftovers\n|upkeep\n|turn|5\n|\n|t:|1700547774\n|move|p1a: Aggron|Earthquake|p2a: rebotitos\n|-damage|p2a: rebotitos|32\/100\n|move|p2a: rebotitos|Nuzzle|p1a: Aggron\n|-damage|p1a: Aggron|70\/100\n|-status|p1a: Aggron|par\n|\n|-end|p1a: Aggron|move: Future Sight\n|-resisted|p1a: Aggron\n|-damage|p1a: Aggron|33\/100 par\n|-heal|p2a: rebotitos|38\/100|[from] item: Leftovers\n|upkeep\n|turn|6\n|\n|t:|1700547787\n|move|p2a: rebotitos|Future Sight|p1a: Aggron\n|-start|p2a: rebotitos|move: Future Sight\n|move|p1a: Aggron|Stealth Rock|p2a: rebotitos\n|move|p2a: rebotitos|Stealth Rock|p1a: Aggron|[from]ability: Magic Bounce\n|-sidestart|p1: DeadComedy|move: Stealth Rock\n|\n|-heal|p2a: rebotitos|44\/100|[from] item: Leftovers\n|upkeep\n|turn|7\n|\n|t:|1700547798\n|move|p2a: rebotitos|Mystical Fire|p1a: Aggron\n|-damage|p1a: Aggron|4\/100 par\n|-unboost|p1a: Aggron|spa|1\n|move|p1a: Aggron|Stone Edge|p2a: rebotitos|[miss]\n|-miss|p1a: Aggron|p2a: rebotitos\n|\n|-heal|p2a: rebotitos|50\/100|[from] item: Leftovers\n|upkeep\n|turn|8\n|\n|t:|1700547808\n|move|p2a: rebotitos|Nuzzle|p1a: Aggron\n|-damage|p1a: Aggron|2\/100 par\n|move|p1a: Aggron|Stone Edge|p2a: rebotitos\n|-damage|p2a: rebotitos|23\/100\n|\n|-end|p1a: Aggron|move: Future Sight\n|-resisted|p1a: Aggron\n|-damage|p1a: Aggron|0 fnt\n|faint|p1a: Aggron\n|-heal|p2a: rebotitos|28\/100|[from] item: Leftovers\n|upkeep\n|\n|t:|1700547826\n|switch|p1a: Aldrich|Mawile, F|100\/100\n|-damage|p1a: Aldrich|95\/100|[from] Stealth Rock\n|turn|9\n|\n|t:|1700547831\n|detailschange|p1a: Aldrich|Mawile-Mega, F\n|-mega|p1a: Aldrich|Mawile|Mawilite\n|move|p1a: Aldrich|Iron Head|p2a: rebotitos\n|-supereffective|p2a: rebotitos\n|-damage|p2a: rebotitos|0 fnt\n|faint|p2a: rebotitos\n|\n|upkeep\n|\n|t:|1700547847\n|switch|p2a: bicho de tierra|Ting-Lu|100\/100\n|-ability|p2a: bicho de tierra|Vessel of Ruin\n|turn|10\n|\n|t:|1700547854\n|switch|p1a: Azura|Latios, M|100\/100\n|-damage|p1a: Azura|88\/100|[from] Stealth Rock\n|move|p2a: bicho de tierra|Earthquake|p1a: Azura\n|-immune|p1a: Azura|[from] ability: Levitate\n|\n|upkeep\n|turn|11\n|\n|t:|1700547862\n|switch|p2a: molestio|Grimmsnarl, M, shiny|100\/100\n|move|p1a: Azura|Aura Sphere|p2a: molestio\n|-damage|p2a: molestio|61\/100\n|-damage|p1a: Azura|78\/100|[from] item: Life Orb\n|\n|upkeep\n|turn|12\n|\n|t:|1700547872\n|move|p2a: molestio|Light Screen|p2a: molestio\n|-sidestart|p2: yokito lakaka|move: Light Screen\n|move|p1a: Azura|Aura Sphere|p2a: molestio\n|-damage|p2a: molestio|42\/100\n|-damage|p1a: Azura|68\/100|[from] item: Life Orb\n|\n|upkeep\n|turn|13\n|\n|t:|1700547879\n|move|p2a: molestio|Reflect|p2a: molestio\n|-sidestart|p2: yokito lakaka|Reflect\n|move|p1a: Azura|Recover|p1a: Azura\n|-heal|p1a: Azura|100\/100\n|\n|upkeep\n|turn|14\n|\n|t:|1700547892\n|switch|p1a: Aldrich|Mawile-Mega, F|95\/100\n|-damage|p1a: Aldrich|89\/100|[from] Stealth Rock\n|move|p2a: molestio|Parting Shot|p1a: Aldrich\n|-unboost|p1a: Aldrich|atk|1\n|-unboost|p1a: Aldrich|spa|1\n|\n|t:|1700547899\n|switch|p2a: hada de la sal|Garganacl, M|100\/100|[from] Parting Shot\n|\n|upkeep\n|turn|15\n|\n|t:|1700547906\n|switch|p1a: Luigi|Breloom, F|100\/100\n|-damage|p1a: Luigi|94\/100|[from] Stealth Rock\n|-terastallize|p2a: hada de la sal|Fairy\n|move|p2a: hada de la sal|Salt Cure|p1a: Luigi\n|-resisted|p1a: Luigi\n|-damage|p1a: Luigi|85\/100\n|-start|p1a: Luigi|Salt Cure\n|\n|-damage|p1a: Luigi|73\/100|[from] Salt Cure\n|-status|p1a: Luigi|tox|[from] item: Toxic Orb\n|upkeep\n|turn|16\n|\n|t:|1700547921\n|move|p1a: Luigi|Spore|p2a: hada de la sal\n|-immune|p2a: hada de la sal|[from] ability: Purifying Salt\n|move|p2a: hada de la sal|Curse|p2a: hada de la sal\n|-unboost|p2a: hada de la sal|spe|1\n|-boost|p2a: hada de la sal|atk|1\n|-boost|p2a: hada de la sal|def|1\n|\n|-heal|p1a: Luigi|85\/100 tox|[from] ability: Poison Heal\n|-damage|p1a: Luigi|73\/100 tox|[from] Salt Cure\n|upkeep\n|turn|17\n|\n|t:|1700547933\n|switch|p1a: Azura|Latios, M|100\/100\n|-damage|p1a: Azura|88\/100|[from] Stealth Rock\n|move|p2a: hada de la sal|Curse|p2a: hada de la sal\n|-unboost|p2a: hada de la sal|spe|1\n|-boost|p2a: hada de la sal|atk|1\n|-boost|p2a: hada de la sal|def|1\n|\n|upkeep\n|turn|18\n|\n|t:|1700547945\n|move|p1a: Azura|Psychic|p2a: hada de la sal\n|-damage|p2a: hada de la sal|76\/100\n|-damage|p1a: Azura|78\/100|[from] item: Life Orb\n|move|p2a: hada de la sal|Salt Cure|p1a: Azura\n|-damage|p1a: Azura|42\/100\n|-start|p1a: Azura|Salt Cure\n|\n|-heal|p2a: hada de la sal|83\/100|[from] item: Leftovers\n|-damage|p1a: Azura|30\/100|[from] Salt Cure\n|upkeep\n|turn|19\n|\n|t:|1700547960\n|switch|p1a: Aldrich|Mawile-Mega, F|89\/100\n|-damage|p1a: Aldrich|83\/100|[from] Stealth Rock\n|move|p2a: hada de la sal|Salt Cure|p1a: Aldrich\n|-resisted|p1a: Aldrich\n|-damage|p1a: Aldrich|70\/100\n|-start|p1a: Aldrich|Salt Cure\n|\n|-heal|p2a: hada de la sal|89\/100|[from] item: Leftovers\n|-damage|p1a: Aldrich|46\/100|[from] Salt Cure\n|-sideend|p2: yokito lakaka|move: Light Screen\n|upkeep\n|turn|20\n|\n|t:|1700547971\n|move|p1a: Aldrich|Iron Head|p2a: hada de la sal\n|-supereffective|p2a: hada de la sal\n|-damage|p2a: hada de la sal|67\/100\n|move|p2a: hada de la sal|Curse|p2a: hada de la sal\n|-unboost|p2a: hada de la sal|spe|1\n|-boost|p2a: hada de la sal|atk|1\n|-boost|p2a: hada de la sal|def|1\n|\n|-heal|p2a: hada de la sal|73\/100|[from] item: Leftovers\n|-damage|p1a: Aldrich|21\/100|[from] Salt Cure\n|-sideend|p2: yokito lakaka|Reflect\n|upkeep\n|turn|21\n|\n|t:|1700547983\n|switch|p1a: Tusk|Walrein, F|57\/100 tox\n|-damage|p1a: Tusk|32\/100 tox|[from] Stealth Rock\n|move|p2a: hada de la sal|Recover|p2a: hada de la sal\n|-heal|p2a: hada de la sal|100\/100\n|\n|-damage|p1a: Tusk|26\/100 tox|[from] psn\n|upkeep\n|turn|22\n|\n|t:|1700547992\n|move|p1a: Tusk|Hydro Pump|p2a: hada de la sal\n|-damage|p2a: hada de la sal|73\/100\n|move|p2a: hada de la sal|Salt Cure|p1a: Tusk\n|-supereffective|p1a: Tusk\n|-damage|p1a: Tusk|0 fnt\n|faint|p1a: Tusk\n|\n|-heal|p2a: hada de la sal|79\/100|[from] item: Leftovers\n|upkeep\n|\n|t:|1700548012\n|switch|p1a: Zinogre|Manectric, M, shiny|100\/100\n|-damage|p1a: Zinogre|88\/100|[from] Stealth Rock\n|turn|23\n|\n|t:|1700548017\n|move|p1a: Zinogre|Switcheroo|p2a: hada de la sal\n|-activate|p1a: Zinogre|move: Trick|[of] p2a: hada de la sal\n|-item|p2a: hada de la sal|Flame Orb|[from] move: Switcheroo\n|-item|p1a: Zinogre|Leftovers|[from] move: Switcheroo\n|move|p2a: hada de la sal|Salt Cure|p1a: Zinogre\n|-damage|p1a: Zinogre|25\/100\n|-start|p1a: Zinogre|Salt Cure\n|\n|-heal|p1a: Zinogre|31\/100|[from] item: Leftovers\n|-damage|p1a: Zinogre|18\/100|[from] Salt Cure\n|upkeep\n|turn|24\n|\n|t:|1700548030\n|move|p1a: Zinogre|Thunderbolt|p2a: hada de la sal\n|-damage|p2a: hada de la sal|46\/100\n|move|p2a: hada de la sal|Salt Cure|p1a: Zinogre\n|-damage|p1a: Zinogre|0 fnt\n|faint|p1a: Zinogre\n|\n|upkeep\n|\n|t:|1700548042\n|switch|p1a: Azura|Latios, M|30\/100\n|-damage|p1a: Azura|18\/100|[from] Stealth Rock\n|turn|25\n|\n|t:|1700548051\n|move|p1a: Azura|Recover|p1a: Azura\n|-heal|p1a: Azura|68\/100\n|move|p2a: hada de la sal|Recover|p2a: hada de la sal\n|-heal|p2a: hada de la sal|96\/100\n|\n|upkeep\n|turn|26\n|\n|t:|1700548058\n|move|p1a: Azura|Psychic|p2a: hada de la sal\n|-damage|p2a: hada de la sal|42\/100\n|-damage|p1a: Azura|58\/100|[from] item: Life Orb\n|move|p2a: hada de la sal|Salt Cure|p1a: Azura\n|-damage|p1a: Azura|12\/100\n|-start|p1a: Azura|Salt Cure\n|\n|-damage|p1a: Azura|0 fnt|[from] Salt Cure\n|faint|p1a: Azura\n|upkeep\n|\n|t:|1700548068\n|switch|p1a: Aldrich|Mawile-Mega, F|21\/100\n|-damage|p1a: Aldrich|15\/100|[from] Stealth Rock\n|turn|27\n|\n|t:|1700548073\n|move|p1a: Aldrich|Iron Head|p2a: hada de la sal\n|-supereffective|p2a: hada de la sal\n|-damage|p2a: hada de la sal|6\/100\n|move|p2a: hada de la sal|Recover|p2a: hada de la sal\n|-heal|p2a: hada de la sal|56\/100\n|\n|upkeep\n|turn|28\n|\n|t:|1700548080\n|move|p1a: Aldrich|Iron Head|p2a: hada de la sal\n|-supereffective|p2a: hada de la sal\n|-damage|p2a: hada de la sal|25\/100\n|move|p2a: hada de la sal|Recover|p2a: hada de la sal\n|-heal|p2a: hada de la sal|75\/100\n|\n|upkeep\n|turn|29\n|\n|t:|1700548086\n|move|p1a: Aldrich|Iron Head|p2a: hada de la sal\n|-supereffective|p2a: hada de la sal\n|-damage|p2a: hada de la sal|41\/100\n|move|p2a: hada de la sal|Salt Cure|p1a: Aldrich\n|-resisted|p1a: Aldrich\n|-crit|p1a: Aldrich\n|-damage|p1a: Aldrich|0 fnt\n|faint|p1a: Aldrich\n|\n|upkeep\n|\n|t:|1700548093\n|switch|p1a: Luigi|Breloom, F|73\/100 tox\n|-damage|p1a: Luigi|67\/100 tox|[from] Stealth Rock\n|turn|30\n|\n|t:|1700548100\n|move|p1a: Luigi|Drain Punch|p2a: hada de la sal\n|-resisted|p2a: hada de la sal\n|-damage|p2a: hada de la sal|36\/100\n|-heal|p1a: Luigi|70\/100 tox|[from] drain|[of] p2a: hada de la sal\n|move|p2a: hada de la sal|Salt Cure|p1a: Luigi\n|-resisted|p1a: Luigi\n|-damage|p1a: Luigi|47\/100 tox\n|-start|p1a: Luigi|Salt Cure\n|\n|-heal|p1a: Luigi|59\/100 tox|[from] ability: Poison Heal\n|-damage|p1a: Luigi|47\/100 tox|[from] Salt Cure\n|upkeep\n|turn|31\n|\n|t:|1700548113\n|move|p1a: Luigi|Seed Bomb|p2a: hada de la sal\n|-damage|p2a: hada de la sal|26\/100\n|move|p2a: hada de la sal|Salt Cure|p1a: Luigi\n|-resisted|p1a: Luigi\n|-damage|p1a: Luigi|25\/100 tox\n|\n|-heal|p1a: Luigi|38\/100 tox|[from] ability: Poison Heal\n|-damage|p1a: Luigi|25\/100 tox|[from] Salt Cure\n|upkeep\n|turn|32\n|\n|t:|1700548123\n|move|p1a: Luigi|Seed Bomb|p2a: hada de la sal\n|-damage|p2a: hada de la sal|16\/100\n|move|p2a: hada de la sal|Recover|p2a: hada de la sal\n|-heal|p2a: hada de la sal|66\/100\n|\n|-heal|p1a: Luigi|38\/100 tox|[from] ability: Poison Heal\n|-damage|p1a: Luigi|25\/100 tox|[from] Salt Cure\n|upkeep\n|turn|33\n|\n|t:|1700548133\n|move|p1a: Luigi|Seed Bomb|p2a: hada de la sal\n|-damage|p2a: hada de la sal|55\/100\n|move|p2a: hada de la sal|Body Press|p1a: Luigi\n|-damage|p1a: Luigi|0 fnt\n|faint|p1a: Luigi\n|\n|win|yokito lakaka\n|raw|DeadComedy's rating: 1125 &rarr; <strong>1102<\/strong><br \/>(-23 for losing)\n|raw|yokito lakaka's rating: 1150 &rarr; <strong>1173<\/strong><br \/>(+23 for winning)\n","uploadtime":1700548142,"views":1,"p1id":"deadcomedy","p2id":"yokitolakaka","formatid":"gen9nationaldex","rating":1102,"private":0,"password":""}