{"id":"gen9nationaldex-1988154456","p1":"vlpraca","p2":"xsk123","format":"[Gen 9] National Dex","log":"|j|\u2606vlpraca\n|j|\u2606xsk123\n|t:|1699676574\n|gametype|singles\n|player|p1|vlpraca|170|1466\n|player|p2|xsk123|pokefan-gen4|1421\n|teamsize|p1|6\n|teamsize|p2|6\n|gen|9\n|tier|[Gen 9] National Dex\n|rated|\n|rule|HP Percentage Mod: HP is shown in percentages\n|rule|Endless Battle Clause: Forcing endless battles is banned\n|rule|OHKO Clause: OHKO moves are banned\n|rule|Evasion Clause: Evasion abilities, items, and moves are banned\n|rule|Evasion Abilities Clause: Evasion abilities are banned\n|rule|Evasion Items Clause: Evasion items are banned\n|rule|Evasion Moves Clause: Evasion moves are banned\n|rule|Species Clause: Limit one of each Pok\u00e9mon\n|rule|Sleep Clause Mod: Limit one foe put to sleep\n|clearpoke\n|poke|p1|Serperior, F|\n|poke|p1|Togekiss, M|\n|poke|p1|Ferrothorn, F|\n|poke|p1|Arcanine-Hisui, M|\n|poke|p1|Slowking, F|\n|poke|p1|Tyranitar, F|\n|poke|p2|Slowbro, F|\n|poke|p2|Excadrill, F|\n|poke|p2|Heatran, F|\n|poke|p2|Tyranitar, M|\n|poke|p2|Gliscor, F|\n|poke|p2|Meowscarada, M|\n|teampreview\n|inactive|Battle timer is ON: inactive players will automatically lose when time's up. (requested by xsk123)\n|\n|t:|1699676589\n|start\n|switch|p1a: Slowking|Slowking, F|100\/100\n|switch|p2a: Gliscor|Gliscor, F|100\/100\n|turn|1\n|\n|t:|1699676592\n|move|p2a: Gliscor|Protect|p2a: Gliscor\n|-singleturn|p2a: Gliscor|Protect\n|move|p1a: Slowking|Ice Beam|p2a: Gliscor\n|-activate|p2a: Gliscor|move: Protect\n|\n|-status|p2a: Gliscor|tox|[from] item: Toxic Orb\n|upkeep\n|turn|2\n|\n|t:|1699676599\n|switch|p2a: Slowbro|Slowbro, F|100\/100\n|move|p1a: Slowking|Scald|p2a: Slowbro\n|-resisted|p2a: Slowbro\n|-damage|p2a: Slowbro|82\/100\n|-status|p2a: Slowbro|brn\n|\n|-damage|p2a: Slowbro|76\/100 brn|[from] brn\n|upkeep\n|turn|3\n|\n|t:|1699676603\n|switch|p1a: Ferrothorn|Ferrothorn, F|100\/100\n|move|p2a: Slowbro|Teleport|p2a: Slowbro\n|\n|t:|1699676605\n|switch|p2a: Heatran|Heatran, F|100\/100|[from] Teleport\n|\n|upkeep\n|turn|4\n|\n|t:|1699676608\n|switch|p1a: Slowking|Slowking, F|100\/100\n|move|p2a: Heatran|Flamethrower|p1a: Slowking\n|-resisted|p1a: Slowking\n|-damage|p1a: Slowking|85\/100\n|\n|-heal|p1a: Slowking|91\/100|[from] item: Leftovers\n|upkeep\n|turn|5\n|\n|t:|1699676612\n|switch|p2a: Slowbro|Slowbro, F|100\/100 brn\n|move|p1a: Slowking|Scald|p2a: Slowbro\n|-resisted|p2a: Slowbro\n|-damage|p2a: Slowbro|84\/100 brn\n|\n|-heal|p1a: Slowking|97\/100|[from] item: Leftovers\n|-damage|p2a: Slowbro|78\/100 brn|[from] brn\n|upkeep\n|turn|6\n|\n|t:|1699676616\n|switch|p1a: Ferrothorn|Ferrothorn, F|100\/100\n|move|p2a: Slowbro|Teleport|p2a: Slowbro\n|\n|t:|1699676620\n|switch|p2a: Gliscor|Gliscor, F|100\/100 tox|[from] Teleport\n|\n|upkeep\n|turn|7\n|\n|t:|1699676627\n|move|p2a: Gliscor|Earthquake|p1a: Ferrothorn\n|-damage|p1a: Ferrothorn|75\/100\n|move|p1a: Ferrothorn|Stealth Rock|p2a: Gliscor\n|-sidestart|p2: xsk123|move: Stealth Rock\n|\n|-heal|p1a: Ferrothorn|81\/100|[from] item: Leftovers\n|upkeep\n|turn|8\n|\n|t:|1699676632\n|move|p2a: Gliscor|Defog|p1a: Ferrothorn\n|-unboost|p1a: Ferrothorn|evasion|1\n|-sideend|p2: xsk123|Stealth Rock|[from] move: Defog|[of] p2a: Gliscor\n|move|p1a: Ferrothorn|Leech Seed|p2a: Gliscor\n|-start|p2a: Gliscor|move: Leech Seed\n|\n|-heal|p1a: Ferrothorn|87\/100|[from] item: Leftovers\n|-damage|p2a: Gliscor|88\/100 tox|[from] Leech Seed|[of] p1a: Ferrothorn\n|-heal|p1a: Ferrothorn|100\/100|[silent]\n|-heal|p2a: Gliscor|100\/100 tox|[from] ability: Poison Heal\n|upkeep\n|turn|9\n|\n|t:|1699676638\n|switch|p2a: Slowbro|Slowbro, F|100\/100 brn\n|move|p1a: Ferrothorn|Stealth Rock|p2a: Slowbro\n|-sidestart|p2: xsk123|move: Stealth Rock\n|\n|-damage|p2a: Slowbro|94\/100 brn|[from] brn\n|upkeep\n|turn|10\n|\n|t:|1699676648\n|switch|p1a: Serperior|Serperior, F|100\/100\n|move|p2a: Slowbro|Teleport|p2a: Slowbro\n|\n|t:|1699676651\n|switch|p2a: Meowscarada|Meowscarada, M|100\/100|[from] Teleport\n|-damage|p2a: Meowscarada|88\/100|[from] Stealth Rock\n|\n|upkeep\n|turn|11\n|\n|t:|1699676669\n|switch|p1a: Ferrothorn|Ferrothorn, F|100\/100\n|move|p2a: Meowscarada|U-turn|p1a: Ferrothorn\n|-start|p2a: Meowscarada|typechange|Bug|[from] ability: Protean\n|-damage|p1a: Ferrothorn|75\/100\n|-damage|p2a: Meowscarada|76\/100|[from] ability: Iron Barbs|[of] p1a: Ferrothorn\n|\n|t:|1699676679\n|switch|p2a: Heatran|Heatran, F|100\/100|[from] U-turn\n|-damage|p2a: Heatran|88\/100|[from] Stealth Rock\n|\n|-heal|p2a: Heatran|94\/100|[from] item: Leftovers\n|-heal|p1a: Ferrothorn|81\/100|[from] item: Leftovers\n|upkeep\n|turn|12\n|\n|t:|1699676684\n|switch|p1a: Slowking|Slowking, F|100\/100\n|move|p2a: Heatran|Flamethrower|p1a: Slowking\n|-resisted|p1a: Slowking\n|-damage|p1a: Slowking|83\/100\n|\n|-heal|p2a: Heatran|100\/100|[from] item: Leftovers\n|-heal|p1a: Slowking|89\/100|[from] item: Leftovers\n|upkeep\n|turn|13\n|\n|t:|1699676688\n|move|p2a: Heatran|Protect|p2a: Heatran\n|-singleturn|p2a: Heatran|Protect\n|move|p1a: Slowking|Scald|p2a: Heatran\n|-activate|p2a: Heatran|move: Protect\n|\n|-heal|p1a: Slowking|95\/100|[from] item: Leftovers\n|upkeep\n|turn|14\n|\n|t:|1699676699\n|switch|p2a: Slowbro|Slowbro, F|100\/100 brn\n|-damage|p2a: Slowbro|88\/100 brn|[from] Stealth Rock\n|move|p1a: Slowking|Scald|p2a: Slowbro\n|-resisted|p2a: Slowbro\n|-damage|p2a: Slowbro|69\/100 brn\n|\n|-heal|p1a: Slowking|100\/100|[from] item: Leftovers\n|-damage|p2a: Slowbro|63\/100 brn|[from] brn\n|upkeep\n|turn|15\n|\n|t:|1699676704\n|move|p1a: Slowking|Scald|p2a: Slowbro\n|-resisted|p2a: Slowbro\n|-damage|p2a: Slowbro|47\/100 brn\n|move|p2a: Slowbro|Teleport|p2a: Slowbro\n|\n|t:|1699676707\n|switch|p2a: Meowscarada|Meowscarada, M|76\/100|[from] Teleport\n|-damage|p2a: Meowscarada|64\/100|[from] Stealth Rock\n|\n|upkeep\n|turn|16\n|\n|t:|1699676722\n|switch|p1a: Ferrothorn|Ferrothorn, F|81\/100\n|move|p2a: Meowscarada|Flower Trick|p1a: Ferrothorn\n|-start|p2a: Meowscarada|typechange|Grass|[from] ability: Protean\n|-resisted|p1a: Ferrothorn\n|-crit|p1a: Ferrothorn\n|-damage|p1a: Ferrothorn|72\/100\n|\n|-heal|p1a: Ferrothorn|78\/100|[from] item: Leftovers\n|upkeep\n|turn|17\n|\n|t:|1699676731\n|switch|p2a: Gliscor|Gliscor, F|100\/100 tox\n|-damage|p2a: Gliscor|88\/100 tox|[from] Stealth Rock\n|move|p1a: Ferrothorn|Thunder Wave|p2a: Gliscor\n|-immune|p2a: Gliscor\n|\n|-heal|p1a: Ferrothorn|84\/100|[from] item: Leftovers\n|-heal|p2a: Gliscor|100\/100 tox|[from] ability: Poison Heal\n|upkeep\n|turn|18\n|\n|t:|1699676742\n|move|p2a: Gliscor|Earthquake|p1a: Ferrothorn\n|-damage|p1a: Ferrothorn|59\/100\n|move|p1a: Ferrothorn|Leech Seed|p2a: Gliscor\n|-start|p2a: Gliscor|move: Leech Seed\n|\n|-heal|p1a: Ferrothorn|65\/100|[from] item: Leftovers\n|-damage|p2a: Gliscor|88\/100 tox|[from] Leech Seed|[of] p1a: Ferrothorn\n|-heal|p1a: Ferrothorn|80\/100|[silent]\n|-heal|p2a: Gliscor|100\/100 tox|[from] ability: Poison Heal\n|upkeep\n|turn|19\n|\n|t:|1699676750\n|switch|p2a: Slowbro|Slowbro, F|80\/100 brn\n|-damage|p2a: Slowbro|68\/100 brn|[from] Stealth Rock\n|move|p1a: Ferrothorn|Protect||[still]\n|-fail|p1a: Ferrothorn\n|\n|-heal|p1a: Ferrothorn|87\/100|[from] item: Leftovers\n|-damage|p2a: Slowbro|61\/100 brn|[from] brn\n|upkeep\n|turn|20\n|\n|t:|1699676757\n|switch|p1a: Serperior|Serperior, F|100\/100\n|move|p2a: Slowbro|Teleport|p2a: Slowbro\n|\n|t:|1699676769\n|switch|p2a: Gliscor|Gliscor, F|100\/100 tox|[from] Teleport\n|-damage|p2a: Gliscor|88\/100 tox|[from] Stealth Rock\n|\n|-heal|p2a: Gliscor|100\/100 tox|[from] ability: Poison Heal\n|upkeep\n|turn|21\n|\n|t:|1699676779\n|move|p1a: Serperior|Substitute|p1a: Serperior\n|-start|p1a: Serperior|Substitute\n|-damage|p1a: Serperior|75\/100\n|move|p2a: Gliscor|Toxic||[still]\n|-fail|p2a: Gliscor\n|\n|-heal|p1a: Serperior|82\/100|[from] item: Leftovers\n|upkeep\n|turn|22\n|\n|t:|1699676785\n|move|p1a: Serperior|Leaf Storm|p2a: Gliscor\n|-damage|p2a: Gliscor|64\/100 tox\n|-boost|p1a: Serperior|spa|2\n|move|p2a: Gliscor|Defog|p1a: Serperior\n|-sideend|p2: xsk123|Stealth Rock|[from] move: Defog|[of] p2a: Gliscor\n|\n|-heal|p1a: Serperior|88\/100|[from] item: Leftovers\n|-heal|p2a: Gliscor|76\/100 tox|[from] ability: Poison Heal\n|upkeep\n|turn|23\n|\n|t:|1699676790\n|move|p2a: Gliscor|Protect|p2a: Gliscor\n|-singleturn|p2a: Gliscor|Protect\n|move|p1a: Serperior|Leaf Storm|p2a: Gliscor\n|-activate|p2a: Gliscor|move: Protect\n|\n|-heal|p1a: Serperior|94\/100|[from] item: Leftovers\n|-heal|p2a: Gliscor|89\/100 tox|[from] ability: Poison Heal\n|upkeep\n|turn|24\n|\n|t:|1699676794\n|switch|p2a: Heatran|Heatran, F|100\/100\n|move|p1a: Serperior|Leaf Storm|p2a: Heatran\n|-resisted|p2a: Heatran\n|-damage|p2a: Heatran|86\/100\n|-boost|p1a: Serperior|spa|2\n|\n|-heal|p1a: Serperior|99\/100|[from] item: Leftovers\n|-heal|p2a: Heatran|92\/100|[from] item: Leftovers\n|upkeep\n|turn|25\n|\n|t:|1699676802\n|move|p2a: Heatran|Protect|p2a: Heatran\n|-singleturn|p2a: Heatran|Protect\n|move|p1a: Serperior|Leech Seed|p2a: Heatran\n|-activate|p2a: Heatran|move: Protect\n|\n|-heal|p1a: Serperior|100\/100|[from] item: Leftovers\n|-heal|p2a: Heatran|99\/100|[from] item: Leftovers\n|upkeep\n|turn|26\n|\n|t:|1699676809\n|move|p1a: Serperior|Leech Seed|p2a: Heatran\n|-start|p2a: Heatran|move: Leech Seed\n|move|p2a: Heatran|Flamethrower|p1a: Serperior\n|-supereffective|p1a: Serperior\n|-end|p1a: Serperior|Substitute\n|\n|-heal|p2a: Heatran|100\/100|[from] item: Leftovers\n|-damage|p2a: Heatran|88\/100|[from] Leech Seed|[of] p1a: Serperior\n|upkeep\n|turn|27\n|\n|t:|1699676822\n|switch|p2a: Tyranitar|Tyranitar, M|100\/100\n|-weather|Sandstorm|[from] ability: Sand Stream|[of] p2a: Tyranitar\n|move|p1a: Serperior|Substitute|p1a: Serperior\n|-start|p1a: Serperior|Substitute\n|-damage|p1a: Serperior|75\/100\n|\n|-weather|Sandstorm|[upkeep]\n|-damage|p1a: Serperior|69\/100|[from] Sandstorm\n|-heal|p1a: Serperior|75\/100|[from] item: Leftovers\n|upkeep\n|turn|28\n|\n|t:|1699676831\n|switch|p2a: Heatran|Heatran, F|88\/100\n|move|p1a: Serperior|Leaf Storm|p2a: Heatran\n|-resisted|p2a: Heatran\n|-damage|p2a: Heatran|65\/100\n|-boost|p1a: Serperior|spa|2\n|\n|-weather|Sandstorm|[upkeep]\n|-damage|p1a: Serperior|69\/100|[from] Sandstorm\n|-heal|p1a: Serperior|75\/100|[from] item: Leftovers\n|-heal|p2a: Heatran|71\/100|[from] item: Leftovers\n|upkeep\n|turn|29\n|\n|t:|1699676838\n|move|p1a: Serperior|Leech Seed|p2a: Heatran\n|-start|p2a: Heatran|move: Leech Seed\n|move|p2a: Heatran|Flamethrower|p1a: Serperior\n|-supereffective|p1a: Serperior\n|-end|p1a: Serperior|Substitute\n|\n|-weather|Sandstorm|[upkeep]\n|-damage|p1a: Serperior|69\/100|[from] Sandstorm\n|-heal|p1a: Serperior|75\/100|[from] item: Leftovers\n|-heal|p2a: Heatran|77\/100|[from] item: Leftovers\n|-damage|p2a: Heatran|65\/100|[from] Leech Seed|[of] p1a: Serperior\n|-heal|p1a: Serperior|92\/100|[silent]\n|upkeep\n|turn|30\n|\n|t:|1699676853\n|move|p1a: Serperior|Substitute|p1a: Serperior\n|-start|p1a: Serperior|Substitute\n|-damage|p1a: Serperior|67\/100\n|move|p2a: Heatran|Flamethrower|p1a: Serperior\n|-supereffective|p1a: Serperior\n|-end|p1a: Serperior|Substitute\n|\n|-weather|Sandstorm|[upkeep]\n|-damage|p1a: Serperior|61\/100|[from] Sandstorm\n|-heal|p1a: Serperior|67\/100|[from] item: Leftovers\n|-heal|p2a: Heatran|71\/100|[from] item: Leftovers\n|-damage|p2a: Heatran|59\/100|[from] Leech Seed|[of] p1a: Serperior\n|-heal|p1a: Serperior|83\/100|[silent]\n|upkeep\n|turn|31\n|\n|t:|1699676857\n|switch|p2a: Gliscor|Gliscor, F|89\/100 tox\n|move|p1a: Serperior|Substitute|p1a: Serperior\n|-start|p1a: Serperior|Substitute\n|-damage|p1a: Serperior|58\/100\n|\n|-weather|Sandstorm|[upkeep]\n|-damage|p1a: Serperior|52\/100|[from] Sandstorm\n|-heal|p1a: Serperior|58\/100|[from] item: Leftovers\n|-heal|p2a: Gliscor|100\/100 tox|[from] ability: Poison Heal\n|upkeep\n|turn|32\n|\n|t:|1699676864\n|move|p2a: Gliscor|Protect|p2a: Gliscor\n|-singleturn|p2a: Gliscor|Protect\n|move|p1a: Serperior|Leech Seed|p2a: Gliscor\n|-activate|p2a: Gliscor|move: Protect\n|\n|-weather|Sandstorm|[upkeep]\n|-damage|p1a: Serperior|52\/100|[from] Sandstorm\n|-heal|p1a: Serperior|58\/100|[from] item: Leftovers\n|upkeep\n|turn|33\n|\n|t:|1699676872\n|switch|p2a: Heatran|Heatran, F|59\/100\n|move|p1a: Serperior|Leaf Storm|p2a: Heatran\n|-resisted|p2a: Heatran\n|-damage|p2a: Heatran|31\/100\n|\n|-weather|Sandstorm|[upkeep]\n|-damage|p1a: Serperior|52\/100|[from] Sandstorm\n|-heal|p1a: Serperior|58\/100|[from] item: Leftovers\n|-heal|p2a: Heatran|38\/100|[from] item: Leftovers\n|upkeep\n|turn|34\n|\n|t:|1699676879\n|move|p2a: Heatran|Protect|p2a: Heatran\n|-singleturn|p2a: Heatran|Protect\n|move|p1a: Serperior|Hidden Power|p2a: Heatran\n|-activate|p2a: Heatran|move: Protect\n|\n|-weather|none\n|-heal|p1a: Serperior|65\/100|[from] item: Leftovers\n|-heal|p2a: Heatran|44\/100|[from] item: Leftovers\n|upkeep\n|turn|35\n|\n|t:|1699676892\n|move|p1a: Serperior|Hidden Power|p2a: Heatran\n|-damage|p2a: Heatran|11\/100\n|move|p2a: Heatran|Flamethrower|p1a: Serperior\n|-supereffective|p1a: Serperior\n|-end|p1a: Serperior|Substitute\n|\n|-heal|p1a: Serperior|71\/100|[from] item: Leftovers\n|-heal|p2a: Heatran|17\/100|[from] item: Leftovers\n|upkeep\n|turn|36\n|\n|t:|1699676903\n|move|p1a: Serperior|Hidden Power|p2a: Heatran\n|-damage|p2a: Heatran|0 fnt\n|faint|p2a: Heatran\n|\n|-heal|p1a: Serperior|77\/100|[from] item: Leftovers\n|upkeep\n|\n|t:|1699676905\n|switch|p2a: Meowscarada|Meowscarada, M|64\/100\n|turn|37\n|\n|t:|1699676909\n|switch|p1a: Ferrothorn|Ferrothorn, F|87\/100\n|move|p2a: Meowscarada|U-turn|p1a: Ferrothorn\n|-start|p2a: Meowscarada|typechange|Bug|[from] ability: Protean\n|-damage|p1a: Ferrothorn|62\/100\n|-damage|p2a: Meowscarada|51\/100|[from] ability: Iron Barbs|[of] p1a: Ferrothorn\n|\n|t:|1699676913\n|switch|p2a: Excadrill|Excadrill, F|100\/100|[from] U-turn\n|\n|-heal|p1a: Ferrothorn|68\/100|[from] item: Leftovers\n|upkeep\n|turn|38\n|\n|t:|1699676928\n|move|p2a: Excadrill|Earthquake|p1a: Ferrothorn\n|-damage|p1a: Ferrothorn|0 fnt\n|faint|p1a: Ferrothorn\n|\n|upkeep\n|\n|t:|1699676933\n|switch|p1a: Slowking|Slowking, F|100\/100\n|turn|39\n|\n|t:|1699676936\n|-terastallize|p2a: Excadrill|Ground\n|move|p2a: Excadrill|Earthquake|p1a: Slowking\n|-damage|p1a: Slowking|0 fnt\n|faint|p1a: Slowking\n|\n|upkeep\n|\n|t:|1699676944\n|switch|p1a: Serperior|Serperior, F|77\/100\n|turn|40\n|\n|t:|1699676956\n|switch|p2a: Tyranitar|Tyranitar, M|100\/100\n|-weather|Sandstorm|[from] ability: Sand Stream|[of] p2a: Tyranitar\n|move|p1a: Serperior|Leaf Storm|p2a: Tyranitar\n|-supereffective|p2a: Tyranitar\n|-damage|p2a: Tyranitar|64\/100\n|-boost|p1a: Serperior|spa|2\n|\n|-weather|Sandstorm|[upkeep]\n|-damage|p1a: Serperior|71\/100|[from] Sandstorm\n|-heal|p1a: Serperior|77\/100|[from] item: Leftovers\n|upkeep\n|turn|41\n|\n|t:|1699676970\n|move|p1a: Serperior|Leaf Storm|p2a: Tyranitar\n|-supereffective|p2a: Tyranitar\n|-damage|p2a: Tyranitar|0 fnt\n|-boost|p1a: Serperior|spa|2\n|faint|p2a: Tyranitar\n|\n|-weather|Sandstorm|[upkeep]\n|-damage|p1a: Serperior|71\/100|[from] Sandstorm\n|-heal|p1a: Serperior|77\/100|[from] item: Leftovers\n|upkeep\n|\n|t:|1699676978\n|switch|p2a: Excadrill|Excadrill, F, tera:Ground|100\/100\n|turn|42\n|\n|t:|1699676981\n|move|p2a: Excadrill|Iron Head|p1a: Serperior\n|-damage|p1a: Serperior|0 fnt\n|faint|p1a: Serperior\n|\n|-weather|Sandstorm|[upkeep]\n|upkeep\n|\n|t:|1699676994\n|switch|p1a: Togekiss|Togekiss, M|100\/100\n|turn|43\n|\n|t:|1699677009\n|-terastallize|p1a: Togekiss|Ground\n|move|p2a: Excadrill|Iron Head|p1a: Togekiss\n|-damage|p1a: Togekiss|33\/100\n|move|p1a: Togekiss|Air Slash|p2a: Excadrill\n|-damage|p2a: Excadrill|46\/100\n|\n|-weather|Sandstorm|[upkeep]\n|-heal|p1a: Togekiss|39\/100|[from] item: Leftovers\n|upkeep\n|turn|44\n|\n|t:|1699677016\n|move|p2a: Excadrill|Iron Head|p1a: Togekiss\n|-damage|p1a: Togekiss|0 fnt\n|faint|p1a: Togekiss\n|\n|-weather|Sandstorm|[upkeep]\n|upkeep\n|\n|t:|1699677018\n|switch|p1a: Arcanine|Arcanine-Hisui, M|100\/100\n|turn|45\n|\n|t:|1699677025\n|switch|p2a: Meowscarada|Meowscarada, M|51\/100\n|move|p1a: Arcanine|Extreme Speed|p2a: Meowscarada\n|-damage|p2a: Meowscarada|0 fnt\n|faint|p2a: Meowscarada\n|-damage|p1a: Arcanine|91\/100|[from] item: Life Orb\n|\n|-weather|Sandstorm|[upkeep]\n|upkeep\n|\n|t:|1699677030\n|switch|p2a: Slowbro|Slowbro, F|95\/100 brn\n|turn|46\n|\n|t:|1699677038\n|switch|p1a: Tyranitar|Tyranitar, F|100\/100\n|move|p2a: Slowbro|Scald|p1a: Tyranitar\n|-supereffective|p1a: Tyranitar\n|-damage|p1a: Tyranitar|74\/100\n|\n|-weather|Sandstorm|[upkeep]\n|-damage|p2a: Slowbro|89\/100 brn|[from] Sandstorm\n|-damage|p2a: Slowbro|82\/100 brn|[from] brn\n|upkeep\n|turn|47\n|\n|t:|1699677043\n|detailschange|p1a: Tyranitar|Tyranitar-Mega, F\n|-mega|p1a: Tyranitar|Tyranitar|Tyranitarite\n|move|p1a: Tyranitar|Crunch|p2a: Slowbro\n|-supereffective|p2a: Slowbro\n|-damage|p2a: Slowbro|24\/100 brn\n|-damage|p1a: Tyranitar|57\/100|[from] item: Rocky Helmet|[of] p2a: Slowbro\n|move|p2a: Slowbro|Teleport|p2a: Slowbro\n|\n|t:|1699677051\n|switch|p2a: Excadrill|Excadrill, F, tera:Ground|46\/100|[from] Teleport\n|\n|-weather|none\n|upkeep\n|turn|48\n|\n|t:|1699677059\n|move|p2a: Excadrill|Earthquake|p1a: Tyranitar\n|-supereffective|p1a: Tyranitar\n|-damage|p1a: Tyranitar|0 fnt\n|faint|p1a: Tyranitar\n|\n|upkeep\n|\n|t:|1699677062\n|switch|p1a: Arcanine|Arcanine-Hisui, M|91\/100\n|turn|49\n|\n|t:|1699677066\n|switch|p2a: Slowbro|Slowbro, F|57\/100 brn\n|move|p1a: Arcanine|Extreme Speed|p2a: Slowbro\n|-damage|p2a: Slowbro|35\/100 brn\n|-damage|p1a: Arcanine|74\/100|[from] item: Rocky Helmet|[of] p2a: Slowbro\n|-damage|p1a: Arcanine|64\/100|[from] item: Life Orb\n|\n|-damage|p2a: Slowbro|29\/100 brn|[from] brn\n|upkeep\n|turn|50\n|\n|t:|1699677073\n|switch|p2a: Excadrill|Excadrill, F, tera:Ground|46\/100\n|move|p1a: Arcanine|Head Smash|p2a: Excadrill\n|-resisted|p2a: Excadrill\n|-damage|p2a: Excadrill|0 fnt\n|faint|p2a: Excadrill\n|-damage|p1a: Arcanine|54\/100|[from] item: Life Orb\n|\n|upkeep\n|\n|t:|1699677084\n|switch|p2a: Gliscor|Gliscor, F|100\/100 tox\n|turn|51\n|\n|t:|1699677090\n|move|p1a: Arcanine|Flare Blitz|p2a: Gliscor\n|-damage|p2a: Gliscor|33\/100 tox\n|-damage|p1a: Arcanine|44\/100|[from] item: Life Orb\n|move|p2a: Gliscor|Earthquake|p1a: Arcanine\n|-supereffective|p1a: Arcanine\n|-damage|p1a: Arcanine|0 fnt\n|faint|p1a: Arcanine\n|\n|win|xsk123\n|raw|vlpraca's rating: 1466 &rarr; <strong>1443<\/strong><br \/>(-23 for losing)\n|raw|xsk123's rating: 1421 &rarr; <strong>1444<\/strong><br \/>(+23 for winning)\n|l|\u2606vlpraca\n","uploadtime":1699677177,"views":8,"p1id":"vlpraca","p2id":"xsk123","formatid":"gen9nationaldex","rating":1443,"private":0,"password":""}