{"id":"gen9nationaldex-1999048748","p1":"MunchingPatato","p2":"tobiasnl","format":"[Gen 9] National Dex","log":"|html|<div class=\"broadcast-blue\"><strong>[Gen 9] National Dex is currently suspecting Sneasler! For information on how to participate check out the <a href=\"https:\/\/www.smogon.com\/forums\/threads\/sv-national-dex-suspect-8-just-dance.3731534\/\">suspect thread<\/a>.<\/strong><\/div>\n|j|\u2606MunchingPatato\n|j|\u2606tobiasnl\n|t:|1701027646\n|gametype|singles\n|player|p1|MunchingPatato|preschooler|\n|player|p2|tobiasnl|2|\n|teamsize|p1|6\n|teamsize|p2|6\n|gen|9\n|tier|[Gen 9] National Dex\n|rule|HP Percentage Mod: HP is shown in percentages\n|rule|Endless Battle Clause: Forcing endless battles is banned\n|rule|OHKO Clause: OHKO moves are banned\n|rule|Evasion Clause: Evasion abilities, items, and moves are banned\n|rule|Evasion Abilities Clause: Evasion abilities are banned\n|rule|Evasion Items Clause: Evasion items are banned\n|rule|Evasion Moves Clause: Evasion moves are banned\n|rule|Species Clause: Limit one of each Pok\u00e9mon\n|rule|Sleep Clause Mod: Limit one foe put to sleep\n|clearpoke\n|poke|p1|Torkoal, F|\n|poke|p1|Charizard, F|\n|poke|p1|Leafeon, M|\n|poke|p1|Garganacl, M|\n|poke|p1|Raichu-Alola, F|\n|poke|p1|Lucario, F|\n|poke|p2|Blaziken, F|\n|poke|p2|Gallade, M|\n|poke|p2|Breloom, M|\n|poke|p2|Conkeldurr, M|\n|poke|p2|Quaquaval, M|\n|poke|p2|Lucario, F|\n|teampreview\n|\n|t:|1701027655\n|start\n|switch|p1a: Torkoal|Torkoal, F|100\/100\n|switch|p2a: Blaziken|Blaziken, F|100\/100\n|-weather|SunnyDay|[from] ability: Drought|[of] p1a: Torkoal\n|turn|1\n|\n|t:|1701027664\n|switch|p2a: Quaquaval|Quaquaval, M, shiny|100\/100\n|move|p1a: Torkoal|Stealth Rock|p2a: Quaquaval\n|-sidestart|p2: tobiasnl|move: Stealth Rock\n|\n|-weather|SunnyDay|[upkeep]\n|upkeep\n|turn|2\n|\n|t:|1701027671\n|switch|p1a: Leafeon|Leafeon, M|100\/100\n|move|p2a: Quaquaval|Swords Dance|p2a: Quaquaval\n|-boost|p2a: Quaquaval|atk|2\n|\n|-weather|SunnyDay|[upkeep]\n|upkeep\n|turn|3\n|\n|t:|1701027687\n|switch|p2a: Blaziken|Blaziken, F|100\/100\n|-damage|p2a: Blaziken|88\/100|[from] Stealth Rock\n|move|p1a: Leafeon|Solar Blade||[still]\n|-prepare|p1a: Leafeon|Solar Blade\n|-anim|p1a: Leafeon|Solar Blade|p2a: Blaziken\n|-resisted|p2a: Blaziken\n|-damage|p2a: Blaziken|43\/100\n|\n|-weather|SunnyDay|[upkeep]\n|-heal|p2a: Blaziken|49\/100|[from] item: Leftovers\n|upkeep\n|turn|4\n|\n|t:|1701027709\n|switch|p1a: Raichu|Raichu-Alola, F|100\/100\n|move|p2a: Blaziken|Swords Dance|p2a: Blaziken\n|-boost|p2a: Blaziken|atk|2\n|\n|-weather|SunnyDay|[upkeep]\n|-heal|p2a: Blaziken|55\/100|[from] item: Leftovers\n|-ability|p2a: Blaziken|Speed Boost|boost\n|-boost|p2a: Blaziken|spe|1\n|upkeep\n|turn|5\n|\n|t:|1701027720\n|move|p2a: Blaziken|Flare Blitz|p1a: Raichu\n|-damage|p1a: Raichu|0 fnt\n|faint|p1a: Raichu\n|-damage|p2a: Blaziken|26\/100|[from] Recoil\n|\n|-weather|none\n|-heal|p2a: Blaziken|32\/100|[from] item: Leftovers\n|-ability|p2a: Blaziken|Speed Boost|boost\n|-boost|p2a: Blaziken|spe|1\n|upkeep\n|\n|t:|1701027729\n|switch|p1a: Torkoal|Torkoal, F|100\/100\n|-weather|SunnyDay|[from] ability: Drought|[of] p1a: Torkoal\n|turn|6\n|\n|t:|1701027734\n|move|p2a: Blaziken|Close Combat|p1a: Torkoal\n|-damage|p1a: Torkoal|30\/100\n|-unboost|p2a: Blaziken|def|1\n|-unboost|p2a: Blaziken|spd|1\n|move|p1a: Torkoal|Body Press|p2a: Blaziken\n|-damage|p2a: Blaziken|0 fnt\n|faint|p2a: Blaziken\n|\n|-weather|SunnyDay|[upkeep]\n|-heal|p1a: Torkoal|36\/100|[from] item: Leftovers\n|upkeep\n|\n|t:|1701027749\n|switch|p2a: Quaquaval|Quaquaval, M, shiny|100\/100\n|-damage|p2a: Quaquaval|94\/100|[from] Stealth Rock\n|turn|7\n|\n|t:|1701027758\n|switch|p1a: Charizard|Charizard, F|100\/100\n|move|p2a: Quaquaval|Aqua Step|p1a: Charizard\n|-supereffective|p1a: Charizard\n|-damage|p1a: Charizard|42\/100\n|-boost|p2a: Quaquaval|spe|1\n|\n|-weather|SunnyDay|[upkeep]\n|-damage|p1a: Charizard|29\/100|[from] ability: Solar Power|[of] p1a: Charizard\n|-heal|p2a: Quaquaval|100\/100|[from] item: Leftovers\n|upkeep\n|turn|8\n|\n|t:|1701027770\n|move|p2a: Quaquaval|Swords Dance|p2a: Quaquaval\n|-boost|p2a: Quaquaval|atk|2\n|move|p1a: Charizard|Solar Beam||[still]\n|-prepare|p1a: Charizard|Solar Beam\n|-anim|p1a: Charizard|Solar Beam|p2a: Quaquaval\n|-supereffective|p2a: Quaquaval\n|-damage|p2a: Quaquaval|0 fnt\n|faint|p2a: Quaquaval\n|\n|-weather|SunnyDay|[upkeep]\n|-damage|p1a: Charizard|17\/100|[from] ability: Solar Power|[of] p1a: Charizard\n|upkeep\n|c|\u2606tobiasnl|ah i hoped u would switch cuz i was faster\n|\n|t:|1701027792\n|switch|p2a: Conkeldurr|Conkeldurr, M, shiny|100\/100\n|-damage|p2a: Conkeldurr|94\/100|[from] Stealth Rock\n|turn|9\n|\n|t:|1701027800\n|move|p2a: Conkeldurr|Mach Punch|p1a: Charizard\n|-resisted|p1a: Charizard\n|-damage|p1a: Charizard|0 fnt\n|faint|p1a: Charizard\n|\n|-weather|SunnyDay|[upkeep]\n|upkeep\n|\n|t:|1701027810\n|switch|p1a: Leafeon|Leafeon, M|100\/100\n|turn|10\n|\n|t:|1701027825\n|move|p1a: Leafeon|Solar Blade||[still]\n|-prepare|p1a: Leafeon|Solar Blade\n|-anim|p1a: Leafeon|Solar Blade|p2a: Conkeldurr\n|-damage|p2a: Conkeldurr|35\/100\n|move|p2a: Conkeldurr|Ice Punch|p1a: Leafeon\n|-supereffective|p1a: Leafeon\n|-damage|p1a: Leafeon|32\/100\n|\n|-weather|none\n|upkeep\n|turn|11\n|\n|t:|1701027835\n|switch|p1a: Garganacl|Garganacl, M|100\/100\n|move|p2a: Conkeldurr|Mach Punch|p1a: Garganacl\n|-supereffective|p1a: Garganacl\n|-damage|p1a: Garganacl|62\/100\n|\n|-heal|p1a: Garganacl|68\/100|[from] item: Leftovers\n|upkeep\n|turn|12\n|\n|t:|1701027844\n|move|p2a: Conkeldurr|Drain Punch|p1a: Garganacl\n|-supereffective|p1a: Garganacl\n|-damage|p1a: Garganacl|0 fnt\n|-heal|p2a: Conkeldurr|71\/100|[from] drain|[of] p1a: Garganacl\n|faint|p1a: Garganacl\n|\n|upkeep\n|\n|t:|1701027850\n|switch|p1a: Leafeon|Leafeon, M|32\/100\n|turn|13\n|\n|t:|1701027855\n|move|p1a: Leafeon|Protect|p1a: Leafeon\n|-singleturn|p1a: Leafeon|Protect\n|move|p2a: Conkeldurr|Mach Punch|p1a: Leafeon\n|-activate|p1a: Leafeon|move: Protect\n|\n|upkeep\n|turn|14\n|\n|t:|1701027864\n|switch|p1a: Torkoal|Torkoal, F|36\/100\n|-weather|SunnyDay|[from] ability: Drought|[of] p1a: Torkoal\n|move|p2a: Conkeldurr|Mach Punch|p1a: Torkoal\n|-damage|p1a: Torkoal|18\/100\n|\n|-weather|SunnyDay|[upkeep]\n|-heal|p1a: Torkoal|24\/100|[from] item: Leftovers\n|upkeep\n|turn|15\n|\n|t:|1701027875\n|move|p2a: Conkeldurr|Drain Punch|p1a: Torkoal\n|-damage|p1a: Torkoal|0 fnt\n|-heal|p2a: Conkeldurr|82\/100|[from] drain|[of] p1a: Torkoal\n|faint|p1a: Torkoal\n|\n|-weather|SunnyDay|[upkeep]\n|upkeep\n|\n|t:|1701027888\n|switch|p1a: Leafeon|Leafeon, M|32\/100\n|turn|16\n|\n|t:|1701027895\n|move|p1a: Leafeon|Solar Blade||[still]\n|-prepare|p1a: Leafeon|Solar Blade\n|-anim|p1a: Leafeon|Solar Blade|p2a: Conkeldurr\n|-damage|p2a: Conkeldurr|17\/100\n|move|p2a: Conkeldurr|Ice Punch|p1a: Leafeon\n|-supereffective|p1a: Leafeon\n|-damage|p1a: Leafeon|0 fnt\n|faint|p1a: Leafeon\n|\n|-weather|SunnyDay|[upkeep]\n|upkeep\n|\n|t:|1701027904\n|switch|p1a: Lucario|Lucario, F|100\/100\n|turn|17\n|\n|t:|1701027926\n|move|p2a: Conkeldurr|Mach Punch|p1a: Lucario\n|-supereffective|p1a: Lucario\n|-damage|p1a: Lucario|6\/100\n|move|p1a: Lucario|Close Combat|p2a: Conkeldurr\n|-damage|p2a: Conkeldurr|0 fnt\n|-unboost|p1a: Lucario|def|1\n|-unboost|p1a: Lucario|spd|1\n|faint|p2a: Conkeldurr\n|\n|-weather|SunnyDay|[upkeep]\n|upkeep\n|\n|t:|1701027935\n|switch|p2a: Lucario|Lucario, F, shiny|100\/100\n|-damage|p2a: Lucario|98\/100|[from] Stealth Rock\n|turn|18\n|\n|t:|1701027939\n|move|p2a: Lucario|Bullet Punch|p1a: Lucario\n|-resisted|p1a: Lucario\n|-damage|p1a: Lucario|0 fnt\n|faint|p1a: Lucario\n|\n|win|tobiasnl\n|c|\u2606MunchingPatato|gg\n","uploadtime":1701027950,"views":23,"p1id":"munchingpatato","p2id":"tobiasnl","formatid":"gen9nationaldex","rating":0,"private":0,"password":""}