{"id":"gen9nationaldex-1997540372","p1":"celax","p2":"ADDosd\u5c0f\u9668\u661f\u4fa0","format":"[Gen 9] National Dex","log":"|html|<div class=\"broadcast-blue\"><strong>[Gen 9] National Dex is currently suspecting Sneasler! For information on how to participate check out the <a href=\"https:\/\/www.smogon.com\/forums\/threads\/sv-national-dex-suspect-8-just-dance.3731534\/\">suspect thread<\/a>.<\/strong><\/div>\n|j|\u2606celax\n|j|\u2606ADDosd\u5c0f\u9668\u661f\u4fa0\n|t:|1700822528\n|gametype|singles\n|player|p1|celax|102|1110\n|player|p2|ADDosd\u5c0f\u9668\u661f\u4fa0|youngster-gen1rb|1171\n|teamsize|p1|6\n|teamsize|p2|6\n|gen|9\n|tier|[Gen 9] National Dex\n|rated|\n|rule|HP Percentage Mod: HP is shown in percentages\n|rule|Endless Battle Clause: Forcing endless battles is banned\n|rule|OHKO Clause: OHKO moves are banned\n|rule|Evasion Clause: Evasion abilities, items, and moves are banned\n|rule|Evasion Abilities Clause: Evasion abilities are banned\n|rule|Evasion Items Clause: Evasion items are banned\n|rule|Evasion Moves Clause: Evasion moves are banned\n|rule|Species Clause: Limit one of each Pok\u00e9mon\n|rule|Sleep Clause Mod: Limit one foe put to sleep\n|clearpoke\n|poke|p1|Ceruledge, M|\n|poke|p1|Dragonite, M|\n|poke|p1|Garganacl, F|\n|poke|p1|Garchomp, M|\n|poke|p1|Rotom-Wash|\n|poke|p1|Gardevoir, M|\n|poke|p2|Ferrothorn, F|\n|poke|p2|Tatsugiri, M|\n|poke|p2|Terrakion|\n|poke|p2|Shuckle, F|\n|poke|p2|Grimmsnarl, M|\n|poke|p2|Heatran, M|\n|teampreview\n|inactive|Battle timer is ON: inactive players will automatically lose when time's up. (requested by ADDosd\u5c0f\u9668\u661f\u4fa0)\n|\n|t:|1700822560\n|start\n|switch|p1a: Gardevoir|Gardevoir, M, shiny|100\/100\n|switch|p2a: Grimmsnarl|Grimmsnarl, M|100\/100\n|-ability|p1a: Gardevoir|Prankster|[from] ability: Trace|[of] p2a: Grimmsnarl\n|turn|1\n|\n|t:|1700822578\n|switch|p1a: Rotom|Rotom-Wash|100\/100\n|move|p2a: Grimmsnarl|Light Screen|p2a: Grimmsnarl\n|-sidestart|p2: ADDosd\u5c0f\u9668\u661f\u4fa0|move: Light Screen\n|\n|upkeep\n|turn|2\n|\n|t:|1700822584\n|move|p2a: Grimmsnarl|Parting Shot|p1a: Rotom\n|-unboost|p1a: Rotom|atk|1\n|-unboost|p1a: Rotom|spa|1\n|\n|t:|1700822587\n|switch|p2a: Tatsugiri|Tatsugiri, M|100\/100|[from] Parting Shot\n|move|p1a: Rotom|Trick|p2a: Tatsugiri\n|-activate|p1a: Rotom|move: Trick|[of] p2a: Tatsugiri\n|-item|p2a: Tatsugiri|Choice Scarf|[from] move: Trick\n|-item|p1a: Rotom|Sitrus Berry|[from] move: Trick\n|\n|upkeep\n|turn|3\n|\n|t:|1700822610\n|move|p2a: Tatsugiri|Hydro Pump|p1a: Rotom|[miss]\n|-miss|p2a: Tatsugiri|p1a: Rotom\n|move|p1a: Rotom|Volt Switch|p2a: Tatsugiri\n|-damage|p2a: Tatsugiri|91\/100\n|inactive|celax has 120 seconds left.\n|\n|t:|1700822626\n|switch|p1a: Garganacl|Garganacl, F, shiny|100\/100|[from] Volt Switch\n|\n|upkeep\n|turn|4\n|inactive|celax has 120 seconds left.\n|\n|t:|1700822653\n|move|p2a: Tatsugiri|Hydro Pump|p1a: Garganacl|[miss]\n|-miss|p2a: Tatsugiri|p1a: Garganacl\n|move|p1a: Garganacl|Salt Cure|p2a: Tatsugiri\n|-damage|p2a: Tatsugiri|69\/100\n|-start|p2a: Tatsugiri|Salt Cure\n|\n|-damage|p2a: Tatsugiri|44\/100|[from] Salt Cure\n|upkeep\n|turn|5\n|\n|t:|1700822664\n|move|p2a: Tatsugiri|Hydro Pump|p1a: Garganacl\n|-supereffective|p1a: Garganacl\n|-damage|p1a: Garganacl|26\/100\n|move|p1a: Garganacl|Iron Defense|p1a: Garganacl\n|-boost|p1a: Garganacl|def|2\n|\n|-heal|p1a: Garganacl|32\/100|[from] item: Leftovers\n|-damage|p2a: Tatsugiri|19\/100|[from] Salt Cure\n|upkeep\n|turn|6\n|inactive|ADDosd\u5c0f\u9668\u661f\u4fa0 has 120 seconds left.\n|\n|t:|1700822700\n|move|p2a: Tatsugiri|Hydro Pump|p1a: Garganacl|[miss]\n|-miss|p2a: Tatsugiri|p1a: Garganacl\n|move|p1a: Garganacl|Recover|p1a: Garganacl\n|-heal|p1a: Garganacl|82\/100\n|\n|-heal|p1a: Garganacl|89\/100|[from] item: Leftovers\n|-damage|p2a: Tatsugiri|0 fnt|[from] Salt Cure\n|faint|p2a: Tatsugiri\n|upkeep\n|c|\u2606celax|\u6211\u8d4c\u4f60\u4e0d\u4e2d\n|\n|t:|1700822711\n|switch|p2a: Shuckle|Shuckle, F|100\/100\n|turn|7\n|c|\u2606celax|hhhh\n|\n|t:|1700822725\n|move|p1a: Garganacl|Salt Cure|p2a: Shuckle\n|-supereffective|p2a: Shuckle\n|-damage|p2a: Shuckle|85\/100\n|-start|p2a: Shuckle|Salt Cure\n|move|p2a: Shuckle|Sticky Web|p1a: Garganacl\n|-sidestart|p1: celax|move: Sticky Web\n|\n|-heal|p1a: Garganacl|95\/100|[from] item: Leftovers\n|-damage|p2a: Shuckle|73\/100|[from] Salt Cure\n|upkeep\n|turn|8\n|c|\u2606ADDosd\u5c0f\u9668\u661f\u4fa0|\u539f\u795e\uff0c\u542f\u52a8\n|c|\u2606ADDosd\u5c0f\u9668\u661f\u4fa0|\u51b7\u6f20\n|\n|t:|1700822748\n|move|p1a: Garganacl|Iron Defense|p1a: Garganacl\n|-boost|p1a: Garganacl|def|2\n|move|p2a: Shuckle|Final Gambit|p1a: Garganacl\n|-damage|p1a: Garganacl|51\/100\n|faint|p2a: Shuckle\n|\n|-heal|p1a: Garganacl|57\/100|[from] item: Leftovers\n|-sideend|p2: ADDosd\u5c0f\u9668\u661f\u4fa0|move: Light Screen\n|upkeep\n|\n|t:|1700822751\n|switch|p2a: Heatran|Heatran, M|100\/100\n|turn|9\n|\n|t:|1700822769\n|switch|p1a: Rotom|Rotom-Wash|100\/100\n|move|p2a: Heatran|Flash Cannon|p1a: Rotom\n|-resisted|p1a: Rotom\n|-damage|p1a: Rotom|84\/100\n|-unboost|p1a: Rotom|spd|1\n|\n|upkeep\n|turn|10\n|\n|t:|1700822785\n|switch|p2a: Ferrothorn|Ferrothorn, F|100\/100\n|move|p1a: Rotom|Trick|p2a: Ferrothorn\n|-activate|p1a: Rotom|move: Trick|[of] p2a: Ferrothorn\n|-item|p2a: Ferrothorn|Sitrus Berry|[from] move: Trick\n|-item|p1a: Rotom|Rocky Helmet|[from] move: Trick\n|\n|upkeep\n|turn|11\n|inactive|celax has 90 seconds left.\n|\n|t:|1700822805\n|switch|p1a: Garganacl|Garganacl, F, shiny|57\/100\n|-activate|p1a: Garganacl|move: Sticky Web\n|-unboost|p1a: Garganacl|spe|1\n|move|p2a: Ferrothorn|Substitute|p2a: Ferrothorn\n|-start|p2a: Ferrothorn|Substitute\n|-damage|p2a: Ferrothorn|75\/100\n|\n|-heal|p1a: Garganacl|64\/100|[from] item: Leftovers\n|upkeep\n|turn|12\n|inactive|celax has 90 seconds left.\n|\n|t:|1700822817\n|move|p1a: Garganacl|Body Press|p2a: Ferrothorn\n|-supereffective|p2a: Ferrothorn\n|-crit|p2a: Ferrothorn\n|-end|p2a: Ferrothorn|Substitute\n|move|p2a: Ferrothorn|Curse|p2a: Ferrothorn\n|-unboost|p2a: Ferrothorn|spe|1\n|-boost|p2a: Ferrothorn|atk|1\n|-boost|p2a: Ferrothorn|def|1\n|\n|-heal|p1a: Garganacl|70\/100|[from] item: Leftovers\n|upkeep\n|turn|13\n|inactive|celax has 90 seconds left.\n|\n|t:|1700822829\n|move|p1a: Garganacl|Iron Defense|p1a: Garganacl\n|-boost|p1a: Garganacl|def|2\n|move|p2a: Ferrothorn|Power Whip|p1a: Garganacl\n|-supereffective|p1a: Garganacl\n|-damage|p1a: Garganacl|26\/100\n|\n|-heal|p1a: Garganacl|32\/100|[from] item: Leftovers\n|upkeep\n|turn|14\n|inactive|celax has 90 seconds left.\n|\n|t:|1700822837\n|move|p1a: Garganacl|Recover|p1a: Garganacl\n|-heal|p1a: Garganacl|82\/100\n|move|p2a: Ferrothorn|Leech Seed|p1a: Garganacl\n|-start|p1a: Garganacl|move: Leech Seed\n|\n|-heal|p1a: Garganacl|89\/100|[from] item: Leftovers\n|-damage|p1a: Garganacl|76\/100|[from] Leech Seed|[of] p2a: Ferrothorn\n|-heal|p2a: Ferrothorn|90\/100|[silent]\n|upkeep\n|turn|15\n|\n|t:|1700822841\n|move|p1a: Garganacl|Body Press|p2a: Ferrothorn\n|-supereffective|p2a: Ferrothorn\n|-damage|p2a: Ferrothorn|45\/100\n|-damage|p1a: Garganacl|64\/100|[from] ability: Iron Barbs|[of] p2a: Ferrothorn\n|-enditem|p2a: Ferrothorn|Sitrus Berry|[eat]\n|-heal|p2a: Ferrothorn|70\/100|[from] item: Sitrus Berry\n|move|p2a: Ferrothorn|Substitute|p2a: Ferrothorn\n|-start|p2a: Ferrothorn|Substitute\n|-damage|p2a: Ferrothorn|45\/100\n|\n|-heal|p1a: Garganacl|70\/100|[from] item: Leftovers\n|-damage|p1a: Garganacl|58\/100|[from] Leech Seed|[of] p2a: Ferrothorn\n|-heal|p2a: Ferrothorn|59\/100|[silent]\n|upkeep\n|turn|16\n|\n|t:|1700822848\n|-terastallize|p2a: Ferrothorn|Ghost\n|move|p1a: Garganacl|Recover|p1a: Garganacl\n|-heal|p1a: Garganacl|100\/100\n|move|p2a: Ferrothorn|Power Whip|p1a: Garganacl|[miss]\n|-miss|p2a: Ferrothorn|p1a: Garganacl\n|\n|-damage|p1a: Garganacl|88\/100|[from] Leech Seed|[of] p2a: Ferrothorn\n|-heal|p2a: Ferrothorn|73\/100|[silent]\n|upkeep\n|turn|17\n|\n|t:|1700822855\n|move|p1a: Garganacl|Iron Defense|p1a: Garganacl\n|-boost|p1a: Garganacl|def|2\n|move|p2a: Ferrothorn|Power Whip|p1a: Garganacl\n|-supereffective|p1a: Garganacl\n|-damage|p1a: Garganacl|56\/100\n|\n|-heal|p1a: Garganacl|63\/100|[from] item: Leftovers\n|-damage|p1a: Garganacl|50\/100|[from] Leech Seed|[of] p2a: Ferrothorn\n|-heal|p2a: Ferrothorn|87\/100|[silent]\n|upkeep\n|turn|18\n|\n|t:|1700822862\n|move|p1a: Garganacl|Salt Cure|p2a: Ferrothorn\n|-activate|p2a: Ferrothorn|move: Substitute|[damage]\n|move|p2a: Ferrothorn|Curse|p1a: Garganacl\n|-start|p1a: Garganacl|Curse|[of] p2a: Ferrothorn\n|-damage|p2a: Ferrothorn|37\/100\n|\n|-heal|p1a: Garganacl|56\/100|[from] item: Leftovers\n|-damage|p1a: Garganacl|44\/100|[from] Leech Seed|[of] p2a: Ferrothorn\n|-heal|p2a: Ferrothorn|52\/100|[silent]\n|-damage|p1a: Garganacl|19\/100|[from] Curse\n|upkeep\n|turn|19\n|\n|t:|1700822873\n|move|p1a: Garganacl|Recover|p1a: Garganacl\n|-heal|p1a: Garganacl|69\/100\n|move|p2a: Ferrothorn|Power Whip|p1a: Garganacl\n|-supereffective|p1a: Garganacl\n|-damage|p1a: Garganacl|40\/100\n|\n|-heal|p1a: Garganacl|47\/100|[from] item: Leftovers\n|-damage|p1a: Garganacl|34\/100|[from] Leech Seed|[of] p2a: Ferrothorn\n|-heal|p2a: Ferrothorn|66\/100|[silent]\n|-damage|p1a: Garganacl|9\/100|[from] Curse\n|upkeep\n|turn|20\n|c|\u2606ADDosd\u5c0f\u9668\u661f\u4fa0|\u8bc5\u5492\uff0c\u542f\u52a8\n|\n|t:|1700822880\n|move|p1a: Garganacl|Recover|p1a: Garganacl\n|-heal|p1a: Garganacl|60\/100\n|move|p2a: Ferrothorn|Power Whip|p1a: Garganacl|[miss]\n|-miss|p2a: Ferrothorn|p1a: Garganacl\n|\n|-heal|p1a: Garganacl|66\/100|[from] item: Leftovers\n|-damage|p1a: Garganacl|53\/100|[from] Leech Seed|[of] p2a: Ferrothorn\n|-heal|p2a: Ferrothorn|80\/100|[silent]\n|-damage|p1a: Garganacl|29\/100|[from] Curse\n|upkeep\n|turn|21\n|\n|t:|1700822887\n|move|p1a: Garganacl|Recover|p1a: Garganacl\n|-heal|p1a: Garganacl|79\/100\n|move|p2a: Ferrothorn|Power Whip|p1a: Garganacl\n|-supereffective|p1a: Garganacl\n|-damage|p1a: Garganacl|47\/100\n|\n|-heal|p1a: Garganacl|54\/100|[from] item: Leftovers\n|-damage|p1a: Garganacl|41\/100|[from] Leech Seed|[of] p2a: Ferrothorn\n|-heal|p2a: Ferrothorn|94\/100|[silent]\n|-damage|p1a: Garganacl|16\/100|[from] Curse\n|upkeep\n|turn|22\n|\n|t:|1700822892\n|switch|p1a: Ceruledge|Ceruledge, M, shiny|100\/100\n|-activate|p1a: Ceruledge|move: Sticky Web\n|-unboost|p1a: Ceruledge|spe|1\n|move|p2a: Ferrothorn|Power Whip|p1a: Ceruledge\n|-resisted|p1a: Ceruledge\n|-damage|p1a: Ceruledge|62\/100\n|\n|upkeep\n|turn|23\n|\n|t:|1700822905\n|move|p1a: Ceruledge|Bitter Blade|p2a: Ferrothorn\n|-end|p2a: Ferrothorn|Substitute\n|-heal|p1a: Ceruledge|71\/100|[from] drain|[of] p2a: Ferrothorn\n|move|p2a: Ferrothorn|Curse|p1a: Ceruledge\n|-start|p1a: Ceruledge|Curse|[of] p2a: Ferrothorn\n|-damage|p2a: Ferrothorn|44\/100\n|\n|-damage|p1a: Ceruledge|46\/100|[from] Curse\n|upkeep\n|turn|24\n|\n|t:|1700822914\n|switch|p2a: Heatran|Heatran, M|100\/100\n|move|p1a: Ceruledge|Shadow Sneak|p2a: Heatran\n|-crit|p2a: Heatran\n|-damage|p2a: Heatran|65\/100\n|\n|-damage|p1a: Ceruledge|21\/100|[from] Curse\n|upkeep\n|-enditem|p1a: Ceruledge|Aguav Berry|[eat]\n|-heal|p1a: Ceruledge|54\/100|[from] item: Aguav Berry\n|turn|25\n|\n|t:|1700822934\n|switch|p2a: Ferrothorn|Ferrothorn, F, tera:Ghost|44\/100\n|-terastallize|p1a: Ceruledge|Grass\n|move|p1a: Ceruledge|Close Combat|p2a: Ferrothorn\n|-immune|p2a: Ferrothorn\n|\n|-damage|p1a: Ceruledge|30\/100|[from] Curse\n|upkeep\n|turn|26\n|\n|t:|1700822942\n|switch|p2a: Grimmsnarl|Grimmsnarl, M|100\/100\n|move|p1a: Ceruledge|Bitter Blade|p2a: Grimmsnarl\n|-damage|p2a: Grimmsnarl|54\/100\n|-heal|p1a: Ceruledge|56\/100|[from] drain|[of] p2a: Grimmsnarl\n|\n|-damage|p1a: Ceruledge|31\/100|[from] Curse\n|upkeep\n|turn|27\n|\n|t:|1700822957\n|switch|p1a: Rotom|Rotom-Wash|84\/100\n|move|p2a: Grimmsnarl|Sucker Punch||[still]\n|-fail|p2a: Grimmsnarl\n|\n|upkeep\n|turn|28\n|\n|t:|1700822968\n|switch|p2a: Ferrothorn|Ferrothorn, F, tera:Ghost|44\/100\n|move|p1a: Rotom|Trick|p2a: Ferrothorn\n|-activate|p1a: Rotom|move: Trick|[of] p2a: Ferrothorn\n|-item|p2a: Ferrothorn|Rocky Helmet|[from] move: Trick\n|-enditem|p1a: Rotom|Rocky Helmet|[silent]|[from] move: Trick\n|\n|upkeep\n|turn|29\n|\n|t:|1700822982\n|move|p1a: Rotom|Volt Switch|p2a: Ferrothorn\n|-damage|p2a: Ferrothorn|25\/100\n|\n|t:|1700822992\n|switch|p1a: Garchomp|Garchomp, M|100\/100|[from] Volt Switch\n|-activate|p1a: Garchomp|move: Sticky Web\n|-unboost|p1a: Garchomp|spe|1\n|move|p2a: Ferrothorn|Leech Seed|p1a: Garchomp\n|-start|p1a: Garchomp|move: Leech Seed\n|\n|-damage|p1a: Garchomp|88\/100|[from] Leech Seed|[of] p2a: Ferrothorn\n|-heal|p2a: Ferrothorn|39\/100|[silent]\n|upkeep\n|turn|30\n|\n|t:|1700823004\n|move|p1a: Garchomp|Stealth Rock|p2a: Ferrothorn\n|-sidestart|p2: ADDosd\u5c0f\u9668\u661f\u4fa0|move: Stealth Rock\n|move|p2a: Ferrothorn|Power Whip|p1a: Garchomp\n|-damage|p1a: Garchomp|51\/100\n|-damage|p2a: Ferrothorn|26\/100|[from] ability: Rough Skin|[of] p1a: Garchomp\n|-damage|p2a: Ferrothorn|10\/100|[from] item: Rocky Helmet|[of] p1a: Garchomp\n|\n|-damage|p1a: Garchomp|39\/100|[from] Leech Seed|[of] p2a: Ferrothorn\n|-heal|p2a: Ferrothorn|24\/100|[silent]\n|upkeep\n|turn|31\n|\n|t:|1700823021\n|switch|p1a: Ceruledge|Ceruledge, M, shiny, tera:Grass|31\/100\n|-activate|p1a: Ceruledge|move: Sticky Web\n|-unboost|p1a: Ceruledge|spe|1\n|move|p2a: Ferrothorn|Power Whip|p1a: Ceruledge\n|-resisted|p1a: Ceruledge\n|-damage|p1a: Ceruledge|8\/100\n|\n|upkeep\n|turn|32\n|\n|t:|1700823027\n|move|p1a: Ceruledge|Shadow Sneak|p2a: Ferrothorn\n|-supereffective|p2a: Ferrothorn\n|-damage|p2a: Ferrothorn|0 fnt\n|-damage|p1a: Ceruledge|0 fnt|[from] ability: Iron Barbs|[of] p2a: Ferrothorn\n|faint|p2a: Ferrothorn\n|faint|p1a: Ceruledge\n|\n|upkeep\n|\n|t:|1700823034\n|switch|p1a: Garganacl|Garganacl, F, shiny|16\/100\n|switch|p2a: Grimmsnarl|Grimmsnarl, M|54\/100\n|-damage|p2a: Grimmsnarl|42\/100|[from] Stealth Rock\n|-activate|p1a: Garganacl|move: Sticky Web\n|-unboost|p1a: Garganacl|spe|1\n|turn|33\n|\n|t:|1700823039\n|move|p2a: Grimmsnarl|Sucker Punch||[still]\n|-fail|p2a: Grimmsnarl\n|move|p1a: Garganacl|Recover|p1a: Garganacl\n|-heal|p1a: Garganacl|67\/100\n|\n|-heal|p1a: Garganacl|73\/100|[from] item: Leftovers\n|upkeep\n|turn|34\n|\n|t:|1700823054\n|move|p2a: Grimmsnarl|Reflect|p2a: Grimmsnarl\n|-sidestart|p2: ADDosd\u5c0f\u9668\u661f\u4fa0|Reflect\n|move|p1a: Garganacl|Salt Cure|p2a: Grimmsnarl\n|-damage|p2a: Grimmsnarl|35\/100\n|-start|p2a: Grimmsnarl|Salt Cure\n|\n|-heal|p1a: Garganacl|79\/100|[from] item: Leftovers\n|-damage|p2a: Grimmsnarl|22\/100|[from] Salt Cure\n|upkeep\n|turn|35\n|\n|t:|1700823066\n|switch|p2a: Heatran|Heatran, M|65\/100\n|-damage|p2a: Heatran|53\/100|[from] Stealth Rock\n|move|p1a: Garganacl|Iron Defense|p1a: Garganacl\n|-boost|p1a: Garganacl|def|2\n|\n|-heal|p1a: Garganacl|85\/100|[from] item: Leftovers\n|upkeep\n|turn|36\n|\n|t:|1700823076\n|move|p2a: Heatran|Flash Cannon|p1a: Garganacl\n|-supereffective|p1a: Garganacl\n|-damage|p1a: Garganacl|0 fnt\n|faint|p1a: Garganacl\n|\n|upkeep\n|\n|t:|1700823086\n|switch|p1a: Garchomp|Garchomp, M|39\/100\n|-activate|p1a: Garchomp|move: Sticky Web\n|-unboost|p1a: Garchomp|spe|1\n|turn|37\n|\n|t:|1700823095\n|switch|p2a: Grimmsnarl|Grimmsnarl, M|22\/100\n|-damage|p2a: Grimmsnarl|10\/100|[from] Stealth Rock\n|move|p1a: Garchomp|Earthquake|p2a: Grimmsnarl\n|-damage|p2a: Grimmsnarl|0 fnt\n|faint|p2a: Grimmsnarl\n|\n|upkeep\n|\n|t:|1700823097\n|switch|p2a: Terrakion|Terrakion|100\/100\n|-damage|p2a: Terrakion|94\/100|[from] Stealth Rock\n|turn|38\n|\n|t:|1700823106\n|move|p2a: Terrakion|Stone Edge|p1a: Garchomp|[miss]\n|-miss|p2a: Terrakion|p1a: Garchomp\n|move|p1a: Garchomp|Scale Shot|p2a: Terrakion\n|-damage|p2a: Terrakion|88\/100\n|-damage|p2a: Terrakion|82\/100\n|-hitcount|p2a: Terrakion|2\n|-unboost|p1a: Garchomp|def|1\n|-boost|p1a: Garchomp|spe|1\n|\n|upkeep\n|turn|39\n|\n|t:|1700823122\n|move|p1a: Garchomp|Earthquake|p2a: Terrakion\n|-supereffective|p2a: Terrakion\n|-damage|p2a: Terrakion|31\/100\n|move|p2a: Terrakion|Stone Edge|p1a: Garchomp\n|-resisted|p1a: Garchomp\n|-crit|p1a: Garchomp\n|-damage|p1a: Garchomp|0 fnt\n|faint|p1a: Garchomp\n|\n|upkeep\n|\n|t:|1700823127\n|switch|p1a: Dragonite|Dragonite, M|100\/100\n|turn|40\n|\n|t:|1700823144\n|move|p2a: Terrakion|Stone Edge|p1a: Dragonite\n|-supereffective|p1a: Dragonite\n|-damage|p1a: Dragonite|25\/100\n|move|p1a: Dragonite|Earthquake|p2a: Terrakion\n|-supereffective|p2a: Terrakion\n|-damage|p2a: Terrakion|0 fnt\n|faint|p2a: Terrakion\n|\n|upkeep\n|\n|t:|1700823148\n|switch|p2a: Heatran|Heatran, M|53\/100\n|-damage|p2a: Heatran|40\/100|[from] Stealth Rock\n|turn|41\n|c|\u2606ADDosd\u5c0f\u9668\u661f\u4fa0|\u73a9\u5ca9\u738b\u7237\u73a9\u7684\n|\n|t:|1700823160\n|move|p2a: Heatran|Magma Storm|p1a: Dragonite|[miss]\n|-miss|p2a: Heatran|p1a: Dragonite\n|move|p1a: Dragonite|Earthquake|p2a: Heatran\n|-supereffective|p2a: Heatran\n|-damage|p2a: Heatran|0 fnt\n|faint|p2a: Heatran\n|\n|win|celax\n|raw|celax's rating: 1110 &rarr; <strong>1139<\/strong><br \/>(+29 for winning)\n|raw|ADDosd\u5c0f\u9668\u661f\u4fa0's rating: 1171 &rarr; <strong>1142<\/strong><br \/>(-29 for losing)\n|l|\u2606ADDosd\u5c0f\u9668\u661f\u4fa0\n","uploadtime":1700823193,"views":2,"p1id":"celax","p2id":"addosd","formatid":"gen9nationaldex","rating":1139,"private":0,"password":""}