{"id":"gen9nationaldex-1993553646","p1":"Ekkogandr","p2":"akyraaiko","format":"[Gen 9] National Dex","log":"|j|\u2606Ekkogandr\n|j|\u2606akyraaiko\n|t:|1700331081\n|gametype|singles\n|player|p1|Ekkogandr|turo-ai|\n|player|p2|akyraaiko|265|\n|teamsize|p1|6\n|teamsize|p2|6\n|gen|9\n|tier|[Gen 9] National Dex\n|rule|HP Percentage Mod: HP is shown in percentages\n|rule|Endless Battle Clause: Forcing endless battles is banned\n|rule|OHKO Clause: OHKO moves are banned\n|rule|Evasion Clause: Evasion abilities, items, and moves are banned\n|rule|Evasion Abilities Clause: Evasion abilities are banned\n|rule|Evasion Items Clause: Evasion items are banned\n|rule|Evasion Moves Clause: Evasion moves are banned\n|rule|Species Clause: Limit one of each Pok\u00e9mon\n|rule|Sleep Clause Mod: Limit one foe put to sleep\n|clearpoke\n|poke|p1|Kyurem|\n|poke|p1|Lopunny, F|\n|poke|p1|Tapu Lele|\n|poke|p1|Moltres|\n|poke|p1|Ting-Lu|\n|poke|p1|Landorus-Therian, M|\n|poke|p2|Rotom-Wash|\n|poke|p2|Ceruledge, F|\n|poke|p2|Kleavor, M|\n|poke|p2|Banette, F|\n|poke|p2|Lycanroc-Dusk, F|\n|poke|p2|Zoroark-Hisui, F|\n|teampreview\n|\n|t:|1700331087\n|start\n|switch|p1a: Alces|Ting-Lu|100\/100\n|switch|p2a: Banette|Banette, F|100\/100\n|-ability|p1a: Alces|Vessel of Ruin\n|turn|1\n|\n|t:|1700331095\n|detailschange|p2a: Banette|Banette-Mega, F\n|-mega|p2a: Banette|Banette|Banettite\n|move|p2a: Banette|Swords Dance|p2a: Banette\n|-boost|p2a: Banette|atk|2\n|move|p1a: Alces|Stealth Rock|p2a: Banette\n|-sidestart|p2: akyraaiko|move: Stealth Rock\n|\n|upkeep\n|turn|2\n|\n|t:|1700331099\n|move|p2a: Banette|Gunk Shot|p1a: Alces\n|-resisted|p1a: Alces\n|-crit|p1a: Alces\n|-damage|p1a: Alces|60\/100\n|move|p1a: Alces|Whirlwind|p2a: Banette\n|drag|p2a: el lobo|Lycanroc-Dusk, F, shiny|100\/100\n|-damage|p2a: el lobo|88\/100|[from] Stealth Rock\n|\n|-heal|p1a: Alces|67\/100|[from] item: Leftovers\n|upkeep\n|turn|3\n|\n|t:|1700331105\n|move|p2a: el lobo|Close Combat|p1a: Alces\n|-supereffective|p1a: Alces\n|-damage|p1a: Alces|0 fnt\n|-unboost|p2a: el lobo|def|1\n|-unboost|p2a: el lobo|spd|1\n|faint|p1a: Alces\n|\n|upkeep\n|c|\u2606Ekkogandr|ok fui mlk\n|\n|t:|1700331117\n|switch|p1a: Terra Tigris|Landorus-Therian, M|100\/100\n|-ability|p1a: Terra Tigris|Intimidate|boost\n|-unboost|p2a: el lobo|atk|1\n|turn|4\n|c|\u2606akyraaiko|achou q era o zoro\n|c|\u2606Ekkogandr|n\n|c|\u2606Ekkogandr|achei q tankava msm\n|\n|t:|1700331127\n|switch|p2a: Rotom|Rotom-Wash|100\/100\n|-damage|p2a: Rotom|88\/100|[from] Stealth Rock\n|move|p1a: Terra Tigris|Earthquake|p2a: Rotom\n|-damage|p2a: Rotom|0 fnt\n|replace|p2a: who?|Zoroark-Hisui, F, shiny\n|-end|p2a: who?|Illusion\n|faint|p2a: who?\n|\n|upkeep\n|\n|t:|1700331130\n|switch|p2a: Rotom|Rotom-Wash|100\/100\n|-damage|p2a: Rotom|88\/100|[from] Stealth Rock\n|turn|5\n|c|\u2606Ekkogandr|porra\n|c|\u2606akyraaiko|devia ter colocado o verdadeiro\n|c|\u2606akyraaiko|KKKKKKKKKKKK\n|c|\u2606akyraaiko|porra\n|c|\u2606Ekkogandr|achei q tu tinha mandado o rotom real\n|\n|t:|1700331143\n|move|p2a: Rotom|Hydro Pump|p1a: Terra Tigris\n|-supereffective|p1a: Terra Tigris\n|-damage|p1a: Terra Tigris|23\/100\n|move|p1a: Terra Tigris|U-turn|p2a: Rotom\n|-damage|p2a: Rotom|66\/100\n|c|\u2606akyraaiko|seria engra\u00e7ado\n|\n|t:|1700331151\n|switch|p1a: Gelida Vagus|Kyurem, shiny|100\/100|[from] U-turn\n|-ability|p1a: Gelida Vagus|Pressure\n|\n|-heal|p2a: Rotom|72\/100|[from] item: Leftovers\n|upkeep\n|turn|6\n|\n|t:|1700331162\n|-terastallize|p2a: Rotom|Electric\n|move|p1a: Gelida Vagus|Substitute|p1a: Gelida Vagus\n|-start|p1a: Gelida Vagus|Substitute\n|-damage|p1a: Gelida Vagus|76\/100\n|move|p2a: Rotom|Will-O-Wisp||[still]\n|-fail|p2a: Rotom\n|\n|-heal|p2a: Rotom|78\/100|[from] item: Leftovers\n|upkeep\n|turn|7\n|\n|t:|1700331170\n|move|p1a: Gelida Vagus|Freeze-Dry|p2a: Rotom\n|-crit|p2a: Rotom\n|-damage|p2a: Rotom|30\/100\n|move|p2a: Rotom|Will-O-Wisp|p1a: Gelida Vagus|[miss]\n|-miss|p2a: Rotom|p1a: Gelida Vagus\n|\n|-heal|p2a: Rotom|36\/100|[from] item: Leftovers\n|upkeep\n|turn|8\n|\n|t:|1700331173\n|move|p1a: Gelida Vagus|Freeze-Dry|p2a: Rotom\n|-damage|p2a: Rotom|3\/100\n|-status|p2a: Rotom|frz\n|cant|p2a: Rotom|frz\n|\n|-heal|p2a: Rotom|9\/100 frz|[from] item: Leftovers\n|upkeep\n|turn|9\n|c|\u2606akyraaiko|PORRA\n|\n|t:|1700331178\n|move|p1a: Gelida Vagus|Roost|p1a: Gelida Vagus\n|-heal|p1a: Gelida Vagus|100\/100\n|-singleturn|p1a: Gelida Vagus|move: Roost\n|cant|p2a: Rotom|frz\n|\n|-heal|p2a: Rotom|16\/100 frz|[from] item: Leftovers\n|upkeep\n|turn|10\n|c|\u2606Ekkogandr|KKKKKKKKKKKKK\n|\n|t:|1700331183\n|move|p1a: Gelida Vagus|Freeze-Dry|p2a: Rotom\n|-damage|p2a: Rotom|0 fnt\n|faint|p2a: Rotom\n|\n|upkeep\n|\n|t:|1700331187\n|switch|p2a: Ceruledge|Ceruledge, F|100\/100\n|-damage|p2a: Ceruledge|76\/100|[from] Stealth Rock\n|turn|11\n|\n|t:|1700331191\n|move|p1a: Gelida Vagus|Earth Power|p2a: Ceruledge\n|-supereffective|p2a: Ceruledge\n|-damage|p2a: Ceruledge|10\/100\n|move|p2a: Ceruledge|Bitter Blade|p1a: Gelida Vagus\n|-end|p1a: Gelida Vagus|Substitute\n|-heal|p2a: Ceruledge|27\/100|[from] drain|[of] p1a: Gelida Vagus\n|\n|upkeep\n|turn|12\n|\n|t:|1700331196\n|move|p1a: Gelida Vagus|Earth Power|p2a: Ceruledge\n|-supereffective|p2a: Ceruledge\n|-damage|p2a: Ceruledge|0 fnt\n|faint|p2a: Ceruledge\n|\n|upkeep\n|\n|t:|1700331199\n|switch|p2a: el lobo|Lycanroc-Dusk, F, shiny|88\/100\n|-damage|p2a: el lobo|76\/100|[from] Stealth Rock\n|turn|13\n|\n|t:|1700331204\n|switch|p1a: Vultur Volans|Moltres|100\/100\n|move|p2a: el lobo|Accelerock|p1a: Vultur Volans\n|-supereffective|p1a: Vultur Volans\n|-damage|p1a: Vultur Volans|0 fnt\n|faint|p1a: Vultur Volans\n|\n|upkeep\n|c|\u2606Ekkogandr|porra\n|c|\u2606akyraaiko|toma\n|\n|t:|1700331210\n|switch|p1a: Rixator|Lopunny, F|100\/100\n|turn|14\n|\n|t:|1700331214\n|switch|p2a: Banette|Banette-Mega, F|100\/100\n|-damage|p2a: Banette|88\/100|[from] Stealth Rock\n|detailschange|p1a: Rixator|Lopunny-Mega, F\n|-mega|p1a: Rixator|Lopunny|Lopunnite\n|move|p1a: Rixator|Fake Out|p2a: Banette\n|-damage|p2a: Banette|51\/100\n|\n|upkeep\n|turn|15\n|\n|t:|1700331221\n|move|p2a: Banette|Destiny Bond|p2a: Banette\n|-singlemove|p2a: Banette|Destiny Bond\n|move|p1a: Rixator|U-turn|p2a: Banette\n|-resisted|p2a: Banette\n|-damage|p2a: Banette|30\/100\n|c|\u2606akyraaiko|esqueci q ela machuca\n|\n|t:|1700331226\n|switch|p1a: Gelida Vagus|Kyurem, shiny|100\/100|[from] U-turn\n|-ability|p1a: Gelida Vagus|Pressure\n|\n|upkeep\n|turn|16\n|c|\u2606akyraaiko|esperto\n|\n|t:|1700331231\n|move|p1a: Gelida Vagus|Substitute|p1a: Gelida Vagus\n|-start|p1a: Gelida Vagus|Substitute\n|-damage|p1a: Gelida Vagus|76\/100\n|move|p2a: Banette|Gunk Shot|p1a: Gelida Vagus\n|-crit|p1a: Gelida Vagus\n|-end|p1a: Gelida Vagus|Substitute\n|\n|upkeep\n|turn|17\n|\n|t:|1700331237\n|-terastallize|p1a: Gelida Vagus|Steel\n|move|p1a: Gelida Vagus|Freeze-Dry|p2a: Banette\n|-damage|p2a: Banette|0 fnt\n|faint|p2a: Banette\n|\n|upkeep\n|\n|t:|1700331245\n|switch|p2a: el lobo|Lycanroc-Dusk, F, shiny|76\/100\n|-damage|p2a: el lobo|63\/100|[from] Stealth Rock\n|turn|18\n|\n|t:|1700331249\n|switch|p1a: Luna Cantor|Tapu Lele, shiny|100\/100\n|-fieldstart|move: Psychic Terrain|[from] ability: Psychic Surge|[of] p1a: Luna Cantor\n|move|p2a: el lobo|Close Combat|p1a: Luna Cantor\n|-resisted|p1a: Luna Cantor\n|-damage|p1a: Luna Cantor|74\/100\n|-unboost|p2a: el lobo|def|1\n|-unboost|p2a: el lobo|spd|1\n|\n|upkeep\n|turn|19\n|c|\u2606Ekkogandr|caralho\n|\n|t:|1700331263\n|switch|p2a: Kleavor|Kleavor, M, shiny|100\/100\n|-damage|p2a: Kleavor|76\/100|[from] Stealth Rock\n|move|p1a: Luna Cantor|Moonblast|p2a: Kleavor\n|-damage|p2a: Kleavor|0 fnt\n|faint|p2a: Kleavor\n|\n|upkeep\n|\n|t:|1700331265\n|switch|p2a: el lobo|Lycanroc-Dusk, F, shiny|63\/100\n|-damage|p2a: el lobo|51\/100|[from] Stealth Rock\n|turn|20\n|\n|t:|1700331272\n|move|p1a: Luna Cantor|Moonblast|p2a: el lobo\n|-damage|p2a: el lobo|0 fnt\n|faint|p2a: el lobo\n|\n|win|Ekkogandr\n|c|\u2606akyraaiko|dor\n|c|\u2606Ekkogandr|gg\n|l|\u2606akyraaiko\n","uploadtime":1700331279,"views":6,"p1id":"ekkogandr","p2id":"akyraaiko","formatid":"gen9nationaldex","rating":0,"private":0,"password":""}