{"id":"gen9nationaldex-1998727558","p1":"AztroNation","p2":"J 2442","format":"[Gen 9] National Dex","log":"|html|<div class=\"broadcast-blue\"><strong>[Gen 9] National Dex is currently suspecting Sneasler! For information on how to participate check out the <a href=\"https:\/\/www.smogon.com\/forums\/threads\/sv-national-dex-suspect-8-just-dance.3731534\/\">suspect thread<\/a>.<\/strong><\/div>\n|j|\u2606AztroNation\n|j|\u2606J 2442\n|t:|1700978807\n|gametype|singles\n|player|p1|AztroNation|red|1311\n|player|p2|J 2442|maylene|1312\n|teamsize|p1|6\n|teamsize|p2|6\n|gen|9\n|tier|[Gen 9] National Dex\n|rated|\n|rule|HP Percentage Mod: HP is shown in percentages\n|rule|Endless Battle Clause: Forcing endless battles is banned\n|rule|OHKO Clause: OHKO moves are banned\n|rule|Evasion Clause: Evasion abilities, items, and moves are banned\n|rule|Evasion Abilities Clause: Evasion abilities are banned\n|rule|Evasion Items Clause: Evasion items are banned\n|rule|Evasion Moves Clause: Evasion moves are banned\n|rule|Species Clause: Limit one of each Pok\u00e9mon\n|rule|Sleep Clause Mod: Limit one foe put to sleep\n|clearpoke\n|poke|p1|Staraptor, M|\n|poke|p1|Chansey, F|\n|poke|p1|Victini|\n|poke|p1|Scizor, F|\n|poke|p1|Clefable, F|\n|poke|p1|Zapdos|\n|poke|p2|Marowak-Alola, M|\n|poke|p2|Typhlosion-Hisui, M|\n|poke|p2|Blacephalon|\n|poke|p2|Skeledirge, F|\n|poke|p2|Ceruledge, F|\n|poke|p2|Chandelure, F|\n|teampreview\n|\n|t:|1700978825\n|start\n|switch|p1a: Staraptor|Staraptor, M|100\/100\n|switch|p2a: Marowak|Marowak-Alola, M, shiny|100\/100\n|turn|1\n|\n|t:|1700978835\n|move|p1a: Staraptor|Brave Bird|p2a: Marowak\n|-damage|p2a: Marowak|10\/100\n|-damage|p1a: Staraptor|75\/100|[from] Recoil\n|move|p2a: Marowak|Flare Blitz|p1a: Staraptor\n|-damage|p1a: Staraptor|0 fnt\n|faint|p1a: Staraptor\n|\n|upkeep\n|\n|t:|1700978854\n|switch|p1a: Chansey|Chansey, F, shiny|100\/100\n|turn|2\n|\n|t:|1700978867\n|move|p2a: Marowak|Flare Blitz|p1a: Chansey\n|-damage|p1a: Chansey|32\/100\n|move|p1a: Chansey|Stealth Rock|p2a: Marowak\n|-sidestart|p2: J 2442|move: Stealth Rock\n|\n|upkeep\n|turn|3\n|\n|t:|1700978877\n|switch|p1a: Zapdos|Zapdos, shiny|100\/100\n|move|p2a: Marowak|Flare Blitz|p1a: Zapdos\n|-damage|p1a: Zapdos|35\/100\n|-damage|p2a: Marowak|0 fnt|[from] item: Rocky Helmet|[of] p1a: Zapdos\n|faint|p2a: Marowak\n|\n|upkeep\n|\n|t:|1700978919\n|switch|p2a: Chandelure|Chandelure, F|100\/100\n|-damage|p2a: Chandelure|76\/100|[from] Stealth Rock\n|turn|4\n|\n|t:|1700978926\n|move|p2a: Chandelure|Fire Blast|p1a: Zapdos\n|-damage|p1a: Zapdos|0 fnt\n|faint|p1a: Zapdos\n|\n|upkeep\n|\n|t:|1700978935\n|switch|p1a: Victini|Victini|100\/100\n|turn|5\n|\n|t:|1700978945\n|switch|p2a: Skeledirge|Skeledirge, F, shiny|100\/100\n|-damage|p2a: Skeledirge|75\/100|[from] Stealth Rock\n|-zpower|p1a: Victini\n|move|p1a: Victini|Z-Celebrate|p1a: Victini|[anim]Celebrate\n|-boost|p1a: Victini|atk|1|[zeffect]\n|-boost|p1a: Victini|def|1|[zeffect]\n|-boost|p1a: Victini|spa|1|[zeffect]\n|-boost|p1a: Victini|spd|1|[zeffect]\n|-boost|p1a: Victini|spe|1|[zeffect]\n|-activate|p1a: Victini|move: Celebrate\n|\n|-heal|p2a: Skeledirge|82\/100|[from] item: Leftovers\n|upkeep\n|turn|6\n|\n|t:|1700978960\n|move|p1a: Victini|Stored Power|p2a: Skeledirge\n|-damage|p2a: Skeledirge|42\/100\n|move|p2a: Skeledirge|Slack Off|p2a: Skeledirge\n|-heal|p2a: Skeledirge|92\/100\n|\n|-heal|p2a: Skeledirge|98\/100|[from] item: Leftovers\n|upkeep\n|turn|7\n|\n|t:|1700978982\n|move|p1a: Victini|Searing Shot|p2a: Skeledirge\n|-resisted|p2a: Skeledirge\n|-damage|p2a: Skeledirge|82\/100\n|move|p2a: Skeledirge|Torch Song|p1a: Victini\n|-resisted|p1a: Victini\n|-damage|p1a: Victini|87\/100\n|-boost|p2a: Skeledirge|spa|1\n|\n|-heal|p2a: Skeledirge|88\/100|[from] item: Leftovers\n|upkeep\n|turn|8\n|\n|t:|1700978993\n|switch|p1a: Clefable|Clefable, F, shiny|100\/100\n|move|p2a: Skeledirge|Slack Off|p2a: Skeledirge\n|-heal|p2a: Skeledirge|100\/100\n|\n|upkeep\n|turn|9\n|\n|t:|1700979001\n|move|p2a: Skeledirge|Torch Song|p1a: Clefable\n|-damage|p1a: Clefable|71\/100\n|-boost|p2a: Skeledirge|spa|1\n|move|p1a: Clefable|Calm Mind|p1a: Clefable\n|-boost|p1a: Clefable|spa|1\n|-boost|p1a: Clefable|spd|1\n|\n|-heal|p1a: Clefable|77\/100|[from] item: Leftovers\n|upkeep\n|turn|10\n|\n|t:|1700979011\n|move|p2a: Skeledirge|Will-O-Wisp|p1a: Clefable\n|-status|p1a: Clefable|brn\n|move|p1a: Clefable|Calm Mind|p1a: Clefable\n|-boost|p1a: Clefable|spa|1\n|-boost|p1a: Clefable|spd|1\n|\n|-heal|p1a: Clefable|83\/100 brn|[from] item: Leftovers\n|-damage|p1a: Clefable|77\/100 brn|[from] brn\n|upkeep\n|turn|11\n|\n|t:|1700979021\n|move|p2a: Skeledirge|Torch Song|p1a: Clefable\n|-damage|p1a: Clefable|49\/100 brn\n|-boost|p2a: Skeledirge|spa|1\n|move|p1a: Clefable|Calm Mind|p1a: Clefable\n|-boost|p1a: Clefable|spa|1\n|-boost|p1a: Clefable|spd|1\n|\n|-heal|p1a: Clefable|55\/100 brn|[from] item: Leftovers\n|-damage|p1a: Clefable|49\/100 brn|[from] brn\n|upkeep\n|turn|12\n|\n|t:|1700979032\n|move|p2a: Skeledirge|Torch Song|p1a: Clefable\n|-damage|p1a: Clefable|21\/100 brn\n|-boost|p2a: Skeledirge|spa|1\n|move|p1a: Clefable|Soft-Boiled|p1a: Clefable\n|-heal|p1a: Clefable|71\/100 brn\n|\n|-heal|p1a: Clefable|77\/100 brn|[from] item: Leftovers\n|-damage|p1a: Clefable|71\/100 brn|[from] brn\n|upkeep\n|turn|13\n|\n|t:|1700979043\n|move|p2a: Skeledirge|Torch Song|p1a: Clefable\n|-damage|p1a: Clefable|43\/100 brn\n|-boost|p2a: Skeledirge|spa|1\n|move|p1a: Clefable|Soft-Boiled|p1a: Clefable\n|-heal|p1a: Clefable|93\/100 brn\n|\n|-heal|p1a: Clefable|99\/100 brn|[from] item: Leftovers\n|-damage|p1a: Clefable|93\/100 brn|[from] brn\n|upkeep\n|turn|14\n|\n|t:|1700979054\n|move|p2a: Skeledirge|Torch Song|p1a: Clefable\n|-damage|p1a: Clefable|64\/100 brn\n|-boost|p2a: Skeledirge|spa|1\n|move|p1a: Clefable|Moonblast|p2a: Skeledirge\n|-resisted|p2a: Skeledirge\n|-damage|p2a: Skeledirge|89\/100\n|-unboost|p2a: Skeledirge|spa|1\n|\n|-heal|p2a: Skeledirge|95\/100|[from] item: Leftovers\n|-heal|p1a: Clefable|70\/100 brn|[from] item: Leftovers\n|-damage|p1a: Clefable|64\/100 brn|[from] brn\n|upkeep\n|turn|15\n|\n|t:|1700979068\n|move|p2a: Skeledirge|Earth Power|p1a: Clefable\n|-damage|p1a: Clefable|43\/100 brn\n|move|p1a: Clefable|Soft-Boiled|p1a: Clefable\n|-heal|p1a: Clefable|93\/100 brn\n|\n|-heal|p2a: Skeledirge|100\/100|[from] item: Leftovers\n|-heal|p1a: Clefable|99\/100 brn|[from] item: Leftovers\n|-damage|p1a: Clefable|93\/100 brn|[from] brn\n|upkeep\n|turn|16\n|\n|t:|1700979082\n|move|p2a: Skeledirge|Earth Power|p1a: Clefable\n|-damage|p1a: Clefable|72\/100 brn\n|move|p1a: Clefable|Calm Mind|p1a: Clefable\n|-boost|p1a: Clefable|spa|1\n|-boost|p1a: Clefable|spd|1\n|\n|-heal|p1a: Clefable|78\/100 brn|[from] item: Leftovers\n|-damage|p1a: Clefable|72\/100 brn|[from] brn\n|upkeep\n|turn|17\n|\n|t:|1700979092\n|move|p2a: Skeledirge|Torch Song|p1a: Clefable\n|-damage|p1a: Clefable|45\/100 brn\n|-boost|p2a: Skeledirge|spa|1\n|move|p1a: Clefable|Calm Mind|p1a: Clefable\n|-boost|p1a: Clefable|spa|1\n|-boost|p1a: Clefable|spd|1\n|\n|-heal|p1a: Clefable|51\/100 brn|[from] item: Leftovers\n|-damage|p1a: Clefable|45\/100 brn|[from] brn\n|upkeep\n|turn|18\n|\n|t:|1700979103\n|move|p2a: Skeledirge|Earth Power|p1a: Clefable\n|-damage|p1a: Clefable|24\/100 brn\n|move|p1a: Clefable|Soft-Boiled|p1a: Clefable\n|-heal|p1a: Clefable|74\/100 brn\n|\n|-heal|p1a: Clefable|80\/100 brn|[from] item: Leftovers\n|-damage|p1a: Clefable|74\/100 brn|[from] brn\n|upkeep\n|turn|19\n|\n|t:|1700979113\n|move|p2a: Skeledirge|Torch Song|p1a: Clefable\n|-damage|p1a: Clefable|47\/100 brn\n|move|p1a: Clefable|Soft-Boiled|p1a: Clefable\n|-heal|p1a: Clefable|97\/100 brn\n|\n|-heal|p1a: Clefable|100\/100 brn|[from] item: Leftovers\n|-damage|p1a: Clefable|94\/100 brn|[from] brn\n|upkeep\n|turn|20\n|\n|t:|1700979122\n|move|p2a: Skeledirge|Earth Power|p1a: Clefable\n|-damage|p1a: Clefable|74\/100 brn\n|move|p1a: Clefable|Moonblast|p2a: Skeledirge\n|-resisted|p2a: Skeledirge\n|-damage|p2a: Skeledirge|90\/100\n|\n|-heal|p2a: Skeledirge|96\/100|[from] item: Leftovers\n|-heal|p1a: Clefable|80\/100 brn|[from] item: Leftovers\n|-damage|p1a: Clefable|74\/100 brn|[from] brn\n|upkeep\n|turn|21\n|\n|t:|1700979134\n|move|p2a: Skeledirge|Earth Power|p1a: Clefable\n|-crit|p1a: Clefable\n|-damage|p1a: Clefable|39\/100 brn\n|-unboost|p1a: Clefable|spd|1\n|move|p1a: Clefable|Moonblast|p2a: Skeledirge\n|-resisted|p2a: Skeledirge\n|-damage|p2a: Skeledirge|85\/100\n|\n|-heal|p2a: Skeledirge|92\/100|[from] item: Leftovers\n|-heal|p1a: Clefable|45\/100 brn|[from] item: Leftovers\n|-damage|p1a: Clefable|39\/100 brn|[from] brn\n|upkeep\n|turn|22\n|\n|t:|1700979151\n|-terastallize|p2a: Skeledirge|Fire\n|move|p2a: Skeledirge|Torch Song|p1a: Clefable\n|-damage|p1a: Clefable|0 fnt\n|faint|p1a: Clefable\n|\n|-heal|p2a: Skeledirge|98\/100|[from] item: Leftovers\n|upkeep\n|\n|t:|1700979162\n|switch|p1a: Chansey|Chansey, F, shiny|32\/100\n|turn|23\n|\n|t:|1700979167\n|move|p2a: Skeledirge|Torch Song|p1a: Chansey\n|-damage|p1a: Chansey|0 fnt\n|faint|p1a: Chansey\n|\n|-heal|p2a: Skeledirge|100\/100|[from] item: Leftovers\n|upkeep\n|\n|t:|1700979176\n|switch|p1a: Scizor|Scizor, F|100\/100\n|turn|24\n|\n|t:|1700979186\n|detailschange|p1a: Scizor|Scizor-Mega, F\n|-mega|p1a: Scizor|Scizor|Scizorite\n|move|p1a: Scizor|Dual Wingbeat|p2a: Skeledirge\n|-damage|p2a: Skeledirge|84\/100\n|-damage|p2a: Skeledirge|68\/100\n|-hitcount|p2a: Skeledirge|2\n|move|p2a: Skeledirge|Torch Song|p1a: Scizor\n|-supereffective|p1a: Scizor\n|-damage|p1a: Scizor|0 fnt\n|faint|p1a: Scizor\n|\n|-heal|p2a: Skeledirge|75\/100|[from] item: Leftovers\n|upkeep\n|-message|AztroNation forfeited.\n|\n|win|J 2442\n|raw|AztroNation's rating: 1311 &rarr; <strong>1291<\/strong><br \/>(-20 for losing)\n|raw|J 2442's rating: 1312 &rarr; <strong>1332<\/strong><br \/>(+20 for winning)\n|l|\u2606AztroNation\n","uploadtime":1700979206,"views":2,"p1id":"aztronation","p2id":"j2442","formatid":"gen9nationaldex","rating":1291,"private":0,"password":""}