{"id":"gen9nationaldex-1998303740","p1":"Go Birds EAGLES","p2":"poklmn","format":"[Gen 9] National Dex","log":"|html|<div class=\"broadcast-blue\"><strong>[Gen 9] National Dex is currently suspecting Sneasler! For information on how to participate check out the <a href=\"https:\/\/www.smogon.com\/forums\/threads\/sv-national-dex-suspect-8-just-dance.3731534\/\">suspect thread<\/a>.<\/strong><\/div>\n|j|\u2606Go Birds EAGLES\n|j|\u2606poklmn\n|t:|1700927056\n|gametype|singles\n|player|p1|Go Birds EAGLES|hanbei-conquest|1333\n|player|p2|poklmn|dawn|1434\n|teamsize|p1|6\n|teamsize|p2|6\n|gen|9\n|tier|[Gen 9] National Dex\n|rated|\n|rule|HP Percentage Mod: HP is shown in percentages\n|rule|Endless Battle Clause: Forcing endless battles is banned\n|rule|OHKO Clause: OHKO moves are banned\n|rule|Evasion Clause: Evasion abilities, items, and moves are banned\n|rule|Evasion Abilities Clause: Evasion abilities are banned\n|rule|Evasion Items Clause: Evasion items are banned\n|rule|Evasion Moves Clause: Evasion moves are banned\n|rule|Species Clause: Limit one of each Pok\u00e9mon\n|rule|Sleep Clause Mod: Limit one foe put to sleep\n|clearpoke\n|poke|p1|Iron Valiant|\n|poke|p1|Gliscor, F|\n|poke|p1|Heatran, M|\n|poke|p1|Medicham, F|\n|poke|p1|Alomomola, F|\n|poke|p1|Dondozo, F|\n|poke|p2|Garchomp, M|\n|poke|p2|Weavile, F|\n|poke|p2|Heatran, M|\n|poke|p2|Rotom-Wash|\n|poke|p2|Shaymin|\n|poke|p2|Lucario, F|\n|teampreview\n|inactive|Battle timer is ON: inactive players will automatically lose when time's up. (requested by Go Birds EAGLES)\n|\n|t:|1700927071\n|start\n|switch|p1a: Medicham|Medicham, F|100\/100\n|switch|p2a: Garchomp|Garchomp, M|100\/100\n|turn|1\n|\n|t:|1700927081\n|switch|p1a: Gliscor|Gliscor, F|100\/100\n|move|p2a: Garchomp|Stealth Rock|p1a: Gliscor\n|-sidestart|p1: Go Birds EAGLES|move: Stealth Rock\n|\n|-status|p1a: Gliscor|tox|[from] item: Toxic Orb\n|upkeep\n|turn|2\n|\n|t:|1700927088\n|move|p2a: Garchomp|Swords Dance|p2a: Garchomp\n|-boost|p2a: Garchomp|atk|2\n|move|p1a: Gliscor|Defog|p2a: Garchomp\n|-unboost|p2a: Garchomp|evasion|1\n|-sideend|p1: Go Birds EAGLES|Stealth Rock|[from] move: Defog|[of] p1a: Gliscor\n|\n|upkeep\n|turn|3\n|\n|t:|1700927099\n|-zpower|p2a: Garchomp\n|move|p2a: Garchomp|Devastating Drake|p1a: Gliscor|[zeffect]\n|-damage|p1a: Gliscor|0 fnt\n|faint|p1a: Gliscor\n|\n|upkeep\n|\n|t:|1700927102\n|switch|p1a: Iron Valiant|Iron Valiant|100\/100\n|turn|4\n|\n|t:|1700927111\n|switch|p2a: Rotom|Rotom-Wash|100\/100\n|move|p1a: Iron Valiant|Focus Blast|p2a: Rotom\n|-damage|p2a: Rotom|14\/100\n|\n|-heal|p2a: Rotom|21\/100|[from] item: Leftovers\n|upkeep\n|turn|5\n|\n|t:|1700927127\n|move|p1a: Iron Valiant|Focus Blast|p2a: Rotom\n|-damage|p2a: Rotom|0 fnt\n|faint|p2a: Rotom\n|\n|upkeep\n|\n|t:|1700927129\n|switch|p2a: Heatran|Heatran, M|100\/100\n|turn|6\n|\n|t:|1700927135\n|-end|p1a: Iron Valiant|Quark Drive|[silent]\n|switch|p1a: Heatran|Heatran, M|100\/100\n|-terastallize|p2a: Heatran|Fire\n|move|p2a: Heatran|Eruption|p1a: Heatran\n|-start|p1a: Heatran|ability: Flash Fire\n|\n|upkeep\n|turn|7\n|\n|t:|1700927141\n|switch|p2a: Garchomp|Garchomp, M|100\/100\n|move|p1a: Heatran|Stealth Rock|p2a: Garchomp\n|-sidestart|p2: poklmn|move: Stealth Rock\n|\n|upkeep\n|turn|8\n|\n|t:|1700927147\n|-end|p1a: Heatran|ability: Flash Fire|[silent]\n|switch|p1a: Iron Valiant|Iron Valiant|100\/100\n|move|p2a: Garchomp|Earthquake|p1a: Iron Valiant\n|-damage|p1a: Iron Valiant|34\/100\n|\n|upkeep\n|turn|9\n|\n|t:|1700927155\n|switch|p2a: Lucario|Lucario, F|100\/100\n|-damage|p2a: Lucario|98\/100|[from] Stealth Rock\n|move|p1a: Iron Valiant|Moonblast|p2a: Lucario\n|-damage|p2a: Lucario|0 fnt\n|faint|p2a: Lucario\n|\n|upkeep\n|\n|t:|1700927161\n|switch|p2a: Heatran|Heatran, M, tera:Fire|100\/100\n|-damage|p2a: Heatran|76\/100|[from] Stealth Rock\n|turn|10\n|\n|t:|1700927166\n|-end|p1a: Iron Valiant|Quark Drive|[silent]\n|switch|p1a: Alomomola|Alomomola, F|100\/100\n|move|p2a: Heatran|Earth Power|p1a: Alomomola\n|-damage|p1a: Alomomola|74\/100\n|-enditem|p1a: Alomomola|Red Card|[of] p2a: Heatran\n|drag|p2a: Weavile|Weavile, F|100\/100\n|-damage|p2a: Weavile|76\/100|[from] Stealth Rock\n|-ability|p2a: Weavile|Pressure\n|\n|upkeep\n|turn|11\n|\n|t:|1700927171\n|move|p2a: Weavile|Knock Off|p1a: Alomomola\n|-damage|p1a: Alomomola|44\/100\n|move|p1a: Alomomola|Flip Turn|p2a: Weavile\n|-damage|p2a: Weavile|48\/100\n|\n|t:|1700927174\n|switch|p1a: Medicham|Medicham, F|100\/100|[from] Flip Turn\n|\n|upkeep\n|turn|12\n|\n|t:|1700927186\n|switch|p2a: Garchomp|Garchomp, M|100\/100\n|-damage|p2a: Garchomp|94\/100|[from] Stealth Rock\n|detailschange|p1a: Medicham|Medicham-Mega, F\n|-mega|p1a: Medicham|Medicham|Medichamite\n|move|p1a: Medicham|Close Combat|p2a: Garchomp\n|-damage|p2a: Garchomp|0 fnt\n|-unboost|p1a: Medicham|def|1\n|-unboost|p1a: Medicham|spd|1\n|-damage|p1a: Medicham|88\/100|[from] ability: Rough Skin|[of] p2a: Garchomp\n|faint|p2a: Garchomp\n|\n|upkeep\n|\n|t:|1700927191\n|switch|p2a: Heatran|Heatran, M, tera:Fire|76\/100\n|-damage|p2a: Heatran|51\/100|[from] Stealth Rock\n|turn|13\n|\n|t:|1700927195\n|switch|p1a: Alomomola|Alomomola, F|77\/100\n|move|p2a: Heatran|Earth Power|p1a: Alomomola\n|-damage|p1a: Alomomola|48\/100\n|\n|upkeep\n|turn|14\n|-message|poklmn forfeited.\n|\n|win|Go Birds EAGLES\n|raw|Go Birds EAGLES's rating: 1333 &rarr; <strong>1359<\/strong><br \/>(+26 for winning)\n|raw|poklmn's rating: 1434 &rarr; <strong>1408<\/strong><br \/>(-26 for losing)\n|l|\u2606poklmn\n","uploadtime":1700927209,"views":0,"p1id":"gobirdseagles","p2id":"poklmn","formatid":"gen9nationaldex","rating":1359,"private":0,"password":""}