{"id":"gen9nationaldex-1996695338","p1":"TexanFarmersMarket","p2":"Will55555","format":"[Gen 9] National Dex","log":"|html|<div class=\"broadcast-blue\"><strong>[Gen 9] National Dex is currently suspecting Sneasler! For information on how to participate check out the <a href=\"https:\/\/www.smogon.com\/forums\/threads\/sv-national-dex-suspect-8-just-dance.3731534\/\">suspect thread<\/a>.<\/strong><\/div>\n|j|\u2606TexanFarmersMarket\n|j|\u2606Will55555\n|t:|1700710809\n|gametype|singles\n|player|p1|TexanFarmersMarket|artist-gen4|\n|player|p2|Will55555|169|\n|teamsize|p1|6\n|teamsize|p2|6\n|gen|9\n|tier|[Gen 9] National Dex\n|rule|HP Percentage Mod: HP is shown in percentages\n|rule|Endless Battle Clause: Forcing endless battles is banned\n|rule|OHKO Clause: OHKO moves are banned\n|rule|Evasion Clause: Evasion abilities, items, and moves are banned\n|rule|Evasion Abilities Clause: Evasion abilities are banned\n|rule|Evasion Items Clause: Evasion items are banned\n|rule|Evasion Moves Clause: Evasion moves are banned\n|rule|Species Clause: Limit one of each Pok\u00e9mon\n|rule|Sleep Clause Mod: Limit one foe put to sleep\n|clearpoke\n|poke|p1|Farigiraf, M|\n|poke|p1|Ditto|\n|poke|p1|Swellow, F|\n|poke|p1|Ursaluna, F|\n|poke|p1|Zoroark-Hisui, M|\n|poke|p1|Lopunny, F|\n|poke|p2|Pawmot, M|\n|poke|p2|Blissey, F|\n|poke|p2|Alomomola, F|\n|poke|p2|Iron Valiant|\n|poke|p2|Landorus-Therian, M|\n|poke|p2|Dragonite, M|\n|teampreview\n|inactive|Battle timer is ON: inactive players will automatically lose when time's up. (requested by TexanFarmersMarket)\n|c|\u2606TexanFarmersMarket|glhf\n|c|\u2606Will55555|u2\n|\n|t:|1700710831\n|start\n|switch|p1a: Lopunny|Lopunny, F|100\/100\n|switch|p2a: Landorus|Landorus-Therian, M|100\/100\n|-ability|p2a: Landorus|Intimidate|boost\n|-unboost|p1a: Lopunny|atk|1\n|turn|1\n|\n|t:|1700710858\n|move|p1a: Lopunny|Taunt|p2a: Landorus\n|-start|p2a: Landorus|move: Taunt\n|cant|p2a: Landorus|move: Taunt|Stealth Rock\n|\n|upkeep\n|turn|2\n|\n|t:|1700710865\n|move|p1a: Lopunny|Bitter Malice|p2a: Landorus\n|-damage|p2a: Landorus|67\/100\n|-unboost|p2a: Landorus|atk|1\n|move|p2a: Landorus|Earthquake|p1a: Lopunny\n|-damage|p1a: Lopunny|40\/100\n|replace|p1a: Zoroark|Zoroark-Hisui, M\n|-end|p1a: Zoroark|Illusion\n|\n|upkeep\n|turn|3\n|inactive|Will55555 has 270 seconds left.\n|inactiveoff|Battle timer is now OFF.\n|\n|t:|1700710890\n|switch|p2a: Blissey|Blissey, F|100\/100\n|move|p1a: Zoroark|Bitter Malice|p2a: Blissey\n|-immune|p2a: Blissey\n|\n|upkeep\n|turn|4\n|\n|t:|1700710904\n|move|p1a: Zoroark|Taunt|p2a: Blissey\n|-start|p2a: Blissey|move: Taunt\n|cant|p2a: Blissey|move: Taunt|Wish\n|\n|upkeep\n|turn|5\n|\n|t:|1700710934\n|switch|p1a: Ursaluna|Ursaluna, F|100\/100\n|switch|p2a: Landorus|Landorus-Therian, M|67\/100\n|-ability|p2a: Landorus|Intimidate|boost\n|-unboost|p1a: Ursaluna|atk|1\n|\n|-status|p1a: Ursaluna|brn|[from] item: Flame Orb\n|upkeep\n|turn|6\n|j| bugmonobestmono\n|c| bugmonobestmono|get him robert!\n|\n|t:|1700710978\n|-terastallize|p2a: Landorus|Steel\n|move|p2a: Landorus|Earthquake|p1a: Ursaluna\n|-crit|p1a: Ursaluna\n|-damage|p1a: Ursaluna|47\/100 brn\n|move|p1a: Ursaluna|Facade|p2a: Landorus\n|-resisted|p2a: Landorus\n|-damage|p2a: Landorus|22\/100\n|-damage|p1a: Ursaluna|30\/100 brn|[from] item: Rocky Helmet|[of] p2a: Landorus\n|\n|-damage|p1a: Ursaluna|24\/100 brn|[from] brn\n|upkeep\n|turn|7\n|\n|t:|1700710989\n|switch|p1a: Ditto|Ditto|100\/100\n|-transform|p1a: Ditto|p2a: Landorus|[from] ability: Imposter\n|-ability|p1a: Ditto|Intimidate|boost\n|-unboost|p2a: Landorus|atk|1\n|move|p2a: Landorus|Earthquake|p1a: Ditto\n|-immune|p1a: Ditto\n|\n|upkeep\n|-start|p1a: Ditto|typechange|Ground\/Flying|[silent]\n|turn|8\n|\n|t:|1700711011\n|switch|p2a: Alomomola|Alomomola, F|100\/100\n|move|p1a: Ditto|Stealth Rock|p2a: Alomomola\n|-sidestart|p2: Will55555|move: Stealth Rock\n|\n|upkeep\n|turn|9\n|c| bugmonobestmono|*Anouncer voice* And an AMAZING switch from ROBERT!\n|\n|t:|1700711020\n|switch|p1a: Farigiraf|Farigiraf, M|100\/100\n|move|p2a: Alomomola|Wish|p2a: Alomomola\n|\n|upkeep\n|turn|10\n|\n|t:|1700711024\n|move|p1a: Farigiraf|Calm Mind|p1a: Farigiraf\n|-boost|p1a: Farigiraf|spa|1\n|-boost|p1a: Farigiraf|spd|1\n|move|p2a: Alomomola|Flip Turn|p1a: Farigiraf\n|-damage|p1a: Farigiraf|84\/100\n|\n|t:|1700711030\n|switch|p2a: Landorus|Landorus-Therian, M, tera:Steel|22\/100|[from] Flip Turn\n|-damage|p2a: Landorus|16\/100|[from] Stealth Rock\n|-ability|p2a: Landorus|Intimidate|boost\n|-unboost|p1a: Farigiraf|atk|1\n|\n|-heal|p2a: Landorus|86\/100|[from] move: Wish|[wisher] Alomomola\n|upkeep\n|turn|11\n|c| bugmonobestmono|He's setting up. How will Will handle it?\n|\n|t:|1700711047\n|move|p2a: Landorus|Earthquake|p1a: Farigiraf\n|-damage|p1a: Farigiraf|38\/100\n|-enditem|p1a: Farigiraf|Sitrus Berry|[eat]\n|-heal|p1a: Farigiraf|63\/100|[from] item: Sitrus Berry\n|move|p1a: Farigiraf|Shadow Ball|p2a: Landorus\n|-damage|p2a: Landorus|54\/100\n|\n|upkeep\n|turn|12\n|c|\u2606TexanFarmersMarket|cmon stat drop\n|\n|t:|1700711059\n|move|p2a: Landorus|Defog|p1a: Farigiraf\n|-unboost|p1a: Farigiraf|evasion|1\n|-sideend|p2: Will55555|Stealth Rock|[from] move: Defog|[of] p2a: Landorus\n|move|p1a: Farigiraf|Shadow Ball|p2a: Landorus\n|-damage|p2a: Landorus|19\/100\n|-unboost|p2a: Landorus|spd|1\n|\n|-activate|p1a: Farigiraf|ability: Cud Chew\n|-enditem|p1a: Farigiraf|Sitrus Berry|[eat]\n|-heal|p1a: Farigiraf|88\/100|[from] item: Sitrus Berry\n|upkeep\n|turn|13\n|\n|t:|1700711074\n|move|p2a: Landorus|U-turn|p1a: Farigiraf\n|-supereffective|p1a: Farigiraf\n|-damage|p1a: Farigiraf|44\/100\n|\n|t:|1700711077\n|switch|p2a: Blissey|Blissey, F|100\/100|[from] U-turn\n|move|p1a: Farigiraf|Psychic|p2a: Blissey\n|-damage|p2a: Blissey|82\/100\n|\n|-heal|p2a: Blissey|88\/100|[from] item: Leftovers\n|upkeep\n|turn|14\n|\n|t:|1700711096\n|switch|p1a: Ditto|Ditto|100\/100\n|-transform|p1a: Ditto|p2a: Blissey|[from] ability: Imposter\n|move|p2a: Blissey|Toxic|p1a: Ditto|[miss]\n|-miss|p2a: Blissey|p1a: Ditto\n|\n|-heal|p2a: Blissey|94\/100|[from] item: Leftovers\n|upkeep\n|turn|15\n|c| bugmonobestmono|And that's why you run physhock, folks!\n|\n|t:|1700711121\n|move|p1a: Ditto|Wish|p1a: Ditto\n|move|p2a: Blissey|Toxic|p1a: Ditto\n|-status|p1a: Ditto|tox\n|\n|-heal|p2a: Blissey|99\/100|[from] item: Leftovers\n|-damage|p1a: Ditto|94\/100 tox|[from] psn\n|upkeep\n|turn|16\n|\n|t:|1700711136\n|-curestatus|p1a: Ditto|tox|[from] ability: Natural Cure\n|switch|p1a: Lopunny|Lopunny, F|40\/100\n|switch|p2a: Iron Valiant|Iron Valiant|100\/100\n|-enditem|p2a: Iron Valiant|Booster Energy\n|-activate|p2a: Iron Valiant|ability: Quark Drive|[fromitem]\n|-start|p2a: Iron Valiant|quarkdrivespe\n|\n|-heal|p1a: Lopunny|99\/100|[from] move: Wish|[wisher] Ditto\n|upkeep\n|turn|17\n|\n|t:|1700711158\n|move|p2a: Iron Valiant|Moonblast|p1a: Lopunny\n|-damage|p1a: Lopunny|10\/100\n|-unboost|p1a: Lopunny|spa|1\n|replace|p1a: Zoroark|Zoroark-Hisui, M\n|-end|p1a: Zoroark|Illusion\n|-zpower|p1a: Zoroark\n|move|p1a: Zoroark|Never-Ending Nightmare|p2a: Iron Valiant|[zeffect]\n|-damage|p2a: Iron Valiant|16\/100\n|\n|upkeep\n|turn|18\n|c| bugmonobestmono|oof\n|c|\u2606TexanFarmersMarket|emmmm\n|\n|t:|1700711185\n|move|p2a: Iron Valiant|Moonblast|p1a: Zoroark\n|-damage|p1a: Zoroark|0 fnt\n|faint|p1a: Zoroark\n|\n|upkeep\n|\n|t:|1700711187\n|switch|p1a: Ditto|Ditto|94\/100\n|-transform|p1a: Ditto|p2a: Iron Valiant|[from] ability: Imposter\n|turn|19\n|c| bugmonobestmono|Who will win the speed tie?\n|\n|t:|1700711219\n|move|p1a: Ditto|Moonblast|p2a: Iron Valiant\n|-supereffective|p2a: Iron Valiant\n|-damage|p2a: Iron Valiant|0 fnt\n|faint|p2a: Iron Valiant\n|-end|p2a: Iron Valiant|Quark Drive|[silent]\n|\n|upkeep\n|c| bugmonobestmono|ROBERT!\n|c|\u2606Will55555|oof\n|\n|t:|1700711236\n|switch|p2a: Blissey|Blissey, F|99\/100\n|turn|20\n|c| bugmonobestmono|oof indeed\n|\n|t:|1700711242\n|-end|p1a: Ditto|Quark Drive|[silent]\n|switch|p1a: Ursaluna|Ursaluna, F|24\/100 brn\n|move|p2a: Blissey|Toxic||[still]\n|-fail|p2a: Blissey\n|\n|-heal|p2a: Blissey|100\/100|[from] item: Leftovers\n|-damage|p1a: Ursaluna|18\/100 brn|[from] brn\n|upkeep\n|turn|21\n|\n|t:|1700711254\n|move|p2a: Blissey|Protect|p2a: Blissey\n|-singleturn|p2a: Blissey|Protect\n|move|p1a: Ursaluna|Facade|p2a: Blissey\n|-activate|p2a: Blissey|move: Protect\n|\n|-damage|p1a: Ursaluna|12\/100 brn|[from] brn\n|upkeep\n|turn|22\n|\n|t:|1700711274\n|switch|p2a: Alomomola|Alomomola, F|100\/100\n|move|p1a: Ursaluna|Facade|p2a: Alomomola\n|-damage|p2a: Alomomola|30\/100\n|\n|-damage|p1a: Ursaluna|6\/100 brn|[from] brn\n|upkeep\n|turn|23\n|\n|t:|1700711281\n|switch|p1a: Ditto|Ditto|94\/100\n|-transform|p1a: Ditto|p2a: Alomomola|[from] ability: Imposter\n|move|p2a: Alomomola|Protect||[still]\n|-fail|p2a: Alomomola\n|\n|upkeep\n|turn|24\n|\n|t:|1700711289\n|move|p1a: Ditto|Wish|p1a: Ditto\n|move|p2a: Alomomola|Wish|p2a: Alomomola\n|\n|upkeep\n|turn|25\n|\n|t:|1700711298\n|switch|p1a: Ursaluna|Ursaluna, F|6\/100 brn\n|switch|p2a: Landorus|Landorus-Therian, M, tera:Steel|19\/100\n|-ability|p2a: Landorus|Intimidate|boost\n|-unboost|p1a: Ursaluna|atk|1\n|\n|-heal|p1a: Ursaluna|38\/100 brn|[from] move: Wish|[wisher] Ditto\n|-heal|p2a: Landorus|89\/100|[from] move: Wish|[wisher] Alomomola\n|-damage|p1a: Ursaluna|32\/100 brn|[from] brn\n|upkeep\n|turn|26\n|\n|t:|1700711315\n|move|p2a: Landorus|Earthquake|p1a: Ursaluna\n|-damage|p1a: Ursaluna|0 fnt\n|faint|p1a: Ursaluna\n|\n|upkeep\n|\n|t:|1700711323\n|switch|p1a: Ditto|Ditto|100\/100\n|-transform|p1a: Ditto|p2a: Landorus|[from] ability: Imposter\n|-ability|p1a: Ditto|Intimidate|boost\n|-unboost|p2a: Landorus|atk|1\n|turn|27\n|\n|t:|1700711343\n|switch|p2a: Dragonite|Dragonite, M|100\/100\n|move|p1a: Ditto|Earthquake|p2a: Dragonite\n|-immune|p2a: Dragonite\n|\n|upkeep\n|turn|28\n|\n|t:|1700711353\n|switch|p1a: Farigiraf|Farigiraf, M|44\/100\n|move|p2a: Dragonite|Dragon Dance|p2a: Dragonite\n|-boost|p2a: Dragonite|atk|1\n|-boost|p2a: Dragonite|spe|1\n|\n|upkeep\n|turn|29\n|c|\u2606TexanFarmersMarket|i cant do much here\n|\n|t:|1700711362\n|move|p2a: Dragonite|Earthquake|p1a: Farigiraf\n|-damage|p1a: Farigiraf|0 fnt\n|faint|p1a: Farigiraf\n|\n|upkeep\n|c|\u2606TexanFarmersMarket|wait\n|\n|t:|1700711368\n|switch|p1a: Ditto|Ditto|100\/100\n|-transform|p1a: Ditto|p2a: Dragonite|[from] ability: Imposter\n|turn|30\n|\n|t:|1700711376\n|move|p1a: Ditto|Outrage|p2a: Dragonite\n|-supereffective|p2a: Dragonite\n|-damage|p2a: Dragonite|0 fnt\n|faint|p2a: Dragonite\n|\n|upkeep\n|\n|t:|1700711412\n|switch|p2a: Alomomola|Alomomola, F|63\/100\n|turn|31\n|l|\u2606TexanFarmersMarket\n|player|p1|\n|j|\u2606TexanFarmersMarket\n|player|p1|TexanFarmersMarket|artist-gen4\n|inactive|Battle timer is ON: inactive players will automatically lose when time's up. (requested by TexanFarmersMarket)\n|inactiveoff|Battle timer is now OFF.\n|\n|t:|1700711425\n|move|p2a: Alomomola|Protect|p2a: Alomomola\n|-singleturn|p2a: Alomomola|Protect\n|move|p1a: Ditto|Outrage|p2a: Alomomola|[from]lockedmove\n|-activate|p2a: Alomomola|move: Protect\n|-start|p1a: Ditto|confusion|[fatigue]\n|\n|upkeep\n|turn|32\n|\n|t:|1700711452\n|-activate|p1a: Ditto|confusion\n|move|p1a: Ditto|Outrage|p2a: Alomomola\n|-damage|p2a: Alomomola|4\/100\n|move|p2a: Alomomola|Wish|p2a: Alomomola\n|\n|upkeep\n|turn|33\n|\n|t:|1700711457\n|move|p2a: Alomomola|Protect|p2a: Alomomola\n|-singleturn|p2a: Alomomola|Protect\n|-activate|p1a: Ditto|confusion\n|move|p1a: Ditto|Outrage|p2a: Alomomola|[from]lockedmove\n|-activate|p2a: Alomomola|move: Protect\n|\n|-heal|p2a: Alomomola|54\/100|[from] move: Wish|[wisher] Alomomola\n|upkeep\n|turn|34\n|\n|t:|1700711489\n|switch|p1a: Swellow|Swellow, F|100\/100\n|switch|p2a: Landorus|Landorus-Therian, M, tera:Steel|89\/100\n|-ability|p2a: Landorus|Intimidate|boost\n|-fail|p1a: Swellow|unboost|Attack|[from] ability: Scrappy|[of] p1a: Swellow\n|\n|upkeep\n|turn|35\n|\n|t:|1700711503\n|move|p1a: Swellow|Heat Wave|p2a: Landorus\n|-supereffective|p2a: Landorus\n|-damage|p2a: Landorus|29\/100\n|move|p2a: Landorus|Stealth Rock|p1a: Swellow\n|-sidestart|p1: TexanFarmersMarket|move: Stealth Rock\n|\n|upkeep\n|turn|36\n|\n|t:|1700711534\n|switch|p2a: Blissey|Blissey, F|100\/100\n|move|p1a: Swellow|Heat Wave|p2a: Blissey\n|-damage|p2a: Blissey|92\/100\n|\n|-heal|p2a: Blissey|98\/100|[from] item: Leftovers\n|upkeep\n|turn|37\n|\n|t:|1700711549\n|switch|p1a: Ditto|Ditto|100\/100\n|-damage|p1a: Ditto|88\/100|[from] Stealth Rock\n|-transform|p1a: Ditto|p2a: Blissey|[from] ability: Imposter\n|move|p2a: Blissey|Toxic|p1a: Ditto\n|-status|p1a: Ditto|tox\n|\n|-heal|p2a: Blissey|100\/100|[from] item: Leftovers\n|-damage|p1a: Ditto|82\/100 tox|[from] psn\n|upkeep\n|turn|38\n|\n|t:|1700711559\n|move|p1a: Ditto|Wish|p1a: Ditto\n|move|p2a: Blissey|Wish|p2a: Blissey\n|\n|-damage|p1a: Ditto|70\/100 tox|[from] psn\n|upkeep\n|turn|39\n|\n|t:|1700711586\n|-curestatus|p1a: Ditto|tox|[from] ability: Natural Cure\n|switch|p1a: Swellow|Swellow, F|100\/100\n|-damage|p1a: Swellow|76\/100|[from] Stealth Rock\n|switch|p2a: Landorus|Landorus-Therian, M, tera:Steel|29\/100\n|-ability|p2a: Landorus|Intimidate|boost\n|-fail|p1a: Swellow|unboost|Attack|[from] ability: Scrappy|[of] p1a: Swellow\n|\n|-heal|p1a: Swellow|100\/100|[from] move: Wish|[wisher] Ditto\n|-heal|p2a: Landorus|100\/100|[from] move: Wish|[wisher] Blissey\n|upkeep\n|turn|40\n|\n|t:|1700711619\n|switch|p2a: Blissey|Blissey, F|100\/100\n|move|p1a: Swellow|Heat Wave|p2a: Blissey\n|-damage|p2a: Blissey|92\/100\n|\n|-heal|p2a: Blissey|98\/100|[from] item: Leftovers\n|upkeep\n|turn|41\n|\n|t:|1700711643\n|switch|p1a: Ditto|Ditto|70\/100\n|-damage|p1a: Ditto|58\/100|[from] Stealth Rock\n|-transform|p1a: Ditto|p2a: Blissey|[from] ability: Imposter\n|switch|p2a: Pawmot|Pawmot, M|100\/100\n|\n|upkeep\n|turn|42\n|\n|t:|1700711660\n|move|p2a: Pawmot|Revival Blessing|p2a: Pawmot\n|-enditem|p2a: Pawmot|Leppa Berry|[eat]\n|-activate|p2a: Pawmot|item: Leppa Berry|Revival Blessing|[consumed]\n|\n|t:|1700711671\n|-heal|p2: Dragonite|50\/100|[from] move: Revival Blessing\n|move|p1a: Ditto|Toxic|p2a: Pawmot\n|-status|p2a: Pawmot|tox\n|\n|-damage|p2a: Pawmot|94\/100 tox|[from] psn\n|upkeep\n|turn|43\n|\n|t:|1700711686\n|switch|p1a: Swellow|Swellow, F|100\/100\n|-damage|p1a: Swellow|76\/100|[from] Stealth Rock\n|move|p2a: Pawmot|Revival Blessing|p2a: Pawmot\n|\n|t:|1700711691\n|-heal|p2: Iron Valiant|50\/100|[from] move: Revival Blessing\n|\n|-damage|p2a: Pawmot|82\/100 tox|[from] psn\n|upkeep\n|turn|44\n|\n|t:|1700711707\n|switch|p2a: Blissey|Blissey, F|98\/100\n|-terastallize|p1a: Swellow|Normal\n|move|p1a: Swellow|Boomburst|p2a: Blissey\n|-damage|p2a: Blissey|71\/100\n|\n|-heal|p2a: Blissey|77\/100|[from] item: Leftovers\n|upkeep\n|turn|45\n|\n|t:|1700711726\n|switch|p1a: Ditto|Ditto|58\/100\n|-damage|p1a: Ditto|45\/100|[from] Stealth Rock\n|-transform|p1a: Ditto|p2a: Blissey|[from] ability: Imposter\n|move|p2a: Blissey|Wish|p2a: Blissey\n|\n|-heal|p2a: Blissey|84\/100|[from] item: Leftovers\n|upkeep\n|turn|46\n|\n|t:|1700711738\n|switch|p2a: Dragonite|Dragonite, M|50\/100\n|move|p1a: Ditto|Wish|p1a: Ditto\n|\n|-heal|p2a: Dragonite|100\/100|[from] move: Wish|[wisher] Blissey\n|upkeep\n|turn|47\n|\n|t:|1700711763\n|switch|p1a: Swellow|Swellow, F, tera:Normal|76\/100\n|-damage|p1a: Swellow|63\/100|[from] Stealth Rock\n|move|p2a: Dragonite|Outrage|p1a: Swellow\n|-damage|p1a: Swellow|0 fnt\n|faint|p1a: Swellow\n|\n|upkeep\n|\n|t:|1700711772\n|switch|p1a: Lopunny|Lopunny, F|100\/100\n|-damage|p1a: Lopunny|88\/100|[from] Stealth Rock\n|turn|48\n|\n|t:|1700711776\n|detailschange|p1a: Lopunny|Lopunny-Mega, F\n|-mega|p1a: Lopunny|Lopunny|Lopunnite\n|move|p1a: Lopunny|Fake Out|p2a: Dragonite\n|-damage|p2a: Dragonite|88\/100\n|cant|p2a: Dragonite|flinch\n|\n|-start|p2a: Dragonite|confusion|[fatigue]\n|upkeep\n|turn|49\n|\n|t:|1700711792\n|switch|p2a: Alomomola|Alomomola, F|87\/100\n|move|p1a: Lopunny|Ice Punch|p2a: Alomomola\n|-resisted|p2a: Alomomola\n|-damage|p2a: Alomomola|81\/100\n|\n|upkeep\n|turn|50\n|\n|t:|1700711800\n|move|p1a: Lopunny|Frustration|p2a: Alomomola\n|-damage|p2a: Alomomola|51\/100\n|move|p2a: Alomomola|Toxic|p1a: Lopunny\n|-status|p1a: Lopunny|tox\n|\n|-damage|p1a: Lopunny|82\/100 tox|[from] psn\n|upkeep\n|turn|51\n|\n|t:|1700711808\n|move|p2a: Alomomola|Protect|p2a: Alomomola\n|-singleturn|p2a: Alomomola|Protect\n|move|p1a: Lopunny|Frustration|p2a: Alomomola\n|-activate|p2a: Alomomola|move: Protect\n|\n|-damage|p1a: Lopunny|71\/100 tox|[from] psn\n|upkeep\n|turn|52\n|\n|t:|1700711827\n|move|p1a: Lopunny|Frustration|p2a: Alomomola\n|-damage|p2a: Alomomola|21\/100\n|move|p2a: Alomomola|Wish|p2a: Alomomola\n|\n|-damage|p1a: Lopunny|53\/100 tox|[from] psn\n|upkeep\n|turn|53\n|\n|t:|1700711834\n|switch|p1a: Ditto|Ditto|45\/100\n|-damage|p1a: Ditto|33\/100|[from] Stealth Rock\n|-transform|p1a: Ditto|p2a: Alomomola|[from] ability: Imposter\n|move|p2a: Alomomola|Protect||[still]\n|-fail|p2a: Alomomola\n|\n|-heal|p2a: Alomomola|71\/100|[from] move: Wish|[wisher] Alomomola\n|upkeep\n|turn|54\n|\n|t:|1700711849\n|move|p1a: Ditto|Wish|p1a: Ditto\n|move|p2a: Alomomola|Flip Turn|p1a: Ditto\n|-resisted|p1a: Ditto\n|-damage|p1a: Ditto|24\/100\n|\n|t:|1700711868\n|switch|p2a: Dragonite|Dragonite, M|88\/100|[from] Flip Turn\n|\n|upkeep\n|turn|55\n|\n|t:|1700711876\n|switch|p1a: Lopunny|Lopunny-Mega, F|53\/100 tox\n|-damage|p1a: Lopunny|47\/100 tox|[from] Stealth Rock\n|move|p2a: Dragonite|Outrage|p1a: Lopunny\n|-damage|p1a: Lopunny|0 fnt\n|faint|p1a: Lopunny\n|\n|upkeep\n|\n|t:|1700711883\n|switch|p1a: Ditto|Ditto|57\/100\n|-damage|p1a: Ditto|45\/100|[from] Stealth Rock\n|-transform|p1a: Ditto|p2a: Dragonite|[from] ability: Imposter\n|turn|56\n|c| bugmonobestmono|gg\n|\n|t:|1700711892\n|move|p1a: Ditto|Earthquake|p2a: Dragonite\n|-immune|p2a: Dragonite\n|move|p2a: Dragonite|Outrage|p1a: Ditto|[from]lockedmove\n|-supereffective|p1a: Ditto\n|-damage|p1a: Ditto|0 fnt\n|faint|p1a: Ditto\n|\n|win|Will55555\n|l| bugmonobestmono\n|c|\u2606Will55555|look\n|c|\u2606TexanFarmersMarket|ggwp\n|c|\u2606Will55555|gg\n|c|\u2606Will55555|wp\n|l|\u2606Will55555\n|l|\u2606TexanFarmersMarket\n|j|\u2606Will55555\n|player|p2|Will55555|169\n|l|\u2606Will55555\n|player|p2|\n|j|\u2606TexanFarmersMarket\n|player|p1|TexanFarmersMarket|artist-gen4\n","uploadtime":1700712013,"views":3,"p1id":"texanfarmersmarket","p2id":"will55555","formatid":"gen9nationaldex","rating":0,"private":0,"password":""}