{"id":"gen9nationaldex-1997265810","p1":"IFDCOACH","p2":"Jacw212","format":"[Gen 9] National Dex","log":"|html|<div class=\"broadcast-blue\"><strong>[Gen 9] National Dex is currently suspecting Sneasler! For information on how to participate check out the <a href=\"https:\/\/www.smogon.com\/forums\/threads\/sv-national-dex-suspect-8-just-dance.3731534\/\">suspect thread<\/a>.<\/strong><\/div>\n|j|\u2606IFDCOACH\n|j|\u2606Jacw212\n|t:|1700782276\n|gametype|singles\n|player|p1|IFDCOACH|266|1304\n|player|p2|Jacw212|roughneck-gen4|1409\n|teamsize|p1|6\n|teamsize|p2|6\n|gen|9\n|tier|[Gen 9] National Dex\n|rated|\n|rule|HP Percentage Mod: HP is shown in percentages\n|rule|Endless Battle Clause: Forcing endless battles is banned\n|rule|OHKO Clause: OHKO moves are banned\n|rule|Evasion Clause: Evasion abilities, items, and moves are banned\n|rule|Evasion Abilities Clause: Evasion abilities are banned\n|rule|Evasion Items Clause: Evasion items are banned\n|rule|Evasion Moves Clause: Evasion moves are banned\n|rule|Species Clause: Limit one of each Pok\u00e9mon\n|rule|Sleep Clause Mod: Limit one foe put to sleep\n|clearpoke\n|poke|p1|Gliscor, F|\n|poke|p1|Tyranitar, F|\n|poke|p1|Rillaboom, F|\n|poke|p1|Alakazam, F|\n|poke|p1|Tornadus-Therian, M|\n|poke|p1|Excadrill, F|\n|poke|p2|Weavile, F|\n|poke|p2|Alakazam, F|\n|poke|p2|Magnezone|\n|poke|p2|Cofagrigus, M|\n|poke|p2|Scolipede, M|\n|poke|p2|Machamp, F|\n|teampreview\n|\n|t:|1700782287\n|start\n|switch|p1a: Gliscor|Gliscor, F, shiny|100\/100\n|switch|p2a: Weavile|Weavile, F|100\/100\n|turn|1\n|\n|t:|1700782299\n|move|p1a: Gliscor|Protect|p1a: Gliscor\n|-singleturn|p1a: Gliscor|Protect\n|move|p2a: Weavile|Triple Axel|p1a: Gliscor\n|-activate|p1a: Gliscor|move: Protect\n|\n|-status|p1a: Gliscor|tox|[from] item: Toxic Orb\n|upkeep\n|turn|2\n|\n|t:|1700782308\n|-terastallize|p1a: Gliscor|Water\n|move|p2a: Weavile|Triple Axel|p1a: Gliscor\n|-resisted|p1a: Gliscor\n|-damage|p1a: Gliscor|97\/100 tox\n|-resisted|p1a: Gliscor\n|-damage|p1a: Gliscor|88\/100 tox\n|-resisted|p1a: Gliscor\n|-damage|p1a: Gliscor|75\/100 tox\n|-hitcount|p1a: Gliscor|3\n|move|p1a: Gliscor|Earthquake|p2a: Weavile\n|-damage|p2a: Weavile|38\/100\n|\n|-heal|p1a: Gliscor|88\/100 tox|[from] ability: Poison Heal\n|upkeep\n|turn|3\n|\n|t:|1700782323\n|move|p2a: Weavile|Knock Off|p1a: Gliscor\n|-damage|p1a: Gliscor|51\/100 tox\n|-enditem|p1a: Gliscor|Toxic Orb|[from] move: Knock Off|[of] p2a: Weavile\n|move|p1a: Gliscor|Knock Off|p2a: Weavile\n|-resisted|p2a: Weavile\n|-damage|p2a: Weavile|20\/100\n|-enditem|p2a: Weavile|Focus Sash|[from] move: Knock Off|[of] p1a: Gliscor\n|\n|-heal|p1a: Gliscor|64\/100 tox|[from] ability: Poison Heal\n|upkeep\n|turn|4\n|inactive|Battle timer is ON: inactive players will automatically lose when time's up. (requested by IFDCOACH)\n|\n|t:|1700782354\n|move|p2a: Weavile|Knock Off|p1a: Gliscor\n|-damage|p1a: Gliscor|36\/100 tox\n|move|p1a: Gliscor|Spikes|p2a: Weavile\n|-sidestart|p2: Jacw212|Spikes\n|\n|-heal|p1a: Gliscor|48\/100 tox|[from] ability: Poison Heal\n|upkeep\n|turn|5\n|\n|t:|1700782361\n|move|p1a: Gliscor|Protect|p1a: Gliscor\n|-singleturn|p1a: Gliscor|Protect\n|move|p2a: Weavile|Swords Dance|p2a: Weavile\n|-boost|p2a: Weavile|atk|2\n|\n|-heal|p1a: Gliscor|61\/100 tox|[from] ability: Poison Heal\n|upkeep\n|turn|6\n|\n|t:|1700782370\n|move|p2a: Weavile|Knock Off|p1a: Gliscor\n|-damage|p1a: Gliscor|13\/100 tox\n|move|p1a: Gliscor|Earthquake|p2a: Weavile\n|-damage|p2a: Weavile|0 fnt\n|faint|p2a: Weavile\n|\n|-heal|p1a: Gliscor|26\/100 tox|[from] ability: Poison Heal\n|upkeep\n|\n|t:|1700782377\n|switch|p2a: Magnezone|Magnezone|100\/100\n|-item|p2a: Magnezone|Air Balloon\n|turn|7\n|\n|t:|1700782383\n|switch|p1a: Excadrill|Excadrill, F, shiny|100\/100\n|move|p2a: Magnezone|Hidden Power|p1a: Excadrill\n|-damage|p1a: Excadrill|59\/100\n|\n|upkeep\n|turn|8\n|inactive|IFDCOACH has 120 seconds left.\n|\n|t:|1700782417\n|move|p1a: Excadrill|Brick Break|p2a: Magnezone\n|-supereffective|p2a: Magnezone\n|-damage|p2a: Magnezone|57\/100\n|-enditem|p2a: Magnezone|Air Balloon\n|move|p2a: Magnezone|Hidden Power|p1a: Excadrill\n|-damage|p1a: Excadrill|17\/100\n|-enditem|p1a: Excadrill|Sitrus Berry|[eat]\n|-heal|p1a: Excadrill|42\/100|[from] item: Sitrus Berry\n|\n|upkeep\n|turn|9\n|inactive|IFDCOACH has 120 seconds left.\n|\n|t:|1700782430\n|move|p1a: Excadrill|Drill Run|p2a: Magnezone\n|-supereffective|p2a: Magnezone\n|-damage|p2a: Magnezone|0 fnt\n|faint|p2a: Magnezone\n|\n|upkeep\n|\n|t:|1700782433\n|switch|p2a: Scolipede|Scolipede, M|100\/100\n|-damage|p2a: Scolipede|88\/100|[from] Spikes\n|turn|10\n|\n|t:|1700782440\n|move|p2a: Scolipede|Earthquake|p1a: Excadrill\n|-supereffective|p1a: Excadrill\n|-damage|p1a: Excadrill|0 fnt\n|faint|p1a: Excadrill\n|-damage|p2a: Scolipede|78\/100|[from] item: Life Orb\n|\n|-ability|p2a: Scolipede|Speed Boost|boost\n|-boost|p2a: Scolipede|spe|1\n|upkeep\n|inactive|IFDCOACH has 120 seconds left.\n|\n|t:|1700782456\n|switch|p1a: Tornadus|Tornadus-Therian, M|100\/100\n|turn|11\n|\n|t:|1700782461\n|move|p2a: Scolipede|Rock Slide|p1a: Tornadus\n|-supereffective|p1a: Tornadus\n|-damage|p1a: Tornadus|30\/100\n|-damage|p2a: Scolipede|68\/100|[from] item: Life Orb\n|move|p1a: Tornadus|Knock Off|p2a: Scolipede\n|-damage|p2a: Scolipede|33\/100\n|-enditem|p2a: Scolipede|Life Orb|[from] move: Knock Off|[of] p1a: Tornadus\n|\n|-ability|p2a: Scolipede|Speed Boost|boost\n|-boost|p2a: Scolipede|spe|1\n|upkeep\n|turn|12\n|\n|t:|1700782479\n|switch|p1a: Gliscor|Gliscor, F, shiny, tera:Water|26\/100 tox\n|move|p2a: Scolipede|Rock Slide|p1a: Gliscor\n|-damage|p1a: Gliscor|10\/100 tox\n|\n|-heal|p1a: Gliscor|22\/100 tox|[from] ability: Poison Heal\n|-ability|p2a: Scolipede|Speed Boost|boost\n|-boost|p2a: Scolipede|spe|1\n|upkeep\n|turn|13\n|\n|t:|1700782489\n|move|p1a: Gliscor|Protect|p1a: Gliscor\n|-singleturn|p1a: Gliscor|Protect\n|move|p2a: Scolipede|Poison Jab|p1a: Gliscor\n|-activate|p1a: Gliscor|move: Protect\n|\n|-heal|p1a: Gliscor|35\/100 tox|[from] ability: Poison Heal\n|-ability|p2a: Scolipede|Speed Boost|boost\n|-boost|p2a: Scolipede|spe|1\n|upkeep\n|turn|14\n|\n|t:|1700782499\n|move|p2a: Scolipede|Poison Jab|p1a: Gliscor\n|-damage|p1a: Gliscor|4\/100 tox\n|move|p1a: Gliscor|Earthquake|p2a: Scolipede\n|-damage|p2a: Scolipede|0 fnt\n|faint|p2a: Scolipede\n|\n|-heal|p1a: Gliscor|17\/100 tox|[from] ability: Poison Heal\n|upkeep\n|\n|t:|1700782505\n|switch|p2a: Alakazam|Alakazam, F|100\/100\n|turn|15\n|\n|t:|1700782515\n|move|p1a: Gliscor|Protect|p1a: Gliscor\n|-singleturn|p1a: Gliscor|Protect\n|move|p2a: Alakazam|Energy Ball|p1a: Gliscor\n|-activate|p1a: Gliscor|move: Protect\n|\n|-heal|p1a: Gliscor|29\/100 tox|[from] ability: Poison Heal\n|upkeep\n|turn|16\n|\n|t:|1700782530\n|switch|p1a: Rillaboom|Rillaboom, F, shiny|100\/100\n|-fieldstart|move: Grassy Terrain|[from] ability: Grassy Surge|[of] p1a: Rillaboom\n|move|p2a: Alakazam|Energy Ball|p1a: Rillaboom\n|-resisted|p1a: Rillaboom\n|-damage|p1a: Rillaboom|63\/100\n|-unboost|p1a: Rillaboom|spd|1\n|\n|-heal|p1a: Rillaboom|70\/100|[from] Grassy Terrain\n|upkeep\n|turn|17\n|\n|t:|1700782541\n|-terastallize|p2a: Alakazam|Steel\n|move|p1a: Rillaboom|Grassy Glide|p2a: Alakazam\n|-resisted|p2a: Alakazam\n|-damage|p2a: Alakazam|47\/100\n|move|p2a: Alakazam|Psychic|p1a: Rillaboom\n|-damage|p1a: Rillaboom|0 fnt\n|faint|p1a: Rillaboom\n|\n|-heal|p2a: Alakazam|53\/100|[from] Grassy Terrain\n|upkeep\n|\n|t:|1700782558\n|switch|p1a: Tyranitar|Tyranitar, F, shiny|100\/100\n|-weather|Sandstorm|[from] ability: Sand Stream|[of] p1a: Tyranitar\n|turn|18\n|\n|t:|1700782563\n|move|p2a: Alakazam|Energy Ball|p1a: Tyranitar\n|-supereffective|p1a: Tyranitar\n|-damage|p1a: Tyranitar|63\/100\n|-unboost|p1a: Tyranitar|spd|1\n|move|p1a: Tyranitar|Knock Off|p2a: Alakazam\n|-damage|p2a: Alakazam|0 fnt\n|-enditem|p2a: Alakazam|Life Orb|[from] move: Knock Off|[of] p1a: Tyranitar\n|faint|p2a: Alakazam\n|\n|-weather|Sandstorm|[upkeep]\n|-heal|p1a: Tyranitar|69\/100|[from] Grassy Terrain\n|upkeep\n|\n|t:|1700782571\n|switch|p2a: Cofagrigus|Cofagrigus, M|100\/100\n|-damage|p2a: Cofagrigus|88\/100|[from] Spikes\n|turn|19\n|\n|t:|1700782580\n|move|p1a: Tyranitar|Knock Off|p2a: Cofagrigus\n|-supereffective|p2a: Cofagrigus\n|-damage|p2a: Cofagrigus|21\/100\n|-damage|p1a: Tyranitar|52\/100|[from] item: Rocky Helmet|[of] p2a: Cofagrigus\n|-activate|p2a: Cofagrigus|ability: Mummy|Sand Stream|[of] p1a: Tyranitar\n|-enditem|p2a: Cofagrigus|Rocky Helmet|[from] move: Knock Off|[of] p1a: Tyranitar\n|move|p2a: Cofagrigus|Trick Room|p2a: Cofagrigus\n|-fieldstart|move: Trick Room|[of] p2a: Cofagrigus\n|\n|-weather|Sandstorm|[upkeep]\n|-damage|p2a: Cofagrigus|15\/100|[from] Sandstorm\n|-heal|p2a: Cofagrigus|21\/100|[from] Grassy Terrain\n|-heal|p1a: Tyranitar|58\/100|[from] Grassy Terrain\n|upkeep\n|turn|20\n|\n|t:|1700782593\n|move|p2a: Cofagrigus|Body Press|p1a: Tyranitar\n|-supereffective|p1a: Tyranitar\n|-damage|p1a: Tyranitar|0 fnt\n|faint|p1a: Tyranitar\n|\n|-weather|Sandstorm|[upkeep]\n|-damage|p2a: Cofagrigus|15\/100|[from] Sandstorm\n|-heal|p2a: Cofagrigus|21\/100|[from] Grassy Terrain\n|-fieldend|move: Grassy Terrain\n|upkeep\n|\n|t:|1700782602\n|switch|p1a: Gliscor|Gliscor, F, shiny, tera:Water|29\/100 tox\n|turn|21\n|\n|t:|1700782608\n|move|p1a: Gliscor|Protect|p1a: Gliscor\n|-singleturn|p1a: Gliscor|Protect\n|move|p2a: Cofagrigus|Hex|p1a: Gliscor\n|-activate|p1a: Gliscor|move: Protect\n|\n|-weather|Sandstorm|[upkeep]\n|-damage|p2a: Cofagrigus|15\/100|[from] Sandstorm\n|-damage|p1a: Gliscor|23\/100 tox|[from] Sandstorm\n|-heal|p1a: Gliscor|36\/100 tox|[from] ability: Poison Heal\n|upkeep\n|turn|22\n|\n|t:|1700782619\n|switch|p1a: Tornadus|Tornadus-Therian, M|63\/100\n|move|p2a: Cofagrigus|Hex|p1a: Tornadus\n|-crit|p1a: Tornadus\n|-damage|p1a: Tornadus|29\/100\n|\n|-weather|none\n|upkeep\n|turn|23\n|\n|t:|1700782634\n|switch|p1a: Gliscor|Gliscor, F, shiny, tera:Water|36\/100 tox\n|move|p2a: Cofagrigus|Hex|p1a: Gliscor\n|-damage|p1a: Gliscor|0 fnt\n|faint|p1a: Gliscor\n|\n|-fieldend|move: Trick Room\n|upkeep\n|\n|t:|1700782643\n|switch|p1a: Alakazam|Alakazam, F, shiny|100\/100\n|turn|24\n|\n|t:|1700782647\n|move|p1a: Alakazam|Shadow Ball|p2a: Cofagrigus\n|-supereffective|p2a: Cofagrigus\n|-damage|p2a: Cofagrigus|0 fnt\n|faint|p2a: Cofagrigus\n|\n|upkeep\n|\n|t:|1700782650\n|switch|p2a: Machamp|Machamp, F|100\/100\n|-damage|p2a: Machamp|88\/100|[from] Spikes\n|turn|25\n|\n|t:|1700782656\n|move|p1a: Alakazam|Psyshock|p2a: Machamp\n|-supereffective|p2a: Machamp\n|-damage|p2a: Machamp|0 fnt\n|faint|p2a: Machamp\n|\n|win|IFDCOACH\n|raw|IFDCOACH's rating: 1304 &rarr; <strong>1330<\/strong><br \/>(+26 for winning)\n|raw|Jacw212's rating: 1409 &rarr; <strong>1383<\/strong><br \/>(-26 for losing)\n|l|\u2606Jacw212\n|c|\u2606IFDCOACH|Gg\n","uploadtime":1700782672,"views":3,"p1id":"ifdcoach","p2id":"jacw212","formatid":"gen9nationaldex","rating":1330,"private":0,"password":""}