{"id":"gen9nationaldex-1998230635","p1":"AgenteDino","p2":"Gatita golosa 123","format":"[Gen 9] National Dex","log":"|html|<div class=\"broadcast-blue\"><strong>[Gen 9] National Dex is currently suspecting Sneasler! For information on how to participate check out the <a href=\"https:\/\/www.smogon.com\/forums\/threads\/sv-national-dex-suspect-8-just-dance.3731534\/\">suspect thread<\/a>.<\/strong><\/div>\n|j|\u2606AgenteDino\n|j|\u2606Gatita golosa 123\n|t:|1700916708\n|gametype|singles\n|player|p1|AgenteDino|marnie|\n|player|p2|Gatita golosa 123|pokekid|\n|teamsize|p1|6\n|teamsize|p2|6\n|gen|9\n|tier|[Gen 9] National Dex\n|rule|HP Percentage Mod: HP is shown in percentages\n|rule|Endless Battle Clause: Forcing endless battles is banned\n|rule|OHKO Clause: OHKO moves are banned\n|rule|Evasion Clause: Evasion abilities, items, and moves are banned\n|rule|Evasion Abilities Clause: Evasion abilities are banned\n|rule|Evasion Items Clause: Evasion items are banned\n|rule|Evasion Moves Clause: Evasion moves are banned\n|rule|Species Clause: Limit one of each Pok\u00e9mon\n|rule|Sleep Clause Mod: Limit one foe put to sleep\n|clearpoke\n|poke|p1|Snorlax, M|\n|poke|p1|Rillaboom, F|\n|poke|p1|Zamazenta-*|\n|poke|p1|Alomomola, M|\n|poke|p1|Xurkitree|\n|poke|p1|Clefable, F|\n|poke|p2|Ogerpon, F|\n|poke|p2|Cinderace, F|\n|poke|p2|Rillaboom, F|\n|poke|p2|Porygon-Z|\n|poke|p2|Ambipom, M|\n|poke|p2|Serperior, F|\n|teampreview\n|\n|t:|1700916722\n|start\n|switch|p1a: Rillaboom|Rillaboom, F|100\/100\n|switch|p2a: Ambipom|Ambipom, M|100\/100\n|-fieldstart|move: Grassy Terrain|[from] ability: Grassy Surge|[of] p1a: Rillaboom\n|turn|1\n|\n|t:|1700916732\n|switch|p1a: Zamazenta|Zamazenta|100\/100\n|-ability|p1a: Zamazenta|Dauntless Shield|boost\n|-boost|p1a: Zamazenta|def|1\n|-enditem|p1a: Zamazenta|Grassy Seed\n|-boost|p1a: Zamazenta|def|1|[from] item: Grassy Seed\n|move|p2a: Ambipom|Fake Out|p1a: Zamazenta\n|-damage|p1a: Zamazenta|89\/100\n|\n|-heal|p1a: Zamazenta|95\/100|[from] Grassy Terrain\n|upkeep\n|turn|2\n|\n|t:|1700916739\n|move|p2a: Ambipom|U-turn|p1a: Zamazenta\n|-resisted|p1a: Zamazenta\n|-damage|p1a: Zamazenta|91\/100\n|\n|t:|1700916744\n|switch|p2a: Serperior|Serperior, F|100\/100|[from] U-turn\n|move|p1a: Zamazenta|Iron Defense|p1a: Zamazenta\n|-boost|p1a: Zamazenta|def|2\n|\n|-heal|p1a: Zamazenta|97\/100|[from] Grassy Terrain\n|upkeep\n|turn|3\n|\n|t:|1700916755\n|move|p2a: Serperior|Glare|p1a: Zamazenta\n|-status|p1a: Zamazenta|par\n|move|p1a: Zamazenta|Body Press|p2a: Serperior\n|-damage|p2a: Serperior|14\/100\n|\n|-heal|p2a: Serperior|20\/100|[from] Grassy Terrain\n|-heal|p2a: Serperior|26\/100|[from] item: Leftovers\n|-heal|p1a: Zamazenta|100\/100 par|[from] Grassy Terrain\n|upkeep\n|turn|4\n|\n|t:|1700916762\n|move|p2a: Serperior|Leech Seed|p1a: Zamazenta\n|-start|p1a: Zamazenta|move: Leech Seed\n|move|p1a: Zamazenta|Body Press|p2a: Serperior\n|-damage|p2a: Serperior|0 fnt\n|faint|p2a: Serperior\n|\n|upkeep\n|\n|t:|1700916768\n|switch|p2a: Ambipom|Ambipom, M|100\/100\n|turn|5\n|\n|t:|1700916774\n|move|p2a: Ambipom|Fake Out|p1a: Zamazenta\n|-damage|p1a: Zamazenta|92\/100 par\n|cant|p1a: Zamazenta|flinch\n|\n|-heal|p1a: Zamazenta|98\/100 par|[from] Grassy Terrain\n|-damage|p1a: Zamazenta|86\/100 par|[from] Leech Seed|[of] p2a: Ambipom\n|-fieldend|move: Grassy Terrain\n|upkeep\n|turn|6\n|\n|t:|1700916782\n|move|p2a: Ambipom|Double Hit|p1a: Zamazenta\n|-damage|p1a: Zamazenta|78\/100 par\n|-damage|p1a: Zamazenta|71\/100 par\n|-hitcount|p1a: Zamazenta|2\n|move|p1a: Zamazenta|Iron Defense|p1a: Zamazenta\n|-boost|p1a: Zamazenta|def|2\n|\n|-damage|p1a: Zamazenta|59\/100 par|[from] Leech Seed|[of] p2a: Ambipom\n|upkeep\n|turn|7\n|\n|t:|1700916789\n|move|p2a: Ambipom|Double Hit|p1a: Zamazenta\n|-damage|p1a: Zamazenta|53\/100 par\n|-damage|p1a: Zamazenta|48\/100 par\n|-hitcount|p1a: Zamazenta|2\n|cant|p1a: Zamazenta|par\n|\n|-damage|p1a: Zamazenta|35\/100 par|[from] Leech Seed|[of] p2a: Ambipom\n|upkeep\n|turn|8\n|\n|t:|1700916795\n|move|p2a: Ambipom|Double Hit|p1a: Zamazenta\n|-damage|p1a: Zamazenta|30\/100 par\n|-damage|p1a: Zamazenta|25\/100 par\n|-hitcount|p1a: Zamazenta|2\n|move|p1a: Zamazenta|Body Press|p2a: Ambipom\n|-supereffective|p2a: Ambipom\n|-damage|p2a: Ambipom|0 fnt\n|faint|p2a: Ambipom\n|\n|upkeep\n|\n|t:|1700916813\n|switch|p2a: Porygon-Z|Porygon-Z|100\/100\n|turn|9\n|\n|t:|1700916817\n|-zpower|p2a: Porygon-Z\n|move|p2a: Porygon-Z|Z-Conversion|p2a: Porygon-Z|[anim]Conversion\n|-boost|p2a: Porygon-Z|atk|1|[zeffect]\n|-boost|p2a: Porygon-Z|def|1|[zeffect]\n|-boost|p2a: Porygon-Z|spa|1|[zeffect]\n|-boost|p2a: Porygon-Z|spd|1|[zeffect]\n|-boost|p2a: Porygon-Z|spe|1|[zeffect]\n|-start|p2a: Porygon-Z|typechange|Psychic\n|cant|p1a: Zamazenta|par\n|\n|-damage|p1a: Zamazenta|12\/100 par|[from] Leech Seed|[of] p2a: Porygon-Z\n|upkeep\n|turn|10\n|\n|t:|1700916827\n|move|p2a: Porygon-Z|Psyshock|p1a: Zamazenta\n|-supereffective|p1a: Zamazenta\n|-crit|p1a: Zamazenta\n|-damage|p1a: Zamazenta|0 fnt\n|faint|p1a: Zamazenta\n|\n|upkeep\n|\n|t:|1700916834\n|switch|p1a: Rillaboom|Rillaboom, F|100\/100\n|-fieldstart|move: Grassy Terrain|[from] ability: Grassy Surge|[of] p1a: Rillaboom\n|turn|11\n|c|\u2606Gatita golosa 123|Cr\u00edtico cuando ten\u00eda 12% de vida \ud83d\uddff\n|\n|t:|1700916850\n|move|p2a: Porygon-Z|Psyshock|p1a: Rillaboom\n|-damage|p1a: Rillaboom|3\/100\n|move|p1a: Rillaboom|Knock Off|p2a: Porygon-Z\n|-supereffective|p2a: Porygon-Z\n|-damage|p2a: Porygon-Z|34\/100\n|\n|-heal|p2a: Porygon-Z|40\/100|[from] Grassy Terrain\n|-heal|p1a: Rillaboom|9\/100|[from] Grassy Terrain\n|upkeep\n|turn|12\n|\n|t:|1700916869\n|switch|p1a: Snorlax|Snorlax, M|100\/100\n|move|p2a: Porygon-Z|Psyshock|p1a: Snorlax\n|-damage|p1a: Snorlax|25\/100\n|\n|-heal|p2a: Porygon-Z|46\/100|[from] Grassy Terrain\n|-heal|p1a: Snorlax|31\/100|[from] Grassy Terrain\n|upkeep\n|turn|13\n|\n|t:|1700916874\n|move|p2a: Porygon-Z|Psyshock|p1a: Snorlax\n|-damage|p1a: Snorlax|0 fnt\n|faint|p1a: Snorlax\n|\n|-heal|p2a: Porygon-Z|53\/100|[from] Grassy Terrain\n|upkeep\n|\n|t:|1700916883\n|switch|p1a: Rillaboom|Rillaboom, F|9\/100\n|turn|14\n|\n|t:|1700916888\n|move|p1a: Rillaboom|Grassy Glide|p2a: Porygon-Z\n|-damage|p2a: Porygon-Z|0 fnt\n|faint|p2a: Porygon-Z\n|\n|-heal|p1a: Rillaboom|15\/100|[from] Grassy Terrain\n|upkeep\n|\n|t:|1700916893\n|switch|p2a: Cinderace|Cinderace, F|100\/100\n|turn|15\n|\n|t:|1700916903\n|move|p1a: Rillaboom|Grassy Glide|p2a: Cinderace\n|-resisted|p2a: Cinderace\n|-damage|p2a: Cinderace|63\/100\n|move|p2a: Cinderace|U-turn|p1a: Rillaboom\n|-start|p2a: Cinderace|typechange|Bug|[from] ability: Libero\n|-supereffective|p1a: Rillaboom\n|-damage|p1a: Rillaboom|0 fnt\n|faint|p1a: Rillaboom\n|\n|t:|1700916912\n|switch|p2a: Ogerpon|Ogerpon, F|100\/100|[from] U-turn\n|\n|-fieldend|move: Grassy Terrain\n|upkeep\n|\n|t:|1700916921\n|switch|p1a: Clefable|Clefable, F|100\/100\n|turn|16\n|\n|t:|1700916926\n|move|p2a: Ogerpon|Swords Dance|p2a: Ogerpon\n|-boost|p2a: Ogerpon|atk|2\n|move|p1a: Clefable|Toxic|p2a: Ogerpon\n|-status|p2a: Ogerpon|tox\n|\n|-damage|p2a: Ogerpon|95\/100 tox|[from] psn\n|upkeep\n|turn|17\n|\n|t:|1700916932\n|move|p2a: Ogerpon|Encore|p1a: Clefable\n|-start|p1a: Clefable|Encore\n|move|p1a: Clefable|Toxic|p2a: Ogerpon\n|-fail|p2a: Ogerpon|tox\n|\n|-damage|p2a: Ogerpon|83\/100 tox|[from] psn\n|upkeep\n|turn|18\n|\n|t:|1700916943\n|switch|p1a: Alomomola|Alomomola, M|100\/100\n|move|p2a: Ogerpon|Swords Dance|p2a: Ogerpon\n|-boost|p2a: Ogerpon|atk|2\n|\n|-damage|p2a: Ogerpon|65\/100 tox|[from] psn\n|upkeep\n|turn|19\n|\n|t:|1700916949\n|move|p1a: Alomomola|Protect|p1a: Alomomola\n|-singleturn|p1a: Alomomola|Protect\n|move|p2a: Ogerpon|Horn Leech|p1a: Alomomola\n|-activate|p1a: Alomomola|move: Protect\n|\n|-damage|p2a: Ogerpon|41\/100 tox|[from] psn\n|upkeep\n|turn|20\n|\n|t:|1700916958\n|switch|p1a: Clefable|Clefable, F|100\/100\n|move|p2a: Ogerpon|Horn Leech|p1a: Clefable\n|-damage|p1a: Clefable|13\/100\n|-heal|p2a: Ogerpon|98\/100 tox|[from] drain|[of] p1a: Clefable\n|\n|-heal|p1a: Clefable|19\/100|[from] item: Leftovers\n|-damage|p2a: Ogerpon|68\/100 tox|[from] psn\n|upkeep\n|turn|21\n|\n|t:|1700916964\n|move|p2a: Ogerpon|Horn Leech|p1a: Clefable\n|-damage|p1a: Clefable|0 fnt\n|-heal|p2a: Ogerpon|81\/100 tox|[from] drain|[of] p1a: Clefable\n|faint|p1a: Clefable\n|\n|-damage|p2a: Ogerpon|45\/100 tox|[from] psn\n|upkeep\n|\n|t:|1700916968\n|switch|p1a: Xurkitree|Xurkitree|100\/100\n|turn|22\n|\n|t:|1700916971\n|move|p2a: Ogerpon|Horn Leech|p1a: Xurkitree\n|-damage|p1a: Xurkitree|0 fnt\n|-heal|p2a: Ogerpon|96\/100 tox|[from] drain|[of] p1a: Xurkitree\n|faint|p1a: Xurkitree\n|\n|-damage|p2a: Ogerpon|54\/100 tox|[from] psn\n|upkeep\n|\n|t:|1700916978\n|switch|p1a: Alomomola|Alomomola, M|100\/100\n|turn|23\n|\n|t:|1700916983\n|move|p1a: Alomomola|Protect|p1a: Alomomola\n|-singleturn|p1a: Alomomola|Protect\n|move|p2a: Ogerpon|Horn Leech|p1a: Alomomola\n|-activate|p1a: Alomomola|move: Protect\n|\n|-damage|p2a: Ogerpon|6\/100 tox|[from] psn\n|upkeep\n|turn|24\n|\n|t:|1700916992\n|move|p2a: Ogerpon|Horn Leech|p1a: Alomomola\n|-supereffective|p1a: Alomomola\n|-damage|p1a: Alomomola|0 fnt\n|-heal|p2a: Ogerpon|95\/100 tox|[from] drain|[of] p1a: Alomomola\n|faint|p1a: Alomomola\n|\n|win|Gatita golosa 123\n|c|\u2606AgenteDino|gg\n|c|\u2606Gatita golosa 123|Gg papu\n|l|\u2606AgenteDino\n","uploadtime":1700917301,"views":2,"p1id":"agentedino","p2id":"gatitagolosa123","formatid":"gen9nationaldex","rating":0,"private":0,"password":""}