{"id":"gen9nationaldex-1988853425","p1":"yueer12345","p2":"realested","format":"[Gen 9] National Dex","log":"|j|\u2606yueer12345\n|j|\u2606realested\n|t:|1699774232\n|gametype|singles\n|player|p1|yueer12345|swimmerf-gen4|1135\n|player|p2|realested|biker-gen4|1224\n|teamsize|p1|6\n|teamsize|p2|6\n|gen|9\n|tier|[Gen 9] National Dex\n|rated|\n|rule|HP Percentage Mod: HP is shown in percentages\n|rule|Endless Battle Clause: Forcing endless battles is banned\n|rule|OHKO Clause: OHKO moves are banned\n|rule|Evasion Clause: Evasion abilities, items, and moves are banned\n|rule|Evasion Abilities Clause: Evasion abilities are banned\n|rule|Evasion Items Clause: Evasion items are banned\n|rule|Evasion Moves Clause: Evasion moves are banned\n|rule|Species Clause: Limit one of each Pok\u00e9mon\n|rule|Sleep Clause Mod: Limit one foe put to sleep\n|clearpoke\n|poke|p1|Zoroark-Hisui, F|\n|poke|p1|Corviknight, F|\n|poke|p1|Tapu Lele|\n|poke|p1|Sneasler, F|\n|poke|p1|Gyarados, F|\n|poke|p1|Tapu Koko|\n|poke|p2|Aggron, F|\n|poke|p2|Florges, F|\n|poke|p2|Runerigus, M|\n|poke|p2|Zapdos|\n|poke|p2|Urshifu-*, F|\n|poke|p2|Toxapex, F|\n|teampreview\n|inactive|Battle timer is ON: inactive players will automatically lose when time's up. (requested by yueer12345)\n|\n|t:|1699774256\n|start\n|switch|p1a: Tapu Koko|Tapu Koko|100\/100\n|switch|p2a: Runerigus|Runerigus, M|100\/100\n|turn|1\n|\n|t:|1699774273\n|move|p2a: Runerigus|Protect|p2a: Runerigus\n|-singleturn|p2a: Runerigus|Protect\n|move|p1a: Tapu Koko|Taunt|p2a: Runerigus\n|-activate|p2a: Runerigus|move: Protect\n|\n|upkeep\n|turn|2\n|c|\u2606realested|zoroark\n|inactive|realested has 120 seconds left.\n|\n|t:|1699774301\n|move|p1a: Tapu Koko|Taunt|p2a: Runerigus\n|-start|p2a: Runerigus|move: Taunt\n|cant|p2a: Runerigus|move: Taunt|Stealth Rock\n|\n|upkeep\n|turn|3\n|\n|t:|1699774316\n|switch|p1a: Gyarados|Gyarados, F|100\/100\n|move|p2a: Runerigus|Earthquake|p1a: Gyarados\n|-immune|p1a: Gyarados\n|\n|upkeep\n|turn|4\n|\n|t:|1699774325\n|switch|p2a: Zapdos|Zapdos|100\/100\n|move|p1a: Gyarados|Substitute|p1a: Gyarados\n|-start|p1a: Gyarados|Substitute\n|-damage|p1a: Gyarados|76\/100\n|\n|upkeep\n|turn|5\n|\n|t:|1699774333\n|detailschange|p1a: Gyarados|Gyarados-Mega, F\n|-mega|p1a: Gyarados|Gyarados|Gyaradosite\n|-ability|p1a: Gyarados|Mold Breaker\n|move|p2a: Zapdos|Volt Switch|p1a: Gyarados\n|-supereffective|p1a: Gyarados\n|-end|p1a: Gyarados|Substitute\n|\n|t:|1699774341\n|switch|p2a: Toxapex|Toxapex, F|100\/100|[from] Volt Switch\n|move|p1a: Gyarados|Dragon Dance|p1a: Gyarados\n|-boost|p1a: Gyarados|atk|1\n|-boost|p1a: Gyarados|spe|1\n|\n|upkeep\n|turn|6\n|\n|t:|1699774349\n|move|p1a: Gyarados|Crunch|p2a: Toxapex\n|-damage|p2a: Toxapex|57\/100\n|move|p2a: Toxapex|Toxic|p1a: Gyarados\n|-status|p1a: Gyarados|tox\n|\n|-heal|p2a: Toxapex|63\/100|[from] item: Black Sludge\n|-damage|p1a: Gyarados|70\/100 tox|[from] psn\n|upkeep\n|turn|7\n|\n|t:|1699774356\n|switch|p1a: Tapu Lele|Tapu Lele|100\/100\n|-fieldstart|move: Psychic Terrain|[from] ability: Psychic Surge|[of] p1a: Tapu Lele\n|move|p2a: Toxapex|Recover|p2a: Toxapex\n|-heal|p2a: Toxapex|100\/100\n|\n|upkeep\n|turn|8\n|\n|t:|1699774375\n|switch|p1a: Sneasler|Sneasler, F|100\/100\n|-enditem|p1a: Sneasler|Psychic Seed\n|-boost|p1a: Sneasler|spd|1|[from] item: Psychic Seed\n|switch|p2a: Aggron|Aggron, F|100\/100\n|\n|upkeep\n|turn|9\n|\n|t:|1699774386\n|detailschange|p2a: Aggron|Aggron-Mega, F\n|-mega|p2a: Aggron|Aggron|Aggronite\n|-terastallize|p1a: Sneasler|Flying\n|move|p1a: Sneasler|Close Combat|p2a: Aggron\n|-supereffective|p2a: Aggron\n|-damage|p2a: Aggron|59\/100\n|-unboost|p1a: Sneasler|def|1\n|-unboost|p1a: Sneasler|spd|1\n|move|p2a: Aggron|Iron Defense|p2a: Aggron\n|-boost|p2a: Aggron|def|2\n|\n|upkeep\n|turn|10\n|\n|t:|1699774398\n|move|p1a: Sneasler|Swords Dance|p1a: Sneasler\n|-boost|p1a: Sneasler|atk|2\n|move|p2a: Aggron|Heavy Slam|p1a: Sneasler\n|-damage|p1a: Sneasler|0 fnt\n|faint|p1a: Sneasler\n|\n|upkeep\n|\n|t:|1699774410\n|switch|p1a: Tapu Koko|Tapu Koko|100\/100\n|turn|11\n|\n|t:|1699774423\n|-zpower|p1a: Tapu Koko\n|move|p1a: Tapu Koko|Gigavolt Havoc|p2a: Aggron|[zeffect]\n|-damage|p2a: Aggron|42\/100\n|move|p2a: Aggron|Heavy Slam|p1a: Tapu Koko\n|-damage|p1a: Tapu Koko|21\/100\n|\n|-fieldend|move: Psychic Terrain\n|upkeep\n|turn|12\n|-message|yueer12345 forfeited.\n|\n|win|realested\n|raw|yueer12345's rating: 1135 &rarr; <strong>1116<\/strong><br \/>(-19 for losing)\n|raw|realested's rating: 1224 &rarr; <strong>1243<\/strong><br \/>(+19 for winning)\n|l|\u2606yueer12345\n|l|\u2606realested\n|j|\u2606realested\n|player|p2|realested|biker-gen4\n","uploadtime":1699774631,"views":16,"p1id":"yueer12345","p2id":"realested","formatid":"gen9nationaldex","rating":1116,"private":0,"password":""}