{"id":"gen9nationaldex-1992407083","p1":"SaffronSwd","p2":"perh4ps","format":"[Gen 9] National Dex","log":"|j|\u2606SaffronSwd\n|j|\u2606perh4ps\n|t:|1700183960\n|gametype|singles\n|player|p1|SaffronSwd|aromalady|\n|player|p2|perh4ps|2|\n|teamsize|p1|6\n|teamsize|p2|6\n|gen|9\n|tier|[Gen 9] National Dex\n|rule|HP Percentage Mod: HP is shown in percentages\n|rule|Endless Battle Clause: Forcing endless battles is banned\n|rule|OHKO Clause: OHKO moves are banned\n|rule|Evasion Clause: Evasion abilities, items, and moves are banned\n|rule|Evasion Abilities Clause: Evasion abilities are banned\n|rule|Evasion Items Clause: Evasion items are banned\n|rule|Evasion Moves Clause: Evasion moves are banned\n|rule|Species Clause: Limit one of each Pok\u00e9mon\n|rule|Sleep Clause Mod: Limit one foe put to sleep\n|clearpoke\n|poke|p1|Pelipper, M|\n|poke|p1|Starmie|\n|poke|p1|Armaldo, F|\n|poke|p1|Jellicent, F|\n|poke|p1|Mew|\n|poke|p1|Umbreon, M|\n|poke|p2|Armarouge, M|\n|poke|p2|Iron Hands|\n|poke|p2|Tangrowth, F|\n|poke|p2|Blacephalon|\n|poke|p2|Cloyster, M|\n|poke|p2|Ninetales-Alola, F|\n|teampreview\n|inactive|Battle timer is ON: inactive players will automatically lose when time's up. (requested by SaffronSwd)\n|\n|t:|1700183969\n|start\n|switch|p1a: Spring & Storm|Pelipper, M|100\/100\n|switch|p2a: Cold Product|Ninetales-Alola, F|100\/100\n|-weather|Snow|[from] ability: Snow Warning|[of] p2a: Cold Product\n|-weather|RainDance|[from] ability: Drizzle|[of] p1a: Spring & Storm\n|turn|1\n|\n|t:|1700183990\n|switch|p2a: Palms Are Sweaty|Iron Hands|100\/100\n|move|p1a: Spring & Storm|U-turn|p2a: Palms Are Sweaty\n|-resisted|p2a: Palms Are Sweaty\n|-damage|p2a: Palms Are Sweaty|98\/100\n|\n|t:|1700184002\n|switch|p1a: Universe|Mew|100\/100|[from] U-turn\n|\n|-weather|RainDance|[upkeep]\n|upkeep\n|turn|2\n|\n|t:|1700184015\n|move|p2a: Palms Are Sweaty|Fake Out|p1a: Universe\n|-damage|p1a: Universe|84\/100\n|cant|p1a: Universe|flinch\n|\n|-weather|RainDance|[upkeep]\n|upkeep\n|turn|3\n|\n|t:|1700184027\n|-end|p2a: Palms Are Sweaty|Quark Drive|[silent]\n|switch|p2a: Chance To Blow|Blacephalon|100\/100\n|move|p1a: Universe|Psychic|p2a: Chance To Blow\n|-damage|p2a: Chance To Blow|36\/100\n|\n|-weather|RainDance|[upkeep]\n|upkeep\n|turn|4\n|\n|t:|1700184036\n|switch|p1a: Mr. Moon|Umbreon, M|100\/100\n|move|p2a: Chance To Blow|Shadow Ball|p1a: Mr. Moon\n|-resisted|p1a: Mr. Moon\n|-damage|p1a: Mr. Moon|88\/100\n|\n|-weather|RainDance|[upkeep]\n|-heal|p1a: Mr. Moon|94\/100|[from] item: Leftovers\n|upkeep\n|turn|5\n|\n|t:|1700184043\n|switch|p2a: Palms Are Sweaty|Iron Hands|98\/100\n|move|p1a: Mr. Moon|Roar|p2a: Palms Are Sweaty\n|-end|p2a: Palms Are Sweaty|Quark Drive|[silent]\n|drag|p2a: Chance To Blow|Blacephalon|36\/100\n|\n|-weather|RainDance|[upkeep]\n|-heal|p1a: Mr. Moon|100\/100|[from] item: Leftovers\n|upkeep\n|turn|6\n|\n|t:|1700184049\n|move|p2a: Chance To Blow|Trick|p1a: Mr. Moon\n|-activate|p2a: Chance To Blow|move: Trick|[of] p1a: Mr. Moon\n|-item|p1a: Mr. Moon|Choice Scarf|[from] move: Trick\n|-item|p2a: Chance To Blow|Leftovers|[from] move: Trick\n|move|p1a: Mr. Moon|Dark Pulse|p2a: Chance To Blow\n|-supereffective|p2a: Chance To Blow\n|-damage|p2a: Chance To Blow|0 fnt\n|faint|p2a: Chance To Blow\n|\n|-weather|RainDance|[upkeep]\n|upkeep\n|\n|t:|1700184062\n|switch|p2a: Cold Product|Ninetales-Alola, F|100\/100\n|-weather|Snow|[from] ability: Snow Warning|[of] p2a: Cold Product\n|turn|7\n|\n|t:|1700184075\n|switch|p1a: Spring & Storm|Pelipper, M|100\/100\n|-weather|RainDance|[from] ability: Drizzle|[of] p1a: Spring & Storm\n|move|p2a: Cold Product|Nasty Plot|p2a: Cold Product\n|-boost|p2a: Cold Product|spa|2\n|\n|-weather|RainDance|[upkeep]\n|upkeep\n|turn|8\n|\n|t:|1700184084\n|move|p2a: Cold Product|Blizzard|p1a: Spring & Storm\n|-damage|p1a: Spring & Storm|0 fnt\n|faint|p1a: Spring & Storm\n|\n|-weather|RainDance|[upkeep]\n|upkeep\n|\n|t:|1700184091\n|switch|p1a: Alive|Armaldo, F|100\/100\n|turn|9\n|\n|t:|1700184099\n|switch|p2a: Palms Are Sweaty|Iron Hands|98\/100\n|move|p1a: Alive|Stone Edge|p2a: Palms Are Sweaty\n|-resisted|p2a: Palms Are Sweaty\n|-damage|p2a: Palms Are Sweaty|77\/100\n|-damage|p1a: Alive|91\/100|[from] item: Life Orb\n|\n|-weather|RainDance|[upkeep]\n|upkeep\n|turn|10\n|\n|t:|1700184113\n|switch|p1a: Drained Away|Jellicent, F|100\/100\n|move|p2a: Palms Are Sweaty|Fake Out|p1a: Drained Away\n|-immune|p1a: Drained Away\n|\n|-weather|RainDance|[upkeep]\n|upkeep\n|turn|11\n|\n|t:|1700184121\n|-terastallize|p1a: Drained Away|Grass\n|move|p1a: Drained Away|Shadow Ball|p2a: Palms Are Sweaty\n|-damage|p2a: Palms Are Sweaty|57\/100\n|move|p2a: Palms Are Sweaty|Wild Charge|p1a: Drained Away\n|-resisted|p1a: Drained Away\n|-damage|p1a: Drained Away|71\/100\n|-damage|p2a: Palms Are Sweaty|41\/100|[from] item: Rocky Helmet|[of] p1a: Drained Away\n|-damage|p2a: Palms Are Sweaty|35\/100|[from] Recoil\n|\n|-weather|RainDance|[upkeep]\n|upkeep\n|turn|12\n|\n|t:|1700184130\n|move|p1a: Drained Away|Shadow Ball|p2a: Palms Are Sweaty\n|-damage|p2a: Palms Are Sweaty|14\/100\n|move|p2a: Palms Are Sweaty|Ice Punch|p1a: Drained Away\n|-supereffective|p1a: Drained Away\n|-damage|p1a: Drained Away|1\/100\n|-damage|p2a: Palms Are Sweaty|0 fnt|[from] item: Rocky Helmet|[of] p1a: Drained Away\n|faint|p2a: Palms Are Sweaty\n|-end|p2a: Palms Are Sweaty|Quark Drive|[silent]\n|\n|-weather|RainDance|[upkeep]\n|upkeep\n|\n|t:|1700184137\n|switch|p2a: Cold Product|Ninetales-Alola, F|100\/100\n|-weather|Snow|[from] ability: Snow Warning|[of] p2a: Cold Product\n|turn|13\n|\n|t:|1700184148\n|move|p2a: Cold Product|Aurora Veil|p2a: Cold Product\n|-sidestart|p2: perh4ps|move: Aurora Veil\n|move|p1a: Drained Away|Surf|p2a: Cold Product\n|-damage|p2a: Cold Product|78\/100\n|\n|-weather|Snow|[upkeep]\n|upkeep\n|turn|14\n|\n|t:|1700184154\n|move|p2a: Cold Product|Nasty Plot|p2a: Cold Product\n|-boost|p2a: Cold Product|spa|2\n|move|p1a: Drained Away|Destiny Bond|p1a: Drained Away\n|-singlemove|p1a: Drained Away|Destiny Bond\n|\n|-weather|Snow|[upkeep]\n|upkeep\n|turn|15\n|\n|t:|1700184158\n|move|p2a: Cold Product|Nasty Plot|p2a: Cold Product\n|-boost|p2a: Cold Product|spa|2\n|move|p1a: Drained Away|Surf|p2a: Cold Product\n|-damage|p2a: Cold Product|53\/100\n|\n|-weather|Snow|[upkeep]\n|upkeep\n|turn|16\n|\n|t:|1700184161\n|move|p2a: Cold Product|Blizzard|p1a: Drained Away\n|-supereffective|p1a: Drained Away\n|-damage|p1a: Drained Away|0 fnt\n|faint|p1a: Drained Away\n|\n|-weather|Snow|[upkeep]\n|upkeep\n|\n|t:|1700184187\n|switch|p1a: From a Star|Starmie|100\/100\n|turn|17\n|\n|t:|1700184195\n|move|p1a: From a Star|Psyshock|p2a: Cold Product\n|-damage|p2a: Cold Product|36\/100\n|move|p2a: Cold Product|Blizzard|p1a: From a Star\n|-resisted|p1a: From a Star\n|-enditem|p1a: From a Star|Focus Sash\n|-damage|p1a: From a Star|1\/100\n|\n|-weather|none\n|upkeep\n|turn|18\n|\n|t:|1700184202\n|move|p1a: From a Star|Psyshock|p2a: Cold Product\n|-damage|p2a: Cold Product|10\/100\n|move|p2a: Cold Product|Tera Blast|p1a: From a Star\n|-damage|p1a: From a Star|0 fnt\n|faint|p1a: From a Star\n|\n|upkeep\n|\n|t:|1700184205\n|switch|p1a: Alive|Armaldo, F|91\/100\n|turn|19\n|\n|t:|1700184208\n|-terastallize|p2a: Cold Product|Water\n|move|p1a: Alive|Aqua Jet|p2a: Cold Product\n|-resisted|p2a: Cold Product\n|-damage|p2a: Cold Product|2\/100\n|-damage|p1a: Alive|81\/100|[from] item: Life Orb\n|move|p2a: Cold Product|Tera Blast|p1a: Alive|[anim] Tera Blast Water\n|-supereffective|p1a: Alive\n|-damage|p1a: Alive|0 fnt\n|faint|p1a: Alive\n|\n|upkeep\n|\n|t:|1700184215\n|switch|p1a: Mr. Moon|Umbreon, M|100\/100\n|turn|20\n|\n|t:|1700184218\n|move|p2a: Cold Product|Blizzard|p1a: Mr. Moon|[miss]\n|-miss|p2a: Cold Product|p1a: Mr. Moon\n|move|p1a: Mr. Moon|Dark Pulse|p2a: Cold Product\n|-damage|p2a: Cold Product|0 fnt\n|faint|p2a: Cold Product\n|\n|-sideend|p2: perh4ps|move: Aurora Veil\n|upkeep\n|\n|t:|1700184229\n|switch|p2a: Mom's Spaghetti|Tangrowth, F|100\/100\n|turn|21\n|\n|t:|1700184245\n|move|p1a: Mr. Moon|Dark Pulse|p2a: Mom's Spaghetti\n|-damage|p2a: Mom's Spaghetti|71\/100\n|move|p2a: Mom's Spaghetti|Sunny Day|p2a: Mom's Spaghetti\n|-weather|SunnyDay\n|\n|-weather|SunnyDay|[upkeep]\n|upkeep\n|turn|22\n|\n|t:|1700184252\n|move|p2a: Mom's Spaghetti|Solar Blade||[still]\n|-prepare|p2a: Mom's Spaghetti|Solar Blade\n|-anim|p2a: Mom's Spaghetti|Solar Blade|p1a: Mr. Moon\n|-damage|p1a: Mr. Moon|55\/100\n|move|p1a: Mr. Moon|Dark Pulse|p2a: Mom's Spaghetti\n|-damage|p2a: Mom's Spaghetti|41\/100\n|\n|-weather|SunnyDay|[upkeep]\n|upkeep\n|turn|23\n|\n|t:|1700184258\n|move|p2a: Mom's Spaghetti|Solar Blade||[still]\n|-prepare|p2a: Mom's Spaghetti|Solar Blade\n|-anim|p2a: Mom's Spaghetti|Solar Blade|p1a: Mr. Moon\n|-damage|p1a: Mr. Moon|10\/100\n|move|p1a: Mr. Moon|Dark Pulse|p2a: Mom's Spaghetti\n|-damage|p2a: Mom's Spaghetti|10\/100\n|\n|-weather|SunnyDay|[upkeep]\n|upkeep\n|turn|24\n|\n|t:|1700184262\n|move|p2a: Mom's Spaghetti|Solar Blade||[still]\n|-prepare|p2a: Mom's Spaghetti|Solar Blade\n|-anim|p2a: Mom's Spaghetti|Solar Blade|p1a: Mr. Moon\n|-damage|p1a: Mr. Moon|0 fnt\n|faint|p1a: Mr. Moon\n|\n|-weather|SunnyDay|[upkeep]\n|upkeep\n|\n|t:|1700184266\n|switch|p1a: Universe|Mew|84\/100\n|turn|25\n|\n|t:|1700184271\n|move|p2a: Mom's Spaghetti|Solar Blade||[still]\n|-prepare|p2a: Mom's Spaghetti|Solar Blade\n|-anim|p2a: Mom's Spaghetti|Solar Blade|p1a: Universe\n|-damage|p1a: Universe|20\/100\n|move|p1a: Universe|Psychic|p2a: Mom's Spaghetti\n|-damage|p2a: Mom's Spaghetti|0 fnt\n|faint|p2a: Mom's Spaghetti\n|\n|-weather|none\n|upkeep\n|\n|t:|1700184274\n|switch|p2a: One Shot|Armarouge, M|100\/100\n|turn|26\n|\n|t:|1700184281\n|move|p1a: Universe|Explosion|p2a: One Shot\n|-damage|p2a: One Shot|47\/100\n|faint|p1a: Universe\n|\n|win|perh4ps\n|l|\u2606SaffronSwd\n|l|\u2606perh4ps\n|j|\u2606perh4ps\n|player|p2|perh4ps|2\n","uploadtime":1700184298,"views":9,"p1id":"saffronswd","p2id":"perh4ps","formatid":"gen9nationaldex","rating":0,"private":0,"password":""}