{"id":"gen9nationaldex-1999226141","p1":"CoolFauz","p2":"yyylllpp","format":"[Gen 9] National Dex","log":"|html|<div class=\"broadcast-blue\"><strong>[Gen 9] National Dex is currently suspecting Sneasler! For information on how to participate check out the <a href=\"https:\/\/www.smogon.com\/forums\/threads\/sv-national-dex-suspect-8-just-dance.3731534\/\">suspect thread<\/a>.<\/strong><\/div>\n|j|\u2606CoolFauz\n|j|\u2606yyylllpp\n|t:|1701047792\n|gametype|singles\n|player|p1|CoolFauz|101|1108\n|player|p2|yyylllpp|102|1150\n|teamsize|p1|6\n|teamsize|p2|6\n|gen|9\n|tier|[Gen 9] National Dex\n|rated|\n|rule|HP Percentage Mod: HP is shown in percentages\n|rule|Endless Battle Clause: Forcing endless battles is banned\n|rule|OHKO Clause: OHKO moves are banned\n|rule|Evasion Clause: Evasion abilities, items, and moves are banned\n|rule|Evasion Abilities Clause: Evasion abilities are banned\n|rule|Evasion Items Clause: Evasion items are banned\n|rule|Evasion Moves Clause: Evasion moves are banned\n|rule|Species Clause: Limit one of each Pok\u00e9mon\n|rule|Sleep Clause Mod: Limit one foe put to sleep\n|clearpoke\n|poke|p1|Serperior, F|\n|poke|p1|Excadrill, F|\n|poke|p1|Toxapex, F|\n|poke|p1|Ogerpon, F|\n|poke|p1|Tapu Fini|\n|poke|p1|Lopunny, M|\n|poke|p2|Aggron, M|\n|poke|p2|Rillaboom, F|\n|poke|p2|Alomomola, F|\n|poke|p2|Slowking-Galar, F|\n|poke|p2|Swellow, F|\n|poke|p2|Mamoswine, M|\n|teampreview\n|\n|t:|1701047801\n|start\n|switch|p1a: Ogerpon|Ogerpon, F|100\/100\n|switch|p2a: \u53f9\u606f\u4e4b\u5899|Aggron, M|100\/100\n|turn|1\n|\n|t:|1701047808\n|detailschange|p2a: \u53f9\u606f\u4e4b\u5899|Aggron-Mega, M\n|-mega|p2a: \u53f9\u606f\u4e4b\u5899|Aggron|Aggronite\n|-terastallize|p1a: Ogerpon|Grass\n|detailschange|p1a: Ogerpon|Ogerpon-Teal-Tera, F, tera:Grass\n|-ability|p1a: Ogerpon|Embody Aspect (Teal)|boost\n|-boost|p1a: Ogerpon|spe|1\n|move|p1a: Ogerpon|Ivy Cudgel|p2a: \u53f9\u606f\u4e4b\u5899\n|-resisted|p2a: \u53f9\u606f\u4e4b\u5899\n|-damage|p2a: \u53f9\u606f\u4e4b\u5899|84\/100\n|-damage|p1a: Ogerpon|91\/100|[from] item: Life Orb\n|move|p2a: \u53f9\u606f\u4e4b\u5899|Stealth Rock|p1a: Ogerpon\n|-sidestart|p1: CoolFauz|move: Stealth Rock\n|\n|upkeep\n|turn|2\n|\n|t:|1701047822\n|move|p1a: Ogerpon|Stomping Tantrum|p2a: \u53f9\u606f\u4e4b\u5899\n|-supereffective|p2a: \u53f9\u606f\u4e4b\u5899\n|-damage|p2a: \u53f9\u606f\u4e4b\u5899|67\/100\n|-damage|p1a: Ogerpon|81\/100|[from] item: Life Orb\n|move|p2a: \u53f9\u606f\u4e4b\u5899|Body Press|p1a: Ogerpon\n|-damage|p1a: Ogerpon|16\/100\n|\n|upkeep\n|turn|3\n|\n|t:|1701047873\n|switch|p1a: aqua|Tapu Fini|100\/100\n|-damage|p1a: aqua|88\/100|[from] Stealth Rock\n|-fieldstart|move: Misty Terrain|[from] ability: Misty Surge|[of] p1a: aqua\n|move|p2a: \u53f9\u606f\u4e4b\u5899|Iron Defense|p2a: \u53f9\u606f\u4e4b\u5899\n|-boost|p2a: \u53f9\u606f\u4e4b\u5899|def|2\n|\n|-heal|p1a: aqua|94\/100|[from] item: Leftovers\n|upkeep\n|turn|4\n|\n|t:|1701047880\n|switch|p2a: \u90aa\u6076\u7334\u5b50|Rillaboom, F|100\/100\n|-fieldstart|move: Grassy Terrain|[from] ability: Grassy Surge|[of] p2a: \u90aa\u6076\u7334\u5b50\n|move|p1a: aqua|Nature's Madness|p2a: \u90aa\u6076\u7334\u5b50\n|-damage|p2a: \u90aa\u6076\u7334\u5b50|50\/100\n|\n|-heal|p2a: \u90aa\u6076\u7334\u5b50|57\/100|[from] Grassy Terrain\n|-heal|p1a: aqua|99\/100|[from] Grassy Terrain\n|-heal|p1a: aqua|100\/100|[from] item: Leftovers\n|upkeep\n|turn|5\n|\n|t:|1701047887\n|move|p2a: \u90aa\u6076\u7334\u5b50|Knock Off|p1a: aqua\n|-resisted|p1a: aqua\n|-damage|p1a: aqua|88\/100\n|-enditem|p1a: aqua|Leftovers|[from] move: Knock Off|[of] p2a: \u90aa\u6076\u7334\u5b50\n|move|p1a: aqua|Nature's Madness|p2a: \u90aa\u6076\u7334\u5b50\n|-damage|p2a: \u90aa\u6076\u7334\u5b50|29\/100\n|\n|-heal|p2a: \u90aa\u6076\u7334\u5b50|35\/100|[from] Grassy Terrain\n|-heal|p1a: aqua|94\/100|[from] Grassy Terrain\n|upkeep\n|turn|6\n|\n|t:|1701047894\n|move|p2a: \u90aa\u6076\u7334\u5b50|Grassy Glide|p1a: aqua\n|-supereffective|p1a: aqua\n|-damage|p1a: aqua|41\/100\n|move|p1a: aqua|Moonblast|p2a: \u90aa\u6076\u7334\u5b50\n|-damage|p2a: \u90aa\u6076\u7334\u5b50|9\/100\n|\n|-heal|p2a: \u90aa\u6076\u7334\u5b50|15\/100|[from] Grassy Terrain\n|-heal|p1a: aqua|48\/100|[from] Grassy Terrain\n|upkeep\n|turn|7\n|\n|t:|1701047910\n|switch|p1a: sylphvine|Serperior, F|100\/100\n|-damage|p1a: sylphvine|88\/100|[from] Stealth Rock\n|move|p2a: \u90aa\u6076\u7334\u5b50|Grassy Glide|p1a: sylphvine\n|-resisted|p1a: sylphvine\n|-damage|p1a: sylphvine|63\/100\n|\n|-heal|p1a: sylphvine|70\/100|[from] Grassy Terrain\n|-heal|p1a: sylphvine|76\/100|[from] item: Leftovers\n|-heal|p2a: \u90aa\u6076\u7334\u5b50|22\/100|[from] Grassy Terrain\n|upkeep\n|turn|8\n|\n|t:|1701047945\n|switch|p2a: \u5427\u4e3b\u4e01\u54e5|Slowking-Galar, F|100\/100\n|move|p1a: sylphvine|Hidden Power|p2a: \u5427\u4e3b\u4e01\u54e5\n|-damage|p2a: \u5427\u4e3b\u4e01\u54e5|92\/100\n|\n|-heal|p1a: sylphvine|82\/100|[from] Grassy Terrain\n|-heal|p1a: sylphvine|88\/100|[from] item: Leftovers\n|-heal|p2a: \u5427\u4e3b\u4e01\u54e5|98\/100|[from] Grassy Terrain\n|-fieldend|move: Grassy Terrain\n|upkeep\n|turn|9\n|\n|t:|1701047951\n|move|p1a: sylphvine|Leaf Storm|p2a: \u5427\u4e3b\u4e01\u54e5\n|-resisted|p2a: \u5427\u4e3b\u4e01\u54e5\n|-damage|p2a: \u5427\u4e3b\u4e01\u54e5|86\/100\n|-boost|p1a: sylphvine|spa|2\n|move|p2a: \u5427\u4e3b\u4e01\u54e5|Future Sight|p1a: sylphvine\n|-start|p2a: \u5427\u4e3b\u4e01\u54e5|move: Future Sight\n|\n|-heal|p1a: sylphvine|94\/100|[from] item: Leftovers\n|upkeep\n|turn|10\n|\n|t:|1701047982\n|move|p1a: sylphvine|Substitute|p1a: sylphvine\n|-start|p1a: sylphvine|Substitute\n|-damage|p1a: sylphvine|70\/100\n|move|p2a: \u5427\u4e3b\u4e01\u54e5|Sludge Bomb|p1a: sylphvine\n|-supereffective|p1a: sylphvine\n|-end|p1a: sylphvine|Substitute\n|\n|-heal|p1a: sylphvine|76\/100|[from] item: Leftovers\n|upkeep\n|turn|11\n|\n|t:|1701047994\n|move|p1a: sylphvine|Dragon Pulse|p2a: \u5427\u4e3b\u4e01\u54e5\n|-damage|p2a: \u5427\u4e3b\u4e01\u54e5|61\/100\n|move|p2a: \u5427\u4e3b\u4e01\u54e5|Sludge Bomb|p1a: sylphvine\n|-supereffective|p1a: sylphvine\n|-damage|p1a: sylphvine|0 fnt\n|faint|p1a: sylphvine\n|\n|-hint|Future Sight did not hit because the target is fainted.\n|upkeep\n|\n|t:|1701047999\n|switch|p1a: aqua|Tapu Fini|48\/100\n|-damage|p1a: aqua|35\/100|[from] Stealth Rock\n|-fieldstart|move: Misty Terrain|[from] ability: Misty Surge|[of] p1a: aqua\n|turn|12\n|\n|t:|1701048012\n|switch|p1a: toxatide|Toxapex, F|100\/100\n|-damage|p1a: toxatide|88\/100|[from] Stealth Rock\n|move|p2a: \u5427\u4e3b\u4e01\u54e5|Sludge Bomb|p1a: toxatide\n|-resisted|p1a: toxatide\n|-damage|p1a: toxatide|74\/100\n|\n|-heal|p1a: toxatide|80\/100|[from] item: Black Sludge\n|upkeep\n|turn|13\n|\n|t:|1701048021\n|move|p1a: toxatide|Scald|p2a: \u5427\u4e3b\u4e01\u54e5\n|-damage|p2a: \u5427\u4e3b\u4e01\u54e5|51\/100\n|-zpower|p2a: \u5427\u4e3b\u4e01\u54e5\n|move|p2a: \u5427\u4e3b\u4e01\u54e5|Shattered Psyche|p1a: toxatide|[zeffect]\n|-supereffective|p1a: toxatide\n|-damage|p1a: toxatide|0 fnt\n|faint|p1a: toxatide\n|\n|upkeep\n|\n|t:|1701048029\n|switch|p1a: slinger|Excadrill, F|100\/100\n|-damage|p1a: slinger|97\/100|[from] Stealth Rock\n|turn|14\n|\n|t:|1701048035\n|switch|p2a: \u90aa\u6076\u7334\u5b50|Rillaboom, F|22\/100\n|-fieldstart|move: Grassy Terrain|[from] ability: Grassy Surge|[of] p2a: \u90aa\u6076\u7334\u5b50\n|move|p1a: slinger|Earthquake|p2a: \u90aa\u6076\u7334\u5b50\n|-resisted|p2a: \u90aa\u6076\u7334\u5b50\n|-damage|p2a: \u90aa\u6076\u7334\u5b50|8\/100\n|\n|-heal|p1a: slinger|100\/100|[from] Grassy Terrain\n|-heal|p2a: \u90aa\u6076\u7334\u5b50|14\/100|[from] Grassy Terrain\n|upkeep\n|turn|15\n|\n|t:|1701048046\n|switch|p2a: \u53f9\u606f\u4e4b\u5899|Aggron-Mega, M|67\/100\n|move|p1a: slinger|Rapid Spin|p2a: \u53f9\u606f\u4e4b\u5899\n|-resisted|p2a: \u53f9\u606f\u4e4b\u5899\n|-damage|p2a: \u53f9\u606f\u4e4b\u5899|63\/100\n|-boost|p1a: slinger|spe|1\n|-sideend|p1: CoolFauz|Stealth Rock|[from] move: Rapid Spin|[of] p1a: slinger\n|\n|-heal|p2a: \u53f9\u606f\u4e4b\u5899|69\/100|[from] Grassy Terrain\n|upkeep\n|turn|16\n|\n|t:|1701048080\n|move|p1a: slinger|Earthquake|p2a: \u53f9\u606f\u4e4b\u5899\n|-supereffective|p2a: \u53f9\u606f\u4e4b\u5899\n|-damage|p2a: \u53f9\u606f\u4e4b\u5899|53\/100\n|move|p2a: \u53f9\u606f\u4e4b\u5899|Iron Defense|p2a: \u53f9\u606f\u4e4b\u5899\n|-boost|p2a: \u53f9\u606f\u4e4b\u5899|def|2\n|\n|-heal|p2a: \u53f9\u606f\u4e4b\u5899|59\/100|[from] Grassy Terrain\n|upkeep\n|turn|17\n|\n|t:|1701048085\n|move|p1a: slinger|Stealth Rock|p2a: \u53f9\u606f\u4e4b\u5899\n|-sidestart|p2: yyylllpp|move: Stealth Rock\n|move|p2a: \u53f9\u606f\u4e4b\u5899|Body Press|p1a: slinger\n|-supereffective|p1a: slinger\n|-enditem|p1a: slinger|Focus Sash\n|-damage|p1a: slinger|1\/100\n|\n|-heal|p1a: slinger|7\/100|[from] Grassy Terrain\n|-heal|p2a: \u53f9\u606f\u4e4b\u5899|65\/100|[from] Grassy Terrain\n|upkeep\n|turn|18\n|\n|t:|1701048103\n|move|p1a: slinger|Earthquake|p2a: \u53f9\u606f\u4e4b\u5899\n|-supereffective|p2a: \u53f9\u606f\u4e4b\u5899\n|-damage|p2a: \u53f9\u606f\u4e4b\u5899|57\/100\n|move|p2a: \u53f9\u606f\u4e4b\u5899|Heavy Slam|p1a: slinger\n|-resisted|p1a: slinger\n|-damage|p1a: slinger|0 fnt\n|faint|p1a: slinger\n|\n|-heal|p2a: \u53f9\u606f\u4e4b\u5899|63\/100|[from] Grassy Terrain\n|-fieldend|move: Grassy Terrain\n|upkeep\n|\n|t:|1701048110\n|switch|p1a: aqua|Tapu Fini|35\/100\n|-fieldstart|move: Misty Terrain|[from] ability: Misty Surge|[of] p1a: aqua\n|turn|19\n|\n|t:|1701048116\n|move|p1a: aqua|Nature's Madness|p2a: \u53f9\u606f\u4e4b\u5899\n|-damage|p2a: \u53f9\u606f\u4e4b\u5899|32\/100\n|move|p2a: \u53f9\u606f\u4e4b\u5899|Heavy Slam|p1a: aqua\n|-damage|p1a: aqua|0 fnt\n|faint|p1a: aqua\n|\n|upkeep\n|\n|t:|1701048123\n|switch|p1a: hopkick|Lopunny, M|100\/100\n|turn|20\n|\n|t:|1701048127\n|detailschange|p1a: hopkick|Lopunny-Mega, M\n|-mega|p1a: hopkick|Lopunny|Lopunnite\n|move|p1a: hopkick|High Jump Kick|p2a: \u53f9\u606f\u4e4b\u5899\n|-supereffective|p2a: \u53f9\u606f\u4e4b\u5899\n|-damage|p2a: \u53f9\u606f\u4e4b\u5899|12\/100\n|move|p2a: \u53f9\u606f\u4e4b\u5899|Body Press|p1a: hopkick\n|-supereffective|p1a: hopkick\n|-damage|p1a: hopkick|0 fnt\n|faint|p1a: hopkick\n|\n|upkeep\n|\n|t:|1701048132\n|switch|p1a: Ogerpon|Ogerpon-Teal-Tera, F, tera:Grass|16\/100\n|-ability|p1a: Ogerpon|Embody Aspect (Teal)|boost\n|-boost|p1a: Ogerpon|spe|1\n|turn|21\n|\n|t:|1701048142\n|move|p1a: Ogerpon|Stomping Tantrum|p2a: \u53f9\u606f\u4e4b\u5899\n|-supereffective|p2a: \u53f9\u606f\u4e4b\u5899\n|-damage|p2a: \u53f9\u606f\u4e4b\u5899|3\/100\n|-damage|p1a: Ogerpon|6\/100|[from] item: Life Orb\n|move|p2a: \u53f9\u606f\u4e4b\u5899|Body Press|p1a: Ogerpon\n|-damage|p1a: Ogerpon|0 fnt\n|faint|p1a: Ogerpon\n|\n|win|yyylllpp\n|raw|CoolFauz's rating: 1108 &rarr; <strong>1086<\/strong><br \/>(-22 for losing)\n|raw|yyylllpp's rating: 1150 &rarr; <strong>1172<\/strong><br \/>(+22 for winning)\n|c|\u2606CoolFauz|gg\n","uploadtime":1701048155,"views":1,"p1id":"coolfauz","p2id":"yyylllpp","formatid":"gen9nationaldex","rating":1086,"private":0,"password":""}