{"id":"gen9nationaldex-1987173626","p1":"GHollow","p2":"shawn lucario","format":"[Gen 9] National Dex","log":"|j|\u2606GHollow\n|j|\u2606shawn lucario\n|t:|1699562271\n|gametype|singles\n|player|p1|GHollow|shadowtriad|1086\n|player|p2|shawn lucario|cynthia-gen4|1033\n|teamsize|p1|6\n|teamsize|p2|6\n|gen|9\n|tier|[Gen 9] National Dex\n|rated|\n|rule|HP Percentage Mod: HP is shown in percentages\n|rule|Endless Battle Clause: Forcing endless battles is banned\n|rule|OHKO Clause: OHKO moves are banned\n|rule|Evasion Clause: Evasion abilities, items, and moves are banned\n|rule|Evasion Abilities Clause: Evasion abilities are banned\n|rule|Evasion Items Clause: Evasion items are banned\n|rule|Evasion Moves Clause: Evasion moves are banned\n|rule|Species Clause: Limit one of each Pok\u00e9mon\n|rule|Sleep Clause Mod: Limit one foe put to sleep\n|clearpoke\n|poke|p1|Staraptor, M|\n|poke|p1|Gliscor, M|\n|poke|p1|Aerodactyl, M|\n|poke|p1|Minior-Blue|\n|poke|p1|Corviknight, F|\n|poke|p1|Samurott-Hisui, M|\n|poke|p2|Charizard, F|\n|poke|p2|Greedent, M|\n|poke|p2|Lycanroc-Midnight, M|\n|poke|p2|Hydreigon, F|\n|poke|p2|Decidueye, F|\n|poke|p2|Arcanine, F|\n|teampreview\n|\n|t:|1699562283\n|start\n|switch|p1a: Samurott|Samurott-Hisui, M|100\/100\n|switch|p2a: Lycanroc|Lycanroc-Midnight, M|100\/100\n|turn|1\n|\n|t:|1699562295\n|-terastallize|p1a: Samurott|Flying\n|move|p1a: Samurott|Aerial Ace|p2a: Lycanroc\n|-resisted|p2a: Lycanroc\n|-damage|p2a: Lycanroc|72\/100\n|move|p2a: Lycanroc|Take Down|p1a: Samurott\n|-damage|p1a: Samurott|62\/100\n|-damage|p2a: Lycanroc|62\/100|[from] Recoil\n|\n|upkeep\n|turn|2\n|\n|t:|1699562310\n|switch|p1a: Aerodactyl|Aerodactyl, M|100\/100\n|move|p2a: Lycanroc|Take Down|p1a: Aerodactyl\n|-resisted|p1a: Aerodactyl\n|-damage|p1a: Aerodactyl|79\/100\n|-damage|p2a: Lycanroc|57\/100|[from] Recoil\n|\n|upkeep\n|turn|3\n|\n|t:|1699562323\n|detailschange|p1a: Aerodactyl|Aerodactyl-Mega, M\n|-mega|p1a: Aerodactyl|Aerodactyl|Aerodactylite\n|-singleturn|p2a: Lycanroc|move: Focus Punch\n|move|p1a: Aerodactyl|Earthquake|p2a: Lycanroc\n|-supereffective|p2a: Lycanroc\n|-damage|p2a: Lycanroc|0 fnt\n|faint|p2a: Lycanroc\n|\n|upkeep\n|\n|t:|1699562335\n|switch|p2a: Charizard|Charizard, F|100\/100\n|turn|4\n|\n|t:|1699562341\n|detailschange|p2a: Charizard|Charizard-Mega-X, F\n|-mega|p2a: Charizard|Charizard|Charizardite X\n|move|p1a: Aerodactyl|Stone Edge|p2a: Charizard\n|-supereffective|p2a: Charizard\n|-crit|p2a: Charizard\n|-damage|p2a: Charizard|0 fnt\n|faint|p2a: Charizard\n|\n|upkeep\n|inactive|Battle timer is ON: inactive players will automatically lose when time's up. (requested by GHollow)\n|\n|t:|1699562369\n|switch|p2a: Hydreigon|Hydreigon, F|100\/100\n|turn|5\n|\n|t:|1699562373\n|move|p1a: Aerodactyl|Dragon Claw|p2a: Hydreigon\n|-supereffective|p2a: Hydreigon\n|-damage|p2a: Hydreigon|28\/100\n|move|p2a: Hydreigon|Signal Beam|p1a: Aerodactyl\n|-resisted|p1a: Aerodactyl\n|-damage|p1a: Aerodactyl|66\/100\n|\n|upkeep\n|turn|6\n|\n|t:|1699562387\n|move|p1a: Aerodactyl|Dragon Claw|p2a: Hydreigon\n|-supereffective|p2a: Hydreigon\n|-damage|p2a: Hydreigon|0 fnt\n|faint|p2a: Hydreigon\n|\n|upkeep\n|\n|t:|1699562395\n|switch|p2a: Arcanine|Arcanine, F|100\/100\n|-ability|p2a: Arcanine|Intimidate|boost\n|-unboost|p1a: Aerodactyl|atk|1\n|turn|7\n|\n|t:|1699562400\n|switch|p1a: Samurott|Samurott-Hisui, M, tera:Flying|62\/100\n|move|p2a: Arcanine|Psychic Fangs|p1a: Samurott\n|-damage|p1a: Samurott|30\/100\n|\n|upkeep\n|turn|8\n|\n|t:|1699562410\n|move|p1a: Samurott|Razor Shell|p2a: Arcanine\n|-supereffective|p2a: Arcanine\n|-damage|p2a: Arcanine|0 fnt\n|faint|p2a: Arcanine\n|\n|upkeep\n|\n|t:|1699562419\n|switch|p2a: Decidueye|Decidueye, F|100\/100\n|turn|9\n|\n|t:|1699562424\n|switch|p1a: Staraptor|Staraptor, M|100\/100\n|move|p2a: Decidueye|Brave Bird|p1a: Staraptor\n|-damage|p1a: Staraptor|50\/100\n|-damage|p2a: Decidueye|85\/100|[from] Recoil\n|\n|upkeep\n|turn|10\n|\n|t:|1699562431\n|move|p1a: Staraptor|Brave Bird|p2a: Decidueye\n|-supereffective|p2a: Decidueye\n|-damage|p2a: Decidueye|0 fnt\n|faint|p2a: Decidueye\n|-damage|p1a: Staraptor|20\/100|[from] Recoil\n|\n|upkeep\n|\n|t:|1699562445\n|switch|p2a: Greedent|Greedent, M|100\/100\n|turn|11\n|\n|t:|1699562452\n|-terastallize|p2a: Greedent|Normal\n|move|p1a: Staraptor|Brave Bird|p2a: Greedent\n|-damage|p2a: Greedent|43\/100\n|-damage|p1a: Staraptor|0 fnt|[from] Recoil\n|faint|p1a: Staraptor\n|move|p2a: Greedent|Bullet Seed|p1: Staraptor|[notarget]\n|-fail|p2a: Greedent\n|\n|upkeep\n|\n|t:|1699562460\n|switch|p1a: Samurott|Samurott-Hisui, M, tera:Flying|30\/100\n|turn|12\n|\n|t:|1699562469\n|move|p1a: Samurott|Sacred Sword|p2a: Greedent\n|-supereffective|p2a: Greedent\n|-damage|p2a: Greedent|0 fnt\n|faint|p2a: Greedent\n|\n|win|GHollow\n|raw|GHollow's rating: 1086 &rarr; <strong>1109<\/strong><br \/>(+23 for winning)\n|raw|shawn lucario's rating: 1033 &rarr; <strong>1020<\/strong><br \/>(-13 for losing)\n|l|\u2606shawn lucario\n","uploadtime":1699562478,"views":4,"p1id":"ghollow","p2id":"shawnlucario","formatid":"gen9nationaldex","rating":1020,"private":0,"password":""}