{"id":"gen9nationaldex-1989935247","p1":"Hallorenzo","p2":"king d1","format":"[Gen 9] National Dex","log":"|j|\u2606Hallorenzo\n|j|\u2606king d1\n|t:|1699908117\n|gametype|singles\n|player|p1|Hallorenzo|harlequin|1286\n|player|p2|king d1|red|1285\n|teamsize|p1|6\n|teamsize|p2|6\n|gen|9\n|tier|[Gen 9] National Dex\n|rated|\n|rule|HP Percentage Mod: HP is shown in percentages\n|rule|Endless Battle Clause: Forcing endless battles is banned\n|rule|OHKO Clause: OHKO moves are banned\n|rule|Evasion Clause: Evasion abilities, items, and moves are banned\n|rule|Evasion Abilities Clause: Evasion abilities are banned\n|rule|Evasion Items Clause: Evasion items are banned\n|rule|Evasion Moves Clause: Evasion moves are banned\n|rule|Species Clause: Limit one of each Pok\u00e9mon\n|rule|Sleep Clause Mod: Limit one foe put to sleep\n|clearpoke\n|poke|p1|Kecleon, M|\n|poke|p1|Politoed, M|\n|poke|p1|Scyther, F|\n|poke|p1|Sceptile, M|\n|poke|p1|Sirfetch\u2019d, F|\n|poke|p1|Tyranitar, M|\n|poke|p2|Ribombee, M|\n|poke|p2|Jirachi|\n|poke|p2|Xurkitree|\n|poke|p2|Great Tusk|\n|poke|p2|Volcarona, M|\n|poke|p2|Pinsir, M|\n|teampreview\n|inactive|Battle timer is ON: inactive players will automatically lose when time's up. (requested by king d1)\n|\n|t:|1699908123\n|start\n|switch|p1a: Khazi XD|Scyther, F|100\/100\n|switch|p2a: Ribombee|Ribombee, M|100\/100\n|turn|1\n|\n|t:|1699908135\n|switch|p2a: Jirachi|Jirachi, shiny|100\/100\n|move|p1a: Khazi XD|Dual Wingbeat|p2a: Jirachi\n|-resisted|p2a: Jirachi\n|-damage|p2a: Jirachi|88\/100\n|-resisted|p2a: Jirachi\n|-damage|p2a: Jirachi|76\/100\n|-hitcount|p2a: Jirachi|2\n|\n|-heal|p2a: Jirachi|82\/100|[from] item: Leftovers\n|upkeep\n|turn|2\n|\n|t:|1699908147\n|move|p1a: Khazi XD|U-turn|p2a: Jirachi\n|-damage|p2a: Jirachi|52\/100\n|\n|t:|1699908166\n|switch|p1a: Kek|Kecleon, M, shiny|100\/100|[from] U-turn\n|move|p2a: Jirachi|Calm Mind|p2a: Jirachi\n|-boost|p2a: Jirachi|spa|1\n|-boost|p2a: Jirachi|spd|1\n|\n|-heal|p2a: Jirachi|58\/100|[from] item: Leftovers\n|upkeep\n|turn|3\n|\n|t:|1699908184\n|move|p1a: Kek|Fake Out|p2a: Jirachi\n|-resisted|p2a: Jirachi\n|-damage|p2a: Jirachi|48\/100\n|-damage|p1a: Kek|91\/100|[from] item: Life Orb\n|cant|p2a: Jirachi|flinch\n|\n|-heal|p2a: Jirachi|54\/100|[from] item: Leftovers\n|upkeep\n|turn|4\n|\n|t:|1699908193\n|move|p2a: Jirachi|Flash Cannon|p1a: Kek\n|-damage|p1a: Kek|39\/100\n|move|p1a: Kek|Knock Off|p2a: Jirachi\n|-start|p1a: Kek|typechange|Dark|[from] ability: Protean\n|-supereffective|p2a: Jirachi\n|-damage|p2a: Jirachi|0 fnt\n|-enditem|p2a: Jirachi|Leftovers|[from] move: Knock Off|[of] p1a: Kek\n|faint|p2a: Jirachi\n|-damage|p1a: Kek|29\/100|[from] item: Life Orb\n|\n|upkeep\n|\n|t:|1699908201\n|switch|p2a: Ribombee|Ribombee, M|100\/100\n|turn|5\n|\n|t:|1699908210\n|switch|p1a: Darude|Tyranitar, M|100\/100\n|-weather|Sandstorm|[from] ability: Sand Stream|[of] p1a: Darude\n|move|p2a: Ribombee|Stun Spore|p1a: Darude\n|-status|p1a: Darude|par\n|\n|-weather|Sandstorm|[upkeep]\n|-damage|p2a: Ribombee|94\/100|[from] Sandstorm\n|upkeep\n|turn|6\n|\n|t:|1699908222\n|move|p2a: Ribombee|Sticky Web|p1a: Darude\n|-sidestart|p1: Hallorenzo|move: Sticky Web\n|cant|p1a: Darude|par\n|\n|-weather|Sandstorm|[upkeep]\n|-damage|p2a: Ribombee|88\/100|[from] Sandstorm\n|upkeep\n|turn|7\n|\n|t:|1699908229\n|move|p2a: Ribombee|Moonblast|p1a: Darude\n|-supereffective|p1a: Darude\n|-damage|p1a: Darude|69\/100 par\n|move|p1a: Darude|Ancient Power|p2a: Ribombee\n|-supereffective|p2a: Ribombee\n|-damage|p2a: Ribombee|0 fnt\n|faint|p2a: Ribombee\n|\n|-weather|Sandstorm|[upkeep]\n|upkeep\n|\n|t:|1699908233\n|switch|p2a: Volcarona|Volcarona, M|100\/100\n|turn|8\n|\n|t:|1699908241\n|-terastallize|p2a: Volcarona|Grass\n|move|p2a: Volcarona|Quiver Dance|p2a: Volcarona\n|-boost|p2a: Volcarona|spa|1\n|-boost|p2a: Volcarona|spd|1\n|-boost|p2a: Volcarona|spe|1\n|move|p1a: Darude|Ancient Power|p2a: Volcarona\n|-damage|p2a: Volcarona|80\/100\n|\n|-weather|Sandstorm|[upkeep]\n|-damage|p2a: Volcarona|74\/100|[from] Sandstorm\n|-heal|p2a: Volcarona|80\/100|[from] item: Leftovers\n|upkeep\n|turn|9\n|\n|t:|1699908254\n|move|p2a: Volcarona|Giga Drain|p1a: Darude\n|-supereffective|p1a: Darude\n|-damage|p1a: Darude|17\/100 par\n|-heal|p2a: Volcarona|100\/100|[from] drain|[of] p1a: Darude\n|cant|p1a: Darude|par\n|\n|-weather|none\n|upkeep\n|turn|10\n|\n|t:|1699908264\n|move|p2a: Volcarona|Quiver Dance|p2a: Volcarona\n|-boost|p2a: Volcarona|spa|1\n|-boost|p2a: Volcarona|spd|1\n|-boost|p2a: Volcarona|spe|1\n|move|p1a: Darude|Ice Beam|p2a: Volcarona\n|-supereffective|p2a: Volcarona\n|-damage|p2a: Volcarona|69\/100\n|\n|-heal|p2a: Volcarona|75\/100|[from] item: Leftovers\n|upkeep\n|turn|11\n|\n|t:|1699908276\n|move|p2a: Volcarona|Giga Drain|p1a: Darude\n|-supereffective|p1a: Darude\n|-damage|p1a: Darude|0 fnt\n|-heal|p2a: Volcarona|86\/100|[from] drain|[of] p1a: Darude\n|faint|p1a: Darude\n|\n|-heal|p2a: Volcarona|92\/100|[from] item: Leftovers\n|upkeep\n|\n|t:|1699908284\n|switch|p1a: Kek|Kecleon, M, shiny|29\/100\n|-activate|p1a: Kek|move: Sticky Web\n|-unboost|p1a: Kek|spe|1\n|turn|12\n|\n|t:|1699908291\n|move|p1a: Kek|Fake Out|p2a: Volcarona\n|-damage|p2a: Volcarona|57\/100\n|-damage|p1a: Kek|19\/100|[from] item: Life Orb\n|cant|p2a: Volcarona|flinch\n|\n|-heal|p2a: Volcarona|63\/100|[from] item: Leftovers\n|upkeep\n|turn|13\n|\n|t:|1699908300\n|move|p1a: Kek|Sucker Punch|p2a: Volcarona\n|-start|p1a: Kek|typechange|Dark|[from] ability: Protean\n|-damage|p2a: Volcarona|4\/100\n|-damage|p1a: Kek|9\/100|[from] item: Life Orb\n|move|p2a: Volcarona|Giga Drain|p1a: Kek\n|-damage|p1a: Kek|0 fnt\n|-heal|p2a: Volcarona|9\/100|[from] drain|[of] p1a: Kek\n|faint|p1a: Kek\n|\n|-heal|p2a: Volcarona|15\/100|[from] item: Leftovers\n|upkeep\n|\n|t:|1699908314\n|switch|p1a: Lesch|Sirfetch\u2019d, F|100\/100\n|-activate|p1a: Lesch|move: Sticky Web\n|-unboost|p1a: Lesch|spe|1\n|turn|14\n|\n|t:|1699908319\n|move|p1a: Lesch|First Impression|p2a: Volcarona\n|-supereffective|p2a: Volcarona\n|-damage|p2a: Volcarona|0 fnt\n|faint|p2a: Volcarona\n|\n|upkeep\n|\n|t:|1699908325\n|switch|p2a: Pinsir|Pinsir, M|100\/100\n|turn|15\n|\n|t:|1699908332\n|switch|p1a: Khazi XD|Scyther, F|100\/100\n|detailschange|p2a: Pinsir|Pinsir-Mega, M\n|-mega|p2a: Pinsir|Pinsir|Pinsirite\n|move|p2a: Pinsir|Swords Dance|p2a: Pinsir\n|-boost|p2a: Pinsir|atk|2\n|\n|upkeep\n|turn|16\n|\n|t:|1699908342\n|move|p2a: Pinsir|Quick Attack|p1a: Khazi XD\n|-supereffective|p1a: Khazi XD\n|-damage|p1a: Khazi XD|0 fnt\n|faint|p1a: Khazi XD\n|\n|upkeep\n|\n|t:|1699908350\n|switch|p1a: Ani|Politoed, M|100\/100\n|-activate|p1a: Ani|move: Sticky Web\n|-unboost|p1a: Ani|spe|1\n|turn|17\n|\n|t:|1699908374\n|move|p2a: Pinsir|Return|p1a: Ani\n|-damage|p1a: Ani|0 fnt\n|faint|p1a: Ani\n|\n|upkeep\n|\n|t:|1699908382\n|switch|p1a: Treerex|Sceptile, M|100\/100\n|-activate|p1a: Treerex|move: Sticky Web\n|-unboost|p1a: Treerex|spe|1\n|turn|18\n|l|\u2606king d1\n|inactive|king d1 disconnected and has a minute to reconnect!\n|player|p2|\n|j|\u2606king d1\n|inactive|king d1 reconnected and has 140 seconds left.\n|player|p2|king d1|red\n|\n|t:|1699908393\n|detailschange|p1a: Treerex|Sceptile-Mega, M\n|-mega|p1a: Treerex|Sceptile|Sceptilite\n|move|p2a: Pinsir|Return|p1a: Treerex\n|-supereffective|p1a: Treerex\n|-damage|p1a: Treerex|0 fnt\n|faint|p1a: Treerex\n|\n|upkeep\n|\n|t:|1699908400\n|switch|p1a: Lesch|Sirfetch\u2019d, F|100\/100\n|-activate|p1a: Lesch|move: Sticky Web\n|-unboost|p1a: Lesch|spe|1\n|turn|19\n|\n|t:|1699908407\n|move|p2a: Pinsir|Quick Attack|p1a: Lesch\n|-supereffective|p1a: Lesch\n|-damage|p1a: Lesch|0 fnt\n|faint|p1a: Lesch\n|\n|win|king d1\n|raw|Hallorenzo's rating: 1286 &rarr; <strong>1261<\/strong><br \/>(-25 for losing)\n|raw|king d1's rating: 1285 &rarr; <strong>1310<\/strong><br \/>(+25 for winning)\n","uploadtime":1699908411,"views":8,"p1id":"hallorenzo","p2id":"kingd1","formatid":"gen9nationaldex","rating":1261,"private":0,"password":""}