{"id":"gen9nationaldex-1998718115","p1":"U8V3","p2":"PjotaKetchum","format":"[Gen 9] National Dex","log":"|html|<div class=\"broadcast-blue\"><strong>[Gen 9] National Dex is currently suspecting Sneasler! For information on how to participate check out the <a href=\"https:\/\/www.smogon.com\/forums\/threads\/sv-national-dex-suspect-8-just-dance.3731534\/\">suspect thread<\/a>.<\/strong><\/div>\n|j|\u2606U8V3\n|j|\u2606PjotaKetchum\n|t:|1700977261\n|gametype|singles\n|player|p1|U8V3|rood|1058\n|player|p2|PjotaKetchum|veteran|1015\n|teamsize|p1|6\n|teamsize|p2|6\n|gen|9\n|tier|[Gen 9] National Dex\n|rated|\n|rule|HP Percentage Mod: HP is shown in percentages\n|rule|Endless Battle Clause: Forcing endless battles is banned\n|rule|OHKO Clause: OHKO moves are banned\n|rule|Evasion Clause: Evasion abilities, items, and moves are banned\n|rule|Evasion Abilities Clause: Evasion abilities are banned\n|rule|Evasion Items Clause: Evasion items are banned\n|rule|Evasion Moves Clause: Evasion moves are banned\n|rule|Species Clause: Limit one of each Pok\u00e9mon\n|rule|Sleep Clause Mod: Limit one foe put to sleep\n|clearpoke\n|poke|p1|Delphox, M|\n|poke|p1|Absol, M|\n|poke|p1|Hariyama, M|\n|poke|p1|Floatzel, M|\n|poke|p1|Empoleon, F|\n|poke|p1|Tangrowth, F|\n|poke|p2|Raticate, M|\n|poke|p2|Gengar, M|\n|poke|p2|Zapdos|\n|poke|p2|Dugtrio, F|\n|poke|p2|Heatran, F|\n|poke|p2|Zoroark, F|\n|teampreview\n|\n|t:|1700977287\n|start\n|switch|p1a: giggleboy09|Hariyama, M|100\/100\n|switch|p2a: Raticate|Raticate, M|100\/100\n|turn|1\n|\n|t:|1700977303\n|move|p1a: giggleboy09|Fake Out|p2a: Raticate\n|-damage|p2a: Raticate|70\/100\n|cant|p2a: Raticate|flinch\n|\n|-status|p1a: giggleboy09|brn|[from] item: Flame Orb\n|upkeep\n|turn|2\n|\n|t:|1700977314\n|move|p2a: Raticate|Endeavor|p1a: giggleboy09\n|-damage|p1a: giggleboy09|36\/100 brn\n|move|p1a: giggleboy09|Facade|p2a: Raticate\n|-damage|p2a: Raticate|0 fnt\n|faint|p2a: Raticate\n|\n|-damage|p1a: giggleboy09|30\/100 brn|[from] brn\n|upkeep\n|\n|t:|1700977334\n|switch|p2a: Dugtrio|Dugtrio, F|100\/100\n|turn|3\n|\n|t:|1700977356\n|switch|p1a: im FAT im FAT im F|Tangrowth, F|100\/100\n|move|p2a: Dugtrio|Swords Dance|p2a: Dugtrio\n|-boost|p2a: Dugtrio|atk|2\n|\n|upkeep\n|turn|4\n|inactive|Battle timer is ON: inactive players will automatically lose when time's up. (requested by PjotaKetchum)\n|\n|t:|1700977367\n|move|p2a: Dugtrio|Shadow Claw|p1a: im FAT im FAT im F\n|-damage|p1a: im FAT im FAT im F|73\/100\n|move|p1a: im FAT im FAT im F|Sleep Powder|p2a: Dugtrio\n|-status|p2a: Dugtrio|slp|[from] move: Sleep Powder\n|\n|upkeep\n|turn|5\n|\n|t:|1700977376\n|switch|p2a: Gengar|Gengar, M|100\/100\n|move|p1a: im FAT im FAT im F|Leech Seed|p2a: Gengar\n|-start|p2a: Gengar|move: Leech Seed\n|\n|-damage|p2a: Gengar|88\/100|[from] Leech Seed|[of] p1a: im FAT im FAT im F\n|-heal|p1a: im FAT im FAT im F|81\/100|[silent]\n|upkeep\n|turn|6\n|\n|t:|1700977390\n|switch|p1a: jamiroquai|Empoleon, F|100\/100\n|move|p2a: Gengar|Hypnosis|p1a: jamiroquai\n|-status|p1a: jamiroquai|slp|[from] move: Hypnosis\n|\n|-damage|p2a: Gengar|76\/100|[from] Leech Seed|[of] p1a: jamiroquai\n|upkeep\n|turn|7\n|\n|t:|1700977412\n|switch|p2a: Zapdos|Zapdos|100\/100\n|-ability|p2a: Zapdos|Pressure\n|cant|p1a: jamiroquai|slp\n|\n|upkeep\n|turn|8\n|\n|t:|1700977436\n|switch|p1a: giggleboy09|Hariyama, M|30\/100 brn\n|move|p2a: Zapdos|Thunder|p1a: giggleboy09\n|-damage|p1a: giggleboy09|0 fnt\n|faint|p1a: giggleboy09\n|\n|upkeep\n|inactive|U8V3 has 120 seconds left.\n|inactive|U8V3 has 90 seconds left.\n|\n|t:|1700977505\n|switch|p1a: sonny john enward|Absol, M|100\/100\n|-ability|p1a: sonny john enward|Pressure\n|turn|9\n|\n|t:|1700977516\n|detailschange|p1a: sonny john enward|Absol-Mega, M\n|-mega|p1a: sonny john enward|Absol|Absolite\n|move|p1a: sonny john enward|Knock Off|p2a: Zapdos\n|-damage|p2a: Zapdos|41\/100\n|-enditem|p2a: Zapdos|Leftovers|[from] move: Knock Off|[of] p1a: sonny john enward\n|move|p2a: Zapdos|Thunder|p1a: sonny john enward\n|-damage|p1a: sonny john enward|7\/100\n|\n|upkeep\n|turn|10\n|inactive|U8V3 has 60 seconds left.\n|\n|t:|1700977544\n|switch|p2a: Dugtrio|Dugtrio, F|100\/100 slp\n|move|p1a: sonny john enward|Play Rough|p2a: Dugtrio\n|-supereffective|p2a: Dugtrio\n|-enditem|p2a: Dugtrio|Focus Sash\n|-damage|p2a: Dugtrio|1\/100 slp\n|replace|p2a: Zoroark|Zoroark, F\n|-end|p2a: Zoroark|Illusion\n|\n|upkeep\n|turn|11\n|inactive|U8V3 has 60 seconds left.\n|\n|t:|1700977566\n|cant|p2a: Zoroark|slp\n|move|p1a: sonny john enward|Knock Off|p2a: Zoroark\n|-resisted|p2a: Zoroark\n|-damage|p2a: Zoroark|0 fnt\n|faint|p2a: Zoroark\n|\n|upkeep\n|inactive|PjotaKetchum has 120 seconds left.\n|\n|t:|1700977577\n|switch|p2a: Dugtrio|Dugtrio, F|100\/100\n|turn|12\n|\n|t:|1700977583\n|move|p1a: sonny john enward|Sucker Punch|p2a: Dugtrio\n|-enditem|p2a: Dugtrio|Focus Sash\n|-damage|p2a: Dugtrio|1\/100\n|move|p2a: Dugtrio|Earthquake|p1a: sonny john enward\n|-damage|p1a: sonny john enward|0 fnt\n|faint|p1a: sonny john enward\n|\n|upkeep\n|inactive|U8V3 has 60 seconds left.\n|\n|t:|1700977604\n|switch|p1a: im FAT im FAT im F|Tangrowth, F|100\/100\n|turn|13\n|\n|t:|1700977613\n|move|p2a: Dugtrio|Memento|p1a: im FAT im FAT im F\n|-unboost|p1a: im FAT im FAT im F|atk|2\n|-unboost|p1a: im FAT im FAT im F|spa|2\n|faint|p2a: Dugtrio\n|move|p1a: im FAT im FAT im F|Hidden Power|p2: Dugtrio|[notarget]\n|-fail|p1a: im FAT im FAT im F\n|\n|upkeep\n|\n|t:|1700977620\n|switch|p2a: Heatran|Heatran, F|100\/100\n|-item|p2a: Heatran|Air Balloon\n|turn|14\n|inactive|U8V3 has 60 seconds left.\n|\n|t:|1700977632\n|move|p2a: Heatran|Magma Storm|p1a: im FAT im FAT im F|[miss]\n|-miss|p2a: Heatran|p1a: im FAT im FAT im F\n|move|p1a: im FAT im FAT im F|Sleep Powder|p2a: Heatran\n|-status|p2a: Heatran|slp|[from] move: Sleep Powder\n|\n|upkeep\n|turn|15\n|inactive|U8V3 has 60 seconds left.\n|\n|t:|1700977643\n|switch|p1a: hippo shitting gif|Floatzel, M|100\/100\n|cant|p2a: Heatran|slp\n|\n|upkeep\n|turn|16\n|inactive|U8V3 has 60 seconds left.\n|\n|t:|1700977654\n|switch|p2a: Zapdos|Zapdos|41\/100\n|-ability|p2a: Zapdos|Pressure\n|-terastallize|p1a: hippo shitting gif|Water\n|move|p1a: hippo shitting gif|Wave Crash|p2a: Zapdos\n|-damage|p2a: Zapdos|0 fnt\n|faint|p2a: Zapdos\n|-damage|p1a: hippo shitting gif|84\/100|[from] Recoil\n|\n|upkeep\n|\n|t:|1700977668\n|switch|p2a: Heatran|Heatran, F|100\/100 slp\n|-item|p2a: Heatran|Air Balloon\n|turn|17\n|\n|t:|1700977675\n|cant|p2a: Heatran|slp\n|move|p1a: hippo shitting gif|Wave Crash|p2a: Heatran\n|-supereffective|p2a: Heatran\n|-damage|p2a: Heatran|0 fnt\n|-enditem|p2a: Heatran|Air Balloon\n|faint|p2a: Heatran\n|-damage|p1a: hippo shitting gif|50\/100|[from] Recoil\n|\n|upkeep\n|\n|t:|1700977686\n|switch|p2a: Gengar|Gengar, M|76\/100\n|turn|18\n|\n|t:|1700977691\n|move|p1a: hippo shitting gif|Wave Crash|p2a: Gengar\n|-damage|p2a: Gengar|0 fnt\n|faint|p2a: Gengar\n|-damage|p1a: hippo shitting gif|29\/100|[from] Recoil\n|\n|win|U8V3\n|raw|U8V3's rating: 1058 &rarr; <strong>1085<\/strong><br \/>(+27 for winning)\n|raw|PjotaKetchum's rating: 1015 &rarr; <strong>1004<\/strong><br \/>(-11 for losing)\n|l|\u2606PjotaKetchum\n","uploadtime":1700977704,"views":13,"p1id":"u8v3","p2id":"pjotaketchum","formatid":"gen9nationaldex","rating":1004,"private":0,"password":""}