{"id":"gen9nationaldex-1996971432","p1":"shengye121","p2":"ooj2","format":"[Gen 9] National Dex","log":"|html|<div class=\"broadcast-blue\"><strong>[Gen 9] National Dex is currently suspecting Sneasler! For information on how to participate check out the <a href=\"https:\/\/www.smogon.com\/forums\/threads\/sv-national-dex-suspect-8-just-dance.3731534\/\">suspect thread<\/a>.<\/strong><\/div>\n|j|\u2606shengye121\n|j|\u2606ooj2\n|t:|1700751124\n|gametype|singles\n|player|p1|shengye121|169|1417\n|player|p2|ooj2|psychicf-gen4|1522\n|teamsize|p1|6\n|teamsize|p2|6\n|gen|9\n|tier|[Gen 9] National Dex\n|rated|\n|rule|HP Percentage Mod: HP is shown in percentages\n|rule|Endless Battle Clause: Forcing endless battles is banned\n|rule|OHKO Clause: OHKO moves are banned\n|rule|Evasion Clause: Evasion abilities, items, and moves are banned\n|rule|Evasion Abilities Clause: Evasion abilities are banned\n|rule|Evasion Items Clause: Evasion items are banned\n|rule|Evasion Moves Clause: Evasion moves are banned\n|rule|Species Clause: Limit one of each Pok\u00e9mon\n|rule|Sleep Clause Mod: Limit one foe put to sleep\n|clearpoke\n|poke|p1|Hatterene, F|\n|poke|p1|Cresselia, F|\n|poke|p1|Porygon2|\n|poke|p1|Ursaluna, F|\n|poke|p1|Marowak-Alola, F|\n|poke|p1|Mawile, M|\n|poke|p2|Charizard, F|\n|poke|p2|Great Tusk|\n|poke|p2|Hatterene, F|\n|poke|p2|Dragonite, M|\n|poke|p2|Sneasler, F|\n|poke|p2|Corviknight, F|\n|teampreview\n|inactive|Battle timer is ON: inactive players will automatically lose when time's up. (requested by ooj2)\n|inactive|ooj2 has 120 seconds left.\n|\n|t:|1700751163\n|start\n|switch|p1a: Hatterene|Hatterene, F|100\/100\n|switch|p2a: Sneasler|Sneasler, F|100\/100\n|turn|1\n|\n|t:|1700751171\n|move|p2a: Sneasler|Dire Claw|p1a: Hatterene\n|-supereffective|p1a: Hatterene\n|-damage|p1a: Hatterene|9\/100\n|-status|p1a: Hatterene|psn|[from] ability: Poison Touch|[of] p2a: Sneasler\n|move|p1a: Hatterene|Trick Room|p1a: Hatterene\n|-fieldstart|move: Trick Room|[of] p1a: Hatterene\n|\n|-damage|p1a: Hatterene|0 fnt|[from] psn\n|faint|p1a: Hatterene\n|upkeep\n|\n|t:|1700751201\n|switch|p1a: Ursaluna|Ursaluna, F|100\/100\n|turn|2\n|\n|t:|1700751209\n|move|p1a: Ursaluna|Swords Dance|p1a: Ursaluna\n|-boost|p1a: Ursaluna|atk|2\n|move|p2a: Sneasler|Dire Claw|p1a: Ursaluna\n|-resisted|p1a: Ursaluna\n|-damage|p1a: Ursaluna|85\/100\n|-status|p1a: Ursaluna|psn\n|\n|-damage|p1a: Ursaluna|72\/100 psn|[from] psn\n|upkeep\n|turn|3\n|\n|t:|1700751225\n|switch|p2a: Taxi Driver|Corviknight, F|100\/100\n|-ability|p2a: Taxi Driver|Pressure\n|move|p1a: Ursaluna|Earthquake|p2a: Taxi Driver\n|-immune|p2a: Taxi Driver\n|\n|-damage|p1a: Ursaluna|60\/100 psn|[from] psn\n|upkeep\n|turn|4\n|\n|t:|1700751230\n|-terastallize|p1a: Ursaluna|Normal\n|move|p1a: Ursaluna|Facade|p2a: Taxi Driver\n|-resisted|p2a: Taxi Driver\n|-damage|p2a: Taxi Driver|0 fnt\n|-damage|p1a: Ursaluna|43\/100 psn|[from] item: Rocky Helmet|[of] p2a: Taxi Driver\n|faint|p2a: Taxi Driver\n|\n|-damage|p1a: Ursaluna|31\/100 psn|[from] psn\n|upkeep\n|\n|t:|1700751238\n|switch|p2a: Hatterene|Hatterene, F|100\/100\n|turn|5\n|\n|t:|1700751246\n|move|p2a: Hatterene|Psychic|p1a: Ursaluna\n|-damage|p1a: Ursaluna|0 fnt\n|faint|p1a: Ursaluna\n|\n|-fieldend|move: Trick Room\n|upkeep\n|\n|t:|1700751258\n|switch|p1a: Porygon2|Porygon2|100\/100\n|-ability|p1a: Porygon2|Magic Bounce|[from] ability: Trace|[of] p2a: Hatterene\n|turn|6\n|\n|t:|1700751270\n|move|p2a: Hatterene|Nuzzle|p1a: Porygon2\n|-damage|p1a: Porygon2|98\/100\n|-status|p1a: Porygon2|par\n|cant|p1a: Porygon2|par\n|\n|upkeep\n|turn|7\n|\n|t:|1700751296\n|switch|p2a: Charizard|Charizard, F|100\/100\n|move|p1a: Porygon2|Trick Room|p1a: Porygon2\n|-fieldstart|move: Trick Room|[of] p1a: Porygon2\n|\n|upkeep\n|turn|8\n|\n|t:|1700751306\n|detailschange|p2a: Charizard|Charizard-Mega-Y, F\n|-mega|p2a: Charizard|Charizard|Charizardite Y\n|-weather|SunnyDay|[from] ability: Drought|[of] p2a: Charizard\n|move|p2a: Charizard|Weather Ball|p1a: Porygon2\n|-damage|p1a: Porygon2|45\/100 par\n|cant|p1a: Porygon2|par\n|\n|-weather|SunnyDay|[upkeep]\n|upkeep\n|turn|9\n|\n|t:|1700751323\n|switch|p1a: Marowak|Marowak-Alola, F|100\/100\n|move|p2a: Charizard|Weather Ball|p1a: Marowak\n|-resisted|p1a: Marowak\n|-damage|p1a: Marowak|43\/100\n|\n|-weather|SunnyDay|[upkeep]\n|upkeep\n|turn|10\n|\n|t:|1700751330\n|move|p1a: Marowak|Poltergeist|p2a: Charizard\n|-activate|p2a: Charizard|move: Poltergeist|Charizardite Y\n|-damage|p2a: Charizard|0 fnt\n|faint|p2a: Charizard\n|\n|-weather|SunnyDay|[upkeep]\n|upkeep\n|\n|t:|1700751342\n|switch|p2a: Hatterene|Hatterene, F|100\/100\n|turn|11\n|\n|t:|1700751345\n|move|p2a: Hatterene|Psychic|p1a: Marowak\n|-damage|p1a: Marowak|0 fnt\n|faint|p1a: Marowak\n|\n|-weather|SunnyDay|[upkeep]\n|-fieldend|move: Trick Room\n|upkeep\n|\n|t:|1700751349\n|switch|p1a: Mawile|Mawile, M|100\/100\n|-ability|p1a: Mawile|Intimidate|boost\n|-unboost|p2a: Hatterene|atk|1\n|turn|12\n|\n|t:|1700751358\n|detailschange|p1a: Mawile|Mawile-Mega, M\n|-mega|p1a: Mawile|Mawile|Mawilite\n|move|p1a: Mawile|Fire Fang|p2a: Hatterene|[miss]\n|-miss|p1a: Mawile|p2a: Hatterene\n|move|p2a: Hatterene|Nuzzle|p1a: Mawile\n|-damage|p1a: Mawile|97\/100\n|-status|p1a: Mawile|par\n|\n|-weather|none\n|upkeep\n|turn|13\n|\n|t:|1700751373\n|switch|p2a: Great Tusk|Great Tusk|100\/100\n|cant|p1a: Mawile|par\n|\n|upkeep\n|turn|14\n|\n|t:|1700751383\n|switch|p1a: Porygon2|Porygon2|45\/100 par\n|-terastallize|p2a: Great Tusk|Steel\n|move|p2a: Great Tusk|Bulk Up|p2a: Great Tusk\n|-boost|p2a: Great Tusk|atk|1\n|-boost|p2a: Great Tusk|def|1\n|\n|upkeep\n|turn|15\n|\n|t:|1700751388\n|move|p2a: Great Tusk|Headlong Rush|p1a: Porygon2\n|-damage|p1a: Porygon2|0 fnt\n|-unboost|p2a: Great Tusk|def|1\n|-unboost|p2a: Great Tusk|spd|1\n|faint|p1a: Porygon2\n|\n|upkeep\n|\n|t:|1700751390\n|switch|p1a: Cresselia|Cresselia, F|100\/100\n|turn|16\n|\n|t:|1700751396\n|move|p2a: Great Tusk|Bulk Up|p2a: Great Tusk\n|-boost|p2a: Great Tusk|atk|1\n|-boost|p2a: Great Tusk|def|1\n|move|p1a: Cresselia|Trick Room|p1a: Cresselia\n|-fieldstart|move: Trick Room|[of] p1a: Cresselia\n|\n|upkeep\n|turn|17\n|\n|t:|1700751404\n|switch|p1a: Mawile|Mawile-Mega, M|97\/100 par\n|move|p2a: Great Tusk|Knock Off|p1a: Mawile\n|-resisted|p1a: Mawile\n|-damage|p1a: Mawile|78\/100 par\n|\n|upkeep\n|turn|18\n|\n|t:|1700751409\n|move|p1a: Mawile|Play Rough|p2a: Great Tusk\n|-resisted|p2a: Great Tusk\n|-damage|p2a: Great Tusk|83\/100\n|move|p2a: Great Tusk|Headlong Rush|p1a: Mawile\n|-supereffective|p1a: Mawile\n|-damage|p1a: Mawile|0 fnt\n|-unboost|p2a: Great Tusk|def|1\n|-unboost|p2a: Great Tusk|spd|1\n|faint|p1a: Mawile\n|\n|-heal|p2a: Great Tusk|89\/100|[from] item: Leftovers\n|upkeep\n|-message|shengye121 forfeited.\n|\n|win|ooj2\n|raw|shengye121's rating: 1395 &rarr; <strong>1382<\/strong><br \/>(-13 for losing)\n|raw|ooj2's rating: 1522 &rarr; <strong>1535<\/strong><br \/>(+13 for winning)\n|l|\u2606shengye121\n","uploadtime":1700751427,"views":1,"p1id":"shengye121","p2id":"ooj2","formatid":"gen9nationaldex","rating":1382,"private":0,"password":""}