{"id":"gen9nationaldex-1993962762","p1":"qwqwqqw","p2":"baigu2","format":"[Gen 9] National Dex","log":"|j|\u2606qwqwqqw\n|j|\u2606baigu2\n|t:|1700383728\n|gametype|singles\n|player|p1|qwqwqqw|265|1622\n|player|p2|baigu2|dawn-gen4pt|1862\n|teamsize|p1|6\n|teamsize|p2|6\n|gen|9\n|tier|[Gen 9] National Dex\n|rated|\n|rule|HP Percentage Mod: HP is shown in percentages\n|rule|Endless Battle Clause: Forcing endless battles is banned\n|rule|OHKO Clause: OHKO moves are banned\n|rule|Evasion Clause: Evasion abilities, items, and moves are banned\n|rule|Evasion Abilities Clause: Evasion abilities are banned\n|rule|Evasion Items Clause: Evasion items are banned\n|rule|Evasion Moves Clause: Evasion moves are banned\n|rule|Species Clause: Limit one of each Pok\u00e9mon\n|rule|Sleep Clause Mod: Limit one foe put to sleep\n|clearpoke\n|poke|p1|Ribombee, M|\n|poke|p1|Ogerpon-Wellspring, F|\n|poke|p1|Tapu Lele|\n|poke|p1|Garchomp, F|\n|poke|p1|Heatran, F|\n|poke|p1|Enamorus, F|\n|poke|p2|Ursaluna, M|\n|poke|p2|Dragonite, M|\n|poke|p2|Slowking, F|\n|poke|p2|Tapu Koko|\n|poke|p2|Hoopa-Unbound|\n|poke|p2|Great Tusk|\n|teampreview\n|\n|t:|1700383738\n|start\n|switch|p1a: Garchomp|Garchomp, F|100\/100\n|switch|p2a: Tapu Koko|Tapu Koko|100\/100\n|-fieldstart|move: Electric Terrain|[from] ability: Electric Surge|[of] p2a: Tapu Koko\n|turn|1\n|\n|t:|1700383745\n|switch|p2a: Great Tusk|Great Tusk|100\/100\n|move|p1a: Garchomp|Earthquake|p2a: Great Tusk\n|-damage|p2a: Great Tusk|66\/100\n|\n|upkeep\n|turn|2\n|\n|t:|1700383751\n|-zpower|p1a: Garchomp\n|move|p1a: Garchomp|Devastating Drake|p2a: Great Tusk|[zeffect]\n|-damage|p2a: Great Tusk|3\/100\n|move|p2a: Great Tusk|Ice Spinner|p1a: Garchomp\n|-supereffective|p1a: Garchomp\n|-damage|p1a: Garchomp|0 fnt\n|-damage|p2a: Great Tusk|0 fnt|[from] ability: Rough Skin|[of] p1a: Garchomp\n|faint|p1a: Garchomp\n|faint|p2a: Great Tusk\n|-end|p2a: Great Tusk|Protosynthesis|[silent]\n|\n|upkeep\n|\n|t:|1700383761\n|switch|p1a: stickywebQAQ|Ribombee, M|100\/100\n|switch|p2a: Tapu Koko|Tapu Koko|100\/100\n|turn|3\n|\n|t:|1700383768\n|move|p2a: Tapu Koko|Thunderbolt|p1a: stickywebQAQ\n|-enditem|p1a: stickywebQAQ|Focus Sash\n|-damage|p1a: stickywebQAQ|1\/100\n|move|p1a: stickywebQAQ|Sticky Web|p2a: Tapu Koko\n|-sidestart|p2: baigu2|move: Sticky Web\n|\n|upkeep\n|turn|4\n|\n|t:|1700383770\n|move|p2a: Tapu Koko|Thunderbolt|p1a: stickywebQAQ\n|-damage|p1a: stickywebQAQ|0 fnt\n|faint|p1a: stickywebQAQ\n|\n|upkeep\n|\n|t:|1700383777\n|switch|p1a: Heatran|Heatran, F|100\/100\n|turn|5\n|\n|t:|1700383786\n|switch|p2a: Hoopa|Hoopa-Unbound|100\/100\n|-activate|p2a: Hoopa|move: Sticky Web\n|-unboost|p2a: Hoopa|spe|1\n|move|p1a: Heatran|Protect||[still]\n|-fail|p1a: Heatran\n|\n|-fieldend|move: Electric Terrain\n|upkeep\n|turn|6\n|\n|t:|1700383790\n|switch|p1a: Enamorus|Enamorus, F|100\/100\n|-zpower|p2a: Hoopa\n|move|p2a: Hoopa|All-Out Pummeling|p1a: Enamorus|[zeffect]\n|-resisted|p1a: Enamorus\n|-damage|p1a: Enamorus|70\/100\n|\n|-heal|p1a: Enamorus|76\/100|[from] item: Leftovers\n|upkeep\n|turn|7\n|\n|t:|1700383801\n|move|p1a: Enamorus|Superpower|p2a: Hoopa\n|-damage|p2a: Hoopa|31\/100\n|-boost|p1a: Enamorus|atk|1\n|-boost|p1a: Enamorus|def|1\n|move|p2a: Hoopa|Psychic|p1a: Enamorus\n|-damage|p1a: Enamorus|0 fnt\n|faint|p1a: Enamorus\n|\n|upkeep\n|j| slobadd\n|\n|t:|1700383810\n|switch|p1a: Ogerpon|Ogerpon-Wellspring, F|100\/100\n|turn|8\n|\n|t:|1700383819\n|switch|p2a: Dragonite|Dragonite, M|100\/100\n|move|p1a: Ogerpon|Ivy Cudgel|p2a: Dragonite|[anim] Ivy Cudgel Water\n|-resisted|p2a: Dragonite\n|-damage|p2a: Dragonite|87\/100\n|\n|upkeep\n|turn|9\n|\n|t:|1700383845\n|switch|p1a: Heatran|Heatran, F|100\/100\n|move|p2a: Dragonite|Dual Wingbeat|p1a: Heatran\n|-resisted|p1a: Heatran\n|-crit|p1a: Heatran\n|-damage|p1a: Heatran|81\/100\n|-resisted|p1a: Heatran\n|-damage|p1a: Heatran|67\/100\n|-hitcount|p1a: Heatran|2\n|\n|-heal|p1a: Heatran|73\/100|[from] item: Leftovers\n|upkeep\n|turn|10\n|\n|t:|1700383856\n|switch|p2a: Ursaluna|Ursaluna, M|100\/100\n|-activate|p2a: Ursaluna|move: Sticky Web\n|-unboost|p2a: Ursaluna|spe|1\n|move|p1a: Heatran|Magma Storm|p2a: Ursaluna|[miss]\n|-miss|p1a: Heatran|p2a: Ursaluna\n|\n|-heal|p1a: Heatran|80\/100|[from] item: Leftovers\n|-status|p2a: Ursaluna|brn|[from] item: Flame Orb\n|upkeep\n|turn|11\n|\n|t:|1700383871\n|move|p1a: Heatran|Magma Storm|p2a: Ursaluna|[miss]\n|-miss|p1a: Heatran|p2a: Ursaluna\n|move|p2a: Ursaluna|Facade|p1a: Heatran\n|-resisted|p1a: Heatran\n|-damage|p1a: Heatran|29\/100\n|\n|-heal|p1a: Heatran|35\/100|[from] item: Leftovers\n|-damage|p2a: Ursaluna|94\/100 brn|[from] brn\n|upkeep\n|turn|12\n|\n|t:|1700383874\n|move|p1a: Heatran|Magma Storm|p2a: Ursaluna|[miss]\n|-miss|p1a: Heatran|p2a: Ursaluna\n|move|p2a: Ursaluna|Facade|p1a: Heatran\n|-resisted|p1a: Heatran\n|-damage|p1a: Heatran|0 fnt\n|faint|p1a: Heatran\n|\n|-damage|p2a: Ursaluna|88\/100 brn|[from] brn\n|upkeep\n|\n|t:|1700383888\n|switch|p1a: Ogerpon|Ogerpon-Wellspring, F|100\/100\n|turn|13\n|c|\u2606baigu2|\u8fd9\u5c31\u662f\u706b\u94a2\u5417\n|c|\u2606baigu2|\u592a\u6050\u6016\u4e86\n|\n|t:|1700383900\n|-terastallize|p2a: Ursaluna|Normal\n|move|p1a: Ogerpon|Swords Dance|p1a: Ogerpon\n|-boost|p1a: Ogerpon|atk|2\n|move|p2a: Ursaluna|Facade|p1a: Ogerpon\n|-damage|p1a: Ogerpon|0 fnt\n|faint|p1a: Ogerpon\n|\n|-damage|p2a: Ursaluna|82\/100 brn|[from] brn\n|upkeep\n|\n|t:|1700383907\n|switch|p1a: Tapu Lele|Tapu Lele|100\/100\n|-fieldstart|move: Psychic Terrain|[from] ability: Psychic Surge|[of] p1a: Tapu Lele\n|turn|14\n|\n|t:|1700383911\n|move|p1a: Tapu Lele|Moonblast|p2a: Ursaluna\n|-damage|p2a: Ursaluna|21\/100 brn\n|move|p2a: Ursaluna|Facade|p1a: Tapu Lele\n|-damage|p1a: Tapu Lele|0 fnt\n|faint|p1a: Tapu Lele\n|\n|win|baigu2\n|raw|qwqwqqw's rating: 1622 &rarr; <strong>1614<\/strong><br \/>(-8 for losing)\n|raw|baigu2's rating: 1862 &rarr; <strong>1870<\/strong><br \/>(+8 for winning)\n|l|\u2606qwqwqqw\n","uploadtime":1700383915,"views":6,"p1id":"qwqwqqw","p2id":"baigu2","formatid":"gen9nationaldex","rating":1614,"private":0,"password":""}