{"id":"gen9nationaldex-1987764765","p1":"Chimchar87","p2":"HolyChomper","format":"[Gen 9] National Dex","log":"|j|\u2606Chimchar87\n|j|\u2606HolyChomper\n|t:|1699634815\n|gametype|singles\n|player|p1|Chimchar87|nate|1075\n|player|p2|HolyChomper|byron|1090\n|teamsize|p1|6\n|teamsize|p2|6\n|gen|9\n|tier|[Gen 9] National Dex\n|rated|\n|rule|HP Percentage Mod: HP is shown in percentages\n|rule|Endless Battle Clause: Forcing endless battles is banned\n|rule|OHKO Clause: OHKO moves are banned\n|rule|Evasion Clause: Evasion abilities, items, and moves are banned\n|rule|Evasion Abilities Clause: Evasion abilities are banned\n|rule|Evasion Items Clause: Evasion items are banned\n|rule|Evasion Moves Clause: Evasion moves are banned\n|rule|Species Clause: Limit one of each Pok\u00e9mon\n|rule|Sleep Clause Mod: Limit one foe put to sleep\n|clearpoke\n|poke|p1|Chimchar, M|\n|poke|p1|Infernape, M|\n|poke|p1|Ursaluna, M|\n|poke|p1|Dondozo, M|\n|poke|p1|Rillaboom, M|\n|poke|p1|Dragonite, M|\n|poke|p2|Pelipper, M|\n|poke|p2|Swampert, F|\n|poke|p2|Barraskewda, M|\n|poke|p2|Overqwil, F|\n|poke|p2|Scizor, F|\n|poke|p2|Kilowattrel, F|\n|teampreview\n|inactive|Battle timer is ON: inactive players will automatically lose when time's up. (requested by Chimchar87)\n|c|\u2606HolyChomper|Glhf\n|\n|t:|1699634829\n|start\n|switch|p1a: Chimchar87|Chimchar, M|100\/100\n|switch|p2a: Scizor|Scizor, F|100\/100\n|turn|1\n|\n|t:|1699634840\n|switch|p2a: Pelipper|Pelipper, M|100\/100\n|-weather|RainDance|[from] ability: Drizzle|[of] p2a: Pelipper\n|move|p1a: Chimchar87|Fake Out|p2a: Pelipper\n|-damage|p2a: Pelipper|94\/100\n|\n|-weather|RainDance|[upkeep]\n|upkeep\n|turn|2\n|\n|t:|1699634851\n|move|p1a: Chimchar87|Vacuum Wave|p2a: Pelipper\n|-resisted|p2a: Pelipper\n|-damage|p2a: Pelipper|90\/100\n|move|p2a: Pelipper|U-turn|p1a: Chimchar87\n|-resisted|p1a: Chimchar87\n|-damage|p1a: Chimchar87|92\/100\n|\n|t:|1699634861\n|switch|p2a: Kilowattrel|Kilowattrel, F|100\/100|[from] U-turn\n|\n|-weather|RainDance|[upkeep]\n|upkeep\n|turn|3\n|c|\u2606Chimchar87|?\n|c|\u2606Chimchar87|What is Glhf?\n|\n|t:|1699634875\n|move|p1a: Chimchar87|Vacuum Wave|p2a: Kilowattrel\n|-resisted|p2a: Kilowattrel\n|-damage|p2a: Kilowattrel|96\/100\n|-heal|p1a: Chimchar87|92\/100|[from] item: Shell Bell|[of] p2a: Kilowattrel\n|move|p2a: Kilowattrel|Weather Ball|p1a: Chimchar87\n|-supereffective|p1a: Chimchar87\n|-damage|p1a: Chimchar87|0 fnt\n|faint|p1a: Chimchar87\n|-damage|p2a: Kilowattrel|86\/100|[from] item: Life Orb\n|\n|-weather|RainDance|[upkeep]\n|upkeep\n|\n|t:|1699634885\n|switch|p1a: Dragonite87|Dragonite, M|100\/100\n|turn|4\n|\n|t:|1699634890\n|move|p2a: Kilowattrel|Volt Switch|p1a: Dragonite87\n|-damage|p1a: Dragonite87|59\/100\n|-damage|p2a: Kilowattrel|76\/100|[from] item: Life Orb\n|\n|t:|1699634895\n|switch|p2a: Swampert|Swampert, F|100\/100|[from] Volt Switch\n|move|p1a: Dragonite87|Dragon Dance|p1a: Dragonite87\n|-boost|p1a: Dragonite87|atk|1\n|-boost|p1a: Dragonite87|spe|1\n|\n|-weather|RainDance|[upkeep]\n|upkeep\n|turn|5\n|\n|t:|1699634904\n|detailschange|p2a: Swampert|Swampert-Mega, F\n|-mega|p2a: Swampert|Swampert|Swampertite\n|move|p2a: Swampert|Ice Punch|p1a: Dragonite87\n|-supereffective|p1a: Dragonite87\n|-damage|p1a: Dragonite87|0 fnt\n|faint|p1a: Dragonite87\n|\n|-weather|none\n|upkeep\n|\n|t:|1699634924\n|switch|p1a: Rillaboom87|Rillaboom, M, shiny|100\/100\n|-fieldstart|move: Grassy Terrain|[from] ability: Grassy Surge|[of] p1a: Rillaboom87\n|turn|6\n|c|\u2606HolyChomper|It means Good Luck, Have Fun\n|\n|t:|1699634935\n|switch|p2a: Scizor|Scizor, F|100\/100\n|move|p1a: Rillaboom87|Grassy Glide|p2a: Scizor\n|-resisted|p2a: Scizor\n|-damage|p2a: Scizor|91\/100\n|\n|-heal|p2a: Scizor|97\/100|[from] Grassy Terrain\n|-heal|p2a: Scizor|100\/100|[from] item: Leftovers\n|upkeep\n|turn|7\n|c|\u2606Chimchar87|ok\n|c|\u2606Chimchar87|Thanks :)\n|\n|t:|1699634951\n|move|p1a: Rillaboom87|Swords Dance|p1a: Rillaboom87\n|-boost|p1a: Rillaboom87|atk|2\n|move|p2a: Scizor|Bug Bite|p1a: Rillaboom87\n|-supereffective|p1a: Rillaboom87\n|-damage|p1a: Rillaboom87|0 fnt\n|faint|p1a: Rillaboom87\n|\n|upkeep\n|\n|t:|1699634959\n|switch|p1a: Infernape87|Infernape, M|100\/100\n|turn|8\n|c|\u2606HolyChomper|Np\n|\n|t:|1699634969\n|switch|p2a: Pelipper|Pelipper, M|90\/100\n|-weather|RainDance|[from] ability: Drizzle|[of] p2a: Pelipper\n|move|p1a: Infernape87|Fire Punch|p2a: Pelipper\n|-resisted|p2a: Pelipper\n|-damage|p2a: Pelipper|83\/100\n|\n|-weather|RainDance|[upkeep]\n|upkeep\n|turn|9\n|\n|t:|1699634990\n|switch|p2a: Kilowattrel|Kilowattrel, F|76\/100\n|move|p1a: Infernape87|Swords Dance|p1a: Infernape87\n|-boost|p1a: Infernape87|atk|2\n|\n|-weather|RainDance|[upkeep]\n|upkeep\n|turn|10\n|\n|t:|1699635004\n|move|p2a: Kilowattrel|Hurricane|p1a: Infernape87\n|-supereffective|p1a: Infernape87\n|-damage|p1a: Infernape87|0 fnt\n|faint|p1a: Infernape87\n|-damage|p2a: Kilowattrel|66\/100|[from] item: Life Orb\n|\n|-weather|RainDance|[upkeep]\n|upkeep\n|\n|t:|1699635018\n|switch|p1a: Ursaluna87|Ursaluna, M, shiny|100\/100\n|turn|11\n|\n|t:|1699635023\n|-terastallize|p2a: Kilowattrel|Water\n|move|p2a: Kilowattrel|Weather Ball|p1a: Ursaluna87\n|-supereffective|p1a: Ursaluna87\n|-damage|p1a: Ursaluna87|0 fnt\n|faint|p1a: Ursaluna87\n|-damage|p2a: Kilowattrel|56\/100|[from] item: Life Orb\n|\n|-weather|RainDance|[upkeep]\n|-heal|p2a: Kilowattrel|62\/100|[from] Grassy Terrain\n|upkeep\n|\n|t:|1699635027\n|switch|p1a: Dondozo87|Dondozo, M, shiny|100\/100\n|turn|12\n|\n|t:|1699635036\n|move|p2a: Kilowattrel|Thunder|p1a: Dondozo87\n|-supereffective|p1a: Dondozo87\n|-damage|p1a: Dondozo87|0 fnt\n|faint|p1a: Dondozo87\n|-damage|p2a: Kilowattrel|52\/100|[from] item: Life Orb\n|\n|win|HolyChomper\n|raw|Chimchar87's rating: 1075 &rarr; <strong>1055<\/strong><br \/>(-20 for losing)\n|raw|HolyChomper's rating: 1090 &rarr; <strong>1115<\/strong><br \/>(+25 for winning)\n|c|\u2606HolyChomper|Gg\n|l|\u2606Chimchar87\n","uploadtime":1699635196,"views":4,"p1id":"chimchar87","p2id":"holychomper","formatid":"gen9nationaldex","rating":1055,"private":0,"password":""}