{"id":"gen9nationaldex-2000067683","p1":"OnlyPyper","p2":"JuzOzuj","format":"[Gen 9] National Dex","log":"|html|<div class=\"broadcast-blue\"><strong>[Gen 9] National Dex is currently suspecting Sneasler! For information on how to participate check out the <a href=\"https:\/\/www.smogon.com\/forums\/threads\/sv-national-dex-suspect-8-just-dance.3731534\/\">suspect thread<\/a>.<\/strong><\/div>\n|j|\u2606OnlyPyper\n|j|\u2606JuzOzuj\n|t:|1701148916\n|gametype|singles\n|player|p1|OnlyPyper|shauntal|\n|player|p2|JuzOzuj|102|\n|teamsize|p1|6\n|teamsize|p2|6\n|gen|9\n|tier|[Gen 9] National Dex\n|rule|HP Percentage Mod: HP is shown in percentages\n|rule|Endless Battle Clause: Forcing endless battles is banned\n|rule|OHKO Clause: OHKO moves are banned\n|rule|Evasion Clause: Evasion abilities, items, and moves are banned\n|rule|Evasion Abilities Clause: Evasion abilities are banned\n|rule|Evasion Items Clause: Evasion items are banned\n|rule|Evasion Moves Clause: Evasion moves are banned\n|rule|Species Clause: Limit one of each Pok\u00e9mon\n|rule|Sleep Clause Mod: Limit one foe put to sleep\n|clearpoke\n|poke|p1|Roserade, F|\n|poke|p1|Vespiquen, F|\n|poke|p1|Mismagius, F|\n|poke|p1|Milotic, F|\n|poke|p1|Obstagoon, F|\n|poke|p1|Delphox, F|\n|poke|p2|Gengar, M|\n|poke|p2|Cacturne, M|\n|poke|p2|Heracross, M|\n|poke|p2|Crobat, M|\n|poke|p2|Umbreon, M|\n|poke|p2|Steelix, M|\n|teampreview\n|c|\u2606JuzOzuj|Suerte miada uwu\n|c|\u2606OnlyPyper|Suerte uwu\n|\n|t:|1701148949\n|start\n|switch|p1a: Honey|Vespiquen, F|100\/100\n|switch|p2a: Juggernaut|Steelix, M|100\/100\n|-ability|p1a: Honey|Pressure\n|turn|1\n|\n|t:|1701148960\n|move|p1a: Honey|U-turn|p2a: Juggernaut\n|-resisted|p2a: Juggernaut\n|-damage|p2a: Juggernaut|96\/100\n|\n|t:|1701148966\n|switch|p1a: Rosita|Roserade, F|100\/100|[from] U-turn\n|move|p2a: Juggernaut|Stealth Rock|p1a: Rosita\n|-sidestart|p1: OnlyPyper|move: Stealth Rock\n|\n|upkeep\n|turn|2\n|\n|t:|1701148974\n|move|p1a: Rosita|Leaf Storm|p2a: Juggernaut\n|-damage|p2a: Juggernaut|0 fnt\n|-unboost|p1a: Rosita|spa|2\n|faint|p2a: Juggernaut\n|\n|upkeep\n|c|\u2606JuzOzuj|Ekisde\n|c|\u2606JuzOzuj|pense que si aguantaba d\n|\n|t:|1701148992\n|switch|p2a: Vesper|Crobat, M|100\/100\n|turn|3\n|c|\u2606OnlyPyper|Pensaste mal uwu\n|c|\u2606OnlyPyper|Mis cambios aqu\u00ed son como -3 ekisde\n|\n|t:|1701149018\n|switch|p1a: Honey|Vespiquen, F|100\/100\n|-ability|p1a: Honey|Pressure\n|move|p2a: Vesper|U-turn|p1a: Honey\n|-resisted|p1a: Honey\n|-damage|p1a: Honey|95\/100\n|c|\u2606JuzOzuj|Xd\n|\n|t:|1701149024\n|switch|p2a: Hunter|Gengar, M|100\/100|[from] U-turn\n|\n|upkeep\n|turn|4\n|\n|t:|1701149030\n|move|p2a: Hunter|Thunderbolt|p1a: Honey\n|-supereffective|p1a: Honey\n|-damage|p1a: Honey|28\/100\n|move|p1a: Honey|Defog|p2a: Hunter\n|-unboost|p2a: Hunter|evasion|1\n|-sideend|p1: OnlyPyper|Stealth Rock|[from] move: Defog|[of] p1a: Honey\n|\n|upkeep\n|turn|5\n|\n|t:|1701149041\n|switch|p2a: Vesper|Crobat, M|100\/100\n|move|p1a: Honey|U-turn|p2a: Vesper\n|-resisted|p2a: Vesper\n|-damage|p2a: Vesper|96\/100\n|c|\u2606OnlyPyper|UwU\n|\n|t:|1701149053\n|switch|p1a: Ace|Obstagoon, F|100\/100|[from] U-turn\n|\n|-status|p1a: Ace|brn|[from] item: Flame Orb\n|upkeep\n|turn|6\n|\n|t:|1701149072\n|-terastallize|p2a: Vesper|Steel\n|move|p2a: Vesper|Brave Bird|p1a: Ace\n|-crit|p1a: Ace\n|-damage|p1a: Ace|45\/100 brn\n|-damage|p2a: Vesper|80\/100|[from] Recoil\n|move|p1a: Ace|Knock Off|p2a: Vesper\n|-damage|p2a: Vesper|15\/100\n|-enditem|p2a: Vesper|Heavy-Duty Boots|[from] move: Knock Off|[of] p1a: Ace\n|\n|-damage|p1a: Ace|39\/100 brn|[from] brn\n|upkeep\n|turn|7\n|\n|t:|1701149086\n|move|p2a: Vesper|Brave Bird|p1a: Ace\n|-damage|p1a: Ace|3\/100 brn\n|-damage|p2a: Vesper|5\/100|[from] Recoil\n|move|p1a: Ace|Close Combat|p2a: Vesper\n|-supereffective|p2a: Vesper\n|-damage|p2a: Vesper|0 fnt\n|-unboost|p1a: Ace|def|1\n|-unboost|p1a: Ace|spd|1\n|faint|p2a: Vesper\n|\n|-damage|p1a: Ace|0 fnt|[from] brn\n|faint|p1a: Ace\n|upkeep\n|\n|t:|1701149109\n|switch|p2a: Noah|Umbreon, M, shiny|100\/100\n|switch|p1a: Hex|Mismagius, F|100\/100\n|turn|8\n|\n|t:|1701149121\n|-terastallize|p1a: Hex|Poison\n|move|p1a: Hex|Will-O-Wisp|p2a: Noah|[miss]\n|-miss|p1a: Hex|p2a: Noah\n|move|p2a: Noah|Foul Play|p1a: Hex\n|-damage|p1a: Hex|78\/100\n|\n|-heal|p1a: Hex|84\/100|[from] item: Leftovers\n|upkeep\n|turn|9\n|\n|t:|1701149137\n|move|p1a: Hex|Calm Mind|p1a: Hex\n|-boost|p1a: Hex|spa|1\n|-boost|p1a: Hex|spd|1\n|move|p2a: Noah|Wish|p2a: Noah\n|\n|-heal|p1a: Hex|90\/100|[from] item: Leftovers\n|upkeep\n|turn|10\n|\n|t:|1701149148\n|switch|p2a: Hunter|Gengar, M|100\/100\n|move|p1a: Hex|Calm Mind|p1a: Hex\n|-boost|p1a: Hex|spa|1\n|-boost|p1a: Hex|spd|1\n|\n|-heal|p1a: Hex|96\/100|[from] item: Leftovers\n|upkeep\n|turn|11\n|\n|t:|1701149158\n|move|p2a: Hunter|Shadow Ball|p1a: Hex\n|-damage|p1a: Hex|66\/100\n|move|p1a: Hex|Shadow Ball|p2a: Hunter\n|-supereffective|p2a: Hunter\n|-damage|p2a: Hunter|0 fnt\n|faint|p2a: Hunter\n|\n|-heal|p1a: Hex|72\/100|[from] item: Leftovers\n|upkeep\n|\n|t:|1701149175\n|switch|p2a: Whistler|Cacturne, M|100\/100\n|turn|12\n|\n|t:|1701149180\n|move|p1a: Hex|Will-O-Wisp|p2a: Whistler\n|-status|p2a: Whistler|brn\n|move|p2a: Whistler|Swords Dance|p2a: Whistler\n|-boost|p2a: Whistler|atk|2\n|\n|-heal|p1a: Hex|78\/100|[from] item: Leftovers\n|-damage|p2a: Whistler|94\/100 brn|[from] brn\n|upkeep\n|turn|13\n|\n|t:|1701149186\n|move|p2a: Whistler|Sucker Punch|p1a: Hex\n|-damage|p1a: Hex|30\/100\n|move|p1a: Hex|Draining Kiss|p2a: Whistler\n|-supereffective|p2a: Whistler\n|-damage|p2a: Whistler|8\/100 brn\n|-heal|p1a: Hex|99\/100|[from] drain|[of] p2a: Whistler\n|\n|-heal|p1a: Hex|100\/100|[from] item: Leftovers\n|-damage|p2a: Whistler|2\/100 brn|[from] brn\n|upkeep\n|turn|14\n|\n|t:|1701149198\n|move|p1a: Hex|Draining Kiss|p2a: Whistler\n|-supereffective|p2a: Whistler\n|-damage|p2a: Whistler|0 fnt\n|faint|p2a: Whistler\n|\n|upkeep\n|c|\u2606JuzOzuj|eKISDE\n|c|\u2606JuzOzuj|Nah gg\n|c|\u2606JuzOzuj|xd\n|c|\u2606OnlyPyper|Gg\n|-message|JuzOzuj forfeited.\n|\n|win|OnlyPyper\n|l|\u2606JuzOzuj\n","uploadtime":1701149220,"views":10,"p1id":"onlypyper","p2id":"juzozuj","formatid":"gen9nationaldex","rating":0,"private":0,"password":""}