{"id":"gen9nationaldex-1994447108","p1":"downfall18","p2":"DufauxZac","format":"[Gen 9] National Dex","log":"|j|\u2606downfall18\n|j|\u2606DufauxZac\n|t:|1700444960\n|gametype|singles\n|player|p1|downfall18|cyrus|\n|player|p2|DufauxZac|n|\n|teamsize|p1|6\n|teamsize|p2|6\n|gen|9\n|tier|[Gen 9] National Dex\n|rule|HP Percentage Mod: HP is shown in percentages\n|rule|Endless Battle Clause: Forcing endless battles is banned\n|rule|OHKO Clause: OHKO moves are banned\n|rule|Evasion Clause: Evasion abilities, items, and moves are banned\n|rule|Evasion Abilities Clause: Evasion abilities are banned\n|rule|Evasion Items Clause: Evasion items are banned\n|rule|Evasion Moves Clause: Evasion moves are banned\n|rule|Species Clause: Limit one of each Pok\u00e9mon\n|rule|Sleep Clause Mod: Limit one foe put to sleep\n|clearpoke\n|poke|p1|Ogerpon-Wellspring, F|\n|poke|p1|Banette, M|\n|poke|p1|Glimmora, F|\n|poke|p1|Lycanroc, M|\n|poke|p1|Pawmot, F|\n|poke|p1|Persian, M|\n|poke|p2|Farigiraf, M|\n|poke|p2|Azumarill, M|\n|poke|p2|Porygon-Z|\n|poke|p2|Skeledirge, F|\n|poke|p2|Sinistcha|\n|poke|p2|Yanmega, M|\n|teampreview\n|c|\u2606downfall18|glhf\n|\n|t:|1700444975\n|start\n|switch|p1a: Glimmora|Glimmora, F|100\/100\n|switch|p2a: Farigiraf|Farigiraf, M|100\/100\n|turn|1\n|\n|t:|1700444987\n|move|p1a: Glimmora|Stealth Rock|p2a: Farigiraf\n|-sidestart|p2: DufauxZac|move: Stealth Rock\n|move|p2a: Farigiraf|Psychic|p1a: Glimmora\n|-supereffective|p1a: Glimmora\n|-enditem|p1a: Glimmora|Focus Sash\n|-damage|p1a: Glimmora|1\/100\n|\n|upkeep\n|turn|2\n|\n|t:|1700444992\n|move|p1a: Glimmora|Sludge Wave|p2a: Farigiraf\n|-damage|p2a: Farigiraf|53\/100\n|move|p2a: Farigiraf|Nasty Plot|p2a: Farigiraf\n|-boost|p2a: Farigiraf|spa|2\n|\n|upkeep\n|turn|3\n|\n|t:|1700444999\n|move|p1a: Glimmora|Sludge Wave|p2a: Farigiraf\n|-damage|p2a: Farigiraf|0 fnt\n|faint|p2a: Farigiraf\n|\n|upkeep\n|c|\u2606downfall18|ez roll\n|c|\u2606downfall18|def wasnt shitting my pants there\n|\n|t:|1700445012\n|switch|p2a: Azumarill|Azumarill, M|100\/100\n|-damage|p2a: Azumarill|88\/100|[from] Stealth Rock\n|turn|4\n|\n|t:|1700445017\n|move|p1a: Glimmora|Sludge Wave|p2a: Azumarill\n|-supereffective|p2a: Azumarill\n|-damage|p2a: Azumarill|0 fnt\n|faint|p2a: Azumarill\n|\n|upkeep\n|\n|t:|1700445020\n|switch|p2a: Sinistcha|Sinistcha|100\/100\n|-damage|p2a: Sinistcha|88\/100|[from] Stealth Rock\n|turn|5\n|\n|t:|1700445022\n|move|p1a: Glimmora|Sludge Wave|p2a: Sinistcha\n|-damage|p2a: Sinistcha|29\/100\n|-status|p2a: Sinistcha|psn\n|move|p2a: Sinistcha|Shadow Ball|p1a: Glimmora\n|-crit|p1a: Glimmora\n|-damage|p1a: Glimmora|0 fnt\n|faint|p1a: Glimmora\n|\n|-damage|p2a: Sinistcha|17\/100 psn|[from] psn\n|upkeep\n|c|\u2606DufauxZac|Crit mattered\n|inactive|Battle timer is ON: inactive players will automatically lose when time's up. (requested by DufauxZac)\n|c|\u2606downfall18|fsfs\n|inactive|downfall18 has 270 seconds left.\n|\n|t:|1700445095\n|switch|p1a: Ogerpon|Ogerpon-Wellspring, F|100\/100\n|turn|6\n|\n|t:|1700445098\n|move|p1a: Ogerpon|Knock Off|p2a: Sinistcha\n|-supereffective|p2a: Sinistcha\n|-damage|p2a: Sinistcha|0 fnt\n|-enditem|p2a: Sinistcha|Big Root|[from] move: Knock Off|[of] p1a: Ogerpon\n|faint|p2a: Sinistcha\n|\n|upkeep\n|\n|t:|1700445113\n|switch|p2a: Yanmega|Yanmega, M|100\/100\n|-damage|p2a: Yanmega|51\/100|[from] Stealth Rock\n|turn|7\n|c|\u2606downfall18|big root is cool\n|\n|t:|1700445126\n|switch|p1a: Persian|Persian, M|100\/100\n|move|p2a: Yanmega|Bug Buzz|p1a: Persian\n|-damage|p1a: Persian|0 fnt\n|faint|p1a: Persian\n|\n|-ability|p2a: Yanmega|Speed Boost|boost\n|-boost|p2a: Yanmega|spe|1\n|upkeep\n|\n|t:|1700445133\n|switch|p1a: Lycanroc|Lycanroc, M|100\/100\n|turn|8\n|\n|t:|1700445136\n|move|p1a: Lycanroc|Accelerock|p2a: Yanmega\n|-supereffective|p2a: Yanmega\n|-damage|p2a: Yanmega|0 fnt\n|faint|p2a: Yanmega\n|\n|upkeep\n|\n|t:|1700445139\n|switch|p2a: Porygon-Z|Porygon-Z|100\/100\n|-damage|p2a: Porygon-Z|88\/100|[from] Stealth Rock\n|turn|9\n|\n|t:|1700445144\n|switch|p1a: Banette|Banette, M|100\/100\n|-item|p2a: Porygon-Z|Life Orb|[from] ability: Frisk|[of] p1a: Banette|[identify]\n|move|p2a: Porygon-Z|Ice Beam|p1a: Banette\n|-damage|p1a: Banette|58\/100\n|-damage|p2a: Porygon-Z|78\/100|[from] item: Life Orb\n|\n|upkeep\n|turn|10\n|\n|t:|1700445154\n|detailschange|p1a: Banette|Banette-Mega, M\n|-mega|p1a: Banette|Banette|Banettite\n|move|p1a: Banette|Thunder Wave|p2a: Porygon-Z\n|-status|p2a: Porygon-Z|par\n|move|p2a: Porygon-Z|Dark Pulse|p1a: Banette\n|-supereffective|p1a: Banette\n|-damage|p1a: Banette|0 fnt\n|faint|p1a: Banette\n|-damage|p2a: Porygon-Z|68\/100 par|[from] item: Life Orb\n|\n|upkeep\n|\n|t:|1700445170\n|switch|p1a: Pawmot|Pawmot, F|100\/100\n|turn|11\n|\n|t:|1700445176\n|move|p1a: Pawmot|Fake Out|p2a: Porygon-Z\n|-damage|p2a: Porygon-Z|48\/100 par\n|cant|p2a: Porygon-Z|flinch\n|\n|upkeep\n|turn|12\n|\n|t:|1700445190\n|move|p1a: Pawmot|Close Combat|p2a: Porygon-Z\n|-supereffective|p2a: Porygon-Z\n|-damage|p2a: Porygon-Z|0 fnt\n|-unboost|p1a: Pawmot|def|1\n|-unboost|p1a: Pawmot|spd|1\n|faint|p2a: Porygon-Z\n|\n|upkeep\n|\n|t:|1700445215\n|switch|p2a: Skeledirge|Skeledirge, F|100\/100\n|-damage|p2a: Skeledirge|76\/100|[from] Stealth Rock\n|turn|13\n|\n|t:|1700445221\n|move|p1a: Pawmot|Double Shock|p2a: Skeledirge\n|-damage|p2a: Skeledirge|30\/100\n|-start|p1a: Pawmot|typechange|???\/Fighting|[from] move: Double Shock\n|move|p2a: Skeledirge|Substitute|p2a: Skeledirge\n|-start|p2a: Skeledirge|Substitute\n|-damage|p2a: Skeledirge|6\/100\n|\n|-heal|p2a: Skeledirge|12\/100|[from] item: Leftovers\n|upkeep\n|turn|14\n|\n|t:|1700445227\n|move|p1a: Pawmot|Double Shock||[still]\n|-fail|p1a: Pawmot|move: Double Shock\n|move|p2a: Skeledirge|Slack Off|p2a: Skeledirge\n|-heal|p2a: Skeledirge|62\/100\n|\n|-heal|p2a: Skeledirge|68\/100|[from] item: Leftovers\n|upkeep\n|turn|15\n|\n|t:|1700445235\n|move|p1a: Pawmot|Revival Blessing|p1a: Pawmot\n|inactive|downfall18 has 270 seconds left.\n|\n|t:|1700445280\n|-heal|p1: Banette|50\/100|[from] move: Revival Blessing\n|move|p2a: Skeledirge|Will-O-Wisp|p1a: Pawmot|[miss]\n|-miss|p2a: Skeledirge|p1a: Pawmot\n|\n|-heal|p2a: Skeledirge|74\/100|[from] item: Leftovers\n|upkeep\n|turn|16\n|\n|t:|1700445287\n|switch|p1a: Banette|Banette-Mega, M|50\/100\n|move|p2a: Skeledirge|Torch Song|p1a: Banette\n|-damage|p1a: Banette|26\/100\n|-boost|p2a: Skeledirge|spa|1\n|\n|-heal|p2a: Skeledirge|80\/100|[from] item: Leftovers\n|upkeep\n|turn|17\n|\n|t:|1700445292\n|move|p1a: Banette|Rain Dance|p1a: Banette\n|-weather|RainDance\n|move|p2a: Skeledirge|Torch Song|p1a: Banette\n|-damage|p1a: Banette|7\/100\n|-boost|p2a: Skeledirge|spa|1\n|\n|-weather|RainDance|[upkeep]\n|-heal|p2a: Skeledirge|86\/100|[from] item: Leftovers\n|upkeep\n|turn|18\n|\n|t:|1700445296\n|move|p1a: Banette|Knock Off|p2a: Skeledirge\n|-supereffective|p2a: Skeledirge\n|-end|p2a: Skeledirge|Substitute\n|move|p2a: Skeledirge|Torch Song|p1a: Banette\n|-damage|p1a: Banette|0 fnt\n|-boost|p2a: Skeledirge|spa|1\n|faint|p1a: Banette\n|\n|-weather|RainDance|[upkeep]\n|-heal|p2a: Skeledirge|92\/100|[from] item: Leftovers\n|upkeep\n|\n|t:|1700445299\n|switch|p1a: Ogerpon|Ogerpon-Wellspring, F|100\/100\n|turn|19\n|\n|t:|1700445303\n|move|p1a: Ogerpon|Ivy Cudgel|p2a: Skeledirge|[anim] Ivy Cudgel Water\n|-supereffective|p2a: Skeledirge\n|-damage|p2a: Skeledirge|0 fnt\n|faint|p2a: Skeledirge\n|\n|win|downfall18\n|c|\u2606downfall18|gg\n|c|\u2606DufauxZac|Made changes mid game I'm good\n|c|\u2606DufauxZac|To go\n|c|\u2606downfall18|okay bet\n|l|\u2606DufauxZac\n","uploadtime":1700445635,"views":30,"p1id":"downfall18","p2id":"dufauxzac","formatid":"gen9nationaldex","rating":0,"private":0,"password":""}