{"id":"gen9nationaldex-1988374054","p1":"SatsujinOreo","p2":"A_Y_GGD_LMFAO","format":"[Gen 9] National Dex","log":"|j|\u2606SatsujinOreo\n|j|\u2606A_Y_GGD_LMFAO\n|t:|1699715574\n|gametype|singles\n|player|p1|SatsujinOreo|n|1112\n|player|p2|A_Y_GGD_LMFAO|ltsurge|1179\n|teamsize|p1|6\n|teamsize|p2|6\n|gen|9\n|tier|[Gen 9] National Dex\n|rated|\n|rule|HP Percentage Mod: HP is shown in percentages\n|rule|Endless Battle Clause: Forcing endless battles is banned\n|rule|OHKO Clause: OHKO moves are banned\n|rule|Evasion Clause: Evasion abilities, items, and moves are banned\n|rule|Evasion Abilities Clause: Evasion abilities are banned\n|rule|Evasion Items Clause: Evasion items are banned\n|rule|Evasion Moves Clause: Evasion moves are banned\n|rule|Species Clause: Limit one of each Pok\u00e9mon\n|rule|Sleep Clause Mod: Limit one foe put to sleep\n|clearpoke\n|poke|p1|Persian-Alola, F|\n|poke|p1|Drapion, F|\n|poke|p1|Crawdaunt, M|\n|poke|p1|Tyranitar, M|\n|poke|p1|Greninja-*, M|\n|poke|p1|Malamar, M|\n|poke|p2|Arcanine-Hisui, F|\n|poke|p2|Kleavor, M|\n|poke|p2|Glimmora, F|\n|poke|p2|Tyranitar, F|\n|poke|p2|Ogerpon-Cornerstone, F|\n|poke|p2|Avalugg-Hisui, M|\n|teampreview\n|inactive|Battle timer is ON: inactive players will automatically lose when time's up. (requested by A_Y_GGD_LMFAO)\n|c|\u2606A_Y_GGD_LMFAO|ayy LMFAO\n|c|\u2606A_Y_GGD_LMFAO|nice\n|inactive|A_Y_GGD_LMFAO has 120 seconds left.\n|c|\u2606SatsujinOreo|Thanks\n|c|\u2606SatsujinOreo|Nice rock team\n|\n|t:|1699715634\n|start\n|switch|p1a: Persian|Persian-Alola, F|100\/100\n|switch|p2a: Kleavor|Kleavor, M|100\/100\n|turn|1\n|\n|t:|1699715659\n|-zpower|p1a: Persian\n|move|p1a: Persian|Z-Hypnosis|p2a: Kleavor|[anim]Hypnosis\n|-boost|p1a: Persian|spe|1|[zeffect]\n|-status|p2a: Kleavor|slp|[from] move: Hypnosis\n|cant|p2a: Kleavor|slp\n|\n|upkeep\n|turn|2\n|c|\u2606A_Y_GGD_LMFAO|nice dark team. i had a lot of the same mons on mine AND my alolan persian was a z move user too\n|inactive|A_Y_GGD_LMFAO has 120 seconds left.\n|\n|t:|1699715687\n|move|p1a: Persian|Nasty Plot|p1a: Persian\n|-boost|p1a: Persian|spa|2\n|cant|p2a: Kleavor|slp\n|\n|upkeep\n|turn|3\n|c|\u2606SatsujinOreo|Interesting\n|\n|t:|1699715710\n|move|p1a: Persian|Dark Pulse|p2a: Kleavor\n|-damage|p2a: Kleavor|41\/100 slp\n|-curestatus|p2a: Kleavor|slp|[msg]\n|move|p2a: Kleavor|X-Scissor|p1a: Persian\n|-supereffective|p1a: Persian\n|-damage|p1a: Persian|0 fnt\n|faint|p1a: Persian\n|\n|upkeep\n|\n|t:|1699715718\n|switch|p1a: Greninja|Greninja, M|100\/100\n|turn|4\n|\n|t:|1699715723\n|move|p1a: Greninja|Waterfall|p2a: Kleavor\n|-supereffective|p2a: Kleavor\n|-damage|p2a: Kleavor|0 fnt\n|faint|p2a: Kleavor\n|-ability|p1a: Greninja|Battle Bond|boost\n|-boost|p1a: Greninja|atk|1\n|-boost|p1a: Greninja|spa|1\n|-boost|p1a: Greninja|spe|1\n|-activate|p1a: Greninja|ability: Battle Bond\n|\n|upkeep\n|inactive|A_Y_GGD_LMFAO has 120 seconds left.\n|\n|t:|1699715756\n|switch|p2a: Avalugg|Avalugg-Hisui, M|100\/100\n|turn|5\n|\n|t:|1699715760\n|move|p1a: Greninja|Substitute|p1a: Greninja\n|-start|p1a: Greninja|Substitute\n|-damage|p1a: Greninja|76\/100\n|move|p2a: Avalugg|Body Press|p1a: Greninja\n|-supereffective|p1a: Greninja\n|-end|p1a: Greninja|Substitute\n|\n|-heal|p1a: Greninja|82\/100|[from] item: Leftovers\n|upkeep\n|turn|6\n|\n|t:|1699715768\n|-terastallize|p1a: Greninja|Poison\n|move|p1a: Greninja|Waterfall|p2a: Avalugg\n|-supereffective|p2a: Avalugg\n|-damage|p2a: Avalugg|38\/100\n|cant|p2a: Avalugg|flinch\n|\n|-heal|p1a: Greninja|88\/100|[from] item: Leftovers\n|upkeep\n|turn|7\n|inactive|A_Y_GGD_LMFAO has 120 seconds left.\n|\n|t:|1699715812\n|move|p1a: Greninja|Substitute|p1a: Greninja\n|-start|p1a: Greninja|Substitute\n|-damage|p1a: Greninja|63\/100\n|move|p2a: Avalugg|Body Press|p1a: Greninja\n|-resisted|p1a: Greninja\n|-end|p1a: Greninja|Substitute\n|\n|-heal|p1a: Greninja|69\/100|[from] item: Leftovers\n|upkeep\n|turn|8\n|\n|t:|1699715826\n|move|p1a: Greninja|Waterfall|p2a: Avalugg\n|-supereffective|p2a: Avalugg\n|-crit|p2a: Avalugg\n|-damage|p2a: Avalugg|0 fnt\n|faint|p2a: Avalugg\n|\n|-heal|p1a: Greninja|75\/100|[from] item: Leftovers\n|upkeep\n|\n|t:|1699715843\n|switch|p2a: Ogerpon|Ogerpon-Cornerstone, F|100\/100\n|turn|9\n|\n|t:|1699715848\n|move|p1a: Greninja|Waterfall|p2a: Ogerpon\n|-damage|p2a: Ogerpon|35\/100\n|cant|p2a: Ogerpon|flinch\n|\n|-heal|p1a: Greninja|80\/100|[from] item: Leftovers\n|upkeep\n|turn|10\n|\n|t:|1699715852\n|move|p1a: Greninja|Waterfall|p2a: Ogerpon\n|-damage|p2a: Ogerpon|0 fnt\n|faint|p2a: Ogerpon\n|\n|-heal|p1a: Greninja|86\/100|[from] item: Leftovers\n|upkeep\n|\n|t:|1699715855\n|switch|p2a: Tyranitar|Tyranitar, F|100\/100\n|-weather|Sandstorm|[from] ability: Sand Stream|[of] p2a: Tyranitar\n|turn|11\n|\n|t:|1699715864\n|move|p1a: Greninja|Substitute|p1a: Greninja\n|-start|p1a: Greninja|Substitute\n|-damage|p1a: Greninja|62\/100\n|move|p2a: Tyranitar|Stone Edge|p1a: Greninja\n|-end|p1a: Greninja|Substitute\n|\n|-weather|Sandstorm|[upkeep]\n|-damage|p1a: Greninja|56\/100|[from] Sandstorm\n|-heal|p1a: Greninja|62\/100|[from] item: Leftovers\n|upkeep\n|turn|12\n|\n|t:|1699715870\n|move|p1a: Greninja|Swords Dance|p1a: Greninja\n|-boost|p1a: Greninja|atk|2\n|move|p2a: Tyranitar|Earthquake|p1a: Greninja\n|-supereffective|p1a: Greninja\n|-damage|p1a: Greninja|0 fnt\n|faint|p1a: Greninja\n|\n|-weather|Sandstorm|[upkeep]\n|upkeep\n|\n|t:|1699715874\n|switch|p1a: Crawdaunt|Crawdaunt, M|100\/100\n|turn|13\n|\n|t:|1699715881\n|move|p2a: Tyranitar|Stone Edge|p1a: Crawdaunt\n|-damage|p1a: Crawdaunt|25\/100\n|move|p1a: Crawdaunt|Dragon Dance|p1a: Crawdaunt\n|-boost|p1a: Crawdaunt|atk|1\n|-boost|p1a: Crawdaunt|spe|1\n|\n|-weather|Sandstorm|[upkeep]\n|-damage|p1a: Crawdaunt|19\/100|[from] Sandstorm\n|-heal|p1a: Crawdaunt|25\/100|[from] item: Leftovers\n|upkeep\n|turn|14\n|\n|t:|1699715894\n|detailschange|p2a: Tyranitar|Tyranitar-Mega, F\n|-mega|p2a: Tyranitar|Tyranitar|Tyranitarite\n|move|p1a: Crawdaunt|Crabhammer|p2a: Tyranitar\n|-supereffective|p2a: Tyranitar\n|-damage|p2a: Tyranitar|0 fnt\n|faint|p2a: Tyranitar\n|\n|-weather|Sandstorm|[upkeep]\n|-damage|p1a: Crawdaunt|19\/100|[from] Sandstorm\n|-heal|p1a: Crawdaunt|25\/100|[from] item: Leftovers\n|upkeep\n|\n|t:|1699715901\n|switch|p2a: Arcanine|Arcanine-Hisui, F|100\/100\n|turn|15\n|c|\u2606A_Y_GGD_LMFAO|forgot i had mega lol\n|c|\u2606SatsujinOreo|Lol\n|\n|t:|1699715927\n|move|p1a: Crawdaunt|Aqua Jet|p2a: Arcanine\n|-supereffective|p2a: Arcanine\n|-crit|p2a: Arcanine\n|-damage|p2a: Arcanine|0 fnt\n|faint|p2a: Arcanine\n|\n|-weather|none\n|-heal|p1a: Crawdaunt|31\/100|[from] item: Leftovers\n|upkeep\n|\n|t:|1699715929\n|switch|p2a: Glimmora|Glimmora, F|100\/100\n|-item|p2a: Glimmora|Air Balloon\n|turn|16\n|\n|t:|1699715936\n|move|p1a: Crawdaunt|Crabhammer|p2a: Glimmora\n|-supereffective|p2a: Glimmora\n|-damage|p2a: Glimmora|0 fnt\n|-activate|p2a: Glimmora|ability: Toxic Debris\n|-sidestart|p1: SatsujinOreo|move: Toxic Spikes\n|-enditem|p2a: Glimmora|Air Balloon\n|faint|p2a: Glimmora\n|\n|win|SatsujinOreo\n|raw|SatsujinOreo's rating: 1112 &rarr; <strong>1142<\/strong><br \/>(+30 for winning)\n|raw|A_Y_GGD_LMFAO's rating: 1179 &rarr; <strong>1149<\/strong><br \/>(-30 for losing)\n|c|\u2606A_Y_GGD_LMFAO|good game dawg LMFAO\n|c|\u2606SatsujinOreo|Gg\n","uploadtime":1699715957,"views":7,"p1id":"satsujinoreo","p2id":"ayggdlmfao","formatid":"gen9nationaldex","rating":1142,"private":0,"password":""}