{"id":"gen9nationaldex-1996105836","p1":"Miku Nakano ily","p2":"batmanga","format":"[Gen 9] National Dex","log":"|html|<div class=\"broadcast-blue\"><strong>[Gen 9] National Dex is currently suspecting Sneasler! For information on how to participate check out the <a href=\"https:\/\/www.smogon.com\/forums\/threads\/sv-national-dex-suspect-8-just-dance.3731534\/\">suspect thread<\/a>.<\/strong><\/div>\n|j|\u2606Miku Nakano ily\n|j|\u2606batmanga\n|inactive|Battle timer is ON: inactive players will automatically lose when time's up.\n|t:|1700644979\n|gametype|singles\n|player|p1|Miku Nakano ily|red|\n|player|p2|batmanga|riley|\n|teamsize|p1|6\n|teamsize|p2|6\n|gen|9\n|tier|[Gen 9] National Dex\n|rated|Tournament battle\n|rule|HP Percentage Mod: HP is shown in percentages\n|rule|Endless Battle Clause: Forcing endless battles is banned\n|rule|OHKO Clause: OHKO moves are banned\n|rule|Evasion Clause: Evasion abilities, items, and moves are banned\n|rule|Evasion Abilities Clause: Evasion abilities are banned\n|rule|Evasion Items Clause: Evasion items are banned\n|rule|Evasion Moves Clause: Evasion moves are banned\n|rule|Species Clause: Limit one of each Pok\u00e9mon\n|rule|Sleep Clause Mod: Limit one foe put to sleep\n|clearpoke\n|poke|p1|Charizard, F|\n|poke|p1|Alomomola, F|\n|poke|p1|Slowking-Galar, F|\n|poke|p1|Iron Valiant|\n|poke|p1|Landorus-Therian, M|\n|poke|p1|Cinderace, F|\n|poke|p2|Slowking, F|\n|poke|p2|Zamazenta-*|\n|poke|p2|Raticate, M|\n|poke|p2|Skeledirge, M|\n|poke|p2|Arctozolt|\n|poke|p2|Abomasnow, M|\n|teampreview\n|inactive|Miku Nakano ily also wants the timer to be on.\n|c|\u2606Miku Nakano ily|hf\n|c|\u2606batmanga|hf\n|c|\u2606batmanga|One sec\n|inactive|batmanga has 120 seconds left.\n|inactive|batmanga has 90 seconds left.\n|\n|t:|1700645042\n|start\n|switch|p1a: Cinderace|Cinderace, F|100\/100\n|switch|p2a: RATKING.|Raticate, M, shiny|100\/100\n|turn|1\n|\n|t:|1700645050\n|switch|p2a: Ryomen Sukuna.|Skeledirge, M|100\/100\n|move|p1a: Cinderace|U-turn|p2a: Ryomen Sukuna.\n|-start|p1a: Cinderace|typechange|Bug|[from] ability: Libero\n|-resisted|p2a: Ryomen Sukuna.\n|-damage|p2a: Ryomen Sukuna.|96\/100\n|\n|t:|1700645058\n|switch|p1a: Landorus|Landorus-Therian, M|100\/100|[from] U-turn\n|-ability|p1a: Landorus|Intimidate|boost\n|-unboost|p2a: Ryomen Sukuna.|atk|1\n|\n|upkeep\n|turn|2\n|\n|t:|1700645064\n|switch|p2a: Willump.|Abomasnow, M, shiny|100\/100\n|-weather|Snow|[from] ability: Snow Warning|[of] p2a: Willump.\n|move|p1a: Landorus|Knock Off|p2a: Willump.\n|-damage|p2a: Willump.|89\/100\n|\n|-weather|Snow|[upkeep]\n|upkeep\n|turn|3\n|\n|t:|1700645071\n|switch|p1a: Cinderace|Cinderace, F|100\/100\n|detailschange|p2a: Willump.|Abomasnow-Mega, M, shiny\n|-mega|p2a: Willump.|Abomasnow|Abomasite\n|move|p2a: Willump.|Earthquake|p1a: Cinderace\n|-supereffective|p1a: Cinderace\n|-damage|p1a: Cinderace|16\/100\n|\n|-weather|Snow|[upkeep]\n|upkeep\n|turn|4\n|\n|t:|1700645079\n|switch|p2a: Ryomen Sukuna.|Skeledirge, M|96\/100\n|move|p1a: Cinderace|U-turn|p2a: Ryomen Sukuna.\n|-start|p1a: Cinderace|typechange|Bug|[from] ability: Libero\n|-resisted|p2a: Ryomen Sukuna.\n|-damage|p2a: Ryomen Sukuna.|91\/100\n|\n|t:|1700645086\n|switch|p1a: Landorus|Landorus-Therian, M|100\/100|[from] U-turn\n|-ability|p1a: Landorus|Intimidate|boost\n|-unboost|p2a: Ryomen Sukuna.|atk|1\n|\n|-weather|Snow|[upkeep]\n|upkeep\n|turn|5\n|\n|t:|1700645090\n|switch|p1a: Charizard|Charizard, F|100\/100\n|move|p2a: Ryomen Sukuna.|Will-O-Wisp|p1a: Charizard\n|-immune|p1a: Charizard\n|\n|-weather|Snow|[upkeep]\n|upkeep\n|turn|6\n|\n|t:|1700645096\n|switch|p2a: Pearl.|Slowking, F|100\/100\n|detailschange|p1a: Charizard|Charizard-Mega-Y, F\n|-mega|p1a: Charizard|Charizard|Charizardite Y\n|-weather|SunnyDay|[from] ability: Drought|[of] p1a: Charizard\n|move|p1a: Charizard|Scorching Sands|p2a: Pearl.\n|-damage|p2a: Pearl.|84\/100\n|\n|-weather|SunnyDay|[upkeep]\n|upkeep\n|turn|7\n|\n|t:|1700645108\n|move|p1a: Charizard|Air Slash|p2a: Pearl.\n|-damage|p2a: Pearl.|58\/100\n|move|p2a: Pearl.|Chilly Reception|p2a: Pearl.\n|-weather|Snow\n|\n|t:|1700645110\n|switch|p2a: Blueberry.|Arctozolt|100\/100|[from] Chilly Reception\n|\n|-weather|Snow|[upkeep]\n|upkeep\n|turn|8\n|\n|t:|1700645116\n|switch|p1a: Landorus|Landorus-Therian, M|100\/100\n|-ability|p1a: Landorus|Intimidate|boost\n|-unboost|p2a: Blueberry.|atk|1\n|move|p2a: Blueberry.|Substitute|p2a: Blueberry.\n|-start|p2a: Blueberry.|Substitute\n|-damage|p2a: Blueberry.|76\/100\n|\n|-weather|Snow|[upkeep]\n|upkeep\n|turn|9\n|\n|t:|1700645123\n|switch|p1a: Alomomola|Alomomola, F|100\/100\n|move|p2a: Blueberry.|Blizzard|p1a: Alomomola\n|-resisted|p1a: Alomomola\n|-damage|p1a: Alomomola|81\/100\n|\n|-weather|Snow|[upkeep]\n|upkeep\n|turn|10\n|\n|t:|1700645130\n|move|p1a: Alomomola|Protect|p1a: Alomomola\n|-singleturn|p1a: Alomomola|Protect\n|move|p2a: Blueberry.|Bolt Beak|p1a: Alomomola\n|-activate|p1a: Alomomola|move: Protect\n|\n|-weather|Snow|[upkeep]\n|upkeep\n|turn|11\n|\n|t:|1700645135\n|switch|p1a: Slowking|Slowking-Galar, F|100\/100\n|move|p2a: Blueberry.|Blizzard|p1a: Slowking\n|-damage|p1a: Slowking|79\/100\n|\n|-weather|Snow|[upkeep]\n|-heal|p1a: Slowking|85\/100|[from] item: Leftovers\n|upkeep\n|turn|12\n|\n|t:|1700645141\n|move|p2a: Blueberry.|Bolt Beak|p1a: Slowking\n|-damage|p1a: Slowking|29\/100\n|move|p1a: Slowking|Future Sight|p2a: Blueberry.\n|-start|p1a: Slowking|move: Future Sight\n|\n|-weather|Snow|[upkeep]\n|-heal|p1a: Slowking|35\/100|[from] item: Leftovers\n|upkeep\n|turn|13\n|\n|t:|1700645151\n|switch|p1a: Alomomola|Alomomola, F|100\/100\n|move|p2a: Blueberry.|Bolt Beak|p1a: Alomomola\n|-supereffective|p1a: Alomomola\n|-damage|p1a: Alomomola|46\/100\n|\n|-weather|Snow|[upkeep]\n|upkeep\n|turn|14\n|\n|t:|1700645160\n|switch|p1a: Landorus|Landorus-Therian, M|100\/100\n|-ability|p1a: Landorus|Intimidate|boost\n|-immune|p2a: Blueberry.\n|move|p2a: Blueberry.|Blizzard|p1a: Landorus\n|-supereffective|p1a: Landorus\n|-crit|p1a: Landorus\n|-damage|p1a: Landorus|0 fnt\n|faint|p1a: Landorus\n|\n|-weather|none\n|-end|p2a: Blueberry.|move: Future Sight\n|-end|p2a: Blueberry.|Substitute\n|upkeep\n|\n|t:|1700645165\n|switch|p1a: Charizard|Charizard-Mega-Y, F|100\/100\n|-weather|SunnyDay|[from] ability: Drought|[of] p1a: Charizard\n|turn|15\n|\n|t:|1700645172\n|switch|p2a: Pearl.|Slowking, F|91\/100\n|move|p1a: Charizard|Weather Ball|p2a: Pearl.\n|-resisted|p2a: Pearl.\n|-damage|p2a: Pearl.|66\/100\n|\n|-weather|SunnyDay|[upkeep]\n|upkeep\n|turn|16\n|\n|t:|1700645182\n|switch|p2a: Willump.|Abomasnow-Mega, M, shiny|89\/100\n|-weather|Snow|[from] ability: Snow Warning|[of] p2a: Willump.\n|move|p1a: Charizard|Solar Beam||[still]\n|-prepare|p1a: Charizard|Solar Beam\n|\n|-weather|Snow|[upkeep]\n|upkeep\n|turn|17\n|\n|t:|1700645198\n|switch|p2a: Vallar.|Zamazenta|100\/100\n|-ability|p2a: Vallar.|Dauntless Shield|boost\n|-boost|p2a: Vallar.|def|1\n|move|p1a: Charizard|Solar Beam|p2a: Vallar.|[from]lockedmove\n|-damage|p2a: Vallar.|79\/100\n|\n|-weather|Snow|[upkeep]\n|upkeep\n|turn|18\n|\n|t:|1700645206\n|switch|p1a: Alomomola|Alomomola, F|80\/100\n|move|p2a: Vallar.|Stone Edge|p1a: Alomomola|[miss]\n|-miss|p2a: Vallar.|p1a: Alomomola\n|\n|-weather|Snow|[upkeep]\n|upkeep\n|turn|19\n|\n|t:|1700645211\n|switch|p2a: RATKING.|Raticate, M, shiny|100\/100\n|move|p1a: Alomomola|Toxic|p2a: RATKING.\n|-status|p2a: RATKING.|tox\n|\n|-weather|Snow|[upkeep]\n|-damage|p2a: RATKING.|95\/100 tox|[from] psn\n|upkeep\n|turn|20\n|\n|t:|1700645217\n|move|p2a: RATKING.|Swords Dance|p2a: RATKING.\n|-boost|p2a: RATKING.|atk|2\n|move|p1a: Alomomola|Wish|p1a: Alomomola\n|\n|-weather|none\n|-damage|p2a: RATKING.|83\/100 tox|[from] psn\n|upkeep\n|turn|21\n|\n|t:|1700645224\n|move|p1a: Alomomola|Protect|p1a: Alomomola\n|-singleturn|p1a: Alomomola|Protect\n|move|p2a: RATKING.|Facade|p1a: Alomomola\n|-activate|p1a: Alomomola|move: Protect\n|\n|-heal|p1a: Alomomola|100\/100|[from] move: Wish|[wisher] Alomomola\n|-damage|p2a: RATKING.|65\/100 tox|[from] psn\n|upkeep\n|turn|22\n|\n|t:|1700645228\n|-terastallize|p2a: RATKING.|Normal\n|move|p2a: RATKING.|Facade|p1a: Alomomola\n|-damage|p1a: Alomomola|0 fnt\n|faint|p1a: Alomomola\n|\n|-damage|p2a: RATKING.|41\/100 tox|[from] psn\n|upkeep\n|\n|t:|1700645239\n|switch|p1a: Cinderace|Cinderace, F|16\/100\n|turn|23\n|\n|t:|1700645242\n|switch|p1a: Slowking|Slowking-Galar, F|68\/100\n|move|p2a: RATKING.|Sucker Punch||[still]\n|-fail|p2a: RATKING.\n|\n|-heal|p1a: Slowking|74\/100|[from] item: Leftovers\n|-damage|p2a: RATKING.|11\/100 tox|[from] psn\n|upkeep\n|turn|24\n|\n|t:|1700645248\n|move|p2a: RATKING.|Facade|p1a: Slowking\n|-damage|p1a: Slowking|0 fnt\n|faint|p1a: Slowking\n|\n|-damage|p2a: RATKING.|0 fnt|[from] psn\n|faint|p2a: RATKING.\n|upkeep\n|j| prince5\n|l| prince5\n|\n|t:|1700645254\n|switch|p2a: Pearl.|Slowking, F|99\/100\n|switch|p1a: Cinderace|Cinderace, F|16\/100\n|turn|25\n|\n|t:|1700645264\n|switch|p2a: Willump.|Abomasnow-Mega, M, shiny|89\/100\n|-weather|Snow|[from] ability: Snow Warning|[of] p2a: Willump.\n|move|p1a: Cinderace|U-turn|p2a: Willump.\n|-start|p1a: Cinderace|typechange|Bug|[from] ability: Libero\n|-supereffective|p2a: Willump.\n|-damage|p2a: Willump.|59\/100\n|\n|t:|1700645267\n|switch|p1a: Charizard|Charizard-Mega-Y, F|100\/100|[from] U-turn\n|-weather|SunnyDay|[from] ability: Drought|[of] p1a: Charizard\n|\n|-weather|SunnyDay|[upkeep]\n|upkeep\n|turn|26\n|\n|t:|1700645280\n|move|p1a: Charizard|Weather Ball|p2a: Willump.\n|-supereffective|p2a: Willump.\n|-damage|p2a: Willump.|0 fnt\n|faint|p2a: Willump.\n|\n|-weather|SunnyDay|[upkeep]\n|upkeep\n|\n|t:|1700645282\n|switch|p2a: Pearl.|Slowking, F|100\/100\n|turn|27\n|\n|t:|1700645285\n|move|p1a: Charizard|Solar Beam||[still]\n|-prepare|p1a: Charizard|Solar Beam\n|-anim|p1a: Charizard|Solar Beam|p2a: Pearl.\n|-supereffective|p2a: Pearl.\n|-damage|p2a: Pearl.|39\/100\n|move|p2a: Pearl.|Chilly Reception|p2a: Pearl.\n|-weather|Snow\n|\n|t:|1700645289\n|switch|p2a: Blueberry.|Arctozolt|76\/100|[from] Chilly Reception\n|\n|-weather|Snow|[upkeep]\n|upkeep\n|turn|28\n|\n|t:|1700645292\n|switch|p1a: Cinderace|Cinderace, F|16\/100\n|move|p2a: Blueberry.|Bolt Beak|p1a: Cinderace\n|-damage|p1a: Cinderace|0 fnt\n|faint|p1a: Cinderace\n|\n|-weather|Snow|[upkeep]\n|upkeep\n|\n|t:|1700645296\n|switch|p1a: Charizard|Charizard-Mega-Y, F|100\/100\n|-weather|SunnyDay|[from] ability: Drought|[of] p1a: Charizard\n|turn|29\n|\n|t:|1700645305\n|switch|p2a: Pearl.|Slowking, F|72\/100\n|move|p1a: Charizard|Weather Ball|p2a: Pearl.\n|-resisted|p2a: Pearl.\n|-damage|p2a: Pearl.|47\/100\n|\n|-weather|SunnyDay|[upkeep]\n|upkeep\n|turn|30\n|\n|t:|1700645316\n|switch|p2a: Ryomen Sukuna.|Skeledirge, M|91\/100\n|move|p1a: Charizard|Solar Beam||[still]\n|-prepare|p1a: Charizard|Solar Beam\n|-anim|p1a: Charizard|Solar Beam|p2a: Ryomen Sukuna.\n|-resisted|p2a: Ryomen Sukuna.\n|-damage|p2a: Ryomen Sukuna.|67\/100\n|\n|-weather|SunnyDay|[upkeep]\n|upkeep\n|turn|31\n|\n|t:|1700645322\n|move|p1a: Charizard|Scorching Sands|p2a: Ryomen Sukuna.\n|-supereffective|p2a: Ryomen Sukuna.\n|-damage|p2a: Ryomen Sukuna.|9\/100\n|move|p2a: Ryomen Sukuna.|Slack Off|p2a: Ryomen Sukuna.\n|-heal|p2a: Ryomen Sukuna.|59\/100\n|\n|-weather|SunnyDay|[upkeep]\n|upkeep\n|turn|32\n|\n|t:|1700645327\n|move|p1a: Charizard|Scorching Sands|p2a: Ryomen Sukuna.\n|-supereffective|p2a: Ryomen Sukuna.\n|-damage|p2a: Ryomen Sukuna.|0 fnt\n|faint|p2a: Ryomen Sukuna.\n|\n|-weather|SunnyDay|[upkeep]\n|upkeep\n|\n|t:|1700645330\n|switch|p2a: Vallar.|Zamazenta|79\/100\n|turn|33\n|\n|t:|1700645334\n|move|p2a: Vallar.|Stone Edge|p1a: Charizard\n|-supereffective|p1a: Charizard\n|-damage|p1a: Charizard|0 fnt\n|faint|p1a: Charizard\n|\n|-weather|none\n|upkeep\n|\n|t:|1700645337\n|switch|p1a: Iron Valiant|Iron Valiant, shiny|100\/100\n|-enditem|p1a: Iron Valiant|Booster Energy\n|-activate|p1a: Iron Valiant|ability: Quark Drive|[fromitem]\n|-start|p1a: Iron Valiant|quarkdrivespe\n|turn|34\n|\n|t:|1700645340\n|move|p1a: Iron Valiant|Swords Dance|p1a: Iron Valiant\n|-boost|p1a: Iron Valiant|atk|2\n|move|p2a: Vallar.|Stone Edge|p1a: Iron Valiant\n|-resisted|p1a: Iron Valiant\n|-crit|p1a: Iron Valiant\n|-damage|p1a: Iron Valiant|50\/100\n|\n|upkeep\n|turn|35\n|\n|t:|1700645348\n|move|p1a: Iron Valiant|Swords Dance|p1a: Iron Valiant\n|-boost|p1a: Iron Valiant|atk|2\n|move|p2a: Vallar.|Stone Edge|p1a: Iron Valiant|[miss]\n|-miss|p2a: Vallar.|p1a: Iron Valiant\n|\n|upkeep\n|turn|36\n|\n|t:|1700645352\n|move|p1a: Iron Valiant|Spirit Break|p2a: Vallar.\n|-supereffective|p2a: Vallar.\n|-damage|p2a: Vallar.|0 fnt\n|faint|p2a: Vallar.\n|\n|upkeep\n|\n|t:|1700645356\n|switch|p2a: Pearl.|Slowking, F|80\/100\n|turn|37\n|\n|t:|1700645361\n|-terastallize|p1a: Iron Valiant|Steel\n|move|p1a: Iron Valiant|Spirit Break|p2a: Pearl.\n|-damage|p2a: Pearl.|0 fnt\n|faint|p2a: Pearl.\n|\n|upkeep\n|-message|batmanga forfeited.\n|\n|win|Miku Nakano ily\n|n|\u2606Miku Nakano ily|mikunakanoily\n|n|\u2606batmanga|batmanga\n|l|\u2606Miku Nakano ily\n|j| Zur12\n","uploadtime":1700645387,"views":8,"p1id":"mikunakanoily","p2id":"batmanga","formatid":"gen9nationaldex","rating":0,"private":0,"password":""}