{"id":"gen9nationaldex-1990504124","p1":"Sand54","p2":"loch2009","format":"[Gen 9] National Dex","log":"|j|\u2606Sand54\n|j|\u2606loch2009\n|t:|1699976861\n|gametype|singles\n|player|p1|Sand54|preschooler|1242\n|player|p2|loch2009|lance|1197\n|teamsize|p1|6\n|teamsize|p2|6\n|gen|9\n|tier|[Gen 9] National Dex\n|rated|\n|rule|HP Percentage Mod: HP is shown in percentages\n|rule|Endless Battle Clause: Forcing endless battles is banned\n|rule|OHKO Clause: OHKO moves are banned\n|rule|Evasion Clause: Evasion abilities, items, and moves are banned\n|rule|Evasion Abilities Clause: Evasion abilities are banned\n|rule|Evasion Items Clause: Evasion items are banned\n|rule|Evasion Moves Clause: Evasion moves are banned\n|rule|Species Clause: Limit one of each Pok\u00e9mon\n|rule|Sleep Clause Mod: Limit one foe put to sleep\n|clearpoke\n|poke|p1|Absol, M|\n|poke|p1|Corviknight, F|\n|poke|p1|Honchkrow, F|\n|poke|p1|Weavile, M|\n|poke|p1|Meowscarada, F|\n|poke|p1|Garchomp, F|\n|poke|p2|Dragonite, F|\n|poke|p2|Garchomp, F|\n|poke|p2|Kommo-o, F|\n|poke|p2|Hydreigon, F|\n|poke|p2|Goodra-Hisui, M|\n|poke|p2|Druddigon, F|\n|teampreview\n|j| Dark Umbreon 08\n|l| Dark Umbreon 08\n|inactive|Battle timer is ON: inactive players will automatically lose when time's up. (requested by Sand54)\n|c|\u2606loch2009|\"I've been waiting for you. sand54 ! I knew that you, with your skills, would eventually reach me here. There's no need for words now. We will battle to determine who is the stronger of the two of us. As the most powerful trainer and as the Pok\u00e9mon League Champion\u2026 I, Lance the dragon master, accept your challenge!\n|\n|t:|1699976897\n|start\n|switch|p1a: Garchomp|Garchomp, F|100\/100\n|switch|p2a: Druddigon|Druddigon, F|100\/100\n|turn|1\n|\n|t:|1699976906\n|move|p1a: Garchomp|Dragon Claw|p2a: Druddigon\n|-supereffective|p2a: Druddigon\n|-damage|p2a: Druddigon|10\/100\n|-damage|p1a: Garchomp|88\/100|[from] ability: Rough Skin|[of] p2a: Druddigon\n|-damage|p1a: Garchomp|72\/100|[from] item: Rocky Helmet|[of] p2a: Druddigon\n|move|p2a: Druddigon|Glare|p1a: Garchomp\n|-status|p1a: Garchomp|par\n|\n|upkeep\n|turn|2\n|\n|t:|1699976912\n|cant|p1a: Garchomp|par\n|move|p2a: Druddigon|Stealth Rock|p1a: Garchomp\n|-sidestart|p1: Sand54|move: Stealth Rock\n|\n|upkeep\n|turn|3\n|\n|t:|1699976919\n|cant|p1a: Garchomp|par\n|move|p2a: Druddigon|Dragon Claw|p1a: Garchomp\n|-supereffective|p1a: Garchomp\n|-damage|p1a: Garchomp|0 fnt\n|-damage|p2a: Druddigon|0 fnt|[from] ability: Rough Skin|[of] p1a: Garchomp\n|faint|p1a: Garchomp\n|faint|p2a: Druddigon\n|\n|upkeep\n|\n|t:|1699976933\n|switch|p1a: Hyperion|Corviknight, F, shiny|100\/100\n|switch|p2a: Goodra|Goodra-Hisui, M|100\/100\n|-damage|p1a: Hyperion|88\/100|[from] Stealth Rock\n|-ability|p1a: Hyperion|Pressure\n|turn|4\n|\n|t:|1699976950\n|move|p1a: Hyperion|U-turn|p2a: Goodra\n|-resisted|p2a: Goodra\n|-damage|p2a: Goodra|91\/100\n|\n|t:|1699976955\n|switch|p1a: Magenta|Honchkrow, F, shiny|100\/100|[from] U-turn\n|-damage|p1a: Magenta|76\/100|[from] Stealth Rock\n|move|p2a: Goodra|Acid Armor|p2a: Goodra\n|-boost|p2a: Goodra|def|2\n|\n|-heal|p2a: Goodra|97\/100|[from] item: Leftovers\n|upkeep\n|turn|5\n|\n|t:|1699976983\n|move|p1a: Magenta|Lash Out|p2a: Goodra\n|-damage|p2a: Goodra|77\/100\n|move|p2a: Goodra|Dragon Pulse|p1a: Magenta\n|-damage|p1a: Magenta|20\/100\n|\n|-heal|p2a: Goodra|83\/100|[from] item: Leftovers\n|upkeep\n|turn|6\n|\n|t:|1699976996\n|move|p1a: Magenta|Lash Out|p2a: Goodra\n|-damage|p2a: Goodra|61\/100\n|move|p2a: Goodra|Acid Armor|p2a: Goodra\n|-boost|p2a: Goodra|def|2\n|\n|-heal|p2a: Goodra|67\/100|[from] item: Leftovers\n|upkeep\n|turn|7\n|\n|t:|1699977004\n|move|p1a: Magenta|Lash Out|p2a: Goodra\n|-damage|p2a: Goodra|54\/100\n|move|p2a: Goodra|Dragon Pulse|p1a: Magenta\n|-damage|p1a: Magenta|0 fnt\n|faint|p1a: Magenta\n|\n|-heal|p2a: Goodra|60\/100|[from] item: Leftovers\n|upkeep\n|\n|t:|1699977012\n|switch|p1a: Weavile|Weavile, M|100\/100\n|-damage|p1a: Weavile|76\/100|[from] Stealth Rock\n|-ability|p1a: Weavile|Pressure\n|turn|8\n|\n|t:|1699977024\n|move|p1a: Weavile|Fake Out|p2a: Goodra\n|-resisted|p2a: Goodra\n|-damage|p2a: Goodra|57\/100\n|cant|p2a: Goodra|flinch\n|\n|-heal|p2a: Goodra|63\/100|[from] item: Leftovers\n|upkeep\n|turn|9\n|\n|t:|1699977029\n|move|p1a: Weavile|Knock Off|p2a: Goodra\n|-damage|p2a: Goodra|47\/100\n|-enditem|p2a: Goodra|Leftovers|[from] move: Knock Off|[of] p1a: Weavile\n|move|p2a: Goodra|Flash Cannon|p1a: Weavile\n|-supereffective|p1a: Weavile\n|-damage|p1a: Weavile|0 fnt\n|faint|p1a: Weavile\n|\n|upkeep\n|\n|t:|1699977039\n|switch|p1a: Edgy|Absol, M, shiny|100\/100\n|-damage|p1a: Edgy|88\/100|[from] Stealth Rock\n|-ability|p1a: Edgy|Pressure\n|turn|10\n|\n|t:|1699977052\n|detailschange|p1a: Edgy|Absol-Mega, M, shiny\n|-mega|p1a: Edgy|Absol|Absolite\n|move|p1a: Edgy|Sucker Punch|p2a: Goodra\n|-damage|p2a: Goodra|35\/100\n|move|p2a: Goodra|Dragon Pulse|p1a: Edgy\n|-damage|p1a: Edgy|17\/100\n|\n|upkeep\n|turn|11\n|\n|t:|1699977060\n|move|p1a: Edgy|Sucker Punch|p2a: Goodra\n|-damage|p2a: Goodra|22\/100\n|move|p2a: Goodra|Dragon Pulse|p1a: Edgy\n|-damage|p1a: Edgy|0 fnt\n|faint|p1a: Edgy\n|\n|upkeep\n|\n|t:|1699977065\n|switch|p1a: Meowscarada|Meowscarada, F, shiny|100\/100\n|-damage|p1a: Meowscarada|88\/100|[from] Stealth Rock\n|turn|12\n|\n|t:|1699977083\n|move|p1a: Meowscarada|Knock Off|p2a: Goodra\n|-start|p1a: Meowscarada|typechange|Dark|[from] ability: Protean\n|-damage|p2a: Goodra|13\/100\n|move|p2a: Goodra|Flamethrower|p1a: Meowscarada\n|-damage|p1a: Meowscarada|51\/100\n|\n|upkeep\n|turn|13\n|\n|t:|1699977097\n|move|p1a: Meowscarada|Knock Off|p2a: Goodra\n|-damage|p2a: Goodra|2\/100\n|move|p2a: Goodra|Dragon Pulse|p1a: Meowscarada\n|-damage|p1a: Meowscarada|2\/100\n|\n|upkeep\n|turn|14\n|\n|t:|1699977103\n|move|p1a: Meowscarada|Knock Off|p2a: Goodra\n|-damage|p2a: Goodra|0 fnt\n|faint|p2a: Goodra\n|\n|upkeep\n|\n|t:|1699977111\n|switch|p2a: Kommo-o|Kommo-o, F|100\/100\n|turn|15\n|\n|t:|1699977116\n|move|p1a: Meowscarada|Acrobatics|p2a: Kommo-o\n|-supereffective|p2a: Kommo-o\n|-damage|p2a: Kommo-o|30\/100\n|-zpower|p2a: Kommo-o\n|move|p2a: Kommo-o|Clangorous Soulblaze|p1a: Meowscarada|[zeffect]\n|-damage|p1a: Meowscarada|0 fnt\n|faint|p1a: Meowscarada\n|-boost|p2a: Kommo-o|atk|1\n|-boost|p2a: Kommo-o|def|1\n|-boost|p2a: Kommo-o|spa|1\n|-boost|p2a: Kommo-o|spd|1\n|-boost|p2a: Kommo-o|spe|1\n|\n|upkeep\n|\n|t:|1699977119\n|switch|p1a: Hyperion|Corviknight, F, shiny|88\/100\n|-damage|p1a: Hyperion|76\/100|[from] Stealth Rock\n|-ability|p1a: Hyperion|Pressure\n|turn|16\n|\n|t:|1699977135\n|-terastallize|p1a: Hyperion|Flying\n|move|p2a: Kommo-o|Flamethrower|p1a: Hyperion\n|-damage|p1a: Hyperion|28\/100\n|move|p1a: Hyperion|Brave Bird|p2a: Kommo-o\n|-supereffective|p2a: Kommo-o\n|-damage|p2a: Kommo-o|0 fnt\n|faint|p2a: Kommo-o\n|-damage|p1a: Hyperion|19\/100|[from] Recoil\n|-enditem|p1a: Hyperion|Aguav Berry|[eat]\n|-heal|p1a: Hyperion|53\/100|[from] item: Aguav Berry\n|\n|upkeep\n|\n|t:|1699977146\n|switch|p2a: Hydreigon|Hydreigon, F|100\/100\n|turn|17\n|\n|t:|1699977151\n|move|p2a: Hydreigon|Draco Meteor|p1a: Hyperion|[miss]\n|-miss|p2a: Hydreigon|p1a: Hyperion\n|move|p1a: Hyperion|Roost|p1a: Hyperion\n|-heal|p1a: Hyperion|100\/100\n|-hint|If a Flying Terastallized Pokemon uses Roost, it remains Flying-type.\n|\n|upkeep\n|turn|18\n|c|\u2606loch2009|nice attempt a beating me\n|\n|t:|1699977161\n|move|p2a: Hydreigon|Draco Meteor|p1a: Hyperion\n|-damage|p1a: Hyperion|27\/100\n|-unboost|p2a: Hydreigon|spa|2\n|move|p1a: Hyperion|U-turn|p2a: Hydreigon\n|-supereffective|p2a: Hydreigon\n|-damage|p2a: Hydreigon|57\/100\n|\n|upkeep\n|turn|19\n|\n|t:|1699977169\n|move|p2a: Hydreigon|Draco Meteor|p1a: Hyperion\n|-damage|p1a: Hyperion|0 fnt\n|-unboost|p2a: Hydreigon|spa|2\n|faint|p1a: Hyperion\n|\n|win|loch2009\n|raw|Sand54's rating: 1242 &rarr; <strong>1214<\/strong><br \/>(-28 for losing)\n|raw|loch2009's rating: 1197 &rarr; <strong>1225<\/strong><br \/>(+28 for winning)\n|l|\u2606Sand54\n|j| SegaSunnyD\n|l| SegaSunnyD\n|j| OuterDreams\n|j| MOUTH OF SOUTH\n|l| MOUTH OF SOUTH\n|j| Mr Beerman\n|l| Mr Beerman\n|l| OuterDreams\n","uploadtime":1699977265,"views":3,"p1id":"sand54","p2id":"loch2009","formatid":"gen9nationaldex","rating":1214,"private":0,"password":""}