{"id":"gen9nationaldex-1998150749","p1":"baigu2","p2":"ordja2","format":"[Gen 9] National Dex","log":"|html|<div class=\"broadcast-blue\"><strong>[Gen 9] National Dex is currently suspecting Sneasler! For information on how to participate check out the <a href=\"https:\/\/www.smogon.com\/forums\/threads\/sv-national-dex-suspect-8-just-dance.3731534\/\">suspect thread<\/a>.<\/strong><\/div>\n|j|\u2606baigu2\n|j|\u2606ordja2\n|t:|1700901230\n|gametype|singles\n|player|p1|baigu2|265|1815\n|player|p2|ordja2|169|1745\n|teamsize|p1|6\n|teamsize|p2|6\n|gen|9\n|tier|[Gen 9] National Dex\n|rated|\n|rule|HP Percentage Mod: HP is shown in percentages\n|rule|Endless Battle Clause: Forcing endless battles is banned\n|rule|OHKO Clause: OHKO moves are banned\n|rule|Evasion Clause: Evasion abilities, items, and moves are banned\n|rule|Evasion Abilities Clause: Evasion abilities are banned\n|rule|Evasion Items Clause: Evasion items are banned\n|rule|Evasion Moves Clause: Evasion moves are banned\n|rule|Species Clause: Limit one of each Pok\u00e9mon\n|rule|Sleep Clause Mod: Limit one foe put to sleep\n|clearpoke\n|poke|p1|Ursaluna, M|\n|poke|p1|Slowking, M|\n|poke|p1|Corviknight, F|\n|poke|p1|Hoopa-Unbound|\n|poke|p1|Dragonite, F|\n|poke|p1|Tapu Koko|\n|poke|p2|Garchomp, M|\n|poke|p2|Ogerpon-Wellspring, F|\n|poke|p2|Dondozo, F|\n|poke|p2|Charizard, F|\n|poke|p2|Zapdos|\n|poke|p2|Chansey, F|\n|teampreview\n|\n|t:|1700901247\n|start\n|switch|p1a: Tapu Koko|Tapu Koko|100\/100\n|switch|p2a: Garchomp|Garchomp, M|100\/100\n|-fieldstart|move: Electric Terrain|[from] ability: Electric Surge|[of] p1a: Tapu Koko\n|turn|1\n|\n|t:|1700901255\n|switch|p1a: Corviknight|Corviknight, F|100\/100\n|-ability|p1a: Corviknight|Pressure\n|-terastallize|p2a: Garchomp|Ground\n|move|p2a: Garchomp|Stealth Rock|p1a: Corviknight\n|-sidestart|p1: baigu2|move: Stealth Rock\n|\n|upkeep\n|turn|2\n|\n|t:|1700901270\n|switch|p2a: Charizard|Charizard, F|100\/100\n|move|p1a: Corviknight|Defog|p2a: Charizard\n|-unboost|p2a: Charizard|evasion|1\n|-sideend|p1: baigu2|Stealth Rock|[from] move: Defog|[of] p1a: Corviknight\n|-fieldend|move: Electric Terrain\n|\n|upkeep\n|turn|3\n|\n|t:|1700901277\n|move|p2a: Charizard|Dragon Dance|p2a: Charizard\n|-boost|p2a: Charizard|atk|1\n|-boost|p2a: Charizard|spe|1\n|move|p1a: Corviknight|U-turn|p2a: Charizard\n|-resisted|p2a: Charizard\n|-crit|p2a: Charizard\n|-damage|p2a: Charizard|93\/100\n|\n|t:|1700901281\n|switch|p1a: Dragonite|Dragonite, F|100\/100|[from] U-turn\n|\n|upkeep\n|turn|4\n|\n|t:|1700901287\n|detailschange|p2a: Charizard|Charizard-Mega-X, F\n|-mega|p2a: Charizard|Charizard|Charizardite X\n|move|p2a: Charizard|Dragon Claw|p1a: Dragonite\n|-supereffective|p1a: Dragonite\n|-damage|p1a: Dragonite|17\/100\n|move|p1a: Dragonite|Outrage|p2a: Charizard\n|-supereffective|p2a: Charizard\n|-damage|p2a: Charizard|0 fnt\n|faint|p2a: Charizard\n|\n|upkeep\n|\n|t:|1700901300\n|switch|p2a: Ogerpon|Ogerpon-Wellspring, F|100\/100\n|turn|5\n|\n|t:|1700901305\n|move|p2a: Ogerpon|Ivy Cudgel|p1a: Dragonite|[anim] Ivy Cudgel Water\n|-resisted|p1a: Dragonite\n|-damage|p1a: Dragonite|0 fnt\n|faint|p1a: Dragonite\n|\n|upkeep\n|\n|t:|1700901311\n|switch|p1a: Tapu Koko|Tapu Koko|100\/100\n|-fieldstart|move: Electric Terrain|[from] ability: Electric Surge|[of] p1a: Tapu Koko\n|turn|6\n|\n|t:|1700901317\n|switch|p2a: Garchomp|Garchomp, M, tera:Ground|100\/100\n|move|p1a: Tapu Koko|Dazzling Gleam|p2a: Garchomp\n|-damage|p2a: Garchomp|47\/100\n|\n|upkeep\n|turn|7\n|\n|t:|1700901322\n|switch|p2a: Chansey|Chansey, F|100\/100\n|switch|p1a: Corviknight|Corviknight, F|100\/100\n|-ability|p1a: Corviknight|Pressure\n|\n|upkeep\n|turn|8\n|\n|t:|1700901328\n|move|p1a: Corviknight|U-turn|p2a: Chansey\n|-damage|p2a: Chansey|92\/100\n|\n|t:|1700901332\n|switch|p1a: \u718a\u5927|Ursaluna, M|100\/100|[from] U-turn\n|move|p2a: Chansey|Wish|p2a: Chansey\n|\n|-status|p1a: \u718a\u5927|brn|[from] item: Flame Orb\n|upkeep\n|turn|9\n|\n|t:|1700901341\n|switch|p2a: Dondozo|Dondozo, F|100\/100\n|-terastallize|p1a: \u718a\u5927|Normal\n|move|p1a: \u718a\u5927|Facade|p2a: Dondozo\n|-damage|p2a: Dondozo|27\/100\n|\n|-heal|p2a: Dondozo|96\/100|[from] move: Wish|[wisher] Chansey\n|-heal|p2a: Dondozo|100\/100|[from] item: Leftovers\n|-damage|p1a: \u718a\u5927|94\/100 brn|[from] brn\n|upkeep\n|turn|10\n|\n|t:|1700901352\n|move|p1a: \u718a\u5927|Facade|p2a: Dondozo\n|-damage|p2a: Dondozo|24\/100\n|move|p2a: Dondozo|Wave Crash|p1a: \u718a\u5927\n|-damage|p1a: \u718a\u5927|66\/100 brn\n|-damage|p2a: Dondozo|15\/100|[from] Recoil\n|\n|-heal|p2a: Dondozo|21\/100|[from] item: Leftovers\n|-damage|p1a: \u718a\u5927|60\/100 brn|[from] brn\n|-fieldend|move: Electric Terrain\n|upkeep\n|turn|11\n|\n|t:|1700901362\n|move|p1a: \u718a\u5927|Facade|p2a: Dondozo\n|-damage|p2a: Dondozo|0 fnt\n|faint|p2a: Dondozo\n|\n|-damage|p1a: \u718a\u5927|54\/100 brn|[from] brn\n|upkeep\n|\n|t:|1700901368\n|switch|p2a: Ogerpon|Ogerpon-Wellspring, F|100\/100\n|turn|12\n|\n|t:|1700901372\n|switch|p1a: Tapu Koko|Tapu Koko|100\/100\n|-fieldstart|move: Electric Terrain|[from] ability: Electric Surge|[of] p1a: Tapu Koko\n|move|p2a: Ogerpon|Ivy Cudgel|p1a: Tapu Koko|[anim] Ivy Cudgel Water\n|-damage|p1a: Tapu Koko|25\/100\n|\n|upkeep\n|turn|13\n|\n|t:|1700901381\n|switch|p2a: Chansey|Chansey, F|92\/100\n|move|p1a: Tapu Koko|U-turn|p2a: Chansey\n|-damage|p2a: Chansey|80\/100\n|\n|t:|1700901384\n|switch|p1a: \u718a\u5927|Ursaluna, M, tera:Normal|54\/100 brn|[from] U-turn\n|\n|-damage|p1a: \u718a\u5927|47\/100 brn|[from] brn\n|upkeep\n|turn|14\n|\n|t:|1700901390\n|move|p2a: Chansey|Seismic Toss|p1a: \u718a\u5927\n|-damage|p1a: \u718a\u5927|26\/100 brn\n|move|p1a: \u718a\u5927|Facade|p2a: Chansey\n|-damage|p2a: Chansey|0 fnt\n|faint|p2a: Chansey\n|\n|-damage|p1a: \u718a\u5927|20\/100 brn|[from] brn\n|upkeep\n|\n|t:|1700901403\n|switch|p2a: Zapdos|Zapdos|100\/100\n|turn|15\n|\n|t:|1700901407\n|switch|p1a: Slowking|Slowking, M|100\/100\n|move|p2a: Zapdos|Volt Switch|p1a: Slowking\n|-supereffective|p1a: Slowking\n|-damage|p1a: Slowking|59\/100\n|\n|t:|1700901412\n|switch|p2a: Ogerpon|Ogerpon-Wellspring, F|100\/100|[from] Volt Switch\n|\n|upkeep\n|turn|16\n|\n|t:|1700901420\n|switch|p1a: Tapu Koko|Tapu Koko|25\/100\n|move|p2a: Ogerpon|Substitute|p2a: Ogerpon\n|-start|p2a: Ogerpon|Substitute\n|-damage|p2a: Ogerpon|76\/100\n|\n|-fieldend|move: Electric Terrain\n|upkeep\n|turn|17\n|\n|t:|1700901430\n|move|p1a: Tapu Koko|U-turn|p2a: Ogerpon\n|-supereffective|p2a: Ogerpon\n|-end|p2a: Ogerpon|Substitute\n|\n|t:|1700901433\n|switch|p1a: Corviknight|Corviknight, F|100\/100|[from] U-turn\n|-ability|p1a: Corviknight|Pressure\n|move|p2a: Ogerpon|Swords Dance|p2a: Ogerpon\n|-boost|p2a: Ogerpon|atk|2\n|\n|upkeep\n|turn|18\n|\n|t:|1700901441\n|move|p2a: Ogerpon|Ivy Cudgel|p1a: Corviknight|[anim] Ivy Cudgel Water\n|-damage|p1a: Corviknight|29\/100\n|move|p1a: Corviknight|Brave Bird|p2a: Ogerpon\n|-supereffective|p2a: Ogerpon\n|-damage|p2a: Ogerpon|0 fnt\n|faint|p2a: Ogerpon\n|-damage|p1a: Corviknight|10\/100|[from] Recoil\n|\n|upkeep\n|\n|t:|1700901455\n|switch|p2a: Zapdos|Zapdos|100\/100\n|turn|19\n|\n|t:|1700901462\n|switch|p1a: Tapu Koko|Tapu Koko|25\/100\n|-fieldstart|move: Electric Terrain|[from] ability: Electric Surge|[of] p1a: Tapu Koko\n|move|p2a: Zapdos|Volt Switch|p1a: Tapu Koko\n|-resisted|p1a: Tapu Koko\n|-damage|p1a: Tapu Koko|0 fnt\n|faint|p1a: Tapu Koko\n|\n|t:|1700901470\n|switch|p2a: Garchomp|Garchomp, M, tera:Ground|47\/100|[from] Volt Switch\n|\n|upkeep\n|\n|t:|1700901475\n|switch|p1a: Hoopa|Hoopa-Unbound|100\/100\n|turn|20\n|\n|t:|1700901481\n|move|p2a: Garchomp|Earthquake|p1a: Hoopa\n|-damage|p1a: Hoopa|0 fnt\n|faint|p1a: Hoopa\n|\n|upkeep\n|\n|t:|1700901485\n|switch|p1a: Corviknight|Corviknight, F|10\/100\n|-ability|p1a: Corviknight|Pressure\n|turn|21\n|\n|t:|1700901493\n|switch|p2a: Zapdos|Zapdos|100\/100\n|move|p1a: Corviknight|U-turn|p2a: Zapdos\n|-resisted|p2a: Zapdos\n|-damage|p2a: Zapdos|92\/100\n|\n|t:|1700901495\n|switch|p1a: Slowking|Slowking, M|92\/100|[from] U-turn\n|\n|upkeep\n|turn|22\n|\n|t:|1700901504\n|move|p2a: Zapdos|Volt Switch|p1a: Slowking\n|-supereffective|p1a: Slowking\n|-damage|p1a: Slowking|49\/100\n|inactive|Battle timer is ON: inactive players will automatically lose when time's up. (requested by baigu2)\n|\n|t:|1700901507\n|switch|p2a: Garchomp|Garchomp, M, tera:Ground|47\/100|[from] Volt Switch\n|move|p1a: Slowking|Trick Room|p1a: Slowking\n|-fieldstart|move: Trick Room|[of] p1a: Slowking\n|\n|upkeep\n|turn|23\n|\n|t:|1700901515\n|move|p1a: Slowking|Scald|p2a: Garchomp\n|-supereffective|p2a: Garchomp\n|-damage|p2a: Garchomp|0 fnt\n|faint|p2a: Garchomp\n|\n|-fieldend|move: Electric Terrain\n|upkeep\n|\n|t:|1700901521\n|switch|p2a: Zapdos|Zapdos|92\/100\n|turn|24\n|\n|t:|1700901537\n|move|p2a: Zapdos|Defog|p1a: Slowking\n|-unboost|p1a: Slowking|evasion|1\n|move|p1a: Slowking|Teleport|p1a: Slowking\n|\n|t:|1700901540\n|switch|p1a: \u718a\u5927|Ursaluna, M, tera:Normal|20\/100 brn|[from] Teleport\n|\n|-damage|p1a: \u718a\u5927|13\/100 brn|[from] brn\n|upkeep\n|turn|25\n|\n|t:|1700901545\n|move|p1a: \u718a\u5927|Facade|p2a: Zapdos\n|-damage|p2a: Zapdos|0 fnt\n|faint|p2a: Zapdos\n|\n|win|baigu2\n|raw|baigu2's rating: 1815 &rarr; <strong>1831<\/strong><br \/>(+16 for winning)\n|raw|ordja2's rating: 1745 &rarr; <strong>1729<\/strong><br \/>(-16 for losing)\n|l|\u2606ordja2\n","uploadtime":1700901549,"views":1,"p1id":"baigu2","p2id":"ordja2","formatid":"gen9nationaldex","rating":1729,"private":0,"password":""}