{"id":"gen9nationaldex-1996885848","p1":"kajo_aris","p2":"GeorgiTecho","format":"[Gen 9] National Dex","log":"|html|<div class=\"broadcast-blue\"><strong>[Gen 9] National Dex is currently suspecting Sneasler! For information on how to participate check out the <a href=\"https:\/\/www.smogon.com\/forums\/threads\/sv-national-dex-suspect-8-just-dance.3731534\/\">suspect thread<\/a>.<\/strong><\/div>\n|j|\u2606kajo_aris\n|j|\u2606GeorgiTecho\n|t:|1700740308\n|gametype|singles\n|player|p1|kajo_aris|170|1308\n|player|p2|GeorgiTecho|pokemaniac|1328\n|teamsize|p1|6\n|teamsize|p2|6\n|gen|9\n|tier|[Gen 9] National Dex\n|rated|\n|rule|HP Percentage Mod: HP is shown in percentages\n|rule|Endless Battle Clause: Forcing endless battles is banned\n|rule|OHKO Clause: OHKO moves are banned\n|rule|Evasion Clause: Evasion abilities, items, and moves are banned\n|rule|Evasion Abilities Clause: Evasion abilities are banned\n|rule|Evasion Items Clause: Evasion items are banned\n|rule|Evasion Moves Clause: Evasion moves are banned\n|rule|Species Clause: Limit one of each Pok\u00e9mon\n|rule|Sleep Clause Mod: Limit one foe put to sleep\n|clearpoke\n|poke|p1|Torterra, M|\n|poke|p1|Garganacl, F|\n|poke|p1|Togekiss, M|\n|poke|p1|Greninja-*, M|\n|poke|p1|Sneasler, M|\n|poke|p1|Ninetales-Alola, M|\n|poke|p2|Toxapex, M|\n|poke|p2|Aegislash, M|\n|poke|p2|Kommo-o, F|\n|poke|p2|Kartana|\n|poke|p2|Moltres|\n|poke|p2|Gliscor, M|\n|teampreview\n|inactive|Battle timer is ON: inactive players will automatically lose when time's up. (requested by kajo_aris)\n|inactive|GeorgiTecho also wants the timer to be on.\n|\n|t:|1700740325\n|start\n|switch|p1a: Ninetales|Ninetales-Alola, M|100\/100\n|switch|p2a: Kartana|Kartana, shiny|100\/100\n|-weather|Snow|[from] ability: Snow Warning|[of] p1a: Ninetales\n|turn|1\n|\n|t:|1700740332\n|move|p2a: Kartana|Smart Strike|p1a: Ninetales\n|-supereffective|p1a: Ninetales\n|-damage|p1a: Ninetales|0 fnt\n|faint|p1a: Ninetales\n|-ability|p2a: Kartana|Beast Boost|boost\n|-boost|p2a: Kartana|atk|1\n|\n|-weather|Snow|[upkeep]\n|upkeep\n|\n|t:|1700740343\n|switch|p1a: Sneasler|Sneasler, M|100\/100\n|turn|2\n|\n|t:|1700740357\n|switch|p2a: Toxapex|Toxapex, M, shiny|100\/100\n|move|p1a: Sneasler|Fake Out|p2a: Toxapex\n|-damage|p2a: Toxapex|92\/100\n|\n|-weather|Snow|[upkeep]\n|-heal|p2a: Toxapex|98\/100|[from] item: Black Sludge\n|upkeep\n|turn|3\n|\n|t:|1700740366\n|move|p1a: Sneasler|U-turn|p2a: Toxapex\n|-resisted|p2a: Toxapex\n|-damage|p2a: Toxapex|90\/100\n|\n|t:|1700740380\n|switch|p1a: Greninja|Greninja, M|100\/100|[from] U-turn\n|move|p2a: Toxapex|Scald|p1a: Greninja\n|-resisted|p1a: Greninja\n|-damage|p1a: Greninja|88\/100\n|\n|-weather|Snow|[upkeep]\n|-heal|p2a: Toxapex|96\/100|[from] item: Black Sludge\n|upkeep\n|turn|4\n|\n|t:|1700740402\n|move|p1a: Greninja|Dark Pulse|p2a: Toxapex\n|-damage|p2a: Toxapex|56\/100\n|move|p2a: Toxapex|Toxic|p1a: Greninja\n|-status|p1a: Greninja|tox\n|\n|-weather|Snow|[upkeep]\n|-heal|p2a: Toxapex|62\/100|[from] item: Black Sludge\n|-damage|p1a: Greninja|82\/100 tox|[from] psn\n|upkeep\n|turn|5\n|\n|t:|1700740411\n|move|p2a: Toxapex|Baneful Bunker|p2a: Toxapex\n|-singleturn|p2a: Toxapex|move: Protect\n|move|p1a: Greninja|Dark Pulse|p2a: Toxapex\n|-activate|p2a: Toxapex|move: Protect\n|\n|-weather|none\n|-heal|p2a: Toxapex|68\/100|[from] item: Black Sludge\n|-damage|p1a: Greninja|70\/100 tox|[from] psn\n|upkeep\n|turn|6\n|\n|t:|1700740433\n|move|p1a: Greninja|Dark Pulse|p2a: Toxapex\n|-damage|p2a: Toxapex|23\/100\n|move|p2a: Toxapex|Scald|p1a: Greninja\n|-resisted|p1a: Greninja\n|-damage|p1a: Greninja|58\/100 tox\n|\n|-heal|p2a: Toxapex|29\/100|[from] item: Black Sludge\n|-damage|p1a: Greninja|40\/100 tox|[from] psn\n|upkeep\n|turn|7\n|\n|t:|1700740443\n|move|p2a: Toxapex|Baneful Bunker|p2a: Toxapex\n|-singleturn|p2a: Toxapex|move: Protect\n|move|p1a: Greninja|Dark Pulse|p2a: Toxapex\n|-activate|p2a: Toxapex|move: Protect\n|\n|-heal|p2a: Toxapex|35\/100|[from] item: Black Sludge\n|-damage|p1a: Greninja|16\/100 tox|[from] psn\n|upkeep\n|turn|8\n|\n|t:|1700740459\n|switch|p2a: Kommo-o|Kommo-o, F, shiny|100\/100\n|move|p1a: Greninja|Dark Pulse|p2a: Kommo-o\n|-resisted|p2a: Kommo-o\n|-damage|p2a: Kommo-o|73\/100\n|\n|-damage|p1a: Greninja|0 fnt|[from] psn\n|faint|p1a: Greninja\n|upkeep\n|\n|t:|1700740465\n|switch|p1a: Sneasler|Sneasler, M|100\/100\n|turn|9\n|\n|t:|1700740471\n|switch|p2a: Toxapex|Toxapex, M, shiny|68\/100\n|move|p1a: Sneasler|Fake Out|p2a: Toxapex\n|-damage|p2a: Toxapex|59\/100\n|\n|-heal|p2a: Toxapex|65\/100|[from] item: Black Sludge\n|upkeep\n|turn|10\n|\n|t:|1700740487\n|move|p1a: Sneasler|U-turn|p2a: Toxapex\n|-resisted|p2a: Toxapex\n|-damage|p2a: Toxapex|57\/100\n|\n|t:|1700740491\n|switch|p1a: Togekiss|Togekiss, M|100\/100|[from] U-turn\n|move|p2a: Toxapex|Scald|p1a: Togekiss\n|-damage|p1a: Togekiss|86\/100\n|\n|-heal|p2a: Toxapex|63\/100|[from] item: Black Sludge\n|upkeep\n|turn|11\n|\n|t:|1700740503\n|move|p1a: Togekiss|Air Slash|p2a: Toxapex|[miss]\n|-miss|p1a: Togekiss|p2a: Toxapex\n|move|p2a: Toxapex|Toxic|p1a: Togekiss\n|-status|p1a: Togekiss|tox\n|\n|-heal|p2a: Toxapex|69\/100|[from] item: Black Sludge\n|-damage|p1a: Togekiss|80\/100 tox|[from] psn\n|upkeep\n|turn|12\n|\n|t:|1700740511\n|move|p2a: Toxapex|Baneful Bunker|p2a: Toxapex\n|-singleturn|p2a: Toxapex|move: Protect\n|move|p1a: Togekiss|Air Slash|p2a: Toxapex\n|-activate|p2a: Toxapex|move: Protect\n|\n|-heal|p2a: Toxapex|75\/100|[from] item: Black Sludge\n|-damage|p1a: Togekiss|67\/100 tox|[from] psn\n|upkeep\n|turn|13\n|-message|kajo_aris forfeited.\n|\n|win|GeorgiTecho\n|raw|kajo_aris's rating: 1308 &rarr; <strong>1289<\/strong><br \/>(-19 for losing)\n|raw|GeorgiTecho's rating: 1328 &rarr; <strong>1347<\/strong><br \/>(+19 for winning)\n|l|\u2606kajo_aris\n","uploadtime":1700740524,"views":0,"p1id":"kajoaris","p2id":"georgitecho","formatid":"gen9nationaldex","rating":1289,"private":0,"password":""}