{"id":"gen9nationaldex-1996057388","p1":"batmanga","p2":"megawayneee","format":"[Gen 9] National Dex","log":"|html|<div class=\"broadcast-blue\"><strong>[Gen 9] National Dex is currently suspecting Sneasler! For information on how to participate check out the <a href=\"https:\/\/www.smogon.com\/forums\/threads\/sv-national-dex-suspect-8-just-dance.3731534\/\">suspect thread<\/a>.<\/strong><\/div>\n|j|\u2606batmanga\n|j|\u2606megawayneee\n|t:|1700636838\n|gametype|singles\n|player|p1|batmanga|riley|1492\n|player|p2|megawayneee|102|1596\n|teamsize|p1|6\n|teamsize|p2|6\n|gen|9\n|tier|[Gen 9] National Dex\n|rated|\n|rule|HP Percentage Mod: HP is shown in percentages\n|rule|Endless Battle Clause: Forcing endless battles is banned\n|rule|OHKO Clause: OHKO moves are banned\n|rule|Evasion Clause: Evasion abilities, items, and moves are banned\n|rule|Evasion Abilities Clause: Evasion abilities are banned\n|rule|Evasion Items Clause: Evasion items are banned\n|rule|Evasion Moves Clause: Evasion moves are banned\n|rule|Species Clause: Limit one of each Pok\u00e9mon\n|rule|Sleep Clause Mod: Limit one foe put to sleep\n|clearpoke\n|poke|p1|Slowking, F|\n|poke|p1|Zamazenta-*|\n|poke|p1|Raticate, M|\n|poke|p1|Skeledirge, M|\n|poke|p1|Arctozolt|\n|poke|p1|Abomasnow, M|\n|poke|p2|Latios, M|\n|poke|p2|Azumarill, F|\n|poke|p2|Serperior, F|\n|poke|p2|Moltres|\n|poke|p2|Clodsire, F|\n|poke|p2|Ferrothorn, M|\n|teampreview\n|\n|t:|1700636853\n|start\n|switch|p1a: RATKING.|Raticate, M, shiny|100\/100\n|switch|p2a: Azumarill|Azumarill, F|100\/100\n|turn|1\n|inactive|Battle timer is ON: inactive players will automatically lose when time's up. (requested by megawayneee)\n|\n|t:|1700636860\n|switch|p1a: Willump.|Abomasnow, M, shiny|100\/100\n|-weather|Snow|[from] ability: Snow Warning|[of] p1a: Willump.\n|switch|p2a: Ferrothorn|Ferrothorn, M|100\/100\n|\n|-weather|Snow|[upkeep]\n|upkeep\n|turn|2\n|\n|t:|1700636876\n|switch|p1a: Ryomen Sukuna.|Skeledirge, M|100\/100\n|move|p2a: Ferrothorn|Gyro Ball|p1a: Ryomen Sukuna.\n|-resisted|p1a: Ryomen Sukuna.\n|-damage|p1a: Ryomen Sukuna.|91\/100\n|\n|-weather|Snow|[upkeep]\n|upkeep\n|turn|3\n|\n|t:|1700636882\n|switch|p1a: RATKING.|Raticate, M, shiny|100\/100\n|switch|p2a: Clodsire|Clodsire, F|100\/100\n|\n|-weather|Snow|[upkeep]\n|-status|p1a: RATKING.|brn|[from] item: Flame Orb\n|upkeep\n|turn|4\n|\n|t:|1700636887\n|move|p1a: RATKING.|Facade|p2a: Clodsire\n|-damage|p2a: Clodsire|12\/100\n|move|p2a: Clodsire|Stealth Rock|p1a: RATKING.\n|-sidestart|p1: batmanga|move: Stealth Rock\n|\n|-weather|Snow|[upkeep]\n|-heal|p2a: Clodsire|18\/100|[from] item: Leftovers\n|-damage|p1a: RATKING.|95\/100 brn|[from] brn\n|upkeep\n|turn|5\n|\n|t:|1700636893\n|switch|p2a: Ferrothorn|Ferrothorn, M|100\/100\n|move|p1a: RATKING.|Swords Dance|p1a: RATKING.\n|-boost|p1a: RATKING.|atk|2\n|\n|-weather|none\n|-damage|p1a: RATKING.|89\/100 brn|[from] brn\n|upkeep\n|turn|6\n|\n|t:|1700636900\n|-terastallize|p1a: RATKING.|Normal\n|move|p1a: RATKING.|Facade|p2a: Ferrothorn\n|-resisted|p2a: Ferrothorn\n|-damage|p2a: Ferrothorn|44\/100\n|-damage|p1a: RATKING.|76\/100 brn|[from] ability: Iron Barbs|[of] p2a: Ferrothorn\n|-damage|p1a: RATKING.|60\/100 brn|[from] item: Rocky Helmet|[of] p2a: Ferrothorn\n|move|p2a: Ferrothorn|Body Press|p1a: RATKING.\n|-supereffective|p1a: RATKING.\n|-damage|p1a: RATKING.|0 fnt\n|faint|p1a: RATKING.\n|\n|upkeep\n|\n|t:|1700636917\n|switch|p1a: Vallar.|Zamazenta|100\/100\n|-damage|p1a: Vallar.|94\/100|[from] Stealth Rock\n|-ability|p1a: Vallar.|Dauntless Shield|boost\n|-boost|p1a: Vallar.|def|1\n|turn|7\n|\n|t:|1700636924\n|switch|p2a: Latios|Latios, M|100\/100\n|move|p1a: Vallar.|Stone Edge|p2a: Latios|[miss]\n|-miss|p1a: Vallar.|p2a: Latios\n|\n|upkeep\n|turn|8\n|c|\u2606batmanga|:D\n|\n|t:|1700636931\n|switch|p1a: Pearl.|Slowking, F|100\/100\n|-damage|p1a: Pearl.|88\/100|[from] Stealth Rock\n|detailschange|p2a: Latios|Latios-Mega, M\n|-mega|p2a: Latios|Latios|Latiosite\n|move|p2a: Latios|Draco Meteor|p1a: Pearl.\n|-damage|p1a: Pearl.|45\/100\n|-unboost|p2a: Latios|spa|2\n|\n|upkeep\n|turn|9\n|\n|t:|1700636939\n|move|p2a: Latios|Energy Ball|p1a: Pearl.\n|-supereffective|p1a: Pearl.\n|-damage|p1a: Pearl.|22\/100\n|move|p1a: Pearl.|Chilly Reception|p1a: Pearl.\n|-weather|Snow\n|\n|t:|1700636942\n|switch|p1a: Blueberry.|Arctozolt|100\/100|[from] Chilly Reception\n|\n|-weather|Snow|[upkeep]\n|upkeep\n|turn|10\n|\n|t:|1700636947\n|switch|p2a: Clodsire|Clodsire, F|18\/100\n|move|p1a: Blueberry.|Blizzard|p2a: Clodsire\n|-supereffective|p2a: Clodsire\n|-damage|p2a: Clodsire|0 fnt\n|faint|p2a: Clodsire\n|\n|-weather|Snow|[upkeep]\n|upkeep\n|\n|t:|1700636950\n|switch|p2a: Ferrothorn|Ferrothorn, M|44\/100\n|turn|11\n|\n|t:|1700636957\n|move|p1a: Blueberry.|Blizzard|p2a: Ferrothorn\n|-damage|p2a: Ferrothorn|12\/100\n|move|p2a: Ferrothorn|Gyro Ball|p1a: Blueberry.\n|-damage|p1a: Blueberry.|60\/100\n|\n|-weather|Snow|[upkeep]\n|upkeep\n|turn|12\n|\n|t:|1700636964\n|move|p1a: Blueberry.|Blizzard|p2a: Ferrothorn\n|-damage|p2a: Ferrothorn|0 fnt\n|faint|p2a: Ferrothorn\n|\n|-weather|Snow|[upkeep]\n|upkeep\n|\n|t:|1700636979\n|switch|p2a: Azumarill|Azumarill, F|100\/100\n|turn|13\n|\n|t:|1700636990\n|move|p1a: Blueberry.|Bolt Beak|p2a: Azumarill\n|-supereffective|p2a: Azumarill\n|-damage|p2a: Azumarill|0 fnt\n|faint|p2a: Azumarill\n|\n|-weather|Snow|[upkeep]\n|upkeep\n|\n|t:|1700636996\n|switch|p2a: Moltres|Moltres|100\/100\n|turn|14\n|\n|t:|1700637002\n|-terastallize|p2a: Moltres|Grass\n|move|p1a: Blueberry.|Bolt Beak|p2a: Moltres\n|-resisted|p2a: Moltres\n|-damage|p2a: Moltres|73\/100\n|move|p2a: Moltres|Flamethrower|p1a: Blueberry.\n|-supereffective|p1a: Blueberry.\n|-damage|p1a: Blueberry.|0 fnt\n|faint|p1a: Blueberry.\n|\n|-weather|Snow|[upkeep]\n|upkeep\n|\n|t:|1700637016\n|switch|p1a: Ryomen Sukuna.|Skeledirge, M|91\/100\n|turn|15\n|\n|t:|1700637025\n|move|p2a: Moltres|U-turn|p1a: Ryomen Sukuna.\n|-resisted|p1a: Ryomen Sukuna.\n|-damage|p1a: Ryomen Sukuna.|88\/100\n|\n|t:|1700637028\n|switch|p2a: Latios|Latios-Mega, M|100\/100|[from] U-turn\n|move|p1a: Ryomen Sukuna.|Torch Song|p2a: Latios\n|-resisted|p2a: Latios\n|-damage|p2a: Latios|87\/100\n|-boost|p1a: Ryomen Sukuna.|spa|1\n|\n|-weather|Snow|[upkeep]\n|upkeep\n|turn|16\n|\n|t:|1700637046\n|switch|p1a: Pearl.|Slowking, F|55\/100\n|-damage|p1a: Pearl.|43\/100|[from] Stealth Rock\n|move|p2a: Latios|Draco Meteor|p1a: Pearl.\n|-damage|p1a: Pearl.|0 fnt\n|-unboost|p2a: Latios|spa|2\n|faint|p1a: Pearl.\n|\n|-weather|none\n|upkeep\n|\n|t:|1700637049\n|switch|p1a: Vallar.|Zamazenta|94\/100\n|-damage|p1a: Vallar.|88\/100|[from] Stealth Rock\n|turn|17\n|\n|t:|1700637059\n|switch|p2a: Moltres|Moltres, tera:Grass|73\/100\n|move|p1a: Vallar.|Close Combat|p2a: Moltres\n|-damage|p2a: Moltres|16\/100\n|-unboost|p1a: Vallar.|def|1\n|-unboost|p1a: Vallar.|spd|1\n|\n|upkeep\n|turn|18\n|\n|t:|1700637066\n|switch|p1a: Ryomen Sukuna.|Skeledirge, M|88\/100\n|move|p2a: Moltres|Roost|p2a: Moltres\n|-heal|p2a: Moltres|66\/100\n|\n|upkeep\n|turn|19\n|\n|t:|1700637072\n|move|p2a: Moltres|U-turn|p1a: Ryomen Sukuna.\n|-resisted|p1a: Ryomen Sukuna.\n|-damage|p1a: Ryomen Sukuna.|86\/100\n|\n|t:|1700637076\n|switch|p2a: Latios|Latios-Mega, M|87\/100|[from] U-turn\n|move|p1a: Ryomen Sukuna.|Hex|p2a: Latios\n|-supereffective|p2a: Latios\n|-damage|p2a: Latios|40\/100\n|\n|upkeep\n|turn|20\n|\n|t:|1700637090\n|switch|p1a: Willump.|Abomasnow, M, shiny|100\/100\n|-damage|p1a: Willump.|76\/100|[from] Stealth Rock\n|-weather|Snow|[from] ability: Snow Warning|[of] p1a: Willump.\n|move|p2a: Latios|Draco Meteor|p1a: Willump.\n|-damage|p1a: Willump.|3\/100\n|-unboost|p2a: Latios|spa|2\n|\n|-weather|Snow|[upkeep]\n|upkeep\n|turn|21\n|\n|t:|1700637097\n|detailschange|p1a: Willump.|Abomasnow-Mega, M, shiny\n|-mega|p1a: Willump.|Abomasnow|Abomasite\n|move|p2a: Latios|Mystical Fire|p1a: Willump.\n|-supereffective|p1a: Willump.\n|-damage|p1a: Willump.|0 fnt\n|faint|p1a: Willump.\n|\n|-weather|Snow|[upkeep]\n|upkeep\n|\n|t:|1700637102\n|switch|p1a: Ryomen Sukuna.|Skeledirge, M|86\/100\n|turn|22\n|\n|t:|1700637110\n|switch|p2a: Moltres|Moltres, tera:Grass|66\/100\n|move|p1a: Ryomen Sukuna.|Torch Song|p2a: Moltres\n|-supereffective|p2a: Moltres\n|-damage|p2a: Moltres|5\/100\n|-boost|p1a: Ryomen Sukuna.|spa|1\n|\n|-weather|Snow|[upkeep]\n|upkeep\n|turn|23\n|\n|t:|1700637131\n|move|p2a: Moltres|Roost|p2a: Moltres\n|-heal|p2a: Moltres|55\/100\n|move|p1a: Ryomen Sukuna.|Will-O-Wisp|p2a: Moltres\n|-status|p2a: Moltres|brn\n|\n|-weather|Snow|[upkeep]\n|-damage|p2a: Moltres|49\/100 brn|[from] brn\n|upkeep\n|turn|24\n|inactive|batmanga has 120 seconds left.\n|\n|t:|1700637155\n|move|p2a: Moltres|Roost|p2a: Moltres\n|-heal|p2a: Moltres|99\/100 brn\n|move|p1a: Ryomen Sukuna.|Torch Song|p2a: Moltres\n|-supereffective|p2a: Moltres\n|-damage|p2a: Moltres|5\/100 brn\n|-boost|p1a: Ryomen Sukuna.|spa|1\n|\n|-weather|none\n|-damage|p2a: Moltres|0 fnt|[from] brn\n|faint|p2a: Moltres\n|upkeep\n|\n|t:|1700637162\n|switch|p2a: Latios|Latios-Mega, M|40\/100\n|turn|25\n|\n|t:|1700637166\n|move|p2a: Latios|Draco Meteor|p1a: Ryomen Sukuna.\n|-damage|p1a: Ryomen Sukuna.|2\/100\n|-unboost|p2a: Latios|spa|2\n|move|p1a: Ryomen Sukuna.|Slack Off|p1a: Ryomen Sukuna.\n|-heal|p1a: Ryomen Sukuna.|52\/100\n|\n|upkeep\n|turn|26\n|\n|t:|1700637174\n|move|p2a: Latios|Draco Meteor|p1a: Ryomen Sukuna.\n|-damage|p1a: Ryomen Sukuna.|0 fnt\n|-unboost|p2a: Latios|spa|2\n|faint|p1a: Ryomen Sukuna.\n|\n|upkeep\n|\n|t:|1700637177\n|switch|p1a: Vallar.|Zamazenta|88\/100\n|-damage|p1a: Vallar.|82\/100|[from] Stealth Rock\n|turn|27\n|inactive|batmanga has 120 seconds left.\n|\n|t:|1700637238\n|switch|p2a: Serperior|Serperior, F|100\/100\n|move|p1a: Vallar.|Close Combat|p2a: Serperior\n|-damage|p2a: Serperior|0 fnt\n|-unboost|p1a: Vallar.|def|1\n|-unboost|p1a: Vallar.|spd|1\n|faint|p2a: Serperior\n|\n|upkeep\n|inactive|megawayneee has 120 seconds left.\n|\n|t:|1700637277\n|switch|p2a: Latios|Latios-Mega, M|40\/100\n|turn|28\n|\n|t:|1700637280\n|move|p1a: Vallar.|Close Combat|p2a: Latios\n|-resisted|p2a: Latios\n|-damage|p2a: Latios|0 fnt\n|-unboost|p1a: Vallar.|def|1\n|-unboost|p1a: Vallar.|spd|1\n|faint|p2a: Latios\n|\n|win|batmanga\n|raw|batmanga's rating: 1492 &rarr; <strong>1518<\/strong><br \/>(+26 for winning)\n|raw|megawayneee's rating: 1596 &rarr; <strong>1570<\/strong><br \/>(-26 for losing)\n|l|\u2606megawayneee\n","uploadtime":1700637335,"views":0,"p1id":"batmanga","p2id":"megawayneee","formatid":"gen9nationaldex","rating":1518,"private":0,"password":""}