{"id":"gen9nationaldex-1997193502","p1":"MaaThEuZiNhO","p2":"excadrillinpaldea","format":"[Gen 9] National Dex","log":"|html|<div class=\"broadcast-blue\"><strong>[Gen 9] National Dex is currently suspecting Sneasler! For information on how to participate check out the <a href=\"https:\/\/www.smogon.com\/forums\/threads\/sv-national-dex-suspect-8-just-dance.3731534\/\">suspect thread<\/a>.<\/strong><\/div>\n|j|\u2606MaaThEuZiNhO\n|j|\u2606excadrillinpaldea\n|t:|1700774139\n|gametype|singles\n|player|p1|MaaThEuZiNhO|shadowtriad|1307\n|player|p2|excadrillinpaldea|winona|1335\n|teamsize|p1|6\n|teamsize|p2|6\n|gen|9\n|tier|[Gen 9] National Dex\n|rated|\n|rule|HP Percentage Mod: HP is shown in percentages\n|rule|Endless Battle Clause: Forcing endless battles is banned\n|rule|OHKO Clause: OHKO moves are banned\n|rule|Evasion Clause: Evasion abilities, items, and moves are banned\n|rule|Evasion Abilities Clause: Evasion abilities are banned\n|rule|Evasion Items Clause: Evasion items are banned\n|rule|Evasion Moves Clause: Evasion moves are banned\n|rule|Species Clause: Limit one of each Pok\u00e9mon\n|rule|Sleep Clause Mod: Limit one foe put to sleep\n|clearpoke\n|poke|p1|Tapu Koko|\n|poke|p1|Aegislash, F|\n|poke|p1|Urshifu-*, M|\n|poke|p1|Iron Valiant|\n|poke|p1|Hawlucha, M|\n|poke|p1|Victini|\n|poke|p2|Shuckle, L1, F|\n|poke|p2|Meowscarada, M|\n|poke|p2|Ogerpon-Cornerstone, F|\n|poke|p2|Charizard, M|\n|poke|p2|Tapu Lele|\n|poke|p2|Great Tusk|\n|teampreview\n|inactive|Battle timer is ON: inactive players will automatically lose when time's up. (requested by excadrillinpaldea)\n|\n|t:|1700774144\n|start\n|switch|p1a: Tapu Koko|Tapu Koko|100\/100\n|switch|p2a: Shuckle|Shuckle, L1, F|100\/100\n|-fieldstart|move: Electric Terrain|[from] ability: Electric Surge|[of] p1a: Tapu Koko\n|turn|1\n|\n|t:|1700774152\n|move|p1a: Tapu Koko|Taunt|p2a: Shuckle\n|-start|p2a: Shuckle|move: Taunt\n|cant|p2a: Shuckle|move: Taunt|Sticky Web\n|\n|upkeep\n|turn|2\n|\n|t:|1700774161\n|move|p1a: Tapu Koko|Thunderbolt|p2a: Shuckle\n|-ability|p2a: Shuckle|Sturdy\n|-damage|p2a: Shuckle|10\/100\n|-status|p2a: Shuckle|par\n|-enditem|p2a: Shuckle|Oran Berry|[eat]\n|-heal|p2a: Shuckle|100\/100 par|[from] item: Oran Berry\n|move|p2a: Shuckle|Knock Off|p1a: Tapu Koko\n|-resisted|p1a: Tapu Koko\n|-damage|p1a: Tapu Koko|99\/100\n|-enditem|p1a: Tapu Koko|Heavy-Duty Boots|[from] move: Knock Off|[of] p2a: Shuckle\n|\n|upkeep\n|turn|3\n|\n|t:|1700774172\n|switch|p2a: Great Tusk|Great Tusk|100\/100\n|move|p1a: Tapu Koko|Thunderbolt|p2a: Great Tusk\n|-immune|p2a: Great Tusk\n|\n|upkeep\n|turn|4\n|\n|t:|1700774176\n|move|p1a: Tapu Koko|Grass Knot|p2a: Great Tusk\n|-supereffective|p2a: Great Tusk\n|-damage|p2a: Great Tusk|0 fnt\n|faint|p2a: Great Tusk\n|-end|p2a: Great Tusk|Protosynthesis|[silent]\n|\n|upkeep\n|\n|t:|1700774179\n|switch|p2a: Charizard|Charizard, M|100\/100\n|turn|5\n|\n|t:|1700774198\n|switch|p2a: Ogerpon|Ogerpon-Cornerstone, F|100\/100\n|move|p1a: Tapu Koko|Thunderbolt|p2a: Ogerpon\n|-resisted|p2a: Ogerpon\n|-damage|p2a: Ogerpon|73\/100\n|\n|-fieldend|move: Electric Terrain\n|upkeep\n|turn|6\n|\n|t:|1700774217\n|switch|p1a: Victini|Victini|100\/100\n|move|p2a: Ogerpon|Ivy Cudgel|p1a: Victini|[anim] Ivy Cudgel Rock\n|-supereffective|p1a: Victini\n|-damage|p1a: Victini|0 fnt\n|faint|p1a: Victini\n|\n|upkeep\n|\n|t:|1700774226\n|switch|p1a: Urshifu|Urshifu-Rapid-Strike, M|100\/100\n|turn|7\n|\n|t:|1700774237\n|switch|p2a: Meowscarada|Meowscarada, M|100\/100\n|move|p1a: Urshifu|Swords Dance|p1a: Urshifu\n|-boost|p1a: Urshifu|atk|2\n|\n|upkeep\n|turn|8\n|inactive|MaaThEuZiNhO has 120 seconds left.\n|\n|t:|1700774282\n|switch|p1a: Tapu Koko|Tapu Koko|99\/100\n|-fieldstart|move: Electric Terrain|[from] ability: Electric Surge|[of] p1a: Tapu Koko\n|move|p2a: Meowscarada|Flower Trick|p1a: Tapu Koko\n|-start|p2a: Meowscarada|typechange|Grass|[from] ability: Protean\n|-crit|p1a: Tapu Koko\n|-damage|p1a: Tapu Koko|26\/100\n|\n|upkeep\n|turn|9\n|\n|t:|1700774296\n|switch|p2a: Tapu Lele|Tapu Lele|100\/100\n|-fieldstart|move: Psychic Terrain|[from] ability: Psychic Surge|[of] p2a: Tapu Lele\n|move|p1a: Tapu Koko|Roost|p1a: Tapu Koko\n|-heal|p1a: Tapu Koko|76\/100\n|-singleturn|p1a: Tapu Koko|move: Roost\n|\n|upkeep\n|turn|10\n|inactive|MaaThEuZiNhO has 90 seconds left.\n|\n|t:|1700774327\n|switch|p1a: Iron Valiant|Iron Valiant|100\/100\n|-enditem|p1a: Iron Valiant|Booster Energy\n|-activate|p1a: Iron Valiant|ability: Quark Drive|[fromitem]\n|-start|p1a: Iron Valiant|quarkdrivespe\n|move|p2a: Tapu Lele|Psychic|p1a: Iron Valiant\n|-supereffective|p1a: Iron Valiant\n|-damage|p1a: Iron Valiant|0 fnt\n|faint|p1a: Iron Valiant\n|-end|p1a: Iron Valiant|Quark Drive|[silent]\n|\n|upkeep\n|\n|t:|1700774335\n|switch|p1a: Aegislash|Aegislash, F|100\/100\n|turn|11\n|\n|t:|1700774344\n|switch|p2a: Charizard|Charizard, M|100\/100\n|move|p1a: Aegislash|Swords Dance|p1a: Aegislash\n|-boost|p1a: Aegislash|atk|2\n|\n|upkeep\n|turn|12\n|inactive|MaaThEuZiNhO has 90 seconds left.\n|inactive|MaaThEuZiNhO has 60 seconds left.\n|\n|t:|1700774391\n|switch|p1a: Tapu Koko|Tapu Koko|76\/100\n|-fieldstart|move: Electric Terrain|[from] ability: Electric Surge|[of] p1a: Tapu Koko\n|detailschange|p2a: Charizard|Charizard-Mega-Y, M\n|-mega|p2a: Charizard|Charizard|Charizardite Y\n|-weather|SunnyDay|[from] ability: Drought|[of] p2a: Charizard\n|move|p2a: Charizard|Weather Ball|p1a: Tapu Koko\n|-crit|p1a: Tapu Koko\n|-damage|p1a: Tapu Koko|0 fnt\n|faint|p1a: Tapu Koko\n|\n|-weather|SunnyDay|[upkeep]\n|upkeep\n|\n|t:|1700774395\n|switch|p1a: Hawlucha|Hawlucha, M, shiny|100\/100\n|-enditem|p1a: Hawlucha|Electric Seed\n|-boost|p1a: Hawlucha|def|1|[from] item: Electric Seed\n|turn|13\n|inactive|MaaThEuZiNhO has 60 seconds left.\n|\n|t:|1700774405\n|move|p1a: Hawlucha|Substitute|p1a: Hawlucha\n|-start|p1a: Hawlucha|Substitute\n|-damage|p1a: Hawlucha|76\/100\n|move|p2a: Charizard|Air Slash|p1a: Hawlucha\n|-supereffective|p1a: Hawlucha\n|-end|p1a: Hawlucha|Substitute\n|\n|-weather|SunnyDay|[upkeep]\n|upkeep\n|turn|14\n|\n|t:|1700774413\n|-terastallize|p1a: Hawlucha|Steel\n|move|p1a: Hawlucha|Swords Dance|p1a: Hawlucha\n|-boost|p1a: Hawlucha|atk|2\n|move|p2a: Charizard|Air Slash|p1a: Hawlucha\n|-resisted|p1a: Hawlucha\n|-damage|p1a: Hawlucha|41\/100\n|\n|-weather|SunnyDay|[upkeep]\n|upkeep\n|turn|15\n|\n|t:|1700774422\n|move|p1a: Hawlucha|Acrobatics|p2a: Charizard\n|-damage|p2a: Charizard|0 fnt\n|faint|p2a: Charizard\n|\n|-weather|SunnyDay|[upkeep]\n|upkeep\n|\n|t:|1700774435\n|switch|p2a: Meowscarada|Meowscarada, M|100\/100\n|turn|16\n|\n|t:|1700774446\n|move|p2a: Meowscarada|Sucker Punch|p1a: Hawlucha\n|-start|p2a: Meowscarada|typechange|Dark|[from] ability: Protean\n|-damage|p1a: Hawlucha|9\/100\n|move|p1a: Hawlucha|Acrobatics|p2a: Meowscarada\n|-damage|p2a: Meowscarada|0 fnt\n|faint|p2a: Meowscarada\n|\n|-weather|none\n|-fieldend|move: Electric Terrain\n|upkeep\n|\n|t:|1700774449\n|switch|p2a: Shuckle|Shuckle, L1, F|100\/100 par\n|turn|17\n|\n|t:|1700774460\n|move|p1a: Hawlucha|Acrobatics|p2a: Shuckle\n|-ability|p2a: Shuckle|Sturdy\n|-damage|p2a: Shuckle|10\/100 par\n|move|p2a: Shuckle|Infestation|p1a: Hawlucha\n|-resisted|p1a: Hawlucha\n|-damage|p1a: Hawlucha|9\/100\n|-activate|p1a: Hawlucha|move: Infestation|[of] p2a: Shuckle\n|\n|-damage|p1a: Hawlucha|0 fnt|[from] move: Infestation|[partiallytrapped]\n|faint|p1a: Hawlucha\n|upkeep\n|\n|t:|1700774469\n|switch|p1a: Urshifu|Urshifu-Rapid-Strike, M|100\/100\n|turn|18\n|\n|t:|1700774473\n|move|p1a: Urshifu|Swords Dance|p1a: Urshifu\n|-boost|p1a: Urshifu|atk|2\n|move|p2a: Shuckle|Infestation|p1a: Urshifu\n|-resisted|p1a: Urshifu\n|-damage|p1a: Urshifu|99\/100\n|-activate|p1a: Urshifu|move: Infestation|[of] p2a: Shuckle\n|\n|-damage|p1a: Urshifu|88\/100|[from] move: Infestation|[partiallytrapped]\n|upkeep\n|turn|19\n|\n|t:|1700774478\n|move|p1a: Urshifu|Surging Strikes|p2a: Shuckle\n|-supereffective|p2a: Shuckle\n|-crit|p2a: Shuckle\n|-damage|p2a: Shuckle|0 fnt\n|faint|p2a: Shuckle\n|-hitcount|p2: Shuckle|1\n|\n|-end|p1a: Urshifu|Infestation|[partiallytrapped]|[silent]\n|upkeep\n|\n|t:|1700774481\n|switch|p2a: Ogerpon|Ogerpon-Cornerstone, F|73\/100\n|turn|20\n|inactive|MaaThEuZiNhO has 90 seconds left.\n|\n|t:|1700774508\n|move|p2a: Ogerpon|Horn Leech|p1a: Urshifu\n|-supereffective|p1a: Urshifu\n|-damage|p1a: Urshifu|5\/100\n|-heal|p2a: Ogerpon|100\/100|[from] drain|[of] p1a: Urshifu\n|move|p1a: Urshifu|Close Combat|p2a: Ogerpon\n|-supereffective|p2a: Ogerpon\n|-ability|p2a: Ogerpon|Sturdy\n|-damage|p2a: Ogerpon|1\/100\n|-unboost|p1a: Urshifu|def|1\n|-unboost|p1a: Urshifu|spd|1\n|\n|upkeep\n|turn|21\n|inactive|MaaThEuZiNhO has 90 seconds left.\n|\n|t:|1700774526\n|switch|p2a: Tapu Lele|Tapu Lele|100\/100\n|-fieldstart|move: Psychic Terrain|[from] ability: Psychic Surge|[of] p2a: Tapu Lele\n|switch|p1a: Aegislash|Aegislash, F|100\/100\n|\n|upkeep\n|turn|22\n|inactive|MaaThEuZiNhO has 90 seconds left.\n|\n|t:|1700774540\n|move|p1a: Aegislash|King's Shield|p1a: Aegislash\n|-singleturn|p1a: Aegislash|Protect\n|move|p2a: Tapu Lele|Shadow Ball|p1a: Aegislash\n|-activate|p1a: Aegislash|move: Protect\n|\n|upkeep\n|turn|23\n|inactive|MaaThEuZiNhO has 90 seconds left.\n|\n|t:|1700774561\n|switch|p1a: Urshifu|Urshifu-Rapid-Strike, M|5\/100\n|move|p2a: Tapu Lele|Shadow Ball|p1a: Urshifu\n|-damage|p1a: Urshifu|0 fnt\n|faint|p1a: Urshifu\n|\n|upkeep\n|\n|t:|1700774563\n|switch|p1a: Aegislash|Aegislash, F|100\/100\n|turn|24\n|\n|t:|1700774567\n|-formechange|p1a: Aegislash|Aegislash-Blade||[from] ability: Stance Change\n|move|p1a: Aegislash|Shadow Sneak|p2a: Tapu Lele\n|-activate|p2a: Tapu Lele|move: Psychic Terrain\n|move|p2a: Tapu Lele|Shadow Ball|p1a: Aegislash\n|-supereffective|p1a: Aegislash\n|-damage|p1a: Aegislash|0 fnt\n|faint|p1a: Aegislash\n|\n|win|excadrillinpaldea\n|raw|MaaThEuZiNhO's rating: 1307 &rarr; <strong>1289<\/strong><br \/>(-18 for losing)\n|raw|excadrillinpaldea's rating: 1335 &rarr; <strong>1353<\/strong><br \/>(+18 for winning)\n|c|\u2606excadrillinpaldea|ggwp\n|l|\u2606MaaThEuZiNhO\n","uploadtime":1700774589,"views":5,"p1id":"maatheuzinho","p2id":"excadrillinpaldea","formatid":"gen9nationaldex","rating":1289,"private":0,"password":""}