{"id":"gen9nationaldex-1992189168","p1":"CaoJie","p2":"un ptit test tkt","format":"[Gen 9] National Dex","log":"|j|\u2606CaoJie\n|j|\u2606un ptit test tkt\n|t:|1700162375\n|gametype|singles\n|player|p1|CaoJie|acetrainerf-gen6|\n|player|p2|un ptit test tkt|lucas|\n|teamsize|p1|6\n|teamsize|p2|6\n|gen|9\n|tier|[Gen 9] National Dex\n|rated|Tournament battle\n|rule|HP Percentage Mod: HP is shown in percentages\n|rule|Endless Battle Clause: Forcing endless battles is banned\n|rule|OHKO Clause: OHKO moves are banned\n|rule|Evasion Clause: Evasion abilities, items, and moves are banned\n|rule|Evasion Abilities Clause: Evasion abilities are banned\n|rule|Evasion Items Clause: Evasion items are banned\n|rule|Evasion Moves Clause: Evasion moves are banned\n|rule|Species Clause: Limit one of each Pok\u00e9mon\n|rule|Sleep Clause Mod: Limit one foe put to sleep\n|clearpoke\n|poke|p1|Ninetales, L5, F|\n|poke|p1|Tangrowth, L5, M|\n|poke|p1|Turtonator, L5, M|\n|poke|p1|Aerodactyl, L5, M|\n|poke|p1|Landorus-Therian, L5, M|\n|poke|p1|Lilligant, L5, F|\n|poke|p2|Slurpuff, L5, M|\n|poke|p2|Gholdengo, L5|\n|poke|p2|Slowking-Galar, L5, M|\n|poke|p2|Scizor, L5, M|\n|poke|p2|Flamigo, L5, F|\n|poke|p2|Porygon-Z, L5|\n|teampreview\n|inactive|Battle timer is ON: inactive players will automatically lose when time's up. (requested by un ptit test tkt)\n|c|\u2606un ptit test tkt|hf\n|j| Nowelle\n|c|\u2606CaoJie|hf\n|l| Nowelle\n|inactive|un ptit test tkt has 120 seconds left.\n|\n|t:|1700162410\n|start\n|switch|p1a: Landorus|Landorus-Therian, L5, M|100\/100\n|switch|p2a: Slurpuff|Slurpuff, L5, M|100\/100\n|-ability|p1a: Landorus|Intimidate|boost\n|-unboost|p2a: Slurpuff|atk|1\n|turn|1\n|\n|t:|1700162418\n|move|p1a: Landorus|U-turn|p2a: Slurpuff\n|-resisted|p2a: Slurpuff\n|-damage|p2a: Slurpuff|82\/100\n|\n|t:|1700162433\n|switch|p1a: Turtonator|Turtonator, L5, M, shiny|100\/100|[from] U-turn\n|move|p2a: Slurpuff|Sticky Web|p1a: Turtonator\n|-sidestart|p1: CaoJie|move: Sticky Web\n|\n|upkeep\n|turn|2\n|\n|t:|1700162449\n|move|p2a: Slurpuff|Calm Mind|p2a: Slurpuff\n|-boost|p2a: Slurpuff|spa|1\n|-boost|p2a: Slurpuff|spd|1\n|move|p1a: Turtonator|Shell Smash|p1a: Turtonator\n|-unboost|p1a: Turtonator|def|1\n|-unboost|p1a: Turtonator|spd|1\n|-boost|p1a: Turtonator|atk|2\n|-boost|p1a: Turtonator|spa|2\n|-boost|p1a: Turtonator|spe|2\n|\n|upkeep\n|turn|3\n|\n|t:|1700162461\n|move|p1a: Turtonator|Overheat|p2a: Slurpuff\n|-damage|p2a: Slurpuff|0 fnt\n|-unboost|p1a: Turtonator|spa|2\n|faint|p2a: Slurpuff\n|\n|upkeep\n|\n|t:|1700162468\n|switch|p2a: Slowking|Slowking-Galar, L5, M|100\/100\n|turn|4\n|\n|t:|1700162478\n|move|p1a: Turtonator|Protect|p1a: Turtonator\n|-singleturn|p1a: Turtonator|Protect\n|move|p2a: Slowking|Psychic|p1a: Turtonator\n|-activate|p1a: Turtonator|move: Protect\n|\n|upkeep\n|turn|5\n|\n|t:|1700162487\n|-zpower|p1a: Turtonator\n|move|p1a: Turtonator|Inferno Overdrive|p2a: Slowking|[zeffect]\n|-damage|p2a: Slowking|12\/100\n|-enditem|p2a: Slowking|Eject Button\n|c|\u2606CaoJie|ah\n|\n|t:|1700162497\n|switch|p2a: Flamigo|Flamigo, L5, F|100\/100\n|\n|upkeep\n|turn|6\n|c|\u2606CaoJie|l'eject button c'\u00e9tait pas dans mes plans\n|c|\u2606un ptit test tkt|:eyes:\n|\n|t:|1700162520\n|move|p1a: Turtonator|Dragon Pulse|p2a: Flamigo\n|-damage|p2a: Flamigo|40\/100\n|move|p2a: Flamigo|Close Combat|p1a: Turtonator\n|-damage|p1a: Turtonator|5\/100\n|-unboost|p2a: Flamigo|def|1\n|-unboost|p2a: Flamigo|spd|1\n|-enditem|p2a: Flamigo|Eject Pack\n|\n|t:|1700162524\n|switch|p2a: Scizor|Scizor, L5, M|100\/100\n|\n|upkeep\n|turn|7\n|c|\u2606CaoJie|eject pack non plus\n|c|\u2606CaoJie|ceci dit\n|c|\u2606un ptit test tkt|!\n|\n|t:|1700162534\n|detailschange|p2a: Scizor|Scizor-Mega, L5, M\n|-mega|p2a: Scizor|Scizor|Scizorite\n|move|p2a: Scizor|Bullet Punch|p1a: Turtonator\n|-resisted|p1a: Turtonator\n|-damage|p1a: Turtonator|0 fnt\n|faint|p1a: Turtonator\n|\n|upkeep\n|c|\u2606CaoJie|par contre turtonator qui tank\n|c|\u2606CaoJie|on est ou\n|\n|t:|1700162544\n|switch|p1a: Landorus|Landorus-Therian, L5, M|100\/100\n|-ability|p1a: Landorus|Intimidate|boost\n|-unboost|p2a: Scizor|atk|1\n|turn|8\n|c|\u2606un ptit test tkt|oui..\n|\n|t:|1700162549\n|switch|p2a: Gholdengo|Gholdengo, L5|100\/100\n|-item|p2a: Gholdengo|Air Balloon\n|move|p1a: Landorus|Defog|p2a: Gholdengo\n|-immune|p2a: Gholdengo|[from] ability: Good as Gold\n|\n|upkeep\n|turn|9\n|c|\u2606un ptit test tkt|nope\n|\n|t:|1700162561\n|switch|p1a: Ninetales|Ninetales, L5, F|100\/100\n|-activate|p1a: Ninetales|move: Sticky Web\n|-unboost|p1a: Ninetales|spe|1\n|-weather|SunnyDay|[from] ability: Drought|[of] p1a: Ninetales\n|move|p2a: Gholdengo|Nasty Plot|p2a: Gholdengo\n|-boost|p2a: Gholdengo|spa|2\n|\n|-weather|SunnyDay|[upkeep]\n|upkeep\n|turn|10\n|\n|t:|1700162573\n|switch|p1a: Aerodactyl|Aerodactyl, L5, M|100\/100\n|move|p2a: Gholdengo|Shadow Ball|p1a: Aerodactyl\n|-damage|p1a: Aerodactyl|0 fnt\n|faint|p1a: Aerodactyl\n|\n|-weather|SunnyDay|[upkeep]\n|upkeep\n|\n|t:|1700162575\n|switch|p1a: Landorus|Landorus-Therian, L5, M|100\/100\n|-ability|p1a: Landorus|Intimidate|boost\n|-unboost|p2a: Gholdengo|atk|1\n|turn|11\n|j| CaroOui\n|c|\u2606CaoJie|t'es balloon j'avais pas vu , bon on avise\n|\n|t:|1700162589\n|move|p1a: Landorus|U-turn|p2a: Gholdengo\n|-resisted|p2a: Gholdengo\n|-crit|p2a: Gholdengo\n|-damage|p2a: Gholdengo|88\/100\n|-enditem|p2a: Gholdengo|Air Balloon\n|c|\u2606un ptit test tkt|mdrr\n|c|\u2606CaoJie|!roll 3\n|c| CaoJie|\/raw <div class=\"infobox\">Rolling (1 to 3): 2<\/div>\n|l| CaroOui\n|c|\u2606CaoJie|bah non pas 2\n|c|\u2606CaoJie|..\n|c|\u2606un ptit test tkt|:messi:\n|\n|t:|1700162610\n|switch|p1a: Ninetales|Ninetales, L5, F|100\/100|[from] U-turn\n|-activate|p1a: Ninetales|move: Sticky Web\n|-unboost|p1a: Ninetales|spe|1\n|move|p2a: Gholdengo|Nasty Plot|p2a: Gholdengo\n|-boost|p2a: Gholdengo|spa|2\n|\n|-weather|SunnyDay|[upkeep]\n|upkeep\n|turn|12\n|c|\u2606CaoJie|oh\n|c|\u2606CaoJie|la sauce\n|\n|t:|1700162619\n|move|p2a: Gholdengo|Shadow Ball|p1a: Ninetales\n|-damage|p1a: Ninetales|0 fnt\n|faint|p1a: Ninetales\n|\n|-weather|SunnyDay|[upkeep]\n|upkeep\n|\n|t:|1700162628\n|switch|p1a: Landorus|Landorus-Therian, L5, M|100\/100\n|-ability|p1a: Landorus|Intimidate|boost\n|-unboost|p2a: Gholdengo|atk|1\n|turn|13\n|\n|t:|1700162635\n|switch|p2a: Flamigo|Flamigo, L5, F|40\/100\n|move|p1a: Landorus|Earthquake|p2a: Flamigo\n|-immune|p2a: Flamigo\n|\n|-weather|SunnyDay|[upkeep]\n|upkeep\n|turn|14\n|\n|t:|1700162646\n|switch|p1a: Tangrowth|Tangrowth, L5, M|100\/100\n|-activate|p1a: Tangrowth|move: Sticky Web\n|-unboost|p1a: Tangrowth|spe|1\n|move|p2a: Flamigo|Swords Dance|p2a: Flamigo\n|-boost|p2a: Flamigo|atk|2\n|\n|-weather|SunnyDay|[upkeep]\n|upkeep\n|turn|15\n|\n|t:|1700162651\n|move|p2a: Flamigo|Dual Wingbeat|p1a: Tangrowth\n|-supereffective|p1a: Tangrowth\n|-damage|p1a: Tangrowth|8\/100\n|-supereffective|p1a: Tangrowth\n|-damage|p1a: Tangrowth|0 fnt\n|faint|p1a: Tangrowth\n|-hitcount|p1: Tangrowth|2\n|\n|-weather|SunnyDay|[upkeep]\n|upkeep\n|c|\u2606CaoJie|tang t'es lent\n|c|\u2606CaoJie|wesh\n|\n|t:|1700162664\n|switch|p1a: Lilligant|Lilligant, L5, F, shiny|100\/100\n|-activate|p1a: Lilligant|move: Sticky Web\n|-unboost|p1a: Lilligant|spe|1\n|turn|16\n|c|\u2606un ptit test tkt|oh\n|c|\u2606un ptit test tkt|j'avais jamais remarqu\u00e9\n|c|\u2606un ptit test tkt|mais le shiny est grave beau\n|c|\u2606CaoJie|de lilligant?\n|c|\u2606CaoJie|o\u00e9\n|c|\u2606un ptit test tkt|y\n|\n|t:|1700162692\n|-terastallize|p1a: Lilligant|Fire\n|move|p1a: Lilligant|Hidden Power|p2a: Flamigo\n|-damage|p2a: Flamigo|0 fnt\n|faint|p2a: Flamigo\n|\n|-weather|none\n|upkeep\n|inactive|un ptit test tkt has 120 seconds left.\n|\n|t:|1700162703\n|switch|p2a: Slowking|Slowking-Galar, L5, M|45\/100\n|turn|17\n|\n|t:|1700162711\n|move|p1a: Lilligant|Quiver Dance|p1a: Lilligant\n|-boost|p1a: Lilligant|spa|1\n|-boost|p1a: Lilligant|spd|1\n|-boost|p1a: Lilligant|spe|1\n|move|p2a: Slowking|Chilly Reception|p2a: Slowking\n|-weather|Snow\n|inactive|un ptit test tkt has 120 seconds left.\n|\n|t:|1700162722\n|switch|p2a: Porygon-Z|Porygon-Z, L5|100\/100|[from] Chilly Reception\n|\n|-weather|Snow|[upkeep]\n|upkeep\n|turn|18\n|inactive|un ptit test tkt has 120 seconds left.\n|\n|t:|1700162733\n|move|p1a: Lilligant|Quiver Dance|p1a: Lilligant\n|-boost|p1a: Lilligant|spa|1\n|-boost|p1a: Lilligant|spd|1\n|-boost|p1a: Lilligant|spe|1\n|-zpower|p2a: Porygon-Z\n|move|p2a: Porygon-Z|Z-Conversion||[anim]Conversion|[still]\n|-boost|p2a: Porygon-Z|atk|1|[zeffect]\n|-boost|p2a: Porygon-Z|def|1|[zeffect]\n|-boost|p2a: Porygon-Z|spa|1|[zeffect]\n|-boost|p2a: Porygon-Z|spd|1|[zeffect]\n|-boost|p2a: Porygon-Z|spe|1|[zeffect]\n|-fail|p2a: Porygon-Z\n|\n|-weather|Snow|[upkeep]\n|upkeep\n|turn|19\n|c|\u2606CaoJie|ah\n|c|\u2606CaoJie|Oula\n|c|\u2606un ptit test tkt|^^'\n|c|\u2606CaoJie|ptit malaise\n|\n|t:|1700162748\n|move|p1a: Lilligant|Quiver Dance|p1a: Lilligant\n|-boost|p1a: Lilligant|spa|1\n|-boost|p1a: Lilligant|spd|1\n|-boost|p1a: Lilligant|spe|1\n|move|p2a: Porygon-Z|Tri Attack|p1a: Lilligant\n|-crit|p1a: Lilligant\n|-damage|p1a: Lilligant|0 fnt\n|faint|p1a: Lilligant\n|\n|-weather|Snow|[upkeep]\n|upkeep\n|c|\u2606un ptit test tkt|mdrr\n|c|\u2606CaoJie|MDR\n|c|\u2606CaoJie|gros malaise\n|c|\u2606un ptit test tkt|comme \u00e7a \u00e7a va plus vite\n|c|\u2606CaoJie|triche imo\n|c|\u2606un ptit test tkt|jav..\n|\n|t:|1700162768\n|switch|p1a: Landorus|Landorus-Therian, L5, M|100\/100\n|-ability|p1a: Landorus|Intimidate|boost\n|-unboost|p2a: Porygon-Z|atk|1\n|turn|20\n|c|\u2606CaoJie|regarde\n|c|\u2606CaoJie|la\n|c|\u2606CaoJie|je crit\n|\n|t:|1700162777\n|move|p1a: Landorus|Earthquake|p2a: Porygon-Z\n|-damage|p2a: Porygon-Z|45\/100\n|move|p2a: Porygon-Z|Ice Beam|p1a: Landorus\n|-supereffective|p1a: Landorus\n|-damage|p1a: Landorus|0 fnt\n|faint|p1a: Landorus\n|\n|win|un ptit test tkt\n|n|\u2606CaoJie|caojie\n|n|\u2606un ptit test tkt|unptittesttkt\n|c|\u2606un ptit test tkt|rip\n|c|\u2606CaoJie|dommaj\n|c|\u2606CaoJie|gg\n|c|\u2606un ptit test tkt|gg\n|l|\u2606CaoJie\n","uploadtime":1700162777,"views":5,"p1id":"caojie","p2id":"unptittesttkt","formatid":"gen9nationaldex","rating":0,"private":0,"password":""}