{"id":"gen9nationaldex-1987913348","p1":"ziggycreeper","p2":"testing a funni3","format":"[Gen 9] National Dex","log":"|j|\u2606ziggycreeper\n|j|\u2606testing a funni3\n|t:|1699648572\n|gametype|singles\n|player|p1|ziggycreeper|101|1478\n|player|p2|testing a funni3|unknownf|1417\n|teamsize|p1|6\n|teamsize|p2|6\n|gen|9\n|tier|[Gen 9] National Dex\n|rated|\n|rule|HP Percentage Mod: HP is shown in percentages\n|rule|Endless Battle Clause: Forcing endless battles is banned\n|rule|OHKO Clause: OHKO moves are banned\n|rule|Evasion Clause: Evasion abilities, items, and moves are banned\n|rule|Evasion Abilities Clause: Evasion abilities are banned\n|rule|Evasion Items Clause: Evasion items are banned\n|rule|Evasion Moves Clause: Evasion moves are banned\n|rule|Species Clause: Limit one of each Pok\u00e9mon\n|rule|Sleep Clause Mod: Limit one foe put to sleep\n|clearpoke\n|poke|p1|Urshifu-*, M|\n|poke|p1|Keldeo-Resolute|\n|poke|p1|Pelipper, F|\n|poke|p1|Chansey, F|\n|poke|p1|Banette, F|\n|poke|p1|Gliscor, F|\n|poke|p2|Hoopa-Unbound|\n|poke|p2|Tapu Bulu|\n|poke|p2|Volcanion|\n|poke|p2|Scizor, F|\n|poke|p2|Umbreon, F|\n|poke|p2|Zapdos|\n|teampreview\n|\n|t:|1699648598\n|start\n|switch|p1a: Gliscor|Gliscor, F|100\/100\n|switch|p2a: Volcanion|Volcanion|100\/100\n|turn|1\n|j| Bayern72915\n|\n|t:|1699648622\n|move|p1a: Gliscor|Protect|p1a: Gliscor\n|-singleturn|p1a: Gliscor|Protect\n|move|p2a: Volcanion|Steam Eruption|p1a: Gliscor\n|-activate|p1a: Gliscor|move: Protect\n|\n|-status|p1a: Gliscor|tox|[from] item: Toxic Orb\n|upkeep\n|turn|2\n|\n|t:|1699648636\n|-terastallize|p1a: Gliscor|Fairy\n|move|p1a: Gliscor|Earthquake|p2a: Volcanion\n|-supereffective|p2a: Volcanion\n|-damage|p2a: Volcanion|49\/100\n|move|p2a: Volcanion|Steam Eruption|p1a: Gliscor\n|-damage|p1a: Gliscor|44\/100 tox\n|\n|-heal|p1a: Gliscor|57\/100 tox|[from] ability: Poison Heal\n|upkeep\n|turn|3\n|\n|t:|1699648646\n|-terastallize|p2a: Volcanion|Ground\n|move|p1a: Gliscor|Earthquake|p2a: Volcanion\n|-damage|p2a: Volcanion|21\/100\n|move|p2a: Volcanion|Sludge Bomb|p1a: Gliscor\n|-supereffective|p1a: Gliscor\n|-damage|p1a: Gliscor|0 fnt\n|faint|p1a: Gliscor\n|\n|upkeep\n|\n|t:|1699648665\n|switch|p1a: Keldeo|Keldeo-Resolute|100\/100\n|turn|4\n|\n|t:|1699648677\n|switch|p2a: Tapu Bulu|Tapu Bulu|100\/100\n|-fieldstart|move: Grassy Terrain|[from] ability: Grassy Surge|[of] p2a: Tapu Bulu\n|move|p1a: Keldeo|Secret Sword|p2a: Tapu Bulu\n|-resisted|p2a: Tapu Bulu\n|-damage|p2a: Tapu Bulu|77\/100\n|\n|-heal|p2a: Tapu Bulu|83\/100|[from] Grassy Terrain\n|upkeep\n|turn|5\n|\n|t:|1699648699\n|switch|p1a: Pelipper|Pelipper, F|100\/100\n|-weather|RainDance|[from] ability: Drizzle|[of] p1a: Pelipper\n|move|p2a: Tapu Bulu|Toxic|p1a: Pelipper\n|-status|p1a: Pelipper|tox\n|\n|-weather|RainDance|[upkeep]\n|-heal|p2a: Tapu Bulu|89\/100|[from] Grassy Terrain\n|-damage|p1a: Pelipper|94\/100 tox|[from] psn\n|upkeep\n|turn|6\n|\n|t:|1699648716\n|switch|p2a: Umbreon|Umbreon, F|100\/100\n|move|p1a: Pelipper|U-turn|p2a: Umbreon\n|-supereffective|p2a: Umbreon\n|-damage|p2a: Umbreon|90\/100\n|\n|t:|1699648728\n|switch|p1a: Urshifu|Urshifu-Rapid-Strike, M|100\/100|[from] U-turn\n|\n|-weather|RainDance|[upkeep]\n|-heal|p2a: Umbreon|96\/100|[from] Grassy Terrain\n|-heal|p2a: Umbreon|100\/100|[from] item: Leftovers\n|upkeep\n|turn|7\n|\n|t:|1699648736\n|switch|p2a: Zapdos|Zapdos|100\/100\n|move|p1a: Urshifu|Swords Dance|p1a: Urshifu\n|-boost|p1a: Urshifu|atk|2\n|\n|-weather|RainDance|[upkeep]\n|upkeep\n|turn|8\n|\n|t:|1699648747\n|switch|p2a: Volcanion|Volcanion, tera:Ground|21\/100\n|move|p1a: Urshifu|Surging Strikes|p2a: Volcanion\n|-heal|p2a: Volcanion|45\/100|[from] ability: Water Absorb|[of] p1a: Urshifu\n|\n|-weather|RainDance|[upkeep]\n|-heal|p2a: Volcanion|51\/100|[from] Grassy Terrain\n|upkeep\n|turn|9\n|\n|t:|1699648760\n|switch|p2a: Zapdos|Zapdos|100\/100\n|move|p1a: Urshifu|Drain Punch|p2a: Zapdos\n|-resisted|p2a: Zapdos\n|-damage|p2a: Zapdos|58\/100\n|\n|-weather|none\n|upkeep\n|turn|10\n|\n|t:|1699648774\n|move|p1a: Urshifu|Surging Strikes|p2a: Zapdos\n|-crit|p2a: Zapdos\n|-damage|p2a: Zapdos|14\/100\n|-crit|p2a: Zapdos\n|-damage|p2a: Zapdos|0 fnt\n|faint|p2a: Zapdos\n|-hitcount|p2: Zapdos|2\n|\n|upkeep\n|\n|t:|1699648784\n|switch|p2a: Tapu Bulu|Tapu Bulu|89\/100\n|turn|11\n|\n|t:|1699648794\n|switch|p1a: Pelipper|Pelipper, F|94\/100 tox\n|-weather|RainDance|[from] ability: Drizzle|[of] p1a: Pelipper\n|move|p2a: Tapu Bulu|Toxic|p1a: Pelipper\n|-fail|p1a: Pelipper|tox\n|\n|-weather|RainDance|[upkeep]\n|-heal|p2a: Tapu Bulu|96\/100|[from] Grassy Terrain\n|-damage|p1a: Pelipper|88\/100 tox|[from] psn\n|-fieldend|move: Grassy Terrain\n|upkeep\n|turn|12\n|\n|t:|1699648804\n|switch|p2a: Volcanion|Volcanion, tera:Ground|51\/100\n|move|p1a: Pelipper|Scald|p2a: Volcanion\n|-heal|p2a: Volcanion|76\/100|[from] ability: Water Absorb|[of] p1a: Pelipper\n|\n|-weather|RainDance|[upkeep]\n|-damage|p1a: Pelipper|76\/100 tox|[from] psn\n|upkeep\n|turn|13\n|\n|t:|1699648819\n|move|p2a: Volcanion|Steam Eruption|p1a: Pelipper\n|-resisted|p1a: Pelipper\n|-damage|p1a: Pelipper|13\/100 tox\n|move|p1a: Pelipper|U-turn|p2a: Volcanion\n|-damage|p2a: Volcanion|69\/100\n|\n|t:|1699648831\n|switch|p1a: Chansey|Chansey, F|100\/100|[from] U-turn\n|\n|-weather|RainDance|[upkeep]\n|upkeep\n|turn|14\n|\n|t:|1699648853\n|switch|p2a: Umbreon|Umbreon, F|100\/100\n|move|p1a: Chansey|Toxic|p2a: Umbreon\n|-status|p2a: Umbreon|tox\n|-activate|p2a: Umbreon|ability: Synchronize\n|-status|p1a: Chansey|tox\n|\n|-weather|RainDance|[upkeep]\n|-damage|p2a: Umbreon|94\/100 tox|[from] psn\n|-damage|p1a: Chansey|94\/100 tox|[from] psn\n|upkeep\n|turn|15\n|\n|t:|1699648863\n|-curestatus|p1a: Chansey|tox|[from] ability: Natural Cure\n|switch|p1a: Banette|Banette, F|100\/100\n|move|p2a: Umbreon|Heal Bell|p2a: Umbreon\n|-activate|p2a: Umbreon|move: Heal Bell\n|-curestatus|p2a: Umbreon|tox|[msg]\n|\n|-weather|none\n|-heal|p2a: Umbreon|100\/100|[from] item: Leftovers\n|upkeep\n|turn|16\n|\n|t:|1699648876\n|detailschange|p1a: Banette|Banette-Mega, F\n|-mega|p1a: Banette|Banette|Banettite\n|move|p1a: Banette|Encore|p2a: Umbreon\n|-hint|Since gen 7, Dark is immune to Prankster moves.\n|-immune|p2a: Umbreon\n|move|p2a: Umbreon|Wish|p2a: Umbreon\n|\n|upkeep\n|turn|17\n|\n|t:|1699648903\n|switch|p1a: Keldeo|Keldeo-Resolute|100\/100\n|switch|p2a: Tapu Bulu|Tapu Bulu|96\/100\n|-fieldstart|move: Grassy Terrain|[from] ability: Grassy Surge|[of] p2a: Tapu Bulu\n|\n|-heal|p2a: Tapu Bulu|100\/100|[from] move: Wish|[wisher] Umbreon\n|upkeep\n|turn|18\n|\n|t:|1699648921\n|move|p1a: Keldeo|Scald|p2a: Tapu Bulu\n|-resisted|p2a: Tapu Bulu\n|-damage|p2a: Tapu Bulu|69\/100\n|move|p2a: Tapu Bulu|Horn Leech|p1a: Keldeo\n|-supereffective|p1a: Keldeo\n|-damage|p1a: Keldeo|4\/100\n|-heal|p2a: Tapu Bulu|100\/100|[from] drain|[of] p1a: Keldeo\n|\n|-heal|p1a: Keldeo|10\/100|[from] Grassy Terrain\n|upkeep\n|turn|19\n|\n|t:|1699648941\n|switch|p1a: Chansey|Chansey, F|94\/100\n|move|p2a: Tapu Bulu|Leech Seed|p1a: Chansey\n|-start|p1a: Chansey|move: Leech Seed\n|\n|-heal|p1a: Chansey|100\/100|[from] Grassy Terrain\n|-damage|p1a: Chansey|88\/100|[from] Leech Seed|[of] p2a: Tapu Bulu\n|upkeep\n|turn|20\n|\n|t:|1699648954\n|switch|p2a: Umbreon|Umbreon, F|100\/100\n|switch|p1a: Urshifu|Urshifu-Rapid-Strike, M|100\/100\n|\n|upkeep\n|turn|21\n|\n|t:|1699648964\n|switch|p1a: Banette|Banette-Mega, F|100\/100\n|move|p2a: Umbreon|Foul Play|p1a: Banette\n|-supereffective|p1a: Banette\n|-damage|p1a: Banette|0 fnt\n|faint|p1a: Banette\n|\n|upkeep\n|\n|t:|1699648976\n|switch|p1a: Urshifu|Urshifu-Rapid-Strike, M|100\/100\n|turn|22\n|\n|t:|1699648991\n|move|p1a: Urshifu|Drain Punch|p2a: Umbreon\n|-supereffective|p2a: Umbreon\n|-damage|p2a: Umbreon|46\/100\n|move|p2a: Umbreon|Foul Play|p1a: Urshifu\n|-resisted|p1a: Urshifu\n|-damage|p1a: Urshifu|78\/100\n|\n|-heal|p1a: Urshifu|84\/100|[from] Grassy Terrain\n|-heal|p2a: Umbreon|52\/100|[from] Grassy Terrain\n|-heal|p2a: Umbreon|58\/100|[from] item: Leftovers\n|upkeep\n|turn|23\n|-message|ziggycreeper forfeited.\n|\n|win|testing a funni3\n|raw|ziggycreeper's rating: 1478 &rarr; <strong>1455<\/strong><br \/>(-23 for losing)\n|raw|testing a funni3's rating: 1417 &rarr; <strong>1440<\/strong><br \/>(+23 for winning)\n|l|\u2606ziggycreeper\n","uploadtime":1699649002,"views":11,"p1id":"ziggycreeper","p2id":"testingafunni3","formatid":"gen9nationaldex","rating":1440,"private":0,"password":""}