{"id":"gen9nationaldex-1992098345","p1":"Feigar2004","p2":"LELELEIOIOIO","format":"[Gen 9] National Dex","log":"|j|\u2606Feigar2004\n|j|\u2606LELELEIOIOIO\n|t:|1700154938\n|gametype|singles\n|player|p1|Feigar2004|benga|1232\n|player|p2|LELELEIOIOIO|101|1245\n|teamsize|p1|6\n|teamsize|p2|6\n|gen|9\n|tier|[Gen 9] National Dex\n|rated|\n|rule|HP Percentage Mod: HP is shown in percentages\n|rule|Endless Battle Clause: Forcing endless battles is banned\n|rule|OHKO Clause: OHKO moves are banned\n|rule|Evasion Clause: Evasion abilities, items, and moves are banned\n|rule|Evasion Abilities Clause: Evasion abilities are banned\n|rule|Evasion Items Clause: Evasion items are banned\n|rule|Evasion Moves Clause: Evasion moves are banned\n|rule|Species Clause: Limit one of each Pok\u00e9mon\n|rule|Sleep Clause Mod: Limit one foe put to sleep\n|clearpoke\n|poke|p1|Leafeon, M|\n|poke|p1|Goodra, M|\n|poke|p1|Skarmory, M|\n|poke|p1|Corsola-Galar, F|\n|poke|p1|Tapu Koko|\n|poke|p1|Sneasler, F|\n|poke|p2|Pelipper, M|\n|poke|p2|Swampert, M|\n|poke|p2|Manaphy|\n|poke|p2|Zapdos|\n|poke|p2|Ferrothorn, F|\n|poke|p2|Goodra, F|\n|teampreview\n|\n|t:|1700154950\n|start\n|switch|p1a: Tapu Koko|Tapu Koko|100\/100\n|switch|p2a: Pelipper|Pelipper, M|100\/100\n|-fieldstart|move: Electric Terrain|[from] ability: Electric Surge|[of] p1a: Tapu Koko\n|-weather|RainDance|[from] ability: Drizzle|[of] p2a: Pelipper\n|turn|1\n|\n|t:|1700154954\n|switch|p2a: Swampert|Swampert, M|100\/100\n|move|p1a: Tapu Koko|Thunderbolt|p2a: Swampert\n|-immune|p2a: Swampert\n|\n|-weather|RainDance|[upkeep]\n|upkeep\n|turn|2\n|\n|t:|1700154962\n|switch|p1a: Skarmory|Skarmory, M|100\/100\n|detailschange|p2a: Swampert|Swampert-Mega, M\n|-mega|p2a: Swampert|Swampert|Swampertite\n|move|p2a: Swampert|Earthquake|p1a: Skarmory\n|-immune|p1a: Skarmory\n|\n|-weather|RainDance|[upkeep]\n|upkeep\n|turn|3\n|\n|t:|1700154967\n|move|p2a: Swampert|Waterfall|p1a: Skarmory\n|-damage|p1a: Skarmory|58\/100\n|-damage|p2a: Swampert|84\/100|[from] item: Rocky Helmet|[of] p1a: Skarmory\n|move|p1a: Skarmory|Iron Defense|p1a: Skarmory\n|-boost|p1a: Skarmory|def|2\n|\n|-weather|RainDance|[upkeep]\n|upkeep\n|turn|4\n|\n|t:|1700154973\n|move|p2a: Swampert|Waterfall|p1a: Skarmory\n|-damage|p1a: Skarmory|39\/100\n|-damage|p2a: Swampert|68\/100|[from] item: Rocky Helmet|[of] p1a: Skarmory\n|move|p1a: Skarmory|Body Press|p2a: Swampert\n|-damage|p2a: Swampert|6\/100\n|\n|-weather|RainDance|[upkeep]\n|upkeep\n|turn|5\n|\n|t:|1700154982\n|switch|p2a: Zapdos|Zapdos|100\/100\n|move|p1a: Skarmory|Body Press|p2a: Zapdos\n|-resisted|p2a: Zapdos\n|-damage|p2a: Zapdos|64\/100\n|-status|p1a: Skarmory|par|[from] ability: Static|[of] p2a: Zapdos\n|\n|-weather|RainDance|[upkeep]\n|-fieldend|move: Electric Terrain\n|upkeep\n|turn|6\n|\n|t:|1700154988\n|move|p2a: Zapdos|Thunder|p1a: Skarmory\n|-supereffective|p1a: Skarmory\n|-damage|p1a: Skarmory|0 fnt\n|faint|p1a: Skarmory\n|\n|-weather|RainDance|[upkeep]\n|upkeep\n|\n|t:|1700154994\n|switch|p1a: Goodra|Goodra, M, shiny|100\/100\n|turn|7\n|\n|t:|1700155001\n|move|p2a: Zapdos|Roost|p2a: Zapdos\n|-heal|p2a: Zapdos|100\/100\n|-singleturn|p2a: Zapdos|move: Roost\n|move|p1a: Goodra|Dragon Pulse|p2a: Zapdos\n|-damage|p2a: Zapdos|51\/100\n|\n|-weather|RainDance|[upkeep]\n|upkeep\n|turn|8\n|\n|t:|1700155014\n|move|p2a: Zapdos|Thunder|p1a: Goodra\n|-resisted|p1a: Goodra\n|-damage|p1a: Goodra|88\/100\n|move|p1a: Goodra|Dragon Pulse|p2a: Zapdos\n|-damage|p2a: Zapdos|0 fnt\n|faint|p2a: Zapdos\n|\n|-weather|none\n|upkeep\n|\n|t:|1700155018\n|switch|p2a: Manaphy|Manaphy|100\/100\n|turn|9\n|\n|t:|1700155021\n|move|p2a: Manaphy|Tail Glow|p2a: Manaphy\n|-boost|p2a: Manaphy|spa|3\n|move|p1a: Goodra|Dragon Pulse|p2a: Manaphy\n|-damage|p2a: Manaphy|63\/100\n|\n|upkeep\n|turn|10\n|\n|t:|1700155026\n|move|p2a: Manaphy|Ice Beam|p1a: Goodra\n|-supereffective|p1a: Goodra\n|-damage|p1a: Goodra|46\/100\n|move|p1a: Goodra|Dragon Pulse|p2a: Manaphy\n|-damage|p2a: Manaphy|28\/100\n|\n|upkeep\n|turn|11\n|\n|t:|1700155032\n|move|p2a: Manaphy|Ice Beam|p1a: Goodra\n|-supereffective|p1a: Goodra\n|-damage|p1a: Goodra|0 fnt\n|faint|p1a: Goodra\n|\n|upkeep\n|\n|t:|1700155035\n|switch|p1a: Tapu Koko|Tapu Koko|100\/100\n|-fieldstart|move: Electric Terrain|[from] ability: Electric Surge|[of] p1a: Tapu Koko\n|turn|12\n|\n|t:|1700155043\n|switch|p2a: Swampert|Swampert-Mega, M|6\/100\n|move|p1a: Tapu Koko|Volt Switch|p2a: Swampert\n|-immune|p2a: Swampert\n|\n|upkeep\n|turn|13\n|\n|t:|1700155049\n|switch|p2a: Pelipper|Pelipper, M|100\/100\n|-weather|RainDance|[from] ability: Drizzle|[of] p2a: Pelipper\n|move|p1a: Tapu Koko|Dazzling Gleam|p2a: Pelipper\n|-damage|p2a: Pelipper|35\/100\n|-damage|p1a: Tapu Koko|91\/100|[from] item: Life Orb\n|\n|-weather|RainDance|[upkeep]\n|upkeep\n|turn|14\n|\n|t:|1700155060\n|-terastallize|p2a: Pelipper|Ground\n|move|p1a: Tapu Koko|Dazzling Gleam|p2a: Pelipper\n|-damage|p2a: Pelipper|0 fnt\n|faint|p2a: Pelipper\n|-damage|p1a: Tapu Koko|81\/100|[from] item: Life Orb\n|\n|-weather|RainDance|[upkeep]\n|upkeep\n|\n|t:|1700155063\n|switch|p2a: Swampert|Swampert-Mega, M|6\/100\n|turn|15\n|\n|t:|1700155070\n|move|p2a: Swampert|Earthquake|p1a: Tapu Koko\n|-supereffective|p1a: Tapu Koko\n|-damage|p1a: Tapu Koko|0 fnt\n|faint|p1a: Tapu Koko\n|\n|-weather|RainDance|[upkeep]\n|upkeep\n|\n|t:|1700155073\n|switch|p1a: Sneasler|Sneasler, F|100\/100\n|-enditem|p1a: Sneasler|Electric Seed\n|-boost|p1a: Sneasler|def|1|[from] item: Electric Seed\n|turn|16\n|\n|t:|1700155077\n|switch|p2a: Ferrothorn|Ferrothorn, F|100\/100\n|move|p1a: Sneasler|Acrobatics|p2a: Ferrothorn\n|-damage|p2a: Ferrothorn|75\/100\n|-damage|p1a: Sneasler|88\/100|[from] ability: Iron Barbs|[of] p2a: Ferrothorn\n|-damage|p1a: Sneasler|72\/100|[from] item: Rocky Helmet|[of] p2a: Ferrothorn\n|\n|-weather|RainDance|[upkeep]\n|-fieldend|move: Electric Terrain\n|upkeep\n|turn|17\n|\n|t:|1700155088\n|move|p1a: Sneasler|Brick Break|p2a: Ferrothorn\n|-supereffective|p2a: Ferrothorn\n|-damage|p2a: Ferrothorn|24\/100\n|-damage|p1a: Sneasler|59\/100|[from] ability: Iron Barbs|[of] p2a: Ferrothorn\n|-damage|p1a: Sneasler|43\/100|[from] item: Rocky Helmet|[of] p2a: Ferrothorn\n|move|p2a: Ferrothorn|Leech Seed|p1a: Sneasler\n|-start|p1a: Sneasler|move: Leech Seed\n|\n|-weather|RainDance|[upkeep]\n|-damage|p1a: Sneasler|30\/100|[from] Leech Seed|[of] p2a: Ferrothorn\n|-heal|p2a: Ferrothorn|34\/100|[silent]\n|upkeep\n|turn|18\n|\n|t:|1700155096\n|move|p1a: Sneasler|Brick Break|p2a: Ferrothorn\n|-supereffective|p2a: Ferrothorn\n|-damage|p2a: Ferrothorn|0 fnt\n|-damage|p1a: Sneasler|18\/100|[from] ability: Iron Barbs|[of] p2a: Ferrothorn\n|-damage|p1a: Sneasler|1\/100|[from] item: Rocky Helmet|[of] p2a: Ferrothorn\n|faint|p2a: Ferrothorn\n|\n|-weather|RainDance|[upkeep]\n|upkeep\n|\n|t:|1700155105\n|switch|p2a: Goodra|Goodra, F|100\/100\n|turn|19\n|\n|t:|1700155108\n|move|p1a: Sneasler|Dire Claw|p2a: Goodra\n|-crit|p2a: Goodra\n|-damage|p2a: Goodra|15\/100\n|-status|p2a: Goodra|slp\n|cant|p2a: Goodra|slp\n|\n|-weather|RainDance|[upkeep]\n|-activate|p2a: Goodra|ability: Hydration\n|-curestatus|p2a: Goodra|slp|[msg]\n|-heal|p2a: Goodra|21\/100|[from] item: Leftovers\n|-damage|p1a: Sneasler|0 fnt|[from] Leech Seed|[of] p2a: Goodra\n|-heal|p2a: Goodra|22\/100|[silent]\n|faint|p1a: Sneasler\n|upkeep\n|\n|t:|1700155115\n|switch|p1a: Leafeon|Leafeon, M|100\/100\n|turn|20\n|\n|t:|1700155121\n|move|p1a: Leafeon|Knock Off|p2a: Goodra\n|-damage|p2a: Goodra|0 fnt\n|-enditem|p2a: Goodra|Leftovers|[from] move: Knock Off|[of] p1a: Leafeon\n|faint|p2a: Goodra\n|\n|-weather|none\n|upkeep\n|\n|t:|1700155124\n|switch|p2a: Manaphy|Manaphy|28\/100\n|turn|21\n|\n|t:|1700155130\n|move|p2a: Manaphy|Rest|p2a: Manaphy\n|-status|p2a: Manaphy|slp|[from] move: Rest\n|-heal|p2a: Manaphy|100\/100 slp|[silent]\n|move|p1a: Leafeon|Leaf Blade|p2a: Manaphy\n|-supereffective|p2a: Manaphy\n|-crit|p2a: Manaphy\n|-damage|p2a: Manaphy|0 fnt\n|faint|p2a: Manaphy\n|\n|upkeep\n|\n|t:|1700155136\n|switch|p2a: Swampert|Swampert-Mega, M|6\/100\n|turn|22\n|\n|t:|1700155138\n|move|p2a: Swampert|Ice Punch|p1a: Leafeon\n|-supereffective|p1a: Leafeon\n|-damage|p1a: Leafeon|54\/100\n|-status|p1a: Leafeon|frz\n|cant|p1a: Leafeon|frz\n|\n|-heal|p1a: Leafeon|60\/100 frz|[from] item: Leftovers\n|upkeep\n|turn|23\n|\n|t:|1700155144\n|switch|p1a: Corsola|Corsola-Galar, F|100\/100\n|move|p2a: Swampert|Ice Punch|p1a: Corsola\n|-damage|p1a: Corsola|80\/100\n|\n|upkeep\n|turn|24\n|\n|t:|1700155148\n|move|p2a: Swampert|Waterfall|p1a: Corsola\n|-damage|p1a: Corsola|45\/100\n|move|p1a: Corsola|Whirlpool|p2a: Swampert\n|-damage|p2a: Swampert|0 fnt\n|faint|p2a: Swampert\n|\n|win|Feigar2004\n|raw|Feigar2004's rating: 1232 &rarr; <strong>1258<\/strong><br \/>(+26 for winning)\n|raw|LELELEIOIOIO's rating: 1245 &rarr; <strong>1219<\/strong><br \/>(-26 for losing)\n|l|\u2606LELELEIOIOIO\n","uploadtime":1700155165,"views":5,"p1id":"feigar2004","p2id":"leleleioioio","formatid":"gen9nationaldex","rating":1219,"private":0,"password":""}