{"id":"gen9nationaldex-1998727554","p1":"Followers of Roxy","p2":"baigu2","format":"[Gen 9] National Dex","log":"|html|<div class=\"broadcast-blue\"><strong>[Gen 9] National Dex is currently suspecting Sneasler! For information on how to participate check out the <a href=\"https:\/\/www.smogon.com\/forums\/threads\/sv-national-dex-suspect-8-just-dance.3731534\/\">suspect thread<\/a>.<\/strong><\/div>\n|j|\u2606Followers of Roxy\n|j|\u2606baigu2\n|t:|1700978806\n|gametype|singles\n|player|p1|Followers of Roxy|riley|1550\n|player|p2|baigu2|101|1837\n|teamsize|p1|6\n|teamsize|p2|6\n|gen|9\n|tier|[Gen 9] National Dex\n|rated|\n|rule|HP Percentage Mod: HP is shown in percentages\n|rule|Endless Battle Clause: Forcing endless battles is banned\n|rule|OHKO Clause: OHKO moves are banned\n|rule|Evasion Clause: Evasion abilities, items, and moves are banned\n|rule|Evasion Abilities Clause: Evasion abilities are banned\n|rule|Evasion Items Clause: Evasion items are banned\n|rule|Evasion Moves Clause: Evasion moves are banned\n|rule|Species Clause: Limit one of each Pok\u00e9mon\n|rule|Sleep Clause Mod: Limit one foe put to sleep\n|clearpoke\n|poke|p1|Ursaluna, M|\n|poke|p1|Corviknight, F|\n|poke|p1|Alomomola, F|\n|poke|p1|Urshifu-*, M|\n|poke|p1|Serperior, F|\n|poke|p1|Banette, F|\n|poke|p2|Ursaluna, M|\n|poke|p2|Slowking, M|\n|poke|p2|Corviknight, F|\n|poke|p2|Hoopa-Unbound|\n|poke|p2|Dragonite, F|\n|poke|p2|Tapu Koko|\n|teampreview\n|\n|t:|1700978820\n|start\n|switch|p1a: \u9b54\u738b\u57ce\u306e\u5931\u843d\u9b54\u50cf|Corviknight, F, shiny|100\/100\n|switch|p2a: Tapu Koko|Tapu Koko|100\/100\n|-fieldstart|move: Electric Terrain|[from] ability: Electric Surge|[of] p2a: Tapu Koko\n|turn|1\n|\n|t:|1700978835\n|switch|p1a: \u5403\u6211\u86ee\u718a\u9707\u6012\uff01\uff01\uff01|Ursaluna, M, shiny|100\/100\n|move|p2a: Tapu Koko|U-turn|p1a: \u5403\u6211\u86ee\u718a\u9707\u6012\uff01\uff01\uff01\n|-damage|p1a: \u5403\u6211\u86ee\u718a\u9707\u6012\uff01\uff01\uff01|89\/100\n|\n|t:|1700978840\n|switch|p2a: Hoopa|Hoopa-Unbound|100\/100|[from] U-turn\n|\n|-status|p1a: \u5403\u6211\u86ee\u718a\u9707\u6012\uff01\uff01\uff01|brn|[from] item: Flame Orb\n|upkeep\n|turn|2\n|\n|t:|1700978846\n|switch|p1a: \u359e\u56d6\u8b00\u61b6\u80bb\u5692\u5692|Banette, F, shiny|100\/100\n|-item|p2a: Hoopa|Fightinium Z|[from] ability: Frisk|[of] p1a: \u359e\u56d6\u8b00\u61b6\u80bb\u5692\u5692|[identify]\n|-zpower|p2a: Hoopa\n|move|p2a: Hoopa|All-Out Pummeling|p1a: \u359e\u56d6\u8b00\u61b6\u80bb\u5692\u5692|[zeffect]\n|-immune|p1a: \u359e\u56d6\u8b00\u61b6\u80bb\u5692\u5692\n|\n|upkeep\n|turn|3\n|inactive|Battle timer is ON: inactive players will automatically lose when time's up. (requested by baigu2)\n|\n|t:|1700978858\n|detailschange|p1a: \u359e\u56d6\u8b00\u61b6\u80bb\u5692\u5692|Banette-Mega, F, shiny\n|-mega|p1a: \u359e\u56d6\u8b00\u61b6\u80bb\u5692\u5692|Banette|Banettite\n|move|p1a: \u359e\u56d6\u8b00\u61b6\u80bb\u5692\u5692|Encore|p2a: Hoopa\n|-hint|Since gen 7, Dark is immune to Prankster moves.\n|-immune|p2a: Hoopa\n|move|p2a: Hoopa|Dark Pulse|p1a: \u359e\u56d6\u8b00\u61b6\u80bb\u5692\u5692\n|-supereffective|p1a: \u359e\u56d6\u8b00\u61b6\u80bb\u5692\u5692\n|-damage|p1a: \u359e\u56d6\u8b00\u61b6\u80bb\u5692\u5692|0 fnt\n|faint|p1a: \u359e\u56d6\u8b00\u61b6\u80bb\u5692\u5692\n|\n|upkeep\n|\n|t:|1700978875\n|switch|p1a: \u82cd\u84dd\u731b\u517d|Urshifu-Rapid-Strike, M|100\/100\n|turn|4\n|\n|t:|1700978878\n|switch|p2a: Corviknight|Corviknight, F|100\/100\n|-ability|p2a: Corviknight|Pressure\n|move|p1a: \u82cd\u84dd\u731b\u517d|Surging Strikes|p2a: Corviknight\n|-crit|p2a: Corviknight\n|-damage|p2a: Corviknight|83\/100\n|-damage|p1a: \u82cd\u84dd\u731b\u517d|84\/100|[from] item: Rocky Helmet|[of] p2a: Corviknight\n|-crit|p2a: Corviknight\n|-damage|p2a: Corviknight|64\/100\n|-damage|p1a: \u82cd\u84dd\u731b\u517d|67\/100|[from] item: Rocky Helmet|[of] p2a: Corviknight\n|-crit|p2a: Corviknight\n|-damage|p2a: Corviknight|46\/100\n|-damage|p1a: \u82cd\u84dd\u731b\u517d|51\/100|[from] item: Rocky Helmet|[of] p2a: Corviknight\n|-hitcount|p2a: Corviknight|3\n|\n|upkeep\n|turn|5\n|\n|t:|1700978893\n|move|p1a: \u82cd\u84dd\u731b\u517d|Surging Strikes|p2a: Corviknight\n|-crit|p2a: Corviknight\n|-damage|p2a: Corviknight|26\/100\n|-damage|p1a: \u82cd\u84dd\u731b\u517d|34\/100|[from] item: Rocky Helmet|[of] p2a: Corviknight\n|-crit|p2a: Corviknight\n|-damage|p2a: Corviknight|8\/100\n|-damage|p1a: \u82cd\u84dd\u731b\u517d|17\/100|[from] item: Rocky Helmet|[of] p2a: Corviknight\n|-crit|p2a: Corviknight\n|-damage|p2a: Corviknight|0 fnt\n|-damage|p1a: \u82cd\u84dd\u731b\u517d|1\/100|[from] item: Rocky Helmet|[of] p2a: Corviknight\n|faint|p2a: Corviknight\n|-hitcount|p2: Corviknight|3\n|\n|-fieldend|move: Electric Terrain\n|upkeep\n|\n|t:|1700978915\n|switch|p2a: Slowking|Slowking, M|100\/100\n|turn|6\n|\n|t:|1700978921\n|switch|p1a: \u522b\u62a0\u8001\u5a18\u9cde\u7247\uff01|Alomomola, F|100\/100\n|move|p2a: Slowking|Trick Room|p2a: Slowking\n|-fieldstart|move: Trick Room|[of] p2a: Slowking\n|\n|upkeep\n|turn|7\n|\n|t:|1700978927\n|move|p1a: \u522b\u62a0\u8001\u5a18\u9cde\u7247\uff01|Wish|p1a: \u522b\u62a0\u8001\u5a18\u9cde\u7247\uff01\n|move|p2a: Slowking|Teleport|p2a: Slowking\n|\n|t:|1700978934\n|switch|p2a: Hoopa|Hoopa-Unbound|100\/100|[from] Teleport\n|\n|upkeep\n|turn|8\n|\n|t:|1700978938\n|move|p1a: \u522b\u62a0\u8001\u5a18\u9cde\u7247\uff01|Flip Turn|p2a: Hoopa\n|-damage|p2a: Hoopa|68\/100\n|\n|t:|1700978942\n|switch|p1a: \u661f\u5b87|Serperior, F, shiny|100\/100|[from] Flip Turn\n|move|p2a: Hoopa|Psychic|p1a: \u661f\u5b87\n|-damage|p1a: \u661f\u5b87|41\/100\n|\n|-heal|p1a: \u661f\u5b87|100\/100|[from] move: Wish|[wisher] \u522b\u62a0\u8001\u5a18\u9cde\u7247\uff01\n|upkeep\n|turn|9\n|\n|t:|1700978951\n|move|p2a: Hoopa|Psychic|p1a: \u661f\u5b87\n|-damage|p1a: \u661f\u5b87|38\/100\n|move|p1a: \u661f\u5b87|Substitute|p1a: \u661f\u5b87\n|-start|p1a: \u661f\u5b87|Substitute\n|-damage|p1a: \u661f\u5b87|13\/100\n|\n|-heal|p1a: \u661f\u5b87|19\/100|[from] item: Leftovers\n|upkeep\n|turn|10\n|\n|t:|1700978954\n|move|p2a: Hoopa|Psychic|p1a: \u661f\u5b87\n|-end|p1a: \u661f\u5b87|Substitute\n|move|p1a: \u661f\u5b87|Leaf Storm|p2a: Hoopa\n|-damage|p2a: Hoopa|31\/100\n|-boost|p1a: \u661f\u5b87|spa|2\n|\n|-heal|p1a: \u661f\u5b87|25\/100|[from] item: Leftovers\n|-fieldend|move: Trick Room\n|upkeep\n|turn|11\n|\n|t:|1700978959\n|switch|p2a: Dragonite|Dragonite, F|100\/100\n|move|p1a: \u661f\u5b87|Leaf Storm|p2a: Dragonite\n|-resisted|p2a: Dragonite\n|-damage|p2a: Dragonite|90\/100\n|-boost|p1a: \u661f\u5b87|spa|2\n|\n|-heal|p1a: \u661f\u5b87|31\/100|[from] item: Leftovers\n|upkeep\n|turn|12\n|\n|t:|1700978967\n|switch|p1a: \u9b54\u738b\u57ce\u306e\u5931\u843d\u9b54\u50cf|Corviknight, F, shiny|100\/100\n|move|p2a: Dragonite|Fire Punch|p1a: \u9b54\u738b\u57ce\u306e\u5931\u843d\u9b54\u50cf\n|-supereffective|p1a: \u9b54\u738b\u57ce\u306e\u5931\u843d\u9b54\u50cf\n|-damage|p1a: \u9b54\u738b\u57ce\u306e\u5931\u843d\u9b54\u50cf|44\/100\n|-damage|p2a: Dragonite|73\/100|[from] item: Rocky Helmet|[of] p1a: \u9b54\u738b\u57ce\u306e\u5931\u843d\u9b54\u50cf\n|\n|upkeep\n|turn|13\n|\n|t:|1700978978\n|switch|p1a: \u522b\u62a0\u8001\u5a18\u9cde\u7247\uff01|Alomomola, F|100\/100\n|move|p2a: Dragonite|Fire Punch|p1a: \u522b\u62a0\u8001\u5a18\u9cde\u7247\uff01\n|-resisted|p1a: \u522b\u62a0\u8001\u5a18\u9cde\u7247\uff01\n|-damage|p1a: \u522b\u62a0\u8001\u5a18\u9cde\u7247\uff01|86\/100\n|-damage|p2a: Dragonite|57\/100|[from] item: Rocky Helmet|[of] p1a: \u522b\u62a0\u8001\u5a18\u9cde\u7247\uff01\n|\n|upkeep\n|turn|14\n|\n|t:|1700978992\n|switch|p2a: Tapu Koko|Tapu Koko|100\/100\n|-fieldstart|move: Electric Terrain|[from] ability: Electric Surge|[of] p2a: Tapu Koko\n|move|p1a: \u522b\u62a0\u8001\u5a18\u9cde\u7247\uff01|Wish|p1a: \u522b\u62a0\u8001\u5a18\u9cde\u7247\uff01\n|\n|upkeep\n|turn|15\n|\n|t:|1700979003\n|move|p2a: Tapu Koko|U-turn|p1a: \u522b\u62a0\u8001\u5a18\u9cde\u7247\uff01\n|-damage|p1a: \u522b\u62a0\u8001\u5a18\u9cde\u7247\uff01|75\/100\n|-damage|p2a: Tapu Koko|84\/100|[from] item: Rocky Helmet|[of] p1a: \u522b\u62a0\u8001\u5a18\u9cde\u7247\uff01\n|\n|t:|1700979016\n|switch|p2a: Dragonite|Dragonite, F|57\/100|[from] U-turn\n|move|p1a: \u522b\u62a0\u8001\u5a18\u9cde\u7247\uff01|Flip Turn|p2a: Dragonite\n|-resisted|p2a: Dragonite\n|-damage|p2a: Dragonite|48\/100\n|\n|t:|1700979025\n|switch|p1a: \u82cd\u84dd\u731b\u517d|Urshifu-Rapid-Strike, M|1\/100|[from] Flip Turn\n|\n|-heal|p1a: \u82cd\u84dd\u731b\u517d|69\/100|[from] move: Wish|[wisher] \u522b\u62a0\u8001\u5a18\u9cde\u7247\uff01\n|upkeep\n|turn|16\n|\n|t:|1700979032\n|switch|p1a: \u522b\u62a0\u8001\u5a18\u9cde\u7247\uff01|Alomomola, F|100\/100\n|switch|p2a: Slowking|Slowking, M|100\/100\n|\n|upkeep\n|turn|17\n|\n|t:|1700979037\n|switch|p2a: \u718a\u5927|Ursaluna, M|100\/100\n|move|p1a: \u522b\u62a0\u8001\u5a18\u9cde\u7247\uff01|Wish|p1a: \u522b\u62a0\u8001\u5a18\u9cde\u7247\uff01\n|\n|-status|p2a: \u718a\u5927|brn|[from] item: Flame Orb\n|upkeep\n|turn|18\n|\n|t:|1700979042\n|-terastallize|p2a: \u718a\u5927|Normal\n|move|p2a: \u718a\u5927|Facade|p1a: \u522b\u62a0\u8001\u5a18\u9cde\u7247\uff01\n|-damage|p1a: \u522b\u62a0\u8001\u5a18\u9cde\u7247\uff01|0 fnt\n|-damage|p2a: \u718a\u5927|84\/100 brn|[from] item: Rocky Helmet|[of] p1a: \u522b\u62a0\u8001\u5a18\u9cde\u7247\uff01\n|faint|p1a: \u522b\u62a0\u8001\u5a18\u9cde\u7247\uff01\n|\n|-damage|p2a: \u718a\u5927|78\/100 brn|[from] brn\n|-fieldend|move: Electric Terrain\n|upkeep\n|\n|t:|1700979052\n|switch|p1a: \u82cd\u84dd\u731b\u517d|Urshifu-Rapid-Strike, M|69\/100\n|turn|19\n|\n|t:|1700979058\n|switch|p2a: Slowking|Slowking, M|100\/100\n|move|p1a: \u82cd\u84dd\u731b\u517d|U-turn|p2a: Slowking\n|-supereffective|p2a: Slowking\n|-damage|p2a: Slowking|26\/100\n|\n|t:|1700979062\n|switch|p1a: \u661f\u5b87|Serperior, F, shiny|31\/100|[from] U-turn\n|\n|-heal|p1a: \u661f\u5b87|37\/100|[from] item: Leftovers\n|upkeep\n|turn|20\n|\n|t:|1700979071\n|move|p1a: \u661f\u5b87|Glare|p2a: Slowking\n|-status|p2a: Slowking|par\n|move|p2a: Slowking|Trick Room|p2a: Slowking\n|-fieldstart|move: Trick Room|[of] p2a: Slowking\n|\n|-heal|p1a: \u661f\u5b87|43\/100|[from] item: Leftovers\n|upkeep\n|turn|21\n|\n|t:|1700979077\n|switch|p2a: Dragonite|Dragonite, F|48\/100\n|move|p1a: \u661f\u5b87|Substitute|p1a: \u661f\u5b87\n|-start|p1a: \u661f\u5b87|Substitute\n|-damage|p1a: \u661f\u5b87|18\/100\n|\n|-heal|p1a: \u661f\u5b87|24\/100|[from] item: Leftovers\n|upkeep\n|turn|22\n|\n|t:|1700979082\n|move|p2a: Dragonite|Dual Wingbeat|p1a: \u661f\u5b87\n|-supereffective|p1a: \u661f\u5b87\n|-end|p1a: \u661f\u5b87|Substitute\n|-supereffective|p1a: \u661f\u5b87\n|-damage|p1a: \u661f\u5b87|0 fnt\n|faint|p1a: \u661f\u5b87\n|-hitcount|p1: \u661f\u5b87|2\n|\n|upkeep\n|-message|Followers of Roxy forfeited.\n|\n|win|baigu2\n|raw|Followers of Roxy's rating: 1550 &rarr; <strong>1544<\/strong><br \/>(-6 for losing)\n|raw|baigu2's rating: 1837 &rarr; <strong>1843<\/strong><br \/>(+6 for winning)\n","uploadtime":1700979091,"views":2,"p1id":"followersofroxy","p2id":"baigu2","formatid":"gen9nationaldex","rating":1544,"private":0,"password":""}