{"id":"gen9nationaldex-2000180672","p1":"jfbofdbid","p2":"jzhuc1841","format":"[Gen 9] National Dex","log":"|html|<div class=\"broadcast-blue\"><strong>[Gen 9] National Dex is currently suspecting Sneasler! For information on how to participate check out the <a href=\"https:\/\/www.smogon.com\/forums\/threads\/sv-national-dex-suspect-8-just-dance.3731534\/\">suspect thread<\/a>.<\/strong><\/div>\n|j|\u2606jfbofdbid\n|j|\u2606jzhuc1841\n|t:|1701168316\n|gametype|singles\n|player|p1|jfbofdbid|cynthia|1661\n|player|p2|jzhuc1841|hilbert-wonderlauncher|1624\n|teamsize|p1|6\n|teamsize|p2|6\n|gen|9\n|tier|[Gen 9] National Dex\n|rated|\n|rule|HP Percentage Mod: HP is shown in percentages\n|rule|Endless Battle Clause: Forcing endless battles is banned\n|rule|OHKO Clause: OHKO moves are banned\n|rule|Evasion Clause: Evasion abilities, items, and moves are banned\n|rule|Evasion Abilities Clause: Evasion abilities are banned\n|rule|Evasion Items Clause: Evasion items are banned\n|rule|Evasion Moves Clause: Evasion moves are banned\n|rule|Species Clause: Limit one of each Pok\u00e9mon\n|rule|Sleep Clause Mod: Limit one foe put to sleep\n|clearpoke\n|poke|p1|Banette, F|\n|poke|p1|Pawmot, M|\n|poke|p1|Hoopa-Unbound|\n|poke|p1|Tapu Lele|\n|poke|p1|Landorus-Therian, M|\n|poke|p1|Kommo-o, F|\n|poke|p2|Zamazenta-*|\n|poke|p2|Banette, F|\n|poke|p2|Heatran, M|\n|poke|p2|Zapdos|\n|poke|p2|Urshifu-*, F|\n|poke|p2|Iron Valiant|\n|teampreview\n|\n|t:|1701168334\n|start\n|switch|p1a: Kommo-o|Kommo-o, F|100\/100\n|switch|p2a: Zapdos|Zapdos|100\/100\n|turn|1\n|\n|t:|1701168338\n|switch|p1a: Landorus|Landorus-Therian, M, shiny|100\/100\n|-ability|p1a: Landorus|Intimidate|boost\n|-unboost|p2a: Zapdos|atk|1\n|move|p2a: Zapdos|Hurricane|p1a: Landorus\n|-damage|p1a: Landorus|69\/100\n|-start|p1a: Landorus|confusion\n|\n|-heal|p1a: Landorus|75\/100|[from] item: Leftovers\n|upkeep\n|turn|2\n|j| UnoSuerte\n|\n|t:|1701168350\n|move|p2a: Zapdos|Hurricane|p1a: Landorus|[miss]\n|-miss|p2a: Zapdos|p1a: Landorus\n|-activate|p1a: Landorus|confusion\n|move|p1a: Landorus|Swords Dance|p1a: Landorus\n|-boost|p1a: Landorus|atk|2\n|\n|-heal|p1a: Landorus|81\/100|[from] item: Leftovers\n|upkeep\n|turn|3\n|\n|t:|1701168355\n|move|p2a: Zapdos|Hurricane|p1a: Landorus\n|-damage|p1a: Landorus|49\/100\n|-activate|p1a: Landorus|confusion\n|move|p1a: Landorus|Smack Down|p2a: Zapdos\n|-supereffective|p2a: Zapdos\n|-damage|p2a: Zapdos|53\/100\n|-start|p2a: Zapdos|Smack Down\n|\n|-heal|p1a: Landorus|55\/100|[from] item: Leftovers\n|upkeep\n|turn|4\n|\n|t:|1701168363\n|move|p2a: Zapdos|Roost|p2a: Zapdos\n|-heal|p2a: Zapdos|100\/100\n|-singleturn|p2a: Zapdos|move: Roost\n|-activate|p1a: Landorus|confusion\n|move|p1a: Landorus|Earthquake|p2a: Zapdos\n|-supereffective|p2a: Zapdos\n|-damage|p2a: Zapdos|0 fnt\n|faint|p2a: Zapdos\n|\n|-heal|p1a: Landorus|61\/100|[from] item: Leftovers\n|upkeep\n|\n|t:|1701168374\n|switch|p2a: Banette|Banette, F|100\/100\n|turn|5\n|\n|t:|1701168383\n|detailschange|p2a: Banette|Banette-Mega, F\n|-mega|p2a: Banette|Banette|Banettite\n|move|p2a: Banette|Poltergeist|p1a: Landorus\n|-activate|p1a: Landorus|move: Poltergeist|Leftovers\n|-damage|p1a: Landorus|0 fnt\n|faint|p1a: Landorus\n|\n|upkeep\n|\n|t:|1701168395\n|switch|p1a: Kommo-o|Kommo-o, F|100\/100\n|turn|6\n|\n|t:|1701168401\n|move|p2a: Banette|Destiny Bond|p2a: Banette\n|-singlemove|p2a: Banette|Destiny Bond\n|move|p1a: Kommo-o|Stealth Rock|p2a: Banette\n|-sidestart|p2: jzhuc1841|move: Stealth Rock\n|\n|upkeep\n|turn|7\n|\n|t:|1701168408\n|move|p1a: Kommo-o|Flash Cannon|p2a: Banette\n|-damage|p2a: Banette|64\/100\n|move|p2a: Banette|Poltergeist|p1a: Kommo-o\n|-activate|p1a: Kommo-o|move: Poltergeist|Kommonium Z\n|-damage|p1a: Kommo-o|30\/100\n|\n|upkeep\n|turn|8\n|\n|t:|1701168416\n|move|p2a: Banette|Destiny Bond|p2a: Banette\n|-singlemove|p2a: Banette|Destiny Bond\n|-zpower|p1a: Kommo-o\n|move|p1a: Kommo-o|Clangorous Soulblaze|p2a: Banette|[zeffect]\n|-damage|p2a: Banette|0 fnt\n|faint|p2a: Banette\n|-activate|p2a: Banette|move: Destiny Bond\n|faint|p1a: Kommo-o\n|\n|upkeep\n|\n|t:|1701168428\n|switch|p1a: Pawmot|Pawmot, M|100\/100\n|switch|p2a: Heatran|Heatran, M|100\/100\n|-damage|p2a: Heatran|88\/100|[from] Stealth Rock\n|turn|9\n|\n|t:|1701168439\n|move|p1a: Pawmot|Close Combat|p2a: Heatran\n|-supereffective|p2a: Heatran\n|-damage|p2a: Heatran|9\/100\n|-unboost|p1a: Pawmot|def|1\n|-unboost|p1a: Pawmot|spd|1\n|move|p2a: Heatran|Magma Storm|p1a: Pawmot\n|-damage|p1a: Pawmot|0 fnt\n|faint|p1a: Pawmot\n|\n|-heal|p2a: Heatran|15\/100|[from] item: Leftovers\n|upkeep\n|\n|t:|1701168448\n|switch|p1a: Hoopa|Hoopa-Unbound|100\/100\n|turn|10\n|l| UnoSuerte\n|\n|t:|1701168457\n|move|p1a: Hoopa|Hyperspace Fury|p2a: Heatran\n|-damage|p2a: Heatran|0 fnt\n|-unboost|p1a: Hoopa|def|1\n|faint|p2a: Heatran\n|\n|upkeep\n|\n|t:|1701168460\n|switch|p2a: Urshifu|Urshifu-Rapid-Strike, F|100\/100\n|-damage|p2a: Urshifu|94\/100|[from] Stealth Rock\n|turn|11\n|\n|t:|1701168464\n|move|p2a: Urshifu|U-turn|p1a: Hoopa\n|-supereffective|p1a: Hoopa\n|-damage|p1a: Hoopa|0 fnt\n|faint|p1a: Hoopa\n|\n|t:|1701168468\n|switch|p2a: Iron Valiant|Iron Valiant|100\/100|[from] U-turn\n|-damage|p2a: Iron Valiant|94\/100|[from] Stealth Rock\n|-enditem|p2a: Iron Valiant|Booster Energy\n|-activate|p2a: Iron Valiant|ability: Quark Drive|[fromitem]\n|-start|p2a: Iron Valiant|quarkdrivespe\n|\n|upkeep\n|\n|t:|1701168471\n|switch|p1a: Tapu Lele|Tapu Lele, shiny|100\/100\n|-fieldstart|move: Psychic Terrain|[from] ability: Psychic Surge|[of] p1a: Tapu Lele\n|turn|12\n|\n|t:|1701168478\n|move|p2a: Iron Valiant|Moonblast|p1a: Tapu Lele\n|-damage|p1a: Tapu Lele|57\/100\n|move|p1a: Tapu Lele|Calm Mind|p1a: Tapu Lele\n|-boost|p1a: Tapu Lele|spa|1\n|-boost|p1a: Tapu Lele|spd|1\n|\n|-heal|p1a: Tapu Lele|63\/100|[from] item: Leftovers\n|upkeep\n|turn|13\n|j| hainiumm\n|\n|t:|1701168493\n|-terastallize|p2a: Iron Valiant|Fairy\n|-terastallize|p1a: Tapu Lele|Steel\n|move|p2a: Iron Valiant|Moonblast|p1a: Tapu Lele\n|-resisted|p1a: Tapu Lele\n|-damage|p1a: Tapu Lele|43\/100\n|move|p1a: Tapu Lele|Stored Power|p2a: Iron Valiant\n|-damage|p2a: Iron Valiant|2\/100\n|\n|-heal|p1a: Tapu Lele|49\/100|[from] item: Leftovers\n|upkeep\n|turn|14\n|\n|t:|1701168503\n|move|p2a: Iron Valiant|Thunderbolt|p1a: Tapu Lele\n|-damage|p1a: Tapu Lele|30\/100\n|move|p1a: Tapu Lele|Draining Kiss|p2a: Iron Valiant\n|-damage|p2a: Iron Valiant|0 fnt\n|-heal|p1a: Tapu Lele|31\/100|[from] drain|[of] p2a: Iron Valiant\n|faint|p2a: Iron Valiant\n|-end|p2a: Iron Valiant|Quark Drive|[silent]\n|\n|-heal|p1a: Tapu Lele|37\/100|[from] item: Leftovers\n|upkeep\n|\n|t:|1701168507\n|switch|p2a: Urshifu|Urshifu-Rapid-Strike, F|94\/100\n|-damage|p2a: Urshifu|88\/100|[from] Stealth Rock\n|turn|15\n|\n|t:|1701168510\n|move|p2a: Urshifu|Surging Strikes|p1a: Tapu Lele\n|-crit|p1a: Tapu Lele\n|-damage|p1a: Tapu Lele|20\/100\n|-crit|p1a: Tapu Lele\n|-damage|p1a: Tapu Lele|2\/100\n|-crit|p1a: Tapu Lele\n|-damage|p1a: Tapu Lele|0 fnt\n|faint|p1a: Tapu Lele\n|-hitcount|p1: Tapu Lele|3\n|\n|upkeep\n|-message|jfbofdbid forfeited.\n|\n|win|jzhuc1841\n|raw|jfbofdbid's rating: 1661 &rarr; <strong>1639<\/strong><br \/>(-22 for losing)\n|raw|jzhuc1841's rating: 1624 &rarr; <strong>1646<\/strong><br \/>(+22 for winning)\n|l|\u2606jfbofdbid\n","uploadtime":1701168519,"views":2,"p1id":"jfbofdbid","p2id":"jzhuc1841","formatid":"gen9nationaldex","rating":1639,"private":0,"password":""}