{"id":"gen9nationaldex-2000475101","p1":"kertiuop","p2":"EvaroTheFox","format":"[Gen 9] National Dex","log":"|html|<div class=\"broadcast-blue\"><strong>[Gen 9] National Dex is currently suspecting Sneasler! For information on how to participate check out the <a href=\"https:\/\/www.smogon.com\/forums\/threads\/sv-national-dex-suspect-8-just-dance.3731534\/\">suspect thread<\/a>.<\/strong><\/div>\n|j|\u2606kertiuop\n|j|\u2606EvaroTheFox\n|t:|1701197898\n|gametype|singles\n|player|p1|kertiuop|ethan|1052\n|player|p2|EvaroTheFox|artist-gen4|1067\n|teamsize|p1|6\n|teamsize|p2|6\n|gen|9\n|tier|[Gen 9] National Dex\n|rated|\n|rule|HP Percentage Mod: HP is shown in percentages\n|rule|Endless Battle Clause: Forcing endless battles is banned\n|rule|OHKO Clause: OHKO moves are banned\n|rule|Evasion Clause: Evasion abilities, items, and moves are banned\n|rule|Evasion Abilities Clause: Evasion abilities are banned\n|rule|Evasion Items Clause: Evasion items are banned\n|rule|Evasion Moves Clause: Evasion moves are banned\n|rule|Species Clause: Limit one of each Pok\u00e9mon\n|rule|Sleep Clause Mod: Limit one foe put to sleep\n|clearpoke\n|poke|p1|Blaziken, M|\n|poke|p1|Shiftry, M|\n|poke|p1|Walrein, M|\n|poke|p1|Altaria, F|\n|poke|p1|Aggron, M|\n|poke|p1|Gallade, M|\n|poke|p2|Smeargle, M|\n|poke|p2|Azumarill, M|\n|poke|p2|Leafeon, M|\n|poke|p2|Ninetales, F|\n|poke|p2|Reuniclus, M|\n|poke|p2|Honchkrow, M|\n|teampreview\n|\n|t:|1701197903\n|start\n|switch|p1a: Aggron|Aggron, M|100\/100\n|switch|p2a: Honchkrow|Honchkrow, M|100\/100\n|turn|1\n|\n|t:|1701197914\n|move|p2a: Honchkrow|Tailwind|p2a: Honchkrow\n|-sidestart|p2: EvaroTheFox|move: Tailwind\n|move|p1a: Aggron|Stealth Rock|p2a: Honchkrow\n|-sidestart|p2: EvaroTheFox|move: Stealth Rock\n|\n|upkeep\n|turn|2\n|\n|t:|1701197931\n|switch|p2a: Reuniclus|Reuniclus, M|100\/100\n|move|p1a: Aggron|Stone Edge|p2a: Reuniclus\n|-damage|p2a: Reuniclus|72\/100\n|\n|-heal|p2a: Reuniclus|78\/100|[from] item: Leftovers\n|upkeep\n|turn|3\n|\n|t:|1701197942\n|switch|p1a: Shiftry|Shiftry, M|100\/100\n|move|p2a: Reuniclus|Focus Blast|p1a: Shiftry\n|-supereffective|p1a: Shiftry\n|-damage|p1a: Shiftry|11\/100\n|\n|-heal|p2a: Reuniclus|84\/100|[from] item: Leftovers\n|upkeep\n|turn|4\n|\n|t:|1701197952\n|move|p1a: Shiftry|Dark Pulse|p2a: Reuniclus\n|-supereffective|p2a: Reuniclus\n|-damage|p2a: Reuniclus|29\/100\n|move|p2a: Reuniclus|Focus Blast|p1a: Shiftry\n|-supereffective|p1a: Shiftry\n|-damage|p1a: Shiftry|0 fnt\n|faint|p1a: Shiftry\n|\n|-heal|p2a: Reuniclus|35\/100|[from] item: Leftovers\n|-sideend|p2: EvaroTheFox|move: Tailwind\n|upkeep\n|\n|t:|1701197961\n|switch|p1a: Gallade|Gallade, M|100\/100\n|turn|5\n|\n|t:|1701197965\n|move|p1a: Gallade|Night Shade|p2a: Reuniclus\n|-damage|p2a: Reuniclus|12\/100\n|move|p2a: Reuniclus|Psychic|p1a: Gallade\n|-damage|p1a: Gallade|67\/100\n|-unboost|p1a: Gallade|spd|1\n|\n|-heal|p2a: Reuniclus|18\/100|[from] item: Leftovers\n|upkeep\n|turn|6\n|\n|t:|1701197976\n|move|p1a: Gallade|Night Shade|p2a: Reuniclus\n|-damage|p2a: Reuniclus|0 fnt\n|faint|p2a: Reuniclus\n|\n|upkeep\n|\n|t:|1701197982\n|switch|p2a: Azumarill|Azumarill, M, shiny|100\/100\n|-damage|p2a: Azumarill|88\/100|[from] Stealth Rock\n|turn|7\n|\n|t:|1701197988\n|switch|p1a: Walrein|Walrein, M|100\/100\n|move|p2a: Azumarill|Play Rough|p1a: Walrein\n|-damage|p1a: Walrein|71\/100\n|\n|upkeep\n|turn|8\n|\n|t:|1701198000\n|move|p1a: Walrein|Steel Roller||[still]\n|-fail|p1a: Walrein\n|move|p2a: Azumarill|Knock Off|p1a: Walrein\n|-damage|p1a: Walrein|49\/100\n|-enditem|p1a: Walrein|Mystic Water|[from] move: Knock Off|[of] p2a: Azumarill\n|\n|upkeep\n|turn|9\n|\n|t:|1701198010\n|move|p1a: Walrein|Steel Roller||[still]\n|-fail|p1a: Walrein\n|move|p2a: Azumarill|Play Rough|p1a: Walrein\n|-damage|p1a: Walrein|20\/100\n|\n|upkeep\n|turn|10\n|\n|t:|1701198017\n|switch|p1a: Altaria|Altaria, F|100\/100\n|move|p2a: Azumarill|Play Rough|p1a: Altaria\n|-supereffective|p1a: Altaria\n|-damage|p1a: Altaria|24\/100\n|\n|upkeep\n|turn|11\n|\n|t:|1701198026\n|move|p1a: Altaria|Hurricane|p2a: Azumarill\n|-damage|p2a: Azumarill|61\/100\n|move|p2a: Azumarill|Play Rough|p1a: Altaria\n|-supereffective|p1a: Altaria\n|-damage|p1a: Altaria|0 fnt\n|faint|p1a: Altaria\n|\n|upkeep\n|\n|t:|1701198037\n|switch|p1a: Aggron|Aggron, M|100\/100\n|turn|12\n|\n|t:|1701198047\n|move|p2a: Azumarill|Aqua Jet|p1a: Aggron\n|-supereffective|p1a: Aggron\n|-damage|p1a: Aggron|80\/100\n|move|p1a: Aggron|Flash Cannon|p2a: Azumarill\n|-crit|p2a: Azumarill\n|-damage|p2a: Azumarill|33\/100\n|-enditem|p2a: Azumarill|Sitrus Berry|[eat]\n|-heal|p2a: Azumarill|58\/100|[from] item: Sitrus Berry\n|\n|upkeep\n|turn|13\n|\n|t:|1701198056\n|-terastallize|p1a: Aggron|Steel\n|move|p1a: Aggron|Flash Cannon|p2a: Azumarill\n|-damage|p2a: Azumarill|32\/100\n|move|p2a: Azumarill|Knock Off|p1a: Aggron\n|-damage|p1a: Aggron|63\/100\n|-enditem|p1a: Aggron|Focus Sash|[from] move: Knock Off|[of] p2a: Azumarill\n|\n|upkeep\n|turn|14\n|\n|t:|1701198066\n|move|p2a: Azumarill|Aqua Jet|p1a: Aggron\n|-damage|p1a: Aggron|53\/100\n|move|p1a: Aggron|Flash Cannon|p2a: Azumarill\n|-damage|p2a: Azumarill|7\/100\n|\n|upkeep\n|turn|15\n|\n|t:|1701198073\n|move|p2a: Azumarill|Aqua Jet|p1a: Aggron\n|-damage|p1a: Aggron|43\/100\n|move|p1a: Aggron|Flash Cannon|p2a: Azumarill\n|-damage|p2a: Azumarill|0 fnt\n|faint|p2a: Azumarill\n|\n|upkeep\n|\n|t:|1701198082\n|switch|p2a: Honchkrow|Honchkrow, M|100\/100\n|-damage|p2a: Honchkrow|76\/100|[from] Stealth Rock\n|turn|16\n|\n|t:|1701198088\n|move|p2a: Honchkrow|Tailwind|p2a: Honchkrow\n|-sidestart|p2: EvaroTheFox|move: Tailwind\n|move|p1a: Aggron|Brick Break|p2a: Honchkrow\n|-damage|p2a: Honchkrow|49\/100\n|\n|upkeep\n|turn|17\n|\n|t:|1701198094\n|move|p2a: Honchkrow|Sucker Punch|p1a: Aggron\n|-damage|p1a: Aggron|26\/100\n|move|p1a: Aggron|Stone Edge|p2a: Honchkrow\n|-supereffective|p2a: Honchkrow\n|-crit|p2a: Honchkrow\n|-damage|p2a: Honchkrow|0 fnt\n|faint|p2a: Honchkrow\n|\n|upkeep\n|\n|t:|1701198103\n|switch|p2a: Ninetales|Ninetales, F|100\/100\n|-damage|p2a: Ninetales|75\/100|[from] Stealth Rock\n|-weather|SunnyDay|[from] ability: Drought|[of] p2a: Ninetales\n|turn|18\n|\n|t:|1701198110\n|move|p2a: Ninetales|Flamethrower|p1a: Aggron\n|-supereffective|p1a: Aggron\n|-damage|p1a: Aggron|0 fnt\n|faint|p1a: Aggron\n|\n|-weather|SunnyDay|[upkeep]\n|upkeep\n|\n|t:|1701198116\n|switch|p1a: Walrein|Walrein, M|20\/100\n|turn|19\n|\n|t:|1701198120\n|switch|p1a: Blaziken|Blaziken, M|100\/100\n|move|p2a: Ninetales|Solar Beam||[still]\n|-prepare|p2a: Ninetales|Solar Beam\n|-anim|p2a: Ninetales|Solar Beam|p1a: Blaziken\n|-resisted|p1a: Blaziken\n|-damage|p1a: Blaziken|82\/100\n|\n|-weather|SunnyDay|[upkeep]\n|-heal|p1a: Blaziken|89\/100|[from] item: Leftovers\n|-sideend|p2: EvaroTheFox|move: Tailwind\n|upkeep\n|turn|20\n|\n|t:|1701198133\n|move|p2a: Ninetales|Flamethrower|p1a: Blaziken\n|-resisted|p1a: Blaziken\n|-damage|p1a: Blaziken|60\/100\n|move|p1a: Blaziken|Acrobatics|p2a: Ninetales\n|-crit|p2a: Ninetales\n|-damage|p2a: Ninetales|42\/100\n|\n|-weather|SunnyDay|[upkeep]\n|-heal|p1a: Blaziken|66\/100|[from] item: Leftovers\n|upkeep\n|turn|21\n|\n|t:|1701198143\n|move|p2a: Ninetales|Flamethrower|p1a: Blaziken\n|-resisted|p1a: Blaziken\n|-damage|p1a: Blaziken|34\/100\n|move|p1a: Blaziken|Blaze Kick|p2a: Ninetales\n|-resisted|p2a: Ninetales\n|-crit|p2a: Ninetales\n|-damage|p2a: Ninetales|0 fnt\n|faint|p2a: Ninetales\n|\n|-weather|SunnyDay|[upkeep]\n|-heal|p1a: Blaziken|40\/100|[from] item: Leftovers\n|upkeep\n|\n|t:|1701198154\n|switch|p2a: Smeargle|Smeargle, M|100\/100\n|-damage|p2a: Smeargle|88\/100|[from] Stealth Rock\n|turn|22\n|\n|t:|1701198160\n|switch|p1a: Walrein|Walrein, M|20\/100\n|move|p2a: Smeargle|Spore|p1a: Walrein\n|-status|p1a: Walrein|slp|[from] move: Spore\n|\n|-weather|none\n|-heal|p2a: Smeargle|94\/100|[from] item: Leftovers\n|upkeep\n|turn|23\n|\n|t:|1701198169\n|move|p2a: Smeargle|Substitute|p2a: Smeargle\n|-start|p2a: Smeargle|Substitute\n|-damage|p2a: Smeargle|69\/100\n|cant|p1a: Walrein|slp\n|\n|-heal|p2a: Smeargle|75\/100|[from] item: Leftovers\n|upkeep\n|turn|24\n|\n|t:|1701198177\n|move|p2a: Smeargle|Victory Dance|p2a: Smeargle\n|-boost|p2a: Smeargle|atk|1\n|-boost|p2a: Smeargle|def|1\n|-boost|p2a: Smeargle|spe|1\n|-curestatus|p1a: Walrein|slp|[msg]\n|move|p1a: Walrein|Avalanche|p2a: Smeargle\n|-end|p2a: Smeargle|Substitute\n|\n|-heal|p2a: Smeargle|81\/100|[from] item: Leftovers\n|upkeep\n|turn|25\n|\n|t:|1701198189\n|move|p2a: Smeargle|Spore|p1a: Walrein\n|-status|p1a: Walrein|slp|[from] move: Spore\n|cant|p1a: Walrein|slp\n|\n|-heal|p2a: Smeargle|87\/100|[from] item: Leftovers\n|upkeep\n|turn|26\n|\n|t:|1701198197\n|move|p2a: Smeargle|Substitute|p2a: Smeargle\n|-start|p2a: Smeargle|Substitute\n|-damage|p2a: Smeargle|63\/100\n|cant|p1a: Walrein|slp\n|\n|-heal|p2a: Smeargle|69\/100|[from] item: Leftovers\n|upkeep\n|turn|27\n|\n|t:|1701198205\n|switch|p1a: Gallade|Gallade, M|67\/100\n|move|p2a: Smeargle|Victory Dance|p2a: Smeargle\n|-boost|p2a: Smeargle|atk|1\n|-boost|p2a: Smeargle|def|1\n|-boost|p2a: Smeargle|spe|1\n|\n|-heal|p2a: Smeargle|75\/100|[from] item: Leftovers\n|upkeep\n|turn|28\n|\n|t:|1701198215\n|move|p2a: Smeargle|Spore|p1a: Gallade\n|-message|Sleep Clause Mod activated.\n|-hint|Sleep Clause Mod prevents players from putting more than one of their opponent's Pok\u00e9mon to sleep at a time\n|move|p1a: Gallade|Night Shade|p2a: Smeargle\n|-immune|p2a: Smeargle\n|\n|-heal|p2a: Smeargle|81\/100|[from] item: Leftovers\n|upkeep\n|turn|29\n|\n|t:|1701198224\n|move|p2a: Smeargle|Victory Dance|p2a: Smeargle\n|-boost|p2a: Smeargle|atk|1\n|-boost|p2a: Smeargle|def|1\n|-boost|p2a: Smeargle|spe|1\n|move|p1a: Gallade|Expanding Force|p2a: Smeargle\n|-end|p2a: Smeargle|Substitute\n|\n|-heal|p2a: Smeargle|87\/100|[from] item: Leftovers\n|upkeep\n|turn|30\n|\n|t:|1701198239\n|move|p2a: Smeargle|Power Trip|p1a: Gallade\n|-damage|p1a: Gallade|11\/100\n|-ability|p1a: Gallade|Justified|boost\n|-boost|p1a: Gallade|atk|1\n|move|p1a: Gallade|Aura Sphere|p2a: Smeargle\n|-supereffective|p2a: Smeargle\n|-damage|p2a: Smeargle|0 fnt\n|faint|p2a: Smeargle\n|\n|upkeep\n|\n|t:|1701198250\n|switch|p2a: Leafeon|Leafeon, M|100\/100\n|-damage|p2a: Leafeon|88\/100|[from] Stealth Rock\n|turn|31\n|\n|t:|1701198258\n|move|p2a: Leafeon|Leaf Blade|p1a: Gallade\n|-damage|p1a: Gallade|0 fnt\n|faint|p1a: Gallade\n|\n|-heal|p2a: Leafeon|94\/100|[from] item: Leftovers\n|upkeep\n|\n|t:|1701198264\n|switch|p1a: Blaziken|Blaziken, M|40\/100\n|turn|32\n|\n|t:|1701198268\n|move|p2a: Leafeon|Return|p1a: Blaziken\n|-damage|p1a: Blaziken|0 fnt\n|faint|p1a: Blaziken\n|\n|-heal|p2a: Leafeon|99\/100|[from] item: Leftovers\n|upkeep\n|\n|t:|1701198274\n|switch|p1a: Walrein|Walrein, M|20\/100 slp\n|turn|33\n|c|\u2606EvaroTheFox|Thanks for playing with me\n|\n|t:|1701198288\n|move|p2a: Leafeon|Leaf Blade|p1a: Walrein\n|-supereffective|p1a: Walrein\n|-damage|p1a: Walrein|0 fnt\n|faint|p1a: Walrein\n|\n|win|EvaroTheFox\n|raw|kertiuop's rating: 1052 &rarr; <strong>1035<\/strong><br \/>(-17 for losing)\n|raw|EvaroTheFox's rating: 1067 &rarr; <strong>1096<\/strong><br \/>(+29 for winning)\n|l|\u2606kertiuop\n","uploadtime":1701198297,"views":0,"p1id":"kertiuop","p2id":"evarothefox","formatid":"gen9nationaldex","rating":1035,"private":0,"password":""}