{"id":"gen9nationaldex-1996222841","p1":"GuillePK","p2":"PokemineGamers","format":"[Gen 9] National Dex","log":"|html|<div class=\"broadcast-blue\"><strong>[Gen 9] National Dex is currently suspecting Sneasler! For information on how to participate check out the <a href=\"https:\/\/www.smogon.com\/forums\/threads\/sv-national-dex-suspect-8-just-dance.3731534\/\">suspect thread<\/a>.<\/strong><\/div>\n|j|\u2606GuillePK\n|j|\u2606PokemineGamers\n|t:|1700660997\n|gametype|singles\n|player|p1|GuillePK|burglar|1000\n|player|p2|PokemineGamers|lucas-gen4pt|1038\n|teamsize|p1|2\n|teamsize|p2|6\n|gen|9\n|tier|[Gen 9] National Dex\n|rated|\n|rule|HP Percentage Mod: HP is shown in percentages\n|rule|Endless Battle Clause: Forcing endless battles is banned\n|rule|OHKO Clause: OHKO moves are banned\n|rule|Evasion Clause: Evasion abilities, items, and moves are banned\n|rule|Evasion Abilities Clause: Evasion abilities are banned\n|rule|Evasion Items Clause: Evasion items are banned\n|rule|Evasion Moves Clause: Evasion moves are banned\n|rule|Species Clause: Limit one of each Pok\u00e9mon\n|rule|Sleep Clause Mod: Limit one foe put to sleep\n|clearpoke\n|poke|p1|Persian, F|\n|poke|p1|Surskit, M|\n|poke|p2|Blaziken, M|\n|poke|p2|Kommo-o, F|\n|poke|p2|Swampert, F|\n|poke|p2|Ditto|\n|poke|p2|Hatterene, F|\n|poke|p2|Great Tusk|\n|teampreview\n|inactive|Battle timer is ON: inactive players will automatically lose when time's up. (requested by PokemineGamers)\n|\n|t:|1700661018\n|start\n|switch|p1a: A|Surskit, M|100\/100\n|switch|p2a: Swampert|Swampert, F|100\/100\n|turn|1\n|\n|t:|1700661027\n|detailschange|p2a: Swampert|Swampert-Mega, F\n|-mega|p2a: Swampert|Swampert|Swampertite\n|move|p1a: A|Sticky Web|p2a: Swampert\n|-sidestart|p2: PokemineGamers|move: Sticky Web\n|move|p2a: Swampert|Counter||[still]\n|-fail|p2a: Swampert\n|\n|upkeep\n|turn|2\n|\n|t:|1700661033\n|move|p1a: A|Sweet Scent|p2a: Swampert\n|-unboost|p2a: Swampert|evasion|2\n|move|p2a: Swampert|Darkest Lariat|p1a: A\n|-damage|p1a: A|31\/100\n|\n|upkeep\n|turn|3\n|\n|t:|1700661038\n|move|p1a: A|Chilling Water|p2a: Swampert\n|-damage|p2a: Swampert|92\/100\n|-unboost|p2a: Swampert|atk|1\n|move|p2a: Swampert|Darkest Lariat|p1a: A\n|-damage|p1a: A|0 fnt\n|faint|p1a: A\n|\n|upkeep\n|\n|t:|1700661045\n|switch|p1a: Math Cat|Persian, F|100\/100\n|turn|4\n|\n|t:|1700661048\n|move|p1a: Math Cat|Hypnosis|p2a: Swampert\n|-status|p2a: Swampert|slp|[from] move: Hypnosis\n|cant|p2a: Swampert|slp\n|\n|upkeep\n|turn|5\n|\n|t:|1700661053\n|move|p1a: Math Cat|Hone Claws|p1a: Math Cat\n|-boost|p1a: Math Cat|atk|1\n|-boost|p1a: Math Cat|accuracy|1\n|-curestatus|p2a: Swampert|slp|[msg]\n|move|p2a: Swampert|Darkest Lariat|p1a: Math Cat\n|-damage|p1a: Math Cat|52\/100\n|\n|upkeep\n|turn|6\n|\n|t:|1700661062\n|move|p1a: Math Cat|Hypnosis|p2a: Swampert\n|-status|p2a: Swampert|slp|[from] move: Hypnosis\n|cant|p2a: Swampert|slp\n|\n|upkeep\n|turn|7\n|\n|t:|1700661068\n|move|p1a: Math Cat|Hone Claws|p1a: Math Cat\n|-boost|p1a: Math Cat|atk|1\n|-boost|p1a: Math Cat|accuracy|1\n|-curestatus|p2a: Swampert|slp|[msg]\n|move|p2a: Swampert|Counter||[still]\n|-fail|p2a: Swampert\n|\n|upkeep\n|turn|8\n|\n|t:|1700661075\n|-terastallize|p1a: Math Cat|Normal\n|move|p1a: Math Cat|Fury Swipes|p2a: Swampert\n|-damage|p2a: Swampert|70\/100\n|-damage|p2a: Swampert|50\/100\n|-damage|p2a: Swampert|27\/100\n|-damage|p2a: Swampert|3\/100\n|-crit|p2a: Swampert\n|-damage|p2a: Swampert|0 fnt\n|faint|p2a: Swampert\n|-hitcount|p2: Swampert|5\n|\n|upkeep\n|\n|t:|1700661087\n|switch|p2a: Great Tusk|Great Tusk|100\/100\n|-activate|p2a: Great Tusk|move: Sticky Web\n|-unboost|p2a: Great Tusk|spe|1\n|turn|9\n|\n|t:|1700661092\n|move|p1a: Math Cat|Hypnosis|p2a: Great Tusk\n|-status|p2a: Great Tusk|slp|[from] move: Hypnosis\n|cant|p2a: Great Tusk|slp\n|\n|upkeep\n|turn|10\n|\n|t:|1700661096\n|move|p1a: Math Cat|Fury Swipes|p2a: Great Tusk\n|-damage|p2a: Great Tusk|80\/100 slp\n|-damage|p2a: Great Tusk|61\/100 slp\n|-damage|p2a: Great Tusk|39\/100 slp\n|-damage|p2a: Great Tusk|18\/100 slp\n|-damage|p2a: Great Tusk|0 fnt\n|faint|p2a: Great Tusk\n|-end|p2a: Great Tusk|Protosynthesis|[silent]\n|-hitcount|p2: Great Tusk|5\n|\n|upkeep\n|\n|t:|1700661108\n|switch|p2a: Kommo-o|Kommo-o, F|100\/100\n|-activate|p2a: Kommo-o|move: Sticky Web\n|-unboost|p2a: Kommo-o|spe|1\n|turn|11\n|\n|t:|1700661114\n|move|p1a: Math Cat|Hypnosis|p2a: Kommo-o\n|-status|p2a: Kommo-o|slp|[from] move: Hypnosis\n|cant|p2a: Kommo-o|slp\n|\n|upkeep\n|turn|12\n|\n|t:|1700661137\n|move|p1a: Math Cat|Fury Swipes|p2a: Kommo-o\n|-damage|p2a: Kommo-o|71\/100 slp\n|-damage|p2a: Kommo-o|46\/100 slp\n|-damage|p2a: Kommo-o|20\/100 slp\n|-damage|p2a: Kommo-o|0 fnt\n|faint|p2a: Kommo-o\n|-hitcount|p2: Kommo-o|4\n|\n|upkeep\n|-message|PokemineGamers forfeited.\n|\n|win|GuillePK\n|raw|GuillePK's rating: 1000 &rarr; <strong>1044<\/strong><br \/>(+44 for winning)\n|raw|PokemineGamers's rating: 1038 &rarr; <strong>1021<\/strong><br \/>(-17 for losing)\n|l|\u2606PokemineGamers\n","uploadtime":1700661158,"views":21,"p1id":"guillepk","p2id":"pokeminegamers","formatid":"gen9nationaldex","rating":1021,"private":0,"password":""}