{"id":"gen9nationaldex-1993936029","p1":"daybreak wave2","p2":"xikeso","format":"[Gen 9] National Dex","log":"|j|\u2606daybreak wave2\n|j|\u2606xikeso\n|t:|1700378477\n|gametype|singles\n|player|p1|daybreak wave2|lillie-masters2|1489\n|player|p2|xikeso|iono|1433\n|teamsize|p1|6\n|teamsize|p2|6\n|gen|9\n|tier|[Gen 9] National Dex\n|rated|\n|rule|HP Percentage Mod: HP is shown in percentages\n|rule|Endless Battle Clause: Forcing endless battles is banned\n|rule|OHKO Clause: OHKO moves are banned\n|rule|Evasion Clause: Evasion abilities, items, and moves are banned\n|rule|Evasion Abilities Clause: Evasion abilities are banned\n|rule|Evasion Items Clause: Evasion items are banned\n|rule|Evasion Moves Clause: Evasion moves are banned\n|rule|Species Clause: Limit one of each Pok\u00e9mon\n|rule|Sleep Clause Mod: Limit one foe put to sleep\n|clearpoke\n|poke|p1|Pinsir, F|\n|poke|p1|Aegislash, F|\n|poke|p1|Ogerpon-Wellspring, F|\n|poke|p1|Moltres|\n|poke|p1|Electrode-Hisui|\n|poke|p1|Clodsire, F|\n|poke|p2|Umbreon, F|\n|poke|p2|Corviknight, F|\n|poke|p2|Moltres|\n|poke|p2|Garchomp, M|\n|poke|p2|Diancie|\n|poke|p2|Rillaboom, F|\n|teampreview\n|inactive|Battle timer is ON: inactive players will automatically lose when time's up. (requested by xikeso)\n|\n|t:|1700378494\n|start\n|switch|p1a: \u6d1b\u6258\u59c6-\u5207\u5272|Electrode-Hisui|100\/100\n|switch|p2a: Rillaboom|Rillaboom, F|100\/100\n|-fieldstart|move: Grassy Terrain|[from] ability: Grassy Surge|[of] p2a: Rillaboom\n|turn|1\n|\n|t:|1700378502\n|switch|p1a: \u70c8\u7bad\u9e70|Moltres|100\/100\n|move|p2a: Rillaboom|Knock Off|p1a: \u70c8\u7bad\u9e70\n|-damage|p1a: \u70c8\u7bad\u9e70|65\/100\n|-enditem|p1a: \u70c8\u7bad\u9e70|Heavy-Duty Boots|[from] move: Knock Off|[of] p2a: Rillaboom\n|\n|upkeep\n|turn|2\n|\n|t:|1700378515\n|switch|p2a: Diancie|Diancie|100\/100\n|move|p1a: \u70c8\u7bad\u9e70|Roost|p1a: \u70c8\u7bad\u9e70\n|-heal|p1a: \u70c8\u7bad\u9e70|100\/100\n|-singleturn|p1a: \u70c8\u7bad\u9e70|move: Roost\n|\n|upkeep\n|turn|3\n|\n|t:|1700378525\n|switch|p1a: \u585e\u8c6a\u5bcc|Aegislash, F, shiny|100\/100\n|move|p2a: Diancie|Stealth Rock|p1a: \u585e\u8c6a\u5bcc\n|-sidestart|p1: daybreak wave2|move: Stealth Rock\n|\n|upkeep\n|turn|4\n|\n|t:|1700378534\n|detailschange|p2a: Diancie|Diancie-Mega\n|-mega|p2a: Diancie|Diancie|Diancite\n|move|p2a: Diancie|Earth Power|p1a: \u585e\u8c6a\u5bcc\n|-supereffective|p1a: \u585e\u8c6a\u5bcc\n|-crit|p1a: \u585e\u8c6a\u5bcc\n|-damage|p1a: \u585e\u8c6a\u5bcc|30\/100\n|-zpower|p1a: \u585e\u8c6a\u5bcc\n|-formechange|p1a: \u585e\u8c6a\u5bcc|Aegislash-Blade||[from] ability: Stance Change\n|move|p1a: \u585e\u8c6a\u5bcc|Never-Ending Nightmare|p2a: Diancie|[zeffect]\n|-damage|p2a: Diancie|0 fnt\n|faint|p2a: Diancie\n|\n|-heal|p1a: \u585e\u8c6a\u5bcc|36\/100|[from] Grassy Terrain\n|upkeep\n|\n|t:|1700378556\n|switch|p2a: Garchomp|Garchomp, M, shiny|100\/100\n|turn|5\n|\n|t:|1700378566\n|move|p2a: Garchomp|Swords Dance|p2a: Garchomp\n|-boost|p2a: Garchomp|atk|2\n|move|p1a: \u585e\u8c6a\u5bcc|Shadow Ball|p2a: Garchomp\n|-damage|p2a: Garchomp|46\/100\n|\n|-heal|p2a: Garchomp|52\/100|[from] Grassy Terrain\n|-heal|p1a: \u585e\u8c6a\u5bcc|42\/100|[from] Grassy Terrain\n|-fieldend|move: Grassy Terrain\n|upkeep\n|turn|6\n|\n|t:|1700378579\n|-formechange|p1a: \u585e\u8c6a\u5bcc|Aegislash||[from] ability: Stance Change\n|move|p1a: \u585e\u8c6a\u5bcc|King's Shield|p1a: \u585e\u8c6a\u5bcc\n|-singleturn|p1a: \u585e\u8c6a\u5bcc|Protect\n|move|p2a: Garchomp|Earthquake|p1a: \u585e\u8c6a\u5bcc\n|-activate|p1a: \u585e\u8c6a\u5bcc|move: Protect\n|\n|upkeep\n|turn|7\n|\n|t:|1700378591\n|-formechange|p1a: \u585e\u8c6a\u5bcc|Aegislash-Blade||[from] ability: Stance Change\n|move|p1a: \u585e\u8c6a\u5bcc|Shadow Sneak|p2a: Garchomp\n|-damage|p2a: Garchomp|32\/100\n|-damage|p1a: \u585e\u8c6a\u5bcc|30\/100|[from] ability: Rough Skin|[of] p2a: Garchomp\n|move|p2a: Garchomp|Scale Shot|p1a: \u585e\u8c6a\u5bcc\n|-resisted|p1a: \u585e\u8c6a\u5bcc\n|-damage|p1a: \u585e\u8c6a\u5bcc|6\/100\n|-resisted|p1a: \u585e\u8c6a\u5bcc\n|-damage|p1a: \u585e\u8c6a\u5bcc|0 fnt\n|faint|p1a: \u585e\u8c6a\u5bcc\n|-hitcount|p1: \u585e\u8c6a\u5bcc|2\n|-unboost|p2a: Garchomp|def|1\n|-boost|p2a: Garchomp|spe|1\n|\n|upkeep\n|\n|t:|1700378606\n|switch|p1a: \u7532\u54e5|Pinsir, F, shiny|100\/100\n|-damage|p1a: \u7532\u54e5|76\/100|[from] Stealth Rock\n|turn|8\n|\n|t:|1700378617\n|switch|p2a: Corviknight|Corviknight, F|100\/100\n|-ability|p2a: Corviknight|Pressure\n|detailschange|p1a: \u7532\u54e5|Pinsir-Mega, F, shiny\n|-mega|p1a: \u7532\u54e5|Pinsir|Pinsirite\n|move|p1a: \u7532\u54e5|Quick Attack|p2a: Corviknight\n|-resisted|p2a: Corviknight\n|-damage|p2a: Corviknight|91\/100\n|\n|upkeep\n|turn|9\n|\n|t:|1700378628\n|switch|p1a: \u70c8\u7bad\u9e70|Moltres|100\/100\n|-damage|p1a: \u70c8\u7bad\u9e70|51\/100|[from] Stealth Rock\n|move|p2a: Corviknight|U-turn|p1a: \u70c8\u7bad\u9e70\n|-resisted|p1a: \u70c8\u7bad\u9e70\n|-damage|p1a: \u70c8\u7bad\u9e70|48\/100\n|\n|t:|1700378636\n|switch|p2a: Garchomp|Garchomp, M, shiny|32\/100|[from] U-turn\n|\n|upkeep\n|turn|10\n|\n|t:|1700378643\n|move|p2a: Garchomp|Scale Shot|p1a: \u70c8\u7bad\u9e70\n|-damage|p1a: \u70c8\u7bad\u9e70|39\/100\n|-damage|p1a: \u70c8\u7bad\u9e70|30\/100\n|-damage|p1a: \u70c8\u7bad\u9e70|20\/100\n|-damage|p1a: \u70c8\u7bad\u9e70|11\/100\n|-hitcount|p1a: \u70c8\u7bad\u9e70|4\n|-unboost|p2a: Garchomp|def|1\n|-boost|p2a: Garchomp|spe|1\n|move|p1a: \u70c8\u7bad\u9e70|Defog|p2a: Garchomp\n|-unboost|p2a: Garchomp|evasion|1\n|-sideend|p1: daybreak wave2|Stealth Rock|[from] move: Defog|[of] p1a: \u70c8\u7bad\u9e70\n|\n|upkeep\n|turn|11\n|\n|t:|1700378662\n|move|p2a: Garchomp|Scale Shot|p1a: \u70c8\u7bad\u9e70|[miss]\n|-miss|p2a: Garchomp|p1a: \u70c8\u7bad\u9e70\n|move|p1a: \u70c8\u7bad\u9e70|Roost|p1a: \u70c8\u7bad\u9e70\n|-heal|p1a: \u70c8\u7bad\u9e70|62\/100\n|-singleturn|p1a: \u70c8\u7bad\u9e70|move: Roost\n|\n|upkeep\n|turn|12\n|\n|t:|1700378676\n|move|p2a: Garchomp|Stealth Rock|p1a: \u70c8\u7bad\u9e70\n|-sidestart|p1: daybreak wave2|move: Stealth Rock\n|move|p1a: \u70c8\u7bad\u9e70|Roost|p1a: \u70c8\u7bad\u9e70\n|-heal|p1a: \u70c8\u7bad\u9e70|100\/100\n|-singleturn|p1a: \u70c8\u7bad\u9e70|move: Roost\n|\n|upkeep\n|turn|13\n|\n|t:|1700378683\n|move|p2a: Garchomp|Swords Dance|p2a: Garchomp\n|-boost|p2a: Garchomp|atk|2\n|move|p1a: \u70c8\u7bad\u9e70|Defog|p2a: Garchomp\n|-unboost|p2a: Garchomp|evasion|1\n|-sideend|p1: daybreak wave2|Stealth Rock|[from] move: Defog|[of] p1a: \u70c8\u7bad\u9e70\n|\n|upkeep\n|turn|14\n|inactive|daybreak wave2 has 120 seconds left.\n|\n|t:|1700378725\n|move|p2a: Garchomp|Scale Shot|p1a: \u70c8\u7bad\u9e70\n|-damage|p1a: \u70c8\u7bad\u9e70|83\/100\n|-damage|p1a: \u70c8\u7bad\u9e70|64\/100\n|-damage|p1a: \u70c8\u7bad\u9e70|44\/100\n|-damage|p1a: \u70c8\u7bad\u9e70|27\/100\n|-hitcount|p1a: \u70c8\u7bad\u9e70|4\n|-unboost|p2a: Garchomp|def|1\n|-boost|p2a: Garchomp|spe|1\n|move|p1a: \u70c8\u7bad\u9e70|U-turn|p2a: Garchomp\n|-damage|p2a: Garchomp|2\/100\n|-damage|p1a: \u70c8\u7bad\u9e70|14\/100|[from] ability: Rough Skin|[of] p2a: Garchomp\n|\n|t:|1700378737\n|switch|p1a: \u7532\u54e5|Pinsir-Mega, F, shiny|76\/100|[from] U-turn\n|\n|upkeep\n|turn|15\n|\n|t:|1700378743\n|move|p1a: \u7532\u54e5|Quick Attack|p2a: Garchomp\n|-damage|p2a: Garchomp|0 fnt\n|-damage|p1a: \u7532\u54e5|64\/100|[from] ability: Rough Skin|[of] p2a: Garchomp\n|faint|p2a: Garchomp\n|\n|upkeep\n|\n|t:|1700378752\n|switch|p2a: Corviknight|Corviknight, F|91\/100\n|-ability|p2a: Corviknight|Pressure\n|turn|16\n|\n|t:|1700378761\n|switch|p1a: \u6d1b\u6258\u59c6-\u5207\u5272|Electrode-Hisui|100\/100\n|move|p2a: Corviknight|U-turn|p1a: \u6d1b\u6258\u59c6-\u5207\u5272\n|-supereffective|p1a: \u6d1b\u6258\u59c6-\u5207\u5272\n|-damage|p1a: \u6d1b\u6258\u59c6-\u5207\u5272|45\/100\n|\n|t:|1700378770\n|switch|p2a: Rillaboom|Rillaboom, F|100\/100|[from] U-turn\n|-fieldstart|move: Grassy Terrain|[from] ability: Grassy Surge|[of] p2a: Rillaboom\n|\n|-heal|p1a: \u6d1b\u6258\u59c6-\u5207\u5272|51\/100|[from] Grassy Terrain\n|upkeep\n|turn|17\n|\n|t:|1700378780\n|switch|p1a: \u70c8\u7bad\u9e70|Moltres|14\/100\n|move|p2a: Rillaboom|U-turn|p1a: \u70c8\u7bad\u9e70\n|-resisted|p1a: \u70c8\u7bad\u9e70\n|-damage|p1a: \u70c8\u7bad\u9e70|7\/100\n|\n|t:|1700378799\n|switch|p2a: Moltres|Moltres|100\/100|[from] U-turn\n|\n|upkeep\n|turn|18\n|\n|t:|1700378806\n|move|p2a: Moltres|Flamethrower|p1a: \u70c8\u7bad\u9e70\n|-resisted|p1a: \u70c8\u7bad\u9e70\n|-damage|p1a: \u70c8\u7bad\u9e70|0 fnt\n|faint|p1a: \u70c8\u7bad\u9e70\n|\n|upkeep\n|\n|t:|1700378817\n|switch|p1a: \u571f~\u2191\u738b|Clodsire, F|100\/100\n|turn|19\n|\n|t:|1700378821\n|move|p2a: Moltres|U-turn|p1a: \u571f~\u2191\u738b\n|-resisted|p1a: \u571f~\u2191\u738b\n|-damage|p1a: \u571f~\u2191\u738b|92\/100\n|\n|t:|1700378825\n|switch|p2a: Corviknight|Corviknight, F|91\/100|[from] U-turn\n|-ability|p2a: Corviknight|Pressure\n|move|p1a: \u571f~\u2191\u738b|Toxic|p2a: Corviknight\n|-immune|p2a: Corviknight\n|\n|-heal|p1a: \u571f~\u2191\u738b|99\/100|[from] Grassy Terrain\n|upkeep\n|turn|20\n|\n|t:|1700378836\n|move|p2a: Corviknight|Iron Defense|p2a: Corviknight\n|-boost|p2a: Corviknight|def|2\n|move|p1a: \u571f~\u2191\u738b|Stealth Rock|p2a: Corviknight\n|-sidestart|p2: xikeso|move: Stealth Rock\n|\n|-heal|p1a: \u571f~\u2191\u738b|100\/100|[from] Grassy Terrain\n|-fieldend|move: Grassy Terrain\n|upkeep\n|turn|21\n|\n|t:|1700378846\n|switch|p1a: \u6c34\u72f1\u5352|Ogerpon-Wellspring, F|100\/100\n|move|p2a: Corviknight|Iron Defense|p2a: Corviknight\n|-boost|p2a: Corviknight|def|2\n|\n|upkeep\n|turn|22\n|\n|t:|1700378856\n|move|p1a: \u6c34\u72f1\u5352|Ivy Cudgel|p2a: Corviknight|[anim] Ivy Cudgel Water\n|-damage|p2a: Corviknight|78\/100\n|move|p2a: Corviknight|Body Press|p1a: \u6c34\u72f1\u5352\n|-damage|p1a: \u6c34\u72f1\u5352|5\/100\n|\n|upkeep\n|turn|23\n|\n|t:|1700378866\n|move|p1a: \u6c34\u72f1\u5352|Ivy Cudgel|p2a: Corviknight|[anim] Ivy Cudgel Water\n|-crit|p2a: Corviknight\n|-damage|p2a: Corviknight|17\/100\n|move|p2a: Corviknight|Roost|p2a: Corviknight\n|-heal|p2a: Corviknight|67\/100\n|-singleturn|p2a: Corviknight|move: Roost\n|\n|upkeep\n|turn|24\n|\n|t:|1700378875\n|move|p1a: \u6c34\u72f1\u5352|Taunt|p2a: Corviknight\n|-start|p2a: Corviknight|move: Taunt\n|cant|p2a: Corviknight|move: Taunt|Roost\n|\n|upkeep\n|turn|25\n|\n|t:|1700378880\n|move|p1a: \u6c34\u72f1\u5352|Ivy Cudgel|p2a: Corviknight|[anim] Ivy Cudgel Water\n|-damage|p2a: Corviknight|54\/100\n|move|p2a: Corviknight|U-turn|p1a: \u6c34\u72f1\u5352\n|-supereffective|p1a: \u6c34\u72f1\u5352\n|-damage|p1a: \u6c34\u72f1\u5352|0 fnt\n|faint|p1a: \u6c34\u72f1\u5352\n|\n|t:|1700378888\n|switch|p2a: Moltres|Moltres|100\/100|[from] U-turn\n|\n|upkeep\n|\n|t:|1700378896\n|switch|p1a: \u571f~\u2191\u738b|Clodsire, F|100\/100\n|turn|26\n|\n|t:|1700378901\n|switch|p1a: \u6d1b\u6258\u59c6-\u5207\u5272|Electrode-Hisui|51\/100\n|move|p2a: Moltres|Defog|p1a: \u6d1b\u6258\u59c6-\u5207\u5272\n|-unboost|p1a: \u6d1b\u6258\u59c6-\u5207\u5272|evasion|1\n|-sideend|p2: xikeso|Stealth Rock|[from] move: Defog|[of] p2a: Moltres\n|\n|upkeep\n|turn|27\n|\n|t:|1700378911\n|switch|p2a: Rillaboom|Rillaboom, F|100\/100\n|-fieldstart|move: Grassy Terrain|[from] ability: Grassy Surge|[of] p2a: Rillaboom\n|move|p1a: \u6d1b\u6258\u59c6-\u5207\u5272|Volt Switch|p2a: Rillaboom\n|-resisted|p2a: Rillaboom\n|-damage|p2a: Rillaboom|73\/100\n|\n|t:|1700378916\n|switch|p1a: \u7532\u54e5|Pinsir-Mega, F, shiny|64\/100|[from] Volt Switch\n|\n|-heal|p2a: Rillaboom|79\/100|[from] Grassy Terrain\n|upkeep\n|turn|28\n|\n|t:|1700378927\n|switch|p2a: Corviknight|Corviknight, F|54\/100\n|-ability|p2a: Corviknight|Pressure\n|move|p1a: \u7532\u54e5|Swords Dance|p1a: \u7532\u54e5\n|-boost|p1a: \u7532\u54e5|atk|2\n|\n|upkeep\n|turn|29\n|\n|t:|1700378937\n|move|p1a: \u7532\u54e5|Return|p2a: Corviknight\n|-resisted|p2a: Corviknight\n|-damage|p2a: Corviknight|8\/100\n|move|p2a: Corviknight|Roost|p2a: Corviknight\n|-heal|p2a: Corviknight|58\/100\n|-singleturn|p2a: Corviknight|move: Roost\n|\n|-heal|p2a: Corviknight|64\/100|[from] Grassy Terrain\n|upkeep\n|turn|30\n|\n|t:|1700378948\n|move|p1a: \u7532\u54e5|Return|p2a: Corviknight\n|-resisted|p2a: Corviknight\n|-damage|p2a: Corviknight|22\/100\n|move|p2a: Corviknight|Roost|p2a: Corviknight\n|-heal|p2a: Corviknight|72\/100\n|-singleturn|p2a: Corviknight|move: Roost\n|\n|-heal|p2a: Corviknight|78\/100|[from] Grassy Terrain\n|upkeep\n|turn|31\n|\n|t:|1700378958\n|move|p1a: \u7532\u54e5|Swords Dance|p1a: \u7532\u54e5\n|-boost|p1a: \u7532\u54e5|atk|2\n|move|p2a: Corviknight|Roost|p2a: Corviknight\n|-heal|p2a: Corviknight|100\/100\n|-singleturn|p2a: Corviknight|move: Roost\n|\n|-fieldend|move: Grassy Terrain\n|upkeep\n|turn|32\n|\n|t:|1700378971\n|switch|p2a: Moltres|Moltres|100\/100\n|move|p1a: \u7532\u54e5|Return|p2a: Moltres\n|-damage|p2a: Moltres|0 fnt\n|-status|p1a: \u7532\u54e5|brn|[from] ability: Flame Body|[of] p2a: Moltres\n|faint|p2a: Moltres\n|\n|-damage|p1a: \u7532\u54e5|58\/100 brn|[from] brn\n|upkeep\n|\n|t:|1700378982\n|switch|p2a: Corviknight|Corviknight, F|100\/100\n|-ability|p2a: Corviknight|Pressure\n|turn|33\n|\n|t:|1700378991\n|move|p1a: \u7532\u54e5|Return|p2a: Corviknight\n|-resisted|p2a: Corviknight\n|-damage|p2a: Corviknight|68\/100\n|move|p2a: Corviknight|Iron Defense|p2a: Corviknight\n|-boost|p2a: Corviknight|def|2\n|\n|-damage|p1a: \u7532\u54e5|52\/100 brn|[from] brn\n|upkeep\n|turn|34\n|\n|t:|1700379001\n|switch|p1a: \u6d1b\u6258\u59c6-\u5207\u5272|Electrode-Hisui|51\/100\n|move|p2a: Corviknight|Iron Defense|p2a: Corviknight\n|-boost|p2a: Corviknight|def|2\n|\n|upkeep\n|turn|35\n|\n|t:|1700379010\n|switch|p2a: Rillaboom|Rillaboom, F|79\/100\n|-fieldstart|move: Grassy Terrain|[from] ability: Grassy Surge|[of] p2a: Rillaboom\n|move|p1a: \u6d1b\u6258\u59c6-\u5207\u5272|Volt Switch|p2a: Rillaboom\n|-resisted|p2a: Rillaboom\n|-damage|p2a: Rillaboom|54\/100\n|\n|t:|1700379014\n|switch|p1a: \u7532\u54e5|Pinsir-Mega, F, shiny|52\/100 brn|[from] Volt Switch\n|\n|-heal|p2a: Rillaboom|61\/100|[from] Grassy Terrain\n|-damage|p1a: \u7532\u54e5|46\/100 brn|[from] brn\n|upkeep\n|turn|36\n|\n|t:|1700379029\n|switch|p2a: Corviknight|Corviknight, F|68\/100\n|-ability|p2a: Corviknight|Pressure\n|move|p1a: \u7532\u54e5|Swords Dance|p1a: \u7532\u54e5\n|-boost|p1a: \u7532\u54e5|atk|2\n|\n|-damage|p1a: \u7532\u54e5|40\/100 brn|[from] brn\n|upkeep\n|turn|37\n|\n|t:|1700379039\n|move|p1a: \u7532\u54e5|Return|p2a: Corviknight\n|-resisted|p2a: Corviknight\n|-damage|p2a: Corviknight|47\/100\n|move|p2a: Corviknight|Iron Defense|p2a: Corviknight\n|-boost|p2a: Corviknight|def|2\n|\n|-damage|p1a: \u7532\u54e5|34\/100 brn|[from] brn\n|upkeep\n|turn|38\n|\n|t:|1700379049\n|switch|p1a: \u6d1b\u6258\u59c6-\u5207\u5272|Electrode-Hisui|51\/100\n|move|p2a: Corviknight|Roost|p2a: Corviknight\n|-heal|p2a: Corviknight|97\/100\n|-singleturn|p2a: Corviknight|move: Roost\n|\n|-heal|p1a: \u6d1b\u6258\u59c6-\u5207\u5272|58\/100|[from] Grassy Terrain\n|-heal|p2a: Corviknight|100\/100|[from] Grassy Terrain\n|upkeep\n|turn|39\n|\n|t:|1700379060\n|switch|p2a: Rillaboom|Rillaboom, F|61\/100\n|-terastallize|p1a: \u6d1b\u6258\u59c6-\u5207\u5272|Ice\n|move|p1a: \u6d1b\u6258\u59c6-\u5207\u5272|Tera Blast|p2a: Rillaboom|[anim] Tera Blast Ice\n|-supereffective|p2a: Rillaboom\n|-damage|p2a: Rillaboom|0 fnt\n|faint|p2a: Rillaboom\n|\n|-heal|p1a: \u6d1b\u6258\u59c6-\u5207\u5272|64\/100|[from] Grassy Terrain\n|-fieldend|move: Grassy Terrain\n|upkeep\n|\n|t:|1700379073\n|switch|p2a: Umbreon|Umbreon, F, shiny|100\/100\n|turn|40\n|\n|t:|1700379090\n|switch|p1a: \u571f~\u2191\u738b|Clodsire, F|100\/100\n|-terastallize|p2a: Umbreon|Steel\n|move|p2a: Umbreon|Foul Play|p1a: \u571f~\u2191\u738b\n|-damage|p1a: \u571f~\u2191\u738b|74\/100\n|\n|upkeep\n|turn|41\n|\n|t:|1700379099\n|switch|p2a: Corviknight|Corviknight, F|100\/100\n|-ability|p2a: Corviknight|Pressure\n|move|p1a: \u571f~\u2191\u738b|Earthquake|p2a: Corviknight\n|-immune|p2a: Corviknight\n|\n|upkeep\n|turn|42\n|\n|t:|1700379114\n|switch|p1a: \u7532\u54e5|Pinsir-Mega, F, shiny|34\/100 brn\n|move|p2a: Corviknight|U-turn|p1a: \u7532\u54e5\n|-resisted|p1a: \u7532\u54e5\n|-damage|p1a: \u7532\u54e5|27\/100 brn\n|\n|t:|1700379120\n|switch|p2a: Umbreon|Umbreon, F, shiny, tera:Steel|100\/100|[from] U-turn\n|\n|-damage|p1a: \u7532\u54e5|21\/100 brn|[from] brn\n|upkeep\n|turn|43\n|\n|t:|1700379126\n|move|p1a: \u7532\u54e5|Swords Dance|p1a: \u7532\u54e5\n|-boost|p1a: \u7532\u54e5|atk|2\n|move|p2a: Umbreon|Foul Play|p1a: \u7532\u54e5\n|-damage|p1a: \u7532\u54e5|0 fnt\n|faint|p1a: \u7532\u54e5\n|\n|upkeep\n|\n|t:|1700379133\n|switch|p1a: \u571f~\u2191\u738b|Clodsire, F|74\/100\n|turn|44\n|\n|t:|1700379138\n|switch|p2a: Corviknight|Corviknight, F|100\/100\n|-ability|p2a: Corviknight|Pressure\n|switch|p1a: \u6d1b\u6258\u59c6-\u5207\u5272|Electrode-Hisui, tera:Ice|64\/100\n|\n|upkeep\n|turn|45\n|\n|t:|1700379149\n|move|p1a: \u6d1b\u6258\u59c6-\u5207\u5272|Thunderbolt|p2a: Corviknight\n|-supereffective|p2a: Corviknight\n|-damage|p2a: Corviknight|4\/100\n|move|p2a: Corviknight|Body Press|p1a: \u6d1b\u6258\u59c6-\u5207\u5272\n|-supereffective|p1a: \u6d1b\u6258\u59c6-\u5207\u5272\n|-damage|p1a: \u6d1b\u6258\u59c6-\u5207\u5272|0 fnt\n|-damage|p2a: Corviknight|0 fnt|[from] ability: Aftermath|[of] p1a: \u6d1b\u6258\u59c6-\u5207\u5272\n|faint|p1a: \u6d1b\u6258\u59c6-\u5207\u5272\n|faint|p2a: Corviknight\n|\n|upkeep\n|\n|t:|1700379160\n|switch|p1a: \u571f~\u2191\u738b|Clodsire, F|74\/100\n|switch|p2a: Umbreon|Umbreon, F, shiny, tera:Steel|100\/100\n|turn|46\n|\n|t:|1700379174\n|move|p2a: Umbreon|Foul Play|p1a: \u571f~\u2191\u738b\n|-damage|p1a: \u571f~\u2191\u738b|44\/100\n|move|p1a: \u571f~\u2191\u738b|Recover|p1a: \u571f~\u2191\u738b\n|-heal|p1a: \u571f~\u2191\u738b|94\/100\n|\n|upkeep\n|turn|47\n|\n|t:|1700379182\n|move|p2a: Umbreon|Foul Play|p1a: \u571f~\u2191\u738b\n|-damage|p1a: \u571f~\u2191\u738b|63\/100\n|move|p1a: \u571f~\u2191\u738b|Earthquake|p2a: Umbreon\n|-supereffective|p2a: Umbreon\n|-damage|p2a: Umbreon|69\/100\n|\n|-heal|p2a: Umbreon|75\/100|[from] item: Leftovers\n|upkeep\n|turn|48\n|\n|t:|1700379196\n|move|p2a: Umbreon|Foul Play|p1a: \u571f~\u2191\u738b\n|-damage|p1a: \u571f~\u2191\u738b|32\/100\n|move|p1a: \u571f~\u2191\u738b|Recover|p1a: \u571f~\u2191\u738b\n|-heal|p1a: \u571f~\u2191\u738b|82\/100\n|\n|-heal|p2a: Umbreon|81\/100|[from] item: Leftovers\n|upkeep\n|turn|49\n|\n|t:|1700379208\n|move|p2a: Umbreon|Foul Play|p1a: \u571f~\u2191\u738b\n|-damage|p1a: \u571f~\u2191\u738b|54\/100\n|move|p1a: \u571f~\u2191\u738b|Earthquake|p2a: Umbreon\n|-supereffective|p2a: Umbreon\n|-damage|p2a: Umbreon|47\/100\n|\n|-heal|p2a: Umbreon|53\/100|[from] item: Leftovers\n|upkeep\n|turn|50\n|\n|t:|1700379218\n|move|p2a: Umbreon|Foul Play|p1a: \u571f~\u2191\u738b\n|-damage|p1a: \u571f~\u2191\u738b|24\/100\n|move|p1a: \u571f~\u2191\u738b|Earthquake|p2a: Umbreon\n|-supereffective|p2a: Umbreon\n|-damage|p2a: Umbreon|19\/100\n|\n|-heal|p2a: Umbreon|25\/100|[from] item: Leftovers\n|upkeep\n|turn|51\n|\n|t:|1700379240\n|move|p2a: Umbreon|Foul Play|p1a: \u571f~\u2191\u738b\n|-damage|p1a: \u571f~\u2191\u738b|0 fnt\n|faint|p1a: \u571f~\u2191\u738b\n|\n|win|xikeso\n|raw|daybreak wave2's rating: 1489 &rarr; <strong>1466<\/strong><br \/>(-23 for losing)\n|raw|xikeso's rating: 1433 &rarr; <strong>1456<\/strong><br \/>(+23 for winning)\n|l|\u2606daybreak wave2\n","uploadtime":1700379260,"views":10,"p1id":"daybreakwave2","p2id":"xikeso","formatid":"gen9nationaldex","rating":1456,"private":0,"password":""}