{"id":"gen9nationaldex-1994270632","p1":"WSoldat","p2":"ericmont","format":"[Gen 9] National Dex","log":"|j|\u2606WSoldat\n|j|\u2606ericmont\n|t:|1700425561\n|gametype|singles\n|player|p1|WSoldat|n|\n|player|p2|ericmont|bertha|\n|teamsize|p1|6\n|teamsize|p2|6\n|gen|9\n|tier|[Gen 9] National Dex\n|rule|HP Percentage Mod: HP is shown in percentages\n|rule|Endless Battle Clause: Forcing endless battles is banned\n|rule|OHKO Clause: OHKO moves are banned\n|rule|Evasion Clause: Evasion abilities, items, and moves are banned\n|rule|Evasion Abilities Clause: Evasion abilities are banned\n|rule|Evasion Items Clause: Evasion items are banned\n|rule|Evasion Moves Clause: Evasion moves are banned\n|rule|Species Clause: Limit one of each Pok\u00e9mon\n|rule|Sleep Clause Mod: Limit one foe put to sleep\n|clearpoke\n|poke|p1|Corviknight, M|\n|poke|p1|Clodsire, M|\n|poke|p1|Goodra-Hisui, M|\n|poke|p1|Xurkitree|\n|poke|p1|Zapdos-Galar|\n|poke|p1|Scizor, M|\n|poke|p2|Hippowdon, M|\n|poke|p2|Gastrodon, F|\n|poke|p2|Iron Moth|\n|poke|p2|Sandy Shocks|\n|poke|p2|Great Tusk|\n|poke|p2|Garchomp, F|\n|teampreview\n|c|\u2606ericmont|Glhf\n|\n|t:|1700425572\n|start\n|switch|p1a: Ricardo|Clodsire, M|100\/100\n|switch|p2a: Hippowdon|Hippowdon, M|100\/100\n|-weather|Sandstorm|[from] ability: Sand Stream|[of] p2a: Hippowdon\n|turn|1\n|c|\u2606ericmont|Es por liga ig\n|j| Sylveon(404)\n|\n|t:|1700425611\n|move|p2a: Hippowdon|Stealth Rock|p1a: Ricardo\n|-sidestart|p1: WSoldat|move: Stealth Rock\n|move|p1a: Ricardo|Toxic|p2a: Hippowdon\n|-status|p2a: Hippowdon|tox\n|\n|-weather|Sandstorm|[upkeep]\n|-damage|p2a: Hippowdon|94\/100 tox|[from] psn\n|upkeep\n|turn|2\n|\n|t:|1700425624\n|switch|p2a: Garchomp|Garchomp, F|100\/100\n|switch|p1a: Carlos Aguirre|Corviknight, M|100\/100\n|-damage|p1a: Carlos Aguirre|88\/100|[from] Stealth Rock\n|-ability|p1a: Carlos Aguirre|Pressure\n|\n|-weather|Sandstorm|[upkeep]\n|upkeep\n|turn|3\n|\n|t:|1700425637\n|detailschange|p2a: Garchomp|Garchomp-Mega, F\n|-mega|p2a: Garchomp|Garchomp|Garchompite\n|move|p2a: Garchomp|Swords Dance|p2a: Garchomp\n|-boost|p2a: Garchomp|atk|2\n|move|p1a: Carlos Aguirre|Defog|p2a: Garchomp\n|-unboost|p2a: Garchomp|evasion|1\n|-sideend|p1: WSoldat|Stealth Rock|[from] move: Defog|[of] p1a: Carlos Aguirre\n|\n|-weather|Sandstorm|[upkeep]\n|upkeep\n|turn|4\n|\n|t:|1700425650\n|move|p2a: Garchomp|Fire Fang|p1a: Carlos Aguirre\n|-supereffective|p1a: Carlos Aguirre\n|-damage|p1a: Carlos Aguirre|21\/100\n|-damage|p2a: Garchomp|84\/100|[from] item: Rocky Helmet|[of] p1a: Carlos Aguirre\n|cant|p1a: Carlos Aguirre|flinch\n|\n|-weather|Sandstorm|[upkeep]\n|upkeep\n|turn|5\n|\n|t:|1700425660\n|move|p2a: Garchomp|Fire Fang|p1a: Carlos Aguirre\n|-supereffective|p1a: Carlos Aguirre\n|-damage|p1a: Carlos Aguirre|0 fnt\n|-damage|p2a: Garchomp|67\/100|[from] item: Rocky Helmet|[of] p1a: Carlos Aguirre\n|faint|p1a: Carlos Aguirre\n|\n|-weather|none\n|upkeep\n|\n|t:|1700425715\n|switch|p1a: Babo SA .Inc|Goodra-Hisui, M|100\/100\n|turn|6\n|\n|t:|1700425728\n|move|p2a: Garchomp|Earthquake|p1a: Babo SA .Inc\n|-supereffective|p1a: Babo SA .Inc\n|-damage|p1a: Babo SA .Inc|0 fnt\n|faint|p1a: Babo SA .Inc\n|\n|upkeep\n|\n|t:|1700425760\n|switch|p1a: Tamo'Elecricos|Xurkitree|100\/100\n|turn|7\n|\n|t:|1700425765\n|move|p2a: Garchomp|Earthquake|p1a: Tamo'Elecricos\n|-supereffective|p1a: Tamo'Elecricos\n|-damage|p1a: Tamo'Elecricos|0 fnt\n|faint|p1a: Tamo'Elecricos\n|\n|upkeep\n|\n|t:|1700425773\n|switch|p1a: Elver Galarga|Zapdos-Galar|100\/100\n|turn|8\n|c| Sylveon(404)|6-0?\n|\n|t:|1700425779\n|-terastallize|p1a: Elver Galarga|Fighting\n|move|p1a: Elver Galarga|Thunderous Kick|p2a: Garchomp\n|-damage|p2a: Garchomp|20\/100\n|-unboost|p2a: Garchomp|def|1\n|move|p2a: Garchomp|Scale Shot|p1a: Elver Galarga\n|-damage|p1a: Elver Galarga|63\/100\n|-damage|p1a: Elver Galarga|28\/100\n|-crit|p1a: Elver Galarga\n|-damage|p1a: Elver Galarga|0 fnt\n|faint|p1a: Elver Galarga\n|-hitcount|p1: Elver Galarga|3\n|-unboost|p2a: Garchomp|def|1\n|-boost|p2a: Garchomp|spe|1\n|\n|upkeep\n|c|\u2606ericmont|No\n|\n|t:|1700425795\n|switch|p1a: Eduardo Tijeras|Scizor, M|100\/100\n|turn|9\n|\n|t:|1700425809\n|switch|p2a: Iron Moth|Iron Moth|100\/100\n|detailschange|p1a: Eduardo Tijeras|Scizor-Mega, M\n|-mega|p1a: Eduardo Tijeras|Scizor|Scizorite\n|move|p1a: Eduardo Tijeras|Bullet Punch|p2a: Iron Moth\n|-resisted|p2a: Iron Moth\n|-damage|p2a: Iron Moth|66\/100\n|\n|upkeep\n|turn|10\n|\n|t:|1700425818\n|switch|p1a: Ricardo|Clodsire, M|100\/100\n|move|p2a: Iron Moth|Fiery Dance|p1a: Ricardo\n|-damage|p1a: Ricardo|77\/100\n|\n|-heal|p1a: Ricardo|83\/100|[from] item: Leftovers\n|upkeep\n|turn|11\n|\n|t:|1700425830\n|-terastallize|p2a: Iron Moth|Ice\n|move|p2a: Iron Moth|Tera Blast|p1a: Ricardo|[anim] Tera Blast Ice\n|-supereffective|p1a: Ricardo\n|-damage|p1a: Ricardo|36\/100\n|move|p1a: Ricardo|Earthquake|p2a: Iron Moth\n|-damage|p2a: Iron Moth|17\/100\n|\n|-heal|p1a: Ricardo|43\/100|[from] item: Leftovers\n|upkeep\n|turn|12\n|\n|t:|1700425845\n|move|p2a: Iron Moth|Tera Blast|p1a: Ricardo|[anim] Tera Blast Ice\n|-supereffective|p1a: Ricardo\n|-damage|p1a: Ricardo|0 fnt\n|faint|p1a: Ricardo\n|\n|upkeep\n|\n|t:|1700425850\n|switch|p1a: Eduardo Tijeras|Scizor-Mega, M|100\/100\n|turn|13\n|\n|t:|1700425854\n|-end|p2a: Iron Moth|Quark Drive|[silent]\n|switch|p2a: Gastrodon|Gastrodon, F|100\/100\n|move|p1a: Eduardo Tijeras|Bullet Punch|p2a: Gastrodon\n|-resisted|p2a: Gastrodon\n|-damage|p2a: Gastrodon|86\/100\n|\n|upkeep\n|turn|14\n|\n|t:|1700425863\n|move|p1a: Eduardo Tijeras|Swords Dance|p1a: Eduardo Tijeras\n|-boost|p1a: Eduardo Tijeras|atk|2\n|move|p2a: Gastrodon|Scald|p1a: Eduardo Tijeras\n|-damage|p1a: Eduardo Tijeras|75\/100\n|-status|p1a: Eduardo Tijeras|brn\n|\n|-damage|p1a: Eduardo Tijeras|69\/100 brn|[from] brn\n|upkeep\n|turn|15\n|\n|t:|1700425874\n|move|p1a: Eduardo Tijeras|Swords Dance|p1a: Eduardo Tijeras\n|-boost|p1a: Eduardo Tijeras|atk|2\n|move|p2a: Gastrodon|Scald|p1a: Eduardo Tijeras\n|-damage|p1a: Eduardo Tijeras|44\/100 brn\n|\n|-damage|p1a: Eduardo Tijeras|38\/100 brn|[from] brn\n|upkeep\n|turn|16\n|\n|t:|1700425886\n|move|p1a: Eduardo Tijeras|Close Combat|p2a: Gastrodon\n|-damage|p2a: Gastrodon|26\/100\n|-unboost|p1a: Eduardo Tijeras|def|1\n|-unboost|p1a: Eduardo Tijeras|spd|1\n|move|p2a: Gastrodon|Scald|p1a: Eduardo Tijeras\n|-damage|p1a: Eduardo Tijeras|1\/100 brn\n|\n|-damage|p1a: Eduardo Tijeras|0 fnt|[from] brn\n|faint|p1a: Eduardo Tijeras\n|\n|win|ericmont\n|upkeep\n|c|\u2606ericmont|Gg\n|l| Sylveon(404)\n","uploadtime":1700425901,"views":11,"p1id":"wsoldat","p2id":"ericmont","formatid":"gen9nationaldex","rating":0,"private":0,"password":""}