{"id":"gen9nationaldex-1989003737","p1":"Jor99fran","p2":"Oxxo_ntsm","format":"[Gen 9] National Dex","log":"|j|\u2606Jor99fran\n|j|\u2606Oxxo_ntsm\n|t:|1699800980\n|gametype|singles\n|player|p1|Jor99fran|ghetsis|\n|player|p2|Oxxo_ntsm|hilbert-wonderlauncher|\n|teamsize|p1|6\n|teamsize|p2|6\n|gen|9\n|tier|[Gen 9] National Dex\n|rule|HP Percentage Mod: HP is shown in percentages\n|rule|Endless Battle Clause: Forcing endless battles is banned\n|rule|OHKO Clause: OHKO moves are banned\n|rule|Evasion Clause: Evasion abilities, items, and moves are banned\n|rule|Evasion Abilities Clause: Evasion abilities are banned\n|rule|Evasion Items Clause: Evasion items are banned\n|rule|Evasion Moves Clause: Evasion moves are banned\n|rule|Species Clause: Limit one of each Pok\u00e9mon\n|rule|Sleep Clause Mod: Limit one foe put to sleep\n|clearpoke\n|poke|p1|Zoroark-Hisui, M|\n|poke|p1|Mimikyu, F|\n|poke|p1|Froslass, F|\n|poke|p1|Ceruledge, M|\n|poke|p1|Mismagius, M|\n|poke|p1|Typhlosion-Hisui, M|\n|poke|p2|Galvantula, M|\n|poke|p2|Azumarill, M|\n|poke|p2|Volcarona, F|\n|poke|p2|Ursaluna, M|\n|poke|p2|Porygon2|\n|poke|p2|Gliscor, M|\n|teampreview\n|inactive|Battle timer is ON: inactive players will automatically lose when time's up. (requested by Oxxo_ntsm)\n|c|\u2606Oxxo_ntsm|Buena suerte\n|\n|t:|1699800995\n|start\n|switch|p1a: Froslass|Froslass, F|100\/100\n|switch|p2a: Murcielascorpion|Gliscor, M|100\/100\n|turn|1\n|\n|t:|1699801002\n|move|p1a: Froslass|Spikes|p2a: Murcielascorpion\n|-sidestart|p2: Oxxo_ntsm|Spikes\n|move|p2a: Murcielascorpion|Knock Off|p1a: Froslass\n|-supereffective|p1a: Froslass\n|-damage|p1a: Froslass|30\/100\n|-enditem|p1a: Froslass|Focus Sash|[from] move: Knock Off|[of] p2a: Murcielascorpion\n|\n|-status|p2a: Murcielascorpion|tox|[from] item: Toxic Orb\n|upkeep\n|turn|2\n|\n|t:|1699801011\n|move|p1a: Froslass|Spikes|p2a: Murcielascorpion\n|-sidestart|p2: Oxxo_ntsm|Spikes\n|move|p2a: Murcielascorpion|Stealth Rock|p1a: Froslass\n|-sidestart|p1: Jor99fran|move: Stealth Rock\n|\n|upkeep\n|turn|3\n|\n|t:|1699801019\n|move|p1a: Froslass|Icy Wind|p2a: Murcielascorpion\n|-supereffective|p2a: Murcielascorpion\n|-damage|p2a: Murcielascorpion|0 fnt\n|faint|p2a: Murcielascorpion\n|\n|upkeep\n|\n|t:|1699801030\n|switch|p2a: Pato|Porygon2, shiny|100\/100\n|-damage|p2a: Pato|84\/100|[from] Spikes\n|turn|4\n|\n|t:|1699801037\n|move|p1a: Froslass|Taunt|p2a: Pato\n|-start|p2a: Pato|move: Taunt\n|move|p2a: Pato|Tri Attack|p1a: Froslass\n|-immune|p1a: Froslass\n|\n|upkeep\n|turn|5\n|c|\u2606Jor99fran|XDD\n|c|\u2606Oxxo_ntsm|Xd se me olvido tri ataque era normal\n|\n|t:|1699801061\n|move|p1a: Froslass|Icy Wind|p2a: Pato\n|-damage|p2a: Pato|71\/100\n|-unboost|p2a: Pato|spe|1\n|move|p2a: Pato|Thunderbolt|p1a: Froslass\n|-damage|p1a: Froslass|0 fnt\n|-start|p2a: Pato|Disable|Thunderbolt|[from] ability: Cursed Body|[of] p1a: Froslass\n|faint|p1a: Froslass\n|\n|upkeep\n|\n|t:|1699801073\n|switch|p1a: Mismagius|Mismagius, M|100\/100\n|-damage|p1a: Mismagius|88\/100|[from] Stealth Rock\n|turn|6\n|\n|t:|1699801082\n|move|p1a: Mismagius|Nasty Plot|p1a: Mismagius\n|-boost|p1a: Mismagius|spa|2\n|move|p2a: Pato|Shadow Ball|p1a: Mismagius\n|-immune|p1a: Mismagius\n|\n|-end|p2a: Pato|move: Taunt\n|upkeep\n|turn|7\n|inactive|Oxxo_ntsm has 270 seconds left.\n|\n|t:|1699801120\n|switch|p2a: Segata Sanshiro|Ursaluna, M|100\/100\n|-damage|p2a: Segata Sanshiro|84\/100|[from] Spikes\n|move|p1a: Mismagius|Flamethrower|p2a: Segata Sanshiro\n|-damage|p2a: Segata Sanshiro|33\/100\n|-status|p2a: Segata Sanshiro|brn\n|\n|-damage|p2a: Segata Sanshiro|27\/100 brn|[from] brn\n|upkeep\n|turn|8\n|inactive|Oxxo_ntsm has 270 seconds left.\n|\n|t:|1699801132\n|move|p1a: Mismagius|Flamethrower|p2a: Segata Sanshiro\n|-damage|p2a: Segata Sanshiro|0 fnt\n|faint|p2a: Segata Sanshiro\n|\n|upkeep\n|\n|t:|1699801145\n|switch|p2a: Galvanni|Galvantula, M|100\/100\n|-damage|p2a: Galvanni|84\/100|[from] Spikes\n|turn|9\n|\n|t:|1699801156\n|move|p1a: Mismagius|Flamethrower|p2a: Galvanni\n|-supereffective|p2a: Galvanni\n|-damage|p2a: Galvanni|0 fnt\n|faint|p2a: Galvanni\n|\n|upkeep\n|\n|t:|1699801164\n|switch|p2a: Mothra|Volcarona, F, shiny|100\/100\n|turn|10\n|\n|t:|1699801173\n|move|p1a: Mismagius|Shadow Ball|p2a: Mothra\n|-damage|p2a: Mothra|20\/100\n|-unboost|p2a: Mothra|spd|1\n|move|p2a: Mothra|Quiver Dance|p2a: Mothra\n|-boost|p2a: Mothra|spa|1\n|-boost|p2a: Mothra|spd|1\n|-boost|p2a: Mothra|spe|1\n|\n|upkeep\n|turn|11\n|inactive|Oxxo_ntsm has 270 seconds left.\n|\n|t:|1699801197\n|move|p2a: Mothra|Bug Buzz|p1a: Mismagius\n|-resisted|p1a: Mismagius\n|-damage|p1a: Mismagius|11\/100\n|replace|p1a: Zoroark|Zoroark-Hisui, M\n|-end|p1a: Zoroark|Illusion\n|move|p1a: Zoroark|Shadow Ball|p2a: Mothra\n|-damage|p2a: Mothra|0 fnt\n|faint|p2a: Mothra\n|\n|upkeep\n|c|\u2606Jor99fran|por eso no me afecta shadow ball\n|c|\u2606Jor99fran|jeje\n|\n|t:|1699801211\n|switch|p2a: Azumadre|Azumarill, M|100\/100\n|-damage|p2a: Azumadre|84\/100|[from] Spikes\n|turn|12\n|\n|t:|1699801222\n|move|p2a: Azumadre|Aqua Jet|p1a: Zoroark\n|-damage|p1a: Zoroark|0 fnt\n|faint|p1a: Zoroark\n|\n|-heal|p2a: Azumadre|90\/100|[from] item: Leftovers\n|upkeep\n|\n|t:|1699801229\n|switch|p1a: Mimikyu|Mimikyu, F|100\/100\n|-damage|p1a: Mimikyu|88\/100|[from] Stealth Rock\n|turn|13\n|\n|t:|1699801244\n|-terastallize|p2a: Azumadre|Normal\n|move|p1a: Mimikyu|Swords Dance|p1a: Mimikyu\n|-boost|p1a: Mimikyu|atk|2\n|move|p2a: Azumadre|Belly Drum|p2a: Azumadre\n|-damage|p2a: Azumadre|40\/100\n|-setboost|p2a: Azumadre|atk|6|[from] move: Belly Drum\n|\n|-heal|p2a: Azumadre|46\/100|[from] item: Leftovers\n|upkeep\n|turn|14\n|inactive|Oxxo_ntsm has 270 seconds left.\n|\n|t:|1699801256\n|move|p2a: Azumadre|Aqua Jet|p1a: Mimikyu\n|-activate|p1a: Mimikyu|ability: Disguise\n|-damage|p1a: Mimikyu|88\/100\n|detailschange|p1a: Mimikyu|Mimikyu-Busted, F\n|-damage|p1a: Mimikyu|76\/100|[from] pokemon: Mimikyu-Busted\n|move|p1a: Mimikyu|Play Rough|p2a: Azumadre\n|-damage|p2a: Azumadre|0 fnt\n|faint|p2a: Azumadre\n|-damage|p1a: Mimikyu|66\/100|[from] item: Life Orb\n|\n|upkeep\n|\n|t:|1699801269\n|switch|p2a: Pato|Porygon2, shiny|71\/100\n|-damage|p2a: Pato|55\/100|[from] Spikes\n|turn|15\n|\n|t:|1699801278\n|move|p1a: Mimikyu|Play Rough|p2a: Pato\n|-damage|p2a: Pato|0 fnt\n|faint|p2a: Pato\n|-damage|p1a: Mimikyu|56\/100|[from] item: Life Orb\n|\n|win|Jor99fran\n|c|\u2606Jor99fran|gg\n|c|\u2606Oxxo_ntsm|gg\n|l|\u2606Oxxo_ntsm\n|c|\u2606Jor99fran|espera\n|c|\u2606Jor99fran|se lo mando a natsu\n","uploadtime":1699801286,"views":14,"p1id":"jor99fran","p2id":"oxxontsm","formatid":"gen9nationaldex","rating":0,"private":0,"password":""}