{"id":"gen9nationaldex-1998254770","p1":"Lofn","p2":"Ackesh","format":"[Gen 9] National Dex","log":"|html|<div class=\"broadcast-blue\"><strong>[Gen 9] National Dex is currently suspecting Sneasler! For information on how to participate check out the <a href=\"https:\/\/www.smogon.com\/forums\/threads\/sv-national-dex-suspect-8-just-dance.3731534\/\">suspect thread<\/a>.<\/strong><\/div>\n|j|\u2606Lofn\n|j|\u2606Ackesh\n|t:|1700920499\n|gametype|singles\n|player|p1|Lofn|brycenman|1758\n|player|p2|Ackesh|silver|1660\n|teamsize|p1|6\n|teamsize|p2|6\n|gen|9\n|tier|[Gen 9] National Dex\n|rated|\n|rule|HP Percentage Mod: HP is shown in percentages\n|rule|Endless Battle Clause: Forcing endless battles is banned\n|rule|OHKO Clause: OHKO moves are banned\n|rule|Evasion Clause: Evasion abilities, items, and moves are banned\n|rule|Evasion Abilities Clause: Evasion abilities are banned\n|rule|Evasion Items Clause: Evasion items are banned\n|rule|Evasion Moves Clause: Evasion moves are banned\n|rule|Species Clause: Limit one of each Pok\u00e9mon\n|rule|Sleep Clause Mod: Limit one foe put to sleep\n|clearpoke\n|poke|p1|Ninetales-Alola, M|\n|poke|p1|Porygon-Z|\n|poke|p1|Blaziken, F|\n|poke|p1|Iron Treads|\n|poke|p1|Zoroark-Hisui, F|\n|poke|p1|Mawile, F|\n|poke|p2|Venusaur, M|\n|poke|p2|Kyurem|\n|poke|p2|Torkoal, F|\n|poke|p2|Landorus-Therian, M|\n|poke|p2|Heatran, M|\n|poke|p2|Victini|\n|teampreview\n|inactive|Battle timer is ON: inactive players will automatically lose when time's up. (requested by Ackesh)\n|\n|t:|1700920568\n|start\n|switch|p1a: Iron Treads|Iron Treads|100\/100\n|switch|p2a: Torkoal|Torkoal, F|100\/100\n|-weather|SunnyDay|[from] ability: Drought|[of] p2a: Torkoal\n|-enditem|p1a: Iron Treads|Booster Energy\n|-activate|p1a: Iron Treads|ability: Quark Drive|[fromitem]\n|-start|p1a: Iron Treads|quarkdrivespe\n|turn|1\n|inactive|Ackesh has 120 seconds left.\n|\n|t:|1700920623\n|move|p1a: Iron Treads|Stealth Rock|p2a: Torkoal\n|-sidestart|p2: Ackesh|move: Stealth Rock\n|move|p2a: Torkoal|Flamethrower|p1a: Iron Treads\n|-supereffective|p1a: Iron Treads\n|-damage|p1a: Iron Treads|0 fnt\n|faint|p1a: Iron Treads\n|-end|p1a: Iron Treads|Quark Drive|[silent]\n|\n|-weather|SunnyDay|[upkeep]\n|upkeep\n|inactive|Lofn has 120 seconds left.\n|j| one eye ding zhen\n|inactive|Lofn has 90 seconds left.\n|l| one eye ding zhen\n|inactive|Lofn has 60 seconds left.\n|\n|t:|1700920720\n|switch|p1a: Blaziken|Blaziken, F|100\/100\n|turn|2\n|\n|t:|1700920727\n|move|p1a: Blaziken|Nasty Plot|p1a: Blaziken\n|-boost|p1a: Blaziken|spa|2\n|move|p2a: Torkoal|Yawn|p1a: Blaziken\n|-start|p1a: Blaziken|move: Yawn|[of] p2a: Torkoal\n|\n|-weather|SunnyDay|[upkeep]\n|upkeep\n|turn|3\n|\n|t:|1700920735\n|switch|p2a: Kyurem|Kyurem|100\/100\n|-damage|p2a: Kyurem|76\/100|[from] Stealth Rock\n|-ability|p2a: Kyurem|Pressure\n|move|p1a: Blaziken|Shadow Ball|p2a: Kyurem\n|-damage|p2a: Kyurem|0 fnt\n|faint|p2a: Kyurem\n|\n|-weather|SunnyDay|[upkeep]\n|-end|p1a: Blaziken|move: Yawn|[silent]\n|-status|p1a: Blaziken|slp\n|upkeep\n|\n|t:|1700920743\n|switch|p2a: Venusaur|Venusaur, M|100\/100\n|-damage|p2a: Venusaur|88\/100|[from] Stealth Rock\n|turn|4\n|\n|t:|1700920747\n|switch|p1a: Ninetales|Ninetales-Alola, M|100\/100\n|-weather|Snow|[from] ability: Snow Warning|[of] p1a: Ninetales\n|move|p2a: Venusaur|Earth Power|p1a: Ninetales\n|-damage|p1a: Ninetales|68\/100\n|-damage|p2a: Venusaur|78\/100|[from] item: Life Orb\n|\n|-weather|Snow|[upkeep]\n|upkeep\n|turn|5\n|\n|t:|1700920752\n|switch|p2a: Torkoal|Torkoal, F|100\/100\n|-damage|p2a: Torkoal|76\/100|[from] Stealth Rock\n|-weather|SunnyDay|[from] ability: Drought|[of] p2a: Torkoal\n|move|p1a: Ninetales|Hypnosis|p2a: Torkoal\n|-status|p2a: Torkoal|slp|[from] move: Hypnosis\n|\n|-weather|SunnyDay|[upkeep]\n|upkeep\n|turn|6\n|\n|t:|1700920755\n|switch|p1a: Blaziken|Blaziken, F|100\/100 slp\n|switch|p2a: Landorus|Landorus-Therian, M|100\/100\n|-damage|p2a: Landorus|88\/100|[from] Stealth Rock\n|-ability|p2a: Landorus|Intimidate|boost\n|-unboost|p1a: Blaziken|atk|1\n|\n|-weather|SunnyDay|[upkeep]\n|upkeep\n|turn|7\n|\n|t:|1700920760\n|switch|p1a: Ninetales|Ninetales-Alola, M|68\/100\n|-weather|Snow|[from] ability: Snow Warning|[of] p1a: Ninetales\n|move|p2a: Landorus|Defog|p1a: Ninetales\n|-unboost|p1a: Ninetales|evasion|1\n|-sideend|p2: Ackesh|Stealth Rock|[from] move: Defog|[of] p2a: Landorus\n|\n|-weather|Snow|[upkeep]\n|upkeep\n|turn|8\n|inactive|Lofn has 120 seconds left.\n|\n|t:|1700920765\n|switch|p1a: Blaziken|Blaziken, F|100\/100 slp\n|switch|p2a: Torkoal|Torkoal, F|76\/100 slp\n|-weather|SunnyDay|[from] ability: Drought|[of] p2a: Torkoal\n|\n|-weather|SunnyDay|[upkeep]\n|upkeep\n|turn|9\n|\n|t:|1700920771\n|switch|p2a: Landorus|Landorus-Therian, M|88\/100\n|-ability|p2a: Landorus|Intimidate|boost\n|-unboost|p1a: Blaziken|atk|1\n|cant|p1a: Blaziken|slp\n|\n|-weather|SunnyDay|[upkeep]\n|upkeep\n|turn|10\n|\n|t:|1700920774\n|switch|p1a: Ninetales|Ninetales-Alola, M|68\/100\n|-weather|Snow|[from] ability: Snow Warning|[of] p1a: Ninetales\n|move|p2a: Landorus|Earthquake|p1a: Ninetales\n|-damage|p1a: Ninetales|20\/100\n|\n|-weather|Snow|[upkeep]\n|upkeep\n|turn|11\n|\n|t:|1700920778\n|switch|p2a: Torkoal|Torkoal, F|76\/100 slp\n|-weather|SunnyDay|[from] ability: Drought|[of] p2a: Torkoal\n|move|p1a: Ninetales|Aurora Veil||[still]\n|-fail|p1a: Ninetales\n|\n|-weather|SunnyDay|[upkeep]\n|upkeep\n|turn|12\n|\n|t:|1700920792\n|switch|p2a: Victini|Victini|100\/100\n|move|p1a: Ninetales|Freeze-Dry|p2a: Victini\n|-resisted|p2a: Victini\n|-damage|p2a: Victini|90\/100\n|\n|-weather|SunnyDay|[upkeep]\n|upkeep\n|turn|13\n|j| xuxiansheng\n|l| xuxiansheng\n|\n|t:|1700920813\n|switch|p1a: Mawile|Mawile, F|100\/100\n|-ability|p1a: Mawile|Intimidate|boost\n|-unboost|p2a: Victini|atk|1\n|move|p2a: Victini|Bolt Strike|p1a: Mawile\n|-damage|p1a: Mawile|66\/100\n|\n|-weather|SunnyDay|[upkeep]\n|upkeep\n|turn|14\n|\n|t:|1700920819\n|switch|p2a: Landorus|Landorus-Therian, M|88\/100\n|-ability|p2a: Landorus|Intimidate|boost\n|-unboost|p1a: Mawile|atk|1\n|detailschange|p1a: Mawile|Mawile-Mega, F\n|-mega|p1a: Mawile|Mawile|Mawilite\n|move|p1a: Mawile|Sucker Punch||[still]\n|-fail|p1a: Mawile\n|\n|-weather|SunnyDay|[upkeep]\n|upkeep\n|turn|15\n|\n|t:|1700920824\n|move|p2a: Landorus|Earthquake|p1a: Mawile\n|-supereffective|p1a: Mawile\n|-damage|p1a: Mawile|0 fnt\n|faint|p1a: Mawile\n|\n|-weather|SunnyDay|[upkeep]\n|upkeep\n|\n|t:|1700920826\n|switch|p1a: Ninetales|Ninetales-Alola, M|20\/100\n|-weather|Snow|[from] ability: Snow Warning|[of] p1a: Ninetales\n|turn|16\n|\n|t:|1700920831\n|switch|p1a: Blaziken|Blaziken, F|100\/100 slp\n|switch|p2a: Torkoal|Torkoal, F|76\/100 slp\n|-weather|SunnyDay|[from] ability: Drought|[of] p2a: Torkoal\n|\n|-weather|SunnyDay|[upkeep]\n|upkeep\n|turn|17\n|\n|t:|1700920835\n|switch|p2a: Landorus|Landorus-Therian, M|88\/100\n|-ability|p2a: Landorus|Intimidate|boost\n|-unboost|p1a: Blaziken|atk|1\n|-curestatus|p1a: Blaziken|slp|[msg]\n|move|p1a: Blaziken|Nasty Plot|p1a: Blaziken\n|-boost|p1a: Blaziken|spa|2\n|\n|-weather|SunnyDay|[upkeep]\n|upkeep\n|turn|18\n|\n|t:|1700920838\n|move|p1a: Blaziken|Shadow Ball|p2a: Landorus\n|-damage|p2a: Landorus|15\/100\n|-unboost|p2a: Landorus|spd|1\n|move|p2a: Landorus|Earthquake|p1a: Blaziken\n|-enditem|p1a: Blaziken|Focus Sash\n|-damage|p1a: Blaziken|1\/100\n|replace|p1a: Zoroark|Zoroark-Hisui, F\n|-end|p1a: Zoroark|Illusion\n|\n|-weather|SunnyDay|[upkeep]\n|upkeep\n|turn|19\n|\n|t:|1700920841\n|move|p1a: Zoroark|Shadow Ball|p2a: Landorus\n|-damage|p2a: Landorus|0 fnt\n|faint|p2a: Landorus\n|\n|-weather|SunnyDay|[upkeep]\n|upkeep\n|\n|t:|1700920843\n|switch|p2a: Victini|Victini|90\/100\n|turn|20\n|\n|t:|1700920844\n|move|p2a: Victini|U-turn|p1a: Zoroark\n|-resisted|p1a: Zoroark\n|-damage|p1a: Zoroark|0 fnt\n|faint|p1a: Zoroark\n|\n|t:|1700920852\n|switch|p2a: Venusaur|Venusaur, M|78\/100|[from] U-turn\n|\n|-weather|SunnyDay|[upkeep]\n|upkeep\n|\n|t:|1700920854\n|switch|p1a: Ninetales|Ninetales-Alola, M|20\/100\n|-weather|Snow|[from] ability: Snow Warning|[of] p1a: Ninetales\n|turn|21\n|\n|t:|1700920884\n|switch|p2a: Torkoal|Torkoal, F|76\/100 slp\n|-weather|SunnyDay|[from] ability: Drought|[of] p2a: Torkoal\n|move|p1a: Ninetales|Aurora Veil||[still]\n|-fail|p1a: Ninetales\n|\n|-weather|SunnyDay|[upkeep]\n|upkeep\n|turn|22\n|\n|t:|1700920892\n|switch|p1a: Blaziken|Blaziken, F|100\/100\n|switch|p2a: Victini|Victini|90\/100\n|\n|-weather|SunnyDay|[upkeep]\n|upkeep\n|turn|23\n|\n|t:|1700920908\n|move|p2a: Victini|Bolt Strike|p1a: Blaziken\n|-damage|p1a: Blaziken|48\/100\n|-status|p1a: Blaziken|par\n|move|p1a: Blaziken|Swords Dance|p1a: Blaziken\n|-boost|p1a: Blaziken|atk|2\n|\n|-weather|SunnyDay|[upkeep]\n|-heal|p1a: Blaziken|54\/100 par|[from] item: Leftovers\n|-ability|p1a: Blaziken|Speed Boost|boost\n|-boost|p1a: Blaziken|spe|1\n|upkeep\n|turn|24\n|\n|t:|1700920917\n|move|p2a: Victini|Bolt Strike|p1a: Blaziken\n|-damage|p1a: Blaziken|0 fnt\n|faint|p1a: Blaziken\n|\n|-weather|SunnyDay|[upkeep]\n|upkeep\n|\n|t:|1700920921\n|switch|p1a: Porygon-Z|Porygon-Z|100\/100\n|turn|25\n|\n|t:|1700920924\n|switch|p2a: Venusaur|Venusaur, M|78\/100\n|-zpower|p1a: Porygon-Z\n|move|p1a: Porygon-Z|Z-Conversion|p1a: Porygon-Z|[anim]Conversion\n|-boost|p1a: Porygon-Z|atk|1|[zeffect]\n|-boost|p1a: Porygon-Z|def|1|[zeffect]\n|-boost|p1a: Porygon-Z|spa|1|[zeffect]\n|-boost|p1a: Porygon-Z|spd|1|[zeffect]\n|-boost|p1a: Porygon-Z|spe|1|[zeffect]\n|-start|p1a: Porygon-Z|typechange|Electric\n|\n|-weather|SunnyDay|[upkeep]\n|upkeep\n|turn|26\n|\n|t:|1700920927\n|move|p2a: Venusaur|Earth Power|p1a: Porygon-Z\n|-supereffective|p1a: Porygon-Z\n|-damage|p1a: Porygon-Z|41\/100\n|-unboost|p1a: Porygon-Z|spd|1\n|-damage|p2a: Venusaur|68\/100|[from] item: Life Orb\n|move|p1a: Porygon-Z|Ice Beam|p2a: Venusaur\n|-supereffective|p2a: Venusaur\n|-damage|p2a: Venusaur|0 fnt\n|faint|p2a: Venusaur\n|\n|-weather|SunnyDay|[upkeep]\n|upkeep\n|\n|t:|1700920930\n|switch|p2a: Victini|Victini|90\/100\n|turn|27\n|\n|t:|1700920934\n|move|p2a: Victini|V-create|p1a: Porygon-Z\n|-damage|p1a: Porygon-Z|0 fnt\n|-unboost|p2a: Victini|spe|1\n|-unboost|p2a: Victini|def|1\n|-unboost|p2a: Victini|spd|1\n|faint|p1a: Porygon-Z\n|\n|-weather|SunnyDay|[upkeep]\n|upkeep\n|-message|Lofn forfeited.\n|\n|win|Ackesh\n|raw|Lofn's rating: 1758 &rarr; <strong>1733<\/strong><br \/>(-25 for losing)\n|raw|Ackesh's rating: 1675 &rarr; <strong>1700<\/strong><br \/>(+25 for winning)\n|l|\u2606Lofn\n","uploadtime":1700920951,"views":0,"p1id":"lofn","p2id":"ackesh","formatid":"gen9nationaldex","rating":1700,"private":0,"password":""}