{"id":"gen9nationaldex-1998454027","p1":"KodIdel","p2":"1nfuseddd","format":"[Gen 9] National Dex","log":"|html|<div class=\"broadcast-blue\"><strong>[Gen 9] National Dex is currently suspecting Sneasler! For information on how to participate check out the <a href=\"https:\/\/www.smogon.com\/forums\/threads\/sv-national-dex-suspect-8-just-dance.3731534\/\">suspect thread<\/a>.<\/strong><\/div>\n|j|\u2606KodIdel\n|j|\u26061nfuseddd\n|t:|1700944089\n|gametype|singles\n|player|p1|KodIdel|wallace|\n|player|p2|1nfuseddd|hilda-wonderlauncher|\n|teamsize|p1|6\n|teamsize|p2|6\n|gen|9\n|tier|[Gen 9] National Dex\n|rule|HP Percentage Mod: HP is shown in percentages\n|rule|Endless Battle Clause: Forcing endless battles is banned\n|rule|OHKO Clause: OHKO moves are banned\n|rule|Evasion Clause: Evasion abilities, items, and moves are banned\n|rule|Evasion Abilities Clause: Evasion abilities are banned\n|rule|Evasion Items Clause: Evasion items are banned\n|rule|Evasion Moves Clause: Evasion moves are banned\n|rule|Species Clause: Limit one of each Pok\u00e9mon\n|rule|Sleep Clause Mod: Limit one foe put to sleep\n|clearpoke\n|poke|p1|Aggron, M|\n|poke|p1|Nihilego|\n|poke|p1|Glimmora, F|\n|poke|p1|Aerodactyl, M|\n|poke|p1|Tyranitar, F|\n|poke|p1|Arcanine-Hisui, M|\n|poke|p2|Scizor, M|\n|poke|p2|Tinkaton, F|\n|poke|p2|Kartana|\n|poke|p2|Magnezone|\n|poke|p2|Empoleon, F|\n|poke|p2|Goodra-Hisui, F|\n|teampreview\n|\n|t:|1700944104\n|start\n|switch|p1a: Glimmora|Glimmora, F, shiny|100\/100\n|switch|p2a: Kartana|Kartana|100\/100\n|turn|1\n|\n|t:|1700944121\n|move|p1a: Glimmora|Sludge Wave|p2a: Kartana\n|-immune|p2a: Kartana\n|move|p2a: Kartana|Swords Dance|p2a: Kartana\n|-boost|p2a: Kartana|atk|2\n|\n|upkeep\n|turn|2\n|\n|t:|1700944139\n|switch|p1a: Arcanine|Arcanine-Hisui, M, shiny|100\/100\n|move|p2a: Kartana|Leaf Blade|p1a: Arcanine\n|-damage|p1a: Arcanine|0 fnt\n|faint|p1a: Arcanine\n|-ability|p2a: Kartana|Beast Boost|boost\n|-boost|p2a: Kartana|atk|1\n|\n|upkeep\n|\n|t:|1700944152\n|switch|p1a: Aerodactyl|Aerodactyl, M|100\/100\n|turn|3\n|\n|t:|1700944160\n|move|p1a: Aerodactyl|Ice Fang|p2a: Kartana\n|-damage|p2a: Kartana|78\/100\n|cant|p2a: Kartana|flinch\n|\n|upkeep\n|turn|4\n|\n|t:|1700944166\n|move|p1a: Aerodactyl|Ice Fang|p2a: Kartana\n|-damage|p2a: Kartana|52\/100\n|move|p2a: Kartana|Steel Beam|p1a: Aerodactyl\n|-supereffective|p1a: Aerodactyl\n|-damage|p1a: Aerodactyl|17\/100\n|-damage|p2a: Kartana|2\/100|[from] steelbeam\n|\n|upkeep\n|turn|5\n|\n|t:|1700944174\n|move|p1a: Aerodactyl|Ice Fang|p2a: Kartana\n|-damage|p2a: Kartana|0 fnt\n|faint|p2a: Kartana\n|\n|upkeep\n|\n|t:|1700944181\n|switch|p2a: Scizor|Scizor, M|100\/100\n|turn|6\n|\n|t:|1700944186\n|move|p1a: Aerodactyl|Ice Fang|p2a: Scizor\n|-resisted|p2a: Scizor\n|-damage|p2a: Scizor|87\/100\n|move|p2a: Scizor|Swords Dance|p2a: Scizor\n|-boost|p2a: Scizor|atk|2\n|\n|upkeep\n|turn|7\n|\n|t:|1700944193\n|move|p2a: Scizor|Bullet Punch|p1a: Aerodactyl\n|-supereffective|p1a: Aerodactyl\n|-damage|p1a: Aerodactyl|0 fnt\n|faint|p1a: Aerodactyl\n|\n|upkeep\n|\n|t:|1700944218\n|switch|p1a: Nihilego|Nihilego, shiny|100\/100\n|turn|8\n|\n|t:|1700944234\n|move|p2a: Scizor|Bullet Punch|p1a: Nihilego\n|-supereffective|p1a: Nihilego\n|-damage|p1a: Nihilego|0 fnt\n|faint|p1a: Nihilego\n|\n|upkeep\n|\n|t:|1700944249\n|switch|p1a: Tyranitar|Tyranitar, F, shiny|100\/100\n|-weather|Sandstorm|[from] ability: Sand Stream|[of] p1a: Tyranitar\n|turn|9\n|\n|t:|1700944272\n|detailschange|p2a: Scizor|Scizor-Mega, M\n|-mega|p2a: Scizor|Scizor|Scizorite\n|move|p2a: Scizor|Bullet Punch|p1a: Tyranitar\n|-supereffective|p1a: Tyranitar\n|-damage|p1a: Tyranitar|20\/100\n|move|p1a: Tyranitar|Fire Blast|p2a: Scizor\n|-supereffective|p2a: Scizor\n|-damage|p2a: Scizor|1\/100\n|\n|-weather|Sandstorm|[upkeep]\n|upkeep\n|turn|10\n|\n|t:|1700944287\n|switch|p1a: Glimmora|Glimmora, F, shiny|100\/100\n|move|p2a: Scizor|Bullet Punch|p1a: Glimmora\n|-supereffective|p1a: Glimmora\n|-damage|p1a: Glimmora|0 fnt\n|faint|p1a: Glimmora\n|\n|-weather|Sandstorm|[upkeep]\n|upkeep\n|\n|t:|1700944296\n|switch|p1a: Aggron|Aggron, M|100\/100\n|turn|11\n|\n|t:|1700944321\n|detailschange|p1a: Aggron|Aggron-Mega, M\n|-mega|p1a: Aggron|Aggron|Aggronite\n|move|p2a: Scizor|Knock Off|p1a: Aggron\n|-damage|p1a: Aggron|77\/100\n|move|p1a: Aggron|Low Kick|p2a: Scizor\n|-damage|p2a: Scizor|0 fnt\n|faint|p2a: Scizor\n|\n|-weather|Sandstorm|[upkeep]\n|upkeep\n|\n|t:|1700944358\n|switch|p2a: Goodra|Goodra-Hisui, F|100\/100\n|turn|12\n|\n|t:|1700944378\n|move|p2a: Goodra|Earthquake|p1a: Aggron\n|-supereffective|p1a: Aggron\n|-crit|p1a: Aggron\n|-damage|p1a: Aggron|45\/100\n|move|p1a: Aggron|Head Smash|p2a: Goodra\n|-resisted|p2a: Goodra\n|-damage|p2a: Goodra|70\/100\n|-damage|p1a: Aggron|25\/100|[from] Recoil\n|\n|-weather|Sandstorm|[upkeep]\n|upkeep\n|turn|13\n|\n|t:|1700944389\n|move|p2a: Goodra|Earthquake|p1a: Aggron\n|-supereffective|p1a: Aggron\n|-damage|p1a: Aggron|6\/100\n|move|p1a: Aggron|Toxic|p2a: Goodra\n|-immune|p2a: Goodra\n|\n|-weather|none\n|upkeep\n|turn|14\n|\n|t:|1700944398\n|move|p2a: Goodra|Earthquake|p1a: Aggron\n|-supereffective|p1a: Aggron\n|-damage|p1a: Aggron|0 fnt\n|faint|p1a: Aggron\n|\n|upkeep\n|\n|t:|1700944403\n|switch|p1a: Tyranitar|Tyranitar, F, shiny|20\/100\n|-weather|Sandstorm|[from] ability: Sand Stream|[of] p1a: Tyranitar\n|turn|15\n|\n|t:|1700944414\n|move|p1a: Tyranitar|Superpower|p2a: Goodra\n|-supereffective|p2a: Goodra\n|-damage|p2a: Goodra|0 fnt\n|-unboost|p1a: Tyranitar|atk|1\n|-unboost|p1a: Tyranitar|def|1\n|faint|p2a: Goodra\n|\n|-weather|Sandstorm|[upkeep]\n|upkeep\n|\n|t:|1700944421\n|switch|p2a: Empoleon|Empoleon, F|100\/100\n|turn|16\n|\n|t:|1700944428\n|move|p1a: Tyranitar|Superpower|p2a: Empoleon\n|-supereffective|p2a: Empoleon\n|-damage|p2a: Empoleon|40\/100\n|-unboost|p1a: Tyranitar|atk|1\n|-unboost|p1a: Tyranitar|def|1\n|move|p2a: Empoleon|Scald|p1a: Tyranitar\n|-supereffective|p1a: Tyranitar\n|-damage|p1a: Tyranitar|0 fnt\n|faint|p1a: Tyranitar\n|\n|win|1nfuseddd\n","uploadtime":1700944444,"views":2,"p1id":"kodidel","p2id":"1nfuseddd","formatid":"gen9nationaldex","rating":0,"private":0,"password":""}