{"id":"gen9nationaldex-1996938326","p1":"Fuirdec","p2":"Tukitiko","format":"[Gen 9] National Dex","log":"|html|<div class=\"broadcast-blue\"><strong>[Gen 9] National Dex is currently suspecting Sneasler! For information on how to participate check out the <a href=\"https:\/\/www.smogon.com\/forums\/threads\/sv-national-dex-suspect-8-just-dance.3731534\/\">suspect thread<\/a>.<\/strong><\/div>\n|j|\u2606Fuirdec\n|j|\u2606Tukitiko\n|t:|1700747213\n|gametype|singles\n|player|p1|Fuirdec|preschoolerf|1299\n|player|p2|Tukitiko|lusamine-nihilego|1229\n|teamsize|p1|6\n|teamsize|p2|6\n|gen|9\n|tier|[Gen 9] National Dex\n|rated|\n|rule|HP Percentage Mod: HP is shown in percentages\n|rule|Endless Battle Clause: Forcing endless battles is banned\n|rule|OHKO Clause: OHKO moves are banned\n|rule|Evasion Clause: Evasion abilities, items, and moves are banned\n|rule|Evasion Abilities Clause: Evasion abilities are banned\n|rule|Evasion Items Clause: Evasion items are banned\n|rule|Evasion Moves Clause: Evasion moves are banned\n|rule|Species Clause: Limit one of each Pok\u00e9mon\n|rule|Sleep Clause Mod: Limit one foe put to sleep\n|clearpoke\n|poke|p1|Victini|\n|poke|p1|Zamazenta-*|\n|poke|p1|Urshifu-*, M|\n|poke|p1|Landorus-Therian, M|\n|poke|p1|Dragonite, M|\n|poke|p1|Rotom-Wash|\n|poke|p2|Jellicent, F|\n|poke|p2|Sneasler, M|\n|poke|p2|Rillaboom, M|\n|poke|p2|Venusaur, M|\n|poke|p2|Kartana|\n|poke|p2|Volcanion|\n|teampreview\n|inactive|Battle timer is ON: inactive players will automatically lose when time's up. (requested by Tukitiko)\n|inactive|Fuirdec also wants the timer to be on.\n|\n|t:|1700747225\n|start\n|switch|p1a: Victini|Victini|100\/100\n|switch|p2a: Rillaboom|Rillaboom, M|100\/100\n|-fieldstart|move: Grassy Terrain|[from] ability: Grassy Surge|[of] p2a: Rillaboom\n|turn|1\n|\n|t:|1700747232\n|switch|p2a: Volcanion|Volcanion|100\/100\n|move|p1a: Victini|Blue Flare|p2a: Volcanion\n|-resisted|p2a: Volcanion\n|-damage|p2a: Volcanion|91\/100\n|\n|-heal|p2a: Volcanion|97\/100|[from] Grassy Terrain\n|upkeep\n|turn|2\n|\n|t:|1700747240\n|-terastallize|p1a: Victini|Grass\n|move|p1a: Victini|Future Sight|p2a: Volcanion\n|-start|p1a: Victini|move: Future Sight\n|move|p2a: Volcanion|Steam Eruption|p1a: Victini\n|-resisted|p1a: Victini\n|-damage|p1a: Victini|69\/100\n|\n|-heal|p1a: Victini|75\/100|[from] Grassy Terrain\n|-heal|p2a: Volcanion|100\/100|[from] Grassy Terrain\n|upkeep\n|turn|3\n|\n|t:|1700747253\n|switch|p1a: Rotom|Rotom-Wash, shiny|100\/100\n|move|p2a: Volcanion|Flamethrower|p1a: Rotom\n|-resisted|p1a: Rotom\n|-damage|p1a: Rotom|74\/100\n|-status|p1a: Rotom|brn\n|\n|-heal|p1a: Rotom|80\/100 brn|[from] item: Leftovers\n|-damage|p1a: Rotom|74\/100 brn|[from] brn\n|upkeep\n|turn|4\n|\n|t:|1700747261\n|move|p1a: Rotom|Volt Switch|p2a: Volcanion\n|-supereffective|p2a: Volcanion\n|-damage|p2a: Volcanion|67\/100\n|\n|t:|1700747273\n|switch|p1a: Dragonite|Dragonite, M, shiny|100\/100|[from] Volt Switch\n|move|p2a: Volcanion|Flamethrower|p1a: Dragonite\n|-resisted|p1a: Dragonite\n|-damage|p1a: Dragonite|86\/100\n|\n|-end|p2a: Volcanion|move: Future Sight\n|-damage|p2a: Volcanion|30\/100\n|-heal|p2a: Volcanion|36\/100|[from] Grassy Terrain\n|upkeep\n|turn|5\n|\n|t:|1700747288\n|switch|p2a: Jellicent|Jellicent, F|100\/100\n|move|p1a: Dragonite|Earthquake|p2a: Jellicent\n|-damage|p2a: Jellicent|78\/100\n|\n|-heal|p2a: Jellicent|84\/100|[from] Grassy Terrain\n|-heal|p2a: Jellicent|90\/100|[from] item: Leftovers\n|upkeep\n|turn|6\n|\n|t:|1700747303\n|switch|p1a: Urshifu|Urshifu-Rapid-Strike, M|100\/100\n|move|p2a: Jellicent|Scald|p1a: Urshifu\n|-resisted|p1a: Urshifu\n|-damage|p1a: Urshifu|82\/100\n|\n|-heal|p1a: Urshifu|88\/100|[from] Grassy Terrain\n|-heal|p2a: Jellicent|96\/100|[from] Grassy Terrain\n|-heal|p2a: Jellicent|100\/100|[from] item: Leftovers\n|upkeep\n|turn|7\n|\n|t:|1700747311\n|move|p1a: Urshifu|Swords Dance|p1a: Urshifu\n|-boost|p1a: Urshifu|atk|2\n|move|p2a: Jellicent|Scald|p1a: Urshifu\n|-resisted|p1a: Urshifu\n|-damage|p1a: Urshifu|69\/100\n|\n|-heal|p1a: Urshifu|75\/100|[from] Grassy Terrain\n|upkeep\n|turn|8\n|\n|t:|1700747315\n|move|p1a: Urshifu|Trailblaze|p2a: Jellicent\n|-supereffective|p2a: Jellicent\n|-damage|p2a: Jellicent|31\/100\n|-boost|p1a: Urshifu|spe|1\n|move|p2a: Jellicent|Strength Sap|p1a: Urshifu\n|-unboost|p1a: Urshifu|atk|1\n|-heal|p2a: Jellicent|100\/100\n|\n|-heal|p1a: Urshifu|81\/100|[from] Grassy Terrain\n|-fieldend|move: Grassy Terrain\n|upkeep\n|turn|9\n|\n|t:|1700747323\n|move|p1a: Urshifu|Trailblaze|p2a: Jellicent\n|-supereffective|p2a: Jellicent\n|-damage|p2a: Jellicent|63\/100\n|-boost|p1a: Urshifu|spe|1\n|move|p2a: Jellicent|Strength Sap|p1a: Urshifu\n|-unboost|p1a: Urshifu|atk|1\n|-heal|p2a: Jellicent|100\/100\n|\n|upkeep\n|turn|10\n|\n|t:|1700747337\n|move|p1a: Urshifu|Swords Dance|p1a: Urshifu\n|-boost|p1a: Urshifu|atk|2\n|move|p2a: Jellicent|Scald|p1a: Urshifu\n|-resisted|p1a: Urshifu\n|-damage|p1a: Urshifu|64\/100\n|\n|upkeep\n|turn|11\n|\n|t:|1700747340\n|move|p1a: Urshifu|Swords Dance|p1a: Urshifu\n|-boost|p1a: Urshifu|atk|2\n|move|p2a: Jellicent|Strength Sap|p1a: Urshifu\n|-unboost|p1a: Urshifu|atk|1\n|\n|upkeep\n|turn|12\n|\n|t:|1700747343\n|move|p1a: Urshifu|Trailblaze|p2a: Jellicent\n|-supereffective|p2a: Jellicent\n|-damage|p2a: Jellicent|29\/100\n|-boost|p1a: Urshifu|spe|1\n|move|p2a: Jellicent|Substitute|p2a: Jellicent\n|-start|p2a: Jellicent|Substitute\n|-damage|p2a: Jellicent|4\/100\n|\n|-heal|p2a: Jellicent|10\/100|[from] item: Leftovers\n|upkeep\n|turn|13\n|\n|t:|1700747349\n|move|p1a: Urshifu|Trailblaze|p2a: Jellicent\n|-supereffective|p2a: Jellicent\n|-end|p2a: Jellicent|Substitute\n|-boost|p1a: Urshifu|spe|1\n|move|p2a: Jellicent|Strength Sap|p1a: Urshifu\n|-unboost|p1a: Urshifu|atk|1\n|-heal|p2a: Jellicent|100\/100\n|\n|upkeep\n|turn|14\n|\n|t:|1700747356\n|move|p1a: Urshifu|Swords Dance|p1a: Urshifu\n|-boost|p1a: Urshifu|atk|2\n|move|p2a: Jellicent|Scald|p1a: Urshifu\n|-resisted|p1a: Urshifu\n|-damage|p1a: Urshifu|46\/100\n|\n|upkeep\n|turn|15\n|\n|t:|1700747367\n|move|p1a: Urshifu|Swords Dance|p1a: Urshifu\n|-boost|p1a: Urshifu|atk|2\n|move|p2a: Jellicent|Substitute|p2a: Jellicent\n|-start|p2a: Jellicent|Substitute\n|-damage|p2a: Jellicent|75\/100\n|\n|-heal|p2a: Jellicent|82\/100|[from] item: Leftovers\n|upkeep\n|turn|16\n|\n|t:|1700747371\n|move|p1a: Urshifu|Trailblaze|p2a: Jellicent\n|-supereffective|p2a: Jellicent\n|-end|p2a: Jellicent|Substitute\n|-boost|p1a: Urshifu|spe|1\n|move|p2a: Jellicent|Scald|p1a: Urshifu\n|-resisted|p1a: Urshifu\n|-damage|p1a: Urshifu|28\/100\n|\n|-heal|p2a: Jellicent|88\/100|[from] item: Leftovers\n|upkeep\n|turn|17\n|\n|t:|1700747377\n|switch|p2a: Rillaboom|Rillaboom, M|100\/100\n|-fieldstart|move: Grassy Terrain|[from] ability: Grassy Surge|[of] p2a: Rillaboom\n|move|p1a: Urshifu|Trailblaze|p2a: Rillaboom\n|-resisted|p2a: Rillaboom\n|-damage|p2a: Rillaboom|51\/100\n|-boost|p1a: Urshifu|spe|1\n|\n|-heal|p1a: Urshifu|35\/100|[from] Grassy Terrain\n|-heal|p2a: Rillaboom|57\/100|[from] Grassy Terrain\n|upkeep\n|turn|18\n|\n|t:|1700747391\n|move|p2a: Rillaboom|Grassy Glide|p1a: Urshifu\n|-supereffective|p1a: Urshifu\n|-damage|p1a: Urshifu|0 fnt\n|faint|p1a: Urshifu\n|\n|-heal|p2a: Rillaboom|63\/100|[from] Grassy Terrain\n|upkeep\n|\n|t:|1700747400\n|switch|p1a: Victini|Victini, tera:Grass|75\/100\n|turn|19\n|\n|t:|1700747406\n|switch|p2a: Volcanion|Volcanion|36\/100\n|move|p1a: Victini|Future Sight|p2a: Volcanion\n|-start|p1a: Victini|move: Future Sight\n|\n|-heal|p1a: Victini|81\/100|[from] Grassy Terrain\n|-heal|p2a: Volcanion|42\/100|[from] Grassy Terrain\n|upkeep\n|turn|20\n|\n|t:|1700747410\n|move|p1a: Victini|Energy Ball|p2a: Volcanion\n|-crit|p2a: Volcanion\n|-damage|p2a: Volcanion|0 fnt\n|faint|p2a: Volcanion\n|\n|-heal|p1a: Victini|87\/100|[from] Grassy Terrain\n|upkeep\n|\n|t:|1700747423\n|switch|p2a: Kartana|Kartana|100\/100\n|turn|21\n|\n|t:|1700747434\n|switch|p1a: Landorus|Landorus-Therian, M, shiny|100\/100\n|-ability|p1a: Landorus|Intimidate|boost\n|-unboost|p2a: Kartana|atk|1\n|move|p2a: Kartana|X-Scissor|p1a: Landorus\n|-resisted|p1a: Landorus\n|-damage|p1a: Landorus|88\/100\n|\n|-end|p2a: Kartana|move: Future Sight\n|-resisted|p2a: Kartana\n|-damage|p2a: Kartana|14\/100\n|-enditem|p2a: Kartana|Salac Berry|[eat]\n|-boost|p2a: Kartana|spe|1|[from] item: Salac Berry\n|-heal|p2a: Kartana|20\/100|[from] Grassy Terrain\n|-heal|p1a: Landorus|94\/100|[from] item: Leftovers\n|upkeep\n|turn|22\n|\n|t:|1700747444\n|switch|p1a: Dragonite|Dragonite, M, shiny|86\/100\n|move|p2a: Kartana|Leaf Blade|p1a: Dragonite\n|-resisted|p1a: Dragonite\n|-damage|p1a: Dragonite|73\/100\n|\n|-heal|p2a: Kartana|26\/100|[from] Grassy Terrain\n|upkeep\n|turn|23\n|\n|t:|1700747449\n|move|p1a: Dragonite|Extreme Speed|p2a: Kartana\n|-resisted|p2a: Kartana\n|-damage|p2a: Kartana|2\/100\n|move|p2a: Kartana|Smart Strike|p1a: Dragonite\n|-damage|p1a: Dragonite|37\/100\n|\n|-heal|p2a: Kartana|9\/100|[from] Grassy Terrain\n|upkeep\n|turn|24\n|\n|t:|1700747458\n|move|p1a: Dragonite|Extreme Speed|p2a: Kartana\n|-resisted|p2a: Kartana\n|-damage|p2a: Kartana|0 fnt\n|faint|p2a: Kartana\n|\n|-fieldend|move: Grassy Terrain\n|upkeep\n|\n|t:|1700747461\n|switch|p2a: Jellicent|Jellicent, F|88\/100\n|turn|25\n|\n|t:|1700747464\n|switch|p1a: Victini|Victini, tera:Grass|87\/100\n|move|p2a: Jellicent|Substitute|p2a: Jellicent\n|-start|p2a: Jellicent|Substitute\n|-damage|p2a: Jellicent|63\/100\n|\n|-heal|p2a: Jellicent|69\/100|[from] item: Leftovers\n|upkeep\n|turn|26\n|\n|t:|1700747468\n|move|p1a: Victini|Energy Ball|p2a: Jellicent\n|-supereffective|p2a: Jellicent\n|-crit|p2a: Jellicent\n|-end|p2a: Jellicent|Substitute\n|move|p2a: Jellicent|Scald|p1a: Victini\n|-resisted|p1a: Victini\n|-damage|p1a: Victini|74\/100\n|\n|-heal|p2a: Jellicent|75\/100|[from] item: Leftovers\n|upkeep\n|turn|27\n|inactive|Tukitiko has 120 seconds left.\n|\n|t:|1700747521\n|switch|p2a: Venusaur|Venusaur, M, shiny|100\/100\n|move|p1a: Victini|Energy Ball|p2a: Venusaur\n|-resisted|p2a: Venusaur\n|-damage|p2a: Venusaur|89\/100\n|-unboost|p2a: Venusaur|spd|1\n|\n|upkeep\n|turn|28\n|\n|t:|1700747528\n|detailschange|p2a: Venusaur|Venusaur-Mega, M, shiny\n|-mega|p2a: Venusaur|Venusaur|Venusaurite\n|move|p1a: Victini|Blue Flare|p2a: Venusaur\n|-supereffective|p2a: Venusaur\n|-damage|p2a: Venusaur|4\/100\n|move|p2a: Venusaur|Sludge Bomb|p1a: Victini\n|-supereffective|p1a: Victini\n|-damage|p1a: Victini|0 fnt\n|faint|p1a: Victini\n|\n|upkeep\n|\n|t:|1700747535\n|switch|p1a: Dragonite|Dragonite, M, shiny|37\/100\n|turn|29\n|\n|t:|1700747540\n|switch|p2a: Jellicent|Jellicent, F|75\/100\n|move|p1a: Dragonite|Extreme Speed|p2a: Jellicent\n|-immune|p2a: Jellicent\n|\n|-heal|p2a: Jellicent|81\/100|[from] item: Leftovers\n|upkeep\n|turn|30\n|\n|t:|1700747548\n|switch|p1a: Rotom|Rotom-Wash, shiny|74\/100 brn\n|move|p2a: Jellicent|Substitute|p2a: Jellicent\n|-start|p2a: Jellicent|Substitute\n|-damage|p2a: Jellicent|56\/100\n|\n|-heal|p1a: Rotom|80\/100 brn|[from] item: Leftovers\n|-heal|p2a: Jellicent|63\/100|[from] item: Leftovers\n|-damage|p1a: Rotom|74\/100 brn|[from] brn\n|upkeep\n|turn|31\n|\n|t:|1700747556\n|move|p1a: Rotom|Volt Switch|p2a: Jellicent\n|-supereffective|p2a: Jellicent\n|-end|p2a: Jellicent|Substitute\n|\n|t:|1700747564\n|switch|p1a: Zamazenta|Zamazenta|100\/100|[from] Volt Switch\n|-ability|p1a: Zamazenta|Dauntless Shield|boost\n|-boost|p1a: Zamazenta|def|1\n|move|p2a: Jellicent|Hex|p1a: Zamazenta\n|-damage|p1a: Zamazenta|82\/100\n|\n|-heal|p2a: Jellicent|69\/100|[from] item: Leftovers\n|upkeep\n|turn|32\n|\n|t:|1700747571\n|move|p1a: Zamazenta|Wild Charge|p2a: Jellicent\n|-supereffective|p2a: Jellicent\n|-damage|p2a: Jellicent|0 fnt\n|faint|p2a: Jellicent\n|-damage|p1a: Zamazenta|61\/100|[from] Recoil\n|\n|upkeep\n|\n|t:|1700747576\n|switch|p2a: Rillaboom|Rillaboom, M|63\/100\n|-fieldstart|move: Grassy Terrain|[from] ability: Grassy Surge|[of] p2a: Rillaboom\n|turn|33\n|\n|t:|1700747593\n|switch|p1a: Landorus|Landorus-Therian, M, shiny|94\/100\n|-ability|p1a: Landorus|Intimidate|boost\n|-unboost|p2a: Rillaboom|atk|1\n|switch|p2a: Venusaur|Venusaur-Mega, M, shiny|4\/100\n|\n|-heal|p2a: Venusaur|10\/100|[from] Grassy Terrain\n|-heal|p1a: Landorus|99\/100|[from] item: Leftovers\n|upkeep\n|turn|34\n|\n|t:|1700747605\n|move|p2a: Venusaur|Synthesis|p2a: Venusaur\n|-heal|p2a: Venusaur|60\/100\n|move|p1a: Landorus|U-turn|p2a: Venusaur\n|-damage|p2a: Venusaur|41\/100\n|\n|t:|1700747609\n|switch|p1a: Dragonite|Dragonite, M, shiny|37\/100|[from] U-turn\n|\n|-heal|p2a: Venusaur|47\/100|[from] Grassy Terrain\n|upkeep\n|turn|35\n|\n|t:|1700747617\n|move|p2a: Venusaur|Synthesis|p2a: Venusaur\n|-heal|p2a: Venusaur|97\/100\n|move|p1a: Dragonite|Fire Punch|p2a: Venusaur\n|-supereffective|p2a: Venusaur\n|-damage|p2a: Venusaur|53\/100\n|\n|-heal|p2a: Venusaur|59\/100|[from] Grassy Terrain\n|upkeep\n|turn|36\n|\n|t:|1700747623\n|move|p2a: Venusaur|Sludge Bomb|p1a: Dragonite\n|-damage|p1a: Dragonite|0 fnt\n|faint|p1a: Dragonite\n|\n|-heal|p2a: Venusaur|65\/100|[from] Grassy Terrain\n|upkeep\n|\n|t:|1700747625\n|switch|p1a: Zamazenta|Zamazenta|61\/100\n|turn|37\n|\n|t:|1700747637\n|move|p1a: Zamazenta|Close Combat|p2a: Venusaur\n|-resisted|p2a: Venusaur\n|-damage|p2a: Venusaur|25\/100\n|-unboost|p1a: Zamazenta|def|1\n|-unboost|p1a: Zamazenta|spd|1\n|move|p2a: Venusaur|Giga Drain|p1a: Zamazenta\n|-damage|p1a: Zamazenta|0 fnt\n|-heal|p2a: Venusaur|58\/100|[from] drain|[of] p1a: Zamazenta\n|faint|p1a: Zamazenta\n|\n|-heal|p2a: Venusaur|64\/100|[from] Grassy Terrain\n|upkeep\n|-message|Fuirdec forfeited.\n|\n|win|Tukitiko\n|raw|Fuirdec's rating: 1299 &rarr; <strong>1269<\/strong><br \/>(-30 for losing)\n|raw|Tukitiko's rating: 1229 &rarr; <strong>1259<\/strong><br \/>(+30 for winning)\n|l|\u2606Fuirdec\n","uploadtime":1700747649,"views":1,"p1id":"fuirdec","p2id":"tukitiko","formatid":"gen9nationaldex","rating":1259,"private":0,"password":""}