{"id":"gen9nationaldex-1994735934","p1":"i-TigEr4","p2":"jujibalaoshi001","format":"[Gen 9] National Dex","log":"|html|<div class=\"broadcast-blue\"><strong>[Gen 9] National Dex is currently suspecting Sneasler! For information on how to participate check out the <a href=\"https:\/\/www.smogon.com\/forums\/threads\/sv-national-dex-suspect-8-just-dance.3731534\/\">suspect thread<\/a>.<\/strong><\/div>\n|j|\u2606i-TigEr4\n|j|\u2606jujibalaoshi001\n|t:|1700487367\n|gametype|singles\n|player|p1|i-TigEr4|102|1462\n|player|p2|jujibalaoshi001|hexmaniac-gen6|1526\n|teamsize|p1|6\n|teamsize|p2|6\n|gen|9\n|tier|[Gen 9] National Dex\n|rated|\n|rule|HP Percentage Mod: HP is shown in percentages\n|rule|Endless Battle Clause: Forcing endless battles is banned\n|rule|OHKO Clause: OHKO moves are banned\n|rule|Evasion Clause: Evasion abilities, items, and moves are banned\n|rule|Evasion Abilities Clause: Evasion abilities are banned\n|rule|Evasion Items Clause: Evasion items are banned\n|rule|Evasion Moves Clause: Evasion moves are banned\n|rule|Species Clause: Limit one of each Pok\u00e9mon\n|rule|Sleep Clause Mod: Limit one foe put to sleep\n|clearpoke\n|poke|p1|Volcarona, M|\n|poke|p1|Rotom-Wash|\n|poke|p1|Tapu Lele|\n|poke|p1|Landorus-Therian, M|\n|poke|p1|Scizor, F|\n|poke|p1|Zapdos|\n|poke|p2|Galvantula, M|\n|poke|p2|Nidoking, M|\n|poke|p2|Great Tusk|\n|poke|p2|Garchomp, F|\n|poke|p2|Kartana|\n|poke|p2|Ogerpon-Wellspring, F|\n|teampreview\n|inactive|Battle timer is ON: inactive players will automatically lose when time's up. (requested by i-TigEr4)\n|j| bugcatcherflatz \u269d\u5f61\n|\n|t:|1700487379\n|start\n|switch|p1a: Landorus|Landorus-Therian, M|100\/100\n|switch|p2a: Galvantula|Galvantula, M|100\/100\n|-ability|p1a: Landorus|Intimidate|boost\n|-unboost|p2a: Galvantula|atk|1\n|turn|1\n|\n|t:|1700487387\n|move|p2a: Galvantula|Hidden Power|p1a: Landorus\n|-supereffective|p1a: Landorus\n|-damage|p1a: Landorus|20\/100\n|move|p1a: Landorus|Earthquake|p2a: Galvantula\n|-damage|p2a: Galvantula|1\/100\n|\n|upkeep\n|turn|2\n|\n|t:|1700487397\n|move|p2a: Galvantula|Sticky Web|p1a: Landorus\n|-sidestart|p1: i-TigEr4|move: Sticky Web\n|move|p1a: Landorus|Stealth Rock|p2a: Galvantula\n|-sidestart|p2: jujibalaoshi001|move: Stealth Rock\n|\n|upkeep\n|turn|3\n|\n|t:|1700487412\n|move|p2a: Galvantula|Energy Ball|p1a: Landorus\n|-damage|p1a: Landorus|0 fnt\n|faint|p1a: Landorus\n|\n|upkeep\n|\n|t:|1700487415\n|switch|p1a: Tapu Lele|Tapu Lele|100\/100\n|-activate|p1a: Tapu Lele|move: Sticky Web\n|-unboost|p1a: Tapu Lele|spe|1\n|-fieldstart|move: Psychic Terrain|[from] ability: Psychic Surge|[of] p1a: Tapu Lele\n|turn|4\n|\n|t:|1700487426\n|move|p2a: Galvantula|Thunder|p1a: Tapu Lele\n|-damage|p1a: Tapu Lele|54\/100\n|move|p1a: Tapu Lele|Psychic|p2a: Galvantula\n|-damage|p2a: Galvantula|0 fnt\n|faint|p2a: Galvantula\n|\n|upkeep\n|\n|t:|1700487448\n|switch|p2a: Garchomp|Garchomp, F|100\/100\n|-damage|p2a: Garchomp|94\/100|[from] Stealth Rock\n|turn|5\n|\n|t:|1700487455\n|switch|p1a: Zapdos|Zapdos|100\/100\n|move|p2a: Garchomp|Earthquake|p1a: Zapdos\n|-immune|p1a: Zapdos\n|\n|upkeep\n|turn|6\n|\n|t:|1700487473\n|move|p2a: Garchomp|Swords Dance|p2a: Garchomp\n|-boost|p2a: Garchomp|atk|2\n|move|p1a: Zapdos|Defog|p2a: Garchomp\n|-unboost|p2a: Garchomp|evasion|1\n|-sideend|p2: jujibalaoshi001|Stealth Rock|[from] move: Defog|[of] p1a: Zapdos\n|-sideend|p1: i-TigEr4|Sticky Web|[from] move: Defog|[of] p1a: Zapdos\n|-fieldend|move: Psychic Terrain\n|\n|upkeep\n|turn|7\n|\n|t:|1700487488\n|-zpower|p2a: Garchomp\n|move|p2a: Garchomp|Devastating Drake|p1a: Zapdos|[zeffect]\n|-damage|p1a: Zapdos|0 fnt\n|faint|p1a: Zapdos\n|\n|upkeep\n|\n|t:|1700487495\n|switch|p1a: Tapu Lele|Tapu Lele|54\/100\n|-fieldstart|move: Psychic Terrain|[from] ability: Psychic Surge|[of] p1a: Tapu Lele\n|turn|8\n|\n|t:|1700487505\n|switch|p2a: Nidoking|Nidoking, M|100\/100\n|move|p1a: Tapu Lele|Moonblast|p2a: Nidoking\n|-resisted|p2a: Nidoking\n|-damage|p2a: Nidoking|63\/100\n|-unboost|p2a: Nidoking|spa|1\n|\n|upkeep\n|turn|9\n|\n|t:|1700487520\n|switch|p1a: Rotom|Rotom-Wash|100\/100\n|move|p2a: Nidoking|Sludge Wave|p1a: Rotom\n|-damage|p1a: Rotom|54\/100\n|\n|-heal|p1a: Rotom|60\/100|[from] item: Leftovers\n|upkeep\n|turn|10\n|\n|t:|1700487532\n|switch|p2a: Great Tusk|Great Tusk|100\/100\n|-enditem|p2a: Great Tusk|Booster Energy\n|-activate|p2a: Great Tusk|ability: Protosynthesis|[fromitem]\n|-start|p2a: Great Tusk|protosynthesisatk\n|move|p1a: Rotom|Pain Split|p2a: Great Tusk\n|-sethp|p2a: Great Tusk|75\/100|[from] move: Pain Split|[silent]\n|-sethp|p1a: Rotom|91\/100|[from] move: Pain Split\n|\n|-heal|p1a: Rotom|98\/100|[from] item: Leftovers\n|upkeep\n|turn|11\n|\n|t:|1700487544\n|move|p2a: Great Tusk|Close Combat|p1a: Rotom\n|-damage|p1a: Rotom|39\/100\n|-unboost|p2a: Great Tusk|def|1\n|-unboost|p2a: Great Tusk|spd|1\n|move|p1a: Rotom|Hydro Pump|p2a: Great Tusk\n|-supereffective|p2a: Great Tusk\n|-damage|p2a: Great Tusk|0 fnt\n|faint|p2a: Great Tusk\n|-end|p2a: Great Tusk|Protosynthesis|[silent]\n|\n|-heal|p1a: Rotom|45\/100|[from] item: Leftovers\n|upkeep\n|inactive|jujibalaoshi001 has 120 seconds left.\n|\n|t:|1700487559\n|switch|p2a: Kartana|Kartana|100\/100\n|turn|12\n|inactive|jujibalaoshi001 has 120 seconds left.\n|\n|t:|1700487571\n|-terastallize|p1a: Rotom|Steel\n|move|p2a: Kartana|Knock Off|p1a: Rotom\n|-damage|p1a: Rotom|11\/100\n|-enditem|p1a: Rotom|Leftovers|[from] move: Knock Off|[of] p2a: Kartana\n|move|p1a: Rotom|Will-O-Wisp|p2a: Kartana\n|-status|p2a: Kartana|brn\n|\n|-damage|p2a: Kartana|94\/100 brn|[from] brn\n|-fieldend|move: Psychic Terrain\n|upkeep\n|turn|13\n|\n|t:|1700487579\n|move|p2a: Kartana|Knock Off|p1a: Rotom\n|-damage|p1a: Rotom|1\/100\n|move|p1a: Rotom|Volt Switch|p2a: Kartana\n|-resisted|p2a: Kartana\n|-damage|p2a: Kartana|56\/100 brn\n|\n|t:|1700487582\n|switch|p1a: Volcarona|Volcarona, M|100\/100|[from] Volt Switch\n|\n|-damage|p2a: Kartana|50\/100 brn|[from] brn\n|upkeep\n|turn|14\n|\n|t:|1700487597\n|move|p2a: Kartana|Knock Off|p1a: Volcarona\n|-damage|p1a: Volcarona|79\/100\n|-enditem|p1a: Volcarona|Heavy-Duty Boots|[from] move: Knock Off|[of] p2a: Kartana\n|move|p1a: Volcarona|Quiver Dance|p1a: Volcarona\n|-boost|p1a: Volcarona|spa|1\n|-boost|p1a: Volcarona|spd|1\n|-boost|p1a: Volcarona|spe|1\n|\n|-damage|p2a: Kartana|44\/100 brn|[from] brn\n|upkeep\n|turn|15\n|\n|t:|1700487608\n|switch|p2a: Garchomp|Garchomp, F|94\/100\n|move|p1a: Volcarona|Quiver Dance|p1a: Volcarona\n|-boost|p1a: Volcarona|spa|1\n|-boost|p1a: Volcarona|spd|1\n|-boost|p1a: Volcarona|spe|1\n|\n|upkeep\n|turn|16\n|\n|t:|1700487619\n|move|p1a: Volcarona|Flamethrower|p2a: Garchomp\n|-resisted|p2a: Garchomp\n|-damage|p2a: Garchomp|51\/100\n|move|p2a: Garchomp|Earthquake|p1a: Volcarona\n|-damage|p1a: Volcarona|29\/100\n|\n|upkeep\n|turn|17\n|\n|t:|1700487627\n|move|p1a: Volcarona|Roost|p1a: Volcarona\n|-heal|p1a: Volcarona|80\/100\n|-singleturn|p1a: Volcarona|move: Roost\n|move|p2a: Garchomp|Earthquake|p1a: Volcarona\n|-damage|p1a: Volcarona|21\/100\n|\n|upkeep\n|turn|18\n|n| MCtailslappers \u269d\u5f61|bugcatcherflatz\n|\n|t:|1700487636\n|move|p1a: Volcarona|Roost|p1a: Volcarona\n|-heal|p1a: Volcarona|72\/100\n|-singleturn|p1a: Volcarona|move: Roost\n|move|p2a: Garchomp|Outrage|p1a: Volcarona\n|-damage|p1a: Volcarona|10\/100\n|\n|upkeep\n|turn|19\n|\n|t:|1700487652\n|move|p1a: Volcarona|Tera Blast|p2a: Garchomp\n|-damage|p2a: Garchomp|3\/100\n|move|p2a: Garchomp|Outrage|p1a: Volcarona|[from]lockedmove\n|-damage|p1a: Volcarona|0 fnt\n|-status|p2a: Garchomp|brn|[from] ability: Flame Body|[of] p1a: Volcarona\n|faint|p1a: Volcarona\n|-start|p2a: Garchomp|confusion|[fatigue]\n|\n|-damage|p2a: Garchomp|0 fnt|[from] brn\n|faint|p2a: Garchomp\n|upkeep\n|\n|t:|1700487666\n|switch|p2a: Ogerpon|Ogerpon-Wellspring, F|100\/100\n|switch|p1a: Tapu Lele|Tapu Lele|54\/100\n|-fieldstart|move: Psychic Terrain|[from] ability: Psychic Surge|[of] p1a: Tapu Lele\n|turn|20\n|\n|t:|1700487676\n|move|p1a: Tapu Lele|Psychic|p2a: Ogerpon\n|-damage|p2a: Ogerpon|25\/100\n|move|p2a: Ogerpon|Horn Leech|p1a: Tapu Lele\n|-damage|p1a: Tapu Lele|0 fnt\n|-heal|p2a: Ogerpon|51\/100|[from] drain|[of] p1a: Tapu Lele\n|faint|p1a: Tapu Lele\n|\n|upkeep\n|\n|t:|1700487680\n|switch|p1a: Scizor|Scizor, F|100\/100\n|turn|21\n|\n|t:|1700487692\n|switch|p2a: Kartana|Kartana|44\/100 brn\n|detailschange|p1a: Scizor|Scizor-Mega, F\n|-mega|p1a: Scizor|Scizor|Scizorite\n|move|p1a: Scizor|Swords Dance|p1a: Scizor\n|-boost|p1a: Scizor|atk|2\n|\n|-damage|p2a: Kartana|38\/100 brn|[from] brn\n|upkeep\n|turn|22\n|l| MCtailslappers \u269d\u5f61\n|\n|t:|1700487709\n|move|p2a: Kartana|Sacred Sword|p1a: Scizor\n|-damage|p1a: Scizor|86\/100\n|move|p1a: Scizor|Swords Dance|p1a: Scizor\n|-boost|p1a: Scizor|atk|2\n|\n|-damage|p2a: Kartana|32\/100 brn|[from] brn\n|upkeep\n|turn|23\n|\n|t:|1700487718\n|switch|p2a: Nidoking|Nidoking, M|63\/100\n|move|p1a: Scizor|Swords Dance|p1a: Scizor\n|-boost|p1a: Scizor|atk|2\n|\n|upkeep\n|turn|24\n|\n|t:|1700487729\n|move|p2a: Nidoking|Flamethrower|p1a: Scizor\n|-supereffective|p1a: Scizor\n|-damage|p1a: Scizor|0 fnt\n|faint|p1a: Scizor\n|\n|-fieldend|move: Psychic Terrain\n|upkeep\n|\n|t:|1700487730\n|switch|p1a: Rotom|Rotom-Wash, tera:Steel|1\/100\n|turn|25\n|-message|i-TigEr4 forfeited.\n|\n|win|jujibalaoshi001\n|raw|i-TigEr4's rating: 1462 &rarr; <strong>1446<\/strong><br \/>(-16 for losing)\n|raw|jujibalaoshi001's rating: 1526 &rarr; <strong>1542<\/strong><br \/>(+16 for winning)\n|l|\u2606i-TigEr4\n","uploadtime":1700487740,"views":1,"p1id":"itiger4","p2id":"jujibalaoshi001","formatid":"gen9nationaldex","rating":1446,"private":0,"password":""}