{"id":"gen9nationaldex-1989345647","p1":"ArtemisTenshi","p2":"Swagdestroyer76","format":"[Gen 9] National Dex","log":"|j|\u2606ArtemisTenshi\n|j|\u2606Swagdestroyer76\n|t:|1699838909\n|gametype|singles\n|player|p1|ArtemisTenshi|169|1077\n|player|p2|Swagdestroyer76|blackbelt-gen4dp|1068\n|teamsize|p1|6\n|teamsize|p2|6\n|gen|9\n|tier|[Gen 9] National Dex\n|rated|\n|rule|HP Percentage Mod: HP is shown in percentages\n|rule|Endless Battle Clause: Forcing endless battles is banned\n|rule|OHKO Clause: OHKO moves are banned\n|rule|Evasion Clause: Evasion abilities, items, and moves are banned\n|rule|Evasion Abilities Clause: Evasion abilities are banned\n|rule|Evasion Items Clause: Evasion items are banned\n|rule|Evasion Moves Clause: Evasion moves are banned\n|rule|Species Clause: Limit one of each Pok\u00e9mon\n|rule|Sleep Clause Mod: Limit one foe put to sleep\n|clearpoke\n|poke|p1|Ninetales-Alola, M|\n|poke|p1|Glaceon, F|\n|poke|p1|Breloom, F|\n|poke|p1|Blaziken, F|\n|poke|p1|Garchomp, M|\n|poke|p1|Gengar, F|\n|poke|p2|Dragalge, M|\n|poke|p2|Charizard, M|\n|poke|p2|Venusaur, M|\n|poke|p2|Espeon, F|\n|poke|p2|Dubwool, M|\n|poke|p2|Eelektross, M|\n|teampreview\n|inactive|Battle timer is ON: inactive players will automatically lose when time's up. (requested by ArtemisTenshi)\n|\n|t:|1699838918\n|start\n|switch|p1a: Ninetales|Ninetales-Alola, M|100\/100\n|switch|p2a: Dragalge|Dragalge, M, shiny|100\/100\n|-weather|Snow|[from] ability: Snow Warning|[of] p1a: Ninetales\n|turn|1\n|\n|t:|1699838929\n|switch|p1a: Gengar|Gengar, F|100\/100\n|move|p2a: Dragalge|Toxic Spikes|p1a: Gengar\n|-sidestart|p1: ArtemisTenshi|move: Toxic Spikes\n|\n|-weather|Snow|[upkeep]\n|upkeep\n|turn|2\n|\n|t:|1699838941\n|switch|p2a: Espeon|Espeon, F|100\/100\n|move|p1a: Gengar|Knock Off|p2a: Espeon\n|-supereffective|p2a: Espeon\n|-damage|p2a: Espeon|44\/100\n|-damage|p1a: Gengar|84\/100|[from] item: Rocky Helmet|[of] p2a: Espeon\n|-enditem|p2a: Espeon|Rocky Helmet|[from] move: Knock Off|[of] p1a: Gengar\n|\n|-weather|Snow|[upkeep]\n|upkeep\n|turn|3\n|\n|t:|1699838951\n|move|p2a: Espeon|Psychic|p1a: Gengar\n|-supereffective|p1a: Gengar\n|-damage|p1a: Gengar|0 fnt\n|-start|p2a: Espeon|Disable|Psychic|[from] ability: Cursed Body|[of] p1a: Gengar\n|faint|p1a: Gengar\n|\n|-weather|Snow|[upkeep]\n|upkeep\n|\n|t:|1699838962\n|switch|p1a: Breloom|Breloom, F|100\/100\n|-status|p1a: Breloom|psn\n|turn|4\n|l|\u2606Swagdestroyer76\n|inactive|Swagdestroyer76 disconnected and has a minute to reconnect!\n|player|p2|\n|j|\u2606Swagdestroyer76\n|inactive|Swagdestroyer76 reconnected and has 120 seconds left.\n|player|p2|Swagdestroyer76|blackbelt-gen4dp\n|\n|t:|1699838995\n|move|p2a: Espeon|Signal Beam|p1a: Breloom\n|-damage|p1a: Breloom|67\/100 psn\n|move|p1a: Breloom|Facade|p2a: Espeon\n|-damage|p2a: Espeon|0 fnt\n|faint|p2a: Espeon\n|\n|-weather|Snow|[upkeep]\n|-heal|p1a: Breloom|79\/100 psn|[from] ability: Poison Heal\n|upkeep\n|inactive|Swagdestroyer76 has 120 seconds left.\n|\n|t:|1699839019\n|switch|p2a: Dubwool|Dubwool, M|100\/100\n|turn|5\n|\n|t:|1699839026\n|move|p2a: Dubwool|Cotton Guard|p2a: Dubwool\n|-boost|p2a: Dubwool|def|3\n|move|p1a: Breloom|Substitute|p1a: Breloom\n|-start|p1a: Breloom|Substitute\n|-damage|p1a: Breloom|54\/100 psn\n|\n|-weather|none\n|-heal|p1a: Breloom|67\/100 psn|[from] ability: Poison Heal\n|upkeep\n|turn|6\n|inactive|Swagdestroyer76 has 120 seconds left.\n|\n|t:|1699839035\n|move|p2a: Dubwool|Cotton Guard|p2a: Dubwool\n|-boost|p2a: Dubwool|def|3\n|move|p1a: Breloom|Bulk Up|p1a: Breloom\n|-boost|p1a: Breloom|atk|1\n|-boost|p1a: Breloom|def|1\n|\n|-heal|p1a: Breloom|79\/100 psn|[from] ability: Poison Heal\n|upkeep\n|turn|7\n|inactive|Swagdestroyer76 has 120 seconds left.\n|\n|t:|1699839047\n|move|p2a: Dubwool|Body Press|p1a: Breloom\n|-end|p1a: Breloom|Substitute\n|move|p1a: Breloom|Bulk Up|p1a: Breloom\n|-boost|p1a: Breloom|atk|1\n|-boost|p1a: Breloom|def|1\n|\n|-heal|p1a: Breloom|91\/100 psn|[from] ability: Poison Heal\n|upkeep\n|turn|8\n|\n|t:|1699839057\n|move|p2a: Dubwool|Swords Dance|p2a: Dubwool\n|-boost|p2a: Dubwool|atk|2\n|move|p1a: Breloom|Drain Punch|p2a: Dubwool\n|-supereffective|p2a: Dubwool\n|-damage|p2a: Dubwool|65\/100\n|-heal|p1a: Breloom|100\/100 psn|[from] drain|[of] p2a: Dubwool\n|\n|-heal|p2a: Dubwool|71\/100|[from] item: Leftovers\n|upkeep\n|turn|9\n|\n|t:|1699839067\n|move|p2a: Dubwool|Body Press|p1a: Breloom\n|-damage|p1a: Breloom|62\/100 psn\n|move|p1a: Breloom|Substitute|p1a: Breloom\n|-start|p1a: Breloom|Substitute\n|-damage|p1a: Breloom|37\/100 psn\n|\n|-heal|p2a: Dubwool|77\/100|[from] item: Leftovers\n|-heal|p1a: Breloom|49\/100 psn|[from] ability: Poison Heal\n|upkeep\n|turn|10\n|\n|t:|1699839081\n|move|p2a: Dubwool|Body Press|p1a: Breloom\n|-crit|p1a: Breloom\n|-end|p1a: Breloom|Substitute\n|move|p1a: Breloom|Bulk Up|p1a: Breloom\n|-boost|p1a: Breloom|atk|1\n|-boost|p1a: Breloom|def|1\n|\n|-heal|p2a: Dubwool|83\/100|[from] item: Leftovers\n|-heal|p1a: Breloom|62\/100 psn|[from] ability: Poison Heal\n|upkeep\n|turn|11\n|\n|t:|1699839092\n|move|p2a: Dubwool|Body Press|p1a: Breloom\n|-damage|p1a: Breloom|31\/100 psn\n|move|p1a: Breloom|Drain Punch|p2a: Dubwool\n|-supereffective|p2a: Dubwool\n|-damage|p2a: Dubwool|38\/100\n|-heal|p1a: Breloom|51\/100 psn|[from] drain|[of] p2a: Dubwool\n|\n|-heal|p2a: Dubwool|44\/100|[from] item: Leftovers\n|-heal|p1a: Breloom|64\/100 psn|[from] ability: Poison Heal\n|upkeep\n|turn|12\n|\n|t:|1699839103\n|move|p2a: Dubwool|Body Press|p1a: Breloom\n|-damage|p1a: Breloom|31\/100 psn\n|move|p1a: Breloom|Drain Punch|p2a: Dubwool\n|-supereffective|p2a: Dubwool\n|-damage|p2a: Dubwool|0 fnt\n|-heal|p1a: Breloom|50\/100 psn|[from] drain|[of] p2a: Dubwool\n|faint|p2a: Dubwool\n|\n|-heal|p1a: Breloom|63\/100 psn|[from] ability: Poison Heal\n|upkeep\n|inactive|Swagdestroyer76 has 120 seconds left.\n|\n|t:|1699839122\n|switch|p2a: Charizard|Charizard, M, shiny|100\/100\n|turn|13\n|inactive|Swagdestroyer76 has 120 seconds left.\n|\n|t:|1699839129\n|detailschange|p2a: Charizard|Charizard-Mega-Y, M, shiny\n|-mega|p2a: Charizard|Charizard|Charizardite Y\n|-weather|SunnyDay|[from] ability: Drought|[of] p2a: Charizard\n|-terastallize|p1a: Breloom|Poison\n|move|p2a: Charizard|Flamethrower|p1a: Breloom\n|-damage|p1a: Breloom|0 fnt\n|faint|p1a: Breloom\n|\n|-weather|SunnyDay|[upkeep]\n|upkeep\n|\n|t:|1699839147\n|switch|p1a: Ninetales|Ninetales-Alola, M|100\/100\n|-status|p1a: Ninetales|psn\n|-weather|Snow|[from] ability: Snow Warning|[of] p1a: Ninetales\n|turn|14\n|\n|t:|1699839159\n|move|p2a: Charizard|Flamethrower|p1a: Ninetales\n|-supereffective|p1a: Ninetales\n|-damage|p1a: Ninetales|6\/100 psn\n|move|p1a: Ninetales|Blizzard|p2a: Charizard\n|-damage|p2a: Charizard|67\/100\n|\n|-weather|Snow|[upkeep]\n|-heal|p1a: Ninetales|12\/100 psn|[from] item: Leftovers\n|-damage|p1a: Ninetales|0 fnt|[from] psn\n|faint|p1a: Ninetales\n|upkeep\n|\n|t:|1699839170\n|switch|p1a: Glaceon|Glaceon, F|100\/100\n|-status|p1a: Glaceon|psn\n|turn|15\n|\n|t:|1699839176\n|move|p2a: Charizard|Flamethrower|p1a: Glaceon\n|-supereffective|p1a: Glaceon\n|-damage|p1a: Glaceon|0 fnt\n|faint|p1a: Glaceon\n|\n|-weather|Snow|[upkeep]\n|upkeep\n|\n|t:|1699839183\n|switch|p1a: Blaziken|Blaziken, F|100\/100\n|-status|p1a: Blaziken|psn\n|turn|16\n|\n|t:|1699839194\n|move|p2a: Charizard|Flamethrower|p1a: Blaziken\n|-resisted|p1a: Blaziken\n|-damage|p1a: Blaziken|56\/100 psn\n|move|p1a: Blaziken|Brave Bird|p2a: Charizard\n|-damage|p2a: Charizard|13\/100\n|-damage|p1a: Blaziken|38\/100 psn|[from] Recoil\n|\n|-weather|Snow|[upkeep]\n|-heal|p1a: Blaziken|44\/100 psn|[from] item: Leftovers\n|-damage|p1a: Blaziken|32\/100 psn|[from] psn\n|-ability|p1a: Blaziken|Speed Boost|boost\n|-boost|p1a: Blaziken|spe|1\n|upkeep\n|turn|17\n|\n|t:|1699839207\n|move|p1a: Blaziken|Brick Break|p2a: Charizard\n|-resisted|p2a: Charizard\n|-damage|p2a: Charizard|0 fnt\n|faint|p2a: Charizard\n|\n|-weather|Snow|[upkeep]\n|-heal|p1a: Blaziken|38\/100 psn|[from] item: Leftovers\n|-damage|p1a: Blaziken|26\/100 psn|[from] psn\n|-ability|p1a: Blaziken|Speed Boost|boost\n|-boost|p1a: Blaziken|spe|1\n|upkeep\n|\n|t:|1699839230\n|switch|p2a: Dragalge|Dragalge, M, shiny|100\/100\n|turn|18\n|\n|t:|1699839242\n|move|p1a: Blaziken|Brave Bird|p2a: Dragalge\n|-damage|p2a: Dragalge|60\/100\n|-damage|p1a: Blaziken|11\/100 psn|[from] Recoil\n|move|p2a: Dragalge|Sludge Bomb|p1a: Blaziken\n|-damage|p1a: Blaziken|0 fnt\n|faint|p1a: Blaziken\n|\n|-weather|none\n|upkeep\n|\n|t:|1699839252\n|switch|p1a: Garchomp|Garchomp, M|100\/100\n|-status|p1a: Garchomp|psn\n|turn|19\n|\n|t:|1699839260\n|move|p1a: Garchomp|Earthquake|p2a: Dragalge\n|-supereffective|p2a: Dragalge\n|-damage|p2a: Dragalge|0 fnt\n|faint|p2a: Dragalge\n|\n|-damage|p1a: Garchomp|88\/100 psn|[from] psn\n|upkeep\n|\n|t:|1699839268\n|switch|p2a: Venusaur|Venusaur, M, shiny|100\/100\n|turn|20\n|\n|t:|1699839292\n|move|p1a: Garchomp|Dragon Rush|p2a: Venusaur\n|-damage|p2a: Venusaur|45\/100\n|move|p2a: Venusaur|Solar Beam||[still]\n|-prepare|p2a: Venusaur|Solar Beam\n|\n|-heal|p2a: Venusaur|51\/100|[from] item: Leftovers\n|-damage|p1a: Garchomp|76\/100 psn|[from] psn\n|upkeep\n|turn|21\n|\n|t:|1699839301\n|move|p1a: Garchomp|Dig||[still]\n|-prepare|p1a: Garchomp|Dig\n|move|p2a: Venusaur|Solar Beam|p1a: Garchomp|[from]lockedmove|[miss]\n|-miss|p2a: Venusaur|p1a: Garchomp\n|\n|-heal|p2a: Venusaur|57\/100|[from] item: Leftovers\n|-damage|p1a: Garchomp|64\/100 psn|[from] psn\n|upkeep\n|turn|22\n|\n|t:|1699839312\n|move|p1a: Garchomp|Dig|p2a: Venusaur|[from]lockedmove\n|-damage|p2a: Venusaur|8\/100\n|move|p2a: Venusaur|Sleep Powder|p1a: Garchomp|[miss]\n|-miss|p2a: Venusaur|p1a: Garchomp\n|\n|-heal|p2a: Venusaur|14\/100|[from] item: Leftovers\n|-damage|p1a: Garchomp|51\/100 psn|[from] psn\n|upkeep\n|turn|23\n|\n|t:|1699839322\n|move|p1a: Garchomp|Earthquake|p2a: Venusaur\n|-damage|p2a: Venusaur|0 fnt\n|faint|p2a: Venusaur\n|\n|-damage|p1a: Garchomp|39\/100 psn|[from] psn\n|upkeep\n|\n|t:|1699839328\n|switch|p2a: Eelektross|Eelektross, M|100\/100\n|turn|24\n|\n|t:|1699839337\n|move|p1a: Garchomp|Earthquake|p2a: Eelektross\n|-immune|p2a: Eelektross|[from] ability: Levitate\n|move|p2a: Eelektross|Dragon Pulse|p1a: Garchomp\n|-supereffective|p1a: Garchomp\n|-damage|p1a: Garchomp|0 fnt\n|faint|p1a: Garchomp\n|\n|win|Swagdestroyer76\n|raw|ArtemisTenshi's rating: 1077 &rarr; <strong>1055<\/strong><br \/>(-22 for losing)\n|raw|Swagdestroyer76's rating: 1068 &rarr; <strong>1099<\/strong><br \/>(+31 for winning)\n|l|\u2606ArtemisTenshi\n","uploadtime":1699839349,"views":5,"p1id":"artemistenshi","p2id":"swagdestroyer76","formatid":"gen9nationaldex","rating":1055,"private":0,"password":""}