{"id":"gen9nationaldex-1990556130","p1":"Delreynan","p2":"MaxMbs","format":"[Gen 9] National Dex","log":"|j|\u2606Delreynan\n|j|\u2606MaxMbs\n|t:|1699981140\n|gametype|singles\n|player|p1|Delreynan|cynthia-gen4|1063\n|player|p2|MaxMbs|266|1024\n|teamsize|p1|6\n|teamsize|p2|6\n|gen|9\n|tier|[Gen 9] National Dex\n|rated|\n|rule|HP Percentage Mod: HP is shown in percentages\n|rule|Endless Battle Clause: Forcing endless battles is banned\n|rule|OHKO Clause: OHKO moves are banned\n|rule|Evasion Clause: Evasion abilities, items, and moves are banned\n|rule|Evasion Abilities Clause: Evasion abilities are banned\n|rule|Evasion Items Clause: Evasion items are banned\n|rule|Evasion Moves Clause: Evasion moves are banned\n|rule|Species Clause: Limit one of each Pok\u00e9mon\n|rule|Sleep Clause Mod: Limit one foe put to sleep\n|clearpoke\n|poke|p1|Arbok, F|\n|poke|p1|Serperior, F|\n|poke|p1|Milotic, F|\n|poke|p1|Sandaconda, F|\n|poke|p1|Steelix, F|\n|poke|p1|Seviper, M|\n|poke|p2|Gothitelle, M|\n|poke|p2|Malamar, M|\n|poke|p2|Hydreigon, M|\n|poke|p2|Mismagius, M|\n|poke|p2|Chandelure, F|\n|poke|p2|Grimmsnarl, M|\n|teampreview\n|inactive|Battle timer is ON: inactive players will automatically lose when time's up. (requested by MaxMbs)\n|\n|t:|1699981145\n|start\n|switch|p1a: Milotic|Milotic, F|100\/100\n|switch|p2a: Mismagius|Mismagius, M|100\/100\n|turn|1\n|\n|t:|1699981152\n|move|p2a: Mismagius|Toxic|p1a: Milotic\n|-status|p1a: Milotic|tox\n|move|p1a: Milotic|Toxic|p2a: Mismagius\n|-status|p2a: Mismagius|tox\n|\n|-damage|p2a: Mismagius|94\/100 tox|[from] psn\n|-damage|p1a: Milotic|94\/100 tox|[from] psn\n|upkeep\n|turn|2\n|\n|t:|1699981160\n|switch|p2a: Wednesday Adams|Gothitelle, M|100\/100\n|-item|p1a: Milotic|Leftovers|[from] ability: Frisk|[of] p2a: Wednesday Adams|[identify]\n|switch|p1a: Steelix|Steelix, F|100\/100\n|\n|upkeep\n|turn|3\n|\n|t:|1699981172\n|detailschange|p1a: Steelix|Steelix-Mega, F\n|-mega|p1a: Steelix|Steelix|Steelixite\n|move|p2a: Wednesday Adams|Cosmic Power|p2a: Wednesday Adams\n|-boost|p2a: Wednesday Adams|def|1\n|-boost|p2a: Wednesday Adams|spd|1\n|move|p1a: Steelix|Heavy Slam|p2a: Wednesday Adams\n|-damage|p2a: Wednesday Adams|63\/100\n|\n|-heal|p2a: Wednesday Adams|69\/100|[from] item: Leftovers\n|upkeep\n|turn|4\n|\n|t:|1699981186\n|move|p2a: Wednesday Adams|Reflect|p2a: Wednesday Adams\n|-sidestart|p2: MaxMbs|Reflect\n|move|p1a: Steelix|Dragon Dance|p1a: Steelix\n|-boost|p1a: Steelix|atk|1\n|-boost|p1a: Steelix|spe|1\n|\n|-heal|p2a: Wednesday Adams|75\/100|[from] item: Leftovers\n|upkeep\n|turn|5\n|\n|t:|1699981190\n|move|p2a: Wednesday Adams|Calm Mind|p2a: Wednesday Adams\n|-boost|p2a: Wednesday Adams|spa|1\n|-boost|p2a: Wednesday Adams|spd|1\n|move|p1a: Steelix|Dragon Dance|p1a: Steelix\n|-boost|p1a: Steelix|atk|1\n|-boost|p1a: Steelix|spe|1\n|\n|-heal|p2a: Wednesday Adams|81\/100|[from] item: Leftovers\n|upkeep\n|turn|6\n|\n|t:|1699981194\n|move|p1a: Steelix|Dragon Dance|p1a: Steelix\n|-boost|p1a: Steelix|atk|1\n|-boost|p1a: Steelix|spe|1\n|move|p2a: Wednesday Adams|Cosmic Power|p2a: Wednesday Adams\n|-boost|p2a: Wednesday Adams|def|1\n|-boost|p2a: Wednesday Adams|spd|1\n|\n|-heal|p2a: Wednesday Adams|87\/100|[from] item: Leftovers\n|upkeep\n|turn|7\n|\n|t:|1699981199\n|move|p1a: Steelix|Heavy Slam|p2a: Wednesday Adams\n|-damage|p2a: Wednesday Adams|47\/100\n|move|p2a: Wednesday Adams|Cosmic Power|p2a: Wednesday Adams\n|-boost|p2a: Wednesday Adams|def|1\n|-boost|p2a: Wednesday Adams|spd|1\n|\n|-heal|p2a: Wednesday Adams|53\/100|[from] item: Leftovers\n|upkeep\n|turn|8\n|\n|t:|1699981206\n|move|p1a: Steelix|Earthquake|p2a: Wednesday Adams\n|-damage|p2a: Wednesday Adams|30\/100\n|move|p2a: Wednesday Adams|Stored Power|p1a: Steelix\n|-resisted|p1a: Steelix\n|-damage|p1a: Steelix|47\/100\n|\n|-heal|p2a: Wednesday Adams|36\/100|[from] item: Leftovers\n|-sideend|p2: MaxMbs|Reflect\n|upkeep\n|turn|9\n|\n|t:|1699981212\n|move|p1a: Steelix|Heavy Slam|p2a: Wednesday Adams\n|-damage|p2a: Wednesday Adams|0 fnt\n|faint|p2a: Wednesday Adams\n|\n|upkeep\n|\n|t:|1699981220\n|switch|p2a: Chandelure|Chandelure, F|100\/100\n|turn|10\n|\n|t:|1699981239\n|move|p2a: Chandelure|Energy Ball|p1a: Steelix\n|-damage|p1a: Steelix|15\/100\n|move|p1a: Steelix|Earthquake|p2a: Chandelure\n|-supereffective|p2a: Chandelure\n|-damage|p2a: Chandelure|0 fnt\n|faint|p2a: Chandelure\n|\n|upkeep\n|\n|t:|1699981249\n|switch|p2a: Mismagius|Mismagius, M|94\/100 tox\n|turn|11\n|\n|t:|1699981252\n|move|p2a: Mismagius|Pain Split|p1a: Steelix\n|-sethp|p1a: Steelix|42\/100|[from] move: Pain Split|[silent]\n|-sethp|p2a: Mismagius|57\/100 tox|[from] move: Pain Split\n|move|p1a: Steelix|Heavy Slam|p2a: Mismagius\n|-damage|p2a: Mismagius|0 fnt\n|faint|p2a: Mismagius\n|\n|upkeep\n|-message|MaxMbs forfeited.\n|\n|win|Delreynan\n|raw|Delreynan's rating: 1063 &rarr; <strong>1090<\/strong><br \/>(+27 for winning)\n|raw|MaxMbs's rating: 1024 &rarr; <strong>1012<\/strong><br \/>(-12 for losing)\n|l|\u2606MaxMbs\n","uploadtime":1699981260,"views":3,"p1id":"delreynan","p2id":"maxmbs","formatid":"gen9nationaldex","rating":1012,"private":0,"password":""}