{"id":"gen9nationaldex-1995604868","p1":"letsvon","p2":"BruhWhatLolOk","format":"[Gen 9] National Dex","log":"|html|<div class=\"broadcast-blue\"><strong>[Gen 9] National Dex is currently suspecting Sneasler! For information on how to participate check out the <a href=\"https:\/\/www.smogon.com\/forums\/threads\/sv-national-dex-suspect-8-just-dance.3731534\/\">suspect thread<\/a>.<\/strong><\/div>\n|j|\u2606letsvon\n|j|\u2606BruhWhatLolOk\n|t:|1700586805\n|gametype|singles\n|player|p1|letsvon|shadowtriad|1187\n|player|p2|BruhWhatLolOk|birch|1143\n|teamsize|p1|6\n|teamsize|p2|6\n|gen|9\n|tier|[Gen 9] National Dex\n|rated|\n|rule|HP Percentage Mod: HP is shown in percentages\n|rule|Endless Battle Clause: Forcing endless battles is banned\n|rule|OHKO Clause: OHKO moves are banned\n|rule|Evasion Clause: Evasion abilities, items, and moves are banned\n|rule|Evasion Abilities Clause: Evasion abilities are banned\n|rule|Evasion Items Clause: Evasion items are banned\n|rule|Evasion Moves Clause: Evasion moves are banned\n|rule|Species Clause: Limit one of each Pok\u00e9mon\n|rule|Sleep Clause Mod: Limit one foe put to sleep\n|clearpoke\n|poke|p1|Glimmora, F|\n|poke|p1|Altaria, M|\n|poke|p1|Skeledirge, M|\n|poke|p1|Clodsire, F|\n|poke|p1|Ninetales-Alola, F|\n|poke|p1|Samurott-Hisui, M|\n|poke|p2|Charizard, F|\n|poke|p2|Blastoise, F|\n|poke|p2|Venusaur, M|\n|poke|p2|Jolteon, F|\n|poke|p2|Golduck, M|\n|poke|p2|Dragonair, M|\n|teampreview\n|inactive|Battle timer is ON: inactive players will automatically lose when time's up. (requested by BruhWhatLolOk)\n|\n|t:|1700586813\n|start\n|switch|p1a: kitsune|Ninetales-Alola, F|100\/100\n|switch|p2a: Dragonair|Dragonair, M|100\/100\n|-weather|Snow|[from] ability: Snow Warning|[of] p1a: kitsune\n|turn|1\n|\n|t:|1700586828\n|switch|p2a: Blastoise|Blastoise, F|100\/100\n|move|p1a: kitsune|Blizzard|p2a: Blastoise\n|-resisted|p2a: Blastoise\n|-damage|p2a: Blastoise|80\/100\n|\n|-weather|Snow|[upkeep]\n|-heal|p2a: Blastoise|86\/100|[from] item: Leftovers\n|upkeep\n|turn|2\n|\n|t:|1700586840\n|-terastallize|p1a: kitsune|Ice\n|move|p1a: kitsune|Freeze-Dry|p2a: Blastoise\n|-supereffective|p2a: Blastoise\n|-damage|p2a: Blastoise|22\/100\n|move|p2a: Blastoise|Toxic|p1a: kitsune\n|-status|p1a: kitsune|tox\n|\n|-weather|Snow|[upkeep]\n|-heal|p2a: Blastoise|28\/100|[from] item: Leftovers\n|-damage|p1a: kitsune|94\/100 tox|[from] psn\n|upkeep\n|turn|3\n|inactive|BruhWhatLolOk has 120 seconds left.\n|\n|t:|1700586881\n|switch|p2a: Charizard|Charizard, F|100\/100\n|move|p1a: kitsune|Freeze-Dry|p2a: Charizard\n|-damage|p2a: Charizard|53\/100\n|\n|-weather|Snow|[upkeep]\n|-damage|p1a: kitsune|82\/100 tox|[from] psn\n|upkeep\n|turn|4\n|\n|t:|1700586899\n|detailschange|p2a: Charizard|Charizard-Mega-X, F\n|-mega|p2a: Charizard|Charizard|Charizardite X\n|move|p2a: Charizard|Dragon Dance|p2a: Charizard\n|-boost|p2a: Charizard|atk|1\n|-boost|p2a: Charizard|spe|1\n|move|p1a: kitsune|Aurora Veil|p1a: kitsune\n|-sidestart|p1: letsvon|move: Aurora Veil\n|\n|-weather|Snow|[upkeep]\n|-damage|p1a: kitsune|64\/100 tox|[from] psn\n|upkeep\n|turn|5\n|\n|t:|1700586911\n|move|p2a: Charizard|Blaze Kick|p1a: kitsune\n|-supereffective|p1a: kitsune\n|-damage|p1a: kitsune|0 fnt\n|faint|p1a: kitsune\n|\n|-weather|none\n|upkeep\n|\n|t:|1700586917\n|switch|p1a: hop je pose ca la|Glimmora, F, shiny|100\/100\n|turn|6\n|\n|t:|1700586920\n|move|p2a: Charizard|Earthquake|p1a: hop je pose ca la\n|-supereffective|p1a: hop je pose ca la\n|-enditem|p1a: hop je pose ca la|Focus Sash\n|-damage|p1a: hop je pose ca la|1\/100\n|-activate|p1a: hop je pose ca la|ability: Toxic Debris\n|-sidestart|p2: BruhWhatLolOk|move: Toxic Spikes\n|move|p1a: hop je pose ca la|Power Gem|p2a: Charizard\n|-supereffective|p2a: Charizard\n|-damage|p2a: Charizard|0 fnt\n|faint|p2a: Charizard\n|\n|upkeep\n|\n|t:|1700586927\n|switch|p2a: Blastoise|Blastoise, F|28\/100\n|-status|p2a: Blastoise|psn\n|turn|7\n|\n|t:|1700586955\n|switch|p1a: white thunder|Samurott-Hisui, M, shiny|100\/100\n|move|p2a: Blastoise|Rapid Spin|p1a: white thunder\n|-damage|p1a: white thunder|96\/100\n|-boost|p2a: Blastoise|spe|1\n|-sideend|p2: BruhWhatLolOk|Toxic Spikes|[from] move: Rapid Spin|[of] p2a: Blastoise\n|\n|-heal|p2a: Blastoise|34\/100 psn|[from] item: Leftovers\n|-damage|p2a: Blastoise|22\/100 psn|[from] psn\n|upkeep\n|turn|8\n|\n|t:|1700586969\n|switch|p1a: spouishy|Clodsire, F|100\/100\n|move|p2a: Blastoise|Toxic|p1a: spouishy\n|-immune|p1a: spouishy\n|\n|-heal|p2a: Blastoise|28\/100 psn|[from] item: Leftovers\n|-damage|p2a: Blastoise|16\/100 psn|[from] psn\n|upkeep\n|turn|9\n|\n|t:|1700586980\n|move|p1a: spouishy|Amnesia|p1a: spouishy\n|-boost|p1a: spouishy|spd|2\n|move|p2a: Blastoise|Dragon Tail|p1a: spouishy\n|-crit|p1a: spouishy\n|-damage|p1a: spouishy|85\/100\n|drag|p1a: hop je pose ca la|Glimmora, F, shiny|1\/100\n|\n|-heal|p2a: Blastoise|22\/100 psn|[from] item: Leftovers\n|-damage|p2a: Blastoise|9\/100 psn|[from] psn\n|upkeep\n|turn|10\n|\n|t:|1700586993\n|switch|p1a: spouishy|Clodsire, F|85\/100\n|move|p2a: Blastoise|Rapid Spin|p1a: spouishy\n|-damage|p1a: spouishy|81\/100\n|-boost|p2a: Blastoise|spe|1\n|\n|-heal|p2a: Blastoise|15\/100 psn|[from] item: Leftovers\n|-damage|p2a: Blastoise|3\/100 psn|[from] psn\n|upkeep\n|turn|11\n|\n|t:|1700587002\n|move|p1a: spouishy|Recover|p1a: spouishy\n|-heal|p1a: spouishy|100\/100\n|move|p2a: Blastoise|Dragon Tail|p1a: spouishy\n|-damage|p1a: spouishy|96\/100\n|drag|p1a: golden chicken|Altaria, M, shiny|100\/100\n|\n|-heal|p2a: Blastoise|9\/100 psn|[from] item: Leftovers\n|-damage|p2a: Blastoise|0 fnt|[from] psn\n|faint|p2a: Blastoise\n|-sideend|p1: letsvon|move: Aurora Veil\n|upkeep\n|\n|t:|1700587012\n|switch|p2a: Dragonair|Dragonair, M|100\/100\n|turn|12\n|\n|t:|1700587024\n|move|p1a: golden chicken|Moonblast|p2a: Dragonair\n|-supereffective|p2a: Dragonair\n|-damage|p2a: Dragonair|75\/100\n|-unboost|p2a: Dragonair|spa|1\n|move|p2a: Dragonair|Dragon Dance|p2a: Dragonair\n|-boost|p2a: Dragonair|atk|1\n|-boost|p2a: Dragonair|spe|1\n|\n|upkeep\n|turn|13\n|\n|t:|1700587039\n|move|p1a: golden chicken|Ice Beam|p2a: Dragonair\n|-supereffective|p2a: Dragonair\n|-damage|p2a: Dragonair|50\/100\n|move|p2a: Dragonair|Rest|p2a: Dragonair\n|-status|p2a: Dragonair|slp|[from] move: Rest\n|-heal|p2a: Dragonair|100\/100 slp|[silent]\n|\n|upkeep\n|turn|14\n|\n|t:|1700587047\n|switch|p1a: grocroco|Skeledirge, M|100\/100\n|cant|p2a: Dragonair|slp\n|move|p2a: Dragonair|Sleep Talk|p2a: Dragonair\n|move|p2a: Dragonair|Rest||[from]move: Sleep Talk|[still]\n|-fail|p2a: Dragonair\n|\n|upkeep\n|turn|15\n|\n|t:|1700587061\n|cant|p2a: Dragonair|slp\n|move|p2a: Dragonair|Sleep Talk|p2a: Dragonair\n|move|p2a: Dragonair|Dragon Dance|p2a: Dragonair|[from]move: Sleep Talk\n|-boost|p2a: Dragonair|atk|1\n|-boost|p2a: Dragonair|spe|1\n|move|p1a: grocroco|Will-O-Wisp|p2a: Dragonair|[miss]\n|-miss|p1a: grocroco|p2a: Dragonair\n|\n|upkeep\n|turn|16\n|\n|t:|1700587073\n|-curestatus|p2a: Dragonair|slp|[msg]\n|move|p2a: Dragonair|Rest|p2a: Dragonair\n|-fail|p2a: Dragonair|heal\n|move|p1a: grocroco|Torch Song|p2a: Dragonair\n|-resisted|p2a: Dragonair\n|-damage|p2a: Dragonair|85\/100\n|-boost|p1a: grocroco|spa|1\n|\n|upkeep\n|turn|17\n|\n|t:|1700587085\n|move|p2a: Dragonair|Rest|p2a: Dragonair\n|-status|p2a: Dragonair|slp|[from] move: Rest\n|-heal|p2a: Dragonair|100\/100 slp|[silent]\n|move|p1a: grocroco|Torch Song|p2a: Dragonair\n|-resisted|p2a: Dragonair\n|-damage|p2a: Dragonair|77\/100 slp\n|-boost|p1a: grocroco|spa|1\n|\n|upkeep\n|turn|18\n|\n|t:|1700587097\n|cant|p2a: Dragonair|slp\n|move|p2a: Dragonair|Sleep Talk|p2a: Dragonair\n|move|p2a: Dragonair|Dragon Tail|p1a: grocroco|[from]move: Sleep Talk\n|-damage|p1a: grocroco|83\/100\n|drag|p1a: white thunder|Samurott-Hisui, M, shiny|96\/100\n|\n|upkeep\n|turn|19\n|\n|t:|1700587109\n|cant|p2a: Dragonair|slp\n|move|p2a: Dragonair|Sleep Talk|p2a: Dragonair\n|move|p2a: Dragonair|Rest||[from]move: Sleep Talk|[still]\n|-fail|p2a: Dragonair\n|move|p1a: white thunder|Sacred Sword|p2a: Dragonair\n|-damage|p2a: Dragonair|46\/100 slp\n|\n|upkeep\n|turn|20\n|\n|t:|1700587118\n|-curestatus|p2a: Dragonair|slp|[msg]\n|move|p2a: Dragonair|Rest|p2a: Dragonair\n|-status|p2a: Dragonair|slp|[from] move: Rest\n|-heal|p2a: Dragonair|100\/100 slp|[silent]\n|move|p1a: white thunder|Sacred Sword|p2a: Dragonair\n|-damage|p2a: Dragonair|72\/100 slp\n|\n|upkeep\n|turn|21\n|\n|t:|1700587129\n|cant|p2a: Dragonair|slp\n|move|p2a: Dragonair|Sleep Talk|p2a: Dragonair\n|move|p2a: Dragonair|Dragon Tail|p1a: white thunder|[from]move: Sleep Talk\n|-damage|p1a: white thunder|59\/100\n|drag|p1a: golden chicken|Altaria, M, shiny|100\/100\n|\n|upkeep\n|turn|22\n|\n|t:|1700587141\n|cant|p2a: Dragonair|slp\n|move|p2a: Dragonair|Sleep Talk|p2a: Dragonair\n|move|p2a: Dragonair|Dragon Tail|p1a: golden chicken|[from]move: Sleep Talk\n|-supereffective|p1a: golden chicken\n|-damage|p1a: golden chicken|19\/100\n|drag|p1a: grocroco|Skeledirge, M|83\/100\n|\n|-heal|p1a: grocroco|89\/100|[from] item: Leftovers\n|upkeep\n|turn|23\n|-message|letsvon forfeited.\n|\n|win|BruhWhatLolOk\n|raw|letsvon's rating: 1187 &rarr; <strong>1159<\/strong><br \/>(-28 for losing)\n|raw|BruhWhatLolOk's rating: 1143 &rarr; <strong>1171<\/strong><br \/>(+28 for winning)\n|l|\u2606letsvon\n","uploadtime":1700587153,"views":0,"p1id":"letsvon","p2id":"bruhwhatlolok","formatid":"gen9nationaldex","rating":1159,"private":0,"password":""}