{"id":"gen9nationaldex-1995058983","p1":"RARMolina","p2":"lolowtf09","format":"[Gen 9] National Dex","log":"|html|<div class=\"broadcast-blue\"><strong>[Gen 9] National Dex is currently suspecting Sneasler! For information on how to participate check out the <a href=\"https:\/\/www.smogon.com\/forums\/threads\/sv-national-dex-suspect-8-just-dance.3731534\/\">suspect thread<\/a>.<\/strong><\/div>\n|j|\u2606RARMolina\n|j|\u2606lolowtf09\n|t:|1700518108\n|gametype|singles\n|player|p1|RARMolina|phorus-unite|\n|player|p2|lolowtf09|burgh|\n|teamsize|p1|6\n|teamsize|p2|6\n|gen|9\n|tier|[Gen 9] National Dex\n|rule|HP Percentage Mod: HP is shown in percentages\n|rule|Endless Battle Clause: Forcing endless battles is banned\n|rule|OHKO Clause: OHKO moves are banned\n|rule|Evasion Clause: Evasion abilities, items, and moves are banned\n|rule|Evasion Abilities Clause: Evasion abilities are banned\n|rule|Evasion Items Clause: Evasion items are banned\n|rule|Evasion Moves Clause: Evasion moves are banned\n|rule|Species Clause: Limit one of each Pok\u00e9mon\n|rule|Sleep Clause Mod: Limit one foe put to sleep\n|clearpoke\n|poke|p1|Empoleon, M|\n|poke|p1|Garchomp, M|\n|poke|p1|Pelipper, M|\n|poke|p1|Jellicent, F|\n|poke|p1|Golisopod, M|\n|poke|p1|Swampert, F|\n|poke|p2|Victini|\n|poke|p2|Ogerpon-Wellspring, F|\n|poke|p2|Sandy Shocks|\n|poke|p2|Bellibolt, F|\n|poke|p2|Venusaur, M|\n|poke|p2|Skarmory, F|\n|teampreview\n|c|\u2606lolowtf09|que miedo\n|c|\u2606RARMolina|A\n|\n|t:|1700518135\n|start\n|switch|p1a: Jatziri|Swampert, F|100\/100\n|switch|p2a: Psicatosis|Skarmory, F, shiny|100\/100\n|turn|1\n|\n|t:|1700518143\n|detailschange|p1a: Jatziri|Swampert-Mega, F\n|-mega|p1a: Jatziri|Swampert|Swampertite\n|move|p1a: Jatziri|Waterfall|p2a: Psicatosis\n|-damage|p2a: Psicatosis|72\/100\n|move|p2a: Psicatosis|Stealth Rock|p1a: Jatziri\n|-sidestart|p1: RARMolina|move: Stealth Rock\n|\n|-heal|p2a: Psicatosis|78\/100|[from] item: Leftovers\n|upkeep\n|turn|2\n|c|\u2606lolowtf09|que?\n|c|\u2606lolowtf09|porque'\n|c|\u2606lolowtf09|y pelipper\n|\n|t:|1700518165\n|move|p1a: Jatziri|Flip Turn|p2a: Psicatosis\n|-damage|p2a: Psicatosis|58\/100\n|\n|t:|1700518173\n|switch|p1a: Srta. Tess|Jellicent, F|100\/100|[from] Flip Turn\n|-damage|p1a: Srta. Tess|88\/100|[from] Stealth Rock\n|move|p2a: Psicatosis|Brave Bird|p1a: Srta. Tess\n|-damage|p1a: Srta. Tess|55\/100\n|-damage|p2a: Psicatosis|47\/100|[from] Recoil\n|\n|-heal|p2a: Psicatosis|53\/100|[from] item: Leftovers\n|-heal|p1a: Srta. Tess|61\/100|[from] item: Leftovers\n|upkeep\n|turn|3\n|\n|t:|1700518183\n|move|p2a: Psicatosis|Roost|p2a: Psicatosis\n|-heal|p2a: Psicatosis|100\/100\n|-singleturn|p2a: Psicatosis|move: Roost\n|move|p1a: Srta. Tess|Scald|p2a: Psicatosis\n|-damage|p2a: Psicatosis|66\/100\n|\n|-heal|p2a: Psicatosis|72\/100|[from] item: Leftovers\n|-heal|p1a: Srta. Tess|68\/100|[from] item: Leftovers\n|upkeep\n|turn|4\n|\n|t:|1700518192\n|move|p2a: Psicatosis|Brave Bird|p1a: Srta. Tess\n|-damage|p1a: Srta. Tess|36\/100\n|-damage|p2a: Psicatosis|61\/100|[from] Recoil\n|move|p1a: Srta. Tess|Taunt|p2a: Psicatosis\n|-start|p2a: Psicatosis|move: Taunt\n|\n|-heal|p2a: Psicatosis|67\/100|[from] item: Leftovers\n|-heal|p1a: Srta. Tess|42\/100|[from] item: Leftovers\n|upkeep\n|turn|5\n|\n|t:|1700518201\n|move|p2a: Psicatosis|Brave Bird|p1a: Srta. Tess\n|-damage|p1a: Srta. Tess|8\/100\n|-start|p2a: Psicatosis|Disable|Brave Bird|[from] ability: Cursed Body|[of] p1a: Srta. Tess\n|-damage|p2a: Psicatosis|56\/100|[from] Recoil\n|move|p1a: Srta. Tess|Recover|p1a: Srta. Tess\n|-heal|p1a: Srta. Tess|59\/100\n|\n|-heal|p2a: Psicatosis|62\/100|[from] item: Leftovers\n|-heal|p1a: Srta. Tess|65\/100|[from] item: Leftovers\n|upkeep\n|turn|6\n|\n|t:|1700518205\n|-activate|p2a: Psicatosis|move: Struggle\n|move|p2a: Psicatosis|Struggle|p1a: Srta. Tess\n|-damage|p1a: Srta. Tess|57\/100\n|-damage|p2a: Psicatosis|37\/100|[from] recoil\n|move|p1a: Srta. Tess|Scald|p2a: Psicatosis\n|-damage|p2a: Psicatosis|3\/100\n|\n|-heal|p2a: Psicatosis|9\/100|[from] item: Leftovers\n|-heal|p1a: Srta. Tess|63\/100|[from] item: Leftovers\n|upkeep\n|turn|7\n|\n|t:|1700518211\n|-activate|p2a: Psicatosis|move: Struggle\n|move|p2a: Psicatosis|Struggle|p1a: Srta. Tess\n|-damage|p1a: Srta. Tess|53\/100\n|-damage|p2a: Psicatosis|0 fnt|[from] recoil\n|faint|p2a: Psicatosis\n|move|p1a: Srta. Tess|Shadow Ball|p2: Psicatosis|[notarget]\n|-fail|p1a: Srta. Tess\n|\n|-heal|p1a: Srta. Tess|59\/100|[from] item: Leftovers\n|upkeep\n|\n|t:|1700518227\n|switch|p2a: Sandy Cocks|Sandy Shocks|100\/100\n|-enditem|p2a: Sandy Cocks|Booster Energy\n|-activate|p2a: Sandy Cocks|ability: Protosynthesis|[fromitem]\n|-start|p2a: Sandy Cocks|protosynthesisspe\n|turn|8\n|\n|t:|1700518241\n|move|p2a: Sandy Cocks|Thunderbolt|p1a: Srta. Tess\n|-supereffective|p1a: Srta. Tess\n|-damage|p1a: Srta. Tess|0 fnt\n|faint|p1a: Srta. Tess\n|\n|upkeep\n|\n|t:|1700518245\n|switch|p1a: Weater report|Pelipper, M|100\/100\n|-damage|p1a: Weater report|75\/100|[from] Stealth Rock\n|-weather|RainDance|[from] ability: Drizzle|[of] p1a: Weater report\n|turn|9\n|\n|t:|1700518251\n|switch|p1a: Bocho|Garchomp, M|100\/100\n|-damage|p1a: Bocho|94\/100|[from] Stealth Rock\n|move|p2a: Sandy Cocks|Thunderbolt|p1a: Bocho\n|-immune|p1a: Bocho\n|\n|-weather|RainDance|[upkeep]\n|upkeep\n|turn|10\n|\n|t:|1700518256\n|-terastallize|p2a: Sandy Cocks|Ice\n|move|p2a: Sandy Cocks|Tera Blast|p1a: Bocho|[anim] Tera Blast Ice\n|-supereffective|p1a: Bocho\n|-damage|p1a: Bocho|0 fnt\n|faint|p1a: Bocho\n|\n|-weather|RainDance|[upkeep]\n|upkeep\n|\n|t:|1700518267\n|switch|p1a: Jatziri|Swampert-Mega, F|100\/100\n|-damage|p1a: Jatziri|94\/100|[from] Stealth Rock\n|turn|11\n|\n|t:|1700518272\n|move|p1a: Jatziri|Earthquake|p2a: Sandy Cocks\n|-damage|p2a: Sandy Cocks|41\/100\n|move|p2a: Sandy Cocks|Tera Blast|p1a: Jatziri|[anim] Tera Blast Ice\n|-damage|p1a: Jatziri|61\/100\n|\n|-weather|RainDance|[upkeep]\n|upkeep\n|turn|12\n|\n|t:|1700518278\n|move|p1a: Jatziri|Earthquake|p2a: Sandy Cocks\n|-damage|p2a: Sandy Cocks|0 fnt\n|faint|p2a: Sandy Cocks\n|-end|p2a: Sandy Cocks|Protosynthesis|[silent]\n|\n|-weather|RainDance|[upkeep]\n|upkeep\n|\n|t:|1700518282\n|switch|p2a: Tuberculosis|Bellibolt, F|100\/100\n|turn|13\n|\n|t:|1700518293\n|move|p1a: Jatziri|Earthquake|p2a: Tuberculosis\n|-supereffective|p2a: Tuberculosis\n|-damage|p2a: Tuberculosis|0 fnt\n|faint|p2a: Tuberculosis\n|\n|-weather|RainDance|[upkeep]\n|upkeep\n|\n|t:|1700518302\n|switch|p2a: Depresion|Ogerpon-Wellspring, F|100\/100\n|turn|14\n|\n|t:|1700518311\n|move|p1a: Jatziri|Ice Punch|p2a: Depresion\n|-damage|p2a: Depresion|62\/100\n|move|p2a: Depresion|Horn Leech|p1a: Jatziri\n|-supereffective|p1a: Jatziri\n|-damage|p1a: Jatziri|0 fnt\n|-heal|p2a: Depresion|97\/100|[from] drain|[of] p1a: Jatziri\n|faint|p1a: Jatziri\n|\n|-weather|RainDance|[upkeep]\n|upkeep\n|\n|t:|1700518329\n|switch|p1a: Weater report|Pelipper, M|75\/100\n|-damage|p1a: Weater report|50\/100|[from] Stealth Rock\n|turn|15\n|\n|t:|1700518342\n|move|p2a: Depresion|Knock Off|p1a: Weater report\n|-damage|p1a: Weater report|23\/100\n|-enditem|p1a: Weater report|Damp Rock|[from] move: Knock Off|[of] p2a: Depresion\n|move|p1a: Weater report|Hurricane|p2a: Depresion\n|-supereffective|p2a: Depresion\n|-damage|p2a: Depresion|12\/100\n|\n|-weather|RainDance|[upkeep]\n|upkeep\n|turn|16\n|\n|t:|1700518350\n|move|p2a: Depresion|Horn Leech|p1a: Weater report\n|-damage|p1a: Weater report|0 fnt\n|-heal|p2a: Depresion|24\/100|[from] drain|[of] p1a: Weater report\n|faint|p1a: Weater report\n|\n|-weather|none\n|upkeep\n|\n|t:|1700518355\n|switch|p1a: Shredder|Golisopod, M|100\/100\n|-damage|p1a: Shredder|76\/100|[from] Stealth Rock\n|turn|17\n|\n|t:|1700518371\n|move|p1a: Shredder|First Impression|p2a: Depresion\n|-supereffective|p2a: Depresion\n|-damage|p2a: Depresion|0 fnt\n|faint|p2a: Depresion\n|\n|upkeep\n|c|\u2606lolowtf09|tendria que haberle puesto spiky shield\n|\n|t:|1700518391\n|switch|p2a: YOU DIE|Victini|100\/100\n|turn|18\n|\n|t:|1700518403\n|-terastallize|p1a: Shredder|Steel\n|move|p2a: YOU DIE|Fusion Bolt|p1a: Shredder\n|-damage|p1a: Shredder|57\/100\n|move|p1a: Shredder|Razor Shell|p2a: YOU DIE\n|-supereffective|p2a: YOU DIE\n|-damage|p2a: YOU DIE|28\/100\n|\n|upkeep\n|turn|19\n|\n|t:|1700518416\n|switch|p2a: Drogadiccion|Venusaur, M|100\/100\n|move|p1a: Shredder|Sucker Punch||[still]\n|-fail|p1a: Shredder\n|\n|upkeep\n|turn|20\n|\n|t:|1700518423\n|switch|p1a: Poseidon|Empoleon, M|100\/100\n|-damage|p1a: Poseidon|94\/100|[from] Stealth Rock\n|detailschange|p2a: Drogadiccion|Venusaur-Mega, M\n|-mega|p2a: Drogadiccion|Venusaur|Venusaurite\n|move|p2a: Drogadiccion|Earth Power|p1a: Poseidon\n|-supereffective|p1a: Poseidon\n|-damage|p1a: Poseidon|28\/100\n|-enditem|p1a: Poseidon|Weakness Policy\n|-boost|p1a: Poseidon|atk|2|[from] item: Weakness Policy\n|-boost|p1a: Poseidon|spa|2|[from] item: Weakness Policy\n|\n|upkeep\n|turn|21\n|\n|t:|1700518431\n|move|p2a: Drogadiccion|Earth Power|p1a: Poseidon\n|-supereffective|p1a: Poseidon\n|-damage|p1a: Poseidon|0 fnt\n|faint|p1a: Poseidon\n|\n|upkeep\n|\n|t:|1700518434\n|switch|p1a: Shredder|Golisopod, M, tera:Steel|57\/100\n|-damage|p1a: Shredder|50\/100|[from] Stealth Rock\n|turn|22\n|\n|t:|1700518440\n|move|p2a: Drogadiccion|Earth Power|p1a: Shredder\n|-supereffective|p1a: Shredder\n|-damage|p1a: Shredder|4\/100\n|move|p1a: Shredder|Leech Life|p2a: Drogadiccion\n|-damage|p2a: Drogadiccion|58\/100\n|-heal|p1a: Shredder|26\/100|[from] drain|[of] p2a: Drogadiccion\n|\n|upkeep\n|turn|23\n|\n|t:|1700518449\n|move|p1a: Shredder|Sucker Punch|p2a: Drogadiccion\n|-damage|p2a: Drogadiccion|36\/100\n|move|p2a: Drogadiccion|Earth Power|p1a: Shredder\n|-supereffective|p1a: Shredder\n|-damage|p1a: Shredder|0 fnt\n|faint|p1a: Shredder\n|\n|win|lolowtf09\n|c|\u2606RARMolina|Gg\n|c|\u2606lolowtf09|gg\n|l|\u2606RARMolina\n","uploadtime":1700518487,"views":3,"p1id":"rarmolina","p2id":"lolowtf09","formatid":"gen9nationaldex","rating":0,"private":0,"password":""}