{"id":"gen9nationaldex-1992802905","p1":"operetor","p2":"SIKERNB","format":"[Gen 9] National Dex","log":"|j|\u2606operetor\n|j|\u2606SIKERNB\n|t:|1700236780\n|gametype|singles\n|player|p1|operetor|101|1395\n|player|p2|SIKERNB|266|1355\n|teamsize|p1|6\n|teamsize|p2|6\n|gen|9\n|tier|[Gen 9] National Dex\n|rated|\n|rule|HP Percentage Mod: HP is shown in percentages\n|rule|Endless Battle Clause: Forcing endless battles is banned\n|rule|OHKO Clause: OHKO moves are banned\n|rule|Evasion Clause: Evasion abilities, items, and moves are banned\n|rule|Evasion Abilities Clause: Evasion abilities are banned\n|rule|Evasion Items Clause: Evasion items are banned\n|rule|Evasion Moves Clause: Evasion moves are banned\n|rule|Species Clause: Limit one of each Pok\u00e9mon\n|rule|Sleep Clause Mod: Limit one foe put to sleep\n|clearpoke\n|poke|p1|Hydreigon, M|\n|poke|p1|Ursaluna, M|\n|poke|p1|Aegislash, M|\n|poke|p1|Ninetales-Alola, F|\n|poke|p1|Tangrowth, M|\n|poke|p1|Rotom-Wash|\n|poke|p2|Iron Valiant|\n|poke|p2|Alomomola, F|\n|poke|p2|Kommo-o, F|\n|poke|p2|Heatran, F|\n|poke|p2|Banette, F|\n|poke|p2|Zapdos|\n|teampreview\n|inactive|Battle timer is ON: inactive players will automatically lose when time's up. (requested by operetor)\n|\n|t:|1700236790\n|start\n|switch|p1a: Ninetales|Ninetales-Alola, F|100\/100\n|switch|p2a: Heatran|Heatran, F, shiny|100\/100\n|-weather|Snow|[from] ability: Snow Warning|[of] p1a: Ninetales\n|turn|1\n|\n|t:|1700236796\n|move|p1a: Ninetales|Aurora Veil|p1a: Ninetales\n|-sidestart|p1: operetor|move: Aurora Veil\n|move|p2a: Heatran|Stealth Rock|p1a: Ninetales\n|-sidestart|p1: operetor|move: Stealth Rock\n|\n|-weather|Snow|[upkeep]\n|upkeep\n|turn|2\n|\n|t:|1700236801\n|move|p1a: Ninetales|Encore|p2a: Heatran\n|-start|p2a: Heatran|Encore\n|move|p2a: Heatran|Stealth Rock||[still]\n|-fail|p2a: Heatran\n|\n|-weather|Snow|[upkeep]\n|upkeep\n|turn|3\n|\n|t:|1700236813\n|switch|p1a: Rotom|Rotom-Wash|100\/100\n|-damage|p1a: Rotom|88\/100|[from] Stealth Rock\n|switch|p2a: Iron Valiant|Iron Valiant|100\/100\n|-enditem|p2a: Iron Valiant|Booster Energy\n|-activate|p2a: Iron Valiant|ability: Quark Drive|[fromitem]\n|-start|p2a: Iron Valiant|quarkdrivespe\n|\n|-weather|Snow|[upkeep]\n|-heal|p1a: Rotom|94\/100|[from] item: Leftovers\n|upkeep\n|turn|4\n|\n|t:|1700236824\n|move|p2a: Iron Valiant|Calm Mind|p2a: Iron Valiant\n|-boost|p2a: Iron Valiant|spa|1\n|-boost|p2a: Iron Valiant|spd|1\n|move|p1a: Rotom|Will-O-Wisp|p2a: Iron Valiant\n|-status|p2a: Iron Valiant|brn\n|\n|-weather|Snow|[upkeep]\n|-heal|p1a: Rotom|99\/100|[from] item: Leftovers\n|-damage|p2a: Iron Valiant|94\/100 brn|[from] brn\n|upkeep\n|turn|5\n|\n|t:|1700236830\n|move|p2a: Iron Valiant|Encore|p1a: Rotom\n|-start|p1a: Rotom|Encore\n|move|p1a: Rotom|Will-O-Wisp|p2a: Iron Valiant|[miss]\n|-miss|p1a: Rotom|p2a: Iron Valiant\n|\n|-weather|none\n|-heal|p1a: Rotom|100\/100|[from] item: Leftovers\n|-damage|p2a: Iron Valiant|88\/100 brn|[from] brn\n|upkeep\n|turn|6\n|\n|t:|1700236838\n|switch|p1a: Aegislash|Aegislash, M, shiny|100\/100\n|-damage|p1a: Aegislash|94\/100|[from] Stealth Rock\n|move|p2a: Iron Valiant|Calm Mind|p2a: Iron Valiant\n|-boost|p2a: Iron Valiant|spa|1\n|-boost|p2a: Iron Valiant|spd|1\n|\n|-heal|p1a: Aegislash|100\/100|[from] item: Leftovers\n|-damage|p2a: Iron Valiant|82\/100 brn|[from] brn\n|upkeep\n|turn|7\n|\n|t:|1700236851\n|switch|p1a: Rotom|Rotom-Wash|100\/100\n|-damage|p1a: Rotom|88\/100|[from] Stealth Rock\n|-terastallize|p2a: Iron Valiant|Poison\n|move|p2a: Iron Valiant|Stored Power|p1a: Rotom\n|-damage|p1a: Rotom|53\/100\n|\n|-heal|p1a: Rotom|59\/100|[from] item: Leftovers\n|-damage|p2a: Iron Valiant|76\/100 brn|[from] brn\n|upkeep\n|turn|8\n|\n|t:|1700236861\n|move|p2a: Iron Valiant|Calm Mind|p2a: Iron Valiant\n|-boost|p2a: Iron Valiant|spa|1\n|-boost|p2a: Iron Valiant|spd|1\n|move|p1a: Rotom|Defog|p2a: Iron Valiant\n|-unboost|p2a: Iron Valiant|evasion|1\n|-sideend|p1: operetor|Stealth Rock|[from] move: Defog|[of] p1a: Rotom\n|\n|-heal|p1a: Rotom|65\/100|[from] item: Leftovers\n|-damage|p2a: Iron Valiant|69\/100 brn|[from] brn\n|-sideend|p1: operetor|move: Aurora Veil\n|upkeep\n|turn|9\n|\n|t:|1700236875\n|move|p2a: Iron Valiant|Stored Power|p1a: Rotom\n|-damage|p1a: Rotom|0 fnt\n|faint|p1a: Rotom\n|\n|-damage|p2a: Iron Valiant|63\/100 brn|[from] brn\n|upkeep\n|\n|t:|1700236879\n|switch|p1a: Ursaluna|Ursaluna, M|100\/100\n|turn|10\n|\n|t:|1700236884\n|-terastallize|p1a: Ursaluna|Normal\n|move|p2a: Iron Valiant|Moonblast|p1a: Ursaluna\n|-damage|p1a: Ursaluna|0 fnt\n|faint|p1a: Ursaluna\n|\n|-damage|p2a: Iron Valiant|57\/100 brn|[from] brn\n|upkeep\n|\n|t:|1700236889\n|switch|p1a: Hydreigon|Hydreigon, M|100\/100\n|turn|11\n|\n|t:|1700236896\n|move|p2a: Iron Valiant|Moonblast|p1a: Hydreigon\n|-supereffective|p1a: Hydreigon\n|-damage|p1a: Hydreigon|0 fnt\n|faint|p1a: Hydreigon\n|\n|-damage|p2a: Iron Valiant|51\/100 brn|[from] brn\n|upkeep\n|\n|t:|1700236898\n|switch|p1a: Tangrowth|Tangrowth, M|100\/100\n|turn|12\n|\n|t:|1700236905\n|move|p2a: Iron Valiant|Stored Power|p1a: Tangrowth\n|-damage|p1a: Tangrowth|0 fnt\n|faint|p1a: Tangrowth\n|\n|-damage|p2a: Iron Valiant|44\/100 brn|[from] brn\n|upkeep\n|\n|t:|1700236907\n|switch|p1a: Ninetales|Ninetales-Alola, F|100\/100\n|-weather|Snow|[from] ability: Snow Warning|[of] p1a: Ninetales\n|turn|13\n|\n|t:|1700236914\n|move|p2a: Iron Valiant|Stored Power|p1a: Ninetales\n|-damage|p1a: Ninetales|0 fnt\n|faint|p1a: Ninetales\n|\n|-weather|Snow|[upkeep]\n|-damage|p2a: Iron Valiant|38\/100 brn|[from] brn\n|upkeep\n|\n|t:|1700236916\n|switch|p1a: Aegislash|Aegislash, M, shiny|100\/100\n|turn|14\n|\n|t:|1700236924\n|move|p1a: Aegislash|King's Shield|p1a: Aegislash\n|-singleturn|p1a: Aegislash|Protect\n|move|p2a: Iron Valiant|Stored Power|p1a: Aegislash\n|-activate|p1a: Aegislash|move: Protect\n|\n|-weather|Snow|[upkeep]\n|-damage|p2a: Iron Valiant|32\/100 brn|[from] brn\n|upkeep\n|turn|15\n|\n|t:|1700236928\n|move|p2a: Iron Valiant|Stored Power|p1a: Aegislash\n|-resisted|p1a: Aegislash\n|-damage|p1a: Aegislash|65\/100\n|move|p1a: Aegislash|Substitute|p1a: Aegislash\n|-start|p1a: Aegislash|Substitute\n|-damage|p1a: Aegislash|40\/100\n|\n|-weather|Snow|[upkeep]\n|-heal|p1a: Aegislash|46\/100|[from] item: Leftovers\n|-damage|p2a: Iron Valiant|26\/100 brn|[from] brn\n|upkeep\n|turn|16\n|\n|t:|1700236936\n|move|p1a: Aegislash|King's Shield|p1a: Aegislash\n|-singleturn|p1a: Aegislash|Protect\n|move|p2a: Iron Valiant|Stored Power|p1a: Aegislash\n|-activate|p1a: Aegislash|move: Protect\n|\n|-weather|Snow|[upkeep]\n|-heal|p1a: Aegislash|52\/100|[from] item: Leftovers\n|-damage|p2a: Iron Valiant|20\/100 brn|[from] brn\n|upkeep\n|turn|17\n|\n|t:|1700236944\n|move|p2a: Iron Valiant|Stored Power|p1a: Aegislash\n|-resisted|p1a: Aegislash\n|-end|p1a: Aegislash|Substitute\n|-formechange|p1a: Aegislash|Aegislash-Blade||[from] ability: Stance Change\n|move|p1a: Aegislash|Shadow Ball|p2a: Iron Valiant\n|-damage|p2a: Iron Valiant|0 fnt\n|faint|p2a: Iron Valiant\n|-end|p2a: Iron Valiant|Quark Drive|[silent]\n|\n|-weather|none\n|-heal|p1a: Aegislash|59\/100|[from] item: Leftovers\n|upkeep\n|\n|t:|1700236954\n|switch|p2a: Heatran|Heatran, F, shiny|100\/100\n|turn|18\n|\n|t:|1700236958\n|-formechange|p1a: Aegislash|Aegislash||[from] ability: Stance Change\n|move|p1a: Aegislash|King's Shield|p1a: Aegislash\n|-singleturn|p1a: Aegislash|Protect\n|move|p2a: Heatran|Magma Storm|p1a: Aegislash\n|-activate|p1a: Aegislash|move: Protect\n|\n|-heal|p1a: Aegislash|65\/100|[from] item: Leftovers\n|upkeep\n|turn|19\n|\n|t:|1700236965\n|move|p2a: Heatran|Magma Storm|p1a: Aegislash\n|-supereffective|p1a: Aegislash\n|-crit|p1a: Aegislash\n|-damage|p1a: Aegislash|0 fnt\n|faint|p1a: Aegislash\n|\n|win|SIKERNB\n|raw|operetor's rating: 1395 &rarr; <strong>1373<\/strong><br \/>(-22 for losing)\n|raw|SIKERNB's rating: 1355 &rarr; <strong>1377<\/strong><br \/>(+22 for winning)\n|l|\u2606operetor\n","uploadtime":1700236975,"views":6,"p1id":"operetor","p2id":"sikernb","formatid":"gen9nationaldex","rating":1373,"private":0,"password":""}