{"id":"gen9nationaldex-1998703204","p1":"pigeonmuffdiver","p2":"BenBekigu","format":"[Gen 9] National Dex","log":"|html|<div class=\"broadcast-blue\"><strong>[Gen 9] National Dex is currently suspecting Sneasler! For information on how to participate check out the <a href=\"https:\/\/www.smogon.com\/forums\/threads\/sv-national-dex-suspect-8-just-dance.3731534\/\">suspect thread<\/a>.<\/strong><\/div>\n|j|\u2606pigeonmuffdiver\n|j|\u2606BenBekigu\n|t:|1700974898\n|gametype|singles\n|player|p1|pigeonmuffdiver|boarder|1352\n|player|p2|BenBekigu|shauntal|1207\n|teamsize|p1|6\n|teamsize|p2|6\n|gen|9\n|tier|[Gen 9] National Dex\n|rated|\n|rule|HP Percentage Mod: HP is shown in percentages\n|rule|Endless Battle Clause: Forcing endless battles is banned\n|rule|OHKO Clause: OHKO moves are banned\n|rule|Evasion Clause: Evasion abilities, items, and moves are banned\n|rule|Evasion Abilities Clause: Evasion abilities are banned\n|rule|Evasion Items Clause: Evasion items are banned\n|rule|Evasion Moves Clause: Evasion moves are banned\n|rule|Species Clause: Limit one of each Pok\u00e9mon\n|rule|Sleep Clause Mod: Limit one foe put to sleep\n|clearpoke\n|poke|p1|Golisopod, F|\n|poke|p1|Arcanine-Hisui, M|\n|poke|p1|Exeggutor-Alola, M|\n|poke|p1|Kleavor, F|\n|poke|p1|Slowbro, M|\n|poke|p1|Runerigus, F|\n|poke|p2|Swampert, M|\n|poke|p2|Ferrothorn, M|\n|poke|p2|Pelipper, F|\n|poke|p2|Chansey, F|\n|poke|p2|Hatterene, F|\n|poke|p2|Ogerpon-Wellspring, F|\n|teampreview\n|\n|t:|1700974909\n|start\n|switch|p1a: Darius|Kleavor, F|100\/100\n|switch|p2a: Ogerpon|Ogerpon-Wellspring, F|100\/100\n|turn|1\n|\n|t:|1700974923\n|-terastallize|p2a: Ogerpon|Water\n|detailschange|p2a: Ogerpon|Ogerpon-Wellspring-Tera, F, tera:Water\n|-ability|p2a: Ogerpon|Embody Aspect (Wellspring)|boost\n|-boost|p2a: Ogerpon|spd|1\n|move|p1a: Darius|X-Scissor|p2a: Ogerpon\n|-damage|p2a: Ogerpon|11\/100\n|move|p2a: Ogerpon|Trailblaze|p1a: Darius\n|-damage|p1a: Darius|62\/100\n|-boost|p2a: Ogerpon|spe|1\n|\n|upkeep\n|turn|2\n|\n|t:|1700974934\n|move|p2a: Ogerpon|Ivy Cudgel|p1a: Darius|[anim] Ivy Cudgel Water\n|-supereffective|p1a: Darius\n|-damage|p1a: Darius|0 fnt\n|faint|p1a: Darius\n|\n|upkeep\n|\n|t:|1700974939\n|switch|p1a: Rek'Sai|Golisopod, F|100\/100\n|turn|3\n|\n|t:|1700974942\n|switch|p2a: Ferrothorn|Ferrothorn, M|100\/100\n|move|p1a: Rek'Sai|First Impression|p2a: Ferrothorn\n|-damage|p2a: Ferrothorn|70\/100\n|-damage|p1a: Rek'Sai|88\/100|[from] ability: Iron Barbs|[of] p2a: Ferrothorn\n|\n|-heal|p2a: Ferrothorn|76\/100|[from] item: Leftovers\n|upkeep\n|turn|4\n|\n|t:|1700974954\n|switch|p1a: Rammus|Slowbro, M|100\/100\n|move|p2a: Ferrothorn|Body Press|p1a: Rammus\n|-resisted|p1a: Rammus\n|-damage|p1a: Rammus|91\/100\n|\n|-heal|p2a: Ferrothorn|82\/100|[from] item: Leftovers\n|upkeep\n|turn|5\n|\n|t:|1700974962\n|detailschange|p1a: Rammus|Slowbro-Mega, M\n|-mega|p1a: Rammus|Slowbro|Slowbronite\n|move|p2a: Ferrothorn|Stealth Rock|p1a: Rammus\n|-sidestart|p1: pigeonmuffdiver|move: Stealth Rock\n|move|p1a: Rammus|Trick Room|p1a: Rammus\n|-fieldstart|move: Trick Room|[of] p1a: Rammus\n|\n|-heal|p2a: Ferrothorn|88\/100|[from] item: Leftovers\n|upkeep\n|turn|6\n|\n|t:|1700974970\n|move|p2a: Ferrothorn|Spikes|p1a: Rammus\n|-sidestart|p1: pigeonmuffdiver|Spikes\n|move|p1a: Rammus|Teleport|p1a: Rammus\n|\n|t:|1700974973\n|switch|p1a: Maokai|Exeggutor-Alola, M|100\/100|[from] Teleport\n|-damage|p1a: Maokai|88\/100|[from] Stealth Rock\n|-damage|p1a: Maokai|76\/100|[from] Spikes\n|-item|p2a: Ferrothorn|Leftovers|[from] ability: Frisk|[of] p1a: Maokai|[identify]\n|\n|-heal|p2a: Ferrothorn|95\/100|[from] item: Leftovers\n|upkeep\n|turn|7\n|\n|t:|1700974982\n|move|p2a: Ferrothorn|Spikes|p1a: Maokai\n|-sidestart|p1: pigeonmuffdiver|Spikes\n|move|p1a: Maokai|Flamethrower|p2a: Ferrothorn\n|-supereffective|p2a: Ferrothorn\n|-damage|p2a: Ferrothorn|0 fnt\n|faint|p2a: Ferrothorn\n|\n|upkeep\n|\n|t:|1700974987\n|switch|p2a: Chansey|Chansey, F|100\/100\n|turn|8\n|\n|t:|1700975019\n|switch|p1a: Rammus|Slowbro-Mega, M|91\/100\n|-damage|p1a: Rammus|78\/100|[from] Stealth Rock\n|-damage|p1a: Rammus|62\/100|[from] Spikes\n|move|p2a: Chansey|Chilling Water|p1a: Rammus\n|-resisted|p1a: Rammus\n|-damage|p1a: Rammus|59\/100\n|-unboost|p1a: Rammus|atk|1\n|\n|upkeep\n|turn|9\n|\n|t:|1700975032\n|switch|p2a: Pelipper|Pelipper, F|100\/100\n|-weather|RainDance|[from] ability: Drizzle|[of] p2a: Pelipper\n|move|p1a: Rammus|Scald|p2a: Pelipper\n|-resisted|p2a: Pelipper\n|-damage|p2a: Pelipper|64\/100\n|\n|-weather|RainDance|[upkeep]\n|-fieldend|move: Trick Room\n|upkeep\n|turn|10\n|\n|t:|1700975041\n|move|p2a: Pelipper|Hurricane|p1a: Rammus\n|-damage|p1a: Rammus|19\/100\n|move|p1a: Rammus|Trick Room|p1a: Rammus\n|-fieldstart|move: Trick Room|[of] p1a: Rammus\n|\n|-weather|RainDance|[upkeep]\n|upkeep\n|turn|11\n|\n|t:|1700975051\n|move|p1a: Rammus|Slack Off|p1a: Rammus\n|-heal|p1a: Rammus|69\/100\n|move|p2a: Pelipper|Hydro Pump|p1a: Rammus\n|-resisted|p1a: Rammus\n|-damage|p1a: Rammus|41\/100\n|\n|-weather|RainDance|[upkeep]\n|upkeep\n|turn|12\n|\n|t:|1700975058\n|move|p1a: Rammus|Slack Off|p1a: Rammus\n|-heal|p1a: Rammus|91\/100\n|move|p2a: Pelipper|Hurricane|p1a: Rammus\n|-damage|p1a: Rammus|51\/100\n|\n|-weather|RainDance|[upkeep]\n|upkeep\n|turn|13\n|inactive|Battle timer is ON: inactive players will automatically lose when time's up. (requested by pigeonmuffdiver)\n|\n|t:|1700975097\n|move|p1a: Rammus|Scald|p2a: Pelipper\n|-resisted|p2a: Pelipper\n|-damage|p2a: Pelipper|30\/100\n|move|p2a: Pelipper|Hurricane|p1a: Rammus\n|-damage|p1a: Rammus|11\/100\n|\n|-weather|RainDance|[upkeep]\n|upkeep\n|turn|14\n|\n|t:|1700975105\n|move|p1a: Rammus|Slack Off|p1a: Rammus\n|-heal|p1a: Rammus|61\/100\n|move|p2a: Pelipper|Hurricane|p1a: Rammus\n|-damage|p1a: Rammus|24\/100\n|-start|p1a: Rammus|confusion\n|\n|-weather|RainDance|[upkeep]\n|-fieldend|move: Trick Room\n|upkeep\n|turn|15\n|\n|t:|1700975118\n|move|p2a: Pelipper|Hydro Pump|p1a: Rammus\n|-resisted|p1a: Rammus\n|-damage|p1a: Rammus|0 fnt\n|faint|p1a: Rammus\n|\n|-weather|RainDance|[upkeep]\n|upkeep\n|\n|t:|1700975124\n|switch|p1a: Rek'Sai|Golisopod, F|88\/100\n|turn|16\n|\n|t:|1700975132\n|switch|p2a: Ogerpon|Ogerpon-Wellspring-Tera, F, tera:Water|11\/100\n|-ability|p2a: Ogerpon|Embody Aspect (Wellspring)|boost\n|-boost|p2a: Ogerpon|spd|1\n|-terastallize|p1a: Rek'Sai|Bug\n|move|p1a: Rek'Sai|First Impression|p2a: Ogerpon\n|-damage|p2a: Ogerpon|0 fnt\n|faint|p2a: Ogerpon\n|\n|-weather|none\n|upkeep\n|\n|t:|1700975136\n|switch|p2a: Pelipper|Pelipper, F|30\/100\n|-weather|RainDance|[from] ability: Drizzle|[of] p2a: Pelipper\n|turn|17\n|\n|t:|1700975149\n|move|p2a: Pelipper|Hurricane|p1a: Rek'Sai\n|-supereffective|p1a: Rek'Sai\n|-damage|p1a: Rek'Sai|13\/100\n|-activate|p1a: Rek'Sai|ability: Emergency Exit\n|\n|t:|1700975156\n|switch|p1a: Naafiri|Arcanine-Hisui, M|100\/100\n|\n|-weather|RainDance|[upkeep]\n|upkeep\n|turn|18\n|\n|t:|1700975168\n|move|p1a: Naafiri|Head Smash|p2a: Pelipper\n|-supereffective|p2a: Pelipper\n|-damage|p2a: Pelipper|0 fnt\n|faint|p2a: Pelipper\n|\n|-weather|RainDance|[upkeep]\n|upkeep\n|\n|t:|1700975173\n|switch|p2a: Swampert|Swampert, M|100\/100\n|turn|19\n|\n|t:|1700975179\n|switch|p1a: Xerath|Runerigus, F|100\/100\n|-damage|p1a: Xerath|95\/100|[from] Stealth Rock\n|-damage|p1a: Xerath|78\/100|[from] Spikes\n|detailschange|p2a: Swampert|Swampert-Mega, M\n|-mega|p2a: Swampert|Swampert|Swampertite\n|move|p2a: Swampert|Liquidation|p1a: Xerath\n|-supereffective|p1a: Xerath\n|-damage|p1a: Xerath|0 fnt\n|-activate|p1a: Xerath|ability: Wandering Spirit|Swift Swim|Wandering Spirit|[of] p2a: Swampert\n|faint|p1a: Xerath\n|\n|-weather|RainDance|[upkeep]\n|upkeep\n|\n|t:|1700975191\n|switch|p1a: Maokai|Exeggutor-Alola, M|76\/100\n|-damage|p1a: Maokai|63\/100|[from] Stealth Rock\n|-damage|p1a: Maokai|47\/100|[from] Spikes\n|-item|p2a: Swampert|Swampertite|[from] ability: Frisk|[of] p1a: Maokai|[identify]\n|turn|20\n|\n|t:|1700975198\n|move|p2a: Swampert|Ice Punch|p1a: Maokai\n|-supereffective|p1a: Maokai\n|-damage|p1a: Maokai|0 fnt\n|faint|p1a: Maokai\n|\n|-weather|RainDance|[upkeep]\n|upkeep\n|\n|t:|1700975205\n|switch|p1a: Naafiri|Arcanine-Hisui, M|100\/100\n|turn|21\n|\n|t:|1700975214\n|move|p1a: Naafiri|Head Smash|p2a: Swampert\n|-resisted|p2a: Swampert\n|-damage|p2a: Swampert|69\/100\n|-activate|p2a: Swampert|ability: Wandering Spirit|Rock Head|Wandering Spirit|[of] p1a: Naafiri\n|-damage|p1a: Naafiri|83\/100|[from] Recoil\n|move|p2a: Swampert|Liquidation|p1a: Naafiri\n|-supereffective|p1a: Naafiri\n|-damage|p1a: Naafiri|0 fnt\n|-activate|p1a: Naafiri|ability: Wandering Spirit|Rock Head|Wandering Spirit|[of] p2a: Swampert\n|faint|p1a: Naafiri\n|\n|-weather|RainDance|[upkeep]\n|upkeep\n|\n|t:|1700975225\n|switch|p1a: Rek'Sai|Golisopod, F, tera:Bug|13\/100\n|turn|22\n|\n|t:|1700975230\n|switch|p2a: Chansey|Chansey, F|100\/100\n|move|p1a: Rek'Sai|First Impression|p2a: Chansey\n|-damage|p2a: Chansey|60\/100\n|\n|-weather|RainDance|[upkeep]\n|upkeep\n|turn|23\n|\n|t:|1700975244\n|move|p1a: Rek'Sai|Leech Life|p2a: Chansey\n|-damage|p2a: Chansey|25\/100\n|-heal|p1a: Rek'Sai|48\/100|[from] drain|[of] p2a: Chansey\n|move|p2a: Chansey|Counter|p1a: Rek'Sai\n|-damage|p1a: Rek'Sai|0 fnt\n|faint|p1a: Rek'Sai\n|\n|win|BenBekigu\n|raw|pigeonmuffdiver's rating: 1352 &rarr; <strong>1324<\/strong><br \/>(-28 for losing)\n|raw|BenBekigu's rating: 1207 &rarr; <strong>1242<\/strong><br \/>(+35 for winning)\n|l|\u2606pigeonmuffdiver\n|c|\u2606BenBekigu|Gg\n","uploadtime":1700975257,"views":11,"p1id":"pigeonmuffdiver","p2id":"benbekigu","formatid":"gen9nationaldex","rating":1242,"private":0,"password":""}