{"id":"gen9nationaldex-1990415465","p1":"Letskeepitclassy","p2":"huangrice","format":"[Gen 9] National Dex","log":"|j|\u2606Letskeepitclassy\n|j|\u2606huangrice\n|t:|1699968659\n|gametype|singles\n|player|p1|Letskeepitclassy|266|1160\n|player|p2|huangrice|supernerd|1077\n|teamsize|p1|6\n|teamsize|p2|6\n|gen|9\n|tier|[Gen 9] National Dex\n|rated|\n|rule|HP Percentage Mod: HP is shown in percentages\n|rule|Endless Battle Clause: Forcing endless battles is banned\n|rule|OHKO Clause: OHKO moves are banned\n|rule|Evasion Clause: Evasion abilities, items, and moves are banned\n|rule|Evasion Abilities Clause: Evasion abilities are banned\n|rule|Evasion Items Clause: Evasion items are banned\n|rule|Evasion Moves Clause: Evasion moves are banned\n|rule|Species Clause: Limit one of each Pok\u00e9mon\n|rule|Sleep Clause Mod: Limit one foe put to sleep\n|clearpoke\n|poke|p1|Overqwil, M|\n|poke|p1|Pelipper, M|\n|poke|p1|Kingdra, M|\n|poke|p1|Kilowattrel, M|\n|poke|p1|Dondozo, M|\n|poke|p1|Poliwrath, M|\n|poke|p2|Latias, F|\n|poke|p2|Victini|\n|poke|p2|Keldeo-Resolute|\n|poke|p2|Tornadus-Therian, M|\n|poke|p2|Tapu Koko|\n|poke|p2|Jirachi|\n|teampreview\n|inactive|Battle timer is ON: inactive players will automatically lose when time's up. (requested by huangrice)\n|inactive|Letskeepitclassy also wants the timer to be on.\n|\n|t:|1699968669\n|start\n|switch|p1a: Pelipper|Pelipper, M, shiny|100\/100\n|switch|p2a: Tapu Koko|Tapu Koko|100\/100\n|-fieldstart|move: Electric Terrain|[from] ability: Electric Surge|[of] p2a: Tapu Koko\n|-weather|RainDance|[from] ability: Drizzle|[of] p1a: Pelipper\n|turn|1\n|\n|t:|1699968678\n|-terastallize|p1a: Pelipper|Ground\n|move|p2a: Tapu Koko|Wild Charge|p1a: Pelipper\n|-immune|p1a: Pelipper\n|move|p1a: Pelipper|Scald|p2a: Tapu Koko\n|-damage|p2a: Tapu Koko|34\/100\n|-status|p2a: Tapu Koko|brn\n|\n|-weather|RainDance|[upkeep]\n|-damage|p2a: Tapu Koko|28\/100 brn|[from] brn\n|upkeep\n|turn|2\n|\n|t:|1699968702\n|switch|p2a: Keldeo|Keldeo-Resolute|100\/100\n|move|p1a: Pelipper|Scald|p2a: Keldeo\n|-resisted|p2a: Keldeo\n|-damage|p2a: Keldeo|76\/100\n|\n|-weather|RainDance|[upkeep]\n|upkeep\n|turn|3\n|\n|t:|1699968713\n|move|p2a: Keldeo|Surf|p1a: Pelipper\n|-supereffective|p1a: Pelipper\n|-damage|p1a: Pelipper|0 fnt\n|faint|p1a: Pelipper\n|\n|-weather|RainDance|[upkeep]\n|upkeep\n|\n|t:|1699968718\n|switch|p1a: Kilowattrel|Kilowattrel, M, shiny|100\/100\n|turn|4\n|inactive|huangrice has 120 seconds left.\n|\n|t:|1699968749\n|switch|p2a: Jirachi|Jirachi|100\/100\n|move|p1a: Kilowattrel|Tailwind|p1a: Kilowattrel\n|-sidestart|p1: Letskeepitclassy|move: Tailwind\n|-start|p1a: Kilowattrel|Charge|Tailwind|[from] ability: Wind Power\n|\n|-weather|RainDance|[upkeep]\n|upkeep\n|turn|5\n|\n|t:|1699968760\n|switch|p1a: Overqwil|Overqwil, M, shiny|100\/100\n|move|p2a: Jirachi|Iron Head|p1a: Overqwil\n|-damage|p1a: Overqwil|66\/100\n|\n|-weather|RainDance|[upkeep]\n|-fieldend|move: Electric Terrain\n|upkeep\n|turn|6\n|inactive|huangrice has 120 seconds left.\n|\n|t:|1699968783\n|switch|p2a: Tornadus|Tornadus-Therian, M|100\/100\n|move|p1a: Overqwil|Crunch|p2a: Tornadus\n|-damage|p2a: Tornadus|30\/100\n|-unboost|p2a: Tornadus|def|1\n|-damage|p1a: Overqwil|49\/100|[from] item: Rocky Helmet|[of] p2a: Tornadus\n|\n|-weather|RainDance|[upkeep]\n|upkeep\n|turn|7\n|inactive|huangrice has 120 seconds left.\n|\n|t:|1699968793\n|move|p1a: Overqwil|Crunch|p2a: Tornadus\n|-damage|p2a: Tornadus|0 fnt\n|-damage|p1a: Overqwil|33\/100|[from] item: Rocky Helmet|[of] p2a: Tornadus\n|faint|p2a: Tornadus\n|\n|-weather|RainDance|[upkeep]\n|-sideend|p1: Letskeepitclassy|move: Tailwind\n|upkeep\n|\n|t:|1699968815\n|switch|p2a: Jirachi|Jirachi|100\/100\n|turn|8\n|\n|t:|1699968823\n|move|p1a: Overqwil|Crunch|p2a: Jirachi\n|-supereffective|p2a: Jirachi\n|-damage|p2a: Jirachi|0 fnt\n|faint|p2a: Jirachi\n|\n|-weather|none\n|upkeep\n|\n|t:|1699968840\n|switch|p2a: Keldeo|Keldeo-Resolute|76\/100\n|turn|9\n|\n|t:|1699968845\n|switch|p1a: Dondozo|Dondozo, M, shiny|100\/100\n|move|p2a: Keldeo|Secret Sword|p1a: Dondozo\n|-damage|p1a: Dondozo|72\/100\n|\n|-heal|p1a: Dondozo|78\/100|[from] item: Leftovers\n|upkeep\n|turn|10\n|inactive|huangrice has 90 seconds left.\n|\n|t:|1699968868\n|switch|p2a: Latias|Latias, F|100\/100\n|move|p1a: Dondozo|Curse|p1a: Dondozo\n|-unboost|p1a: Dondozo|spe|1\n|-boost|p1a: Dondozo|atk|1\n|-boost|p1a: Dondozo|def|1\n|\n|-heal|p1a: Dondozo|84\/100|[from] item: Leftovers\n|upkeep\n|turn|11\n|inactive|huangrice has 90 seconds left.\n|\n|t:|1699968880\n|detailschange|p2a: Latias|Latias-Mega, F\n|-mega|p2a: Latias|Latias|Latiasite\n|move|p2a: Latias|Psychic|p1a: Dondozo\n|-damage|p1a: Dondozo|42\/100\n|move|p1a: Dondozo|Liquidation|p2a: Latias\n|-resisted|p2a: Latias\n|-damage|p2a: Latias|82\/100\n|\n|-heal|p1a: Dondozo|48\/100|[from] item: Leftovers\n|upkeep\n|turn|12\n|inactive|huangrice has 90 seconds left.\n|\n|t:|1699968892\n|move|p2a: Latias|Psychic|p1a: Dondozo\n|-damage|p1a: Dondozo|1\/100\n|move|p1a: Dondozo|Rest|p1a: Dondozo\n|-status|p1a: Dondozo|slp|[from] move: Rest\n|-heal|p1a: Dondozo|100\/100 slp|[silent]\n|\n|upkeep\n|turn|13\n|\n|t:|1699968901\n|move|p2a: Latias|Thunderbolt|p1a: Dondozo\n|-supereffective|p1a: Dondozo\n|-damage|p1a: Dondozo|43\/100 slp\n|cant|p1a: Dondozo|slp\n|\n|-heal|p1a: Dondozo|49\/100 slp|[from] item: Leftovers\n|upkeep\n|turn|14\n|\n|t:|1699968909\n|move|p2a: Latias|Thunderbolt|p1a: Dondozo\n|-supereffective|p1a: Dondozo\n|-damage|p1a: Dondozo|0 fnt\n|faint|p1a: Dondozo\n|\n|upkeep\n|\n|t:|1699968911\n|switch|p1a: Kilowattrel|Kilowattrel, M, shiny|100\/100\n|turn|15\n|\n|t:|1699968921\n|move|p1a: Kilowattrel|Tailwind|p1a: Kilowattrel\n|-sidestart|p1: Letskeepitclassy|move: Tailwind\n|-start|p1a: Kilowattrel|Charge|Tailwind|[from] ability: Wind Power\n|move|p2a: Latias|Thunderbolt|p1a: Kilowattrel\n|-damage|p1a: Kilowattrel|45\/100\n|\n|upkeep\n|turn|16\n|\n|t:|1699968932\n|move|p1a: Kilowattrel|Hurricane|p2a: Latias|[miss]\n|-miss|p1a: Kilowattrel|p2a: Latias\n|move|p2a: Latias|Psychic|p1a: Kilowattrel\n|-damage|p1a: Kilowattrel|0 fnt\n|faint|p1a: Kilowattrel\n|\n|upkeep\n|\n|t:|1699968935\n|switch|p1a: Overqwil|Overqwil, M, shiny|33\/100\n|turn|17\n|inactive|huangrice has 120 seconds left.\n|inactive|huangrice no longer wants the timer on, but the timer is staying on because letskeepitclassy still does.\n|\n|t:|1699968955\n|switch|p2a: Keldeo|Keldeo-Resolute|76\/100\n|move|p1a: Overqwil|Crunch|p2a: Keldeo\n|-resisted|p2a: Keldeo\n|-damage|p2a: Keldeo|39\/100\n|-ability|p2a: Keldeo|Justified|boost\n|-boost|p2a: Keldeo|atk|1\n|\n|upkeep\n|turn|18\n|\n|t:|1699968968\n|move|p1a: Overqwil|Crunch|p2a: Keldeo\n|-resisted|p2a: Keldeo\n|-damage|p2a: Keldeo|5\/100\n|-ability|p2a: Keldeo|Justified|boost\n|-boost|p2a: Keldeo|atk|1\n|move|p2a: Keldeo|Surf|p1a: Overqwil\n|-damage|p1a: Overqwil|0 fnt\n|faint|p1a: Overqwil\n|\n|-sideend|p1: Letskeepitclassy|move: Tailwind\n|upkeep\n|\n|t:|1699968972\n|switch|p1a: Kingdra|Kingdra, M, shiny|100\/100\n|turn|19\n|inactive|huangrice has 120 seconds left.\n|\n|t:|1699968994\n|move|p2a: Keldeo|Surf|p1a: Kingdra\n|-resisted|p1a: Kingdra\n|-damage|p1a: Kingdra|80\/100\n|move|p1a: Kingdra|Draco Meteor|p2a: Keldeo\n|-crit|p2a: Keldeo\n|-damage|p2a: Keldeo|0 fnt\n|-unboost|p1a: Kingdra|spa|2\n|faint|p2a: Keldeo\n|\n|upkeep\n|inactive|huangrice has 90 seconds left.\n|\n|t:|1699969015\n|switch|p2a: Victini|Victini|100\/100\n|turn|20\n|\n|t:|1699969020\n|switch|p1a: Poliwrath|Poliwrath, M, shiny|100\/100\n|move|p2a: Victini|U-turn|p1a: Poliwrath\n|-resisted|p1a: Poliwrath\n|-damage|p1a: Poliwrath|92\/100\n|\n|t:|1699969029\n|switch|p2a: Latias|Latias-Mega, F|82\/100|[from] U-turn\n|\n|upkeep\n|turn|21\n|\n|t:|1699969036\n|move|p2a: Latias|Psychic|p1a: Poliwrath\n|-supereffective|p1a: Poliwrath\n|-damage|p1a: Poliwrath|0 fnt\n|faint|p1a: Poliwrath\n|\n|upkeep\n|\n|t:|1699969038\n|switch|p1a: Kingdra|Kingdra, M, shiny|80\/100\n|turn|22\n|\n|t:|1699969045\n|switch|p2a: Victini|Victini|100\/100\n|move|p1a: Kingdra|Hydro Pump|p2a: Victini\n|-supereffective|p2a: Victini\n|-damage|p2a: Victini|0 fnt\n|faint|p2a: Victini\n|\n|upkeep\n|\n|t:|1699969058\n|switch|p2a: Latias|Latias-Mega, F|82\/100\n|turn|23\n|\n|t:|1699969077\n|switch|p2a: Tapu Koko|Tapu Koko|28\/100 brn\n|-fieldstart|move: Electric Terrain|[from] ability: Electric Surge|[of] p2a: Tapu Koko\n|move|p1a: Kingdra|Hydro Pump|p2a: Tapu Koko\n|-damage|p2a: Tapu Koko|0 fnt\n|faint|p2a: Tapu Koko\n|\n|upkeep\n|\n|t:|1699969085\n|switch|p2a: Latias|Latias-Mega, F|82\/100\n|turn|24\n|\n|t:|1699969098\n|move|p2a: Latias|Roost|p2a: Latias\n|-heal|p2a: Latias|100\/100\n|-singleturn|p2a: Latias|move: Roost\n|move|p1a: Kingdra|Hydro Pump|p2a: Latias|[miss]\n|-miss|p1a: Kingdra|p2a: Latias\n|\n|upkeep\n|turn|25\n|\n|t:|1699969108\n|move|p2a: Latias|Thunderbolt|p1a: Kingdra\n|-damage|p1a: Kingdra|44\/100\n|move|p1a: Kingdra|Hydro Pump|p2a: Latias\n|-resisted|p2a: Latias\n|-damage|p2a: Latias|69\/100\n|\n|upkeep\n|turn|26\n|\n|t:|1699969116\n|move|p2a: Latias|Psychic|p1a: Kingdra\n|-damage|p1a: Kingdra|0 fnt\n|faint|p1a: Kingdra\n|\n|win|huangrice\n|raw|Letskeepitclassy's rating: 1193 &rarr; <strong>1160<\/strong><br \/>(-33 for losing)\n|raw|huangrice's rating: 1077 &rarr; <strong>1115<\/strong><br \/>(+38 for winning)\n|l|\u2606Letskeepitclassy\n","uploadtime":1699969132,"views":3,"p1id":"letskeepitclassy","p2id":"huangrice","formatid":"gen9nationaldex","rating":1115,"private":0,"password":""}