{"id":"gen9nationaldex-1987870227","p1":"Nerdygolem513","p2":"Gregaton","format":"[Gen 9] National Dex","log":"|j|\u2606Nerdygolem513\n|j|\u2606Gregaton\n|t:|1699644440\n|gametype|singles\n|player|p1|Nerdygolem513|burglar|1197\n|player|p2|Gregaton|acetrainercouple|1210\n|teamsize|p1|6\n|teamsize|p2|6\n|gen|9\n|tier|[Gen 9] National Dex\n|rated|\n|rule|HP Percentage Mod: HP is shown in percentages\n|rule|Endless Battle Clause: Forcing endless battles is banned\n|rule|OHKO Clause: OHKO moves are banned\n|rule|Evasion Clause: Evasion abilities, items, and moves are banned\n|rule|Evasion Abilities Clause: Evasion abilities are banned\n|rule|Evasion Items Clause: Evasion items are banned\n|rule|Evasion Moves Clause: Evasion moves are banned\n|rule|Species Clause: Limit one of each Pok\u00e9mon\n|rule|Sleep Clause Mod: Limit one foe put to sleep\n|clearpoke\n|poke|p1|Shuckle, M|\n|poke|p1|Serperior, M|\n|poke|p1|Malamar, M|\n|poke|p1|Aerodactyl, M|\n|poke|p1|Landorus-Therian, M|\n|poke|p1|Rotom|\n|poke|p2|Lopunny, F|\n|poke|p2|Empoleon, M|\n|poke|p2|Espeon, F|\n|poke|p2|Ninetales-Alola, M|\n|poke|p2|Serperior, M|\n|poke|p2|Garchomp, F|\n|teampreview\n|\n|t:|1699644450\n|start\n|switch|p1a: Aerodactyl|Aerodactyl, M|100\/100\n|switch|p2a: Justice|Lopunny, F, shiny|100\/100\n|turn|1\n|\n|t:|1699644471\n|switch|p1a: The T sis|Landorus-Therian, M|100\/100\n|-ability|p1a: The T sis|Intimidate|boost\n|-unboost|p2a: Justice|atk|1\n|detailschange|p2a: Justice|Lopunny-Mega, F, shiny\n|-mega|p2a: Justice|Lopunny|Lopunnite\n|move|p2a: Justice|Fake Out|p1a: The T sis\n|-damage|p1a: The T sis|82\/100\n|\n|upkeep\n|turn|2\n|\n|t:|1699644494\n|switch|p1a: 17 inches|Shuckle, M, shiny|100\/100\n|move|p2a: Justice|U-turn|p1a: 17 inches\n|-damage|p1a: 17 inches|88\/100\n|-enditem|p1a: 17 inches|Red Card|[of] p2a: Justice\n|drag|p2a: Unity|Empoleon, M, shiny|100\/100\n|\n|upkeep\n|turn|3\n|\n|t:|1699644502\n|switch|p2a: Hope|Espeon, F, shiny|100\/100\n|move|p1a: 17 inches|Sticky Web|p2a: Hope\n|move|p2a: Hope|Sticky Web|p1a: 17 inches|[from]ability: Magic Bounce\n|-sidestart|p1: Nerdygolem513|move: Sticky Web\n|\n|upkeep\n|turn|4\n|\n|t:|1699644509\n|move|p2a: Hope|Trick|p1a: 17 inches\n|-activate|p2a: Hope|move: Trick|[of] p1a: 17 inches\n|-item|p1a: 17 inches|Choice Scarf|[from] move: Trick\n|-enditem|p2a: Hope|Choice Scarf|[silent]|[from] move: Trick\n|move|p1a: 17 inches|Knock Off|p2a: Hope\n|-supereffective|p2a: Hope\n|-damage|p2a: Hope|86\/100\n|\n|upkeep\n|turn|5\n|\n|t:|1699644515\n|move|p2a: Hope|Psychic|p1a: 17 inches\n|-damage|p1a: 17 inches|64\/100\n|move|p1a: 17 inches|Knock Off|p2a: Hope\n|-supereffective|p2a: Hope\n|-damage|p2a: Hope|72\/100\n|\n|upkeep\n|turn|6\n|\n|t:|1699644520\n|move|p2a: Hope|Psychic|p1a: 17 inches\n|-damage|p1a: 17 inches|39\/100\n|move|p1a: 17 inches|Knock Off|p2a: Hope\n|-supereffective|p2a: Hope\n|-damage|p2a: Hope|58\/100\n|\n|upkeep\n|turn|7\n|\n|t:|1699644525\n|move|p2a: Hope|Psychic|p1a: 17 inches\n|-damage|p1a: 17 inches|14\/100\n|move|p1a: 17 inches|Knock Off|p2a: Hope\n|-supereffective|p2a: Hope\n|-damage|p2a: Hope|42\/100\n|\n|upkeep\n|turn|8\n|\n|t:|1699644530\n|move|p2a: Hope|Psychic|p1a: 17 inches\n|-damage|p1a: 17 inches|0 fnt\n|faint|p1a: 17 inches\n|\n|upkeep\n|\n|t:|1699644532\n|switch|p1a: Sirperior|Serperior, M|100\/100\n|-activate|p1a: Sirperior|move: Sticky Web\n|-boost|p1a: Sirperior|spe|1\n|turn|9\n|\n|t:|1699644543\n|move|p1a: Sirperior|Leaf Storm|p2a: Hope\n|-damage|p2a: Hope|0 fnt\n|-boost|p1a: Sirperior|spa|2\n|faint|p2a: Hope\n|\n|upkeep\n|\n|t:|1699644546\n|switch|p2a: Serenity|Ninetales-Alola, M, shiny|100\/100\n|-weather|Snow|[from] ability: Snow Warning|[of] p2a: Serenity\n|turn|10\n|\n|t:|1699644555\n|-terastallize|p1a: Sirperior|Water\n|move|p1a: Sirperior|Leaf Storm|p2a: Serenity\n|-damage|p2a: Serenity|0 fnt\n|-boost|p1a: Sirperior|spa|2\n|faint|p2a: Serenity\n|\n|-weather|Snow|[upkeep]\n|upkeep\n|-message|Gregaton forfeited.\n|\n|win|Nerdygolem513\n|raw|Nerdygolem513's rating: 1197 &rarr; <strong>1223<\/strong><br \/>(+26 for winning)\n|raw|Gregaton's rating: 1210 &rarr; <strong>1184<\/strong><br \/>(-26 for losing)\n|l|\u2606Gregaton\n","uploadtime":1699644584,"views":21,"p1id":"nerdygolem513","p2id":"gregaton","formatid":"gen9nationaldex","rating":1184,"private":0,"password":""}