{"id":"gen9nationaldex-1994763142","p1":"TheSunKing1","p2":"liuyu6666","format":"[Gen 9] National Dex","log":"|html|<div class=\"broadcast-blue\"><strong>[Gen 9] National Dex is currently suspecting Sneasler! For information on how to participate check out the <a href=\"https:\/\/www.smogon.com\/forums\/threads\/sv-national-dex-suspect-8-just-dance.3731534\/\">suspect thread<\/a>.<\/strong><\/div>\n|j|\u2606TheSunKing1\n|j|\u2606liuyu6666\n|t:|1700490327\n|gametype|singles\n|player|p1|TheSunKing1|morty-masters2|1658\n|player|p2|liuyu6666|iono|1590\n|teamsize|p1|6\n|teamsize|p2|6\n|gen|9\n|tier|[Gen 9] National Dex\n|rated|\n|rule|HP Percentage Mod: HP is shown in percentages\n|rule|Endless Battle Clause: Forcing endless battles is banned\n|rule|OHKO Clause: OHKO moves are banned\n|rule|Evasion Clause: Evasion abilities, items, and moves are banned\n|rule|Evasion Abilities Clause: Evasion abilities are banned\n|rule|Evasion Items Clause: Evasion items are banned\n|rule|Evasion Moves Clause: Evasion moves are banned\n|rule|Species Clause: Limit one of each Pok\u00e9mon\n|rule|Sleep Clause Mod: Limit one foe put to sleep\n|clearpoke\n|poke|p1|Torkoal, F|\n|poke|p1|Leafeon, F|\n|poke|p1|Landorus-Therian, M|\n|poke|p1|Heatran, F|\n|poke|p1|Scizor, F|\n|poke|p1|Houndoom, M|\n|poke|p2|Banette, M|\n|poke|p2|Victini|\n|poke|p2|Golem-Alola, F|\n|poke|p2|Volcarona, F|\n|poke|p2|Dragonite, M|\n|poke|p2|Urshifu-*, F|\n|teampreview\n|inactive|Battle timer is ON: inactive players will automatically lose when time's up. (requested by liuyu6666)\n|inactive|TheSunKing1 has 120 seconds left.\n|inactive|TheSunKing1 has 90 seconds left.\n|inactive|TheSunKing1 has 60 seconds left.\n|\n|t:|1700490431\n|start\n|switch|p1a: Torkoal|Torkoal, F|100\/100\n|switch|p2a: Victini|Victini|100\/100\n|-weather|SunnyDay|[from] ability: Drought|[of] p1a: Torkoal\n|turn|1\n|inactive|TheSunKing1 has 90 seconds left.\n|inactive|TheSunKing1 has 60 seconds left.\n|inactive|TheSunKing1 has 30 seconds left.\n|\n|t:|1700490521\n|switch|p1a: Scizor|Scizor, F|100\/100\n|move|p2a: Victini|Final Gambit|p1a: Scizor\n|-damage|p1a: Scizor|0 fnt\n|faint|p2a: Victini\n|faint|p1a: Scizor\n|\n|-weather|SunnyDay|[upkeep]\n|upkeep\n|inactive|TheSunKing1 has 30 seconds left.\n|inactive|TheSunKing1 has 20 seconds left.\n|\n|t:|1700490546\n|switch|p2a: Banette|Banette, M|100\/100\n|switch|p1a: Leafeon|Leafeon, F|100\/100\n|turn|2\n|inactive|TheSunKing1 has 30 seconds left this turn.\n|inactive|TheSunKing1 has 20 seconds left.\n|\n|t:|1700490557\n|switch|p1a: Landorus|Landorus-Therian, M|100\/100\n|-ability|p1a: Landorus|Intimidate|boost\n|-unboost|p2a: Banette|atk|1\n|detailschange|p2a: Banette|Banette-Mega, M\n|-mega|p2a: Banette|Banette|Banettite\n|move|p2a: Banette|Destiny Bond|p2a: Banette\n|-singlemove|p2a: Banette|Destiny Bond\n|\n|-weather|SunnyDay|[upkeep]\n|upkeep\n|turn|3\n|inactive|TheSunKing1 has 30 seconds left this turn.\n|\n|t:|1700490562\n|move|p1a: Landorus|Earth Power|p2a: Banette\n|-damage|p2a: Banette|64\/100\n|move|p2a: Banette|Poltergeist|p1a: Landorus\n|-activate|p1a: Landorus|move: Poltergeist|Eject Button\n|-damage|p1a: Landorus|57\/100\n|-enditem|p1a: Landorus|Eject Button\n|inactive|TheSunKing1 has 30 seconds left.\n|\n|t:|1700490568\n|switch|p1a: Houndoom|Houndoom, M|100\/100\n|\n|-weather|SunnyDay|[upkeep]\n|upkeep\n|turn|4\n|\n|t:|1700490573\n|switch|p1a: Landorus|Landorus-Therian, M|57\/100\n|-ability|p1a: Landorus|Intimidate|boost\n|-unboost|p2a: Banette|atk|1\n|move|p2a: Banette|Destiny Bond|p2a: Banette\n|-singlemove|p2a: Banette|Destiny Bond\n|\n|-weather|SunnyDay|[upkeep]\n|upkeep\n|turn|5\n|\n|t:|1700490578\n|move|p1a: Landorus|Toxic|p2a: Banette\n|-status|p2a: Banette|tox\n|move|p2a: Banette|Poltergeist||[still]\n|-fail|p2a: Banette\n|\n|-weather|SunnyDay|[upkeep]\n|-damage|p2a: Banette|58\/100 tox|[from] psn\n|upkeep\n|turn|6\n|\n|t:|1700490591\n|move|p2a: Banette|Encore|p1a: Landorus\n|-start|p1a: Landorus|Encore\n|move|p1a: Landorus|Toxic|p2a: Banette\n|-fail|p2a: Banette|tox\n|\n|-weather|SunnyDay|[upkeep]\n|-damage|p2a: Banette|46\/100 tox|[from] psn\n|upkeep\n|turn|7\n|\n|t:|1700490604\n|switch|p2a: Golem|Golem-Alola, F|100\/100\n|move|p1a: Landorus|Toxic|p2a: Golem\n|-status|p2a: Golem|tox\n|\n|-weather|SunnyDay|[upkeep]\n|-damage|p2a: Golem|95\/100 tox|[from] psn\n|upkeep\n|turn|8\n|\n|t:|1700490613\n|move|p1a: Landorus|Toxic|p2a: Golem\n|-fail|p2a: Golem|tox\n|move|p2a: Golem|Stealth Rock|p1a: Landorus\n|-sidestart|p1: TheSunKing1|move: Stealth Rock\n|\n|-weather|none\n|-damage|p2a: Golem|83\/100 tox|[from] psn\n|-end|p1a: Landorus|Encore\n|upkeep\n|turn|9\n|\n|t:|1700490628\n|switch|p2a: Dragonite|Dragonite, M|100\/100\n|move|p1a: Landorus|Defog|p2a: Dragonite\n|-unboost|p2a: Dragonite|evasion|1\n|-sideend|p1: TheSunKing1|Stealth Rock|[from] move: Defog|[of] p1a: Landorus\n|\n|upkeep\n|turn|10\n|\n|t:|1700490634\n|move|p1a: Landorus|Toxic|p2a: Dragonite\n|-status|p2a: Dragonite|tox\n|-enditem|p2a: Dragonite|Lum Berry|[eat]\n|-curestatus|p2a: Dragonite|tox|[msg]\n|move|p2a: Dragonite|Curse|p2a: Dragonite\n|-unboost|p2a: Dragonite|spe|1\n|-boost|p2a: Dragonite|atk|1\n|-boost|p2a: Dragonite|def|1\n|\n|upkeep\n|turn|11\n|\n|t:|1700490650\n|-terastallize|p2a: Dragonite|Normal\n|move|p2a: Dragonite|Extreme Speed|p1a: Landorus\n|-damage|p1a: Landorus|0 fnt\n|faint|p1a: Landorus\n|\n|upkeep\n|\n|t:|1700490654\n|switch|p1a: Heatran|Heatran, F|100\/100\n|-item|p1a: Heatran|Air Balloon\n|turn|12\n|\n|t:|1700490662\n|move|p2a: Dragonite|Extreme Speed|p1a: Heatran\n|-resisted|p1a: Heatran\n|-damage|p1a: Heatran|64\/100\n|-enditem|p1a: Heatran|Air Balloon\n|move|p1a: Heatran|Toxic|p2a: Dragonite\n|-status|p2a: Dragonite|tox\n|\n|-damage|p2a: Dragonite|94\/100 tox|[from] psn\n|upkeep\n|turn|13\n|\n|t:|1700490677\n|switch|p1a: Torkoal|Torkoal, F|100\/100\n|-weather|SunnyDay|[from] ability: Drought|[of] p1a: Torkoal\n|move|p2a: Dragonite|Earthquake|p1a: Torkoal\n|-supereffective|p1a: Torkoal\n|-damage|p1a: Torkoal|24\/100\n|\n|-weather|SunnyDay|[upkeep]\n|-damage|p2a: Dragonite|82\/100 tox|[from] psn\n|upkeep\n|turn|14\n|\n|t:|1700490693\n|move|p2a: Dragonite|Extreme Speed|p1a: Torkoal\n|-damage|p1a: Torkoal|0 fnt\n|faint|p1a: Torkoal\n|\n|-weather|SunnyDay|[upkeep]\n|-damage|p2a: Dragonite|63\/100 tox|[from] psn\n|upkeep\n|\n|t:|1700490697\n|switch|p1a: Leafeon|Leafeon, F|100\/100\n|turn|15\n|\n|t:|1700490716\n|move|p2a: Dragonite|Extreme Speed|p1a: Leafeon\n|-damage|p1a: Leafeon|32\/100\n|move|p1a: Leafeon|Solar Blade||[still]\n|-prepare|p1a: Leafeon|Solar Blade\n|-anim|p1a: Leafeon|Solar Blade|p2a: Dragonite\n|-damage|p2a: Dragonite|10\/100 tox\n|-damage|p1a: Leafeon|22\/100|[from] item: Life Orb\n|\n|-weather|SunnyDay|[upkeep]\n|-damage|p2a: Dragonite|0 fnt|[from] psn\n|faint|p2a: Dragonite\n|upkeep\n|\n|t:|1700490725\n|switch|p2a: Banette|Banette-Mega, M|46\/100 tox\n|turn|16\n|\n|t:|1700490729\n|switch|p1a: Heatran|Heatran, F|64\/100\n|move|p2a: Banette|Destiny Bond|p2a: Banette\n|-singlemove|p2a: Banette|Destiny Bond\n|\n|-weather|SunnyDay|[upkeep]\n|-damage|p2a: Banette|40\/100 tox|[from] psn\n|upkeep\n|turn|17\n|inactive|TheSunKing1 has 90 seconds left.\n|\n|t:|1700490736\n|move|p1a: Heatran|Stealth Rock|p2a: Banette\n|-sidestart|p2: liuyu6666|move: Stealth Rock\n|move|p2a: Banette|Poltergeist||[still]\n|-fail|p2a: Banette\n|\n|-weather|SunnyDay|[upkeep]\n|-damage|p2a: Banette|28\/100 tox|[from] psn\n|upkeep\n|turn|18\n|inactive|TheSunKing1 has 90 seconds left.\n|\n|t:|1700490775\n|move|p2a: Banette|Encore|p1a: Heatran\n|-start|p1a: Heatran|Encore\n|move|p1a: Heatran|Stealth Rock||[still]\n|-fail|p1a: Heatran\n|\n|-weather|SunnyDay|[upkeep]\n|-damage|p2a: Banette|10\/100 tox|[from] psn\n|upkeep\n|turn|19\n|\n|t:|1700490784\n|switch|p1a: Houndoom|Houndoom, M|100\/100\n|move|p2a: Banette|Poltergeist|p1a: Houndoom\n|-activate|p1a: Houndoom|move: Poltergeist|Houndoominite\n|-resisted|p1a: Houndoom\n|-damage|p1a: Houndoom|21\/100\n|\n|-weather|SunnyDay|[upkeep]\n|-damage|p2a: Banette|0 fnt|[from] psn\n|faint|p2a: Banette\n|upkeep\n|inactive|liuyu6666 has 120 seconds left.\n|\n|t:|1700490822\n|switch|p2a: Volcarona|Volcarona, F|100\/100\n|turn|20\n|\n|t:|1700490826\n|detailschange|p1a: Houndoom|Houndoom-Mega, M\n|-mega|p1a: Houndoom|Houndoom|Houndoominite\n|move|p1a: Houndoom|Fire Blast|p2a: Volcarona\n|-damage|p2a: Volcarona|0 fnt\n|faint|p2a: Volcarona\n|\n|-weather|none\n|upkeep\n|\n|t:|1700490831\n|switch|p2a: Urshifu|Urshifu-Rapid-Strike, F|100\/100\n|-damage|p2a: Urshifu|94\/100|[from] Stealth Rock\n|turn|21\n|inactive|TheSunKing1 has 90 seconds left.\n|\n|t:|1700490841\n|move|p1a: Houndoom|Dark Pulse|p2a: Urshifu\n|-resisted|p2a: Urshifu\n|-damage|p2a: Urshifu|61\/100\n|cant|p2a: Urshifu|flinch\n|\n|upkeep\n|turn|22\n|\n|t:|1700490848\n|move|p1a: Houndoom|Dark Pulse|p2a: Urshifu\n|-resisted|p2a: Urshifu\n|-damage|p2a: Urshifu|31\/100\n|move|p2a: Urshifu|Drain Punch|p1a: Houndoom\n|-supereffective|p1a: Houndoom\n|-damage|p1a: Houndoom|0 fnt\n|-heal|p2a: Urshifu|40\/100|[from] drain|[of] p1a: Houndoom\n|faint|p1a: Houndoom\n|\n|upkeep\n|\n|t:|1700490855\n|switch|p1a: Heatran|Heatran, F|64\/100\n|turn|23\n|\n|t:|1700490866\n|-terastallize|p1a: Heatran|Ghost\n|move|p2a: Urshifu|Drain Punch|p1a: Heatran\n|-immune|p1a: Heatran\n|move|p1a: Heatran|Earth Power|p2a: Urshifu\n|-damage|p2a: Urshifu|0 fnt\n|faint|p2a: Urshifu\n|\n|upkeep\n|\n|t:|1700490874\n|switch|p2a: Golem|Golem-Alola, F|83\/100 tox\n|-damage|p2a: Golem|70\/100 tox|[from] Stealth Rock\n|turn|24\n|-message|liuyu6666 forfeited.\n|\n|win|TheSunKing1\n|raw|TheSunKing1's rating: 1658 &rarr; <strong>1674<\/strong><br \/>(+16 for winning)\n|raw|liuyu6666's rating: 1590 &rarr; <strong>1574<\/strong><br \/>(-16 for losing)\n|l|\u2606liuyu6666\n|c|\u2606TheSunKing1|GG\n","uploadtime":1700490890,"views":1,"p1id":"thesunking1","p2id":"liuyu6666","formatid":"gen9nationaldex","rating":1574,"private":0,"password":""}