{"id":"gen9nationaldex-1992363757","p1":"BigMeal","p2":"punto beast","format":"[Gen 9] National Dex","log":"|j|\u2606BigMeal\n|j|\u2606punto beast\n|t:|1700179010\n|gametype|singles\n|player|p1|BigMeal|170|\n|player|p2|punto beast|102|\n|teamsize|p1|6\n|teamsize|p2|6\n|gen|9\n|tier|[Gen 9] National Dex\n|rule|HP Percentage Mod: HP is shown in percentages\n|rule|Endless Battle Clause: Forcing endless battles is banned\n|rule|OHKO Clause: OHKO moves are banned\n|rule|Evasion Clause: Evasion abilities, items, and moves are banned\n|rule|Evasion Abilities Clause: Evasion abilities are banned\n|rule|Evasion Items Clause: Evasion items are banned\n|rule|Evasion Moves Clause: Evasion moves are banned\n|rule|Species Clause: Limit one of each Pok\u00e9mon\n|rule|Sleep Clause Mod: Limit one foe put to sleep\n|clearpoke\n|poke|p1|Hippowdon, M|\n|poke|p1|Chandelure, F|\n|poke|p1|Dracozolt|\n|poke|p1|Sharpedo, M|\n|poke|p1|Kommo-o, F|\n|poke|p1|Excadrill, F|\n|poke|p2|Necrozma|\n|poke|p2|Volcarona, F|\n|poke|p2|Dragonite, F|\n|poke|p2|Quaquaval, F|\n|poke|p2|Azelf|\n|poke|p2|Conkeldurr, M|\n|teampreview\n|j| quebecquagsires\n|j| Mattlap31\n|l| quebecquagsires\n|j| quebecquagsires\n|j| pokerstargeorge\n|\n|t:|1700179131\n|start\n|switch|p1a: GOD|Hippowdon, M|100\/100\n|switch|p2a: Volcarona|Volcarona, F|100\/100\n|-weather|Sandstorm|[from] ability: Sand Stream|[of] p1a: GOD\n|turn|1\n|c| quebecquagsires|im unbanned and going to say the n word\n|j| Joepells1608\n|c|\u2606punto beast|thats my lucky word\n|c| pokerstargeorge|N199a\n|c|\u2606punto beast|this is for you pells\n|l| quebecquagsires\n|j| quebecquagsires\n|l| quebecquagsires\n|j| quebecquagsires\n|l| pokerstargeorge\n|c| Joepells1608|LETS GOOO THIS IS WHY WE PLAY\n|j| pokerstargeorge\n|l| pokerstargeorge\n|\n|t:|1700179242\n|move|p2a: Volcarona|Quiver Dance|p2a: Volcarona\n|-boost|p2a: Volcarona|spa|1\n|-boost|p2a: Volcarona|spd|1\n|-boost|p2a: Volcarona|spe|1\n|move|p1a: GOD|Stealth Rock|p2a: Volcarona\n|-sidestart|p2: punto beast|move: Stealth Rock\n|\n|-weather|Sandstorm|[upkeep]\n|-damage|p2a: Volcarona|94\/100|[from] Sandstorm\n|upkeep\n|turn|2\n|c| quebecquagsires|ninja\n|\n|t:|1700179259\n|-terastallize|p1a: GOD|Dragon\n|move|p2a: Volcarona|Quiver Dance|p2a: Volcarona\n|-boost|p2a: Volcarona|spa|1\n|-boost|p2a: Volcarona|spd|1\n|-boost|p2a: Volcarona|spe|1\n|move|p1a: GOD|Whirlwind|p2a: Volcarona\n|drag|p2a: Necrozma|Necrozma|100\/100\n|-damage|p2a: Necrozma|88\/100|[from] Stealth Rock\n|\n|-weather|Sandstorm|[upkeep]\n|-damage|p2a: Necrozma|82\/100|[from] Sandstorm\n|-damage|p1a: GOD|94\/100|[from] Sandstorm\n|upkeep\n|turn|3\n|c| quebecquagsires|TERA DRAGON HIPPOOO\n|l| quebecquagsires\n|j| quebecquagsires\n|\n|t:|1700179407\n|switch|p1a: Hippowdad|Chandelure, F|100\/100\n|move|p2a: Necrozma|Photon Geyser|p1a: Hippowdad\n|-damage|p1a: Hippowdad|24\/100\n|\n|-weather|Sandstorm|[upkeep]\n|-damage|p1a: Hippowdad|18\/100|[from] Sandstorm\n|-damage|p2a: Necrozma|76\/100|[from] Sandstorm\n|upkeep\n|turn|4\n|l| quebecquagsires\n|j| quebecquagsires\n|l| quebecquagsires\n|j| quebecquagsires\n|\n|t:|1700179558\n|switch|p2a: Quaquaval|Quaquaval, F|100\/100\n|-damage|p2a: Quaquaval|94\/100|[from] Stealth Rock\n|move|p1a: Hippowdad|Shadow Ball|p2a: Quaquaval\n|-damage|p2a: Quaquaval|21\/100\n|\n|-weather|Sandstorm|[upkeep]\n|-damage|p1a: Hippowdad|12\/100|[from] Sandstorm\n|-damage|p2a: Quaquaval|15\/100|[from] Sandstorm\n|upkeep\n|turn|5\n|l| quebecquagsires\n|j| quebecquagsires\n|l| Mattlap31\n|l| quebecquagsires\n|j| quebecquagsires\n|l| quebecquagsires\n|j| quebecquagsires\n|\n|t:|1700179695\n|move|p2a: Quaquaval|Aqua Jet|p1a: Hippowdad\n|-supereffective|p1a: Hippowdad\n|-damage|p1a: Hippowdad|0 fnt\n|faint|p1a: Hippowdad\n|-ability|p2a: Quaquaval|Moxie|boost\n|-boost|p2a: Quaquaval|atk|1\n|\n|-weather|Sandstorm|[upkeep]\n|-damage|p2a: Quaquaval|9\/100|[from] Sandstorm\n|upkeep\n|\n|t:|1700179710\n|switch|p1a: Hippowdoom|Dracozolt|100\/100\n|turn|6\n|l| quebecquagsires\n|\n|t:|1700179768\n|move|p2a: Quaquaval|Aqua Jet|p1a: Hippowdoom\n|-resisted|p1a: Hippowdoom\n|-damage|p1a: Hippowdoom|84\/100\n|move|p1a: Hippowdoom|Bolt Beak|p2a: Quaquaval\n|-supereffective|p2a: Quaquaval\n|-damage|p2a: Quaquaval|0 fnt\n|faint|p2a: Quaquaval\n|-damage|p1a: Hippowdoom|74\/100|[from] item: Life Orb\n|\n|-weather|Sandstorm|[upkeep]\n|upkeep\n|j| quebecquagsires\n|l| quebecquagsires\n|j| quebecquagsires\n|l| quebecquagsires\n|j| quebecquagsires\n|\n|t:|1700179932\n|switch|p2a: Necrozma|Necrozma|76\/100\n|-damage|p2a: Necrozma|64\/100|[from] Stealth Rock\n|turn|7\n|\n|t:|1700180022\n|move|p1a: Hippowdoom|Bolt Beak|p2a: Necrozma\n|-damage|p2a: Necrozma|0 fnt\n|faint|p2a: Necrozma\n|-damage|p1a: Hippowdoom|64\/100|[from] item: Life Orb\n|\n|-weather|Sandstorm|[upkeep]\n|upkeep\n|\n|t:|1700180045\n|switch|p2a: Conkeldurr|Conkeldurr, M|100\/100\n|-damage|p2a: Conkeldurr|94\/100|[from] Stealth Rock\n|turn|8\n|\n|t:|1700180059\n|move|p2a: Conkeldurr|Mach Punch|p1a: Hippowdoom\n|-damage|p1a: Hippowdoom|36\/100\n|move|p1a: Hippowdoom|Substitute|p1a: Hippowdoom\n|-start|p1a: Hippowdoom|Substitute\n|-damage|p1a: Hippowdoom|11\/100\n|\n|-weather|none\n|-status|p2a: Conkeldurr|brn|[from] item: Flame Orb\n|upkeep\n|turn|9\n|\n|t:|1700180197\n|move|p2a: Conkeldurr|Mach Punch|p1a: Hippowdoom\n|-end|p1a: Hippowdoom|Substitute\n|move|p1a: Hippowdoom|Bolt Beak|p2a: Conkeldurr\n|-damage|p2a: Conkeldurr|56\/100 brn\n|-damage|p1a: Hippowdoom|1\/100|[from] item: Life Orb\n|\n|-damage|p2a: Conkeldurr|50\/100 brn|[from] brn\n|upkeep\n|turn|10\n|l| quebecquagsires\n|\n|t:|1700180211\n|move|p2a: Conkeldurr|Mach Punch|p1a: Hippowdoom\n|-damage|p1a: Hippowdoom|0 fnt\n|faint|p1a: Hippowdoom\n|\n|-damage|p2a: Conkeldurr|44\/100 brn|[from] brn\n|upkeep\n|\n|t:|1700180217\n|switch|p1a: GOD|Hippowdon, M, tera:Dragon|94\/100\n|-weather|Sandstorm|[from] ability: Sand Stream|[of] p1a: GOD\n|turn|11\n|j| quebecquagsires\n|l| quebecquagsires\n|j| quebecquagsires\n|l| quebecquagsires\n|j| quebecquagsires\n|\n|t:|1700180393\n|move|p2a: Conkeldurr|Ice Punch|p1a: GOD\n|-supereffective|p1a: GOD\n|-damage|p1a: GOD|27\/100\n|move|p1a: GOD|Whirlwind|p2a: Conkeldurr\n|drag|p2a: Dragonite|Dragonite, F|100\/100\n|\n|-weather|Sandstorm|[upkeep]\n|-damage|p2a: Dragonite|94\/100|[from] Sandstorm\n|-damage|p1a: GOD|21\/100|[from] Sandstorm\n|upkeep\n|turn|12\n|l| quebecquagsires\n|j| quebecquagsires\n|l| quebecquagsires\n|j| quebecquagsires\n|\n|t:|1700180633\n|move|p2a: Dragonite|Earthquake|p1a: GOD\n|-damage|p1a: GOD|0 fnt\n|faint|p1a: GOD\n|\n|-weather|Sandstorm|[upkeep]\n|-damage|p2a: Dragonite|88\/100|[from] Sandstorm\n|upkeep\n|\n|t:|1700180653\n|switch|p1a: Hippowdog|Sharpedo, M|100\/100\n|turn|13\n|l| quebecquagsires\n|j| quebecquagsires\n|l| quebecquagsires\n|j| quebecquagsires\n|\n|t:|1700180744\n|-terastallize|p2a: Dragonite|Normal\n|move|p1a: Hippowdog|Protect|p1a: Hippowdog\n|-singleturn|p1a: Hippowdog|Protect\n|move|p2a: Dragonite|Extreme Speed|p1a: Hippowdog\n|-activate|p1a: Hippowdog|move: Protect\n|\n|-weather|Sandstorm|[upkeep]\n|-damage|p1a: Hippowdog|94\/100|[from] Sandstorm\n|-damage|p2a: Dragonite|82\/100|[from] Sandstorm\n|-ability|p1a: Hippowdog|Speed Boost|boost\n|-boost|p1a: Hippowdog|spe|1\n|upkeep\n|turn|14\n|c|\u2606punto beast|knew it\n|c|\u2606punto beast|u take forever\n|l| quebecquagsires\n|c|\u2606punto beast|im ab to put the timer on\n|c|\u2606punto beast|u made angelo leave\n|\n|t:|1700180960\n|move|p2a: Dragonite|Extreme Speed|p1a: Hippowdog\n|-damage|p1a: Hippowdog|3\/100\n|move|p1a: Hippowdog|Flip Turn|p2a: Dragonite\n|-damage|p2a: Dragonite|48\/100\n|\n|t:|1700180976\n|switch|p1a: Hippowdude|Kommo-o, F|100\/100|[from] Flip Turn\n|\n|-weather|Sandstorm|[upkeep]\n|-damage|p2a: Dragonite|42\/100|[from] Sandstorm\n|upkeep\n|turn|15\n|j| quebecquagsires\n|l| quebecquagsires\n|j| quebecquagsires\n|c|\u2606BigMeal|im ab to put the timer on\n|c|\u2606BigMeal|u made angelo leave\n|l| quebecquagsires\n|j| quebecquagsires\n|l| quebecquagsires\n|j| quebecquagsires\n|\n|t:|1700181159\n|-zpower|p1a: Hippowdude\n|move|p1a: Hippowdude|Clangorous Soulblaze|p2a: Dragonite|[zeffect]\n|-damage|p2a: Dragonite|0 fnt\n|faint|p2a: Dragonite\n|-boost|p1a: Hippowdude|atk|1\n|-boost|p1a: Hippowdude|def|1\n|-boost|p1a: Hippowdude|spa|1\n|-boost|p1a: Hippowdude|spd|1\n|-boost|p1a: Hippowdude|spe|1\n|\n|-weather|Sandstorm|[upkeep]\n|upkeep\n|\n|t:|1700181195\n|switch|p2a: Azelf|Azelf|100\/100\n|-damage|p2a: Azelf|88\/100|[from] Stealth Rock\n|turn|16\n|l| quebecquagsires\n|j| quebecquagsires\n|l| quebecquagsires\n|c|\u2606punto beast|gg\n|\n|t:|1700181240\n|move|p1a: Hippowdude|Clanging Scales|p2a: Azelf\n|-damage|p2a: Azelf|0 fnt\n|faint|p2a: Azelf\n|-unboost|p1a: Hippowdude|def|1\n|\n|-weather|Sandstorm|[upkeep]\n|upkeep\n|j| quebecquagsires\n|l| quebecquagsires\n|j| quebecquagsires\n|c|\u2606BigMeal|gg\n|l| quebecquagsires\n|\n|t:|1700181296\n|switch|p2a: Volcarona|Volcarona, F|94\/100\n|-damage|p2a: Volcarona|45\/100|[from] Stealth Rock\n|turn|17\n|\n|t:|1700181323\n|move|p1a: Hippowdude|Clanging Scales|p2a: Volcarona\n|-damage|p2a: Volcarona|0 fnt\n|faint|p2a: Volcarona\n|-unboost|p1a: Hippowdude|def|1\n|\n|-weather|Sandstorm|[upkeep]\n|upkeep\n|j| quebecquagsires\n|\n|t:|1700181329\n|switch|p2a: Conkeldurr|Conkeldurr, M|44\/100 brn\n|-damage|p2a: Conkeldurr|38\/100 brn|[from] Stealth Rock\n|turn|18\n|\n|t:|1700181338\n|move|p1a: Hippowdude|Clanging Scales|p2a: Conkeldurr\n|-damage|p2a: Conkeldurr|0 fnt\n|faint|p2a: Conkeldurr\n|\n|win|BigMeal\n","uploadtime":1700181343,"views":25,"p1id":"bigmeal","p2id":"puntobeast","formatid":"gen9nationaldex","rating":0,"private":0,"password":""}