{"id":"gen9nationaldex-1995808269","p1":"pablo ruiz pikachu","p2":"Elqnosabena","format":"[Gen 9] National Dex","log":"|html|<div class=\"broadcast-blue\"><strong>[Gen 9] National Dex is currently suspecting Sneasler! For information on how to participate check out the <a href=\"https:\/\/www.smogon.com\/forums\/threads\/sv-national-dex-suspect-8-just-dance.3731534\/\">suspect thread<\/a>.<\/strong><\/div>\n|j|\u2606pablo ruiz pikachu\n|j|\u2606Elqnosabena\n|t:|1700605164\n|gametype|singles\n|player|p1|pablo ruiz pikachu|artist|1124\n|player|p2|Elqnosabena|266|1155\n|teamsize|p1|6\n|teamsize|p2|6\n|gen|9\n|tier|[Gen 9] National Dex\n|rated|\n|rule|HP Percentage Mod: HP is shown in percentages\n|rule|Endless Battle Clause: Forcing endless battles is banned\n|rule|OHKO Clause: OHKO moves are banned\n|rule|Evasion Clause: Evasion abilities, items, and moves are banned\n|rule|Evasion Abilities Clause: Evasion abilities are banned\n|rule|Evasion Items Clause: Evasion items are banned\n|rule|Evasion Moves Clause: Evasion moves are banned\n|rule|Species Clause: Limit one of each Pok\u00e9mon\n|rule|Sleep Clause Mod: Limit one foe put to sleep\n|clearpoke\n|poke|p1|Hatterene, F|\n|poke|p1|Garganacl, M|\n|poke|p1|Grimmsnarl, M|\n|poke|p1|Ting-Lu|\n|poke|p1|Serperior, F|\n|poke|p1|Sinistcha-Masterpiece|\n|poke|p2|Garganacl, F|\n|poke|p2|Iron Moth|\n|poke|p2|Scizor, M|\n|poke|p2|Iron Hands|\n|poke|p2|Greninja-*, F|\n|poke|p2|Chansey, F|\n|teampreview\n|inactive|Battle timer is ON: inactive players will automatically lose when time's up. (requested by pablo ruiz pikachu)\n|\n|t:|1700605168\n|start\n|switch|p1a: rebotitos|Hatterene, F, shiny|100\/100\n|switch|p2a: Iron Moth|Iron Moth|100\/100\n|-enditem|p2a: Iron Moth|Booster Energy\n|-activate|p2a: Iron Moth|ability: Quark Drive|[fromitem]\n|-start|p2a: Iron Moth|quarkdrivespa\n|turn|1\n|\n|t:|1700605179\n|move|p2a: Iron Moth|Fiery Dance|p1a: rebotitos\n|-damage|p1a: rebotitos|43\/100\n|-boost|p2a: Iron Moth|spa|1\n|move|p1a: rebotitos|Trick|p2a: Iron Moth\n|-activate|p1a: rebotitos|move: Trick|[of] p2a: Iron Moth\n|-item|p2a: Iron Moth|Choice Scarf|[from] move: Trick\n|-enditem|p1a: rebotitos|Choice Scarf|[silent]|[from] move: Trick\n|\n|upkeep\n|turn|2\n|\n|t:|1700605186\n|move|p2a: Iron Moth|Fiery Dance|p1a: rebotitos\n|-damage|p1a: rebotitos|0 fnt\n|faint|p1a: rebotitos\n|\n|upkeep\n|\n|t:|1700605191\n|switch|p1a: bicho de tierra|Ting-Lu|100\/100\n|-ability|p1a: bicho de tierra|Vessel of Ruin\n|turn|3\n|\n|t:|1700605210\n|-terastallize|p2a: Iron Moth|Grass\n|move|p2a: Iron Moth|Fiery Dance|p1a: bicho de tierra\n|-damage|p1a: bicho de tierra|66\/100\n|-boost|p2a: Iron Moth|spa|1\n|move|p1a: bicho de tierra|Stealth Rock|p2a: Iron Moth\n|-sidestart|p2: Elqnosabena|move: Stealth Rock\n|\n|-heal|p1a: bicho de tierra|72\/100|[from] item: Leftovers\n|upkeep\n|turn|4\n|\n|t:|1700605221\n|move|p2a: Iron Moth|Fiery Dance|p1a: bicho de tierra\n|-damage|p1a: bicho de tierra|28\/100\n|-boost|p2a: Iron Moth|spa|1\n|move|p1a: bicho de tierra|Whirlwind|p2a: Iron Moth\n|-end|p2a: Iron Moth|Quark Drive|[silent]\n|drag|p2a: Greninja|Greninja, F|100\/100\n|-damage|p2a: Greninja|88\/100|[from] Stealth Rock\n|\n|-heal|p1a: bicho de tierra|34\/100|[from] item: Leftovers\n|upkeep\n|turn|5\n|\n|t:|1700605236\n|move|p2a: Greninja|Hydro Pump|p1a: bicho de tierra\n|-start|p2a: Greninja|typechange|Water|[from] ability: Protean\n|-supereffective|p1a: bicho de tierra\n|-damage|p1a: bicho de tierra|0 fnt\n|faint|p1a: bicho de tierra\n|-damage|p2a: Greninja|78\/100|[from] item: Life Orb\n|\n|upkeep\n|\n|t:|1700605245\n|switch|p1a: la v\u00edbora de tu ex|Serperior, F|100\/100\n|turn|6\n|\n|t:|1700605249\n|move|p2a: Greninja|Ice Beam|p1a: la v\u00edbora de tu ex\n|-supereffective|p1a: la v\u00edbora de tu ex\n|-damage|p1a: la v\u00edbora de tu ex|19\/100\n|-damage|p2a: Greninja|69\/100|[from] item: Life Orb\n|move|p1a: la v\u00edbora de tu ex|Leaf Storm|p2a: Greninja\n|-supereffective|p2a: Greninja\n|-damage|p2a: Greninja|0 fnt\n|-boost|p1a: la v\u00edbora de tu ex|spa|2\n|faint|p2a: Greninja\n|\n|-heal|p1a: la v\u00edbora de tu ex|25\/100|[from] item: Leftovers\n|upkeep\n|\n|t:|1700605265\n|switch|p2a: Iron Moth|Iron Moth, tera:Grass|100\/100\n|-damage|p2a: Iron Moth|88\/100|[from] Stealth Rock\n|turn|7\n|\n|t:|1700605270\n|switch|p1a: molestio|Grimmsnarl, M, shiny|100\/100\n|move|p2a: Iron Moth|Fiery Dance|p1a: molestio\n|-damage|p1a: molestio|51\/100\n|\n|upkeep\n|turn|8\n|\n|t:|1700605276\n|move|p1a: molestio|Light Screen|p1a: molestio\n|-sidestart|p1: pablo ruiz pikachu|move: Light Screen\n|move|p2a: Iron Moth|Fiery Dance|p1a: molestio\n|-damage|p1a: molestio|26\/100\n|-boost|p2a: Iron Moth|spa|1\n|\n|upkeep\n|turn|9\n|\n|t:|1700605283\n|move|p1a: molestio|Parting Shot|p2a: Iron Moth\n|-unboost|p2a: Iron Moth|atk|1\n|-unboost|p2a: Iron Moth|spa|1\n|\n|t:|1700605286\n|switch|p1a: hada de la sal|Garganacl, M|100\/100|[from] Parting Shot\n|move|p2a: Iron Moth|Fiery Dance|p1a: hada de la sal\n|-resisted|p1a: hada de la sal\n|-damage|p1a: hada de la sal|91\/100\n|\n|-heal|p1a: hada de la sal|97\/100|[from] item: Leftovers\n|upkeep\n|turn|10\n|\n|t:|1700605310\n|-end|p2a: Iron Moth|Quark Drive|[silent]\n|switch|p2a: Garganacl|Garganacl, F|100\/100\n|-damage|p2a: Garganacl|88\/100|[from] Stealth Rock\n|move|p1a: hada de la sal|Curse|p1a: hada de la sal\n|-unboost|p1a: hada de la sal|spe|1\n|-boost|p1a: hada de la sal|atk|1\n|-boost|p1a: hada de la sal|def|1\n|\n|-heal|p2a: Garganacl|94\/100|[from] item: Leftovers\n|-heal|p1a: hada de la sal|100\/100|[from] item: Leftovers\n|upkeep\n|turn|11\n|\n|t:|1700605323\n|move|p2a: Garganacl|Salt Cure|p1a: hada de la sal\n|-damage|p1a: hada de la sal|95\/100\n|-start|p1a: hada de la sal|Salt Cure\n|move|p1a: hada de la sal|Body Press|p2a: Garganacl\n|-supereffective|p2a: Garganacl\n|-damage|p2a: Garganacl|48\/100\n|\n|-heal|p2a: Garganacl|54\/100|[from] item: Leftovers\n|-heal|p1a: hada de la sal|100\/100|[from] item: Leftovers\n|-damage|p1a: hada de la sal|88\/100|[from] Salt Cure\n|upkeep\n|turn|12\n|inactive|Elqnosabena has 120 seconds left.\n|\n|t:|1700605350\n|move|p2a: Garganacl|Body Press|p1a: hada de la sal\n|-supereffective|p1a: hada de la sal\n|-damage|p1a: hada de la sal|65\/100\n|move|p1a: hada de la sal|Curse|p1a: hada de la sal\n|-unboost|p1a: hada de la sal|spe|1\n|-boost|p1a: hada de la sal|atk|1\n|-boost|p1a: hada de la sal|def|1\n|\n|-heal|p2a: Garganacl|60\/100|[from] item: Leftovers\n|-heal|p1a: hada de la sal|71\/100|[from] item: Leftovers\n|-damage|p1a: hada de la sal|59\/100|[from] Salt Cure\n|upkeep\n|turn|13\n|inactive|Elqnosabena has 120 seconds left.\n|\n|t:|1700605363\n|switch|p2a: Chansey|Chansey, F|100\/100\n|-damage|p2a: Chansey|88\/100|[from] Stealth Rock\n|-terastallize|p1a: hada de la sal|Fairy\n|move|p1a: hada de la sal|Body Press|p2a: Chansey\n|-supereffective|p2a: Chansey\n|-damage|p2a: Chansey|0 fnt\n|faint|p2a: Chansey\n|\n|-heal|p1a: hada de la sal|65\/100|[from] item: Leftovers\n|-damage|p1a: hada de la sal|52\/100|[from] Salt Cure\n|upkeep\n|\n|t:|1700605381\n|switch|p2a: Scizor|Scizor, M|100\/100\n|-damage|p2a: Scizor|88\/100|[from] Stealth Rock\n|turn|14\n|\n|t:|1700605389\n|detailschange|p2a: Scizor|Scizor-Mega, M\n|-mega|p2a: Scizor|Scizor|Scizorite\n|move|p2a: Scizor|Knock Off|p1a: hada de la sal\n|-resisted|p1a: hada de la sal\n|-damage|p1a: hada de la sal|47\/100\n|-enditem|p1a: hada de la sal|Leftovers|[from] move: Knock Off|[of] p2a: Scizor\n|move|p1a: hada de la sal|Recover|p1a: hada de la sal\n|-heal|p1a: hada de la sal|97\/100\n|\n|-damage|p1a: hada de la sal|84\/100|[from] Salt Cure\n|upkeep\n|turn|15\n|\n|t:|1700605401\n|move|p2a: Scizor|Swords Dance|p2a: Scizor\n|-boost|p2a: Scizor|atk|2\n|move|p1a: hada de la sal|Salt Cure|p2a: Scizor\n|-damage|p2a: Scizor|63\/100\n|-start|p2a: Scizor|Salt Cure\n|\n|-damage|p2a: Scizor|38\/100|[from] Salt Cure\n|-damage|p1a: hada de la sal|72\/100|[from] Salt Cure\n|-sideend|p1: pablo ruiz pikachu|move: Light Screen\n|upkeep\n|turn|16\n|\n|t:|1700605413\n|move|p2a: Scizor|Bullet Punch|p1a: hada de la sal\n|-supereffective|p1a: hada de la sal\n|-damage|p1a: hada de la sal|30\/100\n|move|p1a: hada de la sal|Recover|p1a: hada de la sal\n|-heal|p1a: hada de la sal|80\/100\n|\n|-damage|p2a: Scizor|13\/100|[from] Salt Cure\n|-damage|p1a: hada de la sal|68\/100|[from] Salt Cure\n|upkeep\n|turn|17\n|\n|t:|1700605422\n|move|p2a: Scizor|Bullet Punch|p1a: hada de la sal\n|-supereffective|p1a: hada de la sal\n|-damage|p1a: hada de la sal|26\/100\n|move|p1a: hada de la sal|Recover|p1a: hada de la sal\n|-heal|p1a: hada de la sal|76\/100\n|\n|-damage|p2a: Scizor|0 fnt|[from] Salt Cure\n|faint|p2a: Scizor\n|-damage|p1a: hada de la sal|64\/100|[from] Salt Cure\n|upkeep\n|\n|t:|1700605431\n|switch|p2a: Iron Moth|Iron Moth, tera:Grass|88\/100\n|-damage|p2a: Iron Moth|76\/100|[from] Stealth Rock\n|turn|18\n|\n|t:|1700605436\n|move|p2a: Iron Moth|Fiery Dance|p1a: hada de la sal\n|-damage|p1a: hada de la sal|26\/100\n|move|p1a: hada de la sal|Salt Cure|p2a: Iron Moth\n|-damage|p2a: Iron Moth|28\/100\n|-start|p2a: Iron Moth|Salt Cure\n|\n|-damage|p2a: Iron Moth|15\/100|[from] Salt Cure\n|-damage|p1a: hada de la sal|14\/100|[from] Salt Cure\n|upkeep\n|turn|19\n|\n|t:|1700605445\n|move|p2a: Iron Moth|Fiery Dance|p1a: hada de la sal\n|-damage|p1a: hada de la sal|0 fnt\n|-boost|p2a: Iron Moth|spa|1\n|faint|p1a: hada de la sal\n|\n|-damage|p2a: Iron Moth|3\/100|[from] Salt Cure\n|upkeep\n|\n|t:|1700605453\n|switch|p1a: molestio|Grimmsnarl, M, shiny|26\/100\n|turn|20\n|\n|t:|1700605457\n|move|p1a: molestio|Reflect|p1a: molestio\n|-sidestart|p1: pablo ruiz pikachu|Reflect\n|move|p2a: Iron Moth|Fiery Dance|p1a: molestio\n|-damage|p1a: molestio|0 fnt\n|faint|p1a: molestio\n|\n|-damage|p2a: Iron Moth|0 fnt|[from] Salt Cure\n|faint|p2a: Iron Moth\n|-end|p2a: Iron Moth|Quark Drive|[silent]\n|upkeep\n|\n|t:|1700605468\n|switch|p2a: Garganacl|Garganacl, F|60\/100\n|switch|p1a: nacha la matcha|Sinistcha-Masterpiece|100\/100\n|-damage|p2a: Garganacl|48\/100|[from] Stealth Rock\n|turn|21\n|\n|t:|1700605484\n|switch|p2a: Iron Hands|Iron Hands|100\/100\n|-damage|p2a: Iron Hands|94\/100|[from] Stealth Rock\n|move|p1a: nacha la matcha|Matcha Gotcha|p2a: Iron Hands\n|-damage|p2a: Iron Hands|76\/100\n|\n|upkeep\n|turn|22\n|\n|t:|1700605494\n|move|p1a: nacha la matcha|Strength Sap|p2a: Iron Hands\n|-unboost|p2a: Iron Hands|atk|1\n|move|p2a: Iron Hands|Drain Punch|p1a: nacha la matcha\n|-immune|p1a: nacha la matcha\n|\n|upkeep\n|turn|23\n|\n|t:|1700605502\n|move|p1a: nacha la matcha|Calm Mind|p1a: nacha la matcha\n|-boost|p1a: nacha la matcha|spa|1\n|-boost|p1a: nacha la matcha|spd|1\n|move|p2a: Iron Hands|Wild Charge|p1a: nacha la matcha\n|-resisted|p1a: nacha la matcha\n|-damage|p1a: nacha la matcha|95\/100\n|-damage|p2a: Iron Hands|75\/100|[from] Recoil\n|\n|-heal|p1a: nacha la matcha|100\/100|[from] item: Leftovers\n|upkeep\n|turn|24\n|\n|t:|1700605512\n|move|p2a: Iron Hands|Fake Out||[still]\n|-hint|Fake Out only works on your first turn out.\n|-fail|p2a: Iron Hands\n|move|p1a: nacha la matcha|Calm Mind|p1a: nacha la matcha\n|-boost|p1a: nacha la matcha|spa|1\n|-boost|p1a: nacha la matcha|spd|1\n|\n|upkeep\n|turn|25\n|\n|t:|1700605518\n|move|p1a: nacha la matcha|Calm Mind|p1a: nacha la matcha\n|-boost|p1a: nacha la matcha|spa|1\n|-boost|p1a: nacha la matcha|spd|1\n|move|p2a: Iron Hands|Volt Switch|p1a: nacha la matcha\n|-resisted|p1a: nacha la matcha\n|-damage|p1a: nacha la matcha|97\/100\n|\n|t:|1700605525\n|-end|p2a: Iron Hands|Quark Drive|[silent]\n|switch|p2a: Garganacl|Garganacl, F|48\/100|[from] Volt Switch\n|-damage|p2a: Garganacl|35\/100|[from] Stealth Rock\n|\n|-heal|p1a: nacha la matcha|100\/100|[from] item: Leftovers\n|-heal|p2a: Garganacl|42\/100|[from] item: Leftovers\n|upkeep\n|turn|26\n|\n|t:|1700605534\n|move|p1a: nacha la matcha|Scald|p2a: Garganacl\n|-supereffective|p2a: Garganacl\n|-damage|p2a: Garganacl|0 fnt\n|faint|p2a: Garganacl\n|\n|upkeep\n|\n|t:|1700605539\n|switch|p2a: Iron Hands|Iron Hands|75\/100\n|-damage|p2a: Iron Hands|69\/100|[from] Stealth Rock\n|turn|27\n|\n|t:|1700605544\n|move|p1a: nacha la matcha|Scald|p2a: Iron Hands\n|-damage|p2a: Iron Hands|35\/100\n|move|p2a: Iron Hands|Drain Punch|p1a: nacha la matcha\n|-immune|p1a: nacha la matcha\n|\n|-sideend|p1: pablo ruiz pikachu|Reflect\n|upkeep\n|turn|28\n|-message|Elqnosabena forfeited.\n|\n|win|pablo ruiz pikachu\n|raw|pablo ruiz pikachu's rating: 1106 &rarr; <strong>1135<\/strong><br \/>(+29 for winning)\n|raw|Elqnosabena's rating: 1155 &rarr; <strong>1126<\/strong><br \/>(-29 for losing)\n|l|\u2606Elqnosabena\n","uploadtime":1700605566,"views":0,"p1id":"pabloruizpikachu","p2id":"elqnosabena","formatid":"gen9nationaldex","rating":1126,"private":0,"password":""}