{"id":"gen9nationaldex-1988472538","p1":"mxtbog","p2":"Shogunian","format":"[Gen 9] National Dex","log":"|j|\u2606mxtbog\n|j|\u2606Shogunian\n|t:|1699726614\n|gametype|singles\n|player|p1|mxtbog|preschooler|1289\n|player|p2|Shogunian|galacticgruntf|1328\n|teamsize|p1|6\n|teamsize|p2|6\n|gen|9\n|tier|[Gen 9] National Dex\n|rated|\n|rule|HP Percentage Mod: HP is shown in percentages\n|rule|Endless Battle Clause: Forcing endless battles is banned\n|rule|OHKO Clause: OHKO moves are banned\n|rule|Evasion Clause: Evasion abilities, items, and moves are banned\n|rule|Evasion Abilities Clause: Evasion abilities are banned\n|rule|Evasion Items Clause: Evasion items are banned\n|rule|Evasion Moves Clause: Evasion moves are banned\n|rule|Species Clause: Limit one of each Pok\u00e9mon\n|rule|Sleep Clause Mod: Limit one foe put to sleep\n|clearpoke\n|poke|p1|Toucannon, F|\n|poke|p1|Dragonite, M|\n|poke|p1|Toxapex, F|\n|poke|p1|Greninja-*, M|\n|poke|p1|Great Tusk|\n|poke|p1|Mawile, M|\n|poke|p2|Tyranitar, M|\n|poke|p2|Garchomp, M|\n|poke|p2|Dracozolt|\n|poke|p2|Corviknight, F|\n|poke|p2|Slither Wing|\n|poke|p2|Tapu Fini|\n|teampreview\n|inactive|Battle timer is ON: inactive players will automatically lose when time's up. (requested by Shogunian)\n|\n|t:|1699726631\n|start\n|switch|p1a: Mawile|Mawile, M|100\/100\n|switch|p2a: Tapu Fini|Tapu Fini|100\/100\n|-fieldstart|move: Misty Terrain|[from] ability: Misty Surge|[of] p2a: Tapu Fini\n|-ability|p1a: Mawile|Intimidate|boost\n|-unboost|p2a: Tapu Fini|atk|1\n|turn|1\n|\n|t:|1699726642\n|switch|p2a: Corviknight|Corviknight, F|100\/100\n|-ability|p2a: Corviknight|Pressure\n|detailschange|p1a: Mawile|Mawile-Mega, M\n|-mega|p1a: Mawile|Mawile|Mawilite\n|move|p1a: Mawile|Thunder Punch|p2a: Corviknight\n|-supereffective|p2a: Corviknight\n|-damage|p2a: Corviknight|43\/100\n|-damage|p1a: Mawile|84\/100|[from] item: Rocky Helmet|[of] p2a: Corviknight\n|\n|upkeep\n|turn|2\n|\n|t:|1699726670\n|switch|p2a: Slither Wing|Slither Wing|100\/100\n|move|p1a: Mawile|Thunder Punch|p2a: Slither Wing\n|-damage|p2a: Slither Wing|46\/100\n|\n|upkeep\n|turn|3\n|\n|t:|1699726677\n|switch|p1a: Glandur|Toucannon, F|100\/100\n|move|p2a: Slither Wing|U-turn|p1a: Glandur\n|-resisted|p1a: Glandur\n|-crit|p1a: Glandur\n|-damage|p1a: Glandur|58\/100\n|\n|t:|1699726680\n|-end|p2a: Slither Wing|Protosynthesis|[silent]\n|switch|p2a: Tyranitar|Tyranitar, M|100\/100|[from] U-turn\n|-weather|Sandstorm|[from] ability: Sand Stream|[of] p2a: Tyranitar\n|\n|-weather|Sandstorm|[upkeep]\n|-damage|p1a: Glandur|52\/100|[from] Sandstorm\n|upkeep\n|turn|4\n|\n|t:|1699726687\n|move|p1a: Glandur|Bullet Seed|p2a: Tyranitar\n|-supereffective|p2a: Tyranitar\n|-damage|p2a: Tyranitar|86\/100\n|-supereffective|p2a: Tyranitar\n|-damage|p2a: Tyranitar|72\/100\n|-supereffective|p2a: Tyranitar\n|-damage|p2a: Tyranitar|57\/100\n|-supereffective|p2a: Tyranitar\n|-damage|p2a: Tyranitar|44\/100\n|-supereffective|p2a: Tyranitar\n|-damage|p2a: Tyranitar|30\/100\n|-hitcount|p2a: Tyranitar|5\n|move|p2a: Tyranitar|Stealth Rock|p1a: Glandur\n|-sidestart|p1: mxtbog|move: Stealth Rock\n|\n|-weather|Sandstorm|[upkeep]\n|-damage|p1a: Glandur|46\/100|[from] Sandstorm\n|upkeep\n|turn|5\n|\n|t:|1699726707\n|switch|p2a: Corviknight|Corviknight, F|43\/100\n|-ability|p2a: Corviknight|Pressure\n|move|p1a: Glandur|Bullet Seed|p2a: Corviknight\n|-resisted|p2a: Corviknight\n|-damage|p2a: Corviknight|42\/100\n|-resisted|p2a: Corviknight\n|-damage|p2a: Corviknight|41\/100\n|-resisted|p2a: Corviknight\n|-damage|p2a: Corviknight|40\/100\n|-resisted|p2a: Corviknight\n|-damage|p2a: Corviknight|38\/100\n|-resisted|p2a: Corviknight\n|-damage|p2a: Corviknight|37\/100\n|-hitcount|p2a: Corviknight|5\n|\n|-weather|Sandstorm|[upkeep]\n|-damage|p1a: Glandur|40\/100|[from] Sandstorm\n|-fieldend|Misty Terrain\n|upkeep\n|turn|6\n|\n|t:|1699726730\n|switch|p1a: Great Tusk|Great Tusk|100\/100\n|-damage|p1a: Great Tusk|98\/100|[from] Stealth Rock\n|move|p2a: Corviknight|Roost|p2a: Corviknight\n|-heal|p2a: Corviknight|87\/100\n|-singleturn|p2a: Corviknight|move: Roost\n|\n|-weather|Sandstorm|[upkeep]\n|-heal|p1a: Great Tusk|100\/100|[from] item: Leftovers\n|upkeep\n|turn|7\n|\n|t:|1699726751\n|move|p1a: Great Tusk|Stealth Rock|p2a: Corviknight\n|-sidestart|p2: Shogunian|move: Stealth Rock\n|move|p2a: Corviknight|U-turn|p1a: Great Tusk\n|-resisted|p1a: Great Tusk\n|-damage|p1a: Great Tusk|95\/100\n|\n|t:|1699726755\n|switch|p2a: Tapu Fini|Tapu Fini|100\/100|[from] U-turn\n|-damage|p2a: Tapu Fini|88\/100|[from] Stealth Rock\n|-fieldstart|move: Misty Terrain|[from] ability: Misty Surge|[of] p2a: Tapu Fini\n|\n|-weather|none\n|-heal|p1a: Great Tusk|100\/100|[from] item: Leftovers\n|upkeep\n|turn|8\n|\n|t:|1699726766\n|-end|p1a: Great Tusk|Protosynthesis|[silent]\n|switch|p1a: Mawile|Mawile-Mega, M|84\/100\n|-damage|p1a: Mawile|78\/100|[from] Stealth Rock\n|move|p2a: Tapu Fini|Trick||[still]\n|-fail|p2a: Tapu Fini\n|\n|upkeep\n|turn|9\n|\n|t:|1699726774\n|switch|p2a: Slither Wing|Slither Wing|46\/100\n|move|p1a: Mawile|Fire Fang|p2a: Slither Wing\n|-supereffective|p2a: Slither Wing\n|-damage|p2a: Slither Wing|0 fnt\n|faint|p2a: Slither Wing\n|-end|p2a: Slither Wing|Protosynthesis|[silent]\n|\n|upkeep\n|\n|t:|1699726776\n|switch|p2a: Dracozolt|Dracozolt|100\/100\n|-damage|p2a: Dracozolt|88\/100|[from] Stealth Rock\n|turn|10\n|\n|t:|1699726786\n|switch|p2a: Tyranitar|Tyranitar, M|30\/100\n|-damage|p2a: Tyranitar|17\/100|[from] Stealth Rock\n|-weather|Sandstorm|[from] ability: Sand Stream|[of] p2a: Tyranitar\n|move|p1a: Mawile|Play Rough|p2a: Tyranitar\n|-supereffective|p2a: Tyranitar\n|-damage|p2a: Tyranitar|0 fnt\n|faint|p2a: Tyranitar\n|\n|-weather|Sandstorm|[upkeep]\n|upkeep\n|-message|Shogunian forfeited.\n|\n|win|mxtbog\n|raw|mxtbog's rating: 1289 &rarr; <strong>1317<\/strong><br \/>(+28 for winning)\n|raw|Shogunian's rating: 1328 &rarr; <strong>1306<\/strong><br \/>(-22 for losing)\n|l|\u2606Shogunian\n","uploadtime":1699726799,"views":4,"p1id":"mxtbog","p2id":"shogunian","formatid":"gen9nationaldex","rating":1306,"private":0,"password":""}