{"id":"gen9nationaldex-1990294175","p1":"Blake-Mamba","p2":"Alexis1919","format":"[Gen 9] National Dex","log":"|j|\u2606Blake-Mamba\n|j|\u2606Alexis1919\n|t:|1699952179\n|gametype|singles\n|player|p1|Blake-Mamba|juan|1418\n|player|p2|Alexis1919|cheren-gen5bw2|1479\n|teamsize|p1|6\n|teamsize|p2|6\n|gen|9\n|tier|[Gen 9] National Dex\n|rated|\n|rule|HP Percentage Mod: HP is shown in percentages\n|rule|Endless Battle Clause: Forcing endless battles is banned\n|rule|OHKO Clause: OHKO moves are banned\n|rule|Evasion Clause: Evasion abilities, items, and moves are banned\n|rule|Evasion Abilities Clause: Evasion abilities are banned\n|rule|Evasion Items Clause: Evasion items are banned\n|rule|Evasion Moves Clause: Evasion moves are banned\n|rule|Species Clause: Limit one of each Pok\u00e9mon\n|rule|Sleep Clause Mod: Limit one foe put to sleep\n|clearpoke\n|poke|p1|Cinccino, F|\n|poke|p1|Zebstrika, F|\n|poke|p1|Ferrothorn, F|\n|poke|p1|Seismitoad, F|\n|poke|p1|Krookodile, M|\n|poke|p1|Emboar, F|\n|poke|p2|Meowscarada, F|\n|poke|p2|Ceruledge, M|\n|poke|p2|Garganacl, M|\n|poke|p2|Clodsire, M|\n|poke|p2|Tatsugiri, F|\n|poke|p2|Orthworm, F|\n|teampreview\n|\n|t:|1699952189\n|start\n|switch|p1a: Seismitoad|Seismitoad, F|100\/100\n|switch|p2a: Meowscarada|Meowscarada, F, shiny|100\/100\n|turn|1\n|\n|t:|1699952198\n|switch|p1a: Zebstrika|Zebstrika, F, shiny|100\/100\n|move|p2a: Meowscarada|Flower Trick|p1a: Zebstrika\n|-start|p2a: Meowscarada|typechange|Grass|[from] ability: Protean\n|-ability|p1a: Zebstrika|Sap Sipper|boost\n|-boost|p1a: Zebstrika|atk|1\n|\n|upkeep\n|turn|2\n|\n|t:|1699952213\n|switch|p2a: Clodsire|Clodsire, M|100\/100\n|move|p1a: Zebstrika|Flame Charge|p2a: Clodsire\n|-damage|p2a: Clodsire|88\/100\n|-boost|p1a: Zebstrika|spe|1\n|\n|upkeep\n|turn|3\n|\n|t:|1699952221\n|switch|p1a: Krookodile|Krookodile, M|100\/100\n|move|p2a: Clodsire|Earthquake|p1a: Krookodile\n|-damage|p1a: Krookodile|65\/100\n|\n|upkeep\n|turn|4\n|\n|t:|1699952233\n|switch|p2a: Meowscarada|Meowscarada, F, shiny|100\/100\n|move|p1a: Krookodile|Earthquake|p2a: Meowscarada\n|-resisted|p2a: Meowscarada\n|-damage|p2a: Meowscarada|50\/100\n|\n|upkeep\n|turn|5\n|\n|t:|1699952246\n|switch|p1a: Ferrothorn|Ferrothorn, F, shiny|100\/100\n|move|p2a: Meowscarada|U-turn|p1a: Ferrothorn\n|-start|p2a: Meowscarada|typechange|Bug|[from] ability: Protean\n|-damage|p1a: Ferrothorn|81\/100\n|-damage|p2a: Meowscarada|38\/100|[from] ability: Iron Barbs|[of] p1a: Ferrothorn\n|-damage|p2a: Meowscarada|22\/100|[from] item: Rocky Helmet|[of] p1a: Ferrothorn\n|\n|t:|1699952268\n|switch|p2a: Ceruledge|Ceruledge, M|100\/100|[from] U-turn\n|\n|upkeep\n|turn|6\n|\n|t:|1699952277\n|-terastallize|p1a: Ferrothorn|Ghost\n|move|p2a: Ceruledge|Swords Dance|p2a: Ceruledge\n|-boost|p2a: Ceruledge|atk|2\n|move|p1a: Ferrothorn|Leech Seed|p2a: Ceruledge|[miss]\n|-miss|p1a: Ferrothorn|p2a: Ceruledge\n|\n|upkeep\n|turn|7\n|\n|t:|1699952285\n|move|p2a: Ceruledge|Shadow Claw|p1a: Ferrothorn\n|-supereffective|p1a: Ferrothorn\n|-damage|p1a: Ferrothorn|0 fnt\n|-damage|p2a: Ceruledge|88\/100|[from] ability: Iron Barbs|[of] p1a: Ferrothorn\n|-damage|p2a: Ceruledge|71\/100|[from] item: Rocky Helmet|[of] p1a: Ferrothorn\n|faint|p1a: Ferrothorn\n|-damage|p2a: Ceruledge|62\/100|[from] item: Life Orb\n|\n|upkeep\n|\n|t:|1699952301\n|switch|p1a: Emboar|Emboar, F, shiny|100\/100\n|turn|8\n|\n|t:|1699952321\n|switch|p2a: Tatsugiri|Tatsugiri, F|100\/100\n|move|p1a: Emboar|Head Smash|p2a: Tatsugiri\n|-damage|p2a: Tatsugiri|2\/100\n|-damage|p1a: Emboar|56\/100|[from] Recoil\n|\n|upkeep\n|turn|9\n|\n|t:|1699952329\n|move|p1a: Emboar|Head Smash|p2a: Tatsugiri\n|-damage|p2a: Tatsugiri|0 fnt\n|faint|p2a: Tatsugiri\n|-damage|p1a: Emboar|55\/100|[from] Recoil\n|\n|upkeep\n|\n|t:|1699952336\n|switch|p2a: Clodsire|Clodsire, M|88\/100\n|turn|10\n|\n|t:|1699952342\n|switch|p1a: Krookodile|Krookodile, M|65\/100\n|move|p2a: Clodsire|Earthquake|p1a: Krookodile\n|-damage|p1a: Krookodile|30\/100\n|\n|upkeep\n|turn|11\n|\n|t:|1699952353\n|switch|p2a: Orthworm|Orthworm, F, shiny|100\/100\n|move|p1a: Krookodile|Knock Off|p2a: Orthworm\n|-damage|p2a: Orthworm|64\/100\n|-enditem|p2a: Orthworm|Lum Berry|[from] move: Knock Off|[of] p1a: Krookodile\n|\n|upkeep\n|turn|12\n|\n|t:|1699952364\n|move|p1a: Krookodile|Scale Shot|p2a: Orthworm\n|-resisted|p2a: Orthworm\n|-damage|p2a: Orthworm|61\/100\n|-resisted|p2a: Orthworm\n|-damage|p2a: Orthworm|57\/100\n|-resisted|p2a: Orthworm\n|-damage|p2a: Orthworm|55\/100\n|-resisted|p2a: Orthworm\n|-damage|p2a: Orthworm|51\/100\n|-resisted|p2a: Orthworm\n|-crit|p2a: Orthworm\n|-damage|p2a: Orthworm|46\/100\n|-hitcount|p2a: Orthworm|5\n|-unboost|p1a: Krookodile|def|1\n|-boost|p1a: Krookodile|spe|1\n|move|p2a: Orthworm|Metal Burst|p1a: Krookodile\n|-damage|p1a: Krookodile|23\/100\n|\n|upkeep\n|turn|13\n|\n|t:|1699952381\n|move|p1a: Krookodile|Knock Off|p2a: Orthworm\n|-damage|p2a: Orthworm|22\/100\n|move|p2a: Orthworm|Spikes|p1a: Krookodile\n|-sidestart|p1: Blake-Mamba|Spikes\n|\n|upkeep\n|turn|14\n|\n|t:|1699952398\n|move|p1a: Krookodile|Scale Shot|p2a: Orthworm\n|-resisted|p2a: Orthworm\n|-damage|p2a: Orthworm|19\/100\n|-resisted|p2a: Orthworm\n|-damage|p2a: Orthworm|16\/100\n|-resisted|p2a: Orthworm\n|-damage|p2a: Orthworm|13\/100\n|-resisted|p2a: Orthworm\n|-damage|p2a: Orthworm|10\/100\n|-resisted|p2a: Orthworm\n|-damage|p2a: Orthworm|6\/100\n|-hitcount|p2a: Orthworm|5\n|-unboost|p1a: Krookodile|def|1\n|-boost|p1a: Krookodile|spe|1\n|move|p2a: Orthworm|Rest|p2a: Orthworm\n|-status|p2a: Orthworm|slp|[from] move: Rest\n|-heal|p2a: Orthworm|100\/100 slp|[silent]\n|\n|upkeep\n|turn|15\n|\n|t:|1699952414\n|switch|p2a: Clodsire|Clodsire, M|88\/100\n|move|p1a: Krookodile|Knock Off|p2a: Clodsire\n|-damage|p2a: Clodsire|51\/100\n|-enditem|p2a: Clodsire|Figy Berry|[from] move: Knock Off|[of] p1a: Krookodile\n|\n|upkeep\n|turn|16\n|\n|t:|1699952424\n|move|p1a: Krookodile|Earthquake|p2a: Clodsire\n|-supereffective|p2a: Clodsire\n|-damage|p2a: Clodsire|0 fnt\n|faint|p2a: Clodsire\n|-ability|p1a: Krookodile|Moxie|boost\n|-boost|p1a: Krookodile|atk|1\n|\n|upkeep\n|\n|t:|1699952430\n|switch|p2a: Orthworm|Orthworm, F, shiny|100\/100 slp\n|turn|17\n|\n|t:|1699952433\n|move|p1a: Krookodile|Knock Off|p2a: Orthworm\n|-damage|p2a: Orthworm|61\/100 slp\n|cant|p2a: Orthworm|slp\n|\n|upkeep\n|turn|18\n|\n|t:|1699952439\n|move|p1a: Krookodile|Knock Off|p2a: Orthworm\n|-damage|p2a: Orthworm|22\/100 slp\n|cant|p2a: Orthworm|slp\n|\n|upkeep\n|turn|19\n|\n|t:|1699952444\n|move|p1a: Krookodile|Knock Off|p2a: Orthworm\n|-damage|p2a: Orthworm|0 fnt\n|faint|p2a: Orthworm\n|-ability|p1a: Krookodile|Moxie|boost\n|-boost|p1a: Krookodile|atk|1\n|\n|upkeep\n|\n|t:|1699952447\n|switch|p2a: Ceruledge|Ceruledge, M|62\/100\n|turn|20\n|\n|t:|1699952453\n|-terastallize|p2a: Ceruledge|Fighting\n|move|p1a: Krookodile|Earthquake|p2a: Ceruledge\n|-damage|p2a: Ceruledge|0 fnt\n|faint|p2a: Ceruledge\n|-ability|p1a: Krookodile|Moxie|boost\n|-boost|p1a: Krookodile|atk|1\n|\n|upkeep\n|-message|Alexis1919 forfeited.\n|\n|win|Blake-Mamba\n|raw|Blake-Mamba's rating: 1418 &rarr; <strong>1441<\/strong><br \/>(+23 for winning)\n|raw|Alexis1919's rating: 1479 &rarr; <strong>1456<\/strong><br \/>(-23 for losing)\n|l|\u2606Alexis1919\n|c|\u2606Blake-Mamba|Gg\n","uploadtime":1699952467,"views":12,"p1id":"blakemamba","p2id":"alexis1919","formatid":"gen9nationaldex","rating":1441,"private":0,"password":""}