{"id":"gen9nationaldex-1994559622","p1":"yanami-go","p2":"gnome attack","format":"[Gen 9] National Dex","log":"|html|<div class=\"broadcast-blue\"><strong>[Gen 9] National Dex is currently suspecting Sneasler! For information on how to participate check out the <a href=\"https:\/\/www.smogon.com\/forums\/threads\/sv-national-dex-suspect-8-just-dance.3731534\/\">suspect thread<\/a>.<\/strong><\/div>\n|j|\u2606yanami-go\n|j|\u2606gnome attack\n|t:|1700459843\n|gametype|singles\n|player|p1|yanami-go|dawn-masters3|1652\n|player|p2|gnome attack|kris-gen2|1663\n|teamsize|p1|6\n|teamsize|p2|6\n|gen|9\n|tier|[Gen 9] National Dex\n|rated|\n|rule|HP Percentage Mod: HP is shown in percentages\n|rule|Endless Battle Clause: Forcing endless battles is banned\n|rule|OHKO Clause: OHKO moves are banned\n|rule|Evasion Clause: Evasion abilities, items, and moves are banned\n|rule|Evasion Abilities Clause: Evasion abilities are banned\n|rule|Evasion Items Clause: Evasion items are banned\n|rule|Evasion Moves Clause: Evasion moves are banned\n|rule|Species Clause: Limit one of each Pok\u00e9mon\n|rule|Sleep Clause Mod: Limit one foe put to sleep\n|clearpoke\n|poke|p1|Tapu Koko|\n|poke|p1|Ditto|\n|poke|p1|Great Tusk|\n|poke|p1|Heatran, F|\n|poke|p1|Dragonite, M|\n|poke|p1|Sinistcha-Masterpiece|\n|poke|p2|Ogerpon-Wellspring, F|\n|poke|p2|Landorus-Therian, M|\n|poke|p2|Tapu Lele|\n|poke|p2|Zamazenta-*|\n|poke|p2|Heatran, F|\n|poke|p2|Slowking-Galar, F|\n|teampreview\n|\n|t:|1700459863\n|start\n|switch|p1a: Tapu Koko|Tapu Koko|100\/100\n|switch|p2a: Zamazenta|Zamazenta|100\/100\n|-ability|p2a: Zamazenta|Dauntless Shield|boost\n|-boost|p2a: Zamazenta|def|1\n|-fieldstart|move: Electric Terrain|[from] ability: Electric Surge|[of] p1a: Tapu Koko\n|turn|1\n|\n|t:|1700459870\n|switch|p2a: Landorus|Landorus-Therian, M|100\/100\n|-ability|p2a: Landorus|Intimidate|boost\n|-unboost|p1a: Tapu Koko|atk|1\n|move|p1a: Tapu Koko|Dazzling Gleam|p2a: Landorus\n|-damage|p2a: Landorus|63\/100\n|\n|upkeep\n|turn|2\n|\n|t:|1700459878\n|move|p1a: Tapu Koko|Hidden Power|p2a: Landorus\n|-supereffective|p2a: Landorus\n|-crit|p2a: Landorus\n|-damage|p2a: Landorus|0 fnt\n|faint|p2a: Landorus\n|\n|upkeep\n|j| KoKohs\n|\n|t:|1700459887\n|switch|p2a: Slowking|Slowking-Galar, F|100\/100\n|turn|3\n|\n|t:|1700459891\n|move|p1a: Tapu Koko|Volt Switch|p2a: Slowking\n|-damage|p2a: Slowking|69\/100\n|j| Bimbo Girl\n|\n|t:|1700459898\n|switch|p1a: Heatran|Heatran, F|100\/100|[from] Volt Switch\n|move|p2a: Slowking|Future Sight|p1a: Heatran\n|-start|p2a: Slowking|move: Future Sight\n|\n|upkeep\n|turn|4\n|\n|t:|1700459908\n|move|p1a: Heatran|Stealth Rock|p2a: Slowking\n|-sidestart|p2: gnome attack|move: Stealth Rock\n|move|p2a: Slowking|Thunder Wave|p1a: Heatran\n|-status|p1a: Heatran|par\n|\n|upkeep\n|turn|5\n|\n|t:|1700459914\n|move|p1a: Heatran|Earth Power|p2a: Slowking\n|-supereffective|p2a: Slowking\n|-damage|p2a: Slowking|26\/100\n|move|p2a: Slowking|Chilly Reception|p2a: Slowking\n|-weather|Snow\n|\n|t:|1700459922\n|switch|p2a: Zamazenta|Zamazenta|100\/100|[from] Chilly Reception\n|\n|-weather|Snow|[upkeep]\n|-end|p1a: Heatran|move: Future Sight\n|-resisted|p1a: Heatran\n|-damage|p1a: Heatran|87\/100 par\n|-heal|p1a: Heatran|93\/100 par|[from] item: Leftovers\n|-fieldend|move: Electric Terrain\n|upkeep\n|turn|6\n|\n|t:|1700459933\n|switch|p1a: Sinistcha|Sinistcha-Masterpiece|100\/100\n|move|p2a: Zamazenta|Ice Fang|p1a: Sinistcha\n|-supereffective|p1a: Sinistcha\n|-damage|p1a: Sinistcha|69\/100\n|-status|p1a: Sinistcha|frz\n|\n|-weather|Snow|[upkeep]\n|-heal|p1a: Sinistcha|75\/100 frz|[from] item: Leftovers\n|upkeep\n|turn|7\n|\n|t:|1700459940\n|move|p2a: Zamazenta|Crunch|p1a: Sinistcha\n|-supereffective|p1a: Sinistcha\n|-damage|p1a: Sinistcha|40\/100 frz\n|-unboost|p1a: Sinistcha|def|1\n|cant|p1a: Sinistcha|frz\n|\n|-weather|Snow|[upkeep]\n|-heal|p1a: Sinistcha|46\/100 frz|[from] item: Leftovers\n|upkeep\n|turn|8\n|\n|t:|1700459944\n|move|p2a: Zamazenta|Crunch|p1a: Sinistcha\n|-supereffective|p1a: Sinistcha\n|-damage|p1a: Sinistcha|0 fnt\n|faint|p1a: Sinistcha\n|\n|-weather|Snow|[upkeep]\n|upkeep\n|\n|t:|1700459947\n|switch|p1a: Tapu Koko|Tapu Koko|100\/100\n|-fieldstart|move: Electric Terrain|[from] ability: Electric Surge|[of] p1a: Tapu Koko\n|turn|9\n|\n|t:|1700459958\n|move|p2a: Zamazenta|Stone Edge|p1a: Tapu Koko\n|-damage|p1a: Tapu Koko|58\/100\n|move|p1a: Tapu Koko|Dazzling Gleam|p2a: Zamazenta\n|-supereffective|p2a: Zamazenta\n|-damage|p2a: Zamazenta|35\/100\n|\n|-weather|none\n|upkeep\n|turn|10\n|\n|t:|1700459965\n|move|p2a: Zamazenta|Stone Edge|p1a: Tapu Koko\n|-damage|p1a: Tapu Koko|14\/100\n|-zpower|p1a: Tapu Koko\n|move|p1a: Tapu Koko|Gigavolt Havoc|p2a: Zamazenta|[zeffect]\n|-damage|p2a: Zamazenta|0 fnt\n|faint|p2a: Zamazenta\n|\n|upkeep\n|\n|t:|1700459972\n|switch|p2a: Tapu Lele|Tapu Lele|100\/100\n|-damage|p2a: Tapu Lele|88\/100|[from] Stealth Rock\n|-fieldstart|move: Psychic Terrain|[from] ability: Psychic Surge|[of] p2a: Tapu Lele\n|turn|11\n|\n|t:|1700459981\n|switch|p1a: Heatran|Heatran, F|93\/100 par\n|move|p2a: Tapu Lele|Focus Blast|p1a: Heatran|[miss]\n|-miss|p2a: Tapu Lele|p1a: Heatran\n|\n|-heal|p1a: Heatran|99\/100 par|[from] item: Leftovers\n|upkeep\n|turn|12\n|\n|t:|1700459989\n|-terastallize|p1a: Heatran|Grass\n|move|p2a: Tapu Lele|Focus Blast|p1a: Heatran\n|-damage|p1a: Heatran|72\/100 par\n|-unboost|p1a: Heatran|spd|1\n|cant|p1a: Heatran|par\n|\n|-heal|p1a: Heatran|78\/100 par|[from] item: Leftovers\n|upkeep\n|turn|13\n|\n|t:|1700459997\n|switch|p2a: Heatran|Heatran, F|100\/100\n|-damage|p2a: Heatran|88\/100|[from] Stealth Rock\n|cant|p1a: Heatran|par\n|\n|-heal|p2a: Heatran|94\/100|[from] item: Leftovers\n|-heal|p1a: Heatran|84\/100 par|[from] item: Leftovers\n|upkeep\n|turn|14\n|\n|t:|1700460004\n|switch|p2a: Ogerpon|Ogerpon-Wellspring, F|100\/100\n|-damage|p2a: Ogerpon|88\/100|[from] Stealth Rock\n|move|p1a: Heatran|Earth Power|p2a: Ogerpon\n|-resisted|p2a: Ogerpon\n|-damage|p2a: Ogerpon|74\/100\n|\n|-heal|p1a: Heatran|91\/100 par|[from] item: Leftovers\n|upkeep\n|turn|15\n|\n|t:|1700460009\n|move|p2a: Ogerpon|Spikes|p1a: Heatran\n|-sidestart|p1: yanami-go|Spikes\n|cant|p1a: Heatran|par\n|\n|-heal|p1a: Heatran|97\/100 par|[from] item: Leftovers\n|-fieldend|move: Psychic Terrain\n|upkeep\n|turn|16\n|\n|t:|1700460012\n|move|p2a: Ogerpon|Spikes|p1a: Heatran\n|-sidestart|p1: yanami-go|Spikes\n|move|p1a: Heatran|Toxic|p2a: Ogerpon\n|-status|p2a: Ogerpon|tox\n|\n|-heal|p1a: Heatran|100\/100 par|[from] item: Leftovers\n|-damage|p2a: Ogerpon|68\/100 tox|[from] psn\n|upkeep\n|turn|17\n|\n|t:|1700460019\n|switch|p1a: Ditto|Ditto|100\/100\n|-damage|p1a: Ditto|84\/100|[from] Spikes\n|-transform|p1a: Ditto|p2a: Ogerpon|[from] ability: Imposter\n|move|p2a: Ogerpon|Spikes|p1a: Ditto\n|-sidestart|p1: yanami-go|Spikes\n|\n|-damage|p2a: Ogerpon|56\/100 tox|[from] psn\n|upkeep\n|turn|18\n|\n|t:|1700460025\n|move|p1a: Ditto|Horn Leech|p2a: Ogerpon\n|-damage|p2a: Ogerpon|11\/100 tox\n|-heal|p1a: Ditto|100\/100|[from] drain|[of] p2a: Ogerpon\n|move|p2a: Ogerpon|Horn Leech|p1a: Ditto\n|-damage|p1a: Ditto|40\/100\n|-heal|p2a: Ogerpon|41\/100 tox|[from] drain|[of] p1a: Ditto\n|\n|-damage|p2a: Ogerpon|23\/100 tox|[from] psn\n|upkeep\n|turn|19\n|\n|t:|1700460029\n|switch|p2a: Heatran|Heatran, F|94\/100\n|-damage|p2a: Heatran|82\/100|[from] Stealth Rock\n|move|p1a: Ditto|Horn Leech|p2a: Heatran\n|-resisted|p2a: Heatran\n|-damage|p2a: Heatran|75\/100\n|-heal|p1a: Ditto|45\/100|[from] drain|[of] p2a: Heatran\n|\n|-heal|p2a: Heatran|81\/100|[from] item: Leftovers\n|upkeep\n|turn|20\n|\n|t:|1700460038\n|switch|p1a: Dragonite|Dragonite, M|100\/100\n|move|p2a: Heatran|Magma Storm|p1a: Dragonite\n|-resisted|p1a: Dragonite\n|-damage|p1a: Dragonite|91\/100\n|-activate|p1a: Dragonite|move: Magma Storm|[of] p2a: Heatran\n|\n|-heal|p2a: Heatran|87\/100|[from] item: Leftovers\n|-damage|p1a: Dragonite|79\/100|[from] move: Magma Storm|[partiallytrapped]\n|upkeep\n|turn|21\n|l| Bimbo Girl\n|\n|t:|1700460052\n|-terastallize|p2a: Heatran|Grass\n|move|p2a: Heatran|Taunt|p1a: Dragonite\n|-start|p1a: Dragonite|move: Taunt\n|move|p1a: Dragonite|Earthquake|p2a: Heatran\n|-resisted|p2a: Heatran\n|-damage|p2a: Heatran|71\/100\n|\n|-heal|p2a: Heatran|77\/100|[from] item: Leftovers\n|-damage|p1a: Dragonite|67\/100|[from] move: Magma Storm|[partiallytrapped]\n|upkeep\n|turn|22\n|\n|t:|1700460056\n|move|p1a: Dragonite|Extreme Speed|p2a: Heatran\n|-damage|p2a: Heatran|52\/100\n|move|p2a: Heatran|Stealth Rock|p1a: Dragonite\n|-sidestart|p1: yanami-go|move: Stealth Rock\n|\n|-heal|p2a: Heatran|59\/100|[from] item: Leftovers\n|-damage|p1a: Dragonite|54\/100|[from] move: Magma Storm|[partiallytrapped]\n|upkeep\n|turn|23\n|\n|t:|1700460065\n|move|p1a: Dragonite|Extreme Speed|p2a: Heatran\n|-damage|p2a: Heatran|32\/100\n|move|p2a: Heatran|Magma Storm|p1a: Dragonite\n|-resisted|p1a: Dragonite\n|-damage|p1a: Dragonite|36\/100\n|\n|-heal|p2a: Heatran|38\/100|[from] item: Leftovers\n|-damage|p1a: Dragonite|23\/100|[from] move: Magma Storm|[partiallytrapped]\n|-end|p1a: Dragonite|move: Taunt\n|upkeep\n|turn|24\n|\n|t:|1700460076\n|move|p1a: Dragonite|Extreme Speed|p2a: Heatran\n|-damage|p2a: Heatran|14\/100\n|move|p2a: Heatran|Magma Storm|p1a: Dragonite\n|-resisted|p1a: Dragonite\n|-damage|p1a: Dragonite|5\/100\n|\n|-heal|p2a: Heatran|20\/100|[from] item: Leftovers\n|-damage|p1a: Dragonite|0 fnt|[from] move: Magma Storm|[partiallytrapped]\n|faint|p1a: Dragonite\n|upkeep\n|\n|t:|1700460079\n|switch|p1a: Great Tusk|Great Tusk|100\/100\n|-damage|p1a: Great Tusk|76\/100|[from] Spikes\n|-damage|p1a: Great Tusk|73\/100|[from] Stealth Rock\n|turn|25\n|\n|t:|1700460093\n|move|p1a: Great Tusk|Rapid Spin|p2a: Heatran\n|-damage|p2a: Heatran|5\/100\n|-boost|p1a: Great Tusk|spe|1\n|-sideend|p1: yanami-go|Spikes|[from] move: Rapid Spin|[of] p1a: Great Tusk\n|-sideend|p1: yanami-go|Stealth Rock|[from] move: Rapid Spin|[of] p1a: Great Tusk\n|move|p2a: Heatran|Magma Storm|p1a: Great Tusk\n|-damage|p1a: Great Tusk|7\/100\n|-activate|p1a: Great Tusk|move: Magma Storm|[of] p2a: Heatran\n|\n|-heal|p1a: Great Tusk|13\/100|[from] item: Leftovers\n|-heal|p2a: Heatran|12\/100|[from] item: Leftovers\n|-damage|p1a: Great Tusk|1\/100|[from] move: Magma Storm|[partiallytrapped]\n|upkeep\n|turn|26\n|\n|t:|1700460099\n|move|p1a: Great Tusk|Rapid Spin|p2a: Heatran\n|-damage|p2a: Heatran|0 fnt\n|-boost|p1a: Great Tusk|spe|1\n|-end|p1a: Great Tusk|Magma Storm|[partiallytrapped]\n|faint|p2a: Heatran\n|\n|-heal|p1a: Great Tusk|7\/100|[from] item: Leftovers\n|upkeep\n|\n|t:|1700460129\n|switch|p2a: Tapu Lele|Tapu Lele|88\/100\n|-damage|p2a: Tapu Lele|76\/100|[from] Stealth Rock\n|-fieldstart|move: Psychic Terrain|[from] ability: Psychic Surge|[of] p2a: Tapu Lele\n|turn|27\n|\n|t:|1700460133\n|move|p2a: Tapu Lele|Psychic|p1a: Great Tusk\n|-supereffective|p1a: Great Tusk\n|-damage|p1a: Great Tusk|0 fnt\n|faint|p1a: Great Tusk\n|-end|p1a: Great Tusk|Protosynthesis|[silent]\n|\n|upkeep\n|\n|t:|1700460139\n|switch|p1a: Heatran|Heatran, F, tera:Grass|100\/100 par\n|turn|28\n|\n|t:|1700460149\n|move|p2a: Tapu Lele|Psychic|p1a: Heatran\n|-damage|p1a: Heatran|65\/100 par\n|move|p1a: Heatran|Magma Storm|p2a: Tapu Lele\n|-damage|p2a: Tapu Lele|32\/100\n|-activate|p2a: Tapu Lele|move: Magma Storm|[of] p1a: Heatran\n|\n|-heal|p1a: Heatran|71\/100 par|[from] item: Leftovers\n|-damage|p2a: Tapu Lele|19\/100|[from] move: Magma Storm|[partiallytrapped]\n|upkeep\n|turn|29\n|\n|t:|1700460153\n|move|p2a: Tapu Lele|Psychic|p1a: Heatran\n|-damage|p1a: Heatran|37\/100 par\n|cant|p1a: Heatran|par\n|\n|-heal|p1a: Heatran|43\/100 par|[from] item: Leftovers\n|-damage|p2a: Tapu Lele|7\/100|[from] move: Magma Storm|[partiallytrapped]\n|upkeep\n|turn|30\n|\n|t:|1700460157\n|move|p2a: Tapu Lele|Psychic|p1a: Heatran\n|-damage|p1a: Heatran|6\/100 par\n|move|p1a: Heatran|Earth Power|p2a: Tapu Lele\n|-damage|p2a: Tapu Lele|0 fnt\n|faint|p2a: Tapu Lele\n|\n|-heal|p1a: Heatran|12\/100 par|[from] item: Leftovers\n|upkeep\n|\n|t:|1700460162\n|switch|p2a: Ogerpon|Ogerpon-Wellspring, F|23\/100 tox\n|-damage|p2a: Ogerpon|11\/100 tox|[from] Stealth Rock\n|turn|31\n|\n|t:|1700460167\n|move|p2a: Ogerpon|Horn Leech|p1a: Heatran\n|-resisted|p1a: Heatran\n|-damage|p1a: Heatran|0 fnt\n|-heal|p2a: Ogerpon|18\/100 tox|[from] drain|[of] p1a: Heatran\n|faint|p1a: Heatran\n|\n|-damage|p2a: Ogerpon|12\/100 tox|[from] psn\n|-fieldend|move: Psychic Terrain\n|upkeep\n|\n|t:|1700460176\n|switch|p1a: Tapu Koko|Tapu Koko|14\/100\n|-fieldstart|move: Electric Terrain|[from] ability: Electric Surge|[of] p1a: Tapu Koko\n|turn|32\n|\n|t:|1700460180\n|move|p1a: Tapu Koko|Thunderbolt|p2a: Ogerpon\n|-damage|p2a: Ogerpon|0 fnt\n|faint|p2a: Ogerpon\n|\n|upkeep\n|\n|t:|1700460182\n|switch|p2a: Slowking|Slowking-Galar, F|60\/100\n|turn|33\n|\n|t:|1700460195\n|move|p1a: Tapu Koko|Thunderbolt|p2a: Slowking\n|-damage|p2a: Slowking|19\/100\n|move|p2a: Slowking|Sludge Bomb|p1a: Tapu Koko\n|-supereffective|p1a: Tapu Koko\n|-damage|p1a: Tapu Koko|0 fnt\n|faint|p1a: Tapu Koko\n|\n|upkeep\n|\n|t:|1700460198\n|switch|p1a: Ditto|Ditto|45\/100\n|-transform|p1a: Ditto|p2a: Slowking|[from] ability: Imposter\n|turn|34\n|\n|t:|1700460208\n|move|p1a: Ditto|Sludge Bomb|p2a: Slowking\n|-resisted|p2a: Slowking\n|-damage|p2a: Slowking|6\/100\n|move|p2a: Slowking|Thunder Wave|p1a: Ditto\n|-status|p1a: Ditto|par\n|\n|upkeep\n|turn|35\n|\n|t:|1700460212\n|move|p2a: Slowking|Future Sight|p1a: Ditto\n|-start|p2a: Slowking|move: Future Sight\n|move|p1a: Ditto|Sludge Bomb|p2a: Slowking\n|-resisted|p2a: Slowking\n|-damage|p2a: Slowking|0 fnt\n|faint|p2a: Slowking\n|\n|win|yanami-go\n|raw|yanami-go's rating: 1652 &rarr; <strong>1673<\/strong><br \/>(+21 for winning)\n|raw|gnome attack's rating: 1663 &rarr; <strong>1642<\/strong><br \/>(-21 for losing)\n|c|\u2606gnome attack|gg\n|c|\u2606yanami-go|gg\n|l|\u2606gnome attack\n","uploadtime":1700460226,"views":5,"p1id":"yanamigo","p2id":"gnomeattack","formatid":"gen9nationaldex","rating":1642,"private":0,"password":""}