{"id":"gen9nationaldex-1992922566","p1":"Danish1526","p2":"Milkmann3","format":"[Gen 9] National Dex","log":"|j|\u2606Danish1526\n|j|\u2606Milkmann3\n|t:|1700247120\n|gametype|singles\n|player|p1|Danish1526|wattson|1442\n|player|p2|Milkmann3|giovanni|1536\n|teamsize|p1|6\n|teamsize|p2|6\n|gen|9\n|tier|[Gen 9] National Dex\n|rated|\n|rule|HP Percentage Mod: HP is shown in percentages\n|rule|Endless Battle Clause: Forcing endless battles is banned\n|rule|OHKO Clause: OHKO moves are banned\n|rule|Evasion Clause: Evasion abilities, items, and moves are banned\n|rule|Evasion Abilities Clause: Evasion abilities are banned\n|rule|Evasion Items Clause: Evasion items are banned\n|rule|Evasion Moves Clause: Evasion moves are banned\n|rule|Species Clause: Limit one of each Pok\u00e9mon\n|rule|Sleep Clause Mod: Limit one foe put to sleep\n|clearpoke\n|poke|p1|Haxorus, M|\n|poke|p1|Iron Valiant|\n|poke|p1|Heatran, M|\n|poke|p1|Kommo-o, F|\n|poke|p1|Sneasler, M|\n|poke|p1|Galvantula, F|\n|poke|p2|Lopunny, M|\n|poke|p2|Garganacl, M|\n|poke|p2|Kartana|\n|poke|p2|Moltres|\n|poke|p2|Garchomp, M|\n|poke|p2|Sinistcha|\n|teampreview\n|\n|t:|1700247128\n|start\n|switch|p1a: Galvantula|Galvantula, F|100\/100\n|switch|p2a: Lopunny|Lopunny, M|100\/100\n|turn|1\n|\n|t:|1700247132\n|detailschange|p2a: Lopunny|Lopunny-Mega, M\n|-mega|p2a: Lopunny|Lopunny|Lopunnite\n|move|p2a: Lopunny|Fake Out|p1a: Galvantula\n|-damage|p1a: Galvantula|60\/100\n|cant|p1a: Galvantula|flinch\n|\n|upkeep\n|turn|2\n|\n|t:|1700247139\n|move|p2a: Lopunny|Return|p1a: Galvantula\n|-damage|p1a: Galvantula|0 fnt\n|faint|p1a: Galvantula\n|\n|upkeep\n|\n|t:|1700247147\n|switch|p1a: Sneasler|Sneasler, M|100\/100\n|turn|3\n|\n|t:|1700247153\n|switch|p2a: Garchomp|Garchomp, M|100\/100\n|move|p1a: Sneasler|Fake Out|p2a: Garchomp\n|-enditem|p1a: Sneasler|Normal Gem|[from] gem\n|-damage|p2a: Garchomp|87\/100\n|-damage|p1a: Sneasler|88\/100|[from] ability: Rough Skin|[of] p2a: Garchomp\n|-damage|p1a: Sneasler|72\/100|[from] item: Rocky Helmet|[of] p2a: Garchomp\n|\n|upkeep\n|turn|4\n|\n|t:|1700247162\n|switch|p1a: Heatran|Heatran, M|100\/100\n|-item|p1a: Heatran|Air Balloon\n|move|p2a: Garchomp|Spikes|p1a: Heatran\n|-sidestart|p1: Danish1526|Spikes\n|\n|upkeep\n|turn|5\n|\n|t:|1700247179\n|move|p1a: Heatran|Magma Storm|p2a: Garchomp\n|-resisted|p2a: Garchomp\n|-damage|p2a: Garchomp|58\/100\n|-activate|p2a: Garchomp|move: Magma Storm|[of] p1a: Heatran\n|move|p2a: Garchomp|Dragon Tail|p1a: Heatran\n|-resisted|p1a: Heatran\n|-damage|p1a: Heatran|90\/100\n|-enditem|p1a: Heatran|Air Balloon\n|drag|p1a: Haxorus|Haxorus, M|100\/100\n|-damage|p1a: Haxorus|88\/100|[from] Spikes\n|-ability|p1a: Haxorus|Mold Breaker\n|\n|-end|p2a: Garchomp|Magma Storm|[partiallytrapped]|[silent]\n|upkeep\n|turn|6\n|\n|t:|1700247192\n|move|p1a: Haxorus|Swords Dance|p1a: Haxorus\n|-boost|p1a: Haxorus|atk|2\n|move|p2a: Garchomp|Toxic|p1a: Haxorus\n|-status|p1a: Haxorus|tox\n|\n|-damage|p1a: Haxorus|82\/100 tox|[from] psn\n|upkeep\n|turn|7\n|\n|t:|1700247208\n|move|p1a: Haxorus|Scale Shot|p2a: Garchomp\n|-supereffective|p2a: Garchomp\n|-damage|p2a: Garchomp|18\/100\n|-supereffective|p2a: Garchomp\n|-damage|p2a: Garchomp|0 fnt\n|faint|p2a: Garchomp\n|-hitcount|p2: Garchomp|2\n|-unboost|p1a: Haxorus|def|1\n|-boost|p1a: Haxorus|spe|1\n|\n|-damage|p1a: Haxorus|70\/100 tox|[from] psn\n|upkeep\n|\n|t:|1700247212\n|switch|p2a: Lopunny|Lopunny-Mega, M|100\/100\n|turn|8\n|\n|t:|1700247220\n|move|p2a: Lopunny|Fake Out|p1a: Haxorus\n|-damage|p1a: Haxorus|31\/100 tox\n|cant|p1a: Haxorus|flinch\n|\n|-damage|p1a: Haxorus|12\/100 tox|[from] psn\n|upkeep\n|turn|9\n|\n|t:|1700247224\n|switch|p2a: Garganacl|Garganacl, M|100\/100\n|move|p1a: Haxorus|Scale Shot|p2a: Garganacl\n|-crit|p2a: Garganacl\n|-damage|p2a: Garganacl|71\/100\n|-damage|p2a: Garganacl|52\/100\n|-damage|p2a: Garganacl|33\/100\n|-damage|p2a: Garganacl|12\/100\n|-damage|p2a: Garganacl|0 fnt\n|faint|p2a: Garganacl\n|-hitcount|p2: Garganacl|5\n|-unboost|p1a: Haxorus|def|1\n|-boost|p1a: Haxorus|spe|1\n|\n|-damage|p1a: Haxorus|0 fnt|[from] psn\n|faint|p1a: Haxorus\n|upkeep\n|\n|t:|1700247240\n|switch|p1a: Iron Valiant|Iron Valiant|100\/100\n|switch|p2a: Lopunny|Lopunny-Mega, M|100\/100\n|-damage|p1a: Iron Valiant|88\/100|[from] Spikes\n|turn|10\n|\n|t:|1700247244\n|move|p2a: Lopunny|Fake Out|p1a: Iron Valiant\n|-damage|p1a: Iron Valiant|58\/100\n|cant|p1a: Iron Valiant|flinch\n|\n|upkeep\n|turn|11\n|\n|t:|1700247246\n|move|p2a: Lopunny|Return|p1a: Iron Valiant\n|-damage|p1a: Iron Valiant|0 fnt\n|faint|p1a: Iron Valiant\n|-end|p1a: Iron Valiant|Quark Drive|[silent]\n|\n|upkeep\n|\n|t:|1700247252\n|switch|p1a: Kommo-o|Kommo-o, F|100\/100\n|-damage|p1a: Kommo-o|88\/100|[from] Spikes\n|turn|12\n|\n|t:|1700247257\n|move|p2a: Lopunny|Close Combat|p1a: Kommo-o\n|-damage|p1a: Kommo-o|20\/100\n|-unboost|p2a: Lopunny|def|1\n|-unboost|p2a: Lopunny|spd|1\n|move|p1a: Kommo-o|Clangorous Soul||[still]\n|-fail|p1a: Kommo-o\n|\n|upkeep\n|turn|13\n|\n|t:|1700247262\n|move|p2a: Lopunny|Return|p1a: Kommo-o\n|-damage|p1a: Kommo-o|0 fnt\n|faint|p1a: Kommo-o\n|\n|upkeep\n|\n|t:|1700247265\n|switch|p1a: Sneasler|Sneasler, M|72\/100\n|-damage|p1a: Sneasler|59\/100|[from] Spikes\n|turn|14\n|\n|t:|1700247270\n|move|p2a: Lopunny|Return|p1a: Sneasler\n|-damage|p1a: Sneasler|0 fnt\n|faint|p1a: Sneasler\n|\n|upkeep\n|\n|t:|1700247277\n|switch|p1a: Heatran|Heatran, M|90\/100\n|-damage|p1a: Heatran|77\/100|[from] Spikes\n|turn|15\n|\n|t:|1700247278\n|move|p2a: Lopunny|Close Combat|p1a: Heatran\n|-supereffective|p1a: Heatran\n|-damage|p1a: Heatran|0 fnt\n|-unboost|p2a: Lopunny|def|1\n|-unboost|p2a: Lopunny|spd|1\n|faint|p1a: Heatran\n|\n|win|Milkmann3\n|raw|Danish1526's rating: 1442 &rarr; <strong>1427<\/strong><br \/>(-15 for losing)\n|raw|Milkmann3's rating: 1536 &rarr; <strong>1551<\/strong><br \/>(+15 for winning)\n|c|\u2606Milkmann3|Gg\n","uploadtime":1700247292,"views":25,"p1id":"danish1526","p2id":"milkmann3","formatid":"gen9nationaldex","rating":1427,"private":0,"password":""}