{"id":"gen9nationaldex-1997678987","p1":"wzzma","p2":"southeast sirius","format":"[Gen 9] National Dex","log":"|html|<div class=\"broadcast-blue\"><strong>[Gen 9] National Dex is currently suspecting Sneasler! For information on how to participate check out the <a href=\"https:\/\/www.smogon.com\/forums\/threads\/sv-national-dex-suspect-8-just-dance.3731534\/\">suspect thread<\/a>.<\/strong><\/div>\n|j|\u2606wzzma\n|j|\u203dsoutheast sirius\n|t:|1700840902\n|gametype|singles\n|player|p1|wzzma|archer|1750\n|player|p2|southeast sirius|swimmerf-gen6|1749\n|teamsize|p1|6\n|teamsize|p2|6\n|gen|9\n|tier|[Gen 9] National Dex\n|rated|\n|rule|HP Percentage Mod: HP is shown in percentages\n|rule|Endless Battle Clause: Forcing endless battles is banned\n|rule|OHKO Clause: OHKO moves are banned\n|rule|Evasion Clause: Evasion abilities, items, and moves are banned\n|rule|Evasion Abilities Clause: Evasion abilities are banned\n|rule|Evasion Items Clause: Evasion items are banned\n|rule|Evasion Moves Clause: Evasion moves are banned\n|rule|Species Clause: Limit one of each Pok\u00e9mon\n|rule|Sleep Clause Mod: Limit one foe put to sleep\n|clearpoke\n|poke|p1|Latias, F|\n|poke|p1|Urshifu-*, M|\n|poke|p1|Heatran, F|\n|poke|p1|Landorus-Therian, M|\n|poke|p1|Iron Valiant|\n|poke|p1|Tapu Koko|\n|poke|p2|Iron Treads|\n|poke|p2|Pinsir, M|\n|poke|p2|Tapu Koko|\n|poke|p2|Sneasler, F|\n|poke|p2|Magnezone|\n|poke|p2|Staraptor, M|\n|teampreview\n|\n|t:|1700840908\n|start\n|switch|p1a: Urshifu|Urshifu-Rapid-Strike, M|100\/100\n|switch|p2a: Tapu Koko|Tapu Koko|100\/100\n|-fieldstart|move: Electric Terrain|[from] ability: Electric Surge|[of] p2a: Tapu Koko\n|turn|1\n|\n|t:|1700840922\n|switch|p1a: Landorus|Landorus-Therian, M|100\/100\n|-ability|p1a: Landorus|Intimidate|boost\n|-unboost|p2a: Tapu Koko|atk|1\n|move|p2a: Tapu Koko|Thunderbolt|p1a: Landorus\n|-immune|p1a: Landorus\n|\n|upkeep\n|turn|2\n|\n|t:|1700840931\n|switch|p2a: Staraptor|Staraptor, M|100\/100\n|move|p1a: Landorus|U-turn|p2a: Staraptor\n|-resisted|p2a: Staraptor\n|-damage|p2a: Staraptor|85\/100\n|\n|t:|1700840944\n|switch|p1a: Iron Valiant|Iron Valiant|100\/100|[from] U-turn\n|-activate|p1a: Iron Valiant|ability: Quark Drive\n|-start|p1a: Iron Valiant|quarkdrivespe\n|\n|upkeep\n|turn|3\n|\n|t:|1700840968\n|move|p2a: Staraptor|Quick Attack|p1a: Iron Valiant\n|-damage|p1a: Iron Valiant|62\/100\n|move|p1a: Iron Valiant|Thunderbolt|p2a: Staraptor\n|-supereffective|p2a: Staraptor\n|-damage|p2a: Staraptor|0 fnt\n|faint|p2a: Staraptor\n|-damage|p1a: Iron Valiant|52\/100|[from] item: Life Orb\n|\n|upkeep\n|inactive|Battle timer is ON: inactive players will automatically lose when time's up. (requested by wzzma)\n|\n|t:|1700840970\n|switch|p2a: Tapu Koko|Tapu Koko|100\/100\n|turn|4\n|\n|t:|1700840973\n|-end|p1a: Iron Valiant|Quark Drive|[silent]\n|switch|p1a: Heatran|Heatran, F|100\/100\n|move|p2a: Tapu Koko|Thunderbolt|p1a: Heatran\n|-damage|p1a: Heatran|70\/100\n|\n|-heal|p1a: Heatran|76\/100|[from] item: Leftovers\n|upkeep\n|turn|5\n|\n|t:|1700840980\n|switch|p2a: Magnezone|Magnezone|100\/100\n|move|p1a: Heatran|Magma Storm|p2a: Magnezone|[miss]\n|-miss|p1a: Heatran|p2a: Magnezone\n|\n|-heal|p1a: Heatran|83\/100|[from] item: Leftovers\n|-fieldend|move: Electric Terrain\n|upkeep\n|turn|6\n|\n|t:|1700840984\n|move|p2a: Magnezone|Thunderbolt|p1a: Heatran\n|-damage|p1a: Heatran|52\/100\n|move|p1a: Heatran|Magma Storm|p2a: Magnezone|[miss]\n|-miss|p1a: Heatran|p2a: Magnezone\n|\n|-heal|p1a: Heatran|58\/100|[from] item: Leftovers\n|upkeep\n|turn|7\n|\n|t:|1700840989\n|move|p2a: Magnezone|Thunderbolt|p1a: Heatran\n|-damage|p1a: Heatran|31\/100\n|move|p1a: Heatran|Earth Power|p2a: Magnezone\n|-supereffective|p2a: Magnezone\n|-damage|p2a: Magnezone|0 fnt\n|faint|p2a: Magnezone\n|\n|-heal|p1a: Heatran|37\/100|[from] item: Leftovers\n|upkeep\n|\n|t:|1700840995\n|switch|p2a: Pinsir|Pinsir, M|100\/100\n|turn|8\n|\n|t:|1700840999\n|switch|p1a: Landorus|Landorus-Therian, M|100\/100\n|-ability|p1a: Landorus|Intimidate|boost\n|-fail|p2a: Pinsir|unboost|Attack|[from] ability: Hyper Cutter|[of] p2a: Pinsir\n|detailschange|p2a: Pinsir|Pinsir-Mega, M\n|-mega|p2a: Pinsir|Pinsir|Pinsirite\n|move|p2a: Pinsir|Close Combat|p1a: Landorus\n|-resisted|p1a: Landorus\n|-damage|p1a: Landorus|86\/100\n|-unboost|p2a: Pinsir|def|1\n|-unboost|p2a: Pinsir|spd|1\n|-damage|p2a: Pinsir|84\/100|[from] item: Rocky Helmet|[of] p1a: Landorus\n|\n|upkeep\n|turn|9\n|\n|t:|1700841005\n|switch|p2a: Iron Treads|Iron Treads|100\/100\n|-item|p2a: Iron Treads|Air Balloon\n|move|p1a: Landorus|Rock Tomb|p2a: Iron Treads\n|-resisted|p2a: Iron Treads\n|-damage|p2a: Iron Treads|96\/100\n|-unboost|p2a: Iron Treads|spe|1\n|-enditem|p2a: Iron Treads|Air Balloon\n|\n|upkeep\n|turn|10\n|\n|t:|1700841008\n|move|p2a: Iron Treads|Stealth Rock|p1a: Landorus\n|-sidestart|p1: wzzma|move: Stealth Rock\n|move|p1a: Landorus|Earthquake|p2a: Iron Treads\n|-supereffective|p2a: Iron Treads\n|-damage|p2a: Iron Treads|16\/100\n|\n|upkeep\n|turn|11\n|\n|t:|1700841031\n|move|p2a: Iron Treads|Rapid Spin|p1a: Landorus\n|-damage|p1a: Landorus|76\/100\n|-boost|p2a: Iron Treads|spe|1\n|-damage|p2a: Iron Treads|0 fnt|[from] item: Rocky Helmet|[of] p1a: Landorus\n|faint|p2a: Iron Treads\n|-end|p2a: Iron Treads|Quark Drive|[silent]\n|move|p1a: Landorus|Earthquake|p2: Iron Treads|[notarget]\n|-fail|p1a: Landorus\n|\n|upkeep\n|\n|t:|1700841033\n|switch|p2a: Tapu Koko|Tapu Koko|100\/100\n|-fieldstart|move: Electric Terrain|[from] ability: Electric Surge|[of] p2a: Tapu Koko\n|turn|12\n|\n|t:|1700841038\n|switch|p1a: Heatran|Heatran, F|37\/100\n|-damage|p1a: Heatran|25\/100|[from] Stealth Rock\n|move|p2a: Tapu Koko|U-turn|p1a: Heatran\n|-resisted|p1a: Heatran\n|-damage|p1a: Heatran|21\/100\n|\n|t:|1700841044\n|switch|p2a: Pinsir|Pinsir-Mega, M|84\/100|[from] U-turn\n|\n|-heal|p1a: Heatran|27\/100|[from] item: Leftovers\n|upkeep\n|turn|13\n|\n|t:|1700841050\n|move|p2a: Pinsir|Frustration|p1a: Heatran\n|-resisted|p1a: Heatran\n|-damage|p1a: Heatran|0 fnt\n|faint|p1a: Heatran\n|\n|upkeep\n|l|\u203dsoutheast sirius\n|inactive|southeast sirius disconnected and has a minute to reconnect!\n|player|p2|\n|\n|t:|1700841057\n|switch|p1a: Landorus|Landorus-Therian, M|76\/100\n|-damage|p1a: Landorus|64\/100|[from] Stealth Rock\n|-ability|p1a: Landorus|Intimidate|boost\n|-unboost|p2a: Pinsir|atk|1\n|turn|14\n|inactive|southeast sirius has 30 seconds to reconnect!\n|inactive|southeast sirius has 20 seconds to reconnect!\n|inactive|southeast sirius has 15 seconds to reconnect!\n|inactive|southeast sirius has 10 seconds to reconnect!\n|inactive|southeast sirius has 5 seconds to reconnect!\n|j|\u2606southeast sirius\n|inactive|southeast sirius reconnected and has 95 seconds left.\n|player|p2|southeast sirius|swimmerf-gen6\n|inactive|southeast sirius has 90 seconds left.\n|\n|t:|1700841123\n|move|p2a: Pinsir|Frustration|p1a: Landorus\n|-damage|p1a: Landorus|30\/100\n|-damage|p2a: Pinsir|67\/100|[from] item: Rocky Helmet|[of] p1a: Landorus\n|move|p1a: Landorus|Defog|p2a: Pinsir\n|-unboost|p2a: Pinsir|evasion|1\n|-sideend|p1: wzzma|Stealth Rock|[from] move: Defog|[of] p1a: Landorus\n|-fieldend|move: Electric Terrain\n|\n|upkeep\n|turn|15\n|inactive|southeast sirius has 90 seconds left.\n|\n|t:|1700841133\n|switch|p1a: Tapu Koko|Tapu Koko|100\/100\n|-fieldstart|move: Electric Terrain|[from] ability: Electric Surge|[of] p1a: Tapu Koko\n|move|p2a: Pinsir|Frustration|p1a: Tapu Koko\n|-resisted|p1a: Tapu Koko\n|-crit|p1a: Tapu Koko\n|-damage|p1a: Tapu Koko|19\/100\n|\n|upkeep\n|turn|16\n|inactive|southeast sirius has 90 seconds left.\n|\n|t:|1700841153\n|switch|p2a: Tapu Koko|Tapu Koko|100\/100\n|-zpower|p1a: Tapu Koko\n|move|p1a: Tapu Koko|Gigavolt Havoc|p2a: Tapu Koko|[zeffect]\n|-resisted|p2a: Tapu Koko\n|-damage|p2a: Tapu Koko|33\/100\n|\n|upkeep\n|turn|17\n|\n|t:|1700841161\n|move|p2a: Tapu Koko|U-turn|p1a: Tapu Koko\n|-resisted|p1a: Tapu Koko\n|-damage|p1a: Tapu Koko|8\/100\n|\n|t:|1700841164\n|switch|p2a: Sneasler|Sneasler, F|100\/100|[from] U-turn\n|-enditem|p2a: Sneasler|Electric Seed\n|-boost|p2a: Sneasler|def|1|[from] item: Electric Seed\n|move|p1a: Tapu Koko|Thunderbolt|p2a: Sneasler\n|-damage|p2a: Sneasler|33\/100\n|\n|upkeep\n|turn|18\n|\n|t:|1700841168\n|move|p2a: Sneasler|Dire Claw|p1a: Tapu Koko\n|-supereffective|p1a: Tapu Koko\n|-damage|p1a: Tapu Koko|0 fnt\n|faint|p1a: Tapu Koko\n|\n|upkeep\n|\n|t:|1700841170\n|switch|p1a: Landorus|Landorus-Therian, M|30\/100\n|-ability|p1a: Landorus|Intimidate|boost\n|-unboost|p2a: Sneasler|atk|1\n|turn|19\n|\n|t:|1700841180\n|-terastallize|p2a: Sneasler|Flying\n|move|p2a: Sneasler|Acrobatics|p1a: Landorus\n|-damage|p1a: Landorus|2\/100\n|-damage|p2a: Sneasler|17\/100|[from] item: Rocky Helmet|[of] p1a: Landorus\n|move|p1a: Landorus|Rock Tomb|p2a: Sneasler\n|-supereffective|p2a: Sneasler\n|-damage|p2a: Sneasler|0 fnt\n|faint|p2a: Sneasler\n|\n|-fieldend|move: Electric Terrain\n|upkeep\n|\n|t:|1700841186\n|switch|p2a: Tapu Koko|Tapu Koko|33\/100\n|-fieldstart|move: Electric Terrain|[from] ability: Electric Surge|[of] p2a: Tapu Koko\n|turn|20\n|j| cangyue\n|\n|t:|1700841192\n|move|p2a: Tapu Koko|U-turn|p1a: Landorus\n|-resisted|p1a: Landorus\n|-damage|p1a: Landorus|0 fnt\n|-damage|p2a: Tapu Koko|16\/100|[from] item: Rocky Helmet|[of] p1a: Landorus\n|faint|p1a: Landorus\n|\n|t:|1700841195\n|switch|p2a: Pinsir|Pinsir-Mega, M|67\/100|[from] U-turn\n|\n|upkeep\n|\n|t:|1700841204\n|switch|p1a: Iron Valiant|Iron Valiant|52\/100\n|-activate|p1a: Iron Valiant|ability: Quark Drive\n|-start|p1a: Iron Valiant|quarkdrivespe\n|turn|21\n|\n|t:|1700841209\n|-terastallize|p1a: Iron Valiant|Electric\n|move|p2a: Pinsir|Quick Attack|p1a: Iron Valiant\n|-resisted|p1a: Iron Valiant\n|-damage|p1a: Iron Valiant|33\/100\n|move|p1a: Iron Valiant|Thunderbolt|p2a: Pinsir\n|-supereffective|p2a: Pinsir\n|-crit|p2a: Pinsir\n|-damage|p2a: Pinsir|0 fnt\n|faint|p2a: Pinsir\n|-damage|p1a: Iron Valiant|23\/100|[from] item: Life Orb\n|\n|upkeep\n|\n|t:|1700841212\n|switch|p2a: Tapu Koko|Tapu Koko|16\/100\n|turn|22\n|\n|t:|1700841215\n|move|p2a: Tapu Koko|Dazzling Gleam|p1a: Iron Valiant\n|-damage|p1a: Iron Valiant|0 fnt\n|faint|p1a: Iron Valiant\n|-end|p1a: Iron Valiant|Quark Drive|[silent]\n|\n|upkeep\n|\n|t:|1700841216\n|switch|p1a: Urshifu|Urshifu-Rapid-Strike, M|100\/100\n|turn|23\n|\n|t:|1700841230\n|move|p2a: Tapu Koko|Dazzling Gleam|p1a: Urshifu\n|-supereffective|p1a: Urshifu\n|-damage|p1a: Urshifu|0 fnt\n|faint|p1a: Urshifu\n|\n|upkeep\n|\n|t:|1700841232\n|switch|p1a: Latias|Latias, F|100\/100\n|turn|24\n|\n|t:|1700841240\n|detailschange|p1a: Latias|Latias-Mega, F\n|-mega|p1a: Latias|Latias|Latiasite\n|move|p2a: Tapu Koko|Dazzling Gleam|p1a: Latias\n|-supereffective|p1a: Latias\n|-damage|p1a: Latias|56\/100\n|move|p1a: Latias|Psychic|p2a: Tapu Koko\n|-damage|p2a: Tapu Koko|0 fnt\n|faint|p2a: Tapu Koko\n|\n|win|wzzma\n|raw|wzzma's rating: 1750 &rarr; <strong>1769<\/strong><br \/>(+19 for winning)\n|raw|southeast sirius's rating: 1733 &rarr; <strong>1714<\/strong><br \/>(-19 for losing)\n|l|\u2606southeast sirius\n","uploadtime":1700841249,"views":1,"p1id":"wzzma","p2id":"southeastsirius","formatid":"gen9nationaldex","rating":1714,"private":0,"password":""}