{"id":"gen9nationaldex-1996297469","p1":"Marcesgo","p2":"Markai00","format":"[Gen 9] National Dex","log":"|html|<div class=\"broadcast-blue\"><strong>[Gen 9] National Dex is currently suspecting Sneasler! For information on how to participate check out the <a href=\"https:\/\/www.smogon.com\/forums\/threads\/sv-national-dex-suspect-8-just-dance.3731534\/\">suspect thread<\/a>.<\/strong><\/div>\n|j|\u2606Marcesgo\n|j|\u2606Markai00\n|t:|1700668687\n|gametype|singles\n|player|p1|Marcesgo|265|\n|player|p2|Markai00|ghetsis|\n|teamsize|p1|6\n|teamsize|p2|6\n|gen|9\n|tier|[Gen 9] National Dex\n|rule|HP Percentage Mod: HP is shown in percentages\n|rule|Endless Battle Clause: Forcing endless battles is banned\n|rule|OHKO Clause: OHKO moves are banned\n|rule|Evasion Clause: Evasion abilities, items, and moves are banned\n|rule|Evasion Abilities Clause: Evasion abilities are banned\n|rule|Evasion Items Clause: Evasion items are banned\n|rule|Evasion Moves Clause: Evasion moves are banned\n|rule|Species Clause: Limit one of each Pok\u00e9mon\n|rule|Sleep Clause Mod: Limit one foe put to sleep\n|clearpoke\n|poke|p1|Landorus-Therian, M|\n|poke|p1|Volcarona, M|\n|poke|p1|Bisharp, M|\n|poke|p1|Mienshao, F|\n|poke|p1|Gothitelle, F|\n|poke|p1|Ferrothorn, M|\n|poke|p2|Incineroar, M|\n|poke|p2|Tapu Lele|\n|poke|p2|Muk-Alola, M|\n|poke|p2|Kartana|\n|poke|p2|Type: Null|\n|poke|p2|Oricorio-Pom-Pom, M|\n|teampreview\n|j| AndraKinG\n|c|\u2606Markai00|Soort\n|c|\u2606Marcesgo|Sooort\n|c| AndraKinG|soort\n|j| Neitor el 08\n|c| Neitor el 08|bueno bueno\n|j| F 137\n|c| Neitor el 08|suerte\n|\n|t:|1700668718\n|start\n|switch|p1a: Landorus|Landorus-Therian, M|100\/100\n|switch|p2a: Oricorio|Oricorio-Pom-Pom, M|100\/100\n|-ability|p1a: Landorus|Intimidate|boost\n|-unboost|p2a: Oricorio|atk|1\n|turn|1\n|c| Neitor el 08|sooort\n|\n|t:|1700668727\n|-zpower|p2a: Oricorio\n|move|p2a: Oricorio|Supersonic Skystrike|p1a: Landorus|[zeffect]\n|-damage|p1a: Landorus|15\/100\n|move|p1a: Landorus|Stealth Rock|p2a: Oricorio\n|-sidestart|p2: Markai00|move: Stealth Rock\n|\n|upkeep\n|turn|2\n|c| F 137|suerte\n|\n|t:|1700668749\n|switch|p1a: Gothitelle|Gothitelle, F|100\/100\n|-item|p2a: Oricorio|Flyinium Z|[from] ability: Frisk|[of] p1a: Gothitelle|[identify]\n|move|p2a: Oricorio|Defog|p1a: Gothitelle\n|-unboost|p1a: Gothitelle|evasion|1\n|-sideend|p2: Markai00|Stealth Rock|[from] move: Defog|[of] p2a: Oricorio\n|\n|upkeep\n|turn|3\n|\n|t:|1700668760\n|move|p2a: Oricorio|U-turn|p1a: Gothitelle\n|-supereffective|p1a: Gothitelle\n|-damage|p1a: Gothitelle|85\/100\n|\n|t:|1700668764\n|switch|p2a: Muk|Muk-Alola, M|100\/100|[from] U-turn\n|move|p1a: Gothitelle|Toxic|p2a: Muk\n|-immune|p2a: Muk\n|\n|upkeep\n|turn|4\n|c| Neitor el 08|ojo e\n|c| Neitor el 08|bueno\n|c| Neitor el 08|como juega\n|\n|t:|1700668774\n|switch|p1a: Ferrothorn|Ferrothorn, M|100\/100\n|move|p2a: Muk|Knock Off|p1a: Ferrothorn\n|-damage|p1a: Ferrothorn|74\/100\n|-damage|p2a: Muk|88\/100|[from] ability: Iron Barbs|[of] p1a: Ferrothorn\n|-enditem|p1a: Ferrothorn|Leftovers|[from] move: Knock Off|[of] p2a: Muk\n|\n|upkeep\n|turn|5\n|\n|t:|1700668788\n|switch|p2a: Kartana|Kartana|100\/100\n|move|p1a: Ferrothorn|Stealth Rock|p2a: Kartana\n|-sidestart|p2: Markai00|move: Stealth Rock\n|\n|upkeep\n|turn|6\n|\n|t:|1700668797\n|switch|p1a: Landorus|Landorus-Therian, M|15\/100\n|-ability|p1a: Landorus|Intimidate|boost\n|-unboost|p2a: Kartana|atk|1\n|move|p2a: Kartana|Sacred Sword|p1a: Landorus\n|-resisted|p1a: Landorus\n|-damage|p1a: Landorus|1\/100\n|-damage|p2a: Kartana|84\/100|[from] item: Rocky Helmet|[of] p1a: Landorus\n|\n|upkeep\n|turn|7\n|c| Neitor el 08|dos con trampa rocas?\n|\n|t:|1700668809\n|move|p2a: Kartana|Sacred Sword|p1a: Landorus\n|-resisted|p1a: Landorus\n|-damage|p1a: Landorus|0 fnt\n|-damage|p2a: Kartana|67\/100|[from] item: Rocky Helmet|[of] p1a: Landorus\n|faint|p1a: Landorus\n|-ability|p2a: Kartana|Beast Boost|boost\n|-boost|p2a: Kartana|atk|1\n|\n|upkeep\n|\n|t:|1700668836\n|switch|p1a: Volcarona|Volcarona, M|100\/100\n|turn|8\n|\n|t:|1700668844\n|switch|p2a: Muk|Muk-Alola, M|88\/100\n|-damage|p2a: Muk|76\/100|[from] Stealth Rock\n|move|p1a: Volcarona|Quiver Dance|p1a: Volcarona\n|-boost|p1a: Volcarona|spa|1\n|-boost|p1a: Volcarona|spd|1\n|-boost|p1a: Volcarona|spe|1\n|\n|upkeep\n|turn|9\n|\n|t:|1700668858\n|move|p1a: Volcarona|Flamethrower|p2a: Muk\n|-damage|p2a: Muk|44\/100\n|move|p2a: Muk|Knock Off|p1a: Volcarona\n|-damage|p1a: Volcarona|37\/100\n|-status|p2a: Muk|brn|[from] ability: Flame Body|[of] p1a: Volcarona\n|-enditem|p1a: Volcarona|Focus Sash|[from] move: Knock Off|[of] p2a: Muk\n|\n|-damage|p2a: Muk|38\/100 brn|[from] brn\n|upkeep\n|turn|10\n|c|\u2606Markai00|A la primera, qje bien que bien\n|c|\u2606Marcesgo|jeje\n|\n|t:|1700668879\n|move|p1a: Volcarona|Bug Buzz|p2a: Muk\n|-damage|p2a: Muk|6\/100 brn\n|move|p2a: Muk|Poison Jab|p1a: Volcarona\n|-damage|p1a: Volcarona|13\/100\n|\n|-damage|p2a: Muk|0 fnt|[from] brn\n|faint|p2a: Muk\n|upkeep\n|c| Neitor el 08|esto es una catastrofe\n|\n|t:|1700668888\n|switch|p2a: Incineroar|Incineroar, M|100\/100\n|-ability|p2a: Incineroar|Intimidate|boost\n|-unboost|p1a: Volcarona|atk|1\n|turn|11\n|c| Neitor el 08|no enveneno\n|\n|t:|1700668901\n|move|p2a: Incineroar|Fake Out|p1a: Volcarona\n|-damage|p1a: Volcarona|0 fnt\n|faint|p1a: Volcarona\n|\n|upkeep\n|\n|t:|1700668917\n|switch|p1a: Mienshao|Mienshao, F|100\/100\n|turn|12\n|\n|t:|1700668922\n|switch|p2a: Type: Null|Type: Null|100\/100\n|-damage|p2a: Type: Null|88\/100|[from] Stealth Rock\n|move|p1a: Mienshao|U-turn|p2a: Type: Null\n|-damage|p2a: Type: Null|72\/100\n|\n|t:|1700668933\n|switch|p1a: Ferrothorn|Ferrothorn, M|74\/100|[from] U-turn\n|\n|upkeep\n|turn|13\n|\n|t:|1700668942\n|switch|p2a: Oricorio|Oricorio-Pom-Pom, M|100\/100\n|-damage|p2a: Oricorio|76\/100|[from] Stealth Rock\n|switch|p1a: Mienshao|Mienshao, F|100\/100\n|\n|upkeep\n|turn|14\n|c| AndraKinG|markai\n|\n|t:|1700668952\n|move|p1a: Mienshao|Ice Spinner|p2a: Oricorio\n|-supereffective|p2a: Oricorio\n|-damage|p2a: Oricorio|0 fnt\n|faint|p2a: Oricorio\n|\n|upkeep\n|c| AndraKinG|no sabes como va la habilidad de oricorio no?\n|\n|t:|1700668958\n|switch|p2a: Tapu Lele|Tapu Lele|100\/100\n|-damage|p2a: Tapu Lele|88\/100|[from] Stealth Rock\n|-fieldstart|move: Psychic Terrain|[from] ability: Psychic Surge|[of] p2a: Tapu Lele\n|turn|15\n|\n|t:|1700668969\n|switch|p1a: Gothitelle|Gothitelle, F|85\/100\n|-item|p2a: Tapu Lele|Choice Scarf|[from] ability: Frisk|[of] p1a: Gothitelle|[identify]\n|move|p2a: Tapu Lele|Moonblast|p1a: Gothitelle\n|-damage|p1a: Gothitelle|50\/100\n|-unboost|p1a: Gothitelle|spa|1\n|-enditem|p1a: Gothitelle|Sitrus Berry|[eat]\n|-heal|p1a: Gothitelle|75\/100|[from] item: Sitrus Berry\n|\n|upkeep\n|turn|16\n|c|\u2606Markai00|No ves que no? JAJAJAJA\n|\n|t:|1700668987\n|switch|p2a: Incineroar|Incineroar, M|100\/100\n|-ability|p2a: Incineroar|Intimidate|boost\n|-unboost|p1a: Gothitelle|atk|1\n|move|p1a: Gothitelle|Reflect|p1a: Gothitelle\n|-sidestart|p1: Marcesgo|Reflect\n|\n|upkeep\n|turn|17\n|c| AndraKinG|ya\n|c| Neitor el 08|jajajaj\n|\n|t:|1700669013\n|move|p1a: Gothitelle|Toxic|p2a: Incineroar\n|-status|p2a: Incineroar|tox\n|move|p2a: Incineroar|Parting Shot|p1a: Gothitelle\n|-unboost|p1a: Gothitelle|atk|1\n|-unboost|p1a: Gothitelle|spa|1\n|c| Neitor el 08|cuando uno baila copia sus estadisticas como danza dragon\n|\n|t:|1700669034\n|switch|p2a: Tapu Lele|Tapu Lele|88\/100|[from] Parting Shot\n|-damage|p2a: Tapu Lele|76\/100|[from] Stealth Rock\n|\n|upkeep\n|turn|18\n|\n|t:|1700669045\n|move|p2a: Tapu Lele|Shadow Ball|p1a: Gothitelle\n|-supereffective|p1a: Gothitelle\n|-damage|p1a: Gothitelle|36\/100\n|-unboost|p1a: Gothitelle|spd|1\n|move|p1a: Gothitelle|Light Screen|p1a: Gothitelle\n|-sidestart|p1: Marcesgo|move: Light Screen\n|\n|upkeep\n|turn|19\n|\n|t:|1700669066\n|switch|p1a: Bisharp|Bisharp, M|100\/100\n|move|p2a: Tapu Lele|Shadow Ball|p1a: Bisharp\n|-resisted|p1a: Bisharp\n|-damage|p1a: Bisharp|93\/100\n|-unboost|p1a: Bisharp|spd|1\n|-ability|p1a: Bisharp|Defiant|boost\n|-boost|p1a: Bisharp|atk|2\n|\n|-fieldend|move: Psychic Terrain\n|upkeep\n|turn|20\n|c|\u2606Markai00|Esto es en serio?\n|\n|t:|1700669077\n|switch|p2a: Type: Null|Type: Null|72\/100\n|-damage|p2a: Type: Null|60\/100|[from] Stealth Rock\n|move|p1a: Bisharp|Swords Dance|p1a: Bisharp\n|-boost|p1a: Bisharp|atk|2\n|\n|-sideend|p1: Marcesgo|Reflect\n|upkeep\n|turn|21\n|\n|t:|1700669089\n|move|p1a: Bisharp|Iron Head|p2a: Type: Null\n|-damage|p2a: Type: Null|0 fnt\n|faint|p2a: Type: Null\n|\n|upkeep\n|l| Neitor el 08\n|j| Neitor el 08\n|\n|t:|1700669096\n|switch|p2a: Incineroar|Incineroar, M|100\/100 tox\n|-ability|p2a: Incineroar|Intimidate|boost\n|-unboost|p1a: Bisharp|atk|1\n|-ability|p1a: Bisharp|Defiant|boost\n|-boost|p1a: Bisharp|atk|2\n|turn|22\n|\n|t:|1700669108\n|-terastallize|p1a: Bisharp|Dark\n|move|p1a: Bisharp|Sucker Punch||[still]\n|-fail|p1a: Bisharp\n|move|p2a: Incineroar|Will-O-Wisp|p1a: Bisharp\n|-status|p1a: Bisharp|brn\n|\n|-damage|p2a: Incineroar|95\/100 tox|[from] psn\n|-damage|p1a: Bisharp|87\/100 brn|[from] brn\n|-sideend|p1: Marcesgo|move: Light Screen\n|upkeep\n|turn|23\n|c| Neitor el 08|uy\n|c| Neitor el 08|se lio\n|c|\u2606Marcesgo|ai no\n|\n|t:|1700669122\n|move|p1a: Bisharp|Iron Head|p2a: Incineroar\n|-resisted|p2a: Incineroar\n|-damage|p2a: Incineroar|60\/100 tox\n|move|p2a: Incineroar|Flare Blitz|p1a: Bisharp\n|-damage|p1a: Bisharp|39\/100 brn\n|-damage|p2a: Incineroar|49\/100 tox|[from] Recoil\n|\n|-damage|p2a: Incineroar|37\/100 tox|[from] psn\n|-damage|p1a: Bisharp|33\/100 brn|[from] brn\n|upkeep\n|turn|24\n|\n|t:|1700669141\n|switch|p2a: Kartana|Kartana|67\/100\n|-damage|p2a: Kartana|61\/100|[from] Stealth Rock\n|move|p1a: Bisharp|Night Slash|p2a: Kartana\n|-damage|p2a: Kartana|0 fnt\n|faint|p2a: Kartana\n|\n|-damage|p1a: Bisharp|27\/100 brn|[from] brn\n|upkeep\n|\n|t:|1700669147\n|switch|p2a: Incineroar|Incineroar, M|37\/100 tox\n|-ability|p2a: Incineroar|Intimidate|boost\n|-unboost|p1a: Bisharp|atk|1\n|-ability|p1a: Bisharp|Defiant|boost\n|-boost|p1a: Bisharp|atk|2\n|turn|25\n|\n|t:|1700669154\n|move|p2a: Incineroar|Fake Out|p1a: Bisharp\n|-damage|p1a: Bisharp|16\/100 brn\n|cant|p1a: Bisharp|flinch\n|\n|-damage|p2a: Incineroar|31\/100 tox|[from] psn\n|-damage|p1a: Bisharp|10\/100 brn|[from] brn\n|upkeep\n|turn|26\n|c| Neitor el 08|eeee\n|c|\u2606Markai00|Esto es gg\n|\n|t:|1700669173\n|move|p1a: Bisharp|Sucker Punch|p2a: Incineroar\n|-resisted|p2a: Incineroar\n|-damage|p2a: Incineroar|0 fnt\n|faint|p2a: Incineroar\n|\n|-damage|p1a: Bisharp|4\/100 brn|[from] brn\n|upkeep\n|\n|t:|1700669176\n|switch|p2a: Tapu Lele|Tapu Lele|76\/100\n|-damage|p2a: Tapu Lele|63\/100|[from] Stealth Rock\n|-fieldstart|move: Psychic Terrain|[from] ability: Psychic Surge|[of] p2a: Tapu Lele\n|turn|27\n|c| AndraKinG|hace rato ya\n|\n|t:|1700669194\n|move|p1a: Bisharp|Sucker Punch|p2a: Tapu Lele\n|-activate|p2a: Tapu Lele|move: Psychic Terrain\n|move|p2a: Tapu Lele|Moonblast|p1a: Bisharp\n|-supereffective|p1a: Bisharp\n|-damage|p1a: Bisharp|0 fnt\n|faint|p1a: Bisharp\n|\n|upkeep\n|c|\u2606Markai00|Che que lastima\n|\n|t:|1700669225\n|switch|p1a: Gothitelle|Gothitelle, F|36\/100\n|-item|p2a: Tapu Lele|Choice Scarf|[from] ability: Frisk|[of] p1a: Gothitelle|[identify]\n|turn|28\n|\n|t:|1700669229\n|move|p2a: Tapu Lele|Moonblast|p1a: Gothitelle\n|-damage|p1a: Gothitelle|2\/100\n|-unboost|p1a: Gothitelle|spa|1\n|move|p1a: Gothitelle|Light Screen|p1a: Gothitelle\n|-sidestart|p1: Marcesgo|move: Light Screen\n|\n|upkeep\n|turn|29\n|c|\u2606Markai00|No pero esto es broma o algo no?\n|\n|t:|1700669242\n|move|p2a: Tapu Lele|Moonblast|p1a: Gothitelle\n|-damage|p1a: Gothitelle|0 fnt\n|faint|p1a: Gothitelle\n|\n|upkeep\n|\n|t:|1700669245\n|switch|p1a: Ferrothorn|Ferrothorn, M|74\/100\n|turn|30\n|\n|t:|1700669250\n|move|p2a: Tapu Lele|Moonblast|p1a: Ferrothorn\n|-resisted|p1a: Ferrothorn\n|-damage|p1a: Ferrothorn|65\/100\n|move|p1a: Ferrothorn|Gyro Ball|p2a: Tapu Lele\n|-supereffective|p2a: Tapu Lele\n|-damage|p2a: Tapu Lele|0 fnt\n|faint|p2a: Tapu Lele\n|\n|win|Marcesgo\n|c|\u2606Markai00|Gg\n|c|\u2606Marcesgo|Ah bueno, creia que pegaba mas\n|c|\u2606Marcesgo|A este\n|l| Neitor el 08\n|c|\u2606Marcesgo|Gg\n|l| AndraKinG\n","uploadtime":1700669266,"views":2,"p1id":"marcesgo","p2id":"markai00","formatid":"gen9nationaldex","rating":0,"private":0,"password":""}