{"id":"gen9nationaldex-1997533172","p1":"gongjuren","p2":"Sharpfang505","format":"[Gen 9] National Dex","log":"|html|<div class=\"broadcast-blue\"><strong>[Gen 9] National Dex is currently suspecting Sneasler! For information on how to participate check out the <a href=\"https:\/\/www.smogon.com\/forums\/threads\/sv-national-dex-suspect-8-just-dance.3731534\/\">suspect thread<\/a>.<\/strong><\/div>\n|j|\u2606gongjuren\n|j|\u2606Sharpfang505\n|t:|1700821420\n|gametype|singles\n|player|p1|gongjuren|102|1357\n|player|p2|Sharpfang505|psychic-gen4|1420\n|teamsize|p1|6\n|teamsize|p2|6\n|gen|9\n|tier|[Gen 9] National Dex\n|rated|\n|rule|HP Percentage Mod: HP is shown in percentages\n|rule|Endless Battle Clause: Forcing endless battles is banned\n|rule|OHKO Clause: OHKO moves are banned\n|rule|Evasion Clause: Evasion abilities, items, and moves are banned\n|rule|Evasion Abilities Clause: Evasion abilities are banned\n|rule|Evasion Items Clause: Evasion items are banned\n|rule|Evasion Moves Clause: Evasion moves are banned\n|rule|Species Clause: Limit one of each Pok\u00e9mon\n|rule|Sleep Clause Mod: Limit one foe put to sleep\n|clearpoke\n|poke|p1|Beedrill, M|\n|poke|p1|Shuckle, M|\n|poke|p1|Urshifu-*, M|\n|poke|p1|Blacephalon|\n|poke|p1|Bisharp, M|\n|poke|p1|Tapu Lele|\n|poke|p2|Gliscor, M|\n|poke|p2|Cacturne, F|\n|poke|p2|Oranguru, M|\n|poke|p2|Drifblim, F|\n|poke|p2|Glalie, F|\n|poke|p2|Garganacl, F|\n|teampreview\n|inactive|Battle timer is ON: inactive players will automatically lose when time's up. (requested by gongjuren)\n|\n|t:|1700821427\n|start\n|switch|p1a: \u5f3a\u6b32\u4e4b\u58f6|Shuckle, M|100\/100\n|switch|p2a: Garganacl|Garganacl, F|100\/100\n|turn|1\n|\n|t:|1700821432\n|move|p2a: Garganacl|Salt Cure|p1a: \u5f3a\u6b32\u4e4b\u58f6\n|-supereffective|p1a: \u5f3a\u6b32\u4e4b\u58f6\n|-crit|p1a: \u5f3a\u6b32\u4e4b\u58f6\n|-damage|p1a: \u5f3a\u6b32\u4e4b\u58f6|78\/100\n|-start|p1a: \u5f3a\u6b32\u4e4b\u58f6|Salt Cure\n|-enditem|p1a: \u5f3a\u6b32\u4e4b\u58f6|Red Card|[of] p2a: Garganacl\n|drag|p2a: Glalie|Glalie, F|100\/100\n|move|p1a: \u5f3a\u6b32\u4e4b\u58f6|Sticky Web|p2a: Glalie\n|-sidestart|p2: Sharpfang505|move: Sticky Web\n|\n|-damage|p1a: \u5f3a\u6b32\u4e4b\u58f6|66\/100|[from] Salt Cure\n|upkeep\n|turn|2\n|\n|t:|1700821442\n|switch|p2a: Garganacl|Garganacl, F|100\/100\n|-activate|p2a: Garganacl|move: Sticky Web\n|-unboost|p2a: Garganacl|spe|1\n|move|p1a: \u5f3a\u6b32\u4e4b\u58f6|Stealth Rock|p2a: Garganacl\n|-sidestart|p2: Sharpfang505|move: Stealth Rock\n|\n|-damage|p1a: \u5f3a\u6b32\u4e4b\u58f6|54\/100|[from] Salt Cure\n|upkeep\n|turn|3\n|\n|t:|1700821449\n|move|p2a: Garganacl|Iron Defense|p2a: Garganacl\n|-boost|p2a: Garganacl|def|2\n|move|p1a: \u5f3a\u6b32\u4e4b\u58f6|Knock Off|p2a: Garganacl\n|-damage|p2a: Garganacl|99\/100\n|-enditem|p2a: Garganacl|Leftovers|[from] move: Knock Off|[of] p1a: \u5f3a\u6b32\u4e4b\u58f6\n|\n|-damage|p1a: \u5f3a\u6b32\u4e4b\u58f6|41\/100|[from] Salt Cure\n|upkeep\n|turn|4\n|\n|t:|1700821457\n|move|p2a: Garganacl|Body Press|p1a: \u5f3a\u6b32\u4e4b\u58f6\n|-damage|p1a: \u5f3a\u6b32\u4e4b\u58f6|17\/100\n|move|p1a: \u5f3a\u6b32\u4e4b\u58f6|Encore|p2a: Garganacl\n|-start|p2a: Garganacl|Encore\n|\n|-damage|p1a: \u5f3a\u6b32\u4e4b\u58f6|4\/100|[from] Salt Cure\n|upkeep\n|turn|5\n|\n|t:|1700821469\n|move|p2a: Garganacl|Body Press|p1a: \u5f3a\u6b32\u4e4b\u58f6\n|-damage|p1a: \u5f3a\u6b32\u4e4b\u58f6|0 fnt\n|faint|p1a: \u5f3a\u6b32\u4e4b\u58f6\n|\n|upkeep\n|\n|t:|1700821480\n|switch|p1a: OU\u866b\u738b|Beedrill, M|100\/100\n|turn|6\n|\n|t:|1700821484\n|detailschange|p1a: OU\u866b\u738b|Beedrill-Mega, M\n|-mega|p1a: OU\u866b\u738b|Beedrill|Beedrillite\n|move|p1a: OU\u866b\u738b|Drill Run|p2a: Garganacl\n|-supereffective|p2a: Garganacl\n|-damage|p2a: Garganacl|77\/100\n|move|p2a: Garganacl|Body Press|p1a: OU\u866b\u738b\n|-resisted|p1a: OU\u866b\u738b\n|-damage|p1a: OU\u866b\u738b|71\/100\n|\n|upkeep\n|turn|7\n|\n|t:|1700821493\n|switch|p1a: \u718a\u4e8c|Urshifu-Rapid-Strike, M|100\/100\n|move|p2a: Garganacl|Body Press|p1a: \u718a\u4e8c\n|-damage|p1a: \u718a\u4e8c|54\/100\n|\n|-end|p2a: Garganacl|Encore\n|upkeep\n|turn|8\n|\n|t:|1700821500\n|switch|p2a: Cacturne|Cacturne, F|100\/100\n|-activate|p2a: Cacturne|move: Sticky Web\n|-unboost|p2a: Cacturne|spe|1\n|-damage|p2a: Cacturne|88\/100|[from] Stealth Rock\n|move|p1a: \u718a\u4e8c|Surging Strikes|p2a: Cacturne\n|-heal|p2a: Cacturne|100\/100|[from] ability: Water Absorb|[of] p1a: \u718a\u4e8c\n|\n|upkeep\n|turn|9\n|\n|t:|1700821512\n|switch|p1a: OU\u866b\u738b|Beedrill-Mega, M|71\/100\n|move|p2a: Cacturne|Seed Bomb|p1a: OU\u866b\u738b\n|-resisted|p1a: OU\u866b\u738b\n|-damage|p1a: OU\u866b\u738b|46\/100\n|\n|upkeep\n|turn|10\n|\n|t:|1700821517\n|move|p2a: Cacturne|Sucker Punch|p1a: OU\u866b\u738b\n|-damage|p1a: OU\u866b\u738b|0 fnt\n|faint|p1a: OU\u866b\u738b\n|\n|upkeep\n|\n|t:|1700821520\n|switch|p1a: \u5c0f\u9171|Bisharp, M|100\/100\n|turn|11\n|\n|t:|1700821543\n|switch|p2a: Drifblim|Drifblim, F|100\/100\n|-damage|p2a: Drifblim|75\/100|[from] Stealth Rock\n|move|p1a: \u5c0f\u9171|Swords Dance|p1a: \u5c0f\u9171\n|-boost|p1a: \u5c0f\u9171|atk|2\n|\n|upkeep\n|turn|12\n|\n|t:|1700821548\n|move|p2a: Drifblim|Will-O-Wisp|p1a: \u5c0f\u9171\n|-status|p1a: \u5c0f\u9171|brn\n|move|p1a: \u5c0f\u9171|Knock Off|p2a: Drifblim\n|-supereffective|p2a: Drifblim\n|-damage|p2a: Drifblim|0 fnt\n|-damage|p1a: \u5c0f\u9171|76\/100 brn|[from] ability: Aftermath|[of] p2a: Drifblim\n|-damage|p1a: \u5c0f\u9171|59\/100 brn|[from] item: Rocky Helmet|[of] p2a: Drifblim\n|-enditem|p2a: Drifblim|Rocky Helmet|[from] move: Knock Off|[of] p1a: \u5c0f\u9171\n|faint|p2a: Drifblim\n|\n|-damage|p1a: \u5c0f\u9171|53\/100 brn|[from] brn\n|upkeep\n|\n|t:|1700821564\n|switch|p2a: Gliscor|Gliscor, M|100\/100\n|-damage|p2a: Gliscor|88\/100|[from] Stealth Rock\n|turn|13\n|\n|t:|1700821567\n|move|p2a: Gliscor|Earthquake|p1a: \u5c0f\u9171\n|-supereffective|p1a: \u5c0f\u9171\n|-damage|p1a: \u5c0f\u9171|0 fnt\n|faint|p1a: \u5c0f\u9171\n|\n|-status|p2a: Gliscor|tox|[from] item: Toxic Orb\n|upkeep\n|\n|t:|1700821579\n|switch|p1a: \u718a\u4e8c|Urshifu-Rapid-Strike, M|54\/100\n|turn|14\n|\n|t:|1700821600\n|switch|p2a: Cacturne|Cacturne, F|100\/100\n|-activate|p2a: Cacturne|move: Sticky Web\n|-unboost|p2a: Cacturne|spe|1\n|-damage|p2a: Cacturne|88\/100|[from] Stealth Rock\n|move|p1a: \u718a\u4e8c|Ice Spinner|p2a: Cacturne\n|-supereffective|p2a: Cacturne\n|-damage|p2a: Cacturne|0 fnt\n|faint|p2a: Cacturne\n|\n|upkeep\n|\n|t:|1700821607\n|switch|p2a: Oranguru|Oranguru, M|100\/100\n|-activate|p2a: Oranguru|move: Sticky Web\n|-unboost|p2a: Oranguru|spe|1\n|-damage|p2a: Oranguru|88\/100|[from] Stealth Rock\n|turn|15\n|\n|t:|1700821611\n|switch|p1a: JOKER|Blacephalon|100\/100\n|move|p2a: Oranguru|Psychic|p1a: JOKER\n|-damage|p1a: JOKER|39\/100\n|\n|-heal|p2a: Oranguru|94\/100|[from] item: Leftovers\n|upkeep\n|turn|16\n|\n|t:|1700821618\n|move|p1a: JOKER|Dark Pulse|p2a: Oranguru\n|-supereffective|p2a: Oranguru\n|-damage|p2a: Oranguru|40\/100\n|move|p2a: Oranguru|Psychic|p1a: JOKER\n|-damage|p1a: JOKER|0 fnt\n|faint|p1a: JOKER\n|\n|-heal|p2a: Oranguru|46\/100|[from] item: Leftovers\n|upkeep\n|\n|t:|1700821631\n|switch|p1a: \u718a\u4e8c|Urshifu-Rapid-Strike, M|54\/100\n|turn|17\n|\n|t:|1700821634\n|move|p1a: \u718a\u4e8c|Surging Strikes|p2a: Oranguru\n|-crit|p2a: Oranguru\n|-damage|p2a: Oranguru|21\/100\n|-crit|p2a: Oranguru\n|-damage|p2a: Oranguru|0 fnt\n|faint|p2a: Oranguru\n|-hitcount|p2: Oranguru|2\n|\n|upkeep\n|\n|t:|1700821646\n|switch|p2a: Gliscor|Gliscor, M|88\/100 tox\n|-damage|p2a: Gliscor|76\/100 tox|[from] Stealth Rock\n|turn|18\n|\n|t:|1700821658\n|-terastallize|p2a: Gliscor|Water\n|move|p1a: \u718a\u4e8c|Surging Strikes|p2a: Gliscor\n|-resisted|p2a: Gliscor\n|-crit|p2a: Gliscor\n|-damage|p2a: Gliscor|65\/100 tox\n|-resisted|p2a: Gliscor\n|-crit|p2a: Gliscor\n|-damage|p2a: Gliscor|52\/100 tox\n|-resisted|p2a: Gliscor\n|-crit|p2a: Gliscor\n|-damage|p2a: Gliscor|41\/100 tox\n|-hitcount|p2a: Gliscor|3\n|move|p2a: Gliscor|Acrobatics|p1a: \u718a\u4e8c\n|-supereffective|p1a: \u718a\u4e8c\n|-damage|p1a: \u718a\u4e8c|6\/100\n|\n|-heal|p2a: Gliscor|53\/100 tox|[from] ability: Poison Heal\n|upkeep\n|turn|19\n|\n|t:|1700821672\n|move|p1a: \u718a\u4e8c|Surging Strikes|p2a: Gliscor\n|-resisted|p2a: Gliscor\n|-crit|p2a: Gliscor\n|-damage|p2a: Gliscor|41\/100 tox\n|-resisted|p2a: Gliscor\n|-crit|p2a: Gliscor\n|-damage|p2a: Gliscor|30\/100 tox\n|-resisted|p2a: Gliscor\n|-crit|p2a: Gliscor\n|-damage|p2a: Gliscor|19\/100 tox\n|-hitcount|p2a: Gliscor|3\n|move|p2a: Gliscor|Roost|p2a: Gliscor\n|-heal|p2a: Gliscor|69\/100 tox\n|\n|-heal|p2a: Gliscor|81\/100 tox|[from] ability: Poison Heal\n|upkeep\n|turn|20\n|\n|t:|1700821680\n|move|p1a: \u718a\u4e8c|Surging Strikes|p2a: Gliscor\n|-resisted|p2a: Gliscor\n|-crit|p2a: Gliscor\n|-damage|p2a: Gliscor|70\/100 tox\n|-resisted|p2a: Gliscor\n|-crit|p2a: Gliscor\n|-damage|p2a: Gliscor|59\/100 tox\n|-resisted|p2a: Gliscor\n|-crit|p2a: Gliscor\n|-damage|p2a: Gliscor|46\/100 tox\n|-hitcount|p2a: Gliscor|3\n|move|p2a: Gliscor|Roost|p2a: Gliscor\n|-heal|p2a: Gliscor|96\/100 tox\n|\n|-heal|p2a: Gliscor|100\/100 tox|[from] ability: Poison Heal\n|upkeep\n|turn|21\n|\n|t:|1700821683\n|move|p1a: \u718a\u4e8c|Surging Strikes|p2a: Gliscor\n|-resisted|p2a: Gliscor\n|-crit|p2a: Gliscor\n|-damage|p2a: Gliscor|89\/100 tox\n|-resisted|p2a: Gliscor\n|-crit|p2a: Gliscor\n|-damage|p2a: Gliscor|78\/100 tox\n|-resisted|p2a: Gliscor\n|-crit|p2a: Gliscor\n|-damage|p2a: Gliscor|67\/100 tox\n|-hitcount|p2a: Gliscor|3\n|move|p2a: Gliscor|Earthquake|p1a: \u718a\u4e8c\n|-damage|p1a: \u718a\u4e8c|0 fnt\n|faint|p1a: \u718a\u4e8c\n|\n|-heal|p2a: Gliscor|80\/100 tox|[from] ability: Poison Heal\n|upkeep\n|\n|t:|1700821685\n|switch|p1a: \u8776\u8776|Tapu Lele|100\/100\n|-fieldstart|move: Psychic Terrain|[from] ability: Psychic Surge|[of] p1a: \u8776\u8776\n|turn|22\n|\n|t:|1700821688\n|-terastallize|p1a: \u8776\u8776|Psychic\n|move|p1a: \u8776\u8776|Psychic|p2a: Gliscor\n|-damage|p2a: Gliscor|0 fnt\n|faint|p2a: Gliscor\n|\n|upkeep\n|\n|t:|1700821693\n|switch|p2a: Glalie|Glalie, F|100\/100\n|-activate|p2a: Glalie|move: Sticky Web\n|-unboost|p2a: Glalie|spe|1\n|-damage|p2a: Glalie|76\/100|[from] Stealth Rock\n|turn|23\n|\n|t:|1700821697\n|detailschange|p2a: Glalie|Glalie-Mega, F\n|-mega|p2a: Glalie|Glalie|Glalitite\n|move|p1a: \u8776\u8776|Psychic|p2a: Glalie\n|-damage|p2a: Glalie|0 fnt\n|faint|p2a: Glalie\n|\n|upkeep\n|\n|t:|1700821701\n|switch|p2a: Garganacl|Garganacl, F|77\/100\n|-activate|p2a: Garganacl|move: Sticky Web\n|-unboost|p2a: Garganacl|spe|1\n|-damage|p2a: Garganacl|65\/100|[from] Stealth Rock\n|turn|24\n|\n|t:|1700821704\n|move|p1a: \u8776\u8776|Psychic|p2a: Garganacl\n|-damage|p2a: Garganacl|0 fnt\n|faint|p2a: Garganacl\n|\n|win|gongjuren\n|raw|gongjuren's rating: 1357 &rarr; <strong>1381<\/strong><br \/>(+24 for winning)\n|raw|Sharpfang505's rating: 1420 &rarr; <strong>1396<\/strong><br \/>(-24 for losing)\n|c|\u2606gongjuren|gg\n|l|\u2606Sharpfang505\n","uploadtime":1700821722,"views":9,"p1id":"gongjuren","p2id":"sharpfang505","formatid":"gen9nationaldex","rating":1381,"private":0,"password":""}