{"id":"gen9nationaldex-1994785271","p1":"DDC2","p2":"Nnifboy","format":"[Gen 9] National Dex","log":"|html|<div class=\"broadcast-blue\"><strong>[Gen 9] National Dex is currently suspecting Sneasler! For information on how to participate check out the <a href=\"https:\/\/www.smogon.com\/forums\/threads\/sv-national-dex-suspect-8-just-dance.3731534\/\">suspect thread<\/a>.<\/strong><\/div>\n|j|\u2606DDC2\n|j|\u2606Nnifboy\n|t:|1700492540\n|gametype|singles\n|player|p1|DDC2|gambler|1180\n|player|p2|Nnifboy|2|1225\n|teamsize|p1|6\n|teamsize|p2|6\n|gen|9\n|tier|[Gen 9] National Dex\n|rated|\n|rule|HP Percentage Mod: HP is shown in percentages\n|rule|Endless Battle Clause: Forcing endless battles is banned\n|rule|OHKO Clause: OHKO moves are banned\n|rule|Evasion Clause: Evasion abilities, items, and moves are banned\n|rule|Evasion Abilities Clause: Evasion abilities are banned\n|rule|Evasion Items Clause: Evasion items are banned\n|rule|Evasion Moves Clause: Evasion moves are banned\n|rule|Species Clause: Limit one of each Pok\u00e9mon\n|rule|Sleep Clause Mod: Limit one foe put to sleep\n|clearpoke\n|poke|p1|Chandelure, M|\n|poke|p1|Corviknight, M|\n|poke|p1|Garchomp, M|\n|poke|p1|Hatterene, F|\n|poke|p1|Enamorus, F|\n|poke|p1|Gliscor, M|\n|poke|p2|Munkidori, M|\n|poke|p2|Weavile, F|\n|poke|p2|Amoonguss, M|\n|poke|p2|Empoleon, M|\n|poke|p2|Iron Treads|\n|poke|p2|Tornadus-Therian, M|\n|teampreview\n|\n|t:|1700492556\n|start\n|switch|p1a: Gliscor|Gliscor, M|100\/100\n|switch|p2a: Munkidori|Munkidori, M|100\/100\n|turn|1\n|inactive|Battle timer is ON: inactive players will automatically lose when time's up. (requested by Nnifboy)\n|inactive|DDC2 has 120 seconds left.\n|\n|t:|1700492596\n|switch|p1a: Garchomp|Garchomp, M|100\/100\n|move|p2a: Munkidori|U-turn|p1a: Garchomp\n|-damage|p1a: Garchomp|91\/100\n|-damage|p2a: Munkidori|88\/100|[from] ability: Rough Skin|[of] p1a: Garchomp\n|\n|t:|1700492603\n|switch|p2a: Weavile|Weavile, F|100\/100|[from] U-turn\n|\n|upkeep\n|turn|2\n|\n|t:|1700492628\n|switch|p1a: Gliscor|Gliscor, M|100\/100\n|move|p2a: Weavile|Ice Spinner|p1a: Gliscor\n|-supereffective|p1a: Gliscor\n|-damage|p1a: Gliscor|0 fnt\n|faint|p1a: Gliscor\n|\n|upkeep\n|\n|t:|1700492641\n|switch|p1a: Hatterene|Hatterene, F|100\/100\n|turn|3\n|\n|t:|1700492651\n|switch|p2a: Munkidori|Munkidori, M|88\/100\n|move|p1a: Hatterene|Trick Room|p1a: Hatterene\n|-fieldstart|move: Trick Room|[of] p1a: Hatterene\n|\n|upkeep\n|turn|4\n|\n|t:|1700492663\n|move|p1a: Hatterene|Expanding Force|p2a: Munkidori\n|-damage|p2a: Munkidori|37\/100\n|move|p2a: Munkidori|Future Sight|p1a: Hatterene\n|-start|p2a: Munkidori|move: Future Sight\n|\n|upkeep\n|turn|5\n|\n|t:|1700492676\n|move|p1a: Hatterene|Shadow Ball|p2a: Munkidori\n|-supereffective|p2a: Munkidori\n|-damage|p2a: Munkidori|0 fnt\n|faint|p2a: Munkidori\n|\n|upkeep\n|\n|t:|1700492684\n|switch|p2a: Empoleon|Empoleon, M|100\/100\n|turn|6\n|\n|t:|1700492692\n|move|p1a: Hatterene|Shadow Ball|p2a: Empoleon\n|-crit|p2a: Empoleon\n|-damage|p2a: Empoleon|57\/100\n|move|p2a: Empoleon|Scald|p1a: Hatterene\n|-damage|p1a: Hatterene|70\/100\n|\n|-end|p1a: Hatterene|move: Future Sight\n|-resisted|p1a: Hatterene\n|-damage|p1a: Hatterene|37\/100\n|-heal|p2a: Empoleon|63\/100|[from] item: Leftovers\n|upkeep\n|turn|7\n|\n|t:|1700492713\n|switch|p1a: Enamorus|Enamorus, F|100\/100\n|-enditem|p1a: Enamorus|Room Service\n|-boost|p1a: Enamorus|spe|1|[from] item: Room Service\n|move|p2a: Empoleon|Roost|p2a: Empoleon\n|-heal|p2a: Empoleon|100\/100\n|-singleturn|p2a: Empoleon|move: Roost\n|\n|-fieldend|move: Trick Room\n|upkeep\n|turn|8\n|\n|t:|1700492729\n|move|p1a: Enamorus|Superpower|p2a: Empoleon\n|-supereffective|p2a: Empoleon\n|-damage|p2a: Empoleon|44\/100\n|-boost|p1a: Enamorus|atk|1\n|-boost|p1a: Enamorus|def|1\n|move|p2a: Empoleon|Stealth Rock|p1a: Enamorus\n|-sidestart|p1: DDC2|move: Stealth Rock\n|\n|-heal|p2a: Empoleon|50\/100|[from] item: Leftovers\n|upkeep\n|turn|9\n|\n|t:|1700492744\n|move|p1a: Enamorus|Superpower|p2a: Empoleon\n|-supereffective|p2a: Empoleon\n|-damage|p2a: Empoleon|0 fnt\n|-boost|p1a: Enamorus|atk|1\n|-boost|p1a: Enamorus|def|1\n|faint|p2a: Empoleon\n|\n|upkeep\n|\n|t:|1700492763\n|switch|p2a: Weavile|Weavile, F|100\/100\n|turn|10\n|\n|t:|1700492768\n|move|p1a: Enamorus|Superpower|p2a: Weavile\n|-supereffective|p2a: Weavile\n|-damage|p2a: Weavile|0 fnt\n|-boost|p1a: Enamorus|atk|1\n|-boost|p1a: Enamorus|def|1\n|faint|p2a: Weavile\n|\n|upkeep\n|-message|Nnifboy forfeited.\n|\n|win|DDC2\n|raw|DDC2's rating: 1180 &rarr; <strong>1208<\/strong><br \/>(+28 for winning)\n|raw|Nnifboy's rating: 1225 &rarr; <strong>1197<\/strong><br \/>(-28 for losing)\n|l|\u2606Nnifboy\n","uploadtime":1700492782,"views":6,"p1id":"ddc2","p2id":"nnifboy","formatid":"gen9nationaldex","rating":1197,"private":0,"password":""}