{"id":"gen9nationaldex-1987290539","p1":"dFUCKGLISCORiMS","p2":"Reaper542","format":"[Gen 9] National Dex","log":"|j|\u2606dFUCKGLISCORiMS\n|j|\u2606Reaper542\n|t:|1699573760\n|gametype|singles\n|player|p1|dFUCKGLISCORiMS|ghetsis|1140\n|player|p2|Reaper542|101|1038\n|teamsize|p1|6\n|teamsize|p2|6\n|gen|9\n|tier|[Gen 9] National Dex\n|rated|\n|rule|HP Percentage Mod: HP is shown in percentages\n|rule|Endless Battle Clause: Forcing endless battles is banned\n|rule|OHKO Clause: OHKO moves are banned\n|rule|Evasion Clause: Evasion abilities, items, and moves are banned\n|rule|Evasion Abilities Clause: Evasion abilities are banned\n|rule|Evasion Items Clause: Evasion items are banned\n|rule|Evasion Moves Clause: Evasion moves are banned\n|rule|Species Clause: Limit one of each Pok\u00e9mon\n|rule|Sleep Clause Mod: Limit one foe put to sleep\n|clearpoke\n|poke|p1|Salazzle, F|\n|poke|p1|Magnemite, L1|\n|poke|p1|Probopass, L2, M|\n|poke|p1|Mandibuzz, F|\n|poke|p1|Nosepass, L1, M|\n|poke|p1|Tentacruel, M|\n|poke|p2|Sceptile, M|\n|poke|p2|Garchomp, M|\n|poke|p2|Kartana|\n|poke|p2|Ferrothorn, M|\n|poke|p2|Thundurus-Therian, M|\n|poke|p2|Blacephalon|\n|teampreview\n|l|\u2606Reaper542\n|player|p2|\n|inactive|Battle timer is ON: inactive players will automatically lose when time's up. (requested by dFUCKGLISCORiMS)\n|j|\u2606Reaper542\n|inactive|Reaper542 reconnected and has 145 seconds left.\n|player|p2|Reaper542|101\n|\n|t:|1699573780\n|start\n|switch|p1a: No Fun Allowed|Salazzle, F|100\/100\n|switch|p2a: Ferrothorn|Ferrothorn, M|100\/100\n|turn|1\n|\n|t:|1699573787\n|move|p1a: No Fun Allowed|Flamethrower|p2a: Ferrothorn\n|-supereffective|p2a: Ferrothorn\n|-damage|p2a: Ferrothorn|0 fnt\n|faint|p2a: Ferrothorn\n|\n|upkeep\n|c|\u2606dFUCKGLISCORiMS|lmfao\n|\n|t:|1699573805\n|switch|p2a: Kartana|Kartana|100\/100\n|turn|2\n|c|\u2606dFUCKGLISCORiMS|Ask yourself: \"Did staying in on a Fire type make sense?\"\n|c|\u2606dFUCKGLISCORiMS|Did you need rocks up that badly?\n|\n|t:|1699573829\n|switch|p1a: Sh\ud83d\udca9tbird|Mandibuzz, F|100\/100\n|-terastallize|p2a: Kartana|Fighting\n|move|p2a: Kartana|Psycho Cut|p1a: Sh\ud83d\udca9tbird\n|-immune|p1a: Sh\ud83d\udca9tbird\n|\n|upkeep\n|turn|3\n|\n|t:|1699573838\n|move|p2a: Kartana|Substitute|p2a: Kartana\n|-start|p2a: Kartana|Substitute\n|-damage|p2a: Kartana|75\/100\n|move|p1a: Sh\ud83d\udca9tbird|Toxic||[still]\n|-fail|p1a: Sh\ud83d\udca9tbird\n|\n|upkeep\n|turn|4\n|\n|t:|1699573844\n|move|p2a: Kartana|Sacred Sword|p1a: Sh\ud83d\udca9tbird\n|-damage|p1a: Sh\ud83d\udca9tbird|65\/100\n|move|p1a: Sh\ud83d\udca9tbird|Foul Play|p2a: Kartana\n|-resisted|p2a: Kartana\n|-end|p2a: Kartana|Substitute\n|\n|upkeep\n|turn|5\n|\n|t:|1699573854\n|move|p2a: Kartana|Substitute|p2a: Kartana\n|-start|p2a: Kartana|Substitute\n|-damage|p2a: Kartana|50\/100\n|move|p1a: Sh\ud83d\udca9tbird|Roost|p1a: Sh\ud83d\udca9tbird\n|-heal|p1a: Sh\ud83d\udca9tbird|100\/100\n|-singleturn|p1a: Sh\ud83d\udca9tbird|move: Roost\n|\n|upkeep\n|turn|6\n|\n|t:|1699573856\n|move|p2a: Kartana|Sacred Sword|p1a: Sh\ud83d\udca9tbird\n|-damage|p1a: Sh\ud83d\udca9tbird|66\/100\n|move|p1a: Sh\ud83d\udca9tbird|Foul Play|p2a: Kartana\n|-resisted|p2a: Kartana\n|-end|p2a: Kartana|Substitute\n|\n|upkeep\n|turn|7\n|\n|t:|1699573864\n|move|p2a: Kartana|Sacred Sword|p1a: Sh\ud83d\udca9tbird\n|-damage|p1a: Sh\ud83d\udca9tbird|33\/100\n|move|p1a: Sh\ud83d\udca9tbird|Roost|p1a: Sh\ud83d\udca9tbird\n|-heal|p1a: Sh\ud83d\udca9tbird|83\/100\n|-singleturn|p1a: Sh\ud83d\udca9tbird|move: Roost\n|\n|upkeep\n|turn|8\n|\n|t:|1699573873\n|move|p2a: Kartana|Sacred Sword|p1a: Sh\ud83d\udca9tbird\n|-damage|p1a: Sh\ud83d\udca9tbird|46\/100\n|move|p1a: Sh\ud83d\udca9tbird|Foul Play|p2a: Kartana\n|-resisted|p2a: Kartana\n|-damage|p2a: Kartana|17\/100\n|-enditem|p2a: Kartana|Iapapa Berry|[eat]\n|-heal|p2a: Kartana|50\/100|[from] item: Iapapa Berry\n|\n|upkeep\n|turn|9\n|\n|t:|1699573878\n|move|p2a: Kartana|Sacred Sword|p1a: Sh\ud83d\udca9tbird\n|-damage|p1a: Sh\ud83d\udca9tbird|11\/100\n|move|p1a: Sh\ud83d\udca9tbird|Roost|p1a: Sh\ud83d\udca9tbird\n|-heal|p1a: Sh\ud83d\udca9tbird|61\/100\n|-singleturn|p1a: Sh\ud83d\udca9tbird|move: Roost\n|\n|upkeep\n|turn|10\n|\n|t:|1699573882\n|move|p2a: Kartana|Sacred Sword|p1a: Sh\ud83d\udca9tbird\n|-damage|p1a: Sh\ud83d\udca9tbird|25\/100\n|move|p1a: Sh\ud83d\udca9tbird|Roost|p1a: Sh\ud83d\udca9tbird\n|-heal|p1a: Sh\ud83d\udca9tbird|75\/100\n|-singleturn|p1a: Sh\ud83d\udca9tbird|move: Roost\n|\n|upkeep\n|turn|11\n|\n|t:|1699573895\n|move|p2a: Kartana|Sacred Sword|p1a: Sh\ud83d\udca9tbird\n|-damage|p1a: Sh\ud83d\udca9tbird|40\/100\n|move|p1a: Sh\ud83d\udca9tbird|Roost|p1a: Sh\ud83d\udca9tbird\n|-heal|p1a: Sh\ud83d\udca9tbird|90\/100\n|-singleturn|p1a: Sh\ud83d\udca9tbird|move: Roost\n|\n|upkeep\n|turn|12\n|\n|t:|1699573910\n|switch|p2a: Blacephalon|Blacephalon|100\/100\n|move|p1a: Sh\ud83d\udca9tbird|Toxic|p2a: Blacephalon\n|-status|p2a: Blacephalon|tox\n|\n|-damage|p2a: Blacephalon|94\/100 tox|[from] psn\n|upkeep\n|turn|13\n|\n|t:|1699573928\n|switch|p1a: Sh\ud83d\udca9tsquid|Tentacruel, M|100\/100\n|move|p2a: Blacephalon|Swagger|p1a: Sh\ud83d\udca9tsquid\n|-boost|p1a: Sh\ud83d\udca9tsquid|atk|2\n|-start|p1a: Sh\ud83d\udca9tsquid|confusion\n|\n|-damage|p2a: Blacephalon|82\/100 tox|[from] psn\n|upkeep\n|turn|14\n|\n|t:|1699573939\n|switch|p1a: Literally Level 1|Magnemite, L1|100\/100\n|move|p2a: Blacephalon|Hypnosis|p1a: Literally Level 1\n|-status|p1a: Literally Level 1|slp|[from] move: Hypnosis\n|\n|-damage|p2a: Blacephalon|64\/100 tox|[from] psn\n|upkeep\n|turn|15\n|\n|t:|1699573950\n|switch|p2a: Kartana|Kartana, tera:Fighting|50\/100\n|cant|p1a: Literally Level 1|slp\n|\n|upkeep\n|turn|16\n|\n|t:|1699573956\n|switch|p1a: Sh\ud83d\udca9tbird|Mandibuzz, F|90\/100\n|move|p2a: Kartana|Substitute|p2a: Kartana\n|-start|p2a: Kartana|Substitute\n|-damage|p2a: Kartana|25\/100\n|\n|upkeep\n|turn|17\n|\n|t:|1699573964\n|move|p2a: Kartana|Psycho Cut|p1a: Sh\ud83d\udca9tbird\n|-immune|p1a: Sh\ud83d\udca9tbird\n|move|p1a: Sh\ud83d\udca9tbird|Foul Play|p2a: Kartana\n|-resisted|p2a: Kartana\n|-end|p2a: Kartana|Substitute\n|\n|upkeep\n|turn|18\n|\n|t:|1699573973\n|switch|p2a: Garchomp|Garchomp, M|100\/100\n|move|p1a: Sh\ud83d\udca9tbird|Foul Play|p2a: Garchomp\n|-damage|p2a: Garchomp|51\/100\n|-damage|p1a: Sh\ud83d\udca9tbird|78\/100|[from] ability: Rough Skin|[of] p2a: Garchomp\n|-damage|p1a: Sh\ud83d\udca9tbird|61\/100|[from] item: Rocky Helmet|[of] p2a: Garchomp\n|\n|upkeep\n|turn|19\n|\n|t:|1699573984\n|move|p2a: Garchomp|Rock Slide|p1a: Sh\ud83d\udca9tbird|[miss]\n|-miss|p2a: Garchomp|p1a: Sh\ud83d\udca9tbird\n|move|p1a: Sh\ud83d\udca9tbird|Foul Play|p2a: Garchomp\n|-damage|p2a: Garchomp|3\/100\n|-damage|p1a: Sh\ud83d\udca9tbird|49\/100|[from] ability: Rough Skin|[of] p2a: Garchomp\n|-damage|p1a: Sh\ud83d\udca9tbird|32\/100|[from] item: Rocky Helmet|[of] p2a: Garchomp\n|\n|upkeep\n|turn|20\n|\n|t:|1699573987\n|move|p2a: Garchomp|Rock Slide|p1a: Sh\ud83d\udca9tbird\n|-supereffective|p1a: Sh\ud83d\udca9tbird\n|-damage|p1a: Sh\ud83d\udca9tbird|1\/100\n|move|p1a: Sh\ud83d\udca9tbird|Roost|p1a: Sh\ud83d\udca9tbird\n|-heal|p1a: Sh\ud83d\udca9tbird|51\/100\n|-singleturn|p1a: Sh\ud83d\udca9tbird|move: Roost\n|\n|upkeep\n|turn|21\n|\n|t:|1699573997\n|move|p2a: Garchomp|Rock Slide|p1a: Sh\ud83d\udca9tbird\n|-supereffective|p1a: Sh\ud83d\udca9tbird\n|-damage|p1a: Sh\ud83d\udca9tbird|22\/100\n|move|p1a: Sh\ud83d\udca9tbird|Toxic|p2a: Garchomp\n|-status|p2a: Garchomp|tox\n|\n|-damage|p2a: Garchomp|0 fnt|[from] psn\n|faint|p2a: Garchomp\n|upkeep\n|\n|t:|1699574003\n|switch|p2a: Kartana|Kartana, tera:Fighting|25\/100\n|turn|22\n|\n|t:|1699574010\n|move|p2a: Kartana|Sacred Sword|p1a: Sh\ud83d\udca9tbird\n|-damage|p1a: Sh\ud83d\udca9tbird|0 fnt\n|faint|p1a: Sh\ud83d\udca9tbird\n|-ability|p2a: Kartana|Beast Boost|boost\n|-boost|p2a: Kartana|atk|1\n|\n|upkeep\n|\n|t:|1699574013\n|switch|p1a: No Fun Allowed|Salazzle, F|100\/100\n|turn|23\n|\n|t:|1699574018\n|move|p1a: No Fun Allowed|Flamethrower|p2a: Kartana\n|-damage|p2a: Kartana|0 fnt\n|faint|p2a: Kartana\n|\n|upkeep\n|\n|t:|1699574026\n|switch|p2a: Thundurus|Thundurus-Therian, M|100\/100\n|turn|24\n|\n|t:|1699574052\n|move|p1a: No Fun Allowed|Protect|p1a: No Fun Allowed\n|-singleturn|p1a: No Fun Allowed|Protect\n|move|p2a: Thundurus|Psychic|p1a: No Fun Allowed\n|-activate|p1a: No Fun Allowed|move: Protect\n|\n|upkeep\n|turn|25\n|\n|t:|1699574059\n|switch|p1a: Literally Level 1|Magnemite, L1|100\/100 slp\n|move|p2a: Thundurus|Psychic|p1a: Literally Level 1\n|-resisted|p1a: Literally Level 1\n|-ability|p1a: Literally Level 1|Sturdy\n|-damage|p1a: Literally Level 1|10\/100 slp\n|-enditem|p1a: Literally Level 1|Berry Juice\n|-heal|p1a: Literally Level 1|100\/100 slp|[from] item: Berry Juice\n|\n|upkeep\n|turn|26\n|\n|t:|1699574079\n|-curestatus|p1a: Literally Level 1|slp|[msg]\n|move|p1a: Literally Level 1|Protect|p1a: Literally Level 1\n|-singleturn|p1a: Literally Level 1|Protect\n|move|p2a: Thundurus|Psychic|p1a: Literally Level 1\n|-activate|p1a: Literally Level 1|move: Protect\n|\n|upkeep\n|turn|27\n|\n|t:|1699574084\n|move|p2a: Thundurus|Volt Switch|p1a: Literally Level 1\n|-resisted|p1a: Literally Level 1\n|-ability|p1a: Literally Level 1|Sturdy\n|-damage|p1a: Literally Level 1|10\/100\n|\n|t:|1699574089\n|switch|p2a: Blacephalon|Blacephalon|64\/100 tox|[from] Volt Switch\n|move|p1a: Literally Level 1|Recycle|p1a: Literally Level 1\n|-item|p1a: Literally Level 1|Berry Juice|[from] move: Recycle\n|-enditem|p1a: Literally Level 1|Berry Juice\n|-heal|p1a: Literally Level 1|100\/100|[from] item: Berry Juice\n|\n|-damage|p2a: Blacephalon|58\/100 tox|[from] psn\n|upkeep\n|turn|28\n|\n|t:|1699574099\n|move|p1a: Literally Level 1|Protect|p1a: Literally Level 1\n|-singleturn|p1a: Literally Level 1|Protect\n|move|p2a: Blacephalon|Swagger|p1a: Literally Level 1\n|-activate|p1a: Literally Level 1|move: Protect\n|\n|-damage|p2a: Blacephalon|46\/100 tox|[from] psn\n|upkeep\n|turn|29\n|\n|t:|1699574103\n|move|p1a: Literally Level 1|Magic Coat|p1a: Literally Level 1\n|-singleturn|p1a: Literally Level 1|move: Magic Coat\n|move|p2a: Blacephalon|Swagger|p1a: Literally Level 1\n|move|p1a: Literally Level 1|Swagger|p2a: Blacephalon|[from]Magic Coat\n|-boost|p2a: Blacephalon|atk|2\n|-start|p2a: Blacephalon|confusion\n|\n|-damage|p2a: Blacephalon|28\/100 tox|[from] psn\n|upkeep\n|turn|30\n|\n|t:|1699574108\n|move|p1a: Literally Level 1|Protect|p1a: Literally Level 1\n|-singleturn|p1a: Literally Level 1|Protect\n|-activate|p2a: Blacephalon|confusion\n|move|p2a: Blacephalon|Swagger|p1a: Literally Level 1\n|-activate|p1a: Literally Level 1|move: Protect\n|\n|-damage|p2a: Blacephalon|4\/100 tox|[from] psn\n|upkeep\n|turn|31\n|\n|t:|1699574123\n|switch|p2a: Sceptile|Sceptile, M|100\/100\n|move|p1a: Literally Level 1|Magic Coat|p1a: Literally Level 1\n|-singleturn|p1a: Literally Level 1|move: Magic Coat\n|\n|upkeep\n|turn|32\n|\n|t:|1699574133\n|move|p1a: Literally Level 1|Protect|p1a: Literally Level 1\n|-singleturn|p1a: Literally Level 1|Protect\n|move|p2a: Sceptile|Giga Drain|p1a: Literally Level 1\n|-activate|p1a: Literally Level 1|move: Protect\n|\n|upkeep\n|turn|33\n|\n|t:|1699574140\n|move|p2a: Sceptile|Giga Drain|p1a: Literally Level 1\n|-resisted|p1a: Literally Level 1\n|-ability|p1a: Literally Level 1|Sturdy\n|-damage|p1a: Literally Level 1|10\/100\n|move|p1a: Literally Level 1|Recycle|p1a: Literally Level 1\n|-item|p1a: Literally Level 1|Berry Juice|[from] move: Recycle\n|-enditem|p1a: Literally Level 1|Berry Juice\n|-heal|p1a: Literally Level 1|100\/100|[from] item: Berry Juice\n|\n|upkeep\n|turn|34\n|\n|t:|1699574154\n|move|p2a: Sceptile|Giga Drain|p1a: Literally Level 1\n|-resisted|p1a: Literally Level 1\n|-crit|p1a: Literally Level 1\n|-ability|p1a: Literally Level 1|Sturdy\n|-damage|p1a: Literally Level 1|10\/100\n|move|p1a: Literally Level 1|Toxic|p2a: Sceptile\n|-status|p2a: Sceptile|tox\n|\n|-damage|p2a: Sceptile|94\/100 tox|[from] psn\n|upkeep\n|turn|35\n|\n|t:|1699574162\n|move|p1a: Literally Level 1|Protect|p1a: Literally Level 1\n|-singleturn|p1a: Literally Level 1|Protect\n|move|p2a: Sceptile|Giga Drain|p1a: Literally Level 1\n|-activate|p1a: Literally Level 1|move: Protect\n|\n|-damage|p2a: Sceptile|82\/100 tox|[from] psn\n|upkeep\n|turn|36\n|\n|t:|1699574165\n|move|p1a: Literally Level 1|Protect||[still]\n|-fail|p1a: Literally Level 1\n|move|p2a: Sceptile|Giga Drain|p1a: Literally Level 1\n|-resisted|p1a: Literally Level 1\n|-damage|p1a: Literally Level 1|0 fnt\n|-heal|p2a: Sceptile|83\/100 tox|[from] drain|[of] p1a: Literally Level 1\n|faint|p1a: Literally Level 1\n|\n|-damage|p2a: Sceptile|65\/100 tox|[from] psn\n|upkeep\n|\n|t:|1699574171\n|switch|p1a: Sh\ud83d\udca9tsquid|Tentacruel, M|100\/100\n|turn|37\n|\n|t:|1699574174\n|move|p1a: Sh\ud83d\udca9tsquid|Rapid Spin|p2a: Sceptile\n|-damage|p2a: Sceptile|51\/100 tox\n|-boost|p1a: Sh\ud83d\udca9tsquid|spe|1\n|move|p2a: Sceptile|Solar Beam||[still]\n|-prepare|p2a: Sceptile|Solar Beam\n|-enditem|p2a: Sceptile|Power Herb\n|-anim|p2a: Sceptile|Solar Beam|p1a: Sh\ud83d\udca9tsquid\n|-damage|p1a: Sh\ud83d\udca9tsquid|50\/100\n|\n|-heal|p1a: Sh\ud83d\udca9tsquid|56\/100|[from] item: Leftovers\n|-damage|p2a: Sceptile|27\/100 tox|[from] psn\n|upkeep\n|turn|38\n|\n|t:|1699574189\n|switch|p2a: Blacephalon|Blacephalon|4\/100 tox\n|move|p1a: Sh\ud83d\udca9tsquid|Knock Off|p2a: Blacephalon\n|-supereffective|p2a: Blacephalon\n|-damage|p2a: Blacephalon|0 fnt\n|-enditem|p2a: Blacephalon|Life Orb|[from] move: Knock Off|[of] p1a: Sh\ud83d\udca9tsquid\n|faint|p2a: Blacephalon\n|\n|-heal|p1a: Sh\ud83d\udca9tsquid|62\/100|[from] item: Leftovers\n|upkeep\n|\n|t:|1699574200\n|switch|p2a: Thundurus|Thundurus-Therian, M|100\/100\n|turn|39\n|\n|t:|1699574217\n|move|p1a: Sh\ud83d\udca9tsquid|Toxic|p2a: Thundurus\n|-status|p2a: Thundurus|tox\n|move|p2a: Thundurus|Psychic|p1a: Sh\ud83d\udca9tsquid\n|-supereffective|p1a: Sh\ud83d\udca9tsquid\n|-damage|p1a: Sh\ud83d\udca9tsquid|6\/100\n|\n|-heal|p1a: Sh\ud83d\udca9tsquid|12\/100|[from] item: Leftovers\n|-damage|p2a: Thundurus|94\/100 tox|[from] psn\n|upkeep\n|turn|40\n|\n|t:|1699574225\n|move|p1a: Sh\ud83d\udca9tsquid|Knock Off|p2a: Thundurus\n|-crit|p2a: Thundurus\n|-damage|p2a: Thundurus|60\/100 tox\n|-enditem|p2a: Thundurus|Heavy-Duty Boots|[from] move: Knock Off|[of] p1a: Sh\ud83d\udca9tsquid\n|move|p2a: Thundurus|Volt Switch|p1a: Sh\ud83d\udca9tsquid\n|-supereffective|p1a: Sh\ud83d\udca9tsquid\n|-damage|p1a: Sh\ud83d\udca9tsquid|0 fnt\n|faint|p1a: Sh\ud83d\udca9tsquid\n|\n|t:|1699574227\n|switch|p2a: Sceptile|Sceptile, M|27\/100 tox|[from] Volt Switch\n|\n|-damage|p2a: Sceptile|21\/100 tox|[from] psn\n|upkeep\n|\n|t:|1699574234\n|switch|p1a: No Fun Allowed|Salazzle, F|100\/100\n|turn|41\n|\n|t:|1699574242\n|move|p1a: No Fun Allowed|Flamethrower|p2a: Sceptile\n|-supereffective|p2a: Sceptile\n|-damage|p2a: Sceptile|0 fnt\n|faint|p2a: Sceptile\n|\n|upkeep\n|\n|t:|1699574244\n|switch|p2a: Thundurus|Thundurus-Therian, M|60\/100 tox\n|turn|42\n|\n|t:|1699574248\n|move|p1a: No Fun Allowed|Protect|p1a: No Fun Allowed\n|-singleturn|p1a: No Fun Allowed|Protect\n|move|p2a: Thundurus|Psychic|p1a: No Fun Allowed\n|-activate|p1a: No Fun Allowed|move: Protect\n|\n|-damage|p2a: Thundurus|54\/100 tox|[from] psn\n|upkeep\n|turn|43\n|\n|t:|1699574252\n|move|p1a: No Fun Allowed|Substitute|p1a: No Fun Allowed\n|-start|p1a: No Fun Allowed|Substitute\n|-damage|p1a: No Fun Allowed|76\/100\n|move|p2a: Thundurus|Psychic|p1a: No Fun Allowed\n|-supereffective|p1a: No Fun Allowed\n|-end|p1a: No Fun Allowed|Substitute\n|\n|-heal|p1a: No Fun Allowed|82\/100|[from] item: Leftovers\n|-damage|p2a: Thundurus|42\/100 tox|[from] psn\n|upkeep\n|turn|44\n|\n|t:|1699574258\n|move|p1a: No Fun Allowed|Flamethrower|p2a: Thundurus\n|-damage|p2a: Thundurus|0 fnt\n|faint|p2a: Thundurus\n|\n|win|dFUCKGLISCORiMS\n|raw|dFUCKGLISCORiMS's rating: 1152 &rarr; <strong>1169<\/strong><br \/>(+17 for winning)\n|raw|Reaper542's rating: 1038 &rarr; <strong>1027<\/strong><br \/>(-11 for losing)\n","uploadtime":1699574262,"views":5,"p1id":"dfuckgliscorims","p2id":"reaper542","formatid":"gen9nationaldex","rating":1027,"private":0,"password":""}