{"id":"gen9nationaldex-1988997230","p1":"vestkid27","p2":"langke222","format":"[Gen 9] National Dex","log":"|j|\u2606vestkid27\n|j|\u2606langke222\n|t:|1699800128\n|gametype|singles\n|player|p1|vestkid27|janitor|1543\n|player|p2|langke222|266|1471\n|teamsize|p1|6\n|teamsize|p2|6\n|gen|9\n|tier|[Gen 9] National Dex\n|rated|\n|rule|HP Percentage Mod: HP is shown in percentages\n|rule|Endless Battle Clause: Forcing endless battles is banned\n|rule|OHKO Clause: OHKO moves are banned\n|rule|Evasion Clause: Evasion abilities, items, and moves are banned\n|rule|Evasion Abilities Clause: Evasion abilities are banned\n|rule|Evasion Items Clause: Evasion items are banned\n|rule|Evasion Moves Clause: Evasion moves are banned\n|rule|Species Clause: Limit one of each Pok\u00e9mon\n|rule|Sleep Clause Mod: Limit one foe put to sleep\n|clearpoke\n|poke|p1|Steelix, M|\n|poke|p1|Pinsir, M|\n|poke|p1|Victini|\n|poke|p1|Brambleghast, M|\n|poke|p1|Umbreon, M|\n|poke|p1|Araquanid, F|\n|poke|p2|Alomomola, M|\n|poke|p2|Clodsire, M|\n|poke|p2|Garganacl, M|\n|poke|p2|Corviknight, M|\n|poke|p2|Dondozo, F|\n|poke|p2|Scizor, M|\n|teampreview\n|inactive|Battle timer is ON: inactive players will automatically lose when time's up. (requested by langke222)\n|c|\u2606vestkid27|Glhf\n|\n|t:|1699800151\n|start\n|switch|p1a: Victini|Victini|100\/100\n|switch|p2a: Garganacl|Garganacl, M|100\/100\n|turn|1\n|\n|t:|1699800157\n|move|p1a: Victini|Trick|p2a: Garganacl\n|-activate|p1a: Victini|move: Trick|[of] p2a: Garganacl\n|-item|p2a: Garganacl|Choice Specs|[from] move: Trick\n|-item|p1a: Victini|Leftovers|[from] move: Trick\n|move|p2a: Garganacl|Salt Cure|p1a: Victini\n|-supereffective|p1a: Victini\n|-damage|p1a: Victini|72\/100\n|-start|p1a: Victini|Salt Cure\n|\n|-heal|p1a: Victini|78\/100|[from] item: Leftovers\n|-damage|p1a: Victini|66\/100|[from] Salt Cure\n|upkeep\n|turn|2\n|\n|t:|1699800176\n|move|p1a: Victini|U-turn|p2a: Garganacl\n|-damage|p2a: Garganacl|90\/100\n|\n|t:|1699800188\n|switch|p1a: Brambleghast|Brambleghast, M|100\/100|[from] U-turn\n|move|p2a: Garganacl|Salt Cure|p1a: Brambleghast\n|-damage|p1a: Brambleghast|76\/100\n|-start|p1a: Brambleghast|Salt Cure\n|\n|-damage|p1a: Brambleghast|64\/100|[from] Salt Cure\n|upkeep\n|turn|3\n|\n|t:|1699800198\n|switch|p2a: Corviknight|Corviknight, M|100\/100\n|-ability|p2a: Corviknight|Pressure\n|move|p1a: Brambleghast|Power Whip|p2a: Corviknight\n|-resisted|p2a: Corviknight\n|-damage|p2a: Corviknight|92\/100\n|-damage|p1a: Brambleghast|47\/100|[from] item: Rocky Helmet|[of] p2a: Corviknight\n|\n|-damage|p1a: Brambleghast|35\/100|[from] Salt Cure\n|upkeep\n|turn|4\n|inactive|vestkid27 has 120 seconds left.\n|\n|t:|1699800233\n|switch|p1a: Araquanid|Araquanid, F|100\/100\n|move|p2a: Corviknight|U-turn|p1a: Araquanid\n|-damage|p1a: Araquanid|90\/100\n|\n|t:|1699800242\n|switch|p2a: Scizor|Scizor, M|100\/100|[from] U-turn\n|\n|-heal|p1a: Araquanid|97\/100|[from] item: Leftovers\n|upkeep\n|turn|5\n|inactive|vestkid27 has 120 seconds left.\n|\n|t:|1699800250\n|switch|p1a: Victini|Victini|66\/100\n|detailschange|p2a: Scizor|Scizor-Mega, M\n|-mega|p2a: Scizor|Scizor|Scizorite\n|move|p2a: Scizor|Curse|p2a: Scizor\n|-unboost|p2a: Scizor|spe|1\n|-boost|p2a: Scizor|atk|1\n|-boost|p2a: Scizor|def|1\n|\n|-heal|p1a: Victini|72\/100|[from] item: Leftovers\n|upkeep\n|turn|6\n|inactive|vestkid27 has 120 seconds left.\n|\n|t:|1699800260\n|switch|p2a: Alomomola|Alomomola, M|100\/100\n|move|p1a: Victini|Blue Flare|p2a: Alomomola\n|-resisted|p2a: Alomomola\n|-damage|p2a: Alomomola|64\/100\n|\n|-heal|p1a: Victini|78\/100|[from] item: Leftovers\n|upkeep\n|turn|7\n|inactive|vestkid27 has 120 seconds left.\n|\n|t:|1699800283\n|switch|p1a: Araquanid|Araquanid, F|97\/100\n|move|p2a: Alomomola|Protect||[still]\n|-fail|p2a: Alomomola\n|\n|-heal|p1a: Araquanid|100\/100|[from] item: Leftovers\n|upkeep\n|turn|8\n|\n|t:|1699800290\n|move|p2a: Alomomola|Wish|p2a: Alomomola\n|move|p1a: Araquanid|Toxic|p2a: Alomomola\n|-status|p2a: Alomomola|tox\n|\n|-damage|p2a: Alomomola|58\/100 tox|[from] psn\n|upkeep\n|turn|9\n|inactive|vestkid27 has 120 seconds left.\n|\n|t:|1699800308\n|move|p2a: Alomomola|Toxic|p1a: Araquanid\n|-status|p1a: Araquanid|tox\n|move|p1a: Araquanid|Liquidation|p2a: Alomomola\n|-resisted|p2a: Alomomola\n|-damage|p2a: Alomomola|46\/100 tox\n|\n|-heal|p2a: Alomomola|96\/100 tox|[from] move: Wish|[wisher] Alomomola\n|-damage|p2a: Alomomola|84\/100 tox|[from] psn\n|-damage|p1a: Araquanid|94\/100 tox|[from] psn\n|upkeep\n|turn|10\n|inactive|vestkid27 has 90 seconds left.\n|\n|t:|1699800340\n|switch|p2a: Scizor|Scizor-Mega, M|100\/100\n|switch|p1a: Umbreon|Umbreon, M|100\/100\n|\n|upkeep\n|turn|11\n|\n|t:|1699800359\n|move|p2a: Scizor|Brick Break|p1a: Umbreon\n|-supereffective|p1a: Umbreon\n|-damage|p1a: Umbreon|71\/100\n|move|p1a: Umbreon|Wish|p1a: Umbreon\n|\n|-heal|p1a: Umbreon|77\/100|[from] item: Leftovers\n|upkeep\n|turn|12\n|inactive|vestkid27 has 90 seconds left.\n|\n|t:|1699800375\n|move|p2a: Scizor|Curse|p2a: Scizor\n|-unboost|p2a: Scizor|spe|1\n|-boost|p2a: Scizor|atk|1\n|-boost|p2a: Scizor|def|1\n|move|p1a: Umbreon|Foul Play|p2a: Scizor\n|-damage|p2a: Scizor|72\/100\n|\n|-heal|p1a: Umbreon|100\/100|[from] move: Wish|[wisher] Umbreon\n|upkeep\n|turn|13\n|inactive|vestkid27 has 90 seconds left.\n|\n|t:|1699800398\n|move|p1a: Umbreon|Wish|p1a: Umbreon\n|move|p2a: Scizor|Brick Break|p1a: Umbreon\n|-supereffective|p1a: Umbreon\n|-damage|p1a: Umbreon|54\/100\n|\n|-heal|p1a: Umbreon|60\/100|[from] item: Leftovers\n|upkeep\n|turn|14\n|\n|t:|1699800406\n|switch|p1a: Victini|Victini|78\/100\n|move|p2a: Scizor|Brick Break|p1a: Victini\n|-resisted|p1a: Victini\n|-damage|p1a: Victini|59\/100\n|\n|-heal|p1a: Victini|100\/100|[from] move: Wish|[wisher] Umbreon\n|upkeep\n|turn|15\n|inactive|vestkid27 has 90 seconds left.\n|\n|t:|1699800424\n|switch|p2a: Garganacl|Garganacl, M|90\/100\n|move|p1a: Victini|Psychic|p2a: Garganacl\n|-damage|p2a: Garganacl|65\/100\n|-unboost|p2a: Garganacl|spd|1\n|\n|upkeep\n|turn|16\n|\n|t:|1699800433\n|move|p1a: Victini|Psychic|p2a: Garganacl\n|-damage|p2a: Garganacl|29\/100\n|move|p2a: Garganacl|Salt Cure|p1a: Victini\n|-supereffective|p1a: Victini\n|-damage|p1a: Victini|74\/100\n|-start|p1a: Victini|Salt Cure\n|\n|-heal|p1a: Victini|80\/100|[from] item: Leftovers\n|-damage|p1a: Victini|67\/100|[from] Salt Cure\n|upkeep\n|turn|17\n|\n|t:|1699800446\n|switch|p2a: Alomomola|Alomomola, M|100\/100 tox\n|move|p1a: Victini|Blue Flare|p2a: Alomomola\n|-resisted|p2a: Alomomola\n|-damage|p2a: Alomomola|69\/100 tox\n|\n|-heal|p1a: Victini|74\/100|[from] item: Leftovers\n|-damage|p2a: Alomomola|62\/100 tox|[from] psn\n|-damage|p1a: Victini|61\/100|[from] Salt Cure\n|upkeep\n|turn|18\n|inactive|vestkid27 has 90 seconds left.\n|\n|t:|1699800462\n|switch|p1a: Umbreon|Umbreon, M|60\/100\n|move|p2a: Alomomola|Wish|p2a: Alomomola\n|\n|-heal|p1a: Umbreon|66\/100|[from] item: Leftovers\n|-damage|p2a: Alomomola|50\/100 tox|[from] psn\n|upkeep\n|turn|19\n|inactive|vestkid27 has 90 seconds left.\n|\n|t:|1699800478\n|move|p1a: Umbreon|Wish|p1a: Umbreon\n|move|p2a: Alomomola|Flip Turn|p1a: Umbreon\n|-damage|p1a: Umbreon|57\/100\n|\n|t:|1699800484\n|switch|p2a: Garganacl|Garganacl, M|29\/100|[from] Flip Turn\n|\n|-heal|p2a: Garganacl|95\/100|[from] move: Wish|[wisher] Alomomola\n|-heal|p1a: Umbreon|63\/100|[from] item: Leftovers\n|upkeep\n|turn|20\n|inactive|vestkid27 has 90 seconds left.\n|\n|t:|1699800502\n|switch|p1a: Brambleghast|Brambleghast, M|35\/100\n|move|p2a: Garganacl|Salt Cure|p1a: Brambleghast\n|-damage|p1a: Brambleghast|8\/100\n|-start|p1a: Brambleghast|Salt Cure\n|\n|-heal|p1a: Brambleghast|86\/100|[from] move: Wish|[wisher] Umbreon\n|-damage|p1a: Brambleghast|74\/100|[from] Salt Cure\n|upkeep\n|turn|21\n|inactive|vestkid27 has 90 seconds left.\n|\n|t:|1699800533\n|switch|p1a: Umbreon|Umbreon, M|63\/100\n|switch|p2a: Corviknight|Corviknight, M|92\/100\n|-ability|p2a: Corviknight|Pressure\n|\n|-heal|p1a: Umbreon|69\/100|[from] item: Leftovers\n|upkeep\n|turn|22\n|\n|t:|1699800545\n|move|p2a: Corviknight|Taunt|p1a: Umbreon\n|-start|p1a: Umbreon|move: Taunt\n|cant|p1a: Umbreon|move: Taunt|Wish\n|\n|-heal|p1a: Umbreon|75\/100|[from] item: Leftovers\n|upkeep\n|turn|23\n|\n|t:|1699800558\n|switch|p1a: Victini|Victini|61\/100\n|move|p2a: Corviknight|U-turn|p1a: Victini\n|-damage|p1a: Victini|47\/100\n|\n|t:|1699800566\n|switch|p2a: Dondozo|Dondozo, F|100\/100|[from] U-turn\n|\n|-heal|p1a: Victini|53\/100|[from] item: Leftovers\n|upkeep\n|turn|24\n|inactive|vestkid27 has 60 seconds left.\n|\n|t:|1699800593\n|switch|p1a: Araquanid|Araquanid, F|94\/100 tox\n|move|p2a: Dondozo|Liquidation|p1a: Araquanid\n|-resisted|p1a: Araquanid\n|-damage|p1a: Araquanid|83\/100 tox\n|\n|-heal|p1a: Araquanid|90\/100 tox|[from] item: Leftovers\n|-damage|p1a: Araquanid|83\/100 tox|[from] psn\n|upkeep\n|turn|25\n|inactive|vestkid27 has 60 seconds left.\n|\n|t:|1699800620\n|switch|p2a: Corviknight|Corviknight, M|92\/100\n|-ability|p2a: Corviknight|Pressure\n|move|p1a: Araquanid|Liquidation|p2a: Corviknight\n|-damage|p2a: Corviknight|62\/100\n|-damage|p1a: Araquanid|67\/100 tox|[from] item: Rocky Helmet|[of] p2a: Corviknight\n|\n|-heal|p1a: Araquanid|73\/100 tox|[from] item: Leftovers\n|-damage|p1a: Araquanid|61\/100 tox|[from] psn\n|upkeep\n|turn|26\n|\n|t:|1699800636\n|switch|p1a: Steelix|Steelix, M|100\/100\n|move|p2a: Corviknight|Roost|p2a: Corviknight\n|-heal|p2a: Corviknight|100\/100\n|-singleturn|p2a: Corviknight|move: Roost\n|\n|upkeep\n|turn|27\n|\n|t:|1699800652\n|move|p2a: Corviknight|Taunt|p1a: Steelix\n|-start|p1a: Steelix|move: Taunt\n|move|p1a: Steelix|Rock Slide|p2a: Corviknight\n|-damage|p2a: Corviknight|83\/100\n|\n|upkeep\n|turn|28\n|\n|t:|1699800659\n|move|p2a: Corviknight|U-turn|p1a: Steelix\n|-resisted|p1a: Steelix\n|-damage|p1a: Steelix|97\/100\n|\n|t:|1699800666\n|switch|p2a: Garganacl|Garganacl, M|95\/100|[from] U-turn\n|move|p1a: Steelix|Rock Slide|p2a: Garganacl\n|-damage|p2a: Garganacl|77\/100\n|\n|upkeep\n|turn|29\n|\n|t:|1699800674\n|switch|p1a: Umbreon|Umbreon, M|75\/100\n|move|p2a: Garganacl|Salt Cure|p1a: Umbreon\n|-damage|p1a: Umbreon|66\/100\n|-start|p1a: Umbreon|Salt Cure\n|\n|-heal|p1a: Umbreon|73\/100|[from] item: Leftovers\n|-damage|p1a: Umbreon|60\/100|[from] Salt Cure\n|upkeep\n|turn|30\n|\n|t:|1699800684\n|switch|p2a: Corviknight|Corviknight, M|83\/100\n|-ability|p2a: Corviknight|Pressure\n|move|p1a: Umbreon|Heal Bell|p1a: Umbreon\n|-activate|p1a: Umbreon|move: Heal Bell\n|-curestatus|p1: Araquanid|tox|[msg]\n|\n|-heal|p1a: Umbreon|66\/100|[from] item: Leftovers\n|-damage|p1a: Umbreon|54\/100|[from] Salt Cure\n|upkeep\n|turn|31\n|inactive|vestkid27 has 60 seconds left.\n|\n|t:|1699800697\n|switch|p1a: Victini|Victini|53\/100\n|move|p2a: Corviknight|Taunt|p1a: Victini\n|-start|p1a: Victini|move: Taunt\n|\n|-heal|p1a: Victini|59\/100|[from] item: Leftovers\n|upkeep\n|turn|32\n|inactive|vestkid27 has 60 seconds left.\n|inactive|langke222 has 120 seconds left.\n|\n|t:|1699800754\n|switch|p2a: Dondozo|Dondozo, F|100\/100\n|move|p1a: Victini|Psychic|p2a: Dondozo\n|-damage|p2a: Dondozo|64\/100\n|\n|-heal|p1a: Victini|65\/100|[from] item: Leftovers\n|-heal|p2a: Dondozo|70\/100|[from] item: Leftovers\n|upkeep\n|turn|33\n|\n|t:|1699800778\n|switch|p1a: Araquanid|Araquanid, F|61\/100\n|move|p2a: Dondozo|Liquidation|p1a: Araquanid\n|-resisted|p1a: Araquanid\n|-crit|p1a: Araquanid\n|-damage|p1a: Araquanid|44\/100\n|\n|-heal|p1a: Araquanid|50\/100|[from] item: Leftovers\n|-heal|p2a: Dondozo|76\/100|[from] item: Leftovers\n|upkeep\n|turn|34\n|inactive|vestkid27 has 30 seconds left.\n|\n|t:|1699800802\n|switch|p1a: Victini|Victini|65\/100\n|switch|p2a: Alomomola|Alomomola, M|83\/100 tox\n|\n|-heal|p1a: Victini|71\/100|[from] item: Leftovers\n|-damage|p2a: Alomomola|77\/100 tox|[from] psn\n|upkeep\n|turn|35\n|inactive|vestkid27 has 30 seconds left.\n|inactive|vestkid27 has 20 seconds left.\n|\n|t:|1699800818\n|move|p1a: Victini|Psychic|p2a: Alomomola\n|-damage|p2a: Alomomola|30\/100 tox\n|move|p2a: Alomomola|Wish|p2a: Alomomola\n|\n|-heal|p1a: Victini|78\/100|[from] item: Leftovers\n|-damage|p2a: Alomomola|17\/100 tox|[from] psn\n|upkeep\n|turn|36\n|inactive|vestkid27 has 30 seconds left this turn.\n|inactive|vestkid27 has 20 seconds left.\n|\n|t:|1699800829\n|switch|p1a: Brambleghast|Brambleghast, M|74\/100\n|switch|p2a: Garganacl|Garganacl, M|77\/100\n|\n|-heal|p2a: Garganacl|100\/100|[from] move: Wish|[wisher] Alomomola\n|upkeep\n|turn|37\n|inactive|vestkid27 has 30 seconds left this turn.\n|inactive|vestkid27 has 20 seconds left.\n|inactive|vestkid27 has 15 seconds left.\n|\n|t:|1699800845\n|move|p1a: Brambleghast|Poltergeist|p2a: Garganacl\n|-activate|p2a: Garganacl|move: Poltergeist|Choice Specs\n|-damage|p2a: Garganacl|83\/100\n|move|p2a: Garganacl|Stealth Rock|p1a: Brambleghast\n|-sidestart|p1: vestkid27|move: Stealth Rock\n|\n|upkeep\n|turn|38\n|inactive|vestkid27 has 25 seconds left this turn.\n|inactive|vestkid27 has 20 seconds left.\n|inactive|vestkid27 has 15 seconds left.\n|\n|t:|1699800858\n|switch|p2a: Clodsire|Clodsire, M|100\/100\n|move|p1a: Brambleghast|Rapid Spin|p2a: Clodsire\n|-damage|p2a: Clodsire|81\/100\n|-boost|p1a: Brambleghast|spe|1\n|-sideend|p1: vestkid27|Stealth Rock|[from] move: Rapid Spin|[of] p1a: Brambleghast\n|\n|upkeep\n|turn|39\n|inactive|vestkid27 has 25 seconds left this turn.\n|inactive|vestkid27 has 20 seconds left.\n|\n|t:|1699800867\n|switch|p1a: Steelix|Steelix, M|97\/100\n|move|p2a: Clodsire|Toxic|p1a: Steelix\n|-immune|p1a: Steelix\n|\n|upkeep\n|turn|40\n|inactive|vestkid27 has 30 seconds left this turn.\n|\n|t:|1699800874\n|switch|p2a: Garganacl|Garganacl, M|83\/100\n|move|p1a: Steelix|Rock Slide|p2a: Garganacl|[miss]\n|-miss|p1a: Steelix|p2a: Garganacl\n|\n|upkeep\n|turn|41\n|inactive|vestkid27 has 30 seconds left.\n|\n|t:|1699800880\n|move|p1a: Steelix|Earthquake|p2a: Garganacl\n|-supereffective|p2a: Garganacl\n|-damage|p2a: Garganacl|27\/100\n|move|p2a: Garganacl|Stealth Rock|p1a: Steelix\n|-sidestart|p1: vestkid27|move: Stealth Rock\n|\n|upkeep\n|turn|42\n|\n|t:|1699800888\n|switch|p2a: Alomomola|Alomomola, M|50\/100 tox\n|move|p1a: Steelix|Rock Slide|p2a: Alomomola\n|-damage|p2a: Alomomola|34\/100 tox\n|\n|-damage|p2a: Alomomola|28\/100 tox|[from] psn\n|upkeep\n|turn|43\n|\n|t:|1699800897\n|switch|p2a: Corviknight|Corviknight, M|83\/100\n|-ability|p2a: Corviknight|Pressure\n|move|p1a: Steelix|Rock Slide|p2a: Corviknight\n|-damage|p2a: Corviknight|66\/100\n|\n|upkeep\n|turn|44\n|\n|t:|1699800905\n|move|p2a: Corviknight|Roost|p2a: Corviknight\n|-heal|p2a: Corviknight|100\/100\n|-singleturn|p2a: Corviknight|move: Roost\n|move|p1a: Steelix|Earthquake|p2a: Corviknight\n|-supereffective|p2a: Corviknight\n|-damage|p2a: Corviknight|48\/100\n|\n|upkeep\n|turn|45\n|\n|t:|1699800917\n|switch|p1a: Brambleghast|Brambleghast, M|74\/100\n|move|p2a: Corviknight|U-turn|p1a: Brambleghast\n|-damage|p1a: Brambleghast|49\/100\n|\n|t:|1699800933\n|switch|p2a: Scizor|Scizor-Mega, M|72\/100|[from] U-turn\n|\n|upkeep\n|turn|46\n|\n|t:|1699800941\n|move|p2a: Scizor|Bullet Punch|p1a: Brambleghast\n|-damage|p1a: Brambleghast|0 fnt\n|faint|p1a: Brambleghast\n|\n|upkeep\n|\n|t:|1699800952\n|switch|p1a: Victini|Victini|78\/100\n|-damage|p1a: Victini|53\/100|[from] Stealth Rock\n|turn|47\n|\n|t:|1699800957\n|switch|p2a: Garganacl|Garganacl, M|27\/100\n|move|p1a: Victini|Blue Flare|p2a: Garganacl\n|-resisted|p2a: Garganacl\n|-damage|p2a: Garganacl|9\/100\n|\n|-heal|p1a: Victini|59\/100|[from] item: Leftovers\n|upkeep\n|turn|48\n|\n|t:|1699800967\n|move|p1a: Victini|Psychic|p2a: Garganacl\n|-damage|p2a: Garganacl|0 fnt\n|faint|p2a: Garganacl\n|\n|-heal|p1a: Victini|65\/100|[from] item: Leftovers\n|upkeep\n|\n|t:|1699800977\n|switch|p2a: Corviknight|Corviknight, M|48\/100\n|-ability|p2a: Corviknight|Pressure\n|turn|49\n|\n|t:|1699800984\n|switch|p2a: Dondozo|Dondozo, F|76\/100\n|move|p1a: Victini|Blue Flare|p2a: Dondozo\n|-resisted|p2a: Dondozo\n|-damage|p2a: Dondozo|50\/100\n|\n|-heal|p1a: Victini|71\/100|[from] item: Leftovers\n|-heal|p2a: Dondozo|56\/100|[from] item: Leftovers\n|upkeep\n|turn|50\n|inactive|vestkid27 has 60 seconds left.\n|\n|t:|1699801009\n|move|p1a: Victini|U-turn|p2a: Dondozo\n|-damage|p2a: Dondozo|50\/100\n|inactive|vestkid27 has 60 seconds left.\n|\n|t:|1699801020\n|switch|p1a: Araquanid|Araquanid, F|50\/100|[from] U-turn\n|-damage|p1a: Araquanid|25\/100|[from] Stealth Rock\n|move|p2a: Dondozo|Rest|p2a: Dondozo\n|-status|p2a: Dondozo|slp|[from] move: Rest\n|-heal|p2a: Dondozo|100\/100 slp|[silent]\n|\n|-heal|p1a: Araquanid|31\/100|[from] item: Leftovers\n|upkeep\n|turn|51\n|inactive|vestkid27 has 60 seconds left.\n|\n|t:|1699801038\n|switch|p2a: Corviknight|Corviknight, M|48\/100\n|-ability|p2a: Corviknight|Pressure\n|move|p1a: Araquanid|Lunge|p2a: Corviknight\n|-resisted|p2a: Corviknight\n|-damage|p2a: Corviknight|44\/100\n|-unboost|p2a: Corviknight|atk|1\n|-damage|p1a: Araquanid|15\/100|[from] item: Rocky Helmet|[of] p2a: Corviknight\n|\n|-heal|p1a: Araquanid|21\/100|[from] item: Leftovers\n|upkeep\n|turn|52\n|\n|t:|1699801067\n|switch|p1a: Victini|Victini|71\/100\n|-damage|p1a: Victini|46\/100|[from] Stealth Rock\n|move|p2a: Corviknight|Roost|p2a: Corviknight\n|-heal|p2a: Corviknight|95\/100\n|-singleturn|p2a: Corviknight|move: Roost\n|\n|-heal|p1a: Victini|52\/100|[from] item: Leftovers\n|upkeep\n|turn|53\n|\n|t:|1699801080\n|switch|p2a: Dondozo|Dondozo, F|100\/100 slp\n|move|p1a: Victini|Blue Flare|p2a: Dondozo\n|-resisted|p2a: Dondozo\n|-damage|p2a: Dondozo|75\/100 slp\n|\n|-heal|p1a: Victini|59\/100|[from] item: Leftovers\n|-heal|p2a: Dondozo|82\/100 slp|[from] item: Leftovers\n|upkeep\n|turn|54\n|inactive|vestkid27 has 30 seconds left.\n|\n|t:|1699801097\n|move|p1a: Victini|Psychic|p2a: Dondozo\n|-damage|p2a: Dondozo|47\/100 slp\n|cant|p2a: Dondozo|slp\n|move|p2a: Dondozo|Sleep Talk|p2a: Dondozo\n|move|p2a: Dondozo|Liquidation|p1a: Victini|[from]move: Sleep Talk\n|-supereffective|p1a: Victini\n|-damage|p1a: Victini|4\/100\n|-unboost|p1a: Victini|def|1\n|\n|-heal|p1a: Victini|10\/100|[from] item: Leftovers\n|-heal|p2a: Dondozo|53\/100 slp|[from] item: Leftovers\n|upkeep\n|turn|55\n|inactive|vestkid27 has 30 seconds left.\n|\n|t:|1699801112\n|switch|p2a: Corviknight|Corviknight, M|95\/100\n|-ability|p2a: Corviknight|Pressure\n|move|p1a: Victini|Psychic|p2a: Corviknight\n|-resisted|p2a: Corviknight\n|-damage|p2a: Corviknight|76\/100\n|\n|-heal|p1a: Victini|16\/100|[from] item: Leftovers\n|upkeep\n|turn|56\n|inactive|vestkid27 has 30 seconds left.\n|\n|t:|1699801123\n|switch|p2a: Clodsire|Clodsire, M|81\/100\n|move|p1a: Victini|Blue Flare|p2a: Clodsire\n|-damage|p2a: Clodsire|51\/100\n|\n|-heal|p1a: Victini|22\/100|[from] item: Leftovers\n|upkeep\n|turn|57\n|inactive|vestkid27 has 30 seconds left.\n|\n|t:|1699801142\n|-terastallize|p2a: Clodsire|Dark\n|move|p1a: Victini|Psychic|p2a: Clodsire\n|-immune|p2a: Clodsire\n|move|p2a: Clodsire|Recover|p2a: Clodsire\n|-heal|p2a: Clodsire|100\/100\n|\n|-heal|p1a: Victini|29\/100|[from] item: Leftovers\n|upkeep\n|turn|58\n|inactive|vestkid27 has 30 seconds left.\n|inactive|vestkid27 has 20 seconds left.\n|\n|t:|1699801161\n|move|p1a: Victini|Blue Flare|p2a: Clodsire\n|-damage|p2a: Clodsire|73\/100\n|move|p2a: Clodsire|Spikes|p1a: Victini\n|-sidestart|p1: vestkid27|Spikes\n|\n|-heal|p1a: Victini|35\/100|[from] item: Leftovers\n|upkeep\n|turn|59\n|inactive|vestkid27 has 30 seconds left this turn.\n|inactive|vestkid27 has 20 seconds left.\n|inactive|vestkid27 has 15 seconds left.\n|inactive|vestkid27 has 10 seconds left.\n|\n|t:|1699801183\n|move|p1a: Victini|U-turn|p2a: Clodsire\n|-supereffective|p2a: Clodsire\n|-damage|p2a: Clodsire|40\/100\n|inactive|vestkid27 has 15 seconds left this turn.\n|\n|t:|1699801187\n|switch|p1a: Pinsir|Pinsir, M|100\/100|[from] U-turn\n|-damage|p1a: Pinsir|75\/100|[from] Stealth Rock\n|-damage|p1a: Pinsir|63\/100|[from] Spikes\n|move|p2a: Clodsire|Spikes|p1a: Pinsir\n|-sidestart|p1: vestkid27|Spikes\n|\n|upkeep\n|turn|60\n|inactive|vestkid27 has 25 seconds left this turn.\n|inactive|vestkid27 has 20 seconds left.\n|inactive|vestkid27 has 15 seconds left.\n|\n|t:|1699801201\n|switch|p2a: Corviknight|Corviknight, M|76\/100\n|-ability|p2a: Corviknight|Pressure\n|detailschange|p1a: Pinsir|Pinsir-Mega, M\n|-mega|p1a: Pinsir|Pinsir|Pinsirite\n|move|p1a: Pinsir|Return|p2a: Corviknight\n|-resisted|p2a: Corviknight\n|-damage|p2a: Corviknight|53\/100\n|-damage|p1a: Pinsir|46\/100|[from] item: Rocky Helmet|[of] p2a: Corviknight\n|\n|upkeep\n|turn|61\n|inactive|vestkid27 has 25 seconds left this turn.\n|inactive|vestkid27 has 20 seconds left.\n|inactive|vestkid27 has 15 seconds left.\n|\n|t:|1699801212\n|move|p1a: Pinsir|Swords Dance|p1a: Pinsir\n|-boost|p1a: Pinsir|atk|2\n|move|p2a: Corviknight|Roost|p2a: Corviknight\n|-heal|p2a: Corviknight|100\/100\n|-singleturn|p2a: Corviknight|move: Roost\n|\n|upkeep\n|turn|62\n|inactive|vestkid27 has 25 seconds left this turn.\n|inactive|vestkid27 has 20 seconds left.\n|\n|t:|1699801225\n|move|p1a: Pinsir|Swords Dance|p1a: Pinsir\n|-boost|p1a: Pinsir|atk|2\n|move|p2a: Corviknight|Taunt|p1a: Pinsir\n|-start|p1a: Pinsir|move: Taunt\n|\n|upkeep\n|turn|63\n|inactive|vestkid27 has 30 seconds left this turn.\n|\n|t:|1699801234\n|move|p1a: Pinsir|Return|p2a: Corviknight\n|-resisted|p2a: Corviknight\n|-damage|p2a: Corviknight|26\/100\n|-damage|p1a: Pinsir|30\/100|[from] item: Rocky Helmet|[of] p2a: Corviknight\n|move|p2a: Corviknight|U-turn|p1a: Pinsir\n|-resisted|p1a: Pinsir\n|-damage|p1a: Pinsir|23\/100\n|inactive|vestkid27 has 30 seconds left this turn.\n|\n|t:|1699801239\n|switch|p2a: Scizor|Scizor-Mega, M|72\/100|[from] U-turn\n|\n|upkeep\n|turn|64\n|inactive|vestkid27 has 30 seconds left.\n|\n|t:|1699801254\n|move|p1a: Pinsir|Quick Attack|p2a: Scizor\n|-damage|p2a: Scizor|16\/100\n|move|p2a: Scizor|Bullet Punch|p1a: Pinsir\n|-damage|p1a: Pinsir|0 fnt\n|faint|p1a: Pinsir\n|\n|upkeep\n|inactive|vestkid27 has 30 seconds left.\n|\n|t:|1699801266\n|switch|p1a: Umbreon|Umbreon, M|54\/100\n|-damage|p1a: Umbreon|41\/100|[from] Stealth Rock\n|-damage|p1a: Umbreon|25\/100|[from] Spikes\n|turn|65\n|inactive|vestkid27 has 30 seconds left.\n|\n|t:|1699801272\n|move|p2a: Scizor|Roost|p2a: Scizor\n|-heal|p2a: Scizor|66\/100\n|-singleturn|p2a: Scizor|move: Roost\n|move|p1a: Umbreon|Foul Play|p2a: Scizor\n|-damage|p2a: Scizor|36\/100\n|\n|-heal|p1a: Umbreon|31\/100|[from] item: Leftovers\n|upkeep\n|turn|66\n|inactive|vestkid27 has 30 seconds left.\n|\n|t:|1699801286\n|move|p2a: Scizor|Roost|p2a: Scizor\n|-heal|p2a: Scizor|87\/100\n|-singleturn|p2a: Scizor|move: Roost\n|move|p1a: Umbreon|Foul Play|p2a: Scizor\n|-damage|p2a: Scizor|59\/100\n|\n|-heal|p1a: Umbreon|37\/100|[from] item: Leftovers\n|upkeep\n|turn|67\n|inactive|vestkid27 has 30 seconds left.\n|inactive|vestkid27 has 20 seconds left.\n|inactive|vestkid27 has 15 seconds left.\n|inactive|vestkid27 has 10 seconds left.\n|\n|t:|1699801318\n|switch|p1a: Araquanid|Araquanid, F|21\/100\n|-damage|p1a: Araquanid|0 fnt|[from] Stealth Rock\n|faint|p1a: Araquanid\n|move|p2a: Scizor|Brick Break|p1: Araquanid|[notarget]\n|-fail|p2a: Scizor\n|\n|upkeep\n|inactive|vestkid27 has 15 seconds left this turn.\n|inactive|vestkid27 has 10 seconds left.\n|\n|t:|1699801326\n|switch|p1a: Victini|Victini|35\/100\n|-damage|p1a: Victini|10\/100|[from] Stealth Rock\n|-damage|p1a: Victini|0 fnt|[from] Spikes\n|faint|p1a: Victini\n|inactive|vestkid27 has 15 seconds left this turn.\n|inactive|vestkid27 has 10 seconds left.\n|\n|t:|1699801331\n|switch|p1a: Steelix|Steelix, M|97\/100\n|-damage|p1a: Steelix|94\/100|[from] Stealth Rock\n|-damage|p1a: Steelix|77\/100|[from] Spikes\n|turn|68\n|inactive|vestkid27 has 20 seconds left this turn.\n|inactive|vestkid27 has 15 seconds left.\n|inactive|vestkid27 has 10 seconds left.\n|\n|t:|1699801342\n|move|p2a: Scizor|Roost|p2a: Scizor\n|-heal|p2a: Scizor|100\/100\n|-singleturn|p2a: Scizor|move: Roost\n|move|p1a: Steelix|Dragon Tail|p2a: Scizor\n|-resisted|p2a: Scizor\n|-damage|p2a: Scizor|96\/100\n|drag|p2a: Dondozo|Dondozo, F|53\/100 slp\n|\n|-heal|p2a: Dondozo|59\/100 slp|[from] item: Leftovers\n|upkeep\n|turn|69\n|inactive|vestkid27 has 20 seconds left this turn.\n|inactive|vestkid27 has 15 seconds left.\n|\n|t:|1699801352\n|move|p1a: Steelix|Earthquake|p2a: Dondozo\n|-damage|p2a: Dondozo|41\/100 slp\n|cant|p2a: Dondozo|slp\n|move|p2a: Dondozo|Sleep Talk|p2a: Dondozo\n|move|p2a: Dondozo|Rest||[from]move: Sleep Talk|[still]\n|-fail|p2a: Dondozo\n|\n|-heal|p2a: Dondozo|47\/100 slp|[from] item: Leftovers\n|upkeep\n|turn|70\n|inactive|vestkid27 has 25 seconds left this turn.\n|inactive|vestkid27 has 20 seconds left.\n|inactive|vestkid27 has 15 seconds left.\n|\n|t:|1699801362\n|move|p1a: Steelix|Earthquake|p2a: Dondozo\n|-damage|p2a: Dondozo|29\/100 slp\n|-curestatus|p2a: Dondozo|slp|[msg]\n|move|p2a: Dondozo|Rest|p2a: Dondozo\n|-status|p2a: Dondozo|slp|[from] move: Rest\n|-heal|p2a: Dondozo|100\/100 slp|[silent]\n|\n|upkeep\n|turn|71\n|inactive|vestkid27 has 25 seconds left this turn.\n|inactive|vestkid27 has 20 seconds left.\n|inactive|vestkid27 has 15 seconds left.\n|\n|t:|1699801375\n|cant|p2a: Dondozo|slp\n|move|p2a: Dondozo|Sleep Talk|p2a: Dondozo\n|move|p2a: Dondozo|Curse|p2a: Dondozo|[from]move: Sleep Talk\n|-unboost|p2a: Dondozo|spe|1\n|-boost|p2a: Dondozo|atk|1\n|-boost|p2a: Dondozo|def|1\n|move|p1a: Steelix|Dragon Tail|p2a: Dondozo\n|-damage|p2a: Dondozo|96\/100 slp\n|drag|p2a: Clodsire|Clodsire, M, tera:Dark|40\/100\n|\n|upkeep\n|turn|72\n|inactive|vestkid27 has 25 seconds left this turn.\n|inactive|vestkid27 has 20 seconds left.\n|inactive|vestkid27 has 15 seconds left.\n|\n|t:|1699801387\n|switch|p2a: Corviknight|Corviknight, M|26\/100\n|-ability|p2a: Corviknight|Pressure\n|move|p1a: Steelix|Iron Head|p2a: Corviknight\n|-resisted|p2a: Corviknight\n|-damage|p2a: Corviknight|12\/100\n|-damage|p1a: Steelix|61\/100|[from] item: Rocky Helmet|[of] p2a: Corviknight\n|\n|upkeep\n|turn|73\n|inactive|vestkid27 has 25 seconds left this turn.\n|inactive|vestkid27 has 20 seconds left.\n|inactive|vestkid27 has 15 seconds left.\n|\n|t:|1699801401\n|move|p2a: Corviknight|Roost|p2a: Corviknight\n|-heal|p2a: Corviknight|62\/100\n|-singleturn|p2a: Corviknight|move: Roost\n|move|p1a: Steelix|Earthquake|p2a: Corviknight\n|-supereffective|p2a: Corviknight\n|-damage|p2a: Corviknight|3\/100\n|\n|upkeep\n|turn|74\n|inactive|vestkid27 has 25 seconds left this turn.\n|inactive|vestkid27 has 20 seconds left.\n|\n|t:|1699801416\n|move|p2a: Corviknight|U-turn|p1a: Steelix\n|-resisted|p1a: Steelix\n|-damage|p1a: Steelix|57\/100\n|inactive|vestkid27 has 25 seconds left this turn.\n|\n|t:|1699801420\n|switch|p2a: Dondozo|Dondozo, F|96\/100 slp|[from] U-turn\n|move|p1a: Steelix|Earthquake|p2a: Dondozo\n|-damage|p2a: Dondozo|77\/100 slp\n|\n|-heal|p2a: Dondozo|83\/100 slp|[from] item: Leftovers\n|upkeep\n|turn|75\n|inactive|vestkid27 has 30 seconds left.\n|\n|t:|1699801432\n|move|p1a: Steelix|Earthquake|p2a: Dondozo\n|-damage|p2a: Dondozo|63\/100 slp\n|cant|p2a: Dondozo|slp\n|move|p2a: Dondozo|Sleep Talk|p2a: Dondozo\n|move|p2a: Dondozo|Liquidation|p1a: Steelix|[from]move: Sleep Talk\n|-supereffective|p1a: Steelix\n|-damage|p1a: Steelix|25\/100\n|\n|-heal|p2a: Dondozo|69\/100 slp|[from] item: Leftovers\n|upkeep\n|turn|76\n|inactive|vestkid27 has 30 seconds left.\n|\n|t:|1699801444\n|move|p1a: Steelix|Earthquake|p2a: Dondozo\n|-damage|p2a: Dondozo|48\/100 slp\n|-curestatus|p2a: Dondozo|slp|[msg]\n|move|p2a: Dondozo|Sleep Talk||[still]\n|-fail|p2a: Dondozo\n|\n|-heal|p2a: Dondozo|54\/100|[from] item: Leftovers\n|upkeep\n|turn|77\n|inactive|vestkid27 has 30 seconds left.\n|\n|t:|1699801453\n|move|p1a: Steelix|Earthquake|p2a: Dondozo\n|-damage|p2a: Dondozo|36\/100\n|move|p2a: Dondozo|Liquidation|p1a: Steelix\n|-supereffective|p1a: Steelix\n|-damage|p1a: Steelix|0 fnt\n|faint|p1a: Steelix\n|\n|-heal|p2a: Dondozo|42\/100|[from] item: Leftovers\n|upkeep\n|inactive|vestkid27 has 30 seconds left.\n|inactive|vestkid27 has 20 seconds left.\n|inactive|vestkid27 has 15 seconds left.\n|inactive|vestkid27 has 10 seconds left.\n|c|\u2606vestkid27|I'm surprised I had time for this, and how you have time for it continuously\n|\n|t:|1699801481\n|switch|p1a: Umbreon|Umbreon, M|37\/100\n|-damage|p1a: Umbreon|25\/100|[from] Stealth Rock\n|-damage|p1a: Umbreon|8\/100|[from] Spikes\n|turn|78\n|inactive|vestkid27 has 20 seconds left this turn.\n|inactive|vestkid27 has 15 seconds left.\n|c|\u2606langke222|hh\n|inactive|langke222 has 120 seconds left.\n|c|\u2606langke222|good game\n|\n|t:|1699801514\n|move|p1a: Umbreon|Foul Play|p2a: Dondozo\n|-damage|p2a: Dondozo|28\/100\n|move|p2a: Dondozo|Liquidation|p1a: Umbreon\n|-damage|p1a: Umbreon|0 fnt\n|faint|p1a: Umbreon\n|\n|win|langke222\n|inactive|vestkid27 has 20 seconds left this turn.\n|raw|vestkid27's rating: 1543 &rarr; <strong>1519<\/strong><br \/>(-24 for losing)\n|raw|langke222's rating: 1471 &rarr; <strong>1495<\/strong><br \/>(+24 for winning)\n|c|\u2606vestkid27|Terrible game\n|l|\u2606vestkid27\n","uploadtime":1699801541,"views":5,"p1id":"vestkid27","p2id":"langke222","formatid":"gen9nationaldex","rating":1495,"private":0,"password":""}