{"id":"gen9nationaldex-1988005473","p1":"ggagain","p2":"Osgar","format":"[Gen 9] National Dex","log":"|j|\u2606ggagain\n|j|\u2606Osgar\n|t:|1699658255\n|gametype|singles\n|player|p1|ggagain|fisherman-gen4|1587\n|player|p2|Osgar|giovanni|1605\n|teamsize|p1|6\n|teamsize|p2|6\n|gen|9\n|tier|[Gen 9] National Dex\n|rated|\n|rule|HP Percentage Mod: HP is shown in percentages\n|rule|Endless Battle Clause: Forcing endless battles is banned\n|rule|OHKO Clause: OHKO moves are banned\n|rule|Evasion Clause: Evasion abilities, items, and moves are banned\n|rule|Evasion Abilities Clause: Evasion abilities are banned\n|rule|Evasion Items Clause: Evasion items are banned\n|rule|Evasion Moves Clause: Evasion moves are banned\n|rule|Species Clause: Limit one of each Pok\u00e9mon\n|rule|Sleep Clause Mod: Limit one foe put to sleep\n|clearpoke\n|poke|p1|Alomomola, M|\n|poke|p1|Ditto|\n|poke|p1|Zamazenta-*|\n|poke|p1|Gliscor, F|\n|poke|p1|Victini|\n|poke|p1|Goodra-Hisui, M|\n|poke|p2|Ting-Lu|\n|poke|p2|Sinistcha|\n|poke|p2|Heatran, M|\n|poke|p2|Dondozo, M|\n|poke|p2|Audino, F|\n|poke|p2|Corviknight, M|\n|teampreview\n|inactive|Battle timer is ON: inactive players will automatically lose when time's up. (requested by ggagain)\n|\n|t:|1699658266\n|start\n|switch|p1a: Victini|Victini|100\/100\n|switch|p2a: Heatran|Heatran, M|100\/100\n|turn|1\n|\n|t:|1699658270\n|move|p1a: Victini|U-turn|p2a: Heatran\n|-resisted|p2a: Heatran\n|-damage|p2a: Heatran|96\/100\n|\n|t:|1699658275\n|switch|p1a: Alomomola|Alomomola, M|100\/100|[from] U-turn\n|move|p2a: Heatran|Earth Power|p1a: Alomomola\n|-damage|p1a: Alomomola|65\/100\n|\n|upkeep\n|turn|2\n|\n|t:|1699658284\n|switch|p2a: Corviknight|Corviknight, M|100\/100\n|-ability|p2a: Corviknight|Pressure\n|move|p1a: Alomomola|Flip Turn|p2a: Corviknight\n|-damage|p2a: Corviknight|87\/100\n|\n|t:|1699658292\n|switch|p1a: Victini|Victini|100\/100|[from] Flip Turn\n|\n|-heal|p2a: Corviknight|93\/100|[from] item: Leftovers\n|upkeep\n|turn|3\n|\n|t:|1699658295\n|switch|p2a: Heatran|Heatran, M|96\/100\n|move|p1a: Victini|U-turn|p2a: Heatran\n|-resisted|p2a: Heatran\n|-damage|p2a: Heatran|91\/100\n|\n|t:|1699658300\n|switch|p1a: Gliscor|Gliscor, F|100\/100|[from] U-turn\n|\n|-status|p1a: Gliscor|tox|[from] item: Toxic Orb\n|upkeep\n|turn|4\n|\n|t:|1699658304\n|switch|p2a: Corviknight|Corviknight, M|93\/100\n|-ability|p2a: Corviknight|Pressure\n|move|p1a: Gliscor|U-turn|p2a: Corviknight\n|-resisted|p2a: Corviknight\n|-damage|p2a: Corviknight|91\/100\n|\n|t:|1699658319\n|switch|p1a: Ditto|Ditto|100\/100|[from] U-turn\n|-transform|p1a: Ditto|p2a: Corviknight|[from] ability: Imposter\n|-ability|p1a: Ditto|Pressure\n|\n|-heal|p2a: Corviknight|97\/100|[from] item: Leftovers\n|upkeep\n|turn|5\n|\n|t:|1699658341\n|switch|p1a: Victini|Victini|100\/100\n|move|p2a: Corviknight|Substitute|p2a: Corviknight\n|-start|p2a: Corviknight|Substitute\n|-damage|p2a: Corviknight|72\/100\n|\n|-heal|p2a: Corviknight|78\/100|[from] item: Leftovers\n|upkeep\n|turn|6\n|\n|t:|1699658346\n|move|p1a: Victini|V-create|p2a: Corviknight\n|-supereffective|p2a: Corviknight\n|-crit|p2a: Corviknight\n|-end|p2a: Corviknight|Substitute\n|-unboost|p1a: Victini|spe|1\n|-unboost|p1a: Victini|def|1\n|-unboost|p1a: Victini|spd|1\n|move|p2a: Corviknight|Brave Bird|p1a: Victini\n|-damage|p1a: Victini|48\/100\n|-damage|p2a: Corviknight|63\/100|[from] Recoil\n|\n|-heal|p2a: Corviknight|69\/100|[from] item: Leftovers\n|upkeep\n|turn|7\n|\n|t:|1699658358\n|switch|p1a: Alomomola|Alomomola, M|99\/100\n|switch|p2a: Heatran|Heatran, M|91\/100\n|\n|upkeep\n|turn|8\n|\n|t:|1699658366\n|switch|p2a: Dondozo|Dondozo, M|100\/100\n|move|p1a: Alomomola|Wish|p1a: Alomomola\n|\n|upkeep\n|turn|9\n|\n|t:|1699658375\n|move|p1a: Alomomola|Flip Turn|p2a: Dondozo\n|-resisted|p2a: Dondozo\n|-damage|p2a: Dondozo|95\/100\n|\n|t:|1699658377\n|switch|p1a: Victini|Victini|48\/100|[from] Flip Turn\n|move|p2a: Dondozo|Curse|p2a: Dondozo\n|-unboost|p2a: Dondozo|spe|1\n|-boost|p2a: Dondozo|atk|1\n|-boost|p2a: Dondozo|def|1\n|\n|-heal|p1a: Victini|100\/100|[from] move: Wish|[wisher] Alomomola\n|upkeep\n|turn|10\n|\n|t:|1699658387\n|move|p1a: Victini|Trick|p2a: Dondozo\n|-activate|p1a: Victini|move: Trick|[of] p2a: Dondozo\n|-item|p2a: Dondozo|Choice Scarf|[from] move: Trick\n|-item|p1a: Victini|Covert Cloak|[from] move: Trick\n|move|p2a: Dondozo|Liquidation|p1a: Victini\n|-supereffective|p1a: Victini\n|-damage|p1a: Victini|19\/100\n|\n|upkeep\n|turn|11\n|\n|t:|1699658395\n|switch|p1a: Alomomola|Alomomola, M|100\/100\n|move|p2a: Dondozo|Liquidation|p1a: Alomomola\n|-resisted|p1a: Alomomola\n|-damage|p1a: Alomomola|88\/100\n|-damage|p2a: Dondozo|79\/100|[from] item: Rocky Helmet|[of] p1a: Alomomola\n|\n|upkeep\n|turn|12\n|\n|t:|1699658401\n|switch|p2a: Audino|Audino, F|100\/100\n|move|p1a: Alomomola|Wish|p1a: Alomomola\n|\n|upkeep\n|turn|13\n|\n|t:|1699658409\n|move|p1a: Alomomola|Toxic|p2a: Audino\n|-status|p2a: Audino|tox\n|move|p2a: Audino|Toxic|p1a: Alomomola\n|-status|p1a: Alomomola|tox\n|\n|-heal|p1a: Alomomola|100\/100 tox|[from] move: Wish|[wisher] Alomomola\n|-damage|p1a: Alomomola|94\/100 tox|[from] psn\n|-damage|p2a: Audino|94\/100 tox|[from] psn\n|upkeep\n|turn|14\n|\n|t:|1699658418\n|move|p1a: Alomomola|Wish|p1a: Alomomola\n|move|p2a: Audino|Wish|p2a: Audino\n|\n|-damage|p1a: Alomomola|82\/100 tox|[from] psn\n|-damage|p2a: Audino|82\/100 tox|[from] psn\n|upkeep\n|turn|15\n|\n|t:|1699658422\n|switch|p2a: Corviknight|Corviknight, M|69\/100\n|-ability|p2a: Corviknight|Pressure\n|move|p1a: Alomomola|Flip Turn|p2a: Corviknight\n|-damage|p2a: Corviknight|57\/100\n|\n|t:|1699658429\n|switch|p1a: Victini|Victini|19\/100|[from] Flip Turn\n|\n|-heal|p2a: Corviknight|100\/100|[from] move: Wish|[wisher] Audino\n|-heal|p1a: Victini|97\/100|[from] move: Wish|[wisher] Alomomola\n|upkeep\n|turn|16\n|\n|t:|1699658437\n|switch|p2a: Ting-Lu|Ting-Lu|100\/100\n|-ability|p2a: Ting-Lu|Vessel of Ruin\n|move|p1a: Victini|U-turn|p2a: Ting-Lu\n|-supereffective|p2a: Ting-Lu\n|-damage|p2a: Ting-Lu|76\/100\n|\n|t:|1699658444\n|switch|p1a: Gliscor|Gliscor, F|100\/100 tox|[from] U-turn\n|\n|-heal|p2a: Ting-Lu|82\/100|[from] item: Leftovers\n|upkeep\n|turn|17\n|\n|t:|1699658451\n|move|p1a: Gliscor|Toxic|p2a: Ting-Lu\n|-status|p2a: Ting-Lu|tox\n|move|p2a: Ting-Lu|Spikes|p1a: Gliscor\n|-sidestart|p1: ggagain|Spikes\n|\n|-heal|p2a: Ting-Lu|88\/100 tox|[from] item: Leftovers\n|-damage|p2a: Ting-Lu|82\/100 tox|[from] psn\n|upkeep\n|turn|18\n|\n|t:|1699658457\n|switch|p2a: Corviknight|Corviknight, M|100\/100\n|-ability|p2a: Corviknight|Pressure\n|move|p1a: Gliscor|Earthquake|p2a: Corviknight\n|-immune|p2a: Corviknight\n|\n|upkeep\n|turn|19\n|\n|t:|1699658463\n|move|p1a: Gliscor|Defog|p2a: Corviknight\n|-unboost|p2a: Corviknight|evasion|1\n|-sideend|p1: ggagain|Spikes|[from] move: Defog|[of] p1a: Gliscor\n|move|p2a: Corviknight|Substitute|p2a: Corviknight\n|-start|p2a: Corviknight|Substitute\n|-damage|p2a: Corviknight|76\/100\n|\n|-heal|p2a: Corviknight|82\/100|[from] item: Leftovers\n|upkeep\n|turn|20\n|\n|t:|1699658469\n|move|p1a: Gliscor|U-turn|p2a: Corviknight\n|-resisted|p2a: Corviknight\n|-activate|p2a: Corviknight|move: Substitute|[damage]\n|\n|t:|1699658479\n|switch|p1a: Goodra|Goodra-Hisui, M|100\/100|[from] U-turn\n|move|p2a: Corviknight|Bulk Up|p2a: Corviknight\n|-boost|p2a: Corviknight|atk|1\n|-boost|p2a: Corviknight|def|1\n|\n|-heal|p2a: Corviknight|88\/100|[from] item: Leftovers\n|upkeep\n|turn|21\n|\n|t:|1699658484\n|move|p2a: Corviknight|Brave Bird|p1a: Goodra\n|-resisted|p1a: Goodra\n|-damage|p1a: Goodra|74\/100\n|-damage|p2a: Corviknight|80\/100|[from] Recoil\n|move|p1a: Goodra|Thunderbolt|p2a: Corviknight\n|-supereffective|p2a: Corviknight\n|-end|p2a: Corviknight|Substitute\n|\n|-heal|p2a: Corviknight|86\/100|[from] item: Leftovers\n|upkeep\n|turn|22\n|\n|t:|1699658493\n|switch|p2a: Audino|Audino, F|82\/100 tox\n|move|p1a: Goodra|Thunderbolt|p2a: Audino\n|-damage|p2a: Audino|63\/100 tox\n|\n|-damage|p2a: Audino|57\/100 tox|[from] psn\n|upkeep\n|turn|23\n|\n|t:|1699658501\n|move|p1a: Goodra|Flash Cannon|p2a: Audino\n|-damage|p2a: Audino|30\/100 tox\n|move|p2a: Audino|Wish|p2a: Audino\n|\n|-damage|p2a: Audino|17\/100 tox|[from] psn\n|upkeep\n|turn|24\n|\n|t:|1699658507\n|switch|p2a: Ting-Lu|Ting-Lu|82\/100 tox\n|-ability|p2a: Ting-Lu|Vessel of Ruin\n|move|p1a: Goodra|Thunderbolt|p2a: Ting-Lu\n|-immune|p2a: Ting-Lu\n|\n|-heal|p2a: Ting-Lu|100\/100 tox|[from] move: Wish|[wisher] Audino\n|-damage|p2a: Ting-Lu|94\/100 tox|[from] psn\n|upkeep\n|turn|25\n|\n|t:|1699658515\n|switch|p1a: Gliscor|Gliscor, F|100\/100 tox\n|switch|p2a: Heatran|Heatran, M|91\/100\n|\n|upkeep\n|turn|26\n|\n|t:|1699658522\n|-terastallize|p2a: Heatran|Fire\n|move|p2a: Heatran|Eruption|p1a: Gliscor\n|-damage|p1a: Gliscor|18\/100 tox\n|move|p1a: Gliscor|U-turn|p2a: Heatran\n|-resisted|p2a: Heatran\n|-damage|p2a: Heatran|83\/100\n|\n|t:|1699658532\n|switch|p1a: Alomomola|Alomomola, M|100\/100 tox|[from] U-turn\n|\n|-damage|p1a: Alomomola|94\/100 tox|[from] psn\n|upkeep\n|turn|27\n|\n|t:|1699658536\n|switch|p2a: Sinistcha|Sinistcha|100\/100\n|move|p1a: Alomomola|Wish|p1a: Alomomola\n|\n|-damage|p1a: Alomomola|82\/100 tox|[from] psn\n|upkeep\n|turn|28\n|\n|t:|1699658548\n|switch|p1a: Gliscor|Gliscor, F|18\/100 tox\n|move|p2a: Sinistcha|Calm Mind|p2a: Sinistcha\n|-boost|p2a: Sinistcha|spa|1\n|-boost|p2a: Sinistcha|spd|1\n|\n|-heal|p1a: Gliscor|93\/100 tox|[from] move: Wish|[wisher] Alomomola\n|-heal|p1a: Gliscor|100\/100 tox|[from] ability: Poison Heal\n|upkeep\n|turn|29\n|\n|t:|1699658557\n|move|p1a: Gliscor|Toxic|p2a: Sinistcha\n|-status|p2a: Sinistcha|tox\n|move|p2a: Sinistcha|Matcha Gotcha|p1a: Gliscor\n|-damage|p1a: Gliscor|59\/100 tox\n|\n|-heal|p1a: Gliscor|71\/100 tox|[from] ability: Poison Heal\n|-damage|p2a: Sinistcha|94\/100 tox|[from] psn\n|upkeep\n|turn|30\n|\n|t:|1699658562\n|move|p1a: Gliscor|U-turn|p2a: Sinistcha\n|-crit|p2a: Sinistcha\n|-damage|p2a: Sinistcha|78\/100 tox\n|\n|t:|1699658565\n|switch|p1a: Goodra|Goodra-Hisui, M|74\/100|[from] U-turn\n|move|p2a: Sinistcha|Calm Mind|p2a: Sinistcha\n|-boost|p2a: Sinistcha|spa|1\n|-boost|p2a: Sinistcha|spd|1\n|\n|-damage|p2a: Sinistcha|66\/100 tox|[from] psn\n|upkeep\n|turn|31\n|\n|t:|1699658572\n|move|p2a: Sinistcha|Shadow Ball|p1a: Goodra\n|-damage|p1a: Goodra|45\/100\n|move|p1a: Goodra|Ice Beam|p2a: Sinistcha\n|-supereffective|p2a: Sinistcha\n|-crit|p2a: Sinistcha\n|-damage|p2a: Sinistcha|0 fnt\n|faint|p2a: Sinistcha\n|\n|upkeep\n|\n|t:|1699658578\n|switch|p2a: Heatran|Heatran, M, tera:Fire|83\/100\n|turn|32\n|\n|t:|1699658584\n|switch|p1a: Ditto|Ditto|100\/100\n|-transform|p1a: Ditto|p2a: Heatran|[from] ability: Imposter\n|move|p2a: Heatran|Eruption|p1a: Ditto\n|-start|p1a: Ditto|ability: Flash Fire\n|\n|upkeep\n|turn|33\n|\n|t:|1699658597\n|switch|p2a: Dondozo|Dondozo, M|79\/100\n|move|p1a: Ditto|Eruption|p2a: Dondozo\n|-resisted|p2a: Dondozo\n|-damage|p2a: Dondozo|39\/100\n|\n|upkeep\n|turn|34\n|\n|t:|1699658604\n|-end|p1a: Ditto|ability: Flash Fire|[silent]\n|switch|p1a: Alomomola|Alomomola, M|100\/100 tox\n|switch|p2a: Heatran|Heatran, M, tera:Fire|83\/100\n|\n|-damage|p1a: Alomomola|94\/100 tox|[from] psn\n|upkeep\n|turn|35\n|\n|t:|1699658610\n|switch|p2a: Corviknight|Corviknight, M|86\/100\n|-ability|p2a: Corviknight|Pressure\n|move|p1a: Alomomola|Wish|p1a: Alomomola\n|\n|-heal|p2a: Corviknight|92\/100|[from] item: Leftovers\n|-damage|p1a: Alomomola|82\/100 tox|[from] psn\n|upkeep\n|turn|36\n|\n|t:|1699658619\n|move|p2a: Corviknight|Substitute|p2a: Corviknight\n|-start|p2a: Corviknight|Substitute\n|-damage|p2a: Corviknight|67\/100\n|move|p1a: Alomomola|Flip Turn|p2a: Corviknight\n|-activate|p2a: Corviknight|move: Substitute|[damage]\n|\n|t:|1699658625\n|switch|p1a: Goodra|Goodra-Hisui, M|45\/100|[from] Flip Turn\n|\n|-heal|p1a: Goodra|100\/100|[from] move: Wish|[wisher] Alomomola\n|-heal|p2a: Corviknight|73\/100|[from] item: Leftovers\n|upkeep\n|turn|37\n|\n|t:|1699658630\n|switch|p2a: Ting-Lu|Ting-Lu|94\/100 tox\n|-ability|p2a: Ting-Lu|Vessel of Ruin\n|move|p1a: Goodra|Thunderbolt|p2a: Ting-Lu\n|-immune|p2a: Ting-Lu\n|\n|-heal|p2a: Ting-Lu|100\/100 tox|[from] item: Leftovers\n|-damage|p2a: Ting-Lu|94\/100 tox|[from] psn\n|upkeep\n|turn|38\n|\n|t:|1699658634\n|switch|p1a: Gliscor|Gliscor, F|71\/100 tox\n|move|p2a: Ting-Lu|Spikes|p1a: Gliscor\n|-sidestart|p1: ggagain|Spikes\n|\n|-heal|p2a: Ting-Lu|100\/100 tox|[from] item: Leftovers\n|-heal|p1a: Gliscor|84\/100 tox|[from] ability: Poison Heal\n|-damage|p2a: Ting-Lu|88\/100 tox|[from] psn\n|upkeep\n|turn|39\n|\n|t:|1699658639\n|move|p1a: Gliscor|Defog|p2a: Ting-Lu\n|-unboost|p2a: Ting-Lu|evasion|1\n|-sideend|p1: ggagain|Spikes|[from] move: Defog|[of] p1a: Gliscor\n|move|p2a: Ting-Lu|Spikes|p1a: Gliscor\n|-sidestart|p1: ggagain|Spikes\n|\n|-heal|p2a: Ting-Lu|94\/100 tox|[from] item: Leftovers\n|-heal|p1a: Gliscor|96\/100 tox|[from] ability: Poison Heal\n|-damage|p2a: Ting-Lu|76\/100 tox|[from] psn\n|upkeep\n|turn|40\n|\n|t:|1699658645\n|switch|p2a: Corviknight|Corviknight, M|73\/100\n|-ability|p2a: Corviknight|Pressure\n|move|p1a: Gliscor|Defog|p2a: Corviknight\n|-unboost|p2a: Corviknight|evasion|1\n|-sideend|p1: ggagain|Spikes|[from] move: Defog|[of] p1a: Gliscor\n|\n|-heal|p2a: Corviknight|79\/100|[from] item: Leftovers\n|-heal|p1a: Gliscor|100\/100 tox|[from] ability: Poison Heal\n|upkeep\n|turn|41\n|\n|t:|1699658650\n|move|p1a: Gliscor|U-turn|p2a: Corviknight\n|-resisted|p2a: Corviknight\n|-damage|p2a: Corviknight|76\/100\n|\n|t:|1699658659\n|switch|p1a: Victini|Victini|97\/100|[from] U-turn\n|move|p2a: Corviknight|Bulk Up|p2a: Corviknight\n|-boost|p2a: Corviknight|atk|1\n|-boost|p2a: Corviknight|def|1\n|\n|-heal|p2a: Corviknight|82\/100|[from] item: Leftovers\n|upkeep\n|turn|42\n|\n|t:|1699658665\n|switch|p2a: Heatran|Heatran, M, tera:Fire|83\/100\n|move|p1a: Victini|Bolt Strike|p2a: Heatran\n|-damage|p2a: Heatran|43\/100\n|\n|upkeep\n|turn|43\n|\n|t:|1699658672\n|switch|p1a: Alomomola|Alomomola, M|100\/100 tox\n|move|p2a: Heatran|Earth Power|p1a: Alomomola\n|-damage|p1a: Alomomola|62\/100 tox\n|\n|-damage|p1a: Alomomola|55\/100 tox|[from] psn\n|upkeep\n|turn|44\n|\n|t:|1699658679\n|switch|p1a: Gliscor|Gliscor, F|100\/100 tox\n|move|p2a: Heatran|Earth Power|p1a: Gliscor\n|-immune|p1a: Gliscor\n|\n|upkeep\n|turn|45\n|\n|t:|1699658684\n|switch|p2a: Corviknight|Corviknight, M|82\/100\n|-ability|p2a: Corviknight|Pressure\n|move|p1a: Gliscor|U-turn|p2a: Corviknight\n|-resisted|p2a: Corviknight\n|-damage|p2a: Corviknight|80\/100\n|\n|t:|1699658690\n|switch|p1a: Victini|Victini|97\/100|[from] U-turn\n|\n|-heal|p2a: Corviknight|86\/100|[from] item: Leftovers\n|upkeep\n|turn|46\n|\n|t:|1699658704\n|switch|p2a: Heatran|Heatran, M, tera:Fire|43\/100\n|move|p1a: Victini|U-turn|p2a: Heatran\n|-resisted|p2a: Heatran\n|-damage|p2a: Heatran|33\/100\n|\n|t:|1699658710\n|switch|p1a: Alomomola|Alomomola, M|89\/100 tox|[from] U-turn\n|\n|-damage|p1a: Alomomola|83\/100 tox|[from] psn\n|upkeep\n|turn|47\n|\n|t:|1699658715\n|switch|p2a: Corviknight|Corviknight, M|86\/100\n|-ability|p2a: Corviknight|Pressure\n|move|p1a: Alomomola|Flip Turn|p2a: Corviknight\n|-damage|p2a: Corviknight|73\/100\n|\n|t:|1699658722\n|switch|p1a: Victini|Victini|97\/100|[from] Flip Turn\n|\n|-heal|p2a: Corviknight|79\/100|[from] item: Leftovers\n|upkeep\n|turn|48\n|inactive|Osgar has 120 seconds left.\n|\n|t:|1699658765\n|move|p1a: Victini|Bolt Strike|p2a: Corviknight\n|-supereffective|p2a: Corviknight\n|-damage|p2a: Corviknight|23\/100\n|-status|p2a: Corviknight|par\n|cant|p2a: Corviknight|par\n|\n|-heal|p2a: Corviknight|29\/100 par|[from] item: Leftovers\n|upkeep\n|turn|49\n|-message|Osgar forfeited.\n|\n|win|ggagain\n|raw|ggagain's rating: 1587 &rarr; <strong>1608<\/strong><br \/>(+21 for winning)\n|raw|Osgar's rating: 1605 &rarr; <strong>1584<\/strong><br \/>(-21 for losing)\n|l|\u2606Osgar\n","uploadtime":1699658781,"views":4,"p1id":"ggagain","p2id":"osgar","formatid":"gen9nationaldex","rating":1584,"private":0,"password":""}