{"id":"gen9nationaldex-1993360592","p1":"Costulo","p2":"Claricerr","format":"[Gen 9] National Dex","log":"|j|\u2606Costulo\n|j|\u2606Claricerr\n|t:|1700305825\n|gametype|singles\n|player|p1|Costulo|101|1117\n|player|p2|Claricerr|idol|1000\n|teamsize|p1|6\n|teamsize|p2|6\n|gen|9\n|tier|[Gen 9] National Dex\n|rated|\n|rule|HP Percentage Mod: HP is shown in percentages\n|rule|Endless Battle Clause: Forcing endless battles is banned\n|rule|OHKO Clause: OHKO moves are banned\n|rule|Evasion Clause: Evasion abilities, items, and moves are banned\n|rule|Evasion Abilities Clause: Evasion abilities are banned\n|rule|Evasion Items Clause: Evasion items are banned\n|rule|Evasion Moves Clause: Evasion moves are banned\n|rule|Species Clause: Limit one of each Pok\u00e9mon\n|rule|Sleep Clause Mod: Limit one foe put to sleep\n|clearpoke\n|poke|p1|Cinderace, M|\n|poke|p1|Volcarona, F|\n|poke|p1|Vikavolt, M|\n|poke|p1|Flygon, M|\n|poke|p1|Torkoal, M|\n|poke|p1|Togekiss, F|\n|poke|p2|Diancie|\n|poke|p2|Hatterene, F|\n|poke|p2|Mimikyu, M|\n|poke|p2|Charizard, F|\n|poke|p2|Moltres-Galar|\n|poke|p2|Leafeon, M|\n|teampreview\n|\n|t:|1700305839\n|start\n|switch|p1a: Sam|Torkoal, M|100\/100\n|switch|p2a: Moltres|Moltres-Galar|100\/100\n|-weather|SunnyDay|[from] ability: Drought|[of] p1a: Sam\n|turn|1\n|\n|t:|1700305854\n|move|p2a: Moltres|Hurricane|p1a: Sam|[miss]\n|-miss|p2a: Moltres|p1a: Sam\n|move|p1a: Sam|Stealth Rock|p2a: Moltres\n|-sidestart|p2: Claricerr|move: Stealth Rock\n|\n|-weather|SunnyDay|[upkeep]\n|upkeep\n|turn|2\n|\n|t:|1700305873\n|switch|p1a: Josee|Togekiss, F|100\/100\n|move|p2a: Moltres|Foul Play|p1a: Josee\n|-resisted|p1a: Josee\n|-damage|p1a: Josee|92\/100\n|\n|-weather|SunnyDay|[upkeep]\n|upkeep\n|turn|3\n|\n|t:|1700305891\n|switch|p2a: Diancie|Diancie|100\/100\n|-damage|p2a: Diancie|88\/100|[from] Stealth Rock\n|move|p1a: Josee|Dazzling Gleam|p2a: Diancie\n|-damage|p2a: Diancie|50\/100\n|\n|-weather|SunnyDay|[upkeep]\n|upkeep\n|turn|4\n|\n|t:|1700305917\n|switch|p1a: Alejandro|Flygon, M|100\/100\n|detailschange|p2a: Diancie|Diancie-Mega\n|-mega|p2a: Diancie|Diancie|Diancite\n|move|p2a: Diancie|Diamond Storm|p1a: Alejandro\n|-resisted|p1a: Alejandro\n|-damage|p1a: Alejandro|58\/100\n|\n|-weather|SunnyDay|[upkeep]\n|-heal|p1a: Alejandro|64\/100|[from] item: Leftovers\n|upkeep\n|turn|5\n|\n|t:|1700305934\n|move|p1a: Alejandro|Earthquake|p2a: Diancie\n|-supereffective|p2a: Diancie\n|-damage|p2a: Diancie|0 fnt\n|faint|p2a: Diancie\n|\n|-weather|none\n|-heal|p1a: Alejandro|70\/100|[from] item: Leftovers\n|upkeep\n|\n|t:|1700305950\n|switch|p2a: Mimikyu|Mimikyu, M, shiny|100\/100\n|-damage|p2a: Mimikyu|88\/100|[from] Stealth Rock\n|turn|6\n|\n|t:|1700305963\n|move|p1a: Alejandro|U-turn|p2a: Mimikyu\n|-activate|p2a: Mimikyu|ability: Disguise\n|-damage|p2a: Mimikyu|88\/100\n|detailschange|p2a: Mimikyu|Mimikyu-Busted, M, shiny\n|-damage|p2a: Mimikyu|76\/100|[from] pokemon: Mimikyu-Busted\n|\n|t:|1700305972\n|switch|p1a: Sam|Torkoal, M|100\/100|[from] U-turn\n|-weather|SunnyDay|[from] ability: Drought|[of] p1a: Sam\n|-zpower|p2a: Mimikyu\n|move|p2a: Mimikyu|Never-Ending Nightmare|p1a: Sam|[zeffect]\n|-crit|p1a: Sam\n|-damage|p1a: Sam|25\/100\n|\n|-weather|SunnyDay|[upkeep]\n|upkeep\n|turn|7\n|\n|t:|1700305989\n|move|p2a: Mimikyu|Curse|p1a: Sam\n|-start|p1a: Sam|Curse|[of] p2a: Mimikyu\n|-damage|p2a: Mimikyu|26\/100\n|move|p1a: Sam|Flamethrower|p2a: Mimikyu\n|-damage|p2a: Mimikyu|0 fnt\n|faint|p2a: Mimikyu\n|\n|-weather|SunnyDay|[upkeep]\n|-damage|p1a: Sam|0 fnt|[from] Curse\n|faint|p1a: Sam\n|upkeep\n|\n|t:|1700306016\n|switch|p2a: Hatterene|Hatterene, F|100\/100\n|switch|p1a: Beardo|Vikavolt, M|100\/100\n|-damage|p2a: Hatterene|88\/100|[from] Stealth Rock\n|turn|8\n|\n|t:|1700306033\n|-terastallize|p2a: Hatterene|Psychic\n|move|p1a: Beardo|Volt Switch|p2a: Hatterene\n|-damage|p2a: Hatterene|43\/100\n|\n|t:|1700306047\n|switch|p1a: Alejandro|Flygon, M|70\/100|[from] Volt Switch\n|move|p2a: Hatterene|Draining Kiss|p1a: Alejandro\n|-supereffective|p1a: Alejandro\n|-damage|p1a: Alejandro|15\/100\n|-heal|p2a: Hatterene|88\/100|[from] drain|[of] p1a: Alejandro\n|\n|-weather|SunnyDay|[upkeep]\n|-heal|p1a: Alejandro|21\/100|[from] item: Leftovers\n|upkeep\n|turn|9\n|\n|t:|1700306061\n|move|p1a: Alejandro|U-turn|p2a: Hatterene\n|-supereffective|p2a: Hatterene\n|-damage|p2a: Hatterene|40\/100\n|\n|t:|1700306064\n|switch|p1a: Brick|Cinderace, M|100\/100|[from] U-turn\n|move|p2a: Hatterene|Aromatherapy||[still]\n|-activate|p2a: Hatterene|move: Aromatherapy\n|-fail|p2a: Hatterene\n|\n|-weather|SunnyDay|[upkeep]\n|upkeep\n|turn|10\n|\n|t:|1700306077\n|move|p1a: Brick|U-turn|p2a: Hatterene\n|-start|p1a: Brick|typechange|Bug|[from] ability: Libero\n|-supereffective|p2a: Hatterene\n|-damage|p2a: Hatterene|0 fnt\n|faint|p2a: Hatterene\n|\n|t:|1700306090\n|switch|p1a: Alejandro|Flygon, M|21\/100|[from] U-turn\n|\n|-weather|none\n|-heal|p1a: Alejandro|27\/100|[from] item: Leftovers\n|upkeep\n|\n|t:|1700306104\n|switch|p2a: Moltres|Moltres-Galar|100\/100\n|-damage|p2a: Moltres|76\/100|[from] Stealth Rock\n|turn|11\n|\n|t:|1700306115\n|move|p1a: Alejandro|U-turn|p2a: Moltres\n|-damage|p2a: Moltres|53\/100\n|\n|t:|1700306117\n|switch|p1a: Josee|Togekiss, F|92\/100|[from] U-turn\n|move|p2a: Moltres|Acrobatics|p1a: Josee\n|-damage|p1a: Josee|70\/100\n|\n|-heal|p2a: Moltres|59\/100|[from] item: Leftovers\n|upkeep\n|turn|12\n|\n|t:|1700306129\n|move|p1a: Josee|Thunder Wave|p2a: Moltres\n|-status|p2a: Moltres|par\n|move|p2a: Moltres|Acrobatics|p1a: Josee\n|-damage|p1a: Josee|49\/100\n|\n|-heal|p2a: Moltres|65\/100 par|[from] item: Leftovers\n|upkeep\n|turn|13\n|\n|t:|1700306140\n|move|p1a: Josee|Dazzling Gleam|p2a: Moltres\n|-supereffective|p2a: Moltres\n|-damage|p2a: Moltres|7\/100 par\n|-ability|p2a: Moltres|Berserk|boost\n|-boost|p2a: Moltres|spa|1\n|move|p2a: Moltres|Acrobatics|p1a: Josee\n|-damage|p1a: Josee|24\/100\n|\n|-heal|p2a: Moltres|13\/100 par|[from] item: Leftovers\n|upkeep\n|turn|14\n|\n|t:|1700306158\n|move|p1a: Josee|Dazzling Gleam|p2a: Moltres\n|-supereffective|p2a: Moltres\n|-damage|p2a: Moltres|0 fnt\n|faint|p2a: Moltres\n|\n|upkeep\n|\n|t:|1700306166\n|switch|p2a: Charizard|Charizard, F, shiny|100\/100\n|-damage|p2a: Charizard|50\/100|[from] Stealth Rock\n|turn|15\n|\n|t:|1700306178\n|move|p1a: Josee|Air Slash|p2a: Charizard\n|-damage|p2a: Charizard|7\/100\n|move|p2a: Charizard|Fire Blast|p1a: Josee\n|-crit|p1a: Josee\n|-damage|p1a: Josee|0 fnt\n|faint|p1a: Josee\n|\n|upkeep\n|\n|t:|1700306194\n|switch|p1a: Brick|Cinderace, M|100\/100\n|turn|16\n|\n|t:|1700306207\n|move|p1a: Brick|Sucker Punch|p2a: Charizard\n|-start|p1a: Brick|typechange|Dark|[from] ability: Libero\n|-damage|p2a: Charizard|0 fnt\n|faint|p2a: Charizard\n|\n|upkeep\n|\n|t:|1700306214\n|switch|p2a: Leafeon|Leafeon, M, shiny|100\/100\n|-damage|p2a: Leafeon|88\/100|[from] Stealth Rock\n|turn|17\n|\n|t:|1700306220\n|move|p1a: Brick|Pyro Ball|p2a: Leafeon\n|-supereffective|p2a: Leafeon\n|-damage|p2a: Leafeon|21\/100\n|move|p2a: Leafeon|Leech Seed|p1a: Brick\n|-start|p1a: Brick|move: Leech Seed\n|\n|-damage|p1a: Brick|88\/100|[from] Leech Seed|[of] p2a: Leafeon\n|-heal|p2a: Leafeon|35\/100|[silent]\n|upkeep\n|turn|18\n|\n|t:|1700306230\n|move|p1a: Brick|Pyro Ball|p2a: Leafeon\n|-supereffective|p2a: Leafeon\n|-damage|p2a: Leafeon|0 fnt\n|faint|p2a: Leafeon\n|\n|win|Costulo\n|raw|Costulo's rating: 1117 &rarr; <strong>1134<\/strong><br \/>(+17 for winning)\n|raw|Claricerr's rating: 1000 &rarr; <strong>1000<\/strong><br \/>(+0 for losing)\n|l|\u2606Claricerr\n","uploadtime":1700306239,"views":11,"p1id":"costulo","p2id":"claricerr","formatid":"gen9nationaldex","rating":1000,"private":0,"password":""}