{"id":"gen9nationaldex-1990847570","p1":"hambroni","p2":"Kedlimmm","format":"[Gen 9] National Dex","log":"|j|\u2606hambroni\n|j|\u2606Kedlimmm\n|t:|1700007143\n|gametype|singles\n|player|p1|hambroni|lucas|1463\n|player|p2|Kedlimmm|mira|1530\n|teamsize|p1|6\n|teamsize|p2|6\n|gen|9\n|tier|[Gen 9] National Dex\n|rated|\n|rule|HP Percentage Mod: HP is shown in percentages\n|rule|Endless Battle Clause: Forcing endless battles is banned\n|rule|OHKO Clause: OHKO moves are banned\n|rule|Evasion Clause: Evasion abilities, items, and moves are banned\n|rule|Evasion Abilities Clause: Evasion abilities are banned\n|rule|Evasion Items Clause: Evasion items are banned\n|rule|Evasion Moves Clause: Evasion moves are banned\n|rule|Species Clause: Limit one of each Pok\u00e9mon\n|rule|Sleep Clause Mod: Limit one foe put to sleep\n|clearpoke\n|poke|p1|Azelf|\n|poke|p1|Nidoking, M|\n|poke|p1|Zapdos|\n|poke|p1|Lucario, M|\n|poke|p1|Clefable, M|\n|poke|p1|Garchomp, M|\n|poke|p2|Dragonite, M|\n|poke|p2|Hoopa-Unbound|\n|poke|p2|Sneasler, M|\n|poke|p2|Tapu Koko|\n|poke|p2|Banette, M|\n|poke|p2|Urshifu-*, F|\n|teampreview\n|inactive|Battle timer is ON: inactive players will automatically lose when time's up. (requested by Kedlimmm)\n|\n|t:|1700007151\n|start\n|switch|p1a: Clouded|Azelf|100\/100\n|switch|p2a: Banette|Banette, M|100\/100\n|-item|p1a: Clouded|Expert Belt|[from] ability: Frisk|[of] p2a: Banette|[identify]\n|turn|1\n|\n|t:|1700007159\n|switch|p1a: Doritoes|Zapdos, shiny|100\/100\n|detailschange|p2a: Banette|Banette-Mega, M\n|-mega|p2a: Banette|Banette|Banettite\n|move|p2a: Banette|Poltergeist|p1a: Doritoes\n|-activate|p1a: Doritoes|move: Poltergeist|Heavy-Duty Boots\n|-damage|p1a: Doritoes|20\/100\n|\n|upkeep\n|turn|2\n|\n|t:|1700007165\n|move|p2a: Banette|Poltergeist|p1a: Doritoes\n|-activate|p1a: Doritoes|move: Poltergeist|Heavy-Duty Boots\n|-damage|p1a: Doritoes|0 fnt\n|faint|p1a: Doritoes\n|\n|upkeep\n|\n|t:|1700007183\n|switch|p1a: Henry|Nidoking, M, shiny|100\/100\n|turn|3\n|\n|t:|1700007199\n|move|p2a: Banette|Destiny Bond|p2a: Banette\n|-singlemove|p2a: Banette|Destiny Bond\n|move|p1a: Henry|Earth Power|p2a: Banette\n|-damage|p2a: Banette|16\/100\n|\n|upkeep\n|turn|4\n|\n|t:|1700007208\n|move|p1a: Henry|Earth Power|p2a: Banette\n|-damage|p2a: Banette|0 fnt\n|faint|p2a: Banette\n|-activate|p2a: Banette|move: Destiny Bond\n|faint|p1a: Henry\n|\n|upkeep\n|\n|t:|1700007216\n|switch|p1a: FreshBlood|Garchomp, M|100\/100\n|switch|p2a: Hoopa|Hoopa-Unbound|100\/100\n|turn|5\n|inactive|hambroni has 120 seconds left.\n|\n|t:|1700007252\n|move|p1a: FreshBlood|Earthquake|p2a: Hoopa\n|-damage|p2a: Hoopa|0 fnt\n|faint|p2a: Hoopa\n|\n|upkeep\n|\n|t:|1700007265\n|switch|p2a: Urshifu|Urshifu-Rapid-Strike, F|100\/100\n|turn|6\n|inactive|hambroni has 120 seconds left.\n|\n|t:|1700007293\n|move|p1a: FreshBlood|Earthquake|p2a: Urshifu\n|-damage|p2a: Urshifu|42\/100\n|move|p2a: Urshifu|Bulk Up|p2a: Urshifu\n|-boost|p2a: Urshifu|atk|1\n|-boost|p2a: Urshifu|def|1\n|\n|upkeep\n|turn|7\n|\n|t:|1700007299\n|move|p1a: FreshBlood|Earthquake|p2a: Urshifu\n|-damage|p2a: Urshifu|2\/100\n|move|p2a: Urshifu|Surging Strikes|p1a: FreshBlood\n|-crit|p1a: FreshBlood\n|-damage|p1a: FreshBlood|65\/100\n|-crit|p1a: FreshBlood\n|-damage|p1a: FreshBlood|34\/100\n|-crit|p1a: FreshBlood\n|-damage|p1a: FreshBlood|4\/100\n|-hitcount|p1a: FreshBlood|3\n|\n|upkeep\n|turn|8\n|inactive|hambroni has 120 seconds left.\n|\n|t:|1700007318\n|move|p1a: FreshBlood|Earthquake|p2a: Urshifu\n|-damage|p2a: Urshifu|0 fnt\n|faint|p2a: Urshifu\n|\n|upkeep\n|\n|t:|1700007335\n|switch|p2a: Dragonite|Dragonite, M|100\/100\n|turn|9\n|inactive|hambroni has 120 seconds left.\n|inactive|hambroni has 90 seconds left.\n|\n|t:|1700007395\n|switch|p1a: UglyAF|Clefable, M|100\/100\n|move|p2a: Dragonite|Extreme Speed|p1a: UglyAF\n|-damage|p1a: UglyAF|63\/100\n|\n|-heal|p1a: UglyAF|69\/100|[from] item: Leftovers\n|upkeep\n|turn|10\n|\n|t:|1700007403\n|switch|p2a: Tapu Koko|Tapu Koko|100\/100\n|-fieldstart|move: Electric Terrain|[from] ability: Electric Surge|[of] p2a: Tapu Koko\n|move|p1a: UglyAF|Soft-Boiled|p1a: UglyAF\n|-heal|p1a: UglyAF|100\/100\n|\n|upkeep\n|turn|11\n|\n|t:|1700007417\n|-zpower|p2a: Tapu Koko\n|move|p2a: Tapu Koko|Guardian of Alola|p1a: UglyAF|[zeffect]\n|-damage|p1a: UglyAF|26\/100\n|move|p1a: UglyAF|Calm Mind|p1a: UglyAF\n|-boost|p1a: UglyAF|spa|1\n|-boost|p1a: UglyAF|spd|1\n|\n|-heal|p1a: UglyAF|32\/100|[from] item: Leftovers\n|upkeep\n|turn|12\n|\n|t:|1700007421\n|move|p2a: Tapu Koko|Volt Switch|p1a: UglyAF\n|-damage|p1a: UglyAF|12\/100\n|\n|t:|1700007423\n|switch|p2a: Sneasler|Sneasler, M|100\/100|[from] Volt Switch\n|-enditem|p2a: Sneasler|Electric Seed\n|-boost|p2a: Sneasler|def|1|[from] item: Electric Seed\n|move|p1a: UglyAF|Soft-Boiled|p1a: UglyAF\n|-heal|p1a: UglyAF|62\/100\n|\n|-heal|p1a: UglyAF|68\/100|[from] item: Leftovers\n|upkeep\n|turn|13\n|inactive|hambroni has 90 seconds left.\n|\n|t:|1700007454\n|-terastallize|p2a: Sneasler|Flying\n|-terastallize|p1a: UglyAF|Water\n|move|p2a: Sneasler|Swords Dance|p2a: Sneasler\n|-boost|p2a: Sneasler|atk|2\n|move|p1a: UglyAF|Moonblast|p2a: Sneasler\n|-damage|p2a: Sneasler|41\/100\n|\n|-heal|p1a: UglyAF|74\/100|[from] item: Leftovers\n|upkeep\n|turn|14\n|\n|t:|1700007468\n|move|p2a: Sneasler|Acrobatics|p1a: UglyAF\n|-damage|p1a: UglyAF|0 fnt\n|faint|p1a: UglyAF\n|\n|-fieldend|move: Electric Terrain\n|upkeep\n|inactive|hambroni has 60 seconds left.\n|\n|t:|1700007503\n|switch|p1a: Lucario|Lucario, M|100\/100\n|turn|15\n|\n|t:|1700007507\n|move|p1a: Lucario|Extreme Speed|p2a: Sneasler\n|-damage|p2a: Sneasler|3\/100\n|-damage|p1a: Lucario|91\/100|[from] item: Life Orb\n|move|p2a: Sneasler|Close Combat|p1a: Lucario\n|-supereffective|p1a: Lucario\n|-damage|p1a: Lucario|0 fnt\n|-unboost|p2a: Sneasler|def|1\n|-unboost|p2a: Sneasler|spd|1\n|faint|p1a: Lucario\n|\n|upkeep\n|inactive|hambroni has 60 seconds left.\n|\n|t:|1700007523\n|switch|p1a: FreshBlood|Garchomp, M|4\/100\n|turn|16\n|\n|t:|1700007526\n|move|p2a: Sneasler|Acrobatics|p1a: FreshBlood\n|-damage|p1a: FreshBlood|0 fnt\n|-damage|p2a: Sneasler|0 fnt|[from] ability: Rough Skin|[of] p1a: FreshBlood\n|faint|p1a: FreshBlood\n|faint|p2a: Sneasler\n|\n|upkeep\n|\n|t:|1700007530\n|switch|p2a: Tapu Koko|Tapu Koko|100\/100\n|switch|p1a: Clouded|Azelf|100\/100\n|-fieldstart|move: Electric Terrain|[from] ability: Electric Surge|[of] p2a: Tapu Koko\n|turn|17\n|\n|t:|1700007532\n|move|p2a: Tapu Koko|Toxic|p1a: Clouded\n|-status|p1a: Clouded|tox\n|move|p1a: Clouded|Psychic|p2a: Tapu Koko\n|-damage|p2a: Tapu Koko|47\/100\n|\n|-damage|p1a: Clouded|94\/100 tox|[from] psn\n|upkeep\n|turn|18\n|\n|t:|1700007534\n|move|p2a: Tapu Koko|Nature's Madness|p1a: Clouded|[miss]\n|-miss|p2a: Tapu Koko|p1a: Clouded\n|move|p1a: Clouded|Psychic|p2a: Tapu Koko\n|-damage|p2a: Tapu Koko|0 fnt\n|faint|p2a: Tapu Koko\n|\n|-damage|p1a: Clouded|82\/100 tox|[from] psn\n|upkeep\n|\n|t:|1700007538\n|switch|p2a: Dragonite|Dragonite, M|100\/100\n|turn|19\n|\n|t:|1700007540\n|move|p2a: Dragonite|Extreme Speed|p1a: Clouded\n|-damage|p1a: Clouded|10\/100 tox\n|move|p1a: Clouded|Psychic|p2a: Dragonite\n|-damage|p2a: Dragonite|80\/100\n|\n|-damage|p1a: Clouded|0 fnt|[from] psn\n|faint|p1a: Clouded\n|\n|win|Kedlimmm\n|upkeep\n|raw|hambroni's rating: 1487 &rarr; <strong>1469<\/strong><br \/>(-18 for losing)\n|raw|Kedlimmm's rating: 1530 &rarr; <strong>1548<\/strong><br \/>(+18 for winning)\n|c|\u2606hambroni|gg\n|l|\u2606Kedlimmm\n","uploadtime":1700007571,"views":4,"p1id":"hambroni","p2id":"kedlimmm","formatid":"gen9nationaldex","rating":1469,"private":0,"password":""}