{"id":"gen9nationaldex-1992672934","p1":"AlphaOmega07","p2":"kraydel5","format":"[Gen 9] National Dex","log":"|j|\u2606AlphaOmega07\n|j|\u2606kraydel5\n|t:|1700223514\n|gametype|singles\n|player|p1|AlphaOmega07|veteran|1125\n|player|p2|kraydel5|266|1030\n|teamsize|p1|6\n|teamsize|p2|5\n|gen|9\n|tier|[Gen 9] National Dex\n|rated|\n|rule|HP Percentage Mod: HP is shown in percentages\n|rule|Endless Battle Clause: Forcing endless battles is banned\n|rule|OHKO Clause: OHKO moves are banned\n|rule|Evasion Clause: Evasion abilities, items, and moves are banned\n|rule|Evasion Abilities Clause: Evasion abilities are banned\n|rule|Evasion Items Clause: Evasion items are banned\n|rule|Evasion Moves Clause: Evasion moves are banned\n|rule|Species Clause: Limit one of each Pok\u00e9mon\n|rule|Sleep Clause Mod: Limit one foe put to sleep\n|clearpoke\n|poke|p1|Kommo-o, F|\n|poke|p1|Hawlucha, F|\n|poke|p1|Ceruledge, F|\n|poke|p1|Grimmsnarl, M|\n|poke|p1|Volcarona, M|\n|poke|p1|Gliscor, F|\n|poke|p2|Togekiss, F|\n|poke|p2|Ferrothorn, M|\n|poke|p2|Blaziken, F|\n|poke|p2|Toxapex, F|\n|poke|p2|Grimmsnarl, M|\n|teampreview\n|inactive|Battle timer is ON: inactive players will automatically lose when time's up. (requested by AlphaOmega07)\n|\n|t:|1700223522\n|start\n|switch|p1a: Life|Hawlucha, F, shiny|100\/100\n|switch|p2a: Grimmsnarl|Grimmsnarl, M|100\/100\n|turn|1\n|\n|t:|1700223530\n|move|p2a: Grimmsnarl|Fake Out|p1a: Life\n|-damage|p1a: Life|83\/100\n|cant|p1a: Life|flinch\n|\n|upkeep\n|turn|2\n|\n|t:|1700223541\n|move|p2a: Grimmsnarl|Light Screen|p2a: Grimmsnarl\n|-sidestart|p2: kraydel5|move: Light Screen\n|move|p1a: Life|Sky Attack||[still]\n|-prepare|p1a: Life|Sky Attack\n|-enditem|p1a: Life|Power Herb\n|-anim|p1a: Life|Sky Attack|p2a: Grimmsnarl\n|-damage|p2a: Grimmsnarl|12\/100\n|\n|upkeep\n|turn|3\n|\n|t:|1700223551\n|move|p1a: Life|Acrobatics|p2a: Grimmsnarl\n|-damage|p2a: Grimmsnarl|0 fnt\n|-damage|p1a: Life|66\/100|[from] item: Rocky Helmet|[of] p2a: Grimmsnarl\n|faint|p2a: Grimmsnarl\n|\n|upkeep\n|\n|t:|1700223558\n|switch|p2a: Blaziken|Blaziken, F|100\/100\n|turn|4\n|\n|t:|1700223565\n|move|p1a: Life|Acrobatics|p2a: Blaziken\n|-supereffective|p2a: Blaziken\n|-damage|p2a: Blaziken|0 fnt\n|faint|p2a: Blaziken\n|\n|upkeep\n|\n|t:|1700223574\n|switch|p2a: Togekiss|Togekiss, F|100\/100\n|turn|5\n|\n|t:|1700223579\n|move|p1a: Life|Acrobatics|p2a: Togekiss\n|-damage|p2a: Togekiss|44\/100\n|move|p2a: Togekiss|Draining Kiss|p1a: Life\n|-supereffective|p1a: Life\n|-damage|p1a: Life|0 fnt\n|-heal|p2a: Togekiss|91\/100|[from] drain|[of] p1a: Life\n|faint|p1a: Life\n|\n|-heal|p2a: Togekiss|97\/100|[from] item: Leftovers\n|upkeep\n|\n|t:|1700223589\n|switch|p1a: Volcarona|Volcarona, M|100\/100\n|turn|6\n|\n|t:|1700223594\n|move|p1a: Volcarona|Quiver Dance|p1a: Volcarona\n|-boost|p1a: Volcarona|spa|1\n|-boost|p1a: Volcarona|spd|1\n|-boost|p1a: Volcarona|spe|1\n|move|p2a: Togekiss|Air Slash|p1a: Volcarona\n|-supereffective|p1a: Volcarona\n|-damage|p1a: Volcarona|48\/100\n|\n|-heal|p2a: Togekiss|100\/100|[from] item: Leftovers\n|-sideend|p2: kraydel5|move: Light Screen\n|upkeep\n|turn|7\n|\n|t:|1700223604\n|move|p1a: Volcarona|Air Slash|p2a: Togekiss\n|-crit|p2a: Togekiss\n|-damage|p2a: Togekiss|40\/100\n|move|p2a: Togekiss|Air Slash|p1a: Volcarona\n|-supereffective|p1a: Volcarona\n|-damage|p1a: Volcarona|0 fnt\n|faint|p1a: Volcarona\n|\n|-heal|p2a: Togekiss|46\/100|[from] item: Leftovers\n|upkeep\n|\n|t:|1700223610\n|switch|p1a: Grimmsnarl|Grimmsnarl, M|100\/100\n|turn|8\n|\n|t:|1700223614\n|move|p1a: Grimmsnarl|Fake Out|p2a: Togekiss\n|-damage|p2a: Togekiss|30\/100\n|cant|p2a: Togekiss|flinch\n|\n|-heal|p2a: Togekiss|36\/100|[from] item: Leftovers\n|upkeep\n|turn|9\n|\n|t:|1700223622\n|switch|p1a: Ceruledge|Ceruledge, F|100\/100\n|move|p2a: Togekiss|Substitute|p2a: Togekiss\n|-start|p2a: Togekiss|Substitute\n|-damage|p2a: Togekiss|11\/100\n|\n|-heal|p2a: Togekiss|17\/100|[from] item: Leftovers\n|upkeep\n|turn|10\n|\n|t:|1700223631\n|move|p1a: Ceruledge|Bitter Blade|p2a: Togekiss\n|-end|p2a: Togekiss|Substitute\n|move|p2a: Togekiss|Roost|p2a: Togekiss\n|-heal|p2a: Togekiss|67\/100\n|-singleturn|p2a: Togekiss|move: Roost\n|\n|-heal|p2a: Togekiss|73\/100|[from] item: Leftovers\n|upkeep\n|turn|11\n|\n|t:|1700223642\n|move|p1a: Ceruledge|Bitter Blade|p2a: Togekiss\n|-damage|p2a: Togekiss|21\/100\n|move|p2a: Togekiss|Draining Kiss|p1a: Ceruledge\n|-resisted|p1a: Ceruledge\n|-damage|p1a: Ceruledge|91\/100\n|-heal|p2a: Togekiss|27\/100|[from] drain|[of] p1a: Ceruledge\n|\n|-heal|p2a: Togekiss|33\/100|[from] item: Leftovers\n|upkeep\n|turn|12\n|\n|t:|1700223652\n|move|p1a: Ceruledge|Bitter Blade|p2a: Togekiss\n|-crit|p2a: Togekiss\n|-damage|p2a: Togekiss|0 fnt\n|-heal|p1a: Ceruledge|100\/100|[from] drain|[of] p2a: Togekiss\n|faint|p2a: Togekiss\n|\n|upkeep\n|\n|t:|1700223659\n|switch|p2a: Ferrothorn|Ferrothorn, M|100\/100\n|turn|13\n|\n|t:|1700223663\n|move|p1a: Ceruledge|Bitter Blade|p2a: Ferrothorn\n|-supereffective|p2a: Ferrothorn\n|-damage|p2a: Ferrothorn|0 fnt\n|-damage|p1a: Ceruledge|88\/100|[from] ability: Iron Barbs|[of] p2a: Ferrothorn\n|faint|p2a: Ferrothorn\n|\n|upkeep\n|\n|t:|1700223670\n|switch|p2a: Toxapex|Toxapex, F|100\/100\n|turn|14\n|\n|t:|1700223675\n|move|p1a: Ceruledge|Shadow Claw|p2a: Toxapex\n|-damage|p2a: Toxapex|72\/100\n|move|p2a: Toxapex|Toxic|p1a: Ceruledge\n|-status|p1a: Ceruledge|tox\n|\n|-heal|p2a: Toxapex|78\/100|[from] item: Black Sludge\n|-damage|p1a: Ceruledge|82\/100 tox|[from] psn\n|upkeep\n|turn|15\n|\n|t:|1700223684\n|move|p1a: Ceruledge|Shadow Claw|p2a: Toxapex\n|-damage|p2a: Toxapex|50\/100\n|move|p2a: Toxapex|Toxic Spikes|p1a: Ceruledge\n|-sidestart|p1: AlphaOmega07|move: Toxic Spikes\n|\n|-heal|p2a: Toxapex|57\/100|[from] item: Black Sludge\n|-damage|p1a: Ceruledge|70\/100 tox|[from] psn\n|upkeep\n|turn|16\n|\n|t:|1700223697\n|move|p1a: Ceruledge|Shadow Claw|p2a: Toxapex\n|-damage|p2a: Toxapex|27\/100\n|move|p2a: Toxapex|Recover|p2a: Toxapex\n|-heal|p2a: Toxapex|78\/100\n|\n|-heal|p2a: Toxapex|84\/100|[from] item: Black Sludge\n|-damage|p1a: Ceruledge|51\/100 tox|[from] psn\n|upkeep\n|turn|17\n|\n|t:|1700223707\n|move|p2a: Toxapex|Baneful Bunker|p2a: Toxapex\n|-singleturn|p2a: Toxapex|move: Protect\n|move|p1a: Ceruledge|Shadow Claw|p2a: Toxapex\n|-activate|p2a: Toxapex|move: Protect\n|\n|-heal|p2a: Toxapex|90\/100|[from] item: Black Sludge\n|-damage|p1a: Ceruledge|26\/100 tox|[from] psn\n|upkeep\n|turn|18\n|\n|t:|1700223718\n|move|p1a: Ceruledge|Shadow Claw|p2a: Toxapex\n|-damage|p2a: Toxapex|61\/100\n|move|p2a: Toxapex|Toxic Spikes|p1a: Ceruledge\n|-sidestart|p1: AlphaOmega07|move: Toxic Spikes\n|\n|-heal|p2a: Toxapex|67\/100|[from] item: Black Sludge\n|-damage|p1a: Ceruledge|0 fnt|[from] psn\n|faint|p1a: Ceruledge\n|upkeep\n|\n|t:|1700223733\n|switch|p1a: Grimmsnarl|Grimmsnarl, M|100\/100\n|-status|p1a: Grimmsnarl|tox\n|turn|19\n|\n|t:|1700223746\n|move|p1a: Grimmsnarl|Fake Out|p2a: Toxapex\n|-damage|p2a: Toxapex|54\/100\n|cant|p2a: Toxapex|flinch\n|\n|-heal|p2a: Toxapex|61\/100|[from] item: Black Sludge\n|-damage|p1a: Grimmsnarl|94\/100 tox|[from] psn\n|upkeep\n|turn|20\n|\n|t:|1700223757\n|-zpower|p1a: Grimmsnarl\n|move|p1a: Grimmsnarl|Black Hole Eclipse|p2a: Toxapex|[zeffect]\n|-damage|p2a: Toxapex|0 fnt\n|faint|p2a: Toxapex\n|\n|win|AlphaOmega07\n|raw|AlphaOmega07's rating: 1125 &rarr; <strong>1143<\/strong><br \/>(+18 for winning)\n|raw|kraydel5's rating: 1030 &rarr; <strong>1019<\/strong><br \/>(-11 for losing)\n","uploadtime":1700223762,"views":7,"p1id":"alphaomega07","p2id":"kraydel5","formatid":"gen9nationaldex","rating":1019,"private":0,"password":""}