{"id":"gen9nationaldex-1994382346","p1":"pedropnery","p2":"st.john52","format":"[Gen 9] National Dex","log":"|j|\u2606pedropnery\n|j|\u2606st.john52\n|t:|1700437534\n|gametype|singles\n|player|p1|pedropnery|steven|1075\n|player|p2|st.john52|clay|1133\n|teamsize|p1|6\n|teamsize|p2|6\n|gen|9\n|tier|[Gen 9] National Dex\n|rated|\n|rule|HP Percentage Mod: HP is shown in percentages\n|rule|Endless Battle Clause: Forcing endless battles is banned\n|rule|OHKO Clause: OHKO moves are banned\n|rule|Evasion Clause: Evasion abilities, items, and moves are banned\n|rule|Evasion Abilities Clause: Evasion abilities are banned\n|rule|Evasion Items Clause: Evasion items are banned\n|rule|Evasion Moves Clause: Evasion moves are banned\n|rule|Species Clause: Limit one of each Pok\u00e9mon\n|rule|Sleep Clause Mod: Limit one foe put to sleep\n|clearpoke\n|poke|p1|Infernape, F|\n|poke|p1|Gengar, M|\n|poke|p1|Torterra, M|\n|poke|p1|Magnezone|\n|poke|p1|Golduck, F|\n|poke|p1|Noivern, F|\n|poke|p2|Mimikyu, M|\n|poke|p2|Vikavolt, M|\n|poke|p2|Bewear, M|\n|poke|p2|Wishiwashi, M|\n|poke|p2|Incineroar, M|\n|poke|p2|Silvally-*|\n|teampreview\n|inactive|Battle timer is ON: inactive players will automatically lose when time's up. (requested by pedropnery)\n|\n|t:|1700437544\n|start\n|switch|p1a: Magnezone|Magnezone|100\/100\n|switch|p2a: Bewear|Bewear, M, shiny|100\/100\n|turn|1\n|\n|t:|1700437563\n|move|p2a: Bewear|Earthquake|p1a: Magnezone\n|-supereffective|p1a: Magnezone\n|-ability|p1a: Magnezone|Sturdy\n|-damage|p1a: Magnezone|1\/100\n|move|p1a: Magnezone|Thunder Wave|p2a: Bewear\n|-status|p2a: Bewear|par\n|\n|upkeep\n|turn|2\n|\n|t:|1700437571\n|move|p1a: Magnezone|Flash Cannon|p2a: Bewear\n|-damage|p2a: Bewear|48\/100 par\n|move|p2a: Bewear|Earthquake|p1a: Magnezone\n|-supereffective|p1a: Magnezone\n|-damage|p1a: Magnezone|0 fnt\n|faint|p1a: Magnezone\n|\n|-heal|p2a: Bewear|54\/100 par|[from] item: Leftovers\n|upkeep\n|\n|t:|1700437589\n|switch|p1a: Infernape|Infernape, F|100\/100\n|turn|3\n|\n|t:|1700437601\n|move|p1a: Infernape|Close Combat|p2a: Bewear\n|-supereffective|p2a: Bewear\n|-damage|p2a: Bewear|0 fnt\n|-unboost|p1a: Infernape|def|1\n|-unboost|p1a: Infernape|spd|1\n|faint|p2a: Bewear\n|\n|upkeep\n|\n|t:|1700437604\n|switch|p2a: Incineroar|Incineroar, M, shiny|100\/100\n|-ability|p2a: Incineroar|Intimidate|boost\n|-unboost|p1a: Infernape|atk|1\n|turn|4\n|\n|t:|1700437618\n|move|p2a: Incineroar|Fake Out|p1a: Infernape\n|-damage|p1a: Infernape|74\/100\n|cant|p1a: Infernape|flinch\n|\n|upkeep\n|turn|5\n|\n|t:|1700437639\n|move|p1a: Infernape|Close Combat|p2a: Incineroar\n|-supereffective|p2a: Incineroar\n|-damage|p2a: Incineroar|17\/100\n|-unboost|p1a: Infernape|def|1\n|-unboost|p1a: Infernape|spd|1\n|move|p2a: Incineroar|Parting Shot|p1a: Infernape\n|-unboost|p1a: Infernape|atk|1\n|-unboost|p1a: Infernape|spa|1\n|\n|t:|1700437651\n|switch|p2a: Wishiwashi|Wishiwashi, M, shiny|100\/100|[from] Parting Shot\n|-formechange|p2a: Wishiwashi|Wishiwashi-School||[from] ability: Schooling\n|\n|upkeep\n|turn|6\n|\n|t:|1700437662\n|switch|p1a: Torterra|Torterra, M|100\/100\n|move|p2a: Wishiwashi|Ice Beam|p1a: Torterra\n|-supereffective|p1a: Torterra\n|-damage|p1a: Torterra|0 fnt\n|faint|p1a: Torterra\n|\n|upkeep\n|\n|t:|1700437677\n|switch|p1a: Golduck|Golduck, F|100\/100\n|turn|7\n|inactive|st.john52 has 120 seconds left.\n|\n|t:|1700437699\n|move|p1a: Golduck|Yawn|p2a: Wishiwashi\n|-start|p2a: Wishiwashi|move: Yawn|[of] p1a: Golduck\n|move|p2a: Wishiwashi|Hidden Power|p1a: Golduck\n|-supereffective|p1a: Golduck\n|-damage|p1a: Golduck|51\/100\n|\n|upkeep\n|turn|8\n|\n|t:|1700437707\n|switch|p2a: Vikavolt|Vikavolt, M, shiny|100\/100\n|move|p1a: Golduck|Psychic|p2a: Vikavolt\n|-damage|p2a: Vikavolt|65\/100\n|\n|upkeep\n|turn|9\n|\n|t:|1700437715\n|move|p1a: Golduck|Ice Beam|p2a: Vikavolt\n|-damage|p2a: Vikavolt|32\/100\n|move|p2a: Vikavolt|Energy Ball|p1a: Golduck\n|-supereffective|p1a: Golduck\n|-damage|p1a: Golduck|0 fnt\n|faint|p1a: Golduck\n|\n|upkeep\n|\n|t:|1700437724\n|switch|p1a: Infernape|Infernape, F|74\/100\n|turn|10\n|\n|t:|1700437737\n|move|p1a: Infernape|Flare Blitz|p2a: Vikavolt\n|-supereffective|p2a: Vikavolt\n|-damage|p2a: Vikavolt|0 fnt\n|faint|p2a: Vikavolt\n|-damage|p1a: Infernape|65\/100|[from] Recoil\n|\n|upkeep\n|\n|t:|1700437739\n|switch|p2a: Incineroar|Incineroar, M, shiny|17\/100\n|-ability|p2a: Incineroar|Intimidate|boost\n|-unboost|p1a: Infernape|atk|1\n|turn|11\n|\n|t:|1700437748\n|move|p2a: Incineroar|Fake Out|p1a: Infernape\n|-damage|p1a: Infernape|47\/100\n|cant|p1a: Infernape|flinch\n|\n|upkeep\n|turn|12\n|\n|t:|1700437765\n|move|p1a: Infernape|Thunder Punch|p2a: Incineroar\n|-damage|p2a: Incineroar|0 fnt\n|faint|p2a: Incineroar\n|\n|upkeep\n|\n|t:|1700437768\n|switch|p2a: Wishiwashi|Wishiwashi, M, shiny|100\/100\n|-formechange|p2a: Wishiwashi|Wishiwashi-School||[from] ability: Schooling\n|turn|13\n|\n|t:|1700437775\n|move|p1a: Infernape|Thunder Punch|p2a: Wishiwashi\n|-supereffective|p2a: Wishiwashi\n|-damage|p2a: Wishiwashi|65\/100\n|move|p2a: Wishiwashi|Surf|p1a: Infernape\n|-supereffective|p1a: Infernape\n|-damage|p1a: Infernape|0 fnt\n|faint|p1a: Infernape\n|\n|-heal|p2a: Wishiwashi|71\/100|[from] item: Leftovers\n|upkeep\n|\n|t:|1700437784\n|switch|p1a: Gengar|Gengar, M|100\/100\n|-item|p1a: Gengar|Air Balloon\n|turn|14\n|\n|t:|1700437792\n|move|p1a: Gengar|Thunderbolt|p2a: Wishiwashi\n|-supereffective|p2a: Wishiwashi\n|-damage|p2a: Wishiwashi|10\/100\n|move|p2a: Wishiwashi|Ice Beam|p1a: Gengar\n|-damage|p1a: Gengar|54\/100\n|-enditem|p1a: Gengar|Air Balloon\n|\n|-heal|p2a: Wishiwashi|16\/100|[from] item: Leftovers\n|-formechange|p2a: Wishiwashi|Wishiwashi||[from] ability: Schooling\n|upkeep\n|turn|15\n|\n|t:|1700437804\n|move|p2a: Wishiwashi|Protect|p2a: Wishiwashi\n|-singleturn|p2a: Wishiwashi|Protect\n|move|p1a: Gengar|Thunderbolt|p2a: Wishiwashi\n|-activate|p2a: Wishiwashi|move: Protect\n|\n|-heal|p2a: Wishiwashi|22\/100|[from] item: Leftovers\n|upkeep\n|turn|16\n|\n|t:|1700437826\n|move|p1a: Gengar|Thunderbolt|p2a: Wishiwashi\n|-supereffective|p2a: Wishiwashi\n|-damage|p2a: Wishiwashi|0 fnt\n|faint|p2a: Wishiwashi\n|\n|upkeep\n|\n|t:|1700437834\n|switch|p2a: Mimikyu|Mimikyu, M, shiny|100\/100\n|turn|17\n|\n|t:|1700437840\n|move|p1a: Gengar|Shadow Ball|p2a: Mimikyu\n|-activate|p2a: Mimikyu|ability: Disguise\n|-damage|p2a: Mimikyu|100\/100\n|detailschange|p2a: Mimikyu|Mimikyu-Busted, M, shiny\n|-damage|p2a: Mimikyu|88\/100|[from] pokemon: Mimikyu-Busted\n|move|p2a: Mimikyu|Swords Dance|p2a: Mimikyu\n|-boost|p2a: Mimikyu|atk|2\n|\n|-heal|p2a: Mimikyu|94\/100|[from] item: Leftovers\n|upkeep\n|turn|18\n|\n|t:|1700437852\n|move|p2a: Mimikyu|Shadow Sneak|p1a: Gengar\n|-supereffective|p1a: Gengar\n|-damage|p1a: Gengar|0 fnt\n|faint|p1a: Gengar\n|\n|-heal|p2a: Mimikyu|99\/100|[from] item: Leftovers\n|upkeep\n|\n|t:|1700437857\n|switch|p1a: Noivern|Noivern, F|100\/100\n|turn|19\n|\n|t:|1700437863\n|move|p1a: Noivern|Hurricane|p2a: Mimikyu\n|-damage|p2a: Mimikyu|44\/100\n|move|p2a: Mimikyu|Play Rough|p1a: Noivern\n|-supereffective|p1a: Noivern\n|-damage|p1a: Noivern|0 fnt\n|faint|p1a: Noivern\n|\n|win|st.john52\n|raw|pedropnery's rating: 1075 &rarr; <strong>1057<\/strong><br \/>(-18 for losing)\n|raw|st.john52's rating: 1133 &rarr; <strong>1154<\/strong><br \/>(+21 for winning)\n","uploadtime":1700437871,"views":5,"p1id":"pedropnery","p2id":"stjohn52","formatid":"gen9nationaldex","rating":1057,"private":0,"password":""}