{"id":"gen9nationaldex-1998193983","p1":"suib1anWanWan","p2":"tensaiindustries","format":"[Gen 9] National Dex","log":"|html|<div class=\"broadcast-blue\"><strong>[Gen 9] National Dex is currently suspecting Sneasler! For information on how to participate check out the <a href=\"https:\/\/www.smogon.com\/forums\/threads\/sv-national-dex-suspect-8-just-dance.3731534\/\">suspect thread<\/a>.<\/strong><\/div>\n|j|\u2606suib1anWanWan\n|j|\u2606tensaiindustries\n|t:|1700910207\n|gametype|singles\n|player|p1|suib1anWanWan|2|1473\n|player|p2|tensaiindustries|lance|1631\n|teamsize|p1|6\n|teamsize|p2|6\n|gen|9\n|tier|[Gen 9] National Dex\n|rated|\n|rule|HP Percentage Mod: HP is shown in percentages\n|rule|Endless Battle Clause: Forcing endless battles is banned\n|rule|OHKO Clause: OHKO moves are banned\n|rule|Evasion Clause: Evasion abilities, items, and moves are banned\n|rule|Evasion Abilities Clause: Evasion abilities are banned\n|rule|Evasion Items Clause: Evasion items are banned\n|rule|Evasion Moves Clause: Evasion moves are banned\n|rule|Species Clause: Limit one of each Pok\u00e9mon\n|rule|Sleep Clause Mod: Limit one foe put to sleep\n|clearpoke\n|poke|p1|Rillaboom, F|\n|poke|p1|Heatran, F|\n|poke|p1|Urshifu-*, M|\n|poke|p1|Slowking-Galar, F|\n|poke|p1|Thundurus-Therian, M|\n|poke|p1|Weezing-Galar, M|\n|poke|p2|Dragonite, M|\n|poke|p2|Tapu Koko|\n|poke|p2|Cresselia, F|\n|poke|p2|Moltres|\n|poke|p2|Alomomola, M|\n|poke|p2|Ogerpon-Wellspring, F|\n|teampreview\n|inactive|Battle timer is ON: inactive players will automatically lose when time's up. (requested by suib1anWanWan)\n|\n|t:|1700910226\n|start\n|switch|p1a: Thundurus|Thundurus-Therian, M|100\/100\n|switch|p2a: Tapu Koko|Tapu Koko|100\/100\n|-fieldstart|move: Electric Terrain|[from] ability: Electric Surge|[of] p2a: Tapu Koko\n|turn|1\n|\n|t:|1700910231\n|move|p1a: Thundurus|Volt Switch|p2a: Tapu Koko\n|-resisted|p2a: Tapu Koko\n|-damage|p2a: Tapu Koko|68\/100\n|\n|t:|1700910234\n|switch|p1a: Slowking|Slowking-Galar, F|100\/100|[from] Volt Switch\n|move|p2a: Tapu Koko|Hidden Power|p1a: Slowking\n|-damage|p1a: Slowking|84\/100\n|-damage|p2a: Tapu Koko|59\/100|[from] item: Life Orb\n|\n|upkeep\n|turn|2\n|\n|t:|1700910238\n|move|p2a: Tapu Koko|Volt Switch|p1a: Slowking\n|-damage|p1a: Slowking|51\/100\n|-damage|p2a: Tapu Koko|49\/100|[from] item: Life Orb\n|\n|t:|1700910244\n|switch|p2a: Moltres|Moltres|100\/100|[from] Volt Switch\n|move|p1a: Slowking|Chilly Reception|p1a: Slowking\n|-weather|Snow\n|\n|t:|1700910248\n|switch|p1a: Thundurus|Thundurus-Therian, M|100\/100|[from] Chilly Reception\n|\n|-weather|Snow|[upkeep]\n|upkeep\n|turn|3\n|\n|t:|1700910254\n|switch|p2a: Dragonite|Dragonite, M|100\/100\n|move|p1a: Thundurus|Volt Switch|p2a: Dragonite\n|-damage|p2a: Dragonite|82\/100\n|\n|t:|1700910257\n|switch|p1a: Weezing|Weezing-Galar, M|100\/100|[from] Volt Switch\n|-ability|p1a: Weezing|Neutralizing Gas\n|\n|-weather|Snow|[upkeep]\n|-heal|p2a: Dragonite|89\/100|[from] item: Leftovers\n|upkeep\n|turn|4\n|\n|t:|1700910262\n|switch|p2a: Tapu Koko|Tapu Koko|49\/100\n|move|p1a: Weezing|Will-O-Wisp|p2a: Tapu Koko\n|-status|p2a: Tapu Koko|brn\n|\n|-weather|Snow|[upkeep]\n|-damage|p2a: Tapu Koko|42\/100 brn|[from] brn\n|upkeep\n|turn|5\n|\n|t:|1700910269\n|-end|p1a: Weezing|ability: Neutralizing Gas\n|switch|p1a: Slowking|Slowking-Galar, F|84\/100\n|move|p2a: Tapu Koko|Roost|p2a: Tapu Koko\n|-heal|p2a: Tapu Koko|93\/100 brn\n|-singleturn|p2a: Tapu Koko|move: Roost\n|\n|-weather|Snow|[upkeep]\n|-damage|p2a: Tapu Koko|87\/100 brn|[from] brn\n|-fieldend|move: Electric Terrain\n|upkeep\n|turn|6\n|\n|t:|1700910274\n|move|p2a: Tapu Koko|Thunderbolt|p1a: Slowking\n|-damage|p1a: Slowking|47\/100\n|-damage|p2a: Tapu Koko|77\/100 brn|[from] item: Life Orb\n|move|p1a: Slowking|Chilly Reception|p1a: Slowking\n|\n|t:|1700910281\n|switch|p1a: Thundurus|Thundurus-Therian, M|100\/100|[from] Chilly Reception\n|\n|-weather|none\n|-damage|p2a: Tapu Koko|71\/100 brn|[from] brn\n|upkeep\n|turn|7\n|\n|t:|1700910284\n|move|p1a: Thundurus|Volt Switch|p2a: Tapu Koko\n|-resisted|p2a: Tapu Koko\n|-damage|p2a: Tapu Koko|41\/100 brn\n|\n|t:|1700910286\n|switch|p1a: Slowking|Slowking-Galar, F|80\/100|[from] Volt Switch\n|move|p2a: Tapu Koko|Roost|p2a: Tapu Koko\n|-heal|p2a: Tapu Koko|91\/100 brn\n|-singleturn|p2a: Tapu Koko|move: Roost\n|\n|-damage|p2a: Tapu Koko|85\/100 brn|[from] brn\n|upkeep\n|turn|8\n|\n|t:|1700910290\n|move|p2a: Tapu Koko|Thunderbolt|p1a: Slowking\n|-damage|p1a: Slowking|41\/100\n|-damage|p2a: Tapu Koko|75\/100 brn|[from] item: Life Orb\n|move|p1a: Slowking|Sludge Bomb|p2a: Tapu Koko\n|-supereffective|p2a: Tapu Koko\n|-damage|p2a: Tapu Koko|0 fnt\n|faint|p2a: Tapu Koko\n|\n|upkeep\n|\n|t:|1700910298\n|switch|p2a: Cresselia|Cresselia, F|100\/100\n|turn|9\n|\n|t:|1700910301\n|move|p2a: Cresselia|Calm Mind|p2a: Cresselia\n|-boost|p2a: Cresselia|spa|1\n|-boost|p2a: Cresselia|spd|1\n|move|p1a: Slowking|Chilly Reception|p1a: Slowking\n|-weather|Snow\n|\n|t:|1700910305\n|switch|p1a: Heatran|Heatran, F|100\/100|[from] Chilly Reception\n|\n|-weather|Snow|[upkeep]\n|upkeep\n|turn|10\n|\n|t:|1700910308\n|-terastallize|p2a: Cresselia|Poison\n|move|p2a: Cresselia|Calm Mind|p2a: Cresselia\n|-boost|p2a: Cresselia|spa|1\n|-boost|p2a: Cresselia|spd|1\n|move|p1a: Heatran|Taunt|p2a: Cresselia\n|-start|p2a: Cresselia|move: Taunt\n|\n|-weather|Snow|[upkeep]\n|upkeep\n|turn|11\n|\n|t:|1700910312\n|move|p2a: Cresselia|Stored Power|p1a: Heatran\n|-resisted|p1a: Heatran\n|-damage|p1a: Heatran|84\/100\n|move|p1a: Heatran|Magma Storm|p2a: Cresselia\n|-crit|p2a: Cresselia\n|-damage|p2a: Cresselia|58\/100\n|-activate|p2a: Cresselia|move: Magma Storm|[of] p1a: Heatran\n|\n|-weather|Snow|[upkeep]\n|-heal|p2a: Cresselia|64\/100|[from] item: Leftovers\n|-heal|p1a: Heatran|90\/100|[from] item: Leftovers\n|-damage|p2a: Cresselia|52\/100|[from] move: Magma Storm|[partiallytrapped]\n|upkeep\n|turn|12\n|\n|t:|1700910316\n|move|p2a: Cresselia|Stored Power|p1a: Heatran\n|-resisted|p1a: Heatran\n|-damage|p1a: Heatran|73\/100\n|move|p1a: Heatran|Stealth Rock|p2a: Cresselia\n|-sidestart|p2: tensaiindustries|move: Stealth Rock\n|\n|-weather|Snow|[upkeep]\n|-heal|p2a: Cresselia|58\/100|[from] item: Leftovers\n|-heal|p1a: Heatran|79\/100|[from] item: Leftovers\n|-damage|p2a: Cresselia|46\/100|[from] move: Magma Storm|[partiallytrapped]\n|upkeep\n|turn|13\n|\n|t:|1700910319\n|move|p2a: Cresselia|Stored Power|p1a: Heatran\n|-resisted|p1a: Heatran\n|-damage|p1a: Heatran|62\/100\n|move|p1a: Heatran|Magma Storm|p2a: Cresselia\n|-damage|p2a: Cresselia|31\/100\n|\n|-weather|none\n|-heal|p2a: Cresselia|37\/100|[from] item: Leftovers\n|-heal|p1a: Heatran|68\/100|[from] item: Leftovers\n|-damage|p2a: Cresselia|25\/100|[from] move: Magma Storm|[partiallytrapped]\n|-end|p2a: Cresselia|move: Taunt\n|upkeep\n|turn|14\n|\n|t:|1700910324\n|move|p2a: Cresselia|Moonlight|p2a: Cresselia\n|-heal|p2a: Cresselia|75\/100\n|move|p1a: Heatran|Taunt|p2a: Cresselia\n|-start|p2a: Cresselia|move: Taunt\n|\n|-heal|p2a: Cresselia|81\/100|[from] item: Leftovers\n|-heal|p1a: Heatran|74\/100|[from] item: Leftovers\n|-damage|p2a: Cresselia|69\/100|[from] move: Magma Storm|[partiallytrapped]\n|upkeep\n|turn|15\n|\n|t:|1700910347\n|switch|p1a: Slowking|Slowking-Galar, F|75\/100\n|move|p2a: Cresselia|Moonblast|p1a: Slowking\n|-resisted|p1a: Slowking\n|-damage|p1a: Slowking|61\/100\n|\n|-heal|p2a: Cresselia|75\/100|[from] item: Leftovers\n|-end|p2a: Cresselia|Magma Storm|[partiallytrapped]\n|upkeep\n|turn|16\n|\n|t:|1700910356\n|move|p2a: Cresselia|Stored Power|p1a: Slowking\n|-damage|p1a: Slowking|17\/100\n|move|p1a: Slowking|Future Sight|p2a: Cresselia\n|-start|p1a: Slowking|move: Future Sight\n|\n|-heal|p2a: Cresselia|81\/100|[from] item: Leftovers\n|upkeep\n|turn|17\n|\n|t:|1700910361\n|move|p2a: Cresselia|Moonblast|p1a: Slowking\n|-resisted|p1a: Slowking\n|-damage|p1a: Slowking|3\/100\n|move|p1a: Slowking|Chilly Reception|p1a: Slowking\n|-weather|Snow\n|\n|t:|1700910362\n|switch|p1a: Urshifu|Urshifu-Rapid-Strike, M|100\/100|[from] Chilly Reception\n|\n|-weather|Snow|[upkeep]\n|-heal|p2a: Cresselia|87\/100|[from] item: Leftovers\n|-end|p2a: Cresselia|move: Taunt\n|upkeep\n|turn|18\n|\n|t:|1700910368\n|-terastallize|p1a: Urshifu|Water\n|move|p1a: Urshifu|Surging Strikes|p2a: Cresselia\n|-crit|p2a: Cresselia\n|-damage|p2a: Cresselia|66\/100\n|-crit|p2a: Cresselia\n|-damage|p2a: Cresselia|43\/100\n|-crit|p2a: Cresselia\n|-damage|p2a: Cresselia|22\/100\n|-hitcount|p2a: Cresselia|3\n|move|p2a: Cresselia|Stored Power|p1a: Urshifu\n|-damage|p1a: Urshifu|7\/100\n|\n|-weather|Snow|[upkeep]\n|-end|p2a: Cresselia|move: Future Sight\n|-supereffective|p2a: Cresselia\n|-damage|p2a: Cresselia|0 fnt\n|faint|p2a: Cresselia\n|upkeep\n|\n|t:|1700910377\n|switch|p2a: Dragonite|Dragonite, M|89\/100\n|-damage|p2a: Dragonite|64\/100|[from] Stealth Rock\n|turn|19\n|\n|t:|1700910384\n|switch|p1a: Weezing|Weezing-Galar, M|100\/100\n|-ability|p1a: Weezing|Neutralizing Gas\n|move|p2a: Dragonite|Iron Head|p1a: Weezing\n|-supereffective|p1a: Weezing\n|-damage|p1a: Weezing|60\/100\n|\n|-weather|Snow|[upkeep]\n|-heal|p2a: Dragonite|70\/100|[from] item: Leftovers\n|-heal|p1a: Weezing|66\/100|[from] item: Leftovers\n|upkeep\n|turn|20\n|\n|t:|1700910392\n|move|p2a: Dragonite|Iron Head|p1a: Weezing\n|-supereffective|p1a: Weezing\n|-damage|p1a: Weezing|27\/100\n|cant|p1a: Weezing|flinch\n|\n|-weather|Snow|[upkeep]\n|-heal|p2a: Dragonite|76\/100|[from] item: Leftovers\n|-heal|p1a: Weezing|33\/100|[from] item: Leftovers\n|upkeep\n|turn|21\n|\n|t:|1700910397\n|-end|p1a: Weezing|ability: Neutralizing Gas\n|switch|p1a: Heatran|Heatran, F|74\/100\n|move|p2a: Dragonite|Iron Head|p1a: Heatran\n|-resisted|p1a: Heatran\n|-damage|p1a: Heatran|68\/100\n|\n|-weather|none\n|-heal|p2a: Dragonite|82\/100|[from] item: Leftovers\n|-heal|p1a: Heatran|74\/100|[from] item: Leftovers\n|upkeep\n|turn|22\n|\n|t:|1700910401\n|switch|p1a: Rillaboom|Rillaboom, F|100\/100\n|-fieldstart|move: Grassy Terrain|[from] ability: Grassy Surge|[of] p1a: Rillaboom\n|move|p2a: Dragonite|Curse|p2a: Dragonite\n|-unboost|p2a: Dragonite|spe|1\n|-boost|p2a: Dragonite|atk|1\n|-boost|p2a: Dragonite|def|1\n|\n|-heal|p2a: Dragonite|89\/100|[from] item: Leftovers\n|upkeep\n|turn|23\n|\n|t:|1700910404\n|move|p1a: Rillaboom|U-turn|p2a: Dragonite\n|-resisted|p2a: Dragonite\n|-damage|p2a: Dragonite|76\/100\n|\n|t:|1700910406\n|switch|p1a: Thundurus|Thundurus-Therian, M|100\/100|[from] U-turn\n|move|p2a: Dragonite|Iron Head|p1a: Thundurus\n|-resisted|p1a: Thundurus\n|-damage|p1a: Thundurus|63\/100\n|\n|-heal|p2a: Dragonite|82\/100|[from] item: Leftovers\n|upkeep\n|turn|24\n|\n|t:|1700910408\n|move|p2a: Dragonite|Extreme Speed|p1a: Thundurus\n|-damage|p1a: Thundurus|0 fnt\n|faint|p1a: Thundurus\n|\n|-heal|p2a: Dragonite|89\/100|[from] item: Leftovers\n|upkeep\n|\n|t:|1700910414\n|switch|p1a: Heatran|Heatran, F|74\/100\n|turn|25\n|\n|t:|1700910420\n|switch|p2a: Ogerpon|Ogerpon-Wellspring, F|100\/100\n|-damage|p2a: Ogerpon|88\/100|[from] Stealth Rock\n|move|p1a: Heatran|Taunt|p2a: Ogerpon\n|-start|p2a: Ogerpon|move: Taunt\n|\n|-heal|p2a: Ogerpon|94\/100|[from] Grassy Terrain\n|-heal|p1a: Heatran|81\/100|[from] Grassy Terrain\n|-heal|p1a: Heatran|87\/100|[from] item: Leftovers\n|upkeep\n|turn|26\n|\n|t:|1700910434\n|switch|p2a: Moltres|Moltres|100\/100\n|switch|p1a: Slowking|Slowking-Galar, F|37\/100\n|\n|-heal|p1a: Slowking|43\/100|[from] Grassy Terrain\n|-fieldend|move: Grassy Terrain\n|upkeep\n|turn|27\n|\n|t:|1700910437\n|move|p2a: Moltres|Defog|p1a: Slowking\n|-unboost|p1a: Slowking|evasion|1\n|-sideend|p2: tensaiindustries|Stealth Rock|[from] move: Defog|[of] p2a: Moltres\n|move|p1a: Slowking|Chilly Reception|p1a: Slowking\n|-weather|Snow\n|\n|t:|1700910441\n|switch|p1a: Urshifu|Urshifu-Rapid-Strike, M, tera:Water|7\/100|[from] Chilly Reception\n|\n|-weather|Snow|[upkeep]\n|upkeep\n|turn|28\n|\n|t:|1700910445\n|switch|p2a: Alomomola|Alomomola, M|100\/100\n|move|p1a: Urshifu|U-turn|p2a: Alomomola\n|-damage|p2a: Alomomola|81\/100\n|-damage|p1a: Urshifu|0 fnt|[from] item: Rocky Helmet|[of] p2a: Alomomola\n|faint|p1a: Urshifu\n|\n|-weather|Snow|[upkeep]\n|upkeep\n|\n|t:|1700910450\n|switch|p1a: Rillaboom|Rillaboom, F|100\/100\n|-fieldstart|move: Grassy Terrain|[from] ability: Grassy Surge|[of] p1a: Rillaboom\n|turn|29\n|\n|t:|1700910455\n|switch|p1a: Slowking|Slowking-Galar, F|76\/100\n|switch|p2a: Moltres|Moltres|100\/100\n|\n|-weather|Snow|[upkeep]\n|-heal|p1a: Slowking|82\/100|[from] Grassy Terrain\n|upkeep\n|turn|30\n|\n|t:|1700910460\n|move|p2a: Moltres|Flamethrower|p1a: Slowking\n|-crit|p1a: Slowking\n|-damage|p1a: Slowking|44\/100\n|move|p1a: Slowking|Thunder Wave|p2a: Moltres\n|-status|p2a: Moltres|par\n|\n|-weather|Snow|[upkeep]\n|-heal|p1a: Slowking|50\/100|[from] Grassy Terrain\n|upkeep\n|turn|31\n|\n|t:|1700910469\n|cant|p2a: Moltres|par\n|move|p1a: Slowking|Chilly Reception|p1a: Slowking\n|\n|t:|1700910471\n|switch|p1a: Heatran|Heatran, F|87\/100|[from] Chilly Reception\n|\n|-weather|none\n|-heal|p1a: Heatran|93\/100|[from] Grassy Terrain\n|-heal|p1a: Heatran|99\/100|[from] item: Leftovers\n|upkeep\n|turn|32\n|\n|t:|1700910475\n|move|p1a: Heatran|Magma Storm|p2a: Moltres\n|-resisted|p2a: Moltres\n|-damage|p2a: Moltres|77\/100 par\n|-activate|p2a: Moltres|move: Magma Storm|[of] p1a: Heatran\n|move|p2a: Moltres|U-turn|p1a: Heatran\n|-resisted|p1a: Heatran\n|-damage|p1a: Heatran|96\/100\n|\n|t:|1700910483\n|switch|p2a: Ogerpon|Ogerpon-Wellspring, F|94\/100|[from] U-turn\n|\n|-heal|p2a: Ogerpon|99\/100|[from] Grassy Terrain\n|-heal|p1a: Heatran|100\/100|[from] Grassy Terrain\n|upkeep\n|turn|33\n|\n|t:|1700910488\n|switch|p1a: Weezing|Weezing-Galar, M|33\/100\n|-ability|p1a: Weezing|Neutralizing Gas\n|move|p2a: Ogerpon|Ivy Cudgel|p1a: Weezing|[anim] Ivy Cudgel Water\n|-damage|p1a: Weezing|0 fnt\n|faint|p1a: Weezing\n|-end|p1a: Weezing|ability: Neutralizing Gas\n|\n|-heal|p2a: Ogerpon|100\/100|[from] Grassy Terrain\n|-fieldend|move: Grassy Terrain\n|upkeep\n|\n|t:|1700910489\n|switch|p1a: Rillaboom|Rillaboom, F|100\/100\n|-fieldstart|move: Grassy Terrain|[from] ability: Grassy Surge|[of] p1a: Rillaboom\n|turn|34\n|\n|t:|1700910494\n|switch|p2a: Moltres|Moltres|77\/100 par\n|move|p1a: Rillaboom|Knock Off|p2a: Moltres\n|-damage|p2a: Moltres|41\/100 par\n|-enditem|p2a: Moltres|Heavy-Duty Boots|[from] move: Knock Off|[of] p1a: Rillaboom\n|\n|upkeep\n|turn|35\n|\n|t:|1700910498\n|switch|p1a: Heatran|Heatran, F|100\/100\n|move|p2a: Moltres|Roost|p2a: Moltres\n|-heal|p2a: Moltres|91\/100 par\n|-singleturn|p2a: Moltres|move: Roost\n|\n|-heal|p2a: Moltres|97\/100 par|[from] Grassy Terrain\n|upkeep\n|turn|36\n|\n|t:|1700910509\n|switch|p1a: Slowking|Slowking-Galar, F|83\/100\n|cant|p2a: Moltres|par\n|\n|-heal|p1a: Slowking|89\/100|[from] Grassy Terrain\n|upkeep\n|turn|37\n|\n|t:|1700910528\n|move|p2a: Moltres|U-turn|p1a: Slowking\n|-damage|p1a: Slowking|78\/100\n|\n|t:|1700910532\n|switch|p2a: Alomomola|Alomomola, M|100\/100|[from] U-turn\n|move|p1a: Slowking|Future Sight|p2a: Alomomola\n|-start|p1a: Slowking|move: Future Sight\n|\n|-heal|p1a: Slowking|84\/100|[from] Grassy Terrain\n|upkeep\n|turn|38\n|\n|t:|1700910538\n|move|p2a: Alomomola|Wish|p2a: Alomomola\n|move|p1a: Slowking|Sludge Bomb|p2a: Alomomola\n|-damage|p2a: Alomomola|63\/100\n|-status|p2a: Alomomola|psn\n|\n|-heal|p2a: Alomomola|70\/100 psn|[from] Grassy Terrain\n|-heal|p1a: Slowking|90\/100|[from] Grassy Terrain\n|-damage|p2a: Alomomola|57\/100 psn|[from] psn\n|-fieldend|move: Grassy Terrain\n|upkeep\n|turn|39\n|\n|t:|1700910544\n|move|p2a: Alomomola|Flip Turn|p1a: Slowking\n|-damage|p1a: Slowking|77\/100\n|\n|t:|1700910548\n|switch|p2a: Moltres|Moltres|97\/100 par|[from] Flip Turn\n|move|p1a: Slowking|Future Sight||[still]\n|-fail|p1a: Slowking\n|\n|-end|p2a: Moltres|move: Future Sight\n|-damage|p2a: Moltres|54\/100 par\n|-heal|p2a: Moltres|100\/100 par|[from] move: Wish|[wisher] Alomomola\n|upkeep\n|turn|40\n|\n|t:|1700910555\n|move|p2a: Moltres|U-turn|p1a: Slowking\n|-damage|p1a: Slowking|65\/100\n|\n|t:|1700910558\n|switch|p2a: Ogerpon|Ogerpon-Wellspring, F|100\/100|[from] U-turn\n|move|p1a: Slowking|Chilly Reception|p1a: Slowking\n|-weather|Snow\n|\n|t:|1700910561\n|switch|p1a: Rillaboom|Rillaboom, F|100\/100|[from] Chilly Reception\n|-fieldstart|move: Grassy Terrain|[from] ability: Grassy Surge|[of] p1a: Rillaboom\n|\n|-weather|Snow|[upkeep]\n|upkeep\n|turn|41\n|\n|t:|1700910564\n|switch|p2a: Moltres|Moltres|100\/100 par\n|switch|p1a: Slowking|Slowking-Galar, F|98\/100\n|\n|-weather|Snow|[upkeep]\n|-heal|p1a: Slowking|100\/100|[from] Grassy Terrain\n|upkeep\n|turn|42\n|\n|t:|1700910567\n|move|p2a: Moltres|U-turn|p1a: Slowking\n|-damage|p1a: Slowking|88\/100\n|\n|t:|1700910570\n|switch|p2a: Ogerpon|Ogerpon-Wellspring, F|100\/100|[from] U-turn\n|move|p1a: Slowking|Future Sight|p2a: Ogerpon\n|-start|p1a: Slowking|move: Future Sight\n|\n|-weather|Snow|[upkeep]\n|-heal|p1a: Slowking|94\/100|[from] Grassy Terrain\n|upkeep\n|turn|43\n|\n|t:|1700910575\n|move|p2a: Ogerpon|Ivy Cudgel|p1a: Slowking|[anim] Ivy Cudgel Water\n|-damage|p1a: Slowking|50\/100\n|move|p1a: Slowking|Sludge Bomb|p2a: Ogerpon\n|-supereffective|p2a: Ogerpon\n|-damage|p2a: Ogerpon|16\/100\n|\n|-weather|Snow|[upkeep]\n|-heal|p2a: Ogerpon|22\/100|[from] Grassy Terrain\n|-heal|p1a: Slowking|56\/100|[from] Grassy Terrain\n|upkeep\n|turn|44\n|\n|t:|1700910587\n|switch|p2a: Moltres|Moltres|100\/100 par\n|move|p1a: Slowking|Sludge Bomb|p2a: Moltres\n|-damage|p2a: Moltres|65\/100 par\n|\n|-weather|none\n|-end|p2a: Moltres|move: Future Sight\n|-damage|p2a: Moltres|18\/100 par\n|-heal|p1a: Slowking|62\/100|[from] Grassy Terrain\n|-fieldend|move: Grassy Terrain\n|upkeep\n|turn|45\n|\n|t:|1700910593\n|cant|p2a: Moltres|par\n|move|p1a: Slowking|Sludge Bomb|p2a: Moltres\n|-damage|p2a: Moltres|0 fnt\n|faint|p2a: Moltres\n|\n|upkeep\n|\n|t:|1700910596\n|switch|p2a: Alomomola|Alomomola, M|91\/100 psn\n|turn|46\n|\n|t:|1700910599\n|move|p2a: Alomomola|Wish|p2a: Alomomola\n|move|p1a: Slowking|Future Sight|p2a: Alomomola\n|-start|p1a: Slowking|move: Future Sight\n|\n|-damage|p2a: Alomomola|78\/100 psn|[from] psn\n|upkeep\n|turn|47\n|\n|t:|1700910608\n|move|p2a: Alomomola|Flip Turn|p1a: Slowking\n|-damage|p1a: Slowking|50\/100\n|\n|t:|1700910610\n|switch|p2a: Dragonite|Dragonite, M|89\/100|[from] Flip Turn\n|move|p1a: Slowking|Sludge Bomb|p2a: Dragonite\n|-damage|p2a: Dragonite|61\/100\n|-status|p2a: Dragonite|psn\n|\n|-heal|p2a: Dragonite|100\/100 psn|[from] move: Wish|[wisher] Alomomola\n|-damage|p2a: Dragonite|88\/100 psn|[from] psn\n|upkeep\n|turn|48\n|\n|t:|1700910622\n|switch|p2a: Ogerpon|Ogerpon-Wellspring, F|22\/100\n|switch|p1a: Heatran|Heatran, F|100\/100\n|\n|-end|p2a: Ogerpon|move: Future Sight\n|-crit|p2a: Ogerpon\n|-damage|p2a: Ogerpon|0 fnt\n|faint|p2a: Ogerpon\n|upkeep\n|\n|t:|1700910627\n|switch|p2a: Alomomola|Alomomola, M|100\/100 psn\n|turn|49\n|\n|t:|1700910631\n|switch|p1a: Slowking|Slowking-Galar, F|83\/100\n|move|p2a: Alomomola|Flip Turn|p1a: Slowking\n|-damage|p1a: Slowking|70\/100\n|\n|t:|1700910635\n|switch|p2a: Dragonite|Dragonite, M|88\/100 psn|[from] Flip Turn\n|\n|-heal|p2a: Dragonite|94\/100 psn|[from] item: Leftovers\n|-damage|p2a: Dragonite|82\/100 psn|[from] psn\n|upkeep\n|turn|50\n|\n|t:|1700910640\n|move|p2a: Dragonite|Curse|p2a: Dragonite\n|-unboost|p2a: Dragonite|spe|1\n|-boost|p2a: Dragonite|atk|1\n|-boost|p2a: Dragonite|def|1\n|move|p1a: Slowking|Chilly Reception|p1a: Slowking\n|-weather|Snow\n|\n|t:|1700910642\n|switch|p1a: Heatran|Heatran, F|100\/100|[from] Chilly Reception\n|\n|-weather|Snow|[upkeep]\n|-heal|p2a: Dragonite|88\/100 psn|[from] item: Leftovers\n|-damage|p2a: Dragonite|76\/100 psn|[from] psn\n|upkeep\n|turn|51\n|\n|t:|1700910646\n|move|p2a: Dragonite|Extreme Speed|p1a: Heatran\n|-resisted|p1a: Heatran\n|-damage|p1a: Heatran|80\/100\n|move|p1a: Heatran|Magma Storm|p2a: Dragonite\n|-resisted|p2a: Dragonite\n|-damage|p2a: Dragonite|56\/100 psn\n|-activate|p2a: Dragonite|move: Magma Storm|[of] p1a: Heatran\n|\n|-weather|Snow|[upkeep]\n|-heal|p1a: Heatran|86\/100|[from] item: Leftovers\n|-heal|p2a: Dragonite|62\/100 psn|[from] item: Leftovers\n|-damage|p2a: Dragonite|50\/100 psn|[from] psn\n|-damage|p2a: Dragonite|37\/100 psn|[from] move: Magma Storm|[partiallytrapped]\n|upkeep\n|turn|52\n|\n|t:|1700910650\n|move|p1a: Heatran|Taunt|p2a: Dragonite\n|-start|p2a: Dragonite|move: Taunt\n|cant|p2a: Dragonite|move: Taunt|Roost\n|\n|-weather|Snow|[upkeep]\n|-heal|p1a: Heatran|92\/100|[from] item: Leftovers\n|-heal|p2a: Dragonite|44\/100 psn|[from] item: Leftovers\n|-damage|p2a: Dragonite|31\/100 psn|[from] psn\n|-damage|p2a: Dragonite|19\/100 psn|[from] move: Magma Storm|[partiallytrapped]\n|upkeep\n|turn|53\n|\n|t:|1700910652\n|move|p2a: Dragonite|Extreme Speed|p1a: Heatran\n|-resisted|p1a: Heatran\n|-damage|p1a: Heatran|74\/100\n|move|p1a: Heatran|Earth Power|p2a: Dragonite\n|-immune|p2a: Dragonite\n|\n|-weather|Snow|[upkeep]\n|-heal|p1a: Heatran|81\/100|[from] item: Leftovers\n|-heal|p2a: Dragonite|25\/100 psn|[from] item: Leftovers\n|-damage|p2a: Dragonite|12\/100 psn|[from] psn\n|-damage|p2a: Dragonite|0 fnt|[from] move: Magma Storm|[partiallytrapped]\n|faint|p2a: Dragonite\n|upkeep\n|\n|t:|1700910656\n|switch|p2a: Alomomola|Alomomola, M|100\/100 psn\n|turn|54\n|\n|t:|1700910661\n|move|p1a: Heatran|Magma Storm|p2a: Alomomola\n|-resisted|p2a: Alomomola\n|-damage|p2a: Alomomola|75\/100 psn\n|-activate|p2a: Alomomola|move: Magma Storm|[of] p1a: Heatran\n|move|p2a: Alomomola|Flip Turn|p1a: Heatran\n|-supereffective|p1a: Heatran\n|-damage|p1a: Heatran|54\/100\n|\n|-weather|none\n|-heal|p1a: Heatran|60\/100|[from] item: Leftovers\n|-damage|p2a: Alomomola|62\/100 psn|[from] psn\n|-damage|p2a: Alomomola|50\/100 psn|[from] move: Magma Storm|[partiallytrapped]\n|upkeep\n|turn|55\n|\n|t:|1700910665\n|move|p1a: Heatran|Taunt|p2a: Alomomola\n|-start|p2a: Alomomola|move: Taunt\n|cant|p2a: Alomomola|move: Taunt|Wish\n|\n|-heal|p1a: Heatran|66\/100|[from] item: Leftovers\n|-damage|p2a: Alomomola|38\/100 psn|[from] psn\n|-damage|p2a: Alomomola|25\/100 psn|[from] move: Magma Storm|[partiallytrapped]\n|upkeep\n|turn|56\n|c|\u2606tensaiindustries|PIECE OF SHIT\n|-message|tensaiindustries forfeited.\n|\n|win|suib1anWanWan\n|raw|suib1anWanWan's rating: 1473 &rarr; <strong>1502<\/strong><br \/>(+29 for winning)\n|raw|tensaiindustries's rating: 1631 &rarr; <strong>1602<\/strong><br \/>(-29 for losing)\n|l|\u2606tensaiindustries\n","uploadtime":1700910670,"views":6,"p1id":"suib1anwanwan","p2id":"tensaiindustries","formatid":"gen9nationaldex","rating":1502,"private":0,"password":""}