{"id":"gen9nationaldex-1990788394","p1":"Dr 3 goney","p2":"xxxxSachi","format":"[Gen 9] National Dex","log":"|j|\u2606Dr 3 goney\n|j|\u2606xxxxSachi\n|t:|1700000919\n|gametype|singles\n|player|p1|Dr 3 goney|nate|1140\n|player|p2|xxxxSachi|nemona-s|1251\n|teamsize|p1|6\n|teamsize|p2|6\n|gen|9\n|tier|[Gen 9] National Dex\n|rated|\n|rule|HP Percentage Mod: HP is shown in percentages\n|rule|Endless Battle Clause: Forcing endless battles is banned\n|rule|OHKO Clause: OHKO moves are banned\n|rule|Evasion Clause: Evasion abilities, items, and moves are banned\n|rule|Evasion Abilities Clause: Evasion abilities are banned\n|rule|Evasion Items Clause: Evasion items are banned\n|rule|Evasion Moves Clause: Evasion moves are banned\n|rule|Species Clause: Limit one of each Pok\u00e9mon\n|rule|Sleep Clause Mod: Limit one foe put to sleep\n|clearpoke\n|poke|p1|Medicham, M|\n|poke|p1|Quagsire, M|\n|poke|p1|Purrloin, M|\n|poke|p1|Togekiss, M|\n|poke|p1|Klinklang|\n|poke|p1|Porygon-Z|\n|poke|p2|Charizard, M|\n|poke|p2|Alomomola, F|\n|poke|p2|Clodsire, F|\n|poke|p2|Corviknight, F|\n|poke|p2|Garganacl, F|\n|poke|p2|Urshifu-*, F|\n|teampreview\n|inactive|Battle timer is ON: inactive players will automatically lose when time's up. (requested by Dr 3 goney)\n|\n|t:|1700000934\n|start\n|switch|p1a: purrr|Purrloin, M, shiny|100\/100\n|switch|p2a: Urshifu|Urshifu-Rapid-Strike, F|100\/100\n|turn|1\n|\n|t:|1700000943\n|move|p1a: purrr|Swagger|p2a: Urshifu\n|-boost|p2a: Urshifu|atk|2\n|-start|p2a: Urshifu|confusion\n|-activate|p2a: Urshifu|confusion\n|move|p2a: Urshifu|Surging Strikes|p1a: purrr\n|-crit|p1a: purrr\n|-enditem|p1a: purrr|Focus Sash\n|-damage|p1a: purrr|1\/100\n|-crit|p1a: purrr\n|-damage|p1a: purrr|0 fnt\n|faint|p1a: purrr\n|-hitcount|p1: purrr|2\n|\n|upkeep\n|c|\u2606Dr 3 goney|your so rude to me\n|\n|t:|1700000962\n|switch|p1a: eee|Porygon-Z, shiny|100\/100\n|turn|2\n|\n|t:|1700000965\n|-activate|p2a: Urshifu|confusion\n|move|p2a: Urshifu|Surging Strikes|p1a: eee\n|-crit|p1a: eee\n|-damage|p1a: eee|54\/100\n|-crit|p1a: eee\n|-damage|p1a: eee|2\/100\n|-crit|p1a: eee\n|-damage|p1a: eee|0 fnt\n|faint|p1a: eee\n|-hitcount|p1: eee|3\n|\n|upkeep\n|\n|t:|1700000972\n|switch|p1a: esdg|Klinklang, shiny|100\/100\n|turn|3\n|c|\u2606Dr 3 goney|i dont deserve this\n|c|\u2606xxxxSachi|You on the other hand are kind for the attack boost\n|\n|t:|1700000992\n|-end|p2a: Urshifu|confusion\n|move|p2a: Urshifu|Surging Strikes|p1a: esdg\n|-crit|p1a: esdg\n|-damage|p1a: esdg|65\/100\n|-crit|p1a: esdg\n|-damage|p1a: esdg|29\/100\n|-crit|p1a: esdg\n|-damage|p1a: esdg|0 fnt\n|faint|p1a: esdg\n|-hitcount|p1: esdg|3\n|\n|upkeep\n|c|\u2606Dr 3 goney|NAH THIS BS\n|\n|t:|1700001002\n|switch|p1a: thickk|Medicham, M, shiny|100\/100\n|turn|4\n|c|\u2606xxxxSachi|Ty\n|c|\u2606xxxxSachi|All love\n|c|\u2606xxxxSachi|Just a game\n|c|\u2606Dr 3 goney|im breaking up with u\n|c|\u2606xxxxSachi|Dont need to get mad\n|inactive|xxxxSachi has 120 seconds left.\n|c|\u2606xxxxSachi|No baby please what about our child\n|\n|t:|1700001030\n|detailschange|p1a: thickk|Medicham-Mega, M, shiny\n|-mega|p1a: thickk|Medicham|Medichamite\n|move|p1a: thickk|Fake Out|p2a: Urshifu\n|-damage|p2a: Urshifu|76\/100\n|cant|p2a: Urshifu|flinch\n|\n|upkeep\n|turn|5\n|c|\u2606Dr 3 goney|didnt u cheat to make that monsted\n|c|\u2606Dr 3 goney|monster*\n|\n|t:|1700001048\n|move|p2a: Urshifu|Surging Strikes|p1a: thickk\n|-crit|p1a: thickk\n|-damage|p1a: thickk|43\/100\n|-crit|p1a: thickk\n|-damage|p1a: thickk|0 fnt\n|faint|p1a: thickk\n|-hitcount|p1: thickk|2\n|\n|upkeep\n|c|\u2606xxxxSachi|I would never\n|c|\u2606Dr 3 goney|WHY U SO FAST\n|\n|t:|1700001056\n|switch|p1a: gooseting|Togekiss, M, shiny|100\/100\n|turn|6\n|c|\u2606xxxxSachi|Choice scarf does go crazy\n|\n|t:|1700001071\n|move|p2a: Urshifu|Surging Strikes|p1a: gooseting\n|-crit|p1a: gooseting\n|-damage|p1a: gooseting|58\/100\n|-crit|p1a: gooseting\n|-damage|p1a: gooseting|13\/100\n|-crit|p1a: gooseting\n|-damage|p1a: gooseting|0 fnt\n|faint|p1a: gooseting\n|-hitcount|p1: gooseting|3\n|\n|upkeep\n|\n|t:|1700001074\n|switch|p1a: kingsire|Quagsire, M, shiny|100\/100\n|turn|7\n|c|\u2606Dr 3 goney|well\n|c|\u2606Dr 3 goney|i have water absorb\n|\n|t:|1700001087\n|move|p1a: kingsire|Protect|p1a: kingsire\n|-singleturn|p1a: kingsire|Protect\n|move|p2a: Urshifu|Surging Strikes|p1a: kingsire\n|-crit|p1a: kingsire\n|-damage|p1a: kingsire|83\/100\n|-crit|p1a: kingsire\n|-damage|p1a: kingsire|63\/100\n|-crit|p1a: kingsire\n|-damage|p1a: kingsire|44\/100\n|-hitcount|p1a: kingsire|3\n|\n|-heal|p1a: kingsire|50\/100|[from] item: Leftovers\n|upkeep\n|turn|8\n|c|\u2606Dr 3 goney|i lied.\n|c|\u2606xxxxSachi|Do ya now\n|c|\u2606Dr 3 goney|i forgoy\n|c|\u2606xxxxSachi|Buff po just built diffrent\n|\n|t:|1700001111\n|-terastallize|p1a: kingsire|Grass\n|move|p2a: Urshifu|Surging Strikes|p1a: kingsire\n|-resisted|p1a: kingsire\n|-crit|p1a: kingsire\n|-damage|p1a: kingsire|41\/100\n|-resisted|p1a: kingsire\n|-crit|p1a: kingsire\n|-damage|p1a: kingsire|31\/100\n|-resisted|p1a: kingsire\n|-crit|p1a: kingsire\n|-damage|p1a: kingsire|23\/100\n|-hitcount|p1a: kingsire|3\n|move|p1a: kingsire|Recover|p1a: kingsire\n|-heal|p1a: kingsire|73\/100\n|\n|-heal|p1a: kingsire|79\/100|[from] item: Leftovers\n|upkeep\n|turn|9\n|\n|t:|1700001122\n|switch|p2a: Alomomola|Alomomola, F|100\/100\n|move|p1a: kingsire|Recover|p1a: kingsire\n|-heal|p1a: kingsire|100\/100\n|\n|upkeep\n|turn|10\n|\n|t:|1700001126\n|move|p2a: Alomomola|Toxic|p1a: kingsire\n|-status|p1a: kingsire|tox\n|move|p1a: kingsire|Toxic|p2a: Alomomola\n|-status|p2a: Alomomola|tox\n|\n|-damage|p2a: Alomomola|94\/100 tox|[from] psn\n|-damage|p1a: kingsire|94\/100 tox|[from] psn\n|upkeep\n|turn|11\n|c|\u2606Dr 3 goney|im leaving u :<\n|\n|t:|1700001136\n|switch|p2a: Corviknight|Corviknight, F|100\/100\n|move|p1a: kingsire|Seismic Toss|p2a: Corviknight\n|-damage|p2a: Corviknight|75\/100\n|\n|-heal|p2a: Corviknight|82\/100|[from] item: Leftovers\n|-heal|p1a: kingsire|100\/100 tox|[from] item: Leftovers\n|-damage|p1a: kingsire|88\/100 tox|[from] psn\n|upkeep\n|turn|12\n|-message|Dr 3 goney forfeited.\n|\n|win|xxxxSachi\n|raw|Dr 3 goney's rating: 1140 &rarr; <strong>1123<\/strong><br \/>(-17 for losing)\n|raw|xxxxSachi's rating: 1251 &rarr; <strong>1268<\/strong><br \/>(+17 for winning)\n|l|\u2606Dr 3 goney\n","uploadtime":1700001151,"views":15,"p1id":"dr3goney","p2id":"xxxxsachi","formatid":"gen9nationaldex","rating":1123,"private":0,"password":""}