{"id":"gen9nationaldex-1998162260","p1":"llampis98","p2":"evenhot","format":"[Gen 9] National Dex","log":"|html|<div class=\"broadcast-blue\"><strong>[Gen 9] National Dex is currently suspecting Sneasler! For information on how to participate check out the <a href=\"https:\/\/www.smogon.com\/forums\/threads\/sv-national-dex-suspect-8-just-dance.3731534\/\">suspect thread<\/a>.<\/strong><\/div>\n|j|\u2606llampis98\n|j|\u2606evenhot\n|t:|1700903723\n|gametype|singles\n|player|p1|llampis98|aromalady|1460\n|player|p2|evenhot|irida|1572\n|teamsize|p1|6\n|teamsize|p2|6\n|gen|9\n|tier|[Gen 9] National Dex\n|rated|\n|rule|HP Percentage Mod: HP is shown in percentages\n|rule|Endless Battle Clause: Forcing endless battles is banned\n|rule|OHKO Clause: OHKO moves are banned\n|rule|Evasion Clause: Evasion abilities, items, and moves are banned\n|rule|Evasion Abilities Clause: Evasion abilities are banned\n|rule|Evasion Items Clause: Evasion items are banned\n|rule|Evasion Moves Clause: Evasion moves are banned\n|rule|Species Clause: Limit one of each Pok\u00e9mon\n|rule|Sleep Clause Mod: Limit one foe put to sleep\n|clearpoke\n|poke|p1|Florges, F|\n|poke|p1|Skeledirge, M|\n|poke|p1|Corviknight, M|\n|poke|p1|Hydreigon, F|\n|poke|p1|Lopunny, F|\n|poke|p1|Hawlucha, F|\n|poke|p2|Dragonite, F|\n|poke|p2|Diancie|\n|poke|p2|Clodsire, M|\n|poke|p2|Moltres|\n|poke|p2|Hoopa-Unbound|\n|poke|p2|Urshifu-*, M|\n|teampreview\n|inactive|Battle timer is ON: inactive players will automatically lose when time's up. (requested by evenhot)\n|\n|t:|1700903745\n|start\n|switch|p1a: Hawlucha|Hawlucha, F|100\/100\n|switch|p2a: Diancie|Diancie, shiny|100\/100\n|turn|1\n|inactive|llampis98 has 120 seconds left.\n|\n|t:|1700903785\n|move|p1a: Hawlucha|Swagger|p2a: Diancie\n|-boost|p2a: Diancie|atk|2\n|-enditem|p1a: Hawlucha|Mirror Herb\n|-boost|p1a: Hawlucha|atk|2|[from] item: Mirror Herb\n|-start|p2a: Diancie|confusion\n|-activate|p2a: Diancie|confusion\n|-damage|p2a: Diancie|81\/100|[from] confusion\n|\n|upkeep\n|turn|2\n|inactive|llampis98 has 120 seconds left.\n|\n|t:|1700903813\n|move|p1a: Hawlucha|Poison Jab|p2a: Diancie\n|-damage|p2a: Diancie|31\/100\n|-status|p2a: Diancie|psn\n|-activate|p2a: Diancie|confusion\n|move|p2a: Diancie|Moonblast|p1a: Hawlucha\n|-supereffective|p1a: Hawlucha\n|-damage|p1a: Hawlucha|0 fnt\n|faint|p1a: Hawlucha\n|\n|-damage|p2a: Diancie|18\/100 psn|[from] psn\n|upkeep\n|\n|t:|1700903824\n|switch|p1a: Lopunny|Lopunny, F|100\/100\n|turn|3\n|\n|t:|1700903831\n|detailschange|p1a: Lopunny|Lopunny-Mega, F\n|-mega|p1a: Lopunny|Lopunny|Lopunnite\n|move|p1a: Lopunny|Fake Out|p2a: Diancie\n|-resisted|p2a: Diancie\n|-damage|p2a: Diancie|7\/100 psn\n|cant|p2a: Diancie|flinch\n|\n|-damage|p2a: Diancie|0 fnt|[from] psn\n|faint|p2a: Diancie\n|upkeep\n|\n|t:|1700903846\n|switch|p2a: Moltres|Moltres, shiny|100\/100\n|turn|4\n|inactive|llampis98 has 120 seconds left.\n|\n|t:|1700903861\n|switch|p1a: Hydreigon|Hydreigon, F|100\/100\n|move|p2a: Moltres|U-turn|p1a: Hydreigon\n|-supereffective|p1a: Hydreigon\n|-damage|p1a: Hydreigon|68\/100\n|\n|t:|1700903868\n|switch|p2a: Clodsire|Clodsire, M|100\/100|[from] U-turn\n|\n|upkeep\n|turn|5\n|inactive|llampis98 has 120 seconds left.\n|\n|t:|1700903886\n|move|p1a: Hydreigon|Surf|p2a: Clodsire\n|-immune|p2a: Clodsire|[from] ability: Water Absorb\n|move|p2a: Clodsire|Spikes|p1a: Hydreigon\n|-sidestart|p1: llampis98|Spikes\n|\n|upkeep\n|turn|6\n|\n|t:|1700903892\n|switch|p1a: Corviknight|Corviknight, M|100\/100\n|move|p2a: Clodsire|Spikes|p1a: Corviknight\n|-sidestart|p1: llampis98|Spikes\n|\n|upkeep\n|turn|7\n|\n|t:|1700903899\n|switch|p2a: Moltres|Moltres, shiny|100\/100\n|move|p1a: Corviknight|Defog|p2a: Moltres\n|-unboost|p2a: Moltres|evasion|1\n|-sideend|p1: llampis98|Spikes|[from] move: Defog|[of] p1a: Corviknight\n|\n|upkeep\n|turn|8\n|\n|t:|1700903913\n|switch|p1a: Florges|Florges, F, shiny|100\/100\n|move|p2a: Moltres|U-turn|p1a: Florges\n|-resisted|p1a: Florges\n|-damage|p1a: Florges|91\/100\n|\n|t:|1700903926\n|switch|p2a: Clodsire|Clodsire, M|100\/100|[from] U-turn\n|\n|-heal|p1a: Florges|97\/100|[from] item: Leftovers\n|upkeep\n|turn|9\n|\n|t:|1700903934\n|switch|p1a: Corviknight|Corviknight, M|100\/100\n|move|p2a: Clodsire|Toxic|p1a: Corviknight\n|-immune|p1a: Corviknight\n|\n|upkeep\n|turn|10\n|\n|t:|1700903941\n|move|p1a: Corviknight|U-turn|p2a: Clodsire\n|-resisted|p2a: Clodsire\n|-damage|p2a: Clodsire|92\/100\n|\n|t:|1700903946\n|switch|p1a: Lopunny|Lopunny-Mega, F|100\/100|[from] U-turn\n|move|p2a: Clodsire|Spikes|p1a: Lopunny\n|-sidestart|p1: llampis98|Spikes\n|\n|-heal|p2a: Clodsire|99\/100|[from] item: Leftovers\n|upkeep\n|turn|11\n|\n|t:|1700903952\n|switch|p2a: Moltres|Moltres, shiny|100\/100\n|move|p1a: Lopunny|Fake Out|p2a: Moltres\n|-damage|p2a: Moltres|85\/100\n|\n|upkeep\n|turn|12\n|\n|t:|1700903963\n|switch|p1a: Skeledirge|Skeledirge, M|100\/100\n|-damage|p1a: Skeledirge|88\/100|[from] Spikes\n|move|p2a: Moltres|U-turn|p1a: Skeledirge\n|-resisted|p1a: Skeledirge\n|-damage|p1a: Skeledirge|86\/100\n|\n|t:|1700903979\n|switch|p2a: Clodsire|Clodsire, M|99\/100|[from] U-turn\n|\n|-heal|p1a: Skeledirge|92\/100|[from] item: Leftovers\n|-heal|p2a: Clodsire|100\/100|[from] item: Leftovers\n|upkeep\n|turn|13\n|\n|t:|1700903988\n|switch|p2a: Moltres|Moltres, shiny|85\/100\n|move|p1a: Skeledirge|Will-O-Wisp|p2a: Moltres\n|-immune|p2a: Moltres\n|\n|-heal|p1a: Skeledirge|98\/100|[from] item: Leftovers\n|upkeep\n|turn|14\n|\n|t:|1700904018\n|move|p2a: Moltres|U-turn|p1a: Skeledirge\n|-resisted|p1a: Skeledirge\n|-damage|p1a: Skeledirge|96\/100\n|\n|t:|1700904021\n|switch|p2a: Clodsire|Clodsire, M|100\/100|[from] U-turn\n|move|p1a: Skeledirge|Hex|p2a: Clodsire\n|-damage|p2a: Clodsire|88\/100\n|\n|-heal|p1a: Skeledirge|100\/100|[from] item: Leftovers\n|-heal|p2a: Clodsire|94\/100|[from] item: Leftovers\n|upkeep\n|turn|15\n|\n|t:|1700904028\n|switch|p1a: Corviknight|Corviknight, M|100\/100\n|move|p2a: Clodsire|Toxic|p1a: Corviknight\n|-immune|p1a: Corviknight\n|\n|-heal|p2a: Clodsire|100\/100|[from] item: Leftovers\n|upkeep\n|turn|16\n|\n|t:|1700904041\n|move|p1a: Corviknight|Defog|p2a: Clodsire\n|-unboost|p2a: Clodsire|evasion|1\n|-sideend|p1: llampis98|Spikes|[from] move: Defog|[of] p1a: Corviknight\n|move|p2a: Clodsire|Spikes|p1a: Corviknight\n|-sidestart|p1: llampis98|Spikes\n|\n|upkeep\n|turn|17\n|\n|t:|1700904051\n|move|p1a: Corviknight|Defog|p2a: Clodsire\n|-unboost|p2a: Clodsire|evasion|1\n|-sideend|p1: llampis98|Spikes|[from] move: Defog|[of] p1a: Corviknight\n|move|p2a: Clodsire|Toxic|p1a: Corviknight\n|-immune|p1a: Corviknight\n|\n|upkeep\n|turn|18\n|\n|t:|1700904055\n|move|p1a: Corviknight|U-turn|p2a: Clodsire\n|-resisted|p2a: Clodsire\n|-damage|p2a: Clodsire|93\/100\n|\n|t:|1700904059\n|switch|p1a: Hydreigon|Hydreigon, F|68\/100|[from] U-turn\n|move|p2a: Clodsire|Spikes|p1a: Hydreigon\n|-sidestart|p1: llampis98|Spikes\n|\n|-heal|p2a: Clodsire|99\/100|[from] item: Leftovers\n|upkeep\n|turn|19\n|\n|t:|1700904066\n|move|p1a: Hydreigon|Draco Meteor|p2a: Clodsire\n|-crit|p2a: Clodsire\n|-damage|p2a: Clodsire|21\/100\n|-unboost|p1a: Hydreigon|spa|2\n|move|p2a: Clodsire|Toxic|p1a: Hydreigon\n|-status|p1a: Hydreigon|tox\n|\n|-heal|p2a: Clodsire|27\/100|[from] item: Leftovers\n|-damage|p1a: Hydreigon|62\/100 tox|[from] psn\n|upkeep\n|turn|20\n|\n|t:|1700904087\n|switch|p2a: Hoopa|Hoopa-Unbound|100\/100\n|move|p1a: Hydreigon|Draco Meteor|p2a: Hoopa\n|-damage|p2a: Hoopa|57\/100\n|-unboost|p1a: Hydreigon|spa|2\n|\n|-damage|p1a: Hydreigon|49\/100 tox|[from] psn\n|upkeep\n|turn|21\n|\n|t:|1700904116\n|switch|p1a: Corviknight|Corviknight, M|100\/100\n|move|p2a: Hoopa|Hyperspace Fury|p1a: Corviknight\n|-damage|p1a: Corviknight|65\/100\n|-unboost|p2a: Hoopa|def|1\n|\n|upkeep\n|turn|22\n|\n|t:|1700904121\n|move|p2a: Hoopa|Hyperspace Fury|p1a: Corviknight\n|-damage|p1a: Corviknight|32\/100\n|-unboost|p2a: Hoopa|def|1\n|move|p1a: Corviknight|Defog|p2a: Hoopa\n|-unboost|p2a: Hoopa|evasion|1\n|-sideend|p1: llampis98|Spikes|[from] move: Defog|[of] p1a: Corviknight\n|\n|upkeep\n|turn|23\n|\n|t:|1700904130\n|move|p2a: Hoopa|Hyperspace Fury|p1a: Corviknight\n|-damage|p1a: Corviknight|0 fnt\n|-unboost|p2a: Hoopa|def|1\n|faint|p1a: Corviknight\n|\n|upkeep\n|\n|t:|1700904136\n|switch|p1a: Lopunny|Lopunny-Mega, F|100\/100\n|turn|24\n|\n|t:|1700904140\n|switch|p2a: Moltres|Moltres, shiny|85\/100\n|move|p1a: Lopunny|Return|p2a: Moltres\n|-damage|p2a: Moltres|49\/100\n|\n|upkeep\n|turn|25\n|\n|t:|1700904147\n|move|p1a: Lopunny|Return|p2a: Moltres\n|-crit|p2a: Moltres\n|-damage|p2a: Moltres|0 fnt\n|faint|p2a: Moltres\n|\n|upkeep\n|inactive|evenhot has 120 seconds left.\n|\n|t:|1700904180\n|switch|p2a: Hoopa|Hoopa-Unbound|57\/100\n|turn|26\n|\n|t:|1700904182\n|move|p2a: Hoopa|Drain Punch|p1a: Lopunny\n|-supereffective|p1a: Lopunny\n|-damage|p1a: Lopunny|15\/100\n|-heal|p2a: Hoopa|96\/100|[from] drain|[of] p1a: Lopunny\n|move|p1a: Lopunny|U-turn|p2a: Hoopa\n|-supereffective|p2a: Hoopa\n|-damage|p2a: Hoopa|0 fnt\n|faint|p2a: Hoopa\n|c|\u2606llampis98|this is actually crazy\n|\n|t:|1700904198\n|switch|p1a: Hydreigon|Hydreigon, F|49\/100 tox|[from] U-turn\n|\n|-damage|p1a: Hydreigon|43\/100 tox|[from] psn\n|upkeep\n|\n|t:|1700904206\n|switch|p2a: Dragonite|Dragonite, F|100\/100\n|turn|27\n|\n|t:|1700904210\n|move|p2a: Dragonite|Extreme Speed|p1a: Hydreigon\n|-damage|p1a: Hydreigon|7\/100 tox\n|move|p1a: Hydreigon|Draco Meteor|p2a: Dragonite\n|-supereffective|p2a: Dragonite\n|-damage|p2a: Dragonite|1\/100\n|-unboost|p1a: Hydreigon|spa|2\n|\n|-damage|p1a: Hydreigon|0 fnt|[from] psn\n|faint|p1a: Hydreigon\n|upkeep\n|\n|t:|1700904213\n|switch|p1a: Lopunny|Lopunny-Mega, F|15\/100\n|turn|28\n|\n|t:|1700904228\n|move|p1a: Lopunny|Fake Out|p2a: Dragonite\n|-damage|p2a: Dragonite|0 fnt\n|faint|p2a: Dragonite\n|\n|upkeep\n|\n|t:|1700904232\n|switch|p2a: Urshifu|Urshifu-Rapid-Strike, M|100\/100\n|turn|29\n|\n|t:|1700904243\n|switch|p1a: Florges|Florges, F, shiny|97\/100\n|move|p2a: Urshifu|Swords Dance|p2a: Urshifu\n|-boost|p2a: Urshifu|atk|2\n|\n|-heal|p1a: Florges|100\/100|[from] item: Leftovers\n|upkeep\n|turn|30\n|\n|t:|1700904251\n|-terastallize|p2a: Urshifu|Water\n|move|p2a: Urshifu|Surging Strikes|p1a: Florges\n|-crit|p1a: Florges\n|-damage|p1a: Florges|30\/100\n|-crit|p1a: Florges\n|-damage|p1a: Florges|0 fnt\n|faint|p1a: Florges\n|-hitcount|p1: Florges|2\n|\n|upkeep\n|\n|t:|1700904255\n|switch|p1a: Skeledirge|Skeledirge, M|100\/100\n|turn|31\n|\n|t:|1700904258\n|switch|p2a: Clodsire|Clodsire, M|27\/100\n|-terastallize|p1a: Skeledirge|Grass\n|move|p1a: Skeledirge|Will-O-Wisp|p2a: Clodsire|[miss]\n|-miss|p1a: Skeledirge|p2a: Clodsire\n|\n|-heal|p2a: Clodsire|34\/100|[from] item: Leftovers\n|upkeep\n|turn|32\n|\n|t:|1700904262\n|move|p1a: Skeledirge|Will-O-Wisp|p2a: Clodsire\n|-status|p2a: Clodsire|brn\n|move|p2a: Clodsire|Recover|p2a: Clodsire\n|-heal|p2a: Clodsire|84\/100 brn\n|\n|-heal|p2a: Clodsire|90\/100 brn|[from] item: Leftovers\n|-damage|p2a: Clodsire|84\/100 brn|[from] brn\n|upkeep\n|turn|33\n|\n|t:|1700904266\n|move|p1a: Skeledirge|Torch Song|p2a: Clodsire\n|-damage|p2a: Clodsire|67\/100 brn\n|-boost|p1a: Skeledirge|spa|1\n|move|p2a: Clodsire|Toxic|p1a: Skeledirge\n|-status|p1a: Skeledirge|tox\n|\n|-heal|p2a: Clodsire|74\/100 brn|[from] item: Leftovers\n|-damage|p1a: Skeledirge|94\/100 tox|[from] psn\n|-damage|p2a: Clodsire|67\/100 brn|[from] brn\n|upkeep\n|turn|34\n|\n|t:|1700904271\n|move|p1a: Skeledirge|Torch Song|p2a: Clodsire\n|-damage|p2a: Clodsire|42\/100 brn\n|-boost|p1a: Skeledirge|spa|1\n|move|p2a: Clodsire|Spikes|p1a: Skeledirge\n|-sidestart|p1: llampis98|Spikes\n|\n|-heal|p1a: Skeledirge|100\/100 tox|[from] item: Leftovers\n|-heal|p2a: Clodsire|48\/100 brn|[from] item: Leftovers\n|-damage|p1a: Skeledirge|88\/100 tox|[from] psn\n|-damage|p2a: Clodsire|42\/100 brn|[from] brn\n|upkeep\n|turn|35\n|\n|t:|1700904275\n|move|p1a: Skeledirge|Hex|p2a: Clodsire\n|-damage|p2a: Clodsire|0 fnt\n|faint|p2a: Clodsire\n|\n|-heal|p1a: Skeledirge|94\/100 tox|[from] item: Leftovers\n|-damage|p1a: Skeledirge|76\/100 tox|[from] psn\n|upkeep\n|\n|t:|1700904282\n|switch|p2a: Urshifu|Urshifu-Rapid-Strike, M, tera:Water|100\/100\n|turn|36\n|\n|t:|1700904285\n|switch|p1a: Lopunny|Lopunny-Mega, F|15\/100\n|-damage|p1a: Lopunny|3\/100|[from] Spikes\n|move|p2a: Urshifu|Close Combat|p1a: Lopunny\n|-supereffective|p1a: Lopunny\n|-damage|p1a: Lopunny|0 fnt\n|-unboost|p2a: Urshifu|def|1\n|-unboost|p2a: Urshifu|spd|1\n|faint|p1a: Lopunny\n|\n|upkeep\n|\n|t:|1700904288\n|switch|p1a: Skeledirge|Skeledirge, M, tera:Grass|76\/100 tox\n|-damage|p1a: Skeledirge|64\/100 tox|[from] Spikes\n|turn|37\n|\n|t:|1700904296\n|move|p2a: Urshifu|Close Combat|p1a: Skeledirge\n|-damage|p1a: Skeledirge|24\/100 tox\n|-unboost|p2a: Urshifu|def|1\n|-unboost|p2a: Urshifu|spd|1\n|move|p1a: Skeledirge|Will-O-Wisp|p2a: Urshifu\n|-status|p2a: Urshifu|brn\n|\n|-heal|p1a: Skeledirge|30\/100 tox|[from] item: Leftovers\n|-damage|p1a: Skeledirge|24\/100 tox|[from] psn\n|-damage|p2a: Urshifu|94\/100 brn|[from] brn\n|upkeep\n|turn|38\n|\n|t:|1700904299\n|move|p2a: Urshifu|Close Combat|p1a: Skeledirge\n|-damage|p1a: Skeledirge|6\/100 tox\n|-unboost|p2a: Urshifu|def|1\n|-unboost|p2a: Urshifu|spd|1\n|move|p1a: Skeledirge|Hex|p2a: Urshifu\n|-damage|p2a: Urshifu|17\/100 brn\n|\n|-heal|p1a: Skeledirge|12\/100 tox|[from] item: Leftovers\n|-damage|p1a: Skeledirge|0 fnt|[from] psn\n|faint|p1a: Skeledirge\n|\n|win|evenhot\n|upkeep\n|raw|llampis98's rating: 1460 &rarr; <strong>1446<\/strong><br \/>(-14 for losing)\n|raw|evenhot's rating: 1572 &rarr; <strong>1586<\/strong><br \/>(+14 for winning)\n|c|\u2606llampis98|damn\n|c|\u2606llampis98|gg\n|c|\u2606evenhot|gg\n|c|\u2606llampis98|that was close xd\n","uploadtime":1700904327,"views":12,"p1id":"llampis98","p2id":"evenhot","formatid":"gen9nationaldex","rating":1446,"private":0,"password":""}