{"id":"gen9nationaldex-1999071387","p1":"MarcusTalks","p2":"X-Scizor","format":"[Gen 9] National Dex","log":"|html|<div class=\"broadcast-blue\"><strong>[Gen 9] National Dex is currently suspecting Sneasler! For information on how to participate check out the <a href=\"https:\/\/www.smogon.com\/forums\/threads\/sv-national-dex-suspect-8-just-dance.3731534\/\">suspect thread<\/a>.<\/strong><\/div>\n|j|\u2606MarcusTalks\n|j|\u2606X-Scizor\n|t:|1701030092\n|gametype|singles\n|player|p1|MarcusTalks|steven|\n|player|p2|X-Scizor|ash-kalos|\n|teamsize|p1|6\n|teamsize|p2|6\n|gen|9\n|tier|[Gen 9] National Dex\n|rule|HP Percentage Mod: HP is shown in percentages\n|rule|Endless Battle Clause: Forcing endless battles is banned\n|rule|OHKO Clause: OHKO moves are banned\n|rule|Evasion Clause: Evasion abilities, items, and moves are banned\n|rule|Evasion Abilities Clause: Evasion abilities are banned\n|rule|Evasion Items Clause: Evasion items are banned\n|rule|Evasion Moves Clause: Evasion moves are banned\n|rule|Species Clause: Limit one of each Pok\u00e9mon\n|rule|Sleep Clause Mod: Limit one foe put to sleep\n|clearpoke\n|poke|p1|Aegislash, M|\n|poke|p1|Ceruledge, M|\n|poke|p1|Sinistcha-Masterpiece|\n|poke|p1|Cofagrigus, M|\n|poke|p1|Rotom|\n|poke|p1|Lopunny, F|\n|poke|p2|Salamence, F|\n|poke|p2|Gyarados, M|\n|poke|p2|Duraludon, F|\n|poke|p2|Turtonator, F|\n|poke|p2|Hydreigon, F|\n|poke|p2|Ampharos, M|\n|teampreview\n|c|\u2606X-Scizor|good luck have fun :>\n|\n|t:|1701030133\n|start\n|switch|p1a: Cofagrigus|Cofagrigus, M|100\/100\n|switch|p2a: Duraludon|Duraludon, F|100\/100\n|turn|1\n|\n|t:|1701030139\n|move|p2a: Duraludon|Stealth Rock|p1a: Cofagrigus\n|-sidestart|p1: MarcusTalks|move: Stealth Rock\n|move|p1a: Cofagrigus|Knock Off|p2a: Duraludon\n|-damage|p2a: Duraludon|85\/100\n|-enditem|p2a: Duraludon|Eject Pack|[from] move: Knock Off|[of] p1a: Cofagrigus\n|\n|upkeep\n|turn|2\n|\n|t:|1701030146\n|move|p2a: Duraludon|Flash Cannon|p1a: Cofagrigus\n|-damage|p1a: Cofagrigus|57\/100\n|move|p1a: Cofagrigus|Substitute|p1a: Cofagrigus\n|-start|p1a: Cofagrigus|Substitute\n|-damage|p1a: Cofagrigus|32\/100\n|\n|-heal|p1a: Cofagrigus|38\/100|[from] item: Leftovers\n|upkeep\n|turn|3\n|\n|t:|1701030156\n|move|p2a: Duraludon|Flash Cannon|p1a: Cofagrigus\n|-end|p1a: Cofagrigus|Substitute\n|move|p1a: Cofagrigus|Pain Split|p2a: Duraludon\n|-sethp|p2a: Duraludon|64\/100|[from] move: Pain Split|[silent]\n|-sethp|p1a: Cofagrigus|56\/100|[from] move: Pain Split\n|\n|-heal|p1a: Cofagrigus|62\/100|[from] item: Leftovers\n|upkeep\n|turn|4\n|\n|t:|1701030169\n|move|p2a: Duraludon|Flash Cannon|p1a: Cofagrigus\n|-damage|p1a: Cofagrigus|25\/100\n|move|p1a: Cofagrigus|Toxic Spikes|p2a: Duraludon\n|-sidestart|p2: X-Scizor|move: Toxic Spikes\n|\n|-heal|p1a: Cofagrigus|31\/100|[from] item: Leftovers\n|upkeep\n|turn|5\n|\n|t:|1701030184\n|move|p2a: Duraludon|Flash Cannon|p1a: Cofagrigus\n|-damage|p1a: Cofagrigus|0 fnt\n|faint|p1a: Cofagrigus\n|\n|upkeep\n|\n|t:|1701030190\n|switch|p1a: Aegislash|Aegislash, M, shiny|100\/100\n|-damage|p1a: Aegislash|94\/100|[from] Stealth Rock\n|turn|6\n|\n|t:|1701030207\n|switch|p2a: Turtonator|Turtonator, F|100\/100\n|-formechange|p1a: Aegislash|Aegislash-Blade||[from] ability: Stance Change\n|move|p1a: Aegislash|Sacred Sword|p2a: Turtonator\n|-damage|p2a: Turtonator|79\/100\n|\n|-heal|p1a: Aegislash|100\/100|[from] item: Leftovers\n|upkeep\n|turn|7\n|\n|t:|1701030222\n|move|p1a: Aegislash|Shadow Ball|p2a: Turtonator\n|-damage|p2a: Turtonator|47\/100\n|move|p2a: Turtonator|Rapid Spin|p1a: Aegislash\n|-immune|p1a: Aegislash\n|\n|upkeep\n|turn|8\n|\n|t:|1701030231\n|-formechange|p1a: Aegislash|Aegislash||[from] ability: Stance Change\n|move|p1a: Aegislash|King's Shield|p1a: Aegislash\n|-singleturn|p1a: Aegislash|Protect\n|move|p2a: Turtonator|Will-O-Wisp|p1a: Aegislash\n|-status|p1a: Aegislash|brn\n|\n|-damage|p1a: Aegislash|94\/100 brn|[from] brn\n|upkeep\n|turn|9\n|\n|t:|1701030243\n|-formechange|p1a: Aegislash|Aegislash-Blade||[from] ability: Stance Change\n|move|p1a: Aegislash|Shadow Ball|p2a: Turtonator\n|-damage|p2a: Turtonator|17\/100\n|-unboost|p2a: Turtonator|spd|1\n|move|p2a: Turtonator|Overheat|p1a: Aegislash\n|-supereffective|p1a: Aegislash\n|-damage|p1a: Aegislash|5\/100 brn\n|-unboost|p2a: Turtonator|spa|2\n|\n|-heal|p1a: Aegislash|11\/100 brn|[from] item: Leftovers\n|-damage|p1a: Aegislash|5\/100 brn|[from] brn\n|upkeep\n|turn|10\n|\n|t:|1701030266\n|move|p1a: Aegislash|Shadow Ball|p2a: Turtonator\n|-damage|p2a: Turtonator|0 fnt\n|faint|p2a: Turtonator\n|\n|-heal|p1a: Aegislash|11\/100 brn|[from] item: Leftovers\n|-damage|p1a: Aegislash|5\/100 brn|[from] brn\n|upkeep\n|\n|t:|1701030290\n|switch|p2a: Gyarados|Gyarados, M|100\/100\n|-ability|p2a: Gyarados|Intimidate|boost\n|-unboost|p1a: Aegislash|atk|1\n|turn|11\n|\n|t:|1701030297\n|move|p2a: Gyarados|Crunch|p1a: Aegislash\n|-supereffective|p1a: Aegislash\n|-damage|p1a: Aegislash|0 fnt\n|faint|p1a: Aegislash\n|\n|upkeep\n|\n|t:|1701030306\n|switch|p1a: Lopunny|Lopunny, F, shiny|100\/100\n|-damage|p1a: Lopunny|88\/100|[from] Stealth Rock\n|turn|12\n|\n|t:|1701030311\n|detailschange|p1a: Lopunny|Lopunny-Mega, F, shiny\n|-mega|p1a: Lopunny|Lopunny|Lopunnite\n|move|p1a: Lopunny|Fake Out|p2a: Gyarados\n|-damage|p2a: Gyarados|85\/100\n|cant|p2a: Gyarados|flinch\n|\n|-heal|p2a: Gyarados|91\/100|[from] item: Leftovers\n|upkeep\n|turn|13\n|\n|t:|1701030323\n|move|p1a: Lopunny|Return|p2a: Gyarados\n|-damage|p2a: Gyarados|51\/100\n|move|p2a: Gyarados|Thunder Wave|p1a: Lopunny\n|-status|p1a: Lopunny|par\n|\n|-heal|p2a: Gyarados|57\/100|[from] item: Leftovers\n|upkeep\n|turn|14\n|\n|t:|1701030335\n|switch|p1a: Rotom|Rotom, shiny|100\/100\n|-damage|p1a: Rotom|88\/100|[from] Stealth Rock\n|move|p2a: Gyarados|Waterfall|p1a: Rotom\n|-damage|p1a: Rotom|33\/100\n|\n|-heal|p2a: Gyarados|63\/100|[from] item: Leftovers\n|upkeep\n|turn|15\n|\n|t:|1701030352\n|switch|p2a: Ampharos|Ampharos, M|100\/100\n|-status|p2a: Ampharos|psn\n|-zpower|p1a: Rotom\n|move|p1a: Rotom|Z-Defog|p2a: Ampharos|[anim]Defog\n|-boost|p1a: Rotom|accuracy|1|[zeffect]\n|-unboost|p2a: Ampharos|evasion|1\n|-sideend|p2: X-Scizor|Toxic Spikes|[from] move: Defog|[of] p1a: Rotom\n|-sideend|p1: MarcusTalks|Stealth Rock|[from] move: Defog|[of] p1a: Rotom\n|\n|-damage|p2a: Ampharos|88\/100 psn|[from] psn\n|upkeep\n|turn|16\n|\n|t:|1701030369\n|detailschange|p2a: Ampharos|Ampharos-Mega, M\n|-mega|p2a: Ampharos|Ampharos|Ampharosite\n|-ability|p2a: Ampharos|Mold Breaker\n|move|p1a: Rotom|Foul Play|p2a: Ampharos\n|-damage|p2a: Ampharos|70\/100 psn\n|move|p2a: Ampharos|Volt Switch|p1a: Rotom\n|-resisted|p1a: Rotom\n|-damage|p1a: Rotom|0 fnt\n|faint|p1a: Rotom\n|\n|t:|1701030390\n|switch|p2a: Salamence|Salamence, F|100\/100|[from] Volt Switch\n|\n|upkeep\n|\n|t:|1701030395\n|switch|p1a: Lopunny|Lopunny-Mega, F, shiny|88\/100 par\n|turn|17\n|\n|t:|1701030404\n|-terastallize|p2a: Salamence|Flying\n|move|p1a: Lopunny|Fake Out|p2a: Salamence\n|-damage|p2a: Salamence|72\/100\n|cant|p2a: Salamence|flinch\n|\n|upkeep\n|turn|18\n|\n|t:|1701030412\n|move|p2a: Salamence|Dual Wingbeat|p1a: Lopunny\n|-supereffective|p1a: Lopunny\n|-damage|p1a: Lopunny|15\/100 par\n|-supereffective|p1a: Lopunny\n|-damage|p1a: Lopunny|0 fnt\n|faint|p1a: Lopunny\n|-ability|p2a: Salamence|Moxie|boost\n|-boost|p2a: Salamence|atk|1\n|-hitcount|p1: Lopunny|2\n|\n|upkeep\n|\n|t:|1701030425\n|switch|p1a: Sinistcha|Sinistcha-Masterpiece, shiny|100\/100\n|turn|19\n|c|\u2606MarcusTalks|Gg\n|c|\u2606X-Scizor|ggs\n|\n|t:|1701030448\n|move|p2a: Salamence|Dual Wingbeat|p1a: Sinistcha\n|-supereffective|p1a: Sinistcha\n|-damage|p1a: Sinistcha|27\/100\n|-supereffective|p1a: Sinistcha\n|-damage|p1a: Sinistcha|0 fnt\n|faint|p1a: Sinistcha\n|-ability|p2a: Salamence|Moxie|boost\n|-boost|p2a: Salamence|atk|1\n|-hitcount|p1: Sinistcha|2\n|\n|upkeep\n|c|\u2606X-Scizor|good job salamence :>\n|\n|t:|1701030456\n|switch|p1a: Ceruledge|Ceruledge, M|100\/100\n|turn|20\n|\n|t:|1701030460\n|move|p2a: Salamence|Dual Wingbeat|p1a: Ceruledge\n|-damage|p1a: Ceruledge|19\/100\n|-ability|p1a: Ceruledge|Weak Armor|boost\n|-unboost|p1a: Ceruledge|def|1\n|-boost|p1a: Ceruledge|spe|2\n|-damage|p1a: Ceruledge|0 fnt\n|faint|p1a: Ceruledge\n|-hitcount|p1: Ceruledge|2\n|\n|win|X-Scizor\n","uploadtime":1701030470,"views":8,"p1id":"marcustalks","p2id":"xscizor","formatid":"gen9nationaldex","rating":0,"private":0,"password":""}