{"id":"gen9nationaldex-1998024055","p1":"soupplate","p2":"Zach LaVenusaur","format":"[Gen 9] National Dex","log":"|html|<div class=\"broadcast-blue\"><strong>[Gen 9] National Dex is currently suspecting Sneasler! For information on how to participate check out the <a href=\"https:\/\/www.smogon.com\/forums\/threads\/sv-national-dex-suspect-8-just-dance.3731534\/\">suspect thread<\/a>.<\/strong><\/div>\n|j|\u2606soupplate\n|j|\u2606Zach LaVenusaur\n|t:|1700880333\n|gametype|singles\n|player|p1|soupplate|2|\n|player|p2|Zach LaVenusaur|linebacker|\n|teamsize|p1|6\n|teamsize|p2|6\n|gen|9\n|tier|[Gen 9] National Dex\n|rule|HP Percentage Mod: HP is shown in percentages\n|rule|Endless Battle Clause: Forcing endless battles is banned\n|rule|OHKO Clause: OHKO moves are banned\n|rule|Evasion Clause: Evasion abilities, items, and moves are banned\n|rule|Evasion Abilities Clause: Evasion abilities are banned\n|rule|Evasion Items Clause: Evasion items are banned\n|rule|Evasion Moves Clause: Evasion moves are banned\n|rule|Species Clause: Limit one of each Pok\u00e9mon\n|rule|Sleep Clause Mod: Limit one foe put to sleep\n|clearpoke\n|poke|p1|Primarina, M|\n|poke|p1|Mawile, M|\n|poke|p1|Great Tusk|\n|poke|p1|Samurott-Hisui, M|\n|poke|p1|Armarouge, F|\n|poke|p1|Polteageist|\n|poke|p2|Medicham, M|\n|poke|p2|Ribombee, M|\n|poke|p2|Comfey, M|\n|poke|p2|Swampert, F|\n|poke|p2|Iron Treads|\n|poke|p2|Snorlax, F|\n|teampreview\n|inactive|Battle timer is ON: inactive players will automatically lose when time's up. (requested by Zach LaVenusaur)\n|inactiveoff|Battle timer is now OFF.\n|c|\u2606Zach LaVenusaur|Thanks for sending\n|c|\u2606soupplate|sure thing\n|c|\u2606soupplate|ill maybe give it like 60 seconds for people to start spectating?\n|j| jaynay121\n|c|\u2606Zach LaVenusaur|moving forward can we play in ND Ubers? I have Gholden and even though I didn't bring it in this game, I don't want to reveal team inadvertently by changing it on the spot\n|c|\u2606Zach LaVenusaur|and yeah sounds good\n|c|\u2606soupplate|yes! definitely,\n|c|\u2606Zach LaVenusaur|ty ty\n|c|\u2606Zach LaVenusaur|alright let's run it\n|c|\u2606soupplate|kk I think we're probs good to start\n|c|\u2606soupplate|yea\n|\n|t:|1700880522\n|start\n|switch|p1a: Shakira Slayer|Samurott-Hisui, M|100\/100\n|switch|p2a: Iron Treads|Iron Treads|100\/100\n|turn|1\n|\n|t:|1700880554\n|move|p2a: Iron Treads|Body Press|p1a: Shakira Slayer\n|-supereffective|p1a: Shakira Slayer\n|-damage|p1a: Shakira Slayer|28\/100\n|move|p1a: Shakira Slayer|Ceaseless Edge|p2a: Iron Treads\n|-damage|p2a: Iron Treads|73\/100\n|-sidestart|p2: Zach LaVenusaur|Spikes\n|\n|-heal|p2a: Iron Treads|79\/100|[from] item: Leftovers\n|upkeep\n|turn|2\n|\n|t:|1700880585\n|switch|p1a: Mrs. Potts|Polteageist|100\/100\n|move|p2a: Iron Treads|Volt Switch|p1a: Mrs. Potts\n|-damage|p1a: Mrs. Potts|85\/100\n|\n|t:|1700880610\n|-end|p2a: Iron Treads|Quark Drive|[silent]\n|switch|p2a: Snorlax|Snorlax, F|100\/100|[from] Volt Switch\n|-damage|p2a: Snorlax|88\/100|[from] Spikes\n|\n|-heal|p2a: Snorlax|94\/100|[from] item: Leftovers\n|upkeep\n|turn|3\n|\n|t:|1700880631\n|move|p1a: Mrs. Potts|Shell Smash|p1a: Mrs. Potts\n|-unboost|p1a: Mrs. Potts|def|1\n|-unboost|p1a: Mrs. Potts|spd|1\n|-boost|p1a: Mrs. Potts|atk|2\n|-boost|p1a: Mrs. Potts|spa|2\n|-boost|p1a: Mrs. Potts|spe|2\n|move|p2a: Snorlax|Whirlwind|p1a: Mrs. Potts\n|drag|p1a: Manny|Great Tusk|100\/100\n|-enditem|p1a: Manny|Booster Energy\n|-activate|p1a: Manny|ability: Protosynthesis|[fromitem]\n|-start|p1a: Manny|protosynthesisatk\n|\n|-heal|p2a: Snorlax|99\/100|[from] item: Leftovers\n|upkeep\n|turn|4\n|\n|t:|1700880652\n|switch|p2a: Ribombee|Ribombee, M|100\/100\n|move|p1a: Manny|Close Combat|p2a: Ribombee\n|-resisted|p2a: Ribombee\n|-damage|p2a: Ribombee|60\/100\n|-unboost|p1a: Manny|def|1\n|-unboost|p1a: Manny|spd|1\n|\n|upkeep\n|turn|5\n|\n|t:|1700880673\n|-end|p1a: Manny|Protosynthesis|[silent]\n|switch|p1a: Devin Booker|Armarouge, F|100\/100\n|move|p2a: Ribombee|Moonblast|p1a: Devin Booker\n|-resisted|p1a: Devin Booker\n|-damage|p1a: Devin Booker|70\/100\n|\n|upkeep\n|turn|6\n|\n|t:|1700880693\n|switch|p2a: Swampert|Swampert, F|100\/100\n|-damage|p2a: Swampert|88\/100|[from] Spikes\n|move|p1a: Devin Booker|Psyshock|p2a: Swampert\n|-crit|p2a: Swampert\n|-damage|p2a: Swampert|5\/100\n|\n|upkeep\n|turn|7\n|c|\u2606Zach LaVenusaur|oof\n|\n|t:|1700880702\n|move|p1a: Devin Booker|Psyshock|p2a: Swampert\n|-damage|p2a: Swampert|0 fnt\n|faint|p2a: Swampert\n|\n|upkeep\n|\n|t:|1700880709\n|switch|p2a: Iron Treads|Iron Treads|79\/100\n|-damage|p2a: Iron Treads|67\/100|[from] Spikes\n|turn|8\n|\n|t:|1700880739\n|switch|p1a: Shakira Slayer|Samurott-Hisui, M|28\/100\n|move|p2a: Iron Treads|Rapid Spin|p1a: Shakira Slayer\n|-damage|p1a: Shakira Slayer|13\/100\n|-boost|p2a: Iron Treads|spe|1\n|-sideend|p2: Zach LaVenusaur|Spikes|[from] move: Rapid Spin|[of] p2a: Iron Treads\n|\n|-heal|p2a: Iron Treads|73\/100|[from] item: Leftovers\n|upkeep\n|turn|9\n|\n|t:|1700880754\n|move|p2a: Iron Treads|Body Press|p1a: Shakira Slayer\n|-supereffective|p1a: Shakira Slayer\n|-damage|p1a: Shakira Slayer|0 fnt\n|faint|p1a: Shakira Slayer\n|\n|-heal|p2a: Iron Treads|79\/100|[from] item: Leftovers\n|upkeep\n|\n|t:|1700880763\n|switch|p1a: Manny|Great Tusk|100\/100\n|turn|10\n|\n|t:|1700880770\n|move|p2a: Iron Treads|Stealth Rock|p1a: Manny\n|-sidestart|p1: soupplate|move: Stealth Rock\n|move|p1a: Manny|Headlong Rush|p2a: Iron Treads\n|-supereffective|p2a: Iron Treads\n|-damage|p2a: Iron Treads|0 fnt\n|-unboost|p1a: Manny|def|1\n|-unboost|p1a: Manny|spd|1\n|faint|p2a: Iron Treads\n|-end|p2a: Iron Treads|Quark Drive|[silent]\n|\n|upkeep\n|\n|t:|1700880778\n|switch|p2a: Ribombee|Ribombee, M|60\/100\n|turn|11\n|\n|t:|1700880782\n|-end|p1a: Manny|Protosynthesis|[silent]\n|switch|p1a: Bowie|Primarina, M|100\/100\n|-damage|p1a: Bowie|88\/100|[from] Stealth Rock\n|move|p2a: Ribombee|Moonblast|p1a: Bowie\n|-damage|p1a: Bowie|42\/100\n|\n|upkeep\n|turn|12\n|\n|t:|1700880797\n|switch|p1a: Devin Booker|Armarouge, F|70\/100\n|-damage|p1a: Devin Booker|46\/100|[from] Stealth Rock\n|move|p2a: Ribombee|Moonblast|p1a: Devin Booker\n|-resisted|p1a: Devin Booker\n|-damage|p1a: Devin Booker|19\/100\n|\n|upkeep\n|turn|13\n|\n|t:|1700880805\n|move|p2a: Ribombee|Moonblast|p1a: Devin Booker\n|-resisted|p1a: Devin Booker\n|-damage|p1a: Devin Booker|0 fnt\n|faint|p1a: Devin Booker\n|\n|upkeep\n|\n|t:|1700880810\n|switch|p1a: Manny|Great Tusk|100\/100\n|-damage|p1a: Manny|98\/100|[from] Stealth Rock\n|turn|14\n|\n|t:|1700880813\n|move|p2a: Ribombee|Moonblast|p1a: Manny\n|-supereffective|p1a: Manny\n|-crit|p1a: Manny\n|-damage|p1a: Manny|0 fnt\n|faint|p1a: Manny\n|-end|p1a: Manny|Protosynthesis|[silent]\n|\n|upkeep\n|\n|t:|1700880823\n|switch|p1a: Audrey Jr.|Mawile, M|100\/100\n|-damage|p1a: Audrey Jr.|95\/100|[from] Stealth Rock\n|turn|15\n|\n|t:|1700880854\n|detailschange|p1a: Audrey Jr.|Mawile-Mega, M\n|-mega|p1a: Audrey Jr.|Mawile|Mawilite\n|move|p2a: Ribombee|Moonblast|p1a: Audrey Jr.\n|-resisted|p1a: Audrey Jr.\n|-damage|p1a: Audrey Jr.|65\/100\n|move|p1a: Audrey Jr.|Play Rough|p2a: Ribombee\n|-damage|p2a: Ribombee|0 fnt\n|faint|p2a: Ribombee\n|\n|upkeep\n|\n|t:|1700880861\n|switch|p2a: Medicham|Medicham, M|100\/100\n|turn|16\n|\n|t:|1700880869\n|detailschange|p2a: Medicham|Medicham-Mega, M\n|-mega|p2a: Medicham|Medicham|Medichamite\n|move|p2a: Medicham|Fake Out|p1a: Audrey Jr.\n|-resisted|p1a: Audrey Jr.\n|-damage|p1a: Audrey Jr.|52\/100\n|cant|p1a: Audrey Jr.|flinch\n|\n|upkeep\n|turn|17\n|\n|t:|1700880876\n|move|p2a: Medicham|Close Combat|p1a: Audrey Jr.\n|-damage|p1a: Audrey Jr.|0 fnt\n|-unboost|p2a: Medicham|def|1\n|-unboost|p2a: Medicham|spd|1\n|faint|p1a: Audrey Jr.\n|\n|upkeep\n|\n|t:|1700880884\n|switch|p1a: Bowie|Primarina, M|42\/100\n|-damage|p1a: Bowie|30\/100|[from] Stealth Rock\n|turn|18\n|\n|t:|1700880890\n|switch|p2a: Snorlax|Snorlax, F|99\/100\n|move|p1a: Bowie|Moonblast|p2a: Snorlax\n|-damage|p2a: Snorlax|63\/100\n|\n|-heal|p2a: Snorlax|69\/100|[from] item: Leftovers\n|upkeep\n|turn|19\n|\n|t:|1700880898\n|move|p1a: Bowie|Moonblast|p2a: Snorlax\n|-damage|p2a: Snorlax|30\/100\n|move|p2a: Snorlax|Earthquake|p1a: Bowie\n|-damage|p1a: Bowie|0 fnt\n|faint|p1a: Bowie\n|\n|-heal|p2a: Snorlax|36\/100|[from] item: Leftovers\n|upkeep\n|\n|t:|1700880906\n|switch|p1a: Mrs. Potts|Polteageist|85\/100\n|-damage|p1a: Mrs. Potts|73\/100|[from] Stealth Rock\n|turn|20\n|\n|t:|1700880909\n|move|p1a: Mrs. Potts|Shell Smash|p1a: Mrs. Potts\n|-unboost|p1a: Mrs. Potts|def|1\n|-unboost|p1a: Mrs. Potts|spd|1\n|-boost|p1a: Mrs. Potts|atk|2\n|-boost|p1a: Mrs. Potts|spa|2\n|-boost|p1a: Mrs. Potts|spe|2\n|move|p2a: Snorlax|Crunch|p1a: Mrs. Potts\n|-supereffective|p1a: Mrs. Potts\n|-damage|p1a: Mrs. Potts|0 fnt\n|faint|p1a: Mrs. Potts\n|\n|win|Zach LaVenusaur\n|c|\u2606Zach LaVenusaur|gg\n|c|\u2606soupplate|gg\n|j| LandorUSMANGaruba\n|l| jaynay121\n|l| LandorUSMANGaruba\n|l|\u2606soupplate\n|l|\u2606Zach LaVenusaur\n|j|\u2606Zach LaVenusaur\n|player|p2|Zach LaVenusaur|linebacker\n|j| jaynay121\n","uploadtime":1700881754,"views":2,"p1id":"soupplate","p2id":"zachlavenusaur","formatid":"gen9nationaldex","rating":0,"private":0,"password":""}