{"id":"gen9nationaldex-1989303852","p1":"raynee22","p2":"MLAbbott","format":"[Gen 9] National Dex","log":"|j|\u2606raynee22\n|j|\u2606MLAbbott\n|t:|1699834065\n|gametype|singles\n|player|p1|raynee22|266|\n|player|p2|MLAbbott|ethan|\n|teamsize|p1|6\n|teamsize|p2|6\n|gen|9\n|tier|[Gen 9] National Dex\n|rule|HP Percentage Mod: HP is shown in percentages\n|rule|Endless Battle Clause: Forcing endless battles is banned\n|rule|OHKO Clause: OHKO moves are banned\n|rule|Evasion Clause: Evasion abilities, items, and moves are banned\n|rule|Evasion Abilities Clause: Evasion abilities are banned\n|rule|Evasion Items Clause: Evasion items are banned\n|rule|Evasion Moves Clause: Evasion moves are banned\n|rule|Species Clause: Limit one of each Pok\u00e9mon\n|rule|Sleep Clause Mod: Limit one foe put to sleep\n|clearpoke\n|poke|p1|Empoleon, M|\n|poke|p1|Scizor, M|\n|poke|p1|Greninja-*, F|\n|poke|p1|Lilligant-Hisui, F|\n|poke|p1|Nidoking, M|\n|poke|p1|Pawmot, F|\n|poke|p2|Gyarados, M|\n|poke|p2|Iron Moth|\n|poke|p2|Hitmonlee, M|\n|poke|p2|Bronzong|\n|poke|p2|Decidueye, M|\n|poke|p2|Pincurchin, F|\n|teampreview\n|inactive|Battle timer is ON: inactive players will automatically lose when time's up. (requested by MLAbbott)\n|inactiveoff|Battle timer is now OFF.\n|\n|t:|1699834111\n|start\n|switch|p1a: Cold Birb|Empoleon, M|100\/100\n|switch|p2a: Peterbuilt|Bronzong|100\/100\n|turn|1\n|j| jhkehbajkgfrb\n|\n|t:|1699834124\n|move|p1a: Cold Birb|Yawn|p2a: Peterbuilt\n|-start|p2a: Peterbuilt|move: Yawn|[of] p1a: Cold Birb\n|move|p2a: Peterbuilt|Stealth Rock|p1a: Cold Birb\n|-sidestart|p1: raynee22|move: Stealth Rock\n|\n|upkeep\n|turn|2\n|\n|t:|1699834134\n|switch|p2a: Mack|Pincurchin, F|100\/100\n|-fieldstart|move: Electric Terrain|[from] ability: Electric Surge|[of] p2a: Mack\n|move|p1a: Cold Birb|Stealth Rock|p2a: Mack\n|-sidestart|p2: MLAbbott|move: Stealth Rock\n|\n|upkeep\n|turn|3\n|\n|t:|1699834148\n|move|p1a: Cold Birb|Scald|p2a: Mack\n|-damage|p2a: Mack|60\/100\n|-status|p2a: Mack|brn\n|move|p2a: Mack|Rising Voltage|p1a: Cold Birb\n|-hint|Rising Voltage's BP doubled on grounded target.\n|-supereffective|p1a: Cold Birb\n|-damage|p1a: Cold Birb|0 fnt\n|faint|p1a: Cold Birb\n|\n|-damage|p2a: Mack|54\/100 brn|[from] brn\n|upkeep\n|\n|t:|1699834162\n|switch|p1a: BasicallyArmadillo|Nidoking, M|100\/100\n|-damage|p1a: BasicallyArmadillo|95\/100|[from] Stealth Rock\n|turn|4\n|\n|t:|1699834172\n|move|p1a: BasicallyArmadillo|Earthquake|p2a: Mack\n|-supereffective|p2a: Mack\n|-damage|p2a: Mack|0 fnt\n|faint|p2a: Mack\n|\n|upkeep\n|\n|t:|1699834176\n|switch|p2a: Freightliner|Gyarados, M|100\/100\n|-damage|p2a: Freightliner|75\/100|[from] Stealth Rock\n|-ability|p2a: Freightliner|Intimidate|boost\n|-unboost|p1a: BasicallyArmadillo|atk|1\n|turn|5\n|\n|t:|1699834189\n|detailschange|p2a: Freightliner|Gyarados-Mega, M\n|-mega|p2a: Freightliner|Gyarados|Gyaradosite\n|-ability|p2a: Freightliner|Mold Breaker\n|move|p1a: BasicallyArmadillo|Earthquake|p2a: Freightliner\n|-damage|p2a: Freightliner|50\/100\n|move|p2a: Freightliner|Substitute|p2a: Freightliner\n|-start|p2a: Freightliner|Substitute\n|-damage|p2a: Freightliner|25\/100\n|\n|upkeep\n|turn|6\n|\n|t:|1699834203\n|move|p1a: BasicallyArmadillo|Earthquake|p2a: Freightliner\n|-activate|p2a: Freightliner|move: Substitute|[damage]\n|move|p2a: Freightliner|Dragon Dance|p2a: Freightliner\n|-boost|p2a: Freightliner|atk|1\n|-boost|p2a: Freightliner|spe|1\n|\n|-fieldend|move: Electric Terrain\n|upkeep\n|turn|7\n|\n|t:|1699834212\n|move|p2a: Freightliner|Waterfall|p1a: BasicallyArmadillo\n|-supereffective|p1a: BasicallyArmadillo\n|-damage|p1a: BasicallyArmadillo|0 fnt\n|faint|p1a: BasicallyArmadillo\n|\n|upkeep\n|j| dunsparcedingo\n|\n|t:|1699834229\n|switch|p1a: Dancing Flower|Lilligant-Hisui, F|100\/100\n|-damage|p1a: Dancing Flower|94\/100|[from] Stealth Rock\n|turn|8\n|\n|t:|1699834241\n|move|p1a: Dancing Flower|Leaf Blade|p2a: Freightliner\n|-supereffective|p2a: Freightliner\n|-crit|p2a: Freightliner\n|-end|p2a: Freightliner|Substitute\n|move|p2a: Freightliner|Dragon Dance|p2a: Freightliner\n|-boost|p2a: Freightliner|atk|1\n|-boost|p2a: Freightliner|spe|1\n|\n|upkeep\n|turn|9\n|j| TheRicoSuave\n|l| jhkehbajkgfrb\n|\n|t:|1699834308\n|switch|p1a: Ninja Frog|Greninja, F|100\/100\n|-damage|p1a: Ninja Frog|88\/100|[from] Stealth Rock\n|move|p2a: Freightliner|Waterfall|p1a: Ninja Frog\n|-resisted|p1a: Ninja Frog\n|-damage|p1a: Ninja Frog|9\/100\n|\n|upkeep\n|turn|10\n|\n|t:|1699834367\n|move|p2a: Freightliner|Waterfall|p1a: Ninja Frog\n|-resisted|p1a: Ninja Frog\n|-damage|p1a: Ninja Frog|0 fnt\n|faint|p1a: Ninja Frog\n|\n|upkeep\n|\n|t:|1699834378\n|switch|p1a: Metal Bug|Scizor, M|100\/100\n|-damage|p1a: Metal Bug|88\/100|[from] Stealth Rock\n|turn|11\n|\n|t:|1699834389\n|move|p1a: Metal Bug|Bullet Punch|p2a: Freightliner\n|-resisted|p2a: Freightliner\n|-damage|p2a: Freightliner|9\/100\n|move|p2a: Freightliner|Waterfall|p1a: Metal Bug\n|-damage|p1a: Metal Bug|0 fnt\n|faint|p1a: Metal Bug\n|\n|upkeep\n|\n|t:|1699834404\n|switch|p1a: Standing Mouse|Pawmot, F|100\/100\n|-damage|p1a: Standing Mouse|94\/100|[from] Stealth Rock\n|turn|12\n|\n|t:|1699834415\n|move|p2a: Freightliner|Waterfall|p1a: Standing Mouse\n|-damage|p1a: Standing Mouse|0 fnt\n|faint|p1a: Standing Mouse\n|\n|upkeep\n|\n|t:|1699834421\n|switch|p1a: Dancing Flower|Lilligant-Hisui, F|94\/100\n|-damage|p1a: Dancing Flower|88\/100|[from] Stealth Rock\n|turn|13\n|c|\u2606raynee22|i forgot to mega my bad\n|c|\u2606raynee22|you win auto\n|c|\u2606MLAbbott|its alright\n|\n|t:|1699834452\n|move|p2a: Freightliner|Waterfall|p1a: Dancing Flower\n|-resisted|p1a: Dancing Flower\n|-damage|p1a: Dancing Flower|7\/100\n|cant|p1a: Dancing Flower|flinch\n|\n|upkeep\n|turn|14\n|\n|t:|1699834470\n|move|p2a: Freightliner|Waterfall|p1a: Dancing Flower\n|-resisted|p1a: Dancing Flower\n|-damage|p1a: Dancing Flower|0 fnt\n|faint|p1a: Dancing Flower\n|\n|win|MLAbbott\n|l| TheRicoSuave\n","uploadtime":1699834485,"views":6,"p1id":"raynee22","p2id":"mlabbott","formatid":"gen9nationaldex","rating":0,"private":0,"password":""}