{"id":"gen9nationaldex-1995839826","p1":"ZenMinotaur","p2":"Regalia27","format":"[Gen 9] National Dex","log":"|html|<div class=\"broadcast-blue\"><strong>[Gen 9] National Dex is currently suspecting Sneasler! For information on how to participate check out the <a href=\"https:\/\/www.smogon.com\/forums\/threads\/sv-national-dex-suspect-8-just-dance.3731534\/\">suspect thread<\/a>.<\/strong><\/div>\n|j|\u2606ZenMinotaur\n|j|\u2606Regalia27\n|t:|1700608389\n|gametype|singles\n|player|p1|ZenMinotaur|nate|1064\n|player|p2|Regalia27|170|1031\n|teamsize|p1|6\n|teamsize|p2|6\n|gen|9\n|tier|[Gen 9] National Dex\n|rated|\n|rule|HP Percentage Mod: HP is shown in percentages\n|rule|Endless Battle Clause: Forcing endless battles is banned\n|rule|OHKO Clause: OHKO moves are banned\n|rule|Evasion Clause: Evasion abilities, items, and moves are banned\n|rule|Evasion Abilities Clause: Evasion abilities are banned\n|rule|Evasion Items Clause: Evasion items are banned\n|rule|Evasion Moves Clause: Evasion moves are banned\n|rule|Species Clause: Limit one of each Pok\u00e9mon\n|rule|Sleep Clause Mod: Limit one foe put to sleep\n|clearpoke\n|poke|p1|Clodsire, M|\n|poke|p1|Pyukumuku, M|\n|poke|p1|Chansey, F|\n|poke|p1|Slowbro, M|\n|poke|p1|Umbreon, M|\n|poke|p1|Ferrothorn, M|\n|poke|p2|Togekiss, F|\n|poke|p2|Pelipper, F|\n|poke|p2|Xatu, F|\n|poke|p2|Sigilyph, M|\n|poke|p2|Noivern, M|\n|poke|p2|Corviknight, M|\n|teampreview\n|inactive|Battle timer is ON: inactive players will automatically lose when time's up. (requested by ZenMinotaur)\n|\n|t:|1700608398\n|start\n|switch|p1a: Ferrothorn|Ferrothorn, M|100\/100\n|switch|p2a: Xatu|Xatu, F|100\/100\n|turn|1\n|\n|t:|1700608410\n|move|p2a: Xatu|Thunder Wave|p1a: Ferrothorn\n|-status|p1a: Ferrothorn|par\n|move|p1a: Ferrothorn|Stealth Rock|p2a: Xatu\n|move|p2a: Xatu|Stealth Rock|p1a: Ferrothorn|[from]ability: Magic Bounce\n|-sidestart|p1: ZenMinotaur|move: Stealth Rock\n|\n|upkeep\n|turn|2\n|\n|t:|1700608421\n|move|p2a: Xatu|Reflect|p2a: Xatu\n|-sidestart|p2: Regalia27|Reflect\n|move|p1a: Ferrothorn|Knock Off|p2a: Xatu\n|-supereffective|p2a: Xatu\n|-damage|p2a: Xatu|72\/100\n|-enditem|p2a: Xatu|Light Clay|[from] move: Knock Off|[of] p1a: Ferrothorn\n|\n|upkeep\n|turn|3\n|\n|t:|1700608429\n|move|p2a: Xatu|Light Screen|p2a: Xatu\n|-sidestart|p2: Regalia27|move: Light Screen\n|move|p1a: Ferrothorn|Knock Off|p2a: Xatu\n|-supereffective|p2a: Xatu\n|-damage|p2a: Xatu|53\/100\n|\n|upkeep\n|turn|4\n|\n|t:|1700608437\n|switch|p2a: Togekiss|Togekiss, F|100\/100\n|move|p1a: Ferrothorn|Knock Off|p2a: Togekiss\n|-resisted|p2a: Togekiss\n|-damage|p2a: Togekiss|95\/100\n|-enditem|p2a: Togekiss|Leftovers|[from] move: Knock Off|[of] p1a: Ferrothorn\n|\n|upkeep\n|turn|5\n|\n|t:|1700608446\n|move|p2a: Togekiss|Fire Blast|p1a: Ferrothorn|[miss]\n|-miss|p2a: Togekiss|p1a: Ferrothorn\n|move|p1a: Ferrothorn|Leech Seed|p2a: Togekiss\n|-start|p2a: Togekiss|move: Leech Seed\n|\n|-damage|p2a: Togekiss|82\/100|[from] Leech Seed|[of] p1a: Ferrothorn\n|upkeep\n|turn|6\n|\n|t:|1700608458\n|switch|p1a: Pyukumuku|Pyukumuku, M|100\/100\n|-damage|p1a: Pyukumuku|88\/100|[from] Stealth Rock\n|move|p2a: Togekiss|Fire Blast|p1a: Pyukumuku\n|-resisted|p1a: Pyukumuku\n|-damage|p1a: Pyukumuku|70\/100\n|\n|-heal|p1a: Pyukumuku|76\/100|[from] item: Leftovers\n|-damage|p2a: Togekiss|70\/100|[from] Leech Seed|[of] p1a: Pyukumuku\n|-heal|p1a: Pyukumuku|91\/100|[silent]\n|upkeep\n|turn|7\n|\n|t:|1700608472\n|switch|p2a: Xatu|Xatu, F|53\/100\n|move|p1a: Pyukumuku|Soak|p2a: Xatu\n|move|p2a: Xatu|Soak|p1a: Pyukumuku|[from]ability: Magic Bounce\n|-fail|p1a: Pyukumuku\n|\n|-heal|p1a: Pyukumuku|97\/100|[from] item: Leftovers\n|-sideend|p2: Regalia27|move: Light Screen\n|upkeep\n|turn|8\n|\n|t:|1700608484\n|switch|p1a: Ferrothorn|Ferrothorn, M|100\/100 par\n|-damage|p1a: Ferrothorn|94\/100 par|[from] Stealth Rock\n|move|p2a: Xatu|Thunder Wave|p1a: Ferrothorn|[miss]\n|-miss|p2a: Xatu|p1a: Ferrothorn\n|\n|-heal|p1a: Ferrothorn|100\/100 par|[from] item: Leftovers\n|upkeep\n|turn|9\n|\n|t:|1700608496\n|switch|p2a: Togekiss|Togekiss, F|70\/100\n|move|p1a: Ferrothorn|Power Whip|p2a: Togekiss\n|-resisted|p2a: Togekiss\n|-damage|p2a: Togekiss|60\/100\n|\n|-sideend|p2: Regalia27|Reflect\n|upkeep\n|turn|10\n|\n|t:|1700608506\n|move|p2a: Togekiss|Fire Blast|p1a: Ferrothorn\n|-supereffective|p1a: Ferrothorn\n|-damage|p1a: Ferrothorn|0 fnt\n|faint|p1a: Ferrothorn\n|\n|upkeep\n|\n|t:|1700608528\n|switch|p1a: Slowbro|Slowbro, M|100\/100\n|-damage|p1a: Slowbro|88\/100|[from] Stealth Rock\n|turn|11\n|\n|t:|1700608538\n|switch|p2a: Xatu|Xatu, F|53\/100\n|move|p1a: Slowbro|Thunder Wave|p2a: Xatu\n|move|p2a: Xatu|Thunder Wave|p1a: Slowbro|[from]ability: Magic Bounce|[miss]\n|-miss|p2a: Xatu|p1a: Slowbro\n|\n|upkeep\n|turn|12\n|l|\u2606Regalia27\n|inactive|Regalia27 disconnected and has a minute to reconnect!\n|player|p2|\n|j|\u2606Regalia27\n|inactive|Regalia27 reconnected.\n|player|p2|Regalia27|170\n|\n|t:|1700608551\n|detailschange|p1a: Slowbro|Slowbro-Mega, M\n|-mega|p1a: Slowbro|Slowbro|Slowbronite\n|move|p2a: Xatu|Thunder Wave|p1a: Slowbro\n|-status|p1a: Slowbro|par\n|move|p1a: Slowbro|Ice Beam|p2a: Xatu\n|-supereffective|p2a: Xatu\n|-damage|p2a: Xatu|0 fnt\n|faint|p2a: Xatu\n|\n|upkeep\n|\n|t:|1700608565\n|switch|p2a: Sigilyph|Sigilyph, M|100\/100\n|turn|13\n|\n|t:|1700608568\n|move|p2a: Sigilyph|Psyshock|p1a: Slowbro\n|-resisted|p1a: Slowbro\n|-damage|p1a: Slowbro|79\/100 par\n|move|p1a: Slowbro|Scald|p2a: Sigilyph\n|-damage|p2a: Sigilyph|48\/100\n|\n|-heal|p2a: Sigilyph|53\/100|[from] item: Leftovers\n|upkeep\n|turn|14\n|\n|t:|1700608576\n|move|p2a: Sigilyph|Signal Beam|p1a: Slowbro\n|-supereffective|p1a: Slowbro\n|-damage|p1a: Slowbro|47\/100 par\n|move|p1a: Slowbro|Ice Beam|p2a: Sigilyph\n|-supereffective|p2a: Sigilyph\n|-damage|p2a: Sigilyph|0 fnt\n|faint|p2a: Sigilyph\n|\n|upkeep\n|\n|t:|1700608584\n|switch|p2a: Noivern|Noivern, M|100\/100\n|turn|15\n|\n|t:|1700608589\n|move|p2a: Noivern|Substitute|p2a: Noivern\n|-start|p2a: Noivern|Substitute\n|-damage|p2a: Noivern|76\/100\n|cant|p1a: Slowbro|par\n|\n|upkeep\n|turn|16\n|\n|t:|1700608594\n|move|p2a: Noivern|Dragon Dance|p2a: Noivern\n|-boost|p2a: Noivern|atk|1\n|-boost|p2a: Noivern|spe|1\n|move|p1a: Slowbro|Ice Beam|p2a: Noivern\n|-supereffective|p2a: Noivern\n|-end|p2a: Noivern|Substitute\n|\n|upkeep\n|turn|17\n|\n|t:|1700608604\n|move|p2a: Noivern|Substitute|p2a: Noivern\n|-start|p2a: Noivern|Substitute\n|-damage|p2a: Noivern|51\/100\n|move|p1a: Slowbro|Ice Beam|p2a: Noivern\n|-supereffective|p2a: Noivern\n|-end|p2a: Noivern|Substitute\n|\n|upkeep\n|turn|18\n|\n|t:|1700608612\n|switch|p2a: Corviknight|Corviknight, M|100\/100\n|cant|p1a: Slowbro|par\n|\n|upkeep\n|turn|19\n|\n|t:|1700608622\n|move|p2a: Corviknight|Hurricane|p1a: Slowbro\n|-damage|p1a: Slowbro|31\/100 par\n|cant|p1a: Slowbro|par\n|\n|upkeep\n|turn|20\n|\n|t:|1700608634\n|move|p2a: Corviknight|Hurricane|p1a: Slowbro\n|-damage|p1a: Slowbro|14\/100 par\n|move|p1a: Slowbro|Thunder Wave|p2a: Corviknight\n|-status|p2a: Corviknight|par\n|\n|upkeep\n|turn|21\n|\n|t:|1700608640\n|move|p2a: Corviknight|Iron Head|p1a: Slowbro\n|-resisted|p1a: Slowbro\n|-damage|p1a: Slowbro|8\/100 par\n|move|p1a: Slowbro|Slack Off|p1a: Slowbro\n|-heal|p1a: Slowbro|58\/100 par\n|\n|upkeep\n|turn|22\n|\n|t:|1700608646\n|move|p2a: Corviknight|Hurricane|p1a: Slowbro\n|-damage|p1a: Slowbro|42\/100 par\n|move|p1a: Slowbro|Slack Off|p1a: Slowbro\n|-heal|p1a: Slowbro|92\/100 par\n|\n|upkeep\n|turn|23\n|\n|t:|1700608652\n|switch|p1a: Pyukumuku|Pyukumuku, M|97\/100\n|-damage|p1a: Pyukumuku|85\/100|[from] Stealth Rock\n|move|p2a: Corviknight|Body Press|p1a: Pyukumuku\n|-damage|p1a: Pyukumuku|62\/100\n|\n|-heal|p1a: Pyukumuku|68\/100|[from] item: Leftovers\n|upkeep\n|turn|24\n|\n|t:|1700608662\n|switch|p2a: Noivern|Noivern, M|51\/100\n|move|p1a: Pyukumuku|Soak|p2a: Noivern\n|-start|p2a: Noivern|typechange|Water\n|\n|-heal|p1a: Pyukumuku|74\/100|[from] item: Leftovers\n|upkeep\n|turn|25\n|\n|t:|1700608668\n|move|p2a: Noivern|Substitute|p2a: Noivern\n|-start|p2a: Noivern|Substitute\n|-damage|p2a: Noivern|26\/100\n|move|p1a: Pyukumuku|Toxic||[still]\n|-fail|p1a: Pyukumuku\n|\n|-heal|p1a: Pyukumuku|80\/100|[from] item: Leftovers\n|upkeep\n|turn|26\n|\n|t:|1700608676\n|switch|p1a: Slowbro|Slowbro-Mega, M|92\/100 par\n|-damage|p1a: Slowbro|79\/100 par|[from] Stealth Rock\n|move|p2a: Noivern|Dragon Dance|p2a: Noivern\n|-boost|p2a: Noivern|atk|1\n|-boost|p2a: Noivern|spe|1\n|\n|upkeep\n|turn|27\n|\n|t:|1700608684\n|move|p2a: Noivern|Dragon Dance|p2a: Noivern\n|-boost|p2a: Noivern|atk|1\n|-boost|p2a: Noivern|spe|1\n|cant|p1a: Slowbro|par\n|\n|upkeep\n|turn|28\n|\n|t:|1700608690\n|move|p2a: Noivern|Dragon Dance|p2a: Noivern\n|-boost|p2a: Noivern|atk|1\n|-boost|p2a: Noivern|spe|1\n|cant|p1a: Slowbro|par\n|\n|upkeep\n|turn|29\n|\n|t:|1700608695\n|move|p2a: Noivern|Dragon Dance|p2a: Noivern\n|-boost|p2a: Noivern|atk|1\n|-boost|p2a: Noivern|spe|1\n|move|p1a: Slowbro|Scald|p2a: Noivern\n|-resisted|p2a: Noivern\n|-crit|p2a: Noivern\n|-end|p2a: Noivern|Substitute\n|\n|upkeep\n|turn|30\n|\n|t:|1700608702\n|move|p2a: Noivern|Draco Meteor|p1a: Slowbro|[miss]\n|-miss|p2a: Noivern|p1a: Slowbro\n|move|p1a: Slowbro|Scald|p2a: Noivern\n|-resisted|p2a: Noivern\n|-damage|p2a: Noivern|3\/100\n|\n|upkeep\n|turn|31\n|\n|t:|1700608708\n|move|p2a: Noivern|Draco Meteor|p1a: Slowbro\n|-damage|p1a: Slowbro|49\/100 par\n|-unboost|p2a: Noivern|spa|2\n|cant|p1a: Slowbro|par\n|\n|upkeep\n|turn|32\n|\n|t:|1700608714\n|move|p2a: Noivern|Draco Meteor|p1a: Slowbro\n|-damage|p1a: Slowbro|35\/100 par\n|-unboost|p2a: Noivern|spa|2\n|move|p1a: Slowbro|Slack Off|p1a: Slowbro\n|-heal|p1a: Slowbro|85\/100 par\n|\n|upkeep\n|turn|33\n|\n|t:|1700608721\n|move|p2a: Noivern|Draco Meteor|p1a: Slowbro|[miss]\n|-miss|p2a: Noivern|p1a: Slowbro\n|cant|p1a: Slowbro|par\n|\n|upkeep\n|turn|34\n|\n|t:|1700608727\n|move|p2a: Noivern|Boomburst|p1a: Slowbro\n|-damage|p1a: Slowbro|74\/100 par\n|move|p1a: Slowbro|Scald|p2a: Noivern\n|-resisted|p2a: Noivern\n|-damage|p2a: Noivern|0 fnt\n|faint|p2a: Noivern\n|\n|upkeep\n|\n|t:|1700608734\n|switch|p2a: Togekiss|Togekiss, F|60\/100\n|turn|35\n|\n|t:|1700608737\n|move|p2a: Togekiss|Aura Sphere|p1a: Slowbro\n|-resisted|p1a: Slowbro\n|-damage|p1a: Slowbro|64\/100 par\n|cant|p1a: Slowbro|par\n|\n|upkeep\n|turn|36\n|\n|t:|1700608745\n|move|p2a: Togekiss|Nasty Plot|p2a: Togekiss\n|-boost|p2a: Togekiss|spa|2\n|move|p1a: Slowbro|Ice Beam|p2a: Togekiss\n|-supereffective|p2a: Togekiss\n|-damage|p2a: Togekiss|12\/100\n|\n|upkeep\n|turn|37\n|\n|t:|1700608759\n|switch|p1a: Pyukumuku|Pyukumuku, M|80\/100\n|-damage|p1a: Pyukumuku|68\/100|[from] Stealth Rock\n|move|p2a: Togekiss|Air Slash|p1a: Pyukumuku\n|-damage|p1a: Pyukumuku|33\/100\n|\n|-heal|p1a: Pyukumuku|39\/100|[from] item: Leftovers\n|upkeep\n|turn|38\n|\n|t:|1700608768\n|move|p2a: Togekiss|Air Slash|p1a: Pyukumuku\n|-damage|p1a: Pyukumuku|2\/100\n|cant|p1a: Pyukumuku|flinch\n|\n|-heal|p1a: Pyukumuku|8\/100|[from] item: Leftovers\n|upkeep\n|turn|39\n|\n|t:|1700608774\n|move|p1a: Pyukumuku|Protect|p1a: Pyukumuku\n|-singleturn|p1a: Pyukumuku|Protect\n|move|p2a: Togekiss|Air Slash|p1a: Pyukumuku\n|-activate|p1a: Pyukumuku|move: Protect\n|\n|-heal|p1a: Pyukumuku|14\/100|[from] item: Leftovers\n|upkeep\n|turn|40\n|\n|t:|1700608782\n|move|p2a: Togekiss|Air Slash|p1a: Pyukumuku|[miss]\n|-miss|p2a: Togekiss|p1a: Pyukumuku\n|move|p1a: Pyukumuku|Toxic|p2a: Togekiss\n|-status|p2a: Togekiss|tox\n|\n|-heal|p1a: Pyukumuku|20\/100|[from] item: Leftovers\n|-damage|p2a: Togekiss|6\/100 tox|[from] psn\n|upkeep\n|turn|41\n|\n|t:|1700608790\n|move|p1a: Pyukumuku|Protect|p1a: Pyukumuku\n|-singleturn|p1a: Pyukumuku|Protect\n|move|p2a: Togekiss|Air Slash|p1a: Pyukumuku\n|-activate|p1a: Pyukumuku|move: Protect\n|\n|-heal|p1a: Pyukumuku|26\/100|[from] item: Leftovers\n|-damage|p2a: Togekiss|0 fnt|[from] psn\n|faint|p2a: Togekiss\n|upkeep\n|\n|t:|1700608796\n|switch|p2a: Pelipper|Pelipper, F|100\/100\n|-weather|RainDance|[from] ability: Drizzle|[of] p2a: Pelipper\n|turn|42\n|\n|t:|1700608802\n|move|p2a: Pelipper|Blizzard|p1a: Pyukumuku\n|-resisted|p1a: Pyukumuku\n|-damage|p1a: Pyukumuku|16\/100\n|move|p1a: Pyukumuku|Recover|p1a: Pyukumuku\n|-heal|p1a: Pyukumuku|66\/100\n|\n|-weather|RainDance|[upkeep]\n|-heal|p1a: Pyukumuku|72\/100|[from] item: Leftovers\n|upkeep\n|turn|43\n|\n|t:|1700608807\n|move|p2a: Pelipper|Blizzard|p1a: Pyukumuku\n|-resisted|p1a: Pyukumuku\n|-damage|p1a: Pyukumuku|62\/100\n|move|p1a: Pyukumuku|Toxic|p2a: Pelipper\n|-status|p2a: Pelipper|tox\n|\n|-weather|RainDance|[upkeep]\n|-heal|p1a: Pyukumuku|68\/100|[from] item: Leftovers\n|-damage|p2a: Pelipper|94\/100 tox|[from] psn\n|upkeep\n|turn|44\n|\n|t:|1700608818\n|move|p2a: Pelipper|Blizzard|p1a: Pyukumuku|[miss]\n|-miss|p2a: Pelipper|p1a: Pyukumuku\n|move|p1a: Pyukumuku|Soak|p2a: Pelipper\n|-start|p2a: Pelipper|typechange|Water\n|\n|-weather|RainDance|[upkeep]\n|-heal|p1a: Pyukumuku|74\/100|[from] item: Leftovers\n|-damage|p2a: Pelipper|82\/100 tox|[from] psn\n|upkeep\n|turn|45\n|\n|t:|1700608826\n|move|p1a: Pyukumuku|Protect|p1a: Pyukumuku\n|-singleturn|p1a: Pyukumuku|Protect\n|move|p2a: Pelipper|Surf|p1a: Pyukumuku\n|-activate|p1a: Pyukumuku|move: Protect\n|\n|-weather|RainDance|[upkeep]\n|-heal|p1a: Pyukumuku|79\/100|[from] item: Leftovers\n|-damage|p2a: Pelipper|63\/100 tox|[from] psn\n|upkeep\n|turn|46\n|\n|t:|1700608835\n|move|p2a: Pelipper|Roost|p2a: Pelipper\n|-heal|p2a: Pelipper|100\/100 tox\n|-singleturn|p2a: Pelipper|move: Roost\n|move|p1a: Pyukumuku|Recover|p1a: Pyukumuku\n|-heal|p1a: Pyukumuku|100\/100\n|\n|-weather|RainDance|[upkeep]\n|-damage|p2a: Pelipper|76\/100 tox|[from] psn\n|upkeep\n|turn|47\n|\n|t:|1700608843\n|move|p1a: Pyukumuku|Protect|p1a: Pyukumuku\n|-singleturn|p1a: Pyukumuku|Protect\n|move|p2a: Pelipper|Surf|p1a: Pyukumuku\n|-activate|p1a: Pyukumuku|move: Protect\n|\n|-weather|RainDance|[upkeep]\n|-damage|p2a: Pelipper|45\/100 tox|[from] psn\n|upkeep\n|turn|48\n|\n|t:|1700608856\n|move|p2a: Pelipper|Surf|p1a: Pyukumuku\n|-resisted|p1a: Pyukumuku\n|-damage|p1a: Pyukumuku|80\/100\n|move|p1a: Pyukumuku|Soak|p2a: Pelipper\n|-fail|p2a: Pelipper\n|\n|-weather|RainDance|[upkeep]\n|-heal|p1a: Pyukumuku|86\/100|[from] item: Leftovers\n|-damage|p2a: Pelipper|8\/100 tox|[from] psn\n|upkeep\n|turn|49\n|\n|t:|1700608866\n|move|p1a: Pyukumuku|Protect|p1a: Pyukumuku\n|-singleturn|p1a: Pyukumuku|Protect\n|move|p2a: Pelipper|Roost|p2a: Pelipper\n|-heal|p2a: Pelipper|58\/100 tox\n|-singleturn|p2a: Pelipper|move: Roost\n|\n|-weather|none\n|-heal|p1a: Pyukumuku|92\/100|[from] item: Leftovers\n|-damage|p2a: Pelipper|14\/100 tox|[from] psn\n|upkeep\n|turn|50\n|\n|t:|1700608875\n|move|p2a: Pelipper|U-turn|p1a: Pyukumuku\n|-damage|p1a: Pyukumuku|84\/100\n|\n|t:|1700608878\n|switch|p2a: Corviknight|Corviknight, M|100\/100 par|[from] U-turn\n|move|p1a: Pyukumuku|Soak|p2a: Corviknight\n|-start|p2a: Corviknight|typechange|Water\n|\n|-heal|p1a: Pyukumuku|90\/100|[from] item: Leftovers\n|upkeep\n|turn|51\n|\n|t:|1700608888\n|switch|p1a: Slowbro|Slowbro-Mega, M|64\/100 par\n|-damage|p1a: Slowbro|52\/100 par|[from] Stealth Rock\n|move|p2a: Corviknight|Hurricane|p1a: Slowbro\n|-damage|p1a: Slowbro|41\/100 par\n|\n|upkeep\n|turn|52\n|\n|t:|1700608895\n|move|p2a: Corviknight|Iron Head|p1a: Slowbro\n|-resisted|p1a: Slowbro\n|-damage|p1a: Slowbro|36\/100 par\n|cant|p1a: Slowbro|par\n|\n|upkeep\n|turn|53\n|\n|t:|1700608901\n|move|p2a: Corviknight|Body Press|p1a: Slowbro\n|-resisted|p1a: Slowbro\n|-damage|p1a: Slowbro|30\/100 par\n|move|p1a: Slowbro|Slack Off|p1a: Slowbro\n|-heal|p1a: Slowbro|80\/100 par\n|\n|upkeep\n|turn|54\n|\n|t:|1700608908\n|move|p2a: Corviknight|Hurricane|p1a: Slowbro|[miss]\n|-miss|p2a: Corviknight|p1a: Slowbro\n|cant|p1a: Slowbro|par\n|\n|upkeep\n|turn|55\n|\n|t:|1700608914\n|move|p2a: Corviknight|Hurricane|p1a: Slowbro\n|-damage|p1a: Slowbro|68\/100 par\n|move|p1a: Slowbro|Ice Beam|p2a: Corviknight\n|-resisted|p2a: Corviknight\n|-damage|p2a: Corviknight|88\/100 par\n|\n|-heal|p2a: Corviknight|94\/100 par|[from] item: Leftovers\n|upkeep\n|turn|56\n|\n|t:|1700608925\n|move|p2a: Corviknight|Hurricane|p1a: Slowbro|[miss]\n|-miss|p2a: Corviknight|p1a: Slowbro\n|move|p1a: Slowbro|Scald|p2a: Corviknight\n|-resisted|p2a: Corviknight\n|-damage|p2a: Corviknight|77\/100 par\n|\n|-heal|p2a: Corviknight|84\/100 par|[from] item: Leftovers\n|upkeep\n|turn|57\n|\n|t:|1700608934\n|move|p2a: Corviknight|Hurricane|p1a: Slowbro|[miss]\n|-miss|p2a: Corviknight|p1a: Slowbro\n|move|p1a: Slowbro|Scald|p2a: Corviknight\n|-resisted|p2a: Corviknight\n|-damage|p2a: Corviknight|67\/100 par\n|\n|-heal|p2a: Corviknight|73\/100 par|[from] item: Leftovers\n|upkeep\n|turn|58\n|\n|t:|1700608942\n|move|p2a: Corviknight|Hurricane|p1a: Slowbro|[miss]\n|-miss|p2a: Corviknight|p1a: Slowbro\n|move|p1a: Slowbro|Scald|p2a: Corviknight\n|-resisted|p2a: Corviknight\n|-damage|p2a: Corviknight|58\/100 par\n|\n|-heal|p2a: Corviknight|64\/100 par|[from] item: Leftovers\n|upkeep\n|turn|59\n|\n|t:|1700608959\n|move|p2a: Corviknight|Iron Head|p1a: Slowbro\n|-resisted|p1a: Slowbro\n|-damage|p1a: Slowbro|63\/100 par\n|cant|p1a: Slowbro|flinch\n|\n|-heal|p2a: Corviknight|70\/100 par|[from] item: Leftovers\n|upkeep\n|turn|60\n|\n|t:|1700608966\n|move|p2a: Corviknight|Hurricane|p1a: Slowbro\n|-damage|p1a: Slowbro|51\/100 par\n|-start|p1a: Slowbro|confusion\n|-activate|p1a: Slowbro|confusion\n|move|p1a: Slowbro|Scald|p2a: Corviknight\n|-resisted|p2a: Corviknight\n|-damage|p2a: Corviknight|54\/100 par\n|\n|-heal|p2a: Corviknight|60\/100 par|[from] item: Leftovers\n|upkeep\n|turn|61\n|\n|t:|1700608976\n|cant|p2a: Corviknight|par\n|-activate|p1a: Slowbro|confusion\n|move|p1a: Slowbro|Scald|p2a: Corviknight\n|-resisted|p2a: Corviknight\n|-damage|p2a: Corviknight|44\/100 par\n|\n|-heal|p2a: Corviknight|50\/100 par|[from] item: Leftovers\n|upkeep\n|turn|62\n|\n|t:|1700608986\n|move|p2a: Corviknight|Roost|p2a: Corviknight\n|-heal|p2a: Corviknight|99\/100 par\n|-singleturn|p2a: Corviknight|move: Roost\n|-activate|p1a: Slowbro|confusion\n|move|p1a: Slowbro|Scald|p2a: Corviknight\n|-resisted|p2a: Corviknight\n|-damage|p2a: Corviknight|85\/100 par\n|\n|-heal|p2a: Corviknight|91\/100 par|[from] item: Leftovers\n|upkeep\n|turn|63\n|\n|t:|1700608998\n|switch|p1a: Umbreon|Umbreon, M, shiny|100\/100\n|-damage|p1a: Umbreon|88\/100|[from] Stealth Rock\n|move|p2a: Corviknight|Body Press|p1a: Umbreon\n|-supereffective|p1a: Umbreon\n|-damage|p1a: Umbreon|57\/100\n|\n|-heal|p1a: Umbreon|63\/100|[from] item: Leftovers\n|-heal|p2a: Corviknight|97\/100 par|[from] item: Leftovers\n|upkeep\n|turn|64\n|\n|t:|1700609007\n|move|p1a: Umbreon|Wish|p1a: Umbreon\n|cant|p2a: Corviknight|par\n|\n|-heal|p1a: Umbreon|69\/100|[from] item: Leftovers\n|-heal|p2a: Corviknight|100\/100 par|[from] item: Leftovers\n|upkeep\n|turn|65\n|\n|t:|1700609013\n|move|p1a: Umbreon|Foul Play|p2a: Corviknight\n|-damage|p2a: Corviknight|82\/100 par\n|move|p2a: Corviknight|Body Press|p1a: Umbreon\n|-supereffective|p1a: Umbreon\n|-damage|p1a: Umbreon|32\/100\n|\n|-heal|p1a: Umbreon|82\/100|[from] move: Wish|[wisher] Umbreon\n|-heal|p1a: Umbreon|88\/100|[from] item: Leftovers\n|-heal|p2a: Corviknight|89\/100 par|[from] item: Leftovers\n|upkeep\n|turn|66\n|\n|t:|1700609023\n|switch|p1a: Chansey|Chansey, F|100\/100\n|-damage|p1a: Chansey|88\/100|[from] Stealth Rock\n|move|p2a: Corviknight|Body Press|p1a: Chansey\n|-supereffective|p1a: Chansey\n|-damage|p1a: Chansey|48\/100\n|\n|-heal|p2a: Corviknight|95\/100 par|[from] item: Leftovers\n|upkeep\n|turn|67\n|\n|t:|1700609032\n|move|p1a: Chansey|Soft-Boiled|p1a: Chansey\n|-heal|p1a: Chansey|98\/100\n|move|p2a: Corviknight|Body Press|p1a: Chansey\n|-supereffective|p1a: Chansey\n|-damage|p1a: Chansey|61\/100\n|\n|-heal|p2a: Corviknight|100\/100 par|[from] item: Leftovers\n|upkeep\n|turn|68\n|\n|t:|1700609038\n|move|p1a: Chansey|Seismic Toss|p2a: Corviknight\n|-damage|p2a: Corviknight|75\/100 par\n|move|p2a: Corviknight|Body Press|p1a: Chansey\n|-supereffective|p1a: Chansey\n|-damage|p1a: Chansey|26\/100\n|\n|-heal|p2a: Corviknight|82\/100 par|[from] item: Leftovers\n|upkeep\n|turn|69\n|\n|t:|1700609044\n|move|p1a: Chansey|Soft-Boiled|p1a: Chansey\n|-heal|p1a: Chansey|76\/100\n|move|p2a: Corviknight|Body Press|p1a: Chansey\n|-supereffective|p1a: Chansey\n|-damage|p1a: Chansey|42\/100\n|\n|-heal|p2a: Corviknight|88\/100 par|[from] item: Leftovers\n|upkeep\n|turn|70\n|\n|t:|1700609049\n|switch|p1a: Clodsire|Clodsire, M|100\/100\n|-damage|p1a: Clodsire|94\/100|[from] Stealth Rock\n|move|p2a: Corviknight|Body Press|p1a: Clodsire\n|-resisted|p1a: Clodsire\n|-damage|p1a: Clodsire|84\/100\n|\n|-heal|p2a: Corviknight|94\/100 par|[from] item: Leftovers\n|-heal|p1a: Clodsire|90\/100|[from] item: Leftovers\n|upkeep\n|turn|71\n|\n|t:|1700609054\n|switch|p2a: Pelipper|Pelipper, F|14\/100 tox\n|-weather|RainDance|[from] ability: Drizzle|[of] p2a: Pelipper\n|move|p1a: Clodsire|Stockpile|p1a: Clodsire\n|-start|p1a: Clodsire|stockpile1\n|-boost|p1a: Clodsire|def|1\n|-boost|p1a: Clodsire|spd|1\n|\n|-weather|RainDance|[upkeep]\n|-heal|p1a: Clodsire|96\/100|[from] item: Leftovers\n|-damage|p2a: Pelipper|8\/100 tox|[from] psn\n|upkeep\n|turn|72\n|\n|t:|1700609066\n|switch|p1a: Slowbro|Slowbro-Mega, M|51\/100 par\n|-damage|p1a: Slowbro|39\/100 par|[from] Stealth Rock\n|move|p2a: Pelipper|Roost|p2a: Pelipper\n|-heal|p2a: Pelipper|58\/100 tox\n|-singleturn|p2a: Pelipper|move: Roost\n|\n|-weather|RainDance|[upkeep]\n|-damage|p2a: Pelipper|46\/100 tox|[from] psn\n|upkeep\n|turn|73\n|\n|t:|1700609075\n|switch|p2a: Corviknight|Corviknight, M|94\/100 par\n|cant|p1a: Slowbro|par\n|\n|-weather|RainDance|[upkeep]\n|-heal|p2a: Corviknight|100\/100 par|[from] item: Leftovers\n|upkeep\n|turn|74\n|\n|t:|1700609082\n|move|p2a: Corviknight|Hurricane|p1a: Slowbro\n|-damage|p1a: Slowbro|23\/100 par\n|-start|p1a: Slowbro|confusion\n|-activate|p1a: Slowbro|confusion\n|-damage|p1a: Slowbro|20\/100 par|[from] confusion\n|\n|-weather|RainDance|[upkeep]\n|upkeep\n|turn|75\n|\n|t:|1700609089\n|move|p2a: Corviknight|Hurricane|p1a: Slowbro\n|-damage|p1a: Slowbro|4\/100 par\n|-activate|p1a: Slowbro|confusion\n|move|p1a: Slowbro|Slack Off|p1a: Slowbro\n|-heal|p1a: Slowbro|54\/100 par\n|\n|-weather|RainDance|[upkeep]\n|upkeep\n|turn|76\n|\n|t:|1700609093\n|cant|p2a: Corviknight|par\n|-activate|p1a: Slowbro|confusion\n|move|p1a: Slowbro|Slack Off|p1a: Slowbro\n|-heal|p1a: Slowbro|100\/100 par\n|\n|-weather|RainDance|[upkeep]\n|upkeep\n|turn|77\n|\n|t:|1700609100\n|switch|p1a: Clodsire|Clodsire, M|96\/100\n|-damage|p1a: Clodsire|90\/100|[from] Stealth Rock\n|move|p2a: Corviknight|Hurricane|p1a: Clodsire\n|-damage|p1a: Clodsire|73\/100\n|\n|-weather|RainDance|[upkeep]\n|-heal|p1a: Clodsire|79\/100|[from] item: Leftovers\n|upkeep\n|turn|78\n|\n|t:|1700609111\n|move|p2a: Corviknight|Hurricane|p1a: Clodsire\n|-damage|p1a: Clodsire|62\/100\n|move|p1a: Clodsire|Stockpile|p1a: Clodsire\n|-start|p1a: Clodsire|stockpile1\n|-boost|p1a: Clodsire|def|1\n|-boost|p1a: Clodsire|spd|1\n|\n|-weather|none\n|-heal|p1a: Clodsire|68\/100|[from] item: Leftovers\n|upkeep\n|turn|79\n|\n|t:|1700609117\n|switch|p2a: Pelipper|Pelipper, F|46\/100 tox\n|-weather|RainDance|[from] ability: Drizzle|[of] p2a: Pelipper\n|move|p1a: Clodsire|Stockpile|p1a: Clodsire\n|-start|p1a: Clodsire|stockpile2\n|-boost|p1a: Clodsire|def|1\n|-boost|p1a: Clodsire|spd|1\n|\n|-weather|RainDance|[upkeep]\n|-heal|p1a: Clodsire|74\/100|[from] item: Leftovers\n|-damage|p2a: Pelipper|40\/100 tox|[from] psn\n|upkeep\n|turn|80\n|\n|t:|1700609135\n|switch|p1a: Slowbro|Slowbro-Mega, M|100\/100 par\n|-damage|p1a: Slowbro|88\/100 par|[from] Stealth Rock\n|move|p2a: Pelipper|Surf|p1a: Slowbro\n|-resisted|p1a: Slowbro\n|-damage|p1a: Slowbro|73\/100 par\n|\n|-weather|RainDance|[upkeep]\n|-damage|p2a: Pelipper|27\/100 tox|[from] psn\n|upkeep\n|turn|81\n|\n|t:|1700609140\n|switch|p2a: Corviknight|Corviknight, M|100\/100 par\n|cant|p1a: Slowbro|par\n|\n|-weather|RainDance|[upkeep]\n|upkeep\n|turn|82\n|\n|t:|1700609144\n|cant|p2a: Corviknight|par\n|move|p1a: Slowbro|Scald|p2a: Corviknight\n|-damage|p2a: Corviknight|45\/100 par\n|\n|-weather|RainDance|[upkeep]\n|-heal|p2a: Corviknight|52\/100 par|[from] item: Leftovers\n|upkeep\n|turn|83\n|\n|t:|1700609151\n|move|p2a: Corviknight|Roost|p2a: Corviknight\n|-heal|p2a: Corviknight|100\/100 par\n|-singleturn|p2a: Corviknight|move: Roost\n|move|p1a: Slowbro|Scald|p2a: Corviknight\n|-damage|p2a: Corviknight|53\/100 par\n|\n|-weather|RainDance|[upkeep]\n|-heal|p2a: Corviknight|59\/100 par|[from] item: Leftovers\n|upkeep\n|turn|84\n|\n|t:|1700609157\n|move|p2a: Corviknight|Roost|p2a: Corviknight\n|-heal|p2a: Corviknight|100\/100 par\n|-singleturn|p2a: Corviknight|move: Roost\n|move|p1a: Slowbro|Scald|p2a: Corviknight\n|-damage|p2a: Corviknight|49\/100 par\n|\n|-weather|RainDance|[upkeep]\n|-heal|p2a: Corviknight|55\/100 par|[from] item: Leftovers\n|upkeep\n|turn|85\n|\n|t:|1700609166\n|move|p2a: Corviknight|Roost|p2a: Corviknight\n|-heal|p2a: Corviknight|100\/100 par\n|-singleturn|p2a: Corviknight|move: Roost\n|move|p1a: Slowbro|Scald|p2a: Corviknight\n|-damage|p2a: Corviknight|51\/100 par\n|\n|-weather|RainDance|[upkeep]\n|-heal|p2a: Corviknight|57\/100 par|[from] item: Leftovers\n|upkeep\n|turn|86\n|\n|t:|1700609174\n|cant|p2a: Corviknight|par\n|move|p1a: Slowbro|Scald|p2a: Corviknight\n|-damage|p2a: Corviknight|8\/100 par\n|\n|-weather|none\n|-heal|p2a: Corviknight|15\/100 par|[from] item: Leftovers\n|upkeep\n|turn|87\n|\n|t:|1700609181\n|move|p2a: Corviknight|Hurricane|p1a: Slowbro|[miss]\n|-miss|p2a: Corviknight|p1a: Slowbro\n|move|p1a: Slowbro|Scald|p2a: Corviknight\n|-damage|p2a: Corviknight|0 fnt\n|faint|p2a: Corviknight\n|\n|upkeep\n|\n|t:|1700609186\n|switch|p2a: Pelipper|Pelipper, F|27\/100 tox\n|-weather|RainDance|[from] ability: Drizzle|[of] p2a: Pelipper\n|turn|88\n|\n|t:|1700609191\n|move|p2a: Pelipper|Blizzard|p1a: Slowbro\n|-resisted|p1a: Slowbro\n|-damage|p1a: Slowbro|65\/100 par\n|cant|p1a: Slowbro|par\n|\n|-weather|RainDance|[upkeep]\n|-damage|p2a: Pelipper|21\/100 tox|[from] psn\n|upkeep\n|turn|89\n|\n|t:|1700609200\n|switch|p1a: Pyukumuku|Pyukumuku, M|90\/100\n|-damage|p1a: Pyukumuku|78\/100|[from] Stealth Rock\n|move|p2a: Pelipper|Blizzard|p1a: Pyukumuku\n|-resisted|p1a: Pyukumuku\n|-damage|p1a: Pyukumuku|66\/100\n|\n|-weather|RainDance|[upkeep]\n|-heal|p1a: Pyukumuku|72\/100|[from] item: Leftovers\n|-damage|p2a: Pelipper|9\/100 tox|[from] psn\n|upkeep\n|turn|90\n|\n|t:|1700609210\n|move|p1a: Pyukumuku|Protect|p1a: Pyukumuku\n|-singleturn|p1a: Pyukumuku|Protect\n|move|p2a: Pelipper|Roost|p2a: Pelipper\n|-heal|p2a: Pelipper|59\/100 tox\n|-singleturn|p2a: Pelipper|move: Roost\n|\n|-weather|RainDance|[upkeep]\n|-heal|p1a: Pyukumuku|78\/100|[from] item: Leftovers\n|-damage|p2a: Pelipper|40\/100 tox|[from] psn\n|upkeep\n|turn|91\n|\n|t:|1700609218\n|switch|p1a: Chansey|Chansey, F|42\/100\n|-damage|p1a: Chansey|29\/100|[from] Stealth Rock\n|move|p2a: Pelipper|Surf|p1a: Chansey\n|-damage|p1a: Chansey|17\/100\n|\n|-weather|RainDance|[upkeep]\n|-damage|p2a: Pelipper|16\/100 tox|[from] psn\n|upkeep\n|turn|92\n|\n|t:|1700609224\n|switch|p1a: Pyukumuku|Pyukumuku, M|78\/100\n|-damage|p1a: Pyukumuku|66\/100|[from] Stealth Rock\n|move|p2a: Pelipper|Blizzard|p1a: Pyukumuku\n|-resisted|p1a: Pyukumuku\n|-damage|p1a: Pyukumuku|56\/100\n|\n|-weather|RainDance|[upkeep]\n|-heal|p1a: Pyukumuku|62\/100|[from] item: Leftovers\n|-damage|p2a: Pelipper|0 fnt|[from] psn\n|faint|p2a: Pelipper\n|\n|win|ZenMinotaur\n|upkeep\n|raw|ZenMinotaur's rating: 1064 &rarr; <strong>1092<\/strong><br \/>(+28 for winning)\n|raw|Regalia27's rating: 1031 &rarr; <strong>1018<\/strong><br \/>(-13 for losing)\n|c|\u2606Regalia27|Gg\n|l|\u2606Regalia27\n","uploadtime":1700609239,"views":0,"p1id":"zenminotaur","p2id":"regalia27","formatid":"gen9nationaldex","rating":1018,"private":0,"password":""}