{"id":"gen9nationaldex-1988706135","p1":"Leocrack57","p2":"Accelerater01","format":"[Gen 9] National Dex","log":"|j|\u2606Leocrack57\n|j|\u2606Accelerater01\n|t:|1699752978\n|gametype|singles\n|player|p1|Leocrack57|hilbert|1542\n|player|p2|Accelerater01|101|1627\n|teamsize|p1|6\n|teamsize|p2|6\n|gen|9\n|tier|[Gen 9] National Dex\n|rated|\n|rule|HP Percentage Mod: HP is shown in percentages\n|rule|Endless Battle Clause: Forcing endless battles is banned\n|rule|OHKO Clause: OHKO moves are banned\n|rule|Evasion Clause: Evasion abilities, items, and moves are banned\n|rule|Evasion Abilities Clause: Evasion abilities are banned\n|rule|Evasion Items Clause: Evasion items are banned\n|rule|Evasion Moves Clause: Evasion moves are banned\n|rule|Species Clause: Limit one of each Pok\u00e9mon\n|rule|Sleep Clause Mod: Limit one foe put to sleep\n|clearpoke\n|poke|p1|Torkoal, M|\n|poke|p1|Ceruledge, M|\n|poke|p1|Sandy Shocks|\n|poke|p1|Venusaur, M|\n|poke|p1|Great Tusk|\n|poke|p1|Pinsir, M|\n|poke|p2|Lopunny, F|\n|poke|p2|Hoopa-Unbound|\n|poke|p2|Braviary-Hisui, M|\n|poke|p2|Tapu Lele|\n|poke|p2|Iron Treads|\n|poke|p2|Clodsire, M|\n|teampreview\n|inactive|Battle timer is ON: inactive players will automatically lose when time's up. (requested by Accelerater01)\n|\n|t:|1699752989\n|start\n|switch|p1a: Tanquesito|Torkoal, M|100\/100\n|switch|p2a: Braviary|Braviary-Hisui, M, shiny|100\/100\n|-weather|SunnyDay|[from] ability: Drought|[of] p1a: Tanquesito\n|turn|1\n|\n|t:|1699752996\n|move|p2a: Braviary|Esper Wing|p1a: Tanquesito\n|-damage|p1a: Tanquesito|54\/100\n|-boost|p2a: Braviary|spe|1\n|move|p1a: Tanquesito|Stealth Rock|p2a: Braviary\n|-sidestart|p2: Accelerater01|move: Stealth Rock\n|\n|-weather|SunnyDay|[upkeep]\n|upkeep\n|turn|2\n|\n|t:|1699753014\n|switch|p1a: Torrenzo|Great Tusk|100\/100\n|-activate|p1a: Torrenzo|ability: Protosynthesis\n|-start|p1a: Torrenzo|protosynthesisatk\n|move|p2a: Braviary|Hurricane|p1a: Torrenzo|[miss]\n|-miss|p2a: Braviary|p1a: Torrenzo\n|\n|-weather|SunnyDay|[upkeep]\n|upkeep\n|turn|3\n|\n|t:|1699753021\n|-zpower|p2a: Braviary\n|move|p2a: Braviary|Supersonic Skystrike|p1a: Torrenzo|[zeffect]\n|-supereffective|p1a: Torrenzo\n|-damage|p1a: Torrenzo|0 fnt\n|faint|p1a: Torrenzo\n|-end|p1a: Torrenzo|Protosynthesis|[silent]\n|\n|-weather|SunnyDay|[upkeep]\n|upkeep\n|\n|t:|1699753027\n|switch|p1a: Rockapelo|Sandy Shocks|100\/100\n|-activate|p1a: Rockapelo|ability: Protosynthesis\n|-start|p1a: Rockapelo|protosynthesisspa\n|turn|4\n|\n|t:|1699753036\n|switch|p2a: Clodsire|Clodsire, M, shiny|100\/100\n|-damage|p2a: Clodsire|94\/100|[from] Stealth Rock\n|move|p1a: Rockapelo|Thunderbolt|p2a: Clodsire\n|-immune|p2a: Clodsire\n|\n|-weather|SunnyDay|[upkeep]\n|-heal|p2a: Clodsire|100\/100|[from] item: Leftovers\n|upkeep\n|turn|5\n|\n|t:|1699753046\n|-end|p1a: Rockapelo|Protosynthesis|[silent]\n|switch|p1a: Carlengues|Ceruledge, M|100\/100\n|move|p2a: Clodsire|Yawn|p1a: Carlengues\n|-start|p1a: Carlengues|move: Yawn|[of] p2a: Clodsire\n|\n|-weather|SunnyDay|[upkeep]\n|upkeep\n|turn|6\n|\n|t:|1699753058\n|move|p1a: Carlengues|Bitter Blade|p2a: Clodsire\n|-damage|p2a: Clodsire|14\/100\n|move|p2a: Clodsire|Spikes|p1a: Carlengues\n|-sidestart|p1: Leocrack57|Spikes\n|\n|-weather|SunnyDay|[upkeep]\n|-heal|p2a: Clodsire|20\/100|[from] item: Leftovers\n|-end|p1a: Carlengues|move: Yawn|[silent]\n|-status|p1a: Carlengues|slp\n|upkeep\n|turn|7\n|\n|t:|1699753081\n|switch|p2a: Lopunny|Lopunny, F|100\/100\n|-damage|p2a: Lopunny|88\/100|[from] Stealth Rock\n|cant|p1a: Carlengues|slp\n|\n|-weather|SunnyDay|[upkeep]\n|upkeep\n|turn|8\n|\n|t:|1699753088\n|detailschange|p2a: Lopunny|Lopunny-Mega, F\n|-mega|p2a: Lopunny|Lopunny|Lopunnite\n|move|p2a: Lopunny|Close Combat|p1a: Carlengues\n|-damage|p1a: Carlengues|36\/100 slp\n|-unboost|p2a: Lopunny|def|1\n|-unboost|p2a: Lopunny|spd|1\n|-ability|p1a: Carlengues|Weak Armor|boost\n|-unboost|p1a: Carlengues|def|1\n|-boost|p1a: Carlengues|spe|2\n|cant|p1a: Carlengues|slp\n|\n|-weather|none\n|upkeep\n|turn|9\n|\n|t:|1699753099\n|move|p2a: Lopunny|Quick Attack|p1a: Carlengues\n|-damage|p1a: Carlengues|0 fnt\n|faint|p1a: Carlengues\n|\n|upkeep\n|\n|t:|1699753104\n|switch|p1a: Drake|Pinsir, M|100\/100\n|-damage|p1a: Drake|88\/100|[from] Spikes\n|turn|10\n|\n|t:|1699753111\n|switch|p2a: Tapu Lele|Tapu Lele, shiny|100\/100\n|-damage|p2a: Tapu Lele|88\/100|[from] Stealth Rock\n|-fieldstart|move: Psychic Terrain|[from] ability: Psychic Surge|[of] p2a: Tapu Lele\n|detailschange|p1a: Drake|Pinsir-Mega, M\n|-mega|p1a: Drake|Pinsir|Pinsirite\n|move|p1a: Drake|Quick Attack|p2a: Tapu Lele\n|-activate|p2a: Tapu Lele|move: Psychic Terrain\n|\n|upkeep\n|turn|11\n|\n|t:|1699753123\n|switch|p1a: Tanquesito|Torkoal, M|54\/100\n|-damage|p1a: Tanquesito|42\/100|[from] Spikes\n|-weather|SunnyDay|[from] ability: Drought|[of] p1a: Tanquesito\n|-terastallize|p2a: Tapu Lele|Psychic\n|move|p2a: Tapu Lele|Psychic|p1a: Tanquesito\n|-damage|p1a: Tanquesito|0 fnt\n|faint|p1a: Tanquesito\n|\n|-weather|SunnyDay|[upkeep]\n|upkeep\n|\n|t:|1699753137\n|switch|p1a: Gre\u00f1udo|Venusaur, M|100\/100\n|-damage|p1a: Gre\u00f1udo|88\/100|[from] Spikes\n|turn|12\n|\n|t:|1699753151\n|switch|p2a: Iron Treads|Iron Treads, shiny|100\/100\n|-damage|p2a: Iron Treads|97\/100|[from] Stealth Rock\n|-enditem|p2a: Iron Treads|Booster Energy\n|-activate|p2a: Iron Treads|ability: Quark Drive|[fromitem]\n|-start|p2a: Iron Treads|quarkdrivespe\n|move|p1a: Gre\u00f1udo|Solar Beam||[still]\n|-prepare|p1a: Gre\u00f1udo|Solar Beam\n|-anim|p1a: Gre\u00f1udo|Solar Beam|p2a: Iron Treads\n|-damage|p2a: Iron Treads|0 fnt\n|faint|p2a: Iron Treads\n|-end|p2a: Iron Treads|Quark Drive|[silent]\n|-damage|p1a: Gre\u00f1udo|78\/100|[from] item: Life Orb\n|\n|-weather|SunnyDay|[upkeep]\n|upkeep\n|\n|t:|1699753161\n|switch|p2a: Lopunny|Lopunny-Mega, F|88\/100\n|-damage|p2a: Lopunny|82\/100|[from] Stealth Rock\n|turn|13\n|\n|t:|1699753179\n|switch|p2a: Clodsire|Clodsire, M, shiny|20\/100\n|-damage|p2a: Clodsire|14\/100|[from] Stealth Rock\n|move|p1a: Gre\u00f1udo|Solar Beam||[still]\n|-prepare|p1a: Gre\u00f1udo|Solar Beam\n|-anim|p1a: Gre\u00f1udo|Solar Beam|p2a: Clodsire\n|-crit|p2a: Clodsire\n|-damage|p2a: Clodsire|0 fnt\n|faint|p2a: Clodsire\n|-damage|p1a: Gre\u00f1udo|69\/100|[from] item: Life Orb\n|\n|-weather|SunnyDay|[upkeep]\n|upkeep\n|\n|t:|1699753198\n|switch|p2a: Hoopa|Hoopa-Unbound|100\/100\n|-damage|p2a: Hoopa|88\/100|[from] Stealth Rock\n|turn|14\n|\n|t:|1699753207\n|move|p1a: Gre\u00f1udo|Solar Beam||[still]\n|-prepare|p1a: Gre\u00f1udo|Solar Beam\n|-anim|p1a: Gre\u00f1udo|Solar Beam|p2a: Hoopa\n|-damage|p2a: Hoopa|20\/100\n|-damage|p1a: Gre\u00f1udo|59\/100|[from] item: Life Orb\n|move|p2a: Hoopa|Hyperspace Fury|p1a: Gre\u00f1udo\n|-damage|p1a: Gre\u00f1udo|0 fnt\n|-unboost|p2a: Hoopa|def|1\n|faint|p1a: Gre\u00f1udo\n|\n|-weather|SunnyDay|[upkeep]\n|-fieldend|move: Psychic Terrain\n|upkeep\n|\n|t:|1699753225\n|switch|p1a: Rockapelo|Sandy Shocks|100\/100\n|-damage|p1a: Rockapelo|88\/100|[from] Spikes\n|-activate|p1a: Rockapelo|ability: Protosynthesis\n|-start|p1a: Rockapelo|protosynthesisspa\n|turn|15\n|\n|t:|1699753231\n|move|p1a: Rockapelo|Thunderbolt|p2a: Hoopa\n|-damage|p2a: Hoopa|0 fnt\n|faint|p2a: Hoopa\n|\n|-weather|SunnyDay|[upkeep]\n|upkeep\n|\n|t:|1699753238\n|switch|p2a: Tapu Lele|Tapu Lele, shiny, tera:Psychic|88\/100\n|-damage|p2a: Tapu Lele|76\/100|[from] Stealth Rock\n|-fieldstart|move: Psychic Terrain|[from] ability: Psychic Surge|[of] p2a: Tapu Lele\n|turn|16\n|\n|t:|1699753241\n|move|p2a: Tapu Lele|Psychic|p1a: Rockapelo\n|-damage|p1a: Rockapelo|0 fnt\n|faint|p1a: Rockapelo\n|-end|p1a: Rockapelo|Protosynthesis|[silent]\n|\n|-weather|SunnyDay|[upkeep]\n|upkeep\n|\n|t:|1699753244\n|switch|p1a: Drake|Pinsir-Mega, M|88\/100\n|turn|17\n|\n|t:|1699753246\n|move|p2a: Tapu Lele|Psychic|p1a: Drake\n|-crit|p1a: Drake\n|-damage|p1a: Drake|0 fnt\n|faint|p1a: Drake\n|\n|win|Accelerater01\n|raw|Leocrack57's rating: 1542 &rarr; <strong>1527<\/strong><br \/>(-15 for losing)\n|raw|Accelerater01's rating: 1627 &rarr; <strong>1642<\/strong><br \/>(+15 for winning)\n|l|\u2606Leocrack57\n","uploadtime":1699753259,"views":5,"p1id":"leocrack57","p2id":"accelerater01","formatid":"gen9nationaldex","rating":1527,"private":0,"password":""}