{"id":"gen9nationaldex-1997973854","p1":"Bonecrusher Hyena","p2":"FrostBv","format":"[Gen 9] National Dex","log":"|html|<div class=\"broadcast-blue\"><strong>[Gen 9] National Dex is currently suspecting Sneasler! For information on how to participate check out the <a href=\"https:\/\/www.smogon.com\/forums\/threads\/sv-national-dex-suspect-8-just-dance.3731534\/\">suspect thread<\/a>.<\/strong><\/div>\n|j|\u2606Bonecrusher Hyena\n|j|\u2606FrostBv\n|t:|1700874068\n|gametype|singles\n|player|p1|Bonecrusher Hyena|flannery|1126\n|player|p2|FrostBv|giovanni|1198\n|teamsize|p1|6\n|teamsize|p2|6\n|gen|9\n|tier|[Gen 9] National Dex\n|rated|\n|rule|HP Percentage Mod: HP is shown in percentages\n|rule|Endless Battle Clause: Forcing endless battles is banned\n|rule|OHKO Clause: OHKO moves are banned\n|rule|Evasion Clause: Evasion abilities, items, and moves are banned\n|rule|Evasion Abilities Clause: Evasion abilities are banned\n|rule|Evasion Items Clause: Evasion items are banned\n|rule|Evasion Moves Clause: Evasion moves are banned\n|rule|Species Clause: Limit one of each Pok\u00e9mon\n|rule|Sleep Clause Mod: Limit one foe put to sleep\n|clearpoke\n|poke|p1|Raichu, M|\n|poke|p1|Tyranitar, F|\n|poke|p1|Vaporeon, F|\n|poke|p1|Haxorus, F|\n|poke|p1|Lucario, M|\n|poke|p1|Charizard, M|\n|poke|p2|Rotom-Wash|\n|poke|p2|Clodsire, F|\n|poke|p2|Weavile, F|\n|poke|p2|Samurott-Hisui, M|\n|poke|p2|Bisharp, M|\n|poke|p2|Scrafty, M|\n|teampreview\n|\n|t:|1700874073\n|start\n|switch|p1a: Hatchet|Haxorus, F|100\/100\n|switch|p2a: Ikar|Clodsire, F|100\/100\n|-ability|p1a: Hatchet|Mold Breaker\n|turn|1\n|inactive|Battle timer is ON: inactive players will automatically lose when time's up. (requested by Bonecrusher Hyena)\n|\n|t:|1700874082\n|move|p1a: Hatchet|Earthquake|p2a: Ikar\n|-supereffective|p2a: Ikar\n|-damage|p2a: Ikar|0 fnt\n|faint|p2a: Ikar\n|\n|upkeep\n|\n|t:|1700874089\n|switch|p2a: Cholito|Weavile, F|100\/100\n|-ability|p2a: Cholito|Pressure\n|turn|2\n|\n|t:|1700874095\n|move|p2a: Cholito|Triple Axel|p1a: Hatchet\n|-supereffective|p1a: Hatchet\n|-damage|p1a: Hatchet|74\/100\n|-supereffective|p1a: Hatchet\n|-crit|p1a: Hatchet\n|-damage|p1a: Hatchet|0 fnt\n|faint|p1a: Hatchet\n|-hitcount|p1: Hatchet|2\n|\n|upkeep\n|\n|t:|1700874102\n|switch|p1a: Fenris|Lucario, M|100\/100\n|turn|3\n|\n|t:|1700874107\n|switch|p2a: VINTOOOOOOR|Rotom-Wash|100\/100\n|move|p1a: Fenris|Drain Punch|p2a: VINTOOOOOOR\n|-damage|p2a: VINTOOOOOOR|47\/100\n|\n|-heal|p2a: VINTOOOOOOR|53\/100|[from] item: Leftovers\n|upkeep\n|turn|4\n|\n|t:|1700874114\n|move|p1a: Fenris|Extreme Speed|p2a: VINTOOOOOOR\n|-damage|p2a: VINTOOOOOOR|17\/100\n|move|p2a: VINTOOOOOOR|Will-O-Wisp|p1a: Fenris\n|-status|p1a: Fenris|brn\n|\n|-heal|p2a: VINTOOOOOOR|23\/100|[from] item: Leftovers\n|-damage|p1a: Fenris|94\/100 brn|[from] brn\n|upkeep\n|turn|5\n|\n|t:|1700874124\n|move|p1a: Fenris|Extreme Speed|p2a: VINTOOOOOOR\n|-crit|p2a: VINTOOOOOOR\n|-damage|p2a: VINTOOOOOOR|0 fnt\n|faint|p2a: VINTOOOOOOR\n|\n|-damage|p1a: Fenris|88\/100 brn|[from] brn\n|upkeep\n|\n|t:|1700874134\n|switch|p2a: Bisharp|Bisharp, M, shiny|100\/100\n|turn|6\n|\n|t:|1700874139\n|move|p1a: Fenris|Drain Punch|p2a: Bisharp\n|-supereffective|p2a: Bisharp\n|-damage|p2a: Bisharp|47\/100\n|-heal|p1a: Fenris|100\/100 brn|[from] drain|[of] p2a: Bisharp\n|move|p2a: Bisharp|Swords Dance|p2a: Bisharp\n|-boost|p2a: Bisharp|atk|2\n|\n|-damage|p1a: Fenris|94\/100 brn|[from] brn\n|upkeep\n|turn|7\n|\n|t:|1700874150\n|-terastallize|p2a: Bisharp|Fairy\n|move|p1a: Fenris|Drain Punch|p2a: Bisharp\n|-resisted|p2a: Bisharp\n|-damage|p2a: Bisharp|40\/100\n|-heal|p1a: Fenris|99\/100 brn|[from] drain|[of] p2a: Bisharp\n|move|p2a: Bisharp|Iron Head|p1a: Fenris\n|-resisted|p1a: Fenris\n|-damage|p1a: Fenris|23\/100 brn\n|\n|-damage|p1a: Fenris|17\/100 brn|[from] brn\n|upkeep\n|turn|8\n|\n|t:|1700874160\n|move|p2a: Bisharp|Sucker Punch|p1a: Fenris\n|-resisted|p1a: Fenris\n|-damage|p1a: Fenris|0 fnt\n|faint|p1a: Fenris\n|\n|upkeep\n|\n|t:|1700874165\n|switch|p1a: Wattson|Raichu, M|100\/100\n|turn|9\n|\n|t:|1700874169\n|move|p2a: Bisharp|Sucker Punch|p1a: Wattson\n|-damage|p1a: Wattson|0 fnt\n|faint|p1a: Wattson\n|\n|upkeep\n|\n|t:|1700874172\n|switch|p1a: Ares|Charizard, M|100\/100\n|turn|10\n|\n|t:|1700874176\n|move|p2a: Bisharp|Sucker Punch|p1a: Ares\n|-damage|p1a: Ares|0 fnt\n|faint|p1a: Ares\n|\n|upkeep\n|\n|t:|1700874181\n|switch|p1a: Kat|Vaporeon, F|100\/100\n|turn|11\n|\n|t:|1700874184\n|-terastallize|p1a: Kat|Ghost\n|move|p2a: Bisharp|Sucker Punch|p1a: Kat\n|-supereffective|p1a: Kat\n|-damage|p1a: Kat|0 fnt\n|faint|p1a: Kat\n|\n|upkeep\n|\n|t:|1700874191\n|switch|p1a: Kaiju|Tyranitar, F|100\/100\n|-weather|Sandstorm|[from] ability: Sand Stream|[of] p1a: Kaiju\n|turn|12\n|\n|t:|1700874195\n|move|p1a: Kaiju|Rock Slide|p2a: Bisharp\n|-damage|p2a: Bisharp|9\/100\n|move|p2a: Bisharp|Iron Head|p1a: Kaiju\n|-supereffective|p1a: Kaiju\n|-damage|p1a: Kaiju|0 fnt\n|faint|p1a: Kaiju\n|\n|win|FrostBv\n|raw|Bonecrusher Hyena's rating: 1126 &rarr; <strong>1106<\/strong><br \/>(-20 for losing)\n|raw|FrostBv's rating: 1198 &rarr; <strong>1218<\/strong><br \/>(+20 for winning)\n|c|\u2606Bonecrusher Hyena|gg\n|l|\u2606Bonecrusher Hyena\n","uploadtime":1700874208,"views":4,"p1id":"bonecrusherhyena","p2id":"frostbv","formatid":"gen9nationaldex","rating":1106,"private":0,"password":""}