{"id":"gen9nationaldex-1995326573","p1":"fart0s","p2":"Greedy Monarch","format":"[Gen 9] National Dex","log":"|html|<div class=\"broadcast-blue\"><strong>[Gen 9] National Dex is currently suspecting Sneasler! For information on how to participate check out the <a href=\"https:\/\/www.smogon.com\/forums\/threads\/sv-national-dex-suspect-8-just-dance.3731534\/\">suspect thread<\/a>.<\/strong><\/div>\n|j|\u2606fart0s\n|j|\u2606Greedy Monarch\n|t:|1700554190\n|gametype|singles\n|player|p1|fart0s|unknown|1208\n|player|p2|Greedy Monarch|101|1193\n|teamsize|p1|6\n|teamsize|p2|6\n|gen|9\n|tier|[Gen 9] National Dex\n|rated|\n|rule|HP Percentage Mod: HP is shown in percentages\n|rule|Endless Battle Clause: Forcing endless battles is banned\n|rule|OHKO Clause: OHKO moves are banned\n|rule|Evasion Clause: Evasion abilities, items, and moves are banned\n|rule|Evasion Abilities Clause: Evasion abilities are banned\n|rule|Evasion Items Clause: Evasion items are banned\n|rule|Evasion Moves Clause: Evasion moves are banned\n|rule|Species Clause: Limit one of each Pok\u00e9mon\n|rule|Sleep Clause Mod: Limit one foe put to sleep\n|clearpoke\n|poke|p1|Moltres|\n|poke|p1|Charizard, F|\n|poke|p1|Kartana|\n|poke|p1|Urshifu-*, F|\n|poke|p1|Greninja-*, F|\n|poke|p1|Tyranitar, M|\n|poke|p2|Scolipede, M|\n|poke|p2|Scizor, M|\n|poke|p2|Scyther, F|\n|poke|p2|Pinsir, F|\n|poke|p2|Frosmoth, F|\n|poke|p2|Kleavor, M|\n|teampreview\n|inactive|Battle timer is ON: inactive players will automatically lose when time's up. (requested by fart0s)\n|\n|t:|1700554205\n|start\n|switch|p1a: Urshifu|Urshifu-Rapid-Strike, F|100\/100\n|switch|p2a: Vitiosis|Scyther, F|100\/100\n|turn|1\n|\n|t:|1700554213\n|move|p1a: Urshifu|Aqua Jet|p2a: Vitiosis\n|-damage|p2a: Vitiosis|75\/100\n|move|p2a: Vitiosis|Dual Wingbeat|p1a: Urshifu\n|-supereffective|p1a: Urshifu\n|-damage|p1a: Urshifu|42\/100\n|-supereffective|p1a: Urshifu\n|-damage|p1a: Urshifu|0 fnt\n|faint|p1a: Urshifu\n|-hitcount|p1: Urshifu|2\n|\n|upkeep\n|\n|t:|1700554218\n|switch|p1a: Charizard|Charizard, F|100\/100\n|turn|2\n|\n|t:|1700554226\n|-terastallize|p2a: Vitiosis|Normal\n|move|p1a: Charizard|Dragon Dance|p1a: Charizard\n|-boost|p1a: Charizard|atk|1\n|-boost|p1a: Charizard|spe|1\n|move|p2a: Vitiosis|Swords Dance|p2a: Vitiosis\n|-boost|p2a: Vitiosis|atk|2\n|\n|upkeep\n|turn|3\n|\n|t:|1700554237\n|detailschange|p1a: Charizard|Charizard-Mega-X, F\n|-mega|p1a: Charizard|Charizard|Charizardite X\n|move|p1a: Charizard|Dragon Claw|p2a: Vitiosis\n|-crit|p2a: Vitiosis\n|-damage|p2a: Vitiosis|0 fnt\n|faint|p2a: Vitiosis\n|\n|upkeep\n|\n|t:|1700554249\n|switch|p2a: Scorn|Scolipede, M|100\/100\n|turn|4\n|\n|t:|1700554268\n|move|p2a: Scorn|Protect|p2a: Scorn\n|-singleturn|p2a: Scorn|Protect\n|move|p1a: Charizard|Dragon Claw|p2a: Scorn\n|-activate|p2a: Scorn|move: Protect\n|\n|-ability|p2a: Scorn|Speed Boost|boost\n|-boost|p2a: Scorn|spe|1\n|upkeep\n|turn|5\n|\n|t:|1700554280\n|move|p1a: Charizard|Flare Blitz|p2a: Scorn\n|-supereffective|p2a: Scorn\n|-damage|p2a: Scorn|0 fnt\n|faint|p2a: Scorn\n|-damage|p1a: Charizard|72\/100|[from] Recoil\n|\n|upkeep\n|\n|t:|1700554291\n|switch|p2a: Kharn|Kleavor, M|100\/100\n|turn|6\n|\n|t:|1700554293\n|move|p1a: Charizard|Earthquake|p2a: Kharn\n|-damage|p2a: Kharn|32\/100\n|move|p2a: Kharn|Stone Axe|p1a: Charizard\n|-supereffective|p1a: Charizard\n|-damage|p1a: Charizard|0 fnt\n|-sidestart|p1: fart0s|move: Stealth Rock\n|faint|p1a: Charizard\n|\n|upkeep\n|\n|t:|1700554300\n|switch|p1a: Kartana|Kartana|100\/100\n|-damage|p1a: Kartana|94\/100|[from] Stealth Rock\n|turn|7\n|\n|t:|1700554312\n|switch|p2a: Scarab|Pinsir, F|100\/100\n|-ability|p2a: Scarab|Mold Breaker\n|move|p1a: Kartana|Knock Off|p2a: Scarab\n|-damage|p2a: Scarab|55\/100\n|\n|upkeep\n|turn|8\n|\n|t:|1700554323\n|switch|p1a: Moltres|Moltres|100\/100\n|detailschange|p2a: Scarab|Pinsir-Mega, F\n|-mega|p2a: Scarab|Pinsir|Pinsirite\n|move|p2a: Scarab|Double-Edge|p1a: Moltres\n|-damage|p1a: Moltres|6\/100\n|-damage|p2a: Scarab|18\/100|[from] Recoil\n|\n|upkeep\n|turn|9\n|\n|t:|1700554334\n|move|p2a: Scarab|Quick Attack|p1a: Moltres\n|-damage|p1a: Moltres|0 fnt\n|faint|p1a: Moltres\n|\n|upkeep\n|\n|t:|1700554340\n|switch|p1a: Tyranitar|Tyranitar, M|100\/100\n|-damage|p1a: Tyranitar|88\/100|[from] Stealth Rock\n|-weather|Sandstorm|[from] ability: Sand Stream|[of] p1a: Tyranitar\n|turn|10\n|\n|t:|1700554349\n|move|p2a: Scarab|Storm Throw|p1a: Tyranitar\n|-supereffective|p1a: Tyranitar\n|-crit|p1a: Tyranitar\n|-damage|p1a: Tyranitar|0 fnt\n|faint|p1a: Tyranitar\n|\n|-weather|Sandstorm|[upkeep]\n|-damage|p2a: Scarab|12\/100|[from] Sandstorm\n|upkeep\n|\n|t:|1700554357\n|switch|p1a: Kartana|Kartana|94\/100\n|-damage|p1a: Kartana|88\/100|[from] Stealth Rock\n|turn|11\n|\n|t:|1700554363\n|move|p2a: Scarab|Quick Attack|p1a: Kartana\n|-damage|p1a: Kartana|56\/100\n|move|p1a: Kartana|Knock Off|p2a: Scarab\n|-damage|p2a: Scarab|0 fnt\n|faint|p2a: Scarab\n|-ability|p1a: Kartana|Beast Boost|boost\n|-boost|p1a: Kartana|atk|1\n|\n|-weather|Sandstorm|[upkeep]\n|upkeep\n|\n|t:|1700554367\n|switch|p2a: Sector|Scizor, M|100\/100\n|turn|12\n|\n|t:|1700554374\n|move|p1a: Kartana|Knock Off|p2a: Sector\n|-damage|p2a: Sector|0 fnt\n|-enditem|p2a: Sector|Iron Plate|[from] move: Knock Off|[of] p1a: Kartana\n|faint|p2a: Sector\n|-ability|p1a: Kartana|Beast Boost|boost\n|-boost|p1a: Kartana|atk|1\n|\n|-weather|Sandstorm|[upkeep]\n|upkeep\n|\n|t:|1700554379\n|switch|p2a: Kharn|Kleavor, M|32\/100\n|turn|13\n|\n|t:|1700554382\n|move|p2a: Kharn|X-Scissor|p1a: Kartana\n|-crit|p1a: Kartana\n|-damage|p1a: Kartana|0 fnt\n|faint|p1a: Kartana\n|\n|-weather|Sandstorm|[upkeep]\n|upkeep\n|\n|t:|1700554384\n|switch|p1a: Greninja|Greninja, F|100\/100\n|-damage|p1a: Greninja|88\/100|[from] Stealth Rock\n|turn|14\n|\n|t:|1700554388\n|move|p2a: Kharn|X-Scissor|p1a: Greninja\n|-supereffective|p1a: Greninja\n|-damage|p1a: Greninja|0 fnt\n|faint|p1a: Greninja\n|\n|win|Greedy Monarch\n|raw|fart0s's rating: 1208 &rarr; <strong>1182<\/strong><br \/>(-26 for losing)\n|raw|Greedy Monarch's rating: 1193 &rarr; <strong>1219<\/strong><br \/>(+26 for winning)\n|l|\u2606fart0s\n","uploadtime":1700554392,"views":10,"p1id":"fart0s","p2id":"greedymonarch","formatid":"gen9nationaldex","rating":1182,"private":0,"password":""}