{"id":"gen9nationaldex-1988836759","p1":"Souravgotthepkmn1","p2":"Dhaval101","format":"[Gen 9] National Dex","log":"|j|\u2606Souravgotthepkmn1\n|j|\u2606Dhaval101\n|t:|1699770836\n|gametype|singles\n|player|p1|Souravgotthepkmn1|gambler|\n|player|p2|Dhaval101|riley|\n|teamsize|p1|6\n|teamsize|p2|6\n|gen|9\n|tier|[Gen 9] National Dex\n|rule|HP Percentage Mod: HP is shown in percentages\n|rule|Endless Battle Clause: Forcing endless battles is banned\n|rule|OHKO Clause: OHKO moves are banned\n|rule|Evasion Clause: Evasion abilities, items, and moves are banned\n|rule|Evasion Abilities Clause: Evasion abilities are banned\n|rule|Evasion Items Clause: Evasion items are banned\n|rule|Evasion Moves Clause: Evasion moves are banned\n|rule|Species Clause: Limit one of each Pok\u00e9mon\n|rule|Sleep Clause Mod: Limit one foe put to sleep\n|clearpoke\n|poke|p1|Scizor, M|\n|poke|p1|Machamp, F|\n|poke|p1|Inteleon, F|\n|poke|p1|Slither Wing|\n|poke|p1|Garganacl, F|\n|poke|p1|Meowscarada, F|\n|poke|p2|Barbaracle, M|\n|poke|p2|Iron Valiant|\n|poke|p2|Aegislash, F|\n|poke|p2|Rillaboom, M|\n|poke|p2|Cinderace, M|\n|poke|p2|Venusaur, F|\n|teampreview\n|inactive|Battle timer is ON: inactive players will automatically lose when time's up. (requested by Souravgotthepkmn1)\n|\n|t:|1699770845\n|start\n|switch|p1a: Meowscarada|Meowscarada, F|100\/100\n|switch|p2a: Cinderace|Cinderace, M|100\/100\n|turn|1\n|\n|t:|1699770856\n|move|p1a: Meowscarada|Acrobatics|p2a: Cinderace\n|-start|p1a: Meowscarada|typechange|Flying|[from] ability: Protean\n|-damage|p2a: Cinderace|65\/100\n|move|p2a: Cinderace|Pyro Ball|p1a: Meowscarada\n|-damage|p1a: Meowscarada|18\/100\n|\n|upkeep\n|turn|2\n|\n|t:|1699770880\n|move|p1a: Meowscarada|Acrobatics|p2a: Cinderace\n|-damage|p2a: Cinderace|27\/100\n|move|p2a: Cinderace|High Jump Kick|p1a: Meowscarada\n|-start|p2a: Cinderace|typechange|Fighting|[from] ability: Libero\n|-resisted|p1a: Meowscarada\n|-damage|p1a: Meowscarada|0 fnt\n|faint|p1a: Meowscarada\n|\n|upkeep\n|\n|t:|1699770891\n|switch|p1a: Garganacl|Garganacl, F|100\/100\n|turn|3\n|\n|t:|1699770895\n|move|p2a: Cinderace|High Jump Kick|p1a: Garganacl\n|-supereffective|p1a: Garganacl\n|-damage|p1a: Garganacl|41\/100\n|move|p1a: Garganacl|Iron Defense|p1a: Garganacl\n|-boost|p1a: Garganacl|def|2\n|\n|-heal|p1a: Garganacl|47\/100|[from] item: Leftovers\n|upkeep\n|turn|4\n|\n|t:|1699770908\n|switch|p2a: Venusaur|Venusaur, F|100\/100\n|move|p1a: Garganacl|Recover|p1a: Garganacl\n|-heal|p1a: Garganacl|97\/100\n|\n|-heal|p1a: Garganacl|100\/100|[from] item: Leftovers\n|upkeep\n|turn|5\n|\n|t:|1699770928\n|switch|p1a: Slither Wing|Slither Wing, shiny|100\/100\n|detailschange|p2a: Venusaur|Venusaur-Mega, F\n|-mega|p2a: Venusaur|Venusaur|Venusaurite\n|move|p2a: Venusaur|Earth Power|p1a: Slither Wing\n|-resisted|p1a: Slither Wing\n|-damage|p1a: Slither Wing|85\/100\n|\n|upkeep\n|turn|6\n|\n|t:|1699770941\n|switch|p2a: Cinderace|Cinderace, M|27\/100\n|-terastallize|p1a: Slither Wing|Bug\n|move|p1a: Slither Wing|First Impression|p2a: Cinderace\n|-resisted|p2a: Cinderace\n|-damage|p2a: Cinderace|0 fnt\n|faint|p2a: Cinderace\n|\n|upkeep\n|\n|t:|1699770954\n|switch|p2a: Iron Valiant|Iron Valiant|100\/100\n|-enditem|p2a: Iron Valiant|Booster Energy\n|-activate|p2a: Iron Valiant|ability: Quark Drive|[fromitem]\n|-start|p2a: Iron Valiant|quarkdrivespe\n|turn|7\n|\n|t:|1699770974\n|-end|p1a: Slither Wing|Protosynthesis|[silent]\n|switch|p1a: Scizor|Scizor, M|100\/100\n|move|p2a: Iron Valiant|Psychic|p1a: Scizor\n|-resisted|p1a: Scizor\n|-damage|p1a: Scizor|84\/100\n|\n|upkeep\n|turn|8\n|\n|t:|1699770993\n|-terastallize|p2a: Iron Valiant|Grass\n|move|p1a: Scizor|Bullet Punch|p2a: Iron Valiant\n|-damage|p2a: Iron Valiant|66\/100\n|move|p2a: Iron Valiant|Aura Sphere|p1a: Scizor\n|-damage|p1a: Scizor|37\/100\n|\n|upkeep\n|turn|9\n|\n|t:|1699771005\n|detailschange|p1a: Scizor|Scizor-Mega, M\n|-mega|p1a: Scizor|Scizor|Scizorite\n|move|p2a: Iron Valiant|Aura Sphere|p1a: Scizor\n|-damage|p1a: Scizor|0 fnt\n|faint|p1a: Scizor\n|\n|upkeep\n|\n|t:|1699771017\n|switch|p1a: Inteleon|Inteleon, F|100\/100\n|turn|10\n|\n|t:|1699771023\n|move|p2a: Iron Valiant|Moonblast|p1a: Inteleon\n|-damage|p1a: Inteleon|30\/100\n|-unboost|p1a: Inteleon|spa|1\n|move|p1a: Inteleon|Ice Beam|p2a: Iron Valiant\n|-supereffective|p2a: Iron Valiant\n|-damage|p2a: Iron Valiant|0 fnt\n|faint|p2a: Iron Valiant\n|-end|p2a: Iron Valiant|Quark Drive|[silent]\n|\n|upkeep\n|\n|t:|1699771045\n|switch|p2a: Rillaboom|Rillaboom, M|100\/100\n|-fieldstart|move: Grassy Terrain|[from] ability: Grassy Surge|[of] p2a: Rillaboom\n|turn|11\n|\n|t:|1699771061\n|switch|p1a: Slither Wing|Slither Wing, shiny, tera:Bug|85\/100\n|move|p2a: Rillaboom|Drum Beating|p1a: Slither Wing\n|-resisted|p1a: Slither Wing\n|-damage|p1a: Slither Wing|24\/100\n|-unboost|p1a: Slither Wing|spe|1\n|\n|-heal|p1a: Slither Wing|30\/100|[from] Grassy Terrain\n|upkeep\n|turn|12\n|\n|t:|1699771072\n|move|p1a: Slither Wing|First Impression|p2a: Rillaboom\n|-supereffective|p2a: Rillaboom\n|-damage|p2a: Rillaboom|0 fnt\n|faint|p2a: Rillaboom\n|\n|-heal|p1a: Slither Wing|36\/100|[from] Grassy Terrain\n|upkeep\n|\n|t:|1699771082\n|switch|p2a: Aegislash|Aegislash, F|100\/100\n|turn|13\n|\n|t:|1699771096\n|-end|p1a: Slither Wing|Protosynthesis|[silent]\n|switch|p1a: Machamp|Machamp, F|100\/100\n|-formechange|p2a: Aegislash|Aegislash-Blade||[from] ability: Stance Change\n|move|p2a: Aegislash|Iron Head|p1a: Machamp\n|-damage|p1a: Machamp|49\/100\n|\n|-heal|p1a: Machamp|55\/100|[from] Grassy Terrain\n|-status|p1a: Machamp|brn|[from] item: Flame Orb\n|upkeep\n|turn|14\n|\n|t:|1699771116\n|-formechange|p2a: Aegislash|Aegislash||[from] ability: Stance Change\n|move|p2a: Aegislash|King's Shield|p2a: Aegislash\n|-singleturn|p2a: Aegislash|Protect\n|move|p1a: Machamp|Knock Off|p2a: Aegislash\n|-activate|p2a: Aegislash|move: Protect\n|-unboost|p1a: Machamp|atk|1\n|\n|-heal|p1a: Machamp|61\/100 brn|[from] Grassy Terrain\n|-damage|p1a: Machamp|55\/100 brn|[from] brn\n|upkeep\n|turn|15\n|\n|t:|1699771130\n|-formechange|p2a: Aegislash|Aegislash-Blade||[from] ability: Stance Change\n|move|p2a: Aegislash|Iron Head|p1a: Machamp\n|-damage|p1a: Machamp|5\/100 brn\n|move|p1a: Machamp|Knock Off|p2a: Aegislash\n|-supereffective|p2a: Aegislash\n|-crit|p2a: Aegislash\n|-damage|p2a: Aegislash|0 fnt\n|-enditem|p2a: Aegislash|Leftovers|[from] move: Knock Off|[of] p1a: Machamp\n|faint|p2a: Aegislash\n|\n|-heal|p1a: Machamp|11\/100 brn|[from] Grassy Terrain\n|-damage|p1a: Machamp|5\/100 brn|[from] brn\n|-fieldend|move: Grassy Terrain\n|upkeep\n|inactive|Dhaval101 has 270 seconds left.\n|\n|t:|1699771152\n|switch|p2a: Barbaracle|Barbaracle, M|100\/100\n|turn|16\n|inactive|Dhaval101 has 270 seconds left.\n|\n|t:|1699771164\n|move|p1a: Machamp|Bullet Punch|p2a: Barbaracle\n|-damage|p2a: Barbaracle|85\/100\n|move|p2a: Barbaracle|Liquidation|p1a: Machamp\n|-damage|p1a: Machamp|0 fnt\n|faint|p1a: Machamp\n|\n|upkeep\n|\n|t:|1699771175\n|switch|p1a: Slither Wing|Slither Wing, shiny, tera:Bug|36\/100\n|turn|17\n|\n|t:|1699771181\n|move|p1a: Slither Wing|First Impression|p2a: Barbaracle\n|-damage|p2a: Barbaracle|0 fnt\n|faint|p2a: Barbaracle\n|\n|upkeep\n|\n|t:|1699771186\n|switch|p2a: Venusaur|Venusaur-Mega, F|100\/100\n|turn|18\n|\n|t:|1699771199\n|-end|p1a: Slither Wing|Protosynthesis|[silent]\n|switch|p1a: Inteleon|Inteleon, F|30\/100\n|move|p2a: Venusaur|Sludge Bomb|p1a: Inteleon\n|-damage|p1a: Inteleon|0 fnt\n|faint|p1a: Inteleon\n|\n|upkeep\n|\n|t:|1699771207\n|switch|p1a: Slither Wing|Slither Wing, shiny, tera:Bug|36\/100\n|turn|19\n|\n|t:|1699771215\n|move|p1a: Slither Wing|First Impression|p2a: Venusaur\n|-damage|p2a: Venusaur|0 fnt\n|faint|p2a: Venusaur\n|\n|win|Souravgotthepkmn1\n|l|\u2606Dhaval101\n","uploadtime":1699771328,"views":10,"p1id":"souravgotthepkmn1","p2id":"dhaval101","formatid":"gen9nationaldex","rating":0,"private":0,"password":""}