{"id":"gen9nationaldex-1995103924","p1":"slim36936","p2":"Dmath","format":"[Gen 9] National Dex","log":"|html|<div class=\"broadcast-blue\"><strong>[Gen 9] National Dex is currently suspecting Sneasler! For information on how to participate check out the <a href=\"https:\/\/www.smogon.com\/forums\/threads\/sv-national-dex-suspect-8-just-dance.3731534\/\">suspect thread<\/a>.<\/strong><\/div>\n|j|\u2606slim36936\n|j|\u2606Dmath\n|t:|1700522964\n|gametype|singles\n|player|p1|slim36936|cynthia-gen4|1328\n|player|p2|Dmath|hugh|1454\n|teamsize|p1|6\n|teamsize|p2|6\n|gen|9\n|tier|[Gen 9] National Dex\n|rated|\n|rule|HP Percentage Mod: HP is shown in percentages\n|rule|Endless Battle Clause: Forcing endless battles is banned\n|rule|OHKO Clause: OHKO moves are banned\n|rule|Evasion Clause: Evasion abilities, items, and moves are banned\n|rule|Evasion Abilities Clause: Evasion abilities are banned\n|rule|Evasion Items Clause: Evasion items are banned\n|rule|Evasion Moves Clause: Evasion moves are banned\n|rule|Species Clause: Limit one of each Pok\u00e9mon\n|rule|Sleep Clause Mod: Limit one foe put to sleep\n|clearpoke\n|poke|p1|Rillaboom, M|\n|poke|p1|Glimmora, M|\n|poke|p1|Sneasler, F|\n|poke|p1|Moltres|\n|poke|p1|Gyarados, F|\n|poke|p1|Garchomp, M|\n|poke|p2|Hydreigon, M|\n|poke|p2|Zapdos-Galar|\n|poke|p2|Whimsicott, M|\n|poke|p2|Ceruledge, M|\n|poke|p2|Tapu Fini|\n|poke|p2|Goodra-Hisui, M|\n|teampreview\n|\n|t:|1700522982\n|start\n|switch|p1a: Glimmora|Glimmora, M|100\/100\n|switch|p2a: Ashley|Tapu Fini|100\/100\n|-fieldstart|move: Misty Terrain|[from] ability: Misty Surge|[of] p2a: Ashley\n|turn|1\n|\n|t:|1700522995\n|-terastallize|p2a: Ashley|Water\n|move|p1a: Glimmora|Stealth Rock|p2a: Ashley\n|-sidestart|p2: Dmath|move: Stealth Rock\n|move|p2a: Ashley|Hydro Pump|p1a: Glimmora\n|-supereffective|p1a: Glimmora\n|-enditem|p1a: Glimmora|Focus Sash\n|-damage|p1a: Glimmora|1\/100\n|\n|upkeep\n|turn|2\n|\n|t:|1700523012\n|move|p1a: Glimmora|Mortal Spin|p2a: Ashley\n|-damage|p2a: Ashley|97\/100\n|-damage|p1a: Glimmora|0 fnt|[from] item: Rocky Helmet|[of] p2a: Ashley\n|faint|p1a: Glimmora\n|move|p2a: Ashley|Defog|p1: Glimmora|[notarget]\n|-fail|p2a: Ashley\n|\n|upkeep\n|\n|t:|1700523023\n|switch|p1a: Rillaboom|Rillaboom, M|100\/100\n|-fieldstart|move: Grassy Terrain|[from] ability: Grassy Surge|[of] p1a: Rillaboom\n|turn|3\n|\n|t:|1700523030\n|switch|p2a: Kane|Ceruledge, M|100\/100\n|-damage|p2a: Kane|75\/100|[from] Stealth Rock\n|move|p1a: Rillaboom|Knock Off|p2a: Kane\n|-supereffective|p2a: Kane\n|-damage|p2a: Kane|0 fnt\n|-enditem|p2a: Kane|Life Orb|[from] move: Knock Off|[of] p1a: Rillaboom\n|faint|p2a: Kane\n|\n|upkeep\n|\n|t:|1700523042\n|switch|p2a: Sidvok|Zapdos-Galar|100\/100\n|-damage|p2a: Sidvok|88\/100|[from] Stealth Rock\n|turn|4\n|\n|t:|1700523064\n|switch|p2a: Beelz|Hydreigon, M|100\/100\n|-damage|p2a: Beelz|88\/100|[from] Stealth Rock\n|switch|p1a: Sneasler|Sneasler, F|100\/100\n|-enditem|p1a: Sneasler|Grassy Seed\n|-boost|p1a: Sneasler|def|1|[from] item: Grassy Seed\n|\n|-heal|p2a: Beelz|94\/100|[from] item: Leftovers\n|upkeep\n|turn|5\n|\n|t:|1700523078\n|switch|p2a: Bobuth|Goodra-Hisui, M|100\/100\n|-damage|p2a: Bobuth|94\/100|[from] Stealth Rock\n|move|p1a: Sneasler|Swords Dance|p1a: Sneasler\n|-boost|p1a: Sneasler|atk|2\n|\n|-heal|p2a: Bobuth|100\/100|[from] Grassy Terrain\n|upkeep\n|turn|6\n|\n|t:|1700523093\n|switch|p2a: Thox|Whimsicott, M, shiny|100\/100\n|-damage|p2a: Thox|88\/100|[from] Stealth Rock\n|move|p1a: Sneasler|Swords Dance|p1a: Sneasler\n|-boost|p1a: Sneasler|atk|2\n|\n|-heal|p2a: Thox|94\/100|[from] Grassy Terrain\n|-heal|p2a: Thox|99\/100|[from] item: Leftovers\n|upkeep\n|turn|7\n|\n|t:|1700523106\n|move|p2a: Thox|Encore|p1a: Sneasler\n|-start|p1a: Sneasler|Encore\n|move|p1a: Sneasler|Swords Dance|p1a: Sneasler\n|-boost|p1a: Sneasler|atk|2\n|\n|-heal|p2a: Thox|100\/100|[from] Grassy Terrain\n|-fieldend|move: Grassy Terrain\n|upkeep\n|turn|8\n|\n|t:|1700523121\n|switch|p2a: Ashley|Tapu Fini, tera:Water|97\/100\n|-damage|p2a: Ashley|84\/100|[from] Stealth Rock\n|-fieldstart|move: Misty Terrain|[from] ability: Misty Surge|[of] p2a: Ashley\n|move|p1a: Sneasler|Swords Dance|p1a: Sneasler\n|-boost|p1a: Sneasler|atk|0\n|\n|upkeep\n|turn|9\n|\n|t:|1700523132\n|move|p1a: Sneasler|Swords Dance|p1a: Sneasler\n|-boost|p1a: Sneasler|atk|0\n|move|p2a: Ashley|Defog|p1a: Sneasler\n|-unboost|p1a: Sneasler|evasion|1\n|-sideend|p2: Dmath|Stealth Rock|[from] move: Defog|[of] p2a: Ashley\n|-fieldend|Misty Terrain\n|\n|-end|p1a: Sneasler|Encore\n|upkeep\n|turn|10\n|\n|t:|1700523142\n|move|p1a: Sneasler|Dire Claw|p2a: Ashley\n|-damage|p2a: Ashley|0 fnt\n|-damage|p1a: Sneasler|84\/100|[from] item: Rocky Helmet|[of] p2a: Ashley\n|faint|p2a: Ashley\n|\n|upkeep\n|\n|t:|1700523148\n|switch|p2a: Sidvok|Zapdos-Galar|88\/100\n|turn|11\n|\n|t:|1700523158\n|move|p1a: Sneasler|Acrobatics|p2a: Sidvok\n|-supereffective|p2a: Sidvok\n|-damage|p2a: Sidvok|0 fnt\n|faint|p2a: Sidvok\n|\n|upkeep\n|-message|Dmath forfeited.\n|\n|win|slim36936\n|raw|slim36936's rating: 1328 &rarr; <strong>1355<\/strong><br \/>(+27 for winning)\n|raw|Dmath's rating: 1454 &rarr; <strong>1427<\/strong><br \/>(-27 for losing)\n|l|\u2606Dmath\n","uploadtime":1700523175,"views":1,"p1id":"slim36936","p2id":"dmath","formatid":"gen9nationaldex","rating":1355,"private":0,"password":""}