{"id":"gen9nationaldex-1990215016","p1":"innerlake520","p2":"PeculiarPossum","format":"[Gen 9] National Dex","log":"|j|\u2606innerlake520\n|j|\u2606PeculiarPossum\n|t:|1699938589\n|gametype|singles\n|player|p1|innerlake520|steven|1143\n|player|p2|PeculiarPossum|harlequin|1154\n|teamsize|p1|6\n|teamsize|p2|6\n|gen|9\n|tier|[Gen 9] National Dex\n|rated|\n|rule|HP Percentage Mod: HP is shown in percentages\n|rule|Endless Battle Clause: Forcing endless battles is banned\n|rule|OHKO Clause: OHKO moves are banned\n|rule|Evasion Clause: Evasion abilities, items, and moves are banned\n|rule|Evasion Abilities Clause: Evasion abilities are banned\n|rule|Evasion Items Clause: Evasion items are banned\n|rule|Evasion Moves Clause: Evasion moves are banned\n|rule|Species Clause: Limit one of each Pok\u00e9mon\n|rule|Sleep Clause Mod: Limit one foe put to sleep\n|clearpoke\n|poke|p1|Greninja-*, M|\n|poke|p1|Goodra, M|\n|poke|p1|Hawlucha, M|\n|poke|p1|Noivern, F|\n|poke|p1|Talonflame, M|\n|poke|p1|Tapu Lele|\n|poke|p2|Mawile, M|\n|poke|p2|Blacephalon|\n|poke|p2|Venusaur, F|\n|poke|p2|Cramorant, F|\n|poke|p2|Gliscor, M|\n|poke|p2|Garganacl, F|\n|teampreview\n|inactive|Battle timer is ON: inactive players will automatically lose when time's up. (requested by PeculiarPossum)\n|\n|t:|1699938594\n|start\n|switch|p1a: Hawlucha|Hawlucha, M|100\/100\n|switch|p2a: Discordance|Mawile, M, shiny|100\/100\n|turn|1\n|\n|t:|1699938602\n|switch|p1a: Tapu Lele|Tapu Lele|100\/100\n|-fieldstart|move: Psychic Terrain|[from] ability: Psychic Surge|[of] p1a: Tapu Lele\n|detailschange|p2a: Discordance|Mawile-Mega, M, shiny\n|-mega|p2a: Discordance|Mawile|Mawilite\n|move|p2a: Discordance|Play Rough|p1a: Tapu Lele|[miss]\n|-miss|p2a: Discordance|p1a: Tapu Lele\n|\n|upkeep\n|turn|2\n|\n|t:|1699938631\n|move|p1a: Tapu Lele|Moonblast|p2a: Discordance\n|-resisted|p2a: Discordance\n|-damage|p2a: Discordance|66\/100\n|move|p2a: Discordance|Iron Head|p1a: Tapu Lele\n|-supereffective|p1a: Tapu Lele\n|-damage|p1a: Tapu Lele|0 fnt\n|faint|p1a: Tapu Lele\n|\n|upkeep\n|\n|t:|1699938636\n|switch|p1a: Hawlucha|Hawlucha, M|100\/100\n|-enditem|p1a: Hawlucha|Psychic Seed\n|-boost|p1a: Hawlucha|spd|1|[from] item: Psychic Seed\n|turn|3\n|\n|t:|1699938644\n|move|p1a: Hawlucha|Swords Dance|p1a: Hawlucha\n|-boost|p1a: Hawlucha|atk|2\n|move|p2a: Discordance|Play Rough|p1a: Hawlucha\n|-supereffective|p1a: Hawlucha\n|-crit|p1a: Hawlucha\n|-damage|p1a: Hawlucha|0 fnt\n|faint|p1a: Hawlucha\n|\n|upkeep\n|\n|t:|1699938651\n|switch|p1a: Talonflame|Talonflame, M|100\/100\n|turn|4\n|\n|t:|1699938654\n|move|p2a: Discordance|Sucker Punch|p1a: Talonflame\n|-hint|Psychic Terrain doesn't affect Pok\u00e9mon immune to Ground.\n|-damage|p1a: Talonflame|47\/100\n|move|p1a: Talonflame|Flare Blitz|p2a: Discordance\n|-supereffective|p2a: Discordance\n|-damage|p2a: Discordance|0 fnt\n|faint|p2a: Discordance\n|-damage|p1a: Talonflame|32\/100|[from] Recoil\n|\n|upkeep\n|\n|t:|1699938664\n|switch|p2a: AHHH STAIRS|Garganacl, F|100\/100\n|turn|5\n|\n|t:|1699938675\n|move|p1a: Talonflame|Roost|p1a: Talonflame\n|-heal|p1a: Talonflame|82\/100\n|-singleturn|p1a: Talonflame|move: Roost\n|move|p2a: AHHH STAIRS|Salt Cure|p1a: Talonflame\n|-supereffective|p1a: Talonflame\n|-damage|p1a: Talonflame|44\/100\n|-start|p1a: Talonflame|Salt Cure\n|\n|-damage|p1a: Talonflame|32\/100|[from] Salt Cure\n|-fieldend|move: Psychic Terrain\n|upkeep\n|turn|6\n|\n|t:|1699938684\n|switch|p1a: Noivern|Noivern, F|100\/100\n|move|p2a: AHHH STAIRS|Salt Cure|p1a: Noivern\n|-supereffective|p1a: Noivern\n|-damage|p1a: Noivern|62\/100\n|-start|p1a: Noivern|Salt Cure\n|\n|-damage|p1a: Noivern|50\/100|[from] Salt Cure\n|upkeep\n|turn|7\n|\n|t:|1699938690\n|switch|p1a: Goodra|Goodra, M|100\/100\n|move|p2a: AHHH STAIRS|Salt Cure|p1a: Goodra\n|-damage|p1a: Goodra|89\/100\n|-start|p1a: Goodra|Salt Cure\n|\n|-heal|p1a: Goodra|96\/100|[from] item: Leftovers\n|-damage|p1a: Goodra|83\/100|[from] Salt Cure\n|upkeep\n|turn|8\n|\n|t:|1699938698\n|move|p1a: Goodra|Power Whip|p2a: AHHH STAIRS\n|-supereffective|p2a: AHHH STAIRS\n|-damage|p2a: AHHH STAIRS|60\/100\n|move|p2a: AHHH STAIRS|Iron Defense|p2a: AHHH STAIRS\n|-boost|p2a: AHHH STAIRS|def|2\n|\n|-heal|p1a: Goodra|89\/100|[from] item: Leftovers\n|-heal|p2a: AHHH STAIRS|66\/100|[from] item: Leftovers\n|-damage|p1a: Goodra|77\/100|[from] Salt Cure\n|upkeep\n|turn|9\n|\n|t:|1699938705\n|move|p1a: Goodra|Earthquake|p2a: AHHH STAIRS\n|-supereffective|p2a: AHHH STAIRS\n|-damage|p2a: AHHH STAIRS|50\/100\n|move|p2a: AHHH STAIRS|Body Press|p1a: Goodra\n|-damage|p1a: Goodra|40\/100\n|-ability|p1a: Goodra|Gooey\n|-unboost|p2a: AHHH STAIRS|spe|1\n|\n|-heal|p1a: Goodra|46\/100|[from] item: Leftovers\n|-heal|p2a: AHHH STAIRS|56\/100|[from] item: Leftovers\n|-damage|p1a: Goodra|34\/100|[from] Salt Cure\n|upkeep\n|turn|10\n|\n|t:|1699938712\n|-terastallize|p2a: AHHH STAIRS|Flying\n|move|p1a: Goodra|Knock Off|p2a: AHHH STAIRS\n|-damage|p2a: AHHH STAIRS|48\/100\n|-enditem|p2a: AHHH STAIRS|Leftovers|[from] move: Knock Off|[of] p1a: Goodra\n|move|p2a: AHHH STAIRS|Body Press|p1a: Goodra\n|-damage|p1a: Goodra|0 fnt\n|-ability|p1a: Goodra|Gooey\n|-unboost|p2a: AHHH STAIRS|spe|1\n|faint|p1a: Goodra\n|\n|upkeep\n|\n|t:|1699938718\n|switch|p1a: Talonflame|Talonflame, M|32\/100\n|turn|11\n|\n|t:|1699938736\n|move|p1a: Talonflame|Brave Bird|p2a: AHHH STAIRS\n|-damage|p2a: AHHH STAIRS|36\/100\n|-damage|p1a: Talonflame|27\/100|[from] Recoil\n|move|p2a: AHHH STAIRS|Salt Cure|p1a: Talonflame\n|-supereffective|p1a: Talonflame\n|-damage|p1a: Talonflame|0 fnt\n|faint|p1a: Talonflame\n|\n|upkeep\n|\n|t:|1699938738\n|switch|p1a: Greninja|Greninja, M|100\/100\n|turn|12\n|\n|t:|1699938747\n|move|p1a: Greninja|Ice Beam|p2a: AHHH STAIRS\n|-supereffective|p2a: AHHH STAIRS\n|-damage|p2a: AHHH STAIRS|0 fnt\n|faint|p2a: AHHH STAIRS\n|-ability|p1a: Greninja|Battle Bond|boost\n|-boost|p1a: Greninja|atk|1\n|-boost|p1a: Greninja|spa|1\n|-boost|p1a: Greninja|spe|1\n|-activate|p1a: Greninja|ability: Battle Bond\n|-damage|p1a: Greninja|91\/100|[from] item: Life Orb\n|\n|upkeep\n|\n|t:|1699938754\n|switch|p2a: The plug|Venusaur, F|100\/100\n|turn|13\n|\n|t:|1699938759\n|move|p1a: Greninja|Ice Beam|p2a: The plug\n|-supereffective|p2a: The plug\n|-damage|p2a: The plug|0 fnt\n|faint|p2a: The plug\n|-damage|p1a: Greninja|81\/100|[from] item: Life Orb\n|\n|upkeep\n|\n|t:|1699938762\n|switch|p2a: Cacophony|Blacephalon|100\/100\n|turn|14\n|\n|t:|1699938767\n|move|p1a: Greninja|Water Shuriken|p2a: Cacophony\n|-supereffective|p2a: Cacophony\n|-damage|p2a: Cacophony|60\/100\n|-supereffective|p2a: Cacophony\n|-damage|p2a: Cacophony|15\/100\n|-supereffective|p2a: Cacophony\n|-damage|p2a: Cacophony|0 fnt\n|faint|p2a: Cacophony\n|-hitcount|p2: Cacophony|3\n|-damage|p1a: Greninja|71\/100|[from] item: Life Orb\n|\n|upkeep\n|\n|t:|1699938774\n|switch|p2a: Meaty Claws|Gliscor, M|100\/100\n|turn|15\n|\n|t:|1699938777\n|move|p1a: Greninja|Ice Beam|p2a: Meaty Claws\n|-supereffective|p2a: Meaty Claws\n|-damage|p2a: Meaty Claws|0 fnt\n|faint|p2a: Meaty Claws\n|-damage|p1a: Greninja|61\/100|[from] item: Life Orb\n|\n|upkeep\n|\n|t:|1699938781\n|switch|p2a: Gulpy|Cramorant, F|100\/100\n|turn|16\n|c|\u2606PeculiarPossum|Gg\n|\n|t:|1699938789\n|move|p1a: Greninja|Ice Beam|p2a: Gulpy\n|-damage|p2a: Gulpy|46\/100\n|-damage|p1a: Greninja|52\/100|[from] item: Life Orb\n|move|p2a: Gulpy|Hurricane|p1a: Greninja\n|-damage|p1a: Greninja|3\/100\n|\n|upkeep\n|turn|17\n|\n|t:|1699938796\n|move|p1a: Greninja|Ice Beam|p2a: Gulpy\n|-damage|p2a: Gulpy|0 fnt\n|faint|p2a: Gulpy\n|-damage|p1a: Greninja|0 fnt|[from] item: Life Orb\n|faint|p1a: Greninja\n|\n|win|innerlake520\n|raw|innerlake520's rating: 1143 &rarr; <strong>1169<\/strong><br \/>(+26 for winning)\n|raw|PeculiarPossum's rating: 1154 &rarr; <strong>1128<\/strong><br \/>(-26 for losing)\n","uploadtime":1699938808,"views":5,"p1id":"innerlake520","p2id":"peculiarpossum","formatid":"gen9nationaldex","rating":1128,"private":0,"password":""}