{"id":"gen9nationaldex-1998413331","p1":"heinousactszx","p2":"Annie Key","format":"[Gen 9] National Dex","log":"|html|<div class=\"broadcast-blue\"><strong>[Gen 9] National Dex is currently suspecting Sneasler! For information on how to participate check out the <a href=\"https:\/\/www.smogon.com\/forums\/threads\/sv-national-dex-suspect-8-just-dance.3731534\/\">suspect thread<\/a>.<\/strong><\/div>\n|j|\u2606heinousactszx\n|j|\u2606Annie Key\n|t:|1700939547\n|gametype|singles\n|player|p1|heinousactszx|265|\n|player|p2|Annie Key|hilda-wonderlauncher|\n|teamsize|p1|6\n|teamsize|p2|6\n|gen|9\n|tier|[Gen 9] National Dex\n|rule|HP Percentage Mod: HP is shown in percentages\n|rule|Endless Battle Clause: Forcing endless battles is banned\n|rule|OHKO Clause: OHKO moves are banned\n|rule|Evasion Clause: Evasion abilities, items, and moves are banned\n|rule|Evasion Abilities Clause: Evasion abilities are banned\n|rule|Evasion Items Clause: Evasion items are banned\n|rule|Evasion Moves Clause: Evasion moves are banned\n|rule|Species Clause: Limit one of each Pok\u00e9mon\n|rule|Sleep Clause Mod: Limit one foe put to sleep\n|clearpoke\n|poke|p1|Torkoal, M|\n|poke|p1|Shiftry, M|\n|poke|p1|Kleavor, F|\n|poke|p1|Garganacl, F|\n|poke|p1|Volcanion|\n|poke|p1|Hitmontop, M|\n|poke|p2|Oricorio-Sensu, F|\n|poke|p2|Marowak-Alola, M|\n|poke|p2|Tsareena, F|\n|poke|p2|Mr. Rime, M|\n|poke|p2|Great Tusk|\n|poke|p2|Toxtricity, F|\n|teampreview\n|c|\u2606heinousactszx|good luck\n|\n|t:|1700939567\n|start\n|switch|p1a: Turtle Power|Torkoal, M|100\/100\n|switch|p2a: Crow's Feet|Oricorio-Sensu, F|100\/100\n|-weather|SunnyDay|[from] ability: Drought|[of] p1a: Turtle Power\n|turn|1\n|\n|t:|1700939582\n|move|p2a: Crow's Feet|Tailwind|p2a: Crow's Feet\n|-sidestart|p2: Annie Key|move: Tailwind\n|move|p1a: Turtle Power|Stealth Rock|p2a: Crow's Feet\n|-sidestart|p2: Annie Key|move: Stealth Rock\n|\n|-weather|SunnyDay|[upkeep]\n|upkeep\n|turn|2\n|\n|t:|1700939601\n|move|p2a: Crow's Feet|Quiver Dance|p2a: Crow's Feet\n|-boost|p2a: Crow's Feet|spa|1\n|-boost|p2a: Crow's Feet|spd|1\n|-boost|p2a: Crow's Feet|spe|1\n|move|p1a: Turtle Power|Lava Plume|p2a: Crow's Feet\n|-damage|p2a: Crow's Feet|69\/100\n|-status|p2a: Crow's Feet|brn\n|\n|-weather|SunnyDay|[upkeep]\n|-damage|p2a: Crow's Feet|63\/100 brn|[from] brn\n|upkeep\n|turn|3\n|\n|t:|1700939626\n|switch|p1a: Nack|Garganacl, F|100\/100\n|move|p2a: Crow's Feet|Quiver Dance|p2a: Crow's Feet\n|-boost|p2a: Crow's Feet|spa|1\n|-boost|p2a: Crow's Feet|spd|1\n|-boost|p2a: Crow's Feet|spe|1\n|\n|-weather|SunnyDay|[upkeep]\n|-damage|p2a: Crow's Feet|57\/100 brn|[from] brn\n|upkeep\n|turn|4\n|\n|t:|1700939644\n|move|p2a: Crow's Feet|Revelation Dance|p1a: Nack\n|-damage|p1a: Nack|82\/100\n|move|p1a: Nack|Recover|p1a: Nack\n|-heal|p1a: Nack|100\/100\n|\n|-weather|SunnyDay|[upkeep]\n|-damage|p2a: Crow's Feet|50\/100 brn|[from] brn\n|-sideend|p2: Annie Key|move: Tailwind\n|upkeep\n|turn|5\n|\n|t:|1700939659\n|move|p2a: Crow's Feet|Tailwind|p2a: Crow's Feet\n|-sidestart|p2: Annie Key|move: Tailwind\n|move|p1a: Nack|Salt Cure|p2a: Crow's Feet\n|-supereffective|p2a: Crow's Feet\n|-damage|p2a: Crow's Feet|11\/100 brn\n|-start|p2a: Crow's Feet|Salt Cure\n|\n|-weather|SunnyDay|[upkeep]\n|-damage|p2a: Crow's Feet|5\/100 brn|[from] brn\n|-damage|p2a: Crow's Feet|0 fnt|[from] Salt Cure\n|faint|p2a: Crow's Feet\n|upkeep\n|\n|t:|1700939679\n|switch|p2a: Something Wicked|Mr. Rime, M|100\/100\n|turn|6\n|\n|t:|1700939684\n|move|p2a: Something Wicked|Rapid Spin|p1a: Nack\n|-resisted|p1a: Nack\n|-damage|p1a: Nack|98\/100\n|-boost|p2a: Something Wicked|spe|1\n|-sideend|p2: Annie Key|Stealth Rock|[from] move: Rapid Spin|[of] p2a: Something Wicked\n|move|p1a: Nack|Salt Cure|p2a: Something Wicked\n|-supereffective|p2a: Something Wicked\n|-damage|p2a: Something Wicked|64\/100\n|-start|p2a: Something Wicked|Salt Cure\n|\n|-weather|SunnyDay|[upkeep]\n|-heal|p1a: Nack|100\/100|[from] item: Leftovers\n|-damage|p2a: Something Wicked|52\/100|[from] Salt Cure\n|upkeep\n|turn|7\n|\n|t:|1700939738\n|switch|p2a: Elefant Elefant|Great Tusk|100\/100\n|-activate|p2a: Elefant Elefant|ability: Protosynthesis\n|-start|p2a: Elefant Elefant|protosynthesisdef\n|move|p1a: Nack|Salt Cure|p2a: Elefant Elefant\n|-resisted|p2a: Elefant Elefant\n|-crit|p2a: Elefant Elefant\n|-damage|p2a: Elefant Elefant|98\/100\n|-start|p2a: Elefant Elefant|Salt Cure\n|\n|-weather|SunnyDay|[upkeep]\n|-heal|p2a: Elefant Elefant|100\/100|[from] item: Leftovers\n|-damage|p2a: Elefant Elefant|88\/100|[from] Salt Cure\n|upkeep\n|turn|8\n|\n|t:|1700939782\n|switch|p1a: Carlton|Hitmontop, M|100\/100\n|move|p2a: Elefant Elefant|Body Press|p1a: Carlton\n|-crit|p1a: Carlton\n|-damage|p1a: Carlton|21\/100\n|\n|-weather|none\n|-end|p2a: Elefant Elefant|Protosynthesis\n|-heal|p2a: Elefant Elefant|94\/100|[from] item: Leftovers\n|-damage|p2a: Elefant Elefant|82\/100|[from] Salt Cure\n|-sideend|p2: Annie Key|move: Tailwind\n|upkeep\n|turn|9\n|\n|t:|1700939800\n|move|p2a: Elefant Elefant|Protect|p2a: Elefant Elefant\n|-singleturn|p2a: Elefant Elefant|Protect\n|move|p1a: Carlton|Triple Axel|p2a: Elefant Elefant\n|-activate|p2a: Elefant Elefant|move: Protect\n|\n|-heal|p2a: Elefant Elefant|88\/100|[from] item: Leftovers\n|-damage|p2a: Elefant Elefant|76\/100|[from] Salt Cure\n|upkeep\n|turn|10\n|\n|t:|1700939814\n|-end|p2a: Elefant Elefant|Protosynthesis|[silent]\n|switch|p2a: Burn it Down|Marowak-Alola, M, shiny|100\/100\n|move|p1a: Carlton|Triple Axel|p2a: Burn it Down\n|-resisted|p2a: Burn it Down\n|-damage|p2a: Burn it Down|96\/100\n|-resisted|p2a: Burn it Down\n|-crit|p2a: Burn it Down\n|-damage|p2a: Burn it Down|83\/100\n|-resisted|p2a: Burn it Down\n|-damage|p2a: Burn it Down|69\/100\n|-hitcount|p2a: Burn it Down|3\n|\n|upkeep\n|turn|11\n|\n|t:|1700939842\n|switch|p1a: Turtle Power|Torkoal, M|100\/100\n|-weather|SunnyDay|[from] ability: Drought|[of] p1a: Turtle Power\n|move|p2a: Burn it Down|Swords Dance|p2a: Burn it Down\n|-boost|p2a: Burn it Down|atk|2\n|\n|-weather|SunnyDay|[upkeep]\n|upkeep\n|turn|12\n|\n|t:|1700939858\n|switch|p1a: Carlton|Hitmontop, M|21\/100\n|move|p2a: Burn it Down|Earthquake|p1a: Carlton\n|-damage|p1a: Carlton|0 fnt\n|faint|p1a: Carlton\n|\n|-weather|SunnyDay|[upkeep]\n|upkeep\n|\n|t:|1700939867\n|switch|p1a: Treebeard|Shiftry, M|100\/100\n|turn|13\n|\n|t:|1700939888\n|-terastallize|p1a: Treebeard|Dark\n|move|p1a: Treebeard|Knock Off|p2a: Burn it Down\n|-supereffective|p2a: Burn it Down\n|-damage|p2a: Burn it Down|0 fnt\n|-enditem|p2a: Burn it Down|Thick Club|[from] move: Knock Off|[of] p1a: Treebeard\n|faint|p2a: Burn it Down\n|-damage|p1a: Treebeard|91\/100|[from] item: Life Orb\n|\n|-weather|SunnyDay|[upkeep]\n|upkeep\n|\n|t:|1700939906\n|switch|p2a: Elefant Elefant|Great Tusk|76\/100\n|-activate|p2a: Elefant Elefant|ability: Protosynthesis\n|-start|p2a: Elefant Elefant|protosynthesisdef\n|turn|14\n|\n|t:|1700939922\n|move|p1a: Treebeard|Solar Blade||[still]\n|-prepare|p1a: Treebeard|Solar Blade\n|-anim|p1a: Treebeard|Solar Blade|p2a: Elefant Elefant\n|-supereffective|p2a: Elefant Elefant\n|-damage|p2a: Elefant Elefant|18\/100\n|-damage|p1a: Treebeard|81\/100|[from] item: Life Orb\n|move|p2a: Elefant Elefant|Body Press|p1a: Treebeard\n|-supereffective|p1a: Treebeard\n|-damage|p1a: Treebeard|0 fnt\n|faint|p1a: Treebeard\n|\n|-weather|SunnyDay|[upkeep]\n|-heal|p2a: Elefant Elefant|24\/100|[from] item: Leftovers\n|upkeep\n|\n|t:|1700939943\n|switch|p1a: Edelgard|Kleavor, F|100\/100\n|turn|15\n|\n|t:|1700939950\n|move|p2a: Elefant Elefant|Protect|p2a: Elefant Elefant\n|-singleturn|p2a: Elefant Elefant|Protect\n|move|p1a: Edelgard|X-Scissor|p2a: Elefant Elefant\n|-activate|p2a: Elefant Elefant|move: Protect\n|\n|-weather|SunnyDay|[upkeep]\n|-heal|p2a: Elefant Elefant|30\/100|[from] item: Leftovers\n|upkeep\n|turn|16\n|\n|t:|1700939965\n|move|p1a: Edelgard|X-Scissor|p2a: Elefant Elefant\n|-resisted|p2a: Elefant Elefant\n|-damage|p2a: Elefant Elefant|19\/100\n|move|p2a: Elefant Elefant|Body Press|p1a: Edelgard\n|-damage|p1a: Edelgard|38\/100\n|\n|-weather|SunnyDay|[upkeep]\n|-heal|p2a: Elefant Elefant|25\/100|[from] item: Leftovers\n|upkeep\n|turn|17\n|\n|t:|1700939977\n|switch|p1a: Turtle Power|Torkoal, M|100\/100\n|move|p2a: Elefant Elefant|Protect||[still]\n|-fail|p2a: Elefant Elefant\n|\n|-weather|SunnyDay|[upkeep]\n|-heal|p2a: Elefant Elefant|31\/100|[from] item: Leftovers\n|upkeep\n|turn|18\n|\n|t:|1700939989\n|move|p2a: Elefant Elefant|Earthquake|p1a: Turtle Power\n|-supereffective|p1a: Turtle Power\n|-damage|p1a: Turtle Power|30\/100\n|move|p1a: Turtle Power|Lava Plume|p2a: Elefant Elefant\n|-crit|p2a: Elefant Elefant\n|-damage|p2a: Elefant Elefant|0 fnt\n|faint|p2a: Elefant Elefant\n|-end|p2a: Elefant Elefant|Protosynthesis|[silent]\n|\n|-weather|none\n|upkeep\n|\n|t:|1700940030\n|switch|p2a: Overdrive|Toxtricity, F|100\/100\n|-item|p2a: Overdrive|Air Balloon\n|turn|19\n|\n|t:|1700940038\n|switch|p1a: Nack|Garganacl, F|100\/100\n|move|p2a: Overdrive|Boomburst|p1a: Nack\n|-resisted|p1a: Nack\n|-damage|p1a: Nack|82\/100\n|\n|-heal|p1a: Nack|88\/100|[from] item: Leftovers\n|upkeep\n|turn|20\n|\n|t:|1700940055\n|switch|p2a: Splatter|Tsareena, F, shiny|100\/100\n|move|p1a: Nack|Salt Cure|p2a: Splatter\n|-damage|p2a: Splatter|88\/100\n|-start|p2a: Splatter|Salt Cure\n|\n|-heal|p1a: Nack|94\/100|[from] item: Leftovers\n|-damage|p2a: Splatter|75\/100|[from] Salt Cure\n|upkeep\n|turn|21\n|\n|t:|1700940068\n|move|p2a: Splatter|Power Whip|p1a: Nack\n|-supereffective|p1a: Nack\n|-damage|p1a: Nack|2\/100\n|move|p1a: Nack|Iron Defense|p1a: Nack\n|-boost|p1a: Nack|def|2\n|\n|-heal|p1a: Nack|8\/100|[from] item: Leftovers\n|-damage|p2a: Splatter|63\/100|[from] Salt Cure\n|upkeep\n|turn|22\n|\n|t:|1700940080\n|move|p2a: Splatter|U-turn|p1a: Nack\n|-damage|p1a: Nack|0 fnt\n|faint|p1a: Nack\n|\n|t:|1700940087\n|switch|p2a: Something Wicked|Mr. Rime, M|52\/100|[from] U-turn\n|\n|upkeep\n|\n|t:|1700940093\n|switch|p1a: Edelgard|Kleavor, F|38\/100\n|turn|23\n|\n|t:|1700940104\n|move|p1a: Edelgard|Stone Axe|p2a: Something Wicked|[miss]\n|-miss|p1a: Edelgard|p2a: Something Wicked\n|move|p2a: Something Wicked|Healing Wish|p2a: Something Wicked\n|faint|p2a: Something Wicked\n|\n|upkeep\n|\n|t:|1700940114\n|switch|p2a: Splatter|Tsareena, F, shiny|63\/100\n|-heal|p2a: Splatter|100\/100|[from] move: Healing Wish\n|turn|24\n|\n|t:|1700940143\n|switch|p1a: Turtle Power|Torkoal, M|30\/100\n|-weather|SunnyDay|[from] ability: Drought|[of] p1a: Turtle Power\n|move|p2a: Splatter|Power Whip|p1a: Turtle Power\n|-resisted|p1a: Turtle Power\n|-damage|p1a: Turtle Power|7\/100\n|\n|-weather|SunnyDay|[upkeep]\n|upkeep\n|turn|25\n|\n|t:|1700940158\n|move|p2a: Splatter|Power Whip|p1a: Turtle Power\n|-resisted|p1a: Turtle Power\n|-damage|p1a: Turtle Power|0 fnt\n|faint|p1a: Turtle Power\n|\n|-weather|SunnyDay|[upkeep]\n|upkeep\n|\n|t:|1700940165\n|switch|p1a: Vile|Volcanion|100\/100\n|turn|26\n|\n|t:|1700940174\n|move|p2a: Splatter|Teeter Dance|p1a: Vile\n|-start|p1a: Vile|confusion\n|-activate|p1a: Vile|confusion\n|move|p1a: Vile|Weather Ball|p2a: Splatter\n|-supereffective|p2a: Splatter\n|-damage|p2a: Splatter|0 fnt\n|faint|p2a: Splatter\n|\n|-weather|SunnyDay|[upkeep]\n|upkeep\n|\n|t:|1700940182\n|switch|p2a: Overdrive|Toxtricity, F|100\/100\n|-item|p2a: Overdrive|Air Balloon\n|turn|27\n|\n|t:|1700940188\n|move|p2a: Overdrive|Overdrive|p1a: Vile\n|-supereffective|p1a: Vile\n|-crit|p1a: Vile\n|-damage|p1a: Vile|0 fnt\n|faint|p1a: Vile\n|\n|-weather|SunnyDay|[upkeep]\n|upkeep\n|\n|t:|1700940194\n|switch|p1a: Edelgard|Kleavor, F|38\/100\n|turn|28\n|\n|t:|1700940199\n|move|p1a: Edelgard|Stone Axe|p2a: Overdrive\n|-damage|p2a: Overdrive|17\/100\n|-enditem|p2a: Overdrive|Air Balloon\n|-sidestart|p2: Annie Key|move: Stealth Rock\n|move|p2a: Overdrive|Overdrive|p1a: Edelgard\n|-damage|p1a: Edelgard|0 fnt\n|faint|p1a: Edelgard\n|\n|win|Annie Key\n|c|\u2606heinousactszx|right down to the wire\n","uploadtime":1700940251,"views":18,"p1id":"heinousactszx","p2id":"anniekey","formatid":"gen9nationaldex","rating":0,"private":0,"password":""}