{"id":"gen9nationaldex-1990059567","p1":"elefox22","p2":"FLT231Larsonshark","format":"[Gen 9] National Dex","log":"|j|\u2606elefox22\n|j|\u2606FLT231Larsonshark\n|t:|1699920176\n|gametype|singles\n|player|p1|elefox22|preschoolerf|1180\n|player|p2|FLT231Larsonshark|caitlin|1268\n|teamsize|p1|6\n|teamsize|p2|6\n|gen|9\n|tier|[Gen 9] National Dex\n|rated|\n|rule|HP Percentage Mod: HP is shown in percentages\n|rule|Endless Battle Clause: Forcing endless battles is banned\n|rule|OHKO Clause: OHKO moves are banned\n|rule|Evasion Clause: Evasion abilities, items, and moves are banned\n|rule|Evasion Abilities Clause: Evasion abilities are banned\n|rule|Evasion Items Clause: Evasion items are banned\n|rule|Evasion Moves Clause: Evasion moves are banned\n|rule|Species Clause: Limit one of each Pok\u00e9mon\n|rule|Sleep Clause Mod: Limit one foe put to sleep\n|clearpoke\n|poke|p1|Breloom, M|\n|poke|p1|Azumarill, M|\n|poke|p1|Flygon, F|\n|poke|p1|Pachirisu, M|\n|poke|p1|Shuckle, F|\n|poke|p1|Iron Moth|\n|poke|p2|Blaziken, M|\n|poke|p2|Morpeko, M|\n|poke|p2|Pinsir, M|\n|poke|p2|Slurpuff, F|\n|poke|p2|Iron Moth|\n|poke|p2|Ditto|\n|teampreview\n|inactive|Battle timer is ON: inactive players will automatically lose when time's up. (requested by FLT231Larsonshark)\n|\n|t:|1699920195\n|start\n|switch|p1a: Shuckle|Shuckle, F|100\/100\n|switch|p2a: the Slurpuff|Slurpuff, F|100\/100\n|turn|1\n|inactive|elefox22 has 120 seconds left.\n|\n|t:|1699920236\n|move|p2a: the Slurpuff|Sticky Web|p1a: Shuckle\n|-sidestart|p1: elefox22|move: Sticky Web\n|move|p1a: Shuckle|Toxic|p2a: the Slurpuff\n|-status|p2a: the Slurpuff|tox\n|\n|-damage|p2a: the Slurpuff|94\/100 tox|[from] psn\n|upkeep\n|turn|2\n|c|\u2606elefox22|\"The slurpuff\" \ud83d\ude28\n|\n|t:|1699920258\n|move|p2a: the Slurpuff|Drain Punch|p1a: Shuckle\n|-damage|p1a: Shuckle|87\/100\n|-heal|p2a: the Slurpuff|99\/100 tox|[from] drain|[of] p1a: Shuckle\n|move|p1a: Shuckle|Stealth Rock|p2a: the Slurpuff\n|-sidestart|p2: FLT231Larsonshark|move: Stealth Rock\n|\n|-heal|p1a: Shuckle|94\/100|[from] item: Leftovers\n|-damage|p2a: the Slurpuff|87\/100 tox|[from] psn\n|upkeep\n|turn|3\n|\n|t:|1699920266\n|move|p1a: Shuckle|Protect|p1a: Shuckle\n|-singleturn|p1a: Shuckle|Protect\n|move|p2a: the Slurpuff|Belly Drum|p2a: the Slurpuff\n|-damage|p2a: the Slurpuff|37\/100 tox\n|-setboost|p2a: the Slurpuff|atk|6|[from] move: Belly Drum\n|-enditem|p2a: the Slurpuff|Sitrus Berry|[eat]\n|-heal|p2a: the Slurpuff|62\/100 tox|[from] item: Sitrus Berry\n|\n|-heal|p1a: Shuckle|99\/100|[from] item: Leftovers\n|-damage|p2a: the Slurpuff|43\/100 tox|[from] psn\n|upkeep\n|turn|4\n|\n|t:|1699920272\n|move|p2a: the Slurpuff|Drain Punch|p1a: Shuckle\n|-damage|p1a: Shuckle|54\/100\n|-heal|p2a: the Slurpuff|61\/100 tox|[from] drain|[of] p1a: Shuckle\n|move|p1a: Shuckle|Knock Off|p2a: the Slurpuff\n|-resisted|p2a: the Slurpuff\n|-damage|p2a: the Slurpuff|58\/100 tox\n|\n|-heal|p1a: Shuckle|60\/100|[from] item: Leftovers\n|-damage|p2a: the Slurpuff|34\/100 tox|[from] psn\n|upkeep\n|turn|5\n|\n|t:|1699920284\n|move|p1a: Shuckle|Protect|p1a: Shuckle\n|-singleturn|p1a: Shuckle|Protect\n|move|p2a: the Slurpuff|Play Rough|p1a: Shuckle\n|-activate|p1a: Shuckle|move: Protect\n|\n|-heal|p1a: Shuckle|66\/100|[from] item: Leftovers\n|-damage|p2a: the Slurpuff|3\/100 tox|[from] psn\n|upkeep\n|turn|6\n|\n|t:|1699920294\n|move|p1a: Shuckle|Protect|p1a: Shuckle\n|-singleturn|p1a: Shuckle|Protect\n|move|p2a: the Slurpuff|Drain Punch|p1a: Shuckle\n|-activate|p1a: Shuckle|move: Protect\n|\n|-heal|p1a: Shuckle|72\/100|[from] item: Leftovers\n|-damage|p2a: the Slurpuff|0 fnt|[from] psn\n|faint|p2a: the Slurpuff\n|upkeep\n|\n|t:|1699920303\n|switch|p2a: The Iron Moth|Iron Moth|100\/100\n|-damage|p2a: The Iron Moth|76\/100|[from] Stealth Rock\n|-enditem|p2a: The Iron Moth|Booster Energy\n|-activate|p2a: The Iron Moth|ability: Quark Drive|[fromitem]\n|-start|p2a: The Iron Moth|quarkdrivespa\n|turn|7\n|\n|t:|1699920311\n|move|p2a: The Iron Moth|Agility|p2a: The Iron Moth\n|-boost|p2a: The Iron Moth|spe|2\n|move|p1a: Shuckle|Knock Off|p2a: The Iron Moth\n|-damage|p2a: The Iron Moth|69\/100\n|\n|-heal|p1a: Shuckle|78\/100|[from] item: Leftovers\n|upkeep\n|turn|8\n|\n|t:|1699920326\n|switch|p1a: Azumarill|Azumarill, M|100\/100\n|-activate|p1a: Azumarill|move: Sticky Web\n|-unboost|p1a: Azumarill|spe|1\n|move|p2a: The Iron Moth|Fiery Dance|p1a: Azumarill\n|-resisted|p1a: Azumarill\n|-damage|p1a: Azumarill|67\/100\n|\n|-heal|p1a: Azumarill|73\/100|[from] item: Leftovers\n|upkeep\n|turn|9\n|\n|t:|1699920335\n|-terastallize|p2a: The Iron Moth|Flying\n|move|p1a: Azumarill|Aqua Jet|p2a: The Iron Moth\n|-damage|p2a: The Iron Moth|28\/100\n|move|p2a: The Iron Moth|Sludge Wave|p1a: Azumarill\n|-supereffective|p1a: Azumarill\n|-damage|p1a: Azumarill|0 fnt\n|faint|p1a: Azumarill\n|\n|upkeep\n|\n|t:|1699920345\n|switch|p1a: Pachirisu|Pachirisu, M|100\/100\n|-activate|p1a: Pachirisu|move: Sticky Web\n|-unboost|p1a: Pachirisu|spe|1\n|turn|10\n|\n|t:|1699920355\n|move|p2a: The Iron Moth|Fiery Dance|p1a: Pachirisu\n|-damage|p1a: Pachirisu|11\/100\n|-boost|p2a: The Iron Moth|spa|1\n|-enditem|p1a: Pachirisu|Wiki Berry|[eat]\n|-heal|p1a: Pachirisu|45\/100|[from] item: Wiki Berry\n|move|p1a: Pachirisu|Nuzzle|p2a: The Iron Moth\n|-supereffective|p2a: The Iron Moth\n|-damage|p2a: The Iron Moth|14\/100\n|-status|p2a: The Iron Moth|par\n|\n|upkeep\n|turn|11\n|\n|t:|1699920363\n|cant|p2a: The Iron Moth|par\n|move|p1a: Pachirisu|Light Screen|p1a: Pachirisu\n|-sidestart|p1: elefox22|move: Light Screen\n|\n|upkeep\n|turn|12\n|\n|t:|1699920367\n|cant|p2a: The Iron Moth|par\n|move|p1a: Pachirisu|Nuzzle|p2a: The Iron Moth\n|-supereffective|p2a: The Iron Moth\n|-damage|p2a: The Iron Moth|0 fnt\n|faint|p2a: The Iron Moth\n|-end|p2a: The Iron Moth|Quark Drive|[silent]\n|\n|upkeep\n|\n|t:|1699920371\n|switch|p2a: the Morpeko|Morpeko, M|100\/100\n|-damage|p2a: the Morpeko|88\/100|[from] Stealth Rock\n|turn|13\n|\n|t:|1699920378\n|move|p2a: the Morpeko|Swagger|p1a: Pachirisu\n|-boost|p1a: Pachirisu|atk|2\n|-enditem|p2a: the Morpeko|Mirror Herb\n|-boost|p2a: the Morpeko|atk|2|[from] item: Mirror Herb\n|-start|p1a: Pachirisu|confusion\n|-activate|p1a: Pachirisu|confusion\n|-damage|p1a: Pachirisu|32\/100|[from] confusion\n|\n|-formechange|p2a: the Morpeko|Morpeko-Hangry||[from] ability: Hunger Switch\n|upkeep\n|turn|14\n|\n|t:|1699920389\n|move|p2a: the Morpeko|Rapid Spin|p1a: Pachirisu\n|-damage|p1a: Pachirisu|0 fnt\n|-boost|p2a: the Morpeko|spe|1\n|-sideend|p2: FLT231Larsonshark|Stealth Rock|[from] move: Rapid Spin|[of] p2a: the Morpeko\n|faint|p1a: Pachirisu\n|\n|-formechange|p2a: the Morpeko|Morpeko||[from] ability: Hunger Switch\n|upkeep\n|\n|t:|1699920400\n|switch|p1a: Breloom|Breloom, M|100\/100\n|-activate|p1a: Breloom|move: Sticky Web\n|-unboost|p1a: Breloom|spe|1\n|turn|15\n|\n|t:|1699920404\n|move|p2a: the Morpeko|Ice Fang|p1a: Breloom\n|-supereffective|p1a: Breloom\n|-crit|p1a: Breloom\n|-damage|p1a: Breloom|0 fnt\n|faint|p1a: Breloom\n|\n|-sideend|p1: elefox22|move: Light Screen\n|-formechange|p2a: the Morpeko|Morpeko-Hangry||[from] ability: Hunger Switch\n|upkeep\n|\n|t:|1699920408\n|switch|p1a: Shuckle|Shuckle, F|78\/100\n|-activate|p1a: Shuckle|move: Sticky Web\n|-unboost|p1a: Shuckle|spe|1\n|turn|16\n|\n|t:|1699920415\n|move|p2a: the Morpeko|Aura Wheel|p1a: Shuckle\n|-damage|p1a: Shuckle|17\/100\n|-boost|p2a: the Morpeko|spe|1\n|move|p1a: Shuckle|Toxic|p2a: the Morpeko\n|-status|p2a: the Morpeko|tox\n|\n|-heal|p1a: Shuckle|23\/100|[from] item: Leftovers\n|-damage|p2a: the Morpeko|82\/100 tox|[from] psn\n|-formechange|p2a: the Morpeko|Morpeko||[from] ability: Hunger Switch\n|upkeep\n|turn|17\n|\n|t:|1699920421\n|move|p1a: Shuckle|Protect|p1a: Shuckle\n|-singleturn|p1a: Shuckle|Protect\n|move|p2a: the Morpeko|Aura Wheel|p1a: Shuckle\n|-activate|p1a: Shuckle|move: Protect\n|\n|-heal|p1a: Shuckle|29\/100|[from] item: Leftovers\n|-damage|p2a: the Morpeko|69\/100 tox|[from] psn\n|-formechange|p2a: the Morpeko|Morpeko-Hangry||[from] ability: Hunger Switch\n|upkeep\n|turn|18\n|\n|t:|1699920436\n|move|p2a: the Morpeko|Aura Wheel|p1a: Shuckle\n|-damage|p1a: Shuckle|0 fnt\n|-boost|p2a: the Morpeko|spe|1\n|faint|p1a: Shuckle\n|\n|-damage|p2a: the Morpeko|51\/100 tox|[from] psn\n|-formechange|p2a: the Morpeko|Morpeko||[from] ability: Hunger Switch\n|upkeep\n|\n|t:|1699920439\n|switch|p1a: Flygon|Flygon, F|100\/100\n|turn|19\n|\n|t:|1699920441\n|move|p2a: the Morpeko|Ice Fang|p1a: Flygon\n|-supereffective|p1a: Flygon\n|-damage|p1a: Flygon|0 fnt\n|faint|p1a: Flygon\n|\n|-damage|p2a: the Morpeko|26\/100 tox|[from] psn\n|-formechange|p2a: the Morpeko|Morpeko-Hangry||[from] ability: Hunger Switch\n|upkeep\n|\n|t:|1699920444\n|switch|p1a: Iron Moth|Iron Moth|100\/100\n|-activate|p1a: Iron Moth|move: Sticky Web\n|-unboost|p1a: Iron Moth|spe|1\n|-enditem|p1a: Iron Moth|Booster Energy\n|-activate|p1a: Iron Moth|ability: Quark Drive|[fromitem]\n|-start|p1a: Iron Moth|quarkdrivespa\n|turn|20\n|\n|t:|1699920451\n|move|p2a: the Morpeko|Aura Wheel|p1a: Iron Moth\n|-damage|p1a: Iron Moth|0 fnt\n|-boost|p2a: the Morpeko|spe|1\n|faint|p1a: Iron Moth\n|-end|p1a: Iron Moth|Quark Drive|[silent]\n|\n|win|FLT231Larsonshark\n|raw|elefox22's rating: 1180 &rarr; <strong>1161<\/strong><br \/>(-19 for losing)\n|raw|FLT231Larsonshark's rating: 1268 &rarr; <strong>1287<\/strong><br \/>(+19 for winning)\n|c|\u2606FLT231Larsonshark|gg\n|l|\u2606elefox22\n","uploadtime":1699920476,"views":7,"p1id":"elefox22","p2id":"flt231larsonshark","formatid":"gen9nationaldex","rating":1161,"private":0,"password":""}