{"id":"gen9nationaldex-1999917041","p1":"TornadUSMANGaruba","p2":"Klutchin","format":"[Gen 9] National Dex","log":"|html|<div class=\"broadcast-blue\"><strong>[Gen 9] National Dex is currently suspecting Sneasler! For information on how to participate check out the <a href=\"https:\/\/www.smogon.com\/forums\/threads\/sv-national-dex-suspect-8-just-dance.3731534\/\">suspect thread<\/a>.<\/strong><\/div>\n|j|\u2606TornadUSMANGaruba\n|j|\u2606Klutchin\n|t:|1701129803\n|gametype|singles\n|player|p1|TornadUSMANGaruba|hoopster|\n|player|p2|Klutchin|medium|\n|teamsize|p1|6\n|teamsize|p2|6\n|gen|9\n|tier|[Gen 9] National Dex\n|rule|HP Percentage Mod: HP is shown in percentages\n|rule|Endless Battle Clause: Forcing endless battles is banned\n|rule|OHKO Clause: OHKO moves are banned\n|rule|Evasion Clause: Evasion abilities, items, and moves are banned\n|rule|Evasion Abilities Clause: Evasion abilities are banned\n|rule|Evasion Items Clause: Evasion items are banned\n|rule|Evasion Moves Clause: Evasion moves are banned\n|rule|Species Clause: Limit one of each Pok\u00e9mon\n|rule|Sleep Clause Mod: Limit one foe put to sleep\n|clearpoke\n|poke|p1|Zamazenta-*|\n|poke|p1|Meowscarada, F|\n|poke|p1|Manectric, F|\n|poke|p1|Starmie|\n|poke|p1|Clefable, F|\n|poke|p1|Nidoqueen, F|\n|poke|p2|Rotom-Wash|\n|poke|p2|Slowking-Galar, F|\n|poke|p2|Skarmory, F|\n|poke|p2|Zarude|\n|poke|p2|Arctovish|\n|poke|p2|Eelektross, F|\n|teampreview\n|j| victor wembanyanma\n|j| jaynay121\n|\n|t:|1701129876\n|start\n|switch|p1a: Zamazenta|Zamazenta|100\/100\n|switch|p2a: Eelektross|Eelektross, F, shiny|100\/100\n|-ability|p1a: Zamazenta|Dauntless Shield|boost\n|-boost|p1a: Zamazenta|def|1\n|turn|1\n|\n|t:|1701129883\n|move|p1a: Zamazenta|Close Combat|p2a: Eelektross\n|-damage|p2a: Eelektross|28\/100\n|-unboost|p1a: Zamazenta|def|1\n|-unboost|p1a: Zamazenta|spd|1\n|move|p2a: Eelektross|U-turn|p1a: Zamazenta\n|-resisted|p1a: Zamazenta\n|-damage|p1a: Zamazenta|90\/100\n|\n|t:|1701129910\n|switch|p2a: Slowking|Slowking-Galar, F, shiny|100\/100|[from] U-turn\n|\n|upkeep\n|turn|2\n|\n|t:|1701129918\n|switch|p1a: Starmie|Starmie|100\/100\n|move|p2a: Slowking|Iron Defense|p2a: Slowking\n|-boost|p2a: Slowking|def|2\n|\n|upkeep\n|turn|3\n|\n|t:|1701129944\n|move|p1a: Starmie|Flip Turn|p2a: Slowking\n|-damage|p2a: Slowking|93\/100\n|\n|t:|1701129948\n|switch|p1a: Clefable|Clefable, F|100\/100|[from] Flip Turn\n|move|p2a: Slowking|Iron Defense|p2a: Slowking\n|-boost|p2a: Slowking|def|2\n|\n|-heal|p2a: Slowking|99\/100|[from] item: Leftovers\n|upkeep\n|turn|4\n|\n|t:|1701129953\n|move|p1a: Clefable|Stealth Rock|p2a: Slowking\n|-sidestart|p2: Klutchin|move: Stealth Rock\n|move|p2a: Slowking|Sludge Wave|p1a: Clefable\n|-supereffective|p1a: Clefable\n|-damage|p1a: Clefable|53\/100\n|\n|-heal|p1a: Clefable|59\/100|[from] item: Leftovers\n|-heal|p2a: Slowking|100\/100|[from] item: Leftovers\n|upkeep\n|turn|5\n|\n|t:|1701129960\n|switch|p1a: Nidoqueen|Nidoqueen, F|100\/100\n|move|p2a: Slowking|Sludge Wave|p1a: Nidoqueen\n|-resisted|p1a: Nidoqueen\n|-damage|p1a: Nidoqueen|90\/100\n|\n|upkeep\n|turn|6\n|\n|t:|1701129966\n|move|p1a: Nidoqueen|Earth Power|p2a: Slowking\n|-supereffective|p2a: Slowking\n|-damage|p2a: Slowking|31\/100\n|move|p2a: Slowking|Stored Power|p1a: Nidoqueen\n|-supereffective|p1a: Nidoqueen\n|-damage|p1a: Nidoqueen|2\/100\n|\n|-heal|p2a: Slowking|37\/100|[from] item: Leftovers\n|upkeep\n|turn|7\n|\n|t:|1701129976\n|switch|p1a: Manectric|Manectric, F|100\/100\n|switch|p2a: Rotom|Rotom-Wash, shiny|100\/100\n|-damage|p2a: Rotom|88\/100|[from] Stealth Rock\n|\n|-heal|p2a: Rotom|94\/100|[from] item: Leftovers\n|upkeep\n|turn|8\n|\n|t:|1701129979\n|detailschange|p1a: Manectric|Manectric-Mega, F\n|-mega|p1a: Manectric|Manectric|Manectite\n|-ability|p1a: Manectric|Intimidate|boost\n|-unboost|p2a: Rotom|atk|1\n|move|p1a: Manectric|Volt Switch|p2a: Rotom\n|-damage|p2a: Rotom|51\/100\n|\n|t:|1701129990\n|switch|p1a: Clefable|Clefable, F|59\/100|[from] Volt Switch\n|move|p2a: Rotom|Defog|p1a: Clefable\n|-unboost|p1a: Clefable|evasion|1\n|-sideend|p2: Klutchin|Stealth Rock|[from] move: Defog|[of] p2a: Rotom\n|\n|-heal|p2a: Rotom|58\/100|[from] item: Leftovers\n|-heal|p1a: Clefable|65\/100|[from] item: Leftovers\n|upkeep\n|turn|9\n|\n|t:|1701129997\n|move|p2a: Rotom|Hydro Pump|p1a: Clefable\n|-damage|p1a: Clefable|30\/100\n|move|p1a: Clefable|Stealth Rock|p2a: Rotom\n|-sidestart|p2: Klutchin|move: Stealth Rock\n|\n|-heal|p2a: Rotom|64\/100|[from] item: Leftovers\n|-heal|p1a: Clefable|37\/100|[from] item: Leftovers\n|upkeep\n|turn|10\n|\n|t:|1701130003\n|move|p1a: Clefable|Protect|p1a: Clefable\n|-singleturn|p1a: Clefable|Protect\n|move|p2a: Rotom|Defog|p1a: Clefable\n|-activate|p1a: Clefable|move: Protect\n|\n|-heal|p2a: Rotom|70\/100|[from] item: Leftovers\n|-heal|p1a: Clefable|43\/100|[from] item: Leftovers\n|upkeep\n|turn|11\n|\n|t:|1701130006\n|move|p2a: Rotom|Hydro Pump|p1a: Clefable\n|-damage|p1a: Clefable|9\/100\n|move|p1a: Clefable|Soft-Boiled|p1a: Clefable\n|-heal|p1a: Clefable|59\/100\n|\n|-heal|p2a: Rotom|76\/100|[from] item: Leftovers\n|-heal|p1a: Clefable|65\/100|[from] item: Leftovers\n|upkeep\n|turn|12\n|\n|t:|1701130013\n|move|p2a: Rotom|Defog|p1a: Clefable\n|-unboost|p1a: Clefable|evasion|1\n|-sideend|p2: Klutchin|Stealth Rock|[from] move: Defog|[of] p2a: Rotom\n|move|p1a: Clefable|Moonblast|p2a: Rotom\n|-damage|p2a: Rotom|45\/100\n|\n|-heal|p2a: Rotom|51\/100|[from] item: Leftovers\n|-heal|p1a: Clefable|71\/100|[from] item: Leftovers\n|upkeep\n|turn|13\n|\n|t:|1701130034\n|move|p2a: Rotom|Volt Switch|p1a: Clefable\n|-damage|p1a: Clefable|48\/100\n|\n|t:|1701130041\n|switch|p2a: Slowking|Slowking-Galar, F, shiny|71\/100|[from] Volt Switch\n|move|p1a: Clefable|Stealth Rock|p2a: Slowking\n|-sidestart|p2: Klutchin|move: Stealth Rock\n|\n|-heal|p1a: Clefable|54\/100|[from] item: Leftovers\n|-heal|p2a: Slowking|77\/100|[from] item: Leftovers\n|upkeep\n|turn|14\n|\n|t:|1701130080\n|move|p1a: Clefable|Moonblast|p2a: Slowking\n|-resisted|p2a: Slowking\n|-damage|p2a: Slowking|68\/100\n|move|p2a: Slowking|Sludge Wave|p1a: Clefable\n|-supereffective|p1a: Clefable\n|-damage|p1a: Clefable|3\/100\n|\n|-heal|p1a: Clefable|9\/100|[from] item: Leftovers\n|-heal|p2a: Slowking|74\/100|[from] item: Leftovers\n|upkeep\n|turn|15\n|\n|t:|1701130093\n|move|p1a: Clefable|Soft-Boiled|p1a: Clefable\n|-heal|p1a: Clefable|59\/100\n|move|p2a: Slowking|Sludge Wave|p1a: Clefable\n|-supereffective|p1a: Clefable\n|-damage|p1a: Clefable|13\/100\n|-status|p1a: Clefable|psn\n|\n|-heal|p1a: Clefable|19\/100 psn|[from] item: Leftovers\n|-heal|p2a: Slowking|80\/100|[from] item: Leftovers\n|upkeep\n|turn|16\n|\n|t:|1701130102\n|move|p1a: Clefable|Soft-Boiled|p1a: Clefable\n|-heal|p1a: Clefable|69\/100 psn\n|move|p2a: Slowking|Sludge Wave|p1a: Clefable\n|-supereffective|p1a: Clefable\n|-damage|p1a: Clefable|24\/100 psn\n|\n|-heal|p1a: Clefable|30\/100 psn|[from] item: Leftovers\n|-heal|p2a: Slowking|86\/100|[from] item: Leftovers\n|upkeep\n|turn|17\n|\n|t:|1701130109\n|switch|p1a: Starmie|Starmie|100\/100\n|move|p2a: Slowking|Sludge Wave|p1a: Starmie\n|-damage|p1a: Starmie|71\/100\n|\n|-heal|p2a: Slowking|92\/100|[from] item: Leftovers\n|upkeep\n|turn|18\n|\n|t:|1701130117\n|move|p1a: Starmie|Scald|p2a: Slowking\n|-damage|p2a: Slowking|74\/100\n|move|p2a: Slowking|Chilly Reception|p2a: Slowking\n|-weather|Snow\n|\n|t:|1701130144\n|switch|p2a: Zarude|Zarude|100\/100|[from] Chilly Reception\n|-damage|p2a: Zarude|88\/100|[from] Stealth Rock\n|\n|-weather|Snow|[upkeep]\n|upkeep\n|turn|19\n|\n|t:|1701130148\n|switch|p1a: Clefable|Clefable, F|30\/100 psn\n|move|p2a: Zarude|U-turn|p1a: Clefable\n|-resisted|p1a: Clefable\n|-damage|p1a: Clefable|17\/100 psn\n|\n|t:|1701130155\n|switch|p2a: Arctovish|Arctovish, shiny|100\/100|[from] U-turn\n|-damage|p2a: Arctovish|76\/100|[from] Stealth Rock\n|\n|-weather|Snow|[upkeep]\n|-heal|p1a: Clefable|23\/100 psn|[from] item: Leftovers\n|upkeep\n|turn|20\n|\n|t:|1701130161\n|move|p1a: Clefable|Protect|p1a: Clefable\n|-singleturn|p1a: Clefable|Protect\n|move|p2a: Arctovish|Aurora Veil|p2a: Arctovish\n|-sidestart|p2: Klutchin|move: Aurora Veil\n|\n|-weather|Snow|[upkeep]\n|-heal|p1a: Clefable|29\/100 psn|[from] item: Leftovers\n|upkeep\n|turn|21\n|\n|t:|1701130167\n|move|p2a: Arctovish|Fishious Rend|p1a: Clefable\n|-damage|p1a: Clefable|0 fnt\n|faint|p1a: Clefable\n|-damage|p2a: Arctovish|66\/100|[from] item: Life Orb\n|\n|-weather|Snow|[upkeep]\n|upkeep\n|\n|t:|1701130186\n|switch|p1a: Meowscarada|Meowscarada, F|100\/100\n|turn|22\n|\n|t:|1701130189\n|move|p1a: Meowscarada|Flower Trick|p2a: Arctovish\n|-start|p1a: Meowscarada|typechange|Grass|[from] ability: Protean\n|-supereffective|p2a: Arctovish\n|-crit|p2a: Arctovish\n|-damage|p2a: Arctovish|0 fnt\n|faint|p2a: Arctovish\n|\n|-weather|none\n|upkeep\n|\n|t:|1701130202\n|switch|p2a: Skarmory|Skarmory, F, shiny|100\/100\n|-damage|p2a: Skarmory|88\/100|[from] Stealth Rock\n|turn|23\n|\n|t:|1701130220\n|switch|p1a: Manectric|Manectric-Mega, F|100\/100\n|-ability|p1a: Manectric|Intimidate|boost\n|-unboost|p2a: Skarmory|atk|1\n|switch|p2a: Slowking|Slowking-Galar, F, shiny|100\/100\n|-damage|p2a: Slowking|88\/100|[from] Stealth Rock\n|\n|-heal|p2a: Slowking|94\/100|[from] item: Leftovers\n|upkeep\n|turn|24\n|\n|t:|1701130227\n|move|p1a: Manectric|Volt Switch|p2a: Slowking\n|-damage|p2a: Slowking|83\/100\n|\n|t:|1701130229\n|switch|p1a: Starmie|Starmie|71\/100|[from] Volt Switch\n|move|p2a: Slowking|Iron Defense|p2a: Slowking\n|-boost|p2a: Slowking|def|2\n|\n|-heal|p2a: Slowking|90\/100|[from] item: Leftovers\n|-sideend|p2: Klutchin|move: Aurora Veil\n|upkeep\n|turn|25\n|\n|t:|1701130243\n|move|p1a: Starmie|Scald|p2a: Slowking\n|-damage|p2a: Slowking|72\/100\n|move|p2a: Slowking|Stored Power|p1a: Starmie\n|-resisted|p1a: Starmie\n|-crit|p1a: Starmie\n|-damage|p1a: Starmie|57\/100\n|\n|-heal|p2a: Slowking|78\/100|[from] item: Leftovers\n|upkeep\n|turn|26\n|\n|t:|1701130252\n|move|p1a: Starmie|Scald|p2a: Slowking\n|-damage|p2a: Slowking|61\/100\n|move|p2a: Slowking|Sludge Wave|p1a: Starmie\n|-crit|p1a: Starmie\n|-damage|p1a: Starmie|18\/100\n|\n|-heal|p2a: Slowking|67\/100|[from] item: Leftovers\n|upkeep\n|turn|27\n|c| victor wembanyanma|wow\n|\n|t:|1701130268\n|switch|p2a: Skarmory|Skarmory, F, shiny|88\/100\n|-damage|p2a: Skarmory|76\/100|[from] Stealth Rock\n|move|p1a: Starmie|Scald|p2a: Skarmory\n|-damage|p2a: Skarmory|32\/100\n|\n|upkeep\n|turn|28\n|c| victor wembanyanma|no burn + double crit is crazyyyy\n|\n|t:|1701130283\n|switch|p1a: Manectric|Manectric-Mega, F|100\/100\n|-ability|p1a: Manectric|Intimidate|boost\n|-unboost|p2a: Skarmory|atk|1\n|move|p2a: Skarmory|Brave Bird|p1a: Manectric\n|-resisted|p1a: Manectric\n|-damage|p1a: Manectric|85\/100\n|-damage|p2a: Skarmory|27\/100|[from] Recoil\n|\n|upkeep\n|turn|29\n|\n|t:|1701130290\n|move|p1a: Manectric|Volt Switch|p2a: Skarmory\n|-supereffective|p2a: Skarmory\n|-damage|p2a: Skarmory|0 fnt\n|faint|p2a: Skarmory\n|\n|t:|1701130295\n|switch|p1a: Meowscarada|Meowscarada, F|100\/100|[from] Volt Switch\n|\n|upkeep\n|\n|t:|1701130311\n|switch|p2a: Rotom|Rotom-Wash, shiny|51\/100\n|-damage|p2a: Rotom|38\/100|[from] Stealth Rock\n|turn|30\n|\n|t:|1701130334\n|move|p1a: Meowscarada|U-turn|p2a: Rotom\n|-start|p1a: Meowscarada|typechange|Bug|[from] ability: Protean\n|-damage|p2a: Rotom|6\/100\n|\n|t:|1701130340\n|switch|p1a: Manectric|Manectric-Mega, F|85\/100|[from] U-turn\n|-ability|p1a: Manectric|Intimidate|boost\n|-unboost|p2a: Rotom|atk|1\n|move|p2a: Rotom|Will-O-Wisp|p1a: Manectric\n|-status|p1a: Manectric|brn\n|\n|-heal|p2a: Rotom|12\/100|[from] item: Leftovers\n|-damage|p1a: Manectric|79\/100 brn|[from] brn\n|upkeep\n|turn|31\n|\n|t:|1701130354\n|move|p1a: Manectric|Volt Switch|p2a: Rotom\n|-damage|p2a: Rotom|0 fnt\n|faint|p2a: Rotom\n|\n|t:|1701130356\n|switch|p1a: Meowscarada|Meowscarada, F|100\/100|[from] Volt Switch\n|\n|upkeep\n|\n|t:|1701130369\n|switch|p2a: Slowking|Slowking-Galar, F, shiny|99\/100\n|-damage|p2a: Slowking|88\/100|[from] Stealth Rock\n|turn|32\n|\n|t:|1701130379\n|switch|p2a: Eelektross|Eelektross, F, shiny|28\/100\n|-damage|p2a: Eelektross|16\/100|[from] Stealth Rock\n|move|p1a: Meowscarada|Knock Off|p2a: Eelektross\n|-start|p1a: Meowscarada|typechange|Dark|[from] ability: Protean\n|-damage|p2a: Eelektross|0 fnt\n|-enditem|p2a: Eelektross|Assault Vest|[from] move: Knock Off|[of] p1a: Meowscarada\n|faint|p2a: Eelektross\n|\n|upkeep\n|\n|t:|1701130382\n|switch|p2a: Zarude|Zarude|88\/100\n|-damage|p2a: Zarude|76\/100|[from] Stealth Rock\n|turn|33\n|\n|t:|1701130387\n|switch|p1a: Starmie|Starmie|18\/100\n|move|p2a: Zarude|U-turn|p1a: Starmie\n|-supereffective|p1a: Starmie\n|-damage|p1a: Starmie|0 fnt\n|faint|p1a: Starmie\n|\n|t:|1701130390\n|switch|p2a: Slowking|Slowking-Galar, F, shiny|100\/100|[from] U-turn\n|-damage|p2a: Slowking|88\/100|[from] Stealth Rock\n|\n|-heal|p2a: Slowking|94\/100|[from] item: Leftovers\n|upkeep\n|\n|t:|1701130407\n|switch|p1a: Nidoqueen|Nidoqueen, F|2\/100\n|turn|34\n|\n|t:|1701130415\n|move|p1a: Nidoqueen|Earth Power|p2a: Slowking\n|-supereffective|p2a: Slowking\n|-damage|p2a: Slowking|18\/100\n|move|p2a: Slowking|Chilly Reception|p2a: Slowking\n|-weather|Snow\n|\n|t:|1701130418\n|switch|p2a: Zarude|Zarude|76\/100|[from] Chilly Reception\n|-damage|p2a: Zarude|64\/100|[from] Stealth Rock\n|\n|-weather|Snow|[upkeep]\n|upkeep\n|turn|35\n|\n|t:|1701130426\n|switch|p1a: Zamazenta|Zamazenta|90\/100\n|move|p2a: Zarude|U-turn|p1a: Zamazenta\n|-resisted|p1a: Zamazenta\n|-damage|p1a: Zamazenta|80\/100\n|\n|t:|1701130429\n|switch|p2a: Slowking|Slowking-Galar, F, shiny|52\/100|[from] U-turn\n|-damage|p2a: Slowking|39\/100|[from] Stealth Rock\n|\n|-weather|Snow|[upkeep]\n|-heal|p2a: Slowking|45\/100|[from] item: Leftovers\n|upkeep\n|turn|36\n|\n|t:|1701130445\n|switch|p2a: Zarude|Zarude|64\/100\n|-damage|p2a: Zarude|51\/100|[from] Stealth Rock\n|move|p1a: Zamazenta|Crunch|p2a: Zarude\n|-resisted|p2a: Zarude\n|-damage|p2a: Zarude|38\/100\n|\n|-weather|Snow|[upkeep]\n|upkeep\n|turn|37\n|\n|t:|1701130518\n|move|p2a: Zarude|Power Whip|p1a: Zamazenta\n|-crit|p1a: Zamazenta\n|-damage|p1a: Zamazenta|4\/100\n|move|p1a: Zamazenta|Close Combat|p2a: Zarude\n|-supereffective|p2a: Zarude\n|-damage|p2a: Zarude|0 fnt\n|-unboost|p1a: Zamazenta|def|1\n|-unboost|p1a: Zamazenta|spd|1\n|faint|p2a: Zarude\n|\n|-weather|Snow|[upkeep]\n|upkeep\n|\n|t:|1701130531\n|switch|p2a: Slowking|Slowking-Galar, F, shiny|78\/100\n|-damage|p2a: Slowking|66\/100|[from] Stealth Rock\n|turn|38\n|\n|t:|1701130540\n|move|p1a: Zamazenta|Crunch|p2a: Slowking\n|-supereffective|p2a: Slowking\n|-damage|p2a: Slowking|5\/100\n|-unboost|p2a: Slowking|def|1\n|move|p2a: Slowking|Iron Defense|p2a: Slowking\n|-boost|p2a: Slowking|def|2\n|\n|-weather|none\n|-heal|p2a: Slowking|11\/100|[from] item: Leftovers\n|upkeep\n|turn|39\n|c|\u2606Klutchin|gg\n|c|\u2606Klutchin|oh\n|c|\u2606Klutchin|lol\n|\n|t:|1701130548\n|move|p1a: Zamazenta|Crunch|p2a: Slowking\n|-supereffective|p2a: Slowking\n|-damage|p2a: Slowking|0 fnt\n|faint|p2a: Slowking\n|\n|win|TornadUSMANGaruba\n|c|\u2606TornadUSMANGaruba|gg\n|c|\u2606TornadUSMANGaruba|on to g3\n|l| victor wembanyanma\n|j| victor wembanyanma\n","uploadtime":1701130608,"views":26,"p1id":"tornadusmangaruba","p2id":"klutchin","formatid":"gen9nationaldex","rating":0,"private":0,"password":""}