{"id":"gen9nationaldex-1988040195","p1":"iuprunner","p2":"johim","format":"[Gen 9] National Dex","log":"|j|\u2606iuprunner\n|j|\u2606johim\n|t:|1699662256\n|gametype|singles\n|player|p1|iuprunner|hoopster|1192\n|player|p2|johim|jogger|1209\n|teamsize|p1|6\n|teamsize|p2|6\n|gen|9\n|tier|[Gen 9] National Dex\n|rated|\n|rule|HP Percentage Mod: HP is shown in percentages\n|rule|Endless Battle Clause: Forcing endless battles is banned\n|rule|OHKO Clause: OHKO moves are banned\n|rule|Evasion Clause: Evasion abilities, items, and moves are banned\n|rule|Evasion Abilities Clause: Evasion abilities are banned\n|rule|Evasion Items Clause: Evasion items are banned\n|rule|Evasion Moves Clause: Evasion moves are banned\n|rule|Species Clause: Limit one of each Pok\u00e9mon\n|rule|Sleep Clause Mod: Limit one foe put to sleep\n|clearpoke\n|poke|p1|Goodra-Hisui, F|\n|poke|p1|Dragonite, F|\n|poke|p1|Hydreigon, F|\n|poke|p1|Dondozo, F|\n|poke|p1|Conkeldurr, M|\n|poke|p1|Gliscor, M|\n|poke|p2|Charizard, M|\n|poke|p2|Crobat, M|\n|poke|p2|Rhydon, M|\n|poke|p2|Cloyster, M|\n|poke|p2|Magneton|\n|poke|p2|Hitmonlee, M|\n|teampreview\n|inactive|Battle timer is ON: inactive players will automatically lose when time's up. (requested by iuprunner)\n|\n|t:|1699662271\n|start\n|switch|p1a: Dragonite|Dragonite, F|100\/100\n|switch|p2a: Charizard|Charizard, M|100\/100\n|turn|1\n|\n|t:|1699662277\n|detailschange|p2a: Charizard|Charizard-Mega-Y, M\n|-mega|p2a: Charizard|Charizard|Charizardite Y\n|-weather|SunnyDay|[from] ability: Drought|[of] p2a: Charizard\n|move|p2a: Charizard|Ancient Power|p1a: Dragonite\n|-supereffective|p1a: Dragonite\n|-damage|p1a: Dragonite|73\/100\n|move|p1a: Dragonite|Dragon Dance|p1a: Dragonite\n|-boost|p1a: Dragonite|atk|1\n|-boost|p1a: Dragonite|spe|1\n|\n|-weather|SunnyDay|[upkeep]\n|upkeep\n|turn|2\n|\n|t:|1699662291\n|-terastallize|p1a: Dragonite|Dark\n|move|p1a: Dragonite|Dragon Dance|p1a: Dragonite\n|-boost|p1a: Dragonite|atk|1\n|-boost|p1a: Dragonite|spe|1\n|move|p2a: Charizard|Ancient Power|p1a: Dragonite\n|-damage|p1a: Dragonite|45\/100\n|\n|-weather|SunnyDay|[upkeep]\n|upkeep\n|turn|3\n|\n|t:|1699662299\n|move|p1a: Dragonite|Extreme Speed|p2a: Charizard\n|-damage|p2a: Charizard|17\/100\n|move|p2a: Charizard|Heat Wave|p1a: Dragonite\n|-damage|p1a: Dragonite|0 fnt\n|faint|p1a: Dragonite\n|\n|-weather|SunnyDay|[upkeep]\n|upkeep\n|\n|t:|1699662306\n|switch|p1a: Conkeldurr|Conkeldurr, M|100\/100\n|turn|4\n|\n|t:|1699662310\n|move|p1a: Conkeldurr|Mach Punch|p2a: Charizard\n|-resisted|p2a: Charizard\n|-damage|p2a: Charizard|0 fnt\n|faint|p2a: Charizard\n|\n|-weather|SunnyDay|[upkeep]\n|-status|p1a: Conkeldurr|brn|[from] item: Flame Orb\n|upkeep\n|\n|t:|1699662318\n|switch|p2a: Crobat|Crobat, M|100\/100\n|turn|5\n|\n|t:|1699662324\n|switch|p1a: Gliscor|Gliscor, M|100\/100\n|move|p2a: Crobat|Nasty Plot|p2a: Crobat\n|-boost|p2a: Crobat|spa|2\n|\n|-weather|none\n|-status|p1a: Gliscor|tox|[from] item: Toxic Orb\n|upkeep\n|turn|6\n|\n|t:|1699662332\n|move|p2a: Crobat|Nasty Plot|p2a: Crobat\n|-boost|p2a: Crobat|spa|2\n|move|p1a: Gliscor|Stealth Rock|p2a: Crobat\n|-sidestart|p2: johim|move: Stealth Rock\n|\n|upkeep\n|turn|7\n|\n|t:|1699662337\n|switch|p1a: Dondozo|Dondozo, F|100\/100\n|move|p2a: Crobat|Air Slash|p1a: Dondozo\n|-damage|p1a: Dondozo|82\/100\n|\n|-heal|p1a: Dondozo|89\/100|[from] item: Leftovers\n|upkeep\n|turn|8\n|\n|t:|1699662345\n|move|p2a: Crobat|Giga Drain|p1a: Dondozo\n|-supereffective|p1a: Dondozo\n|-damage|p1a: Dondozo|63\/100\n|move|p1a: Dondozo|Zen Headbutt|p2a: Crobat\n|-supereffective|p2a: Crobat\n|-damage|p2a: Crobat|49\/100\n|\n|-heal|p1a: Dondozo|69\/100|[from] item: Leftovers\n|upkeep\n|turn|9\n|\n|t:|1699662358\n|-terastallize|p2a: Crobat|Dark\n|move|p2a: Crobat|Air Slash|p1a: Dondozo\n|-damage|p1a: Dondozo|50\/100\n|move|p1a: Dondozo|Zen Headbutt|p2a: Crobat\n|-immune|p2a: Crobat\n|\n|-heal|p1a: Dondozo|56\/100|[from] item: Leftovers\n|upkeep\n|turn|10\n|\n|t:|1699662366\n|move|p2a: Crobat|Giga Drain|p1a: Dondozo\n|-supereffective|p1a: Dondozo\n|-damage|p1a: Dondozo|32\/100\n|-heal|p2a: Crobat|68\/100|[from] drain|[of] p1a: Dondozo\n|move|p1a: Dondozo|Body Press|p2a: Crobat\n|-supereffective|p2a: Crobat\n|-damage|p2a: Crobat|29\/100\n|\n|-heal|p1a: Dondozo|38\/100|[from] item: Leftovers\n|upkeep\n|turn|11\n|\n|t:|1699662375\n|move|p2a: Crobat|Giga Drain|p1a: Dondozo\n|-supereffective|p1a: Dondozo\n|-damage|p1a: Dondozo|12\/100\n|-heal|p2a: Crobat|50\/100|[from] drain|[of] p1a: Dondozo\n|move|p1a: Dondozo|Body Press|p2a: Crobat\n|-supereffective|p2a: Crobat\n|-damage|p2a: Crobat|6\/100\n|\n|-heal|p1a: Dondozo|19\/100|[from] item: Leftovers\n|upkeep\n|turn|12\n|\n|t:|1699662385\n|switch|p1a: Conkeldurr|Conkeldurr, M|100\/100 brn\n|move|p2a: Crobat|Giga Drain|p1a: Conkeldurr\n|-crit|p1a: Conkeldurr\n|-damage|p1a: Conkeldurr|29\/100 brn\n|-heal|p2a: Crobat|54\/100|[from] drain|[of] p1a: Conkeldurr\n|\n|-damage|p1a: Conkeldurr|23\/100 brn|[from] brn\n|upkeep\n|turn|13\n|\n|t:|1699662395\n|move|p1a: Conkeldurr|Mach Punch|p2a: Crobat\n|-supereffective|p2a: Crobat\n|-damage|p2a: Crobat|0 fnt\n|faint|p2a: Crobat\n|\n|-damage|p1a: Conkeldurr|17\/100 brn|[from] brn\n|upkeep\n|\n|t:|1699662397\n|switch|p2a: Rhydon|Rhydon, M|100\/100\n|-damage|p2a: Rhydon|95\/100|[from] Stealth Rock\n|turn|14\n|\n|t:|1699662407\n|move|p1a: Conkeldurr|Mach Punch|p2a: Rhydon\n|-supereffective|p2a: Rhydon\n|-damage|p2a: Rhydon|55\/100\n|move|p2a: Rhydon|Earthquake|p1a: Conkeldurr\n|-damage|p1a: Conkeldurr|0 fnt\n|faint|p1a: Conkeldurr\n|\n|upkeep\n|\n|t:|1699662415\n|switch|p1a: Gliscor|Gliscor, M|100\/100 tox\n|turn|15\n|\n|t:|1699662419\n|move|p1a: Gliscor|Swords Dance|p1a: Gliscor\n|-boost|p1a: Gliscor|atk|2\n|move|p2a: Rhydon|Ice Punch|p1a: Gliscor\n|-supereffective|p1a: Gliscor\n|-damage|p1a: Gliscor|0 fnt\n|faint|p1a: Gliscor\n|\n|upkeep\n|\n|t:|1699662428\n|switch|p1a: Goodra|Goodra-Hisui, F|100\/100\n|turn|16\n|\n|t:|1699662433\n|move|p1a: Goodra|Ice Spinner|p2a: Rhydon\n|-supereffective|p2a: Rhydon\n|-damage|p2a: Rhydon|24\/100\n|move|p2a: Rhydon|Earthquake|p1a: Goodra\n|-supereffective|p1a: Goodra\n|-damage|p1a: Goodra|0 fnt\n|faint|p1a: Goodra\n|\n|upkeep\n|\n|t:|1699662442\n|switch|p1a: Dondozo|Dondozo, F|19\/100\n|turn|17\n|\n|t:|1699662445\n|move|p2a: Rhydon|Earthquake|p1a: Dondozo\n|-damage|p1a: Dondozo|0 fnt\n|faint|p1a: Dondozo\n|\n|upkeep\n|\n|t:|1699662448\n|switch|p1a: Hydreigon|Hydreigon, F|100\/100\n|turn|18\n|\n|t:|1699662453\n|move|p1a: Hydreigon|Earth Power|p2a: Rhydon\n|-supereffective|p2a: Rhydon\n|-damage|p2a: Rhydon|0 fnt\n|faint|p2a: Rhydon\n|\n|upkeep\n|\n|t:|1699662457\n|switch|p2a: Magneton|Magneton|100\/100\n|-damage|p2a: Magneton|94\/100|[from] Stealth Rock\n|turn|19\n|\n|t:|1699662464\n|move|p1a: Hydreigon|Earth Power|p2a: Magneton\n|-supereffective|p2a: Magneton\n|-crit|p2a: Magneton\n|-damage|p2a: Magneton|0 fnt\n|faint|p2a: Magneton\n|\n|upkeep\n|\n|t:|1699662466\n|switch|p2a: Hitmonlee|Hitmonlee, M|100\/100\n|-damage|p2a: Hitmonlee|94\/100|[from] Stealth Rock\n|turn|20\n|\n|t:|1699662472\n|move|p1a: Hydreigon|Flamethrower|p2a: Hitmonlee\n|-crit|p2a: Hitmonlee\n|-damage|p2a: Hitmonlee|30\/100\n|move|p2a: Hitmonlee|Rapid Spin|p1a: Hydreigon\n|-damage|p1a: Hydreigon|81\/100\n|-boost|p2a: Hitmonlee|spe|1\n|-sideend|p2: johim|Stealth Rock|[from] move: Rapid Spin|[of] p2a: Hitmonlee\n|\n|upkeep\n|turn|21\n|\n|t:|1699662479\n|move|p2a: Hitmonlee|Close Combat|p1a: Hydreigon\n|-supereffective|p1a: Hydreigon\n|-damage|p1a: Hydreigon|0 fnt\n|-unboost|p2a: Hitmonlee|def|1\n|-unboost|p2a: Hitmonlee|spd|1\n|faint|p1a: Hydreigon\n|\n|win|johim\n|raw|iuprunner's rating: 1192 &rarr; <strong>1170<\/strong><br \/>(-22 for losing)\n|raw|johim's rating: 1228 &rarr; <strong>1250<\/strong><br \/>(+22 for winning)\n|l|\u2606iuprunner\n","uploadtime":1699662488,"views":4,"p1id":"iuprunner","p2id":"johim","formatid":"gen9nationaldex","rating":1170,"private":0,"password":""}