{"id":"gen9nationaldex-2000661363","p1":"ADDosd","p2":"ryan_farhan","format":"[Gen 9] National Dex","log":"|html|<div class=\"broadcast-blue\"><strong>[Gen 9] National Dex is currently suspecting Sneasler! For information on how to participate check out the <a href=\"https:\/\/www.smogon.com\/forums\/threads\/sv-national-dex-suspect-8-just-dance.3731534\/\">suspect thread<\/a>.<\/strong><\/div>\n|j|\u2606ADDosd\n|j|\u2606ryan_farhan\n|t:|1701215825\n|gametype|singles\n|player|p1|ADDosd|102|1237\n|player|p2|ryan_farhan|265|1181\n|teamsize|p1|6\n|teamsize|p2|6\n|gen|9\n|tier|[Gen 9] National Dex\n|rated|\n|rule|HP Percentage Mod: HP is shown in percentages\n|rule|Endless Battle Clause: Forcing endless battles is banned\n|rule|OHKO Clause: OHKO moves are banned\n|rule|Evasion Clause: Evasion abilities, items, and moves are banned\n|rule|Evasion Abilities Clause: Evasion abilities are banned\n|rule|Evasion Items Clause: Evasion items are banned\n|rule|Evasion Moves Clause: Evasion moves are banned\n|rule|Species Clause: Limit one of each Pok\u00e9mon\n|rule|Sleep Clause Mod: Limit one foe put to sleep\n|clearpoke\n|poke|p1|Dudunsparce-*, M|\n|poke|p1|Slowbro-Galar, F|\n|poke|p1|Zapdos|\n|poke|p1|Urshifu-*, M|\n|poke|p1|Overqwil, F|\n|poke|p1|Landorus-Therian, M|\n|poke|p2|Pikachu, M|\n|poke|p2|Bulbasaur, M|\n|poke|p2|Squirtle, M|\n|poke|p2|Charizard, M|\n|poke|p2|Lapras, M|\n|poke|p2|Snorlax, M|\n|teampreview\n|inactive|Battle timer is ON: inactive players will automatically lose when time's up. (requested by ryan_farhan)\n|\n|t:|1701215840\n|start\n|switch|p1a: Dudunsparce|Dudunsparce-Three-Segment, M|100\/100\n|switch|p2a: Pikachu|Pikachu, M|100\/100\n|turn|1\n|\n|t:|1701215850\n|switch|p1a: Overqwil|Overqwil, F|100\/100\n|-ability|p1a: Overqwil|Intimidate|boost\n|-unboost|p2a: Pikachu|atk|1\n|move|p2a: Pikachu|Grass Knot|p1a: Overqwil\n|-resisted|p1a: Overqwil\n|-damage|p1a: Overqwil|77\/100\n|\n|-status|p1a: Overqwil|brn|[from] item: Flame Orb\n|upkeep\n|turn|2\n|\n|t:|1701215861\n|move|p2a: Pikachu|Thunderbolt|p1a: Overqwil\n|-damage|p1a: Overqwil|2\/100 brn\n|move|p1a: Overqwil|Scale Shot|p2a: Pikachu\n|-damage|p2a: Pikachu|87\/100\n|-damage|p2a: Pikachu|73\/100\n|-hitcount|p2a: Pikachu|2\n|-unboost|p1a: Overqwil|def|1\n|-boost|p1a: Overqwil|spe|1\n|\n|-damage|p1a: Overqwil|0 fnt|[from] brn\n|faint|p1a: Overqwil\n|upkeep\n|\n|t:|1701215870\n|switch|p1a: Urshifu|Urshifu-Rapid-Strike, M|100\/100\n|turn|3\n|\n|t:|1701215877\n|switch|p2a: Squirtle|Squirtle, M|100\/100\n|move|p1a: Urshifu|Surging Strikes|p2a: Squirtle\n|-resisted|p2a: Squirtle\n|-crit|p2a: Squirtle\n|-damage|p2a: Squirtle|92\/100\n|-resisted|p2a: Squirtle\n|-crit|p2a: Squirtle\n|-damage|p2a: Squirtle|85\/100\n|-resisted|p2a: Squirtle\n|-crit|p2a: Squirtle\n|-damage|p2a: Squirtle|76\/100\n|-hitcount|p2a: Squirtle|3\n|\n|upkeep\n|turn|4\n|\n|t:|1701215888\n|switch|p1a: Landorus|Landorus-Therian, M|100\/100\n|-ability|p1a: Landorus|Intimidate|boost\n|-unboost|p2a: Squirtle|atk|1\n|move|p2a: Squirtle|Counter||[still]\n|-fail|p2a: Squirtle\n|\n|upkeep\n|turn|5\n|\n|t:|1701215895\n|move|p1a: Landorus|U-turn|p2a: Squirtle\n|-damage|p2a: Squirtle|57\/100\n|\n|t:|1701215899\n|switch|p1a: Zapdos|Zapdos|100\/100|[from] U-turn\n|move|p2a: Squirtle|Seismic Toss|p1a: Zapdos\n|-damage|p1a: Zapdos|73\/100\n|\n|upkeep\n|turn|6\n|\n|t:|1701215907\n|switch|p2a: Pikachu|Pikachu, M|73\/100\n|move|p1a: Zapdos|Volt Switch|p2a: Pikachu\n|-ability|p2a: Pikachu|Lightning Rod|boost\n|-boost|p2a: Pikachu|spa|1\n|\n|upkeep\n|turn|7\n|\n|t:|1701215913\n|switch|p1a: Landorus|Landorus-Therian, M|100\/100\n|-ability|p1a: Landorus|Intimidate|boost\n|-unboost|p2a: Pikachu|atk|1\n|move|p2a: Pikachu|Thunderbolt|p1a: Landorus\n|-immune|p1a: Landorus\n|\n|upkeep\n|turn|8\n|\n|t:|1701215923\n|-terastallize|p2a: Pikachu|Flying\n|move|p2a: Pikachu|Grass Knot|p1a: Landorus\n|-damage|p1a: Landorus|72\/100\n|move|p1a: Landorus|Earthquake|p2a: Pikachu\n|-immune|p2a: Pikachu\n|\n|upkeep\n|turn|9\n|\n|t:|1701215952\n|move|p2a: Pikachu|Thunderbolt|p1a: Landorus\n|-immune|p1a: Landorus\n|move|p1a: Landorus|Smack Down|p2a: Pikachu\n|-supereffective|p2a: Pikachu\n|-damage|p2a: Pikachu|0 fnt\n|faint|p2a: Pikachu\n|\n|upkeep\n|\n|t:|1701215960\n|switch|p2a: Lapras|Lapras, M|100\/100\n|turn|10\n|\n|t:|1701215967\n|move|p1a: Landorus|U-turn|p2a: Lapras\n|-damage|p2a: Lapras|85\/100\n|\n|t:|1701215972\n|switch|p1a: Dudunsparce|Dudunsparce-Three-Segment, M|100\/100|[from] U-turn\n|move|p2a: Lapras|Freeze-Dry|p1a: Dudunsparce\n|-damage|p1a: Dudunsparce|76\/100\n|\n|-heal|p2a: Lapras|91\/100|[from] item: Leftovers\n|upkeep\n|turn|11\n|\n|t:|1701215985\n|move|p1a: Dudunsparce|Glare|p2a: Lapras\n|-status|p2a: Lapras|par\n|move|p2a: Lapras|Perish Song|p2a: Lapras\n|-start|p1a: Dudunsparce|perish3|[silent]\n|-start|p2a: Lapras|perish3|[silent]\n|-fieldactivate|move: Perish Song\n|\n|-heal|p2a: Lapras|97\/100 par|[from] item: Leftovers\n|-start|p1a: Dudunsparce|perish3\n|-start|p2a: Lapras|perish3\n|upkeep\n|turn|12\n|\n|t:|1701215997\n|switch|p1a: Zapdos|Zapdos|73\/100\n|move|p2a: Lapras|Whirlpool|p1a: Zapdos\n|-damage|p1a: Zapdos|63\/100\n|-activate|p1a: Zapdos|move: Whirlpool|[of] p2a: Lapras\n|\n|-heal|p2a: Lapras|100\/100 par|[from] item: Leftovers\n|-damage|p1a: Zapdos|50\/100|[from] move: Whirlpool|[partiallytrapped]\n|-start|p2a: Lapras|perish2\n|upkeep\n|turn|13\n|\n|t:|1701216008\n|cant|p2a: Lapras|par\n|move|p1a: Zapdos|Roost|p1a: Zapdos\n|-heal|p1a: Zapdos|99\/100\n|-singleturn|p1a: Zapdos|move: Roost\n|\n|-damage|p1a: Zapdos|88\/100|[from] move: Whirlpool|[partiallytrapped]\n|-start|p2a: Lapras|perish1\n|upkeep\n|turn|14\n|\n|t:|1701216022\n|switch|p2a: Bulbasaur|Bulbasaur, M|100\/100\n|move|p1a: Zapdos|Volt Switch|p2a: Bulbasaur\n|-resisted|p2a: Bulbasaur\n|-damage|p2a: Bulbasaur|85\/100\n|\n|t:|1701216026\n|switch|p1a: Slowbro|Slowbro-Galar, F|100\/100|[from] Volt Switch\n|\n|upkeep\n|turn|15\n|\n|t:|1701216034\n|move|p2a: Bulbasaur|Giga Drain|p1a: Slowbro\n|-resisted|p1a: Slowbro\n|-damage|p1a: Slowbro|85\/100\n|-heal|p2a: Bulbasaur|95\/100|[from] drain|[of] p1a: Slowbro\n|move|p1a: Slowbro|Shell Side Arm|p2a: Bulbasaur|[anim] Shell Side Arm Physical\n|-damage|p2a: Bulbasaur|52\/100\n|-hint|Physical Shell Side Arm\n|\n|upkeep\n|turn|16\n|-activate|p1a: Slowbro|ability: Quick Draw\n|\n|t:|1701216042\n|move|p1a: Slowbro|Psychic|p2a: Bulbasaur\n|-supereffective|p2a: Bulbasaur\n|-damage|p2a: Bulbasaur|0 fnt\n|faint|p2a: Bulbasaur\n|\n|upkeep\n|\n|t:|1701216050\n|switch|p2a: Squirtle|Squirtle, M|57\/100\n|turn|17\n|inactive|ADDosd has 120 seconds left.\n|-activate|p1a: Slowbro|ability: Quick Draw\n|\n|t:|1701216102\n|detailschange|p1a: Slowbro|Slowbro-Mega, F\n|-mega|p1a: Slowbro|Slowbro|Slowbronite\n|move|p1a: Slowbro|Psychic|p2a: Squirtle\n|-damage|p2a: Squirtle|10\/100\n|move|p2a: Squirtle|Mirror Coat|p1a: Slowbro\n|-damage|p1a: Slowbro|15\/100\n|\n|upkeep\n|turn|18\n|\n|t:|1701216128\n|move|p2a: Squirtle|Seismic Toss|p1a: Slowbro\n|-damage|p1a: Slowbro|0 fnt\n|faint|p1a: Slowbro\n|\n|upkeep\n|\n|t:|1701216144\n|switch|p1a: Dudunsparce|Dudunsparce-Three-Segment, M|76\/100\n|turn|19\n|\n|t:|1701216149\n|move|p1a: Dudunsparce|Charge Beam|p2a: Squirtle\n|-supereffective|p2a: Squirtle\n|-damage|p2a: Squirtle|0 fnt\n|-boost|p1a: Dudunsparce|spa|1\n|faint|p2a: Squirtle\n|\n|upkeep\n|\n|t:|1701216155\n|switch|p2a: Charizard|Charizard, M|100\/100\n|turn|20\n|inactive|ADDosd has 120 seconds left.\n|\n|t:|1701216164\n|detailschange|p2a: Charizard|Charizard-Mega-X, M\n|-mega|p2a: Charizard|Charizard|Charizardite X\n|move|p2a: Charizard|Flare Blitz|p1a: Dudunsparce\n|-damage|p1a: Dudunsparce|0 fnt\n|faint|p1a: Dudunsparce\n|-damage|p2a: Charizard|68\/100|[from] Recoil\n|\n|upkeep\n|inactive|ADDosd has 120 seconds left.\n|-message|ADDosd forfeited.\n|\n|win|ryan_farhan\n|raw|ADDosd's rating: 1217 &rarr; <strong>1189<\/strong><br \/>(-28 for losing)\n|raw|ryan_farhan's rating: 1181 &rarr; <strong>1209<\/strong><br \/>(+28 for winning)\n|l|\u2606ADDosd\n|l|\u2606ryan_farhan\n|j|\u2606ryan_farhan\n|player|p2|ryan_farhan|265\n","uploadtime":1701216183,"views":0,"p1id":"addosd","p2id":"ryanfarhan","formatid":"gen9nationaldex","rating":1189,"private":0,"password":""}