{"id":"gen9nationaldex-1994490692","p1":"Starwarier","p2":"Shade Tatsu","format":"[Gen 9] National Dex","log":"|j|\u2606Starwarier\n|j|\u2606Shade Tatsu\n|t:|1700450074\n|gametype|singles\n|player|p1|Starwarier|170|1140\n|player|p2|Shade Tatsu|265|1226\n|teamsize|p1|6\n|teamsize|p2|6\n|gen|9\n|tier|[Gen 9] National Dex\n|rated|\n|rule|HP Percentage Mod: HP is shown in percentages\n|rule|Endless Battle Clause: Forcing endless battles is banned\n|rule|OHKO Clause: OHKO moves are banned\n|rule|Evasion Clause: Evasion abilities, items, and moves are banned\n|rule|Evasion Abilities Clause: Evasion abilities are banned\n|rule|Evasion Items Clause: Evasion items are banned\n|rule|Evasion Moves Clause: Evasion moves are banned\n|rule|Species Clause: Limit one of each Pok\u00e9mon\n|rule|Sleep Clause Mod: Limit one foe put to sleep\n|clearpoke\n|poke|p1|Ceruledge, M|\n|poke|p1|Serperior, M|\n|poke|p1|Greninja-*, M|\n|poke|p1|Espeon, F|\n|poke|p1|Scizor, M|\n|poke|p1|Gliscor, F|\n|poke|p2|Torkoal, M|\n|poke|p2|Moltres|\n|poke|p2|Leafeon, M|\n|poke|p2|Heliolisk, M|\n|poke|p2|Charizard, F|\n|poke|p2|Incineroar, M|\n|teampreview\n|inactive|Battle timer is ON: inactive players will automatically lose when time's up. (requested by Starwarier)\n|\n|t:|1700450081\n|start\n|switch|p1a: Espeon|Espeon, F|100\/100\n|switch|p2a: Torkoal|Torkoal, M|100\/100\n|-weather|SunnyDay|[from] ability: Drought|[of] p2a: Torkoal\n|turn|1\n|\n|t:|1700450089\n|switch|p2a: Incineroar|Incineroar, M|100\/100\n|-ability|p2a: Incineroar|Intimidate|boost\n|-unboost|p1a: Espeon|atk|1\n|move|p1a: Espeon|Light Screen|p1a: Espeon\n|-sidestart|p1: Starwarier|move: Light Screen\n|\n|-weather|SunnyDay|[upkeep]\n|upkeep\n|turn|2\n|\n|t:|1700450093\n|move|p2a: Incineroar|Fake Out|p1a: Espeon\n|-damage|p1a: Espeon|73\/100\n|cant|p1a: Espeon|flinch\n|\n|-weather|SunnyDay|[upkeep]\n|upkeep\n|turn|3\n|\n|t:|1700450102\n|move|p1a: Espeon|Reflect|p1a: Espeon\n|-sidestart|p1: Starwarier|Reflect\n|move|p2a: Incineroar|Darkest Lariat|p1a: Espeon\n|-supereffective|p1a: Espeon\n|-damage|p1a: Espeon|0 fnt\n|faint|p1a: Espeon\n|\n|-weather|SunnyDay|[upkeep]\n|upkeep\n|\n|t:|1700450107\n|switch|p1a: Ceruledge|Ceruledge, M|100\/100\n|turn|4\n|\n|t:|1700450111\n|move|p1a: Ceruledge|Endure|p1a: Ceruledge\n|-singleturn|p1a: Ceruledge|move: Endure\n|-zpower|p2a: Incineroar\n|move|p2a: Incineroar|Malicious Moonsault|p1a: Ceruledge|[zeffect]\n|-supereffective|p1a: Ceruledge\n|-activate|p1a: Ceruledge|move: Endure\n|-damage|p1a: Ceruledge|1\/100\n|-ability|p1a: Ceruledge|Weak Armor|boost\n|-unboost|p1a: Ceruledge|def|1\n|-boost|p1a: Ceruledge|spe|2\n|-enditem|p1a: Ceruledge|Weakness Policy\n|-boost|p1a: Ceruledge|atk|2|[from] item: Weakness Policy\n|-boost|p1a: Ceruledge|spa|2|[from] item: Weakness Policy\n|\n|-weather|SunnyDay|[upkeep]\n|upkeep\n|turn|5\n|\n|t:|1700450129\n|switch|p2a: Heliolisk|Heliolisk, M|100\/100\n|move|p1a: Ceruledge|Close Combat|p2a: Heliolisk\n|-supereffective|p2a: Heliolisk\n|-damage|p2a: Heliolisk|0 fnt\n|-unboost|p1a: Ceruledge|def|1\n|-unboost|p1a: Ceruledge|spd|1\n|faint|p2a: Heliolisk\n|\n|-weather|SunnyDay|[upkeep]\n|upkeep\n|\n|t:|1700450135\n|switch|p2a: Leafeon|Leafeon, M|100\/100\n|turn|6\n|\n|t:|1700450140\n|move|p1a: Ceruledge|Bitter Blade|p2a: Leafeon\n|-supereffective|p2a: Leafeon\n|-damage|p2a: Leafeon|0 fnt\n|-heal|p1a: Ceruledge|48\/100|[from] drain|[of] p2a: Leafeon\n|faint|p2a: Leafeon\n|\n|-weather|SunnyDay|[upkeep]\n|upkeep\n|\n|t:|1700450145\n|switch|p2a: Incineroar|Incineroar, M|100\/100\n|-ability|p2a: Incineroar|Intimidate|boost\n|-unboost|p1a: Ceruledge|atk|1\n|turn|7\n|\n|t:|1700450158\n|switch|p2a: Charizard|Charizard, F|100\/100\n|move|p1a: Ceruledge|Close Combat|p2a: Charizard\n|-resisted|p2a: Charizard\n|-damage|p2a: Charizard|55\/100\n|-unboost|p1a: Ceruledge|def|1\n|-unboost|p1a: Ceruledge|spd|1\n|\n|-weather|SunnyDay|[upkeep]\n|-damage|p2a: Charizard|42\/100|[from] ability: Solar Power|[of] p2a: Charizard\n|upkeep\n|turn|8\n|\n|t:|1700450165\n|move|p1a: Ceruledge|Bitter Blade|p2a: Charizard\n|-resisted|p2a: Charizard\n|-damage|p2a: Charizard|0 fnt\n|-heal|p1a: Ceruledge|69\/100|[from] drain|[of] p2a: Charizard\n|faint|p2a: Charizard\n|\n|-weather|none\n|-sideend|p1: Starwarier|move: Light Screen\n|upkeep\n|\n|t:|1700450167\n|switch|p2a: Incineroar|Incineroar, M|100\/100\n|-ability|p2a: Incineroar|Intimidate|boost\n|-unboost|p1a: Ceruledge|atk|1\n|turn|9\n|\n|t:|1700450173\n|move|p1a: Ceruledge|Close Combat|p2a: Incineroar\n|-supereffective|p2a: Incineroar\n|-damage|p2a: Incineroar|30\/100\n|-unboost|p1a: Ceruledge|def|1\n|-unboost|p1a: Ceruledge|spd|1\n|move|p2a: Incineroar|Darkest Lariat|p1a: Ceruledge\n|-supereffective|p1a: Ceruledge\n|-damage|p1a: Ceruledge|8\/100\n|-ability|p1a: Ceruledge|Weak Armor|boost\n|-unboost|p1a: Ceruledge|def|1\n|-boost|p1a: Ceruledge|spe|2\n|\n|upkeep\n|turn|10\n|\n|t:|1700450178\n|move|p1a: Ceruledge|Close Combat|p2a: Incineroar\n|-supereffective|p2a: Incineroar\n|-damage|p2a: Incineroar|0 fnt\n|-unboost|p1a: Ceruledge|def|1\n|-unboost|p1a: Ceruledge|spd|1\n|faint|p2a: Incineroar\n|\n|-sideend|p1: Starwarier|Reflect\n|upkeep\n|\n|t:|1700450180\n|switch|p2a: Torkoal|Torkoal, M|100\/100\n|-weather|SunnyDay|[from] ability: Drought|[of] p2a: Torkoal\n|turn|11\n|\n|t:|1700450186\n|move|p1a: Ceruledge|Close Combat|p2a: Torkoal\n|-crit|p2a: Torkoal\n|-damage|p2a: Torkoal|58\/100\n|-unboost|p1a: Ceruledge|spd|1\n|move|p2a: Torkoal|Yawn|p1a: Ceruledge\n|-start|p1a: Ceruledge|move: Yawn|[of] p2a: Torkoal\n|\n|-weather|SunnyDay|[upkeep]\n|upkeep\n|turn|12\n|\n|t:|1700450193\n|switch|p1a: Gliscor|Gliscor, F|100\/100\n|move|p2a: Torkoal|Stealth Rock|p1a: Gliscor\n|-sidestart|p1: Starwarier|move: Stealth Rock\n|\n|-weather|SunnyDay|[upkeep]\n|-status|p1a: Gliscor|tox|[from] item: Toxic Orb\n|upkeep\n|turn|13\n|\n|t:|1700450200\n|switch|p2a: Moltres|Moltres|100\/100\n|-ability|p2a: Moltres|Pressure\n|move|p1a: Gliscor|Earthquake|p2a: Moltres\n|-immune|p2a: Moltres\n|\n|-weather|SunnyDay|[upkeep]\n|upkeep\n|turn|14\n|\n|t:|1700450203\n|-terastallize|p2a: Moltres|Fire\n|move|p2a: Moltres|Burn Up|p1a: Gliscor\n|-damage|p1a: Gliscor|0 fnt\n|-start|p2a: Moltres|typechange|Fire|[from] move: Burn Up\n|faint|p1a: Gliscor\n|\n|-weather|SunnyDay|[upkeep]\n|upkeep\n|\n|t:|1700450219\n|switch|p1a: Scizor|Scizor, M|100\/100\n|-damage|p1a: Scizor|88\/100|[from] Stealth Rock\n|turn|15\n|\n|t:|1700450224\n|detailschange|p1a: Scizor|Scizor-Mega, M\n|-mega|p1a: Scizor|Scizor|Scizorite\n|move|p1a: Scizor|Bullet Punch|p2a: Moltres\n|-resisted|p2a: Moltres\n|-damage|p2a: Moltres|78\/100\n|move|p2a: Moltres|Burn Up|p1a: Scizor\n|-supereffective|p1a: Scizor\n|-crit|p1a: Scizor\n|-damage|p1a: Scizor|0 fnt\n|-start|p2a: Moltres|typechange|Fire|[from] move: Burn Up\n|faint|p1a: Scizor\n|\n|-weather|SunnyDay|[upkeep]\n|upkeep\n|\n|t:|1700450231\n|switch|p1a: Ceruledge|Ceruledge, M|8\/100\n|-damage|p1a: Ceruledge|0 fnt|[from] Stealth Rock\n|faint|p1a: Ceruledge\n|\n|t:|1700450236\n|switch|p1a: Greninja|Greninja, M|100\/100\n|-damage|p1a: Greninja|88\/100|[from] Stealth Rock\n|turn|16\n|\n|t:|1700450241\n|move|p2a: Moltres|Burn Up|p1a: Greninja\n|-resisted|p1a: Greninja\n|-damage|p1a: Greninja|0 fnt\n|-start|p2a: Moltres|typechange|Fire|[from] move: Burn Up\n|faint|p1a: Greninja\n|\n|-weather|SunnyDay|[upkeep]\n|upkeep\n|\n|t:|1700450245\n|switch|p1a: Serperior|Serperior, M|100\/100\n|-damage|p1a: Serperior|88\/100|[from] Stealth Rock\n|turn|17\n|\n|t:|1700450250\n|-terastallize|p1a: Serperior|Grass\n|move|p2a: Moltres|Burn Up|p1a: Serperior\n|-supereffective|p1a: Serperior\n|-damage|p1a: Serperior|0 fnt\n|-start|p2a: Moltres|typechange|Fire|[from] move: Burn Up\n|faint|p1a: Serperior\n|\n|win|Shade Tatsu\n|raw|Starwarier's rating: 1140 &rarr; <strong>1121<\/strong><br \/>(-19 for losing)\n|raw|Shade Tatsu's rating: 1226 &rarr; <strong>1245<\/strong><br \/>(+19 for winning)\n|l|\u2606Starwarier\n","uploadtime":1700450257,"views":4,"p1id":"starwarier","p2id":"shadetatsu","formatid":"gen9nationaldex","rating":1121,"private":0,"password":""}