{"id":"gen9nationaldex-1996363544","p1":"the maraculous","p2":"WOAINI2024","format":"[Gen 9] National Dex","log":"|html|<div class=\"broadcast-blue\"><strong>[Gen 9] National Dex is currently suspecting Sneasler! For information on how to participate check out the <a href=\"https:\/\/www.smogon.com\/forums\/threads\/sv-national-dex-suspect-8-just-dance.3731534\/\">suspect thread<\/a>.<\/strong><\/div>\n|j|\u2606the maraculous\n|j|\u2606WOAINI2024\n|t:|1700674924\n|gametype|singles\n|player|p1|the maraculous|dragontamer|1452\n|player|p2|WOAINI2024|volkner|1543\n|teamsize|p1|6\n|teamsize|p2|6\n|gen|9\n|tier|[Gen 9] National Dex\n|rated|\n|rule|HP Percentage Mod: HP is shown in percentages\n|rule|Endless Battle Clause: Forcing endless battles is banned\n|rule|OHKO Clause: OHKO moves are banned\n|rule|Evasion Clause: Evasion abilities, items, and moves are banned\n|rule|Evasion Abilities Clause: Evasion abilities are banned\n|rule|Evasion Items Clause: Evasion items are banned\n|rule|Evasion Moves Clause: Evasion moves are banned\n|rule|Species Clause: Limit one of each Pok\u00e9mon\n|rule|Sleep Clause Mod: Limit one foe put to sleep\n|clearpoke\n|poke|p1|Grimmsnarl, M|\n|poke|p1|Ursaluna, M|\n|poke|p1|Ogerpon-Wellspring, F|\n|poke|p1|Volcarona, M|\n|poke|p1|Braviary-Hisui, M|\n|poke|p1|Xurkitree|\n|poke|p2|Hatterene, F|\n|poke|p2|Cresselia, F|\n|poke|p2|Porygon2|\n|poke|p2|Mawile, F|\n|poke|p2|Marowak-Alola, F|\n|poke|p2|Ursaluna, M|\n|teampreview\n|inactive|Battle timer is ON: inactive players will automatically lose when time's up. (requested by WOAINI2024)\n|\n|t:|1700674930\n|start\n|switch|p1a: Grimmsnarl|Grimmsnarl, M|100\/100\n|switch|p2a: Hatterene|Hatterene, F|100\/100\n|turn|1\n|\n|t:|1700674939\n|move|p1a: Grimmsnarl|Spirit Break|p2a: Hatterene\n|-damage|p2a: Hatterene|57\/100\n|-unboost|p2a: Hatterene|spa|1\n|move|p2a: Hatterene|Trick Room|p2a: Hatterene\n|-fieldstart|move: Trick Room|[of] p2a: Hatterene\n|\n|upkeep\n|turn|2\n|\n|t:|1700674946\n|move|p1a: Grimmsnarl|Light Screen|p1a: Grimmsnarl\n|-sidestart|p1: the maraculous|move: Light Screen\n|move|p2a: Hatterene|Misty Explosion|p1a: Grimmsnarl\n|-supereffective|p1a: Grimmsnarl\n|-damage|p1a: Grimmsnarl|56\/100\n|faint|p2a: Hatterene\n|\n|upkeep\n|\n|t:|1700674953\n|switch|p2a: Marowak|Marowak-Alola, F|100\/100\n|turn|3\n|\n|t:|1700674957\n|move|p1a: Grimmsnarl|Reflect|p1a: Grimmsnarl\n|-sidestart|p1: the maraculous|Reflect\n|move|p2a: Marowak|Swords Dance|p2a: Marowak\n|-boost|p2a: Marowak|atk|2\n|\n|upkeep\n|turn|4\n|\n|t:|1700674963\n|-terastallize|p2a: Marowak|Fire\n|move|p2a: Marowak|Flare Blitz|p1a: Grimmsnarl\n|-damage|p1a: Grimmsnarl|0 fnt\n|faint|p1a: Grimmsnarl\n|\n|upkeep\n|\n|t:|1700674968\n|switch|p1a: Ursaluna|Ursaluna, M|100\/100\n|turn|5\n|\n|t:|1700674976\n|move|p2a: Marowak|Flare Blitz|p1a: Ursaluna\n|-damage|p1a: Ursaluna|13\/100\n|move|p1a: Ursaluna|Earthquake|p2a: Marowak\n|-supereffective|p2a: Marowak\n|-damage|p2a: Marowak|9\/100\n|\n|-heal|p1a: Ursaluna|20\/100|[from] item: Leftovers\n|-fieldend|move: Trick Room\n|upkeep\n|turn|6\n|\n|t:|1700674986\n|switch|p2a: Cresselia|Cresselia, F|100\/100\n|move|p1a: Ursaluna|Bulk Up|p1a: Ursaluna\n|-boost|p1a: Ursaluna|atk|1\n|-boost|p1a: Ursaluna|def|1\n|\n|-heal|p1a: Ursaluna|26\/100|[from] item: Leftovers\n|upkeep\n|turn|7\n|\n|t:|1700674996\n|move|p1a: Ursaluna|Facade|p2a: Cresselia\n|-damage|p2a: Cresselia|65\/100\n|move|p2a: Cresselia|Trick Room|p2a: Cresselia\n|-fieldstart|move: Trick Room|[of] p2a: Cresselia\n|\n|-heal|p1a: Ursaluna|32\/100|[from] item: Leftovers\n|-heal|p2a: Cresselia|71\/100|[from] item: Leftovers\n|upkeep\n|turn|8\n|\n|t:|1700675006\n|move|p1a: Ursaluna|Bulk Up|p1a: Ursaluna\n|-boost|p1a: Ursaluna|atk|1\n|-boost|p1a: Ursaluna|def|1\n|move|p2a: Cresselia|Lunar Dance|p2a: Cresselia\n|faint|p2a: Cresselia\n|\n|-heal|p1a: Ursaluna|38\/100|[from] item: Leftovers\n|upkeep\n|\n|t:|1700675016\n|switch|p2a: Marowak|Marowak-Alola, F, tera:Fire|9\/100\n|-heal|p2a: Marowak|100\/100|[from] move: Lunar Dance\n|turn|9\n|\n|t:|1700675021\n|move|p2a: Marowak|Flare Blitz|p1a: Ursaluna\n|-damage|p1a: Ursaluna|15\/100\n|move|p1a: Ursaluna|Earthquake|p2a: Marowak\n|-supereffective|p2a: Marowak\n|-damage|p2a: Marowak|0 fnt\n|faint|p2a: Marowak\n|\n|-heal|p1a: Ursaluna|21\/100|[from] item: Leftovers\n|-sideend|p1: the maraculous|move: Light Screen\n|upkeep\n|\n|t:|1700675034\n|switch|p2a: Mawile|Mawile, F|100\/100\n|-ability|p2a: Mawile|Intimidate|boost\n|-unboost|p1a: Ursaluna|atk|1\n|turn|10\n|\n|t:|1700675039\n|detailschange|p2a: Mawile|Mawile-Mega, F\n|-mega|p2a: Mawile|Mawile|Mawilite\n|move|p2a: Mawile|Ice Punch|p1a: Ursaluna\n|-supereffective|p1a: Ursaluna\n|-damage|p1a: Ursaluna|2\/100\n|move|p1a: Ursaluna|Earthquake|p2a: Mawile\n|-supereffective|p2a: Mawile\n|-damage|p2a: Mawile|0 fnt\n|faint|p2a: Mawile\n|\n|-heal|p1a: Ursaluna|9\/100|[from] item: Leftovers\n|-sideend|p1: the maraculous|Reflect\n|upkeep\n|-message|WOAINI2024 forfeited.\n|\n|win|the maraculous\n|raw|the maraculous's rating: 1452 &rarr; <strong>1477<\/strong><br \/>(+25 for winning)\n|raw|WOAINI2024's rating: 1543 &rarr; <strong>1518<\/strong><br \/>(-25 for losing)\n|l|\u2606WOAINI2024\n","uploadtime":1700675061,"views":1,"p1id":"themaraculous","p2id":"woaini2024","formatid":"gen9nationaldex","rating":1477,"private":0,"password":""}