{"id":"gen9nationaldex-1994136257","p1":"BlessyouNG","p2":"Donato Fallito","format":"[Gen 9] National Dex","log":"|j|\u2606BlessyouNG\n|j|\u2606Donato Fallito\n|t:|1700411150\n|gametype|singles\n|player|p1|BlessyouNG|medium|1312\n|player|p2|Donato Fallito|hiker-gen4|1347\n|teamsize|p1|6\n|teamsize|p2|6\n|gen|9\n|tier|[Gen 9] National Dex\n|rated|\n|rule|HP Percentage Mod: HP is shown in percentages\n|rule|Endless Battle Clause: Forcing endless battles is banned\n|rule|OHKO Clause: OHKO moves are banned\n|rule|Evasion Clause: Evasion abilities, items, and moves are banned\n|rule|Evasion Abilities Clause: Evasion abilities are banned\n|rule|Evasion Items Clause: Evasion items are banned\n|rule|Evasion Moves Clause: Evasion moves are banned\n|rule|Species Clause: Limit one of each Pok\u00e9mon\n|rule|Sleep Clause Mod: Limit one foe put to sleep\n|clearpoke\n|poke|p1|Frosmoth, M|\n|poke|p1|Skuntank, M|\n|poke|p1|Brambleghast, M|\n|poke|p1|Chimecho, F|\n|poke|p1|Landorus-Therian, M|\n|poke|p1|Politoed, M|\n|poke|p2|Perrserker, M|\n|poke|p2|Keldeo-Resolute|\n|poke|p2|Azumarill, M|\n|poke|p2|Hoopa-Unbound|\n|poke|p2|Palossand, M|\n|poke|p2|Meowstic-F, F|\n|teampreview\n|inactive|Battle timer is ON: inactive players will automatically lose when time's up. (requested by BlessyouNG)\n|c|\u2606BlessyouNG|gl hf\n|inactive|Donato Fallito has 120 seconds left.\n|\n|t:|1700411186\n|start\n|switch|p1a: Landorus|Landorus-Therian, M|100\/100\n|switch|p2a: Keldeo89racegymer|Keldeo-Resolute|100\/100\n|-ability|p1a: Landorus|Intimidate|boost\n|-unboost|p2a: Keldeo89racegymer|atk|1\n|turn|1\n|\n|t:|1700411197\n|switch|p1a: Brambleghast|Brambleghast, M|100\/100\n|move|p2a: Keldeo89racegymer|Scald|p1a: Brambleghast\n|-resisted|p1a: Brambleghast\n|-damage|p1a: Brambleghast|61\/100\n|\n|upkeep\n|turn|2\n|\n|t:|1700411207\n|switch|p2a: Gordon|Perrserker, M, shiny|100\/100\n|move|p1a: Brambleghast|Power Whip|p2a: Gordon\n|-resisted|p2a: Gordon\n|-damage|p2a: Gordon|72\/100\n|\n|upkeep\n|turn|3\n|\n|t:|1700411215\n|switch|p1a: Landorus|Landorus-Therian, M|100\/100\n|-ability|p1a: Landorus|Intimidate|boost\n|-unboost|p2a: Gordon|atk|1\n|move|p2a: Gordon|Iron Head|p1a: Landorus\n|-damage|p1a: Landorus|62\/100\n|-damage|p2a: Gordon|56\/100|[from] item: Rocky Helmet|[of] p1a: Landorus\n|-damage|p2a: Gordon|46\/100|[from] item: Life Orb\n|\n|upkeep\n|turn|4\n|\n|t:|1700411225\n|move|p1a: Landorus|Stealth Rock|p2a: Gordon\n|-sidestart|p2: Donato Fallito|move: Stealth Rock\n|move|p2a: Gordon|Iron Head|p1a: Landorus\n|-damage|p1a: Landorus|25\/100\n|-damage|p2a: Gordon|29\/100|[from] item: Rocky Helmet|[of] p1a: Landorus\n|-damage|p2a: Gordon|19\/100|[from] item: Life Orb\n|\n|upkeep\n|turn|5\n|\n|t:|1700411239\n|move|p1a: Landorus|Knock Off|p2a: Gordon\n|-damage|p2a: Gordon|0 fnt\n|-enditem|p2a: Gordon|Life Orb|[from] move: Knock Off|[of] p1a: Landorus\n|faint|p2a: Gordon\n|\n|upkeep\n|\n|t:|1700411246\n|switch|p2a: Keldeo89racegymer|Keldeo-Resolute|100\/100\n|-damage|p2a: Keldeo89racegymer|94\/100|[from] Stealth Rock\n|turn|6\n|\n|t:|1700411251\n|move|p2a: Keldeo89racegymer|Scald|p1a: Landorus\n|-supereffective|p1a: Landorus\n|-damage|p1a: Landorus|0 fnt\n|faint|p1a: Landorus\n|\n|-heal|p2a: Keldeo89racegymer|100\/100|[from] item: Leftovers\n|upkeep\n|\n|t:|1700411256\n|switch|p1a: Frosmoth|Frosmoth, M|100\/100\n|turn|7\n|\n|t:|1700411260\n|move|p2a: Keldeo89racegymer|Secret Sword|p1a: Frosmoth\n|-damage|p1a: Frosmoth|53\/100\n|move|p1a: Frosmoth|Quiver Dance|p1a: Frosmoth\n|-boost|p1a: Frosmoth|spa|1\n|-boost|p1a: Frosmoth|spd|1\n|-boost|p1a: Frosmoth|spe|1\n|\n|upkeep\n|turn|8\n|\n|t:|1700411272\n|-terastallize|p2a: Keldeo89racegymer|Steel\n|move|p1a: Frosmoth|Quiver Dance|p1a: Frosmoth\n|-boost|p1a: Frosmoth|spa|1\n|-boost|p1a: Frosmoth|spd|1\n|-boost|p1a: Frosmoth|spe|1\n|move|p2a: Keldeo89racegymer|Secret Sword|p1a: Frosmoth\n|-crit|p1a: Frosmoth\n|-damage|p1a: Frosmoth|0 fnt\n|faint|p1a: Frosmoth\n|\n|upkeep\n|\n|t:|1700411289\n|switch|p1a: Politoed|Politoed, M|100\/100\n|-weather|RainDance|[from] ability: Drizzle|[of] p1a: Politoed\n|turn|9\n|\n|t:|1700411293\n|move|p2a: Keldeo89racegymer|Calm Mind|p2a: Keldeo89racegymer\n|-boost|p2a: Keldeo89racegymer|spa|1\n|-boost|p2a: Keldeo89racegymer|spd|1\n|move|p1a: Politoed|Weather Ball|p2a: Keldeo89racegymer\n|-damage|p2a: Keldeo89racegymer|38\/100\n|\n|-weather|RainDance|[upkeep]\n|-heal|p2a: Keldeo89racegymer|44\/100|[from] item: Leftovers\n|upkeep\n|turn|10\n|\n|t:|1700411303\n|move|p2a: Keldeo89racegymer|Secret Sword|p1a: Politoed\n|-damage|p1a: Politoed|14\/100\n|move|p1a: Politoed|Weather Ball|p2a: Keldeo89racegymer\n|-damage|p2a: Keldeo89racegymer|0 fnt\n|faint|p2a: Keldeo89racegymer\n|\n|-weather|RainDance|[upkeep]\n|upkeep\n|\n|t:|1700411311\n|switch|p2a: Tottttay sUSpyiesa|Meowstic-F, F|100\/100\n|-damage|p2a: Tottttay sUSpyiesa|88\/100|[from] Stealth Rock\n|turn|11\n|\n|t:|1700411316\n|move|p2a: Tottttay sUSpyiesa|Psyshock|p1a: Politoed\n|-damage|p1a: Politoed|0 fnt\n|faint|p1a: Politoed\n|-damage|p2a: Tottttay sUSpyiesa|78\/100|[from] item: Life Orb\n|\n|-weather|RainDance|[upkeep]\n|upkeep\n|\n|t:|1700411320\n|switch|p1a: Skuntank|Skuntank, M|100\/100\n|turn|12\n|\n|t:|1700411324\n|move|p1a: Skuntank|Knock Off|p2a: Tottttay sUSpyiesa\n|-supereffective|p2a: Tottttay sUSpyiesa\n|-damage|p2a: Tottttay sUSpyiesa|0 fnt\n|-enditem|p2a: Tottttay sUSpyiesa|Life Orb|[from] move: Knock Off|[of] p1a: Skuntank\n|faint|p2a: Tottttay sUSpyiesa\n|\n|-weather|RainDance|[upkeep]\n|upkeep\n|\n|t:|1700411331\n|switch|p2a: Springbonnie|Azumarill, M, shiny|100\/100\n|-damage|p2a: Springbonnie|88\/100|[from] Stealth Rock\n|turn|13\n|\n|t:|1700411338\n|move|p1a: Skuntank|Knock Off|p2a: Springbonnie\n|-resisted|p2a: Springbonnie\n|-damage|p2a: Springbonnie|68\/100\n|-enditem|p2a: Springbonnie|Sitrus Berry|[from] move: Knock Off|[of] p1a: Skuntank\n|move|p2a: Springbonnie|Liquidation|p1a: Skuntank\n|-damage|p1a: Skuntank|0 fnt\n|-damage|p2a: Springbonnie|43\/100|[from] ability: Aftermath|[of] p1a: Skuntank\n|faint|p1a: Skuntank\n|\n|-weather|none\n|upkeep\n|\n|t:|1700411347\n|switch|p1a: Brambleghast|Brambleghast, M|61\/100\n|turn|14\n|\n|t:|1700411353\n|move|p2a: Springbonnie|Aqua Jet|p1a: Brambleghast\n|-resisted|p1a: Brambleghast\n|-damage|p1a: Brambleghast|39\/100\n|move|p1a: Brambleghast|Poltergeist||[still]\n|-fail|p1a: Brambleghast\n|\n|upkeep\n|turn|15\n|\n|t:|1700411367\n|move|p2a: Springbonnie|Aqua Jet|p1a: Brambleghast\n|-resisted|p1a: Brambleghast\n|-damage|p1a: Brambleghast|15\/100\n|move|p1a: Brambleghast|Power Whip|p2a: Springbonnie\n|-supereffective|p2a: Springbonnie\n|-damage|p2a: Springbonnie|0 fnt\n|faint|p2a: Springbonnie\n|\n|upkeep\n|\n|t:|1700411382\n|switch|p2a: Exodia|Hoopa-Unbound|100\/100\n|-damage|p2a: Exodia|88\/100|[from] Stealth Rock\n|turn|16\n|\n|t:|1700411386\n|switch|p1a: Chimecho|Chimecho, F|100\/100\n|move|p2a: Exodia|Hyperspace Fury|p1a: Chimecho\n|-supereffective|p1a: Chimecho\n|-damage|p1a: Chimecho|3\/100\n|-unboost|p2a: Exodia|def|1\n|\n|-heal|p2a: Exodia|94\/100|[from] item: Leftovers\n|-heal|p1a: Chimecho|10\/100|[from] item: Leftovers\n|upkeep\n|turn|17\n|\n|t:|1700411395\n|move|p2a: Exodia|Substitute|p2a: Exodia\n|-start|p2a: Exodia|Substitute\n|-damage|p2a: Exodia|69\/100\n|move|p1a: Chimecho|Thunder Wave||[still]\n|-fail|p1a: Chimecho\n|\n|-heal|p2a: Exodia|75\/100|[from] item: Leftovers\n|-heal|p1a: Chimecho|16\/100|[from] item: Leftovers\n|upkeep\n|turn|18\n|\n|t:|1700411403\n|move|p2a: Exodia|Zen Headbutt|p1a: Chimecho\n|-resisted|p1a: Chimecho\n|-damage|p1a: Chimecho|0 fnt\n|faint|p1a: Chimecho\n|\n|-heal|p2a: Exodia|81\/100|[from] item: Leftovers\n|upkeep\n|\n|t:|1700411412\n|switch|p1a: Brambleghast|Brambleghast, M|15\/100\n|turn|19\n|\n|t:|1700411415\n|move|p1a: Brambleghast|Shadow Sneak|p2a: Exodia\n|-damage|p2a: Exodia|29\/100\n|move|p2a: Exodia|Hyperspace Fury|p1a: Brambleghast\n|-supereffective|p1a: Brambleghast\n|-damage|p1a: Brambleghast|0 fnt\n|-unboost|p2a: Exodia|def|1\n|faint|p1a: Brambleghast\n|\n|win|Donato Fallito\n|raw|BlessyouNG's rating: 1312 &rarr; <strong>1294<\/strong><br \/>(-18 for losing)\n|raw|Donato Fallito's rating: 1347 &rarr; <strong>1365<\/strong><br \/>(+18 for winning)\n|c|\u2606BlessyouNG|gg\n|l|\u2606BlessyouNG\n|c|\u2606Donato Fallito|gg\n","uploadtime":1700411428,"views":6,"p1id":"blessyoung","p2id":"donatofallito","formatid":"gen9nationaldex","rating":1294,"private":0,"password":""}