{"id":"gen9nationaldex-1989132287","p1":"Tsukuyomi1098","p2":"mannmilk","format":"[Gen 9] National Dex","log":"|j|\u2606Tsukuyomi1098\n|j|\u2606mannmilk\n|t:|1699815680\n|gametype|singles\n|player|p1|Tsukuyomi1098|102|1196\n|player|p2|mannmilk|clown|1247\n|teamsize|p1|6\n|teamsize|p2|6\n|gen|9\n|tier|[Gen 9] National Dex\n|rated|\n|rule|HP Percentage Mod: HP is shown in percentages\n|rule|Endless Battle Clause: Forcing endless battles is banned\n|rule|OHKO Clause: OHKO moves are banned\n|rule|Evasion Clause: Evasion abilities, items, and moves are banned\n|rule|Evasion Abilities Clause: Evasion abilities are banned\n|rule|Evasion Items Clause: Evasion items are banned\n|rule|Evasion Moves Clause: Evasion moves are banned\n|rule|Species Clause: Limit one of each Pok\u00e9mon\n|rule|Sleep Clause Mod: Limit one foe put to sleep\n|clearpoke\n|poke|p1|Greninja-*, F|\n|poke|p1|Moltres|\n|poke|p1|Blissey, F|\n|poke|p1|Clefable, F|\n|poke|p1|Landorus-Therian, M|\n|poke|p1|Gyarados, F|\n|poke|p2|Mimikyu, F|\n|poke|p2|Stakataka|\n|poke|p2|Reuniclus, F|\n|poke|p2|Grimmsnarl, M|\n|poke|p2|Regigigas|\n|poke|p2|Cofagrigus, F|\n|teampreview\n|inactive|Battle timer is ON: inactive players will automatically lose when time's up. (requested by mannmilk)\n|\n|t:|1699815719\n|start\n|switch|p1a: Blissey|Blissey, F|100\/100\n|switch|p2a: Stakataka|Stakataka|100\/100\n|turn|1\n|\n|t:|1699815732\n|move|p1a: Blissey|Seismic Toss|p2a: Stakataka\n|-damage|p2a: Stakataka|62\/100\n|move|p2a: Stakataka|Body Press|p1a: Blissey\n|-supereffective|p1a: Blissey\n|-damage|p1a: Blissey|20\/100\n|-heal|p2a: Stakataka|90\/100|[from] item: Shell Bell|[of] p1a: Blissey\n|\n|upkeep\n|turn|2\n|\n|t:|1699815739\n|move|p1a: Blissey|Seismic Toss|p2a: Stakataka\n|-damage|p2a: Stakataka|52\/100\n|move|p2a: Stakataka|Trick Room|p2a: Stakataka\n|-fieldstart|move: Trick Room|[of] p2a: Stakataka\n|\n|upkeep\n|turn|3\n|\n|t:|1699815742\n|move|p2a: Stakataka|Body Press|p1a: Blissey\n|-supereffective|p1a: Blissey\n|-damage|p1a: Blissey|0 fnt\n|faint|p1a: Blissey\n|-ability|p2a: Stakataka|Beast Boost|boost\n|-boost|p2a: Stakataka|def|1\n|-heal|p2a: Stakataka|58\/100|[from] item: Shell Bell|[of] p1: Blissey\n|\n|upkeep\n|\n|t:|1699815748\n|switch|p1a: Greninja|Greninja, F|100\/100\n|turn|4\n|\n|t:|1699815751\n|-terastallize|p2a: Stakataka|Fighting\n|-terastallize|p1a: Greninja|Water\n|move|p2a: Stakataka|Body Press|p1a: Greninja\n|-damage|p1a: Greninja|0 fnt\n|faint|p1a: Greninja\n|-ability|p2a: Stakataka|Beast Boost|boost\n|-boost|p2a: Stakataka|def|1\n|-heal|p2a: Stakataka|72\/100|[from] item: Shell Bell|[of] p1: Greninja\n|\n|upkeep\n|\n|t:|1699815757\n|switch|p1a: Gyarados|Gyarados, F|100\/100\n|-ability|p1a: Gyarados|Intimidate|boost\n|-unboost|p2a: Stakataka|atk|1\n|turn|5\n|\n|t:|1699815761\n|detailschange|p1a: Gyarados|Gyarados-Mega, F\n|-mega|p1a: Gyarados|Gyarados|Gyaradosite\n|-ability|p1a: Gyarados|Mold Breaker\n|move|p2a: Stakataka|Body Press|p1a: Gyarados\n|-supereffective|p1a: Gyarados\n|-damage|p1a: Gyarados|0 fnt\n|faint|p1a: Gyarados\n|-ability|p2a: Stakataka|Beast Boost|boost\n|-boost|p2a: Stakataka|def|1\n|-heal|p2a: Stakataka|87\/100|[from] item: Shell Bell|[of] p1: Gyarados\n|\n|upkeep\n|\n|t:|1699815763\n|switch|p1a: Clefable|Clefable, F|100\/100\n|turn|6\n|\n|t:|1699815765\n|move|p2a: Stakataka|Gyro Ball|p1a: Clefable\n|-supereffective|p1a: Clefable\n|-damage|p1a: Clefable|0 fnt\n|faint|p1a: Clefable\n|-ability|p2a: Stakataka|Beast Boost|boost\n|-boost|p2a: Stakataka|def|1\n|-heal|p2a: Stakataka|100\/100|[from] item: Shell Bell|[of] p1: Clefable\n|\n|-fieldend|move: Trick Room\n|upkeep\n|-message|Tsukuyomi1098 forfeited.\n|\n|win|mannmilk\n|raw|Tsukuyomi1098's rating: 1196 &rarr; <strong>1175<\/strong><br \/>(-21 for losing)\n|raw|mannmilk's rating: 1247 &rarr; <strong>1268<\/strong><br \/>(+21 for winning)\n|l|\u2606Tsukuyomi1098\n","uploadtime":1699815778,"views":13,"p1id":"tsukuyomi1098","p2id":"mannmilk","formatid":"gen9nationaldex","rating":1175,"private":0,"password":""}