{"id":"gen9nationaldex-1997680541","p1":"paspikmineuh","p2":"Hushy123","format":"[Gen 9] National Dex","log":"|html|<div class=\"broadcast-blue\"><strong>[Gen 9] National Dex is currently suspecting Sneasler! For information on how to participate check out the <a href=\"https:\/\/www.smogon.com\/forums\/threads\/sv-national-dex-suspect-8-just-dance.3731534\/\">suspect thread<\/a>.<\/strong><\/div>\n|j|\u2606paspikmineuh\n|j|\u2606Hushy123\n|t:|1700841072\n|gametype|singles\n|player|p1|paspikmineuh|elesa|1047\n|player|p2|Hushy123|266|1081\n|teamsize|p1|6\n|teamsize|p2|6\n|gen|9\n|tier|[Gen 9] National Dex\n|rated|\n|rule|HP Percentage Mod: HP is shown in percentages\n|rule|Endless Battle Clause: Forcing endless battles is banned\n|rule|OHKO Clause: OHKO moves are banned\n|rule|Evasion Clause: Evasion abilities, items, and moves are banned\n|rule|Evasion Abilities Clause: Evasion abilities are banned\n|rule|Evasion Items Clause: Evasion items are banned\n|rule|Evasion Moves Clause: Evasion moves are banned\n|rule|Species Clause: Limit one of each Pok\u00e9mon\n|rule|Sleep Clause Mod: Limit one foe put to sleep\n|clearpoke\n|poke|p1|Zapdos-Galar|\n|poke|p1|Tinkaton, F|\n|poke|p1|Alcremie-Salted-Cream, F|\n|poke|p1|Tauros-Paldea-Blaze, M|\n|poke|p1|Goodra-Hisui, F|\n|poke|p1|Bewear, F|\n|poke|p2|Marowak-Alola, M|\n|poke|p2|Dugtrio-Alola, M|\n|poke|p2|Exeggutor-Alola, M|\n|poke|p2|Raichu-Alola, M|\n|poke|p2|Muk-Alola, F|\n|poke|p2|Ninetales-Alola, M|\n|teampreview\n|\n|t:|1700841079\n|start\n|switch|p1a: CHARAL|Tauros-Paldea-Blaze, M|100\/100\n|switch|p2a: Ninetales|Ninetales-Alola, M|100\/100\n|-weather|Snow|[from] ability: Snow Warning|[of] p2a: Ninetales\n|-ability|p1a: CHARAL|Intimidate|boost\n|-unboost|p2a: Ninetales|atk|1\n|turn|1\n|\n|t:|1700841086\n|move|p2a: Ninetales|Aurora Veil|p2a: Ninetales\n|-sidestart|p2: Hushy123|move: Aurora Veil\n|move|p1a: CHARAL|Substitute|p1a: CHARAL\n|-start|p1a: CHARAL|Substitute\n|-damage|p1a: CHARAL|76\/100\n|\n|-weather|Snow|[upkeep]\n|upkeep\n|turn|2\n|\n|t:|1700841093\n|move|p2a: Ninetales|Moonblast|p1a: CHARAL\n|-end|p1a: CHARAL|Substitute\n|move|p1a: CHARAL|Raging Bull|p2a: Ninetales\n|-sideend|p2: Hushy123|move: Aurora Veil\n|-supereffective|p2a: Ninetales\n|-damage|p2a: Ninetales|35\/100\n|\n|-weather|Snow|[upkeep]\n|upkeep\n|turn|3\n|\n|t:|1700841105\n|move|p2a: Ninetales|Moonblast|p1a: CHARAL\n|-damage|p1a: CHARAL|45\/100\n|move|p1a: CHARAL|Substitute|p1a: CHARAL\n|-start|p1a: CHARAL|Substitute\n|-damage|p1a: CHARAL|20\/100\n|\n|-weather|Snow|[upkeep]\n|upkeep\n|turn|4\n|\n|t:|1700841120\n|switch|p2a: Marowak|Marowak-Alola, M|100\/100\n|move|p1a: CHARAL|Rest|p1a: CHARAL\n|-status|p1a: CHARAL|slp|[from] move: Rest\n|-heal|p1a: CHARAL|100\/100 slp|[silent]\n|\n|-weather|Snow|[upkeep]\n|upkeep\n|turn|5\n|\n|t:|1700841130\n|switch|p1a: Hahahahahahahahaha|Bewear, F|100\/100\n|-ability|p1a: Hahahahahahahahaha|Unnerve\n|move|p2a: Marowak|Shadow Bone|p1a: Hahahahahahahahaha\n|-immune|p1a: Hahahahahahahahaha\n|\n|-weather|none\n|upkeep\n|turn|6\n|\n|t:|1700841140\n|move|p1a: Hahahahahahahahaha|Shadow Claw|p2a: Marowak\n|-supereffective|p2a: Marowak\n|-crit|p2a: Marowak\n|-damage|p2a: Marowak|26\/100\n|move|p2a: Marowak|Flare Blitz|p1a: Hahahahahahahahaha\n|-damage|p1a: Hahahahahahahahaha|0 fnt\n|faint|p1a: Hahahahahahahahaha\n|\n|upkeep\n|\n|t:|1700841153\n|switch|p1a: Brown Bricks|Goodra-Hisui, F|100\/100\n|turn|7\n|\n|t:|1700841164\n|-terastallize|p1a: Brown Bricks|Water\n|move|p1a: Brown Bricks|Chilling Water|p2a: Marowak\n|-supereffective|p2a: Marowak\n|-damage|p2a: Marowak|0 fnt\n|faint|p2a: Marowak\n|\n|upkeep\n|\n|t:|1700841168\n|switch|p2a: Exeggutor|Exeggutor-Alola, M|100\/100\n|turn|8\n|\n|t:|1700841173\n|move|p2a: Exeggutor|Energy Ball|p1a: Brown Bricks\n|-ability|p1a: Brown Bricks|Sap Sipper|boost\n|-boost|p1a: Brown Bricks|atk|1\n|move|p1a: Brown Bricks|Dragon Tail|p2a: Exeggutor\n|-supereffective|p2a: Exeggutor\n|-damage|p2a: Exeggutor|44\/100\n|-enditem|p2a: Exeggutor|Sitrus Berry|[eat]\n|-heal|p2a: Exeggutor|69\/100|[from] item: Sitrus Berry\n|drag|p2a: Muk|Muk-Alola, F|100\/100\n|\n|upkeep\n|turn|9\n|\n|t:|1700841182\n|move|p1a: Brown Bricks|Hydro Pump|p2a: Muk\n|-damage|p2a: Muk|57\/100\n|move|p2a: Muk|Knock Off|p1a: Brown Bricks\n|-damage|p1a: Brown Bricks|53\/100\n|-enditem|p1a: Brown Bricks|Leftovers|[from] move: Knock Off|[of] p2a: Muk\n|\n|-heal|p2a: Muk|63\/100|[from] item: Leftovers\n|upkeep\n|turn|10\n|\n|t:|1700841197\n|move|p1a: Brown Bricks|Tera Blast|p2a: Muk|[anim] Tera Blast Water\n|-damage|p2a: Muk|18\/100\n|move|p2a: Muk|Crunch|p1a: Brown Bricks\n|-damage|p1a: Brown Bricks|16\/100\n|\n|-heal|p2a: Muk|24\/100|[from] item: Leftovers\n|upkeep\n|turn|11\n|\n|t:|1700841205\n|move|p2a: Muk|Shadow Sneak|p1a: Brown Bricks\n|-damage|p1a: Brown Bricks|2\/100\n|move|p1a: Brown Bricks|Tera Blast|p2a: Muk|[anim] Tera Blast Water\n|-damage|p2a: Muk|0 fnt\n|faint|p2a: Muk\n|\n|upkeep\n|\n|t:|1700841213\n|switch|p2a: Exeggutor|Exeggutor-Alola, M|69\/100\n|turn|12\n|\n|t:|1700841216\n|move|p2a: Exeggutor|Extrasensory|p1a: Brown Bricks\n|-damage|p1a: Brown Bricks|0 fnt\n|faint|p1a: Brown Bricks\n|\n|upkeep\n|\n|t:|1700841221\n|switch|p1a: COMEONANDSLAM|Zapdos-Galar|100\/100\n|turn|13\n|\n|t:|1700841229\n|move|p1a: COMEONANDSLAM|Brave Bird|p2a: Exeggutor\n|-supereffective|p2a: Exeggutor\n|-crit|p2a: Exeggutor\n|-damage|p2a: Exeggutor|0 fnt\n|faint|p2a: Exeggutor\n|-damage|p1a: COMEONANDSLAM|73\/100|[from] Recoil\n|-damage|p1a: COMEONANDSLAM|63\/100|[from] item: Life Orb\n|\n|upkeep\n|\n|t:|1700841233\n|switch|p2a: Raichu|Raichu-Alola, M|100\/100\n|turn|14\n|\n|t:|1700841238\n|-zpower|p2a: Raichu\n|move|p2a: Raichu|Stoked Sparksurfer|p1a: COMEONANDSLAM|[zeffect]\n|-supereffective|p1a: COMEONANDSLAM\n|-damage|p1a: COMEONANDSLAM|0 fnt\n|faint|p1a: COMEONANDSLAM\n|\n|upkeep\n|\n|t:|1700841249\n|switch|p1a: CHARAL|Tauros-Paldea-Blaze, M|100\/100 slp\n|-ability|p1a: CHARAL|Intimidate|boost\n|-unboost|p2a: Raichu|atk|1\n|turn|15\n|\n|t:|1700841257\n|move|p2a: Raichu|Psychic|p1a: CHARAL\n|-supereffective|p1a: CHARAL\n|-damage|p1a: CHARAL|29\/100 slp\n|cant|p1a: CHARAL|slp\n|\n|upkeep\n|turn|16\n|\n|t:|1700841263\n|move|p2a: Raichu|Psychic|p1a: CHARAL\n|-supereffective|p1a: CHARAL\n|-damage|p1a: CHARAL|0 fnt\n|faint|p1a: CHARAL\n|\n|upkeep\n|\n|t:|1700841272\n|switch|p1a: J'ai Faim|Alcremie-Salted-Cream, F|100\/100\n|turn|17\n|\n|t:|1700841277\n|switch|p2a: Dugtrio|Dugtrio-Alola, M|100\/100\n|move|p1a: J'ai Faim|Calm Mind|p1a: J'ai Faim\n|-boost|p1a: J'ai Faim|spa|1\n|-boost|p1a: J'ai Faim|spd|1\n|\n|upkeep\n|turn|18\n|\n|t:|1700841283\n|switch|p1a: p\u00e9table|Tinkaton, F|100\/100\n|-ability|p1a: p\u00e9table|Mold Breaker\n|move|p2a: Dugtrio|Iron Head|p1a: p\u00e9table\n|-damage|p1a: p\u00e9table|44\/100\n|-damage|p2a: Dugtrio|91\/100|[from] item: Life Orb\n|\n|-heal|p1a: p\u00e9table|50\/100|[from] item: Leftovers\n|upkeep\n|turn|19\n|\n|t:|1700841292\n|move|p2a: Dugtrio|Iron Head|p1a: p\u00e9table\n|-damage|p1a: p\u00e9table|0 fnt\n|faint|p1a: p\u00e9table\n|-damage|p2a: Dugtrio|81\/100|[from] item: Life Orb\n|\n|upkeep\n|\n|t:|1700841297\n|switch|p1a: J'ai Faim|Alcremie-Salted-Cream, F|100\/100\n|turn|20\n|\n|t:|1700841302\n|move|p2a: Dugtrio|Iron Head|p1a: J'ai Faim\n|-supereffective|p1a: J'ai Faim\n|-damage|p1a: J'ai Faim|0 fnt\n|faint|p1a: J'ai Faim\n|-damage|p2a: Dugtrio|71\/100|[from] item: Life Orb\n|\n|win|Hushy123\n|raw|paspikmineuh's rating: 1047 &rarr; <strong>1032<\/strong><br \/>(-15 for losing)\n|raw|Hushy123's rating: 1081 &rarr; <strong>1106<\/strong><br \/>(+25 for winning)\n|l|\u2606paspikmineuh\n","uploadtime":1700841318,"views":10,"p1id":"paspikmineuh","p2id":"hushy123","formatid":"gen9nationaldex","rating":1032,"private":0,"password":""}