{"id":"gen9nationaldex-1997528973","p1":"BeyourTea","p2":"nd27338290","format":"[Gen 9] National Dex","log":"|html|<div class=\"broadcast-blue\"><strong>[Gen 9] National Dex is currently suspecting Sneasler! For information on how to participate check out the <a href=\"https:\/\/www.smogon.com\/forums\/threads\/sv-national-dex-suspect-8-just-dance.3731534\/\">suspect thread<\/a>.<\/strong><\/div>\n|j|\u2606BeyourTea\n|j|\u2606nd27338290\n|t:|1700820756\n|gametype|singles\n|player|p1|BeyourTea|steven|1532\n|player|p2|nd27338290|blaine|1495\n|teamsize|p1|6\n|teamsize|p2|6\n|gen|9\n|tier|[Gen 9] National Dex\n|rated|\n|rule|HP Percentage Mod: HP is shown in percentages\n|rule|Endless Battle Clause: Forcing endless battles is banned\n|rule|OHKO Clause: OHKO moves are banned\n|rule|Evasion Clause: Evasion abilities, items, and moves are banned\n|rule|Evasion Abilities Clause: Evasion abilities are banned\n|rule|Evasion Items Clause: Evasion items are banned\n|rule|Evasion Moves Clause: Evasion moves are banned\n|rule|Species Clause: Limit one of each Pok\u00e9mon\n|rule|Sleep Clause Mod: Limit one foe put to sleep\n|clearpoke\n|poke|p1|Aggron, M|\n|poke|p1|Urshifu-*, M|\n|poke|p1|Munkidori, M|\n|poke|p1|Salamence, F|\n|poke|p1|Comfey, F|\n|poke|p1|Venusaur, F|\n|poke|p2|Samurott-Hisui, M|\n|poke|p2|Gyarados, F|\n|poke|p2|Iron Valiant|\n|poke|p2|Ninetales-Alola, M|\n|poke|p2|Volcarona, M|\n|poke|p2|Gliscor, F|\n|teampreview\n|inactive|Battle timer is ON: inactive players will automatically lose when time's up. (requested by nd27338290)\n|\n|t:|1700820763\n|start\n|switch|p1a: Aggron|Aggron, M|100\/100\n|switch|p2a: Gliscor|Gliscor, F|100\/100\n|turn|1\n|\n|t:|1700820767\n|move|p2a: Gliscor|Stealth Rock|p1a: Aggron\n|-sidestart|p1: BeyourTea|move: Stealth Rock\n|move|p1a: Aggron|Stealth Rock|p2a: Gliscor\n|-sidestart|p2: nd27338290|move: Stealth Rock\n|\n|-status|p2a: Gliscor|tox|[from] item: Toxic Orb\n|upkeep\n|turn|2\n|\n|t:|1700820770\n|move|p2a: Gliscor|U-turn|p1a: Aggron\n|-resisted|p1a: Aggron\n|-damage|p1a: Aggron|93\/100\n|\n|t:|1700820774\n|switch|p2a: Ninetales|Ninetales-Alola, M|100\/100|[from] U-turn\n|-damage|p2a: Ninetales|76\/100|[from] Stealth Rock\n|-weather|Snow|[from] ability: Snow Warning|[of] p2a: Ninetales\n|move|p1a: Aggron|Endeavor|p2a: Ninetales\n|-damage|p2a: Ninetales|67\/100\n|\n|-weather|Snow|[upkeep]\n|upkeep\n|turn|3\n|\n|t:|1700820777\n|move|p2a: Ninetales|Aurora Veil|p2a: Ninetales\n|-sidestart|p2: nd27338290|move: Aurora Veil\n|move|p1a: Aggron|Heavy Slam|p2a: Ninetales\n|-supereffective|p2a: Ninetales\n|-damage|p2a: Ninetales|0 fnt\n|faint|p2a: Ninetales\n|\n|-weather|Snow|[upkeep]\n|upkeep\n|\n|t:|1700820785\n|switch|p2a: Samurott|Samurott-Hisui, M|100\/100\n|-damage|p2a: Samurott|88\/100|[from] Stealth Rock\n|turn|4\n|\n|t:|1700820788\n|move|p2a: Samurott|Swords Dance|p2a: Samurott\n|-boost|p2a: Samurott|atk|2\n|move|p1a: Aggron|Endeavor|p2a: Samurott\n|-damage|p2a: Samurott|73\/100\n|\n|-weather|Snow|[upkeep]\n|upkeep\n|turn|5\n|\n|t:|1700820792\n|move|p2a: Samurott|Ceaseless Edge|p1a: Aggron\n|-damage|p1a: Aggron|0 fnt\n|-sidestart|p1: BeyourTea|Spikes\n|faint|p1a: Aggron\n|\n|-weather|Snow|[upkeep]\n|upkeep\n|\n|t:|1700820796\n|switch|p1a: Urshifu|Urshifu-Rapid-Strike, M|100\/100\n|-damage|p1a: Urshifu|94\/100|[from] Stealth Rock\n|-damage|p1a: Urshifu|82\/100|[from] Spikes\n|turn|6\n|\n|t:|1700820806\n|move|p1a: Urshifu|Close Combat|p2a: Samurott\n|-supereffective|p2a: Samurott\n|-damage|p2a: Samurott|0 fnt\n|-unboost|p1a: Urshifu|def|1\n|-unboost|p1a: Urshifu|spd|1\n|faint|p2a: Samurott\n|\n|-weather|none\n|upkeep\n|\n|t:|1700820808\n|switch|p2a: Gyarados|Gyarados, F|100\/100\n|-damage|p2a: Gyarados|76\/100|[from] Stealth Rock\n|turn|7\n|\n|t:|1700820813\n|move|p1a: Urshifu|Close Combat|p2a: Gyarados\n|-resisted|p2a: Gyarados\n|-damage|p2a: Gyarados|46\/100\n|-unboost|p1a: Urshifu|def|1\n|-unboost|p1a: Urshifu|spd|1\n|move|p2a: Gyarados|Dragon Dance|p2a: Gyarados\n|-boost|p2a: Gyarados|atk|1\n|-boost|p2a: Gyarados|spe|1\n|\n|upkeep\n|turn|8\n|\n|t:|1700820822\n|move|p2a: Gyarados|Power Whip|p1a: Urshifu\n|-supereffective|p1a: Urshifu\n|-damage|p1a: Urshifu|0 fnt\n|faint|p1a: Urshifu\n|-ability|p2a: Gyarados|Moxie|boost\n|-boost|p2a: Gyarados|atk|1\n|\n|upkeep\n|\n|t:|1700820828\n|switch|p1a: Venusaur|Venusaur, F|100\/100\n|-damage|p1a: Venusaur|88\/100|[from] Stealth Rock\n|-damage|p1a: Venusaur|76\/100|[from] Spikes\n|turn|9\n|\n|t:|1700820837\n|detailschange|p2a: Gyarados|Gyarados-Mega, F\n|-mega|p2a: Gyarados|Gyarados|Gyaradosite\n|-ability|p2a: Gyarados|Mold Breaker\n|detailschange|p1a: Venusaur|Venusaur-Mega, F\n|-mega|p1a: Venusaur|Venusaur|Venusaurite\n|move|p2a: Gyarados|Crunch|p1a: Venusaur\n|-damage|p1a: Venusaur|7\/100\n|move|p1a: Venusaur|Sleep Powder|p2a: Gyarados\n|-status|p2a: Gyarados|slp|[from] move: Sleep Powder\n|\n|upkeep\n|turn|10\n|\n|t:|1700820846\n|switch|p2a: Volcarona|Volcarona, M|100\/100\n|move|p1a: Venusaur|Synthesis|p1a: Venusaur\n|-heal|p1a: Venusaur|57\/100\n|\n|-sideend|p2: nd27338290|move: Aurora Veil\n|upkeep\n|turn|11\n|\n|t:|1700820850\n|switch|p1a: Munkidori|Munkidori, M|100\/100\n|-damage|p1a: Munkidori|88\/100|[from] Stealth Rock\n|-damage|p1a: Munkidori|76\/100|[from] Spikes\n|move|p2a: Volcarona|Quiver Dance|p2a: Volcarona\n|-boost|p2a: Volcarona|spa|1\n|-boost|p2a: Volcarona|spd|1\n|-boost|p2a: Volcarona|spe|1\n|\n|upkeep\n|turn|12\n|\n|t:|1700820857\n|-terastallize|p2a: Volcarona|Ground\n|move|p1a: Munkidori|Trick|p2a: Volcarona\n|-activate|p1a: Munkidori|move: Trick|[of] p2a: Volcarona\n|-item|p2a: Volcarona|Choice Scarf|[from] move: Trick\n|-item|p1a: Munkidori|Heavy-Duty Boots|[from] move: Trick\n|move|p2a: Volcarona|Quiver Dance|p2a: Volcarona\n|-boost|p2a: Volcarona|spa|1\n|-boost|p2a: Volcarona|spd|1\n|-boost|p2a: Volcarona|spe|1\n|\n|upkeep\n|turn|13\n|\n|t:|1700820867\n|switch|p2a: Iron Valiant|Iron Valiant|100\/100\n|-damage|p2a: Iron Valiant|94\/100|[from] Stealth Rock\n|-enditem|p2a: Iron Valiant|Booster Energy\n|-activate|p2a: Iron Valiant|ability: Quark Drive|[fromitem]\n|-start|p2a: Iron Valiant|quarkdrivespe\n|move|p1a: Munkidori|U-turn|p2a: Iron Valiant\n|-resisted|p2a: Iron Valiant\n|-damage|p2a: Iron Valiant|90\/100\n|-status|p2a: Iron Valiant|tox|[from] ability: Toxic Chain|[of] p1a: Munkidori\n|\n|t:|1700820871\n|switch|p1a: Comfey|Comfey, F|100\/100|[from] U-turn\n|-damage|p1a: Comfey|88\/100|[from] Stealth Rock\n|-damage|p1a: Comfey|76\/100|[from] Spikes\n|\n|-damage|p2a: Iron Valiant|84\/100 tox|[from] psn\n|upkeep\n|turn|14\n|\n|t:|1700820878\n|-end|p2a: Iron Valiant|Quark Drive|[silent]\n|switch|p2a: Volcarona|Volcarona, M, tera:Ground|100\/100\n|-damage|p2a: Volcarona|94\/100|[from] Stealth Rock\n|move|p1a: Comfey|Draining Kiss|p2a: Volcarona\n|-damage|p2a: Volcarona|68\/100\n|-heal|p1a: Comfey|96\/100|[from] drain|[of] p2a: Volcarona\n|-damage|p1a: Comfey|86\/100|[from] item: Life Orb\n|\n|upkeep\n|turn|15\n|c|\u2606nd27338290|Disgusting pug\n|c|\u2606nd27338290|Pig\n|-message|nd27338290 forfeited.\n|\n|win|BeyourTea\n|raw|BeyourTea's rating: 1532 &rarr; <strong>1550<\/strong><br \/>(+18 for winning)\n|raw|nd27338290's rating: 1495 &rarr; <strong>1477<\/strong><br \/>(-18 for losing)\n|l|\u2606nd27338290\n","uploadtime":1700820972,"views":12,"p1id":"beyourtea","p2id":"nd27338290","formatid":"gen9nationaldex","rating":1477,"private":0,"password":""}