{"id":"gen9nationaldex-1995861970","p1":"Glockto16","p2":"fishuu","format":"[Gen 9] National Dex","log":"|html|<div class=\"broadcast-blue\"><strong>[Gen 9] National Dex is currently suspecting Sneasler! For information on how to participate check out the <a href=\"https:\/\/www.smogon.com\/forums\/threads\/sv-national-dex-suspect-8-just-dance.3731534\/\">suspect thread<\/a>.<\/strong><\/div>\n|j|\u2606Glockto16\n|j|\u2606fishuu\n|t:|1700610821\n|gametype|singles\n|player|p1|Glockto16|hilda-wonderlauncher|1295\n|player|p2|fishuu|akari|1422\n|teamsize|p1|6\n|teamsize|p2|6\n|gen|9\n|tier|[Gen 9] National Dex\n|rated|\n|rule|HP Percentage Mod: HP is shown in percentages\n|rule|Endless Battle Clause: Forcing endless battles is banned\n|rule|OHKO Clause: OHKO moves are banned\n|rule|Evasion Clause: Evasion abilities, items, and moves are banned\n|rule|Evasion Abilities Clause: Evasion abilities are banned\n|rule|Evasion Items Clause: Evasion items are banned\n|rule|Evasion Moves Clause: Evasion moves are banned\n|rule|Species Clause: Limit one of each Pok\u00e9mon\n|rule|Sleep Clause Mod: Limit one foe put to sleep\n|clearpoke\n|poke|p1|Pelipper, F|\n|poke|p1|Swampert, F|\n|poke|p1|Barraskewda, M|\n|poke|p1|Glimmora, M|\n|poke|p1|Tapu Lele|\n|poke|p1|Kyurem|\n|poke|p2|Sableye, M|\n|poke|p2|Chansey, F|\n|poke|p2|Gliscor, M|\n|poke|p2|Clefable, M|\n|poke|p2|Dondozo, F|\n|poke|p2|Skarmory, F|\n|teampreview\n|inactive|Battle timer is ON: inactive players will automatically lose when time's up. (requested by fishuu)\n|\n|t:|1700610830\n|start\n|switch|p1a: Pelipper|Pelipper, F|100\/100\n|switch|p2a: Chansey|Chansey, F|100\/100\n|-weather|RainDance|[from] ability: Drizzle|[of] p1a: Pelipper\n|turn|1\n|\n|t:|1700610853\n|move|p2a: Chansey|Toxic|p1a: Pelipper\n|-status|p1a: Pelipper|tox\n|move|p1a: Pelipper|U-turn|p2a: Chansey\n|-damage|p2a: Chansey|95\/100\n|inactive|Glockto16 has 120 seconds left.\n|\n|t:|1700610887\n|switch|p1a: Barraskewda|Barraskewda, M|100\/100|[from] U-turn\n|\n|-weather|RainDance|[upkeep]\n|upkeep\n|turn|2\n|\n|t:|1700610894\n|switch|p2a: Dondozo|Dondozo, F|100\/100\n|move|p1a: Barraskewda|Close Combat|p2a: Dondozo\n|-damage|p2a: Dondozo|60\/100\n|-unboost|p1a: Barraskewda|def|1\n|-unboost|p1a: Barraskewda|spd|1\n|\n|-weather|RainDance|[upkeep]\n|-heal|p2a: Dondozo|66\/100|[from] item: Leftovers\n|upkeep\n|turn|3\n|inactive|Glockto16 has 120 seconds left.\n|\n|t:|1700610912\n|switch|p1a: Glimmora|Glimmora, M|100\/100\n|move|p2a: Dondozo|Liquidation|p1a: Glimmora\n|-supereffective|p1a: Glimmora\n|-enditem|p1a: Glimmora|Focus Sash\n|-damage|p1a: Glimmora|1\/100\n|-activate|p1a: Glimmora|ability: Toxic Debris\n|-sidestart|p2: fishuu|move: Toxic Spikes\n|\n|-weather|RainDance|[upkeep]\n|-heal|p2a: Dondozo|72\/100|[from] item: Leftovers\n|upkeep\n|turn|4\n|inactive|Glockto16 has 120 seconds left.\n|\n|t:|1700610939\n|switch|p2a: Gliscor|Gliscor, M|100\/100\n|move|p1a: Glimmora|Stealth Rock|p2a: Gliscor\n|-sidestart|p2: fishuu|move: Stealth Rock\n|\n|-weather|RainDance|[upkeep]\n|-status|p2a: Gliscor|tox|[from] item: Toxic Orb\n|upkeep\n|turn|5\n|\n|t:|1700610959\n|move|p1a: Glimmora|Power Gem|p2a: Gliscor\n|-damage|p2a: Gliscor|58\/100 tox\n|move|p2a: Gliscor|Knock Off|p1a: Glimmora\n|-damage|p1a: Glimmora|0 fnt\n|-activate|p1a: Glimmora|ability: Toxic Debris\n|-sidestart|p2: fishuu|move: Toxic Spikes\n|faint|p1a: Glimmora\n|\n|-weather|RainDance|[upkeep]\n|-heal|p2a: Gliscor|70\/100 tox|[from] ability: Poison Heal\n|upkeep\n|\n|t:|1700610971\n|switch|p1a: Kyurem|Kyurem|100\/100\n|-ability|p1a: Kyurem|Pressure\n|turn|6\n|\n|t:|1700610977\n|move|p2a: Gliscor|Protect|p2a: Gliscor\n|-singleturn|p2a: Gliscor|Protect\n|move|p1a: Kyurem|Substitute|p1a: Kyurem\n|-start|p1a: Kyurem|Substitute\n|-damage|p1a: Kyurem|76\/100\n|\n|-weather|RainDance|[upkeep]\n|-heal|p1a: Kyurem|82\/100|[from] item: Leftovers\n|-heal|p2a: Gliscor|83\/100 tox|[from] ability: Poison Heal\n|upkeep\n|turn|7\n|inactive|Glockto16 has 120 seconds left.\n|\n|t:|1700610986\n|switch|p2a: Skarmory|Skarmory, F|100\/100\n|-damage|p2a: Skarmory|88\/100|[from] Stealth Rock\n|move|p1a: Kyurem|Freeze-Dry|p2a: Skarmory\n|-damage|p2a: Skarmory|48\/100\n|\n|-weather|RainDance|[upkeep]\n|-heal|p1a: Kyurem|88\/100|[from] item: Leftovers\n|-heal|p2a: Skarmory|54\/100|[from] item: Leftovers\n|upkeep\n|turn|8\n|\n|t:|1700610995\n|move|p1a: Kyurem|Freeze-Dry|p2a: Skarmory\n|-damage|p2a: Skarmory|14\/100\n|move|p2a: Skarmory|Defog|p1a: Kyurem\n|-sideend|p2: fishuu|Toxic Spikes|[from] move: Defog|[of] p2a: Skarmory\n|-sideend|p2: fishuu|Stealth Rock|[from] move: Defog|[of] p2a: Skarmory\n|\n|-weather|none\n|-heal|p1a: Kyurem|94\/100|[from] item: Leftovers\n|-heal|p2a: Skarmory|20\/100|[from] item: Leftovers\n|upkeep\n|turn|9\n|\n|t:|1700611003\n|switch|p2a: Chansey|Chansey, F|95\/100\n|move|p1a: Kyurem|Freeze-Dry|p2a: Chansey\n|-damage|p2a: Chansey|84\/100\n|-status|p2a: Chansey|frz\n|\n|-heal|p1a: Kyurem|99\/100|[from] item: Leftovers\n|upkeep\n|turn|10\n|\n|t:|1700611015\n|switch|p1a: Pelipper|Pelipper, F|100\/100 tox\n|-weather|RainDance|[from] ability: Drizzle|[of] p1a: Pelipper\n|cant|p2a: Chansey|frz\n|\n|-weather|RainDance|[upkeep]\n|-damage|p1a: Pelipper|94\/100 tox|[from] psn\n|upkeep\n|turn|11\n|\n|t:|1700611028\n|-curestatus|p2a: Chansey|frz|[from] ability: Natural Cure\n|switch|p2a: Clefable|Clefable, M|100\/100\n|move|p1a: Pelipper|U-turn|p2a: Clefable\n|-resisted|p2a: Clefable\n|-damage|p2a: Clefable|97\/100\n|\n|t:|1700611037\n|switch|p1a: Barraskewda|Barraskewda, M|100\/100|[from] U-turn\n|\n|-weather|RainDance|[upkeep]\n|-heal|p2a: Clefable|100\/100|[from] item: Leftovers\n|upkeep\n|turn|12\n|\n|t:|1700611047\n|switch|p2a: Dondozo|Dondozo, F|72\/100\n|-terastallize|p1a: Barraskewda|Water\n|move|p1a: Barraskewda|Liquidation|p2a: Dondozo\n|-resisted|p2a: Dondozo\n|-damage|p2a: Dondozo|33\/100\n|-unboost|p2a: Dondozo|def|1\n|\n|-weather|RainDance|[upkeep]\n|-heal|p2a: Dondozo|39\/100|[from] item: Leftovers\n|upkeep\n|turn|13\n|\n|t:|1700611057\n|switch|p2a: Skarmory|Skarmory, F|20\/100\n|move|p1a: Barraskewda|Liquidation|p2a: Skarmory\n|-damage|p2a: Skarmory|0 fnt\n|faint|p2a: Skarmory\n|\n|-weather|RainDance|[upkeep]\n|upkeep\n|\n|t:|1700611061\n|switch|p2a: Sableye|Sableye, M|100\/100\n|turn|14\n|\n|t:|1700611071\n|switch|p1a: Tapu Lele|Tapu Lele|100\/100\n|-fieldstart|move: Psychic Terrain|[from] ability: Psychic Surge|[of] p1a: Tapu Lele\n|move|p2a: Sableye|Will-O-Wisp|p1a: Tapu Lele\n|-activate|p1a: Tapu Lele|move: Psychic Terrain\n|\n|-weather|RainDance|[upkeep]\n|upkeep\n|turn|15\n|\n|t:|1700611101\n|switch|p2a: Chansey|Chansey, F|84\/100\n|move|p1a: Tapu Lele|Psyshock|p2a: Chansey\n|-damage|p2a: Chansey|47\/100\n|\n|-weather|RainDance|[upkeep]\n|upkeep\n|turn|16\n|\n|t:|1700611108\n|move|p1a: Tapu Lele|Psyshock|p2a: Chansey\n|-damage|p2a: Chansey|13\/100\n|move|p2a: Chansey|Wish|p2a: Chansey\n|\n|-weather|RainDance|[upkeep]\n|upkeep\n|turn|17\n|\n|t:|1700611125\n|move|p2a: Chansey|Protect|p2a: Chansey\n|-singleturn|p2a: Chansey|Protect\n|move|p1a: Tapu Lele|Psyshock|p2a: Chansey\n|-activate|p2a: Chansey|move: Protect\n|\n|-weather|none\n|-heal|p2a: Chansey|63\/100|[from] move: Wish|[wisher] Chansey\n|upkeep\n|turn|18\n|\n|t:|1700611138\n|move|p1a: Tapu Lele|Psyshock|p2a: Chansey\n|-damage|p2a: Chansey|27\/100\n|move|p2a: Chansey|Wish|p2a: Chansey\n|\n|-fieldend|move: Psychic Terrain\n|upkeep\n|turn|19\n|\n|t:|1700611146\n|switch|p1a: Pelipper|Pelipper, F|94\/100 tox\n|-weather|RainDance|[from] ability: Drizzle|[of] p1a: Pelipper\n|move|p2a: Chansey|Protect||[still]\n|-fail|p2a: Chansey\n|\n|-weather|RainDance|[upkeep]\n|-heal|p2a: Chansey|76\/100|[from] move: Wish|[wisher] Chansey\n|-damage|p1a: Pelipper|88\/100 tox|[from] psn\n|upkeep\n|turn|20\n|\n|t:|1700611157\n|move|p2a: Chansey|Wish|p2a: Chansey\n|move|p1a: Pelipper|U-turn|p2a: Chansey\n|-damage|p2a: Chansey|71\/100\n|\n|t:|1700611162\n|switch|p1a: Barraskewda|Barraskewda, M, tera:Water|100\/100|[from] U-turn\n|\n|-weather|RainDance|[upkeep]\n|upkeep\n|turn|21\n|\n|t:|1700611170\n|switch|p2a: Dondozo|Dondozo, F|39\/100\n|move|p1a: Barraskewda|Liquidation|p2a: Dondozo\n|-resisted|p2a: Dondozo\n|-damage|p2a: Dondozo|0 fnt\n|faint|p2a: Dondozo\n|\n|-weather|RainDance|[upkeep]\n|upkeep\n|\n|t:|1700611176\n|switch|p2a: Sableye|Sableye, M|100\/100\n|turn|22\n|\n|t:|1700611185\n|switch|p1a: Tapu Lele|Tapu Lele|100\/100\n|-fieldstart|move: Psychic Terrain|[from] ability: Psychic Surge|[of] p1a: Tapu Lele\n|detailschange|p2a: Sableye|Sableye-Mega, M\n|-mega|p2a: Sableye|Sableye|Sablenite\n|move|p2a: Sableye|Will-O-Wisp|p1a: Tapu Lele\n|-status|p1a: Tapu Lele|brn\n|\n|-weather|RainDance|[upkeep]\n|-damage|p1a: Tapu Lele|94\/100 brn|[from] brn\n|upkeep\n|turn|23\n|\n|t:|1700611196\n|switch|p2a: Clefable|Clefable, M|100\/100\n|move|p1a: Tapu Lele|Moonblast|p2a: Clefable\n|-damage|p2a: Clefable|58\/100\n|-unboost|p2a: Clefable|spa|1\n|\n|-weather|RainDance|[upkeep]\n|-heal|p2a: Clefable|64\/100|[from] item: Leftovers\n|-damage|p1a: Tapu Lele|88\/100 brn|[from] brn\n|upkeep\n|turn|24\n|\n|t:|1700611206\n|move|p1a: Tapu Lele|Moonblast|p2a: Clefable\n|-damage|p2a: Clefable|18\/100\n|move|p2a: Clefable|Soft-Boiled|p2a: Clefable\n|-heal|p2a: Clefable|68\/100\n|\n|-weather|RainDance|[upkeep]\n|-heal|p2a: Clefable|75\/100|[from] item: Leftovers\n|-damage|p1a: Tapu Lele|82\/100 brn|[from] brn\n|upkeep\n|turn|25\n|\n|t:|1700611227\n|switch|p1a: Swampert|Swampert, F|100\/100\n|move|p2a: Clefable|Soft-Boiled|p2a: Clefable\n|-heal|p2a: Clefable|100\/100\n|\n|-weather|RainDance|[upkeep]\n|upkeep\n|turn|26\n|\n|t:|1700611237\n|detailschange|p1a: Swampert|Swampert-Mega, F\n|-mega|p1a: Swampert|Swampert|Swampertite\n|move|p1a: Swampert|Liquidation|p2a: Clefable\n|-crit|p2a: Clefable\n|-damage|p2a: Clefable|8\/100\n|move|p2a: Clefable|Toxic|p1a: Swampert\n|-status|p1a: Swampert|tox\n|\n|-weather|none\n|-heal|p2a: Clefable|14\/100|[from] item: Leftovers\n|-damage|p1a: Swampert|94\/100 tox|[from] psn\n|-fieldend|move: Psychic Terrain\n|upkeep\n|turn|27\n|\n|t:|1700611247\n|switch|p2a: Sableye|Sableye-Mega, M|100\/100\n|move|p1a: Swampert|Liquidation|p2a: Sableye\n|-damage|p2a: Sableye|52\/100\n|\n|-damage|p1a: Swampert|82\/100 tox|[from] psn\n|upkeep\n|turn|28\n|\n|t:|1700611258\n|move|p1a: Swampert|Earthquake|p2a: Sableye\n|-damage|p2a: Sableye|0 fnt\n|faint|p2a: Sableye\n|\n|-damage|p1a: Swampert|64\/100 tox|[from] psn\n|upkeep\n|\n|t:|1700611264\n|switch|p2a: Gliscor|Gliscor, M|83\/100 tox\n|turn|29\n|\n|t:|1700611267\n|switch|p1a: Pelipper|Pelipper, F|88\/100 tox\n|-weather|RainDance|[from] ability: Drizzle|[of] p1a: Pelipper\n|move|p2a: Gliscor|Protect||[still]\n|-fail|p2a: Gliscor\n|\n|-weather|RainDance|[upkeep]\n|-heal|p2a: Gliscor|95\/100 tox|[from] ability: Poison Heal\n|-damage|p1a: Pelipper|82\/100 tox|[from] psn\n|upkeep\n|turn|30\n|\n|t:|1700611280\n|-terastallize|p2a: Gliscor|Fairy\n|move|p2a: Gliscor|Knock Off|p1a: Pelipper\n|-damage|p1a: Pelipper|65\/100 tox\n|-enditem|p1a: Pelipper|Damp Rock|[from] move: Knock Off|[of] p2a: Gliscor\n|move|p1a: Pelipper|Scald|p2a: Gliscor\n|-damage|p2a: Gliscor|58\/100 tox\n|\n|-weather|RainDance|[upkeep]\n|-heal|p2a: Gliscor|71\/100 tox|[from] ability: Poison Heal\n|-damage|p1a: Pelipper|53\/100 tox|[from] psn\n|upkeep\n|turn|31\n|\n|t:|1700611290\n|move|p2a: Gliscor|Protect|p2a: Gliscor\n|-singleturn|p2a: Gliscor|Protect\n|move|p1a: Pelipper|Roost|p1a: Pelipper\n|-heal|p1a: Pelipper|100\/100 tox\n|-singleturn|p1a: Pelipper|move: Roost\n|\n|-weather|RainDance|[upkeep]\n|-heal|p2a: Gliscor|83\/100 tox|[from] ability: Poison Heal\n|-damage|p1a: Pelipper|82\/100 tox|[from] psn\n|upkeep\n|turn|32\n|\n|t:|1700611300\n|move|p2a: Gliscor|Spikes|p1a: Pelipper\n|-sidestart|p1: Glockto16|Spikes\n|move|p1a: Pelipper|U-turn|p2a: Gliscor\n|-resisted|p2a: Gliscor\n|-damage|p2a: Gliscor|80\/100 tox\n|\n|t:|1700611306\n|switch|p1a: Barraskewda|Barraskewda, M, tera:Water|100\/100|[from] U-turn\n|-damage|p1a: Barraskewda|88\/100|[from] Spikes\n|\n|-weather|RainDance|[upkeep]\n|-heal|p2a: Gliscor|92\/100 tox|[from] ability: Poison Heal\n|upkeep\n|turn|33\n|\n|t:|1700611312\n|move|p2a: Gliscor|Protect|p2a: Gliscor\n|-singleturn|p2a: Gliscor|Protect\n|move|p1a: Barraskewda|Liquidation|p2a: Gliscor\n|-activate|p2a: Gliscor|move: Protect\n|\n|-weather|RainDance|[upkeep]\n|-heal|p2a: Gliscor|100\/100 tox|[from] ability: Poison Heal\n|upkeep\n|turn|34\n|\n|t:|1700611320\n|move|p1a: Barraskewda|Liquidation|p2a: Gliscor\n|-damage|p2a: Gliscor|2\/100 tox\n|move|p2a: Gliscor|Knock Off|p1a: Barraskewda\n|-damage|p1a: Barraskewda|48\/100\n|-enditem|p1a: Barraskewda|Choice Band|[from] move: Knock Off|[of] p2a: Gliscor\n|\n|-weather|RainDance|[upkeep]\n|-heal|p2a: Gliscor|15\/100 tox|[from] ability: Poison Heal\n|upkeep\n|turn|35\n|\n|t:|1700611329\n|move|p2a: Gliscor|Protect|p2a: Gliscor\n|-singleturn|p2a: Gliscor|Protect\n|move|p1a: Barraskewda|Liquidation|p2a: Gliscor\n|-activate|p2a: Gliscor|move: Protect\n|\n|-weather|RainDance|[upkeep]\n|-heal|p2a: Gliscor|27\/100 tox|[from] ability: Poison Heal\n|upkeep\n|turn|36\n|\n|t:|1700611339\n|switch|p2a: Clefable|Clefable, M|14\/100\n|move|p1a: Barraskewda|Liquidation|p2a: Clefable\n|-damage|p2a: Clefable|0 fnt\n|faint|p2a: Clefable\n|\n|-weather|none\n|upkeep\n|\n|t:|1700611342\n|switch|p2a: Gliscor|Gliscor, M, tera:Fairy|27\/100 tox\n|turn|37\n|\n|t:|1700611353\n|move|p2a: Gliscor|Protect|p2a: Gliscor\n|-singleturn|p2a: Gliscor|Protect\n|move|p1a: Barraskewda|Liquidation|p2a: Gliscor\n|-activate|p2a: Gliscor|move: Protect\n|\n|-heal|p2a: Gliscor|40\/100 tox|[from] ability: Poison Heal\n|upkeep\n|turn|38\n|\n|t:|1700611381\n|move|p1a: Barraskewda|Liquidation|p2a: Gliscor\n|-damage|p2a: Gliscor|0 fnt\n|faint|p2a: Gliscor\n|\n|upkeep\n|-message|fishuu forfeited.\n|\n|win|Glockto16\n|raw|Glockto16's rating: 1295 &rarr; <strong>1329<\/strong><br \/>(+34 for winning)\n|raw|fishuu's rating: 1422 &rarr; <strong>1395<\/strong><br \/>(-27 for losing)\n|l|\u2606fishuu\n","uploadtime":1700611388,"views":1,"p1id":"glockto16","p2id":"fishuu","formatid":"gen9nationaldex","rating":1329,"private":0,"password":""}