{"id":"gen9nationaldex-1993992682","p1":"Generation why?","p2":"zzhc","format":"[Gen 9] National Dex","log":"|j|\u203dGeneration why?\n|j|\u2606zzhc\n|t:|1700389769\n|gametype|singles\n|player|p1|Generation why?|266|1232\n|player|p2|zzhc|170|1310\n|teamsize|p1|6\n|teamsize|p2|6\n|gen|9\n|tier|[Gen 9] National Dex\n|rated|\n|rule|HP Percentage Mod: HP is shown in percentages\n|rule|Endless Battle Clause: Forcing endless battles is banned\n|rule|OHKO Clause: OHKO moves are banned\n|rule|Evasion Clause: Evasion abilities, items, and moves are banned\n|rule|Evasion Abilities Clause: Evasion abilities are banned\n|rule|Evasion Items Clause: Evasion items are banned\n|rule|Evasion Moves Clause: Evasion moves are banned\n|rule|Species Clause: Limit one of each Pok\u00e9mon\n|rule|Sleep Clause Mod: Limit one foe put to sleep\n|clearpoke\n|poke|p1|Gastrodon-East, F|\n|poke|p1|Torterra, M|\n|poke|p1|Talonflame, M|\n|poke|p1|Articuno-Galar|\n|poke|p1|Glimmora, M|\n|poke|p1|Stantler, F|\n|poke|p2|Landorus-Therian, M|\n|poke|p2|Ogerpon-Wellspring, F|\n|poke|p2|Clodsire, F|\n|poke|p2|Great Tusk|\n|poke|p2|Lopunny, F|\n|poke|p2|Zapdos|\n|teampreview\n|inactive|Battle timer is ON: inactive players will automatically lose when time's up. (requested by zzhc)\n|inactive|Generation why? has 120 seconds left.\n|\n|t:|1700389804\n|start\n|switch|p1a: Glimmora|Glimmora, M|100\/100\n|switch|p2a: Landorus|Landorus-Therian, M|100\/100\n|-ability|p2a: Landorus|Intimidate|boost\n|-unboost|p1a: Glimmora|atk|1\n|turn|1\n|\n|t:|1700389832\n|move|p1a: Glimmora|Stealth Rock|p2a: Landorus\n|-sidestart|p2: zzhc|move: Stealth Rock\n|move|p2a: Landorus|Stealth Rock|p1a: Glimmora\n|-sidestart|p1: Generation why?|move: Stealth Rock\n|\n|upkeep\n|turn|2\n|\n|t:|1700389835\n|move|p1a: Glimmora|Energy Ball|p2a: Landorus\n|-damage|p2a: Landorus|63\/100\n|move|p2a: Landorus|Earthquake|p1a: Glimmora\n|-supereffective|p1a: Glimmora\n|-enditem|p1a: Glimmora|Focus Sash\n|-damage|p1a: Glimmora|1\/100\n|-activate|p1a: Glimmora|ability: Toxic Debris\n|-sidestart|p2: zzhc|move: Toxic Spikes\n|\n|upkeep\n|turn|3\n|\n|t:|1700389840\n|move|p1a: Glimmora|Sludge Wave|p2a: Landorus\n|-resisted|p2a: Landorus\n|-damage|p2a: Landorus|31\/100\n|move|p2a: Landorus|Earthquake|p1a: Glimmora\n|-supereffective|p1a: Glimmora\n|-damage|p1a: Glimmora|0 fnt\n|-activate|p1a: Glimmora|ability: Toxic Debris\n|-sidestart|p2: zzhc|move: Toxic Spikes\n|faint|p1a: Glimmora\n|\n|upkeep\n|\n|t:|1700389845\n|switch|p1a: Articuno|Articuno-Galar, shiny|100\/100\n|-damage|p1a: Articuno|76\/100|[from] Stealth Rock\n|turn|4\n|\n|t:|1700389849\n|move|p1a: Articuno|Hurricane|p2a: Landorus|[miss]\n|-miss|p1a: Articuno|p2a: Landorus\n|-enditem|p1a: Articuno|Blunder Policy\n|-boost|p1a: Articuno|spe|2\n|-zpower|p2a: Landorus\n|move|p2a: Landorus|Supersonic Skystrike|p1a: Articuno|[zeffect]\n|-damage|p1a: Articuno|0 fnt\n|faint|p1a: Articuno\n|\n|upkeep\n|\n|t:|1700389855\n|switch|p1a: Talonflame|Talonflame, M|100\/100\n|turn|5\n|\n|t:|1700389861\n|move|p1a: Talonflame|Dual Wingbeat|p2a: Landorus\n|-crit|p2a: Landorus\n|-damage|p2a: Landorus|4\/100\n|-crit|p2a: Landorus\n|-damage|p2a: Landorus|0 fnt\n|faint|p2a: Landorus\n|-hitcount|p2: Landorus|2\n|\n|upkeep\n|\n|t:|1700389865\n|switch|p2a: Zapdos|Zapdos|100\/100\n|-damage|p2a: Zapdos|76\/100|[from] Stealth Rock\n|turn|6\n|\n|t:|1700389869\n|move|p1a: Talonflame|Flare Blitz|p2a: Zapdos\n|-damage|p2a: Zapdos|28\/100\n|-damage|p1a: Talonflame|82\/100|[from] Recoil\n|move|p2a: Zapdos|Defog|p1a: Talonflame\n|-unboost|p1a: Talonflame|evasion|1\n|-sideend|p1: Generation why?|Stealth Rock|[from] move: Defog|[of] p2a: Zapdos\n|-sideend|p2: zzhc|Toxic Spikes|[from] move: Defog|[of] p2a: Zapdos\n|-sideend|p2: zzhc|Stealth Rock|[from] move: Defog|[of] p2a: Zapdos\n|\n|-heal|p2a: Zapdos|34\/100|[from] item: Leftovers\n|upkeep\n|turn|7\n|\n|t:|1700389875\n|move|p1a: Talonflame|Flare Blitz|p2a: Zapdos\n|-crit|p2a: Zapdos\n|-damage|p2a: Zapdos|0 fnt\n|-status|p1a: Talonflame|par|[from] ability: Static|[of] p2a: Zapdos\n|faint|p2a: Zapdos\n|-damage|p1a: Talonflame|69\/100 par|[from] Recoil\n|\n|upkeep\n|\n|t:|1700389879\n|switch|p2a: Ogerpon|Ogerpon-Wellspring, F|100\/100\n|turn|8\n|\n|t:|1700389888\n|switch|p1a: Gastrodon|Gastrodon-East, F, shiny|100\/100\n|move|p2a: Ogerpon|Swords Dance|p2a: Ogerpon\n|-boost|p2a: Ogerpon|atk|2\n|\n|upkeep\n|turn|9\n|\n|t:|1700389893\n|-terastallize|p1a: Gastrodon|Poison\n|move|p2a: Ogerpon|Horn Leech|p1a: Gastrodon\n|-resisted|p1a: Gastrodon\n|-damage|p1a: Gastrodon|67\/100\n|move|p1a: Gastrodon|Earth Power|p2a: Ogerpon\n|-resisted|p2a: Ogerpon\n|-damage|p2a: Ogerpon|83\/100\n|\n|-heal|p1a: Gastrodon|73\/100|[from] item: Leftovers\n|upkeep\n|turn|10\n|\n|t:|1700389905\n|move|p2a: Ogerpon|Horn Leech|p1a: Gastrodon\n|-resisted|p1a: Gastrodon\n|-damage|p1a: Gastrodon|40\/100\n|-heal|p2a: Ogerpon|100\/100|[from] drain|[of] p1a: Gastrodon\n|move|p1a: Gastrodon|Ice Beam|p2a: Ogerpon\n|-crit|p2a: Ogerpon\n|-damage|p2a: Ogerpon|65\/100\n|\n|-heal|p1a: Gastrodon|47\/100|[from] item: Leftovers\n|upkeep\n|turn|11\n|\n|t:|1700389912\n|move|p2a: Ogerpon|Horn Leech|p1a: Gastrodon\n|-resisted|p1a: Gastrodon\n|-damage|p1a: Gastrodon|17\/100\n|-heal|p2a: Ogerpon|86\/100|[from] drain|[of] p1a: Gastrodon\n|move|p1a: Gastrodon|Recover|p1a: Gastrodon\n|-heal|p1a: Gastrodon|67\/100\n|\n|-heal|p1a: Gastrodon|73\/100|[from] item: Leftovers\n|upkeep\n|turn|12\n|\n|t:|1700389919\n|move|p2a: Ogerpon|Horn Leech|p1a: Gastrodon\n|-resisted|p1a: Gastrodon\n|-damage|p1a: Gastrodon|40\/100\n|-heal|p2a: Ogerpon|100\/100|[from] drain|[of] p1a: Gastrodon\n|move|p1a: Gastrodon|Ice Beam|p2a: Ogerpon\n|-damage|p2a: Ogerpon|77\/100\n|\n|-heal|p1a: Gastrodon|47\/100|[from] item: Leftovers\n|upkeep\n|turn|13\n|\n|t:|1700389926\n|move|p2a: Ogerpon|Swords Dance|p2a: Ogerpon\n|-boost|p2a: Ogerpon|atk|2\n|move|p1a: Gastrodon|Recover|p1a: Gastrodon\n|-heal|p1a: Gastrodon|97\/100\n|\n|-heal|p1a: Gastrodon|100\/100|[from] item: Leftovers\n|upkeep\n|turn|14\n|\n|t:|1700389929\n|switch|p1a: Talonflame|Talonflame, M|69\/100 par\n|move|p2a: Ogerpon|Horn Leech|p1a: Talonflame\n|-resisted|p1a: Talonflame\n|-damage|p1a: Talonflame|22\/100 par\n|-heal|p2a: Ogerpon|99\/100|[from] drain|[of] p1a: Talonflame\n|-status|p2a: Ogerpon|brn|[from] ability: Flame Body|[of] p1a: Talonflame\n|\n|-damage|p2a: Ogerpon|94\/100 brn|[from] brn\n|upkeep\n|turn|15\n|\n|t:|1700389938\n|move|p2a: Ogerpon|Horn Leech|p1a: Talonflame\n|-resisted|p1a: Talonflame\n|-damage|p1a: Talonflame|0 fnt\n|-heal|p2a: Ogerpon|100\/100 brn|[from] drain|[of] p1a: Talonflame\n|faint|p1a: Talonflame\n|\n|-damage|p2a: Ogerpon|95\/100 brn|[from] brn\n|upkeep\n|\n|t:|1700389941\n|switch|p1a: Gastrodon|Gastrodon-East, F, shiny, tera:Poison|100\/100\n|turn|16\n|\n|t:|1700389949\n|switch|p1a: Stantler|Stantler, F|100\/100\n|move|p2a: Ogerpon|Swords Dance|p2a: Ogerpon\n|-boost|p2a: Ogerpon|atk|2\n|\n|-damage|p2a: Ogerpon|89\/100 brn|[from] brn\n|upkeep\n|turn|17\n|\n|t:|1700389956\n|switch|p1a: Gastrodon|Gastrodon-East, F, shiny, tera:Poison|100\/100\n|move|p2a: Ogerpon|Ivy Cudgel|p1a: Gastrodon|[anim] Ivy Cudgel Water\n|-ability|p1a: Gastrodon|Storm Drain|boost\n|-boost|p1a: Gastrodon|spa|1\n|\n|-damage|p2a: Ogerpon|83\/100 brn|[from] brn\n|upkeep\n|turn|18\n|\n|t:|1700389969\n|switch|p1a: Stantler|Stantler, F|100\/100\n|move|p2a: Ogerpon|Horn Leech|p1a: Stantler\n|-ability|p1a: Stantler|Sap Sipper|boost\n|-boost|p1a: Stantler|atk|1\n|\n|-damage|p2a: Ogerpon|77\/100 brn|[from] brn\n|upkeep\n|turn|19\n|\n|t:|1700389976\n|move|p2a: Ogerpon|Spiky Shield|p2a: Ogerpon\n|-singleturn|p2a: Ogerpon|move: Protect\n|move|p1a: Stantler|Sucker Punch||[still]\n|-fail|p1a: Stantler\n|\n|-damage|p2a: Ogerpon|71\/100 brn|[from] brn\n|upkeep\n|turn|20\n|\n|t:|1700389982\n|move|p2a: Ogerpon|Ivy Cudgel|p1a: Stantler|[anim] Ivy Cudgel Water\n|-damage|p1a: Stantler|0 fnt\n|faint|p1a: Stantler\n|\n|-damage|p2a: Ogerpon|65\/100 brn|[from] brn\n|upkeep\n|\n|t:|1700389988\n|switch|p1a: Gastrodon|Gastrodon-East, F, shiny, tera:Poison|100\/100\n|turn|21\n|\n|t:|1700389992\n|move|p2a: Ogerpon|Horn Leech|p1a: Gastrodon\n|-resisted|p1a: Gastrodon\n|-damage|p1a: Gastrodon|67\/100\n|-heal|p2a: Ogerpon|88\/100 brn|[from] drain|[of] p1a: Gastrodon\n|move|p1a: Gastrodon|Ice Beam|p2a: Ogerpon\n|-damage|p2a: Ogerpon|67\/100 brn\n|\n|-heal|p1a: Gastrodon|73\/100|[from] item: Leftovers\n|-damage|p2a: Ogerpon|61\/100 brn|[from] brn\n|upkeep\n|turn|22\n|\n|t:|1700389999\n|move|p2a: Ogerpon|Horn Leech|p1a: Gastrodon\n|-resisted|p1a: Gastrodon\n|-damage|p1a: Gastrodon|40\/100\n|-heal|p2a: Ogerpon|85\/100 brn|[from] drain|[of] p1a: Gastrodon\n|move|p1a: Gastrodon|Recover|p1a: Gastrodon\n|-heal|p1a: Gastrodon|90\/100\n|\n|-heal|p1a: Gastrodon|96\/100|[from] item: Leftovers\n|-damage|p2a: Ogerpon|79\/100 brn|[from] brn\n|upkeep\n|turn|23\n|\n|t:|1700390006\n|move|p2a: Ogerpon|Horn Leech|p1a: Gastrodon\n|-resisted|p1a: Gastrodon\n|-damage|p1a: Gastrodon|66\/100\n|-heal|p2a: Ogerpon|99\/100 brn|[from] drain|[of] p1a: Gastrodon\n|move|p1a: Gastrodon|Ice Beam|p2a: Ogerpon\n|-damage|p2a: Ogerpon|79\/100 brn\n|\n|-heal|p1a: Gastrodon|72\/100|[from] item: Leftovers\n|-damage|p2a: Ogerpon|73\/100 brn|[from] brn\n|upkeep\n|turn|24\n|\n|t:|1700390009\n|move|p2a: Ogerpon|Horn Leech|p1a: Gastrodon\n|-resisted|p1a: Gastrodon\n|-damage|p1a: Gastrodon|39\/100\n|-heal|p2a: Ogerpon|97\/100 brn|[from] drain|[of] p1a: Gastrodon\n|move|p1a: Gastrodon|Recover|p1a: Gastrodon\n|-heal|p1a: Gastrodon|89\/100\n|\n|-heal|p1a: Gastrodon|95\/100|[from] item: Leftovers\n|-damage|p2a: Ogerpon|91\/100 brn|[from] brn\n|upkeep\n|turn|25\n|\n|t:|1700390015\n|move|p2a: Ogerpon|Horn Leech|p1a: Gastrodon\n|-resisted|p1a: Gastrodon\n|-damage|p1a: Gastrodon|61\/100\n|-heal|p2a: Ogerpon|100\/100 brn|[from] drain|[of] p1a: Gastrodon\n|move|p1a: Gastrodon|Ice Beam|p2a: Ogerpon\n|-damage|p2a: Ogerpon|77\/100 brn\n|\n|-heal|p1a: Gastrodon|67\/100|[from] item: Leftovers\n|-damage|p2a: Ogerpon|71\/100 brn|[from] brn\n|upkeep\n|turn|26\n|\n|t:|1700390022\n|move|p2a: Ogerpon|Horn Leech|p1a: Gastrodon\n|-resisted|p1a: Gastrodon\n|-crit|p1a: Gastrodon\n|-damage|p1a: Gastrodon|17\/100\n|-heal|p2a: Ogerpon|100\/100 brn|[from] drain|[of] p1a: Gastrodon\n|move|p1a: Gastrodon|Ice Beam|p2a: Ogerpon\n|-damage|p2a: Ogerpon|77\/100 brn\n|\n|-heal|p1a: Gastrodon|24\/100|[from] item: Leftovers\n|-damage|p2a: Ogerpon|71\/100 brn|[from] brn\n|upkeep\n|turn|27\n|\n|t:|1700390029\n|move|p2a: Ogerpon|Horn Leech|p1a: Gastrodon\n|-resisted|p1a: Gastrodon\n|-damage|p1a: Gastrodon|0 fnt\n|-heal|p2a: Ogerpon|87\/100 brn|[from] drain|[of] p1a: Gastrodon\n|faint|p1a: Gastrodon\n|\n|-damage|p2a: Ogerpon|81\/100 brn|[from] brn\n|upkeep\n|\n|t:|1700390032\n|switch|p1a: Torterra|Torterra, M|100\/100\n|turn|28\n|\n|t:|1700390036\n|-terastallize|p2a: Ogerpon|Water\n|detailschange|p2a: Ogerpon|Ogerpon-Wellspring-Tera, F, tera:Water\n|-ability|p2a: Ogerpon|Embody Aspect (Wellspring)|boost\n|-boost|p2a: Ogerpon|spd|1\n|move|p2a: Ogerpon|Ivy Cudgel|p1a: Torterra|[anim] Ivy Cudgel Water\n|-damage|p1a: Torterra|0 fnt\n|faint|p1a: Torterra\n|\n|win|zzhc\n|raw|Generation why?'s rating: 1232 &rarr; <strong>1213<\/strong><br \/>(-19 for losing)\n|raw|zzhc's rating: 1310 &rarr; <strong>1326<\/strong><br \/>(+16 for winning)\n|l|\u203dGeneration why?\n","uploadtime":1700390047,"views":10,"p1id":"generationwhy","p2id":"zzhc","formatid":"gen9nationaldex","rating":1213,"private":0,"password":""}