{"id":"gen9nationaldex-1999961070","p1":"1oao","p2":"Jeromeothyn","format":"[Gen 9] National Dex","log":"|html|<div class=\"broadcast-blue\"><strong>[Gen 9] National Dex is currently suspecting Sneasler! For information on how to participate check out the <a href=\"https:\/\/www.smogon.com\/forums\/threads\/sv-national-dex-suspect-8-just-dance.3731534\/\">suspect thread<\/a>.<\/strong><\/div>\n|j|\u26061oao\n|j|\u203dJeromeothyn\n|t:|1701134917\n|gametype|singles\n|player|p1|1oao|red|1110\n|player|p2|Jeromeothyn|1|1000\n|teamsize|p1|6\n|teamsize|p2|6\n|gen|9\n|tier|[Gen 9] National Dex\n|rated|\n|rule|HP Percentage Mod: HP is shown in percentages\n|rule|Endless Battle Clause: Forcing endless battles is banned\n|rule|OHKO Clause: OHKO moves are banned\n|rule|Evasion Clause: Evasion abilities, items, and moves are banned\n|rule|Evasion Abilities Clause: Evasion abilities are banned\n|rule|Evasion Items Clause: Evasion items are banned\n|rule|Evasion Moves Clause: Evasion moves are banned\n|rule|Species Clause: Limit one of each Pok\u00e9mon\n|rule|Sleep Clause Mod: Limit one foe put to sleep\n|clearpoke\n|poke|p1|Pikachu, F|\n|poke|p1|Venusaur, M|\n|poke|p1|Charizard, M|\n|poke|p1|Blastoise, M|\n|poke|p1|Lapras, F|\n|poke|p1|Snorlax, M|\n|poke|p2|Charizard, F|\n|poke|p2|Zoroark, M|\n|poke|p2|Chansey, F|\n|poke|p2|Enamorus, F|\n|poke|p2|Zamazenta-*|\n|poke|p2|Mudkip, F|\n|teampreview\n|inactive|Battle timer is ON: inactive players will automatically lose when time's up. (requested by 1oao)\n|\n|t:|1701134943\n|start\n|switch|p1a: Snorlax|Snorlax, M|100\/100\n|switch|p2a: Charizard|Charizard, F|100\/100\n|turn|1\n|\n|t:|1701134950\n|move|p2a: Charizard|Substitute|p2a: Charizard\n|-start|p2a: Charizard|Substitute\n|-damage|p2a: Charizard|76\/100\n|move|p1a: Snorlax|Return|p2a: Charizard\n|-end|p2a: Charizard|Substitute\n|\n|upkeep\n|turn|2\n|\n|t:|1701134961\n|move|p2a: Charizard|Substitute|p2a: Charizard\n|-start|p2a: Charizard|Substitute\n|-damage|p2a: Charizard|51\/100\n|move|p1a: Snorlax|Return|p2a: Charizard\n|-end|p2a: Charizard|Substitute\n|\n|upkeep\n|turn|3\n|\n|t:|1701134970\n|move|p2a: Charizard|Substitute|p2a: Charizard\n|-start|p2a: Charizard|Substitute\n|-damage|p2a: Charizard|26\/100\n|-enditem|p2a: Charizard|Sitrus Berry|[eat]\n|-heal|p2a: Charizard|51\/100|[from] item: Sitrus Berry\n|move|p1a: Snorlax|Return|p2a: Charizard\n|-end|p2a: Charizard|Substitute\n|\n|upkeep\n|turn|4\n|\n|t:|1701134979\n|move|p2a: Charizard|Substitute|p2a: Charizard\n|-start|p2a: Charizard|Substitute\n|-damage|p2a: Charizard|26\/100\n|move|p1a: Snorlax|Return|p2a: Charizard\n|-end|p2a: Charizard|Substitute\n|\n|upkeep\n|turn|5\n|\n|t:|1701134985\n|move|p2a: Charizard|Belly Drum||[still]\n|-fail|p2a: Charizard\n|move|p1a: Snorlax|Return|p2a: Charizard\n|-damage|p2a: Charizard|0 fnt\n|faint|p2a: Charizard\n|\n|upkeep\n|\n|t:|1701134997\n|switch|p2a: Mudkip|Mudkip, F|100\/100\n|turn|6\n|\n|t:|1701135004\n|move|p2a: Mudkip|Copycat|p2a: Mudkip\n|move|p2a: Mudkip|Return|p1a: Snorlax|[from]move: Copycat\n|-damage|p1a: Snorlax|73\/100\n|move|p1a: Snorlax|Brick Break|p2a: Mudkip\n|-supereffective|p2a: Mudkip\n|-damage|p2a: Mudkip|5\/100\n|replace|p2a: Zoroark|Zoroark, M\n|-end|p2a: Zoroark|Illusion\n|-enditem|p2a: Zoroark|Sitrus Berry|[eat]\n|-heal|p2a: Zoroark|30\/100|[from] item: Sitrus Berry\n|\n|upkeep\n|turn|7\n|\n|t:|1701135014\n|move|p2a: Zoroark|Night Slash|p1a: Snorlax\n|-crit|p1a: Snorlax\n|-damage|p1a: Snorlax|30\/100\n|move|p1a: Snorlax|Brick Break|p2a: Zoroark\n|-supereffective|p2a: Zoroark\n|-damage|p2a: Zoroark|0 fnt\n|faint|p2a: Zoroark\n|\n|upkeep\n|\n|t:|1701135021\n|switch|p2a: Zamazenta|Zamazenta|100\/100\n|-ability|p2a: Zamazenta|Dauntless Shield|boost\n|-boost|p2a: Zamazenta|def|1\n|turn|8\n|\n|t:|1701135025\n|move|p2a: Zamazenta|Body Press|p1a: Snorlax\n|-supereffective|p1a: Snorlax\n|-damage|p1a: Snorlax|0 fnt\n|faint|p1a: Snorlax\n|\n|upkeep\n|\n|t:|1701135037\n|switch|p1a: Lapras|Lapras, F|100\/100\n|turn|9\n|\n|t:|1701135040\n|-terastallize|p1a: Lapras|Fairy\n|move|p2a: Zamazenta|Body Press|p1a: Lapras\n|-resisted|p1a: Lapras\n|-crit|p1a: Lapras\n|-damage|p1a: Lapras|62\/100\n|move|p1a: Lapras|Psychic|p2a: Zamazenta\n|-supereffective|p2a: Zamazenta\n|-damage|p2a: Zamazenta|67\/100\n|\n|upkeep\n|turn|10\n|\n|t:|1701135051\n|move|p2a: Zamazenta|Stone Edge|p1a: Lapras\n|-damage|p1a: Lapras|35\/100\n|move|p1a: Lapras|Psychic|p2a: Zamazenta\n|-supereffective|p2a: Zamazenta\n|-damage|p2a: Zamazenta|35\/100\n|\n|upkeep\n|turn|11\n|\n|t:|1701135057\n|move|p2a: Zamazenta|Stone Edge|p1a: Lapras\n|-crit|p1a: Lapras\n|-damage|p1a: Lapras|0 fnt\n|faint|p1a: Lapras\n|\n|upkeep\n|\n|t:|1701135064\n|switch|p1a: Pikachu|Pikachu, F|100\/100\n|turn|12\n|\n|t:|1701135068\n|move|p2a: Zamazenta|Stone Edge|p1a: Pikachu\n|-crit|p1a: Pikachu\n|-damage|p1a: Pikachu|0 fnt\n|faint|p1a: Pikachu\n|\n|upkeep\n|\n|t:|1701135074\n|switch|p1a: Blastoise|Blastoise, M|100\/100\n|turn|13\n|\n|t:|1701135079\n|move|p2a: Zamazenta|Body Press|p1a: Blastoise\n|-damage|p1a: Blastoise|51\/100\n|move|p1a: Blastoise|Scald|p2a: Zamazenta\n|-damage|p2a: Zamazenta|15\/100\n|\n|upkeep\n|turn|14\n|\n|t:|1701135086\n|move|p2a: Zamazenta|Body Press|p1a: Blastoise\n|-damage|p1a: Blastoise|0 fnt\n|faint|p1a: Blastoise\n|\n|upkeep\n|\n|t:|1701135090\n|switch|p1a: Venusaur|Venusaur, M|100\/100\n|turn|15\n|\n|t:|1701135095\n|detailschange|p1a: Venusaur|Venusaur-Mega, M\n|-mega|p1a: Venusaur|Venusaur|Venusaurite\n|move|p2a: Zamazenta|Ice Fang|p1a: Venusaur\n|-supereffective|p1a: Venusaur\n|-damage|p1a: Venusaur|83\/100\n|-status|p1a: Venusaur|frz\n|-curestatus|p1a: Venusaur|frz|[msg]\n|move|p1a: Venusaur|Earth Power|p2a: Zamazenta\n|-damage|p2a: Zamazenta|0 fnt\n|faint|p2a: Zamazenta\n|\n|upkeep\n|\n|t:|1701135113\n|switch|p2a: Chansey|Chansey, F|100\/100\n|turn|16\n|\n|t:|1701135118\n|move|p1a: Venusaur|Knock Off|p2a: Chansey\n|-damage|p2a: Chansey|84\/100\n|-enditem|p2a: Chansey|Eviolite|[from] move: Knock Off|[of] p1a: Venusaur\n|move|p2a: Chansey|Ice Punch|p1a: Venusaur\n|-supereffective|p1a: Venusaur\n|-damage|p1a: Venusaur|75\/100\n|\n|upkeep\n|turn|17\n|\n|t:|1701135125\n|switch|p1a: Charizard|Charizard, M|100\/100\n|move|p2a: Chansey|Fire Punch|p1a: Charizard\n|-resisted|p1a: Charizard\n|-damage|p1a: Charizard|95\/100\n|\n|upkeep\n|turn|18\n|\n|t:|1701135134\n|-zpower|p1a: Charizard\n|move|p1a: Charizard|Z-Celebrate|p1a: Charizard|[anim]Celebrate\n|-boost|p1a: Charizard|atk|1|[zeffect]\n|-boost|p1a: Charizard|def|1|[zeffect]\n|-boost|p1a: Charizard|spa|1|[zeffect]\n|-boost|p1a: Charizard|spd|1|[zeffect]\n|-boost|p1a: Charizard|spe|1|[zeffect]\n|-activate|p1a: Charizard|move: Celebrate\n|move|p2a: Chansey|Ice Punch|p1a: Charizard\n|-damage|p1a: Charizard|87\/100\n|\n|upkeep\n|turn|19\n|\n|t:|1701135145\n|move|p1a: Charizard|Fire Punch|p2a: Chansey\n|-damage|p2a: Chansey|35\/100\n|move|p2a: Chansey|Ice Punch|p1a: Charizard\n|-damage|p1a: Charizard|78\/100\n|\n|upkeep\n|turn|20\n|\n|t:|1701135151\n|move|p1a: Charizard|Dragon Claw|p2a: Chansey\n|-damage|p2a: Chansey|0 fnt\n|faint|p2a: Chansey\n|\n|upkeep\n|\n|t:|1701135155\n|switch|p2a: Enamorus|Enamorus, F|100\/100\n|turn|21\n|\n|t:|1701135162\n|-terastallize|p2a: Enamorus|Fairy\n|move|p1a: Charizard|Steel Wing|p2a: Enamorus|[miss]\n|-miss|p1a: Charizard|p2a: Enamorus\n|move|p2a: Enamorus|Superpower|p1a: Charizard\n|-resisted|p1a: Charizard\n|-damage|p1a: Charizard|59\/100\n|-boost|p2a: Enamorus|atk|1\n|-boost|p2a: Enamorus|def|1\n|\n|upkeep\n|turn|22\n|\n|t:|1701135172\n|move|p1a: Charizard|Steel Wing|p2a: Enamorus\n|-supereffective|p2a: Enamorus\n|-damage|p2a: Enamorus|46\/100\n|move|p2a: Enamorus|Zen Headbutt|p1a: Charizard\n|-damage|p1a: Charizard|20\/100\n|\n|upkeep\n|turn|23\n|\n|t:|1701135178\n|move|p1a: Charizard|Steel Wing|p2a: Enamorus|[miss]\n|-miss|p1a: Charizard|p2a: Enamorus\n|move|p2a: Enamorus|Zen Headbutt|p1a: Charizard\n|-damage|p1a: Charizard|0 fnt\n|faint|p1a: Charizard\n|\n|upkeep\n|\n|t:|1701135206\n|switch|p1a: Venusaur|Venusaur-Mega, M|75\/100\n|turn|24\n|\n|t:|1701135208\n|move|p2a: Enamorus|Fly||[still]\n|-prepare|p2a: Enamorus|Fly\n|move|p1a: Venusaur|Sludge Bomb|p2a: Enamorus|[miss]\n|-miss|p1a: Venusaur|p2a: Enamorus\n|\n|upkeep\n|turn|25\n|\n|t:|1701135217\n|move|p2a: Enamorus|Fly|p1a: Venusaur|[from]lockedmove\n|-supereffective|p1a: Venusaur\n|-damage|p1a: Venusaur|0 fnt\n|faint|p1a: Venusaur\n|\n|win|Jeromeothyn\n|raw|1oao's rating: 1110 &rarr; <strong>1077<\/strong><br \/>(-33 for losing)\n|raw|Jeromeothyn's rating: 1000 &rarr; <strong>1052<\/strong><br \/>(+52 for winning)\n|l|\u26061oao\n","uploadtime":1701135225,"views":2,"p1id":"1oao","p2id":"jeromeothyn","formatid":"gen9nationaldex","rating":1052,"private":0,"password":""}