{"id":"gen9nationaldex-1998139810","p1":"bubulangte","p2":"baigu2","format":"[Gen 9] National Dex","log":"|html|<div class=\"broadcast-blue\"><strong>[Gen 9] National Dex is currently suspecting Sneasler! For information on how to participate check out the <a href=\"https:\/\/www.smogon.com\/forums\/threads\/sv-national-dex-suspect-8-just-dance.3731534\/\">suspect thread<\/a>.<\/strong><\/div>\n|j|\u2606bubulangte\n|j|\u2606baigu2\n|t:|1700898892\n|gametype|singles\n|player|p1|bubulangte|clair|1692\n|player|p2|baigu2|265|1832\n|teamsize|p1|6\n|teamsize|p2|6\n|gen|9\n|tier|[Gen 9] National Dex\n|rated|\n|rule|HP Percentage Mod: HP is shown in percentages\n|rule|Endless Battle Clause: Forcing endless battles is banned\n|rule|OHKO Clause: OHKO moves are banned\n|rule|Evasion Clause: Evasion abilities, items, and moves are banned\n|rule|Evasion Abilities Clause: Evasion abilities are banned\n|rule|Evasion Items Clause: Evasion items are banned\n|rule|Evasion Moves Clause: Evasion moves are banned\n|rule|Species Clause: Limit one of each Pok\u00e9mon\n|rule|Sleep Clause Mod: Limit one foe put to sleep\n|clearpoke\n|poke|p1|Ogerpon-Wellspring, F|\n|poke|p1|Scizor, M|\n|poke|p1|Tapu Lele|\n|poke|p1|Landorus-Therian, M|\n|poke|p1|Heatran, M|\n|poke|p1|Urshifu-*, M|\n|poke|p2|Ursaluna, F|\n|poke|p2|Slowking, F|\n|poke|p2|Corviknight, F|\n|poke|p2|Hoopa-Unbound|\n|poke|p2|Dragonite, F|\n|poke|p2|Tapu Koko|\n|teampreview\n|\n|t:|1700898904\n|start\n|switch|p1a: Heatran|Heatran, M|100\/100\n|switch|p2a: Tapu Koko|Tapu Koko|100\/100\n|-fieldstart|move: Electric Terrain|[from] ability: Electric Surge|[of] p2a: Tapu Koko\n|turn|1\n|\n|t:|1700898911\n|move|p2a: Tapu Koko|U-turn|p1a: Heatran\n|-resisted|p1a: Heatran\n|-damage|p1a: Heatran|97\/100\n|\n|t:|1700898915\n|switch|p2a: Slowking|Slowking, F|100\/100|[from] U-turn\n|move|p1a: Heatran|Magma Storm|p2a: Slowking|[miss]\n|-miss|p1a: Heatran|p2a: Slowking\n|\n|-heal|p1a: Heatran|100\/100|[from] item: Leftovers\n|upkeep\n|turn|2\n|\n|t:|1700898920\n|move|p1a: Heatran|Taunt|p2a: Slowking\n|-start|p2a: Slowking|move: Taunt\n|cant|p2a: Slowking|move: Taunt|Trick Room\n|\n|upkeep\n|turn|3\n|\n|t:|1700898926\n|switch|p1a: Ogerpon|Ogerpon-Wellspring, F|100\/100\n|switch|p2a: Hoopa|Hoopa-Unbound|100\/100\n|\n|upkeep\n|turn|4\n|\n|t:|1700898933\n|switch|p1a: Scizor|Scizor, M|100\/100\n|switch|p2a: Dragonite|Dragonite, F|100\/100\n|\n|upkeep\n|turn|5\n|\n|t:|1700898938\n|detailschange|p1a: Scizor|Scizor-Mega, M\n|-mega|p1a: Scizor|Scizor|Scizorite\n|move|p2a: Dragonite|Fire Punch|p1a: Scizor\n|-supereffective|p1a: Scizor\n|-damage|p1a: Scizor|0 fnt\n|faint|p1a: Scizor\n|\n|-fieldend|move: Electric Terrain\n|upkeep\n|\n|t:|1700898946\n|switch|p1a: Tapu Lele|Tapu Lele|100\/100\n|-fieldstart|move: Psychic Terrain|[from] ability: Psychic Surge|[of] p1a: Tapu Lele\n|turn|6\n|\n|t:|1700898953\n|switch|p2a: Slowking|Slowking, F|100\/100\n|move|p1a: Tapu Lele|Psychic|p2a: Slowking\n|-resisted|p2a: Slowking\n|-crit|p2a: Slowking\n|-damage|p2a: Slowking|72\/100\n|\n|upkeep\n|turn|7\n|\n|t:|1700898965\n|move|p1a: Tapu Lele|Moonblast|p2a: Slowking\n|-damage|p2a: Slowking|42\/100\n|-unboost|p2a: Slowking|spa|1\n|move|p2a: Slowking|Trick Room|p2a: Slowking\n|-fieldstart|move: Trick Room|[of] p2a: Slowking\n|\n|upkeep\n|turn|8\n|\n|t:|1700898973\n|move|p1a: Tapu Lele|Moonblast|p2a: Slowking\n|-damage|p2a: Slowking|11\/100\n|-unboost|p2a: Slowking|spa|1\n|move|p2a: Slowking|Teleport|p2a: Slowking\n|\n|t:|1700898977\n|switch|p2a: Ursaluna|Ursaluna, F|100\/100|[from] Teleport\n|\n|-status|p2a: Ursaluna|brn|[from] item: Flame Orb\n|upkeep\n|turn|9\n|\n|t:|1700898982\n|switch|p1a: Landorus|Landorus-Therian, M|100\/100\n|-ability|p1a: Landorus|Intimidate|boost\n|-unboost|p2a: Ursaluna|atk|1\n|-terastallize|p2a: Ursaluna|Normal\n|move|p2a: Ursaluna|Facade|p1a: Landorus\n|-damage|p1a: Landorus|22\/100\n|-damage|p2a: Ursaluna|84\/100 brn|[from] item: Rocky Helmet|[of] p1a: Landorus\n|\n|-damage|p2a: Ursaluna|78\/100 brn|[from] brn\n|upkeep\n|turn|10\n|\n|t:|1700898987\n|move|p2a: Ursaluna|Facade|p1a: Landorus\n|-damage|p1a: Landorus|0 fnt\n|-damage|p2a: Ursaluna|61\/100 brn|[from] item: Rocky Helmet|[of] p1a: Landorus\n|faint|p1a: Landorus\n|\n|-damage|p2a: Ursaluna|55\/100 brn|[from] brn\n|-fieldend|move: Psychic Terrain\n|upkeep\n|\n|t:|1700898994\n|switch|p1a: Heatran|Heatran, M|100\/100\n|turn|11\n|\n|t:|1700898997\n|move|p1a: Heatran|Protect|p1a: Heatran\n|-singleturn|p1a: Heatran|Protect\n|move|p2a: Ursaluna|Headlong Rush|p1a: Heatran\n|-activate|p1a: Heatran|move: Protect\n|\n|-damage|p2a: Ursaluna|49\/100 brn|[from] brn\n|-fieldend|move: Trick Room\n|upkeep\n|turn|12\n|\n|t:|1700899003\n|switch|p2a: Hoopa|Hoopa-Unbound|100\/100\n|move|p1a: Heatran|Magma Storm|p2a: Hoopa\n|-crit|p2a: Hoopa\n|-damage|p2a: Hoopa|44\/100\n|-activate|p2a: Hoopa|move: Magma Storm|[of] p1a: Heatran\n|\n|-damage|p2a: Hoopa|32\/100|[from] move: Magma Storm|[partiallytrapped]\n|upkeep\n|turn|13\n|\n|t:|1700899009\n|move|p1a: Heatran|Protect|p1a: Heatran\n|-singleturn|p1a: Heatran|Protect\n|-zpower|p2a: Hoopa\n|move|p2a: Hoopa|All-Out Pummeling|p1a: Heatran|[zeffect]\n|-supereffective|p1a: Heatran\n|-zbroken|p1a: Heatran\n|-damage|p1a: Heatran|77\/100\n|\n|-heal|p1a: Heatran|83\/100|[from] item: Leftovers\n|-damage|p2a: Hoopa|19\/100|[from] move: Magma Storm|[partiallytrapped]\n|upkeep\n|turn|14\n|inactive|Battle timer is ON: inactive players will automatically lose when time's up. (requested by baigu2)\n|\n|t:|1700899022\n|move|p2a: Hoopa|Focus Blast|p1a: Heatran|[miss]\n|-miss|p2a: Hoopa|p1a: Heatran\n|move|p1a: Heatran|Earth Power|p2a: Hoopa\n|-damage|p2a: Hoopa|0 fnt\n|faint|p2a: Hoopa\n|\n|-heal|p1a: Heatran|89\/100|[from] item: Leftovers\n|upkeep\n|\n|t:|1700899028\n|switch|p2a: Slowking|Slowking, F|44\/100\n|turn|15\n|\n|t:|1700899032\n|switch|p2a: Tapu Koko|Tapu Koko|100\/100\n|-fieldstart|move: Electric Terrain|[from] ability: Electric Surge|[of] p2a: Tapu Koko\n|move|p1a: Heatran|Taunt|p2a: Tapu Koko\n|-start|p2a: Tapu Koko|move: Taunt\n|\n|-heal|p1a: Heatran|96\/100|[from] item: Leftovers\n|upkeep\n|turn|16\n|\n|t:|1700899038\n|move|p2a: Tapu Koko|Thunderbolt|p1a: Heatran\n|-damage|p1a: Heatran|49\/100\n|move|p1a: Heatran|Magma Storm|p2a: Tapu Koko|[miss]\n|-miss|p1a: Heatran|p2a: Tapu Koko\n|\n|-heal|p1a: Heatran|55\/100|[from] item: Leftovers\n|upkeep\n|turn|17\n|\n|t:|1700899043\n|move|p2a: Tapu Koko|Thunderbolt|p1a: Heatran\n|-damage|p1a: Heatran|9\/100\n|move|p1a: Heatran|Earth Power|p2a: Tapu Koko\n|-supereffective|p2a: Tapu Koko\n|-damage|p2a: Tapu Koko|25\/100\n|\n|-heal|p1a: Heatran|16\/100|[from] item: Leftovers\n|-end|p2a: Tapu Koko|move: Taunt\n|upkeep\n|turn|18\n|\n|t:|1700899047\n|move|p1a: Heatran|Protect|p1a: Heatran\n|-singleturn|p1a: Heatran|Protect\n|move|p2a: Tapu Koko|Thunderbolt|p1a: Heatran\n|-activate|p1a: Heatran|move: Protect\n|\n|-heal|p1a: Heatran|22\/100|[from] item: Leftovers\n|upkeep\n|turn|19\n|\n|t:|1700899053\n|move|p2a: Tapu Koko|Thunderbolt|p1a: Heatran\n|-damage|p1a: Heatran|0 fnt\n|faint|p1a: Heatran\n|\n|-fieldend|move: Electric Terrain\n|upkeep\n|\n|t:|1700899062\n|switch|p1a: Tapu Lele|Tapu Lele|100\/100\n|-fieldstart|move: Psychic Terrain|[from] ability: Psychic Surge|[of] p1a: Tapu Lele\n|turn|20\n|\n|t:|1700899068\n|switch|p2a: Slowking|Slowking, F|78\/100\n|move|p1a: Tapu Lele|Psychic|p2a: Slowking\n|-resisted|p2a: Slowking\n|-damage|p2a: Slowking|58\/100\n|\n|upkeep\n|turn|21\n|\n|t:|1700899080\n|move|p1a: Tapu Lele|Psychic|p2a: Slowking\n|-resisted|p2a: Slowking\n|-damage|p2a: Slowking|41\/100\n|move|p2a: Slowking|Trick Room|p2a: Slowking\n|-fieldstart|move: Trick Room|[of] p2a: Slowking\n|\n|upkeep\n|turn|22\n|\n|t:|1700899091\n|move|p1a: Tapu Lele|Moonblast|p2a: Slowking\n|-damage|p2a: Slowking|10\/100\n|move|p2a: Slowking|Teleport|p2a: Slowking\n|\n|t:|1700899094\n|switch|p2a: Ursaluna|Ursaluna, F, tera:Normal|49\/100 brn|[from] Teleport\n|\n|-damage|p2a: Ursaluna|42\/100 brn|[from] brn\n|upkeep\n|turn|23\n|\n|t:|1700899099\n|move|p2a: Ursaluna|Facade|p1a: Tapu Lele\n|-crit|p1a: Tapu Lele\n|-damage|p1a: Tapu Lele|0 fnt\n|faint|p1a: Tapu Lele\n|\n|-damage|p2a: Ursaluna|36\/100 brn|[from] brn\n|upkeep\n|\n|t:|1700899106\n|switch|p1a: Urshifu|Urshifu-Rapid-Strike, M|100\/100\n|turn|24\n|\n|t:|1700899114\n|move|p2a: Ursaluna|Facade|p1a: Urshifu\n|-damage|p1a: Urshifu|0 fnt\n|faint|p1a: Urshifu\n|\n|-damage|p2a: Ursaluna|30\/100 brn|[from] brn\n|-fieldend|move: Psychic Terrain\n|upkeep\n|-message|bubulangte forfeited.\n|\n|win|baigu2\n|raw|bubulangte's rating: 1692 &rarr; <strong>1680<\/strong><br \/>(-12 for losing)\n|raw|baigu2's rating: 1832 &rarr; <strong>1844<\/strong><br \/>(+12 for winning)\n|l|\u2606bubulangte\n","uploadtime":1700899120,"views":1,"p1id":"bubulangte","p2id":"baigu2","formatid":"gen9nationaldex","rating":1680,"private":0,"password":""}