{"id":"gen9nationaldex-1997783877","p1":"DutchyGold","p2":"Inky_vortex","format":"[Gen 9] National Dex","log":"|html|<div class=\"broadcast-blue\"><strong>[Gen 9] National Dex is currently suspecting Sneasler! For information on how to participate check out the <a href=\"https:\/\/www.smogon.com\/forums\/threads\/sv-national-dex-suspect-8-just-dance.3731534\/\">suspect thread<\/a>.<\/strong><\/div>\n|j|\u2606DutchyGold\n|j|\u2606Inky_vortex\n|t:|1700852268\n|gametype|singles\n|player|p1|DutchyGold|guzma|\n|player|p2|Inky_vortex|red|\n|teamsize|p1|6\n|teamsize|p2|6\n|gen|9\n|tier|[Gen 9] National Dex\n|rule|HP Percentage Mod: HP is shown in percentages\n|rule|Endless Battle Clause: Forcing endless battles is banned\n|rule|OHKO Clause: OHKO moves are banned\n|rule|Evasion Clause: Evasion abilities, items, and moves are banned\n|rule|Evasion Abilities Clause: Evasion abilities are banned\n|rule|Evasion Items Clause: Evasion items are banned\n|rule|Evasion Moves Clause: Evasion moves are banned\n|rule|Species Clause: Limit one of each Pok\u00e9mon\n|rule|Sleep Clause Mod: Limit one foe put to sleep\n|clearpoke\n|poke|p1|Hippowdon, M|\n|poke|p1|Excadrill, F|\n|poke|p1|Skarmory, F|\n|poke|p1|Slowking-Galar, F|\n|poke|p1|Clefable, M|\n|poke|p1|Lycanroc-Dusk, M|\n|poke|p2|Chansey, F|\n|poke|p2|Porygon-Z|\n|poke|p2|Zoroark-Hisui, M|\n|poke|p2|Ambipom, F|\n|poke|p2|Slaking, F|\n|poke|p2|Maushold-Four|\n|teampreview\n|j| real kyao\n|\n|t:|1700852298\n|start\n|switch|p1a: Hippowdon|Hippowdon, M|100\/100\n|switch|p2a: Ambipom|Ambipom, F|100\/100\n|-weather|Sandstorm|[from] ability: Sand Stream|[of] p1a: Hippowdon\n|turn|1\n|\n|t:|1700852309\n|move|p2a: Ambipom|Fake Out|p1a: Hippowdon\n|-damage|p1a: Hippowdon|77\/100\n|-damage|p2a: Ambipom|91\/100|[from] item: Life Orb\n|cant|p1a: Hippowdon|flinch\n|\n|-weather|Sandstorm|[upkeep]\n|-damage|p2a: Ambipom|84\/100|[from] Sandstorm\n|upkeep\n|turn|2\n|\n|t:|1700852321\n|switch|p1a: Skarmory|Skarmory, F|100\/100\n|move|p2a: Ambipom|Ice Punch|p1a: Skarmory\n|-damage|p1a: Skarmory|84\/100\n|-damage|p2a: Ambipom|68\/100|[from] item: Rocky Helmet|[of] p1a: Skarmory\n|-damage|p2a: Ambipom|58\/100|[from] item: Life Orb\n|\n|-weather|Sandstorm|[upkeep]\n|-damage|p2a: Ambipom|52\/100|[from] Sandstorm\n|upkeep\n|turn|3\n|\n|t:|1700852339\n|switch|p2a: Chansey|Chansey, F|100\/100\n|move|p1a: Skarmory|Spikes|p2a: Chansey\n|-sidestart|p2: Inky_vortex|Spikes\n|\n|-weather|Sandstorm|[upkeep]\n|-damage|p2a: Chansey|94\/100|[from] Sandstorm\n|upkeep\n|turn|4\n|\n|t:|1700852353\n|switch|p1a: Slowking|Slowking-Galar, F|100\/100\n|move|p2a: Chansey|Stealth Rock|p1a: Slowking\n|-sidestart|p1: DutchyGold|move: Stealth Rock\n|\n|-weather|Sandstorm|[upkeep]\n|-damage|p2a: Chansey|88\/100|[from] Sandstorm\n|-damage|p1a: Slowking|94\/100|[from] Sandstorm\n|upkeep\n|turn|5\n|\n|t:|1700852360\n|move|p2a: Chansey|Thunder Wave|p1a: Slowking|[miss]\n|-miss|p2a: Chansey|p1a: Slowking\n|move|p1a: Slowking|Future Sight|p2a: Chansey\n|-start|p1a: Slowking|move: Future Sight\n|\n|-weather|Sandstorm|[upkeep]\n|-damage|p2a: Chansey|82\/100|[from] Sandstorm\n|-damage|p1a: Slowking|88\/100|[from] Sandstorm\n|upkeep\n|turn|6\n|\n|t:|1700852382\n|switch|p2a: Slaking|Slaking, F|100\/100\n|-damage|p2a: Slaking|88\/100|[from] Spikes\n|switch|p1a: Lycanroc|Lycanroc-Dusk, M|100\/100\n|-damage|p1a: Lycanroc|88\/100|[from] Stealth Rock\n|\n|-weather|Sandstorm|[upkeep]\n|-damage|p2a: Slaking|82\/100|[from] Sandstorm\n|upkeep\n|turn|7\n|j| ChampionKal\n|\n|t:|1700852400\n|move|p2a: Slaking|Drain Punch|p1a: Lycanroc\n|-supereffective|p1a: Lycanroc\n|-damage|p1a: Lycanroc|0 fnt\n|-heal|p2a: Slaking|100\/100|[from] drain|[of] p1a: Lycanroc\n|faint|p1a: Lycanroc\n|\n|-weather|Sandstorm|[upkeep]\n|-damage|p2a: Slaking|94\/100|[from] Sandstorm\n|-end|p2a: Slaking|move: Future Sight\n|-damage|p2a: Slaking|40\/100\n|upkeep\n|\n|t:|1700852418\n|switch|p1a: Excadrill|Excadrill, F|100\/100\n|-damage|p1a: Excadrill|97\/100|[from] Stealth Rock\n|turn|8\n|\n|t:|1700852432\n|switch|p2a: Ambipom|Ambipom, F|52\/100\n|-damage|p2a: Ambipom|39\/100|[from] Spikes\n|move|p1a: Excadrill|Earthquake|p2a: Ambipom\n|-damage|p2a: Ambipom|0 fnt\n|faint|p2a: Ambipom\n|\n|-weather|none\n|-heal|p1a: Excadrill|100\/100|[from] item: Leftovers\n|upkeep\n|\n|t:|1700852450\n|switch|p2a: Porygon-Z|Porygon-Z|100\/100\n|turn|9\n|\n|t:|1700852474\n|switch|p1a: Slowking|Slowking-Galar, F|100\/100\n|-damage|p1a: Slowking|88\/100|[from] Stealth Rock\n|move|p2a: Porygon-Z|Nasty Plot|p2a: Porygon-Z\n|-boost|p2a: Porygon-Z|spa|2\n|\n|upkeep\n|turn|10\n|\n|t:|1700852482\n|move|p2a: Porygon-Z|Shadow Ball|p1a: Slowking\n|-supereffective|p1a: Slowking\n|-damage|p1a: Slowking|21\/100\n|move|p1a: Slowking|Sludge Bomb|p2a: Porygon-Z\n|-resisted|p2a: Porygon-Z\n|-damage|p2a: Porygon-Z|63\/100\n|replace|p2a: Zoroark|Zoroark-Hisui, M\n|-end|p2a: Zoroark|Illusion\n|\n|upkeep\n|turn|11\n|\n|t:|1700852496\n|move|p2a: Zoroark|Shadow Ball|p1a: Slowking\n|-supereffective|p1a: Slowking\n|-damage|p1a: Slowking|0 fnt\n|faint|p1a: Slowking\n|\n|upkeep\n|\n|t:|1700852502\n|switch|p1a: Hippowdon|Hippowdon, M|77\/100\n|-damage|p1a: Hippowdon|71\/100|[from] Stealth Rock\n|-weather|Sandstorm|[from] ability: Sand Stream|[of] p1a: Hippowdon\n|turn|12\n|\n|t:|1700852516\n|move|p2a: Zoroark|Hyper Voice|p1a: Hippowdon\n|-damage|p1a: Hippowdon|9\/100\n|move|p1a: Hippowdon|Stealth Rock|p2a: Zoroark\n|-sidestart|p2: Inky_vortex|move: Stealth Rock\n|\n|-weather|Sandstorm|[upkeep]\n|-damage|p2a: Zoroark|57\/100|[from] Sandstorm\n|upkeep\n|turn|13\n|\n|t:|1700852524\n|move|p2a: Zoroark|Flamethrower|p1a: Hippowdon\n|-damage|p1a: Hippowdon|0 fnt\n|faint|p1a: Hippowdon\n|\n|-weather|Sandstorm|[upkeep]\n|-damage|p2a: Zoroark|51\/100|[from] Sandstorm\n|upkeep\n|\n|t:|1700852526\n|switch|p1a: Excadrill|Excadrill, F|100\/100\n|-damage|p1a: Excadrill|97\/100|[from] Stealth Rock\n|turn|14\n|\n|t:|1700852532\n|move|p1a: Excadrill|Earthquake|p2a: Zoroark\n|-damage|p2a: Zoroark|0 fnt\n|faint|p2a: Zoroark\n|\n|-weather|Sandstorm|[upkeep]\n|-heal|p1a: Excadrill|100\/100|[from] item: Leftovers\n|upkeep\n|\n|t:|1700852534\n|switch|p2a: Slaking|Slaking, F|40\/100\n|-damage|p2a: Slaking|28\/100|[from] Spikes\n|-damage|p2a: Slaking|15\/100|[from] Stealth Rock\n|turn|15\n|\n|t:|1700852540\n|move|p1a: Excadrill|Earthquake|p2a: Slaking\n|-damage|p2a: Slaking|0 fnt\n|faint|p2a: Slaking\n|\n|-weather|Sandstorm|[upkeep]\n|upkeep\n|\n|t:|1700852569\n|switch|p2a: Maushold|Maushold-Four|100\/100\n|-damage|p2a: Maushold|88\/100|[from] Spikes\n|-damage|p2a: Maushold|76\/100|[from] Stealth Rock\n|turn|16\n|\n|t:|1700852575\n|move|p1a: Excadrill|Earthquake|p2a: Maushold\n|-damage|p2a: Maushold|0 fnt\n|faint|p2a: Maushold\n|\n|-weather|Sandstorm|[upkeep]\n|upkeep\n|\n|t:|1700852579\n|switch|p2a: Porygon-Z|Porygon-Z|100\/100\n|-damage|p2a: Porygon-Z|88\/100|[from] Spikes\n|-damage|p2a: Porygon-Z|76\/100|[from] Stealth Rock\n|turn|17\n|\n|t:|1700852586\n|move|p1a: Excadrill|Earthquake|p2a: Porygon-Z\n|-damage|p2a: Porygon-Z|0 fnt\n|faint|p2a: Porygon-Z\n|\n|-weather|Sandstorm|[upkeep]\n|upkeep\n|\n|t:|1700852589\n|switch|p2a: Chansey|Chansey, F|82\/100\n|-damage|p2a: Chansey|70\/100|[from] Spikes\n|-damage|p2a: Chansey|57\/100|[from] Stealth Rock\n|turn|18\n|\n|t:|1700852593\n|move|p1a: Excadrill|Swords Dance|p1a: Excadrill\n|-boost|p1a: Excadrill|atk|2\n|move|p2a: Chansey|Seismic Toss|p1a: Excadrill\n|-damage|p1a: Excadrill|73\/100\n|\n|-weather|Sandstorm|[upkeep]\n|-damage|p2a: Chansey|51\/100|[from] Sandstorm\n|-heal|p1a: Excadrill|79\/100|[from] item: Leftovers\n|upkeep\n|turn|19\n|\n|t:|1700852596\n|move|p1a: Excadrill|Earthquake|p2a: Chansey\n|-damage|p2a: Chansey|0 fnt\n|faint|p2a: Chansey\n|\n|win|DutchyGold\n","uploadtime":1700852599,"views":3,"p1id":"dutchygold","p2id":"inkyvortex","formatid":"gen9nationaldex","rating":0,"private":0,"password":""}