{"id":"gen9nationaldex-1993316134","p1":"jiaomeimei","p2":"yiyiov","format":"[Gen 9] National Dex","log":"|j|\u2606jiaomeimei\n|j|\u2606yiyiov\n|t:|1700296744\n|gametype|singles\n|player|p1|jiaomeimei|wattson|1194\n|player|p2|yiyiov|2|1113\n|teamsize|p1|6\n|teamsize|p2|6\n|gen|9\n|tier|[Gen 9] National Dex\n|rated|\n|rule|HP Percentage Mod: HP is shown in percentages\n|rule|Endless Battle Clause: Forcing endless battles is banned\n|rule|OHKO Clause: OHKO moves are banned\n|rule|Evasion Clause: Evasion abilities, items, and moves are banned\n|rule|Evasion Abilities Clause: Evasion abilities are banned\n|rule|Evasion Items Clause: Evasion items are banned\n|rule|Evasion Moves Clause: Evasion moves are banned\n|rule|Species Clause: Limit one of each Pok\u00e9mon\n|rule|Sleep Clause Mod: Limit one foe put to sleep\n|clearpoke\n|poke|p1|Armarouge, F|\n|poke|p1|Mamoswine, F|\n|poke|p1|Rillaboom, F|\n|poke|p1|Bellibolt, M|\n|poke|p1|Hawlucha, M|\n|poke|p1|Gengar, F|\n|poke|p2|Bisharp, F|\n|poke|p2|Dragonite, F|\n|poke|p2|Slowking-Galar, M|\n|poke|p2|Diancie|\n|poke|p2|Blaziken, F|\n|poke|p2|Zapdos|\n|teampreview\n|inactive|Battle timer is ON: inactive players will automatically lose when time's up. (requested by jiaomeimei)\n|\n|t:|1700296766\n|start\n|switch|p1a: Rillaboom|Rillaboom, F|100\/100\n|switch|p2a: Slowking|Slowking-Galar, M|100\/100\n|-fieldstart|move: Grassy Terrain|[from] ability: Grassy Surge|[of] p1a: Rillaboom\n|turn|1\n|\n|t:|1700296779\n|move|p1a: Rillaboom|High Horsepower|p2a: Slowking\n|-supereffective|p2a: Slowking\n|-damage|p2a: Slowking|30\/100\n|move|p2a: Slowking|Toxic Spikes|p1a: Rillaboom\n|-sidestart|p1: jiaomeimei|move: Toxic Spikes\n|\n|-heal|p2a: Slowking|37\/100|[from] Grassy Terrain\n|upkeep\n|turn|2\n|\n|t:|1700296792\n|switch|p2a: Zapdos|Zapdos|100\/100\n|move|p1a: Rillaboom|High Horsepower|p2a: Zapdos\n|-immune|p2a: Zapdos\n|\n|upkeep\n|turn|3\n|\n|t:|1700296811\n|move|p1a: Rillaboom|Wood Hammer|p2a: Zapdos\n|-resisted|p2a: Zapdos\n|-damage|p2a: Zapdos|71\/100\n|-status|p1a: Rillaboom|par|[from] ability: Static|[of] p2a: Zapdos\n|-damage|p1a: Rillaboom|91\/100 par|[from] Recoil\n|move|p2a: Zapdos|Hurricane|p1a: Rillaboom|[miss]\n|-miss|p2a: Zapdos|p1a: Rillaboom\n|\n|-heal|p1a: Rillaboom|98\/100 par|[from] Grassy Terrain\n|upkeep\n|turn|4\n|\n|t:|1700296826\n|move|p2a: Zapdos|Volt Switch|p1a: Rillaboom\n|-resisted|p1a: Rillaboom\n|-crit|p1a: Rillaboom\n|-damage|p1a: Rillaboom|73\/100 par\n|\n|t:|1700296830\n|switch|p2a: Blaziken|Blaziken, F|100\/100|[from] Volt Switch\n|move|p1a: Rillaboom|Wood Hammer|p2a: Blaziken\n|-resisted|p2a: Blaziken\n|-damage|p2a: Blaziken|36\/100\n|-damage|p1a: Rillaboom|57\/100 par|[from] Recoil\n|\n|-heal|p2a: Blaziken|42\/100|[from] Grassy Terrain\n|-heal|p1a: Rillaboom|63\/100 par|[from] Grassy Terrain\n|upkeep\n|turn|5\n|\n|t:|1700296847\n|move|p2a: Blaziken|Protect|p2a: Blaziken\n|-singleturn|p2a: Blaziken|Protect\n|move|p1a: Rillaboom|Wood Hammer|p2a: Blaziken\n|-activate|p2a: Blaziken|move: Protect\n|\n|-heal|p2a: Blaziken|48\/100|[from] Grassy Terrain\n|-heal|p1a: Rillaboom|69\/100 par|[from] Grassy Terrain\n|-fieldend|move: Grassy Terrain\n|-ability|p2a: Blaziken|Speed Boost|boost\n|-boost|p2a: Blaziken|spe|1\n|upkeep\n|turn|6\n|\n|t:|1700296862\n|move|p2a: Blaziken|Flare Blitz|p1a: Rillaboom\n|-supereffective|p1a: Rillaboom\n|-damage|p1a: Rillaboom|0 fnt\n|faint|p1a: Rillaboom\n|-damage|p2a: Blaziken|18\/100|[from] Recoil\n|\n|-ability|p2a: Blaziken|Speed Boost|boost\n|-boost|p2a: Blaziken|spe|1\n|upkeep\n|\n|t:|1700296874\n|switch|p1a: Hawlucha|Hawlucha, M|100\/100\n|turn|7\n|\n|t:|1700296900\n|switch|p2a: Slowking|Slowking-Galar, M|70\/100\n|move|p1a: Hawlucha|Acrobatics|p2a: Slowking\n|-damage|p2a: Slowking|47\/100\n|\n|upkeep\n|turn|8\n|\n|t:|1700296913\n|move|p1a: Hawlucha|Endure|p1a: Hawlucha\n|-singleturn|p1a: Hawlucha|move: Endure\n|move|p2a: Slowking|Sludge Bomb|p1a: Hawlucha\n|-damage|p1a: Hawlucha|46\/100\n|\n|upkeep\n|turn|9\n|\n|t:|1700296922\n|move|p1a: Hawlucha|Defog|p2a: Slowking\n|-unboost|p2a: Slowking|evasion|1\n|-sideend|p1: jiaomeimei|Toxic Spikes|[from] move: Defog|[of] p1a: Hawlucha\n|move|p2a: Slowking|Chilly Reception|p2a: Slowking\n|-weather|Snow\n|\n|t:|1700296931\n|switch|p2a: Zapdos|Zapdos|71\/100|[from] Chilly Reception\n|\n|-weather|Snow|[upkeep]\n|upkeep\n|turn|10\n|\n|t:|1700296941\n|move|p1a: Hawlucha|Endure|p1a: Hawlucha\n|-singleturn|p1a: Hawlucha|move: Endure\n|move|p2a: Zapdos|Volt Switch|p1a: Hawlucha\n|-supereffective|p1a: Hawlucha\n|-activate|p1a: Hawlucha|move: Endure\n|-damage|p1a: Hawlucha|1\/100\n|-enditem|p1a: Hawlucha|Weakness Policy\n|-boost|p1a: Hawlucha|atk|2|[from] item: Weakness Policy\n|-boost|p1a: Hawlucha|spa|2|[from] item: Weakness Policy\n|\n|t:|1700296949\n|switch|p2a: Dragonite|Dragonite, F|100\/100|[from] Volt Switch\n|\n|-weather|Snow|[upkeep]\n|upkeep\n|turn|11\n|\n|t:|1700296960\n|switch|p1a: Gengar|Gengar, F|100\/100\n|move|p2a: Dragonite|Extreme Speed|p1a: Gengar\n|-immune|p1a: Gengar\n|\n|-weather|Snow|[upkeep]\n|upkeep\n|turn|12\n|\n|t:|1700296982\n|switch|p2a: Bisharp|Bisharp, F|100\/100\n|move|p1a: Gengar|Will-O-Wisp|p2a: Bisharp|[miss]\n|-miss|p1a: Gengar|p2a: Bisharp\n|-enditem|p1a: Gengar|Blunder Policy\n|-boost|p1a: Gengar|spe|2\n|\n|-weather|Snow|[upkeep]\n|upkeep\n|turn|13\n|\n|t:|1700296996\n|move|p1a: Gengar|Will-O-Wisp|p2a: Bisharp\n|-status|p2a: Bisharp|brn\n|move|p2a: Bisharp|Pursuit|p1a: Gengar\n|-supereffective|p1a: Gengar\n|-damage|p1a: Gengar|66\/100\n|\n|-weather|none\n|-damage|p2a: Bisharp|95\/100 brn|[from] brn\n|upkeep\n|turn|14\n|\n|t:|1700297013\n|move|p1a: Gengar|Destiny Bond|p1a: Gengar\n|-singlemove|p1a: Gengar|Destiny Bond\n|move|p2a: Bisharp|Pursuit|p1a: Gengar\n|-supereffective|p1a: Gengar\n|-damage|p1a: Gengar|32\/100\n|-start|p2a: Bisharp|Disable|Pursuit|[from] ability: Cursed Body|[of] p1a: Gengar\n|\n|-damage|p2a: Bisharp|89\/100 brn|[from] brn\n|upkeep\n|turn|15\n|\n|t:|1700297027\n|move|p1a: Gengar|Will-O-Wisp|p2a: Bisharp\n|-fail|p2a: Bisharp|brn\n|move|p2a: Bisharp|Iron Head|p1a: Gengar\n|-damage|p1a: Gengar|0 fnt\n|faint|p1a: Gengar\n|\n|-damage|p2a: Bisharp|83\/100 brn|[from] brn\n|upkeep\n|inactive|jiaomeimei has 120 seconds left.\n|\n|t:|1700297061\n|switch|p1a: Mamoswine|Mamoswine, F|100\/100\n|turn|16\n|inactive|yiyiov has 120 seconds left.\n|inactive|yiyiov has 90 seconds left.\n|\n|t:|1700297111\n|switch|p2a: Slowking|Slowking-Galar, M|81\/100\n|move|p1a: Mamoswine|Trailblaze|p2a: Slowking\n|-resisted|p2a: Slowking\n|-damage|p2a: Slowking|72\/100\n|-boost|p1a: Mamoswine|spe|1\n|\n|upkeep\n|turn|17\n|inactive|yiyiov has 90 seconds left.\n|\n|t:|1700297127\n|move|p1a: Mamoswine|Earthquake|p2a: Slowking\n|-supereffective|p2a: Slowking\n|-damage|p2a: Slowking|0 fnt\n|faint|p2a: Slowking\n|\n|upkeep\n|\n|t:|1700297147\n|switch|p2a: Blaziken|Blaziken, F|18\/100\n|turn|18\n|\n|t:|1700297156\n|move|p2a: Blaziken|Protect|p2a: Blaziken\n|-singleturn|p2a: Blaziken|Protect\n|move|p1a: Mamoswine|Earthquake|p2a: Blaziken\n|-activate|p2a: Blaziken|move: Protect\n|\n|-ability|p2a: Blaziken|Speed Boost|boost\n|-boost|p2a: Blaziken|spe|1\n|upkeep\n|turn|19\n|\n|t:|1700297182\n|-terastallize|p1a: Mamoswine|Ice\n|-terastallize|p2a: Blaziken|Fire\n|move|p1a: Mamoswine|Ice Shard|p2a: Blaziken\n|-resisted|p2a: Blaziken\n|-damage|p2a: Blaziken|0 fnt\n|faint|p2a: Blaziken\n|\n|upkeep\n|inactive|yiyiov has 60 seconds left.\n|\n|t:|1700297195\n|switch|p2a: Diancie|Diancie|100\/100\n|turn|20\n|\n|t:|1700297201\n|detailschange|p2a: Diancie|Diancie-Mega\n|-mega|p2a: Diancie|Diancie|Diancite\n|move|p1a: Mamoswine|Earthquake|p2a: Diancie\n|-supereffective|p2a: Diancie\n|-damage|p2a: Diancie|0 fnt\n|faint|p2a: Diancie\n|\n|upkeep\n|\n|t:|1700297210\n|switch|p2a: Bisharp|Bisharp, F|83\/100 brn\n|turn|21\n|\n|t:|1700297214\n|move|p1a: Mamoswine|Earthquake|p2a: Bisharp\n|-supereffective|p2a: Bisharp\n|-damage|p2a: Bisharp|11\/100 brn\n|move|p2a: Bisharp|Pursuit|p1a: Mamoswine\n|-damage|p1a: Mamoswine|89\/100\n|\n|-damage|p2a: Bisharp|5\/100 brn|[from] brn\n|upkeep\n|turn|22\n|-message|yiyiov forfeited.\n|\n|win|jiaomeimei\n|raw|jiaomeimei's rating: 1194 &rarr; <strong>1213<\/strong><br \/>(+19 for winning)\n|raw|yiyiov's rating: 1113 &rarr; <strong>1094<\/strong><br \/>(-19 for losing)\n|l|\u2606yiyiov\n","uploadtime":1700297229,"views":11,"p1id":"jiaomeimei","p2id":"yiyiov","formatid":"gen9nationaldex","rating":1094,"private":0,"password":""}