{"id":"gen9nationaldex-1990211683","p1":"Yoshaya95","p2":"Kuzwa","format":"[Gen 9] National Dex","log":"|j|\u2606Yoshaya95\n|j|\u2606Kuzwa\n|t:|1699938082\n|gametype|singles\n|player|p1|Yoshaya95|rocketgrunt|1327\n|player|p2|Kuzwa|parasollady|1394\n|teamsize|p1|6\n|teamsize|p2|6\n|gen|9\n|tier|[Gen 9] National Dex\n|rated|\n|rule|HP Percentage Mod: HP is shown in percentages\n|rule|Endless Battle Clause: Forcing endless battles is banned\n|rule|OHKO Clause: OHKO moves are banned\n|rule|Evasion Clause: Evasion abilities, items, and moves are banned\n|rule|Evasion Abilities Clause: Evasion abilities are banned\n|rule|Evasion Items Clause: Evasion items are banned\n|rule|Evasion Moves Clause: Evasion moves are banned\n|rule|Species Clause: Limit one of each Pok\u00e9mon\n|rule|Sleep Clause Mod: Limit one foe put to sleep\n|clearpoke\n|poke|p1|Delphox, F|\n|poke|p1|Aggron, F|\n|poke|p1|Lucario, M|\n|poke|p1|Cloyster, M|\n|poke|p1|Shuckle, M|\n|poke|p1|Volcarona, M|\n|poke|p2|Gallade, M|\n|poke|p2|Kartana|\n|poke|p2|Weavile, M|\n|poke|p2|Ogerpon-Wellspring, F|\n|poke|p2|Zeraora|\n|poke|p2|Glimmora, M|\n|teampreview\n|\n|t:|1699938090\n|start\n|switch|p1a: Shuckle|Shuckle, M|100\/100\n|switch|p2a: thing|Glimmora, M|100\/100\n|-item|p2a: thing|Air Balloon\n|turn|1\n|\n|t:|1699938100\n|move|p2a: thing|Sludge Wave|p1a: Shuckle\n|-resisted|p1a: Shuckle\n|-damage|p1a: Shuckle|82\/100\n|-status|p1a: Shuckle|psn\n|move|p1a: Shuckle|Sticky Web|p2a: thing\n|-sidestart|p2: Kuzwa|move: Sticky Web\n|\n|-damage|p1a: Shuckle|70\/100 psn|[from] psn\n|upkeep\n|turn|2\n|\n|t:|1699938110\n|switch|p1a: Lucario|Lucario, M|100\/100\n|move|p2a: thing|Venoshock|p1a: Lucario\n|-immune|p1a: Lucario\n|\n|upkeep\n|turn|3\n|\n|t:|1699938116\n|move|p1a: Lucario|Meteor Mash|p2a: thing\n|-supereffective|p2a: thing\n|-damage|p2a: thing|0 fnt\n|-activate|p2a: thing|ability: Toxic Debris\n|-sidestart|p1: Yoshaya95|move: Toxic Spikes\n|-enditem|p2a: thing|Air Balloon\n|faint|p2a: thing\n|\n|upkeep\n|\n|t:|1699938121\n|switch|p2a: Makoto Yuki|Kartana, shiny|100\/100\n|-activate|p2a: Makoto Yuki|move: Sticky Web\n|-unboost|p2a: Makoto Yuki|spe|1\n|turn|4\n|\n|t:|1699938128\n|move|p1a: Lucario|Meteor Mash|p2a: Makoto Yuki\n|-resisted|p2a: Makoto Yuki\n|-damage|p2a: Makoto Yuki|69\/100\n|move|p2a: Makoto Yuki|Sacred Sword|p1a: Lucario\n|-supereffective|p1a: Lucario\n|-damage|p1a: Lucario|0 fnt\n|faint|p1a: Lucario\n|-ability|p2a: Makoto Yuki|Beast Boost|boost\n|-boost|p2a: Makoto Yuki|atk|1\n|\n|upkeep\n|\n|t:|1699938136\n|switch|p1a: Delphox|Delphox, F, shiny|100\/100\n|-status|p1a: Delphox|psn\n|turn|5\n|\n|t:|1699938142\n|switch|p2a: Aigis|Ogerpon-Wellspring, F|100\/100\n|-activate|p2a: Aigis|move: Sticky Web\n|-unboost|p2a: Aigis|spe|1\n|move|p1a: Delphox|Mystical Fire|p2a: Aigis\n|-damage|p2a: Aigis|61\/100\n|-unboost|p2a: Aigis|spa|1\n|\n|-damage|p1a: Delphox|88\/100 psn|[from] psn\n|upkeep\n|turn|6\n|\n|t:|1699938151\n|move|p1a: Delphox|Will-O-Wisp|p2a: Aigis\n|-status|p2a: Aigis|brn\n|move|p2a: Aigis|Ivy Cudgel|p1a: Delphox\n|-supereffective|p1a: Delphox\n|-damage|p1a: Delphox|0 fnt\n|faint|p1a: Delphox\n|\n|-damage|p2a: Aigis|55\/100 brn|[from] brn\n|upkeep\n|\n|t:|1699938162\n|switch|p1a: Volcarona|Volcarona, M|100\/100\n|turn|7\n|\n|t:|1699938167\n|-terastallize|p1a: Volcarona|Grass\n|move|p1a: Volcarona|Quiver Dance|p1a: Volcarona\n|-boost|p1a: Volcarona|spa|1\n|-boost|p1a: Volcarona|spd|1\n|-boost|p1a: Volcarona|spe|1\n|move|p2a: Aigis|Ivy Cudgel|p1a: Volcarona\n|-resisted|p1a: Volcarona\n|-damage|p1a: Volcarona|76\/100\n|\n|-damage|p2a: Aigis|49\/100 brn|[from] brn\n|upkeep\n|turn|8\n|\n|t:|1699938176\n|move|p1a: Volcarona|Giga Drain|p2a: Aigis\n|-damage|p2a: Aigis|0 fnt\n|-heal|p1a: Volcarona|99\/100|[from] drain|[of] p2a: Aigis\n|faint|p2a: Aigis\n|\n|upkeep\n|\n|t:|1699938183\n|switch|p2a: Junpei Iori|Weavile, M, shiny|100\/100\n|-activate|p2a: Junpei Iori|move: Sticky Web\n|-unboost|p2a: Junpei Iori|spe|1\n|turn|9\n|\n|t:|1699938188\n|move|p1a: Volcarona|Fiery Dance|p2a: Junpei Iori\n|-supereffective|p2a: Junpei Iori\n|-enditem|p2a: Junpei Iori|Focus Sash\n|-damage|p2a: Junpei Iori|1\/100\n|move|p2a: Junpei Iori|Ice Spinner|p1a: Volcarona\n|-supereffective|p1a: Volcarona\n|-damage|p1a: Volcarona|0 fnt\n|faint|p1a: Volcarona\n|\n|upkeep\n|\n|t:|1699938196\n|switch|p1a: Shuckle|Shuckle, M|70\/100 psn\n|turn|10\n|\n|t:|1699938199\n|move|p2a: Junpei Iori|Throat Chop|p1a: Shuckle\n|-damage|p1a: Shuckle|37\/100 psn\n|-start|p1a: Shuckle|Throat Chop|[silent]\n|move|p1a: Shuckle|Stealth Rock|p2a: Junpei Iori\n|-sidestart|p2: Kuzwa|move: Stealth Rock\n|\n|-damage|p1a: Shuckle|25\/100 psn|[from] psn\n|upkeep\n|turn|11\n|\n|t:|1699938205\n|move|p2a: Junpei Iori|Throat Chop|p1a: Shuckle\n|-damage|p1a: Shuckle|0 fnt\n|faint|p1a: Shuckle\n|\n|upkeep\n|\n|t:|1699938210\n|switch|p1a: Cloyster|Cloyster, M|100\/100\n|-status|p1a: Cloyster|psn\n|turn|12\n|\n|t:|1699938216\n|move|p1a: Cloyster|Shell Smash|p1a: Cloyster\n|-unboost|p1a: Cloyster|def|1\n|-unboost|p1a: Cloyster|spd|1\n|-boost|p1a: Cloyster|atk|2\n|-boost|p1a: Cloyster|spa|2\n|-boost|p1a: Cloyster|spe|2\n|-enditem|p1a: Cloyster|White Herb\n|-clearnegativeboost|p1a: Cloyster|[silent]\n|move|p2a: Junpei Iori|Throat Chop|p1a: Cloyster\n|-damage|p1a: Cloyster|66\/100 psn\n|-start|p1a: Cloyster|Throat Chop|[silent]\n|\n|-damage|p1a: Cloyster|53\/100 psn|[from] psn\n|upkeep\n|turn|13\n|\n|t:|1699938226\n|move|p1a: Cloyster|Icicle Spear|p2a: Junpei Iori\n|-resisted|p2a: Junpei Iori\n|-damage|p2a: Junpei Iori|0 fnt\n|faint|p2a: Junpei Iori\n|-hitcount|p2: Junpei Iori|1\n|\n|-damage|p1a: Cloyster|41\/100 psn|[from] psn\n|-end|p1a: Cloyster|Throat Chop|[silent]\n|upkeep\n|\n|t:|1699938235\n|switch|p2a: Makoto Yuki|Kartana, shiny|69\/100\n|-activate|p2a: Makoto Yuki|move: Sticky Web\n|-unboost|p2a: Makoto Yuki|spe|1\n|-damage|p2a: Makoto Yuki|63\/100|[from] Stealth Rock\n|turn|14\n|\n|t:|1699938239\n|move|p1a: Cloyster|Icicle Spear|p2a: Makoto Yuki\n|-damage|p2a: Makoto Yuki|41\/100\n|-damage|p2a: Makoto Yuki|17\/100\n|-damage|p2a: Makoto Yuki|0 fnt\n|faint|p2a: Makoto Yuki\n|-hitcount|p2: Makoto Yuki|3\n|\n|-damage|p1a: Cloyster|29\/100 psn|[from] psn\n|upkeep\n|\n|t:|1699938246\n|switch|p2a: Ken Amada|Zeraora|100\/100\n|-activate|p2a: Ken Amada|move: Sticky Web\n|-unboost|p2a: Ken Amada|spe|1\n|-damage|p2a: Ken Amada|88\/100|[from] Stealth Rock\n|turn|15\n|\n|t:|1699938251\n|move|p2a: Ken Amada|Fake Out|p1a: Cloyster\n|-damage|p1a: Cloyster|18\/100 psn\n|cant|p1a: Cloyster|flinch\n|\n|-damage|p1a: Cloyster|6\/100 psn|[from] psn\n|upkeep\n|turn|16\n|\n|t:|1699938259\n|switch|p2a: Ryoji Mochizuki|Gallade, M, shiny|100\/100\n|-activate|p2a: Ryoji Mochizuki|move: Sticky Web\n|-unboost|p2a: Ryoji Mochizuki|spe|1\n|-damage|p2a: Ryoji Mochizuki|94\/100|[from] Stealth Rock\n|move|p1a: Cloyster|Icicle Spear|p2a: Ryoji Mochizuki\n|-crit|p2a: Ryoji Mochizuki\n|-damage|p2a: Ryoji Mochizuki|36\/100\n|-damage|p2a: Ryoji Mochizuki|0 fnt\n|faint|p2a: Ryoji Mochizuki\n|-hitcount|p2: Ryoji Mochizuki|2\n|\n|-damage|p1a: Cloyster|0 fnt|[from] psn\n|faint|p1a: Cloyster\n|upkeep\n|inactive|Battle timer is ON: inactive players will automatically lose when time's up. (requested by Kuzwa)\n|\n|t:|1699938270\n|switch|p2a: Ken Amada|Zeraora|88\/100\n|switch|p1a: Aggron|Aggron, F|100\/100\n|-activate|p2a: Ken Amada|move: Sticky Web\n|-unboost|p2a: Ken Amada|spe|1\n|-damage|p2a: Ken Amada|76\/100|[from] Stealth Rock\n|turn|17\n|\n|t:|1699938280\n|move|p2a: Ken Amada|Fake Out|p1a: Aggron\n|-resisted|p1a: Aggron\n|-damage|p1a: Aggron|98\/100\n|cant|p1a: Aggron|flinch\n|\n|upkeep\n|turn|18\n|\n|t:|1699938285\n|-terastallize|p2a: Ken Amada|Flying\n|move|p2a: Ken Amada|Drain Punch|p1a: Aggron\n|-supereffective|p1a: Aggron\n|-damage|p1a: Aggron|26\/100\n|-heal|p2a: Ken Amada|100\/100|[from] drain|[of] p1a: Aggron\n|move|p1a: Aggron|Earthquake|p2a: Ken Amada\n|-immune|p2a: Ken Amada\n|\n|upkeep\n|turn|19\n|c|\u2606Yoshaya95|g\n|-message|Yoshaya95 forfeited.\n|\n|win|Kuzwa\n|raw|Yoshaya95's rating: 1327 &rarr; <strong>1311<\/strong><br \/>(-16 for losing)\n|raw|Kuzwa's rating: 1394 &rarr; <strong>1410<\/strong><br \/>(+16 for winning)\n|l|\u2606Yoshaya95\n","uploadtime":1699938299,"views":4,"p1id":"yoshaya95","p2id":"kuzwa","formatid":"gen9nationaldex","rating":1311,"private":0,"password":""}