{"id":"gen9nationaldex-1995947493","p1":"Georgek239","p2":"D.wolf94","format":"[Gen 9] National Dex","log":"|html|<div class=\"broadcast-blue\"><strong>[Gen 9] National Dex is currently suspecting Sneasler! For information on how to participate check out the <a href=\"https:\/\/www.smogon.com\/forums\/threads\/sv-national-dex-suspect-8-just-dance.3731534\/\">suspect thread<\/a>.<\/strong><\/div>\n|j|\u203dGeorgek239\n|j|\u2606D.wolf94\n|t:|1700620728\n|gametype|singles\n|player|p1|Georgek239|170|1064\n|player|p2|D.wolf94|266|1149\n|teamsize|p1|6\n|teamsize|p2|6\n|gen|9\n|tier|[Gen 9] National Dex\n|rated|\n|rule|HP Percentage Mod: HP is shown in percentages\n|rule|Endless Battle Clause: Forcing endless battles is banned\n|rule|OHKO Clause: OHKO moves are banned\n|rule|Evasion Clause: Evasion abilities, items, and moves are banned\n|rule|Evasion Abilities Clause: Evasion abilities are banned\n|rule|Evasion Items Clause: Evasion items are banned\n|rule|Evasion Moves Clause: Evasion moves are banned\n|rule|Species Clause: Limit one of each Pok\u00e9mon\n|rule|Sleep Clause Mod: Limit one foe put to sleep\n|clearpoke\n|poke|p1|Hatterene, F|\n|poke|p1|Skeledirge, F|\n|poke|p1|Reuniclus, M|\n|poke|p1|Conkeldurr, M|\n|poke|p1|Snorlax, F|\n|poke|p1|Araquanid, F|\n|poke|p2|Toxapex, F|\n|poke|p2|Ferrothorn, M|\n|poke|p2|Glimmora, F|\n|poke|p2|Espeon, F|\n|poke|p2|Ditto|\n|poke|p2|Volcarona, F|\n|teampreview\n|\n|t:|1700620733\n|start\n|switch|p1a: Hatterene|Hatterene, F|100\/100\n|switch|p2a: Glimmora|Glimmora, F|100\/100\n|turn|1\n|c|\u2606D.wolf94|Mmmm\n|\n|t:|1700620756\n|-terastallize|p1a: Hatterene|Steel\n|move|p2a: Glimmora|Mortal Spin|p1a: Hatterene\n|-immune|p1a: Hatterene\n|move|p1a: Hatterene|Trick Room|p1a: Hatterene\n|-fieldstart|move: Trick Room|[of] p1a: Hatterene\n|\n|upkeep\n|turn|2\n|\n|t:|1700620772\n|switch|p2a: Espeon|Espeon, F|100\/100\n|move|p1a: Hatterene|Calm Mind|p1a: Hatterene\n|-boost|p1a: Hatterene|spa|1\n|-boost|p1a: Hatterene|spd|1\n|\n|upkeep\n|turn|3\n|\n|t:|1700620784\n|move|p1a: Hatterene|Dark Pulse|p2a: Espeon\n|-supereffective|p2a: Espeon\n|-damage|p2a: Espeon|0 fnt\n|faint|p2a: Espeon\n|\n|upkeep\n|\n|t:|1700620793\n|switch|p2a: flower|Volcarona, F|100\/100\n|turn|4\n|\n|t:|1700620804\n|switch|p1a: Skeledirge|Skeledirge, F|100\/100\n|move|p2a: flower|Quiver Dance|p2a: flower\n|-boost|p2a: flower|spa|1\n|-boost|p2a: flower|spd|1\n|-boost|p2a: flower|spe|1\n|\n|upkeep\n|turn|5\n|\n|t:|1700620819\n|switch|p2a: Glimmora|Glimmora, F|100\/100\n|move|p1a: Skeledirge|Torch Song|p2a: Glimmora\n|-resisted|p2a: Glimmora\n|-damage|p2a: Glimmora|76\/100\n|-boost|p1a: Skeledirge|spa|1\n|\n|-fieldend|move: Trick Room\n|upkeep\n|turn|6\n|\n|t:|1700620832\n|switch|p1a: Hatterene|Hatterene, F, tera:Steel|100\/100\n|move|p2a: Glimmora|Mortal Spin|p1a: Hatterene\n|-immune|p1a: Hatterene\n|\n|upkeep\n|turn|7\n|\n|t:|1700620844\n|move|p2a: Glimmora|Earth Power|p1a: Hatterene\n|-supereffective|p1a: Hatterene\n|-damage|p1a: Hatterene|34\/100\n|move|p1a: Hatterene|Trick Room|p1a: Hatterene\n|-fieldstart|move: Trick Room|[of] p1a: Hatterene\n|\n|-heal|p1a: Hatterene|40\/100|[from] item: Leftovers\n|upkeep\n|turn|8\n|c|\u2606D.wolf94|Mmmm\n|\n|t:|1700620857\n|move|p1a: Hatterene|Calm Mind|p1a: Hatterene\n|-boost|p1a: Hatterene|spa|1\n|-boost|p1a: Hatterene|spd|1\n|move|p2a: Glimmora|Earth Power|p1a: Hatterene\n|-supereffective|p1a: Hatterene\n|-damage|p1a: Hatterene|0 fnt\n|faint|p1a: Hatterene\n|\n|upkeep\n|\n|t:|1700620868\n|switch|p1a: Araquanid|Araquanid, F|100\/100\n|turn|9\n|\n|t:|1700620891\n|move|p1a: Araquanid|Sticky Web|p2a: Glimmora\n|-sidestart|p2: D.wolf94|move: Sticky Web\n|move|p2a: Glimmora|Mortal Spin|p1a: Araquanid\n|-damage|p1a: Araquanid|95\/100\n|-status|p1a: Araquanid|psn\n|-sideend|p2: D.wolf94|Sticky Web|[from] move: Mortal Spin|[of] p2a: Glimmora\n|\n|-damage|p1a: Araquanid|83\/100 psn|[from] psn\n|upkeep\n|turn|10\n|\n|t:|1700620901\n|move|p1a: Araquanid|Liquidation|p2a: Glimmora\n|-supereffective|p2a: Glimmora\n|-damage|p2a: Glimmora|0 fnt\n|-activate|p2a: Glimmora|ability: Toxic Debris\n|-sidestart|p1: Georgek239|move: Toxic Spikes\n|faint|p2a: Glimmora\n|\n|-damage|p1a: Araquanid|70\/100 psn|[from] psn\n|upkeep\n|\n|t:|1700620909\n|switch|p2a: flower|Volcarona, F|100\/100\n|turn|11\n|\n|t:|1700620915\n|move|p1a: Araquanid|Liquidation|p2a: flower\n|-supereffective|p2a: flower\n|-enditem|p2a: flower|Focus Sash\n|-damage|p2a: flower|1\/100\n|move|p2a: flower|Giga Drain|p1a: Araquanid\n|-damage|p1a: Araquanid|52\/100 psn\n|-heal|p2a: flower|11\/100|[from] drain|[of] p1a: Araquanid\n|\n|-damage|p1a: Araquanid|39\/100 psn|[from] psn\n|-fieldend|move: Trick Room\n|upkeep\n|turn|12\n|\n|t:|1700620928\n|switch|p2a: Toxapex|Toxapex, F|100\/100\n|move|p1a: Araquanid|Liquidation|p2a: Toxapex\n|-resisted|p2a: Toxapex\n|-damage|p2a: Toxapex|84\/100\n|-damage|p1a: Araquanid|23\/100 psn|[from] item: Rocky Helmet|[of] p2a: Toxapex\n|\n|-damage|p1a: Araquanid|10\/100 psn|[from] psn\n|upkeep\n|turn|13\n|\n|t:|1700620939\n|switch|p2a: Ferrothorn|Ferrothorn, M|100\/100\n|switch|p1a: Reuniclus|Reuniclus, M|100\/100\n|-status|p1a: Reuniclus|psn\n|\n|upkeep\n|turn|14\n|\n|t:|1700620950\n|move|p1a: Reuniclus|Calm Mind|p1a: Reuniclus\n|-boost|p1a: Reuniclus|spa|1\n|-boost|p1a: Reuniclus|spd|1\n|move|p2a: Ferrothorn|Leech Seed|p1a: Reuniclus\n|-start|p1a: Reuniclus|move: Leech Seed\n|\n|upkeep\n|turn|15\n|\n|t:|1700620959\n|switch|p2a: flower|Volcarona, F|11\/100\n|move|p1a: Reuniclus|Calm Mind|p1a: Reuniclus\n|-boost|p1a: Reuniclus|spa|1\n|-boost|p1a: Reuniclus|spd|1\n|\n|upkeep\n|turn|16\n|\n|t:|1700620976\n|move|p2a: flower|Bug Buzz|p1a: Reuniclus\n|-supereffective|p1a: Reuniclus\n|-damage|p1a: Reuniclus|31\/100 psn\n|-unboost|p1a: Reuniclus|spd|1\n|move|p1a: Reuniclus|Shadow Ball|p2a: flower\n|-damage|p2a: flower|0 fnt\n|faint|p2a: flower\n|\n|-heal|p1a: Reuniclus|37\/100 psn|[from] item: Leftovers\n|upkeep\n|\n|t:|1700620984\n|switch|p2a: Ditto|Ditto|100\/100\n|-transform|p2a: Ditto|p1a: Reuniclus|[from] ability: Imposter\n|turn|17\n|\n|t:|1700620993\n|move|p2a: Ditto|Psychic|p1a: Reuniclus\n|-resisted|p1a: Reuniclus\n|-damage|p1a: Reuniclus|14\/100 psn\n|move|p1a: Reuniclus|Recover|p1a: Reuniclus\n|-heal|p1a: Reuniclus|64\/100 psn\n|\n|-heal|p1a: Reuniclus|70\/100 psn|[from] item: Leftovers\n|upkeep\n|turn|18\n|\n|t:|1700621002\n|move|p2a: Ditto|Psychic|p1a: Reuniclus\n|-resisted|p1a: Reuniclus\n|-damage|p1a: Reuniclus|46\/100 psn\n|move|p1a: Reuniclus|Shadow Ball|p2a: Ditto\n|-supereffective|p2a: Ditto\n|-damage|p2a: Ditto|28\/100\n|-unboost|p2a: Ditto|spd|1\n|\n|-heal|p1a: Reuniclus|52\/100 psn|[from] item: Leftovers\n|upkeep\n|turn|19\n|\n|t:|1700621020\n|switch|p2a: Ferrothorn|Ferrothorn, M|100\/100\n|move|p1a: Reuniclus|Recover|p1a: Reuniclus\n|-heal|p1a: Reuniclus|100\/100 psn\n|\n|upkeep\n|turn|20\n|\n|t:|1700621030\n|move|p1a: Reuniclus|Calm Mind|p1a: Reuniclus\n|-boost|p1a: Reuniclus|spa|1\n|-boost|p1a: Reuniclus|spd|1\n|move|p2a: Ferrothorn|Gyro Ball|p1a: Reuniclus\n|-damage|p1a: Reuniclus|86\/100 psn\n|\n|-heal|p1a: Reuniclus|92\/100 psn|[from] item: Leftovers\n|upkeep\n|turn|21\n|\n|t:|1700621040\n|move|p1a: Reuniclus|Psychic|p2a: Ferrothorn\n|-resisted|p2a: Ferrothorn\n|-damage|p2a: Ferrothorn|70\/100\n|move|p2a: Ferrothorn|Power Whip|p1a: Reuniclus\n|-damage|p1a: Reuniclus|63\/100 psn\n|\n|-heal|p1a: Reuniclus|70\/100 psn|[from] item: Leftovers\n|-heal|p2a: Ferrothorn|77\/100|[from] item: Leftovers\n|upkeep\n|turn|22\n|\n|t:|1700621054\n|switch|p2a: Toxapex|Toxapex, F|100\/100\n|move|p1a: Reuniclus|Calm Mind|p1a: Reuniclus\n|-boost|p1a: Reuniclus|spa|1\n|-boost|p1a: Reuniclus|spd|1\n|\n|-heal|p1a: Reuniclus|76\/100 psn|[from] item: Leftovers\n|upkeep\n|turn|23\n|\n|t:|1700621063\n|move|p2a: Toxapex|Haze|p2a: Toxapex\n|-clearallboost\n|move|p1a: Reuniclus|Psychic|p2a: Toxapex\n|-supereffective|p2a: Toxapex\n|-crit|p2a: Toxapex\n|-damage|p2a: Toxapex|2\/100\n|\n|-heal|p1a: Reuniclus|82\/100 psn|[from] item: Leftovers\n|upkeep\n|turn|24\n|\n|t:|1700621076\n|move|p2a: Toxapex|Knock Off|p1a: Reuniclus\n|-supereffective|p1a: Reuniclus\n|-damage|p1a: Reuniclus|60\/100 psn\n|-enditem|p1a: Reuniclus|Leftovers|[from] move: Knock Off|[of] p2a: Toxapex\n|move|p1a: Reuniclus|Psychic|p2a: Toxapex\n|-supereffective|p2a: Toxapex\n|-damage|p2a: Toxapex|0 fnt\n|faint|p2a: Toxapex\n|\n|upkeep\n|\n|t:|1700621080\n|switch|p2a: Ferrothorn|Ferrothorn, M|77\/100\n|turn|25\n|\n|t:|1700621087\n|switch|p1a: Skeledirge|Skeledirge, F|100\/100\n|-status|p1a: Skeledirge|psn\n|move|p2a: Ferrothorn|Gyro Ball|p1a: Skeledirge\n|-resisted|p1a: Skeledirge\n|-damage|p1a: Skeledirge|86\/100 psn\n|\n|-heal|p1a: Skeledirge|92\/100 psn|[from] item: Leftovers\n|-heal|p2a: Ferrothorn|83\/100|[from] item: Leftovers\n|-damage|p1a: Skeledirge|80\/100 psn|[from] psn\n|upkeep\n|turn|26\n|\n|t:|1700621102\n|switch|p2a: Ditto|Ditto|28\/100\n|-transform|p2a: Ditto|p1a: Skeledirge|[from] ability: Imposter\n|move|p1a: Skeledirge|Hex|p2a: Ditto\n|-supereffective|p2a: Ditto\n|-damage|p2a: Ditto|0 fnt\n|faint|p2a: Ditto\n|\n|-heal|p1a: Skeledirge|86\/100 psn|[from] item: Leftovers\n|-damage|p1a: Skeledirge|74\/100 psn|[from] psn\n|upkeep\n|-message|D.wolf94 forfeited.\n|\n|win|Georgek239\n|raw|Georgek239's rating: 1064 &rarr; <strong>1102<\/strong><br \/>(+38 for winning)\n|raw|D.wolf94's rating: 1149 &rarr; <strong>1118<\/strong><br \/>(-31 for losing)\n|l|\u2606D.wolf94\n","uploadtime":1700621137,"views":0,"p1id":"georgek239","p2id":"dwolf94","formatid":"gen9nationaldex","rating":1102,"private":0,"password":""}