{"id":"gen9nationaldex-1998123858","p1":"lefloseug","p2":"Hall DJ","format":"[Gen 9] National Dex","log":"|html|<div class=\"broadcast-blue\"><strong>[Gen 9] National Dex is currently suspecting Sneasler! For information on how to participate check out the <a href=\"https:\/\/www.smogon.com\/forums\/threads\/sv-national-dex-suspect-8-just-dance.3731534\/\">suspect thread<\/a>.<\/strong><\/div>\n|j|\u2606lefloseug\n|j|\u2606Hall DJ\n|t:|1700895636\n|gametype|singles\n|player|p1|lefloseug|grimsley|1310\n|player|p2|Hall DJ|bellelba|1398\n|teamsize|p1|6\n|teamsize|p2|6\n|gen|9\n|tier|[Gen 9] National Dex\n|rated|\n|rule|HP Percentage Mod: HP is shown in percentages\n|rule|Endless Battle Clause: Forcing endless battles is banned\n|rule|OHKO Clause: OHKO moves are banned\n|rule|Evasion Clause: Evasion abilities, items, and moves are banned\n|rule|Evasion Abilities Clause: Evasion abilities are banned\n|rule|Evasion Items Clause: Evasion items are banned\n|rule|Evasion Moves Clause: Evasion moves are banned\n|rule|Species Clause: Limit one of each Pok\u00e9mon\n|rule|Sleep Clause Mod: Limit one foe put to sleep\n|clearpoke\n|poke|p1|Sableye, M|\n|poke|p1|Dondozo, M|\n|poke|p1|Gliscor, M|\n|poke|p1|Clefable, M|\n|poke|p1|Ferrothorn, M|\n|poke|p1|Toxapex, M|\n|poke|p2|Pinsir, F|\n|poke|p2|Rotom-Wash|\n|poke|p2|Iron Treads|\n|poke|p2|Victini|\n|poke|p2|Grafaiai, M|\n|poke|p2|Greninja-*, M|\n|teampreview\n|inactive|Battle timer is ON: inactive players will automatically lose when time's up. (requested by lefloseug)\n|\n|t:|1700895644\n|start\n|switch|p1a: Toxapex|Toxapex, M|100\/100\n|switch|p2a: Grafaiai|Grafaiai, M|100\/100\n|turn|1\n|\n|t:|1700895649\n|move|p2a: Grafaiai|Knock Off|p1a: Toxapex\n|-damage|p1a: Toxapex|83\/100\n|-enditem|p1a: Toxapex|Leftovers|[from] move: Knock Off|[of] p2a: Grafaiai\n|move|p1a: Toxapex|Scald|p2a: Grafaiai\n|-damage|p2a: Grafaiai|71\/100\n|\n|upkeep\n|turn|2\n|\n|t:|1700895656\n|move|p2a: Grafaiai|Parting Shot|p1a: Toxapex\n|-unboost|p1a: Toxapex|atk|1\n|-unboost|p1a: Toxapex|spa|1\n|\n|t:|1700895658\n|switch|p2a: Rotom|Rotom-Wash|100\/100|[from] Parting Shot\n|move|p1a: Toxapex|Knock Off|p2a: Rotom\n|-damage|p2a: Rotom|93\/100\n|-enditem|p2a: Rotom|Leftovers|[from] move: Knock Off|[of] p1a: Toxapex\n|\n|upkeep\n|turn|3\n|\n|t:|1700895665\n|switch|p1a: Ferrothorn|Ferrothorn, M|100\/100\n|move|p2a: Rotom|Will-O-Wisp|p1a: Ferrothorn\n|-status|p1a: Ferrothorn|brn\n|\n|-damage|p1a: Ferrothorn|94\/100 brn|[from] brn\n|upkeep\n|turn|4\n|\n|t:|1700895671\n|move|p2a: Rotom|Volt Switch|p1a: Ferrothorn\n|-resisted|p1a: Ferrothorn\n|-damage|p1a: Ferrothorn|84\/100 brn\n|\n|t:|1700895676\n|switch|p2a: Grafaiai|Grafaiai, M|71\/100|[from] Volt Switch\n|move|p1a: Ferrothorn|Stealth Rock|p2a: Grafaiai\n|-sidestart|p2: Hall DJ|move: Stealth Rock\n|\n|-heal|p1a: Ferrothorn|90\/100 brn|[from] item: Leftovers\n|-damage|p1a: Ferrothorn|84\/100 brn|[from] brn\n|upkeep\n|turn|5\n|\n|t:|1700895681\n|move|p2a: Grafaiai|Encore|p1a: Ferrothorn\n|-start|p1a: Ferrothorn|Encore\n|move|p1a: Ferrothorn|Stealth Rock||[still]\n|-fail|p1a: Ferrothorn\n|\n|-heal|p1a: Ferrothorn|90\/100 brn|[from] item: Leftovers\n|-damage|p1a: Ferrothorn|84\/100 brn|[from] brn\n|upkeep\n|turn|6\n|\n|t:|1700895684\n|switch|p1a: Dondozo|Dondozo, M|100\/100\n|move|p2a: Grafaiai|Knock Off|p1a: Dondozo\n|-damage|p1a: Dondozo|88\/100\n|-enditem|p1a: Dondozo|Heavy-Duty Boots|[from] move: Knock Off|[of] p2a: Grafaiai\n|\n|upkeep\n|turn|7\n|\n|t:|1700895688\n|move|p2a: Grafaiai|Parting Shot|p1a: Dondozo\n|-unboost|p1a: Dondozo|atk|1\n|-unboost|p1a: Dondozo|spa|1\n|\n|t:|1700895692\n|switch|p2a: Rotom|Rotom-Wash|93\/100|[from] Parting Shot\n|-damage|p2a: Rotom|80\/100|[from] Stealth Rock\n|move|p1a: Dondozo|Liquidation|p2a: Rotom\n|-resisted|p2a: Rotom\n|-damage|p2a: Rotom|73\/100\n|\n|upkeep\n|turn|8\n|\n|t:|1700895696\n|switch|p1a: Gliscor|Gliscor, M|100\/100\n|move|p2a: Rotom|Defog|p1a: Gliscor\n|-unboost|p1a: Gliscor|evasion|1\n|-sideend|p2: Hall DJ|Stealth Rock|[from] move: Defog|[of] p2a: Rotom\n|\n|-status|p1a: Gliscor|tox|[from] item: Toxic Orb\n|upkeep\n|turn|9\n|\n|t:|1700895702\n|move|p1a: Gliscor|Toxic|p2a: Rotom\n|-status|p2a: Rotom|tox\n|move|p2a: Rotom|Hydro Pump|p1a: Gliscor\n|-supereffective|p1a: Gliscor\n|-damage|p1a: Gliscor|34\/100 tox\n|\n|-heal|p1a: Gliscor|46\/100 tox|[from] ability: Poison Heal\n|-damage|p2a: Rotom|67\/100 tox|[from] psn\n|upkeep\n|turn|10\n|\n|t:|1700895707\n|move|p1a: Gliscor|Protect|p1a: Gliscor\n|-singleturn|p1a: Gliscor|Protect\n|move|p2a: Rotom|Hydro Pump|p1a: Gliscor\n|-activate|p1a: Gliscor|move: Protect\n|\n|-heal|p1a: Gliscor|59\/100 tox|[from] ability: Poison Heal\n|-damage|p2a: Rotom|54\/100 tox|[from] psn\n|upkeep\n|turn|11\n|\n|t:|1700895715\n|switch|p1a: Ferrothorn|Ferrothorn, M|84\/100 brn\n|move|p2a: Rotom|Hydro Pump|p1a: Ferrothorn\n|-resisted|p1a: Ferrothorn\n|-damage|p1a: Ferrothorn|70\/100 brn\n|\n|-heal|p1a: Ferrothorn|76\/100 brn|[from] item: Leftovers\n|-damage|p2a: Rotom|36\/100 tox|[from] psn\n|-damage|p1a: Ferrothorn|70\/100 brn|[from] brn\n|upkeep\n|turn|12\n|\n|t:|1700895718\n|switch|p1a: Gliscor|Gliscor, M|59\/100 tox\n|move|p2a: Rotom|Volt Switch|p1a: Gliscor\n|-immune|p1a: Gliscor\n|\n|-heal|p1a: Gliscor|71\/100 tox|[from] ability: Poison Heal\n|-damage|p2a: Rotom|11\/100 tox|[from] psn\n|upkeep\n|turn|13\n|\n|t:|1700895726\n|switch|p2a: Grafaiai|Grafaiai, M|71\/100\n|move|p1a: Gliscor|Protect||[still]\n|-fail|p1a: Gliscor\n|\n|-heal|p1a: Gliscor|84\/100 tox|[from] ability: Poison Heal\n|upkeep\n|turn|14\n|\n|t:|1700895729\n|move|p2a: Grafaiai|Encore|p1a: Gliscor\n|-start|p1a: Gliscor|Encore\n|move|p1a: Gliscor|Protect||[still]\n|-fail|p1a: Gliscor\n|\n|-heal|p1a: Gliscor|96\/100 tox|[from] ability: Poison Heal\n|upkeep\n|turn|15\n|\n|t:|1700895738\n|switch|p2a: Greninja|Greninja, M|100\/100\n|switch|p1a: Toxapex|Toxapex, M|100\/100\n|\n|upkeep\n|turn|16\n|\n|t:|1700895741\n|move|p2a: Greninja|Dark Pulse|p1a: Toxapex\n|-damage|p1a: Toxapex|65\/100\n|-damage|p2a: Greninja|91\/100|[from] item: Life Orb\n|move|p1a: Toxapex|Knock Off|p2a: Greninja\n|-resisted|p2a: Greninja\n|-damage|p2a: Greninja|79\/100\n|-enditem|p2a: Greninja|Life Orb|[from] move: Knock Off|[of] p1a: Toxapex\n|\n|upkeep\n|turn|17\n|\n|t:|1700895748\n|move|p2a: Greninja|Dark Pulse|p1a: Toxapex\n|-damage|p1a: Toxapex|37\/100\n|move|p1a: Toxapex|Recover|p1a: Toxapex\n|-heal|p1a: Toxapex|87\/100\n|\n|upkeep\n|turn|18\n|\n|t:|1700895755\n|switch|p1a: Clefable|Clefable, M|100\/100\n|move|p2a: Greninja|Dark Pulse|p1a: Clefable\n|-resisted|p1a: Clefable\n|-damage|p1a: Clefable|89\/100\n|\n|-heal|p1a: Clefable|95\/100|[from] item: Leftovers\n|upkeep\n|turn|19\n|\n|t:|1700895760\n|switch|p2a: Grafaiai|Grafaiai, M|71\/100\n|move|p1a: Clefable|Moonblast|p2a: Grafaiai\n|-resisted|p2a: Grafaiai\n|-damage|p2a: Grafaiai|46\/100\n|\n|-heal|p1a: Clefable|100\/100|[from] item: Leftovers\n|upkeep\n|turn|20\n|\n|t:|1700895767\n|switch|p1a: Dondozo|Dondozo, M|88\/100\n|move|p2a: Grafaiai|Gunk Shot|p1a: Dondozo\n|-damage|p1a: Dondozo|66\/100\n|\n|upkeep\n|turn|21\n|\n|t:|1700895771\n|move|p2a: Grafaiai|Parting Shot|p1a: Dondozo\n|-unboost|p1a: Dondozo|atk|1\n|-unboost|p1a: Dondozo|spa|1\n|\n|t:|1700895781\n|switch|p2a: Greninja|Greninja, M|79\/100|[from] Parting Shot\n|move|p1a: Dondozo|Liquidation|p2a: Greninja\n|-resisted|p2a: Greninja\n|-damage|p2a: Greninja|63\/100\n|\n|upkeep\n|turn|22\n|\n|t:|1700895787\n|move|p2a: Greninja|Surf|p1a: Dondozo\n|-resisted|p1a: Dondozo\n|-damage|p1a: Dondozo|46\/100\n|move|p1a: Dondozo|Body Press|p2a: Greninja\n|-supereffective|p2a: Greninja\n|-damage|p2a: Greninja|0 fnt\n|faint|p2a: Greninja\n|\n|upkeep\n|\n|t:|1700895806\n|switch|p2a: Rotom|Rotom-Wash|11\/100 tox\n|turn|23\n|\n|t:|1700895810\n|switch|p1a: Gliscor|Gliscor, M|96\/100 tox\n|move|p2a: Rotom|Hydro Pump|p1a: Gliscor\n|-supereffective|p1a: Gliscor\n|-damage|p1a: Gliscor|34\/100 tox\n|\n|-heal|p1a: Gliscor|47\/100 tox|[from] ability: Poison Heal\n|-damage|p2a: Rotom|4\/100 tox|[from] psn\n|upkeep\n|turn|24\n|\n|t:|1700895816\n|switch|p2a: Iron Treads|Iron Treads, shiny|100\/100\n|move|p1a: Gliscor|Protect||[still]\n|-fail|p1a: Gliscor\n|\n|-heal|p1a: Gliscor|59\/100 tox|[from] ability: Poison Heal\n|upkeep\n|turn|25\n|\n|t:|1700895826\n|-end|p2a: Iron Treads|Quark Drive|[silent]\n|switch|p2a: \u5927\u7532|Pinsir, F|100\/100\n|switch|p1a: Dondozo|Dondozo, M|46\/100\n|\n|upkeep\n|turn|26\n|\n|t:|1700895832\n|detailschange|p2a: \u5927\u7532|Pinsir-Mega, F\n|-mega|p2a: \u5927\u7532|Pinsir|Pinsirite\n|move|p2a: \u5927\u7532|Frustration|p1a: Dondozo\n|-damage|p1a: Dondozo|14\/100\n|move|p1a: Dondozo|Rest|p1a: Dondozo\n|-status|p1a: Dondozo|slp|[from] move: Rest\n|-heal|p1a: Dondozo|100\/100 slp|[silent]\n|\n|upkeep\n|turn|27\n|\n|t:|1700895842\n|switch|p2a: Grafaiai|Grafaiai, M|46\/100\n|switch|p1a: Sableye|Sableye, M|100\/100\n|\n|upkeep\n|turn|28\n|\n|t:|1700895848\n|detailschange|p1a: Sableye|Sableye-Mega, M\n|-mega|p1a: Sableye|Sableye|Sablenite\n|move|p2a: Grafaiai|Parting Shot|p1a: Sableye\n|move|p1a: Sableye|Parting Shot|p2a: Grafaiai|[from]ability: Magic Bounce\n|-unboost|p2a: Grafaiai|atk|1\n|-unboost|p2a: Grafaiai|spa|1\n|\n|t:|1700895857\n|switch|p1a: Gliscor|Gliscor, M|59\/100 tox|[from] Parting Shot\n|\n|-heal|p1a: Gliscor|72\/100 tox|[from] ability: Poison Heal\n|upkeep\n|turn|29\n|\n|t:|1700895866\n|move|p2a: Grafaiai|Parting Shot|p1a: Gliscor\n|-unboost|p1a: Gliscor|atk|1\n|-unboost|p1a: Gliscor|spa|1\n|\n|t:|1700895868\n|switch|p2a: \u5927\u7532|Pinsir-Mega, F|100\/100|[from] Parting Shot\n|move|p1a: Gliscor|Spikes|p2a: \u5927\u7532\n|-sidestart|p2: Hall DJ|Spikes\n|\n|-heal|p1a: Gliscor|84\/100 tox|[from] ability: Poison Heal\n|upkeep\n|turn|30\n|\n|t:|1700895872\n|move|p2a: \u5927\u7532|Swords Dance|p2a: \u5927\u7532\n|-boost|p2a: \u5927\u7532|atk|2\n|move|p1a: Gliscor|Toxic|p2a: \u5927\u7532|[miss]\n|-miss|p1a: Gliscor|p2a: \u5927\u7532\n|\n|-heal|p1a: Gliscor|97\/100 tox|[from] ability: Poison Heal\n|upkeep\n|turn|31\n|\n|t:|1700895880\n|move|p2a: \u5927\u7532|Frustration|p1a: Gliscor\n|-damage|p1a: Gliscor|0 fnt\n|faint|p1a: Gliscor\n|\n|upkeep\n|\n|t:|1700895883\n|switch|p1a: Dondozo|Dondozo, M|100\/100 slp\n|turn|32\n|\n|t:|1700895887\n|move|p2a: \u5927\u7532|Frustration|p1a: Dondozo\n|-damage|p1a: Dondozo|67\/100 slp\n|cant|p1a: Dondozo|slp\n|\n|upkeep\n|turn|33\n|\n|t:|1700895889\n|move|p2a: \u5927\u7532|Frustration|p1a: Dondozo\n|-damage|p1a: Dondozo|33\/100 slp\n|cant|p1a: Dondozo|slp\n|\n|upkeep\n|turn|34\n|\n|t:|1700895893\n|switch|p1a: Ferrothorn|Ferrothorn, M|70\/100 brn\n|move|p2a: \u5927\u7532|Frustration|p1a: Ferrothorn\n|-damage|p1a: Ferrothorn|0 fnt\n|-damage|p2a: \u5927\u7532|88\/100|[from] ability: Iron Barbs|[of] p1a: Ferrothorn\n|faint|p1a: Ferrothorn\n|\n|upkeep\n|\n|t:|1700895896\n|switch|p1a: Toxapex|Toxapex, M|100\/100\n|turn|35\n|\n|t:|1700895898\n|move|p2a: \u5927\u7532|Frustration|p1a: Toxapex\n|-damage|p1a: Toxapex|9\/100\n|move|p1a: Toxapex|Haze|p1a: Toxapex\n|-clearallboost\n|\n|upkeep\n|turn|36\n|\n|t:|1700895904\n|switch|p1a: Sableye|Sableye-Mega, M|100\/100\n|move|p2a: \u5927\u7532|Frustration|p1a: Sableye\n|-damage|p1a: Sableye|42\/100\n|\n|upkeep\n|turn|37\n|\n|t:|1700895908\n|move|p2a: \u5927\u7532|Frustration|p1a: Sableye\n|-crit|p1a: Sableye\n|-damage|p1a: Sableye|0 fnt\n|faint|p1a: Sableye\n|\n|upkeep\n|-message|lefloseug forfeited.\n|\n|win|Hall DJ\n|raw|lefloseug's rating: 1310 &rarr; <strong>1295<\/strong><br \/>(-15 for losing)\n|raw|Hall DJ's rating: 1398 &rarr; <strong>1413<\/strong><br \/>(+15 for winning)\n|l|\u2606lefloseug\n","uploadtime":1700895914,"views":7,"p1id":"lefloseug","p2id":"halldj","formatid":"gen9nationaldex","rating":1295,"private":0,"password":""}