{"id":"gen9nationaldex-2000678060","p1":"indirun","p2":"sgyyds","format":"[Gen 9] National Dex","log":"|html|<div class=\"broadcast-blue\"><strong>[Gen 9] National Dex is currently suspecting Sneasler! For information on how to participate check out the <a href=\"https:\/\/www.smogon.com\/forums\/threads\/sv-national-dex-suspect-8-just-dance.3731534\/\">suspect thread<\/a>.<\/strong><\/div>\n|j|\u2606indirun\n|j|\u2606sgyyds\n|t:|1701217774\n|gametype|singles\n|player|p1|indirun|elesa|1074\n|player|p2|sgyyds|lucas|1022\n|teamsize|p1|6\n|teamsize|p2|6\n|gen|9\n|tier|[Gen 9] National Dex\n|rated|\n|rule|HP Percentage Mod: HP is shown in percentages\n|rule|Endless Battle Clause: Forcing endless battles is banned\n|rule|OHKO Clause: OHKO moves are banned\n|rule|Evasion Clause: Evasion abilities, items, and moves are banned\n|rule|Evasion Abilities Clause: Evasion abilities are banned\n|rule|Evasion Items Clause: Evasion items are banned\n|rule|Evasion Moves Clause: Evasion moves are banned\n|rule|Species Clause: Limit one of each Pok\u00e9mon\n|rule|Sleep Clause Mod: Limit one foe put to sleep\n|clearpoke\n|poke|p1|Steelix, F|\n|poke|p1|Primarina, F|\n|poke|p1|Houndoom, F|\n|poke|p1|Zebstrika, F|\n|poke|p1|Leafeon, M|\n|poke|p1|Chandelure, F|\n|poke|p2|Torkoal, M|\n|poke|p2|Snorlax, M|\n|poke|p2|Rotom-Wash|\n|poke|p2|Scyther, M|\n|poke|p2|Samurott-Hisui, M|\n|poke|p2|Meowscarada, M|\n|teampreview\n|\n|t:|1701217794\n|start\n|switch|p1a: Thumper|Steelix, F|100\/100\n|switch|p2a: Scyther|Scyther, M|100\/100\n|turn|1\n|\n|t:|1701217803\n|detailschange|p1a: Thumper|Steelix-Mega, F\n|-mega|p1a: Thumper|Steelix|Steelixite\n|-terastallize|p2a: Scyther|Flying\n|move|p2a: Scyther|Swords Dance|p2a: Scyther\n|-boost|p2a: Scyther|atk|2\n|move|p1a: Thumper|Stone Edge|p2a: Scyther\n|-supereffective|p2a: Scyther\n|-crit|p2a: Scyther\n|-damage|p2a: Scyther|10\/100\n|\n|upkeep\n|turn|2\n|\n|t:|1701217820\n|move|p2a: Scyther|Close Combat|p1a: Thumper\n|-supereffective|p1a: Thumper\n|-damage|p1a: Thumper|27\/100\n|-unboost|p2a: Scyther|def|1\n|-unboost|p2a: Scyther|spd|1\n|move|p1a: Thumper|Body Press|p2a: Scyther\n|-resisted|p2a: Scyther\n|-damage|p2a: Scyther|0 fnt\n|faint|p2a: Scyther\n|\n|upkeep\n|\n|t:|1701217829\n|switch|p2a: Samurott|Samurott-Hisui, M|100\/100\n|turn|3\n|\n|t:|1701217833\n|move|p2a: Samurott|Sacred Sword|p1a: Thumper\n|-supereffective|p1a: Thumper\n|-damage|p1a: Thumper|0 fnt\n|faint|p1a: Thumper\n|\n|upkeep\n|\n|t:|1701217838\n|switch|p1a: Sappy|Leafeon, M|100\/100\n|turn|4\n|\n|t:|1701217844\n|switch|p2a: Torkoal|Torkoal, M|100\/100\n|-weather|SunnyDay|[from] ability: Drought|[of] p2a: Torkoal\n|move|p1a: Sappy|Sunny Day||[still]\n|-fail|p1a: Sappy\n|\n|-weather|SunnyDay|[upkeep]\n|upkeep\n|turn|5\n|\n|t:|1701217851\n|switch|p1a: Cerberus|Houndoom, F|100\/100\n|move|p2a: Torkoal|Lava Plume|p1a: Cerberus\n|-start|p1a: Cerberus|ability: Flash Fire\n|\n|-weather|SunnyDay|[upkeep]\n|upkeep\n|turn|6\n|\n|t:|1701217860\n|switch|p2a: Rotom|Rotom-Wash|100\/100\n|move|p1a: Cerberus|Sludge Bomb|p2a: Rotom\n|-damage|p2a: Rotom|72\/100\n|-status|p2a: Rotom|psn\n|\n|-weather|SunnyDay|[upkeep]\n|-heal|p2a: Rotom|78\/100 psn|[from] item: Leftovers\n|-damage|p2a: Rotom|66\/100 psn|[from] psn\n|upkeep\n|turn|7\n|\n|t:|1701217869\n|move|p1a: Cerberus|Dark Pulse|p2a: Rotom\n|-damage|p2a: Rotom|29\/100 psn\n|move|p2a: Rotom|Volt Switch|p1a: Cerberus\n|-damage|p1a: Cerberus|67\/100\n|\n|t:|1701217877\n|switch|p2a: Snorlax|Snorlax, M|100\/100|[from] Volt Switch\n|\n|-weather|SunnyDay|[upkeep]\n|upkeep\n|turn|8\n|\n|t:|1701217886\n|move|p1a: Cerberus|Will-O-Wisp|p2a: Snorlax|[miss]\n|-miss|p1a: Cerberus|p2a: Snorlax\n|move|p2a: Snorlax|Earthquake|p1a: Cerberus\n|-supereffective|p1a: Cerberus\n|-damage|p1a: Cerberus|0 fnt\n|faint|p1a: Cerberus\n|\n|-weather|none\n|upkeep\n|\n|t:|1701217896\n|switch|p1a: Sappy|Leafeon, M|100\/100\n|turn|9\n|\n|t:|1701217900\n|switch|p2a: Rotom|Rotom-Wash|29\/100 psn\n|move|p1a: Sappy|Swords Dance|p1a: Sappy\n|-boost|p1a: Sappy|atk|2\n|\n|-heal|p2a: Rotom|35\/100 psn|[from] item: Leftovers\n|-damage|p2a: Rotom|23\/100 psn|[from] psn\n|upkeep\n|turn|10\n|\n|t:|1701217908\n|move|p1a: Sappy|Sunny Day|p1a: Sappy\n|-weather|SunnyDay\n|move|p2a: Rotom|Hydro Pump|p1a: Sappy\n|-resisted|p1a: Sappy\n|-damage|p1a: Sappy|84\/100\n|\n|-weather|SunnyDay|[upkeep]\n|-heal|p1a: Sappy|89\/100|[from] item: Leftovers\n|-heal|p2a: Rotom|29\/100 psn|[from] item: Leftovers\n|-damage|p2a: Rotom|17\/100 psn|[from] psn\n|upkeep\n|turn|11\n|\n|t:|1701217913\n|move|p1a: Sappy|Knock Off|p2a: Rotom\n|-damage|p2a: Rotom|0 fnt\n|-enditem|p2a: Rotom|Leftovers|[from] move: Knock Off|[of] p1a: Sappy\n|faint|p2a: Rotom\n|\n|-weather|SunnyDay|[upkeep]\n|-heal|p1a: Sappy|95\/100|[from] item: Leftovers\n|upkeep\n|\n|t:|1701217920\n|switch|p2a: Torkoal|Torkoal, M|100\/100\n|turn|12\n|\n|t:|1701217925\n|move|p1a: Sappy|Knock Off|p2a: Torkoal\n|-damage|p2a: Torkoal|64\/100\n|-enditem|p2a: Torkoal|Heavy-Duty Boots|[from] move: Knock Off|[of] p1a: Sappy\n|move|p2a: Torkoal|Lava Plume|p1a: Sappy\n|-supereffective|p1a: Sappy\n|-damage|p1a: Sappy|0 fnt\n|faint|p1a: Sappy\n|\n|-weather|SunnyDay|[upkeep]\n|upkeep\n|\n|t:|1701217940\n|switch|p1a: Poppy|Primarina, F|100\/100\n|turn|13\n|\n|t:|1701217945\n|move|p1a: Poppy|Hydro Pump|p2a: Torkoal\n|-supereffective|p2a: Torkoal\n|-damage|p2a: Torkoal|0 fnt\n|faint|p2a: Torkoal\n|\n|-weather|SunnyDay|[upkeep]\n|upkeep\n|\n|t:|1701217950\n|switch|p2a: Meowscarada|Meowscarada, M|100\/100\n|turn|14\n|\n|t:|1701217958\n|move|p2a: Meowscarada|Flower Trick|p1a: Poppy\n|-start|p2a: Meowscarada|typechange|Grass|[from] ability: Protean\n|-supereffective|p1a: Poppy\n|-crit|p1a: Poppy\n|-damage|p1a: Poppy|0 fnt\n|faint|p1a: Poppy\n|\n|-weather|none\n|upkeep\n|\n|t:|1701217965\n|switch|p1a: Boo|Chandelure, F|100\/100\n|turn|15\n|\n|t:|1701217973\n|switch|p2a: Snorlax|Snorlax, M|100\/100\n|move|p1a: Boo|Fire Blast|p2a: Snorlax\n|-damage|p2a: Snorlax|69\/100\n|\n|upkeep\n|turn|16\n|\n|t:|1701217991\n|move|p1a: Boo|Fire Blast|p2a: Snorlax\n|-damage|p2a: Snorlax|38\/100\n|move|p2a: Snorlax|Pursuit|p1a: Boo\n|-supereffective|p1a: Boo\n|-damage|p1a: Boo|78\/100\n|\n|upkeep\n|turn|17\n|\n|t:|1701218000\n|move|p1a: Boo|Fire Blast|p2a: Snorlax\n|-damage|p2a: Snorlax|8\/100\n|move|p2a: Snorlax|Earthquake|p1a: Boo\n|-supereffective|p1a: Boo\n|-damage|p1a: Boo|12\/100\n|\n|upkeep\n|turn|18\n|\n|t:|1701218009\n|move|p1a: Boo|Energy Ball|p2a: Snorlax\n|-damage|p2a: Snorlax|0 fnt\n|faint|p2a: Snorlax\n|\n|upkeep\n|\n|t:|1701218013\n|switch|p2a: Samurott|Samurott-Hisui, M|100\/100\n|turn|19\n|\n|t:|1701218016\n|move|p2a: Samurott|Sucker Punch|p1a: Boo\n|-supereffective|p1a: Boo\n|-crit|p1a: Boo\n|-damage|p1a: Boo|0 fnt\n|faint|p1a: Boo\n|\n|upkeep\n|\n|t:|1701218019\n|switch|p1a: Haywire|Zebstrika, F|100\/100\n|-item|p1a: Haywire|Air Balloon\n|turn|20\n|\n|t:|1701218030\n|-terastallize|p1a: Haywire|Electric\n|move|p2a: Samurott|Sucker Punch|p1a: Haywire\n|-damage|p1a: Haywire|15\/100\n|-enditem|p1a: Haywire|Air Balloon\n|move|p1a: Haywire|Volt Switch|p2a: Samurott\n|-supereffective|p2a: Samurott\n|-damage|p2a: Samurott|0 fnt\n|faint|p2a: Samurott\n|\n|upkeep\n|\n|t:|1701218038\n|switch|p2a: Meowscarada|Meowscarada, M|100\/100\n|turn|21\n|\n|t:|1701218044\n|move|p2a: Meowscarada|Sucker Punch|p1a: Haywire\n|-start|p2a: Meowscarada|typechange|Dark|[from] ability: Protean\n|-damage|p1a: Haywire|0 fnt\n|faint|p1a: Haywire\n|\n|win|sgyyds\n|raw|indirun's rating: 1074 &rarr; <strong>1050<\/strong><br \/>(-24 for losing)\n|raw|sgyyds's rating: 1022 &rarr; <strong>1064<\/strong><br \/>(+42 for winning)\n|l|\u2606indirun\n","uploadtime":1701218063,"views":3,"p1id":"indirun","p2id":"sgyyds","formatid":"gen9nationaldex","rating":1050,"private":0,"password":""}