{"id":"gen9nationaldex-1990060397","p1":"PyroGaleZX","p2":"Solaris2003","format":"[Gen 9] National Dex","log":"|j|\u2606PyroGaleZX\n|j|\u2606Solaris2003\n|t:|1699920262\n|gametype|singles\n|player|p1|PyroGaleZX|grusha|\n|player|p2|Solaris2003|169|\n|teamsize|p1|6\n|teamsize|p2|6\n|gen|9\n|tier|[Gen 9] National Dex\n|rule|HP Percentage Mod: HP is shown in percentages\n|rule|Endless Battle Clause: Forcing endless battles is banned\n|rule|OHKO Clause: OHKO moves are banned\n|rule|Evasion Clause: Evasion abilities, items, and moves are banned\n|rule|Evasion Abilities Clause: Evasion abilities are banned\n|rule|Evasion Items Clause: Evasion items are banned\n|rule|Evasion Moves Clause: Evasion moves are banned\n|rule|Species Clause: Limit one of each Pok\u00e9mon\n|rule|Sleep Clause Mod: Limit one foe put to sleep\n|clearpoke\n|poke|p1|Samurott-Hisui, F|\n|poke|p1|Enamorus-Therian, F|\n|poke|p1|Arcanine, F|\n|poke|p1|Umbreon, M|\n|poke|p1|Spiritomb, F|\n|poke|p1|Pawmo, M|\n|poke|p2|Cinderace, F|\n|poke|p2|Lycanroc-Dusk, M|\n|poke|p2|Noivern, F|\n|poke|p2|Copperajah, M|\n|poke|p2|Leafeon, M|\n|poke|p2|Flaaffy, M|\n|teampreview\n|\n|t:|1699920270\n|start\n|switch|p1a: Pawmo|Pawmo, M|100\/100\n|switch|p2a: Flaaffy|Flaaffy, M|100\/100\n|turn|1\n|\n|t:|1699920278\n|move|p1a: Pawmo|Knock Off|p2a: Flaaffy\n|-damage|p2a: Flaaffy|71\/100\n|-enditem|p2a: Flaaffy|Heat Rock|[from] move: Knock Off|[of] p1a: Pawmo\n|move|p2a: Flaaffy|Reflect|p2a: Flaaffy\n|-sidestart|p2: Solaris2003|Reflect\n|\n|upkeep\n|turn|2\n|\n|t:|1699920285\n|move|p1a: Pawmo|Super Fang|p2a: Flaaffy\n|-damage|p2a: Flaaffy|36\/100\n|move|p2a: Flaaffy|Sunny Day|p2a: Flaaffy\n|-weather|SunnyDay\n|\n|-weather|SunnyDay|[upkeep]\n|upkeep\n|turn|3\n|\n|t:|1699920308\n|move|p1a: Pawmo|Knock Off|p2a: Flaaffy\n|-damage|p2a: Flaaffy|27\/100\n|move|p2a: Flaaffy|Volt Switch|p1a: Pawmo\n|-resisted|p1a: Pawmo\n|-damage|p1a: Pawmo|92\/100\n|\n|t:|1699920315\n|switch|p2a: Glockeon Jr|Leafeon, M|100\/100|[from] Volt Switch\n|\n|-weather|SunnyDay|[upkeep]\n|upkeep\n|turn|4\n|\n|t:|1699920338\n|switch|p1a: Umbreon|Umbreon, M|100\/100\n|move|p2a: Glockeon Jr|Swords Dance|p2a: Glockeon Jr\n|-boost|p2a: Glockeon Jr|atk|2\n|\n|-weather|SunnyDay|[upkeep]\n|upkeep\n|turn|5\n|\n|t:|1699920344\n|-terastallize|p1a: Umbreon|Poison\n|move|p2a: Glockeon Jr|Solar Blade||[still]\n|-prepare|p2a: Glockeon Jr|Solar Blade\n|-anim|p2a: Glockeon Jr|Solar Blade|p1a: Umbreon\n|-resisted|p1a: Umbreon\n|-damage|p1a: Umbreon|33\/100\n|-damage|p2a: Glockeon Jr|91\/100|[from] item: Life Orb\n|move|p1a: Umbreon|Foul Play|p2a: Glockeon Jr\n|-damage|p2a: Glockeon Jr|40\/100\n|\n|-weather|SunnyDay|[upkeep]\n|-heal|p1a: Umbreon|39\/100|[from] item: Leftovers\n|-sideend|p2: Solaris2003|Reflect\n|upkeep\n|turn|6\n|\n|t:|1699920360\n|switch|p1a: Pawmo|Pawmo, M|92\/100\n|move|p2a: Glockeon Jr|Solar Blade||[still]\n|-prepare|p2a: Glockeon Jr|Solar Blade\n|-anim|p2a: Glockeon Jr|Solar Blade|p1a: Pawmo\n|-damage|p1a: Pawmo|0 fnt\n|faint|p1a: Pawmo\n|-damage|p2a: Glockeon Jr|30\/100|[from] item: Life Orb\n|\n|-weather|none\n|upkeep\n|\n|t:|1699920376\n|switch|p1a: Arcanine|Arcanine, F|100\/100\n|-ability|p1a: Arcanine|Intimidate|boost\n|-unboost|p2a: Glockeon Jr|atk|1\n|turn|7\n|\n|t:|1699920389\n|switch|p2a: Lycanroc|Lycanroc-Dusk, M|100\/100\n|move|p1a: Arcanine|Flare Blitz|p2a: Lycanroc\n|-resisted|p2a: Lycanroc\n|-damage|p2a: Lycanroc|54\/100\n|-damage|p1a: Arcanine|87\/100|[from] Recoil\n|\n|upkeep\n|turn|8\n|\n|t:|1699920405\n|switch|p1a: Spiritomb|Spiritomb, F, shiny|100\/100\n|-ability|p1a: Spiritomb|Pressure\n|move|p2a: Lycanroc|Accelerock|p1a: Spiritomb\n|-damage|p1a: Spiritomb|64\/100\n|\n|upkeep\n|turn|9\n|\n|t:|1699920415\n|switch|p2a: Copperajah|Copperajah, M|100\/100\n|move|p1a: Spiritomb|Trick Room|p1a: Spiritomb\n|-fieldstart|move: Trick Room|[of] p1a: Spiritomb\n|\n|upkeep\n|turn|10\n|\n|t:|1699920430\n|switch|p1a: Samurott|Samurott-Hisui, F|100\/100\n|move|p2a: Copperajah|Stealth Rock|p1a: Samurott\n|-sidestart|p1: PyroGaleZX|move: Stealth Rock\n|\n|upkeep\n|turn|11\n|\n|t:|1699920448\n|move|p2a: Copperajah|Stone Edge|p1a: Samurott\n|-damage|p1a: Samurott|48\/100\n|move|p1a: Samurott|Razor Shell|p2a: Copperajah\n|-damage|p2a: Copperajah|23\/100\n|-unboost|p2a: Copperajah|def|1\n|\n|-heal|p2a: Copperajah|30\/100|[from] item: Leftovers\n|upkeep\n|turn|12\n|\n|t:|1699920460\n|switch|p1a: Spiritomb|Spiritomb, F, shiny|64\/100\n|-damage|p1a: Spiritomb|51\/100|[from] Stealth Rock\n|-ability|p1a: Spiritomb|Pressure\n|move|p2a: Copperajah|Stone Edge|p1a: Spiritomb\n|-damage|p1a: Spiritomb|14\/100\n|\n|-heal|p2a: Copperajah|36\/100|[from] item: Leftovers\n|upkeep\n|turn|13\n|\n|t:|1699920473\n|move|p1a: Spiritomb|Destiny Bond|p1a: Spiritomb\n|-singlemove|p1a: Spiritomb|Destiny Bond\n|move|p2a: Copperajah|Heavy Slam|p1a: Spiritomb\n|-damage|p1a: Spiritomb|0 fnt\n|faint|p1a: Spiritomb\n|-activate|p1a: Spiritomb|move: Destiny Bond\n|faint|p2a: Copperajah\n|\n|-fieldend|move: Trick Room\n|upkeep\n|\n|t:|1699920499\n|switch|p2a: Lycanroc|Lycanroc-Dusk, M|54\/100\n|switch|p1a: Umbreon|Umbreon, M, tera:Poison|39\/100\n|-damage|p1a: Umbreon|27\/100|[from] Stealth Rock\n|turn|14\n|\n|t:|1699920520\n|move|p1a: Umbreon|Protect|p1a: Umbreon\n|-singleturn|p1a: Umbreon|Protect\n|move|p2a: Lycanroc|Psychic Fangs|p1a: Umbreon\n|-activate|p1a: Umbreon|move: Protect\n|\n|-heal|p1a: Umbreon|33\/100|[from] item: Leftovers\n|upkeep\n|turn|15\n|\n|t:|1699920526\n|switch|p1a: Samurott|Samurott-Hisui, F|48\/100\n|-damage|p1a: Samurott|35\/100|[from] Stealth Rock\n|move|p2a: Lycanroc|Psychic Fangs|p1a: Samurott\n|-immune|p1a: Samurott\n|\n|upkeep\n|turn|16\n|\n|t:|1699920556\n|switch|p2a: Flaaffy|Flaaffy, M|27\/100\n|move|p1a: Samurott|Knock Off|p2a: Flaaffy\n|-damage|p2a: Flaaffy|0 fnt\n|-status|p1a: Samurott|par|[from] ability: Static|[of] p2a: Flaaffy\n|faint|p2a: Flaaffy\n|\n|upkeep\n|\n|t:|1699920573\n|switch|p2a: Lycanroc|Lycanroc-Dusk, M|54\/100\n|turn|17\n|\n|t:|1699920587\n|move|p2a: Lycanroc|Close Combat|p1a: Samurott\n|-supereffective|p1a: Samurott\n|-damage|p1a: Samurott|0 fnt\n|-unboost|p2a: Lycanroc|def|1\n|-unboost|p2a: Lycanroc|spd|1\n|faint|p1a: Samurott\n|\n|upkeep\n|\n|t:|1699920592\n|switch|p1a: Enamorus|Enamorus-Therian, F|100\/100\n|-damage|p1a: Enamorus|76\/100|[from] Stealth Rock\n|turn|18\n|\n|t:|1699920641\n|switch|p2a: Cinderace|Cinderace, F|100\/100\n|move|p1a: Enamorus|Earth Power|p2a: Cinderace\n|-supereffective|p2a: Cinderace\n|-damage|p2a: Cinderace|0 fnt\n|faint|p2a: Cinderace\n|\n|upkeep\n|\n|t:|1699920659\n|switch|p2a: Lycanroc|Lycanroc-Dusk, M|54\/100\n|turn|19\n|\n|t:|1699920675\n|switch|p1a: Umbreon|Umbreon, M, tera:Poison|33\/100\n|-damage|p1a: Umbreon|21\/100|[from] Stealth Rock\n|move|p2a: Lycanroc|Iron Head|p1a: Umbreon\n|-damage|p1a: Umbreon|0 fnt\n|faint|p1a: Umbreon\n|\n|upkeep\n|\n|t:|1699920678\n|switch|p1a: Arcanine|Arcanine, F|87\/100\n|-ability|p1a: Arcanine|Intimidate|boost\n|-unboost|p2a: Lycanroc|atk|1\n|turn|20\n|\n|t:|1699920696\n|move|p2a: Lycanroc|Iron Head|p1a: Arcanine\n|-resisted|p1a: Arcanine\n|-damage|p1a: Arcanine|62\/100\n|cant|p1a: Arcanine|flinch\n|\n|upkeep\n|turn|21\n|\n|t:|1699920715\n|switch|p2a: Noivern|Noivern, F|100\/100\n|move|p1a: Arcanine|Roar|p2a: Noivern\n|drag|p2a: Glockeon Jr|Leafeon, M|30\/100\n|\n|upkeep\n|turn|22\n|\n|t:|1699920736\n|switch|p2a: Noivern|Noivern, F|100\/100\n|move|p1a: Arcanine|Flare Blitz|p2a: Noivern\n|-resisted|p2a: Noivern\n|-damage|p2a: Noivern|62\/100\n|-damage|p1a: Arcanine|49\/100|[from] Recoil\n|\n|upkeep\n|turn|23\n|\n|t:|1699920754\n|move|p2a: Noivern|Draco Meteor|p1a: Arcanine\n|-damage|p1a: Arcanine|0 fnt\n|-unboost|p2a: Noivern|spa|2\n|faint|p1a: Arcanine\n|-damage|p2a: Noivern|52\/100|[from] item: Life Orb\n|\n|upkeep\n|\n|t:|1699920757\n|switch|p1a: Enamorus|Enamorus-Therian, F|76\/100\n|-damage|p1a: Enamorus|51\/100|[from] Stealth Rock\n|turn|24\n|\n|t:|1699920767\n|move|p2a: Noivern|Sunny Day|p2a: Noivern\n|-weather|SunnyDay\n|move|p1a: Enamorus|Calm Mind|p1a: Enamorus\n|-boost|p1a: Enamorus|spa|1\n|-boost|p1a: Enamorus|spd|1\n|\n|-weather|SunnyDay|[upkeep]\n|upkeep\n|turn|25\n|\n|t:|1699920774\n|move|p2a: Noivern|Air Slash|p1a: Enamorus\n|-damage|p1a: Enamorus|37\/100\n|-damage|p2a: Noivern|42\/100|[from] item: Life Orb\n|move|p1a: Enamorus|Draining Kiss|p2a: Noivern\n|-supereffective|p2a: Noivern\n|-damage|p2a: Noivern|0 fnt\n|-heal|p1a: Enamorus|73\/100|[from] drain|[of] p2a: Noivern\n|faint|p2a: Noivern\n|\n|-weather|SunnyDay|[upkeep]\n|upkeep\n|\n|t:|1699920783\n|switch|p2a: Glockeon Jr|Leafeon, M|30\/100\n|turn|26\n|\n|t:|1699920787\n|move|p2a: Glockeon Jr|Solar Blade||[still]\n|-prepare|p2a: Glockeon Jr|Solar Blade\n|-anim|p2a: Glockeon Jr|Solar Blade|p1a: Enamorus\n|-resisted|p1a: Enamorus\n|-damage|p1a: Enamorus|38\/100\n|-damage|p2a: Glockeon Jr|20\/100|[from] item: Life Orb\n|move|p1a: Enamorus|Draining Kiss|p2a: Glockeon Jr\n|-damage|p2a: Glockeon Jr|0 fnt\n|-heal|p1a: Enamorus|53\/100|[from] drain|[of] p2a: Glockeon Jr\n|faint|p2a: Glockeon Jr\n|\n|-weather|SunnyDay|[upkeep]\n|upkeep\n|\n|t:|1699920798\n|switch|p2a: Lycanroc|Lycanroc-Dusk, M|54\/100\n|turn|27\n|\n|t:|1699920804\n|move|p2a: Lycanroc|Iron Head|p1a: Enamorus\n|-supereffective|p1a: Enamorus\n|-damage|p1a: Enamorus|0 fnt\n|faint|p1a: Enamorus\n|\n|win|Solaris2003\n","uploadtime":1699920823,"views":5,"p1id":"pyrogalezx","p2id":"solaris2003","formatid":"gen9nationaldex","rating":0,"private":0,"password":""}