{"id":"gen9nationaldex-1992809150","p1":"coolmanbestguy123","p2":"HanFong","format":"[Gen 9] National Dex","log":"|j|\u2606coolmanbestguy123\n|j|\u2606HanFong\n|t:|1700237326\n|gametype|singles\n|player|p1|coolmanbestguy123|diantha|1349\n|player|p2|HanFong|169|1443\n|teamsize|p1|6\n|teamsize|p2|6\n|gen|9\n|tier|[Gen 9] National Dex\n|rated|\n|rule|HP Percentage Mod: HP is shown in percentages\n|rule|Endless Battle Clause: Forcing endless battles is banned\n|rule|OHKO Clause: OHKO moves are banned\n|rule|Evasion Clause: Evasion abilities, items, and moves are banned\n|rule|Evasion Abilities Clause: Evasion abilities are banned\n|rule|Evasion Items Clause: Evasion items are banned\n|rule|Evasion Moves Clause: Evasion moves are banned\n|rule|Species Clause: Limit one of each Pok\u00e9mon\n|rule|Sleep Clause Mod: Limit one foe put to sleep\n|clearpoke\n|poke|p1|Ogerpon-Wellspring, F|\n|poke|p1|Dragonite, F|\n|poke|p1|Sneasler, M|\n|poke|p1|Tapu Lele|\n|poke|p1|Glimmora, M|\n|poke|p1|Blaziken, M|\n|poke|p2|Sneasler, M|\n|poke|p2|Rillaboom, M|\n|poke|p2|Zapdos|\n|poke|p2|Empoleon, M|\n|poke|p2|Dragonite, F|\n|poke|p2|Ursaluna, F|\n|teampreview\n|inactive|Battle timer is ON: inactive players will automatically lose when time's up. (requested by coolmanbestguy123)\n|\n|t:|1700237348\n|start\n|switch|p1a: KFC|Blaziken, M|100\/100\n|switch|p2a: Empoleon|Empoleon, M|100\/100\n|turn|1\n|\n|t:|1700237356\n|switch|p2a: Dragonite|Dragonite, F|100\/100\n|move|p1a: KFC|Protect||[still]\n|-fail|p1a: KFC\n|\n|-ability|p1a: KFC|Speed Boost|boost\n|-boost|p1a: KFC|spe|1\n|upkeep\n|turn|2\n|\n|t:|1700237363\n|move|p2a: Dragonite|Extreme Speed|p1a: KFC\n|-damage|p1a: KFC|53\/100\n|move|p1a: KFC|Mirror Move|p2a: Dragonite\n|move|p1a: KFC|Extreme Speed|p2a: Dragonite|[from]move: Mirror Move\n|-damage|p2a: Dragonite|87\/100\n|\n|-ability|p1a: KFC|Speed Boost|boost\n|-boost|p1a: KFC|spe|1\n|upkeep\n|turn|3\n|\n|t:|1700237369\n|move|p1a: KFC|Protect|p1a: KFC\n|-singleturn|p1a: KFC|Protect\n|move|p2a: Dragonite|Extreme Speed|p1a: KFC\n|-activate|p1a: KFC|move: Protect\n|\n|-ability|p1a: KFC|Speed Boost|boost\n|-boost|p1a: KFC|spe|1\n|upkeep\n|turn|4\n|\n|t:|1700237375\n|switch|p1a: plug|Glimmora, M|100\/100\n|-terastallize|p2a: Dragonite|Normal\n|move|p2a: Dragonite|Extreme Speed|p1a: plug\n|-resisted|p1a: plug\n|-damage|p1a: plug|71\/100\n|-activate|p1a: plug|ability: Toxic Debris\n|-sidestart|p2: HanFong|move: Toxic Spikes\n|\n|upkeep\n|turn|5\n|\n|t:|1700237380\n|switch|p2a: Empoleon|Empoleon, M|100\/100\n|move|p1a: plug|Stealth Rock|p2a: Empoleon\n|-sidestart|p2: HanFong|move: Stealth Rock\n|\n|upkeep\n|turn|6\n|\n|t:|1700237382\n|move|p1a: plug|Earth Power|p2a: Empoleon\n|-supereffective|p2a: Empoleon\n|-damage|p2a: Empoleon|53\/100\n|move|p2a: Empoleon|Stealth Rock|p1a: plug\n|-sidestart|p1: coolmanbestguy123|move: Stealth Rock\n|\n|upkeep\n|turn|7\n|\n|t:|1700237389\n|switch|p1a: lala lele|Tapu Lele|100\/100\n|-damage|p1a: lala lele|88\/100|[from] Stealth Rock\n|-fieldstart|move: Psychic Terrain|[from] ability: Psychic Surge|[of] p1a: lala lele\n|move|p2a: Empoleon|Roost|p2a: Empoleon\n|-heal|p2a: Empoleon|100\/100\n|-singleturn|p2a: Empoleon|move: Roost\n|\n|upkeep\n|turn|8\n|\n|t:|1700237392\n|move|p1a: lala lele|Focus Blast|p2a: Empoleon\n|-supereffective|p2a: Empoleon\n|-damage|p2a: Empoleon|39\/100\n|move|p2a: Empoleon|Yawn|p1a: lala lele\n|-start|p1a: lala lele|move: Yawn|[of] p2a: Empoleon\n|\n|upkeep\n|turn|9\n|\n|t:|1700237397\n|move|p1a: lala lele|Focus Blast|p2a: Empoleon|[miss]\n|-miss|p1a: lala lele|p2a: Empoleon\n|move|p2a: Empoleon|Roost|p2a: Empoleon\n|-heal|p2a: Empoleon|89\/100\n|-singleturn|p2a: Empoleon|move: Roost\n|\n|-end|p1a: lala lele|move: Yawn|[silent]\n|-status|p1a: lala lele|slp\n|upkeep\n|turn|10\n|\n|t:|1700237407\n|switch|p1a: thy end is now|Sneasler, M|100\/100\n|-damage|p1a: thy end is now|95\/100|[from] Stealth Rock\n|-enditem|p1a: thy end is now|Psychic Seed\n|-boost|p1a: thy end is now|spd|1|[from] item: Psychic Seed\n|switch|p2a: Rillaboom|Rillaboom, M|100\/100\n|-status|p2a: Rillaboom|psn\n|-damage|p2a: Rillaboom|88\/100 psn|[from] Stealth Rock\n|-fieldstart|move: Grassy Terrain|[from] ability: Grassy Surge|[of] p2a: Rillaboom\n|\n|-heal|p1a: thy end is now|100\/100|[from] Grassy Terrain\n|-heal|p2a: Rillaboom|94\/100 psn|[from] Grassy Terrain\n|-damage|p2a: Rillaboom|82\/100 psn|[from] psn\n|upkeep\n|turn|11\n|\n|t:|1700237411\n|move|p1a: thy end is now|Swords Dance|p1a: thy end is now\n|-boost|p1a: thy end is now|atk|2\n|move|p2a: Rillaboom|Wood Hammer|p1a: thy end is now\n|-resisted|p1a: thy end is now\n|-damage|p1a: thy end is now|12\/100\n|-damage|p2a: Rillaboom|59\/100 psn|[from] Recoil\n|\n|-heal|p1a: thy end is now|18\/100|[from] Grassy Terrain\n|-heal|p2a: Rillaboom|65\/100 psn|[from] Grassy Terrain\n|-damage|p2a: Rillaboom|53\/100 psn|[from] psn\n|upkeep\n|turn|12\n|\n|t:|1700237414\n|move|p2a: Rillaboom|Grassy Glide|p1a: thy end is now\n|-resisted|p1a: thy end is now\n|-damage|p1a: thy end is now|0 fnt\n|faint|p1a: thy end is now\n|\n|-heal|p2a: Rillaboom|59\/100 psn|[from] Grassy Terrain\n|-damage|p2a: Rillaboom|46\/100 psn|[from] psn\n|upkeep\n|\n|t:|1700237420\n|switch|p1a: plug|Glimmora, M|71\/100\n|-damage|p1a: plug|58\/100|[from] Stealth Rock\n|turn|13\n|\n|t:|1700237424\n|move|p2a: Rillaboom|Grassy Glide|p1a: plug\n|-damage|p1a: plug|0 fnt\n|-activate|p1a: plug|ability: Toxic Debris\n|-sidestart|p2: HanFong|move: Toxic Spikes\n|faint|p1a: plug\n|\n|-heal|p2a: Rillaboom|53\/100 psn|[from] Grassy Terrain\n|-damage|p2a: Rillaboom|40\/100 psn|[from] psn\n|upkeep\n|\n|t:|1700237430\n|switch|p1a: Da Biggest D|Dragonite, F|100\/100\n|turn|14\n|\n|t:|1700237433\n|move|p1a: Da Biggest D|Dragon Dance|p1a: Da Biggest D\n|-boost|p1a: Da Biggest D|atk|1\n|-boost|p1a: Da Biggest D|spe|1\n|move|p2a: Rillaboom|Knock Off|p1a: Da Biggest D\n|-damage|p1a: Da Biggest D|81\/100\n|-enditem|p1a: Da Biggest D|Heavy-Duty Boots|[from] move: Knock Off|[of] p2a: Rillaboom\n|\n|-heal|p2a: Rillaboom|46\/100 psn|[from] Grassy Terrain\n|-damage|p2a: Rillaboom|34\/100 psn|[from] psn\n|-fieldend|move: Grassy Terrain\n|upkeep\n|turn|15\n|\n|t:|1700237438\n|move|p1a: Da Biggest D|Dragon Dance|p1a: Da Biggest D\n|-boost|p1a: Da Biggest D|atk|1\n|-boost|p1a: Da Biggest D|spe|1\n|move|p2a: Rillaboom|U-turn|p1a: Da Biggest D\n|-resisted|p1a: Da Biggest D\n|-damage|p1a: Da Biggest D|66\/100\n|\n|t:|1700237440\n|switch|p2a: Empoleon|Empoleon, M|89\/100|[from] U-turn\n|-damage|p2a: Empoleon|82\/100|[from] Stealth Rock\n|\n|upkeep\n|turn|16\n|\n|t:|1700237443\n|move|p1a: Da Biggest D|Earthquake|p2a: Empoleon\n|-supereffective|p2a: Empoleon\n|-crit|p2a: Empoleon\n|-damage|p2a: Empoleon|0 fnt\n|faint|p2a: Empoleon\n|\n|upkeep\n|\n|t:|1700237448\n|switch|p2a: Rillaboom|Rillaboom, M|34\/100 psn\n|-damage|p2a: Rillaboom|21\/100 psn|[from] Stealth Rock\n|-fieldstart|move: Grassy Terrain|[from] ability: Grassy Surge|[of] p2a: Rillaboom\n|turn|17\n|\n|t:|1700237452\n|move|p1a: Da Biggest D|Extreme Speed|p2a: Rillaboom\n|-damage|p2a: Rillaboom|0 fnt\n|faint|p2a: Rillaboom\n|\n|upkeep\n|\n|t:|1700237455\n|switch|p2a: Zapdos|Zapdos|100\/100\n|turn|18\n|\n|t:|1700237458\n|move|p1a: Da Biggest D|Dragon Dance|p1a: Da Biggest D\n|-boost|p1a: Da Biggest D|atk|1\n|-boost|p1a: Da Biggest D|spe|1\n|move|p2a: Zapdos|Toxic|p1a: Da Biggest D\n|-status|p1a: Da Biggest D|tox\n|\n|-damage|p1a: Da Biggest D|60\/100 tox|[from] psn\n|upkeep\n|turn|19\n|\n|t:|1700237461\n|move|p1a: Da Biggest D|Dragon Dance|p1a: Da Biggest D\n|-boost|p1a: Da Biggest D|atk|1\n|-boost|p1a: Da Biggest D|spe|1\n|move|p2a: Zapdos|Hidden Power|p1a: Da Biggest D\n|-supereffective|p1a: Da Biggest D\n|-damage|p1a: Da Biggest D|0 fnt\n|faint|p1a: Da Biggest D\n|\n|upkeep\n|\n|t:|1700237466\n|switch|p1a: Its Oger|Ogerpon-Wellspring, F|100\/100\n|-damage|p1a: Its Oger|88\/100|[from] Stealth Rock\n|turn|20\n|\n|t:|1700237471\n|move|p1a: Its Oger|Ivy Cudgel|p2a: Zapdos|[anim] Ivy Cudgel Water\n|-crit|p2a: Zapdos\n|-damage|p2a: Zapdos|22\/100\n|move|p2a: Zapdos|Toxic|p1a: Its Oger\n|-status|p1a: Its Oger|tox\n|\n|-heal|p1a: Its Oger|94\/100 tox|[from] Grassy Terrain\n|-damage|p1a: Its Oger|88\/100 tox|[from] psn\n|upkeep\n|turn|21\n|\n|t:|1700237478\n|move|p1a: Its Oger|Ivy Cudgel|p2a: Zapdos|[anim] Ivy Cudgel Water\n|-damage|p2a: Zapdos|0 fnt\n|faint|p2a: Zapdos\n|\n|-heal|p1a: Its Oger|94\/100 tox|[from] Grassy Terrain\n|-damage|p1a: Its Oger|82\/100 tox|[from] psn\n|-fieldend|move: Grassy Terrain\n|upkeep\n|\n|t:|1700237481\n|switch|p2a: Dragonite|Dragonite, F, tera:Normal|87\/100\n|turn|22\n|\n|t:|1700237484\n|move|p1a: Its Oger|Ivy Cudgel|p2a: Dragonite|[anim] Ivy Cudgel Water\n|-damage|p2a: Dragonite|31\/100\n|move|p2a: Dragonite|Roost|p2a: Dragonite\n|-heal|p2a: Dragonite|81\/100\n|\n|-damage|p1a: Its Oger|64\/100 tox|[from] psn\n|upkeep\n|turn|23\n|\n|t:|1700237489\n|move|p1a: Its Oger|Swords Dance|p1a: Its Oger\n|-boost|p1a: Its Oger|atk|2\n|move|p2a: Dragonite|Curse|p2a: Dragonite\n|-unboost|p2a: Dragonite|spe|1\n|-boost|p2a: Dragonite|atk|1\n|-boost|p2a: Dragonite|def|1\n|\n|-damage|p1a: Its Oger|40\/100 tox|[from] psn\n|upkeep\n|turn|24\n|\n|t:|1700237492\n|move|p2a: Dragonite|Extreme Speed|p1a: Its Oger\n|-damage|p1a: Its Oger|0 fnt\n|faint|p1a: Its Oger\n|\n|upkeep\n|\n|t:|1700237496\n|switch|p1a: lala lele|Tapu Lele|88\/100 slp\n|-damage|p1a: lala lele|76\/100 slp|[from] Stealth Rock\n|-fieldstart|move: Psychic Terrain|[from] ability: Psychic Surge|[of] p1a: lala lele\n|turn|25\n|\n|t:|1700237501\n|cant|p1a: lala lele|slp\n|move|p2a: Dragonite|Fire Punch|p1a: lala lele\n|-damage|p1a: lala lele|11\/100 slp\n|\n|upkeep\n|turn|26\n|\n|t:|1700237504\n|-curestatus|p1a: lala lele|slp|[msg]\n|move|p1a: lala lele|Focus Blast|p2a: Dragonite\n|-supereffective|p2a: Dragonite\n|-damage|p2a: Dragonite|12\/100\n|move|p2a: Dragonite|Fire Punch|p1a: lala lele\n|-damage|p1a: lala lele|0 fnt\n|faint|p1a: lala lele\n|\n|upkeep\n|\n|t:|1700237510\n|switch|p1a: KFC|Blaziken, M|53\/100\n|-damage|p1a: KFC|40\/100|[from] Stealth Rock\n|turn|27\n|\n|t:|1700237512\n|move|p1a: KFC|Earthquake|p2a: Dragonite\n|-damage|p2a: Dragonite|0 fnt\n|faint|p2a: Dragonite\n|\n|-ability|p1a: KFC|Speed Boost|boost\n|-boost|p1a: KFC|spe|1\n|upkeep\n|\n|t:|1700237518\n|switch|p2a: Ursaluna|Ursaluna, F|100\/100\n|-status|p2a: Ursaluna|tox\n|-damage|p2a: Ursaluna|94\/100 tox|[from] Stealth Rock\n|turn|28\n|\n|t:|1700237523\n|move|p1a: KFC|Protect|p1a: KFC\n|-singleturn|p1a: KFC|Protect\n|move|p2a: Ursaluna|Headlong Rush|p1a: KFC\n|-activate|p1a: KFC|move: Protect\n|\n|-damage|p2a: Ursaluna|88\/100 tox|[from] psn\n|-ability|p1a: KFC|Speed Boost|boost\n|-boost|p1a: KFC|spe|1\n|upkeep\n|turn|29\n|\n|t:|1700237530\n|-zpower|p1a: KFC\n|move|p1a: KFC|Z-Mirror Move|p2a: Ursaluna|[anim]Mirror Move\n|-boost|p1a: KFC|atk|2|[zeffect]\n|move|p1a: KFC|Tectonic Rage|p2a: Ursaluna|[from]move: Mirror Move\n|-damage|p2a: Ursaluna|0 fnt\n|faint|p2a: Ursaluna\n|\n|-fieldend|move: Psychic Terrain\n|-ability|p1a: KFC|Speed Boost|boost\n|-boost|p1a: KFC|spe|1\n|upkeep\n|\n|t:|1700237537\n|switch|p2a: Sneasler|Sneasler, M|100\/100\n|-sideend|p2: HanFong|move: Toxic Spikes|[of] p2a: Sneasler\n|-damage|p2a: Sneasler|95\/100|[from] Stealth Rock\n|turn|30\n|\n|t:|1700237540\n|move|p1a: KFC|Earthquake|p2a: Sneasler\n|-supereffective|p2a: Sneasler\n|-damage|p2a: Sneasler|0 fnt\n|faint|p2a: Sneasler\n|\n|win|coolmanbestguy123\n|raw|coolmanbestguy123's rating: 1349 &rarr; <strong>1374<\/strong><br \/>(+25 for winning)\n|raw|HanFong's rating: 1443 &rarr; <strong>1418<\/strong><br \/>(-25 for losing)\n","uploadtime":1700237546,"views":16,"p1id":"coolmanbestguy123","p2id":"hanfong","formatid":"gen9nationaldex","rating":1374,"private":0,"password":""}