{"id":"gen9nationaldex-1993870808","p1":"JuzOzuj","p2":"OnlyPyper","format":"[Gen 9] National Dex","log":"|j|\u2606JuzOzuj\n|j|\u2606OnlyPyper\n|t:|1700367924\n|gametype|singles\n|player|p1|JuzOzuj|bede-masters|\n|player|p2|OnlyPyper|shauntal|\n|teamsize|p1|6\n|teamsize|p2|6\n|gen|9\n|tier|[Gen 9] National Dex\n|rule|HP Percentage Mod: HP is shown in percentages\n|rule|Endless Battle Clause: Forcing endless battles is banned\n|rule|OHKO Clause: OHKO moves are banned\n|rule|Evasion Clause: Evasion abilities, items, and moves are banned\n|rule|Evasion Abilities Clause: Evasion abilities are banned\n|rule|Evasion Items Clause: Evasion items are banned\n|rule|Evasion Moves Clause: Evasion moves are banned\n|rule|Species Clause: Limit one of each Pok\u00e9mon\n|rule|Sleep Clause Mod: Limit one foe put to sleep\n|clearpoke\n|poke|p1|Meowscarada, M|\n|poke|p1|Blaziken, F|\n|poke|p1|Togekiss, F|\n|poke|p1|Hydreigon, M|\n|poke|p1|Golisopod, M|\n|poke|p1|Toxapex, F|\n|poke|p2|Drapion, F|\n|poke|p2|Empoleon, M|\n|poke|p2|Lucario, M|\n|poke|p2|Froslass, F|\n|poke|p2|Gardevoir, M|\n|poke|p2|Lopunny, M|\n|teampreview\n|c|\u2606JuzOzuj|Uhhhh\n|c|\u2606JuzOzuj|Suerte\n|c|\u2606OnlyPyper|Si solo vez los \u00faltimos 4 pokes de mi team se ve re turbio\n|c|\u2606JuzOzuj|nunca e peeliado contra ellos\n|c|\u2606OnlyPyper|Suerte\n|c|\u2606JuzOzuj|Y si\n|\n|t:|1700367967\n|start\n|switch|p1a: Asmodeus|Meowscarada, M|100\/100\n|switch|p2a: Aira|Lopunny, M|100\/100\n|turn|1\n|\n|t:|1700367977\n|switch|p1a: Lotan|Toxapex, F|100\/100\n|move|p2a: Aira|U-turn|p1a: Lotan\n|-resisted|p1a: Lotan\n|-damage|p1a: Lotan|94\/100\n|\n|t:|1700367991\n|switch|p2a: Ryu|Lucario, M|100\/100|[from] U-turn\n|\n|-heal|p1a: Lotan|100\/100|[from] item: Leftovers\n|upkeep\n|turn|2\n|\n|t:|1700368012\n|move|p2a: Ryu|Swords Dance|p2a: Ryu\n|-boost|p2a: Ryu|atk|2\n|move|p1a: Lotan|Scald|p2a: Ryu\n|-damage|p2a: Ryu|73\/100\n|\n|upkeep\n|turn|3\n|\n|t:|1700368020\n|switch|p1a: Abaddon|Golisopod, M|100\/100\n|move|p2a: Ryu|Earthquake|p1a: Abaddon\n|-resisted|p1a: Abaddon\n|-damage|p1a: Abaddon|73\/100\n|-damage|p2a: Ryu|63\/100|[from] item: Life Orb\n|\n|upkeep\n|turn|4\n|\n|t:|1700368035\n|move|p2a: Ryu|Extreme Speed|p1a: Abaddon\n|-damage|p1a: Abaddon|29\/100\n|-activate|p1a: Abaddon|ability: Emergency Exit\n|-damage|p2a: Ryu|54\/100|[from] item: Life Orb\n|\n|t:|1700368049\n|switch|p1a: Brigit|Blaziken, F|100\/100\n|\n|upkeep\n|turn|5\n|\n|t:|1700368066\n|move|p2a: Ryu|Extreme Speed|p1a: Brigit\n|-damage|p1a: Brigit|0 fnt\n|faint|p1a: Brigit\n|-damage|p2a: Ryu|44\/100|[from] item: Life Orb\n|\n|upkeep\n|c|\u2606JuzOzuj|Loool\n|c|\u2606JuzOzuj|no lo aguanto\n|\n|t:|1700368078\n|switch|p1a: Abaddon|Golisopod, M|29\/100\n|turn|6\n|\n|t:|1700368081\n|move|p2a: Ryu|Extreme Speed|p1a: Abaddon\n|-damage|p1a: Abaddon|0 fnt\n|faint|p1a: Abaddon\n|-damage|p2a: Ryu|34\/100|[from] item: Life Orb\n|\n|upkeep\n|\n|t:|1700368092\n|switch|p1a: Asmodeus|Meowscarada, M|100\/100\n|turn|7\n|\n|t:|1700368096\n|move|p2a: Ryu|Extreme Speed|p1a: Asmodeus\n|-crit|p1a: Asmodeus\n|-enditem|p1a: Asmodeus|Focus Sash\n|-damage|p1a: Asmodeus|1\/100\n|-damage|p2a: Ryu|24\/100|[from] item: Life Orb\n|move|p1a: Asmodeus|Flower Trick|p2a: Ryu\n|-start|p1a: Asmodeus|typechange|Grass|[from] ability: Protean\n|-resisted|p2a: Ryu\n|-crit|p2a: Ryu\n|-damage|p2a: Ryu|0 fnt\n|faint|p2a: Ryu\n|\n|upkeep\n|\n|t:|1700368109\n|switch|p2a: Aira|Lopunny, M|100\/100\n|turn|8\n|c|\u2606OnlyPyper|Me doy por bien servida\n|c|\u2606OnlyPyper|3 pokes\n|\n|t:|1700368121\n|switch|p1a: Lotan|Toxapex, F|100\/100\n|move|p2a: Aira|U-turn|p1a: Lotan\n|-resisted|p1a: Lotan\n|-damage|p1a: Lotan|95\/100\n|\n|t:|1700368132\n|switch|p2a: Yuki|Froslass, F|100\/100|[from] U-turn\n|\n|-heal|p1a: Lotan|100\/100|[from] item: Leftovers\n|upkeep\n|turn|9\n|\n|t:|1700368144\n|switch|p1a: Asmodeus|Meowscarada, M|1\/100\n|move|p2a: Yuki|Trick|p1a: Asmodeus\n|-activate|p2a: Yuki|move: Trick|[of] p1a: Asmodeus\n|-item|p1a: Asmodeus|Choice Specs|[from] move: Trick\n|-enditem|p2a: Yuki|Choice Specs|[silent]|[from] move: Trick\n|\n|upkeep\n|turn|10\n|c|\u2606JuzOzuj|HAHAHAHA\n|c|\u2606OnlyPyper|Son specs no scarf\n|c|\u2606JuzOzuj|igual\n|c|\u2606JuzOzuj|xd\n|c|\u2606OnlyPyper|Te jode\n|c|\u2606OnlyPyper|A mi me ayuda xd\n|\n|t:|1700368186\n|switch|p2a: Cross|Drapion, F|100\/100\n|move|p1a: Asmodeus|Flower Trick|p2a: Cross\n|-start|p1a: Asmodeus|typechange|Grass|[from] ability: Protean\n|-resisted|p2a: Cross\n|-crit|p2a: Cross\n|-damage|p2a: Cross|75\/100\n|\n|upkeep\n|turn|11\n|\n|t:|1700368199\n|switch|p1a: Lotan|Toxapex, F|100\/100\n|move|p2a: Cross|Agility|p2a: Cross\n|-boost|p2a: Cross|spe|2\n|\n|upkeep\n|turn|12\n|\n|t:|1700368210\n|switch|p2a: Yuki|Froslass, F|100\/100\n|move|p1a: Lotan|Haze|p1a: Lotan\n|-clearallboost\n|\n|upkeep\n|turn|13\n|\n|t:|1700368223\n|move|p2a: Yuki|Destiny Bond|p2a: Yuki\n|-singlemove|p2a: Yuki|Destiny Bond\n|move|p1a: Lotan|Toxic|p2a: Yuki\n|-status|p2a: Yuki|tox\n|\n|-damage|p2a: Yuki|94\/100 tox|[from] psn\n|upkeep\n|turn|14\n|c|\u2606OnlyPyper|Raz\u00f3n? Zy\n|\n|t:|1700368231\n|switch|p1a: Asmodeus|Meowscarada, M|1\/100\n|move|p2a: Yuki|Trick|p1a: Asmodeus\n|-activate|p2a: Yuki|move: Trick|[of] p1a: Asmodeus\n|-enditem|p1a: Asmodeus|Choice Specs|[silent]|[from] move: Trick\n|-item|p2a: Yuki|Choice Specs|[from] move: Trick\n|\n|-damage|p2a: Yuki|82\/100 tox|[from] psn\n|upkeep\n|turn|15\n|\n|t:|1700368248\n|move|p1a: Asmodeus|Thunder Punch|p2a: Yuki\n|-start|p1a: Asmodeus|typechange|Electric|[from] ability: Protean\n|-damage|p2a: Yuki|28\/100 tox\n|move|p2a: Yuki|Ice Beam|p1a: Asmodeus\n|-damage|p1a: Asmodeus|0 fnt\n|faint|p1a: Asmodeus\n|\n|-damage|p2a: Yuki|9\/100 tox|[from] psn\n|upkeep\n|\n|t:|1700368266\n|switch|p1a: Belfegor|Hydreigon, M|100\/100\n|turn|16\n|\n|t:|1700368278\n|move|p1a: Belfegor|Flamethrower|p2a: Yuki\n|-supereffective|p2a: Yuki\n|-damage|p2a: Yuki|0 fnt\n|faint|p2a: Yuki\n|\n|upkeep\n|\n|t:|1700368289\n|switch|p2a: Tridente|Empoleon, M|100\/100\n|turn|17\n|\n|t:|1700368296\n|switch|p1a: Cass|Togekiss, F, shiny|100\/100\n|move|p2a: Tridente|Stealth Rock|p1a: Cass\n|-sidestart|p1: JuzOzuj|move: Stealth Rock\n|\n|upkeep\n|turn|18\n|\n|t:|1700368305\n|switch|p2a: Aira|Lopunny, M|100\/100\n|move|p1a: Cass|Thunder Wave|p2a: Aira\n|-immune|p2a: Aira|[from] ability: Limber\n|\n|upkeep\n|turn|19\n|\n|t:|1700368324\n|-terastallize|p2a: Aira|Normal\n|move|p2a: Aira|Return|p1a: Cass\n|-damage|p1a: Cass|52\/100\n|move|p1a: Cass|Thunder Wave|p2a: Aira\n|-immune|p2a: Aira|[from] ability: Limber\n|\n|upkeep\n|turn|20\n|c|\u2606JuzOzuj|Dafuck\n|c|\u2606JuzOzuj|LIMBER\n|c|\u2606OnlyPyper|Y ese protip?\n|c|\u2606JuzOzuj|LIIIIIMBERRRRRRRRRRRR\n|c|\u2606OnlyPyper|Jsjsjsjsjsj\n|\n|t:|1700368366\n|move|p2a: Aira|Return|p1a: Cass\n|-damage|p1a: Cass|1\/100\n|move|p1a: Cass|Soft-Boiled|p1a: Cass\n|-heal|p1a: Cass|51\/100\n|\n|upkeep\n|turn|21\n|\n|t:|1700368374\n|-terastallize|p1a: Cass|Steel\n|move|p2a: Aira|Return|p1a: Cass\n|-resisted|p1a: Cass\n|-damage|p1a: Cass|26\/100\n|move|p1a: Cass|Soft-Boiled|p1a: Cass\n|-heal|p1a: Cass|76\/100\n|\n|upkeep\n|turn|22\n|\n|t:|1700368380\n|switch|p2a: Tridente|Empoleon, M|100\/100\n|move|p1a: Cass|Defog|p2a: Tridente\n|-unboost|p2a: Tridente|evasion|1\n|-ability|p2a: Tridente|Competitive|boost\n|-boost|p2a: Tridente|spa|2\n|-sideend|p1: JuzOzuj|Stealth Rock|[from] move: Defog|[of] p1a: Cass\n|\n|upkeep\n|turn|23\n|c|\u2606OnlyPyper|UwU\n|\n|t:|1700368389\n|move|p1a: Cass|Thunder Wave|p2a: Tridente\n|-status|p2a: Tridente|par\n|move|p2a: Tridente|Scald|p1a: Cass\n|-damage|p1a: Cass|40\/100\n|\n|upkeep\n|turn|24\n|c|\u2606OnlyPyper|Dios c\u00f3mo aguanta\n|\n|t:|1700368405\n|move|p1a: Cass|Air Slash|p2a: Tridente\n|-resisted|p2a: Tridente\n|-damage|p2a: Tridente|91\/100 par\n|cant|p2a: Tridente|flinch\n|\n|-heal|p2a: Tridente|97\/100 par|[from] item: Leftovers\n|upkeep\n|turn|25\n|\n|t:|1700368411\n|move|p1a: Cass|Air Slash|p2a: Tridente\n|-resisted|p2a: Tridente\n|-damage|p2a: Tridente|88\/100 par\n|cant|p2a: Tridente|flinch\n|\n|-heal|p2a: Tridente|94\/100 par|[from] item: Leftovers\n|upkeep\n|turn|26\n|\n|t:|1700368419\n|move|p1a: Cass|Soft-Boiled|p1a: Cass\n|-heal|p1a: Cass|90\/100\n|move|p2a: Tridente|Scald|p1a: Cass\n|-damage|p1a: Cass|56\/100\n|-status|p1a: Cass|brn\n|\n|-heal|p2a: Tridente|99\/100 par|[from] item: Leftovers\n|-damage|p1a: Cass|49\/100 brn|[from] brn\n|upkeep\n|turn|27\n|\n|t:|1700368429\n|switch|p1a: Lotan|Toxapex, F|100\/100\n|move|p2a: Tridente|Scald|p1a: Lotan\n|-resisted|p1a: Lotan\n|-damage|p1a: Lotan|75\/100\n|-status|p1a: Lotan|brn\n|\n|-heal|p1a: Lotan|81\/100 brn|[from] item: Leftovers\n|-heal|p2a: Tridente|100\/100 par|[from] item: Leftovers\n|-damage|p1a: Lotan|75\/100 brn|[from] brn\n|upkeep\n|turn|28\n|\n|t:|1700368439\n|move|p1a: Lotan|Scald|p2a: Tridente\n|-resisted|p2a: Tridente\n|-damage|p2a: Tridente|95\/100 par\n|move|p2a: Tridente|Stealth Rock|p1a: Lotan\n|-sidestart|p1: JuzOzuj|move: Stealth Rock\n|\n|-heal|p1a: Lotan|81\/100 brn|[from] item: Leftovers\n|-heal|p2a: Tridente|100\/100 par|[from] item: Leftovers\n|-damage|p1a: Lotan|75\/100 brn|[from] brn\n|upkeep\n|turn|29\n|\n|t:|1700368444\n|move|p1a: Lotan|Haze|p1a: Lotan\n|-clearallboost\n|move|p2a: Tridente|Scald|p1a: Lotan\n|-resisted|p1a: Lotan\n|-damage|p1a: Lotan|62\/100 brn\n|\n|-heal|p1a: Lotan|69\/100 brn|[from] item: Leftovers\n|-damage|p1a: Lotan|62\/100 brn|[from] brn\n|upkeep\n|turn|30\n|\n|t:|1700368457\n|switch|p2a: Daina|Gardevoir, M, shiny|100\/100\n|-ability|p2a: Daina|Regenerator|[from] ability: Trace|[of] p1a: Lotan\n|move|p1a: Lotan|Recover|p1a: Lotan\n|-heal|p1a: Lotan|100\/100 brn\n|\n|-damage|p1a: Lotan|94\/100 brn|[from] brn\n|upkeep\n|turn|31\n|\n|t:|1700368465\n|detailschange|p2a: Daina|Gardevoir-Mega, M, shiny\n|-mega|p2a: Daina|Gardevoir|Gardevoirite\n|move|p2a: Daina|Psyshock|p1a: Lotan\n|-supereffective|p1a: Lotan\n|-damage|p1a: Lotan|32\/100 brn\n|move|p1a: Lotan|Toxic|p2a: Daina\n|-status|p2a: Daina|tox\n|\n|-heal|p1a: Lotan|39\/100 brn|[from] item: Leftovers\n|-damage|p2a: Daina|94\/100 tox|[from] psn\n|-damage|p1a: Lotan|32\/100 brn|[from] brn\n|upkeep\n|turn|32\n|\n|t:|1700368472\n|switch|p1a: Cass|Togekiss, F, shiny, tera:Steel|49\/100 brn\n|move|p2a: Daina|Hyper Voice|p1a: Cass\n|-resisted|p1a: Cass\n|-damage|p1a: Cass|28\/100 brn\n|\n|-damage|p2a: Daina|82\/100 tox|[from] psn\n|-damage|p1a: Cass|22\/100 brn|[from] brn\n|upkeep\n|turn|33\n|\n|t:|1700368480\n|move|p2a: Daina|Aura Sphere|p1a: Cass\n|-supereffective|p1a: Cass\n|-damage|p1a: Cass|0 fnt\n|faint|p1a: Cass\n|\n|-damage|p2a: Daina|64\/100 tox|[from] psn\n|upkeep\n|\n|t:|1700368487\n|switch|p1a: Belfegor|Hydreigon, M|100\/100\n|-damage|p1a: Belfegor|88\/100|[from] Stealth Rock\n|turn|34\n|\n|t:|1700368495\n|switch|p2a: Cross|Drapion, F|75\/100\n|move|p1a: Belfegor|Dark Pulse|p2a: Cross\n|-resisted|p2a: Cross\n|-damage|p2a: Cross|50\/100\n|\n|upkeep\n|turn|35\n|\n|t:|1700368499\n|switch|p1a: Lotan|Toxapex, F|66\/100 brn\n|-damage|p1a: Lotan|53\/100 brn|[from] Stealth Rock\n|move|p2a: Cross|Earthquake|p1a: Lotan\n|-supereffective|p1a: Lotan\n|-damage|p1a: Lotan|16\/100 brn\n|\n|-heal|p1a: Lotan|23\/100 brn|[from] item: Leftovers\n|-damage|p1a: Lotan|16\/100 brn|[from] brn\n|upkeep\n|turn|36\n|\n|t:|1700368512\n|move|p2a: Cross|Earthquake|p1a: Lotan\n|-supereffective|p1a: Lotan\n|-damage|p1a: Lotan|0 fnt\n|faint|p1a: Lotan\n|\n|upkeep\n|\n|t:|1700368516\n|switch|p1a: Belfegor|Hydreigon, M|88\/100\n|-damage|p1a: Belfegor|76\/100|[from] Stealth Rock\n|turn|37\n|\n|t:|1700368522\n|move|p1a: Belfegor|Flamethrower|p2a: Cross\n|-damage|p2a: Cross|12\/100\n|-enditem|p2a: Cross|Lansat Berry|[eat]\n|-start|p2a: Cross|move: Focus Energy\n|move|p2a: Cross|Cross Poison|p1a: Belfegor\n|-crit|p1a: Belfegor\n|-damage|p1a: Belfegor|0 fnt\n|faint|p1a: Belfegor\n|\n|win|OnlyPyper\n|c|\u2606OnlyPyper|Gg\n|c|\u2606JuzOzuj|Nambre gg\n","uploadtime":1700368538,"views":14,"p1id":"juzozuj","p2id":"onlypyper","formatid":"gen9nationaldex","rating":0,"private":0,"password":""}