{"id":"gen9nationaldex-2000616331","p1":"Wingman4477","p2":"JupiTheMediocre","format":"[Gen 9] National Dex","log":"|html|<div class=\"broadcast-blue\"><strong>[Gen 9] National Dex is currently suspecting Sneasler! For information on how to participate check out the <a href=\"https:\/\/www.smogon.com\/forums\/threads\/sv-national-dex-suspect-8-just-dance.3731534\/\">suspect thread<\/a>.<\/strong><\/div>\n|j|\u2606Wingman4477\n|j|\u2606JupiTheMediocre\n|t:|1701210877\n|gametype|singles\n|player|p1|Wingman4477|red|1070\n|player|p2|JupiTheMediocre|blackbelt-gen4|1000\n|teamsize|p1|6\n|teamsize|p2|6\n|gen|9\n|tier|[Gen 9] National Dex\n|rated|\n|rule|HP Percentage Mod: HP is shown in percentages\n|rule|Endless Battle Clause: Forcing endless battles is banned\n|rule|OHKO Clause: OHKO moves are banned\n|rule|Evasion Clause: Evasion abilities, items, and moves are banned\n|rule|Evasion Abilities Clause: Evasion abilities are banned\n|rule|Evasion Items Clause: Evasion items are banned\n|rule|Evasion Moves Clause: Evasion moves are banned\n|rule|Species Clause: Limit one of each Pok\u00e9mon\n|rule|Sleep Clause Mod: Limit one foe put to sleep\n|clearpoke\n|poke|p1|Pikachu, F|\n|poke|p1|Charizard, F|\n|poke|p1|Blastoise, F|\n|poke|p1|Venusaur, F|\n|poke|p1|Lapras, M|\n|poke|p1|Snorlax, F|\n|poke|p2|Whimsicott, F|\n|poke|p2|Slither Wing|\n|poke|p2|Ninjask, M|\n|poke|p2|Rillaboom, M|\n|poke|p2|Pelipper, F|\n|poke|p2|Volcarona, M|\n|teampreview\n|\n|t:|1701210891\n|start\n|switch|p1a: Charizard|Charizard, F|100\/100\n|switch|p2a: Rillaboom|Rillaboom, M|100\/100\n|-fieldstart|move: Grassy Terrain|[from] ability: Grassy Surge|[of] p2a: Rillaboom\n|turn|1\n|\n|t:|1701210903\n|switch|p2a: Pelipper|Pelipper, F|100\/100\n|-weather|RainDance|[from] ability: Drizzle|[of] p2a: Pelipper\n|detailschange|p1a: Charizard|Charizard-Mega-X, F\n|-mega|p1a: Charizard|Charizard|Charizardite X\n|move|p1a: Charizard|Flamethrower|p2a: Pelipper\n|-resisted|p2a: Pelipper\n|-damage|p2a: Pelipper|85\/100\n|\n|-weather|RainDance|[upkeep]\n|upkeep\n|turn|2\n|\n|t:|1701210926\n|move|p1a: Charizard|Rock Slide|p2a: Pelipper\n|-supereffective|p2a: Pelipper\n|-damage|p2a: Pelipper|47\/100\n|cant|p2a: Pelipper|flinch\n|\n|-weather|RainDance|[upkeep]\n|upkeep\n|turn|3\n|\n|t:|1701210933\n|move|p1a: Charizard|Rock Slide|p2a: Pelipper\n|-supereffective|p2a: Pelipper\n|-damage|p2a: Pelipper|9\/100\n|move|p2a: Pelipper|Scald|p1a: Charizard\n|-damage|p1a: Charizard|43\/100\n|\n|-weather|RainDance|[upkeep]\n|-heal|p1a: Charizard|49\/100|[from] Grassy Terrain\n|upkeep\n|turn|4\n|inactive|Battle timer is ON: inactive players will automatically lose when time's up. (requested by Wingman4477)\n|\n|t:|1701210955\n|move|p1a: Charizard|Dragon Pulse|p2a: Pelipper\n|-damage|p2a: Pelipper|0 fnt\n|faint|p2a: Pelipper\n|\n|-weather|RainDance|[upkeep]\n|-heal|p1a: Charizard|55\/100|[from] Grassy Terrain\n|upkeep\n|\n|t:|1701210967\n|switch|p2a: Nah I\u2019d Stall|Whimsicott, F|100\/100\n|turn|5\n|\n|t:|1701210974\n|-terastallize|p2a: Nah I\u2019d Stall|Dark\n|move|p2a: Nah I\u2019d Stall|Moonblast|p1a: Charizard\n|-damage|p1a: Charizard|22\/100\n|move|p1a: Charizard|Flamethrower|p2a: Nah I\u2019d Stall\n|-damage|p2a: Nah I\u2019d Stall|73\/100\n|-status|p2a: Nah I\u2019d Stall|brn\n|\n|-weather|RainDance|[upkeep]\n|-heal|p2a: Nah I\u2019d Stall|80\/100 brn|[from] Grassy Terrain\n|-heal|p1a: Charizard|28\/100|[from] Grassy Terrain\n|-damage|p2a: Nah I\u2019d Stall|73\/100 brn|[from] brn\n|upkeep\n|turn|6\n|\n|t:|1701210988\n|switch|p1a: Snorlax|Snorlax, F|100\/100\n|move|p2a: Nah I\u2019d Stall|Leech Seed|p1a: Snorlax\n|-start|p1a: Snorlax|move: Leech Seed\n|\n|-weather|RainDance|[upkeep]\n|-heal|p2a: Nah I\u2019d Stall|80\/100 brn|[from] Grassy Terrain\n|-damage|p1a: Snorlax|88\/100|[from] Leech Seed|[of] p2a: Nah I\u2019d Stall\n|-heal|p2a: Nah I\u2019d Stall|100\/100 brn|[silent]\n|-damage|p2a: Nah I\u2019d Stall|94\/100 brn|[from] brn\n|upkeep\n|turn|7\n|\n|t:|1701211000\n|move|p2a: Nah I\u2019d Stall|Cotton Guard|p2a: Nah I\u2019d Stall\n|-boost|p2a: Nah I\u2019d Stall|def|3\n|move|p1a: Snorlax|Brick Break|p2a: Nah I\u2019d Stall\n|-supereffective|p2a: Nah I\u2019d Stall\n|-damage|p2a: Nah I\u2019d Stall|71\/100 brn\n|\n|-weather|RainDance|[upkeep]\n|-heal|p2a: Nah I\u2019d Stall|77\/100 brn|[from] Grassy Terrain\n|-heal|p1a: Snorlax|94\/100|[from] Grassy Terrain\n|-heal|p1a: Snorlax|99\/100|[from] item: Leftovers\n|-damage|p1a: Snorlax|88\/100|[from] Leech Seed|[of] p2a: Nah I\u2019d Stall\n|-heal|p2a: Nah I\u2019d Stall|99\/100 brn|[silent]\n|-damage|p2a: Nah I\u2019d Stall|94\/100 brn|[from] brn\n|upkeep\n|turn|8\n|\n|t:|1701211014\n|move|p2a: Nah I\u2019d Stall|Cotton Guard|p2a: Nah I\u2019d Stall\n|-boost|p2a: Nah I\u2019d Stall|def|3\n|move|p1a: Snorlax|Brick Break|p2a: Nah I\u2019d Stall\n|-supereffective|p2a: Nah I\u2019d Stall\n|-damage|p2a: Nah I\u2019d Stall|80\/100 brn\n|\n|-weather|none\n|-heal|p2a: Nah I\u2019d Stall|86\/100 brn|[from] Grassy Terrain\n|-heal|p1a: Snorlax|94\/100|[from] Grassy Terrain\n|-heal|p1a: Snorlax|99\/100|[from] item: Leftovers\n|-damage|p1a: Snorlax|88\/100|[from] Leech Seed|[of] p2a: Nah I\u2019d Stall\n|-heal|p2a: Nah I\u2019d Stall|100\/100 brn|[silent]\n|-damage|p2a: Nah I\u2019d Stall|94\/100 brn|[from] brn\n|-fieldend|move: Grassy Terrain\n|upkeep\n|turn|9\n|\n|t:|1701211031\n|move|p2a: Nah I\u2019d Stall|Substitute|p2a: Nah I\u2019d Stall\n|-start|p2a: Nah I\u2019d Stall|Substitute\n|-damage|p2a: Nah I\u2019d Stall|69\/100 brn\n|move|p1a: Snorlax|Brick Break|p2a: Nah I\u2019d Stall\n|-supereffective|p2a: Nah I\u2019d Stall\n|-activate|p2a: Nah I\u2019d Stall|move: Substitute|[damage]\n|\n|-heal|p1a: Snorlax|94\/100|[from] item: Leftovers\n|-damage|p1a: Snorlax|81\/100|[from] Leech Seed|[of] p2a: Nah I\u2019d Stall\n|-heal|p2a: Nah I\u2019d Stall|92\/100 brn|[silent]\n|-damage|p2a: Nah I\u2019d Stall|86\/100 brn|[from] brn\n|upkeep\n|turn|10\n|\n|t:|1701211043\n|move|p2a: Nah I\u2019d Stall|Moonblast|p1a: Snorlax\n|-damage|p1a: Snorlax|64\/100\n|move|p1a: Snorlax|Brick Break|p2a: Nah I\u2019d Stall\n|-supereffective|p2a: Nah I\u2019d Stall\n|-end|p2a: Nah I\u2019d Stall|Substitute\n|\n|-heal|p1a: Snorlax|70\/100|[from] item: Leftovers\n|-damage|p1a: Snorlax|58\/100|[from] Leech Seed|[of] p2a: Nah I\u2019d Stall\n|-heal|p2a: Nah I\u2019d Stall|100\/100 brn|[silent]\n|-damage|p2a: Nah I\u2019d Stall|94\/100 brn|[from] brn\n|upkeep\n|turn|11\n|\n|t:|1701211056\n|move|p2a: Nah I\u2019d Stall|Moonblast|p1a: Snorlax\n|-damage|p1a: Snorlax|39\/100\n|move|p1a: Snorlax|Brick Break|p2a: Nah I\u2019d Stall\n|-supereffective|p2a: Nah I\u2019d Stall\n|-damage|p2a: Nah I\u2019d Stall|81\/100 brn\n|\n|-heal|p1a: Snorlax|45\/100|[from] item: Leftovers\n|-damage|p1a: Snorlax|33\/100|[from] Leech Seed|[of] p2a: Nah I\u2019d Stall\n|-heal|p2a: Nah I\u2019d Stall|100\/100 brn|[silent]\n|-damage|p2a: Nah I\u2019d Stall|94\/100 brn|[from] brn\n|upkeep\n|turn|12\n|\n|t:|1701211067\n|move|p2a: Nah I\u2019d Stall|Moonblast|p1a: Snorlax\n|-damage|p1a: Snorlax|13\/100\n|move|p1a: Snorlax|Rest|p1a: Snorlax\n|-status|p1a: Snorlax|slp|[from] move: Rest\n|-heal|p1a: Snorlax|100\/100 slp|[silent]\n|\n|-damage|p1a: Snorlax|88\/100 slp|[from] Leech Seed|[of] p2a: Nah I\u2019d Stall\n|-heal|p2a: Nah I\u2019d Stall|100\/100 brn|[silent]\n|-damage|p2a: Nah I\u2019d Stall|94\/100 brn|[from] brn\n|upkeep\n|turn|13\n|\n|t:|1701211080\n|move|p2a: Nah I\u2019d Stall|Moonblast|p1a: Snorlax\n|-damage|p1a: Snorlax|71\/100 slp\n|cant|p1a: Snorlax|slp\n|move|p1a: Snorlax|Sleep Talk|p1a: Snorlax\n|move|p1a: Snorlax|Earthquake|p2a: Nah I\u2019d Stall|[from]move: Sleep Talk\n|-crit|p2a: Nah I\u2019d Stall\n|-damage|p2a: Nah I\u2019d Stall|42\/100 brn\n|\n|-heal|p1a: Snorlax|77\/100 slp|[from] item: Leftovers\n|-damage|p1a: Snorlax|65\/100 slp|[from] Leech Seed|[of] p2a: Nah I\u2019d Stall\n|-heal|p2a: Nah I\u2019d Stall|65\/100 brn|[silent]\n|-damage|p2a: Nah I\u2019d Stall|59\/100 brn|[from] brn\n|upkeep\n|turn|14\n|\n|t:|1701211099\n|move|p2a: Nah I\u2019d Stall|Moonblast|p1a: Snorlax\n|-damage|p1a: Snorlax|46\/100 slp\n|cant|p1a: Snorlax|slp\n|move|p1a: Snorlax|Sleep Talk|p1a: Snorlax\n|move|p1a: Snorlax|Rest||[from]move: Sleep Talk|[still]\n|-fail|p1a: Snorlax\n|\n|-heal|p1a: Snorlax|52\/100 slp|[from] item: Leftovers\n|-damage|p1a: Snorlax|40\/100 slp|[from] Leech Seed|[of] p2a: Nah I\u2019d Stall\n|-heal|p2a: Nah I\u2019d Stall|81\/100 brn|[silent]\n|-damage|p2a: Nah I\u2019d Stall|75\/100 brn|[from] brn\n|upkeep\n|turn|15\n|\n|t:|1701211114\n|move|p2a: Nah I\u2019d Stall|Moonblast|p1a: Snorlax\n|-damage|p1a: Snorlax|21\/100 slp\n|-curestatus|p1a: Snorlax|slp|[msg]\n|move|p1a: Snorlax|Sleep Talk||[still]\n|-fail|p1a: Snorlax\n|\n|-heal|p1a: Snorlax|27\/100|[from] item: Leftovers\n|-damage|p1a: Snorlax|15\/100|[from] Leech Seed|[of] p2a: Nah I\u2019d Stall\n|-heal|p2a: Nah I\u2019d Stall|98\/100 brn|[silent]\n|-damage|p2a: Nah I\u2019d Stall|92\/100 brn|[from] brn\n|upkeep\n|turn|16\n|-message|Wingman4477 forfeited.\n|\n|win|JupiTheMediocre\n|raw|Wingman4477's rating: 1070 &rarr; <strong>1045<\/strong><br \/>(-25 for losing)\n|raw|JupiTheMediocre's rating: 1000 &rarr; <strong>1048<\/strong><br \/>(+48 for winning)\n|l|\u2606Wingman4477\n","uploadtime":1701211132,"views":3,"p1id":"wingman4477","p2id":"jupithemediocre","formatid":"gen9nationaldex","rating":1045,"private":0,"password":""}