{"id":"gen9nationaldex-1993874718","p1":"realspades","p2":"yaya_x3","format":"[Gen 9] National Dex","log":"|j|\u2606realspades\n|j|\u2606yaya_x3\n|t:|1700368486\n|gametype|singles\n|player|p1|realspades|gambler|\n|player|p2|yaya_x3|sightseerf|\n|teamsize|p1|6\n|teamsize|p2|6\n|gen|9\n|tier|[Gen 9] National Dex\n|rule|HP Percentage Mod: HP is shown in percentages\n|rule|Endless Battle Clause: Forcing endless battles is banned\n|rule|OHKO Clause: OHKO moves are banned\n|rule|Evasion Clause: Evasion abilities, items, and moves are banned\n|rule|Evasion Abilities Clause: Evasion abilities are banned\n|rule|Evasion Items Clause: Evasion items are banned\n|rule|Evasion Moves Clause: Evasion moves are banned\n|rule|Species Clause: Limit one of each Pok\u00e9mon\n|rule|Sleep Clause Mod: Limit one foe put to sleep\n|clearpoke\n|poke|p1|Greninja-*, F|\n|poke|p1|Pelipper, M|\n|poke|p1|Slowbro, M|\n|poke|p1|Swampert, M|\n|poke|p1|Basculegion, M|\n|poke|p1|Manaphy|\n|poke|p2|Goodra, M|\n|poke|p2|Volcanion|\n|poke|p2|Clefable, F|\n|poke|p2|Mantine, M|\n|poke|p2|Grimmsnarl, M|\n|poke|p2|Rotom-Wash|\n|teampreview\n|c|\u2606realspades|gl!!\n|\n|t:|1700368503\n|start\n|switch|p1a: Pelipper|Pelipper, M|100\/100\n|switch|p2a: Green Goblin|Grimmsnarl, M|100\/100\n|-weather|RainDance|[from] ability: Drizzle|[of] p1a: Pelipper\n|turn|1\n|c|\u2606yaya_x3|uh\n|c|\u2606yaya_x3|ooga booga use swampert\n|c|\u2606realspades|wat\n|c|\u2606realspades|hmm\n|\n|t:|1700368550\n|switch|p1a: Slowbro|Slowbro, M|100\/100\n|move|p2a: Green Goblin|Thunder Wave|p1a: Slowbro\n|-status|p1a: Slowbro|par\n|\n|-weather|RainDance|[upkeep]\n|upkeep\n|turn|2\n|c|\u2606realspades|omg\n|c|\u2606realspades|u\n|c|\u2606yaya_x3|hmmm\n|c|\u2606yaya_x3|trick room\n|c|\u2606yaya_x3|probably\n|\n|t:|1700368578\n|move|p2a: Green Goblin|Parting Shot|p1a: Slowbro\n|-unboost|p1a: Slowbro|atk|1\n|-unboost|p1a: Slowbro|spa|1\n|\n|t:|1700368589\n|switch|p2a: Manaphy Dies|Mantine, M|100\/100|[from] Parting Shot\n|move|p1a: Slowbro|Calm Mind|p1a: Slowbro\n|-boost|p1a: Slowbro|spa|1\n|-boost|p1a: Slowbro|spd|1\n|\n|-weather|RainDance|[upkeep]\n|upkeep\n|turn|3\n|\n|t:|1700368601\n|move|p2a: Manaphy Dies|Curse|p2a: Manaphy Dies\n|-unboost|p2a: Manaphy Dies|spe|1\n|-boost|p2a: Manaphy Dies|atk|1\n|-boost|p2a: Manaphy Dies|def|1\n|move|p1a: Slowbro|Calm Mind|p1a: Slowbro\n|-boost|p1a: Slowbro|spa|1\n|-boost|p1a: Slowbro|spd|1\n|\n|-weather|RainDance|[upkeep]\n|upkeep\n|turn|4\n|\n|t:|1700368616\n|move|p2a: Manaphy Dies|Bullet Seed|p1a: Slowbro\n|-supereffective|p1a: Slowbro\n|-damage|p1a: Slowbro|95\/100 par\n|-supereffective|p1a: Slowbro\n|-damage|p1a: Slowbro|90\/100 par\n|-supereffective|p1a: Slowbro\n|-damage|p1a: Slowbro|84\/100 par\n|-supereffective|p1a: Slowbro\n|-damage|p1a: Slowbro|79\/100 par\n|-hitcount|p1a: Slowbro|4\n|move|p1a: Slowbro|Future Sight|p2a: Manaphy Dies\n|-start|p1a: Slowbro|move: Future Sight\n|\n|-weather|RainDance|[upkeep]\n|-heal|p1a: Slowbro|85\/100 par|[from] item: Leftovers\n|upkeep\n|turn|5\n|\n|t:|1700368629\n|move|p2a: Manaphy Dies|Curse|p2a: Manaphy Dies\n|-unboost|p2a: Manaphy Dies|spe|1\n|-boost|p2a: Manaphy Dies|atk|1\n|-boost|p2a: Manaphy Dies|def|1\n|cant|p1a: Slowbro|par\n|\n|-weather|RainDance|[upkeep]\n|-heal|p1a: Slowbro|91\/100 par|[from] item: Leftovers\n|upkeep\n|turn|6\n|\n|t:|1700368639\n|move|p2a: Manaphy Dies|Curse|p2a: Manaphy Dies\n|-unboost|p2a: Manaphy Dies|spe|1\n|-boost|p2a: Manaphy Dies|atk|1\n|-boost|p2a: Manaphy Dies|def|1\n|move|p1a: Slowbro|Calm Mind|p1a: Slowbro\n|-boost|p1a: Slowbro|spa|1\n|-boost|p1a: Slowbro|spd|1\n|\n|-weather|RainDance|[upkeep]\n|-end|p2a: Manaphy Dies|move: Future Sight\n|-damage|p2a: Manaphy Dies|60\/100\n|-heal|p1a: Slowbro|97\/100 par|[from] item: Leftovers\n|upkeep\n|turn|7\n|\n|t:|1700368652\n|move|p2a: Manaphy Dies|Bullet Seed|p1a: Slowbro\n|-supereffective|p1a: Slowbro\n|-damage|p1a: Slowbro|88\/100 par\n|-supereffective|p1a: Slowbro\n|-damage|p1a: Slowbro|79\/100 par\n|-supereffective|p1a: Slowbro\n|-damage|p1a: Slowbro|70\/100 par\n|-supereffective|p1a: Slowbro\n|-damage|p1a: Slowbro|62\/100 par\n|-supereffective|p1a: Slowbro\n|-damage|p1a: Slowbro|54\/100 par\n|-hitcount|p1a: Slowbro|5\n|move|p1a: Slowbro|Calm Mind|p1a: Slowbro\n|-boost|p1a: Slowbro|spa|1\n|-boost|p1a: Slowbro|spd|1\n|\n|-weather|RainDance|[upkeep]\n|-heal|p1a: Slowbro|60\/100 par|[from] item: Leftovers\n|upkeep\n|turn|8\n|c|\u2606yaya_x3|this isn't working ugh\n|c|\u2606realspades|sam\n|c|\u2606yaya_x3|attack is so bad\n|c|\u2606realspades|f\n|c|\u2606yaya_x3|max sp def\n|c|\u2606yaya_x3|tho\n|c|\u2606yaya_x3|super high\n|\n|t:|1700368696\n|move|p2a: Manaphy Dies|Curse|p2a: Manaphy Dies\n|-unboost|p2a: Manaphy Dies|spe|1\n|-boost|p2a: Manaphy Dies|atk|1\n|-boost|p2a: Manaphy Dies|def|1\n|cant|p1a: Slowbro|par\n|\n|-weather|none\n|-heal|p1a: Slowbro|66\/100 par|[from] item: Leftovers\n|upkeep\n|turn|9\n|\n|t:|1700368706\n|move|p2a: Manaphy Dies|Bullet Seed|p1a: Slowbro\n|-supereffective|p1a: Slowbro\n|-damage|p1a: Slowbro|56\/100 par\n|-supereffective|p1a: Slowbro\n|-damage|p1a: Slowbro|45\/100 par\n|-supereffective|p1a: Slowbro\n|-damage|p1a: Slowbro|35\/100 par\n|-supereffective|p1a: Slowbro\n|-damage|p1a: Slowbro|24\/100 par\n|-hitcount|p1a: Slowbro|4\n|move|p1a: Slowbro|Slack Off|p1a: Slowbro\n|-heal|p1a: Slowbro|74\/100 par\n|\n|-heal|p1a: Slowbro|80\/100 par|[from] item: Leftovers\n|upkeep\n|turn|10\n|\n|t:|1700368719\n|move|p2a: Manaphy Dies|Bullet Seed|p1a: Slowbro\n|-supereffective|p1a: Slowbro\n|-damage|p1a: Slowbro|70\/100 par\n|-supereffective|p1a: Slowbro\n|-damage|p1a: Slowbro|60\/100 par\n|-supereffective|p1a: Slowbro\n|-damage|p1a: Slowbro|50\/100 par\n|-supereffective|p1a: Slowbro\n|-damage|p1a: Slowbro|39\/100 par\n|-supereffective|p1a: Slowbro\n|-damage|p1a: Slowbro|28\/100 par\n|-hitcount|p1a: Slowbro|5\n|move|p1a: Slowbro|Future Sight|p2a: Manaphy Dies\n|-start|p1a: Slowbro|move: Future Sight\n|\n|-heal|p1a: Slowbro|34\/100 par|[from] item: Leftovers\n|upkeep\n|turn|11\n|\n|t:|1700368732\n|move|p2a: Manaphy Dies|Bullet Seed|p1a: Slowbro\n|-supereffective|p1a: Slowbro\n|-damage|p1a: Slowbro|22\/100 par\n|-supereffective|p1a: Slowbro\n|-damage|p1a: Slowbro|10\/100 par\n|-supereffective|p1a: Slowbro\n|-damage|p1a: Slowbro|0 fnt\n|faint|p1a: Slowbro\n|-hitcount|p1: Slowbro|3\n|\n|upkeep\n|c|\u2606yaya_x3|i might die\n|c|\u2606yaya_x3|from F. site\n|\n|t:|1700368751\n|switch|p1a: Pelipper|Pelipper, M|100\/100\n|-weather|RainDance|[from] ability: Drizzle|[of] p1a: Pelipper\n|turn|12\n|\n|t:|1700368759\n|move|p1a: Pelipper|Hurricane|p2a: Manaphy Dies\n|-damage|p2a: Manaphy Dies|40\/100\n|move|p2a: Manaphy Dies|Roost|p2a: Manaphy Dies\n|-heal|p2a: Manaphy Dies|90\/100\n|-singleturn|p2a: Manaphy Dies|move: Roost\n|\n|-weather|RainDance|[upkeep]\n|-end|p2a: Manaphy Dies|move: Future Sight\n|-damage|p2a: Manaphy Dies|68\/100\n|upkeep\n|turn|13\n|c|\u2606yaya_x3|ohhh\n|c|\u2606yaya_x3|it appears that\n|c|\u2606realspades|that is a lot of\n|c|\u2606realspades|sp d\n|c|\u2606yaya_x3|boost is gone\n|c|\u2606yaya_x3|cuz Barney died\n|c|\u2606yaya_x3|it didn't get the boost\n|c|\u2606realspades|what boost\n|c|\u2606yaya_x3|calm minds\n|\n|t:|1700368812\n|move|p1a: Pelipper|U-turn|p2a: Manaphy Dies\n|-resisted|p2a: Manaphy Dies\n|-damage|p2a: Manaphy Dies|66\/100\n|c|\u2606yaya_x3|its gone\n|\n|t:|1700368815\n|switch|p1a: Manaphy|Manaphy|100\/100|[from] U-turn\n|move|p2a: Manaphy Dies|Agility|p2a: Manaphy Dies\n|-boost|p2a: Manaphy Dies|spe|2\n|\n|-weather|RainDance|[upkeep]\n|upkeep\n|turn|14\n|\n|t:|1700368827\n|move|p1a: Manaphy|Tail Glow|p1a: Manaphy\n|-boost|p1a: Manaphy|spa|3\n|move|p2a: Manaphy Dies|Bullet Seed|p1a: Manaphy\n|-supereffective|p1a: Manaphy\n|-crit|p1a: Manaphy\n|-damage|p1a: Manaphy|80\/100\n|-supereffective|p1a: Manaphy\n|-damage|p1a: Manaphy|65\/100\n|-supereffective|p1a: Manaphy\n|-damage|p1a: Manaphy|50\/100\n|-supereffective|p1a: Manaphy\n|-damage|p1a: Manaphy|35\/100\n|-supereffective|p1a: Manaphy\n|-damage|p1a: Manaphy|21\/100\n|-hitcount|p1a: Manaphy|5\n|\n|-weather|RainDance|[upkeep]\n|upkeep\n|turn|15\n|\n|t:|1700368841\n|move|p1a: Manaphy|Rest|p1a: Manaphy\n|-status|p1a: Manaphy|slp|[from] move: Rest\n|-heal|p1a: Manaphy|100\/100 slp|[silent]\n|move|p2a: Manaphy Dies|Bullet Seed|p1a: Manaphy\n|-supereffective|p1a: Manaphy\n|-damage|p1a: Manaphy|86\/100 slp\n|-supereffective|p1a: Manaphy\n|-damage|p1a: Manaphy|70\/100 slp\n|-supereffective|p1a: Manaphy\n|-damage|p1a: Manaphy|55\/100 slp\n|-supereffective|p1a: Manaphy\n|-damage|p1a: Manaphy|39\/100 slp\n|-supereffective|p1a: Manaphy\n|-crit|p1a: Manaphy\n|-damage|p1a: Manaphy|15\/100 slp\n|-hitcount|p1a: Manaphy|5\n|\n|-weather|RainDance|[upkeep]\n|-activate|p1a: Manaphy|ability: Hydration\n|-curestatus|p1a: Manaphy|slp|[msg]\n|upkeep\n|turn|16\n|c|\u2606yaya_x3|i have loaded dice\n|c|\u2606realspades|oh\n|\n|t:|1700368864\n|-zpower|p1a: Manaphy\n|move|p1a: Manaphy|Subzero Slammer|p2a: Manaphy Dies|[zeffect]\n|-damage|p2a: Manaphy Dies|0 fnt\n|faint|p2a: Manaphy Dies\n|\n|-weather|RainDance|[upkeep]\n|upkeep\n|c|\u2606realspades|not good\n|c|\u2606yaya_x3|wowowow\n|c|\u2606yaya_x3|gg\n|\n|t:|1700368886\n|switch|p2a: Hi Manaphy|Clefable, F|100\/100\n|turn|17\n|\n|t:|1700368896\n|move|p1a: Manaphy|Rest|p1a: Manaphy\n|-status|p1a: Manaphy|slp|[from] move: Rest\n|-heal|p1a: Manaphy|100\/100 slp|[silent]\n|move|p2a: Hi Manaphy|Light Screen|p2a: Hi Manaphy\n|-sidestart|p2: yaya_x3|move: Light Screen\n|\n|-weather|RainDance|[upkeep]\n|-activate|p1a: Manaphy|ability: Hydration\n|-curestatus|p1a: Manaphy|slp|[msg]\n|upkeep\n|turn|18\n|\n|t:|1700368906\n|move|p1a: Manaphy|Tail Glow|p1a: Manaphy\n|-boost|p1a: Manaphy|spa|3\n|move|p2a: Hi Manaphy|Calm Mind|p2a: Hi Manaphy\n|-boost|p2a: Hi Manaphy|spa|1\n|-boost|p2a: Hi Manaphy|spd|1\n|\n|-weather|RainDance|[upkeep]\n|upkeep\n|turn|19\n|\n|t:|1700368919\n|move|p1a: Manaphy|Surf|p2a: Hi Manaphy\n|-damage|p2a: Hi Manaphy|84\/100\n|move|p2a: Hi Manaphy|Thunderbolt|p1a: Manaphy\n|-supereffective|p1a: Manaphy\n|-damage|p1a: Manaphy|43\/100\n|\n|-weather|none\n|-heal|p2a: Hi Manaphy|90\/100|[from] item: Leftovers\n|upkeep\n|turn|20\n|c|\u2606realspades|aha\n|c|\u2606realspades|literally 0 damage\n|c|\u2606yaya_x3|heh\n|c|\u2606yaya_x3|yeah\n|\n|t:|1700368940\n|move|p1a: Manaphy|Rest|p1a: Manaphy\n|-status|p1a: Manaphy|slp|[from] move: Rest\n|-heal|p1a: Manaphy|100\/100 slp|[silent]\n|move|p2a: Hi Manaphy|Reflect|p2a: Hi Manaphy\n|-sidestart|p2: yaya_x3|Reflect\n|\n|-heal|p2a: Hi Manaphy|96\/100|[from] item: Leftovers\n|upkeep\n|turn|21\n|c|\u2606yaya_x3|unaware\n|c|\u2606realspades|ohh\n|c|\u2606realspades|oh yea\n|c|\u2606yaya_x3|i made this\n|c|\u2606yaya_x3|for manaphy\n|\n|t:|1700368982\n|switch|p1a: Swampert|Swampert, M, shiny|100\/100\n|switch|p2a: \ud83d\udc4c\u2b55\ufe0f\u2651\u26ce\ud83c\udf34|Volcanion|100\/100\n|\n|-sideend|p2: yaya_x3|move: Light Screen\n|upkeep\n|turn|22\n|\n|t:|1700368998\n|detailschange|p1a: Swampert|Swampert-Mega, M, shiny\n|-mega|p1a: Swampert|Swampert|Swampertite\n|-terastallize|p2a: \ud83d\udc4c\u2b55\ufe0f\u2651\u26ce\ud83c\udf34|Flying\n|move|p1a: Swampert|Earthquake|p2a: \ud83d\udc4c\u2b55\ufe0f\u2651\u26ce\ud83c\udf34\n|-immune|p2a: \ud83d\udc4c\u2b55\ufe0f\u2651\u26ce\ud83c\udf34\n|move|p2a: \ud83d\udc4c\u2b55\ufe0f\u2651\u26ce\ud83c\udf34|Solar Beam||[still]\n|-prepare|p2a: \ud83d\udc4c\u2b55\ufe0f\u2651\u26ce\ud83c\udf34|Solar Beam\n|-enditem|p2a: \ud83d\udc4c\u2b55\ufe0f\u2651\u26ce\ud83c\udf34|Power Herb\n|-anim|p2a: \ud83d\udc4c\u2b55\ufe0f\u2651\u26ce\ud83c\udf34|Solar Beam|p1a: Swampert\n|-supereffective|p1a: Swampert\n|-damage|p1a: Swampert|0 fnt\n|faint|p1a: Swampert\n|\n|upkeep\n|c|\u2606yaya_x3|i made this for this moment\n|\n|t:|1700369027\n|switch|p1a: Greninja|Greninja, F|100\/100\n|turn|23\n|\n|t:|1700369040\n|switch|p2a: \u1a30\u05c1\u05c5\u0251\u05c1\u05c5\u05c5\uabf1h\u05c1\u05c5\u05ae|Rotom-Wash|100\/100\n|move|p1a: Greninja|Ice Beam|p2a: \u1a30\u05c1\u05c5\u0251\u05c1\u05c5\u05c5\uabf1h\u05c1\u05c5\u05ae\n|-start|p1a: Greninja|typechange|Ice|[from] ability: Protean\n|-resisted|p2a: \u1a30\u05c1\u05c5\u0251\u05c1\u05c5\u05c5\uabf1h\u05c1\u05c5\u05ae\n|-damage|p2a: \u1a30\u05c1\u05c5\u0251\u05c1\u05c5\u05c5\uabf1h\u05c1\u05c5\u05ae|64\/100\n|\n|-heal|p2a: \u1a30\u05c1\u05c5\u0251\u05c1\u05c5\u05c5\uabf1h\u05c1\u05c5\u05ae|70\/100|[from] item: Leftovers\n|upkeep\n|turn|24\n|\n|t:|1700369061\n|switch|p1a: Pelipper|Pelipper, M|100\/100\n|-weather|RainDance|[from] ability: Drizzle|[of] p1a: Pelipper\n|move|p2a: \u1a30\u05c1\u05c5\u0251\u05c1\u05c5\u05c5\uabf1h\u05c1\u05c5\u05ae|Thunderbolt|p1a: Pelipper\n|-supereffective|p1a: Pelipper\n|-damage|p1a: Pelipper|0 fnt\n|faint|p1a: Pelipper\n|\n|-weather|RainDance|[upkeep]\n|-heal|p2a: \u1a30\u05c1\u05c5\u0251\u05c1\u05c5\u05c5\uabf1h\u05c1\u05c5\u05ae|76\/100|[from] item: Leftovers\n|-sideend|p2: yaya_x3|Reflect\n|upkeep\n|\n|t:|1700369065\n|switch|p1a: Manaphy|Manaphy|100\/100 slp\n|turn|25\n|c|\u2606realspades|oh i dont unsleep\n|\n|t:|1700369090\n|cant|p1a: Manaphy|slp\n|move|p2a: \u1a30\u05c1\u05c5\u0251\u05c1\u05c5\u05c5\uabf1h\u05c1\u05c5\u05ae|Reflect|p2a: \u1a30\u05c1\u05c5\u0251\u05c1\u05c5\u05c5\uabf1h\u05c1\u05c5\u05ae\n|-sidestart|p2: yaya_x3|Reflect\n|\n|-weather|RainDance|[upkeep]\n|-activate|p1a: Manaphy|ability: Hydration\n|-curestatus|p1a: Manaphy|slp|[msg]\n|-heal|p2a: \u1a30\u05c1\u05c5\u0251\u05c1\u05c5\u05c5\uabf1h\u05c1\u05c5\u05ae|82\/100|[from] item: Leftovers\n|upkeep\n|turn|26\n|\n|t:|1700369101\n|switch|p2a: \u161cOO\u15ea\u1587\u15e9|Goodra, M|100\/100\n|move|p1a: Manaphy|Tail Glow|p1a: Manaphy\n|-boost|p1a: Manaphy|spa|3\n|\n|-weather|RainDance|[upkeep]\n|upkeep\n|turn|27\n|\n|t:|1700369110\n|move|p1a: Manaphy|Ice Beam|p2a: \u161cOO\u15ea\u1587\u15e9\n|-supereffective|p2a: \u161cOO\u15ea\u1587\u15e9\n|-damage|p2a: \u161cOO\u15ea\u1587\u15e9|45\/100\n|move|p2a: \u161cOO\u15ea\u1587\u15e9|Thunder|p1a: Manaphy\n|-supereffective|p1a: Manaphy\n|-damage|p1a: Manaphy|41\/100\n|\n|-weather|RainDance|[upkeep]\n|upkeep\n|turn|28\n|\n|t:|1700369124\n|switch|p2a: Hi Manaphy|Clefable, F|96\/100\n|move|p1a: Manaphy|Ice Beam|p2a: Hi Manaphy\n|-damage|p2a: Hi Manaphy|75\/100\n|\n|-weather|RainDance|[upkeep]\n|-heal|p2a: Hi Manaphy|81\/100|[from] item: Leftovers\n|upkeep\n|turn|29\n|\n|t:|1700369136\n|move|p1a: Manaphy|Rest|p1a: Manaphy\n|-status|p1a: Manaphy|slp|[from] move: Rest\n|-heal|p1a: Manaphy|100\/100 slp|[silent]\n|move|p2a: Hi Manaphy|Calm Mind|p2a: Hi Manaphy\n|-boost|p2a: Hi Manaphy|spa|1\n|-boost|p2a: Hi Manaphy|spd|1\n|\n|-weather|RainDance|[upkeep]\n|-activate|p1a: Manaphy|ability: Hydration\n|-curestatus|p1a: Manaphy|slp|[msg]\n|-heal|p2a: Hi Manaphy|87\/100|[from] item: Leftovers\n|-sideend|p2: yaya_x3|Reflect\n|upkeep\n|turn|30\n|\n|t:|1700369151\n|move|p1a: Manaphy|Ice Beam|p2a: Hi Manaphy\n|-damage|p2a: Hi Manaphy|73\/100\n|move|p2a: Hi Manaphy|Reflect|p2a: Hi Manaphy\n|-sidestart|p2: yaya_x3|Reflect\n|\n|-weather|RainDance|[upkeep]\n|-heal|p2a: Hi Manaphy|79\/100|[from] item: Leftovers\n|upkeep\n|turn|31\n|\n|t:|1700369161\n|move|p1a: Manaphy|Ice Beam|p2a: Hi Manaphy\n|-damage|p2a: Hi Manaphy|65\/100\n|-status|p2a: Hi Manaphy|frz\n|cant|p2a: Hi Manaphy|frz\n|\n|-weather|none\n|-heal|p2a: Hi Manaphy|71\/100 frz|[from] item: Leftovers\n|upkeep\n|turn|32\n|c|\u2606realspades|lets go\n|c|\u2606realspades|w\n|c|\u2606yaya_x3|uh oh\n|c|\u2606yaya_x3|this is bad\n|c|\u2606yaya_x3|I'll get sweeped!\n|c|\u2606realspades|kdjsflajkdf\n|\n|t:|1700369192\n|switch|p1a: Greninja|Greninja, F|100\/100\n|cant|p2a: Hi Manaphy|frz\n|\n|-heal|p2a: Hi Manaphy|77\/100 frz|[from] item: Leftovers\n|upkeep\n|turn|33\n|\n|t:|1700369217\n|switch|p2a: \ud83d\udc4c\u2b55\ufe0f\u2651\u26ce\ud83c\udf34|Volcanion, tera:Flying|100\/100\n|move|p1a: Greninja|Gunk Shot|p2a: \ud83d\udc4c\u2b55\ufe0f\u2651\u26ce\ud83c\udf34\n|-start|p1a: Greninja|typechange|Poison|[from] ability: Protean\n|-damage|p2a: \ud83d\udc4c\u2b55\ufe0f\u2651\u26ce\ud83c\udf34|91\/100\n|\n|upkeep\n|turn|34\n|\n|t:|1700369233\n|switch|p1a: Manaphy|Manaphy|100\/100\n|move|p2a: \ud83d\udc4c\u2b55\ufe0f\u2651\u26ce\ud83c\udf34|Sunny Day|p2a: \ud83d\udc4c\u2b55\ufe0f\u2651\u26ce\ud83c\udf34\n|-weather|SunnyDay\n|\n|-weather|SunnyDay|[upkeep]\n|-sideend|p2: yaya_x3|Reflect\n|upkeep\n|turn|35\n|\n|t:|1700369241\n|move|p1a: Manaphy|Ice Beam|p2a: \ud83d\udc4c\u2b55\ufe0f\u2651\u26ce\ud83c\udf34\n|-supereffective|p2a: \ud83d\udc4c\u2b55\ufe0f\u2651\u26ce\ud83c\udf34\n|-damage|p2a: \ud83d\udc4c\u2b55\ufe0f\u2651\u26ce\ud83c\udf34|34\/100\n|move|p2a: \ud83d\udc4c\u2b55\ufe0f\u2651\u26ce\ud83c\udf34|Solar Beam||[still]\n|-prepare|p2a: \ud83d\udc4c\u2b55\ufe0f\u2651\u26ce\ud83c\udf34|Solar Beam\n|-anim|p2a: \ud83d\udc4c\u2b55\ufe0f\u2651\u26ce\ud83c\udf34|Solar Beam|p1a: Manaphy\n|-supereffective|p1a: Manaphy\n|-damage|p1a: Manaphy|42\/100\n|\n|-weather|SunnyDay|[upkeep]\n|upkeep\n|turn|36\n|\n|t:|1700369262\n|move|p1a: Manaphy|Tail Glow|p1a: Manaphy\n|-boost|p1a: Manaphy|spa|3\n|move|p2a: \ud83d\udc4c\u2b55\ufe0f\u2651\u26ce\ud83c\udf34|Solar Beam||[still]\n|-prepare|p2a: \ud83d\udc4c\u2b55\ufe0f\u2651\u26ce\ud83c\udf34|Solar Beam\n|-anim|p2a: \ud83d\udc4c\u2b55\ufe0f\u2651\u26ce\ud83c\udf34|Solar Beam|p1a: Manaphy\n|-supereffective|p1a: Manaphy\n|-damage|p1a: Manaphy|0 fnt\n|faint|p1a: Manaphy\n|\n|-weather|SunnyDay|[upkeep]\n|upkeep\n|c|\u2606yaya_x3|bad move there\n|\n|t:|1700369288\n|switch|p1a: Basculegion|Basculegion, M|100\/100\n|turn|37\n|\n|t:|1700369309\n|switch|p2a: Green Goblin|Grimmsnarl, M|100\/100\n|move|p1a: Basculegion|Psychic Fangs|p2a: Green Goblin\n|-immune|p2a: Green Goblin\n|\n|-weather|SunnyDay|[upkeep]\n|upkeep\n|turn|38\n|\n|t:|1700369320\n|switch|p1a: Greninja|Greninja, F|100\/100\n|move|p2a: Green Goblin|Thunder Wave|p1a: Greninja\n|-hint|Since gen 7, Dark is immune to Prankster moves.\n|-immune|p1a: Greninja\n|\n|-weather|none\n|upkeep\n|turn|39\n|\n|t:|1700369351\n|move|p2a: Green Goblin|Light Screen|p2a: Green Goblin\n|-sidestart|p2: yaya_x3|move: Light Screen\n|move|p1a: Greninja|Gunk Shot|p2a: Green Goblin|[miss]\n|-start|p1a: Greninja|typechange|Poison|[from] ability: Protean\n|-miss|p1a: Greninja|p2a: Green Goblin\n|\n|upkeep\n|turn|40\n|\n|t:|1700369381\n|switch|p1a: Basculegion|Basculegion, M|100\/100\n|move|p2a: Green Goblin|Parting Shot|p1a: Basculegion\n|-unboost|p1a: Basculegion|atk|1\n|-unboost|p1a: Basculegion|spa|1\n|\n|t:|1700369397\n|switch|p2a: \u1a30\u05c1\u05c5\u0251\u05c1\u05c5\u05c5\uabf1h\u05c1\u05c5\u05ae|Rotom-Wash|82\/100|[from] Parting Shot\n|\n|-heal|p2a: \u1a30\u05c1\u05c5\u0251\u05c1\u05c5\u05c5\uabf1h\u05c1\u05c5\u05ae|89\/100|[from] item: Leftovers\n|upkeep\n|turn|41\n|\n|t:|1700369406\n|-terastallize|p1a: Basculegion|Water\n|move|p1a: Basculegion|Liquidation|p2a: \u1a30\u05c1\u05c5\u0251\u05c1\u05c5\u05c5\uabf1h\u05c1\u05c5\u05ae\n|-resisted|p2a: \u1a30\u05c1\u05c5\u0251\u05c1\u05c5\u05c5\uabf1h\u05c1\u05c5\u05ae\n|-damage|p2a: \u1a30\u05c1\u05c5\u0251\u05c1\u05c5\u05c5\uabf1h\u05c1\u05c5\u05ae|57\/100\n|-unboost|p2a: \u1a30\u05c1\u05c5\u0251\u05c1\u05c5\u05c5\uabf1h\u05c1\u05c5\u05ae|def|1\n|move|p2a: \u1a30\u05c1\u05c5\u0251\u05c1\u05c5\u05c5\uabf1h\u05c1\u05c5\u05ae|Thunderbolt|p1a: Basculegion\n|-supereffective|p1a: Basculegion\n|-damage|p1a: Basculegion|11\/100\n|-status|p1a: Basculegion|par\n|\n|-heal|p2a: \u1a30\u05c1\u05c5\u0251\u05c1\u05c5\u05c5\uabf1h\u05c1\u05c5\u05ae|63\/100|[from] item: Leftovers\n|upkeep\n|turn|42\n|c|\u2606yaya_x3|bad luck\n|\n|t:|1700369427\n|move|p2a: \u1a30\u05c1\u05c5\u0251\u05c1\u05c5\u05c5\uabf1h\u05c1\u05c5\u05ae|Thunderbolt|p1a: Basculegion\n|-supereffective|p1a: Basculegion\n|-damage|p1a: Basculegion|0 fnt\n|faint|p1a: Basculegion\n|\n|-heal|p2a: \u1a30\u05c1\u05c5\u0251\u05c1\u05c5\u05c5\uabf1h\u05c1\u05c5\u05ae|70\/100|[from] item: Leftovers\n|upkeep\n|\n|t:|1700369428\n|switch|p1a: Greninja|Greninja, F|100\/100\n|turn|43\n|c|\u2606realspades|yes\n|\n|t:|1700369460\n|move|p1a: Greninja|Gunk Shot|p2a: \u1a30\u05c1\u05c5\u0251\u05c1\u05c5\u05c5\uabf1h\u05c1\u05c5\u05ae\n|-start|p1a: Greninja|typechange|Poison|[from] ability: Protean\n|-damage|p2a: \u1a30\u05c1\u05c5\u0251\u05c1\u05c5\u05c5\uabf1h\u05c1\u05c5\u05ae|11\/100\n|move|p2a: \u1a30\u05c1\u05c5\u0251\u05c1\u05c5\u05c5\uabf1h\u05c1\u05c5\u05ae|Reflect|p2a: \u1a30\u05c1\u05c5\u0251\u05c1\u05c5\u05c5\uabf1h\u05c1\u05c5\u05ae\n|-sidestart|p2: yaya_x3|Reflect\n|\n|-heal|p2a: \u1a30\u05c1\u05c5\u0251\u05c1\u05c5\u05c5\uabf1h\u05c1\u05c5\u05ae|17\/100|[from] item: Leftovers\n|upkeep\n|turn|44\n|\n|t:|1700369474\n|switch|p2a: Green Goblin|Grimmsnarl, M|100\/100\n|move|p1a: Greninja|Gunk Shot|p2a: Green Goblin\n|-supereffective|p2a: Green Goblin\n|-damage|p2a: Green Goblin|71\/100\n|\n|upkeep\n|turn|45\n|\n|t:|1700369481\n|move|p2a: Green Goblin|Thunder Wave|p1a: Greninja\n|-status|p1a: Greninja|par\n|move|p1a: Greninja|Gunk Shot|p2a: Green Goblin\n|-supereffective|p2a: Green Goblin\n|-damage|p2a: Green Goblin|42\/100\n|-status|p2a: Green Goblin|psn\n|\n|-damage|p2a: Green Goblin|29\/100 psn|[from] psn\n|upkeep\n|turn|46\n|c|\u2606yaya_x3|i have to play safe\n|\n|t:|1700369493\n|move|p2a: Green Goblin|Parting Shot|p1a: Greninja\n|-unboost|p1a: Greninja|atk|1\n|-unboost|p1a: Greninja|spa|1\n|c|\u2606realspades|sorta\n|\n|t:|1700369506\n|switch|p2a: \ud83d\udc4c\u2b55\ufe0f\u2651\u26ce\ud83c\udf34|Volcanion, tera:Flying|34\/100|[from] Parting Shot\n|move|p1a: Greninja|Gunk Shot|p2a: \ud83d\udc4c\u2b55\ufe0f\u2651\u26ce\ud83c\udf34\n|-damage|p2a: \ud83d\udc4c\u2b55\ufe0f\u2651\u26ce\ud83c\udf34|28\/100\n|\n|-sideend|p2: yaya_x3|move: Light Screen\n|upkeep\n|turn|47\n|\n|t:|1700369516\n|move|p1a: Greninja|Gunk Shot|p2a: \ud83d\udc4c\u2b55\ufe0f\u2651\u26ce\ud83c\udf34\n|-damage|p2a: \ud83d\udc4c\u2b55\ufe0f\u2651\u26ce\ud83c\udf34|21\/100\n|-status|p2a: \ud83d\udc4c\u2b55\ufe0f\u2651\u26ce\ud83c\udf34|psn\n|move|p2a: \ud83d\udc4c\u2b55\ufe0f\u2651\u26ce\ud83c\udf34|Steam Eruption|p1a: Greninja\n|-damage|p1a: Greninja|32\/100 par\n|\n|-damage|p2a: \ud83d\udc4c\u2b55\ufe0f\u2651\u26ce\ud83c\udf34|8\/100 psn|[from] psn\n|-sideend|p2: yaya_x3|Reflect\n|upkeep\n|turn|48\n|c|\u2606realspades|ggggggg\n|c|\u2606yaya_x3|hmm\n|c|\u2606yaya_x3|wait\n|c|\u2606yaya_x3|you fast\n|c|\u2606realspades|nah it gg\n|c|\u2606realspades|100%\n|c|\u2606yaya_x3|no not yet\n|c|\u2606yaya_x3|keep trying\n|c|\u2606realspades|yyes yey\n|c|\u2606realspades|if not now later\n|\n|t:|1700369573\n|switch|p2a: \u161cOO\u15ea\u1587\u15e9|Goodra, M|45\/100\n|move|p1a: Greninja|Gunk Shot|p2a: \u161cOO\u15ea\u1587\u15e9\n|-damage|p2a: \u161cOO\u15ea\u1587\u15e9|9\/100\n|\n|upkeep\n|turn|49\n|\n|t:|1700369582\n|move|p2a: \u161cOO\u15ea\u1587\u15e9|Scald|p1a: Greninja\n|-damage|p1a: Greninja|0 fnt\n|faint|p1a: Greninja\n|\n|win|yaya_x3\n|c|\u2606realspades|gg wp\n|c|\u2606yaya_x3|i didn't know how to kill it\n|c|\u2606realspades|i played so bad\n|c|\u2606realspades|anything would kill it\n|c|\u2606yaya_x3|it was fast\n|c|\u2606yaya_x3|and\n|c|\u2606realspades|also i was about to struggle\n|c|\u2606realspades|choice specs\n|c|\u2606yaya_x3|it has battle bond\n|c|\u2606realspades|protean\n|c|\u2606yaya_x3|wow\n|c|\u2606yaya_x3|my memory is so bad\n|c|\u2606realspades|lol sam\n|c|\u2606yaya_x3|i was thinking that all the time\n|c|\u2606yaya_x3|gg\n|c|\u2606realspades|lool\n|c|\u2606realspades|u 2 gud\n","uploadtime":1700369658,"views":8,"p1id":"realspades","p2id":"yayax3","formatid":"gen9nationaldex","rating":0,"private":0,"password":""}