{"id":"gen9nationaldex-1989591568","p1":"drHubris","p2":"Curvature<3","format":"[Gen 9] National Dex","log":"|j|\u2606drHubris\n|j|\u2606Curvature<3\n|t:|1699875959\n|gametype|singles\n|player|p1|drHubris|clay|1259\n|player|p2|Curvature<3|dawn-gen4pt|1257\n|teamsize|p1|6\n|teamsize|p2|6\n|gen|9\n|tier|[Gen 9] National Dex\n|rated|\n|rule|HP Percentage Mod: HP is shown in percentages\n|rule|Endless Battle Clause: Forcing endless battles is banned\n|rule|OHKO Clause: OHKO moves are banned\n|rule|Evasion Clause: Evasion abilities, items, and moves are banned\n|rule|Evasion Abilities Clause: Evasion abilities are banned\n|rule|Evasion Items Clause: Evasion items are banned\n|rule|Evasion Moves Clause: Evasion moves are banned\n|rule|Species Clause: Limit one of each Pok\u00e9mon\n|rule|Sleep Clause Mod: Limit one foe put to sleep\n|clearpoke\n|poke|p1|Gliscor, M|\n|poke|p1|Chesnaught, M|\n|poke|p1|Sneasler, F|\n|poke|p1|Sableye, F|\n|poke|p1|Torterra, M|\n|poke|p1|Arcanine-Hisui, M|\n|poke|p2|Pikachu, F|\n|poke|p2|Venusaur, F|\n|poke|p2|Charizard, F|\n|poke|p2|Blastoise, F|\n|poke|p2|Espeon, F|\n|poke|p2|Snorlax, F|\n|teampreview\n|inactive|Battle timer is ON: inactive players will automatically lose when time's up. (requested by Curvature<3)\n|\n|t:|1699875981\n|start\n|switch|p1a: Arcanine|Arcanine-Hisui, M|100\/100\n|switch|p2a: Wrath|Charizard, F|100\/100\n|turn|1\n|\n|t:|1699875990\n|switch|p2a: Pride|Blastoise, F|100\/100\n|move|p1a: Arcanine|Head Smash|p2a: Pride|[miss]\n|-miss|p1a: Arcanine|p2a: Pride\n|\n|upkeep\n|turn|2\n|\n|t:|1699875996\n|switch|p1a: D-Fence|Chesnaught, M, shiny|100\/100\n|move|p2a: Pride|Scald|p1a: D-Fence\n|-resisted|p1a: D-Fence\n|-damage|p1a: D-Fence|88\/100\n|\n|-heal|p1a: D-Fence|94\/100|[from] item: Leftovers\n|upkeep\n|turn|3\n|\n|t:|1699876006\n|switch|p2a: Envy|Espeon, F|100\/100\n|move|p1a: D-Fence|Leech Seed|p2a: Envy\n|move|p2a: Envy|Leech Seed|p1a: D-Fence|[from]ability: Magic Bounce\n|-immune|p1a: D-Fence\n|\n|-heal|p1a: D-Fence|99\/100|[from] item: Leftovers\n|upkeep\n|turn|4\n|\n|t:|1699876015\n|switch|p1a: The Shuffler|Sableye, F|100\/100\n|move|p2a: Envy|Psychic|p1a: The Shuffler\n|-immune|p1a: The Shuffler\n|\n|upkeep\n|turn|5\n|\n|t:|1699876028\n|switch|p2a: Wrath|Charizard, F|100\/100\n|move|p1a: The Shuffler|Knock Off|p2a: Wrath\n|-crit|p2a: Wrath\n|-damage|p2a: Wrath|60\/100\n|\n|upkeep\n|turn|6\n|\n|t:|1699876038\n|move|p2a: Wrath|Scorching Sands|p1a: The Shuffler\n|-damage|p1a: The Shuffler|76\/100\n|move|p1a: The Shuffler|Knock Off|p2a: Wrath\n|-damage|p2a: Wrath|37\/100\n|\n|upkeep\n|turn|7\n|\n|t:|1699876049\n|move|p2a: Wrath|Overheat|p1a: The Shuffler\n|-damage|p1a: The Shuffler|11\/100\n|-unboost|p2a: Wrath|spa|2\n|move|p1a: The Shuffler|Knock Off|p2a: Wrath\n|-damage|p2a: Wrath|10\/100\n|\n|upkeep\n|turn|8\n|\n|t:|1699876057\n|move|p2a: Wrath|Overheat|p1a: The Shuffler\n|-damage|p1a: The Shuffler|0 fnt\n|-unboost|p2a: Wrath|spa|2\n|faint|p1a: The Shuffler\n|\n|upkeep\n|\n|t:|1699876062\n|switch|p1a: Citizen Snips|Gliscor, M|100\/100\n|turn|9\n|\n|t:|1699876074\n|switch|p2a: Pride|Blastoise, F|100\/100\n|move|p1a: Citizen Snips|Protect||[still]\n|-fail|p1a: Citizen Snips\n|\n|-status|p1a: Citizen Snips|tox|[from] item: Toxic Orb\n|upkeep\n|turn|10\n|\n|t:|1699876086\n|switch|p1a: D-Fence|Chesnaught, M, shiny|99\/100\n|move|p2a: Pride|Scald|p1a: D-Fence\n|-resisted|p1a: D-Fence\n|-crit|p1a: D-Fence\n|-damage|p1a: D-Fence|80\/100\n|\n|-heal|p1a: D-Fence|86\/100|[from] item: Leftovers\n|upkeep\n|turn|11\n|\n|t:|1699876095\n|switch|p2a: Envy|Espeon, F|100\/100\n|move|p1a: D-Fence|Trailblaze|p2a: Envy\n|-damage|p2a: Envy|66\/100\n|-boost|p1a: D-Fence|spe|1\n|\n|-heal|p1a: D-Fence|92\/100|[from] item: Leftovers\n|upkeep\n|turn|12\n|\n|t:|1699876117\n|move|p2a: Envy|Psychic|p1a: D-Fence\n|-supereffective|p1a: D-Fence\n|-damage|p1a: D-Fence|0 fnt\n|faint|p1a: D-Fence\n|\n|upkeep\n|\n|t:|1699876124\n|switch|p1a: Arcanine|Arcanine-Hisui, M|100\/100\n|turn|13\n|\n|t:|1699876132\n|move|p1a: Arcanine|Wild Charge|p2a: Envy\n|-damage|p2a: Envy|13\/100\n|move|p2a: Envy|Psychic|p1a: Arcanine\n|-damage|p1a: Arcanine|15\/100\n|\n|upkeep\n|turn|14\n|\n|t:|1699876145\n|switch|p2a: Greed|Venusaur, F|100\/100\n|move|p1a: Arcanine|Wild Charge|p2a: Greed\n|-resisted|p2a: Greed\n|-damage|p2a: Greed|85\/100\n|\n|upkeep\n|turn|15\n|\n|t:|1699876156\n|switch|p1a: Shellshock|Torterra, M|100\/100\n|move|p2a: Greed|Earth Power|p1a: Shellshock\n|-resisted|p1a: Shellshock\n|-damage|p1a: Shellshock|78\/100\n|-damage|p2a: Greed|75\/100|[from] item: Life Orb\n|\n|upkeep\n|turn|16\n|\n|t:|1699876164\n|move|p2a: Greed|Sludge Bomb|p1a: Shellshock\n|-damage|p1a: Shellshock|10\/100\n|-damage|p2a: Greed|66\/100|[from] item: Life Orb\n|move|p1a: Shellshock|Shell Smash|p1a: Shellshock\n|-unboost|p1a: Shellshock|def|1\n|-unboost|p1a: Shellshock|spd|1\n|-boost|p1a: Shellshock|atk|2\n|-boost|p1a: Shellshock|spa|2\n|-boost|p1a: Shellshock|spe|2\n|\n|upkeep\n|turn|17\n|\n|t:|1699876193\n|switch|p2a: Envy|Espeon, F|13\/100\n|move|p1a: Shellshock|Headlong Rush|p2a: Envy\n|-damage|p2a: Envy|0 fnt\n|-unboost|p1a: Shellshock|def|1\n|-unboost|p1a: Shellshock|spd|1\n|faint|p2a: Envy\n|\n|upkeep\n|\n|t:|1699876201\n|switch|p2a: Lust|Pikachu, F|100\/100\n|turn|18\n|\n|t:|1699876205\n|move|p2a: Lust|Extreme Speed|p1a: Shellshock\n|-damage|p1a: Shellshock|0 fnt\n|faint|p1a: Shellshock\n|\n|upkeep\n|\n|t:|1699876210\n|switch|p1a: Her Majesty|Sneasler, F|100\/100\n|turn|19\n|\n|t:|1699876215\n|switch|p2a: Pride|Blastoise, F|100\/100\n|move|p1a: Her Majesty|Close Combat|p2a: Pride\n|-damage|p2a: Pride|57\/100\n|-unboost|p1a: Her Majesty|def|1\n|-unboost|p1a: Her Majesty|spd|1\n|-enditem|p1a: Her Majesty|White Herb\n|-clearnegativeboost|p1a: Her Majesty|[silent]\n|\n|-heal|p2a: Pride|63\/100|[from] item: Leftovers\n|upkeep\n|turn|20\n|\n|t:|1699876225\n|move|p1a: Her Majesty|Dire Claw|p2a: Pride\n|-damage|p2a: Pride|31\/100\n|-status|p2a: Pride|psn\n|move|p2a: Pride|Scald|p1a: Her Majesty\n|-damage|p1a: Her Majesty|68\/100\n|\n|-heal|p2a: Pride|37\/100 psn|[from] item: Leftovers\n|-damage|p2a: Pride|25\/100 psn|[from] psn\n|upkeep\n|turn|21\n|\n|t:|1699876237\n|-terastallize|p1a: Her Majesty|Flying\n|move|p1a: Her Majesty|Acrobatics|p2a: Pride\n|-damage|p2a: Pride|0 fnt\n|faint|p2a: Pride\n|\n|upkeep\n|\n|t:|1699876243\n|switch|p2a: Lust|Pikachu, F|100\/100\n|turn|22\n|\n|t:|1699876251\n|move|p2a: Lust|Fake Out|p1a: Her Majesty\n|-damage|p1a: Her Majesty|37\/100\n|cant|p1a: Her Majesty|flinch\n|\n|upkeep\n|turn|23\n|\n|t:|1699876256\n|move|p2a: Lust|Extreme Speed|p1a: Her Majesty\n|-damage|p1a: Her Majesty|0 fnt\n|faint|p1a: Her Majesty\n|\n|upkeep\n|\n|t:|1699876260\n|switch|p1a: Arcanine|Arcanine-Hisui, M|15\/100\n|turn|24\n|\n|t:|1699876281\n|move|p1a: Arcanine|Extreme Speed|p2a: Lust\n|-damage|p2a: Lust|24\/100\n|move|p2a: Lust|Extreme Speed|p1a: Arcanine\n|-resisted|p1a: Arcanine\n|-damage|p1a: Arcanine|0 fnt\n|faint|p1a: Arcanine\n|\n|upkeep\n|\n|t:|1699876284\n|switch|p1a: Citizen Snips|Gliscor, M|100\/100 tox\n|turn|25\n|\n|t:|1699876296\n|move|p2a: Lust|Extreme Speed|p1a: Citizen Snips\n|-damage|p1a: Citizen Snips|66\/100 tox\n|move|p1a: Citizen Snips|Facade|p2a: Lust\n|-damage|p2a: Lust|0 fnt\n|faint|p2a: Lust\n|\n|-heal|p1a: Citizen Snips|79\/100 tox|[from] ability: Poison Heal\n|upkeep\n|\n|t:|1699876309\n|switch|p2a: Wrath|Charizard, F|10\/100\n|turn|26\n|\n|t:|1699876314\n|move|p2a: Wrath|Overheat|p1a: Citizen Snips|[miss]\n|-miss|p2a: Wrath|p1a: Citizen Snips\n|move|p1a: Citizen Snips|Facade|p2a: Wrath\n|-damage|p2a: Wrath|0 fnt\n|faint|p2a: Wrath\n|\n|-heal|p1a: Citizen Snips|91\/100 tox|[from] ability: Poison Heal\n|upkeep\n|\n|t:|1699876322\n|switch|p2a: Greed|Venusaur, F|66\/100\n|turn|27\n|\n|t:|1699876326\n|move|p1a: Citizen Snips|Earthquake|p2a: Greed\n|-damage|p2a: Greed|17\/100\n|move|p2a: Greed|Giga Drain|p1a: Citizen Snips\n|-damage|p1a: Citizen Snips|24\/100 tox\n|-heal|p2a: Greed|45\/100|[from] drain|[of] p1a: Citizen Snips\n|-damage|p2a: Greed|35\/100|[from] item: Life Orb\n|\n|-heal|p1a: Citizen Snips|36\/100 tox|[from] ability: Poison Heal\n|upkeep\n|turn|28\n|\n|t:|1699876335\n|move|p1a: Citizen Snips|Earthquake|p2a: Greed\n|-damage|p2a: Greed|0 fnt\n|faint|p2a: Greed\n|\n|-heal|p1a: Citizen Snips|48\/100 tox|[from] ability: Poison Heal\n|upkeep\n|\n|t:|1699876341\n|switch|p2a: Sloth|Snorlax, F|100\/100\n|turn|29\n|\n|t:|1699876344\n|move|p1a: Citizen Snips|Protect|p1a: Citizen Snips\n|-singleturn|p1a: Citizen Snips|Protect\n|move|p2a: Sloth|Frustration|p1a: Citizen Snips\n|-activate|p1a: Citizen Snips|move: Protect\n|\n|-heal|p1a: Citizen Snips|61\/100 tox|[from] ability: Poison Heal\n|upkeep\n|turn|30\n|\n|t:|1699876352\n|move|p1a: Citizen Snips|Earthquake|p2a: Sloth\n|-damage|p2a: Sloth|68\/100\n|move|p2a: Sloth|Frustration|p1a: Citizen Snips\n|-damage|p1a: Citizen Snips|26\/100 tox\n|\n|-heal|p2a: Sloth|74\/100|[from] item: Leftovers\n|-heal|p1a: Citizen Snips|39\/100 tox|[from] ability: Poison Heal\n|upkeep\n|turn|31\n|\n|t:|1699876361\n|move|p1a: Citizen Snips|Protect|p1a: Citizen Snips\n|-singleturn|p1a: Citizen Snips|Protect\n|move|p2a: Sloth|Curse|p2a: Sloth\n|-unboost|p2a: Sloth|spe|1\n|-boost|p2a: Sloth|atk|1\n|-boost|p2a: Sloth|def|1\n|\n|-heal|p2a: Sloth|80\/100|[from] item: Leftovers\n|-heal|p1a: Citizen Snips|51\/100 tox|[from] ability: Poison Heal\n|upkeep\n|turn|32\n|\n|t:|1699876371\n|move|p1a: Citizen Snips|Earthquake|p2a: Sloth\n|-damage|p2a: Sloth|59\/100\n|move|p2a: Sloth|Frustration|p1a: Citizen Snips\n|-damage|p1a: Citizen Snips|0 fnt\n|faint|p1a: Citizen Snips\n|\n|win|Curvature<3\n|raw|drHubris's rating: 1259 &rarr; <strong>1234<\/strong><br \/>(-25 for losing)\n|raw|Curvature&lt;3's rating: 1257 &rarr; <strong>1282<\/strong><br \/>(+25 for winning)\n|l|\u2606drHubris\n|l|\u2606Curvature<3\n|j|\u2606Curvature<3\n|player|p2|Curvature<3|dawn-gen4pt\n","uploadtime":1699877973,"views":4,"p1id":"drhubris","p2id":"curvature3","formatid":"gen9nationaldex","rating":1234,"private":0,"password":""}