{"id":"gen9nationaldex-1997650980","p1":"Dark Umbreon 08","p2":"BigbingQvQ","format":"[Gen 9] National Dex","log":"|html|<div class=\"broadcast-blue\"><strong>[Gen 9] National Dex is currently suspecting Sneasler! For information on how to participate check out the <a href=\"https:\/\/www.smogon.com\/forums\/threads\/sv-national-dex-suspect-8-just-dance.3731534\/\">suspect thread<\/a>.<\/strong><\/div>\n|j|\u2606Dark Umbreon 08\n|j|\u2606BigbingQvQ\n|t:|1700837647\n|gametype|singles\n|player|p1|Dark Umbreon 08|lass-gen4dp|1065\n|player|p2|BigbingQvQ|169|1000\n|teamsize|p1|2\n|teamsize|p2|6\n|gen|9\n|tier|[Gen 9] National Dex\n|rated|\n|rule|HP Percentage Mod: HP is shown in percentages\n|rule|Endless Battle Clause: Forcing endless battles is banned\n|rule|OHKO Clause: OHKO moves are banned\n|rule|Evasion Clause: Evasion abilities, items, and moves are banned\n|rule|Evasion Abilities Clause: Evasion abilities are banned\n|rule|Evasion Items Clause: Evasion items are banned\n|rule|Evasion Moves Clause: Evasion moves are banned\n|rule|Species Clause: Limit one of each Pok\u00e9mon\n|rule|Sleep Clause Mod: Limit one foe put to sleep\n|clearpoke\n|poke|p1|Krookodile, F|\n|poke|p1|Latios, M|\n|poke|p2|Heatran, F|\n|poke|p2|Lopunny, M|\n|poke|p2|Amoonguss, M|\n|poke|p2|Zapdos|\n|poke|p2|Chansey, F|\n|poke|p2|Metagross|\n|teampreview\n|inactive|Battle timer is ON: inactive players will automatically lose when time's up. (requested by Dark Umbreon 08)\n|\n|t:|1700837656\n|start\n|switch|p1a: Latios|Latios, M|100\/100\n|switch|p2a: Zapdos|Zapdos|100\/100\n|-ability|p2a: Zapdos|Pressure\n|turn|1\n|j| jyhfcgdghgfy\n|inactive|Dark Umbreon 08 has 120 seconds left.\n|\n|t:|1700837697\n|move|p1a: Latios|Light Screen|p1a: Latios\n|-sidestart|p1: Dark Umbreon 08|move: Light Screen\n|move|p2a: Zapdos|U-turn|p1a: Latios\n|-supereffective|p1a: Latios\n|-damage|p1a: Latios|57\/100\n|\n|t:|1700837705\n|switch|p2a: Metagross|Metagross|100\/100|[from] U-turn\n|\n|upkeep\n|turn|2\n|inactive|Dark Umbreon 08 has 120 seconds left.\n|\n|t:|1700837714\n|move|p1a: Latios|Reflect|p1a: Latios\n|-sidestart|p1: Dark Umbreon 08|Reflect\n|move|p2a: Metagross|Meteor Mash|p1a: Latios\n|-damage|p1a: Latios|29\/100\n|\n|upkeep\n|turn|3\n|\n|t:|1700837721\n|move|p2a: Metagross|Bullet Punch|p1a: Latios\n|-damage|p1a: Latios|16\/100\n|move|p1a: Latios|Reflect||[still]\n|-fail|p1a: Latios\n|\n|upkeep\n|turn|4\n|\n|t:|1700837730\n|move|p1a: Latios|Memento|p2a: Metagross\n|-unboost|p2a: Metagross|atk|2\n|-unboost|p2a: Metagross|spa|2\n|faint|p1a: Latios\n|move|p2a: Metagross|Stealth Rock|p1: Latios\n|-sidestart|p1: Dark Umbreon 08|move: Stealth Rock\n|\n|upkeep\n|\n|t:|1700837743\n|switch|p1a: Krookodile|Krookodile, F|100\/100\n|-damage|p1a: Krookodile|94\/100|[from] Stealth Rock\n|turn|5\n|\n|t:|1700837747\n|move|p1a: Krookodile|Hone Claws|p1a: Krookodile\n|-boost|p1a: Krookodile|atk|1\n|-boost|p1a: Krookodile|accuracy|1\n|move|p2a: Metagross|Iron Head|p1a: Krookodile\n|-damage|p1a: Krookodile|81\/100\n|\n|upkeep\n|turn|6\n|\n|t:|1700837757\n|switch|p2a: Lopunny|Lopunny, M|100\/100\n|move|p1a: Krookodile|Scale Shot|p2a: Lopunny\n|-damage|p2a: Lopunny|83\/100\n|-damage|p2a: Lopunny|65\/100\n|-damage|p2a: Lopunny|48\/100\n|-hitcount|p2a: Lopunny|3\n|-unboost|p1a: Krookodile|def|1\n|-boost|p1a: Krookodile|spe|1\n|\n|upkeep\n|turn|7\n|\n|t:|1700837767\n|detailschange|p2a: Lopunny|Lopunny-Mega, M\n|-mega|p2a: Lopunny|Lopunny|Lopunnite\n|move|p1a: Krookodile|Earthquake|p2a: Lopunny\n|-damage|p2a: Lopunny|0 fnt\n|faint|p2a: Lopunny\n|-ability|p1a: Krookodile|Moxie|boost\n|-boost|p1a: Krookodile|atk|1\n|\n|upkeep\n|\n|t:|1700837775\n|switch|p2a: Heatran|Heatran, F|100\/100\n|turn|8\n|\n|t:|1700837782\n|-terastallize|p2a: Heatran|Fire\n|move|p1a: Krookodile|Earthquake|p2a: Heatran\n|-supereffective|p2a: Heatran\n|-crit|p2a: Heatran\n|-damage|p2a: Heatran|0 fnt\n|faint|p2a: Heatran\n|-ability|p1a: Krookodile|Moxie|boost\n|-boost|p1a: Krookodile|atk|1\n|\n|-sideend|p1: Dark Umbreon 08|move: Light Screen\n|upkeep\n|\n|t:|1700837805\n|switch|p2a: Amoonguss|Amoonguss, M|100\/100\n|turn|9\n|\n|t:|1700837814\n|move|p1a: Krookodile|Power Trip|p2a: Amoonguss\n|-damage|p2a: Amoonguss|0 fnt\n|-status|p1a: Krookodile|slp|[from] ability: Effect Spore|[of] p2a: Amoonguss\n|faint|p2a: Amoonguss\n|-ability|p1a: Krookodile|Moxie|boost\n|-boost|p1a: Krookodile|atk|1\n|\n|-sideend|p1: Dark Umbreon 08|Reflect\n|upkeep\n|\n|t:|1700837824\n|switch|p2a: Chansey|Chansey, F|100\/100\n|turn|10\n|\n|t:|1700837845\n|cant|p1a: Krookodile|slp\n|move|p2a: Chansey|Counter||[still]\n|-fail|p2a: Chansey\n|\n|upkeep\n|turn|11\n|\n|t:|1700837854\n|-curestatus|p1a: Krookodile|slp|[msg]\n|move|p1a: Krookodile|Hone Claws|p1a: Krookodile\n|-boost|p1a: Krookodile|atk|1\n|-boost|p1a: Krookodile|accuracy|1\n|move|p2a: Chansey|Drain Punch|p1a: Krookodile\n|-supereffective|p1a: Krookodile\n|-crit|p1a: Krookodile\n|-damage|p1a: Krookodile|62\/100\n|-enditem|p1a: Krookodile|Weakness Policy\n|-boost|p1a: Krookodile|atk|1|[from] item: Weakness Policy\n|-boost|p1a: Krookodile|spa|2|[from] item: Weakness Policy\n|\n|upkeep\n|turn|12\n|\n|t:|1700837865\n|move|p1a: Krookodile|Power Trip|p2a: Chansey\n|-damage|p2a: Chansey|0 fnt\n|faint|p2a: Chansey\n|\n|upkeep\n|\n|t:|1700837872\n|switch|p2a: Zapdos|Zapdos|100\/100\n|-ability|p2a: Zapdos|Pressure\n|turn|13\n|\n|t:|1700837882\n|move|p1a: Krookodile|Power Trip|p2a: Zapdos\n|-damage|p2a: Zapdos|0 fnt\n|faint|p2a: Zapdos\n|\n|upkeep\n|\n|t:|1700837887\n|switch|p2a: Metagross|Metagross|100\/100\n|turn|14\n|\n|t:|1700837892\n|move|p2a: Metagross|Bullet Punch|p1a: Krookodile\n|-damage|p1a: Krookodile|20\/100\n|move|p1a: Krookodile|Power Trip|p2a: Metagross\n|-supereffective|p2a: Metagross\n|-damage|p2a: Metagross|0 fnt\n|-damage|p1a: Krookodile|3\/100|[from] item: Rocky Helmet|[of] p2a: Metagross\n|faint|p2a: Metagross\n|\n|win|Dark Umbreon 08\n|raw|Dark Umbreon 08's rating: 1045 &rarr; <strong>1074<\/strong><br \/>(+29 for winning)\n|raw|BigbingQvQ's rating: 1000 &rarr; <strong>1000<\/strong><br \/>(+0 for losing)\n|l|\u2606BigbingQvQ\n|c|\u2606Dark Umbreon 08|Gg\n|l| jyhfcgdghgfy\n","uploadtime":1700837970,"views":0,"p1id":"darkumbreon08","p2id":"bigbingqvq","formatid":"gen9nationaldex","rating":1000,"private":0,"password":""}