{"id":"gen9nationaldex-2000640619","p1":"Hysuto","p2":"PLAYB0I R0BBIE B","format":"[Gen 9] National Dex","log":"|html|<div class=\"broadcast-blue\"><strong>[Gen 9] National Dex is currently suspecting Sneasler! For information on how to participate check out the <a href=\"https:\/\/www.smogon.com\/forums\/threads\/sv-national-dex-suspect-8-just-dance.3731534\/\">suspect thread<\/a>.<\/strong><\/div>\n|j|\u2606Hysuto\n|j|\u2606PLAYB0I R0BBIE B\n|t:|1701213485\n|gametype|singles\n|player|p1|Hysuto|burglar|1495\n|player|p2|PLAYB0I R0BBIE B|eusine|1342\n|teamsize|p1|6\n|teamsize|p2|6\n|gen|9\n|tier|[Gen 9] National Dex\n|rated|\n|rule|HP Percentage Mod: HP is shown in percentages\n|rule|Endless Battle Clause: Forcing endless battles is banned\n|rule|OHKO Clause: OHKO moves are banned\n|rule|Evasion Clause: Evasion abilities, items, and moves are banned\n|rule|Evasion Abilities Clause: Evasion abilities are banned\n|rule|Evasion Items Clause: Evasion items are banned\n|rule|Evasion Moves Clause: Evasion moves are banned\n|rule|Species Clause: Limit one of each Pok\u00e9mon\n|rule|Sleep Clause Mod: Limit one foe put to sleep\n|clearpoke\n|poke|p1|Garganacl, M|\n|poke|p1|Moltres|\n|poke|p1|Hatterene, F|\n|poke|p1|Alomomola, F|\n|poke|p1|Aggron, M|\n|poke|p1|Rillaboom, F|\n|poke|p2|Latias, F|\n|poke|p2|Skeledirge, F|\n|poke|p2|Clefable, F|\n|poke|p2|Ferrothorn, F|\n|poke|p2|Gliscor, F|\n|poke|p2|Tornadus-Therian, M|\n|teampreview\n|inactive|Battle timer is ON: inactive players will automatically lose when time's up. (requested by Hysuto)\n|\n|t:|1701213514\n|start\n|switch|p1a: Aggron|Aggron, M|100\/100\n|switch|p2a: Ferrothorn|Ferrothorn, F|100\/100\n|turn|1\n|\n|t:|1701213519\n|detailschange|p1a: Aggron|Aggron-Mega, M\n|-mega|p1a: Aggron|Aggron|Aggronite\n|move|p1a: Aggron|Iron Defense|p1a: Aggron\n|-boost|p1a: Aggron|def|2\n|move|p2a: Ferrothorn|Leech Seed|p1a: Aggron\n|-start|p1a: Aggron|move: Leech Seed\n|\n|-damage|p1a: Aggron|88\/100|[from] Leech Seed|[of] p2a: Ferrothorn\n|upkeep\n|turn|2\n|\n|t:|1701213526\n|switch|p1a: Hatterene|Hatterene, F|100\/100\n|move|p2a: Ferrothorn|Stealth Rock|p1a: Hatterene\n|move|p1a: Hatterene|Stealth Rock|p2a: Ferrothorn|[from]ability: Magic Bounce\n|-sidestart|p2: PLAYB0I R0BBIE B|move: Stealth Rock\n|\n|upkeep\n|turn|3\n|\n|t:|1701213538\n|switch|p1a: Moltres|Moltres|100\/100\n|switch|p2a: Tornadus|Tornadus-Therian, M|100\/100\n|-damage|p2a: Tornadus|76\/100|[from] Stealth Rock\n|\n|upkeep\n|turn|4\n|\n|t:|1701213552\n|switch|p2a: Skeledirge|Skeledirge, F|100\/100\n|move|p1a: Moltres|Flamethrower|p2a: Skeledirge\n|-resisted|p2a: Skeledirge\n|-damage|p2a: Skeledirge|84\/100\n|\n|upkeep\n|turn|5\n|\n|t:|1701213561\n|switch|p1a: Alomomola|Alomomola, F|100\/100\n|switch|p2a: Gliscor|Gliscor, F|100\/100\n|-damage|p2a: Gliscor|88\/100|[from] Stealth Rock\n|\n|-status|p2a: Gliscor|tox|[from] item: Toxic Orb\n|upkeep\n|turn|6\n|\n|t:|1701213569\n|switch|p1a: Aggron|Aggron-Mega, M|88\/100\n|move|p2a: Gliscor|Toxic|p1a: Aggron\n|-immune|p1a: Aggron\n|\n|-heal|p2a: Gliscor|100\/100 tox|[from] ability: Poison Heal\n|upkeep\n|turn|7\n|\n|t:|1701213574\n|switch|p1a: Rillaboom|Rillaboom, F|100\/100\n|-fieldstart|move: Grassy Terrain|[from] ability: Grassy Surge|[of] p1a: Rillaboom\n|move|p2a: Gliscor|Spikes|p1a: Rillaboom\n|-sidestart|p1: Hysuto|Spikes\n|\n|upkeep\n|turn|8\n|\n|t:|1701213581\n|switch|p1a: Aggron|Aggron-Mega, M|88\/100\n|-damage|p1a: Aggron|75\/100|[from] Spikes\n|move|p2a: Gliscor|Toxic|p1a: Aggron\n|-immune|p1a: Aggron\n|\n|-heal|p1a: Aggron|82\/100|[from] Grassy Terrain\n|upkeep\n|turn|9\n|\n|t:|1701213584\n|move|p2a: Gliscor|Spikes|p1a: Aggron\n|-sidestart|p1: Hysuto|Spikes\n|move|p1a: Aggron|Iron Defense|p1a: Aggron\n|-boost|p1a: Aggron|def|2\n|\n|-heal|p1a: Aggron|88\/100|[from] Grassy Terrain\n|upkeep\n|turn|10\n|\n|t:|1701213589\n|move|p2a: Gliscor|Spikes|p1a: Aggron\n|-sidestart|p1: Hysuto|Spikes\n|move|p1a: Aggron|Body Press|p2a: Gliscor\n|-resisted|p2a: Gliscor\n|-damage|p2a: Gliscor|63\/100 tox\n|\n|-heal|p1a: Aggron|94\/100|[from] Grassy Terrain\n|-heal|p2a: Gliscor|75\/100 tox|[from] ability: Poison Heal\n|upkeep\n|turn|11\n|\n|t:|1701213597\n|move|p2a: Gliscor|Earthquake|p1a: Aggron\n|-supereffective|p1a: Aggron\n|-damage|p1a: Aggron|89\/100\n|move|p1a: Aggron|Toxic|p2a: Gliscor\n|-fail|p2a: Gliscor|tox\n|\n|-heal|p1a: Aggron|96\/100|[from] Grassy Terrain\n|-heal|p2a: Gliscor|88\/100 tox|[from] ability: Poison Heal\n|-fieldend|move: Grassy Terrain\n|upkeep\n|turn|12\n|\n|t:|1701213600\n|move|p2a: Gliscor|Earthquake|p1a: Aggron\n|-supereffective|p1a: Aggron\n|-damage|p1a: Aggron|85\/100\n|move|p1a: Aggron|Iron Defense|p1a: Aggron\n|-boost|p1a: Aggron|def|2\n|\n|-heal|p2a: Gliscor|100\/100 tox|[from] ability: Poison Heal\n|upkeep\n|turn|13\n|\n|t:|1701213602\n|move|p2a: Gliscor|Earthquake|p1a: Aggron\n|-supereffective|p1a: Aggron\n|-damage|p1a: Aggron|78\/100\n|move|p1a: Aggron|Toxic|p2a: Gliscor\n|-fail|p2a: Gliscor|tox\n|\n|upkeep\n|turn|14\n|\n|t:|1701213605\n|move|p2a: Gliscor|Earthquake|p1a: Aggron\n|-supereffective|p1a: Aggron\n|-damage|p1a: Aggron|71\/100\n|move|p1a: Aggron|Body Press|p2a: Gliscor\n|-resisted|p2a: Gliscor\n|-damage|p2a: Gliscor|39\/100 tox\n|\n|-heal|p2a: Gliscor|52\/100 tox|[from] ability: Poison Heal\n|upkeep\n|turn|15\n|\n|t:|1701213609\n|switch|p2a: Skeledirge|Skeledirge, F|84\/100\n|move|p1a: Aggron|Toxic|p2a: Skeledirge|[miss]\n|-miss|p1a: Aggron|p2a: Skeledirge\n|\n|upkeep\n|turn|16\n|\n|t:|1701213617\n|move|p2a: Skeledirge|Will-O-Wisp|p1a: Aggron\n|-status|p1a: Aggron|brn\n|move|p1a: Aggron|Toxic|p2a: Skeledirge\n|-status|p2a: Skeledirge|tox\n|\n|-damage|p2a: Skeledirge|78\/100 tox|[from] psn\n|-damage|p1a: Aggron|65\/100 brn|[from] brn\n|upkeep\n|turn|17\n|\n|t:|1701213624\n|switch|p1a: Moltres|Moltres|100\/100\n|move|p2a: Skeledirge|Torch Song|p1a: Moltres\n|-resisted|p1a: Moltres\n|-damage|p1a: Moltres|88\/100\n|-boost|p2a: Skeledirge|spa|1\n|\n|-damage|p2a: Skeledirge|66\/100 tox|[from] psn\n|upkeep\n|turn|18\n|\n|t:|1701213631\n|switch|p2a: Latias|Latias, F|100\/100\n|-damage|p2a: Latias|88\/100|[from] Stealth Rock\n|move|p1a: Moltres|Defog|p2a: Latias\n|-unboost|p2a: Latias|evasion|1\n|-sideend|p2: PLAYB0I R0BBIE B|Stealth Rock|[from] move: Defog|[of] p1a: Moltres\n|-sideend|p1: Hysuto|Spikes|[from] move: Defog|[of] p1a: Moltres\n|\n|upkeep\n|turn|19\n|\n|t:|1701213634\n|move|p2a: Latias|Calm Mind|p2a: Latias\n|-boost|p2a: Latias|spa|1\n|-boost|p2a: Latias|spd|1\n|move|p1a: Moltres|U-turn|p2a: Latias\n|-supereffective|p2a: Latias\n|-damage|p2a: Latias|57\/100\n|\n|t:|1701213641\n|switch|p1a: Garganacl|Garganacl, M|100\/100|[from] U-turn\n|\n|upkeep\n|turn|20\n|\n|t:|1701213650\n|switch|p2a: Clefable|Clefable, F|100\/100\n|move|p1a: Garganacl|Sandstorm|p1a: Garganacl\n|-weather|Sandstorm\n|\n|-weather|Sandstorm|[upkeep]\n|upkeep\n|turn|21\n|\n|t:|1701213655\n|move|p2a: Clefable|Knock Off|p1a: Garganacl\n|-damage|p1a: Garganacl|90\/100\n|-enditem|p1a: Garganacl|Covert Cloak|[from] move: Knock Off|[of] p2a: Clefable\n|move|p1a: Garganacl|Salt Cure|p2a: Clefable\n|-damage|p2a: Clefable|91\/100\n|-start|p2a: Clefable|Salt Cure\n|\n|-weather|Sandstorm|[upkeep]\n|upkeep\n|turn|22\n|\n|t:|1701213662\n|move|p2a: Clefable|Calm Mind|p2a: Clefable\n|-boost|p2a: Clefable|spa|1\n|-boost|p2a: Clefable|spd|1\n|move|p1a: Garganacl|Salt Cure|p2a: Clefable\n|-damage|p2a: Clefable|80\/100\n|\n|-weather|Sandstorm|[upkeep]\n|upkeep\n|turn|23\n|\n|t:|1701213671\n|switch|p1a: Rillaboom|Rillaboom, F|100\/100\n|-fieldstart|move: Grassy Terrain|[from] ability: Grassy Surge|[of] p1a: Rillaboom\n|move|p2a: Clefable|Calm Mind|p2a: Clefable\n|-boost|p2a: Clefable|spa|1\n|-boost|p2a: Clefable|spd|1\n|\n|-weather|Sandstorm|[upkeep]\n|-damage|p1a: Rillaboom|94\/100|[from] Sandstorm\n|-heal|p1a: Rillaboom|100\/100|[from] Grassy Terrain\n|-heal|p2a: Clefable|86\/100|[from] Grassy Terrain\n|upkeep\n|turn|24\n|\n|t:|1701213677\n|move|p1a: Rillaboom|Wood Hammer|p2a: Clefable\n|-damage|p2a: Clefable|0 fnt\n|-damage|p1a: Rillaboom|84\/100|[from] item: Rocky Helmet|[of] p2a: Clefable\n|faint|p2a: Clefable\n|-damage|p1a: Rillaboom|51\/100|[from] Recoil\n|\n|-weather|none\n|-heal|p1a: Rillaboom|58\/100|[from] Grassy Terrain\n|upkeep\n|\n|t:|1701213682\n|switch|p2a: Tornadus|Tornadus-Therian, M|100\/100\n|turn|25\n|c|\u2606Hysuto|Welp\n|\n|t:|1701213689\n|switch|p1a: Alomomola|Alomomola, F|100\/100\n|move|p2a: Tornadus|Hurricane|p1a: Alomomola|[miss]\n|-miss|p2a: Tornadus|p1a: Alomomola\n|\n|upkeep\n|turn|26\n|\n|t:|1701213697\n|move|p2a: Tornadus|Taunt|p1a: Alomomola\n|-start|p1a: Alomomola|move: Taunt\n|cant|p1a: Alomomola|move: Taunt|Wish\n|\n|upkeep\n|turn|27\n|\n|t:|1701213702\n|move|p2a: Tornadus|Knock Off|p1a: Alomomola\n|-damage|p1a: Alomomola|85\/100\n|-enditem|p1a: Alomomola|Covert Cloak|[from] move: Knock Off|[of] p2a: Tornadus\n|move|p1a: Alomomola|Flip Turn|p2a: Tornadus\n|-damage|p2a: Tornadus|82\/100\n|\n|t:|1701213709\n|switch|p1a: Garganacl|Garganacl, M|90\/100|[from] Flip Turn\n|\n|-heal|p1a: Garganacl|97\/100|[from] Grassy Terrain\n|-fieldend|move: Grassy Terrain\n|upkeep\n|turn|28\n|\n|t:|1701213720\n|switch|p2a: Ferrothorn|Ferrothorn, F|100\/100\n|move|p1a: Garganacl|Salt Cure|p2a: Ferrothorn\n|-resisted|p2a: Ferrothorn\n|-damage|p2a: Ferrothorn|95\/100\n|-start|p2a: Ferrothorn|Salt Cure\n|\n|-heal|p2a: Ferrothorn|100\/100|[from] item: Leftovers\n|-damage|p2a: Ferrothorn|76\/100|[from] Salt Cure\n|upkeep\n|turn|29\n|\n|t:|1701213726\n|switch|p1a: Moltres|Moltres|88\/100\n|move|p2a: Ferrothorn|Power Whip|p1a: Moltres\n|-resisted|p1a: Moltres\n|-damage|p1a: Moltres|80\/100\n|\n|-heal|p2a: Ferrothorn|82\/100|[from] item: Leftovers\n|-damage|p2a: Ferrothorn|57\/100|[from] Salt Cure\n|upkeep\n|turn|30\n|\n|t:|1701213734\n|move|p1a: Moltres|Flamethrower|p2a: Ferrothorn\n|-supereffective|p2a: Ferrothorn\n|-damage|p2a: Ferrothorn|0 fnt\n|faint|p2a: Ferrothorn\n|\n|upkeep\n|\n|t:|1701213739\n|switch|p2a: Latias|Latias, F|57\/100\n|turn|31\n|\n|t:|1701213741\n|detailschange|p2a: Latias|Latias-Mega, F\n|-mega|p2a: Latias|Latias|Latiasite\n|move|p2a: Latias|Calm Mind|p2a: Latias\n|-boost|p2a: Latias|spa|1\n|-boost|p2a: Latias|spd|1\n|move|p1a: Moltres|U-turn|p2a: Latias\n|-supereffective|p2a: Latias\n|-damage|p2a: Latias|34\/100\n|\n|t:|1701213751\n|switch|p1a: Hatterene|Hatterene, F|100\/100|[from] U-turn\n|\n|upkeep\n|turn|32\n|\n|t:|1701213756\n|move|p2a: Latias|Roost|p2a: Latias\n|-heal|p2a: Latias|84\/100\n|-singleturn|p2a: Latias|move: Roost\n|move|p1a: Hatterene|Calm Mind|p1a: Hatterene\n|-boost|p1a: Hatterene|spa|1\n|-boost|p1a: Hatterene|spd|1\n|\n|upkeep\n|turn|33\n|\n|t:|1701213759\n|move|p2a: Latias|Calm Mind|p2a: Latias\n|-boost|p2a: Latias|spa|1\n|-boost|p2a: Latias|spd|1\n|move|p1a: Hatterene|Calm Mind|p1a: Hatterene\n|-boost|p1a: Hatterene|spa|1\n|-boost|p1a: Hatterene|spd|1\n|\n|upkeep\n|turn|34\n|\n|t:|1701213767\n|switch|p2a: Skeledirge|Skeledirge, F|66\/100 tox\n|move|p1a: Hatterene|Calm Mind|p1a: Hatterene\n|-boost|p1a: Hatterene|spa|1\n|-boost|p1a: Hatterene|spd|1\n|\n|-damage|p2a: Skeledirge|60\/100 tox|[from] psn\n|upkeep\n|turn|35\n|\n|t:|1701213774\n|move|p2a: Skeledirge|Hex|p1a: Hatterene\n|-supereffective|p1a: Hatterene\n|-damage|p1a: Hatterene|49\/100\n|move|p1a: Hatterene|Calm Mind|p1a: Hatterene\n|-boost|p1a: Hatterene|spa|1\n|-boost|p1a: Hatterene|spd|1\n|\n|-damage|p2a: Skeledirge|48\/100 tox|[from] psn\n|upkeep\n|turn|36\n|\n|t:|1701213778\n|switch|p1a: Alomomola|Alomomola, F|100\/100\n|move|p2a: Skeledirge|Hex|p1a: Alomomola\n|-damage|p1a: Alomomola|82\/100\n|\n|-damage|p2a: Skeledirge|29\/100 tox|[from] psn\n|upkeep\n|turn|37\n|\n|t:|1701213787\n|move|p2a: Skeledirge|Will-O-Wisp|p1a: Alomomola\n|-status|p1a: Alomomola|brn\n|move|p1a: Alomomola|Flip Turn|p2a: Skeledirge\n|-supereffective|p2a: Skeledirge\n|-damage|p2a: Skeledirge|18\/100 tox\n|\n|t:|1701213793\n|switch|p1a: Rillaboom|Rillaboom, F|58\/100|[from] Flip Turn\n|-fieldstart|move: Grassy Terrain|[from] ability: Grassy Surge|[of] p1a: Rillaboom\n|\n|-heal|p1a: Rillaboom|64\/100|[from] Grassy Terrain\n|-heal|p2a: Skeledirge|24\/100 tox|[from] Grassy Terrain\n|-damage|p2a: Skeledirge|0 fnt|[from] psn\n|faint|p2a: Skeledirge\n|upkeep\n|\n|t:|1701213796\n|switch|p2a: Latias|Latias-Mega, F|84\/100\n|turn|38\n|\n|t:|1701213802\n|move|p2a: Latias|Calm Mind|p2a: Latias\n|-boost|p2a: Latias|spa|1\n|-boost|p2a: Latias|spd|1\n|move|p1a: Rillaboom|U-turn|p2a: Latias\n|-supereffective|p2a: Latias\n|-damage|p2a: Latias|24\/100\n|\n|t:|1701213805\n|switch|p1a: Garganacl|Garganacl, M|97\/100|[from] U-turn\n|\n|-heal|p1a: Garganacl|100\/100|[from] Grassy Terrain\n|upkeep\n|turn|39\n|\n|t:|1701213807\n|move|p2a: Latias|Aura Sphere|p1a: Garganacl\n|-supereffective|p1a: Garganacl\n|-damage|p1a: Garganacl|50\/100\n|move|p1a: Garganacl|Salt Cure|p2a: Latias\n|-damage|p2a: Latias|13\/100\n|-start|p2a: Latias|Salt Cure\n|\n|-heal|p1a: Garganacl|56\/100|[from] Grassy Terrain\n|-damage|p2a: Latias|0 fnt|[from] Salt Cure\n|faint|p2a: Latias\n|upkeep\n|-message|PLAYB0I R0BBIE B forfeited.\n|\n|win|Hysuto\n|raw|Hysuto's rating: 1495 &rarr; <strong>1507<\/strong><br \/>(+12 for winning)\n|raw|PLAYB0I R0BBIE B's rating: 1342 &rarr; <strong>1330<\/strong><br \/>(-12 for losing)\n|l|\u2606PLAYB0I R0BBIE B\n|c|\u2606Hysuto|Hehe\n","uploadtime":1701213822,"views":0,"p1id":"hysuto","p2id":"playb0ir0bbieb","formatid":"gen9nationaldex","rating":1330,"private":0,"password":""}