{"id":"gen9nationaldex-1995250880","p1":"TrashbutHuman","p2":"kuroko 1314","format":"[Gen 9] National Dex","log":"|html|<div class=\"broadcast-blue\"><strong>[Gen 9] National Dex is currently suspecting Sneasler! For information on how to participate check out the <a href=\"https:\/\/www.smogon.com\/forums\/threads\/sv-national-dex-suspect-8-just-dance.3731534\/\">suspect thread<\/a>.<\/strong><\/div>\n|j|\u2606TrashbutHuman\n|j|\u2606kuroko 1314\n|t:|1700540274\n|gametype|singles\n|player|p1|TrashbutHuman|hugh|1269\n|player|p2|kuroko 1314|dawn|1280\n|teamsize|p1|6\n|teamsize|p2|6\n|gen|9\n|tier|[Gen 9] National Dex\n|rated|\n|rule|HP Percentage Mod: HP is shown in percentages\n|rule|Endless Battle Clause: Forcing endless battles is banned\n|rule|OHKO Clause: OHKO moves are banned\n|rule|Evasion Clause: Evasion abilities, items, and moves are banned\n|rule|Evasion Abilities Clause: Evasion abilities are banned\n|rule|Evasion Items Clause: Evasion items are banned\n|rule|Evasion Moves Clause: Evasion moves are banned\n|rule|Species Clause: Limit one of each Pok\u00e9mon\n|rule|Sleep Clause Mod: Limit one foe put to sleep\n|clearpoke\n|poke|p1|Kartana|\n|poke|p1|Tyranitar, F|\n|poke|p1|Garchomp, F|\n|poke|p1|Stakataka|\n|poke|p1|Aegislash, M|\n|poke|p1|Klefki, F|\n|poke|p2|Alomomola, M|\n|poke|p2|Toxapex, F|\n|poke|p2|Amoonguss, F|\n|poke|p2|Banette, M|\n|poke|p2|Excadrill, F|\n|poke|p2|Salazzle, F|\n|teampreview\n|inactive|Battle timer is ON: inactive players will automatically lose when time's up. (requested by TrashbutHuman)\n|inactive|kuroko 1314 also wants the timer to be on.\n|\n|t:|1700540284\n|start\n|switch|p1a: Tyranitar|Tyranitar, F|100\/100\n|switch|p2a: Salazzle|Salazzle, F|100\/100\n|-item|p2a: Salazzle|Air Balloon\n|-weather|Sandstorm|[from] ability: Sand Stream|[of] p1a: Tyranitar\n|turn|1\n|\n|t:|1700540296\n|switch|p2a: Alomomola|Alomomola, M|100\/100\n|move|p1a: Tyranitar|Stone Edge|p2a: Alomomola\n|-damage|p2a: Alomomola|58\/100\n|\n|-weather|Sandstorm|[upkeep]\n|-damage|p2a: Alomomola|51\/100|[from] Sandstorm\n|-heal|p2a: Alomomola|58\/100|[from] item: Leftovers\n|upkeep\n|turn|2\n|\n|t:|1700540301\n|move|p1a: Tyranitar|Stealth Rock|p2a: Alomomola\n|-sidestart|p2: kuroko 1314|move: Stealth Rock\n|move|p2a: Alomomola|Wish|p2a: Alomomola\n|\n|-weather|Sandstorm|[upkeep]\n|-damage|p2a: Alomomola|51\/100|[from] Sandstorm\n|-heal|p2a: Alomomola|58\/100|[from] item: Leftovers\n|upkeep\n|turn|3\n|\n|t:|1700540307\n|switch|p1a: Garchomp|Garchomp, F|100\/100\n|move|p2a: Alomomola|Toxic|p1a: Garchomp\n|-status|p1a: Garchomp|tox\n|\n|-weather|Sandstorm|[upkeep]\n|-damage|p2a: Alomomola|51\/100|[from] Sandstorm\n|-heal|p2a: Alomomola|100\/100|[from] move: Wish|[wisher] Alomomola\n|-damage|p1a: Garchomp|94\/100 tox|[from] psn\n|upkeep\n|turn|4\n|\n|t:|1700540318\n|detailschange|p1a: Garchomp|Garchomp-Mega, F\n|-mega|p1a: Garchomp|Garchomp|Garchompite\n|move|p1a: Garchomp|Swords Dance|p1a: Garchomp\n|-boost|p1a: Garchomp|atk|2\n|move|p2a: Alomomola|Wish|p2a: Alomomola\n|\n|-weather|Sandstorm|[upkeep]\n|-damage|p2a: Alomomola|94\/100|[from] Sandstorm\n|-heal|p2a: Alomomola|100\/100|[from] item: Leftovers\n|-damage|p1a: Garchomp|82\/100 tox|[from] psn\n|upkeep\n|turn|5\n|\n|t:|1700540335\n|switch|p2a: Excadrill|Excadrill, F|100\/100\n|-damage|p2a: Excadrill|97\/100|[from] Stealth Rock\n|-ability|p2a: Excadrill|Mold Breaker\n|move|p1a: Garchomp|Scale Shot|p2a: Excadrill\n|-resisted|p2a: Excadrill\n|-damage|p2a: Excadrill|83\/100\n|-resisted|p2a: Excadrill\n|-damage|p2a: Excadrill|71\/100\n|-resisted|p2a: Excadrill\n|-damage|p2a: Excadrill|56\/100\n|-resisted|p2a: Excadrill\n|-damage|p2a: Excadrill|42\/100\n|-hitcount|p2a: Excadrill|4\n|-unboost|p1a: Garchomp|def|1\n|-boost|p1a: Garchomp|spe|1\n|\n|-weather|Sandstorm|[upkeep]\n|-heal|p2a: Excadrill|100\/100|[from] move: Wish|[wisher] Alomomola\n|-damage|p1a: Garchomp|64\/100 tox|[from] psn\n|upkeep\n|turn|6\n|\n|t:|1700540349\n|move|p1a: Garchomp|Earthquake|p2a: Excadrill\n|-supereffective|p2a: Excadrill\n|-damage|p2a: Excadrill|0 fnt\n|faint|p2a: Excadrill\n|\n|-weather|Sandstorm|[upkeep]\n|-damage|p1a: Garchomp|39\/100 tox|[from] psn\n|upkeep\n|\n|t:|1700540358\n|switch|p2a: Toxapex|Toxapex, F|100\/100\n|-damage|p2a: Toxapex|88\/100|[from] Stealth Rock\n|turn|7\n|\n|t:|1700540366\n|-terastallize|p2a: Toxapex|Fairy\n|move|p1a: Garchomp|Earthquake|p2a: Toxapex\n|-damage|p2a: Toxapex|0 fnt\n|faint|p2a: Toxapex\n|\n|-weather|Sandstorm|[upkeep]\n|-damage|p1a: Garchomp|8\/100 tox|[from] psn\n|upkeep\n|\n|t:|1700540379\n|switch|p2a: Alomomola|Alomomola, M|100\/100\n|-damage|p2a: Alomomola|88\/100|[from] Stealth Rock\n|turn|8\n|\n|t:|1700540384\n|move|p2a: Alomomola|Protect|p2a: Alomomola\n|-singleturn|p2a: Alomomola|Protect\n|move|p1a: Garchomp|Stone Edge|p2a: Alomomola\n|-activate|p2a: Alomomola|move: Protect\n|\n|-weather|none\n|-heal|p2a: Alomomola|94\/100|[from] item: Leftovers\n|-damage|p1a: Garchomp|0 fnt|[from] psn\n|faint|p1a: Garchomp\n|upkeep\n|\n|t:|1700540387\n|switch|p1a: Klefki|Klefki, F|100\/100\n|turn|9\n|\n|t:|1700540398\n|move|p2a: Alomomola|Magic Coat|p2a: Alomomola\n|-singleturn|p2a: Alomomola|move: Magic Coat\n|move|p1a: Klefki|Sandstorm|p1a: Klefki\n|-weather|Sandstorm\n|\n|-weather|Sandstorm|[upkeep]\n|-damage|p2a: Alomomola|88\/100|[from] Sandstorm\n|-heal|p2a: Alomomola|94\/100|[from] item: Leftovers\n|upkeep\n|turn|10\n|\n|t:|1700540404\n|move|p1a: Klefki|Reflect|p1a: Klefki\n|-sidestart|p1: TrashbutHuman|Reflect\n|move|p2a: Alomomola|Wish|p2a: Alomomola\n|\n|-weather|Sandstorm|[upkeep]\n|-damage|p2a: Alomomola|88\/100|[from] Sandstorm\n|-heal|p2a: Alomomola|94\/100|[from] item: Leftovers\n|upkeep\n|turn|11\n|\n|t:|1700540406\n|switch|p2a: Salazzle|Salazzle, F|100\/100\n|-damage|p2a: Salazzle|75\/100|[from] Stealth Rock\n|-item|p2a: Salazzle|Air Balloon\n|move|p1a: Klefki|Light Screen|p1a: Klefki\n|-sidestart|p1: TrashbutHuman|move: Light Screen\n|\n|-weather|Sandstorm|[upkeep]\n|-damage|p2a: Salazzle|69\/100|[from] Sandstorm\n|-heal|p2a: Salazzle|100\/100|[from] move: Wish|[wisher] Alomomola\n|upkeep\n|turn|12\n|\n|t:|1700540415\n|switch|p1a: Stakataka|Stakataka|100\/100\n|move|p2a: Salazzle|Toxic|p1a: Stakataka\n|-status|p1a: Stakataka|tox\n|\n|-weather|Sandstorm|[upkeep]\n|-damage|p2a: Salazzle|94\/100|[from] Sandstorm\n|-damage|p1a: Stakataka|94\/100 tox|[from] psn\n|upkeep\n|turn|13\n|\n|t:|1700540430\n|switch|p2a: Alomomola|Alomomola, M|100\/100\n|-damage|p2a: Alomomola|88\/100|[from] Stealth Rock\n|move|p1a: Stakataka|Stone Edge|p2a: Alomomola\n|-damage|p2a: Alomomola|49\/100\n|\n|-weather|Sandstorm|[upkeep]\n|-damage|p2a: Alomomola|43\/100|[from] Sandstorm\n|-heal|p2a: Alomomola|49\/100|[from] item: Leftovers\n|-damage|p1a: Stakataka|82\/100 tox|[from] psn\n|upkeep\n|turn|14\n|\n|t:|1700540444\n|move|p2a: Alomomola|Wish|p2a: Alomomola\n|move|p1a: Stakataka|Gyro Ball|p2a: Alomomola\n|-resisted|p2a: Alomomola\n|-damage|p2a: Alomomola|19\/100\n|\n|-weather|Sandstorm|[upkeep]\n|-damage|p2a: Alomomola|13\/100|[from] Sandstorm\n|-heal|p2a: Alomomola|19\/100|[from] item: Leftovers\n|-damage|p1a: Stakataka|64\/100 tox|[from] psn\n|-sideend|p1: TrashbutHuman|Reflect\n|upkeep\n|turn|15\n|\n|t:|1700540456\n|switch|p1a: Aegislash|Aegislash, M|100\/100\n|move|p2a: Alomomola|Protect||[still]\n|-fail|p2a: Alomomola\n|\n|-weather|Sandstorm|[upkeep]\n|-damage|p2a: Alomomola|13\/100|[from] Sandstorm\n|-heal|p2a: Alomomola|63\/100|[from] move: Wish|[wisher] Alomomola\n|-heal|p2a: Alomomola|69\/100|[from] item: Leftovers\n|-sideend|p1: TrashbutHuman|move: Light Screen\n|upkeep\n|turn|16\n|inactive|TrashbutHuman has 120 seconds left.\n|inactive|TrashbutHuman has 90 seconds left.\n|\n|t:|1700540529\n|move|p2a: Alomomola|Wish|p2a: Alomomola\n|move|p1a: Aegislash|Substitute|p1a: Aegislash\n|-start|p1a: Aegislash|Substitute\n|-damage|p1a: Aegislash|75\/100\n|\n|-weather|none\n|-heal|p2a: Alomomola|75\/100|[from] item: Leftovers\n|-heal|p1a: Aegislash|82\/100|[from] item: Leftovers\n|upkeep\n|turn|17\n|\n|t:|1700540541\n|switch|p2a: Amoonguss|Amoonguss, F|100\/100\n|-damage|p2a: Amoonguss|88\/100|[from] Stealth Rock\n|move|p1a: Aegislash|Toxic|p2a: Amoonguss\n|-immune|p2a: Amoonguss\n|\n|-heal|p2a: Amoonguss|100\/100|[from] move: Wish|[wisher] Alomomola\n|-heal|p1a: Aegislash|88\/100|[from] item: Leftovers\n|upkeep\n|turn|18\n|\n|t:|1700540550\n|-formechange|p1a: Aegislash|Aegislash-Blade||[from] ability: Stance Change\n|move|p1a: Aegislash|Shadow Ball|p2a: Amoonguss\n|-damage|p2a: Amoonguss|58\/100\n|move|p2a: Amoonguss|Hidden Power|p1a: Aegislash\n|-supereffective|p1a: Aegislash\n|-end|p1a: Aegislash|Substitute\n|\n|-heal|p1a: Aegislash|94\/100|[from] item: Leftovers\n|upkeep\n|turn|19\n|\n|t:|1700540566\n|-formechange|p1a: Aegislash|Aegislash||[from] ability: Stance Change\n|move|p1a: Aegislash|King's Shield|p1a: Aegislash\n|-singleturn|p1a: Aegislash|Protect\n|move|p2a: Amoonguss|Hidden Power|p1a: Aegislash\n|-activate|p1a: Aegislash|move: Protect\n|\n|-heal|p1a: Aegislash|99\/100|[from] item: Leftovers\n|upkeep\n|turn|20\n|\n|t:|1700540577\n|switch|p1a: Tyranitar|Tyranitar, F|100\/100\n|-weather|Sandstorm|[from] ability: Sand Stream|[of] p1a: Tyranitar\n|move|p2a: Amoonguss|Spore|p1a: Tyranitar\n|-status|p1a: Tyranitar|slp|[from] move: Spore\n|\n|-weather|Sandstorm|[upkeep]\n|-damage|p2a: Amoonguss|52\/100|[from] Sandstorm\n|upkeep\n|turn|21\n|\n|t:|1700540589\n|switch|p1a: Stakataka|Stakataka|64\/100 tox\n|switch|p2a: Alomomola|Alomomola, M|100\/100\n|-damage|p2a: Alomomola|88\/100|[from] Stealth Rock\n|\n|-weather|Sandstorm|[upkeep]\n|-damage|p2a: Alomomola|82\/100|[from] Sandstorm\n|-heal|p2a: Alomomola|88\/100|[from] item: Leftovers\n|-damage|p1a: Stakataka|58\/100 tox|[from] psn\n|upkeep\n|turn|22\n|\n|t:|1700540594\n|move|p2a: Alomomola|Wish|p2a: Alomomola\n|move|p1a: Stakataka|Body Press|p2a: Alomomola\n|-damage|p2a: Alomomola|59\/100\n|\n|-weather|Sandstorm|[upkeep]\n|-damage|p2a: Alomomola|53\/100|[from] Sandstorm\n|-heal|p2a: Alomomola|59\/100|[from] item: Leftovers\n|-damage|p1a: Stakataka|45\/100 tox|[from] psn\n|upkeep\n|turn|23\n|inactive|TrashbutHuman has 120 seconds left.\n|\n|t:|1700540600\n|switch|p1a: Kartana|Kartana|100\/100\n|move|p2a: Alomomola|Protect||[still]\n|-fail|p2a: Alomomola\n|\n|-weather|Sandstorm|[upkeep]\n|-damage|p2a: Alomomola|53\/100|[from] Sandstorm\n|-heal|p2a: Alomomola|100\/100|[from] move: Wish|[wisher] Alomomola\n|upkeep\n|turn|24\n|\n|t:|1700540613\n|switch|p2a: Salazzle|Salazzle, F|94\/100\n|-damage|p2a: Salazzle|69\/100|[from] Stealth Rock\n|-item|p2a: Salazzle|Air Balloon\n|move|p1a: Kartana|Leaf Blade|p2a: Salazzle\n|-resisted|p2a: Salazzle\n|-damage|p2a: Salazzle|47\/100\n|-enditem|p2a: Salazzle|Air Balloon\n|\n|-weather|Sandstorm|[upkeep]\n|-damage|p2a: Salazzle|41\/100|[from] Sandstorm\n|upkeep\n|turn|25\n|\n|t:|1700540625\n|switch|p1a: Tyranitar|Tyranitar, F|100\/100 slp\n|move|p2a: Salazzle|Toxic||[still]\n|-fail|p2a: Salazzle\n|\n|-weather|Sandstorm|[upkeep]\n|-damage|p2a: Salazzle|35\/100|[from] Sandstorm\n|upkeep\n|turn|26\n|\n|t:|1700540629\n|move|p2a: Salazzle|Toxic Spikes|p1a: Tyranitar\n|-sidestart|p1: TrashbutHuman|move: Toxic Spikes\n|cant|p1a: Tyranitar|slp\n|\n|-weather|Sandstorm|[upkeep]\n|-damage|p2a: Salazzle|28\/100|[from] Sandstorm\n|upkeep\n|turn|27\n|\n|t:|1700540635\n|cant|p1a: Tyranitar|slp\n|move|p2a: Salazzle|Dragon Tail|p1a: Tyranitar\n|-damage|p1a: Tyranitar|93\/100 slp\n|drag|p1a: Stakataka|Stakataka|45\/100 tox\n|\n|-weather|none\n|-damage|p1a: Stakataka|39\/100 tox|[from] psn\n|upkeep\n|turn|28\n|inactive|TrashbutHuman has 120 seconds left.\n|\n|t:|1700540691\n|switch|p2a: Alomomola|Alomomola, M|100\/100\n|-damage|p2a: Alomomola|88\/100|[from] Stealth Rock\n|move|p1a: Stakataka|Gyro Ball|p2a: Alomomola\n|-resisted|p2a: Alomomola\n|-damage|p2a: Alomomola|56\/100\n|\n|-heal|p2a: Alomomola|62\/100|[from] item: Leftovers\n|-damage|p1a: Stakataka|27\/100 tox|[from] psn\n|upkeep\n|turn|29\n|\n|t:|1700540699\n|switch|p1a: Tyranitar|Tyranitar, F|93\/100 slp\n|-weather|Sandstorm|[from] ability: Sand Stream|[of] p1a: Tyranitar\n|move|p2a: Alomomola|Wish|p2a: Alomomola\n|\n|-weather|Sandstorm|[upkeep]\n|-damage|p2a: Alomomola|56\/100|[from] Sandstorm\n|-heal|p2a: Alomomola|62\/100|[from] item: Leftovers\n|upkeep\n|turn|30\n|inactive|TrashbutHuman has 90 seconds left.\n|\n|t:|1700540736\n|-curestatus|p1a: Tyranitar|slp|[msg]\n|move|p1a: Tyranitar|Crunch|p2a: Alomomola\n|-damage|p2a: Alomomola|29\/100\n|move|p2a: Alomomola|Toxic|p1a: Tyranitar|[miss]\n|-miss|p2a: Alomomola|p1a: Tyranitar\n|\n|-weather|Sandstorm|[upkeep]\n|-damage|p2a: Alomomola|23\/100|[from] Sandstorm\n|-heal|p2a: Alomomola|73\/100|[from] move: Wish|[wisher] Alomomola\n|-heal|p2a: Alomomola|79\/100|[from] item: Leftovers\n|upkeep\n|turn|31\n|\n|t:|1700540746\n|switch|p1a: Kartana|Kartana|100\/100\n|move|p2a: Alomomola|Wish|p2a: Alomomola\n|\n|-weather|Sandstorm|[upkeep]\n|-damage|p2a: Alomomola|73\/100|[from] Sandstorm\n|-heal|p2a: Alomomola|79\/100|[from] item: Leftovers\n|upkeep\n|turn|32\n|\n|t:|1700540753\n|switch|p2a: Salazzle|Salazzle, F|28\/100\n|-damage|p2a: Salazzle|3\/100|[from] Stealth Rock\n|move|p1a: Kartana|Return|p2a: Salazzle\n|-damage|p2a: Salazzle|0 fnt\n|faint|p2a: Salazzle\n|-ability|p1a: Kartana|Beast Boost|boost\n|-boost|p1a: Kartana|atk|1\n|\n|-weather|Sandstorm|[upkeep]\n|upkeep\n|\n|t:|1700540759\n|switch|p2a: Banette|Banette, M|100\/100\n|-damage|p2a: Banette|88\/100|[from] Stealth Rock\n|turn|33\n|raw|<div class=\"broadcast-red\"><b>The server is restarting soon.<\/b><br \/>Please finish your battles quickly. No new battles can be started until the server resets in a few minutes.<\/div>\n|inactive|staff also wants the timer to be on.\n|raw|<div class=\"broadcast-red\"><b>Moderated chat was set to +!<\/b><br \/>Only users of rank + and higher can talk.<\/div>\n|inactive|TrashbutHuman has 90 seconds left.\n|\n|t:|1700540776\n|switch|p1a: Klefki|Klefki, F|100\/100\n|detailschange|p2a: Banette|Banette-Mega, M\n|-mega|p2a: Banette|Banette|Banettite\n|move|p2a: Banette|Swords Dance|p2a: Banette\n|-boost|p2a: Banette|atk|2\n|\n|-weather|Sandstorm|[upkeep]\n|-damage|p2a: Banette|82\/100|[from] Sandstorm\n|upkeep\n|turn|34\n|\n|t:|1700540785\n|move|p2a: Banette|Shadow Sneak|p1a: Klefki\n|-damage|p1a: Klefki|54\/100\n|move|p1a: Klefki|Defog|p2a: Banette\n|-unboost|p2a: Banette|evasion|1\n|-sideend|p2: kuroko 1314|Stealth Rock|[from] move: Defog|[of] p1a: Klefki\n|-sideend|p1: TrashbutHuman|Toxic Spikes|[from] move: Defog|[of] p1a: Klefki\n|\n|-weather|Sandstorm|[upkeep]\n|-damage|p2a: Banette|76\/100|[from] Sandstorm\n|upkeep\n|turn|35\n|\n|t:|1700540792\n|move|p2a: Banette|Encore|p1a: Klefki\n|-start|p1a: Klefki|Encore\n|move|p1a: Klefki|Defog|p2a: Banette\n|-unboost|p2a: Banette|evasion|1\n|\n|-weather|Sandstorm|[upkeep]\n|-damage|p2a: Banette|70\/100|[from] Sandstorm\n|upkeep\n|turn|36\n|\n|t:|1700540798\n|switch|p1a: Aegislash|Aegislash, M|99\/100\n|move|p2a: Banette|Swords Dance|p2a: Banette\n|-boost|p2a: Banette|atk|2\n|\n|-weather|none\n|-heal|p1a: Aegislash|100\/100|[from] item: Leftovers\n|upkeep\n|turn|37\n|inactive|TrashbutHuman has 120 seconds left.\n|\n|t:|1700540803\n|move|p1a: Aegislash|King's Shield|p1a: Aegislash\n|-singleturn|p1a: Aegislash|Protect\n|move|p2a: Banette|Shadow Sneak|p1a: Aegislash\n|-activate|p1a: Aegislash|move: Protect\n|-unboost|p2a: Banette|atk|1\n|\n|upkeep\n|turn|38\n|\n|t:|1700540806\n|move|p2a: Banette|Shadow Sneak|p1a: Aegislash\n|-supereffective|p1a: Aegislash\n|-damage|p1a: Aegislash|0 fnt\n|faint|p1a: Aegislash\n|\n|upkeep\n|\n|t:|1700540810\n|switch|p1a: Tyranitar|Tyranitar, F|93\/100\n|-weather|Sandstorm|[from] ability: Sand Stream|[of] p1a: Tyranitar\n|turn|39\n|\n|t:|1700540814\n|move|p2a: Banette|Shadow Sneak|p1a: Tyranitar\n|-resisted|p1a: Tyranitar\n|-damage|p1a: Tyranitar|66\/100\n|move|p1a: Tyranitar|Crunch|p2a: Banette\n|-supereffective|p2a: Banette\n|-crit|p2a: Banette\n|-damage|p2a: Banette|0 fnt\n|faint|p2a: Banette\n|\n|-weather|Sandstorm|[upkeep]\n|upkeep\n|\n|t:|1700540819\n|switch|p2a: Alomomola|Alomomola, M|100\/100\n|turn|40\n|\n|t:|1700540822\n|switch|p1a: Klefki|Klefki, F|54\/100\n|move|p2a: Alomomola|Toxic|p1a: Klefki\n|-immune|p1a: Klefki\n|\n|-weather|Sandstorm|[upkeep]\n|-damage|p2a: Alomomola|94\/100|[from] Sandstorm\n|-heal|p2a: Alomomola|100\/100|[from] item: Leftovers\n|upkeep\n|turn|41\n|\n|t:|1700540828\n|switch|p2a: Amoonguss|Amoonguss, F|85\/100\n|move|p1a: Klefki|Reflect|p1a: Klefki\n|-sidestart|p1: TrashbutHuman|Reflect\n|\n|-weather|Sandstorm|[upkeep]\n|-damage|p2a: Amoonguss|79\/100|[from] Sandstorm\n|upkeep\n|turn|42\n|\n|t:|1700540834\n|move|p1a: Klefki|Light Screen|p1a: Klefki\n|-sidestart|p1: TrashbutHuman|move: Light Screen\n|move|p2a: Amoonguss|Hidden Power|p1a: Klefki\n|-supereffective|p1a: Klefki\n|-damage|p1a: Klefki|36\/100\n|\n|-weather|Sandstorm|[upkeep]\n|-damage|p2a: Amoonguss|72\/100|[from] Sandstorm\n|upkeep\n|turn|43\n|\n|t:|1700540848\n|switch|p1a: Tyranitar|Tyranitar, F|66\/100\n|move|p2a: Amoonguss|Spore|p1a: Tyranitar\n|-status|p1a: Tyranitar|slp|[from] move: Spore\n|\n|-weather|Sandstorm|[upkeep]\n|-damage|p2a: Amoonguss|66\/100|[from] Sandstorm\n|upkeep\n|turn|44\n|\n|t:|1700540854\n|cant|p1a: Tyranitar|slp\n|move|p2a: Amoonguss|Hex|p1a: Tyranitar\n|-resisted|p1a: Tyranitar\n|-damage|p1a: Tyranitar|61\/100 slp\n|\n|-weather|Sandstorm|[upkeep]\n|-damage|p2a: Amoonguss|60\/100|[from] Sandstorm\n|upkeep\n|turn|45\n|\n|t:|1700540859\n|switch|p2a: Alomomola|Alomomola, M|100\/100\n|cant|p1a: Tyranitar|slp\n|\n|-weather|Sandstorm|[upkeep]\n|-damage|p2a: Alomomola|94\/100|[from] Sandstorm\n|-heal|p2a: Alomomola|100\/100|[from] item: Leftovers\n|-sideend|p1: TrashbutHuman|Reflect\n|upkeep\n|turn|46\n|\n|t:|1700540864\n|cant|p1a: Tyranitar|slp\n|move|p2a: Alomomola|Toxic||[still]\n|-fail|p2a: Alomomola\n|\n|-weather|none\n|-sideend|p1: TrashbutHuman|move: Light Screen\n|upkeep\n|turn|47\n|\n|t:|1700540868\n|switch|p1a: Klefki|Klefki, F|36\/100\n|move|p2a: Alomomola|Toxic|p1a: Klefki\n|-immune|p1a: Klefki\n|\n|upkeep\n|turn|48\n|\n|t:|1700540875\n|switch|p2a: Amoonguss|Amoonguss, F|93\/100\n|move|p1a: Klefki|Sandstorm|p1a: Klefki\n|-weather|Sandstorm\n|\n|-weather|Sandstorm|[upkeep]\n|-damage|p2a: Amoonguss|87\/100|[from] Sandstorm\n|upkeep\n|turn|49\n|\n|t:|1700540894\n|switch|p1a: Kartana|Kartana|100\/100\n|move|p2a: Amoonguss|Hidden Power|p1a: Kartana\n|-supereffective|p1a: Kartana\n|-damage|p1a: Kartana|0 fnt\n|faint|p1a: Kartana\n|\n|-weather|Sandstorm|[upkeep]\n|-damage|p2a: Amoonguss|81\/100|[from] Sandstorm\n|upkeep\n|\n|t:|1700540896\n|switch|p1a: Tyranitar|Tyranitar, F|61\/100 slp\n|turn|50\n|\n|t:|1700540907\n|-curestatus|p1a: Tyranitar|slp|[msg]\n|move|p1a: Tyranitar|Crunch|p2a: Amoonguss\n|-damage|p2a: Amoonguss|31\/100\n|-unboost|p2a: Amoonguss|def|1\n|-damage|p1a: Tyranitar|44\/100|[from] item: Rocky Helmet|[of] p2a: Amoonguss\n|move|p2a: Amoonguss|Toxic|p1a: Tyranitar\n|-status|p1a: Tyranitar|tox\n|\n|-weather|Sandstorm|[upkeep]\n|-damage|p2a: Amoonguss|25\/100|[from] Sandstorm\n|-damage|p1a: Tyranitar|38\/100 tox|[from] psn\n|upkeep\n|turn|51\n|\n|t:|1700540917\n|switch|p2a: Alomomola|Alomomola, M|100\/100\n|move|p1a: Tyranitar|Crunch|p2a: Alomomola\n|-damage|p2a: Alomomola|62\/100\n|\n|-weather|Sandstorm|[upkeep]\n|-damage|p2a: Alomomola|55\/100|[from] Sandstorm\n|-heal|p2a: Alomomola|62\/100|[from] item: Leftovers\n|-damage|p1a: Tyranitar|26\/100 tox|[from] psn\n|upkeep\n|turn|52\n|\n|t:|1700540922\n|move|p1a: Tyranitar|Crunch|p2a: Alomomola\n|-damage|p2a: Alomomola|27\/100\n|move|p2a: Alomomola|Wish|p2a: Alomomola\n|\n|-weather|Sandstorm|[upkeep]\n|-damage|p2a: Alomomola|20\/100|[from] Sandstorm\n|-heal|p2a: Alomomola|27\/100|[from] item: Leftovers\n|-damage|p1a: Tyranitar|8\/100 tox|[from] psn\n|upkeep\n|turn|53\n|\n|t:|1700540934\n|switch|p1a: Stakataka|Stakataka|27\/100 tox\n|switch|p2a: Amoonguss|Amoonguss, F|58\/100\n|\n|-weather|Sandstorm|[upkeep]\n|-damage|p2a: Amoonguss|52\/100|[from] Sandstorm\n|-heal|p2a: Amoonguss|100\/100|[from] move: Wish|[wisher] Alomomola\n|-damage|p1a: Stakataka|21\/100 tox|[from] psn\n|upkeep\n|turn|54\n|\n|t:|1700540941\n|switch|p2a: Alomomola|Alomomola, M|60\/100\n|-terastallize|p1a: Stakataka|Flying\n|move|p1a: Stakataka|Heat Crash|p2a: Alomomola\n|-resisted|p2a: Alomomola\n|-damage|p2a: Alomomola|43\/100\n|\n|-weather|Sandstorm|[upkeep]\n|-damage|p2a: Alomomola|36\/100|[from] Sandstorm\n|-damage|p1a: Stakataka|15\/100 tox|[from] Sandstorm\n|-heal|p2a: Alomomola|43\/100|[from] item: Leftovers\n|-damage|p1a: Stakataka|2\/100 tox|[from] psn\n|upkeep\n|turn|55\n|\n|t:|1700540952\n|move|p2a: Alomomola|Protect|p2a: Alomomola\n|-singleturn|p2a: Alomomola|Protect\n|move|p1a: Stakataka|Stone Edge|p2a: Alomomola\n|-activate|p2a: Alomomola|move: Protect\n|\n|-weather|none\n|-heal|p2a: Alomomola|49\/100|[from] item: Leftovers\n|-damage|p1a: Stakataka|0 fnt|[from] psn\n|faint|p1a: Stakataka\n|upkeep\n|\n|t:|1700540958\n|switch|p1a: Klefki|Klefki, F|36\/100\n|turn|56\n|\n|t:|1700540962\n|move|p1a: Klefki|Sandstorm|p1a: Klefki\n|-weather|Sandstorm\n|move|p2a: Alomomola|Wish|p2a: Alomomola\n|\n|-weather|Sandstorm|[upkeep]\n|-damage|p2a: Alomomola|43\/100|[from] Sandstorm\n|-heal|p2a: Alomomola|49\/100|[from] item: Leftovers\n|upkeep\n|turn|57\n|\n|t:|1700540968\n|switch|p2a: Amoonguss|Amoonguss, F|100\/100\n|move|p1a: Klefki|Reflect|p1a: Klefki\n|-sidestart|p1: TrashbutHuman|Reflect\n|\n|-weather|Sandstorm|[upkeep]\n|-damage|p2a: Amoonguss|94\/100|[from] Sandstorm\n|-heal|p2a: Amoonguss|100\/100|[from] move: Wish|[wisher] Alomomola\n|upkeep\n|turn|58\n|\n|t:|1700540974\n|move|p1a: Klefki|Light Screen|p1a: Klefki\n|-sidestart|p1: TrashbutHuman|move: Light Screen\n|move|p2a: Amoonguss|Spore|p1a: Klefki\n|-status|p1a: Klefki|slp|[from] move: Spore\n|\n|-weather|Sandstorm|[upkeep]\n|-damage|p2a: Amoonguss|94\/100|[from] Sandstorm\n|upkeep\n|turn|59\n|\n|t:|1700540978\n|cant|p1a: Klefki|slp\n|move|p2a: Amoonguss|Hidden Power|p1a: Klefki\n|-supereffective|p1a: Klefki\n|-damage|p1a: Klefki|17\/100 slp\n|\n|-weather|Sandstorm|[upkeep]\n|-damage|p2a: Amoonguss|88\/100|[from] Sandstorm\n|upkeep\n|turn|60\n|\n|t:|1700540983\n|cant|p1a: Klefki|slp\n|move|p2a: Amoonguss|Hidden Power|p1a: Klefki\n|-supereffective|p1a: Klefki\n|-damage|p1a: Klefki|0 fnt\n|faint|p1a: Klefki\n|\n|-weather|Sandstorm|[upkeep]\n|-damage|p2a: Amoonguss|82\/100|[from] Sandstorm\n|upkeep\n|-message|TrashbutHuman forfeited.\n|\n|win|kuroko 1314\n|raw|TrashbutHuman's rating: 1269 &rarr; <strong>1245<\/strong><br \/>(-24 for losing)\n|raw|kuroko 1314's rating: 1280 &rarr; <strong>1304<\/strong><br \/>(+24 for winning)\n|l|\u2606TrashbutHuman\n","uploadtime":1700540992,"views":8,"p1id":"trashbuthuman","p2id":"kuroko1314","formatid":"gen9nationaldex","rating":1245,"private":0,"password":""}