{"id":"gen9nationaldex-1988991350","p1":"Whirlyderly","p2":"srfrkool","format":"[Gen 9] National Dex","log":"|j|\u2606Whirlyderly\n|j|\u2606srfrkool\n|t:|1699799342\n|gametype|singles\n|player|p1|Whirlyderly|baker|1041\n|player|p2|srfrkool|170|1043\n|teamsize|p1|6\n|teamsize|p2|6\n|gen|9\n|tier|[Gen 9] National Dex\n|rated|\n|rule|HP Percentage Mod: HP is shown in percentages\n|rule|Endless Battle Clause: Forcing endless battles is banned\n|rule|OHKO Clause: OHKO moves are banned\n|rule|Evasion Clause: Evasion abilities, items, and moves are banned\n|rule|Evasion Abilities Clause: Evasion abilities are banned\n|rule|Evasion Items Clause: Evasion items are banned\n|rule|Evasion Moves Clause: Evasion moves are banned\n|rule|Species Clause: Limit one of each Pok\u00e9mon\n|rule|Sleep Clause Mod: Limit one foe put to sleep\n|clearpoke\n|poke|p1|Pelipper, M|\n|poke|p1|Quagsire, M|\n|poke|p1|Medicham, M|\n|poke|p1|Bronzong|\n|poke|p1|Claydol|\n|poke|p1|Magneton|\n|poke|p2|Floatzel, M|\n|poke|p2|Pelipper, M|\n|poke|p2|Barraskewda, F|\n|poke|p2|Basculegion, M|\n|poke|p2|Thundurus-Therian, M|\n|poke|p2|Heatran, M|\n|teampreview\n|\n|t:|1699799361\n|start\n|switch|p1a: Quagsire|Quagsire, M|100\/100\n|switch|p2a: Pelipper|Pelipper, M, shiny|100\/100\n|-weather|RainDance|[from] ability: Drizzle|[of] p2a: Pelipper\n|turn|1\n|inactive|Battle timer is ON: inactive players will automatically lose when time's up. (requested by Whirlyderly)\n|\n|t:|1699799390\n|move|p2a: Pelipper|Blizzard|p1a: Quagsire\n|-damage|p1a: Quagsire|65\/100\n|move|p1a: Quagsire|Yawn|p2a: Pelipper\n|-start|p2a: Pelipper|move: Yawn|[of] p1a: Quagsire\n|\n|-weather|RainDance|[upkeep]\n|upkeep\n|turn|2\n|\n|t:|1699799404\n|move|p2a: Pelipper|Blizzard|p1a: Quagsire|[miss]\n|-miss|p2a: Pelipper|p1a: Quagsire\n|move|p1a: Quagsire|Yawn||[still]\n|-fail|p1a: Quagsire\n|\n|-weather|RainDance|[upkeep]\n|-end|p2a: Pelipper|move: Yawn|[silent]\n|-status|p2a: Pelipper|slp\n|upkeep\n|turn|3\n|\n|t:|1699799415\n|switch|p1a: Medicham|Medicham, M, shiny|100\/100\n|cant|p2a: Pelipper|slp\n|\n|-weather|RainDance|[upkeep]\n|upkeep\n|turn|4\n|\n|t:|1699799423\n|switch|p2a: Basculegion|Basculegion, M, shiny|100\/100\n|move|p1a: Medicham|Power-Up Punch|p2a: Basculegion\n|-immune|p2a: Basculegion\n|\n|-weather|RainDance|[upkeep]\n|upkeep\n|turn|5\n|\n|t:|1699799432\n|switch|p1a: Quagsire|Quagsire, M|65\/100\n|move|p2a: Basculegion|Wave Crash|p1a: Quagsire\n|-heal|p1a: Quagsire|90\/100|[from] ability: Water Absorb|[of] p2a: Basculegion\n|\n|-weather|none\n|upkeep\n|turn|6\n|\n|t:|1699799447\n|switch|p2a: Pelipper|Pelipper, M, shiny|100\/100 slp\n|-weather|RainDance|[from] ability: Drizzle|[of] p2a: Pelipper\n|move|p1a: Quagsire|Earthquake|p2a: Pelipper\n|-immune|p2a: Pelipper\n|\n|-weather|RainDance|[upkeep]\n|upkeep\n|turn|7\n|\n|t:|1699799457\n|switch|p1a: Magneton|Magneton, shiny|100\/100\n|cant|p2a: Pelipper|slp\n|\n|-weather|RainDance|[upkeep]\n|upkeep\n|turn|8\n|\n|t:|1699799467\n|switch|p2a: Heatran|Heatran, M, shiny|100\/100\n|move|p1a: Magneton|Thunder|p2a: Heatran\n|-damage|p2a: Heatran|39\/100\n|-status|p2a: Heatran|par\n|\n|-weather|RainDance|[upkeep]\n|upkeep\n|turn|9\n|\n|t:|1699799477\n|-terastallize|p2a: Heatran|Dragon\n|move|p1a: Magneton|Thunder|p2a: Heatran\n|-resisted|p2a: Heatran\n|-damage|p2a: Heatran|17\/100 par\n|move|p2a: Heatran|Flamethrower|p1a: Magneton\n|-supereffective|p1a: Magneton\n|-damage|p1a: Magneton|23\/100\n|\n|-weather|RainDance|[upkeep]\n|upkeep\n|turn|10\n|\n|t:|1699799491\n|switch|p2a: Thundurus|Thundurus-Therian, M, shiny|100\/100\n|move|p1a: Magneton|Thunder|p2a: Thundurus\n|-immune|p2a: Thundurus|[from] ability: Volt Absorb\n|\n|-weather|none\n|upkeep\n|turn|11\n|\n|t:|1699799504\n|move|p2a: Thundurus|Thunderbolt|p1a: Magneton\n|-resisted|p1a: Magneton\n|-damage|p1a: Magneton|0 fnt\n|faint|p1a: Magneton\n|\n|upkeep\n|\n|t:|1699799512\n|switch|p1a: Bronzong|Bronzong|100\/100\n|turn|12\n|\n|t:|1699799522\n|move|p2a: Thundurus|Thunderbolt|p1a: Bronzong\n|-damage|p1a: Bronzong|53\/100\n|move|p1a: Bronzong|Gyro Ball|p2a: Thundurus\n|-resisted|p2a: Thundurus\n|-damage|p2a: Thundurus|59\/100\n|\n|upkeep\n|turn|13\n|\n|t:|1699799531\n|move|p2a: Thundurus|Thunderbolt|p1a: Bronzong\n|-damage|p1a: Bronzong|6\/100\n|move|p1a: Bronzong|Gyro Ball|p2a: Thundurus\n|-resisted|p2a: Thundurus\n|-damage|p2a: Thundurus|17\/100\n|\n|upkeep\n|turn|14\n|\n|t:|1699799538\n|move|p2a: Thundurus|Thunderbolt|p1a: Bronzong\n|-damage|p1a: Bronzong|0 fnt\n|faint|p1a: Bronzong\n|\n|upkeep\n|\n|t:|1699799544\n|switch|p1a: Claydol|Claydol|100\/100\n|turn|15\n|\n|t:|1699799547\n|switch|p2a: Heatran|Heatran, M, shiny, tera:Dragon|17\/100 par\n|move|p1a: Claydol|Calm Mind|p1a: Claydol\n|-boost|p1a: Claydol|spa|1\n|-boost|p1a: Claydol|spd|1\n|\n|upkeep\n|turn|16\n|\n|t:|1699799560\n|move|p1a: Claydol|Extrasensory|p2a: Heatran\n|-damage|p2a: Heatran|0 fnt\n|faint|p2a: Heatran\n|\n|upkeep\n|\n|t:|1699799572\n|switch|p2a: Floatzel|Floatzel, M, shiny|100\/100\n|turn|17\n|\n|t:|1699799578\n|move|p2a: Floatzel|Wave Crash|p1a: Claydol\n|-supereffective|p1a: Claydol\n|-damage|p1a: Claydol|0 fnt\n|-damage|p2a: Floatzel|84\/100|[from] item: Rocky Helmet|[of] p1a: Claydol\n|faint|p1a: Claydol\n|-damage|p2a: Floatzel|50\/100|[from] Recoil\n|\n|upkeep\n|\n|t:|1699799588\n|switch|p1a: Quagsire|Quagsire, M|90\/100\n|turn|18\n|\n|t:|1699799596\n|switch|p2a: Pelipper|Pelipper, M, shiny|100\/100 slp\n|-weather|RainDance|[from] ability: Drizzle|[of] p2a: Pelipper\n|move|p1a: Quagsire|Counter||[still]\n|-fail|p1a: Quagsire\n|\n|-weather|RainDance|[upkeep]\n|upkeep\n|turn|19\n|\n|t:|1699799605\n|switch|p1a: Pelipper|Pelipper, M|100\/100\n|-curestatus|p2a: Pelipper|slp|[msg]\n|move|p2a: Pelipper|Blizzard|p1a: Pelipper|[miss]\n|-miss|p2a: Pelipper|p1a: Pelipper\n|\n|-weather|RainDance|[upkeep]\n|upkeep\n|turn|20\n|\n|t:|1699799624\n|switch|p2a: Basculegion|Basculegion, M, shiny|100\/100\n|move|p1a: Pelipper|Hurricane|p2a: Basculegion\n|-damage|p2a: Basculegion|40\/100\n|\n|-weather|RainDance|[upkeep]\n|upkeep\n|turn|21\n|\n|t:|1699799632\n|move|p2a: Basculegion|Head Smash|p1a: Pelipper|[miss]\n|-miss|p2a: Basculegion|p1a: Pelipper\n|move|p1a: Pelipper|Hurricane|p2a: Basculegion\n|-damage|p2a: Basculegion|0 fnt\n|faint|p2a: Basculegion\n|\n|-weather|RainDance|[upkeep]\n|upkeep\n|\n|t:|1699799643\n|switch|p2a: Thundurus|Thundurus-Therian, M, shiny|17\/100\n|turn|22\n|\n|t:|1699799647\n|move|p2a: Thundurus|Thunderbolt|p1a: Pelipper\n|-supereffective|p1a: Pelipper\n|-damage|p1a: Pelipper|0 fnt\n|faint|p1a: Pelipper\n|\n|-weather|none\n|upkeep\n|\n|t:|1699799654\n|switch|p1a: Medicham|Medicham, M, shiny|100\/100\n|turn|23\n|\n|t:|1699799671\n|switch|p2a: Pelipper|Pelipper, M, shiny|100\/100\n|-weather|RainDance|[from] ability: Drizzle|[of] p2a: Pelipper\n|move|p1a: Medicham|Power-Up Punch|p2a: Pelipper\n|-resisted|p2a: Pelipper\n|-damage|p2a: Pelipper|86\/100\n|-boost|p1a: Medicham|atk|1\n|\n|-weather|RainDance|[upkeep]\n|upkeep\n|turn|24\n|\n|t:|1699799683\n|move|p1a: Medicham|Psycho Cut|p2a: Pelipper\n|-damage|p2a: Pelipper|27\/100\n|move|p2a: Pelipper|Weather Ball|p1a: Medicham\n|-damage|p1a: Medicham|19\/100\n|\n|-weather|RainDance|[upkeep]\n|upkeep\n|turn|25\n|\n|t:|1699799692\n|move|p1a: Medicham|Psycho Cut|p2a: Pelipper\n|-damage|p2a: Pelipper|0 fnt\n|faint|p2a: Pelipper\n|\n|-weather|RainDance|[upkeep]\n|upkeep\n|\n|t:|1699799698\n|switch|p2a: Floatzel|Floatzel, M, shiny|50\/100\n|turn|26\n|\n|t:|1699799703\n|move|p2a: Floatzel|Aqua Jet|p1a: Medicham\n|-damage|p1a: Medicham|0 fnt\n|faint|p1a: Medicham\n|\n|-weather|RainDance|[upkeep]\n|upkeep\n|\n|t:|1699799709\n|switch|p1a: Quagsire|Quagsire, M|90\/100\n|turn|27\n|\n|t:|1699799713\n|switch|p2a: Barraskewda|Barraskewda, F, shiny|100\/100\n|move|p1a: Quagsire|Yawn|p2a: Barraskewda\n|-start|p2a: Barraskewda|move: Yawn|[of] p1a: Quagsire\n|\n|-weather|none\n|upkeep\n|turn|28\n|\n|t:|1699799728\n|move|p2a: Barraskewda|Close Combat|p1a: Quagsire\n|-damage|p1a: Quagsire|38\/100\n|-unboost|p2a: Barraskewda|def|1\n|-unboost|p2a: Barraskewda|spd|1\n|-damage|p2a: Barraskewda|84\/100|[from] item: Rocky Helmet|[of] p1a: Quagsire\n|move|p1a: Quagsire|Earthquake|p2a: Barraskewda\n|-damage|p2a: Barraskewda|0 fnt\n|faint|p2a: Barraskewda\n|\n|upkeep\n|\n|t:|1699799740\n|switch|p2a: Thundurus|Thundurus-Therian, M, shiny|17\/100\n|turn|29\n|\n|t:|1699799745\n|move|p2a: Thundurus|Psychic|p1a: Quagsire\n|-damage|p1a: Quagsire|0 fnt\n|faint|p1a: Quagsire\n|\n|win|srfrkool\n|raw|Whirlyderly's rating: 1041 &rarr; <strong>1025<\/strong><br \/>(-16 for losing)\n|raw|srfrkool's rating: 1043 &rarr; <strong>1076<\/strong><br \/>(+33 for winning)\n|l|\u2606Whirlyderly\n","uploadtime":1699799753,"views":4,"p1id":"whirlyderly","p2id":"srfrkool","formatid":"gen9nationaldex","rating":1025,"private":0,"password":""}