{"id":"gen9nationaldex-1998262184","p1":"ndou\u6389\u5206\u84dd\u67d0\u4fa0996","p2":"Ackesh","format":"[Gen 9] National Dex","log":"|html|<div class=\"broadcast-blue\"><strong>[Gen 9] National Dex is currently suspecting Sneasler! For information on how to participate check out the <a href=\"https:\/\/www.smogon.com\/forums\/threads\/sv-national-dex-suspect-8-just-dance.3731534\/\">suspect thread<\/a>.<\/strong><\/div>\n|j|\u2606ndou\u6389\u5206\u84dd\u67d0\u4fa0996\n|j|\u2606Ackesh\n|t:|1700921579\n|gametype|singles\n|player|p1|ndou\u6389\u5206\u84dd\u67d0\u4fa0996|hilbert|1541\n|player|p2|Ackesh|silver|1634\n|teamsize|p1|6\n|teamsize|p2|6\n|gen|9\n|tier|[Gen 9] National Dex\n|rated|\n|rule|HP Percentage Mod: HP is shown in percentages\n|rule|Endless Battle Clause: Forcing endless battles is banned\n|rule|OHKO Clause: OHKO moves are banned\n|rule|Evasion Clause: Evasion abilities, items, and moves are banned\n|rule|Evasion Abilities Clause: Evasion abilities are banned\n|rule|Evasion Items Clause: Evasion items are banned\n|rule|Evasion Moves Clause: Evasion moves are banned\n|rule|Species Clause: Limit one of each Pok\u00e9mon\n|rule|Sleep Clause Mod: Limit one foe put to sleep\n|clearpoke\n|poke|p1|Corsola-Galar, M|\n|poke|p1|Gliscor, M|\n|poke|p1|Skeledirge, F|\n|poke|p1|Chansey, F|\n|poke|p1|Venusaur, M|\n|poke|p1|Blacephalon|\n|poke|p2|Manaphy|\n|poke|p2|Barraskewda, F|\n|poke|p2|Pelipper, F|\n|poke|p2|Ferrothorn, F|\n|poke|p2|Kyurem|\n|poke|p2|Gyarados, F|\n|teampreview\n|inactive|Battle timer is ON: inactive players will automatically lose when time's up. (requested by Ackesh)\n|\n|t:|1700921590\n|start\n|switch|p1a: \u5c0f\u86cb|Chansey, F|100\/100\n|switch|p2a: Kyurem|Kyurem, shiny|100\/100\n|-ability|p2a: Kyurem|Pressure\n|turn|1\n|\n|t:|1700921595\n|switch|p1a: \u6211\u5bc4\u4e86\u4f60\u4eec\u5f00\u5fc3\u4e86\u5427|Corsola-Galar, M, shiny|100\/100\n|move|p2a: Kyurem|Substitute|p2a: Kyurem\n|-start|p2a: Kyurem|Substitute\n|-damage|p2a: Kyurem|76\/100\n|\n|upkeep\n|turn|2\n|\n|t:|1700921599\n|move|p2a: Kyurem|Roost|p2a: Kyurem\n|-heal|p2a: Kyurem|100\/100\n|-singleturn|p2a: Kyurem|move: Roost\n|move|p1a: \u6211\u5bc4\u4e86\u4f60\u4eec\u5f00\u5fc3\u4e86\u5427|Night Shade|p2a: Kyurem\n|-activate|p2a: Kyurem|move: Substitute|[damage]\n|\n|upkeep\n|turn|3\n|\n|t:|1700921604\n|move|p2a: Kyurem|Toxic|p1a: \u6211\u5bc4\u4e86\u4f60\u4eec\u5f00\u5fc3\u4e86\u5427\n|-status|p1a: \u6211\u5bc4\u4e86\u4f60\u4eec\u5f00\u5fc3\u4e86\u5427|tox\n|move|p1a: \u6211\u5bc4\u4e86\u4f60\u4eec\u5f00\u5fc3\u4e86\u5427|Night Shade|p2a: Kyurem\n|-end|p2a: Kyurem|Substitute\n|\n|-damage|p1a: \u6211\u5bc4\u4e86\u4f60\u4eec\u5f00\u5fc3\u4e86\u5427|94\/100 tox|[from] psn\n|upkeep\n|turn|4\n|\n|t:|1700921606\n|switch|p1a: \u5c0f\u86cb|Chansey, F|100\/100\n|move|p2a: Kyurem|Substitute|p2a: Kyurem\n|-start|p2a: Kyurem|Substitute\n|-damage|p2a: Kyurem|76\/100\n|\n|upkeep\n|turn|5\n|\n|t:|1700921608\n|move|p2a: Kyurem|Toxic|p1a: \u5c0f\u86cb\n|-status|p1a: \u5c0f\u86cb|tox\n|move|p1a: \u5c0f\u86cb|Aromatherapy|p1a: \u5c0f\u86cb\n|-activate|p1a: \u5c0f\u86cb|move: Aromatherapy\n|-curestatus|p1a: \u5c0f\u86cb|tox|[msg]\n|-curestatus|p1: \u6211\u5bc4\u4e86\u4f60\u4eec\u5f00\u5fc3\u4e86\u5427|tox|[msg]\n|\n|upkeep\n|turn|6\n|\n|t:|1700921611\n|move|p2a: Kyurem|Toxic|p1a: \u5c0f\u86cb\n|-status|p1a: \u5c0f\u86cb|tox\n|move|p1a: \u5c0f\u86cb|Seismic Toss|p2a: Kyurem\n|-activate|p2a: Kyurem|move: Substitute|[damage]\n|\n|-damage|p1a: \u5c0f\u86cb|94\/100 tox|[from] psn\n|upkeep\n|turn|7\n|\n|t:|1700921621\n|-curestatus|p1a: \u5c0f\u86cb|tox|[from] ability: Natural Cure\n|switch|p1a: \u82b1\u82b1\u53ef\u7231|Venusaur, M|100\/100\n|-terastallize|p2a: Kyurem|Ghost\n|move|p2a: Kyurem|Freeze-Dry|p1a: \u82b1\u82b1\u53ef\u7231\n|-supereffective|p1a: \u82b1\u82b1\u53ef\u7231\n|-damage|p1a: \u82b1\u82b1\u53ef\u7231|42\/100\n|\n|upkeep\n|turn|8\n|\n|t:|1700921626\n|detailschange|p1a: \u82b1\u82b1\u53ef\u7231|Venusaur-Mega, M\n|-mega|p1a: \u82b1\u82b1\u53ef\u7231|Venusaur|Venusaurite\n|move|p2a: Kyurem|Freeze-Dry|p1a: \u82b1\u82b1\u53ef\u7231\n|-supereffective|p1a: \u82b1\u82b1\u53ef\u7231\n|-damage|p1a: \u82b1\u82b1\u53ef\u7231|14\/100\n|move|p1a: \u82b1\u82b1\u53ef\u7231|Synthesis|p1a: \u82b1\u82b1\u53ef\u7231\n|-heal|p1a: \u82b1\u82b1\u53ef\u7231|64\/100\n|\n|upkeep\n|turn|9\n|\n|t:|1700921633\n|move|p2a: Kyurem|Freeze-Dry|p1a: \u82b1\u82b1\u53ef\u7231\n|-supereffective|p1a: \u82b1\u82b1\u53ef\u7231\n|-damage|p1a: \u82b1\u82b1\u53ef\u7231|29\/100\n|move|p1a: \u82b1\u82b1\u53ef\u7231|Giga Drain|p2a: Kyurem\n|-end|p2a: Kyurem|Substitute\n|-heal|p1a: \u82b1\u82b1\u53ef\u7231|30\/100|[from] drain|[of] p2a: Kyurem\n|\n|upkeep\n|turn|10\n|\n|t:|1700921643\n|switch|p1a: \u54e5\u8c2d\u5c0f\u4e11|Blacephalon|100\/100\n|move|p2a: Kyurem|Substitute|p2a: Kyurem\n|-start|p2a: Kyurem|Substitute\n|-damage|p2a: Kyurem|51\/100\n|\n|upkeep\n|turn|11\n|\n|t:|1700921649\n|move|p1a: \u54e5\u8c2d\u5c0f\u4e11|Shadow Ball|p2a: Kyurem\n|-supereffective|p2a: Kyurem\n|-end|p2a: Kyurem|Substitute\n|move|p2a: Kyurem|Roost|p2a: Kyurem\n|-heal|p2a: Kyurem|100\/100\n|\n|upkeep\n|turn|12\n|\n|t:|1700921654\n|switch|p2a: Ferrothorn|Ferrothorn, F|100\/100\n|move|p1a: \u54e5\u8c2d\u5c0f\u4e11|Shadow Ball|p2a: Ferrothorn\n|-damage|p2a: Ferrothorn|66\/100\n|\n|-heal|p2a: Ferrothorn|72\/100|[from] item: Leftovers\n|upkeep\n|turn|13\n|\n|t:|1700921658\n|switch|p1a: \u82b1\u82b1\u53ef\u7231|Venusaur-Mega, M|30\/100\n|move|p2a: Ferrothorn|Stealth Rock|p1a: \u82b1\u82b1\u53ef\u7231\n|-sidestart|p1: ndou\u6389\u5206\u84dd\u67d0\u4fa0996|move: Stealth Rock\n|\n|-heal|p2a: Ferrothorn|79\/100|[from] item: Leftovers\n|upkeep\n|turn|14\n|\n|t:|1700921662\n|move|p1a: \u82b1\u82b1\u53ef\u7231|Synthesis|p1a: \u82b1\u82b1\u53ef\u7231\n|-heal|p1a: \u82b1\u82b1\u53ef\u7231|80\/100\n|move|p2a: Ferrothorn|Spikes|p1a: \u82b1\u82b1\u53ef\u7231\n|-sidestart|p1: ndou\u6389\u5206\u84dd\u67d0\u4fa0996|Spikes\n|\n|-heal|p2a: Ferrothorn|85\/100|[from] item: Leftovers\n|upkeep\n|turn|15\n|\n|t:|1700921674\n|switch|p1a: \u4ebb\u5c14\u5973\u5b50|Gliscor, M|100\/100\n|-damage|p1a: \u4ebb\u5c14\u5973\u5b50|88\/100|[from] Stealth Rock\n|switch|p2a: Pelipper|Pelipper, F|100\/100\n|-weather|RainDance|[from] ability: Drizzle|[of] p2a: Pelipper\n|\n|-weather|RainDance|[upkeep]\n|-status|p1a: \u4ebb\u5c14\u5973\u5b50|tox|[from] item: Toxic Orb\n|upkeep\n|turn|16\n|\n|t:|1700921678\n|move|p1a: \u4ebb\u5c14\u5973\u5b50|Defog|p2a: Pelipper\n|-unboost|p2a: Pelipper|evasion|1\n|-sideend|p1: ndou\u6389\u5206\u84dd\u67d0\u4fa0996|Spikes|[from] move: Defog|[of] p1a: \u4ebb\u5c14\u5973\u5b50\n|-sideend|p1: ndou\u6389\u5206\u84dd\u67d0\u4fa0996|Stealth Rock|[from] move: Defog|[of] p1a: \u4ebb\u5c14\u5973\u5b50\n|move|p2a: Pelipper|Scald|p1a: \u4ebb\u5c14\u5973\u5b50\n|-supereffective|p1a: \u4ebb\u5c14\u5973\u5b50\n|-damage|p1a: \u4ebb\u5c14\u5973\u5b50|0 fnt\n|faint|p1a: \u4ebb\u5c14\u5973\u5b50\n|\n|-weather|RainDance|[upkeep]\n|upkeep\n|\n|t:|1700921683\n|switch|p1a: \u5c0f\u86cb|Chansey, F|94\/100\n|turn|17\n|\n|t:|1700921686\n|switch|p2a: Ferrothorn|Ferrothorn, F|85\/100\n|switch|p1a: \u6211\u5bc4\u4e86\u4f60\u4eec\u5f00\u5fc3\u4e86\u5427|Corsola-Galar, M, shiny|94\/100\n|\n|-weather|RainDance|[upkeep]\n|-heal|p2a: Ferrothorn|91\/100|[from] item: Leftovers\n|upkeep\n|turn|18\n|\n|t:|1700921689\n|switch|p1a: \u58ee\u58ee\u5988|Skeledirge, F|100\/100\n|move|p2a: Ferrothorn|Stealth Rock|p1a: \u58ee\u58ee\u5988\n|-sidestart|p1: ndou\u6389\u5206\u84dd\u67d0\u4fa0996|move: Stealth Rock\n|\n|-weather|RainDance|[upkeep]\n|-heal|p2a: Ferrothorn|97\/100|[from] item: Leftovers\n|upkeep\n|turn|19\n|\n|t:|1700921695\n|move|p1a: \u58ee\u58ee\u5988|Will-O-Wisp|p2a: Ferrothorn\n|-status|p2a: Ferrothorn|brn\n|move|p2a: Ferrothorn|Leech Seed|p1a: \u58ee\u58ee\u5988\n|-start|p1a: \u58ee\u58ee\u5988|move: Leech Seed\n|\n|-weather|RainDance|[upkeep]\n|-heal|p2a: Ferrothorn|100\/100 brn|[from] item: Leftovers\n|-damage|p1a: \u58ee\u58ee\u5988|88\/100|[from] Leech Seed|[of] p2a: Ferrothorn\n|-damage|p2a: Ferrothorn|94\/100 brn|[from] brn\n|upkeep\n|turn|20\n|\n|t:|1700921704\n|-terastallize|p1a: \u58ee\u58ee\u5988|Fairy\n|move|p1a: \u58ee\u58ee\u5988|Torch Song|p2a: Ferrothorn\n|-supereffective|p2a: Ferrothorn\n|-damage|p2a: Ferrothorn|57\/100 brn\n|-boost|p1a: \u58ee\u58ee\u5988|spa|1\n|move|p2a: Ferrothorn|Spikes|p1a: \u58ee\u58ee\u5988\n|-sidestart|p1: ndou\u6389\u5206\u84dd\u67d0\u4fa0996|Spikes\n|\n|-weather|RainDance|[upkeep]\n|-heal|p1a: \u58ee\u58ee\u5988|94\/100|[from] item: Leftovers\n|-heal|p2a: Ferrothorn|63\/100 brn|[from] item: Leftovers\n|-damage|p1a: \u58ee\u58ee\u5988|82\/100|[from] Leech Seed|[of] p2a: Ferrothorn\n|-heal|p2a: Ferrothorn|77\/100 brn|[silent]\n|-damage|p2a: Ferrothorn|71\/100 brn|[from] brn\n|upkeep\n|turn|21\n|\n|t:|1700921713\n|move|p1a: \u58ee\u58ee\u5988|Hex|p2a: Ferrothorn\n|-damage|p2a: Ferrothorn|18\/100 brn\n|move|p2a: Ferrothorn|Spikes|p1a: \u58ee\u58ee\u5988\n|-sidestart|p1: ndou\u6389\u5206\u84dd\u67d0\u4fa0996|Spikes\n|\n|-weather|RainDance|[upkeep]\n|-heal|p1a: \u58ee\u58ee\u5988|88\/100|[from] item: Leftovers\n|-heal|p2a: Ferrothorn|24\/100 brn|[from] item: Leftovers\n|-damage|p1a: \u58ee\u58ee\u5988|75\/100|[from] Leech Seed|[of] p2a: Ferrothorn\n|-heal|p2a: Ferrothorn|39\/100 brn|[silent]\n|-damage|p2a: Ferrothorn|33\/100 brn|[from] brn\n|upkeep\n|turn|22\n|\n|t:|1700921717\n|move|p1a: \u58ee\u58ee\u5988|Torch Song|p2a: Ferrothorn\n|-supereffective|p2a: Ferrothorn\n|-damage|p2a: Ferrothorn|0 fnt\n|-boost|p1a: \u58ee\u58ee\u5988|spa|1\n|faint|p2a: Ferrothorn\n|\n|-weather|none\n|-heal|p1a: \u58ee\u58ee\u5988|82\/100|[from] item: Leftovers\n|upkeep\n|\n|t:|1700921724\n|switch|p2a: Barraskewda|Barraskewda, F|100\/100\n|turn|23\n|\n|t:|1700921726\n|move|p2a: Barraskewda|Flip Turn|p1a: \u58ee\u58ee\u5988\n|-damage|p1a: \u58ee\u58ee\u5988|54\/100\n|\n|t:|1700921728\n|switch|p2a: Pelipper|Pelipper, F|100\/100|[from] Flip Turn\n|-weather|RainDance|[from] ability: Drizzle|[of] p2a: Pelipper\n|move|p1a: \u58ee\u58ee\u5988|Will-O-Wisp|p2a: Pelipper\n|-status|p2a: Pelipper|brn\n|\n|-weather|RainDance|[upkeep]\n|-heal|p1a: \u58ee\u58ee\u5988|60\/100|[from] item: Leftovers\n|-damage|p1a: \u58ee\u58ee\u5988|48\/100|[from] Leech Seed|[of] p2a: Pelipper\n|-damage|p2a: Pelipper|94\/100 brn|[from] brn\n|upkeep\n|turn|24\n|\n|t:|1700921736\n|switch|p2a: Gyarados|Gyarados, F|100\/100\n|-ability|p2a: Gyarados|Intimidate|boost\n|-unboost|p1a: \u58ee\u58ee\u5988|atk|1\n|move|p1a: \u58ee\u58ee\u5988|Hex|p2a: Gyarados\n|-damage|p2a: Gyarados|57\/100\n|\n|-weather|RainDance|[upkeep]\n|-heal|p1a: \u58ee\u58ee\u5988|54\/100|[from] item: Leftovers\n|-damage|p1a: \u58ee\u58ee\u5988|41\/100|[from] Leech Seed|[of] p2a: Gyarados\n|-heal|p2a: Gyarados|70\/100|[silent]\n|upkeep\n|turn|25\n|\n|t:|1700921745\n|move|p2a: Gyarados|Taunt|p1a: \u58ee\u58ee\u5988\n|-start|p1a: \u58ee\u58ee\u5988|move: Taunt\n|cant|p1a: \u58ee\u58ee\u5988|move: Taunt|Slack Off\n|\n|-weather|RainDance|[upkeep]\n|-heal|p1a: \u58ee\u58ee\u5988|47\/100|[from] item: Leftovers\n|-damage|p1a: \u58ee\u58ee\u5988|35\/100|[from] Leech Seed|[of] p2a: Gyarados\n|-heal|p2a: Gyarados|84\/100|[silent]\n|upkeep\n|turn|26\n|\n|t:|1700921748\n|detailschange|p2a: Gyarados|Gyarados-Mega, F\n|-mega|p2a: Gyarados|Gyarados|Gyaradosite\n|-ability|p2a: Gyarados|Mold Breaker\n|move|p2a: Gyarados|Dragon Dance|p2a: Gyarados\n|-boost|p2a: Gyarados|atk|1\n|-boost|p2a: Gyarados|spe|1\n|move|p1a: \u58ee\u58ee\u5988|Torch Song|p2a: Gyarados\n|-resisted|p2a: Gyarados\n|-damage|p2a: Gyarados|72\/100\n|-boost|p1a: \u58ee\u58ee\u5988|spa|1\n|\n|-weather|RainDance|[upkeep]\n|-heal|p1a: \u58ee\u58ee\u5988|41\/100|[from] item: Leftovers\n|-damage|p1a: \u58ee\u58ee\u5988|29\/100|[from] Leech Seed|[of] p2a: Gyarados\n|-heal|p2a: Gyarados|86\/100|[silent]\n|upkeep\n|turn|27\n|\n|t:|1700921752\n|move|p2a: Gyarados|Dragon Dance|p2a: Gyarados\n|-boost|p2a: Gyarados|atk|1\n|-boost|p2a: Gyarados|spe|1\n|move|p1a: \u58ee\u58ee\u5988|Hex|p2a: Gyarados\n|-resisted|p2a: Gyarados\n|-damage|p2a: Gyarados|62\/100\n|\n|-weather|RainDance|[upkeep]\n|-heal|p1a: \u58ee\u58ee\u5988|35\/100|[from] item: Leftovers\n|-damage|p1a: \u58ee\u58ee\u5988|22\/100|[from] Leech Seed|[of] p2a: Gyarados\n|-heal|p2a: Gyarados|76\/100|[silent]\n|-end|p1a: \u58ee\u58ee\u5988|move: Taunt\n|upkeep\n|turn|28\n|\n|t:|1700921755\n|move|p2a: Gyarados|Waterfall|p1a: \u58ee\u58ee\u5988\n|-damage|p1a: \u58ee\u58ee\u5988|0 fnt\n|faint|p1a: \u58ee\u58ee\u5988\n|\n|-weather|RainDance|[upkeep]\n|upkeep\n|\n|t:|1700921759\n|switch|p1a: \u82b1\u82b1\u53ef\u7231|Venusaur-Mega, M|80\/100\n|-damage|p1a: \u82b1\u82b1\u53ef\u7231|67\/100|[from] Stealth Rock\n|-damage|p1a: \u82b1\u82b1\u53ef\u7231|51\/100|[from] Spikes\n|turn|29\n|\n|t:|1700921761\n|move|p2a: Gyarados|Crunch|p1a: \u82b1\u82b1\u53ef\u7231\n|-damage|p1a: \u82b1\u82b1\u53ef\u7231|0 fnt\n|faint|p1a: \u82b1\u82b1\u53ef\u7231\n|\n|-weather|RainDance|[upkeep]\n|upkeep\n|-message|ndou\u6389\u5206\u84dd\u67d0\u4fa0996 forfeited.\n|\n|win|Ackesh\n|raw|ndou\u6389\u5206\u84dd\u67d0\u4fa0996's rating: 1541 &rarr; <strong>1526<\/strong><br \/>(-15 for losing)\n|raw|Ackesh's rating: 1634 &rarr; <strong>1649<\/strong><br \/>(+15 for winning)\n|l|\u2606ndou\u6389\u5206\u84dd\u67d0\u4fa0996\n","uploadtime":1700921769,"views":15,"p1id":"ndou996","p2id":"ackesh","formatid":"gen9nationaldex","rating":1526,"private":0,"password":""}