{"id":"gen9nationaldex-1998894819","p1":"K. Repola","p2":"Nanami11037","format":"[Gen 9] National Dex","log":"|html|<div class=\"broadcast-blue\"><strong>[Gen 9] National Dex is currently suspecting Sneasler! For information on how to participate check out the <a href=\"https:\/\/www.smogon.com\/forums\/threads\/sv-national-dex-suspect-8-just-dance.3731534\/\">suspect thread<\/a>.<\/strong><\/div>\n|j|\u2606K. Repola\n|j|\u2606Nanami11037\n|t:|1701009861\n|gametype|singles\n|player|p1|K. Repola|gentleman|1371\n|player|p2|Nanami11037|steven|1435\n|teamsize|p1|6\n|teamsize|p2|6\n|gen|9\n|tier|[Gen 9] National Dex\n|rated|\n|rule|HP Percentage Mod: HP is shown in percentages\n|rule|Endless Battle Clause: Forcing endless battles is banned\n|rule|OHKO Clause: OHKO moves are banned\n|rule|Evasion Clause: Evasion abilities, items, and moves are banned\n|rule|Evasion Abilities Clause: Evasion abilities are banned\n|rule|Evasion Items Clause: Evasion items are banned\n|rule|Evasion Moves Clause: Evasion moves are banned\n|rule|Species Clause: Limit one of each Pok\u00e9mon\n|rule|Sleep Clause Mod: Limit one foe put to sleep\n|clearpoke\n|poke|p1|Koffing, F|\n|poke|p1|Pyukumuku, M|\n|poke|p1|Corsola-Galar, M|\n|poke|p1|Glimmora, F|\n|poke|p1|Gliscor, M|\n|poke|p1|Blissey, F|\n|poke|p2|Tapu Koko|\n|poke|p2|Sneasler, M|\n|poke|p2|Garganacl, F|\n|poke|p2|Heatran, M|\n|poke|p2|Corviknight, M|\n|poke|p2|Lopunny, M|\n|teampreview\n|c|\u2606K. Repola|greetings\n|inactive|Battle timer is ON: inactive players will automatically lose when time's up. (requested by Nanami11037)\n|\n|t:|1701009871\n|start\n|switch|p1a: Kimalle|Glimmora, F|100\/100\n|switch|p2a: Tapu Koko|Tapu Koko|100\/100\n|-fieldstart|move: Electric Terrain|[from] ability: Electric Surge|[of] p2a: Tapu Koko\n|turn|1\n|\n|t:|1701009877\n|move|p1a: Kimalle|Sludge Wave|p2a: Tapu Koko\n|-supereffective|p2a: Tapu Koko\n|-damage|p2a: Tapu Koko|0 fnt\n|faint|p2a: Tapu Koko\n|\n|upkeep\n|\n|t:|1701009882\n|switch|p2a: Heatran|Heatran, M|100\/100\n|turn|2\n|\n|t:|1701009891\n|switch|p1a: Emmi|Blissey, F|100\/100\n|move|p2a: Heatran|Earth Power|p1a: Emmi\n|-damage|p1a: Emmi|90\/100\n|\n|-heal|p1a: Emmi|96\/100|[from] item: Leftovers\n|upkeep\n|turn|3\n|\n|t:|1701009898\n|switch|p2a: Corviknight|Corviknight, M, shiny|100\/100\n|-ability|p2a: Corviknight|Pressure\n|move|p1a: Emmi|Teleport|p1a: Emmi\n|\n|t:|1701009903\n|switch|p1a: Kimalle|Glimmora, F|100\/100|[from] Teleport\n|\n|upkeep\n|turn|4\n|\n|t:|1701009912\n|move|p1a: Kimalle|Toxic|p2a: Corviknight\n|-status|p2a: Corviknight|tox\n|move|p2a: Corviknight|U-turn|p1a: Kimalle\n|-resisted|p1a: Kimalle\n|-damage|p1a: Kimalle|92\/100\n|\n|t:|1701009922\n|switch|p2a: Lopunny|Lopunny, M|100\/100|[from] U-turn\n|\n|upkeep\n|turn|5\n|\n|t:|1701009939\n|switch|p1a: Slepe|Gliscor, M|100\/100\n|detailschange|p2a: Lopunny|Lopunny-Mega, M\n|-mega|p2a: Lopunny|Lopunny|Lopunnite\n|move|p2a: Lopunny|Fake Out|p1a: Slepe\n|-damage|p1a: Slepe|87\/100\n|\n|-fieldend|move: Electric Terrain\n|-status|p1a: Slepe|tox|[from] item: Toxic Orb\n|upkeep\n|turn|6\n|\n|t:|1701009948\n|move|p2a: Lopunny|Triple Axel|p1a: Slepe\n|-supereffective|p1a: Slepe\n|-damage|p1a: Slepe|69\/100 tox\n|-supereffective|p1a: Slepe\n|-damage|p1a: Slepe|32\/100 tox\n|-supereffective|p1a: Slepe\n|-damage|p1a: Slepe|0 fnt\n|faint|p1a: Slepe\n|-hitcount|p1: Slepe|3\n|\n|upkeep\n|\n|t:|1701009956\n|switch|p1a: Makki|Pyukumuku, M|100\/100\n|turn|7\n|\n|t:|1701009959\n|move|p2a: Lopunny|Frustration|p1a: Makki\n|-damage|p1a: Makki|62\/100\n|move|p1a: Makki|Counter|p2a: Lopunny\n|-damage|p2a: Lopunny|11\/100\n|\n|-heal|p1a: Makki|68\/100|[from] item: Leftovers\n|upkeep\n|turn|8\n|\n|t:|1701009969\n|switch|p2a: Corviknight|Corviknight, M, shiny|100\/100 tox\n|-ability|p2a: Corviknight|Pressure\n|move|p1a: Makki|Counter||[still]\n|-fail|p1a: Makki\n|\n|-heal|p1a: Makki|74\/100|[from] item: Leftovers\n|-damage|p2a: Corviknight|94\/100 tox|[from] psn\n|upkeep\n|turn|9\n|\n|t:|1701009979\n|move|p2a: Corviknight|U-turn|p1a: Makki\n|-damage|p1a: Makki|65\/100\n|\n|t:|1701009982\n|switch|p2a: Garganacl|Garganacl, F|100\/100|[from] U-turn\n|move|p1a: Makki|Counter|p2a: Garganacl\n|-damage|p2a: Garganacl|86\/100\n|\n|-heal|p2a: Garganacl|92\/100|[from] item: Leftovers\n|-heal|p1a: Makki|71\/100|[from] item: Leftovers\n|upkeep\n|turn|10\n|\n|t:|1701009991\n|switch|p1a: \u0160\u00f6k\u00f6|Koffing, F, shiny|100\/100\n|-ability|p1a: \u0160\u00f6k\u00f6|Neutralizing Gas\n|move|p2a: Garganacl|Stealth Rock|p1a: \u0160\u00f6k\u00f6\n|-sidestart|p1: K. Repola|move: Stealth Rock\n|\n|-heal|p2a: Garganacl|98\/100|[from] item: Leftovers\n|upkeep\n|turn|11\n|\n|t:|1701009998\n|move|p2a: Garganacl|Protect|p2a: Garganacl\n|-singleturn|p2a: Garganacl|Protect\n|move|p1a: \u0160\u00f6k\u00f6|Toxic|p2a: Garganacl\n|-activate|p2a: Garganacl|move: Protect\n|\n|-heal|p2a: Garganacl|100\/100|[from] item: Leftovers\n|upkeep\n|turn|12\n|\n|t:|1701010011\n|switch|p2a: Corviknight|Corviknight, M, shiny|94\/100 tox\n|move|p1a: \u0160\u00f6k\u00f6|Toxic|p2a: Corviknight\n|-fail|p2a: Corviknight|tox\n|\n|-damage|p2a: Corviknight|88\/100 tox|[from] psn\n|upkeep\n|turn|13\n|\n|t:|1701010019\n|move|p2a: Corviknight|Brave Bird|p1a: \u0160\u00f6k\u00f6\n|-damage|p1a: \u0160\u00f6k\u00f6|71\/100\n|-damage|p2a: Corviknight|81\/100 tox|[from] Recoil\n|move|p1a: \u0160\u00f6k\u00f6|Flamethrower|p2a: Corviknight\n|-supereffective|p2a: Corviknight\n|-damage|p2a: Corviknight|57\/100 tox\n|\n|-damage|p2a: Corviknight|45\/100 tox|[from] psn\n|upkeep\n|turn|14\n|\n|t:|1701010038\n|switch|p2a: Garganacl|Garganacl, F|100\/100\n|move|p1a: \u0160\u00f6k\u00f6|Pain Split|p2a: Garganacl\n|-sethp|p2a: Garganacl|75\/100|[from] move: Pain Split|[silent]\n|-sethp|p1a: \u0160\u00f6k\u00f6|100\/100|[from] move: Pain Split\n|\n|-heal|p2a: Garganacl|81\/100|[from] item: Leftovers\n|upkeep\n|turn|15\n|\n|t:|1701010047\n|switch|p2a: Corviknight|Corviknight, M, shiny|45\/100 tox\n|move|p1a: \u0160\u00f6k\u00f6|Toxic|p2a: Corviknight\n|-fail|p2a: Corviknight|tox\n|\n|-damage|p2a: Corviknight|39\/100 tox|[from] psn\n|upkeep\n|turn|16\n|\n|t:|1701010056\n|move|p2a: Corviknight|U-turn|p1a: \u0160\u00f6k\u00f6\n|-resisted|p1a: \u0160\u00f6k\u00f6\n|-crit|p1a: \u0160\u00f6k\u00f6\n|-damage|p1a: \u0160\u00f6k\u00f6|93\/100\n|\n|t:|1701010060\n|switch|p2a: Heatran|Heatran, M|100\/100|[from] U-turn\n|move|p1a: \u0160\u00f6k\u00f6|Flamethrower|p2a: Heatran\n|-damage|p2a: Heatran|88\/100\n|\n|upkeep\n|turn|17\n|\n|t:|1701010067\n|switch|p2a: Lopunny|Lopunny-Mega, M|11\/100\n|-end|p1a: \u0160\u00f6k\u00f6|ability: Neutralizing Gas\n|switch|p1a: Emmi|Blissey, F|96\/100\n|-damage|p1a: Emmi|84\/100|[from] Stealth Rock\n|\n|-heal|p1a: Emmi|90\/100|[from] item: Leftovers\n|upkeep\n|turn|18\n|\n|t:|1701010091\n|switch|p1a: Korkki|Corsola-Galar, M|100\/100\n|-damage|p1a: Korkki|88\/100|[from] Stealth Rock\n|move|p2a: Lopunny|Close Combat|p1a: Korkki\n|-damage|p1a: Korkki|52\/100\n|-unboost|p2a: Lopunny|def|1\n|-unboost|p2a: Lopunny|spd|1\n|\n|upkeep\n|turn|19\n|\n|t:|1701010109\n|switch|p2a: Garganacl|Garganacl, F|81\/100\n|move|p1a: Korkki|Strength Sap|p2a: Garganacl\n|-unboost|p2a: Garganacl|atk|1\n|-heal|p1a: Korkki|100\/100\n|\n|-heal|p2a: Garganacl|88\/100|[from] item: Leftovers\n|upkeep\n|turn|20\n|\n|t:|1701010126\n|move|p2a: Garganacl|Salt Cure|p1a: Korkki\n|-damage|p1a: Korkki|95\/100\n|-start|p1a: Korkki|Salt Cure\n|move|p1a: Korkki|Calm Mind|p1a: Korkki\n|-boost|p1a: Korkki|spa|1\n|-boost|p1a: Korkki|spd|1\n|\n|-heal|p2a: Garganacl|94\/100|[from] item: Leftovers\n|-damage|p1a: Korkki|82\/100|[from] Salt Cure\n|upkeep\n|turn|21\n|\n|t:|1701010142\n|switch|p2a: Sneasler|Sneasler, M, shiny|100\/100\n|move|p1a: Korkki|Calm Mind|p1a: Korkki\n|-boost|p1a: Korkki|spa|1\n|-boost|p1a: Korkki|spd|1\n|\n|-damage|p1a: Korkki|70\/100|[from] Salt Cure\n|upkeep\n|turn|22\n|\n|t:|1701010150\n|move|p2a: Sneasler|Swords Dance|p2a: Sneasler\n|-boost|p2a: Sneasler|atk|2\n|move|p1a: Korkki|Strength Sap|p2a: Sneasler\n|-unboost|p2a: Sneasler|atk|1\n|-heal|p1a: Korkki|100\/100\n|\n|-damage|p1a: Korkki|88\/100|[from] Salt Cure\n|upkeep\n|turn|23\n|\n|t:|1701010158\n|move|p2a: Sneasler|Swords Dance|p2a: Sneasler\n|-boost|p2a: Sneasler|atk|2\n|move|p1a: Korkki|Hex|p2a: Sneasler\n|-damage|p2a: Sneasler|59\/100\n|\n|-damage|p1a: Korkki|76\/100|[from] Salt Cure\n|upkeep\n|turn|24\n|\n|t:|1701010166\n|-terastallize|p2a: Sneasler|Flying\n|move|p2a: Sneasler|Acrobatics|p1a: Korkki\n|-crit|p1a: Korkki\n|-damage|p1a: Korkki|9\/100\n|move|p1a: Korkki|Hex|p2a: Sneasler\n|-damage|p2a: Sneasler|16\/100\n|\n|-damage|p1a: Korkki|0 fnt|[from] Salt Cure\n|faint|p1a: Korkki\n|upkeep\n|\n|t:|1701010175\n|switch|p1a: Makki|Pyukumuku, M|71\/100\n|-damage|p1a: Makki|58\/100|[from] Stealth Rock\n|turn|25\n|\n|t:|1701010179\n|move|p2a: Sneasler|Close Combat|p1a: Makki\n|-damage|p1a: Makki|9\/100\n|-unboost|p2a: Sneasler|def|1\n|-unboost|p2a: Sneasler|spd|1\n|move|p1a: Makki|Recover|p1a: Makki\n|-heal|p1a: Makki|59\/100\n|\n|-heal|p1a: Makki|65\/100|[from] item: Leftovers\n|upkeep\n|turn|26\n|\n|t:|1701010191\n|move|p2a: Sneasler|Dire Claw|p1a: Makki\n|-damage|p1a: Makki|35\/100\n|move|p1a: Makki|Recover|p1a: Makki\n|-heal|p1a: Makki|85\/100\n|\n|-heal|p1a: Makki|91\/100|[from] item: Leftovers\n|upkeep\n|turn|27\n|\n|t:|1701010198\n|move|p2a: Sneasler|Close Combat|p1a: Makki\n|-damage|p1a: Makki|46\/100\n|-unboost|p2a: Sneasler|def|1\n|-unboost|p2a: Sneasler|spd|1\n|move|p1a: Makki|Counter|p2a: Sneasler\n|-damage|p2a: Sneasler|0 fnt\n|faint|p2a: Sneasler\n|\n|-heal|p1a: Makki|52\/100|[from] item: Leftovers\n|upkeep\n|\n|t:|1701010202\n|switch|p2a: Garganacl|Garganacl, F|94\/100\n|turn|28\n|\n|t:|1701010210\n|move|p2a: Garganacl|Salt Cure|p1a: Makki\n|-damage|p1a: Makki|42\/100\n|-start|p1a: Makki|Salt Cure\n|move|p1a: Makki|Recover|p1a: Makki\n|-heal|p1a: Makki|92\/100\n|\n|-heal|p2a: Garganacl|99\/100|[from] item: Leftovers\n|-heal|p1a: Makki|98\/100|[from] item: Leftovers\n|-damage|p1a: Makki|73\/100|[from] Salt Cure\n|upkeep\n|turn|29\n|\n|t:|1701010223\n|switch|p2a: Corviknight|Corviknight, M, shiny|39\/100 tox\n|-ability|p2a: Corviknight|Pressure\n|switch|p1a: \u0160\u00f6k\u00f6|Koffing, F, shiny|93\/100\n|-ability|p1a: \u0160\u00f6k\u00f6|Neutralizing Gas\n|-damage|p1a: \u0160\u00f6k\u00f6|81\/100|[from] Stealth Rock\n|\n|-damage|p2a: Corviknight|33\/100 tox|[from] psn\n|upkeep\n|turn|30\n|\n|t:|1701010234\n|move|p2a: Corviknight|Roost|p2a: Corviknight\n|-heal|p2a: Corviknight|83\/100 tox\n|-singleturn|p2a: Corviknight|move: Roost\n|move|p1a: \u0160\u00f6k\u00f6|Flamethrower|p2a: Corviknight\n|-supereffective|p2a: Corviknight\n|-damage|p2a: Corviknight|60\/100 tox\n|\n|-damage|p2a: Corviknight|48\/100 tox|[from] psn\n|upkeep\n|turn|31\n|\n|t:|1701010243\n|move|p2a: Corviknight|U-turn|p1a: \u0160\u00f6k\u00f6\n|-resisted|p1a: \u0160\u00f6k\u00f6\n|-damage|p1a: \u0160\u00f6k\u00f6|76\/100\n|\n|t:|1701010245\n|switch|p2a: Garganacl|Garganacl, F|99\/100|[from] U-turn\n|move|p1a: \u0160\u00f6k\u00f6|Flamethrower|p2a: Garganacl\n|-resisted|p2a: Garganacl\n|-damage|p2a: Garganacl|93\/100\n|\n|-heal|p2a: Garganacl|99\/100|[from] item: Leftovers\n|upkeep\n|turn|32\n|\n|t:|1701010258\n|switch|p2a: Heatran|Heatran, M|88\/100\n|move|p1a: \u0160\u00f6k\u00f6|Flamethrower|p2a: Heatran\n|-damage|p2a: Heatran|73\/100\n|\n|upkeep\n|turn|33\n|\n|t:|1701010277\n|-end|p1a: \u0160\u00f6k\u00f6|ability: Neutralizing Gas\n|switch|p1a: Makki|Pyukumuku, M|73\/100\n|-damage|p1a: Makki|61\/100|[from] Stealth Rock\n|move|p2a: Heatran|Earth Power|p1a: Makki\n|-damage|p1a: Makki|37\/100\n|\n|-heal|p1a: Makki|43\/100|[from] item: Leftovers\n|upkeep\n|turn|34\n|\n|t:|1701010286\n|switch|p2a: Garganacl|Garganacl, F|99\/100\n|move|p1a: Makki|Recover|p1a: Makki\n|-heal|p1a: Makki|93\/100\n|\n|-heal|p2a: Garganacl|100\/100|[from] item: Leftovers\n|-heal|p1a: Makki|99\/100|[from] item: Leftovers\n|upkeep\n|turn|35\n|\n|t:|1701010297\n|switch|p1a: Emmi|Blissey, F|90\/100\n|-damage|p1a: Emmi|77\/100|[from] Stealth Rock\n|move|p2a: Garganacl|Salt Cure|p1a: Emmi\n|-damage|p1a: Emmi|65\/100\n|-start|p1a: Emmi|Salt Cure\n|\n|-heal|p1a: Emmi|71\/100|[from] item: Leftovers\n|-damage|p1a: Emmi|58\/100|[from] Salt Cure\n|upkeep\n|turn|36\n|\n|t:|1701010306\n|move|p2a: Garganacl|Salt Cure|p1a: Emmi\n|-damage|p1a: Emmi|46\/100\n|move|p1a: Emmi|Teleport|p1a: Emmi\n|\n|t:|1701010318\n|switch|p1a: \u0160\u00f6k\u00f6|Koffing, F, shiny|76\/100|[from] Teleport\n|-ability|p1a: \u0160\u00f6k\u00f6|Neutralizing Gas\n|-damage|p1a: \u0160\u00f6k\u00f6|64\/100|[from] Stealth Rock\n|\n|upkeep\n|turn|37\n|\n|t:|1701010325\n|move|p2a: Garganacl|Protect|p2a: Garganacl\n|-singleturn|p2a: Garganacl|Protect\n|move|p1a: \u0160\u00f6k\u00f6|Pain Split|p2a: Garganacl\n|-activate|p2a: Garganacl|move: Protect\n|\n|upkeep\n|turn|38\n|\n|t:|1701010340\n|switch|p2a: Lopunny|Lopunny-Mega, M|11\/100\n|move|p1a: \u0160\u00f6k\u00f6|Toxic|p2a: Lopunny\n|-status|p2a: Lopunny|tox\n|\n|-damage|p2a: Lopunny|5\/100 tox|[from] psn\n|upkeep\n|turn|39\n|\n|t:|1701010348\n|move|p2a: Lopunny|Frustration|p1a: \u0160\u00f6k\u00f6\n|-damage|p1a: \u0160\u00f6k\u00f6|24\/100\n|move|p1a: \u0160\u00f6k\u00f6|Flamethrower|p2a: Lopunny\n|-damage|p2a: Lopunny|0 fnt\n|faint|p2a: Lopunny\n|\n|upkeep\n|\n|t:|1701010357\n|switch|p2a: Heatran|Heatran, M|73\/100\n|turn|40\n|\n|t:|1701010365\n|-end|p1a: \u0160\u00f6k\u00f6|ability: Neutralizing Gas\n|switch|p1a: Makki|Pyukumuku, M|99\/100\n|-damage|p1a: Makki|87\/100|[from] Stealth Rock\n|move|p2a: Heatran|Earth Power|p1a: Makki\n|-damage|p1a: Makki|61\/100\n|\n|-heal|p1a: Makki|67\/100|[from] item: Leftovers\n|upkeep\n|turn|41\n|\n|t:|1701010374\n|switch|p2a: Garganacl|Garganacl, F|100\/100\n|move|p1a: Makki|Toxic|p2a: Garganacl\n|-immune|p2a: Garganacl|[from] ability: Purifying Salt\n|\n|-heal|p1a: Makki|73\/100|[from] item: Leftovers\n|upkeep\n|turn|42\n|\n|t:|1701010386\n|switch|p1a: Emmi|Blissey, F|46\/100\n|-damage|p1a: Emmi|33\/100|[from] Stealth Rock\n|move|p2a: Garganacl|Salt Cure|p1a: Emmi\n|-damage|p1a: Emmi|22\/100\n|-start|p1a: Emmi|Salt Cure\n|\n|-heal|p1a: Emmi|28\/100|[from] item: Leftovers\n|-damage|p1a: Emmi|15\/100|[from] Salt Cure\n|upkeep\n|turn|43\n|\n|t:|1701010395\n|switch|p2a: Heatran|Heatran, M|73\/100\n|move|p1a: Emmi|Soft-Boiled|p1a: Emmi\n|-heal|p1a: Emmi|65\/100\n|\n|-heal|p1a: Emmi|72\/100|[from] item: Leftovers\n|-damage|p1a: Emmi|59\/100|[from] Salt Cure\n|upkeep\n|turn|44\n|\n|t:|1701010415\n|move|p2a: Heatran|Fire Blast|p1a: Emmi\n|-damage|p1a: Emmi|38\/100\n|move|p1a: Emmi|Seismic Toss|p2a: Heatran\n|-damage|p2a: Heatran|42\/100\n|\n|-heal|p1a: Emmi|44\/100|[from] item: Leftovers\n|-damage|p1a: Emmi|32\/100|[from] Salt Cure\n|upkeep\n|turn|45\n|\n|t:|1701010424\n|move|p2a: Heatran|Fire Blast|p1a: Emmi|[miss]\n|-miss|p2a: Heatran|p1a: Emmi\n|move|p1a: Emmi|Soft-Boiled|p1a: Emmi\n|-heal|p1a: Emmi|82\/100\n|\n|-heal|p1a: Emmi|88\/100|[from] item: Leftovers\n|-damage|p1a: Emmi|76\/100|[from] Salt Cure\n|upkeep\n|turn|46\n|\n|t:|1701010432\n|switch|p2a: Garganacl|Garganacl, F|100\/100\n|move|p1a: Emmi|Seismic Toss|p2a: Garganacl\n|-damage|p2a: Garganacl|76\/100\n|\n|-heal|p1a: Emmi|82\/100|[from] item: Leftovers\n|-heal|p2a: Garganacl|82\/100|[from] item: Leftovers\n|-damage|p1a: Emmi|69\/100|[from] Salt Cure\n|upkeep\n|turn|47\n|\n|t:|1701010444\n|move|p2a: Garganacl|Salt Cure|p1a: Emmi\n|-damage|p1a: Emmi|58\/100\n|move|p1a: Emmi|Teleport|p1a: Emmi\n|\n|t:|1701010452\n|switch|p1a: \u0160\u00f6k\u00f6|Koffing, F, shiny|24\/100|[from] Teleport\n|-ability|p1a: \u0160\u00f6k\u00f6|Neutralizing Gas\n|-damage|p1a: \u0160\u00f6k\u00f6|12\/100|[from] Stealth Rock\n|\n|-heal|p2a: Garganacl|88\/100|[from] item: Leftovers\n|upkeep\n|turn|48\n|inactive|Nanami11037 has 120 seconds left.\n|\n|t:|1701010497\n|move|p2a: Garganacl|Salt Cure|p1a: \u0160\u00f6k\u00f6\n|-damage|p1a: \u0160\u00f6k\u00f6|0 fnt\n|faint|p1a: \u0160\u00f6k\u00f6\n|-end|p1a: \u0160\u00f6k\u00f6|ability: Neutralizing Gas\n|\n|-heal|p2a: Garganacl|94\/100|[from] item: Leftovers\n|upkeep\n|\n|t:|1701010515\n|switch|p1a: Emmi|Blissey, F|58\/100\n|-damage|p1a: Emmi|45\/100|[from] Stealth Rock\n|turn|49\n|\n|t:|1701010519\n|move|p1a: Emmi|Seismic Toss|p2a: Garganacl\n|-damage|p2a: Garganacl|70\/100\n|move|p2a: Garganacl|Salt Cure|p1a: Emmi\n|-damage|p1a: Emmi|32\/100\n|-start|p1a: Emmi|Salt Cure\n|\n|-heal|p1a: Emmi|39\/100|[from] item: Leftovers\n|-heal|p2a: Garganacl|76\/100|[from] item: Leftovers\n|-damage|p1a: Emmi|26\/100|[from] Salt Cure\n|upkeep\n|turn|50\n|\n|t:|1701010528\n|move|p2a: Garganacl|Protect|p2a: Garganacl\n|-singleturn|p2a: Garganacl|Protect\n|move|p1a: Emmi|Soft-Boiled|p1a: Emmi\n|-heal|p1a: Emmi|76\/100\n|\n|-heal|p1a: Emmi|82\/100|[from] item: Leftovers\n|-heal|p2a: Garganacl|82\/100|[from] item: Leftovers\n|-damage|p1a: Emmi|70\/100|[from] Salt Cure\n|upkeep\n|turn|51\n|\n|t:|1701010536\n|move|p1a: Emmi|Seismic Toss|p2a: Garganacl\n|-damage|p2a: Garganacl|57\/100\n|move|p2a: Garganacl|Salt Cure|p1a: Emmi\n|-damage|p1a: Emmi|57\/100\n|\n|-heal|p1a: Emmi|63\/100|[from] item: Leftovers\n|-heal|p2a: Garganacl|63\/100|[from] item: Leftovers\n|-damage|p1a: Emmi|51\/100|[from] Salt Cure\n|upkeep\n|turn|52\n|\n|t:|1701010545\n|move|p1a: Emmi|Seismic Toss|p2a: Garganacl\n|-damage|p2a: Garganacl|39\/100\n|move|p2a: Garganacl|Recover|p2a: Garganacl\n|-heal|p2a: Garganacl|89\/100\n|\n|-heal|p1a: Emmi|57\/100|[from] item: Leftovers\n|-heal|p2a: Garganacl|95\/100|[from] item: Leftovers\n|-damage|p1a: Emmi|45\/100|[from] Salt Cure\n|upkeep\n|turn|53\n|\n|t:|1701010554\n|move|p1a: Emmi|Soft-Boiled|p1a: Emmi\n|-heal|p1a: Emmi|95\/100\n|move|p2a: Garganacl|Salt Cure|p1a: Emmi\n|-damage|p1a: Emmi|82\/100\n|\n|-heal|p1a: Emmi|88\/100|[from] item: Leftovers\n|-heal|p2a: Garganacl|100\/100|[from] item: Leftovers\n|-damage|p1a: Emmi|76\/100|[from] Salt Cure\n|upkeep\n|turn|54\n|\n|t:|1701010563\n|move|p2a: Garganacl|Protect|p2a: Garganacl\n|-singleturn|p2a: Garganacl|Protect\n|move|p1a: Emmi|Teleport|p1a: Emmi\n|\n|t:|1701010570\n|switch|p1a: Kimalle|Glimmora, F|92\/100|[from] Teleport\n|-damage|p1a: Kimalle|80\/100|[from] Stealth Rock\n|\n|upkeep\n|turn|55\n|\n|t:|1701010577\n|switch|p2a: Corviknight|Corviknight, M, shiny|48\/100 tox\n|-ability|p2a: Corviknight|Pressure\n|move|p1a: Kimalle|Power Gem|p2a: Corviknight\n|-damage|p2a: Corviknight|4\/100 tox\n|\n|-damage|p2a: Corviknight|0 fnt|[from] psn\n|faint|p2a: Corviknight\n|upkeep\n|\n|t:|1701010596\n|switch|p2a: Heatran|Heatran, M|42\/100\n|turn|56\n|\n|t:|1701010600\n|switch|p1a: Emmi|Blissey, F|76\/100\n|-damage|p1a: Emmi|63\/100|[from] Stealth Rock\n|move|p2a: Heatran|Earth Power|p1a: Emmi\n|-damage|p1a: Emmi|52\/100\n|\n|-heal|p1a: Emmi|58\/100|[from] item: Leftovers\n|upkeep\n|turn|57\n|\n|t:|1701010607\n|switch|p2a: Garganacl|Garganacl, F|100\/100\n|move|p1a: Emmi|Seismic Toss|p2a: Garganacl\n|-damage|p2a: Garganacl|76\/100\n|\n|-heal|p1a: Emmi|65\/100|[from] item: Leftovers\n|-heal|p2a: Garganacl|82\/100|[from] item: Leftovers\n|upkeep\n|turn|58\n|\n|t:|1701010615\n|move|p1a: Emmi|Seismic Toss|p2a: Garganacl\n|-damage|p2a: Garganacl|57\/100\n|move|p2a: Garganacl|Salt Cure|p1a: Emmi\n|-damage|p1a: Emmi|52\/100\n|-start|p1a: Emmi|Salt Cure\n|\n|-heal|p1a: Emmi|58\/100|[from] item: Leftovers\n|-heal|p2a: Garganacl|63\/100|[from] item: Leftovers\n|-damage|p1a: Emmi|46\/100|[from] Salt Cure\n|upkeep\n|turn|59\n|\n|t:|1701010625\n|move|p1a: Emmi|Seismic Toss|p2a: Garganacl\n|-damage|p2a: Garganacl|39\/100\n|move|p2a: Garganacl|Recover|p2a: Garganacl\n|-heal|p2a: Garganacl|89\/100\n|\n|-heal|p1a: Emmi|52\/100|[from] item: Leftovers\n|-heal|p2a: Garganacl|95\/100|[from] item: Leftovers\n|-damage|p1a: Emmi|40\/100|[from] Salt Cure\n|upkeep\n|turn|60\n|\n|t:|1701010633\n|move|p1a: Emmi|Soft-Boiled|p1a: Emmi\n|-heal|p1a: Emmi|90\/100\n|move|p2a: Garganacl|Salt Cure|p1a: Emmi\n|-damage|p1a: Emmi|77\/100\n|\n|-heal|p1a: Emmi|83\/100|[from] item: Leftovers\n|-heal|p2a: Garganacl|100\/100|[from] item: Leftovers\n|-damage|p1a: Emmi|71\/100|[from] Salt Cure\n|upkeep\n|turn|61\n|\n|t:|1701010644\n|move|p2a: Garganacl|Salt Cure|p1a: Emmi\n|-damage|p1a: Emmi|59\/100\n|move|p1a: Emmi|Teleport|p1a: Emmi\n|\n|t:|1701010650\n|switch|p1a: Makki|Pyukumuku, M|73\/100|[from] Teleport\n|-damage|p1a: Makki|61\/100|[from] Stealth Rock\n|\n|-heal|p1a: Makki|67\/100|[from] item: Leftovers\n|upkeep\n|turn|62\n|\n|t:|1701010671\n|move|p2a: Garganacl|Salt Cure|p1a: Makki\n|-damage|p1a: Makki|58\/100\n|-start|p1a: Makki|Salt Cure\n|move|p1a: Makki|Counter|p2a: Garganacl\n|-damage|p2a: Garganacl|86\/100\n|\n|-heal|p2a: Garganacl|92\/100|[from] item: Leftovers\n|-heal|p1a: Makki|64\/100|[from] item: Leftovers\n|-damage|p1a: Makki|39\/100|[from] Salt Cure\n|upkeep\n|turn|63\n|\n|t:|1701010680\n|move|p2a: Garganacl|Protect|p2a: Garganacl\n|-singleturn|p2a: Garganacl|Protect\n|move|p1a: Makki|Recover|p1a: Makki\n|-heal|p1a: Makki|89\/100\n|\n|-heal|p2a: Garganacl|98\/100|[from] item: Leftovers\n|-heal|p1a: Makki|95\/100|[from] item: Leftovers\n|-damage|p1a: Makki|70\/100|[from] Salt Cure\n|upkeep\n|turn|64\n|\n|t:|1701010690\n|switch|p1a: Emmi|Blissey, F|59\/100\n|-damage|p1a: Emmi|47\/100|[from] Stealth Rock\n|move|p2a: Garganacl|Stealth Rock||[still]\n|-fail|p2a: Garganacl\n|\n|-heal|p1a: Emmi|53\/100|[from] item: Leftovers\n|-heal|p2a: Garganacl|100\/100|[from] item: Leftovers\n|upkeep\n|turn|65\n|\n|t:|1701010698\n|move|p1a: Emmi|Seismic Toss|p2a: Garganacl\n|-damage|p2a: Garganacl|76\/100\n|move|p2a: Garganacl|Salt Cure|p1a: Emmi\n|-damage|p1a: Emmi|40\/100\n|-start|p1a: Emmi|Salt Cure\n|\n|-heal|p1a: Emmi|46\/100|[from] item: Leftovers\n|-heal|p2a: Garganacl|82\/100|[from] item: Leftovers\n|-damage|p1a: Emmi|33\/100|[from] Salt Cure\n|upkeep\n|turn|66\n|\n|t:|1701010715\n|move|p1a: Emmi|Soft-Boiled|p1a: Emmi\n|-heal|p1a: Emmi|83\/100\n|move|p2a: Garganacl|Stealth Rock||[still]\n|-fail|p2a: Garganacl\n|\n|-heal|p1a: Emmi|89\/100|[from] item: Leftovers\n|-heal|p2a: Garganacl|88\/100|[from] item: Leftovers\n|-damage|p1a: Emmi|77\/100|[from] Salt Cure\n|upkeep\n|turn|67\n|\n|t:|1701010724\n|move|p1a: Emmi|Seismic Toss|p2a: Garganacl\n|-damage|p2a: Garganacl|63\/100\n|move|p2a: Garganacl|Stealth Rock||[still]\n|-fail|p2a: Garganacl\n|\n|-heal|p1a: Emmi|83\/100|[from] item: Leftovers\n|-heal|p2a: Garganacl|70\/100|[from] item: Leftovers\n|-damage|p1a: Emmi|71\/100|[from] Salt Cure\n|upkeep\n|turn|68\n|\n|t:|1701010733\n|move|p2a: Garganacl|Protect|p2a: Garganacl\n|-singleturn|p2a: Garganacl|Protect\n|move|p1a: Emmi|Seismic Toss|p2a: Garganacl\n|-activate|p2a: Garganacl|move: Protect\n|\n|-heal|p1a: Emmi|77\/100|[from] item: Leftovers\n|-heal|p2a: Garganacl|76\/100|[from] item: Leftovers\n|-damage|p1a: Emmi|64\/100|[from] Salt Cure\n|upkeep\n|turn|69\n|\n|t:|1701010754\n|move|p1a: Emmi|Seismic Toss|p2a: Garganacl\n|-damage|p2a: Garganacl|51\/100\n|move|p2a: Garganacl|Stealth Rock||[still]\n|-fail|p2a: Garganacl\n|\n|-heal|p1a: Emmi|71\/100|[from] item: Leftovers\n|-heal|p2a: Garganacl|57\/100|[from] item: Leftovers\n|-damage|p1a: Emmi|58\/100|[from] Salt Cure\n|upkeep\n|turn|70\n|\n|t:|1701010763\n|move|p1a: Emmi|Seismic Toss|p2a: Garganacl\n|-damage|p2a: Garganacl|32\/100\n|move|p2a: Garganacl|Recover|p2a: Garganacl\n|-heal|p2a: Garganacl|82\/100\n|\n|-heal|p1a: Emmi|64\/100|[from] item: Leftovers\n|-heal|p2a: Garganacl|89\/100|[from] item: Leftovers\n|-damage|p1a: Emmi|52\/100|[from] Salt Cure\n|upkeep\n|turn|71\n|\n|t:|1701010777\n|move|p1a: Emmi|Seismic Toss|p2a: Garganacl\n|-damage|p2a: Garganacl|64\/100\n|move|p2a: Garganacl|Salt Cure|p1a: Emmi\n|-damage|p1a: Emmi|40\/100\n|\n|-heal|p1a: Emmi|46\/100|[from] item: Leftovers\n|-heal|p2a: Garganacl|70\/100|[from] item: Leftovers\n|-damage|p1a: Emmi|34\/100|[from] Salt Cure\n|upkeep\n|turn|72\n|\n|t:|1701010789\n|move|p1a: Emmi|Soft-Boiled|p1a: Emmi\n|-heal|p1a: Emmi|84\/100\n|move|p2a: Garganacl|Salt Cure|p1a: Emmi\n|-damage|p1a: Emmi|70\/100\n|\n|-heal|p1a: Emmi|77\/100|[from] item: Leftovers\n|-heal|p2a: Garganacl|76\/100|[from] item: Leftovers\n|-damage|p1a: Emmi|64\/100|[from] Salt Cure\n|upkeep\n|turn|73\n|\n|t:|1701010798\n|move|p2a: Garganacl|Protect|p2a: Garganacl\n|-singleturn|p2a: Garganacl|Protect\n|move|p1a: Emmi|Seismic Toss|p2a: Garganacl\n|-activate|p2a: Garganacl|move: Protect\n|\n|-heal|p1a: Emmi|70\/100|[from] item: Leftovers\n|-heal|p2a: Garganacl|82\/100|[from] item: Leftovers\n|-damage|p1a: Emmi|58\/100|[from] Salt Cure\n|upkeep\n|turn|74\n|\n|t:|1701010807\n|switch|p1a: Makki|Pyukumuku, M|70\/100\n|-damage|p1a: Makki|58\/100|[from] Stealth Rock\n|move|p2a: Garganacl|Stealth Rock||[still]\n|-fail|p2a: Garganacl\n|\n|-heal|p2a: Garganacl|89\/100|[from] item: Leftovers\n|-heal|p1a: Makki|64\/100|[from] item: Leftovers\n|upkeep\n|turn|75\n|\n|t:|1701010815\n|switch|p2a: Heatran|Heatran, M|42\/100\n|switch|p1a: Emmi|Blissey, F|58\/100\n|-damage|p1a: Emmi|45\/100|[from] Stealth Rock\n|\n|-heal|p1a: Emmi|51\/100|[from] item: Leftovers\n|upkeep\n|turn|76\n|\n|t:|1701010827\n|switch|p2a: Garganacl|Garganacl, F|89\/100\n|move|p1a: Emmi|Seismic Toss|p2a: Garganacl\n|-damage|p2a: Garganacl|64\/100\n|\n|-heal|p1a: Emmi|58\/100|[from] item: Leftovers\n|-heal|p2a: Garganacl|70\/100|[from] item: Leftovers\n|upkeep\n|turn|77\n|\n|t:|1701010834\n|move|p1a: Emmi|Seismic Toss|p2a: Garganacl\n|-damage|p2a: Garganacl|45\/100\n|move|p2a: Garganacl|Salt Cure|p1a: Emmi\n|-damage|p1a: Emmi|45\/100\n|-start|p1a: Emmi|Salt Cure\n|\n|-heal|p1a: Emmi|51\/100|[from] item: Leftovers\n|-heal|p2a: Garganacl|51\/100|[from] item: Leftovers\n|-damage|p1a: Emmi|39\/100|[from] Salt Cure\n|upkeep\n|turn|78\n|\n|t:|1701010845\n|switch|p1a: Makki|Pyukumuku, M|64\/100\n|-damage|p1a: Makki|51\/100|[from] Stealth Rock\n|move|p2a: Garganacl|Recover|p2a: Garganacl\n|-heal|p2a: Garganacl|100\/100\n|\n|-heal|p1a: Makki|57\/100|[from] item: Leftovers\n|upkeep\n|turn|79\n|\n|t:|1701010871\n|-terastallize|p1a: Makki|Fairy\n|move|p2a: Garganacl|Salt Cure|p1a: Makki\n|-damage|p1a: Makki|49\/100\n|-start|p1a: Makki|Salt Cure\n|move|p1a: Makki|Counter|p2a: Garganacl\n|-damage|p2a: Garganacl|87\/100\n|\n|-heal|p2a: Garganacl|93\/100|[from] item: Leftovers\n|-heal|p1a: Makki|55\/100|[from] item: Leftovers\n|-damage|p1a: Makki|42\/100|[from] Salt Cure\n|upkeep\n|turn|80\n|\n|t:|1701010882\n|move|p2a: Garganacl|Stealth Rock||[still]\n|-fail|p2a: Garganacl\n|move|p1a: Makki|Recover|p1a: Makki\n|-heal|p1a: Makki|92\/100\n|\n|-heal|p2a: Garganacl|99\/100|[from] item: Leftovers\n|-heal|p1a: Makki|98\/100|[from] item: Leftovers\n|-damage|p1a: Makki|86\/100|[from] Salt Cure\n|upkeep\n|turn|81\n|\n|t:|1701010891\n|switch|p1a: Emmi|Blissey, F|39\/100\n|-damage|p1a: Emmi|26\/100|[from] Stealth Rock\n|move|p2a: Garganacl|Stealth Rock||[still]\n|-fail|p2a: Garganacl\n|\n|-heal|p1a: Emmi|32\/100|[from] item: Leftovers\n|-heal|p2a: Garganacl|100\/100|[from] item: Leftovers\n|upkeep\n|turn|82\n|\n|t:|1701010899\n|move|p1a: Emmi|Seismic Toss|p2a: Garganacl\n|-damage|p2a: Garganacl|76\/100\n|move|p2a: Garganacl|Salt Cure|p1a: Emmi\n|-damage|p1a: Emmi|21\/100\n|-start|p1a: Emmi|Salt Cure\n|\n|-heal|p1a: Emmi|27\/100|[from] item: Leftovers\n|-heal|p2a: Garganacl|82\/100|[from] item: Leftovers\n|-damage|p1a: Emmi|15\/100|[from] Salt Cure\n|upkeep\n|turn|83\n|\n|t:|1701010909\n|move|p2a: Garganacl|Protect|p2a: Garganacl\n|-singleturn|p2a: Garganacl|Protect\n|move|p1a: Emmi|Soft-Boiled|p1a: Emmi\n|-heal|p1a: Emmi|65\/100\n|\n|-heal|p1a: Emmi|71\/100|[from] item: Leftovers\n|-heal|p2a: Garganacl|88\/100|[from] item: Leftovers\n|-damage|p1a: Emmi|58\/100|[from] Salt Cure\n|upkeep\n|turn|84\n|\n|t:|1701010918\n|move|p1a: Emmi|Seismic Toss|p2a: Garganacl\n|-damage|p2a: Garganacl|63\/100\n|move|p2a: Garganacl|Stealth Rock||[still]\n|-fail|p2a: Garganacl\n|\n|-heal|p1a: Emmi|65\/100|[from] item: Leftovers\n|-heal|p2a: Garganacl|70\/100|[from] item: Leftovers\n|-damage|p1a: Emmi|52\/100|[from] Salt Cure\n|upkeep\n|turn|85\n|\n|t:|1701010926\n|move|p2a: Garganacl|Recover|p2a: Garganacl\n|-heal|p2a: Garganacl|100\/100\n|move|p1a: Emmi|Teleport|p1a: Emmi\n|\n|t:|1701010929\n|switch|p1a: Kimalle|Glimmora, F|80\/100|[from] Teleport\n|-damage|p1a: Kimalle|67\/100|[from] Stealth Rock\n|\n|upkeep\n|turn|86\n|\n|t:|1701010935\n|move|p1a: Kimalle|Power Gem|p2a: Garganacl\n|-damage|p2a: Garganacl|56\/100\n|move|p2a: Garganacl|Salt Cure|p1a: Kimalle\n|-damage|p1a: Kimalle|51\/100\n|-start|p1a: Kimalle|Salt Cure\n|\n|-heal|p2a: Garganacl|63\/100|[from] item: Leftovers\n|-damage|p1a: Kimalle|39\/100|[from] Salt Cure\n|upkeep\n|turn|87\n|\n|t:|1701010943\n|move|p2a: Garganacl|Protect|p2a: Garganacl\n|-singleturn|p2a: Garganacl|Protect\n|move|p1a: Kimalle|Power Gem|p2a: Garganacl\n|-activate|p2a: Garganacl|move: Protect\n|\n|-heal|p2a: Garganacl|69\/100|[from] item: Leftovers\n|-damage|p1a: Kimalle|27\/100|[from] Salt Cure\n|upkeep\n|turn|88\n|\n|t:|1701010951\n|switch|p2a: Heatran|Heatran, M|42\/100\n|move|p1a: Kimalle|Power Gem|p2a: Heatran\n|-damage|p2a: Heatran|0 fnt\n|faint|p2a: Heatran\n|\n|-damage|p1a: Kimalle|14\/100|[from] Salt Cure\n|upkeep\n|\n|t:|1701010954\n|switch|p2a: Garganacl|Garganacl, F|69\/100\n|turn|89\n|\n|t:|1701010960\n|switch|p1a: Makki|Pyukumuku, M, tera:Fairy|86\/100\n|-damage|p1a: Makki|73\/100|[from] Stealth Rock\n|move|p2a: Garganacl|Protect||[still]\n|-fail|p2a: Garganacl\n|\n|-heal|p2a: Garganacl|75\/100|[from] item: Leftovers\n|-heal|p1a: Makki|79\/100|[from] item: Leftovers\n|upkeep\n|turn|90\n|\n|t:|1701010974\n|move|p2a: Garganacl|Salt Cure|p1a: Makki\n|-damage|p1a: Makki|70\/100\n|-start|p1a: Makki|Salt Cure\n|move|p1a: Makki|Toxic|p2a: Garganacl\n|-immune|p2a: Garganacl|[from] ability: Purifying Salt\n|\n|-heal|p2a: Garganacl|81\/100|[from] item: Leftovers\n|-heal|p1a: Makki|76\/100|[from] item: Leftovers\n|-damage|p1a: Makki|63\/100|[from] Salt Cure\n|upkeep\n|turn|91\n|\n|t:|1701010983\n|move|p2a: Garganacl|Stealth Rock||[still]\n|-fail|p2a: Garganacl\n|move|p1a: Makki|Toxic|p2a: Garganacl\n|-immune|p2a: Garganacl|[from] ability: Purifying Salt\n|\n|-heal|p2a: Garganacl|87\/100|[from] item: Leftovers\n|-heal|p1a: Makki|69\/100|[from] item: Leftovers\n|-damage|p1a: Makki|57\/100|[from] Salt Cure\n|upkeep\n|turn|92\n|\n|t:|1701010991\n|move|p2a: Garganacl|Stealth Rock||[still]\n|-fail|p2a: Garganacl\n|move|p1a: Makki|Toxic|p2a: Garganacl\n|-immune|p2a: Garganacl|[from] ability: Purifying Salt\n|\n|-heal|p2a: Garganacl|94\/100|[from] item: Leftovers\n|-heal|p1a: Makki|63\/100|[from] item: Leftovers\n|-damage|p1a: Makki|50\/100|[from] Salt Cure\n|upkeep\n|turn|93\n|\n|t:|1701011001\n|move|p2a: Garganacl|Stealth Rock||[still]\n|-fail|p2a: Garganacl\n|move|p1a: Makki|Counter||[still]\n|-fail|p1a: Makki\n|\n|-heal|p2a: Garganacl|99\/100|[from] item: Leftovers\n|-heal|p1a: Makki|57\/100|[from] item: Leftovers\n|-damage|p1a: Makki|44\/100|[from] Salt Cure\n|upkeep\n|turn|94\n|\n|t:|1701011010\n|switch|p1a: Emmi|Blissey, F|52\/100\n|-damage|p1a: Emmi|40\/100|[from] Stealth Rock\n|move|p2a: Garganacl|Stealth Rock||[still]\n|-fail|p2a: Garganacl\n|\n|-heal|p1a: Emmi|46\/100|[from] item: Leftovers\n|-heal|p2a: Garganacl|100\/100|[from] item: Leftovers\n|upkeep\n|turn|95\n|\n|t:|1701011022\n|switch|p1a: Makki|Pyukumuku, M, tera:Fairy|44\/100\n|-damage|p1a: Makki|32\/100|[from] Stealth Rock\n|move|p2a: Garganacl|Stealth Rock||[still]\n|-fail|p2a: Garganacl\n|\n|-heal|p1a: Makki|38\/100|[from] item: Leftovers\n|upkeep\n|turn|96\n|\n|t:|1701011040\n|move|p2a: Garganacl|Stealth Rock||[still]\n|-fail|p2a: Garganacl\n|move|p1a: Makki|Counter||[still]\n|-fail|p1a: Makki\n|\n|-heal|p1a: Makki|44\/100|[from] item: Leftovers\n|upkeep\n|turn|97\n|\n|t:|1701011046\n|move|p2a: Garganacl|Stealth Rock||[still]\n|-fail|p2a: Garganacl\n|move|p1a: Makki|Counter||[still]\n|-fail|p1a: Makki\n|\n|-heal|p1a: Makki|50\/100|[from] item: Leftovers\n|upkeep\n|turn|98\n|\n|t:|1701011051\n|move|p2a: Garganacl|Salt Cure|p1a: Makki\n|-damage|p1a: Makki|41\/100\n|-start|p1a: Makki|Salt Cure\n|move|p1a: Makki|Counter|p2a: Garganacl\n|-damage|p2a: Garganacl|87\/100\n|\n|-heal|p2a: Garganacl|93\/100|[from] item: Leftovers\n|-heal|p1a: Makki|47\/100|[from] item: Leftovers\n|-damage|p1a: Makki|35\/100|[from] Salt Cure\n|upkeep\n|turn|99\n|\n|t:|1701011071\n|move|p2a: Garganacl|Stealth Rock||[still]\n|-fail|p2a: Garganacl\n|move|p1a: Makki|Recover|p1a: Makki\n|-heal|p1a: Makki|85\/100\n|\n|-heal|p2a: Garganacl|99\/100|[from] item: Leftovers\n|-heal|p1a: Makki|91\/100|[from] item: Leftovers\n|-damage|p1a: Makki|78\/100|[from] Salt Cure\n|upkeep\n|turn|100\n|\n|t:|1701011083\n|switch|p1a: Emmi|Blissey, F|46\/100\n|-damage|p1a: Emmi|33\/100|[from] Stealth Rock\n|move|p2a: Garganacl|Stealth Rock||[still]\n|-fail|p2a: Garganacl\n|\n|-heal|p1a: Emmi|39\/100|[from] item: Leftovers\n|-heal|p2a: Garganacl|100\/100|[from] item: Leftovers\n|upkeep\n|turn|101\n|inactive|K. Repola has 120 seconds left.\n|\n|t:|1701011096\n|move|p1a: Emmi|Seismic Toss|p2a: Garganacl\n|-damage|p2a: Garganacl|76\/100\n|move|p2a: Garganacl|Stealth Rock||[still]\n|-fail|p2a: Garganacl\n|\n|-heal|p1a: Emmi|46\/100|[from] item: Leftovers\n|-heal|p2a: Garganacl|82\/100|[from] item: Leftovers\n|upkeep\n|turn|102\n|inactive|K. Repola has 120 seconds left.\n|\n|t:|1701011105\n|move|p1a: Emmi|Seismic Toss|p2a: Garganacl\n|-damage|p2a: Garganacl|57\/100\n|move|p2a: Garganacl|Salt Cure|p1a: Emmi\n|-damage|p1a: Emmi|34\/100\n|-start|p1a: Emmi|Salt Cure\n|\n|-heal|p1a: Emmi|40\/100|[from] item: Leftovers\n|-heal|p2a: Garganacl|63\/100|[from] item: Leftovers\n|-damage|p1a: Emmi|28\/100|[from] Salt Cure\n|upkeep\n|turn|103\n|inactive|K. Repola has 120 seconds left.\n|\n|t:|1701011118\n|switch|p1a: Makki|Pyukumuku, M, tera:Fairy|78\/100\n|-damage|p1a: Makki|66\/100|[from] Stealth Rock\n|move|p2a: Garganacl|Stealth Rock||[still]\n|-fail|p2a: Garganacl\n|\n|-heal|p2a: Garganacl|70\/100|[from] item: Leftovers\n|-heal|p1a: Makki|72\/100|[from] item: Leftovers\n|upkeep\n|turn|104\n|\n|t:|1701011127\n|move|p2a: Garganacl|Protect|p2a: Garganacl\n|-singleturn|p2a: Garganacl|Protect\n|move|p1a: Makki|Counter||[still]\n|-fail|p1a: Makki\n|\n|-heal|p2a: Garganacl|76\/100|[from] item: Leftovers\n|-heal|p1a: Makki|78\/100|[from] item: Leftovers\n|upkeep\n|turn|105\n|\n|t:|1701011133\n|move|p2a: Garganacl|Stealth Rock||[still]\n|-fail|p2a: Garganacl\n|move|p1a: Makki|Mirror Coat||[still]\n|-fail|p1a: Makki\n|\n|-heal|p2a: Garganacl|82\/100|[from] item: Leftovers\n|-heal|p1a: Makki|84\/100|[from] item: Leftovers\n|upkeep\n|turn|106\n|\n|t:|1701011140\n|move|p2a: Garganacl|Stealth Rock||[still]\n|-fail|p2a: Garganacl\n|move|p1a: Makki|Mirror Coat||[still]\n|-fail|p1a: Makki\n|\n|-heal|p2a: Garganacl|88\/100|[from] item: Leftovers\n|-heal|p1a: Makki|90\/100|[from] item: Leftovers\n|upkeep\n|turn|107\n|\n|t:|1701011147\n|move|p2a: Garganacl|Stealth Rock||[still]\n|-fail|p2a: Garganacl\n|move|p1a: Makki|Mirror Coat||[still]\n|-fail|p1a: Makki\n|\n|-heal|p2a: Garganacl|94\/100|[from] item: Leftovers\n|-heal|p1a: Makki|96\/100|[from] item: Leftovers\n|upkeep\n|turn|108\n|\n|t:|1701011154\n|move|p2a: Garganacl|Stealth Rock||[still]\n|-fail|p2a: Garganacl\n|move|p1a: Makki|Mirror Coat||[still]\n|-fail|p1a: Makki\n|\n|-heal|p2a: Garganacl|100\/100|[from] item: Leftovers\n|-heal|p1a: Makki|100\/100|[from] item: Leftovers\n|upkeep\n|turn|109\n|\n|t:|1701011161\n|move|p2a: Garganacl|Stealth Rock||[still]\n|-fail|p2a: Garganacl\n|move|p1a: Makki|Counter||[still]\n|-fail|p1a: Makki\n|\n|upkeep\n|turn|110\n|\n|t:|1701011166\n|move|p2a: Garganacl|Stealth Rock||[still]\n|-fail|p2a: Garganacl\n|move|p1a: Makki|Mirror Coat||[still]\n|-fail|p1a: Makki\n|\n|upkeep\n|turn|111\n|\n|t:|1701011171\n|move|p2a: Garganacl|Stealth Rock||[still]\n|-fail|p2a: Garganacl\n|move|p1a: Makki|Counter||[still]\n|-fail|p1a: Makki\n|\n|upkeep\n|turn|112\n|\n|t:|1701011175\n|move|p2a: Garganacl|Stealth Rock||[still]\n|-fail|p2a: Garganacl\n|move|p1a: Makki|Mirror Coat||[still]\n|-fail|p1a: Makki\n|\n|upkeep\n|turn|113\n|\n|t:|1701011180\n|move|p2a: Garganacl|Stealth Rock||[still]\n|-fail|p2a: Garganacl\n|move|p1a: Makki|Toxic|p2a: Garganacl\n|-immune|p2a: Garganacl|[from] ability: Purifying Salt\n|\n|upkeep\n|turn|114\n|\n|t:|1701011184\n|move|p2a: Garganacl|Stealth Rock||[still]\n|-fail|p2a: Garganacl\n|move|p1a: Makki|Mirror Coat||[still]\n|-fail|p1a: Makki\n|\n|upkeep\n|turn|115\n|\n|t:|1701011189\n|move|p2a: Garganacl|Stealth Rock||[still]\n|-fail|p2a: Garganacl\n|move|p1a: Makki|Toxic|p2a: Garganacl\n|-immune|p2a: Garganacl|[from] ability: Purifying Salt\n|\n|upkeep\n|turn|116\n|\n|t:|1701011197\n|move|p2a: Garganacl|Protect|p2a: Garganacl\n|-singleturn|p2a: Garganacl|Protect\n|move|p1a: Makki|Mirror Coat||[still]\n|-fail|p1a: Makki\n|\n|upkeep\n|turn|117\n|\n|t:|1701011202\n|move|p2a: Garganacl|Stealth Rock||[still]\n|-fail|p2a: Garganacl\n|move|p1a: Makki|Mirror Coat||[still]\n|-fail|p1a: Makki\n|\n|upkeep\n|turn|118\n|\n|t:|1701011206\n|move|p2a: Garganacl|Protect|p2a: Garganacl\n|-singleturn|p2a: Garganacl|Protect\n|move|p1a: Makki|Mirror Coat||[still]\n|-fail|p1a: Makki\n|\n|upkeep\n|turn|119\n|\n|t:|1701011214\n|move|p2a: Garganacl|Protect|p2a: Garganacl\n|-singleturn|p2a: Garganacl|Protect\n|move|p1a: Makki|Mirror Coat||[still]\n|-fail|p1a: Makki\n|\n|upkeep\n|turn|120\n|\n|t:|1701011219\n|move|p2a: Garganacl|Protect||[still]\n|-fail|p2a: Garganacl\n|move|p1a: Makki|Mirror Coat||[still]\n|-fail|p1a: Makki\n|\n|upkeep\n|turn|121\n|\n|t:|1701011224\n|switch|p1a: Emmi|Blissey, F|28\/100\n|-damage|p1a: Emmi|15\/100|[from] Stealth Rock\n|move|p2a: Garganacl|Protect||[still]\n|-fail|p2a: Garganacl\n|\n|-heal|p1a: Emmi|22\/100|[from] item: Leftovers\n|upkeep\n|turn|122\n|\n|t:|1701011232\n|move|p1a: Emmi|Seismic Toss|p2a: Garganacl\n|-damage|p2a: Garganacl|76\/100\n|move|p2a: Garganacl|Recover|p2a: Garganacl\n|-heal|p2a: Garganacl|100\/100\n|\n|-heal|p1a: Emmi|28\/100|[from] item: Leftovers\n|upkeep\n|turn|123\n|\n|t:|1701011239\n|move|p1a: Emmi|Seismic Toss|p2a: Garganacl\n|-damage|p2a: Garganacl|76\/100\n|move|p2a: Garganacl|Recover|p2a: Garganacl\n|-heal|p2a: Garganacl|100\/100\n|\n|-heal|p1a: Emmi|34\/100|[from] item: Leftovers\n|upkeep\n|turn|124\n|\n|t:|1701011246\n|move|p1a: Emmi|Seismic Toss|p2a: Garganacl\n|-damage|p2a: Garganacl|76\/100\n|move|p2a: Garganacl|Recover|p2a: Garganacl\n|-heal|p2a: Garganacl|100\/100\n|\n|-heal|p1a: Emmi|40\/100|[from] item: Leftovers\n|upkeep\n|turn|125\n|\n|t:|1701011254\n|move|p1a: Emmi|Seismic Toss|p2a: Garganacl\n|-damage|p2a: Garganacl|76\/100\n|-activate|p2a: Garganacl|move: Struggle\n|move|p2a: Garganacl|Struggle|p1a: Emmi\n|-damage|p1a: Emmi|30\/100\n|-damage|p2a: Garganacl|51\/100|[from] recoil\n|\n|-heal|p1a: Emmi|36\/100|[from] item: Leftovers\n|-heal|p2a: Garganacl|57\/100|[from] item: Leftovers\n|upkeep\n|turn|126\n|\n|t:|1701011263\n|move|p1a: Emmi|Seismic Toss|p2a: Garganacl\n|-damage|p2a: Garganacl|32\/100\n|-activate|p2a: Garganacl|move: Struggle\n|move|p2a: Garganacl|Struggle|p1a: Emmi\n|-damage|p1a: Emmi|25\/100\n|-damage|p2a: Garganacl|7\/100|[from] recoil\n|\n|-heal|p1a: Emmi|31\/100|[from] item: Leftovers\n|-heal|p2a: Garganacl|13\/100|[from] item: Leftovers\n|upkeep\n|turn|127\n|\n|t:|1701011272\n|move|p1a: Emmi|Seismic Toss|p2a: Garganacl\n|-damage|p2a: Garganacl|0 fnt\n|faint|p2a: Garganacl\n|\n|win|K. Repola\n|raw|K. Repola's rating: 1371 &rarr; <strong>1395<\/strong><br \/>(+24 for winning)\n|raw|Nanami11037's rating: 1435 &rarr; <strong>1411<\/strong><br \/>(-24 for losing)\n|c|\u2606K. Repola|gg\n|l|\u2606Nanami11037\n|j|\u2606Nanami11037\n|player|p2|Nanami11037|steven\n","uploadtime":1701011281,"views":13,"p1id":"krepola","p2id":"nanami11037","formatid":"gen9nationaldex","rating":1395,"private":0,"password":""}