{"id":"gen9nationaldex-1998286054","p1":"Xorchrdym","p2":"butislayer69","format":"[Gen 9] National Dex","log":"|html|<div class=\"broadcast-blue\"><strong>[Gen 9] National Dex is currently suspecting Sneasler! For information on how to participate check out the <a href=\"https:\/\/www.smogon.com\/forums\/threads\/sv-national-dex-suspect-8-just-dance.3731534\/\">suspect thread<\/a>.<\/strong><\/div>\n|j|\u2606Xorchrdym\n|j|\u2606butislayer69\n|t:|1700924796\n|gametype|singles\n|player|p1|Xorchrdym|169|1073\n|player|p2|butislayer69|li|1008\n|teamsize|p1|6\n|teamsize|p2|6\n|gen|9\n|tier|[Gen 9] National Dex\n|rated|\n|rule|HP Percentage Mod: HP is shown in percentages\n|rule|Endless Battle Clause: Forcing endless battles is banned\n|rule|OHKO Clause: OHKO moves are banned\n|rule|Evasion Clause: Evasion abilities, items, and moves are banned\n|rule|Evasion Abilities Clause: Evasion abilities are banned\n|rule|Evasion Items Clause: Evasion items are banned\n|rule|Evasion Moves Clause: Evasion moves are banned\n|rule|Species Clause: Limit one of each Pok\u00e9mon\n|rule|Sleep Clause Mod: Limit one foe put to sleep\n|clearpoke\n|poke|p1|Sneasler, F|\n|poke|p1|Charizard, F|\n|poke|p1|Zamazenta-*|\n|poke|p1|Hoopa-Unbound|\n|poke|p1|Dragonite, F|\n|poke|p1|Azumarill, M|\n|poke|p2|Garchomp, M|\n|poke|p2|Dragonite, M|\n|poke|p2|Tyranitar, M|\n|poke|p2|Ninetales-Alola, F|\n|poke|p2|Charizard, M|\n|poke|p2|Zapdos|\n|teampreview\n|\n|t:|1700924802\n|start\n|switch|p1a: Flower|Azumarill, M|100\/100\n|switch|p2a: \u0413\u0418\u0413\u0410 \u041d\u0415\u0413\u0410|Garchomp, M|100\/100\n|turn|1\n|\n|t:|1700924826\n|switch|p2a: Yellow|Zapdos, shiny|100\/100\n|move|p1a: Flower|Belly Drum|p1a: Flower\n|-damage|p1a: Flower|50\/100\n|-setboost|p1a: Flower|atk|6|[from] move: Belly Drum\n|\n|upkeep\n|turn|2\n|\n|t:|1700924836\n|-terastallize|p1a: Flower|Water\n|move|p1a: Flower|Aqua Jet|p2a: Yellow\n|-damage|p2a: Yellow|0 fnt\n|faint|p2a: Yellow\n|\n|upkeep\n|\n|t:|1700924842\n|switch|p2a: Ahri|Ninetales-Alola, F|100\/100\n|-weather|Snow|[from] ability: Snow Warning|[of] p2a: Ahri\n|turn|3\n|\n|t:|1700924847\n|move|p1a: Flower|Aqua Jet|p2a: Ahri\n|-damage|p2a: Ahri|0 fnt\n|faint|p2a: Ahri\n|\n|-weather|Snow|[upkeep]\n|upkeep\n|\n|t:|1700924850\n|switch|p2a: Donovan|Charizard, M, shiny|100\/100\n|turn|4\n|\n|t:|1700924856\n|move|p1a: Flower|Aqua Jet|p2a: Donovan\n|-supereffective|p2a: Donovan\n|-damage|p2a: Donovan|0 fnt\n|faint|p2a: Donovan\n|\n|-weather|Snow|[upkeep]\n|upkeep\n|\n|t:|1700924859\n|switch|p2a: piss|Tyranitar, M, shiny|100\/100\n|-weather|Sandstorm|[from] ability: Sand Stream|[of] p2a: piss\n|turn|5\n|\n|t:|1700924867\n|-terastallize|p2a: piss|Rock\n|move|p1a: Flower|Aqua Jet|p2a: piss\n|-supereffective|p2a: piss\n|-damage|p2a: piss|0 fnt\n|faint|p2a: piss\n|\n|-weather|Sandstorm|[upkeep]\n|-damage|p1a: Flower|44\/100|[from] Sandstorm\n|upkeep\n|\n|t:|1700924871\n|switch|p2a: \u0413\u0418\u0413\u0410 \u041d\u0415\u0413\u0410|Garchomp, M|100\/100\n|turn|6\n|\n|t:|1700924879\n|move|p1a: Flower|Aqua Jet|p2a: \u0413\u0418\u0413\u0410 \u041d\u0415\u0413\u0410\n|-damage|p2a: \u0413\u0418\u0413\u0410 \u041d\u0415\u0413\u0410|0 fnt\n|-damage|p1a: Flower|32\/100|[from] ability: Rough Skin|[of] p2a: \u0413\u0418\u0413\u0410 \u041d\u0415\u0413\u0410\n|faint|p2a: \u0413\u0418\u0413\u0410 \u041d\u0415\u0413\u0410\n|\n|-weather|Sandstorm|[upkeep]\n|-damage|p1a: Flower|26\/100|[from] Sandstorm\n|upkeep\n|\n|t:|1700924881\n|switch|p2a: We com in piss|Dragonite, M, shiny|100\/100\n|turn|7\n|c|\u2606butislayer69|sick gameplay\n|\n|t:|1700924893\n|switch|p1a: Slaithe|Zamazenta|100\/100\n|-ability|p1a: Slaithe|Dauntless Shield|boost\n|-boost|p1a: Slaithe|def|1\n|move|p2a: We com in piss|Body Press|p1a: Slaithe\n|-damage|p1a: Slaithe|89\/100\n|\n|-weather|Sandstorm|[upkeep]\n|-damage|p1a: Slaithe|83\/100|[from] Sandstorm\n|-damage|p2a: We com in piss|94\/100|[from] Sandstorm\n|upkeep\n|turn|8\n|-message|butislayer69 forfeited.\n|\n|win|Xorchrdym\n|raw|Xorchrdym's rating: 1073 &rarr; <strong>1097<\/strong><br \/>(+24 for winning)\n|raw|butislayer69's rating: 1008 &rarr; <strong>1000<\/strong><br \/>(-8 for losing)\n|l|\u2606butislayer69\n","uploadtime":1700924907,"views":0,"p1id":"xorchrdym","p2id":"butislayer69","formatid":"gen9nationaldex","rating":1000,"private":0,"password":""}