{"id":"gen9nationaldex-1990953448","p1":"uljfvb","p2":"GABRIEL_HU","format":"[Gen 9] National Dex","log":"|j|\u2606uljfvb\n|j|\u2606GABRIEL_HU\n|t:|1700019186\n|gametype|singles\n|player|p1|uljfvb|roxie|1434\n|player|p2|GABRIEL_HU|guitarist|1380\n|teamsize|p1|6\n|teamsize|p2|6\n|gen|9\n|tier|[Gen 9] National Dex\n|rated|\n|rule|HP Percentage Mod: HP is shown in percentages\n|rule|Endless Battle Clause: Forcing endless battles is banned\n|rule|OHKO Clause: OHKO moves are banned\n|rule|Evasion Clause: Evasion abilities, items, and moves are banned\n|rule|Evasion Abilities Clause: Evasion abilities are banned\n|rule|Evasion Items Clause: Evasion items are banned\n|rule|Evasion Moves Clause: Evasion moves are banned\n|rule|Species Clause: Limit one of each Pok\u00e9mon\n|rule|Sleep Clause Mod: Limit one foe put to sleep\n|clearpoke\n|poke|p1|Banette, M|\n|poke|p1|Hoopa-Unbound|\n|poke|p1|Zapdos|\n|poke|p1|Blaziken, M|\n|poke|p1|Gliscor, F|\n|poke|p1|Alomomola, M|\n|poke|p2|Garganacl, F|\n|poke|p2|Greninja-*, M|\n|poke|p2|Zapdos|\n|poke|p2|Great Tusk|\n|poke|p2|Heatran, F|\n|poke|p2|Scizor, F|\n|teampreview\n|inactive|Battle timer is ON: inactive players will automatically lose when time's up. (requested by uljfvb)\n|\n|t:|1700019190\n|start\n|switch|p1a: Banette|Banette, M|100\/100\n|switch|p2a: Great Tusk|Great Tusk|100\/100\n|-item|p2a: Great Tusk|Icium Z|[from] ability: Frisk|[of] p1a: Banette|[identify]\n|turn|1\n|\n|t:|1700019196\n|-end|p2a: Great Tusk|Protosynthesis|[silent]\n|switch|p2a: Garganacl|Garganacl, F, shiny|100\/100\n|switch|p1a: Zapdos|Zapdos|100\/100\n|\n|upkeep\n|turn|2\n|\n|t:|1700019199\n|move|p1a: Zapdos|Volt Switch|p2a: Garganacl\n|-damage|p2a: Garganacl|80\/100\n|\n|t:|1700019202\n|switch|p1a: Alomomola|Alomomola, M|100\/100|[from] Volt Switch\n|move|p2a: Garganacl|Salt Cure|p1a: Alomomola\n|-damage|p1a: Alomomola|93\/100\n|-start|p1a: Alomomola|Salt Cure\n|\n|-heal|p1a: Alomomola|99\/100|[from] item: Leftovers\n|-heal|p2a: Garganacl|87\/100|[from] item: Leftovers\n|-damage|p1a: Alomomola|74\/100|[from] Salt Cure\n|upkeep\n|turn|3\n|\n|t:|1700019211\n|switch|p2a: Zapdos|Zapdos|100\/100\n|move|p1a: Alomomola|Wish|p1a: Alomomola\n|\n|-heal|p1a: Alomomola|80\/100|[from] item: Leftovers\n|-damage|p1a: Alomomola|55\/100|[from] Salt Cure\n|upkeep\n|turn|4\n|\n|t:|1700019215\n|switch|p1a: Banette|Banette, M|100\/100\n|-item|p2a: Zapdos|Heavy-Duty Boots|[from] ability: Frisk|[of] p1a: Banette|[identify]\n|move|p2a: Zapdos|Discharge|p1a: Banette\n|-damage|p1a: Banette|52\/100\n|\n|-heal|p1a: Banette|100\/100|[from] move: Wish|[wisher] Alomomola\n|upkeep\n|turn|5\n|\n|t:|1700019219\n|detailschange|p1a: Banette|Banette-Mega, M\n|-mega|p1a: Banette|Banette|Banettite\n|move|p2a: Zapdos|U-turn|p1a: Banette\n|-resisted|p1a: Banette\n|-damage|p1a: Banette|91\/100\n|\n|t:|1700019224\n|switch|p2a: Greninja|Greninja, M|100\/100|[from] U-turn\n|move|p1a: Banette|Poltergeist|p2a: Greninja\n|-activate|p2a: Greninja|move: Poltergeist|Life Orb\n|-resisted|p2a: Greninja\n|-damage|p2a: Greninja|38\/100\n|\n|upkeep\n|turn|6\n|\n|t:|1700019233\n|switch|p1a: Alomomola|Alomomola, M|88\/100\n|move|p2a: Greninja|Dark Pulse|p1a: Alomomola\n|-damage|p1a: Alomomola|49\/100\n|-damage|p2a: Greninja|29\/100|[from] item: Life Orb\n|\n|-heal|p1a: Alomomola|56\/100|[from] item: Leftovers\n|upkeep\n|turn|7\n|\n|t:|1700019237\n|switch|p2a: Garganacl|Garganacl, F, shiny|87\/100\n|move|p1a: Alomomola|Toxic|p2a: Garganacl\n|-immune|p2a: Garganacl|[from] ability: Purifying Salt\n|\n|-heal|p1a: Alomomola|62\/100|[from] item: Leftovers\n|-heal|p2a: Garganacl|93\/100|[from] item: Leftovers\n|upkeep\n|turn|8\n|\n|t:|1700019242\n|-terastallize|p2a: Garganacl|Water\n|move|p1a: Alomomola|Wish|p1a: Alomomola\n|move|p2a: Garganacl|Salt Cure|p1a: Alomomola\n|-damage|p1a: Alomomola|54\/100\n|-start|p1a: Alomomola|Salt Cure\n|\n|-heal|p1a: Alomomola|60\/100|[from] item: Leftovers\n|-heal|p2a: Garganacl|99\/100|[from] item: Leftovers\n|-damage|p1a: Alomomola|35\/100|[from] Salt Cure\n|upkeep\n|turn|9\n|\n|t:|1700019247\n|switch|p1a: Zapdos|Zapdos|100\/100\n|move|p2a: Garganacl|Salt Cure|p1a: Zapdos\n|-supereffective|p1a: Zapdos\n|-damage|p1a: Zapdos|80\/100\n|-start|p1a: Zapdos|Salt Cure\n|\n|-heal|p1a: Zapdos|100\/100|[from] move: Wish|[wisher] Alomomola\n|-heal|p2a: Garganacl|100\/100|[from] item: Leftovers\n|-damage|p1a: Zapdos|88\/100|[from] Salt Cure\n|upkeep\n|turn|10\n|\n|t:|1700019251\n|switch|p2a: Great Tusk|Great Tusk|100\/100\n|move|p1a: Zapdos|Volt Switch|p2a: Great Tusk\n|-immune|p2a: Great Tusk\n|\n|-damage|p1a: Zapdos|75\/100|[from] Salt Cure\n|upkeep\n|turn|11\n|\n|t:|1700019255\n|switch|p1a: Gliscor|Gliscor, F|100\/100\n|-zpower|p2a: Great Tusk\n|move|p2a: Great Tusk|Subzero Slammer|p1a: Gliscor|[zeffect]\n|-supereffective|p1a: Gliscor\n|-damage|p1a: Gliscor|0 fnt\n|faint|p1a: Gliscor\n|\n|upkeep\n|\n|t:|1700019269\n|switch|p1a: Hoopa|Hoopa-Unbound|100\/100\n|turn|12\n|\n|t:|1700019275\n|move|p2a: Great Tusk|Close Combat|p1a: Hoopa\n|-damage|p1a: Hoopa|0 fnt\n|-unboost|p2a: Great Tusk|def|1\n|-unboost|p2a: Great Tusk|spd|1\n|faint|p1a: Hoopa\n|\n|upkeep\n|\n|t:|1700019281\n|switch|p1a: Alomomola|Alomomola, M|68\/100\n|turn|13\n|\n|t:|1700019288\n|-end|p2a: Great Tusk|Protosynthesis|[silent]\n|switch|p2a: Garganacl|Garganacl, F, shiny, tera:Water|100\/100\n|switch|p1a: Zapdos|Zapdos|75\/100\n|\n|upkeep\n|turn|14\n|\n|t:|1700019292\n|move|p1a: Zapdos|Hidden Power|p2a: Garganacl\n|-resisted|p2a: Garganacl\n|-damage|p2a: Garganacl|95\/100\n|move|p2a: Garganacl|Salt Cure|p1a: Zapdos\n|-supereffective|p1a: Zapdos\n|-damage|p1a: Zapdos|55\/100\n|-start|p1a: Zapdos|Salt Cure\n|\n|-heal|p2a: Garganacl|100\/100|[from] item: Leftovers\n|-damage|p1a: Zapdos|42\/100|[from] Salt Cure\n|upkeep\n|turn|15\n|\n|t:|1700019298\n|move|p1a: Zapdos|Volt Switch|p2a: Garganacl\n|-supereffective|p2a: Garganacl\n|-damage|p2a: Garganacl|65\/100\n|\n|t:|1700019301\n|switch|p1a: Banette|Banette-Mega, M|91\/100|[from] Volt Switch\n|move|p2a: Garganacl|Salt Cure|p1a: Banette\n|-damage|p1a: Banette|72\/100\n|-start|p1a: Banette|Salt Cure\n|\n|-heal|p2a: Garganacl|71\/100|[from] item: Leftovers\n|-damage|p1a: Banette|60\/100|[from] Salt Cure\n|upkeep\n|turn|16\n|\n|t:|1700019311\n|move|p1a: Banette|Poltergeist|p2a: Garganacl\n|-activate|p2a: Garganacl|move: Poltergeist|Leftovers\n|-damage|p2a: Garganacl|46\/100\n|move|p2a: Garganacl|Iron Defense|p2a: Garganacl\n|-boost|p2a: Garganacl|def|2\n|\n|-heal|p2a: Garganacl|52\/100|[from] item: Leftovers\n|-damage|p1a: Banette|47\/100|[from] Salt Cure\n|upkeep\n|turn|17\n|\n|t:|1700019314\n|move|p1a: Banette|Encore|p2a: Garganacl\n|-start|p2a: Garganacl|Encore\n|move|p2a: Garganacl|Iron Defense|p2a: Garganacl\n|-boost|p2a: Garganacl|def|2\n|\n|-heal|p2a: Garganacl|59\/100|[from] item: Leftovers\n|-damage|p1a: Banette|35\/100|[from] Salt Cure\n|upkeep\n|turn|18\n|\n|t:|1700019317\n|move|p1a: Banette|Infestation|p2a: Garganacl\n|-damage|p2a: Garganacl|56\/100\n|-activate|p2a: Garganacl|move: Infestation|[of] p1a: Banette\n|move|p2a: Garganacl|Iron Defense|p2a: Garganacl\n|-boost|p2a: Garganacl|def|2\n|\n|-heal|p2a: Garganacl|62\/100|[from] item: Leftovers\n|-damage|p1a: Banette|23\/100|[from] Salt Cure\n|-damage|p2a: Garganacl|50\/100|[from] move: Infestation|[partiallytrapped]\n|upkeep\n|turn|19\n|\n|t:|1700019321\n|move|p1a: Banette|Poltergeist|p2a: Garganacl\n|-activate|p2a: Garganacl|move: Poltergeist|Leftovers\n|-damage|p2a: Garganacl|43\/100\n|move|p2a: Garganacl|Iron Defense|p2a: Garganacl\n|-boost|p2a: Garganacl|def|0\n|\n|-heal|p2a: Garganacl|49\/100|[from] item: Leftovers\n|-damage|p1a: Banette|10\/100|[from] Salt Cure\n|-damage|p2a: Garganacl|37\/100|[from] move: Infestation|[partiallytrapped]\n|-end|p2a: Garganacl|Encore\n|upkeep\n|turn|20\n|\n|t:|1700019325\n|switch|p1a: Blaziken|Blaziken, M|100\/100\n|move|p2a: Garganacl|Recover|p2a: Garganacl\n|-heal|p2a: Garganacl|87\/100\n|\n|-heal|p2a: Garganacl|93\/100|[from] item: Leftovers\n|-end|p2a: Garganacl|Infestation|[partiallytrapped]|[silent]\n|upkeep\n|turn|21\n|\n|t:|1700019329\n|switch|p1a: Alomomola|Alomomola, M|100\/100\n|move|p2a: Garganacl|Salt Cure|p1a: Alomomola\n|-damage|p1a: Alomomola|92\/100\n|-start|p1a: Alomomola|Salt Cure\n|\n|-heal|p1a: Alomomola|98\/100|[from] item: Leftovers\n|-heal|p2a: Garganacl|99\/100|[from] item: Leftovers\n|-damage|p1a: Alomomola|73\/100|[from] Salt Cure\n|upkeep\n|turn|22\n|\n|t:|1700019332\n|move|p1a: Alomomola|Wish|p1a: Alomomola\n|move|p2a: Garganacl|Body Press|p1a: Alomomola\n|-damage|p1a: Alomomola|20\/100\n|\n|-heal|p1a: Alomomola|26\/100|[from] item: Leftovers\n|-heal|p2a: Garganacl|100\/100|[from] item: Leftovers\n|-damage|p1a: Alomomola|1\/100|[from] Salt Cure\n|upkeep\n|turn|23\n|\n|t:|1700019335\n|switch|p1a: Blaziken|Blaziken, M|100\/100\n|move|p2a: Garganacl|Salt Cure|p1a: Blaziken\n|-damage|p1a: Blaziken|80\/100\n|-start|p1a: Blaziken|Salt Cure\n|\n|-heal|p1a: Blaziken|100\/100|[from] move: Wish|[wisher] Alomomola\n|-damage|p1a: Blaziken|88\/100|[from] Salt Cure\n|upkeep\n|turn|24\n|\n|t:|1700019338\n|move|p1a: Blaziken|Swords Dance|p1a: Blaziken\n|-boost|p1a: Blaziken|atk|2\n|move|p2a: Garganacl|Body Press|p1a: Blaziken\n|-damage|p1a: Blaziken|0 fnt\n|faint|p1a: Blaziken\n|\n|upkeep\n|-message|uljfvb forfeited.\n|\n|win|GABRIEL_HU\n|raw|uljfvb's rating: 1434 &rarr; <strong>1411<\/strong><br \/>(-23 for losing)\n|raw|GABRIEL_HU's rating: 1380 &rarr; <strong>1403<\/strong><br \/>(+23 for winning)\n|l|\u2606uljfvb\n","uploadtime":1700019344,"views":4,"p1id":"uljfvb","p2id":"gabrielhu","formatid":"gen9nationaldex","rating":1403,"private":0,"password":""}