{"id":"gen9nationaldex-1997415214","p1":"Sakni","p2":"pikakip379","format":"[Gen 9] National Dex","log":"|html|<div class=\"broadcast-blue\"><strong>[Gen 9] National Dex is currently suspecting Sneasler! For information on how to participate check out the <a href=\"https:\/\/www.smogon.com\/forums\/threads\/sv-national-dex-suspect-8-just-dance.3731534\/\">suspect thread<\/a>.<\/strong><\/div>\n|j|\u2606Sakni\n|j|\u2606pikakip379\n|t:|1700801512\n|gametype|singles\n|player|p1|Sakni|alec-anime|1430\n|player|p2|pikakip379|ninjaboy-gen3|1423\n|teamsize|p1|6\n|teamsize|p2|6\n|gen|9\n|tier|[Gen 9] National Dex\n|rated|\n|rule|HP Percentage Mod: HP is shown in percentages\n|rule|Endless Battle Clause: Forcing endless battles is banned\n|rule|OHKO Clause: OHKO moves are banned\n|rule|Evasion Clause: Evasion abilities, items, and moves are banned\n|rule|Evasion Abilities Clause: Evasion abilities are banned\n|rule|Evasion Items Clause: Evasion items are banned\n|rule|Evasion Moves Clause: Evasion moves are banned\n|rule|Species Clause: Limit one of each Pok\u00e9mon\n|rule|Sleep Clause Mod: Limit one foe put to sleep\n|clearpoke\n|poke|p1|Pelipper, M|\n|poke|p1|Swampert, M|\n|poke|p1|Ting-Lu|\n|poke|p1|Greninja-*, M|\n|poke|p1|Ogerpon-Wellspring, F|\n|poke|p1|Iron Valiant|\n|poke|p2|Excadrill, F|\n|poke|p2|Medicham, M|\n|poke|p2|Rotom-Wash|\n|poke|p2|Volcarona, F|\n|poke|p2|Kommo-o, M|\n|poke|p2|Landorus-Therian, M|\n|teampreview\n|\n|t:|1700801547\n|start\n|switch|p1a: Ting-Lu|Ting-Lu|100\/100\n|switch|p2a: Smogon Himself|Landorus-Therian, M|100\/100\n|-ability|p2a: Smogon Himself|Intimidate|boost\n|-unboost|p1a: Ting-Lu|atk|1\n|-ability|p1a: Ting-Lu|Vessel of Ruin\n|turn|1\n|\n|t:|1700801552\n|move|p2a: Smogon Himself|U-turn|p1a: Ting-Lu\n|-supereffective|p1a: Ting-Lu\n|-damage|p1a: Ting-Lu|80\/100\n|inactive|Battle timer is ON: inactive players will automatically lose when time's up. (requested by Sakni)\n|\n|t:|1700801559\n|switch|p2a: Super Soaker|Rotom-Wash, shiny|100\/100|[from] U-turn\n|move|p1a: Ting-Lu|Stealth Rock|p2a: Super Soaker\n|-sidestart|p2: pikakip379|move: Stealth Rock\n|\n|-heal|p1a: Ting-Lu|86\/100|[from] item: Leftovers\n|upkeep\n|turn|2\n|\n|t:|1700801562\n|move|p2a: Super Soaker|Will-O-Wisp|p1a: Ting-Lu|[miss]\n|-miss|p2a: Super Soaker|p1a: Ting-Lu\n|move|p1a: Ting-Lu|Spikes|p2a: Super Soaker\n|-sidestart|p2: pikakip379|Spikes\n|\n|-heal|p1a: Ting-Lu|93\/100|[from] item: Leftovers\n|upkeep\n|turn|3\n|\n|t:|1700801569\n|move|p2a: Super Soaker|Will-O-Wisp|p1a: Ting-Lu\n|-status|p1a: Ting-Lu|brn\n|move|p1a: Ting-Lu|Spikes|p2a: Super Soaker\n|-sidestart|p2: pikakip379|Spikes\n|\n|-heal|p1a: Ting-Lu|99\/100 brn|[from] item: Leftovers\n|-damage|p1a: Ting-Lu|93\/100 brn|[from] brn\n|upkeep\n|turn|4\n|\n|t:|1700801573\n|move|p2a: Super Soaker|Hydro Pump|p1a: Ting-Lu\n|-supereffective|p1a: Ting-Lu\n|-damage|p1a: Ting-Lu|46\/100 brn\n|move|p1a: Ting-Lu|Spikes|p2a: Super Soaker\n|-sidestart|p2: pikakip379|Spikes\n|\n|-heal|p1a: Ting-Lu|52\/100 brn|[from] item: Leftovers\n|-damage|p1a: Ting-Lu|46\/100 brn|[from] brn\n|upkeep\n|turn|5\n|\n|t:|1700801577\n|move|p2a: Super Soaker|Hydro Pump|p1a: Ting-Lu\n|-supereffective|p1a: Ting-Lu\n|-damage|p1a: Ting-Lu|1\/100 brn\n|move|p1a: Ting-Lu|Whirlwind|p2a: Super Soaker\n|drag|p2a: Antonblast|Kommo-o, M|100\/100\n|-damage|p2a: Antonblast|94\/100|[from] Stealth Rock\n|-damage|p2a: Antonblast|70\/100|[from] Spikes\n|\n|-heal|p1a: Ting-Lu|8\/100 brn|[from] item: Leftovers\n|-damage|p1a: Ting-Lu|1\/100 brn|[from] brn\n|upkeep\n|turn|6\n|\n|t:|1700801585\n|switch|p1a: Iron Valiant|Iron Valiant|100\/100\n|-enditem|p1a: Iron Valiant|Booster Energy\n|-activate|p1a: Iron Valiant|ability: Quark Drive|[fromitem]\n|-start|p1a: Iron Valiant|quarkdrivespe\n|move|p2a: Antonblast|Drain Punch|p1a: Iron Valiant\n|-resisted|p1a: Iron Valiant\n|-damage|p1a: Iron Valiant|81\/100\n|-heal|p2a: Antonblast|79\/100|[from] drain|[of] p1a: Iron Valiant\n|\n|upkeep\n|turn|7\n|\n|t:|1700801595\n|switch|p2a: Mothra|Volcarona, F|100\/100\n|move|p1a: Iron Valiant|Calm Mind|p1a: Iron Valiant\n|-boost|p1a: Iron Valiant|spa|1\n|-boost|p1a: Iron Valiant|spd|1\n|\n|upkeep\n|turn|8\n|\n|t:|1700801602\n|move|p1a: Iron Valiant|Calm Mind|p1a: Iron Valiant\n|-boost|p1a: Iron Valiant|spa|1\n|-boost|p1a: Iron Valiant|spd|1\n|move|p2a: Mothra|Quiver Dance|p2a: Mothra\n|-boost|p2a: Mothra|spa|1\n|-boost|p2a: Mothra|spd|1\n|-boost|p2a: Mothra|spe|1\n|\n|upkeep\n|turn|9\n|\n|t:|1700801608\n|move|p1a: Iron Valiant|Thunderbolt|p2a: Mothra\n|-damage|p2a: Mothra|68\/100\n|move|p2a: Mothra|Quiver Dance|p2a: Mothra\n|-boost|p2a: Mothra|spa|1\n|-boost|p2a: Mothra|spd|1\n|-boost|p2a: Mothra|spe|1\n|\n|upkeep\n|turn|10\n|\n|t:|1700801612\n|move|p2a: Mothra|Quiver Dance|p2a: Mothra\n|-boost|p2a: Mothra|spa|1\n|-boost|p2a: Mothra|spd|1\n|-boost|p2a: Mothra|spe|1\n|move|p1a: Iron Valiant|Thunderbolt|p2a: Mothra\n|-damage|p2a: Mothra|47\/100\n|\n|upkeep\n|turn|11\n|\n|t:|1700801614\n|move|p2a: Mothra|Roost|p2a: Mothra\n|-heal|p2a: Mothra|97\/100\n|-singleturn|p2a: Mothra|move: Roost\n|move|p1a: Iron Valiant|Thunderbolt|p2a: Mothra\n|-damage|p2a: Mothra|75\/100\n|\n|upkeep\n|turn|12\n|\n|t:|1700801617\n|move|p2a: Mothra|Flamethrower|p1a: Iron Valiant\n|-damage|p1a: Iron Valiant|0 fnt\n|faint|p1a: Iron Valiant\n|-end|p1a: Iron Valiant|Quark Drive|[silent]\n|\n|upkeep\n|\n|t:|1700801620\n|switch|p1a: Pelipper|Pelipper, M|100\/100\n|-weather|RainDance|[from] ability: Drizzle|[of] p1a: Pelipper\n|turn|13\n|\n|t:|1700801625\n|move|p2a: Mothra|Quiver Dance|p2a: Mothra\n|-boost|p2a: Mothra|spa|1\n|-boost|p2a: Mothra|spd|1\n|-boost|p2a: Mothra|spe|1\n|move|p1a: Pelipper|U-turn|p2a: Mothra\n|-resisted|p2a: Mothra\n|-damage|p2a: Mothra|70\/100\n|-status|p1a: Pelipper|brn|[from] ability: Flame Body|[of] p2a: Mothra\n|\n|t:|1700801628\n|switch|p1a: Greninja|Greninja, M|100\/100|[from] U-turn\n|\n|-weather|RainDance|[upkeep]\n|upkeep\n|turn|14\n|-message|Sakni forfeited.\n|\n|win|pikakip379\n|raw|Sakni's rating: 1430 &rarr; <strong>1410<\/strong><br \/>(-20 for losing)\n|raw|pikakip379's rating: 1423 &rarr; <strong>1443<\/strong><br \/>(+20 for winning)\n|l|\u2606Sakni\n","uploadtime":1700801648,"views":8,"p1id":"sakni","p2id":"pikakip379","formatid":"gen9nationaldex","rating":1410,"private":0,"password":""}