{"id":"gen9nationaldex-1988430595","p1":"ericmont","p2":"Sylveon(404)","format":"[Gen 9] National Dex","log":"|j|\u2606ericmont\n|j|\u2606Sylveon(404)\n|t:|1699722146\n|gametype|singles\n|player|p1|ericmont|bertha|\n|player|p2|Sylveon(404)|serena|\n|teamsize|p1|6\n|teamsize|p2|6\n|gen|9\n|tier|[Gen 9] National Dex\n|rule|HP Percentage Mod: HP is shown in percentages\n|rule|Endless Battle Clause: Forcing endless battles is banned\n|rule|OHKO Clause: OHKO moves are banned\n|rule|Evasion Clause: Evasion abilities, items, and moves are banned\n|rule|Evasion Abilities Clause: Evasion abilities are banned\n|rule|Evasion Items Clause: Evasion items are banned\n|rule|Evasion Moves Clause: Evasion moves are banned\n|rule|Species Clause: Limit one of each Pok\u00e9mon\n|rule|Sleep Clause Mod: Limit one foe put to sleep\n|clearpoke\n|poke|p1|Greninja-*, M|\n|poke|p1|Aegislash, F|\n|poke|p1|Chesnaught, F|\n|poke|p1|Sylveon, F|\n|poke|p1|Hawlucha, M|\n|poke|p1|Hoopa-Unbound|\n|poke|p2|Jirachi|\n|poke|p2|Latios, M|\n|poke|p2|Aggron, M|\n|poke|p2|Flygon, F|\n|poke|p2|Metagross|\n|poke|p2|Cradily, F|\n|teampreview\n|j| Gamer00ooO\n|c|\u2606ericmont|SI\n|c| Gamer00ooO|Hola\n|c|\u2606ericmont|SALIO\n|j| baskim\n|j| AjoFC\n|j| lolowtf09\n|j| Fabrizio8\n|j| el p4n4\n|j| Void280\n|j| WSoldat\n|j| PeppsiAsiEs\n|j| Sai4rr\n|\n|t:|1699722189\n|start\n|switch|p1a: Aegislash|Aegislash, F|100\/100\n|switch|p2a: crak|Cradily, F|100\/100\n|turn|1\n|c| lolowtf09|flygon es tera bicho?\n|c| baskim|sylveonmid\n|c| PeppsiAsiEs|SUERTE A AMBOS CONTRINCANTES\n|c| Sai4rr|Valiste vrg sylveon\n|\n|t:|1699722214\n|move|p1a: Aegislash|King's Shield|p1a: Aegislash\n|-singleturn|p1a: Aegislash|Protect\n|move|p2a: crak|Leech Seed|p1a: Aegislash\n|-start|p1a: Aegislash|move: Leech Seed\n|\n|-damage|p1a: Aegislash|88\/100|[from] Leech Seed|[of] p2a: crak\n|upkeep\n|turn|2\n|c| el p4n4|sylveon prepara esas n4lgas XD\n|c| Gamer00ooO|Suerte a ambos\n|c| baskim|XD\n|c| baskim|se lo kgaron\n|\n|t:|1699722224\n|switch|p1a: Chesnaught|Chesnaught, F|100\/100\n|move|p2a: crak|Giga Drain|p1a: Chesnaught\n|-resisted|p1a: Chesnaught\n|-damage|p1a: Chesnaught|87\/100\n|\n|upkeep\n|turn|3\n|\n|t:|1699722231\n|-terastallize|p2a: crak|Poison\n|move|p1a: Chesnaught|Taunt|p2a: crak\n|-start|p2a: crak|move: Taunt\n|cant|p2a: crak|move: Taunt|Toxic\n|\n|upkeep\n|turn|4\n|c| baskim|pq\n|c| lolowtf09|chesaut el mejor inicial de kalos\n|c| baskim|si animal\n|c| baskim|no\n|c| baskim|si\n|c| Gamer00ooO|Es bueno pero\n|inactive|Battle timer is ON: inactive players will automatically lose when time's up. (requested by Sylveon(404))\n|c| Gamer00ooO|Pero Greninja\n|c| WSoldat|Magearna es uber we\n|c| Gamer00ooO|Es mejor\n|\n|t:|1699722285\n|switch|p1a: Aegislash|Aegislash, F|88\/100\n|switch|p2a: latidos|Latios, M|100\/100\n|\n|-heal|p1a: Aegislash|94\/100|[from] item: Leftovers\n|upkeep\n|turn|5\n|c| Sai4rr|Yo ten\u00eda mejor equipo que el de esos 2\n|inactive|ericmont has 270 seconds left.\n|c| baskim|pero si papean?\n|\n|t:|1699722319\n|move|p2a: latidos|Mystical Fire|p1a: Aegislash\n|-supereffective|p1a: Aegislash\n|-damage|p1a: Aegislash|60\/100\n|-unboost|p1a: Aegislash|spa|1\n|move|p1a: Aegislash|Toxic|p2a: latidos\n|-status|p2a: latidos|tox\n|\n|-heal|p1a: Aegislash|66\/100|[from] item: Leftovers\n|-damage|p2a: latidos|95\/100 tox|[from] psn\n|upkeep\n|turn|6\n|c| lolowtf09|aja\n|c| Gamer00ooO|Si equipo no es malo\n|c| PeppsiAsiEs|no tiene weakness policy\n|c| baskim|a q sucia\n|\n|t:|1699722329\n|switch|p2a: meta|Metagross, shiny|100\/100\n|move|p1a: Aegislash|King's Shield||[still]\n|-fail|p1a: Aegislash\n|\n|-heal|p1a: Aegislash|73\/100|[from] item: Leftovers\n|upkeep\n|turn|7\n|c| PeppsiAsiEs|mal aegislash\n|c| baskim|aegislahs stall\n|c| lolowtf09|latidos\n|c| lolowtf09|meta\n|inactive|ericmont has 270 seconds left.\n|c| Gamer00ooO|Si es malo\n|\n|t:|1699722355\n|switch|p1a: Chesnaught|Chesnaught, F|87\/100\n|move|p2a: meta|Earthquake|p1a: Chesnaught\n|-resisted|p1a: Chesnaught\n|-damage|p1a: Chesnaught|76\/100\n|\n|upkeep\n|turn|8\n|c| Gamer00ooO|Aegislash\n|\n|t:|1699722375\n|move|p2a: meta|Zen Headbutt|p1a: Chesnaught\n|-supereffective|p1a: Chesnaught\n|-damage|p1a: Chesnaught|19\/100\n|move|p1a: Chesnaught|Drain Punch|p2a: meta\n|-damage|p2a: meta|77\/100\n|-heal|p1a: Chesnaught|28\/100|[from] drain|[of] p2a: meta\n|\n|upkeep\n|turn|9\n|c| Sai4rr|Vamos sylveon conf\u00edo en ti\n|\n|t:|1699722393\n|switch|p1a: Greninja|Greninja, M|100\/100\n|move|p2a: meta|Iron Head|p1a: Greninja\n|-resisted|p1a: Greninja\n|-damage|p1a: Greninja|60\/100\n|\n|upkeep\n|turn|10\n|\n|t:|1699722404\n|switch|p2a: crak|Cradily, F, tera:Poison|100\/100\n|move|p1a: Greninja|Dark Pulse|p2a: crak\n|-damage|p2a: crak|55\/100\n|\n|-heal|p2a: crak|61\/100|[from] item: Leftovers\n|upkeep\n|turn|11\n|l| AjoFC\n|\n|t:|1699722412\n|switch|p1a: Aegislash|Aegislash, F|73\/100\n|move|p2a: crak|Giga Drain|p1a: Aegislash\n|-resisted|p1a: Aegislash\n|-damage|p1a: Aegislash|66\/100\n|-heal|p2a: crak|64\/100|[from] drain|[of] p1a: Aegislash\n|\n|-heal|p1a: Aegislash|72\/100|[from] item: Leftovers\n|-heal|p2a: crak|70\/100|[from] item: Leftovers\n|upkeep\n|turn|12\n|c| lolowtf09|**un cupcake mirando desde la esquina**\n|\n|t:|1699722422\n|-formechange|p1a: Aegislash|Aegislash-Blade||[from] ability: Stance Change\n|move|p1a: Aegislash|Shadow Ball|p2a: crak\n|-damage|p2a: crak|41\/100\n|-unboost|p2a: crak|spd|1\n|move|p2a: crak|Leech Seed|p1a: Aegislash\n|-start|p1a: Aegislash|move: Leech Seed\n|\n|-heal|p1a: Aegislash|79\/100|[from] item: Leftovers\n|-heal|p2a: crak|47\/100|[from] item: Leftovers\n|-damage|p1a: Aegislash|66\/100|[from] Leech Seed|[of] p2a: crak\n|-heal|p2a: crak|59\/100|[silent]\n|upkeep\n|turn|13\n|\n|t:|1699722434\n|switch|p1a: Hawlucha|Hawlucha, M|100\/100\n|move|p2a: crak|Recover|p2a: crak\n|-heal|p2a: crak|100\/100\n|\n|upkeep\n|turn|14\n|\n|t:|1699722443\n|move|p1a: Hawlucha|U-turn|p2a: crak\n|-resisted|p2a: crak\n|-damage|p2a: crak|91\/100\n|\n|t:|1699722447\n|switch|p1a: Aegislash|Aegislash, F|66\/100|[from] U-turn\n|move|p2a: crak|Toxic|p1a: Aegislash\n|-immune|p1a: Aegislash\n|\n|-heal|p1a: Aegislash|72\/100|[from] item: Leftovers\n|-heal|p2a: crak|97\/100|[from] item: Leftovers\n|upkeep\n|turn|15\n|l| Fabrizio8\n|\n|t:|1699722459\n|move|p1a: Aegislash|Substitute|p1a: Aegislash\n|-start|p1a: Aegislash|Substitute\n|-damage|p1a: Aegislash|48\/100\n|move|p2a: crak|Leech Seed||[still]\n|-fail|p2a: crak\n|\n|-heal|p1a: Aegislash|54\/100|[from] item: Leftovers\n|-heal|p2a: crak|100\/100|[from] item: Leftovers\n|upkeep\n|turn|16\n|\n|t:|1699722470\n|switch|p2a: deseo ganar|Jirachi|100\/100\n|-formechange|p1a: Aegislash|Aegislash-Blade||[from] ability: Stance Change\n|move|p1a: Aegislash|Shadow Ball|p2a: deseo ganar\n|-supereffective|p2a: deseo ganar\n|-damage|p2a: deseo ganar|32\/100\n|\n|-heal|p1a: Aegislash|60\/100|[from] item: Leftovers\n|upkeep\n|turn|17\n|c| WSoldat|Ya matense un pokemon ni que sea\n|\n|t:|1699722480\n|move|p2a: deseo ganar|Fire Punch|p1a: Aegislash\n|-supereffective|p1a: Aegislash\n|-end|p1a: Aegislash|Substitute\n|move|p1a: Aegislash|Shadow Ball|p2a: deseo ganar\n|-supereffective|p2a: deseo ganar\n|-damage|p2a: deseo ganar|0 fnt\n|faint|p2a: deseo ganar\n|\n|-heal|p1a: Aegislash|66\/100|[from] item: Leftovers\n|upkeep\n|c| baskim|diablo\n|c| baskim|se lo kgaron\n|j| matu 1402\n|\n|t:|1699722489\n|switch|p2a: SOY BICHOO|Flygon, F|100\/100\n|turn|18\n|c| Gamer00ooO|Es bueno\n|\n|t:|1699722494\n|switch|p1a: Hawlucha|Hawlucha, M|100\/100\n|move|p2a: SOY BICHOO|Dragon Dance|p2a: SOY BICHOO\n|-boost|p2a: SOY BICHOO|atk|1\n|-boost|p2a: SOY BICHOO|spe|1\n|\n|upkeep\n|turn|19\n|\n|t:|1699722507\n|move|p2a: SOY BICHOO|Dragon Dance|p2a: SOY BICHOO\n|-boost|p2a: SOY BICHOO|atk|1\n|-boost|p2a: SOY BICHOO|spe|1\n|move|p1a: Hawlucha|Close Combat|p2a: SOY BICHOO\n|-crit|p2a: SOY BICHOO\n|-damage|p2a: SOY BICHOO|0 fnt\n|-unboost|p1a: Hawlucha|def|1\n|-unboost|p1a: Hawlucha|spd|1\n|-enditem|p1a: Hawlucha|White Herb\n|-clearnegativeboost|p1a: Hawlucha|[silent]\n|faint|p2a: SOY BICHOO\n|\n|upkeep\n|c| matu 1402|Ay mam\u00e1 el bicho siuuu\n|\n|t:|1699722522\n|switch|p2a: meta|Metagross, shiny|77\/100\n|turn|20\n|c| Sai4rr|Pendejo no dura nada\n|\n|t:|1699722531\n|move|p1a: Hawlucha|Close Combat|p2a: meta\n|-damage|p2a: meta|32\/100\n|-unboost|p1a: Hawlucha|def|1\n|-unboost|p1a: Hawlucha|spd|1\n|move|p2a: meta|Iron Head|p1a: Hawlucha\n|-damage|p1a: Hawlucha|1\/100\n|\n|upkeep\n|turn|21\n|c| matu 1402|Noooo el bicho\n|c| lolowtf09|meta-nfetamina\n|c|\u2606Sylveon(404)|critico no jodas\n|c|\u2606ericmont|bullet punch\n|c|\u2606ericmont|no importa\n|\n|t:|1699722546\n|move|p2a: meta|Bullet Punch|p1a: Hawlucha\n|-damage|p1a: Hawlucha|0 fnt\n|faint|p1a: Hawlucha\n|\n|upkeep\n|c| matu 1402|Jajajajajajjaja\n|\n|t:|1699722553\n|switch|p1a: Greninja|Greninja, M|60\/100\n|turn|22\n|\n|t:|1699722558\n|switch|p2a: crak|Cradily, F, tera:Poison|100\/100\n|move|p1a: Greninja|Dark Pulse|p2a: crak\n|-damage|p2a: crak|54\/100\n|\n|-heal|p2a: crak|60\/100|[from] item: Leftovers\n|upkeep\n|turn|23\n|c| matu 1402|Que crack\n|\n|t:|1699722573\n|switch|p1a: Sylveon|Sylveon, F|100\/100\n|move|p2a: crak|Leech Seed|p1a: Sylveon\n|-start|p1a: Sylveon|move: Leech Seed\n|\n|-heal|p2a: crak|66\/100|[from] item: Leftovers\n|-damage|p1a: Sylveon|88\/100|[from] Leech Seed|[of] p2a: crak\n|-heal|p2a: crak|79\/100|[silent]\n|upkeep\n|turn|24\n|\n|t:|1699722587\n|switch|p1a: Chesnaught|Chesnaught, F|28\/100\n|move|p2a: crak|Toxic|p1a: Chesnaught\n|-status|p1a: Chesnaught|tox\n|\n|-heal|p2a: crak|86\/100|[from] item: Leftovers\n|-damage|p1a: Chesnaught|22\/100 tox|[from] psn\n|upkeep\n|turn|25\n|\n|t:|1699722597\n|move|p1a: Chesnaught|Taunt|p2a: crak\n|-start|p2a: crak|move: Taunt\n|move|p2a: crak|Giga Drain|p1a: Chesnaught\n|-resisted|p1a: Chesnaught\n|-damage|p1a: Chesnaught|8\/100 tox\n|-heal|p2a: crak|94\/100|[from] drain|[of] p1a: Chesnaught\n|\n|-heal|p2a: crak|99\/100|[from] item: Leftovers\n|-damage|p1a: Chesnaught|0 fnt|[from] psn\n|faint|p1a: Chesnaught\n|upkeep\n|\n|t:|1699722601\n|switch|p1a: Sylveon|Sylveon, F|88\/100\n|turn|26\n|\n|t:|1699722613\n|switch|p2a: meta|Metagross, shiny|32\/100\n|move|p1a: Sylveon|Substitute|p1a: Sylveon\n|-start|p1a: Sylveon|Substitute\n|-damage|p1a: Sylveon|63\/100\n|\n|-heal|p1a: Sylveon|69\/100|[from] item: Leftovers\n|upkeep\n|turn|27\n|c| PeppsiAsiEs|el cradily le esta carreando\n|c| Sai4rr|Vamos Sylveon\n|c| PeppsiAsiEs|literalmente\n|\n|t:|1699722626\n|move|p2a: meta|Bullet Punch|p1a: Sylveon\n|-supereffective|p1a: Sylveon\n|-end|p1a: Sylveon|Substitute\n|move|p1a: Sylveon|Hyper Voice|p2a: meta\n|-resisted|p2a: meta\n|-damage|p2a: meta|17\/100\n|\n|-heal|p1a: Sylveon|75\/100|[from] item: Leftovers\n|upkeep\n|turn|28\n|\n|t:|1699722634\n|switch|p1a: Aegislash|Aegislash, F|66\/100\n|move|p2a: meta|Bullet Punch|p1a: Aegislash\n|-resisted|p1a: Aegislash\n|-damage|p1a: Aegislash|57\/100\n|\n|-heal|p1a: Aegislash|63\/100|[from] item: Leftovers\n|upkeep\n|turn|29\n|c| matu 1402|Me entero que sylveon anda peleando\n|\n|t:|1699722646\n|move|p1a: Aegislash|King's Shield|p1a: Aegislash\n|-singleturn|p1a: Aegislash|Protect\n|move|p2a: meta|Earthquake|p1a: Aegislash\n|-activate|p1a: Aegislash|move: Protect\n|\n|-heal|p1a: Aegislash|69\/100|[from] item: Leftovers\n|upkeep\n|turn|30\n|\n|t:|1699722654\n|switch|p2a: latidos|Latios, M|95\/100 tox\n|-terastallize|p1a: Aegislash|Flying\n|-formechange|p1a: Aegislash|Aegislash-Blade||[from] ability: Stance Change\n|move|p1a: Aegislash|Shadow Ball|p2a: latidos\n|-supereffective|p2a: latidos\n|-damage|p2a: latidos|22\/100 tox\n|\n|-heal|p1a: Aegislash|75\/100|[from] item: Leftovers\n|-damage|p2a: latidos|16\/100 tox|[from] psn\n|upkeep\n|turn|31\n|c| PeppsiAsiEs|waos\n|\n|t:|1699722668\n|-formechange|p1a: Aegislash|Aegislash||[from] ability: Stance Change\n|move|p1a: Aegislash|King's Shield|p1a: Aegislash\n|-singleturn|p1a: Aegislash|Protect\n|move|p2a: latidos|Draco Meteor|p1a: Aegislash\n|-activate|p1a: Aegislash|move: Protect\n|\n|-heal|p1a: Aegislash|82\/100|[from] item: Leftovers\n|-damage|p2a: latidos|4\/100 tox|[from] psn\n|upkeep\n|turn|32\n|c| lolowtf09|terrible no tener belly drum\n|\n|t:|1699722682\n|switch|p2a: meta|Metagross, shiny|17\/100\n|switch|p1a: Hoopa|Hoopa-Unbound|100\/100\n|\n|upkeep\n|turn|33\n|\n|t:|1699722695\n|move|p2a: meta|Bullet Punch|p1a: Hoopa\n|-damage|p1a: Hoopa|60\/100\n|move|p1a: Hoopa|Hyperspace Fury|p2a: meta\n|-supereffective|p2a: meta\n|-damage|p2a: meta|0 fnt\n|-unboost|p1a: Hoopa|def|1\n|faint|p2a: meta\n|\n|upkeep\n|\n|t:|1699722704\n|switch|p2a: latidos|Latios, M|4\/100 tox\n|turn|34\n|\n|t:|1699722709\n|switch|p1a: Sylveon|Sylveon, F|75\/100\n|move|p2a: latidos|Ice Beam|p1a: Sylveon\n|-damage|p1a: Sylveon|58\/100\n|-status|p1a: Sylveon|frz\n|\n|-heal|p1a: Sylveon|64\/100 frz|[from] item: Leftovers\n|-damage|p2a: latidos|0 fnt|[from] psn\n|faint|p2a: latidos\n|upkeep\n|\n|t:|1699722719\n|switch|p2a: Aggron|Aggron, M|100\/100\n|turn|35\n|c|\u2606ericmont|Rock polish\n|c|\u2606ericmont|sad\n|\n|t:|1699722737\n|switch|p1a: Aegislash|Aegislash, F, tera:Flying|82\/100\n|move|p2a: Aggron|Iron Defense|p2a: Aggron\n|-boost|p2a: Aggron|def|2\n|\n|-heal|p1a: Aegislash|88\/100|[from] item: Leftovers\n|upkeep\n|turn|36\n|\n|t:|1699722745\n|move|p1a: Aegislash|King's Shield|p1a: Aegislash\n|-singleturn|p1a: Aegislash|Protect\n|move|p2a: Aggron|Metal Burst||[still]\n|-fail|p2a: Aggron\n|\n|-heal|p1a: Aegislash|94\/100|[from] item: Leftovers\n|upkeep\n|turn|37\n|c| Sai4rr|Las megas no est\u00e1n permitidas\n|c| matu 1402|Pero\n|c| lolowtf09|metal cock\n|\n|t:|1699722756\n|move|p1a: Aegislash|Substitute|p1a: Aegislash\n|-start|p1a: Aegislash|Substitute\n|-damage|p1a: Aegislash|69\/100\n|move|p2a: Aggron|Iron Defense|p2a: Aggron\n|-boost|p2a: Aggron|def|2\n|\n|-heal|p1a: Aegislash|75\/100|[from] item: Leftovers\n|upkeep\n|turn|38\n|c| matu 1402|Es ma primeea o segunda batalla?\n|\n|t:|1699722765\n|-formechange|p1a: Aegislash|Aegislash-Blade||[from] ability: Stance Change\n|move|p1a: Aegislash|Shadow Ball|p2a: Aggron\n|-damage|p2a: Aggron|54\/100\n|move|p2a: Aggron|Metal Burst|p1a: Aegislash\n|-end|p1a: Aegislash|Substitute\n|\n|-heal|p1a: Aegislash|82\/100|[from] item: Leftovers\n|upkeep\n|turn|39\n|c| Void280|2\u00b0\n|c| lolowtf09|segunda\n|c| Sai4rr|Segunda\n|\n|t:|1699722775\n|move|p1a: Aegislash|Substitute|p1a: Aegislash\n|-start|p1a: Aegislash|Substitute\n|-damage|p1a: Aegislash|57\/100\n|move|p2a: Aggron|Body Press|p1a: Aegislash\n|-resisted|p1a: Aegislash\n|-end|p1a: Aegislash|Substitute\n|\n|-heal|p1a: Aegislash|63\/100|[from] item: Leftovers\n|upkeep\n|turn|40\n|c| matu 1402|Quien gano el primero?\n|\n|t:|1699722784\n|-formechange|p1a: Aegislash|Aegislash||[from] ability: Stance Change\n|move|p1a: Aegislash|King's Shield|p1a: Aegislash\n|-singleturn|p1a: Aegislash|Protect\n|move|p2a: Aggron|Body Press|p1a: Aegislash\n|-activate|p1a: Aegislash|move: Protect\n|-unboost|p2a: Aggron|atk|1\n|\n|-heal|p1a: Aegislash|69\/100|[from] item: Leftovers\n|upkeep\n|turn|41\n|\n|t:|1699722795\n|-formechange|p1a: Aegislash|Aegislash-Blade||[from] ability: Stance Change\n|move|p1a: Aegislash|Shadow Ball|p2a: Aggron\n|-damage|p2a: Aggron|7\/100\n|move|p2a: Aggron|Body Press|p1a: Aegislash\n|-resisted|p1a: Aegislash\n|-damage|p1a: Aegislash|0 fnt\n|faint|p1a: Aegislash\n|\n|upkeep\n|\n|t:|1699722798\n|switch|p1a: Greninja|Greninja, M|60\/100\n|turn|42\n|c| Void280|Lolo\n|c| Sai4rr|Usa a craddily\n|-enditem|p2a: Aggron|Custap Berry|[eat]\n|-activate|p2a: Aggron|item: Custap Berry|[consumed]\n|\n|t:|1699722805\n|move|p2a: Aggron|Body Press|p1a: Greninja\n|-supereffective|p1a: Greninja\n|-damage|p1a: Greninja|0 fnt\n|faint|p1a: Greninja\n|\n|upkeep\n|\n|t:|1699722811\n|switch|p1a: Hoopa|Hoopa-Unbound|60\/100\n|turn|43\n|c| PeppsiAsiEs|epico\n|c| PeppsiAsiEs|esto es cine\n|\n|t:|1699722820\n|move|p1a: Hoopa|Hyperspace Fury|p2a: Aggron\n|-damage|p2a: Aggron|0 fnt\n|-unboost|p1a: Hoopa|def|1\n|faint|p2a: Aggron\n|\n|upkeep\n|c| matu 1402|Agron>>>>>greninja\n|\n|t:|1699722825\n|switch|p2a: crak|Cradily, F, tera:Poison|99\/100\n|turn|44\n|\n|t:|1699722829\n|switch|p1a: Sylveon|Sylveon, F|64\/100 frz\n|move|p2a: crak|Leech Seed|p1a: Sylveon\n|-start|p1a: Sylveon|move: Leech Seed\n|\n|-heal|p1a: Sylveon|70\/100 frz|[from] item: Leftovers\n|-heal|p2a: crak|100\/100|[from] item: Leftovers\n|-damage|p1a: Sylveon|58\/100 frz|[from] Leech Seed|[of] p2a: crak\n|upkeep\n|turn|45\n|c| Gamer00ooO|Por lo general no\n|\n|t:|1699722837\n|cant|p1a: Sylveon|frz\n|move|p2a: crak|Toxic||[still]\n|-fail|p2a: crak\n|\n|-heal|p1a: Sylveon|64\/100 frz|[from] item: Leftovers\n|-damage|p1a: Sylveon|52\/100 frz|[from] Leech Seed|[of] p2a: crak\n|upkeep\n|turn|46\n|c| matu 1402|El greninja ataco con sniestro\n|\n|t:|1699722844\n|-curestatus|p1a: Sylveon|frz|[msg]\n|move|p1a: Sylveon|Calm Mind|p1a: Sylveon\n|-boost|p1a: Sylveon|spa|1\n|-boost|p1a: Sylveon|spd|1\n|move|p2a: crak|Giga Drain|p1a: Sylveon\n|-damage|p1a: Sylveon|41\/100\n|\n|-heal|p1a: Sylveon|47\/100|[from] item: Leftovers\n|-damage|p1a: Sylveon|35\/100|[from] Leech Seed|[of] p2a: crak\n|upkeep\n|turn|47\n|c| matu 1402|Para el cradily\n|\n|t:|1699722853\n|move|p1a: Sylveon|Hyper Voice|p2a: crak\n|-resisted|p2a: crak\n|-damage|p2a: crak|75\/100\n|move|p2a: crak|Toxic|p1a: Sylveon\n|-status|p1a: Sylveon|tox\n|\n|-heal|p1a: Sylveon|41\/100 tox|[from] item: Leftovers\n|-heal|p2a: crak|81\/100|[from] item: Leftovers\n|-damage|p1a: Sylveon|29\/100 tox|[from] Leech Seed|[of] p2a: crak\n|-heal|p2a: crak|95\/100|[silent]\n|-damage|p1a: Sylveon|23\/100 tox|[from] psn\n|upkeep\n|turn|48\n|\n|t:|1699722865\n|move|p1a: Sylveon|Hyper Voice|p2a: crak\n|-resisted|p2a: crak\n|-damage|p2a: crak|72\/100\n|move|p2a: crak|Recover|p2a: crak\n|-heal|p2a: crak|100\/100\n|\n|-heal|p1a: Sylveon|29\/100 tox|[from] item: Leftovers\n|-damage|p1a: Sylveon|16\/100 tox|[from] Leech Seed|[of] p2a: crak\n|-damage|p1a: Sylveon|4\/100 tox|[from] psn\n|upkeep\n|turn|49\n|c| PeppsiAsiEs|no puede ser\n|c| Sai4rr|VAMOSS SYLVEOOOON\n|c| PeppsiAsiEs|la remontada mas epica que eh visto\n|\n|t:|1699722878\n|move|p1a: Sylveon|Hyper Voice|p2a: crak\n|-resisted|p2a: crak\n|-damage|p2a: crak|74\/100\n|move|p2a: crak|Recover|p2a: crak\n|-heal|p2a: crak|100\/100\n|\n|-heal|p1a: Sylveon|10\/100 tox|[from] item: Leftovers\n|-damage|p1a: Sylveon|0 fnt|[from] Leech Seed|[of] p2a: crak\n|faint|p1a: Sylveon\n|upkeep\n|\n|t:|1699722880\n|switch|p1a: Hoopa|Hoopa-Unbound|60\/100\n|turn|50\n|\n|t:|1699722890\n|move|p1a: Hoopa|Zen Headbutt|p2a: crak\n|-supereffective|p2a: crak\n|-damage|p2a: crak|0 fnt\n|faint|p2a: crak\n|\n|win|ericmont\n|c| PeppsiAsiEs|GG\n|c| Void280|oof\n|c|\u2606Sylveon(404)|ggs\n|c| Void280|ggs\n|c| el p4n4|GG\n","uploadtime":1699722896,"views":6,"p1id":"ericmont","p2id":"sylveon404","formatid":"gen9nationaldex","rating":0,"private":0,"password":""}