{"id":"gen9nationaldex-1997127362","p1":"Pheo99","p2":"strawhatbeerus","format":"[Gen 9] National Dex","log":"|html|<div class=\"broadcast-blue\"><strong>[Gen 9] National Dex is currently suspecting Sneasler! For information on how to participate check out the <a href=\"https:\/\/www.smogon.com\/forums\/threads\/sv-national-dex-suspect-8-just-dance.3731534\/\">suspect thread<\/a>.<\/strong><\/div>\n|j|\u2606Pheo99\n|j|\u2606strawhatbeerus\n|t:|1700767256\n|gametype|singles\n|player|p1|Pheo99|artist|1061\n|player|p2|strawhatbeerus|giovanni|1035\n|teamsize|p1|6\n|teamsize|p2|6\n|gen|9\n|tier|[Gen 9] National Dex\n|rated|\n|rule|HP Percentage Mod: HP is shown in percentages\n|rule|Endless Battle Clause: Forcing endless battles is banned\n|rule|OHKO Clause: OHKO moves are banned\n|rule|Evasion Clause: Evasion abilities, items, and moves are banned\n|rule|Evasion Abilities Clause: Evasion abilities are banned\n|rule|Evasion Items Clause: Evasion items are banned\n|rule|Evasion Moves Clause: Evasion moves are banned\n|rule|Species Clause: Limit one of each Pok\u00e9mon\n|rule|Sleep Clause Mod: Limit one foe put to sleep\n|clearpoke\n|poke|p1|Armaldo, M|\n|poke|p1|Politoed, M|\n|poke|p1|Butterfree, F|\n|poke|p1|Shiinotic, M|\n|poke|p1|Wyrdeer, M|\n|poke|p1|Sandslash-Alola, F|\n|poke|p2|Ampharos, M|\n|poke|p2|Feraligatr, M|\n|poke|p2|Hydreigon, M|\n|poke|p2|Infernape, M|\n|poke|p2|Cryogonal|\n|poke|p2|Mew|\n|teampreview\n|\n|t:|1700767264\n|start\n|switch|p1a: Guppy|Politoed, M|100\/100\n|switch|p2a: Yusuke|Ampharos, M, shiny|100\/100\n|-weather|RainDance|[from] ability: Drizzle|[of] p1a: Guppy\n|turn|1\n|\n|t:|1700767279\n|switch|p1a: La la|Shiinotic, M|100\/100\n|move|p2a: Yusuke|Thunder|p1a: La la\n|-resisted|p1a: La la\n|-damage|p1a: La la|77\/100\n|\n|-weather|RainDance|[upkeep]\n|-heal|p1a: La la|84\/100|[from] ability: Rain Dish\n|-heal|p1a: La la|90\/100|[from] item: Leftovers\n|upkeep\n|turn|2\n|\n|t:|1700767296\n|move|p2a: Yusuke|Fire Punch|p1a: La la\n|-supereffective|p1a: La la\n|-crit|p1a: La la\n|-damage|p1a: La la|55\/100\n|-status|p1a: La la|brn\n|move|p1a: La la|Moonblast|p2a: Yusuke\n|-damage|p2a: Yusuke|65\/100\n|\n|-weather|RainDance|[upkeep]\n|-heal|p1a: La la|61\/100 brn|[from] ability: Rain Dish\n|-heal|p1a: La la|67\/100 brn|[from] item: Leftovers\n|-damage|p1a: La la|61\/100 brn|[from] brn\n|upkeep\n|turn|3\n|\n|t:|1700767312\n|detailschange|p2a: Yusuke|Ampharos-Mega, M, shiny\n|-mega|p2a: Yusuke|Ampharos|Ampharosite\n|-ability|p2a: Yusuke|Mold Breaker\n|move|p1a: La la|Strength Sap|p2a: Yusuke\n|-unboost|p2a: Yusuke|atk|1\n|-heal|p1a: La la|100\/100 brn\n|move|p2a: Yusuke|Roar|p1a: La la\n|drag|p1a: Trinket|Armaldo, M|100\/100\n|\n|-weather|RainDance|[upkeep]\n|upkeep\n|turn|4\n|c|\u2606strawhatbeerus|nice team\n|\n|t:|1700767339\n|move|p1a: Trinket|Stone Edge|p2a: Yusuke\n|-damage|p2a: Yusuke|10\/100\n|move|p2a: Yusuke|Roar|p1a: Trinket\n|drag|p1a: Auranis|Wyrdeer, M|100\/100\n|-ability|p1a: Auranis|Intimidate|boost\n|-unboost|p2a: Yusuke|atk|1\n|\n|-weather|RainDance|[upkeep]\n|upkeep\n|turn|5\n|\n|t:|1700767354\n|move|p1a: Auranis|Calm Mind|p1a: Auranis\n|-boost|p1a: Auranis|spa|1\n|-boost|p1a: Auranis|spd|1\n|move|p2a: Yusuke|Thunder|p1a: Auranis\n|-damage|p1a: Auranis|52\/100\n|\n|-weather|RainDance|[upkeep]\n|upkeep\n|turn|6\n|\n|t:|1700767363\n|move|p1a: Auranis|Tera Blast|p2a: Yusuke\n|-damage|p2a: Yusuke|0 fnt\n|faint|p2a: Yusuke\n|\n|-weather|RainDance|[upkeep]\n|upkeep\n|\n|t:|1700767372\n|switch|p2a: Kenpachi|Feraligatr, M, shiny|100\/100\n|turn|7\n|\n|t:|1700767398\n|move|p2a: Kenpachi|Crunch|p1a: Auranis\n|-supereffective|p1a: Auranis\n|-damage|p1a: Auranis|0 fnt\n|faint|p1a: Auranis\n|\n|-weather|RainDance|[upkeep]\n|upkeep\n|c|\u2606Pheo99|thank you\n|\n|t:|1700767417\n|switch|p1a: La la|Shiinotic, M|100\/100 brn\n|turn|8\n|\n|t:|1700767424\n|move|p2a: Kenpachi|Ice Punch|p1a: La la\n|-supereffective|p1a: La la\n|-damage|p1a: La la|34\/100 brn\n|move|p1a: La la|Strength Sap|p2a: Kenpachi\n|-unboost|p2a: Kenpachi|atk|1\n|-heal|p1a: La la|100\/100 brn\n|\n|-weather|none\n|-damage|p1a: La la|94\/100 brn|[from] brn\n|upkeep\n|turn|9\n|\n|t:|1700767453\n|-terastallize|p2a: Kenpachi|Fire\n|move|p2a: Kenpachi|Dragon Dance|p2a: Kenpachi\n|-boost|p2a: Kenpachi|atk|1\n|-boost|p2a: Kenpachi|spe|1\n|move|p1a: La la|Energy Ball|p2a: Kenpachi\n|-resisted|p2a: Kenpachi\n|-damage|p2a: Kenpachi|84\/100\n|\n|-heal|p2a: Kenpachi|90\/100|[from] item: Leftovers\n|-heal|p1a: La la|100\/100 brn|[from] item: Leftovers\n|-damage|p1a: La la|94\/100 brn|[from] brn\n|upkeep\n|turn|10\n|\n|t:|1700767468\n|move|p2a: Kenpachi|Dragon Dance|p2a: Kenpachi\n|-boost|p2a: Kenpachi|atk|1\n|-boost|p2a: Kenpachi|spe|1\n|move|p1a: La la|Spore|p2a: Kenpachi\n|-status|p2a: Kenpachi|slp|[from] move: Spore\n|\n|-heal|p2a: Kenpachi|96\/100 slp|[from] item: Leftovers\n|-heal|p1a: La la|100\/100 brn|[from] item: Leftovers\n|-damage|p1a: La la|94\/100 brn|[from] brn\n|upkeep\n|turn|11\n|c|\u2606strawhatbeerus|zzz\n|\n|t:|1700767481\n|switch|p1a: Guppy|Politoed, M|100\/100\n|-weather|RainDance|[from] ability: Drizzle|[of] p1a: Guppy\n|cant|p2a: Kenpachi|slp\n|\n|-weather|RainDance|[upkeep]\n|-heal|p2a: Kenpachi|100\/100 slp|[from] item: Leftovers\n|upkeep\n|turn|12\n|\n|t:|1700767491\n|cant|p2a: Kenpachi|slp\n|move|p1a: Guppy|Scald|p2a: Kenpachi\n|-supereffective|p2a: Kenpachi\n|-damage|p2a: Kenpachi|2\/100 slp\n|\n|-weather|RainDance|[upkeep]\n|-heal|p2a: Kenpachi|8\/100 slp|[from] item: Leftovers\n|upkeep\n|turn|13\n|\n|t:|1700767504\n|-curestatus|p2a: Kenpachi|slp|[msg]\n|move|p2a: Kenpachi|Ice Punch|p1a: Guppy\n|-resisted|p1a: Guppy\n|-damage|p1a: Guppy|78\/100\n|move|p1a: Guppy|Scald|p2a: Kenpachi\n|-supereffective|p2a: Kenpachi\n|-damage|p2a: Kenpachi|0 fnt\n|faint|p2a: Kenpachi\n|\n|-weather|RainDance|[upkeep]\n|upkeep\n|\n|t:|1700767516\n|switch|p2a: Madara|Infernape, M|100\/100\n|turn|14\n|\n|t:|1700767522\n|move|p2a: Madara|Thunder Punch|p1a: Guppy\n|-supereffective|p1a: Guppy\n|-damage|p1a: Guppy|13\/100\n|move|p1a: Guppy|Scald|p2a: Madara\n|-supereffective|p2a: Madara\n|-damage|p2a: Madara|0 fnt\n|faint|p2a: Madara\n|\n|-weather|RainDance|[upkeep]\n|upkeep\n|\n|t:|1700767532\n|switch|p2a: Todoroki|Cryogonal, shiny|100\/100\n|turn|15\n|\n|t:|1700767551\n|switch|p1a: Arkit|Sandslash-Alola, F|100\/100\n|move|p2a: Todoroki|Light Screen|p2a: Todoroki\n|-sidestart|p2: strawhatbeerus|move: Light Screen\n|\n|-weather|RainDance|[upkeep]\n|upkeep\n|turn|16\n|\n|t:|1700767566\n|move|p2a: Todoroki|Reflect|p2a: Todoroki\n|-sidestart|p2: strawhatbeerus|Reflect\n|move|p1a: Arkit|Agility|p1a: Arkit\n|-boost|p1a: Arkit|spe|2\n|\n|-weather|RainDance|[upkeep]\n|upkeep\n|turn|17\n|\n|t:|1700767574\n|switch|p2a: Beerus|Mew, shiny|100\/100\n|move|p1a: Arkit|Knock Off|p2a: Beerus\n|-supereffective|p2a: Beerus\n|-damage|p2a: Beerus|70\/100\n|-enditem|p2a: Beerus|Power Herb|[from] move: Knock Off|[of] p1a: Arkit\n|\n|-weather|RainDance|[upkeep]\n|upkeep\n|turn|18\n|\n|t:|1700767585\n|move|p1a: Arkit|Triple Axel|p2a: Beerus|[miss]\n|-miss|p1a: Arkit|p2a: Beerus\n|move|p2a: Beerus|Calm Mind|p2a: Beerus\n|-boost|p2a: Beerus|spa|1\n|-boost|p2a: Beerus|spd|1\n|\n|-weather|none\n|upkeep\n|turn|19\n|\n|t:|1700767595\n|move|p1a: Arkit|Triple Axel|p2a: Beerus\n|-damage|p2a: Beerus|65\/100\n|-damage|p2a: Beerus|55\/100\n|-damage|p2a: Beerus|42\/100\n|-hitcount|p2a: Beerus|3\n|move|p2a: Beerus|Blast Burn|p1a: Arkit\n|-supereffective|p1a: Arkit\n|-enditem|p1a: Arkit|Focus Sash\n|-damage|p1a: Arkit|1\/100\n|-mustrecharge|p2a: Beerus\n|\n|-sideend|p2: strawhatbeerus|move: Light Screen\n|upkeep\n|turn|20\n|\n|t:|1700767613\n|move|p1a: Arkit|Triple Axel|p2a: Beerus\n|-damage|p2a: Beerus|37\/100\n|-damage|p2a: Beerus|28\/100\n|-damage|p2a: Beerus|15\/100\n|-hitcount|p2a: Beerus|3\n|cant|p2a: Beerus|recharge\n|\n|-sideend|p2: strawhatbeerus|Reflect\n|upkeep\n|turn|21\n|\n|t:|1700767640\n|move|p1a: Arkit|Knock Off|p2a: Beerus\n|-supereffective|p2a: Beerus\n|-damage|p2a: Beerus|0 fnt\n|faint|p2a: Beerus\n|\n|upkeep\n|\n|t:|1700767651\n|switch|p2a: Todoroki|Cryogonal, shiny|100\/100\n|turn|22\n|\n|t:|1700767660\n|move|p1a: Arkit|Knock Off|p2a: Todoroki\n|-damage|p2a: Todoroki|40\/100\n|-enditem|p2a: Todoroki|Focus Sash|[from] move: Knock Off|[of] p1a: Arkit\n|move|p2a: Todoroki|Blizzard|p1a: Arkit\n|-resisted|p1a: Arkit\n|-damage|p1a: Arkit|0 fnt\n|faint|p1a: Arkit\n|\n|upkeep\n|\n|t:|1700767674\n|switch|p1a: Guppy|Politoed, M|13\/100\n|-weather|RainDance|[from] ability: Drizzle|[of] p1a: Guppy\n|turn|23\n|\n|t:|1700767684\n|move|p2a: Todoroki|Light Screen|p2a: Todoroki\n|-sidestart|p2: strawhatbeerus|move: Light Screen\n|move|p1a: Guppy|Scald|p2a: Todoroki\n|-damage|p2a: Todoroki|23\/100\n|\n|-weather|RainDance|[upkeep]\n|upkeep\n|turn|24\n|\n|t:|1700767696\n|move|p2a: Todoroki|Blizzard|p1a: Guppy\n|-resisted|p1a: Guppy\n|-damage|p1a: Guppy|0 fnt\n|faint|p1a: Guppy\n|\n|-weather|RainDance|[upkeep]\n|upkeep\n|\n|t:|1700767712\n|switch|p1a: La la|Shiinotic, M|94\/100 brn\n|turn|25\n|\n|t:|1700767726\n|-terastallize|p1a: La la|Steel\n|move|p2a: Todoroki|Blizzard|p1a: La la|[miss]\n|-miss|p2a: Todoroki|p1a: La la\n|move|p1a: La la|Spore|p2a: Todoroki\n|-status|p2a: Todoroki|slp|[from] move: Spore\n|\n|-weather|RainDance|[upkeep]\n|-heal|p1a: La la|100\/100 brn|[from] ability: Rain Dish\n|-damage|p1a: La la|94\/100 brn|[from] brn\n|upkeep\n|turn|26\n|c|\u2606Pheo99|all of your pokemon are anime character name\n|\n|t:|1700767834\n|cant|p2a: Todoroki|slp\n|move|p1a: La la|Moonblast|p2a: Todoroki\n|-damage|p2a: Todoroki|9\/100 slp\n|\n|-weather|RainDance|[upkeep]\n|-heal|p1a: La la|100\/100 brn|[from] ability: Rain Dish\n|-damage|p1a: La la|94\/100 brn|[from] brn\n|upkeep\n|turn|27\n|c|\u2606strawhatbeerus|yes lol\n|c|\u2606Pheo99|neat\n|\n|t:|1700767853\n|cant|p2a: Todoroki|slp\n|move|p1a: La la|Moonblast|p2a: Todoroki\n|-damage|p2a: Todoroki|0 fnt\n|faint|p2a: Todoroki\n|\n|-weather|RainDance|[upkeep]\n|-heal|p1a: La la|100\/100 brn|[from] ability: Rain Dish\n|-damage|p1a: La la|94\/100 brn|[from] brn\n|-sideend|p2: strawhatbeerus|move: Light Screen\n|upkeep\n|c|\u2606strawhatbeerus|Can you guess my last pokemon?\n|c|\u2606Pheo99|goku\n|\n|t:|1700767906\n|switch|p2a: Kaido|Hydreigon, M|100\/100\n|turn|28\n|\n|t:|1700767915\n|move|p2a: Kaido|Earth Power|p1a: La la\n|-supereffective|p1a: La la\n|-damage|p1a: La la|47\/100 brn\n|move|p1a: La la|Moonblast|p2a: Kaido\n|-supereffective|p2a: Kaido\n|-damage|p2a: Kaido|0 fnt\n|faint|p2a: Kaido\n|\n|win|Pheo99\n|raw|Pheo99's rating: 1061 &rarr; <strong>1090<\/strong><br \/>(+29 for winning)\n|raw|strawhatbeerus's rating: 1035 &rarr; <strong>1021<\/strong><br \/>(-14 for losing)\n|c|\u2606strawhatbeerus|gg\n|c|\u2606Pheo99|gg\n|l|\u2606strawhatbeerus\n","uploadtime":1700767930,"views":15,"p1id":"pheo99","p2id":"strawhatbeerus","formatid":"gen9nationaldex","rating":1021,"private":0,"password":""}