{"id":"gen9nationaldex-1999541225","p1":"congpizza","p2":"lakechu","format":"[Gen 9] National Dex","log":"|html|<div class=\"broadcast-blue\"><strong>[Gen 9] National Dex is currently suspecting Sneasler! For information on how to participate check out the <a href=\"https:\/\/www.smogon.com\/forums\/threads\/sv-national-dex-suspect-8-just-dance.3731534\/\">suspect thread<\/a>.<\/strong><\/div>\n|j|\u2606congpizza\n|j|\u2606lakechu\n|t:|1701094234\n|gametype|singles\n|player|p1|congpizza|dawn|1421\n|player|p2|lakechu|170|1485\n|teamsize|p1|6\n|teamsize|p2|6\n|gen|9\n|tier|[Gen 9] National Dex\n|rated|\n|rule|HP Percentage Mod: HP is shown in percentages\n|rule|Endless Battle Clause: Forcing endless battles is banned\n|rule|OHKO Clause: OHKO moves are banned\n|rule|Evasion Clause: Evasion abilities, items, and moves are banned\n|rule|Evasion Abilities Clause: Evasion abilities are banned\n|rule|Evasion Items Clause: Evasion items are banned\n|rule|Evasion Moves Clause: Evasion moves are banned\n|rule|Species Clause: Limit one of each Pok\u00e9mon\n|rule|Sleep Clause Mod: Limit one foe put to sleep\n|clearpoke\n|poke|p1|Pelipper, F|\n|poke|p1|Greninja-*, M|\n|poke|p1|Swampert, F|\n|poke|p1|Ferrothorn, F|\n|poke|p1|Overqwil, M|\n|poke|p1|Zapdos|\n|poke|p2|Ceruledge, F|\n|poke|p2|Braviary-Hisui, M|\n|poke|p2|Ferrothorn, M|\n|poke|p2|Pikachu, F|\n|poke|p2|Garganacl, M|\n|poke|p2|Absol, M|\n|teampreview\n|inactive|Battle timer is ON: inactive players will automatically lose when time's up. (requested by congpizza)\n|\n|t:|1701094257\n|start\n|switch|p1a: \u4f60\u600e\u4e48\u7761\u5f97\u7740\u7684|Ferrothorn, F|100\/100\n|switch|p2a: Ferrothorn|Ferrothorn, M|100\/100\n|turn|1\n|\n|t:|1701094268\n|move|p2a: Ferrothorn|Stealth Rock|p1a: \u4f60\u600e\u4e48\u7761\u5f97\u7740\u7684\n|-sidestart|p1: congpizza|move: Stealth Rock\n|move|p1a: \u4f60\u600e\u4e48\u7761\u5f97\u7740\u7684|Stealth Rock|p2a: Ferrothorn\n|-sidestart|p2: lakechu|move: Stealth Rock\n|\n|upkeep\n|turn|2\n|\n|t:|1701094273\n|move|p2a: Ferrothorn|Leech Seed|p1a: \u4f60\u600e\u4e48\u7761\u5f97\u7740\u7684\n|-immune|p1a: \u4f60\u600e\u4e48\u7761\u5f97\u7740\u7684\n|move|p1a: \u4f60\u600e\u4e48\u7761\u5f97\u7740\u7684|Spikes|p2a: Ferrothorn\n|-sidestart|p2: lakechu|Spikes\n|\n|upkeep\n|turn|3\n|\n|t:|1701094279\n|switch|p2a: Braviary|Braviary-Hisui, M, shiny|100\/100\n|-damage|p2a: Braviary|76\/100|[from] Stealth Rock\n|move|p1a: \u4f60\u600e\u4e48\u7761\u5f97\u7740\u7684|Spikes|p2a: Braviary\n|-sidestart|p2: lakechu|Spikes\n|\n|upkeep\n|turn|4\n|\n|t:|1701094291\n|switch|p1a: \u4f60\u9e1f\u54e5\u8fd8\u662f\u4f60\u9e1f\u54e5|Zapdos|100\/100\n|move|p2a: Braviary|Agility|p2a: Braviary\n|-boost|p2a: Braviary|spe|2\n|\n|upkeep\n|turn|5\n|\n|t:|1701094297\n|-terastallize|p2a: Braviary|Fire\n|move|p2a: Braviary|Heat Wave|p1a: \u4f60\u9e1f\u54e5\u8fd8\u662f\u4f60\u9e1f\u54e5\n|-damage|p1a: \u4f60\u9e1f\u54e5\u8fd8\u662f\u4f60\u9e1f\u54e5|7\/100\n|move|p1a: \u4f60\u9e1f\u54e5\u8fd8\u662f\u4f60\u9e1f\u54e5|Thunderbolt|p2a: Braviary\n|-damage|p2a: Braviary|18\/100\n|\n|upkeep\n|turn|6\n|\n|t:|1701094306\n|switch|p1a: \u76d6\u9e25\u5361|Pelipper, F|100\/100\n|-damage|p1a: \u76d6\u9e25\u5361|76\/100|[from] Stealth Rock\n|-weather|RainDance|[from] ability: Drizzle|[of] p1a: \u76d6\u9e25\u5361\n|move|p2a: Braviary|Hurricane|p1a: \u76d6\u9e25\u5361\n|-damage|p1a: \u76d6\u9e25\u5361|0 fnt\n|faint|p1a: \u76d6\u9e25\u5361\n|\n|-weather|RainDance|[upkeep]\n|upkeep\n|\n|t:|1701094315\n|switch|p1a: \u65e0\u654c\u7684\u516d\u8fb9\u5f62|Swampert, F|100\/100\n|-damage|p1a: \u65e0\u654c\u7684\u516d\u8fb9\u5f62|94\/100|[from] Stealth Rock\n|turn|7\n|\n|t:|1701094321\n|detailschange|p1a: \u65e0\u654c\u7684\u516d\u8fb9\u5f62|Swampert-Mega, F\n|-mega|p1a: \u65e0\u654c\u7684\u516d\u8fb9\u5f62|Swampert|Swampertite\n|move|p2a: Braviary|Hurricane|p1a: \u65e0\u654c\u7684\u516d\u8fb9\u5f62\n|-damage|p1a: \u65e0\u654c\u7684\u516d\u8fb9\u5f62|17\/100\n|move|p1a: \u65e0\u654c\u7684\u516d\u8fb9\u5f62|Waterfall|p2a: Braviary\n|-supereffective|p2a: Braviary\n|-crit|p2a: Braviary\n|-damage|p2a: Braviary|0 fnt\n|faint|p2a: Braviary\n|\n|-weather|RainDance|[upkeep]\n|upkeep\n|\n|t:|1701094339\n|switch|p2a: Absol|Absol, M|100\/100\n|-damage|p2a: Absol|88\/100|[from] Stealth Rock\n|-damage|p2a: Absol|72\/100|[from] Spikes\n|turn|8\n|\n|t:|1701094345\n|detailschange|p2a: Absol|Absol-Mega, M\n|-mega|p2a: Absol|Absol|Absolite\n|move|p2a: Absol|Sucker Punch|p1a: \u65e0\u654c\u7684\u516d\u8fb9\u5f62\n|-damage|p1a: \u65e0\u654c\u7684\u516d\u8fb9\u5f62|0 fnt\n|faint|p1a: \u65e0\u654c\u7684\u516d\u8fb9\u5f62\n|\n|-weather|RainDance|[upkeep]\n|upkeep\n|\n|t:|1701094358\n|switch|p1a: \u4f60\u9e1f\u54e5\u8fd8\u662f\u4f60\u9e1f\u54e5|Zapdos|7\/100\n|turn|9\n|\n|t:|1701094364\n|move|p2a: Absol|Knock Off|p1a: \u4f60\u9e1f\u54e5\u8fd8\u662f\u4f60\u9e1f\u54e5\n|-damage|p1a: \u4f60\u9e1f\u54e5\u8fd8\u662f\u4f60\u9e1f\u54e5|0 fnt\n|-enditem|p1a: \u4f60\u9e1f\u54e5\u8fd8\u662f\u4f60\u9e1f\u54e5|Heavy-Duty Boots|[from] move: Knock Off|[of] p2a: Absol\n|faint|p1a: \u4f60\u9e1f\u54e5\u8fd8\u662f\u4f60\u9e1f\u54e5\n|\n|-weather|RainDance|[upkeep]\n|upkeep\n|\n|t:|1701094378\n|switch|p1a: \u4f60\u600e\u4e48\u7761\u5f97\u7740\u7684|Ferrothorn, F|100\/100\n|-damage|p1a: \u4f60\u600e\u4e48\u7761\u5f97\u7740\u7684|94\/100|[from] Stealth Rock\n|turn|10\n|\n|t:|1701094384\n|move|p2a: Absol|Swords Dance|p2a: Absol\n|-boost|p2a: Absol|atk|2\n|move|p1a: \u4f60\u600e\u4e48\u7761\u5f97\u7740\u7684|Gyro Ball|p2a: Absol\n|-crit|p2a: Absol\n|-damage|p2a: Absol|0 fnt\n|faint|p2a: Absol\n|\n|-weather|RainDance|[upkeep]\n|upkeep\n|\n|t:|1701094398\n|switch|p2a: Garganacl|Garganacl, M|100\/100\n|-damage|p2a: Garganacl|88\/100|[from] Stealth Rock\n|-damage|p2a: Garganacl|71\/100|[from] Spikes\n|turn|11\n|\n|t:|1701094405\n|move|p2a: Garganacl|Salt Cure|p1a: \u4f60\u600e\u4e48\u7761\u5f97\u7740\u7684\n|-resisted|p1a: \u4f60\u600e\u4e48\u7761\u5f97\u7740\u7684\n|-damage|p1a: \u4f60\u600e\u4e48\u7761\u5f97\u7740\u7684|89\/100\n|-start|p1a: \u4f60\u600e\u4e48\u7761\u5f97\u7740\u7684|Salt Cure\n|move|p1a: \u4f60\u600e\u4e48\u7761\u5f97\u7740\u7684|Power Whip|p2a: Garganacl\n|-supereffective|p2a: Garganacl\n|-damage|p2a: Garganacl|16\/100\n|\n|-weather|RainDance|[upkeep]\n|-heal|p2a: Garganacl|22\/100|[from] item: Leftovers\n|-damage|p1a: \u4f60\u600e\u4e48\u7761\u5f97\u7740\u7684|64\/100|[from] Salt Cure\n|upkeep\n|turn|12\n|\n|t:|1701094415\n|switch|p1a: \u4efb\u4f55\u7329\u7329\uff0c\u7ec8\u5c06\u7ef3\u4e4b\u4ee5\u6cd5\uff01|Overqwil, M|100\/100\n|-damage|p1a: \u4efb\u4f55\u7329\u7329\uff0c\u7ec8\u5c06\u7ef3\u4e4b\u4ee5\u6cd5\uff01|88\/100|[from] Stealth Rock\n|move|p2a: Garganacl|Recover|p2a: Garganacl\n|-heal|p2a: Garganacl|72\/100\n|\n|-weather|RainDance|[upkeep]\n|-heal|p2a: Garganacl|78\/100|[from] item: Leftovers\n|upkeep\n|turn|13\n|\n|t:|1701094422\n|switch|p2a: Ferrothorn|Ferrothorn, M|100\/100\n|-damage|p2a: Ferrothorn|94\/100|[from] Stealth Rock\n|-damage|p2a: Ferrothorn|78\/100|[from] Spikes\n|move|p1a: \u4efb\u4f55\u7329\u7329\uff0c\u7ec8\u5c06\u7ef3\u4e4b\u4ee5\u6cd5\uff01|Liquidation|p2a: Ferrothorn\n|-resisted|p2a: Ferrothorn\n|-damage|p2a: Ferrothorn|64\/100\n|-damage|p1a: \u4efb\u4f55\u7329\u7329\uff0c\u7ec8\u5c06\u7ef3\u4e4b\u4ee5\u6cd5\uff01|76\/100|[from] ability: Iron Barbs|[of] p2a: Ferrothorn\n|-damage|p1a: \u4efb\u4f55\u7329\u7329\uff0c\u7ec8\u5c06\u7ef3\u4e4b\u4ee5\u6cd5\uff01|60\/100|[from] item: Rocky Helmet|[of] p2a: Ferrothorn\n|\n|-weather|none\n|upkeep\n|turn|14\n|\n|t:|1701094435\n|-zpower|p1a: \u4efb\u4f55\u7329\u7329\uff0c\u7ec8\u5c06\u7ef3\u4e4b\u4ee5\u6cd5\uff01\n|move|p1a: \u4efb\u4f55\u7329\u7329\uff0c\u7ec8\u5c06\u7ef3\u4e4b\u4ee5\u6cd5\uff01|Black Hole Eclipse|p2a: Ferrothorn|[zeffect]\n|-damage|p2a: Ferrothorn|9\/100\n|move|p2a: Ferrothorn|Leech Seed|p1a: \u4efb\u4f55\u7329\u7329\uff0c\u7ec8\u5c06\u7ef3\u4e4b\u4ee5\u6cd5\uff01\n|-start|p1a: \u4efb\u4f55\u7329\u7329\uff0c\u7ec8\u5c06\u7ef3\u4e4b\u4ee5\u6cd5\uff01|move: Leech Seed\n|\n|-damage|p1a: \u4efb\u4f55\u7329\u7329\uff0c\u7ec8\u5c06\u7ef3\u4e4b\u4ee5\u6cd5\uff01|47\/100|[from] Leech Seed|[of] p2a: Ferrothorn\n|-heal|p2a: Ferrothorn|20\/100|[silent]\n|upkeep\n|turn|15\n|\n|t:|1701094453\n|switch|p1a: \u4f60\u600e\u4e48\u7761\u5f97\u7740\u7684|Ferrothorn, F|64\/100\n|-damage|p1a: \u4f60\u600e\u4e48\u7761\u5f97\u7740\u7684|58\/100|[from] Stealth Rock\n|move|p2a: Ferrothorn|Power Whip|p1a: \u4f60\u600e\u4e48\u7761\u5f97\u7740\u7684|[miss]\n|-miss|p2a: Ferrothorn|p1a: \u4f60\u600e\u4e48\u7761\u5f97\u7740\u7684\n|\n|upkeep\n|turn|16\n|inactive|lakechu has 120 seconds left.\n|\n|t:|1701094480\n|switch|p2a: Garganacl|Garganacl, M|78\/100\n|-damage|p2a: Garganacl|66\/100|[from] Stealth Rock\n|-damage|p2a: Garganacl|49\/100|[from] Spikes\n|move|p1a: \u4f60\u600e\u4e48\u7761\u5f97\u7740\u7684|Power Whip|p2a: Garganacl\n|-supereffective|p2a: Garganacl\n|-damage|p2a: Garganacl|0 fnt\n|faint|p2a: Garganacl\n|\n|upkeep\n|\n|t:|1701094482\n|switch|p2a: \u4e00\u5200\u65a9|Ceruledge, F|100\/100\n|-damage|p2a: \u4e00\u5200\u65a9|75\/100|[from] Stealth Rock\n|-damage|p2a: \u4e00\u5200\u65a9|59\/100|[from] Spikes\n|turn|17\n|\n|t:|1701094489\n|move|p2a: \u4e00\u5200\u65a9|Bitter Blade|p1a: \u4f60\u600e\u4e48\u7761\u5f97\u7740\u7684\n|-supereffective|p1a: \u4f60\u600e\u4e48\u7761\u5f97\u7740\u7684\n|-damage|p1a: \u4f60\u600e\u4e48\u7761\u5f97\u7740\u7684|0 fnt\n|-heal|p2a: \u4e00\u5200\u65a9|88\/100|[from] drain|[of] p1a: \u4f60\u600e\u4e48\u7761\u5f97\u7740\u7684\n|-damage|p2a: \u4e00\u5200\u65a9|75\/100|[from] ability: Iron Barbs|[of] p1a: \u4f60\u600e\u4e48\u7761\u5f97\u7740\u7684\n|faint|p1a: \u4f60\u600e\u4e48\u7761\u5f97\u7740\u7684\n|\n|upkeep\n|\n|t:|1701094493\n|switch|p1a: \u86d9\u54e5\u6c34\u70ae\u4ece\u4e0dmiss|Greninja, M|100\/100\n|-damage|p1a: \u86d9\u54e5\u6c34\u70ae\u4ece\u4e0dmiss|88\/100|[from] Stealth Rock\n|turn|18\n|\n|t:|1701094499\n|move|p2a: \u4e00\u5200\u65a9|Shadow Sneak|p1a: \u86d9\u54e5\u6c34\u70ae\u4ece\u4e0dmiss\n|-resisted|p1a: \u86d9\u54e5\u6c34\u70ae\u4ece\u4e0dmiss\n|-damage|p1a: \u86d9\u54e5\u6c34\u70ae\u4ece\u4e0dmiss|71\/100\n|move|p1a: \u86d9\u54e5\u6c34\u70ae\u4ece\u4e0dmiss|Dark Pulse|p2a: \u4e00\u5200\u65a9\n|-supereffective|p2a: \u4e00\u5200\u65a9\n|-damage|p2a: \u4e00\u5200\u65a9|0 fnt\n|faint|p2a: \u4e00\u5200\u65a9\n|-ability|p1a: \u86d9\u54e5\u6c34\u70ae\u4ece\u4e0dmiss|Battle Bond|boost\n|-boost|p1a: \u86d9\u54e5\u6c34\u70ae\u4ece\u4e0dmiss|atk|1\n|-boost|p1a: \u86d9\u54e5\u6c34\u70ae\u4ece\u4e0dmiss|spa|1\n|-boost|p1a: \u86d9\u54e5\u6c34\u70ae\u4ece\u4e0dmiss|spe|1\n|-activate|p1a: \u86d9\u54e5\u6c34\u70ae\u4ece\u4e0dmiss|ability: Battle Bond\n|-damage|p1a: \u86d9\u54e5\u6c34\u70ae\u4ece\u4e0dmiss|61\/100|[from] item: Life Orb\n|\n|upkeep\n|\n|t:|1701094506\n|switch|p2a: Pikachu|Pikachu, F|100\/100\n|-damage|p2a: Pikachu|88\/100|[from] Stealth Rock\n|-damage|p2a: Pikachu|72\/100|[from] Spikes\n|turn|19\n|\n|t:|1701094511\n|move|p2a: Pikachu|Fake Out|p1a: \u86d9\u54e5\u6c34\u70ae\u4ece\u4e0dmiss\n|-damage|p1a: \u86d9\u54e5\u6c34\u70ae\u4ece\u4e0dmiss|33\/100\n|cant|p1a: \u86d9\u54e5\u6c34\u70ae\u4ece\u4e0dmiss|flinch\n|\n|upkeep\n|turn|20\n|\n|t:|1701094514\n|move|p2a: Pikachu|Extreme Speed|p1a: \u86d9\u54e5\u6c34\u70ae\u4ece\u4e0dmiss\n|-damage|p1a: \u86d9\u54e5\u6c34\u70ae\u4ece\u4e0dmiss|0 fnt\n|faint|p1a: \u86d9\u54e5\u6c34\u70ae\u4ece\u4e0dmiss\n|\n|upkeep\n|\n|t:|1701094520\n|switch|p1a: \u4efb\u4f55\u7329\u7329\uff0c\u7ec8\u5c06\u7ef3\u4e4b\u4ee5\u6cd5\uff01|Overqwil, M|47\/100\n|-damage|p1a: \u4efb\u4f55\u7329\u7329\uff0c\u7ec8\u5c06\u7ef3\u4e4b\u4ee5\u6cd5\uff01|35\/100|[from] Stealth Rock\n|turn|21\n|\n|t:|1701094533\n|switch|p2a: Ferrothorn|Ferrothorn, M|20\/100\n|-damage|p2a: Ferrothorn|13\/100|[from] Stealth Rock\n|-damage|p2a: Ferrothorn|0 fnt|[from] Spikes\n|faint|p2a: Ferrothorn\n|move|p1a: \u4efb\u4f55\u7329\u7329\uff0c\u7ec8\u5c06\u7ef3\u4e4b\u4ee5\u6cd5\uff01|Gunk Shot|p2: Ferrothorn|[notarget]\n|-fail|p1a: \u4efb\u4f55\u7329\u7329\uff0c\u7ec8\u5c06\u7ef3\u4e4b\u4ee5\u6cd5\uff01\n|\n|upkeep\n|\n|t:|1701094540\n|switch|p2a: Pikachu|Pikachu, F|72\/100\n|-damage|p2a: Pikachu|59\/100|[from] Stealth Rock\n|-damage|p2a: Pikachu|43\/100|[from] Spikes\n|turn|22\n|\n|t:|1701094543\n|move|p2a: Pikachu|Fake Out|p1a: \u4efb\u4f55\u7329\u7329\uff0c\u7ec8\u5c06\u7ef3\u4e4b\u4ee5\u6cd5\uff01\n|-damage|p1a: \u4efb\u4f55\u7329\u7329\uff0c\u7ec8\u5c06\u7ef3\u4e4b\u4ee5\u6cd5\uff01|16\/100\n|cant|p1a: \u4efb\u4f55\u7329\u7329\uff0c\u7ec8\u5c06\u7ef3\u4e4b\u4ee5\u6cd5\uff01|flinch\n|\n|upkeep\n|turn|23\n|\n|t:|1701094549\n|move|p2a: Pikachu|Extreme Speed|p1a: \u4efb\u4f55\u7329\u7329\uff0c\u7ec8\u5c06\u7ef3\u4e4b\u4ee5\u6cd5\uff01\n|-damage|p1a: \u4efb\u4f55\u7329\u7329\uff0c\u7ec8\u5c06\u7ef3\u4e4b\u4ee5\u6cd5\uff01|0 fnt\n|faint|p1a: \u4efb\u4f55\u7329\u7329\uff0c\u7ec8\u5c06\u7ef3\u4e4b\u4ee5\u6cd5\uff01\n|\n|win|lakechu\n|raw|congpizza's rating: 1421 &rarr; <strong>1405<\/strong><br \/>(-16 for losing)\n|raw|lakechu's rating: 1485 &rarr; <strong>1501<\/strong><br \/>(+16 for winning)\n","uploadtime":1701094561,"views":6,"p1id":"congpizza","p2id":"lakechu","formatid":"gen9nationaldex","rating":1405,"private":0,"password":""}