{"id":"gen9nationaldex-1987286533","p1":"santayoo","p2":"PunyPluto","format":"[Gen 9] National Dex","log":"|j|\u2606santayoo\n|j|\u2606PunyPluto\n|t:|1699573314\n|gametype|singles\n|player|p1|santayoo|169|1127\n|player|p2|PunyPluto|caitlin|1187\n|teamsize|p1|6\n|teamsize|p2|6\n|gen|9\n|tier|[Gen 9] National Dex\n|rated|\n|rule|HP Percentage Mod: HP is shown in percentages\n|rule|Endless Battle Clause: Forcing endless battles is banned\n|rule|OHKO Clause: OHKO moves are banned\n|rule|Evasion Clause: Evasion abilities, items, and moves are banned\n|rule|Evasion Abilities Clause: Evasion abilities are banned\n|rule|Evasion Items Clause: Evasion items are banned\n|rule|Evasion Moves Clause: Evasion moves are banned\n|rule|Species Clause: Limit one of each Pok\u00e9mon\n|rule|Sleep Clause Mod: Limit one foe put to sleep\n|clearpoke\n|poke|p1|Weavile, M|\n|poke|p1|Pinsir, M|\n|poke|p1|Great Tusk|\n|poke|p1|Frosmoth, F|\n|poke|p1|Darmanitan, M|\n|poke|p1|Hatterene, F|\n|poke|p2|Serperior, M|\n|poke|p2|Volcarona, F|\n|poke|p2|Sneasler, M|\n|poke|p2|Greninja-*, M|\n|poke|p2|Diancie|\n|poke|p2|Gliscor, M|\n|teampreview\n|inactive|Battle timer is ON: inactive players will automatically lose when time's up. (requested by santayoo)\n|\n|t:|1699573331\n|start\n|switch|p1a: Weavile|Weavile, M, shiny|100\/100\n|switch|p2a: Gyomei|Gliscor, M|100\/100\n|-ability|p1a: Weavile|Pressure\n|turn|1\n|\n|t:|1699573344\n|switch|p2a: Mitsuri|Diancie|100\/100\n|-terastallize|p1a: Weavile|Dark\n|move|p1a: Weavile|Beat Up|p2a: Mitsuri\n|-resisted|p2a: Mitsuri\n|-damage|p2a: Mitsuri|91\/100\n|-resisted|p2a: Mitsuri\n|-damage|p2a: Mitsuri|81\/100\n|-resisted|p2a: Mitsuri\n|-damage|p2a: Mitsuri|70\/100\n|-resisted|p2a: Mitsuri\n|-damage|p2a: Mitsuri|63\/100\n|-resisted|p2a: Mitsuri\n|-damage|p2a: Mitsuri|53\/100\n|-resisted|p2a: Mitsuri\n|-damage|p2a: Mitsuri|44\/100\n|-hitcount|p2a: Mitsuri|6\n|\n|upkeep\n|turn|2\n|\n|t:|1699573360\n|detailschange|p2a: Mitsuri|Diancie-Mega\n|-mega|p2a: Mitsuri|Diancie|Diancite\n|move|p1a: Weavile|Beat Up|p2a: Mitsuri\n|-resisted|p2a: Mitsuri\n|-damage|p2a: Mitsuri|33\/100\n|-resisted|p2a: Mitsuri\n|-damage|p2a: Mitsuri|20\/100\n|-resisted|p2a: Mitsuri\n|-damage|p2a: Mitsuri|5\/100\n|-resisted|p2a: Mitsuri\n|-damage|p2a: Mitsuri|0 fnt\n|faint|p2a: Mitsuri\n|-hitcount|p2: Mitsuri|4\n|\n|upkeep\n|\n|t:|1699573373\n|switch|p2a: Sanemi|Sneasler, M|100\/100\n|turn|3\n|\n|t:|1699573380\n|move|p1a: Weavile|Beat Up|p2a: Sanemi\n|-resisted|p2a: Sanemi\n|-damage|p2a: Sanemi|86\/100\n|-resisted|p2a: Sanemi\n|-damage|p2a: Sanemi|72\/100\n|-resisted|p2a: Sanemi\n|-damage|p2a: Sanemi|57\/100\n|-resisted|p2a: Sanemi\n|-damage|p2a: Sanemi|47\/100\n|-resisted|p2a: Sanemi\n|-damage|p2a: Sanemi|31\/100\n|-resisted|p2a: Sanemi\n|-damage|p2a: Sanemi|19\/100\n|-hitcount|p2a: Sanemi|6\n|move|p2a: Sanemi|Close Combat|p1a: Weavile\n|-supereffective|p1a: Weavile\n|-damage|p1a: Weavile|0 fnt\n|-unboost|p2a: Sanemi|def|1\n|-unboost|p2a: Sanemi|spd|1\n|faint|p1a: Weavile\n|\n|upkeep\n|\n|t:|1699573404\n|switch|p1a: Pinsir|Pinsir, M, shiny|100\/100\n|turn|4\n|\n|t:|1699573412\n|detailschange|p1a: Pinsir|Pinsir-Mega, M, shiny\n|-mega|p1a: Pinsir|Pinsir|Pinsirite\n|move|p1a: Pinsir|Quick Attack|p2a: Sanemi\n|-supereffective|p2a: Sanemi\n|-damage|p2a: Sanemi|0 fnt\n|faint|p2a: Sanemi\n|\n|upkeep\n|\n|t:|1699573424\n|switch|p2a: Tengen|Greninja, M|100\/100\n|turn|5\n|\n|t:|1699573440\n|switch|p1a: Hatterene|Hatterene, F, shiny|100\/100\n|move|p2a: Tengen|Ice Beam|p1a: Hatterene\n|-start|p2a: Tengen|typechange|Ice|[from] ability: Protean\n|-damage|p1a: Hatterene|55\/100\n|\n|-heal|p1a: Hatterene|61\/100|[from] item: Leftovers\n|upkeep\n|turn|6\n|\n|t:|1699573458\n|move|p2a: Tengen|Ice Beam|p1a: Hatterene\n|-damage|p1a: Hatterene|18\/100\n|move|p1a: Hatterene|Mystical Fire|p2a: Tengen\n|-supereffective|p2a: Tengen\n|-damage|p2a: Tengen|30\/100\n|-unboost|p2a: Tengen|spa|1\n|\n|-heal|p1a: Hatterene|24\/100|[from] item: Leftovers\n|upkeep\n|turn|7\n|\n|t:|1699573470\n|move|p2a: Tengen|Ice Beam|p1a: Hatterene\n|-damage|p1a: Hatterene|0 fnt\n|faint|p1a: Hatterene\n|\n|upkeep\n|\n|t:|1699573480\n|switch|p1a: Pinsir|Pinsir-Mega, M, shiny|100\/100\n|turn|8\n|\n|t:|1699573484\n|move|p2a: Tengen|Ice Beam|p1a: Pinsir\n|-supereffective|p1a: Pinsir\n|-damage|p1a: Pinsir|22\/100\n|move|p1a: Pinsir|Earthquake|p2a: Tengen\n|-crit|p2a: Tengen\n|-damage|p2a: Tengen|0 fnt\n|faint|p2a: Tengen\n|\n|upkeep\n|\n|t:|1699573499\n|switch|p2a: Gyomei|Gliscor, M|100\/100\n|turn|9\n|\n|t:|1699573507\n|switch|p1a: Frosmoth|Frosmoth, F|100\/100\n|move|p2a: Gyomei|Crabhammer|p1a: Frosmoth\n|-damage|p1a: Frosmoth|42\/100\n|\n|-status|p2a: Gyomei|tox|[from] item: Toxic Orb\n|upkeep\n|turn|10\n|\n|t:|1699573517\n|switch|p2a: Shinobu|Volcarona, F|100\/100\n|move|p1a: Frosmoth|Ice Beam|p2a: Shinobu\n|-resisted|p2a: Shinobu\n|-damage|p2a: Shinobu|75\/100\n|\n|upkeep\n|turn|11\n|\n|t:|1699573530\n|move|p2a: Shinobu|Quiver Dance|p2a: Shinobu\n|-boost|p2a: Shinobu|spa|1\n|-boost|p2a: Shinobu|spd|1\n|-boost|p2a: Shinobu|spe|1\n|move|p1a: Frosmoth|Quiver Dance|p1a: Frosmoth\n|-boost|p1a: Frosmoth|spa|1\n|-boost|p1a: Frosmoth|spd|1\n|-boost|p1a: Frosmoth|spe|1\n|\n|upkeep\n|turn|12\n|\n|t:|1699573539\n|move|p2a: Shinobu|Fiery Dance|p1a: Frosmoth\n|-supereffective|p1a: Frosmoth\n|-damage|p1a: Frosmoth|0 fnt\n|-boost|p2a: Shinobu|spa|1\n|faint|p1a: Frosmoth\n|\n|upkeep\n|\n|t:|1699573557\n|switch|p1a: Darmanitan|Darmanitan, M|100\/100\n|turn|13\n|\n|t:|1699573562\n|move|p2a: Shinobu|Bug Buzz|p1a: Darmanitan\n|-resisted|p1a: Darmanitan\n|-damage|p1a: Darmanitan|18\/100\n|move|p1a: Darmanitan|Rock Slide|p2a: Shinobu\n|-supereffective|p2a: Shinobu\n|-damage|p2a: Shinobu|0 fnt\n|faint|p2a: Shinobu\n|\n|upkeep\n|\n|t:|1699573570\n|switch|p2a: Gyomei|Gliscor, M|100\/100 tox\n|turn|14\n|\n|t:|1699573578\n|move|p1a: Darmanitan|Rock Slide|p2a: Gyomei\n|-damage|p2a: Gyomei|62\/100 tox\n|move|p2a: Gyomei|Crabhammer|p1a: Darmanitan\n|-supereffective|p1a: Darmanitan\n|-damage|p1a: Darmanitan|0 fnt\n|faint|p1a: Darmanitan\n|\n|-heal|p2a: Gyomei|74\/100 tox|[from] ability: Poison Heal\n|upkeep\n|\n|t:|1699573588\n|switch|p1a: Great Tusk|Great Tusk|100\/100\n|turn|15\n|\n|t:|1699573593\n|move|p1a: Great Tusk|Knock Off|p2a: Gyomei\n|-damage|p2a: Gyomei|46\/100 tox\n|-enditem|p2a: Gyomei|Toxic Orb|[from] move: Knock Off|[of] p1a: Great Tusk\n|move|p2a: Gyomei|Roost|p2a: Gyomei\n|-heal|p2a: Gyomei|96\/100 tox\n|-singleturn|p2a: Gyomei|move: Roost\n|\n|-heal|p2a: Gyomei|100\/100 tox|[from] ability: Poison Heal\n|upkeep\n|turn|16\n|l|\u2606santayoo\n|inactive|santayoo disconnected and has a minute to reconnect!\n|player|p1|\n|inactive|santayoo has 30 seconds to reconnect!\n|inactive|santayoo has 20 seconds to reconnect!\n|inactive|santayoo has 15 seconds to reconnect!\n|inactive|santayoo has 10 seconds to reconnect!\n|inactive|santayoo has 5 seconds to reconnect!\n|-message|santayoo lost due to inactivity.\n|\n|win|PunyPluto\n|raw|santayoo's rating: 1127 &rarr; <strong>1106<\/strong><br \/>(-21 for losing)\n|raw|PunyPluto's rating: 1187 &rarr; <strong>1208<\/strong><br \/>(+21 for winning)\n","uploadtime":1699573668,"views":7,"p1id":"santayoo","p2id":"punypluto","formatid":"gen9nationaldex","rating":1106,"private":0,"password":""}