{"id":"gen9nationaldex-1990908156","p1":"GABRIEL_HU","p2":"roronoa200","format":"[Gen 9] National Dex","log":"|j|\u2606GABRIEL_HU\n|j|\u2606roronoa200\n|t:|1700013869\n|gametype|singles\n|player|p1|GABRIEL_HU|guitarist|1299\n|player|p2|roronoa200|265|1213\n|teamsize|p1|6\n|teamsize|p2|6\n|gen|9\n|tier|[Gen 9] National Dex\n|rated|\n|rule|HP Percentage Mod: HP is shown in percentages\n|rule|Endless Battle Clause: Forcing endless battles is banned\n|rule|OHKO Clause: OHKO moves are banned\n|rule|Evasion Clause: Evasion abilities, items, and moves are banned\n|rule|Evasion Abilities Clause: Evasion abilities are banned\n|rule|Evasion Items Clause: Evasion items are banned\n|rule|Evasion Moves Clause: Evasion moves are banned\n|rule|Species Clause: Limit one of each Pok\u00e9mon\n|rule|Sleep Clause Mod: Limit one foe put to sleep\n|clearpoke\n|poke|p1|Garganacl, M|\n|poke|p1|Greninja-*, M|\n|poke|p1|Zapdos|\n|poke|p1|Great Tusk|\n|poke|p1|Heatran, M|\n|poke|p1|Scizor, M|\n|poke|p2|Granbull, M|\n|poke|p2|Meganium, M|\n|poke|p2|Houndoom, F|\n|poke|p2|Quagsire, F|\n|poke|p2|Skarmory, F|\n|poke|p2|Crobat, F|\n|teampreview\n|inactive|Battle timer is ON: inactive players will automatically lose when time's up. (requested by GABRIEL_HU)\n|\n|t:|1700013876\n|start\n|switch|p1a: Heatran|Heatran, M|100\/100\n|switch|p2a: Skarmory|Skarmory, F|100\/100\n|turn|1\n|\n|t:|1700013883\n|switch|p2a: Quagsire|Quagsire, F|100\/100\n|move|p1a: Heatran|Stealth Rock|p2a: Quagsire\n|-sidestart|p2: roronoa200|move: Stealth Rock\n|\n|upkeep\n|turn|2\n|\n|t:|1700013891\n|switch|p1a: Zapdos|Zapdos|100\/100\n|move|p2a: Quagsire|Toxic|p1a: Zapdos|[miss]\n|-miss|p2a: Quagsire|p1a: Zapdos\n|\n|upkeep\n|turn|3\n|\n|t:|1700013897\n|move|p1a: Zapdos|U-turn|p2a: Quagsire\n|-crit|p2a: Quagsire\n|-damage|p2a: Quagsire|83\/100\n|\n|t:|1700013902\n|switch|p1a: Scizor|Scizor, M|100\/100|[from] U-turn\n|move|p2a: Quagsire|Toxic|p1a: Scizor\n|-immune|p1a: Scizor\n|\n|-heal|p2a: Quagsire|89\/100|[from] item: Leftovers\n|upkeep\n|turn|4\n|\n|t:|1700013911\n|detailschange|p1a: Scizor|Scizor-Mega, M\n|-mega|p1a: Scizor|Scizor|Scizorite\n|move|p1a: Scizor|U-turn|p2a: Quagsire\n|-damage|p2a: Quagsire|60\/100\n|\n|t:|1700013916\n|switch|p1a: Garganacl|Garganacl, M, shiny|100\/100|[from] U-turn\n|move|p2a: Quagsire|Earth Power|p1a: Garganacl\n|-supereffective|p1a: Garganacl\n|-damage|p1a: Garganacl|72\/100\n|\n|-heal|p1a: Garganacl|78\/100|[from] item: Leftovers\n|-heal|p2a: Quagsire|66\/100|[from] item: Leftovers\n|upkeep\n|turn|5\n|\n|t:|1700013927\n|-terastallize|p1a: Garganacl|Water\n|move|p1a: Garganacl|Salt Cure|p2a: Quagsire\n|-resisted|p2a: Quagsire\n|-damage|p2a: Quagsire|59\/100\n|-start|p2a: Quagsire|Salt Cure\n|move|p2a: Quagsire|Recover|p2a: Quagsire\n|-heal|p2a: Quagsire|100\/100\n|\n|-heal|p1a: Garganacl|85\/100|[from] item: Leftovers\n|-damage|p2a: Quagsire|75\/100|[from] Salt Cure\n|upkeep\n|turn|6\n|\n|t:|1700013953\n|switch|p2a: Meganium|Meganium, M|100\/100\n|-damage|p2a: Meganium|88\/100|[from] Stealth Rock\n|move|p1a: Garganacl|Body Press|p2a: Meganium\n|-damage|p2a: Meganium|69\/100\n|\n|-heal|p2a: Meganium|75\/100|[from] item: Leftovers\n|-heal|p1a: Garganacl|91\/100|[from] item: Leftovers\n|upkeep\n|turn|7\n|\n|t:|1700013963\n|switch|p1a: Zapdos|Zapdos|100\/100\n|move|p2a: Meganium|Giga Drain|p1a: Zapdos\n|-resisted|p1a: Zapdos\n|-damage|p1a: Zapdos|88\/100\n|-heal|p2a: Meganium|82\/100|[from] drain|[of] p1a: Zapdos\n|\n|-heal|p2a: Meganium|88\/100|[from] item: Leftovers\n|upkeep\n|turn|8\n|\n|t:|1700013973\n|move|p1a: Zapdos|U-turn|p2a: Meganium\n|-supereffective|p2a: Meganium\n|-crit|p2a: Meganium\n|-damage|p2a: Meganium|55\/100\n|\n|t:|1700013976\n|switch|p1a: Scizor|Scizor-Mega, M|100\/100|[from] U-turn\n|move|p2a: Meganium|Toxic|p1a: Scizor\n|-immune|p1a: Scizor\n|\n|-heal|p2a: Meganium|61\/100|[from] item: Leftovers\n|upkeep\n|turn|9\n|\n|t:|1700013985\n|move|p2a: Meganium|Leech Seed|p1a: Scizor\n|-start|p1a: Scizor|move: Leech Seed\n|move|p1a: Scizor|U-turn|p2a: Meganium\n|-supereffective|p2a: Meganium\n|-damage|p2a: Meganium|5\/100\n|\n|t:|1700013990\n|switch|p1a: Greninja|Greninja, M|100\/100|[from] U-turn\n|\n|-heal|p2a: Meganium|11\/100|[from] item: Leftovers\n|upkeep\n|turn|10\n|\n|t:|1700013996\n|move|p1a: Greninja|Water Shuriken|p2a: Meganium\n|-resisted|p2a: Meganium\n|-damage|p2a: Meganium|7\/100\n|-resisted|p2a: Meganium\n|-damage|p2a: Meganium|3\/100\n|-hitcount|p2a: Meganium|2\n|-damage|p1a: Greninja|91\/100|[from] item: Life Orb\n|move|p2a: Meganium|Giga Drain|p1a: Greninja\n|-supereffective|p1a: Greninja\n|-damage|p1a: Greninja|0 fnt\n|-heal|p2a: Meganium|39\/100|[from] drain|[of] p1a: Greninja\n|faint|p1a: Greninja\n|\n|-heal|p2a: Meganium|45\/100|[from] item: Leftovers\n|upkeep\n|\n|t:|1700014007\n|switch|p1a: Scizor|Scizor-Mega, M|100\/100\n|turn|11\n|\n|t:|1700014014\n|move|p2a: Meganium|Protect|p2a: Meganium\n|-singleturn|p2a: Meganium|Protect\n|move|p1a: Scizor|U-turn|p2a: Meganium\n|-activate|p2a: Meganium|move: Protect\n|\n|-heal|p2a: Meganium|51\/100|[from] item: Leftovers\n|upkeep\n|turn|12\n|\n|t:|1700014028\n|switch|p2a: Skarmory|Skarmory, F|100\/100\n|-damage|p2a: Skarmory|88\/100|[from] Stealth Rock\n|move|p1a: Scizor|U-turn|p2a: Skarmory\n|-resisted|p2a: Skarmory\n|-damage|p2a: Skarmory|82\/100\n|-damage|p1a: Scizor|84\/100|[from] item: Rocky Helmet|[of] p2a: Skarmory\n|\n|t:|1700014031\n|switch|p1a: Heatran|Heatran, M|100\/100|[from] U-turn\n|\n|upkeep\n|turn|13\n|\n|t:|1700014042\n|switch|p2a: Quagsire|Quagsire, F|75\/100\n|-damage|p2a: Quagsire|69\/100|[from] Stealth Rock\n|move|p1a: Heatran|Magma Storm|p2a: Quagsire|[miss]\n|-miss|p1a: Heatran|p2a: Quagsire\n|\n|-heal|p2a: Quagsire|75\/100|[from] item: Leftovers\n|upkeep\n|turn|14\n|\n|t:|1700014055\n|switch|p1a: Garganacl|Garganacl, M, shiny, tera:Water|91\/100\n|move|p2a: Quagsire|Toxic|p1a: Garganacl|[miss]\n|-miss|p2a: Quagsire|p1a: Garganacl\n|\n|-heal|p1a: Garganacl|97\/100|[from] item: Leftovers\n|-heal|p2a: Quagsire|82\/100|[from] item: Leftovers\n|upkeep\n|turn|15\n|\n|t:|1700014070\n|switch|p2a: Skarmory|Skarmory, F|82\/100\n|-damage|p2a: Skarmory|69\/100|[from] Stealth Rock\n|move|p1a: Garganacl|Salt Cure|p2a: Skarmory\n|-damage|p2a: Skarmory|58\/100\n|-start|p2a: Skarmory|Salt Cure\n|\n|-heal|p1a: Garganacl|100\/100|[from] item: Leftovers\n|-damage|p2a: Skarmory|33\/100|[from] Salt Cure\n|upkeep\n|turn|16\n|\n|t:|1700014084\n|move|p2a: Skarmory|Defog|p1a: Garganacl\n|-unboost|p1a: Garganacl|evasion|1\n|-sideend|p2: roronoa200|Stealth Rock|[from] move: Defog|[of] p2a: Skarmory\n|move|p1a: Garganacl|Salt Cure|p2a: Skarmory\n|-damage|p2a: Skarmory|24\/100\n|\n|-damage|p2a: Skarmory|0 fnt|[from] Salt Cure\n|faint|p2a: Skarmory\n|upkeep\n|inactive|roronoa200 has 120 seconds left.\n|\n|t:|1700014106\n|switch|p2a: Meganium|Meganium, M|51\/100\n|turn|17\n|\n|t:|1700014116\n|switch|p1a: Zapdos|Zapdos|88\/100\n|move|p2a: Meganium|Leech Seed|p1a: Zapdos\n|-start|p1a: Zapdos|move: Leech Seed\n|\n|-heal|p2a: Meganium|57\/100|[from] item: Leftovers\n|-damage|p1a: Zapdos|75\/100|[from] Leech Seed|[of] p2a: Meganium\n|-heal|p2a: Meganium|70\/100|[silent]\n|upkeep\n|turn|18\n|\n|t:|1700014125\n|move|p2a: Meganium|Protect|p2a: Meganium\n|-singleturn|p2a: Meganium|Protect\n|move|p1a: Zapdos|U-turn|p2a: Meganium\n|-activate|p2a: Meganium|move: Protect\n|\n|-heal|p2a: Meganium|76\/100|[from] item: Leftovers\n|-damage|p1a: Zapdos|63\/100|[from] Leech Seed|[of] p2a: Meganium\n|-heal|p2a: Meganium|89\/100|[silent]\n|upkeep\n|turn|19\n|inactive|roronoa200 has 120 seconds left.\n|\n|t:|1700014161\n|switch|p2a: Quagsire|Quagsire, F|82\/100\n|move|p1a: Zapdos|U-turn|p2a: Quagsire\n|-damage|p2a: Quagsire|70\/100\n|\n|t:|1700014165\n|switch|p1a: Garganacl|Garganacl, M, shiny, tera:Water|100\/100|[from] U-turn\n|\n|-heal|p2a: Quagsire|77\/100|[from] item: Leftovers\n|upkeep\n|turn|20\n|inactive|roronoa200 has 90 seconds left.\n|inactive|roronoa200 has 60 seconds left.\n|\n|t:|1700014228\n|move|p1a: Garganacl|Salt Cure|p2a: Quagsire\n|-resisted|p2a: Quagsire\n|-damage|p2a: Quagsire|71\/100\n|-start|p2a: Quagsire|Salt Cure\n|move|p2a: Quagsire|Ice Beam|p1a: Garganacl\n|-resisted|p1a: Garganacl\n|-damage|p1a: Garganacl|95\/100\n|\n|-heal|p1a: Garganacl|100\/100|[from] item: Leftovers\n|-heal|p2a: Quagsire|77\/100|[from] item: Leftovers\n|-damage|p2a: Quagsire|52\/100|[from] Salt Cure\n|upkeep\n|turn|21\n|inactive|roronoa200 has 60 seconds left.\n|\n|t:|1700014244\n|switch|p2a: Meganium|Meganium, M|89\/100\n|move|p1a: Garganacl|Body Press|p2a: Meganium\n|-damage|p2a: Meganium|69\/100\n|\n|-heal|p2a: Meganium|75\/100|[from] item: Leftovers\n|upkeep\n|turn|22\n|inactive|roronoa200 has 60 seconds left.\n|\n|t:|1700014253\n|switch|p1a: Scizor|Scizor-Mega, M|84\/100\n|move|p2a: Meganium|Leech Seed|p1a: Scizor\n|-start|p1a: Scizor|move: Leech Seed\n|\n|-heal|p2a: Meganium|82\/100|[from] item: Leftovers\n|-damage|p1a: Scizor|72\/100|[from] Leech Seed|[of] p2a: Meganium\n|-heal|p2a: Meganium|93\/100|[silent]\n|upkeep\n|turn|23\n|\n|t:|1700014262\n|move|p2a: Meganium|Protect|p2a: Meganium\n|-singleturn|p2a: Meganium|Protect\n|move|p1a: Scizor|Roost|p1a: Scizor\n|-heal|p1a: Scizor|100\/100\n|-singleturn|p1a: Scizor|move: Roost\n|\n|-heal|p2a: Meganium|99\/100|[from] item: Leftovers\n|-damage|p1a: Scizor|88\/100|[from] Leech Seed|[of] p2a: Meganium\n|-heal|p2a: Meganium|100\/100|[silent]\n|upkeep\n|turn|24\n|inactive|roronoa200 has 60 seconds left.\n|\n|t:|1700014286\n|switch|p2a: Quagsire|Quagsire, F|52\/100\n|move|p1a: Scizor|U-turn|p2a: Quagsire\n|-damage|p2a: Quagsire|18\/100\n|\n|t:|1700014294\n|switch|p1a: Great Tusk|Great Tusk|100\/100|[from] U-turn\n|\n|-heal|p2a: Quagsire|24\/100|[from] item: Leftovers\n|upkeep\n|turn|25\n|inactive|roronoa200 has 60 seconds left.\n|\n|t:|1700014306\n|move|p1a: Great Tusk|Close Combat|p2a: Quagsire\n|-damage|p2a: Quagsire|0 fnt\n|-unboost|p1a: Great Tusk|def|1\n|-unboost|p1a: Great Tusk|spd|1\n|faint|p2a: Quagsire\n|\n|upkeep\n|inactive|roronoa200 has 60 seconds left.\n|\n|t:|1700014316\n|switch|p2a: Meganium|Meganium, M|100\/100\n|turn|26\n|inactive|roronoa200 has 60 seconds left.\n|\n|t:|1700014324\n|-end|p1a: Great Tusk|Protosynthesis|[silent]\n|switch|p1a: Heatran|Heatran, M|100\/100\n|move|p2a: Meganium|Leech Seed|p1a: Heatran\n|-start|p1a: Heatran|move: Leech Seed\n|\n|-damage|p1a: Heatran|88\/100|[from] Leech Seed|[of] p2a: Meganium\n|upkeep\n|turn|27\n|\n|t:|1700014332\n|move|p2a: Meganium|Protect|p2a: Meganium\n|-singleturn|p2a: Meganium|Protect\n|move|p1a: Heatran|Stealth Rock|p2a: Meganium\n|-sidestart|p2: roronoa200|move: Stealth Rock\n|\n|-damage|p1a: Heatran|76\/100|[from] Leech Seed|[of] p2a: Meganium\n|upkeep\n|turn|28\n|inactive|roronoa200 has 60 seconds left.\n|inactive|roronoa200 has 30 seconds left.\n|inactive|roronoa200 has 20 seconds left.\n|\n|t:|1700014391\n|switch|p2a: Granbull|Granbull, M|100\/100\n|-damage|p2a: Granbull|88\/100|[from] Stealth Rock\n|switch|p1a: Scizor|Scizor-Mega, M|88\/100\n|\n|-status|p2a: Granbull|tox|[from] item: Toxic Orb\n|upkeep\n|turn|29\n|inactive|roronoa200 has 30 seconds left this turn.\n|inactive|roronoa200 has 20 seconds left.\n|inactive|roronoa200 has 15 seconds left.\n|\n|t:|1700014407\n|move|p1a: Scizor|Bullet Punch|p2a: Granbull\n|-supereffective|p2a: Granbull\n|-damage|p2a: Granbull|9\/100 tox\n|move|p2a: Granbull|Facade|p1a: Scizor\n|-resisted|p1a: Scizor\n|-damage|p1a: Scizor|74\/100\n|\n|-damage|p2a: Granbull|3\/100 tox|[from] psn\n|upkeep\n|turn|30\n|inactive|roronoa200 has 25 seconds left this turn.\n|inactive|roronoa200 has 20 seconds left.\n|inactive|roronoa200 has 15 seconds left.\n|\n|t:|1700014418\n|move|p1a: Scizor|Bullet Punch|p2a: Granbull\n|-supereffective|p2a: Granbull\n|-damage|p2a: Granbull|0 fnt\n|faint|p2a: Granbull\n|\n|upkeep\n|inactive|roronoa200 has 20 seconds left this turn.\n|inactive|roronoa200 has 15 seconds left.\n|inactive|roronoa200 has 10 seconds left.\n|\n|t:|1700014431\n|switch|p2a: Crobat|Crobat, F|100\/100\n|-damage|p2a: Crobat|76\/100|[from] Stealth Rock\n|turn|31\n|inactive|roronoa200 has 20 seconds left this turn.\n|\n|t:|1700014437\n|switch|p1a: Garganacl|Garganacl, M, shiny, tera:Water|100\/100\n|move|p2a: Crobat|Heat Wave|p1a: Garganacl\n|-resisted|p1a: Garganacl\n|-damage|p1a: Garganacl|94\/100\n|\n|-heal|p2a: Crobat|82\/100|[from] item: Black Sludge\n|-heal|p1a: Garganacl|99\/100|[from] item: Leftovers\n|upkeep\n|turn|32\n|inactive|roronoa200 has 30 seconds left this turn.\n|inactive|roronoa200 has 20 seconds left.\n|\n|t:|1700014448\n|move|p2a: Crobat|Nasty Plot|p2a: Crobat\n|-boost|p2a: Crobat|spa|2\n|move|p1a: Garganacl|Salt Cure|p2a: Crobat\n|-supereffective|p2a: Crobat\n|-damage|p2a: Crobat|45\/100\n|-start|p2a: Crobat|Salt Cure\n|\n|-heal|p2a: Crobat|51\/100|[from] item: Black Sludge\n|-heal|p1a: Garganacl|100\/100|[from] item: Leftovers\n|-damage|p2a: Crobat|38\/100|[from] Salt Cure\n|upkeep\n|turn|33\n|inactive|roronoa200 has 30 seconds left this turn.\n|inactive|roronoa200 has 20 seconds left.\n|\n|t:|1700014459\n|move|p2a: Crobat|Giga Drain|p1a: Garganacl\n|-supereffective|p1a: Garganacl\n|-damage|p1a: Garganacl|58\/100\n|-heal|p2a: Crobat|66\/100|[from] drain|[of] p1a: Garganacl\n|move|p1a: Garganacl|Salt Cure|p2a: Crobat\n|-supereffective|p2a: Crobat\n|-damage|p2a: Crobat|28\/100\n|\n|-heal|p2a: Crobat|35\/100|[from] item: Black Sludge\n|-heal|p1a: Garganacl|65\/100|[from] item: Leftovers\n|-damage|p2a: Crobat|22\/100|[from] Salt Cure\n|upkeep\n|turn|34\n|inactive|roronoa200 has 30 seconds left this turn.\n|inactive|roronoa200 has 20 seconds left.\n|\n|t:|1700014472\n|switch|p1a: Scizor|Scizor-Mega, M|74\/100\n|move|p2a: Crobat|Giga Drain|p1a: Scizor\n|-resisted|p1a: Scizor\n|-damage|p1a: Scizor|67\/100\n|-heal|p2a: Crobat|26\/100|[from] drain|[of] p1a: Scizor\n|\n|-heal|p2a: Crobat|32\/100|[from] item: Black Sludge\n|-damage|p2a: Crobat|20\/100|[from] Salt Cure\n|upkeep\n|turn|35\n|inactive|roronoa200 has 30 seconds left this turn.\n|inactive|roronoa200 has 20 seconds left.\n|\n|t:|1700014483\n|switch|p1a: Heatran|Heatran, M|76\/100\n|move|p2a: Crobat|Heat Wave|p1a: Heatran\n|-start|p1a: Heatran|ability: Flash Fire\n|\n|-heal|p2a: Crobat|26\/100|[from] item: Black Sludge\n|-damage|p2a: Crobat|14\/100|[from] Salt Cure\n|upkeep\n|turn|36\n|inactive|roronoa200 has 30 seconds left this turn.\n|inactive|roronoa200 has 20 seconds left.\n|\n|t:|1700014495\n|move|p1a: Heatran|Protect|p1a: Heatran\n|-singleturn|p1a: Heatran|Protect\n|move|p2a: Crobat|Giga Drain|p1a: Heatran\n|-activate|p1a: Heatran|move: Protect\n|\n|-heal|p2a: Crobat|20\/100|[from] item: Black Sludge\n|-damage|p2a: Crobat|8\/100|[from] Salt Cure\n|upkeep\n|turn|37\n|inactive|roronoa200 has 30 seconds left this turn.\n|\n|t:|1700014505\n|move|p2a: Crobat|Giga Drain|p1a: Heatran\n|-resisted|p1a: Heatran\n|-crit|p1a: Heatran\n|-damage|p1a: Heatran|68\/100\n|-heal|p2a: Crobat|13\/100|[from] drain|[of] p1a: Heatran\n|move|p1a: Heatran|Magma Storm|p2a: Crobat\n|-damage|p2a: Crobat|0 fnt\n|faint|p2a: Crobat\n|\n|upkeep\n|inactive|roronoa200 has 30 seconds left this turn.\n|inactive|roronoa200 has 20 seconds left.\n|\n|t:|1700014518\n|switch|p2a: Meganium|Meganium, M|100\/100\n|-damage|p2a: Meganium|88\/100|[from] Stealth Rock\n|turn|38\n|inactive|roronoa200 has 30 seconds left this turn.\n|\n|t:|1700014524\n|move|p1a: Heatran|Protect|p1a: Heatran\n|-singleturn|p1a: Heatran|Protect\n|move|p2a: Meganium|Leech Seed|p1a: Heatran\n|-activate|p1a: Heatran|move: Protect\n|\n|-heal|p2a: Meganium|94\/100|[from] item: Leftovers\n|upkeep\n|turn|39\n|inactive|roronoa200 has 30 seconds left.\n|\n|t:|1700014535\n|switch|p2a: Houndoom|Houndoom, F|100\/100\n|-damage|p2a: Houndoom|76\/100|[from] Stealth Rock\n|move|p1a: Heatran|Magma Storm|p2a: Houndoom\n|-start|p2a: Houndoom|ability: Flash Fire\n|\n|upkeep\n|turn|40\n|inactive|roronoa200 has 30 seconds left.\n|\n|t:|1700014544\n|detailschange|p2a: Houndoom|Houndoom-Mega, F\n|-mega|p2a: Houndoom|Houndoom|Houndoominite\n|-end|p2a: Houndoom|ability: Flash Fire|[silent]\n|move|p2a: Houndoom|Destiny Bond|p2a: Houndoom\n|-singlemove|p2a: Houndoom|Destiny Bond\n|move|p1a: Heatran|Toxic|p2a: Houndoom\n|-status|p2a: Houndoom|tox\n|\n|-damage|p2a: Houndoom|70\/100 tox|[from] psn\n|upkeep\n|turn|41\n|inactive|roronoa200 has 30 seconds left.\n|\n|t:|1700014559\n|move|p1a: Heatran|Protect|p1a: Heatran\n|-singleturn|p1a: Heatran|Protect\n|move|p2a: Houndoom|Dark Pulse|p1a: Heatran\n|-activate|p1a: Heatran|move: Protect\n|\n|-damage|p2a: Houndoom|57\/100 tox|[from] psn\n|upkeep\n|turn|42\n|\n|t:|1700014567\n|move|p2a: Houndoom|Dark Pulse|p1a: Heatran\n|-damage|p1a: Heatran|42\/100\n|move|p1a: Heatran|Magma Storm|p2a: Houndoom|[miss]\n|-miss|p1a: Heatran|p2a: Houndoom\n|\n|-damage|p2a: Houndoom|39\/100 tox|[from] psn\n|upkeep\n|turn|43\n|\n|t:|1700014577\n|move|p2a: Houndoom|Dark Pulse|p1a: Heatran\n|-damage|p1a: Heatran|14\/100\n|cant|p1a: Heatran|flinch\n|\n|-damage|p2a: Houndoom|14\/100 tox|[from] psn\n|upkeep\n|turn|44\n|\n|t:|1700014586\n|move|p1a: Heatran|Protect|p1a: Heatran\n|-singleturn|p1a: Heatran|Protect\n|move|p2a: Houndoom|Dark Pulse|p1a: Heatran\n|-activate|p1a: Heatran|move: Protect\n|\n|-damage|p2a: Houndoom|0 fnt|[from] psn\n|faint|p2a: Houndoom\n|upkeep\n|\n|t:|1700014594\n|switch|p2a: Meganium|Meganium, M|94\/100\n|-damage|p2a: Meganium|82\/100|[from] Stealth Rock\n|turn|45\n|\n|t:|1700014599\n|move|p2a: Meganium|Leech Seed|p1a: Heatran\n|-start|p1a: Heatran|move: Leech Seed\n|move|p1a: Heatran|Toxic|p2a: Meganium\n|-status|p2a: Meganium|tox\n|\n|-heal|p2a: Meganium|88\/100 tox|[from] item: Leftovers\n|-damage|p1a: Heatran|2\/100|[from] Leech Seed|[of] p2a: Meganium\n|-heal|p2a: Meganium|100\/100 tox|[silent]\n|-damage|p2a: Meganium|94\/100 tox|[from] psn\n|upkeep\n|turn|46\n|\n|t:|1700014610\n|move|p2a: Meganium|Protect|p2a: Meganium\n|-singleturn|p2a: Meganium|Protect\n|move|p1a: Heatran|Magma Storm|p2a: Meganium\n|-activate|p2a: Meganium|move: Protect\n|\n|-heal|p2a: Meganium|100\/100 tox|[from] item: Leftovers\n|-damage|p1a: Heatran|0 fnt|[from] Leech Seed|[of] p2a: Meganium\n|faint|p1a: Heatran\n|-damage|p2a: Meganium|88\/100 tox|[from] psn\n|upkeep\n|\n|t:|1700014614\n|switch|p1a: Great Tusk|Great Tusk|100\/100\n|turn|47\n|\n|t:|1700014635\n|-zpower|p1a: Great Tusk\n|move|p1a: Great Tusk|Subzero Slammer|p2a: Meganium|[zeffect]\n|-supereffective|p2a: Meganium\n|-damage|p2a: Meganium|1\/100 tox\n|move|p2a: Meganium|Leech Seed|p1a: Great Tusk\n|-start|p1a: Great Tusk|move: Leech Seed\n|\n|-heal|p2a: Meganium|7\/100 tox|[from] item: Leftovers\n|-damage|p1a: Great Tusk|88\/100|[from] Leech Seed|[of] p2a: Meganium\n|-heal|p2a: Meganium|20\/100 tox|[silent]\n|-damage|p2a: Meganium|2\/100 tox|[from] psn\n|upkeep\n|turn|48\n|\n|t:|1700014648\n|move|p1a: Great Tusk|Rapid Spin|p2a: Meganium\n|-damage|p2a: Meganium|0 fnt\n|-boost|p1a: Great Tusk|spe|1\n|-end|p1a: Great Tusk|Leech Seed|[from] move: Rapid Spin|[of] p1a: Great Tusk\n|faint|p2a: Meganium\n|\n|win|GABRIEL_HU\n|raw|GABRIEL_HU's rating: 1299 &rarr; <strong>1318<\/strong><br \/>(+19 for winning)\n|raw|roronoa200's rating: 1213 &rarr; <strong>1194<\/strong><br \/>(-19 for losing)\n","uploadtime":1700014656,"views":4,"p1id":"gabrielhu","p2id":"roronoa200","formatid":"gen9nationaldex","rating":1194,"private":0,"password":""}