{"id":"gen9nationaldex-1987381633","p1":"PyroGaleZX","p2":"HeirEhm","format":"[Gen 9] National Dex","log":"|j|\u2606PyroGaleZX\n|j|\u2606HeirEhm\n|t:|1699584192\n|gametype|singles\n|player|p1|PyroGaleZX|grusha|\n|player|p2|HeirEhm|cynthia-gen7|\n|teamsize|p1|6\n|teamsize|p2|6\n|gen|9\n|tier|[Gen 9] National Dex\n|rule|HP Percentage Mod: HP is shown in percentages\n|rule|Endless Battle Clause: Forcing endless battles is banned\n|rule|OHKO Clause: OHKO moves are banned\n|rule|Evasion Clause: Evasion abilities, items, and moves are banned\n|rule|Evasion Abilities Clause: Evasion abilities are banned\n|rule|Evasion Items Clause: Evasion items are banned\n|rule|Evasion Moves Clause: Evasion moves are banned\n|rule|Species Clause: Limit one of each Pok\u00e9mon\n|rule|Sleep Clause Mod: Limit one foe put to sleep\n|clearpoke\n|poke|p1|Samurott-Hisui, F|\n|poke|p1|Enamorus-Therian, F|\n|poke|p1|Arcanine, F|\n|poke|p1|Umbreon, F|\n|poke|p1|Spiritomb, M|\n|poke|p1|Pawmo, M|\n|poke|p2|Garganacl, M|\n|poke|p2|Ceruledge, M|\n|poke|p2|Klefki, F|\n|poke|p2|Electrode-Hisui|\n|poke|p2|Chansey, F|\n|poke|p2|Murkrow, F|\n|teampreview\n|\n|t:|1699584227\n|start\n|switch|p1a: Samurott|Samurott-Hisui, F|100\/100\n|switch|p2a: Jingle Jingle|Klefki, F|100\/100\n|turn|1\n|\n|t:|1699584236\n|move|p2a: Jingle Jingle|Reflect|p2a: Jingle Jingle\n|-sidestart|p2: HeirEhm|Reflect\n|move|p1a: Samurott|Razor Shell|p2a: Jingle Jingle\n|-damage|p2a: Jingle Jingle|68\/100\n|\n|upkeep\n|turn|2\n|\n|t:|1699584242\n|move|p1a: Samurott|Razor Shell|p2a: Jingle Jingle\n|-damage|p2a: Jingle Jingle|36\/100\n|move|p2a: Jingle Jingle|Play Rough|p1a: Samurott\n|-supereffective|p1a: Samurott\n|-damage|p1a: Samurott|36\/100\n|\n|upkeep\n|turn|3\n|\n|t:|1699584258\n|switch|p2a: Beyblade beyblade|Electrode-Hisui|100\/100\n|move|p1a: Samurott|Razor Shell|p2a: Beyblade beyblade|[miss]\n|-miss|p1a: Samurott|p2a: Beyblade beyblade\n|\n|upkeep\n|turn|4\n|\n|t:|1699584275\n|switch|p1a: Umbreon|Umbreon, F|100\/100\n|move|p2a: Beyblade beyblade|Energy Ball|p1a: Umbreon\n|-damage|p1a: Umbreon|79\/100\n|-damage|p2a: Beyblade beyblade|91\/100|[from] item: Life Orb\n|\n|-heal|p1a: Umbreon|86\/100|[from] item: Leftovers\n|upkeep\n|turn|5\n|\n|t:|1699584286\n|move|p2a: Beyblade beyblade|Volt Switch|p1a: Umbreon\n|-damage|p1a: Umbreon|69\/100\n|-damage|p2a: Beyblade beyblade|81\/100|[from] item: Life Orb\n|\n|t:|1699584288\n|switch|p2a: Wambulance|Chansey, F|100\/100|[from] Volt Switch\n|move|p1a: Umbreon|Toxic|p2a: Wambulance\n|-status|p2a: Wambulance|tox\n|\n|-heal|p1a: Umbreon|75\/100|[from] item: Leftovers\n|-damage|p2a: Wambulance|94\/100 tox|[from] psn\n|upkeep\n|turn|6\n|\n|t:|1699584303\n|move|p1a: Umbreon|Protect|p1a: Umbreon\n|-singleturn|p1a: Umbreon|Protect\n|move|p2a: Wambulance|Tri Attack|p1a: Umbreon\n|-activate|p1a: Umbreon|move: Protect\n|\n|-heal|p1a: Umbreon|81\/100|[from] item: Leftovers\n|-damage|p2a: Wambulance|82\/100 tox|[from] psn\n|upkeep\n|turn|7\n|\n|t:|1699584311\n|switch|p1a: Spiritomb|Spiritomb, M, shiny|100\/100\n|move|p2a: Wambulance|Tri Attack|p1a: Spiritomb\n|-immune|p1a: Spiritomb\n|\n|-damage|p2a: Wambulance|63\/100 tox|[from] psn\n|upkeep\n|turn|8\n|\n|t:|1699584321\n|move|p2a: Wambulance|Blizzard|p1a: Spiritomb\n|-damage|p1a: Spiritomb|82\/100\n|move|p1a: Spiritomb|Calm Mind|p1a: Spiritomb\n|-boost|p1a: Spiritomb|spa|1\n|-boost|p1a: Spiritomb|spd|1\n|\n|-damage|p2a: Wambulance|38\/100 tox|[from] psn\n|-sideend|p2: HeirEhm|Reflect\n|upkeep\n|turn|9\n|\n|t:|1699584447\n|move|p2a: Wambulance|Blizzard|p1a: Spiritomb\n|-damage|p1a: Spiritomb|70\/100\n|-status|p1a: Spiritomb|frz\n|cant|p1a: Spiritomb|frz\n|\n|-damage|p2a: Wambulance|7\/100 tox|[from] psn\n|upkeep\n|turn|10\n|\n|t:|1699584460\n|move|p2a: Wambulance|Soft-Boiled|p2a: Wambulance\n|-heal|p2a: Wambulance|57\/100 tox\n|-curestatus|p1a: Spiritomb|frz|[msg]\n|move|p1a: Spiritomb|Rest|p1a: Spiritomb\n|-status|p1a: Spiritomb|slp|[from] move: Rest\n|-heal|p1a: Spiritomb|100\/100 slp|[silent]\n|\n|-damage|p2a: Wambulance|20\/100 tox|[from] psn\n|upkeep\n|turn|11\n|\n|t:|1699584472\n|switch|p2a: Jingle Jingle|Klefki, F|36\/100\n|cant|p1a: Spiritomb|slp\n|move|p1a: Spiritomb|Sleep Talk|p1a: Spiritomb\n|move|p1a: Spiritomb|Rest||[from]move: Sleep Talk|[still]\n|-fail|p1a: Spiritomb\n|\n|upkeep\n|turn|12\n|\n|t:|1699584481\n|switch|p1a: Arcanine|Arcanine, F|100\/100\n|-ability|p1a: Arcanine|Intimidate|boost\n|-unboost|p2a: Jingle Jingle|atk|1\n|move|p2a: Jingle Jingle|Play Rough|p1a: Arcanine\n|-resisted|p1a: Arcanine\n|-damage|p1a: Arcanine|95\/100\n|\n|upkeep\n|turn|13\n|\n|t:|1699584493\n|move|p2a: Jingle Jingle|Reflect|p2a: Jingle Jingle\n|-sidestart|p2: HeirEhm|Reflect\n|move|p1a: Arcanine|Will-O-Wisp|p2a: Jingle Jingle\n|-status|p2a: Jingle Jingle|brn\n|\n|-damage|p2a: Jingle Jingle|30\/100 brn|[from] brn\n|upkeep\n|turn|14\n|\n|t:|1699584512\n|move|p2a: Jingle Jingle|Light Screen|p2a: Jingle Jingle\n|-sidestart|p2: HeirEhm|move: Light Screen\n|move|p1a: Arcanine|Roar|p2a: Jingle Jingle\n|drag|p2a: SWORDSFORHANDS|Ceruledge, M|100\/100\n|\n|upkeep\n|turn|15\n|\n|t:|1699584530\n|move|p2a: SWORDSFORHANDS|Bulk Up|p2a: SWORDSFORHANDS\n|-boost|p2a: SWORDSFORHANDS|atk|1\n|-boost|p2a: SWORDSFORHANDS|def|1\n|move|p1a: Arcanine|Will-O-Wisp|p2a: SWORDSFORHANDS\n|-immune|p2a: SWORDSFORHANDS\n|\n|upkeep\n|turn|16\n|\n|t:|1699584538\n|move|p2a: SWORDSFORHANDS|Bitter Blade|p1a: Arcanine\n|-resisted|p1a: Arcanine\n|-crit|p1a: Arcanine\n|-damage|p1a: Arcanine|55\/100\n|move|p1a: Arcanine|Roar|p2a: SWORDSFORHANDS\n|drag|p2a: Beyblade beyblade|Electrode-Hisui|81\/100\n|\n|upkeep\n|turn|17\n|\n|t:|1699584578\n|move|p2a: Beyblade beyblade|Thunderbolt|p1a: Arcanine\n|-damage|p1a: Arcanine|6\/100\n|-damage|p2a: Beyblade beyblade|71\/100|[from] item: Life Orb\n|move|p1a: Arcanine|Will-O-Wisp|p2a: Beyblade beyblade|[miss]\n|-miss|p1a: Arcanine|p2a: Beyblade beyblade\n|\n|upkeep\n|turn|18\n|\n|t:|1699584587\n|move|p2a: Beyblade beyblade|Thunderbolt|p1a: Arcanine\n|-damage|p1a: Arcanine|0 fnt\n|faint|p1a: Arcanine\n|-damage|p2a: Beyblade beyblade|61\/100|[from] item: Life Orb\n|\n|upkeep\n|\n|t:|1699584602\n|switch|p1a: Spiritomb|Spiritomb, M, shiny|100\/100 slp\n|turn|19\n|\n|t:|1699584618\n|move|p2a: Beyblade beyblade|Volt Switch|p1a: Spiritomb\n|-damage|p1a: Spiritomb|63\/100 slp\n|-damage|p2a: Beyblade beyblade|51\/100|[from] item: Life Orb\n|\n|t:|1699584622\n|switch|p2a: Jingle Jingle|Klefki, F|30\/100 brn|[from] Volt Switch\n|cant|p1a: Spiritomb|slp\n|move|p1a: Spiritomb|Sleep Talk|p1a: Spiritomb\n|move|p1a: Spiritomb|Calm Mind|p1a: Spiritomb|[from]move: Sleep Talk\n|-boost|p1a: Spiritomb|spa|1\n|-boost|p1a: Spiritomb|spd|1\n|\n|-damage|p2a: Jingle Jingle|24\/100 brn|[from] brn\n|upkeep\n|turn|20\n|\n|t:|1699584639\n|move|p2a: Jingle Jingle|Play Rough|p1a: Spiritomb\n|-supereffective|p1a: Spiritomb\n|-damage|p1a: Spiritomb|34\/100 slp\n|-unboost|p1a: Spiritomb|atk|1\n|-curestatus|p1a: Spiritomb|slp|[msg]\n|move|p1a: Spiritomb|Dark Pulse|p2a: Jingle Jingle\n|-resisted|p2a: Jingle Jingle\n|-damage|p2a: Jingle Jingle|0 fnt\n|faint|p2a: Jingle Jingle\n|\n|-sideend|p2: HeirEhm|Reflect\n|upkeep\n|\n|t:|1699584674\n|switch|p2a: RegiSalt|Garganacl, M, shiny|100\/100\n|turn|21\n|\n|t:|1699584693\n|move|p1a: Spiritomb|Rest|p1a: Spiritomb\n|-status|p1a: Spiritomb|slp|[from] move: Rest\n|-heal|p1a: Spiritomb|100\/100 slp|[silent]\n|move|p2a: RegiSalt|Salt Cure|p1a: Spiritomb\n|-damage|p1a: Spiritomb|86\/100 slp\n|-start|p1a: Spiritomb|Salt Cure\n|\n|-damage|p1a: Spiritomb|74\/100 slp|[from] Salt Cure\n|-sideend|p2: HeirEhm|move: Light Screen\n|upkeep\n|turn|22\n|\n|t:|1699584716\n|move|p2a: RegiSalt|Salt Cure|p1a: Spiritomb\n|-damage|p1a: Spiritomb|58\/100 slp\n|cant|p1a: Spiritomb|slp\n|move|p1a: Spiritomb|Sleep Talk|p1a: Spiritomb\n|move|p1a: Spiritomb|Rest||[from]move: Sleep Talk|[still]\n|-fail|p1a: Spiritomb\n|\n|-damage|p1a: Spiritomb|46\/100 slp|[from] Salt Cure\n|upkeep\n|turn|23\n|\n|t:|1699584726\n|cant|p1a: Spiritomb|slp\n|move|p1a: Spiritomb|Sleep Talk|p1a: Spiritomb\n|move|p1a: Spiritomb|Calm Mind|p1a: Spiritomb|[from]move: Sleep Talk\n|-boost|p1a: Spiritomb|spa|1\n|-boost|p1a: Spiritomb|spd|1\n|move|p2a: RegiSalt|Salt Cure|p1a: Spiritomb\n|-damage|p1a: Spiritomb|30\/100 slp\n|\n|-damage|p1a: Spiritomb|18\/100 slp|[from] Salt Cure\n|upkeep\n|turn|24\n|\n|t:|1699584740\n|-curestatus|p1a: Spiritomb|slp|[msg]\n|move|p1a: Spiritomb|Rest|p1a: Spiritomb\n|-status|p1a: Spiritomb|slp|[from] move: Rest\n|-heal|p1a: Spiritomb|100\/100 slp|[silent]\n|move|p2a: RegiSalt|Salt Cure|p1a: Spiritomb\n|-damage|p1a: Spiritomb|87\/100 slp\n|\n|-damage|p1a: Spiritomb|74\/100 slp|[from] Salt Cure\n|upkeep\n|turn|25\n|\n|t:|1699584750\n|move|p2a: RegiSalt|Salt Cure|p1a: Spiritomb\n|-damage|p1a: Spiritomb|58\/100 slp\n|cant|p1a: Spiritomb|slp\n|move|p1a: Spiritomb|Sleep Talk|p1a: Spiritomb\n|move|p1a: Spiritomb|Dark Pulse|p2a: RegiSalt|[from]move: Sleep Talk\n|-damage|p2a: RegiSalt|54\/100\n|\n|-heal|p2a: RegiSalt|60\/100|[from] item: Leftovers\n|-damage|p1a: Spiritomb|46\/100 slp|[from] Salt Cure\n|upkeep\n|turn|26\n|\n|t:|1699584761\n|move|p2a: RegiSalt|Salt Cure|p1a: Spiritomb\n|-damage|p1a: Spiritomb|32\/100 slp\n|cant|p1a: Spiritomb|slp\n|move|p1a: Spiritomb|Sleep Talk|p1a: Spiritomb\n|move|p1a: Spiritomb|Calm Mind|p1a: Spiritomb|[from]move: Sleep Talk\n|-boost|p1a: Spiritomb|spa|1\n|-boost|p1a: Spiritomb|spd|1\n|\n|-heal|p2a: RegiSalt|66\/100|[from] item: Leftovers\n|-damage|p1a: Spiritomb|20\/100 slp|[from] Salt Cure\n|upkeep\n|turn|27\n|\n|t:|1699584783\n|-curestatus|p1a: Spiritomb|slp|[msg]\n|move|p1a: Spiritomb|Rest|p1a: Spiritomb\n|-status|p1a: Spiritomb|slp|[from] move: Rest\n|-heal|p1a: Spiritomb|100\/100 slp|[silent]\n|move|p2a: RegiSalt|Salt Cure|p1a: Spiritomb\n|-damage|p1a: Spiritomb|85\/100 slp\n|\n|-heal|p2a: RegiSalt|72\/100|[from] item: Leftovers\n|-damage|p1a: Spiritomb|72\/100 slp|[from] Salt Cure\n|upkeep\n|turn|28\n|\n|t:|1699584795\n|move|p2a: RegiSalt|Salt Cure|p1a: Spiritomb\n|-damage|p1a: Spiritomb|57\/100 slp\n|cant|p1a: Spiritomb|slp\n|move|p1a: Spiritomb|Sleep Talk|p1a: Spiritomb\n|move|p1a: Spiritomb|Calm Mind|p1a: Spiritomb|[from]move: Sleep Talk\n|-boost|p1a: Spiritomb|spa|1\n|-boost|p1a: Spiritomb|spd|1\n|\n|-heal|p2a: RegiSalt|78\/100|[from] item: Leftovers\n|-damage|p1a: Spiritomb|45\/100 slp|[from] Salt Cure\n|upkeep\n|turn|29\n|\n|t:|1699584806\n|move|p2a: RegiSalt|Salt Cure|p1a: Spiritomb\n|-damage|p1a: Spiritomb|29\/100 slp\n|cant|p1a: Spiritomb|slp\n|move|p1a: Spiritomb|Sleep Talk|p1a: Spiritomb\n|move|p1a: Spiritomb|Rest||[from]move: Sleep Talk|[still]\n|-fail|p1a: Spiritomb\n|\n|-heal|p2a: RegiSalt|85\/100|[from] item: Leftovers\n|-damage|p1a: Spiritomb|17\/100 slp|[from] Salt Cure\n|upkeep\n|turn|30\n|\n|t:|1699584829\n|switch|p2a: Murkrow|Murkrow, F|100\/100\n|-curestatus|p1a: Spiritomb|slp|[msg]\n|move|p1a: Spiritomb|Rest|p1a: Spiritomb\n|-status|p1a: Spiritomb|slp|[from] move: Rest\n|-heal|p1a: Spiritomb|100\/100 slp|[silent]\n|\n|-damage|p1a: Spiritomb|88\/100 slp|[from] Salt Cure\n|upkeep\n|turn|31\n|\n|t:|1699584838\n|switch|p1a: Enamorus|Enamorus-Therian, F|100\/100\n|move|p2a: Murkrow|Haze|p2a: Murkrow\n|-clearallboost\n|\n|upkeep\n|turn|32\n|\n|t:|1699584857\n|move|p2a: Murkrow|Air Slash|p1a: Enamorus|[miss]\n|-miss|p2a: Murkrow|p1a: Enamorus\n|move|p1a: Enamorus|Draining Kiss|p2a: Murkrow\n|-supereffective|p2a: Murkrow\n|-damage|p2a: Murkrow|33\/100\n|\n|upkeep\n|turn|33\n|\n|t:|1699584876\n|move|p2a: Murkrow|Air Slash|p1a: Enamorus\n|-damage|p1a: Enamorus|68\/100\n|move|p1a: Enamorus|Draining Kiss|p2a: Murkrow\n|-supereffective|p2a: Murkrow\n|-damage|p2a: Murkrow|0 fnt\n|-heal|p1a: Enamorus|92\/100|[from] drain|[of] p2a: Murkrow\n|faint|p2a: Murkrow\n|\n|upkeep\n|\n|t:|1699584888\n|switch|p2a: RegiSalt|Garganacl, M, shiny|85\/100\n|turn|34\n|\n|t:|1699584907\n|move|p1a: Enamorus|Calm Mind|p1a: Enamorus\n|-boost|p1a: Enamorus|spa|1\n|-boost|p1a: Enamorus|spd|1\n|move|p2a: RegiSalt|Salt Cure|p1a: Enamorus\n|-supereffective|p1a: Enamorus\n|-damage|p1a: Enamorus|66\/100\n|-start|p1a: Enamorus|Salt Cure\n|\n|-heal|p2a: RegiSalt|91\/100|[from] item: Leftovers\n|-damage|p1a: Enamorus|53\/100|[from] Salt Cure\n|upkeep\n|turn|35\n|\n|t:|1699584925\n|move|p1a: Enamorus|Earth Power|p2a: RegiSalt\n|-supereffective|p2a: RegiSalt\n|-damage|p2a: RegiSalt|20\/100\n|move|p2a: RegiSalt|Recover|p2a: RegiSalt\n|-heal|p2a: RegiSalt|70\/100\n|\n|-heal|p2a: RegiSalt|76\/100|[from] item: Leftovers\n|-damage|p1a: Enamorus|41\/100|[from] Salt Cure\n|upkeep\n|turn|36\n|\n|t:|1699584960\n|-terastallize|p2a: RegiSalt|Ghost\n|move|p1a: Enamorus|Draining Kiss|p2a: RegiSalt\n|-damage|p2a: RegiSalt|47\/100\n|-heal|p1a: Enamorus|75\/100|[from] drain|[of] p2a: RegiSalt\n|move|p2a: RegiSalt|Recover|p2a: RegiSalt\n|-heal|p2a: RegiSalt|97\/100\n|\n|-heal|p2a: RegiSalt|100\/100|[from] item: Leftovers\n|-damage|p1a: Enamorus|62\/100|[from] Salt Cure\n|upkeep\n|turn|37\n|\n|t:|1699584973\n|move|p1a: Enamorus|Draining Kiss|p2a: RegiSalt\n|-damage|p2a: RegiSalt|74\/100\n|-heal|p1a: Enamorus|92\/100|[from] drain|[of] p2a: RegiSalt\n|move|p2a: RegiSalt|Salt Cure|p1a: Enamorus\n|-supereffective|p1a: Enamorus\n|-damage|p1a: Enamorus|64\/100\n|\n|-heal|p2a: RegiSalt|80\/100|[from] item: Leftovers\n|-damage|p1a: Enamorus|52\/100|[from] Salt Cure\n|upkeep\n|turn|38\n|\n|t:|1699584987\n|move|p1a: Enamorus|Draining Kiss|p2a: RegiSalt\n|-damage|p2a: RegiSalt|52\/100\n|-heal|p1a: Enamorus|84\/100|[from] drain|[of] p2a: RegiSalt\n|move|p2a: RegiSalt|Salt Cure|p1a: Enamorus\n|-supereffective|p1a: Enamorus\n|-damage|p1a: Enamorus|57\/100\n|\n|-heal|p2a: RegiSalt|58\/100|[from] item: Leftovers\n|-damage|p1a: Enamorus|44\/100|[from] Salt Cure\n|upkeep\n|turn|39\n|\n|t:|1699585004\n|move|p1a: Enamorus|Draining Kiss|p2a: RegiSalt\n|-damage|p2a: RegiSalt|28\/100\n|-heal|p1a: Enamorus|78\/100|[from] drain|[of] p2a: RegiSalt\n|move|p2a: RegiSalt|Salt Cure|p1a: Enamorus\n|-supereffective|p1a: Enamorus\n|-crit|p1a: Enamorus\n|-damage|p1a: Enamorus|42\/100\n|\n|-heal|p2a: RegiSalt|34\/100|[from] item: Leftovers\n|-damage|p1a: Enamorus|30\/100|[from] Salt Cure\n|upkeep\n|turn|40\n|\n|t:|1699585016\n|move|p1a: Enamorus|Draining Kiss|p2a: RegiSalt\n|-damage|p2a: RegiSalt|7\/100\n|-heal|p1a: Enamorus|60\/100|[from] drain|[of] p2a: RegiSalt\n|move|p2a: RegiSalt|Recover|p2a: RegiSalt\n|-heal|p2a: RegiSalt|57\/100\n|\n|-heal|p2a: RegiSalt|63\/100|[from] item: Leftovers\n|-damage|p1a: Enamorus|48\/100|[from] Salt Cure\n|upkeep\n|turn|41\n|\n|t:|1699585028\n|move|p1a: Enamorus|Draining Kiss|p2a: RegiSalt\n|-damage|p2a: RegiSalt|32\/100\n|-heal|p1a: Enamorus|83\/100|[from] drain|[of] p2a: RegiSalt\n|move|p2a: RegiSalt|Salt Cure|p1a: Enamorus\n|-supereffective|p1a: Enamorus\n|-damage|p1a: Enamorus|59\/100\n|\n|-heal|p2a: RegiSalt|38\/100|[from] item: Leftovers\n|-damage|p1a: Enamorus|47\/100|[from] Salt Cure\n|upkeep\n|turn|42\n|\n|t:|1699585045\n|move|p1a: Enamorus|Draining Kiss|p2a: RegiSalt\n|-damage|p2a: RegiSalt|8\/100\n|-heal|p1a: Enamorus|81\/100|[from] drain|[of] p2a: RegiSalt\n|move|p2a: RegiSalt|Salt Cure|p1a: Enamorus\n|-supereffective|p1a: Enamorus\n|-damage|p1a: Enamorus|54\/100\n|\n|-heal|p2a: RegiSalt|14\/100|[from] item: Leftovers\n|-damage|p1a: Enamorus|42\/100|[from] Salt Cure\n|upkeep\n|turn|43\n|\n|t:|1699585062\n|move|p1a: Enamorus|Draining Kiss|p2a: RegiSalt\n|-damage|p2a: RegiSalt|0 fnt\n|-heal|p1a: Enamorus|58\/100|[from] drain|[of] p2a: RegiSalt\n|faint|p2a: RegiSalt\n|\n|-damage|p1a: Enamorus|46\/100|[from] Salt Cure\n|upkeep\n|\n|t:|1699585065\n|switch|p2a: Beyblade beyblade|Electrode-Hisui|51\/100\n|turn|44\n|\n|t:|1699585069\n|switch|p1a: Pawmo|Pawmo, M|100\/100\n|move|p2a: Beyblade beyblade|Thunderbolt|p1a: Pawmo\n|-resisted|p1a: Pawmo\n|-crit|p1a: Pawmo\n|-damage|p1a: Pawmo|72\/100\n|-damage|p2a: Beyblade beyblade|41\/100|[from] item: Life Orb\n|\n|upkeep\n|turn|45\n|\n|t:|1699585079\n|move|p1a: Pawmo|Fake Out|p2a: Beyblade beyblade\n|-damage|p2a: Beyblade beyblade|28\/100\n|cant|p2a: Beyblade beyblade|flinch\n|\n|upkeep\n|turn|46\n|\n|t:|1699585091\n|move|p2a: Beyblade beyblade|Energy Ball|p1a: Pawmo\n|-damage|p1a: Pawmo|34\/100\n|-damage|p2a: Beyblade beyblade|18\/100|[from] item: Life Orb\n|move|p1a: Pawmo|Wish|p1a: Pawmo\n|\n|upkeep\n|turn|47\n|\n|t:|1699585107\n|move|p2a: Beyblade beyblade|Thunderbolt|p1a: Pawmo\n|-resisted|p1a: Pawmo\n|-damage|p1a: Pawmo|16\/100\n|-damage|p2a: Beyblade beyblade|8\/100|[from] item: Life Orb\n|move|p1a: Pawmo|Volt Switch|p2a: Beyblade beyblade\n|-resisted|p2a: Beyblade beyblade\n|-damage|p2a: Beyblade beyblade|3\/100\n|\n|t:|1699585115\n|switch|p1a: Samurott|Samurott-Hisui, F|36\/100|[from] Volt Switch\n|\n|-heal|p1a: Samurott|87\/100|[from] move: Wish|[wisher] Pawmo\n|upkeep\n|turn|48\n|\n|t:|1699585124\n|move|p1a: Samurott|Aqua Jet|p2a: Beyblade beyblade\n|-resisted|p2a: Beyblade beyblade\n|-damage|p2a: Beyblade beyblade|0 fnt\n|faint|p2a: Beyblade beyblade\n|\n|upkeep\n|\n|t:|1699585130\n|switch|p2a: SWORDSFORHANDS|Ceruledge, M|100\/100\n|turn|49\n|\n|t:|1699585140\n|move|p1a: Samurott|Aqua Jet|p2a: SWORDSFORHANDS\n|-supereffective|p2a: SWORDSFORHANDS\n|-damage|p2a: SWORDSFORHANDS|26\/100\n|-ability|p2a: SWORDSFORHANDS|Weak Armor|boost\n|-unboost|p2a: SWORDSFORHANDS|def|1\n|-boost|p2a: SWORDSFORHANDS|spe|2\n|move|p2a: SWORDSFORHANDS|Brick Break|p1a: Samurott\n|-supereffective|p1a: Samurott\n|-damage|p1a: Samurott|24\/100\n|\n|upkeep\n|turn|50\n|\n|t:|1699585174\n|move|p2a: SWORDSFORHANDS|Shadow Sneak|p1a: Samurott\n|-resisted|p1a: Samurott\n|-damage|p1a: Samurott|11\/100\n|move|p1a: Samurott|Aqua Jet|p2a: SWORDSFORHANDS\n|-supereffective|p2a: SWORDSFORHANDS\n|-damage|p2a: SWORDSFORHANDS|0 fnt\n|faint|p2a: SWORDSFORHANDS\n|\n|upkeep\n|\n|t:|1699585178\n|switch|p2a: Wambulance|Chansey, F|20\/100 tox\n|turn|51\n|\n|t:|1699585182\n|move|p1a: Samurott|Aqua Jet|p2a: Wambulance\n|-damage|p2a: Wambulance|0 fnt\n|-damage|p1a: Samurott|0 fnt|[from] item: Rocky Helmet|[of] p2a: Wambulance\n|faint|p2a: Wambulance\n|faint|p1a: Samurott\n|\n|win|PyroGaleZX\n","uploadtime":1699585185,"views":7,"p1id":"pyrogalezx","p2id":"heirehm","formatid":"gen9nationaldex","rating":0,"private":0,"password":""}