{"id":"gen9nationaldex-1987969539","p1":"RegimusTTV","p2":"PantersBryce","format":"[Gen 9] National Dex","log":"|j|\u2606RegimusTTV\n|j|\u2606PantersBryce\n|t:|1699654344\n|gametype|singles\n|player|p1|RegimusTTV|lucas-gen4pt|1143\n|player|p2|PantersBryce|cheryl|1142\n|teamsize|p1|6\n|teamsize|p2|6\n|gen|9\n|tier|[Gen 9] National Dex\n|rated|\n|rule|HP Percentage Mod: HP is shown in percentages\n|rule|Endless Battle Clause: Forcing endless battles is banned\n|rule|OHKO Clause: OHKO moves are banned\n|rule|Evasion Clause: Evasion abilities, items, and moves are banned\n|rule|Evasion Abilities Clause: Evasion abilities are banned\n|rule|Evasion Items Clause: Evasion items are banned\n|rule|Evasion Moves Clause: Evasion moves are banned\n|rule|Species Clause: Limit one of each Pok\u00e9mon\n|rule|Sleep Clause Mod: Limit one foe put to sleep\n|clearpoke\n|poke|p1|Charizard, M|\n|poke|p1|Salamence, F|\n|poke|p1|Weavile, M|\n|poke|p1|Tangrowth, F|\n|poke|p1|Gliscor, F|\n|poke|p1|Heatran, F|\n|poke|p2|Sceptile, M|\n|poke|p2|Tapu Koko|\n|poke|p2|Heatran, F|\n|poke|p2|Lopunny, F|\n|poke|p2|Zapdos|\n|poke|p2|Victini|\n|teampreview\n|\n|t:|1699654349\n|start\n|switch|p1a: Heatran|Heatran, F|100\/100\n|switch|p2a: Heatran|Heatran, F|100\/100\n|turn|1\n|\n|t:|1699654358\n|move|p2a: Heatran|Stealth Rock|p1a: Heatran\n|-sidestart|p1: RegimusTTV|move: Stealth Rock\n|move|p1a: Heatran|Earth Power|p2a: Heatran\n|-supereffective|p2a: Heatran\n|-damage|p2a: Heatran|31\/100\n|\n|-heal|p2a: Heatran|37\/100|[from] item: Leftovers\n|upkeep\n|turn|2\n|\n|t:|1699654373\n|move|p2a: Heatran|Earth Power|p1a: Heatran\n|-supereffective|p1a: Heatran\n|-damage|p1a: Heatran|34\/100\n|move|p1a: Heatran|Stealth Rock|p2a: Heatran\n|-sidestart|p2: PantersBryce|move: Stealth Rock\n|\n|-heal|p2a: Heatran|44\/100|[from] item: Leftovers\n|-heal|p1a: Heatran|40\/100|[from] item: Leftovers\n|upkeep\n|turn|3\n|\n|t:|1699654384\n|switch|p2a: Tapu Koko|Tapu Koko|100\/100\n|-fieldstart|move: Electric Terrain|[from] ability: Electric Surge|[of] p2a: Tapu Koko\n|switch|p1a: Gliscor|Gliscor, F|100\/100\n|-damage|p1a: Gliscor|88\/100|[from] Stealth Rock\n|\n|-status|p1a: Gliscor|tox|[from] item: Toxic Orb\n|upkeep\n|turn|4\n|\n|t:|1699654394\n|move|p2a: Tapu Koko|U-turn|p1a: Gliscor\n|-resisted|p1a: Gliscor\n|-damage|p1a: Gliscor|82\/100 tox\n|\n|t:|1699654398\n|switch|p2a: Sceptile|Sceptile, M|100\/100|[from] U-turn\n|-damage|p2a: Sceptile|88\/100|[from] Stealth Rock\n|-enditem|p2a: Sceptile|Electric Seed\n|-boost|p2a: Sceptile|def|1|[from] item: Electric Seed\n|move|p1a: Gliscor|Defog|p2a: Sceptile\n|-unboost|p2a: Sceptile|evasion|1\n|-sideend|p2: PantersBryce|Stealth Rock|[from] move: Defog|[of] p1a: Gliscor\n|-sideend|p1: RegimusTTV|Stealth Rock|[from] move: Defog|[of] p1a: Gliscor\n|-fieldend|move: Electric Terrain\n|\n|-heal|p1a: Gliscor|94\/100 tox|[from] ability: Poison Heal\n|upkeep\n|turn|5\n|\n|t:|1699654431\n|move|p2a: Sceptile|Swords Dance|p2a: Sceptile\n|-boost|p2a: Sceptile|atk|2\n|move|p1a: Gliscor|Toxic|p2a: Sceptile\n|-status|p2a: Sceptile|tox\n|\n|-damage|p2a: Sceptile|82\/100 tox|[from] psn\n|-heal|p1a: Gliscor|100\/100 tox|[from] ability: Poison Heal\n|upkeep\n|turn|6\n|\n|t:|1699654449\n|move|p2a: Sceptile|Leaf Blade|p1a: Gliscor\n|-damage|p1a: Gliscor|35\/100 tox\n|move|p1a: Gliscor|Roost|p1a: Gliscor\n|-heal|p1a: Gliscor|85\/100 tox\n|-singleturn|p1a: Gliscor|move: Roost\n|\n|-damage|p2a: Sceptile|70\/100 tox|[from] psn\n|-heal|p1a: Gliscor|97\/100 tox|[from] ability: Poison Heal\n|upkeep\n|turn|7\n|\n|t:|1699654458\n|switch|p1a: Salamence|Salamence, F|100\/100\n|-terastallize|p2a: Sceptile|Flying\n|move|p2a: Sceptile|Acrobatics|p1a: Salamence\n|-damage|p1a: Salamence|0 fnt\n|faint|p1a: Salamence\n|\n|-damage|p2a: Sceptile|52\/100 tox|[from] psn\n|upkeep\n|\n|t:|1699654465\n|switch|p1a: Charizard|Charizard, M, shiny|100\/100\n|turn|8\n|\n|t:|1699654473\n|detailschange|p1a: Charizard|Charizard-Mega-Y, M, shiny\n|-mega|p1a: Charizard|Charizard|Charizardite Y\n|-weather|SunnyDay|[from] ability: Drought|[of] p1a: Charizard\n|move|p2a: Sceptile|Acrobatics|p1a: Charizard\n|-damage|p1a: Charizard|0 fnt\n|faint|p1a: Charizard\n|\n|-weather|SunnyDay|[upkeep]\n|-damage|p2a: Sceptile|28\/100 tox|[from] psn\n|upkeep\n|\n|t:|1699654480\n|switch|p1a: Heatran|Heatran, F|40\/100\n|turn|9\n|\n|t:|1699654486\n|move|p2a: Sceptile|Drain Punch|p1a: Heatran\n|-supereffective|p1a: Heatran\n|-damage|p1a: Heatran|0 fnt\n|-heal|p2a: Sceptile|55\/100 tox|[from] drain|[of] p1a: Heatran\n|faint|p1a: Heatran\n|\n|-weather|SunnyDay|[upkeep]\n|-damage|p2a: Sceptile|25\/100 tox|[from] psn\n|upkeep\n|-message|RegimusTTV forfeited.\n|\n|win|PantersBryce\n|raw|RegimusTTV's rating: 1143 &rarr; <strong>1118<\/strong><br \/>(-25 for losing)\n|raw|PantersBryce's rating: 1142 &rarr; <strong>1167<\/strong><br \/>(+25 for winning)\n|l|\u2606RegimusTTV\n","uploadtime":1699654507,"views":15,"p1id":"regimusttv","p2id":"pantersbryce","formatid":"gen9nationaldex","rating":1118,"private":0,"password":""}