{"id":"gen9nationaldex-1987177094","p1":"Robonion42","p2":"FishermanRandy","format":"[Gen 9] National Dex","log":"|j|\u2606Robonion42\n|j|\u2606FishermanRandy\n|t:|1699562577\n|gametype|singles\n|player|p1|Robonion42|101|1345\n|player|p2|FishermanRandy|fisherman-gen4|1255\n|teamsize|p1|6\n|teamsize|p2|6\n|gen|9\n|tier|[Gen 9] National Dex\n|rated|\n|rule|HP Percentage Mod: HP is shown in percentages\n|rule|Endless Battle Clause: Forcing endless battles is banned\n|rule|OHKO Clause: OHKO moves are banned\n|rule|Evasion Clause: Evasion abilities, items, and moves are banned\n|rule|Evasion Abilities Clause: Evasion abilities are banned\n|rule|Evasion Items Clause: Evasion items are banned\n|rule|Evasion Moves Clause: Evasion moves are banned\n|rule|Species Clause: Limit one of each Pok\u00e9mon\n|rule|Sleep Clause Mod: Limit one foe put to sleep\n|clearpoke\n|poke|p1|Iron Valiant|\n|poke|p1|Tapu Koko|\n|poke|p1|Banette, F|\n|poke|p1|Great Tusk|\n|poke|p1|Volcarona, M|\n|poke|p1|Landorus-Therian, M|\n|poke|p2|Deoxys-Defense|\n|poke|p2|Gliscor, F|\n|poke|p2|Diancie|\n|poke|p2|Pyukumuku, M|\n|poke|p2|Torkoal, M|\n|poke|p2|Typhlosion, M|\n|teampreview\n|inactive|Battle timer is ON: inactive players will automatically lose when time's up. (requested by FishermanRandy)\n|\n|t:|1699562587\n|start\n|switch|p1a: The Beginning|Landorus-Therian, M|100\/100\n|switch|p2a: Diancie|Diancie|100\/100\n|-ability|p1a: The Beginning|Intimidate|boost\n|-fail|p2a: Diancie|unboost|[from] ability: Clear Body|[of] p2a: Diancie\n|turn|1\n|c|\u2606Robonion42|What\n|\n|t:|1699562595\n|switch|p2a: Gliscor|Gliscor, F|100\/100\n|move|p1a: The Beginning|Earthquake|p2a: Gliscor\n|-immune|p2a: Gliscor\n|\n|-status|p2a: Gliscor|tox|[from] item: Toxic Orb\n|upkeep\n|turn|2\n|\n|t:|1699562598\n|move|p2a: Gliscor|Agility|p2a: Gliscor\n|-boost|p2a: Gliscor|spe|2\n|move|p1a: The Beginning|Stealth Rock|p2a: Gliscor\n|-sidestart|p2: FishermanRandy|move: Stealth Rock\n|\n|upkeep\n|turn|3\n|\n|t:|1699562604\n|move|p2a: Gliscor|Swords Dance|p2a: Gliscor\n|-boost|p2a: Gliscor|atk|2\n|move|p1a: The Beginning|U-turn|p2a: Gliscor\n|-resisted|p2a: Gliscor\n|-damage|p2a: Gliscor|92\/100 tox\n|\n|t:|1699562624\n|switch|p1a: The Executioner|Banette, F|100\/100|[from] U-turn\n|\n|-heal|p2a: Gliscor|100\/100 tox|[from] ability: Poison Heal\n|upkeep\n|turn|4\n|\n|t:|1699562632\n|switch|p2a: Pyukumuku|Pyukumuku, M|100\/100\n|-damage|p2a: Pyukumuku|88\/100|[from] Stealth Rock\n|detailschange|p1a: The Executioner|Banette-Mega, F\n|-mega|p1a: The Executioner|Banette|Banettite\n|move|p1a: The Executioner|Destiny Bond|p1a: The Executioner\n|-singlemove|p1a: The Executioner|Destiny Bond\n|\n|upkeep\n|turn|5\n|\n|t:|1699562639\n|move|p1a: The Executioner|Poltergeist|p2a: Pyukumuku\n|-activate|p2a: Pyukumuku|move: Poltergeist|Rocky Helmet\n|-damage|p2a: Pyukumuku|22\/100\n|move|p2a: Pyukumuku|Toxic|p1a: The Executioner\n|-status|p1a: The Executioner|tox\n|\n|-damage|p1a: The Executioner|94\/100 tox|[from] psn\n|upkeep\n|turn|6\n|\n|t:|1699562645\n|move|p1a: The Executioner|Poltergeist|p2a: Pyukumuku\n|-activate|p2a: Pyukumuku|move: Poltergeist|Rocky Helmet\n|-damage|p2a: Pyukumuku|0 fnt\n|faint|p2a: Pyukumuku\n|\n|-damage|p1a: The Executioner|82\/100 tox|[from] psn\n|upkeep\n|\n|t:|1699562658\n|switch|p2a: Deoxys|Deoxys-Defense|100\/100\n|-damage|p2a: Deoxys|88\/100|[from] Stealth Rock\n|-ability|p2a: Deoxys|Pressure\n|turn|7\n|\n|t:|1699562666\n|-terastallize|p2a: Deoxys|Poison\n|move|p2a: Deoxys|Cosmic Power|p2a: Deoxys\n|-boost|p2a: Deoxys|def|1\n|-boost|p2a: Deoxys|spd|1\n|move|p1a: The Executioner|Poltergeist|p2a: Deoxys\n|-activate|p2a: Deoxys|move: Poltergeist|Leppa Berry\n|-damage|p2a: Deoxys|58\/100\n|\n|-damage|p1a: The Executioner|64\/100 tox|[from] psn\n|upkeep\n|turn|8\n|\n|t:|1699562686\n|switch|p1a: The Destroyer|Great Tusk|100\/100\n|move|p2a: Deoxys|Recover|p2a: Deoxys\n|-heal|p2a: Deoxys|100\/100\n|\n|upkeep\n|turn|9\n|\n|t:|1699562692\n|move|p1a: The Destroyer|Headlong Rush|p2a: Deoxys\n|-supereffective|p2a: Deoxys\n|-damage|p2a: Deoxys|49\/100\n|-unboost|p1a: The Destroyer|def|1\n|-unboost|p1a: The Destroyer|spd|1\n|move|p2a: Deoxys|Cosmic Power|p2a: Deoxys\n|-boost|p2a: Deoxys|def|1\n|-boost|p2a: Deoxys|spd|1\n|\n|upkeep\n|turn|10\n|\n|t:|1699562700\n|move|p1a: The Destroyer|Rapid Spin|p2a: Deoxys\n|-damage|p2a: Deoxys|43\/100\n|-boost|p1a: The Destroyer|spe|1\n|move|p2a: Deoxys|Recover|p2a: Deoxys\n|-heal|p2a: Deoxys|93\/100\n|\n|upkeep\n|turn|11\n|\n|t:|1699562710\n|move|p1a: The Destroyer|Headlong Rush|p2a: Deoxys\n|-supereffective|p2a: Deoxys\n|-damage|p2a: Deoxys|52\/100\n|-unboost|p1a: The Destroyer|def|1\n|-unboost|p1a: The Destroyer|spd|1\n|move|p2a: Deoxys|Cosmic Power|p2a: Deoxys\n|-boost|p2a: Deoxys|def|1\n|-boost|p2a: Deoxys|spd|1\n|\n|upkeep\n|turn|12\n|\n|t:|1699562713\n|move|p1a: The Destroyer|Headlong Rush|p2a: Deoxys\n|-supereffective|p2a: Deoxys\n|-crit|p2a: Deoxys\n|-damage|p2a: Deoxys|0 fnt\n|-unboost|p1a: The Destroyer|def|1\n|-unboost|p1a: The Destroyer|spd|1\n|faint|p2a: Deoxys\n|\n|upkeep\n|c|\u2606FishermanRandy|wow\n|-message|FishermanRandy forfeited.\n|\n|win|Robonion42\n|raw|Robonion42's rating: 1345 &rarr; <strong>1360<\/strong><br \/>(+15 for winning)\n|raw|FishermanRandy's rating: 1255 &rarr; <strong>1236<\/strong><br \/>(-19 for losing)\n|l|\u2606FishermanRandy\n|c|\u2606Robonion42|yeah\n|c|\u2606Robonion42|crit moment\n","uploadtime":1699562737,"views":4,"p1id":"robonion42","p2id":"fishermanrandy","formatid":"gen9nationaldex","rating":1236,"private":0,"password":""}