{"id":"gen9nationaldex-1999910341","p1":"TornadUSMANGaruba","p2":"Klutchin","format":"[Gen 9] National Dex","log":"|html|<div class=\"broadcast-blue\"><strong>[Gen 9] National Dex is currently suspecting Sneasler! For information on how to participate check out the <a href=\"https:\/\/www.smogon.com\/forums\/threads\/sv-national-dex-suspect-8-just-dance.3731534\/\">suspect thread<\/a>.<\/strong><\/div>\n|j|\u2606TornadUSMANGaruba\n|j|\u2606Klutchin\n|t:|1701129031\n|gametype|singles\n|player|p1|TornadUSMANGaruba|hoopster|\n|player|p2|Klutchin|medium|\n|teamsize|p1|6\n|teamsize|p2|6\n|gen|9\n|tier|[Gen 9] National Dex\n|rule|HP Percentage Mod: HP is shown in percentages\n|rule|Endless Battle Clause: Forcing endless battles is banned\n|rule|OHKO Clause: OHKO moves are banned\n|rule|Evasion Clause: Evasion abilities, items, and moves are banned\n|rule|Evasion Abilities Clause: Evasion abilities are banned\n|rule|Evasion Items Clause: Evasion items are banned\n|rule|Evasion Moves Clause: Evasion moves are banned\n|rule|Species Clause: Limit one of each Pok\u00e9mon\n|rule|Sleep Clause Mod: Limit one foe put to sleep\n|clearpoke\n|poke|p1|Meowscarada, M|\n|poke|p1|Scizor, F|\n|poke|p1|Clefable, F|\n|poke|p1|Zamazenta-*|\n|poke|p1|Manectric, F|\n|poke|p1|Starmie|\n|poke|p2|Rotom-Wash|\n|poke|p2|Slowking-Galar, F|\n|poke|p2|Skarmory, F|\n|poke|p2|Zarude|\n|poke|p2|Arctovish|\n|poke|p2|Eelektross, M|\n|teampreview\n|c|\u2606TornadUSMANGaruba|do you mind sending to the discord\n|j| victor wembanyanma\n|c|\u2606Klutchin|sent\n|c|\u2606TornadUSMANGaruba|gracias\n|c|\u2606TornadUSMANGaruba|should we just start?\n|j| jaynay121\n|c|\u2606Klutchin|yea\n|\n|t:|1701129114\n|start\n|switch|p1a: Meowscarada|Meowscarada, M, shiny|100\/100\n|switch|p2a: Eelektross|Eelektross, M, shiny|100\/100\n|turn|1\n|\n|t:|1701129119\n|move|p1a: Meowscarada|Taunt|p2a: Eelektross\n|-start|p1a: Meowscarada|typechange|Dark|[from] ability: Protean\n|-start|p2a: Eelektross|move: Taunt\n|move|p2a: Eelektross|U-turn|p1a: Meowscarada\n|-supereffective|p1a: Meowscarada\n|-damage|p1a: Meowscarada|31\/100\n|\n|t:|1701129126\n|switch|p2a: Zarude|Zarude|100\/100|[from] U-turn\n|\n|upkeep\n|turn|2\n|\n|t:|1701129128\n|move|p2a: Zarude|U-turn|p1a: Meowscarada\n|-supereffective|p1a: Meowscarada\n|-damage|p1a: Meowscarada|0 fnt\n|faint|p1a: Meowscarada\n|\n|t:|1701129132\n|switch|p2a: Eelektross|Eelektross, M, shiny|100\/100|[from] U-turn\n|\n|upkeep\n|\n|t:|1701129148\n|switch|p1a: Manectric|Manectric, F|100\/100\n|turn|3\n|\n|t:|1701129152\n|detailschange|p1a: Manectric|Manectric-Mega, F\n|-mega|p1a: Manectric|Manectric|Manectite\n|-ability|p1a: Manectric|Intimidate|boost\n|-unboost|p2a: Eelektross|atk|1\n|move|p1a: Manectric|Volt Switch|p2a: Eelektross\n|-resisted|p2a: Eelektross\n|-damage|p2a: Eelektross|84\/100\n|\n|t:|1701129157\n|switch|p1a: Clefable|Clefable, F|100\/100|[from] Volt Switch\n|move|p2a: Eelektross|U-turn|p1a: Clefable\n|-resisted|p1a: Clefable\n|-damage|p1a: Clefable|92\/100\n|\n|t:|1701129173\n|switch|p2a: Slowking|Slowking-Galar, F, shiny|100\/100|[from] U-turn\n|\n|-heal|p1a: Clefable|98\/100|[from] item: Leftovers\n|upkeep\n|turn|4\n|\n|t:|1701129180\n|move|p1a: Clefable|Knock Off|p2a: Slowking\n|-supereffective|p2a: Slowking\n|-damage|p2a: Slowking|71\/100\n|-enditem|p2a: Slowking|Leftovers|[from] move: Knock Off|[of] p1a: Clefable\n|move|p2a: Slowking|Chilly Reception|p2a: Slowking\n|-weather|Snow\n|\n|t:|1701129200\n|switch|p2a: Arctovish|Arctovish, shiny|100\/100|[from] Chilly Reception\n|\n|-weather|Snow|[upkeep]\n|-heal|p1a: Clefable|100\/100|[from] item: Leftovers\n|upkeep\n|turn|5\n|\n|t:|1701129207\n|move|p1a: Clefable|Protect|p1a: Clefable\n|-singleturn|p1a: Clefable|Protect\n|move|p2a: Arctovish|Fishious Rend|p1a: Clefable\n|-activate|p1a: Clefable|move: Protect\n|\n|-weather|Snow|[upkeep]\n|upkeep\n|turn|6\n|\n|t:|1701129259\n|switch|p1a: Zamazenta|Zamazenta|100\/100\n|-ability|p1a: Zamazenta|Dauntless Shield|boost\n|-boost|p1a: Zamazenta|def|1\n|move|p2a: Arctovish|Fishious Rend|p1a: Zamazenta\n|-damage|p1a: Zamazenta|54\/100\n|-damage|p2a: Arctovish|91\/100|[from] item: Life Orb\n|\n|-weather|Snow|[upkeep]\n|-heal|p1a: Zamazenta|60\/100|[from] item: Leftovers\n|upkeep\n|turn|7\n|\n|t:|1701129274\n|switch|p1a: Scizor|Scizor, F|100\/100\n|move|p2a: Arctovish|Fishious Rend|p1a: Scizor\n|-damage|p1a: Scizor|0 fnt\n|faint|p1a: Scizor\n|-damage|p2a: Arctovish|81\/100|[from] item: Life Orb\n|\n|-weather|Snow|[upkeep]\n|upkeep\n|\n|t:|1701129277\n|switch|p1a: Zamazenta|Zamazenta|60\/100\n|turn|8\n|\n|t:|1701129281\n|move|p1a: Zamazenta|Protect|p1a: Zamazenta\n|-singleturn|p1a: Zamazenta|Protect\n|move|p2a: Arctovish|Fishious Rend|p1a: Zamazenta\n|-activate|p1a: Zamazenta|move: Protect\n|\n|-weather|none\n|-heal|p1a: Zamazenta|66\/100|[from] item: Leftovers\n|upkeep\n|turn|9\n|\n|t:|1701129289\n|switch|p2a: Skarmory|Skarmory, F, shiny|100\/100\n|move|p1a: Zamazenta|Iron Defense|p1a: Zamazenta\n|-boost|p1a: Zamazenta|def|2\n|\n|-heal|p1a: Zamazenta|72\/100|[from] item: Leftovers\n|upkeep\n|turn|10\n|\n|t:|1701129292\n|move|p1a: Zamazenta|Body Press|p2a: Skarmory\n|-damage|p2a: Skarmory|51\/100\n|-damage|p1a: Zamazenta|55\/100|[from] item: Rocky Helmet|[of] p2a: Skarmory\n|move|p2a: Skarmory|Roar|p1a: Zamazenta\n|drag|p1a: Manectric|Manectric-Mega, F|100\/100\n|-ability|p1a: Manectric|Intimidate|boost\n|-unboost|p2a: Skarmory|atk|1\n|\n|upkeep\n|turn|11\n|\n|t:|1701129303\n|switch|p2a: Slowking|Slowking-Galar, F, shiny|100\/100\n|move|p1a: Manectric|Volt Switch|p2a: Slowking\n|-damage|p2a: Slowking|76\/100\n|\n|t:|1701129312\n|switch|p1a: Clefable|Clefable, F|100\/100|[from] Volt Switch\n|\n|upkeep\n|turn|12\n|\n|t:|1701129320\n|move|p1a: Clefable|Wish|p1a: Clefable\n|move|p2a: Slowking|Sludge Wave|p1a: Clefable\n|-supereffective|p1a: Clefable\n|-damage|p1a: Clefable|53\/100\n|\n|-heal|p1a: Clefable|59\/100|[from] item: Leftovers\n|upkeep\n|turn|13\n|\n|t:|1701129327\n|switch|p1a: Manectric|Manectric-Mega, F|100\/100\n|-ability|p1a: Manectric|Intimidate|boost\n|-unboost|p2a: Slowking|atk|1\n|move|p2a: Slowking|Sludge Wave|p1a: Manectric\n|-damage|p1a: Manectric|47\/100\n|-status|p1a: Manectric|psn\n|\n|-heal|p1a: Manectric|100\/100 psn|[from] move: Wish|[wisher] Clefable\n|-damage|p1a: Manectric|88\/100 psn|[from] psn\n|upkeep\n|turn|14\n|\n|t:|1701129339\n|move|p1a: Manectric|Volt Switch|p2a: Slowking\n|-damage|p2a: Slowking|50\/100\n|\n|t:|1701129342\n|switch|p1a: Clefable|Clefable, F|59\/100|[from] Volt Switch\n|move|p2a: Slowking|Chilly Reception|p2a: Slowking\n|-weather|Snow\n|\n|t:|1701129348\n|switch|p2a: Arctovish|Arctovish, shiny|81\/100|[from] Chilly Reception\n|\n|-weather|Snow|[upkeep]\n|-heal|p1a: Clefable|65\/100|[from] item: Leftovers\n|upkeep\n|turn|15\n|\n|t:|1701129350\n|move|p1a: Clefable|Protect|p1a: Clefable\n|-singleturn|p1a: Clefable|Protect\n|move|p2a: Arctovish|Fishious Rend|p1a: Clefable\n|-activate|p1a: Clefable|move: Protect\n|\n|-weather|Snow|[upkeep]\n|-heal|p1a: Clefable|72\/100|[from] item: Leftovers\n|upkeep\n|turn|16\n|\n|t:|1701129355\n|switch|p1a: Starmie|Starmie|100\/100\n|move|p2a: Arctovish|Fishious Rend|p1a: Starmie\n|-resisted|p1a: Starmie\n|-damage|p1a: Starmie|38\/100\n|-damage|p2a: Arctovish|71\/100|[from] item: Life Orb\n|\n|-weather|Snow|[upkeep]\n|upkeep\n|turn|17\n|\n|t:|1701129360\n|move|p2a: Arctovish|Fishious Rend|p1a: Starmie\n|-resisted|p1a: Starmie\n|-damage|p1a: Starmie|0 fnt\n|faint|p1a: Starmie\n|-damage|p2a: Arctovish|61\/100|[from] item: Life Orb\n|\n|-weather|Snow|[upkeep]\n|upkeep\n|\n|t:|1701129364\n|switch|p1a: Zamazenta|Zamazenta|55\/100\n|turn|18\n|\n|t:|1701129382\n|switch|p2a: Skarmory|Skarmory, F, shiny|51\/100\n|move|p1a: Zamazenta|Iron Defense|p1a: Zamazenta\n|-boost|p1a: Zamazenta|def|2\n|\n|-weather|none\n|-heal|p1a: Zamazenta|61\/100|[from] item: Leftovers\n|upkeep\n|turn|19\n|\n|t:|1701129388\n|move|p1a: Zamazenta|Body Press|p2a: Skarmory\n|-damage|p2a: Skarmory|1\/100\n|-damage|p1a: Zamazenta|45\/100|[from] item: Rocky Helmet|[of] p2a: Skarmory\n|move|p2a: Skarmory|Roar|p1a: Zamazenta\n|drag|p1a: Clefable|Clefable, F|72\/100\n|\n|-heal|p1a: Clefable|78\/100|[from] item: Leftovers\n|upkeep\n|turn|20\n|\n|t:|1701129407\n|switch|p1a: Manectric|Manectric-Mega, F|88\/100 psn\n|-ability|p1a: Manectric|Intimidate|boost\n|-unboost|p2a: Skarmory|atk|1\n|move|p2a: Skarmory|Stealth Rock|p1a: Manectric\n|-sidestart|p1: TornadUSMANGaruba|move: Stealth Rock\n|\n|-damage|p1a: Manectric|76\/100 psn|[from] psn\n|upkeep\n|turn|21\n|\n|t:|1701129418\n|move|p1a: Manectric|Volt Switch|p2a: Skarmory\n|-supereffective|p2a: Skarmory\n|-damage|p2a: Skarmory|0 fnt\n|faint|p2a: Skarmory\n|\n|t:|1701129421\n|switch|p1a: Zamazenta|Zamazenta|45\/100|[from] Volt Switch\n|-damage|p1a: Zamazenta|39\/100|[from] Stealth Rock\n|\n|-heal|p1a: Zamazenta|45\/100|[from] item: Leftovers\n|upkeep\n|\n|t:|1701129460\n|switch|p2a: Slowking|Slowking-Galar, F, shiny|84\/100\n|turn|22\n|\n|t:|1701129498\n|move|p1a: Zamazenta|Substitute|p1a: Zamazenta\n|-start|p1a: Zamazenta|Substitute\n|-damage|p1a: Zamazenta|20\/100\n|move|p2a: Slowking|Sludge Wave|p1a: Zamazenta\n|-end|p1a: Zamazenta|Substitute\n|\n|-heal|p1a: Zamazenta|26\/100|[from] item: Leftovers\n|upkeep\n|turn|23\n|\n|t:|1701129504\n|move|p1a: Zamazenta|Protect|p1a: Zamazenta\n|-singleturn|p1a: Zamazenta|Protect\n|move|p2a: Slowking|Sludge Wave|p1a: Zamazenta\n|-activate|p1a: Zamazenta|move: Protect\n|\n|-heal|p1a: Zamazenta|32\/100|[from] item: Leftovers\n|upkeep\n|turn|24\n|\n|t:|1701129511\n|switch|p1a: Manectric|Manectric-Mega, F|76\/100 psn\n|-damage|p1a: Manectric|64\/100 psn|[from] Stealth Rock\n|-ability|p1a: Manectric|Intimidate|boost\n|-unboost|p2a: Slowking|atk|1\n|move|p2a: Slowking|Sludge Wave|p1a: Manectric\n|-damage|p1a: Manectric|13\/100 psn\n|\n|-damage|p1a: Manectric|1\/100 psn|[from] psn\n|upkeep\n|turn|25\n|\n|t:|1701129524\n|switch|p2a: Zarude|Zarude|100\/100\n|move|p1a: Manectric|Thunderbolt|p2a: Zarude\n|-resisted|p2a: Zarude\n|-damage|p2a: Zarude|73\/100\n|\n|-damage|p1a: Manectric|0 fnt|[from] psn\n|faint|p1a: Manectric\n|upkeep\n|\n|t:|1701129526\n|switch|p1a: Zamazenta|Zamazenta|32\/100\n|-damage|p1a: Zamazenta|26\/100|[from] Stealth Rock\n|turn|26\n|\n|t:|1701129531\n|move|p1a: Zamazenta|Protect|p1a: Zamazenta\n|-singleturn|p1a: Zamazenta|Protect\n|move|p2a: Zarude|Power Whip|p1a: Zamazenta\n|-activate|p1a: Zamazenta|move: Protect\n|\n|-heal|p1a: Zamazenta|32\/100|[from] item: Leftovers\n|upkeep\n|turn|27\n|\n|t:|1701129536\n|move|p2a: Zarude|Power Whip|p1a: Zamazenta\n|-damage|p1a: Zamazenta|0 fnt\n|faint|p1a: Zamazenta\n|\n|upkeep\n|\n|t:|1701129540\n|switch|p1a: Clefable|Clefable, F|78\/100\n|turn|28\n|c|\u2606TornadUSMANGaruba|gg\n|\n|t:|1701129543\n|move|p2a: Zarude|Power Whip|p1a: Clefable\n|-damage|p1a: Clefable|6\/100\n|move|p1a: Clefable|Moonblast|p2a: Zarude\n|-supereffective|p2a: Zarude\n|-damage|p2a: Zarude|9\/100\n|\n|-heal|p1a: Clefable|12\/100|[from] item: Leftovers\n|upkeep\n|turn|29\n|\n|t:|1701129548\n|move|p2a: Zarude|Power Whip|p1a: Clefable\n|-damage|p1a: Clefable|0 fnt\n|faint|p1a: Clefable\n|\n|win|Klutchin\n|c|\u2606Klutchin|gg\n|l|\u2606TornadUSMANGaruba\n|l| jaynay121\n","uploadtime":1701129557,"views":7,"p1id":"tornadusmangaruba","p2id":"klutchin","formatid":"gen9nationaldex","rating":0,"private":0,"password":""}