{"id":"gen9nationaldex-1990947713","p1":"shandao0","p2":"kyleslice","format":"[Gen 9] National Dex","log":"|j|\u2606shandao0\n|j|\u2606kyleslice\n|t:|1700018459\n|gametype|singles\n|player|p1|shandao0|giovanni|1221\n|player|p2|kyleslice|boarder|1239\n|teamsize|p1|6\n|teamsize|p2|6\n|gen|9\n|tier|[Gen 9] National Dex\n|rated|\n|rule|HP Percentage Mod: HP is shown in percentages\n|rule|Endless Battle Clause: Forcing endless battles is banned\n|rule|OHKO Clause: OHKO moves are banned\n|rule|Evasion Clause: Evasion abilities, items, and moves are banned\n|rule|Evasion Abilities Clause: Evasion abilities are banned\n|rule|Evasion Items Clause: Evasion items are banned\n|rule|Evasion Moves Clause: Evasion moves are banned\n|rule|Species Clause: Limit one of each Pok\u00e9mon\n|rule|Sleep Clause Mod: Limit one foe put to sleep\n|clearpoke\n|poke|p1|Poliwrath, M|\n|poke|p1|Aerodactyl, M|\n|poke|p1|Venusaur, F|\n|poke|p1|Snorlax, M|\n|poke|p1|Gyarados, M|\n|poke|p1|Pikachu, F|\n|poke|p2|Gliscor, F|\n|poke|p2|Serperior, M|\n|poke|p2|Toxapex, M|\n|poke|p2|Sableye, F|\n|poke|p2|Infernape, M|\n|poke|p2|Magnezone|\n|teampreview\n|c|\u2606kyleslice|RED\n|\n|t:|1700018510\n|start\n|switch|p1a: \u868a\u9999|Poliwrath, M|100\/100\n|switch|p2a: Sableye|Sableye, F|100\/100\n|turn|1\n|inactive|Battle timer is ON: inactive players will automatically lose when time's up. (requested by shandao0)\n|\n|t:|1700018528\n|switch|p1a: \u5361\u6bd4|Snorlax, M|100\/100\n|detailschange|p2a: Sableye|Sableye-Mega, F\n|-mega|p2a: Sableye|Sableye|Sablenite\n|move|p2a: Sableye|Will-O-Wisp|p1a: \u5361\u6bd4\n|-status|p1a: \u5361\u6bd4|brn\n|\n|-damage|p1a: \u5361\u6bd4|94\/100 brn|[from] brn\n|upkeep\n|turn|2\n|\n|t:|1700018536\n|move|p1a: \u5361\u6bd4|Earthquake|p2a: Sableye\n|-damage|p2a: Sableye|88\/100\n|move|p2a: Sableye|Knock Off|p1a: \u5361\u6bd4\n|-damage|p1a: \u5361\u6bd4|65\/100 brn\n|-enditem|p1a: \u5361\u6bd4|Assault Vest|[from] move: Knock Off|[of] p2a: Sableye\n|\n|-damage|p1a: \u5361\u6bd4|59\/100 brn|[from] brn\n|upkeep\n|turn|3\n|\n|t:|1700018552\n|switch|p1a: \u5999\u86d9|Venusaur, F|100\/100\n|move|p2a: Sableye|Encore||[still]\n|-fail|p2a: Sableye\n|\n|upkeep\n|turn|4\n|\n|t:|1700018564\n|detailschange|p1a: \u5999\u86d9|Venusaur-Mega, F\n|-mega|p1a: \u5999\u86d9|Venusaur|Venusaurite\n|move|p1a: \u5999\u86d9|Sludge Bomb|p2a: Sableye\n|-resisted|p2a: Sableye\n|-damage|p2a: Sableye|71\/100\n|-status|p2a: Sableye|psn\n|move|p2a: Sableye|Knock Off|p1a: \u5999\u86d9\n|-damage|p1a: \u5999\u86d9|89\/100\n|\n|-damage|p2a: Sableye|58\/100 psn|[from] psn\n|upkeep\n|turn|5\n|\n|t:|1700018577\n|move|p1a: \u5999\u86d9|Giga Drain|p2a: Sableye\n|-damage|p2a: Sableye|27\/100 psn\n|-heal|p1a: \u5999\u86d9|100\/100|[from] drain|[of] p2a: Sableye\n|move|p2a: Sableye|Recover|p2a: Sableye\n|-heal|p2a: Sableye|77\/100 psn\n|\n|-damage|p2a: Sableye|64\/100 psn|[from] psn\n|upkeep\n|turn|6\n|\n|t:|1700018587\n|move|p1a: \u5999\u86d9|Giga Drain|p2a: Sableye\n|-damage|p2a: Sableye|34\/100 psn\n|move|p2a: Sableye|Recover|p2a: Sableye\n|-heal|p2a: Sableye|84\/100 psn\n|\n|-damage|p2a: Sableye|71\/100 psn|[from] psn\n|upkeep\n|turn|7\n|\n|t:|1700018593\n|move|p1a: \u5999\u86d9|Giga Drain|p2a: Sableye\n|-damage|p2a: Sableye|41\/100 psn\n|move|p2a: Sableye|Recover|p2a: Sableye\n|-heal|p2a: Sableye|91\/100 psn\n|\n|-damage|p2a: Sableye|79\/100 psn|[from] psn\n|upkeep\n|turn|8\n|\n|t:|1700018600\n|move|p1a: \u5999\u86d9|Giga Drain|p2a: Sableye\n|-damage|p2a: Sableye|49\/100 psn\n|move|p2a: Sableye|Recover|p2a: Sableye\n|-heal|p2a: Sableye|99\/100 psn\n|\n|-damage|p2a: Sableye|87\/100 psn|[from] psn\n|upkeep\n|turn|9\n|\n|t:|1700018607\n|move|p1a: \u5999\u86d9|Giga Drain|p2a: Sableye\n|-damage|p2a: Sableye|59\/100 psn\n|move|p2a: Sableye|Encore|p1a: \u5999\u86d9\n|-start|p1a: \u5999\u86d9|Encore\n|\n|-damage|p2a: Sableye|46\/100 psn|[from] psn\n|upkeep\n|turn|10\n|\n|t:|1700018621\n|switch|p2a: Serperior|Serperior, M|100\/100\n|move|p1a: \u5999\u86d9|Giga Drain|p2a: Serperior\n|-resisted|p2a: Serperior\n|-damage|p2a: Serperior|82\/100\n|\n|-heal|p2a: Serperior|88\/100|[from] item: Leftovers\n|upkeep\n|turn|11\n|\n|t:|1700018629\n|switch|p1a: \u5361\u6bd4|Snorlax, M|59\/100 brn\n|move|p2a: Serperior|Glare||[still]\n|-fail|p2a: Serperior\n|\n|-heal|p2a: Serperior|94\/100|[from] item: Leftovers\n|-damage|p1a: \u5361\u6bd4|53\/100 brn|[from] brn\n|upkeep\n|turn|12\n|\n|t:|1700018637\n|switch|p2a: Gliscor|Gliscor, F|100\/100\n|move|p1a: \u5361\u6bd4|Heat Crash|p2a: Gliscor\n|-damage|p2a: Gliscor|82\/100\n|\n|-damage|p1a: \u5361\u6bd4|47\/100 brn|[from] brn\n|-status|p2a: Gliscor|tox|[from] item: Toxic Orb\n|upkeep\n|turn|13\n|\n|t:|1700018654\n|move|p2a: Gliscor|Substitute|p2a: Gliscor\n|-start|p2a: Gliscor|Substitute\n|-damage|p2a: Gliscor|57\/100 tox\n|move|p1a: \u5361\u6bd4|Self-Destruct|p2a: Gliscor\n|-end|p2a: Gliscor|Substitute\n|faint|p1a: \u5361\u6bd4\n|\n|-heal|p2a: Gliscor|69\/100 tox|[from] ability: Poison Heal\n|upkeep\n|\n|t:|1700018672\n|switch|p1a: \u66b4\u9ca4|Gyarados, M|100\/100\n|turn|14\n|\n|t:|1700018680\n|switch|p2a: Magnezone|Magnezone|100\/100\n|move|p1a: \u66b4\u9ca4|Waterfall|p2a: Magnezone\n|-damage|p2a: Magnezone|56\/100\n|\n|upkeep\n|turn|15\n|\n|t:|1700018699\n|move|p2a: Magnezone|Volt Switch|p1a: \u66b4\u9ca4\n|-supereffective|p1a: \u66b4\u9ca4\n|-damage|p1a: \u66b4\u9ca4|0 fnt\n|faint|p1a: \u66b4\u9ca4\n|\n|t:|1700018706\n|switch|p2a: Sableye|Sableye-Mega, F|46\/100 psn|[from] Volt Switch\n|\n|-damage|p2a: Sableye|34\/100 psn|[from] psn\n|upkeep\n|\n|t:|1700018720\n|switch|p1a: \u868a\u9999|Poliwrath, M|100\/100\n|turn|16\n|\n|t:|1700018724\n|move|p1a: \u868a\u9999|Scald|p2a: Sableye\n|-damage|p2a: Sableye|15\/100 psn\n|move|p2a: Sableye|Encore|p1a: \u868a\u9999\n|-start|p1a: \u868a\u9999|Encore\n|\n|-damage|p2a: Sableye|2\/100 psn|[from] psn\n|upkeep\n|turn|17\n|\n|t:|1700018735\n|move|p1a: \u868a\u9999|Scald|p2a: Sableye\n|-damage|p2a: Sableye|0 fnt\n|faint|p2a: Sableye\n|\n|upkeep\n|\n|t:|1700018742\n|switch|p2a: Serperior|Serperior, M|94\/100\n|turn|18\n|\n|t:|1700018748\n|switch|p1a: \u5999\u86d9|Venusaur-Mega, F|100\/100\n|move|p2a: Serperior|Glare|p1a: \u5999\u86d9\n|-status|p1a: \u5999\u86d9|par\n|\n|-heal|p2a: Serperior|100\/100|[from] item: Leftovers\n|upkeep\n|turn|19\n|\n|t:|1700018760\n|switch|p2a: Infernape|Infernape, M|100\/100\n|cant|p1a: \u5999\u86d9|par\n|\n|upkeep\n|turn|20\n|\n|t:|1700018766\n|switch|p1a: \u7ffc\u9f99|Aerodactyl, M|100\/100\n|-ability|p1a: \u7ffc\u9f99|Unnerve\n|move|p2a: Infernape|U-turn|p1a: \u7ffc\u9f99\n|-resisted|p1a: \u7ffc\u9f99\n|-damage|p1a: \u7ffc\u9f99|82\/100\n|\n|t:|1700018783\n|switch|p2a: Toxapex|Toxapex, M|100\/100|[from] U-turn\n|\n|upkeep\n|turn|21\n|\n|t:|1700018790\n|move|p1a: \u7ffc\u9f99|Stealth Rock|p2a: Toxapex\n|-sidestart|p2: kyleslice|move: Stealth Rock\n|move|p2a: Toxapex|Ice Beam|p1a: \u7ffc\u9f99\n|-supereffective|p1a: \u7ffc\u9f99\n|-damage|p1a: \u7ffc\u9f99|37\/100\n|\n|upkeep\n|turn|22\n|\n|t:|1700018798\n|move|p1a: \u7ffc\u9f99|Dual Wingbeat|p2a: Toxapex\n|-damage|p2a: Toxapex|87\/100\n|-damage|p2a: Toxapex|72\/100\n|-hitcount|p2a: Toxapex|2\n|move|p2a: Toxapex|Ice Beam|p1a: \u7ffc\u9f99\n|-supereffective|p1a: \u7ffc\u9f99\n|-damage|p1a: \u7ffc\u9f99|0 fnt\n|faint|p1a: \u7ffc\u9f99\n|\n|-heal|p2a: Toxapex|78\/100|[from] item: Black Sludge\n|upkeep\n|\n|t:|1700018803\n|switch|p1a: \u5999\u86d9|Venusaur-Mega, F|100\/100 par\n|turn|23\n|\n|t:|1700018810\n|move|p2a: Toxapex|Ice Beam|p1a: \u5999\u86d9\n|-supereffective|p1a: \u5999\u86d9\n|-damage|p1a: \u5999\u86d9|88\/100 par\n|move|p1a: \u5999\u86d9|Leech Seed|p2a: Toxapex\n|-start|p2a: Toxapex|move: Leech Seed\n|\n|-heal|p2a: Toxapex|85\/100|[from] item: Black Sludge\n|-damage|p2a: Toxapex|72\/100|[from] Leech Seed|[of] p1a: \u5999\u86d9\n|-heal|p1a: \u5999\u86d9|99\/100 par|[silent]\n|upkeep\n|turn|24\n|\n|t:|1700018820\n|switch|p2a: Infernape|Infernape, M|100\/100\n|-damage|p2a: Infernape|88\/100|[from] Stealth Rock\n|move|p1a: \u5999\u86d9|Sludge Bomb|p2a: Infernape\n|-damage|p2a: Infernape|27\/100\n|\n|upkeep\n|turn|25\n|\n|t:|1700018830\n|move|p2a: Infernape|Stealth Rock|p1a: \u5999\u86d9\n|-sidestart|p1: shandao0|move: Stealth Rock\n|cant|p1a: \u5999\u86d9|par\n|\n|upkeep\n|turn|26\n|\n|t:|1700018840\n|switch|p2a: Magnezone|Magnezone|56\/100\n|-damage|p2a: Magnezone|49\/100|[from] Stealth Rock\n|move|p1a: \u5999\u86d9|Sludge Bomb|p2a: Magnezone\n|-immune|p2a: Magnezone\n|\n|upkeep\n|turn|27\n|\n|t:|1700018849\n|move|p2a: Magnezone|Hidden Power|p1a: \u5999\u86d9\n|-supereffective|p1a: \u5999\u86d9\n|-damage|p1a: \u5999\u86d9|84\/100 par\n|move|p1a: \u5999\u86d9|Leech Seed|p2a: Magnezone\n|-start|p2a: Magnezone|move: Leech Seed\n|\n|-damage|p2a: Magnezone|37\/100|[from] Leech Seed|[of] p1a: \u5999\u86d9\n|-heal|p1a: \u5999\u86d9|94\/100 par|[silent]\n|upkeep\n|turn|28\n|\n|t:|1700018862\n|switch|p2a: Gliscor|Gliscor, F|69\/100 tox\n|-damage|p2a: Gliscor|57\/100 tox|[from] Stealth Rock\n|move|p1a: \u5999\u86d9|Giga Drain|p2a: Gliscor\n|-damage|p2a: Gliscor|10\/100 tox\n|-heal|p1a: \u5999\u86d9|100\/100 par|[from] drain|[of] p2a: Gliscor\n|\n|-heal|p2a: Gliscor|23\/100 tox|[from] ability: Poison Heal\n|upkeep\n|turn|29\n|inactive|kyleslice has 120 seconds left.\n|\n|t:|1700018905\n|switch|p1a: \u868a\u9999|Poliwrath, M|100\/100\n|-damage|p1a: \u868a\u9999|94\/100|[from] Stealth Rock\n|move|p2a: Gliscor|Swords Dance|p2a: Gliscor\n|-boost|p2a: Gliscor|atk|2\n|\n|-heal|p2a: Gliscor|35\/100 tox|[from] ability: Poison Heal\n|upkeep\n|turn|30\n|inactive|kyleslice has 120 seconds left.\n|\n|t:|1700018917\n|move|p2a: Gliscor|Earthquake|p1a: \u868a\u9999\n|-crit|p1a: \u868a\u9999\n|-damage|p1a: \u868a\u9999|9\/100\n|move|p1a: \u868a\u9999|Scald|p2a: Gliscor\n|-supereffective|p2a: Gliscor\n|-damage|p2a: Gliscor|0 fnt\n|faint|p2a: Gliscor\n|\n|upkeep\n|inactive|kyleslice has 90 seconds left.\n|\n|t:|1700018947\n|switch|p2a: Serperior|Serperior, M|100\/100\n|-damage|p2a: Serperior|88\/100|[from] Stealth Rock\n|turn|31\n|\n|t:|1700018959\n|switch|p1a: \u5999\u86d9|Venusaur-Mega, F|100\/100 par\n|-damage|p1a: \u5999\u86d9|88\/100 par|[from] Stealth Rock\n|move|p2a: Serperior|Leaf Storm|p1a: \u5999\u86d9\n|-resisted|p1a: \u5999\u86d9\n|-damage|p1a: \u5999\u86d9|80\/100 par\n|-boost|p2a: Serperior|spa|2\n|\n|-heal|p2a: Serperior|94\/100|[from] item: Leftovers\n|upkeep\n|turn|32\n|\n|t:|1700018969\n|move|p2a: Serperior|Substitute|p2a: Serperior\n|-start|p2a: Serperior|Substitute\n|-damage|p2a: Serperior|69\/100\n|move|p1a: \u5999\u86d9|Sludge Bomb|p2a: Serperior\n|-supereffective|p2a: Serperior\n|-end|p2a: Serperior|Substitute\n|\n|-heal|p2a: Serperior|75\/100|[from] item: Leftovers\n|upkeep\n|turn|33\n|\n|t:|1700018982\n|switch|p2a: Magnezone|Magnezone|37\/100\n|-damage|p2a: Magnezone|31\/100|[from] Stealth Rock\n|cant|p1a: \u5999\u86d9|par\n|\n|upkeep\n|turn|34\n|\n|t:|1700018994\n|move|p2a: Magnezone|Steel Beam|p1a: \u5999\u86d9\n|-damage|p1a: \u5999\u86d9|26\/100 par\n|-damage|p2a: Magnezone|0 fnt|[from] steelbeam\n|faint|p2a: Magnezone\n|cant|p1a: \u5999\u86d9|par\n|\n|upkeep\n|\n|t:|1700019009\n|switch|p2a: Infernape|Infernape, M|27\/100\n|-damage|p2a: Infernape|14\/100|[from] Stealth Rock\n|turn|35\n|inactive|kyleslice has 90 seconds left.\n|\n|t:|1700019035\n|switch|p1a: \u868a\u9999|Poliwrath, M|9\/100\n|-damage|p1a: \u868a\u9999|3\/100|[from] Stealth Rock\n|move|p2a: Infernape|Flare Blitz|p1a: \u868a\u9999\n|-resisted|p1a: \u868a\u9999\n|-damage|p1a: \u868a\u9999|0 fnt\n|-damage|p2a: Infernape|0 fnt|[from] item: Rocky Helmet|[of] p1a: \u868a\u9999\n|faint|p1a: \u868a\u9999\n|faint|p2a: Infernape\n|\n|upkeep\n|\n|t:|1700019057\n|switch|p2a: Serperior|Serperior, M|75\/100\n|switch|p1a: \u76ae\u5361|Pikachu, F|100\/100\n|-damage|p2a: Serperior|63\/100|[from] Stealth Rock\n|-damage|p1a: \u76ae\u5361|88\/100|[from] Stealth Rock\n|turn|36\n|\n|t:|1700019067\n|move|p1a: \u76ae\u5361|Fake Out|p2a: Serperior\n|-damage|p2a: Serperior|42\/100\n|cant|p2a: Serperior|flinch\n|\n|-heal|p2a: Serperior|48\/100|[from] item: Leftovers\n|upkeep\n|turn|37\n|\n|t:|1700019078\n|move|p2a: Serperior|Leaf Storm|p1a: \u76ae\u5361|[miss]\n|-miss|p2a: Serperior|p1a: \u76ae\u5361\n|move|p1a: \u76ae\u5361|Knock Off|p2a: Serperior\n|-damage|p2a: Serperior|0 fnt\n|-enditem|p2a: Serperior|Leftovers|[from] move: Knock Off|[of] p1a: \u76ae\u5361\n|faint|p2a: Serperior\n|\n|upkeep\n|\n|t:|1700019085\n|switch|p2a: Toxapex|Toxapex, M|100\/100\n|-damage|p2a: Toxapex|88\/100|[from] Stealth Rock\n|turn|38\n|\n|t:|1700019091\n|-terastallize|p1a: \u76ae\u5361|Electric\n|move|p1a: \u76ae\u5361|Volt Tackle|p2a: Toxapex\n|-supereffective|p2a: Toxapex\n|-damage|p2a: Toxapex|0 fnt\n|faint|p2a: Toxapex\n|-damage|p1a: \u76ae\u5361|46\/100|[from] Recoil\n|\n|win|shandao0\n|raw|shandao0's rating: 1221 &rarr; <strong>1247<\/strong><br \/>(+26 for winning)\n|raw|kyleslice's rating: 1239 &rarr; <strong>1213<\/strong><br \/>(-26 for losing)\n|c|\u2606kyleslice|gg\n","uploadtime":1700019103,"views":5,"p1id":"shandao0","p2id":"kyleslice","formatid":"gen9nationaldex","rating":1213,"private":0,"password":""}