{"id":"gen9nationaldex-1993021530","p1":"Stonedmask","p2":"BaconMan444","format":"[Gen 9] National Dex","log":"|j|\u2606Stonedmask\n|j|\u2606BaconMan444\n|t:|1700256278\n|gametype|singles\n|player|p1|Stonedmask|shadowtriad|1424\n|player|p2|BaconMan444|n|1483\n|teamsize|p1|6\n|teamsize|p2|6\n|gen|9\n|tier|[Gen 9] National Dex\n|rated|\n|rule|HP Percentage Mod: HP is shown in percentages\n|rule|Endless Battle Clause: Forcing endless battles is banned\n|rule|OHKO Clause: OHKO moves are banned\n|rule|Evasion Clause: Evasion abilities, items, and moves are banned\n|rule|Evasion Abilities Clause: Evasion abilities are banned\n|rule|Evasion Items Clause: Evasion items are banned\n|rule|Evasion Moves Clause: Evasion moves are banned\n|rule|Species Clause: Limit one of each Pok\u00e9mon\n|rule|Sleep Clause Mod: Limit one foe put to sleep\n|clearpoke\n|poke|p1|Aegislash, M|\n|poke|p1|Zapdos|\n|poke|p1|Salamence, M|\n|poke|p1|Clefable, F|\n|poke|p1|Heatran, M|\n|poke|p1|Amoonguss, M|\n|poke|p2|Corviknight, F|\n|poke|p2|Pelipper, F|\n|poke|p2|Thundurus-Therian, M|\n|poke|p2|Ferrothorn, M|\n|poke|p2|Barraskewda, M|\n|poke|p2|Swampert, F|\n|teampreview\n|\n|t:|1700256327\n|start\n|switch|p1a: Heatran|Heatran, M, shiny|100\/100\n|switch|p2a: kablemarmdossldodk|Thundurus-Therian, M, shiny|100\/100\n|turn|1\n|\n|t:|1700256343\n|move|p2a: kablemarmdossldodk|Knock Off|p1a: Heatran\n|-damage|p1a: Heatran|82\/100\n|-enditem|p1a: Heatran|Leftovers|[from] move: Knock Off|[of] p2a: kablemarmdossldodk\n|move|p1a: Heatran|Stealth Rock|p2a: kablemarmdossldodk\n|-sidestart|p2: BaconMan444|move: Stealth Rock\n|\n|upkeep\n|turn|2\n|\n|t:|1700256361\n|switch|p1a: Aegislash|Aegislash, M, shiny|100\/100\n|move|p2a: kablemarmdossldodk|Volt Switch|p1a: Aegislash\n|-damage|p1a: Aegislash|77\/100\n|\n|t:|1700256366\n|switch|p2a: plip plap plop|Pelipper, F|100\/100|[from] Volt Switch\n|-damage|p2a: plip plap plop|76\/100|[from] Stealth Rock\n|-weather|RainDance|[from] ability: Drizzle|[of] p2a: plip plap plop\n|\n|-weather|RainDance|[upkeep]\n|-heal|p1a: Aegislash|83\/100|[from] item: Leftovers\n|upkeep\n|turn|3\n|\n|t:|1700256372\n|switch|p2a: Ouchie!|Ferrothorn, M, shiny|100\/100\n|-damage|p2a: Ouchie!|94\/100|[from] Stealth Rock\n|move|p1a: Aegislash|Substitute|p1a: Aegislash\n|-start|p1a: Aegislash|Substitute\n|-damage|p1a: Aegislash|59\/100\n|\n|-weather|RainDance|[upkeep]\n|-heal|p1a: Aegislash|65\/100|[from] item: Leftovers\n|upkeep\n|turn|4\n|\n|t:|1700256377\n|-formechange|p1a: Aegislash|Aegislash-Blade||[from] ability: Stance Change\n|move|p1a: Aegislash|Shadow Ball|p2a: Ouchie!\n|-damage|p2a: Ouchie!|64\/100\n|move|p2a: Ouchie!|Gyro Ball|p1a: Aegislash\n|-resisted|p1a: Aegislash\n|-end|p1a: Aegislash|Substitute\n|\n|-weather|RainDance|[upkeep]\n|-heal|p1a: Aegislash|71\/100|[from] item: Leftovers\n|upkeep\n|turn|5\n|\n|t:|1700256388\n|-formechange|p1a: Aegislash|Aegislash||[from] ability: Stance Change\n|move|p1a: Aegislash|King's Shield|p1a: Aegislash\n|-singleturn|p1a: Aegislash|Protect\n|move|p2a: Ouchie!|Knock Off|p1a: Aegislash\n|-activate|p1a: Aegislash|move: Protect\n|-unboost|p2a: Ouchie!|atk|1\n|\n|-weather|RainDance|[upkeep]\n|-heal|p1a: Aegislash|77\/100|[from] item: Leftovers\n|upkeep\n|turn|6\n|\n|t:|1700256396\n|move|p1a: Aegislash|Substitute|p1a: Aegislash\n|-start|p1a: Aegislash|Substitute\n|-damage|p1a: Aegislash|53\/100\n|move|p2a: Ouchie!|Gyro Ball|p1a: Aegislash\n|-resisted|p1a: Aegislash\n|-activate|p1a: Aegislash|move: Substitute|[damage]\n|\n|-weather|RainDance|[upkeep]\n|-heal|p1a: Aegislash|59\/100|[from] item: Leftovers\n|upkeep\n|turn|7\n|\n|t:|1700256404\n|switch|p2a: Cutie Patootie|Swampert, F, shiny|100\/100\n|-damage|p2a: Cutie Patootie|94\/100|[from] Stealth Rock\n|move|p1a: Aegislash|King's Shield||[still]\n|-fail|p1a: Aegislash\n|\n|-weather|RainDance|[upkeep]\n|-heal|p1a: Aegislash|65\/100|[from] item: Leftovers\n|upkeep\n|turn|8\n|\n|t:|1700256417\n|detailschange|p2a: Cutie Patootie|Swampert-Mega, F, shiny\n|-mega|p2a: Cutie Patootie|Swampert|Swampertite\n|move|p2a: Cutie Patootie|Liquidation|p1a: Aegislash\n|-end|p1a: Aegislash|Substitute\n|move|p1a: Aegislash|Toxic|p2a: Cutie Patootie\n|-status|p2a: Cutie Patootie|tox\n|\n|-weather|RainDance|[upkeep]\n|-heal|p1a: Aegislash|71\/100|[from] item: Leftovers\n|-damage|p2a: Cutie Patootie|88\/100 tox|[from] psn\n|upkeep\n|turn|9\n|\n|t:|1700256432\n|move|p1a: Aegislash|King's Shield|p1a: Aegislash\n|-singleturn|p1a: Aegislash|Protect\n|move|p2a: Cutie Patootie|Bulk Up|p2a: Cutie Patootie\n|-boost|p2a: Cutie Patootie|atk|1\n|-boost|p2a: Cutie Patootie|def|1\n|\n|-weather|none\n|-heal|p1a: Aegislash|77\/100|[from] item: Leftovers\n|-damage|p2a: Cutie Patootie|76\/100 tox|[from] psn\n|upkeep\n|turn|10\n|\n|t:|1700256439\n|switch|p1a: Zapdos|Zapdos, shiny|100\/100\n|move|p2a: Cutie Patootie|Liquidation|p1a: Zapdos\n|-damage|p1a: Zapdos|46\/100\n|\n|-damage|p2a: Cutie Patootie|57\/100 tox|[from] psn\n|upkeep\n|turn|11\n|\n|t:|1700256448\n|switch|p1a: Aegislash|Aegislash, M, shiny|77\/100\n|move|p2a: Cutie Patootie|Liquidation|p1a: Aegislash\n|-damage|p1a: Aegislash|16\/100\n|\n|-heal|p1a: Aegislash|22\/100|[from] item: Leftovers\n|-damage|p2a: Cutie Patootie|32\/100 tox|[from] psn\n|upkeep\n|turn|12\n|\n|t:|1700256454\n|switch|p2a: overweight bird|Corviknight, F|100\/100\n|-damage|p2a: overweight bird|88\/100|[from] Stealth Rock\n|-ability|p2a: overweight bird|Pressure\n|switch|p1a: Zapdos|Zapdos, shiny|46\/100\n|\n|upkeep\n|turn|13\n|\n|t:|1700256460\n|move|p1a: Zapdos|Roost|p1a: Zapdos\n|-heal|p1a: Zapdos|96\/100\n|-singleturn|p1a: Zapdos|move: Roost\n|move|p2a: overweight bird|U-turn|p1a: Zapdos\n|-damage|p1a: Zapdos|86\/100\n|\n|t:|1700256486\n|switch|p2a: plip plap plop|Pelipper, F|76\/100|[from] U-turn\n|-damage|p2a: plip plap plop|51\/100|[from] Stealth Rock\n|-weather|RainDance|[from] ability: Drizzle|[of] p2a: plip plap plop\n|\n|-weather|RainDance|[upkeep]\n|upkeep\n|turn|14\n|\n|t:|1700256491\n|switch|p2a: Cutie Patootie|Swampert-Mega, F, shiny|32\/100 tox\n|-damage|p2a: Cutie Patootie|26\/100 tox|[from] Stealth Rock\n|move|p1a: Zapdos|Discharge|p2a: Cutie Patootie\n|-immune|p2a: Cutie Patootie\n|\n|-weather|RainDance|[upkeep]\n|-damage|p2a: Cutie Patootie|19\/100 tox|[from] psn\n|upkeep\n|turn|15\n|\n|t:|1700256496\n|move|p2a: Cutie Patootie|Liquidation|p1a: Zapdos\n|-damage|p1a: Zapdos|23\/100\n|move|p1a: Zapdos|Roost|p1a: Zapdos\n|-heal|p1a: Zapdos|73\/100\n|-singleturn|p1a: Zapdos|move: Roost\n|\n|-weather|RainDance|[upkeep]\n|-damage|p2a: Cutie Patootie|7\/100 tox|[from] psn\n|upkeep\n|turn|16\n|\n|t:|1700256510\n|move|p2a: Cutie Patootie|Liquidation|p1a: Zapdos\n|-damage|p1a: Zapdos|15\/100\n|move|p1a: Zapdos|Roost|p1a: Zapdos\n|-heal|p1a: Zapdos|65\/100\n|-singleturn|p1a: Zapdos|move: Roost\n|\n|-weather|RainDance|[upkeep]\n|-damage|p2a: Cutie Patootie|0 fnt|[from] psn\n|faint|p2a: Cutie Patootie\n|upkeep\n|\n|t:|1700256514\n|switch|p2a: Whoosh!|Barraskewda, M, shiny|100\/100\n|-damage|p2a: Whoosh!|88\/100|[from] Stealth Rock\n|turn|17\n|\n|t:|1700256519\n|switch|p1a: Amoonguss|Amoonguss, M, shiny|100\/100\n|move|p2a: Whoosh!|Liquidation|p1a: Amoonguss\n|-resisted|p1a: Amoonguss\n|-damage|p1a: Amoonguss|64\/100\n|\n|-weather|RainDance|[upkeep]\n|upkeep\n|turn|18\n|\n|t:|1700256525\n|switch|p2a: overweight bird|Corviknight, F|88\/100\n|-damage|p2a: overweight bird|76\/100|[from] Stealth Rock\n|-ability|p2a: overweight bird|Pressure\n|move|p1a: Amoonguss|Spore|p2a: overweight bird\n|-status|p2a: overweight bird|slp|[from] move: Spore\n|\n|-weather|RainDance|[upkeep]\n|upkeep\n|turn|19\n|\n|t:|1700256540\n|switch|p1a: Aegislash|Aegislash, M, shiny|22\/100\n|cant|p2a: overweight bird|slp\n|\n|-weather|RainDance|[upkeep]\n|-heal|p1a: Aegislash|28\/100|[from] item: Leftovers\n|upkeep\n|turn|20\n|\n|t:|1700256546\n|switch|p2a: kablemarmdossldodk|Thundurus-Therian, M, shiny|100\/100\n|-damage|p2a: kablemarmdossldodk|75\/100|[from] Stealth Rock\n|move|p1a: Aegislash|Substitute|p1a: Aegislash\n|-start|p1a: Aegislash|Substitute\n|-damage|p1a: Aegislash|3\/100\n|\n|-weather|none\n|-heal|p1a: Aegislash|9\/100|[from] item: Leftovers\n|upkeep\n|turn|21\n|\n|t:|1700256592\n|move|p2a: kablemarmdossldodk|Volt Switch|p1a: Aegislash\n|-activate|p1a: Aegislash|move: Substitute|[damage]\n|\n|t:|1700256596\n|switch|p2a: Ouchie!|Ferrothorn, M, shiny|64\/100|[from] Volt Switch\n|-damage|p2a: Ouchie!|57\/100|[from] Stealth Rock\n|-formechange|p1a: Aegislash|Aegislash-Blade||[from] ability: Stance Change\n|move|p1a: Aegislash|Shadow Ball|p2a: Ouchie!\n|-damage|p2a: Ouchie!|23\/100\n|\n|-heal|p1a: Aegislash|16\/100|[from] item: Leftovers\n|upkeep\n|turn|22\n|\n|t:|1700256602\n|move|p1a: Aegislash|Shadow Ball|p2a: Ouchie!\n|-damage|p2a: Ouchie!|0 fnt\n|faint|p2a: Ouchie!\n|\n|-heal|p1a: Aegislash|22\/100|[from] item: Leftovers\n|upkeep\n|\n|t:|1700256605\n|switch|p2a: kablemarmdossldodk|Thundurus-Therian, M, shiny|75\/100\n|-damage|p2a: kablemarmdossldodk|50\/100|[from] Stealth Rock\n|turn|23\n|\n|t:|1700256614\n|move|p2a: kablemarmdossldodk|Knock Off|p1a: Aegislash\n|-supereffective|p1a: Aegislash\n|-end|p1a: Aegislash|Substitute\n|move|p1a: Aegislash|Shadow Ball|p2a: kablemarmdossldodk\n|-damage|p2a: kablemarmdossldodk|19\/100\n|-unboost|p2a: kablemarmdossldodk|spd|1\n|\n|-heal|p1a: Aegislash|28\/100|[from] item: Leftovers\n|upkeep\n|turn|24\n|\n|t:|1700256617\n|-formechange|p1a: Aegislash|Aegislash||[from] ability: Stance Change\n|move|p1a: Aegislash|King's Shield|p1a: Aegislash\n|-singleturn|p1a: Aegislash|Protect\n|move|p2a: kablemarmdossldodk|Thunder|p1a: Aegislash\n|-activate|p1a: Aegislash|move: Protect\n|\n|-heal|p1a: Aegislash|34\/100|[from] item: Leftovers\n|upkeep\n|turn|25\n|\n|t:|1700256629\n|switch|p1a: Amoonguss|Amoonguss, M, shiny|97\/100\n|move|p2a: kablemarmdossldodk|Thunder|p1a: Amoonguss\n|-resisted|p1a: Amoonguss\n|-damage|p1a: Amoonguss|66\/100\n|-status|p1a: Amoonguss|par\n|\n|upkeep\n|turn|26\n|\n|t:|1700256635\n|switch|p1a: Heatran|Heatran, M, shiny|82\/100\n|move|p2a: kablemarmdossldodk|Knock Off|p1a: Heatran\n|-damage|p1a: Heatran|71\/100\n|\n|upkeep\n|turn|27\n|\n|t:|1700256650\n|move|p2a: kablemarmdossldodk|Thunder|p1a: Heatran\n|-damage|p1a: Heatran|33\/100\n|-status|p1a: Heatran|par\n|cant|p1a: Heatran|par\n|\n|upkeep\n|turn|28\n|\n|t:|1700256655\n|move|p2a: kablemarmdossldodk|Thunder|p1a: Heatran|[miss]\n|-miss|p2a: kablemarmdossldodk|p1a: Heatran\n|move|p1a: Heatran|Magma Storm|p2a: kablemarmdossldodk|[miss]\n|-miss|p1a: Heatran|p2a: kablemarmdossldodk\n|\n|upkeep\n|turn|29\n|\n|t:|1700256661\n|move|p2a: kablemarmdossldodk|Thunder|p1a: Heatran\n|-damage|p1a: Heatran|0 fnt\n|faint|p1a: Heatran\n|\n|upkeep\n|\n|t:|1700256679\n|switch|p1a: Aegislash|Aegislash, M, shiny|34\/100\n|turn|30\n|\n|t:|1700256683\n|move|p1a: Aegislash|King's Shield|p1a: Aegislash\n|-singleturn|p1a: Aegislash|Protect\n|move|p2a: kablemarmdossldodk|Thunder|p1a: Aegislash\n|-activate|p1a: Aegislash|move: Protect\n|\n|-heal|p1a: Aegislash|40\/100|[from] item: Leftovers\n|upkeep\n|turn|31\n|\n|t:|1700256689\n|move|p2a: kablemarmdossldodk|Thunder|p1a: Aegislash\n|-damage|p1a: Aegislash|4\/100\n|-formechange|p1a: Aegislash|Aegislash-Blade||[from] ability: Stance Change\n|move|p1a: Aegislash|Shadow Ball|p2a: kablemarmdossldodk\n|-damage|p2a: kablemarmdossldodk|0 fnt\n|faint|p2a: kablemarmdossldodk\n|\n|-heal|p1a: Aegislash|10\/100|[from] item: Leftovers\n|upkeep\n|\n|t:|1700256694\n|switch|p2a: overweight bird|Corviknight, F|76\/100 slp\n|-damage|p2a: overweight bird|64\/100 slp|[from] Stealth Rock\n|-ability|p2a: overweight bird|Pressure\n|turn|32\n|\n|t:|1700256704\n|switch|p1a: Zapdos|Zapdos, shiny|65\/100\n|-curestatus|p2a: overweight bird|slp|[msg]\n|move|p2a: overweight bird|Defog|p1a: Zapdos\n|-unboost|p1a: Zapdos|evasion|1\n|-sideend|p2: BaconMan444|Stealth Rock|[from] move: Defog|[of] p2a: overweight bird\n|\n|upkeep\n|turn|33\n|\n|t:|1700256710\n|move|p1a: Zapdos|Discharge|p2a: overweight bird\n|-supereffective|p2a: overweight bird\n|-damage|p2a: overweight bird|4\/100\n|move|p2a: overweight bird|U-turn|p1a: Zapdos\n|-resisted|p1a: Zapdos\n|-damage|p1a: Zapdos|59\/100\n|-status|p2a: overweight bird|par|[from] ability: Static|[of] p1a: Zapdos\n|\n|t:|1700256713\n|switch|p2a: plip plap plop|Pelipper, F|51\/100|[from] U-turn\n|-weather|RainDance|[from] ability: Drizzle|[of] p2a: plip plap plop\n|\n|-weather|RainDance|[upkeep]\n|upkeep\n|turn|34\n|\n|t:|1700256717\n|switch|p2a: overweight bird|Corviknight, F|4\/100 par\n|-ability|p2a: overweight bird|Pressure\n|move|p1a: Zapdos|Discharge|p2a: overweight bird\n|-supereffective|p2a: overweight bird\n|-damage|p2a: overweight bird|0 fnt\n|faint|p2a: overweight bird\n|\n|-weather|RainDance|[upkeep]\n|upkeep\n|\n|t:|1700256718\n|switch|p2a: Whoosh!|Barraskewda, M, shiny|88\/100\n|turn|35\n|\n|t:|1700256720\n|-terastallize|p2a: Whoosh!|Water\n|move|p2a: Whoosh!|Liquidation|p1a: Zapdos\n|-damage|p1a: Zapdos|0 fnt\n|faint|p1a: Zapdos\n|\n|-weather|RainDance|[upkeep]\n|upkeep\n|\n|t:|1700256725\n|switch|p1a: Amoonguss|Amoonguss, M, shiny|99\/100 par\n|turn|36\n|\n|t:|1700256732\n|move|p2a: Whoosh!|Liquidation|p1a: Amoonguss\n|-resisted|p1a: Amoonguss\n|-damage|p1a: Amoonguss|48\/100 par\n|-unboost|p1a: Amoonguss|def|1\n|move|p1a: Amoonguss|Spore|p2a: Whoosh!\n|-status|p2a: Whoosh!|slp|[from] move: Spore\n|\n|-weather|RainDance|[upkeep]\n|upkeep\n|turn|37\n|inactive|Battle timer is ON: inactive players will automatically lose when time's up. (requested by Stonedmask)\n|l|\u2606BaconMan444\n|inactive|BaconMan444 disconnected and has a minute to reconnect!\n|player|p2|\n|inactive|BaconMan444 has 30 seconds to reconnect!\n|inactive|BaconMan444 has 20 seconds to reconnect!\n|inactive|BaconMan444 has 15 seconds to reconnect!\n|inactive|BaconMan444 has 10 seconds to reconnect!\n|inactive|BaconMan444 has 5 seconds to reconnect!\n|-message|BaconMan444 lost due to inactivity.\n|\n|win|Stonedmask\n|raw|Stonedmask's rating: 1424 &rarr; <strong>1447<\/strong><br \/>(+23 for winning)\n|raw|BaconMan444's rating: 1483 &rarr; <strong>1460<\/strong><br \/>(-23 for losing)\n","uploadtime":1700256903,"views":6,"p1id":"stonedmask","p2id":"baconman444","formatid":"gen9nationaldex","rating":1447,"private":0,"password":""}