{"id":"gen9nationaldex-1994788209","p1":"ykhlhulgkyl5643","p2":"Rayfall","format":"[Gen 9] National Dex","log":"|html|<div class=\"broadcast-blue\"><strong>[Gen 9] National Dex is currently suspecting Sneasler! For information on how to participate check out the <a href=\"https:\/\/www.smogon.com\/forums\/threads\/sv-national-dex-suspect-8-just-dance.3731534\/\">suspect thread<\/a>.<\/strong><\/div>\n|j|\u2606ykhlhulgkyl5643\n|j|\u2606Rayfall\n|t:|1700492824\n|gametype|singles\n|player|p1|ykhlhulgkyl5643|roark|1258\n|player|p2|Rayfall|266|1318\n|teamsize|p1|6\n|teamsize|p2|6\n|gen|9\n|tier|[Gen 9] National Dex\n|rated|\n|rule|HP Percentage Mod: HP is shown in percentages\n|rule|Endless Battle Clause: Forcing endless battles is banned\n|rule|OHKO Clause: OHKO moves are banned\n|rule|Evasion Clause: Evasion abilities, items, and moves are banned\n|rule|Evasion Abilities Clause: Evasion abilities are banned\n|rule|Evasion Items Clause: Evasion items are banned\n|rule|Evasion Moves Clause: Evasion moves are banned\n|rule|Species Clause: Limit one of each Pok\u00e9mon\n|rule|Sleep Clause Mod: Limit one foe put to sleep\n|clearpoke\n|poke|p1|Tyranitar, M|\n|poke|p1|Garganacl, F|\n|poke|p1|Aggron, F|\n|poke|p1|Cradily, M|\n|poke|p1|Glimmora, M|\n|poke|p1|Ogerpon-Cornerstone, F|\n|poke|p2|Empoleon, M|\n|poke|p2|Moltres|\n|poke|p2|Sinistcha-Masterpiece|\n|poke|p2|Great Tusk|\n|poke|p2|Galvantula, F|\n|poke|p2|Samurott-Hisui, F|\n|teampreview\n|inactive|Battle timer is ON: inactive players will automatically lose when time's up. (requested by Rayfall)\n|\n|t:|1700492844\n|start\n|switch|p1a: Ogerpon|Ogerpon-Cornerstone, F|100\/100\n|switch|p2a: Galvantula|Galvantula, F|100\/100\n|turn|1\n|\n|t:|1700492850\n|move|p1a: Ogerpon|Spikes|p2a: Galvantula\n|-sidestart|p2: Rayfall|Spikes\n|move|p2a: Galvantula|Thunder Wave|p1a: Ogerpon\n|-status|p1a: Ogerpon|par\n|\n|upkeep\n|turn|2\n|\n|t:|1700492855\n|move|p2a: Galvantula|Bug Buzz|p1a: Ogerpon\n|-supereffective|p1a: Ogerpon\n|-damage|p1a: Ogerpon|7\/100 par\n|move|p1a: Ogerpon|Spikes|p2a: Galvantula\n|-sidestart|p2: Rayfall|Spikes\n|\n|upkeep\n|turn|3\n|\n|t:|1700492861\n|switch|p1a: Garganacl|Garganacl, F|100\/100\n|move|p2a: Galvantula|Sticky Web|p1a: Garganacl\n|-sidestart|p1: ykhlhulgkyl5643|move: Sticky Web\n|\n|upkeep\n|turn|4\n|\n|t:|1700492877\n|-terastallize|p1a: Garganacl|Ghost\n|move|p2a: Galvantula|Thunder|p1a: Garganacl\n|-damage|p1a: Garganacl|67\/100\n|-enditem|p1a: Garganacl|Maranga Berry|[eat]\n|-boost|p1a: Garganacl|spd|1|[from] item: Maranga Berry\n|move|p1a: Garganacl|Iron Defense|p1a: Garganacl\n|-boost|p1a: Garganacl|def|2\n|\n|upkeep\n|turn|5\n|\n|t:|1700492886\n|move|p2a: Galvantula|Thunder|p1a: Garganacl\n|-damage|p1a: Garganacl|46\/100\n|move|p1a: Garganacl|Salt Cure|p2a: Galvantula\n|-supereffective|p2a: Galvantula\n|-damage|p2a: Galvantula|49\/100\n|-start|p2a: Galvantula|Salt Cure\n|\n|-damage|p2a: Galvantula|36\/100|[from] Salt Cure\n|upkeep\n|turn|6\n|\n|t:|1700492894\n|move|p2a: Galvantula|Thunder|p1a: Garganacl\n|-damage|p1a: Garganacl|25\/100\n|move|p1a: Garganacl|Recover|p1a: Garganacl\n|-heal|p1a: Garganacl|75\/100\n|\n|-damage|p2a: Galvantula|24\/100|[from] Salt Cure\n|upkeep\n|turn|7\n|\n|t:|1700492902\n|move|p2a: Galvantula|Thunder|p1a: Garganacl\n|-damage|p1a: Garganacl|54\/100\n|move|p1a: Garganacl|Iron Defense|p1a: Garganacl\n|-boost|p1a: Garganacl|def|2\n|\n|-damage|p2a: Galvantula|11\/100|[from] Salt Cure\n|upkeep\n|turn|8\n|\n|t:|1700492909\n|move|p2a: Galvantula|Thunder|p1a: Garganacl\n|-damage|p1a: Garganacl|33\/100\n|move|p1a: Garganacl|Recover|p1a: Garganacl\n|-heal|p1a: Garganacl|83\/100\n|\n|-damage|p2a: Galvantula|0 fnt|[from] Salt Cure\n|faint|p2a: Galvantula\n|upkeep\n|\n|t:|1700492925\n|switch|p2a: Samurott|Samurott-Hisui, F|100\/100\n|-damage|p2a: Samurott|84\/100|[from] Spikes\n|turn|9\n|\n|t:|1700492929\n|move|p2a: Samurott|Ceaseless Edge|p1a: Garganacl\n|-supereffective|p1a: Garganacl\n|-damage|p1a: Garganacl|50\/100\n|-sidestart|p1: ykhlhulgkyl5643|Spikes\n|move|p1a: Garganacl|Body Press|p2a: Samurott\n|-supereffective|p2a: Samurott\n|-damage|p2a: Samurott|0 fnt\n|faint|p2a: Samurott\n|\n|upkeep\n|\n|t:|1700492940\n|switch|p2a: Moltres|Moltres|100\/100\n|turn|10\n|\n|t:|1700492944\n|move|p2a: Moltres|Fire Blast|p1a: Garganacl\n|-damage|p1a: Garganacl|25\/100\n|move|p1a: Garganacl|Recover|p1a: Garganacl\n|-heal|p1a: Garganacl|75\/100\n|\n|upkeep\n|turn|11\n|\n|t:|1700492951\n|move|p2a: Moltres|Fire Blast|p1a: Garganacl\n|-damage|p1a: Garganacl|53\/100\n|move|p1a: Garganacl|Salt Cure|p2a: Moltres\n|-supereffective|p2a: Moltres\n|-damage|p2a: Moltres|37\/100\n|-start|p2a: Moltres|Salt Cure\n|\n|-damage|p2a: Moltres|25\/100|[from] Salt Cure\n|upkeep\n|turn|12\n|\n|t:|1700492961\n|move|p2a: Moltres|Fire Blast|p1a: Garganacl\n|-damage|p1a: Garganacl|29\/100\n|move|p1a: Garganacl|Recover|p1a: Garganacl\n|-heal|p1a: Garganacl|79\/100\n|\n|-damage|p2a: Moltres|12\/100|[from] Salt Cure\n|upkeep\n|turn|13\n|\n|t:|1700492969\n|move|p2a: Moltres|Fire Blast|p1a: Garganacl\n|-damage|p1a: Garganacl|53\/100\n|move|p1a: Garganacl|Recover|p1a: Garganacl\n|-heal|p1a: Garganacl|100\/100\n|\n|-damage|p2a: Moltres|0 fnt|[from] Salt Cure\n|faint|p2a: Moltres\n|upkeep\n|\n|t:|1700492987\n|switch|p2a: Sinistcha|Sinistcha-Masterpiece|100\/100\n|-damage|p2a: Sinistcha|84\/100|[from] Spikes\n|turn|14\n|\n|t:|1700492998\n|move|p2a: Sinistcha|Calm Mind|p2a: Sinistcha\n|-boost|p2a: Sinistcha|spa|1\n|-boost|p2a: Sinistcha|spd|1\n|move|p1a: Garganacl|Salt Cure|p2a: Sinistcha\n|-damage|p2a: Sinistcha|71\/100\n|-start|p2a: Sinistcha|Salt Cure\n|\n|-damage|p2a: Sinistcha|58\/100|[from] Salt Cure\n|upkeep\n|turn|15\n|\n|t:|1700493012\n|switch|p1a: Tyranitar|Tyranitar, M|100\/100\n|-activate|p1a: Tyranitar|move: Sticky Web\n|-unboost|p1a: Tyranitar|spe|1\n|-damage|p1a: Tyranitar|88\/100|[from] Spikes\n|-weather|Sandstorm|[from] ability: Sand Stream|[of] p1a: Tyranitar\n|move|p2a: Sinistcha|Calm Mind|p2a: Sinistcha\n|-boost|p2a: Sinistcha|spa|1\n|-boost|p2a: Sinistcha|spd|1\n|\n|-weather|Sandstorm|[upkeep]\n|-damage|p2a: Sinistcha|52\/100|[from] Sandstorm\n|-damage|p2a: Sinistcha|40\/100|[from] Salt Cure\n|upkeep\n|turn|16\n|\n|t:|1700493028\n|move|p2a: Sinistcha|Strength Sap|p1a: Tyranitar\n|-unboost|p1a: Tyranitar|atk|1\n|-heal|p2a: Sinistcha|100\/100\n|move|p1a: Tyranitar|Knock Off|p2a: Sinistcha\n|-supereffective|p2a: Sinistcha\n|-damage|p2a: Sinistcha|47\/100\n|-enditem|p2a: Sinistcha|Weakness Policy\n|-boost|p2a: Sinistcha|atk|2|[from] item: Weakness Policy\n|-boost|p2a: Sinistcha|spa|2|[from] item: Weakness Policy\n|\n|-weather|Sandstorm|[upkeep]\n|-damage|p2a: Sinistcha|41\/100|[from] Sandstorm\n|-damage|p2a: Sinistcha|28\/100|[from] Salt Cure\n|upkeep\n|turn|17\n|\n|t:|1700493040\n|move|p2a: Sinistcha|Matcha Gotcha|p1a: Tyranitar\n|-supereffective|p1a: Tyranitar\n|-damage|p1a: Tyranitar|38\/100\n|-heal|p2a: Sinistcha|58\/100|[from] drain|[of] p1a: Tyranitar\n|-status|p1a: Tyranitar|brn\n|move|p1a: Tyranitar|Dragon Tail|p2a: Sinistcha\n|-damage|p2a: Sinistcha|52\/100\n|drag|p2a: Empoleon|Empoleon, M|100\/100\n|-damage|p2a: Empoleon|84\/100|[from] Spikes\n|\n|-weather|Sandstorm|[upkeep]\n|-heal|p2a: Empoleon|90\/100|[from] item: Leftovers\n|-damage|p1a: Tyranitar|31\/100 brn|[from] brn\n|upkeep\n|turn|18\n|\n|t:|1700493058\n|move|p2a: Empoleon|Scald|p1a: Tyranitar\n|-supereffective|p1a: Tyranitar\n|-damage|p1a: Tyranitar|12\/100 brn\n|move|p1a: Tyranitar|Knock Off|p2a: Empoleon\n|-crit|p2a: Empoleon\n|-damage|p2a: Empoleon|55\/100\n|-enditem|p2a: Empoleon|Leftovers|[from] move: Knock Off|[of] p1a: Tyranitar\n|\n|-weather|Sandstorm|[upkeep]\n|-damage|p1a: Tyranitar|5\/100 brn|[from] brn\n|upkeep\n|turn|19\n|\n|t:|1700493068\n|move|p2a: Empoleon|Agility|p2a: Empoleon\n|-boost|p2a: Empoleon|spe|2\n|move|p1a: Tyranitar|Pursuit|p2a: Empoleon\n|-damage|p2a: Empoleon|47\/100\n|\n|-weather|none\n|-damage|p1a: Tyranitar|0 fnt|[from] brn\n|faint|p1a: Tyranitar\n|upkeep\n|\n|t:|1700493074\n|switch|p1a: Garganacl|Garganacl, F, tera:Ghost|100\/100\n|-activate|p1a: Garganacl|move: Sticky Web\n|-unboost|p1a: Garganacl|spe|1\n|-damage|p1a: Garganacl|88\/100|[from] Spikes\n|turn|20\n|\n|t:|1700493082\n|move|p2a: Empoleon|Flash Cannon|p1a: Garganacl\n|-damage|p1a: Garganacl|63\/100\n|move|p1a: Garganacl|Salt Cure|p2a: Empoleon\n|-resisted|p2a: Empoleon\n|-damage|p2a: Empoleon|39\/100\n|-start|p2a: Empoleon|Salt Cure\n|\n|-damage|p2a: Empoleon|15\/100|[from] Salt Cure\n|upkeep\n|turn|21\n|\n|t:|1700493090\n|move|p2a: Empoleon|Flash Cannon|p1a: Garganacl\n|-damage|p1a: Garganacl|40\/100\n|move|p1a: Garganacl|Recover|p1a: Garganacl\n|-heal|p1a: Garganacl|90\/100\n|\n|-damage|p2a: Empoleon|0 fnt|[from] Salt Cure\n|faint|p2a: Empoleon\n|upkeep\n|\n|t:|1700493098\n|switch|p2a: Great Tusk|Great Tusk|100\/100\n|-damage|p2a: Great Tusk|84\/100|[from] Spikes\n|turn|22\n|\n|t:|1700493102\n|move|p2a: Great Tusk|Knock Off|p1a: Garganacl\n|-supereffective|p1a: Garganacl\n|-damage|p1a: Garganacl|50\/100\n|-damage|p2a: Great Tusk|74\/100|[from] item: Life Orb\n|move|p1a: Garganacl|Iron Defense|p1a: Garganacl\n|-boost|p1a: Garganacl|def|2\n|\n|upkeep\n|turn|23\n|\n|t:|1700493114\n|move|p2a: Great Tusk|Headlong Rush|p1a: Garganacl\n|-damage|p1a: Garganacl|21\/100\n|-unboost|p2a: Great Tusk|def|1\n|-unboost|p2a: Great Tusk|spd|1\n|-damage|p2a: Great Tusk|64\/100|[from] item: Life Orb\n|move|p1a: Garganacl|Recover|p1a: Garganacl\n|-heal|p1a: Garganacl|71\/100\n|\n|upkeep\n|turn|24\n|\n|t:|1700493123\n|move|p2a: Great Tusk|Headlong Rush|p1a: Garganacl\n|-damage|p1a: Garganacl|45\/100\n|-unboost|p2a: Great Tusk|def|1\n|-unboost|p2a: Great Tusk|spd|1\n|-damage|p2a: Great Tusk|54\/100|[from] item: Life Orb\n|move|p1a: Garganacl|Salt Cure|p2a: Great Tusk\n|-resisted|p2a: Great Tusk\n|-damage|p2a: Great Tusk|49\/100\n|-start|p2a: Great Tusk|Salt Cure\n|\n|-damage|p2a: Great Tusk|37\/100|[from] Salt Cure\n|upkeep\n|turn|25\n|\n|t:|1700493137\n|move|p2a: Great Tusk|Headlong Rush|p1a: Garganacl\n|-damage|p1a: Garganacl|15\/100\n|-unboost|p2a: Great Tusk|def|1\n|-unboost|p2a: Great Tusk|spd|1\n|-damage|p2a: Great Tusk|27\/100|[from] item: Life Orb\n|move|p1a: Garganacl|Recover|p1a: Garganacl\n|-heal|p1a: Garganacl|65\/100\n|\n|-damage|p2a: Great Tusk|14\/100|[from] Salt Cure\n|upkeep\n|turn|26\n|\n|t:|1700493149\n|move|p2a: Great Tusk|Headlong Rush|p1a: Garganacl\n|-damage|p1a: Garganacl|36\/100\n|-unboost|p2a: Great Tusk|def|1\n|-unboost|p2a: Great Tusk|spd|1\n|-damage|p2a: Great Tusk|5\/100|[from] item: Life Orb\n|move|p1a: Garganacl|Salt Cure|p2a: Great Tusk\n|-resisted|p2a: Great Tusk\n|-damage|p2a: Great Tusk|0 fnt\n|faint|p2a: Great Tusk\n|-end|p2a: Great Tusk|Protosynthesis|[silent]\n|\n|upkeep\n|\n|t:|1700493158\n|switch|p2a: Sinistcha|Sinistcha-Masterpiece|52\/100\n|-damage|p2a: Sinistcha|36\/100|[from] Spikes\n|turn|27\n|\n|t:|1700493162\n|move|p2a: Sinistcha|Strength Sap|p1a: Garganacl\n|-unboost|p1a: Garganacl|atk|1\n|-heal|p2a: Sinistcha|100\/100\n|move|p1a: Garganacl|Salt Cure|p2a: Sinistcha\n|-damage|p2a: Sinistcha|92\/100\n|-start|p2a: Sinistcha|Salt Cure\n|\n|-damage|p2a: Sinistcha|79\/100|[from] Salt Cure\n|upkeep\n|turn|28\n|\n|t:|1700493171\n|switch|p1a: Glimmora|Glimmora, M|100\/100\n|-activate|p1a: Glimmora|move: Sticky Web\n|-unboost|p1a: Glimmora|spe|1\n|-damage|p1a: Glimmora|88\/100|[from] Spikes\n|move|p2a: Sinistcha|Calm Mind|p2a: Sinistcha\n|-boost|p2a: Sinistcha|spa|1\n|-boost|p2a: Sinistcha|spd|1\n|\n|-damage|p2a: Sinistcha|67\/100|[from] Salt Cure\n|upkeep\n|turn|29\n|\n|t:|1700493186\n|move|p1a: Glimmora|Mortal Spin|p2a: Sinistcha\n|-damage|p2a: Sinistcha|61\/100\n|-status|p2a: Sinistcha|psn\n|-sideend|p1: ykhlhulgkyl5643|Spikes|[from] move: Mortal Spin|[of] p1a: Glimmora\n|-sideend|p1: ykhlhulgkyl5643|Sticky Web|[from] move: Mortal Spin|[of] p1a: Glimmora\n|move|p2a: Sinistcha|Matcha Gotcha|p1a: Glimmora\n|-damage|p1a: Glimmora|23\/100\n|-heal|p2a: Sinistcha|90\/100 psn|[from] drain|[of] p1a: Glimmora\n|-status|p1a: Glimmora|brn\n|\n|-damage|p2a: Sinistcha|78\/100 psn|[from] psn\n|-damage|p1a: Glimmora|16\/100 brn|[from] brn\n|-damage|p2a: Sinistcha|65\/100 psn|[from] Salt Cure\n|upkeep\n|turn|30\n|\n|t:|1700493201\n|switch|p1a: Ogerpon|Ogerpon-Cornerstone, F|7\/100 par\n|move|p2a: Sinistcha|Calm Mind|p2a: Sinistcha\n|-boost|p2a: Sinistcha|spa|1\n|-boost|p2a: Sinistcha|spd|1\n|\n|-damage|p2a: Sinistcha|53\/100 psn|[from] psn\n|-damage|p2a: Sinistcha|40\/100 psn|[from] Salt Cure\n|upkeep\n|turn|31\n|\n|t:|1700493209\n|move|p2a: Sinistcha|Strength Sap|p1a: Ogerpon\n|-unboost|p1a: Ogerpon|atk|1\n|-heal|p2a: Sinistcha|100\/100 psn\n|move|p1a: Ogerpon|Encore|p2a: Sinistcha\n|-start|p2a: Sinistcha|Encore\n|\n|-damage|p2a: Sinistcha|88\/100 psn|[from] psn\n|-damage|p2a: Sinistcha|76\/100 psn|[from] Salt Cure\n|upkeep\n|turn|32\n|\n|t:|1700493234\n|switch|p1a: Cradily|Cradily, M|100\/100\n|move|p2a: Sinistcha|Strength Sap|p1a: Cradily\n|-unboost|p1a: Cradily|atk|1\n|-heal|p2a: Sinistcha|100\/100 psn\n|\n|-damage|p2a: Sinistcha|88\/100 psn|[from] psn\n|-damage|p2a: Sinistcha|76\/100 psn|[from] Salt Cure\n|upkeep\n|turn|33\n|\n|t:|1700493244\n|move|p2a: Sinistcha|Strength Sap|p1a: Cradily\n|-unboost|p1a: Cradily|atk|1\n|-heal|p2a: Sinistcha|100\/100 psn\n|move|p1a: Cradily|Infestation|p2a: Sinistcha\n|-damage|p2a: Sinistcha|99\/100 psn\n|-activate|p2a: Sinistcha|move: Infestation|[of] p1a: Cradily\n|\n|-damage|p2a: Sinistcha|86\/100 psn|[from] psn\n|-damage|p2a: Sinistcha|70\/100 psn|[from] move: Infestation|[partiallytrapped]\n|-damage|p2a: Sinistcha|57\/100 psn|[from] Salt Cure\n|upkeep\n|turn|34\n|\n|t:|1700493255\n|move|p2a: Sinistcha|Strength Sap|p1a: Cradily\n|-unboost|p1a: Cradily|atk|1\n|-heal|p2a: Sinistcha|86\/100 psn\n|move|p1a: Cradily|Infestation|p2a: Sinistcha\n|-damage|p2a: Sinistcha|84\/100 psn\n|\n|-damage|p2a: Sinistcha|72\/100 psn|[from] psn\n|-damage|p2a: Sinistcha|55\/100 psn|[from] move: Infestation|[partiallytrapped]\n|-damage|p2a: Sinistcha|43\/100 psn|[from] Salt Cure\n|-end|p2a: Sinistcha|Encore\n|upkeep\n|turn|35\n|\n|t:|1700493269\n|-terastallize|p2a: Sinistcha|Grass\n|move|p2a: Sinistcha|Matcha Gotcha|p1a: Cradily\n|-damage|p1a: Cradily|32\/100\n|-heal|p2a: Sinistcha|80\/100 psn|[from] drain|[of] p1a: Cradily\n|move|p1a: Cradily|Infestation|p2a: Sinistcha\n|-supereffective|p2a: Sinistcha\n|-damage|p2a: Sinistcha|76\/100 psn\n|\n|-damage|p2a: Sinistcha|64\/100 psn|[from] psn\n|-damage|p2a: Sinistcha|47\/100 psn|[from] move: Infestation|[partiallytrapped]\n|-damage|p2a: Sinistcha|35\/100 psn|[from] Salt Cure\n|upkeep\n|turn|36\n|c|\u2606ykhlhulgkyl5643|gg\n|\n|t:|1700493283\n|move|p2a: Sinistcha|Matcha Gotcha|p1a: Cradily\n|-damage|p1a: Cradily|0 fnt\n|-heal|p2a: Sinistcha|52\/100 psn|[from] drain|[of] p1a: Cradily\n|faint|p1a: Cradily\n|\n|-damage|p2a: Sinistcha|40\/100 psn|[from] psn\n|-damage|p2a: Sinistcha|27\/100 psn|[from] Salt Cure\n|-end|p2a: Sinistcha|Infestation|[partiallytrapped]|[silent]\n|upkeep\n|\n|t:|1700493287\n|switch|p1a: Glimmora|Glimmora, M|16\/100 brn\n|turn|37\n|c|\u2606ykhlhulgkyl5643|GG\n|\n|t:|1700493295\n|move|p1a: Glimmora|Sludge Wave|p2a: Sinistcha\n|-supereffective|p2a: Sinistcha\n|-damage|p2a: Sinistcha|0 fnt\n|faint|p2a: Sinistcha\n|\n|win|ykhlhulgkyl5643\n|raw|ykhlhulgkyl5643's rating: 1258 &rarr; <strong>1287<\/strong><br \/>(+29 for winning)\n|raw|Rayfall's rating: 1318 &rarr; <strong>1295<\/strong><br \/>(-23 for losing)\n","uploadtime":1700493304,"views":1,"p1id":"ykhlhulgkyl5643","p2id":"rayfall","formatid":"gen9nationaldex","rating":1287,"private":0,"password":""}