{"id":"gen9nationaldex-1997736457","p1":"I like bug alots","p2":"Will55555","format":"[Gen 9] National Dex","log":"|html|<div class=\"broadcast-blue\"><strong>[Gen 9] National Dex is currently suspecting Sneasler! For information on how to participate check out the <a href=\"https:\/\/www.smogon.com\/forums\/threads\/sv-national-dex-suspect-8-just-dance.3731534\/\">suspect thread<\/a>.<\/strong><\/div>\n|j|\u2606I like bug alots\n|j|\u2606Will55555\n|t:|1700847221\n|gametype|singles\n|player|p1|I like bug alots|bugcatcher-gen4dp|\n|player|p2|Will55555|169|\n|teamsize|p1|6\n|teamsize|p2|6\n|gen|9\n|tier|[Gen 9] National Dex\n|rule|HP Percentage Mod: HP is shown in percentages\n|rule|Endless Battle Clause: Forcing endless battles is banned\n|rule|OHKO Clause: OHKO moves are banned\n|rule|Evasion Clause: Evasion abilities, items, and moves are banned\n|rule|Evasion Abilities Clause: Evasion abilities are banned\n|rule|Evasion Items Clause: Evasion items are banned\n|rule|Evasion Moves Clause: Evasion moves are banned\n|rule|Species Clause: Limit one of each Pok\u00e9mon\n|rule|Sleep Clause Mod: Limit one foe put to sleep\n|clearpoke\n|poke|p1|Tinkaton, F|\n|poke|p1|Heatran, M|\n|poke|p1|Aggron, M|\n|poke|p1|Skarmory, M|\n|poke|p1|Goodra-Hisui, F|\n|poke|p1|Iron Treads|\n|poke|p2|Pawmot, M|\n|poke|p2|Blissey, F|\n|poke|p2|Alomomola, F|\n|poke|p2|Iron Valiant|\n|poke|p2|Landorus-Therian, M|\n|poke|p2|Dragonite, M|\n|teampreview\n|\n|t:|1700847232\n|start\n|switch|p1a: Skarmory|Skarmory, M|100\/100\n|switch|p2a: Landorus|Landorus-Therian, M|100\/100\n|-ability|p2a: Landorus|Intimidate|boost\n|-unboost|p1a: Skarmory|atk|1\n|turn|1\n|\n|t:|1700847265\n|move|p2a: Landorus|U-turn|p1a: Skarmory\n|-resisted|p1a: Skarmory\n|-damage|p1a: Skarmory|98\/100\n|-damage|p2a: Landorus|84\/100|[from] item: Rocky Helmet|[of] p1a: Skarmory\n|\n|t:|1700847270\n|switch|p2a: Pawmot|Pawmot, M|100\/100|[from] U-turn\n|move|p1a: Skarmory|Spikes|p2a: Pawmot\n|-sidestart|p2: Will55555|Spikes\n|\n|upkeep\n|turn|2\n|\n|t:|1700847305\n|move|p2a: Pawmot|Encore|p1a: Skarmory\n|-start|p1a: Skarmory|Encore\n|move|p1a: Skarmory|Spikes|p2a: Pawmot\n|-sidestart|p2: Will55555|Spikes\n|\n|upkeep\n|turn|3\n|\n|t:|1700847329\n|move|p2a: Pawmot|Close Combat|p1a: Skarmory\n|-damage|p1a: Skarmory|66\/100\n|-unboost|p2a: Pawmot|def|1\n|-unboost|p2a: Pawmot|spd|1\n|-damage|p2a: Pawmot|84\/100|[from] item: Rocky Helmet|[of] p1a: Skarmory\n|move|p1a: Skarmory|Spikes|p2a: Pawmot\n|-sidestart|p2: Will55555|Spikes\n|\n|upkeep\n|turn|4\n|\n|t:|1700847339\n|move|p2a: Pawmot|Close Combat|p1a: Skarmory\n|-damage|p1a: Skarmory|31\/100\n|-unboost|p2a: Pawmot|def|1\n|-unboost|p2a: Pawmot|spd|1\n|-damage|p2a: Pawmot|68\/100|[from] item: Rocky Helmet|[of] p1a: Skarmory\n|move|p1a: Skarmory|Spikes||[still]\n|-fail|p1a: Skarmory\n|\n|-end|p1a: Skarmory|Encore\n|upkeep\n|turn|5\n|\n|t:|1700847349\n|move|p2a: Pawmot|Encore|p1a: Skarmory\n|-start|p1a: Skarmory|Encore\n|move|p1a: Skarmory|Spikes||[still]\n|-fail|p1a: Skarmory\n|\n|upkeep\n|turn|6\n|\n|t:|1700847356\n|move|p2a: Pawmot|Close Combat|p1a: Skarmory\n|-damage|p1a: Skarmory|0 fnt\n|-unboost|p2a: Pawmot|def|1\n|-unboost|p2a: Pawmot|spd|1\n|-damage|p2a: Pawmot|51\/100|[from] item: Rocky Helmet|[of] p1a: Skarmory\n|faint|p1a: Skarmory\n|\n|upkeep\n|\n|t:|1700847375\n|switch|p1a: Tinkaton|Tinkaton, F|100\/100\n|-ability|p1a: Tinkaton|Mold Breaker\n|turn|7\n|\n|t:|1700847387\n|switch|p2a: Alomomola|Alomomola, F|100\/100\n|move|p1a: Tinkaton|Gigaton Hammer|p2a: Alomomola\n|-resisted|p2a: Alomomola\n|-damage|p2a: Alomomola|90\/100\n|\n|upkeep\n|turn|8\n|\n|t:|1700847399\n|move|p1a: Tinkaton|Stealth Rock|p2a: Alomomola\n|-sidestart|p2: Will55555|move: Stealth Rock\n|move|p2a: Alomomola|Wish|p2a: Alomomola\n|\n|upkeep\n|turn|9\n|\n|t:|1700847408\n|move|p1a: Tinkaton|Knock Off|p2a: Alomomola\n|-damage|p2a: Alomomola|81\/100\n|-enditem|p2a: Alomomola|Heavy-Duty Boots|[from] move: Knock Off|[of] p1a: Tinkaton\n|move|p2a: Alomomola|Flip Turn|p1a: Tinkaton\n|-damage|p1a: Tinkaton|83\/100\n|\n|t:|1700847415\n|switch|p2a: Landorus|Landorus-Therian, M|84\/100|[from] Flip Turn\n|-damage|p2a: Landorus|72\/100|[from] Stealth Rock\n|-ability|p2a: Landorus|Intimidate|boost\n|-unboost|p1a: Tinkaton|atk|1\n|\n|-heal|p2a: Landorus|100\/100|[from] move: Wish|[wisher] Alomomola\n|-heal|p1a: Tinkaton|89\/100|[from] item: Leftovers\n|upkeep\n|turn|10\n|\n|t:|1700847425\n|move|p1a: Tinkaton|Gigaton Hammer|p2a: Landorus\n|-damage|p2a: Landorus|72\/100\n|move|p2a: Landorus|Defog|p1a: Tinkaton\n|-unboost|p1a: Tinkaton|evasion|1\n|-sideend|p2: Will55555|Spikes|[from] move: Defog|[of] p2a: Landorus\n|-sideend|p2: Will55555|Stealth Rock|[from] move: Defog|[of] p2a: Landorus\n|\n|-heal|p1a: Tinkaton|95\/100|[from] item: Leftovers\n|upkeep\n|turn|11\n|\n|t:|1700847435\n|move|p1a: Tinkaton|Knock Off|p2a: Landorus\n|-damage|p2a: Landorus|60\/100\n|-damage|p1a: Tinkaton|79\/100|[from] item: Rocky Helmet|[of] p2a: Landorus\n|-enditem|p2a: Landorus|Rocky Helmet|[from] move: Knock Off|[of] p1a: Tinkaton\n|move|p2a: Landorus|Earthquake|p1a: Tinkaton\n|-supereffective|p1a: Tinkaton\n|-crit|p1a: Tinkaton\n|-damage|p1a: Tinkaton|0 fnt\n|faint|p1a: Tinkaton\n|\n|upkeep\n|\n|t:|1700847445\n|switch|p1a: Aggron|Aggron, M|100\/100\n|turn|12\n|\n|t:|1700847454\n|detailschange|p1a: Aggron|Aggron-Mega, M\n|-mega|p1a: Aggron|Aggron|Aggronite\n|move|p2a: Landorus|Earthquake|p1a: Aggron\n|-supereffective|p1a: Aggron\n|-damage|p1a: Aggron|69\/100\n|move|p1a: Aggron|Curse|p1a: Aggron\n|-unboost|p1a: Aggron|spe|1\n|-boost|p1a: Aggron|atk|1\n|-boost|p1a: Aggron|def|1\n|\n|upkeep\n|turn|13\n|\n|t:|1700847497\n|move|p2a: Landorus|U-turn|p1a: Aggron\n|-resisted|p1a: Aggron\n|-damage|p1a: Aggron|65\/100\n|\n|t:|1700847500\n|switch|p2a: Alomomola|Alomomola, F|100\/100|[from] U-turn\n|move|p1a: Aggron|Curse|p1a: Aggron\n|-unboost|p1a: Aggron|spe|1\n|-boost|p1a: Aggron|atk|1\n|-boost|p1a: Aggron|def|1\n|\n|upkeep\n|turn|14\n|\n|t:|1700847514\n|move|p2a: Alomomola|Wish|p2a: Alomomola\n|move|p1a: Aggron|Heavy Slam|p2a: Alomomola\n|-resisted|p2a: Alomomola\n|-damage|p2a: Alomomola|69\/100\n|\n|upkeep\n|turn|15\n|\n|t:|1700847529\n|move|p2a: Alomomola|Flip Turn|p1a: Aggron\n|-damage|p1a: Aggron|61\/100\n|\n|t:|1700847533\n|switch|p2a: Landorus|Landorus-Therian, M|60\/100|[from] Flip Turn\n|-ability|p2a: Landorus|Intimidate|boost\n|-unboost|p1a: Aggron|atk|1\n|move|p1a: Aggron|Curse|p1a: Aggron\n|-unboost|p1a: Aggron|spe|1\n|-boost|p1a: Aggron|atk|1\n|-boost|p1a: Aggron|def|1\n|\n|-heal|p2a: Landorus|100\/100|[from] move: Wish|[wisher] Alomomola\n|upkeep\n|turn|16\n|\n|t:|1700847572\n|move|p2a: Landorus|Earthquake|p1a: Aggron\n|-supereffective|p1a: Aggron\n|-damage|p1a: Aggron|48\/100\n|move|p1a: Aggron|Rest|p1a: Aggron\n|-status|p1a: Aggron|slp|[from] move: Rest\n|-heal|p1a: Aggron|100\/100 slp|[silent]\n|\n|upkeep\n|turn|17\n|\n|t:|1700847597\n|move|p2a: Landorus|U-turn|p1a: Aggron\n|-resisted|p1a: Aggron\n|-damage|p1a: Aggron|98\/100 slp\n|\n|t:|1700847600\n|switch|p2a: Pawmot|Pawmot, M|51\/100|[from] U-turn\n|cant|p1a: Aggron|slp\n|move|p1a: Aggron|Sleep Talk|p1a: Aggron\n|move|p1a: Aggron|Rest||[from]move: Sleep Talk|[still]\n|-fail|p1a: Aggron\n|\n|upkeep\n|turn|18\n|\n|t:|1700847615\n|-terastallize|p2a: Pawmot|Fighting\n|move|p2a: Pawmot|Close Combat|p1a: Aggron\n|-supereffective|p1a: Aggron\n|-damage|p1a: Aggron|75\/100 slp\n|-unboost|p2a: Pawmot|def|1\n|-unboost|p2a: Pawmot|spd|1\n|cant|p1a: Aggron|slp\n|move|p1a: Aggron|Sleep Talk|p1a: Aggron\n|move|p1a: Aggron|Heavy Slam|p2a: Pawmot|[from]move: Sleep Talk\n|-damage|p2a: Pawmot|0 fnt\n|faint|p2a: Pawmot\n|\n|upkeep\n|\n|t:|1700847673\n|switch|p2a: Iron Valiant|Iron Valiant|100\/100\n|-enditem|p2a: Iron Valiant|Booster Energy\n|-activate|p2a: Iron Valiant|ability: Quark Drive|[fromitem]\n|-start|p2a: Iron Valiant|quarkdrivespe\n|turn|19\n|\n|t:|1700847682\n|move|p2a: Iron Valiant|Calm Mind|p2a: Iron Valiant\n|-boost|p2a: Iron Valiant|spa|1\n|-boost|p2a: Iron Valiant|spd|1\n|-curestatus|p1a: Aggron|slp|[msg]\n|move|p1a: Aggron|Sleep Talk||[still]\n|-fail|p1a: Aggron\n|\n|upkeep\n|turn|20\n|\n|t:|1700847688\n|move|p2a: Iron Valiant|Encore||[still]\n|-fail|p2a: Iron Valiant\n|move|p1a: Aggron|Heavy Slam|p2a: Iron Valiant\n|-supereffective|p2a: Iron Valiant\n|-damage|p2a: Iron Valiant|0 fnt\n|faint|p2a: Iron Valiant\n|-end|p2a: Iron Valiant|Quark Drive|[silent]\n|\n|upkeep\n|\n|t:|1700847699\n|switch|p2a: Alomomola|Alomomola, F|100\/100\n|turn|21\n|\n|t:|1700847715\n|move|p2a: Alomomola|Protect|p2a: Alomomola\n|-singleturn|p2a: Alomomola|Protect\n|move|p1a: Aggron|Curse|p1a: Aggron\n|-unboost|p1a: Aggron|spe|1\n|-boost|p1a: Aggron|atk|1\n|-boost|p1a: Aggron|def|1\n|\n|upkeep\n|turn|22\n|\n|t:|1700847729\n|move|p2a: Alomomola|Wish|p2a: Alomomola\n|move|p1a: Aggron|Curse|p1a: Aggron\n|-unboost|p1a: Aggron|spe|1\n|-boost|p1a: Aggron|atk|1\n|-boost|p1a: Aggron|def|1\n|\n|upkeep\n|turn|23\n|\n|t:|1700847738\n|move|p2a: Alomomola|Wish||[still]\n|-fail|p2a: Alomomola\n|move|p1a: Aggron|Curse|p1a: Aggron\n|-unboost|p1a: Aggron|spe|1\n|-boost|p1a: Aggron|atk|1\n|-boost|p1a: Aggron|def|1\n|\n|upkeep\n|turn|24\n|\n|t:|1700847749\n|move|p2a: Alomomola|Toxic|p1a: Aggron\n|-immune|p1a: Aggron\n|move|p1a: Aggron|Curse|p1a: Aggron\n|-boost|p1a: Aggron|atk|1\n|\n|upkeep\n|turn|25\n|\n|t:|1700847755\n|move|p2a: Alomomola|Protect|p2a: Alomomola\n|-singleturn|p2a: Alomomola|Protect\n|move|p1a: Aggron|Heavy Slam|p2a: Alomomola\n|-activate|p2a: Alomomola|move: Protect\n|\n|upkeep\n|turn|26\n|\n|t:|1700847760\n|move|p2a: Alomomola|Wish|p2a: Alomomola\n|move|p1a: Aggron|Heavy Slam|p2a: Alomomola\n|-resisted|p2a: Alomomola\n|-damage|p2a: Alomomola|42\/100\n|\n|upkeep\n|turn|27\n|\n|t:|1700847765\n|move|p2a: Alomomola|Protect|p2a: Alomomola\n|-singleturn|p2a: Alomomola|Protect\n|move|p1a: Aggron|Heavy Slam|p2a: Alomomola\n|-activate|p2a: Alomomola|move: Protect\n|\n|-heal|p2a: Alomomola|92\/100|[from] move: Wish|[wisher] Alomomola\n|upkeep\n|turn|28\n|\n|t:|1700847773\n|move|p2a: Alomomola|Wish|p2a: Alomomola\n|move|p1a: Aggron|Rest|p1a: Aggron\n|-status|p1a: Aggron|slp|[from] move: Rest\n|-heal|p1a: Aggron|100\/100 slp|[silent]\n|\n|upkeep\n|turn|29\n|\n|t:|1700847785\n|move|p2a: Alomomola|Toxic||[still]\n|-fail|p2a: Alomomola\n|cant|p1a: Aggron|slp\n|move|p1a: Aggron|Sleep Talk|p1a: Aggron\n|move|p1a: Aggron|Curse|p1a: Aggron|[from]move: Sleep Talk\n|\n|-heal|p2a: Alomomola|100\/100|[from] move: Wish|[wisher] Alomomola\n|upkeep\n|turn|30\n|\n|t:|1700847792\n|move|p2a: Alomomola|Toxic||[still]\n|-fail|p2a: Alomomola\n|cant|p1a: Aggron|slp\n|move|p1a: Aggron|Sleep Talk|p1a: Aggron\n|move|p1a: Aggron|Curse|p1a: Aggron|[from]move: Sleep Talk\n|\n|upkeep\n|turn|31\n|\n|t:|1700847798\n|move|p2a: Alomomola|Toxic||[still]\n|-fail|p2a: Alomomola\n|-curestatus|p1a: Aggron|slp|[msg]\n|move|p1a: Aggron|Heavy Slam|p2a: Alomomola\n|-resisted|p2a: Alomomola\n|-damage|p2a: Alomomola|45\/100\n|\n|upkeep\n|turn|32\n|\n|t:|1700847817\n|move|p2a: Alomomola|Protect|p2a: Alomomola\n|-singleturn|p2a: Alomomola|Protect\n|move|p1a: Aggron|Heavy Slam|p2a: Alomomola\n|-activate|p2a: Alomomola|move: Protect\n|\n|upkeep\n|turn|33\n|\n|t:|1700847857\n|move|p2a: Alomomola|Flip Turn|p1a: Aggron\n|-damage|p1a: Aggron|98\/100\n|\n|t:|1700847860\n|switch|p2a: Blissey|Blissey, F|100\/100|[from] Flip Turn\n|move|p1a: Aggron|Heavy Slam|p2a: Blissey\n|-damage|p2a: Blissey|0 fnt\n|faint|p2a: Blissey\n|\n|upkeep\n|\n|t:|1700847867\n|switch|p2a: Alomomola|Alomomola, F|78\/100\n|turn|34\n|\n|t:|1700847872\n|move|p2a: Alomomola|Protect|p2a: Alomomola\n|-singleturn|p2a: Alomomola|Protect\n|move|p1a: Aggron|Heavy Slam|p2a: Alomomola\n|-activate|p2a: Alomomola|move: Protect\n|\n|upkeep\n|turn|35\n|\n|t:|1700847877\n|move|p2a: Alomomola|Wish|p2a: Alomomola\n|move|p1a: Aggron|Rest|p1a: Aggron\n|-status|p1a: Aggron|slp|[from] move: Rest\n|-heal|p1a: Aggron|100\/100 slp|[silent]\n|\n|upkeep\n|turn|36\n|\n|t:|1700847884\n|move|p2a: Alomomola|Toxic||[still]\n|-fail|p2a: Alomomola\n|cant|p1a: Aggron|slp\n|move|p1a: Aggron|Sleep Talk|p1a: Aggron\n|move|p1a: Aggron|Rest||[from]move: Sleep Talk|[still]\n|-fail|p1a: Aggron\n|\n|-heal|p2a: Alomomola|100\/100|[from] move: Wish|[wisher] Alomomola\n|upkeep\n|turn|37\n|\n|t:|1700847894\n|move|p2a: Alomomola|Toxic||[still]\n|-fail|p2a: Alomomola\n|cant|p1a: Aggron|slp\n|move|p1a: Aggron|Sleep Talk|p1a: Aggron\n|move|p1a: Aggron|Rest||[from]move: Sleep Talk|[still]\n|-fail|p1a: Aggron\n|\n|upkeep\n|turn|38\n|\n|t:|1700847904\n|move|p2a: Alomomola|Wish|p2a: Alomomola\n|-curestatus|p1a: Aggron|slp|[msg]\n|move|p1a: Aggron|Heavy Slam|p2a: Alomomola\n|-resisted|p2a: Alomomola\n|-damage|p2a: Alomomola|40\/100\n|\n|upkeep\n|turn|39\n|\n|t:|1700847912\n|move|p2a: Alomomola|Protect|p2a: Alomomola\n|-singleturn|p2a: Alomomola|Protect\n|move|p1a: Aggron|Rest|p1a: Aggron\n|-fail|p1a: Aggron|heal\n|\n|-heal|p2a: Alomomola|90\/100|[from] move: Wish|[wisher] Alomomola\n|upkeep\n|turn|40\n|\n|t:|1700847931\n|move|p2a: Alomomola|Wish|p2a: Alomomola\n|move|p1a: Aggron|Heavy Slam|p2a: Alomomola\n|-resisted|p2a: Alomomola\n|-damage|p2a: Alomomola|28\/100\n|\n|upkeep\n|turn|41\n|\n|t:|1700847952\n|move|p2a: Alomomola|Protect|p2a: Alomomola\n|-singleturn|p2a: Alomomola|Protect\n|move|p1a: Aggron|Heavy Slam|p2a: Alomomola\n|-activate|p2a: Alomomola|move: Protect\n|\n|-heal|p2a: Alomomola|78\/100|[from] move: Wish|[wisher] Alomomola\n|upkeep\n|turn|42\n|\n|t:|1700847962\n|move|p2a: Alomomola|Wish|p2a: Alomomola\n|move|p1a: Aggron|Rest|p1a: Aggron\n|-fail|p1a: Aggron|heal\n|\n|upkeep\n|turn|43\n|\n|t:|1700847973\n|move|p2a: Alomomola|Protect|p2a: Alomomola\n|-singleturn|p2a: Alomomola|Protect\n|move|p1a: Aggron|Rest|p1a: Aggron\n|-fail|p1a: Aggron|heal\n|\n|-heal|p2a: Alomomola|100\/100|[from] move: Wish|[wisher] Alomomola\n|upkeep\n|turn|44\n|c|\u2606I like bug alots|oh\n|\n|t:|1700848014\n|move|p2a: Alomomola|Wish|p2a: Alomomola\n|move|p1a: Aggron|Heavy Slam|p2a: Alomomola\n|-resisted|p2a: Alomomola\n|-damage|p2a: Alomomola|42\/100\n|\n|upkeep\n|turn|45\n|\n|t:|1700848021\n|move|p2a: Alomomola|Protect|p2a: Alomomola\n|-singleturn|p2a: Alomomola|Protect\n|move|p1a: Aggron|Heavy Slam|p2a: Alomomola\n|-activate|p2a: Alomomola|move: Protect\n|\n|-heal|p2a: Alomomola|92\/100|[from] move: Wish|[wisher] Alomomola\n|upkeep\n|turn|46\n|\n|t:|1700848031\n|move|p2a: Alomomola|Wish|p2a: Alomomola\n|move|p1a: Aggron|Curse|p1a: Aggron\n|\n|upkeep\n|turn|47\n|\n|t:|1700848043\n|move|p2a: Alomomola|Toxic|p1a: Aggron\n|-immune|p1a: Aggron\n|move|p1a: Aggron|Curse|p1a: Aggron\n|\n|-heal|p2a: Alomomola|100\/100|[from] move: Wish|[wisher] Alomomola\n|upkeep\n|turn|48\n|\n|t:|1700848057\n|move|p2a: Alomomola|Wish|p2a: Alomomola\n|move|p1a: Aggron|Curse|p1a: Aggron\n|\n|upkeep\n|turn|49\n|c|\u2606I like bug alots|HIT ME\n|\n|t:|1700848068\n|move|p2a: Alomomola|Toxic|p1a: Aggron\n|-immune|p1a: Aggron\n|move|p1a: Aggron|Curse|p1a: Aggron\n|\n|upkeep\n|turn|50\n|c|\u2606I like bug alots|**HIT ME**\n|\n|t:|1700848082\n|move|p2a: Alomomola|Toxic|p1a: Aggron\n|-immune|p1a: Aggron\n|move|p1a: Aggron|Curse|p1a: Aggron\n|\n|upkeep\n|turn|51\n|c|\u2606I like bug alots|**HITTTTTT ME**\n|\n|t:|1700848101\n|move|p2a: Alomomola|Toxic|p1a: Aggron\n|-immune|p1a: Aggron\n|move|p1a: Aggron|Heavy Slam|p2a: Alomomola\n|-resisted|p2a: Alomomola\n|-damage|p2a: Alomomola|39\/100\n|\n|upkeep\n|turn|52\n|\n|t:|1700848117\n|move|p2a: Alomomola|Wish|p2a: Alomomola\n|move|p1a: Aggron|Heavy Slam|p2a: Alomomola\n|-resisted|p2a: Alomomola\n|-damage|p2a: Alomomola|0 fnt\n|faint|p2a: Alomomola\n|\n|upkeep\n|\n|t:|1700848123\n|switch|p2a: Dragonite|Dragonite, M|100\/100\n|turn|53\n|\n|t:|1700848131\n|move|p2a: Dragonite|Dragon Dance|p2a: Dragonite\n|-boost|p2a: Dragonite|atk|1\n|-boost|p2a: Dragonite|spe|1\n|move|p1a: Aggron|Rest|p1a: Aggron\n|-fail|p1a: Aggron|heal\n|\n|upkeep\n|turn|54\n|\n|t:|1700848138\n|move|p2a: Dragonite|Dragon Dance|p2a: Dragonite\n|-boost|p2a: Dragonite|atk|1\n|-boost|p2a: Dragonite|spe|1\n|move|p1a: Aggron|Curse|p1a: Aggron\n|\n|upkeep\n|turn|55\n|\n|t:|1700848146\n|move|p2a: Dragonite|Dragon Dance|p2a: Dragonite\n|-boost|p2a: Dragonite|atk|1\n|-boost|p2a: Dragonite|spe|1\n|move|p1a: Aggron|Curse|p1a: Aggron\n|\n|upkeep\n|turn|56\n|\n|t:|1700848151\n|move|p2a: Dragonite|Dragon Dance|p2a: Dragonite\n|-boost|p2a: Dragonite|atk|1\n|-boost|p2a: Dragonite|spe|1\n|move|p1a: Aggron|Curse|p1a: Aggron\n|\n|upkeep\n|turn|57\n|\n|t:|1700848156\n|move|p2a: Dragonite|Dragon Dance|p2a: Dragonite\n|-boost|p2a: Dragonite|atk|1\n|-boost|p2a: Dragonite|spe|1\n|move|p1a: Aggron|Curse|p1a: Aggron\n|\n|upkeep\n|turn|58\n|\n|t:|1700848164\n|move|p2a: Dragonite|Dragon Dance|p2a: Dragonite\n|-boost|p2a: Dragonite|atk|1\n|-boost|p2a: Dragonite|spe|1\n|move|p1a: Aggron|Sleep Talk||[still]\n|-fail|p1a: Aggron\n|\n|upkeep\n|turn|59\n|c|\u2606I like bug alots|oh shit\n|\n|t:|1700848173\n|move|p2a: Dragonite|Dragon Dance|p2a: Dragonite\n|-boost|p2a: Dragonite|atk|0\n|-boost|p2a: Dragonite|spe|0\n|move|p1a: Aggron|Sleep Talk||[still]\n|-fail|p1a: Aggron\n|\n|upkeep\n|turn|60\n|\n|t:|1700848178\n|move|p2a: Dragonite|Dragon Dance|p2a: Dragonite\n|-boost|p2a: Dragonite|atk|0\n|-boost|p2a: Dragonite|spe|0\n|move|p1a: Aggron|Sleep Talk||[still]\n|-fail|p1a: Aggron\n|\n|upkeep\n|turn|61\n|\n|t:|1700848189\n|switch|p1a: Iron Treads|Iron Treads|100\/100\n|-item|p1a: Iron Treads|Air Balloon\n|move|p2a: Dragonite|Dragon Dance|p2a: Dragonite\n|-boost|p2a: Dragonite|atk|0\n|-boost|p2a: Dragonite|spe|0\n|\n|upkeep\n|turn|62\n|\n|t:|1700848270\n|move|p2a: Dragonite|Extreme Speed|p1a: Iron Treads\n|-resisted|p1a: Iron Treads\n|-crit|p1a: Iron Treads\n|-damage|p1a: Iron Treads|17\/100\n|-enditem|p1a: Iron Treads|Air Balloon\n|move|p1a: Iron Treads|Iron Head|p2a: Dragonite\n|-damage|p2a: Dragonite|79\/100\n|\n|upkeep\n|turn|63\n|\n|t:|1700848279\n|move|p2a: Dragonite|Extreme Speed|p1a: Iron Treads\n|-resisted|p1a: Iron Treads\n|-damage|p1a: Iron Treads|0 fnt\n|faint|p1a: Iron Treads\n|-end|p1a: Iron Treads|Quark Drive|[silent]\n|\n|upkeep\n|c|\u2606I like bug alots|oh dear\n|\n|t:|1700848290\n|switch|p1a: Aggron|Aggron-Mega, M|100\/100\n|turn|64\n|\n|t:|1700848297\n|move|p2a: Dragonite|Earthquake|p1a: Aggron\n|-supereffective|p1a: Aggron\n|-damage|p1a: Aggron|0 fnt\n|faint|p1a: Aggron\n|\n|upkeep\n|\n|t:|1700848303\n|switch|p1a: Goodra|Goodra-Hisui, F|100\/100\n|turn|65\n|\n|t:|1700848309\n|-terastallize|p1a: Goodra|Flying\n|move|p2a: Dragonite|Outrage|p1a: Goodra\n|-damage|p1a: Goodra|0 fnt\n|faint|p1a: Goodra\n|\n|upkeep\n|\n|t:|1700848316\n|switch|p1a: Heatran|Heatran, M|100\/100\n|turn|66\n|\n|t:|1700848324\n|move|p2a: Dragonite|Outrage|p1a: Heatran|[from]lockedmove\n|-resisted|p1a: Heatran\n|-damage|p1a: Heatran|0 fnt\n|faint|p1a: Heatran\n|\n|win|Will55555\n|c|\u2606Will55555|gg\n|c|\u2606I like bug alots|gg\n|c|\u2606Will55555|wp\n","uploadtime":1700848341,"views":1,"p1id":"ilikebugalots","p2id":"will55555","formatid":"gen9nationaldex","rating":0,"private":0,"password":""}