{"id":"gen9nationaldex-1987268532","p1":"Mitsubishienjoyer","p2":"Spooky Tepig","format":"[Gen 9] National Dex","log":"|j|\u2606Mitsubishienjoyer\n|j|\u2606Spooky Tepig\n|t:|1699571364\n|gametype|singles\n|player|p1|Mitsubishienjoyer|giovanni|1067\n|player|p2|Spooky Tepig|will|1113\n|teamsize|p1|6\n|teamsize|p2|6\n|gen|9\n|tier|[Gen 9] National Dex\n|rated|\n|rule|HP Percentage Mod: HP is shown in percentages\n|rule|Endless Battle Clause: Forcing endless battles is banned\n|rule|OHKO Clause: OHKO moves are banned\n|rule|Evasion Clause: Evasion abilities, items, and moves are banned\n|rule|Evasion Abilities Clause: Evasion abilities are banned\n|rule|Evasion Items Clause: Evasion items are banned\n|rule|Evasion Moves Clause: Evasion moves are banned\n|rule|Species Clause: Limit one of each Pok\u00e9mon\n|rule|Sleep Clause Mod: Limit one foe put to sleep\n|clearpoke\n|poke|p1|Salamence, F|\n|poke|p1|Ninjask, F|\n|poke|p1|Spinda, F|\n|poke|p1|Clamperl, M|\n|poke|p1|Absol, F|\n|poke|p1|Latios, M|\n|poke|p2|Ribombee, F|\n|poke|p2|Arcanine-Hisui, M|\n|poke|p2|Samurott-Hisui, M|\n|poke|p2|Ursaluna, F|\n|poke|p2|Great Tusk|\n|poke|p2|Ferrothorn, M|\n|teampreview\n|\n|t:|1699571377\n|start\n|switch|p1a: Spinda|Spinda, F|100\/100\n|switch|p2a: Buggaboo|Ribombee, F, shiny|100\/100\n|turn|1\n|\n|t:|1699571392\n|move|p2a: Buggaboo|Sticky Web|p1a: Spinda\n|-sidestart|p1: Mitsubishienjoyer|move: Sticky Web\n|move|p1a: Spinda|Trick Room|p1a: Spinda\n|-fieldstart|move: Trick Room|[of] p1a: Spinda\n|\n|upkeep\n|turn|2\n|\n|t:|1699571398\n|move|p1a: Spinda|Thrash|p2a: Buggaboo\n|-damage|p2a: Buggaboo|45\/100\n|move|p2a: Buggaboo|U-turn|p1a: Spinda\n|-damage|p1a: Spinda|75\/100\n|\n|t:|1699571413\n|switch|p2a: SPEEN|Great Tusk|100\/100|[from] U-turn\n|-enditem|p2a: SPEEN|Booster Energy\n|-activate|p2a: SPEEN|ability: Protosynthesis|[fromitem]\n|-start|p2a: SPEEN|protosynthesisspe\n|\n|upkeep\n|turn|3\n|\n|t:|1699571423\n|move|p1a: Spinda|Thrash|p2a: SPEEN|[from]lockedmove\n|-damage|p2a: SPEEN|69\/100\n|move|p2a: SPEEN|Stealth Rock|p1a: Spinda\n|-sidestart|p1: Mitsubishienjoyer|move: Stealth Rock\n|\n|upkeep\n|turn|4\n|\n|t:|1699571430\n|move|p1a: Spinda|Thrash|p2a: SPEEN|[from]lockedmove\n|-damage|p2a: SPEEN|36\/100\n|-start|p1a: Spinda|confusion|[fatigue]\n|move|p2a: SPEEN|Body Press|p1a: Spinda\n|-supereffective|p1a: Spinda\n|-damage|p1a: Spinda|0 fnt\n|faint|p1a: Spinda\n|\n|upkeep\n|\n|t:|1699571446\n|switch|p1a: Latios|Latios, M, shiny|100\/100\n|-damage|p1a: Latios|88\/100|[from] Stealth Rock\n|turn|5\n|\n|t:|1699571455\n|move|p1a: Latios|Calm Mind|p1a: Latios\n|-boost|p1a: Latios|spa|1\n|-boost|p1a: Latios|spd|1\n|move|p2a: SPEEN|Earthquake|p1a: Latios\n|-immune|p1a: Latios|[from] ability: Levitate\n|\n|-fieldend|move: Trick Room\n|upkeep\n|turn|6\n|\n|t:|1699571467\n|move|p2a: SPEEN|Rapid Spin|p1a: Latios\n|-damage|p1a: Latios|70\/100\n|-boost|p2a: SPEEN|spe|1\n|move|p1a: Latios|Calm Mind|p1a: Latios\n|-boost|p1a: Latios|spa|1\n|-boost|p1a: Latios|spd|1\n|\n|upkeep\n|turn|7\n|\n|t:|1699571475\n|-end|p2a: SPEEN|Protosynthesis|[silent]\n|switch|p2a: Bushido|Samurott-Hisui, M, shiny|100\/100\n|move|p1a: Latios|Psychic|p2a: Bushido\n|-immune|p2a: Bushido\n|\n|upkeep\n|turn|8\n|\n|t:|1699571482\n|move|p1a: Latios|Draco Meteor|p2a: Bushido\n|-damage|p2a: Bushido|0 fnt\n|-unboost|p1a: Latios|spa|2\n|faint|p2a: Bushido\n|\n|upkeep\n|\n|t:|1699571494\n|switch|p2a: Pudding|Ursaluna, F, shiny|100\/100\n|turn|9\n|\n|t:|1699571502\n|move|p1a: Latios|Calm Mind|p1a: Latios\n|-boost|p1a: Latios|spa|1\n|-boost|p1a: Latios|spd|1\n|move|p2a: Pudding|Trailblaze|p1a: Latios\n|-resisted|p1a: Latios\n|-damage|p1a: Latios|59\/100\n|-boost|p2a: Pudding|spe|1\n|\n|-status|p2a: Pudding|brn|[from] item: Flame Orb\n|upkeep\n|turn|10\n|\n|t:|1699571513\n|move|p1a: Latios|Psychic|p2a: Pudding\n|-damage|p2a: Pudding|36\/100 brn\n|move|p2a: Pudding|Facade|p1a: Latios\n|-damage|p1a: Latios|0 fnt\n|faint|p1a: Latios\n|\n|-damage|p2a: Pudding|30\/100 brn|[from] brn\n|upkeep\n|\n|t:|1699571522\n|switch|p1a: Ninjask|Ninjask, F|100\/100\n|-damage|p1a: Ninjask|51\/100|[from] Stealth Rock\n|turn|11\n|\n|t:|1699571538\n|move|p1a: Ninjask|Leech Life|p2a: Pudding\n|-damage|p2a: Pudding|3\/100 brn\n|-heal|p1a: Ninjask|72\/100|[from] drain|[of] p2a: Pudding\n|move|p2a: Pudding|Facade|p1a: Ninjask\n|-damage|p1a: Ninjask|0 fnt\n|faint|p1a: Ninjask\n|\n|-damage|p2a: Pudding|0 fnt|[from] brn\n|faint|p2a: Pudding\n|upkeep\n|\n|t:|1699571555\n|switch|p1a: Clamperl|Clamperl, M, shiny|100\/100\n|switch|p2a: Ouch!|Ferrothorn, M, shiny|100\/100\n|-activate|p1a: Clamperl|move: Sticky Web\n|-unboost|p1a: Clamperl|spe|1\n|-damage|p1a: Clamperl|88\/100|[from] Stealth Rock\n|turn|12\n|\n|t:|1699571564\n|move|p2a: Ouch!|Leech Seed|p1a: Clamperl\n|-start|p1a: Clamperl|move: Leech Seed\n|move|p1a: Clamperl|Substitute|p1a: Clamperl\n|-start|p1a: Clamperl|Substitute\n|-damage|p1a: Clamperl|64\/100\n|\n|-damage|p1a: Clamperl|51\/100|[from] Leech Seed|[of] p2a: Ouch!\n|upkeep\n|turn|13\n|\n|t:|1699571572\n|move|p2a: Ouch!|Iron Defense|p2a: Ouch!\n|-boost|p2a: Ouch!|def|2\n|move|p1a: Clamperl|Shell Smash|p1a: Clamperl\n|-unboost|p1a: Clamperl|def|1\n|-unboost|p1a: Clamperl|spd|1\n|-boost|p1a: Clamperl|atk|2\n|-boost|p1a: Clamperl|spa|2\n|-boost|p1a: Clamperl|spe|2\n|\n|-damage|p1a: Clamperl|39\/100|[from] Leech Seed|[of] p2a: Ouch!\n|upkeep\n|turn|14\n|\n|t:|1699571584\n|move|p1a: Clamperl|Shell Smash|p1a: Clamperl\n|-unboost|p1a: Clamperl|def|1\n|-unboost|p1a: Clamperl|spd|1\n|-boost|p1a: Clamperl|atk|2\n|-boost|p1a: Clamperl|spa|2\n|-boost|p1a: Clamperl|spe|2\n|move|p2a: Ouch!|Iron Defense|p2a: Ouch!\n|-boost|p2a: Ouch!|def|2\n|\n|-damage|p1a: Clamperl|27\/100|[from] Leech Seed|[of] p2a: Ouch!\n|upkeep\n|turn|15\n|\n|t:|1699571597\n|move|p1a: Clamperl|Ice Beam|p2a: Ouch!\n|-damage|p2a: Ouch!|0 fnt\n|faint|p2a: Ouch!\n|\n|upkeep\n|\n|t:|1699571609\n|switch|p2a: Buggaboo|Ribombee, F, shiny|45\/100\n|turn|16\n|\n|t:|1699571617\n|move|p1a: Clamperl|Ice Beam|p2a: Buggaboo\n|-damage|p2a: Buggaboo|0 fnt\n|faint|p2a: Buggaboo\n|\n|upkeep\n|\n|t:|1699571622\n|switch|p2a: Oh SHOOT he|Arcanine-Hisui, M, shiny|100\/100\n|turn|17\n|\n|t:|1699571629\n|move|p1a: Clamperl|Surf|p2a: Oh SHOOT he\n|-supereffective|p2a: Oh SHOOT he\n|-damage|p2a: Oh SHOOT he|0 fnt\n|faint|p2a: Oh SHOOT he\n|\n|upkeep\n|\n|t:|1699571635\n|switch|p2a: SPEEN|Great Tusk|36\/100\n|turn|18\n|\n|t:|1699571641\n|move|p1a: Clamperl|Surf|p2a: SPEEN\n|-supereffective|p2a: SPEEN\n|-damage|p2a: SPEEN|0 fnt\n|faint|p2a: SPEEN\n|-end|p2a: SPEEN|Protosynthesis|[silent]\n|\n|win|Mitsubishienjoyer\n|raw|Mitsubishienjoyer's rating: 1067 &rarr; <strong>1101<\/strong><br \/>(+34 for winning)\n|raw|Spooky Tepig's rating: 1113 &rarr; <strong>1085<\/strong><br \/>(-28 for losing)\n|c|\u2606Mitsubishienjoyer|Ggs\n|l|\u2606Spooky Tepig\n","uploadtime":1699571649,"views":5,"p1id":"mitsubishienjoyer","p2id":"spookytepig","formatid":"gen9nationaldex","rating":1085,"private":0,"password":""}