{"id":"gen9nationaldex-1988217338","p1":"Sirrawrzy","p2":"yinglunII","format":"[Gen 9] National Dex","log":"|j|\u2606Sirrawrzy\n|j|\u2606yinglunII\n|t:|1699687341\n|gametype|singles\n|player|p1|Sirrawrzy|emmet|1556\n|player|p2|yinglunII|volkner|1471\n|teamsize|p1|6\n|teamsize|p2|6\n|gen|9\n|tier|[Gen 9] National Dex\n|rated|\n|rule|HP Percentage Mod: HP is shown in percentages\n|rule|Endless Battle Clause: Forcing endless battles is banned\n|rule|OHKO Clause: OHKO moves are banned\n|rule|Evasion Clause: Evasion abilities, items, and moves are banned\n|rule|Evasion Abilities Clause: Evasion abilities are banned\n|rule|Evasion Items Clause: Evasion items are banned\n|rule|Evasion Moves Clause: Evasion moves are banned\n|rule|Species Clause: Limit one of each Pok\u00e9mon\n|rule|Sleep Clause Mod: Limit one foe put to sleep\n|clearpoke\n|poke|p1|Ninetales, M|\n|poke|p1|Venusaur, M|\n|poke|p1|Jolteon, M|\n|poke|p1|Blastoise, F|\n|poke|p1|Rhydon, F|\n|poke|p1|Scyther, M|\n|poke|p2|Banette, F|\n|poke|p2|Urshifu-*, M|\n|poke|p2|Ribombee, F|\n|poke|p2|Hoopa-Unbound|\n|poke|p2|Tapu Lele|\n|poke|p2|Porygon-Z|\n|teampreview\n|\n|t:|1699687349\n|start\n|switch|p1a: Ninetales|Ninetales, M, shiny|100\/100\n|switch|p2a: Ribombee|Ribombee, F|100\/100\n|-weather|SunnyDay|[from] ability: Drought|[of] p1a: Ninetales\n|turn|1\n|\n|t:|1699687354\n|switch|p1a: Jolteon|Jolteon, M, shiny|100\/100\n|move|p2a: Ribombee|Sticky Web|p1a: Jolteon\n|-sidestart|p1: Sirrawrzy|move: Sticky Web\n|\n|-weather|SunnyDay|[upkeep]\n|-status|p1a: Jolteon|brn|[from] item: Flame Orb\n|upkeep\n|turn|2\n|\n|t:|1699687360\n|move|p1a: Jolteon|Copycat|p1a: Jolteon\n|move|p1a: Jolteon|Sticky Web|p2a: Ribombee|[from]move: Copycat\n|-sidestart|p2: yinglunII|move: Sticky Web\n|move|p2a: Ribombee|Sticky Web||[still]\n|-fail|p2a: Ribombee\n|\n|-weather|SunnyDay|[upkeep]\n|-damage|p1a: Jolteon|94\/100 brn|[from] brn\n|upkeep\n|turn|3\n|\n|t:|1699687367\n|switch|p2a: Banette|Banette, F|100\/100\n|-activate|p2a: Banette|move: Sticky Web\n|-unboost|p2a: Banette|spe|1\n|-item|p1a: Jolteon|Flame Orb|[from] ability: Frisk|[of] p2a: Banette|[identify]\n|move|p1a: Jolteon|Weather Ball|p2a: Banette\n|-damage|p2a: Banette|33\/100\n|\n|-weather|SunnyDay|[upkeep]\n|-damage|p1a: Jolteon|88\/100 brn|[from] brn\n|upkeep\n|turn|4\n|\n|t:|1699687376\n|switch|p1a: Rhydon|Rhydon, F, shiny|100\/100\n|-activate|p1a: Rhydon|move: Sticky Web\n|-unboost|p1a: Rhydon|spe|1\n|detailschange|p2a: Banette|Banette-Mega, F\n|-mega|p2a: Banette|Banette|Banettite\n|move|p2a: Banette|Destiny Bond|p2a: Banette\n|-singlemove|p2a: Banette|Destiny Bond\n|\n|-weather|SunnyDay|[upkeep]\n|upkeep\n|turn|5\n|\n|t:|1699687379\n|move|p2a: Banette|Poltergeist|p1a: Rhydon\n|-activate|p1a: Rhydon|move: Poltergeist|Eviolite\n|-damage|p1a: Rhydon|64\/100\n|move|p1a: Rhydon|Earthquake|p2a: Banette\n|-damage|p2a: Banette|0 fnt\n|faint|p2a: Banette\n|\n|-weather|none\n|upkeep\n|\n|t:|1699687386\n|switch|p2a: Tapu Lele|Tapu Lele|100\/100\n|-activate|p2a: Tapu Lele|move: Sticky Web\n|-unboost|p2a: Tapu Lele|spe|1\n|-fieldstart|move: Psychic Terrain|[from] ability: Psychic Surge|[of] p2a: Tapu Lele\n|turn|6\n|\n|t:|1699687391\n|move|p2a: Tapu Lele|Psychic|p1a: Rhydon\n|-damage|p1a: Rhydon|0 fnt\n|faint|p1a: Rhydon\n|\n|upkeep\n|\n|t:|1699687396\n|switch|p1a: Scyther|Scyther, M, shiny|100\/100\n|turn|7\n|\n|t:|1699687399\n|-terastallize|p1a: Scyther|Flying\n|move|p1a: Scyther|Dual Wingbeat|p2a: Tapu Lele\n|-damage|p2a: Tapu Lele|15\/100\n|-damage|p2a: Tapu Lele|0 fnt\n|faint|p2a: Tapu Lele\n|-hitcount|p2: Tapu Lele|2\n|\n|upkeep\n|\n|t:|1699687406\n|switch|p2a: Porygon-Z|Porygon-Z|100\/100\n|-activate|p2a: Porygon-Z|move: Sticky Web\n|-unboost|p2a: Porygon-Z|spe|1\n|turn|8\n|\n|t:|1699687410\n|move|p1a: Scyther|Dual Wingbeat|p2a: Porygon-Z\n|-damage|p2a: Porygon-Z|21\/100\n|-damage|p2a: Porygon-Z|0 fnt\n|faint|p2a: Porygon-Z\n|-hitcount|p2: Porygon-Z|2\n|\n|upkeep\n|\n|t:|1699687416\n|switch|p2a: Urshifu|Urshifu-Rapid-Strike, M|100\/100\n|-activate|p2a: Urshifu|move: Sticky Web\n|-unboost|p2a: Urshifu|spe|1\n|turn|9\n|\n|t:|1699687422\n|-terastallize|p2a: Urshifu|Water\n|move|p1a: Scyther|Dual Wingbeat|p2a: Urshifu|[miss]\n|-miss|p1a: Scyther|p2a: Urshifu\n|move|p2a: Urshifu|Surging Strikes|p1a: Scyther\n|-crit|p1a: Scyther\n|-damage|p1a: Scyther|41\/100\n|-crit|p1a: Scyther\n|-damage|p1a: Scyther|0 fnt\n|faint|p1a: Scyther\n|-hitcount|p1: Scyther|2\n|\n|upkeep\n|\n|t:|1699687427\n|switch|p1a: Jolteon|Jolteon, M, shiny|88\/100 brn\n|-activate|p1a: Jolteon|move: Sticky Web\n|-unboost|p1a: Jolteon|spe|1\n|turn|10\n|\n|t:|1699687431\n|switch|p2a: Ribombee|Ribombee, F|100\/100\n|-activate|p2a: Ribombee|move: Sticky Web\n|-unboost|p2a: Ribombee|spe|1\n|move|p1a: Jolteon|Volt Switch|p2a: Ribombee\n|-damage|p2a: Ribombee|43\/100\n|\n|t:|1699687435\n|switch|p1a: Ninetales|Ninetales, M, shiny|100\/100|[from] Volt Switch\n|-activate|p1a: Ninetales|move: Sticky Web\n|-unboost|p1a: Ninetales|spe|1\n|-weather|SunnyDay|[from] ability: Drought|[of] p1a: Ninetales\n|\n|-weather|SunnyDay|[upkeep]\n|-fieldend|move: Psychic Terrain\n|upkeep\n|turn|11\n|\n|t:|1699687441\n|move|p2a: Ribombee|Trick|p1a: Ninetales\n|-activate|p2a: Ribombee|move: Trick|[of] p1a: Ninetales\n|-item|p1a: Ninetales|Choice Scarf|[from] move: Trick\n|-item|p2a: Ribombee|Choice Scarf|[from] move: Trick\n|move|p1a: Ninetales|Weather Ball|p2a: Ribombee\n|-supereffective|p2a: Ribombee\n|-damage|p2a: Ribombee|0 fnt\n|faint|p2a: Ribombee\n|\n|-weather|SunnyDay|[upkeep]\n|upkeep\n|\n|t:|1699687445\n|switch|p2a: Hoopa|Hoopa-Unbound|100\/100\n|-activate|p2a: Hoopa|move: Sticky Web\n|-unboost|p2a: Hoopa|spe|1\n|turn|12\n|\n|t:|1699687448\n|move|p1a: Ninetales|Weather Ball|p2a: Hoopa\n|-damage|p2a: Hoopa|53\/100\n|move|p2a: Hoopa|Hyperspace Fury|p1a: Ninetales\n|-damage|p1a: Ninetales|0 fnt\n|-unboost|p2a: Hoopa|def|1\n|faint|p1a: Ninetales\n|\n|-weather|SunnyDay|[upkeep]\n|upkeep\n|\n|t:|1699687460\n|switch|p1a: Venusaur|Venusaur, M, shiny|100\/100\n|-activate|p1a: Venusaur|move: Sticky Web\n|-unboost|p1a: Venusaur|spe|1\n|turn|13\n|\n|t:|1699687463\n|move|p1a: Venusaur|Weather Ball|p2a: Hoopa\n|-damage|p2a: Hoopa|0 fnt\n|faint|p2a: Hoopa\n|-damage|p1a: Venusaur|91\/100|[from] item: Life Orb\n|\n|-weather|SunnyDay|[upkeep]\n|upkeep\n|\n|t:|1699687465\n|switch|p2a: Urshifu|Urshifu-Rapid-Strike, M, tera:Water|100\/100\n|-activate|p2a: Urshifu|move: Sticky Web\n|-unboost|p2a: Urshifu|spe|1\n|turn|14\n|\n|t:|1699687468\n|move|p1a: Venusaur|Giga Drain|p2a: Urshifu\n|-supereffective|p2a: Urshifu\n|-damage|p2a: Urshifu|0 fnt\n|-heal|p1a: Venusaur|100\/100|[from] drain|[of] p2a: Urshifu\n|faint|p2a: Urshifu\n|-damage|p1a: Venusaur|91\/100|[from] item: Life Orb\n|\n|win|Sirrawrzy\n|raw|Sirrawrzy's rating: 1556 &rarr; <strong>1571<\/strong><br \/>(+15 for winning)\n|raw|yinglunII's rating: 1471 &rarr; <strong>1456<\/strong><br \/>(-15 for losing)\n|l|\u2606yinglunII\n","uploadtime":1699687481,"views":4,"p1id":"sirrawrzy","p2id":"yinglunii","formatid":"gen9nationaldex","rating":1456,"private":0,"password":""}