{"id":"gen9nationaldex-2000251860","p1":"Mojojo1000","p2":"RYUMON","format":"[Gen 9] National Dex","log":"|html|<div class=\"broadcast-blue\"><strong>[Gen 9] National Dex is currently suspecting Sneasler! For information on how to participate check out the <a href=\"https:\/\/www.smogon.com\/forums\/threads\/sv-national-dex-suspect-8-just-dance.3731534\/\">suspect thread<\/a>.<\/strong><\/div>\n|j|\u2606Mojojo1000\n|j|\u2606RYUMON\n|t:|1701177728\n|gametype|singles\n|player|p1|Mojojo1000|170|1236\n|player|p2|RYUMON|alder|1148\n|teamsize|p1|6\n|teamsize|p2|6\n|gen|9\n|tier|[Gen 9] National Dex\n|rated|\n|rule|HP Percentage Mod: HP is shown in percentages\n|rule|Endless Battle Clause: Forcing endless battles is banned\n|rule|OHKO Clause: OHKO moves are banned\n|rule|Evasion Clause: Evasion abilities, items, and moves are banned\n|rule|Evasion Abilities Clause: Evasion abilities are banned\n|rule|Evasion Items Clause: Evasion items are banned\n|rule|Evasion Moves Clause: Evasion moves are banned\n|rule|Species Clause: Limit one of each Pok\u00e9mon\n|rule|Sleep Clause Mod: Limit one foe put to sleep\n|clearpoke\n|poke|p1|Ferrothorn, F|\n|poke|p1|Volcarona, F|\n|poke|p1|Samurott-Hisui, F|\n|poke|p1|Scizor, M|\n|poke|p1|Gliscor, F|\n|poke|p1|Great Tusk|\n|poke|p2|Garganacl, M|\n|poke|p2|Boltund, F|\n|poke|p2|Mimikyu, F|\n|poke|p2|Malamar, M|\n|poke|p2|Volcarona, F|\n|poke|p2|Gastrodon-East, M|\n|teampreview\n|inactive|Battle timer is ON: inactive players will automatically lose when time's up. (requested by RYUMON)\n|\n|t:|1701177743\n|start\n|switch|p1a: Ferrothorn|Ferrothorn, F, shiny|100\/100\n|switch|p2a: Boltund|Boltund, F|100\/100\n|turn|1\n|\n|t:|1701177748\n|move|p2a: Boltund|Fire Fang|p1a: Ferrothorn\n|-supereffective|p1a: Ferrothorn\n|-damage|p1a: Ferrothorn|38\/100\n|-damage|p2a: Boltund|88\/100|[from] ability: Iron Barbs|[of] p1a: Ferrothorn\n|cant|p1a: Ferrothorn|flinch\n|\n|-heal|p1a: Ferrothorn|44\/100|[from] item: Leftovers\n|upkeep\n|turn|2\n|\n|t:|1701177757\n|-terastallize|p1a: Ferrothorn|Fire\n|move|p2a: Boltund|Fire Fang|p1a: Ferrothorn\n|-resisted|p1a: Ferrothorn\n|-damage|p1a: Ferrothorn|36\/100\n|-damage|p2a: Boltund|76\/100|[from] ability: Iron Barbs|[of] p1a: Ferrothorn\n|move|p1a: Ferrothorn|Stealth Rock|p2a: Boltund\n|-sidestart|p2: RYUMON|move: Stealth Rock\n|\n|-heal|p1a: Ferrothorn|42\/100|[from] item: Leftovers\n|upkeep\n|turn|3\n|\n|t:|1701177769\n|move|p2a: Boltund|Thunder Fang|p1a: Ferrothorn\n|-damage|p1a: Ferrothorn|17\/100\n|-damage|p2a: Boltund|64\/100|[from] ability: Iron Barbs|[of] p1a: Ferrothorn\n|move|p1a: Ferrothorn|Leech Seed|p2a: Boltund\n|-start|p2a: Boltund|move: Leech Seed\n|\n|-heal|p1a: Ferrothorn|24\/100|[from] item: Leftovers\n|-damage|p2a: Boltund|52\/100|[from] Leech Seed|[of] p1a: Ferrothorn\n|-heal|p1a: Ferrothorn|33\/100|[silent]\n|upkeep\n|turn|4\n|\n|t:|1701177778\n|move|p1a: Ferrothorn|Protect|p1a: Ferrothorn\n|-singleturn|p1a: Ferrothorn|Protect\n|move|p2a: Boltund|Thunder Fang|p1a: Ferrothorn\n|-activate|p1a: Ferrothorn|move: Protect\n|\n|-heal|p1a: Ferrothorn|39\/100|[from] item: Leftovers\n|-damage|p2a: Boltund|40\/100|[from] Leech Seed|[of] p1a: Ferrothorn\n|-heal|p1a: Ferrothorn|49\/100|[silent]\n|upkeep\n|turn|5\n|\n|t:|1701177787\n|switch|p2a: Gastrodon|Gastrodon-East, M|100\/100\n|-damage|p2a: Gastrodon|94\/100|[from] Stealth Rock\n|move|p1a: Ferrothorn|Gyro Ball|p2a: Gastrodon\n|-resisted|p2a: Gastrodon\n|-damage|p2a: Gastrodon|86\/100\n|\n|-heal|p2a: Gastrodon|92\/100|[from] item: Leftovers\n|-heal|p1a: Ferrothorn|55\/100|[from] item: Leftovers\n|upkeep\n|turn|6\n|\n|t:|1701177795\n|move|p2a: Gastrodon|Earth Power|p1a: Ferrothorn\n|-supereffective|p1a: Ferrothorn\n|-damage|p1a: Ferrothorn|4\/100\n|move|p1a: Ferrothorn|Leech Seed|p2a: Gastrodon\n|-start|p2a: Gastrodon|move: Leech Seed\n|\n|-heal|p2a: Gastrodon|98\/100|[from] item: Leftovers\n|-heal|p1a: Ferrothorn|10\/100|[from] item: Leftovers\n|-damage|p2a: Gastrodon|86\/100|[from] Leech Seed|[of] p1a: Ferrothorn\n|-heal|p1a: Ferrothorn|25\/100|[silent]\n|upkeep\n|turn|7\n|\n|t:|1701177805\n|move|p1a: Ferrothorn|Protect|p1a: Ferrothorn\n|-singleturn|p1a: Ferrothorn|Protect\n|move|p2a: Gastrodon|Scald|p1a: Ferrothorn\n|-activate|p1a: Ferrothorn|move: Protect\n|\n|-heal|p2a: Gastrodon|92\/100|[from] item: Leftovers\n|-heal|p1a: Ferrothorn|32\/100|[from] item: Leftovers\n|-damage|p2a: Gastrodon|79\/100|[from] Leech Seed|[of] p1a: Ferrothorn\n|-heal|p1a: Ferrothorn|47\/100|[silent]\n|upkeep\n|turn|8\n|\n|t:|1701177814\n|move|p1a: Ferrothorn|Protect||[still]\n|-fail|p1a: Ferrothorn\n|move|p2a: Gastrodon|Scald|p1a: Ferrothorn\n|-supereffective|p1a: Ferrothorn\n|-damage|p1a: Ferrothorn|5\/100\n|\n|-heal|p2a: Gastrodon|85\/100|[from] item: Leftovers\n|-heal|p1a: Ferrothorn|12\/100|[from] item: Leftovers\n|-damage|p2a: Gastrodon|73\/100|[from] Leech Seed|[of] p1a: Ferrothorn\n|-heal|p1a: Ferrothorn|27\/100|[silent]\n|upkeep\n|turn|9\n|\n|t:|1701177821\n|move|p1a: Ferrothorn|Protect|p1a: Ferrothorn\n|-singleturn|p1a: Ferrothorn|Protect\n|move|p2a: Gastrodon|Earth Power|p1a: Ferrothorn\n|-activate|p1a: Ferrothorn|move: Protect\n|\n|-heal|p2a: Gastrodon|79\/100|[from] item: Leftovers\n|-heal|p1a: Ferrothorn|33\/100|[from] item: Leftovers\n|-damage|p2a: Gastrodon|67\/100|[from] Leech Seed|[of] p1a: Ferrothorn\n|-heal|p1a: Ferrothorn|48\/100|[silent]\n|upkeep\n|turn|10\n|\n|t:|1701177832\n|move|p2a: Gastrodon|Earth Power|p1a: Ferrothorn\n|-supereffective|p1a: Ferrothorn\n|-damage|p1a: Ferrothorn|0 fnt\n|faint|p1a: Ferrothorn\n|\n|-heal|p2a: Gastrodon|73\/100|[from] item: Leftovers\n|upkeep\n|\n|t:|1701177838\n|switch|p1a: Volcarona|Volcarona, F, shiny|100\/100\n|turn|11\n|\n|t:|1701177842\n|move|p1a: Volcarona|Quiver Dance|p1a: Volcarona\n|-boost|p1a: Volcarona|spa|1\n|-boost|p1a: Volcarona|spd|1\n|-boost|p1a: Volcarona|spe|1\n|move|p2a: Gastrodon|Scald|p1a: Volcarona\n|-supereffective|p1a: Volcarona\n|-crit|p1a: Volcarona\n|-damage|p1a: Volcarona|18\/100\n|\n|-heal|p2a: Gastrodon|79\/100|[from] item: Leftovers\n|-damage|p2a: Gastrodon|66\/100|[from] Leech Seed|[of] p1a: Volcarona\n|-heal|p1a: Volcarona|35\/100|[silent]\n|upkeep\n|turn|12\n|\n|t:|1701177849\n|move|p1a: Volcarona|Giga Drain|p2a: Gastrodon\n|-supereffective|p2a: Gastrodon\n|-damage|p2a: Gastrodon|0 fnt\n|-heal|p1a: Volcarona|80\/100|[from] drain|[of] p2a: Gastrodon\n|faint|p2a: Gastrodon\n|\n|upkeep\n|\n|t:|1701177855\n|switch|p2a: Garganacl|Garganacl, M|100\/100\n|-damage|p2a: Garganacl|88\/100|[from] Stealth Rock\n|turn|13\n|\n|t:|1701177860\n|move|p1a: Volcarona|Quiver Dance|p1a: Volcarona\n|-boost|p1a: Volcarona|spa|1\n|-boost|p1a: Volcarona|spd|1\n|-boost|p1a: Volcarona|spe|1\n|move|p2a: Garganacl|Salt Cure|p1a: Volcarona\n|-supereffective|p1a: Volcarona\n|-damage|p1a: Volcarona|0 fnt\n|faint|p1a: Volcarona\n|\n|-heal|p2a: Garganacl|94\/100|[from] item: Leftovers\n|upkeep\n|\n|t:|1701177866\n|switch|p1a: Samurott|Samurott-Hisui, F, shiny|100\/100\n|turn|14\n|\n|t:|1701177871\n|move|p1a: Samurott|Ceaseless Edge|p2a: Garganacl\n|-damage|p2a: Garganacl|67\/100\n|-sidestart|p2: RYUMON|Spikes\n|move|p2a: Garganacl|Iron Defense|p2a: Garganacl\n|-boost|p2a: Garganacl|def|2\n|\n|-heal|p2a: Garganacl|73\/100|[from] item: Leftovers\n|upkeep\n|turn|15\n|\n|t:|1701177876\n|move|p1a: Samurott|Ceaseless Edge|p2a: Garganacl\n|-damage|p2a: Garganacl|58\/100\n|-sidestart|p2: RYUMON|Spikes\n|move|p2a: Garganacl|Iron Defense|p2a: Garganacl\n|-boost|p2a: Garganacl|def|2\n|\n|-heal|p2a: Garganacl|64\/100|[from] item: Leftovers\n|upkeep\n|turn|16\n|\n|t:|1701177878\n|move|p1a: Samurott|Ceaseless Edge|p2a: Garganacl\n|-damage|p2a: Garganacl|55\/100\n|-sidestart|p2: RYUMON|Spikes\n|move|p2a: Garganacl|Iron Defense|p2a: Garganacl\n|-boost|p2a: Garganacl|def|2\n|\n|-heal|p2a: Garganacl|61\/100|[from] item: Leftovers\n|upkeep\n|turn|17\n|\n|t:|1701177884\n|switch|p1a: Gliscor|Gliscor, F, shiny|100\/100\n|move|p2a: Garganacl|Recover|p2a: Garganacl\n|-heal|p2a: Garganacl|100\/100\n|\n|-status|p1a: Gliscor|tox|[from] item: Toxic Orb\n|upkeep\n|turn|18\n|\n|t:|1701177892\n|move|p1a: Gliscor|Toxic|p2a: Garganacl\n|-immune|p2a: Garganacl|[from] ability: Purifying Salt\n|move|p2a: Garganacl|Salt Cure|p1a: Gliscor\n|-damage|p1a: Gliscor|91\/100 tox\n|-start|p1a: Gliscor|Salt Cure\n|\n|-heal|p1a: Gliscor|100\/100 tox|[from] ability: Poison Heal\n|-damage|p1a: Gliscor|88\/100 tox|[from] Salt Cure\n|upkeep\n|turn|19\n|\n|t:|1701177903\n|switch|p1a: Samurott|Samurott-Hisui, F, shiny|100\/100\n|move|p2a: Garganacl|Body Press|p1a: Samurott\n|-supereffective|p1a: Samurott\n|-damage|p1a: Samurott|0 fnt\n|faint|p1a: Samurott\n|\n|upkeep\n|\n|t:|1701177907\n|switch|p1a: Scizor|Scizor, M, shiny|100\/100\n|turn|20\n|\n|t:|1701177911\n|detailschange|p1a: Scizor|Scizor-Mega, M, shiny\n|-mega|p1a: Scizor|Scizor|Scizorite\n|move|p1a: Scizor|Bullet Punch|p2a: Garganacl\n|-supereffective|p2a: Garganacl\n|-damage|p2a: Garganacl|88\/100\n|move|p2a: Garganacl|Salt Cure|p1a: Scizor\n|-damage|p1a: Scizor|90\/100\n|-start|p1a: Scizor|Salt Cure\n|\n|-heal|p2a: Garganacl|94\/100|[from] item: Leftovers\n|-damage|p1a: Scizor|65\/100|[from] Salt Cure\n|upkeep\n|turn|21\n|\n|t:|1701177915\n|move|p1a: Scizor|Bullet Punch|p2a: Garganacl\n|-supereffective|p2a: Garganacl\n|-damage|p2a: Garganacl|82\/100\n|move|p2a: Garganacl|Salt Cure|p1a: Scizor\n|-damage|p1a: Scizor|54\/100\n|\n|-heal|p2a: Garganacl|88\/100|[from] item: Leftovers\n|-damage|p1a: Scizor|30\/100|[from] Salt Cure\n|upkeep\n|turn|22\n|\n|t:|1701177918\n|move|p1a: Scizor|Bullet Punch|p2a: Garganacl\n|-supereffective|p2a: Garganacl\n|-damage|p2a: Garganacl|76\/100\n|move|p2a: Garganacl|Salt Cure|p1a: Scizor\n|-damage|p1a: Scizor|19\/100\n|\n|-heal|p2a: Garganacl|82\/100|[from] item: Leftovers\n|-damage|p1a: Scizor|0 fnt|[from] Salt Cure\n|faint|p1a: Scizor\n|upkeep\n|\n|t:|1701177922\n|switch|p1a: Great Tusk|Great Tusk, shiny|100\/100\n|turn|23\n|\n|t:|1701177926\n|move|p1a: Great Tusk|Headlong Rush|p2a: Garganacl\n|-supereffective|p2a: Garganacl\n|-damage|p2a: Garganacl|62\/100\n|-unboost|p1a: Great Tusk|def|1\n|-unboost|p1a: Great Tusk|spd|1\n|move|p2a: Garganacl|Salt Cure|p1a: Great Tusk\n|-resisted|p1a: Great Tusk\n|-damage|p1a: Great Tusk|97\/100\n|-start|p1a: Great Tusk|Salt Cure\n|\n|-heal|p2a: Garganacl|68\/100|[from] item: Leftovers\n|-damage|p1a: Great Tusk|85\/100|[from] Salt Cure\n|upkeep\n|turn|24\n|\n|t:|1701177930\n|move|p1a: Great Tusk|Headlong Rush|p2a: Garganacl\n|-supereffective|p2a: Garganacl\n|-damage|p2a: Garganacl|46\/100\n|-unboost|p1a: Great Tusk|def|1\n|-unboost|p1a: Great Tusk|spd|1\n|move|p2a: Garganacl|Body Press|p1a: Great Tusk\n|-damage|p1a: Great Tusk|0 fnt\n|faint|p1a: Great Tusk\n|-end|p1a: Great Tusk|Protosynthesis|[silent]\n|\n|-heal|p2a: Garganacl|52\/100|[from] item: Leftovers\n|upkeep\n|\n|t:|1701177933\n|switch|p1a: Gliscor|Gliscor, F, shiny|88\/100 tox\n|turn|25\n|\n|t:|1701177935\n|move|p1a: Gliscor|Earthquake|p2a: Garganacl\n|-supereffective|p2a: Garganacl\n|-damage|p2a: Garganacl|40\/100\n|move|p2a: Garganacl|Salt Cure|p1a: Gliscor\n|-damage|p1a: Gliscor|80\/100 tox\n|-start|p1a: Gliscor|Salt Cure\n|\n|-heal|p2a: Garganacl|46\/100|[from] item: Leftovers\n|-heal|p1a: Gliscor|93\/100 tox|[from] ability: Poison Heal\n|-damage|p1a: Gliscor|80\/100 tox|[from] Salt Cure\n|upkeep\n|turn|26\n|\n|t:|1701177939\n|move|p1a: Gliscor|Earthquake|p2a: Garganacl\n|-supereffective|p2a: Garganacl\n|-damage|p2a: Garganacl|33\/100\n|move|p2a: Garganacl|Recover|p2a: Garganacl\n|-heal|p2a: Garganacl|83\/100\n|\n|-heal|p2a: Garganacl|89\/100|[from] item: Leftovers\n|-heal|p1a: Gliscor|93\/100 tox|[from] ability: Poison Heal\n|-damage|p1a: Gliscor|80\/100 tox|[from] Salt Cure\n|upkeep\n|turn|27\n|n|!Mojojo1000|mojojo1000\n|-message|Mojojo1000 forfeited.\n|\n|win|RYUMON\n|raw|Mojojo1000's rating: 1236 &rarr; <strong>1205<\/strong><br \/>(-31 for losing)\n|raw|RYUMON's rating: 1148 &rarr; <strong>1179<\/strong><br \/>(+31 for winning)\n|l|!Mojojo1000\n","uploadtime":1701177948,"views":3,"p1id":"mojojo1000","p2id":"ryumon","formatid":"gen9nationaldex","rating":1179,"private":0,"password":""}