{"id":"gen9nationaldex-1998719854","p1":"SupplementaryDisco","p2":"xaviersobased","format":"[Gen 9] National Dex","log":"|html|<div class=\"broadcast-blue\"><strong>[Gen 9] National Dex is currently suspecting Sneasler! For information on how to participate check out the <a href=\"https:\/\/www.smogon.com\/forums\/threads\/sv-national-dex-suspect-8-just-dance.3731534\/\">suspect thread<\/a>.<\/strong><\/div>\n|j|\u203dSupplementaryDisco\n|j|\u2606xaviersobased\n|t:|1700977527\n|gametype|singles\n|player|p1|SupplementaryDisco|clemont|1358\n|player|p2|xaviersobased|caitlin|1290\n|teamsize|p1|6\n|teamsize|p2|6\n|gen|9\n|tier|[Gen 9] National Dex\n|rated|\n|rule|HP Percentage Mod: HP is shown in percentages\n|rule|Endless Battle Clause: Forcing endless battles is banned\n|rule|OHKO Clause: OHKO moves are banned\n|rule|Evasion Clause: Evasion abilities, items, and moves are banned\n|rule|Evasion Abilities Clause: Evasion abilities are banned\n|rule|Evasion Items Clause: Evasion items are banned\n|rule|Evasion Moves Clause: Evasion moves are banned\n|rule|Species Clause: Limit one of each Pok\u00e9mon\n|rule|Sleep Clause Mod: Limit one foe put to sleep\n|clearpoke\n|poke|p1|Chansey, F|\n|poke|p1|Swampert, F|\n|poke|p1|Moltres|\n|poke|p1|Ogerpon-Wellspring, F|\n|poke|p1|Rotom-Wash|\n|poke|p1|Ferrothorn, M|\n|poke|p2|Porygon-Z|\n|poke|p2|Slowking-Galar, M|\n|poke|p2|Iron Valiant|\n|poke|p2|Dragonite, F|\n|poke|p2|Tornadus-Therian, M|\n|poke|p2|Heatran, F|\n|teampreview\n|inactive|Battle timer is ON: inactive players will automatically lose when time's up. (requested by SupplementaryDisco)\n|\n|t:|1700977536\n|start\n|switch|p1a: Rotom|Rotom-Wash, shiny|100\/100\n|switch|p2a: Slowking|Slowking-Galar, M|100\/100\n|turn|1\n|\n|t:|1700977541\n|move|p1a: Rotom|Volt Switch|p2a: Slowking\n|-damage|p2a: Slowking|78\/100\n|\n|t:|1700977546\n|switch|p1a: Swampert|Swampert, F, shiny|100\/100|[from] Volt Switch\n|move|p2a: Slowking|Calm Mind|p2a: Slowking\n|-boost|p2a: Slowking|spa|1\n|-boost|p2a: Slowking|spd|1\n|\n|-heal|p2a: Slowking|84\/100|[from] item: Leftovers\n|upkeep\n|turn|2\n|\n|t:|1700977551\n|detailschange|p1a: Swampert|Swampert-Mega, F, shiny\n|-mega|p1a: Swampert|Swampert|Swampertite\n|-terastallize|p2a: Slowking|Water\n|move|p1a: Swampert|Rain Dance|p1a: Swampert\n|-weather|RainDance\n|move|p2a: Slowking|Iron Defense|p2a: Slowking\n|-boost|p2a: Slowking|def|2\n|\n|-weather|RainDance|[upkeep]\n|-heal|p2a: Slowking|90\/100|[from] item: Leftovers\n|upkeep\n|turn|3\n|\n|t:|1700977558\n|switch|p1a: Chansey|Chansey, F, shiny|100\/100\n|move|p2a: Slowking|Iron Defense|p2a: Slowking\n|-boost|p2a: Slowking|def|2\n|\n|-weather|RainDance|[upkeep]\n|-heal|p2a: Slowking|96\/100|[from] item: Leftovers\n|upkeep\n|turn|4\n|\n|t:|1700977575\n|switch|p2a: Heatran|Heatran, F|100\/100\n|move|p1a: Chansey|Seismic Toss|p2a: Heatran\n|-damage|p2a: Heatran|72\/100\n|\n|-weather|RainDance|[upkeep]\n|-heal|p2a: Heatran|78\/100|[from] item: Leftovers\n|upkeep\n|turn|5\n|\n|t:|1700977582\n|switch|p2a: Slowking|Slowking-Galar, M, tera:Water|100\/100\n|switch|p1a: Swampert|Swampert-Mega, F, shiny|100\/100\n|\n|-weather|RainDance|[upkeep]\n|upkeep\n|turn|6\n|\n|t:|1700977589\n|switch|p1a: Rotom|Rotom-Wash, shiny|100\/100\n|move|p2a: Slowking|Iron Defense|p2a: Slowking\n|-boost|p2a: Slowking|def|2\n|\n|-weather|none\n|upkeep\n|turn|7\n|\n|t:|1700977602\n|switch|p2a: Dragonite|Dragonite, F|100\/100\n|move|p1a: Rotom|Thunderbolt|p2a: Dragonite\n|-damage|p2a: Dragonite|80\/100\n|-status|p2a: Dragonite|par\n|\n|upkeep\n|turn|8\n|\n|t:|1700977613\n|move|p1a: Rotom|Thunderbolt|p2a: Dragonite\n|-damage|p2a: Dragonite|38\/100 par\n|cant|p2a: Dragonite|par\n|\n|upkeep\n|turn|9\n|\n|t:|1700977617\n|move|p1a: Rotom|Thunderbolt|p2a: Dragonite\n|-damage|p2a: Dragonite|0 fnt\n|faint|p2a: Dragonite\n|\n|upkeep\n|\n|t:|1700977627\n|switch|p2a: Porygon-Z|Porygon-Z|100\/100\n|turn|10\n|\n|t:|1700977630\n|switch|p1a: Chansey|Chansey, F, shiny|100\/100\n|-zpower|p2a: Porygon-Z\n|move|p2a: Porygon-Z|Z-Conversion|p2a: Porygon-Z|[anim]Conversion\n|-boost|p2a: Porygon-Z|atk|1|[zeffect]\n|-boost|p2a: Porygon-Z|def|1|[zeffect]\n|-boost|p2a: Porygon-Z|spa|1|[zeffect]\n|-boost|p2a: Porygon-Z|spd|1|[zeffect]\n|-boost|p2a: Porygon-Z|spe|1|[zeffect]\n|-start|p2a: Porygon-Z|typechange|Ghost\n|\n|upkeep\n|turn|11\n|\n|t:|1700977638\n|move|p2a: Porygon-Z|Tri Attack|p1a: Chansey\n|-damage|p1a: Chansey|88\/100\n|move|p1a: Chansey|Toxic|p2a: Porygon-Z\n|-status|p2a: Porygon-Z|tox\n|\n|-damage|p2a: Porygon-Z|94\/100 tox|[from] psn\n|upkeep\n|turn|12\n|-message|xaviersobased forfeited.\n|\n|win|SupplementaryDisco\n|raw|SupplementaryDisco's rating: 1358 &rarr; <strong>1374<\/strong><br \/>(+16 for winning)\n|raw|xaviersobased's rating: 1290 &rarr; <strong>1270<\/strong><br \/>(-20 for losing)\n|l|\u203dSupplementaryDisco\n","uploadtime":1700978169,"views":1,"p1id":"supplementarydisco","p2id":"xaviersobased","formatid":"gen9nationaldex","rating":1270,"private":0,"password":""}