{"id":"gen9nationaldex-1996103417","p1":"greengardenhose","p2":"BetaBros","format":"[Gen 9] National Dex","log":"|html|<div class=\"broadcast-blue\"><strong>[Gen 9] National Dex is currently suspecting Sneasler! For information on how to participate check out the <a href=\"https:\/\/www.smogon.com\/forums\/threads\/sv-national-dex-suspect-8-just-dance.3731534\/\">suspect thread<\/a>.<\/strong><\/div>\n|j|\u2606greengardenhose\n|j|\u2606BetaBros\n|t:|1700644596\n|gametype|singles\n|player|p1|greengardenhose|blackbelt-gen4dp|1119\n|player|p2|BetaBros|grimsley|1226\n|teamsize|p1|6\n|teamsize|p2|6\n|gen|9\n|tier|[Gen 9] National Dex\n|rated|\n|rule|HP Percentage Mod: HP is shown in percentages\n|rule|Endless Battle Clause: Forcing endless battles is banned\n|rule|OHKO Clause: OHKO moves are banned\n|rule|Evasion Clause: Evasion abilities, items, and moves are banned\n|rule|Evasion Abilities Clause: Evasion abilities are banned\n|rule|Evasion Items Clause: Evasion items are banned\n|rule|Evasion Moves Clause: Evasion moves are banned\n|rule|Species Clause: Limit one of each Pok\u00e9mon\n|rule|Sleep Clause Mod: Limit one foe put to sleep\n|clearpoke\n|poke|p1|Bisharp, F|\n|poke|p1|Sneasler, M|\n|poke|p1|Alakazam, F|\n|poke|p1|Serperior, M|\n|poke|p1|Alcremie-Caramel-Swirl, F|\n|poke|p1|Ninjask, M|\n|poke|p2|Lurantis, F|\n|poke|p2|Swoobat, M|\n|poke|p2|Arctovish|\n|poke|p2|Arcanine-Hisui, M|\n|poke|p2|Ninetales-Alola, F|\n|poke|p2|Cloyster, M|\n|teampreview\n|inactive|Battle timer is ON: inactive players will automatically lose when time's up. (requested by BetaBros)\n|\n|t:|1700644601\n|start\n|switch|p1a: Alcremie|Alcremie-Caramel-Swirl, F|100\/100\n|switch|p2a: Ninetales|Ninetales-Alola, F|100\/100\n|-weather|Snow|[from] ability: Snow Warning|[of] p2a: Ninetales\n|turn|1\n|\n|t:|1700644606\n|move|p2a: Ninetales|Aurora Veil|p2a: Ninetales\n|-sidestart|p2: BetaBros|move: Aurora Veil\n|move|p1a: Alcremie|Calm Mind|p1a: Alcremie\n|-boost|p1a: Alcremie|spa|1\n|-boost|p1a: Alcremie|spd|1\n|\n|-weather|Snow|[upkeep]\n|upkeep\n|turn|2\n|\n|t:|1700644615\n|move|p2a: Ninetales|Encore|p1a: Alcremie\n|-start|p1a: Alcremie|Encore\n|move|p1a: Alcremie|Calm Mind|p1a: Alcremie\n|-boost|p1a: Alcremie|spa|1\n|-boost|p1a: Alcremie|spd|1\n|\n|-weather|Snow|[upkeep]\n|upkeep\n|turn|3\n|\n|t:|1700644619\n|switch|p2a: Arctovish|Arctovish|100\/100\n|move|p1a: Alcremie|Calm Mind|p1a: Alcremie\n|-boost|p1a: Alcremie|spa|1\n|-boost|p1a: Alcremie|spd|1\n|\n|-weather|Snow|[upkeep]\n|upkeep\n|turn|4\n|\n|t:|1700644625\n|-terastallize|p2a: Arctovish|Water\n|move|p2a: Arctovish|Fishious Rend|p1a: Alcremie\n|-damage|p1a: Alcremie|0 fnt\n|faint|p1a: Alcremie\n|\n|-weather|Snow|[upkeep]\n|upkeep\n|\n|t:|1700644634\n|switch|p1a: Serperior|Serperior, M|100\/100\n|turn|5\n|\n|t:|1700644642\n|move|p2a: Arctovish|Icicle Spear|p1a: Serperior\n|-supereffective|p1a: Serperior\n|-damage|p1a: Serperior|79\/100\n|-supereffective|p1a: Serperior\n|-damage|p1a: Serperior|58\/100\n|-hitcount|p1a: Serperior|2\n|move|p1a: Serperior|Leaf Storm|p2a: Arctovish\n|-supereffective|p2a: Arctovish\n|-damage|p2a: Arctovish|58\/100\n|-boost|p1a: Serperior|spa|2\n|\n|-weather|Snow|[upkeep]\n|-heal|p2a: Arctovish|64\/100|[from] item: Leftovers\n|-heal|p1a: Serperior|64\/100|[from] item: Leftovers\n|-sideend|p2: BetaBros|move: Aurora Veil\n|upkeep\n|turn|6\n|\n|t:|1700644650\n|move|p2a: Arctovish|Icicle Spear|p1a: Serperior\n|-supereffective|p1a: Serperior\n|-damage|p1a: Serperior|45\/100\n|-supereffective|p1a: Serperior\n|-damage|p1a: Serperior|26\/100\n|-supereffective|p1a: Serperior\n|-damage|p1a: Serperior|4\/100\n|-hitcount|p1a: Serperior|3\n|move|p1a: Serperior|Leaf Storm|p2a: Arctovish\n|-supereffective|p2a: Arctovish\n|-damage|p2a: Arctovish|0 fnt\n|-boost|p1a: Serperior|spa|2\n|faint|p2a: Arctovish\n|\n|-weather|Snow|[upkeep]\n|-heal|p1a: Serperior|10\/100|[from] item: Leftovers\n|upkeep\n|\n|t:|1700644661\n|switch|p2a: Swoobat|Swoobat, M|100\/100\n|turn|7\n|\n|t:|1700644672\n|move|p2a: Swoobat|Tailwind|p2a: Swoobat\n|-sidestart|p2: BetaBros|move: Tailwind\n|move|p1a: Serperior|Hidden Power|p2a: Swoobat\n|-supereffective|p2a: Swoobat\n|-enditem|p2a: Swoobat|Focus Sash\n|-damage|p2a: Swoobat|1\/100\n|\n|-weather|Snow|[upkeep]\n|-heal|p1a: Serperior|17\/100|[from] item: Leftovers\n|upkeep\n|turn|8\n|\n|t:|1700644683\n|move|p2a: Swoobat|Air Slash|p1a: Serperior\n|-supereffective|p1a: Serperior\n|-damage|p1a: Serperior|0 fnt\n|faint|p1a: Serperior\n|\n|-weather|none\n|upkeep\n|\n|t:|1700644689\n|switch|p1a: Sneasler|Sneasler, M|100\/100\n|turn|9\n|\n|t:|1700644695\n|move|p1a: Sneasler|Fake Out|p2a: Swoobat\n|-damage|p2a: Swoobat|0 fnt\n|faint|p2a: Swoobat\n|\n|upkeep\n|\n|t:|1700644710\n|switch|p2a: Arcanine|Arcanine-Hisui, M|100\/100\n|turn|10\n|\n|t:|1700644718\n|move|p2a: Arcanine|Head Smash|p1a: Sneasler|[miss]\n|-miss|p2a: Arcanine|p1a: Sneasler\n|move|p1a: Sneasler|Dire Claw|p2a: Arcanine\n|-resisted|p2a: Arcanine\n|-damage|p2a: Arcanine|73\/100\n|-status|p2a: Arcanine|psn|[from] ability: Poison Touch|[of] p1a: Sneasler\n|\n|-damage|p2a: Arcanine|61\/100 psn|[from] psn\n|-sideend|p2: BetaBros|move: Tailwind\n|upkeep\n|turn|11\n|\n|t:|1700644726\n|move|p1a: Sneasler|Acrobatics|p2a: Arcanine\n|-resisted|p2a: Arcanine\n|-damage|p2a: Arcanine|36\/100 psn\n|move|p2a: Arcanine|Head Smash|p1a: Sneasler\n|-resisted|p1a: Sneasler\n|-damage|p1a: Sneasler|7\/100\n|\n|-damage|p2a: Arcanine|23\/100 psn|[from] psn\n|upkeep\n|turn|12\n|\n|t:|1700644733\n|switch|p1a: Bisharp|Bisharp, F|100\/100\n|move|p2a: Arcanine|Head Smash|p1a: Bisharp\n|-resisted|p1a: Bisharp\n|-damage|p1a: Bisharp|64\/100\n|\n|-damage|p2a: Arcanine|11\/100 psn|[from] psn\n|upkeep\n|turn|13\n|\n|t:|1700644742\n|move|p2a: Arcanine|Head Smash|p1a: Bisharp\n|-resisted|p1a: Bisharp\n|-damage|p1a: Bisharp|21\/100\n|move|p1a: Bisharp|Power-Up Punch|p2a: Arcanine\n|-supereffective|p2a: Arcanine\n|-damage|p2a: Arcanine|0 fnt\n|-boost|p1a: Bisharp|atk|1\n|faint|p2a: Arcanine\n|\n|upkeep\n|\n|t:|1700644749\n|switch|p2a: Lurantis|Lurantis, F|100\/100\n|turn|14\n|\n|t:|1700644755\n|move|p1a: Bisharp|Rock Polish|p1a: Bisharp\n|-boost|p1a: Bisharp|spe|2\n|move|p2a: Lurantis|Superpower|p1a: Bisharp\n|-supereffective|p1a: Bisharp\n|-damage|p1a: Bisharp|0 fnt\n|-boost|p2a: Lurantis|atk|1\n|-boost|p2a: Lurantis|def|1\n|faint|p1a: Bisharp\n|\n|upkeep\n|\n|t:|1700644762\n|switch|p1a: Sneasler|Sneasler, M|7\/100\n|turn|15\n|\n|t:|1700644767\n|move|p1a: Sneasler|Fake Out|p2a: Lurantis\n|-damage|p2a: Lurantis|90\/100\n|cant|p2a: Lurantis|flinch\n|\n|-heal|p2a: Lurantis|96\/100|[from] item: Leftovers\n|upkeep\n|turn|16\n|\n|t:|1700644773\n|move|p1a: Sneasler|Acrobatics|p2a: Lurantis\n|-supereffective|p2a: Lurantis\n|-damage|p2a: Lurantis|41\/100\n|move|p2a: Lurantis|Superpower|p1a: Sneasler\n|-resisted|p1a: Sneasler\n|-damage|p1a: Sneasler|0 fnt\n|-boost|p2a: Lurantis|atk|1\n|-boost|p2a: Lurantis|def|1\n|faint|p1a: Sneasler\n|\n|-heal|p2a: Lurantis|47\/100|[from] item: Leftovers\n|upkeep\n|\n|t:|1700644781\n|switch|p1a: Ninjask|Ninjask, M|100\/100\n|turn|17\n|\n|t:|1700644790\n|move|p1a: Ninjask|Swords Dance|p1a: Ninjask\n|-boost|p1a: Ninjask|atk|2\n|move|p2a: Lurantis|Knock Off|p1a: Ninjask\n|-damage|p1a: Ninjask|0 fnt\n|faint|p1a: Ninjask\n|\n|-heal|p2a: Lurantis|53\/100|[from] item: Leftovers\n|upkeep\n|\n|t:|1700644798\n|switch|p1a: Alakazam|Alakazam, F|100\/100\n|turn|18\n|\n|t:|1700644817\n|move|p1a: Alakazam|Hidden Power|p2a: Lurantis\n|-supereffective|p2a: Lurantis\n|-damage|p2a: Lurantis|0 fnt\n|faint|p2a: Lurantis\n|\n|upkeep\n|\n|t:|1700644822\n|switch|p2a: Ninetales|Ninetales-Alola, F|100\/100\n|-weather|Snow|[from] ability: Snow Warning|[of] p2a: Ninetales\n|turn|19\n|\n|t:|1700644834\n|-terastallize|p1a: Alakazam|Psychic\n|move|p1a: Alakazam|Psyshock|p2a: Ninetales\n|-damage|p2a: Ninetales|31\/100\n|move|p2a: Ninetales|Aurora Veil|p2a: Ninetales\n|-sidestart|p2: BetaBros|move: Aurora Veil\n|\n|-weather|Snow|[upkeep]\n|upkeep\n|turn|20\n|\n|t:|1700644862\n|move|p1a: Alakazam|Psyshock|p2a: Ninetales\n|-damage|p2a: Ninetales|0 fnt\n|faint|p2a: Ninetales\n|\n|-weather|Snow|[upkeep]\n|upkeep\n|\n|t:|1700644865\n|switch|p2a: Cloyster|Cloyster, M|100\/100\n|turn|21\n|\n|t:|1700644875\n|move|p1a: Alakazam|Psyshock|p2a: Cloyster\n|-damage|p2a: Cloyster|79\/100\n|move|p2a: Cloyster|Shell Smash|p2a: Cloyster\n|-unboost|p2a: Cloyster|def|1\n|-unboost|p2a: Cloyster|spd|1\n|-boost|p2a: Cloyster|atk|2\n|-boost|p2a: Cloyster|spa|2\n|-boost|p2a: Cloyster|spe|2\n|-enditem|p2a: Cloyster|White Herb\n|-clearnegativeboost|p2a: Cloyster|[silent]\n|\n|-weather|Snow|[upkeep]\n|upkeep\n|turn|22\n|\n|t:|1700644892\n|move|p2a: Cloyster|Icicle Spear|p1a: Alakazam\n|-damage|p1a: Alakazam|47\/100\n|-damage|p1a: Alakazam|0 fnt\n|faint|p1a: Alakazam\n|-hitcount|p1: Alakazam|2\n|\n|win|BetaBros\n|raw|greengardenhose's rating: 1119 &rarr; <strong>1101<\/strong><br \/>(-18 for losing)\n|raw|BetaBros's rating: 1226 &rarr; <strong>1244<\/strong><br \/>(+18 for winning)\n|l|\u2606greengardenhose\n","uploadtime":1700644903,"views":8,"p1id":"greengardenhose","p2id":"betabros","formatid":"gen9nationaldex","rating":1101,"private":0,"password":""}