{"id":"gen9nationaldex-1998462482","p1":"KingFlux","p2":"Gumo1988","format":"[Gen 9] National Dex","log":"|html|<div class=\"broadcast-blue\"><strong>[Gen 9] National Dex is currently suspecting Sneasler! For information on how to participate check out the <a href=\"https:\/\/www.smogon.com\/forums\/threads\/sv-national-dex-suspect-8-just-dance.3731534\/\">suspect thread<\/a>.<\/strong><\/div>\n|j|\u2606KingFlux\n|j|\u2606Gumo1988\n|t:|1700945041\n|gametype|singles\n|player|p1|KingFlux|cress|1133\n|player|p2|Gumo1988|2|1102\n|teamsize|p1|6\n|teamsize|p2|6\n|gen|9\n|tier|[Gen 9] National Dex\n|rated|\n|rule|HP Percentage Mod: HP is shown in percentages\n|rule|Endless Battle Clause: Forcing endless battles is banned\n|rule|OHKO Clause: OHKO moves are banned\n|rule|Evasion Clause: Evasion abilities, items, and moves are banned\n|rule|Evasion Abilities Clause: Evasion abilities are banned\n|rule|Evasion Items Clause: Evasion items are banned\n|rule|Evasion Moves Clause: Evasion moves are banned\n|rule|Species Clause: Limit one of each Pok\u00e9mon\n|rule|Sleep Clause Mod: Limit one foe put to sleep\n|clearpoke\n|poke|p1|Porygon-Z|\n|poke|p1|Blacephalon|\n|poke|p1|Gliscor, M|\n|poke|p1|Dragonite, F|\n|poke|p1|Araquanid, M|\n|poke|p1|Abomasnow, F|\n|poke|p2|Aerodactyl, F|\n|poke|p2|Gourgeist-*, M|\n|poke|p2|Slowbro, F|\n|poke|p2|Pidgeot, F|\n|poke|p2|Mabosstiff, F|\n|poke|p2|Heatran, M|\n|teampreview\n|\n|t:|1700945053\n|start\n|switch|p1a: Dark Alien|Araquanid, M, shiny|100\/100\n|switch|p2a: Slowbro|Slowbro, F|100\/100\n|turn|1\n|\n|t:|1700945062\n|switch|p2a: Gourgeist|Gourgeist-Large, M|100\/100\n|-item|p1a: Dark Alien|Weakness Policy|[from] ability: Frisk|[of] p2a: Gourgeist|[identify]\n|move|p1a: Dark Alien|Lunge|p2a: Gourgeist\n|-damage|p2a: Gourgeist|79\/100\n|-unboost|p2a: Gourgeist|atk|1\n|\n|-heal|p2a: Gourgeist|86\/100|[from] item: Leftovers\n|upkeep\n|turn|2\n|\n|t:|1700945075\n|move|p2a: Gourgeist|Leech Seed|p1a: Dark Alien\n|-start|p1a: Dark Alien|move: Leech Seed\n|move|p1a: Dark Alien|Poison Jab|p2a: Gourgeist\n|-damage|p2a: Gourgeist|71\/100\n|\n|-heal|p2a: Gourgeist|78\/100|[from] item: Leftovers\n|-damage|p1a: Dark Alien|88\/100|[from] Leech Seed|[of] p2a: Gourgeist\n|-heal|p2a: Gourgeist|88\/100|[silent]\n|upkeep\n|turn|3\n|\n|t:|1700945091\n|switch|p1a: Grandpa|Abomasnow, F|100\/100\n|-weather|Snow|[from] ability: Snow Warning|[of] p1a: Grandpa\n|move|p2a: Gourgeist|Poltergeist|p1a: Grandpa\n|-activate|p1a: Grandpa|move: Poltergeist|Abomasite\n|-damage|p1a: Grandpa|84\/100\n|\n|-weather|Snow|[upkeep]\n|-heal|p2a: Gourgeist|94\/100|[from] item: Leftovers\n|upkeep\n|turn|4\n|\n|t:|1700945108\n|switch|p2a: Heatran|Heatran, M|100\/100\n|detailschange|p1a: Grandpa|Abomasnow-Mega, F\n|-mega|p1a: Grandpa|Abomasnow|Abomasite\n|move|p1a: Grandpa|Aurora Veil|p1a: Grandpa\n|-sidestart|p1: KingFlux|move: Aurora Veil\n|\n|-weather|Snow|[upkeep]\n|upkeep\n|turn|5\n|\n|t:|1700945132\n|-terastallize|p2a: Heatran|Fire\n|move|p2a: Heatran|Flamethrower|p1a: Grandpa\n|-supereffective|p1a: Grandpa\n|-damage|p1a: Grandpa|0 fnt\n|faint|p1a: Grandpa\n|\n|-weather|Snow|[upkeep]\n|upkeep\n|\n|t:|1700945142\n|switch|p1a: Big D|Dragonite, F|100\/100\n|turn|6\n|\n|t:|1700945152\n|switch|p2a: Slowbro|Slowbro, F|100\/100\n|move|p1a: Big D|Earthquake|p2a: Slowbro\n|-damage|p2a: Slowbro|71\/100\n|\n|-weather|Snow|[upkeep]\n|upkeep\n|turn|7\n|\n|t:|1700945160\n|switch|p1a: Dark Alien|Araquanid, M, shiny|88\/100\n|move|p2a: Slowbro|Ice Beam|p1a: Dark Alien\n|-resisted|p1a: Dark Alien\n|-damage|p1a: Dark Alien|83\/100\n|\n|-weather|none\n|upkeep\n|turn|8\n|\n|t:|1700945170\n|switch|p2a: Pidgeot|Pidgeot, F|100\/100\n|move|p1a: Dark Alien|Sticky Web|p2a: Pidgeot\n|-sidestart|p2: Gumo1988|move: Sticky Web\n|\n|-sideend|p1: KingFlux|move: Aurora Veil\n|upkeep\n|turn|9\n|\n|t:|1700945179\n|move|p2a: Pidgeot|Defog|p1a: Dark Alien\n|-unboost|p1a: Dark Alien|evasion|1\n|-sideend|p2: Gumo1988|Sticky Web|[from] move: Defog|[of] p2a: Pidgeot\n|move|p1a: Dark Alien|Liquidation|p2a: Pidgeot\n|-damage|p2a: Pidgeot|30\/100\n|\n|upkeep\n|turn|10\n|\n|t:|1700945190\n|detailschange|p2a: Pidgeot|Pidgeot-Mega, F\n|-mega|p2a: Pidgeot|Pidgeot|Pidgeotite\n|move|p2a: Pidgeot|Hurricane|p1a: Dark Alien\n|-supereffective|p1a: Dark Alien\n|-damage|p1a: Dark Alien|0 fnt\n|faint|p1a: Dark Alien\n|\n|upkeep\n|\n|t:|1700945200\n|switch|p1a: DiscoBall|Blacephalon, shiny|100\/100\n|turn|11\n|\n|t:|1700945208\n|switch|p2a: Heatran|Heatran, M, tera:Fire|100\/100\n|move|p1a: DiscoBall|Flamethrower|p2a: Heatran\n|-start|p2a: Heatran|ability: Flash Fire\n|\n|upkeep\n|turn|12\n|\n|t:|1700945218\n|switch|p1a: Dracula|Gliscor, M|100\/100\n|move|p2a: Heatran|Dark Pulse|p1a: Dracula\n|-damage|p1a: Dracula|63\/100\n|\n|-status|p1a: Dracula|tox|[from] item: Toxic Orb\n|upkeep\n|turn|13\n|\n|t:|1700945235\n|-end|p2a: Heatran|ability: Flash Fire|[silent]\n|switch|p2a: Gourgeist|Gourgeist-Large, M|94\/100\n|-item|p1a: Dracula|Toxic Orb|[from] ability: Frisk|[of] p2a: Gourgeist|[identify]\n|move|p1a: Dracula|Earthquake|p2a: Gourgeist\n|-resisted|p2a: Gourgeist\n|-damage|p2a: Gourgeist|80\/100\n|\n|-heal|p2a: Gourgeist|86\/100|[from] item: Leftovers\n|-heal|p1a: Dracula|76\/100 tox|[from] ability: Poison Heal\n|upkeep\n|turn|14\n|\n|t:|1700945247\n|move|p1a: Dracula|Knock Off|p2a: Gourgeist\n|-supereffective|p2a: Gourgeist\n|-damage|p2a: Gourgeist|46\/100\n|-enditem|p2a: Gourgeist|Leftovers|[from] move: Knock Off|[of] p1a: Dracula\n|move|p2a: Gourgeist|Leech Seed|p1a: Dracula\n|-start|p1a: Dracula|move: Leech Seed\n|\n|-damage|p1a: Dracula|63\/100 tox|[from] Leech Seed|[of] p2a: Gourgeist\n|-heal|p2a: Gourgeist|57\/100|[silent]\n|-heal|p1a: Dracula|76\/100 tox|[from] ability: Poison Heal\n|upkeep\n|turn|15\n|\n|t:|1700945258\n|move|p1a: Dracula|Toxic|p2a: Gourgeist\n|-status|p2a: Gourgeist|tox\n|move|p2a: Gourgeist|Poltergeist|p1a: Dracula\n|-activate|p1a: Dracula|move: Poltergeist|Toxic Orb\n|-damage|p1a: Dracula|47\/100 tox\n|\n|-damage|p1a: Dracula|35\/100 tox|[from] Leech Seed|[of] p2a: Gourgeist\n|-heal|p2a: Gourgeist|68\/100 tox|[silent]\n|-heal|p1a: Dracula|47\/100 tox|[from] ability: Poison Heal\n|-damage|p2a: Gourgeist|62\/100 tox|[from] psn\n|upkeep\n|turn|16\n|\n|t:|1700945274\n|move|p1a: Dracula|Knock Off|p2a: Gourgeist\n|-supereffective|p2a: Gourgeist\n|-damage|p2a: Gourgeist|34\/100 tox\n|move|p2a: Gourgeist|Synthesis|p2a: Gourgeist\n|-heal|p2a: Gourgeist|84\/100 tox\n|\n|-damage|p1a: Dracula|35\/100 tox|[from] Leech Seed|[of] p2a: Gourgeist\n|-heal|p2a: Gourgeist|95\/100 tox|[silent]\n|-heal|p1a: Dracula|47\/100 tox|[from] ability: Poison Heal\n|-damage|p2a: Gourgeist|83\/100 tox|[from] psn\n|upkeep\n|turn|17\n|\n|t:|1700945285\n|switch|p1a: Nile|Porygon-Z|100\/100\n|-ability|p1a: Nile|Download|boost\n|-boost|p1a: Nile|spa|1\n|move|p2a: Gourgeist|Poltergeist|p1a: Nile\n|-immune|p1a: Nile\n|\n|-damage|p2a: Gourgeist|64\/100 tox|[from] psn\n|upkeep\n|turn|18\n|\n|t:|1700945297\n|-zpower|p1a: Nile\n|move|p1a: Nile|Z-Conversion||[anim]Conversion|[still]\n|-boost|p1a: Nile|atk|1|[zeffect]\n|-boost|p1a: Nile|def|1|[zeffect]\n|-boost|p1a: Nile|spa|1|[zeffect]\n|-boost|p1a: Nile|spd|1|[zeffect]\n|-boost|p1a: Nile|spe|1|[zeffect]\n|-fail|p1a: Nile\n|move|p2a: Gourgeist|Seed Bomb|p1a: Nile\n|-damage|p1a: Nile|78\/100\n|\n|-damage|p2a: Gourgeist|39\/100 tox|[from] psn\n|upkeep\n|turn|19\n|\n|t:|1700945309\n|move|p1a: Nile|Ice Beam|p2a: Gourgeist\n|-supereffective|p2a: Gourgeist\n|-damage|p2a: Gourgeist|0 fnt\n|faint|p2a: Gourgeist\n|\n|upkeep\n|\n|t:|1700945317\n|switch|p2a: Mabosstiff|Mabosstiff, F|100\/100\n|turn|20\n|\n|t:|1700945325\n|move|p1a: Nile|Tri Attack|p2a: Mabosstiff\n|-damage|p2a: Mabosstiff|9\/100\n|move|p2a: Mabosstiff|Crunch|p1a: Nile\n|-damage|p1a: Nile|39\/100\n|-unboost|p1a: Nile|def|1\n|\n|upkeep\n|turn|21\n|\n|t:|1700945333\n|move|p1a: Nile|Tri Attack|p2a: Mabosstiff\n|-damage|p2a: Mabosstiff|0 fnt\n|faint|p2a: Mabosstiff\n|\n|upkeep\n|\n|t:|1700945343\n|switch|p2a: Heatran|Heatran, M, tera:Fire|100\/100\n|turn|22\n|\n|t:|1700945350\n|move|p2a: Heatran|Dark Pulse|p1a: Nile\n|-damage|p1a: Nile|17\/100\n|move|p1a: Nile|Tri Attack|p2a: Heatran\n|-damage|p2a: Heatran|14\/100\n|\n|upkeep\n|turn|23\n|\n|t:|1700945361\n|move|p1a: Nile|Protect|p1a: Nile\n|-singleturn|p1a: Nile|Protect\n|move|p2a: Heatran|Dark Pulse|p1a: Nile\n|-activate|p1a: Nile|move: Protect\n|\n|upkeep\n|turn|24\n|\n|t:|1700945371\n|move|p2a: Heatran|Dark Pulse|p1a: Nile\n|-damage|p1a: Nile|0 fnt\n|faint|p1a: Nile\n|\n|upkeep\n|\n|t:|1700945401\n|switch|p1a: DiscoBall|Blacephalon, shiny|100\/100\n|turn|25\n|\n|t:|1700945407\n|-terastallize|p1a: DiscoBall|Fire\n|move|p1a: DiscoBall|Dark Pulse|p2a: Heatran\n|-damage|p2a: Heatran|0 fnt\n|faint|p2a: Heatran\n|-ability|p1a: DiscoBall|Beast Boost|boost\n|-boost|p1a: DiscoBall|spa|1\n|\n|upkeep\n|\n|t:|1700945419\n|switch|p2a: Aerodactyl|Aerodactyl, F|100\/100\n|-ability|p2a: Aerodactyl|Pressure\n|turn|26\n|\n|t:|1700945426\n|move|p1a: DiscoBall|Dark Pulse|p2a: Aerodactyl\n|-damage|p2a: Aerodactyl|37\/100\n|move|p2a: Aerodactyl|Earthquake|p1a: DiscoBall\n|-supereffective|p1a: DiscoBall\n|-damage|p1a: DiscoBall|0 fnt\n|faint|p1a: DiscoBall\n|-damage|p2a: Aerodactyl|27\/100|[from] item: Life Orb\n|\n|upkeep\n|\n|t:|1700945438\n|switch|p1a: Big D|Dragonite, F|100\/100\n|turn|27\n|\n|t:|1700945452\n|move|p2a: Aerodactyl|Rock Slide|p1a: Big D\n|-supereffective|p1a: Big D\n|-damage|p1a: Big D|55\/100\n|-damage|p2a: Aerodactyl|17\/100|[from] item: Life Orb\n|move|p1a: Big D|Dragon Claw|p2a: Aerodactyl\n|-damage|p2a: Aerodactyl|0 fnt\n|faint|p2a: Aerodactyl\n|\n|upkeep\n|\n|t:|1700945463\n|switch|p2a: Slowbro|Slowbro, F|100\/100\n|turn|28\n|\n|t:|1700945466\n|switch|p1a: Dracula|Gliscor, M|47\/100 tox\n|move|p2a: Slowbro|Ice Beam|p1a: Dracula\n|-supereffective|p1a: Dracula\n|-damage|p1a: Dracula|0 fnt\n|faint|p1a: Dracula\n|\n|upkeep\n|\n|t:|1700945471\n|switch|p1a: Big D|Dragonite, F|55\/100\n|turn|29\n|c|\u2606Gumo1988|Gg\n|c|\u2606KingFlux|gg\n|\n|t:|1700945479\n|move|p1a: Big D|Dual Wingbeat|p2a: Slowbro\n|-damage|p2a: Slowbro|80\/100\n|-damage|p1a: Big D|39\/100|[from] item: Rocky Helmet|[of] p2a: Slowbro\n|-damage|p2a: Slowbro|62\/100\n|-damage|p1a: Big D|22\/100|[from] item: Rocky Helmet|[of] p2a: Slowbro\n|-hitcount|p2a: Slowbro|2\n|move|p2a: Slowbro|Ice Beam|p1a: Big D\n|-supereffective|p1a: Big D\n|-crit|p1a: Big D\n|-damage|p1a: Big D|0 fnt\n|faint|p1a: Big D\n|\n|win|Gumo1988\n|raw|KingFlux's rating: 1133 &rarr; <strong>1106<\/strong><br \/>(-27 for losing)\n|raw|Gumo1988's rating: 1102 &rarr; <strong>1129<\/strong><br \/>(+27 for winning)\n|l|\u2606KingFlux\n","uploadtime":1700945578,"views":20,"p1id":"kingflux","p2id":"gumo1988","formatid":"gen9nationaldex","rating":1106,"private":0,"password":""}