{"id":"gen9nationaldex-1997742495","p1":"Ducky3203","p2":"CHI balance builds","format":"[Gen 9] National Dex","log":"|html|<div class=\"broadcast-blue\"><strong>[Gen 9] National Dex is currently suspecting Sneasler! For information on how to participate check out the <a href=\"https:\/\/www.smogon.com\/forums\/threads\/sv-national-dex-suspect-8-just-dance.3731534\/\">suspect thread<\/a>.<\/strong><\/div>\n|j|\u2606Ducky3203\n|j|\u2606CHI balance builds\n|t:|1700847862\n|gametype|singles\n|player|p1|Ducky3203|plasmagrunt|1486\n|player|p2|CHI balance builds|ariana|1564\n|teamsize|p1|6\n|teamsize|p2|6\n|gen|9\n|tier|[Gen 9] National Dex\n|rated|\n|rule|HP Percentage Mod: HP is shown in percentages\n|rule|Endless Battle Clause: Forcing endless battles is banned\n|rule|OHKO Clause: OHKO moves are banned\n|rule|Evasion Clause: Evasion abilities, items, and moves are banned\n|rule|Evasion Abilities Clause: Evasion abilities are banned\n|rule|Evasion Items Clause: Evasion items are banned\n|rule|Evasion Moves Clause: Evasion moves are banned\n|rule|Species Clause: Limit one of each Pok\u00e9mon\n|rule|Sleep Clause Mod: Limit one foe put to sleep\n|clearpoke\n|poke|p1|Skarmory, F|\n|poke|p1|Tapu Lele|\n|poke|p1|Banette, F|\n|poke|p1|Alomomola, F|\n|poke|p1|Crawdaunt, F|\n|poke|p1|Thundurus-Therian, M|\n|poke|p2|Scizor, F|\n|poke|p2|Garchomp, F|\n|poke|p2|Zeraora|\n|poke|p2|Skeledirge, F|\n|poke|p2|Slowking-Galar, F|\n|poke|p2|Samurott-Hisui, F|\n|teampreview\n|inactive|Battle timer is ON: inactive players will automatically lose when time's up. (requested by Ducky3203)\n|\n|t:|1700847882\n|start\n|switch|p1a: Crawdaunt|Crawdaunt, F|100\/100\n|switch|p2a: Zeraora|Zeraora|100\/100\n|turn|1\n|\n|t:|1700847892\n|move|p2a: Zeraora|Volt Switch|p1a: Crawdaunt\n|-supereffective|p1a: Crawdaunt\n|-enditem|p1a: Crawdaunt|Focus Sash\n|-damage|p1a: Crawdaunt|1\/100\n|\n|t:|1700847895\n|switch|p2a: Garchomp|Garchomp, F|100\/100|[from] Volt Switch\n|move|p1a: Crawdaunt|Knock Off|p2a: Garchomp\n|-damage|p2a: Garchomp|53\/100\n|-damage|p1a: Crawdaunt|0 fnt|[from] ability: Rough Skin|[of] p2a: Garchomp\n|faint|p1a: Crawdaunt\n|\n|upkeep\n|\n|t:|1700847906\n|switch|p1a: Banette|Banette, F|100\/100\n|turn|2\n|\n|t:|1700847908\n|detailschange|p1a: Banette|Banette-Mega, F\n|-mega|p1a: Banette|Banette|Banettite\n|move|p2a: Garchomp|Stealth Rock|p1a: Banette\n|-sidestart|p1: Ducky3203|move: Stealth Rock\n|move|p1a: Banette|Poltergeist|p2a: Garchomp|[miss]\n|-miss|p1a: Banette|p2a: Garchomp\n|\n|upkeep\n|turn|3\n|\n|t:|1700847914\n|move|p1a: Banette|Will-O-Wisp|p2a: Garchomp\n|-status|p2a: Garchomp|brn\n|-zpower|p2a: Garchomp\n|move|p2a: Garchomp|Devastating Drake|p1a: Banette|[zeffect]\n|-damage|p1a: Banette|40\/100\n|\n|-damage|p2a: Garchomp|47\/100 brn|[from] brn\n|upkeep\n|turn|4\n|\n|t:|1700847920\n|switch|p1a: Skarmory|Skarmory, F|100\/100\n|-damage|p1a: Skarmory|88\/100|[from] Stealth Rock\n|move|p2a: Garchomp|Outrage|p1a: Skarmory\n|-resisted|p1a: Skarmory\n|-damage|p1a: Skarmory|79\/100\n|-damage|p2a: Garchomp|31\/100 brn|[from] item: Rocky Helmet|[of] p1a: Skarmory\n|\n|-damage|p2a: Garchomp|25\/100 brn|[from] brn\n|upkeep\n|turn|5\n|\n|t:|1700847923\n|move|p2a: Garchomp|Outrage|p1a: Skarmory|[from]lockedmove\n|-resisted|p1a: Skarmory\n|-damage|p1a: Skarmory|68\/100\n|-damage|p2a: Garchomp|8\/100 brn|[from] item: Rocky Helmet|[of] p1a: Skarmory\n|-start|p2a: Garchomp|confusion|[fatigue]\n|move|p1a: Skarmory|Defog|p2a: Garchomp\n|-unboost|p2a: Garchomp|evasion|1\n|-sideend|p1: Ducky3203|Stealth Rock|[from] move: Defog|[of] p1a: Skarmory\n|\n|-damage|p2a: Garchomp|2\/100 brn|[from] brn\n|upkeep\n|turn|6\n|\n|t:|1700847925\n|-activate|p2a: Garchomp|confusion\n|move|p2a: Garchomp|Stealth Rock|p1a: Skarmory\n|-sidestart|p1: Ducky3203|move: Stealth Rock\n|move|p1a: Skarmory|Roost|p1a: Skarmory\n|-heal|p1a: Skarmory|100\/100\n|-singleturn|p1a: Skarmory|move: Roost\n|\n|-damage|p2a: Garchomp|0 fnt|[from] brn\n|faint|p2a: Garchomp\n|upkeep\n|\n|t:|1700847929\n|switch|p2a: Skeledirge|Skeledirge, F|100\/100\n|turn|7\n|\n|t:|1700847935\n|switch|p1a: Alomomola|Alomomola, F|100\/100\n|move|p2a: Skeledirge|Torch Song|p1a: Alomomola\n|-resisted|p1a: Alomomola\n|-damage|p1a: Alomomola|84\/100\n|-boost|p2a: Skeledirge|spa|1\n|\n|upkeep\n|turn|8\n|\n|t:|1700847942\n|switch|p2a: Slowking|Slowking-Galar, F|100\/100\n|move|p1a: Alomomola|Toxic|p2a: Slowking|[miss]\n|-miss|p1a: Alomomola|p2a: Slowking\n|\n|upkeep\n|turn|9\n|\n|t:|1700847951\n|move|p1a: Alomomola|Wish|p1a: Alomomola\n|move|p2a: Slowking|Future Sight|p1a: Alomomola\n|-start|p2a: Slowking|move: Future Sight\n|\n|upkeep\n|turn|10\n|\n|t:|1700847953\n|move|p1a: Alomomola|Flip Turn|p2a: Slowking\n|-damage|p2a: Slowking|83\/100\n|\n|t:|1700847955\n|switch|p1a: Banette|Banette-Mega, F|40\/100|[from] Flip Turn\n|-damage|p1a: Banette|28\/100|[from] Stealth Rock\n|move|p2a: Slowking|Chilly Reception|p2a: Slowking\n|-weather|Snow\n|\n|t:|1700847958\n|switch|p2a: Samurott|Samurott-Hisui, F|100\/100|[from] Chilly Reception\n|\n|-weather|Snow|[upkeep]\n|-heal|p1a: Banette|100\/100|[from] move: Wish|[wisher] Alomomola\n|upkeep\n|turn|11\n|\n|t:|1700847965\n|switch|p1a: Skarmory|Skarmory, F|100\/100\n|-damage|p1a: Skarmory|88\/100|[from] Stealth Rock\n|move|p2a: Samurott|Flip Turn|p1a: Skarmory\n|-damage|p1a: Skarmory|71\/100\n|-damage|p2a: Samurott|84\/100|[from] item: Rocky Helmet|[of] p1a: Skarmory\n|\n|t:|1700847968\n|switch|p2a: Zeraora|Zeraora|100\/100|[from] Flip Turn\n|\n|-weather|Snow|[upkeep]\n|-end|p1a: Skarmory|move: Future Sight\n|-resisted|p1a: Skarmory\n|-damage|p1a: Skarmory|42\/100\n|upkeep\n|turn|12\n|\n|t:|1700847973\n|switch|p1a: Thundurus|Thundurus-Therian, M|100\/100\n|move|p2a: Zeraora|Hidden Power|p1a: Thundurus\n|-supereffective|p1a: Thundurus\n|-damage|p1a: Thundurus|57\/100\n|\n|-weather|Snow|[upkeep]\n|upkeep\n|turn|13\n|\n|t:|1700847978\n|switch|p2a: Slowking|Slowking-Galar, F|100\/100\n|move|p1a: Thundurus|Psychic|p2a: Slowking\n|-damage|p2a: Slowking|81\/100\n|\n|-weather|Snow|[upkeep]\n|upkeep\n|turn|14\n|\n|t:|1700847982\n|move|p1a: Thundurus|Volt Switch|p2a: Slowking\n|-damage|p2a: Slowking|57\/100\n|\n|t:|1700847984\n|switch|p1a: Alomomola|Alomomola, F|100\/100|[from] Volt Switch\n|move|p2a: Slowking|Chilly Reception|p2a: Slowking\n|\n|t:|1700847986\n|switch|p2a: Zeraora|Zeraora|100\/100|[from] Chilly Reception\n|\n|-weather|none\n|upkeep\n|turn|15\n|\n|t:|1700847990\n|move|p1a: Alomomola|Protect|p1a: Alomomola\n|-singleturn|p1a: Alomomola|Protect\n|move|p2a: Zeraora|Plasma Fists|p1a: Alomomola\n|-activate|p1a: Alomomola|move: Protect\n|\n|upkeep\n|turn|16\n|\n|t:|1700847995\n|move|p2a: Zeraora|Plasma Fists|p1a: Alomomola\n|-supereffective|p1a: Alomomola\n|-damage|p1a: Alomomola|32\/100\n|-fieldactivate|move: Ion Deluge\n|-hint|Normal-type moves become Electric-type after using Plasma Fists.\n|move|p1a: Alomomola|Wish|p1a: Alomomola\n|\n|upkeep\n|turn|17\n|\n|t:|1700848009\n|move|p1a: Alomomola|Protect|p1a: Alomomola\n|-singleturn|p1a: Alomomola|Protect\n|move|p2a: Zeraora|Volt Switch|p1a: Alomomola\n|-activate|p1a: Alomomola|move: Protect\n|\n|-heal|p1a: Alomomola|82\/100|[from] move: Wish|[wisher] Alomomola\n|upkeep\n|turn|18\n|\n|t:|1700848019\n|switch|p2a: Slowking|Slowking-Galar, F|90\/100\n|switch|p1a: Thundurus|Thundurus-Therian, M|57\/100\n|\n|upkeep\n|turn|19\n|\n|t:|1700848024\n|move|p1a: Thundurus|Volt Switch|p2a: Slowking\n|-damage|p2a: Slowking|68\/100\n|\n|t:|1700848027\n|switch|p1a: Skarmory|Skarmory, F|42\/100|[from] Volt Switch\n|-damage|p1a: Skarmory|30\/100|[from] Stealth Rock\n|move|p2a: Slowking|Chilly Reception|p2a: Slowking\n|-weather|Snow\n|\n|t:|1700848030\n|switch|p2a: Samurott|Samurott-Hisui, F|84\/100|[from] Chilly Reception\n|\n|-weather|Snow|[upkeep]\n|upkeep\n|turn|20\n|\n|t:|1700848033\n|move|p2a: Samurott|Ceaseless Edge|p1a: Skarmory\n|-damage|p1a: Skarmory|4\/100\n|-damage|p2a: Samurott|67\/100|[from] item: Rocky Helmet|[of] p1a: Skarmory\n|-sidestart|p1: Ducky3203|Spikes\n|move|p1a: Skarmory|Roost|p1a: Skarmory\n|-heal|p1a: Skarmory|54\/100\n|-singleturn|p1a: Skarmory|move: Roost\n|\n|-weather|Snow|[upkeep]\n|upkeep\n|turn|21\n|\n|t:|1700848039\n|switch|p2a: Zeraora|Zeraora|100\/100\n|move|p1a: Skarmory|Defog|p2a: Zeraora\n|-unboost|p2a: Zeraora|evasion|1\n|-sideend|p1: Ducky3203|Spikes|[from] move: Defog|[of] p1a: Skarmory\n|-sideend|p1: Ducky3203|Stealth Rock|[from] move: Defog|[of] p1a: Skarmory\n|\n|-weather|Snow|[upkeep]\n|upkeep\n|turn|22\n|\n|t:|1700848046\n|switch|p1a: Thundurus|Thundurus-Therian, M|57\/100\n|move|p2a: Zeraora|Close Combat|p1a: Thundurus\n|-resisted|p1a: Thundurus\n|-damage|p1a: Thundurus|27\/100\n|-unboost|p2a: Zeraora|def|1\n|-unboost|p2a: Zeraora|spd|1\n|\n|-weather|Snow|[upkeep]\n|upkeep\n|turn|23\n|\n|t:|1700848056\n|move|p2a: Zeraora|Close Combat|p1a: Thundurus\n|-resisted|p1a: Thundurus\n|-damage|p1a: Thundurus|0 fnt\n|-unboost|p2a: Zeraora|def|1\n|-unboost|p2a: Zeraora|spd|1\n|faint|p1a: Thundurus\n|\n|-weather|none\n|upkeep\n|\n|t:|1700848059\n|switch|p1a: Banette|Banette-Mega, F|100\/100\n|turn|24\n|\n|t:|1700848063\n|move|p2a: Zeraora|Volt Switch|p1a: Banette\n|-damage|p1a: Banette|72\/100\n|\n|t:|1700848066\n|switch|p2a: Scizor|Scizor, F|100\/100|[from] Volt Switch\n|move|p1a: Banette|Poltergeist|p2a: Scizor\n|-activate|p2a: Scizor|move: Poltergeist|Scizorite\n|-damage|p2a: Scizor|44\/100\n|\n|upkeep\n|turn|25\n|\n|t:|1700848075\n|detailschange|p2a: Scizor|Scizor-Mega, F\n|-mega|p2a: Scizor|Scizor|Scizorite\n|move|p2a: Scizor|Bullet Punch|p1a: Banette\n|-damage|p1a: Banette|35\/100\n|move|p1a: Banette|Will-O-Wisp|p2a: Scizor\n|-status|p2a: Scizor|brn\n|\n|-damage|p2a: Scizor|38\/100 brn|[from] brn\n|upkeep\n|turn|26\n|\n|t:|1700848081\n|switch|p1a: Alomomola|Alomomola, F|100\/100\n|move|p2a: Scizor|Roost|p2a: Scizor\n|-heal|p2a: Scizor|88\/100 brn\n|-singleturn|p2a: Scizor|move: Roost\n|\n|-damage|p2a: Scizor|82\/100 brn|[from] brn\n|upkeep\n|turn|27\n|\n|t:|1700848083\n|switch|p2a: Slowking|Slowking-Galar, F|100\/100\n|move|p1a: Alomomola|Wish|p1a: Alomomola\n|\n|upkeep\n|turn|28\n|\n|t:|1700848090\n|move|p1a: Alomomola|Flip Turn|p2a: Slowking\n|-damage|p2a: Slowking|83\/100\n|\n|t:|1700848093\n|switch|p1a: Banette|Banette-Mega, F|35\/100|[from] Flip Turn\n|move|p2a: Slowking|Chilly Reception|p2a: Slowking\n|-weather|Snow\n|\n|t:|1700848095\n|switch|p2a: Samurott|Samurott-Hisui, F|67\/100|[from] Chilly Reception\n|\n|-weather|Snow|[upkeep]\n|-heal|p1a: Banette|100\/100|[from] move: Wish|[wisher] Alomomola\n|upkeep\n|turn|29\n|\n|t:|1700848105\n|switch|p1a: Skarmory|Skarmory, F|54\/100\n|-terastallize|p2a: Samurott|Dark\n|move|p2a: Samurott|Ceaseless Edge|p1a: Skarmory\n|-damage|p1a: Skarmory|21\/100\n|-damage|p2a: Samurott|51\/100|[from] item: Rocky Helmet|[of] p1a: Skarmory\n|-sidestart|p1: Ducky3203|Spikes\n|\n|-weather|Snow|[upkeep]\n|upkeep\n|turn|30\n|\n|t:|1700848112\n|move|p2a: Samurott|Ceaseless Edge|p1a: Skarmory\n|-damage|p1a: Skarmory|0 fnt\n|-damage|p2a: Samurott|34\/100|[from] item: Rocky Helmet|[of] p1a: Skarmory\n|-sidestart|p1: Ducky3203|Spikes\n|faint|p1a: Skarmory\n|\n|-weather|Snow|[upkeep]\n|upkeep\n|\n|t:|1700848118\n|switch|p1a: Tapu Lele|Tapu Lele|100\/100\n|-damage|p1a: Tapu Lele|84\/100|[from] Spikes\n|-fieldstart|move: Psychic Terrain|[from] ability: Psychic Surge|[of] p1a: Tapu Lele\n|turn|31\n|\n|t:|1700848121\n|switch|p2a: Slowking|Slowking-Galar, F|100\/100\n|move|p1a: Tapu Lele|Thunderbolt|p2a: Slowking\n|-damage|p2a: Slowking|82\/100\n|\n|-weather|Snow|[upkeep]\n|upkeep\n|turn|32\n|\n|t:|1700848127\n|switch|p1a: Banette|Banette-Mega, F|100\/100\n|-damage|p1a: Banette|84\/100|[from] Spikes\n|move|p2a: Slowking|Future Sight|p1a: Banette\n|-start|p2a: Slowking|move: Future Sight\n|\n|-weather|none\n|upkeep\n|turn|33\n|\n|t:|1700848142\n|switch|p2a: Scizor|Scizor-Mega, F|82\/100 brn\n|move|p1a: Banette|Poltergeist|p2a: Scizor\n|-activate|p2a: Scizor|move: Poltergeist|Scizorite\n|-crit|p2a: Scizor\n|-damage|p2a: Scizor|18\/100 brn\n|\n|-damage|p2a: Scizor|12\/100 brn|[from] brn\n|upkeep\n|turn|34\n|\n|t:|1700848151\n|move|p2a: Scizor|Roost|p2a: Scizor\n|-heal|p2a: Scizor|62\/100 brn\n|-singleturn|p2a: Scizor|move: Roost\n|move|p1a: Banette|Poltergeist|p2a: Scizor\n|-activate|p2a: Scizor|move: Poltergeist|Scizorite\n|-damage|p2a: Scizor|14\/100 brn\n|\n|-end|p1a: Banette|move: Future Sight\n|-damage|p1a: Banette|15\/100\n|-damage|p2a: Scizor|8\/100 brn|[from] brn\n|upkeep\n|turn|35\n|\n|t:|1700848163\n|move|p2a: Scizor|Roost|p2a: Scizor\n|-heal|p2a: Scizor|58\/100 brn\n|-singleturn|p2a: Scizor|move: Roost\n|move|p1a: Banette|Poltergeist|p2a: Scizor\n|-activate|p2a: Scizor|move: Poltergeist|Scizorite\n|-damage|p2a: Scizor|15\/100 brn\n|\n|-damage|p2a: Scizor|9\/100 brn|[from] brn\n|-fieldend|move: Psychic Terrain\n|upkeep\n|turn|36\n|\n|t:|1700848166\n|switch|p1a: Alomomola|Alomomola, F|100\/100\n|move|p2a: Scizor|Bullet Punch|p1a: Alomomola\n|-resisted|p1a: Alomomola\n|-damage|p1a: Alomomola|96\/100\n|\n|-damage|p2a: Scizor|3\/100 brn|[from] brn\n|upkeep\n|turn|37\n|\n|t:|1700848168\n|move|p2a: Scizor|Roost|p2a: Scizor\n|-heal|p2a: Scizor|53\/100 brn\n|-singleturn|p2a: Scizor|move: Roost\n|move|p1a: Alomomola|Wish|p1a: Alomomola\n|\n|-damage|p2a: Scizor|46\/100 brn|[from] brn\n|upkeep\n|turn|38\n|\n|t:|1700848169\n|move|p2a: Scizor|Roost|p2a: Scizor\n|-heal|p2a: Scizor|96\/100 brn\n|-singleturn|p2a: Scizor|move: Roost\n|move|p1a: Alomomola|Flip Turn|p2a: Scizor\n|-damage|p2a: Scizor|87\/100 brn\n|\n|t:|1700848172\n|switch|p1a: Banette|Banette-Mega, F|15\/100|[from] Flip Turn\n|-damage|p1a: Banette|0 fnt|[from] Spikes\n|faint|p1a: Banette\n|\n|-damage|p2a: Scizor|80\/100 brn|[from] brn\n|upkeep\n|-message|Ducky3203 forfeited.\n|\n|win|CHI balance builds\n|raw|Ducky3203's rating: 1486 &rarr; <strong>1470<\/strong><br \/>(-16 for losing)\n|raw|CHI balance builds's rating: 1564 &rarr; <strong>1580<\/strong><br \/>(+16 for winning)\n|l|\u2606Ducky3203\n","uploadtime":1700848189,"views":0,"p1id":"ducky3203","p2id":"chibalancebuilds","formatid":"gen9nationaldex","rating":1470,"private":0,"password":""}