{"id":"gen9nationaldex-1989537657","p1":"f0ssiltruffle","p2":"Attilamaster","format":"[Gen 9] National Dex","log":"|j|\u2606f0ssiltruffle\n|j|\u2606Attilamaster\n|t:|1699867723\n|gametype|singles\n|player|p1|f0ssiltruffle|170|1100\n|player|p2|Attilamaster|gentleman-gen4|1068\n|teamsize|p1|6\n|teamsize|p2|6\n|gen|9\n|tier|[Gen 9] National Dex\n|rated|\n|rule|HP Percentage Mod: HP is shown in percentages\n|rule|Endless Battle Clause: Forcing endless battles is banned\n|rule|OHKO Clause: OHKO moves are banned\n|rule|Evasion Clause: Evasion abilities, items, and moves are banned\n|rule|Evasion Abilities Clause: Evasion abilities are banned\n|rule|Evasion Items Clause: Evasion items are banned\n|rule|Evasion Moves Clause: Evasion moves are banned\n|rule|Species Clause: Limit one of each Pok\u00e9mon\n|rule|Sleep Clause Mod: Limit one foe put to sleep\n|clearpoke\n|poke|p1|Ogerpon-Wellspring, F|\n|poke|p1|Ceruledge, F|\n|poke|p1|Dracozolt|\n|poke|p1|Iron Treads|\n|poke|p1|Scizor, M|\n|poke|p1|Ferrothorn, F|\n|poke|p2|Mimikyu, F|\n|poke|p2|Heracross, M|\n|poke|p2|Hydreigon, M|\n|poke|p2|Xurkitree|\n|poke|p2|Banette, F|\n|poke|p2|Drapion, F|\n|teampreview\n|\n|t:|1699867734\n|start\n|switch|p1a: Anti meme (again)|Scizor, M|100\/100\n|switch|p2a: Hydreigon|Hydreigon, M|100\/100\n|turn|1\n|\n|t:|1699867744\n|detailschange|p1a: Anti meme (again)|Scizor-Mega, M\n|-mega|p1a: Anti meme (again)|Scizor|Scizorite\n|move|p2a: Hydreigon|Nasty Plot|p2a: Hydreigon\n|-boost|p2a: Hydreigon|spa|2\n|move|p1a: Anti meme (again)|Swords Dance|p1a: Anti meme (again)\n|-boost|p1a: Anti meme (again)|atk|2\n|\n|upkeep\n|turn|2\n|\n|t:|1699867751\n|move|p2a: Hydreigon|Flamethrower|p1a: Anti meme (again)\n|-supereffective|p1a: Anti meme (again)\n|-damage|p1a: Anti meme (again)|0 fnt\n|faint|p1a: Anti meme (again)\n|\n|upkeep\n|inactive|Battle timer is ON: inactive players will automatically lose when time's up. (requested by Attilamaster)\n|\n|t:|1699867766\n|switch|p1a: Matthew|Iron Treads|100\/100\n|-enditem|p1a: Matthew|Booster Energy\n|-activate|p1a: Matthew|ability: Quark Drive|[fromitem]\n|-start|p1a: Matthew|quarkdrivespe\n|turn|3\n|\n|t:|1699867772\n|move|p1a: Matthew|Earthquake|p2a: Hydreigon\n|-immune|p2a: Hydreigon|[from] ability: Levitate\n|move|p2a: Hydreigon|Flamethrower|p1a: Matthew\n|-supereffective|p1a: Matthew\n|-damage|p1a: Matthew|0 fnt\n|faint|p1a: Matthew\n|-end|p1a: Matthew|Quark Drive|[silent]\n|\n|upkeep\n|\n|t:|1699867779\n|switch|p1a: Biggest bord|Dracozolt|100\/100\n|turn|4\n|\n|t:|1699867785\n|move|p1a: Biggest bord|Outrage|p2a: Hydreigon\n|-supereffective|p2a: Hydreigon\n|-enditem|p2a: Hydreigon|Focus Sash\n|-damage|p2a: Hydreigon|1\/100\n|move|p2a: Hydreigon|Dragon Pulse|p1a: Biggest bord\n|-supereffective|p1a: Biggest bord\n|-damage|p1a: Biggest bord|0 fnt\n|faint|p1a: Biggest bord\n|\n|upkeep\n|\n|t:|1699867790\n|switch|p1a: Anti meme|Ceruledge, F|100\/100\n|turn|5\n|\n|t:|1699867798\n|move|p1a: Anti meme|Shadow Sneak|p2a: Hydreigon\n|-resisted|p2a: Hydreigon\n|-crit|p2a: Hydreigon\n|-damage|p2a: Hydreigon|0 fnt\n|faint|p2a: Hydreigon\n|\n|upkeep\n|\n|t:|1699867804\n|switch|p2a: Mimikyu|Mimikyu, F|100\/100\n|turn|6\n|\n|t:|1699867809\n|move|p1a: Anti meme|Shadow Sneak|p2a: Mimikyu\n|-activate|p2a: Mimikyu|ability: Disguise\n|-damage|p2a: Mimikyu|100\/100\n|detailschange|p2a: Mimikyu|Mimikyu-Busted, F\n|-damage|p2a: Mimikyu|88\/100|[from] pokemon: Mimikyu-Busted\n|move|p2a: Mimikyu|Swords Dance|p2a: Mimikyu\n|-boost|p2a: Mimikyu|atk|2\n|\n|upkeep\n|turn|7\n|\n|t:|1699867817\n|move|p2a: Mimikyu|Shadow Sneak|p1a: Anti meme\n|-supereffective|p1a: Anti meme\n|-damage|p1a: Anti meme|17\/100\n|move|p1a: Anti meme|Shadow Claw|p2a: Mimikyu\n|-supereffective|p2a: Mimikyu\n|-damage|p2a: Mimikyu|0 fnt\n|faint|p2a: Mimikyu\n|\n|-heal|p1a: Anti meme|24\/100|[from] item: Leftovers\n|upkeep\n|\n|t:|1699867826\n|switch|p2a: Xurkitree|Xurkitree|100\/100\n|turn|8\n|\n|t:|1699867829\n|move|p2a: Xurkitree|Tail Glow|p2a: Xurkitree\n|-boost|p2a: Xurkitree|spa|3\n|move|p1a: Anti meme|Bitter Blade|p2a: Xurkitree\n|-damage|p2a: Xurkitree|38\/100\n|-heal|p1a: Anti meme|51\/100|[from] drain|[of] p2a: Xurkitree\n|\n|-heal|p1a: Anti meme|57\/100|[from] item: Leftovers\n|upkeep\n|turn|9\n|\n|t:|1699867837\n|move|p2a: Xurkitree|Thunderbolt|p1a: Anti meme\n|-damage|p1a: Anti meme|0 fnt\n|faint|p1a: Anti meme\n|-ability|p2a: Xurkitree|Beast Boost|boost\n|-boost|p2a: Xurkitree|spa|1\n|\n|upkeep\n|\n|t:|1699867841\n|switch|p1a: P@ssimiun|Ogerpon-Wellspring, F|100\/100\n|turn|10\n|\n|t:|1699867849\n|-terastallize|p1a: P@ssimiun|Water\n|detailschange|p1a: P@ssimiun|Ogerpon-Wellspring-Tera, F, tera:Water\n|-ability|p1a: P@ssimiun|Embody Aspect (Wellspring)|boost\n|-boost|p1a: P@ssimiun|spd|1\n|move|p1a: P@ssimiun|Ivy Cudgel|p2a: Xurkitree\n|-damage|p2a: Xurkitree|0 fnt\n|faint|p2a: Xurkitree\n|\n|upkeep\n|\n|t:|1699867857\n|switch|p2a: Drapion|Drapion, F|100\/100\n|turn|11\n|\n|t:|1699867863\n|move|p1a: P@ssimiun|Ivy Cudgel|p2a: Drapion\n|-damage|p2a: Drapion|17\/100\n|move|p2a: Drapion|Return|p1a: P@ssimiun\n|-damage|p1a: P@ssimiun|62\/100\n|\n|upkeep\n|turn|12\n|\n|t:|1699867868\n|move|p1a: P@ssimiun|Ivy Cudgel|p2a: Drapion\n|-damage|p2a: Drapion|0 fnt\n|faint|p2a: Drapion\n|\n|upkeep\n|\n|t:|1699867875\n|switch|p2a: Banette|Banette, F|100\/100\n|turn|13\n|\n|t:|1699867881\n|detailschange|p2a: Banette|Banette-Mega, F\n|-mega|p2a: Banette|Banette|Banettite\n|move|p1a: P@ssimiun|U-turn|p2a: Banette\n|-resisted|p2a: Banette\n|-damage|p2a: Banette|82\/100\n|\n|t:|1699867886\n|switch|p1a: Big metal balls|Ferrothorn, F|100\/100|[from] U-turn\n|move|p2a: Banette|Poltergeist|p1a: Big metal balls\n|-activate|p1a: Big metal balls|move: Poltergeist|Leftovers\n|-damage|p1a: Big metal balls|54\/100\n|\n|-heal|p1a: Big metal balls|61\/100|[from] item: Leftovers\n|upkeep\n|turn|14\n|\n|t:|1699867894\n|move|p2a: Banette|Swords Dance|p2a: Banette\n|-boost|p2a: Banette|atk|2\n|move|p1a: Big metal balls|Knock Off|p2a: Banette\n|-supereffective|p2a: Banette\n|-damage|p2a: Banette|31\/100\n|\n|-heal|p1a: Big metal balls|67\/100|[from] item: Leftovers\n|upkeep\n|turn|15\n|\n|t:|1699867902\n|move|p2a: Banette|Poltergeist|p1a: Big metal balls\n|-activate|p1a: Big metal balls|move: Poltergeist|Leftovers\n|-damage|p1a: Big metal balls|0 fnt\n|faint|p1a: Big metal balls\n|\n|upkeep\n|\n|t:|1699867906\n|switch|p1a: P@ssimiun|Ogerpon-Wellspring-Tera, F, tera:Water|62\/100\n|-ability|p1a: P@ssimiun|Embody Aspect (Wellspring)|boost\n|-boost|p1a: P@ssimiun|spd|1\n|turn|16\n|\n|t:|1699867912\n|move|p1a: P@ssimiun|Ivy Cudgel|p2a: Banette\n|-damage|p2a: Banette|0 fnt\n|faint|p2a: Banette\n|\n|upkeep\n|\n|t:|1699867916\n|switch|p2a: Heracross|Heracross, M|100\/100\n|turn|17\n|\n|t:|1699867921\n|move|p1a: P@ssimiun|Ivy Cudgel|p2a: Heracross\n|-damage|p2a: Heracross|0 fnt\n|faint|p2a: Heracross\n|\n|win|f0ssiltruffle\n|raw|f0ssiltruffle's rating: 1100 &rarr; <strong>1123<\/strong><br \/>(+23 for winning)\n|raw|Attilamaster's rating: 1068 &rarr; <strong>1050<\/strong><br \/>(-18 for losing)\n|l|\u2606Attilamaster\n","uploadtime":1699868079,"views":10,"p1id":"f0ssiltruffle","p2id":"attilamaster","formatid":"gen9nationaldex","rating":1050,"private":0,"password":""}