{"id":"gen9nationaldex-1999477058","p1":"Deathbang","p2":"retereereeeree","format":"[Gen 9] National Dex","log":"|html|<div class=\"broadcast-blue\"><strong>[Gen 9] National Dex is currently suspecting Sneasler! For information on how to participate check out the <a href=\"https:\/\/www.smogon.com\/forums\/threads\/sv-national-dex-suspect-8-just-dance.3731534\/\">suspect thread<\/a>.<\/strong><\/div>\n|j|\u2606Deathbang\n|j|\u2606retereereeeree\n|t:|1701086454\n|gametype|singles\n|player|p1|Deathbang|swimmerf-gen4|1226\n|player|p2|retereereeeree|2|1246\n|teamsize|p1|6\n|teamsize|p2|6\n|gen|9\n|tier|[Gen 9] National Dex\n|rated|\n|rule|HP Percentage Mod: HP is shown in percentages\n|rule|Endless Battle Clause: Forcing endless battles is banned\n|rule|OHKO Clause: OHKO moves are banned\n|rule|Evasion Clause: Evasion abilities, items, and moves are banned\n|rule|Evasion Abilities Clause: Evasion abilities are banned\n|rule|Evasion Items Clause: Evasion items are banned\n|rule|Evasion Moves Clause: Evasion moves are banned\n|rule|Species Clause: Limit one of each Pok\u00e9mon\n|rule|Sleep Clause Mod: Limit one foe put to sleep\n|clearpoke\n|poke|p1|Beedrill, F|\n|poke|p1|Torkoal, M|\n|poke|p1|Stakataka|\n|poke|p1|Carracosta, F|\n|poke|p1|Wormadam-Trash, F|\n|poke|p1|Rabsca, F|\n|poke|p2|Pawmot, M|\n|poke|p2|Banette, M|\n|poke|p2|Ogerpon-Wellspring, F|\n|poke|p2|Tapu Koko|\n|poke|p2|Sneasler, F|\n|poke|p2|Glimmora, F|\n|teampreview\n|c|\u2606retereereeeree|gl\n|\n|t:|1701086476\n|start\n|switch|p1a: Wormadam|Wormadam-Trash, F|100\/100\n|switch|p2a: Glimmora|Glimmora, F|100\/100\n|turn|1\n|\n|t:|1701086485\n|move|p2a: Glimmora|Stealth Rock|p1a: Wormadam\n|-sidestart|p1: Deathbang|move: Stealth Rock\n|move|p1a: Wormadam|Stealth Rock|p2a: Glimmora\n|-sidestart|p2: retereereeeree|move: Stealth Rock\n|\n|upkeep\n|turn|2\n|\n|t:|1701086496\n|move|p2a: Glimmora|Earth Power|p1a: Wormadam\n|-damage|p1a: Wormadam|80\/100\n|move|p1a: Wormadam|Gyro Ball|p2a: Glimmora\n|-supereffective|p2a: Glimmora\n|-damage|p2a: Glimmora|42\/100\n|-activate|p2a: Glimmora|ability: Toxic Debris\n|-sidestart|p1: Deathbang|move: Toxic Spikes\n|\n|upkeep\n|turn|3\n|\n|t:|1701086504\n|move|p2a: Glimmora|Earth Power|p1a: Wormadam\n|-damage|p1a: Wormadam|61\/100\n|move|p1a: Wormadam|Gyro Ball|p2a: Glimmora\n|-supereffective|p2a: Glimmora\n|-damage|p2a: Glimmora|0 fnt\n|-activate|p2a: Glimmora|ability: Toxic Debris\n|-sidestart|p1: Deathbang|move: Toxic Spikes\n|faint|p2a: Glimmora\n|\n|upkeep\n|\n|t:|1701086515\n|switch|p2a: Tapu Koko|Tapu Koko|100\/100\n|-damage|p2a: Tapu Koko|88\/100|[from] Stealth Rock\n|-fieldstart|move: Electric Terrain|[from] ability: Electric Surge|[of] p2a: Tapu Koko\n|turn|4\n|\n|t:|1701086524\n|move|p2a: Tapu Koko|Reflect|p2a: Tapu Koko\n|-sidestart|p2: retereereeeree|Reflect\n|move|p1a: Wormadam|Endeavor|p2a: Tapu Koko\n|-damage|p2a: Tapu Koko|71\/100\n|\n|upkeep\n|turn|5\n|\n|t:|1701086530\n|move|p2a: Tapu Koko|Light Screen|p2a: Tapu Koko\n|-sidestart|p2: retereereeeree|move: Light Screen\n|move|p1a: Wormadam|Toxic|p2a: Tapu Koko\n|-status|p2a: Tapu Koko|tox\n|\n|-damage|p2a: Tapu Koko|65\/100 tox|[from] psn\n|upkeep\n|turn|6\n|\n|t:|1701086537\n|move|p2a: Tapu Koko|Volt Switch|p1a: Wormadam\n|-damage|p1a: Wormadam|30\/100\n|\n|t:|1701086544\n|switch|p2a: Sneasler|Sneasler, F|100\/100|[from] Volt Switch\n|-damage|p2a: Sneasler|95\/100|[from] Stealth Rock\n|-enditem|p2a: Sneasler|Electric Seed\n|-boost|p2a: Sneasler|def|1|[from] item: Electric Seed\n|move|p1a: Wormadam|Gyro Ball|p2a: Sneasler\n|-damage|p2a: Sneasler|73\/100\n|\n|upkeep\n|turn|7\n|\n|t:|1701086553\n|move|p2a: Sneasler|Swords Dance|p2a: Sneasler\n|-boost|p2a: Sneasler|atk|2\n|move|p1a: Wormadam|Endeavor|p2a: Sneasler\n|-damage|p2a: Sneasler|33\/100\n|\n|upkeep\n|turn|8\n|\n|t:|1701086568\n|move|p2a: Sneasler|Acrobatics|p1a: Wormadam\n|-damage|p1a: Wormadam|0 fnt\n|faint|p1a: Wormadam\n|\n|-fieldend|move: Electric Terrain\n|upkeep\n|\n|t:|1701086571\n|switch|p1a: Torkoal|Torkoal, M|100\/100\n|-damage|p1a: Torkoal|76\/100|[from] Stealth Rock\n|-status|p1a: Torkoal|tox\n|turn|9\n|\n|t:|1701086579\n|-terastallize|p2a: Sneasler|Flying\n|move|p2a: Sneasler|Acrobatics|p1a: Torkoal\n|-damage|p1a: Torkoal|2\/100 tox\n|move|p1a: Torkoal|Rapid Spin|p2a: Sneasler\n|-crit|p2a: Sneasler\n|-damage|p2a: Sneasler|8\/100\n|-boost|p1a: Torkoal|spe|1\n|-sideend|p1: Deathbang|Toxic Spikes|[from] move: Rapid Spin|[of] p1a: Torkoal\n|-sideend|p1: Deathbang|Stealth Rock|[from] move: Rapid Spin|[of] p1a: Torkoal\n|\n|-damage|p1a: Torkoal|0 fnt|[from] psn\n|faint|p1a: Torkoal\n|upkeep\n|\n|t:|1701086595\n|switch|p1a: Rabsca|Rabsca, F|100\/100\n|turn|10\n|\n|t:|1701086599\n|move|p2a: Sneasler|Acrobatics|p1a: Rabsca\n|-supereffective|p1a: Rabsca\n|-enditem|p1a: Rabsca|Focus Sash\n|-damage|p1a: Rabsca|1\/100\n|move|p1a: Rabsca|Trick Room|p1a: Rabsca\n|-fieldstart|move: Trick Room|[of] p1a: Rabsca\n|\n|upkeep\n|turn|11\n|\n|t:|1701086607\n|move|p1a: Rabsca|Psychic|p2a: Sneasler\n|-damage|p2a: Sneasler|0 fnt\n|faint|p2a: Sneasler\n|\n|-sideend|p2: retereereeeree|Reflect\n|upkeep\n|\n|t:|1701086622\n|switch|p2a: Pawmot|Pawmot, M|100\/100\n|-damage|p2a: Pawmot|94\/100|[from] Stealth Rock\n|turn|12\n|\n|t:|1701086631\n|move|p1a: Rabsca|Psychic|p2a: Pawmot\n|-supereffective|p2a: Pawmot\n|-damage|p2a: Pawmot|32\/100\n|move|p2a: Pawmot|Revival Blessing|p2a: Pawmot\n|\n|t:|1701086637\n|-heal|p2: Sneasler|50\/100|[from] move: Revival Blessing\n|\n|-sideend|p2: retereereeeree|move: Light Screen\n|upkeep\n|turn|13\n|\n|t:|1701086643\n|move|p1a: Rabsca|Psychic|p2a: Pawmot\n|-supereffective|p2a: Pawmot\n|-damage|p2a: Pawmot|0 fnt\n|faint|p2a: Pawmot\n|\n|upkeep\n|\n|t:|1701086650\n|switch|p2a: Ogerpon|Ogerpon-Wellspring, F|100\/100\n|-damage|p2a: Ogerpon|88\/100|[from] Stealth Rock\n|turn|14\n|\n|t:|1701086657\n|move|p1a: Rabsca|Bug Buzz|p2a: Ogerpon\n|-supereffective|p2a: Ogerpon\n|-damage|p2a: Ogerpon|4\/100\n|move|p2a: Ogerpon|Ivy Cudgel|p1a: Rabsca|[anim] Ivy Cudgel Water\n|-damage|p1a: Rabsca|0 fnt\n|faint|p1a: Rabsca\n|\n|-fieldend|move: Trick Room\n|upkeep\n|\n|t:|1701086667\n|switch|p1a: Beedrill|Beedrill, F|100\/100\n|turn|15\n|\n|t:|1701086672\n|detailschange|p1a: Beedrill|Beedrill-Mega, F\n|-mega|p1a: Beedrill|Beedrill|Beedrillite\n|move|p1a: Beedrill|Poison Jab|p2a: Ogerpon\n|-supereffective|p2a: Ogerpon\n|-damage|p2a: Ogerpon|0 fnt\n|faint|p2a: Ogerpon\n|\n|upkeep\n|\n|t:|1701086682\n|switch|p2a: Banette|Banette, M|100\/100\n|-damage|p2a: Banette|88\/100|[from] Stealth Rock\n|turn|16\n|\n|t:|1701086689\n|detailschange|p2a: Banette|Banette-Mega, M\n|-mega|p2a: Banette|Banette|Banettite\n|move|p2a: Banette|Destiny Bond|p2a: Banette\n|-singlemove|p2a: Banette|Destiny Bond\n|move|p1a: Beedrill|Poison Jab|p2a: Banette\n|-resisted|p2a: Banette\n|-damage|p2a: Banette|47\/100\n|\n|upkeep\n|turn|17\n|\n|t:|1701086699\n|move|p1a: Beedrill|U-turn|p2a: Banette\n|-resisted|p2a: Banette\n|-damage|p2a: Banette|10\/100\n|\n|t:|1701086702\n|switch|p1a: Carracosta|Carracosta, F|100\/100|[from] U-turn\n|move|p2a: Banette|Poltergeist|p1a: Carracosta\n|-activate|p1a: Carracosta|move: Poltergeist|Heavy-Duty Boots\n|-damage|p1a: Carracosta|31\/100\n|\n|upkeep\n|turn|18\n|\n|t:|1701086713\n|move|p2a: Banette|Poltergeist|p1a: Carracosta\n|-activate|p1a: Carracosta|move: Poltergeist|Heavy-Duty Boots\n|-damage|p1a: Carracosta|0 fnt\n|faint|p1a: Carracosta\n|\n|upkeep\n|\n|t:|1701086718\n|switch|p1a: Beedrill|Beedrill-Mega, F|100\/100\n|turn|19\n|\n|t:|1701086721\n|move|p2a: Banette|Destiny Bond|p2a: Banette\n|-singlemove|p2a: Banette|Destiny Bond\n|move|p1a: Beedrill|Poison Jab|p2a: Banette\n|-resisted|p2a: Banette\n|-damage|p2a: Banette|0 fnt\n|faint|p2a: Banette\n|-activate|p2a: Banette|move: Destiny Bond\n|faint|p1a: Beedrill\n|\n|upkeep\n|\n|t:|1701086735\n|switch|p1a: Stakataka|Stakataka|100\/100\n|switch|p2a: Sneasler|Sneasler, F|50\/100\n|-damage|p2a: Sneasler|44\/100|[from] Stealth Rock\n|turn|20\n|\n|t:|1701086742\n|-terastallize|p1a: Stakataka|Water\n|move|p2a: Sneasler|Close Combat|p1a: Stakataka\n|-damage|p1a: Stakataka|58\/100\n|-unboost|p2a: Sneasler|def|1\n|-unboost|p2a: Sneasler|spd|1\n|move|p1a: Stakataka|Trick Room|p1a: Stakataka\n|-fieldstart|move: Trick Room|[of] p1a: Stakataka\n|\n|upkeep\n|turn|21\n|\n|t:|1701086752\n|move|p1a: Stakataka|Earthquake|p2a: Sneasler\n|-supereffective|p2a: Sneasler\n|-damage|p2a: Sneasler|0 fnt\n|faint|p2a: Sneasler\n|-ability|p1a: Stakataka|Beast Boost|boost\n|-boost|p1a: Stakataka|atk|1\n|-damage|p1a: Stakataka|48\/100|[from] item: Life Orb\n|\n|upkeep\n|\n|t:|1701086759\n|switch|p2a: Tapu Koko|Tapu Koko|65\/100 tox\n|-damage|p2a: Tapu Koko|52\/100 tox|[from] Stealth Rock\n|-fieldstart|move: Electric Terrain|[from] ability: Electric Surge|[of] p2a: Tapu Koko\n|turn|22\n|\n|t:|1701086765\n|move|p1a: Stakataka|Earthquake|p2a: Tapu Koko\n|-supereffective|p2a: Tapu Koko\n|-damage|p2a: Tapu Koko|0 fnt\n|faint|p2a: Tapu Koko\n|-damage|p1a: Stakataka|38\/100|[from] item: Life Orb\n|\n|win|Deathbang\n|raw|Deathbang's rating: 1226 &rarr; <strong>1252<\/strong><br \/>(+26 for winning)\n|raw|retereereeeree's rating: 1246 &rarr; <strong>1220<\/strong><br \/>(-26 for losing)\n|c|\u2606retereereeeree|gg\n|c|\u2606Deathbang|Gg\n|l|\u2606retereereeeree\n","uploadtime":1701086778,"views":4,"p1id":"deathbang","p2id":"retereereeeree","formatid":"gen9nationaldex","rating":1220,"private":0,"password":""}