{"id":"gen9nationaldex-1998697566","p1":"4decimeters","p2":"Delicam","format":"[Gen 9] National Dex","log":"|html|<div class=\"broadcast-blue\"><strong>[Gen 9] National Dex is currently suspecting Sneasler! For information on how to participate check out the <a href=\"https:\/\/www.smogon.com\/forums\/threads\/sv-national-dex-suspect-8-just-dance.3731534\/\">suspect thread<\/a>.<\/strong><\/div>\n|j|\u26064decimeters\n|j|\u2606Delicam\n|t:|1700974060\n|gametype|singles\n|player|p1|4decimeters|cynthia-gen4|\n|player|p2|Delicam|backersf|\n|teamsize|p1|6\n|teamsize|p2|6\n|gen|9\n|tier|[Gen 9] National Dex\n|rule|HP Percentage Mod: HP is shown in percentages\n|rule|Endless Battle Clause: Forcing endless battles is banned\n|rule|OHKO Clause: OHKO moves are banned\n|rule|Evasion Clause: Evasion abilities, items, and moves are banned\n|rule|Evasion Abilities Clause: Evasion abilities are banned\n|rule|Evasion Items Clause: Evasion items are banned\n|rule|Evasion Moves Clause: Evasion moves are banned\n|rule|Species Clause: Limit one of each Pok\u00e9mon\n|rule|Sleep Clause Mod: Limit one foe put to sleep\n|clearpoke\n|poke|p1|Dustox, F|\n|poke|p1|Whimsicott, F|\n|poke|p1|Simisear, F|\n|poke|p1|Farigiraf, M|\n|poke|p1|Tyranitar, F|\n|poke|p1|Swoobat, F|\n|poke|p2|Tyranitar, M|\n|poke|p2|Claydol|\n|poke|p2|Minior|\n|poke|p2|Tatsugiri, F|\n|poke|p2|Lunatone|\n|poke|p2|Togekiss, M|\n|teampreview\n|\n|t:|1700974083\n|start\n|switch|p1a: Among Us|Tyranitar, F|100\/100\n|switch|p2a: Tyra Banks|Togekiss, M|100\/100\n|-weather|Sandstorm|[from] ability: Sand Stream|[of] p1a: Among Us\n|turn|1\n|\n|t:|1700974094\n|move|p2a: Tyra Banks|Dazzling Gleam|p1a: Among Us\n|-supereffective|p1a: Among Us\n|-damage|p1a: Among Us|54\/100\n|move|p1a: Among Us|Stealth Rock|p2a: Tyra Banks\n|-sidestart|p2: Delicam|move: Stealth Rock\n|\n|-weather|Sandstorm|[upkeep]\n|-damage|p2a: Tyra Banks|94\/100|[from] Sandstorm\n|upkeep\n|turn|2\n|\n|t:|1700974105\n|switch|p1a: Tard|Whimsicott, F, shiny|100\/100\n|move|p2a: Tyra Banks|Dazzling Gleam|p1a: Tard\n|-crit|p1a: Tard\n|-damage|p1a: Tard|29\/100\n|-enditem|p1a: Tard|Sitrus Berry|[eat]\n|-heal|p1a: Tard|54\/100|[from] item: Sitrus Berry\n|\n|-weather|Sandstorm|[upkeep]\n|-damage|p2a: Tyra Banks|88\/100|[from] Sandstorm\n|-damage|p1a: Tard|48\/100|[from] Sandstorm\n|upkeep\n|turn|3\n|\n|t:|1700974138\n|move|p1a: Tard|Toxic|p2a: Tyra Banks|[miss]\n|-miss|p1a: Tard|p2a: Tyra Banks\n|move|p2a: Tyra Banks|Air Slash|p1a: Tard\n|-supereffective|p1a: Tard\n|-damage|p1a: Tard|0 fnt\n|faint|p1a: Tard\n|\n|-weather|Sandstorm|[upkeep]\n|-damage|p2a: Tyra Banks|82\/100|[from] Sandstorm\n|upkeep\n|\n|t:|1700974157\n|switch|p1a: Simisuck|Simisear, F|100\/100\n|turn|4\n|\n|t:|1700974165\n|move|p1a: Simisuck|Flamethrower|p2a: Tyra Banks\n|-damage|p2a: Tyra Banks|47\/100\n|move|p2a: Tyra Banks|Psychic|p1a: Simisuck\n|-damage|p1a: Simisuck|51\/100\n|\n|-weather|Sandstorm|[upkeep]\n|-damage|p1a: Simisuck|45\/100|[from] Sandstorm\n|-damage|p2a: Tyra Banks|41\/100|[from] Sandstorm\n|upkeep\n|turn|5\n|\n|t:|1700974178\n|move|p1a: Simisuck|Flamethrower|p2a: Tyra Banks\n|-damage|p2a: Tyra Banks|6\/100\n|move|p2a: Tyra Banks|Endeavor|p1a: Simisuck\n|-damage|p1a: Simisuck|6\/100\n|\n|-weather|none\n|upkeep\n|turn|6\n|\n|t:|1700974192\n|move|p1a: Simisuck|Flamethrower|p2a: Tyra Banks\n|-damage|p2a: Tyra Banks|0 fnt\n|faint|p2a: Tyra Banks\n|\n|upkeep\n|\n|t:|1700974198\n|switch|p2a: Claydoll|Tyranitar, M|100\/100\n|-damage|p2a: Claydoll|88\/100|[from] Stealth Rock\n|-weather|Sandstorm|[from] ability: Sand Stream|[of] p2a: Claydoll\n|turn|7\n|\n|t:|1700974204\n|move|p1a: Simisuck|Grass Knot|p2a: Claydoll\n|-supereffective|p2a: Claydoll\n|-damage|p2a: Claydoll|69\/100\n|-activate|p2a: Claydoll|move: Struggle\n|move|p2a: Claydoll|Struggle|p1a: Simisuck\n|-damage|p1a: Simisuck|0 fnt\n|faint|p1a: Simisuck\n|-damage|p2a: Claydoll|44\/100|[from] recoil\n|\n|-weather|Sandstorm|[upkeep]\n|upkeep\n|\n|t:|1700974221\n|switch|p1a: Uzuy|Dustox, F|100\/100\n|turn|8\n|\n|t:|1700974227\n|move|p1a: Uzuy|Bug Buzz|p2a: Claydoll\n|-supereffective|p2a: Claydoll\n|-damage|p2a: Claydoll|30\/100\n|-activate|p2a: Claydoll|move: Struggle\n|move|p2a: Claydoll|Struggle|p1a: Uzuy\n|-damage|p1a: Uzuy|85\/100\n|-damage|p2a: Claydoll|5\/100|[from] recoil\n|\n|-weather|Sandstorm|[upkeep]\n|-damage|p1a: Uzuy|78\/100|[from] Sandstorm\n|upkeep\n|turn|9\n|\n|t:|1700974238\n|move|p1a: Uzuy|Bug Buzz|p2a: Claydoll\n|-supereffective|p2a: Claydoll\n|-damage|p2a: Claydoll|0 fnt\n|faint|p2a: Claydoll\n|\n|-weather|Sandstorm|[upkeep]\n|-damage|p1a: Uzuy|72\/100|[from] Sandstorm\n|upkeep\n|\n|t:|1700974253\n|switch|p2a: Tatsugiris|Lunatone|100\/100\n|-damage|p2a: Tatsugiris|88\/100|[from] Stealth Rock\n|turn|10\n|\n|t:|1700974261\n|move|p2a: Tatsugiris|Explosion|p1a: Uzuy\n|-damage|p1a: Uzuy|0 fnt\n|faint|p2a: Tatsugiris\n|faint|p1a: Uzuy\n|\n|-weather|Sandstorm|[upkeep]\n|upkeep\n|\n|t:|1700974271\n|switch|p2a: Lunatones|Tatsugiri, F|100\/100\n|switch|p1a: Among Us|Tyranitar, F|54\/100\n|-damage|p2a: Lunatones|88\/100|[from] Stealth Rock\n|turn|11\n|\n|t:|1700974280\n|move|p2a: Lunatones|Chilling Water|p1a: Among Us\n|-supereffective|p1a: Among Us\n|-damage|p1a: Among Us|33\/100\n|-unboost|p1a: Among Us|atk|1\n|move|p1a: Among Us|Earthquake|p2a: Lunatones\n|-damage|p2a: Lunatones|54\/100\n|\n|-weather|none\n|upkeep\n|turn|12\n|\n|t:|1700974290\n|move|p2a: Lunatones|Chilling Water|p1a: Among Us\n|-supereffective|p1a: Among Us\n|-damage|p1a: Among Us|1\/100\n|-unboost|p1a: Among Us|atk|1\n|move|p1a: Among Us|Earthquake|p2a: Lunatones\n|-damage|p2a: Lunatones|28\/100\n|\n|upkeep\n|turn|13\n|\n|t:|1700974299\n|move|p2a: Lunatones|Chilling Water|p1a: Among Us\n|-supereffective|p1a: Among Us\n|-damage|p1a: Among Us|0 fnt\n|faint|p1a: Among Us\n|\n|upkeep\n|\n|t:|1700974304\n|switch|p1a: Man|Swoobat, F|100\/100\n|turn|14\n|\n|t:|1700974309\n|move|p2a: Lunatones|Chilling Water|p1a: Man\n|-damage|p1a: Man|72\/100\n|-unboost|p1a: Man|atk|2\n|move|p1a: Man|Amnesia|p1a: Man\n|-boost|p1a: Man|spd|4\n|\n|-heal|p1a: Man|78\/100|[from] item: Leftovers\n|upkeep\n|turn|15\n|\n|t:|1700974323\n|move|p2a: Lunatones|Chilling Water|p1a: Man\n|-damage|p1a: Man|69\/100\n|-unboost|p1a: Man|atk|2\n|move|p1a: Man|Calm Mind|p1a: Man\n|-boost|p1a: Man|spa|2\n|-boost|p1a: Man|spd|2\n|\n|-heal|p1a: Man|75\/100|[from] item: Leftovers\n|upkeep\n|turn|16\n|\n|t:|1700974347\n|move|p2a: Lunatones|Splash|p2a: Lunatones\n|-nothing\n|move|p1a: Man|Stored Power|p2a: Lunatones\n|-damage|p2a: Lunatones|0 fnt\n|faint|p2a: Lunatones\n|\n|-heal|p1a: Man|82\/100|[from] item: Leftovers\n|upkeep\n|\n|t:|1700974367\n|switch|p2a: Tyranitars|Minior|100\/100\n|-damage|p2a: Tyranitars|76\/100|[from] Stealth Rock\n|-formechange|p2a: Tyranitars|Minior-Meteor||[from] ability: Shields Down\n|turn|17\n|\n|t:|1700974378\n|move|p1a: Man|Stored Power|p2a: Tyranitars\n|-damage|p2a: Tyranitars|0 fnt\n|faint|p2a: Tyranitars\n|\n|-heal|p1a: Man|88\/100|[from] item: Leftovers\n|upkeep\n|\n|t:|1700974385\n|switch|p2a: Miniors|Claydol|100\/100\n|-damage|p2a: Miniors|94\/100|[from] Stealth Rock\n|turn|18\n|\n|t:|1700974390\n|move|p1a: Man|Stored Power|p2a: Miniors\n|-resisted|p2a: Miniors\n|-damage|p2a: Miniors|59\/100\n|move|p2a: Miniors|Toxic|p1a: Man\n|-status|p1a: Man|tox\n|\n|-heal|p1a: Man|94\/100 tox|[from] item: Leftovers\n|-damage|p1a: Man|88\/100 tox|[from] psn\n|upkeep\n|turn|19\n|\n|t:|1700974400\n|move|p2a: Miniors|Protect|p2a: Miniors\n|-singleturn|p2a: Miniors|Protect\n|move|p1a: Man|Stored Power|p2a: Miniors\n|-activate|p2a: Miniors|move: Protect\n|\n|-heal|p1a: Man|94\/100 tox|[from] item: Leftovers\n|-damage|p1a: Man|82\/100 tox|[from] psn\n|upkeep\n|turn|20\n|\n|t:|1700974411\n|move|p1a: Man|Stored Power|p2a: Miniors\n|-resisted|p2a: Miniors\n|-damage|p2a: Miniors|25\/100\n|move|p2a: Miniors|Trick Room|p2a: Miniors\n|-fieldstart|move: Trick Room|[of] p2a: Miniors\n|\n|-heal|p1a: Man|88\/100 tox|[from] item: Leftovers\n|-damage|p1a: Man|69\/100 tox|[from] psn\n|upkeep\n|turn|21\n|\n|t:|1700974420\n|move|p2a: Miniors|Protect|p2a: Miniors\n|-singleturn|p2a: Miniors|Protect\n|move|p1a: Man|Calm Mind|p1a: Man\n|-boost|p1a: Man|spa|2\n|-boost|p1a: Man|spd|0\n|\n|-heal|p1a: Man|75\/100 tox|[from] item: Leftovers\n|-damage|p1a: Man|51\/100 tox|[from] psn\n|upkeep\n|turn|22\n|\n|t:|1700974431\n|move|p2a: Miniors|Protect||[still]\n|-fail|p2a: Miniors\n|move|p1a: Man|Stored Power|p2a: Miniors\n|-resisted|p2a: Miniors\n|-damage|p2a: Miniors|0 fnt\n|faint|p2a: Miniors\n|\n|win|4decimeters\n|l|\u26064decimeters\n","uploadtime":1700974461,"views":6,"p1id":"4decimeters","p2id":"delicam","formatid":"gen9nationaldex","rating":0,"private":0,"password":""}