{"id":"gen9nationaldex-1988128960","p1":"XYStarshined.\u661f\u8000","p2":"bloody moth","format":"[Gen 9] National Dex","log":"|j|\u2606XYStarshined.\u661f\u8000\n|j|\u2606bloody moth\n|t:|1699673158\n|gametype|singles\n|player|p1|XYStarshined.\u661f\u8000|psychic-lgpe|1612\n|player|p2|bloody moth|dawn|1714\n|teamsize|p1|6\n|teamsize|p2|6\n|gen|9\n|tier|[Gen 9] National Dex\n|rated|\n|rule|HP Percentage Mod: HP is shown in percentages\n|rule|Endless Battle Clause: Forcing endless battles is banned\n|rule|OHKO Clause: OHKO moves are banned\n|rule|Evasion Clause: Evasion abilities, items, and moves are banned\n|rule|Evasion Abilities Clause: Evasion abilities are banned\n|rule|Evasion Items Clause: Evasion items are banned\n|rule|Evasion Moves Clause: Evasion moves are banned\n|rule|Species Clause: Limit one of each Pok\u00e9mon\n|rule|Sleep Clause Mod: Limit one foe put to sleep\n|clearpoke\n|poke|p1|Banette, M|\n|poke|p1|Aegislash, F|\n|poke|p1|Runerigus, F|\n|poke|p1|Zoroark-Hisui, M|\n|poke|p1|Skeledirge, M|\n|poke|p1|Ceruledge, F|\n|poke|p2|Ogerpon-Cornerstone, F|\n|poke|p2|Samurott-Hisui, F|\n|poke|p2|Tapu Lele|\n|poke|p2|Iron Valiant|\n|poke|p2|Tyranitar, F|\n|poke|p2|Moltres|\n|teampreview\n|\n|t:|1699673189\n|start\n|switch|p1a: Runerigus|Runerigus, F|100\/100\n|switch|p2a: Samurott|Samurott-Hisui, F|100\/100\n|turn|1\n|\n|t:|1699673221\n|move|p2a: Samurott|Ceaseless Edge|p1a: Runerigus\n|-supereffective|p1a: Runerigus\n|-damage|p1a: Runerigus|18\/100\n|-damage|p2a: Samurott|84\/100|[from] item: Rocky Helmet|[of] p1a: Runerigus\n|-activate|p1a: Runerigus|ability: Wandering Spirit|Sharpness|Wandering Spirit|[of] p2a: Samurott\n|-sidestart|p1: XYStarshined.\u661f\u8000|Spikes\n|move|p1a: Runerigus|Stealth Rock|p2a: Samurott\n|-sidestart|p2: bloody moth|move: Stealth Rock\n|\n|upkeep\n|turn|2\n|j| jidushan\n|\n|t:|1699673228\n|move|p2a: Samurott|Ceaseless Edge|p1a: Runerigus\n|-supereffective|p1a: Runerigus\n|-damage|p1a: Runerigus|0 fnt\n|-damage|p2a: Samurott|67\/100|[from] item: Rocky Helmet|[of] p1a: Runerigus\n|-sidestart|p1: XYStarshined.\u661f\u8000|Spikes\n|faint|p1a: Runerigus\n|\n|upkeep\n|\n|t:|1699673238\n|switch|p1a: Ceruledge|Ceruledge, F|100\/100\n|-damage|p1a: Ceruledge|84\/100|[from] Spikes\n|turn|3\n|l| jidushan\n|\n|t:|1699673240\n|move|p1a: Ceruledge|Close Combat|p2a: Samurott\n|-supereffective|p2a: Samurott\n|-damage|p2a: Samurott|0 fnt\n|-unboost|p1a: Ceruledge|def|1\n|-unboost|p1a: Ceruledge|spd|1\n|-activate|p2a: Samurott|ability: Wandering Spirit|Weak Armor|Wandering Spirit|[of] p1a: Ceruledge\n|faint|p2a: Samurott\n|\n|upkeep\n|\n|t:|1699673250\n|switch|p2a: Ogerpon|Ogerpon-Cornerstone, F|100\/100\n|-damage|p2a: Ogerpon|88\/100|[from] Stealth Rock\n|turn|4\n|\n|t:|1699673267\n|move|p2a: Ogerpon|Ivy Cudgel|p1a: Ceruledge\n|-supereffective|p1a: Ceruledge\n|-damage|p1a: Ceruledge|0 fnt\n|faint|p1a: Ceruledge\n|\n|upkeep\n|\n|t:|1699673269\n|switch|p1a: Altria Pendragon|Aegislash, F, shiny|100\/100\n|-damage|p1a: Altria Pendragon|84\/100|[from] Spikes\n|turn|5\n|\n|t:|1699673274\n|switch|p2a: Tyranitar|Tyranitar, F|100\/100\n|-damage|p2a: Tyranitar|88\/100|[from] Stealth Rock\n|-weather|Sandstorm|[from] ability: Sand Stream|[of] p2a: Tyranitar\n|-formechange|p1a: Altria Pendragon|Aegislash-Blade||[from] ability: Stance Change\n|move|p1a: Altria Pendragon|Iron Head|p2a: Tyranitar\n|-supereffective|p2a: Tyranitar\n|-crit|p2a: Tyranitar\n|-damage|p2a: Tyranitar|0 fnt\n|faint|p2a: Tyranitar\n|\n|-weather|Sandstorm|[upkeep]\n|upkeep\n|\n|t:|1699673278\n|switch|p2a: Moltres|Moltres|100\/100\n|turn|6\n|\n|t:|1699673281\n|switch|p1a: Skeledirge|Skeledirge, M|100\/100\n|-damage|p1a: Skeledirge|84\/100|[from] Spikes\n|move|p2a: Moltres|Flamethrower|p1a: Skeledirge\n|-damage|p1a: Skeledirge|8\/100\n|replace|p1a: Zoroark|Zoroark-Hisui, M, shiny\n|-end|p1a: Zoroark|Illusion\n|\n|-weather|Sandstorm|[upkeep]\n|-damage|p1a: Zoroark|2\/100|[from] Sandstorm\n|-damage|p2a: Moltres|94\/100|[from] Sandstorm\n|upkeep\n|turn|7\n|\n|t:|1699673284\n|-zpower|p1a: Zoroark\n|move|p1a: Zoroark|Breakneck Blitz|p2a: Moltres|[zeffect]\n|-damage|p2a: Moltres|0 fnt\n|faint|p2a: Moltres\n|\n|-weather|Sandstorm|[upkeep]\n|-damage|p1a: Zoroark|0 fnt|[from] Sandstorm\n|faint|p1a: Zoroark\n|upkeep\n|\n|t:|1699673291\n|switch|p1a: \u518dmiss\u8bf7\u4f60\u5403\u8ffd\u6253|Banette, M, shiny|100\/100\n|switch|p2a: Iron Valiant|Iron Valiant|100\/100\n|-damage|p2a: Iron Valiant|94\/100|[from] Stealth Rock\n|-damage|p1a: \u518dmiss\u8bf7\u4f60\u5403\u8ffd\u6253|84\/100|[from] Spikes\n|turn|8\n|\n|t:|1699673303\n|-end|p2a: Iron Valiant|Quark Drive|[silent]\n|switch|p2a: Ogerpon|Ogerpon-Cornerstone, F|88\/100\n|-damage|p2a: Ogerpon|76\/100|[from] Stealth Rock\n|detailschange|p1a: \u518dmiss\u8bf7\u4f60\u5403\u8ffd\u6253|Banette-Mega, M, shiny\n|-mega|p1a: \u518dmiss\u8bf7\u4f60\u5403\u8ffd\u6253|Banette|Banettite\n|move|p1a: \u518dmiss\u8bf7\u4f60\u5403\u8ffd\u6253|Destiny Bond|p1a: \u518dmiss\u8bf7\u4f60\u5403\u8ffd\u6253\n|-singlemove|p1a: \u518dmiss\u8bf7\u4f60\u5403\u8ffd\u6253|Destiny Bond\n|\n|-weather|Sandstorm|[upkeep]\n|-damage|p1a: \u518dmiss\u8bf7\u4f60\u5403\u8ffd\u6253|78\/100|[from] Sandstorm\n|upkeep\n|turn|9\n|\n|t:|1699673312\n|move|p2a: Ogerpon|Ivy Cudgel|p1a: \u518dmiss\u8bf7\u4f60\u5403\u8ffd\u6253\n|-damage|p1a: \u518dmiss\u8bf7\u4f60\u5403\u8ffd\u6253|0 fnt\n|faint|p1a: \u518dmiss\u8bf7\u4f60\u5403\u8ffd\u6253\n|-activate|p1a: \u518dmiss\u8bf7\u4f60\u5403\u8ffd\u6253|move: Destiny Bond\n|faint|p2a: Ogerpon\n|\n|-weather|none\n|upkeep\n|\n|t:|1699673319\n|switch|p2a: Iron Valiant|Iron Valiant|94\/100\n|switch|p1a: Altria Pendragon|Aegislash, F, shiny|84\/100\n|-damage|p2a: Iron Valiant|88\/100|[from] Stealth Rock\n|-damage|p1a: Altria Pendragon|67\/100|[from] Spikes\n|turn|10\n|\n|t:|1699673324\n|-terastallize|p2a: Iron Valiant|Fairy\n|move|p1a: Altria Pendragon|King's Shield|p1a: Altria Pendragon\n|-singleturn|p1a: Altria Pendragon|Protect\n|move|p2a: Iron Valiant|Moonblast|p1a: Altria Pendragon\n|-activate|p1a: Altria Pendragon|move: Protect\n|\n|upkeep\n|turn|11\n|\n|t:|1699673329\n|move|p2a: Iron Valiant|Moonblast|p1a: Altria Pendragon\n|-resisted|p1a: Altria Pendragon\n|-damage|p1a: Altria Pendragon|32\/100\n|-unboost|p1a: Altria Pendragon|spa|1\n|-formechange|p1a: Altria Pendragon|Aegislash-Blade||[from] ability: Stance Change\n|move|p1a: Altria Pendragon|Iron Head|p2a: Iron Valiant\n|-supereffective|p2a: Iron Valiant\n|-damage|p2a: Iron Valiant|0 fnt\n|faint|p2a: Iron Valiant\n|-end|p2a: Iron Valiant|Quark Drive|[silent]\n|\n|upkeep\n|\n|t:|1699673333\n|switch|p2a: Tapu Lele|Tapu Lele|100\/100\n|-damage|p2a: Tapu Lele|88\/100|[from] Stealth Rock\n|-fieldstart|move: Psychic Terrain|[from] ability: Psychic Surge|[of] p2a: Tapu Lele\n|turn|12\n|\n|t:|1699673338\n|-formechange|p1a: Altria Pendragon|Aegislash||[from] ability: Stance Change\n|move|p1a: Altria Pendragon|King's Shield|p1a: Altria Pendragon\n|-singleturn|p1a: Altria Pendragon|Protect\n|move|p2a: Tapu Lele|Psyshock|p1a: Altria Pendragon\n|-activate|p1a: Altria Pendragon|move: Protect\n|\n|upkeep\n|turn|13\n|\n|t:|1699673343\n|move|p2a: Tapu Lele|Psyshock|p1a: Altria Pendragon\n|-resisted|p1a: Altria Pendragon\n|-damage|p1a: Altria Pendragon|10\/100\n|-formechange|p1a: Altria Pendragon|Aegislash-Blade||[from] ability: Stance Change\n|move|p1a: Altria Pendragon|Iron Head|p2a: Tapu Lele\n|-supereffective|p2a: Tapu Lele\n|-damage|p2a: Tapu Lele|0 fnt\n|faint|p2a: Tapu Lele\n|\n|win|XYStarshined.\u661f\u8000\n|raw|XYStarshined.\u661f\u8000's rating: 1612 &rarr; <strong>1639<\/strong><br \/>(+27 for winning)\n|raw|bloody moth's rating: 1731 &rarr; <strong>1704<\/strong><br \/>(-27 for losing)\n","uploadtime":1699673348,"views":4,"p1id":"xystarshined","p2id":"bloodymoth","formatid":"gen9nationaldex","rating":1639,"private":0,"password":""}