{"id":"gen9nationaldex-1987572982","p1":"s.daninja","p2":"natural233","format":"[Gen 9] National Dex","log":"|j|\u2606s.daninja\n|j|\u2606natural233\n|t:|1699614038\n|gametype|singles\n|player|p1|s.daninja|cheryl|1232\n|player|p2|natural233|cynthia-gen4|1173\n|teamsize|p1|6\n|teamsize|p2|6\n|gen|9\n|tier|[Gen 9] National Dex\n|rated|\n|rule|HP Percentage Mod: HP is shown in percentages\n|rule|Endless Battle Clause: Forcing endless battles is banned\n|rule|OHKO Clause: OHKO moves are banned\n|rule|Evasion Clause: Evasion abilities, items, and moves are banned\n|rule|Evasion Abilities Clause: Evasion abilities are banned\n|rule|Evasion Items Clause: Evasion items are banned\n|rule|Evasion Moves Clause: Evasion moves are banned\n|rule|Species Clause: Limit one of each Pok\u00e9mon\n|rule|Sleep Clause Mod: Limit one foe put to sleep\n|clearpoke\n|poke|p1|Cinderace, M|\n|poke|p1|Torkoal, M|\n|poke|p1|Venusaur, F|\n|poke|p1|Blaziken, F|\n|poke|p1|Charizard, M|\n|poke|p1|Volcarona, F|\n|poke|p2|Haxorus, M|\n|poke|p2|Gliscor, M|\n|poke|p2|Medicham, M|\n|poke|p2|Ceruledge, M|\n|poke|p2|Hoopa-Unbound|\n|poke|p2|Serperior, M|\n|teampreview\n|\n|t:|1699614044\n|start\n|switch|p1a: Torkoal|Torkoal, M|100\/100\n|switch|p2a: Gliscor|Gliscor, M|100\/100\n|-weather|SunnyDay|[from] ability: Drought|[of] p1a: Torkoal\n|turn|1\n|\n|t:|1699614050\n|move|p2a: Gliscor|Stealth Rock|p1a: Torkoal\n|-sidestart|p1: s.daninja|move: Stealth Rock\n|move|p1a: Torkoal|Overheat|p2a: Gliscor\n|-damage|p2a: Gliscor|30\/100\n|-unboost|p1a: Torkoal|spa|2\n|-enditem|p1a: Torkoal|Eject Pack\n|\n|t:|1699614057\n|switch|p1a: Venusaur|Venusaur, F|100\/100\n|-damage|p1a: Venusaur|88\/100|[from] Stealth Rock\n|\n|-weather|SunnyDay|[upkeep]\n|-status|p2a: Gliscor|tox|[from] item: Toxic Orb\n|upkeep\n|turn|2\n|\n|t:|1699614066\n|switch|p2a: Ceruledge|Ceruledge, M|100\/100\n|move|p1a: Venusaur|Weather Ball|p2a: Ceruledge\n|-resisted|p2a: Ceruledge\n|-damage|p2a: Ceruledge|66\/100\n|-damage|p1a: Venusaur|78\/100|[from] item: Life Orb\n|\n|-weather|SunnyDay|[upkeep]\n|-heal|p2a: Ceruledge|72\/100|[from] item: Leftovers\n|upkeep\n|turn|3\n|\n|t:|1699614070\n|move|p1a: Venusaur|Earth Power|p2a: Ceruledge\n|-supereffective|p2a: Ceruledge\n|-damage|p2a: Ceruledge|0 fnt\n|faint|p2a: Ceruledge\n|-damage|p1a: Venusaur|68\/100|[from] item: Life Orb\n|\n|-weather|SunnyDay|[upkeep]\n|upkeep\n|\n|t:|1699614077\n|switch|p2a: Medicham|Medicham, M|100\/100\n|turn|4\n|\n|t:|1699614081\n|detailschange|p2a: Medicham|Medicham-Mega, M\n|-mega|p2a: Medicham|Medicham|Medichamite\n|move|p2a: Medicham|Fake Out|p1a: Venusaur\n|-damage|p1a: Venusaur|39\/100\n|cant|p1a: Venusaur|flinch\n|\n|-weather|SunnyDay|[upkeep]\n|upkeep\n|turn|5\n|\n|t:|1699614096\n|switch|p2a: Gliscor|Gliscor, M|30\/100 tox\n|move|p1a: Venusaur|Solar Beam||[still]\n|-prepare|p1a: Venusaur|Solar Beam\n|-anim|p1a: Venusaur|Solar Beam|p2a: Gliscor\n|-damage|p2a: Gliscor|0 fnt\n|faint|p2a: Gliscor\n|-damage|p1a: Venusaur|29\/100|[from] item: Life Orb\n|\n|-weather|none\n|upkeep\n|\n|t:|1699614106\n|switch|p2a: Medicham|Medicham-Mega, M|100\/100\n|turn|6\n|\n|t:|1699614109\n|switch|p1a: Torkoal|Torkoal, M|100\/100\n|-damage|p1a: Torkoal|76\/100|[from] Stealth Rock\n|-weather|SunnyDay|[from] ability: Drought|[of] p1a: Torkoal\n|move|p2a: Medicham|Fake Out|p1a: Torkoal\n|-damage|p1a: Torkoal|63\/100\n|\n|-weather|SunnyDay|[upkeep]\n|upkeep\n|turn|7\n|\n|t:|1699614117\n|move|p2a: Medicham|Zen Headbutt|p1a: Torkoal\n|-damage|p1a: Torkoal|23\/100\n|move|p1a: Torkoal|Yawn|p2a: Medicham\n|-start|p2a: Medicham|move: Yawn|[of] p1a: Torkoal\n|\n|-weather|SunnyDay|[upkeep]\n|upkeep\n|turn|8\n|\n|t:|1699614124\n|switch|p2a: Haxorus|Haxorus, M|100\/100\n|-ability|p2a: Haxorus|Mold Breaker\n|move|p1a: Torkoal|Rapid Spin|p2a: Haxorus\n|-damage|p2a: Haxorus|90\/100\n|-boost|p1a: Torkoal|spe|1\n|-sideend|p1: s.daninja|Stealth Rock|[from] move: Rapid Spin|[of] p1a: Torkoal\n|\n|-weather|SunnyDay|[upkeep]\n|-heal|p2a: Haxorus|96\/100|[from] item: Leftovers\n|upkeep\n|turn|9\n|\n|t:|1699614148\n|move|p2a: Haxorus|Dragon Dance|p2a: Haxorus\n|-boost|p2a: Haxorus|atk|1\n|-boost|p2a: Haxorus|spe|1\n|move|p1a: Torkoal|Yawn|p2a: Haxorus\n|-start|p2a: Haxorus|move: Yawn|[of] p1a: Torkoal\n|\n|-weather|SunnyDay|[upkeep]\n|-heal|p2a: Haxorus|100\/100|[from] item: Leftovers\n|upkeep\n|turn|10\n|\n|t:|1699614157\n|switch|p2a: Medicham|Medicham-Mega, M|100\/100\n|move|p1a: Torkoal|Overheat|p2a: Medicham\n|-damage|p2a: Medicham|9\/100\n|-unboost|p1a: Torkoal|spa|2\n|\n|-weather|none\n|upkeep\n|turn|11\n|\n|t:|1699614163\n|switch|p1a: Blaziken|Blaziken, F|100\/100\n|move|p2a: Medicham|Zen Headbutt|p1a: Blaziken\n|-supereffective|p1a: Blaziken\n|-damage|p1a: Blaziken|0 fnt\n|faint|p1a: Blaziken\n|\n|upkeep\n|\n|t:|1699614166\n|switch|p1a: Torkoal|Torkoal, M|23\/100\n|-weather|SunnyDay|[from] ability: Drought|[of] p1a: Torkoal\n|turn|12\n|\n|t:|1699614172\n|move|p2a: Medicham|Zen Headbutt|p1a: Torkoal\n|-damage|p1a: Torkoal|0 fnt\n|faint|p1a: Torkoal\n|\n|-weather|SunnyDay|[upkeep]\n|upkeep\n|\n|t:|1699614175\n|switch|p1a: Venusaur|Venusaur, F|29\/100\n|turn|13\n|\n|t:|1699614178\n|-terastallize|p1a: Venusaur|Fire\n|move|p2a: Medicham|Bullet Punch|p1a: Venusaur\n|-resisted|p1a: Venusaur\n|-damage|p1a: Venusaur|13\/100\n|move|p1a: Venusaur|Weather Ball|p2a: Medicham\n|-damage|p2a: Medicham|0 fnt\n|faint|p2a: Medicham\n|-damage|p1a: Venusaur|3\/100|[from] item: Life Orb\n|\n|-weather|SunnyDay|[upkeep]\n|upkeep\n|\n|t:|1699614188\n|switch|p2a: Serperior|Serperior, M|100\/100\n|turn|14\n|\n|t:|1699614192\n|move|p1a: Venusaur|Weather Ball|p2a: Serperior\n|-supereffective|p2a: Serperior\n|-damage|p2a: Serperior|0 fnt\n|faint|p2a: Serperior\n|-damage|p1a: Venusaur|0 fnt|[from] item: Life Orb\n|faint|p1a: Venusaur\n|\n|-weather|SunnyDay|[upkeep]\n|upkeep\n|\n|t:|1699614203\n|switch|p2a: Haxorus|Haxorus, M|100\/100\n|switch|p1a: Cinderace|Cinderace, M|100\/100\n|-ability|p2a: Haxorus|Mold Breaker\n|turn|15\n|\n|t:|1699614207\n|move|p1a: Cinderace|High Jump Kick|p2a: Haxorus\n|-start|p1a: Cinderace|typechange|Fighting|[from] ability: Libero\n|-damage|p2a: Haxorus|0 fnt\n|faint|p2a: Haxorus\n|-damage|p1a: Cinderace|91\/100|[from] item: Life Orb\n|\n|-weather|SunnyDay|[upkeep]\n|upkeep\n|\n|t:|1699614212\n|switch|p2a: Hoopa|Hoopa-Unbound|100\/100\n|turn|16\n|\n|t:|1699614215\n|-terastallize|p2a: Hoopa|Psychic\n|move|p1a: Cinderace|U-turn|p2a: Hoopa\n|-supereffective|p2a: Hoopa\n|-damage|p2a: Hoopa|0 fnt\n|faint|p2a: Hoopa\n|-damage|p1a: Cinderace|81\/100|[from] item: Life Orb\n|\n|win|s.daninja\n|raw|s.daninja's rating: 1232 &rarr; <strong>1253<\/strong><br \/>(+21 for winning)\n|raw|natural233's rating: 1173 &rarr; <strong>1152<\/strong><br \/>(-21 for losing)\n|l|\u2606natural233\n","uploadtime":1699614224,"views":5,"p1id":"sdaninja","p2id":"natural233","formatid":"gen9nationaldex","rating":1152,"private":0,"password":""}