{"id":"gen9nationaldex-1994550425","p1":"Miku Nakano ily","p2":"mtyqjltz6","format":"[Gen 9] National Dex","log":"|html|<div class=\"broadcast-blue\"><strong>[Gen 9] National Dex is currently suspecting Sneasler! For information on how to participate check out the <a href=\"https:\/\/www.smogon.com\/forums\/threads\/sv-national-dex-suspect-8-just-dance.3731534\/\">suspect thread<\/a>.<\/strong><\/div>\n|j|\u2606Miku Nakano ily\n|j|\u2606mtyqjltz6\n|t:|1700458317\n|gametype|singles\n|player|p1|Miku Nakano ily|red|1325\n|player|p2|mtyqjltz6|elesa|1381\n|teamsize|p1|6\n|teamsize|p2|6\n|gen|9\n|tier|[Gen 9] National Dex\n|rated|\n|rule|HP Percentage Mod: HP is shown in percentages\n|rule|Endless Battle Clause: Forcing endless battles is banned\n|rule|OHKO Clause: OHKO moves are banned\n|rule|Evasion Clause: Evasion abilities, items, and moves are banned\n|rule|Evasion Abilities Clause: Evasion abilities are banned\n|rule|Evasion Items Clause: Evasion items are banned\n|rule|Evasion Moves Clause: Evasion moves are banned\n|rule|Species Clause: Limit one of each Pok\u00e9mon\n|rule|Sleep Clause Mod: Limit one foe put to sleep\n|clearpoke\n|poke|p1|Charizard, F|\n|poke|p1|Alomomola, M|\n|poke|p1|Slowking-Galar, F|\n|poke|p1|Iron Valiant|\n|poke|p1|Landorus-Therian, M|\n|poke|p1|Cinderace, M|\n|poke|p2|Raticate, M|\n|poke|p2|Ribombee, F|\n|poke|p2|Nidoking, M|\n|poke|p2|Bisharp, M|\n|poke|p2|Medicham, F|\n|poke|p2|Thundurus-Therian, M|\n|teampreview\n|inactive|Battle timer is ON: inactive players will automatically lose when time's up. (requested by Miku Nakano ily)\n|\n|t:|1700458344\n|start\n|switch|p1a: Cinderace|Cinderace, M|100\/100\n|switch|p2a: Ribombee|Ribombee, F, shiny|100\/100\n|turn|1\n|\n|t:|1700458365\n|move|p2a: Ribombee|Stun Spore|p1a: Cinderace\n|-status|p1a: Cinderace|par\n|move|p1a: Cinderace|Pyro Ball|p2a: Ribombee|[miss]\n|-miss|p1a: Cinderace|p2a: Ribombee\n|\n|upkeep\n|turn|2\n|inactive|mtyqjltz6 has 120 seconds left.\n|\n|t:|1700458406\n|move|p2a: Ribombee|Moonblast|p1a: Cinderace\n|-resisted|p1a: Cinderace\n|-damage|p1a: Cinderace|74\/100 par\n|-unboost|p1a: Cinderace|spa|1\n|move|p1a: Cinderace|Pyro Ball|p2a: Ribombee\n|-supereffective|p2a: Ribombee\n|-enditem|p2a: Ribombee|Focus Sash\n|-damage|p2a: Ribombee|1\/100\n|\n|upkeep\n|turn|3\n|\n|t:|1700458413\n|move|p2a: Ribombee|Moonblast|p1a: Cinderace\n|-resisted|p1a: Cinderace\n|-damage|p1a: Cinderace|44\/100 par\n|move|p1a: Cinderace|U-turn|p2a: Ribombee\n|-start|p1a: Cinderace|typechange|Bug|[from] ability: Libero\n|-resisted|p2a: Ribombee\n|-damage|p2a: Ribombee|0 fnt\n|faint|p2a: Ribombee\n|\n|t:|1700458422\n|switch|p1a: Landorus|Landorus-Therian, M|100\/100|[from] U-turn\n|\n|upkeep\n|\n|t:|1700458431\n|switch|p2a: Nidoking|Nidoking, M|100\/100\n|turn|4\n|\n|t:|1700458439\n|switch|p1a: Slowking|Slowking-Galar, F|100\/100\n|move|p2a: Nidoking|Ice Beam|p1a: Slowking\n|-damage|p1a: Slowking|77\/100\n|\n|-heal|p1a: Slowking|83\/100|[from] item: Leftovers\n|upkeep\n|turn|5\n|\n|t:|1700458444\n|move|p2a: Nidoking|Earth Power|p1a: Slowking\n|-supereffective|p1a: Slowking\n|-damage|p1a: Slowking|16\/100\n|move|p1a: Slowking|Future Sight|p2a: Nidoking\n|-start|p1a: Slowking|move: Future Sight\n|\n|-heal|p1a: Slowking|22\/100|[from] item: Leftovers\n|upkeep\n|turn|6\n|inactive|mtyqjltz6 has 120 seconds left.\n|\n|t:|1700458460\n|switch|p2a: Bisharp|Bisharp, M, shiny|100\/100\n|switch|p1a: Alomomola|Alomomola, M|100\/100\n|\n|upkeep\n|turn|7\n|\n|t:|1700458468\n|move|p2a: Bisharp|Swords Dance|p2a: Bisharp\n|-boost|p2a: Bisharp|atk|2\n|move|p1a: Alomomola|Flip Turn|p2a: Bisharp\n|-damage|p2a: Bisharp|86\/100\n|\n|t:|1700458485\n|switch|p1a: Iron Valiant|Iron Valiant, shiny|100\/100|[from] Flip Turn\n|-enditem|p1a: Iron Valiant|Booster Energy\n|-activate|p1a: Iron Valiant|ability: Quark Drive|[fromitem]\n|-start|p1a: Iron Valiant|quarkdrivespe\n|\n|-end|p2a: Bisharp|move: Future Sight\n|-immune|p2a: Bisharp\n|upkeep\n|turn|8\n|\n|t:|1700458493\n|-terastallize|p2a: Bisharp|Flying\n|move|p1a: Iron Valiant|Drain Punch|p2a: Bisharp\n|-resisted|p2a: Bisharp\n|-damage|p2a: Bisharp|70\/100\n|move|p2a: Bisharp|Iron Head|p1a: Iron Valiant\n|-supereffective|p1a: Iron Valiant\n|-damage|p1a: Iron Valiant|0 fnt\n|faint|p1a: Iron Valiant\n|-end|p1a: Iron Valiant|Quark Drive|[silent]\n|\n|upkeep\n|\n|t:|1700458498\n|switch|p1a: Alomomola|Alomomola, M|100\/100\n|turn|9\n|\n|t:|1700458508\n|move|p2a: Bisharp|Knock Off|p1a: Alomomola\n|-damage|p1a: Alomomola|40\/100\n|-enditem|p1a: Alomomola|Lagging Tail|[from] move: Knock Off|[of] p2a: Bisharp\n|move|p1a: Alomomola|Toxic|p2a: Bisharp\n|-status|p2a: Bisharp|tox\n|\n|-damage|p2a: Bisharp|64\/100 tox|[from] psn\n|upkeep\n|turn|10\n|\n|t:|1700458518\n|move|p1a: Alomomola|Protect|p1a: Alomomola\n|-singleturn|p1a: Alomomola|Protect\n|move|p2a: Bisharp|Swords Dance|p2a: Bisharp\n|-boost|p2a: Bisharp|atk|2\n|\n|-damage|p2a: Bisharp|52\/100 tox|[from] psn\n|upkeep\n|turn|11\n|\n|t:|1700458523\n|switch|p1a: Slowking|Slowking-Galar, F|56\/100\n|move|p2a: Bisharp|Knock Off|p1a: Slowking\n|-supereffective|p1a: Slowking\n|-damage|p1a: Slowking|0 fnt\n|-enditem|p1a: Slowking|Leftovers|[from] move: Knock Off|[of] p2a: Bisharp\n|faint|p1a: Slowking\n|\n|-damage|p2a: Bisharp|33\/100 tox|[from] psn\n|upkeep\n|\n|t:|1700458528\n|switch|p1a: Alomomola|Alomomola, M|74\/100\n|turn|12\n|\n|t:|1700458533\n|move|p2a: Bisharp|Swords Dance|p2a: Bisharp\n|-boost|p2a: Bisharp|atk|2\n|move|p1a: Alomomola|Flip Turn|p2a: Bisharp\n|-damage|p2a: Bisharp|18\/100 tox\n|\n|t:|1700458537\n|switch|p1a: Cinderace|Cinderace, M|44\/100 par|[from] Flip Turn\n|\n|-damage|p2a: Bisharp|0 fnt|[from] psn\n|faint|p2a: Bisharp\n|upkeep\n|\n|t:|1700458556\n|switch|p2a: Raticate|Raticate, M|100\/100\n|turn|13\n|\n|t:|1700458561\n|move|p2a: Raticate|Stomping Tantrum|p1a: Cinderace\n|-supereffective|p1a: Cinderace\n|-damage|p1a: Cinderace|0 fnt\n|faint|p1a: Cinderace\n|\n|-status|p2a: Raticate|brn|[from] item: Flame Orb\n|upkeep\n|\n|t:|1700458568\n|switch|p1a: Charizard|Charizard, F|100\/100\n|turn|14\n|\n|t:|1700458573\n|detailschange|p1a: Charizard|Charizard-Mega-Y, F\n|-mega|p1a: Charizard|Charizard|Charizardite Y\n|-weather|SunnyDay|[from] ability: Drought|[of] p1a: Charizard\n|move|p2a: Raticate|Sucker Punch|p1a: Charizard\n|-damage|p1a: Charizard|61\/100\n|move|p1a: Charizard|Weather Ball|p2a: Raticate\n|-damage|p2a: Raticate|0 fnt\n|faint|p2a: Raticate\n|\n|-weather|SunnyDay|[upkeep]\n|upkeep\n|\n|t:|1700458593\n|switch|p2a: Thundurus|Thundurus-Therian, M|100\/100\n|turn|15\n|\n|t:|1700458598\n|switch|p1a: Landorus|Landorus-Therian, M|100\/100\n|-ability|p1a: Landorus|Intimidate|boost\n|-unboost|p2a: Thundurus|atk|1\n|move|p2a: Thundurus|Hidden Power|p1a: Landorus\n|-supereffective|p1a: Landorus\n|-damage|p1a: Landorus|27\/100\n|\n|-weather|SunnyDay|[upkeep]\n|-heal|p1a: Landorus|33\/100|[from] item: Leftovers\n|upkeep\n|turn|16\n|\n|t:|1700458612\n|switch|p2a: Nidoking|Nidoking, M|100\/100\n|move|p1a: Landorus|Knock Off|p2a: Nidoking\n|-damage|p2a: Nidoking|61\/100\n|-enditem|p2a: Nidoking|Life Orb|[from] move: Knock Off|[of] p1a: Landorus\n|\n|-weather|SunnyDay|[upkeep]\n|-heal|p1a: Landorus|39\/100|[from] item: Leftovers\n|upkeep\n|turn|17\n|\n|t:|1700458621\n|switch|p1a: Alomomola|Alomomola, M|100\/100\n|move|p2a: Nidoking|Flamethrower|p1a: Alomomola\n|-resisted|p1a: Alomomola\n|-damage|p1a: Alomomola|72\/100\n|\n|-weather|SunnyDay|[upkeep]\n|upkeep\n|turn|18\n|\n|t:|1700458630\n|move|p2a: Nidoking|Sludge Wave|p1a: Alomomola\n|-damage|p1a: Alomomola|16\/100\n|move|p1a: Alomomola|Wish|p1a: Alomomola\n|\n|-weather|none\n|upkeep\n|turn|19\n|\n|t:|1700458640\n|move|p1a: Alomomola|Protect|p1a: Alomomola\n|-singleturn|p1a: Alomomola|Protect\n|move|p2a: Nidoking|Sludge Wave|p1a: Alomomola\n|-activate|p1a: Alomomola|move: Protect\n|\n|-heal|p1a: Alomomola|66\/100|[from] move: Wish|[wisher] Alomomola\n|upkeep\n|turn|20\n|\n|t:|1700458647\n|move|p2a: Nidoking|Sludge Wave|p1a: Alomomola\n|-damage|p1a: Alomomola|11\/100\n|move|p1a: Alomomola|Wish|p1a: Alomomola\n|\n|upkeep\n|turn|21\n|\n|t:|1700458654\n|switch|p1a: Landorus|Landorus-Therian, M|39\/100\n|-ability|p1a: Landorus|Intimidate|boost\n|-unboost|p2a: Nidoking|atk|1\n|move|p2a: Nidoking|Earth Power|p1a: Landorus\n|-immune|p1a: Landorus\n|\n|-heal|p1a: Landorus|100\/100|[from] move: Wish|[wisher] Alomomola\n|upkeep\n|turn|22\n|\n|t:|1700458663\n|move|p2a: Nidoking|Ice Beam|p1a: Landorus\n|-supereffective|p1a: Landorus\n|-damage|p1a: Landorus|0 fnt\n|faint|p1a: Landorus\n|\n|upkeep\n|\n|t:|1700458669\n|switch|p1a: Alomomola|Alomomola, M|45\/100\n|turn|23\n|\n|t:|1700458674\n|move|p1a: Alomomola|Protect|p1a: Alomomola\n|-singleturn|p1a: Alomomola|Protect\n|move|p2a: Nidoking|Sludge Wave|p1a: Alomomola\n|-activate|p1a: Alomomola|move: Protect\n|\n|upkeep\n|turn|24\n|\n|t:|1700458679\n|switch|p1a: Charizard|Charizard-Mega-Y, F|61\/100\n|-weather|SunnyDay|[from] ability: Drought|[of] p1a: Charizard\n|move|p2a: Nidoking|Sludge Wave|p1a: Charizard\n|-damage|p1a: Charizard|11\/100\n|\n|-weather|SunnyDay|[upkeep]\n|upkeep\n|turn|25\n|inactive|mtyqjltz6 has 120 seconds left.\n|\n|t:|1700458713\n|switch|p2a: Medicham|Medicham, F|100\/100\n|move|p1a: Charizard|Weather Ball|p2a: Medicham\n|-damage|p2a: Medicham|0 fnt\n|faint|p2a: Medicham\n|\n|-weather|SunnyDay|[upkeep]\n|upkeep\n|inactive|mtyqjltz6 has 120 seconds left.\n|\n|t:|1700458719\n|switch|p2a: Thundurus|Thundurus-Therian, M|100\/100\n|turn|26\n|\n|t:|1700458722\n|switch|p1a: Alomomola|Alomomola, M|78\/100\n|move|p2a: Thundurus|Thunderbolt|p1a: Alomomola\n|-supereffective|p1a: Alomomola\n|-damage|p1a: Alomomola|0 fnt\n|faint|p1a: Alomomola\n|\n|-weather|SunnyDay|[upkeep]\n|upkeep\n|-message|Miku Nakano ily forfeited.\n|\n|win|mtyqjltz6\n|raw|Miku Nakano ily's rating: 1325 &rarr; <strong>1308<\/strong><br \/>(-17 for losing)\n|raw|mtyqjltz6's rating: 1381 &rarr; <strong>1398<\/strong><br \/>(+17 for winning)\n|l|\u2606Miku Nakano ily\n","uploadtime":1700458735,"views":8,"p1id":"mikunakanoily","p2id":"mtyqjltz6","formatid":"gen9nationaldex","rating":1308,"private":0,"password":""}