{"id":"gen9nationaldex-1998052554","p1":"BucketsRevenge","p2":"Onlymanever","format":"[Gen 9] National Dex","log":"|html|<div class=\"broadcast-blue\"><strong>[Gen 9] National Dex is currently suspecting Sneasler! For information on how to participate check out the <a href=\"https:\/\/www.smogon.com\/forums\/threads\/sv-national-dex-suspect-8-just-dance.3731534\/\">suspect thread<\/a>.<\/strong><\/div>\n|j|\u2606BucketsRevenge\n|j|\u203dOnlymanever\n|t:|1700884135\n|gametype|singles\n|player|p1|BucketsRevenge|guitarist|1064\n|player|p2|Onlymanever|lyra|1013\n|teamsize|p1|6\n|teamsize|p2|6\n|gen|9\n|tier|[Gen 9] National Dex\n|rated|\n|rule|HP Percentage Mod: HP is shown in percentages\n|rule|Endless Battle Clause: Forcing endless battles is banned\n|rule|OHKO Clause: OHKO moves are banned\n|rule|Evasion Clause: Evasion abilities, items, and moves are banned\n|rule|Evasion Abilities Clause: Evasion abilities are banned\n|rule|Evasion Items Clause: Evasion items are banned\n|rule|Evasion Moves Clause: Evasion moves are banned\n|rule|Species Clause: Limit one of each Pok\u00e9mon\n|rule|Sleep Clause Mod: Limit one foe put to sleep\n|clearpoke\n|poke|p1|Maushold-Four|\n|poke|p1|Galvantula, M|\n|poke|p1|Sableye, F|\n|poke|p1|Meowstic, M|\n|poke|p1|Serperior, F|\n|poke|p1|Cinderace, M|\n|poke|p2|Chesnaught, M|\n|poke|p2|Vivillon, F|\n|poke|p2|Pyroar, M|\n|poke|p2|Clawitzer, M|\n|poke|p2|Aegislash, F|\n|poke|p2|Tyrantrum, F|\n|teampreview\n|\n|t:|1700884153\n|start\n|switch|p1a: Meowstic|Meowstic, M|100\/100\n|switch|p2a: Vivillon|Vivillon, F|100\/100\n|turn|1\n|\n|t:|1700884165\n|move|p1a: Meowstic|Yawn|p2a: Vivillon\n|-start|p2a: Vivillon|move: Yawn|[of] p1a: Meowstic\n|move|p2a: Vivillon|Quiver Dance|p2a: Vivillon\n|-boost|p2a: Vivillon|spa|1\n|-boost|p2a: Vivillon|spd|1\n|-boost|p2a: Vivillon|spe|1\n|\n|upkeep\n|turn|2\n|\n|t:|1700884176\n|switch|p2a: Aegislash|Aegislash, F|100\/100\n|move|p1a: Meowstic|Trick|p2a: Aegislash\n|-activate|p1a: Meowstic|move: Trick|[of] p2a: Aegislash\n|-item|p2a: Aegislash|Focus Sash|[from] move: Trick\n|-item|p1a: Meowstic|Leftovers|[from] move: Trick\n|\n|upkeep\n|turn|3\n|\n|t:|1700884189\n|move|p1a: Meowstic|Yawn|p2a: Aegislash\n|-start|p2a: Aegislash|move: Yawn|[of] p1a: Meowstic\n|move|p2a: Aegislash|Swords Dance|p2a: Aegislash\n|-boost|p2a: Aegislash|atk|2\n|\n|upkeep\n|turn|4\n|\n|t:|1700884203\n|move|p1a: Meowstic|Trick|p2a: Aegislash\n|-activate|p1a: Meowstic|move: Trick|[of] p2a: Aegislash\n|-item|p2a: Aegislash|Leftovers|[from] move: Trick\n|-item|p1a: Meowstic|Focus Sash|[from] move: Trick\n|-formechange|p2a: Aegislash|Aegislash-Blade||[from] ability: Stance Change\n|move|p2a: Aegislash|Iron Head|p1a: Meowstic\n|-enditem|p1a: Meowstic|Focus Sash\n|-damage|p1a: Meowstic|1\/100\n|\n|-end|p2a: Aegislash|move: Yawn|[silent]\n|-status|p2a: Aegislash|slp\n|upkeep\n|turn|5\n|\n|t:|1700884221\n|switch|p1a: Cinderace|Cinderace, M|100\/100\n|cant|p2a: Aegislash|slp\n|\n|upkeep\n|turn|6\n|\n|t:|1700884243\n|switch|p2a: Clawitzer|Clawitzer, M|100\/100\n|move|p1a: Cinderace|Flame Charge|p2a: Clawitzer\n|-resisted|p2a: Clawitzer\n|-damage|p2a: Clawitzer|86\/100\n|-boost|p1a: Cinderace|spe|1\n|\n|-heal|p2a: Clawitzer|92\/100|[from] item: Leftovers\n|upkeep\n|turn|7\n|\n|t:|1700884258\n|switch|p1a: Sableye|Sableye, F|100\/100\n|move|p2a: Clawitzer|Water Pulse|p1a: Sableye\n|-damage|p1a: Sableye|27\/100\n|\n|-heal|p2a: Clawitzer|98\/100|[from] item: Leftovers\n|upkeep\n|turn|8\n|\n|t:|1700884267\n|move|p1a: Sableye|Gravity|p1a: Sableye\n|-fieldstart|move: Gravity\n|move|p2a: Clawitzer|Water Pulse|p1a: Sableye\n|-damage|p1a: Sableye|0 fnt\n|faint|p1a: Sableye\n|\n|-heal|p2a: Clawitzer|100\/100|[from] item: Leftovers\n|upkeep\n|\n|t:|1700884270\n|switch|p1a: Serperior|Serperior, F|100\/100\n|turn|9\n|\n|t:|1700884278\n|-terastallize|p1a: Serperior|Grass\n|-terastallize|p2a: Clawitzer|Ice\n|move|p1a: Serperior|Leaf Storm|p2a: Clawitzer\n|-damage|p2a: Clawitzer|9\/100\n|-boost|p1a: Serperior|spa|2\n|move|p2a: Clawitzer|Ice Beam|p1a: Serperior\n|-supereffective|p1a: Serperior\n|-damage|p1a: Serperior|0 fnt\n|faint|p1a: Serperior\n|\n|-heal|p2a: Clawitzer|15\/100|[from] item: Leftovers\n|upkeep\n|\n|t:|1700884291\n|switch|p1a: Maushold|Maushold-Four|100\/100\n|turn|10\n|\n|t:|1700884307\n|move|p1a: Maushold|Crunch|p2a: Clawitzer\n|-damage|p2a: Clawitzer|0 fnt\n|faint|p2a: Clawitzer\n|\n|upkeep\n|\n|t:|1700884312\n|switch|p2a: Aegislash|Aegislash, F|100\/100 slp\n|turn|11\n|\n|t:|1700884316\n|-curestatus|p2a: Aegislash|slp|[msg]\n|move|p2a: Aegislash|King's Shield|p2a: Aegislash\n|-singleturn|p2a: Aegislash|Protect\n|move|p1a: Maushold|Crunch|p2a: Aegislash\n|-activate|p2a: Aegislash|move: Protect\n|-unboost|p1a: Maushold|atk|1\n|\n|upkeep\n|turn|12\n|\n|t:|1700884326\n|move|p1a: Maushold|Crunch|p2a: Aegislash\n|-supereffective|p2a: Aegislash\n|-damage|p2a: Aegislash|71\/100\n|move|p2a: Aegislash|Swords Dance|p2a: Aegislash\n|-boost|p2a: Aegislash|atk|2\n|\n|-heal|p2a: Aegislash|78\/100|[from] item: Leftovers\n|-fieldend|move: Gravity\n|upkeep\n|turn|13\n|\n|t:|1700884336\n|switch|p1a: Galvantula|Galvantula, M|100\/100\n|-formechange|p2a: Aegislash|Aegislash-Blade||[from] ability: Stance Change\n|move|p2a: Aegislash|Iron Head|p1a: Galvantula\n|-resisted|p1a: Galvantula\n|-damage|p1a: Galvantula|19\/100\n|\n|-heal|p2a: Aegislash|84\/100|[from] item: Leftovers\n|upkeep\n|turn|14\n|\n|t:|1700884347\n|move|p2a: Aegislash|Shadow Sneak|p1a: Galvantula\n|-crit|p1a: Galvantula\n|-damage|p1a: Galvantula|0 fnt\n|faint|p1a: Galvantula\n|\n|-heal|p2a: Aegislash|90\/100|[from] item: Leftovers\n|upkeep\n|\n|t:|1700884350\n|switch|p1a: Cinderace|Cinderace, M|100\/100\n|turn|15\n|\n|t:|1700884357\n|-formechange|p2a: Aegislash|Aegislash||[from] ability: Stance Change\n|move|p2a: Aegislash|King's Shield|p2a: Aegislash\n|-singleturn|p2a: Aegislash|Protect\n|move|p1a: Cinderace|Taunt|p2a: Aegislash\n|-start|p2a: Aegislash|move: Taunt\n|\n|-heal|p2a: Aegislash|96\/100|[from] item: Leftovers\n|upkeep\n|turn|16\n|\n|t:|1700884368\n|-formechange|p2a: Aegislash|Aegislash-Blade||[from] ability: Stance Change\n|move|p2a: Aegislash|Shadow Sneak|p1a: Cinderace\n|-damage|p1a: Cinderace|41\/100\n|move|p1a: Cinderace|Flame Charge|p2a: Aegislash\n|-supereffective|p2a: Aegislash\n|-damage|p2a: Aegislash|12\/100\n|-boost|p1a: Cinderace|spe|1\n|\n|-heal|p2a: Aegislash|18\/100|[from] item: Leftovers\n|upkeep\n|turn|17\n|\n|t:|1700884379\n|move|p1a: Cinderace|Sucker Punch|p2a: Aegislash\n|-supereffective|p2a: Aegislash\n|-damage|p2a: Aegislash|0 fnt\n|faint|p2a: Aegislash\n|\n|upkeep\n|\n|t:|1700884395\n|switch|p2a: Chesnaught|Chesnaught, M|100\/100\n|turn|18\n|\n|t:|1700884398\n|move|p1a: Cinderace|Flame Charge|p2a: Chesnaught\n|-supereffective|p2a: Chesnaught\n|-damage|p2a: Chesnaught|59\/100\n|-boost|p1a: Cinderace|spe|1\n|move|p2a: Chesnaught|Close Combat|p1a: Cinderace\n|-damage|p1a: Cinderace|0 fnt\n|-unboost|p2a: Chesnaught|def|1\n|-unboost|p2a: Chesnaught|spd|1\n|faint|p1a: Cinderace\n|\n|-heal|p2a: Chesnaught|65\/100|[from] item: Leftovers\n|upkeep\n|\n|t:|1700884405\n|switch|p1a: Meowstic|Meowstic, M|1\/100\n|turn|19\n|\n|t:|1700884417\n|move|p1a: Meowstic|Gravity|p1a: Meowstic\n|-fieldstart|move: Gravity\n|move|p2a: Chesnaught|Close Combat|p1a: Meowstic\n|-resisted|p1a: Meowstic\n|-damage|p1a: Meowstic|0 fnt\n|-unboost|p2a: Chesnaught|def|1\n|-unboost|p2a: Chesnaught|spd|1\n|faint|p1a: Meowstic\n|\n|-heal|p2a: Chesnaught|71\/100|[from] item: Leftovers\n|upkeep\n|\n|t:|1700884420\n|switch|p1a: Maushold|Maushold-Four|100\/100\n|turn|20\n|\n|t:|1700884430\n|move|p1a: Maushold|Population Bomb|p2a: Chesnaught\n|-damage|p2a: Chesnaught|39\/100\n|-damage|p2a: Chesnaught|8\/100\n|-damage|p2a: Chesnaught|0 fnt\n|faint|p2a: Chesnaught\n|-hitcount|p2: Chesnaught|3\n|\n|upkeep\n|\n|t:|1700884439\n|switch|p2a: Vivillon|Vivillon, F|100\/100\n|turn|21\n|\n|t:|1700884446\n|move|p1a: Maushold|Population Bomb|p2a: Vivillon\n|-damage|p2a: Vivillon|68\/100\n|-damage|p2a: Vivillon|32\/100\n|-damage|p2a: Vivillon|0 fnt\n|faint|p2a: Vivillon\n|-hitcount|p2: Vivillon|3\n|\n|upkeep\n|\n|t:|1700884456\n|switch|p2a: Pyroar|Pyroar, M|100\/100\n|turn|22\n|\n|t:|1700884461\n|move|p1a: Maushold|Population Bomb|p2a: Pyroar\n|-damage|p2a: Pyroar|78\/100\n|-damage|p2a: Pyroar|55\/100\n|-damage|p2a: Pyroar|31\/100\n|-damage|p2a: Pyroar|8\/100\n|-damage|p2a: Pyroar|0 fnt\n|faint|p2a: Pyroar\n|-hitcount|p2: Pyroar|5\n|\n|upkeep\n|\n|t:|1700884473\n|switch|p2a: Tyrantrum|Tyrantrum, F|100\/100\n|turn|23\n|\n|t:|1700884478\n|move|p1a: Maushold|Population Bomb|p2a: Tyrantrum\n|-resisted|p2a: Tyrantrum\n|-damage|p2a: Tyrantrum|93\/100\n|-resisted|p2a: Tyrantrum\n|-damage|p2a: Tyrantrum|84\/100\n|-resisted|p2a: Tyrantrum\n|-damage|p2a: Tyrantrum|76\/100\n|-resisted|p2a: Tyrantrum\n|-damage|p2a: Tyrantrum|68\/100\n|-resisted|p2a: Tyrantrum\n|-damage|p2a: Tyrantrum|61\/100\n|-resisted|p2a: Tyrantrum\n|-damage|p2a: Tyrantrum|52\/100\n|-resisted|p2a: Tyrantrum\n|-damage|p2a: Tyrantrum|44\/100\n|-resisted|p2a: Tyrantrum\n|-damage|p2a: Tyrantrum|37\/100\n|-resisted|p2a: Tyrantrum\n|-damage|p2a: Tyrantrum|29\/100\n|-resisted|p2a: Tyrantrum\n|-damage|p2a: Tyrantrum|21\/100\n|-hitcount|p2a: Tyrantrum|10\n|move|p2a: Tyrantrum|Dragon Dance|p2a: Tyrantrum\n|-boost|p2a: Tyrantrum|atk|1\n|-boost|p2a: Tyrantrum|spe|1\n|\n|-heal|p2a: Tyrantrum|27\/100|[from] item: Leftovers\n|-fieldend|move: Gravity\n|upkeep\n|turn|24\n|inactive|Battle timer is ON: inactive players will automatically lose when time's up. (requested by Onlymanever)\n|\n|t:|1700884500\n|move|p2a: Tyrantrum|Close Combat|p1a: Maushold\n|-supereffective|p1a: Maushold\n|-damage|p1a: Maushold|0 fnt\n|-unboost|p2a: Tyrantrum|def|1\n|-unboost|p2a: Tyrantrum|spd|1\n|faint|p1a: Maushold\n|\n|win|Onlymanever\n|raw|BucketsRevenge's rating: 1064 &rarr; <strong>1042<\/strong><br \/>(-22 for losing)\n|raw|Onlymanever's rating: 1013 &rarr; <strong>1057<\/strong><br \/>(+44 for winning)\n|l|\u2606BucketsRevenge\n","uploadtime":1700884515,"views":1,"p1id":"bucketsrevenge","p2id":"onlymanever","formatid":"gen9nationaldex","rating":1042,"private":0,"password":""}