{"id":"gen9nationaldex-1994478480","p1":"psng","p2":"loadinging","format":"[Gen 9] National Dex","log":"|j|\u2606psng\n|j|\u2606loadinging\n|t:|1700448604\n|gametype|singles\n|player|p1|psng|wallace|1471\n|player|p2|loadinging|dawn|1584\n|teamsize|p1|6\n|teamsize|p2|6\n|gen|9\n|tier|[Gen 9] National Dex\n|rated|\n|rule|HP Percentage Mod: HP is shown in percentages\n|rule|Endless Battle Clause: Forcing endless battles is banned\n|rule|OHKO Clause: OHKO moves are banned\n|rule|Evasion Clause: Evasion abilities, items, and moves are banned\n|rule|Evasion Abilities Clause: Evasion abilities are banned\n|rule|Evasion Items Clause: Evasion items are banned\n|rule|Evasion Moves Clause: Evasion moves are banned\n|rule|Species Clause: Limit one of each Pok\u00e9mon\n|rule|Sleep Clause Mod: Limit one foe put to sleep\n|clearpoke\n|poke|p1|Pelipper, F|\n|poke|p1|Tapu Lele|\n|poke|p1|Swampert, F|\n|poke|p1|Greninja-*, M|\n|poke|p1|Zapdos|\n|poke|p1|Ferrothorn, F|\n|poke|p2|Serperior, M|\n|poke|p2|Great Tusk|\n|poke|p2|Tapu Lele|\n|poke|p2|Urshifu-*, F|\n|poke|p2|Charizard, M|\n|poke|p2|Ting-Lu|\n|teampreview\n|inactive|Battle timer is ON: inactive players will automatically lose when time's up. (requested by psng)\n|\n|t:|1700448613\n|start\n|switch|p1a: Tapu Lele|Tapu Lele, shiny|100\/100\n|switch|p2a: Charizard|Charizard, M|100\/100\n|-fieldstart|move: Psychic Terrain|[from] ability: Psychic Surge|[of] p1a: Tapu Lele\n|turn|1\n|\n|t:|1700448622\n|detailschange|p2a: Charizard|Charizard-Mega-Y, M\n|-mega|p2a: Charizard|Charizard|Charizardite Y\n|-weather|SunnyDay|[from] ability: Drought|[of] p2a: Charizard\n|move|p1a: Tapu Lele|Psychic|p2a: Charizard\n|-damage|p2a: Charizard|42\/100\n|move|p2a: Charizard|Weather Ball|p1a: Tapu Lele\n|-damage|p1a: Tapu Lele|5\/100\n|\n|-weather|SunnyDay|[upkeep]\n|upkeep\n|turn|2\n|\n|t:|1700448633\n|switch|p2a: Ting-Lu|Ting-Lu|100\/100\n|-ability|p2a: Ting-Lu|Vessel of Ruin\n|move|p1a: Tapu Lele|Psychic|p2a: Ting-Lu\n|-immune|p2a: Ting-Lu\n|\n|-weather|SunnyDay|[upkeep]\n|upkeep\n|turn|3\n|\n|t:|1700448640\n|switch|p1a: Ferrothorn|Ferrothorn, F, shiny|100\/100\n|move|p2a: Ting-Lu|Stealth Rock|p1a: Ferrothorn\n|-sidestart|p1: psng|move: Stealth Rock\n|\n|-weather|SunnyDay|[upkeep]\n|upkeep\n|turn|4\n|\n|t:|1700448646\n|move|p2a: Ting-Lu|Spikes|p1a: Ferrothorn\n|-sidestart|p1: psng|Spikes\n|move|p1a: Ferrothorn|Stealth Rock|p2a: Ting-Lu\n|-sidestart|p2: loadinging|move: Stealth Rock\n|\n|-weather|SunnyDay|[upkeep]\n|upkeep\n|turn|5\n|\n|t:|1700448648\n|move|p2a: Ting-Lu|Spikes|p1a: Ferrothorn\n|-sidestart|p1: psng|Spikes\n|move|p1a: Ferrothorn|Leech Seed|p2a: Ting-Lu\n|-start|p2a: Ting-Lu|move: Leech Seed\n|\n|-weather|none\n|-damage|p2a: Ting-Lu|88\/100|[from] Leech Seed|[of] p1a: Ferrothorn\n|-fieldend|move: Psychic Terrain\n|upkeep\n|turn|6\n|\n|t:|1700448652\n|switch|p1a: Pelipper|Pelipper, F, shiny|100\/100\n|-damage|p1a: Pelipper|76\/100|[from] Stealth Rock\n|-weather|RainDance|[from] ability: Drizzle|[of] p1a: Pelipper\n|move|p2a: Ting-Lu|Spikes|p1a: Pelipper\n|-sidestart|p1: psng|Spikes\n|\n|-weather|RainDance|[upkeep]\n|-heal|p2a: Ting-Lu|94\/100|[from] item: Leftovers\n|-damage|p2a: Ting-Lu|82\/100|[from] Leech Seed|[of] p1a: Pelipper\n|-heal|p1a: Pelipper|96\/100|[silent]\n|upkeep\n|turn|7\n|\n|t:|1700448657\n|move|p1a: Pelipper|Defog|p2a: Ting-Lu\n|-unboost|p2a: Ting-Lu|evasion|1\n|-sideend|p2: loadinging|Stealth Rock|[from] move: Defog|[of] p1a: Pelipper\n|-sideend|p1: psng|Spikes|[from] move: Defog|[of] p1a: Pelipper\n|-sideend|p1: psng|Stealth Rock|[from] move: Defog|[of] p1a: Pelipper\n|move|p2a: Ting-Lu|Whirlwind|p1a: Pelipper\n|drag|p1a: Greninja|Greninja, M|100\/100\n|\n|-weather|RainDance|[upkeep]\n|-heal|p2a: Ting-Lu|88\/100|[from] item: Leftovers\n|-damage|p2a: Ting-Lu|76\/100|[from] Leech Seed|[of] p1a: Greninja\n|upkeep\n|turn|8\n|\n|t:|1700448664\n|switch|p2a: Tapu Lele|Tapu Lele|100\/100\n|-fieldstart|move: Psychic Terrain|[from] ability: Psychic Surge|[of] p2a: Tapu Lele\n|move|p1a: Greninja|Ice Beam|p2a: Tapu Lele\n|-damage|p2a: Tapu Lele|65\/100\n|-damage|p1a: Greninja|91\/100|[from] item: Life Orb\n|\n|-weather|RainDance|[upkeep]\n|upkeep\n|turn|9\n|\n|t:|1700448675\n|switch|p1a: Ferrothorn|Ferrothorn, F, shiny|100\/100\n|move|p2a: Tapu Lele|Future Sight|p1a: Ferrothorn\n|-start|p2a: Tapu Lele|move: Future Sight\n|\n|-weather|RainDance|[upkeep]\n|upkeep\n|turn|10\n|\n|t:|1700448678\n|switch|p2a: Charizard|Charizard-Mega-Y, M|42\/100\n|-weather|SunnyDay|[from] ability: Drought|[of] p2a: Charizard\n|move|p1a: Ferrothorn|Stealth Rock|p2a: Charizard\n|-sidestart|p2: loadinging|move: Stealth Rock\n|\n|-weather|SunnyDay|[upkeep]\n|upkeep\n|turn|11\n|\n|t:|1700448684\n|move|p1a: Ferrothorn|Protect|p1a: Ferrothorn\n|-singleturn|p1a: Ferrothorn|Protect\n|move|p2a: Charizard|Roost|p2a: Charizard\n|-heal|p2a: Charizard|92\/100\n|-singleturn|p2a: Charizard|move: Roost\n|\n|-weather|SunnyDay|[upkeep]\n|-end|p1a: Ferrothorn|move: Future Sight\n|-resisted|p1a: Ferrothorn\n|-damage|p1a: Ferrothorn|74\/100\n|-heal|p1a: Ferrothorn|80\/100|[from] item: Leftovers\n|upkeep\n|turn|12\n|\n|t:|1700448688\n|-terastallize|p1a: Ferrothorn|Water\n|move|p2a: Charizard|Air Slash|p1a: Ferrothorn\n|-damage|p1a: Ferrothorn|52\/100\n|cant|p1a: Ferrothorn|flinch\n|\n|-weather|SunnyDay|[upkeep]\n|-heal|p1a: Ferrothorn|58\/100|[from] item: Leftovers\n|-fieldend|move: Psychic Terrain\n|upkeep\n|turn|13\n|\n|t:|1700448699\n|switch|p1a: Pelipper|Pelipper, F, shiny|96\/100\n|-weather|RainDance|[from] ability: Drizzle|[of] p1a: Pelipper\n|move|p2a: Charizard|Solar Beam||[still]\n|-prepare|p2a: Charizard|Solar Beam\n|\n|-weather|RainDance|[upkeep]\n|upkeep\n|turn|14\n|\n|t:|1700448703\n|move|p2a: Charizard|Solar Beam|p1a: Pelipper|[from]lockedmove\n|-damage|p1a: Pelipper|61\/100\n|move|p1a: Pelipper|U-turn|p2a: Charizard\n|-resisted|p2a: Charizard\n|-damage|p2a: Charizard|89\/100\n|\n|t:|1700448708\n|switch|p1a: Swampert|Swampert, F, shiny|100\/100|[from] U-turn\n|\n|-weather|RainDance|[upkeep]\n|upkeep\n|turn|15\n|\n|t:|1700448722\n|switch|p2a: Great Tusk|Great Tusk|100\/100\n|-damage|p2a: Great Tusk|98\/100|[from] Stealth Rock\n|detailschange|p1a: Swampert|Swampert-Mega, F, shiny\n|-mega|p1a: Swampert|Swampert|Swampertite\n|move|p1a: Swampert|Liquidation|p2a: Great Tusk\n|-supereffective|p2a: Great Tusk\n|-damage|p2a: Great Tusk|0 fnt\n|faint|p2a: Great Tusk\n|-end|p2a: Great Tusk|Protosynthesis|[silent]\n|\n|-weather|RainDance|[upkeep]\n|upkeep\n|\n|t:|1700448726\n|switch|p2a: Charizard|Charizard-Mega-Y, M|89\/100\n|-damage|p2a: Charizard|39\/100|[from] Stealth Rock\n|-weather|SunnyDay|[from] ability: Drought|[of] p2a: Charizard\n|turn|16\n|\n|t:|1700448735\n|switch|p1a: Pelipper|Pelipper, F, shiny|61\/100\n|-weather|RainDance|[from] ability: Drizzle|[of] p1a: Pelipper\n|move|p2a: Charizard|Solar Beam||[still]\n|-prepare|p2a: Charizard|Solar Beam\n|\n|-weather|RainDance|[upkeep]\n|upkeep\n|turn|17\n|\n|t:|1700448741\n|move|p2a: Charizard|Solar Beam|p1a: Pelipper|[from]lockedmove\n|-damage|p1a: Pelipper|29\/100\n|move|p1a: Pelipper|U-turn|p2a: Charizard\n|-resisted|p2a: Charizard\n|-damage|p2a: Charizard|36\/100\n|\n|t:|1700448746\n|switch|p1a: Swampert|Swampert-Mega, F, shiny|100\/100|[from] U-turn\n|\n|-weather|RainDance|[upkeep]\n|upkeep\n|turn|18\n|\n|t:|1700448756\n|move|p1a: Swampert|Flip Turn|p2a: Charizard\n|-supereffective|p2a: Charizard\n|-damage|p2a: Charizard|0 fnt\n|faint|p2a: Charizard\n|\n|t:|1700448765\n|switch|p1a: Tapu Lele|Tapu Lele, shiny|5\/100|[from] Flip Turn\n|-fieldstart|move: Psychic Terrain|[from] ability: Psychic Surge|[of] p1a: Tapu Lele\n|\n|-weather|RainDance|[upkeep]\n|upkeep\n|\n|t:|1700448771\n|switch|p2a: Tapu Lele|Tapu Lele|65\/100\n|-damage|p2a: Tapu Lele|52\/100|[from] Stealth Rock\n|turn|19\n|\n|t:|1700448775\n|switch|p2a: Ting-Lu|Ting-Lu|76\/100\n|-damage|p2a: Ting-Lu|69\/100|[from] Stealth Rock\n|-ability|p2a: Ting-Lu|Vessel of Ruin\n|move|p1a: Tapu Lele|Moonblast|p2a: Ting-Lu\n|-supereffective|p2a: Ting-Lu\n|-damage|p2a: Ting-Lu|26\/100\n|\n|-weather|RainDance|[upkeep]\n|-heal|p2a: Ting-Lu|32\/100|[from] item: Leftovers\n|upkeep\n|turn|20\n|-message|loadinging forfeited.\n|\n|win|psng\n|raw|psng's rating: 1471 &rarr; <strong>1497<\/strong><br \/>(+26 for winning)\n|raw|loadinging's rating: 1584 &rarr; <strong>1558<\/strong><br \/>(-26 for losing)\n|l|\u2606loadinging\n","uploadtime":1700448788,"views":4,"p1id":"psng","p2id":"loadinging","formatid":"gen9nationaldex","rating":1497,"private":0,"password":""}