{"id":"gen9nationaldex-1992370227","p1":"Aurinkopoetry","p2":"DT Dragalges","format":"[Gen 9] National Dex","log":"|j|\u2606Aurinkopoetry\n|j|\u2606DT Dragalges\n|t:|1700179728\n|gametype|singles\n|player|p1|Aurinkopoetry|swimmer|\n|player|p2|DT Dragalges|koga|\n|teamsize|p1|6\n|teamsize|p2|6\n|gen|9\n|tier|[Gen 9] National Dex\n|rule|HP Percentage Mod: HP is shown in percentages\n|rule|Endless Battle Clause: Forcing endless battles is banned\n|rule|OHKO Clause: OHKO moves are banned\n|rule|Evasion Clause: Evasion abilities, items, and moves are banned\n|rule|Evasion Abilities Clause: Evasion abilities are banned\n|rule|Evasion Items Clause: Evasion items are banned\n|rule|Evasion Moves Clause: Evasion moves are banned\n|rule|Species Clause: Limit one of each Pok\u00e9mon\n|rule|Sleep Clause Mod: Limit one foe put to sleep\n|clearpoke\n|poke|p1|Ferrothorn, F|\n|poke|p1|Pelipper, F|\n|poke|p1|Kingdra, F|\n|poke|p1|Raichu-Alola, M|\n|poke|p1|Dusclops, F|\n|poke|p1|Indeedee, M|\n|poke|p2|Goodra, F|\n|poke|p2|Corviknight, M|\n|poke|p2|Feraligatr, M|\n|poke|p2|Alakazam, M|\n|poke|p2|Muk-Alola, M|\n|poke|p2|Toxicroak, F|\n|teampreview\n|c|\u2606Aurinkopoetry|Good luck friend!\n|c|\u2606DT Dragalges|Same to you!\n|\n|t:|1700179770\n|start\n|switch|p1a: Tahiti|Pelipper, F, shiny|100\/100\n|switch|p2a: Ooze|Goodra, F|100\/100\n|-weather|RainDance|[from] ability: Drizzle|[of] p1a: Tahiti\n|turn|1\n|\n|t:|1700179797\n|switch|p1a: Sentinel|Ferrothorn, F|100\/100\n|move|p2a: Ooze|Thunder|p1a: Sentinel\n|-resisted|p1a: Sentinel\n|-damage|p1a: Sentinel|87\/100\n|\n|-weather|RainDance|[upkeep]\n|-heal|p1a: Sentinel|93\/100|[from] item: Leftovers\n|upkeep\n|turn|2\n|\n|t:|1700179811\n|move|p2a: Ooze|Knock Off|p1a: Sentinel\n|-damage|p1a: Sentinel|80\/100\n|-damage|p2a: Ooze|88\/100|[from] ability: Iron Barbs|[of] p1a: Sentinel\n|-enditem|p1a: Sentinel|Leftovers|[from] move: Knock Off|[of] p2a: Ooze\n|move|p1a: Sentinel|Leech Seed|p2a: Ooze\n|-ability|p2a: Ooze|Sap Sipper|boost\n|-boost|p2a: Ooze|atk|1\n|\n|-weather|RainDance|[upkeep]\n|upkeep\n|turn|3\n|\n|t:|1700179821\n|move|p2a: Ooze|Flamethrower|p1a: Sentinel\n|-supereffective|p1a: Sentinel\n|-damage|p1a: Sentinel|39\/100\n|move|p1a: Sentinel|Iron Defense|p1a: Sentinel\n|-boost|p1a: Sentinel|def|2\n|\n|-weather|RainDance|[upkeep]\n|upkeep\n|turn|4\n|\n|t:|1700179833\n|switch|p1a: Bora Bora|Kingdra, F, shiny|100\/100\n|move|p2a: Ooze|Flamethrower|p1a: Bora Bora\n|-resisted|p1a: Bora Bora\n|-damage|p1a: Bora Bora|97\/100\n|\n|-weather|RainDance|[upkeep]\n|upkeep\n|turn|5\n|\n|t:|1700179856\n|switch|p2a: Yeast|Muk-Alola, M, shiny|100\/100\n|move|p1a: Bora Bora|Ice Beam|p2a: Yeast\n|-damage|p2a: Yeast|74\/100\n|\n|-weather|none\n|-heal|p2a: Yeast|80\/100|[from] item: Black Sludge\n|upkeep\n|turn|6\n|\n|t:|1700179867\n|switch|p1a: Sentinel|Ferrothorn, F|39\/100\n|move|p2a: Yeast|Knock Off|p1a: Sentinel\n|-damage|p1a: Sentinel|25\/100\n|-damage|p2a: Yeast|68\/100|[from] ability: Iron Barbs|[of] p1a: Sentinel\n|\n|-heal|p2a: Yeast|74\/100|[from] item: Black Sludge\n|upkeep\n|turn|7\n|\n|t:|1700179875\n|move|p2a: Yeast|Fire Punch|p1a: Sentinel\n|-supereffective|p1a: Sentinel\n|-damage|p1a: Sentinel|0 fnt\n|-damage|p2a: Yeast|62\/100|[from] ability: Iron Barbs|[of] p1a: Sentinel\n|faint|p1a: Sentinel\n|\n|-heal|p2a: Yeast|68\/100|[from] item: Black Sludge\n|upkeep\n|\n|t:|1700179886\n|switch|p1a: Tahiti|Pelipper, F, shiny|100\/100\n|-weather|RainDance|[from] ability: Drizzle|[of] p1a: Tahiti\n|turn|8\n|\n|t:|1700179893\n|move|p1a: Tahiti|Scald|p2a: Yeast\n|-damage|p2a: Yeast|37\/100\n|-status|p2a: Yeast|brn\n|move|p2a: Yeast|Poison Jab|p1a: Tahiti\n|-damage|p1a: Tahiti|80\/100\n|-status|p1a: Tahiti|psn\n|\n|-weather|RainDance|[upkeep]\n|-heal|p2a: Yeast|43\/100 brn|[from] item: Black Sludge\n|-damage|p1a: Tahiti|68\/100 psn|[from] psn\n|-damage|p2a: Yeast|37\/100 brn|[from] brn\n|upkeep\n|turn|9\n|\n|t:|1700179908\n|switch|p2a: Jericho|Corviknight, M|100\/100\n|-ability|p2a: Jericho|Pressure\n|move|p1a: Tahiti|Scald|p2a: Jericho\n|-damage|p2a: Jericho|57\/100\n|\n|-weather|RainDance|[upkeep]\n|-damage|p1a: Tahiti|55\/100 psn|[from] psn\n|upkeep\n|turn|10\n|\n|t:|1700179923\n|move|p1a: Tahiti|Scald|p2a: Jericho\n|-damage|p2a: Jericho|9\/100\n|move|p2a: Jericho|Brave Bird|p1a: Tahiti\n|-damage|p1a: Tahiti|6\/100 psn\n|-damage|p2a: Jericho|0 fnt|[from] Recoil\n|faint|p2a: Jericho\n|\n|-weather|RainDance|[upkeep]\n|-damage|p1a: Tahiti|0 fnt|[from] psn\n|faint|p1a: Tahiti\n|upkeep\n|\n|t:|1700179940\n|switch|p1a: Bora Bora|Kingdra, F, shiny|97\/100\n|switch|p2a: Spoons|Alakazam, M|100\/100\n|turn|11\n|\n|t:|1700179959\n|move|p1a: Bora Bora|Hurricane|p2a: Spoons\n|-damage|p2a: Spoons|27\/100\n|move|p2a: Spoons|Dazzling Gleam|p1a: Bora Bora\n|-supereffective|p1a: Bora Bora\n|-damage|p1a: Bora Bora|36\/100\n|\n|-weather|RainDance|[upkeep]\n|upkeep\n|turn|12\n|\n|t:|1700179992\n|switch|p2a: Ooze|Goodra, F|88\/100\n|move|p1a: Bora Bora|Hurricane|p2a: Ooze\n|-damage|p2a: Ooze|64\/100\n|\n|-weather|none\n|upkeep\n|turn|13\n|\n|t:|1700180004\n|switch|p1a: Hawaii|Raichu-Alola, M, shiny|100\/100\n|move|p2a: Ooze|Draco Meteor|p1a: Hawaii\n|-damage|p1a: Hawaii|23\/100\n|-unboost|p2a: Ooze|spa|2\n|\n|upkeep\n|turn|14\n|\n|t:|1700180022\n|move|p1a: Hawaii|Thunder|p2a: Ooze|[miss]\n|-miss|p1a: Hawaii|p2a: Ooze\n|move|p2a: Ooze|Knock Off|p1a: Hawaii\n|-supereffective|p1a: Hawaii\n|-damage|p1a: Hawaii|0 fnt\n|-enditem|p1a: Hawaii|Life Orb|[from] move: Knock Off|[of] p2a: Ooze\n|faint|p1a: Hawaii\n|\n|upkeep\n|\n|t:|1700180030\n|switch|p1a: Bora Bora|Kingdra, F, shiny|36\/100\n|turn|15\n|\n|t:|1700180035\n|move|p2a: Ooze|Knock Off|p1a: Bora Bora\n|-damage|p1a: Bora Bora|16\/100\n|-enditem|p1a: Bora Bora|Choice Specs|[from] move: Knock Off|[of] p2a: Ooze\n|move|p1a: Bora Bora|Draco Meteor|p2a: Ooze|[miss]\n|-miss|p1a: Bora Bora|p2a: Ooze\n|\n|upkeep\n|turn|16\n|\n|t:|1700180045\n|move|p2a: Ooze|Draco Meteor|p1a: Bora Bora\n|-supereffective|p1a: Bora Bora\n|-damage|p1a: Bora Bora|0 fnt\n|-unboost|p2a: Ooze|spa|2\n|faint|p1a: Bora Bora\n|\n|upkeep\n|\n|t:|1700180051\n|switch|p1a: Capri|Indeedee, M|100\/100\n|-fieldstart|move: Psychic Terrain|[from] ability: Psychic Surge|[of] p1a: Capri\n|turn|17\n|\n|t:|1700180063\n|move|p1a: Capri|Psyshock|p2a: Ooze\n|-damage|p2a: Ooze|0 fnt\n|faint|p2a: Ooze\n|\n|upkeep\n|\n|t:|1700180085\n|switch|p2a: Dart|Toxicroak, F, shiny|100\/100\n|turn|18\n|\n|t:|1700180096\n|move|p1a: Capri|Psyshock|p2a: Dart\n|-supereffective|p2a: Dart\n|-damage|p2a: Dart|0 fnt\n|faint|p2a: Dart\n|\n|upkeep\n|\n|t:|1700180103\n|switch|p2a: Yeast|Muk-Alola, M, shiny|37\/100 brn\n|turn|19\n|\n|t:|1700180107\n|switch|p1a: Povlegia|Dusclops, F, shiny|100\/100\n|-ability|p1a: Povlegia|Pressure\n|move|p2a: Yeast|Knock Off|p1a: Povlegia\n|-supereffective|p1a: Povlegia\n|-damage|p1a: Povlegia|78\/100\n|-enditem|p1a: Povlegia|Eviolite|[from] move: Knock Off|[of] p2a: Yeast\n|\n|-heal|p2a: Yeast|43\/100 brn|[from] item: Black Sludge\n|-damage|p2a: Yeast|37\/100 brn|[from] brn\n|upkeep\n|turn|20\n|\n|t:|1700180121\n|move|p2a: Yeast|Poison Jab|p1a: Povlegia\n|-resisted|p1a: Povlegia\n|-crit|p1a: Povlegia\n|-damage|p1a: Povlegia|69\/100\n|-status|p1a: Povlegia|psn\n|move|p1a: Povlegia|Earthquake|p2a: Yeast\n|-supereffective|p2a: Yeast\n|-damage|p2a: Yeast|0 fnt\n|faint|p2a: Yeast\n|\n|-damage|p1a: Povlegia|56\/100 psn|[from] psn\n|upkeep\n|\n|t:|1700180127\n|switch|p2a: Sobi|Feraligatr, M|100\/100\n|turn|21\n|\n|t:|1700180134\n|move|p2a: Sobi|Dragon Dance|p2a: Sobi\n|-boost|p2a: Sobi|atk|1\n|-boost|p2a: Sobi|spe|1\n|move|p1a: Povlegia|Will-O-Wisp|p2a: Sobi\n|-status|p2a: Sobi|brn\n|\n|-damage|p1a: Povlegia|44\/100 psn|[from] psn\n|-damage|p2a: Sobi|94\/100 brn|[from] brn\n|-fieldend|move: Psychic Terrain\n|upkeep\n|turn|22\n|\n|t:|1700180144\n|move|p2a: Sobi|Crunch|p1a: Povlegia\n|-supereffective|p1a: Povlegia\n|-damage|p1a: Povlegia|0 fnt\n|faint|p1a: Povlegia\n|\n|-damage|p2a: Sobi|88\/100 brn|[from] brn\n|upkeep\n|\n|t:|1700180149\n|switch|p1a: Capri|Indeedee, M|100\/100\n|-fieldstart|move: Psychic Terrain|[from] ability: Psychic Surge|[of] p1a: Capri\n|turn|23\n|\n|t:|1700180161\n|move|p1a: Capri|Expanding Force|p2a: Sobi\n|-damage|p2a: Sobi|0 fnt\n|faint|p2a: Sobi\n|\n|upkeep\n|\n|t:|1700180165\n|switch|p2a: Spoons|Alakazam, M|27\/100\n|turn|24\n|\n|t:|1700180168\n|move|p1a: Capri|Expanding Force|p2a: Spoons\n|-resisted|p2a: Spoons\n|-damage|p2a: Spoons|0 fnt\n|faint|p2a: Spoons\n|\n|win|Aurinkopoetry\n|c|\u2606DT Dragalges|gg\n|c|\u2606Aurinkopoetry|HOLY FUCK GG\n","uploadtime":1700180183,"views":66,"p1id":"aurinkopoetry","p2id":"dtdragalges","formatid":"gen9nationaldex","rating":0,"private":0,"password":""}