{"id":"gen9nationaldex-1995541270","p1":"etherlords","p2":"DracoShivam","format":"[Gen 9] National Dex","log":"|html|<div class=\"broadcast-blue\"><strong>[Gen 9] National Dex is currently suspecting Sneasler! For information on how to participate check out the <a href=\"https:\/\/www.smogon.com\/forums\/threads\/sv-national-dex-suspect-8-just-dance.3731534\/\">suspect thread<\/a>.<\/strong><\/div>\n|j|\u2606etherlords\n|j|\u2606DracoShivam\n|t:|1700581250\n|gametype|singles\n|player|p1|etherlords|gambler|\n|player|p2|DracoShivam|blue|\n|teamsize|p1|6\n|teamsize|p2|6\n|gen|9\n|tier|[Gen 9] National Dex\n|rule|HP Percentage Mod: HP is shown in percentages\n|rule|Endless Battle Clause: Forcing endless battles is banned\n|rule|OHKO Clause: OHKO moves are banned\n|rule|Evasion Clause: Evasion abilities, items, and moves are banned\n|rule|Evasion Abilities Clause: Evasion abilities are banned\n|rule|Evasion Items Clause: Evasion items are banned\n|rule|Evasion Moves Clause: Evasion moves are banned\n|rule|Species Clause: Limit one of each Pok\u00e9mon\n|rule|Sleep Clause Mod: Limit one foe put to sleep\n|clearpoke\n|poke|p1|Venusaur, M|\n|poke|p1|Kyurem|\n|poke|p1|Excadrill, F|\n|poke|p1|Torkoal, F|\n|poke|p1|Volcanion|\n|poke|p1|Kartana|\n|poke|p2|Diancie|\n|poke|p2|Tapu Lele|\n|poke|p2|Grimmsnarl, M|\n|poke|p2|Iron Valiant|\n|poke|p2|Ribombee, M|\n|poke|p2|Azumarill, F|\n|teampreview\n|inactive|Battle timer is ON: inactive players will automatically lose when time's up. (requested by DracoShivam)\n|inactive|etherlords also wants the timer to be on.\n|j| Psvishal\n|\n|t:|1700581275\n|start\n|switch|p1a: Papercut|Kartana|100\/100\n|switch|p2a: Ribombee|Ribombee, M|100\/100\n|turn|1\n|j| Najirs\n|c| Najirs|Just do it bro\n|inactive|DracoShivam has 270 seconds left.\n|\n|t:|1700581311\n|move|p1a: Papercut|Smart Strike|p2a: Ribombee\n|-supereffective|p2a: Ribombee\n|-enditem|p2a: Ribombee|Focus Sash\n|-damage|p2a: Ribombee|1\/100\n|move|p2a: Ribombee|Bug Buzz|p1a: Papercut\n|-enditem|p1a: Papercut|Focus Sash\n|-damage|p1a: Papercut|1\/100\n|\n|upkeep\n|turn|2\n|c| Najirs|Way more valuable than a 2hkoed switch\n|c| Najirs|Nice\n|inactive|DracoShivam has 270 seconds left.\n|c| Najirs|No\n|c| Najirs|Web that mfer\n|c|\u2606DracoShivam|Society\n|c|\u2606etherlords|damn slow bee\n|c| Psvishal|did you change evs?\n|inactive|DracoShivam has 240 seconds left.\n|c|\u2606etherlords|no\n|c| Najirs|He asked draco I think\n|\n|t:|1700581369\n|move|p1a: Papercut|Knock Off|p2a: Ribombee\n|-resisted|p2a: Ribombee\n|-damage|p2a: Ribombee|0 fnt\n|faint|p2a: Ribombee\n|-ability|p1a: Papercut|Beast Boost|boost\n|-boost|p1a: Papercut|atk|1\n|\n|upkeep\n|c| Psvishal|aah\n|inactive|DracoShivam has 210 seconds left.\n|\n|t:|1700581387\n|switch|p2a: Grimmsnarl|Grimmsnarl, M|100\/100\n|turn|3\n|\n|t:|1700581391\n|move|p2a: Grimmsnarl|Fake Out|p1a: Papercut\n|-resisted|p1a: Papercut\n|-damage|p1a: Papercut|0 fnt\n|faint|p1a: Papercut\n|\n|upkeep\n|c| Najirs|Damn boi\n|c| Najirs|Never saw that coming\n|\n|t:|1700581411\n|switch|p1a: Naked mole rat|Excadrill, F|100\/100\n|-ability|p1a: Naked mole rat|Mold Breaker\n|turn|4\n|c|\u2606etherlords|i thought sucker\n|c|\u2606etherlords|but same result meh\n|\n|t:|1700581434\n|move|p2a: Grimmsnarl|Parting Shot|p1a: Naked mole rat\n|-unboost|p1a: Naked mole rat|atk|1\n|-unboost|p1a: Naked mole rat|spa|1\n|c| Najirs|Omoshiroi\n|\n|t:|1700581450\n|switch|p2a: Diancie|Diancie|100\/100|[from] Parting Shot\n|move|p1a: Naked mole rat|Iron Head|p2a: Diancie\n|-supereffective|p2a: Diancie\n|-damage|p2a: Diancie|0 fnt\n|faint|p2a: Diancie\n|\n|upkeep\n|c| Psvishal|Why\n|c|\u2606etherlords|lol\n|c| Najirs|No you idiot\n|c|\u2606DracoShivam|That was a misinput\n|c| Najirs|Azu was the switch\n|c| Psvishal|what was he cooking\n|c| Psvishal|yeahh\n|inactive|DracoShivam has 210 seconds left.\n|c|\u2606etherlords|man had to pick the 4x weaak mon\n|c| Najirs|Lmfao\n|\n|t:|1700581477\n|switch|p2a: Iron Valiant|Iron Valiant|100\/100\n|turn|5\n|\n|t:|1700581484\n|switch|p1a: sunny boi|Torkoal, F|100\/100\n|-weather|SunnyDay|[from] ability: Drought|[of] p1a: sunny boi\n|-zpower|p2a: Iron Valiant\n|move|p2a: Iron Valiant|All-Out Pummeling|p1a: sunny boi|[zeffect]\n|-damage|p1a: sunny boi|46\/100\n|\n|-weather|SunnyDay|[upkeep]\n|upkeep\n|turn|6\n|c| Najirs|Dude again\n|c| Najirs|Just go to your setup mon\n|c| Najirs|Pls\n|inactive|DracoShivam has 210 seconds left.\n|\n|t:|1700581499\n|move|p2a: Iron Valiant|Swords Dance|p2a: Iron Valiant\n|-boost|p2a: Iron Valiant|atk|2\n|move|p1a: sunny boi|Yawn|p2a: Iron Valiant\n|-start|p2a: Iron Valiant|move: Yawn|[of] p1a: sunny boi\n|\n|-weather|SunnyDay|[upkeep]\n|upkeep\n|turn|7\n|c| Najirs|What was the parting shot for then\n|c| Najirs|Dude\n|\n|t:|1700581507\n|move|p2a: Iron Valiant|Knock Off|p1a: sunny boi\n|-damage|p1a: sunny boi|5\/100\n|-enditem|p1a: sunny boi|Heat Rock|[from] move: Knock Off|[of] p2a: Iron Valiant\n|move|p1a: sunny boi|Stealth Rock|p2a: Iron Valiant\n|-sidestart|p2: DracoShivam|move: Stealth Rock\n|\n|-weather|SunnyDay|[upkeep]\n|-end|p2a: Iron Valiant|move: Yawn|[silent]\n|-status|p2a: Iron Valiant|slp\n|upkeep\n|turn|8\n|c| Najirs|Parting shot and memento pair with setup moves\n|\n|t:|1700581516\n|switch|p1a: Naked mole rat|Excadrill, F|100\/100\n|-ability|p1a: Naked mole rat|Mold Breaker\n|cant|p2a: Iron Valiant|slp\n|\n|-weather|SunnyDay|[upkeep]\n|upkeep\n|turn|9\n|\n|t:|1700581520\n|move|p1a: Naked mole rat|Iron Head|p2a: Iron Valiant\n|-supereffective|p2a: Iron Valiant\n|-damage|p2a: Iron Valiant|0 fnt\n|faint|p2a: Iron Valiant\n|-end|p2a: Iron Valiant|Quark Drive|[silent]\n|\n|-weather|SunnyDay|[upkeep]\n|upkeep\n|c| Najirs|I can't watch this anymore\n|\n|t:|1700581525\n|switch|p2a: Grimmsnarl|Grimmsnarl, M|100\/100\n|-damage|p2a: Grimmsnarl|88\/100|[from] Stealth Rock\n|turn|10\n|\n|t:|1700581529\n|move|p2a: Grimmsnarl|Fake Out|p1a: Naked mole rat\n|-resisted|p1a: Naked mole rat\n|-damage|p1a: Naked mole rat|93\/100\n|cant|p1a: Naked mole rat|flinch\n|\n|-weather|SunnyDay|[upkeep]\n|upkeep\n|turn|11\n|l| Najirs\n|c| Psvishal|I wanna get high on the santizer in front of my eyes and die\n|\n|t:|1700581533\n|move|p2a: Grimmsnarl|Reflect|p2a: Grimmsnarl\n|-sidestart|p2: DracoShivam|Reflect\n|move|p1a: Naked mole rat|Iron Head|p2a: Grimmsnarl\n|-supereffective|p2a: Grimmsnarl\n|-damage|p2a: Grimmsnarl|35\/100\n|\n|-weather|SunnyDay|[upkeep]\n|upkeep\n|turn|12\n|c| Psvishal|Lol he just left\n|\n|t:|1700581542\n|move|p2a: Grimmsnarl|Parting Shot|p1a: Naked mole rat\n|-unboost|p1a: Naked mole rat|atk|1\n|-unboost|p1a: Naked mole rat|spa|1\n|\n|t:|1700581547\n|switch|p2a: Azumarill|Azumarill, F|100\/100|[from] Parting Shot\n|-damage|p2a: Azumarill|88\/100|[from] Stealth Rock\n|move|p1a: Naked mole rat|Iron Head|p2a: Azumarill\n|-damage|p2a: Azumarill|74\/100\n|\n|-weather|none\n|upkeep\n|turn|13\n|inactive|DracoShivam has 270 seconds left.\n|\n|t:|1700581557\n|switch|p1a: arson|Volcanion|100\/100\n|move|p2a: Azumarill|Belly Drum|p2a: Azumarill\n|-damage|p2a: Azumarill|24\/100\n|-setboost|p2a: Azumarill|atk|6|[from] move: Belly Drum\n|-enditem|p2a: Azumarill|Aguav Berry|[eat]\n|-heal|p2a: Azumarill|57\/100|[from] item: Aguav Berry\n|\n|upkeep\n|turn|14\n|\n|t:|1700581566\n|move|p1a: arson|Sludge Wave|p2a: Azumarill\n|-supereffective|p2a: Azumarill\n|-damage|p2a: Azumarill|0 fnt\n|faint|p2a: Azumarill\n|\n|upkeep\n|\n|t:|1700581570\n|switch|p2a: Tapu Lele|Tapu Lele|100\/100\n|-damage|p2a: Tapu Lele|88\/100|[from] Stealth Rock\n|-fieldstart|move: Psychic Terrain|[from] ability: Psychic Surge|[of] p2a: Tapu Lele\n|turn|15\n|c| Psvishal|what was he cooking\n|\n|t:|1700581579\n|-terastallize|p2a: Tapu Lele|Psychic\n|move|p2a: Tapu Lele|Psychic|p1a: arson\n|-damage|p1a: arson|50\/100\n|move|p1a: arson|Sludge Wave|p2a: Tapu Lele\n|-damage|p2a: Tapu Lele|47\/100\n|\n|upkeep\n|turn|16\n|\n|t:|1700581586\n|move|p2a: Tapu Lele|Psychic|p1a: arson\n|-crit|p1a: arson\n|-damage|p1a: arson|0 fnt\n|faint|p1a: arson\n|\n|upkeep\n|c| Psvishal|good on srijan for revealing that it was a set up mon too ig\n|\n|t:|1700581599\n|switch|p1a: Naked mole rat|Excadrill, F|93\/100\n|-ability|p1a: Naked mole rat|Mold Breaker\n|turn|17\n|c| Psvishal|I want a re please\n|c|\u2606etherlords|it's obvious\n|c|\u2606etherlords|cool\n|c| Psvishal|Yeah it was\n|\n|t:|1700581620\n|move|p2a: Tapu Lele|Psychic|p1a: Naked mole rat\n|-resisted|p1a: Naked mole rat\n|-damage|p1a: Naked mole rat|42\/100\n|move|p1a: Naked mole rat|Iron Head|p2a: Tapu Lele\n|-damage|p2a: Tapu Lele|13\/100\n|\n|upkeep\n|turn|18\n|\n|t:|1700581626\n|move|p2a: Tapu Lele|Psychic|p1a: Naked mole rat\n|-resisted|p1a: Naked mole rat\n|-damage|p1a: Naked mole rat|0 fnt\n|faint|p1a: Naked mole rat\n|\n|-sideend|p2: DracoShivam|Reflect\n|upkeep\n|\n|t:|1700581631\n|switch|p1a: Kyu:3|Kyurem|100\/100\n|-ability|p1a: Kyu:3|Pressure\n|turn|19\n|c| Psvishal|wait\n|\n|t:|1700581637\n|-terastallize|p1a: Kyu:3|Steel\n|move|p2a: Tapu Lele|Psychic|p1a: Kyu:3\n|-resisted|p1a: Kyu:3\n|-damage|p1a: Kyu:3|60\/100\n|move|p1a: Kyu:3|Flash Cannon|p2a: Tapu Lele\n|-damage|p2a: Tapu Lele|0 fnt\n|faint|p2a: Tapu Lele\n|\n|-fieldend|move: Psychic Terrain\n|upkeep\n|c| Psvishal|nvm\n|\n|t:|1700581644\n|switch|p2a: Grimmsnarl|Grimmsnarl, M|35\/100\n|-damage|p2a: Grimmsnarl|22\/100|[from] Stealth Rock\n|turn|20\n|\n|t:|1700581648\n|move|p2a: Grimmsnarl|Fake Out|p1a: Kyu:3\n|-resisted|p1a: Kyu:3\n|-damage|p1a: Kyu:3|55\/100\n|cant|p1a: Kyu:3|flinch\n|\n|upkeep\n|turn|21\n|\n|t:|1700581654\n|move|p2a: Grimmsnarl|Parting Shot|p1a: Kyu:3\n|-unboost|p1a: Kyu:3|atk|1\n|-unboost|p1a: Kyu:3|spa|1\n|move|p1a: Kyu:3|Flash Cannon|p2a: Grimmsnarl\n|-supereffective|p2a: Grimmsnarl\n|-damage|p2a: Grimmsnarl|0 fnt\n|faint|p2a: Grimmsnarl\n|\n|win|etherlords\n|c|\u2606etherlords|gg\n|c|\u2606DracoShivam|Gg\n|l|\u2606etherlords\n|l|\u2606DracoShivam\n|c| Psvishal|this is like that head's catch in wc\n|c| Psvishal|gg\n|j|\u2606DracoShivam\n|player|p2|DracoShivam|blue\n","uploadtime":1700581679,"views":11,"p1id":"etherlords","p2id":"dracoshivam","formatid":"gen9nationaldex","rating":0,"private":0,"password":""}