{"id":"gen9nationaldex-1997592627","p1":"runeatest","p2":"Moonlight_th07","format":"[Gen 9] National Dex","log":"|html|<div class=\"broadcast-blue\"><strong>[Gen 9] National Dex is currently suspecting Sneasler! For information on how to participate check out the <a href=\"https:\/\/www.smogon.com\/forums\/threads\/sv-national-dex-suspect-8-just-dance.3731534\/\">suspect thread<\/a>.<\/strong><\/div>\n|j|\u2606runeatest\n|j|\u2606Moonlight_th07\n|t:|1700830281\n|gametype|singles\n|player|p1|runeatest|fisherman-gen4|1197\n|player|p2|Moonlight_th07|dawn-gen4pt|1116\n|teamsize|p1|6\n|teamsize|p2|6\n|gen|9\n|tier|[Gen 9] National Dex\n|rated|\n|rule|HP Percentage Mod: HP is shown in percentages\n|rule|Endless Battle Clause: Forcing endless battles is banned\n|rule|OHKO Clause: OHKO moves are banned\n|rule|Evasion Clause: Evasion abilities, items, and moves are banned\n|rule|Evasion Abilities Clause: Evasion abilities are banned\n|rule|Evasion Items Clause: Evasion items are banned\n|rule|Evasion Moves Clause: Evasion moves are banned\n|rule|Species Clause: Limit one of each Pok\u00e9mon\n|rule|Sleep Clause Mod: Limit one foe put to sleep\n|clearpoke\n|poke|p1|Sylveon, M|\n|poke|p1|Haxorus, M|\n|poke|p1|Linoone, M|\n|poke|p1|Manectric, M|\n|poke|p1|Krookodile, M|\n|poke|p1|Mantine, F|\n|poke|p2|Sylveon, F|\n|poke|p2|Kommo-o, M|\n|poke|p2|Iron Moth|\n|poke|p2|Excadrill, M|\n|poke|p2|Greninja-*, M|\n|poke|p2|Decidueye-Hisui, M|\n|teampreview\n|inactive|Battle timer is ON: inactive players will automatically lose when time's up. (requested by Moonlight_th07)\n|\n|t:|1700830287\n|start\n|switch|p1a: Krookodile|Krookodile, M|100\/100\n|switch|p2a: Greninja|Greninja, M|100\/100\n|-ability|p1a: Krookodile|Intimidate|boost\n|-unboost|p2a: Greninja|atk|1\n|turn|1\n|\n|t:|1700830294\n|switch|p1a: Mantine|Mantine, F|100\/100\n|move|p2a: Greninja|Surf|p1a: Mantine\n|-immune|p1a: Mantine|[from] ability: Water Absorb\n|\n|upkeep\n|turn|2\n|\n|t:|1700830301\n|move|p2a: Greninja|U-turn|p1a: Mantine\n|-resisted|p1a: Mantine\n|-damage|p1a: Mantine|96\/100\n|\n|t:|1700830307\n|switch|p2a: Sylveon|Sylveon, F|100\/100|[from] U-turn\n|move|p1a: Mantine|Air Slash|p2a: Sylveon\n|-damage|p2a: Sylveon|82\/100\n|\n|-heal|p1a: Mantine|100\/100|[from] item: Leftovers\n|upkeep\n|turn|3\n|\n|t:|1700830328\n|switch|p1a: Haxorus|Haxorus, M, shiny|100\/100\n|-ability|p1a: Haxorus|Mold Breaker\n|move|p2a: Sylveon|Hyper Voice|p1a: Haxorus\n|-supereffective|p1a: Haxorus\n|-enditem|p1a: Haxorus|Focus Sash\n|-damage|p1a: Haxorus|1\/100\n|\n|upkeep\n|turn|4\n|\n|t:|1700830337\n|move|p2a: Sylveon|Hyper Voice|p1a: Haxorus\n|-supereffective|p1a: Haxorus\n|-damage|p1a: Haxorus|0 fnt\n|faint|p1a: Haxorus\n|\n|upkeep\n|\n|t:|1700830346\n|switch|p1a: Lionel Messi|Linoone, M|100\/100\n|turn|5\n|\n|t:|1700830350\n|move|p2a: Sylveon|Hyper Voice|p1a: Lionel Messi\n|-damage|p1a: Lionel Messi|24\/100\n|-enditem|p1a: Lionel Messi|Mago Berry|[eat]\n|-heal|p1a: Lionel Messi|57\/100|[from] item: Mago Berry\n|move|p1a: Lionel Messi|Belly Drum|p1a: Lionel Messi\n|-damage|p1a: Lionel Messi|7\/100\n|-setboost|p1a: Lionel Messi|atk|6|[from] move: Belly Drum\n|\n|upkeep\n|turn|6\n|\n|t:|1700830359\n|move|p1a: Lionel Messi|Extreme Speed|p2a: Sylveon\n|-damage|p2a: Sylveon|0 fnt\n|faint|p2a: Sylveon\n|\n|upkeep\n|\n|t:|1700830366\n|switch|p2a: Kommo-o|Kommo-o, M|100\/100\n|turn|7\n|\n|t:|1700830370\n|move|p1a: Lionel Messi|Extreme Speed|p2a: Kommo-o\n|-damage|p2a: Kommo-o|0 fnt\n|faint|p2a: Kommo-o\n|\n|upkeep\n|\n|t:|1700830375\n|switch|p2a: Excadrill|Excadrill, M|100\/100\n|-ability|p2a: Excadrill|Mold Breaker\n|turn|8\n|\n|t:|1700830381\n|move|p1a: Lionel Messi|Stomping Tantrum|p2a: Excadrill\n|-supereffective|p2a: Excadrill\n|-damage|p2a: Excadrill|0 fnt\n|faint|p2a: Excadrill\n|\n|upkeep\n|\n|t:|1700830386\n|switch|p2a: Greninja|Greninja, M|100\/100\n|turn|9\n|\n|t:|1700830389\n|move|p1a: Lionel Messi|Extreme Speed|p2a: Greninja\n|-damage|p2a: Greninja|0 fnt\n|faint|p2a: Greninja\n|\n|upkeep\n|\n|t:|1700830395\n|switch|p2a: Iron Moth|Iron Moth|100\/100\n|turn|10\n|\n|t:|1700830398\n|move|p1a: Lionel Messi|Extreme Speed|p2a: Iron Moth\n|-damage|p2a: Iron Moth|0 fnt\n|faint|p2a: Iron Moth\n|-end|p2a: Iron Moth|Quark Drive|[silent]\n|\n|upkeep\n|\n|t:|1700830404\n|switch|p2a: Decidueye|Decidueye-Hisui, M|100\/100\n|turn|11\n|c|\u2606runeatest|Linoone is Lionel Messi!!!!\n|\n|t:|1700830433\n|move|p1a: Lionel Messi|Extreme Speed|p2a: Decidueye\n|-damage|p2a: Decidueye|0 fnt\n|faint|p2a: Decidueye\n|\n|win|runeatest\n|raw|runeatest's rating: 1197 &rarr; <strong>1216<\/strong><br \/>(+19 for winning)\n|raw|Moonlight_th07's rating: 1116 &rarr; <strong>1097<\/strong><br \/>(-19 for losing)\n|l|\u2606Moonlight_th07\n","uploadtime":1700830443,"views":13,"p1id":"runeatest","p2id":"moonlightth07","formatid":"gen9nationaldex","rating":1097,"private":0,"password":""}