{"id":"gen9nationaldex-1994370713","p1":"TexanFarmersMarket","p2":"Jeery112","format":"[Gen 9] National Dex","log":"|j|\u2606TexanFarmersMarket\n|j|\u2606Jeery112\n|t:|1700436222\n|gametype|singles\n|player|p1|TexanFarmersMarket|gambler|\n|player|p2|Jeery112|n|\n|teamsize|p1|6\n|teamsize|p2|6\n|gen|9\n|tier|[Gen 9] National Dex\n|rule|HP Percentage Mod: HP is shown in percentages\n|rule|Endless Battle Clause: Forcing endless battles is banned\n|rule|OHKO Clause: OHKO moves are banned\n|rule|Evasion Clause: Evasion abilities, items, and moves are banned\n|rule|Evasion Abilities Clause: Evasion abilities are banned\n|rule|Evasion Items Clause: Evasion items are banned\n|rule|Evasion Moves Clause: Evasion moves are banned\n|rule|Species Clause: Limit one of each Pok\u00e9mon\n|rule|Sleep Clause Mod: Limit one foe put to sleep\n|clearpoke\n|poke|p1|Ursaluna, M|\n|poke|p1|Noivern, F|\n|poke|p1|Hitmontop, M|\n|poke|p1|Mimikyu, F|\n|poke|p1|Aggron, M|\n|poke|p1|Lopunny, M|\n|poke|p2|Hydreigon, M|\n|poke|p2|Samurott-Hisui, F|\n|poke|p2|Weavile, F|\n|poke|p2|Tyranitar, M|\n|poke|p2|Krookodile, M|\n|poke|p2|Sableye, F|\n|teampreview\n|inactive|Battle timer is ON: inactive players will automatically lose when time's up. (requested by TexanFarmersMarket)\n|j| lerazik\n|c|\u2606Jeery112|Gl hf\n|c|\u2606TexanFarmersMarket|glhf\n|\n|t:|1700436231\n|start\n|switch|p1a: Breakdancer|Hitmontop, M|100\/100\n|switch|p2a: Sableye|Sableye, F|100\/100\n|turn|1\n|\n|t:|1700436236\n|switch|p1a: Not Ursaring|Ursaluna, M|100\/100\n|detailschange|p2a: Sableye|Sableye-Mega, F\n|-mega|p2a: Sableye|Sableye|Sablenite\n|move|p2a: Sableye|Will-O-Wisp|p1a: Not Ursaring\n|-status|p1a: Not Ursaring|brn\n|\n|-damage|p1a: Not Ursaring|94\/100 brn|[from] brn\n|upkeep\n|turn|2\n|c|\u2606TexanFarmersMarket|thx\n|\n|t:|1700436247\n|move|p1a: Not Ursaring|Headlong Rush|p2a: Sableye\n|-damage|p2a: Sableye|6\/100\n|-unboost|p1a: Not Ursaring|def|1\n|-unboost|p1a: Not Ursaring|spd|1\n|move|p2a: Sableye|Knock Off|p1a: Not Ursaring\n|-damage|p1a: Not Ursaring|65\/100 brn\n|-enditem|p1a: Not Ursaring|Flame Orb|[from] move: Knock Off|[of] p2a: Sableye\n|\n|-damage|p1a: Not Ursaring|59\/100 brn|[from] brn\n|upkeep\n|turn|3\n|c|\u2606Jeery112|I fd up XD\n|\n|t:|1700436259\n|move|p1a: Not Ursaring|Smack Down|p2a: Sableye\n|-damage|p2a: Sableye|0 fnt\n|faint|p2a: Sableye\n|\n|-damage|p1a: Not Ursaring|53\/100 brn|[from] brn\n|upkeep\n|\n|t:|1700436268\n|switch|p2a: Weavile|Weavile, F|100\/100\n|-ability|p2a: Weavile|Pressure\n|turn|4\n|\n|t:|1700436271\n|move|p2a: Weavile|Fake Out|p1a: Not Ursaring\n|-damage|p1a: Not Ursaring|39\/100 brn\n|cant|p1a: Not Ursaring|flinch\n|\n|-damage|p1a: Not Ursaring|33\/100 brn|[from] brn\n|upkeep\n|turn|5\n|\n|t:|1700436282\n|move|p2a: Weavile|Triple Axel|p1a: Not Ursaring\n|-supereffective|p1a: Not Ursaring\n|-damage|p1a: Not Ursaring|11\/100 brn\n|-hitcount|p1a: Not Ursaring|1\n|move|p1a: Not Ursaring|Facade|p2a: Weavile\n|-damage|p2a: Weavile|0 fnt\n|faint|p2a: Weavile\n|\n|-damage|p1a: Not Ursaring|5\/100 brn|[from] brn\n|upkeep\n|c|\u2606Jeery112|F\n|\n|t:|1700436299\n|switch|p2a: Krookodile|Krookodile, M, shiny|100\/100\n|turn|6\n|c|\u2606TexanFarmersMarket|its ok i have bad triple axel luck too\n|\n|t:|1700436303\n|move|p2a: Krookodile|Knock Off|p1a: Not Ursaring\n|-damage|p1a: Not Ursaring|0 fnt\n|faint|p1a: Not Ursaring\n|-ability|p2a: Krookodile|Moxie|boost\n|-boost|p2a: Krookodile|atk|1\n|\n|upkeep\n|\n|t:|1700436306\n|switch|p1a: Not Pikachu|Mimikyu, F|100\/100\n|turn|7\n|\n|t:|1700436316\n|move|p2a: Krookodile|Knock Off|p1a: Not Pikachu\n|-activate|p1a: Not Pikachu|ability: Disguise\n|-damage|p1a: Not Pikachu|100\/100\n|detailschange|p1a: Not Pikachu|Mimikyu-Busted, F\n|-damage|p1a: Not Pikachu|88\/100|[from] pokemon: Mimikyu-Busted\n|move|p1a: Not Pikachu|Swords Dance|p1a: Not Pikachu\n|-boost|p1a: Not Pikachu|atk|2\n|\n|upkeep\n|turn|8\n|\n|t:|1700436319\n|move|p2a: Krookodile|Knock Off|p1a: Not Pikachu\n|-damage|p1a: Not Pikachu|8\/100\n|-zpower|p1a: Not Pikachu\n|move|p1a: Not Pikachu|Let's Snuggle Forever|p2a: Krookodile|[zeffect]\n|-supereffective|p2a: Krookodile\n|-damage|p2a: Krookodile|0 fnt\n|faint|p2a: Krookodile\n|\n|upkeep\n|\n|t:|1700436325\n|switch|p2a: Samurott|Samurott-Hisui, F|100\/100\n|turn|9\n|\n|t:|1700436331\n|move|p2a: Samurott|Aqua Jet|p1a: Not Pikachu\n|-damage|p1a: Not Pikachu|0 fnt\n|faint|p1a: Not Pikachu\n|\n|upkeep\n|\n|t:|1700436333\n|switch|p1a: Contact Only|Aggron, M|100\/100\n|turn|10\n|\n|t:|1700436336\n|move|p2a: Samurott|Ceaseless Edge|p1a: Contact Only\n|-damage|p1a: Contact Only|72\/100\n|-sidestart|p1: TexanFarmersMarket|Spikes\n|move|p1a: Contact Only|Counter|p2a: Samurott\n|-damage|p2a: Samurott|39\/100\n|\n|upkeep\n|turn|11\n|\n|t:|1700436341\n|move|p2a: Samurott|Razor Shell|p1a: Contact Only\n|-supereffective|p1a: Contact Only\n|-damage|p1a: Contact Only|0 fnt\n|faint|p1a: Contact Only\n|\n|upkeep\n|\n|t:|1700436344\n|switch|p1a: Breakdancer|Hitmontop, M|100\/100\n|-damage|p1a: Breakdancer|88\/100|[from] Spikes\n|turn|12\n|\n|t:|1700436351\n|move|p1a: Breakdancer|Fake Out|p2a: Samurott\n|-damage|p2a: Samurott|15\/100\n|cant|p2a: Samurott|flinch\n|\n|upkeep\n|turn|13\n|\n|t:|1700436353\n|move|p1a: Breakdancer|Mach Punch|p2a: Samurott\n|-supereffective|p2a: Samurott\n|-damage|p2a: Samurott|0 fnt\n|faint|p2a: Samurott\n|\n|upkeep\n|\n|t:|1700436358\n|switch|p2a: Hydreigon|Hydreigon, M|100\/100\n|turn|14\n|\n|t:|1700436361\n|move|p2a: Hydreigon|Draco Meteor|p1a: Breakdancer\n|-damage|p1a: Breakdancer|0 fnt\n|-unboost|p2a: Hydreigon|spa|2\n|faint|p1a: Breakdancer\n|\n|upkeep\n|\n|t:|1700436365\n|switch|p1a: AHHHH!!!!!|Noivern, F|100\/100\n|-item|p2a: Hydreigon|Choice Specs|[from] ability: Frisk|[of] p1a: AHHHH!!!!!|[identify]\n|turn|15\n|\n|t:|1700436369\n|switch|p2a: Tyranitar|Tyranitar, M|100\/100\n|-weather|Sandstorm|[from] ability: Sand Stream|[of] p2a: Tyranitar\n|move|p1a: AHHHH!!!!!|Draco Meteor|p2a: Tyranitar\n|-damage|p2a: Tyranitar|45\/100\n|-unboost|p1a: AHHHH!!!!!|spa|2\n|\n|-weather|Sandstorm|[upkeep]\n|-damage|p1a: AHHHH!!!!!|94\/100|[from] Sandstorm\n|upkeep\n|turn|16\n|\n|t:|1700436376\n|move|p1a: AHHHH!!!!!|Draco Meteor|p2a: Tyranitar\n|-damage|p2a: Tyranitar|18\/100\n|-unboost|p1a: AHHHH!!!!!|spa|2\n|move|p2a: Tyranitar|Crunch|p1a: AHHHH!!!!!\n|-damage|p1a: AHHHH!!!!!|16\/100\n|\n|-weather|Sandstorm|[upkeep]\n|-damage|p1a: AHHHH!!!!!|10\/100|[from] Sandstorm\n|upkeep\n|turn|17\n|\n|t:|1700436379\n|move|p1a: AHHHH!!!!!|Draco Meteor|p2a: Tyranitar\n|-damage|p2a: Tyranitar|0 fnt\n|-unboost|p1a: AHHHH!!!!!|spa|2\n|faint|p2a: Tyranitar\n|\n|-weather|Sandstorm|[upkeep]\n|-damage|p1a: AHHHH!!!!!|4\/100|[from] Sandstorm\n|upkeep\n|\n|t:|1700436381\n|switch|p2a: Hydreigon|Hydreigon, M|100\/100\n|turn|18\n|\n|t:|1700436385\n|-terastallize|p2a: Hydreigon|Steel\n|move|p1a: AHHHH!!!!!|Draco Meteor|p2a: Hydreigon\n|-resisted|p2a: Hydreigon\n|-damage|p2a: Hydreigon|88\/100\n|move|p2a: Hydreigon|Flash Cannon|p1a: AHHHH!!!!!\n|-damage|p1a: AHHHH!!!!!|0 fnt\n|faint|p1a: AHHHH!!!!!\n|\n|-weather|Sandstorm|[upkeep]\n|upkeep\n|\n|t:|1700436387\n|switch|p1a: Gamefreak What|Lopunny, M|100\/100\n|-damage|p1a: Gamefreak What|88\/100|[from] Spikes\n|turn|19\n|\n|t:|1700436389\n|detailschange|p1a: Gamefreak What|Lopunny-Mega, M\n|-mega|p1a: Gamefreak What|Lopunny|Lopunnite\n|move|p1a: Gamefreak What|Fake Out|p2a: Hydreigon\n|-resisted|p2a: Hydreigon\n|-damage|p2a: Hydreigon|76\/100\n|cant|p2a: Hydreigon|flinch\n|\n|-weather|none\n|upkeep\n|turn|20\n|\n|t:|1700436391\n|move|p1a: Gamefreak What|High Jump Kick|p2a: Hydreigon\n|-supereffective|p2a: Hydreigon\n|-damage|p2a: Hydreigon|0 fnt\n|faint|p2a: Hydreigon\n|\n|win|TexanFarmersMarket\n|c|\u2606Jeery112|Gg\n|c|\u2606TexanFarmersMarket|ggwp\n|c|\u2606Jeery112|Wp to u 2\n","uploadtime":1700436418,"views":17,"p1id":"texanfarmersmarket","p2id":"jeery112","formatid":"gen9nationaldex","rating":0,"private":0,"password":""}