{"id":"gen9nationaldex-1999587681","p1":"GedGrey","p2":"iamMushroom","format":"[Gen 9] National Dex","log":"|html|<div class=\"broadcast-blue\"><strong>[Gen 9] National Dex is currently suspecting Sneasler! For information on how to participate check out the <a href=\"https:\/\/www.smogon.com\/forums\/threads\/sv-national-dex-suspect-8-just-dance.3731534\/\">suspect thread<\/a>.<\/strong><\/div>\n|j|\u2606GedGrey\n|j|\u2606iamMushroom\n|t:|1701098857\n|gametype|singles\n|player|p1|GedGrey|170|1087\n|player|p2|iamMushroom|linebacker|1122\n|teamsize|p1|6\n|teamsize|p2|6\n|gen|9\n|tier|[Gen 9] National Dex\n|rated|\n|rule|HP Percentage Mod: HP is shown in percentages\n|rule|Endless Battle Clause: Forcing endless battles is banned\n|rule|OHKO Clause: OHKO moves are banned\n|rule|Evasion Clause: Evasion abilities, items, and moves are banned\n|rule|Evasion Abilities Clause: Evasion abilities are banned\n|rule|Evasion Items Clause: Evasion items are banned\n|rule|Evasion Moves Clause: Evasion moves are banned\n|rule|Species Clause: Limit one of each Pok\u00e9mon\n|rule|Sleep Clause Mod: Limit one foe put to sleep\n|clearpoke\n|poke|p1|Huntail, M|\n|poke|p1|Nidoqueen, F|\n|poke|p1|Grumpig, M|\n|poke|p1|Gliscor, M|\n|poke|p1|Bronzong|\n|poke|p1|Cacturne, M|\n|poke|p2|Blastoise, M|\n|poke|p2|Torkoal, M|\n|poke|p2|Torterra, M|\n|poke|p2|Carracosta, M|\n|poke|p2|Turtonator, M|\n|poke|p2|Drednaw, M|\n|teampreview\n|inactive|Battle timer is ON: inactive players will automatically lose when time's up. (requested by iamMushroom)\n|c|\u2606GedGrey|Shell Smash team\n|c|\u2606GedGrey|Hum\n|\n|t:|1701098888\n|start\n|switch|p1a: Grumpig|Grumpig, M|100\/100\n|switch|p2a: Oogway|Torkoal, M|100\/100\n|turn|1\n|\n|t:|1701098892\n|move|p1a: Grumpig|Taunt|p2a: Oogway\n|-start|p2a: Oogway|move: Taunt\n|cant|p2a: Oogway|move: Taunt|Stealth Rock\n|\n|upkeep\n|turn|2\n|\n|t:|1701098900\n|move|p2a: Oogway|Lava Plume|p1a: Grumpig\n|-damage|p1a: Grumpig|92\/100\n|move|p1a: Grumpig|Trick Room|p1a: Grumpig\n|-fieldstart|move: Trick Room|[of] p1a: Grumpig\n|\n|-heal|p1a: Grumpig|98\/100|[from] item: Leftovers\n|upkeep\n|turn|3\n|\n|t:|1701098919\n|switch|p2a: Verne|Drednaw, M|100\/100\n|move|p1a: Grumpig|Shadow Ball|p2a: Verne\n|-damage|p2a: Verne|72\/100\n|-unboost|p2a: Verne|spd|1\n|\n|-heal|p1a: Grumpig|100\/100|[from] item: Leftovers\n|upkeep\n|turn|4\n|\n|t:|1701098932\n|move|p1a: Grumpig|Shadow Ball|p2a: Verne\n|-damage|p2a: Verne|29\/100\n|move|p2a: Verne|Megahorn|p1a: Grumpig\n|-supereffective|p1a: Grumpig\n|-damage|p1a: Grumpig|0 fnt\n|faint|p1a: Grumpig\n|-damage|p2a: Verne|20\/100|[from] item: Life Orb\n|\n|upkeep\n|\n|t:|1701098939\n|switch|p1a: Cacturne|Cacturne, M|100\/100\n|turn|5\n|\n|t:|1701098950\n|move|p1a: Cacturne|Giga Drain|p2a: Verne\n|-supereffective|p2a: Verne\n|-damage|p2a: Verne|0 fnt\n|faint|p2a: Verne\n|-damage|p1a: Cacturne|91\/100|[from] item: Life Orb\n|\n|upkeep\n|\n|t:|1701098960\n|switch|p2a: Oogway|Torkoal, M|100\/100\n|turn|6\n|\n|t:|1701098974\n|move|p2a: Oogway|Lava Plume|p1a: Cacturne\n|-supereffective|p1a: Cacturne\n|-damage|p1a: Cacturne|8\/100\n|-status|p1a: Cacturne|brn\n|move|p1a: Cacturne|Focus Blast|p2a: Oogway\n|-damage|p2a: Oogway|30\/100\n|-damage|p1a: Cacturne|0 fnt|[from] item: Life Orb\n|faint|p1a: Cacturne\n|\n|-heal|p2a: Oogway|36\/100|[from] item: Leftovers\n|-fieldend|move: Trick Room\n|upkeep\n|\n|t:|1701098984\n|switch|p1a: Nidoqueen|Nidoqueen, F|100\/100\n|turn|7\n|\n|t:|1701098995\n|move|p1a: Nidoqueen|Earth Power|p2a: Oogway\n|-supereffective|p2a: Oogway\n|-damage|p2a: Oogway|0 fnt\n|faint|p2a: Oogway\n|\n|upkeep\n|\n|t:|1701099011\n|switch|p2a: Donatello|Blastoise, M|100\/100\n|turn|8\n|\n|t:|1701099023\n|-terastallize|p2a: Donatello|Water\n|move|p2a: Donatello|Water Spout|p1a: Nidoqueen\n|-supereffective|p1a: Nidoqueen\n|-damage|p1a: Nidoqueen|0 fnt\n|faint|p1a: Nidoqueen\n|\n|upkeep\n|\n|t:|1701099033\n|switch|p1a: Bronzong|Bronzong|100\/100\n|turn|9\n|\n|t:|1701099038\n|move|p2a: Donatello|Dark Pulse|p1a: Bronzong\n|-supereffective|p1a: Bronzong\n|-damage|p1a: Bronzong|59\/100\n|move|p1a: Bronzong|Toxic|p2a: Donatello\n|-status|p2a: Donatello|tox\n|\n|-damage|p2a: Donatello|94\/100 tox|[from] psn\n|upkeep\n|turn|10\n|\n|t:|1701099057\n|switch|p2a: Crush|Carracosta, M|100\/100\n|move|p1a: Bronzong|Trick Room|p1a: Bronzong\n|-fieldstart|move: Trick Room|[of] p1a: Bronzong\n|\n|upkeep\n|turn|11\n|\n|t:|1701099066\n|move|p1a: Bronzong|Toxic|p2a: Crush\n|-status|p2a: Crush|tox\n|move|p2a: Crush|Knock Off|p1a: Bronzong\n|-supereffective|p1a: Bronzong\n|-damage|p1a: Bronzong|0 fnt\n|-damage|p2a: Crush|84\/100 tox|[from] item: Rocky Helmet|[of] p1a: Bronzong\n|-enditem|p1a: Bronzong|Rocky Helmet|[from] move: Knock Off|[of] p2a: Crush\n|faint|p1a: Bronzong\n|-damage|p2a: Crush|74\/100 tox|[from] item: Life Orb\n|\n|-damage|p2a: Crush|68\/100 tox|[from] psn\n|upkeep\n|\n|t:|1701099075\n|switch|p1a: Huntail|Huntail, M, shiny|100\/100\n|turn|12\n|\n|t:|1701099088\n|move|p1a: Huntail|Waterfall|p2a: Crush\n|-damage|p2a: Crush|14\/100 tox\n|move|p2a: Crush|Knock Off|p1a: Huntail\n|-damage|p1a: Huntail|57\/100\n|-enditem|p1a: Huntail|Choice Band|[from] move: Knock Off|[of] p2a: Crush\n|-damage|p2a: Crush|4\/100 tox|[from] item: Life Orb\n|\n|-damage|p2a: Crush|0 fnt|[from] psn\n|faint|p2a: Crush\n|upkeep\n|\n|t:|1701099101\n|switch|p2a: Franklin|Torterra, M|100\/100\n|turn|13\n|\n|t:|1701099108\n|move|p1a: Huntail|Ice Fang|p2a: Franklin\n|-supereffective|p2a: Franklin\n|-damage|p2a: Franklin|10\/100\n|move|p2a: Franklin|Bullet Seed|p1a: Huntail\n|-supereffective|p1a: Huntail\n|-damage|p1a: Huntail|30\/100\n|-supereffective|p1a: Huntail\n|-damage|p1a: Huntail|2\/100\n|-supereffective|p1a: Huntail\n|-damage|p1a: Huntail|0 fnt\n|faint|p1a: Huntail\n|-hitcount|p1: Huntail|3\n|\n|upkeep\n|\n|t:|1701099117\n|switch|p1a: Gliscor|Gliscor, M|100\/100\n|turn|14\n|\n|t:|1701099125\n|move|p2a: Franklin|Bullet Seed|p1a: Gliscor\n|-damage|p1a: Gliscor|87\/100\n|-damage|p1a: Gliscor|74\/100\n|-damage|p1a: Gliscor|61\/100\n|-damage|p1a: Gliscor|46\/100\n|-damage|p1a: Gliscor|33\/100\n|-hitcount|p1a: Gliscor|5\n|move|p1a: Gliscor|Earthquake|p2a: Franklin\n|-resisted|p2a: Franklin\n|-damage|p2a: Franklin|0 fnt\n|faint|p2a: Franklin\n|\n|-fieldend|move: Trick Room\n|-status|p1a: Gliscor|tox|[from] item: Toxic Orb\n|upkeep\n|\n|t:|1701099146\n|switch|p2a: Donatello|Blastoise, M, tera:Water|94\/100 tox\n|turn|15\n|\n|t:|1701099156\n|-terastallize|p1a: Gliscor|Ground\n|move|p1a: Gliscor|Earthquake|p2a: Donatello\n|-damage|p2a: Donatello|25\/100 tox\n|move|p2a: Donatello|Ice Beam|p1a: Gliscor\n|-supereffective|p1a: Gliscor\n|-damage|p1a: Gliscor|0 fnt\n|faint|p1a: Gliscor\n|\n|win|iamMushroom\n|raw|GedGrey's rating: 1087 &rarr; <strong>1066<\/strong><br \/>(-21 for losing)\n|raw|iamMushroom's rating: 1122 &rarr; <strong>1144<\/strong><br \/>(+22 for winning)\n|l|\u2606GedGrey\n","uploadtime":1701099356,"views":9,"p1id":"gedgrey","p2id":"iammushroom","formatid":"gen9nationaldex","rating":1066,"private":0,"password":""}