{"id":"gen9nationaldex-1993641372","p1":"DrippinSauce","p2":"Garry97","format":"[Gen 9] National Dex","log":"|j|\u2606DrippinSauce\n|j|\u2606Garry97\n|t:|1700340589\n|gametype|singles\n|player|p1|DrippinSauce|cynthia-masters|1599\n|player|p2|Garry97|eri|1489\n|teamsize|p1|6\n|teamsize|p2|6\n|gen|9\n|tier|[Gen 9] National Dex\n|rated|\n|rule|HP Percentage Mod: HP is shown in percentages\n|rule|Endless Battle Clause: Forcing endless battles is banned\n|rule|OHKO Clause: OHKO moves are banned\n|rule|Evasion Clause: Evasion abilities, items, and moves are banned\n|rule|Evasion Abilities Clause: Evasion abilities are banned\n|rule|Evasion Items Clause: Evasion items are banned\n|rule|Evasion Moves Clause: Evasion moves are banned\n|rule|Species Clause: Limit one of each Pok\u00e9mon\n|rule|Sleep Clause Mod: Limit one foe put to sleep\n|clearpoke\n|poke|p1|Heatran, M|\n|poke|p1|Ninetales-Alola, F|\n|poke|p1|Great Tusk|\n|poke|p1|Ursaluna, F|\n|poke|p1|Latias, F|\n|poke|p1|Kommo-o, F|\n|poke|p2|Houndstone, M|\n|poke|p2|Whiscash, M|\n|poke|p2|Gardevoir, F|\n|poke|p2|Volcarona, F|\n|poke|p2|Lucario, M|\n|poke|p2|Zapdos-Galar|\n|teampreview\n|inactive|Battle timer is ON: inactive players will automatically lose when time's up. (requested by DrippinSauce)\n|\n|t:|1700340598\n|start\n|switch|p1a: Molten|Heatran, M, shiny|100\/100\n|switch|p2a: Lucario|Lucario, M|100\/100\n|turn|1\n|\n|t:|1700340608\n|switch|p2a: Whiscash|Whiscash, M|100\/100\n|switch|p1a: Tuskin|Great Tusk|100\/100\n|\n|upkeep\n|turn|2\n|\n|t:|1700340614\n|-end|p1a: Tuskin|Protosynthesis|[silent]\n|switch|p1a: Snowin|Ninetales-Alola, F, shiny|100\/100\n|-weather|Snow|[from] ability: Snow Warning|[of] p1a: Snowin\n|switch|p2a: Houndstone|Houndstone, M|100\/100\n|\n|-weather|Snow|[upkeep]\n|upkeep\n|turn|3\n|\n|t:|1700340626\n|switch|p2a: Lucario|Lucario, M|100\/100\n|move|p1a: Snowin|Aurora Veil|p1a: Snowin\n|-sidestart|p1: DrippinSauce|move: Aurora Veil\n|\n|-weather|Snow|[upkeep]\n|upkeep\n|turn|4\n|\n|t:|1700340633\n|switch|p1a: Jettin|Latias, F|100\/100\n|move|p2a: Lucario|Close Combat|p1a: Jettin\n|-resisted|p1a: Jettin\n|-damage|p1a: Jettin|80\/100\n|-unboost|p2a: Lucario|def|1\n|-unboost|p2a: Lucario|spd|1\n|\n|-weather|Snow|[upkeep]\n|upkeep\n|turn|5\n|\n|t:|1700340643\n|switch|p2a: Gardevoir|Gardevoir, F|100\/100\n|-ability|p2a: Gardevoir|Levitate|[from] ability: Trace|[of] p1a: Jettin\n|detailschange|p1a: Jettin|Latias-Mega, F\n|-mega|p1a: Jettin|Latias|Latiasite\n|move|p1a: Jettin|Calm Mind|p1a: Jettin\n|-boost|p1a: Jettin|spa|1\n|-boost|p1a: Jettin|spd|1\n|\n|-weather|Snow|[upkeep]\n|upkeep\n|turn|6\n|\n|t:|1700340654\n|detailschange|p2a: Gardevoir|Gardevoir-Mega, F\n|-mega|p2a: Gardevoir|Gardevoir|Gardevoirite\n|move|p2a: Gardevoir|Hyper Voice|p1a: Jettin\n|-supereffective|p1a: Jettin\n|-damage|p1a: Jettin|51\/100\n|move|p1a: Jettin|Calm Mind|p1a: Jettin\n|-boost|p1a: Jettin|spa|1\n|-boost|p1a: Jettin|spd|1\n|\n|-weather|none\n|upkeep\n|turn|7\n|\n|t:|1700340664\n|move|p2a: Gardevoir|Hyper Voice|p1a: Jettin\n|-supereffective|p1a: Jettin\n|-damage|p1a: Jettin|30\/100\n|move|p1a: Jettin|Recover|p1a: Jettin\n|-heal|p1a: Jettin|80\/100\n|\n|upkeep\n|turn|8\n|\n|t:|1700340674\n|switch|p2a: Whiscash|Whiscash, M|100\/100\n|move|p1a: Jettin|Mystical Fire|p2a: Whiscash\n|-resisted|p2a: Whiscash\n|-damage|p2a: Whiscash|80\/100\n|-unboost|p2a: Whiscash|spa|1\n|\n|-heal|p2a: Whiscash|87\/100|[from] item: Leftovers\n|upkeep\n|turn|9\n|\n|t:|1700340684\n|move|p1a: Jettin|Stored Power|p2a: Whiscash\n|-damage|p2a: Whiscash|9\/100\n|move|p2a: Whiscash|Toxic|p1a: Jettin\n|-status|p1a: Jettin|tox\n|\n|-heal|p2a: Whiscash|15\/100|[from] item: Leftovers\n|-damage|p1a: Jettin|74\/100 tox|[from] psn\n|upkeep\n|turn|10\n|\n|t:|1700340694\n|move|p1a: Jettin|Stored Power|p2a: Whiscash\n|-damage|p2a: Whiscash|0 fnt\n|faint|p2a: Whiscash\n|\n|-damage|p1a: Jettin|62\/100 tox|[from] psn\n|-sideend|p1: DrippinSauce|move: Aurora Veil\n|upkeep\n|\n|t:|1700340706\n|switch|p2a: Zapdos|Zapdos-Galar|100\/100\n|turn|11\n|\n|t:|1700340710\n|move|p2a: Zapdos|U-turn|p1a: Jettin\n|-supereffective|p1a: Jettin\n|-damage|p1a: Jettin|22\/100 tox\n|\n|t:|1700340713\n|switch|p2a: Gardevoir|Gardevoir-Mega, F|100\/100|[from] U-turn\n|move|p1a: Jettin|Stored Power|p2a: Gardevoir\n|-resisted|p2a: Gardevoir\n|-damage|p2a: Gardevoir|51\/100\n|\n|-damage|p1a: Jettin|4\/100 tox|[from] psn\n|upkeep\n|turn|12\n|\n|t:|1700340727\n|switch|p1a: Molten|Heatran, M, shiny|100\/100\n|move|p2a: Gardevoir|Hyper Voice|p1a: Molten\n|-resisted|p1a: Molten\n|-damage|p1a: Molten|91\/100\n|\n|-heal|p1a: Molten|97\/100|[from] item: Leftovers\n|upkeep\n|turn|13\n|inactive|Garry97 has 120 seconds left.\n|\n|t:|1700340763\n|switch|p2a: Zapdos|Zapdos-Galar|100\/100\n|move|p1a: Molten|Toxic|p2a: Zapdos\n|-status|p2a: Zapdos|tox\n|\n|-heal|p1a: Molten|100\/100|[from] item: Leftovers\n|-damage|p2a: Zapdos|94\/100 tox|[from] psn\n|upkeep\n|turn|14\n|inactive|Garry97 has 120 seconds left.\n|\n|t:|1700340772\n|switch|p1a: Tuskin|Great Tusk|100\/100\n|move|p2a: Zapdos|Close Combat|p1a: Tuskin\n|-damage|p1a: Tuskin|69\/100\n|-unboost|p2a: Zapdos|def|1\n|-unboost|p2a: Zapdos|spd|1\n|\n|-heal|p1a: Tuskin|75\/100|[from] item: Leftovers\n|-damage|p2a: Zapdos|82\/100 tox|[from] psn\n|upkeep\n|turn|15\n|inactive|Garry97 has 120 seconds left.\n|\n|t:|1700340786\n|switch|p2a: Houndstone|Houndstone, M|100\/100\n|move|p1a: Tuskin|Earthquake|p2a: Houndstone\n|-damage|p2a: Houndstone|67\/100\n|\n|-heal|p1a: Tuskin|81\/100|[from] item: Leftovers\n|upkeep\n|turn|16\n|inactive|Garry97 has 120 seconds left.\n|\n|t:|1700340800\n|-end|p1a: Tuskin|Protosynthesis|[silent]\n|switch|p1a: Molten|Heatran, M, shiny|100\/100\n|switch|p2a: Lucario|Lucario, M|100\/100\n|\n|upkeep\n|turn|17\n|\n|t:|1700340807\n|switch|p1a: Tuskin|Great Tusk|81\/100\n|-terastallize|p2a: Lucario|Normal\n|move|p2a: Lucario|Close Combat|p1a: Tuskin\n|-damage|p1a: Tuskin|38\/100\n|-unboost|p2a: Lucario|def|1\n|-unboost|p2a: Lucario|spd|1\n|\n|-heal|p1a: Tuskin|44\/100|[from] item: Leftovers\n|upkeep\n|turn|18\n|\n|t:|1700340819\n|switch|p2a: Zapdos|Zapdos-Galar|82\/100 tox\n|move|p1a: Tuskin|Earthquake|p2a: Zapdos\n|-immune|p2a: Zapdos\n|\n|-heal|p1a: Tuskin|50\/100|[from] item: Leftovers\n|-damage|p2a: Zapdos|76\/100 tox|[from] psn\n|upkeep\n|turn|19\n|\n|t:|1700340828\n|-end|p1a: Tuskin|Protosynthesis|[silent]\n|switch|p1a: Snowin|Ninetales-Alola, F, shiny|100\/100\n|-weather|Snow|[from] ability: Snow Warning|[of] p1a: Snowin\n|move|p2a: Zapdos|Close Combat|p1a: Snowin\n|-damage|p1a: Snowin|45\/100\n|-unboost|p2a: Zapdos|def|1\n|-unboost|p2a: Zapdos|spd|1\n|\n|-weather|Snow|[upkeep]\n|-damage|p2a: Zapdos|63\/100 tox|[from] psn\n|upkeep\n|turn|20\n|\n|t:|1700340839\n|move|p2a: Zapdos|Close Combat|p1a: Snowin\n|-damage|p1a: Snowin|0 fnt\n|-unboost|p2a: Zapdos|def|1\n|-unboost|p2a: Zapdos|spd|1\n|faint|p1a: Snowin\n|\n|-weather|Snow|[upkeep]\n|-damage|p2a: Zapdos|44\/100 tox|[from] psn\n|upkeep\n|\n|t:|1700340846\n|switch|p1a: Tuskin|Great Tusk|50\/100\n|turn|21\n|\n|t:|1700340853\n|switch|p2a: Houndstone|Houndstone, M|67\/100\n|move|p1a: Tuskin|Ice Spinner|p2a: Houndstone\n|-damage|p2a: Houndstone|58\/100\n|-damage|p1a: Tuskin|33\/100|[from] item: Rocky Helmet|[of] p2a: Houndstone\n|\n|-weather|Snow|[upkeep]\n|-heal|p1a: Tuskin|40\/100|[from] item: Leftovers\n|upkeep\n|turn|22\n|\n|t:|1700340864\n|move|p1a: Tuskin|Body Press|p2a: Houndstone\n|-immune|p2a: Houndstone\n|move|p2a: Houndstone|Body Press|p1a: Tuskin\n|-damage|p1a: Tuskin|28\/100\n|\n|-weather|Snow|[upkeep]\n|-heal|p1a: Tuskin|34\/100|[from] item: Leftovers\n|upkeep\n|turn|23\n|\n|t:|1700340874\n|move|p1a: Tuskin|Earthquake|p2a: Houndstone\n|-damage|p2a: Houndstone|29\/100\n|move|p2a: Houndstone|Will-O-Wisp|p1a: Tuskin\n|-status|p1a: Tuskin|brn\n|\n|-weather|none\n|-heal|p1a: Tuskin|40\/100 brn|[from] item: Leftovers\n|-damage|p1a: Tuskin|34\/100 brn|[from] brn\n|upkeep\n|turn|24\n|\n|t:|1700340885\n|-end|p1a: Tuskin|Protosynthesis|[silent]\n|switch|p1a: Molten|Heatran, M, shiny|100\/100\n|move|p2a: Houndstone|Body Press|p1a: Molten\n|-supereffective|p1a: Molten\n|-damage|p1a: Molten|58\/100\n|\n|-heal|p1a: Molten|65\/100|[from] item: Leftovers\n|upkeep\n|turn|25\n|\n|t:|1700340894\n|move|p1a: Molten|Magma Storm|p2a: Houndstone|[miss]\n|-miss|p1a: Molten|p2a: Houndstone\n|move|p2a: Houndstone|Body Press|p1a: Molten\n|-supereffective|p1a: Molten\n|-damage|p1a: Molten|18\/100\n|\n|-heal|p1a: Molten|24\/100|[from] item: Leftovers\n|upkeep\n|turn|26\n|\n|t:|1700340904\n|move|p2a: Houndstone|Shadow Sneak|p1a: Molten\n|-damage|p1a: Molten|13\/100\n|move|p1a: Molten|Magma Storm|p2a: Houndstone\n|-damage|p2a: Houndstone|0 fnt\n|faint|p2a: Houndstone\n|\n|-heal|p1a: Molten|19\/100|[from] item: Leftovers\n|upkeep\n|\n|t:|1700340915\n|switch|p2a: Zapdos|Zapdos-Galar|44\/100 tox\n|turn|27\n|\n|t:|1700340926\n|switch|p1a: Jettin|Latias-Mega, F|4\/100 tox\n|move|p2a: Zapdos|Close Combat|p1a: Jettin\n|-resisted|p1a: Jettin\n|-damage|p1a: Jettin|0 fnt\n|-unboost|p2a: Zapdos|def|1\n|-unboost|p2a: Zapdos|spd|1\n|faint|p1a: Jettin\n|\n|-damage|p2a: Zapdos|38\/100 tox|[from] psn\n|upkeep\n|\n|t:|1700340933\n|switch|p1a: Screamin|Kommo-o, F|100\/100\n|turn|28\n|\n|t:|1700340956\n|move|p2a: Zapdos|Close Combat|p1a: Screamin\n|-damage|p1a: Screamin|36\/100\n|-unboost|p2a: Zapdos|def|1\n|-unboost|p2a: Zapdos|spd|1\n|move|p1a: Screamin|Clangorous Soul|p1a: Screamin\n|-boost|p1a: Screamin|atk|1\n|-boost|p1a: Screamin|def|1\n|-boost|p1a: Screamin|spa|1\n|-boost|p1a: Screamin|spd|1\n|-boost|p1a: Screamin|spe|1\n|-damage|p1a: Screamin|3\/100\n|\n|-damage|p2a: Zapdos|26\/100 tox|[from] psn\n|upkeep\n|turn|29\n|\n|t:|1700340969\n|move|p2a: Zapdos|Close Combat|p1a: Screamin\n|-damage|p1a: Screamin|0 fnt\n|-unboost|p2a: Zapdos|def|1\n|-unboost|p2a: Zapdos|spd|1\n|faint|p1a: Screamin\n|\n|-damage|p2a: Zapdos|7\/100 tox|[from] psn\n|upkeep\n|\n|t:|1700340976\n|switch|p1a: Molten|Heatran, M, shiny|19\/100\n|turn|30\n|\n|t:|1700340980\n|move|p2a: Zapdos|Close Combat|p1a: Molten\n|-supereffective|p1a: Molten\n|-damage|p1a: Molten|0 fnt\n|-unboost|p2a: Zapdos|def|1\n|-unboost|p2a: Zapdos|spd|1\n|faint|p1a: Molten\n|\n|-damage|p2a: Zapdos|0 fnt|[from] psn\n|faint|p2a: Zapdos\n|upkeep\n|\n|t:|1700340993\n|switch|p2a: Lucario|Lucario, M, tera:Normal|100\/100\n|switch|p1a: Rushin|Ursaluna, F, shiny|100\/100\n|turn|31\n|\n|t:|1700341004\n|-terastallize|p1a: Rushin|Fighting\n|move|p2a: Lucario|Close Combat|p1a: Rushin\n|-damage|p1a: Rushin|30\/100\n|-unboost|p2a: Lucario|def|1\n|-unboost|p2a: Lucario|spd|1\n|move|p1a: Rushin|Drain Punch|p2a: Lucario\n|-supereffective|p2a: Lucario\n|-damage|p2a: Lucario|0 fnt\n|-heal|p1a: Rushin|63\/100|[from] drain|[of] p2a: Lucario\n|faint|p2a: Lucario\n|\n|-status|p1a: Rushin|brn|[from] item: Flame Orb\n|upkeep\n|-message|DrippinSauce forfeited.\n|\n|win|Garry97\n|raw|DrippinSauce's rating: 1599 &rarr; <strong>1573<\/strong><br \/>(-26 for losing)\n|raw|Garry97's rating: 1489 &rarr; <strong>1515<\/strong><br \/>(+26 for winning)\n|l|\u2606DrippinSauce\n|c|\u2606Garry97|gg\n","uploadtime":1700341027,"views":32,"p1id":"drippinsauce","p2id":"garry97","formatid":"gen9nationaldex","rating":1515,"private":0,"password":""}