{"id":"gen9nationaldex-1994487716","p1":"dahu\u306eai","p2":"ptqs1","format":"[Gen 9] National Dex","log":"|j|\u2606dahu\u306eai\n|j|\u2606ptqs1\n|t:|1700449713\n|gametype|singles\n|player|p1|dahu\u306eai|cynthia-anime2|1213\n|player|p2|ptqs1|lass-gen4dp|1245\n|teamsize|p1|6\n|teamsize|p2|6\n|gen|9\n|tier|[Gen 9] National Dex\n|rated|\n|rule|HP Percentage Mod: HP is shown in percentages\n|rule|Endless Battle Clause: Forcing endless battles is banned\n|rule|OHKO Clause: OHKO moves are banned\n|rule|Evasion Clause: Evasion abilities, items, and moves are banned\n|rule|Evasion Abilities Clause: Evasion abilities are banned\n|rule|Evasion Items Clause: Evasion items are banned\n|rule|Evasion Moves Clause: Evasion moves are banned\n|rule|Species Clause: Limit one of each Pok\u00e9mon\n|rule|Sleep Clause Mod: Limit one foe put to sleep\n|clearpoke\n|poke|p1|Garchomp, M|\n|poke|p1|Lucario, M|\n|poke|p1|Milotic, F|\n|poke|p1|Spiritomb, M|\n|poke|p1|Togekiss, F|\n|poke|p1|Roserade, F|\n|poke|p2|Pidgeot, F|\n|poke|p2|Landorus-Therian, M|\n|poke|p2|Dragonite, M|\n|poke|p2|Moltres|\n|poke|p2|Celesteela|\n|poke|p2|Iron Moth|\n|teampreview\n|inactive|Battle timer is ON: inactive players will automatically lose when time's up. (requested by ptqs1)\n|\n|t:|1700449735\n|start\n|switch|p1a: Roserade|Roserade, F|100\/100\n|switch|p2a: Pidgeot|Pidgeot, F|100\/100\n|turn|1\n|\n|t:|1700449742\n|detailschange|p2a: Pidgeot|Pidgeot-Mega, F\n|-mega|p2a: Pidgeot|Pidgeot|Pidgeotite\n|-terastallize|p1a: Roserade|Poison\n|move|p1a: Roserade|Hidden Power|p2a: Pidgeot\n|-supereffective|p2a: Pidgeot\n|-damage|p2a: Pidgeot|22\/100\n|move|p2a: Pidgeot|Hurricane|p1a: Roserade\n|-damage|p1a: Roserade|28\/100\n|\n|upkeep\n|turn|2\n|\n|t:|1700449754\n|switch|p2a: Landorus|Landorus-Therian, M|100\/100\n|-ability|p2a: Landorus|Intimidate|boost\n|-unboost|p1a: Roserade|atk|1\n|move|p1a: Roserade|Hidden Power|p2a: Landorus\n|-supereffective|p2a: Landorus\n|-damage|p2a: Landorus|0 fnt\n|faint|p2a: Landorus\n|\n|upkeep\n|\n|t:|1700449766\n|switch|p2a: Dragonite|Dragonite, M|100\/100\n|turn|3\n|\n|t:|1700449770\n|move|p2a: Dragonite|Extreme Speed|p1a: Roserade\n|-damage|p1a: Roserade|0 fnt\n|faint|p1a: Roserade\n|\n|upkeep\n|\n|t:|1700449779\n|switch|p1a: Spiritomb|Spiritomb, M|100\/100\n|turn|4\n|\n|t:|1700449787\n|switch|p2a: Celesteela|Celesteela|100\/100\n|move|p1a: Spiritomb|Calm Mind|p1a: Spiritomb\n|-boost|p1a: Spiritomb|spa|1\n|-boost|p1a: Spiritomb|spd|1\n|\n|upkeep\n|turn|5\n|\n|t:|1700449812\n|switch|p2a: Iron Moth|Iron Moth|100\/100\n|move|p1a: Spiritomb|Calm Mind|p1a: Spiritomb\n|-boost|p1a: Spiritomb|spa|1\n|-boost|p1a: Spiritomb|spd|1\n|\n|upkeep\n|turn|6\n|\n|t:|1700449823\n|-terastallize|p2a: Iron Moth|Flying\n|move|p2a: Iron Moth|Air Slash|p1a: Spiritomb\n|-damage|p1a: Spiritomb|66\/100\n|move|p1a: Spiritomb|Stored Power|p2a: Iron Moth\n|-damage|p2a: Iron Moth|54\/100\n|\n|upkeep\n|turn|7\n|\n|t:|1700449834\n|move|p2a: Iron Moth|Air Slash|p1a: Spiritomb\n|-damage|p1a: Spiritomb|33\/100\n|move|p1a: Spiritomb|Calm Mind|p1a: Spiritomb\n|-boost|p1a: Spiritomb|spa|1\n|-boost|p1a: Spiritomb|spd|1\n|\n|upkeep\n|turn|8\n|\n|t:|1700449841\n|move|p2a: Iron Moth|Air Slash|p1a: Spiritomb\n|-damage|p1a: Spiritomb|5\/100\n|move|p1a: Spiritomb|Pain Split|p2a: Iron Moth\n|-sethp|p2a: Iron Moth|29\/100|[from] move: Pain Split|[silent]\n|-sethp|p1a: Spiritomb|29\/100|[from] move: Pain Split\n|\n|upkeep\n|turn|9\n|\n|t:|1700449854\n|move|p2a: Iron Moth|Air Slash|p1a: Spiritomb\n|-damage|p1a: Spiritomb|1\/100\n|move|p1a: Spiritomb|Dark Pulse|p2a: Iron Moth\n|-damage|p2a: Iron Moth|0 fnt\n|faint|p2a: Iron Moth\n|-end|p2a: Iron Moth|Quark Drive|[silent]\n|\n|upkeep\n|\n|t:|1700449861\n|switch|p2a: Pidgeot|Pidgeot-Mega, F|22\/100\n|turn|10\n|\n|t:|1700449873\n|move|p2a: Pidgeot|Hurricane|p1a: Spiritomb\n|-damage|p1a: Spiritomb|0 fnt\n|faint|p1a: Spiritomb\n|\n|upkeep\n|\n|t:|1700449879\n|switch|p1a: Lucario|Lucario, M|100\/100\n|turn|11\n|\n|t:|1700449882\n|move|p2a: Pidgeot|Heat Wave|p1a: Lucario\n|-supereffective|p1a: Lucario\n|-damage|p1a: Lucario|0 fnt\n|faint|p1a: Lucario\n|\n|upkeep\n|\n|t:|1700449888\n|switch|p1a: Milotic|Milotic, F|100\/100\n|turn|12\n|\n|t:|1700449893\n|move|p2a: Pidgeot|Hurricane|p1a: Milotic\n|-damage|p1a: Milotic|67\/100\n|move|p1a: Milotic|Scald|p2a: Pidgeot\n|-damage|p2a: Pidgeot|0 fnt\n|faint|p2a: Pidgeot\n|\n|-status|p1a: Milotic|brn|[from] item: Flame Orb\n|upkeep\n|\n|t:|1700449910\n|switch|p2a: Celesteela|Celesteela|100\/100\n|turn|13\n|\n|t:|1700449917\n|move|p1a: Milotic|Recover|p1a: Milotic\n|-heal|p1a: Milotic|100\/100 brn\n|move|p2a: Celesteela|Autotomize|p2a: Celesteela\n|-boost|p2a: Celesteela|spe|2\n|-start|p2a: Celesteela|Autotomize\n|\n|-damage|p1a: Milotic|94\/100 brn|[from] brn\n|upkeep\n|turn|14\n|\n|t:|1700449927\n|move|p2a: Celesteela|Meteor Beam||[still]\n|-prepare|p2a: Celesteela|Meteor Beam\n|-boost|p2a: Celesteela|spa|1\n|-enditem|p2a: Celesteela|Power Herb\n|-anim|p2a: Celesteela|Meteor Beam|p1a: Milotic\n|-damage|p1a: Milotic|60\/100 brn\n|move|p1a: Milotic|Haze|p1a: Milotic\n|-clearallboost\n|\n|-damage|p1a: Milotic|54\/100 brn|[from] brn\n|upkeep\n|turn|15\n|\n|t:|1700449941\n|move|p1a: Milotic|Scald|p2a: Celesteela\n|-damage|p2a: Celesteela|77\/100\n|move|p2a: Celesteela|Air Slash|p1a: Milotic\n|-damage|p1a: Milotic|30\/100 brn\n|\n|-damage|p1a: Milotic|24\/100 brn|[from] brn\n|upkeep\n|turn|16\n|\n|t:|1700449953\n|move|p1a: Milotic|Recover|p1a: Milotic\n|-heal|p1a: Milotic|74\/100 brn\n|move|p2a: Celesteela|Autotomize|p2a: Celesteela\n|-boost|p2a: Celesteela|spe|2\n|-start|p2a: Celesteela|Autotomize\n|\n|-damage|p1a: Milotic|68\/100 brn|[from] brn\n|upkeep\n|turn|17\n|\n|t:|1700449963\n|move|p2a: Celesteela|Air Slash|p1a: Milotic\n|-damage|p1a: Milotic|46\/100 brn\n|move|p1a: Milotic|Haze|p1a: Milotic\n|-clearallboost\n|\n|-damage|p1a: Milotic|40\/100 brn|[from] brn\n|upkeep\n|turn|18\n|\n|t:|1700449971\n|move|p1a: Milotic|Recover|p1a: Milotic\n|-heal|p1a: Milotic|90\/100 brn\n|move|p2a: Celesteela|Autotomize|p2a: Celesteela\n|-boost|p2a: Celesteela|spe|2\n|-start|p2a: Celesteela|Autotomize\n|\n|-damage|p1a: Milotic|84\/100 brn|[from] brn\n|upkeep\n|turn|19\n|inactive|ptqs1 has 120 seconds left.\n|\n|t:|1700450005\n|move|p2a: Celesteela|Air Slash|p1a: Milotic\n|-damage|p1a: Milotic|64\/100 brn\n|move|p1a: Milotic|Scald|p2a: Celesteela\n|-damage|p2a: Celesteela|50\/100\n|\n|-damage|p1a: Milotic|58\/100 brn|[from] brn\n|upkeep\n|turn|20\n|\n|t:|1700450019\n|move|p2a: Celesteela|Air Slash|p1a: Milotic\n|-damage|p1a: Milotic|36\/100 brn\n|move|p1a: Milotic|Haze|p1a: Milotic\n|-clearallboost\n|\n|-damage|p1a: Milotic|30\/100 brn|[from] brn\n|upkeep\n|turn|21\n|\n|t:|1700450028\n|move|p1a: Milotic|Recover|p1a: Milotic\n|-heal|p1a: Milotic|80\/100 brn\n|move|p2a: Celesteela|Autotomize|p2a: Celesteela\n|-boost|p2a: Celesteela|spe|2\n|-start|p2a: Celesteela|Autotomize\n|\n|-damage|p1a: Milotic|74\/100 brn|[from] brn\n|upkeep\n|turn|22\n|\n|t:|1700450038\n|move|p2a: Celesteela|Air Slash|p1a: Milotic\n|-damage|p1a: Milotic|52\/100 brn\n|cant|p1a: Milotic|flinch\n|\n|-damage|p1a: Milotic|45\/100 brn|[from] brn\n|upkeep\n|turn|23\n|\n|t:|1700450047\n|move|p2a: Celesteela|Air Slash|p1a: Milotic\n|-damage|p1a: Milotic|25\/100 brn\n|cant|p1a: Milotic|flinch\n|\n|-damage|p1a: Milotic|19\/100 brn|[from] brn\n|upkeep\n|turn|24\n|\n|t:|1700450063\n|switch|p1a: Togekiss|Togekiss, F|100\/100\n|move|p2a: Celesteela|Air Slash|p1a: Togekiss\n|-damage|p1a: Togekiss|67\/100\n|\n|upkeep\n|turn|25\n|\n|t:|1700450078\n|move|p2a: Celesteela|Meteor Beam||[still]\n|-prepare|p2a: Celesteela|Meteor Beam\n|-boost|p2a: Celesteela|spa|1\n|move|p1a: Togekiss|Trick|p2a: Celesteela\n|-activate|p1a: Togekiss|move: Trick|[of] p2a: Celesteela\n|-item|p2a: Celesteela|Choice Specs|[from] move: Trick\n|-enditem|p1a: Togekiss|Choice Specs|[silent]|[from] move: Trick\n|\n|upkeep\n|turn|26\n|\n|t:|1700450089\n|switch|p1a: Milotic|Milotic, F|19\/100 brn\n|move|p2a: Celesteela|Meteor Beam|p1a: Milotic|[from]lockedmove|[miss]\n|-miss|p2a: Celesteela|p1a: Milotic\n|\n|-damage|p1a: Milotic|13\/100 brn|[from] brn\n|upkeep\n|turn|27\n|\n|t:|1700450098\n|move|p2a: Celesteela|Meteor Beam||[still]\n|-prepare|p2a: Celesteela|Meteor Beam\n|-boost|p2a: Celesteela|spa|1\n|move|p1a: Milotic|Recover|p1a: Milotic\n|-heal|p1a: Milotic|63\/100 brn\n|\n|-damage|p1a: Milotic|57\/100 brn|[from] brn\n|upkeep\n|turn|28\n|\n|t:|1700450106\n|move|p2a: Celesteela|Meteor Beam|p1a: Milotic|[from]lockedmove\n|-damage|p1a: Milotic|0 fnt\n|faint|p1a: Milotic\n|-ability|p2a: Celesteela|Beast Boost|boost\n|-boost|p2a: Celesteela|spa|1\n|\n|upkeep\n|\n|t:|1700450113\n|switch|p1a: Garchomp|Garchomp, M|100\/100\n|turn|29\n|\n|t:|1700450121\n|move|p2a: Celesteela|Meteor Beam||[still]\n|-prepare|p2a: Celesteela|Meteor Beam\n|-boost|p2a: Celesteela|spa|1\n|move|p1a: Garchomp|Fire Fang|p2a: Celesteela\n|-supereffective|p2a: Celesteela\n|-damage|p2a: Celesteela|10\/100\n|\n|upkeep\n|turn|30\n|\n|t:|1700450129\n|detailschange|p1a: Garchomp|Garchomp-Mega, M\n|-mega|p1a: Garchomp|Garchomp|Garchompite\n|move|p2a: Celesteela|Meteor Beam|p1a: Garchomp|[from]lockedmove\n|-resisted|p1a: Garchomp\n|-damage|p1a: Garchomp|15\/100\n|move|p1a: Garchomp|Fire Fang|p2a: Celesteela\n|-supereffective|p2a: Celesteela\n|-damage|p2a: Celesteela|0 fnt\n|faint|p2a: Celesteela\n|\n|upkeep\n|\n|t:|1700450134\n|switch|p2a: Dragonite|Dragonite, M|100\/100\n|turn|31\n|\n|t:|1700450148\n|move|p2a: Dragonite|Extreme Speed|p1a: Garchomp\n|-damage|p1a: Garchomp|0 fnt\n|faint|p1a: Garchomp\n|\n|upkeep\n|\n|t:|1700450153\n|switch|p1a: Togekiss|Togekiss, F|67\/100\n|turn|32\n|\n|t:|1700450162\n|move|p2a: Dragonite|Extreme Speed|p1a: Togekiss\n|-damage|p1a: Togekiss|33\/100\n|move|p1a: Togekiss|Roost|p1a: Togekiss\n|-heal|p1a: Togekiss|84\/100\n|-singleturn|p1a: Togekiss|move: Roost\n|\n|upkeep\n|turn|33\n|\n|t:|1700450170\n|move|p1a: Togekiss|Air Slash|p2a: Dragonite\n|-damage|p2a: Dragonite|86\/100\n|cant|p2a: Dragonite|flinch\n|\n|upkeep\n|turn|34\n|\n|t:|1700450175\n|move|p1a: Togekiss|Air Slash|p2a: Dragonite\n|-damage|p2a: Dragonite|55\/100\n|cant|p2a: Dragonite|flinch\n|\n|upkeep\n|turn|35\n|\n|t:|1700450181\n|move|p1a: Togekiss|Air Slash|p2a: Dragonite\n|-damage|p2a: Dragonite|24\/100\n|move|p2a: Dragonite|Roost|p2a: Dragonite\n|-heal|p2a: Dragonite|74\/100\n|-singleturn|p2a: Dragonite|move: Roost\n|\n|upkeep\n|turn|36\n|\n|t:|1700450188\n|move|p2a: Dragonite|Extreme Speed|p1a: Togekiss\n|-damage|p1a: Togekiss|47\/100\n|move|p1a: Togekiss|Air Slash|p2a: Dragonite\n|-damage|p2a: Dragonite|42\/100\n|\n|upkeep\n|turn|37\n|\n|t:|1700450198\n|move|p1a: Togekiss|Roost|p1a: Togekiss\n|-heal|p1a: Togekiss|97\/100\n|-singleturn|p1a: Togekiss|move: Roost\n|move|p2a: Dragonite|Roost|p2a: Dragonite\n|-heal|p2a: Dragonite|92\/100\n|-singleturn|p2a: Dragonite|move: Roost\n|\n|upkeep\n|turn|38\n|\n|t:|1700450218\n|move|p1a: Togekiss|Air Slash|p2a: Dragonite\n|-damage|p2a: Dragonite|63\/100\n|move|p2a: Dragonite|Curse|p2a: Dragonite\n|-unboost|p2a: Dragonite|spe|1\n|-boost|p2a: Dragonite|atk|1\n|-boost|p2a: Dragonite|def|1\n|\n|upkeep\n|turn|39\n|\n|t:|1700450228\n|move|p1a: Togekiss|Air Slash|p2a: Dragonite\n|-damage|p2a: Dragonite|31\/100\n|cant|p2a: Dragonite|flinch\n|\n|upkeep\n|turn|40\n|\n|t:|1700450234\n|move|p1a: Togekiss|Air Slash|p2a: Dragonite\n|-damage|p2a: Dragonite|0 fnt\n|faint|p2a: Dragonite\n|\n|upkeep\n|\n|t:|1700450236\n|switch|p2a: Moltres|Moltres|100\/100\n|turn|41\n|\n|t:|1700450241\n|move|p1a: Togekiss|Air Slash|p2a: Moltres\n|-damage|p2a: Moltres|64\/100\n|cant|p2a: Moltres|flinch\n|\n|upkeep\n|turn|42\n|\n|t:|1700450247\n|move|p1a: Togekiss|Air Slash|p2a: Moltres\n|-damage|p2a: Moltres|24\/100\n|cant|p2a: Moltres|flinch\n|\n|upkeep\n|turn|43\n|-message|ptqs1 forfeited.\n|\n|win|dahu\u306eai\n|raw|dahu\u306eai's rating: 1213 &rarr; <strong>1240<\/strong><br \/>(+27 for winning)\n|raw|ptqs1's rating: 1245 &rarr; <strong>1218<\/strong><br \/>(-27 for losing)\n|l|\u2606ptqs1\n","uploadtime":1700450256,"views":10,"p1id":"dahuai","p2id":"ptqs1","formatid":"gen9nationaldex","rating":1218,"private":0,"password":""}