{"id":"gen9nationaldex-1992948814","p1":"testing a funni3","p2":"SoyuzaBrother","format":"[Gen 9] National Dex","log":"|j|\u2606testing a funni3\n|j|\u2606SoyuzaBrother\n|t:|1700249451\n|gametype|singles\n|player|p1|testing a funni3|unknownf|1482\n|player|p2|SoyuzaBrother|cynthia-masters|1538\n|teamsize|p1|6\n|teamsize|p2|6\n|gen|9\n|tier|[Gen 9] National Dex\n|rated|\n|rule|HP Percentage Mod: HP is shown in percentages\n|rule|Endless Battle Clause: Forcing endless battles is banned\n|rule|OHKO Clause: OHKO moves are banned\n|rule|Evasion Clause: Evasion abilities, items, and moves are banned\n|rule|Evasion Abilities Clause: Evasion abilities are banned\n|rule|Evasion Items Clause: Evasion items are banned\n|rule|Evasion Moves Clause: Evasion moves are banned\n|rule|Species Clause: Limit one of each Pok\u00e9mon\n|rule|Sleep Clause Mod: Limit one foe put to sleep\n|clearpoke\n|poke|p1|Grimmsnarl, M|\n|poke|p1|Gyarados, F|\n|poke|p1|Cresselia, F|\n|poke|p1|Iron Hands|\n|poke|p1|Ursaluna, F|\n|poke|p1|Iron Valiant|\n|poke|p2|Ninetales-Alola, M|\n|poke|p2|Glimmora, F|\n|poke|p2|Great Tusk|\n|poke|p2|Charizard, F|\n|poke|p2|Aegislash, M|\n|poke|p2|Kyurem|\n|teampreview\n|inactive|Battle timer is ON: inactive players will automatically lose when time's up. (requested by SoyuzaBrother)\n|\n|t:|1700249459\n|start\n|switch|p1a: Baba Yaga|Grimmsnarl, M, shiny|100\/100\n|switch|p2a: Uranium|Glimmora, F|100\/100\n|turn|1\n|\n|t:|1700249471\n|move|p1a: Baba Yaga|Taunt|p2a: Uranium\n|-start|p2a: Uranium|move: Taunt\n|cant|p2a: Uranium|move: Taunt|Stealth Rock\n|\n|upkeep\n|turn|2\n|\n|t:|1700249476\n|move|p1a: Baba Yaga|Light Screen|p1a: Baba Yaga\n|-sidestart|p1: testing a funni3|move: Light Screen\n|move|p2a: Uranium|Mortal Spin|p1a: Baba Yaga\n|-supereffective|p1a: Baba Yaga\n|-damage|p1a: Baba Yaga|89\/100\n|-status|p1a: Baba Yaga|psn\n|\n|-damage|p1a: Baba Yaga|77\/100 psn|[from] psn\n|upkeep\n|turn|3\n|\n|t:|1700249484\n|move|p1a: Baba Yaga|Reflect|p1a: Baba Yaga\n|-sidestart|p1: testing a funni3|Reflect\n|move|p2a: Uranium|Power Gem|p1a: Baba Yaga\n|-damage|p1a: Baba Yaga|58\/100 psn\n|\n|-damage|p1a: Baba Yaga|46\/100 psn|[from] psn\n|-end|p2a: Uranium|move: Taunt\n|upkeep\n|turn|4\n|\n|t:|1700249489\n|move|p1a: Baba Yaga|Taunt|p2a: Uranium\n|-start|p2a: Uranium|move: Taunt\n|move|p2a: Uranium|Mortal Spin|p1a: Baba Yaga\n|-supereffective|p1a: Baba Yaga\n|-damage|p1a: Baba Yaga|40\/100 psn\n|\n|-damage|p1a: Baba Yaga|27\/100 psn|[from] psn\n|upkeep\n|turn|5\n|\n|t:|1700249503\n|switch|p2a: Snow Doggy|Ninetales-Alola, M|100\/100\n|-weather|Snow|[from] ability: Snow Warning|[of] p2a: Snow Doggy\n|switch|p1a: Iron Hands|Iron Hands|100\/100\n|\n|-weather|Snow|[upkeep]\n|upkeep\n|turn|6\n|\n|t:|1700249512\n|move|p2a: Snow Doggy|Aurora Veil|p2a: Snow Doggy\n|-sidestart|p2: SoyuzaBrother|move: Aurora Veil\n|move|p1a: Iron Hands|Drain Punch|p2a: Snow Doggy\n|-damage|p2a: Snow Doggy|80\/100\n|\n|-weather|Snow|[upkeep]\n|upkeep\n|turn|7\n|\n|t:|1700249518\n|move|p2a: Snow Doggy|Encore|p1a: Iron Hands\n|-start|p1a: Iron Hands|Encore\n|move|p1a: Iron Hands|Drain Punch|p2a: Snow Doggy\n|-crit|p2a: Snow Doggy\n|-damage|p2a: Snow Doggy|21\/100\n|\n|-weather|Snow|[upkeep]\n|upkeep\n|turn|8\n|\n|t:|1700249527\n|switch|p2a: Huh?|Charizard, F|100\/100\n|move|p1a: Iron Hands|Drain Punch|p2a: Huh?\n|-resisted|p2a: Huh?\n|-damage|p2a: Huh?|84\/100\n|\n|-weather|Snow|[upkeep]\n|upkeep\n|turn|9\n|\n|t:|1700249532\n|detailschange|p2a: Huh?|Charizard-Mega-Y, F\n|-mega|p2a: Huh?|Charizard|Charizardite Y\n|-weather|SunnyDay|[from] ability: Drought|[of] p2a: Huh?\n|move|p2a: Huh?|Flamethrower|p1a: Iron Hands\n|-damage|p1a: Iron Hands|64\/100\n|move|p1a: Iron Hands|Drain Punch|p2a: Huh?\n|-resisted|p2a: Huh?\n|-damage|p2a: Huh?|68\/100\n|-heal|p1a: Iron Hands|69\/100|[from] drain|[of] p2a: Huh?\n|\n|-weather|SunnyDay|[upkeep]\n|-end|p1a: Iron Hands|Encore\n|-sideend|p1: testing a funni3|move: Light Screen\n|upkeep\n|turn|10\n|\n|t:|1700249541\n|move|p2a: Huh?|Flamethrower|p1a: Iron Hands\n|-damage|p1a: Iron Hands|3\/100\n|move|p1a: Iron Hands|Thunder Punch|p2a: Huh?\n|-supereffective|p2a: Huh?\n|-damage|p2a: Huh?|2\/100\n|\n|-weather|SunnyDay|[upkeep]\n|-sideend|p1: testing a funni3|Reflect\n|upkeep\n|turn|11\n|\n|t:|1700249552\n|move|p2a: Huh?|Flamethrower|p1a: Iron Hands\n|-damage|p1a: Iron Hands|0 fnt\n|faint|p1a: Iron Hands\n|-end|p1a: Iron Hands|Quark Drive|[silent]\n|\n|-weather|SunnyDay|[upkeep]\n|upkeep\n|\n|t:|1700249558\n|switch|p1a: Baba Yaga|Grimmsnarl, M, shiny|27\/100 psn\n|turn|12\n|\n|t:|1700249566\n|move|p1a: Baba Yaga|Light Screen|p1a: Baba Yaga\n|-sidestart|p1: testing a funni3|move: Light Screen\n|move|p2a: Huh?|Flamethrower|p1a: Baba Yaga\n|-damage|p1a: Baba Yaga|0 fnt\n|faint|p1a: Baba Yaga\n|\n|-weather|SunnyDay|[upkeep]\n|upkeep\n|\n|t:|1700249569\n|switch|p1a: Shadow Dragon|Gyarados, F, shiny|100\/100\n|-ability|p1a: Shadow Dragon|Intimidate|boost\n|-unboost|p2a: Huh?|atk|1\n|turn|13\n|\n|t:|1700249573\n|move|p2a: Huh?|Air Slash|p1a: Shadow Dragon\n|-damage|p1a: Shadow Dragon|73\/100\n|move|p1a: Shadow Dragon|Dragon Dance|p1a: Shadow Dragon\n|-boost|p1a: Shadow Dragon|atk|1\n|-boost|p1a: Shadow Dragon|spe|1\n|\n|-weather|none\n|-sideend|p2: SoyuzaBrother|move: Aurora Veil\n|upkeep\n|turn|14\n|\n|t:|1700249588\n|switch|p2a: Uranium|Glimmora, F|100\/100\n|move|p1a: Shadow Dragon|Dragon Dance|p1a: Shadow Dragon\n|-boost|p1a: Shadow Dragon|atk|1\n|-boost|p1a: Shadow Dragon|spe|1\n|\n|upkeep\n|turn|15\n|\n|t:|1700249596\n|detailschange|p1a: Shadow Dragon|Gyarados-Mega, F, shiny\n|-mega|p1a: Shadow Dragon|Gyarados|Gyaradosite\n|-ability|p1a: Shadow Dragon|Mold Breaker\n|move|p1a: Shadow Dragon|Waterfall|p2a: Uranium\n|-supereffective|p2a: Uranium\n|-enditem|p2a: Uranium|Focus Sash\n|-damage|p2a: Uranium|1\/100\n|-activate|p2a: Uranium|ability: Toxic Debris\n|-sidestart|p1: testing a funni3|move: Toxic Spikes\n|move|p2a: Uranium|Mortal Spin|p1a: Shadow Dragon\n|-damage|p1a: Shadow Dragon|68\/100\n|-status|p1a: Shadow Dragon|psn\n|\n|-damage|p1a: Shadow Dragon|55\/100 psn|[from] psn\n|upkeep\n|turn|16\n|\n|t:|1700249609\n|move|p1a: Shadow Dragon|Waterfall|p2a: Uranium\n|-supereffective|p2a: Uranium\n|-damage|p2a: Uranium|0 fnt\n|-activate|p2a: Uranium|ability: Toxic Debris\n|-sidestart|p1: testing a funni3|move: Toxic Spikes\n|faint|p2a: Uranium\n|\n|-damage|p1a: Shadow Dragon|43\/100 psn|[from] psn\n|upkeep\n|\n|t:|1700249612\n|switch|p2a: Spooky Sword|Aegislash, M|100\/100\n|turn|17\n|\n|t:|1700249618\n|move|p2a: Spooky Sword|King's Shield|p2a: Spooky Sword\n|-singleturn|p2a: Spooky Sword|Protect\n|move|p1a: Shadow Dragon|Taunt|p2a: Spooky Sword\n|-start|p2a: Spooky Sword|move: Taunt\n|\n|-damage|p1a: Shadow Dragon|31\/100 psn|[from] psn\n|upkeep\n|turn|18\n|\n|t:|1700249625\n|move|p1a: Shadow Dragon|Crunch|p2a: Spooky Sword\n|-supereffective|p2a: Spooky Sword\n|-damage|p2a: Spooky Sword|0 fnt\n|faint|p2a: Spooky Sword\n|\n|-damage|p1a: Shadow Dragon|18\/100 psn|[from] psn\n|upkeep\n|\n|t:|1700249630\n|switch|p2a: Huh?|Charizard-Mega-Y, F|2\/100\n|-weather|SunnyDay|[from] ability: Drought|[of] p2a: Huh?\n|turn|19\n|\n|t:|1700249636\n|move|p1a: Shadow Dragon|Waterfall|p2a: Huh?\n|-supereffective|p2a: Huh?\n|-damage|p2a: Huh?|0 fnt\n|faint|p2a: Huh?\n|\n|-weather|SunnyDay|[upkeep]\n|-damage|p1a: Shadow Dragon|6\/100 psn|[from] psn\n|-sideend|p1: testing a funni3|move: Light Screen\n|upkeep\n|\n|t:|1700249638\n|switch|p2a: BaxKyurabur|Kyurem|100\/100\n|-ability|p2a: BaxKyurabur|Pressure\n|turn|20\n|\n|t:|1700249643\n|move|p1a: Shadow Dragon|Crunch|p2a: BaxKyurabur\n|-damage|p2a: BaxKyurabur|0 fnt\n|faint|p2a: BaxKyurabur\n|\n|-weather|SunnyDay|[upkeep]\n|-damage|p1a: Shadow Dragon|0 fnt|[from] psn\n|faint|p1a: Shadow Dragon\n|upkeep\n|\n|t:|1700249648\n|switch|p2a: Snow Doggy|Ninetales-Alola, M|21\/100\n|switch|p1a: Fragile Crescent|Cresselia, F, shiny|100\/100\n|-weather|Snow|[from] ability: Snow Warning|[of] p2a: Snow Doggy\n|turn|21\n|\n|t:|1700249658\n|move|p2a: Snow Doggy|Aurora Veil|p2a: Snow Doggy\n|-sidestart|p2: SoyuzaBrother|move: Aurora Veil\n|move|p1a: Fragile Crescent|Moonblast|p2a: Snow Doggy\n|-damage|p2a: Snow Doggy|12\/100\n|\n|-weather|Snow|[upkeep]\n|upkeep\n|turn|22\n|\n|t:|1700249665\n|move|p2a: Snow Doggy|Freeze-Dry|p1a: Fragile Crescent\n|-damage|p1a: Fragile Crescent|87\/100\n|move|p1a: Fragile Crescent|Moonblast|p2a: Snow Doggy\n|-damage|p2a: Snow Doggy|3\/100\n|\n|-weather|Snow|[upkeep]\n|upkeep\n|turn|23\n|\n|t:|1700249671\n|move|p2a: Snow Doggy|Freeze-Dry|p1a: Fragile Crescent\n|-crit|p1a: Fragile Crescent\n|-damage|p1a: Fragile Crescent|66\/100\n|move|p1a: Fragile Crescent|Moonblast|p2a: Snow Doggy\n|-damage|p2a: Snow Doggy|0 fnt\n|faint|p2a: Snow Doggy\n|\n|-weather|Snow|[upkeep]\n|upkeep\n|\n|t:|1700249675\n|switch|p2a: Manny|Great Tusk|100\/100\n|turn|24\n|\n|t:|1700249683\n|move|p2a: Manny|Knock Off|p1a: Fragile Crescent\n|-supereffective|p1a: Fragile Crescent\n|-damage|p1a: Fragile Crescent|30\/100\n|-enditem|p1a: Fragile Crescent|Kee Berry|[from] move: Knock Off|[of] p2a: Manny\n|move|p1a: Fragile Crescent|Calm Mind|p1a: Fragile Crescent\n|-boost|p1a: Fragile Crescent|spa|1\n|-boost|p1a: Fragile Crescent|spd|1\n|\n|-weather|Snow|[upkeep]\n|upkeep\n|turn|25\n|\n|t:|1700249689\n|-terastallize|p1a: Fragile Crescent|Poison\n|move|p2a: Manny|Knock Off|p1a: Fragile Crescent\n|-damage|p1a: Fragile Crescent|19\/100\n|move|p1a: Fragile Crescent|Moonlight|p1a: Fragile Crescent\n|-heal|p1a: Fragile Crescent|44\/100\n|\n|-weather|none\n|upkeep\n|turn|26\n|-message|SoyuzaBrother forfeited.\n|\n|win|testing a funni3\n|raw|testing a funni3's rating: 1482 &rarr; <strong>1505<\/strong><br \/>(+23 for winning)\n|raw|SoyuzaBrother's rating: 1538 &rarr; <strong>1515<\/strong><br \/>(-23 for losing)\n|l|\u2606SoyuzaBrother\n","uploadtime":1700249708,"views":7,"p1id":"testingafunni3","p2id":"soyuzabrother","formatid":"gen9nationaldex","rating":1505,"private":0,"password":""}