{"id":"gen9nationaldex-1988793671","p1":"Zera & Lucy","p2":"kaemmii","format":"[Gen 9] National Dex","log":"|j|\u2606Zera & Lucy\n|j|\u2606kaemmii\n|t:|1699764021\n|gametype|singles\n|player|p1|Zera & Lucy|cynthia|1050\n|player|p2|kaemmii|depotagent|1000\n|teamsize|p1|6\n|teamsize|p2|6\n|gen|9\n|tier|[Gen 9] National Dex\n|rated|\n|rule|HP Percentage Mod: HP is shown in percentages\n|rule|Endless Battle Clause: Forcing endless battles is banned\n|rule|OHKO Clause: OHKO moves are banned\n|rule|Evasion Clause: Evasion abilities, items, and moves are banned\n|rule|Evasion Abilities Clause: Evasion abilities are banned\n|rule|Evasion Items Clause: Evasion items are banned\n|rule|Evasion Moves Clause: Evasion moves are banned\n|rule|Species Clause: Limit one of each Pok\u00e9mon\n|rule|Sleep Clause Mod: Limit one foe put to sleep\n|clearpoke\n|poke|p1|Hatterene, F|\n|poke|p1|Indeedee, M|\n|poke|p1|Medicham, F|\n|poke|p1|Orbeetle, F|\n|poke|p1|Tapu Lele|\n|poke|p1|Wyrdeer, F|\n|poke|p2|Skeledirge, F|\n|poke|p2|Zoroark-Hisui, F|\n|poke|p2|Dhelmise|\n|poke|p2|Greninja-*, F|\n|poke|p2|Trevenant, M|\n|poke|p2|Decidueye, M|\n|teampreview\n|inactive|Battle timer is ON: inactive players will automatically lose when time's up. (requested by Zera & Lucy)\n|\n|t:|1699764039\n|start\n|switch|p1a: Orbeetle|Orbeetle, F|100\/100\n|switch|p2a: I don't like bond|Greninja, F|100\/100\n|turn|1\n|\n|t:|1699764053\n|move|p2a: I don't like bond|Nasty Plot|p2a: I don't like bond\n|-boost|p2a: I don't like bond|spa|2\n|move|p1a: Orbeetle|Sticky Web|p2a: I don't like bond\n|-sidestart|p2: kaemmii|move: Sticky Web\n|\n|upkeep\n|turn|2\n|\n|t:|1699764059\n|move|p2a: I don't like bond|Shadow Ball|p1a: Orbeetle\n|-supereffective|p1a: Orbeetle\n|-enditem|p1a: Orbeetle|Focus Sash\n|-damage|p1a: Orbeetle|1\/100\n|move|p1a: Orbeetle|Bug Buzz|p2a: I don't like bond\n|-resisted|p2a: I don't like bond\n|-damage|p2a: I don't like bond|68\/100\n|replace|p2a: Cooler Zoraork|Zoroark-Hisui, F, shiny\n|-end|p2a: Cooler Zoraork|Illusion\n|\n|-heal|p2a: Cooler Zoraork|74\/100|[from] item: Leftovers\n|upkeep\n|turn|3\n|\n|t:|1699764071\n|move|p2a: Cooler Zoraork|Crunch|p1a: Orbeetle\n|-supereffective|p1a: Orbeetle\n|-damage|p1a: Orbeetle|0 fnt\n|faint|p1a: Orbeetle\n|\n|-heal|p2a: Cooler Zoraork|80\/100|[from] item: Leftovers\n|upkeep\n|\n|t:|1699764085\n|switch|p1a: Indeedee|Indeedee, M|100\/100\n|-fieldstart|move: Psychic Terrain|[from] ability: Psychic Surge|[of] p1a: Indeedee\n|turn|4\n|\n|t:|1699764100\n|switch|p1a: Medicham|Medicham, F|100\/100\n|move|p2a: Cooler Zoraork|Crunch|p1a: Medicham\n|-damage|p1a: Medicham|72\/100\n|\n|-heal|p2a: Cooler Zoraork|86\/100|[from] item: Leftovers\n|upkeep\n|turn|5\n|\n|t:|1699764111\n|detailschange|p1a: Medicham|Medicham-Mega, F\n|-mega|p1a: Medicham|Medicham|Medichamite\n|move|p1a: Medicham|Detect|p1a: Medicham\n|-singleturn|p1a: Medicham|Protect\n|move|p2a: Cooler Zoraork|Shadow Ball|p1a: Medicham\n|-activate|p1a: Medicham|move: Protect\n|\n|-heal|p2a: Cooler Zoraork|92\/100|[from] item: Leftovers\n|upkeep\n|turn|6\n|\n|t:|1699764121\n|switch|p1a: Wyrdeer|Wyrdeer, F|100\/100\n|-ability|p1a: Wyrdeer|Intimidate|boost\n|-unboost|p2a: Cooler Zoraork|atk|1\n|move|p2a: Cooler Zoraork|Nasty Plot|p2a: Cooler Zoraork\n|-boost|p2a: Cooler Zoraork|spa|2\n|\n|-heal|p2a: Cooler Zoraork|98\/100|[from] item: Leftovers\n|upkeep\n|turn|7\n|\n|t:|1699764132\n|move|p1a: Wyrdeer|Sucker Punch|p2a: Cooler Zoraork\n|-activate|p2a: Cooler Zoraork|move: Psychic Terrain\n|move|p2a: Cooler Zoraork|Crunch|p1a: Wyrdeer\n|-supereffective|p1a: Wyrdeer\n|-damage|p1a: Wyrdeer|76\/100\n|\n|-heal|p2a: Cooler Zoraork|100\/100|[from] item: Leftovers\n|upkeep\n|turn|8\n|\n|t:|1699764141\n|move|p2a: Cooler Zoraork|Crunch|p1a: Wyrdeer\n|-supereffective|p1a: Wyrdeer\n|-damage|p1a: Wyrdeer|52\/100\n|move|p1a: Wyrdeer|Trailblaze|p2a: Cooler Zoraork\n|-damage|p2a: Cooler Zoraork|72\/100\n|-boost|p1a: Wyrdeer|spe|1\n|\n|-heal|p2a: Cooler Zoraork|78\/100|[from] item: Leftovers\n|-fieldend|move: Psychic Terrain\n|upkeep\n|turn|9\n|\n|t:|1699764152\n|move|p1a: Wyrdeer|Sucker Punch|p2a: Cooler Zoraork\n|-supereffective|p2a: Cooler Zoraork\n|-damage|p2a: Cooler Zoraork|0 fnt\n|faint|p2a: Cooler Zoraork\n|\n|upkeep\n|\n|t:|1699764168\n|switch|p2a: I don't like bond|Greninja, F|100\/100\n|-activate|p2a: I don't like bond|move: Sticky Web\n|-fail|p2a: I don't like bond|unboost|[from] item: Clear Amulet|[of] p2a: I don't like bond\n|turn|10\n|\n|t:|1699764177\n|move|p2a: I don't like bond|Shadow Sneak|p1a: Wyrdeer\n|-start|p2a: I don't like bond|typechange|Ghost|[from] ability: Protean\n|-immune|p1a: Wyrdeer\n|move|p1a: Wyrdeer|Trailblaze|p2a: I don't like bond\n|-damage|p2a: I don't like bond|78\/100\n|-boost|p1a: Wyrdeer|spe|1\n|\n|upkeep\n|turn|11\n|\n|t:|1699764190\n|move|p2a: I don't like bond|Water Shuriken|p1a: Wyrdeer\n|-damage|p1a: Wyrdeer|49\/100\n|-damage|p1a: Wyrdeer|47\/100\n|-damage|p1a: Wyrdeer|45\/100\n|-hitcount|p1a: Wyrdeer|3\n|move|p1a: Wyrdeer|Sucker Punch||[still]\n|-fail|p1a: Wyrdeer\n|\n|upkeep\n|turn|12\n|\n|t:|1699764199\n|move|p2a: I don't like bond|Gunk Shot|p1a: Wyrdeer\n|-crit|p1a: Wyrdeer\n|-damage|p1a: Wyrdeer|1\/100\n|move|p1a: Wyrdeer|Psyshield Bash|p2a: I don't like bond\n|-crit|p2a: I don't like bond\n|-damage|p2a: I don't like bond|6\/100\n|-boost|p1a: Wyrdeer|def|1\n|\n|upkeep\n|turn|13\n|\n|t:|1699764208\n|move|p2a: I don't like bond|Water Shuriken|p1a: Wyrdeer\n|-damage|p1a: Wyrdeer|0 fnt\n|faint|p1a: Wyrdeer\n|-hitcount|p1: Wyrdeer|1\n|\n|upkeep\n|\n|t:|1699764212\n|switch|p1a: Medicham|Medicham-Mega, F|72\/100\n|turn|14\n|\n|t:|1699764216\n|move|p2a: I don't like bond|Shadow Sneak|p1a: Medicham\n|-supereffective|p1a: Medicham\n|-damage|p1a: Medicham|21\/100\n|move|p1a: Medicham|Bullet Punch|p2a: I don't like bond\n|-damage|p2a: I don't like bond|0 fnt\n|faint|p2a: I don't like bond\n|\n|upkeep\n|\n|t:|1699764228\n|switch|p2a: Dhelmise|Dhelmise|100\/100\n|-activate|p2a: Dhelmise|move: Sticky Web\n|-unboost|p2a: Dhelmise|spe|1\n|turn|15\n|\n|t:|1699764237\n|switch|p1a: Hatterene|Hatterene, F|100\/100\n|move|p2a: Dhelmise|Earthquake|p1a: Hatterene\n|-damage|p1a: Hatterene|58\/100\n|\n|upkeep\n|turn|16\n|\n|t:|1699764249\n|move|p1a: Hatterene|Thunder Wave|p2a: Dhelmise\n|-status|p2a: Dhelmise|par\n|move|p2a: Dhelmise|Sludge Wave|p1a: Hatterene\n|-supereffective|p1a: Hatterene\n|-damage|p1a: Hatterene|7\/100\n|\n|upkeep\n|turn|17\n|\n|t:|1699764263\n|move|p1a: Hatterene|Giga Drain|p2a: Dhelmise\n|-resisted|p2a: Dhelmise\n|-damage|p2a: Dhelmise|84\/100 par\n|-heal|p1a: Hatterene|16\/100|[from] drain|[of] p2a: Dhelmise\n|-heal|p1a: Hatterene|18\/100|[from] item: Shell Bell|[of] p2a: Dhelmise\n|move|p2a: Dhelmise|Iron Head|p1a: Hatterene\n|-supereffective|p1a: Hatterene\n|-damage|p1a: Hatterene|0 fnt\n|faint|p1a: Hatterene\n|\n|upkeep\n|\n|t:|1699764277\n|switch|p1a: Indeedee|Indeedee, M|100\/100\n|-fieldstart|move: Psychic Terrain|[from] ability: Psychic Surge|[of] p1a: Indeedee\n|turn|18\n|\n|t:|1699764288\n|-terastallize|p1a: Indeedee|Psychic\n|move|p1a: Indeedee|Expanding Force|p2a: Dhelmise\n|-damage|p2a: Dhelmise|0 fnt\n|faint|p2a: Dhelmise\n|\n|upkeep\n|\n|t:|1699764304\n|switch|p2a: Best starter :)|Decidueye, M|100\/100\n|-activate|p2a: Best starter :)|move: Sticky Web\n|-unboost|p2a: Best starter :)|spe|1\n|turn|19\n|\n|t:|1699764312\n|move|p1a: Indeedee|Expanding Force|p2a: Best starter :)\n|-damage|p2a: Best starter :)|0 fnt\n|faint|p2a: Best starter :)\n|\n|upkeep\n|\n|t:|1699764318\n|switch|p2a: My fav gen 6|Trevenant, M|100\/100\n|-activate|p2a: My fav gen 6|move: Sticky Web\n|-unboost|p2a: My fav gen 6|spe|1\n|turn|20\n|\n|t:|1699764328\n|-terastallize|p2a: My fav gen 6|Electric\n|move|p1a: Indeedee|Expanding Force|p2a: My fav gen 6\n|-damage|p2a: My fav gen 6|0 fnt\n|faint|p2a: My fav gen 6\n|\n|upkeep\n|c|\u2606kaemmii|Dayum\n|\n|t:|1699764338\n|switch|p2a: Definitely A horse|Skeledirge, F|100\/100\n|-activate|p2a: Definitely A horse|move: Sticky Web\n|-unboost|p2a: Definitely A horse|spe|1\n|turn|21\n|\n|t:|1699764348\n|move|p1a: Indeedee|Expanding Force|p2a: Definitely A horse\n|-damage|p2a: Definitely A horse|0 fnt\n|faint|p2a: Definitely A horse\n|\n|win|Zera & Lucy\n|raw|Zera &amp; Lucy's rating: 1050 &rarr; <strong>1078<\/strong><br \/>(+28 for winning)\n|raw|kaemmii's rating: 1000 &rarr; <strong>1000<\/strong><br \/>(+0 for losing)\n|c|\u2606kaemmii|Gg\n|c|\u2606Zera & Lucy|W name for skele\n|c|\u2606kaemmii|Haha\n|c|\u2606Zera & Lucy|Gg mate\n|l|\u2606kaemmii\n|c|\u2606Zera & Lucy|Goodluck!\n","uploadtime":1699764397,"views":5,"p1id":"zeralucy","p2id":"kaemmii","formatid":"gen9nationaldex","rating":1000,"private":0,"password":""}