{"id":"gen9nationaldex-1988283900","p1":"ldsadsadcsf","p2":"wopowopo","format":"[Gen 9] National Dex","log":"|j|\u2606ldsadsadcsf\n|j|\u2606wopowopo\n|t:|1699701429\n|gametype|singles\n|player|p1|ldsadsadcsf|unknown|1364\n|player|p2|wopowopo|102|1473\n|teamsize|p1|6\n|teamsize|p2|6\n|gen|9\n|tier|[Gen 9] National Dex\n|rated|\n|rule|HP Percentage Mod: HP is shown in percentages\n|rule|Endless Battle Clause: Forcing endless battles is banned\n|rule|OHKO Clause: OHKO moves are banned\n|rule|Evasion Clause: Evasion abilities, items, and moves are banned\n|rule|Evasion Abilities Clause: Evasion abilities are banned\n|rule|Evasion Items Clause: Evasion items are banned\n|rule|Evasion Moves Clause: Evasion moves are banned\n|rule|Species Clause: Limit one of each Pok\u00e9mon\n|rule|Sleep Clause Mod: Limit one foe put to sleep\n|clearpoke\n|poke|p1|Great Tusk|\n|poke|p1|Rillaboom, M|\n|poke|p1|Sneasler, F|\n|poke|p1|Zapdos|\n|poke|p1|Ceruledge, M|\n|poke|p1|Kommo-o, F|\n|poke|p2|Moltres|\n|poke|p2|Glimmora, F|\n|poke|p2|Zamazenta-*|\n|poke|p2|Lokix, F|\n|poke|p2|Garganacl, M|\n|poke|p2|Gyarados, F|\n|teampreview\n|inactive|Battle timer is ON: inactive players will automatically lose when time's up. (requested by wopowopo)\n|inactive|ldsadsadcsf also wants the timer to be on.\n|\n|t:|1699701434\n|start\n|switch|p1a: \u54ce\u5466\uff0c\u4f60\u5e72\u561b|Zapdos, shiny|100\/100\n|switch|p2a: \u8d85\u7ea7\u8f93\u51fa\u624b|Glimmora, F|100\/100\n|turn|1\n|\n|t:|1699701441\n|move|p2a: \u8d85\u7ea7\u8f93\u51fa\u624b|Power Gem|p1a: \u54ce\u5466\uff0c\u4f60\u5e72\u561b\n|-supereffective|p1a: \u54ce\u5466\uff0c\u4f60\u5e72\u561b\n|-damage|p1a: \u54ce\u5466\uff0c\u4f60\u5e72\u561b|16\/100\n|move|p1a: \u54ce\u5466\uff0c\u4f60\u5e72\u561b|Volt Switch|p2a: \u8d85\u7ea7\u8f93\u51fa\u624b\n|-damage|p2a: \u8d85\u7ea7\u8f93\u51fa\u624b|61\/100\n|\n|t:|1699701459\n|switch|p1a: \u97f3\u6ce2\u9f99|Kommo-o, F, shiny|100\/100|[from] Volt Switch\n|\n|upkeep\n|turn|2\n|\n|t:|1699701464\n|move|p2a: \u8d85\u7ea7\u8f93\u51fa\u624b|Power Gem|p1a: \u97f3\u6ce2\u9f99\n|-resisted|p1a: \u97f3\u6ce2\u9f99\n|-damage|p1a: \u97f3\u6ce2\u9f99|76\/100\n|move|p1a: \u97f3\u6ce2\u9f99|Clangorous Soul|p1a: \u97f3\u6ce2\u9f99\n|-boost|p1a: \u97f3\u6ce2\u9f99|atk|1\n|-boost|p1a: \u97f3\u6ce2\u9f99|def|1\n|-boost|p1a: \u97f3\u6ce2\u9f99|spa|1\n|-boost|p1a: \u97f3\u6ce2\u9f99|spd|1\n|-boost|p1a: \u97f3\u6ce2\u9f99|spe|1\n|-damage|p1a: \u97f3\u6ce2\u9f99|43\/100\n|-enditem|p1a: \u97f3\u6ce2\u9f99|Throat Spray\n|-boost|p1a: \u97f3\u6ce2\u9f99|spa|1|[from] item: Throat Spray\n|\n|upkeep\n|turn|3\n|\n|t:|1699701473\n|move|p2a: \u8d85\u7ea7\u8f93\u51fa\u624b|Power Gem|p1a: \u97f3\u6ce2\u9f99\n|-resisted|p1a: \u97f3\u6ce2\u9f99\n|-damage|p1a: \u97f3\u6ce2\u9f99|26\/100\n|move|p1a: \u97f3\u6ce2\u9f99|Aura Sphere|p2a: \u8d85\u7ea7\u8f93\u51fa\u624b\n|-damage|p2a: \u8d85\u7ea7\u8f93\u51fa\u624b|0 fnt\n|faint|p2a: \u8d85\u7ea7\u8f93\u51fa\u624b\n|\n|upkeep\n|\n|t:|1699701483\n|switch|p2a: \u88c2\u817f\u7687\u4fa0|Lokix, F|100\/100\n|turn|4\n|\n|t:|1699701491\n|-terastallize|p2a: \u88c2\u817f\u7687\u4fa0|Bug\n|move|p2a: \u88c2\u817f\u7687\u4fa0|First Impression|p1a: \u97f3\u6ce2\u9f99\n|-resisted|p1a: \u97f3\u6ce2\u9f99\n|-damage|p1a: \u97f3\u6ce2\u9f99|0 fnt\n|faint|p1a: \u97f3\u6ce2\u9f99\n|\n|upkeep\n|\n|t:|1699701508\n|switch|p1a: \u79d8\u6280 \u4e8c\u5200\u6d41|Ceruledge, M|100\/100\n|turn|5\n|c|\u2606wopowopo|\u8fd9\u5c31\u662f\u88c2\u817f\u7687\n|\n|t:|1699701517\n|switch|p2a: Gyarados|Gyarados, F|100\/100\n|-ability|p2a: Gyarados|Intimidate|boost\n|-unboost|p1a: \u79d8\u6280 \u4e8c\u5200\u6d41|atk|1\n|move|p1a: \u79d8\u6280 \u4e8c\u5200\u6d41|Swords Dance|p1a: \u79d8\u6280 \u4e8c\u5200\u6d41\n|-boost|p1a: \u79d8\u6280 \u4e8c\u5200\u6d41|atk|2\n|\n|upkeep\n|turn|6\n|\n|t:|1699701523\n|detailschange|p2a: Gyarados|Gyarados-Mega, F\n|-mega|p2a: Gyarados|Gyarados|Gyaradosite\n|-ability|p2a: Gyarados|Mold Breaker\n|move|p1a: \u79d8\u6280 \u4e8c\u5200\u6d41|Poltergeist|p2a: Gyarados\n|-activate|p2a: Gyarados|move: Poltergeist|Gyaradosite\n|-resisted|p2a: Gyarados\n|-damage|p2a: Gyarados|68\/100\n|move|p2a: Gyarados|Crunch|p1a: \u79d8\u6280 \u4e8c\u5200\u6d41\n|-supereffective|p1a: \u79d8\u6280 \u4e8c\u5200\u6d41\n|-enditem|p1a: \u79d8\u6280 \u4e8c\u5200\u6d41|Focus Sash\n|-damage|p1a: \u79d8\u6280 \u4e8c\u5200\u6d41|1\/100\n|-ability|p1a: \u79d8\u6280 \u4e8c\u5200\u6d41|Weak Armor|boost\n|-unboost|p1a: \u79d8\u6280 \u4e8c\u5200\u6d41|def|1\n|-boost|p1a: \u79d8\u6280 \u4e8c\u5200\u6d41|spe|2\n|\n|upkeep\n|turn|7\n|\n|t:|1699701541\n|switch|p1a: \u54ce\u5466\uff0c\u4f60\u5e72\u561b|Zapdos, shiny|16\/100\n|move|p2a: Gyarados|Dragon Dance|p2a: Gyarados\n|-boost|p2a: Gyarados|atk|1\n|-boost|p2a: Gyarados|spe|1\n|\n|upkeep\n|turn|8\n|\n|t:|1699701547\n|move|p2a: Gyarados|Waterfall|p1a: \u54ce\u5466\uff0c\u4f60\u5e72\u561b\n|-damage|p1a: \u54ce\u5466\uff0c\u4f60\u5e72\u561b|0 fnt\n|faint|p1a: \u54ce\u5466\uff0c\u4f60\u5e72\u561b\n|\n|upkeep\n|\n|t:|1699701568\n|switch|p1a: GF\u8fd8\u621160\u5a01\u529b\u6ed1\u68af\uff01|Rillaboom, M, shiny|100\/100\n|-fieldstart|move: Grassy Terrain|[from] ability: Grassy Surge|[of] p1a: GF\u8fd8\u621160\u5a01\u529b\u6ed1\u68af\uff01\n|turn|9\n|\n|t:|1699701575\n|switch|p2a: \u88c2\u817f\u7687\u4fa0|Lokix, F, tera:Bug|100\/100\n|move|p1a: GF\u8fd8\u621160\u5a01\u529b\u6ed1\u68af\uff01|Grassy Glide|p2a: \u88c2\u817f\u7687\u4fa0\n|-resisted|p2a: \u88c2\u817f\u7687\u4fa0\n|-damage|p2a: \u88c2\u817f\u7687\u4fa0|71\/100\n|\n|-heal|p2a: \u88c2\u817f\u7687\u4fa0|77\/100|[from] Grassy Terrain\n|upkeep\n|turn|10\n|\n|t:|1699701590\n|switch|p1a: \u79d8\u6280 \u4e8c\u5200\u6d41|Ceruledge, M|1\/100\n|move|p2a: \u88c2\u817f\u7687\u4fa0|U-turn|p1a: \u79d8\u6280 \u4e8c\u5200\u6d41\n|-resisted|p1a: \u79d8\u6280 \u4e8c\u5200\u6d41\n|-crit|p1a: \u79d8\u6280 \u4e8c\u5200\u6d41\n|-damage|p1a: \u79d8\u6280 \u4e8c\u5200\u6d41|0 fnt\n|faint|p1a: \u79d8\u6280 \u4e8c\u5200\u6d41\n|\n|t:|1699701599\n|switch|p2a: \u94c1\u58c1\u5657\u53fd1|Zamazenta|100\/100|[from] U-turn\n|-ability|p2a: \u94c1\u58c1\u5657\u53fd1|Dauntless Shield|boost\n|-boost|p2a: \u94c1\u58c1\u5657\u53fd1|def|1\n|\n|upkeep\n|\n|t:|1699701604\n|switch|p1a: \u60f3\u88ab\u6211\u7761\u5417\uff1f|Sneasler, F|100\/100\n|-enditem|p1a: \u60f3\u88ab\u6211\u7761\u5417\uff1f|Grassy Seed\n|-boost|p1a: \u60f3\u88ab\u6211\u7761\u5417\uff1f|def|1|[from] item: Grassy Seed\n|turn|11\n|\n|t:|1699701626\n|move|p1a: \u60f3\u88ab\u6211\u7761\u5417\uff1f|Swords Dance|p1a: \u60f3\u88ab\u6211\u7761\u5417\uff1f\n|-boost|p1a: \u60f3\u88ab\u6211\u7761\u5417\uff1f|atk|2\n|move|p2a: \u94c1\u58c1\u5657\u53fd1|Iron Defense|p2a: \u94c1\u58c1\u5657\u53fd1\n|-boost|p2a: \u94c1\u58c1\u5657\u53fd1|def|2\n|\n|upkeep\n|turn|12\n|l|\u2606ldsadsadcsf\n|inactive|ldsadsadcsf disconnected and has a minute to reconnect!\n|player|p1|\n|inactive|ldsadsadcsf has 30 seconds to reconnect!\n|j|\u2606ldsadsadcsf\n|inactive|ldsadsadcsf reconnected and has 105 seconds left.\n|player|p1|ldsadsadcsf|unknown\n|\n|t:|1699701673\n|move|p1a: \u60f3\u88ab\u6211\u7761\u5417\uff1f|Swords Dance|p1a: \u60f3\u88ab\u6211\u7761\u5417\uff1f\n|-boost|p1a: \u60f3\u88ab\u6211\u7761\u5417\uff1f|atk|2\n|move|p2a: \u94c1\u58c1\u5657\u53fd1|Iron Defense|p2a: \u94c1\u58c1\u5657\u53fd1\n|-boost|p2a: \u94c1\u58c1\u5657\u53fd1|def|2\n|\n|upkeep\n|turn|13\n|\n|t:|1699701680\n|move|p1a: \u60f3\u88ab\u6211\u7761\u5417\uff1f|Dire Claw|p2a: \u94c1\u58c1\u5657\u53fd1\n|-crit|p2a: \u94c1\u58c1\u5657\u53fd1\n|-damage|p2a: \u94c1\u58c1\u5657\u53fd1|0 fnt\n|faint|p2a: \u94c1\u58c1\u5657\u53fd1\n|\n|-fieldend|move: Grassy Terrain\n|upkeep\n|c|\u2606wopowopo|\u3002\u3002\n|\n|t:|1699701689\n|switch|p2a: \u88c2\u817f\u7687\u4fa0|Lokix, F, tera:Bug|77\/100\n|turn|14\n|\n|t:|1699701694\n|move|p2a: \u88c2\u817f\u7687\u4fa0|First Impression|p1a: \u60f3\u88ab\u6211\u7761\u5417\uff1f\n|-resisted|p1a: \u60f3\u88ab\u6211\u7761\u5417\uff1f\n|-damage|p1a: \u60f3\u88ab\u6211\u7761\u5417\uff1f|51\/100\n|move|p1a: \u60f3\u88ab\u6211\u7761\u5417\uff1f|Acrobatics|p2a: \u88c2\u817f\u7687\u4fa0\n|-supereffective|p2a: \u88c2\u817f\u7687\u4fa0\n|-damage|p2a: \u88c2\u817f\u7687\u4fa0|0 fnt\n|faint|p2a: \u88c2\u817f\u7687\u4fa0\n|\n|upkeep\n|c|\u2606wopowopo|\u9760\u4f60\u4e86\n|\n|t:|1699701701\n|switch|p2a: \u66b4\u6253\u7329\u7329|Moltres|100\/100\n|turn|15\n|\n|t:|1699701706\n|move|p1a: \u60f3\u88ab\u6211\u7761\u5417\uff1f|Dire Claw|p2a: \u66b4\u6253\u7329\u7329\n|-damage|p2a: \u66b4\u6253\u7329\u7329|12\/100\n|-status|p2a: \u66b4\u6253\u7329\u7329|slp\n|cant|p2a: \u66b4\u6253\u7329\u7329|slp\n|\n|upkeep\n|turn|16\n|c|\u2606wopowopo|\u3002\u3002\u4f60\u8fd9\u7f81\u7eca\n|c|\u2606wopowopo|\u770b\u5230\u4e86\n|-message|wopowopo forfeited.\n|\n|win|ldsadsadcsf\n|raw|ldsadsadcsf's rating: 1364 &rarr; <strong>1390<\/strong><br \/>(+26 for winning)\n|raw|wopowopo's rating: 1473 &rarr; <strong>1447<\/strong><br \/>(-26 for losing)\n|l|\u2606wopowopo\n|c|\u2606ldsadsadcsf|\u62c9\u6ee1\u4e86\n","uploadtime":1699701742,"views":5,"p1id":"ldsadsadcsf","p2id":"wopowopo","formatid":"gen9nationaldex","rating":1390,"private":0,"password":""}