{"id":"gen9nationaldex-1992015605","p1":"Chili D Dewd","p2":"coolmanbestguy123","format":"[Gen 9] National Dex","log":"|j|\u2606Chili D Dewd\n|j|\u2606coolmanbestguy123\n|t:|1700147929\n|gametype|singles\n|player|p1|Chili D Dewd|flint|\n|player|p2|coolmanbestguy123|diantha|\n|teamsize|p1|6\n|teamsize|p2|6\n|gen|9\n|tier|[Gen 9] National Dex\n|rule|HP Percentage Mod: HP is shown in percentages\n|rule|Endless Battle Clause: Forcing endless battles is banned\n|rule|OHKO Clause: OHKO moves are banned\n|rule|Evasion Clause: Evasion abilities, items, and moves are banned\n|rule|Evasion Abilities Clause: Evasion abilities are banned\n|rule|Evasion Items Clause: Evasion items are banned\n|rule|Evasion Moves Clause: Evasion moves are banned\n|rule|Species Clause: Limit one of each Pok\u00e9mon\n|rule|Sleep Clause Mod: Limit one foe put to sleep\n|clearpoke\n|poke|p1|Sableye, M|\n|poke|p1|Dondozo, M|\n|poke|p1|Clodsire, M|\n|poke|p1|Chansey, F|\n|poke|p1|Skarmory, F|\n|poke|p1|Clefable, M|\n|poke|p2|Jirachi|\n|poke|p2|Ninetales-Alola, M|\n|poke|p2|Sneasler, F|\n|poke|p2|Zapdos|\n|poke|p2|Togekiss, F|\n|poke|p2|Lopunny, F|\n|teampreview\n|inactive|Battle timer is ON: inactive players will automatically lose when time's up. (requested by coolmanbestguy123)\n|c|\u2606Chili D Dewd|Hmm...\n|c|\u2606coolmanbestguy123|i see opportunities\n|\n|t:|1700147950\n|start\n|switch|p1a: Sableye|Sableye, M|100\/100\n|switch|p2a: WhiteKurama|Ninetales-Alola, M|100\/100\n|-weather|Snow|[from] ability: Snow Warning|[of] p2a: WhiteKurama\n|turn|1\n|\n|t:|1700147959\n|move|p2a: WhiteKurama|Safeguard|p2a: WhiteKurama\n|-sidestart|p2: coolmanbestguy123|Safeguard\n|move|p1a: Sableye|Knock Off|p2a: WhiteKurama\n|-resisted|p2a: WhiteKurama\n|-damage|p2a: WhiteKurama|90\/100\n|-enditem|p2a: WhiteKurama|Light Clay|[from] move: Knock Off|[of] p1a: Sableye\n|\n|-weather|Snow|[upkeep]\n|upkeep\n|turn|2\n|\n|t:|1700147963\n|detailschange|p1a: Sableye|Sableye-Mega, M\n|-mega|p1a: Sableye|Sableye|Sablenite\n|move|p1a: Sableye|Protect|p1a: Sableye\n|-singleturn|p1a: Sableye|Protect\n|move|p2a: WhiteKurama|Aurora Veil|p2a: WhiteKurama\n|-sidestart|p2: coolmanbestguy123|move: Aurora Veil\n|\n|-weather|Snow|[upkeep]\n|upkeep\n|turn|3\n|\n|t:|1700147968\n|switch|p2a: Lola|Lopunny, F|100\/100\n|switch|p1a: Chansey|Chansey, F|100\/100\n|\n|-weather|Snow|[upkeep]\n|upkeep\n|turn|4\n|\n|t:|1700147972\n|switch|p1a: Skarmory|Skarmory, F|100\/100\n|detailschange|p2a: Lola|Lopunny-Mega, F\n|-mega|p2a: Lola|Lopunny|Lopunnite\n|move|p2a: Lola|Fake Out|p1a: Skarmory\n|-resisted|p1a: Skarmory\n|-damage|p1a: Skarmory|93\/100\n|-damage|p2a: Lola|84\/100|[from] item: Rocky Helmet|[of] p1a: Skarmory\n|\n|-weather|Snow|[upkeep]\n|upkeep\n|turn|5\n|\n|t:|1700147979\n|switch|p2a: Zappy|Zapdos|100\/100\n|move|p1a: Skarmory|Spikes|p2a: Zappy\n|-sidestart|p2: coolmanbestguy123|Spikes\n|\n|-weather|none\n|-sideend|p2: coolmanbestguy123|Safeguard\n|upkeep\n|turn|6\n|\n|t:|1700147982\n|switch|p1a: Clodsire|Clodsire, M|100\/100\n|move|p2a: Zappy|Volt Switch|p1a: Clodsire\n|-immune|p1a: Clodsire\n|\n|-sideend|p2: coolmanbestguy123|move: Aurora Veil\n|upkeep\n|turn|7\n|\n|t:|1700147986\n|move|p2a: Zappy|Hurricane|p1a: Clodsire|[miss]\n|-miss|p2a: Zappy|p1a: Clodsire\n|move|p1a: Clodsire|Stealth Rock|p2a: Zappy\n|-sidestart|p2: coolmanbestguy123|move: Stealth Rock\n|\n|upkeep\n|turn|8\n|\n|t:|1700147989\n|move|p2a: Zappy|Hurricane|p1a: Clodsire|[miss]\n|-miss|p2a: Zappy|p1a: Clodsire\n|move|p1a: Clodsire|Toxic|p2a: Zappy\n|-status|p2a: Zappy|tox\n|\n|-damage|p2a: Zappy|94\/100 tox|[from] psn\n|upkeep\n|turn|9\n|\n|t:|1700147993\n|switch|p1a: Chansey|Chansey, F|100\/100\n|move|p2a: Zappy|Defog|p1a: Chansey\n|-unboost|p1a: Chansey|evasion|1\n|-sideend|p2: coolmanbestguy123|Spikes|[from] move: Defog|[of] p2a: Zappy\n|-sideend|p2: coolmanbestguy123|Stealth Rock|[from] move: Defog|[of] p2a: Zappy\n|\n|-damage|p2a: Zappy|82\/100 tox|[from] psn\n|upkeep\n|turn|10\n|\n|t:|1700148000\n|switch|p2a: Pain|Togekiss, F|100\/100\n|move|p1a: Chansey|Toxic|p2a: Pain\n|-status|p2a: Pain|tox\n|\n|-damage|p2a: Pain|94\/100 tox|[from] psn\n|upkeep\n|turn|11\n|\n|t:|1700148006\n|move|p2a: Pain|Heal Bell|p2a: Pain\n|-activate|p2a: Pain|move: Heal Bell\n|-curestatus|p2a: Pain|tox|[msg]\n|-curestatus|p2: Zappy|tox|[msg]\n|move|p1a: Chansey|Seismic Toss|p2a: Pain\n|-damage|p2a: Pain|68\/100\n|\n|-heal|p2a: Pain|74\/100|[from] item: Leftovers\n|upkeep\n|turn|12\n|\n|t:|1700148010\n|move|p2a: Pain|Thunder Wave|p1a: Chansey\n|-status|p1a: Chansey|par\n|cant|p1a: Chansey|par\n|\n|-heal|p2a: Pain|80\/100|[from] item: Leftovers\n|upkeep\n|turn|13\n|\n|t:|1700148016\n|move|p2a: Pain|Air Slash|p1a: Chansey\n|-damage|p1a: Chansey|88\/100 par\n|cant|p1a: Chansey|par\n|\n|-heal|p2a: Pain|86\/100|[from] item: Leftovers\n|upkeep\n|turn|14\n|\n|t:|1700148021\n|switch|p2a: Idle Death Gamble|Jirachi|100\/100\n|move|p1a: Chansey|Toxic|p2a: Idle Death Gamble\n|-immune|p2a: Idle Death Gamble\n|\n|upkeep\n|turn|15\n|\n|t:|1700148035\n|-curestatus|p1a: Chansey|par|[from] ability: Natural Cure\n|switch|p1a: Skarmory|Skarmory, F|93\/100\n|move|p2a: Idle Death Gamble|Cosmic Power|p2a: Idle Death Gamble\n|-boost|p2a: Idle Death Gamble|def|1\n|-boost|p2a: Idle Death Gamble|spd|1\n|\n|upkeep\n|turn|16\n|\n|t:|1700148041\n|switch|p1a: Clodsire|Clodsire, M|100\/100\n|move|p2a: Idle Death Gamble|Body Slam|p1a: Clodsire\n|-damage|p1a: Clodsire|71\/100\n|-status|p1a: Clodsire|par\n|\n|upkeep\n|turn|17\n|\n|t:|1700148051\n|switch|p1a: Sableye|Sableye-Mega, M|100\/100\n|move|p2a: Idle Death Gamble|Zen Headbutt|p1a: Sableye\n|-immune|p1a: Sableye\n|\n|upkeep\n|turn|18\n|\n|t:|1700148059\n|switch|p2a: Zappy|Zapdos|82\/100\n|move|p1a: Sableye|Will-O-Wisp|p2a: Zappy\n|-status|p2a: Zappy|brn\n|\n|-damage|p2a: Zappy|76\/100 brn|[from] brn\n|upkeep\n|turn|19\n|\n|t:|1700148063\n|move|p2a: Zappy|Volt Switch|p1a: Sableye\n|-damage|p1a: Sableye|78\/100\n|\n|t:|1700148068\n|switch|p2a: WhiteKurama|Ninetales-Alola, M|90\/100|[from] Volt Switch\n|-weather|Snow|[from] ability: Snow Warning|[of] p2a: WhiteKurama\n|move|p1a: Sableye|Knock Off|p2a: WhiteKurama\n|-resisted|p2a: WhiteKurama\n|-damage|p2a: WhiteKurama|82\/100\n|\n|-weather|Snow|[upkeep]\n|upkeep\n|turn|20\n|\n|t:|1700148076\n|switch|p1a: Chansey|Chansey, F|88\/100\n|move|p2a: WhiteKurama|Safeguard|p2a: WhiteKurama\n|-sidestart|p2: coolmanbestguy123|Safeguard\n|\n|-weather|Snow|[upkeep]\n|upkeep\n|turn|21\n|\n|t:|1700148080\n|move|p2a: WhiteKurama|Aurora Veil|p2a: WhiteKurama\n|-sidestart|p2: coolmanbestguy123|move: Aurora Veil\n|move|p1a: Chansey|Seismic Toss|p2a: WhiteKurama\n|-damage|p2a: WhiteKurama|53\/100\n|\n|-weather|Snow|[upkeep]\n|upkeep\n|turn|22\n|\n|t:|1700148084\n|switch|p2a: Idle Death Gamble|Jirachi|100\/100\n|move|p1a: Chansey|Seismic Toss|p2a: Idle Death Gamble\n|-damage|p2a: Idle Death Gamble|75\/100\n|\n|-weather|Snow|[upkeep]\n|-heal|p2a: Idle Death Gamble|81\/100|[from] item: Leftovers\n|upkeep\n|turn|23\n|\n|t:|1700148087\n|move|p2a: Idle Death Gamble|Cosmic Power|p2a: Idle Death Gamble\n|-boost|p2a: Idle Death Gamble|def|1\n|-boost|p2a: Idle Death Gamble|spd|1\n|move|p1a: Chansey|Aromatherapy|p1a: Chansey\n|-activate|p1a: Chansey|move: Aromatherapy\n|-curestatus|p1: Clodsire|par|[msg]\n|\n|-weather|none\n|-heal|p2a: Idle Death Gamble|87\/100|[from] item: Leftovers\n|upkeep\n|turn|24\n|\n|t:|1700148092\n|switch|p1a: Sableye|Sableye-Mega, M|78\/100\n|move|p2a: Idle Death Gamble|Body Slam|p1a: Sableye\n|-immune|p1a: Sableye\n|\n|-heal|p2a: Idle Death Gamble|93\/100|[from] item: Leftovers\n|-sideend|p2: coolmanbestguy123|Safeguard\n|upkeep\n|turn|25\n|\n|t:|1700148100\n|switch|p2a: Zappy|Zapdos|76\/100 brn\n|move|p1a: Sableye|Will-O-Wisp|p2a: Zappy\n|-fail|p2a: Zappy|brn\n|\n|-damage|p2a: Zappy|70\/100 brn|[from] brn\n|-sideend|p2: coolmanbestguy123|move: Aurora Veil\n|upkeep\n|turn|26\n|\n|t:|1700148107\n|switch|p1a: Clodsire|Clodsire, M|71\/100\n|move|p2a: Zappy|Hurricane|p1a: Clodsire\n|-damage|p1a: Clodsire|47\/100\n|\n|-damage|p2a: Zappy|64\/100 brn|[from] brn\n|upkeep\n|turn|27\n|\n|t:|1700148113\n|switch|p2a: WhiteKurama|Ninetales-Alola, M|53\/100\n|-weather|Snow|[from] ability: Snow Warning|[of] p2a: WhiteKurama\n|move|p1a: Clodsire|Recover|p1a: Clodsire\n|-heal|p1a: Clodsire|97\/100\n|\n|-weather|Snow|[upkeep]\n|upkeep\n|turn|28\n|c|\u2606coolmanbestguy123|most interactive game\n|\n|t:|1700148122\n|move|p2a: WhiteKurama|Safeguard|p2a: WhiteKurama\n|-sidestart|p2: coolmanbestguy123|Safeguard\n|move|p1a: Clodsire|Stealth Rock|p2a: WhiteKurama\n|-sidestart|p2: coolmanbestguy123|move: Stealth Rock\n|\n|-weather|Snow|[upkeep]\n|upkeep\n|turn|29\n|\n|t:|1700148124\n|move|p2a: WhiteKurama|Aurora Veil|p2a: WhiteKurama\n|-sidestart|p2: coolmanbestguy123|move: Aurora Veil\n|move|p1a: Clodsire|Earthquake|p2a: WhiteKurama\n|-crit|p2a: WhiteKurama\n|-damage|p2a: WhiteKurama|18\/100\n|\n|-weather|Snow|[upkeep]\n|upkeep\n|turn|30\n|\n|t:|1700148128\n|switch|p2a: Zappy|Zapdos|64\/100 brn\n|move|p1a: Clodsire|Earthquake|p2a: Zappy\n|-immune|p2a: Zappy\n|\n|-weather|Snow|[upkeep]\n|-damage|p2a: Zappy|58\/100 brn|[from] brn\n|upkeep\n|turn|31\n|\n|t:|1700148131\n|move|p2a: Zappy|Hurricane|p1a: Clodsire\n|-damage|p1a: Clodsire|73\/100\n|-start|p1a: Clodsire|confusion\n|-activate|p1a: Clodsire|confusion\n|move|p1a: Clodsire|Stealth Rock||[still]\n|-fail|p1a: Clodsire\n|\n|-weather|none\n|-damage|p2a: Zappy|52\/100 brn|[from] brn\n|upkeep\n|turn|32\n|\n|t:|1700148137\n|switch|p2a: Pain|Togekiss, F|86\/100\n|-damage|p2a: Pain|61\/100|[from] Stealth Rock\n|switch|p1a: Chansey|Chansey, F|88\/100\n|\n|-heal|p2a: Pain|67\/100|[from] item: Leftovers\n|-sideend|p2: coolmanbestguy123|Safeguard\n|upkeep\n|turn|33\n|\n|t:|1700148139\n|move|p2a: Pain|Heal Bell|p2a: Pain\n|-activate|p2a: Pain|move: Heal Bell\n|-curestatus|p2: Zappy|brn|[msg]\n|move|p1a: Chansey|Toxic|p2a: Pain\n|-status|p2a: Pain|tox\n|\n|-heal|p2a: Pain|73\/100 tox|[from] item: Leftovers\n|-damage|p2a: Pain|67\/100 tox|[from] psn\n|-sideend|p2: coolmanbestguy123|move: Aurora Veil\n|upkeep\n|turn|34\n|\n|t:|1700148142\n|move|p2a: Pain|Heal Bell|p2a: Pain\n|-activate|p2a: Pain|move: Heal Bell\n|-curestatus|p2a: Pain|tox|[msg]\n|move|p1a: Chansey|Toxic|p2a: Pain\n|-status|p2a: Pain|tox\n|\n|-heal|p2a: Pain|73\/100 tox|[from] item: Leftovers\n|-damage|p2a: Pain|67\/100 tox|[from] psn\n|upkeep\n|turn|35\n|\n|t:|1700148145\n|move|p2a: Pain|Thunder Wave|p1a: Chansey\n|-status|p1a: Chansey|par\n|move|p1a: Chansey|Toxic|p2a: Pain\n|-fail|p2a: Pain|tox\n|\n|-heal|p2a: Pain|73\/100 tox|[from] item: Leftovers\n|-damage|p2a: Pain|61\/100 tox|[from] psn\n|upkeep\n|turn|36\n|\n|t:|1700148147\n|move|p2a: Pain|Heal Bell|p2a: Pain\n|-activate|p2a: Pain|move: Heal Bell\n|-curestatus|p2a: Pain|tox|[msg]\n|move|p1a: Chansey|Toxic|p2a: Pain\n|-status|p2a: Pain|tox\n|\n|-heal|p2a: Pain|67\/100 tox|[from] item: Leftovers\n|-damage|p2a: Pain|61\/100 tox|[from] psn\n|upkeep\n|turn|37\n|\n|t:|1700148151\n|move|p2a: Pain|Air Slash|p1a: Chansey\n|-damage|p1a: Chansey|74\/100 par\n|cant|p1a: Chansey|flinch\n|\n|-heal|p2a: Pain|67\/100 tox|[from] item: Leftovers\n|-damage|p2a: Pain|55\/100 tox|[from] psn\n|upkeep\n|turn|38\n|\n|t:|1700148155\n|switch|p2a: Lola|Lopunny-Mega, F|84\/100\n|-damage|p2a: Lola|78\/100|[from] Stealth Rock\n|move|p1a: Chansey|Toxic|p2a: Lola\n|-status|p2a: Lola|tox\n|\n|-damage|p2a: Lola|72\/100 tox|[from] psn\n|upkeep\n|turn|39\n|\n|t:|1700148160\n|-curestatus|p1a: Chansey|par|[from] ability: Natural Cure\n|switch|p1a: Dondozo|Dondozo, M|100\/100\n|move|p2a: Lola|Close Combat|p1a: Dondozo\n|-damage|p1a: Dondozo|71\/100\n|-unboost|p2a: Lola|def|1\n|-unboost|p2a: Lola|spd|1\n|\n|-heal|p1a: Dondozo|77\/100|[from] item: Leftovers\n|-damage|p2a: Lola|60\/100 tox|[from] psn\n|upkeep\n|turn|40\n|\n|t:|1700148167\n|switch|p2a: Zappy|Zapdos|52\/100\n|move|p1a: Dondozo|Liquidation|p2a: Zappy\n|-damage|p2a: Zappy|28\/100\n|\n|-heal|p1a: Dondozo|83\/100|[from] item: Leftovers\n|upkeep\n|turn|41\n|\n|t:|1700148171\n|switch|p1a: Clodsire|Clodsire, M|73\/100\n|move|p2a: Zappy|Roost|p2a: Zappy\n|-heal|p2a: Zappy|78\/100\n|-singleturn|p2a: Zappy|move: Roost\n|\n|upkeep\n|turn|42\n|\n|t:|1700148174\n|move|p2a: Zappy|Defog|p1a: Clodsire\n|-unboost|p1a: Clodsire|evasion|1\n|-sideend|p2: coolmanbestguy123|Stealth Rock|[from] move: Defog|[of] p2a: Zappy\n|move|p1a: Clodsire|Toxic|p2a: Zappy\n|-status|p2a: Zappy|tox\n|\n|-damage|p2a: Zappy|72\/100 tox|[from] psn\n|upkeep\n|turn|43\n|\n|t:|1700148176\n|move|p2a: Zappy|Hurricane|p1a: Clodsire\n|-damage|p1a: Clodsire|49\/100\n|move|p1a: Clodsire|Stealth Rock|p2a: Zappy\n|-sidestart|p2: coolmanbestguy123|move: Stealth Rock\n|\n|-damage|p2a: Zappy|60\/100 tox|[from] psn\n|upkeep\n|turn|44\n|\n|t:|1700148179\n|switch|p2a: Idle Death Gamble|Jirachi|93\/100\n|-damage|p2a: Idle Death Gamble|87\/100|[from] Stealth Rock\n|move|p1a: Clodsire|Recover|p1a: Clodsire\n|-heal|p1a: Clodsire|99\/100\n|\n|-heal|p2a: Idle Death Gamble|93\/100|[from] item: Leftovers\n|upkeep\n|turn|45\n|\n|t:|1700148183\n|switch|p1a: Sableye|Sableye-Mega, M|78\/100\n|move|p2a: Idle Death Gamble|Iron Head|p1a: Sableye\n|-damage|p1a: Sableye|47\/100\n|\n|-heal|p2a: Idle Death Gamble|99\/100|[from] item: Leftovers\n|upkeep\n|turn|46\n|\n|t:|1700148191\n|move|p2a: Idle Death Gamble|Iron Head|p1a: Sableye\n|-damage|p1a: Sableye|16\/100\n|cant|p1a: Sableye|flinch\n|\n|-heal|p2a: Idle Death Gamble|100\/100|[from] item: Leftovers\n|upkeep\n|turn|47\n|\n|t:|1700148195\n|move|p1a: Sableye|Protect|p1a: Sableye\n|-singleturn|p1a: Sableye|Protect\n|move|p2a: Idle Death Gamble|Iron Head|p1a: Sableye\n|-activate|p1a: Sableye|move: Protect\n|\n|upkeep\n|turn|48\n|\n|t:|1700148199\n|switch|p1a: Skarmory|Skarmory, F|93\/100\n|move|p2a: Idle Death Gamble|Iron Head|p1a: Skarmory\n|-resisted|p1a: Skarmory\n|-damage|p1a: Skarmory|82\/100\n|-damage|p2a: Idle Death Gamble|84\/100|[from] item: Rocky Helmet|[of] p1a: Skarmory\n|\n|-heal|p2a: Idle Death Gamble|90\/100|[from] item: Leftovers\n|upkeep\n|turn|49\n|\n|t:|1700148204\n|switch|p2a: Zappy|Zapdos|60\/100 tox\n|move|p1a: Skarmory|Iron Defense|p1a: Skarmory\n|-boost|p1a: Skarmory|def|2\n|\n|-damage|p2a: Zappy|54\/100 tox|[from] psn\n|upkeep\n|turn|50\n|\n|t:|1700148210\n|switch|p1a: Clodsire|Clodsire, M|99\/100\n|move|p2a: Zappy|Defog|p1a: Clodsire\n|-unboost|p1a: Clodsire|evasion|1\n|-sideend|p2: coolmanbestguy123|Stealth Rock|[from] move: Defog|[of] p2a: Zappy\n|\n|-damage|p2a: Zappy|42\/100 tox|[from] psn\n|upkeep\n|turn|51\n|\n|t:|1700148214\n|move|p2a: Zappy|Hurricane|p1a: Clodsire\n|-damage|p1a: Clodsire|74\/100\n|move|p1a: Clodsire|Stealth Rock|p2a: Zappy\n|-sidestart|p2: coolmanbestguy123|move: Stealth Rock\n|\n|-damage|p2a: Zappy|24\/100 tox|[from] psn\n|upkeep\n|turn|52\n|\n|t:|1700148224\n|switch|p1a: Chansey|Chansey, F|74\/100\n|move|p2a: Zappy|Roost|p2a: Zappy\n|-heal|p2a: Zappy|74\/100 tox\n|-singleturn|p2a: Zappy|move: Roost\n|\n|-damage|p2a: Zappy|50\/100 tox|[from] psn\n|upkeep\n|turn|53\n|\n|t:|1700148228\n|switch|p1a: Sableye|Sableye-Mega, M|16\/100\n|move|p2a: Zappy|Defog|p1a: Sableye\n|move|p1a: Sableye|Defog|p2a: Zappy|[from]ability: Magic Bounce\n|-unboost|p2a: Zappy|evasion|1\n|-sideend|p2: coolmanbestguy123|Stealth Rock|[from] move: Defog|[of] p1a: Sableye\n|\n|-damage|p2a: Zappy|20\/100 tox|[from] psn\n|upkeep\n|turn|54\n|\n|t:|1700148232\n|switch|p2a: WhiteKurama|Ninetales-Alola, M|18\/100\n|-weather|Snow|[from] ability: Snow Warning|[of] p2a: WhiteKurama\n|move|p1a: Sableye|Protect||[still]\n|-fail|p1a: Sableye\n|\n|-weather|Snow|[upkeep]\n|upkeep\n|turn|55\n|\n|t:|1700148238\n|move|p1a: Sableye|Protect|p1a: Sableye\n|-singleturn|p1a: Sableye|Protect\n|move|p2a: WhiteKurama|Aurora Veil|p2a: WhiteKurama\n|-sidestart|p2: coolmanbestguy123|move: Aurora Veil\n|\n|-weather|Snow|[upkeep]\n|upkeep\n|turn|56\n|\n|t:|1700148240\n|move|p2a: WhiteKurama|Freeze-Dry|p1a: Sableye\n|-damage|p1a: Sableye|0 fnt\n|faint|p1a: Sableye\n|\n|-weather|Snow|[upkeep]\n|upkeep\n|\n|t:|1700148245\n|switch|p1a: Chansey|Chansey, F|74\/100\n|turn|57\n|\n|t:|1700148249\n|switch|p2a: Sneasler|Sneasler, F|100\/100\n|move|p1a: Chansey|Seismic Toss|p2a: Sneasler\n|-damage|p2a: Sneasler|67\/100\n|\n|-weather|Snow|[upkeep]\n|upkeep\n|turn|58\n|\n|t:|1700148252\n|switch|p1a: Dondozo|Dondozo, M|83\/100\n|move|p2a: Sneasler|Dire Claw|p1a: Dondozo\n|-damage|p1a: Dondozo|65\/100\n|-status|p1a: Dondozo|slp\n|\n|-weather|none\n|-heal|p1a: Dondozo|71\/100 slp|[from] item: Leftovers\n|upkeep\n|turn|59\n|\n|t:|1700148258\n|move|p2a: Sneasler|Dire Claw|p1a: Dondozo\n|-damage|p1a: Dondozo|53\/100 slp\n|cant|p1a: Dondozo|slp\n|move|p1a: Dondozo|Sleep Talk|p1a: Dondozo\n|move|p1a: Dondozo|Rest||[from]move: Sleep Talk|[still]\n|-fail|p1a: Dondozo\n|\n|-heal|p1a: Dondozo|59\/100 slp|[from] item: Leftovers\n|-sideend|p2: coolmanbestguy123|move: Aurora Veil\n|upkeep\n|turn|60\n|\n|t:|1700148262\n|move|p2a: Sneasler|Dire Claw|p1a: Dondozo\n|-damage|p1a: Dondozo|41\/100 slp\n|cant|p1a: Dondozo|slp\n|move|p1a: Dondozo|Sleep Talk|p1a: Dondozo\n|move|p1a: Dondozo|Liquidation|p2a: Sneasler|[from]move: Sleep Talk\n|-damage|p2a: Sneasler|19\/100\n|\n|-heal|p1a: Dondozo|47\/100 slp|[from] item: Leftovers\n|upkeep\n|turn|61\n|\n|t:|1700148268\n|move|p2a: Sneasler|U-turn|p1a: Dondozo\n|-damage|p1a: Dondozo|35\/100 slp\n|\n|t:|1700148275\n|switch|p2a: Pain|Togekiss, F|55\/100 tox|[from] U-turn\n|-curestatus|p1a: Dondozo|slp|[msg]\n|move|p1a: Dondozo|Sleep Talk||[still]\n|-fail|p1a: Dondozo\n|\n|-heal|p2a: Pain|61\/100 tox|[from] item: Leftovers\n|-heal|p1a: Dondozo|41\/100|[from] item: Leftovers\n|-damage|p2a: Pain|55\/100 tox|[from] psn\n|upkeep\n|turn|62\n|\n|t:|1700148278\n|switch|p1a: Chansey|Chansey, F|74\/100\n|move|p2a: Pain|Heal Bell|p2a: Pain\n|-activate|p2a: Pain|move: Heal Bell\n|-curestatus|p2a: Pain|tox|[msg]\n|-curestatus|p2: Lola|tox|[msg]\n|-curestatus|p2: Zappy|tox|[msg]\n|\n|-heal|p2a: Pain|61\/100|[from] item: Leftovers\n|upkeep\n|turn|63\n|\n|t:|1700148281\n|switch|p2a: Idle Death Gamble|Jirachi|90\/100\n|move|p1a: Chansey|Toxic|p2a: Idle Death Gamble\n|-immune|p2a: Idle Death Gamble\n|\n|-heal|p2a: Idle Death Gamble|96\/100|[from] item: Leftovers\n|upkeep\n|turn|64\n|\n|t:|1700148287\n|switch|p1a: Skarmory|Skarmory, F|82\/100\n|move|p2a: Idle Death Gamble|Body Slam|p1a: Skarmory\n|-resisted|p1a: Skarmory\n|-damage|p1a: Skarmory|73\/100\n|-status|p1a: Skarmory|par\n|-damage|p2a: Idle Death Gamble|79\/100|[from] item: Rocky Helmet|[of] p1a: Skarmory\n|\n|-heal|p2a: Idle Death Gamble|85\/100|[from] item: Leftovers\n|upkeep\n|turn|65\n|\n|t:|1700148293\n|switch|p2a: Zappy|Zapdos|20\/100\n|move|p1a: Skarmory|Roost|p1a: Skarmory\n|-heal|p1a: Skarmory|100\/100 par\n|-singleturn|p1a: Skarmory|move: Roost\n|\n|upkeep\n|turn|66\n|\n|t:|1700148297\n|switch|p1a: Clodsire|Clodsire, M|74\/100\n|move|p2a: Zappy|Roost|p2a: Zappy\n|-heal|p2a: Zappy|70\/100\n|-singleturn|p2a: Zappy|move: Roost\n|\n|upkeep\n|turn|67\n|\n|t:|1700148301\n|move|p2a: Zappy|Hurricane|p1a: Clodsire\n|-damage|p1a: Clodsire|51\/100\n|-start|p1a: Clodsire|confusion\n|-activate|p1a: Clodsire|confusion\n|move|p1a: Clodsire|Stealth Rock|p2a: Zappy\n|-sidestart|p2: coolmanbestguy123|move: Stealth Rock\n|\n|upkeep\n|turn|68\n|\n|t:|1700148306\n|move|p2a: Zappy|Defog|p1a: Clodsire\n|-unboost|p1a: Clodsire|evasion|1\n|-sideend|p2: coolmanbestguy123|Stealth Rock|[from] move: Defog|[of] p2a: Zappy\n|-activate|p1a: Clodsire|confusion\n|-damage|p1a: Clodsire|42\/100|[from] confusion\n|\n|upkeep\n|turn|69\n|\n|t:|1700148311\n|move|p2a: Zappy|Hurricane|p1a: Clodsire\n|-damage|p1a: Clodsire|17\/100\n|-activate|p1a: Clodsire|confusion\n|move|p1a: Clodsire|Recover|p1a: Clodsire\n|-heal|p1a: Clodsire|67\/100\n|\n|upkeep\n|turn|70\n|\n|t:|1700148317\n|move|p2a: Zappy|Hurricane|p1a: Clodsire\n|-damage|p1a: Clodsire|44\/100\n|-activate|p1a: Clodsire|confusion\n|-damage|p1a: Clodsire|35\/100|[from] confusion\n|\n|upkeep\n|turn|71\n|\n|t:|1700148321\n|switch|p2a: Lola|Lopunny-Mega, F|60\/100\n|-end|p1a: Clodsire|confusion\n|move|p1a: Clodsire|Recover|p1a: Clodsire\n|-heal|p1a: Clodsire|85\/100\n|\n|upkeep\n|turn|72\n|\n|t:|1700148324\n|switch|p1a: Skarmory|Skarmory, F|100\/100 par\n|move|p2a: Lola|Fake Out|p1a: Skarmory\n|-resisted|p1a: Skarmory\n|-damage|p1a: Skarmory|94\/100 par\n|-damage|p2a: Lola|44\/100|[from] item: Rocky Helmet|[of] p1a: Skarmory\n|\n|upkeep\n|turn|73\n|\n|t:|1700148329\n|switch|p2a: WhiteKurama|Ninetales-Alola, M|18\/100\n|-weather|Snow|[from] ability: Snow Warning|[of] p2a: WhiteKurama\n|cant|p1a: Skarmory|par\n|\n|-weather|Snow|[upkeep]\n|upkeep\n|turn|74\n|\n|t:|1700148334\n|switch|p1a: Chansey|Chansey, F|74\/100\n|move|p2a: WhiteKurama|Aurora Veil|p2a: WhiteKurama\n|-sidestart|p2: coolmanbestguy123|move: Aurora Veil\n|\n|-weather|Snow|[upkeep]\n|upkeep\n|turn|75\n|\n|t:|1700148339\n|switch|p2a: Idle Death Gamble|Jirachi|85\/100\n|move|p1a: Chansey|Seismic Toss|p2a: Idle Death Gamble\n|-damage|p2a: Idle Death Gamble|60\/100\n|\n|-weather|Snow|[upkeep]\n|-heal|p2a: Idle Death Gamble|66\/100|[from] item: Leftovers\n|upkeep\n|turn|76\n|\n|t:|1700148344\n|switch|p2a: Pain|Togekiss, F|61\/100\n|move|p1a: Chansey|Aromatherapy|p1a: Chansey\n|-activate|p1a: Chansey|move: Aromatherapy\n|-curestatus|p1: Skarmory|par|[msg]\n|\n|-weather|Snow|[upkeep]\n|-heal|p2a: Pain|67\/100|[from] item: Leftovers\n|upkeep\n|turn|77\n|\n|t:|1700148348\n|move|p2a: Pain|Thunder Wave|p1a: Chansey\n|-status|p1a: Chansey|par\n|move|p1a: Chansey|Toxic|p2a: Pain\n|-status|p2a: Pain|tox\n|\n|-weather|none\n|-heal|p2a: Pain|73\/100 tox|[from] item: Leftovers\n|-damage|p2a: Pain|67\/100 tox|[from] psn\n|upkeep\n|turn|78\n|\n|t:|1700148352\n|move|p2a: Pain|Ancient Power|p1a: Chansey\n|-damage|p1a: Chansey|67\/100 par\n|cant|p1a: Chansey|par\n|\n|-heal|p2a: Pain|73\/100 tox|[from] item: Leftovers\n|-damage|p2a: Pain|61\/100 tox|[from] psn\n|-sideend|p2: coolmanbestguy123|move: Aurora Veil\n|upkeep\n|turn|79\n|\n|t:|1700148357\n|-curestatus|p1a: Chansey|par|[from] ability: Natural Cure\n|switch|p1a: Clefable|Clefable, M|100\/100\n|move|p2a: Pain|Ancient Power|p1a: Clefable\n|-damage|p1a: Clefable|84\/100\n|-boost|p2a: Pain|atk|1\n|-boost|p2a: Pain|def|1\n|-boost|p2a: Pain|spa|1\n|-boost|p2a: Pain|spd|1\n|-boost|p2a: Pain|spe|1\n|\n|-heal|p2a: Pain|67\/100 tox|[from] item: Leftovers\n|-heal|p1a: Clefable|90\/100|[from] item: Leftovers\n|-damage|p2a: Pain|49\/100 tox|[from] psn\n|upkeep\n|turn|80\n|\n|t:|1700148364\n|move|p2a: Pain|Heal Bell|p2a: Pain\n|-activate|p2a: Pain|move: Heal Bell\n|-curestatus|p2a: Pain|tox|[msg]\n|move|p1a: Clefable|Knock Off|p2a: Pain\n|-resisted|p2a: Pain\n|-crit|p2a: Pain\n|-damage|p2a: Pain|38\/100\n|-enditem|p2a: Pain|Leftovers|[from] move: Knock Off|[of] p1a: Clefable\n|\n|-heal|p1a: Clefable|96\/100|[from] item: Leftovers\n|upkeep\n|turn|81\n|\n|t:|1700148367\n|move|p2a: Pain|Thunder Wave|p1a: Clefable\n|-status|p1a: Clefable|par\n|cant|p1a: Clefable|par\n|\n|-heal|p1a: Clefable|100\/100 par|[from] item: Leftovers\n|upkeep\n|turn|82\n|\n|t:|1700148371\n|move|p2a: Pain|Air Slash|p1a: Clefable\n|-damage|p1a: Clefable|54\/100 par\n|move|p1a: Clefable|Toxic|p2a: Pain\n|-status|p2a: Pain|tox\n|\n|-heal|p1a: Clefable|60\/100 par|[from] item: Leftovers\n|-damage|p2a: Pain|32\/100 tox|[from] psn\n|upkeep\n|turn|83\n|\n|t:|1700148375\n|switch|p1a: Chansey|Chansey, F|67\/100\n|move|p2a: Pain|Air Slash|p1a: Chansey\n|-damage|p1a: Chansey|49\/100\n|\n|-damage|p2a: Pain|20\/100 tox|[from] psn\n|upkeep\n|turn|84\n|\n|t:|1700148378\n|move|p2a: Pain|Heal Bell|p2a: Pain\n|-activate|p2a: Pain|move: Heal Bell\n|-curestatus|p2a: Pain|tox|[msg]\n|move|p1a: Chansey|Soft-Boiled|p1a: Chansey\n|-heal|p1a: Chansey|99\/100\n|\n|upkeep\n|turn|85\n|\n|t:|1700148383\n|move|p2a: Pain|Thunder Wave|p1a: Chansey\n|-status|p1a: Chansey|par\n|move|p1a: Chansey|Toxic|p2a: Pain\n|-status|p2a: Pain|tox\n|\n|-damage|p2a: Pain|14\/100 tox|[from] psn\n|upkeep\n|turn|86\n|\n|t:|1700148387\n|move|p2a: Pain|Heal Bell|p2a: Pain\n|-activate|p2a: Pain|move: Heal Bell\n|-curestatus|p2a: Pain|tox|[msg]\n|move|p1a: Chansey|Toxic|p2a: Pain\n|-status|p2a: Pain|tox\n|\n|-damage|p2a: Pain|7\/100 tox|[from] psn\n|upkeep\n|turn|87\n|\n|t:|1700148391\n|move|p2a: Pain|Air Slash|p1a: Chansey\n|-damage|p1a: Chansey|80\/100 par\n|cant|p1a: Chansey|flinch\n|\n|-damage|p2a: Pain|0 fnt|[from] psn\n|faint|p2a: Pain\n|upkeep\n|\n|t:|1700148394\n|switch|p2a: Lola|Lopunny-Mega, F|44\/100\n|turn|88\n|\n|t:|1700148400\n|switch|p2a: WhiteKurama|Ninetales-Alola, M|18\/100\n|-weather|Snow|[from] ability: Snow Warning|[of] p2a: WhiteKurama\n|-curestatus|p1a: Chansey|par|[from] ability: Natural Cure\n|switch|p1a: Dondozo|Dondozo, M|41\/100\n|\n|-weather|Snow|[upkeep]\n|-heal|p1a: Dondozo|48\/100|[from] item: Leftovers\n|upkeep\n|turn|89\n|\n|t:|1700148406\n|switch|p1a: Chansey|Chansey, F|80\/100\n|move|p2a: WhiteKurama|Freeze-Dry|p1a: Chansey\n|-damage|p1a: Chansey|74\/100\n|\n|-weather|Snow|[upkeep]\n|upkeep\n|turn|90\n|\n|t:|1700148410\n|move|p2a: WhiteKurama|Safeguard|p2a: WhiteKurama\n|-sidestart|p2: coolmanbestguy123|Safeguard\n|move|p1a: Chansey|Seismic Toss|p2a: WhiteKurama\n|-damage|p2a: WhiteKurama|0 fnt\n|faint|p2a: WhiteKurama\n|\n|-weather|Snow|[upkeep]\n|upkeep\n|\n|t:|1700148415\n|switch|p2a: Sneasler|Sneasler, F|19\/100\n|turn|91\n|\n|t:|1700148422\n|switch|p1a: Dondozo|Dondozo, M|48\/100\n|move|p2a: Sneasler|U-turn|p1a: Dondozo\n|-damage|p1a: Dondozo|36\/100\n|-status|p1a: Dondozo|psn|[from] ability: Poison Touch|[of] p2a: Sneasler\n|\n|t:|1700148429\n|switch|p2a: Lola|Lopunny-Mega, F|44\/100|[from] U-turn\n|\n|-weather|Snow|[upkeep]\n|-heal|p1a: Dondozo|42\/100 psn|[from] item: Leftovers\n|-damage|p1a: Dondozo|30\/100 psn|[from] psn\n|upkeep\n|turn|92\n|\n|t:|1700148433\n|move|p2a: Lola|Fake Out|p1a: Dondozo\n|-damage|p1a: Dondozo|20\/100 psn\n|cant|p1a: Dondozo|flinch\n|\n|-weather|none\n|-heal|p1a: Dondozo|26\/100 psn|[from] item: Leftovers\n|-damage|p1a: Dondozo|14\/100 psn|[from] psn\n|upkeep\n|turn|93\n|\n|t:|1700148448\n|switch|p1a: Skarmory|Skarmory, F|94\/100\n|move|p2a: Lola|Close Combat|p1a: Skarmory\n|-damage|p1a: Skarmory|52\/100\n|-unboost|p2a: Lola|def|1\n|-unboost|p2a: Lola|spd|1\n|-damage|p2a: Lola|27\/100|[from] item: Rocky Helmet|[of] p1a: Skarmory\n|\n|upkeep\n|turn|94\n|\n|t:|1700148457\n|switch|p2a: Zappy|Zapdos|70\/100\n|move|p1a: Skarmory|Roost|p1a: Skarmory\n|-heal|p1a: Skarmory|100\/100\n|-singleturn|p1a: Skarmory|move: Roost\n|\n|-sideend|p2: coolmanbestguy123|Safeguard\n|upkeep\n|turn|95\n|\n|t:|1700148459\n|switch|p1a: Clodsire|Clodsire, M|85\/100\n|move|p2a: Zappy|Volt Switch|p1a: Clodsire\n|-immune|p1a: Clodsire\n|\n|upkeep\n|turn|96\n|\n|t:|1700148462\n|move|p2a: Zappy|Hurricane|p1a: Clodsire\n|-damage|p1a: Clodsire|61\/100\n|move|p1a: Clodsire|Stealth Rock|p2a: Zappy\n|-sidestart|p2: coolmanbestguy123|move: Stealth Rock\n|\n|upkeep\n|turn|97\n|\n|t:|1700148466\n|move|p2a: Zappy|Defog|p1a: Clodsire\n|-unboost|p1a: Clodsire|evasion|1\n|-sideend|p2: coolmanbestguy123|Stealth Rock|[from] move: Defog|[of] p2a: Zappy\n|move|p1a: Clodsire|Toxic|p2a: Zappy\n|-status|p2a: Zappy|tox\n|\n|-damage|p2a: Zappy|64\/100 tox|[from] psn\n|upkeep\n|turn|98\n|j| SeamlessStan\n|\n|t:|1700148481\n|move|p2a: Zappy|Hurricane|p1a: Clodsire|[miss]\n|-miss|p2a: Zappy|p1a: Clodsire\n|move|p1a: Clodsire|Recover|p1a: Clodsire\n|-heal|p1a: Clodsire|100\/100\n|\n|-damage|p2a: Zappy|52\/100 tox|[from] psn\n|upkeep\n|turn|99\n|l| SeamlessStan\n|\n|t:|1700148485\n|switch|p2a: Idle Death Gamble|Jirachi|66\/100\n|move|p1a: Clodsire|Stealth Rock|p2a: Idle Death Gamble\n|-sidestart|p2: coolmanbestguy123|move: Stealth Rock\n|\n|-heal|p2a: Idle Death Gamble|72\/100|[from] item: Leftovers\n|upkeep\n|turn|100\n|\n|t:|1700148490\n|switch|p1a: Skarmory|Skarmory, F|100\/100\n|move|p2a: Idle Death Gamble|Cosmic Power|p2a: Idle Death Gamble\n|-boost|p2a: Idle Death Gamble|def|1\n|-boost|p2a: Idle Death Gamble|spd|1\n|\n|-heal|p2a: Idle Death Gamble|78\/100|[from] item: Leftovers\n|upkeep\n|turn|101\n|\n|t:|1700148496\n|move|p2a: Idle Death Gamble|Cosmic Power|p2a: Idle Death Gamble\n|-boost|p2a: Idle Death Gamble|def|1\n|-boost|p2a: Idle Death Gamble|spd|1\n|move|p1a: Skarmory|Iron Defense|p1a: Skarmory\n|-boost|p1a: Skarmory|def|2\n|\n|-heal|p2a: Idle Death Gamble|84\/100|[from] item: Leftovers\n|upkeep\n|turn|102\n|\n|t:|1700148509\n|move|p2a: Idle Death Gamble|Cosmic Power|p2a: Idle Death Gamble\n|-boost|p2a: Idle Death Gamble|def|1\n|-boost|p2a: Idle Death Gamble|spd|1\n|move|p1a: Skarmory|Body Press|p2a: Idle Death Gamble\n|-damage|p2a: Idle Death Gamble|62\/100\n|\n|-heal|p2a: Idle Death Gamble|68\/100|[from] item: Leftovers\n|upkeep\n|turn|103\n|\n|t:|1700148515\n|move|p2a: Idle Death Gamble|Cosmic Power|p2a: Idle Death Gamble\n|-boost|p2a: Idle Death Gamble|def|1\n|-boost|p2a: Idle Death Gamble|spd|1\n|move|p1a: Skarmory|Iron Defense|p1a: Skarmory\n|-boost|p1a: Skarmory|def|2\n|\n|-heal|p2a: Idle Death Gamble|74\/100|[from] item: Leftovers\n|upkeep\n|turn|104\n|\n|t:|1700148518\n|move|p2a: Idle Death Gamble|Cosmic Power|p2a: Idle Death Gamble\n|-boost|p2a: Idle Death Gamble|def|1\n|-boost|p2a: Idle Death Gamble|spd|1\n|move|p1a: Skarmory|Iron Defense|p1a: Skarmory\n|-boost|p1a: Skarmory|def|2\n|\n|-heal|p2a: Idle Death Gamble|80\/100|[from] item: Leftovers\n|upkeep\n|turn|105\n|\n|t:|1700148521\n|move|p2a: Idle Death Gamble|Cosmic Power|p2a: Idle Death Gamble\n|-boost|p2a: Idle Death Gamble|def|1\n|-boost|p2a: Idle Death Gamble|spd|1\n|move|p1a: Skarmory|Body Press|p2a: Idle Death Gamble\n|-damage|p2a: Idle Death Gamble|52\/100\n|\n|-heal|p2a: Idle Death Gamble|58\/100|[from] item: Leftovers\n|upkeep\n|turn|106\n|\n|t:|1700148524\n|move|p2a: Idle Death Gamble|Body Slam|p1a: Skarmory\n|-resisted|p1a: Skarmory\n|-damage|p1a: Skarmory|98\/100\n|-damage|p2a: Idle Death Gamble|42\/100|[from] item: Rocky Helmet|[of] p1a: Skarmory\n|move|p1a: Skarmory|Body Press|p2a: Idle Death Gamble\n|-damage|p2a: Idle Death Gamble|16\/100\n|\n|-heal|p2a: Idle Death Gamble|22\/100|[from] item: Leftovers\n|upkeep\n|turn|107\n|\n|t:|1700148530\n|move|p2a: Idle Death Gamble|Body Slam|p1a: Skarmory\n|-resisted|p1a: Skarmory\n|-damage|p1a: Skarmory|96\/100\n|-damage|p2a: Idle Death Gamble|5\/100|[from] item: Rocky Helmet|[of] p1a: Skarmory\n|move|p1a: Skarmory|Spikes|p2a: Idle Death Gamble\n|-sidestart|p2: coolmanbestguy123|Spikes\n|\n|-heal|p2a: Idle Death Gamble|11\/100|[from] item: Leftovers\n|upkeep\n|turn|108\n|\n|t:|1700148539\n|move|p2a: Idle Death Gamble|Body Slam|p1a: Skarmory\n|-resisted|p1a: Skarmory\n|-damage|p1a: Skarmory|94\/100\n|-status|p1a: Skarmory|par\n|-damage|p2a: Idle Death Gamble|0 fnt|[from] item: Rocky Helmet|[of] p1a: Skarmory\n|faint|p2a: Idle Death Gamble\n|move|p1a: Skarmory|Body Press|p2: Idle Death Gamble|[notarget]\n|-fail|p1a: Skarmory\n|\n|upkeep\n|c|\u2606Chili D Dewd|Gg\n|\n|t:|1700148547\n|switch|p2a: Zappy|Zapdos|52\/100 tox\n|turn|109\n|\n|t:|1700148553\n|switch|p1a: Clodsire|Clodsire, M|100\/100\n|move|p2a: Zappy|Volt Switch|p1a: Clodsire\n|-immune|p1a: Clodsire\n|\n|-damage|p2a: Zappy|46\/100 tox|[from] psn\n|upkeep\n|turn|110\n|\n|t:|1700148558\n|move|p2a: Zappy|Hurricane|p1a: Clodsire|[miss]\n|-miss|p2a: Zappy|p1a: Clodsire\n|move|p1a: Clodsire|Stealth Rock||[still]\n|-fail|p1a: Clodsire\n|\n|-damage|p2a: Zappy|34\/100 tox|[from] psn\n|upkeep\n|turn|111\n|\n|t:|1700148563\n|switch|p1a: Chansey|Chansey, F|74\/100\n|move|p2a: Zappy|Defog|p1a: Chansey\n|-unboost|p1a: Chansey|evasion|1\n|-sideend|p2: coolmanbestguy123|Spikes|[from] move: Defog|[of] p2a: Zappy\n|-sideend|p2: coolmanbestguy123|Stealth Rock|[from] move: Defog|[of] p2a: Zappy\n|\n|-damage|p2a: Zappy|16\/100 tox|[from] psn\n|upkeep\n|turn|112\n|\n|t:|1700148566\n|move|p2a: Zappy|Roost|p2a: Zappy\n|-heal|p2a: Zappy|67\/100 tox\n|-singleturn|p2a: Zappy|move: Roost\n|move|p1a: Chansey|Seismic Toss|p2a: Zappy\n|-damage|p2a: Zappy|40\/100 tox\n|\n|-damage|p2a: Zappy|16\/100 tox|[from] psn\n|upkeep\n|turn|113\n|\n|t:|1700148573\n|move|p2a: Zappy|Volt Switch|p1a: Chansey\n|-damage|p1a: Chansey|65\/100\n|\n|t:|1700148577\n|switch|p2a: Lola|Lopunny-Mega, F|27\/100|[from] Volt Switch\n|move|p1a: Chansey|Seismic Toss|p2a: Lola\n|-damage|p2a: Lola|0 fnt\n|faint|p2a: Lola\n|\n|upkeep\n|\n|t:|1700148580\n|switch|p2a: Sneasler|Sneasler, F|19\/100\n|turn|114\n|\n|t:|1700148583\n|switch|p1a: Dondozo|Dondozo, M|14\/100 psn\n|move|p2a: Sneasler|Dire Claw|p1a: Dondozo\n|-damage|p1a: Dondozo|0 fnt\n|faint|p1a: Dondozo\n|\n|upkeep\n|\n|t:|1700148585\n|switch|p1a: Skarmory|Skarmory, F|94\/100 par\n|turn|115\n|\n|t:|1700148589\n|move|p2a: Sneasler|Close Combat|p1a: Skarmory\n|-crit|p1a: Skarmory\n|-damage|p1a: Skarmory|38\/100 par\n|-unboost|p2a: Sneasler|def|1\n|-unboost|p2a: Sneasler|spd|1\n|move|p1a: Skarmory|Body Press|p2a: Sneasler\n|-resisted|p2a: Sneasler\n|-damage|p2a: Sneasler|0 fnt\n|faint|p2a: Sneasler\n|\n|upkeep\n|c|\u2606coolmanbestguy123|rip no para\n|\n|t:|1700148601\n|switch|p2a: Zappy|Zapdos|16\/100 tox\n|turn|116\n|\n|t:|1700148616\n|switch|p1a: Chansey|Chansey, F|65\/100\n|move|p2a: Zappy|Roost|p2a: Zappy\n|-heal|p2a: Zappy|67\/100 tox\n|-singleturn|p2a: Zappy|move: Roost\n|\n|-damage|p2a: Zappy|61\/100 tox|[from] psn\n|upkeep\n|turn|117\n|\n|t:|1700148620\n|move|p2a: Zappy|Hurricane|p1a: Chansey\n|-damage|p1a: Chansey|50\/100\n|-start|p1a: Chansey|confusion\n|-activate|p1a: Chansey|confusion\n|move|p1a: Chansey|Seismic Toss|p2a: Zappy\n|-damage|p2a: Zappy|34\/100 tox\n|-status|p1a: Chansey|par|[from] ability: Static|[of] p2a: Zappy\n|\n|-damage|p2a: Zappy|22\/100 tox|[from] psn\n|upkeep\n|turn|118\n|\n|t:|1700148629\n|move|p2a: Zappy|Roost|p2a: Zappy\n|-heal|p2a: Zappy|73\/100 tox\n|-singleturn|p2a: Zappy|move: Roost\n|-activate|p1a: Chansey|confusion\n|move|p1a: Chansey|Soft-Boiled|p1a: Chansey\n|-heal|p1a: Chansey|99\/100 par\n|\n|-damage|p2a: Zappy|55\/100 tox|[from] psn\n|upkeep\n|turn|119\n|\n|t:|1700148638\n|move|p2a: Zappy|Hurricane|p1a: Chansey|[miss]\n|-miss|p2a: Zappy|p1a: Chansey\n|-activate|p1a: Chansey|confusion\n|move|p1a: Chansey|Seismic Toss|p2a: Zappy\n|-damage|p2a: Zappy|28\/100 tox\n|\n|-damage|p2a: Zappy|4\/100 tox|[from] psn\n|upkeep\n|turn|120\n|c|\u2606Chili D Dewd|Gg\n|c|\u2606coolmanbestguy123|gg\n|\n|t:|1700148649\n|move|p2a: Zappy|Volt Switch|p1a: Chansey\n|-damage|p1a: Chansey|90\/100 par\n|-end|p1a: Chansey|confusion\n|move|p1a: Chansey|Seismic Toss|p2a: Zappy\n|-damage|p2a: Zappy|0 fnt\n|faint|p2a: Zappy\n|\n|win|Chili D Dewd\n","uploadtime":1700148655,"views":4,"p1id":"chiliddewd","p2id":"coolmanbestguy123","formatid":"gen9nationaldex","rating":0,"private":0,"password":""}