{"id":"gen9nationaldex-1995611643","p1":"TheZongster","p2":"Asia208","format":"[Gen 9] National Dex","log":"|html|<div class=\"broadcast-blue\"><strong>[Gen 9] National Dex is currently suspecting Sneasler! For information on how to participate check out the <a href=\"https:\/\/www.smogon.com\/forums\/threads\/sv-national-dex-suspect-8-just-dance.3731534\/\">suspect thread<\/a>.<\/strong><\/div>\n|j|\u2606TheZongster\n|j|\u2606Asia208\n|t:|1700587396\n|gametype|singles\n|player|p1|TheZongster|will|\n|player|p2|Asia208|265|\n|teamsize|p1|6\n|teamsize|p2|6\n|gen|9\n|tier|[Gen 9] National Dex\n|rule|HP Percentage Mod: HP is shown in percentages\n|rule|Endless Battle Clause: Forcing endless battles is banned\n|rule|OHKO Clause: OHKO moves are banned\n|rule|Evasion Clause: Evasion abilities, items, and moves are banned\n|rule|Evasion Abilities Clause: Evasion abilities are banned\n|rule|Evasion Items Clause: Evasion items are banned\n|rule|Evasion Moves Clause: Evasion moves are banned\n|rule|Species Clause: Limit one of each Pok\u00e9mon\n|rule|Sleep Clause Mod: Limit one foe put to sleep\n|clearpoke\n|poke|p1|Slurpuff, F|\n|poke|p1|Tapu Koko|\n|poke|p1|Iron Moth|\n|poke|p1|Tauros-Paldea-Aqua, M|\n|poke|p1|Manaphy|\n|poke|p1|Mimikyu, F|\n|poke|p2|Gourgeist-*, M|\n|poke|p2|Hoopa-Unbound|\n|poke|p2|Primarina, M|\n|poke|p2|Zamazenta-*|\n|poke|p2|Hydreigon, M|\n|poke|p2|Centiskorch, F|\n|teampreview\n|\n|t:|1700587411\n|start\n|switch|p1a: Pedro|Tapu Koko, shiny|100\/100\n|switch|p2a: Hoopa|Hoopa-Unbound|100\/100\n|-fieldstart|move: Electric Terrain|[from] ability: Electric Surge|[of] p1a: Pedro\n|turn|1\n|\n|t:|1700587423\n|move|p1a: Pedro|U-turn|p2a: Hoopa\n|-supereffective|p2a: Hoopa\n|-damage|p2a: Hoopa|0 fnt\n|faint|p2a: Hoopa\n|\n|t:|1700587430\n|switch|p1a: Guerrero|Iron Moth|100\/100|[from] U-turn\n|-activate|p1a: Guerrero|ability: Quark Drive\n|-start|p1a: Guerrero|quarkdrivespa\n|\n|upkeep\n|\n|t:|1700587444\n|switch|p2a: Primarina|Primarina, M|100\/100\n|turn|2\n|\n|t:|1700587449\n|move|p1a: Guerrero|Discharge|p2a: Primarina\n|-supereffective|p2a: Primarina\n|-crit|p2a: Primarina\n|-damage|p2a: Primarina|0 fnt\n|faint|p2a: Primarina\n|-damage|p1a: Guerrero|91\/100|[from] item: Life Orb\n|\n|upkeep\n|\n|t:|1700587478\n|switch|p2a: Centiskorch|Centiskorch, F|100\/100\n|turn|3\n|\n|t:|1700587487\n|move|p1a: Guerrero|Fiery Dance|p2a: Centiskorch\n|-damage|p2a: Centiskorch|33\/100\n|-boost|p1a: Guerrero|spa|1\n|-damage|p1a: Guerrero|81\/100|[from] item: Life Orb\n|move|p2a: Centiskorch|Fire Lash|p1a: Guerrero\n|-resisted|p1a: Guerrero\n|-damage|p1a: Guerrero|44\/100\n|-unboost|p1a: Guerrero|def|1\n|\n|upkeep\n|turn|4\n|\n|t:|1700587506\n|move|p1a: Guerrero|Fiery Dance|p2a: Centiskorch\n|-damage|p2a: Centiskorch|0 fnt\n|-boost|p1a: Guerrero|spa|1\n|faint|p2a: Centiskorch\n|-damage|p1a: Guerrero|34\/100|[from] item: Life Orb\n|\n|upkeep\n|\n|t:|1700587517\n|switch|p2a: Hydreigon|Hydreigon, M, shiny|100\/100\n|turn|5\n|\n|t:|1700587526\n|move|p1a: Guerrero|Sludge Wave|p2a: Hydreigon\n|-damage|p2a: Hydreigon|0 fnt\n|faint|p2a: Hydreigon\n|-damage|p1a: Guerrero|24\/100|[from] item: Life Orb\n|\n|-fieldend|move: Electric Terrain\n|-end|p1a: Guerrero|Quark Drive\n|upkeep\n|\n|t:|1700587536\n|switch|p2a: Gourgeist|Gourgeist-Super, M, shiny|100\/100\n|-item|p1a: Guerrero|Life Orb|[from] ability: Frisk|[of] p2a: Gourgeist|[identify]\n|turn|6\n|\n|t:|1700587544\n|move|p1a: Guerrero|Discharge|p2a: Gourgeist\n|-resisted|p2a: Gourgeist\n|-damage|p2a: Gourgeist|53\/100\n|-damage|p1a: Guerrero|14\/100|[from] item: Life Orb\n|move|p2a: Gourgeist|Destiny Bond|p2a: Gourgeist\n|-singlemove|p2a: Gourgeist|Destiny Bond\n|\n|-heal|p2a: Gourgeist|59\/100|[from] item: Leftovers\n|upkeep\n|turn|7\n|\n|t:|1700587560\n|move|p1a: Guerrero|Fiery Dance|p2a: Gourgeist\n|-supereffective|p2a: Gourgeist\n|-damage|p2a: Gourgeist|0 fnt\n|faint|p2a: Gourgeist\n|-activate|p2a: Gourgeist|move: Destiny Bond\n|faint|p1a: Guerrero\n|-end|p1a: Guerrero|Quark Drive|[silent]\n|\n|upkeep\n|\n|t:|1700587574\n|switch|p1a: Luis|Slurpuff, F|100\/100\n|switch|p2a: Zamazenta|Zamazenta, shiny|100\/100\n|-ability|p2a: Zamazenta|Dauntless Shield|boost\n|-boost|p2a: Zamazenta|def|1\n|turn|8\n|\n|t:|1700587589\n|move|p2a: Zamazenta|Play Rough|p1a: Luis\n|-damage|p1a: Luis|66\/100\n|-unboost|p1a: Luis|atk|1\n|move|p1a: Luis|Yawn|p2a: Zamazenta\n|-start|p2a: Zamazenta|move: Yawn|[of] p1a: Luis\n|\n|upkeep\n|turn|9\n|\n|t:|1700587601\n|move|p2a: Zamazenta|Play Rough|p1a: Luis|[miss]\n|-miss|p2a: Zamazenta|p1a: Luis\n|move|p1a: Luis|Belly Drum|p1a: Luis\n|-damage|p1a: Luis|16\/100\n|-setboost|p1a: Luis|atk|6|[from] move: Belly Drum\n|-enditem|p1a: Luis|Aguav Berry|[eat]\n|-heal|p1a: Luis|49\/100|[from] item: Aguav Berry\n|\n|-end|p2a: Zamazenta|move: Yawn|[silent]\n|-status|p2a: Zamazenta|slp\n|upkeep\n|turn|10\n|\n|t:|1700587614\n|move|p1a: Luis|Drain Punch|p2a: Zamazenta\n|-damage|p2a: Zamazenta|51\/100 slp\n|-heal|p1a: Luis|75\/100|[from] drain|[of] p2a: Zamazenta\n|-damage|p1a: Luis|59\/100|[from] item: Rocky Helmet|[of] p2a: Zamazenta\n|cant|p2a: Zamazenta|slp\n|\n|upkeep\n|turn|11\n|\n|t:|1700587622\n|move|p1a: Luis|Drain Punch|p2a: Zamazenta\n|-damage|p2a: Zamazenta|2\/100 slp\n|-heal|p1a: Luis|84\/100|[from] drain|[of] p2a: Zamazenta\n|-damage|p1a: Luis|68\/100|[from] item: Rocky Helmet|[of] p2a: Zamazenta\n|cant|p2a: Zamazenta|slp\n|\n|upkeep\n|turn|12\n|\n|t:|1700587633\n|move|p1a: Luis|Sticky Web|p2a: Zamazenta\n|-sidestart|p2: Asia208|move: Sticky Web\n|-curestatus|p2a: Zamazenta|slp|[msg]\n|move|p2a: Zamazenta|Play Rough|p1a: Luis\n|-damage|p1a: Luis|33\/100\n|\n|upkeep\n|turn|13\n|\n|t:|1700587640\n|move|p1a: Luis|Drain Punch|p2a: Zamazenta\n|-damage|p2a: Zamazenta|0 fnt\n|-heal|p1a: Luis|34\/100|[from] drain|[of] p2a: Zamazenta\n|-damage|p1a: Luis|17\/100|[from] item: Rocky Helmet|[of] p2a: Zamazenta\n|faint|p2a: Zamazenta\n|\n|win|TheZongster\n","uploadtime":1700587652,"views":12,"p1id":"thezongster","p2id":"asia208","formatid":"gen9nationaldex","rating":0,"private":0,"password":""}