{"id":"gen9nationaldex-1991781153","p1":"TehReelBlue","p2":"I am interested","format":"[Gen 9] National Dex","log":"|j|\u2606TehReelBlue\n|j|\u2606I am interested\n|t:|1700116123\n|gametype|singles\n|player|p1|TehReelBlue|blue|1099\n|player|p2|I am interested|worker|1129\n|teamsize|p1|6\n|teamsize|p2|6\n|gen|9\n|tier|[Gen 9] National Dex\n|rated|\n|rule|HP Percentage Mod: HP is shown in percentages\n|rule|Endless Battle Clause: Forcing endless battles is banned\n|rule|OHKO Clause: OHKO moves are banned\n|rule|Evasion Clause: Evasion abilities, items, and moves are banned\n|rule|Evasion Abilities Clause: Evasion abilities are banned\n|rule|Evasion Items Clause: Evasion items are banned\n|rule|Evasion Moves Clause: Evasion moves are banned\n|rule|Species Clause: Limit one of each Pok\u00e9mon\n|rule|Sleep Clause Mod: Limit one foe put to sleep\n|clearpoke\n|poke|p1|Charizard, F|\n|poke|p1|Tyranitar, F|\n|poke|p1|Gyarados, M|\n|poke|p1|Venusaur, F|\n|poke|p1|Alakazam, F|\n|poke|p1|Rhyperior, M|\n|poke|p2|Gliscor, F|\n|poke|p2|Xurkitree|\n|poke|p2|Greninja-*, M|\n|poke|p2|Beedrill, M|\n|poke|p2|Aegislash, M|\n|poke|p2|Kyurem|\n|teampreview\n|inactive|Battle timer is ON: inactive players will automatically lose when time's up. (requested by I am interested)\n|\n|t:|1700116138\n|start\n|switch|p1a: Rhyperior|Rhyperior, M|100\/100\n|switch|p2a: Beedrill|Beedrill, M, shiny|100\/100\n|turn|1\n|\n|t:|1700116145\n|detailschange|p2a: Beedrill|Beedrill-Mega, M, shiny\n|-mega|p2a: Beedrill|Beedrill|Beedrillite\n|move|p2a: Beedrill|U-turn|p1a: Rhyperior\n|-damage|p1a: Rhyperior|59\/100\n|\n|t:|1700116150\n|switch|p2a: Greninja|Greninja, M|100\/100|[from] U-turn\n|move|p1a: Rhyperior|Avalanche|p2a: Greninja\n|-resisted|p2a: Greninja\n|-damage|p2a: Greninja|71\/100\n|\n|upkeep\n|turn|2\n|\n|t:|1700116160\n|switch|p1a: Gyarados|Gyarados, M|100\/100\n|move|p2a: Greninja|Scald|p1a: Gyarados\n|-resisted|p1a: Gyarados\n|-damage|p1a: Gyarados|76\/100\n|-damage|p2a: Greninja|61\/100|[from] item: Life Orb\n|\n|upkeep\n|turn|3\n|\n|t:|1700116187\n|move|p2a: Greninja|Dark Pulse|p1a: Gyarados\n|-damage|p1a: Gyarados|28\/100\n|-damage|p2a: Greninja|51\/100|[from] item: Life Orb\n|cant|p1a: Gyarados|flinch\n|\n|upkeep\n|turn|4\n|\n|t:|1700116201\n|switch|p1a: Tyranitar|Tyranitar, F|100\/100\n|-weather|Sandstorm|[from] ability: Sand Stream|[of] p1a: Tyranitar\n|move|p2a: Greninja|Dark Pulse|p1a: Tyranitar\n|-resisted|p1a: Tyranitar\n|-damage|p1a: Tyranitar|91\/100\n|-damage|p2a: Greninja|41\/100|[from] item: Life Orb\n|\n|-weather|Sandstorm|[upkeep]\n|-damage|p2a: Greninja|35\/100|[from] Sandstorm\n|-heal|p1a: Tyranitar|97\/100|[from] item: Leftovers\n|upkeep\n|turn|5\n|\n|t:|1700116214\n|switch|p1a: Venusaur|Venusaur, F|100\/100\n|move|p2a: Greninja|Scald|p1a: Venusaur\n|-resisted|p1a: Venusaur\n|-damage|p1a: Venusaur|73\/100\n|-status|p1a: Venusaur|brn\n|-damage|p2a: Greninja|26\/100|[from] item: Life Orb\n|\n|-weather|Sandstorm|[upkeep]\n|-damage|p2a: Greninja|20\/100|[from] Sandstorm\n|-damage|p1a: Venusaur|67\/100 brn|[from] Sandstorm\n|-damage|p1a: Venusaur|61\/100 brn|[from] brn\n|upkeep\n|turn|6\n|\n|t:|1700116233\n|move|p2a: Greninja|Ice Beam|p1a: Venusaur\n|-supereffective|p1a: Venusaur\n|-damage|p1a: Venusaur|0 fnt\n|faint|p1a: Venusaur\n|-ability|p2a: Greninja|Battle Bond|boost\n|-boost|p2a: Greninja|atk|1\n|-boost|p2a: Greninja|spa|1\n|-boost|p2a: Greninja|spe|1\n|-activate|p2a: Greninja|ability: Battle Bond\n|-damage|p2a: Greninja|10\/100|[from] item: Life Orb\n|\n|-weather|Sandstorm|[upkeep]\n|-damage|p2a: Greninja|4\/100|[from] Sandstorm\n|upkeep\n|inactive|TehReelBlue has 120 seconds left.\n|inactive|TehReelBlue has 90 seconds left.\n|\n|t:|1700116274\n|switch|p1a: Gyarados|Gyarados, M|28\/100\n|turn|7\n|\n|t:|1700116278\n|move|p2a: Greninja|Dark Pulse|p1a: Gyarados\n|-damage|p1a: Gyarados|0 fnt\n|faint|p1a: Gyarados\n|-damage|p2a: Greninja|0 fnt|[from] item: Life Orb\n|faint|p2a: Greninja\n|\n|-weather|Sandstorm|[upkeep]\n|upkeep\n|\n|t:|1700116287\n|switch|p2a: Beedrill|Beedrill-Mega, M, shiny|100\/100\n|switch|p1a: Rhyperior|Rhyperior, M|59\/100\n|turn|8\n|\n|t:|1700116300\n|move|p2a: Beedrill|U-turn|p1a: Rhyperior\n|-damage|p1a: Rhyperior|22\/100\n|\n|t:|1700116304\n|switch|p2a: Gliscor|Gliscor, F, shiny|100\/100|[from] U-turn\n|move|p1a: Rhyperior|Earthquake|p2a: Gliscor\n|-immune|p2a: Gliscor\n|\n|-weather|none\n|-status|p2a: Gliscor|tox|[from] item: Toxic Orb\n|upkeep\n|turn|9\n|\n|t:|1700116319\n|switch|p1a: Tyranitar|Tyranitar, F|97\/100\n|-weather|Sandstorm|[from] ability: Sand Stream|[of] p1a: Tyranitar\n|move|p2a: Gliscor|Earthquake|p1a: Tyranitar\n|-supereffective|p1a: Tyranitar\n|-damage|p1a: Tyranitar|42\/100\n|\n|-weather|Sandstorm|[upkeep]\n|-heal|p1a: Tyranitar|48\/100|[from] item: Leftovers\n|upkeep\n|turn|10\n|\n|t:|1700116330\n|switch|p1a: Charizard|Charizard, F|100\/100\n|move|p2a: Gliscor|Earthquake|p1a: Charizard\n|-immune|p1a: Charizard\n|\n|-weather|Sandstorm|[upkeep]\n|-damage|p1a: Charizard|94\/100|[from] Sandstorm\n|upkeep\n|turn|11\n|inactive|TehReelBlue has 120 seconds left.\n|\n|t:|1700116342\n|detailschange|p1a: Charizard|Charizard-Mega-Y, F\n|-mega|p1a: Charizard|Charizard|Charizardite Y\n|-weather|SunnyDay|[from] ability: Drought|[of] p1a: Charizard\n|move|p1a: Charizard|Overheat|p2a: Gliscor\n|-damage|p2a: Gliscor|0 fnt\n|-unboost|p1a: Charizard|spa|2\n|faint|p2a: Gliscor\n|\n|-weather|SunnyDay|[upkeep]\n|upkeep\n|\n|t:|1700116354\n|switch|p2a: Xurkitree|Xurkitree|100\/100\n|turn|12\n|\n|t:|1700116364\n|switch|p2a: Aegislash|Aegislash, M, shiny|100\/100\n|switch|p1a: Tyranitar|Tyranitar, F|48\/100\n|-weather|Sandstorm|[from] ability: Sand Stream|[of] p1a: Tyranitar\n|\n|-weather|Sandstorm|[upkeep]\n|-heal|p1a: Tyranitar|54\/100|[from] item: Leftovers\n|upkeep\n|turn|13\n|\n|t:|1700116380\n|move|p2a: Aegislash|Autotomize|p2a: Aegislash\n|-boost|p2a: Aegislash|spe|2\n|-start|p2a: Aegislash|Autotomize\n|move|p1a: Tyranitar|Stealth Rock|p2a: Aegislash\n|-sidestart|p2: I am interested|move: Stealth Rock\n|\n|-weather|Sandstorm|[upkeep]\n|-heal|p1a: Tyranitar|61\/100|[from] item: Leftovers\n|upkeep\n|turn|14\n|\n|t:|1700116390\n|-formechange|p2a: Aegislash|Aegislash-Blade||[from] ability: Stance Change\n|move|p2a: Aegislash|Iron Head|p1a: Tyranitar\n|-supereffective|p1a: Tyranitar\n|-damage|p1a: Tyranitar|1\/100\n|move|p1a: Tyranitar|Thunder Wave|p2a: Aegislash\n|-status|p2a: Aegislash|par\n|\n|-weather|Sandstorm|[upkeep]\n|-heal|p1a: Tyranitar|7\/100|[from] item: Leftovers\n|upkeep\n|turn|15\n|\n|t:|1700116400\n|move|p2a: Aegislash|Autotomize|p2a: Aegislash\n|-boost|p2a: Aegislash|spe|2\n|-start|p2a: Aegislash|Autotomize\n|move|p1a: Tyranitar|Rest|p1a: Tyranitar\n|-status|p1a: Tyranitar|slp|[from] move: Rest\n|-heal|p1a: Tyranitar|100\/100 slp|[silent]\n|\n|-weather|Sandstorm|[upkeep]\n|upkeep\n|turn|16\n|\n|t:|1700116420\n|switch|p1a: Rhyperior|Rhyperior, M|22\/100\n|cant|p2a: Aegislash|par\n|\n|-weather|none\n|upkeep\n|turn|17\n|\n|t:|1700116430\n|-terastallize|p1a: Rhyperior|Ground\n|move|p2a: Aegislash|Iron Head|p1a: Rhyperior\n|-damage|p1a: Rhyperior|0 fnt\n|faint|p1a: Rhyperior\n|\n|upkeep\n|\n|t:|1700116436\n|switch|p1a: Charizard|Charizard-Mega-Y, F|94\/100\n|-weather|SunnyDay|[from] ability: Drought|[of] p1a: Charizard\n|turn|18\n|\n|t:|1700116441\n|move|p1a: Charizard|Overheat|p2a: Aegislash\n|-supereffective|p2a: Aegislash\n|-damage|p2a: Aegislash|0 fnt\n|-unboost|p1a: Charizard|spa|2\n|faint|p2a: Aegislash\n|\n|-weather|SunnyDay|[upkeep]\n|upkeep\n|\n|t:|1700116447\n|switch|p2a: Xurkitree|Xurkitree|100\/100\n|-damage|p2a: Xurkitree|88\/100|[from] Stealth Rock\n|turn|19\n|\n|t:|1700116451\n|switch|p1a: Tyranitar|Tyranitar, F|100\/100 slp\n|-weather|Sandstorm|[from] ability: Sand Stream|[of] p1a: Tyranitar\n|move|p2a: Xurkitree|Discharge|p1a: Tyranitar\n|-damage|p1a: Tyranitar|78\/100 slp\n|\n|-weather|Sandstorm|[upkeep]\n|-damage|p2a: Xurkitree|82\/100|[from] Sandstorm\n|-heal|p1a: Tyranitar|84\/100 slp|[from] item: Leftovers\n|upkeep\n|turn|20\n|\n|t:|1700116462\n|switch|p2a: Kyurem|Kyurem|100\/100\n|-ability|p2a: Kyurem|Pressure\n|cant|p1a: Tyranitar|slp\n|\n|-weather|Sandstorm|[upkeep]\n|-damage|p2a: Kyurem|94\/100|[from] Sandstorm\n|-heal|p1a: Tyranitar|90\/100 slp|[from] item: Leftovers\n|upkeep\n|turn|21\n|\n|t:|1700116475\n|switch|p1a: Charizard|Charizard-Mega-Y, F|94\/100\n|-weather|SunnyDay|[from] ability: Drought|[of] p1a: Charizard\n|move|p2a: Kyurem|Freeze-Dry|p1a: Charizard\n|-crit|p1a: Charizard\n|-damage|p1a: Charizard|35\/100\n|\n|-weather|SunnyDay|[upkeep]\n|upkeep\n|turn|22\n|\n|t:|1700116486\n|-terastallize|p2a: Kyurem|Fairy\n|move|p1a: Charizard|Overheat|p2a: Kyurem\n|-damage|p2a: Kyurem|0 fnt\n|-unboost|p1a: Charizard|spa|2\n|faint|p2a: Kyurem\n|\n|-weather|SunnyDay|[upkeep]\n|upkeep\n|\n|t:|1700116494\n|switch|p2a: Xurkitree|Xurkitree|82\/100\n|-damage|p2a: Xurkitree|70\/100|[from] Stealth Rock\n|turn|23\n|\n|t:|1700116498\n|switch|p1a: Tyranitar|Tyranitar, F|90\/100 slp\n|-weather|Sandstorm|[from] ability: Sand Stream|[of] p1a: Tyranitar\n|move|p2a: Xurkitree|Discharge|p1a: Tyranitar\n|-damage|p1a: Tyranitar|68\/100 slp\n|\n|-weather|Sandstorm|[upkeep]\n|-damage|p2a: Xurkitree|63\/100|[from] Sandstorm\n|-heal|p1a: Tyranitar|74\/100 slp|[from] item: Leftovers\n|upkeep\n|turn|24\n|\n|t:|1700116508\n|move|p2a: Xurkitree|Discharge|p1a: Tyranitar\n|-damage|p1a: Tyranitar|49\/100 slp\n|cant|p1a: Tyranitar|slp\n|\n|-weather|Sandstorm|[upkeep]\n|-damage|p2a: Xurkitree|57\/100|[from] Sandstorm\n|-heal|p1a: Tyranitar|55\/100 slp|[from] item: Leftovers\n|upkeep\n|turn|25\n|\n|t:|1700116515\n|move|p2a: Xurkitree|Discharge|p1a: Tyranitar\n|-damage|p1a: Tyranitar|31\/100 slp\n|-curestatus|p1a: Tyranitar|slp|[msg]\n|move|p1a: Tyranitar|Rock Blast|p2a: Xurkitree\n|-damage|p2a: Xurkitree|41\/100\n|-damage|p2a: Xurkitree|25\/100\n|-damage|p2a: Xurkitree|9\/100\n|-hitcount|p2a: Xurkitree|3\n|\n|-weather|Sandstorm|[upkeep]\n|-damage|p2a: Xurkitree|2\/100|[from] Sandstorm\n|-heal|p1a: Tyranitar|37\/100|[from] item: Leftovers\n|upkeep\n|turn|26\n|\n|t:|1700116530\n|move|p2a: Xurkitree|Discharge|p1a: Tyranitar\n|-damage|p1a: Tyranitar|15\/100\n|move|p1a: Tyranitar|Rest|p1a: Tyranitar\n|-status|p1a: Tyranitar|slp|[from] move: Rest\n|-heal|p1a: Tyranitar|100\/100 slp|[silent]\n|\n|-weather|Sandstorm|[upkeep]\n|-damage|p2a: Xurkitree|0 fnt|[from] Sandstorm\n|faint|p2a: Xurkitree\n|upkeep\n|\n|t:|1700116532\n|switch|p2a: Beedrill|Beedrill-Mega, M, shiny|100\/100\n|-damage|p2a: Beedrill|75\/100|[from] Stealth Rock\n|turn|27\n|inactive|TehReelBlue has 120 seconds left.\n|\n|t:|1700116571\n|switch|p1a: Charizard|Charizard-Mega-Y, F|35\/100\n|-weather|SunnyDay|[from] ability: Drought|[of] p1a: Charizard\n|move|p2a: Beedrill|U-turn|p1a: Charizard\n|-resisted|p1a: Charizard\n|-damage|p1a: Charizard|15\/100\n|\n|-weather|SunnyDay|[upkeep]\n|upkeep\n|turn|28\n|inactive|TehReelBlue has 120 seconds left.\n|\n|t:|1700116579\n|move|p2a: Beedrill|Poison Jab|p1a: Charizard\n|-damage|p1a: Charizard|0 fnt\n|faint|p1a: Charizard\n|\n|-weather|SunnyDay|[upkeep]\n|upkeep\n|inactive|TehReelBlue has 120 seconds left.\n|\n|t:|1700116585\n|switch|p1a: Tyranitar|Tyranitar, F|100\/100 slp\n|-weather|Sandstorm|[from] ability: Sand Stream|[of] p1a: Tyranitar\n|turn|29\n|inactive|TehReelBlue has 120 seconds left.\n|\n|t:|1700116599\n|move|p2a: Beedrill|U-turn|p1a: Tyranitar\n|-supereffective|p1a: Tyranitar\n|-damage|p1a: Tyranitar|11\/100 slp\n|cant|p1a: Tyranitar|slp\n|\n|-weather|Sandstorm|[upkeep]\n|-damage|p2a: Beedrill|69\/100|[from] Sandstorm\n|-heal|p1a: Tyranitar|18\/100 slp|[from] item: Leftovers\n|upkeep\n|turn|30\n|\n|t:|1700116606\n|move|p2a: Beedrill|U-turn|p1a: Tyranitar\n|-supereffective|p1a: Tyranitar\n|-damage|p1a: Tyranitar|0 fnt\n|faint|p1a: Tyranitar\n|\n|-weather|Sandstorm|[upkeep]\n|-damage|p2a: Beedrill|63\/100|[from] Sandstorm\n|upkeep\n|\n|t:|1700116612\n|switch|p1a: Alakazam|Alakazam, F|100\/100\n|turn|31\n|inactive|TehReelBlue has 120 seconds left.\n|\n|t:|1700116627\n|move|p2a: Beedrill|U-turn|p1a: Alakazam\n|-supereffective|p1a: Alakazam\n|-enditem|p1a: Alakazam|Focus Sash\n|-damage|p1a: Alakazam|1\/100\n|move|p1a: Alakazam|Counter|p2a: Beedrill\n|-damage|p2a: Beedrill|0 fnt\n|faint|p2a: Beedrill\n|\n|win|TehReelBlue\n|raw|TehReelBlue's rating: 1099 &rarr; <strong>1126<\/strong><br \/>(+27 for winning)\n|raw|I am interested's rating: 1129 &rarr; <strong>1102<\/strong><br \/>(-27 for losing)\n|l|\u2606I am interested\n","uploadtime":1700116646,"views":4,"p1id":"tehreelblue","p2id":"iaminterested","formatid":"gen9nationaldex","rating":1102,"private":0,"password":""}