{"id":"gen9nationaldex-1998199906","p1":"UltraDJames","p2":"hurw666","format":"[Gen 9] National Dex","log":"|html|<div class=\"broadcast-blue\"><strong>[Gen 9] National Dex is currently suspecting Sneasler! For information on how to participate check out the <a href=\"https:\/\/www.smogon.com\/forums\/threads\/sv-national-dex-suspect-8-just-dance.3731534\/\">suspect thread<\/a>.<\/strong><\/div>\n|j|\u2606UltraDJames\n|j|\u203dhurw666\n|t:|1700911341\n|gametype|singles\n|player|p1|UltraDJames|falkner|1233\n|player|p2|hurw666|cynthia-gen4|1284\n|teamsize|p1|6\n|teamsize|p2|6\n|gen|9\n|tier|[Gen 9] National Dex\n|rated|\n|rule|HP Percentage Mod: HP is shown in percentages\n|rule|Endless Battle Clause: Forcing endless battles is banned\n|rule|OHKO Clause: OHKO moves are banned\n|rule|Evasion Clause: Evasion abilities, items, and moves are banned\n|rule|Evasion Abilities Clause: Evasion abilities are banned\n|rule|Evasion Items Clause: Evasion items are banned\n|rule|Evasion Moves Clause: Evasion moves are banned\n|rule|Species Clause: Limit one of each Pok\u00e9mon\n|rule|Sleep Clause Mod: Limit one foe put to sleep\n|clearpoke\n|poke|p1|Obstagoon, M|\n|poke|p1|Golisopod, F|\n|poke|p1|Zapdos-Galar|\n|poke|p1|Cursola, F|\n|poke|p1|Altaria, F|\n|poke|p1|Excadrill, M|\n|poke|p2|Banette, F|\n|poke|p2|Ogerpon, F|\n|poke|p2|Jirachi|\n|poke|p2|Zygarde-10%|\n|poke|p2|Samurott-Hisui, M|\n|poke|p2|Moltres|\n|teampreview\n|inactive|Battle timer is ON: inactive players will automatically lose when time's up. (requested by UltraDJames)\n|inactive|hurw666 also wants the timer to be on.\n|c|\u2606UltraDJames|gl\n|\n|t:|1700911349\n|start\n|switch|p1a: Excadrill|Excadrill, M|100\/100\n|switch|p2a: Samurott|Samurott-Hisui, M|100\/100\n|-ability|p1a: Excadrill|Mold Breaker\n|turn|1\n|\n|t:|1700911359\n|move|p2a: Samurott|Ceaseless Edge|p1a: Excadrill\n|-damage|p1a: Excadrill|33\/100\n|-sidestart|p1: UltraDJames|Spikes\n|move|p1a: Excadrill|Stealth Rock|p2a: Samurott\n|-sidestart|p2: hurw666|move: Stealth Rock\n|\n|-heal|p1a: Excadrill|39\/100|[from] item: Leftovers\n|upkeep\n|turn|2\n|\n|t:|1700911363\n|move|p2a: Samurott|Ceaseless Edge|p1a: Excadrill\n|-damage|p1a: Excadrill|0 fnt\n|-sidestart|p1: UltraDJames|Spikes\n|faint|p1a: Excadrill\n|\n|upkeep\n|\n|t:|1700911371\n|switch|p1a: Altaria|Altaria, F|100\/100\n|turn|3\n|\n|t:|1700911375\n|detailschange|p1a: Altaria|Altaria-Mega, F\n|-mega|p1a: Altaria|Altaria|Altarianite\n|move|p2a: Samurott|Ceaseless Edge|p1a: Altaria\n|-resisted|p1a: Altaria\n|-damage|p1a: Altaria|77\/100\n|-sidestart|p1: UltraDJames|Spikes\n|move|p1a: Altaria|Dragon Dance|p1a: Altaria\n|-boost|p1a: Altaria|atk|1\n|-boost|p1a: Altaria|spe|1\n|\n|upkeep\n|turn|4\n|\n|t:|1700911387\n|switch|p2a: Banette|Banette, F|100\/100\n|-damage|p2a: Banette|88\/100|[from] Stealth Rock\n|-item|p1a: Altaria|Altarianite|[from] ability: Frisk|[of] p2a: Banette|[identify]\n|move|p1a: Altaria|Return|p2a: Banette\n|-crit|p2a: Banette\n|-damage|p2a: Banette|0 fnt\n|faint|p2a: Banette\n|\n|upkeep\n|c|\u2606UltraDJames|sorry you couldnt get your prankster destiny bond off\n|inactive|hurw666 has 120 seconds left.\n|\n|t:|1700911417\n|switch|p2a: Moltres|Moltres|100\/100\n|turn|5\n|c|\u2606UltraDJames|or would you have encored it into dragon dance?\n|\n|t:|1700911429\n|move|p1a: Altaria|Dragon Dance|p1a: Altaria\n|-boost|p1a: Altaria|atk|1\n|-boost|p1a: Altaria|spe|1\n|move|p2a: Moltres|Hurricane|p1a: Altaria|[miss]\n|-miss|p2a: Moltres|p1a: Altaria\n|\n|upkeep\n|turn|6\n|\n|t:|1700911433\n|move|p1a: Altaria|Dual Wingbeat|p2a: Moltres\n|-damage|p2a: Moltres|80\/100\n|-damage|p2a: Moltres|62\/100\n|-hitcount|p2a: Moltres|2\n|move|p2a: Moltres|Hurricane|p1a: Altaria\n|-damage|p1a: Altaria|22\/100\n|-start|p1a: Altaria|confusion\n|\n|upkeep\n|turn|7\n|\n|t:|1700911440\n|-activate|p1a: Altaria|confusion\n|move|p1a: Altaria|Dual Wingbeat|p2a: Moltres\n|-damage|p2a: Moltres|44\/100\n|-damage|p2a: Moltres|24\/100\n|-hitcount|p2a: Moltres|2\n|move|p2a: Moltres|Roost|p2a: Moltres\n|-heal|p2a: Moltres|74\/100\n|-singleturn|p2a: Moltres|move: Roost\n|\n|upkeep\n|turn|8\n|\n|t:|1700911454\n|-activate|p1a: Altaria|confusion\n|-damage|p1a: Altaria|0 fnt|[from] confusion\n|faint|p1a: Altaria\n|move|p2a: Moltres|Hurricane|p1: Altaria|[notarget]\n|-fail|p2a: Moltres\n|\n|upkeep\n|\n|t:|1700911465\n|switch|p1a: Golisopod|Golisopod, F|100\/100\n|-damage|p1a: Golisopod|76\/100|[from] Spikes\n|turn|9\n|\n|t:|1700911476\n|-terastallize|p1a: Golisopod|Ground\n|move|p2a: Moltres|U-turn|p1a: Golisopod\n|-damage|p1a: Golisopod|66\/100\n|\n|t:|1700911485\n|switch|p2a: Samurott|Samurott-Hisui, M|100\/100|[from] U-turn\n|-damage|p2a: Samurott|88\/100|[from] Stealth Rock\n|move|p1a: Golisopod|Swords Dance|p1a: Golisopod\n|-boost|p1a: Golisopod|atk|2\n|\n|upkeep\n|turn|10\n|\n|t:|1700911498\n|switch|p1a: Obstagoon|Obstagoon, M|100\/100\n|-damage|p1a: Obstagoon|76\/100|[from] Spikes\n|move|p2a: Samurott|Razor Shell|p1a: Obstagoon\n|-damage|p1a: Obstagoon|18\/100\n|\n|-status|p1a: Obstagoon|brn|[from] item: Flame Orb\n|upkeep\n|turn|11\n|\n|t:|1700911505\n|move|p2a: Samurott|Razor Shell|p1a: Obstagoon\n|-damage|p1a: Obstagoon|0 fnt\n|faint|p1a: Obstagoon\n|\n|upkeep\n|\n|t:|1700911507\n|switch|p1a: Zapdos|Zapdos-Galar|100\/100\n|turn|12\n|c|\u2606UltraDJames|damn\n|c|\u2606UltraDJames|ggs\n|c|\u2606UltraDJames|cant beat OU mons at the end of the day\n|\n|t:|1700911526\n|move|p2a: Samurott|Razor Shell|p1a: Zapdos\n|-damage|p1a: Zapdos|45\/100\n|-unboost|p1a: Zapdos|def|1\n|-ability|p1a: Zapdos|Defiant|boost\n|-boost|p1a: Zapdos|atk|2\n|move|p1a: Zapdos|Trailblaze|p2a: Samurott\n|-supereffective|p2a: Samurott\n|-damage|p2a: Samurott|0 fnt\n|-boost|p1a: Zapdos|spe|1\n|faint|p2a: Samurott\n|\n|upkeep\n|\n|t:|1700911540\n|switch|p2a: Zygarde|Zygarde-10%|100\/100\n|-damage|p2a: Zygarde|94\/100|[from] Stealth Rock\n|-ability|p2a: Zygarde|Aura Break\n|turn|13\n|\n|t:|1700911549\n|-terastallize|p2a: Zygarde|Normal\n|move|p2a: Zygarde|Extreme Speed|p1a: Zapdos\n|-crit|p1a: Zapdos\n|-damage|p1a: Zapdos|0 fnt\n|faint|p1a: Zapdos\n|\n|upkeep\n|\n|t:|1700911554\n|switch|p1a: Golisopod|Golisopod, F, tera:Ground|66\/100\n|-damage|p1a: Golisopod|41\/100|[from] Spikes\n|-activate|p1a: Golisopod|ability: Emergency Exit\n|\n|t:|1700911556\n|switch|p1a: Cursola|Cursola, F|100\/100\n|-damage|p1a: Cursola|75\/100|[from] Spikes\n|turn|14\n|\n|t:|1700911569\n|switch|p2a: Ogerpon|Ogerpon, F|100\/100\n|-damage|p2a: Ogerpon|88\/100|[from] Stealth Rock\n|move|p1a: Cursola|Ice Beam|p2a: Ogerpon\n|-supereffective|p2a: Ogerpon\n|-damage|p2a: Ogerpon|10\/100\n|\n|-heal|p2a: Ogerpon|16\/100|[from] item: Leftovers\n|-heal|p1a: Cursola|82\/100|[from] item: Leftovers\n|upkeep\n|turn|15\n|\n|t:|1700911580\n|move|p2a: Ogerpon|Leech Seed|p1a: Cursola\n|-start|p1a: Cursola|move: Leech Seed\n|move|p1a: Cursola|Giga Drain|p2a: Ogerpon\n|-resisted|p2a: Ogerpon\n|-damage|p2a: Ogerpon|0 fnt\n|-heal|p1a: Cursola|91\/100|[from] drain|[of] p2a: Ogerpon\n|faint|p2a: Ogerpon\n|\n|-heal|p1a: Cursola|97\/100|[from] item: Leftovers\n|upkeep\n|\n|t:|1700911587\n|switch|p2a: Jirachi|Jirachi, shiny|100\/100\n|-damage|p2a: Jirachi|94\/100|[from] Stealth Rock\n|turn|16\n|\n|t:|1700911590\n|-zpower|p2a: Jirachi\n|move|p2a: Jirachi|Z-Happy Hour|p2a: Jirachi|[anim]Happy Hour\n|-boost|p2a: Jirachi|atk|1|[zeffect]\n|-boost|p2a: Jirachi|def|1|[zeffect]\n|-boost|p2a: Jirachi|spa|1|[zeffect]\n|-boost|p2a: Jirachi|spd|1|[zeffect]\n|-boost|p2a: Jirachi|spe|1|[zeffect]\n|move|p1a: Cursola|Shadow Ball|p2a: Jirachi\n|-supereffective|p2a: Jirachi\n|-damage|p2a: Jirachi|19\/100\n|\n|-heal|p1a: Cursola|100\/100|[from] item: Leftovers\n|-damage|p1a: Cursola|88\/100|[from] Leech Seed|[of] p2a: Jirachi\n|-heal|p2a: Jirachi|30\/100|[silent]\n|upkeep\n|turn|17\n|\n|t:|1700911595\n|move|p2a: Jirachi|Stored Power|p1a: Cursola\n|-damage|p1a: Cursola|28\/100\n|move|p1a: Cursola|Shadow Ball|p2a: Jirachi\n|-supereffective|p2a: Jirachi\n|-damage|p2a: Jirachi|0 fnt\n|faint|p2a: Jirachi\n|\n|-heal|p1a: Cursola|34\/100|[from] item: Leftovers\n|upkeep\n|\n|t:|1700911601\n|switch|p2a: Zygarde|Zygarde-10%, tera:Normal|94\/100\n|-damage|p2a: Zygarde|82\/100|[from] Stealth Rock\n|-ability|p2a: Zygarde|Aura Break\n|turn|18\n|\n|t:|1700911608\n|move|p2a: Zygarde|Outrage|p1a: Cursola\n|-damage|p1a: Cursola|0 fnt\n|-ability|p1a: Cursola|Perish Body\n|faint|p1a: Cursola\n|\n|-start|p2a: Zygarde|perish3\n|upkeep\n|\n|t:|1700911612\n|switch|p1a: Golisopod|Golisopod, F, tera:Ground|41\/100\n|-damage|p1a: Golisopod|16\/100|[from] Spikes\n|turn|19\n|c|\u2606UltraDJames|damn\n|c|\u2606UltraDJames|ggs\n|\n|t:|1700911618\n|move|p1a: Golisopod|First Impression|p2a: Zygarde\n|-damage|p2a: Zygarde|0 fnt\n|faint|p2a: Zygarde\n|-damage|p1a: Golisopod|6\/100|[from] item: Life Orb\n|\n|upkeep\n|\n|t:|1700911621\n|switch|p2a: Moltres|Moltres|74\/100\n|turn|20\n|\n|t:|1700911623\n|move|p1a: Golisopod|Aqua Jet|p2a: Moltres\n|-supereffective|p2a: Moltres\n|-damage|p2a: Moltres|35\/100\n|-damage|p1a: Golisopod|0 fnt|[from] item: Life Orb\n|faint|p1a: Golisopod\n|\n|win|hurw666\n|raw|UltraDJames's rating: 1233 &rarr; <strong>1212<\/strong><br \/>(-21 for losing)\n|raw|hurw666's rating: 1284 &rarr; <strong>1305<\/strong><br \/>(+21 for winning)\n|l|\u203dhurw666\n","uploadtime":1700911632,"views":0,"p1id":"ultradjames","p2id":"hurw666","formatid":"gen9nationaldex","rating":1212,"private":0,"password":""}