{"id":"gen9nationaldex-1991934714","p1":"CappyPulpy","p2":"Yuanshen61\u6211\u8981\u73a9\u539f\u795e","format":"[Gen 9] National Dex","log":"|j|\u2606CappyPulpy\n|j|\u2606Yuanshen61\u6211\u8981\u73a9\u539f\u795e\n|t:|1700139999\n|gametype|singles\n|player|p1|CappyPulpy|169|1415\n|player|p2|Yuanshen61\u6211\u8981\u73a9\u539f\u795e|dawn-contest|1541\n|teamsize|p1|6\n|teamsize|p2|6\n|gen|9\n|tier|[Gen 9] National Dex\n|rated|\n|rule|HP Percentage Mod: HP is shown in percentages\n|rule|Endless Battle Clause: Forcing endless battles is banned\n|rule|OHKO Clause: OHKO moves are banned\n|rule|Evasion Clause: Evasion abilities, items, and moves are banned\n|rule|Evasion Abilities Clause: Evasion abilities are banned\n|rule|Evasion Items Clause: Evasion items are banned\n|rule|Evasion Moves Clause: Evasion moves are banned\n|rule|Species Clause: Limit one of each Pok\u00e9mon\n|rule|Sleep Clause Mod: Limit one foe put to sleep\n|clearpoke\n|poke|p1|Tyranitar, M|\n|poke|p1|Alomomola, F|\n|poke|p1|Zamazenta-*|\n|poke|p1|Landorus-Therian, M|\n|poke|p1|Kommo-o, F|\n|poke|p1|Aegislash, M|\n|poke|p2|Blacephalon|\n|poke|p2|Lopunny, M|\n|poke|p2|Ting-Lu|\n|poke|p2|Zapdos|\n|poke|p2|Hatterene, F|\n|poke|p2|Greninja-*, M|\n|teampreview\n|inactive|Battle timer is ON: inactive players will automatically lose when time's up. (requested by Yuanshen61\u6211\u8981\u73a9\u539f\u795e)\n|\n|t:|1700140011\n|start\n|switch|p1a: Tyranitar|Tyranitar, M|100\/100\n|switch|p2a: Ting-Lu|Ting-Lu|100\/100\n|-weather|Sandstorm|[from] ability: Sand Stream|[of] p1a: Tyranitar\n|-ability|p2a: Ting-Lu|Vessel of Ruin\n|turn|1\n|\n|t:|1700140015\n|detailschange|p1a: Tyranitar|Tyranitar-Mega, M\n|-mega|p1a: Tyranitar|Tyranitar|Tyranitarite\n|move|p1a: Tyranitar|Stealth Rock|p2a: Ting-Lu\n|-sidestart|p2: Yuanshen61\u6211\u8981\u73a9\u539f\u795e|move: Stealth Rock\n|move|p2a: Ting-Lu|Stealth Rock|p1a: Tyranitar\n|-sidestart|p1: CappyPulpy|move: Stealth Rock\n|\n|-weather|Sandstorm|[upkeep]\n|upkeep\n|turn|2\n|\n|t:|1700140018\n|move|p1a: Tyranitar|Knock Off|p2a: Ting-Lu\n|-resisted|p2a: Ting-Lu\n|-damage|p2a: Ting-Lu|86\/100\n|-enditem|p2a: Ting-Lu|Leftovers|[from] move: Knock Off|[of] p1a: Tyranitar\n|move|p2a: Ting-Lu|Spikes|p1a: Tyranitar\n|-sidestart|p1: CappyPulpy|Spikes\n|\n|-weather|Sandstorm|[upkeep]\n|upkeep\n|turn|3\n|\n|t:|1700140025\n|switch|p1a: Landorus|Landorus-Therian, M|100\/100\n|-damage|p1a: Landorus|88\/100|[from] Stealth Rock\n|-ability|p1a: Landorus|Intimidate|boost\n|-unboost|p2a: Ting-Lu|atk|1\n|move|p2a: Ting-Lu|Ruination|p1a: Landorus|[miss]\n|-miss|p2a: Ting-Lu|p1a: Landorus\n|\n|-weather|Sandstorm|[upkeep]\n|upkeep\n|turn|4\n|\n|t:|1700140028\n|move|p1a: Landorus|Defog|p2a: Ting-Lu\n|-unboost|p2a: Ting-Lu|evasion|1\n|-sideend|p2: Yuanshen61\u6211\u8981\u73a9\u539f\u795e|Stealth Rock|[from] move: Defog|[of] p1a: Landorus\n|-sideend|p1: CappyPulpy|Spikes|[from] move: Defog|[of] p1a: Landorus\n|-sideend|p1: CappyPulpy|Stealth Rock|[from] move: Defog|[of] p1a: Landorus\n|move|p2a: Ting-Lu|Ruination|p1a: Landorus\n|-damage|p1a: Landorus|44\/100\n|\n|-weather|Sandstorm|[upkeep]\n|upkeep\n|turn|5\n|\n|t:|1700140030\n|switch|p1a: Zamazenta|Zamazenta|100\/100\n|-ability|p1a: Zamazenta|Dauntless Shield|boost\n|-boost|p1a: Zamazenta|def|1\n|move|p2a: Ting-Lu|Stealth Rock|p1a: Zamazenta\n|-sidestart|p1: CappyPulpy|move: Stealth Rock\n|\n|-weather|none\n|upkeep\n|turn|6\n|\n|t:|1700140038\n|switch|p1a: Tyranitar|Tyranitar-Mega, M|100\/100\n|-damage|p1a: Tyranitar|88\/100|[from] Stealth Rock\n|-weather|Sandstorm|[from] ability: Sand Stream|[of] p1a: Tyranitar\n|switch|p2a: Blacephalon|Blacephalon|100\/100\n|\n|-weather|Sandstorm|[upkeep]\n|-damage|p2a: Blacephalon|94\/100|[from] Sandstorm\n|upkeep\n|turn|7\n|\n|t:|1700140048\n|-activate|p2a: Blacephalon|move: Pursuit\n|move|p1a: Tyranitar|Pursuit|p2a: Blacephalon|[from]Pursuit\n|-supereffective|p2a: Blacephalon\n|-damage|p2a: Blacephalon|0 fnt\n|faint|p2a: Blacephalon\n|-hint|A Pokemon can't switch between when it runs out of HP and when it faints\n|\n|-weather|Sandstorm|[upkeep]\n|upkeep\n|\n|t:|1700140050\n|switch|p2a: Lopunny|Lopunny, M|100\/100\n|turn|8\n|\n|t:|1700140057\n|switch|p1a: Zamazenta|Zamazenta|100\/100\n|-damage|p1a: Zamazenta|94\/100|[from] Stealth Rock\n|detailschange|p2a: Lopunny|Lopunny-Mega, M\n|-mega|p2a: Lopunny|Lopunny|Lopunnite\n|move|p2a: Lopunny|U-turn|p1a: Zamazenta\n|-resisted|p1a: Zamazenta\n|-damage|p1a: Zamazenta|83\/100\n|\n|t:|1700140059\n|switch|p2a: Hatterene|Hatterene, F|100\/100|[from] U-turn\n|\n|-weather|Sandstorm|[upkeep]\n|-damage|p1a: Zamazenta|77\/100|[from] Sandstorm\n|-damage|p2a: Hatterene|95\/100|[from] Sandstorm\n|-heal|p2a: Hatterene|100\/100|[from] item: Leftovers\n|upkeep\n|turn|9\n|\n|t:|1700140068\n|switch|p1a: Aegislash|Aegislash, M|100\/100\n|-damage|p1a: Aegislash|94\/100|[from] Stealth Rock\n|move|p2a: Hatterene|Nuzzle|p1a: Aegislash\n|-damage|p1a: Aegislash|90\/100\n|-status|p1a: Aegislash|par\n|\n|-weather|Sandstorm|[upkeep]\n|-damage|p2a: Hatterene|95\/100|[from] Sandstorm\n|-heal|p2a: Hatterene|100\/100|[from] item: Leftovers\n|upkeep\n|turn|10\n|\n|t:|1700140072\n|switch|p2a: Ting-Lu|Ting-Lu|86\/100\n|-ability|p2a: Ting-Lu|Vessel of Ruin\n|-formechange|p1a: Aegislash|Aegislash-Blade||[from] ability: Stance Change\n|move|p1a: Aegislash|Flash Cannon|p2a: Ting-Lu\n|-damage|p2a: Ting-Lu|57\/100\n|\n|-weather|none\n|upkeep\n|turn|11\n|\n|t:|1700140076\n|switch|p1a: Landorus|Landorus-Therian, M|44\/100\n|-damage|p1a: Landorus|32\/100|[from] Stealth Rock\n|-ability|p1a: Landorus|Intimidate|boost\n|-unboost|p2a: Ting-Lu|atk|1\n|move|p2a: Ting-Lu|Spikes|p1a: Landorus\n|-sidestart|p1: CappyPulpy|Spikes\n|\n|upkeep\n|turn|12\n|\n|t:|1700140079\n|switch|p2a: Greninja|Greninja, M|100\/100\n|move|p1a: Landorus|Defog|p2a: Greninja\n|-unboost|p2a: Greninja|evasion|1\n|-sideend|p1: CappyPulpy|Spikes|[from] move: Defog|[of] p1a: Landorus\n|-sideend|p1: CappyPulpy|Stealth Rock|[from] move: Defog|[of] p1a: Landorus\n|\n|upkeep\n|turn|13\n|inactive|CappyPulpy has 120 seconds left.\n|\n|t:|1700140124\n|switch|p1a: Alomomola|Alomomola, F|100\/100\n|move|p2a: Greninja|Surf|p1a: Alomomola\n|-resisted|p1a: Alomomola\n|-damage|p1a: Alomomola|68\/100\n|-damage|p2a: Greninja|91\/100|[from] item: Life Orb\n|\n|-heal|p1a: Alomomola|74\/100|[from] item: Leftovers\n|upkeep\n|turn|14\n|\n|t:|1700140132\n|switch|p2a: Hatterene|Hatterene, F|100\/100\n|move|p1a: Alomomola|Flip Turn|p2a: Hatterene\n|-damage|p2a: Hatterene|85\/100\n|\n|t:|1700140136\n|switch|p1a: Tyranitar|Tyranitar-Mega, M|88\/100|[from] Flip Turn\n|-weather|Sandstorm|[from] ability: Sand Stream|[of] p1a: Tyranitar\n|\n|-weather|Sandstorm|[upkeep]\n|-damage|p2a: Hatterene|79\/100|[from] Sandstorm\n|-heal|p2a: Hatterene|85\/100|[from] item: Leftovers\n|upkeep\n|turn|15\n|j| oldhotpot\n|\n|t:|1700140143\n|move|p1a: Tyranitar|Knock Off|p2a: Hatterene\n|-damage|p2a: Hatterene|20\/100\n|-enditem|p2a: Hatterene|Leftovers|[from] move: Knock Off|[of] p1a: Tyranitar\n|move|p2a: Hatterene|Draining Kiss|p1a: Tyranitar\n|-supereffective|p1a: Tyranitar\n|-damage|p1a: Tyranitar|57\/100\n|-heal|p2a: Hatterene|47\/100|[from] drain|[of] p1a: Tyranitar\n|\n|-weather|Sandstorm|[upkeep]\n|-damage|p2a: Hatterene|41\/100|[from] Sandstorm\n|upkeep\n|turn|16\n|\n|t:|1700140150\n|move|p1a: Tyranitar|Knock Off|p2a: Hatterene\n|-damage|p2a: Hatterene|0 fnt\n|faint|p2a: Hatterene\n|\n|-weather|Sandstorm|[upkeep]\n|upkeep\n|\n|t:|1700140155\n|switch|p2a: Greninja|Greninja, M|91\/100\n|turn|17\n|\n|t:|1700140163\n|switch|p1a: Alomomola|Alomomola, F|100\/100\n|move|p2a: Greninja|Surf|p1a: Alomomola\n|-resisted|p1a: Alomomola\n|-damage|p1a: Alomomola|70\/100\n|-damage|p2a: Greninja|81\/100|[from] item: Life Orb\n|\n|-weather|Sandstorm|[upkeep]\n|-damage|p2a: Greninja|75\/100|[from] Sandstorm\n|-damage|p1a: Alomomola|63\/100|[from] Sandstorm\n|-heal|p1a: Alomomola|70\/100|[from] item: Leftovers\n|upkeep\n|turn|18\n|\n|t:|1700140166\n|move|p2a: Greninja|Dark Pulse|p1a: Alomomola\n|-damage|p1a: Alomomola|18\/100\n|-damage|p2a: Greninja|65\/100|[from] item: Life Orb\n|move|p1a: Alomomola|Flip Turn|p2a: Greninja\n|-resisted|p2a: Greninja\n|-damage|p2a: Greninja|52\/100\n|\n|t:|1700140170\n|switch|p1a: Zamazenta|Zamazenta|77\/100|[from] Flip Turn\n|\n|-weather|none\n|upkeep\n|turn|19\n|\n|t:|1700140176\n|switch|p2a: Zapdos|Zapdos|100\/100\n|move|p1a: Zamazenta|Close Combat|p2a: Zapdos\n|-resisted|p2a: Zapdos\n|-damage|p2a: Zapdos|56\/100\n|-unboost|p1a: Zamazenta|def|1\n|-unboost|p1a: Zamazenta|spd|1\n|\n|upkeep\n|turn|20\n|\n|t:|1700140179\n|switch|p1a: Tyranitar|Tyranitar-Mega, M|57\/100\n|-weather|Sandstorm|[from] ability: Sand Stream|[of] p1a: Tyranitar\n|move|p2a: Zapdos|Hurricane|p1a: Tyranitar\n|-resisted|p1a: Tyranitar\n|-damage|p1a: Tyranitar|40\/100\n|\n|-weather|Sandstorm|[upkeep]\n|-damage|p2a: Zapdos|50\/100|[from] Sandstorm\n|upkeep\n|turn|21\n|\n|t:|1700140182\n|move|p2a: Zapdos|Volt Switch|p1a: Tyranitar\n|-damage|p1a: Tyranitar|20\/100\n|-activate|p2a: Zapdos|move: Pursuit\n|move|p1a: Tyranitar|Pursuit|p2a: Zapdos|[from]Pursuit\n|-damage|p2a: Zapdos|0 fnt\n|faint|p2a: Zapdos\n|\n|-weather|Sandstorm|[upkeep]\n|upkeep\n|\n|t:|1700140185\n|switch|p2a: Ting-Lu|Ting-Lu|57\/100\n|-ability|p2a: Ting-Lu|Vessel of Ruin\n|turn|22\n|\n|t:|1700140195\n|move|p1a: Tyranitar|Knock Off|p2a: Ting-Lu\n|-resisted|p2a: Ting-Lu\n|-damage|p2a: Ting-Lu|48\/100\n|move|p2a: Ting-Lu|Stealth Rock|p1a: Tyranitar\n|-sidestart|p1: CappyPulpy|move: Stealth Rock\n|\n|-weather|Sandstorm|[upkeep]\n|upkeep\n|turn|23\n|\n|t:|1700140200\n|move|p1a: Tyranitar|Stone Edge|p2a: Ting-Lu|[miss]\n|-miss|p1a: Tyranitar|p2a: Ting-Lu\n|move|p2a: Ting-Lu|Spikes|p1a: Tyranitar\n|-sidestart|p1: CappyPulpy|Spikes\n|\n|-weather|Sandstorm|[upkeep]\n|upkeep\n|turn|24\n|\n|t:|1700140202\n|switch|p1a: Landorus|Landorus-Therian, M|32\/100\n|-damage|p1a: Landorus|20\/100|[from] Stealth Rock\n|-ability|p1a: Landorus|Intimidate|boost\n|-unboost|p2a: Ting-Lu|atk|1\n|move|p2a: Ting-Lu|Whirlwind|p1a: Landorus\n|drag|p1a: Tyranitar|Tyranitar-Mega, M|20\/100\n|-damage|p1a: Tyranitar|8\/100|[from] Stealth Rock\n|-damage|p1a: Tyranitar|0 fnt|[from] Spikes\n|faint|p1a: Tyranitar\n|\n|-weather|none\n|upkeep\n|\n|t:|1700140205\n|switch|p1a: Zamazenta|Zamazenta|77\/100\n|-damage|p1a: Zamazenta|71\/100|[from] Stealth Rock\n|-damage|p1a: Zamazenta|58\/100|[from] Spikes\n|turn|25\n|\n|t:|1700140215\n|-terastallize|p1a: Zamazenta|Fighting\n|move|p1a: Zamazenta|Close Combat|p2a: Ting-Lu\n|-supereffective|p2a: Ting-Lu\n|-damage|p2a: Ting-Lu|0 fnt\n|-unboost|p1a: Zamazenta|def|1\n|-unboost|p1a: Zamazenta|spd|1\n|faint|p2a: Ting-Lu\n|\n|upkeep\n|\n|t:|1700140218\n|switch|p2a: Greninja|Greninja, M|52\/100\n|turn|26\n|\n|t:|1700140222\n|-terastallize|p2a: Greninja|Water\n|move|p2a: Greninja|Water Shuriken|p1a: Zamazenta\n|-damage|p1a: Zamazenta|42\/100\n|-damage|p1a: Zamazenta|25\/100\n|-damage|p1a: Zamazenta|9\/100\n|-crit|p1a: Zamazenta\n|-damage|p1a: Zamazenta|0 fnt\n|faint|p1a: Zamazenta\n|-ability|p2a: Greninja|Battle Bond|boost\n|-boost|p2a: Greninja|atk|1\n|-boost|p2a: Greninja|spa|1\n|-boost|p2a: Greninja|spe|1\n|-activate|p2a: Greninja|ability: Battle Bond\n|-hitcount|p1: Zamazenta|4\n|-damage|p2a: Greninja|43\/100|[from] item: Life Orb\n|\n|upkeep\n|\n|t:|1700140227\n|switch|p1a: Kommo-o|Kommo-o, F|100\/100\n|-damage|p1a: Kommo-o|94\/100|[from] Stealth Rock\n|-damage|p1a: Kommo-o|82\/100|[from] Spikes\n|turn|27\n|\n|t:|1700140232\n|move|p2a: Greninja|Ice Beam|p1a: Kommo-o\n|-supereffective|p1a: Kommo-o\n|-damage|p1a: Kommo-o|0 fnt\n|faint|p1a: Kommo-o\n|-damage|p2a: Greninja|33\/100|[from] item: Life Orb\n|\n|upkeep\n|\n|t:|1700140235\n|switch|p1a: Aegislash|Aegislash, M|90\/100 par\n|-damage|p1a: Aegislash|84\/100 par|[from] Stealth Rock\n|-damage|p1a: Aegislash|71\/100 par|[from] Spikes\n|turn|28\n|-message|CappyPulpy forfeited.\n|\n|win|Yuanshen61\u6211\u8981\u73a9\u539f\u795e\n|raw|CappyPulpy's rating: 1415 &rarr; <strong>1402<\/strong><br \/>(-13 for losing)\n|raw|Yuanshen61\u6211\u8981\u73a9\u539f\u795e's rating: 1541 &rarr; <strong>1554<\/strong><br \/>(+13 for winning)\n|l|\u2606CappyPulpy\n","uploadtime":1700140239,"views":4,"p1id":"cappypulpy","p2id":"yuanshen61","formatid":"gen9nationaldex","rating":1402,"private":0,"password":""}