{"id":"gen9nationaldex-1999202945","p1":"POKECRACKHEAD.123","p2":"monsterapper","format":"[Gen 9] National Dex","log":"|html|<div class=\"broadcast-blue\"><strong>[Gen 9] National Dex is currently suspecting Sneasler! For information on how to participate check out the <a href=\"https:\/\/www.smogon.com\/forums\/threads\/sv-national-dex-suspect-8-just-dance.3731534\/\">suspect thread<\/a>.<\/strong><\/div>\n|j|\u2606POKECRACKHEAD.123\n|j|\u2606monsterapper\n|t:|1701044927\n|gametype|singles\n|player|p1|POKECRACKHEAD.123|266|1349\n|player|p2|monsterapper|veteran|1408\n|teamsize|p1|6\n|teamsize|p2|6\n|gen|9\n|tier|[Gen 9] National Dex\n|rated|\n|rule|HP Percentage Mod: HP is shown in percentages\n|rule|Endless Battle Clause: Forcing endless battles is banned\n|rule|OHKO Clause: OHKO moves are banned\n|rule|Evasion Clause: Evasion abilities, items, and moves are banned\n|rule|Evasion Abilities Clause: Evasion abilities are banned\n|rule|Evasion Items Clause: Evasion items are banned\n|rule|Evasion Moves Clause: Evasion moves are banned\n|rule|Species Clause: Limit one of each Pok\u00e9mon\n|rule|Sleep Clause Mod: Limit one foe put to sleep\n|clearpoke\n|poke|p1|Pelipper, M|\n|poke|p1|Xurkitree|\n|poke|p1|Swampert, M|\n|poke|p1|Zapdos|\n|poke|p1|Blastoise, F|\n|poke|p1|Armaldo, F|\n|poke|p2|Lopunny, F|\n|poke|p2|Zoroark-Hisui, F|\n|poke|p2|Blissey, F|\n|poke|p2|Ditto|\n|poke|p2|Staraptor, F|\n|poke|p2|Ursaluna, F|\n|teampreview\n|\n|t:|1701044959\n|start\n|switch|p1a: I SUMMON RAIN|Pelipper, M|100\/100\n|switch|p2a: Shang Tsung|Ditto|100\/100\n|-transform|p2a: Shang Tsung|p1a: I SUMMON RAIN|[from] ability: Imposter\n|-weather|RainDance|[from] ability: Drizzle|[of] p2a: Shang Tsung\n|turn|1\n|\n|t:|1701044968\n|move|p2a: Shang Tsung|Weather Ball|p1a: I SUMMON RAIN\n|-resisted|p1a: I SUMMON RAIN\n|-damage|p1a: I SUMMON RAIN|76\/100\n|move|p1a: I SUMMON RAIN|U-turn|p2a: Shang Tsung\n|-resisted|p2a: Shang Tsung\n|-damage|p2a: Shang Tsung|96\/100\n|\n|t:|1701044986\n|switch|p1a: Thunder Blunder|Xurkitree|100\/100|[from] U-turn\n|\n|-weather|RainDance|[upkeep]\n|upkeep\n|turn|2\n|\n|t:|1701044995\n|switch|p2a: Tamago|Blissey, F|100\/100\n|move|p1a: Thunder Blunder|Energy Ball|p2a: Tamago\n|-crit|p2a: Tamago\n|-damage|p2a: Tamago|77\/100\n|\n|-weather|RainDance|[upkeep]\n|upkeep\n|turn|3\n|\n|t:|1701045003\n|switch|p1a: Sid|Armaldo, F|100\/100\n|move|p2a: Tamago|Teleport|p2a: Tamago\n|\n|t:|1701045007\n|switch|p2a: Oliver|Ursaluna, F|100\/100|[from] Teleport\n|\n|-weather|RainDance|[upkeep]\n|-status|p2a: Oliver|brn|[from] item: Flame Orb\n|upkeep\n|turn|4\n|\n|t:|1701045019\n|move|p1a: Sid|X-Scissor|p2a: Oliver\n|-damage|p2a: Oliver|73\/100 brn\n|move|p2a: Oliver|Facade|p1a: Sid\n|-resisted|p1a: Sid\n|-damage|p1a: Sid|28\/100\n|\n|-weather|RainDance|[upkeep]\n|-damage|p2a: Oliver|66\/100 brn|[from] brn\n|upkeep\n|turn|5\n|\n|t:|1701045027\n|move|p1a: Sid|X-Scissor|p2a: Oliver\n|-damage|p2a: Oliver|36\/100 brn\n|move|p2a: Oliver|Facade|p1a: Sid\n|-resisted|p1a: Sid\n|-damage|p1a: Sid|0 fnt\n|faint|p1a: Sid\n|\n|-weather|none\n|-damage|p2a: Oliver|30\/100 brn|[from] brn\n|upkeep\n|\n|t:|1701045033\n|switch|p1a: I SUMMON RAIN|Pelipper, M|76\/100\n|-weather|RainDance|[from] ability: Drizzle|[of] p1a: I SUMMON RAIN\n|turn|6\n|\n|t:|1701045042\n|move|p1a: I SUMMON RAIN|Weather Ball|p2a: Oliver\n|-supereffective|p2a: Oliver\n|-damage|p2a: Oliver|0 fnt\n|faint|p2a: Oliver\n|\n|-weather|RainDance|[upkeep]\n|upkeep\n|\n|t:|1701045048\n|switch|p2a: Shang Tsung|Ditto|96\/100\n|-transform|p2a: Shang Tsung|p1a: I SUMMON RAIN|[from] ability: Imposter\n|turn|7\n|\n|t:|1701045054\n|move|p2a: Shang Tsung|Hurricane|p1a: I SUMMON RAIN\n|-damage|p1a: I SUMMON RAIN|43\/100\n|move|p1a: I SUMMON RAIN|U-turn|p2a: Shang Tsung\n|-resisted|p2a: Shang Tsung\n|-damage|p2a: Shang Tsung|92\/100\n|\n|t:|1701045060\n|switch|p1a: Thunder Blunder|Xurkitree|100\/100|[from] U-turn\n|\n|-weather|RainDance|[upkeep]\n|upkeep\n|turn|8\n|\n|t:|1701045066\n|switch|p2a: Tamago|Blissey, F|77\/100\n|move|p1a: Thunder Blunder|Volt Switch|p2a: Tamago\n|-damage|p2a: Tamago|60\/100\n|\n|t:|1701045072\n|switch|p1a: Steroid Toad|Swampert, M|100\/100|[from] Volt Switch\n|\n|-weather|RainDance|[upkeep]\n|upkeep\n|turn|9\n|\n|t:|1701045078\n|switch|p2a: DemonDice|Staraptor, F|100\/100\n|-ability|p2a: DemonDice|Intimidate|boost\n|-unboost|p1a: Steroid Toad|atk|1\n|detailschange|p1a: Steroid Toad|Swampert-Mega, M\n|-mega|p1a: Steroid Toad|Swampert|Swampertite\n|move|p1a: Steroid Toad|Liquidation|p2a: DemonDice\n|-damage|p2a: DemonDice|59\/100\n|\n|-weather|RainDance|[upkeep]\n|upkeep\n|turn|10\n|\n|t:|1701045087\n|move|p1a: Steroid Toad|Ice Punch|p2a: DemonDice\n|-supereffective|p2a: DemonDice\n|-damage|p2a: DemonDice|24\/100\n|move|p2a: DemonDice|Roost|p2a: DemonDice\n|-heal|p2a: DemonDice|74\/100\n|-singleturn|p2a: DemonDice|move: Roost\n|\n|-weather|RainDance|[upkeep]\n|upkeep\n|turn|11\n|\n|t:|1701045096\n|switch|p1a: Zeus|Zapdos|100\/100\n|move|p2a: DemonDice|Brave Bird|p1a: Zeus\n|-resisted|p1a: Zeus\n|-damage|p1a: Zeus|71\/100\n|-damage|p2a: DemonDice|66\/100|[from] Recoil\n|\n|-weather|RainDance|[upkeep]\n|upkeep\n|turn|12\n|\n|t:|1701045112\n|switch|p2a: Shang Tsung|Ditto|92\/100\n|-transform|p2a: Shang Tsung|p1a: Zeus|[from] ability: Imposter\n|move|p1a: Zeus|Thunder|p2a: Shang Tsung\n|-damage|p2a: Shang Tsung|4\/100\n|-damage|p1a: Zeus|61\/100|[from] item: Life Orb\n|\n|-weather|RainDance|[upkeep]\n|upkeep\n|turn|13\n|\n|t:|1701045123\n|switch|p1a: Steroid Toad|Swampert-Mega, M|100\/100\n|move|p2a: Shang Tsung|Weather Ball|p1a: Steroid Toad\n|-damage|p1a: Steroid Toad|51\/100\n|\n|-weather|none\n|upkeep\n|turn|14\n|\n|t:|1701045141\n|switch|p2a: DemonDice|Staraptor, F|66\/100\n|-ability|p2a: DemonDice|Intimidate|boost\n|-unboost|p1a: Steroid Toad|atk|1\n|switch|p1a: I SUMMON RAIN|Pelipper, M|43\/100\n|-weather|RainDance|[from] ability: Drizzle|[of] p1a: I SUMMON RAIN\n|\n|-weather|RainDance|[upkeep]\n|upkeep\n|turn|15\n|\n|t:|1701045149\n|move|p2a: DemonDice|Brave Bird|p1a: I SUMMON RAIN\n|-damage|p1a: I SUMMON RAIN|0 fnt\n|faint|p1a: I SUMMON RAIN\n|-damage|p2a: DemonDice|54\/100|[from] Recoil\n|\n|-weather|RainDance|[upkeep]\n|upkeep\n|\n|t:|1701045156\n|switch|p1a: Thunder Blunder|Xurkitree|100\/100\n|turn|16\n|\n|t:|1701045167\n|-terastallize|p1a: Thunder Blunder|Electric\n|move|p1a: Thunder Blunder|Thunder|p2a: DemonDice\n|-supereffective|p2a: DemonDice\n|-damage|p2a: DemonDice|0 fnt\n|faint|p2a: DemonDice\n|-ability|p1a: Thunder Blunder|Beast Boost|boost\n|-boost|p1a: Thunder Blunder|spa|1\n|\n|-weather|RainDance|[upkeep]\n|upkeep\n|\n|t:|1701045175\n|switch|p2a: Shang Tsung|Ditto|4\/100\n|-transform|p2a: Shang Tsung|p1a: Thunder Blunder|[from] ability: Imposter\n|turn|17\n|\n|t:|1701045183\n|move|p1a: Thunder Blunder|Thunder|p2a: Shang Tsung\n|-resisted|p2a: Shang Tsung\n|-damage|p2a: Shang Tsung|0 fnt\n|faint|p2a: Shang Tsung\n|-ability|p1a: Thunder Blunder|Beast Boost|boost\n|-boost|p1a: Thunder Blunder|spa|1\n|\n|-weather|RainDance|[upkeep]\n|upkeep\n|\n|t:|1701045190\n|switch|p2a: Miruko|Lopunny, F|100\/100\n|turn|18\n|\n|t:|1701045204\n|switch|p1a: Zeus|Zapdos|61\/100\n|-terastallize|p2a: Miruko|Normal\n|move|p2a: Miruko|Hyper Voice|p1a: Zeus\n|-damage|p1a: Zeus|0 fnt\n|faint|p1a: Zeus\n|\n|-weather|RainDance|[upkeep]\n|upkeep\n|\n|t:|1701045215\n|switch|p1a: Steroid Toad|Swampert-Mega, M|51\/100\n|turn|19\n|\n|t:|1701045224\n|move|p1a: Steroid Toad|Superpower|p2a: Miruko\n|-supereffective|p2a: Miruko\n|-enditem|p2a: Miruko|Focus Sash\n|-damage|p2a: Miruko|1\/100\n|-unboost|p1a: Steroid Toad|atk|1\n|-unboost|p1a: Steroid Toad|def|1\n|replace|p2a: E621|Zoroark-Hisui, F\n|-end|p2a: E621|Illusion\n|move|p2a: E621|Hyper Voice|p1a: Steroid Toad\n|-damage|p1a: Steroid Toad|0 fnt\n|faint|p1a: Steroid Toad\n|\n|-weather|RainDance|[upkeep]\n|upkeep\n|\n|t:|1701045247\n|switch|p1a: panzerkampfwagen|Blastoise, F|100\/100\n|turn|20\n|\n|t:|1701045251\n|move|p2a: E621|Hyper Voice|p1a: panzerkampfwagen\n|-damage|p1a: panzerkampfwagen|30\/100\n|move|p1a: panzerkampfwagen|Shell Smash|p1a: panzerkampfwagen\n|-unboost|p1a: panzerkampfwagen|def|1\n|-unboost|p1a: panzerkampfwagen|spd|1\n|-boost|p1a: panzerkampfwagen|atk|2\n|-boost|p1a: panzerkampfwagen|spa|2\n|-boost|p1a: panzerkampfwagen|spe|2\n|\n|-weather|RainDance|[upkeep]\n|upkeep\n|turn|21\n|\n|t:|1701045266\n|move|p1a: panzerkampfwagen|Hydro Pump|p2a: E621\n|-damage|p2a: E621|0 fnt\n|faint|p2a: E621\n|\n|-weather|none\n|upkeep\n|\n|t:|1701045271\n|switch|p2a: Miruko|Lopunny, F|100\/100\n|turn|22\n|\n|t:|1701045275\n|detailschange|p2a: Miruko|Lopunny-Mega, F\n|-mega|p2a: Miruko|Lopunny|Lopunnite\n|move|p2a: Miruko|Fake Out|p1a: panzerkampfwagen\n|-crit|p1a: panzerkampfwagen\n|-damage|p1a: panzerkampfwagen|0 fnt\n|faint|p1a: panzerkampfwagen\n|\n|upkeep\n|\n|t:|1701045279\n|switch|p1a: Thunder Blunder|Xurkitree, tera:Electric|100\/100\n|turn|23\n|\n|t:|1701045283\n|switch|p2a: Tamago|Blissey, F|60\/100\n|move|p1a: Thunder Blunder|Thunder|p2a: Tamago|[miss]\n|-miss|p1a: Thunder Blunder|p2a: Tamago\n|\n|upkeep\n|turn|24\n|\n|t:|1701045289\n|move|p1a: Thunder Blunder|Thunder|p2a: Tamago|[miss]\n|-miss|p1a: Thunder Blunder|p2a: Tamago\n|move|p2a: Tamago|Soft-Boiled|p2a: Tamago\n|-heal|p2a: Tamago|100\/100\n|\n|upkeep\n|turn|25\n|c|\u2606POKECRACKHEAD.123|f\n|\n|t:|1701045296\n|move|p1a: Thunder Blunder|Thunder|p2a: Tamago\n|-damage|p2a: Tamago|59\/100\n|move|p2a: Tamago|Seismic Toss|p1a: Thunder Blunder\n|-damage|p1a: Thunder Blunder|68\/100\n|\n|upkeep\n|turn|26\n|\n|t:|1701045303\n|move|p1a: Thunder Blunder|Thunder|p2a: Tamago\n|-damage|p2a: Tamago|22\/100\n|move|p2a: Tamago|Soft-Boiled|p2a: Tamago\n|-heal|p2a: Tamago|72\/100\n|\n|upkeep\n|turn|27\n|\n|t:|1701045310\n|move|p1a: Thunder Blunder|Thunder|p2a: Tamago|[miss]\n|-miss|p1a: Thunder Blunder|p2a: Tamago\n|move|p2a: Tamago|Soft-Boiled|p2a: Tamago\n|-heal|p2a: Tamago|100\/100\n|\n|upkeep\n|turn|28\n|c|\u2606POKECRACKHEAD.123|gg\n|\n|t:|1701045316\n|move|p1a: Thunder Blunder|Thunder|p2a: Tamago\n|-damage|p2a: Tamago|59\/100\n|move|p2a: Tamago|Seismic Toss|p1a: Thunder Blunder\n|-damage|p1a: Thunder Blunder|35\/100\n|\n|upkeep\n|turn|29\n|c|\u2606monsterapper|gg\n|\n|t:|1701045322\n|move|p1a: Thunder Blunder|Thunder|p2a: Tamago|[miss]\n|-miss|p1a: Thunder Blunder|p2a: Tamago\n|move|p2a: Tamago|Seismic Toss|p1a: Thunder Blunder\n|-damage|p1a: Thunder Blunder|3\/100\n|\n|upkeep\n|turn|30\n|\n|t:|1701045328\n|move|p1a: Thunder Blunder|Thunder|p2a: Tamago\n|-damage|p2a: Tamago|23\/100\n|move|p2a: Tamago|Seismic Toss|p1a: Thunder Blunder\n|-damage|p1a: Thunder Blunder|0 fnt\n|faint|p1a: Thunder Blunder\n|\n|win|monsterapper\n|raw|POKECRACKHEAD.123's rating: 1349 &rarr; <strong>1332<\/strong><br \/>(-17 for losing)\n|raw|monsterapper's rating: 1408 &rarr; <strong>1425<\/strong><br \/>(+17 for winning)\n|l|\u2606POKECRACKHEAD.123\n","uploadtime":1701045338,"views":2,"p1id":"pokecrackhead123","p2id":"monsterapper","formatid":"gen9nationaldex","rating":1332,"private":0,"password":""}