{"id":"gen9nationaldex-1992925060","p1":"Orfeoo","p2":"Umbersoma","format":"[Gen 9] National Dex","log":"|j|\u2606Orfeoo\n|j|\u2606Umbersoma\n|t:|1700247334\n|gametype|singles\n|player|p1|Orfeoo|265|1022\n|player|p2|Umbersoma|169|1024\n|teamsize|p1|6\n|teamsize|p2|6\n|gen|9\n|tier|[Gen 9] National Dex\n|rated|\n|rule|HP Percentage Mod: HP is shown in percentages\n|rule|Endless Battle Clause: Forcing endless battles is banned\n|rule|OHKO Clause: OHKO moves are banned\n|rule|Evasion Clause: Evasion abilities, items, and moves are banned\n|rule|Evasion Abilities Clause: Evasion abilities are banned\n|rule|Evasion Items Clause: Evasion items are banned\n|rule|Evasion Moves Clause: Evasion moves are banned\n|rule|Species Clause: Limit one of each Pok\u00e9mon\n|rule|Sleep Clause Mod: Limit one foe put to sleep\n|clearpoke\n|poke|p1|Pyroar, M|\n|poke|p1|Sawsbuck-Summer, F|\n|poke|p1|Trevenant, M|\n|poke|p1|Tropius, M|\n|poke|p1|Bronzong|\n|poke|p1|Centiskorch, M|\n|poke|p2|Meowstic, M|\n|poke|p2|Hatterene, F|\n|poke|p2|Infernape, F|\n|poke|p2|Moltres-Galar|\n|poke|p2|Sharpedo, M|\n|poke|p2|Serperior, F|\n|teampreview\n|\n|t:|1700247351\n|start\n|switch|p1a: Bronzong|Bronzong, shiny|100\/100\n|switch|p2a: Moltres|Moltres-Galar|100\/100\n|turn|1\n|\n|t:|1700247360\n|move|p2a: Moltres|Fiery Wrath|p1a: Bronzong\n|-supereffective|p1a: Bronzong\n|-damage|p1a: Bronzong|38\/100\n|move|p1a: Bronzong|Stealth Rock|p2a: Moltres\n|-sidestart|p2: Umbersoma|move: Stealth Rock\n|\n|-heal|p1a: Bronzong|45\/100|[from] item: Leftovers\n|upkeep\n|turn|2\n|\n|t:|1700247372\n|switch|p1a: Centiskorch|Centiskorch, M|100\/100\n|move|p2a: Moltres|Fiery Wrath|p1a: Centiskorch\n|-damage|p1a: Centiskorch|63\/100\n|\n|upkeep\n|turn|3\n|\n|t:|1700247389\n|move|p2a: Moltres|Ancient Power|p1a: Centiskorch\n|-supereffective|p1a: Centiskorch\n|-damage|p1a: Centiskorch|0 fnt\n|faint|p1a: Centiskorch\n|\n|upkeep\n|\n|t:|1700247419\n|switch|p1a: Sawsbuck|Sawsbuck-Summer, F|100\/100\n|turn|4\n|\n|t:|1700247425\n|move|p1a: Sawsbuck|Double-Edge|p2a: Moltres\n|-damage|p2a: Moltres|28\/100\n|-damage|p1a: Sawsbuck|70\/100|[from] Recoil\n|-ability|p2a: Moltres|Berserk|boost\n|-boost|p2a: Moltres|spa|1\n|move|p2a: Moltres|Air Slash|p1a: Sawsbuck\n|-supereffective|p1a: Sawsbuck\n|-damage|p1a: Sawsbuck|0 fnt\n|faint|p1a: Sawsbuck\n|\n|upkeep\n|\n|t:|1700247438\n|switch|p1a: Tropius|Tropius, M|100\/100\n|turn|5\n|\n|t:|1700247447\n|move|p2a: Moltres|Air Slash|p1a: Tropius\n|-supereffective|p1a: Tropius\n|-damage|p1a: Tropius|0 fnt\n|faint|p1a: Tropius\n|\n|upkeep\n|\n|t:|1700247453\n|switch|p1a: Pyroar|Pyroar, M, shiny|100\/100\n|turn|6\n|\n|t:|1700247458\n|move|p1a: Pyroar|Fire Blast|p2a: Moltres\n|-damage|p2a: Moltres|5\/100\n|move|p2a: Moltres|Ancient Power|p1a: Pyroar\n|-supereffective|p1a: Pyroar\n|-damage|p1a: Pyroar|19\/100\n|\n|upkeep\n|turn|7\n|\n|t:|1700247470\n|move|p1a: Pyroar|Hyper Voice|p2a: Moltres\n|-damage|p2a: Moltres|0 fnt\n|faint|p2a: Moltres\n|-ability|p1a: Pyroar|Moxie|boost\n|-boost|p1a: Pyroar|atk|1\n|\n|upkeep\n|\n|t:|1700247481\n|switch|p2a: Sharpedo|Sharpedo, M, shiny|100\/100\n|-damage|p2a: Sharpedo|88\/100|[from] Stealth Rock\n|turn|8\n|\n|t:|1700247494\n|move|p2a: Sharpedo|Protect|p2a: Sharpedo\n|-singleturn|p2a: Sharpedo|Protect\n|move|p1a: Pyroar|Hyper Voice|p2a: Sharpedo\n|-activate|p2a: Sharpedo|move: Protect\n|\n|-ability|p2a: Sharpedo|Speed Boost|boost\n|-boost|p2a: Sharpedo|spe|1\n|upkeep\n|turn|9\n|\n|t:|1700247507\n|detailschange|p2a: Sharpedo|Sharpedo-Mega, M, shiny\n|-mega|p2a: Sharpedo|Sharpedo|Sharpedonite\n|move|p2a: Sharpedo|Crunch|p1a: Pyroar\n|-damage|p1a: Pyroar|0 fnt\n|faint|p1a: Pyroar\n|\n|upkeep\n|\n|t:|1700247512\n|switch|p1a: Trevenant|Trevenant, M|100\/100\n|turn|10\n|\n|t:|1700247517\n|move|p2a: Sharpedo|Crunch|p1a: Trevenant\n|-supereffective|p1a: Trevenant\n|-damage|p1a: Trevenant|0 fnt\n|faint|p1a: Trevenant\n|\n|upkeep\n|\n|t:|1700247520\n|switch|p1a: Bronzong|Bronzong, shiny|45\/100\n|turn|11\n|\n|t:|1700247524\n|move|p2a: Sharpedo|Crunch|p1a: Bronzong\n|-supereffective|p1a: Bronzong\n|-damage|p1a: Bronzong|0 fnt\n|faint|p1a: Bronzong\n|\n|win|Umbersoma\n|raw|Orfeoo's rating: 1022 &rarr; <strong>1009<\/strong><br \/>(-13 for losing)\n|raw|Umbersoma's rating: 1024 &rarr; <strong>1060<\/strong><br \/>(+36 for winning)\n|l|\u2606Orfeoo\n","uploadtime":1700247540,"views":6,"p1id":"orfeoo","p2id":"umbersoma","formatid":"gen9nationaldex","rating":1009,"private":0,"password":""}