{"id":"gen9nationaldex-1995893924","p1":"rasb","p2":"Dmath","format":"[Gen 9] National Dex","log":"|html|<div class=\"broadcast-blue\"><strong>[Gen 9] National Dex is currently suspecting Sneasler! For information on how to participate check out the <a href=\"https:\/\/www.smogon.com\/forums\/threads\/sv-national-dex-suspect-8-just-dance.3731534\/\">suspect thread<\/a>.<\/strong><\/div>\n|j|\u2606rasb\n|j|\u2606Dmath\n|t:|1700614505\n|gametype|singles\n|player|p1|rasb|benga|1593\n|player|p2|Dmath|hugh|1479\n|teamsize|p1|6\n|teamsize|p2|6\n|gen|9\n|tier|[Gen 9] National Dex\n|rated|\n|rule|HP Percentage Mod: HP is shown in percentages\n|rule|Endless Battle Clause: Forcing endless battles is banned\n|rule|OHKO Clause: OHKO moves are banned\n|rule|Evasion Clause: Evasion abilities, items, and moves are banned\n|rule|Evasion Abilities Clause: Evasion abilities are banned\n|rule|Evasion Items Clause: Evasion items are banned\n|rule|Evasion Moves Clause: Evasion moves are banned\n|rule|Species Clause: Limit one of each Pok\u00e9mon\n|rule|Sleep Clause Mod: Limit one foe put to sleep\n|clearpoke\n|poke|p1|Tapu Koko|\n|poke|p1|Iron Valiant|\n|poke|p1|Ferrothorn, F|\n|poke|p1|Scizor, M|\n|poke|p1|Heatran, F|\n|poke|p1|Urshifu-*, M|\n|poke|p2|Zapdos-Galar|\n|poke|p2|Whimsicott, M|\n|poke|p2|Hydreigon, M|\n|poke|p2|Goodra-Hisui, M|\n|poke|p2|Tapu Fini|\n|poke|p2|Ceruledge, M|\n|teampreview\n|\n|t:|1700614587\n|start\n|switch|p1a: Tapu Koko|Tapu Koko|100\/100\n|switch|p2a: Ashley|Tapu Fini|100\/100\n|-fieldstart|move: Electric Terrain|[from] ability: Electric Surge|[of] p1a: Tapu Koko\n|-fieldstart|move: Misty Terrain|[from] ability: Misty Surge|[of] p2a: Ashley\n|turn|1\n|\n|t:|1700614600\n|switch|p2a: Bobuth|Goodra-Hisui, M|100\/100\n|move|p1a: Tapu Koko|Volt Switch|p2a: Bobuth\n|-resisted|p2a: Bobuth\n|-damage|p2a: Bobuth|94\/100\n|\n|t:|1700614608\n|switch|p1a: Urshifu|Urshifu-Rapid-Strike, M|100\/100|[from] Volt Switch\n|\n|upkeep\n|turn|2\n|\n|t:|1700614621\n|switch|p2a: Ashley|Tapu Fini|100\/100\n|move|p1a: Urshifu|Close Combat|p2a: Ashley\n|-resisted|p2a: Ashley\n|-damage|p2a: Ashley|71\/100\n|-unboost|p1a: Urshifu|def|1\n|-unboost|p1a: Urshifu|spd|1\n|-damage|p1a: Urshifu|84\/100|[from] item: Rocky Helmet|[of] p2a: Ashley\n|\n|upkeep\n|turn|3\n|\n|t:|1700614631\n|switch|p1a: Ferrothorn|Ferrothorn, F|100\/100\n|move|p2a: Ashley|Hydro Pump|p1a: Ferrothorn|[miss]\n|-miss|p2a: Ashley|p1a: Ferrothorn\n|\n|upkeep\n|turn|4\n|\n|t:|1700614640\n|move|p2a: Ashley|Taunt|p1a: Ferrothorn\n|-start|p1a: Ferrothorn|move: Taunt\n|cant|p1a: Ferrothorn|move: Taunt|Stealth Rock\n|\n|upkeep\n|turn|5\n|\n|t:|1700614649\n|switch|p2a: Bobuth|Goodra-Hisui, M|94\/100\n|move|p1a: Ferrothorn|Gyro Ball|p2a: Bobuth\n|-resisted|p2a: Bobuth\n|-damage|p2a: Bobuth|77\/100\n|\n|-fieldend|Misty Terrain\n|upkeep\n|turn|6\n|\n|t:|1700614659\n|switch|p1a: Urshifu|Urshifu-Rapid-Strike, M|84\/100\n|move|p2a: Bobuth|Flamethrower|p1a: Urshifu\n|-resisted|p1a: Urshifu\n|-crit|p1a: Urshifu\n|-damage|p1a: Urshifu|48\/100\n|\n|upkeep\n|turn|7\n|\n|t:|1700614671\n|switch|p2a: Thox|Whimsicott, M, shiny|100\/100\n|move|p1a: Urshifu|Thunder Punch|p2a: Thox\n|-resisted|p2a: Thox\n|-damage|p2a: Thox|80\/100\n|\n|-heal|p2a: Thox|86\/100|[from] item: Leftovers\n|upkeep\n|turn|8\n|\n|t:|1700614681\n|switch|p1a: Heatran|Heatran, F|100\/100\n|move|p2a: Thox|Encore||[still]\n|-fail|p2a: Thox\n|\n|-heal|p2a: Thox|92\/100|[from] item: Leftovers\n|upkeep\n|turn|9\n|inactive|Battle timer is ON: inactive players will automatically lose when time's up. (requested by rasb)\n|\n|t:|1700614693\n|switch|p2a: Kane|Ceruledge, M|100\/100\n|move|p1a: Heatran|Lava Plume|p2a: Kane\n|-resisted|p2a: Kane\n|-damage|p2a: Kane|77\/100\n|\n|upkeep\n|turn|10\n|\n|t:|1700614706\n|move|p2a: Kane|Swords Dance|p2a: Kane\n|-boost|p2a: Kane|atk|2\n|move|p1a: Heatran|Earth Power|p2a: Kane\n|-supereffective|p2a: Kane\n|-damage|p2a: Kane|9\/100\n|\n|upkeep\n|turn|11\n|\n|t:|1700614723\n|move|p2a: Kane|Close Combat|p1a: Heatran\n|-supereffective|p1a: Heatran\n|-damage|p1a: Heatran|0 fnt\n|-unboost|p2a: Kane|def|1\n|-unboost|p2a: Kane|spd|1\n|faint|p1a: Heatran\n|-damage|p2a: Kane|0 fnt|[from] item: Life Orb\n|faint|p2a: Kane\n|\n|upkeep\n|\n|t:|1700614747\n|switch|p2a: Sidvok|Zapdos-Galar|100\/100\n|switch|p1a: Iron Valiant|Iron Valiant|100\/100\n|turn|12\n|\n|t:|1700614758\n|move|p2a: Sidvok|Brave Bird|p1a: Iron Valiant\n|-supereffective|p1a: Iron Valiant\n|-damage|p1a: Iron Valiant|0 fnt\n|faint|p1a: Iron Valiant\n|-end|p1a: Iron Valiant|Quark Drive|[silent]\n|-damage|p2a: Sidvok|71\/100|[from] Recoil\n|\n|upkeep\n|\n|t:|1700614760\n|switch|p1a: Ferrothorn|Ferrothorn, F|100\/100\n|turn|13\n|\n|t:|1700614770\n|switch|p2a: Thox|Whimsicott, M, shiny|92\/100\n|move|p1a: Ferrothorn|Stealth Rock|p2a: Thox\n|-sidestart|p2: Dmath|move: Stealth Rock\n|\n|-heal|p2a: Thox|98\/100|[from] item: Leftovers\n|upkeep\n|turn|14\n|\n|t:|1700614778\n|switch|p1a: Scizor|Scizor, M|100\/100\n|move|p2a: Thox|Encore||[still]\n|-fail|p2a: Thox\n|\n|-heal|p2a: Thox|100\/100|[from] item: Leftovers\n|upkeep\n|turn|15\n|\n|t:|1700614786\n|detailschange|p1a: Scizor|Scizor-Mega, M\n|-mega|p1a: Scizor|Scizor|Scizorite\n|move|p2a: Thox|Substitute|p2a: Thox\n|-start|p2a: Thox|Substitute\n|-damage|p2a: Thox|75\/100\n|move|p1a: Scizor|Bullet Punch|p2a: Thox\n|-supereffective|p2a: Thox\n|-end|p2a: Thox|Substitute\n|\n|-heal|p2a: Thox|82\/100|[from] item: Leftovers\n|upkeep\n|turn|16\n|\n|t:|1700614800\n|switch|p2a: Ashley|Tapu Fini|71\/100\n|-damage|p2a: Ashley|59\/100|[from] Stealth Rock\n|-fieldstart|move: Misty Terrain|[from] ability: Misty Surge|[of] p2a: Ashley\n|move|p1a: Scizor|Bullet Punch|p2a: Ashley\n|-damage|p2a: Ashley|39\/100\n|-damage|p1a: Scizor|84\/100|[from] item: Rocky Helmet|[of] p2a: Ashley\n|\n|upkeep\n|turn|17\n|inactive|rasb has 120 seconds left.\n|inactive|rasb has 90 seconds left.\n|\n|t:|1700614879\n|move|p2a: Ashley|Taunt|p1a: Scizor\n|-start|p1a: Scizor|move: Taunt\n|cant|p1a: Scizor|move: Taunt|Swords Dance\n|\n|upkeep\n|turn|18\n|\n|t:|1700614888\n|move|p1a: Scizor|Bullet Punch|p2a: Ashley\n|-crit|p2a: Ashley\n|-damage|p2a: Ashley|12\/100\n|-damage|p1a: Scizor|67\/100|[from] item: Rocky Helmet|[of] p2a: Ashley\n|move|p2a: Ashley|Hydro Pump|p1a: Scizor\n|-damage|p1a: Scizor|31\/100\n|\n|upkeep\n|turn|19\n|inactive|rasb has 90 seconds left.\n|\n|t:|1700614909\n|switch|p1a: Ferrothorn|Ferrothorn, F|100\/100\n|move|p2a: Ashley|Defog|p1a: Ferrothorn\n|-unboost|p1a: Ferrothorn|evasion|1\n|-sideend|p2: Dmath|Stealth Rock|[from] move: Defog|[of] p2a: Ashley\n|-fieldend|Misty Terrain\n|\n|upkeep\n|turn|20\n|\n|t:|1700614916\n|switch|p2a: Beelz|Hydreigon, M|100\/100\n|move|p1a: Ferrothorn|Gyro Ball|p2a: Beelz\n|-damage|p2a: Beelz|53\/100\n|\n|-heal|p2a: Beelz|59\/100|[from] item: Leftovers\n|upkeep\n|turn|21\n|\n|t:|1700614924\n|move|p1a: Ferrothorn|Protect|p1a: Ferrothorn\n|-singleturn|p1a: Ferrothorn|Protect\n|move|p2a: Beelz|Thunder Wave|p1a: Ferrothorn\n|-activate|p1a: Ferrothorn|move: Protect\n|\n|-heal|p2a: Beelz|65\/100|[from] item: Leftovers\n|upkeep\n|turn|22\n|\n|t:|1700614937\n|move|p2a: Beelz|Earth Power|p1a: Ferrothorn\n|-damage|p1a: Ferrothorn|74\/100\n|move|p1a: Ferrothorn|Leech Seed|p2a: Beelz\n|-start|p2a: Beelz|move: Leech Seed\n|\n|-heal|p2a: Beelz|71\/100|[from] item: Leftovers\n|-damage|p2a: Beelz|59\/100|[from] Leech Seed|[of] p1a: Ferrothorn\n|-heal|p1a: Ferrothorn|87\/100|[silent]\n|upkeep\n|turn|23\n|\n|t:|1700614949\n|switch|p2a: Ashley|Tapu Fini|12\/100\n|-fieldstart|move: Misty Terrain|[from] ability: Misty Surge|[of] p2a: Ashley\n|move|p1a: Ferrothorn|Gyro Ball|p2a: Ashley\n|-damage|p2a: Ashley|0 fnt\n|-damage|p1a: Ferrothorn|71\/100|[from] item: Rocky Helmet|[of] p2a: Ashley\n|faint|p2a: Ashley\n|\n|upkeep\n|\n|t:|1700614962\n|switch|p2a: Bobuth|Goodra-Hisui, M|77\/100\n|turn|24\n|inactive|rasb has 120 seconds left.\n|\n|t:|1700614993\n|move|p1a: Ferrothorn|Protect|p1a: Ferrothorn\n|-singleturn|p1a: Ferrothorn|Protect\n|move|p2a: Bobuth|Thunderbolt|p1a: Ferrothorn\n|-activate|p1a: Ferrothorn|move: Protect\n|\n|upkeep\n|turn|25\n|\n|t:|1700615000\n|switch|p1a: Tapu Koko|Tapu Koko|100\/100\n|-fieldstart|move: Electric Terrain|[from] ability: Electric Surge|[of] p1a: Tapu Koko\n|move|p2a: Bobuth|Flamethrower|p1a: Tapu Koko\n|-damage|p1a: Tapu Koko|54\/100\n|\n|upkeep\n|turn|26\n|inactive|rasb has 120 seconds left.\n|\n|t:|1700615025\n|-terastallize|p2a: Bobuth|Ground\n|move|p1a: Tapu Koko|Volt Switch|p2a: Bobuth\n|-immune|p2a: Bobuth\n|move|p2a: Bobuth|Flash Cannon|p1a: Tapu Koko\n|-damage|p1a: Tapu Koko|0 fnt\n|faint|p1a: Tapu Koko\n|\n|upkeep\n|\n|t:|1700615030\n|switch|p1a: Urshifu|Urshifu-Rapid-Strike, M|48\/100\n|turn|27\n|\n|t:|1700615038\n|switch|p2a: Thox|Whimsicott, M, shiny|82\/100\n|move|p1a: Urshifu|Surging Strikes|p2a: Thox\n|-resisted|p2a: Thox\n|-crit|p2a: Thox\n|-damage|p2a: Thox|67\/100\n|-resisted|p2a: Thox\n|-crit|p2a: Thox\n|-damage|p2a: Thox|52\/100\n|-resisted|p2a: Thox\n|-crit|p2a: Thox\n|-damage|p2a: Thox|39\/100\n|-hitcount|p2a: Thox|3\n|\n|-heal|p2a: Thox|45\/100|[from] item: Leftovers\n|upkeep\n|turn|28\n|inactive|rasb has 120 seconds left.\n|\n|t:|1700615053\n|switch|p1a: Ferrothorn|Ferrothorn, F|71\/100\n|move|p2a: Thox|Moonblast|p1a: Ferrothorn\n|-resisted|p1a: Ferrothorn\n|-damage|p1a: Ferrothorn|55\/100\n|\n|-heal|p2a: Thox|51\/100|[from] item: Leftovers\n|upkeep\n|turn|29\n|inactive|rasb has 120 seconds left.\n|\n|t:|1700615071\n|switch|p2a: Beelz|Hydreigon, M|59\/100\n|move|p1a: Ferrothorn|Gyro Ball|p2a: Beelz\n|-damage|p2a: Beelz|11\/100\n|\n|-heal|p2a: Beelz|18\/100|[from] item: Leftovers\n|-fieldend|move: Electric Terrain\n|upkeep\n|turn|30\n|\n|t:|1700615082\n|move|p2a: Beelz|Dark Pulse|p1a: Ferrothorn\n|-damage|p1a: Ferrothorn|23\/100\n|move|p1a: Ferrothorn|Leech Seed|p2a: Beelz\n|-start|p2a: Beelz|move: Leech Seed\n|\n|-heal|p2a: Beelz|24\/100|[from] item: Leftovers\n|-damage|p2a: Beelz|11\/100|[from] Leech Seed|[of] p1a: Ferrothorn\n|-heal|p1a: Ferrothorn|36\/100|[silent]\n|upkeep\n|turn|31\n|\n|t:|1700615095\n|switch|p2a: Bobuth|Goodra-Hisui, M, tera:Ground|77\/100\n|move|p1a: Ferrothorn|Protect||[still]\n|-fail|p1a: Ferrothorn\n|\n|upkeep\n|turn|32\n|inactive|rasb has 120 seconds left.\n|\n|t:|1700615118\n|-terastallize|p1a: Ferrothorn|Water\n|move|p2a: Bobuth|Thunderbolt|p1a: Ferrothorn\n|-supereffective|p1a: Ferrothorn\n|-damage|p1a: Ferrothorn|0 fnt\n|faint|p1a: Ferrothorn\n|\n|upkeep\n|inactive|rasb has 120 seconds left.\n|\n|t:|1700615125\n|switch|p1a: Urshifu|Urshifu-Rapid-Strike, M|48\/100\n|turn|33\n|\n|t:|1700615132\n|switch|p1a: Scizor|Scizor-Mega, M|31\/100\n|switch|p2a: Beelz|Hydreigon, M|11\/100\n|\n|-heal|p2a: Beelz|18\/100|[from] item: Leftovers\n|upkeep\n|turn|34\n|inactive|Dmath has 120 seconds left.\n|inactive|rasb has 120 seconds left.\n|\n|t:|1700615172\n|switch|p2a: Thox|Whimsicott, M, shiny|51\/100\n|move|p1a: Scizor|Bullet Punch|p2a: Thox\n|-supereffective|p2a: Thox\n|-damage|p2a: Thox|0 fnt\n|faint|p2a: Thox\n|\n|upkeep\n|\n|t:|1700615182\n|switch|p2a: Bobuth|Goodra-Hisui, M, tera:Ground|77\/100\n|turn|35\n|inactive|Dmath has 120 seconds left.\n|inactive|rasb has 120 seconds left.\n|\n|t:|1700615208\n|switch|p1a: Urshifu|Urshifu-Rapid-Strike, M|48\/100\n|move|p2a: Bobuth|Thunderbolt|p1a: Urshifu\n|-supereffective|p1a: Urshifu\n|-damage|p1a: Urshifu|0 fnt\n|faint|p1a: Urshifu\n|\n|upkeep\n|\n|t:|1700615212\n|switch|p1a: Scizor|Scizor-Mega, M|31\/100\n|turn|36\n|\n|t:|1700615218\n|move|p1a: Scizor|Roost|p1a: Scizor\n|-heal|p1a: Scizor|82\/100\n|-singleturn|p1a: Scizor|move: Roost\n|move|p2a: Bobuth|Flamethrower|p1a: Scizor\n|-supereffective|p1a: Scizor\n|-damage|p1a: Scizor|0 fnt\n|faint|p1a: Scizor\n|\n|win|Dmath\n|raw|rasb's rating: 1593 &rarr; <strong>1567<\/strong><br \/>(-26 for losing)\n|raw|Dmath's rating: 1479 &rarr; <strong>1505<\/strong><br \/>(+26 for winning)\n|c|\u2606rasb|gg\n|l|\u2606rasb\n","uploadtime":1700615230,"views":13,"p1id":"rasb","p2id":"dmath","formatid":"gen9nationaldex","rating":1505,"private":0,"password":""}