{"id":"gen9nationaldex-1997680664","p1":"Akihiro Nira","p2":"Cirno_is","format":"[Gen 9] National Dex","log":"|html|<div class=\"broadcast-blue\"><strong>[Gen 9] National Dex is currently suspecting Sneasler! For information on how to participate check out the <a href=\"https:\/\/www.smogon.com\/forums\/threads\/sv-national-dex-suspect-8-just-dance.3731534\/\">suspect thread<\/a>.<\/strong><\/div>\n|j|\u2606Akihiro Nira\n|j|\u2606Cirno_is\n|t:|1700841086\n|gametype|singles\n|player|p1|Akihiro Nira|cynthia-gen7|1256\n|player|p2|Cirno_is|twins-gen4dp|1164\n|teamsize|p1|6\n|teamsize|p2|6\n|gen|9\n|tier|[Gen 9] National Dex\n|rated|\n|rule|HP Percentage Mod: HP is shown in percentages\n|rule|Endless Battle Clause: Forcing endless battles is banned\n|rule|OHKO Clause: OHKO moves are banned\n|rule|Evasion Clause: Evasion abilities, items, and moves are banned\n|rule|Evasion Abilities Clause: Evasion abilities are banned\n|rule|Evasion Items Clause: Evasion items are banned\n|rule|Evasion Moves Clause: Evasion moves are banned\n|rule|Species Clause: Limit one of each Pok\u00e9mon\n|rule|Sleep Clause Mod: Limit one foe put to sleep\n|clearpoke\n|poke|p1|Necrozma|\n|poke|p1|Ting-Lu|\n|poke|p1|Heatran, M|\n|poke|p1|Venusaur, M|\n|poke|p1|Rotom-Wash|\n|poke|p1|Corviknight, M|\n|poke|p2|Alomomola, M|\n|poke|p2|Clodsire, M|\n|poke|p2|Great Tusk|\n|poke|p2|Lopunny, M|\n|poke|p2|Sneasler, F|\n|poke|p2|Zapdos|\n|teampreview\n|\n|t:|1700841120\n|start\n|switch|p1a: Rotom|Rotom-Wash|100\/100\n|switch|p2a: Carl|Clodsire, M|100\/100\n|turn|1\n|\n|t:|1700841128\n|move|p1a: Rotom|Will-O-Wisp|p2a: Carl\n|-status|p2a: Carl|brn\n|move|p2a: Carl|Stealth Rock|p1a: Rotom\n|-sidestart|p1: Akihiro Nira|move: Stealth Rock\n|\n|-damage|p2a: Carl|94\/100 brn|[from] brn\n|upkeep\n|turn|2\n|\n|t:|1700841134\n|switch|p1a: Corviknight|Corviknight, M|100\/100\n|-damage|p1a: Corviknight|88\/100|[from] Stealth Rock\n|-ability|p1a: Corviknight|Pressure\n|move|p2a: Carl|Toxic|p1a: Corviknight\n|-immune|p1a: Corviknight\n|\n|-heal|p2a: Carl|100\/100 brn|[from] item: Leftovers\n|-damage|p2a: Carl|94\/100 brn|[from] brn\n|upkeep\n|turn|3\n|\n|t:|1700841141\n|switch|p2a: Fishy|Alomomola, M|100\/100\n|move|p1a: Corviknight|Defog|p2a: Fishy\n|-unboost|p2a: Fishy|evasion|1\n|-sideend|p1: Akihiro Nira|Stealth Rock|[from] move: Defog|[of] p1a: Corviknight\n|\n|upkeep\n|turn|4\n|\n|t:|1700841146\n|move|p1a: Corviknight|U-turn|p2a: Fishy\n|-damage|p2a: Fishy|93\/100\n|-damage|p1a: Corviknight|71\/100|[from] item: Rocky Helmet|[of] p2a: Fishy\n|\n|t:|1700841149\n|switch|p1a: Venusaur|Venusaur, M|100\/100|[from] U-turn\n|move|p2a: Fishy|Flip Turn|p1a: Venusaur\n|-resisted|p1a: Venusaur\n|-damage|p1a: Venusaur|92\/100\n|\n|t:|1700841169\n|switch|p2a: Bunny|Lopunny, M|100\/100|[from] Flip Turn\n|\n|upkeep\n|turn|5\n|\n|t:|1700841177\n|switch|p1a: Rotom|Rotom-Wash|100\/100\n|detailschange|p2a: Bunny|Lopunny-Mega, M\n|-mega|p2a: Bunny|Lopunny|Lopunnite\n|move|p2a: Bunny|Fake Out|p1a: Rotom\n|-damage|p1a: Rotom|79\/100\n|\n|upkeep\n|turn|6\n|c|\u2606Akihiro Nira|oof\n|\n|t:|1700841184\n|move|p1a: Rotom|Will-O-Wisp|p2a: Bunny\n|-status|p2a: Bunny|brn\n|move|p2a: Bunny|U-turn|p1a: Rotom\n|-damage|p1a: Rotom|64\/100\n|c|\u2606Cirno_is|dawg\n|\n|t:|1700841198\n|switch|p2a: Fishy|Alomomola, M|100\/100|[from] U-turn\n|\n|upkeep\n|turn|7\n|c|\u2606Cirno_is|good play ngl\n|\n|t:|1700841206\n|switch|p1a: Venusaur|Venusaur, M|92\/100\n|move|p2a: Fishy|Flip Turn|p1a: Venusaur\n|-resisted|p1a: Venusaur\n|-damage|p1a: Venusaur|84\/100\n|c|\u2606Akihiro Nira|ty\n|\n|t:|1700841217\n|switch|p2a: Tusky|Great Tusk|100\/100|[from] Flip Turn\n|-enditem|p2a: Tusky|Booster Energy\n|-activate|p2a: Tusky|ability: Protosynthesis|[fromitem]\n|-start|p2a: Tusky|protosynthesisatk\n|\n|upkeep\n|turn|8\n|\n|t:|1700841233\n|detailschange|p1a: Venusaur|Venusaur-Mega, M\n|-mega|p1a: Venusaur|Venusaur|Venusaurite\n|move|p2a: Tusky|Ice Spinner|p1a: Venusaur\n|-supereffective|p1a: Venusaur\n|-damage|p1a: Venusaur|56\/100\n|move|p1a: Venusaur|Giga Drain|p2a: Tusky\n|-supereffective|p2a: Tusky\n|-damage|p2a: Tusky|0 fnt\n|-heal|p1a: Venusaur|100\/100|[from] drain|[of] p2a: Tusky\n|faint|p2a: Tusky\n|-end|p2a: Tusky|Protosynthesis|[silent]\n|\n|upkeep\n|\n|t:|1700841239\n|switch|p2a: Wrld|Zapdos|100\/100\n|turn|9\n|c|\u2606Akihiro Nira|wtf\n|c|\u2606Akihiro Nira|Why that did so much damage\n|\n|t:|1700841257\n|switch|p1a: Ting-Lu|Ting-Lu|100\/100\n|-ability|p1a: Ting-Lu|Vessel of Ruin\n|move|p2a: Wrld|Hurricane|p1a: Ting-Lu|[miss]\n|-miss|p2a: Wrld|p1a: Ting-Lu\n|\n|upkeep\n|turn|10\n|\n|t:|1700841268\n|move|p2a: Wrld|Tailwind|p2a: Wrld\n|-sidestart|p2: Cirno_is|move: Tailwind\n|move|p1a: Ting-Lu|Stealth Rock|p2a: Wrld\n|-sidestart|p2: Cirno_is|move: Stealth Rock\n|\n|upkeep\n|turn|11\n|\n|t:|1700841275\n|switch|p2a: Fishy|Alomomola, M|100\/100\n|-damage|p2a: Fishy|88\/100|[from] Stealth Rock\n|move|p1a: Ting-Lu|Whirlwind|p2a: Fishy\n|drag|p2a: Wrld|Zapdos|100\/100\n|\n|upkeep\n|turn|12\n|c|\u2606Akihiro Nira|lol\n|\n|t:|1700841294\n|switch|p2a: Fishy|Alomomola, M|100\/100\n|-damage|p2a: Fishy|88\/100|[from] Stealth Rock\n|move|p1a: Ting-Lu|Ruination|p2a: Fishy\n|-damage|p2a: Fishy|44\/100\n|\n|upkeep\n|turn|13\n|\n|t:|1700841303\n|switch|p1a: Venusaur|Venusaur-Mega, M|100\/100\n|move|p2a: Fishy|Wish|p2a: Fishy\n|\n|-sideend|p2: Cirno_is|move: Tailwind\n|upkeep\n|turn|14\n|\n|t:|1700841308\n|switch|p1a: Rotom|Rotom-Wash|64\/100\n|move|p2a: Fishy|Flip Turn|p1a: Rotom\n|-resisted|p1a: Rotom\n|-damage|p1a: Rotom|57\/100\n|\n|t:|1700841321\n|switch|p2a: Bunny|Lopunny-Mega, M|100\/100 brn|[from] Flip Turn\n|-damage|p2a: Bunny|95\/100 brn|[from] Stealth Rock\n|\n|-heal|p2a: Bunny|100\/100 brn|[from] move: Wish|[wisher] Fishy\n|-damage|p2a: Bunny|95\/100 brn|[from] brn\n|upkeep\n|turn|15\n|\n|t:|1700841328\n|move|p2a: Bunny|Fake Out|p1a: Rotom\n|-damage|p1a: Rotom|46\/100\n|cant|p1a: Rotom|flinch\n|\n|-damage|p2a: Bunny|89\/100 brn|[from] brn\n|upkeep\n|turn|16\n|\n|t:|1700841337\n|move|p1a: Rotom|Volt Switch|p2a: Bunny\n|-damage|p2a: Bunny|56\/100 brn\n|\n|t:|1700841343\n|switch|p1a: Corviknight|Corviknight, M|71\/100|[from] Volt Switch\n|-ability|p1a: Corviknight|Pressure\n|move|p2a: Bunny|U-turn|p1a: Corviknight\n|-resisted|p1a: Corviknight\n|-damage|p1a: Corviknight|70\/100\n|-damage|p2a: Bunny|40\/100 brn|[from] item: Rocky Helmet|[of] p1a: Corviknight\n|\n|t:|1700841361\n|switch|p2a: Wrld|Zapdos|100\/100|[from] U-turn\n|\n|upkeep\n|turn|17\n|\n|t:|1700841372\n|move|p2a: Wrld|Thunderbolt|p1a: Corviknight\n|-supereffective|p1a: Corviknight\n|-damage|p1a: Corviknight|0 fnt\n|faint|p1a: Corviknight\n|\n|upkeep\n|\n|t:|1700841376\n|switch|p1a: Heatran|Heatran, M|100\/100\n|turn|18\n|\n|t:|1700841380\n|move|p2a: Wrld|Volt Switch|p1a: Heatran\n|-damage|p1a: Heatran|78\/100\n|\n|t:|1700841389\n|switch|p2a: Carl|Clodsire, M|94\/100 brn|[from] Volt Switch\n|-damage|p2a: Carl|88\/100 brn|[from] Stealth Rock\n|move|p1a: Heatran|Magma Storm|p2a: Carl\n|-damage|p2a: Carl|64\/100 brn\n|-activate|p2a: Carl|move: Magma Storm|[of] p1a: Heatran\n|\n|-heal|p1a: Heatran|84\/100|[from] item: Leftovers\n|-heal|p2a: Carl|70\/100 brn|[from] item: Leftovers\n|-damage|p2a: Carl|64\/100 brn|[from] brn\n|-damage|p2a: Carl|52\/100 brn|[from] move: Magma Storm|[partiallytrapped]\n|upkeep\n|turn|19\n|\n|t:|1700841396\n|move|p1a: Heatran|Protect|p1a: Heatran\n|-singleturn|p1a: Heatran|Protect\n|move|p2a: Carl|Stealth Rock|p1a: Heatran\n|-sidestart|p1: Akihiro Nira|move: Stealth Rock\n|\n|-heal|p1a: Heatran|90\/100|[from] item: Leftovers\n|-heal|p2a: Carl|58\/100 brn|[from] item: Leftovers\n|-damage|p2a: Carl|52\/100 brn|[from] brn\n|-damage|p2a: Carl|39\/100 brn|[from] move: Magma Storm|[partiallytrapped]\n|upkeep\n|turn|20\n|\n|t:|1700841406\n|move|p1a: Heatran|Taunt|p2a: Carl\n|-start|p2a: Carl|move: Taunt\n|cant|p2a: Carl|move: Taunt|Recover\n|\n|-heal|p1a: Heatran|97\/100|[from] item: Leftovers\n|-heal|p2a: Carl|45\/100 brn|[from] item: Leftovers\n|-damage|p2a: Carl|39\/100 brn|[from] brn\n|-damage|p2a: Carl|27\/100 brn|[from] move: Magma Storm|[partiallytrapped]\n|upkeep\n|turn|21\n|c|\u2606Akihiro Nira|no\n|c|\u2606Cirno_is|dang it\n|\n|t:|1700841420\n|move|p1a: Heatran|Earth Power|p2a: Carl\n|-supereffective|p2a: Carl\n|-damage|p2a: Carl|1\/100 brn\n|-unboost|p2a: Carl|spd|1\n|-activate|p2a: Carl|move: Struggle\n|move|p2a: Carl|Struggle|p1a: Heatran\n|-damage|p1a: Heatran|94\/100\n|-damage|p2a: Carl|0 fnt|[from] recoil\n|faint|p2a: Carl\n|\n|-heal|p1a: Heatran|99\/100|[from] item: Leftovers\n|upkeep\n|c|\u2606Akihiro Nira|I'm top 1 Stall hater\n|\n|t:|1700841430\n|switch|p2a: Fishy|Alomomola, M|78\/100\n|-damage|p2a: Fishy|65\/100|[from] Stealth Rock\n|turn|22\n|\n|t:|1700841442\n|move|p1a: Heatran|Protect|p1a: Heatran\n|-singleturn|p1a: Heatran|Protect\n|move|p2a: Fishy|Flip Turn|p1a: Heatran\n|-activate|p1a: Heatran|move: Protect\n|\n|-heal|p1a: Heatran|100\/100|[from] item: Leftovers\n|upkeep\n|turn|23\n|c|\u2606Cirno_is|my team balance\n|\n|t:|1700841453\n|move|p1a: Heatran|Magma Storm|p2a: Fishy\n|-resisted|p2a: Fishy\n|-damage|p2a: Fishy|42\/100\n|-activate|p2a: Fishy|move: Magma Storm|[of] p1a: Heatran\n|move|p2a: Fishy|Flip Turn|p1a: Heatran\n|-supereffective|p1a: Heatran\n|-damage|p1a: Heatran|77\/100\n|\n|t:|1700841464\n|switch|p2a: Sler|Sneasler, F|100\/100|[from] Flip Turn\n|-damage|p2a: Sler|95\/100|[from] Stealth Rock\n|\n|-heal|p1a: Heatran|83\/100|[from] item: Leftovers\n|upkeep\n|turn|24\n|\n|t:|1700841476\n|switch|p1a: Venusaur|Venusaur-Mega, M|100\/100\n|-damage|p1a: Venusaur|88\/100|[from] Stealth Rock\n|-terastallize|p2a: Sler|Dark\n|move|p2a: Sler|Fling|p1a: Venusaur\n|-damage|p1a: Venusaur|26\/100\n|-enditem|p2a: Sler|Big Nugget|[from] move: Fling\n|\n|upkeep\n|turn|25\n|c|\u2606Akihiro Nira|wtf\n|\n|t:|1700841496\n|move|p2a: Sler|Close Combat|p1a: Venusaur\n|-resisted|p1a: Venusaur\n|-damage|p1a: Venusaur|1\/100\n|-unboost|p2a: Sler|def|1\n|-unboost|p2a: Sler|spd|1\n|move|p1a: Venusaur|Giga Drain|p2a: Sler\n|-damage|p2a: Sler|20\/100\n|-heal|p1a: Venusaur|32\/100|[from] drain|[of] p2a: Sler\n|\n|upkeep\n|turn|26\n|c|\u2606Akihiro Nira|Why that did so much damage\n|\n|t:|1700841505\n|move|p2a: Sler|Dire Claw|p1a: Venusaur\n|-damage|p1a: Venusaur|0 fnt\n|faint|p1a: Venusaur\n|\n|upkeep\n|c|\u2606Cirno_is|how\n|c|\u2606Akihiro Nira|idk\n|\n|t:|1700841515\n|switch|p1a: Ting-Lu|Ting-Lu|100\/100\n|-damage|p1a: Ting-Lu|94\/100|[from] Stealth Rock\n|-ability|p1a: Ting-Lu|Vessel of Ruin\n|turn|27\n|\n|t:|1700841521\n|move|p2a: Sler|Close Combat|p1a: Ting-Lu\n|-supereffective|p1a: Ting-Lu\n|-damage|p1a: Ting-Lu|15\/100\n|-unboost|p2a: Sler|def|1\n|-unboost|p2a: Sler|spd|1\n|move|p1a: Ting-Lu|Earthquake|p2a: Sler\n|-damage|p2a: Sler|0 fnt\n|faint|p2a: Sler\n|\n|-heal|p1a: Ting-Lu|21\/100|[from] item: Leftovers\n|upkeep\n|c|\u2606Akihiro Nira|Ting-Lu My Beloved\n|\n|t:|1700841533\n|switch|p2a: Fishy|Alomomola, M|75\/100\n|-damage|p2a: Fishy|62\/100|[from] Stealth Rock\n|turn|28\n|\n|t:|1700841538\n|move|p2a: Fishy|Scald|p1a: Ting-Lu\n|-supereffective|p1a: Ting-Lu\n|-damage|p1a: Ting-Lu|9\/100\n|move|p1a: Ting-Lu|Ruination|p2a: Fishy\n|-damage|p2a: Fishy|32\/100\n|\n|-heal|p1a: Ting-Lu|15\/100|[from] item: Leftovers\n|upkeep\n|turn|29\n|\n|t:|1700841547\n|move|p2a: Fishy|Scald|p1a: Ting-Lu\n|-supereffective|p1a: Ting-Lu\n|-damage|p1a: Ting-Lu|4\/100\n|-status|p1a: Ting-Lu|brn\n|move|p1a: Ting-Lu|Earthquake|p2a: Fishy\n|-damage|p2a: Fishy|22\/100\n|\n|-heal|p1a: Ting-Lu|11\/100 brn|[from] item: Leftovers\n|-damage|p1a: Ting-Lu|4\/100 brn|[from] brn\n|upkeep\n|turn|30\n|c|\u2606Akihiro Nira|My man refused to die, twice\n|\n|t:|1700841558\n|move|p2a: Fishy|Flip Turn|p1a: Ting-Lu\n|-supereffective|p1a: Ting-Lu\n|-damage|p1a: Ting-Lu|0 fnt\n|faint|p1a: Ting-Lu\n|\n|t:|1700841566\n|switch|p2a: Wrld|Zapdos|100\/100|[from] Flip Turn\n|\n|upkeep\n|\n|t:|1700841568\n|switch|p1a: Necrozma|Necrozma|100\/100\n|-damage|p1a: Necrozma|88\/100|[from] Stealth Rock\n|turn|31\n|c|\u2606Cirno_is|yes\n|\n|t:|1700841576\n|move|p2a: Wrld|Thunderbolt|p1a: Necrozma\n|-damage|p1a: Necrozma|33\/100\n|move|p1a: Necrozma|Autotomize|p1a: Necrozma\n|-boost|p1a: Necrozma|spe|2\n|-start|p1a: Necrozma|Autotomize\n|\n|upkeep\n|turn|32\n|\n|t:|1700841580\n|move|p1a: Necrozma|Meteor Beam||[still]\n|-prepare|p1a: Necrozma|Meteor Beam\n|-boost|p1a: Necrozma|spa|1\n|-enditem|p1a: Necrozma|Power Herb\n|-anim|p1a: Necrozma|Meteor Beam|p2a: Wrld\n|-supereffective|p2a: Wrld\n|-damage|p2a: Wrld|0 fnt\n|faint|p2a: Wrld\n|\n|upkeep\n|c|\u2606Akihiro Nira|boom\n|\n|t:|1700841585\n|switch|p2a: Bunny|Lopunny-Mega, M|40\/100 brn\n|-damage|p2a: Bunny|34\/100 brn|[from] Stealth Rock\n|turn|33\n|\n|t:|1700841589\n|move|p2a: Bunny|Fake Out|p1a: Necrozma\n|-damage|p1a: Necrozma|21\/100\n|cant|p1a: Necrozma|flinch\n|\n|-damage|p2a: Bunny|28\/100 brn|[from] brn\n|upkeep\n|turn|34\n|\n|t:|1700841595\n|move|p1a: Necrozma|Photon Geyser|p2a: Bunny\n|-supereffective|p2a: Bunny\n|-damage|p2a: Bunny|0 fnt\n|faint|p2a: Bunny\n|\n|upkeep\n|c|\u2606Cirno_is|gg\n|c|\u2606Akihiro Nira|gg\n|\n|t:|1700841602\n|switch|p2a: Fishy|Alomomola, M|56\/100\n|-damage|p2a: Fishy|43\/100|[from] Stealth Rock\n|turn|35\n|\n|t:|1700841605\n|-terastallize|p1a: Necrozma|Water\n|move|p1a: Necrozma|Photon Geyser|p2a: Fishy\n|-damage|p2a: Fishy|0 fnt\n|faint|p2a: Fishy\n|\n|win|Akihiro Nira\n|raw|Akihiro Nira's rating: 1256 &rarr; <strong>1275<\/strong><br \/>(+19 for winning)\n|raw|Cirno_is's rating: 1164 &rarr; <strong>1145<\/strong><br \/>(-19 for losing)\n|c|\u2606Akihiro Nira|u r good\n|c|\u2606Cirno_is|thanks\n","uploadtime":1700841636,"views":1,"p1id":"akihironira","p2id":"cirnois","formatid":"gen9nationaldex","rating":1145,"private":0,"password":""}