{"id":"gen9nationaldex-1987386412","p1":"Gamer00ooO","p2":"Dios Typhlosion","format":"[Gen 9] National Dex","log":"|j|\u2606Gamer00ooO\n|j|\u2606Dios Typhlosion\n|t:|1699584767\n|gametype|singles\n|player|p1|Gamer00ooO|hilbert|\n|player|p2|Dios Typhlosion|102|\n|teamsize|p1|6\n|teamsize|p2|6\n|gen|9\n|tier|[Gen 9] National Dex\n|rule|HP Percentage Mod: HP is shown in percentages\n|rule|Endless Battle Clause: Forcing endless battles is banned\n|rule|OHKO Clause: OHKO moves are banned\n|rule|Evasion Clause: Evasion abilities, items, and moves are banned\n|rule|Evasion Abilities Clause: Evasion abilities are banned\n|rule|Evasion Items Clause: Evasion items are banned\n|rule|Evasion Moves Clause: Evasion moves are banned\n|rule|Species Clause: Limit one of each Pok\u00e9mon\n|rule|Sleep Clause Mod: Limit one foe put to sleep\n|clearpoke\n|poke|p1|Iron Valiant|\n|poke|p1|Weezing-Galar, F|\n|poke|p1|Diancie|\n|poke|p1|Gliscor, M|\n|poke|p1|Gardevoir, M|\n|poke|p1|Klefki, F|\n|poke|p2|Swampert, F|\n|poke|p2|Pelipper, F|\n|poke|p2|Zapdos|\n|poke|p2|Tapu Lele|\n|poke|p2|Sneasler, F|\n|poke|p2|Ferrothorn, M|\n|teampreview\n|\n|t:|1699584793\n|start\n|switch|p1a: Llaveros|Klefki, F|100\/100\n|switch|p2a: Toilet Bird|Pelipper, F|100\/100\n|-weather|RainDance|[from] ability: Drizzle|[of] p2a: Toilet Bird\n|turn|1\n|\n|t:|1699584809\n|switch|p2a: Dani|Ferrothorn, M|100\/100\n|move|p1a: Llaveros|Thunder Wave|p2a: Dani\n|-status|p2a: Dani|par\n|\n|-weather|RainDance|[upkeep]\n|upkeep\n|turn|2\n|\n|t:|1699584832\n|move|p1a: Llaveros|Defog|p2a: Dani\n|-unboost|p2a: Dani|evasion|1\n|move|p2a: Dani|Stealth Rock|p1a: Llaveros\n|-sidestart|p1: Gamer00ooO|move: Stealth Rock\n|\n|-weather|RainDance|[upkeep]\n|upkeep\n|turn|3\n|\n|t:|1699584839\n|move|p1a: Llaveros|Defog|p2a: Dani\n|-unboost|p2a: Dani|evasion|1\n|-sideend|p1: Gamer00ooO|Stealth Rock|[from] move: Defog|[of] p1a: Llaveros\n|move|p2a: Dani|Thunder Wave|p1a: Llaveros\n|-status|p1a: Llaveros|par\n|\n|-weather|RainDance|[upkeep]\n|upkeep\n|turn|4\n|\n|t:|1699584844\n|switch|p1a: Patriota de hierro|Iron Valiant|100\/100\n|switch|p2a: Pinches Furros|Swampert, F|100\/100\n|\n|-weather|RainDance|[upkeep]\n|upkeep\n|turn|5\n|\n|t:|1699584856\n|detailschange|p2a: Pinches Furros|Swampert-Mega, F\n|-mega|p2a: Pinches Furros|Swampert|Swampertite\n|move|p2a: Pinches Furros|Liquidation|p1a: Patriota de hierro\n|-damage|p1a: Patriota de hierro|4\/100\n|move|p1a: Patriota de hierro|Aura Sphere|p2a: Pinches Furros\n|-crit|p2a: Pinches Furros\n|-damage|p2a: Pinches Furros|43\/100\n|\n|-weather|RainDance|[upkeep]\n|upkeep\n|turn|6\n|\n|t:|1699584864\n|move|p2a: Pinches Furros|Power-Up Punch|p1a: Patriota de hierro\n|-resisted|p1a: Patriota de hierro\n|-damage|p1a: Patriota de hierro|0 fnt\n|-boost|p2a: Pinches Furros|atk|1\n|faint|p1a: Patriota de hierro\n|-end|p1a: Patriota de hierro|Quark Drive|[silent]\n|\n|-weather|RainDance|[upkeep]\n|upkeep\n|\n|t:|1699584869\n|switch|p1a: Eco Eco|Gardevoir, M|100\/100\n|-ability|p1a: Eco Eco|Swift Swim|[from] ability: Trace|[of] p2a: Pinches Furros\n|turn|7\n|\n|t:|1699584873\n|detailschange|p1a: Eco Eco|Gardevoir-Mega, M\n|-mega|p1a: Eco Eco|Gardevoir|Gardevoirite\n|move|p2a: Pinches Furros|Liquidation|p1a: Eco Eco\n|-damage|p1a: Eco Eco|0 fnt\n|faint|p1a: Eco Eco\n|\n|-weather|RainDance|[upkeep]\n|upkeep\n|\n|t:|1699584878\n|switch|p1a: Sr de carb\u00f3n|Weezing-Galar, F|100\/100\n|-fieldstart|move: Misty Terrain|[from] ability: Misty Surge|[of] p1a: Sr de carb\u00f3n\n|turn|8\n|\n|t:|1699584881\n|move|p2a: Pinches Furros|Liquidation|p1a: Sr de carb\u00f3n\n|-enditem|p1a: Sr de carb\u00f3n|Focus Sash\n|-damage|p1a: Sr de carb\u00f3n|1\/100\n|move|p1a: Sr de carb\u00f3n|Clear Smog|p2a: Pinches Furros\n|-resisted|p2a: Pinches Furros\n|-damage|p2a: Pinches Furros|36\/100\n|-clearboost|p2a: Pinches Furros\n|\n|-weather|none\n|upkeep\n|turn|9\n|\n|t:|1699584889\n|switch|p2a: Toilet Bird|Pelipper, F|100\/100\n|-weather|RainDance|[from] ability: Drizzle|[of] p2a: Toilet Bird\n|move|p1a: Sr de carb\u00f3n|Flamethrower|p2a: Toilet Bird\n|-resisted|p2a: Toilet Bird\n|-damage|p2a: Toilet Bird|95\/100\n|\n|-weather|RainDance|[upkeep]\n|upkeep\n|turn|10\n|\n|t:|1699584894\n|move|p2a: Toilet Bird|U-turn|p1a: Sr de carb\u00f3n\n|-resisted|p1a: Sr de carb\u00f3n\n|-damage|p1a: Sr de carb\u00f3n|0 fnt\n|faint|p1a: Sr de carb\u00f3n\n|\n|t:|1699584897\n|switch|p2a: Pinches Furros|Swampert-Mega, F|36\/100|[from] U-turn\n|\n|-weather|RainDance|[upkeep]\n|upkeep\n|\n|t:|1699584903\n|switch|p1a: Steven|Diancie|100\/100\n|turn|11\n|\n|t:|1699584908\n|-terastallize|p1a: Steven|Electric\n|move|p2a: Pinches Furros|Liquidation|p1a: Steven\n|-damage|p1a: Steven|42\/100\n|move|p1a: Steven|Diamond Storm|p2a: Pinches Furros\n|-resisted|p2a: Pinches Furros\n|-damage|p2a: Pinches Furros|21\/100\n|\n|-weather|RainDance|[upkeep]\n|-heal|p1a: Steven|48\/100|[from] item: Leftovers\n|upkeep\n|turn|12\n|\n|t:|1699584916\n|move|p2a: Pinches Furros|Earthquake|p1a: Steven\n|-supereffective|p1a: Steven\n|-damage|p1a: Steven|0 fnt\n|faint|p1a: Steven\n|\n|-weather|RainDance|[upkeep]\n|-fieldend|Misty Terrain\n|upkeep\n|\n|t:|1699584918\n|switch|p1a: Scorp corp|Gliscor, M|100\/100\n|turn|13\n|\n|t:|1699584922\n|move|p2a: Pinches Furros|Ice Punch|p1a: Scorp corp\n|-supereffective|p1a: Scorp corp\n|-damage|p1a: Scorp corp|0 fnt\n|faint|p1a: Scorp corp\n|\n|-weather|RainDance|[upkeep]\n|upkeep\n|\n|t:|1699584924\n|switch|p1a: Llaveros|Klefki, F|100\/100 par\n|turn|14\n|\n|t:|1699584927\n|move|p1a: Llaveros|Reflect|p1a: Llaveros\n|-sidestart|p1: Gamer00ooO|Reflect\n|move|p2a: Pinches Furros|Earthquake|p1a: Llaveros\n|-supereffective|p1a: Llaveros\n|-damage|p1a: Llaveros|45\/100 par\n|\n|-weather|RainDance|[upkeep]\n|upkeep\n|turn|15\n|\n|t:|1699584929\n|cant|p1a: Llaveros|par\n|move|p2a: Pinches Furros|Earthquake|p1a: Llaveros\n|-supereffective|p1a: Llaveros\n|-damage|p1a: Llaveros|0 fnt\n|faint|p1a: Llaveros\n|\n|win|Dios Typhlosion\n|c|\u2606Gamer00ooO|Gg\n|c|\u2606Dios Typhlosion|Gg\n","uploadtime":1699584943,"views":16,"p1id":"gamer00ooo","p2id":"diostyphlosion","formatid":"gen9nationaldex","rating":0,"private":0,"password":""}