{"id":"gen9nationaldex-1998352957","p1":"YaBoiCrim","p2":"john681","format":"[Gen 9] National Dex","log":"|html|<div class=\"broadcast-blue\"><strong>[Gen 9] National Dex is currently suspecting Sneasler! For information on how to participate check out the <a href=\"https:\/\/www.smogon.com\/forums\/threads\/sv-national-dex-suspect-8-just-dance.3731534\/\">suspect thread<\/a>.<\/strong><\/div>\n|j|\u2606YaBoiCrim\n|j|\u2606john681\n|t:|1700932809\n|gametype|singles\n|player|p1|YaBoiCrim|riley|\n|player|p2|john681|hiker|\n|teamsize|p1|6\n|teamsize|p2|6\n|gen|9\n|tier|[Gen 9] National Dex\n|rule|HP Percentage Mod: HP is shown in percentages\n|rule|Endless Battle Clause: Forcing endless battles is banned\n|rule|OHKO Clause: OHKO moves are banned\n|rule|Evasion Clause: Evasion abilities, items, and moves are banned\n|rule|Evasion Abilities Clause: Evasion abilities are banned\n|rule|Evasion Items Clause: Evasion items are banned\n|rule|Evasion Moves Clause: Evasion moves are banned\n|rule|Species Clause: Limit one of each Pok\u00e9mon\n|rule|Sleep Clause Mod: Limit one foe put to sleep\n|clearpoke\n|poke|p1|Sableye, M|\n|poke|p1|Froslass, F|\n|poke|p1|Oricorio-Sensu, F|\n|poke|p1|Gengar, M|\n|poke|p1|Zoroark-Hisui, M|\n|poke|p1|Banette, F|\n|poke|p2|Urshifu-*, F|\n|poke|p2|Pelipper, M|\n|poke|p2|Swampert, F|\n|poke|p2|Floatzel, M|\n|poke|p2|Rotom-Wash|\n|poke|p2|Samurott-Hisui, M|\n|teampreview\n|inactive|Battle timer is ON: inactive players will automatically lose when time's up. (requested by john681)\n|c|\u2606john681|glhf\n|c|\u2606YaBoiCrim|u2\n|\n|t:|1700932831\n|start\n|switch|p1a: Froslass|Froslass, F|100\/100\n|switch|p2a: Pelipper|Pelipper, M|100\/100\n|-weather|RainDance|[from] ability: Drizzle|[of] p2a: Pelipper\n|turn|1\n|\n|t:|1700932840\n|move|p1a: Froslass|Taunt|p2a: Pelipper\n|-start|p2a: Pelipper|move: Taunt\n|move|p2a: Pelipper|Hurricane|p1a: Froslass\n|-damage|p1a: Froslass|16\/100\n|\n|-weather|RainDance|[upkeep]\n|upkeep\n|turn|2\n|\n|t:|1700932848\n|switch|p2a: Floatzel|Floatzel, M|100\/100\n|move|p1a: Froslass|Destiny Bond|p1a: Froslass\n|-singlemove|p1a: Froslass|Destiny Bond\n|\n|-weather|RainDance|[upkeep]\n|upkeep\n|turn|3\n|\n|t:|1700932852\n|move|p2a: Floatzel|Taunt|p1a: Froslass\n|-start|p1a: Froslass|move: Taunt\n|cant|p1a: Froslass|move: Taunt|Taunt\n|\n|-weather|RainDance|[upkeep]\n|upkeep\n|turn|4\n|\n|t:|1700932856\n|switch|p1a: Sableye|Sableye, M, shiny|100\/100\n|move|p2a: Floatzel|Crunch|p1a: Sableye\n|-damage|p1a: Sableye|62\/100\n|-damage|p2a: Floatzel|91\/100|[from] item: Life Orb\n|\n|-weather|RainDance|[upkeep]\n|upkeep\n|turn|5\n|\n|t:|1700932865\n|-terastallize|p2a: Floatzel|Water\n|move|p1a: Sableye|Will-O-Wisp|p2a: Floatzel\n|-status|p2a: Floatzel|brn\n|move|p2a: Floatzel|Wave Crash|p1a: Sableye\n|-damage|p1a: Sableye|0 fnt\n|faint|p1a: Sableye\n|-damage|p2a: Floatzel|71\/100 brn|[from] Recoil\n|-damage|p2a: Floatzel|61\/100 brn|[from] item: Life Orb\n|\n|-weather|none\n|-damage|p2a: Floatzel|55\/100 brn|[from] brn\n|upkeep\n|\n|t:|1700932874\n|switch|p1a: Froslass|Froslass, F|16\/100\n|turn|6\n|\n|t:|1700932889\n|switch|p2a: Pelipper|Pelipper, M|100\/100\n|-weather|RainDance|[from] ability: Drizzle|[of] p2a: Pelipper\n|move|p1a: Froslass|Spikes|p2a: Pelipper\n|-sidestart|p2: john681|Spikes\n|\n|-weather|RainDance|[upkeep]\n|upkeep\n|turn|7\n|\n|t:|1700932901\n|switch|p2a: Swampert|Swampert, F|100\/100\n|-damage|p2a: Swampert|88\/100|[from] Spikes\n|move|p1a: Froslass|Spikes|p2a: Swampert\n|-sidestart|p2: john681|Spikes\n|\n|-weather|RainDance|[upkeep]\n|upkeep\n|turn|8\n|\n|t:|1700932907\n|detailschange|p2a: Swampert|Swampert-Mega, F\n|-mega|p2a: Swampert|Swampert|Swampertite\n|move|p2a: Swampert|Darkest Lariat|p1a: Froslass\n|-supereffective|p1a: Froslass\n|-damage|p1a: Froslass|0 fnt\n|faint|p1a: Froslass\n|\n|-weather|RainDance|[upkeep]\n|upkeep\n|\n|t:|1700932912\n|switch|p1a: Banette|Banette, F, shiny|100\/100\n|-item|p2a: Swampert|Swampertite|[from] ability: Frisk|[of] p1a: Banette|[identify]\n|turn|9\n|\n|t:|1700932915\n|detailschange|p1a: Banette|Banette-Mega, F, shiny\n|-mega|p1a: Banette|Banette|Banettite\n|move|p1a: Banette|Destiny Bond|p1a: Banette\n|-singlemove|p1a: Banette|Destiny Bond\n|move|p2a: Swampert|Darkest Lariat|p1a: Banette\n|-supereffective|p1a: Banette\n|-damage|p1a: Banette|1\/100\n|\n|-weather|RainDance|[upkeep]\n|upkeep\n|turn|10\n|c|\u2606john681|go mudkip\n|\n|t:|1700932925\n|switch|p2a: Samurott|Samurott-Hisui, M|100\/100\n|-damage|p2a: Samurott|84\/100|[from] Spikes\n|move|p1a: Banette|Poltergeist|p2a: Samurott\n|-activate|p2a: Samurott|move: Poltergeist|Assault Vest\n|-resisted|p2a: Samurott\n|-damage|p2a: Samurott|34\/100\n|\n|-weather|none\n|upkeep\n|turn|11\n|\n|t:|1700932939\n|move|p1a: Banette|Destiny Bond|p1a: Banette\n|-singlemove|p1a: Banette|Destiny Bond\n|move|p2a: Samurott|Ceaseless Edge|p1a: Banette\n|-supereffective|p1a: Banette\n|-damage|p1a: Banette|0 fnt\n|-sidestart|p1: YaBoiCrim|Spikes\n|faint|p1a: Banette\n|-activate|p1a: Banette|move: Destiny Bond\n|faint|p2a: Samurott\n|\n|upkeep\n|\n|t:|1700932944\n|switch|p2a: Pelipper|Pelipper, M|100\/100\n|switch|p1a: Oricorio|Oricorio-Sensu, F, shiny|100\/100\n|-weather|RainDance|[from] ability: Drizzle|[of] p2a: Pelipper\n|turn|12\n|\n|t:|1700932952\n|move|p1a: Oricorio|Quiver Dance|p1a: Oricorio\n|-boost|p1a: Oricorio|spa|1\n|-boost|p1a: Oricorio|spd|1\n|-boost|p1a: Oricorio|spe|1\n|move|p2a: Pelipper|Ice Beam|p1a: Oricorio\n|-supereffective|p1a: Oricorio\n|-damage|p1a: Oricorio|40\/100\n|\n|-weather|RainDance|[upkeep]\n|upkeep\n|turn|13\n|\n|t:|1700932961\n|move|p1a: Oricorio|Hurricane|p2a: Pelipper\n|-damage|p2a: Pelipper|0 fnt\n|faint|p2a: Pelipper\n|\n|-weather|RainDance|[upkeep]\n|upkeep\n|\n|t:|1700932967\n|switch|p2a: Floatzel|Floatzel, M, tera:Water|55\/100 brn\n|-damage|p2a: Floatzel|38\/100 brn|[from] Spikes\n|turn|14\n|\n|t:|1700932973\n|move|p2a: Floatzel|Crunch|p1a: Oricorio\n|-supereffective|p1a: Oricorio\n|-damage|p1a: Oricorio|0 fnt\n|faint|p1a: Oricorio\n|-damage|p2a: Floatzel|28\/100 brn|[from] item: Life Orb\n|\n|-weather|RainDance|[upkeep]\n|-damage|p2a: Floatzel|22\/100 brn|[from] brn\n|upkeep\n|\n|t:|1700932985\n|switch|p1a: Gengar|Gengar, M, shiny|100\/100\n|-damage|p1a: Gengar|88\/100|[from] Spikes\n|turn|15\n|\n|t:|1700932996\n|move|p2a: Floatzel|Wave Crash|p1a: Gengar\n|-damage|p1a: Gengar|0 fnt\n|faint|p1a: Gengar\n|-damage|p2a: Floatzel|0 fnt|[from] Recoil\n|faint|p2a: Floatzel\n|\n|-weather|RainDance|[upkeep]\n|upkeep\n|\n|t:|1700933003\n|switch|p1a: Zoroark|Zoroark-Hisui, M, shiny|100\/100\n|switch|p2a: Urshifu|Urshifu-Rapid-Strike, F|100\/100\n|-damage|p1a: Zoroark|88\/100|[from] Spikes\n|-damage|p2a: Urshifu|84\/100|[from] Spikes\n|turn|16\n|\n|t:|1700933008\n|-zpower|p1a: Zoroark\n|move|p1a: Zoroark|Breakneck Blitz|p2a: Urshifu|[zeffect]\n|-damage|p2a: Urshifu|0 fnt\n|faint|p2a: Urshifu\n|\n|-weather|none\n|upkeep\n|\n|t:|1700933013\n|switch|p2a: Rotom|Rotom-Wash|100\/100\n|turn|17\n|\n|t:|1700933020\n|move|p1a: Zoroark|Shadow Ball|p2a: Rotom\n|-damage|p2a: Rotom|51\/100\n|-unboost|p2a: Rotom|spd|1\n|move|p2a: Rotom|Hydro Pump|p1a: Zoroark\n|-damage|p1a: Zoroark|0 fnt\n|faint|p1a: Zoroark\n|\n|win|john681\n|c|\u2606YaBoiCrim|gg\n|c|\u2606YaBoiCrim|wp\n|c|\u2606john681|ggwp\n","uploadtime":1700933030,"views":1,"p1id":"yaboicrim","p2id":"john681","formatid":"gen9nationaldex","rating":0,"private":0,"password":""}