{"id":"gen9nationaldex-1999782059","p1":"MarcusTalks","p2":"Kingcheetah009","format":"[Gen 9] National Dex","log":"|html|<div class=\"broadcast-blue\"><strong>[Gen 9] National Dex is currently suspecting Sneasler! For information on how to participate check out the <a href=\"https:\/\/www.smogon.com\/forums\/threads\/sv-national-dex-suspect-8-just-dance.3731534\/\">suspect thread<\/a>.<\/strong><\/div>\n|j|\u2606MarcusTalks\n|j|\u2606Kingcheetah009\n|t:|1701116184\n|gametype|singles\n|player|p1|MarcusTalks|steven|\n|player|p2|Kingcheetah009|2|\n|teamsize|p1|6\n|teamsize|p2|6\n|gen|9\n|tier|[Gen 9] National Dex\n|rule|HP Percentage Mod: HP is shown in percentages\n|rule|Endless Battle Clause: Forcing endless battles is banned\n|rule|OHKO Clause: OHKO moves are banned\n|rule|Evasion Clause: Evasion abilities, items, and moves are banned\n|rule|Evasion Abilities Clause: Evasion abilities are banned\n|rule|Evasion Items Clause: Evasion items are banned\n|rule|Evasion Moves Clause: Evasion moves are banned\n|rule|Species Clause: Limit one of each Pok\u00e9mon\n|rule|Sleep Clause Mod: Limit one foe put to sleep\n|clearpoke\n|poke|p1|Aegislash, M|\n|poke|p1|Ceruledge, M|\n|poke|p1|Sinistcha-Masterpiece|\n|poke|p1|Cofagrigus, M|\n|poke|p1|Rotom|\n|poke|p1|Lopunny, F|\n|poke|p2|Eevee, F|\n|poke|p2|Umbreon, M|\n|poke|p2|Jolteon, M|\n|poke|p2|Espeon, F|\n|poke|p2|Vaporeon, F|\n|poke|p2|Sylveon, F|\n|teampreview\n|c|\u2606Kingcheetah009|Gl\n|\n|t:|1701116199\n|start\n|switch|p1a: Lopunny|Lopunny, F, shiny|100\/100\n|switch|p2a: Lectra|Jolteon, M, shiny|100\/100\n|turn|1\n|c|\u2606MarcusTalks|Gl\n|\n|t:|1701116240\n|switch|p1a: Cofagrigus|Cofagrigus, M|100\/100\n|move|p2a: Lectra|Volt Switch|p1a: Cofagrigus\n|-damage|p1a: Cofagrigus|67\/100\n|\n|t:|1701116252\n|switch|p2a: Coeus|Espeon, F, shiny|100\/100|[from] Volt Switch\n|\n|-heal|p1a: Cofagrigus|73\/100|[from] item: Leftovers\n|upkeep\n|turn|2\n|c|\u2606MarcusTalks|Hmm nice move\n|\n|t:|1701116262\n|move|p2a: Coeus|Shadow Ball|p1a: Cofagrigus\n|-supereffective|p1a: Cofagrigus\n|-damage|p1a: Cofagrigus|0 fnt\n|faint|p1a: Cofagrigus\n|\n|upkeep\n|\n|t:|1701116269\n|switch|p1a: Lopunny|Lopunny, F, shiny|100\/100\n|turn|3\n|c|\u2606Kingcheetah009|Thanks\n|\n|t:|1701116285\n|switch|p2a: Calyspo|Vaporeon, F, shiny|100\/100\n|detailschange|p1a: Lopunny|Lopunny-Mega, F, shiny\n|-mega|p1a: Lopunny|Lopunny|Lopunnite\n|move|p1a: Lopunny|Fake Out|p2a: Calyspo\n|-damage|p2a: Calyspo|83\/100\n|\n|-heal|p2a: Calyspo|90\/100|[from] item: Leftovers\n|upkeep\n|turn|4\n|c|\u2606MarcusTalks|But I don\u2019t need T spikes\n|\n|t:|1701116307\n|move|p1a: Lopunny|High Jump Kick|p2a: Calyspo\n|-damage|p2a: Calyspo|34\/100\n|move|p2a: Calyspo|Yawn|p1a: Lopunny\n|-start|p1a: Lopunny|move: Yawn|[of] p2a: Calyspo\n|\n|-heal|p2a: Calyspo|40\/100|[from] item: Leftovers\n|upkeep\n|turn|5\n|\n|t:|1701116320\n|switch|p1a: Sinistcha|Sinistcha-Masterpiece, shiny|100\/100\n|switch|p2a: The Cheeto Man|Eevee, F, shiny|100\/100\n|\n|upkeep\n|turn|6\n|\n|t:|1701116338\n|-zpower|p2a: The Cheeto Man\n|move|p2a: The Cheeto Man|Extreme Evoboost|p2a: The Cheeto Man\n|-boost|p2a: The Cheeto Man|atk|2\n|-boost|p2a: The Cheeto Man|def|2\n|-boost|p2a: The Cheeto Man|spa|2\n|-boost|p2a: The Cheeto Man|spd|2\n|-boost|p2a: The Cheeto Man|spe|2\n|move|p1a: Sinistcha|Calm Mind|p1a: Sinistcha\n|-boost|p1a: Sinistcha|spa|1\n|-boost|p1a: Sinistcha|spd|1\n|\n|upkeep\n|turn|7\n|c|\u2606MarcusTalks|Oh yeah it\u2019s happening\n|c|\u2606Kingcheetah009|It\u2019s gamer time\n|c|\u2606MarcusTalks|cant believe I\u2019m happy I\u2019m losing\n|\n|t:|1701116365\n|move|p2a: The Cheeto Man|Shadow Ball|p1a: Sinistcha\n|-supereffective|p1a: Sinistcha\n|-damage|p1a: Sinistcha|54\/100\n|move|p1a: Sinistcha|Matcha Gotcha|p2a: The Cheeto Man\n|-damage|p2a: The Cheeto Man|30\/100\n|-heal|p1a: Sinistcha|80\/100|[from] drain|[of] p2a: The Cheeto Man\n|\n|-heal|p1a: Sinistcha|86\/100|[from] item: Leftovers\n|upkeep\n|turn|8\n|c|\u2606Kingcheetah009|I can still mess it up lol\n|c|\u2606Kingcheetah009|Damn\n|\n|t:|1701116402\n|move|p2a: The Cheeto Man|Stored Power|p1a: Sinistcha\n|-damage|p1a: Sinistcha|22\/100\n|move|p1a: Sinistcha|Matcha Gotcha|p2a: The Cheeto Man\n|-damage|p2a: The Cheeto Man|0 fnt\n|-heal|p1a: Sinistcha|33\/100|[from] drain|[of] p2a: The Cheeto Man\n|faint|p2a: The Cheeto Man\n|\n|-heal|p1a: Sinistcha|39\/100|[from] item: Leftovers\n|upkeep\n|c|\u2606Kingcheetah009|And there it goes lmao\n|\n|t:|1701116421\n|switch|p2a: Lectra|Jolteon, M, shiny|100\/100\n|turn|9\n|\n|t:|1701116431\n|move|p2a: Lectra|Shadow Ball|p1a: Sinistcha\n|-supereffective|p1a: Sinistcha\n|-damage|p1a: Sinistcha|0 fnt\n|faint|p1a: Sinistcha\n|\n|upkeep\n|\n|t:|1701116437\n|switch|p1a: Lopunny|Lopunny-Mega, F, shiny|100\/100\n|turn|10\n|\n|t:|1701116448\n|switch|p2a: Calyspo|Vaporeon, F, shiny|40\/100\n|move|p1a: Lopunny|Fake Out|p2a: Calyspo\n|-damage|p2a: Calyspo|23\/100\n|\n|-heal|p2a: Calyspo|29\/100|[from] item: Leftovers\n|upkeep\n|turn|11\n|\n|t:|1701116461\n|move|p1a: Lopunny|High Jump Kick|p2a: Calyspo\n|-damage|p2a: Calyspo|0 fnt\n|faint|p2a: Calyspo\n|\n|upkeep\n|c|\u2606MarcusTalks|One day it\u2019ll miss\n|\n|t:|1701116483\n|switch|p2a: Coeus|Espeon, F, shiny|100\/100\n|turn|12\n|\n|t:|1701116495\n|move|p1a: Lopunny|Ice Punch|p2a: Coeus\n|-damage|p2a: Coeus|52\/100\n|move|p2a: Coeus|Trick||[still]\n|-fail|p2a: Coeus\n|\n|upkeep\n|turn|13\n|\n|t:|1701116506\n|switch|p2a: Sidney|Sylveon, F, shiny|100\/100\n|move|p1a: Lopunny|Return|p2a: Sidney\n|-damage|p2a: Sidney|47\/100\n|\n|upkeep\n|turn|14\n|\n|t:|1701116522\n|move|p1a: Lopunny|Return|p2a: Sidney\n|-damage|p2a: Sidney|0 fnt\n|faint|p2a: Sidney\n|\n|upkeep\n|\n|t:|1701116533\n|switch|p2a: Coeus|Espeon, F, shiny|52\/100\n|turn|15\n|\n|t:|1701116563\n|move|p1a: Lopunny|Return|p2a: Coeus\n|-damage|p2a: Coeus|0 fnt\n|faint|p2a: Coeus\n|\n|upkeep\n|c|\u2606Kingcheetah009|Damn\n|\n|t:|1701116590\n|switch|p2a: Erebus|Umbreon, M, shiny|100\/100\n|turn|16\n|\n|t:|1701116594\n|move|p1a: Lopunny|Return|p2a: Erebus\n|-damage|p2a: Erebus|68\/100\n|move|p2a: Erebus|Heal Bell||[still]\n|-activate|p2a: Erebus|move: Heal Bell\n|-fail|p2a: Erebus\n|\n|-heal|p2a: Erebus|74\/100|[from] item: Leftovers\n|upkeep\n|turn|17\n|c|\u2606Kingcheetah009|The miss click\n|c|\u2606Kingcheetah009|damn it\n|\n|t:|1701116611\n|-terastallize|p2a: Erebus|Water\n|move|p1a: Lopunny|High Jump Kick|p2a: Erebus\n|-damage|p2a: Erebus|27\/100\n|move|p2a: Erebus|Foul Play|p1a: Lopunny\n|-resisted|p1a: Lopunny\n|-damage|p1a: Lopunny|68\/100\n|\n|-heal|p2a: Erebus|33\/100|[from] item: Leftovers\n|upkeep\n|turn|18\n|c|\u2606Kingcheetah009|You can Tera and z move?\n|\n|t:|1701116640\n|move|p1a: Lopunny|High Jump Kick|p2a: Erebus\n|-damage|p2a: Erebus|0 fnt\n|faint|p2a: Erebus\n|\n|upkeep\n|\n|t:|1701116646\n|switch|p2a: Lectra|Jolteon, M, shiny|100\/100\n|turn|19\n|c|\u2606MarcusTalks|No you can\u2019t\n|\n|t:|1701116655\n|move|p2a: Lectra|Volt Switch|p1a: Lopunny\n|-damage|p1a: Lopunny|23\/100\n|move|p1a: Lopunny|High Jump Kick|p2a: Lectra|[miss]\n|-miss|p1a: Lopunny|p2a: Lectra\n|-damage|p1a: Lopunny|0 fnt|[from] highjumpkick\n|faint|p1a: Lopunny\n|\n|upkeep\n|c|\u2606MarcusTalks|Yeah baby\n|c|\u2606Kingcheetah009|:0\n|\n|t:|1701116669\n|switch|p1a: Ceruledge|Ceruledge, M|100\/100\n|turn|20\n|\n|t:|1701116673\n|move|p2a: Lectra|Volt Switch|p1a: Ceruledge\n|-damage|p1a: Ceruledge|62\/100\n|move|p1a: Ceruledge|Swords Dance|p1a: Ceruledge\n|-boost|p1a: Ceruledge|atk|2\n|\n|upkeep\n|turn|21\n|c|\u2606Kingcheetah009|Little late for that lol\n|\n|t:|1701116684\n|-terastallize|p1a: Ceruledge|Fire\n|move|p2a: Lectra|Volt Switch|p1a: Ceruledge\n|-damage|p1a: Ceruledge|20\/100\n|move|p1a: Ceruledge|Bitter Blade|p2a: Lectra\n|-damage|p2a: Lectra|0 fnt\n|-heal|p1a: Ceruledge|67\/100|[from] drain|[of] p2a: Lectra\n|faint|p2a: Lectra\n|\n|win|MarcusTalks\n|c|\u2606Kingcheetah009|Gg\n|c|\u2606MarcusTalks|Gg\n","uploadtime":1701116701,"views":14,"p1id":"marcustalks","p2id":"kingcheetah009","formatid":"gen9nationaldex","rating":0,"private":0,"password":""}