{"id":"gen9nationaldex-1992312626","p1":"The Np sweep","p2":"dnooage","format":"[Gen 9] National Dex","log":"|j|\u203dThe Np sweep\n|j|\u2606dnooage\n|inactive|Battle timer is ON: inactive players will automatically lose when time's up.\n|t:|1700173588\n|gametype|singles\n|player|p1|The Np sweep|hilbert|\n|player|p2|dnooage|101|\n|teamsize|p1|6\n|teamsize|p2|6\n|gen|9\n|tier|[Gen 9] National Dex\n|rated|Tournament battle\n|rule|HP Percentage Mod: HP is shown in percentages\n|rule|Endless Battle Clause: Forcing endless battles is banned\n|rule|OHKO Clause: OHKO moves are banned\n|rule|Evasion Clause: Evasion abilities, items, and moves are banned\n|rule|Evasion Abilities Clause: Evasion abilities are banned\n|rule|Evasion Items Clause: Evasion items are banned\n|rule|Evasion Moves Clause: Evasion moves are banned\n|rule|Species Clause: Limit one of each Pok\u00e9mon\n|rule|Sleep Clause Mod: Limit one foe put to sleep\n|clearpoke\n|poke|p1|Tapu Lele|\n|poke|p1|Iron Valiant|\n|poke|p1|Tapu Fini|\n|poke|p1|Ferrothorn, F|\n|poke|p1|Ogerpon-Wellspring, F|\n|poke|p1|Sceptile, M|\n|poke|p2|Rabsca, M|\n|poke|p2|Ribombee, F|\n|poke|p2|Kleavor, M|\n|poke|p2|Volcarona, F|\n|poke|p2|Scizor, M|\n|poke|p2|Illumise, F|\n|teampreview\n|\n|t:|1700173614\n|start\n|switch|p1a: Tapu Lele|Tapu Lele, shiny|100\/100\n|switch|p2a: Ribombee|Ribombee, F|100\/100\n|-fieldstart|move: Psychic Terrain|[from] ability: Psychic Surge|[of] p1a: Tapu Lele\n|turn|1\n|\n|t:|1700173623\n|move|p1a: Tapu Lele|Psychic|p2a: Ribombee\n|-enditem|p2a: Ribombee|Focus Sash\n|-damage|p2a: Ribombee|1\/100\n|move|p2a: Ribombee|Sticky Web|p1a: Tapu Lele\n|-sidestart|p1: The Np sweep|move: Sticky Web\n|\n|upkeep\n|turn|2\n|\n|t:|1700173632\n|move|p1a: Tapu Lele|Psychic|p2a: Ribombee\n|-damage|p2a: Ribombee|0 fnt\n|faint|p2a: Ribombee\n|\n|upkeep\n|j| jack12123\n|\n|t:|1700173646\n|switch|p2a: Scizor|Scizor, M|100\/100\n|turn|3\n|\n|t:|1700173652\n|switch|p1a: Ferrothorn|Ferrothorn, F|100\/100\n|-activate|p1a: Ferrothorn|move: Sticky Web\n|-unboost|p1a: Ferrothorn|spe|1\n|move|p2a: Scizor|Swords Dance|p2a: Scizor\n|-boost|p2a: Scizor|atk|2\n|\n|upkeep\n|turn|4\n|\n|t:|1700173663\n|move|p2a: Scizor|Swords Dance|p2a: Scizor\n|-boost|p2a: Scizor|atk|2\n|move|p1a: Ferrothorn|Leech Seed|p2a: Scizor\n|-start|p2a: Scizor|move: Leech Seed\n|\n|-damage|p2a: Scizor|88\/100|[from] Leech Seed|[of] p1a: Ferrothorn\n|upkeep\n|turn|5\n|\n|t:|1700173672\n|detailschange|p2a: Scizor|Scizor-Mega, M\n|-mega|p2a: Scizor|Scizor|Scizorite\n|move|p2a: Scizor|Brick Break|p1a: Ferrothorn\n|-supereffective|p1a: Ferrothorn\n|-damage|p1a: Ferrothorn|0 fnt\n|-damage|p2a: Scizor|76\/100|[from] ability: Iron Barbs|[of] p1a: Ferrothorn\n|faint|p1a: Ferrothorn\n|\n|-fieldend|move: Psychic Terrain\n|upkeep\n|\n|t:|1700173675\n|switch|p1a: Tapu Lele|Tapu Lele, shiny|100\/100\n|-activate|p1a: Tapu Lele|move: Sticky Web\n|-unboost|p1a: Tapu Lele|spe|1\n|-fieldstart|move: Psychic Terrain|[from] ability: Psychic Surge|[of] p1a: Tapu Lele\n|turn|6\n|\n|t:|1700173689\n|move|p1a: Tapu Lele|Hidden Power|p2a: Scizor\n|-supereffective|p2a: Scizor\n|-damage|p2a: Scizor|0 fnt\n|faint|p2a: Scizor\n|\n|upkeep\n|\n|t:|1700173704\n|switch|p2a: Volcarona|Volcarona, F|100\/100\n|turn|7\n|\n|t:|1700173709\n|switch|p1a: Ogerpon|Ogerpon-Wellspring, F|100\/100\n|-activate|p1a: Ogerpon|move: Sticky Web\n|-unboost|p1a: Ogerpon|spe|1\n|move|p2a: Volcarona|Quiver Dance|p2a: Volcarona\n|-boost|p2a: Volcarona|spa|1\n|-boost|p2a: Volcarona|spd|1\n|-boost|p2a: Volcarona|spe|1\n|\n|upkeep\n|turn|8\n|\n|t:|1700173718\n|-terastallize|p1a: Ogerpon|Water\n|detailschange|p1a: Ogerpon|Ogerpon-Wellspring-Tera, F, tera:Water\n|-ability|p1a: Ogerpon|Embody Aspect (Wellspring)|boost\n|-boost|p1a: Ogerpon|spd|1\n|move|p2a: Volcarona|Bug Buzz|p1a: Ogerpon\n|-damage|p1a: Ogerpon|36\/100\n|move|p1a: Ogerpon|Ivy Cudgel|p2a: Volcarona|[anim] Ivy Cudgel Water\n|-supereffective|p2a: Volcarona\n|-damage|p2a: Volcarona|0 fnt\n|faint|p2a: Volcarona\n|\n|upkeep\n|\n|t:|1700173732\n|switch|p2a: Rabsca|Rabsca, M|100\/100\n|turn|9\n|\n|t:|1700173735\n|move|p1a: Ogerpon|Ivy Cudgel|p2a: Rabsca|[anim] Ivy Cudgel Water\n|-damage|p2a: Rabsca|17\/100\n|move|p2a: Rabsca|Revival Blessing|p2a: Rabsca\n|\n|t:|1700173745\n|-heal|p2: Scizor|50\/100|[from] move: Revival Blessing\n|\n|upkeep\n|turn|10\n|\n|t:|1700173751\n|move|p1a: Ogerpon|Ivy Cudgel|p2a: Rabsca|[anim] Ivy Cudgel Water\n|-damage|p2a: Rabsca|0 fnt\n|faint|p2a: Rabsca\n|\n|-fieldend|move: Psychic Terrain\n|upkeep\n|\n|t:|1700173764\n|switch|p2a: Illumise|Illumise, F|100\/100\n|turn|11\n|\n|t:|1700173778\n|move|p1a: Ogerpon|Ivy Cudgel|p2a: Illumise|[anim] Ivy Cudgel Water\n|-damage|p2a: Illumise|0 fnt\n|faint|p2a: Illumise\n|\n|upkeep\n|\n|t:|1700173783\n|switch|p2a: Scizor|Scizor-Mega, M|50\/100\n|turn|12\n|\n|t:|1700173792\n|move|p1a: Ogerpon|Ivy Cudgel|p2a: Scizor|[anim] Ivy Cudgel Water\n|-damage|p2a: Scizor|0 fnt\n|faint|p2a: Scizor\n|\n|upkeep\n|\n|t:|1700173797\n|switch|p2a: Kleavor|Kleavor, M|100\/100\n|turn|13\n|\n|t:|1700173808\n|-terastallize|p2a: Kleavor|Bug\n|move|p2a: Kleavor|Stone Axe|p1a: Ogerpon\n|-damage|p1a: Ogerpon|0 fnt\n|-sidestart|p1: The Np sweep|move: Stealth Rock\n|faint|p1a: Ogerpon\n|-damage|p2a: Kleavor|91\/100|[from] item: Life Orb\n|\n|upkeep\n|\n|t:|1700173816\n|switch|p1a: Tapu Lele|Tapu Lele, shiny|100\/100\n|-activate|p1a: Tapu Lele|move: Sticky Web\n|-unboost|p1a: Tapu Lele|spe|1\n|-damage|p1a: Tapu Lele|88\/100|[from] Stealth Rock\n|-fieldstart|move: Psychic Terrain|[from] ability: Psychic Surge|[of] p1a: Tapu Lele\n|turn|14\n|\n|t:|1700173826\n|move|p1a: Tapu Lele|Psychic|p2a: Kleavor\n|-damage|p2a: Kleavor|0 fnt\n|faint|p2a: Kleavor\n|\n|win|The Np sweep\n|n|\u203dThe Np sweep|thenpsweep\n|n|\u2606dnooage|dnooage\n|n| jack12123|jack12123\n","uploadtime":1700173828,"views":4,"p1id":"thenpsweep","p2id":"dnooage","formatid":"gen9nationaldex","rating":0,"private":0,"password":""}