{"id":"gen9nationaldex-1988661357","p1":"oliotus","p2":"polaaar","format":"[Gen 9] National Dex","log":"|j|\u2606oliotus\n|j|\u2606polaaar\n|t:|1699747543\n|gametype|singles\n|player|p1|oliotus|170|1318\n|player|p2|polaaar|170|1381\n|teamsize|p1|6\n|teamsize|p2|6\n|gen|9\n|tier|[Gen 9] National Dex\n|rated|\n|rule|HP Percentage Mod: HP is shown in percentages\n|rule|Endless Battle Clause: Forcing endless battles is banned\n|rule|OHKO Clause: OHKO moves are banned\n|rule|Evasion Clause: Evasion abilities, items, and moves are banned\n|rule|Evasion Abilities Clause: Evasion abilities are banned\n|rule|Evasion Items Clause: Evasion items are banned\n|rule|Evasion Moves Clause: Evasion moves are banned\n|rule|Species Clause: Limit one of each Pok\u00e9mon\n|rule|Sleep Clause Mod: Limit one foe put to sleep\n|clearpoke\n|poke|p1|Clefable, M|\n|poke|p1|Glimmora, F|\n|poke|p1|Zapdos|\n|poke|p1|Dragonite, M|\n|poke|p1|Greninja-*, M|\n|poke|p1|Ferrothorn, M|\n|poke|p2|Venusaur, M|\n|poke|p2|Greninja-*, M|\n|poke|p2|Skeledirge, M|\n|poke|p2|Clodsire, M|\n|poke|p2|Dragonite, F|\n|poke|p2|Hatterene, F|\n|teampreview\n|\n|t:|1699747556\n|start\n|switch|p1a: Glimmora|Glimmora, F|100\/100\n|switch|p2a: Clodsire|Clodsire, M|100\/100\n|turn|1\n|\n|t:|1699747572\n|switch|p2a: Greninja|Greninja, M|100\/100\n|move|p1a: Glimmora|Light Screen|p1a: Glimmora\n|-sidestart|p1: oliotus|move: Light Screen\n|\n|upkeep\n|turn|2\n|\n|t:|1699747581\n|move|p2a: Greninja|Extrasensory|p1a: Glimmora\n|-supereffective|p1a: Glimmora\n|-damage|p1a: Glimmora|76\/100\n|move|p1a: Glimmora|Mortal Spin|p2a: Greninja\n|-damage|p2a: Greninja|90\/100\n|-status|p2a: Greninja|psn\n|\n|-damage|p2a: Greninja|78\/100 psn|[from] psn\n|upkeep\n|turn|3\n|\n|t:|1699747592\n|switch|p1a: Ferrothorn|Ferrothorn, M|100\/100\n|move|p2a: Greninja|Water Shuriken|p1a: Ferrothorn\n|-resisted|p1a: Ferrothorn\n|-damage|p1a: Ferrothorn|99\/100\n|-resisted|p1a: Ferrothorn\n|-damage|p1a: Ferrothorn|98\/100\n|-resisted|p1a: Ferrothorn\n|-damage|p1a: Ferrothorn|96\/100\n|-hitcount|p1a: Ferrothorn|3\n|\n|-damage|p2a: Greninja|65\/100 psn|[from] psn\n|upkeep\n|turn|4\n|\n|t:|1699747602\n|switch|p2a: Skeledirge|Skeledirge, M|100\/100\n|move|p1a: Ferrothorn|Leech Seed|p2a: Skeledirge\n|-start|p2a: Skeledirge|move: Leech Seed\n|\n|-damage|p2a: Skeledirge|88\/100|[from] Leech Seed|[of] p1a: Ferrothorn\n|-heal|p1a: Ferrothorn|100\/100|[silent]\n|upkeep\n|turn|5\n|\n|t:|1699747614\n|move|p1a: Ferrothorn|Protect|p1a: Ferrothorn\n|-singleturn|p1a: Ferrothorn|Protect\n|move|p2a: Skeledirge|Torch Song|p1a: Ferrothorn\n|-activate|p1a: Ferrothorn|move: Protect\n|\n|-damage|p2a: Skeledirge|76\/100|[from] Leech Seed|[of] p1a: Ferrothorn\n|-sideend|p1: oliotus|move: Light Screen\n|upkeep\n|turn|6\n|\n|t:|1699747621\n|-terastallize|p1a: Ferrothorn|Fire\n|move|p2a: Skeledirge|Torch Song|p1a: Ferrothorn\n|-resisted|p1a: Ferrothorn\n|-damage|p1a: Ferrothorn|85\/100\n|-boost|p2a: Skeledirge|spa|1\n|move|p1a: Ferrothorn|Knock Off|p2a: Skeledirge\n|-supereffective|p2a: Skeledirge\n|-crit|p2a: Skeledirge\n|-damage|p2a: Skeledirge|30\/100\n|-damage|p1a: Ferrothorn|69\/100|[from] item: Rocky Helmet|[of] p2a: Skeledirge\n|-enditem|p2a: Skeledirge|Rocky Helmet|[from] move: Knock Off|[of] p1a: Ferrothorn\n|\n|-damage|p2a: Skeledirge|18\/100|[from] Leech Seed|[of] p1a: Ferrothorn\n|-heal|p1a: Ferrothorn|81\/100|[silent]\n|upkeep\n|turn|7\n|\n|t:|1699747632\n|move|p2a: Skeledirge|Slack Off|p2a: Skeledirge\n|-heal|p2a: Skeledirge|68\/100\n|move|p1a: Ferrothorn|Knock Off|p2a: Skeledirge\n|-supereffective|p2a: Skeledirge\n|-damage|p2a: Skeledirge|47\/100\n|\n|-damage|p2a: Skeledirge|34\/100|[from] Leech Seed|[of] p1a: Ferrothorn\n|-heal|p1a: Ferrothorn|93\/100|[silent]\n|upkeep\n|turn|8\n|\n|t:|1699747637\n|move|p2a: Skeledirge|Slack Off|p2a: Skeledirge\n|-heal|p2a: Skeledirge|85\/100\n|move|p1a: Ferrothorn|Knock Off|p2a: Skeledirge\n|-supereffective|p2a: Skeledirge\n|-damage|p2a: Skeledirge|63\/100\n|\n|-damage|p2a: Skeledirge|51\/100|[from] Leech Seed|[of] p1a: Ferrothorn\n|-heal|p1a: Ferrothorn|100\/100|[silent]\n|upkeep\n|turn|9\n|\n|t:|1699747646\n|move|p2a: Skeledirge|Slack Off|p2a: Skeledirge\n|-heal|p2a: Skeledirge|100\/100\n|move|p1a: Ferrothorn|Knock Off|p2a: Skeledirge\n|-supereffective|p2a: Skeledirge\n|-damage|p2a: Skeledirge|82\/100\n|\n|-damage|p2a: Skeledirge|69\/100|[from] Leech Seed|[of] p1a: Ferrothorn\n|upkeep\n|turn|10\n|\n|t:|1699747663\n|switch|p2a: Dragonite|Dragonite, F|100\/100\n|move|p1a: Ferrothorn|Protect||[still]\n|-fail|p1a: Ferrothorn\n|\n|upkeep\n|turn|11\n|\n|t:|1699747667\n|move|p2a: Dragonite|Earthquake|p1a: Ferrothorn\n|-supereffective|p1a: Ferrothorn\n|-damage|p1a: Ferrothorn|59\/100\n|move|p1a: Ferrothorn|Leech Seed|p2a: Dragonite\n|-start|p2a: Dragonite|move: Leech Seed\n|\n|-damage|p2a: Dragonite|88\/100|[from] Leech Seed|[of] p1a: Ferrothorn\n|-heal|p1a: Ferrothorn|70\/100|[silent]\n|upkeep\n|turn|12\n|\n|t:|1699747673\n|move|p1a: Ferrothorn|Protect|p1a: Ferrothorn\n|-singleturn|p1a: Ferrothorn|Protect\n|move|p2a: Dragonite|Dragon Dance|p2a: Dragonite\n|-boost|p2a: Dragonite|atk|1\n|-boost|p2a: Dragonite|spe|1\n|\n|-damage|p2a: Dragonite|76\/100|[from] Leech Seed|[of] p1a: Ferrothorn\n|-heal|p1a: Ferrothorn|82\/100|[silent]\n|upkeep\n|turn|13\n|\n|t:|1699747679\n|switch|p1a: Zapdos|Zapdos|100\/100\n|move|p2a: Dragonite|Dragon Dance|p2a: Dragonite\n|-boost|p2a: Dragonite|atk|1\n|-boost|p2a: Dragonite|spe|1\n|\n|-damage|p2a: Dragonite|63\/100|[from] Leech Seed|[of] p1a: Zapdos\n|upkeep\n|turn|14\n|\n|t:|1699747689\n|move|p1a: Zapdos|Protect|p1a: Zapdos\n|-singleturn|p1a: Zapdos|Protect\n|move|p2a: Dragonite|Dragon Claw|p1a: Zapdos\n|-activate|p1a: Zapdos|move: Protect\n|\n|-damage|p2a: Dragonite|51\/100|[from] Leech Seed|[of] p1a: Zapdos\n|upkeep\n|turn|15\n|\n|t:|1699747694\n|move|p2a: Dragonite|Dragon Claw|p1a: Zapdos\n|-damage|p1a: Zapdos|7\/100\n|-damage|p2a: Dragonite|35\/100|[from] item: Rocky Helmet|[of] p1a: Zapdos\n|move|p1a: Zapdos|Discharge|p2a: Dragonite\n|-damage|p2a: Dragonite|0 fnt\n|faint|p2a: Dragonite\n|\n|upkeep\n|\n|t:|1699747709\n|switch|p2a: Greninja|Greninja, M|65\/100 psn\n|turn|16\n|\n|t:|1699747724\n|move|p2a: Greninja|Ice Beam|p1a: Zapdos\n|-supereffective|p1a: Zapdos\n|-damage|p1a: Zapdos|0 fnt\n|faint|p1a: Zapdos\n|-ability|p2a: Greninja|Battle Bond|boost\n|-boost|p2a: Greninja|atk|1\n|-boost|p2a: Greninja|spa|1\n|-boost|p2a: Greninja|spe|1\n|-activate|p2a: Greninja|ability: Battle Bond\n|\n|-damage|p2a: Greninja|53\/100 psn|[from] psn\n|upkeep\n|\n|t:|1699747729\n|switch|p1a: Ferrothorn|Ferrothorn, M, tera:Fire|82\/100\n|turn|17\n|\n|t:|1699747733\n|move|p1a: Ferrothorn|Protect|p1a: Ferrothorn\n|-singleturn|p1a: Ferrothorn|Protect\n|move|p2a: Greninja|Water Shuriken|p1a: Ferrothorn\n|-activate|p1a: Ferrothorn|move: Protect\n|\n|-damage|p2a: Greninja|41\/100 psn|[from] psn\n|upkeep\n|turn|18\n|\n|t:|1699747741\n|switch|p1a: Greninja|Greninja, M|100\/100\n|move|p2a: Greninja|Water Shuriken|p1a: Greninja\n|-resisted|p1a: Greninja\n|-crit|p1a: Greninja\n|-damage|p1a: Greninja|89\/100\n|-resisted|p1a: Greninja\n|-damage|p1a: Greninja|81\/100\n|-resisted|p1a: Greninja\n|-damage|p1a: Greninja|72\/100\n|-resisted|p1a: Greninja\n|-damage|p1a: Greninja|64\/100\n|-hitcount|p1a: Greninja|4\n|\n|-damage|p2a: Greninja|29\/100 psn|[from] psn\n|upkeep\n|turn|19\n|\n|t:|1699747758\n|switch|p1a: Ferrothorn|Ferrothorn, M, tera:Fire|82\/100\n|-zpower|p2a: Greninja\n|move|p2a: Greninja|Black Hole Eclipse|p1a: Ferrothorn|[zeffect]\n|-damage|p1a: Ferrothorn|0 fnt\n|faint|p1a: Ferrothorn\n|\n|-damage|p2a: Greninja|16\/100 psn|[from] psn\n|upkeep\n|\n|t:|1699747767\n|switch|p1a: Dragonite|Dragonite, M|100\/100\n|turn|20\n|\n|t:|1699747771\n|move|p1a: Dragonite|Extreme Speed|p2a: Greninja\n|-damage|p2a: Greninja|0 fnt\n|faint|p2a: Greninja\n|-damage|p1a: Dragonite|91\/100|[from] item: Life Orb\n|\n|upkeep\n|\n|t:|1699747778\n|switch|p2a: Hatterene|Hatterene, F|100\/100\n|turn|21\n|\n|t:|1699747785\n|switch|p1a: Greninja|Greninja, M|64\/100\n|move|p2a: Hatterene|Dazzling Gleam|p1a: Greninja\n|-supereffective|p1a: Greninja\n|-damage|p1a: Greninja|0 fnt\n|faint|p1a: Greninja\n|\n|upkeep\n|\n|t:|1699747796\n|switch|p1a: Glimmora|Glimmora, F|76\/100\n|turn|22\n|\n|t:|1699747798\n|move|p1a: Glimmora|Light Screen|p1a: Glimmora\n|-sidestart|p1: oliotus|move: Light Screen\n|move|p2a: Hatterene|Psychic|p1a: Glimmora\n|-supereffective|p1a: Glimmora\n|-damage|p1a: Glimmora|15\/100\n|\n|upkeep\n|turn|23\n|\n|t:|1699747810\n|move|p1a: Glimmora|Mortal Spin|p2a: Hatterene\n|-supereffective|p2a: Hatterene\n|-damage|p2a: Hatterene|87\/100\n|-status|p2a: Hatterene|psn\n|move|p2a: Hatterene|Psychic|p1a: Glimmora\n|-supereffective|p1a: Glimmora\n|-damage|p1a: Glimmora|0 fnt\n|faint|p1a: Glimmora\n|\n|-heal|p2a: Hatterene|93\/100 psn|[from] item: Leftovers\n|-damage|p2a: Hatterene|80\/100 psn|[from] psn\n|upkeep\n|\n|t:|1699747814\n|switch|p1a: Clefable|Clefable, M|100\/100\n|turn|24\n|\n|t:|1699747827\n|move|p1a: Clefable|Cosmic Power|p1a: Clefable\n|-boost|p1a: Clefable|def|1\n|-boost|p1a: Clefable|spd|1\n|move|p2a: Hatterene|Calm Mind|p2a: Hatterene\n|-boost|p2a: Hatterene|spa|1\n|-boost|p2a: Hatterene|spd|1\n|\n|-heal|p2a: Hatterene|86\/100 psn|[from] item: Leftovers\n|-damage|p2a: Hatterene|74\/100 psn|[from] psn\n|upkeep\n|turn|25\n|\n|t:|1699747834\n|move|p1a: Clefable|Calm Mind|p1a: Clefable\n|-boost|p1a: Clefable|spa|1\n|-boost|p1a: Clefable|spd|1\n|move|p2a: Hatterene|Calm Mind|p2a: Hatterene\n|-boost|p2a: Hatterene|spa|1\n|-boost|p2a: Hatterene|spd|1\n|\n|-heal|p2a: Hatterene|80\/100 psn|[from] item: Leftovers\n|-damage|p2a: Hatterene|68\/100 psn|[from] psn\n|upkeep\n|turn|26\n|\n|t:|1699747844\n|-terastallize|p2a: Hatterene|Psychic\n|move|p1a: Clefable|Cosmic Power|p1a: Clefable\n|-boost|p1a: Clefable|def|1\n|-boost|p1a: Clefable|spd|1\n|move|p2a: Hatterene|Psychic|p1a: Clefable\n|-damage|p1a: Clefable|87\/100\n|\n|-heal|p1a: Clefable|93\/100|[from] item: Leftovers\n|-heal|p2a: Hatterene|74\/100 psn|[from] item: Leftovers\n|-damage|p2a: Hatterene|62\/100 psn|[from] psn\n|-sideend|p1: oliotus|move: Light Screen\n|upkeep\n|turn|27\n|\n|t:|1699747856\n|move|p1a: Clefable|Calm Mind|p1a: Clefable\n|-boost|p1a: Clefable|spa|1\n|-boost|p1a: Clefable|spd|1\n|move|p2a: Hatterene|Calm Mind|p2a: Hatterene\n|-boost|p2a: Hatterene|spa|1\n|-boost|p2a: Hatterene|spd|1\n|\n|-heal|p1a: Clefable|99\/100|[from] item: Leftovers\n|-heal|p2a: Hatterene|67\/100 psn|[from] item: Leftovers\n|-damage|p2a: Hatterene|55\/100 psn|[from] psn\n|upkeep\n|turn|28\n|\n|t:|1699747862\n|move|p1a: Clefable|Cosmic Power|p1a: Clefable\n|-boost|p1a: Clefable|def|1\n|-boost|p1a: Clefable|spd|1\n|move|p2a: Hatterene|Psychic|p1a: Clefable\n|-damage|p1a: Clefable|79\/100\n|\n|-heal|p1a: Clefable|85\/100|[from] item: Leftovers\n|-heal|p2a: Hatterene|61\/100 psn|[from] item: Leftovers\n|-damage|p2a: Hatterene|49\/100 psn|[from] psn\n|upkeep\n|turn|29\n|\n|t:|1699747871\n|move|p1a: Clefable|Cosmic Power|p1a: Clefable\n|-boost|p1a: Clefable|def|1\n|-boost|p1a: Clefable|spd|1\n|move|p2a: Hatterene|Calm Mind|p2a: Hatterene\n|-boost|p2a: Hatterene|spa|1\n|-boost|p2a: Hatterene|spd|1\n|\n|-heal|p1a: Clefable|91\/100|[from] item: Leftovers\n|-heal|p2a: Hatterene|55\/100 psn|[from] item: Leftovers\n|-damage|p2a: Hatterene|43\/100 psn|[from] psn\n|upkeep\n|turn|30\n|\n|t:|1699747880\n|move|p1a: Clefable|Calm Mind|p1a: Clefable\n|-boost|p1a: Clefable|spa|1\n|-boost|p1a: Clefable|spd|0\n|move|p2a: Hatterene|Calm Mind|p2a: Hatterene\n|-boost|p2a: Hatterene|spa|1\n|-boost|p2a: Hatterene|spd|1\n|\n|-heal|p1a: Clefable|97\/100|[from] item: Leftovers\n|-heal|p2a: Hatterene|49\/100 psn|[from] item: Leftovers\n|-damage|p2a: Hatterene|36\/100 psn|[from] psn\n|upkeep\n|turn|31\n|\n|t:|1699747885\n|move|p1a: Clefable|Calm Mind|p1a: Clefable\n|-boost|p1a: Clefable|spa|1\n|-boost|p1a: Clefable|spd|0\n|move|p2a: Hatterene|Calm Mind|p2a: Hatterene\n|-boost|p2a: Hatterene|spa|1\n|-boost|p2a: Hatterene|spd|1\n|\n|-heal|p1a: Clefable|100\/100|[from] item: Leftovers\n|-heal|p2a: Hatterene|42\/100 psn|[from] item: Leftovers\n|-damage|p2a: Hatterene|30\/100 psn|[from] psn\n|upkeep\n|turn|32\n|\n|t:|1699747894\n|move|p1a: Clefable|Cosmic Power|p1a: Clefable\n|-boost|p1a: Clefable|def|1\n|-boost|p1a: Clefable|spd|0\n|move|p2a: Hatterene|Psychic|p1a: Clefable\n|-damage|p1a: Clefable|84\/100\n|\n|-heal|p1a: Clefable|90\/100|[from] item: Leftovers\n|-heal|p2a: Hatterene|36\/100 psn|[from] item: Leftovers\n|-damage|p2a: Hatterene|24\/100 psn|[from] psn\n|upkeep\n|turn|33\n|c|\u2606oliotus|gg\n|inactive|Battle timer is ON: inactive players will automatically lose when time's up. (requested by oliotus)\n|\n|t:|1699747911\n|move|p1a: Clefable|Draining Kiss|p2a: Hatterene\n|-damage|p2a: Hatterene|0 fnt\n|-heal|p1a: Clefable|100\/100|[from] drain|[of] p2a: Hatterene\n|faint|p2a: Hatterene\n|\n|upkeep\n|\n|t:|1699747927\n|switch|p2a: Clodsire|Clodsire, M|100\/100\n|turn|34\n|\n|t:|1699747931\n|move|p1a: Clefable|Stored Power|p2a: Clodsire\n|-supereffective|p2a: Clodsire\n|-damage|p2a: Clodsire|30\/100\n|move|p2a: Clodsire|Toxic|p1a: Clefable\n|-status|p1a: Clefable|tox\n|\n|-heal|p2a: Clodsire|36\/100|[from] item: Black Sludge\n|-damage|p1a: Clefable|94\/100 tox|[from] psn\n|upkeep\n|turn|35\n|\n|t:|1699747940\n|move|p1a: Clefable|Stored Power|p2a: Clodsire\n|-supereffective|p2a: Clodsire\n|-damage|p2a: Clodsire|0 fnt\n|faint|p2a: Clodsire\n|\n|-heal|p1a: Clefable|100\/100 tox|[from] item: Leftovers\n|-damage|p1a: Clefable|88\/100 tox|[from] psn\n|upkeep\n|\n|t:|1699747949\n|switch|p2a: Skeledirge|Skeledirge, M|69\/100\n|turn|36\n|\n|t:|1699747962\n|move|p2a: Skeledirge|Hex|p1a: Clefable\n|-damage|p1a: Clefable|29\/100 tox\n|move|p1a: Clefable|Stored Power|p2a: Skeledirge\n|-damage|p2a: Skeledirge|0 fnt\n|faint|p2a: Skeledirge\n|\n|-heal|p1a: Clefable|35\/100 tox|[from] item: Leftovers\n|-damage|p1a: Clefable|17\/100 tox|[from] psn\n|upkeep\n|\n|t:|1699747971\n|switch|p2a: Venusaur|Venusaur, M|100\/100\n|turn|37\n|\n|t:|1699747974\n|detailschange|p2a: Venusaur|Venusaur-Mega, M\n|-mega|p2a: Venusaur|Venusaur|Venusaurite\n|move|p2a: Venusaur|Synthesis|p2a: Venusaur\n|-fail|p2a: Venusaur|heal\n|move|p1a: Clefable|Stored Power|p2a: Venusaur\n|-supereffective|p2a: Venusaur\n|-damage|p2a: Venusaur|0 fnt\n|faint|p2a: Venusaur\n|\n|win|oliotus\n|raw|oliotus's rating: 1318 &rarr; <strong>1342<\/strong><br \/>(+24 for winning)\n|raw|polaaar's rating: 1381 &rarr; <strong>1357<\/strong><br \/>(-24 for losing)\n|c|\u2606oliotus|:)\n|c|\u2606polaaar|send me\n|c|\u2606polaaar|the moveset\n|c|\u2606polaaar|of clefable\n|c|\u2606polaaar|pls\n","uploadtime":1699748210,"views":4,"p1id":"oliotus","p2id":"polaaar","formatid":"gen9nationaldex","rating":1342,"private":0,"password":""}