{"id":"gen9nationaldex-1987457482","p1":"FlyingSudowoodo","p2":"not_kastadiva","format":"[Gen 9] National Dex","log":"|j|\u2606FlyingSudowoodo\n|j|\u2606not_kastadiva\n|t:|1699594576\n|gametype|singles\n|player|p1|FlyingSudowoodo|cheren|1473\n|player|p2|not_kastadiva|1|1353\n|teamsize|p1|6\n|teamsize|p2|6\n|gen|9\n|tier|[Gen 9] National Dex\n|rated|\n|rule|HP Percentage Mod: HP is shown in percentages\n|rule|Endless Battle Clause: Forcing endless battles is banned\n|rule|OHKO Clause: OHKO moves are banned\n|rule|Evasion Clause: Evasion abilities, items, and moves are banned\n|rule|Evasion Abilities Clause: Evasion abilities are banned\n|rule|Evasion Items Clause: Evasion items are banned\n|rule|Evasion Moves Clause: Evasion moves are banned\n|rule|Species Clause: Limit one of each Pok\u00e9mon\n|rule|Sleep Clause Mod: Limit one foe put to sleep\n|clearpoke\n|poke|p1|Pelipper, F|\n|poke|p1|Corviknight, M|\n|poke|p1|Gliscor, M|\n|poke|p1|Talonflame, M|\n|poke|p1|Zapdos|\n|poke|p1|Enamorus, F|\n|poke|p2|Ursaluna, M|\n|poke|p2|Hatterene, F|\n|poke|p2|Hoopa-Unbound|\n|poke|p2|Sinistcha-Masterpiece|\n|poke|p2|Iron Hands|\n|poke|p2|Drampa, M|\n|teampreview\n|inactive|Battle timer is ON: inactive players will automatically lose when time's up. (requested by FlyingSudowoodo)\n|\n|t:|1699594588\n|start\n|switch|p1a: Gliscor|Gliscor, M, shiny|100\/100\n|switch|p2a: Hatterene|Hatterene, F|100\/100\n|turn|1\n|\n|t:|1699594595\n|move|p1a: Gliscor|Earthquake|p2a: Hatterene\n|-damage|p2a: Hatterene|66\/100\n|move|p2a: Hatterene|Trick|p1a: Gliscor\n|-activate|p2a: Hatterene|move: Trick|[of] p1a: Gliscor\n|-item|p1a: Gliscor|Focus Sash|[from] move: Trick\n|-item|p2a: Hatterene|Toxic Orb|[from] move: Trick\n|\n|-status|p2a: Hatterene|tox|[from] item: Toxic Orb\n|upkeep\n|turn|2\n|\n|t:|1699594612\n|switch|p1a: Corviknight|Corviknight, M, shiny|100\/100\n|switch|p2a: Sinistcha|Sinistcha-Masterpiece|100\/100\n|\n|upkeep\n|turn|3\n|\n|t:|1699594618\n|move|p1a: Corviknight|U-turn|p2a: Sinistcha\n|-damage|p2a: Sinistcha|90\/100\n|-damage|p1a: Corviknight|84\/100|[from] item: Rocky Helmet|[of] p2a: Sinistcha\n|\n|t:|1699594626\n|switch|p1a: Pelipper|Pelipper, F|100\/100|[from] U-turn\n|-weather|RainDance|[from] ability: Drizzle|[of] p1a: Pelipper\n|move|p2a: Sinistcha|Trick Room|p2a: Sinistcha\n|-fieldstart|move: Trick Room|[of] p2a: Sinistcha\n|\n|-weather|RainDance|[upkeep]\n|upkeep\n|turn|4\n|\n|t:|1699594636\n|switch|p2a: Drampa|Drampa, M|100\/100\n|move|p1a: Pelipper|Hurricane|p2a: Drampa\n|-damage|p2a: Drampa|63\/100\n|-start|p2a: Drampa|confusion\n|\n|-weather|RainDance|[upkeep]\n|upkeep\n|turn|5\n|\n|t:|1699594646\n|switch|p1a: Enamorus|Enamorus, F|100\/100\n|-activate|p2a: Drampa|confusion\n|move|p2a: Drampa|Hyper Voice|p1a: Enamorus\n|-damage|p1a: Enamorus|31\/100\n|-enditem|p2a: Drampa|Throat Spray\n|-boost|p2a: Drampa|spa|1|[from] item: Throat Spray\n|\n|-weather|RainDance|[upkeep]\n|upkeep\n|turn|6\n|\n|t:|1699594673\n|switch|p1a: Corviknight|Corviknight, M, shiny|84\/100\n|-end|p2a: Drampa|confusion\n|move|p2a: Drampa|Hyper Voice|p1a: Corviknight\n|-resisted|p1a: Corviknight\n|-damage|p1a: Corviknight|43\/100\n|\n|-weather|RainDance|[upkeep]\n|upkeep\n|turn|7\n|\n|t:|1699594684\n|move|p2a: Drampa|Surf|p1a: Corviknight\n|-damage|p1a: Corviknight|0 fnt\n|faint|p1a: Corviknight\n|\n|-weather|RainDance|[upkeep]\n|-fieldend|move: Trick Room\n|upkeep\n|\n|t:|1699594690\n|switch|p1a: Enamorus|Enamorus, F|31\/100\n|turn|8\n|\n|t:|1699594704\n|move|p1a: Enamorus|Moonblast|p2a: Drampa\n|-supereffective|p2a: Drampa\n|-damage|p2a: Drampa|0 fnt\n|faint|p2a: Drampa\n|-damage|p1a: Enamorus|21\/100|[from] item: Life Orb\n|\n|-weather|RainDance|[upkeep]\n|upkeep\n|\n|t:|1699594707\n|switch|p2a: Hatterene|Hatterene, F|66\/100 tox\n|turn|9\n|\n|t:|1699594719\n|move|p1a: Enamorus|Moonblast|p2a: Hatterene\n|-crit|p2a: Hatterene\n|-damage|p2a: Hatterene|0 fnt\n|faint|p2a: Hatterene\n|-damage|p1a: Enamorus|11\/100|[from] item: Life Orb\n|\n|-weather|RainDance|[upkeep]\n|upkeep\n|\n|t:|1699594729\n|switch|p2a: Sinistcha|Sinistcha-Masterpiece|90\/100\n|turn|10\n|\n|t:|1699594734\n|move|p1a: Enamorus|Moonblast|p2a: Sinistcha\n|-damage|p2a: Sinistcha|14\/100\n|-unboost|p2a: Sinistcha|spa|1\n|-damage|p1a: Enamorus|2\/100|[from] item: Life Orb\n|move|p2a: Sinistcha|Trick Room|p2a: Sinistcha\n|-fieldstart|move: Trick Room|[of] p2a: Sinistcha\n|\n|-weather|none\n|upkeep\n|turn|11\n|\n|t:|1699594751\n|switch|p1a: Gliscor|Gliscor, M, shiny|100\/100\n|move|p2a: Sinistcha|Substitute|p2a: Sinistcha\n|-fail|p2a: Sinistcha|move: Substitute|[weak]\n|\n|upkeep\n|turn|12\n|\n|t:|1699594759\n|move|p2a: Sinistcha|Matcha Gotcha|p1a: Gliscor\n|-damage|p1a: Gliscor|83\/100\n|-heal|p2a: Sinistcha|23\/100|[from] drain|[of] p1a: Gliscor\n|-status|p1a: Gliscor|brn\n|move|p1a: Gliscor|Stealth Rock|p2a: Sinistcha\n|-sidestart|p2: not_kastadiva|move: Stealth Rock\n|\n|-damage|p1a: Gliscor|77\/100 brn|[from] brn\n|upkeep\n|turn|13\n|\n|t:|1699594769\n|move|p2a: Sinistcha|Nasty Plot|p2a: Sinistcha\n|-boost|p2a: Sinistcha|spa|2\n|move|p1a: Gliscor|Earthquake|p2a: Sinistcha\n|-resisted|p2a: Sinistcha\n|-damage|p2a: Sinistcha|18\/100\n|\n|-damage|p1a: Gliscor|71\/100 brn|[from] brn\n|upkeep\n|turn|14\n|\n|t:|1699594776\n|move|p2a: Sinistcha|Matcha Gotcha|p1a: Gliscor\n|-damage|p1a: Gliscor|30\/100 brn\n|-heal|p2a: Sinistcha|38\/100|[from] drain|[of] p1a: Gliscor\n|move|p1a: Gliscor|Taunt|p2a: Sinistcha\n|-start|p2a: Sinistcha|move: Taunt\n|\n|-damage|p1a: Gliscor|24\/100 brn|[from] brn\n|-fieldend|move: Trick Room\n|upkeep\n|turn|15\n|\n|t:|1699594788\n|switch|p1a: Zapdos|Zapdos|100\/100\n|move|p2a: Sinistcha|Matcha Gotcha|p1a: Zapdos\n|-resisted|p1a: Zapdos\n|-damage|p1a: Zapdos|73\/100\n|-heal|p2a: Sinistcha|52\/100|[from] drain|[of] p1a: Zapdos\n|\n|upkeep\n|turn|16\n|\n|t:|1699594797\n|-zpower|p1a: Zapdos\n|move|p1a: Zapdos|Supersonic Skystrike|p2a: Sinistcha|[zeffect]\n|-supereffective|p2a: Sinistcha\n|-damage|p2a: Sinistcha|0 fnt\n|faint|p2a: Sinistcha\n|\n|upkeep\n|\n|t:|1699594804\n|switch|p2a: Hoopa|Hoopa-Unbound|100\/100\n|-damage|p2a: Hoopa|88\/100|[from] Stealth Rock\n|turn|17\n|\n|t:|1699594812\n|switch|p1a: Gliscor|Gliscor, M, shiny|24\/100 brn\n|move|p2a: Hoopa|Trick Room|p2a: Hoopa\n|-fieldstart|move: Trick Room|[of] p2a: Hoopa\n|\n|-damage|p1a: Gliscor|18\/100 brn|[from] brn\n|upkeep\n|turn|18\n|\n|t:|1699594819\n|move|p2a: Hoopa|Hyperspace Fury|p1a: Gliscor\n|-damage|p1a: Gliscor|0 fnt\n|-unboost|p2a: Hoopa|def|1\n|-enditem|p2a: Hoopa|Eject Pack\n|faint|p1a: Gliscor\n|\n|t:|1699594829\n|switch|p2a: Iron Hands|Iron Hands|100\/100\n|-damage|p2a: Iron Hands|94\/100|[from] Stealth Rock\n|-enditem|p2a: Iron Hands|Booster Energy\n|-activate|p2a: Iron Hands|ability: Quark Drive|[fromitem]\n|-start|p2a: Iron Hands|quarkdriveatk\n|\n|upkeep\n|\n|t:|1699594837\n|switch|p1a: Pelipper|Pelipper, F|100\/100\n|-weather|RainDance|[from] ability: Drizzle|[of] p1a: Pelipper\n|turn|19\n|\n|t:|1699594842\n|-terastallize|p1a: Pelipper|Ground\n|move|p2a: Iron Hands|Wild Charge|p1a: Pelipper\n|-immune|p1a: Pelipper\n|move|p1a: Pelipper|Hurricane|p2a: Iron Hands\n|-damage|p2a: Iron Hands|61\/100\n|\n|-weather|RainDance|[upkeep]\n|upkeep\n|turn|20\n|\n|t:|1699594852\n|move|p2a: Iron Hands|Ice Punch|p1a: Pelipper\n|-supereffective|p1a: Pelipper\n|-damage|p1a: Pelipper|41\/100\n|move|p1a: Pelipper|Scald|p2a: Iron Hands\n|-damage|p2a: Iron Hands|22\/100\n|-status|p2a: Iron Hands|brn\n|\n|-weather|RainDance|[upkeep]\n|-damage|p2a: Iron Hands|16\/100 brn|[from] brn\n|upkeep\n|turn|21\n|\n|t:|1699594864\n|move|p2a: Iron Hands|Ice Punch|p1a: Pelipper\n|-supereffective|p1a: Pelipper\n|-damage|p1a: Pelipper|12\/100\n|move|p1a: Pelipper|Roost|p1a: Pelipper\n|-heal|p1a: Pelipper|62\/100\n|\n|-weather|RainDance|[upkeep]\n|-damage|p2a: Iron Hands|9\/100 brn|[from] brn\n|-fieldend|move: Trick Room\n|upkeep\n|turn|22\n|\n|t:|1699594874\n|move|p1a: Pelipper|Roost|p1a: Pelipper\n|-heal|p1a: Pelipper|100\/100\n|move|p2a: Iron Hands|Ice Punch|p1a: Pelipper\n|-supereffective|p1a: Pelipper\n|-damage|p1a: Pelipper|70\/100\n|\n|-weather|RainDance|[upkeep]\n|-damage|p2a: Iron Hands|3\/100 brn|[from] brn\n|upkeep\n|turn|23\n|\n|t:|1699594882\n|move|p1a: Pelipper|U-turn|p2a: Iron Hands\n|-resisted|p2a: Iron Hands\n|-damage|p2a: Iron Hands|0 fnt\n|faint|p2a: Iron Hands\n|-end|p2a: Iron Hands|Quark Drive|[silent]\n|\n|t:|1699594886\n|switch|p1a: Enamorus|Enamorus, F|2\/100|[from] U-turn\n|\n|-weather|RainDance|[upkeep]\n|upkeep\n|\n|t:|1699594901\n|switch|p2a: Ursaluna|Ursaluna, M|100\/100\n|-damage|p2a: Ursaluna|94\/100|[from] Stealth Rock\n|turn|24\n|\n|t:|1699594909\n|move|p1a: Enamorus|Weather Ball|p2a: Ursaluna\n|-supereffective|p2a: Ursaluna\n|-damage|p2a: Ursaluna|0 fnt\n|faint|p2a: Ursaluna\n|-damage|p1a: Enamorus|0 fnt|[from] item: Life Orb\n|faint|p1a: Enamorus\n|\n|-weather|RainDance|[upkeep]\n|upkeep\n|\n|t:|1699594918\n|switch|p1a: Talonflame|Talonflame, M, shiny|100\/100\n|switch|p2a: Hoopa|Hoopa-Unbound|88\/100\n|-damage|p2a: Hoopa|76\/100|[from] Stealth Rock\n|turn|25\n|\n|t:|1699594927\n|move|p2a: Hoopa|Protect|p2a: Hoopa\n|-singleturn|p2a: Hoopa|Protect\n|move|p1a: Talonflame|Hurricane|p2a: Hoopa\n|-activate|p2a: Hoopa|move: Protect\n|\n|-weather|RainDance|[upkeep]\n|upkeep\n|turn|26\n|\n|t:|1699594936\n|-terastallize|p2a: Hoopa|Ice\n|move|p1a: Talonflame|Hurricane|p2a: Hoopa\n|-damage|p2a: Hoopa|45\/100\n|-start|p2a: Hoopa|confusion\n|-activate|p2a: Hoopa|confusion\n|move|p2a: Hoopa|Trick Room|p2a: Hoopa\n|-fieldstart|move: Trick Room|[of] p2a: Hoopa\n|\n|-weather|none\n|upkeep\n|turn|27\n|\n|t:|1699594945\n|move|p1a: Talonflame|Hurricane|p2a: Hoopa\n|-damage|p2a: Hoopa|13\/100\n|-end|p2a: Hoopa|confusion\n|move|p2a: Hoopa|Hyperspace Fury|p1a: Talonflame\n|-damage|p1a: Talonflame|2\/100\n|-unboost|p2a: Hoopa|def|1\n|-item|p2a: Hoopa|Heavy-Duty Boots|[from] ability: Magician|[of] p1a: Talonflame\n|\n|upkeep\n|turn|28\n|\n|t:|1699594958\n|move|p2a: Hoopa|Hyperspace Fury|p1a: Talonflame\n|-damage|p1a: Talonflame|0 fnt\n|-unboost|p2a: Hoopa|def|1\n|faint|p1a: Talonflame\n|\n|upkeep\n|\n|t:|1699594963\n|switch|p1a: Pelipper|Pelipper, F, tera:Ground|70\/100\n|-weather|RainDance|[from] ability: Drizzle|[of] p1a: Pelipper\n|turn|29\n|\n|t:|1699594967\n|move|p2a: Hoopa|Ice Punch|p1a: Pelipper\n|-supereffective|p1a: Pelipper\n|-damage|p1a: Pelipper|5\/100\n|move|p1a: Pelipper|U-turn|p2a: Hoopa\n|-damage|p2a: Hoopa|0 fnt\n|faint|p2a: Hoopa\n|\n|win|FlyingSudowoodo\n|raw|FlyingSudowoodo's rating: 1473 &rarr; <strong>1486<\/strong><br \/>(+13 for winning)\n|raw|not_kastadiva's rating: 1353 &rarr; <strong>1340<\/strong><br \/>(-13 for losing)\n|l|\u2606not_kastadiva\n","uploadtime":1699594975,"views":4,"p1id":"flyingsudowoodo","p2id":"notkastadiva","formatid":"gen9nationaldex","rating":1340,"private":0,"password":""}