{"id":"gen9nationaldex-1997737114","p1":"KingFlux","p2":"stickiestboi","format":"[Gen 9] National Dex","log":"|html|<div class=\"broadcast-blue\"><strong>[Gen 9] National Dex is currently suspecting Sneasler! For information on how to participate check out the <a href=\"https:\/\/www.smogon.com\/forums\/threads\/sv-national-dex-suspect-8-just-dance.3731534\/\">suspect thread<\/a>.<\/strong><\/div>\n|j|\u2606KingFlux\n|j|\u2606stickiestboi\n|t:|1700847293\n|gametype|singles\n|player|p1|KingFlux|cress|1105\n|player|p2|stickiestboi|acetrainer-gen4dp|1156\n|teamsize|p1|6\n|teamsize|p2|6\n|gen|9\n|tier|[Gen 9] National Dex\n|rated|\n|rule|HP Percentage Mod: HP is shown in percentages\n|rule|Endless Battle Clause: Forcing endless battles is banned\n|rule|OHKO Clause: OHKO moves are banned\n|rule|Evasion Clause: Evasion abilities, items, and moves are banned\n|rule|Evasion Abilities Clause: Evasion abilities are banned\n|rule|Evasion Items Clause: Evasion items are banned\n|rule|Evasion Moves Clause: Evasion moves are banned\n|rule|Species Clause: Limit one of each Pok\u00e9mon\n|rule|Sleep Clause Mod: Limit one foe put to sleep\n|clearpoke\n|poke|p1|Porygon-Z|\n|poke|p1|Blacephalon|\n|poke|p1|Gliscor, M|\n|poke|p1|Trevenant, F|\n|poke|p1|Dragonite, F|\n|poke|p1|Araquanid, M|\n|poke|p2|Breloom, F|\n|poke|p2|Gliscor, F|\n|poke|p2|Dragonite, F|\n|poke|p2|Thundurus-Therian, M|\n|poke|p2|Salamence, M|\n|poke|p2|Rotom-Wash|\n|teampreview\n|\n|t:|1700847300\n|start\n|switch|p1a: Dark Alien|Araquanid, M, shiny|100\/100\n|switch|p2a: Breloom|Breloom, F|100\/100\n|turn|1\n|\n|t:|1700847316\n|move|p2a: Breloom|Spore|p1a: Dark Alien\n|-status|p1a: Dark Alien|slp|[from] move: Spore\n|cant|p1a: Dark Alien|slp\n|\n|upkeep\n|turn|2\n|\n|t:|1700847320\n|move|p2a: Breloom|Swords Dance|p2a: Breloom\n|-boost|p2a: Breloom|atk|2\n|cant|p1a: Dark Alien|slp\n|\n|upkeep\n|turn|3\n|c|\u2606KingFlux|so basiic\n|\n|t:|1700847326\n|move|p2a: Breloom|Swords Dance|p2a: Breloom\n|-boost|p2a: Breloom|atk|2\n|cant|p1a: Dark Alien|slp\n|\n|upkeep\n|turn|4\n|c|\u2606stickiestboi|womp womp\n|\n|t:|1700847332\n|move|p2a: Breloom|Bullet Seed|p1a: Dark Alien\n|-damage|p1a: Dark Alien|40\/100 slp\n|-damage|p1a: Dark Alien|0 fnt\n|faint|p1a: Dark Alien\n|-hitcount|p1: Dark Alien|2\n|\n|upkeep\n|\n|t:|1700847342\n|switch|p1a: DiscoBall|Blacephalon, shiny|100\/100\n|turn|5\n|\n|t:|1700847350\n|move|p1a: DiscoBall|Flamethrower|p2a: Breloom\n|-supereffective|p2a: Breloom\n|-enditem|p2a: Breloom|Focus Sash\n|-damage|p2a: Breloom|1\/100\n|move|p2a: Breloom|Bullet Seed|p1a: DiscoBall\n|-resisted|p1a: DiscoBall\n|-damage|p1a: DiscoBall|44\/100\n|-resisted|p1a: DiscoBall\n|-damage|p1a: DiscoBall|0 fnt\n|faint|p1a: DiscoBall\n|-hitcount|p1: DiscoBall|2\n|\n|upkeep\n|\n|t:|1700847361\n|switch|p1a: Bush|Trevenant, F|100\/100\n|turn|6\n|\n|t:|1700847367\n|move|p2a: Breloom|Bullet Seed|p1a: Bush\n|-resisted|p1a: Bush\n|-damage|p1a: Bush|66\/100\n|-resisted|p1a: Bush\n|-damage|p1a: Bush|33\/100\n|-resisted|p1a: Bush\n|-damage|p1a: Bush|2\/100\n|-hitcount|p1a: Bush|3\n|move|p1a: Bush|Horn Leech|p2a: Breloom\n|-resisted|p2a: Breloom\n|-damage|p2a: Breloom|0 fnt\n|-heal|p1a: Bush|3\/100|[from] drain|[of] p2a: Breloom\n|faint|p2a: Breloom\n|\n|-heal|p1a: Bush|9\/100|[from] item: Leftovers\n|upkeep\n|\n|t:|1700847374\n|switch|p2a: Rotom|Rotom-Wash|100\/100\n|turn|7\n|\n|t:|1700847380\n|move|p2a: Rotom|Volt Switch|p1a: Bush\n|-resisted|p1a: Bush\n|-damage|p1a: Bush|0 fnt\n|faint|p1a: Bush\n|\n|t:|1700847390\n|switch|p2a: Gliscor|Gliscor, F|100\/100|[from] Volt Switch\n|\n|-status|p2a: Gliscor|tox|[from] item: Toxic Orb\n|upkeep\n|\n|t:|1700847396\n|switch|p1a: Big D|Dragonite, F|100\/100\n|turn|8\n|\n|t:|1700847405\n|move|p2a: Gliscor|U-turn|p1a: Big D\n|-resisted|p1a: Big D\n|-damage|p1a: Big D|96\/100\n|\n|t:|1700847413\n|switch|p2a: Salamence|Salamence, M|100\/100|[from] U-turn\n|-ability|p2a: Salamence|Intimidate|boost\n|-unboost|p1a: Big D|atk|1\n|move|p1a: Big D|Blizzard|p2a: Salamence|[miss]\n|-miss|p1a: Big D|p2a: Salamence\n|\n|upkeep\n|turn|9\n|c|\u2606KingFlux|ofc\n|c|\u2606KingFlux|miss\n|\n|t:|1700847423\n|move|p2a: Salamence|Draco Meteor|p1a: Big D|[miss]\n|-miss|p2a: Salamence|p1a: Big D\n|move|p1a: Big D|Blizzard|p2a: Salamence\n|-supereffective|p2a: Salamence\n|-damage|p2a: Salamence|3\/100\n|\n|upkeep\n|turn|10\n|c|\u2606KingFlux|he lived?\n|c|\u2606KingFlux|wtf?\n|c|\u2606stickiestboi|yea\n|\n|t:|1700847435\n|move|p2a: Salamence|Draco Meteor|p1a: Big D\n|-supereffective|p1a: Big D\n|-damage|p1a: Big D|0 fnt\n|-unboost|p2a: Salamence|spa|2\n|faint|p1a: Big D\n|\n|upkeep\n|\n|t:|1700847441\n|switch|p1a: Dracula|Gliscor, M|100\/100\n|turn|11\n|c|\u2606stickiestboi|assault vest\n|c|\u2606KingFlux|-.-\n|\n|t:|1700847448\n|move|p2a: Salamence|Stone Edge|p1a: Dracula\n|-damage|p1a: Dracula|75\/100\n|move|p1a: Dracula|Knock Off|p2a: Salamence\n|-crit|p2a: Salamence\n|-damage|p2a: Salamence|0 fnt\n|-enditem|p2a: Salamence|Assault Vest|[from] move: Knock Off|[of] p1a: Dracula\n|faint|p2a: Salamence\n|\n|-status|p1a: Dracula|tox|[from] item: Toxic Orb\n|upkeep\n|\n|t:|1700847459\n|switch|p2a: Rotom|Rotom-Wash|100\/100\n|turn|12\n|c|\u2606KingFlux|welp its gg\n|\n|t:|1700847467\n|move|p2a: Rotom|Trick|p1a: Dracula\n|-activate|p2a: Rotom|move: Trick|[of] p1a: Dracula\n|-item|p1a: Dracula|Choice Scarf|[from] move: Trick\n|-item|p2a: Rotom|Toxic Orb|[from] move: Trick\n|move|p1a: Dracula|Knock Off|p2a: Rotom\n|-damage|p2a: Rotom|69\/100\n|-enditem|p2a: Rotom|Toxic Orb|[from] move: Knock Off|[of] p1a: Dracula\n|\n|-heal|p1a: Dracula|88\/100 tox|[from] ability: Poison Heal\n|upkeep\n|turn|13\n|\n|t:|1700847474\n|move|p1a: Dracula|Knock Off|p2a: Rotom\n|-damage|p2a: Rotom|48\/100\n|move|p2a: Rotom|Hydro Pump|p1a: Dracula\n|-supereffective|p1a: Dracula\n|-damage|p1a: Dracula|0 fnt\n|faint|p1a: Dracula\n|\n|upkeep\n|\n|t:|1700847477\n|switch|p1a: Nile|Porygon-Z|100\/100\n|-ability|p1a: Nile|Download|boost\n|-boost|p1a: Nile|atk|1\n|turn|14\n|c|\u2606stickiestboi|yea gg\n|c|\u2606KingFlux|or...\n|\n|t:|1700847489\n|move|p2a: Rotom|Hydro Pump|p1a: Nile\n|-damage|p1a: Nile|41\/100\n|-zpower|p1a: Nile\n|move|p1a: Nile|Z-Conversion|p1a: Nile|[anim]Conversion\n|-boost|p1a: Nile|atk|1|[zeffect]\n|-boost|p1a: Nile|def|1|[zeffect]\n|-boost|p1a: Nile|spa|1|[zeffect]\n|-boost|p1a: Nile|spd|1|[zeffect]\n|-boost|p1a: Nile|spe|1|[zeffect]\n|-start|p1a: Nile|typechange|Psychic\n|\n|upkeep\n|turn|15\n|\n|t:|1700847500\n|move|p1a: Nile|Psychic|p2a: Rotom\n|-damage|p2a: Rotom|0 fnt\n|faint|p2a: Rotom\n|\n|upkeep\n|\n|t:|1700847505\n|switch|p2a: Thundurus|Thundurus-Therian, M|100\/100\n|turn|16\n|c|\u2606KingFlux|no its gg\n|\n|t:|1700847512\n|move|p1a: Nile|Protect|p1a: Nile\n|-singleturn|p1a: Nile|Protect\n|move|p2a: Thundurus|Volt Switch|p1a: Nile\n|-activate|p1a: Nile|move: Protect\n|\n|upkeep\n|turn|17\n|\n|t:|1700847526\n|move|p2a: Thundurus|Volt Switch|p1a: Nile\n|-damage|p1a: Nile|10\/100\n|\n|t:|1700847531\n|switch|p2a: Dragonite|Dragonite, F|100\/100|[from] Volt Switch\n|move|p1a: Nile|Dark Pulse|p2a: Dragonite\n|-damage|p2a: Dragonite|81\/100\n|\n|upkeep\n|turn|18\n|\n|t:|1700847538\n|move|p2a: Dragonite|Extreme Speed|p1a: Nile\n|-damage|p1a: Nile|0 fnt\n|faint|p1a: Nile\n|\n|win|stickiestboi\n|raw|KingFlux's rating: 1105 &rarr; <strong>1084<\/strong><br \/>(-21 for losing)\n|raw|stickiestboi's rating: 1156 &rarr; <strong>1177<\/strong><br \/>(+21 for winning)\n|c|\u2606stickiestboi|gg wp\n|c|\u2606KingFlux|gg\n|l|\u2606KingFlux\n","uploadtime":1700847717,"views":1,"p1id":"kingflux","p2id":"stickiestboi","formatid":"gen9nationaldex","rating":1084,"private":0,"password":""}