{"id":"gen9nationaldex-1997362375","p1":"Marcio 109","p2":"ksjsnsnsbsba","format":"[Gen 9] National Dex","log":"|html|<div class=\"broadcast-blue\"><strong>[Gen 9] National Dex is currently suspecting Sneasler! For information on how to participate check out the <a href=\"https:\/\/www.smogon.com\/forums\/threads\/sv-national-dex-suspect-8-just-dance.3731534\/\">suspect thread<\/a>.<\/strong><\/div>\n|j|\u2606Marcio 109\n|j|\u2606ksjsnsnsbsba\n|t:|1700794300\n|gametype|singles\n|player|p1|Marcio 109|swimmer-gen4dp|1232\n|player|p2|ksjsnsnsbsba|plasmagrunt|1133\n|teamsize|p1|6\n|teamsize|p2|6\n|gen|9\n|tier|[Gen 9] National Dex\n|rated|\n|rule|HP Percentage Mod: HP is shown in percentages\n|rule|Endless Battle Clause: Forcing endless battles is banned\n|rule|OHKO Clause: OHKO moves are banned\n|rule|Evasion Clause: Evasion abilities, items, and moves are banned\n|rule|Evasion Abilities Clause: Evasion abilities are banned\n|rule|Evasion Items Clause: Evasion items are banned\n|rule|Evasion Moves Clause: Evasion moves are banned\n|rule|Species Clause: Limit one of each Pok\u00e9mon\n|rule|Sleep Clause Mod: Limit one foe put to sleep\n|clearpoke\n|poke|p1|Blaziken, M|\n|poke|p1|Forretress, M|\n|poke|p1|Banette, M|\n|poke|p1|Bisharp, M|\n|poke|p1|Rillaboom, M|\n|poke|p1|Rotom-Wash|\n|poke|p2|Rillaboom, M|\n|poke|p2|Ogerpon-Wellspring, F|\n|poke|p2|Hydreigon, F|\n|poke|p2|Skeledirge, M|\n|poke|p2|Clodsire, M|\n|poke|p2|Corviknight, M|\n|teampreview\n|\n|t:|1700794307\n|start\n|switch|p1a: Armadilha|Forretress, M|100\/100\n|switch|p2a: Bugcatcher|Rillaboom, M|100\/100\n|-fieldstart|move: Grassy Terrain|[from] ability: Grassy Surge|[of] p2a: Bugcatcher\n|turn|1\n|inactive|Battle timer is ON: inactive players will automatically lose when time's up. (requested by ksjsnsnsbsba)\n|\n|t:|1700794315\n|switch|p2a: Iclods|Clodsire, M|100\/100\n|move|p1a: Armadilha|Stealth Rock|p2a: Iclods\n|-sidestart|p2: ksjsnsnsbsba|move: Stealth Rock\n|\n|upkeep\n|turn|2\n|\n|t:|1700794321\n|move|p1a: Armadilha|Spikes|p2a: Iclods\n|-sidestart|p2: ksjsnsnsbsba|Spikes\n|move|p2a: Iclods|Stealth Rock|p1a: Armadilha\n|-sidestart|p1: Marcio 109|move: Stealth Rock\n|\n|upkeep\n|turn|3\n|\n|t:|1700794327\n|switch|p2a: Juan|Skeledirge, M|100\/100\n|move|p1a: Armadilha|Spikes|p2a: Juan\n|-sidestart|p2: ksjsnsnsbsba|Spikes\n|\n|upkeep\n|turn|4\n|\n|t:|1700794335\n|move|p2a: Juan|Will-O-Wisp|p1a: Armadilha\n|-status|p1a: Armadilha|brn\n|move|p1a: Armadilha|Spikes|p2a: Juan\n|-sidestart|p2: ksjsnsnsbsba|Spikes\n|\n|-damage|p1a: Armadilha|94\/100 brn|[from] brn\n|upkeep\n|turn|5\n|\n|t:|1700794347\n|move|p2a: Juan|Torch Song|p1a: Armadilha\n|-supereffective|p1a: Armadilha\n|-damage|p1a: Armadilha|0 fnt\n|-boost|p2a: Juan|spa|1\n|faint|p1a: Armadilha\n|\n|-fieldend|move: Grassy Terrain\n|upkeep\n|\n|t:|1700794365\n|switch|p1a: M\u00e1quina de matar|Rotom-Wash|100\/100\n|-damage|p1a: M\u00e1quina de matar|88\/100|[from] Stealth Rock\n|turn|6\n|inactive|Marcio 109 has 120 seconds left.\n|\n|t:|1700794394\n|switch|p2a: Saddy|Ogerpon-Wellspring, F|100\/100\n|-damage|p2a: Saddy|88\/100|[from] Stealth Rock\n|-damage|p2a: Saddy|63\/100|[from] Spikes\n|move|p1a: M\u00e1quina de matar|Will-O-Wisp|p2a: Saddy\n|-status|p2a: Saddy|brn\n|\n|-heal|p1a: M\u00e1quina de matar|94\/100|[from] item: Leftovers\n|-damage|p2a: Saddy|57\/100 brn|[from] brn\n|upkeep\n|turn|7\n|inactive|Marcio 109 has 120 seconds left.\n|\n|t:|1700794410\n|move|p2a: Saddy|Horn Leech|p1a: M\u00e1quina de matar\n|-supereffective|p1a: M\u00e1quina de matar\n|-crit|p1a: M\u00e1quina de matar\n|-damage|p1a: M\u00e1quina de matar|11\/100\n|-heal|p2a: Saddy|91\/100 brn|[from] drain|[of] p1a: M\u00e1quina de matar\n|move|p1a: M\u00e1quina de matar|Thunderbolt|p2a: Saddy\n|-damage|p2a: Saddy|47\/100 brn\n|\n|-heal|p1a: M\u00e1quina de matar|17\/100|[from] item: Leftovers\n|-damage|p2a: Saddy|41\/100 brn|[from] brn\n|upkeep\n|turn|8\n|\n|t:|1700794427\n|move|p2a: Saddy|Ivy Cudgel|p1a: M\u00e1quina de matar|[anim] Ivy Cudgel Water\n|-resisted|p1a: M\u00e1quina de matar\n|-damage|p1a: M\u00e1quina de matar|0 fnt\n|faint|p1a: M\u00e1quina de matar\n|\n|-damage|p2a: Saddy|35\/100 brn|[from] brn\n|upkeep\n|\n|t:|1700794440\n|switch|p1a: Baterista selvagem|Rillaboom, M|100\/100\n|-damage|p1a: Baterista selvagem|88\/100|[from] Stealth Rock\n|-fieldstart|move: Grassy Terrain|[from] ability: Grassy Surge|[of] p1a: Baterista selvagem\n|-enditem|p1a: Baterista selvagem|Grassy Seed\n|-boost|p1a: Baterista selvagem|def|1|[from] item: Grassy Seed\n|turn|9\n|\n|t:|1700794449\n|switch|p2a: Iron Wing|Corviknight, M, shiny|100\/100\n|-damage|p2a: Iron Wing|88\/100|[from] Stealth Rock\n|move|p1a: Baterista selvagem|Acrobatics|p2a: Iron Wing\n|-resisted|p2a: Iron Wing\n|-damage|p2a: Iron Wing|77\/100\n|-damage|p1a: Baterista selvagem|72\/100|[from] item: Rocky Helmet|[of] p2a: Iron Wing\n|\n|-heal|p1a: Baterista selvagem|78\/100|[from] Grassy Terrain\n|upkeep\n|turn|10\n|\n|t:|1700794472\n|switch|p1a: Diagonal cut|Bisharp, M|100\/100\n|-damage|p1a: Diagonal cut|95\/100|[from] Stealth Rock\n|move|p2a: Iron Wing|Bulk Up|p2a: Iron Wing\n|-boost|p2a: Iron Wing|atk|1\n|-boost|p2a: Iron Wing|def|1\n|\n|-heal|p1a: Diagonal cut|100\/100|[from] Grassy Terrain\n|upkeep\n|turn|11\n|inactive|Marcio 109 has 90 seconds left.\n|\n|t:|1700794492\n|move|p1a: Diagonal cut|Knock Off|p2a: Iron Wing\n|-damage|p2a: Iron Wing|54\/100\n|-damage|p1a: Diagonal cut|84\/100|[from] item: Rocky Helmet|[of] p2a: Iron Wing\n|-enditem|p2a: Iron Wing|Rocky Helmet|[from] move: Knock Off|[of] p1a: Diagonal cut\n|move|p2a: Iron Wing|Bulk Up|p2a: Iron Wing\n|-boost|p2a: Iron Wing|atk|1\n|-boost|p2a: Iron Wing|def|1\n|\n|-heal|p1a: Diagonal cut|90\/100|[from] Grassy Terrain\n|upkeep\n|turn|12\n|inactive|Marcio 109 has 90 seconds left.\n|\n|t:|1700794519\n|switch|p1a: Slipknot|Banette, M|100\/100\n|-damage|p1a: Slipknot|88\/100|[from] Stealth Rock\n|move|p2a: Iron Wing|Roost|p2a: Iron Wing\n|-heal|p2a: Iron Wing|100\/100\n|-singleturn|p2a: Iron Wing|move: Roost\n|\n|-heal|p1a: Slipknot|94\/100|[from] Grassy Terrain\n|upkeep\n|turn|13\n|inactive|Marcio 109 has 60 seconds left.\n|\n|t:|1700794545\n|switch|p2a: Medusa|Hydreigon, F|100\/100\n|-damage|p2a: Medusa|88\/100|[from] Stealth Rock\n|detailschange|p1a: Slipknot|Banette-Mega, M\n|-mega|p1a: Slipknot|Banette|Banettite\n|move|p1a: Slipknot|Encore|p2a: Medusa\n|-hint|Since gen 7, Dark is immune to Prankster moves.\n|-immune|p2a: Medusa\n|\n|-heal|p2a: Medusa|94\/100|[from] item: Leftovers\n|-heal|p1a: Slipknot|99\/100|[from] Grassy Terrain\n|-fieldend|move: Grassy Terrain\n|upkeep\n|turn|14\n|inactive|Marcio 109 has 60 seconds left.\n|\n|t:|1700794563\n|switch|p1a: Diagonal cut|Bisharp, M|90\/100\n|-damage|p1a: Diagonal cut|84\/100|[from] Stealth Rock\n|move|p2a: Medusa|Nasty Plot|p2a: Medusa\n|-boost|p2a: Medusa|spa|2\n|\n|-heal|p2a: Medusa|100\/100|[from] item: Leftovers\n|upkeep\n|turn|15\n|inactive|Marcio 109 has 60 seconds left.\n|\n|t:|1700794579\n|move|p2a: Medusa|Dark Pulse|p1a: Diagonal cut\n|-resisted|p1a: Diagonal cut\n|-damage|p1a: Diagonal cut|45\/100\n|move|p1a: Diagonal cut|Iron Head|p2a: Medusa\n|-damage|p2a: Medusa|60\/100\n|\n|-heal|p2a: Medusa|66\/100|[from] item: Leftovers\n|upkeep\n|turn|16\n|\n|t:|1700794590\n|move|p1a: Diagonal cut|Sucker Punch||[still]\n|-fail|p1a: Diagonal cut\n|move|p2a: Medusa|Roost|p2a: Medusa\n|-heal|p2a: Medusa|100\/100\n|-singleturn|p2a: Medusa|move: Roost\n|\n|upkeep\n|turn|17\n|\n|t:|1700794600\n|move|p2a: Medusa|Nasty Plot|p2a: Medusa\n|-boost|p2a: Medusa|spa|2\n|move|p1a: Diagonal cut|Knock Off|p2a: Medusa\n|-resisted|p2a: Medusa\n|-damage|p2a: Medusa|75\/100\n|-enditem|p2a: Medusa|Leftovers|[from] move: Knock Off|[of] p1a: Diagonal cut\n|\n|upkeep\n|turn|18\n|inactive|Marcio 109 has 60 seconds left.\n|\n|t:|1700794609\n|move|p1a: Diagonal cut|Sucker Punch||[still]\n|-fail|p1a: Diagonal cut\n|move|p2a: Medusa|Roost|p2a: Medusa\n|-heal|p2a: Medusa|100\/100\n|-singleturn|p2a: Medusa|move: Roost\n|\n|upkeep\n|turn|19\n|\n|t:|1700794617\n|move|p1a: Diagonal cut|Sucker Punch|p2a: Medusa\n|-resisted|p2a: Medusa\n|-crit|p2a: Medusa\n|-damage|p2a: Medusa|71\/100\n|move|p2a: Medusa|Dark Pulse|p1a: Diagonal cut\n|-resisted|p1a: Diagonal cut\n|-damage|p1a: Diagonal cut|0 fnt\n|faint|p1a: Diagonal cut\n|\n|upkeep\n|inactive|Marcio 109 has 60 seconds left.\n|\n|t:|1700794644\n|switch|p1a: Slipknot|Banette-Mega, M|99\/100\n|-damage|p1a: Slipknot|88\/100|[from] Stealth Rock\n|turn|20\n|\n|t:|1700794653\n|move|p1a: Slipknot|Destiny Bond|p1a: Slipknot\n|-singlemove|p1a: Slipknot|Destiny Bond\n|move|p2a: Medusa|Roost|p2a: Medusa\n|-heal|p2a: Medusa|100\/100\n|-singleturn|p2a: Medusa|move: Roost\n|\n|upkeep\n|turn|21\n|\n|t:|1700794662\n|move|p1a: Slipknot|Encore|p2a: Medusa\n|-hint|Since gen 7, Dark is immune to Prankster moves.\n|-immune|p2a: Medusa\n|move|p2a: Medusa|Nasty Plot|p2a: Medusa\n|-boost|p2a: Medusa|spa|2\n|\n|upkeep\n|turn|22\n|inactive|Marcio 109 has 60 seconds left.\n|\n|t:|1700794677\n|move|p1a: Slipknot|Encore|p2a: Medusa\n|-hint|Since gen 7, Dark is immune to Prankster moves.\n|-immune|p2a: Medusa\n|move|p2a: Medusa|Nasty Plot|p2a: Medusa\n|-boost|p2a: Medusa|spa|0\n|\n|upkeep\n|turn|23\n|inactive|Marcio 109 has 60 seconds left.\n|\n|t:|1700794689\n|switch|p1a: Baterista selvagem|Rillaboom, M|78\/100\n|-damage|p1a: Baterista selvagem|66\/100|[from] Stealth Rock\n|-fieldstart|move: Grassy Terrain|[from] ability: Grassy Surge|[of] p1a: Baterista selvagem\n|move|p2a: Medusa|Flash Cannon|p1a: Baterista selvagem\n|-damage|p1a: Baterista selvagem|0 fnt\n|faint|p1a: Baterista selvagem\n|\n|upkeep\n|\n|t:|1700794700\n|switch|p1a: Slipknot|Banette-Mega, M|88\/100\n|-damage|p1a: Slipknot|75\/100|[from] Stealth Rock\n|turn|24\n|\n|t:|1700794706\n|move|p1a: Slipknot|Destiny Bond|p1a: Slipknot\n|-singlemove|p1a: Slipknot|Destiny Bond\n|move|p2a: Medusa|Nasty Plot|p2a: Medusa\n|-boost|p2a: Medusa|spa|0\n|\n|-heal|p1a: Slipknot|82\/100|[from] Grassy Terrain\n|upkeep\n|turn|25\n|inactive|Marcio 109 has 60 seconds left.\n|\n|t:|1700794715\n|move|p1a: Slipknot|Destiny Bond||[still]\n|-fail|p1a: Slipknot\n|move|p2a: Medusa|Dark Pulse|p1a: Slipknot\n|-supereffective|p1a: Slipknot\n|-damage|p1a: Slipknot|0 fnt\n|faint|p1a: Slipknot\n|\n|upkeep\n|inactive|Marcio 109 has 60 seconds left.\n|\n|t:|1700794724\n|switch|p1a: Frango de brasas|Blaziken, M|100\/100\n|turn|26\n|\n|t:|1700794731\n|-terastallize|p1a: Frango de brasas|Fire\n|-terastallize|p2a: Medusa|Poison\n|move|p1a: Frango de brasas|Swords Dance|p1a: Frango de brasas\n|-boost|p1a: Frango de brasas|atk|2\n|move|p2a: Medusa|Dark Pulse|p1a: Frango de brasas\n|-crit|p1a: Frango de brasas\n|-damage|p1a: Frango de brasas|0 fnt\n|faint|p1a: Frango de brasas\n|\n|win|ksjsnsnsbsba\n|raw|Marcio 109's rating: 1232 &rarr; <strong>1200<\/strong><br \/>(-32 for losing)\n|raw|ksjsnsnsbsba's rating: 1133 &rarr; <strong>1165<\/strong><br \/>(+32 for winning)\n|l|\u2606Marcio 109\n","uploadtime":1700794844,"views":4,"p1id":"marcio109","p2id":"ksjsnsnsbsba","formatid":"gen9nationaldex","rating":1165,"private":0,"password":""}