{"id":"gen9nationaldex-1988583513","p1":"Musesum","p2":"RandoTestAccount","format":"[Gen 9] National Dex","log":"|j|\u2606Musesum\n|j|\u2606RandoTestAccount\n|t:|1699738715\n|gametype|singles\n|player|p1|Musesum|102|1196\n|player|p2|RandoTestAccount|pokemonrangerf|1148\n|teamsize|p1|6\n|teamsize|p2|6\n|gen|9\n|tier|[Gen 9] National Dex\n|rated|\n|rule|HP Percentage Mod: HP is shown in percentages\n|rule|Endless Battle Clause: Forcing endless battles is banned\n|rule|OHKO Clause: OHKO moves are banned\n|rule|Evasion Clause: Evasion abilities, items, and moves are banned\n|rule|Evasion Abilities Clause: Evasion abilities are banned\n|rule|Evasion Items Clause: Evasion items are banned\n|rule|Evasion Moves Clause: Evasion moves are banned\n|rule|Species Clause: Limit one of each Pok\u00e9mon\n|rule|Sleep Clause Mod: Limit one foe put to sleep\n|clearpoke\n|poke|p1|Ribombee, M|\n|poke|p1|Scizor, M|\n|poke|p1|Slither Wing|\n|poke|p1|Kleavor, M|\n|poke|p1|Golisopod, F|\n|poke|p1|Shuckle, F|\n|poke|p2|Umbreon, F|\n|poke|p2|Excadrill, F|\n|poke|p2|Corviknight, F|\n|poke|p2|Tapu Fini|\n|poke|p2|Sableye, F|\n|poke|p2|Dragalge, F|\n|teampreview\n|inactive|Battle timer is ON: inactive players will automatically lose when time's up. (requested by Musesum)\n|\n|t:|1699738723\n|start\n|switch|p1a: Shuckle|Shuckle, F|100\/100\n|switch|p2a: Spectre of Emerald|Sableye, F, shiny|100\/100\n|turn|1\n|\n|t:|1699738744\n|detailschange|p2a: Spectre of Emerald|Sableye-Mega, F, shiny\n|-mega|p2a: Spectre of Emerald|Sableye|Sablenite\n|move|p1a: Shuckle|Infestation|p2a: Spectre of Emerald\n|-damage|p2a: Spectre of Emerald|99\/100\n|-activate|p2a: Spectre of Emerald|move: Infestation|[of] p1a: Shuckle\n|move|p2a: Spectre of Emerald|Calm Mind|p2a: Spectre of Emerald\n|-boost|p2a: Spectre of Emerald|spa|1\n|-boost|p2a: Spectre of Emerald|spd|1\n|\n|-damage|p2a: Spectre of Emerald|86\/100|[from] move: Infestation|[partiallytrapped]\n|upkeep\n|turn|2\n|inactive|Musesum has 120 seconds left.\n|\n|t:|1699738775\n|move|p1a: Shuckle|Infestation|p2a: Spectre of Emerald\n|-damage|p2a: Spectre of Emerald|85\/100\n|move|p2a: Spectre of Emerald|Calm Mind|p2a: Spectre of Emerald\n|-boost|p2a: Spectre of Emerald|spa|1\n|-boost|p2a: Spectre of Emerald|spd|1\n|\n|-damage|p2a: Spectre of Emerald|72\/100|[from] move: Infestation|[partiallytrapped]\n|upkeep\n|turn|3\n|inactive|RandoTestAccount has 120 seconds left.\n|\n|t:|1699738810\n|move|p1a: Shuckle|Infestation|p2a: Spectre of Emerald\n|-damage|p2a: Spectre of Emerald|71\/100\n|move|p2a: Spectre of Emerald|Calm Mind|p2a: Spectre of Emerald\n|-boost|p2a: Spectre of Emerald|spa|1\n|-boost|p2a: Spectre of Emerald|spd|1\n|\n|-damage|p2a: Spectre of Emerald|59\/100|[from] move: Infestation|[partiallytrapped]\n|upkeep\n|turn|4\n|inactive|Musesum has 120 seconds left.\n|\n|t:|1699738841\n|move|p1a: Shuckle|Infestation|p2a: Spectre of Emerald\n|-damage|p2a: Spectre of Emerald|58\/100\n|move|p2a: Spectre of Emerald|Calm Mind|p2a: Spectre of Emerald\n|-boost|p2a: Spectre of Emerald|spa|1\n|-boost|p2a: Spectre of Emerald|spd|1\n|\n|-damage|p2a: Spectre of Emerald|45\/100|[from] move: Infestation|[partiallytrapped]\n|upkeep\n|turn|5\n|\n|t:|1699738843\n|move|p1a: Shuckle|Infestation|p2a: Spectre of Emerald\n|-damage|p2a: Spectre of Emerald|44\/100\n|move|p2a: Spectre of Emerald|Recover|p2a: Spectre of Emerald\n|-heal|p2a: Spectre of Emerald|94\/100\n|\n|-damage|p2a: Spectre of Emerald|82\/100|[from] move: Infestation|[partiallytrapped]\n|upkeep\n|turn|6\n|\n|t:|1699738849\n|move|p1a: Shuckle|Infestation|p2a: Spectre of Emerald\n|-damage|p2a: Spectre of Emerald|81\/100\n|move|p2a: Spectre of Emerald|Calm Mind|p2a: Spectre of Emerald\n|-boost|p2a: Spectre of Emerald|spa|1\n|-boost|p2a: Spectre of Emerald|spd|1\n|\n|-end|p2a: Spectre of Emerald|Infestation|[partiallytrapped]\n|upkeep\n|turn|7\n|\n|t:|1699738854\n|move|p1a: Shuckle|Infestation|p2a: Spectre of Emerald\n|-damage|p2a: Spectre of Emerald|80\/100\n|-activate|p2a: Spectre of Emerald|move: Infestation|[of] p1a: Shuckle\n|move|p2a: Spectre of Emerald|Will-O-Wisp|p1a: Shuckle\n|-status|p1a: Shuckle|brn\n|\n|-damage|p1a: Shuckle|94\/100 brn|[from] brn\n|-damage|p2a: Spectre of Emerald|67\/100|[from] move: Infestation|[partiallytrapped]\n|upkeep\n|turn|8\n|\n|t:|1699738857\n|move|p1a: Shuckle|Infestation|p2a: Spectre of Emerald\n|-damage|p2a: Spectre of Emerald|66\/100\n|move|p2a: Spectre of Emerald|Calm Mind|p2a: Spectre of Emerald\n|-boost|p2a: Spectre of Emerald|spa|1\n|-boost|p2a: Spectre of Emerald|spd|1\n|\n|-damage|p1a: Shuckle|88\/100 brn|[from] brn\n|-damage|p2a: Spectre of Emerald|54\/100|[from] move: Infestation|[partiallytrapped]\n|upkeep\n|turn|9\n|\n|t:|1699738861\n|move|p1a: Shuckle|Infestation|p2a: Spectre of Emerald\n|-damage|p2a: Spectre of Emerald|53\/100\n|move|p2a: Spectre of Emerald|Recover|p2a: Spectre of Emerald\n|-heal|p2a: Spectre of Emerald|100\/100\n|\n|-damage|p1a: Shuckle|82\/100 brn|[from] brn\n|-damage|p2a: Spectre of Emerald|88\/100|[from] move: Infestation|[partiallytrapped]\n|upkeep\n|turn|10\n|\n|t:|1699738874\n|move|p1a: Shuckle|Infestation|p2a: Spectre of Emerald\n|-damage|p2a: Spectre of Emerald|88\/100\n|move|p2a: Spectre of Emerald|Dark Pulse|p1a: Shuckle\n|-damage|p1a: Shuckle|30\/100 brn\n|-enditem|p1a: Shuckle|Aguav Berry|[eat]\n|-heal|p1a: Shuckle|63\/100 brn|[from] item: Aguav Berry\n|\n|-damage|p1a: Shuckle|57\/100 brn|[from] brn\n|-damage|p2a: Spectre of Emerald|75\/100|[from] move: Infestation|[partiallytrapped]\n|upkeep\n|turn|11\n|\n|t:|1699738883\n|move|p1a: Shuckle|Infestation|p2a: Spectre of Emerald\n|-crit|p2a: Spectre of Emerald\n|-damage|p2a: Spectre of Emerald|72\/100\n|move|p2a: Spectre of Emerald|Dark Pulse|p1a: Shuckle\n|-damage|p1a: Shuckle|7\/100 brn\n|\n|-damage|p1a: Shuckle|0 fnt|[from] brn\n|faint|p1a: Shuckle\n|-end|p2a: Spectre of Emerald|Infestation|[partiallytrapped]\n|upkeep\n|\n|t:|1699738889\n|switch|p1a: Ribombee|Ribombee, M|100\/100\n|turn|12\n|inactive|RandoTestAccount has 120 seconds left.\n|\n|t:|1699738929\n|move|p1a: Ribombee|Moonblast|p2a: Spectre of Emerald\n|-supereffective|p2a: Spectre of Emerald\n|-damage|p2a: Spectre of Emerald|48\/100\n|move|p2a: Spectre of Emerald|Recover|p2a: Spectre of Emerald\n|-heal|p2a: Spectre of Emerald|98\/100\n|\n|upkeep\n|turn|13\n|\n|t:|1699738937\n|move|p1a: Ribombee|Quiver Dance|p1a: Ribombee\n|-boost|p1a: Ribombee|spa|1\n|-boost|p1a: Ribombee|spd|1\n|-boost|p1a: Ribombee|spe|1\n|move|p2a: Spectre of Emerald|Dark Pulse|p1a: Ribombee\n|-resisted|p1a: Ribombee\n|-damage|p1a: Ribombee|48\/100\n|\n|upkeep\n|turn|14\n|\n|t:|1699738941\n|move|p1a: Ribombee|Quiver Dance|p1a: Ribombee\n|-boost|p1a: Ribombee|spa|1\n|-boost|p1a: Ribombee|spd|1\n|-boost|p1a: Ribombee|spe|1\n|move|p2a: Spectre of Emerald|Dark Pulse|p1a: Ribombee\n|-resisted|p1a: Ribombee\n|-damage|p1a: Ribombee|9\/100\n|\n|upkeep\n|turn|15\n|inactive|RandoTestAccount has 120 seconds left.\n|\n|t:|1699738972\n|move|p1a: Ribombee|Moonblast|p2a: Spectre of Emerald\n|-supereffective|p2a: Spectre of Emerald\n|-damage|p2a: Spectre of Emerald|52\/100\n|move|p2a: Spectre of Emerald|Dark Pulse|p1a: Ribombee\n|-resisted|p1a: Ribombee\n|-damage|p1a: Ribombee|0 fnt\n|faint|p1a: Ribombee\n|\n|upkeep\n|\n|t:|1699738983\n|switch|p1a: Scizor|Scizor, M|100\/100\n|turn|16\n|inactive|RandoTestAccount has 120 seconds left.\n|\n|t:|1699738998\n|detailschange|p1a: Scizor|Scizor-Mega, M\n|-mega|p1a: Scizor|Scizor|Scizorite\n|move|p1a: Scizor|X-Scissor|p2a: Spectre of Emerald\n|-damage|p2a: Spectre of Emerald|15\/100\n|move|p2a: Spectre of Emerald|Recover|p2a: Spectre of Emerald\n|-heal|p2a: Spectre of Emerald|65\/100\n|\n|upkeep\n|turn|17\n|\n|t:|1699739005\n|move|p1a: Scizor|Curse|p1a: Scizor\n|-unboost|p1a: Scizor|spe|1\n|-boost|p1a: Scizor|atk|1\n|-boost|p1a: Scizor|def|1\n|move|p2a: Spectre of Emerald|Will-O-Wisp|p1a: Scizor\n|-status|p1a: Scizor|brn\n|\n|-damage|p1a: Scizor|94\/100 brn|[from] brn\n|upkeep\n|turn|18\n|\n|t:|1699739009\n|move|p1a: Scizor|Curse|p1a: Scizor\n|-unboost|p1a: Scizor|spe|1\n|-boost|p1a: Scizor|atk|1\n|-boost|p1a: Scizor|def|1\n|move|p2a: Spectre of Emerald|Recover|p2a: Spectre of Emerald\n|-heal|p2a: Spectre of Emerald|100\/100\n|\n|-damage|p1a: Scizor|88\/100 brn|[from] brn\n|upkeep\n|turn|19\n|inactive|RandoTestAccount has 120 seconds left.\n|l|\u2606RandoTestAccount\n|inactive|RandoTestAccount disconnected and has a minute to reconnect!\n|player|p2|\n|j|\u2606RandoTestAccount\n|inactive|RandoTestAccount reconnected and has 95 seconds left.\n|player|p2|RandoTestAccount|pokemonrangerf\n|inactive|RandoTestAccount has 90 seconds left.\n|\n|t:|1699739075\n|move|p1a: Scizor|Curse|p1a: Scizor\n|-unboost|p1a: Scizor|spe|1\n|-boost|p1a: Scizor|atk|1\n|-boost|p1a: Scizor|def|1\n|move|p2a: Spectre of Emerald|Dark Pulse|p1a: Scizor\n|-damage|p1a: Scizor|0 fnt\n|faint|p1a: Scizor\n|\n|upkeep\n|\n|t:|1699739089\n|switch|p1a: Kleavor|Kleavor, M|100\/100\n|turn|20\n|\n|t:|1699739091\n|move|p1a: Kleavor|X-Scissor|p2a: Spectre of Emerald\n|-damage|p2a: Spectre of Emerald|53\/100\n|move|p2a: Spectre of Emerald|Will-O-Wisp|p1a: Kleavor\n|-status|p1a: Kleavor|brn\n|\n|-damage|p1a: Kleavor|94\/100 brn|[from] brn\n|upkeep\n|turn|21\n|\n|t:|1699739096\n|move|p1a: Kleavor|X-Scissor|p2a: Spectre of Emerald\n|-damage|p2a: Spectre of Emerald|30\/100\n|move|p2a: Spectre of Emerald|Recover|p2a: Spectre of Emerald\n|-heal|p2a: Spectre of Emerald|80\/100\n|\n|-damage|p1a: Kleavor|88\/100 brn|[from] brn\n|upkeep\n|turn|22\n|\n|t:|1699739102\n|switch|p1a: Slither Wing|Slither Wing|100\/100\n|move|p2a: Spectre of Emerald|Dark Pulse|p1a: Slither Wing\n|-resisted|p1a: Slither Wing\n|-damage|p1a: Slither Wing|62\/100\n|\n|upkeep\n|turn|23\n|\n|t:|1699739114\n|move|p1a: Slither Wing|First Impression|p2a: Spectre of Emerald\n|-damage|p2a: Spectre of Emerald|46\/100\n|move|p2a: Spectre of Emerald|Will-O-Wisp|p1a: Slither Wing\n|-status|p1a: Slither Wing|brn\n|\n|-damage|p1a: Slither Wing|56\/100 brn|[from] brn\n|upkeep\n|turn|24\n|-message|Musesum forfeited.\n|\n|win|RandoTestAccount\n|raw|Musesum's rating: 1219 &rarr; <strong>1187<\/strong><br \/>(-32 for losing)\n|raw|RandoTestAccount's rating: 1121 &rarr; <strong>1153<\/strong><br \/>(+32 for winning)\n|l|\u2606Musesum\n","uploadtime":1699739122,"views":4,"p1id":"musesum","p2id":"randotestaccount","formatid":"gen9nationaldex","rating":1153,"private":0,"password":""}