{"id":"gen9nationaldex-2000681696","p1":"adem","p2":"SamJo","format":"[Gen 9] National Dex","log":"|html|<div class=\"broadcast-blue\"><strong>[Gen 9] National Dex is currently suspecting Sneasler! For information on how to participate check out the <a href=\"https:\/\/www.smogon.com\/forums\/threads\/sv-national-dex-suspect-8-just-dance.3731534\/\">suspect thread<\/a>.<\/strong><\/div>\n|j|\u2606adem\n|j|\u2606SamJo\n|inactive|Battle timer is ON: inactive players will automatically lose when time's up.\n|t:|1701218195\n|gametype|singles\n|player|p1|adem|#adem|\n|player|p2|SamJo|lance-gen3|\n|teamsize|p1|6\n|teamsize|p2|6\n|gen|9\n|tier|[Gen 9] National Dex\n|rated|Tournament battle\n|rule|HP Percentage Mod: HP is shown in percentages\n|rule|Endless Battle Clause: Forcing endless battles is banned\n|rule|OHKO Clause: OHKO moves are banned\n|rule|Evasion Clause: Evasion abilities, items, and moves are banned\n|rule|Evasion Abilities Clause: Evasion abilities are banned\n|rule|Evasion Items Clause: Evasion items are banned\n|rule|Evasion Moves Clause: Evasion moves are banned\n|rule|Species Clause: Limit one of each Pok\u00e9mon\n|rule|Sleep Clause Mod: Limit one foe put to sleep\n|clearpoke\n|poke|p1|Ogerpon-Wellspring, F|\n|poke|p1|Latias, F|\n|poke|p1|Ferrothorn, F|\n|poke|p1|Landorus-Therian, M|\n|poke|p1|Clefable, M|\n|poke|p1|Volcarona, F|\n|poke|p2|Ampharos, M|\n|poke|p2|Chansey, F|\n|poke|p2|Gliscor, M|\n|poke|p2|Aegislash, M|\n|poke|p2|Tornadus-Therian, M|\n|poke|p2|Dondozo, F|\n|teampreview\n|c|\u2606adem|oh my god\n|c|\u2606adem|wait actually.\n|c|\u2606SamJo|oh gdi\n|inactive|SamJo has 120 seconds left.\n|c|\u2606SamJo|builder rearranged fsr\n|inactive|SamJo has 90 seconds left.\n|\n|t:|1701218256\n|start\n|switch|p1a: Landorus|Landorus-Therian, M|100\/100\n|switch|p2a: Ampharos|Ampharos, M|100\/100\n|-ability|p1a: Landorus|Intimidate|boost\n|-unboost|p2a: Ampharos|atk|1\n|turn|1\n|\n|t:|1701218267\n|detailschange|p2a: Ampharos|Ampharos-Mega, M\n|-mega|p2a: Ampharos|Ampharos|Ampharosite\n|-ability|p2a: Ampharos|Mold Breaker\n|move|p1a: Landorus|Earthquake|p2a: Ampharos\n|-supereffective|p2a: Ampharos\n|-damage|p2a: Ampharos|9\/100\n|move|p2a: Ampharos|Dragon Pulse|p1a: Landorus\n|-damage|p1a: Landorus|32\/100\n|\n|upkeep\n|turn|2\n|\n|t:|1701218273\n|switch|p2a: Gliscor|Gliscor, M|100\/100\n|move|p1a: Landorus|Earthquake|p2a: Gliscor\n|-immune|p2a: Gliscor\n|\n|-status|p2a: Gliscor|tox|[from] item: Toxic Orb\n|upkeep\n|turn|3\n|\n|t:|1701218285\n|switch|p1a: Ferrothorn|Ferrothorn, F|100\/100\n|switch|p2a: Chansey|Chansey, F|100\/100\n|\n|upkeep\n|turn|4\n|j| Feuertraene\n|\n|t:|1701218298\n|switch|p1a: Clefable|Clefable, M|100\/100\n|move|p2a: Chansey|Stealth Rock|p1a: Clefable\n|-sidestart|p1: adem|move: Stealth Rock\n|\n|upkeep\n|turn|5\n|\n|t:|1701218300\n|move|p1a: Clefable|Knock Off|p2a: Chansey\n|-damage|p2a: Chansey|91\/100\n|-enditem|p2a: Chansey|Eviolite|[from] move: Knock Off|[of] p1a: Clefable\n|move|p2a: Chansey|Wish|p2a: Chansey\n|\n|upkeep\n|turn|6\n|j| SNAK30PRA\n|\n|t:|1701218307\n|move|p1a: Clefable|Moonblast|p2a: Chansey\n|-damage|p2a: Chansey|76\/100\n|-unboost|p2a: Chansey|spa|1\n|move|p2a: Chansey|Seismic Toss|p1a: Clefable\n|-damage|p1a: Clefable|75\/100\n|-damage|p2a: Chansey|60\/100|[from] item: Rocky Helmet|[of] p1a: Clefable\n|\n|-heal|p2a: Chansey|100\/100|[from] move: Wish|[wisher] Chansey\n|upkeep\n|turn|7\n|\n|t:|1701218310\n|move|p1a: Clefable|Stealth Rock|p2a: Chansey\n|-sidestart|p2: SamJo|move: Stealth Rock\n|move|p2a: Chansey|Wish|p2a: Chansey\n|\n|upkeep\n|turn|8\n|\n|t:|1701218314\n|switch|p2a: Aegislash|Aegislash, M|100\/100\n|-damage|p2a: Aegislash|94\/100|[from] Stealth Rock\n|move|p1a: Clefable|Moonblast|p2a: Aegislash\n|-resisted|p2a: Aegislash\n|-damage|p2a: Aegislash|83\/100\n|-unboost|p2a: Aegislash|spa|1\n|\n|-heal|p2a: Aegislash|100\/100|[from] move: Wish|[wisher] Chansey\n|upkeep\n|turn|9\n|\n|t:|1701218319\n|-formechange|p2a: Aegislash|Aegislash-Blade||[from] ability: Stance Change\n|move|p2a: Aegislash|Shadow Ball|p1a: Clefable\n|-damage|p1a: Clefable|46\/100\n|move|p1a: Clefable|Knock Off|p2a: Aegislash\n|-supereffective|p2a: Aegislash\n|-damage|p2a: Aegislash|35\/100\n|-enditem|p2a: Aegislash|Leftovers|[from] move: Knock Off|[of] p1a: Clefable\n|\n|upkeep\n|turn|10\n|\n|t:|1701218326\n|switch|p1a: Volcarona|Volcarona, F|100\/100\n|move|p2a: Aegislash|Flash Cannon|p1a: Volcarona\n|-resisted|p1a: Volcarona\n|-damage|p1a: Volcarona|90\/100\n|\n|upkeep\n|turn|11\n|\n|t:|1701218332\n|switch|p2a: Chansey|Chansey, F|100\/100\n|-damage|p2a: Chansey|88\/100|[from] Stealth Rock\n|move|p1a: Volcarona|Quiver Dance|p1a: Volcarona\n|-boost|p1a: Volcarona|spa|1\n|-boost|p1a: Volcarona|spd|1\n|-boost|p1a: Volcarona|spe|1\n|\n|upkeep\n|turn|12\n|\n|t:|1701218335\n|switch|p1a: Clefable|Clefable, M|46\/100\n|move|p2a: Chansey|Wish|p2a: Chansey\n|\n|upkeep\n|turn|13\n|\n|t:|1701218340\n|switch|p2a: Aegislash|Aegislash, M|35\/100\n|-damage|p2a: Aegislash|28\/100|[from] Stealth Rock\n|move|p1a: Clefable|Knock Off|p2a: Aegislash\n|-supereffective|p2a: Aegislash\n|-damage|p2a: Aegislash|10\/100\n|\n|-heal|p2a: Aegislash|100\/100|[from] move: Wish|[wisher] Chansey\n|upkeep\n|turn|14\n|\n|t:|1701218352\n|switch|p1a: Ferrothorn|Ferrothorn, F|100\/100\n|-damage|p1a: Ferrothorn|94\/100|[from] Stealth Rock\n|-formechange|p2a: Aegislash|Aegislash-Blade||[from] ability: Stance Change\n|move|p2a: Aegislash|Shadow Ball|p1a: Ferrothorn\n|-damage|p1a: Ferrothorn|57\/100\n|\n|-heal|p1a: Ferrothorn|63\/100|[from] item: Leftovers\n|upkeep\n|turn|15\n|\n|t:|1701218356\n|switch|p2a: Chansey|Chansey, F|88\/100\n|-damage|p2a: Chansey|76\/100|[from] Stealth Rock\n|move|p1a: Ferrothorn|Leech Seed|p2a: Chansey\n|-start|p2a: Chansey|move: Leech Seed\n|\n|-heal|p1a: Ferrothorn|69\/100|[from] item: Leftovers\n|-damage|p2a: Chansey|63\/100|[from] Leech Seed|[of] p1a: Ferrothorn\n|-heal|p1a: Ferrothorn|94\/100|[silent]\n|upkeep\n|turn|16\n|\n|t:|1701218360\n|move|p2a: Chansey|Wish|p2a: Chansey\n|move|p1a: Ferrothorn|Spikes|p2a: Chansey\n|-sidestart|p2: SamJo|Spikes\n|\n|-heal|p1a: Ferrothorn|99\/100|[from] item: Leftovers\n|-damage|p2a: Chansey|51\/100|[from] Leech Seed|[of] p1a: Ferrothorn\n|-heal|p1a: Ferrothorn|100\/100|[silent]\n|upkeep\n|turn|17\n|\n|t:|1701218366\n|switch|p2a: Gliscor|Gliscor, M|100\/100 tox\n|-damage|p2a: Gliscor|88\/100 tox|[from] Stealth Rock\n|move|p1a: Ferrothorn|Spikes|p2a: Gliscor\n|-sidestart|p2: SamJo|Spikes\n|\n|-heal|p2a: Gliscor|100\/100 tox|[from] move: Wish|[wisher] Chansey\n|upkeep\n|turn|18\n|\n|t:|1701218368\n|move|p2a: Gliscor|Defog|p1a: Ferrothorn\n|-unboost|p1a: Ferrothorn|evasion|1\n|-sideend|p1: adem|Stealth Rock|[from] move: Defog|[of] p2a: Gliscor\n|-sideend|p2: SamJo|Spikes|[from] move: Defog|[of] p2a: Gliscor\n|-sideend|p2: SamJo|Stealth Rock|[from] move: Defog|[of] p2a: Gliscor\n|move|p1a: Ferrothorn|Leech Seed|p2a: Gliscor\n|-start|p2a: Gliscor|move: Leech Seed\n|\n|-damage|p2a: Gliscor|88\/100 tox|[from] Leech Seed|[of] p1a: Ferrothorn\n|-heal|p2a: Gliscor|100\/100 tox|[from] ability: Poison Heal\n|upkeep\n|turn|19\n|\n|t:|1701218372\n|switch|p2a: Chansey|Chansey, F|51\/100\n|move|p1a: Ferrothorn|Spikes|p2a: Chansey\n|-sidestart|p2: SamJo|Spikes\n|\n|upkeep\n|turn|20\n|\n|t:|1701218376\n|move|p2a: Chansey|Wish|p2a: Chansey\n|move|p1a: Ferrothorn|Spikes|p2a: Chansey\n|-sidestart|p2: SamJo|Spikes\n|\n|upkeep\n|turn|21\n|\n|t:|1701218384\n|switch|p1a: Ogerpon|Ogerpon-Wellspring, F|100\/100\n|move|p2a: Chansey|Seismic Toss|p1a: Ogerpon\n|-damage|p1a: Ogerpon|67\/100\n|\n|-heal|p2a: Chansey|100\/100|[from] move: Wish|[wisher] Chansey\n|upkeep\n|turn|22\n|\n|t:|1701218391\n|switch|p2a: Tornadus|Tornadus-Therian, M|100\/100\n|move|p1a: Ogerpon|Ivy Cudgel|p2a: Tornadus|[anim] Ivy Cudgel Water\n|-damage|p2a: Tornadus|32\/100\n|\n|upkeep\n|turn|23\n|\n|t:|1701218400\n|-terastallize|p1a: Ogerpon|Water\n|detailschange|p1a: Ogerpon|Ogerpon-Wellspring-Tera, F, tera:Water\n|-ability|p1a: Ogerpon|Embody Aspect (Wellspring)|boost\n|-boost|p1a: Ogerpon|spd|1\n|move|p2a: Tornadus|Hurricane|p1a: Ogerpon\n|-damage|p1a: Ogerpon|37\/100\n|move|p1a: Ogerpon|Ivy Cudgel|p2a: Tornadus|[anim] Ivy Cudgel Water\n|-damage|p2a: Tornadus|0 fnt\n|faint|p2a: Tornadus\n|\n|upkeep\n|j| SWAG_MASSIAH\n|\n|t:|1701218407\n|switch|p2a: Chansey|Chansey, F|100\/100\n|-damage|p2a: Chansey|84\/100|[from] Spikes\n|turn|24\n|\n|t:|1701218410\n|move|p1a: Ogerpon|Ivy Cudgel|p2a: Chansey|[anim] Ivy Cudgel Water\n|-damage|p2a: Chansey|6\/100\n|move|p2a: Chansey|Seismic Toss|p1a: Ogerpon\n|-damage|p1a: Ogerpon|4\/100\n|\n|upkeep\n|turn|25\n|\n|t:|1701218413\n|switch|p2a: Dondozo|Dondozo, F|100\/100\n|-damage|p2a: Dondozo|84\/100|[from] Spikes\n|move|p1a: Ogerpon|Horn Leech|p2a: Dondozo\n|-supereffective|p2a: Dondozo\n|-damage|p2a: Dondozo|48\/100\n|-heal|p1a: Ogerpon|34\/100|[from] drain|[of] p2a: Dondozo\n|\n|-heal|p2a: Dondozo|54\/100|[from] item: Leftovers\n|upkeep\n|turn|26\n|\n|t:|1701218422\n|-terastallize|p2a: Dondozo|Dragon\n|move|p1a: Ogerpon|Horn Leech|p2a: Dondozo\n|-resisted|p2a: Dondozo\n|-damage|p2a: Dondozo|45\/100\n|-heal|p1a: Ogerpon|42\/100|[from] drain|[of] p2a: Dondozo\n|move|p2a: Dondozo|Curse|p2a: Dondozo\n|-unboost|p2a: Dondozo|spe|1\n|-boost|p2a: Dondozo|atk|1\n|-boost|p2a: Dondozo|def|1\n|\n|-heal|p2a: Dondozo|51\/100|[from] item: Leftovers\n|upkeep\n|turn|27\n|\n|t:|1701218426\n|switch|p1a: Ferrothorn|Ferrothorn, F|100\/100\n|move|p2a: Dondozo|Rest|p2a: Dondozo\n|-status|p2a: Dondozo|slp|[from] move: Rest\n|-heal|p2a: Dondozo|100\/100 slp|[silent]\n|\n|upkeep\n|turn|28\n|\n|t:|1701218431\n|switch|p2a: Gliscor|Gliscor, M|100\/100 tox\n|move|p1a: Ferrothorn|Leech Seed|p2a: Gliscor|[miss]\n|-miss|p1a: Ferrothorn|p2a: Gliscor\n|\n|upkeep\n|turn|29\n|\n|t:|1701218433\n|move|p2a: Gliscor|Defog|p1a: Ferrothorn\n|-unboost|p1a: Ferrothorn|evasion|1\n|-sideend|p2: SamJo|Spikes|[from] move: Defog|[of] p2a: Gliscor\n|move|p1a: Ferrothorn|Leech Seed|p2a: Gliscor\n|-start|p2a: Gliscor|move: Leech Seed\n|\n|-damage|p2a: Gliscor|88\/100 tox|[from] Leech Seed|[of] p1a: Ferrothorn\n|-heal|p2a: Gliscor|100\/100 tox|[from] ability: Poison Heal\n|upkeep\n|turn|30\n|\n|t:|1701218437\n|switch|p2a: Aegislash|Aegislash, M|100\/100\n|move|p1a: Ferrothorn|Spikes|p2a: Aegislash\n|-sidestart|p2: SamJo|Spikes\n|\n|upkeep\n|turn|31\n|\n|t:|1701218440\n|-formechange|p2a: Aegislash|Aegislash-Blade||[from] ability: Stance Change\n|move|p2a: Aegislash|Shadow Ball|p1a: Ferrothorn\n|-damage|p1a: Ferrothorn|64\/100\n|move|p1a: Ferrothorn|Leech Seed|p2a: Aegislash\n|-start|p2a: Aegislash|move: Leech Seed\n|\n|-heal|p1a: Ferrothorn|70\/100|[from] item: Leftovers\n|-damage|p2a: Aegislash|88\/100|[from] Leech Seed|[of] p1a: Ferrothorn\n|-heal|p1a: Ferrothorn|80\/100|[silent]\n|upkeep\n|turn|32\n|\n|t:|1701218448\n|switch|p2a: Gliscor|Gliscor, M|100\/100 tox\n|switch|p1a: Volcarona|Volcarona, F|90\/100\n|\n|upkeep\n|turn|33\n|j| Huryuijujilo\n|\n|t:|1701218454\n|switch|p1a: Ogerpon|Ogerpon-Wellspring-Tera, F, tera:Water|42\/100\n|-ability|p1a: Ogerpon|Embody Aspect (Wellspring)|boost\n|-boost|p1a: Ogerpon|spd|1\n|move|p2a: Gliscor|Toxic|p1a: Ogerpon\n|-status|p1a: Ogerpon|tox\n|\n|-damage|p1a: Ogerpon|36\/100 tox|[from] psn\n|upkeep\n|turn|34\n|\n|t:|1701218459\n|switch|p2a: Dondozo|Dondozo, F, tera:Dragon|100\/100 slp\n|-damage|p2a: Dondozo|88\/100 slp|[from] Spikes\n|move|p1a: Ogerpon|Ivy Cudgel|p2a: Dondozo|[anim] Ivy Cudgel Water\n|-resisted|p2a: Dondozo\n|-damage|p2a: Dondozo|70\/100 slp\n|\n|-heal|p2a: Dondozo|76\/100 slp|[from] item: Leftovers\n|-damage|p1a: Ogerpon|24\/100 tox|[from] psn\n|upkeep\n|turn|35\n|\n|t:|1701218463\n|move|p1a: Ogerpon|Play Rough|p2a: Dondozo\n|-supereffective|p2a: Dondozo\n|-damage|p2a: Dondozo|42\/100 slp\n|cant|p2a: Dondozo|slp\n|move|p2a: Dondozo|Sleep Talk|p2a: Dondozo\n|move|p2a: Dondozo|Liquidation|p1a: Ogerpon|[from]move: Sleep Talk\n|-resisted|p1a: Ogerpon\n|-damage|p1a: Ogerpon|4\/100 tox\n|\n|-heal|p2a: Dondozo|48\/100 slp|[from] item: Leftovers\n|-damage|p1a: Ogerpon|0 fnt|[from] psn\n|faint|p1a: Ogerpon\n|upkeep\n|c| Huryuijujilo|Is that malenia blade of miquella?\n|\n|t:|1701218474\n|switch|p1a: Latias|Latias, F|100\/100\n|turn|36\n|c|\u2606adem|Yes\n|\n|t:|1701218481\n|switch|p2a: Gliscor|Gliscor, M|100\/100 tox\n|detailschange|p1a: Latias|Latias-Mega, F\n|-mega|p1a: Latias|Latias|Latiasite\n|move|p1a: Latias|Calm Mind|p1a: Latias\n|-boost|p1a: Latias|spa|1\n|-boost|p1a: Latias|spd|1\n|\n|upkeep\n|turn|37\n|\n|t:|1701218483\n|move|p1a: Latias|Substitute|p1a: Latias\n|-start|p1a: Latias|Substitute\n|-damage|p1a: Latias|76\/100\n|move|p2a: Gliscor|Toxic||[still]\n|-fail|p2a: Gliscor\n|\n|upkeep\n|turn|38\n|c|\u2606SamJo|gg\n|n|\u2606adem|adem\n|n|\u2606SamJo|samjo\n|n| Feuertraene|feuertraene\n|n| SNAK30PRA|snak30pra\n|n| SWAG_MASSIAH|swagmassiah\n|n| Huryuijujilo|huryuijujilo\n|-message|SamJo forfeited.\n|\n|win|adem\n|l|\u2606SamJo\n|c| Huryuijujilo|That's legit\n|c|\u2606adem|gg\n","uploadtime":1701218500,"views":0,"p1id":"adem","p2id":"samjo","formatid":"gen9nationaldex","rating":0,"private":0,"password":""}