{"id":"gen9nationaldex-1997989962","p1":"NDSNEZyedropwhen","p2":"573744544RT63363","format":"[Gen 9] National Dex","log":"|html|<div class=\"broadcast-blue\"><strong>[Gen 9] National Dex is currently suspecting Sneasler! For information on how to participate check out the <a href=\"https:\/\/www.smogon.com\/forums\/threads\/sv-national-dex-suspect-8-just-dance.3731534\/\">suspect thread<\/a>.<\/strong><\/div>\n|j|\u2606NDSNEZyedropwhen\n|j|\u2606573744544RT63363\n|t:|1700876056\n|gametype|singles\n|player|p1|NDSNEZyedropwhen|adaman|1184\n|player|p2|573744544RT63363|102|1092\n|teamsize|p1|6\n|teamsize|p2|6\n|gen|9\n|tier|[Gen 9] National Dex\n|rated|\n|rule|HP Percentage Mod: HP is shown in percentages\n|rule|Endless Battle Clause: Forcing endless battles is banned\n|rule|OHKO Clause: OHKO moves are banned\n|rule|Evasion Clause: Evasion abilities, items, and moves are banned\n|rule|Evasion Abilities Clause: Evasion abilities are banned\n|rule|Evasion Items Clause: Evasion items are banned\n|rule|Evasion Moves Clause: Evasion moves are banned\n|rule|Species Clause: Limit one of each Pok\u00e9mon\n|rule|Sleep Clause Mod: Limit one foe put to sleep\n|clearpoke\n|poke|p1|Toxapex, M|\n|poke|p1|Dondozo, M|\n|poke|p1|Gliscor, F|\n|poke|p1|Blissey, F|\n|poke|p1|Corviknight, M|\n|poke|p1|Tyranitar, M|\n|poke|p2|Chansey, F|\n|poke|p2|Alomomola, M|\n|poke|p2|Landorus-Therian, M|\n|poke|p2|Skeledirge, M|\n|poke|p2|Dragonite, M|\n|poke|p2|Sneasler, M|\n|teampreview\n|inactive|Battle timer is ON: inactive players will automatically lose when time's up. (requested by 573744544RT63363)\n|\n|t:|1700876097\n|start\n|switch|p1a: Gliscor|Gliscor, F|100\/100\n|switch|p2a: Macho Mexican|Landorus-Therian, M|100\/100\n|-ability|p2a: Macho Mexican|Intimidate|boost\n|-unboost|p1a: Gliscor|atk|1\n|turn|1\n|inactive|573744544RT63363 has 120 seconds left.\n|inactive|573744544RT63363 has 90 seconds left.\n|\n|t:|1700876180\n|move|p1a: Gliscor|Protect|p1a: Gliscor\n|-singleturn|p1a: Gliscor|Protect\n|move|p2a: Macho Mexican|U-turn|p1a: Gliscor\n|-activate|p1a: Gliscor|move: Protect\n|\n|-status|p1a: Gliscor|tox|[from] item: Toxic Orb\n|upkeep\n|turn|2\n|\n|t:|1700876189\n|switch|p2a: Aztec Power|Skeledirge, M|100\/100\n|move|p1a: Gliscor|Toxic|p2a: Aztec Power\n|-status|p2a: Aztec Power|tox\n|\n|-damage|p2a: Aztec Power|94\/100 tox|[from] psn\n|upkeep\n|turn|3\n|\n|t:|1700876194\n|switch|p2a: Extreme Draco|Dragonite, M|100\/100\n|move|p1a: Gliscor|Protect||[still]\n|-fail|p1a: Gliscor\n|\n|upkeep\n|turn|4\n|\n|t:|1700876204\n|move|p2a: Extreme Draco|Ice Beam|p1a: Gliscor\n|-supereffective|p1a: Gliscor\n|-damage|p1a: Gliscor|0 fnt\n|faint|p1a: Gliscor\n|\n|upkeep\n|\n|t:|1700876224\n|switch|p1a: Toxapex|Toxapex, M|100\/100\n|turn|5\n|\n|t:|1700876233\n|switch|p2a: I Win|Chansey, F|100\/100\n|move|p1a: Toxapex|Toxic|p2a: I Win\n|-status|p2a: I Win|tox\n|\n|-damage|p2a: I Win|94\/100 tox|[from] psn\n|upkeep\n|turn|6\n|j| jkljlkh\n|c| jkljlkh|hi\n|\n|t:|1700876242\n|move|p2a: I Win|Wish|p2a: I Win\n|move|p1a: Toxapex|Knock Off|p2a: I Win\n|-damage|p2a: I Win|84\/100 tox\n|-enditem|p2a: I Win|Eviolite|[from] move: Knock Off|[of] p1a: Toxapex\n|\n|-damage|p2a: I Win|72\/100 tox|[from] psn\n|upkeep\n|turn|7\n|c| jkljlkh|its figment\n|c|\u2606NDSNEZyedropwhen|they have specs ice beam dnite\n|\n|t:|1700876263\n|switch|p1a: Tyranitar|Tyranitar, M|100\/100\n|-weather|Sandstorm|[from] ability: Sand Stream|[of] p1a: Tyranitar\n|move|p2a: I Win|Heal Bell|p2a: I Win\n|-activate|p2a: I Win|move: Heal Bell\n|-curestatus|p2a: I Win|tox|[msg]\n|-curestatus|p2: Aztec Power|tox|[msg]\n|\n|-weather|Sandstorm|[upkeep]\n|-damage|p2a: I Win|66\/100|[from] Sandstorm\n|-heal|p2a: I Win|100\/100|[from] move: Wish|[wisher] I Win\n|upkeep\n|turn|8\n|c| jkljlkh|nah\n|c| jkljlkh|thats crazy\n|c|\u2606NDSNEZyedropwhen|im getting goobed\n|inactive|573744544RT63363 has 90 seconds left.\n|\n|t:|1700876303\n|-activate|p2a: I Win|move: Pursuit\n|detailschange|p1a: Tyranitar|Tyranitar-Mega, M\n|-mega|p1a: Tyranitar|Tyranitar|Tyranitarite\n|move|p1a: Tyranitar|Pursuit|p2a: I Win|[from]Pursuit\n|-damage|p2a: I Win|59\/100\n|switch|p2a: Macho Mexican|Landorus-Therian, M|100\/100\n|-ability|p2a: Macho Mexican|Intimidate|boost\n|-unboost|p1a: Tyranitar|atk|1\n|\n|-weather|Sandstorm|[upkeep]\n|upkeep\n|turn|9\n|inactive|573744544RT63363 has 90 seconds left.\n|\n|t:|1700876315\n|switch|p1a: Corviknight|Corviknight, M|100\/100\n|-ability|p1a: Corviknight|Pressure\n|move|p2a: Macho Mexican|Superpower|p1a: Corviknight\n|-damage|p1a: Corviknight|64\/100\n|-unboost|p2a: Macho Mexican|atk|1\n|-unboost|p2a: Macho Mexican|def|1\n|\n|-weather|Sandstorm|[upkeep]\n|-heal|p1a: Corviknight|70\/100|[from] item: Leftovers\n|upkeep\n|turn|10\n|inactive|573744544RT63363 has 90 seconds left.\n|c| jkljlkh|do you like tacos 573744544rt6363\n|\n|t:|1700876341\n|switch|p2a: Extreme Draco|Dragonite, M|100\/100\n|switch|p1a: Tyranitar|Tyranitar-Mega, M|100\/100\n|\n|-weather|Sandstorm|[upkeep]\n|-damage|p2a: Extreme Draco|94\/100|[from] Sandstorm\n|upkeep\n|turn|11\n|c|\u2606NDSNEZyedropwhen|you can bet he does\n|\n|t:|1700876350\n|switch|p2a: Rage Quit FTW|Alomomola, M|100\/100\n|move|p1a: Tyranitar|Ice Punch|p2a: Rage Quit FTW\n|-resisted|p2a: Rage Quit FTW\n|-damage|p2a: Rage Quit FTW|93\/100\n|-damage|p1a: Tyranitar|84\/100|[from] item: Rocky Helmet|[of] p2a: Rage Quit FTW\n|\n|-weather|none\n|upkeep\n|turn|12\n|inactive|573744544RT63363 has 90 seconds left.\n|\n|t:|1700876359\n|move|p1a: Tyranitar|Knock Off|p2a: Rage Quit FTW\n|-damage|p2a: Rage Quit FTW|66\/100\n|-damage|p1a: Tyranitar|67\/100|[from] item: Rocky Helmet|[of] p2a: Rage Quit FTW\n|-enditem|p2a: Rage Quit FTW|Rocky Helmet|[from] move: Knock Off|[of] p1a: Tyranitar\n|move|p2a: Rage Quit FTW|Wish|p2a: Rage Quit FTW\n|\n|upkeep\n|turn|13\n|\n|t:|1700876381\n|switch|p1a: Blissey|Blissey, F|100\/100\n|move|p2a: Rage Quit FTW|Toxic|p1a: Blissey\n|-status|p1a: Blissey|tox\n|\n|-heal|p2a: Rage Quit FTW|100\/100|[from] move: Wish|[wisher] Rage Quit FTW\n|-damage|p1a: Blissey|94\/100 tox|[from] psn\n|upkeep\n|turn|14\n|inactive|573744544RT63363 has 90 seconds left.\n|\n|t:|1700876403\n|switch|p2a: I DlCCK Yo Girl|Sneasler, M|100\/100\n|move|p1a: Blissey|Stealth Rock|p2a: I DlCCK Yo Girl\n|-sidestart|p2: 573744544RT63363|move: Stealth Rock\n|\n|-damage|p1a: Blissey|82\/100 tox|[from] psn\n|upkeep\n|turn|15\n|inactive|573744544RT63363 has 90 seconds left.\n|\n|t:|1700876415\n|-curestatus|p1a: Blissey|tox|[from] ability: Natural Cure\n|switch|p1a: Toxapex|Toxapex, M|100\/100\n|move|p2a: I DlCCK Yo Girl|Dire Claw|p1a: Toxapex\n|-resisted|p1a: Toxapex\n|-damage|p1a: Toxapex|85\/100\n|\n|upkeep\n|turn|16\n|inactive|573744544RT63363 has 90 seconds left.\n|\n|t:|1700876427\n|switch|p2a: I Win|Chansey, F|59\/100\n|-damage|p2a: I Win|47\/100|[from] Stealth Rock\n|move|p1a: Toxapex|Knock Off|p2a: I Win\n|-damage|p2a: I Win|37\/100\n|\n|upkeep\n|turn|17\n|\n|t:|1700876432\n|switch|p1a: Tyranitar|Tyranitar-Mega, M|67\/100\n|-weather|Sandstorm|[from] ability: Sand Stream|[of] p1a: Tyranitar\n|move|p2a: I Win|Wish|p2a: I Win\n|\n|-weather|Sandstorm|[upkeep]\n|-damage|p2a: I Win|31\/100|[from] Sandstorm\n|upkeep\n|turn|18\n|\n|t:|1700876438\n|move|p2a: I Win|Protect|p2a: I Win\n|-singleturn|p2a: I Win|Protect\n|move|p1a: Tyranitar|Knock Off|p2a: I Win\n|-activate|p2a: I Win|move: Protect\n|\n|-weather|Sandstorm|[upkeep]\n|-damage|p2a: I Win|25\/100|[from] Sandstorm\n|-heal|p2a: I Win|74\/100|[from] move: Wish|[wisher] I Win\n|upkeep\n|turn|19\n|\n|t:|1700876445\n|switch|p2a: Rage Quit FTW|Alomomola, M|100\/100\n|-damage|p2a: Rage Quit FTW|88\/100|[from] Stealth Rock\n|move|p1a: Tyranitar|Knock Off|p2a: Rage Quit FTW\n|-damage|p2a: Rage Quit FTW|67\/100\n|\n|-weather|Sandstorm|[upkeep]\n|-damage|p2a: Rage Quit FTW|61\/100|[from] Sandstorm\n|upkeep\n|turn|20\n|inactive|573744544RT63363 has 120 seconds left.\n|\n|t:|1700876455\n|switch|p1a: Toxapex|Toxapex, M|100\/100\n|move|p2a: Rage Quit FTW|Wish|p2a: Rage Quit FTW\n|\n|-weather|Sandstorm|[upkeep]\n|-damage|p2a: Rage Quit FTW|55\/100|[from] Sandstorm\n|-damage|p1a: Toxapex|95\/100|[from] Sandstorm\n|upkeep\n|turn|21\n|\n|t:|1700876472\n|switch|p2a: I Win|Chansey, F|74\/100\n|-damage|p2a: I Win|62\/100|[from] Stealth Rock\n|switch|p1a: Tyranitar|Tyranitar-Mega, M|67\/100\n|\n|-weather|none\n|-heal|p2a: I Win|99\/100|[from] move: Wish|[wisher] Rage Quit FTW\n|upkeep\n|turn|22\n|\n|t:|1700876479\n|move|p1a: Tyranitar|Knock Off|p2a: I Win\n|-damage|p2a: I Win|66\/100\n|move|p2a: I Win|Toxic|p1a: Tyranitar\n|-status|p1a: Tyranitar|tox\n|\n|-damage|p1a: Tyranitar|61\/100 tox|[from] psn\n|upkeep\n|turn|23\n|\n|t:|1700876488\n|move|p2a: I Win|Protect|p2a: I Win\n|-singleturn|p2a: I Win|Protect\n|move|p1a: Tyranitar|Knock Off|p2a: I Win\n|-activate|p2a: I Win|move: Protect\n|\n|-damage|p1a: Tyranitar|49\/100 tox|[from] psn\n|upkeep\n|turn|24\n|\n|t:|1700876495\n|move|p1a: Tyranitar|Rest|p1a: Tyranitar\n|-status|p1a: Tyranitar|slp|[from] move: Rest\n|-heal|p1a: Tyranitar|100\/100 slp|[silent]\n|move|p2a: I Win|Wish|p2a: I Win\n|\n|upkeep\n|turn|25\n|\n|t:|1700876503\n|switch|p1a: Toxapex|Toxapex, M|100\/100\n|move|p2a: I Win|Toxic|p1a: Toxapex|[miss]\n|-miss|p2a: I Win|p1a: Toxapex\n|\n|-heal|p2a: I Win|100\/100|[from] move: Wish|[wisher] I Win\n|upkeep\n|turn|26\n|j| Umbre test\n|\n|t:|1700876510\n|switch|p1a: Corviknight|Corviknight, M|70\/100\n|-ability|p1a: Corviknight|Pressure\n|move|p2a: I Win|Protect||[still]\n|-fail|p2a: I Win\n|\n|-heal|p1a: Corviknight|76\/100|[from] item: Leftovers\n|upkeep\n|turn|27\n|\n|t:|1700876515\n|switch|p1a: Toxapex|Toxapex, M|100\/100\n|switch|p2a: Aztec Power|Skeledirge, M|94\/100\n|-damage|p2a: Aztec Power|70\/100|[from] Stealth Rock\n|\n|upkeep\n|turn|28\n|\n|t:|1700876519\n|switch|p1a: Tyranitar|Tyranitar-Mega, M|100\/100 slp\n|-weather|Sandstorm|[from] ability: Sand Stream|[of] p1a: Tyranitar\n|move|p2a: Aztec Power|Earth Power|p1a: Tyranitar\n|-supereffective|p1a: Tyranitar\n|-damage|p1a: Tyranitar|76\/100 slp\n|-unboost|p1a: Tyranitar|spd|1\n|\n|-weather|Sandstorm|[upkeep]\n|-damage|p2a: Aztec Power|64\/100|[from] Sandstorm\n|upkeep\n|turn|29\n|\n|t:|1700876531\n|switch|p1a: Blissey|Blissey, F|82\/100\n|-terastallize|p2a: Aztec Power|Fire\n|move|p2a: Aztec Power|Earth Power|p1a: Blissey\n|-damage|p1a: Blissey|73\/100\n|\n|-weather|Sandstorm|[upkeep]\n|-damage|p2a: Aztec Power|57\/100|[from] Sandstorm\n|-damage|p1a: Blissey|67\/100|[from] Sandstorm\n|upkeep\n|turn|30\n|\n|t:|1700876538\n|move|p2a: Aztec Power|Torch Song|p1a: Blissey\n|-damage|p1a: Blissey|50\/100\n|-boost|p2a: Aztec Power|spa|1\n|move|p1a: Blissey|Seismic Toss|p2a: Aztec Power\n|-damage|p2a: Aztec Power|33\/100\n|\n|-weather|Sandstorm|[upkeep]\n|-damage|p2a: Aztec Power|27\/100|[from] Sandstorm\n|-damage|p1a: Blissey|44\/100|[from] Sandstorm\n|upkeep\n|turn|31\n|\n|t:|1700876550\n|move|p2a: Aztec Power|Slack Off|p2a: Aztec Power\n|-heal|p2a: Aztec Power|77\/100\n|move|p1a: Blissey|Soft-Boiled|p1a: Blissey\n|-heal|p1a: Blissey|94\/100\n|\n|-weather|Sandstorm|[upkeep]\n|-damage|p2a: Aztec Power|71\/100|[from] Sandstorm\n|-damage|p1a: Blissey|88\/100|[from] Sandstorm\n|upkeep\n|turn|32\n|\n|t:|1700876558\n|switch|p1a: Toxapex|Toxapex, M|100\/100\n|move|p2a: Aztec Power|Torch Song|p1a: Toxapex\n|-resisted|p1a: Toxapex\n|-damage|p1a: Toxapex|66\/100\n|-boost|p2a: Aztec Power|spa|1\n|\n|-weather|none\n|upkeep\n|turn|33\n|\n|t:|1700876569\n|-terastallize|p1a: Toxapex|Psychic\n|move|p2a: Aztec Power|Torch Song|p1a: Toxapex\n|-damage|p1a: Toxapex|0 fnt\n|-boost|p2a: Aztec Power|spa|1\n|faint|p1a: Toxapex\n|\n|upkeep\n|c| Umbre test|Lmao\n|c| jkljlkh|wtf\n|inactive|NDSNEZyedropwhen has 120 seconds left.\n|c| jkljlkh|you weren't supposed to do that\n|c|\u2606NDSNEZyedropwhen|he wasn't supposed to click the not very effective move\n|\n|t:|1700876611\n|switch|p1a: Dondozo|Dondozo, M|100\/100\n|turn|34\n|c| Umbre test|That was an extremely dicks play honestly\n|c| jkljlkh|blud is getting goobed\n|c| Umbre test|Goobed\n|c|\u2606NDSNEZyedropwhen|if i lose i'm quitting mons\n|inactive|573744544RT63363 has 120 seconds left.\n|\n|t:|1700876644\n|switch|p2a: Rage Quit FTW|Alomomola, M|88\/100\n|-damage|p2a: Rage Quit FTW|76\/100|[from] Stealth Rock\n|move|p1a: Dondozo|Body Press|p2a: Rage Quit FTW\n|-damage|p2a: Rage Quit FTW|62\/100\n|\n|upkeep\n|turn|35\n|c| jkljlkh|goobed by the macho mexicna\n|c| Umbre test|Ur quitting mons\n|\n|t:|1700876659\n|switch|p1a: Corviknight|Corviknight, M|76\/100\n|-ability|p1a: Corviknight|Pressure\n|move|p2a: Rage Quit FTW|Toxic|p1a: Corviknight|[miss]\n|-miss|p2a: Rage Quit FTW|p1a: Corviknight\n|\n|-heal|p1a: Corviknight|83\/100|[from] item: Leftovers\n|upkeep\n|turn|36\n|\n|t:|1700876669\n|switch|p1a: Dondozo|Dondozo, M|100\/100\n|move|p2a: Rage Quit FTW|Wish|p2a: Rage Quit FTW\n|\n|upkeep\n|turn|37\n|\n|t:|1700876674\n|switch|p1a: Corviknight|Corviknight, M|83\/100\n|-ability|p1a: Corviknight|Pressure\n|move|p2a: Rage Quit FTW|Toxic|p1a: Corviknight\n|-immune|p1a: Corviknight\n|\n|-heal|p2a: Rage Quit FTW|100\/100|[from] move: Wish|[wisher] Rage Quit FTW\n|-heal|p1a: Corviknight|89\/100|[from] item: Leftovers\n|upkeep\n|turn|38\n|c| jkljlkh|rip the half decent sneasler check\n|\n|t:|1700876680\n|move|p1a: Corviknight|Protect|p1a: Corviknight\n|-singleturn|p1a: Corviknight|Protect\n|move|p2a: Rage Quit FTW|Scald|p1a: Corviknight\n|-activate|p1a: Corviknight|move: Protect\n|\n|-heal|p1a: Corviknight|95\/100|[from] item: Leftovers\n|upkeep\n|turn|39\n|\n|t:|1700876685\n|switch|p1a: Blissey|Blissey, F|88\/100\n|move|p2a: Rage Quit FTW|Scald|p1a: Blissey\n|-damage|p1a: Blissey|84\/100\n|\n|upkeep\n|turn|40\n|\n|t:|1700876694\n|switch|p2a: I DlCCK Yo Girl|Sneasler, M|100\/100\n|-damage|p2a: I DlCCK Yo Girl|95\/100|[from] Stealth Rock\n|switch|p1a: Dondozo|Dondozo, M|100\/100\n|\n|upkeep\n|turn|41\n|c| Umbre test|Yo get your spikes up\n|c| Umbre test|Oh wait gliscor is dead\n|c|\u2606NDSNEZyedropwhen|i hate you\n|\n|t:|1700876707\n|switch|p1a: Corviknight|Corviknight, M|95\/100\n|-ability|p1a: Corviknight|Pressure\n|move|p2a: I DlCCK Yo Girl|Dire Claw|p1a: Corviknight\n|-immune|p1a: Corviknight\n|\n|-heal|p1a: Corviknight|100\/100|[from] item: Leftovers\n|upkeep\n|turn|42\n|c| jkljlkh|fr hack spikes on corv\n|c| jkljlkh|ez\n|c| jkljlkh|ez\n|c| Umbre test|I hate me too don't worry\n|c| jkljlkh|pp stall the sneasler\n|c| jkljlkh|:fire:\n|\n|t:|1700876727\n|switch|p2a: Rage Quit FTW|Alomomola, M|100\/100\n|-damage|p2a: Rage Quit FTW|88\/100|[from] Stealth Rock\n|switch|p1a: Dondozo|Dondozo, M|100\/100\n|\n|upkeep\n|turn|43\n|\n|t:|1700876745\n|move|p2a: Rage Quit FTW|Scald|p1a: Dondozo\n|-resisted|p1a: Dondozo\n|-damage|p1a: Dondozo|94\/100\n|-status|p1a: Dondozo|brn\n|move|p1a: Dondozo|Curse|p1a: Dondozo\n|-unboost|p1a: Dondozo|spe|1\n|-boost|p1a: Dondozo|atk|1\n|-boost|p1a: Dondozo|def|1\n|\n|-damage|p1a: Dondozo|88\/100 brn|[from] brn\n|upkeep\n|turn|44\n|\n|t:|1700876759\n|switch|p2a: I DlCCK Yo Girl|Sneasler, M|95\/100\n|-damage|p2a: I DlCCK Yo Girl|89\/100|[from] Stealth Rock\n|move|p1a: Dondozo|Body Press|p2a: I DlCCK Yo Girl\n|-resisted|p2a: I DlCCK Yo Girl\n|-damage|p2a: I DlCCK Yo Girl|72\/100\n|\n|-damage|p1a: Dondozo|81\/100 brn|[from] brn\n|upkeep\n|turn|45\n|\n|t:|1700876766\n|move|p2a: I DlCCK Yo Girl|Swords Dance|p2a: I DlCCK Yo Girl\n|-boost|p2a: I DlCCK Yo Girl|atk|2\n|move|p1a: Dondozo|Rest|p1a: Dondozo\n|-status|p1a: Dondozo|slp|[from] move: Rest\n|-heal|p1a: Dondozo|100\/100 slp|[silent]\n|\n|upkeep\n|turn|46\n|\n|t:|1700876769\n|move|p2a: I DlCCK Yo Girl|Close Combat|p1a: Dondozo\n|-damage|p1a: Dondozo|78\/100 slp\n|-unboost|p2a: I DlCCK Yo Girl|def|1\n|-unboost|p2a: I DlCCK Yo Girl|spd|1\n|cant|p1a: Dondozo|slp\n|move|p1a: Dondozo|Sleep Talk|p1a: Dondozo\n|move|p1a: Dondozo|Rest||[from]move: Sleep Talk|[still]\n|-fail|p1a: Dondozo\n|\n|upkeep\n|turn|47\n|\n|t:|1700876780\n|move|p2a: I DlCCK Yo Girl|Dire Claw|p1a: Dondozo\n|-damage|p1a: Dondozo|64\/100 slp\n|cant|p1a: Dondozo|slp\n|move|p1a: Dondozo|Sleep Talk|p1a: Dondozo\n|move|p1a: Dondozo|Rest||[from]move: Sleep Talk|[still]\n|-fail|p1a: Dondozo\n|\n|upkeep\n|turn|48\n|\n|t:|1700876787\n|switch|p2a: Extreme Draco|Dragonite, M|94\/100\n|-damage|p2a: Extreme Draco|70\/100|[from] Stealth Rock\n|-curestatus|p1a: Dondozo|slp|[msg]\n|move|p1a: Dondozo|Body Press|p2a: Extreme Draco\n|-resisted|p2a: Extreme Draco\n|-crit|p2a: Extreme Draco\n|-damage|p2a: Extreme Draco|35\/100\n|\n|upkeep\n|turn|49\n|c| Umbre test|Goobed\n|\n|t:|1700876796\n|switch|p1a: Corviknight|Corviknight, M|100\/100\n|-ability|p1a: Corviknight|Pressure\n|move|p2a: Extreme Draco|Draco Meteor|p1a: Corviknight\n|-resisted|p1a: Corviknight\n|-damage|p1a: Corviknight|80\/100\n|-unboost|p2a: Extreme Draco|spa|2\n|\n|-heal|p1a: Corviknight|86\/100|[from] item: Leftovers\n|upkeep\n|turn|50\n|\n|t:|1700876804\n|switch|p2a: Rage Quit FTW|Alomomola, M|100\/100\n|-damage|p2a: Rage Quit FTW|88\/100|[from] Stealth Rock\n|switch|p1a: Blissey|Blissey, F|84\/100\n|\n|upkeep\n|turn|51\n|\n|t:|1700876808\n|move|p2a: Rage Quit FTW|Wish|p2a: Rage Quit FTW\n|move|p1a: Blissey|Seismic Toss|p2a: Rage Quit FTW\n|-damage|p2a: Rage Quit FTW|69\/100\n|\n|upkeep\n|turn|52\n|\n|t:|1700876813\n|move|p2a: Rage Quit FTW|Toxic|p1a: Blissey\n|-status|p1a: Blissey|tox\n|move|p1a: Blissey|Seismic Toss|p2a: Rage Quit FTW\n|-damage|p2a: Rage Quit FTW|51\/100\n|\n|-heal|p2a: Rage Quit FTW|100\/100|[from] move: Wish|[wisher] Rage Quit FTW\n|-damage|p1a: Blissey|78\/100 tox|[from] psn\n|upkeep\n|turn|53\n|\n|t:|1700876819\n|-curestatus|p1a: Blissey|tox|[from] ability: Natural Cure\n|switch|p1a: Dondozo|Dondozo, M|64\/100\n|move|p2a: Rage Quit FTW|Wish|p2a: Rage Quit FTW\n|\n|upkeep\n|turn|54\n|c| jkljlkh|just assume specsd dnite at this pot\n|c| jkljlkh|point\n|\n|t:|1700876824\n|switch|p2a: Extreme Draco|Dragonite, M|35\/100\n|-damage|p2a: Extreme Draco|10\/100|[from] Stealth Rock\n|switch|p1a: Blissey|Blissey, F|78\/100\n|\n|-heal|p2a: Extreme Draco|93\/100|[from] move: Wish|[wisher] Rage Quit FTW\n|upkeep\n|turn|55\n|c| Umbre test|Why is dnite back to full I wasn't paying attention\n|c| Umbre test|Oh wish\n|inactive|573744544RT63363 has 120 seconds left.\n|c| jkljlkh|no he pulled out the specs rest set\n|c| Umbre test|Skull\n|\n|t:|1700876876\n|switch|p2a: I Win|Chansey, F|100\/100\n|-damage|p2a: I Win|88\/100|[from] Stealth Rock\n|move|p1a: Blissey|Seismic Toss|p2a: I Win\n|-damage|p2a: I Win|74\/100\n|\n|upkeep\n|turn|56\n|c| jkljlkh|if he has draco outrage he's actually cooking\n|\n|t:|1700876886\n|switch|p1a: Corviknight|Corviknight, M|86\/100\n|-ability|p1a: Corviknight|Pressure\n|move|p2a: I Win|Wish|p2a: I Win\n|\n|-heal|p1a: Corviknight|92\/100|[from] item: Leftovers\n|upkeep\n|turn|57\n|c| jkljlkh|also I think dozo might be in cc 2hko range\n|\n|t:|1700876893\n|switch|p2a: Extreme Draco|Dragonite, M|93\/100\n|-damage|p2a: Extreme Draco|68\/100|[from] Stealth Rock\n|move|p1a: Corviknight|Iron Head|p2a: Extreme Draco\n|-damage|p2a: Extreme Draco|41\/100\n|\n|-heal|p2a: Extreme Draco|100\/100|[from] move: Wish|[wisher] I Win\n|-heal|p1a: Corviknight|98\/100|[from] item: Leftovers\n|upkeep\n|turn|58\n|c| Umbre test|Nah bro got the double wish\n|c| Umbre test|It's joever\n|\n|t:|1700876900\n|switch|p1a: Blissey|Blissey, F|78\/100\n|move|p2a: Extreme Draco|Flamethrower|p1a: Blissey\n|-damage|p1a: Blissey|70\/100\n|\n|upkeep\n|turn|59\n|\n|t:|1700876906\n|switch|p2a: Rage Quit FTW|Alomomola, M|100\/100\n|-damage|p2a: Rage Quit FTW|88\/100|[from] Stealth Rock\n|switch|p1a: Dondozo|Dondozo, M|64\/100\n|\n|upkeep\n|turn|60\n|c| jkljlkh|nah just stall it\n|c| jkljlkh|ez\n|c| jkljlkh|you win\n|c| Umbre test|Lmao ft instead of fire blast\n|\n|t:|1700876912\n|move|p2a: Rage Quit FTW|Toxic|p1a: Dondozo\n|-status|p1a: Dondozo|tox\n|move|p1a: Dondozo|Curse|p1a: Dondozo\n|-unboost|p1a: Dondozo|spe|1\n|-boost|p1a: Dondozo|atk|1\n|-boost|p1a: Dondozo|def|1\n|\n|-damage|p1a: Dondozo|58\/100 tox|[from] psn\n|upkeep\n|turn|61\n|c| Umbre test|Crazy\n|c| Umbre test|It's actually joever\n|c|\u2606NDSNEZyedropwhen|do i rest\n|\n|t:|1700876922\n|switch|p2a: Extreme Draco|Dragonite, M|100\/100\n|-damage|p2a: Extreme Draco|76\/100|[from] Stealth Rock\n|move|p1a: Dondozo|Rest|p1a: Dondozo\n|-status|p1a: Dondozo|slp|[from] move: Rest\n|-heal|p1a: Dondozo|100\/100 slp|[silent]\n|\n|upkeep\n|turn|62\n|c| jkljlkh|aso pp stall hard asf\n|c| jkljlkh|yes rest\n|c| Umbre test|Bro is wasting his rests\n|\n|t:|1700876929\n|switch|p1a: Blissey|Blissey, F|70\/100\n|move|p2a: Extreme Draco|Hurricane|p1a: Blissey|[miss]\n|-miss|p2a: Extreme Draco|p1a: Blissey\n|\n|upkeep\n|turn|63\n|c| jkljlkh|and pp stal hard asf\n|c| jkljlkh|nahh thats wild\n|\n|t:|1700876937\n|switch|p2a: Macho Mexican|Landorus-Therian, M|100\/100\n|-damage|p2a: Macho Mexican|88\/100|[from] Stealth Rock\n|-ability|p2a: Macho Mexican|Intimidate|boost\n|-unboost|p1a: Blissey|atk|1\n|switch|p1a: Corviknight|Corviknight, M|98\/100\n|-ability|p1a: Corviknight|Pressure\n|\n|-heal|p1a: Corviknight|100\/100|[from] item: Leftovers\n|upkeep\n|turn|64\n|c| Umbre test|U got no wish u lose\n|\n|t:|1700876944\n|move|p2a: Macho Mexican|Knock Off|p1a: Corviknight\n|-damage|p1a: Corviknight|70\/100\n|-enditem|p1a: Corviknight|Leftovers|[from] move: Knock Off|[of] p2a: Macho Mexican\n|move|p1a: Corviknight|Iron Head|p2a: Macho Mexican\n|-damage|p2a: Macho Mexican|57\/100\n|\n|upkeep\n|turn|65\n|\n|t:|1700876951\n|switch|p2a: Rage Quit FTW|Alomomola, M|100\/100\n|-damage|p2a: Rage Quit FTW|88\/100|[from] Stealth Rock\n|move|p1a: Corviknight|Iron Head|p2a: Rage Quit FTW\n|-resisted|p2a: Rage Quit FTW\n|-damage|p2a: Rage Quit FTW|82\/100\n|\n|upkeep\n|turn|66\n|c| Umbre test|You lost all your passive healing it's joever\n|\n|t:|1700876966\n|switch|p1a: Dondozo|Dondozo, M|100\/100 slp\n|move|p2a: Rage Quit FTW|Wish|p2a: Rage Quit FTW\n|\n|upkeep\n|turn|67\n|\n|t:|1700876970\n|switch|p2a: Extreme Draco|Dragonite, M|76\/100\n|-damage|p2a: Extreme Draco|51\/100|[from] Stealth Rock\n|cant|p1a: Dondozo|slp\n|move|p1a: Dondozo|Sleep Talk|p1a: Dondozo\n|move|p1a: Dondozo|Curse|p1a: Dondozo|[from]move: Sleep Talk\n|-unboost|p1a: Dondozo|spe|1\n|-boost|p1a: Dondozo|atk|1\n|-boost|p1a: Dondozo|def|1\n|\n|-heal|p2a: Extreme Draco|100\/100|[from] move: Wish|[wisher] Rage Quit FTW\n|upkeep\n|turn|68\n|\n|t:|1700876982\n|switch|p1a: Blissey|Blissey, F|70\/100\n|move|p2a: Extreme Draco|Hurricane|p1a: Blissey\n|-damage|p1a: Blissey|56\/100\n|\n|upkeep\n|turn|69\n|c| Umbre test|Big chip\n|\n|t:|1700876990\n|switch|p2a: Rage Quit FTW|Alomomola, M|100\/100\n|-damage|p2a: Rage Quit FTW|88\/100|[from] Stealth Rock\n|move|p1a: Blissey|Seismic Toss|p2a: Rage Quit FTW\n|-damage|p2a: Rage Quit FTW|69\/100\n|\n|upkeep\n|turn|70\n|\n|t:|1700876999\n|switch|p1a: Dondozo|Dondozo, M|100\/100 slp\n|move|p2a: Rage Quit FTW|Scald|p1a: Dondozo\n|-resisted|p1a: Dondozo\n|-damage|p1a: Dondozo|94\/100 slp\n|\n|upkeep\n|turn|71\n|\n|t:|1700877003\n|switch|p2a: Extreme Draco|Dragonite, M|100\/100\n|-damage|p2a: Extreme Draco|76\/100|[from] Stealth Rock\n|cant|p1a: Dondozo|slp\n|move|p1a: Dondozo|Sleep Talk|p1a: Dondozo\n|move|p1a: Dondozo|Rest||[from]move: Sleep Talk|[still]\n|-fail|p1a: Dondozo\n|\n|upkeep\n|turn|72\n|\n|t:|1700877013\n|switch|p1a: Blissey|Blissey, F|56\/100\n|move|p2a: Extreme Draco|Draco Meteor|p1a: Blissey\n|-damage|p1a: Blissey|41\/100\n|-unboost|p2a: Extreme Draco|spa|2\n|\n|upkeep\n|turn|73\n|\n|t:|1700877022\n|switch|p2a: Rage Quit FTW|Alomomola, M|100\/100\n|-damage|p2a: Rage Quit FTW|88\/100|[from] Stealth Rock\n|move|p1a: Blissey|Seismic Toss|p2a: Rage Quit FTW\n|-damage|p2a: Rage Quit FTW|69\/100\n|\n|upkeep\n|turn|74\n|\n|t:|1700877030\n|switch|p1a: Dondozo|Dondozo, M|94\/100 slp\n|move|p2a: Rage Quit FTW|Wish|p2a: Rage Quit FTW\n|\n|upkeep\n|turn|75\n|\n|t:|1700877036\n|switch|p2a: Aztec Power|Skeledirge, M, tera:Fire|71\/100\n|-damage|p2a: Aztec Power|46\/100|[from] Stealth Rock\n|switch|p1a: Blissey|Blissey, F|41\/100\n|\n|-heal|p2a: Aztec Power|100\/100|[from] move: Wish|[wisher] Rage Quit FTW\n|upkeep\n|turn|76\n|\n|t:|1700877043\n|switch|p1a: Dondozo|Dondozo, M|94\/100 slp\n|move|p2a: Aztec Power|Torch Song|p1a: Dondozo\n|-resisted|p1a: Dondozo\n|-damage|p1a: Dondozo|70\/100 slp\n|-boost|p2a: Aztec Power|spa|1\n|\n|upkeep\n|turn|77\n|\n|t:|1700877050\n|move|p2a: Aztec Power|Shadow Ball|p1a: Dondozo\n|-damage|p1a: Dondozo|31\/100 slp\n|-curestatus|p1a: Dondozo|slp|[msg]\n|move|p1a: Dondozo|Body Press|p2a: Aztec Power\n|-damage|p2a: Aztec Power|78\/100\n|\n|upkeep\n|turn|78\n|c| Umbre test|Oh yeah it's so joever\n|\n|t:|1700877061\n|switch|p1a: Tyranitar|Tyranitar-Mega, M|76\/100 slp\n|-weather|Sandstorm|[from] ability: Sand Stream|[of] p1a: Tyranitar\n|move|p2a: Aztec Power|Torch Song|p1a: Tyranitar\n|-resisted|p1a: Tyranitar\n|-damage|p1a: Tyranitar|61\/100 slp\n|-boost|p2a: Aztec Power|spa|1\n|\n|-weather|Sandstorm|[upkeep]\n|-damage|p2a: Aztec Power|72\/100|[from] Sandstorm\n|upkeep\n|turn|79\n|\n|t:|1700877069\n|cant|p1a: Tyranitar|slp\n|move|p2a: Aztec Power|Earth Power|p1a: Tyranitar\n|-supereffective|p1a: Tyranitar\n|-damage|p1a: Tyranitar|14\/100 slp\n|\n|-weather|Sandstorm|[upkeep]\n|-damage|p2a: Aztec Power|65\/100|[from] Sandstorm\n|upkeep\n|turn|80\n|\n|t:|1700877078\n|cant|p1a: Tyranitar|slp\n|move|p2a: Aztec Power|Earth Power|p1a: Tyranitar\n|-supereffective|p1a: Tyranitar\n|-damage|p1a: Tyranitar|0 fnt\n|faint|p1a: Tyranitar\n|\n|-weather|Sandstorm|[upkeep]\n|-damage|p2a: Aztec Power|59\/100|[from] Sandstorm\n|upkeep\n|\n|t:|1700877084\n|switch|p1a: Blissey|Blissey, F|41\/100\n|turn|81\n|inactive|573744544RT63363 has 120 seconds left.\n|\n|t:|1700877138\n|move|p2a: Aztec Power|Torch Song|p1a: Blissey\n|-damage|p1a: Blissey|10\/100\n|-boost|p2a: Aztec Power|spa|1\n|move|p1a: Blissey|Soft-Boiled|p1a: Blissey\n|-heal|p1a: Blissey|60\/100\n|\n|-weather|Sandstorm|[upkeep]\n|-damage|p2a: Aztec Power|53\/100|[from] Sandstorm\n|-damage|p1a: Blissey|54\/100|[from] Sandstorm\n|upkeep\n|turn|82\n|\n|t:|1700877146\n|move|p2a: Aztec Power|Torch Song|p1a: Blissey\n|-damage|p1a: Blissey|14\/100\n|-boost|p2a: Aztec Power|spa|1\n|move|p1a: Blissey|Seismic Toss|p2a: Aztec Power\n|-damage|p2a: Aztec Power|29\/100\n|\n|-weather|none\n|upkeep\n|turn|83\n|\n|t:|1700877154\n|move|p2a: Aztec Power|Slack Off|p2a: Aztec Power\n|-heal|p2a: Aztec Power|79\/100\n|move|p1a: Blissey|Seismic Toss|p2a: Aztec Power\n|-damage|p2a: Aztec Power|55\/100\n|\n|upkeep\n|turn|84\n|\n|t:|1700877156\n|move|p2a: Aztec Power|Torch Song|p1a: Blissey\n|-damage|p1a: Blissey|0 fnt\n|-boost|p2a: Aztec Power|spa|1\n|faint|p1a: Blissey\n|\n|upkeep\n|-message|NDSNEZyedropwhen forfeited.\n|\n|win|573744544RT63363\n|raw|NDSNEZyedropwhen's rating: 1184 &rarr; <strong>1153<\/strong><br \/>(-31 for losing)\n|raw|573744544RT63363's rating: 1092 &rarr; <strong>1125<\/strong><br \/>(+33 for winning)\n|l|\u2606NDSNEZyedropwhen\n","uploadtime":1700877174,"views":7,"p1id":"ndsnezyedropwhen","p2id":"573744544rt63363","formatid":"gen9nationaldex","rating":1125,"private":0,"password":""}