{"id":"gen9nationaldex-1995850296","p1":"TheStroker","p2":"221savage","format":"[Gen 9] National Dex","log":"|html|<div class=\"broadcast-blue\"><strong>[Gen 9] National Dex is currently suspecting Sneasler! For information on how to participate check out the <a href=\"https:\/\/www.smogon.com\/forums\/threads\/sv-national-dex-suspect-8-just-dance.3731534\/\">suspect thread<\/a>.<\/strong><\/div>\n|j|\u2606TheStroker\n|j|\u2606221savage\n|t:|1700609521\n|gametype|singles\n|player|p1|TheStroker|janitor|1532\n|player|p2|221savage|101|1470\n|teamsize|p1|6\n|teamsize|p2|6\n|gen|9\n|tier|[Gen 9] National Dex\n|rated|\n|rule|HP Percentage Mod: HP is shown in percentages\n|rule|Endless Battle Clause: Forcing endless battles is banned\n|rule|OHKO Clause: OHKO moves are banned\n|rule|Evasion Clause: Evasion abilities, items, and moves are banned\n|rule|Evasion Abilities Clause: Evasion abilities are banned\n|rule|Evasion Items Clause: Evasion items are banned\n|rule|Evasion Moves Clause: Evasion moves are banned\n|rule|Species Clause: Limit one of each Pok\u00e9mon\n|rule|Sleep Clause Mod: Limit one foe put to sleep\n|clearpoke\n|poke|p1|Skeledirge, M|\n|poke|p1|Ditto|\n|poke|p1|Zangoose, M|\n|poke|p1|Mightyena, F|\n|poke|p1|Landorus-Therian, M|\n|poke|p1|Sneasler, M|\n|poke|p2|Blastoise, M|\n|poke|p2|Banette, M|\n|poke|p2|Machamp, M|\n|poke|p2|Darmanitan, M|\n|poke|p2|Tsareena, F|\n|poke|p2|Toxtricity, F|\n|teampreview\n|j| gayspotter2\n|c|\u2606221savage|ha gaaaaaay\n|j| kung fu pokechu\n|c|\u2606TheStroker|toxic\n|\n|t:|1700609567\n|start\n|switch|p1a: Not edited|Ditto|100\/100\n|switch|p2a: Blastoise|Blastoise, M|100\/100\n|-transform|p1a: Not edited|p2a: Blastoise|[from] ability: Imposter\n|turn|1\n|\n|t:|1700609606\n|switch|p1a: Rather mighty|Mightyena, F|100\/100\n|-ability|p1a: Rather mighty|Intimidate|boost\n|-unboost|p2a: Blastoise|atk|1\n|move|p2a: Blastoise|Shell Smash|p2a: Blastoise\n|-unboost|p2a: Blastoise|def|1\n|-unboost|p2a: Blastoise|spd|1\n|-boost|p2a: Blastoise|atk|2\n|-boost|p2a: Blastoise|spa|2\n|-boost|p2a: Blastoise|spe|2\n|\n|upkeep\n|turn|2\n|inactive|Battle timer is ON: inactive players will automatically lose when time's up. (requested by TheStroker)\n|\n|t:|1700609637\n|-zpower|p2a: Blastoise\n|move|p2a: Blastoise|All-Out Pummeling|p1a: Rather mighty|[zeffect]\n|-supereffective|p1a: Rather mighty\n|-crit|p1a: Rather mighty\n|-enditem|p1a: Rather mighty|Focus Sash\n|-damage|p1a: Rather mighty|1\/100\n|move|p1a: Rather mighty|Thunder Fang|p2a: Blastoise\n|-supereffective|p2a: Blastoise\n|-damage|p2a: Blastoise|38\/100\n|\n|upkeep\n|turn|3\n|\n|t:|1700609649\n|move|p2a: Blastoise|Ice Beam|p1a: Rather mighty\n|-damage|p1a: Rather mighty|0 fnt\n|faint|p1a: Rather mighty\n|\n|upkeep\n|\n|t:|1700609653\n|switch|p1a: Not edited|Ditto|100\/100\n|-transform|p1a: Not edited|p2a: Blastoise|[from] ability: Imposter\n|turn|4\n|\n|t:|1700609667\n|move|p1a: Not edited|Hydro Pump|p2a: Blastoise|[miss]\n|-miss|p1a: Not edited|p2a: Blastoise\n|move|p2a: Blastoise|Focus Blast|p1a: Not edited\n|-damage|p1a: Not edited|0 fnt\n|faint|p1a: Not edited\n|\n|upkeep\n|\n|t:|1700609673\n|switch|p1a: Zangn\u00f3\u00f3b|Zangoose, M|100\/100\n|turn|5\n|\n|t:|1700609681\n|move|p1a: Zangn\u00f3\u00f3b|Protect|p1a: Zangn\u00f3\u00f3b\n|-singleturn|p1a: Zangn\u00f3\u00f3b|Protect\n|move|p2a: Blastoise|Focus Blast|p1a: Zangn\u00f3\u00f3b\n|-activate|p1a: Zangn\u00f3\u00f3b|move: Protect\n|\n|-status|p1a: Zangn\u00f3\u00f3b|tox|[from] item: Toxic Orb\n|upkeep\n|turn|6\n|\n|t:|1700609694\n|move|p1a: Zangn\u00f3\u00f3b|Quick Attack|p2a: Blastoise\n|-damage|p2a: Blastoise|0 fnt\n|faint|p2a: Blastoise\n|\n|-damage|p1a: Zangn\u00f3\u00f3b|95\/100 tox|[from] psn\n|upkeep\n|\n|t:|1700609708\n|switch|p2a: Banette|Banette, M|100\/100\n|turn|7\n|\n|t:|1700609712\n|detailschange|p2a: Banette|Banette-Mega, M\n|-mega|p2a: Banette|Banette|Banettite\n|move|p2a: Banette|Destiny Bond|p2a: Banette\n|-singlemove|p2a: Banette|Destiny Bond\n|move|p1a: Zangn\u00f3\u00f3b|Knock Off|p2a: Banette\n|-supereffective|p2a: Banette\n|-damage|p2a: Banette|18\/100\n|\n|-damage|p1a: Zangn\u00f3\u00f3b|83\/100 tox|[from] psn\n|upkeep\n|turn|8\n|\n|t:|1700609718\n|move|p1a: Zangn\u00f3\u00f3b|Knock Off|p2a: Banette\n|-supereffective|p2a: Banette\n|-damage|p2a: Banette|0 fnt\n|faint|p2a: Banette\n|-activate|p2a: Banette|move: Destiny Bond\n|faint|p1a: Zangn\u00f3\u00f3b\n|\n|upkeep\n|\n|t:|1700609723\n|switch|p1a: Not flamboyant|Skeledirge, M|100\/100\n|switch|p2a: Darmanitan|Darmanitan, M|100\/100\n|turn|9\n|\n|t:|1700609728\n|move|p2a: Darmanitan|Rock Slide|p1a: Not flamboyant\n|-supereffective|p1a: Not flamboyant\n|-damage|p1a: Not flamboyant|51\/100\n|move|p1a: Not flamboyant|Torch Song|p2a: Darmanitan\n|-resisted|p2a: Darmanitan\n|-damage|p2a: Darmanitan|79\/100\n|-boost|p1a: Not flamboyant|spa|1\n|\n|upkeep\n|turn|10\n|\n|t:|1700609758\n|switch|p1a: oooooooooooooo|Landorus-Therian, M|100\/100\n|-ability|p1a: oooooooooooooo|Intimidate|boost\n|-unboost|p2a: Darmanitan|atk|1\n|move|p2a: Darmanitan|Rock Slide|p1a: oooooooooooooo\n|-damage|p1a: oooooooooooooo|75\/100\n|\n|-heal|p1a: oooooooooooooo|81\/100|[from] item: Leftovers\n|upkeep\n|turn|11\n|\n|t:|1700609764\n|switch|p2a: Tsareena|Tsareena, F|100\/100\n|move|p1a: oooooooooooooo|Substitute|p1a: oooooooooooooo\n|-start|p1a: oooooooooooooo|Substitute\n|-damage|p1a: oooooooooooooo|56\/100\n|\n|-heal|p1a: oooooooooooooo|62\/100|[from] item: Leftovers\n|upkeep\n|turn|12\n|\n|t:|1700609775\n|switch|p1a: Not flamboyant|Skeledirge, M|51\/100\n|move|p2a: Tsareena|Triple Axel|p1a: Not flamboyant\n|-resisted|p1a: Not flamboyant\n|-damage|p1a: Not flamboyant|49\/100\n|-resisted|p1a: Not flamboyant\n|-damage|p1a: Not flamboyant|45\/100\n|-resisted|p1a: Not flamboyant\n|-damage|p1a: Not flamboyant|39\/100\n|-hitcount|p1a: Not flamboyant|3\n|\n|upkeep\n|turn|13\n|\n|t:|1700609781\n|switch|p2a: Darmanitan|Darmanitan, M|79\/100\n|move|p1a: Not flamboyant|Slack Off|p1a: Not flamboyant\n|-heal|p1a: Not flamboyant|89\/100\n|\n|upkeep\n|turn|14\n|\n|t:|1700609798\n|move|p2a: Darmanitan|Rock Slide|p1a: Not flamboyant\n|-supereffective|p1a: Not flamboyant\n|-damage|p1a: Not flamboyant|42\/100\n|move|p1a: Not flamboyant|Shadow Ball|p2a: Darmanitan\n|-damage|p2a: Darmanitan|30\/100\n|-unboost|p2a: Darmanitan|spd|1\n|\n|upkeep\n|turn|15\n|\n|t:|1700609808\n|switch|p1a: oooooooooooooo|Landorus-Therian, M|62\/100\n|-ability|p1a: oooooooooooooo|Intimidate|boost\n|-unboost|p2a: Darmanitan|atk|1\n|move|p2a: Darmanitan|Rock Slide|p1a: oooooooooooooo\n|-damage|p1a: oooooooooooooo|34\/100\n|\n|-heal|p1a: oooooooooooooo|40\/100|[from] item: Leftovers\n|upkeep\n|turn|16\n|\n|t:|1700609814\n|switch|p2a: Tsareena|Tsareena, F|100\/100\n|move|p1a: oooooooooooooo|Knock Off|p2a: Tsareena\n|-damage|p2a: Tsareena|62\/100\n|-enditem|p2a: Tsareena|Assault Vest|[from] move: Knock Off|[of] p1a: oooooooooooooo\n|\n|-heal|p1a: oooooooooooooo|46\/100|[from] item: Leftovers\n|upkeep\n|turn|17\n|\n|t:|1700609826\n|switch|p1a: cancer noob luck|Sneasler, M|100\/100\n|-item|p1a: cancer noob luck|Air Balloon\n|move|p2a: Tsareena|Power Whip|p1a: cancer noob luck\n|-resisted|p1a: cancer noob luck\n|-damage|p1a: cancer noob luck|46\/100\n|-enditem|p1a: cancer noob luck|Air Balloon\n|\n|upkeep\n|turn|18\n|\n|t:|1700609839\n|move|p1a: cancer noob luck|Dire Claw|p2a: Tsareena\n|-supereffective|p2a: Tsareena\n|-damage|p2a: Tsareena|0 fnt\n|faint|p2a: Tsareena\n|\n|upkeep\n|\n|t:|1700609842\n|switch|p2a: Toxtricity|Toxtricity, F|100\/100\n|turn|19\n|\n|t:|1700609863\n|switch|p1a: Not flamboyant|Skeledirge, M|42\/100\n|move|p2a: Toxtricity|Sludge Wave|p1a: Not flamboyant\n|-resisted|p1a: Not flamboyant\n|-damage|p1a: Not flamboyant|6\/100\n|\n|upkeep\n|turn|20\n|\n|t:|1700609870\n|move|p2a: Toxtricity|Sludge Wave|p1a: Not flamboyant\n|-resisted|p1a: Not flamboyant\n|-damage|p1a: Not flamboyant|0 fnt\n|faint|p1a: Not flamboyant\n|\n|upkeep\n|\n|t:|1700609873\n|switch|p1a: oooooooooooooo|Landorus-Therian, M|46\/100\n|-ability|p1a: oooooooooooooo|Intimidate|boost\n|-unboost|p2a: Toxtricity|atk|1\n|turn|21\n|\n|t:|1700609889\n|switch|p2a: Machamp|Machamp, M|100\/100\n|move|p1a: oooooooooooooo|Earthquake|p2a: Machamp\n|-damage|p2a: Machamp|50\/100\n|\n|-heal|p1a: oooooooooooooo|52\/100|[from] item: Leftovers\n|upkeep\n|turn|22\n|\n|t:|1700609909\n|move|p1a: oooooooooooooo|Earthquake|p2a: Machamp\n|-damage|p2a: Machamp|0 fnt\n|faint|p2a: Machamp\n|\n|-heal|p1a: oooooooooooooo|59\/100|[from] item: Leftovers\n|upkeep\n|\n|t:|1700609912\n|switch|p2a: Darmanitan|Darmanitan, M|30\/100\n|turn|23\n|\n|t:|1700609922\n|-terastallize|p2a: Darmanitan|Fire\n|-terastallize|p1a: oooooooooooooo|Water\n|move|p2a: Darmanitan|Flare Blitz|p1a: oooooooooooooo\n|-resisted|p1a: oooooooooooooo\n|-damage|p1a: oooooooooooooo|0 fnt\n|faint|p1a: oooooooooooooo\n|-damage|p2a: Darmanitan|10\/100|[from] Recoil\n|\n|upkeep\n|\n|t:|1700609930\n|switch|p1a: cancer noob luck|Sneasler, M|46\/100\n|turn|24\n|\n|t:|1700609934\n|move|p2a: Darmanitan|Flare Blitz|p1a: cancer noob luck\n|-damage|p1a: cancer noob luck|0 fnt\n|faint|p1a: cancer noob luck\n|-damage|p2a: Darmanitan|0 fnt|[from] Recoil\n|faint|p2a: Darmanitan\n|\n|win|221savage\n|raw|TheStroker's rating: 1532 &rarr; <strong>1508<\/strong><br \/>(-24 for losing)\n|raw|221savage's rating: 1470 &rarr; <strong>1494<\/strong><br \/>(+24 for winning)\n","uploadtime":1700609540,"views":1,"p1id":"thestroker","p2id":"221savage","formatid":"gen9nationaldex","rating":1494,"private":0,"password":""}