{"id":"gen9nationaldex-1999620200","p1":"sittingduck1080","p2":"Alvaroketchup","format":"[Gen 9] National Dex","log":"|html|<div class=\"broadcast-blue\"><strong>[Gen 9] National Dex is currently suspecting Sneasler! For information on how to participate check out the <a href=\"https:\/\/www.smogon.com\/forums\/threads\/sv-national-dex-suspect-8-just-dance.3731534\/\">suspect thread<\/a>.<\/strong><\/div>\n|j|\u2606sittingduck1080\n|j|\u2606Alvaroketchup\n|t:|1701101864\n|gametype|singles\n|player|p1|sittingduck1080|rocketgrunt|1347\n|player|p2|Alvaroketchup|101|1243\n|teamsize|p1|6\n|teamsize|p2|6\n|gen|9\n|tier|[Gen 9] National Dex\n|rated|\n|rule|HP Percentage Mod: HP is shown in percentages\n|rule|Endless Battle Clause: Forcing endless battles is banned\n|rule|OHKO Clause: OHKO moves are banned\n|rule|Evasion Clause: Evasion abilities, items, and moves are banned\n|rule|Evasion Abilities Clause: Evasion abilities are banned\n|rule|Evasion Items Clause: Evasion items are banned\n|rule|Evasion Moves Clause: Evasion moves are banned\n|rule|Species Clause: Limit one of each Pok\u00e9mon\n|rule|Sleep Clause Mod: Limit one foe put to sleep\n|clearpoke\n|poke|p1|Ogerpon-Wellspring, F|\n|poke|p1|Tyranitar, F|\n|poke|p1|Heatran, M|\n|poke|p1|Slowking-Galar, F|\n|poke|p1|Gliscor, F|\n|poke|p1|Tornadus-Therian, M|\n|poke|p2|Incineroar, M|\n|poke|p2|Chansey, F|\n|poke|p2|Tapu Lele|\n|poke|p2|Thundurus, M|\n|poke|p2|Corviknight, M|\n|poke|p2|Lopunny, F|\n|teampreview\n|\n|t:|1701101878\n|start\n|switch|p1a: Tyranitar|Tyranitar, F|100\/100\n|switch|p2a: Lopunny|Lopunny, F|100\/100\n|-weather|Sandstorm|[from] ability: Sand Stream|[of] p1a: Tyranitar\n|turn|1\n|\n|t:|1701101890\n|switch|p1a: Gliscor|Gliscor, F|100\/100\n|detailschange|p2a: Lopunny|Lopunny-Mega, F\n|-mega|p2a: Lopunny|Lopunny|Lopunnite\n|move|p2a: Lopunny|Close Combat|p1a: Gliscor\n|-resisted|p1a: Gliscor\n|-damage|p1a: Gliscor|78\/100\n|-unboost|p2a: Lopunny|def|1\n|-unboost|p2a: Lopunny|spd|1\n|\n|-weather|Sandstorm|[upkeep]\n|-damage|p2a: Lopunny|95\/100|[from] Sandstorm\n|-status|p1a: Gliscor|tox|[from] item: Toxic Orb\n|upkeep\n|turn|2\n|\n|t:|1701101915\n|switch|p1a: Tyranitar|Tyranitar, F|100\/100\n|move|p2a: Lopunny|Ice Punch|p1a: Tyranitar\n|-damage|p1a: Tyranitar|75\/100\n|-status|p1a: Tyranitar|frz\n|\n|-weather|Sandstorm|[upkeep]\n|-damage|p2a: Lopunny|89\/100|[from] Sandstorm\n|upkeep\n|turn|3\n|\n|t:|1701101926\n|switch|p1a: Slowking|Slowking-Galar, F|100\/100\n|move|p2a: Lopunny|Close Combat|p1a: Slowking\n|-resisted|p1a: Slowking\n|-damage|p1a: Slowking|89\/100\n|-unboost|p2a: Lopunny|def|1\n|-unboost|p2a: Lopunny|spd|1\n|\n|-weather|Sandstorm|[upkeep]\n|-damage|p2a: Lopunny|83\/100|[from] Sandstorm\n|-damage|p1a: Slowking|83\/100|[from] Sandstorm\n|upkeep\n|turn|4\n|\n|t:|1701101940\n|switch|p2a: Chansey|Chansey, F, shiny|100\/100\n|move|p1a: Slowking|Sludge Bomb|p2a: Chansey\n|-damage|p2a: Chansey|92\/100\n|\n|-weather|Sandstorm|[upkeep]\n|-damage|p2a: Chansey|86\/100|[from] Sandstorm\n|-damage|p1a: Slowking|77\/100|[from] Sandstorm\n|upkeep\n|turn|5\n|\n|t:|1701101958\n|switch|p2a: Corviknight|Corviknight, M|100\/100\n|switch|p1a: Gliscor|Gliscor, F|78\/100 tox\n|\n|-weather|none\n|-heal|p1a: Gliscor|91\/100 tox|[from] ability: Poison Heal\n|upkeep\n|turn|6\n|inactive|Battle timer is ON: inactive players will automatically lose when time's up. (requested by sittingduck1080)\n|\n|t:|1701101968\n|move|p1a: Gliscor|Spikes|p2a: Corviknight\n|-sidestart|p2: Alvaroketchup|Spikes\n|move|p2a: Corviknight|Tailwind|p2a: Corviknight\n|-sidestart|p2: Alvaroketchup|move: Tailwind\n|\n|-heal|p1a: Gliscor|100\/100 tox|[from] ability: Poison Heal\n|upkeep\n|turn|7\n|\n|t:|1701101976\n|move|p2a: Corviknight|Defog|p1a: Gliscor\n|-unboost|p1a: Gliscor|evasion|1\n|-sideend|p2: Alvaroketchup|Spikes|[from] move: Defog|[of] p2a: Corviknight\n|move|p1a: Gliscor|Toxic|p2a: Corviknight\n|-immune|p2a: Corviknight\n|\n|upkeep\n|turn|8\n|\n|t:|1701101982\n|move|p2a: Corviknight|Brave Bird|p1a: Gliscor\n|-damage|p1a: Gliscor|77\/100 tox\n|-damage|p2a: Corviknight|94\/100|[from] Recoil\n|move|p1a: Gliscor|Toxic|p2a: Corviknight\n|-immune|p2a: Corviknight\n|\n|-heal|p1a: Gliscor|90\/100 tox|[from] ability: Poison Heal\n|upkeep\n|turn|9\n|\n|t:|1701101992\n|move|p2a: Corviknight|Brave Bird|p1a: Gliscor\n|-damage|p1a: Gliscor|67\/100 tox\n|-damage|p2a: Corviknight|87\/100|[from] Recoil\n|move|p1a: Gliscor|Toxic|p2a: Corviknight|[miss]\n|-miss|p1a: Gliscor|p2a: Corviknight\n|\n|-heal|p1a: Gliscor|79\/100 tox|[from] ability: Poison Heal\n|-sideend|p2: Alvaroketchup|move: Tailwind\n|upkeep\n|turn|10\n|\n|t:|1701102003\n|move|p1a: Gliscor|Spikes|p2a: Corviknight\n|-sidestart|p2: Alvaroketchup|Spikes\n|move|p2a: Corviknight|Brave Bird|p1a: Gliscor\n|-damage|p1a: Gliscor|55\/100 tox\n|-damage|p2a: Corviknight|80\/100|[from] Recoil\n|\n|-heal|p1a: Gliscor|68\/100 tox|[from] ability: Poison Heal\n|upkeep\n|turn|11\n|\n|t:|1701102012\n|move|p1a: Gliscor|Roost|p1a: Gliscor\n|-heal|p1a: Gliscor|100\/100 tox\n|-singleturn|p1a: Gliscor|move: Roost\n|move|p2a: Corviknight|Brave Bird|p1a: Gliscor\n|-damage|p1a: Gliscor|77\/100 tox\n|-damage|p2a: Corviknight|73\/100|[from] Recoil\n|\n|-heal|p1a: Gliscor|90\/100 tox|[from] ability: Poison Heal\n|upkeep\n|turn|12\n|\n|t:|1701102038\n|switch|p1a: Tyranitar|Tyranitar, F|75\/100 frz\n|-weather|Sandstorm|[from] ability: Sand Stream|[of] p1a: Tyranitar\n|move|p2a: Corviknight|Defog|p1a: Tyranitar\n|-unboost|p1a: Tyranitar|evasion|1\n|-sideend|p2: Alvaroketchup|Spikes|[from] move: Defog|[of] p2a: Corviknight\n|\n|-weather|Sandstorm|[upkeep]\n|upkeep\n|turn|13\n|\n|t:|1701102058\n|detailschange|p1a: Tyranitar|Tyranitar-Mega, F\n|-mega|p1a: Tyranitar|Tyranitar|Tyranitarite\n|cant|p1a: Tyranitar|frz\n|move|p2a: Corviknight|Roost|p2a: Corviknight\n|-heal|p2a: Corviknight|100\/100\n|-singleturn|p2a: Corviknight|move: Roost\n|\n|-weather|Sandstorm|[upkeep]\n|upkeep\n|turn|14\n|\n|t:|1701102067\n|cant|p1a: Tyranitar|frz\n|move|p2a: Corviknight|Tailwind|p2a: Corviknight\n|-sidestart|p2: Alvaroketchup|move: Tailwind\n|\n|-weather|Sandstorm|[upkeep]\n|upkeep\n|turn|15\n|\n|t:|1701102073\n|move|p2a: Corviknight|Brave Bird|p1a: Tyranitar\n|-resisted|p1a: Tyranitar\n|-damage|p1a: Tyranitar|63\/100 frz\n|-damage|p2a: Corviknight|97\/100|[from] Recoil\n|cant|p1a: Tyranitar|frz\n|\n|-weather|Sandstorm|[upkeep]\n|upkeep\n|turn|16\n|\n|t:|1701102083\n|switch|p2a: Chansey|Chansey, F, shiny|86\/100\n|cant|p1a: Tyranitar|frz\n|\n|-weather|none\n|upkeep\n|turn|17\n|\n|t:|1701102090\n|move|p2a: Chansey|Seismic Toss|p1a: Tyranitar\n|-damage|p1a: Tyranitar|36\/100 frz\n|cant|p1a: Tyranitar|frz\n|\n|-sideend|p2: Alvaroketchup|move: Tailwind\n|upkeep\n|turn|18\n|\n|t:|1701102097\n|cant|p1a: Tyranitar|frz\n|move|p2a: Chansey|Seismic Toss|p1a: Tyranitar\n|-damage|p1a: Tyranitar|8\/100 frz\n|\n|upkeep\n|turn|19\n|\n|t:|1701102103\n|cant|p1a: Tyranitar|frz\n|move|p2a: Chansey|Seismic Toss|p1a: Tyranitar\n|-damage|p1a: Tyranitar|0 fnt\n|faint|p1a: Tyranitar\n|\n|upkeep\n|\n|t:|1701102119\n|switch|p1a: Ogerpon|Ogerpon-Wellspring, F|100\/100\n|turn|20\n|\n|t:|1701102124\n|move|p1a: Ogerpon|Swords Dance|p1a: Ogerpon\n|-boost|p1a: Ogerpon|atk|2\n|move|p2a: Chansey|Toxic|p1a: Ogerpon|[miss]\n|-miss|p2a: Chansey|p1a: Ogerpon\n|\n|upkeep\n|turn|21\n|\n|t:|1701102138\n|-terastallize|p2a: Chansey|Flying\n|move|p1a: Ogerpon|Ivy Cudgel|p2a: Chansey|[anim] Ivy Cudgel Water\n|-damage|p2a: Chansey|0 fnt\n|faint|p2a: Chansey\n|\n|upkeep\n|\n|t:|1701102150\n|switch|p2a: Tapu Lele|Tapu Lele, shiny|100\/100\n|-fieldstart|move: Psychic Terrain|[from] ability: Psychic Surge|[of] p2a: Tapu Lele\n|turn|22\n|\n|t:|1701102156\n|-terastallize|p1a: Ogerpon|Water\n|detailschange|p1a: Ogerpon|Ogerpon-Wellspring-Tera, F, tera:Water\n|-ability|p1a: Ogerpon|Embody Aspect (Wellspring)|boost\n|-boost|p1a: Ogerpon|spd|1\n|move|p2a: Tapu Lele|Psychic|p1a: Ogerpon\n|-damage|p1a: Ogerpon|47\/100\n|move|p1a: Ogerpon|Ivy Cudgel|p2a: Tapu Lele|[anim] Ivy Cudgel Water\n|-crit|p2a: Tapu Lele\n|-damage|p2a: Tapu Lele|0 fnt\n|faint|p2a: Tapu Lele\n|\n|upkeep\n|\n|t:|1701102165\n|switch|p2a: Lopunny|Lopunny-Mega, F|83\/100\n|turn|23\n|\n|t:|1701102174\n|move|p2a: Lopunny|Close Combat|p1a: Ogerpon\n|-damage|p1a: Ogerpon|0 fnt\n|-unboost|p2a: Lopunny|def|1\n|-unboost|p2a: Lopunny|spd|1\n|faint|p1a: Ogerpon\n|\n|upkeep\n|\n|t:|1701102182\n|switch|p1a: Slowking|Slowking-Galar, F|100\/100\n|turn|24\n|\n|t:|1701102185\n|switch|p2a: Corviknight|Corviknight, M|97\/100\n|move|p1a: Slowking|Thunder Wave|p2a: Corviknight\n|-status|p2a: Corviknight|par\n|\n|upkeep\n|turn|25\n|\n|t:|1701102194\n|move|p1a: Slowking|Chilly Reception|p1a: Slowking\n|-weather|Snow\n|\n|t:|1701102201\n|switch|p1a: Heatran|Heatran, M|100\/100|[from] Chilly Reception\n|move|p2a: Corviknight|Tailwind|p2a: Corviknight\n|-sidestart|p2: Alvaroketchup|move: Tailwind\n|\n|-weather|Snow|[upkeep]\n|upkeep\n|turn|26\n|\n|t:|1701102214\n|switch|p2a: Thundurus|Thundurus, M, shiny|100\/100\n|move|p1a: Heatran|Toxic|p2a: Thundurus\n|-status|p2a: Thundurus|tox\n|\n|-weather|Snow|[upkeep]\n|-damage|p2a: Thundurus|94\/100 tox|[from] psn\n|-fieldend|move: Psychic Terrain\n|upkeep\n|turn|27\n|\n|t:|1701102224\n|move|p2a: Thundurus|Focus Blast|p1a: Heatran\n|-supereffective|p1a: Heatran\n|-damage|p1a: Heatran|49\/100\n|move|p1a: Heatran|Stealth Rock|p2a: Thundurus\n|-sidestart|p2: Alvaroketchup|move: Stealth Rock\n|\n|-weather|Snow|[upkeep]\n|-heal|p1a: Heatran|55\/100|[from] item: Leftovers\n|-damage|p2a: Thundurus|82\/100 tox|[from] psn\n|upkeep\n|turn|28\n|\n|t:|1701102234\n|switch|p2a: Corviknight|Corviknight, M|97\/100 par\n|-damage|p2a: Corviknight|84\/100 par|[from] Stealth Rock\n|switch|p1a: Slowking|Slowking-Galar, F|100\/100\n|\n|-weather|Snow|[upkeep]\n|-sideend|p2: Alvaroketchup|move: Tailwind\n|upkeep\n|turn|29\n|\n|t:|1701102246\n|move|p1a: Slowking|Future Sight|p2a: Corviknight\n|-start|p1a: Slowking|move: Future Sight\n|move|p2a: Corviknight|Defog|p1a: Slowking\n|-unboost|p1a: Slowking|evasion|1\n|-sideend|p2: Alvaroketchup|Stealth Rock|[from] move: Defog|[of] p2a: Corviknight\n|\n|-weather|none\n|upkeep\n|turn|30\n|\n|t:|1701102254\n|move|p1a: Slowking|Chilly Reception|p1a: Slowking\n|-weather|Snow\n|\n|t:|1701102257\n|switch|p1a: Heatran|Heatran, M|55\/100|[from] Chilly Reception\n|move|p2a: Corviknight|Brave Bird|p1a: Heatran\n|-resisted|p1a: Heatran\n|-damage|p1a: Heatran|38\/100\n|-damage|p2a: Corviknight|79\/100 par|[from] Recoil\n|\n|-weather|Snow|[upkeep]\n|-heal|p1a: Heatran|44\/100|[from] item: Leftovers\n|upkeep\n|turn|31\n|\n|t:|1701102268\n|switch|p2a: Incineroar|Incineroar, M, shiny|100\/100\n|-ability|p2a: Incineroar|Intimidate|boost\n|-unboost|p1a: Heatran|atk|1\n|move|p1a: Heatran|Magma Storm|p2a: Incineroar\n|-resisted|p2a: Incineroar\n|-damage|p2a: Incineroar|84\/100\n|-activate|p2a: Incineroar|move: Magma Storm|[of] p1a: Heatran\n|\n|-weather|Snow|[upkeep]\n|-end|p2a: Incineroar|move: Future Sight\n|-immune|p2a: Incineroar\n|-heal|p1a: Heatran|50\/100|[from] item: Leftovers\n|-damage|p2a: Incineroar|72\/100|[from] move: Magma Storm|[partiallytrapped]\n|upkeep\n|turn|32\n|\n|t:|1701102284\n|switch|p1a: Gliscor|Gliscor, F|90\/100 tox\n|move|p2a: Incineroar|Earthquake|p1a: Gliscor\n|-immune|p1a: Gliscor\n|\n|-weather|Snow|[upkeep]\n|-heal|p1a: Gliscor|100\/100 tox|[from] ability: Poison Heal\n|-end|p2a: Incineroar|Magma Storm|[partiallytrapped]|[silent]\n|upkeep\n|turn|33\n|\n|t:|1701102295\n|switch|p2a: Thundurus|Thundurus, M, shiny|82\/100 tox\n|move|p1a: Gliscor|Spikes|p2a: Thundurus\n|-sidestart|p2: Alvaroketchup|Spikes\n|\n|-weather|Snow|[upkeep]\n|-damage|p2a: Thundurus|76\/100 tox|[from] psn\n|upkeep\n|turn|34\n|\n|t:|1701102305\n|switch|p2a: Corviknight|Corviknight, M|79\/100 par\n|switch|p1a: Slowking|Slowking-Galar, F|100\/100\n|\n|-weather|none\n|upkeep\n|turn|35\n|\n|t:|1701102312\n|move|p1a: Slowking|Future Sight|p2a: Corviknight\n|-start|p1a: Slowking|move: Future Sight\n|move|p2a: Corviknight|Defog|p1a: Slowking\n|-unboost|p1a: Slowking|evasion|1\n|-sideend|p2: Alvaroketchup|Spikes|[from] move: Defog|[of] p2a: Corviknight\n|\n|upkeep\n|turn|36\n|\n|t:|1701102324\n|switch|p2a: Lopunny|Lopunny-Mega, F|83\/100\n|move|p1a: Slowking|Chilly Reception|p1a: Slowking\n|-weather|Snow\n|\n|t:|1701102333\n|switch|p1a: Heatran|Heatran, M|50\/100|[from] Chilly Reception\n|\n|-weather|Snow|[upkeep]\n|-heal|p1a: Heatran|57\/100|[from] item: Leftovers\n|upkeep\n|turn|37\n|\n|t:|1701102341\n|switch|p1a: Slowking|Slowking-Galar, F|100\/100\n|move|p2a: Lopunny|Fake Out|p1a: Slowking\n|-damage|p1a: Slowking|86\/100\n|\n|-weather|Snow|[upkeep]\n|-end|p2a: Lopunny|move: Future Sight\n|-supereffective|p2a: Lopunny\n|-damage|p2a: Lopunny|0 fnt\n|faint|p2a: Lopunny\n|upkeep\n|inactive|Alvaroketchup has 120 seconds left.\n|inactive|Alvaroketchup has 90 seconds left.\n|inactive|Alvaroketchup has 60 seconds left.\n|inactive|Alvaroketchup has 30 seconds left.\n|inactive|Alvaroketchup has 20 seconds left.\n|inactive|Alvaroketchup has 15 seconds left.\n|inactive|Alvaroketchup has 10 seconds left.\n|inactive|Alvaroketchup has 5 seconds left.\n|-message|Alvaroketchup lost due to inactivity.\n|\n|win|sittingduck1080\n|raw|sittingduck1080's rating: 1347 &rarr; <strong>1362<\/strong><br \/>(+15 for winning)\n|raw|Alvaroketchup's rating: 1262 &rarr; <strong>1243<\/strong><br \/>(-19 for losing)\n","uploadtime":1701102499,"views":2,"p1id":"sittingduck1080","p2id":"alvaroketchup","formatid":"gen9nationaldex","rating":1243,"private":0,"password":""}