{"id":"gen9nationaldex-1990992070","p1":"DJRRRR","p2":"hansord","format":"[Gen 9] National Dex","log":"|j|\u2606DJRRRR\n|j|\u2606hansord\n|t:|1700024506\n|gametype|singles\n|player|p1|DJRRRR|roxie|1297\n|player|p2|hansord|guitarist|1318\n|teamsize|p1|6\n|teamsize|p2|6\n|gen|9\n|tier|[Gen 9] National Dex\n|rated|\n|rule|HP Percentage Mod: HP is shown in percentages\n|rule|Endless Battle Clause: Forcing endless battles is banned\n|rule|OHKO Clause: OHKO moves are banned\n|rule|Evasion Clause: Evasion abilities, items, and moves are banned\n|rule|Evasion Abilities Clause: Evasion abilities are banned\n|rule|Evasion Items Clause: Evasion items are banned\n|rule|Evasion Moves Clause: Evasion moves are banned\n|rule|Species Clause: Limit one of each Pok\u00e9mon\n|rule|Sleep Clause Mod: Limit one foe put to sleep\n|clearpoke\n|poke|p1|Banette, F|\n|poke|p1|Dragonite, M|\n|poke|p1|Tapu Koko|\n|poke|p1|Iron Valiant|\n|poke|p1|Rillaboom, F|\n|poke|p1|Greninja-*, M|\n|poke|p2|Garganacl, M|\n|poke|p2|Toxapex, M|\n|poke|p2|Heatran, F|\n|poke|p2|Rotom-Wash|\n|poke|p2|Gliscor, F|\n|poke|p2|Banette, F|\n|teampreview\n|\n|t:|1700024517\n|start\n|switch|p1a: Banette|Banette, F|100\/100\n|switch|p2a: Banette|Banette, F|100\/100\n|turn|1\n|\n|t:|1700024523\n|detailschange|p2a: Banette|Banette-Mega, F\n|-mega|p2a: Banette|Banette|Banettite\n|detailschange|p1a: Banette|Banette-Mega, F\n|-mega|p1a: Banette|Banette|Banettite\n|move|p2a: Banette|Poltergeist|p1a: Banette\n|-activate|p1a: Banette|move: Poltergeist|Banettite\n|-supereffective|p1a: Banette\n|-damage|p1a: Banette|0 fnt\n|faint|p1a: Banette\n|\n|upkeep\n|inactive|Battle timer is ON: inactive players will automatically lose when time's up. (requested by hansord)\n|\n|t:|1700024546\n|switch|p1a: Tapu Koko|Tapu Koko|100\/100\n|-fieldstart|move: Electric Terrain|[from] ability: Electric Surge|[of] p1a: Tapu Koko\n|turn|2\n|\n|t:|1700024553\n|move|p1a: Tapu Koko|Volt Switch|p2a: Banette\n|-damage|p2a: Banette|18\/100\n|\n|t:|1700024560\n|switch|p1a: Dragonite|Dragonite, M|100\/100|[from] Volt Switch\n|move|p2a: Banette|Poltergeist|p1a: Dragonite\n|-activate|p1a: Dragonite|move: Poltergeist|Heavy-Duty Boots\n|-damage|p1a: Dragonite|72\/100\n|\n|upkeep\n|turn|3\n|\n|t:|1700024570\n|move|p2a: Banette|Destiny Bond|p2a: Banette\n|-singlemove|p2a: Banette|Destiny Bond\n|move|p1a: Dragonite|Roost|p1a: Dragonite\n|-heal|p1a: Dragonite|100\/100\n|-singleturn|p1a: Dragonite|move: Roost\n|\n|upkeep\n|turn|4\n|\n|t:|1700024577\n|switch|p1a: Iron Valiant|Iron Valiant|100\/100\n|-activate|p1a: Iron Valiant|ability: Quark Drive\n|-start|p1a: Iron Valiant|quarkdrivespe\n|move|p2a: Banette|Encore||[still]\n|-fail|p2a: Banette\n|\n|upkeep\n|turn|5\n|\n|t:|1700024584\n|move|p2a: Banette|Destiny Bond|p2a: Banette\n|-singlemove|p2a: Banette|Destiny Bond\n|move|p1a: Iron Valiant|Encore|p2a: Banette\n|-start|p2a: Banette|Encore\n|\n|upkeep\n|turn|6\n|\n|t:|1700024594\n|switch|p2a: Gliscor|Gliscor, F|100\/100\n|move|p1a: Iron Valiant|Swords Dance|p1a: Iron Valiant\n|-boost|p1a: Iron Valiant|atk|2\n|\n|-fieldend|move: Electric Terrain\n|-end|p1a: Iron Valiant|Quark Drive\n|-status|p2a: Gliscor|tox|[from] item: Toxic Orb\n|upkeep\n|turn|7\n|\n|t:|1700024602\n|move|p1a: Iron Valiant|Spirit Break|p2a: Gliscor\n|-damage|p2a: Gliscor|13\/100 tox\n|-unboost|p2a: Gliscor|spa|1\n|-damage|p1a: Iron Valiant|91\/100|[from] item: Life Orb\n|move|p2a: Gliscor|Toxic|p1a: Iron Valiant\n|-status|p1a: Iron Valiant|tox\n|\n|-damage|p1a: Iron Valiant|85\/100 tox|[from] psn\n|-heal|p2a: Gliscor|25\/100 tox|[from] ability: Poison Heal\n|upkeep\n|turn|8\n|\n|t:|1700024613\n|move|p2a: Gliscor|Protect|p2a: Gliscor\n|-singleturn|p2a: Gliscor|Protect\n|move|p1a: Iron Valiant|Swords Dance|p1a: Iron Valiant\n|-boost|p1a: Iron Valiant|atk|2\n|\n|-damage|p1a: Iron Valiant|72\/100 tox|[from] psn\n|-heal|p2a: Gliscor|38\/100 tox|[from] ability: Poison Heal\n|upkeep\n|turn|9\n|\n|t:|1700024621\n|switch|p2a: Heatran|Heatran, F|100\/100\n|move|p1a: Iron Valiant|Close Combat|p2a: Heatran\n|-supereffective|p2a: Heatran\n|-damage|p2a: Heatran|0 fnt\n|-unboost|p1a: Iron Valiant|def|1\n|-unboost|p1a: Iron Valiant|spd|1\n|faint|p2a: Heatran\n|-damage|p1a: Iron Valiant|62\/100 tox|[from] item: Life Orb\n|\n|-damage|p1a: Iron Valiant|44\/100 tox|[from] psn\n|upkeep\n|\n|t:|1700024631\n|switch|p2a: Banette|Banette-Mega, F|18\/100\n|turn|10\n|\n|t:|1700024647\n|-end|p1a: Iron Valiant|Quark Drive|[silent]\n|switch|p1a: Greninja|Greninja, M|100\/100\n|move|p2a: Banette|Poltergeist|p1a: Greninja\n|-activate|p1a: Greninja|move: Poltergeist|Life Orb\n|-resisted|p1a: Greninja\n|-damage|p1a: Greninja|48\/100\n|\n|upkeep\n|turn|11\n|\n|t:|1700024654\n|move|p1a: Greninja|Water Shuriken|p2a: Banette\n|-damage|p2a: Banette|5\/100\n|-damage|p2a: Banette|0 fnt\n|faint|p2a: Banette\n|-ability|p1a: Greninja|Battle Bond|boost\n|-boost|p1a: Greninja|atk|1\n|-boost|p1a: Greninja|spa|1\n|-boost|p1a: Greninja|spe|1\n|-activate|p1a: Greninja|ability: Battle Bond\n|-hitcount|p2: Banette|2\n|-damage|p1a: Greninja|38\/100|[from] item: Life Orb\n|\n|upkeep\n|\n|t:|1700024664\n|switch|p2a: Toxapex|Toxapex, M|100\/100\n|turn|12\n|\n|t:|1700024667\n|move|p1a: Greninja|Dark Pulse|p2a: Toxapex\n|-damage|p2a: Toxapex|48\/100\n|-damage|p1a: Greninja|28\/100|[from] item: Life Orb\n|cant|p2a: Toxapex|flinch\n|\n|-heal|p2a: Toxapex|54\/100|[from] item: Black Sludge\n|upkeep\n|turn|13\n|\n|t:|1700024675\n|move|p2a: Toxapex|Baneful Bunker|p2a: Toxapex\n|-singleturn|p2a: Toxapex|move: Protect\n|move|p1a: Greninja|Dark Pulse|p2a: Toxapex\n|-activate|p2a: Toxapex|move: Protect\n|\n|-heal|p2a: Toxapex|60\/100|[from] item: Black Sludge\n|upkeep\n|turn|14\n|\n|t:|1700024682\n|move|p1a: Greninja|Dark Pulse|p2a: Toxapex\n|-damage|p2a: Toxapex|0 fnt\n|faint|p2a: Toxapex\n|-damage|p1a: Greninja|18\/100|[from] item: Life Orb\n|\n|upkeep\n|-message|hansord forfeited.\n|\n|win|DJRRRR\n|raw|DJRRRR's rating: 1297 &rarr; <strong>1324<\/strong><br \/>(+27 for winning)\n|raw|hansord's rating: 1318 &rarr; <strong>1297<\/strong><br \/>(-21 for losing)\n|l|\u2606hansord\n","uploadtime":1700024690,"views":7,"p1id":"djrrrr","p2id":"hansord","formatid":"gen9nationaldex","rating":1297,"private":0,"password":""}