{"id":"gen9nationaldex-1990054007","p1":"Brick_Enjoyer_144","p2":"e\/Y\\iLy","format":"[Gen 9] National Dex","log":"|j|\u2606Brick_Enjoyer_144\n|j|\u2606e\/Y\\iLy\n|t:|1699919571\n|gametype|singles\n|player|p1|Brick_Enjoyer_144|shauntal|1182\n|player|p2|e\/Y\\iLy|hilda-wonderlauncher|1249\n|teamsize|p1|6\n|teamsize|p2|6\n|gen|9\n|tier|[Gen 9] National Dex\n|rated|\n|rule|HP Percentage Mod: HP is shown in percentages\n|rule|Endless Battle Clause: Forcing endless battles is banned\n|rule|OHKO Clause: OHKO moves are banned\n|rule|Evasion Clause: Evasion abilities, items, and moves are banned\n|rule|Evasion Abilities Clause: Evasion abilities are banned\n|rule|Evasion Items Clause: Evasion items are banned\n|rule|Evasion Moves Clause: Evasion moves are banned\n|rule|Species Clause: Limit one of each Pok\u00e9mon\n|rule|Sleep Clause Mod: Limit one foe put to sleep\n|clearpoke\n|poke|p1|Iron Valiant|\n|poke|p1|Medicham, M|\n|poke|p1|Durant, F|\n|poke|p1|Urshifu-*, F|\n|poke|p1|Hydreigon, F|\n|poke|p1|Glimmora, M|\n|poke|p2|Pelipper, M|\n|poke|p2|Barraskewda, M|\n|poke|p2|Kabutops, F|\n|poke|p2|Politoed, F|\n|poke|p2|Thundurus, M|\n|poke|p2|Latios, M|\n|teampreview\n|inactive|Battle timer is ON: inactive players will automatically lose when time's up. (requested by Brick_Enjoyer_144)\n|c|\u2606e\/Y\\iLy|glhf\n|\n|t:|1699919591\n|start\n|switch|p1a: Iron Valiant|Iron Valiant|100\/100\n|switch|p2a: Pelipper|Pelipper, M|100\/100\n|-weather|RainDance|[from] ability: Drizzle|[of] p2a: Pelipper\n|-enditem|p1a: Iron Valiant|Booster Energy\n|-activate|p1a: Iron Valiant|ability: Quark Drive|[fromitem]\n|-start|p1a: Iron Valiant|quarkdrivespe\n|turn|1\n|\n|t:|1699919614\n|move|p1a: Iron Valiant|Thunderbolt|p2a: Pelipper\n|-supereffective|p2a: Pelipper\n|-damage|p2a: Pelipper|0 fnt\n|faint|p2a: Pelipper\n|\n|-weather|RainDance|[upkeep]\n|upkeep\n|\n|t:|1699919616\n|switch|p2a: Barraskewda|Barraskewda, M|100\/100\n|turn|2\n|\n|t:|1699919628\n|-terastallize|p2a: Barraskewda|Water\n|move|p2a: Barraskewda|Flip Turn|p1a: Iron Valiant\n|-damage|p1a: Iron Valiant|0 fnt\n|faint|p1a: Iron Valiant\n|-end|p1a: Iron Valiant|Quark Drive|[silent]\n|\n|t:|1699919633\n|switch|p2a: Kabutops|Kabutops, F|100\/100|[from] Flip Turn\n|\n|-weather|RainDance|[upkeep]\n|upkeep\n|\n|t:|1699919657\n|switch|p1a: Urshifu|Urshifu-Rapid-Strike, F|100\/100\n|turn|3\n|\n|t:|1699919660\n|move|p2a: Kabutops|Flip Turn|p1a: Urshifu\n|-resisted|p1a: Urshifu\n|-damage|p1a: Urshifu|71\/100\n|-damage|p2a: Kabutops|91\/100|[from] item: Life Orb\n|\n|t:|1699919664\n|switch|p2a: Latios|Latios, M|100\/100|[from] Flip Turn\n|move|p1a: Urshifu|Surging Strikes|p2a: Latios\n|-resisted|p2a: Latios\n|-crit|p2a: Latios\n|-damage|p2a: Latios|75\/100\n|-resisted|p2a: Latios\n|-crit|p2a: Latios\n|-damage|p2a: Latios|50\/100\n|-resisted|p2a: Latios\n|-crit|p2a: Latios\n|-damage|p2a: Latios|27\/100\n|-hitcount|p2a: Latios|3\n|\n|-weather|RainDance|[upkeep]\n|upkeep\n|turn|4\n|\n|t:|1699919681\n|switch|p1a: Hydreigon|Hydreigon, F|100\/100\n|detailschange|p2a: Latios|Latios-Mega, M\n|-mega|p2a: Latios|Latios|Latiosite\n|move|p2a: Latios|Thunder|p1a: Hydreigon\n|-resisted|p1a: Hydreigon\n|-damage|p1a: Hydreigon|76\/100\n|\n|-weather|RainDance|[upkeep]\n|upkeep\n|turn|5\n|\n|t:|1699919692\n|move|p1a: Hydreigon|Dark Pulse|p2a: Latios\n|-supereffective|p2a: Latios\n|-damage|p2a: Latios|0 fnt\n|faint|p2a: Latios\n|\n|-weather|RainDance|[upkeep]\n|upkeep\n|\n|t:|1699919695\n|switch|p2a: Barraskewda|Barraskewda, M, tera:Water|100\/100\n|turn|6\n|inactive|Brick_Enjoyer_144 has 120 seconds left.\n|\n|t:|1699919743\n|switch|p1a: Glimmora|Glimmora, M|100\/100\n|move|p2a: Barraskewda|Close Combat|p1a: Glimmora\n|-damage|p1a: Glimmora|31\/100\n|-unboost|p2a: Barraskewda|def|1\n|-unboost|p2a: Barraskewda|spd|1\n|\n|-weather|RainDance|[upkeep]\n|-heal|p1a: Glimmora|38\/100|[from] item: Leftovers\n|upkeep\n|turn|7\n|\n|t:|1699919760\n|move|p2a: Barraskewda|Close Combat|p1a: Glimmora\n|-damage|p1a: Glimmora|0 fnt\n|-unboost|p2a: Barraskewda|def|1\n|-unboost|p2a: Barraskewda|spd|1\n|faint|p1a: Glimmora\n|\n|-weather|RainDance|[upkeep]\n|upkeep\n|\n|t:|1699919765\n|switch|p1a: Medicham|Medicham, M|100\/100\n|turn|8\n|inactive|Brick_Enjoyer_144 has 90 seconds left.\n|\n|t:|1699919790\n|switch|p2a: Kabutops|Kabutops, F|91\/100\n|detailschange|p1a: Medicham|Medicham-Mega, M\n|-mega|p1a: Medicham|Medicham|Medichamite\n|move|p1a: Medicham|Zen Headbutt|p2a: Kabutops\n|-damage|p2a: Kabutops|5\/100\n|\n|-weather|none\n|upkeep\n|turn|9\n|inactive|Brick_Enjoyer_144 has 90 seconds left.\n|\n|t:|1699919807\n|switch|p2a: Politoed|Politoed, F|100\/100\n|-weather|RainDance|[from] ability: Drizzle|[of] p2a: Politoed\n|move|p1a: Medicham|Zen Headbutt|p2a: Politoed\n|-damage|p2a: Politoed|50\/100\n|\n|-weather|RainDance|[upkeep]\n|upkeep\n|turn|10\n|inactive|Brick_Enjoyer_144 has 90 seconds left.\n|\n|t:|1699919824\n|switch|p1a: Hydreigon|Hydreigon, F|76\/100\n|move|p2a: Politoed|Scald|p1a: Hydreigon\n|-resisted|p1a: Hydreigon\n|-damage|p1a: Hydreigon|53\/100\n|\n|-weather|RainDance|[upkeep]\n|upkeep\n|turn|11\n|\n|t:|1699919833\n|move|p1a: Hydreigon|Dark Pulse|p2a: Politoed\n|-damage|p2a: Politoed|14\/100\n|cant|p2a: Politoed|flinch\n|\n|-weather|RainDance|[upkeep]\n|upkeep\n|turn|12\n|\n|t:|1699919837\n|move|p1a: Hydreigon|Dark Pulse|p2a: Politoed\n|-damage|p2a: Politoed|0 fnt\n|faint|p2a: Politoed\n|\n|-weather|RainDance|[upkeep]\n|upkeep\n|\n|t:|1699919839\n|switch|p2a: Barraskewda|Barraskewda, M, tera:Water|100\/100\n|turn|13\n|\n|t:|1699919854\n|move|p2a: Barraskewda|Liquidation|p1a: Hydreigon\n|-resisted|p1a: Hydreigon\n|-damage|p1a: Hydreigon|0 fnt\n|faint|p1a: Hydreigon\n|\n|-weather|RainDance|[upkeep]\n|upkeep\n|\n|t:|1699919862\n|switch|p1a: Durant|Durant, F|100\/100\n|turn|14\n|\n|t:|1699919867\n|switch|p2a: Thundurus|Thundurus, M|100\/100\n|move|p1a: Durant|Superpower|p2a: Thundurus\n|-resisted|p2a: Thundurus\n|-damage|p2a: Thundurus|58\/100\n|-unboost|p1a: Durant|atk|1\n|-unboost|p1a: Durant|def|1\n|\n|-weather|RainDance|[upkeep]\n|upkeep\n|turn|15\n|\n|t:|1699919883\n|move|p2a: Thundurus|Thunder|p1a: Durant\n|-enditem|p1a: Durant|Focus Sash\n|-damage|p1a: Durant|1\/100\n|move|p1a: Durant|Iron Head|p2a: Thundurus\n|-resisted|p2a: Thundurus\n|-damage|p2a: Thundurus|29\/100\n|\n|-weather|RainDance|[upkeep]\n|upkeep\n|turn|16\n|\n|t:|1699919890\n|move|p2a: Thundurus|Thunder|p1a: Durant\n|-damage|p1a: Durant|0 fnt\n|faint|p1a: Durant\n|\n|-weather|none\n|upkeep\n|inactive|Brick_Enjoyer_144 has 90 seconds left.\n|\n|t:|1699919911\n|switch|p1a: Medicham|Medicham-Mega, M|100\/100\n|turn|17\n|\n|t:|1699919918\n|move|p2a: Thundurus|Thunder|p1a: Medicham\n|-damage|p1a: Medicham|23\/100\n|move|p1a: Medicham|Zen Headbutt|p2a: Thundurus\n|-damage|p2a: Thundurus|0 fnt\n|faint|p2a: Thundurus\n|\n|upkeep\n|\n|t:|1699919924\n|switch|p2a: Barraskewda|Barraskewda, M, tera:Water|100\/100\n|turn|18\n|\n|t:|1699919929\n|move|p2a: Barraskewda|Liquidation|p1a: Medicham\n|-damage|p1a: Medicham|0 fnt\n|faint|p1a: Medicham\n|\n|upkeep\n|\n|t:|1699919931\n|switch|p1a: Urshifu|Urshifu-Rapid-Strike, F|71\/100\n|turn|19\n|\n|t:|1699919935\n|-terastallize|p1a: Urshifu|Water\n|move|p2a: Barraskewda|Liquidation|p1a: Urshifu\n|-resisted|p1a: Urshifu\n|-damage|p1a: Urshifu|27\/100\n|move|p1a: Urshifu|Surging Strikes|p2a: Barraskewda\n|-resisted|p2a: Barraskewda\n|-crit|p2a: Barraskewda\n|-damage|p2a: Barraskewda|68\/100\n|-resisted|p2a: Barraskewda\n|-crit|p2a: Barraskewda\n|-damage|p2a: Barraskewda|39\/100\n|-resisted|p2a: Barraskewda\n|-crit|p2a: Barraskewda\n|-damage|p2a: Barraskewda|8\/100\n|-hitcount|p2a: Barraskewda|3\n|\n|upkeep\n|turn|20\n|inactive|Brick_Enjoyer_144 has 120 seconds left.\n|\n|t:|1699919949\n|move|p2a: Barraskewda|Liquidation|p1a: Urshifu\n|-resisted|p1a: Urshifu\n|-damage|p1a: Urshifu|0 fnt\n|faint|p1a: Urshifu\n|\n|win|e\/Y\\iLy\n|raw|Brick_Enjoyer_144's rating: 1182 &rarr; <strong>1162<\/strong><br \/>(-20 for losing)\n|raw|e&#x2f;Y\\iLy's rating: 1249 &rarr; <strong>1269<\/strong><br \/>(+20 for winning)\n|c|\u2606e\/Y\\iLy|gg dude\n|l|\u2606e\/Y\\iLy\n","uploadtime":1699919955,"views":6,"p1id":"brickenjoyer144","p2id":"eyily","formatid":"gen9nationaldex","rating":1162,"private":0,"password":""}