{"id":"gen9nationaldex-1991108705","p1":"fknfkdhd","p2":"Jaspo","format":"[Gen 9] National Dex","log":"|j|\u203dfknfkdhd\n|j|\u2606Jaspo\n|t:|1700044225\n|gametype|singles\n|player|p1|fknfkdhd|cynthia|1178\n|player|p2|Jaspo|clair|1095\n|teamsize|p1|6\n|teamsize|p2|6\n|gen|9\n|tier|[Gen 9] National Dex\n|rated|\n|rule|HP Percentage Mod: HP is shown in percentages\n|rule|Endless Battle Clause: Forcing endless battles is banned\n|rule|OHKO Clause: OHKO moves are banned\n|rule|Evasion Clause: Evasion abilities, items, and moves are banned\n|rule|Evasion Abilities Clause: Evasion abilities are banned\n|rule|Evasion Items Clause: Evasion items are banned\n|rule|Evasion Moves Clause: Evasion moves are banned\n|rule|Species Clause: Limit one of each Pok\u00e9mon\n|rule|Sleep Clause Mod: Limit one foe put to sleep\n|clearpoke\n|poke|p1|Spiritomb, F|\n|poke|p1|Roserade, M|\n|poke|p1|Togekiss, F|\n|poke|p1|Lucario, M|\n|poke|p1|Milotic, F|\n|poke|p1|Garchomp, F|\n|poke|p2|Kingdra, M|\n|poke|p2|Luxray, M|\n|poke|p2|Scolipede, F|\n|poke|p2|Typhlosion-Hisui, M|\n|poke|p2|Hydreigon, F|\n|poke|p2|Absol, M|\n|teampreview\n|c|\u2606Jaspo|hmmm\n|c|\u2606Jaspo|i feel like I've seen u before\n|c|\u2606Jaspo|r u on tiktok\n|\n|t:|1700044253\n|start\n|switch|p1a: Togekiss|Togekiss, F|100\/100\n|switch|p2a: Absol|Absol, M|100\/100\n|turn|1\n|\n|t:|1700044259\n|switch|p2a: Luxray|Luxray, M|100\/100\n|-ability|p2a: Luxray|Intimidate|boost\n|-unboost|p1a: Togekiss|atk|1\n|move|p1a: Togekiss|Dazzling Gleam|p2a: Luxray\n|-damage|p2a: Luxray|57\/100\n|\n|upkeep\n|turn|2\n|\n|t:|1700044265\n|move|p1a: Togekiss|Dazzling Gleam|p2a: Luxray\n|-damage|p2a: Luxray|17\/100\n|move|p2a: Luxray|Wild Charge|p1a: Togekiss\n|-supereffective|p1a: Togekiss\n|-damage|p1a: Togekiss|4\/100\n|-damage|p2a: Luxray|0 fnt|[from] Recoil\n|faint|p2a: Luxray\n|\n|upkeep\n|\n|t:|1700044274\n|switch|p2a: Absol|Absol, M|100\/100\n|turn|3\n|\n|t:|1700044284\n|switch|p1a: Spiritomb|Spiritomb, F|100\/100\n|-ability|p1a: Spiritomb|Pressure\n|detailschange|p2a: Absol|Absol-Mega, M\n|-mega|p2a: Absol|Absol|Absolite\n|move|p2a: Absol|Knock Off|p1a: Spiritomb\n|-damage|p1a: Spiritomb|38\/100\n|-enditem|p1a: Spiritomb|Sitrus Berry|[from] move: Knock Off|[of] p2a: Absol\n|\n|upkeep\n|turn|4\n|inactive|Battle timer is ON: inactive players will automatically lose when time's up. (requested by Jaspo)\n|\n|t:|1700044292\n|move|p1a: Spiritomb|Sucker Punch|p2a: Absol\n|-resisted|p2a: Absol\n|-damage|p2a: Absol|72\/100\n|move|p2a: Absol|Knock Off|p1a: Spiritomb\n|-damage|p1a: Spiritomb|0 fnt\n|faint|p1a: Spiritomb\n|\n|upkeep\n|\n|t:|1700044311\n|switch|p1a: Roserade|Roserade, M|100\/100\n|turn|5\n|\n|t:|1700044317\n|switch|p2a: Scolipede|Scolipede, F, shiny|100\/100\n|move|p1a: Roserade|Sludge Bomb|p2a: Scolipede\n|-resisted|p2a: Scolipede\n|-damage|p2a: Scolipede|62\/100\n|-damage|p1a: Roserade|91\/100|[from] item: Life Orb\n|\n|-heal|p2a: Scolipede|68\/100|[from] item: Leftovers\n|upkeep\n|turn|6\n|\n|t:|1700044339\n|move|p2a: Scolipede|Protect|p2a: Scolipede\n|-singleturn|p2a: Scolipede|Protect\n|move|p1a: Roserade|Toxic Spikes|p2a: Scolipede\n|-sidestart|p2: Jaspo|move: Toxic Spikes\n|\n|-heal|p2a: Scolipede|74\/100|[from] item: Leftovers\n|-ability|p2a: Scolipede|Speed Boost|boost\n|-boost|p2a: Scolipede|spe|1\n|upkeep\n|turn|7\n|c|\u2606Jaspo|what about the team with Glaceon and Gastrodon\n|\n|t:|1700044353\n|move|p2a: Scolipede|Poison Jab|p1a: Roserade\n|-damage|p1a: Roserade|25\/100\n|move|p1a: Roserade|Energy Ball|p2a: Scolipede\n|-resisted|p2a: Scolipede\n|-damage|p2a: Scolipede|57\/100\n|-damage|p1a: Roserade|15\/100|[from] item: Life Orb\n|\n|-heal|p2a: Scolipede|63\/100|[from] item: Leftovers\n|-ability|p2a: Scolipede|Speed Boost|boost\n|-boost|p2a: Scolipede|spe|1\n|upkeep\n|turn|8\n|\n|t:|1700044362\n|switch|p1a: Lucario|Lucario, M|100\/100\n|move|p2a: Scolipede|Poison Jab|p1a: Lucario\n|-immune|p1a: Lucario\n|\n|-heal|p2a: Scolipede|69\/100|[from] item: Leftovers\n|-ability|p2a: Scolipede|Speed Boost|boost\n|-boost|p2a: Scolipede|spe|1\n|upkeep\n|turn|9\n|\n|t:|1700044370\n|-terastallize|p1a: Lucario|Normal\n|move|p1a: Lucario|Extreme Speed|p2a: Scolipede\n|-damage|p2a: Scolipede|0 fnt\n|faint|p2a: Scolipede\n|\n|upkeep\n|\n|t:|1700044376\n|switch|p2a: Typhlosion|Typhlosion-Hisui, M|100\/100\n|-status|p2a: Typhlosion|psn\n|-item|p1a: Lucario|Choice Band|[from] ability: Frisk|[of] p2a: Typhlosion|[identify]\n|turn|10\n|\n|t:|1700044390\n|switch|p1a: Togekiss|Togekiss, F|4\/100\n|-zpower|p2a: Typhlosion\n|move|p2a: Typhlosion|All-Out Pummeling|p1a: Togekiss|[zeffect]\n|-resisted|p1a: Togekiss\n|-damage|p1a: Togekiss|0 fnt\n|faint|p1a: Togekiss\n|\n|-damage|p2a: Typhlosion|88\/100 psn|[from] psn\n|upkeep\n|\n|t:|1700044392\n|switch|p1a: Garchomp|Garchomp, F|100\/100\n|turn|11\n|c|\u2606Jaspo|goddammi\n|\n|t:|1700044411\n|move|p1a: Garchomp|Earthquake|p2a: Typhlosion\n|-supereffective|p2a: Typhlosion\n|-damage|p2a: Typhlosion|0 fnt\n|faint|p2a: Typhlosion\n|\n|upkeep\n|\n|t:|1700044415\n|switch|p2a: Hydreigon|Hydreigon, F|100\/100\n|turn|12\n|\n|t:|1700044424\n|switch|p1a: Roserade|Roserade, M|15\/100\n|-terastallize|p2a: Hydreigon|Steel\n|move|p2a: Hydreigon|Dragon Pulse|p1a: Roserade\n|-damage|p1a: Roserade|0 fnt\n|faint|p1a: Roserade\n|\n|upkeep\n|\n|t:|1700044444\n|switch|p1a: Garchomp|Garchomp, F|100\/100\n|turn|13\n|\n|t:|1700044449\n|move|p1a: Garchomp|Swords Dance|p1a: Garchomp\n|-boost|p1a: Garchomp|atk|2\n|move|p2a: Hydreigon|Dragon Pulse|p1a: Garchomp\n|-supereffective|p1a: Garchomp\n|-damage|p1a: Garchomp|8\/100\n|\n|upkeep\n|turn|14\n|\n|t:|1700044457\n|move|p1a: Garchomp|Scale Shot|p2a: Hydreigon\n|-resisted|p2a: Hydreigon\n|-damage|p2a: Hydreigon|90\/100\n|-resisted|p2a: Hydreigon\n|-damage|p2a: Hydreigon|79\/100\n|-resisted|p2a: Hydreigon\n|-damage|p2a: Hydreigon|69\/100\n|-resisted|p2a: Hydreigon\n|-damage|p2a: Hydreigon|58\/100\n|-resisted|p2a: Hydreigon\n|-damage|p2a: Hydreigon|47\/100\n|-hitcount|p2a: Hydreigon|5\n|-unboost|p1a: Garchomp|def|1\n|-boost|p1a: Garchomp|spe|1\n|move|p2a: Hydreigon|Dragon Pulse|p1a: Garchomp\n|-supereffective|p1a: Garchomp\n|-damage|p1a: Garchomp|0 fnt\n|faint|p1a: Garchomp\n|\n|upkeep\n|\n|t:|1700044486\n|switch|p1a: Milotic|Milotic, F|100\/100\n|turn|15\n|\n|t:|1700044492\n|move|p2a: Hydreigon|Dragon Pulse|p1a: Milotic\n|-damage|p1a: Milotic|69\/100\n|move|p1a: Milotic|Scald|p2a: Hydreigon\n|-damage|p2a: Hydreigon|15\/100\n|\n|-status|p1a: Milotic|brn|[from] item: Flame Orb\n|upkeep\n|turn|16\n|\n|t:|1700044499\n|move|p2a: Hydreigon|Roost|p2a: Hydreigon\n|-heal|p2a: Hydreigon|65\/100\n|move|p1a: Milotic|Scald|p2a: Hydreigon\n|-damage|p2a: Hydreigon|34\/100\n|\n|-damage|p1a: Milotic|63\/100 brn|[from] brn\n|upkeep\n|turn|17\n|\n|t:|1700044507\n|move|p2a: Hydreigon|Dragon Pulse|p1a: Milotic\n|-damage|p1a: Milotic|32\/100 brn\n|move|p1a: Milotic|Scald|p2a: Hydreigon\n|-damage|p2a: Hydreigon|0 fnt\n|faint|p2a: Hydreigon\n|\n|-damage|p1a: Milotic|26\/100 brn|[from] brn\n|upkeep\n|\n|t:|1700044517\n|switch|p2a: Absol|Absol-Mega, M|72\/100\n|-status|p2a: Absol|psn\n|turn|18\n|\n|t:|1700044535\n|move|p2a: Absol|Knock Off|p1a: Milotic\n|-damage|p1a: Milotic|0 fnt\n|-enditem|p1a: Milotic|Flame Orb|[from] move: Knock Off|[of] p2a: Absol\n|faint|p1a: Milotic\n|\n|-damage|p2a: Absol|60\/100 psn|[from] psn\n|upkeep\n|\n|t:|1700044538\n|switch|p1a: Lucario|Lucario, M, tera:Normal|100\/100\n|turn|19\n|\n|t:|1700044544\n|move|p1a: Lucario|Extreme Speed|p2a: Absol\n|-damage|p2a: Absol|0 fnt\n|faint|p2a: Absol\n|\n|upkeep\n|c|\u2606Jaspo|shoot\n|\n|t:|1700044555\n|switch|p2a: Kingdra|Kingdra, M|100\/100\n|-status|p2a: Kingdra|psn\n|turn|20\n|\n|t:|1700044563\n|move|p1a: Lucario|Extreme Speed|p2a: Kingdra\n|-damage|p2a: Kingdra|49\/100 psn\n|move|p2a: Kingdra|Scale Shot|p1a: Lucario\n|-damage|p1a: Lucario|86\/100\n|-damage|p1a: Lucario|70\/100\n|-damage|p1a: Lucario|53\/100\n|-damage|p1a: Lucario|38\/100\n|-damage|p1a: Lucario|23\/100\n|-hitcount|p1a: Lucario|5\n|-unboost|p2a: Kingdra|def|1\n|-boost|p2a: Kingdra|spe|1\n|\n|-damage|p2a: Kingdra|37\/100 psn|[from] psn\n|upkeep\n|turn|21\n|c|\u2606Jaspo|gg\n|c|\u2606Jaspo|U win this time\n|-message|Jaspo forfeited.\n|\n|win|fknfkdhd\n|raw|fknfkdhd's rating: 1178 &rarr; <strong>1197<\/strong><br \/>(+19 for winning)\n|raw|Jaspo's rating: 1095 &rarr; <strong>1076<\/strong><br \/>(-19 for losing)\n|l|\u2606Jaspo\n","uploadtime":1700044785,"views":4,"p1id":"fknfkdhd","p2id":"jaspo","formatid":"gen9nationaldex","rating":1076,"private":0,"password":""}