{"id":"gen9nationaldex-1987896216","p1":"wasoqi","p2":"imbleed","format":"[Gen 9] National Dex","log":"|j|\u203dwasoqi\n|j|\u2606imbleed\n|t:|1699646902\n|gametype|singles\n|player|p1|wasoqi|2|1405\n|player|p2|imbleed|poppy|1401\n|teamsize|p1|6\n|teamsize|p2|6\n|gen|9\n|tier|[Gen 9] National Dex\n|rated|\n|rule|HP Percentage Mod: HP is shown in percentages\n|rule|Endless Battle Clause: Forcing endless battles is banned\n|rule|OHKO Clause: OHKO moves are banned\n|rule|Evasion Clause: Evasion abilities, items, and moves are banned\n|rule|Evasion Abilities Clause: Evasion abilities are banned\n|rule|Evasion Items Clause: Evasion items are banned\n|rule|Evasion Moves Clause: Evasion moves are banned\n|rule|Species Clause: Limit one of each Pok\u00e9mon\n|rule|Sleep Clause Mod: Limit one foe put to sleep\n|clearpoke\n|poke|p1|Garganacl, F|\n|poke|p1|Ninetales-Alola, M|\n|poke|p1|Victini|\n|poke|p1|Blacephalon|\n|poke|p1|Toxapex, F|\n|poke|p1|Scizor, F|\n|poke|p2|Krookodile, F|\n|poke|p2|Tapu Koko|\n|poke|p2|Buzzwole|\n|poke|p2|Poliwrath, M|\n|poke|p2|Torterra, F|\n|poke|p2|Drifblim, F|\n|teampreview\n|inactive|Battle timer is ON: inactive players will automatically lose when time's up. (requested by wasoqi)\n|j| RATMOGS\n|\n|t:|1699646918\n|start\n|switch|p1a: Ninetales|Ninetales-Alola, M|100\/100\n|switch|p2a: elec man|Tapu Koko|100\/100\n|-fieldstart|move: Electric Terrain|[from] ability: Electric Surge|[of] p2a: elec man\n|-weather|Snow|[from] ability: Snow Warning|[of] p1a: Ninetales\n|turn|1\n|\n|t:|1699646923\n|move|p2a: elec man|Taunt|p1a: Ninetales\n|-start|p1a: Ninetales|move: Taunt\n|cant|p1a: Ninetales|move: Taunt|Aurora Veil\n|\n|-weather|Snow|[upkeep]\n|upkeep\n|turn|2\n|\n|t:|1699646928\n|move|p2a: elec man|Reflect|p2a: elec man\n|-sidestart|p2: imbleed|Reflect\n|move|p1a: Ninetales|Moonblast|p2a: elec man\n|-damage|p2a: elec man|66\/100\n|-unboost|p2a: elec man|spa|1\n|\n|-weather|Snow|[upkeep]\n|upkeep\n|turn|3\n|\n|t:|1699646933\n|move|p2a: elec man|Light Screen|p2a: elec man\n|-sidestart|p2: imbleed|move: Light Screen\n|move|p1a: Ninetales|Moonblast|p2a: elec man\n|-damage|p2a: elec man|48\/100\n|\n|-weather|Snow|[upkeep]\n|-end|p1a: Ninetales|move: Taunt\n|upkeep\n|turn|4\n|\n|t:|1699646954\n|switch|p1a: Scizor|Scizor, F|100\/100\n|move|p2a: elec man|Taunt|p1a: Scizor\n|-start|p1a: Scizor|move: Taunt\n|\n|-weather|Snow|[upkeep]\n|upkeep\n|turn|5\n|j| mistahmerrikuu\n|\n|t:|1699646963\n|detailschange|p1a: Scizor|Scizor-Mega, F\n|-mega|p1a: Scizor|Scizor|Scizorite\n|move|p2a: elec man|U-turn|p1a: Scizor\n|-resisted|p1a: Scizor\n|-crit|p1a: Scizor\n|-damage|p1a: Scizor|92\/100\n|\n|t:|1699646974\n|switch|p2a: hindenheimer|Drifblim, F|100\/100|[from] U-turn\n|move|p1a: Scizor|U-turn|p2a: hindenheimer\n|-resisted|p2a: hindenheimer\n|-damage|p2a: hindenheimer|94\/100\n|\n|t:|1699646981\n|switch|p1a: Ninetales|Ninetales-Alola, M|100\/100|[from] U-turn\n|\n|-weather|none\n|-fieldend|move: Electric Terrain\n|-status|p2a: hindenheimer|brn|[from] item: Flame Orb\n|upkeep\n|turn|6\n|\n|t:|1699647004\n|move|p1a: Ninetales|Encore||[still]\n|-fail|p1a: Ninetales\n|move|p2a: hindenheimer|Tailwind|p2a: hindenheimer\n|-sidestart|p2: imbleed|move: Tailwind\n|\n|-damage|p2a: hindenheimer|88\/100 brn|[from] brn\n|upkeep\n|turn|7\n|\n|t:|1699647018\n|switch|p2a: stinky|Buzzwole|100\/100\n|move|p1a: Ninetales|Encore||[still]\n|-fail|p1a: Ninetales\n|\n|upkeep\n|turn|8\n|inactive|wasoqi has 120 seconds left.\n|j| Lonsol\n|j| less might be more\n|\n|t:|1699647064\n|switch|p2a: elec man|Tapu Koko|48\/100\n|-fieldstart|move: Electric Terrain|[from] ability: Electric Surge|[of] p2a: elec man\n|move|p1a: Ninetales|Moonblast|p2a: elec man\n|-damage|p2a: elec man|32\/100\n|-unboost|p2a: elec man|spa|1\n|\n|upkeep\n|turn|9\n|\n|t:|1699647074\n|move|p2a: elec man|Taunt|p1a: Ninetales\n|-start|p1a: Ninetales|move: Taunt\n|move|p1a: Ninetales|Moonblast|p2a: elec man\n|-damage|p2a: elec man|16\/100\n|\n|-sideend|p2: imbleed|Reflect\n|-sideend|p2: imbleed|move: Tailwind\n|upkeep\n|turn|10\n|\n|t:|1699647079\n|move|p2a: elec man|Reflect|p2a: elec man\n|-sidestart|p2: imbleed|Reflect\n|move|p1a: Ninetales|Moonblast|p2a: elec man\n|-damage|p2a: elec man|0 fnt\n|faint|p2a: elec man\n|\n|-sideend|p2: imbleed|move: Light Screen\n|upkeep\n|\n|t:|1699647095\n|switch|p2a: stinky|Buzzwole|100\/100\n|turn|11\n|\n|t:|1699647100\n|-terastallize|p2a: stinky|Fire\n|move|p1a: Ninetales|Moonblast|p2a: stinky\n|-resisted|p2a: stinky\n|-damage|p2a: stinky|89\/100\n|move|p2a: stinky|Drain Punch|p1a: Ninetales\n|-damage|p1a: Ninetales|49\/100\n|-heal|p2a: stinky|100\/100|[from] drain|[of] p1a: Ninetales\n|\n|-end|p1a: Ninetales|move: Taunt\n|upkeep\n|turn|12\n|j| FUCKFACEITIS\n|j| Gaza Stripper\n|inactive|imbleed has 120 seconds left.\n|\n|t:|1699647127\n|switch|p1a: Toxapex|Toxapex, F|100\/100\n|move|p2a: stinky|Drain Punch|p1a: Toxapex\n|-resisted|p1a: Toxapex\n|-damage|p1a: Toxapex|83\/100\n|\n|-fieldend|move: Electric Terrain\n|upkeep\n|turn|13\n|inactive|imbleed has 120 seconds left.\n|\n|t:|1699647138\n|switch|p2a: kong me up inside|Poliwrath, M|100\/100\n|move|p1a: Toxapex|Liquidation|p2a: kong me up inside\n|-resisted|p2a: kong me up inside\n|-damage|p2a: kong me up inside|88\/100\n|\n|upkeep\n|turn|14\n|\n|t:|1699647146\n|switch|p1a: Ninetales|Ninetales-Alola, M|49\/100\n|-weather|Snow|[from] ability: Snow Warning|[of] p1a: Ninetales\n|move|p2a: kong me up inside|Hypnosis|p1a: Ninetales|[miss]\n|-miss|p2a: kong me up inside|p1a: Ninetales\n|-enditem|p2a: kong me up inside|Blunder Policy\n|-boost|p2a: kong me up inside|spe|2\n|\n|-weather|Snow|[upkeep]\n|upkeep\n|turn|15\n|\n|t:|1699647150\n|move|p2a: kong me up inside|Hypnosis|p1a: Ninetales\n|-status|p1a: Ninetales|slp|[from] move: Hypnosis\n|cant|p1a: Ninetales|slp\n|\n|-weather|Snow|[upkeep]\n|upkeep\n|turn|16\n|\n|t:|1699647160\n|switch|p1a: Victini|Victini|100\/100\n|move|p2a: kong me up inside|Belly Drum|p2a: kong me up inside\n|-damage|p2a: kong me up inside|38\/100\n|-setboost|p2a: kong me up inside|atk|6|[from] move: Belly Drum\n|\n|-weather|Snow|[upkeep]\n|upkeep\n|turn|17\n|\n|t:|1699647172\n|move|p2a: kong me up inside|Wake-Up Slap|p1a: Victini\n|-resisted|p1a: Victini\n|-damage|p1a: Victini|54\/100\n|move|p1a: Victini|Thunderbolt|p2a: kong me up inside\n|-supereffective|p2a: kong me up inside\n|-damage|p2a: kong me up inside|0 fnt\n|faint|p2a: kong me up inside\n|\n|-weather|Snow|[upkeep]\n|-sideend|p2: imbleed|Reflect\n|upkeep\n|\n|t:|1699647178\n|switch|p2a: that lizard guy|Krookodile, F|100\/100\n|turn|18\n|\n|t:|1699647196\n|switch|p1a: Garganacl|Garganacl, F|100\/100\n|move|p2a: that lizard guy|Bulk Up|p2a: that lizard guy\n|-boost|p2a: that lizard guy|atk|1\n|-boost|p2a: that lizard guy|def|1\n|\n|-weather|none\n|upkeep\n|turn|19\n|\n|t:|1699647216\n|-terastallize|p1a: Garganacl|Fairy\n|move|p2a: that lizard guy|Earthquake|p1a: Garganacl\n|-damage|p1a: Garganacl|50\/100\n|move|p1a: Garganacl|Salt Cure|p2a: that lizard guy\n|-resisted|p2a: that lizard guy\n|-damage|p2a: that lizard guy|95\/100\n|-start|p2a: that lizard guy|Salt Cure\n|\n|-heal|p1a: Garganacl|57\/100|[from] item: Leftovers\n|-damage|p2a: that lizard guy|83\/100|[from] Salt Cure\n|upkeep\n|turn|20\n|\n|t:|1699647227\n|move|p1a: Garganacl|Protect|p1a: Garganacl\n|-singleturn|p1a: Garganacl|Protect\n|move|p2a: that lizard guy|Bulk Up|p2a: that lizard guy\n|-boost|p2a: that lizard guy|atk|1\n|-boost|p2a: that lizard guy|def|1\n|\n|-heal|p1a: Garganacl|63\/100|[from] item: Leftovers\n|-damage|p2a: that lizard guy|70\/100|[from] Salt Cure\n|upkeep\n|turn|21\n|\n|t:|1699647236\n|switch|p1a: Toxapex|Toxapex, F|100\/100\n|move|p2a: that lizard guy|Earthquake|p1a: Toxapex\n|-supereffective|p1a: Toxapex\n|-damage|p1a: Toxapex|0 fnt\n|faint|p1a: Toxapex\n|-ability|p2a: that lizard guy|Moxie|boost\n|-boost|p2a: that lizard guy|atk|1\n|\n|-damage|p2a: that lizard guy|58\/100|[from] Salt Cure\n|upkeep\n|\n|t:|1699647240\n|switch|p1a: Ninetales|Ninetales-Alola, M|49\/100 slp\n|-weather|Snow|[from] ability: Snow Warning|[of] p1a: Ninetales\n|turn|22\n|\n|t:|1699647247\n|-zpower|p2a: that lizard guy\n|move|p2a: that lizard guy|Z-Snatch|p2a: that lizard guy|[anim]Snatch\n|-boost|p2a: that lizard guy|spe|2|[zeffect]\n|-singleturn|p2a: that lizard guy|Snatch\n|-curestatus|p1a: Ninetales|slp|[msg]\n|move|p1a: Ninetales|Aurora Veil|p1a: Ninetales\n|-activate|p2a: that lizard guy|move: Snatch|[of] p1a: Ninetales\n|move|p2a: that lizard guy|Aurora Veil|p2a: that lizard guy|[from]Snatch\n|-sidestart|p2: imbleed|move: Aurora Veil\n|\n|-weather|Snow|[upkeep]\n|-damage|p2a: that lizard guy|46\/100|[from] Salt Cure\n|upkeep\n|turn|23\n|j| bigglygrande\n|\n|t:|1699647259\n|move|p2a: that lizard guy|Earthquake|p1a: Ninetales\n|-crit|p1a: Ninetales\n|-damage|p1a: Ninetales|0 fnt\n|faint|p1a: Ninetales\n|-ability|p2a: that lizard guy|Moxie|boost\n|-boost|p2a: that lizard guy|atk|1\n|\n|-weather|Snow|[upkeep]\n|-damage|p2a: that lizard guy|33\/100|[from] Salt Cure\n|upkeep\n|\n|t:|1699647273\n|switch|p1a: Scizor|Scizor-Mega, F|92\/100\n|turn|24\n|\n|t:|1699647277\n|move|p2a: that lizard guy|Power Trip|p1a: Scizor\n|-damage|p1a: Scizor|0 fnt\n|faint|p1a: Scizor\n|-ability|p2a: that lizard guy|Moxie|boost\n|-boost|p2a: that lizard guy|atk|1\n|\n|-weather|Snow|[upkeep]\n|-damage|p2a: that lizard guy|21\/100|[from] Salt Cure\n|upkeep\n|\n|t:|1699647283\n|switch|p1a: Garganacl|Garganacl, F, tera:Fairy|63\/100\n|turn|25\n|\n|t:|1699647290\n|move|p1a: Garganacl|Protect|p1a: Garganacl\n|-singleturn|p1a: Garganacl|Protect\n|move|p2a: that lizard guy|Earthquake|p1a: Garganacl\n|-activate|p1a: Garganacl|move: Protect\n|\n|-weather|Snow|[upkeep]\n|-heal|p1a: Garganacl|69\/100|[from] item: Leftovers\n|-damage|p2a: that lizard guy|8\/100|[from] Salt Cure\n|upkeep\n|turn|26\n|\n|t:|1699647298\n|move|p1a: Garganacl|Protect||[still]\n|-fail|p1a: Garganacl\n|move|p2a: that lizard guy|Earthquake|p1a: Garganacl\n|-damage|p1a: Garganacl|0 fnt\n|faint|p1a: Garganacl\n|-ability|p2a: that lizard guy|Moxie|boost\n|-boost|p2a: that lizard guy|atk|1\n|\n|-weather|none\n|-damage|p2a: that lizard guy|0 fnt|[from] Salt Cure\n|faint|p2a: that lizard guy\n|-sideend|p2: imbleed|move: Aurora Veil\n|upkeep\n|\n|t:|1699647325\n|switch|p2a: stinky|Buzzwole, tera:Fire|100\/100\n|switch|p1a: Blacephalon|Blacephalon|100\/100\n|turn|27\n|\n|t:|1699647333\n|move|p1a: Blacephalon|Calm Mind|p1a: Blacephalon\n|-boost|p1a: Blacephalon|spa|1\n|-boost|p1a: Blacephalon|spd|1\n|move|p2a: stinky|Earthquake|p1a: Blacephalon\n|-supereffective|p1a: Blacephalon\n|-damage|p1a: Blacephalon|0 fnt\n|faint|p1a: Blacephalon\n|-ability|p2a: stinky|Beast Boost|boost\n|-boost|p2a: stinky|atk|1\n|\n|upkeep\n|\n|t:|1699647339\n|switch|p1a: Victini|Victini|54\/100\n|turn|28\n|\n|t:|1699647343\n|-zpower|p1a: Victini\n|move|p1a: Victini|Z-Celebrate|p1a: Victini|[anim]Celebrate\n|-boost|p1a: Victini|atk|1|[zeffect]\n|-boost|p1a: Victini|def|1|[zeffect]\n|-boost|p1a: Victini|spa|1|[zeffect]\n|-boost|p1a: Victini|spd|1|[zeffect]\n|-boost|p1a: Victini|spe|1|[zeffect]\n|-activate|p1a: Victini|move: Celebrate\n|move|p2a: stinky|Earthquake|p1a: Victini\n|-supereffective|p1a: Victini\n|-damage|p1a: Victini|0 fnt\n|faint|p1a: Victini\n|\n|win|imbleed\n|raw|wasoqi's rating: 1405 &rarr; <strong>1385<\/strong><br \/>(-20 for losing)\n|raw|imbleed's rating: 1401 &rarr; <strong>1421<\/strong><br \/>(+20 for winning)\n","uploadtime":1699647370,"views":4,"p1id":"wasoqi","p2id":"imbleed","formatid":"gen9nationaldex","rating":1385,"private":0,"password":""}