{"id":"gen9nationaldex-2000090732","p1":"Piplup456","p2":"Ponyhehe","format":"[Gen 9] National Dex","log":"|html|<div class=\"broadcast-blue\"><strong>[Gen 9] National Dex is currently suspecting Sneasler! For information on how to participate check out the <a href=\"https:\/\/www.smogon.com\/forums\/threads\/sv-national-dex-suspect-8-just-dance.3731534\/\">suspect thread<\/a>.<\/strong><\/div>\n|j|\u2606Piplup456\n|j|\u2606Ponyhehe\n|t:|1701152997\n|gametype|singles\n|player|p1|Piplup456|102|\n|player|p2|Ponyhehe|volkner|\n|teamsize|p1|2\n|teamsize|p2|2\n|gen|9\n|tier|[Gen 9] National Dex\n|rule|HP Percentage Mod: HP is shown in percentages\n|rule|Endless Battle Clause: Forcing endless battles is banned\n|rule|OHKO Clause: OHKO moves are banned\n|rule|Evasion Clause: Evasion abilities, items, and moves are banned\n|rule|Evasion Abilities Clause: Evasion abilities are banned\n|rule|Evasion Items Clause: Evasion items are banned\n|rule|Evasion Moves Clause: Evasion moves are banned\n|rule|Species Clause: Limit one of each Pok\u00e9mon\n|rule|Sleep Clause Mod: Limit one foe put to sleep\n|clearpoke\n|poke|p1|Mew|\n|poke|p1|Malamar, M|\n|poke|p2|Zamazenta-*|\n|poke|p2|Garchomp, F|\n|teampreview\n|inactive|Battle timer is ON: inactive players will automatically lose when time's up. (requested by Piplup456)\n|\n|t:|1701153002\n|start\n|switch|p1a: Mew|Mew|100\/100\n|switch|p2a: Garchomp|Garchomp, F|100\/100\n|turn|1\n|\n|t:|1701153009\n|move|p2a: Garchomp|Crunch|p1a: Mew\n|-supereffective|p1a: Mew\n|-damage|p1a: Mew|54\/100\n|move|p1a: Mew|Light Screen|p1a: Mew\n|-sidestart|p1: Piplup456|move: Light Screen\n|\n|upkeep\n|turn|2\n|\n|t:|1701153015\n|switch|p2a: Zamazenta|Zamazenta|100\/100\n|-ability|p2a: Zamazenta|Dauntless Shield|boost\n|-boost|p2a: Zamazenta|def|1\n|move|p1a: Mew|Reflect|p1a: Mew\n|-sidestart|p1: Piplup456|Reflect\n|\n|upkeep\n|turn|3\n|\n|t:|1701153024\n|-terastallize|p2a: Zamazenta|Fighting\n|move|p2a: Zamazenta|Close Combat|p1a: Mew\n|-resisted|p1a: Mew\n|-damage|p1a: Mew|37\/100\n|-unboost|p2a: Zamazenta|def|1\n|-unboost|p2a: Zamazenta|spd|1\n|-zpower|p1a: Mew\n|move|p1a: Mew|Genesis Supernova|p2a: Zamazenta|[zeffect]\n|-supereffective|p2a: Zamazenta\n|-damage|p2a: Zamazenta|0 fnt\n|-fieldstart|move: Psychic Terrain\n|faint|p2a: Zamazenta\n|\n|upkeep\n|\n|t:|1701153037\n|switch|p2a: Garchomp|Garchomp, F|100\/100\n|turn|4\n|\n|t:|1701153043\n|switch|p1a: Malamar|Malamar, M|100\/100\n|move|p2a: Garchomp|Bite|p1a: Malamar\n|-damage|p1a: Malamar|87\/100\n|\n|upkeep\n|turn|5\n|\n|t:|1701153049\n|move|p1a: Malamar|Acupressure|p1a: Malamar\n|-boost|p1a: Malamar|evasion|2\n|move|p2a: Garchomp|Outrage|p1a: Malamar\n|-damage|p1a: Malamar|51\/100\n|\n|-sideend|p1: Piplup456|move: Light Screen\n|upkeep\n|turn|6\n|\n|t:|1701153055\n|move|p1a: Malamar|Acupressure|p1a: Malamar\n|-boost|p1a: Malamar|accuracy|2\n|move|p2a: Garchomp|Outrage|p1a: Malamar|[from]lockedmove\n|-damage|p1a: Malamar|16\/100\n|\n|-sideend|p1: Piplup456|Reflect\n|upkeep\n|turn|7\n|\n|t:|1701153065\n|move|p1a: Malamar|Rest|p1a: Malamar\n|-status|p1a: Malamar|slp|[from] move: Rest\n|-enditem|p1a: Malamar|Lum Berry|[eat]\n|-curestatus|p1a: Malamar|slp|[msg]\n|-heal|p1a: Malamar|100\/100|[silent]\n|move|p2a: Garchomp|Outrage|p1a: Malamar|[from]lockedmove|[miss]\n|-miss|p2a: Garchomp|p1a: Malamar\n|-start|p2a: Garchomp|confusion|[fatigue]\n|\n|-fieldend|move: Psychic Terrain\n|upkeep\n|turn|8\n|\n|t:|1701153077\n|move|p1a: Malamar|Acupressure|p1a: Malamar\n|-boost|p1a: Malamar|spe|2\n|-activate|p2a: Garchomp|confusion\n|move|p2a: Garchomp|Thrash|p1a: Malamar\n|-damage|p1a: Malamar|50\/100\n|\n|upkeep\n|turn|9\n|\n|t:|1701153089\n|move|p1a: Malamar|Acupressure|p1a: Malamar\n|-boost|p1a: Malamar|spd|2\n|-activate|p2a: Garchomp|confusion\n|move|p2a: Garchomp|Thrash|p1a: Malamar|[from]lockedmove\n|-damage|p1a: Malamar|1\/100\n|\n|upkeep\n|turn|10\n|\n|t:|1701153100\n|move|p1a: Malamar|Rest|p1a: Malamar\n|-status|p1a: Malamar|slp|[from] move: Rest\n|-heal|p1a: Malamar|100\/100 slp|[silent]\n|-activate|p2a: Garchomp|confusion\n|-damage|p2a: Garchomp|88\/100|[from] confusion\n|\n|upkeep\n|turn|11\n|\n|t:|1701153109\n|cant|p1a: Malamar|slp\n|-end|p2a: Garchomp|confusion\n|move|p2a: Garchomp|Thrash|p1a: Malamar|[miss]\n|-miss|p2a: Garchomp|p1a: Malamar\n|\n|upkeep\n|turn|12\n|\n|t:|1701153117\n|cant|p1a: Malamar|slp\n|move|p2a: Garchomp|Thrash|p1a: Malamar|[miss]\n|-miss|p2a: Garchomp|p1a: Malamar\n|\n|upkeep\n|turn|13\n|\n|t:|1701153130\n|-curestatus|p1a: Malamar|slp|[msg]\n|move|p1a: Malamar|Acupressure|p1a: Malamar\n|-boost|p1a: Malamar|spd|2\n|move|p2a: Garchomp|Crunch|p1a: Malamar\n|-damage|p1a: Malamar|67\/100\n|\n|upkeep\n|turn|14\n|\n|t:|1701153138\n|move|p1a: Malamar|Acupressure|p1a: Malamar\n|-boost|p1a: Malamar|spa|2\n|move|p2a: Garchomp|Thrash|p1a: Malamar|[miss]\n|-miss|p2a: Garchomp|p1a: Malamar\n|\n|upkeep\n|turn|15\n|\n|t:|1701153145\n|move|p1a: Malamar|Acupressure|p1a: Malamar\n|-boost|p1a: Malamar|def|2\n|move|p2a: Garchomp|Bite|p1a: Malamar\n|-damage|p1a: Malamar|55\/100\n|\n|upkeep\n|turn|16\n|\n|t:|1701153151\n|move|p1a: Malamar|Acupressure|p1a: Malamar\n|-boost|p1a: Malamar|atk|2\n|move|p2a: Garchomp|Thrash|p1a: Malamar|[miss]\n|-miss|p2a: Garchomp|p1a: Malamar\n|\n|upkeep\n|turn|17\n|\n|t:|1701153160\n|detailschange|p2a: Garchomp|Garchomp-Mega, F\n|-mega|p2a: Garchomp|Garchomp|Garchompite\n|move|p1a: Malamar|Acupressure|p1a: Malamar\n|-boost|p1a: Malamar|evasion|2\n|move|p2a: Garchomp|Outrage|p1a: Malamar|[miss]\n|-miss|p2a: Garchomp|p1a: Malamar\n|\n|upkeep\n|turn|18\n|\n|t:|1701153172\n|-terastallize|p1a: Malamar|Poison\n|move|p1a: Malamar|Acupressure|p1a: Malamar\n|-boost|p1a: Malamar|atk|2\n|move|p2a: Garchomp|Crunch|p1a: Malamar|[miss]\n|-miss|p2a: Garchomp|p1a: Malamar\n|\n|upkeep\n|turn|19\n|\n|t:|1701153195\n|move|p1a: Malamar|Acupressure|p1a: Malamar\n|-boost|p1a: Malamar|atk|2\n|move|p2a: Garchomp|Outrage|p1a: Malamar|[miss]\n|-miss|p2a: Garchomp|p1a: Malamar\n|\n|upkeep\n|turn|20\n|\n|t:|1701153202\n|move|p1a: Malamar|Acupressure|p1a: Malamar\n|-boost|p1a: Malamar|spe|2\n|move|p2a: Garchomp|Bite|p1a: Malamar\n|-damage|p1a: Malamar|40\/100\n|\n|upkeep\n|turn|21\n|\n|t:|1701153208\n|move|p1a: Malamar|Rest|p1a: Malamar\n|-status|p1a: Malamar|slp|[from] move: Rest\n|-heal|p1a: Malamar|100\/100 slp|[silent]\n|move|p2a: Garchomp|Thrash|p1a: Malamar\n|-damage|p1a: Malamar|68\/100 slp\n|\n|upkeep\n|turn|22\n|\n|t:|1701153216\n|cant|p1a: Malamar|slp\n|move|p2a: Garchomp|Thrash|p1a: Malamar|[from]lockedmove|[miss]\n|-miss|p2a: Garchomp|p1a: Malamar\n|\n|upkeep\n|turn|23\n|\n|t:|1701153224\n|cant|p1a: Malamar|slp\n|move|p2a: Garchomp|Thrash|p1a: Malamar|[miss]\n|-miss|p2a: Garchomp|p1a: Malamar\n|\n|upkeep\n|turn|24\n|\n|t:|1701153235\n|-curestatus|p1a: Malamar|slp|[msg]\n|move|p1a: Malamar|Acupressure|p1a: Malamar\n|-boost|p1a: Malamar|spe|2\n|move|p2a: Garchomp|Thrash|p1a: Malamar|[miss]\n|-miss|p2a: Garchomp|p1a: Malamar\n|\n|upkeep\n|turn|25\n|\n|t:|1701153245\n|move|p1a: Malamar|Acupressure|p1a: Malamar\n|-boost|p1a: Malamar|spd|2\n|move|p2a: Garchomp|Crunch|p1a: Malamar|[miss]\n|-miss|p2a: Garchomp|p1a: Malamar\n|\n|upkeep\n|turn|26\n|\n|t:|1701153251\n|move|p1a: Malamar|Acupressure|p1a: Malamar\n|-boost|p1a: Malamar|def|2\n|move|p2a: Garchomp|Outrage|p1a: Malamar|[miss]\n|-miss|p2a: Garchomp|p1a: Malamar\n|\n|upkeep\n|turn|27\n|\n|t:|1701153257\n|move|p1a: Malamar|Acupressure|p1a: Malamar\n|-boost|p1a: Malamar|spa|2\n|move|p2a: Garchomp|Thrash|p1a: Malamar\n|-damage|p1a: Malamar|49\/100\n|\n|upkeep\n|turn|28\n|\n|t:|1701153264\n|move|p1a: Malamar|Acupressure|p1a: Malamar\n|-boost|p1a: Malamar|evasion|2\n|move|p2a: Garchomp|Thrash|p1a: Malamar|[from]lockedmove\n|-damage|p1a: Malamar|26\/100\n|\n|upkeep\n|turn|29\n|\n|t:|1701153270\n|move|p1a: Malamar|Rest|p1a: Malamar\n|-status|p1a: Malamar|slp|[from] move: Rest\n|-heal|p1a: Malamar|100\/100 slp|[silent]\n|move|p2a: Garchomp|Thrash|p1a: Malamar|[from]lockedmove|[miss]\n|-miss|p2a: Garchomp|p1a: Malamar\n|-start|p2a: Garchomp|confusion|[fatigue]\n|\n|upkeep\n|turn|30\n|\n|t:|1701153288\n|cant|p1a: Malamar|slp\n|-activate|p2a: Garchomp|confusion\n|move|p2a: Garchomp|Bite|p1a: Malamar\n|-damage|p1a: Malamar|90\/100 slp\n|\n|upkeep\n|turn|31\n|\n|t:|1701153293\n|cant|p1a: Malamar|slp\n|-activate|p2a: Garchomp|confusion\n|move|p2a: Garchomp|Thrash|p1a: Malamar|[miss]\n|-miss|p2a: Garchomp|p1a: Malamar\n|\n|upkeep\n|turn|32\n|\n|t:|1701153299\n|-curestatus|p1a: Malamar|slp|[msg]\n|move|p1a: Malamar|Acupressure|p1a: Malamar\n|-boost|p1a: Malamar|spa|2\n|-activate|p2a: Garchomp|confusion\n|move|p2a: Garchomp|Thrash|p1a: Malamar|[miss]\n|-miss|p2a: Garchomp|p1a: Malamar\n|\n|upkeep\n|turn|33\n|\n|t:|1701153311\n|move|p1a: Malamar|Acupressure|p1a: Malamar\n|-boost|p1a: Malamar|accuracy|2\n|-end|p2a: Garchomp|confusion\n|move|p2a: Garchomp|Bite|p1a: Malamar\n|-damage|p1a: Malamar|80\/100\n|\n|upkeep\n|turn|34\n|\n|t:|1701153319\n|move|p1a: Malamar|Acupressure|p1a: Malamar\n|-boost|p1a: Malamar|accuracy|2\n|move|p2a: Garchomp|Crunch|p1a: Malamar|[miss]\n|-miss|p2a: Garchomp|p1a: Malamar\n|\n|upkeep\n|turn|35\n|\n|t:|1701153325\n|move|p1a: Malamar|Acupressure|p1a: Malamar\n|-boost|p1a: Malamar|def|2\n|move|p2a: Garchomp|Outrage|p1a: Malamar\n|-damage|p1a: Malamar|57\/100\n|\n|upkeep\n|turn|36\n|\n|t:|1701153338\n|move|p1a: Malamar|Stored Power|p2a: Garchomp\n|-damage|p2a: Garchomp|0 fnt\n|faint|p2a: Garchomp\n|\n|win|Piplup456\n|l|\u2606Ponyhehe\n","uploadtime":1701153395,"views":6,"p1id":"piplup456","p2id":"ponyhehe","formatid":"gen9nationaldex","rating":0,"private":0,"password":""}