{"id":"gen9nationaldex-1989248841","p1":"KyosukeKamijou","p2":"T1CKL3M3","format":"[Gen 9] National Dex","log":"|j|\u2606KyosukeKamijou\n|j|\u2606T1CKL3M3\n|t:|1699827865\n|gametype|singles\n|player|p1|KyosukeKamijou|ghetsis|1139\n|player|p2|T1CKL3M3|skyla|1040\n|teamsize|p1|6\n|teamsize|p2|6\n|gen|9\n|tier|[Gen 9] National Dex\n|rated|\n|rule|HP Percentage Mod: HP is shown in percentages\n|rule|Endless Battle Clause: Forcing endless battles is banned\n|rule|OHKO Clause: OHKO moves are banned\n|rule|Evasion Clause: Evasion abilities, items, and moves are banned\n|rule|Evasion Abilities Clause: Evasion abilities are banned\n|rule|Evasion Items Clause: Evasion items are banned\n|rule|Evasion Moves Clause: Evasion moves are banned\n|rule|Species Clause: Limit one of each Pok\u00e9mon\n|rule|Sleep Clause Mod: Limit one foe put to sleep\n|clearpoke\n|poke|p1|Kommo-o, M|\n|poke|p1|Great Tusk|\n|poke|p1|Ogerpon-Cornerstone, F|\n|poke|p1|Charizard, M|\n|poke|p1|Greninja-*, M|\n|poke|p1|Volcarona, F|\n|poke|p2|Gothitelle, F|\n|poke|p2|Milotic, F|\n|poke|p2|Cinccino, F|\n|poke|p2|Emolga, M|\n|poke|p2|Tangrowth, M|\n|poke|p2|Ambipom, M|\n|teampreview\n|\n|t:|1699827877\n|start\n|switch|p1a: Onisister|Ogerpon-Cornerstone, F|100\/100\n|switch|p2a: Emolga|Emolga, M|100\/100\n|turn|1\n|\n|t:|1699827897\n|move|p1a: Onisister|Spiky Shield|p1a: Onisister\n|-singleturn|p1a: Onisister|move: Protect\n|move|p2a: Emolga|Thunder Wave|p1a: Onisister\n|-activate|p1a: Onisister|move: Protect\n|\n|upkeep\n|turn|2\n|\n|t:|1699827904\n|switch|p1a: Mammothranger|Great Tusk|100\/100\n|move|p2a: Emolga|Thunder Wave|p1a: Mammothranger\n|-immune|p1a: Mammothranger\n|\n|upkeep\n|turn|3\n|\n|t:|1699827915\n|move|p1a: Mammothranger|Rock Slide|p2a: Emolga\n|-supereffective|p2a: Emolga\n|-damage|p2a: Emolga|13\/100\n|move|p2a: Emolga|Tickle|p1a: Mammothranger\n|-unboost|p1a: Mammothranger|atk|1\n|-unboost|p1a: Mammothranger|def|1\n|\n|upkeep\n|turn|4\n|\n|t:|1699827923\n|move|p1a: Mammothranger|Rock Slide|p2a: Emolga\n|-supereffective|p2a: Emolga\n|-damage|p2a: Emolga|0 fnt\n|faint|p2a: Emolga\n|\n|upkeep\n|\n|t:|1699827936\n|switch|p2a: Ambipom|Ambipom, M|100\/100\n|turn|5\n|\n|t:|1699827943\n|-end|p1a: Mammothranger|Protosynthesis|[silent]\n|switch|p1a: Ninja Black|Greninja, M, shiny|100\/100\n|move|p2a: Ambipom|Fake Out|p1a: Ninja Black\n|-damage|p1a: Ninja Black|66\/100\n|\n|upkeep\n|turn|6\n|\n|t:|1699827956\n|move|p1a: Ninja Black|Ice Beam|p2a: Ambipom\n|-start|p1a: Ninja Black|typechange|Ice|[from] ability: Protean\n|-damage|p2a: Ambipom|48\/100\n|move|p2a: Ambipom|Thunder Wave|p1a: Ninja Black\n|-status|p1a: Ninja Black|par\n|\n|upkeep\n|turn|7\n|\n|t:|1699827966\n|move|p2a: Ambipom|Tickle|p1a: Ninja Black\n|-unboost|p1a: Ninja Black|atk|1\n|-unboost|p1a: Ninja Black|def|1\n|cant|p1a: Ninja Black|par\n|\n|upkeep\n|turn|8\n|\n|t:|1699827974\n|move|p2a: Ambipom|Tickle|p1a: Ninja Black\n|-unboost|p1a: Ninja Black|atk|1\n|-unboost|p1a: Ninja Black|def|1\n|move|p1a: Ninja Black|Ice Beam|p2a: Ambipom\n|-damage|p2a: Ambipom|0 fnt\n|faint|p2a: Ambipom\n|\n|upkeep\n|\n|t:|1699827984\n|switch|p2a: Milotic|Milotic, F|100\/100\n|turn|9\n|\n|t:|1699827989\n|switch|p1a: Onisister|Ogerpon-Cornerstone, F|100\/100\n|move|p2a: Milotic|Attract|p1a: Onisister\n|-immune|p1a: Onisister\n|\n|upkeep\n|turn|10\n|\n|t:|1699827996\n|move|p1a: Onisister|Leech Seed|p2a: Milotic\n|-start|p2a: Milotic|move: Leech Seed\n|move|p2a: Milotic|Tickle|p1a: Onisister\n|-unboost|p1a: Onisister|atk|1\n|-unboost|p1a: Onisister|def|1\n|\n|-damage|p2a: Milotic|88\/100|[from] Leech Seed|[of] p1a: Onisister\n|upkeep\n|turn|11\n|\n|t:|1699828004\n|move|p1a: Onisister|Spiky Shield|p1a: Onisister\n|-singleturn|p1a: Onisister|move: Protect\n|move|p2a: Milotic|Tickle|p1a: Onisister\n|-activate|p1a: Onisister|move: Protect\n|\n|-heal|p2a: Milotic|94\/100|[from] item: Leftovers\n|-damage|p2a: Milotic|82\/100|[from] Leech Seed|[of] p1a: Onisister\n|upkeep\n|turn|12\n|\n|t:|1699828015\n|move|p1a: Onisister|Horn Leech|p2a: Milotic\n|-supereffective|p2a: Milotic\n|-damage|p2a: Milotic|31\/100\n|move|p2a: Milotic|Tickle|p1a: Onisister\n|-unboost|p1a: Onisister|atk|1\n|-unboost|p1a: Onisister|def|1\n|\n|-heal|p2a: Milotic|37\/100|[from] item: Leftovers\n|-damage|p2a: Milotic|25\/100|[from] Leech Seed|[of] p1a: Onisister\n|upkeep\n|turn|13\n|\n|t:|1699828026\n|switch|p1a: Ninja Black|Greninja, M, shiny|66\/100 par\n|move|p2a: Milotic|Tickle|p1a: Ninja Black\n|-unboost|p1a: Ninja Black|atk|1\n|-unboost|p1a: Ninja Black|def|1\n|\n|-heal|p2a: Milotic|31\/100|[from] item: Leftovers\n|-damage|p2a: Milotic|18\/100|[from] Leech Seed|[of] p1a: Ninja Black\n|-heal|p1a: Ninja Black|84\/100 par|[silent]\n|upkeep\n|turn|14\n|\n|t:|1699828043\n|move|p1a: Ninja Black|Dark Pulse|p2a: Milotic\n|-start|p1a: Ninja Black|typechange|Dark|[from] ability: Protean\n|-damage|p2a: Milotic|1\/100\n|move|p2a: Milotic|Tickle|p1a: Ninja Black\n|-unboost|p1a: Ninja Black|atk|1\n|-unboost|p1a: Ninja Black|def|1\n|\n|-heal|p2a: Milotic|7\/100|[from] item: Leftovers\n|-damage|p2a: Milotic|0 fnt|[from] Leech Seed|[of] p1a: Ninja Black\n|-heal|p1a: Ninja Black|92\/100 par|[silent]\n|faint|p2a: Milotic\n|upkeep\n|\n|t:|1699828056\n|switch|p2a: Cinccino|Cinccino, F|100\/100\n|turn|15\n|\n|t:|1699828061\n|move|p2a: Cinccino|Thunder Wave|p1a: Ninja Black\n|-fail|p1a: Ninja Black|par\n|cant|p1a: Ninja Black|par\n|\n|upkeep\n|turn|16\n|\n|t:|1699828067\n|switch|p1a: Mammothranger|Great Tusk|100\/100\n|move|p2a: Cinccino|Attract|p1a: Mammothranger\n|-immune|p1a: Mammothranger\n|\n|upkeep\n|turn|17\n|\n|t:|1699828077\n|move|p1a: Mammothranger|Body Press|p2a: Cinccino\n|-supereffective|p2a: Cinccino\n|-crit|p2a: Cinccino\n|-enditem|p2a: Cinccino|Focus Sash\n|-damage|p2a: Cinccino|1\/100\n|move|p2a: Cinccino|Tickle|p1a: Mammothranger\n|-unboost|p1a: Mammothranger|atk|1\n|-unboost|p1a: Mammothranger|def|1\n|\n|upkeep\n|turn|18\n|\n|t:|1699828085\n|move|p1a: Mammothranger|Body Press|p2a: Cinccino\n|-supereffective|p2a: Cinccino\n|-damage|p2a: Cinccino|0 fnt\n|faint|p2a: Cinccino\n|\n|upkeep\n|\n|t:|1699828092\n|switch|p2a: Tangrowth|Tangrowth, M|100\/100\n|turn|19\n|\n|t:|1699828097\n|-end|p1a: Mammothranger|Protosynthesis|[silent]\n|switch|p1a: Ninja Black|Greninja, M, shiny|92\/100 par\n|move|p2a: Tangrowth|Tickle|p1a: Ninja Black\n|-unboost|p1a: Ninja Black|atk|1\n|-unboost|p1a: Ninja Black|def|1\n|\n|upkeep\n|turn|20\n|\n|t:|1699828107\n|move|p1a: Ninja Black|Ice Beam|p2a: Tangrowth\n|-start|p1a: Ninja Black|typechange|Ice|[from] ability: Protean\n|-supereffective|p2a: Tangrowth\n|-damage|p2a: Tangrowth|0 fnt\n|faint|p2a: Tangrowth\n|\n|upkeep\n|\n|t:|1699828115\n|switch|p2a: Gothitelle|Gothitelle, F|100\/100\n|turn|21\n|\n|t:|1699828119\n|switch|p1a: PapillonOhger|Volcarona, F, shiny|100\/100\n|move|p2a: Gothitelle|Attract|p1a: PapillonOhger\n|-immune|p1a: PapillonOhger\n|\n|upkeep\n|turn|22\n|\n|t:|1699828128\n|move|p1a: PapillonOhger|Quiver Dance|p1a: PapillonOhger\n|-boost|p1a: PapillonOhger|spa|1\n|-boost|p1a: PapillonOhger|spd|1\n|-boost|p1a: PapillonOhger|spe|1\n|move|p2a: Gothitelle|Tickle|p1a: PapillonOhger\n|-unboost|p1a: PapillonOhger|atk|1\n|-unboost|p1a: PapillonOhger|def|1\n|\n|upkeep\n|turn|23\n|\n|t:|1699828135\n|move|p1a: PapillonOhger|Bug Buzz|p2a: Gothitelle\n|-supereffective|p2a: Gothitelle\n|-damage|p2a: Gothitelle|0 fnt\n|faint|p2a: Gothitelle\n|\n|win|KyosukeKamijou\n|raw|KyosukeKamijou's rating: 1139 &rarr; <strong>1157<\/strong><br \/>(+18 for winning)\n|raw|T1CKL3M3's rating: 1040 &rarr; <strong>1028<\/strong><br \/>(-12 for losing)\n","uploadtime":1699828142,"views":5,"p1id":"kyosukekamijou","p2id":"t1ckl3m3","formatid":"gen9nationaldex","rating":1028,"private":0,"password":""}