{"id":"gen9nationaldex-1993559801","p1":"Ekkogandr","p2":"akyraaiko","format":"[Gen 9] National Dex","log":"|j|\u2606Ekkogandr\n|j|\u2606akyraaiko\n|t:|1700331757\n|gametype|singles\n|player|p1|Ekkogandr|turo-ai|\n|player|p2|akyraaiko|265|\n|teamsize|p1|6\n|teamsize|p2|6\n|gen|9\n|tier|[Gen 9] National Dex\n|rule|HP Percentage Mod: HP is shown in percentages\n|rule|Endless Battle Clause: Forcing endless battles is banned\n|rule|OHKO Clause: OHKO moves are banned\n|rule|Evasion Clause: Evasion abilities, items, and moves are banned\n|rule|Evasion Abilities Clause: Evasion abilities are banned\n|rule|Evasion Items Clause: Evasion items are banned\n|rule|Evasion Moves Clause: Evasion moves are banned\n|rule|Species Clause: Limit one of each Pok\u00e9mon\n|rule|Sleep Clause Mod: Limit one foe put to sleep\n|clearpoke\n|poke|p1|Garchomp, F|\n|poke|p1|Iron Valiant|\n|poke|p1|Mawile, F|\n|poke|p1|Heatran, M|\n|poke|p1|Rotom-Wash|\n|poke|p1|Landorus-Therian, M|\n|poke|p2|Rotom-Wash|\n|poke|p2|Ceruledge, M|\n|poke|p2|Kleavor, F|\n|poke|p2|Banette, M|\n|poke|p2|Lycanroc-Dusk, F|\n|poke|p2|Zoroark-Hisui, F|\n|teampreview\n|c|\u2606Ekkogandr|tbm nunca usei mt esse\n|\n|t:|1700331772\n|start\n|switch|p1a: Terra Tigris|Landorus-Therian, M|100\/100\n|switch|p2a: Kleavor|Kleavor, F, shiny|100\/100\n|-ability|p1a: Terra Tigris|Intimidate|boost\n|-unboost|p2a: Kleavor|atk|1\n|turn|1\n|\n|t:|1700331780\n|move|p2a: Kleavor|Stone Axe|p1a: Terra Tigris\n|-damage|p1a: Terra Tigris|75\/100\n|-damage|p2a: Kleavor|84\/100|[from] item: Rocky Helmet|[of] p1a: Terra Tigris\n|-sidestart|p1: Ekkogandr|move: Stealth Rock\n|move|p1a: Terra Tigris|Stealth Rock|p2a: Kleavor\n|-sidestart|p2: akyraaiko|move: Stealth Rock\n|\n|upkeep\n|turn|2\n|\n|t:|1700331786\n|switch|p2a: Rotom|Rotom-Wash|100\/100\n|-damage|p2a: Rotom|88\/100|[from] Stealth Rock\n|move|p1a: Terra Tigris|Earthquake|p2a: Rotom\n|-immune|p2a: Rotom|[from] ability: Levitate\n|\n|-heal|p2a: Rotom|94\/100|[from] item: Leftovers\n|upkeep\n|turn|3\n|\n|t:|1700331791\n|switch|p1a: Victor Mare|Rotom-Wash|100\/100\n|-damage|p1a: Victor Mare|88\/100|[from] Stealth Rock\n|move|p2a: Rotom|Hydro Pump|p1a: Victor Mare\n|-resisted|p1a: Victor Mare\n|-damage|p1a: Victor Mare|68\/100\n|\n|-heal|p2a: Rotom|100\/100|[from] item: Leftovers\n|-heal|p1a: Victor Mare|75\/100|[from] item: Leftovers\n|upkeep\n|turn|4\n|\n|t:|1700331794\n|move|p2a: Rotom|Will-O-Wisp|p1a: Victor Mare\n|-status|p1a: Victor Mare|brn\n|move|p1a: Victor Mare|Defog|p2a: Rotom\n|-unboost|p2a: Rotom|evasion|1\n|-sideend|p2: akyraaiko|Stealth Rock|[from] move: Defog|[of] p1a: Victor Mare\n|-sideend|p1: Ekkogandr|Stealth Rock|[from] move: Defog|[of] p1a: Victor Mare\n|\n|-heal|p1a: Victor Mare|81\/100 brn|[from] item: Leftovers\n|-damage|p1a: Victor Mare|75\/100 brn|[from] brn\n|upkeep\n|turn|5\n|\n|t:|1700331798\n|switch|p2a: Kleavor|Kleavor, F, shiny|84\/100\n|move|p1a: Victor Mare|Volt Switch|p2a: Kleavor\n|-damage|p2a: Kleavor|44\/100\n|\n|t:|1700331807\n|switch|p1a: Dominus Petrae|Garchomp, F|100\/100|[from] Volt Switch\n|\n|upkeep\n|turn|6\n|\n|t:|1700331824\n|move|p2a: Kleavor|Close Combat|p1a: Dominus Petrae\n|-damage|p1a: Dominus Petrae|55\/100\n|-unboost|p2a: Kleavor|def|1\n|-unboost|p2a: Kleavor|spd|1\n|-damage|p2a: Kleavor|31\/100|[from] ability: Rough Skin|[of] p1a: Dominus Petrae\n|move|p1a: Dominus Petrae|Swords Dance|p1a: Dominus Petrae\n|-boost|p1a: Dominus Petrae|atk|2\n|\n|-heal|p1a: Dominus Petrae|62\/100|[from] item: Leftovers\n|upkeep\n|turn|7\n|\n|t:|1700331832\n|move|p2a: Kleavor|Close Combat|p1a: Dominus Petrae\n|-damage|p1a: Dominus Petrae|21\/100\n|-unboost|p2a: Kleavor|def|1\n|-unboost|p2a: Kleavor|spd|1\n|-damage|p2a: Kleavor|19\/100|[from] ability: Rough Skin|[of] p1a: Dominus Petrae\n|move|p1a: Dominus Petrae|Earthquake|p2a: Kleavor\n|-damage|p2a: Kleavor|0 fnt\n|faint|p2a: Kleavor\n|\n|-heal|p1a: Dominus Petrae|27\/100|[from] item: Leftovers\n|upkeep\n|\n|t:|1700331849\n|switch|p2a: el lobo|Lycanroc-Dusk, F, shiny|100\/100\n|turn|8\n|\n|t:|1700331854\n|move|p2a: el lobo|Close Combat|p1a: Dominus Petrae\n|-damage|p1a: Dominus Petrae|0 fnt\n|-unboost|p2a: el lobo|def|1\n|-unboost|p2a: el lobo|spd|1\n|-damage|p2a: el lobo|88\/100|[from] ability: Rough Skin|[of] p1a: Dominus Petrae\n|faint|p1a: Dominus Petrae\n|\n|upkeep\n|\n|t:|1700331865\n|switch|p1a: Imperatrix Umbrosa|Iron Valiant|100\/100\n|-enditem|p1a: Imperatrix Umbrosa|Booster Energy\n|-activate|p1a: Imperatrix Umbrosa|ability: Quark Drive|[fromitem]\n|-start|p1a: Imperatrix Umbrosa|quarkdrivespe\n|turn|9\n|\n|t:|1700331873\n|switch|p2a: Banette|Banette, M|100\/100\n|move|p1a: Imperatrix Umbrosa|Moonblast|p2a: Banette\n|-damage|p2a: Banette|4\/100\n|-unboost|p2a: Banette|spa|1\n|replace|p2a: who?|Zoroark-Hisui, F, shiny\n|-end|p2a: who?|Illusion\n|\n|upkeep\n|turn|10\n|\n|t:|1700331881\n|move|p1a: Imperatrix Umbrosa|Moonblast|p2a: who?\n|-damage|p2a: who?|0 fnt\n|faint|p2a: who?\n|\n|upkeep\n|\n|t:|1700331886\n|switch|p2a: Banette|Banette, M|100\/100\n|turn|11\n|\n|t:|1700331899\n|-end|p1a: Imperatrix Umbrosa|Quark Drive|[silent]\n|switch|p1a: Terra Tigris|Landorus-Therian, M|75\/100\n|-ability|p1a: Terra Tigris|Intimidate|boost\n|-unboost|p2a: Banette|atk|1\n|detailschange|p2a: Banette|Banette-Mega, M\n|-mega|p2a: Banette|Banette|Banettite\n|move|p2a: Banette|Gunk Shot|p1a: Terra Tigris\n|-resisted|p1a: Terra Tigris\n|-damage|p1a: Terra Tigris|63\/100\n|-status|p1a: Terra Tigris|psn\n|\n|-damage|p1a: Terra Tigris|50\/100 psn|[from] psn\n|upkeep\n|turn|12\n|\n|t:|1700331906\n|move|p2a: Banette|Poltergeist|p1a: Terra Tigris\n|-activate|p1a: Terra Tigris|move: Poltergeist|Rocky Helmet\n|-damage|p1a: Terra Tigris|19\/100 psn\n|move|p1a: Terra Tigris|Toxic|p2a: Banette\n|-status|p2a: Banette|tox\n|\n|-damage|p2a: Banette|95\/100 tox|[from] psn\n|-damage|p1a: Terra Tigris|7\/100 psn|[from] psn\n|upkeep\n|turn|13\n|\n|t:|1700331915\n|move|p2a: Banette|Gunk Shot|p1a: Terra Tigris|[miss]\n|-miss|p2a: Banette|p1a: Terra Tigris\n|move|p1a: Terra Tigris|Stealth Rock|p2a: Banette\n|-sidestart|p2: akyraaiko|move: Stealth Rock\n|\n|-damage|p2a: Banette|83\/100 tox|[from] psn\n|-damage|p1a: Terra Tigris|0 fnt|[from] psn\n|faint|p1a: Terra Tigris\n|upkeep\n|c|\u2606Ekkogandr|pfto\n|\n|t:|1700331937\n|switch|p1a: Duo Adversus|Mawile, F|100\/100\n|-ability|p1a: Duo Adversus|Intimidate|boost\n|-unboost|p2a: Banette|atk|1\n|turn|14\n|\n|t:|1700331945\n|switch|p2a: Ceruledge|Ceruledge, M|100\/100\n|-damage|p2a: Ceruledge|76\/100|[from] Stealth Rock\n|detailschange|p1a: Duo Adversus|Mawile-Mega, F\n|-mega|p1a: Duo Adversus|Mawile|Mawilite\n|move|p1a: Duo Adversus|Swords Dance|p1a: Duo Adversus\n|-boost|p1a: Duo Adversus|atk|2\n|\n|upkeep\n|turn|15\n|\n|t:|1700331950\n|move|p1a: Duo Adversus|Sucker Punch|p2a: Ceruledge\n|-supereffective|p2a: Ceruledge\n|-damage|p2a: Ceruledge|0 fnt\n|faint|p2a: Ceruledge\n|\n|upkeep\n|\n|t:|1700331953\n|switch|p2a: el lobo|Lycanroc-Dusk, F, shiny|88\/100\n|-damage|p2a: el lobo|76\/100|[from] Stealth Rock\n|turn|16\n|\n|t:|1700331957\n|move|p1a: Duo Adversus|Sucker Punch|p2a: el lobo\n|-damage|p2a: el lobo|0 fnt\n|faint|p2a: el lobo\n|\n|upkeep\n|\n|t:|1700331959\n|switch|p2a: Rotom|Rotom-Wash|100\/100\n|-damage|p2a: Rotom|88\/100|[from] Stealth Rock\n|turn|17\n|c|\u2606akyraaiko|pronto acabei a ota\n|\n|t:|1700331981\n|move|p2a: Rotom|Will-O-Wisp|p1a: Duo Adversus|[miss]\n|-miss|p2a: Rotom|p1a: Duo Adversus\n|move|p1a: Duo Adversus|Knock Off|p2a: Rotom\n|-damage|p2a: Rotom|0 fnt\n|-enditem|p2a: Rotom|Leftovers|[from] move: Knock Off|[of] p1a: Duo Adversus\n|faint|p2a: Rotom\n|\n|upkeep\n|\n|t:|1700331986\n|switch|p2a: Banette|Banette-Mega, M|83\/100 tox\n|-damage|p2a: Banette|70\/100 tox|[from] Stealth Rock\n|turn|18\n|c|\u2606Ekkogandr|rip\n|\n|t:|1700331991\n|move|p2a: Banette|Destiny Bond|p2a: Banette\n|-singlemove|p2a: Banette|Destiny Bond\n|move|p1a: Duo Adversus|Knock Off|p2a: Banette\n|-supereffective|p2a: Banette\n|-damage|p2a: Banette|0 fnt\n|faint|p2a: Banette\n|-activate|p2a: Banette|move: Destiny Bond\n|faint|p1a: Duo Adversus\n|\n|win|Ekkogandr\n|c|\u2606Ekkogandr|gg\n","uploadtime":1700331997,"views":6,"p1id":"ekkogandr","p2id":"akyraaiko","formatid":"gen9nationaldex","rating":0,"private":0,"password":""}