{"id":"gen9nationaldex-1994955196","p1":"TheEmeraldGamerGuy","p2":"CheezeyMemes","format":"[Gen 9] National Dex","log":"|html|<div class=\"broadcast-blue\"><strong>[Gen 9] National Dex is currently suspecting Sneasler! For information on how to participate check out the <a href=\"https:\/\/www.smogon.com\/forums\/threads\/sv-national-dex-suspect-8-just-dance.3731534\/\">suspect thread<\/a>.<\/strong><\/div>\n|j|\u2606TheEmeraldGamerGuy\n|j|\u2606CheezeyMemes\n|t:|1700507845\n|gametype|singles\n|player|p1|TheEmeraldGamerGuy|colress|1432\n|player|p2|CheezeyMemes|fantina|1440\n|teamsize|p1|6\n|teamsize|p2|6\n|gen|9\n|tier|[Gen 9] National Dex\n|rated|\n|rule|HP Percentage Mod: HP is shown in percentages\n|rule|Endless Battle Clause: Forcing endless battles is banned\n|rule|OHKO Clause: OHKO moves are banned\n|rule|Evasion Clause: Evasion abilities, items, and moves are banned\n|rule|Evasion Abilities Clause: Evasion abilities are banned\n|rule|Evasion Items Clause: Evasion items are banned\n|rule|Evasion Moves Clause: Evasion moves are banned\n|rule|Species Clause: Limit one of each Pok\u00e9mon\n|rule|Sleep Clause Mod: Limit one foe put to sleep\n|clearpoke\n|poke|p1|Keldeo-Resolute|\n|poke|p1|Corviknight, F|\n|poke|p1|Garchomp, M|\n|poke|p1|Volcarona, M|\n|poke|p1|Tapu Koko|\n|poke|p1|Weavile, F|\n|poke|p2|Corviknight, M|\n|poke|p2|Blissey, F|\n|poke|p2|Alomomola, F|\n|poke|p2|Dondozo, M|\n|poke|p2|Sinistcha-Masterpiece|\n|poke|p2|Hatterene, F|\n|teampreview\n|inactive|Battle timer is ON: inactive players will automatically lose when time's up. (requested by CheezeyMemes)\n|inactive|TheEmeraldGamerGuy also wants the timer to be on.\n|\n|t:|1700507853\n|start\n|switch|p1a: Keldeo|Keldeo-Resolute|100\/100\n|switch|p2a: Hatterene|Hatterene, F|100\/100\n|turn|1\n|\n|t:|1700507855\n|move|p1a: Keldeo|Substitute|p1a: Keldeo\n|-start|p1a: Keldeo|Substitute\n|-damage|p1a: Keldeo|76\/100\n|move|p2a: Hatterene|Calm Mind|p2a: Hatterene\n|-boost|p2a: Hatterene|spa|1\n|-boost|p2a: Hatterene|spd|1\n|\n|-heal|p1a: Keldeo|82\/100|[from] item: Leftovers\n|upkeep\n|turn|2\n|\n|t:|1700507858\n|move|p1a: Keldeo|Calm Mind|p1a: Keldeo\n|-boost|p1a: Keldeo|spa|1\n|-boost|p1a: Keldeo|spd|1\n|move|p2a: Hatterene|Draining Kiss|p1a: Keldeo\n|-supereffective|p1a: Keldeo\n|-end|p1a: Keldeo|Substitute\n|\n|-heal|p1a: Keldeo|88\/100|[from] item: Leftovers\n|upkeep\n|turn|3\n|\n|t:|1700507862\n|switch|p1a: Weavile|Weavile, F|100\/100\n|-ability|p1a: Weavile|Pressure\n|move|p2a: Hatterene|Draining Kiss|p1a: Weavile\n|-supereffective|p1a: Weavile\n|-damage|p1a: Weavile|2\/100\n|\n|upkeep\n|turn|4\n|\n|t:|1700507868\n|switch|p2a: Corviknight|Corviknight, M|100\/100\n|-terastallize|p1a: Weavile|Dark\n|move|p1a: Weavile|Knock Off|p2a: Corviknight\n|-damage|p2a: Corviknight|35\/100\n|-damage|p1a: Weavile|0 fnt|[from] item: Rocky Helmet|[of] p2a: Corviknight\n|faint|p1a: Weavile\n|\n|upkeep\n|\n|t:|1700507875\n|switch|p1a: Volcarona|Volcarona, M|100\/100\n|turn|5\n|\n|t:|1700507878\n|switch|p2a: Blissey|Blissey, F|100\/100\n|move|p1a: Volcarona|Quiver Dance|p1a: Volcarona\n|-boost|p1a: Volcarona|spa|1\n|-boost|p1a: Volcarona|spd|1\n|-boost|p1a: Volcarona|spe|1\n|\n|upkeep\n|turn|6\n|\n|t:|1700507881\n|switch|p1a: Garchomp|Garchomp, M|100\/100\n|move|p2a: Blissey|Seismic Toss|p1a: Garchomp\n|-damage|p1a: Garchomp|72\/100\n|-damage|p2a: Blissey|88\/100|[from] ability: Rough Skin|[of] p1a: Garchomp\n|\n|-heal|p2a: Blissey|94\/100|[from] item: Leftovers\n|upkeep\n|turn|7\n|\n|t:|1700507884\n|switch|p2a: Dondozo|Dondozo, M|100\/100\n|move|p1a: Garchomp|Stealth Rock|p2a: Dondozo\n|-sidestart|p2: CheezeyMemes|move: Stealth Rock\n|\n|upkeep\n|turn|8\n|\n|t:|1700507888\n|switch|p1a: Tapu Koko|Tapu Koko|100\/100\n|-fieldstart|move: Electric Terrain|[from] ability: Electric Surge|[of] p1a: Tapu Koko\n|move|p2a: Dondozo|Liquidation|p1a: Tapu Koko\n|-damage|p1a: Tapu Koko|58\/100\n|\n|upkeep\n|turn|9\n|\n|t:|1700507891\n|switch|p2a: Blissey|Blissey, F|94\/100\n|-damage|p2a: Blissey|82\/100|[from] Stealth Rock\n|move|p1a: Tapu Koko|Thunderbolt|p2a: Blissey\n|-crit|p2a: Blissey\n|-damage|p2a: Blissey|59\/100\n|\n|-heal|p2a: Blissey|65\/100|[from] item: Leftovers\n|upkeep\n|turn|10\n|\n|t:|1700507895\n|move|p1a: Tapu Koko|U-turn|p2a: Blissey\n|-damage|p2a: Blissey|48\/100\n|\n|t:|1700507897\n|switch|p1a: Garchomp|Garchomp, M|72\/100|[from] U-turn\n|move|p2a: Blissey|Thunder Wave|p1a: Garchomp\n|-immune|p1a: Garchomp\n|\n|-heal|p2a: Blissey|54\/100|[from] item: Leftovers\n|upkeep\n|turn|11\n|\n|t:|1700507904\n|switch|p2a: Corviknight|Corviknight, M|35\/100\n|-damage|p2a: Corviknight|23\/100|[from] Stealth Rock\n|move|p1a: Garchomp|Earthquake|p2a: Corviknight\n|-immune|p2a: Corviknight\n|\n|upkeep\n|turn|12\n|\n|t:|1700507909\n|-zpower|p1a: Garchomp\n|move|p1a: Garchomp|Devastating Drake|p2a: Corviknight|[zeffect]\n|-resisted|p2a: Corviknight\n|-damage|p2a: Corviknight|0 fnt\n|faint|p2a: Corviknight\n|\n|-fieldend|move: Electric Terrain\n|upkeep\n|\n|t:|1700507913\n|switch|p2a: Hatterene|Hatterene, F|100\/100\n|-damage|p2a: Hatterene|88\/100|[from] Stealth Rock\n|turn|13\n|\n|t:|1700507915\n|move|p1a: Garchomp|Earthquake|p2a: Hatterene\n|-damage|p2a: Hatterene|48\/100\n|move|p2a: Hatterene|Calm Mind|p2a: Hatterene\n|-boost|p2a: Hatterene|spa|1\n|-boost|p2a: Hatterene|spd|1\n|\n|-heal|p2a: Hatterene|54\/100|[from] item: Leftovers\n|upkeep\n|turn|14\n|\n|t:|1700507918\n|move|p1a: Garchomp|Earthquake|p2a: Hatterene\n|-damage|p2a: Hatterene|13\/100\n|move|p2a: Hatterene|Draining Kiss|p1a: Garchomp\n|-supereffective|p1a: Garchomp\n|-crit|p1a: Garchomp\n|-damage|p1a: Garchomp|0 fnt\n|-heal|p2a: Hatterene|73\/100|[from] drain|[of] p1a: Garchomp\n|-damage|p2a: Hatterene|61\/100|[from] ability: Rough Skin|[of] p1a: Garchomp\n|faint|p1a: Garchomp\n|\n|-heal|p2a: Hatterene|67\/100|[from] item: Leftovers\n|upkeep\n|\n|t:|1700507922\n|switch|p1a: Volcarona|Volcarona, M|100\/100\n|turn|15\n|\n|t:|1700507924\n|move|p1a: Volcarona|Quiver Dance|p1a: Volcarona\n|-boost|p1a: Volcarona|spa|1\n|-boost|p1a: Volcarona|spd|1\n|-boost|p1a: Volcarona|spe|1\n|move|p2a: Hatterene|Psyshock|p1a: Volcarona\n|-damage|p1a: Volcarona|10\/100\n|\n|-heal|p2a: Hatterene|73\/100|[from] item: Leftovers\n|upkeep\n|turn|16\n|\n|t:|1700507930\n|move|p1a: Volcarona|Bug Buzz|p2a: Hatterene\n|-damage|p2a: Hatterene|25\/100\n|move|p2a: Hatterene|Psyshock|p1a: Volcarona\n|-damage|p1a: Volcarona|0 fnt\n|faint|p1a: Volcarona\n|\n|-heal|p2a: Hatterene|31\/100|[from] item: Leftovers\n|upkeep\n|\n|t:|1700507933\n|switch|p1a: Tapu Koko|Tapu Koko|58\/100\n|-fieldstart|move: Electric Terrain|[from] ability: Electric Surge|[of] p1a: Tapu Koko\n|turn|17\n|\n|t:|1700507935\n|move|p1a: Tapu Koko|Thunderbolt|p2a: Hatterene\n|-damage|p2a: Hatterene|0 fnt\n|faint|p2a: Hatterene\n|\n|upkeep\n|\n|t:|1700507938\n|switch|p2a: Blissey|Blissey, F|54\/100\n|-damage|p2a: Blissey|42\/100|[from] Stealth Rock\n|turn|18\n|\n|t:|1700507943\n|move|p1a: Tapu Koko|U-turn|p2a: Blissey\n|-damage|p2a: Blissey|25\/100\n|\n|t:|1700507945\n|switch|p1a: Corviknight|Corviknight, F|100\/100|[from] U-turn\n|-ability|p1a: Corviknight|Pressure\n|move|p2a: Blissey|Soft-Boiled|p2a: Blissey\n|-heal|p2a: Blissey|75\/100\n|\n|-heal|p2a: Blissey|81\/100|[from] item: Leftovers\n|upkeep\n|turn|19\n|\n|t:|1700507953\n|move|p1a: Corviknight|U-turn|p2a: Blissey\n|-damage|p2a: Blissey|67\/100\n|\n|t:|1700507956\n|switch|p1a: Keldeo|Keldeo-Resolute|88\/100|[from] U-turn\n|move|p2a: Blissey|Thunder Wave|p1a: Keldeo\n|-status|p1a: Keldeo|par\n|\n|-heal|p1a: Keldeo|94\/100 par|[from] item: Leftovers\n|-heal|p2a: Blissey|73\/100|[from] item: Leftovers\n|upkeep\n|turn|20\n|\n|t:|1700507959\n|move|p1a: Keldeo|Substitute|p1a: Keldeo\n|-start|p1a: Keldeo|Substitute\n|-damage|p1a: Keldeo|70\/100 par\n|move|p2a: Blissey|Seismic Toss|p1a: Keldeo\n|-end|p1a: Keldeo|Substitute\n|\n|-heal|p1a: Keldeo|76\/100 par|[from] item: Leftovers\n|-heal|p2a: Blissey|79\/100|[from] item: Leftovers\n|upkeep\n|turn|21\n|\n|t:|1700507962\n|cant|p1a: Keldeo|par\n|move|p2a: Blissey|Seismic Toss|p1a: Keldeo\n|-damage|p1a: Keldeo|45\/100 par\n|\n|-heal|p1a: Keldeo|51\/100 par|[from] item: Leftovers\n|-heal|p2a: Blissey|85\/100|[from] item: Leftovers\n|-fieldend|move: Electric Terrain\n|upkeep\n|turn|22\n|\n|t:|1700507964\n|cant|p1a: Keldeo|par\n|move|p2a: Blissey|Seismic Toss|p1a: Keldeo\n|-damage|p1a: Keldeo|20\/100 par\n|\n|-heal|p1a: Keldeo|26\/100 par|[from] item: Leftovers\n|-heal|p2a: Blissey|91\/100|[from] item: Leftovers\n|upkeep\n|turn|23\n|\n|t:|1700507965\n|cant|p1a: Keldeo|par\n|move|p2a: Blissey|Seismic Toss|p1a: Keldeo\n|-damage|p1a: Keldeo|0 fnt\n|faint|p1a: Keldeo\n|\n|-heal|p2a: Blissey|97\/100|[from] item: Leftovers\n|upkeep\n|n|!TheEmeraldGamerGuy|theemeraldgamerguy\n|-message|TheEmeraldGamerGuy forfeited.\n|\n|win|CheezeyMemes\n|raw|TheEmeraldGamerGuy's rating: 1432 &rarr; <strong>1412<\/strong><br \/>(-20 for losing)\n|raw|CheezeyMemes's rating: 1440 &rarr; <strong>1460<\/strong><br \/>(+20 for winning)\n","uploadtime":1700507974,"views":2,"p1id":"theemeraldgamerguy","p2id":"cheezeymemes","formatid":"gen9nationaldex","rating":1412,"private":0,"password":""}