{"id":"gen9nationaldex-1989914365","p1":"Jor99fran","p2":"RiouruK","format":"[Gen 9] National Dex","log":"|j|\u2606Jor99fran\n|j|\u2606RiouruK\n|t:|1699906313\n|gametype|singles\n|player|p1|Jor99fran|ghetsis|\n|player|p2|RiouruK|ghetsis|\n|teamsize|p1|6\n|teamsize|p2|6\n|gen|9\n|tier|[Gen 9] National Dex\n|rule|HP Percentage Mod: HP is shown in percentages\n|rule|Endless Battle Clause: Forcing endless battles is banned\n|rule|OHKO Clause: OHKO moves are banned\n|rule|Evasion Clause: Evasion abilities, items, and moves are banned\n|rule|Evasion Abilities Clause: Evasion abilities are banned\n|rule|Evasion Items Clause: Evasion items are banned\n|rule|Evasion Moves Clause: Evasion moves are banned\n|rule|Species Clause: Limit one of each Pok\u00e9mon\n|rule|Sleep Clause Mod: Limit one foe put to sleep\n|clearpoke\n|poke|p1|Basculegion-F, F|\n|poke|p1|Chandelure, F|\n|poke|p1|Gengar, M|\n|poke|p1|Decidueye, F|\n|poke|p1|Palossand, F|\n|poke|p1|Skeledirge, F|\n|poke|p2|Lucario, M|\n|poke|p2|Iron Valiant|\n|poke|p2|Lopunny, F|\n|poke|p2|Blaziken, M|\n|poke|p2|Urshifu-*, M|\n|poke|p2|Great Tusk|\n|teampreview\n|c|\u2606Jor99fran|buena suerte\n|\n|t:|1699906335\n|start\n|switch|p1a: Gengar|Gengar, M, shiny|100\/100\n|switch|p2a: Great Tusk|Great Tusk|100\/100\n|turn|1\n|\n|t:|1699906341\n|move|p1a: Gengar|Toxic Spikes|p2a: Great Tusk\n|-sidestart|p2: RiouruK|move: Toxic Spikes\n|move|p2a: Great Tusk|Headlong Rush|p1a: Gengar\n|-supereffective|p1a: Gengar\n|-damage|p1a: Gengar|0 fnt\n|-unboost|p2a: Great Tusk|def|1\n|-unboost|p2a: Great Tusk|spd|1\n|-start|p2a: Great Tusk|Disable|Headlong Rush|[from] ability: Cursed Body|[of] p1a: Gengar\n|faint|p1a: Gengar\n|\n|upkeep\n|\n|t:|1699906351\n|switch|p1a: Basculegion|Basculegion-F, F, shiny|100\/100\n|turn|2\n|\n|t:|1699906383\n|move|p2a: Great Tusk|Close Combat|p1a: Basculegion\n|-immune|p1a: Basculegion\n|move|p1a: Basculegion|Substitute|p1a: Basculegion\n|-start|p1a: Basculegion|Substitute\n|-damage|p1a: Basculegion|76\/100\n|\n|-heal|p1a: Basculegion|82\/100|[from] item: Leftovers\n|upkeep\n|turn|3\n|\n|t:|1699906391\n|move|p2a: Great Tusk|Ice Spinner|p1a: Basculegion\n|-resisted|p1a: Basculegion\n|-activate|p1a: Basculegion|move: Substitute|[damage]\n|move|p1a: Basculegion|Ice Beam|p2a: Great Tusk\n|-supereffective|p2a: Great Tusk\n|-damage|p2a: Great Tusk|3\/100\n|\n|-heal|p2a: Great Tusk|9\/100|[from] item: Leftovers\n|-heal|p1a: Basculegion|88\/100|[from] item: Leftovers\n|upkeep\n|turn|4\n|\n|t:|1699906407\n|move|p2a: Great Tusk|Rapid Spin|p1a: Basculegion\n|-immune|p1a: Basculegion\n|move|p1a: Basculegion|Surf|p2a: Great Tusk\n|-supereffective|p2a: Great Tusk\n|-damage|p2a: Great Tusk|0 fnt\n|faint|p2a: Great Tusk\n|-end|p2a: Great Tusk|Protosynthesis|[silent]\n|\n|-heal|p1a: Basculegion|94\/100|[from] item: Leftovers\n|upkeep\n|\n|t:|1699906447\n|switch|p2a: Lopunny|Lopunny, F|100\/100\n|-status|p2a: Lopunny|psn\n|turn|5\n|\n|t:|1699906462\n|move|p2a: Lopunny|U-turn|p1a: Basculegion\n|-resisted|p1a: Basculegion\n|-activate|p1a: Basculegion|move: Substitute|[damage]\n|\n|t:|1699906473\n|switch|p2a: We|Iron Valiant|100\/100|[from] U-turn\n|-status|p2a: We|psn\n|move|p1a: Basculegion|Surf|p2a: We\n|-damage|p2a: We|1\/100 psn\n|\n|-heal|p1a: Basculegion|99\/100|[from] item: Leftovers\n|-damage|p2a: We|0 fnt|[from] psn\n|faint|p2a: We\n|-end|p2a: We|Quark Drive|[silent]\n|upkeep\n|c|\u2606Jor99fran|XD\n|\n|t:|1699906488\n|switch|p2a: Urshifu|Urshifu-Rapid-Strike, M|100\/100\n|-status|p2a: Urshifu|psn\n|turn|6\n|\n|t:|1699906499\n|move|p2a: Urshifu|Thunder Punch|p1a: Basculegion\n|-supereffective|p1a: Basculegion\n|-end|p1a: Basculegion|Substitute\n|move|p1a: Basculegion|Surf|p2a: Urshifu\n|-resisted|p2a: Urshifu\n|-damage|p2a: Urshifu|62\/100 psn\n|\n|-heal|p1a: Basculegion|100\/100|[from] item: Leftovers\n|-damage|p2a: Urshifu|50\/100 psn|[from] psn\n|upkeep\n|turn|7\n|\n|t:|1699906512\n|move|p2a: Urshifu|Thunder Punch|p1a: Basculegion\n|-supereffective|p1a: Basculegion\n|-damage|p1a: Basculegion|25\/100\n|move|p1a: Basculegion|Surf|p2a: Urshifu\n|-resisted|p2a: Urshifu\n|-damage|p2a: Urshifu|8\/100 psn\n|\n|-heal|p1a: Basculegion|31\/100|[from] item: Leftovers\n|-damage|p2a: Urshifu|0 fnt|[from] psn\n|faint|p2a: Urshifu\n|upkeep\n|\n|t:|1699906528\n|switch|p2a: Lucario|Lucario, M, shiny|100\/100\n|turn|8\n|\n|t:|1699906536\n|move|p2a: Lucario|Bullet Punch|p1a: Basculegion\n|-resisted|p1a: Basculegion\n|-damage|p1a: Basculegion|14\/100\n|-damage|p2a: Lucario|91\/100|[from] item: Life Orb\n|move|p1a: Basculegion|Substitute|p1a: Basculegion\n|-fail|p1a: Basculegion|move: Substitute|[weak]\n|\n|-heal|p1a: Basculegion|20\/100|[from] item: Leftovers\n|upkeep\n|turn|9\n|\n|t:|1699906544\n|move|p2a: Lucario|Bullet Punch|p1a: Basculegion\n|-resisted|p1a: Basculegion\n|-damage|p1a: Basculegion|4\/100\n|-damage|p2a: Lucario|81\/100|[from] item: Life Orb\n|move|p1a: Basculegion|Surf|p2a: Lucario\n|-damage|p2a: Lucario|0 fnt\n|faint|p2a: Lucario\n|\n|-heal|p1a: Basculegion|10\/100|[from] item: Leftovers\n|upkeep\n|\n|t:|1699906550\n|switch|p2a: Lopunny|Lopunny, F|100\/100 psn\n|turn|10\n|\n|t:|1699906554\n|move|p2a: Lopunny|U-turn|p1a: Basculegion\n|-resisted|p1a: Basculegion\n|-crit|p1a: Basculegion\n|-damage|p1a: Basculegion|0 fnt\n|faint|p1a: Basculegion\n|\n|t:|1699906560\n|switch|p2a: Blaziken|Blaziken, M|100\/100|[from] U-turn\n|-status|p2a: Blaziken|psn\n|\n|-damage|p2a: Blaziken|88\/100 psn|[from] psn\n|upkeep\n|c|\u2606Jor99fran|no le tienes mega?\n|\n|t:|1699906570\n|switch|p1a: Palossand|Palossand, F|100\/100\n|turn|11\n|\n|t:|1699906583\n|move|p2a: Blaziken|Protect|p2a: Blaziken\n|-singleturn|p2a: Blaziken|Protect\n|move|p1a: Palossand|Stealth Rock|p2a: Blaziken\n|-sidestart|p2: RiouruK|move: Stealth Rock\n|\n|-damage|p2a: Blaziken|76\/100 psn|[from] psn\n|-ability|p2a: Blaziken|Speed Boost|boost\n|-boost|p2a: Blaziken|spe|1\n|upkeep\n|turn|12\n|\n|t:|1699906601\n|move|p2a: Blaziken|Swords Dance|p2a: Blaziken\n|-boost|p2a: Blaziken|atk|2\n|move|p1a: Palossand|Earth Power|p2a: Blaziken\n|-supereffective|p2a: Blaziken\n|-damage|p2a: Blaziken|0 fnt\n|faint|p2a: Blaziken\n|\n|upkeep\n|\n|t:|1699906603\n|switch|p2a: Lopunny|Lopunny, F|100\/100 psn\n|-damage|p2a: Lopunny|88\/100 psn|[from] Stealth Rock\n|turn|13\n|\n|t:|1699906611\n|move|p2a: Lopunny|U-turn|p1a: Palossand\n|-resisted|p1a: Palossand\n|-damage|p1a: Palossand|95\/100\n|move|p1a: Palossand|Earth Power|p2a: Lopunny\n|-damage|p2a: Lopunny|47\/100 psn\n|\n|-damage|p2a: Lopunny|35\/100 psn|[from] psn\n|upkeep\n|turn|14\n|\n|t:|1699906618\n|move|p2a: Lopunny|U-turn|p1a: Palossand\n|-resisted|p1a: Palossand\n|-damage|p1a: Palossand|90\/100\n|move|p1a: Palossand|Earth Power|p2a: Lopunny\n|-damage|p2a: Lopunny|0 fnt\n|faint|p2a: Lopunny\n|\n|win|Jor99fran\n|c|\u2606Jor99fran|gg\n","uploadtime":1699906624,"views":13,"p1id":"jor99fran","p2id":"riouruk","formatid":"gen9nationaldex","rating":0,"private":0,"password":""}