{"id":"gen9nationaldex-1997454910","p1":"NDSNEZ SNES","p2":"RapositoBravito","format":"[Gen 9] National Dex","log":"|html|<div class=\"broadcast-blue\"><strong>[Gen 9] National Dex is currently suspecting Sneasler! For information on how to participate check out the <a href=\"https:\/\/www.smogon.com\/forums\/threads\/sv-national-dex-suspect-8-just-dance.3731534\/\">suspect thread<\/a>.<\/strong><\/div>\n|j|\u2606NDSNEZ SNES\n|j|\u2606RapositoBravito\n|t:|1700808206\n|gametype|singles\n|player|p1|NDSNEZ SNES|iono|1083\n|player|p2|RapositoBravito|iris-gen5bw2|1000\n|teamsize|p1|6\n|teamsize|p2|6\n|gen|9\n|tier|[Gen 9] National Dex\n|rated|\n|rule|HP Percentage Mod: HP is shown in percentages\n|rule|Endless Battle Clause: Forcing endless battles is banned\n|rule|OHKO Clause: OHKO moves are banned\n|rule|Evasion Clause: Evasion abilities, items, and moves are banned\n|rule|Evasion Abilities Clause: Evasion abilities are banned\n|rule|Evasion Items Clause: Evasion items are banned\n|rule|Evasion Moves Clause: Evasion moves are banned\n|rule|Species Clause: Limit one of each Pok\u00e9mon\n|rule|Sleep Clause Mod: Limit one foe put to sleep\n|clearpoke\n|poke|p1|Hippowdon, F|\n|poke|p1|Skarmory, F|\n|poke|p1|Garganacl, M|\n|poke|p1|Lopunny, M|\n|poke|p1|Toxapex, M|\n|poke|p1|Mandibuzz, F|\n|poke|p2|Cinderace, F|\n|poke|p2|Vaporeon, M|\n|poke|p2|Crobat, M|\n|poke|p2|Clefable, M|\n|poke|p2|Aron, M|\n|poke|p2|Quagsire, F|\n|teampreview\n|\n|t:|1700808213\n|start\n|switch|p1a: #8B572A|Lopunny, M|100\/100\n|switch|p2a: Aron|Aron, M|100\/100\n|turn|1\n|\n|t:|1700808221\n|detailschange|p1a: #8B572A|Lopunny-Mega, M\n|-mega|p1a: #8B572A|Lopunny|Lopunnite\n|move|p1a: #8B572A|Fake Out|p2a: Aron\n|-resisted|p2a: Aron\n|-damage|p2a: Aron|92\/100\n|cant|p2a: Aron|flinch\n|\n|upkeep\n|turn|2\n|\n|t:|1700808229\n|move|p1a: #8B572A|Close Combat|p2a: Aron\n|-supereffective|p2a: Aron\n|-damage|p2a: Aron|0 fnt\n|-unboost|p1a: #8B572A|def|1\n|-unboost|p1a: #8B572A|spd|1\n|faint|p2a: Aron\n|\n|upkeep\n|\n|t:|1700808241\n|switch|p2a: Crobat|Crobat, M|100\/100\n|turn|3\n|\n|t:|1700808247\n|switch|p1a: IANBRANDONANDERSON|Skarmory, F|100\/100\n|move|p2a: Crobat|Brave Bird|p1a: IANBRANDONANDERSON\n|-resisted|p1a: IANBRANDONANDERSON\n|-damage|p1a: IANBRANDONANDERSON|87\/100\n|-damage|p2a: Crobat|84\/100|[from] item: Rocky Helmet|[of] p1a: IANBRANDONANDERSON\n|-damage|p2a: Crobat|79\/100|[from] Recoil\n|\n|upkeep\n|turn|4\n|\n|t:|1700808259\n|switch|p1a: 7 INCH CUBANS|Toxapex, M, shiny|100\/100\n|move|p2a: Crobat|Super Fang|p1a: 7 INCH CUBANS\n|-damage|p1a: 7 INCH CUBANS|51\/100\n|\n|upkeep\n|turn|5\n|\n|t:|1700808267\n|switch|p1a: IANBRANDONANDERSON|Skarmory, F|87\/100\n|move|p2a: Crobat|Super Fang|p1a: IANBRANDONANDERSON\n|-damage|p1a: IANBRANDONANDERSON|44\/100\n|-damage|p2a: Crobat|63\/100|[from] item: Rocky Helmet|[of] p1a: IANBRANDONANDERSON\n|\n|upkeep\n|turn|6\n|\n|t:|1700808277\n|move|p2a: Crobat|Super Fang|p1a: IANBRANDONANDERSON\n|-damage|p1a: IANBRANDONANDERSON|22\/100\n|-damage|p2a: Crobat|46\/100|[from] item: Rocky Helmet|[of] p1a: IANBRANDONANDERSON\n|move|p1a: IANBRANDONANDERSON|Roost|p1a: IANBRANDONANDERSON\n|-heal|p1a: IANBRANDONANDERSON|72\/100\n|-singleturn|p1a: IANBRANDONANDERSON|move: Roost\n|\n|upkeep\n|turn|7\n|\n|t:|1700808286\n|move|p2a: Crobat|Super Fang|p1a: IANBRANDONANDERSON\n|-damage|p1a: IANBRANDONANDERSON|37\/100\n|-damage|p2a: Crobat|30\/100|[from] item: Rocky Helmet|[of] p1a: IANBRANDONANDERSON\n|move|p1a: IANBRANDONANDERSON|Iron Defense|p1a: IANBRANDONANDERSON\n|-boost|p1a: IANBRANDONANDERSON|def|2\n|\n|upkeep\n|turn|8\n|\n|t:|1700808294\n|move|p2a: Crobat|Super Fang|p1a: IANBRANDONANDERSON\n|-damage|p1a: IANBRANDONANDERSON|19\/100\n|-damage|p2a: Crobat|14\/100|[from] item: Rocky Helmet|[of] p1a: IANBRANDONANDERSON\n|move|p1a: IANBRANDONANDERSON|Roost|p1a: IANBRANDONANDERSON\n|-heal|p1a: IANBRANDONANDERSON|69\/100\n|-singleturn|p1a: IANBRANDONANDERSON|move: Roost\n|\n|upkeep\n|turn|9\n|\n|t:|1700808304\n|move|p2a: Crobat|Super Fang|p1a: IANBRANDONANDERSON\n|-damage|p1a: IANBRANDONANDERSON|35\/100\n|-damage|p2a: Crobat|0 fnt|[from] item: Rocky Helmet|[of] p1a: IANBRANDONANDERSON\n|faint|p2a: Crobat\n|move|p1a: IANBRANDONANDERSON|Spikes|p2: Crobat\n|-sidestart|p2: RapositoBravito|Spikes\n|\n|upkeep\n|\n|t:|1700808313\n|switch|p2a: Clefable|Clefable, M|100\/100\n|turn|10\n|\n|t:|1700808321\n|move|p1a: IANBRANDONANDERSON|Roost|p1a: IANBRANDONANDERSON\n|-heal|p1a: IANBRANDONANDERSON|85\/100\n|-singleturn|p1a: IANBRANDONANDERSON|move: Roost\n|move|p2a: Clefable|Cosmic Power|p2a: Clefable\n|-boost|p2a: Clefable|def|1\n|-boost|p2a: Clefable|spd|1\n|\n|upkeep\n|turn|11\n|\n|t:|1700808330\n|switch|p1a: 7 INCH CUBANS|Toxapex, M, shiny|84\/100\n|move|p2a: Clefable|Cosmic Power|p2a: Clefable\n|-boost|p2a: Clefable|def|1\n|-boost|p2a: Clefable|spd|1\n|\n|upkeep\n|turn|12\n|\n|t:|1700808339\n|move|p2a: Clefable|Cosmic Power|p2a: Clefable\n|-boost|p2a: Clefable|def|1\n|-boost|p2a: Clefable|spd|1\n|move|p1a: 7 INCH CUBANS|Haze|p1a: 7 INCH CUBANS\n|-clearallboost\n|\n|upkeep\n|turn|13\n|\n|t:|1700808348\n|switch|p1a: CHUCKLES|Mandibuzz, F|100\/100\n|move|p2a: Clefable|Cosmic Power|p2a: Clefable\n|-boost|p2a: Clefable|def|1\n|-boost|p2a: Clefable|spd|1\n|\n|upkeep\n|turn|14\n|\n|t:|1700808355\n|switch|p1a: 7 INCH CUBANS|Toxapex, M, shiny|100\/100\n|move|p2a: Clefable|Cosmic Power|p2a: Clefable\n|-boost|p2a: Clefable|def|1\n|-boost|p2a: Clefable|spd|1\n|\n|upkeep\n|turn|15\n|\n|t:|1700808369\n|move|p2a: Clefable|Charge Beam|p1a: 7 INCH CUBANS\n|-supereffective|p1a: 7 INCH CUBANS\n|-damage|p1a: 7 INCH CUBANS|83\/100\n|-boost|p2a: Clefable|spa|1\n|move|p1a: 7 INCH CUBANS|Haze|p1a: 7 INCH CUBANS\n|-clearallboost\n|\n|upkeep\n|turn|16\n|c|\u2606RapositoBravito|O seu bosta fdp\n|\n|t:|1700808389\n|move|p2a: Clefable|Charge Beam|p1a: 7 INCH CUBANS\n|-supereffective|p1a: 7 INCH CUBANS\n|-damage|p1a: 7 INCH CUBANS|63\/100\n|-boost|p2a: Clefable|spa|1\n|move|p1a: 7 INCH CUBANS|Toxic|p2a: Clefable\n|-status|p2a: Clefable|tox\n|\n|upkeep\n|turn|17\n|\n|t:|1700808399\n|move|p2a: Clefable|Charge Beam|p1a: 7 INCH CUBANS\n|-supereffective|p1a: 7 INCH CUBANS\n|-damage|p1a: 7 INCH CUBANS|37\/100\n|-boost|p2a: Clefable|spa|1\n|move|p1a: 7 INCH CUBANS|Haze|p1a: 7 INCH CUBANS\n|-clearallboost\n|\n|upkeep\n|turn|18\n|\n|t:|1700808407\n|move|p2a: Clefable|Charge Beam|p1a: 7 INCH CUBANS\n|-supereffective|p1a: 7 INCH CUBANS\n|-damage|p1a: 7 INCH CUBANS|20\/100\n|-boost|p2a: Clefable|spa|1\n|move|p1a: 7 INCH CUBANS|Recover|p1a: 7 INCH CUBANS\n|-heal|p1a: 7 INCH CUBANS|70\/100\n|\n|upkeep\n|turn|19\n|\n|t:|1700808415\n|move|p2a: Clefable|Charge Beam|p1a: 7 INCH CUBANS\n|-supereffective|p1a: 7 INCH CUBANS\n|-damage|p1a: 7 INCH CUBANS|44\/100\n|move|p1a: 7 INCH CUBANS|Haze|p1a: 7 INCH CUBANS\n|-clearallboost\n|\n|upkeep\n|turn|20\n|\n|t:|1700808422\n|switch|p1a: BALLHOG|Hippowdon, F|100\/100\n|-weather|Sandstorm|[from] ability: Sand Stream|[of] p1a: BALLHOG\n|move|p2a: Clefable|Charge Beam|p1a: BALLHOG\n|-immune|p1a: BALLHOG\n|\n|-weather|Sandstorm|[upkeep]\n|upkeep\n|turn|21\n|\n|t:|1700808433\n|switch|p1a: 7 INCH CUBANS|Toxapex, M, shiny|77\/100\n|move|p2a: Clefable|Cosmic Power|p2a: Clefable\n|-boost|p2a: Clefable|def|1\n|-boost|p2a: Clefable|spd|1\n|\n|-weather|Sandstorm|[upkeep]\n|-damage|p1a: 7 INCH CUBANS|71\/100|[from] Sandstorm\n|upkeep\n|turn|22\n|\n|t:|1700808442\n|move|p2a: Clefable|Charge Beam|p1a: 7 INCH CUBANS\n|-supereffective|p1a: 7 INCH CUBANS\n|-damage|p1a: 7 INCH CUBANS|52\/100\n|-boost|p2a: Clefable|spa|1\n|move|p1a: 7 INCH CUBANS|Haze|p1a: 7 INCH CUBANS\n|-clearallboost\n|\n|-weather|Sandstorm|[upkeep]\n|-damage|p1a: 7 INCH CUBANS|46\/100|[from] Sandstorm\n|upkeep\n|turn|23\n|\n|t:|1700808454\n|move|p2a: Clefable|Charge Beam|p1a: 7 INCH CUBANS\n|-supereffective|p1a: 7 INCH CUBANS\n|-damage|p1a: 7 INCH CUBANS|27\/100\n|-boost|p2a: Clefable|spa|1\n|move|p1a: 7 INCH CUBANS|Recover|p1a: 7 INCH CUBANS\n|-heal|p1a: 7 INCH CUBANS|77\/100\n|\n|-weather|Sandstorm|[upkeep]\n|-damage|p1a: 7 INCH CUBANS|71\/100|[from] Sandstorm\n|upkeep\n|turn|24\n|\n|t:|1700808465\n|move|p2a: Clefable|Charge Beam|p1a: 7 INCH CUBANS\n|-supereffective|p1a: 7 INCH CUBANS\n|-damage|p1a: 7 INCH CUBANS|43\/100\n|-boost|p2a: Clefable|spa|1\n|move|p1a: 7 INCH CUBANS|Haze|p1a: 7 INCH CUBANS\n|-clearallboost\n|\n|-weather|none\n|upkeep\n|turn|25\n|\n|t:|1700808478\n|move|p2a: Clefable|Charge Beam|p1a: 7 INCH CUBANS\n|-supereffective|p1a: 7 INCH CUBANS\n|-damage|p1a: 7 INCH CUBANS|26\/100\n|-boost|p2a: Clefable|spa|1\n|move|p1a: 7 INCH CUBANS|Recover|p1a: 7 INCH CUBANS\n|-heal|p1a: 7 INCH CUBANS|76\/100\n|\n|upkeep\n|turn|26\n|\n|t:|1700808486\n|move|p2a: Clefable|Charge Beam|p1a: 7 INCH CUBANS\n|-supereffective|p1a: 7 INCH CUBANS\n|-damage|p1a: 7 INCH CUBANS|50\/100\n|-boost|p2a: Clefable|spa|1\n|move|p1a: 7 INCH CUBANS|Haze|p1a: 7 INCH CUBANS\n|-clearallboost\n|\n|upkeep\n|turn|27\n|\n|t:|1700808496\n|move|p2a: Clefable|Charge Beam|p1a: 7 INCH CUBANS\n|-supereffective|p1a: 7 INCH CUBANS\n|-damage|p1a: 7 INCH CUBANS|31\/100\n|move|p1a: 7 INCH CUBANS|Recover|p1a: 7 INCH CUBANS\n|-heal|p1a: 7 INCH CUBANS|81\/100\n|\n|upkeep\n|turn|28\n|\n|t:|1700808503\n|switch|p1a: BALLHOG|Hippowdon, F|100\/100\n|-weather|Sandstorm|[from] ability: Sand Stream|[of] p1a: BALLHOG\n|move|p2a: Clefable|Charge Beam|p1a: BALLHOG\n|-immune|p1a: BALLHOG\n|\n|-weather|Sandstorm|[upkeep]\n|upkeep\n|turn|29\n|c|\u2606NDSNEZ SNES|This isn't how mons is meant to be played\n|\n|t:|1700808513\n|switch|p1a: 7 INCH CUBANS|Toxapex, M, shiny|100\/100\n|move|p2a: Clefable|Charge Beam|p1a: 7 INCH CUBANS|[miss]\n|-miss|p2a: Clefable|p1a: 7 INCH CUBANS\n|\n|-weather|Sandstorm|[upkeep]\n|-damage|p1a: 7 INCH CUBANS|95\/100|[from] Sandstorm\n|upkeep\n|turn|30\n|c|\u2606RapositoBravito|Tomara q vc morra e sua fam\u00edlia inteira seja amaldi\u00e7oada\n|-message|RapositoBravito forfeited.\n|\n|win|NDSNEZ SNES\n|raw|NDSNEZ SNES's rating: 1083 &rarr; <strong>1104<\/strong><br \/>(+21 for winning)\n|raw|RapositoBravito's rating: 1000 &rarr; <strong>1000<\/strong><br \/>(+0 for losing)\n|l|\u2606RapositoBravito\n|l|\u2606NDSNEZ SNES\n|j|\u2606NDSNEZ SNES\n|player|p1|NDSNEZ SNES|iono\n","uploadtime":1700808383,"views":3,"p1id":"ndsnezsnes","p2id":"rapositobravito","formatid":"gen9nationaldex","rating":1000,"private":0,"password":""}