{"id":"gen9nationaldex-1987680014","p1":"xsk123","p2":"sidecut","format":"[Gen 9] National Dex","log":"|j|\u2606xsk123\n|j|\u2606sidecut\n|t:|1699626995\n|gametype|singles\n|player|p1|xsk123|pokefan-gen4|1472\n|player|p2|sidecut|rosa|1503\n|teamsize|p1|6\n|teamsize|p2|6\n|gen|9\n|tier|[Gen 9] National Dex\n|rated|\n|rule|HP Percentage Mod: HP is shown in percentages\n|rule|Endless Battle Clause: Forcing endless battles is banned\n|rule|OHKO Clause: OHKO moves are banned\n|rule|Evasion Clause: Evasion abilities, items, and moves are banned\n|rule|Evasion Abilities Clause: Evasion abilities are banned\n|rule|Evasion Items Clause: Evasion items are banned\n|rule|Evasion Moves Clause: Evasion moves are banned\n|rule|Species Clause: Limit one of each Pok\u00e9mon\n|rule|Sleep Clause Mod: Limit one foe put to sleep\n|clearpoke\n|poke|p1|Slowbro, F|\n|poke|p1|Tapu Lele|\n|poke|p1|Excadrill, M|\n|poke|p1|Heatran, F|\n|poke|p1|Tyranitar, F|\n|poke|p1|Gliscor, F|\n|poke|p2|Pinsir, F|\n|poke|p2|Iron Valiant|\n|poke|p2|Zapdos|\n|poke|p2|Garchomp, M|\n|poke|p2|Iron Moth|\n|poke|p2|Keldeo-Resolute|\n|teampreview\n|inactive|Battle timer is ON: inactive players will automatically lose when time's up. (requested by xsk123)\n|\n|t:|1699627029\n|start\n|switch|p1a: Gliscor|Gliscor, F|100\/100\n|switch|p2a: Iron Valiant|Iron Valiant|100\/100\n|-enditem|p2a: Iron Valiant|Booster Energy\n|-activate|p2a: Iron Valiant|ability: Quark Drive|[fromitem]\n|-start|p2a: Iron Valiant|quarkdrivespe\n|turn|1\n|\n|t:|1699627054\n|-terastallize|p2a: Iron Valiant|Steel\n|move|p2a: Iron Valiant|Swords Dance|p2a: Iron Valiant\n|-boost|p2a: Iron Valiant|atk|2\n|move|p1a: Gliscor|Toxic|p2a: Iron Valiant\n|-immune|p2a: Iron Valiant\n|\n|-status|p1a: Gliscor|tox|[from] item: Toxic Orb\n|upkeep\n|turn|2\n|\n|t:|1699627066\n|move|p2a: Iron Valiant|Spirit Break|p1a: Gliscor\n|-damage|p1a: Gliscor|36\/100 tox\n|-unboost|p1a: Gliscor|spa|1\n|move|p1a: Gliscor|Earthquake|p2a: Iron Valiant\n|-supereffective|p2a: Iron Valiant\n|-damage|p2a: Iron Valiant|17\/100\n|\n|-heal|p1a: Gliscor|48\/100 tox|[from] ability: Poison Heal\n|upkeep\n|turn|3\n|\n|t:|1699627078\n|move|p1a: Gliscor|Protect|p1a: Gliscor\n|-singleturn|p1a: Gliscor|Protect\n|move|p2a: Iron Valiant|Spirit Break|p1a: Gliscor\n|-activate|p1a: Gliscor|move: Protect\n|\n|-heal|p1a: Gliscor|61\/100 tox|[from] ability: Poison Heal\n|upkeep\n|turn|4\n|\n|t:|1699627083\n|switch|p1a: Slowbro|Slowbro, F|100\/100\n|move|p2a: Iron Valiant|Spirit Break|p1a: Slowbro\n|-damage|p1a: Slowbro|52\/100\n|-unboost|p1a: Slowbro|spa|1\n|-damage|p2a: Iron Valiant|0 fnt|[from] item: Rocky Helmet|[of] p1a: Slowbro\n|faint|p2a: Iron Valiant\n|-end|p2a: Iron Valiant|Quark Drive|[silent]\n|\n|upkeep\n|\n|t:|1699627090\n|switch|p2a: Zapdos|Zapdos|100\/100\n|turn|5\n|\n|t:|1699627098\n|switch|p1a: Heatran|Heatran, F|100\/100\n|move|p2a: Zapdos|Hurricane|p1a: Heatran\n|-resisted|p1a: Heatran\n|-crit|p1a: Heatran\n|-damage|p1a: Heatran|73\/100\n|\n|-heal|p1a: Heatran|80\/100|[from] item: Leftovers\n|upkeep\n|turn|6\n|\n|t:|1699627114\n|switch|p2a: Garchomp|Garchomp, M|100\/100\n|move|p1a: Heatran|Flash Cannon|p2a: Garchomp\n|-damage|p2a: Garchomp|66\/100\n|\n|-heal|p1a: Heatran|86\/100|[from] item: Leftovers\n|upkeep\n|turn|7\n|\n|t:|1699627123\n|switch|p1a: Slowbro|Slowbro, F|85\/100\n|move|p2a: Garchomp|Swords Dance|p2a: Garchomp\n|-boost|p2a: Garchomp|atk|2\n|\n|upkeep\n|turn|8\n|inactive|xsk123 has 120 seconds left.\n|\n|t:|1699627162\n|switch|p1a: Gliscor|Gliscor, F|61\/100 tox\n|move|p2a: Garchomp|Iron Head|p1a: Gliscor\n|-damage|p1a: Gliscor|20\/100 tox\n|\n|-heal|p1a: Gliscor|32\/100 tox|[from] ability: Poison Heal\n|upkeep\n|turn|9\n|inactive|xsk123 has 120 seconds left.\n|\n|t:|1699627170\n|move|p1a: Gliscor|Protect|p1a: Gliscor\n|-singleturn|p1a: Gliscor|Protect\n|move|p2a: Garchomp|Scale Shot|p1a: Gliscor\n|-activate|p1a: Gliscor|move: Protect\n|\n|-heal|p1a: Gliscor|45\/100 tox|[from] ability: Poison Heal\n|upkeep\n|turn|10\n|inactive|xsk123 has 120 seconds left.\n|\n|t:|1699627181\n|switch|p1a: Slowbro|Slowbro, F|100\/100\n|move|p2a: Garchomp|Iron Head|p1a: Slowbro\n|-resisted|p1a: Slowbro\n|-damage|p1a: Slowbro|84\/100\n|-damage|p2a: Garchomp|49\/100|[from] item: Rocky Helmet|[of] p1a: Slowbro\n|\n|upkeep\n|turn|11\n|\n|t:|1699627186\n|move|p2a: Garchomp|Swords Dance|p2a: Garchomp\n|-boost|p2a: Garchomp|atk|2\n|move|p1a: Slowbro|Ice Beam|p2a: Garchomp\n|-supereffective|p2a: Garchomp\n|-damage|p2a: Garchomp|0 fnt\n|faint|p2a: Garchomp\n|\n|upkeep\n|\n|t:|1699627201\n|switch|p2a: Zapdos|Zapdos|100\/100\n|turn|12\n|inactive|xsk123 has 120 seconds left.\n|\n|t:|1699627221\n|switch|p1a: Tyranitar|Tyranitar, F|100\/100\n|-weather|Sandstorm|[from] ability: Sand Stream|[of] p1a: Tyranitar\n|move|p2a: Zapdos|Thunderbolt|p1a: Tyranitar\n|-damage|p1a: Tyranitar|81\/100\n|\n|-weather|Sandstorm|[upkeep]\n|-damage|p2a: Zapdos|94\/100|[from] Sandstorm\n|upkeep\n|turn|13\n|inactive|xsk123 has 120 seconds left.\n|\n|t:|1699627237\n|switch|p2a: Keldeo|Keldeo-Resolute|100\/100\n|move|p1a: Tyranitar|Thunder Wave|p2a: Keldeo\n|-status|p2a: Keldeo|par\n|\n|-weather|Sandstorm|[upkeep]\n|-damage|p2a: Keldeo|94\/100 par|[from] Sandstorm\n|upkeep\n|turn|14\n|inactive|xsk123 has 120 seconds left.\n|\n|t:|1699627247\n|switch|p1a: Slowbro|Slowbro, F|100\/100\n|-zpower|p2a: Keldeo\n|move|p2a: Keldeo|Hydro Vortex|p1a: Slowbro|[zeffect]\n|-resisted|p1a: Slowbro\n|-damage|p1a: Slowbro|47\/100\n|\n|-weather|Sandstorm|[upkeep]\n|-damage|p2a: Keldeo|88\/100 par|[from] Sandstorm\n|-damage|p1a: Slowbro|41\/100|[from] Sandstorm\n|upkeep\n|turn|15\n|\n|t:|1699627256\n|cant|p2a: Keldeo|par\n|move|p1a: Slowbro|Teleport|p1a: Slowbro\n|\n|t:|1699627259\n|switch|p1a: Excadrill|Excadrill, M|100\/100|[from] Teleport\n|\n|-weather|Sandstorm|[upkeep]\n|-damage|p2a: Keldeo|82\/100 par|[from] Sandstorm\n|upkeep\n|turn|16\n|\n|t:|1699627264\n|move|p1a: Excadrill|Earthquake|p2a: Keldeo\n|-damage|p2a: Keldeo|0 fnt\n|faint|p2a: Keldeo\n|\n|-weather|Sandstorm|[upkeep]\n|upkeep\n|\n|t:|1699627271\n|switch|p2a: Pinsir|Pinsir, F|100\/100\n|turn|17\n|\n|t:|1699627285\n|switch|p1a: Slowbro|Slowbro, F|74\/100\n|detailschange|p2a: Pinsir|Pinsir-Mega, F\n|-mega|p2a: Pinsir|Pinsir|Pinsirite\n|move|p2a: Pinsir|Close Combat|p1a: Slowbro\n|-resisted|p1a: Slowbro\n|-damage|p1a: Slowbro|60\/100\n|-unboost|p2a: Pinsir|def|1\n|-unboost|p2a: Pinsir|spd|1\n|-damage|p2a: Pinsir|84\/100|[from] item: Rocky Helmet|[of] p1a: Slowbro\n|\n|-weather|Sandstorm|[upkeep]\n|-damage|p2a: Pinsir|78\/100|[from] Sandstorm\n|-damage|p1a: Slowbro|54\/100|[from] Sandstorm\n|upkeep\n|turn|18\n|\n|t:|1699627296\n|move|p2a: Pinsir|Double-Edge|p1a: Slowbro\n|-damage|p1a: Slowbro|7\/100\n|-damage|p2a: Pinsir|61\/100|[from] item: Rocky Helmet|[of] p1a: Slowbro\n|-damage|p2a: Pinsir|39\/100|[from] Recoil\n|move|p1a: Slowbro|Teleport|p1a: Slowbro\n|\n|t:|1699627302\n|switch|p1a: Excadrill|Excadrill, M|100\/100|[from] Teleport\n|\n|-weather|Sandstorm|[upkeep]\n|-damage|p2a: Pinsir|33\/100|[from] Sandstorm\n|upkeep\n|turn|19\n|\n|t:|1699627310\n|move|p1a: Excadrill|Rock Slide|p2a: Pinsir\n|-supereffective|p2a: Pinsir\n|-damage|p2a: Pinsir|0 fnt\n|faint|p2a: Pinsir\n|\n|-weather|none\n|upkeep\n|\n|t:|1699627314\n|switch|p2a: Zapdos|Zapdos|94\/100\n|turn|20\n|\n|t:|1699627321\n|move|p2a: Zapdos|Heat Wave|p1a: Excadrill\n|-supereffective|p1a: Excadrill\n|-damage|p1a: Excadrill|16\/100\n|move|p1a: Excadrill|Rock Slide|p2a: Zapdos\n|-supereffective|p2a: Zapdos\n|-damage|p2a: Zapdos|0 fnt\n|faint|p2a: Zapdos\n|\n|upkeep\n|\n|t:|1699627324\n|switch|p2a: Iron Moth|Iron Moth|100\/100\n|-enditem|p2a: Iron Moth|Booster Energy\n|-activate|p2a: Iron Moth|ability: Quark Drive|[fromitem]\n|-start|p2a: Iron Moth|quarkdrivespa\n|turn|21\n|\n|t:|1699627332\n|switch|p1a: Tyranitar|Tyranitar, F|81\/100\n|-weather|Sandstorm|[from] ability: Sand Stream|[of] p1a: Tyranitar\n|move|p2a: Iron Moth|Fiery Dance|p1a: Tyranitar\n|-resisted|p1a: Tyranitar\n|-damage|p1a: Tyranitar|67\/100\n|-boost|p2a: Iron Moth|spa|1\n|\n|-weather|Sandstorm|[upkeep]\n|-damage|p2a: Iron Moth|95\/100|[from] Sandstorm\n|upkeep\n|turn|22\n|\n|t:|1699627341\n|move|p2a: Iron Moth|Energy Ball|p1a: Tyranitar\n|-supereffective|p1a: Tyranitar\n|-damage|p1a: Tyranitar|5\/100\n|-unboost|p1a: Tyranitar|spd|1\n|move|p1a: Tyranitar|Thunder Wave|p2a: Iron Moth\n|-status|p2a: Iron Moth|par\n|\n|-weather|Sandstorm|[upkeep]\n|-damage|p2a: Iron Moth|89\/100 par|[from] Sandstorm\n|upkeep\n|turn|23\n|\n|t:|1699627349\n|move|p1a: Tyranitar|Rock Slide|p2a: Iron Moth\n|-supereffective|p2a: Iron Moth\n|-damage|p2a: Iron Moth|0 fnt\n|faint|p2a: Iron Moth\n|-end|p2a: Iron Moth|Quark Drive|[silent]\n|\n|win|xsk123\n|raw|xsk123's rating: 1472 &rarr; <strong>1494<\/strong><br \/>(+22 for winning)\n|raw|sidecut's rating: 1503 &rarr; <strong>1481<\/strong><br \/>(-22 for losing)\n|l|\u2606sidecut\n","uploadtime":1699627432,"views":4,"p1id":"xsk123","p2id":"sidecut","formatid":"gen9nationaldex","rating":1481,"private":0,"password":""}