{"id":"gen9nationaldex-1998629969","p1":"InnateAzucarado","p2":"Hubble Scubble","format":"[Gen 9] National Dex","log":"|html|<div class=\"broadcast-blue\"><strong>[Gen 9] National Dex is currently suspecting Sneasler! For information on how to participate check out the <a href=\"https:\/\/www.smogon.com\/forums\/threads\/sv-national-dex-suspect-8-just-dance.3731534\/\">suspect thread<\/a>.<\/strong><\/div>\n|j|\u2606InnateAzucarado\n|j|\u2606Hubble Scubble\n|t:|1700965068\n|gametype|singles\n|player|p1|InnateAzucarado|hilbert|1082\n|player|p2|Hubble Scubble|koga|1088\n|teamsize|p1|6\n|teamsize|p2|6\n|gen|9\n|tier|[Gen 9] National Dex\n|rated|\n|rule|HP Percentage Mod: HP is shown in percentages\n|rule|Endless Battle Clause: Forcing endless battles is banned\n|rule|OHKO Clause: OHKO moves are banned\n|rule|Evasion Clause: Evasion abilities, items, and moves are banned\n|rule|Evasion Abilities Clause: Evasion abilities are banned\n|rule|Evasion Items Clause: Evasion items are banned\n|rule|Evasion Moves Clause: Evasion moves are banned\n|rule|Species Clause: Limit one of each Pok\u00e9mon\n|rule|Sleep Clause Mod: Limit one foe put to sleep\n|clearpoke\n|poke|p1|Forretress, M|\n|poke|p1|Blaziken, M|\n|poke|p1|Swampert, M|\n|poke|p1|Pelipper, M|\n|poke|p1|Murkrow, M|\n|poke|p1|Serperior, F|\n|poke|p2|Gyarados, M|\n|poke|p2|Gardevoir, F|\n|poke|p2|Malamar, M|\n|poke|p2|Minior|\n|poke|p2|Donphan, M|\n|poke|p2|Lycanroc-Dusk, F|\n|teampreview\n|inactive|Battle timer is ON: inactive players will automatically lose when time's up. (requested by InnateAzucarado)\n|\n|t:|1700965084\n|start\n|switch|p1a: Forretress|Forretress, M|100\/100\n|switch|p2a: Donphan|Donphan, M|100\/100\n|turn|1\n|\n|t:|1700965092\n|move|p2a: Donphan|Earthquake|p1a: Forretress\n|-damage|p1a: Forretress|56\/100\n|move|p1a: Forretress|Stealth Rock|p2a: Donphan\n|-sidestart|p2: Hubble Scubble|move: Stealth Rock\n|\n|upkeep\n|turn|2\n|\n|t:|1700965098\n|move|p2a: Donphan|Earthquake|p1a: Forretress\n|-damage|p1a: Forretress|15\/100\n|move|p1a: Forretress|Toxic Spikes|p2a: Donphan\n|-sidestart|p2: Hubble Scubble|move: Toxic Spikes\n|\n|upkeep\n|turn|3\n|\n|t:|1700965105\n|move|p2a: Donphan|Rapid Spin|p1a: Forretress\n|-resisted|p1a: Forretress\n|-damage|p1a: Forretress|8\/100\n|-boost|p2a: Donphan|spe|1\n|-sideend|p2: Hubble Scubble|Toxic Spikes|[from] move: Rapid Spin|[of] p2a: Donphan\n|-sideend|p2: Hubble Scubble|Stealth Rock|[from] move: Rapid Spin|[of] p2a: Donphan\n|move|p1a: Forretress|Toxic Spikes|p2a: Donphan\n|-sidestart|p2: Hubble Scubble|move: Toxic Spikes\n|\n|upkeep\n|turn|4\n|\n|t:|1700965113\n|move|p2a: Donphan|Earthquake|p1a: Forretress\n|-damage|p1a: Forretress|0 fnt\n|faint|p1a: Forretress\n|\n|upkeep\n|\n|t:|1700965118\n|switch|p1a: Serperior|Serperior, F|100\/100\n|turn|5\n|\n|t:|1700965127\n|move|p1a: Serperior|Leaf Storm|p2a: Donphan\n|-supereffective|p2a: Donphan\n|-ability|p2a: Donphan|Sturdy\n|-damage|p2a: Donphan|1\/100\n|-boost|p1a: Serperior|spa|2\n|move|p2a: Donphan|Endeavor|p1a: Serperior\n|-damage|p1a: Serperior|1\/100\n|\n|upkeep\n|turn|6\n|\n|t:|1700965137\n|move|p2a: Donphan|Ice Shard|p1a: Serperior\n|-supereffective|p1a: Serperior\n|-damage|p1a: Serperior|0 fnt\n|faint|p1a: Serperior\n|\n|upkeep\n|\n|t:|1700965147\n|switch|p1a: Blaziken|Blaziken, M|100\/100\n|turn|7\n|\n|t:|1700965155\n|move|p1a: Blaziken|Protect|p1a: Blaziken\n|-singleturn|p1a: Blaziken|Protect\n|move|p2a: Donphan|Earthquake|p1a: Blaziken\n|-activate|p1a: Blaziken|move: Protect\n|\n|-ability|p1a: Blaziken|Speed Boost|boost\n|-boost|p1a: Blaziken|spe|1\n|upkeep\n|turn|8\n|\n|t:|1700965168\n|move|p2a: Donphan|Ice Shard|p1a: Blaziken\n|-resisted|p1a: Blaziken\n|-damage|p1a: Blaziken|89\/100\n|move|p1a: Blaziken|Rock Slide|p2a: Donphan\n|-resisted|p2a: Donphan\n|-damage|p2a: Donphan|0 fnt\n|faint|p2a: Donphan\n|\n|-ability|p1a: Blaziken|Speed Boost|boost\n|-boost|p1a: Blaziken|spe|1\n|upkeep\n|\n|t:|1700965182\n|switch|p2a: Gyarados|Gyarados, M|100\/100\n|turn|9\n|\n|t:|1700965190\n|-terastallize|p1a: Blaziken|Normal\n|move|p1a: Blaziken|Rock Slide|p2a: Gyarados\n|-supereffective|p2a: Gyarados\n|-damage|p2a: Gyarados|31\/100\n|move|p2a: Gyarados|Waterfall|p1a: Blaziken\n|-damage|p1a: Blaziken|30\/100\n|\n|-ability|p1a: Blaziken|Speed Boost|boost\n|-boost|p1a: Blaziken|spe|1\n|upkeep\n|turn|10\n|\n|t:|1700965202\n|move|p1a: Blaziken|Rock Slide|p2a: Gyarados\n|-supereffective|p2a: Gyarados\n|-damage|p2a: Gyarados|0 fnt\n|faint|p2a: Gyarados\n|\n|-ability|p1a: Blaziken|Speed Boost|boost\n|-boost|p1a: Blaziken|spe|1\n|upkeep\n|\n|t:|1700965206\n|switch|p2a: Lycanroc|Lycanroc-Dusk, F|100\/100\n|-status|p2a: Lycanroc|psn\n|turn|11\n|\n|t:|1700965218\n|move|p1a: Blaziken|Protect|p1a: Blaziken\n|-singleturn|p1a: Blaziken|Protect\n|move|p2a: Lycanroc|Accelerock|p1a: Blaziken\n|-activate|p1a: Blaziken|move: Protect\n|\n|-damage|p2a: Lycanroc|88\/100 psn|[from] psn\n|-ability|p1a: Blaziken|Speed Boost|boost\n|-boost|p1a: Blaziken|spe|1\n|upkeep\n|turn|12\n|\n|t:|1700965228\n|move|p2a: Lycanroc|Accelerock|p1a: Blaziken\n|-damage|p1a: Blaziken|0 fnt\n|faint|p1a: Blaziken\n|\n|-damage|p2a: Lycanroc|76\/100 psn|[from] psn\n|upkeep\n|\n|t:|1700965231\n|switch|p1a: Pelipper|Pelipper, M|100\/100\n|-weather|RainDance|[from] ability: Drizzle|[of] p1a: Pelipper\n|turn|13\n|\n|t:|1700965249\n|-zpower|p2a: Lycanroc\n|move|p2a: Lycanroc|Splintered Stormshards|p1a: Pelipper|[zeffect]\n|-supereffective|p1a: Pelipper\n|-enditem|p1a: Pelipper|Focus Sash\n|-damage|p1a: Pelipper|1\/100\n|move|p1a: Pelipper|Weather Ball|p2a: Lycanroc\n|-supereffective|p2a: Lycanroc\n|-damage|p2a: Lycanroc|0 fnt\n|faint|p2a: Lycanroc\n|\n|-weather|RainDance|[upkeep]\n|upkeep\n|\n|t:|1700965258\n|switch|p2a: Malamar|Malamar, M|100\/100\n|-status|p2a: Malamar|psn\n|turn|14\n|\n|t:|1700965271\n|move|p1a: Pelipper|Hidden Power|p2a: Malamar\n|-damage|p2a: Malamar|83\/100 psn\n|move|p2a: Malamar|Superpower|p1a: Pelipper\n|-resisted|p1a: Pelipper\n|-damage|p1a: Pelipper|0 fnt\n|-boost|p2a: Malamar|atk|1\n|-boost|p2a: Malamar|def|1\n|faint|p1a: Pelipper\n|\n|-weather|RainDance|[upkeep]\n|-heal|p2a: Malamar|89\/100 psn|[from] item: Leftovers\n|-damage|p2a: Malamar|76\/100 psn|[from] psn\n|upkeep\n|\n|t:|1700965276\n|switch|p1a: Swampert|Swampert, M|100\/100\n|turn|15\n|\n|t:|1700965301\n|detailschange|p1a: Swampert|Swampert-Mega, M\n|-mega|p1a: Swampert|Swampert|Swampertite\n|move|p1a: Swampert|Earthquake|p2a: Malamar\n|-damage|p2a: Malamar|35\/100 psn\n|move|p2a: Malamar|Rest|p2a: Malamar\n|-status|p2a: Malamar|slp|[from] move: Rest\n|-heal|p2a: Malamar|100\/100 slp|[silent]\n|\n|-weather|RainDance|[upkeep]\n|upkeep\n|turn|16\n|\n|t:|1700965313\n|move|p1a: Swampert|Earthquake|p2a: Malamar\n|-damage|p2a: Malamar|55\/100 slp\n|cant|p2a: Malamar|slp\n|move|p2a: Malamar|Sleep Talk|p2a: Malamar\n|move|p2a: Malamar|Knock Off|p1a: Swampert|[from]move: Sleep Talk\n|-damage|p1a: Swampert|62\/100\n|\n|-weather|RainDance|[upkeep]\n|-heal|p2a: Malamar|61\/100 slp|[from] item: Leftovers\n|upkeep\n|turn|17\n|\n|t:|1700965324\n|move|p1a: Swampert|Earthquake|p2a: Malamar\n|-damage|p2a: Malamar|18\/100 slp\n|cant|p2a: Malamar|slp\n|move|p2a: Malamar|Sleep Talk|p2a: Malamar\n|move|p2a: Malamar|Superpower|p1a: Swampert|[from]move: Sleep Talk\n|-damage|p1a: Swampert|14\/100\n|-boost|p2a: Malamar|atk|1\n|-boost|p2a: Malamar|def|1\n|\n|-weather|none\n|-heal|p2a: Malamar|24\/100 slp|[from] item: Leftovers\n|upkeep\n|turn|18\n|\n|t:|1700965339\n|move|p1a: Swampert|Earthquake|p2a: Malamar\n|-damage|p2a: Malamar|0 fnt\n|faint|p2a: Malamar\n|\n|upkeep\n|\n|t:|1700965343\n|switch|p2a: Minior|Minior|100\/100\n|-formechange|p2a: Minior|Minior-Meteor||[from] ability: Shields Down\n|turn|19\n|inactive|InnateAzucarado has 120 seconds left.\n|\n|t:|1700965366\n|move|p2a: Minior|Earthquake|p1a: Swampert\n|-damage|p1a: Swampert|0 fnt\n|faint|p1a: Swampert\n|\n|upkeep\n|\n|t:|1700965371\n|switch|p1a: Murkrow|Murkrow, M|100\/100\n|turn|20\n|\n|t:|1700965373\n|move|p1a: Murkrow|Foul Play|p2a: Minior\n|-damage|p2a: Minior|50\/100\n|move|p2a: Minior|Shell Smash|p2a: Minior\n|-unboost|p2a: Minior|def|1\n|-unboost|p2a: Minior|spd|1\n|-boost|p2a: Minior|atk|2\n|-boost|p2a: Minior|spa|2\n|-boost|p2a: Minior|spe|2\n|-enditem|p2a: Minior|White Herb\n|-clearnegativeboost|p2a: Minior|[silent]\n|\n|-formechange|p2a: Minior|Minior||[from] ability: Shields Down\n|upkeep\n|turn|21\n|\n|t:|1700965378\n|move|p2a: Minior|Power Gem|p1a: Murkrow\n|-supereffective|p1a: Murkrow\n|-enditem|p1a: Murkrow|Focus Sash\n|-damage|p1a: Murkrow|1\/100\n|move|p1a: Murkrow|Foul Play|p2a: Minior\n|-damage|p2a: Minior|0 fnt\n|faint|p2a: Minior\n|\n|upkeep\n|\n|t:|1700965383\n|switch|p2a: Gardevoir|Gardevoir, F|100\/100\n|-status|p2a: Gardevoir|psn\n|-ability|p2a: Gardevoir|Prankster|[from] ability: Trace|[of] p1a: Murkrow\n|turn|22\n|\n|t:|1700965389\n|detailschange|p2a: Gardevoir|Gardevoir-Mega, F\n|-mega|p2a: Gardevoir|Gardevoir|Gardevoirite\n|move|p2a: Gardevoir|Hyper Voice|p1a: Murkrow\n|-supereffective|p1a: Murkrow\n|-damage|p1a: Murkrow|0 fnt\n|faint|p1a: Murkrow\n|\n|win|Hubble Scubble\n|raw|InnateAzucarado's rating: 1082 &rarr; <strong>1060<\/strong><br \/>(-22 for losing)\n|raw|Hubble Scubble's rating: 1088 &rarr; <strong>1114<\/strong><br \/>(+26 for winning)\n|l|\u2606InnateAzucarado\n","uploadtime":1700965401,"views":6,"p1id":"innateazucarado","p2id":"hubblescubble","formatid":"gen9nationaldex","rating":1060,"private":0,"password":""}