{"id":"gen9nationaldex-1994794031","p1":"kuroko 1314","p2":"Quilachy","format":"[Gen 9] National Dex","log":"|html|<div class=\"broadcast-blue\"><strong>[Gen 9] National Dex is currently suspecting Sneasler! For information on how to participate check out the <a href=\"https:\/\/www.smogon.com\/forums\/threads\/sv-national-dex-suspect-8-just-dance.3731534\/\">suspect thread<\/a>.<\/strong><\/div>\n|j|\u2606kuroko 1314\n|j|\u2606Quilachy\n|t:|1700493387\n|gametype|singles\n|player|p1|kuroko 1314|dawn|1287\n|player|p2|Quilachy|101|1323\n|teamsize|p1|6\n|teamsize|p2|6\n|gen|9\n|tier|[Gen 9] National Dex\n|rated|\n|rule|HP Percentage Mod: HP is shown in percentages\n|rule|Endless Battle Clause: Forcing endless battles is banned\n|rule|OHKO Clause: OHKO moves are banned\n|rule|Evasion Clause: Evasion abilities, items, and moves are banned\n|rule|Evasion Abilities Clause: Evasion abilities are banned\n|rule|Evasion Items Clause: Evasion items are banned\n|rule|Evasion Moves Clause: Evasion moves are banned\n|rule|Species Clause: Limit one of each Pok\u00e9mon\n|rule|Sleep Clause Mod: Limit one foe put to sleep\n|clearpoke\n|poke|p1|Alomomola, M|\n|poke|p1|Toxapex, F|\n|poke|p1|Amoonguss, M|\n|poke|p1|Banette, F|\n|poke|p1|Clodsire, F|\n|poke|p1|Hatterene, F|\n|poke|p2|Volcarona, F|\n|poke|p2|Ting-Lu|\n|poke|p2|Scizor, F|\n|poke|p2|Hippowdon, F|\n|poke|p2|Dragonite, M|\n|poke|p2|Excadrill, M|\n|teampreview\n|inactive|Battle timer is ON: inactive players will automatically lose when time's up. (requested by Quilachy)\n|inactive|kuroko 1314 also wants the timer to be on.\n|\n|t:|1700493397\n|start\n|switch|p1a: Clodsire|Clodsire, F|100\/100\n|switch|p2a: Hippowdon|Hippowdon, F|100\/100\n|-weather|Sandstorm|[from] ability: Sand Stream|[of] p2a: Hippowdon\n|turn|1\n|\n|t:|1700493405\n|move|p2a: Hippowdon|Stealth Rock|p1a: Clodsire\n|-sidestart|p1: kuroko 1314|move: Stealth Rock\n|move|p1a: Clodsire|Stealth Rock|p2a: Hippowdon\n|-sidestart|p2: Quilachy|move: Stealth Rock\n|\n|-weather|Sandstorm|[upkeep]\n|upkeep\n|turn|2\n|\n|t:|1700493409\n|move|p2a: Hippowdon|Body Press|p1a: Clodsire\n|-resisted|p1a: Clodsire\n|-damage|p1a: Clodsire|83\/100\n|move|p1a: Clodsire|Spikes|p2a: Hippowdon\n|-sidestart|p2: Quilachy|Spikes\n|\n|-weather|Sandstorm|[upkeep]\n|-heal|p1a: Clodsire|90\/100|[from] item: Leftovers\n|upkeep\n|turn|3\n|\n|t:|1700493415\n|move|p2a: Hippowdon|Yawn|p1a: Clodsire\n|-start|p1a: Clodsire|move: Yawn|[of] p2a: Hippowdon\n|move|p1a: Clodsire|Spikes|p2a: Hippowdon\n|-sidestart|p2: Quilachy|Spikes\n|\n|-weather|Sandstorm|[upkeep]\n|-heal|p1a: Clodsire|96\/100|[from] item: Leftovers\n|upkeep\n|turn|4\n|\n|t:|1700493424\n|switch|p1a: Banette|Banette, F|100\/100\n|-damage|p1a: Banette|88\/100|[from] Stealth Rock\n|move|p2a: Hippowdon|Body Press|p1a: Banette\n|-immune|p1a: Banette\n|\n|-weather|Sandstorm|[upkeep]\n|-damage|p1a: Banette|82\/100|[from] Sandstorm\n|upkeep\n|turn|5\n|\n|t:|1700493443\n|detailschange|p1a: Banette|Banette-Mega, F\n|-mega|p1a: Banette|Banette|Banettite\n|move|p1a: Banette|Encore|p2a: Hippowdon\n|-start|p2a: Hippowdon|Encore\n|move|p2a: Hippowdon|Body Press|p1a: Banette\n|-immune|p1a: Banette\n|\n|-weather|Sandstorm|[upkeep]\n|-damage|p1a: Banette|76\/100|[from] Sandstorm\n|upkeep\n|turn|6\n|\n|t:|1700493453\n|switch|p2a: Ting-Lu|Ting-Lu|100\/100\n|-damage|p2a: Ting-Lu|94\/100|[from] Stealth Rock\n|-damage|p2a: Ting-Lu|78\/100|[from] Spikes\n|-ability|p2a: Ting-Lu|Vessel of Ruin\n|move|p1a: Banette|Swords Dance|p1a: Banette\n|-boost|p1a: Banette|atk|2\n|\n|-weather|Sandstorm|[upkeep]\n|-damage|p1a: Banette|70\/100|[from] Sandstorm\n|-heal|p2a: Ting-Lu|84\/100|[from] item: Leftovers\n|upkeep\n|turn|7\n|\n|t:|1700493461\n|switch|p1a: Hatterene|Hatterene, F|100\/100\n|-damage|p1a: Hatterene|88\/100|[from] Stealth Rock\n|move|p2a: Ting-Lu|Whirlwind|p1a: Hatterene\n|move|p1a: Hatterene|Whirlwind|p2a: Ting-Lu|[from]ability: Magic Bounce\n|drag|p2a: Volcarona|Volcarona, F|100\/100\n|\n|-weather|Sandstorm|[upkeep]\n|-damage|p2a: Volcarona|94\/100|[from] Sandstorm\n|-damage|p1a: Hatterene|82\/100|[from] Sandstorm\n|upkeep\n|turn|8\n|\n|t:|1700493476\n|move|p2a: Volcarona|Quiver Dance|p2a: Volcarona\n|-boost|p2a: Volcarona|spa|1\n|-boost|p2a: Volcarona|spd|1\n|-boost|p2a: Volcarona|spe|1\n|move|p1a: Hatterene|Future Sight|p2a: Volcarona\n|-start|p1a: Hatterene|move: Future Sight\n|\n|-weather|none\n|upkeep\n|turn|9\n|\n|t:|1700493489\n|move|p2a: Volcarona|Flamethrower|p1a: Hatterene\n|-damage|p1a: Hatterene|12\/100\n|-zpower|p1a: Hatterene\n|move|p1a: Hatterene|Twinkle Tackle|p2a: Volcarona|[zeffect]\n|-resisted|p2a: Volcarona\n|-damage|p2a: Volcarona|64\/100\n|\n|upkeep\n|turn|10\n|\n|t:|1700493500\n|move|p2a: Volcarona|Giga Drain|p1a: Hatterene\n|-damage|p1a: Hatterene|0 fnt\n|-heal|p2a: Volcarona|71\/100|[from] drain|[of] p1a: Hatterene\n|faint|p1a: Hatterene\n|\n|-end|p2a: Volcarona|move: Future Sight\n|-damage|p2a: Volcarona|26\/100\n|upkeep\n|\n|t:|1700493505\n|switch|p1a: Toxapex|Toxapex, F|100\/100\n|-damage|p1a: Toxapex|88\/100|[from] Stealth Rock\n|turn|11\n|\n|t:|1700493512\n|move|p1a: Toxapex|Baneful Bunker|p1a: Toxapex\n|-singleturn|p1a: Toxapex|move: Protect\n|move|p2a: Volcarona|Giga Drain|p1a: Toxapex\n|-activate|p1a: Toxapex|move: Protect\n|\n|-heal|p1a: Toxapex|94\/100|[from] item: Leftovers\n|upkeep\n|turn|12\n|\n|t:|1700493525\n|-terastallize|p1a: Toxapex|Fairy\n|move|p2a: Volcarona|Giga Drain|p1a: Toxapex\n|-damage|p1a: Toxapex|65\/100\n|-heal|p2a: Volcarona|41\/100|[from] drain|[of] p1a: Toxapex\n|move|p1a: Toxapex|Haze|p1a: Toxapex\n|-clearallboost\n|\n|-heal|p1a: Toxapex|71\/100|[from] item: Leftovers\n|upkeep\n|turn|13\n|\n|t:|1700493535\n|switch|p2a: Hippowdon|Hippowdon, F|100\/100\n|-damage|p2a: Hippowdon|94\/100|[from] Stealth Rock\n|-damage|p2a: Hippowdon|78\/100|[from] Spikes\n|-weather|Sandstorm|[from] ability: Sand Stream|[of] p2a: Hippowdon\n|move|p1a: Toxapex|Toxic Spikes|p2a: Hippowdon\n|-sidestart|p2: Quilachy|move: Toxic Spikes\n|\n|-weather|Sandstorm|[upkeep]\n|-damage|p1a: Toxapex|65\/100|[from] Sandstorm\n|-heal|p1a: Toxapex|71\/100|[from] item: Leftovers\n|upkeep\n|turn|14\n|\n|t:|1700493545\n|move|p2a: Hippowdon|Yawn|p1a: Toxapex\n|-start|p1a: Toxapex|move: Yawn|[of] p2a: Hippowdon\n|move|p1a: Toxapex|Sludge Wave|p2a: Hippowdon\n|-resisted|p2a: Hippowdon\n|-damage|p2a: Hippowdon|65\/100\n|\n|-weather|Sandstorm|[upkeep]\n|-damage|p1a: Toxapex|65\/100|[from] Sandstorm\n|-heal|p1a: Toxapex|71\/100|[from] item: Leftovers\n|upkeep\n|turn|15\n|\n|t:|1700493550\n|switch|p2a: Scizor|Scizor, F|100\/100\n|-damage|p2a: Scizor|88\/100|[from] Stealth Rock\n|-damage|p2a: Scizor|72\/100|[from] Spikes\n|switch|p1a: Clodsire|Clodsire, F|96\/100\n|-damage|p1a: Clodsire|90\/100|[from] Stealth Rock\n|\n|-weather|Sandstorm|[upkeep]\n|-heal|p1a: Clodsire|96\/100|[from] item: Leftovers\n|upkeep\n|turn|16\n|\n|t:|1700493556\n|detailschange|p2a: Scizor|Scizor-Mega, F\n|-mega|p2a: Scizor|Scizor|Scizorite\n|move|p2a: Scizor|Swords Dance|p2a: Scizor\n|-boost|p2a: Scizor|atk|2\n|move|p1a: Clodsire|Spikes|p2a: Scizor\n|-sidestart|p2: Quilachy|Spikes\n|\n|-weather|Sandstorm|[upkeep]\n|-heal|p1a: Clodsire|100\/100|[from] item: Leftovers\n|upkeep\n|turn|17\n|\n|t:|1700493560\n|move|p2a: Scizor|Trailblaze|p1a: Clodsire\n|-damage|p1a: Clodsire|65\/100\n|-boost|p2a: Scizor|spe|1\n|move|p1a: Clodsire|Counter|p2a: Scizor\n|-damage|p2a: Scizor|0 fnt\n|faint|p2a: Scizor\n|\n|-weather|Sandstorm|[upkeep]\n|-heal|p1a: Clodsire|71\/100|[from] item: Leftovers\n|upkeep\n|\n|t:|1700493565\n|switch|p2a: Excadrill|Excadrill, M|100\/100\n|-damage|p2a: Excadrill|97\/100|[from] Stealth Rock\n|-item|p2a: Excadrill|Air Balloon\n|turn|18\n|\n|t:|1700493577\n|move|p2a: Excadrill|Iron Head|p1a: Clodsire\n|-damage|p1a: Clodsire|18\/100\n|cant|p1a: Clodsire|flinch\n|\n|-weather|Sandstorm|[upkeep]\n|-heal|p1a: Clodsire|24\/100|[from] item: Leftovers\n|upkeep\n|turn|19\n|\n|t:|1700493592\n|switch|p1a: Amoonguss|Amoonguss, M|100\/100\n|-damage|p1a: Amoonguss|88\/100|[from] Stealth Rock\n|move|p2a: Excadrill|Rapid Spin|p1a: Amoonguss\n|-damage|p1a: Amoonguss|66\/100\n|-boost|p2a: Excadrill|spe|1\n|-damage|p2a: Excadrill|81\/100|[from] item: Rocky Helmet|[of] p1a: Amoonguss\n|-sideend|p2: Quilachy|Spikes|[from] move: Rapid Spin|[of] p2a: Excadrill\n|-sideend|p2: Quilachy|Toxic Spikes|[from] move: Rapid Spin|[of] p2a: Excadrill\n|-sideend|p2: Quilachy|Stealth Rock|[from] move: Rapid Spin|[of] p2a: Excadrill\n|\n|-weather|Sandstorm|[upkeep]\n|-damage|p1a: Amoonguss|60\/100|[from] Sandstorm\n|upkeep\n|turn|20\n|\n|t:|1700493602\n|move|p2a: Excadrill|Iron Head|p1a: Amoonguss\n|-damage|p1a: Amoonguss|12\/100\n|-damage|p2a: Excadrill|64\/100|[from] item: Rocky Helmet|[of] p1a: Amoonguss\n|move|p1a: Amoonguss|Spore|p2a: Excadrill\n|-status|p2a: Excadrill|slp|[from] move: Spore\n|\n|-weather|none\n|upkeep\n|turn|21\n|\n|t:|1700493610\n|switch|p2a: Volcarona|Volcarona, F|41\/100\n|move|p1a: Amoonguss|Hidden Power|p2a: Volcarona\n|-damage|p2a: Volcarona|24\/100\n|\n|upkeep\n|turn|22\n|\n|t:|1700493618\n|switch|p1a: Clodsire|Clodsire, F|24\/100\n|-damage|p1a: Clodsire|18\/100|[from] Stealth Rock\n|move|p2a: Volcarona|Quiver Dance|p2a: Volcarona\n|-boost|p2a: Volcarona|spa|1\n|-boost|p2a: Volcarona|spd|1\n|-boost|p2a: Volcarona|spe|1\n|\n|-heal|p1a: Clodsire|24\/100|[from] item: Leftovers\n|upkeep\n|turn|23\n|\n|t:|1700493623\n|move|p2a: Volcarona|Giga Drain|p1a: Clodsire\n|-damage|p1a: Clodsire|10\/100\n|-heal|p2a: Volcarona|35\/100|[from] drain|[of] p1a: Clodsire\n|move|p1a: Clodsire|Recover|p1a: Clodsire\n|-heal|p1a: Clodsire|60\/100\n|\n|-heal|p1a: Clodsire|66\/100|[from] item: Leftovers\n|upkeep\n|turn|24\n|\n|t:|1700493645\n|switch|p1a: Amoonguss|Amoonguss, M|45\/100\n|-damage|p1a: Amoonguss|33\/100|[from] Stealth Rock\n|move|p2a: Volcarona|Quiver Dance|p2a: Volcarona\n|-boost|p2a: Volcarona|spa|1\n|-boost|p2a: Volcarona|spd|1\n|-boost|p2a: Volcarona|spe|1\n|\n|upkeep\n|turn|25\n|\n|t:|1700493655\n|switch|p1a: Alomomola|Alomomola, M|100\/100\n|-damage|p1a: Alomomola|88\/100|[from] Stealth Rock\n|move|p2a: Volcarona|Flamethrower|p1a: Alomomola\n|-resisted|p1a: Alomomola\n|-damage|p1a: Alomomola|32\/100\n|\n|-heal|p1a: Alomomola|38\/100|[from] item: Leftovers\n|upkeep\n|turn|26\n|\n|t:|1700493663\n|move|p1a: Alomomola|Protect|p1a: Alomomola\n|-singleturn|p1a: Alomomola|Protect\n|move|p2a: Volcarona|Giga Drain|p1a: Alomomola\n|-activate|p1a: Alomomola|move: Protect\n|\n|-heal|p1a: Alomomola|44\/100|[from] item: Leftovers\n|upkeep\n|turn|27\n|\n|t:|1700493669\n|switch|p1a: Clodsire|Clodsire, F|66\/100\n|-damage|p1a: Clodsire|60\/100|[from] Stealth Rock\n|move|p2a: Volcarona|Giga Drain|p1a: Clodsire\n|-damage|p1a: Clodsire|46\/100\n|-heal|p2a: Volcarona|45\/100|[from] drain|[of] p1a: Clodsire\n|\n|-heal|p1a: Clodsire|52\/100|[from] item: Leftovers\n|upkeep\n|turn|28\n|\n|t:|1700493679\n|move|p2a: Volcarona|Giga Drain|p1a: Clodsire\n|-damage|p1a: Clodsire|36\/100\n|-heal|p2a: Volcarona|57\/100|[from] drain|[of] p1a: Clodsire\n|move|p1a: Clodsire|Stealth Rock|p2a: Volcarona\n|-sidestart|p2: Quilachy|move: Stealth Rock\n|\n|-heal|p1a: Clodsire|43\/100|[from] item: Leftovers\n|upkeep\n|turn|29\n|\n|t:|1700493686\n|move|p2a: Volcarona|Flamethrower|p1a: Clodsire\n|-damage|p1a: Clodsire|18\/100\n|move|p1a: Clodsire|Spikes|p2a: Volcarona\n|-sidestart|p2: Quilachy|Spikes\n|\n|-heal|p1a: Clodsire|24\/100|[from] item: Leftovers\n|upkeep\n|turn|30\n|\n|t:|1700493693\n|move|p2a: Volcarona|Quiver Dance|p2a: Volcarona\n|-boost|p2a: Volcarona|spa|1\n|-boost|p2a: Volcarona|spd|1\n|-boost|p2a: Volcarona|spe|1\n|move|p1a: Clodsire|Spikes|p2a: Volcarona\n|-sidestart|p2: Quilachy|Spikes\n|\n|-heal|p1a: Clodsire|30\/100|[from] item: Leftovers\n|upkeep\n|turn|31\n|\n|t:|1700493697\n|move|p2a: Volcarona|Giga Drain|p1a: Clodsire\n|-damage|p1a: Clodsire|17\/100\n|-heal|p2a: Volcarona|67\/100|[from] drain|[of] p1a: Clodsire\n|move|p1a: Clodsire|Spikes|p2a: Volcarona\n|-sidestart|p2: Quilachy|Spikes\n|\n|-heal|p1a: Clodsire|24\/100|[from] item: Leftovers\n|upkeep\n|turn|32\n|\n|t:|1700493707\n|move|p2a: Volcarona|Flamethrower|p1a: Clodsire\n|-damage|p1a: Clodsire|0 fnt\n|faint|p1a: Clodsire\n|\n|upkeep\n|\n|t:|1700493711\n|switch|p1a: Banette|Banette-Mega, F|70\/100\n|-damage|p1a: Banette|58\/100|[from] Stealth Rock\n|turn|33\n|\n|t:|1700493715\n|move|p1a: Banette|Destiny Bond|p1a: Banette\n|-singlemove|p1a: Banette|Destiny Bond\n|move|p2a: Volcarona|Giga Drain|p1a: Banette\n|-damage|p1a: Banette|0 fnt\n|-heal|p2a: Volcarona|92\/100|[from] drain|[of] p1a: Banette\n|faint|p1a: Banette\n|-activate|p1a: Banette|move: Destiny Bond\n|faint|p2a: Volcarona\n|\n|upkeep\n|\n|t:|1700493734\n|switch|p2a: Dragonite|Dragonite, M, shiny|100\/100\n|switch|p1a: Amoonguss|Amoonguss, M|66\/100\n|-damage|p1a: Amoonguss|54\/100|[from] Stealth Rock\n|turn|34\n|\n|t:|1700493740\n|move|p2a: Dragonite|Dragon Dance|p2a: Dragonite\n|-boost|p2a: Dragonite|atk|1\n|-boost|p2a: Dragonite|spe|1\n|move|p1a: Amoonguss|Toxic|p2a: Dragonite\n|-status|p2a: Dragonite|tox\n|\n|-damage|p2a: Dragonite|94\/100 tox|[from] psn\n|upkeep\n|turn|35\n|\n|t:|1700493745\n|switch|p1a: Alomomola|Alomomola, M|78\/100\n|-damage|p1a: Alomomola|65\/100|[from] Stealth Rock\n|move|p2a: Dragonite|Dragon Claw|p1a: Alomomola\n|-damage|p1a: Alomomola|8\/100\n|\n|-heal|p1a: Alomomola|14\/100|[from] item: Leftovers\n|-damage|p2a: Dragonite|82\/100 tox|[from] psn\n|upkeep\n|turn|36\n|\n|t:|1700493751\n|move|p1a: Alomomola|Protect|p1a: Alomomola\n|-singleturn|p1a: Alomomola|Protect\n|move|p2a: Dragonite|Dragon Dance|p2a: Dragonite\n|-boost|p2a: Dragonite|atk|1\n|-boost|p2a: Dragonite|spe|1\n|\n|-heal|p1a: Alomomola|20\/100|[from] item: Leftovers\n|-damage|p2a: Dragonite|63\/100 tox|[from] psn\n|upkeep\n|turn|37\n|\n|t:|1700493762\n|switch|p1a: Toxapex|Toxapex, F, tera:Fairy|100\/100\n|-damage|p1a: Toxapex|88\/100|[from] Stealth Rock\n|-terastallize|p2a: Dragonite|Normal\n|move|p2a: Dragonite|Extreme Speed|p1a: Toxapex\n|-damage|p1a: Toxapex|13\/100\n|\n|-heal|p1a: Toxapex|19\/100|[from] item: Leftovers\n|-damage|p2a: Dragonite|39\/100 tox|[from] psn\n|upkeep\n|turn|38\n|\n|t:|1700493770\n|move|p2a: Dragonite|Roost|p2a: Dragonite\n|-heal|p2a: Dragonite|89\/100 tox\n|move|p1a: Toxapex|Haze|p1a: Toxapex\n|-clearallboost\n|\n|-heal|p1a: Toxapex|25\/100|[from] item: Leftovers\n|-damage|p2a: Dragonite|58\/100 tox|[from] psn\n|upkeep\n|turn|39\n|\n|t:|1700493778\n|switch|p1a: Alomomola|Alomomola, M|53\/100\n|-damage|p1a: Alomomola|41\/100|[from] Stealth Rock\n|move|p2a: Dragonite|Dragon Dance|p2a: Dragonite\n|-boost|p2a: Dragonite|atk|1\n|-boost|p2a: Dragonite|spe|1\n|\n|-heal|p1a: Alomomola|47\/100|[from] item: Leftovers\n|-damage|p2a: Dragonite|21\/100 tox|[from] psn\n|upkeep\n|turn|40\n|\n|t:|1700493795\n|switch|p1a: Toxapex|Toxapex, F, tera:Fairy|58\/100\n|-damage|p1a: Toxapex|46\/100|[from] Stealth Rock\n|move|p2a: Dragonite|Roost|p2a: Dragonite\n|-heal|p2a: Dragonite|71\/100 tox\n|\n|-heal|p1a: Toxapex|52\/100|[from] item: Leftovers\n|-damage|p2a: Dragonite|27\/100 tox|[from] psn\n|upkeep\n|turn|41\n|\n|t:|1700493813\n|move|p1a: Toxapex|Baneful Bunker|p1a: Toxapex\n|-singleturn|p1a: Toxapex|move: Protect\n|move|p2a: Dragonite|Roost|p2a: Dragonite\n|-heal|p2a: Dragonite|78\/100 tox\n|\n|-heal|p1a: Toxapex|58\/100|[from] item: Leftovers\n|-damage|p2a: Dragonite|28\/100 tox|[from] psn\n|upkeep\n|turn|42\n|\n|t:|1700493824\n|switch|p1a: Alomomola|Alomomola, M|81\/100\n|-damage|p1a: Alomomola|68\/100|[from] Stealth Rock\n|move|p2a: Dragonite|Extreme Speed|p1a: Alomomola\n|-damage|p1a: Alomomola|17\/100\n|\n|-heal|p1a: Alomomola|23\/100|[from] item: Leftovers\n|-damage|p2a: Dragonite|0 fnt|[from] psn\n|faint|p2a: Dragonite\n|upkeep\n|\n|t:|1700493834\n|switch|p2a: Hippowdon|Hippowdon, F|65\/100\n|-damage|p2a: Hippowdon|59\/100|[from] Stealth Rock\n|-damage|p2a: Hippowdon|34\/100|[from] Spikes\n|-weather|Sandstorm|[from] ability: Sand Stream|[of] p2a: Hippowdon\n|turn|43\n|\n|t:|1700493841\n|move|p1a: Alomomola|Wish|p1a: Alomomola\n|move|p2a: Hippowdon|Slack Off|p2a: Hippowdon\n|-heal|p2a: Hippowdon|84\/100\n|\n|-weather|Sandstorm|[upkeep]\n|-damage|p1a: Alomomola|17\/100|[from] Sandstorm\n|-heal|p1a: Alomomola|23\/100|[from] item: Leftovers\n|upkeep\n|turn|44\n|\n|t:|1700493849\n|move|p1a: Alomomola|Toxic|p2a: Hippowdon\n|-status|p2a: Hippowdon|tox\n|move|p2a: Hippowdon|Yawn|p1a: Alomomola\n|-start|p1a: Alomomola|move: Yawn|[of] p2a: Hippowdon\n|\n|-weather|Sandstorm|[upkeep]\n|-damage|p1a: Alomomola|17\/100|[from] Sandstorm\n|-heal|p1a: Alomomola|67\/100|[from] move: Wish|[wisher] Alomomola\n|-heal|p1a: Alomomola|73\/100|[from] item: Leftovers\n|-damage|p2a: Hippowdon|77\/100 tox|[from] psn\n|upkeep\n|turn|45\n|\n|t:|1700493853\n|switch|p1a: Amoonguss|Amoonguss, M|87\/100\n|-damage|p1a: Amoonguss|75\/100|[from] Stealth Rock\n|move|p2a: Hippowdon|Yawn|p1a: Amoonguss\n|-start|p1a: Amoonguss|move: Yawn|[of] p2a: Hippowdon\n|\n|-weather|Sandstorm|[upkeep]\n|-damage|p1a: Amoonguss|68\/100|[from] Sandstorm\n|-damage|p2a: Hippowdon|65\/100 tox|[from] psn\n|upkeep\n|turn|46\n|\n|t:|1700493859\n|switch|p2a: Excadrill|Excadrill, M|64\/100 slp\n|-damage|p2a: Excadrill|61\/100 slp|[from] Stealth Rock\n|-item|p2a: Excadrill|Air Balloon\n|switch|p1a: Toxapex|Toxapex, F, tera:Fairy|92\/100\n|-damage|p1a: Toxapex|79\/100|[from] Stealth Rock\n|\n|-weather|Sandstorm|[upkeep]\n|-damage|p1a: Toxapex|73\/100|[from] Sandstorm\n|-heal|p1a: Toxapex|79\/100|[from] item: Leftovers\n|upkeep\n|turn|47\n|\n|t:|1700493870\n|switch|p1a: Amoonguss|Amoonguss, M|100\/100\n|-damage|p1a: Amoonguss|88\/100|[from] Stealth Rock\n|cant|p2a: Excadrill|slp\n|\n|-weather|Sandstorm|[upkeep]\n|-damage|p1a: Amoonguss|82\/100|[from] Sandstorm\n|upkeep\n|turn|48\n|\n|t:|1700493878\n|-curestatus|p2a: Excadrill|slp|[msg]\n|move|p2a: Excadrill|Rapid Spin|p1a: Amoonguss\n|-damage|p1a: Amoonguss|60\/100\n|-boost|p2a: Excadrill|spe|1\n|-damage|p2a: Excadrill|45\/100|[from] item: Rocky Helmet|[of] p1a: Amoonguss\n|-sideend|p2: Quilachy|Spikes|[from] move: Rapid Spin|[of] p2a: Excadrill\n|-sideend|p2: Quilachy|Stealth Rock|[from] move: Rapid Spin|[of] p2a: Excadrill\n|move|p1a: Amoonguss|Hidden Power|p2a: Excadrill\n|-supereffective|p2a: Excadrill\n|-damage|p2a: Excadrill|2\/100\n|-enditem|p2a: Excadrill|Air Balloon\n|\n|-weather|Sandstorm|[upkeep]\n|-damage|p1a: Amoonguss|54\/100|[from] Sandstorm\n|upkeep\n|turn|49\n|\n|t:|1700493889\n|switch|p1a: Alomomola|Alomomola, M|100\/100\n|-damage|p1a: Alomomola|88\/100|[from] Stealth Rock\n|move|p2a: Excadrill|Iron Head|p1a: Alomomola\n|-resisted|p1a: Alomomola\n|-damage|p1a: Alomomola|70\/100\n|\n|-weather|Sandstorm|[upkeep]\n|-damage|p1a: Alomomola|64\/100|[from] Sandstorm\n|-heal|p1a: Alomomola|70\/100|[from] item: Leftovers\n|upkeep\n|turn|50\n|\n|t:|1700493895\n|move|p2a: Excadrill|Earthquake|p1a: Alomomola\n|-damage|p1a: Alomomola|27\/100\n|move|p1a: Alomomola|Wish|p1a: Alomomola\n|\n|-weather|none\n|-heal|p1a: Alomomola|33\/100|[from] item: Leftovers\n|upkeep\n|turn|51\n|\n|t:|1700493903\n|move|p1a: Alomomola|Protect|p1a: Alomomola\n|-singleturn|p1a: Alomomola|Protect\n|move|p2a: Excadrill|Earthquake|p1a: Alomomola\n|-activate|p1a: Alomomola|move: Protect\n|\n|-heal|p1a: Alomomola|83\/100|[from] move: Wish|[wisher] Alomomola\n|-heal|p1a: Alomomola|89\/100|[from] item: Leftovers\n|upkeep\n|turn|52\n|\n|t:|1700493908\n|switch|p1a: Amoonguss|Amoonguss, M|87\/100\n|-damage|p1a: Amoonguss|75\/100|[from] Stealth Rock\n|move|p2a: Excadrill|Iron Head|p1a: Amoonguss\n|-damage|p1a: Amoonguss|29\/100\n|-damage|p2a: Excadrill|0 fnt|[from] item: Rocky Helmet|[of] p1a: Amoonguss\n|faint|p2a: Excadrill\n|\n|upkeep\n|\n|t:|1700493913\n|switch|p2a: Ting-Lu|Ting-Lu|84\/100\n|-ability|p2a: Ting-Lu|Vessel of Ruin\n|turn|53\n|\n|t:|1700493921\n|switch|p1a: Toxapex|Toxapex, F, tera:Fairy|100\/100\n|-damage|p1a: Toxapex|88\/100|[from] Stealth Rock\n|move|p2a: Ting-Lu|Earthquake|p1a: Toxapex\n|-damage|p1a: Toxapex|61\/100\n|\n|-heal|p2a: Ting-Lu|90\/100|[from] item: Leftovers\n|-heal|p1a: Toxapex|67\/100|[from] item: Leftovers\n|upkeep\n|turn|54\n|\n|t:|1700493931\n|switch|p1a: Alomomola|Alomomola, M|100\/100\n|-damage|p1a: Alomomola|88\/100|[from] Stealth Rock\n|move|p2a: Ting-Lu|Spikes|p1a: Alomomola\n|-sidestart|p1: kuroko 1314|Spikes\n|\n|-heal|p1a: Alomomola|94\/100|[from] item: Leftovers\n|-heal|p2a: Ting-Lu|96\/100|[from] item: Leftovers\n|upkeep\n|turn|55\n|\n|t:|1700493938\n|move|p1a: Alomomola|Toxic|p2a: Ting-Lu\n|-status|p2a: Ting-Lu|tox\n|move|p2a: Ting-Lu|Ruination|p1a: Alomomola\n|-damage|p1a: Alomomola|48\/100\n|\n|-heal|p1a: Alomomola|54\/100|[from] item: Leftovers\n|-heal|p2a: Ting-Lu|100\/100 tox|[from] item: Leftovers\n|-damage|p2a: Ting-Lu|94\/100 tox|[from] psn\n|upkeep\n|turn|56\n|\n|t:|1700493943\n|move|p1a: Alomomola|Magic Coat|p1a: Alomomola\n|-singleturn|p1a: Alomomola|move: Magic Coat\n|move|p2a: Ting-Lu|Spikes|p1a: Alomomola\n|move|p1a: Alomomola|Spikes|p2a: Ting-Lu|[from]Magic Coat\n|-sidestart|p2: Quilachy|Spikes\n|\n|-heal|p1a: Alomomola|60\/100|[from] item: Leftovers\n|-heal|p2a: Ting-Lu|100\/100 tox|[from] item: Leftovers\n|-damage|p2a: Ting-Lu|88\/100 tox|[from] psn\n|upkeep\n|turn|57\n|\n|t:|1700493950\n|move|p1a: Alomomola|Magic Coat|p1a: Alomomola\n|-singleturn|p1a: Alomomola|move: Magic Coat\n|move|p2a: Ting-Lu|Whirlwind|p1a: Alomomola\n|move|p1a: Alomomola|Whirlwind|p2a: Ting-Lu|[from]Magic Coat\n|drag|p2a: Hippowdon|Hippowdon, F|65\/100 tox\n|-damage|p2a: Hippowdon|53\/100 tox|[from] Spikes\n|-weather|Sandstorm|[from] ability: Sand Stream|[of] p2a: Hippowdon\n|\n|-weather|Sandstorm|[upkeep]\n|-damage|p1a: Alomomola|54\/100|[from] Sandstorm\n|-heal|p1a: Alomomola|60\/100|[from] item: Leftovers\n|-damage|p2a: Hippowdon|46\/100 tox|[from] psn\n|upkeep\n|turn|58\n|\n|t:|1700493964\n|move|p1a: Alomomola|Wish|p1a: Alomomola\n|move|p2a: Hippowdon|Yawn|p1a: Alomomola\n|-start|p1a: Alomomola|move: Yawn|[of] p2a: Hippowdon\n|\n|-weather|Sandstorm|[upkeep]\n|-damage|p1a: Alomomola|54\/100|[from] Sandstorm\n|-heal|p1a: Alomomola|60\/100|[from] item: Leftovers\n|-damage|p2a: Hippowdon|34\/100 tox|[from] psn\n|upkeep\n|turn|59\n|\n|t:|1700493969\n|switch|p1a: Amoonguss|Amoonguss, M|62\/100\n|-damage|p1a: Amoonguss|50\/100|[from] Stealth Rock\n|-damage|p1a: Amoonguss|37\/100|[from] Spikes\n|move|p2a: Hippowdon|Yawn|p1a: Amoonguss\n|-start|p1a: Amoonguss|move: Yawn|[of] p2a: Hippowdon\n|\n|-weather|Sandstorm|[upkeep]\n|-damage|p1a: Amoonguss|31\/100|[from] Sandstorm\n|-heal|p1a: Amoonguss|93\/100|[from] move: Wish|[wisher] Alomomola\n|-damage|p2a: Hippowdon|15\/100 tox|[from] psn\n|upkeep\n|turn|60\n|\n|t:|1700493978\n|switch|p1a: Toxapex|Toxapex, F, tera:Fairy|100\/100\n|-damage|p1a: Toxapex|88\/100|[from] Stealth Rock\n|-damage|p1a: Toxapex|75\/100|[from] Spikes\n|move|p2a: Hippowdon|Yawn|p1a: Toxapex\n|-start|p1a: Toxapex|move: Yawn|[of] p2a: Hippowdon\n|\n|-weather|Sandstorm|[upkeep]\n|-damage|p1a: Toxapex|69\/100|[from] Sandstorm\n|-heal|p1a: Toxapex|75\/100|[from] item: Leftovers\n|-damage|p2a: Hippowdon|0 fnt|[from] psn\n|faint|p2a: Hippowdon\n|upkeep\n|\n|t:|1700493981\n|switch|p2a: Ting-Lu|Ting-Lu|88\/100 tox\n|-damage|p2a: Ting-Lu|76\/100 tox|[from] Spikes\n|-ability|p2a: Ting-Lu|Vessel of Ruin\n|turn|61\n|\n|t:|1700493987\n|switch|p1a: Alomomola|Alomomola, M|93\/100\n|-damage|p1a: Alomomola|81\/100|[from] Stealth Rock\n|-damage|p1a: Alomomola|68\/100|[from] Spikes\n|move|p2a: Ting-Lu|Ruination|p1a: Alomomola|[miss]\n|-miss|p2a: Ting-Lu|p1a: Alomomola\n|\n|-weather|Sandstorm|[upkeep]\n|-damage|p1a: Alomomola|62\/100|[from] Sandstorm\n|-heal|p1a: Alomomola|68\/100|[from] item: Leftovers\n|-heal|p2a: Ting-Lu|82\/100 tox|[from] item: Leftovers\n|-damage|p2a: Ting-Lu|76\/100 tox|[from] psn\n|upkeep\n|turn|62\n|\n|t:|1700493992\n|move|p1a: Alomomola|Magic Coat|p1a: Alomomola\n|-singleturn|p1a: Alomomola|move: Magic Coat\n|move|p2a: Ting-Lu|Ruination|p1a: Alomomola\n|-damage|p1a: Alomomola|35\/100\n|\n|-weather|Sandstorm|[upkeep]\n|-damage|p1a: Alomomola|28\/100|[from] Sandstorm\n|-heal|p1a: Alomomola|35\/100|[from] item: Leftovers\n|-heal|p2a: Ting-Lu|82\/100 tox|[from] item: Leftovers\n|-damage|p2a: Ting-Lu|69\/100 tox|[from] psn\n|upkeep\n|turn|63\n|\n|t:|1700494001\n|move|p1a: Alomomola|Wish|p1a: Alomomola\n|move|p2a: Ting-Lu|Ruination|p1a: Alomomola\n|-damage|p1a: Alomomola|18\/100\n|\n|-weather|Sandstorm|[upkeep]\n|-damage|p1a: Alomomola|11\/100|[from] Sandstorm\n|-heal|p1a: Alomomola|18\/100|[from] item: Leftovers\n|-heal|p2a: Ting-Lu|76\/100 tox|[from] item: Leftovers\n|-damage|p2a: Ting-Lu|57\/100 tox|[from] psn\n|upkeep\n|turn|64\n|\n|t:|1700494008\n|move|p1a: Alomomola|Protect|p1a: Alomomola\n|-singleturn|p1a: Alomomola|Protect\n|move|p2a: Ting-Lu|Earthquake|p1a: Alomomola\n|-activate|p1a: Alomomola|move: Protect\n|\n|-weather|none\n|-heal|p1a: Alomomola|68\/100|[from] move: Wish|[wisher] Alomomola\n|-heal|p1a: Alomomola|74\/100|[from] item: Leftovers\n|-heal|p2a: Ting-Lu|63\/100 tox|[from] item: Leftovers\n|-damage|p2a: Ting-Lu|38\/100 tox|[from] psn\n|upkeep\n|turn|65\n|\n|t:|1700494012\n|move|p1a: Alomomola|Wish|p1a: Alomomola\n|move|p2a: Ting-Lu|Earthquake|p1a: Alomomola\n|-damage|p1a: Alomomola|45\/100\n|\n|-heal|p1a: Alomomola|51\/100|[from] item: Leftovers\n|-heal|p2a: Ting-Lu|44\/100 tox|[from] item: Leftovers\n|-damage|p2a: Ting-Lu|13\/100 tox|[from] psn\n|upkeep\n|turn|66\n|\n|t:|1700494019\n|move|p1a: Alomomola|Protect|p1a: Alomomola\n|-singleturn|p1a: Alomomola|Protect\n|move|p2a: Ting-Lu|Ruination|p1a: Alomomola\n|-activate|p1a: Alomomola|move: Protect\n|\n|-heal|p1a: Alomomola|100\/100|[from] move: Wish|[wisher] Alomomola\n|-heal|p2a: Ting-Lu|20\/100 tox|[from] item: Leftovers\n|-damage|p2a: Ting-Lu|0 fnt|[from] psn\n|faint|p2a: Ting-Lu\n|\n|win|kuroko 1314\n|upkeep\n|raw|kuroko 1314's rating: 1287 &rarr; <strong>1315<\/strong><br \/>(+28 for winning)\n|raw|Quilachy's rating: 1323 &rarr; <strong>1301<\/strong><br \/>(-22 for losing)\n|l|\u2606Quilachy\n","uploadtime":1700494035,"views":13,"p1id":"kuroko1314","p2id":"quilachy","formatid":"gen9nationaldex","rating":1301,"private":0,"password":""}