{"id":"gen9nationaldex-1990987294","p1":"ogerponice","p2":"Dragontamerty9","format":"[Gen 9] National Dex","log":"|j|\u2606ogerponice\n|j|\u2606Dragontamerty9\n|t:|1700023778\n|gametype|singles\n|player|p1|ogerponice|nurse|1394\n|player|p2|Dragontamerty9|lance|1422\n|teamsize|p1|6\n|teamsize|p2|6\n|gen|9\n|tier|[Gen 9] National Dex\n|rated|\n|rule|HP Percentage Mod: HP is shown in percentages\n|rule|Endless Battle Clause: Forcing endless battles is banned\n|rule|OHKO Clause: OHKO moves are banned\n|rule|Evasion Clause: Evasion abilities, items, and moves are banned\n|rule|Evasion Abilities Clause: Evasion abilities are banned\n|rule|Evasion Items Clause: Evasion items are banned\n|rule|Evasion Moves Clause: Evasion moves are banned\n|rule|Species Clause: Limit one of each Pok\u00e9mon\n|rule|Sleep Clause Mod: Limit one foe put to sleep\n|clearpoke\n|poke|p1|Sableye, F|\n|poke|p1|Clodsire, F|\n|poke|p1|Gliscor, M|\n|poke|p1|Ting-Lu|\n|poke|p1|Toxapex, M|\n|poke|p1|Garganacl, M|\n|poke|p2|Sneasler, M|\n|poke|p2|Indeedee-F, F|\n|poke|p2|Great Tusk|\n|poke|p2|Grimmsnarl, M|\n|poke|p2|Haxorus, M|\n|poke|p2|Serperior, F|\n|teampreview\n|inactive|Battle timer is ON: inactive players will automatically lose when time's up. (requested by ogerponice)\n|\n|t:|1700023795\n|start\n|switch|p1a: \u52fe\u54e5|Sableye, F|100\/100\n|switch|p2a: Kaido|Haxorus, M, shiny|100\/100\n|-ability|p2a: Kaido|Mold Breaker\n|turn|1\n|\n|t:|1700023804\n|detailschange|p1a: \u52fe\u54e5|Sableye-Mega, F\n|-mega|p1a: \u52fe\u54e5|Sableye|Sablenite\n|move|p1a: \u52fe\u54e5|Protect|p1a: \u52fe\u54e5\n|-singleturn|p1a: \u52fe\u54e5|Protect\n|move|p2a: Kaido|Scale Shot|p1a: \u52fe\u54e5\n|-activate|p1a: \u52fe\u54e5|move: Protect\n|\n|upkeep\n|turn|2\n|\n|t:|1700023818\n|switch|p2a: Joker|Grimmsnarl, M, shiny|100\/100\n|move|p1a: \u52fe\u54e5|Will-O-Wisp|p2a: Joker\n|-status|p2a: Joker|brn\n|\n|-damage|p2a: Joker|94\/100 brn|[from] brn\n|upkeep\n|turn|3\n|\n|t:|1700023828\n|move|p2a: Joker|Spirit Break|p1a: \u52fe\u54e5\n|-supereffective|p1a: \u52fe\u54e5\n|-damage|p1a: \u52fe\u54e5|78\/100\n|-unboost|p1a: \u52fe\u54e5|spa|1\n|move|p1a: \u52fe\u54e5|Knock Off|p2a: Joker\n|-resisted|p2a: Joker\n|-damage|p2a: Joker|86\/100 brn\n|-enditem|p2a: Joker|Light Clay|[from] move: Knock Off|[of] p1a: \u52fe\u54e5\n|\n|-damage|p2a: Joker|80\/100 brn|[from] brn\n|upkeep\n|turn|4\n|\n|t:|1700023840\n|move|p2a: Joker|Spirit Break|p1a: \u52fe\u54e5\n|-supereffective|p1a: \u52fe\u54e5\n|-damage|p1a: \u52fe\u54e5|55\/100\n|-unboost|p1a: \u52fe\u54e5|spa|1\n|move|p1a: \u52fe\u54e5|Recover|p1a: \u52fe\u54e5\n|-heal|p1a: \u52fe\u54e5|100\/100\n|\n|-damage|p2a: Joker|74\/100 brn|[from] brn\n|upkeep\n|turn|5\n|\n|t:|1700023850\n|move|p2a: Joker|Reflect|p2a: Joker\n|-sidestart|p2: Dragontamerty9|Reflect\n|move|p1a: \u52fe\u54e5|Knock Off|p2a: Joker\n|-resisted|p2a: Joker\n|-damage|p2a: Joker|72\/100 brn\n|\n|-damage|p2a: Joker|66\/100 brn|[from] brn\n|upkeep\n|turn|6\n|\n|t:|1700023860\n|move|p2a: Joker|Parting Shot|p1a: \u52fe\u54e5\n|move|p1a: \u52fe\u54e5|Parting Shot|p2a: Joker|[from]ability: Magic Bounce\n|-unboost|p2a: Joker|atk|1\n|-unboost|p2a: Joker|spa|1\n|\n|t:|1700023876\n|switch|p1a: Garganacl|Garganacl, M|100\/100|[from] Parting Shot\n|\n|-damage|p2a: Joker|59\/100 brn|[from] brn\n|upkeep\n|turn|7\n|\n|t:|1700023885\n|move|p2a: Joker|Parting Shot|p1a: Garganacl\n|-unboost|p1a: Garganacl|atk|1\n|-unboost|p1a: Garganacl|spa|1\n|\n|t:|1700023894\n|switch|p2a: Boa|Serperior, F, shiny|100\/100|[from] Parting Shot\n|move|p1a: Garganacl|Salt Cure|p2a: Boa\n|-crit|p2a: Boa\n|-damage|p2a: Boa|78\/100\n|-start|p2a: Boa|Salt Cure\n|\n|-heal|p2a: Boa|84\/100|[from] item: Leftovers\n|-damage|p2a: Boa|72\/100|[from] Salt Cure\n|upkeep\n|turn|8\n|\n|t:|1700023908\n|switch|p1a: \u571f\u738b~|Clodsire, F|100\/100\n|move|p2a: Boa|Leaf Storm|p1a: \u571f\u738b~\n|-damage|p1a: \u571f\u738b~|78\/100\n|-boost|p2a: Boa|spa|2\n|\n|-heal|p2a: Boa|78\/100|[from] item: Leftovers\n|-damage|p2a: Boa|65\/100|[from] Salt Cure\n|upkeep\n|turn|9\n|\n|t:|1700023916\n|move|p2a: Boa|Leaf Storm|p1a: \u571f\u738b~|[miss]\n|-miss|p2a: Boa|p1a: \u571f\u738b~\n|move|p1a: \u571f\u738b~|Poison Jab|p2a: Boa\n|-supereffective|p2a: Boa\n|-damage|p2a: Boa|40\/100\n|-status|p2a: Boa|psn\n|\n|-heal|p2a: Boa|46\/100 psn|[from] item: Leftovers\n|-damage|p2a: Boa|33\/100 psn|[from] psn\n|-damage|p2a: Boa|21\/100 psn|[from] Salt Cure\n|-sideend|p2: Dragontamerty9|Reflect\n|upkeep\n|turn|10\n|\n|t:|1700023924\n|switch|p2a: Ginny|Indeedee-F, F, shiny|100\/100\n|-fieldstart|move: Psychic Terrain|[from] ability: Psychic Surge|[of] p2a: Ginny\n|move|p1a: \u571f\u738b~|Recover|p1a: \u571f\u738b~\n|-heal|p1a: \u571f\u738b~|100\/100\n|\n|upkeep\n|turn|11\n|\n|t:|1700023935\n|switch|p1a: Ting-Lu|Ting-Lu|100\/100\n|-ability|p1a: Ting-Lu|Vessel of Ruin\n|move|p2a: Ginny|Expanding Force|p1a: Ting-Lu\n|-immune|p1a: Ting-Lu\n|\n|upkeep\n|turn|12\n|\n|t:|1700023948\n|switch|p2a: Boa|Serperior, F, shiny|21\/100 psn\n|move|p1a: Ting-Lu|Stealth Rock|p2a: Boa\n|-sidestart|p2: Dragontamerty9|move: Stealth Rock\n|\n|-heal|p2a: Boa|27\/100 psn|[from] item: Leftovers\n|-damage|p2a: Boa|15\/100 psn|[from] psn\n|upkeep\n|turn|13\n|\n|t:|1700023954\n|move|p1a: Ting-Lu|Protect|p1a: Ting-Lu\n|-singleturn|p1a: Ting-Lu|Protect\n|move|p2a: Boa|Leaf Storm|p1a: Ting-Lu\n|-activate|p1a: Ting-Lu|move: Protect\n|\n|-heal|p2a: Boa|21\/100 psn|[from] item: Leftovers\n|-damage|p2a: Boa|8\/100 psn|[from] psn\n|upkeep\n|turn|14\n|\n|t:|1700023964\n|switch|p1a: Gliscor|Gliscor, M|100\/100\n|move|p2a: Boa|Glare|p1a: Gliscor\n|-status|p1a: Gliscor|par\n|\n|-heal|p2a: Boa|15\/100 psn|[from] item: Leftovers\n|-damage|p2a: Boa|2\/100 psn|[from] psn\n|-fieldend|move: Psychic Terrain\n|upkeep\n|turn|15\n|\n|t:|1700023975\n|move|p1a: Gliscor|Protect|p1a: Gliscor\n|-singleturn|p1a: Gliscor|Protect\n|move|p2a: Boa|Leaf Storm|p1a: Gliscor\n|-activate|p1a: Gliscor|move: Protect\n|\n|-heal|p2a: Boa|8\/100 psn|[from] item: Leftovers\n|-damage|p2a: Boa|0 fnt|[from] psn\n|faint|p2a: Boa\n|upkeep\n|\n|t:|1700023980\n|switch|p2a: Zunesha|Great Tusk, shiny|100\/100\n|-damage|p2a: Zunesha|98\/100|[from] Stealth Rock\n|turn|16\n|\n|t:|1700023987\n|switch|p1a: \u52fe\u54e5|Sableye-Mega, F|100\/100\n|move|p2a: Zunesha|Rapid Spin|p1a: \u52fe\u54e5\n|-immune|p1a: \u52fe\u54e5\n|\n|upkeep\n|turn|17\n|\n|t:|1700023997\n|-end|p2a: Zunesha|Protosynthesis|[silent]\n|switch|p2a: Ginny|Indeedee-F, F, shiny|100\/100\n|-damage|p2a: Ginny|88\/100|[from] Stealth Rock\n|-fieldstart|move: Psychic Terrain|[from] ability: Psychic Surge|[of] p2a: Ginny\n|move|p1a: \u52fe\u54e5|Will-O-Wisp|p2a: Ginny\n|-status|p2a: Ginny|brn\n|\n|-damage|p2a: Ginny|82\/100 brn|[from] brn\n|upkeep\n|turn|18\n|\n|t:|1700024008\n|switch|p2a: Tarn|Sneasler, M, shiny|100\/100\n|-damage|p2a: Tarn|95\/100|[from] Stealth Rock\n|-enditem|p2a: Tarn|Psychic Seed\n|-boost|p2a: Tarn|spd|1|[from] item: Psychic Seed\n|move|p1a: \u52fe\u54e5|Knock Off|p2a: Tarn\n|-resisted|p2a: Tarn\n|-damage|p2a: Tarn|81\/100\n|\n|upkeep\n|turn|19\n|\n|t:|1700024022\n|move|p2a: Tarn|Dire Claw|p1a: \u52fe\u54e5\n|-resisted|p1a: \u52fe\u54e5\n|-crit|p1a: \u52fe\u54e5\n|-damage|p1a: \u52fe\u54e5|75\/100\n|move|p1a: \u52fe\u54e5|Will-O-Wisp|p2a: Tarn\n|-status|p2a: Tarn|brn\n|\n|-damage|p2a: Tarn|75\/100 brn|[from] brn\n|upkeep\n|turn|20\n|\n|t:|1700024030\n|move|p2a: Tarn|Swords Dance|p2a: Tarn\n|-boost|p2a: Tarn|atk|2\n|move|p1a: \u52fe\u54e5|Recover|p1a: \u52fe\u54e5\n|-heal|p1a: \u52fe\u54e5|100\/100\n|\n|-damage|p2a: Tarn|69\/100 brn|[from] brn\n|upkeep\n|turn|21\n|\n|t:|1700024041\n|switch|p1a: Ting-Lu|Ting-Lu|100\/100\n|-ability|p1a: Ting-Lu|Vessel of Ruin\n|move|p2a: Tarn|Swords Dance|p2a: Tarn\n|-boost|p2a: Tarn|atk|2\n|\n|-damage|p2a: Tarn|63\/100 brn|[from] brn\n|-fieldend|move: Psychic Terrain\n|upkeep\n|turn|22\n|\n|t:|1700024050\n|switch|p1a: \u52fe\u54e5|Sableye-Mega, F|100\/100\n|move|p2a: Tarn|Dire Claw|p1a: \u52fe\u54e5\n|-resisted|p1a: \u52fe\u54e5\n|-damage|p1a: \u52fe\u54e5|77\/100\n|\n|-damage|p2a: Tarn|57\/100 brn|[from] brn\n|upkeep\n|turn|23\n|\n|t:|1700024060\n|move|p1a: \u52fe\u54e5|Protect|p1a: \u52fe\u54e5\n|-singleturn|p1a: \u52fe\u54e5|Protect\n|move|p2a: Tarn|Swords Dance|p2a: Tarn\n|-boost|p2a: Tarn|atk|2\n|\n|-damage|p2a: Tarn|51\/100 brn|[from] brn\n|upkeep\n|turn|24\n|\n|t:|1700024077\n|switch|p1a: \u571f\u738b~|Clodsire, F|100\/100\n|move|p2a: Tarn|Dire Claw|p1a: \u571f\u738b~\n|-resisted|p1a: \u571f\u738b~\n|-damage|p1a: \u571f\u738b~|73\/100\n|\n|-damage|p2a: Tarn|45\/100 brn|[from] brn\n|upkeep\n|turn|25\n|\n|t:|1700024083\n|move|p2a: Tarn|Dire Claw|p1a: \u571f\u738b~\n|-resisted|p1a: \u571f\u738b~\n|-damage|p1a: \u571f\u738b~|49\/100\n|move|p1a: \u571f\u738b~|Earthquake|p2a: Tarn\n|-supereffective|p2a: Tarn\n|-damage|p2a: Tarn|0 fnt\n|faint|p2a: Tarn\n|\n|upkeep\n|\n|t:|1700024089\n|switch|p2a: Ginny|Indeedee-F, F, shiny|82\/100 brn\n|-damage|p2a: Ginny|70\/100 brn|[from] Stealth Rock\n|-fieldstart|move: Psychic Terrain|[from] ability: Psychic Surge|[of] p2a: Ginny\n|turn|26\n|\n|t:|1700024103\n|switch|p2a: Kaido|Haxorus, M, shiny|100\/100\n|-damage|p2a: Kaido|88\/100|[from] Stealth Rock\n|-ability|p2a: Kaido|Mold Breaker\n|switch|p1a: \u52fe\u54e5|Sableye-Mega, F|77\/100\n|\n|upkeep\n|turn|27\n|\n|t:|1700024116\n|move|p2a: Kaido|Scale Shot|p1a: \u52fe\u54e5\n|-damage|p1a: \u52fe\u54e5|65\/100\n|-damage|p1a: \u52fe\u54e5|53\/100\n|-damage|p1a: \u52fe\u54e5|42\/100\n|-damage|p1a: \u52fe\u54e5|30\/100\n|-damage|p1a: \u52fe\u54e5|19\/100\n|-hitcount|p1a: \u52fe\u54e5|5\n|-unboost|p2a: Kaido|def|1\n|-boost|p2a: Kaido|spe|1\n|move|p1a: \u52fe\u54e5|Knock Off|p2a: Kaido\n|-damage|p2a: Kaido|33\/100\n|-enditem|p2a: Kaido|Loaded Dice|[from] move: Knock Off|[of] p1a: \u52fe\u54e5\n|\n|upkeep\n|turn|28\n|\n|t:|1700024130\n|switch|p1a: Toxapex|Toxapex, M, shiny|100\/100\n|move|p2a: Kaido|Scale Shot|p1a: Toxapex\n|-damage|p1a: Toxapex|89\/100\n|-damage|p1a: Toxapex|76\/100\n|-damage|p1a: Toxapex|64\/100\n|-hitcount|p1a: Toxapex|3\n|-unboost|p2a: Kaido|def|1\n|-boost|p2a: Kaido|spe|1\n|\n|upkeep\n|turn|29\n|\n|t:|1700024140\n|-terastallize|p1a: Toxapex|Fairy\n|move|p2a: Kaido|Earthquake|p1a: Toxapex\n|-damage|p1a: Toxapex|30\/100\n|move|p1a: Toxapex|Toxic|p2a: Kaido\n|-status|p2a: Kaido|tox\n|\n|-damage|p2a: Kaido|26\/100 tox|[from] psn\n|upkeep\n|turn|30\n|\n|t:|1700024147\n|switch|p1a: Gliscor|Gliscor, M|100\/100 par\n|move|p2a: Kaido|Dragon Dance|p2a: Kaido\n|-boost|p2a: Kaido|atk|1\n|-boost|p2a: Kaido|spe|1\n|\n|-damage|p2a: Kaido|14\/100 tox|[from] psn\n|-fieldend|move: Psychic Terrain\n|upkeep\n|turn|31\n|\n|t:|1700024153\n|move|p1a: Gliscor|Protect|p1a: Gliscor\n|-singleturn|p1a: Gliscor|Protect\n|move|p2a: Kaido|Scale Shot|p1a: Gliscor\n|-activate|p1a: Gliscor|move: Protect\n|\n|-damage|p2a: Kaido|0 fnt|[from] psn\n|faint|p2a: Kaido\n|upkeep\n|\n|t:|1700024158\n|switch|p2a: Zunesha|Great Tusk, shiny|98\/100\n|-damage|p2a: Zunesha|95\/100|[from] Stealth Rock\n|turn|32\n|\n|t:|1700024165\n|switch|p1a: Ting-Lu|Ting-Lu|100\/100\n|-ability|p1a: Ting-Lu|Vessel of Ruin\n|move|p2a: Zunesha|Ice Spinner|p1a: Ting-Lu\n|-supereffective|p1a: Ting-Lu\n|-damage|p1a: Ting-Lu|77\/100\n|\n|-heal|p1a: Ting-Lu|83\/100|[from] item: Leftovers\n|upkeep\n|turn|33\n|\n|t:|1700024176\n|switch|p1a: \u52fe\u54e5|Sableye-Mega, F|19\/100\n|move|p2a: Zunesha|Rapid Spin|p1a: \u52fe\u54e5\n|-immune|p1a: \u52fe\u54e5\n|\n|upkeep\n|turn|34\n|\n|t:|1700024185\n|move|p1a: \u52fe\u54e5|Protect|p1a: \u52fe\u54e5\n|-singleturn|p1a: \u52fe\u54e5|Protect\n|move|p2a: Zunesha|Stomping Tantrum|p1a: \u52fe\u54e5\n|-activate|p1a: \u52fe\u54e5|move: Protect\n|\n|upkeep\n|turn|35\n|\n|t:|1700024194\n|switch|p1a: Gliscor|Gliscor, M|100\/100 par\n|move|p2a: Zunesha|Ice Spinner|p1a: Gliscor\n|-supereffective|p1a: Gliscor\n|-damage|p1a: Gliscor|29\/100 par\n|\n|upkeep\n|turn|36\n|\n|t:|1700024205\n|switch|p1a: Garganacl|Garganacl, M|100\/100\n|move|p2a: Zunesha|Ice Spinner|p1a: Garganacl\n|-damage|p1a: Garganacl|81\/100\n|\n|-heal|p1a: Garganacl|87\/100|[from] item: Leftovers\n|upkeep\n|turn|37\n|\n|t:|1700024211\n|move|p2a: Zunesha|Stomping Tantrum|p1a: Garganacl\n|-supereffective|p1a: Garganacl\n|-damage|p1a: Garganacl|36\/100\n|move|p1a: Garganacl|Salt Cure|p2a: Zunesha\n|-resisted|p2a: Zunesha\n|-damage|p2a: Zunesha|92\/100\n|-start|p2a: Zunesha|Salt Cure\n|\n|-heal|p1a: Garganacl|42\/100|[from] item: Leftovers\n|-damage|p2a: Zunesha|80\/100|[from] Salt Cure\n|upkeep\n|turn|38\n|\n|t:|1700024215\n|move|p1a: Garganacl|Protect|p1a: Garganacl\n|-singleturn|p1a: Garganacl|Protect\n|move|p2a: Zunesha|Ice Spinner|p1a: Garganacl\n|-activate|p1a: Garganacl|move: Protect\n|\n|-heal|p1a: Garganacl|49\/100|[from] item: Leftovers\n|-damage|p2a: Zunesha|68\/100|[from] Salt Cure\n|upkeep\n|turn|39\n|\n|t:|1700024222\n|move|p2a: Zunesha|Stomping Tantrum|p1a: Garganacl\n|-supereffective|p1a: Garganacl\n|-damage|p1a: Garganacl|0 fnt\n|faint|p1a: Garganacl\n|\n|-damage|p2a: Zunesha|55\/100|[from] Salt Cure\n|upkeep\n|\n|t:|1700024227\n|switch|p1a: Toxapex|Toxapex, M, shiny, tera:Fairy|63\/100\n|turn|40\n|\n|t:|1700024233\n|move|p2a: Zunesha|Rapid Spin|p1a: Toxapex\n|-damage|p1a: Toxapex|48\/100\n|-boost|p2a: Zunesha|spe|1\n|-sideend|p2: Dragontamerty9|Stealth Rock|[from] move: Rapid Spin|[of] p2a: Zunesha\n|move|p1a: Toxapex|Toxic|p2a: Zunesha\n|-status|p2a: Zunesha|tox\n|\n|-damage|p2a: Zunesha|49\/100 tox|[from] psn\n|-damage|p2a: Zunesha|37\/100 tox|[from] Salt Cure\n|upkeep\n|turn|41\n|\n|t:|1700024240\n|switch|p1a: \u571f\u738b~|Clodsire, F|49\/100\n|move|p2a: Zunesha|Stomping Tantrum|p1a: \u571f\u738b~\n|-supereffective|p1a: \u571f\u738b~\n|-damage|p1a: \u571f\u738b~|0 fnt\n|faint|p1a: \u571f\u738b~\n|\n|-damage|p2a: Zunesha|25\/100 tox|[from] psn\n|-damage|p2a: Zunesha|12\/100 tox|[from] Salt Cure\n|upkeep\n|\n|t:|1700024263\n|switch|p1a: Ting-Lu|Ting-Lu|83\/100\n|-ability|p1a: Ting-Lu|Vessel of Ruin\n|turn|42\n|\n|t:|1700024272\n|move|p2a: Zunesha|Close Combat|p1a: Ting-Lu\n|-supereffective|p1a: Ting-Lu\n|-damage|p1a: Ting-Lu|30\/100\n|-unboost|p2a: Zunesha|def|1\n|-unboost|p2a: Zunesha|spd|1\n|move|p1a: Ting-Lu|Whirlwind|p2a: Zunesha\n|-end|p2a: Zunesha|Protosynthesis|[silent]\n|drag|p2a: Ginny|Indeedee-F, F, shiny|70\/100 brn\n|-fieldstart|move: Psychic Terrain|[from] ability: Psychic Surge|[of] p2a: Ginny\n|\n|-heal|p1a: Ting-Lu|36\/100|[from] item: Leftovers\n|-damage|p2a: Ginny|63\/100 brn|[from] brn\n|upkeep\n|turn|43\n|\n|t:|1700024285\n|move|p1a: Ting-Lu|Protect|p1a: Ting-Lu\n|-singleturn|p1a: Ting-Lu|Protect\n|move|p2a: Ginny|Mystical Fire|p1a: Ting-Lu\n|-activate|p1a: Ting-Lu|move: Protect\n|\n|-heal|p1a: Ting-Lu|42\/100|[from] item: Leftovers\n|-damage|p2a: Ginny|57\/100 brn|[from] brn\n|upkeep\n|turn|44\n|\n|t:|1700024291\n|switch|p2a: Joker|Grimmsnarl, M, shiny|59\/100 brn\n|move|p1a: Ting-Lu|Stealth Rock|p2a: Joker\n|-sidestart|p2: Dragontamerty9|move: Stealth Rock\n|\n|-heal|p1a: Ting-Lu|48\/100|[from] item: Leftovers\n|-damage|p2a: Joker|53\/100 brn|[from] brn\n|upkeep\n|turn|45\n|\n|t:|1700024303\n|move|p2a: Joker|Spirit Break|p1a: Ting-Lu\n|-supereffective|p1a: Ting-Lu\n|-damage|p1a: Ting-Lu|35\/100\n|-unboost|p1a: Ting-Lu|spa|1\n|move|p1a: Ting-Lu|Whirlwind|p2a: Joker\n|drag|p2a: Ginny|Indeedee-F, F, shiny|57\/100 brn\n|-damage|p2a: Ginny|45\/100 brn|[from] Stealth Rock\n|\n|-heal|p1a: Ting-Lu|41\/100|[from] item: Leftovers\n|-damage|p2a: Ginny|39\/100 brn|[from] brn\n|upkeep\n|turn|46\n|\n|t:|1700024314\n|move|p2a: Ginny|Hyper Voice|p1a: Ting-Lu\n|-damage|p1a: Ting-Lu|21\/100\n|move|p1a: Ting-Lu|Ruination|p2a: Ginny\n|-damage|p2a: Ginny|20\/100 brn\n|\n|-heal|p1a: Ting-Lu|27\/100|[from] item: Leftovers\n|-damage|p2a: Ginny|14\/100 brn|[from] brn\n|-fieldend|move: Psychic Terrain\n|upkeep\n|turn|47\n|\n|t:|1700024322\n|switch|p2a: Joker|Grimmsnarl, M, shiny|53\/100 brn\n|-damage|p2a: Joker|41\/100 brn|[from] Stealth Rock\n|move|p1a: Ting-Lu|Protect||[still]\n|-fail|p1a: Ting-Lu\n|\n|-heal|p1a: Ting-Lu|33\/100|[from] item: Leftovers\n|-damage|p2a: Joker|35\/100 brn|[from] brn\n|upkeep\n|turn|48\n|\n|t:|1700024328\n|move|p2a: Joker|Spirit Break|p1a: Ting-Lu\n|-supereffective|p1a: Ting-Lu\n|-damage|p1a: Ting-Lu|21\/100\n|-unboost|p1a: Ting-Lu|spa|1\n|move|p1a: Ting-Lu|Whirlwind|p2a: Joker\n|drag|p2a: Zunesha|Great Tusk, shiny|12\/100 tox\n|-damage|p2a: Zunesha|9\/100 tox|[from] Stealth Rock\n|\n|-heal|p1a: Ting-Lu|27\/100|[from] item: Leftovers\n|-damage|p2a: Zunesha|3\/100 tox|[from] psn\n|upkeep\n|turn|49\n|\n|t:|1700024337\n|move|p1a: Ting-Lu|Protect|p1a: Ting-Lu\n|-singleturn|p1a: Ting-Lu|Protect\n|move|p2a: Zunesha|Ice Spinner|p1a: Ting-Lu\n|-activate|p1a: Ting-Lu|move: Protect\n|\n|-heal|p1a: Ting-Lu|33\/100|[from] item: Leftovers\n|-damage|p2a: Zunesha|0 fnt|[from] psn\n|faint|p2a: Zunesha\n|-end|p2a: Zunesha|Protosynthesis|[silent]\n|upkeep\n|\n|t:|1700024339\n|switch|p2a: Ginny|Indeedee-F, F, shiny|14\/100 brn\n|-damage|p2a: Ginny|1\/100 brn|[from] Stealth Rock\n|-fieldstart|move: Psychic Terrain|[from] ability: Psychic Surge|[of] p2a: Ginny\n|turn|50\n|\n|t:|1700024346\n|move|p2a: Ginny|Hyper Voice|p1a: Ting-Lu\n|-damage|p1a: Ting-Lu|12\/100\n|move|p1a: Ting-Lu|Whirlwind|p2a: Ginny\n|drag|p2a: Joker|Grimmsnarl, M, shiny|35\/100 brn\n|-damage|p2a: Joker|23\/100 brn|[from] Stealth Rock\n|\n|-heal|p1a: Ting-Lu|18\/100|[from] item: Leftovers\n|-damage|p2a: Joker|16\/100 brn|[from] brn\n|upkeep\n|turn|51\n|\n|t:|1700024349\n|move|p1a: Ting-Lu|Protect|p1a: Ting-Lu\n|-singleturn|p1a: Ting-Lu|Protect\n|move|p2a: Joker|Spirit Break|p1a: Ting-Lu\n|-activate|p1a: Ting-Lu|move: Protect\n|\n|-heal|p1a: Ting-Lu|24\/100|[from] item: Leftovers\n|-damage|p2a: Joker|10\/100 brn|[from] brn\n|upkeep\n|turn|52\n|\n|t:|1700024355\n|move|p2a: Joker|Spirit Break|p1a: Ting-Lu\n|-supereffective|p1a: Ting-Lu\n|-damage|p1a: Ting-Lu|12\/100\n|-unboost|p1a: Ting-Lu|spa|1\n|move|p1a: Ting-Lu|Whirlwind|p2a: Joker\n|drag|p2a: Ginny|Indeedee-F, F, shiny|1\/100 brn\n|-damage|p2a: Ginny|0 fnt|[from] Stealth Rock\n|faint|p2a: Ginny\n|\n|-heal|p1a: Ting-Lu|18\/100|[from] item: Leftovers\n|upkeep\n|\n|t:|1700024360\n|switch|p2a: Joker|Grimmsnarl, M, shiny|10\/100 brn\n|-damage|p2a: Joker|0 fnt|[from] Stealth Rock\n|faint|p2a: Joker\n|\n|win|ogerponice\n|raw|ogerponice's rating: 1394 &rarr; <strong>1416<\/strong><br \/>(+22 for winning)\n|raw|Dragontamerty9's rating: 1422 &rarr; <strong>1400<\/strong><br \/>(-22 for losing)\n","uploadtime":1700024365,"views":4,"p1id":"ogerponice","p2id":"dragontamerty9","formatid":"gen9nationaldex","rating":1400,"private":0,"password":""}