{"id":"gen9nationaldex-1990787222","p1":"Octavioth3second","p2":"GHollow","format":"[Gen 9] National Dex","log":"|j|\u2606Octavioth3second\n|j|\u2606GHollow\n|t:|1700000807\n|gametype|singles\n|player|p1|Octavioth3second|scientistf|1233\n|player|p2|GHollow|shadowtriad|1224\n|teamsize|p1|6\n|teamsize|p2|6\n|gen|9\n|tier|[Gen 9] National Dex\n|rated|\n|rule|HP Percentage Mod: HP is shown in percentages\n|rule|Endless Battle Clause: Forcing endless battles is banned\n|rule|OHKO Clause: OHKO moves are banned\n|rule|Evasion Clause: Evasion abilities, items, and moves are banned\n|rule|Evasion Abilities Clause: Evasion abilities are banned\n|rule|Evasion Items Clause: Evasion items are banned\n|rule|Evasion Moves Clause: Evasion moves are banned\n|rule|Species Clause: Limit one of each Pok\u00e9mon\n|rule|Sleep Clause Mod: Limit one foe put to sleep\n|clearpoke\n|poke|p1|Tyranitar, F|\n|poke|p1|Volcarona, M|\n|poke|p1|Hydreigon, F|\n|poke|p1|Nidoking, M|\n|poke|p1|Heracross, F|\n|poke|p1|Iron Thorns|\n|poke|p2|Pelipper, F|\n|poke|p2|Gyarados, M|\n|poke|p2|Araquanid, M|\n|poke|p2|Kingdra, M|\n|poke|p2|Garchomp, F|\n|poke|p2|Samurott-Hisui, F|\n|teampreview\n|inactive|Battle timer is ON: inactive players will automatically lose when time's up. (requested by Octavioth3second)\n|\n|t:|1700000819\n|start\n|switch|p1a: MechaGodzilla|Iron Thorns|100\/100\n|switch|p2a: Araquanid|Araquanid, M|100\/100\n|-enditem|p1a: MechaGodzilla|Booster Energy\n|-activate|p1a: MechaGodzilla|ability: Quark Drive|[fromitem]\n|-start|p1a: MechaGodzilla|quarkdrivedef\n|turn|1\n|\n|t:|1700000828\n|move|p1a: MechaGodzilla|Taunt|p2a: Araquanid\n|-start|p2a: Araquanid|move: Taunt\n|cant|p2a: Araquanid|move: Taunt|Sticky Web\n|\n|upkeep\n|turn|2\n|\n|t:|1700000834\n|move|p1a: MechaGodzilla|Stealth Rock|p2a: Araquanid\n|-sidestart|p2: GHollow|move: Stealth Rock\n|-zpower|p2a: Araquanid\n|move|p2a: Araquanid|Hydro Vortex|p1a: MechaGodzilla|[zeffect]\n|-supereffective|p1a: MechaGodzilla\n|-crit|p1a: MechaGodzilla\n|-damage|p1a: MechaGodzilla|0 fnt\n|faint|p1a: MechaGodzilla\n|-end|p1a: MechaGodzilla|Quark Drive|[silent]\n|\n|upkeep\n|\n|t:|1700000846\n|switch|p1a: Megalon|Heracross, F|100\/100\n|turn|3\n|\n|t:|1700000851\n|move|p1a: Megalon|Trailblaze|p2a: Araquanid\n|-damage|p2a: Araquanid|75\/100\n|-boost|p1a: Megalon|spe|1\n|-damage|p1a: Megalon|91\/100|[from] item: Life Orb\n|move|p2a: Araquanid|Liquidation|p1a: Megalon\n|-damage|p1a: Megalon|0 fnt\n|faint|p1a: Megalon\n|\n|-end|p2a: Araquanid|move: Taunt\n|upkeep\n|\n|t:|1700000865\n|switch|p1a: King Ghidorah|Hydreigon, F|100\/100\n|turn|4\n|\n|t:|1700000870\n|move|p1a: King Ghidorah|Nasty Plot|p1a: King Ghidorah\n|-boost|p1a: King Ghidorah|spa|2\n|move|p2a: Araquanid|Leech Life|p1a: King Ghidorah\n|-supereffective|p1a: King Ghidorah\n|-damage|p1a: King Ghidorah|30\/100\n|-heal|p2a: Araquanid|100\/100|[from] drain|[of] p1a: King Ghidorah\n|\n|-heal|p1a: King Ghidorah|36\/100|[from] item: Leftovers\n|upkeep\n|turn|5\n|\n|t:|1700000893\n|move|p1a: King Ghidorah|Dragon Pulse|p2a: Araquanid\n|-damage|p2a: Araquanid|31\/100\n|move|p2a: Araquanid|Leech Life|p1a: King Ghidorah\n|-supereffective|p1a: King Ghidorah\n|-damage|p1a: King Ghidorah|0 fnt\n|-heal|p2a: Araquanid|49\/100|[from] drain|[of] p1a: King Ghidorah\n|faint|p1a: King Ghidorah\n|\n|upkeep\n|inactive|Octavioth3second has 120 seconds left.\n|\n|t:|1700000909\n|switch|p1a: Baragon|Nidoking, M|100\/100\n|turn|6\n|\n|t:|1700000913\n|move|p1a: Baragon|Poison Jab|p2a: Araquanid\n|-damage|p2a: Araquanid|0 fnt\n|faint|p2a: Araquanid\n|\n|upkeep\n|\n|t:|1700000919\n|switch|p2a: Pelipper|Pelipper, F|100\/100\n|-damage|p2a: Pelipper|76\/100|[from] Stealth Rock\n|-weather|RainDance|[from] ability: Drizzle|[of] p2a: Pelipper\n|turn|7\n|\n|t:|1700000933\n|-terastallize|p1a: Baragon|Normal\n|move|p1a: Baragon|Body Slam|p2a: Pelipper\n|-damage|p2a: Pelipper|31\/100\n|move|p2a: Pelipper|Scald|p1a: Baragon\n|-damage|p1a: Baragon|47\/100\n|\n|-weather|RainDance|[upkeep]\n|upkeep\n|turn|8\n|\n|t:|1700000945\n|move|p1a: Baragon|Body Slam|p2a: Pelipper\n|-damage|p2a: Pelipper|0 fnt\n|faint|p2a: Pelipper\n|\n|-weather|RainDance|[upkeep]\n|upkeep\n|\n|t:|1700000950\n|switch|p2a: Kingdra|Kingdra, M|100\/100\n|-damage|p2a: Kingdra|88\/100|[from] Stealth Rock\n|turn|9\n|\n|t:|1700000957\n|move|p2a: Kingdra|Waterfall|p1a: Baragon\n|-damage|p1a: Baragon|0 fnt\n|faint|p1a: Baragon\n|-damage|p2a: Kingdra|78\/100|[from] item: Life Orb\n|\n|-weather|RainDance|[upkeep]\n|upkeep\n|\n|t:|1700000964\n|switch|p1a: Godzilla|Tyranitar, F|100\/100\n|-weather|Sandstorm|[from] ability: Sand Stream|[of] p1a: Godzilla\n|turn|10\n|\n|t:|1700000969\n|move|p2a: Kingdra|Dragon Dance|p2a: Kingdra\n|-boost|p2a: Kingdra|atk|1\n|-boost|p2a: Kingdra|spe|1\n|move|p1a: Godzilla|Outrage|p2a: Kingdra\n|-supereffective|p2a: Kingdra\n|-damage|p2a: Kingdra|0 fnt\n|faint|p2a: Kingdra\n|\n|-weather|Sandstorm|[upkeep]\n|upkeep\n|\n|t:|1700000983\n|switch|p2a: Gyarados|Gyarados, M, shiny|100\/100\n|-damage|p2a: Gyarados|76\/100|[from] Stealth Rock\n|-ability|p2a: Gyarados|Intimidate|boost\n|-unboost|p1a: Godzilla|atk|1\n|turn|11\n|\n|t:|1700000993\n|detailschange|p2a: Gyarados|Gyarados-Mega, M, shiny\n|-mega|p2a: Gyarados|Gyarados|Gyaradosite\n|-ability|p2a: Gyarados|Mold Breaker\n|move|p2a: Gyarados|Waterfall|p1a: Godzilla\n|-supereffective|p1a: Godzilla\n|-damage|p1a: Godzilla|23\/100\n|move|p1a: Godzilla|Outrage|p2a: Gyarados|[from]lockedmove\n|-damage|p2a: Gyarados|44\/100\n|\n|-weather|Sandstorm|[upkeep]\n|-damage|p2a: Gyarados|38\/100|[from] Sandstorm\n|upkeep\n|turn|12\n|\n|t:|1700001006\n|move|p2a: Gyarados|Waterfall|p1a: Godzilla\n|-supereffective|p1a: Godzilla\n|-damage|p1a: Godzilla|0 fnt\n|faint|p1a: Godzilla\n|\n|-weather|Sandstorm|[upkeep]\n|-damage|p2a: Gyarados|32\/100|[from] Sandstorm\n|upkeep\n|\n|t:|1700001013\n|switch|p1a: Mothra|Volcarona, M|100\/100\n|turn|13\n|\n|t:|1700001019\n|move|p2a: Gyarados|Waterfall|p1a: Mothra\n|-supereffective|p1a: Mothra\n|-damage|p1a: Mothra|7\/100\n|-status|p2a: Gyarados|brn|[from] ability: Flame Body|[of] p1a: Mothra\n|move|p1a: Mothra|Giga Drain|p2a: Gyarados\n|-supereffective|p2a: Gyarados\n|-damage|p2a: Gyarados|0 fnt\n|-heal|p1a: Mothra|21\/100|[from] drain|[of] p2a: Gyarados\n|faint|p2a: Gyarados\n|\n|-weather|Sandstorm|[upkeep]\n|-damage|p1a: Mothra|14\/100|[from] Sandstorm\n|upkeep\n|\n|t:|1700001032\n|switch|p2a: Garchomp|Garchomp, F|100\/100\n|-damage|p2a: Garchomp|94\/100|[from] Stealth Rock\n|turn|14\n|\n|t:|1700001039\n|-terastallize|p2a: Garchomp|Water\n|move|p2a: Garchomp|Liquidation|p1a: Mothra\n|-supereffective|p1a: Mothra\n|-crit|p1a: Mothra\n|-damage|p1a: Mothra|0 fnt\n|faint|p1a: Mothra\n|\n|win|GHollow\n|raw|Octavioth3second's rating: 1233 &rarr; <strong>1207<\/strong><br \/>(-26 for losing)\n|raw|GHollow's rating: 1224 &rarr; <strong>1250<\/strong><br \/>(+26 for winning)\n|l|\u2606Octavioth3second\n","uploadtime":1700001052,"views":12,"p1id":"octavioth3second","p2id":"ghollow","formatid":"gen9nationaldex","rating":1207,"private":0,"password":""}