{"id":"gen9nationaldex-1989492677","p1":"Assault Lady","p2":"DarkMysticFireFox","format":"[Gen 9] National Dex","log":"|j|\u2606Assault Lady\n|j|\u203dDarkMysticFireFox\n|t:|1699859845\n|gametype|singles\n|player|p1|Assault Lady|klara|1053\n|player|p2|DarkMysticFireFox|2|1000\n|teamsize|p1|6\n|teamsize|p2|6\n|gen|9\n|tier|[Gen 9] National Dex\n|rated|\n|rule|HP Percentage Mod: HP is shown in percentages\n|rule|Endless Battle Clause: Forcing endless battles is banned\n|rule|OHKO Clause: OHKO moves are banned\n|rule|Evasion Clause: Evasion abilities, items, and moves are banned\n|rule|Evasion Abilities Clause: Evasion abilities are banned\n|rule|Evasion Items Clause: Evasion items are banned\n|rule|Evasion Moves Clause: Evasion moves are banned\n|rule|Species Clause: Limit one of each Pok\u00e9mon\n|rule|Sleep Clause Mod: Limit one foe put to sleep\n|clearpoke\n|poke|p1|Pikachu, F|\n|poke|p1|Venusaur, F|\n|poke|p1|Charizard, F|\n|poke|p1|Blastoise, F|\n|poke|p1|Espeon, F|\n|poke|p1|Snorlax, F|\n|poke|p2|Ninetales, F|\n|poke|p2|Steelix, F|\n|poke|p2|Milotic, F|\n|poke|p2|Torterra, F|\n|poke|p2|Hydreigon, F|\n|poke|p2|Sylveon, F|\n|teampreview\n|inactive|Battle timer is ON: inactive players will automatically lose when time's up. (requested by Assault Lady)\n|inactive|Assault Lady has 120 seconds left.\n|\n|t:|1699859880\n|start\n|switch|p1a: Lust|Pikachu, F|100\/100\n|switch|p2a: Ninetales|Ninetales, F, shiny|100\/100\n|-weather|SunnyDay|[from] ability: Drought|[of] p2a: Ninetales\n|turn|1\n|\n|t:|1699859898\n|-terastallize|p1a: Lust|Normal\n|move|p1a: Lust|Fake Out|p2a: Ninetales\n|-damage|p2a: Ninetales|68\/100\n|cant|p2a: Ninetales|flinch\n|\n|-weather|SunnyDay|[upkeep]\n|upkeep\n|turn|2\n|\n|t:|1699859906\n|move|p2a: Ninetales|Overheat|p1a: Lust\n|-damage|p1a: Lust|0 fnt\n|-unboost|p2a: Ninetales|spa|2\n|-enditem|p2a: Ninetales|Eject Pack\n|faint|p1a: Lust\n|\n|t:|1699859923\n|switch|p2a: Milotic|Milotic, F|100\/100\n|\n|-weather|SunnyDay|[upkeep]\n|upkeep\n|inactive|Assault Lady has 120 seconds left.\n|inactive|Assault Lady has 90 seconds left.\n|\n|t:|1699859996\n|switch|p1a: Greed|Venusaur, F|100\/100\n|turn|3\n|\n|t:|1699860005\n|move|p1a: Greed|Giga Drain|p2a: Milotic\n|-supereffective|p2a: Milotic\n|-damage|p2a: Milotic|20\/100\n|-damage|p1a: Greed|91\/100|[from] item: Life Orb\n|move|p2a: Milotic|Hypnosis|p1a: Greed|[miss]\n|-miss|p2a: Milotic|p1a: Greed\n|-enditem|p2a: Milotic|Blunder Policy\n|-boost|p2a: Milotic|spe|2\n|\n|-weather|SunnyDay|[upkeep]\n|upkeep\n|turn|4\n|inactive|Assault Lady has 90 seconds left.\n|\n|t:|1699860017\n|move|p2a: Milotic|Weather Ball|p1a: Greed\n|-supereffective|p1a: Greed\n|-damage|p1a: Greed|0 fnt\n|faint|p1a: Greed\n|\n|-weather|SunnyDay|[upkeep]\n|upkeep\n|inactive|Assault Lady has 90 seconds left.\n|\n|t:|1699860048\n|switch|p1a: Sloth|Snorlax, F|100\/100\n|turn|5\n|\n|t:|1699860052\n|switch|p1a: Envy|Espeon, F|100\/100\n|move|p2a: Milotic|Recover|p2a: Milotic\n|-heal|p2a: Milotic|71\/100\n|\n|-weather|none\n|upkeep\n|turn|6\n|\n|t:|1699860061\n|switch|p2a: Hydreigon|Hydreigon, F, shiny|100\/100\n|move|p1a: Envy|Psyshock|p2a: Hydreigon\n|-immune|p2a: Hydreigon\n|\n|upkeep\n|turn|7\n|\n|t:|1699860072\n|switch|p1a: Sloth|Snorlax, F|100\/100\n|move|p2a: Hydreigon|Tailwind|p2a: Hydreigon\n|-sidestart|p2: DarkMysticFireFox|move: Tailwind\n|\n|upkeep\n|turn|8\n|\n|t:|1699860077\n|move|p2a: Hydreigon|Focus Energy|p2a: Hydreigon\n|-start|p2a: Hydreigon|move: Focus Energy\n|move|p1a: Sloth|Curse|p1a: Sloth\n|-unboost|p1a: Sloth|spe|1\n|-boost|p1a: Sloth|atk|1\n|-boost|p1a: Sloth|def|1\n|\n|upkeep\n|turn|9\n|\n|t:|1699860084\n|move|p2a: Hydreigon|Dark Pulse|p1a: Sloth\n|-crit|p1a: Sloth\n|-damage|p1a: Sloth|67\/100\n|move|p1a: Sloth|Frustration|p2a: Hydreigon\n|-damage|p2a: Hydreigon|37\/100\n|\n|-heal|p1a: Sloth|73\/100|[from] item: Leftovers\n|upkeep\n|turn|10\n|\n|t:|1699860093\n|move|p2a: Hydreigon|Draco Meteor|p1a: Sloth\n|-crit|p1a: Sloth\n|-damage|p1a: Sloth|15\/100\n|-unboost|p2a: Hydreigon|spa|2\n|move|p1a: Sloth|Frustration|p2a: Hydreigon\n|-damage|p2a: Hydreigon|0 fnt\n|faint|p2a: Hydreigon\n|\n|-heal|p1a: Sloth|21\/100|[from] item: Leftovers\n|-sideend|p2: DarkMysticFireFox|move: Tailwind\n|upkeep\n|\n|t:|1699860112\n|switch|p2a: Sylveon|Sylveon, F, shiny|100\/100\n|turn|11\n|\n|t:|1699860116\n|move|p2a: Sylveon|Hyper Voice|p1a: Sloth\n|-damage|p1a: Sloth|0 fnt\n|faint|p1a: Sloth\n|-damage|p2a: Sylveon|91\/100|[from] item: Life Orb\n|\n|upkeep\n|inactive|Assault Lady has 120 seconds left.\n|\n|t:|1699860123\n|switch|p1a: Wrath|Charizard, F|100\/100\n|turn|12\n|\n|t:|1699860127\n|move|p1a: Wrath|Fire Blast|p2a: Sylveon\n|-damage|p2a: Sylveon|49\/100\n|move|p2a: Sylveon|Yawn|p1a: Wrath\n|-start|p1a: Wrath|move: Yawn|[of] p2a: Sylveon\n|\n|upkeep\n|turn|13\n|\n|t:|1699860151\n|switch|p1a: Pride|Blastoise, F|100\/100\n|switch|p2a: Steelix|Steelix, F|100\/100\n|\n|upkeep\n|turn|14\n|\n|t:|1699860159\n|move|p1a: Pride|Scald|p2a: Steelix\n|-supereffective|p2a: Steelix\n|-damage|p2a: Steelix|30\/100\n|-enditem|p2a: Steelix|Weakness Policy\n|-boost|p2a: Steelix|atk|2|[from] item: Weakness Policy\n|-boost|p2a: Steelix|spa|2|[from] item: Weakness Policy\n|move|p2a: Steelix|Rock Polish|p2a: Steelix\n|-boost|p2a: Steelix|spe|2\n|\n|upkeep\n|turn|15\n|\n|t:|1699860171\n|-terastallize|p2a: Steelix|Steel\n|move|p2a: Steelix|Heavy Slam|p1a: Pride\n|-resisted|p1a: Pride\n|-damage|p1a: Pride|67\/100\n|move|p1a: Pride|Scald|p2a: Steelix\n|-damage|p2a: Steelix|0 fnt\n|faint|p2a: Steelix\n|\n|-heal|p1a: Pride|73\/100|[from] item: Leftovers\n|upkeep\n|\n|t:|1699860181\n|switch|p2a: Torterra|Torterra, F|100\/100\n|turn|16\n|\n|t:|1699860185\n|move|p2a: Torterra|Wood Hammer|p1a: Pride\n|-supereffective|p1a: Pride\n|-damage|p1a: Pride|13\/100\n|-damage|p2a: Torterra|82\/100|[from] Recoil\n|move|p1a: Pride|Roar|p2a: Torterra\n|drag|p2a: Milotic|Milotic, F|71\/100\n|\n|-heal|p1a: Pride|19\/100|[from] item: Leftovers\n|upkeep\n|turn|17\n|\n|t:|1699860200\n|switch|p2a: Sylveon|Sylveon, F, shiny|49\/100\n|switch|p1a: Envy|Espeon, F|100\/100\n|\n|upkeep\n|turn|18\n|\n|t:|1699860208\n|move|p1a: Envy|Psyshock|p2a: Sylveon\n|-damage|p2a: Sylveon|0 fnt\n|faint|p2a: Sylveon\n|\n|upkeep\n|\n|t:|1699860214\n|switch|p2a: Ninetales|Ninetales, F, shiny|68\/100\n|-weather|SunnyDay|[from] ability: Drought|[of] p2a: Ninetales\n|turn|19\n|\n|t:|1699860220\n|move|p1a: Envy|Psyshock|p2a: Ninetales\n|-damage|p2a: Ninetales|0 fnt\n|faint|p2a: Ninetales\n|\n|-weather|SunnyDay|[upkeep]\n|upkeep\n|\n|t:|1699860227\n|switch|p2a: Torterra|Torterra, F|82\/100\n|turn|20\n|\n|t:|1699860232\n|move|p1a: Envy|Psyshock|p2a: Torterra\n|-damage|p2a: Torterra|43\/100\n|move|p2a: Torterra|Wood Hammer|p1a: Envy\n|-damage|p1a: Envy|12\/100\n|-damage|p2a: Torterra|23\/100|[from] Recoil\n|\n|-weather|SunnyDay|[upkeep]\n|-heal|p2a: Torterra|29\/100|[from] item: Leftovers\n|upkeep\n|turn|21\n|\n|t:|1699860241\n|move|p1a: Envy|Psyshock|p2a: Torterra\n|-damage|p2a: Torterra|0 fnt\n|faint|p2a: Torterra\n|\n|-weather|SunnyDay|[upkeep]\n|upkeep\n|\n|t:|1699860246\n|switch|p2a: Milotic|Milotic, F|71\/100\n|turn|22\n|\n|t:|1699860249\n|move|p1a: Envy|Psyshock|p2a: Milotic\n|-damage|p2a: Milotic|0 fnt\n|faint|p2a: Milotic\n|\n|win|Assault Lady\n|raw|Assault Lady's rating: 1053 &rarr; <strong>1080<\/strong><br \/>(+27 for winning)\n|raw|DarkMysticFireFox's rating: 1000 &rarr; <strong>1000<\/strong><br \/>(+0 for losing)\n","uploadtime":1699860263,"views":4,"p1id":"assaultlady","p2id":"darkmysticfirefox","formatid":"gen9nationaldex","rating":1000,"private":0,"password":""}