{"id":"gen9nationaldex-1990881165","p1":"exodiatheforsaken","p2":"Rosemary Tea","format":"[Gen 9] National Dex","log":"|j|\u2606exodiatheforsaken\n|j|\u2606Rosemary Tea\n|t:|1700010857\n|gametype|singles\n|player|p1|exodiatheforsaken|teamrocket|1077\n|player|p2|Rosemary Tea|volkner|1000\n|teamsize|p1|6\n|teamsize|p2|6\n|gen|9\n|tier|[Gen 9] National Dex\n|rated|\n|rule|HP Percentage Mod: HP is shown in percentages\n|rule|Endless Battle Clause: Forcing endless battles is banned\n|rule|OHKO Clause: OHKO moves are banned\n|rule|Evasion Clause: Evasion abilities, items, and moves are banned\n|rule|Evasion Abilities Clause: Evasion abilities are banned\n|rule|Evasion Items Clause: Evasion items are banned\n|rule|Evasion Moves Clause: Evasion moves are banned\n|rule|Species Clause: Limit one of each Pok\u00e9mon\n|rule|Sleep Clause Mod: Limit one foe put to sleep\n|clearpoke\n|poke|p1|Tauros-Paldea-Aqua, M|\n|poke|p1|Weavile, F|\n|poke|p1|Butterfree, M|\n|poke|p1|Blastoise, F|\n|poke|p1|Qwilfish-Hisui, F|\n|poke|p1|Rotom-Wash|\n|poke|p2|Ampharos, M|\n|poke|p2|Hatterene, F|\n|poke|p2|Carracosta, M|\n|poke|p2|Toxapex, F|\n|poke|p2|Swampert, F|\n|poke|p2|Ferrothorn, F|\n|teampreview\n|\n|t:|1700010874\n|start\n|switch|p1a: Prickle|Qwilfish-Hisui, F|100\/100\n|switch|p2a: Toxapex|Toxapex, F|100\/100\n|-ability|p1a: Prickle|Intimidate|boost\n|-unboost|p2a: Toxapex|atk|1\n|turn|1\n|\n|t:|1700010887\n|move|p1a: Prickle|Taunt|p2a: Toxapex\n|-start|p2a: Toxapex|move: Taunt\n|cant|p2a: Toxapex|move: Taunt|Toxic Spikes\n|\n|upkeep\n|turn|2\n|\n|t:|1700010892\n|move|p1a: Prickle|Spikes|p2a: Toxapex\n|-sidestart|p2: Rosemary Tea|Spikes\n|move|p2a: Toxapex|Acid Spray|p1a: Prickle\n|-resisted|p1a: Prickle\n|-crit|p1a: Prickle\n|-damage|p1a: Prickle|94\/100\n|-unboost|p1a: Prickle|spd|2\n|\n|upkeep\n|turn|3\n|\n|t:|1700010901\n|move|p1a: Prickle|Spikes|p2a: Toxapex\n|-sidestart|p2: Rosemary Tea|Spikes\n|move|p2a: Toxapex|Acid Spray|p1a: Prickle\n|-resisted|p1a: Prickle\n|-damage|p1a: Prickle|84\/100\n|-unboost|p1a: Prickle|spd|2\n|\n|-end|p2a: Toxapex|move: Taunt\n|upkeep\n|turn|4\n|\n|t:|1700010909\n|move|p1a: Prickle|Taunt|p2a: Toxapex\n|-start|p2a: Toxapex|move: Taunt\n|move|p2a: Toxapex|Acid Spray|p1a: Prickle\n|-resisted|p1a: Prickle\n|-damage|p1a: Prickle|70\/100\n|-unboost|p1a: Prickle|spd|2\n|\n|upkeep\n|turn|5\n|\n|t:|1700010918\n|move|p1a: Prickle|Spikes|p2a: Toxapex\n|-sidestart|p2: Rosemary Tea|Spikes\n|move|p2a: Toxapex|Acid Spray|p1a: Prickle\n|-resisted|p1a: Prickle\n|-damage|p1a: Prickle|52\/100\n|\n|upkeep\n|turn|6\n|\n|t:|1700010927\n|switch|p1a: Swoosh|Butterfree, M|100\/100\n|move|p2a: Toxapex|Acid Spray|p1a: Swoosh\n|-damage|p1a: Swoosh|86\/100\n|-unboost|p1a: Swoosh|spd|2\n|\n|-end|p2a: Toxapex|move: Taunt\n|upkeep\n|turn|7\n|\n|t:|1700010940\n|move|p1a: Swoosh|Sleep Powder|p2a: Toxapex\n|-status|p2a: Toxapex|slp|[from] move: Sleep Powder\n|cant|p2a: Toxapex|slp\n|\n|upkeep\n|turn|8\n|\n|t:|1700010948\n|-terastallize|p1a: Swoosh|Flying\n|move|p1a: Swoosh|Quiver Dance|p1a: Swoosh\n|-boost|p1a: Swoosh|spa|1\n|-boost|p1a: Swoosh|spd|1\n|-boost|p1a: Swoosh|spe|1\n|-curestatus|p2a: Toxapex|slp|[msg]\n|move|p2a: Toxapex|Toxic Spikes|p1a: Swoosh\n|-sidestart|p1: exodiatheforsaken|move: Toxic Spikes\n|\n|upkeep\n|turn|9\n|\n|t:|1700010961\n|move|p1a: Swoosh|Sleep Powder|p2a: Toxapex\n|-status|p2a: Toxapex|slp|[from] move: Sleep Powder\n|cant|p2a: Toxapex|slp\n|\n|upkeep\n|turn|10\n|\n|t:|1700010970\n|move|p1a: Swoosh|Quiver Dance|p1a: Swoosh\n|-boost|p1a: Swoosh|spa|1\n|-boost|p1a: Swoosh|spd|1\n|-boost|p1a: Swoosh|spe|1\n|-curestatus|p2a: Toxapex|slp|[msg]\n|move|p2a: Toxapex|Acid Spray|p1a: Swoosh\n|-damage|p1a: Swoosh|73\/100\n|-unboost|p1a: Swoosh|spd|2\n|\n|upkeep\n|turn|11\n|\n|t:|1700010982\n|move|p2a: Toxapex|Baneful Bunker|p2a: Toxapex\n|-singleturn|p2a: Toxapex|move: Protect\n|move|p1a: Swoosh|Quiver Dance|p1a: Swoosh\n|-boost|p1a: Swoosh|spa|1\n|-boost|p1a: Swoosh|spd|1\n|-boost|p1a: Swoosh|spe|1\n|\n|upkeep\n|turn|12\n|\n|t:|1700010990\n|move|p1a: Swoosh|Sleep Powder|p2a: Toxapex\n|-status|p2a: Toxapex|slp|[from] move: Sleep Powder\n|cant|p2a: Toxapex|slp\n|\n|upkeep\n|turn|13\n|\n|t:|1700010997\n|move|p1a: Swoosh|Quiver Dance|p1a: Swoosh\n|-boost|p1a: Swoosh|spa|1\n|-boost|p1a: Swoosh|spd|1\n|-boost|p1a: Swoosh|spe|1\n|-curestatus|p2a: Toxapex|slp|[msg]\n|move|p2a: Toxapex|Acid Spray|p1a: Swoosh\n|-damage|p1a: Swoosh|59\/100\n|-unboost|p1a: Swoosh|spd|2\n|\n|upkeep\n|turn|14\n|\n|t:|1700011011\n|move|p1a: Swoosh|Quiver Dance|p1a: Swoosh\n|-boost|p1a: Swoosh|spa|1\n|-boost|p1a: Swoosh|spd|1\n|-boost|p1a: Swoosh|spe|1\n|move|p2a: Toxapex|Acid Spray|p1a: Swoosh\n|-damage|p1a: Swoosh|40\/100\n|-unboost|p1a: Swoosh|spd|2\n|\n|upkeep\n|turn|15\n|\n|t:|1700011020\n|move|p1a: Swoosh|Sleep Powder|p2a: Toxapex\n|-status|p2a: Toxapex|slp|[from] move: Sleep Powder\n|cant|p2a: Toxapex|slp\n|\n|upkeep\n|turn|16\n|\n|t:|1700011026\n|move|p1a: Swoosh|Hurricane|p2a: Toxapex\n|-damage|p2a: Toxapex|0 fnt\n|faint|p2a: Toxapex\n|\n|upkeep\n|\n|t:|1700011034\n|switch|p2a: Ferrothorn|Ferrothorn, F|100\/100\n|-damage|p2a: Ferrothorn|76\/100|[from] Spikes\n|turn|17\n|\n|t:|1700011047\n|move|p1a: Swoosh|Hurricane|p2a: Ferrothorn\n|-damage|p2a: Ferrothorn|0 fnt\n|faint|p2a: Ferrothorn\n|\n|upkeep\n|\n|t:|1700011058\n|switch|p2a: Carracosta|Carracosta, M|100\/100\n|-damage|p2a: Carracosta|76\/100|[from] Spikes\n|turn|18\n|\n|t:|1700011069\n|move|p1a: Swoosh|Bug Buzz|p2a: Carracosta\n|-damage|p2a: Carracosta|0 fnt\n|faint|p2a: Carracosta\n|\n|upkeep\n|\n|t:|1700011073\n|switch|p2a: Hatterene|Hatterene, F|100\/100\n|-damage|p2a: Hatterene|76\/100|[from] Spikes\n|turn|19\n|\n|t:|1700011082\n|move|p2a: Hatterene|Protect|p2a: Hatterene\n|-singleturn|p2a: Hatterene|Protect\n|move|p1a: Swoosh|Hurricane|p2a: Hatterene\n|-activate|p2a: Hatterene|move: Protect\n|\n|-heal|p2a: Hatterene|82\/100|[from] item: Leftovers\n|upkeep\n|turn|20\n|\n|t:|1700011092\n|move|p1a: Swoosh|Hurricane|p2a: Hatterene\n|-damage|p2a: Hatterene|0 fnt\n|faint|p2a: Hatterene\n|\n|upkeep\n|\n|t:|1700011096\n|switch|p2a: Ampharos|Ampharos, M|100\/100\n|-damage|p2a: Ampharos|76\/100|[from] Spikes\n|turn|21\n|\n|t:|1700011105\n|move|p1a: Swoosh|Sleep Powder|p2a: Ampharos\n|-status|p2a: Ampharos|slp|[from] move: Sleep Powder\n|cant|p2a: Ampharos|slp\n|\n|upkeep\n|turn|22\n|\n|t:|1700011113\n|move|p1a: Swoosh|Bug Buzz|p2a: Ampharos\n|-damage|p2a: Ampharos|0 fnt\n|faint|p2a: Ampharos\n|\n|upkeep\n|\n|t:|1700011117\n|switch|p2a: Swampert|Swampert, F|100\/100\n|-damage|p2a: Swampert|76\/100|[from] Spikes\n|turn|23\n|\n|t:|1700011122\n|move|p1a: Swoosh|Sleep Powder|p2a: Swampert\n|-status|p2a: Swampert|slp|[from] move: Sleep Powder\n|cant|p2a: Swampert|slp\n|\n|upkeep\n|turn|24\n|\n|t:|1700011128\n|move|p1a: Swoosh|Hurricane|p2a: Swampert|[miss]\n|-miss|p1a: Swoosh|p2a: Swampert\n|-curestatus|p2a: Swampert|slp|[msg]\n|move|p2a: Swampert|Darkest Lariat|p1a: Swoosh\n|-damage|p1a: Swoosh|0 fnt\n|faint|p1a: Swoosh\n|\n|upkeep\n|\n|t:|1700011139\n|switch|p1a: Throckmorton|Tauros-Paldea-Aqua, M|100\/100\n|-status|p1a: Throckmorton|psn\n|-ability|p1a: Throckmorton|Intimidate|boost\n|-unboost|p2a: Swampert|atk|1\n|turn|25\n|\n|t:|1700011146\n|detailschange|p2a: Swampert|Swampert-Mega, F\n|-mega|p2a: Swampert|Swampert|Swampertite\n|move|p1a: Throckmorton|Trailblaze|p2a: Swampert\n|-supereffective|p2a: Swampert\n|-damage|p2a: Swampert|20\/100\n|-boost|p1a: Throckmorton|spe|1\n|move|p2a: Swampert|Rain Dance|p2a: Swampert\n|-weather|RainDance\n|\n|-weather|RainDance|[upkeep]\n|-damage|p1a: Throckmorton|88\/100 psn|[from] psn\n|upkeep\n|turn|26\n|\n|t:|1700011158\n|move|p1a: Throckmorton|Trailblaze|p2a: Swampert\n|-supereffective|p2a: Swampert\n|-damage|p2a: Swampert|0 fnt\n|-boost|p1a: Throckmorton|spe|1\n|faint|p2a: Swampert\n|\n|win|exodiatheforsaken\n|raw|exodiatheforsaken's rating: 1077 &rarr; <strong>1099<\/strong><br \/>(+22 for winning)\n|raw|Rosemary Tea's rating: 1000 &rarr; <strong>1000<\/strong><br \/>(+0 for losing)\n|c|\u2606exodiatheforsaken|gg\n|l|\u2606Rosemary Tea\n","uploadtime":1700011178,"views":15,"p1id":"exodiatheforsaken","p2id":"rosemarytea","formatid":"gen9nationaldex","rating":1000,"private":0,"password":""}