{"id":"gen9nationaldex-1989278486","p1":"85792195wwww","p2":"moniika","format":"[Gen 9] National Dex","log":"|j|\u260685792195wwww\n|j|\u2606moniika\n|t:|1699831121\n|gametype|singles\n|player|p1|85792195wwww|mira|1570\n|player|p2|moniika|hexmaniac-gen6|1456\n|teamsize|p1|6\n|teamsize|p2|6\n|gen|9\n|tier|[Gen 9] National Dex\n|rated|\n|rule|HP Percentage Mod: HP is shown in percentages\n|rule|Endless Battle Clause: Forcing endless battles is banned\n|rule|OHKO Clause: OHKO moves are banned\n|rule|Evasion Clause: Evasion abilities, items, and moves are banned\n|rule|Evasion Abilities Clause: Evasion abilities are banned\n|rule|Evasion Items Clause: Evasion items are banned\n|rule|Evasion Moves Clause: Evasion moves are banned\n|rule|Species Clause: Limit one of each Pok\u00e9mon\n|rule|Sleep Clause Mod: Limit one foe put to sleep\n|clearpoke\n|poke|p1|Garchomp, M|\n|poke|p1|Medicham, F|\n|poke|p1|Tapu Lele|\n|poke|p1|Hoopa-Unbound|\n|poke|p1|Aegislash, M|\n|poke|p1|Ursaluna, F|\n|poke|p2|Mawile, F|\n|poke|p2|Blacephalon|\n|poke|p2|Sinistcha-Masterpiece|\n|poke|p2|Dracozolt|\n|poke|p2|Landorus-Therian, M|\n|poke|p2|Tyranitar, M|\n|teampreview\n|inactive|Battle timer is ON: inactive players will automatically lose when time's up. (requested by moniika)\n|inactive|moniika has 120 seconds left.\n|\n|t:|1699831155\n|start\n|switch|p1a: Medicham|Medicham, F|100\/100\n|switch|p2a: Pomni|Blacephalon, shiny|100\/100\n|turn|1\n|\n|t:|1699831166\n|switch|p1a: Hoopa|Hoopa-Unbound|100\/100\n|move|p2a: Pomni|Shadow Ball|p1a: Hoopa\n|-damage|p1a: Hoopa|60\/100\n|-unboost|p1a: Hoopa|spd|1\n|\n|upkeep\n|turn|2\n|\n|t:|1699831182\n|switch|p1a: Ursaluna|Ursaluna, F|100\/100\n|move|p2a: Pomni|Shadow Ball|p1a: Ursaluna\n|-immune|p1a: Ursaluna\n|\n|-status|p1a: Ursaluna|brn|[from] item: Flame Orb\n|upkeep\n|turn|3\n|\n|t:|1699831191\n|switch|p2a: el gato|Landorus-Therian, M, shiny|100\/100\n|-ability|p2a: el gato|Intimidate|boost\n|-unboost|p1a: Ursaluna|atk|1\n|move|p1a: Ursaluna|Facade|p2a: el gato\n|-damage|p2a: el gato|35\/100\n|-damage|p1a: Ursaluna|84\/100 brn|[from] item: Rocky Helmet|[of] p2a: el gato\n|\n|-damage|p1a: Ursaluna|78\/100 brn|[from] brn\n|upkeep\n|turn|4\n|\n|t:|1699831211\n|switch|p1a: Garchomp|Garchomp, M|100\/100\n|move|p2a: el gato|U-turn|p1a: Garchomp\n|-damage|p1a: Garchomp|77\/100\n|-damage|p2a: el gato|22\/100|[from] ability: Rough Skin|[of] p1a: Garchomp\n|inactive|moniika has 120 seconds left.\n|\n|t:|1699831240\n|switch|p2a: Sinistcha|Sinistcha-Masterpiece, shiny|100\/100|[from] U-turn\n|\n|upkeep\n|turn|5\n|inactive|moniika has 120 seconds left.\n|\n|t:|1699831249\n|switch|p2a: el gato|Landorus-Therian, M, shiny|22\/100\n|-ability|p2a: el gato|Intimidate|boost\n|-unboost|p1a: Garchomp|atk|1\n|move|p1a: Garchomp|Stealth Rock|p2a: el gato\n|-sidestart|p2: moniika|move: Stealth Rock\n|\n|upkeep\n|turn|6\n|\n|t:|1699831258\n|-zpower|p1a: Garchomp\n|move|p1a: Garchomp|Devastating Drake|p2a: el gato|[zeffect]\n|-damage|p2a: el gato|0 fnt\n|faint|p2a: el gato\n|\n|upkeep\n|\n|t:|1699831266\n|switch|p2a: Sinistcha|Sinistcha-Masterpiece, shiny|100\/100\n|-damage|p2a: Sinistcha|88\/100|[from] Stealth Rock\n|turn|7\n|\n|t:|1699831275\n|switch|p1a: Hoopa|Hoopa-Unbound|60\/100\n|move|p2a: Sinistcha|Calm Mind|p2a: Sinistcha\n|-boost|p2a: Sinistcha|spa|1\n|-boost|p2a: Sinistcha|spd|1\n|\n|-heal|p2a: Sinistcha|94\/100|[from] item: Leftovers\n|upkeep\n|turn|8\n|\n|t:|1699831293\n|switch|p2a: Tyranitar|Tyranitar, M, shiny|100\/100\n|-damage|p2a: Tyranitar|88\/100|[from] Stealth Rock\n|-weather|Sandstorm|[from] ability: Sand Stream|[of] p2a: Tyranitar\n|move|p1a: Hoopa|Trick|p2a: Tyranitar\n|-activate|p1a: Hoopa|move: Trick|[of] p2a: Tyranitar\n|-item|p2a: Tyranitar|Choice Band|[from] move: Trick\n|-item|p1a: Hoopa|Assault Vest|[from] move: Trick\n|\n|-weather|Sandstorm|[upkeep]\n|-damage|p1a: Hoopa|54\/100|[from] Sandstorm\n|upkeep\n|turn|9\n|inactive|moniika has 120 seconds left.\n|\n|t:|1699831310\n|move|p1a: Hoopa|Drain Punch|p2a: Tyranitar\n|-supereffective|p2a: Tyranitar\n|-damage|p2a: Tyranitar|0 fnt\n|-heal|p1a: Hoopa|100\/100|[from] drain|[of] p2a: Tyranitar\n|faint|p2a: Tyranitar\n|\n|-weather|Sandstorm|[upkeep]\n|-damage|p1a: Hoopa|94\/100|[from] Sandstorm\n|upkeep\n|inactive|moniika has 120 seconds left.\n|\n|t:|1699831334\n|switch|p2a: Dracozolt|Dracozolt, shiny|100\/100\n|-damage|p2a: Dracozolt|88\/100|[from] Stealth Rock\n|turn|10\n|\n|t:|1699831344\n|switch|p1a: Garchomp|Garchomp, M|77\/100\n|move|p2a: Dracozolt|Bolt Beak|p1a: Garchomp\n|-immune|p1a: Garchomp\n|\n|-weather|Sandstorm|[upkeep]\n|upkeep\n|turn|11\n|\n|t:|1699831352\n|switch|p1a: Tapu Lele|Tapu Lele|100\/100\n|-fieldstart|move: Psychic Terrain|[from] ability: Psychic Surge|[of] p1a: Tapu Lele\n|move|p2a: Dracozolt|Draco Meteor|p1a: Tapu Lele\n|-immune|p1a: Tapu Lele\n|\n|-weather|Sandstorm|[upkeep]\n|-damage|p1a: Tapu Lele|94\/100|[from] Sandstorm\n|upkeep\n|turn|12\n|\n|t:|1699831367\n|switch|p1a: Hoopa|Hoopa-Unbound|94\/100\n|move|p2a: Dracozolt|Bolt Beak|p1a: Hoopa\n|-damage|p1a: Hoopa|0 fnt\n|faint|p1a: Hoopa\n|-damage|p2a: Dracozolt|78\/100|[from] item: Life Orb\n|\n|-weather|none\n|upkeep\n|\n|t:|1699831384\n|switch|p1a: Garchomp|Garchomp, M|77\/100\n|turn|13\n|\n|t:|1699831391\n|move|p1a: Garchomp|Earthquake|p2a: Dracozolt\n|-supereffective|p2a: Dracozolt\n|-crit|p2a: Dracozolt\n|-damage|p2a: Dracozolt|0 fnt\n|faint|p2a: Dracozolt\n|\n|upkeep\n|\n|t:|1699831398\n|switch|p2a: Sinistcha|Sinistcha-Masterpiece, shiny|94\/100\n|-damage|p2a: Sinistcha|82\/100|[from] Stealth Rock\n|turn|14\n|\n|t:|1699831404\n|switch|p1a: Ursaluna|Ursaluna, F|78\/100 brn\n|move|p2a: Sinistcha|Calm Mind|p2a: Sinistcha\n|-boost|p2a: Sinistcha|spa|1\n|-boost|p2a: Sinistcha|spd|1\n|\n|-heal|p2a: Sinistcha|88\/100|[from] item: Leftovers\n|-damage|p1a: Ursaluna|72\/100 brn|[from] brn\n|upkeep\n|turn|15\n|\n|t:|1699831414\n|move|p2a: Sinistcha|Strength Sap|p1a: Ursaluna\n|-unboost|p1a: Ursaluna|atk|1\n|-heal|p2a: Sinistcha|100\/100\n|move|p1a: Ursaluna|Fire Punch|p2a: Sinistcha\n|-supereffective|p2a: Sinistcha\n|-damage|p2a: Sinistcha|79\/100\n|\n|-heal|p2a: Sinistcha|85\/100|[from] item: Leftovers\n|-damage|p1a: Ursaluna|65\/100 brn|[from] brn\n|-fieldend|move: Psychic Terrain\n|upkeep\n|turn|16\n|\n|t:|1699831428\n|switch|p1a: Tapu Lele|Tapu Lele|94\/100\n|-fieldstart|move: Psychic Terrain|[from] ability: Psychic Surge|[of] p1a: Tapu Lele\n|move|p2a: Sinistcha|Calm Mind|p2a: Sinistcha\n|-boost|p2a: Sinistcha|spa|1\n|-boost|p2a: Sinistcha|spd|1\n|\n|-heal|p2a: Sinistcha|91\/100|[from] item: Leftovers\n|upkeep\n|turn|17\n|l|\u2606moniika\n|inactive|moniika disconnected and has a minute to reconnect!\n|player|p2|\n|inactive|moniika has 30 seconds to reconnect!\n|inactive|moniika has 20 seconds to reconnect!\n|j|\u2606moniika\n|inactive|moniika reconnected and has 85 seconds left.\n|player|p2|moniika|hexmaniac-gen6\n|inactive|moniika has 60 seconds left.\n|\n|t:|1699831518\n|-terastallize|p1a: Tapu Lele|Psychic\n|move|p1a: Tapu Lele|Psyshock|p2a: Sinistcha\n|-damage|p2a: Sinistcha|6\/100\n|move|p2a: Sinistcha|Shadow Ball|p1a: Tapu Lele\n|-supereffective|p1a: Tapu Lele\n|-damage|p1a: Tapu Lele|0 fnt\n|faint|p1a: Tapu Lele\n|\n|-heal|p2a: Sinistcha|12\/100|[from] item: Leftovers\n|upkeep\n|\n|t:|1699831531\n|switch|p1a: Medicham|Medicham, F|100\/100\n|turn|18\n|inactive|moniika has 60 seconds left.\n|\n|t:|1699831549\n|detailschange|p1a: Medicham|Medicham-Mega, F\n|-mega|p1a: Medicham|Medicham|Medichamite\n|move|p1a: Medicham|Ice Punch|p2a: Sinistcha\n|-supereffective|p2a: Sinistcha\n|-damage|p2a: Sinistcha|0 fnt\n|faint|p2a: Sinistcha\n|\n|upkeep\n|inactive|moniika has 60 seconds left.\n|\n|t:|1699831557\n|switch|p2a: Mawile|Mawile, F, shiny|100\/100\n|-damage|p2a: Mawile|95\/100|[from] Stealth Rock\n|-ability|p2a: Mawile|Intimidate|boost\n|-unboost|p1a: Medicham|atk|1\n|turn|19\n|\n|t:|1699831565\n|detailschange|p2a: Mawile|Mawile-Mega, F, shiny\n|-mega|p2a: Mawile|Mawile|Mawilite\n|move|p1a: Medicham|Close Combat|p2a: Mawile\n|-damage|p2a: Mawile|27\/100\n|-unboost|p1a: Medicham|def|1\n|-unboost|p1a: Medicham|spd|1\n|move|p2a: Mawile|Play Rough|p1a: Medicham\n|-supereffective|p1a: Medicham\n|-damage|p1a: Medicham|0 fnt\n|faint|p1a: Medicham\n|\n|upkeep\n|\n|t:|1699831577\n|switch|p1a: Garchomp|Garchomp, M|77\/100\n|turn|20\n|\n|t:|1699831583\n|move|p1a: Garchomp|Earthquake|p2a: Mawile\n|-supereffective|p2a: Mawile\n|-damage|p2a: Mawile|0 fnt\n|faint|p2a: Mawile\n|\n|-fieldend|move: Psychic Terrain\n|upkeep\n|\n|t:|1699831589\n|switch|p2a: Pomni|Blacephalon, shiny|100\/100\n|-damage|p2a: Pomni|76\/100|[from] Stealth Rock\n|turn|21\n|\n|t:|1699831596\n|-terastallize|p2a: Pomni|Fire\n|move|p2a: Pomni|Flamethrower|p1a: Garchomp\n|-resisted|p1a: Garchomp\n|-damage|p1a: Garchomp|38\/100\n|move|p1a: Garchomp|Outrage|p2a: Pomni\n|-damage|p2a: Pomni|0 fnt\n|faint|p2a: Pomni\n|\n|win|85792195wwww\n|raw|85792195wwww's rating: 1570 &rarr; <strong>1584<\/strong><br \/>(+14 for winning)\n|raw|moniika's rating: 1456 &rarr; <strong>1442<\/strong><br \/>(-14 for losing)\n|l|\u2606moniika\n","uploadtime":1699831609,"views":4,"p1id":"85792195wwww","p2id":"moniika","formatid":"gen9nationaldex","rating":1442,"private":0,"password":""}