{"id":"gen9nationaldex-1987512456","p1":"zeonteo","p2":"Dlovo","format":"[Gen 9] National Dex","log":"|j|\u2606zeonteo\n|j|\u2606Dlovo\n|t:|1699604403\n|gametype|singles\n|player|p1|zeonteo|pokemonranger-gen4|1204\n|player|p2|Dlovo|cyrus-masters|1190\n|teamsize|p1|6\n|teamsize|p2|6\n|gen|9\n|tier|[Gen 9] National Dex\n|rated|\n|rule|HP Percentage Mod: HP is shown in percentages\n|rule|Endless Battle Clause: Forcing endless battles is banned\n|rule|OHKO Clause: OHKO moves are banned\n|rule|Evasion Clause: Evasion abilities, items, and moves are banned\n|rule|Evasion Abilities Clause: Evasion abilities are banned\n|rule|Evasion Items Clause: Evasion items are banned\n|rule|Evasion Moves Clause: Evasion moves are banned\n|rule|Species Clause: Limit one of each Pok\u00e9mon\n|rule|Sleep Clause Mod: Limit one foe put to sleep\n|clearpoke\n|poke|p1|Torkoal, F|\n|poke|p1|Charizard, M|\n|poke|p1|Hatterene, F|\n|poke|p1|Great Tusk|\n|poke|p1|Venusaur, F|\n|poke|p1|Garganacl, M|\n|poke|p2|Urshifu-*, M|\n|poke|p2|Pelipper, F|\n|poke|p2|Swampert, F|\n|poke|p2|Greninja-*, F|\n|poke|p2|Basculegion-F, F|\n|poke|p2|Gyarados, F|\n|teampreview\n|inactive|Battle timer is ON: inactive players will automatically lose when time's up. (requested by zeonteo)\n|inactive|Dlovo has 120 seconds left.\n|inactive|Dlovo has 90 seconds left.\n|\n|t:|1699604465\n|start\n|switch|p1a: Charizard|Charizard, M|100\/100\n|switch|p2a: Greninja|Greninja, F, shiny|100\/100\n|turn|1\n|\n|t:|1699604478\n|switch|p2a: Pelipper|Pelipper, F|100\/100\n|-weather|RainDance|[from] ability: Drizzle|[of] p2a: Pelipper\n|switch|p1a: Hatterene|Hatterene, F|100\/100\n|\n|-weather|RainDance|[upkeep]\n|upkeep\n|turn|2\n|\n|t:|1699604497\n|move|p2a: Pelipper|U-turn|p1a: Hatterene\n|-damage|p1a: Hatterene|89\/100\n|\n|t:|1699604511\n|switch|p2a: Greninja|Greninja, F, shiny|100\/100|[from] U-turn\n|move|p1a: Hatterene|Trick Room|p1a: Hatterene\n|-fieldstart|move: Trick Room|[of] p1a: Hatterene\n|\n|-weather|RainDance|[upkeep]\n|-heal|p1a: Hatterene|95\/100|[from] item: Leftovers\n|upkeep\n|turn|3\n|inactive|Dlovo has 120 seconds left.\n|\n|t:|1699604555\n|move|p1a: Hatterene|Draining Kiss|p2a: Greninja\n|-supereffective|p2a: Greninja\n|-damage|p2a: Greninja|32\/100\n|-heal|p1a: Hatterene|100\/100|[from] drain|[of] p2a: Greninja\n|move|p2a: Greninja|Surf|p1a: Hatterene\n|-start|p2a: Greninja|typechange|Water|[from] ability: Protean\n|-damage|p1a: Hatterene|30\/100\n|\n|-weather|RainDance|[upkeep]\n|-heal|p1a: Hatterene|36\/100|[from] item: Leftovers\n|upkeep\n|turn|4\n|\n|t:|1699604568\n|move|p1a: Hatterene|Draining Kiss|p2a: Greninja\n|-damage|p2a: Greninja|0 fnt\n|-heal|p1a: Hatterene|58\/100|[from] drain|[of] p2a: Greninja\n|faint|p2a: Greninja\n|\n|-weather|RainDance|[upkeep]\n|-heal|p1a: Hatterene|64\/100|[from] item: Leftovers\n|upkeep\n|inactive|Dlovo has 90 seconds left.\n|\n|t:|1699604584\n|switch|p2a: Urshifu|Urshifu-Rapid-Strike, M|100\/100\n|turn|5\n|\n|t:|1699604592\n|switch|p1a: Torkoal|Torkoal, F, shiny|100\/100\n|-weather|SunnyDay|[from] ability: Drought|[of] p1a: Torkoal\n|move|p2a: Urshifu|Surging Strikes|p1a: Torkoal\n|-supereffective|p1a: Torkoal\n|-crit|p1a: Torkoal\n|-damage|p1a: Torkoal|88\/100\n|-supereffective|p1a: Torkoal\n|-crit|p1a: Torkoal\n|-damage|p1a: Torkoal|77\/100\n|-supereffective|p1a: Torkoal\n|-crit|p1a: Torkoal\n|-damage|p1a: Torkoal|66\/100\n|-hitcount|p1a: Torkoal|3\n|\n|-weather|SunnyDay|[upkeep]\n|upkeep\n|turn|6\n|\n|t:|1699604610\n|switch|p2a: Pelipper|Pelipper, F|100\/100\n|-weather|RainDance|[from] ability: Drizzle|[of] p2a: Pelipper\n|move|p1a: Torkoal|Yawn|p2a: Pelipper\n|-start|p2a: Pelipper|move: Yawn|[of] p1a: Torkoal\n|\n|-weather|RainDance|[upkeep]\n|-fieldend|move: Trick Room\n|upkeep\n|turn|7\n|\n|t:|1699604621\n|switch|p1a: Venusaur|Venusaur, F, shiny|100\/100\n|move|p2a: Pelipper|U-turn|p1a: Venusaur\n|-damage|p1a: Venusaur|88\/100\n|inactive|Dlovo has 90 seconds left.\n|\n|t:|1699604638\n|switch|p2a: Basculegion|Basculegion-F, F|100\/100|[from] U-turn\n|\n|-weather|RainDance|[upkeep]\n|upkeep\n|turn|8\n|inactive|Dlovo has 90 seconds left.\n|\n|t:|1699604649\n|move|p2a: Basculegion|Ice Beam|p1a: Venusaur\n|-supereffective|p1a: Venusaur\n|-damage|p1a: Venusaur|0 fnt\n|faint|p1a: Venusaur\n|-damage|p2a: Basculegion|91\/100|[from] item: Life Orb\n|\n|-weather|RainDance|[upkeep]\n|upkeep\n|\n|t:|1699604658\n|switch|p1a: Charizard|Charizard, M|100\/100\n|turn|9\n|\n|t:|1699604664\n|switch|p2a: Pelipper|Pelipper, F|100\/100\n|detailschange|p1a: Charizard|Charizard-Mega-Y, M\n|-mega|p1a: Charizard|Charizard|Charizardite Y\n|-weather|SunnyDay|[from] ability: Drought|[of] p1a: Charizard\n|move|p1a: Charizard|Solar Beam||[still]\n|-prepare|p1a: Charizard|Solar Beam\n|-anim|p1a: Charizard|Solar Beam|p2a: Pelipper\n|-damage|p2a: Pelipper|53\/100\n|\n|-weather|SunnyDay|[upkeep]\n|upkeep\n|turn|10\n|inactive|Dlovo has 90 seconds left.\n|\n|t:|1699604688\n|switch|p2a: Gyarados|Gyarados, F, shiny|100\/100\n|move|p1a: Charizard|Solar Beam||[still]\n|-prepare|p1a: Charizard|Solar Beam\n|-anim|p1a: Charizard|Solar Beam|p2a: Gyarados\n|-damage|p2a: Gyarados|54\/100\n|\n|-weather|SunnyDay|[upkeep]\n|upkeep\n|turn|11\n|inactive|Dlovo has 90 seconds left.\n|\n|t:|1699604706\n|move|p1a: Charizard|Air Slash|p2a: Gyarados\n|-damage|p2a: Gyarados|10\/100\n|cant|p2a: Gyarados|flinch\n|\n|-weather|SunnyDay|[upkeep]\n|upkeep\n|turn|12\n|inactive|Dlovo has 90 seconds left.\n|\n|t:|1699604721\n|move|p1a: Charizard|Solar Beam||[still]\n|-prepare|p1a: Charizard|Solar Beam\n|-anim|p1a: Charizard|Solar Beam|p2a: Gyarados\n|-damage|p2a: Gyarados|0 fnt\n|faint|p2a: Gyarados\n|\n|-weather|SunnyDay|[upkeep]\n|upkeep\n|\n|t:|1699604724\n|switch|p2a: Pelipper|Pelipper, F|53\/100\n|-weather|RainDance|[from] ability: Drizzle|[of] p2a: Pelipper\n|turn|13\n|\n|t:|1699604732\n|switch|p1a: Torkoal|Torkoal, F, shiny|66\/100\n|-weather|SunnyDay|[from] ability: Drought|[of] p1a: Torkoal\n|move|p2a: Pelipper|Scald|p1a: Torkoal\n|-supereffective|p1a: Torkoal\n|-damage|p1a: Torkoal|31\/100\n|\n|-weather|SunnyDay|[upkeep]\n|upkeep\n|turn|14\n|\n|t:|1699604748\n|switch|p1a: Hatterene|Hatterene, F|64\/100\n|move|p2a: Pelipper|Scald|p1a: Hatterene\n|-damage|p1a: Hatterene|53\/100\n|\n|-weather|SunnyDay|[upkeep]\n|-heal|p1a: Hatterene|59\/100|[from] item: Leftovers\n|upkeep\n|turn|15\n|\n|t:|1699604761\n|move|p2a: Pelipper|U-turn|p1a: Hatterene\n|-damage|p1a: Hatterene|49\/100\n|\n|t:|1699604774\n|switch|p2a: Urshifu|Urshifu-Rapid-Strike, M|100\/100|[from] U-turn\n|move|p1a: Hatterene|Trick Room|p1a: Hatterene\n|-fieldstart|move: Trick Room|[of] p1a: Hatterene\n|\n|-weather|SunnyDay|[upkeep]\n|-heal|p1a: Hatterene|55\/100|[from] item: Leftovers\n|upkeep\n|turn|16\n|\n|t:|1699604783\n|switch|p2a: Pelipper|Pelipper, F|53\/100\n|-weather|RainDance|[from] ability: Drizzle|[of] p2a: Pelipper\n|move|p1a: Hatterene|Draining Kiss|p2a: Pelipper\n|-damage|p2a: Pelipper|32\/100\n|-heal|p1a: Hatterene|72\/100|[from] drain|[of] p2a: Pelipper\n|\n|-weather|RainDance|[upkeep]\n|-heal|p1a: Hatterene|78\/100|[from] item: Leftovers\n|upkeep\n|turn|17\n|\n|t:|1699604794\n|move|p1a: Hatterene|Calm Mind|p1a: Hatterene\n|-boost|p1a: Hatterene|spa|1\n|-boost|p1a: Hatterene|spd|1\n|move|p2a: Pelipper|Scald|p1a: Hatterene\n|-damage|p1a: Hatterene|57\/100\n|\n|-weather|RainDance|[upkeep]\n|-heal|p1a: Hatterene|63\/100|[from] item: Leftovers\n|upkeep\n|turn|18\n|\n|t:|1699604810\n|move|p1a: Hatterene|Draining Kiss|p2a: Pelipper\n|-damage|p2a: Pelipper|0 fnt\n|-heal|p1a: Hatterene|87\/100|[from] drain|[of] p2a: Pelipper\n|faint|p2a: Pelipper\n|\n|-weather|RainDance|[upkeep]\n|-heal|p1a: Hatterene|93\/100|[from] item: Leftovers\n|upkeep\n|\n|t:|1699604822\n|switch|p2a: Urshifu|Urshifu-Rapid-Strike, M|100\/100\n|turn|19\n|\n|t:|1699604834\n|switch|p1a: Torkoal|Torkoal, F, shiny|31\/100\n|-weather|SunnyDay|[from] ability: Drought|[of] p1a: Torkoal\n|-terastallize|p2a: Urshifu|Water\n|move|p2a: Urshifu|Surging Strikes|p1a: Torkoal\n|-supereffective|p1a: Torkoal\n|-crit|p1a: Torkoal\n|-damage|p1a: Torkoal|16\/100\n|-supereffective|p1a: Torkoal\n|-crit|p1a: Torkoal\n|-damage|p1a: Torkoal|0 fnt\n|faint|p1a: Torkoal\n|-hitcount|p1: Torkoal|2\n|\n|-weather|SunnyDay|[upkeep]\n|-fieldend|move: Trick Room\n|upkeep\n|\n|t:|1699604848\n|switch|p1a: Garganacl|Garganacl, M|100\/100\n|turn|20\n|\n|t:|1699604858\n|switch|p2a: Swampert|Swampert, F, shiny|100\/100\n|-terastallize|p1a: Garganacl|Water\n|move|p1a: Garganacl|Curse|p1a: Garganacl\n|-unboost|p1a: Garganacl|spe|1\n|-boost|p1a: Garganacl|atk|1\n|-boost|p1a: Garganacl|def|1\n|\n|-weather|SunnyDay|[upkeep]\n|upkeep\n|turn|21\n|inactive|Dlovo has 120 seconds left.\n|\n|t:|1699604869\n|detailschange|p2a: Swampert|Swampert-Mega, F, shiny\n|-mega|p2a: Swampert|Swampert|Swampertite\n|move|p2a: Swampert|Earthquake|p1a: Garganacl\n|-damage|p1a: Garganacl|74\/100\n|move|p1a: Garganacl|Salt Cure|p2a: Swampert\n|-resisted|p2a: Swampert\n|-damage|p2a: Swampert|92\/100\n|-start|p2a: Swampert|Salt Cure\n|\n|-weather|SunnyDay|[upkeep]\n|-heal|p1a: Garganacl|80\/100|[from] item: Leftovers\n|-damage|p2a: Swampert|67\/100|[from] Salt Cure\n|upkeep\n|turn|22\n|inactive|Dlovo has 120 seconds left.\n|\n|t:|1699604883\n|move|p2a: Swampert|Earthquake|p1a: Garganacl\n|-damage|p1a: Garganacl|53\/100\n|move|p1a: Garganacl|Curse|p1a: Garganacl\n|-unboost|p1a: Garganacl|spe|1\n|-boost|p1a: Garganacl|atk|1\n|-boost|p1a: Garganacl|def|1\n|\n|-weather|SunnyDay|[upkeep]\n|-heal|p1a: Garganacl|60\/100|[from] item: Leftovers\n|-damage|p2a: Swampert|42\/100|[from] Salt Cure\n|upkeep\n|turn|23\n|inactive|Dlovo has 120 seconds left.\n|\n|t:|1699604894\n|switch|p2a: Basculegion|Basculegion-F, F|91\/100\n|move|p1a: Garganacl|Recover|p1a: Garganacl\n|-heal|p1a: Garganacl|100\/100\n|\n|-weather|SunnyDay|[upkeep]\n|upkeep\n|turn|24\n|inactive|Dlovo has 120 seconds left.\n|\n|t:|1699604903\n|move|p2a: Basculegion|Shadow Ball|p1a: Garganacl\n|-damage|p1a: Garganacl|84\/100\n|-damage|p2a: Basculegion|81\/100|[from] item: Life Orb\n|move|p1a: Garganacl|Salt Cure|p2a: Basculegion\n|-damage|p2a: Basculegion|46\/100\n|-start|p2a: Basculegion|Salt Cure\n|\n|-weather|SunnyDay|[upkeep]\n|-heal|p1a: Garganacl|90\/100|[from] item: Leftovers\n|-damage|p2a: Basculegion|21\/100|[from] Salt Cure\n|upkeep\n|turn|25\n|\n|t:|1699604915\n|switch|p2a: Swampert|Swampert-Mega, F, shiny|42\/100\n|move|p1a: Garganacl|Curse|p1a: Garganacl\n|-unboost|p1a: Garganacl|spe|1\n|-boost|p1a: Garganacl|atk|1\n|-boost|p1a: Garganacl|def|1\n|\n|-weather|SunnyDay|[upkeep]\n|-heal|p1a: Garganacl|97\/100|[from] item: Leftovers\n|upkeep\n|turn|26\n|\n|t:|1699604925\n|move|p2a: Swampert|Earthquake|p1a: Garganacl\n|-damage|p1a: Garganacl|80\/100\n|move|p1a: Garganacl|Body Press|p2a: Swampert\n|-damage|p2a: Swampert|0 fnt\n|faint|p2a: Swampert\n|\n|-weather|none\n|-heal|p1a: Garganacl|86\/100|[from] item: Leftovers\n|upkeep\n|\n|t:|1699604931\n|switch|p2a: Urshifu|Urshifu-Rapid-Strike, M, tera:Water|100\/100\n|turn|27\n|\n|t:|1699604938\n|move|p2a: Urshifu|Close Combat|p1a: Garganacl\n|-crit|p1a: Garganacl\n|-damage|p1a: Garganacl|13\/100\n|-unboost|p2a: Urshifu|def|1\n|-unboost|p2a: Urshifu|spd|1\n|move|p1a: Garganacl|Body Press|p2a: Urshifu\n|-damage|p2a: Urshifu|13\/100\n|\n|-heal|p1a: Garganacl|19\/100|[from] item: Leftovers\n|upkeep\n|turn|28\n|\n|t:|1699604950\n|switch|p2a: Basculegion|Basculegion-F, F|21\/100\n|switch|p1a: Charizard|Charizard-Mega-Y, M|100\/100\n|-weather|SunnyDay|[from] ability: Drought|[of] p1a: Charizard\n|\n|-weather|SunnyDay|[upkeep]\n|upkeep\n|turn|29\n|\n|t:|1699604967\n|move|p1a: Charizard|Solar Beam||[still]\n|-prepare|p1a: Charizard|Solar Beam\n|-anim|p1a: Charizard|Solar Beam|p2a: Basculegion\n|-supereffective|p2a: Basculegion\n|-damage|p2a: Basculegion|0 fnt\n|faint|p2a: Basculegion\n|\n|-weather|SunnyDay|[upkeep]\n|upkeep\n|\n|t:|1699604970\n|switch|p2a: Urshifu|Urshifu-Rapid-Strike, M, tera:Water|13\/100\n|turn|30\n|\n|t:|1699604976\n|move|p2a: Urshifu|Surging Strikes|p1a: Charizard\n|-supereffective|p1a: Charizard\n|-crit|p1a: Charizard\n|-damage|p1a: Charizard|61\/100\n|-supereffective|p1a: Charizard\n|-crit|p1a: Charizard\n|-damage|p1a: Charizard|24\/100\n|-supereffective|p1a: Charizard\n|-crit|p1a: Charizard\n|-damage|p1a: Charizard|0 fnt\n|faint|p1a: Charizard\n|-hitcount|p1: Charizard|3\n|\n|-weather|SunnyDay|[upkeep]\n|upkeep\n|\n|t:|1699604988\n|switch|p1a: Garganacl|Garganacl, M, tera:Water|19\/100\n|turn|31\n|\n|t:|1699604991\n|move|p2a: Urshifu|Surging Strikes|p1a: Garganacl\n|-resisted|p1a: Garganacl\n|-crit|p1a: Garganacl\n|-damage|p1a: Garganacl|14\/100\n|-resisted|p1a: Garganacl\n|-crit|p1a: Garganacl\n|-damage|p1a: Garganacl|9\/100\n|-resisted|p1a: Garganacl\n|-crit|p1a: Garganacl\n|-damage|p1a: Garganacl|5\/100\n|-hitcount|p1a: Garganacl|3\n|move|p1a: Garganacl|Salt Cure|p2a: Urshifu\n|-crit|p2a: Urshifu\n|-damage|p2a: Urshifu|0 fnt\n|faint|p2a: Urshifu\n|\n|win|zeonteo\n|raw|zeonteo's rating: 1204 &rarr; <strong>1228<\/strong><br \/>(+24 for winning)\n|raw|Dlovo's rating: 1190 &rarr; <strong>1166<\/strong><br \/>(-24 for losing)\n|l|\u2606Dlovo\n","uploadtime":1699605007,"views":11,"p1id":"zeonteo","p2id":"dlovo","formatid":"gen9nationaldex","rating":1166,"private":0,"password":""}