{"id":"gen9nationaldex-1989061002","p1":"zhiyuuuuudeso","p2":"Oomaester1234","format":"[Gen 9] National Dex","log":"|j|\u2606zhiyuuuuudeso\n|j|\u2606Oomaester1234\n|t:|1699807862\n|gametype|singles\n|player|p1|zhiyuuuuudeso|1|1279\n|player|p2|Oomaester1234|teamrocket|1346\n|teamsize|p1|6\n|teamsize|p2|6\n|gen|9\n|tier|[Gen 9] National Dex\n|rated|\n|rule|HP Percentage Mod: HP is shown in percentages\n|rule|Endless Battle Clause: Forcing endless battles is banned\n|rule|OHKO Clause: OHKO moves are banned\n|rule|Evasion Clause: Evasion abilities, items, and moves are banned\n|rule|Evasion Abilities Clause: Evasion abilities are banned\n|rule|Evasion Items Clause: Evasion items are banned\n|rule|Evasion Moves Clause: Evasion moves are banned\n|rule|Species Clause: Limit one of each Pok\u00e9mon\n|rule|Sleep Clause Mod: Limit one foe put to sleep\n|clearpoke\n|poke|p1|Greninja-*, F|\n|poke|p1|Cresselia, F|\n|poke|p1|Zamazenta-*|\n|poke|p1|Hydreigon, F|\n|poke|p1|Ferrothorn, M|\n|poke|p1|Scizor, F|\n|poke|p2|Regice|\n|poke|p2|Ninetales-Alola, M|\n|poke|p2|Charizard, M|\n|poke|p2|Landorus-Therian, M|\n|poke|p2|Rotom-Wash|\n|poke|p2|Zapdos|\n|teampreview\n|\n|t:|1699807876\n|start\n|switch|p1a: Hydreigon|Hydreigon, F|100\/100\n|switch|p2a: Charizard|Charizard, M|100\/100\n|turn|1\n|\n|t:|1699807893\n|detailschange|p2a: Charizard|Charizard-Mega-X, M\n|-mega|p2a: Charizard|Charizard|Charizardite X\n|-terastallize|p1a: Hydreigon|Dark\n|move|p1a: Hydreigon|Dark Pulse|p2a: Charizard\n|-damage|p2a: Charizard|20\/100\n|move|p2a: Charizard|Dragon Dance|p2a: Charizard\n|-boost|p2a: Charizard|atk|1\n|-boost|p2a: Charizard|spe|1\n|\n|upkeep\n|turn|2\n|\n|t:|1699807902\n|move|p2a: Charizard|Earthquake|p1a: Hydreigon\n|-immune|p1a: Hydreigon|[from] ability: Levitate\n|move|p1a: Hydreigon|Dark Pulse|p2a: Charizard\n|-damage|p2a: Charizard|0 fnt\n|faint|p2a: Charizard\n|\n|upkeep\n|c|\u2606Oomaester1234|oh damn\n|c|\u2606Oomaester1234|im ass\n|\n|t:|1699807920\n|switch|p2a: Ninetales|Ninetales-Alola, M|100\/100\n|-weather|Snow|[from] ability: Snow Warning|[of] p2a: Ninetales\n|turn|3\n|\n|t:|1699807931\n|switch|p1a: Greninja|Greninja, F|100\/100\n|move|p2a: Ninetales|Aurora Veil|p2a: Ninetales\n|-sidestart|p2: Oomaester1234|move: Aurora Veil\n|\n|-weather|Snow|[upkeep]\n|upkeep\n|turn|4\n|\n|t:|1699807942\n|move|p1a: Greninja|Water Shuriken|p2a: Ninetales\n|-start|p1a: Greninja|typechange|Water|[from] ability: Protean\n|-damage|p2a: Ninetales|96\/100\n|-damage|p2a: Ninetales|93\/100\n|-damage|p2a: Ninetales|89\/100\n|-hitcount|p2a: Ninetales|3\n|move|p2a: Ninetales|Moonblast|p1a: Greninja\n|-damage|p1a: Greninja|48\/100\n|\n|-weather|Snow|[upkeep]\n|upkeep\n|turn|5\n|\n|t:|1699807960\n|switch|p1a: Scizor|Scizor, F|100\/100\n|move|p2a: Ninetales|Freeze-Dry|p1a: Scizor\n|-resisted|p1a: Scizor\n|-damage|p1a: Scizor|88\/100\n|\n|-weather|Snow|[upkeep]\n|upkeep\n|turn|6\n|\n|t:|1699807967\n|switch|p2a: Landorus|Landorus-Therian, M|100\/100\n|-ability|p2a: Landorus|Intimidate|boost\n|-unboost|p1a: Scizor|atk|1\n|detailschange|p1a: Scizor|Scizor-Mega, F\n|-mega|p1a: Scizor|Scizor|Scizorite\n|move|p1a: Scizor|Swords Dance|p1a: Scizor\n|-boost|p1a: Scizor|atk|2\n|\n|-weather|Snow|[upkeep]\n|upkeep\n|turn|7\n|\n|t:|1699807975\n|move|p2a: Landorus|Earthquake|p1a: Scizor\n|-damage|p1a: Scizor|53\/100\n|move|p1a: Scizor|Knock Off|p2a: Landorus\n|-damage|p2a: Landorus|83\/100\n|-damage|p1a: Scizor|37\/100|[from] item: Rocky Helmet|[of] p2a: Landorus\n|-enditem|p2a: Landorus|Rocky Helmet|[from] move: Knock Off|[of] p1a: Scizor\n|\n|-weather|none\n|upkeep\n|turn|8\n|\n|t:|1699807995\n|move|p2a: Landorus|Earthquake|p1a: Scizor\n|-damage|p1a: Scizor|3\/100\n|move|p1a: Scizor|Roost|p1a: Scizor\n|-heal|p1a: Scizor|53\/100\n|-singleturn|p1a: Scizor|move: Roost\n|\n|upkeep\n|turn|9\n|\n|t:|1699808001\n|move|p2a: Landorus|U-turn|p1a: Scizor\n|-resisted|p1a: Scizor\n|-damage|p1a: Scizor|46\/100\n|\n|t:|1699808002\n|switch|p2a: Zapdos|Zapdos|100\/100|[from] U-turn\n|move|p1a: Scizor|Roost|p1a: Scizor\n|-heal|p1a: Scizor|96\/100\n|-singleturn|p1a: Scizor|move: Roost\n|\n|upkeep\n|turn|10\n|\n|t:|1699808015\n|move|p2a: Zapdos|Heat Wave|p1a: Scizor\n|-supereffective|p1a: Scizor\n|-damage|p1a: Scizor|0 fnt\n|faint|p1a: Scizor\n|\n|-sideend|p2: Oomaester1234|move: Aurora Veil\n|upkeep\n|inactive|Battle timer is ON: inactive players will automatically lose when time's up. (requested by Oomaester1234)\n|\n|t:|1699808036\n|switch|p1a: Hydreigon|Hydreigon, F, tera:Dark|100\/100\n|turn|11\n|\n|t:|1699808040\n|switch|p2a: Ninetales|Ninetales-Alola, M|89\/100\n|-weather|Snow|[from] ability: Snow Warning|[of] p2a: Ninetales\n|move|p1a: Hydreigon|Dark Pulse|p2a: Ninetales\n|-resisted|p2a: Ninetales\n|-damage|p2a: Ninetales|58\/100\n|\n|-weather|Snow|[upkeep]\n|upkeep\n|turn|12\n|\n|t:|1699808049\n|switch|p1a: Ferrothorn|Ferrothorn, M|100\/100\n|move|p2a: Ninetales|Aurora Veil|p2a: Ninetales\n|-sidestart|p2: Oomaester1234|move: Aurora Veil\n|\n|-weather|Snow|[upkeep]\n|upkeep\n|turn|13\n|\n|t:|1699808057\n|switch|p2a: Rotom|Rotom-Wash|100\/100\n|move|p1a: Ferrothorn|Iron Defense|p1a: Ferrothorn\n|-boost|p1a: Ferrothorn|def|2\n|\n|-weather|Snow|[upkeep]\n|upkeep\n|turn|14\n|\n|t:|1699808063\n|move|p2a: Rotom|Will-O-Wisp|p1a: Ferrothorn|[miss]\n|-miss|p2a: Rotom|p1a: Ferrothorn\n|move|p1a: Ferrothorn|Leech Seed|p2a: Rotom\n|-start|p2a: Rotom|move: Leech Seed\n|\n|-weather|Snow|[upkeep]\n|-damage|p2a: Rotom|88\/100|[from] Leech Seed|[of] p1a: Ferrothorn\n|upkeep\n|turn|15\n|\n|t:|1699808070\n|move|p1a: Ferrothorn|Protect|p1a: Ferrothorn\n|-singleturn|p1a: Ferrothorn|Protect\n|move|p2a: Rotom|Volt Switch|p1a: Ferrothorn\n|-activate|p1a: Ferrothorn|move: Protect\n|\n|-weather|none\n|-heal|p2a: Rotom|94\/100|[from] item: Leftovers\n|-damage|p2a: Rotom|82\/100|[from] Leech Seed|[of] p1a: Ferrothorn\n|upkeep\n|turn|16\n|\n|t:|1699808078\n|move|p2a: Rotom|Will-O-Wisp|p1a: Ferrothorn\n|-status|p1a: Ferrothorn|brn\n|move|p1a: Ferrothorn|Iron Defense|p1a: Ferrothorn\n|-boost|p1a: Ferrothorn|def|2\n|\n|-heal|p2a: Rotom|88\/100|[from] item: Leftovers\n|-damage|p2a: Rotom|76\/100|[from] Leech Seed|[of] p1a: Ferrothorn\n|-damage|p1a: Ferrothorn|94\/100 brn|[from] brn\n|upkeep\n|turn|17\n|\n|t:|1699808088\n|switch|p2a: Zapdos|Zapdos|100\/100\n|move|p1a: Ferrothorn|Body Press|p2a: Zapdos\n|-resisted|p2a: Zapdos\n|-crit|p2a: Zapdos\n|-damage|p2a: Zapdos|68\/100\n|\n|-heal|p1a: Ferrothorn|100\/100 brn|[from] item: Leftovers\n|-damage|p1a: Ferrothorn|94\/100 brn|[from] brn\n|upkeep\n|turn|18\n|\n|t:|1699808097\n|switch|p1a: Greninja|Greninja, F|48\/100\n|move|p2a: Zapdos|Heat Wave|p1a: Greninja\n|-resisted|p1a: Greninja\n|-damage|p1a: Greninja|21\/100\n|\n|upkeep\n|turn|19\n|\n|t:|1699808105\n|switch|p2a: Rotom|Rotom-Wash|76\/100\n|move|p1a: Greninja|Dark Pulse|p2a: Rotom\n|-start|p1a: Greninja|typechange|Dark|[from] ability: Protean\n|-damage|p2a: Rotom|47\/100\n|\n|-heal|p2a: Rotom|54\/100|[from] item: Leftovers\n|-sideend|p2: Oomaester1234|move: Aurora Veil\n|upkeep\n|turn|20\n|\n|t:|1699808115\n|move|p1a: Greninja|Dark Pulse|p2a: Rotom\n|-damage|p2a: Rotom|0 fnt\n|faint|p2a: Rotom\n|\n|upkeep\n|\n|t:|1699808129\n|switch|p2a: Regice|Regice|100\/100\n|turn|21\n|\n|t:|1699808133\n|move|p1a: Greninja|Dark Pulse|p2a: Regice\n|-damage|p2a: Regice|78\/100\n|cant|p2a: Regice|flinch\n|\n|-heal|p2a: Regice|84\/100|[from] item: Leftovers\n|upkeep\n|turn|22\n|\n|t:|1699808139\n|move|p1a: Greninja|Dark Pulse|p2a: Regice\n|-damage|p2a: Regice|61\/100\n|move|p2a: Regice|Rock Polish|p2a: Regice\n|-boost|p2a: Regice|spe|2\n|\n|-heal|p2a: Regice|67\/100|[from] item: Leftovers\n|upkeep\n|turn|23\n|\n|t:|1699808149\n|move|p2a: Regice|Charge Beam|p1a: Greninja\n|-crit|p1a: Greninja\n|-damage|p1a: Greninja|0 fnt\n|faint|p1a: Greninja\n|\n|-heal|p2a: Regice|73\/100|[from] item: Leftovers\n|upkeep\n|\n|t:|1699808163\n|switch|p1a: Zamazenta|Zamazenta|100\/100\n|-ability|p1a: Zamazenta|Dauntless Shield|boost\n|-boost|p1a: Zamazenta|def|1\n|turn|24\n|\n|t:|1699808168\n|-terastallize|p2a: Regice|Poison\n|move|p1a: Zamazenta|Iron Defense|p1a: Zamazenta\n|-boost|p1a: Zamazenta|def|2\n|move|p2a: Regice|Ice Beam|p1a: Zamazenta\n|-damage|p1a: Zamazenta|60\/100\n|\n|-heal|p1a: Zamazenta|67\/100|[from] item: Leftovers\n|-heal|p2a: Regice|79\/100|[from] item: Leftovers\n|upkeep\n|turn|25\n|\n|t:|1699808177\n|move|p1a: Zamazenta|Body Press|p2a: Regice\n|-resisted|p2a: Regice\n|-damage|p2a: Regice|22\/100\n|move|p2a: Regice|Ice Beam|p1a: Zamazenta\n|-damage|p1a: Zamazenta|29\/100\n|-status|p1a: Zamazenta|frz\n|\n|-heal|p1a: Zamazenta|35\/100 frz|[from] item: Leftovers\n|-heal|p2a: Regice|28\/100|[from] item: Leftovers\n|upkeep\n|turn|26\n|\n|t:|1699808192\n|switch|p1a: Hydreigon|Hydreigon, F, tera:Dark|100\/100\n|move|p2a: Regice|Ice Beam|p1a: Hydreigon\n|-damage|p1a: Hydreigon|48\/100\n|\n|-heal|p2a: Regice|34\/100|[from] item: Leftovers\n|upkeep\n|turn|27\n|\n|t:|1699808202\n|move|p1a: Hydreigon|Draco Meteor|p2a: Regice|[miss]\n|-miss|p1a: Hydreigon|p2a: Regice\n|move|p2a: Regice|Ice Beam|p1a: Hydreigon\n|-crit|p1a: Hydreigon\n|-damage|p1a: Hydreigon|0 fnt\n|faint|p1a: Hydreigon\n|\n|-heal|p2a: Regice|40\/100|[from] item: Leftovers\n|upkeep\n|\n|t:|1699808211\n|switch|p1a: Cresselia|Cresselia, F|100\/100\n|turn|28\n|\n|t:|1699808215\n|move|p2a: Regice|Charge Beam|p1a: Cresselia\n|-damage|p1a: Cresselia|89\/100\n|-boost|p2a: Regice|spa|1\n|move|p1a: Cresselia|Lunar Dance|p1a: Cresselia\n|faint|p1a: Cresselia\n|\n|-heal|p2a: Regice|46\/100|[from] item: Leftovers\n|upkeep\n|\n|t:|1699808217\n|switch|p1a: Zamazenta|Zamazenta|35\/100 frz\n|-heal|p1a: Zamazenta|100\/100|[from] move: Lunar Dance\n|turn|29\n|\n|t:|1699808227\n|move|p1a: Zamazenta|Iron Defense|p1a: Zamazenta\n|-boost|p1a: Zamazenta|def|2\n|move|p2a: Regice|Ice Beam|p1a: Zamazenta\n|-damage|p1a: Zamazenta|41\/100\n|\n|-heal|p1a: Zamazenta|47\/100|[from] item: Leftovers\n|-heal|p2a: Regice|52\/100|[from] item: Leftovers\n|upkeep\n|turn|30\n|\n|t:|1699808235\n|move|p1a: Zamazenta|Body Press|p2a: Regice\n|-resisted|p2a: Regice\n|-damage|p2a: Regice|11\/100\n|move|p2a: Regice|Ice Beam|p1a: Zamazenta\n|-damage|p1a: Zamazenta|0 fnt\n|faint|p1a: Zamazenta\n|\n|-heal|p2a: Regice|17\/100|[from] item: Leftovers\n|upkeep\n|-message|zhiyuuuuudeso forfeited.\n|\n|win|Oomaester1234\n|raw|zhiyuuuuudeso's rating: 1279 &rarr; <strong>1259<\/strong><br \/>(-20 for losing)\n|raw|Oomaester1234's rating: 1346 &rarr; <strong>1362<\/strong><br \/>(+16 for winning)\n|l|\u2606zhiyuuuuudeso\n","uploadtime":1699808253,"views":5,"p1id":"zhiyuuuuudeso","p2id":"oomaester1234","formatid":"gen9nationaldex","rating":1259,"private":0,"password":""}